{"id":"gen9nationaldex-1995497989","p1":"heitaok","p2":"test account dl","format":"[Gen 9] National Dex","log":"|html|<div class=\"broadcast-blue\"><strong>[Gen 9] National Dex is currently suspecting Sneasler! For information on how to participate check out the <a href=\"https:\/\/www.smogon.com\/forums\/threads\/sv-national-dex-suspect-8-just-dance.3731534\/\">suspect thread<\/a>.<\/strong><\/div>\n|j|\u2606heitaok\n|j|\u2606test account dl\n|t:|1700577252\n|gametype|singles\n|player|p1|heitaok|gentleman|1795\n|player|p2|test account dl|acetrainer|1762\n|teamsize|p1|6\n|teamsize|p2|6\n|gen|9\n|tier|[Gen 9] National Dex\n|rated|\n|rule|HP Percentage Mod: HP is shown in percentages\n|rule|Endless Battle Clause: Forcing endless battles is banned\n|rule|OHKO Clause: OHKO moves are banned\n|rule|Evasion Clause: Evasion abilities, items, and moves are banned\n|rule|Evasion Abilities Clause: Evasion abilities are banned\n|rule|Evasion Items Clause: Evasion items are banned\n|rule|Evasion Moves Clause: Evasion moves are banned\n|rule|Species Clause: Limit one of each Pok\u00e9mon\n|rule|Sleep Clause Mod: Limit one foe put to sleep\n|clearpoke\n|poke|p1|Rotom-Wash|\n|poke|p1|Greninja-*, F|\n|poke|p1|Hoopa-Unbound|\n|poke|p1|Scizor, M|\n|poke|p1|Landorus-Therian, M|\n|poke|p1|Tapu Koko|\n|poke|p2|Serperior, F|\n|poke|p2|Arcanine-Hisui, M|\n|poke|p2|Slowking, M|\n|poke|p2|Steelix, M|\n|poke|p2|Corviknight, M|\n|poke|p2|Hawlucha, F|\n|teampreview\n|inactive|Battle timer is ON: inactive players will automatically lose when time's up. (requested by heitaok)\n|\n|t:|1700577262\n|start\n|switch|p1a: Landorus|Landorus-Therian, M|100\/100\n|switch|p2a: Slowking|Slowking, M|100\/100\n|-ability|p1a: Landorus|Intimidate|boost\n|-unboost|p2a: Slowking|atk|1\n|turn|1\n|\n|t:|1700577285\n|move|p1a: Landorus|U-turn|p2a: Slowking\n|-supereffective|p2a: Slowking\n|-damage|p2a: Slowking|58\/100\n|inactive|heitaok has 120 seconds left.\n|\n|t:|1700577324\n|switch|p1a: Hoopa|Hoopa-Unbound|100\/100|[from] U-turn\n|move|p2a: Slowking|Ice Beam|p1a: Hoopa\n|-damage|p1a: Hoopa|77\/100\n|\n|upkeep\n|turn|2\n|inactive|test account dl has 120 seconds left.\n|\n|t:|1700577365\n|switch|p2a: Steelix|Steelix, M|100\/100\n|-terastallize|p1a: Hoopa|Dark\n|move|p1a: Hoopa|Hyperspace Fury|p2a: Steelix\n|-damage|p2a: Steelix|45\/100\n|-unboost|p1a: Hoopa|def|1\n|\n|upkeep\n|turn|3\n|\n|t:|1700577370\n|detailschange|p2a: Steelix|Steelix-Mega, M\n|-mega|p2a: Steelix|Steelix|Steelixite\n|move|p1a: Hoopa|Hyperspace Fury|p2a: Steelix\n|-damage|p2a: Steelix|0 fnt\n|-unboost|p1a: Hoopa|def|1\n|faint|p2a: Steelix\n|\n|upkeep\n|\n|t:|1700577374\n|switch|p2a: Arcanine|Arcanine-Hisui, M|100\/100\n|turn|4\n|\n|t:|1700577377\n|switch|p1a: Landorus|Landorus-Therian, M|100\/100\n|-ability|p1a: Landorus|Intimidate|boost\n|-unboost|p2a: Arcanine|atk|1\n|move|p2a: Arcanine|Head Smash|p1a: Landorus\n|-damage|p1a: Landorus|49\/100\n|-damage|p2a: Arcanine|84\/100|[from] item: Rocky Helmet|[of] p1a: Landorus\n|\n|upkeep\n|turn|5\n|\n|t:|1700577393\n|move|p2a: Arcanine|Head Smash|p1a: Landorus\n|-damage|p1a: Landorus|1\/100\n|-damage|p2a: Arcanine|67\/100|[from] item: Rocky Helmet|[of] p1a: Landorus\n|move|p1a: Landorus|U-turn|p2a: Arcanine\n|-resisted|p2a: Arcanine\n|-damage|p2a: Arcanine|54\/100\n|\n|t:|1700577410\n|switch|p1a: Tapu Koko|Tapu Koko|100\/100|[from] U-turn\n|-fieldstart|move: Electric Terrain|[from] ability: Electric Surge|[of] p1a: Tapu Koko\n|\n|upkeep\n|turn|6\n|\n|t:|1700577423\n|move|p1a: Tapu Koko|Volt Switch|p2a: Arcanine\n|-crit|p2a: Arcanine\n|-damage|p2a: Arcanine|0 fnt\n|faint|p2a: Arcanine\n|inactive|heitaok has 120 seconds left.\n|inactive|heitaok has 90 seconds left.\n|\n|t:|1700577492\n|switch|p1a: Greninja|Greninja, F|100\/100|[from] Volt Switch\n|\n|upkeep\n|\n|t:|1700577515\n|switch|p2a: Slowking|Slowking, M|91\/100\n|turn|7\n|inactive|heitaok has 90 seconds left.\n|\n|t:|1700577540\n|move|p1a: Greninja|U-turn|p2a: Slowking\n|-start|p1a: Greninja|typechange|Bug|[from] ability: Protean\n|-supereffective|p2a: Slowking\n|-damage|p2a: Slowking|33\/100\n|\n|t:|1700577543\n|switch|p1a: Hoopa|Hoopa-Unbound, tera:Dark|77\/100|[from] U-turn\n|move|p2a: Slowking|Scald|p1a: Hoopa\n|-damage|p1a: Hoopa|42\/100\n|\n|upkeep\n|turn|8\n|\n|t:|1700577549\n|move|p1a: Hoopa|Hyperspace Fury|p2a: Slowking\n|-supereffective|p2a: Slowking\n|-damage|p2a: Slowking|0 fnt\n|-unboost|p1a: Hoopa|def|1\n|faint|p2a: Slowking\n|\n|upkeep\n|\n|t:|1700577553\n|switch|p2a: Hawlucha|Hawlucha, F|100\/100\n|turn|9\n|\n|t:|1700577557\n|switch|p1a: Landorus|Landorus-Therian, M|1\/100\n|-ability|p1a: Landorus|Intimidate|boost\n|-unboost|p2a: Hawlucha|atk|1\n|move|p2a: Hawlucha|Swords Dance|p2a: Hawlucha\n|-boost|p2a: Hawlucha|atk|2\n|\n|-fieldend|move: Electric Terrain\n|upkeep\n|turn|10\n|\n|t:|1700577561\n|move|p2a: Hawlucha|Substitute|p2a: Hawlucha\n|-start|p2a: Hawlucha|Substitute\n|-damage|p2a: Hawlucha|76\/100\n|move|p1a: Landorus|U-turn|p2a: Hawlucha\n|-resisted|p2a: Hawlucha\n|-activate|p2a: Hawlucha|move: Substitute|[damage]\n|inactive|heitaok has 120 seconds left.\n|\n|t:|1700577567\n|switch|p1a: Scizor|Scizor, M|100\/100|[from] U-turn\n|\n|upkeep\n|turn|11\n|\n|t:|1700577573\n|switch|p1a: Landorus|Landorus-Therian, M|1\/100\n|-ability|p1a: Landorus|Intimidate|boost\n|-immune|p2a: Hawlucha\n|move|p2a: Hawlucha|Swords Dance|p2a: Hawlucha\n|-boost|p2a: Hawlucha|atk|2\n|\n|upkeep\n|turn|12\n|\n|t:|1700577578\n|move|p2a: Hawlucha|Swords Dance|p2a: Hawlucha\n|-boost|p2a: Hawlucha|atk|2\n|move|p1a: Landorus|U-turn|p2a: Hawlucha\n|-resisted|p2a: Hawlucha\n|-activate|p2a: Hawlucha|move: Substitute|[damage]\n|inactive|heitaok has 120 seconds left.\n|\n|t:|1700577605\n|switch|p1a: Scizor|Scizor, M|100\/100|[from] U-turn\n|\n|upkeep\n|turn|13\n|\n|t:|1700577611\n|switch|p1a: Landorus|Landorus-Therian, M|1\/100\n|-ability|p1a: Landorus|Intimidate|boost\n|-immune|p2a: Hawlucha\n|move|p2a: Hawlucha|Close Combat|p1a: Landorus\n|-resisted|p1a: Landorus\n|-damage|p1a: Landorus|0 fnt\n|-unboost|p2a: Hawlucha|def|1\n|-unboost|p2a: Hawlucha|spd|1\n|-damage|p2a: Hawlucha|59\/100|[from] item: Rocky Helmet|[of] p1a: Landorus\n|faint|p1a: Landorus\n|\n|upkeep\n|\n|t:|1700577621\n|switch|p1a: Tapu Koko|Tapu Koko|100\/100\n|-fieldstart|move: Electric Terrain|[from] ability: Electric Surge|[of] p1a: Tapu Koko\n|turn|14\n|\n|t:|1700577623\n|move|p1a: Tapu Koko|Volt Switch|p2a: Hawlucha\n|-supereffective|p2a: Hawlucha\n|-end|p2a: Hawlucha|Substitute\n|\n|t:|1700577626\n|switch|p1a: Hoopa|Hoopa-Unbound, tera:Dark|42\/100|[from] Volt Switch\n|move|p2a: Hawlucha|Substitute|p2a: Hawlucha\n|-start|p2a: Hawlucha|Substitute\n|-damage|p2a: Hawlucha|34\/100\n|-enditem|p2a: Hawlucha|Sitrus Berry|[eat]\n|-heal|p2a: Hawlucha|59\/100|[from] item: Sitrus Berry\n|\n|upkeep\n|turn|15\n|\n|t:|1700577628\n|move|p2a: Hawlucha|Acrobatics|p1a: Hoopa\n|-damage|p1a: Hoopa|0 fnt\n|faint|p1a: Hoopa\n|\n|upkeep\n|\n|t:|1700577632\n|switch|p1a: Tapu Koko|Tapu Koko|100\/100\n|turn|16\n|\n|t:|1700577637\n|-terastallize|p2a: Hawlucha|Flying\n|move|p2a: Hawlucha|Acrobatics|p1a: Tapu Koko\n|-resisted|p1a: Tapu Koko\n|-damage|p1a: Tapu Koko|0 fnt\n|faint|p1a: Tapu Koko\n|\n|upkeep\n|\n|t:|1700577648\n|switch|p1a: Rotom|Rotom-Wash|100\/100\n|turn|17\n|\n|t:|1700577650\n|move|p2a: Hawlucha|Close Combat|p1a: Rotom\n|-damage|p1a: Rotom|0 fnt\n|-unboost|p2a: Hawlucha|def|1\n|-unboost|p2a: Hawlucha|spd|1\n|faint|p1a: Rotom\n|\n|upkeep\n|\n|t:|1700577653\n|switch|p1a: Scizor|Scizor, M|100\/100\n|turn|18\n|\n|t:|1700577656\n|detailschange|p1a: Scizor|Scizor-Mega, M\n|-mega|p1a: Scizor|Scizor|Scizorite\n|move|p1a: Scizor|Bullet Punch|p2a: Hawlucha\n|-end|p2a: Hawlucha|Substitute\n|move|p2a: Hawlucha|Acrobatics|p1a: Scizor\n|-damage|p1a: Scizor|0 fnt\n|faint|p1a: Scizor\n|\n|-fieldend|move: Electric Terrain\n|upkeep\n|-message|heitaok forfeited.\n|\n|win|test account dl\n|raw|heitaok's rating: 1795 &rarr; <strong>1773<\/strong><br \/>(-22 for losing)\n|raw|test account dl's rating: 1762 &rarr; <strong>1784<\/strong><br \/>(+22 for winning)\n|l|\u2606heitaok\n|c|\u2606test account dl|\/log test account dl made this room public.\n","uploadtime":1700577672,"views":0,"p1id":"heitaok","p2id":"testaccountdl","formatid":"gen9nationaldex","rating":1773,"private":0,"password":""}