{"id":"gen9nationaldex-1994779099","p1":"PineAlex","p2":"TeaBooker","format":"[Gen 9] National Dex","log":"|html|<div class=\"broadcast-blue\"><strong>[Gen 9] National Dex is currently suspecting Sneasler! For information on how to participate check out the <a href=\"https:\/\/www.smogon.com\/forums\/threads\/sv-national-dex-suspect-8-just-dance.3731534\/\">suspect thread<\/a>.<\/strong><\/div>\n|j|\u2606PineAlex\n|j|\u2606TeaBooker\n|t:|1700491929\n|gametype|singles\n|player|p1|PineAlex|winona|1340\n|player|p2|TeaBooker|ash-kalos|1232\n|teamsize|p1|6\n|teamsize|p2|6\n|gen|9\n|tier|[Gen 9] National Dex\n|rated|\n|rule|HP Percentage Mod: HP is shown in percentages\n|rule|Endless Battle Clause: Forcing endless battles is banned\n|rule|OHKO Clause: OHKO moves are banned\n|rule|Evasion Clause: Evasion abilities, items, and moves are banned\n|rule|Evasion Abilities Clause: Evasion abilities are banned\n|rule|Evasion Items Clause: Evasion items are banned\n|rule|Evasion Moves Clause: Evasion moves are banned\n|rule|Species Clause: Limit one of each Pok\u00e9mon\n|rule|Sleep Clause Mod: Limit one foe put to sleep\n|clearpoke\n|poke|p1|Victini|\n|poke|p1|Samurott-Hisui, F|\n|poke|p1|Kleavor, M|\n|poke|p1|Tapu Lele|\n|poke|p1|Corviknight, M|\n|poke|p1|Garchomp, M|\n|poke|p2|Diancie|\n|poke|p2|Lopunny, F|\n|poke|p2|Alomomola, F|\n|poke|p2|Arcanine, F|\n|poke|p2|Tapu Lele|\n|poke|p2|Ursaluna, F|\n|teampreview\n|inactive|Battle timer is ON: inactive players will automatically lose when time's up. (requested by TeaBooker)\n|inactive|PineAlex has 120 seconds left.\n|\n|t:|1700491962\n|start\n|switch|p1a: Garchomp|Garchomp, M|100\/100\n|switch|p2a: Lopunny|Lopunny, F, shiny|100\/100\n|turn|1\n|\n|t:|1700491973\n|detailschange|p2a: Lopunny|Lopunny-Mega, F, shiny\n|-mega|p2a: Lopunny|Lopunny|Lopunnite\n|move|p2a: Lopunny|Fake Out|p1a: Garchomp\n|-damage|p1a: Garchomp|80\/100\n|-damage|p2a: Lopunny|88\/100|[from] ability: Rough Skin|[of] p1a: Garchomp\n|cant|p1a: Garchomp|flinch\n|\n|upkeep\n|turn|2\n|\n|t:|1700491978\n|move|p2a: Lopunny|Triple Axel|p1a: Garchomp\n|-supereffective|p1a: Garchomp\n|-damage|p1a: Garchomp|51\/100\n|-damage|p2a: Lopunny|76\/100|[from] ability: Rough Skin|[of] p1a: Garchomp\n|-supereffective|p1a: Garchomp\n|-damage|p1a: Garchomp|0 fnt\n|-damage|p2a: Lopunny|64\/100|[from] ability: Rough Skin|[of] p1a: Garchomp\n|faint|p1a: Garchomp\n|-hitcount|p1: Garchomp|2\n|\n|upkeep\n|\n|t:|1700491993\n|switch|p1a: Sungut Lele|Tapu Lele, shiny|100\/100\n|-fieldstart|move: Psychic Terrain|[from] ability: Psychic Surge|[of] p1a: Sungut Lele\n|turn|3\n|inactive|PineAlex has 120 seconds left.\n|\n|t:|1700492036\n|switch|p2a: Diancie|Diancie|100\/100\n|move|p1a: Sungut Lele|Psyshock|p2a: Diancie\n|-damage|p2a: Diancie|54\/100\n|\n|upkeep\n|turn|4\n|\n|t:|1700492047\n|move|p1a: Sungut Lele|Psyshock|p2a: Diancie\n|-damage|p2a: Diancie|4\/100\n|move|p2a: Diancie|Trick Room|p2a: Diancie\n|-fieldstart|move: Trick Room|[of] p2a: Diancie\n|\n|upkeep\n|turn|5\n|\n|t:|1700492058\n|move|p2a: Diancie|Stealth Rock|p1a: Sungut Lele\n|-sidestart|p1: PineAlex|move: Stealth Rock\n|move|p1a: Sungut Lele|Psyshock|p2a: Diancie\n|-damage|p2a: Diancie|0 fnt\n|faint|p2a: Diancie\n|\n|upkeep\n|\n|t:|1700492079\n|switch|p2a: Ursaluna|Ursaluna, F|100\/100\n|turn|6\n|inactive|PineAlex has 120 seconds left.\n|\n|t:|1700492101\n|switch|p1a: Odin|Corviknight, M, shiny|100\/100\n|-damage|p1a: Odin|88\/100|[from] Stealth Rock\n|move|p2a: Ursaluna|Facade|p1a: Odin\n|-resisted|p1a: Odin\n|-damage|p1a: Odin|72\/100\n|-damage|p2a: Ursaluna|84\/100|[from] item: Rocky Helmet|[of] p1a: Odin\n|\n|-status|p2a: Ursaluna|brn|[from] item: Flame Orb\n|upkeep\n|turn|7\n|\n|t:|1700492115\n|move|p2a: Ursaluna|Close Combat|p1a: Odin\n|-damage|p1a: Odin|21\/100\n|-unboost|p2a: Ursaluna|def|1\n|-unboost|p2a: Ursaluna|spd|1\n|-damage|p2a: Ursaluna|67\/100 brn|[from] item: Rocky Helmet|[of] p1a: Odin\n|move|p1a: Odin|Defog|p2a: Ursaluna\n|-unboost|p2a: Ursaluna|evasion|1\n|-sideend|p1: PineAlex|Stealth Rock|[from] move: Defog|[of] p1a: Odin\n|-fieldend|move: Psychic Terrain\n|\n|-damage|p2a: Ursaluna|61\/100 brn|[from] brn\n|upkeep\n|turn|8\n|\n|t:|1700492130\n|switch|p1a: Sungut Lele|Tapu Lele, shiny|100\/100\n|-fieldstart|move: Psychic Terrain|[from] ability: Psychic Surge|[of] p1a: Sungut Lele\n|move|p2a: Ursaluna|Facade|p1a: Sungut Lele\n|-damage|p1a: Sungut Lele|0 fnt\n|faint|p1a: Sungut Lele\n|\n|-damage|p2a: Ursaluna|55\/100 brn|[from] brn\n|-fieldend|move: Trick Room\n|upkeep\n|\n|t:|1700492135\n|switch|p1a: Odin|Corviknight, M, shiny|21\/100\n|turn|9\n|\n|t:|1700492146\n|move|p1a: Odin|Roost|p1a: Odin\n|-heal|p1a: Odin|71\/100\n|-singleturn|p1a: Odin|move: Roost\n|move|p2a: Ursaluna|Close Combat|p1a: Odin\n|-supereffective|p1a: Odin\n|-damage|p1a: Odin|0 fnt\n|-unboost|p2a: Ursaluna|def|1\n|-unboost|p2a: Ursaluna|spd|1\n|-damage|p2a: Ursaluna|38\/100 brn|[from] item: Rocky Helmet|[of] p1a: Odin\n|faint|p1a: Odin\n|\n|-damage|p2a: Ursaluna|32\/100 brn|[from] brn\n|upkeep\n|\n|t:|1700492160\n|switch|p1a: WAiKURO|Samurott-Hisui, F, shiny|100\/100\n|turn|10\n|\n|t:|1700492169\n|switch|p2a: Tapu Lele|Tapu Lele|100\/100\n|move|p1a: WAiKURO|Ceaseless Edge|p2a: Tapu Lele\n|-damage|p2a: Tapu Lele|20\/100\n|-sidestart|p2: TeaBooker|Spikes\n|\n|upkeep\n|turn|11\n|\n|t:|1700492184\n|move|p1a: WAiKURO|Sucker Punch|p2a: Tapu Lele\n|-activate|p2a: Tapu Lele|move: Psychic Terrain\n|-zpower|p2a: Tapu Lele\n|move|p2a: Tapu Lele|All-Out Pummeling|p1a: WAiKURO|[zeffect]\n|-supereffective|p1a: WAiKURO\n|-damage|p1a: WAiKURO|0 fnt\n|faint|p1a: WAiKURO\n|\n|upkeep\n|\n|t:|1700492190\n|switch|p1a: Vory V Zakone|Victini|100\/100\n|turn|12\n|\n|t:|1700492198\n|move|p2a: Tapu Lele|Psychic|p1a: Vory V Zakone\n|-resisted|p1a: Vory V Zakone\n|-damage|p1a: Vory V Zakone|71\/100\n|-unboost|p1a: Vory V Zakone|spd|1\n|-zpower|p1a: Vory V Zakone\n|move|p1a: Vory V Zakone|Z-Celebrate|p1a: Vory V Zakone|[anim]Celebrate\n|-boost|p1a: Vory V Zakone|atk|1|[zeffect]\n|-boost|p1a: Vory V Zakone|def|1|[zeffect]\n|-boost|p1a: Vory V Zakone|spa|1|[zeffect]\n|-boost|p1a: Vory V Zakone|spd|1|[zeffect]\n|-boost|p1a: Vory V Zakone|spe|1|[zeffect]\n|-activate|p1a: Vory V Zakone|move: Celebrate\n|\n|-fieldend|move: Psychic Terrain\n|upkeep\n|turn|13\n|\n|t:|1700492213\n|move|p1a: Vory V Zakone|Energy Ball|p2a: Tapu Lele\n|-damage|p2a: Tapu Lele|0 fnt\n|faint|p2a: Tapu Lele\n|\n|upkeep\n|\n|t:|1700492225\n|switch|p2a: Lopunny|Lopunny-Mega, F, shiny|64\/100\n|-damage|p2a: Lopunny|52\/100|[from] Spikes\n|turn|14\n|\n|t:|1700492229\n|move|p2a: Lopunny|Fake Out|p1a: Vory V Zakone\n|-damage|p1a: Vory V Zakone|57\/100\n|cant|p1a: Vory V Zakone|flinch\n|\n|upkeep\n|turn|15\n|\n|t:|1700492243\n|move|p2a: Lopunny|U-turn|p1a: Vory V Zakone\n|-damage|p1a: Vory V Zakone|40\/100\n|\n|t:|1700492246\n|switch|p2a: Ursaluna|Ursaluna, F|32\/100 brn|[from] U-turn\n|-damage|p2a: Ursaluna|19\/100 brn|[from] Spikes\n|move|p1a: Vory V Zakone|Stored Power|p2a: Ursaluna\n|-damage|p2a: Ursaluna|0 fnt\n|faint|p2a: Ursaluna\n|\n|upkeep\n|\n|t:|1700492254\n|switch|p2a: Lopunny|Lopunny-Mega, F, shiny|52\/100\n|-damage|p2a: Lopunny|40\/100|[from] Spikes\n|turn|16\n|\n|t:|1700492265\n|move|p2a: Lopunny|Fake Out|p1a: Vory V Zakone\n|-damage|p1a: Vory V Zakone|27\/100\n|cant|p1a: Vory V Zakone|flinch\n|\n|upkeep\n|turn|17\n|\n|t:|1700492271\n|move|p2a: Lopunny|Return|p1a: Vory V Zakone\n|-damage|p1a: Vory V Zakone|0 fnt\n|faint|p1a: Vory V Zakone\n|\n|upkeep\n|\n|t:|1700492275\n|switch|p1a: Kratos|Kleavor, M|100\/100\n|turn|18\n|\n|t:|1700492287\n|move|p2a: Lopunny|U-turn|p1a: Kratos\n|-damage|p1a: Kratos|67\/100\n|\n|t:|1700492290\n|switch|p2a: Alomomola|Alomomola, F|100\/100|[from] U-turn\n|-damage|p2a: Alomomola|88\/100|[from] Spikes\n|move|p1a: Kratos|Trailblaze|p2a: Alomomola\n|-supereffective|p2a: Alomomola\n|-damage|p2a: Alomomola|64\/100\n|-boost|p1a: Kratos|spe|1\n|-damage|p1a: Kratos|51\/100|[from] item: Rocky Helmet|[of] p2a: Alomomola\n|\n|upkeep\n|turn|19\n|\n|t:|1700492302\n|move|p1a: Kratos|X-Scissor|p2a: Alomomola\n|-damage|p2a: Alomomola|20\/100\n|-damage|p1a: Kratos|35\/100|[from] item: Rocky Helmet|[of] p2a: Alomomola\n|move|p2a: Alomomola|Flip Turn|p1a: Kratos\n|-supereffective|p1a: Kratos\n|-damage|p1a: Kratos|0 fnt\n|faint|p1a: Kratos\n|\n|win|TeaBooker\n|raw|PineAlex's rating: 1340 &rarr; <strong>1314<\/strong><br \/>(-26 for losing)\n|raw|TeaBooker's rating: 1232 &rarr; <strong>1265<\/strong><br \/>(+33 for winning)\n|l|\u2606PineAlex\n","uploadtime":1700492318,"views":14,"p1id":"pinealex","p2id":"teabooker","formatid":"gen9nationaldex","rating":1265,"private":0,"password":""}