{"id":"gen9nationaldex-1998701159","p1":"chhhhhd","p2":"Power Panpour","format":"[Gen 9] National Dex","log":"|html|<div class=\"broadcast-blue\"><strong>[Gen 9] National Dex is currently suspecting Sneasler! For information on how to participate check out the <a href=\"https:\/\/www.smogon.com\/forums\/threads\/sv-national-dex-suspect-8-just-dance.3731534\/\">suspect thread<\/a>.<\/strong><\/div>\n|j|\u2606chhhhhd\n|j|\u2606Power Panpour\n|t:|1700974588\n|gametype|singles\n|player|p1|chhhhhd|265|1027\n|player|p2|Power Panpour|ingo|1108\n|teamsize|p1|6\n|teamsize|p2|6\n|gen|9\n|tier|[Gen 9] National Dex\n|rated|\n|rule|HP Percentage Mod: HP is shown in percentages\n|rule|Endless Battle Clause: Forcing endless battles is banned\n|rule|OHKO Clause: OHKO moves are banned\n|rule|Evasion Clause: Evasion abilities, items, and moves are banned\n|rule|Evasion Abilities Clause: Evasion abilities are banned\n|rule|Evasion Items Clause: Evasion items are banned\n|rule|Evasion Moves Clause: Evasion moves are banned\n|rule|Species Clause: Limit one of each Pok\u00e9mon\n|rule|Sleep Clause Mod: Limit one foe put to sleep\n|clearpoke\n|poke|p1|Sceptile, M|\n|poke|p1|Greninja-*, M|\n|poke|p1|Infernape, M|\n|poke|p1|Dragonite, F|\n|poke|p1|Gengar, M|\n|poke|p1|Ambipom, F|\n|poke|p2|Garchomp, M|\n|poke|p2|Latias, F|\n|poke|p2|Celesteela|\n|poke|p2|Scizor, F|\n|poke|p2|Iron Valiant|\n|poke|p2|Victini|\n|teampreview\n|inactive|Battle timer is ON: inactive players will automatically lose when time's up. (requested by Power Panpour)\n|c|\u2606Power Panpour|Cringe\n|\n|t:|1700974602\n|start\n|switch|p1a: Infernape|Infernape, M|100\/100\n|switch|p2a: Victini|Victini|100\/100\n|turn|1\n|\n|t:|1700974615\n|switch|p1a: Greninja|Greninja, M|100\/100\n|move|p2a: Victini|Final Gambit|p1a: Greninja\n|-damage|p1a: Greninja|0 fnt\n|faint|p2a: Victini\n|faint|p1a: Greninja\n|\n|upkeep\n|\n|t:|1700974633\n|switch|p1a: Gengar|Gengar, M|100\/100\n|switch|p2a: Iron Valiant|Iron Valiant|100\/100\n|-item|p1a: Gengar|Air Balloon\n|turn|2\n|\n|t:|1700974649\n|-end|p2a: Iron Valiant|Quark Drive|[silent]\n|switch|p2a: Celesteela|Celesteela|100\/100\n|move|p1a: Gengar|Will-O-Wisp|p2a: Celesteela\n|-status|p2a: Celesteela|brn\n|\n|-damage|p2a: Celesteela|94\/100 brn|[from] brn\n|upkeep\n|turn|3\n|\n|t:|1700974671\n|move|p1a: Gengar|Shadow Ball|p2a: Celesteela\n|-damage|p2a: Celesteela|55\/100 brn\n|move|p2a: Celesteela|Autotomize|p2a: Celesteela\n|-boost|p2a: Celesteela|spe|2\n|-start|p2a: Celesteela|Autotomize\n|\n|-damage|p2a: Celesteela|49\/100 brn|[from] brn\n|upkeep\n|turn|4\n|\n|t:|1700974684\n|move|p2a: Celesteela|Meteor Beam||[still]\n|-prepare|p2a: Celesteela|Meteor Beam\n|-boost|p2a: Celesteela|spa|1\n|-enditem|p2a: Celesteela|Power Herb\n|-anim|p2a: Celesteela|Meteor Beam|p1a: Gengar\n|-damage|p1a: Gengar|4\/100\n|-start|p2a: Celesteela|Disable|Meteor Beam|[from] ability: Cursed Body|[of] p1a: Gengar\n|-enditem|p1a: Gengar|Air Balloon\n|move|p1a: Gengar|Shadow Ball|p2a: Celesteela\n|-damage|p2a: Celesteela|7\/100 brn\n|\n|-damage|p2a: Celesteela|1\/100 brn|[from] brn\n|upkeep\n|turn|5\n|inactive|chhhhhd has 120 seconds left.\n|\n|t:|1700974707\n|move|p2a: Celesteela|Flash Cannon|p1a: Gengar\n|-damage|p1a: Gengar|0 fnt\n|faint|p1a: Gengar\n|-ability|p2a: Celesteela|Beast Boost|boost\n|-boost|p2a: Celesteela|spa|1\n|\n|-damage|p2a: Celesteela|0 fnt|[from] brn\n|faint|p2a: Celesteela\n|upkeep\n|inactive|chhhhhd has 120 seconds left.\n|\n|t:|1700974725\n|switch|p1a: Dragonite|Dragonite, F|100\/100\n|switch|p2a: Garchomp|Garchomp, M|100\/100\n|turn|6\n|\n|t:|1700974741\n|-terastallize|p2a: Garchomp|Fire\n|move|p2a: Garchomp|Swords Dance|p2a: Garchomp\n|-boost|p2a: Garchomp|atk|2\n|move|p1a: Dragonite|Dragon Dance|p1a: Dragonite\n|-boost|p1a: Dragonite|atk|1\n|-boost|p1a: Dragonite|spe|1\n|\n|upkeep\n|turn|7\n|\n|t:|1700974751\n|move|p2a: Garchomp|Scale Shot|p1a: Dragonite\n|-supereffective|p1a: Dragonite\n|-enditem|p1a: Dragonite|Haban Berry|[eat]\n|-enditem|p1a: Dragonite|Haban Berry|[weaken]\n|-damage|p1a: Dragonite|88\/100\n|-supereffective|p1a: Dragonite\n|-damage|p1a: Dragonite|42\/100\n|-supereffective|p1a: Dragonite\n|-damage|p1a: Dragonite|0 fnt\n|faint|p1a: Dragonite\n|-hitcount|p1: Dragonite|3\n|-unboost|p2a: Garchomp|def|1\n|-boost|p2a: Garchomp|spe|1\n|\n|upkeep\n|inactive|chhhhhd has 90 seconds left.\n|\n|t:|1700974784\n|switch|p1a: Sceptile|Sceptile, M|100\/100\n|turn|8\n|\n|t:|1700974791\n|move|p2a: Garchomp|Fire Blast|p1a: Sceptile\n|-supereffective|p1a: Sceptile\n|-damage|p1a: Sceptile|14\/100\n|-status|p1a: Sceptile|brn\n|move|p1a: Sceptile|Leaf Blade|p2a: Garchomp\n|-resisted|p2a: Garchomp\n|-damage|p2a: Garchomp|75\/100\n|-damage|p1a: Sceptile|2\/100 brn|[from] ability: Rough Skin|[of] p2a: Garchomp\n|\n|-damage|p1a: Sceptile|0 fnt|[from] brn\n|faint|p1a: Sceptile\n|upkeep\n|\n|t:|1700974806\n|switch|p1a: Ambipom|Ambipom, F|100\/100\n|turn|9\n|c|\u2606Power Panpour|Are you new?\n|\n|t:|1700974812\n|move|p2a: Garchomp|Earthquake|p1a: Ambipom\n|-damage|p1a: Ambipom|0 fnt\n|faint|p1a: Ambipom\n|\n|upkeep\n|\n|t:|1700974820\n|switch|p1a: Infernape|Infernape, M|100\/100\n|turn|10\n|inactive|chhhhhd has 90 seconds left.\n|\n|t:|1700974828\n|move|p2a: Garchomp|Earthquake|p1a: Infernape\n|-supereffective|p1a: Infernape\n|-damage|p1a: Infernape|0 fnt\n|faint|p1a: Infernape\n|\n|win|Power Panpour\n|raw|chhhhhd's rating: 1027 &rarr; <strong>1016<\/strong><br \/>(-11 for losing)\n|raw|Power Panpour's rating: 1108 &rarr; <strong>1127<\/strong><br \/>(+19 for winning)\n|l|\u2606chhhhhd\n","uploadtime":1700974840,"views":13,"p1id":"chhhhhd","p2id":"powerpanpour","formatid":"gen9nationaldex","rating":1016,"private":0,"password":""}