{"id":"gen9nationaldex-1996296014","p1":"chz3781873","p2":"hxcrux_","format":"[Gen 9] National Dex","log":"|html|<div class=\"broadcast-blue\"><strong>[Gen 9] National Dex is currently suspecting Sneasler! For information on how to participate check out the <a href=\"https:\/\/www.smogon.com\/forums\/threads\/sv-national-dex-suspect-8-just-dance.3731534\/\">suspect thread<\/a>.<\/strong><\/div>\n|j|\u2606chz3781873\n|j|\u2606hxcrux_\n|t:|1700668546\n|gametype|singles\n|player|p1|chz3781873|norman|1266\n|player|p2|hxcrux_|265|1167\n|teamsize|p1|6\n|teamsize|p2|6\n|gen|9\n|tier|[Gen 9] National Dex\n|rated|\n|rule|HP Percentage Mod: HP is shown in percentages\n|rule|Endless Battle Clause: Forcing endless battles is banned\n|rule|OHKO Clause: OHKO moves are banned\n|rule|Evasion Clause: Evasion abilities, items, and moves are banned\n|rule|Evasion Abilities Clause: Evasion abilities are banned\n|rule|Evasion Items Clause: Evasion items are banned\n|rule|Evasion Moves Clause: Evasion moves are banned\n|rule|Species Clause: Limit one of each Pok\u00e9mon\n|rule|Sleep Clause Mod: Limit one foe put to sleep\n|clearpoke\n|poke|p1|Venusaur, F|\n|poke|p1|Torkoal, M|\n|poke|p1|Clodsire, F|\n|poke|p1|Great Tusk|\n|poke|p1|Charizard, M|\n|poke|p1|Bisharp, M|\n|poke|p2|Heatran, F|\n|poke|p2|Gliscor, M|\n|poke|p2|Salamence, M|\n|poke|p2|Blissey, F|\n|poke|p2|Weavile, M|\n|poke|p2|Uxie|\n|teampreview\n|inactive|Battle timer is ON: inactive players will automatically lose when time's up. (requested by hxcrux_)\n|\n|t:|1700668558\n|start\n|switch|p1a: Torkoal|Torkoal, M|100\/100\n|switch|p2a: Uxie|Uxie|100\/100\n|-weather|SunnyDay|[from] ability: Drought|[of] p1a: Torkoal\n|turn|1\n|\n|t:|1700668566\n|move|p2a: Uxie|Stealth Rock|p1a: Torkoal\n|-sidestart|p1: chz3781873|move: Stealth Rock\n|move|p1a: Torkoal|Toxic|p2a: Uxie\n|-status|p2a: Uxie|tox\n|\n|-weather|SunnyDay|[upkeep]\n|-damage|p2a: Uxie|94\/100 tox|[from] psn\n|upkeep\n|turn|2\n|\n|t:|1700668579\n|move|p2a: Uxie|Light Screen|p2a: Uxie\n|-sidestart|p2: hxcrux_|move: Light Screen\n|move|p1a: Torkoal|Stealth Rock|p2a: Uxie\n|-sidestart|p2: hxcrux_|move: Stealth Rock\n|\n|-weather|SunnyDay|[upkeep]\n|-damage|p2a: Uxie|82\/100 tox|[from] psn\n|upkeep\n|turn|3\n|\n|t:|1700668595\n|switch|p1a: Venusaur|Venusaur, F|100\/100\n|-damage|p1a: Venusaur|88\/100|[from] Stealth Rock\n|move|p2a: Uxie|Reflect|p2a: Uxie\n|-sidestart|p2: hxcrux_|Reflect\n|\n|-weather|SunnyDay|[upkeep]\n|-damage|p2a: Uxie|63\/100 tox|[from] psn\n|upkeep\n|turn|4\n|\n|t:|1700668606\n|switch|p2a: Heatran|Heatran, F|100\/100\n|-damage|p2a: Heatran|88\/100|[from] Stealth Rock\n|move|p1a: Venusaur|Growth|p1a: Venusaur\n|-boost|p1a: Venusaur|atk|2\n|-boost|p1a: Venusaur|spa|2\n|\n|-weather|SunnyDay|[upkeep]\n|upkeep\n|turn|5\n|\n|t:|1700668629\n|switch|p1a: Torkoal|Torkoal, M|100\/100\n|-damage|p1a: Torkoal|75\/100|[from] Stealth Rock\n|move|p2a: Heatran|Magma Storm|p1a: Torkoal\n|-resisted|p1a: Torkoal\n|-crit|p1a: Torkoal\n|-damage|p1a: Torkoal|0 fnt\n|faint|p1a: Torkoal\n|\n|-weather|SunnyDay|[upkeep]\n|upkeep\n|inactive|chz3781873 has 120 seconds left.\n|\n|t:|1700668645\n|switch|p1a: Great Tusk|Great Tusk|100\/100\n|-damage|p1a: Great Tusk|98\/100|[from] Stealth Rock\n|-activate|p1a: Great Tusk|ability: Protosynthesis\n|-start|p1a: Great Tusk|protosynthesisatk\n|turn|6\n|\n|t:|1700668659\n|switch|p2a: Uxie|Uxie|63\/100 tox\n|-damage|p2a: Uxie|51\/100 tox|[from] Stealth Rock\n|move|p1a: Great Tusk|Headlong Rush|p2a: Uxie\n|-immune|p2a: Uxie|[from] ability: Levitate\n|\n|-weather|SunnyDay|[upkeep]\n|-damage|p2a: Uxie|45\/100 tox|[from] psn\n|upkeep\n|turn|7\n|\n|t:|1700668669\n|move|p1a: Great Tusk|Rapid Spin|p2a: Uxie\n|-damage|p2a: Uxie|37\/100 tox\n|-boost|p1a: Great Tusk|spe|1\n|-sideend|p1: chz3781873|Stealth Rock|[from] move: Rapid Spin|[of] p1a: Great Tusk\n|move|p2a: Uxie|Draining Kiss|p1a: Great Tusk\n|-supereffective|p1a: Great Tusk\n|-damage|p1a: Great Tusk|68\/100\n|-heal|p2a: Uxie|65\/100 tox|[from] drain|[of] p1a: Great Tusk\n|\n|-weather|SunnyDay|[upkeep]\n|-damage|p2a: Uxie|53\/100 tox|[from] psn\n|upkeep\n|turn|8\n|inactive|chz3781873 has 120 seconds left.\n|\n|t:|1700668688\n|-end|p1a: Great Tusk|Protosynthesis|[silent]\n|switch|p1a: Charizard|Charizard, M, shiny|100\/100\n|move|p2a: Uxie|Draining Kiss|p1a: Charizard\n|-resisted|p1a: Charizard\n|-damage|p1a: Charizard|94\/100\n|-heal|p2a: Uxie|58\/100 tox|[from] drain|[of] p1a: Charizard\n|\n|-weather|none\n|-damage|p2a: Uxie|39\/100 tox|[from] psn\n|upkeep\n|turn|9\n|inactive|chz3781873 has 120 seconds left.\n|\n|t:|1700668702\n|switch|p2a: Blissey|Blissey, F|100\/100\n|-damage|p2a: Blissey|88\/100|[from] Stealth Rock\n|detailschange|p1a: Charizard|Charizard-Mega-Y, M, shiny\n|-mega|p1a: Charizard|Charizard|Charizardite Y\n|-weather|SunnyDay|[from] ability: Drought|[of] p1a: Charizard\n|move|p1a: Charizard|Weather Ball|p2a: Blissey\n|-damage|p2a: Blissey|76\/100\n|\n|-weather|SunnyDay|[upkeep]\n|-heal|p2a: Blissey|82\/100|[from] item: Leftovers\n|-sideend|p2: hxcrux_|move: Light Screen\n|upkeep\n|turn|10\n|inactive|chz3781873 has 120 seconds left.\n|\n|t:|1700668718\n|switch|p1a: Clodsire|Clodsire, F|100\/100\n|move|p2a: Blissey|Toxic|p1a: Clodsire\n|-immune|p1a: Clodsire\n|\n|-weather|SunnyDay|[upkeep]\n|-heal|p2a: Blissey|88\/100|[from] item: Leftovers\n|-sideend|p2: hxcrux_|Reflect\n|upkeep\n|turn|11\n|inactive|chz3781873 has 120 seconds left.\n|\n|t:|1700668730\n|move|p2a: Blissey|Seismic Toss|p1a: Clodsire\n|-damage|p1a: Clodsire|79\/100\n|move|p1a: Clodsire|Toxic|p2a: Blissey\n|-status|p2a: Blissey|tox\n|\n|-weather|SunnyDay|[upkeep]\n|-heal|p2a: Blissey|94\/100 tox|[from] item: Leftovers\n|-damage|p2a: Blissey|88\/100 tox|[from] psn\n|upkeep\n|turn|12\n|inactive|chz3781873 has 120 seconds left.\n|\n|t:|1700668741\n|move|p2a: Blissey|Seismic Toss|p1a: Clodsire\n|-damage|p1a: Clodsire|57\/100\n|move|p1a: Clodsire|Spikes|p2a: Blissey\n|-sidestart|p2: hxcrux_|Spikes\n|\n|-weather|SunnyDay|[upkeep]\n|-heal|p2a: Blissey|94\/100 tox|[from] item: Leftovers\n|-damage|p2a: Blissey|82\/100 tox|[from] psn\n|upkeep\n|turn|13\n|inactive|chz3781873 has 120 seconds left.\n|\n|t:|1700668751\n|move|p2a: Blissey|Seismic Toss|p1a: Clodsire\n|-damage|p1a: Clodsire|36\/100\n|move|p1a: Clodsire|Recover|p1a: Clodsire\n|-heal|p1a: Clodsire|86\/100\n|\n|-weather|none\n|-heal|p2a: Blissey|88\/100 tox|[from] item: Leftovers\n|-damage|p2a: Blissey|70\/100 tox|[from] psn\n|upkeep\n|turn|14\n|\n|t:|1700668761\n|switch|p2a: Salamence|Salamence, M|100\/100\n|-damage|p2a: Salamence|76\/100|[from] Stealth Rock\n|move|p1a: Clodsire|Spikes|p2a: Salamence\n|-sidestart|p2: hxcrux_|Spikes\n|\n|upkeep\n|turn|15\n|inactive|chz3781873 has 120 seconds left.\n|\n|t:|1700668777\n|switch|p1a: Bisharp|Bisharp, M|100\/100\n|move|p2a: Salamence|Dragon Dance|p2a: Salamence\n|-boost|p2a: Salamence|atk|1\n|-boost|p2a: Salamence|spe|1\n|\n|upkeep\n|turn|16\n|\n|t:|1700668792\n|move|p2a: Salamence|Dragon Dance|p2a: Salamence\n|-boost|p2a: Salamence|atk|1\n|-boost|p2a: Salamence|spe|1\n|move|p1a: Bisharp|Knock Off|p2a: Salamence\n|-damage|p2a: Salamence|16\/100\n|-enditem|p2a: Salamence|Sitrus Berry|[from] move: Knock Off|[of] p1a: Bisharp\n|\n|upkeep\n|turn|17\n|\n|t:|1700668801\n|move|p1a: Bisharp|Sucker Punch|p2a: Salamence\n|-damage|p2a: Salamence|0 fnt\n|faint|p2a: Salamence\n|\n|upkeep\n|\n|t:|1700668805\n|switch|p2a: Heatran|Heatran, F|88\/100\n|-damage|p2a: Heatran|76\/100|[from] Stealth Rock\n|-damage|p2a: Heatran|59\/100|[from] Spikes\n|turn|18\n|\n|t:|1700668815\n|switch|p1a: Charizard|Charizard-Mega-Y, M, shiny|94\/100\n|-weather|SunnyDay|[from] ability: Drought|[of] p1a: Charizard\n|move|p2a: Heatran|Magma Storm|p1a: Charizard\n|-resisted|p1a: Charizard\n|-damage|p1a: Charizard|52\/100\n|-activate|p1a: Charizard|move: Magma Storm|[of] p2a: Heatran\n|\n|-weather|SunnyDay|[upkeep]\n|-damage|p1a: Charizard|40\/100|[from] move: Magma Storm|[partiallytrapped]\n|upkeep\n|turn|19\n|\n|t:|1700668829\n|move|p2a: Heatran|Protect|p2a: Heatran\n|-singleturn|p2a: Heatran|Protect\n|move|p1a: Charizard|Roost|p1a: Charizard\n|-heal|p1a: Charizard|90\/100\n|-singleturn|p1a: Charizard|move: Roost\n|\n|-weather|SunnyDay|[upkeep]\n|-damage|p1a: Charizard|78\/100|[from] move: Magma Storm|[partiallytrapped]\n|upkeep\n|turn|20\n|\n|t:|1700668842\n|move|p1a: Charizard|Air Slash|p2a: Heatran\n|-resisted|p2a: Heatran\n|-damage|p2a: Heatran|39\/100\n|move|p2a: Heatran|Magma Storm|p1a: Charizard|[miss]\n|-miss|p2a: Heatran|p1a: Charizard\n|\n|-weather|SunnyDay|[upkeep]\n|-damage|p1a: Charizard|65\/100|[from] move: Magma Storm|[partiallytrapped]\n|upkeep\n|turn|21\n|\n|t:|1700668852\n|move|p1a: Charizard|Roost|p1a: Charizard\n|-heal|p1a: Charizard|100\/100\n|-singleturn|p1a: Charizard|move: Roost\n|move|p2a: Heatran|Magma Storm|p1a: Charizard\n|-resisted|p1a: Charizard\n|-damage|p1a: Charizard|59\/100\n|\n|-weather|SunnyDay|[upkeep]\n|-damage|p1a: Charizard|47\/100|[from] move: Magma Storm|[partiallytrapped]\n|upkeep\n|turn|22\n|\n|t:|1700668865\n|move|p1a: Charizard|Air Slash|p2a: Heatran\n|-resisted|p2a: Heatran\n|-damage|p2a: Heatran|19\/100\n|-enditem|p2a: Heatran|Wiki Berry|[eat]\n|-heal|p2a: Heatran|52\/100|[from] item: Wiki Berry\n|cant|p2a: Heatran|flinch\n|\n|-weather|none\n|-end|p1a: Charizard|Magma Storm|[partiallytrapped]\n|upkeep\n|turn|23\n|\n|t:|1700668880\n|move|p1a: Charizard|Roost|p1a: Charizard\n|-heal|p1a: Charizard|97\/100\n|-singleturn|p1a: Charizard|move: Roost\n|move|p2a: Heatran|Earth Power|p1a: Charizard\n|-supereffective|p1a: Charizard\n|-damage|p1a: Charizard|37\/100\n|-unboost|p1a: Charizard|spd|1\n|\n|upkeep\n|turn|24\n|\n|t:|1700668897\n|switch|p1a: Great Tusk|Great Tusk|68\/100\n|move|p2a: Heatran|Protect||[still]\n|-fail|p2a: Heatran\n|\n|upkeep\n|turn|25\n|\n|t:|1700668908\n|move|p2a: Heatran|Protect|p2a: Heatran\n|-singleturn|p2a: Heatran|Protect\n|move|p1a: Great Tusk|Close Combat|p2a: Heatran\n|-activate|p2a: Heatran|move: Protect\n|\n|upkeep\n|turn|26\n|\n|t:|1700668924\n|move|p1a: Great Tusk|Close Combat|p2a: Heatran\n|-supereffective|p2a: Heatran\n|-damage|p2a: Heatran|0 fnt\n|-unboost|p1a: Great Tusk|def|1\n|-unboost|p1a: Great Tusk|spd|1\n|faint|p2a: Heatran\n|\n|upkeep\n|\n|t:|1700668933\n|switch|p2a: Uxie|Uxie|39\/100 tox\n|-damage|p2a: Uxie|27\/100 tox|[from] Stealth Rock\n|turn|27\n|-message|hxcrux_ forfeited.\n|\n|win|chz3781873\n|raw|chz3781873's rating: 1266 &rarr; <strong>1284<\/strong><br \/>(+18 for winning)\n|raw|hxcrux_'s rating: 1167 &rarr; <strong>1149<\/strong><br \/>(-18 for losing)\n|l|\u2606hxcrux_\n","uploadtime":1700668944,"views":0,"p1id":"chz3781873","p2id":"hxcrux","formatid":"gen9nationaldex","rating":1149,"private":0,"password":""}