{"id":"gen9nationaldex-1993857345","p1":"jonglobobe","p2":"Ismashpans","format":"[Gen 9] National Dex","log":"|j|\u2606jonglobobe\n|j|\u203dIsmashpans\n|t:|1700366065\n|gametype|singles\n|player|p1|jonglobobe|iono|1242\n|player|p2|Ismashpans|266|1150\n|teamsize|p1|6\n|teamsize|p2|6\n|gen|9\n|tier|[Gen 9] National Dex\n|rated|\n|rule|HP Percentage Mod: HP is shown in percentages\n|rule|Endless Battle Clause: Forcing endless battles is banned\n|rule|OHKO Clause: OHKO moves are banned\n|rule|Evasion Clause: Evasion abilities, items, and moves are banned\n|rule|Evasion Abilities Clause: Evasion abilities are banned\n|rule|Evasion Items Clause: Evasion items are banned\n|rule|Evasion Moves Clause: Evasion moves are banned\n|rule|Species Clause: Limit one of each Pok\u00e9mon\n|rule|Sleep Clause Mod: Limit one foe put to sleep\n|clearpoke\n|poke|p1|Aggron, M|\n|poke|p1|Xurkitree|\n|poke|p1|Rotom-Wash|\n|poke|p1|Tapu Lele|\n|poke|p1|Sneasler, F|\n|poke|p1|Landorus-Therian, M|\n|poke|p2|Magnezone|\n|poke|p2|Breloom, F|\n|poke|p2|Salamence, M|\n|poke|p2|Ursaring, F|\n|poke|p2|Grimmsnarl, M|\n|poke|p2|Buzzwole|\n|teampreview\n|inactive|Battle timer is ON: inactive players will automatically lose when time's up. (requested by jonglobobe)\n|inactive|Ismashpans has 120 seconds left.\n|\n|t:|1700366099\n|start\n|switch|p1a: Landorus|Landorus-Therian, M|100\/100\n|switch|p2a: Buzzwole|Buzzwole|100\/100\n|-ability|p1a: Landorus|Intimidate|boost\n|-unboost|p2a: Buzzwole|atk|1\n|turn|1\n|\n|t:|1700366109\n|switch|p2a: Grimmsnarl|Grimmsnarl, M|100\/100\n|move|p1a: Landorus|Stealth Rock|p2a: Grimmsnarl\n|-sidestart|p2: Ismashpans|move: Stealth Rock\n|\n|upkeep\n|turn|2\n|\n|t:|1700366115\n|move|p2a: Grimmsnarl|Light Screen|p2a: Grimmsnarl\n|-sidestart|p2: Ismashpans|move: Light Screen\n|move|p1a: Landorus|Explosion|p2a: Grimmsnarl\n|-damage|p2a: Grimmsnarl|2\/100\n|faint|p1a: Landorus\n|\n|upkeep\n|\n|t:|1700366137\n|switch|p1a: Aggron|Aggron, M|100\/100\n|turn|3\n|\n|t:|1700366141\n|detailschange|p1a: Aggron|Aggron-Mega, M\n|-mega|p1a: Aggron|Aggron|Aggronite\n|move|p2a: Grimmsnarl|Reflect|p2a: Grimmsnarl\n|-sidestart|p2: Ismashpans|Reflect\n|move|p1a: Aggron|Iron Defense|p1a: Aggron\n|-boost|p1a: Aggron|def|2\n|\n|upkeep\n|turn|4\n|\n|t:|1700366146\n|move|p2a: Grimmsnarl|Parting Shot|p1a: Aggron\n|-unboost|p1a: Aggron|atk|1\n|-unboost|p1a: Aggron|spa|1\n|\n|t:|1700366153\n|switch|p2a: Breloom|Breloom, F|100\/100|[from] Parting Shot\n|-damage|p2a: Breloom|94\/100|[from] Stealth Rock\n|move|p1a: Aggron|Iron Defense|p1a: Aggron\n|-boost|p1a: Aggron|def|2\n|\n|upkeep\n|turn|5\n|\n|t:|1700366162\n|move|p2a: Breloom|Swords Dance|p2a: Breloom\n|-boost|p2a: Breloom|atk|2\n|move|p1a: Aggron|Iron Defense|p1a: Aggron\n|-boost|p1a: Aggron|def|2\n|\n|upkeep\n|turn|6\n|\n|t:|1700366165\n|move|p2a: Breloom|Spore|p1a: Aggron\n|-status|p1a: Aggron|slp|[from] move: Spore\n|cant|p1a: Aggron|slp\n|\n|upkeep\n|turn|7\n|\n|t:|1700366168\n|move|p2a: Breloom|Swords Dance|p2a: Breloom\n|-boost|p2a: Breloom|atk|2\n|cant|p1a: Aggron|slp\n|\n|upkeep\n|turn|8\n|\n|t:|1700366170\n|move|p2a: Breloom|Swords Dance|p2a: Breloom\n|-boost|p2a: Breloom|atk|2\n|-curestatus|p1a: Aggron|slp|[msg]\n|move|p1a: Aggron|Body Press|p2a: Breloom\n|-damage|p2a: Breloom|0 fnt\n|faint|p2a: Breloom\n|\n|upkeep\n|\n|t:|1700366177\n|switch|p2a: Magnezone|Magnezone|100\/100\n|-damage|p2a: Magnezone|94\/100|[from] Stealth Rock\n|turn|9\n|\n|t:|1700366183\n|move|p2a: Magnezone|Thunderbolt|p1a: Aggron\n|-damage|p1a: Aggron|56\/100\n|move|p1a: Aggron|Body Press|p2a: Magnezone\n|-supereffective|p2a: Magnezone\n|-damage|p2a: Magnezone|0 fnt\n|faint|p2a: Magnezone\n|\n|-sideend|p2: Ismashpans|move: Light Screen\n|upkeep\n|\n|t:|1700366187\n|switch|p2a: Ursaring|Ursaring, F|100\/100\n|-damage|p2a: Ursaring|88\/100|[from] Stealth Rock\n|turn|10\n|\n|t:|1700366191\n|move|p2a: Ursaring|Close Combat|p1a: Aggron\n|-supereffective|p1a: Aggron\n|-damage|p1a: Aggron|48\/100\n|-unboost|p2a: Ursaring|def|1\n|-unboost|p2a: Ursaring|spd|1\n|move|p1a: Aggron|Body Press|p2a: Ursaring\n|-supereffective|p2a: Ursaring\n|-damage|p2a: Ursaring|0 fnt\n|faint|p2a: Ursaring\n|\n|-sideend|p2: Ismashpans|Reflect\n|upkeep\n|\n|t:|1700366195\n|switch|p2a: Buzzwole|Buzzwole|100\/100\n|-damage|p2a: Buzzwole|88\/100|[from] Stealth Rock\n|turn|11\n|\n|t:|1700366204\n|-terastallize|p2a: Buzzwole|Fighting\n|move|p2a: Buzzwole|Drain Punch|p1a: Aggron\n|-supereffective|p1a: Aggron\n|-damage|p1a: Aggron|35\/100\n|-heal|p2a: Buzzwole|94\/100|[from] drain|[of] p1a: Aggron\n|-damage|p2a: Buzzwole|84\/100|[from] item: Life Orb\n|move|p1a: Aggron|Body Press|p2a: Buzzwole\n|-damage|p2a: Buzzwole|0 fnt\n|faint|p2a: Buzzwole\n|\n|upkeep\n|\n|t:|1700366211\n|switch|p2a: Grimmsnarl|Grimmsnarl, M|2\/100\n|-damage|p2a: Grimmsnarl|0 fnt|[from] Stealth Rock\n|faint|p2a: Grimmsnarl\n|\n|t:|1700366212\n|switch|p2a: Salamence|Salamence, M|100\/100\n|-ability|p2a: Salamence|Intimidate|boost\n|-unboost|p1a: Aggron|atk|1\n|turn|12\n|\n|t:|1700366218\n|move|p2a: Salamence|Earthquake|p1a: Aggron\n|-supereffective|p1a: Aggron\n|-damage|p1a: Aggron|29\/100\n|move|p1a: Aggron|Body Press|p2a: Salamence\n|-resisted|p2a: Salamence\n|-crit|p2a: Salamence\n|-damage|p2a: Salamence|0 fnt\n|faint|p2a: Salamence\n|\n|win|jonglobobe\n|raw|jonglobobe's rating: 1242 &rarr; <strong>1261<\/strong><br \/>(+19 for winning)\n|raw|Ismashpans's rating: 1150 &rarr; <strong>1131<\/strong><br \/>(-19 for losing)\n|l|\u203dIsmashpans\n","uploadtime":1700366226,"views":12,"p1id":"jonglobobe","p2id":"ismashpans","formatid":"gen9nationaldex","rating":1131,"private":0,"password":""}