{"id":"gen9nationaldex-1991083480","p1":"NegativeVictoria","p2":"wjssz","format":"[Gen 9] National Dex","log":"|j|\u2606NegativeVictoria\n|j|\u2606wjssz\n|t:|1700040223\n|gametype|singles\n|player|p1|NegativeVictoria|plasmagruntf|1296\n|player|p2|wjssz|cheryl|1268\n|teamsize|p1|6\n|teamsize|p2|6\n|gen|9\n|tier|[Gen 9] National Dex\n|rated|\n|rule|HP Percentage Mod: HP is shown in percentages\n|rule|Endless Battle Clause: Forcing endless battles is banned\n|rule|OHKO Clause: OHKO moves are banned\n|rule|Evasion Clause: Evasion abilities, items, and moves are banned\n|rule|Evasion Abilities Clause: Evasion abilities are banned\n|rule|Evasion Items Clause: Evasion items are banned\n|rule|Evasion Moves Clause: Evasion moves are banned\n|rule|Species Clause: Limit one of each Pok\u00e9mon\n|rule|Sleep Clause Mod: Limit one foe put to sleep\n|clearpoke\n|poke|p1|Pelipper, M|\n|poke|p1|Kingdra, M|\n|poke|p1|Qwilfish, M|\n|poke|p1|Toxicroak, F|\n|poke|p1|Beartic, M|\n|poke|p1|Garchomp, F|\n|poke|p2|Garchomp, F|\n|poke|p2|Excadrill, M|\n|poke|p2|Hippowdon, M|\n|poke|p2|Gliscor, M|\n|poke|p2|Glimmora, M|\n|poke|p2|Bisharp, M|\n|teampreview\n|\n|t:|1700040228\n|start\n|switch|p1a: Pelipper|Pelipper, M|100\/100\n|switch|p2a: Hippowdon|Hippowdon, M|100\/100\n|-weather|RainDance|[from] ability: Drizzle|[of] p1a: Pelipper\n|-weather|Sandstorm|[from] ability: Sand Stream|[of] p2a: Hippowdon\n|turn|1\n|\n|t:|1700040236\n|switch|p1a: Beartic|Beartic, M|100\/100\n|move|p2a: Hippowdon|Stealth Rock|p1a: Beartic\n|-sidestart|p1: NegativeVictoria|move: Stealth Rock\n|\n|-weather|Sandstorm|[upkeep]\n|-damage|p1a: Beartic|94\/100|[from] Sandstorm\n|upkeep\n|turn|2\n|\n|t:|1700040240\n|move|p1a: Beartic|Icicle Crash|p2a: Hippowdon\n|-supereffective|p2a: Hippowdon\n|-damage|p2a: Hippowdon|37\/100\n|-damage|p1a: Beartic|85\/100|[from] item: Life Orb\n|move|p2a: Hippowdon|Toxic|p1a: Beartic\n|-status|p1a: Beartic|tox\n|\n|-weather|Sandstorm|[upkeep]\n|-damage|p1a: Beartic|79\/100 tox|[from] Sandstorm\n|-heal|p2a: Hippowdon|43\/100|[from] item: Leftovers\n|-damage|p1a: Beartic|72\/100 tox|[from] psn\n|upkeep\n|turn|3\n|\n|t:|1700040248\n|switch|p2a: Bisharp|Bisharp, M|100\/100\n|move|p1a: Beartic|Icicle Crash|p2a: Bisharp\n|-resisted|p2a: Bisharp\n|-damage|p2a: Bisharp|81\/100\n|-damage|p1a: Beartic|63\/100 tox|[from] item: Life Orb\n|\n|-weather|Sandstorm|[upkeep]\n|-damage|p1a: Beartic|57\/100 tox|[from] Sandstorm\n|-damage|p1a: Beartic|44\/100 tox|[from] psn\n|upkeep\n|turn|4\n|\n|t:|1700040255\n|move|p1a: Beartic|Superpower|p2a: Bisharp\n|-supereffective|p2a: Bisharp\n|-damage|p2a: Bisharp|0 fnt\n|-unboost|p1a: Beartic|atk|1\n|-unboost|p1a: Beartic|def|1\n|faint|p2a: Bisharp\n|-damage|p1a: Beartic|35\/100 tox|[from] item: Life Orb\n|\n|-weather|Sandstorm|[upkeep]\n|-damage|p1a: Beartic|29\/100 tox|[from] Sandstorm\n|-damage|p1a: Beartic|10\/100 tox|[from] psn\n|upkeep\n|\n|t:|1700040260\n|switch|p2a: Gliscor|Gliscor, M|100\/100\n|turn|5\n|\n|t:|1700040267\n|-terastallize|p2a: Gliscor|Normal\n|move|p2a: Gliscor|Swords Dance|p2a: Gliscor\n|-boost|p2a: Gliscor|atk|2\n|move|p1a: Beartic|Icicle Crash|p2a: Gliscor\n|-damage|p2a: Gliscor|66\/100\n|-damage|p1a: Beartic|0 fnt|[from] item: Life Orb\n|faint|p1a: Beartic\n|\n|-weather|none\n|-status|p2a: Gliscor|tox|[from] item: Toxic Orb\n|upkeep\n|\n|t:|1700040276\n|switch|p1a: Garchomp|Garchomp, F|100\/100\n|-damage|p1a: Garchomp|94\/100|[from] Stealth Rock\n|turn|6\n|\n|t:|1700040283\n|move|p2a: Gliscor|Protect|p2a: Gliscor\n|-singleturn|p2a: Gliscor|Protect\n|move|p1a: Garchomp|Earthquake|p2a: Gliscor\n|-activate|p2a: Gliscor|move: Protect\n|\n|-heal|p2a: Gliscor|78\/100 tox|[from] ability: Poison Heal\n|upkeep\n|turn|7\n|\n|t:|1700040289\n|move|p1a: Garchomp|Earthquake|p2a: Gliscor\n|-damage|p2a: Gliscor|15\/100 tox\n|move|p2a: Gliscor|Earthquake|p1a: Garchomp\n|-damage|p1a: Garchomp|18\/100\n|\n|-heal|p2a: Gliscor|28\/100 tox|[from] ability: Poison Heal\n|upkeep\n|turn|8\n|\n|t:|1700040297\n|move|p2a: Gliscor|Protect|p2a: Gliscor\n|-singleturn|p2a: Gliscor|Protect\n|move|p1a: Garchomp|Earthquake|p2a: Gliscor\n|-activate|p2a: Gliscor|move: Protect\n|\n|-heal|p2a: Gliscor|40\/100 tox|[from] ability: Poison Heal\n|upkeep\n|turn|9\n|\n|t:|1700040304\n|switch|p2a: Hippowdon|Hippowdon, M|43\/100\n|-weather|Sandstorm|[from] ability: Sand Stream|[of] p2a: Hippowdon\n|move|p1a: Garchomp|Earthquake|p2a: Hippowdon\n|-damage|p2a: Hippowdon|0 fnt\n|faint|p2a: Hippowdon\n|\n|-weather|Sandstorm|[upkeep]\n|upkeep\n|\n|t:|1700040311\n|switch|p2a: Excadrill|Excadrill, M|100\/100\n|turn|10\n|\n|t:|1700040317\n|move|p2a: Excadrill|Rapid Spin|p1a: Garchomp\n|-damage|p1a: Garchomp|0 fnt\n|-boost|p2a: Excadrill|spe|1\n|-damage|p2a: Excadrill|88\/100|[from] ability: Rough Skin|[of] p1a: Garchomp\n|faint|p1a: Garchomp\n|\n|-weather|Sandstorm|[upkeep]\n|upkeep\n|\n|t:|1700040320\n|switch|p1a: Pelipper|Pelipper, M|100\/100\n|-damage|p1a: Pelipper|76\/100|[from] Stealth Rock\n|-weather|RainDance|[from] ability: Drizzle|[of] p1a: Pelipper\n|turn|11\n|\n|t:|1700040325\n|-zpower|p2a: Excadrill\n|move|p2a: Excadrill|Corkscrew Crash|p1a: Pelipper|[zeffect]\n|-resisted|p1a: Pelipper\n|-damage|p1a: Pelipper|13\/100\n|move|p1a: Pelipper|Weather Ball|p2a: Excadrill\n|-supereffective|p2a: Excadrill\n|-damage|p2a: Excadrill|0 fnt\n|faint|p2a: Excadrill\n|\n|-weather|RainDance|[upkeep]\n|upkeep\n|\n|t:|1700040334\n|switch|p2a: Glimmora|Glimmora, M|100\/100\n|turn|12\n|\n|t:|1700040341\n|move|p2a: Glimmora|Dazzling Gleam|p1a: Pelipper\n|-damage|p1a: Pelipper|0 fnt\n|faint|p1a: Pelipper\n|\n|-weather|RainDance|[upkeep]\n|upkeep\n|\n|t:|1700040344\n|switch|p1a: Qwilfish|Qwilfish, M|100\/100\n|-damage|p1a: Qwilfish|88\/100|[from] Stealth Rock\n|turn|13\n|\n|t:|1700040349\n|switch|p2a: Gliscor|Gliscor, M, tera:Normal|40\/100 tox\n|move|p1a: Qwilfish|Waterfall|p2a: Gliscor\n|-damage|p2a: Gliscor|0 fnt\n|faint|p2a: Gliscor\n|-damage|p1a: Qwilfish|78\/100|[from] item: Life Orb\n|\n|-weather|RainDance|[upkeep]\n|upkeep\n|\n|t:|1700040355\n|switch|p2a: Garchomp|Garchomp, F|100\/100\n|turn|14\n|\n|t:|1700040357\n|move|p1a: Qwilfish|Waterfall|p2a: Garchomp\n|-damage|p2a: Garchomp|34\/100\n|-damage|p1a: Qwilfish|66\/100|[from] ability: Rough Skin|[of] p2a: Garchomp\n|-damage|p1a: Qwilfish|56\/100|[from] item: Life Orb\n|move|p2a: Garchomp|Swords Dance|p2a: Garchomp\n|-boost|p2a: Garchomp|atk|2\n|\n|-weather|RainDance|[upkeep]\n|upkeep\n|turn|15\n|\n|t:|1700040361\n|detailschange|p2a: Garchomp|Garchomp-Mega, F\n|-mega|p2a: Garchomp|Garchomp|Garchompite\n|move|p1a: Qwilfish|Waterfall|p2a: Garchomp\n|-damage|p2a: Garchomp|0 fnt\n|faint|p2a: Garchomp\n|-damage|p1a: Qwilfish|46\/100|[from] item: Life Orb\n|\n|-weather|none\n|upkeep\n|\n|t:|1700040367\n|switch|p2a: Glimmora|Glimmora, M|100\/100\n|turn|16\n|\n|t:|1700040377\n|-terastallize|p1a: Qwilfish|Water\n|move|p1a: Qwilfish|Aqua Jet|p2a: Glimmora\n|-supereffective|p2a: Glimmora\n|-damage|p2a: Glimmora|24\/100\n|-activate|p2a: Glimmora|ability: Toxic Debris\n|-sidestart|p1: NegativeVictoria|move: Toxic Spikes\n|-damage|p1a: Qwilfish|36\/100|[from] item: Life Orb\n|move|p2a: Glimmora|Earth Power|p1a: Qwilfish\n|-damage|p1a: Qwilfish|0 fnt\n|faint|p1a: Qwilfish\n|\n|upkeep\n|\n|t:|1700040381\n|switch|p1a: Toxicroak|Toxicroak, F|100\/100\n|-damage|p1a: Toxicroak|94\/100|[from] Stealth Rock\n|-sideend|p1: NegativeVictoria|move: Toxic Spikes|[of] p1a: Toxicroak\n|turn|17\n|\n|t:|1700040384\n|move|p1a: Toxicroak|Sucker Punch|p2a: Glimmora\n|-damage|p2a: Glimmora|0 fnt\n|-activate|p2a: Glimmora|ability: Toxic Debris\n|-sidestart|p1: NegativeVictoria|move: Toxic Spikes\n|faint|p2a: Glimmora\n|-damage|p1a: Toxicroak|85\/100|[from] item: Life Orb\n|\n|win|NegativeVictoria\n|raw|NegativeVictoria's rating: 1296 &rarr; <strong>1319<\/strong><br \/>(+23 for winning)\n|raw|wjssz's rating: 1268 &rarr; <strong>1245<\/strong><br \/>(-23 for losing)\n|l|\u2606wjssz\n","uploadtime":1700040396,"views":5,"p1id":"negativevictoria","p2id":"wjssz","formatid":"gen9nationaldex","rating":1245,"private":0,"password":""}