{"id":"gen9nationaldex-1987680092","p1":"Catnavi","p2":"AminitraboTTT","format":"[Gen 9] National Dex","log":"|j|\u2606Catnavi\n|j|\u2606AminitraboTTT\n|t:|1699627003\n|gametype|singles\n|player|p1|Catnavi|lass-gen4dp|\n|player|p2|AminitraboTTT|supernerd|\n|teamsize|p1|6\n|teamsize|p2|6\n|gen|9\n|tier|[Gen 9] National Dex\n|rule|HP Percentage Mod: HP is shown in percentages\n|rule|Endless Battle Clause: Forcing endless battles is banned\n|rule|OHKO Clause: OHKO moves are banned\n|rule|Evasion Clause: Evasion abilities, items, and moves are banned\n|rule|Evasion Abilities Clause: Evasion abilities are banned\n|rule|Evasion Items Clause: Evasion items are banned\n|rule|Evasion Moves Clause: Evasion moves are banned\n|rule|Species Clause: Limit one of each Pok\u00e9mon\n|rule|Sleep Clause Mod: Limit one foe put to sleep\n|clearpoke\n|poke|p1|Swoobat, F|\n|poke|p1|Galvantula, M|\n|poke|p1|Great Tusk|\n|poke|p1|Bisharp, M|\n|poke|p1|Lopunny, F|\n|poke|p1|Milotic, F|\n|poke|p2|Tapu Koko|\n|poke|p2|Iron Valiant|\n|poke|p2|Hawlucha, M|\n|poke|p2|Iron Moth|\n|poke|p2|Landorus-Therian, M|\n|poke|p2|Scizor, F|\n|teampreview\n|c|\u2606AminitraboTTT|Hola, soy AminitraboTTT, el bot de la sala Espa\u00f1ol. gl hf\n|inactive|Battle timer is ON: inactive players will automatically lose when time's up. (requested by AminitraboTTT)\n|\n|t:|1699627006\n|start\n|switch|p1a: \u767e\u76ee\u6d41\u7535\u5149|Galvantula, M, shiny|100\/100\n|switch|p2a: Landorus|Landorus-Therian, M|100\/100\n|-ability|p2a: Landorus|Intimidate|boost\n|-unboost|p1a: \u767e\u76ee\u6d41\u7535\u5149|atk|1\n|turn|1\n|\n|t:|1699627008\n|-terastallize|p2a: Landorus|Water\n|move|p1a: \u767e\u76ee\u6d41\u7535\u5149|Sticky Web|p2a: Landorus\n|-sidestart|p2: AminitraboTTT|move: Sticky Web\n|move|p2a: Landorus|Earthquake|p1a: \u767e\u76ee\u6d41\u7535\u5149\n|-damage|p1a: \u767e\u76ee\u6d41\u7535\u5149|12\/100\n|\n|upkeep\n|turn|2\n|\n|t:|1699627014\n|move|p1a: \u767e\u76ee\u6d41\u7535\u5149|Bug Buzz|p2a: Landorus\n|-damage|p2a: Landorus|56\/100\n|-enditem|p2a: Landorus|Eject Button\n|\n|t:|1699627014\n|switch|p2a: Tapu Koko|Tapu Koko|100\/100\n|-activate|p2a: Tapu Koko|move: Sticky Web\n|-unboost|p2a: Tapu Koko|spe|1\n|-fieldstart|move: Electric Terrain|[from] ability: Electric Surge|[of] p2a: Tapu Koko\n|\n|upkeep\n|turn|3\n|\n|t:|1699627020\n|move|p1a: \u767e\u76ee\u6d41\u7535\u5149|Bug Buzz|p2a: Tapu Koko\n|-resisted|p2a: Tapu Koko\n|-damage|p2a: Tapu Koko|70\/100\n|move|p2a: Tapu Koko|Thunderbolt|p1a: \u767e\u76ee\u6d41\u7535\u5149\n|-resisted|p1a: \u767e\u76ee\u6d41\u7535\u5149\n|-damage|p1a: \u767e\u76ee\u6d41\u7535\u5149|0 fnt\n|faint|p1a: \u767e\u76ee\u6d41\u7535\u5149\n|\n|upkeep\n|\n|t:|1699627025\n|switch|p1a: \u660e\u955c\u4ea6\u975e\u53f0|Swoobat, F|100\/100\n|turn|4\n|\n|t:|1699627028\n|-terastallize|p1a: \u660e\u955c\u4ea6\u975e\u53f0|Steel\n|move|p1a: \u660e\u955c\u4ea6\u975e\u53f0|Calm Mind|p1a: \u660e\u955c\u4ea6\u975e\u53f0\n|-boost|p1a: \u660e\u955c\u4ea6\u975e\u53f0|spa|2\n|-boost|p1a: \u660e\u955c\u4ea6\u975e\u53f0|spd|2\n|move|p2a: Tapu Koko|Thunderbolt|p1a: \u660e\u955c\u4ea6\u975e\u53f0\n|-damage|p1a: \u660e\u955c\u4ea6\u975e\u53f0|58\/100\n|\n|upkeep\n|turn|5\n|\n|t:|1699627036\n|move|p1a: \u660e\u955c\u4ea6\u975e\u53f0|Calm Mind|p1a: \u660e\u955c\u4ea6\u975e\u53f0\n|-boost|p1a: \u660e\u955c\u4ea6\u975e\u53f0|spa|2\n|-boost|p1a: \u660e\u955c\u4ea6\u975e\u53f0|spd|2\n|move|p2a: Tapu Koko|Thunderbolt|p1a: \u660e\u955c\u4ea6\u975e\u53f0\n|-damage|p1a: \u660e\u955c\u4ea6\u975e\u53f0|29\/100\n|\n|upkeep\n|turn|6\n|\n|t:|1699627039\n|move|p1a: \u660e\u955c\u4ea6\u975e\u53f0|Roost|p1a: \u660e\u955c\u4ea6\u975e\u53f0\n|-heal|p1a: \u660e\u955c\u4ea6\u975e\u53f0|79\/100\n|move|p2a: Tapu Koko|Thunderbolt|p1a: \u660e\u955c\u4ea6\u975e\u53f0\n|-damage|p1a: \u660e\u955c\u4ea6\u975e\u53f0|52\/100\n|\n|upkeep\n|turn|7\n|\n|t:|1699627043\n|move|p1a: \u660e\u955c\u4ea6\u975e\u53f0|Roost|p1a: \u660e\u955c\u4ea6\u975e\u53f0\n|-heal|p1a: \u660e\u955c\u4ea6\u975e\u53f0|100\/100\n|move|p2a: Tapu Koko|Thunderbolt|p1a: \u660e\u955c\u4ea6\u975e\u53f0\n|-damage|p1a: \u660e\u955c\u4ea6\u975e\u53f0|73\/100\n|\n|upkeep\n|turn|8\n|\n|t:|1699627049\n|switch|p2a: Landorus|Landorus-Therian, M, tera:Water|56\/100\n|-activate|p2a: Landorus|move: Sticky Web\n|-unboost|p2a: Landorus|spe|1\n|-ability|p2a: Landorus|Intimidate|boost\n|-unboost|p1a: \u660e\u955c\u4ea6\u975e\u53f0|atk|2\n|move|p1a: \u660e\u955c\u4ea6\u975e\u53f0|Stored Power|p2a: Landorus\n|-damage|p2a: Landorus|0 fnt\n|faint|p2a: Landorus\n|\n|upkeep\n|\n|t:|1699627049\n|switch|p2a: Scizor|Scizor, F|100\/100\n|-activate|p2a: Scizor|move: Sticky Web\n|-unboost|p2a: Scizor|spe|1\n|turn|9\n|\n|t:|1699627059\n|detailschange|p2a: Scizor|Scizor-Mega, F\n|-mega|p2a: Scizor|Scizor|Scizorite\n|move|p1a: \u660e\u955c\u4ea6\u975e\u53f0|Heat Wave|p2a: Scizor\n|-supereffective|p2a: Scizor\n|-damage|p2a: Scizor|0 fnt\n|faint|p2a: Scizor\n|\n|-fieldend|move: Electric Terrain\n|upkeep\n|\n|t:|1699627059\n|switch|p2a: Iron Moth|Iron Moth|100\/100\n|turn|10\n|\n|t:|1699627066\n|move|p1a: \u660e\u955c\u4ea6\u975e\u53f0|Stored Power|p2a: Iron Moth\n|-supereffective|p2a: Iron Moth\n|-damage|p2a: Iron Moth|0 fnt\n|faint|p2a: Iron Moth\n|-end|p2a: Iron Moth|Quark Drive|[silent]\n|\n|upkeep\n|\n|t:|1699627066\n|switch|p2a: Hawlucha|Hawlucha, M|100\/100\n|turn|11\n|\n|t:|1699627073\n|move|p1a: \u660e\u955c\u4ea6\u975e\u53f0|Stored Power|p2a: Hawlucha\n|-supereffective|p2a: Hawlucha\n|-damage|p2a: Hawlucha|0 fnt\n|faint|p2a: Hawlucha\n|\n|upkeep\n|\n|t:|1699627073\n|switch|p2a: Tapu Koko|Tapu Koko|70\/100\n|-activate|p2a: Tapu Koko|move: Sticky Web\n|-unboost|p2a: Tapu Koko|spe|1\n|-fieldstart|move: Electric Terrain|[from] ability: Electric Surge|[of] p2a: Tapu Koko\n|turn|12\n|\n|t:|1699627078\n|move|p1a: \u660e\u955c\u4ea6\u975e\u53f0|Stored Power|p2a: Tapu Koko\n|-damage|p2a: Tapu Koko|0 fnt\n|faint|p2a: Tapu Koko\n|\n|upkeep\n|\n|t:|1699627078\n|switch|p2a: Iron Valiant|Iron Valiant|100\/100\n|-activate|p2a: Iron Valiant|move: Sticky Web\n|-unboost|p2a: Iron Valiant|spe|1\n|-activate|p2a: Iron Valiant|ability: Quark Drive\n|-start|p2a: Iron Valiant|quarkdrivespa\n|turn|13\n|\n|t:|1699627088\n|move|p1a: \u660e\u955c\u4ea6\u975e\u53f0|Stored Power|p2a: Iron Valiant\n|-supereffective|p2a: Iron Valiant\n|-damage|p2a: Iron Valiant|0 fnt\n|faint|p2a: Iron Valiant\n|-end|p2a: Iron Valiant|Quark Drive|[silent]\n|\n|win|Catnavi\n|c|\u2606AminitraboTTT|hax c:\n|l|\u2606AminitraboTTT\n","uploadtime":1699627095,"views":4,"p1id":"catnavi","p2id":"aminitrabottt","formatid":"gen9nationaldex","rating":0,"private":0,"password":""}