{"id":"gen9nationaldex-1998744224","p1":"eadd\u5185\u8499\u53e4\u306e\u6df1\u6d77\u5927\u9c7f\u9c7c","p2":"AN0MALY_USER_666","format":"[Gen 9] National Dex","log":"|html|<div class=\"broadcast-blue\"><strong>[Gen 9] National Dex is currently suspecting Sneasler! For information on how to participate check out the <a href=\"https:\/\/www.smogon.com\/forums\/threads\/sv-national-dex-suspect-8-just-dance.3731534\/\">suspect thread<\/a>.<\/strong><\/div>\n|j|\u2606eadd\u5185\u8499\u53e4\u306e\u6df1\u6d77\u5927\u9c7f\u9c7c\n|j|\u2606AN0MALY_USER_666\n|t:|1700981918\n|gametype|singles\n|player|p1|eadd\u5185\u8499\u53e4\u306e\u6df1\u6d77\u5927\u9c7f\u9c7c|rosa|1098\n|player|p2|AN0MALY_USER_666|unknown|1060\n|teamsize|p1|6\n|teamsize|p2|6\n|gen|9\n|tier|[Gen 9] National Dex\n|rated|\n|rule|HP Percentage Mod: HP is shown in percentages\n|rule|Endless Battle Clause: Forcing endless battles is banned\n|rule|OHKO Clause: OHKO moves are banned\n|rule|Evasion Clause: Evasion abilities, items, and moves are banned\n|rule|Evasion Abilities Clause: Evasion abilities are banned\n|rule|Evasion Items Clause: Evasion items are banned\n|rule|Evasion Moves Clause: Evasion moves are banned\n|rule|Species Clause: Limit one of each Pok\u00e9mon\n|rule|Sleep Clause Mod: Limit one foe put to sleep\n|clearpoke\n|poke|p1|Snorlax, F|\n|poke|p1|Ursaluna, M|\n|poke|p1|Mew|\n|poke|p1|Chansey, F|\n|poke|p1|Dragonite, F|\n|poke|p1|Sableye, M|\n|poke|p2|Coalossal, M|\n|poke|p2|Charizard, M|\n|poke|p2|Heatran, M|\n|poke|p2|Blaziken, M|\n|poke|p2|Ceruledge, M|\n|poke|p2|Moltres|\n|teampreview\n|inactive|Battle timer is ON: inactive players will automatically lose when time's up. (requested by AN0MALY_USER_666)\n|\n|t:|1700981924\n|start\n|switch|p1a: Sableye|Sableye, M|100\/100\n|switch|p2a: Coalossal|Coalossal, M, shiny|100\/100\n|turn|1\n|\n|t:|1700981930\n|move|p1a: Sableye|Metronome|p1a: Sableye\n|move|p1a: Sableye|Slack Off||[from]move: Metronome|[still]\n|-fail|p1a: Sableye|heal\n|move|p2a: Coalossal|Meteor Beam||[still]\n|-prepare|p2a: Coalossal|Meteor Beam\n|-boost|p2a: Coalossal|spa|1\n|-enditem|p2a: Coalossal|Power Herb\n|-anim|p2a: Coalossal|Meteor Beam|p1a: Sableye\n|-damage|p1a: Sableye|19\/100\n|\n|upkeep\n|turn|2\n|c|\u2606eadd\u5185\u8499\u53e4\u306e\u6df1\u6d77\u5927\u9c7f\u9c7c|hello\n|\n|t:|1700981942\n|move|p1a: Sableye|Metronome|p1a: Sableye\n|move|p1a: Sableye|Nasty Plot|p1a: Sableye|[from]move: Metronome\n|-boost|p1a: Sableye|spa|2\n|move|p2a: Coalossal|Flamethrower|p1a: Sableye\n|-crit|p1a: Sableye\n|-damage|p1a: Sableye|0 fnt\n|faint|p1a: Sableye\n|\n|upkeep\n|\n|t:|1700981951\n|switch|p1a: Ursaluna|Ursaluna, M|100\/100\n|turn|3\n|\n|t:|1700981960\n|-terastallize|p2a: Coalossal|Grass\n|-terastallize|p1a: Ursaluna|Normal\n|move|p1a: Ursaluna|Protect|p1a: Ursaluna\n|-singleturn|p1a: Ursaluna|Protect\n|move|p2a: Coalossal|Rapid Spin|p1a: Ursaluna\n|-activate|p1a: Ursaluna|move: Protect\n|\n|-status|p1a: Ursaluna|brn|[from] item: Flame Orb\n|upkeep\n|turn|4\n|\n|t:|1700981968\n|move|p2a: Coalossal|Tera Blast|p1a: Ursaluna|[anim] Tera Blast Grass\n|-damage|p1a: Ursaluna|69\/100 brn\n|move|p1a: Ursaluna|Metronome|p1a: Ursaluna\n|move|p1a: Ursaluna|Dragon Darts|p2a: Coalossal|[from]move: Metronome\n|-crit|p2a: Coalossal\n|-damage|p2a: Coalossal|68\/100\n|-anim|p1a: Ursaluna|Dragon Darts|p2a: Coalossal\n|-damage|p2a: Coalossal|45\/100\n|\n|-damage|p1a: Ursaluna|63\/100 brn|[from] brn\n|upkeep\n|turn|5\n|\n|t:|1700981978\n|move|p2a: Coalossal|Rapid Spin|p1a: Ursaluna\n|-damage|p1a: Ursaluna|56\/100 brn\n|-boost|p2a: Coalossal|spe|1\n|move|p1a: Ursaluna|Metronome|p1a: Ursaluna\n|move|p1a: Ursaluna|Explosion|p2a: Coalossal|[from]move: Metronome\n|-damage|p2a: Coalossal|0 fnt\n|faint|p1a: Ursaluna\n|faint|p2a: Coalossal\n|\n|upkeep\n|c|\u2606eadd\u5185\u8499\u53e4\u306e\u6df1\u6d77\u5927\u9c7f\u9c7c|bomb\uff01\uff01\uff01\n|\n|t:|1700981993\n|switch|p2a: Charizard|Charizard, M|100\/100\n|switch|p1a: Snorlax|Snorlax, F|100\/100\n|turn|6\n|\n|t:|1700982000\n|detailschange|p2a: Charizard|Charizard-Mega-X, M\n|-mega|p2a: Charizard|Charizard|Charizardite X\n|move|p2a: Charizard|Flame Charge|p1a: Snorlax\n|-damage|p1a: Snorlax|86\/100\n|-boost|p2a: Charizard|spe|1\n|move|p1a: Snorlax|Metronome|p1a: Snorlax\n|move|p1a: Snorlax|Lunar Blessing|p1a: Snorlax|[from]move: Metronome\n|-heal|p1a: Snorlax|100\/100\n|\n|upkeep\n|turn|7\n|\n|t:|1700982010\n|move|p2a: Charizard|Dragon Claw|p1a: Snorlax\n|-damage|p1a: Snorlax|47\/100\n|move|p1a: Snorlax|Metronome|p1a: Snorlax\n|move|p1a: Snorlax|Chloroblast|p2a: Charizard|[from]move: Metronome|[miss]\n|-miss|p1a: Snorlax|p2a: Charizard\n|\n|-heal|p1a: Snorlax|53\/100|[from] item: Leftovers\n|upkeep\n|turn|8\n|\n|t:|1700982025\n|move|p2a: Charizard|Dragon Claw|p1a: Snorlax\n|-damage|p1a: Snorlax|5\/100\n|move|p1a: Snorlax|Metronome|p1a: Snorlax\n|move|p1a: Snorlax|Heavy Slam|p2a: Charizard|[from]move: Metronome\n|-resisted|p2a: Charizard\n|-damage|p2a: Charizard|85\/100\n|\n|-heal|p1a: Snorlax|11\/100|[from] item: Leftovers\n|upkeep\n|turn|9\n|\n|t:|1700982034\n|move|p2a: Charizard|Flame Charge|p1a: Snorlax\n|-damage|p1a: Snorlax|0 fnt\n|-boost|p2a: Charizard|spe|1\n|faint|p1a: Snorlax\n|\n|upkeep\n|\n|t:|1700982040\n|switch|p1a: Mew|Mew|100\/100\n|turn|10\n|\n|t:|1700982043\n|move|p2a: Charizard|Dragon Claw|p1a: Mew\n|-damage|p1a: Mew|47\/100\n|move|p1a: Mew|Metronome|p1a: Mew\n|move|p1a: Mew|Agility|p1a: Mew|[from]move: Metronome\n|-boost|p1a: Mew|spe|2\n|\n|upkeep\n|turn|11\n|\n|t:|1700982050\n|move|p1a: Mew|Metronome|p1a: Mew\n|move|p1a: Mew|Reversal|p2a: Charizard|[from]move: Metronome\n|-damage|p2a: Charizard|76\/100\n|move|p2a: Charizard|Fire Punch|p1a: Mew\n|-damage|p1a: Mew|0 fnt\n|faint|p1a: Mew\n|\n|upkeep\n|\n|t:|1700982057\n|switch|p1a: Dragonite|Dragonite, F|100\/100\n|turn|12\n|\n|t:|1700982060\n|move|p2a: Charizard|Dragon Claw|p1a: Dragonite\n|-supereffective|p1a: Dragonite\n|-crit|p1a: Dragonite\n|-damage|p1a: Dragonite|0 fnt\n|faint|p1a: Dragonite\n|\n|upkeep\n|\n|t:|1700982065\n|switch|p1a: Chansey|Chansey, F|100\/100\n|turn|13\n|\n|t:|1700982073\n|move|p2a: Charizard|Fire Punch|p1a: Chansey\n|-damage|p1a: Chansey|14\/100\n|move|p1a: Chansey|Metronome|p1a: Chansey\n|move|p1a: Chansey|Hydro Steam|p2a: Charizard|[from]move: Metronome\n|-damage|p2a: Charizard|67\/100\n|\n|upkeep\n|turn|14\n|\n|t:|1700982080\n|move|p2a: Charizard|Dragon Claw|p1a: Chansey\n|-damage|p1a: Chansey|0 fnt\n|faint|p1a: Chansey\n|\n|win|AN0MALY_USER_666\n|raw|eadd\u5185\u8499\u53e4\u306e\u6df1\u6d77\u5927\u9c7f\u9c7c's rating: 1098 &rarr; <strong>1073<\/strong><br \/>(-25 for losing)\n|raw|AN0MALY_USER_666's rating: 1091 &rarr; <strong>1118<\/strong><br \/>(+27 for winning)\n|l|\u2606eadd\u5185\u8499\u53e4\u306e\u6df1\u6d77\u5927\u9c7f\u9c7c\n","uploadtime":1700982092,"views":1,"p1id":"eadd","p2id":"an0malyuser666","formatid":"gen9nationaldex","rating":1073,"private":0,"password":""}