{"id":"gen9nationaldex-2000146836","p1":"slim36936","p2":"whmsycal","format":"[Gen 9] National Dex","log":"|html|<div class=\"broadcast-blue\"><strong>[Gen 9] National Dex is currently suspecting Sneasler! For information on how to participate check out the <a href=\"https:\/\/www.smogon.com\/forums\/threads\/sv-national-dex-suspect-8-just-dance.3731534\/\">suspect thread<\/a>.<\/strong><\/div>\n|j|\u2606slim36936\n|j|\u2606whmsycal\n|t:|1701162973\n|gametype|singles\n|player|p1|slim36936|cynthia-gen4|1145\n|player|p2|whmsycal|169|1147\n|teamsize|p1|6\n|teamsize|p2|6\n|gen|9\n|tier|[Gen 9] National Dex\n|rated|\n|rule|HP Percentage Mod: HP is shown in percentages\n|rule|Endless Battle Clause: Forcing endless battles is banned\n|rule|OHKO Clause: OHKO moves are banned\n|rule|Evasion Clause: Evasion abilities, items, and moves are banned\n|rule|Evasion Abilities Clause: Evasion abilities are banned\n|rule|Evasion Items Clause: Evasion items are banned\n|rule|Evasion Moves Clause: Evasion moves are banned\n|rule|Species Clause: Limit one of each Pok\u00e9mon\n|rule|Sleep Clause Mod: Limit one foe put to sleep\n|clearpoke\n|poke|p1|Dragonite, M|\n|poke|p1|Ursaluna, F|\n|poke|p1|Tapu Koko|\n|poke|p1|Garchomp, M|\n|poke|p1|Hoopa-Unbound|\n|poke|p1|Moltres|\n|poke|p2|Slaking, F|\n|poke|p2|Bastiodon, F|\n|poke|p2|Aggron, M|\n|poke|p2|Toxapex, F|\n|poke|p2|Blissey, F|\n|poke|p2|Tyranitar, F|\n|teampreview\n|inactive|Battle timer is ON: inactive players will automatically lose when time's up. (requested by whmsycal)\n|\n|t:|1701162995\n|start\n|switch|p1a: Moltres|Moltres|100\/100\n|switch|p2a: Tyranitar|Tyranitar, F|100\/100\n|-weather|Sandstorm|[from] ability: Sand Stream|[of] p2a: Tyranitar\n|turn|1\n|\n|t:|1701163011\n|move|p1a: Moltres|U-turn|p2a: Tyranitar\n|-supereffective|p2a: Tyranitar\n|-damage|p2a: Tyranitar|79\/100\n|\n|t:|1701163020\n|switch|p1a: Dragonite|Dragonite, M|100\/100|[from] U-turn\n|move|p2a: Tyranitar|Stone Edge|p1a: Dragonite\n|-supereffective|p1a: Dragonite\n|-damage|p1a: Dragonite|56\/100\n|\n|-weather|Sandstorm|[upkeep]\n|-damage|p1a: Dragonite|49\/100|[from] Sandstorm\n|upkeep\n|turn|2\n|\n|t:|1701163042\n|move|p1a: Dragonite|Superpower|p2a: Tyranitar\n|-supereffective|p2a: Tyranitar\n|-damage|p2a: Tyranitar|0 fnt\n|-unboost|p1a: Dragonite|atk|1\n|-unboost|p1a: Dragonite|def|1\n|faint|p2a: Tyranitar\n|\n|-weather|Sandstorm|[upkeep]\n|-damage|p1a: Dragonite|43\/100|[from] Sandstorm\n|upkeep\n|\n|t:|1701163053\n|switch|p2a: Slaking|Slaking, F|100\/100\n|turn|3\n|\n|t:|1701163063\n|move|p1a: Dragonite|Superpower|p2a: Slaking\n|-supereffective|p2a: Slaking\n|-damage|p2a: Slaking|51\/100\n|-unboost|p1a: Dragonite|atk|1\n|-unboost|p1a: Dragonite|def|1\n|move|p2a: Slaking|Return|p1a: Dragonite\n|-damage|p1a: Dragonite|0 fnt\n|faint|p1a: Dragonite\n|\n|-weather|Sandstorm|[upkeep]\n|-damage|p2a: Slaking|45\/100|[from] Sandstorm\n|-heal|p2a: Slaking|51\/100|[from] item: Leftovers\n|upkeep\n|inactive|slim36936 has 120 seconds left.\n|\n|t:|1701163094\n|switch|p1a: Tapu Koko|Tapu Koko|100\/100\n|-fieldstart|move: Electric Terrain|[from] ability: Electric Surge|[of] p1a: Tapu Koko\n|turn|4\n|\n|t:|1701163116\n|switch|p2a: Bastiodon|Bastiodon, F|100\/100\n|move|p1a: Tapu Koko|Dazzling Gleam|p2a: Bastiodon\n|-resisted|p2a: Bastiodon\n|-damage|p2a: Bastiodon|90\/100\n|\n|-weather|Sandstorm|[upkeep]\n|-damage|p1a: Tapu Koko|94\/100|[from] Sandstorm\n|-heal|p2a: Bastiodon|96\/100|[from] item: Leftovers\n|upkeep\n|turn|5\n|inactive|slim36936 has 120 seconds left.\n|\n|t:|1701163143\n|switch|p1a: Moltres|Moltres|100\/100\n|move|p2a: Bastiodon|Stealth Rock|p1a: Moltres\n|-sidestart|p1: slim36936|move: Stealth Rock\n|\n|-weather|Sandstorm|[upkeep]\n|-damage|p1a: Moltres|94\/100|[from] Sandstorm\n|-heal|p2a: Bastiodon|100\/100|[from] item: Leftovers\n|upkeep\n|turn|6\n|\n|t:|1701163159\n|move|p1a: Moltres|Flamethrower|p2a: Bastiodon\n|-damage|p2a: Bastiodon|83\/100\n|move|p2a: Bastiodon|Toxic|p1a: Moltres\n|-status|p1a: Moltres|tox\n|\n|-weather|Sandstorm|[upkeep]\n|-damage|p1a: Moltres|88\/100 tox|[from] Sandstorm\n|-heal|p2a: Bastiodon|89\/100|[from] item: Leftovers\n|-damage|p1a: Moltres|82\/100 tox|[from] psn\n|upkeep\n|turn|7\n|\n|t:|1701163171\n|move|p1a: Moltres|U-turn|p2a: Bastiodon\n|-resisted|p2a: Bastiodon\n|-damage|p2a: Bastiodon|85\/100\n|\n|t:|1701163174\n|switch|p1a: Hoopa|Hoopa-Unbound|100\/100|[from] U-turn\n|-damage|p1a: Hoopa|88\/100|[from] Stealth Rock\n|move|p2a: Bastiodon|Roar|p1a: Hoopa\n|drag|p1a: Ursaluna|Ursaluna, F|100\/100\n|-damage|p1a: Ursaluna|94\/100|[from] Stealth Rock\n|\n|-weather|Sandstorm|[upkeep]\n|-heal|p2a: Bastiodon|91\/100|[from] item: Leftovers\n|upkeep\n|turn|8\n|inactive|slim36936 has 90 seconds left.\n|inactive|whmsycal has 120 seconds left.\n|\n|t:|1701163206\n|move|p1a: Ursaluna|Body Slam|p2a: Bastiodon\n|-resisted|p2a: Bastiodon\n|-damage|p2a: Bastiodon|83\/100\n|move|p2a: Bastiodon|Toxic|p1a: Ursaluna\n|-status|p1a: Ursaluna|tox\n|\n|-weather|none\n|-heal|p2a: Bastiodon|89\/100|[from] item: Leftovers\n|-damage|p1a: Ursaluna|88\/100 tox|[from] psn\n|-fieldend|move: Electric Terrain\n|upkeep\n|turn|9\n|inactive|slim36936 has 90 seconds left.\n|inactive|whmsycal has 120 seconds left.\n|\n|t:|1701163222\n|move|p1a: Ursaluna|Headlong Rush|p2a: Bastiodon\n|-supereffective|p2a: Bastiodon\n|-damage|p2a: Bastiodon|0 fnt\n|-unboost|p1a: Ursaluna|def|1\n|-unboost|p1a: Ursaluna|spd|1\n|faint|p2a: Bastiodon\n|\n|-damage|p1a: Ursaluna|76\/100 tox|[from] psn\n|upkeep\n|\n|t:|1701163241\n|switch|p2a: Aggron|Aggron, M|100\/100\n|turn|10\n|inactive|slim36936 has 90 seconds left.\n|\n|t:|1701163257\n|detailschange|p2a: Aggron|Aggron-Mega, M\n|-mega|p2a: Aggron|Aggron|Aggronite\n|move|p2a: Aggron|Autotomize|p2a: Aggron\n|-boost|p2a: Aggron|spe|2\n|-start|p2a: Aggron|Autotomize\n|move|p1a: Ursaluna|Headlong Rush|p2a: Aggron\n|-supereffective|p2a: Aggron\n|-damage|p2a: Aggron|49\/100\n|-unboost|p1a: Ursaluna|def|1\n|-unboost|p1a: Ursaluna|spd|1\n|\n|-damage|p1a: Ursaluna|57\/100 tox|[from] psn\n|upkeep\n|turn|11\n|inactive|slim36936 has 90 seconds left.\n|\n|t:|1701163277\n|move|p2a: Aggron|Body Press|p1a: Ursaluna\n|-supereffective|p1a: Ursaluna\n|-crit|p1a: Ursaluna\n|-damage|p1a: Ursaluna|0 fnt\n|faint|p1a: Ursaluna\n|\n|upkeep\n|\n|t:|1701163288\n|switch|p1a: Moltres|Moltres|82\/100 tox\n|turn|12\n|\n|t:|1701163302\n|switch|p2a: Toxapex|Toxapex, F|100\/100\n|move|p1a: Moltres|Flamethrower|p2a: Toxapex\n|-resisted|p2a: Toxapex\n|-crit|p2a: Toxapex\n|-damage|p2a: Toxapex|82\/100\n|\n|-damage|p1a: Moltres|76\/100 tox|[from] psn\n|upkeep\n|turn|13\n|inactive|slim36936 has 90 seconds left.\n|\n|t:|1701163314\n|move|p1a: Moltres|U-turn|p2a: Toxapex\n|-resisted|p2a: Toxapex\n|-damage|p2a: Toxapex|77\/100\n|-damage|p1a: Moltres|60\/100 tox|[from] item: Rocky Helmet|[of] p2a: Toxapex\n|inactive|slim36936 has 90 seconds left.\n|\n|t:|1701163320\n|switch|p1a: Hoopa|Hoopa-Unbound|88\/100|[from] U-turn\n|-damage|p1a: Hoopa|76\/100|[from] Stealth Rock\n|move|p2a: Toxapex|Toxic Spikes|p1a: Hoopa\n|-sidestart|p1: slim36936|move: Toxic Spikes\n|\n|upkeep\n|turn|14\n|\n|t:|1701163340\n|move|p1a: Hoopa|Nasty Plot|p1a: Hoopa\n|-boost|p1a: Hoopa|spa|2\n|move|p2a: Toxapex|Scald|p1a: Hoopa\n|-damage|p1a: Hoopa|60\/100\n|\n|upkeep\n|turn|15\n|inactive|slim36936 has 90 seconds left.\n|\n|t:|1701163358\n|switch|p2a: Blissey|Blissey, F|100\/100\n|move|p1a: Hoopa|Dark Pulse|p2a: Blissey\n|-damage|p2a: Blissey|79\/100\n|\n|upkeep\n|turn|16\n|inactive|slim36936 has 90 seconds left.\n|\n|t:|1701163373\n|-zpower|p1a: Hoopa\n|move|p1a: Hoopa|All-Out Pummeling|p2a: Blissey|[zeffect]\n|-supereffective|p2a: Blissey\n|-damage|p2a: Blissey|14\/100\n|move|p2a: Blissey|Seismic Toss|p1a: Hoopa\n|-damage|p1a: Hoopa|27\/100\n|\n|upkeep\n|turn|17\n|inactive|slim36936 has 90 seconds left.\n|\n|t:|1701163392\n|move|p1a: Hoopa|Psyshock|p2a: Blissey\n|-damage|p2a: Blissey|0 fnt\n|faint|p2a: Blissey\n|\n|upkeep\n|inactive|whmsycal has 90 seconds left.\n|\n|t:|1701163414\n|switch|p2a: Toxapex|Toxapex, F|100\/100\n|turn|18\n|inactive|whmsycal has 90 seconds left.\n|inactive|slim36936 has 90 seconds left.\n|\n|t:|1701163425\n|move|p1a: Hoopa|Dark Pulse|p2a: Toxapex\n|-damage|p2a: Toxapex|18\/100\n|move|p2a: Toxapex|Scald|p1a: Hoopa\n|-damage|p1a: Hoopa|11\/100\n|\n|upkeep\n|turn|19\n|\n|t:|1701163433\n|move|p1a: Hoopa|Dark Pulse|p2a: Toxapex\n|-damage|p2a: Toxapex|0 fnt\n|faint|p2a: Toxapex\n|\n|upkeep\n|inactive|whmsycal has 90 seconds left.\n|-message|whmsycal forfeited.\n|\n|win|slim36936\n|raw|slim36936's rating: 1145 &rarr; <strong>1170<\/strong><br \/>(+25 for winning)\n|raw|whmsycal's rating: 1147 &rarr; <strong>1122<\/strong><br \/>(-25 for losing)\n|l|\u2606whmsycal\n","uploadtime":1701163464,"views":1,"p1id":"slim36936","p2id":"whmsycal","formatid":"gen9nationaldex","rating":1122,"private":0,"password":""}