{"id":"gen9nationaldex-1988140163","p1":"Yungly","p2":"Placeholder445","format":"[Gen 9] National Dex","log":"|j|\u2606Yungly\n|j|\u2606Placeholder445\n|t:|1699674626\n|gametype|singles\n|player|p1|Yungly|juggler|1077\n|player|p2|Placeholder445|pokekid|1065\n|teamsize|p1|6\n|teamsize|p2|6\n|gen|9\n|tier|[Gen 9] National Dex\n|rated|\n|rule|HP Percentage Mod: HP is shown in percentages\n|rule|Endless Battle Clause: Forcing endless battles is banned\n|rule|OHKO Clause: OHKO moves are banned\n|rule|Evasion Clause: Evasion abilities, items, and moves are banned\n|rule|Evasion Abilities Clause: Evasion abilities are banned\n|rule|Evasion Items Clause: Evasion items are banned\n|rule|Evasion Moves Clause: Evasion moves are banned\n|rule|Species Clause: Limit one of each Pok\u00e9mon\n|rule|Sleep Clause Mod: Limit one foe put to sleep\n|clearpoke\n|poke|p1|Gigalith, F|\n|poke|p1|Orbeetle, F|\n|poke|p1|Gallade, M|\n|poke|p1|Trevenant, F|\n|poke|p1|Pelipper, F|\n|poke|p1|Abomasnow, F|\n|poke|p2|Heracross, M|\n|poke|p2|Ribombee, M|\n|poke|p2|Gliscor, F|\n|poke|p2|Ninetales-Alola, M|\n|poke|p2|Clamperl, M|\n|poke|p2|Kommo-o, M|\n|teampreview\n|\n|t:|1699674645\n|start\n|switch|p1a: Rocky|Gigalith, F|100\/100\n|switch|p2a: Ribombee|Ribombee, M|100\/100\n|turn|1\n|\n|t:|1699674650\n|move|p2a: Ribombee|Stun Spore|p1a: Rocky\n|-status|p1a: Rocky|par\n|cant|p1a: Rocky|par\n|\n|upkeep\n|turn|2\n|\n|t:|1699674655\n|move|p2a: Ribombee|Sticky Web|p1a: Rocky\n|-sidestart|p1: Yungly|move: Sticky Web\n|move|p1a: Rocky|Stealth Rock|p2a: Ribombee\n|-sidestart|p2: Placeholder445|move: Stealth Rock\n|\n|upkeep\n|turn|3\n|\n|t:|1699674660\n|switch|p2a: Heracross|Heracross, M|100\/100\n|-damage|p2a: Heracross|88\/100|[from] Stealth Rock\n|move|p1a: Rocky|Stone Edge|p2a: Heracross\n|-damage|p2a: Heracross|23\/100\n|\n|upkeep\n|turn|4\n|\n|t:|1699674669\n|detailschange|p2a: Heracross|Heracross-Mega, M\n|-mega|p2a: Heracross|Heracross|Heracronite\n|move|p2a: Heracross|Trailblaze|p1a: Rocky\n|-supereffective|p1a: Rocky\n|-damage|p1a: Rocky|72\/100 par\n|-boost|p2a: Heracross|spe|1\n|-damage|p2a: Heracross|6\/100|[from] item: Rocky Helmet|[of] p1a: Rocky\n|move|p1a: Rocky|Earthquake|p2a: Heracross\n|-resisted|p2a: Heracross\n|-damage|p2a: Heracross|0 fnt\n|faint|p2a: Heracross\n|\n|upkeep\n|\n|t:|1699674676\n|switch|p2a: Kommo-o|Kommo-o, M|100\/100\n|-damage|p2a: Kommo-o|94\/100|[from] Stealth Rock\n|turn|5\n|\n|t:|1699674688\n|move|p2a: Kommo-o|Substitute|p2a: Kommo-o\n|-start|p2a: Kommo-o|Substitute\n|-damage|p2a: Kommo-o|70\/100\n|move|p1a: Rocky|Earthquake|p2a: Kommo-o\n|-activate|p2a: Kommo-o|move: Substitute|[damage]\n|\n|upkeep\n|turn|6\n|\n|t:|1699674709\n|-zpower|p2a: Kommo-o\n|move|p2a: Kommo-o|Clangorous Soulblaze|p1a: Rocky|[zeffect]\n|-damage|p1a: Rocky|10\/100 par\n|-boost|p2a: Kommo-o|atk|1\n|-boost|p2a: Kommo-o|def|1\n|-boost|p2a: Kommo-o|spa|1\n|-boost|p2a: Kommo-o|spd|1\n|-boost|p2a: Kommo-o|spe|1\n|move|p1a: Rocky|Earthquake|p2a: Kommo-o\n|-end|p2a: Kommo-o|Substitute\n|\n|upkeep\n|turn|7\n|\n|t:|1699674724\n|move|p2a: Kommo-o|Substitute|p2a: Kommo-o\n|-start|p2a: Kommo-o|Substitute\n|-damage|p2a: Kommo-o|45\/100\n|move|p1a: Rocky|Earthquake|p2a: Kommo-o\n|-crit|p2a: Kommo-o\n|-end|p2a: Kommo-o|Substitute\n|\n|upkeep\n|turn|8\n|\n|t:|1699674732\n|move|p2a: Kommo-o|Substitute|p2a: Kommo-o\n|-start|p2a: Kommo-o|Substitute\n|-damage|p2a: Kommo-o|20\/100\n|move|p1a: Rocky|Earthquake|p2a: Kommo-o\n|-activate|p2a: Kommo-o|move: Substitute|[damage]\n|\n|upkeep\n|turn|9\n|\n|t:|1699674737\n|move|p2a: Kommo-o|Iron Defense|p2a: Kommo-o\n|-boost|p2a: Kommo-o|def|2\n|cant|p1a: Rocky|par\n|\n|upkeep\n|turn|10\n|\n|t:|1699674747\n|move|p2a: Kommo-o|Body Press|p1a: Rocky\n|-supereffective|p1a: Rocky\n|-damage|p1a: Rocky|0 fnt\n|-damage|p2a: Kommo-o|4\/100|[from] item: Rocky Helmet|[of] p1a: Rocky\n|faint|p1a: Rocky\n|\n|upkeep\n|\n|t:|1699674754\n|switch|p1a: Flying Death|Pelipper, F|100\/100\n|-weather|RainDance|[from] ability: Drizzle|[of] p1a: Flying Death\n|turn|11\n|\n|t:|1699674759\n|move|p2a: Kommo-o|Clanging Scales|p1a: Flying Death\n|-damage|p1a: Flying Death|14\/100\n|-unboost|p2a: Kommo-o|def|1\n|move|p1a: Flying Death|Hurricane|p2a: Kommo-o\n|-supereffective|p2a: Kommo-o\n|-end|p2a: Kommo-o|Substitute\n|\n|-weather|RainDance|[upkeep]\n|upkeep\n|turn|12\n|\n|t:|1699674767\n|move|p2a: Kommo-o|Clanging Scales|p1a: Flying Death\n|-damage|p1a: Flying Death|0 fnt\n|faint|p1a: Flying Death\n|-unboost|p2a: Kommo-o|def|1\n|\n|-weather|RainDance|[upkeep]\n|upkeep\n|\n|t:|1699674777\n|switch|p1a: Ghost Grass|Trevenant, F|100\/100\n|-activate|p1a: Ghost Grass|move: Sticky Web\n|-unboost|p1a: Ghost Grass|spe|1\n|turn|13\n|\n|t:|1699674782\n|move|p2a: Kommo-o|Clanging Scales|p1a: Ghost Grass\n|-damage|p1a: Ghost Grass|47\/100\n|-unboost|p2a: Kommo-o|def|1\n|move|p1a: Ghost Grass|Shadow Claw|p2a: Kommo-o\n|-crit|p2a: Kommo-o\n|-damage|p2a: Kommo-o|0 fnt\n|faint|p2a: Kommo-o\n|\n|-weather|RainDance|[upkeep]\n|upkeep\n|\n|t:|1699674790\n|switch|p2a: Clamperl|Clamperl, M|100\/100\n|-damage|p2a: Clamperl|88\/100|[from] Stealth Rock\n|turn|14\n|\n|t:|1699674794\n|-terastallize|p2a: Clamperl|Grass\n|move|p2a: Clamperl|Shell Smash|p2a: Clamperl\n|-unboost|p2a: Clamperl|def|1\n|-unboost|p2a: Clamperl|spd|1\n|-boost|p2a: Clamperl|atk|2\n|-boost|p2a: Clamperl|spa|2\n|-boost|p2a: Clamperl|spe|2\n|move|p1a: Ghost Grass|Seed Bomb|p2a: Clamperl\n|-resisted|p2a: Clamperl\n|-damage|p2a: Clamperl|37\/100\n|\n|-weather|RainDance|[upkeep]\n|upkeep\n|turn|15\n|\n|t:|1699674804\n|move|p2a: Clamperl|Ice Beam|p1a: Ghost Grass\n|-supereffective|p1a: Ghost Grass\n|-damage|p1a: Ghost Grass|0 fnt\n|faint|p1a: Ghost Grass\n|\n|-weather|none\n|upkeep\n|\n|t:|1699674810\n|switch|p1a: Snewer|Abomasnow, F|100\/100\n|-activate|p1a: Snewer|move: Sticky Web\n|-unboost|p1a: Snewer|spe|1\n|-weather|Snow|[from] ability: Snow Warning|[of] p1a: Snewer\n|turn|16\n|\n|t:|1699674817\n|detailschange|p1a: Snewer|Abomasnow-Mega, F\n|-mega|p1a: Snewer|Abomasnow|Abomasite\n|move|p2a: Clamperl|Surf|p1a: Snewer\n|-resisted|p1a: Snewer\n|-damage|p1a: Snewer|43\/100\n|move|p1a: Snewer|Blizzard|p2a: Clamperl\n|-supereffective|p2a: Clamperl\n|-damage|p2a: Clamperl|0 fnt\n|faint|p2a: Clamperl\n|\n|-weather|Snow|[upkeep]\n|upkeep\n|\n|t:|1699674832\n|switch|p2a: Gliscor|Gliscor, F|100\/100\n|-damage|p2a: Gliscor|88\/100|[from] Stealth Rock\n|turn|17\n|\n|t:|1699674837\n|move|p2a: Gliscor|Knock Off|p1a: Snewer\n|-damage|p1a: Snewer|33\/100\n|move|p1a: Snewer|Blizzard|p2a: Gliscor\n|-supereffective|p2a: Gliscor\n|-damage|p2a: Gliscor|0 fnt\n|faint|p2a: Gliscor\n|\n|-weather|Snow|[upkeep]\n|upkeep\n|\n|t:|1699674841\n|switch|p2a: Ribombee|Ribombee, M|100\/100\n|-damage|p2a: Ribombee|76\/100|[from] Stealth Rock\n|turn|18\n|\n|t:|1699674850\n|move|p2a: Ribombee|Bug Buzz|p1a: Snewer\n|-supereffective|p1a: Snewer\n|-damage|p1a: Snewer|0 fnt\n|faint|p1a: Snewer\n|\n|-weather|Snow|[upkeep]\n|upkeep\n|\n|t:|1699674856\n|switch|p1a: Battle Boy|Gallade, M|100\/100\n|-activate|p1a: Battle Boy|move: Sticky Web\n|-unboost|p1a: Battle Boy|spe|1\n|turn|19\n|\n|t:|1699674862\n|move|p2a: Ribombee|Moonblast|p1a: Battle Boy\n|-supereffective|p1a: Battle Boy\n|-damage|p1a: Battle Boy|30\/100\n|move|p1a: Battle Boy|Ice Punch|p2a: Ribombee\n|-damage|p2a: Ribombee|17\/100\n|\n|-weather|Snow|[upkeep]\n|-heal|p1a: Battle Boy|37\/100|[from] item: Leftovers\n|upkeep\n|turn|20\n|\n|t:|1699674869\n|move|p2a: Ribombee|Moonblast|p1a: Battle Boy\n|-supereffective|p1a: Battle Boy\n|-damage|p1a: Battle Boy|0 fnt\n|faint|p1a: Battle Boy\n|\n|-weather|none\n|upkeep\n|\n|t:|1699674875\n|switch|p1a: Bug Boy|Orbeetle, F|100\/100\n|turn|21\n|\n|t:|1699674882\n|move|p2a: Ribombee|Moonblast|p1a: Bug Boy\n|-damage|p1a: Bug Boy|61\/100\n|move|p1a: Bug Boy|Bug Buzz|p2a: Ribombee\n|-resisted|p2a: Ribombee\n|-damage|p2a: Ribombee|0 fnt\n|faint|p2a: Ribombee\n|\n|upkeep\n|\n|t:|1699674887\n|switch|p2a: Ninetales|Ninetales-Alola, M|100\/100\n|-damage|p2a: Ninetales|76\/100|[from] Stealth Rock\n|-weather|Snow|[from] ability: Snow Warning|[of] p2a: Ninetales\n|turn|22\n|\n|t:|1699674893\n|-terastallize|p1a: Bug Boy|Bug\n|move|p2a: Ninetales|Blizzard|p1a: Bug Boy\n|-damage|p1a: Bug Boy|29\/100\n|move|p1a: Bug Boy|Bug Buzz|p2a: Ninetales\n|-resisted|p2a: Ninetales\n|-damage|p2a: Ninetales|46\/100\n|\n|-weather|Snow|[upkeep]\n|upkeep\n|turn|23\n|\n|t:|1699674901\n|move|p2a: Ninetales|Blizzard|p1a: Bug Boy\n|-damage|p1a: Bug Boy|0 fnt\n|faint|p1a: Bug Boy\n|\n|win|Placeholder445\n|raw|Yungly's rating: 1077 &rarr; <strong>1055<\/strong><br \/>(-22 for losing)\n|raw|Placeholder445's rating: 1065 &rarr; <strong>1096<\/strong><br \/>(+31 for winning)\n|c|\u2606Yungly|gg\n|l|\u2606Yungly\n|c|\u2606Placeholder445|gg\n","uploadtime":1699674917,"views":4,"p1id":"yungly","p2id":"placeholder445","formatid":"gen9nationaldex","rating":1055,"private":0,"password":""}