{"id":"gen9nationaldex-1987698535","p1":"RedHoodKat","p2":"The power of ROCK","format":"[Gen 9] National Dex","log":"|j|\u2606RedHoodKat\n|j|\u2606The power of ROCK\n|t:|1699628774\n|gametype|singles\n|player|p1|RedHoodKat|colress|\n|player|p2|The power of ROCK|roark|\n|teamsize|p1|6\n|teamsize|p2|6\n|gen|9\n|tier|[Gen 9] National Dex\n|rule|HP Percentage Mod: HP is shown in percentages\n|rule|Endless Battle Clause: Forcing endless battles is banned\n|rule|OHKO Clause: OHKO moves are banned\n|rule|Evasion Clause: Evasion abilities, items, and moves are banned\n|rule|Evasion Abilities Clause: Evasion abilities are banned\n|rule|Evasion Items Clause: Evasion items are banned\n|rule|Evasion Moves Clause: Evasion moves are banned\n|rule|Species Clause: Limit one of each Pok\u00e9mon\n|rule|Sleep Clause Mod: Limit one foe put to sleep\n|clearpoke\n|poke|p1|Heatran, M|\n|poke|p1|Scizor, M|\n|poke|p1|Bisharp, M|\n|poke|p1|Excadrill, M|\n|poke|p1|Aegislash, M|\n|poke|p1|Goodra-Hisui, F|\n|poke|p2|Tyranitar, M|\n|poke|p2|Garganacl, F|\n|poke|p2|Aggron, M|\n|poke|p2|Cradily, F|\n|poke|p2|Glimmora, M|\n|poke|p2|Stakataka|\n|teampreview\n|c|\u2606RedHoodKat|gl\n|c|\u2606The power of ROCK|Welcome to the ROCK gym\n|\n|t:|1699628824\n|start\n|switch|p1a: Immortal Killer|Goodra-Hisui, F, shiny|100\/100\n|switch|p2a: Aggron|Aggron, M|100\/100\n|turn|1\n|\n|t:|1699628836\n|detailschange|p2a: Aggron|Aggron-Mega, M\n|-mega|p2a: Aggron|Aggron|Aggronite\n|move|p1a: Immortal Killer|Flamethrower|p2a: Aggron\n|-supereffective|p2a: Aggron\n|-damage|p2a: Aggron|45\/100\n|move|p2a: Aggron|Body Press|p1a: Immortal Killer\n|-supereffective|p1a: Immortal Killer\n|-damage|p1a: Immortal Killer|10\/100\n|-damage|p2a: Aggron|29\/100|[from] item: Rocky Helmet|[of] p1a: Immortal Killer\n|-ability|p1a: Immortal Killer|Gooey\n|-unboost|p2a: Aggron|spe|1\n|\n|upkeep\n|turn|2\n|\n|t:|1699628842\n|switch|p2a: Tyranitar|Tyranitar, M|100\/100\n|-weather|Sandstorm|[from] ability: Sand Stream|[of] p2a: Tyranitar\n|move|p1a: Immortal Killer|Flamethrower|p2a: Tyranitar\n|-resisted|p2a: Tyranitar\n|-damage|p2a: Tyranitar|96\/100\n|\n|-weather|Sandstorm|[upkeep]\n|upkeep\n|turn|3\n|\n|t:|1699628848\n|move|p2a: Tyranitar|Pursuit|p1a: Immortal Killer\n|-damage|p1a: Immortal Killer|0 fnt\n|-damage|p2a: Tyranitar|80\/100|[from] item: Rocky Helmet|[of] p1a: Immortal Killer\n|-ability|p1a: Immortal Killer|Gooey\n|-unboost|p2a: Tyranitar|spe|1\n|faint|p1a: Immortal Killer\n|\n|-weather|Sandstorm|[upkeep]\n|upkeep\n|\n|t:|1699628852\n|switch|p1a: Cut Steel|Aegislash, M, shiny|100\/100\n|turn|4\n|\n|t:|1699628860\n|switch|p2a: Cradily|Cradily, F|100\/100\n|move|p1a: Cut Steel|King's Shield||[still]\n|-fail|p1a: Cut Steel\n|\n|-weather|Sandstorm|[upkeep]\n|upkeep\n|turn|5\n|\n|t:|1699628864\n|-formechange|p1a: Cut Steel|Aegislash-Blade||[from] ability: Stance Change\n|move|p1a: Cut Steel|Sacred Sword|p2a: Cradily\n|-supereffective|p2a: Cradily\n|-damage|p2a: Cradily|52\/100\n|move|p2a: Cradily|Leech Seed|p1a: Cut Steel\n|-start|p1a: Cut Steel|move: Leech Seed\n|\n|-weather|Sandstorm|[upkeep]\n|-damage|p1a: Cut Steel|88\/100|[from] Leech Seed|[of] p2a: Cradily\n|-heal|p2a: Cradily|62\/100|[silent]\n|upkeep\n|turn|6\n|\n|t:|1699628872\n|switch|p2a: Aggron|Aggron-Mega, M|29\/100\n|move|p1a: Cut Steel|Iron Head|p2a: Aggron\n|-resisted|p2a: Aggron\n|-crit|p2a: Aggron\n|-damage|p2a: Aggron|15\/100\n|\n|-weather|none\n|-damage|p1a: Cut Steel|76\/100|[from] Leech Seed|[of] p2a: Aggron\n|-heal|p2a: Aggron|26\/100|[silent]\n|upkeep\n|turn|7\n|\n|t:|1699628880\n|move|p1a: Cut Steel|Sacred Sword|p2a: Aggron\n|-supereffective|p2a: Aggron\n|-damage|p2a: Aggron|4\/100\n|move|p2a: Aggron|Rest|p2a: Aggron\n|-status|p2a: Aggron|slp|[from] move: Rest\n|-heal|p2a: Aggron|100\/100 slp|[silent]\n|\n|-damage|p1a: Cut Steel|63\/100|[from] Leech Seed|[of] p2a: Aggron\n|upkeep\n|turn|8\n|\n|t:|1699628890\n|switch|p1a: Burnt Frog...Toad?|Heatran, M|100\/100\n|cant|p2a: Aggron|slp\n|move|p2a: Aggron|Sleep Talk|p2a: Aggron\n|move|p2a: Aggron|Rest||[from]move: Sleep Talk|[still]\n|-fail|p2a: Aggron\n|\n|upkeep\n|turn|9\n|c|\u2606RedHoodKat|lol\n|\n|t:|1699628902\n|switch|p2a: Tyranitar|Tyranitar, M|80\/100\n|-weather|Sandstorm|[from] ability: Sand Stream|[of] p2a: Tyranitar\n|move|p1a: Burnt Frog...Toad?|Magma Storm|p2a: Tyranitar\n|-resisted|p2a: Tyranitar\n|-damage|p2a: Tyranitar|70\/100\n|-activate|p2a: Tyranitar|move: Magma Storm|[of] p1a: Burnt Frog...Toad?\n|\n|-weather|Sandstorm|[upkeep]\n|-damage|p2a: Tyranitar|58\/100|[from] move: Magma Storm|[partiallytrapped]\n|upkeep\n|turn|10\n|\n|t:|1699628912\n|move|p1a: Burnt Frog...Toad?|Earth Power|p2a: Tyranitar\n|-supereffective|p2a: Tyranitar\n|-damage|p2a: Tyranitar|38\/100\n|move|p2a: Tyranitar|Knock Off|p1a: Burnt Frog...Toad?\n|-damage|p1a: Burnt Frog...Toad?|63\/100\n|-enditem|p1a: Burnt Frog...Toad?|Charcoal|[from] move: Knock Off|[of] p2a: Tyranitar\n|\n|-weather|Sandstorm|[upkeep]\n|-damage|p2a: Tyranitar|25\/100|[from] move: Magma Storm|[partiallytrapped]\n|upkeep\n|turn|11\n|\n|t:|1699628921\n|move|p1a: Burnt Frog...Toad?|Earth Power|p2a: Tyranitar\n|-supereffective|p2a: Tyranitar\n|-damage|p2a: Tyranitar|7\/100\n|move|p2a: Tyranitar|Rock Blast|p1a: Burnt Frog...Toad?|[miss]\n|-miss|p2a: Tyranitar|p1a: Burnt Frog...Toad?\n|\n|-weather|Sandstorm|[upkeep]\n|-damage|p2a: Tyranitar|0 fnt|[from] move: Magma Storm|[partiallytrapped]\n|faint|p2a: Tyranitar\n|upkeep\n|\n|t:|1699628927\n|switch|p2a: Garganacl|Garganacl, F|100\/100\n|turn|12\n|\n|t:|1699628931\n|move|p1a: Burnt Frog...Toad?|Magma Storm|p2a: Garganacl|[miss]\n|-miss|p1a: Burnt Frog...Toad?|p2a: Garganacl\n|move|p2a: Garganacl|Iron Defense|p2a: Garganacl\n|-boost|p2a: Garganacl|def|2\n|\n|-weather|Sandstorm|[upkeep]\n|upkeep\n|turn|13\n|\n|t:|1699628937\n|move|p1a: Burnt Frog...Toad?|Magma Storm|p2a: Garganacl\n|-resisted|p2a: Garganacl\n|-damage|p2a: Garganacl|89\/100\n|-activate|p2a: Garganacl|move: Magma Storm|[of] p1a: Burnt Frog...Toad?\n|-enditem|p2a: Garganacl|Maranga Berry|[eat]\n|-boost|p2a: Garganacl|spd|1|[from] item: Maranga Berry\n|move|p2a: Garganacl|Salt Cure|p1a: Burnt Frog...Toad?\n|-damage|p1a: Burnt Frog...Toad?|52\/100\n|-start|p1a: Burnt Frog...Toad?|Salt Cure\n|\n|-weather|none\n|-damage|p1a: Burnt Frog...Toad?|27\/100|[from] Salt Cure\n|-damage|p2a: Garganacl|76\/100|[from] move: Magma Storm|[partiallytrapped]\n|upkeep\n|turn|14\n|\n|t:|1699628949\n|-terastallize|p2a: Garganacl|Ghost\n|move|p1a: Burnt Frog...Toad?|Earth Power|p2a: Garganacl\n|-damage|p2a: Garganacl|60\/100\n|move|p2a: Garganacl|Iron Defense|p2a: Garganacl\n|-boost|p2a: Garganacl|def|2\n|\n|-damage|p1a: Burnt Frog...Toad?|2\/100|[from] Salt Cure\n|-damage|p2a: Garganacl|48\/100|[from] move: Magma Storm|[partiallytrapped]\n|upkeep\n|turn|15\n|\n|t:|1699628955\n|move|p1a: Burnt Frog...Toad?|Dark Pulse|p2a: Garganacl\n|-supereffective|p2a: Garganacl\n|-damage|p2a: Garganacl|22\/100\n|move|p2a: Garganacl|Recover|p2a: Garganacl\n|-heal|p2a: Garganacl|72\/100\n|\n|-damage|p1a: Burnt Frog...Toad?|0 fnt|[from] Salt Cure\n|faint|p1a: Burnt Frog...Toad?\n|-end|p2a: Garganacl|Magma Storm|[partiallytrapped]|[silent]\n|upkeep\n|\n|t:|1699628964\n|switch|p1a: Cut Steel|Aegislash, M, shiny|63\/100\n|turn|16\n|\n|t:|1699628999\n|-formechange|p1a: Cut Steel|Aegislash-Blade||[from] ability: Stance Change\n|move|p1a: Cut Steel|Night Slash|p2a: Garganacl\n|-supereffective|p2a: Garganacl\n|-damage|p2a: Garganacl|59\/100\n|move|p2a: Garganacl|Salt Cure|p1a: Cut Steel\n|-resisted|p1a: Cut Steel\n|-damage|p1a: Cut Steel|51\/100\n|-start|p1a: Cut Steel|Salt Cure\n|\n|-damage|p1a: Cut Steel|26\/100|[from] Salt Cure\n|upkeep\n|turn|17\n|\n|t:|1699629007\n|move|p1a: Cut Steel|Night Slash|p2a: Garganacl\n|-supereffective|p2a: Garganacl\n|-damage|p2a: Garganacl|46\/100\n|move|p2a: Garganacl|Recover|p2a: Garganacl\n|-heal|p2a: Garganacl|96\/100\n|\n|-damage|p1a: Cut Steel|1\/100|[from] Salt Cure\n|upkeep\n|turn|18\n|\n|t:|1699629013\n|move|p1a: Cut Steel|Night Slash|p2a: Garganacl\n|-supereffective|p2a: Garganacl\n|-damage|p2a: Garganacl|84\/100\n|move|p2a: Garganacl|Recover|p2a: Garganacl\n|-heal|p2a: Garganacl|100\/100\n|\n|-damage|p1a: Cut Steel|0 fnt|[from] Salt Cure\n|faint|p1a: Cut Steel\n|upkeep\n|\n|t:|1699629018\n|switch|p1a: Mole Man|Excadrill, M|100\/100\n|-ability|p1a: Mole Man|Mold Breaker\n|turn|19\n|\n|t:|1699629023\n|move|p1a: Mole Man|Iron Head|p2a: Garganacl\n|-damage|p2a: Garganacl|88\/100\n|move|p2a: Garganacl|Body Press|p1a: Mole Man\n|-supereffective|p1a: Mole Man\n|-damage|p1a: Mole Man|0 fnt\n|faint|p1a: Mole Man\n|\n|upkeep\n|\n|t:|1699629031\n|switch|p1a: Beats Paper|Scizor, M|100\/100\n|turn|20\n|\n|t:|1699629035\n|move|p1a: Beats Paper|Dual Wingbeat|p2a: Garganacl\n|-damage|p2a: Garganacl|83\/100\n|-damage|p2a: Garganacl|77\/100\n|-hitcount|p2a: Garganacl|2\n|move|p2a: Garganacl|Salt Cure|p1a: Beats Paper\n|-damage|p1a: Beats Paper|84\/100\n|-start|p1a: Beats Paper|Salt Cure\n|\n|-damage|p1a: Beats Paper|59\/100|[from] Salt Cure\n|upkeep\n|turn|21\n|\n|t:|1699629044\n|move|p1a: Beats Paper|Bullet Punch|p2a: Garganacl\n|-damage|p2a: Garganacl|67\/100\n|move|p2a: Garganacl|Iron Defense|p2a: Garganacl\n|-boost|p2a: Garganacl|def|2\n|\n|-damage|p1a: Beats Paper|35\/100|[from] Salt Cure\n|upkeep\n|turn|22\n|c|\u2606RedHoodKat|can you guess my least favorite pokemon?\n|\n|t:|1699629071\n|move|p1a: Beats Paper|Bullet Punch|p2a: Garganacl\n|-damage|p2a: Garganacl|61\/100\n|move|p2a: Garganacl|Recover|p2a: Garganacl\n|-heal|p2a: Garganacl|100\/100\n|\n|-damage|p1a: Beats Paper|10\/100|[from] Salt Cure\n|upkeep\n|turn|23\n|c|\u2606The power of ROCK|bishar\n|c|\u2606The power of ROCK|bisharp\n|c|\u2606RedHoodKat|least\n|c|\u2606The power of ROCK|garg\n|c|\u2606RedHoodKat|its gargancl.\n|c|\u2606The power of ROCK|lol\n|c|\u2606The power of ROCK|xD\n|\n|t:|1699629095\n|move|p1a: Beats Paper|Bullet Punch|p2a: Garganacl\n|-damage|p2a: Garganacl|93\/100\n|move|p2a: Garganacl|Recover|p2a: Garganacl\n|-heal|p2a: Garganacl|100\/100\n|\n|-damage|p1a: Beats Paper|0 fnt|[from] Salt Cure\n|faint|p1a: Beats Paper\n|upkeep\n|\n|t:|1699629101\n|switch|p1a: 2 Sharp|Bisharp, M, shiny|100\/100\n|turn|24\n|\n|t:|1699629112\n|move|p1a: 2 Sharp|Sucker Punch|p2a: Garganacl\n|-supereffective|p2a: Garganacl\n|-damage|p2a: Garganacl|87\/100\n|move|p2a: Garganacl|Body Press|p1a: 2 Sharp\n|-supereffective|p1a: 2 Sharp\n|-damage|p1a: 2 Sharp|0 fnt\n|faint|p1a: 2 Sharp\n|\n|win|The power of ROCK\n|c|\u2606The power of ROCK|gg xD\n","uploadtime":1699629120,"views":5,"p1id":"redhoodkat","p2id":"thepowerofrock","formatid":"gen9nationaldex","rating":0,"private":0,"password":""}