{"id":"gen9nationaldex-1998209157","p1":"DJRRRR","p2":"mzsls","format":"[Gen 9] National Dex","log":"|html|<div class=\"broadcast-blue\"><strong>[Gen 9] National Dex is currently suspecting Sneasler! For information on how to participate check out the <a href=\"https:\/\/www.smogon.com\/forums\/threads\/sv-national-dex-suspect-8-just-dance.3731534\/\">suspect thread<\/a>.<\/strong><\/div>\n|j|\u2606DJRRRR\n|j|\u2606mzsls\n|t:|1700913021\n|gametype|singles\n|player|p1|DJRRRR|2|1379\n|player|p2|mzsls|gardenia|1322\n|teamsize|p1|6\n|teamsize|p2|6\n|gen|9\n|tier|[Gen 9] National Dex\n|rated|\n|rule|HP Percentage Mod: HP is shown in percentages\n|rule|Endless Battle Clause: Forcing endless battles is banned\n|rule|OHKO Clause: OHKO moves are banned\n|rule|Evasion Clause: Evasion abilities, items, and moves are banned\n|rule|Evasion Abilities Clause: Evasion abilities are banned\n|rule|Evasion Items Clause: Evasion items are banned\n|rule|Evasion Moves Clause: Evasion moves are banned\n|rule|Species Clause: Limit one of each Pok\u00e9mon\n|rule|Sleep Clause Mod: Limit one foe put to sleep\n|clearpoke\n|poke|p1|Diancie|\n|poke|p1|Urshifu-*, M|\n|poke|p1|Hoopa-Unbound|\n|poke|p1|Dragonite, F|\n|poke|p1|Rillaboom, M|\n|poke|p1|Alomomola, M|\n|poke|p2|Charizard, M|\n|poke|p2|Torkoal, F|\n|poke|p2|Flygon, M|\n|poke|p2|Kartana|\n|poke|p2|Ceruledge, F|\n|poke|p2|Venusaur, M|\n|teampreview\n|inactive|Battle timer is ON: inactive players will automatically lose when time's up. (requested by mzsls)\n|\n|t:|1700913037\n|start\n|switch|p1a: Diancie|Diancie|100\/100\n|switch|p2a: Torkoal|Torkoal, F|100\/100\n|-weather|SunnyDay|[from] ability: Drought|[of] p2a: Torkoal\n|turn|1\n|\n|t:|1700913048\n|detailschange|p1a: Diancie|Diancie-Mega\n|-mega|p1a: Diancie|Diancie|Diancite\n|move|p1a: Diancie|Diamond Storm|p2a: Torkoal|[miss]\n|-miss|p1a: Diancie|p2a: Torkoal\n|move|p2a: Torkoal|Lava Plume|p1a: Diancie\n|-resisted|p1a: Diancie\n|-damage|p1a: Diancie|72\/100\n|\n|-weather|SunnyDay|[upkeep]\n|upkeep\n|turn|2\n|\n|t:|1700913058\n|switch|p2a: Kartana|Kartana|100\/100\n|move|p1a: Diancie|Earth Power|p2a: Kartana\n|-damage|p2a: Kartana|0 fnt\n|faint|p2a: Kartana\n|\n|-weather|SunnyDay|[upkeep]\n|upkeep\n|\n|t:|1700913071\n|switch|p2a: Venusaur|Venusaur, M|100\/100\n|turn|3\n|\n|t:|1700913077\n|switch|p1a: Dragonite|Dragonite, F|100\/100\n|move|p2a: Venusaur|Growth|p2a: Venusaur\n|-boost|p2a: Venusaur|atk|2\n|-boost|p2a: Venusaur|spa|2\n|\n|-weather|SunnyDay|[upkeep]\n|upkeep\n|turn|4\n|\n|t:|1700913085\n|move|p2a: Venusaur|Sludge Bomb|p1a: Dragonite\n|-crit|p1a: Dragonite\n|-damage|p1a: Dragonite|33\/100\n|-damage|p2a: Venusaur|91\/100|[from] item: Life Orb\n|move|p1a: Dragonite|Earthquake|p2a: Venusaur\n|-damage|p2a: Venusaur|45\/100\n|\n|-weather|SunnyDay|[upkeep]\n|upkeep\n|turn|5\n|\n|t:|1700913102\n|switch|p1a: Rillaboom|Rillaboom, M|100\/100\n|-fieldstart|move: Grassy Terrain|[from] ability: Grassy Surge|[of] p1a: Rillaboom\n|move|p2a: Venusaur|Sludge Bomb|p1a: Rillaboom\n|-supereffective|p1a: Rillaboom\n|-damage|p1a: Rillaboom|0 fnt\n|faint|p1a: Rillaboom\n|-damage|p2a: Venusaur|35\/100|[from] item: Life Orb\n|\n|-weather|none\n|-heal|p2a: Venusaur|41\/100|[from] Grassy Terrain\n|upkeep\n|\n|t:|1700913112\n|switch|p1a: Diancie|Diancie-Mega|72\/100\n|turn|6\n|\n|t:|1700913130\n|move|p1a: Diancie|Diamond Storm|p2a: Venusaur\n|-damage|p2a: Venusaur|0 fnt\n|faint|p2a: Venusaur\n|\n|-heal|p1a: Diancie|78\/100|[from] Grassy Terrain\n|upkeep\n|\n|t:|1700913134\n|switch|p2a: Charizard|Charizard, M|100\/100\n|turn|7\n|\n|t:|1700913152\n|switch|p2a: Ceruledge|Ceruledge, F|100\/100\n|move|p1a: Diancie|Diamond Storm|p2a: Ceruledge\n|-supereffective|p2a: Ceruledge\n|-enditem|p2a: Ceruledge|Focus Sash\n|-damage|p2a: Ceruledge|1\/100\n|-boost|p1a: Diancie|def|2\n|-ability|p2a: Ceruledge|Weak Armor|boost\n|-unboost|p2a: Ceruledge|def|1\n|-boost|p2a: Ceruledge|spe|2\n|\n|-heal|p2a: Ceruledge|7\/100|[from] Grassy Terrain\n|-heal|p1a: Diancie|84\/100|[from] Grassy Terrain\n|upkeep\n|turn|8\n|\n|t:|1700913168\n|switch|p1a: Alomomola|Alomomola, M|100\/100\n|move|p2a: Ceruledge|Poltergeist|p1a: Alomomola\n|-activate|p1a: Alomomola|move: Poltergeist|Heavy-Duty Boots\n|-damage|p1a: Alomomola|65\/100\n|\n|-heal|p2a: Ceruledge|13\/100|[from] Grassy Terrain\n|-heal|p1a: Alomomola|71\/100|[from] Grassy Terrain\n|upkeep\n|turn|9\n|\n|t:|1700913180\n|move|p2a: Ceruledge|Poltergeist|p1a: Alomomola\n|-activate|p1a: Alomomola|move: Poltergeist|Heavy-Duty Boots\n|-damage|p1a: Alomomola|35\/100\n|move|p1a: Alomomola|Flip Turn|p2a: Ceruledge\n|-supereffective|p2a: Ceruledge\n|-damage|p2a: Ceruledge|0 fnt\n|faint|p2a: Ceruledge\n|\n|t:|1700913185\n|switch|p1a: Diancie|Diancie-Mega|84\/100|[from] Flip Turn\n|\n|-heal|p1a: Diancie|91\/100|[from] Grassy Terrain\n|-fieldend|move: Grassy Terrain\n|upkeep\n|\n|t:|1700913199\n|switch|p2a: Flygon|Flygon, M|100\/100\n|turn|10\n|\n|t:|1700913221\n|switch|p1a: Dragonite|Dragonite, F|33\/100\n|move|p2a: Flygon|Earthquake|p1a: Dragonite\n|-immune|p1a: Dragonite\n|\n|upkeep\n|turn|11\n|\n|t:|1700913226\n|move|p2a: Flygon|Draco Meteor|p1a: Dragonite\n|-supereffective|p1a: Dragonite\n|-damage|p1a: Dragonite|0 fnt\n|-unboost|p2a: Flygon|spa|2\n|faint|p1a: Dragonite\n|-damage|p2a: Flygon|91\/100|[from] item: Life Orb\n|\n|upkeep\n|\n|t:|1700913229\n|switch|p1a: Diancie|Diancie-Mega|91\/100\n|turn|12\n|\n|t:|1700913232\n|move|p1a: Diancie|Moonblast|p2a: Flygon\n|-supereffective|p2a: Flygon\n|-damage|p2a: Flygon|0 fnt\n|faint|p2a: Flygon\n|\n|upkeep\n|\n|t:|1700913237\n|switch|p2a: Torkoal|Torkoal, F|100\/100\n|-weather|SunnyDay|[from] ability: Drought|[of] p2a: Torkoal\n|turn|13\n|\n|t:|1700913245\n|move|p1a: Diancie|Earth Power|p2a: Torkoal\n|-supereffective|p2a: Torkoal\n|-damage|p2a: Torkoal|2\/100\n|move|p2a: Torkoal|Body Press|p1a: Diancie\n|-damage|p1a: Diancie|46\/100\n|\n|-weather|SunnyDay|[upkeep]\n|-heal|p2a: Torkoal|8\/100|[from] item: Leftovers\n|upkeep\n|turn|14\n|\n|t:|1700913256\n|move|p1a: Diancie|Stealth Rock|p2a: Torkoal\n|-sidestart|p2: mzsls|move: Stealth Rock\n|move|p2a: Torkoal|Body Press|p1a: Diancie\n|-damage|p1a: Diancie|2\/100\n|\n|-weather|SunnyDay|[upkeep]\n|-heal|p2a: Torkoal|14\/100|[from] item: Leftovers\n|upkeep\n|turn|15\n|\n|t:|1700913264\n|move|p1a: Diancie|Moonblast|p2a: Torkoal\n|-resisted|p2a: Torkoal\n|-damage|p2a: Torkoal|0 fnt\n|faint|p2a: Torkoal\n|\n|-weather|SunnyDay|[upkeep]\n|upkeep\n|-message|mzsls forfeited.\n|\n|win|DJRRRR\n|raw|DJRRRR's rating: 1379 &rarr; <strong>1396<\/strong><br \/>(+17 for winning)\n|raw|mzsls's rating: 1322 &rarr; <strong>1305<\/strong><br \/>(-17 for losing)\n|l|\u2606mzsls\n","uploadtime":1700913269,"views":0,"p1id":"djrrrr","p2id":"mzsls","formatid":"gen9nationaldex","rating":1305,"private":0,"password":""}