{"id":"gen9nationaldex-1997413070","p1":"Hooploops<3","p2":"yueyue12345","format":"[Gen 9] National Dex","log":"|html|<div class=\"broadcast-blue\"><strong>[Gen 9] National Dex is currently suspecting Sneasler! For information on how to participate check out the <a href=\"https:\/\/www.smogon.com\/forums\/threads\/sv-national-dex-suspect-8-just-dance.3731534\/\">suspect thread<\/a>.<\/strong><\/div>\n|j|\u2606Hooploops<3\n|j|\u2606yueyue12345\n|t:|1700801187\n|gametype|singles\n|player|p1|Hooploops<3|caitlin|1310\n|player|p2|yueyue12345|lucas|1365\n|teamsize|p1|6\n|teamsize|p2|6\n|gen|9\n|tier|[Gen 9] National Dex\n|rated|\n|rule|HP Percentage Mod: HP is shown in percentages\n|rule|Endless Battle Clause: Forcing endless battles is banned\n|rule|OHKO Clause: OHKO moves are banned\n|rule|Evasion Clause: Evasion abilities, items, and moves are banned\n|rule|Evasion Abilities Clause: Evasion abilities are banned\n|rule|Evasion Items Clause: Evasion items are banned\n|rule|Evasion Moves Clause: Evasion moves are banned\n|rule|Species Clause: Limit one of each Pok\u00e9mon\n|rule|Sleep Clause Mod: Limit one foe put to sleep\n|clearpoke\n|poke|p1|Altaria, F|\n|poke|p1|Empoleon, F|\n|poke|p1|Mimikyu, F|\n|poke|p1|Excadrill, F|\n|poke|p1|Volcarona, F|\n|poke|p1|Lilligant, F|\n|poke|p2|Diancie|\n|poke|p2|Victini|\n|poke|p2|Bisharp, F|\n|poke|p2|Zamazenta-*|\n|poke|p2|Hawlucha, F|\n|poke|p2|Aggron, M|\n|teampreview\n|\n|t:|1700801201\n|start\n|switch|p1a: Excadrill|Excadrill, F, shiny|100\/100\n|switch|p2a: Diancie|Diancie|100\/100\n|-ability|p1a: Excadrill|Mold Breaker\n|turn|1\n|inactive|Battle timer is ON: inactive players will automatically lose when time's up. (requested by yueyue12345)\n|\n|t:|1700801225\n|detailschange|p2a: Diancie|Diancie-Mega\n|-mega|p2a: Diancie|Diancie|Diancite\n|-terastallize|p1a: Excadrill|Ground\n|move|p2a: Diancie|Substitute|p2a: Diancie\n|-start|p2a: Diancie|Substitute\n|-damage|p2a: Diancie|76\/100\n|move|p1a: Excadrill|Rapid Spin|p2a: Diancie\n|-resisted|p2a: Diancie\n|-activate|p2a: Diancie|move: Substitute|[damage]\n|-boost|p1a: Excadrill|spe|1\n|\n|upkeep\n|turn|2\n|\n|t:|1700801241\n|move|p1a: Excadrill|Iron Head|p2a: Diancie\n|-supereffective|p2a: Diancie\n|-end|p2a: Diancie|Substitute\n|move|p2a: Diancie|Substitute|p2a: Diancie\n|-start|p2a: Diancie|Substitute\n|-damage|p2a: Diancie|51\/100\n|\n|upkeep\n|turn|3\n|\n|t:|1700801250\n|move|p1a: Excadrill|Iron Head|p2a: Diancie\n|-supereffective|p2a: Diancie\n|-end|p2a: Diancie|Substitute\n|move|p2a: Diancie|Substitute|p2a: Diancie\n|-start|p2a: Diancie|Substitute\n|-damage|p2a: Diancie|26\/100\n|\n|upkeep\n|turn|4\n|\n|t:|1700801256\n|move|p1a: Excadrill|Iron Head|p2a: Diancie\n|-supereffective|p2a: Diancie\n|-end|p2a: Diancie|Substitute\n|move|p2a: Diancie|Substitute|p2a: Diancie\n|-start|p2a: Diancie|Substitute\n|-damage|p2a: Diancie|1\/100\n|\n|upkeep\n|turn|5\n|\n|t:|1700801260\n|move|p1a: Excadrill|Iron Head|p2a: Diancie\n|-supereffective|p2a: Diancie\n|-end|p2a: Diancie|Substitute\n|move|p2a: Diancie|Endeavor|p1a: Excadrill\n|-damage|p1a: Excadrill|1\/100\n|\n|upkeep\n|turn|6\n|\n|t:|1700801269\n|move|p1a: Excadrill|Earthquake|p2a: Diancie\n|-supereffective|p2a: Diancie\n|-damage|p2a: Diancie|0 fnt\n|faint|p2a: Diancie\n|\n|upkeep\n|\n|t:|1700801283\n|switch|p2a: Bisharp|Bisharp, F|100\/100\n|turn|7\n|\n|t:|1700801289\n|move|p1a: Excadrill|Stealth Rock|p2a: Bisharp\n|-sidestart|p2: yueyue12345|move: Stealth Rock\n|move|p2a: Bisharp|Pursuit|p1a: Excadrill\n|-crit|p1a: Excadrill\n|-damage|p1a: Excadrill|0 fnt\n|faint|p1a: Excadrill\n|\n|upkeep\n|inactive|Hooploops<3 has 120 seconds left.\n|\n|t:|1700801320\n|switch|p1a: Mimikyu|Mimikyu, F, shiny|100\/100\n|turn|8\n|\n|t:|1700801326\n|move|p1a: Mimikyu|Swords Dance|p1a: Mimikyu\n|-boost|p1a: Mimikyu|atk|2\n|move|p2a: Bisharp|Pursuit|p1a: Mimikyu\n|-activate|p1a: Mimikyu|ability: Disguise\n|-damage|p1a: Mimikyu|100\/100\n|detailschange|p1a: Mimikyu|Mimikyu-Busted, F, shiny\n|-damage|p1a: Mimikyu|88\/100|[from] pokemon: Mimikyu-Busted\n|\n|upkeep\n|turn|9\n|\n|t:|1700801338\n|switch|p2a: Aggron|Aggron, M|100\/100\n|-damage|p2a: Aggron|94\/100|[from] Stealth Rock\n|move|p1a: Mimikyu|Drain Punch|p2a: Aggron\n|-supereffective|p2a: Aggron\n|-damage|p2a: Aggron|0 fnt\n|-heal|p1a: Mimikyu|100\/100|[from] drain|[of] p2a: Aggron\n|faint|p2a: Aggron\n|-damage|p1a: Mimikyu|91\/100|[from] item: Life Orb\n|\n|upkeep\n|\n|t:|1700801342\n|switch|p2a: Victini|Victini|100\/100\n|-damage|p2a: Victini|76\/100|[from] Stealth Rock\n|turn|10\n|\n|t:|1700801351\n|move|p1a: Mimikyu|Shadow Sneak|p2a: Victini\n|-supereffective|p2a: Victini\n|-damage|p2a: Victini|0 fnt\n|faint|p2a: Victini\n|-damage|p1a: Mimikyu|81\/100|[from] item: Life Orb\n|\n|upkeep\n|\n|t:|1700801355\n|switch|p2a: Zamazenta|Zamazenta|100\/100\n|-damage|p2a: Zamazenta|94\/100|[from] Stealth Rock\n|-ability|p2a: Zamazenta|Dauntless Shield|boost\n|-boost|p2a: Zamazenta|def|1\n|turn|11\n|\n|t:|1700801361\n|-terastallize|p2a: Zamazenta|Steel\n|move|p2a: Zamazenta|Heavy Slam|p1a: Mimikyu\n|-supereffective|p1a: Mimikyu\n|-damage|p1a: Mimikyu|0 fnt\n|faint|p1a: Mimikyu\n|\n|-heal|p2a: Zamazenta|100\/100|[from] item: Leftovers\n|upkeep\n|\n|t:|1700801376\n|switch|p1a: Volcarona|Volcarona, F, shiny|100\/100\n|turn|12\n|\n|t:|1700801381\n|move|p2a: Zamazenta|Iron Defense|p2a: Zamazenta\n|-boost|p2a: Zamazenta|def|2\n|move|p1a: Volcarona|Quiver Dance|p1a: Volcarona\n|-boost|p1a: Volcarona|spa|1\n|-boost|p1a: Volcarona|spd|1\n|-boost|p1a: Volcarona|spe|1\n|\n|upkeep\n|turn|13\n|\n|t:|1700801385\n|move|p1a: Volcarona|Fiery Dance|p2a: Zamazenta\n|-supereffective|p2a: Zamazenta\n|-damage|p2a: Zamazenta|0 fnt\n|-boost|p1a: Volcarona|spa|1\n|faint|p2a: Zamazenta\n|\n|upkeep\n|\n|t:|1700801390\n|switch|p2a: Bisharp|Bisharp, F|100\/100\n|-damage|p2a: Bisharp|95\/100|[from] Stealth Rock\n|turn|14\n|\n|t:|1700801393\n|move|p1a: Volcarona|Fiery Dance|p2a: Bisharp\n|-supereffective|p2a: Bisharp\n|-damage|p2a: Bisharp|0 fnt\n|faint|p2a: Bisharp\n|\n|upkeep\n|\n|t:|1700801395\n|switch|p2a: Hawlucha|Hawlucha, F, shiny|100\/100\n|-damage|p2a: Hawlucha|88\/100|[from] Stealth Rock\n|turn|15\n|-message|yueyue12345 forfeited.\n|\n|win|Hooploops<3\n|raw|Hooploops&lt;3's rating: 1310 &rarr; <strong>1333<\/strong><br \/>(+23 for winning)\n|raw|yueyue12345's rating: 1365 &rarr; <strong>1342<\/strong><br \/>(-23 for losing)\n|l|\u2606yueyue12345\n","uploadtime":1700801403,"views":15,"p1id":"hooploops3","p2id":"yueyue12345","formatid":"gen9nationaldex","rating":1333,"private":0,"password":""}