{"id":"gen9nationaldex-1994385460","p1":"JBBBBB","p2":"Woodchucknorris24","format":"[Gen 9] National Dex","log":"|j|\u2606JBBBBB\n|j|\u2606Woodchucknorris24\n|t:|1700437888\n|gametype|singles\n|player|p1|JBBBBB|battlegirl-gen4|\n|player|p2|Woodchucknorris24|clown|\n|teamsize|p1|6\n|teamsize|p2|6\n|gen|9\n|tier|[Gen 9] National Dex\n|rule|HP Percentage Mod: HP is shown in percentages\n|rule|Endless Battle Clause: Forcing endless battles is banned\n|rule|OHKO Clause: OHKO moves are banned\n|rule|Evasion Clause: Evasion abilities, items, and moves are banned\n|rule|Evasion Abilities Clause: Evasion abilities are banned\n|rule|Evasion Items Clause: Evasion items are banned\n|rule|Evasion Moves Clause: Evasion moves are banned\n|rule|Species Clause: Limit one of each Pok\u00e9mon\n|rule|Sleep Clause Mod: Limit one foe put to sleep\n|clearpoke\n|poke|p1|Cleffa, F|\n|poke|p1|Luvdisc, F|\n|poke|p1|Sentret, F|\n|poke|p1|Swinub, F|\n|poke|p1|Dreepy, F|\n|poke|p1|Pawmi, F|\n|poke|p2|Swinub, M|\n|poke|p2|Zubat, F|\n|poke|p2|Lotad, F|\n|poke|p2|Cleffa, M|\n|poke|p2|Luvdisc, F|\n|poke|p2|Starly, M|\n|teampreview\n|inactive|Battle timer is ON: inactive players will automatically lose when time's up. (requested by Woodchucknorris24)\n|c|\u2606Woodchucknorris24|glhf\n|c|\u2606JBBBBB|U2!\n|\n|t:|1700437913\n|start\n|switch|p1a: Silly Little Gal|Swinub, F, shiny|100\/100\n|switch|p2a: trick or treating|Luvdisc, F|100\/100\n|turn|1\n|\n|t:|1700437919\n|move|p2a: trick or treating|Toxic|p1a: Silly Little Gal\n|-status|p1a: Silly Little Gal|tox\n|move|p1a: Silly Little Gal|Stealth Rock|p2a: trick or treating\n|-sidestart|p2: Woodchucknorris24|move: Stealth Rock\n|\n|-damage|p1a: Silly Little Gal|95\/100 tox|[from] psn\n|upkeep\n|turn|2\n|\n|t:|1700437927\n|move|p2a: trick or treating|Wish|p2a: trick or treating\n|move|p1a: Silly Little Gal|Trailblaze|p2a: trick or treating\n|-supereffective|p2a: trick or treating\n|-damage|p2a: trick or treating|75\/100\n|-boost|p1a: Silly Little Gal|spe|1\n|\n|-heal|p2a: trick or treating|81\/100|[from] item: Leftovers\n|-damage|p1a: Silly Little Gal|83\/100 tox|[from] psn\n|upkeep\n|turn|3\n|\n|t:|1700437948\n|switch|p2a: LIVE REACTION|Lotad, F|100\/100\n|-damage|p2a: LIVE REACTION|88\/100|[from] Stealth Rock\n|switch|p1a: Frisk Underrune|Sentret, F, shiny|100\/100\n|-item|p2a: LIVE REACTION|Eviolite|[from] ability: Frisk|[of] p1a: Frisk Underrune|[identify]\n|\n|-heal|p2a: LIVE REACTION|100\/100|[from] move: Wish|[wisher] trick or treating\n|upkeep\n|turn|4\n|\n|t:|1700437962\n|switch|p2a: dog|Starly, M|100\/100\n|-damage|p2a: dog|76\/100|[from] Stealth Rock\n|move|p1a: Frisk Underrune|Knock Off|p2a: dog\n|-damage|p2a: dog|4\/100\n|-enditem|p2a: dog|Choice Band|[from] move: Knock Off|[of] p1a: Frisk Underrune\n|\n|upkeep\n|turn|5\n|\n|t:|1700437978\n|move|p2a: dog|Double-Edge|p1a: Frisk Underrune\n|-damage|p1a: Frisk Underrune|15\/100\n|-damage|p2a: dog|0 fnt|[from] Recoil\n|faint|p2a: dog\n|move|p1a: Frisk Underrune|Knock Off|p2: dog|[notarget]\n|-fail|p1a: Frisk Underrune\n|\n|upkeep\n|\n|t:|1700437981\n|switch|p2a: trick or treating|Luvdisc, F|81\/100\n|-damage|p2a: trick or treating|69\/100|[from] Stealth Rock\n|turn|6\n|\n|t:|1700437990\n|move|p2a: trick or treating|Ice Beam|p1a: Frisk Underrune\n|-damage|p1a: Frisk Underrune|0 fnt\n|faint|p1a: Frisk Underrune\n|\n|-heal|p2a: trick or treating|75\/100|[from] item: Leftovers\n|upkeep\n|\n|t:|1700438001\n|switch|p1a: Doctor Ewpy|Dreepy, F, shiny|100\/100\n|turn|7\n|\n|t:|1700438004\n|move|p2a: trick or treating|Protect|p2a: trick or treating\n|-singleturn|p2a: trick or treating|Protect\n|move|p1a: Doctor Ewpy|Infestation|p2a: trick or treating\n|-activate|p2a: trick or treating|move: Protect\n|\n|-heal|p2a: trick or treating|81\/100|[from] item: Leftovers\n|upkeep\n|turn|8\n|\n|t:|1700438014\n|move|p1a: Doctor Ewpy|Thunder Wave|p2a: trick or treating\n|-status|p2a: trick or treating|par\n|move|p2a: trick or treating|Ice Beam|p1a: Doctor Ewpy\n|-supereffective|p1a: Doctor Ewpy\n|-damage|p1a: Doctor Ewpy|38\/100\n|\n|-heal|p2a: trick or treating|87\/100 par|[from] item: Leftovers\n|upkeep\n|turn|9\n|\n|t:|1700438025\n|move|p1a: Doctor Ewpy|Draco Meteor|p2a: trick or treating\n|-damage|p2a: trick or treating|32\/100 par\n|-unboost|p1a: Doctor Ewpy|spa|2\n|move|p2a: trick or treating|Wish|p2a: trick or treating\n|\n|-heal|p2a: trick or treating|38\/100 par|[from] item: Leftovers\n|upkeep\n|turn|10\n|\n|t:|1700438034\n|move|p1a: Doctor Ewpy|Confuse Ray|p2a: trick or treating\n|-start|p2a: trick or treating|confusion\n|-activate|p2a: trick or treating|confusion\n|move|p2a: trick or treating|Ice Beam|p1a: Doctor Ewpy\n|-supereffective|p1a: Doctor Ewpy\n|-damage|p1a: Doctor Ewpy|0 fnt\n|faint|p1a: Doctor Ewpy\n|\n|-heal|p2a: trick or treating|88\/100 par|[from] move: Wish|[wisher] trick or treating\n|-heal|p2a: trick or treating|94\/100 par|[from] item: Leftovers\n|upkeep\n|\n|t:|1700438051\n|switch|p1a: Stinky|Pawmi, F, shiny|100\/100\n|turn|11\n|\n|t:|1700438056\n|switch|p2a: LIVE REACTION|Lotad, F|100\/100\n|-damage|p2a: LIVE REACTION|88\/100|[from] Stealth Rock\n|move|p1a: Stinky|Wild Charge|p2a: LIVE REACTION\n|-crit|p2a: LIVE REACTION\n|-damage|p2a: LIVE REACTION|57\/100\n|-damage|p1a: Stinky|93\/100|[from] Recoil\n|\n|upkeep\n|turn|12\n|\n|t:|1700438066\n|move|p1a: Stinky|Wish|p1a: Stinky\n|move|p2a: LIVE REACTION|Synthesis|p2a: LIVE REACTION\n|-heal|p2a: LIVE REACTION|100\/100\n|\n|upkeep\n|turn|13\n|\n|t:|1700438072\n|move|p1a: Stinky|Volt Switch|p2a: LIVE REACTION\n|-damage|p2a: LIVE REACTION|86\/100\n|\n|t:|1700438076\n|switch|p1a: Why She Eepy|Cleffa, F, shiny|100\/100|[from] Volt Switch\n|move|p2a: LIVE REACTION|Leech Seed|p1a: Why She Eepy\n|-start|p1a: Why She Eepy|move: Leech Seed\n|\n|upkeep\n|turn|14\n|\n|t:|1700438084\n|switch|p2a: Tuskothy|Zubat, F|100\/100\n|-damage|p2a: Tuskothy|75\/100|[from] Stealth Rock\n|move|p1a: Why She Eepy|Calm Mind|p1a: Why She Eepy\n|-boost|p1a: Why She Eepy|spa|1\n|-boost|p1a: Why She Eepy|spd|1\n|\n|upkeep\n|turn|15\n|\n|t:|1700438098\n|move|p2a: Tuskothy|Defog|p1a: Why She Eepy\n|-unboost|p1a: Why She Eepy|evasion|1\n|-sideend|p2: Woodchucknorris24|Stealth Rock|[from] move: Defog|[of] p2a: Tuskothy\n|move|p1a: Why She Eepy|Calm Mind|p1a: Why She Eepy\n|-boost|p1a: Why She Eepy|spa|1\n|-boost|p1a: Why She Eepy|spd|1\n|\n|upkeep\n|turn|16\n|\n|t:|1700438110\n|move|p2a: Tuskothy|Brave Bird|p1a: Why She Eepy\n|-damage|p1a: Why She Eepy|77\/100\n|-damage|p2a: Tuskothy|67\/100|[from] Recoil\n|move|p1a: Why She Eepy|Stored Power|p2a: Tuskothy\n|-supereffective|p2a: Tuskothy\n|-damage|p2a: Tuskothy|0 fnt\n|faint|p2a: Tuskothy\n|\n|upkeep\n|\n|t:|1700438114\n|switch|p2a: nerd|Swinub, M|100\/100\n|turn|17\n|\n|t:|1700438122\n|move|p2a: nerd|Earthquake|p1a: Why She Eepy\n|-damage|p1a: Why She Eepy|35\/100\n|-damage|p2a: nerd|91\/100|[from] item: Life Orb\n|move|p1a: Why She Eepy|Draining Kiss|p2a: nerd\n|-damage|p2a: nerd|36\/100\n|-heal|p1a: Why She Eepy|75\/100|[from] drain|[of] p2a: nerd\n|\n|upkeep\n|turn|18\n|\n|t:|1700438132\n|move|p2a: nerd|Icicle Crash|p1a: Why She Eepy\n|-damage|p1a: Why She Eepy|36\/100\n|-damage|p2a: nerd|26\/100|[from] item: Life Orb\n|move|p1a: Why She Eepy|Draining Kiss|p2a: nerd\n|-damage|p2a: nerd|0 fnt\n|-heal|p1a: Why She Eepy|55\/100|[from] drain|[of] p2a: nerd\n|faint|p2a: nerd\n|\n|upkeep\n|\n|t:|1700438134\n|switch|p2a: there is no escape|Cleffa, M|100\/100\n|turn|19\n|\n|t:|1700438145\n|move|p1a: Why She Eepy|Soft-Boiled|p1a: Why She Eepy\n|-heal|p1a: Why She Eepy|100\/100\n|move|p2a: there is no escape|Seismic Toss|p1a: Why She Eepy\n|-damage|p1a: Why She Eepy|68\/100\n|\n|upkeep\n|turn|20\n|\n|t:|1700438163\n|move|p1a: Why She Eepy|Soft-Boiled|p1a: Why She Eepy\n|-heal|p1a: Why She Eepy|100\/100\n|move|p2a: there is no escape|Seismic Toss|p1a: Why She Eepy\n|-damage|p1a: Why She Eepy|68\/100\n|\n|upkeep\n|turn|21\n|\n|t:|1700438171\n|move|p2a: there is no escape|Seismic Toss|p1a: Why She Eepy\n|-damage|p1a: Why She Eepy|35\/100\n|move|p1a: Why She Eepy|Draining Kiss|p2a: there is no escape\n|-damage|p2a: there is no escape|85\/100\n|-heal|p1a: Why She Eepy|47\/100|[from] drain|[of] p2a: there is no escape\n|\n|upkeep\n|turn|22\n|\n|t:|1700438180\n|move|p1a: Why She Eepy|Soft-Boiled|p1a: Why She Eepy\n|-heal|p1a: Why She Eepy|97\/100\n|move|p2a: there is no escape|Seismic Toss|p1a: Why She Eepy\n|-damage|p1a: Why She Eepy|64\/100\n|\n|upkeep\n|turn|23\n|\n|t:|1700438189\n|move|p1a: Why She Eepy|Stored Power|p2a: there is no escape\n|-damage|p2a: there is no escape|64\/100\n|move|p2a: there is no escape|Seismic Toss|p1a: Why She Eepy\n|-damage|p1a: Why She Eepy|31\/100\n|\n|upkeep\n|turn|24\n|\n|t:|1700438196\n|move|p2a: there is no escape|Seismic Toss|p1a: Why She Eepy\n|-damage|p1a: Why She Eepy|0 fnt\n|faint|p1a: Why She Eepy\n|\n|upkeep\n|c|\u2606JBBBBB|Fucking\n|\n|t:|1700438209\n|switch|p1a: Silly Little Gal|Swinub, F, shiny|83\/100 tox\n|turn|25\n|c|\u2606Woodchucknorris24|speed ties am i right\n|\n|t:|1700438214\n|switch|p2a: LIVE REACTION|Lotad, F|86\/100\n|move|p1a: Silly Little Gal|Earthquake|p2a: LIVE REACTION\n|-resisted|p2a: LIVE REACTION\n|-damage|p2a: LIVE REACTION|69\/100\n|\n|-damage|p1a: Silly Little Gal|77\/100 tox|[from] psn\n|upkeep\n|turn|26\n|c|\u2606JBBBBB|Speed ties make me physically cringe\n|\n|t:|1700438229\n|move|p1a: Silly Little Gal|Trailblaze|p2a: LIVE REACTION\n|-damage|p2a: LIVE REACTION|57\/100\n|-boost|p1a: Silly Little Gal|spe|1\n|move|p2a: LIVE REACTION|Giga Drain|p1a: Silly Little Gal\n|-supereffective|p1a: Silly Little Gal\n|-damage|p1a: Silly Little Gal|29\/100 tox\n|-heal|p2a: LIVE REACTION|83\/100|[from] drain|[of] p1a: Silly Little Gal\n|\n|-damage|p1a: Silly Little Gal|17\/100 tox|[from] psn\n|upkeep\n|turn|27\n|c|\u2606JBBBBB|Yea fuck this I can't break this\n|-message|JBBBBB forfeited.\n|\n|win|Woodchucknorris24\n|c|\u2606Woodchucknorris24|gg\n|c|\u2606JBBBBB|GG\n|l|\u2606JBBBBB\n|j|\u2606JBBBBB\n|player|p1|JBBBBB|battlegirl-gen4\n","uploadtime":1700438281,"views":16,"p1id":"jbbbbb","p2id":"woodchucknorris24","formatid":"gen9nationaldex","rating":0,"private":0,"password":""}