{"id":"gen9nationaldex-1991337828","p1":"pas_da_sauce","p2":"xenoswagzilla","format":"[Gen 9] National Dex","log":"|j|\u2606pas_da_sauce\n|j|\u2606xenoswagzilla\n|t:|1700068796\n|gametype|singles\n|player|p1|pas_da_sauce|266|1107\n|player|p2|xenoswagzilla|marlon|1159\n|teamsize|p1|6\n|teamsize|p2|6\n|gen|9\n|tier|[Gen 9] National Dex\n|rated|\n|rule|HP Percentage Mod: HP is shown in percentages\n|rule|Endless Battle Clause: Forcing endless battles is banned\n|rule|OHKO Clause: OHKO moves are banned\n|rule|Evasion Clause: Evasion abilities, items, and moves are banned\n|rule|Evasion Abilities Clause: Evasion abilities are banned\n|rule|Evasion Items Clause: Evasion items are banned\n|rule|Evasion Moves Clause: Evasion moves are banned\n|rule|Species Clause: Limit one of each Pok\u00e9mon\n|rule|Sleep Clause Mod: Limit one foe put to sleep\n|clearpoke\n|poke|p1|Tyranitar, M|\n|poke|p1|Espeon, F|\n|poke|p1|Scizor, F|\n|poke|p1|Gengar, M|\n|poke|p1|Dragonite, M|\n|poke|p1|Greninja-*, M|\n|poke|p2|Aggron, M|\n|poke|p2|Victini|\n|poke|p2|Rotom-Wash|\n|poke|p2|Sinistcha|\n|poke|p2|Tyranitar, M|\n|poke|p2|Nidoking, M|\n|teampreview\n|\n|t:|1700068806\n|start\n|switch|p1a: Tyranitar|Tyranitar, M|100\/100\n|switch|p2a: Rotom|Rotom-Wash|100\/100\n|-ability|p1a: Tyranitar|Unnerve\n|turn|1\n|\n|t:|1700068817\n|move|p2a: Rotom|Hydro Pump|p1a: Tyranitar\n|-supereffective|p1a: Tyranitar\n|-damage|p1a: Tyranitar|23\/100\n|move|p1a: Tyranitar|Crunch|p2a: Rotom\n|-damage|p2a: Rotom|52\/100\n|\n|-heal|p1a: Tyranitar|29\/100|[from] item: Leftovers\n|upkeep\n|turn|2\n|\n|t:|1700068846\n|move|p2a: Rotom|Hydro Pump|p1a: Tyranitar|[miss]\n|-miss|p2a: Rotom|p1a: Tyranitar\n|move|p1a: Tyranitar|Stone Edge|p2a: Rotom|[miss]\n|-miss|p1a: Tyranitar|p2a: Rotom\n|\n|-heal|p1a: Tyranitar|35\/100|[from] item: Leftovers\n|upkeep\n|turn|3\n|\n|t:|1700068855\n|move|p2a: Rotom|Hydro Pump|p1a: Tyranitar\n|-supereffective|p1a: Tyranitar\n|-damage|p1a: Tyranitar|0 fnt\n|faint|p1a: Tyranitar\n|\n|upkeep\n|\n|t:|1700068861\n|switch|p1a: Scizor|Scizor, F|100\/100\n|turn|4\n|\n|t:|1700068869\n|detailschange|p1a: Scizor|Scizor-Mega, F\n|-mega|p1a: Scizor|Scizor|Scizorite\n|move|p2a: Rotom|Hydro Pump|p1a: Scizor\n|-damage|p1a: Scizor|41\/100\n|move|p1a: Scizor|Swords Dance|p1a: Scizor\n|-boost|p1a: Scizor|atk|2\n|\n|upkeep\n|turn|5\n|\n|t:|1700068890\n|move|p1a: Scizor|Bullet Punch|p2a: Rotom\n|-resisted|p2a: Rotom\n|-damage|p2a: Rotom|30\/100\n|move|p2a: Rotom|Reflect|p2a: Rotom\n|-sidestart|p2: xenoswagzilla|Reflect\n|\n|upkeep\n|turn|6\n|\n|t:|1700068898\n|move|p2a: Rotom|Hydro Pump|p1a: Scizor\n|-damage|p1a: Scizor|0 fnt\n|faint|p1a: Scizor\n|\n|upkeep\n|\n|t:|1700068908\n|switch|p1a: Dragonite|Dragonite, M|100\/100\n|turn|7\n|\n|t:|1700068925\n|-terastallize|p1a: Dragonite|Dragon\n|move|p1a: Dragonite|Dragon Dance|p1a: Dragonite\n|-boost|p1a: Dragonite|atk|1\n|-boost|p1a: Dragonite|spe|1\n|move|p2a: Rotom|Light Screen|p2a: Rotom\n|-sidestart|p2: xenoswagzilla|move: Light Screen\n|\n|upkeep\n|turn|8\n|\n|t:|1700068933\n|move|p1a: Dragonite|Dragon Claw|p2a: Rotom\n|-damage|p2a: Rotom|0 fnt\n|faint|p2a: Rotom\n|\n|upkeep\n|\n|t:|1700068940\n|switch|p2a: Aggron|Aggron, M|100\/100\n|turn|9\n|\n|t:|1700068947\n|detailschange|p2a: Aggron|Aggron-Mega, M\n|-mega|p2a: Aggron|Aggron|Aggronite\n|move|p1a: Dragonite|Fire Punch|p2a: Aggron\n|-supereffective|p2a: Aggron\n|-damage|p2a: Aggron|85\/100\n|move|p2a: Aggron|Outrage|p1a: Dragonite\n|-supereffective|p1a: Dragonite\n|-damage|p1a: Dragonite|53\/100\n|\n|-heal|p1a: Dragonite|60\/100|[from] item: Leftovers\n|upkeep\n|turn|10\n|\n|t:|1700068963\n|move|p1a: Dragonite|Dragon Dance|p1a: Dragonite\n|-boost|p1a: Dragonite|atk|1\n|-boost|p1a: Dragonite|spe|1\n|move|p2a: Aggron|Outrage|p1a: Dragonite|[from]lockedmove\n|-supereffective|p1a: Dragonite\n|-damage|p1a: Dragonite|0 fnt\n|faint|p1a: Dragonite\n|-start|p2a: Aggron|confusion|[fatigue]\n|\n|upkeep\n|\n|t:|1700068977\n|switch|p1a: Gengar|Gengar, M|100\/100\n|turn|11\n|\n|t:|1700068991\n|move|p1a: Gengar|Shadow Ball|p2a: Aggron\n|-damage|p2a: Aggron|55\/100\n|-activate|p2a: Aggron|confusion\n|-damage|p2a: Aggron|48\/100|[from] confusion\n|\n|upkeep\n|turn|12\n|\n|t:|1700068999\n|move|p1a: Gengar|Shadow Ball|p2a: Aggron\n|-damage|p2a: Aggron|20\/100\n|-activate|p2a: Aggron|confusion\n|move|p2a: Aggron|Heavy Slam|p1a: Gengar\n|-enditem|p1a: Gengar|Focus Sash\n|-damage|p1a: Gengar|1\/100\n|-start|p2a: Aggron|Disable|Heavy Slam|[from] ability: Cursed Body|[of] p1a: Gengar\n|\n|-sideend|p2: xenoswagzilla|Reflect\n|upkeep\n|turn|13\n|\n|t:|1700069015\n|move|p1a: Gengar|Shadow Ball|p2a: Aggron\n|-damage|p2a: Aggron|0 fnt\n|faint|p2a: Aggron\n|\n|upkeep\n|\n|t:|1700069034\n|switch|p2a: Tyranitar|Tyranitar, M|100\/100\n|-weather|Sandstorm|[from] ability: Sand Stream|[of] p2a: Tyranitar\n|turn|14\n|\n|t:|1700069042\n|move|p1a: Gengar|Destiny Bond|p1a: Gengar\n|-singlemove|p1a: Gengar|Destiny Bond\n|move|p2a: Tyranitar|Knock Off|p1a: Gengar\n|-supereffective|p1a: Gengar\n|-damage|p1a: Gengar|0 fnt\n|-start|p2a: Tyranitar|Disable|Knock Off|[from] ability: Cursed Body|[of] p1a: Gengar\n|faint|p1a: Gengar\n|-activate|p1a: Gengar|move: Destiny Bond\n|faint|p2a: Tyranitar\n|\n|-weather|Sandstorm|[upkeep]\n|-sideend|p2: xenoswagzilla|move: Light Screen\n|upkeep\n|\n|t:|1700069060\n|switch|p1a: Espeon|Espeon, F|100\/100\n|switch|p2a: Victini|Victini|100\/100\n|turn|15\n|\n|t:|1700069066\n|move|p1a: Espeon|Shadow Ball|p2a: Victini\n|-supereffective|p2a: Victini\n|-damage|p2a: Victini|48\/100\n|-unboost|p2a: Victini|spd|1\n|move|p2a: Victini|Trick Room|p2a: Victini\n|-fieldstart|move: Trick Room|[of] p2a: Victini\n|\n|-weather|Sandstorm|[upkeep]\n|-damage|p2a: Victini|42\/100|[from] Sandstorm\n|-damage|p1a: Espeon|94\/100|[from] Sandstorm\n|upkeep\n|turn|16\n|\n|t:|1700069075\n|move|p2a: Victini|U-turn|p1a: Espeon\n|-supereffective|p1a: Espeon\n|-damage|p1a: Espeon|6\/100\n|\n|t:|1700069079\n|switch|p2a: Nidoking|Nidoking, M|100\/100|[from] U-turn\n|move|p1a: Espeon|Shadow Ball|p2a: Nidoking\n|-damage|p2a: Nidoking|61\/100\n|\n|-weather|Sandstorm|[upkeep]\n|-damage|p1a: Espeon|0 fnt|[from] Sandstorm\n|faint|p1a: Espeon\n|upkeep\n|\n|t:|1700069089\n|switch|p1a: Greninja|Greninja, M|100\/100\n|turn|17\n|\n|t:|1700069098\n|move|p2a: Nidoking|Body Slam|p1a: Greninja\n|-damage|p1a: Greninja|44\/100\n|move|p1a: Greninja|Hydro Pump|p2a: Nidoking\n|-supereffective|p2a: Nidoking\n|-damage|p2a: Nidoking|0 fnt\n|faint|p2a: Nidoking\n|-ability|p1a: Greninja|Battle Bond|boost\n|-boost|p1a: Greninja|atk|1\n|-boost|p1a: Greninja|spa|1\n|-boost|p1a: Greninja|spe|1\n|-activate|p1a: Greninja|ability: Battle Bond\n|\n|-weather|Sandstorm|[upkeep]\n|-damage|p1a: Greninja|38\/100|[from] Sandstorm\n|upkeep\n|\n|t:|1700069105\n|switch|p2a: Sinistcha|Sinistcha|100\/100\n|turn|18\n|\n|t:|1700069114\n|-terastallize|p2a: Sinistcha|Grass\n|move|p2a: Sinistcha|Matcha Gotcha|p1a: Greninja\n|-supereffective|p1a: Greninja\n|-damage|p1a: Greninja|0 fnt\n|faint|p1a: Greninja\n|\n|win|xenoswagzilla\n|raw|pas_da_sauce's rating: 1107 &rarr; <strong>1086<\/strong><br \/>(-21 for losing)\n|raw|xenoswagzilla's rating: 1159 &rarr; <strong>1180<\/strong><br \/>(+21 for winning)\n","uploadtime":1700069124,"views":4,"p1id":"pasdasauce","p2id":"xenoswagzilla","formatid":"gen9nationaldex","rating":1086,"private":0,"password":""}