{"id":"gen9nationaldex-1994051426","p1":"moniika","p2":"UserJexx","format":"[Gen 9] National Dex","log":"|j|\u2606moniika\n|j|\u2606UserJexx\n|t:|1700400113\n|gametype|singles\n|player|p1|moniika|hexmaniac-gen6|\n|player|p2|UserJexx|lusamine-nihilego|\n|teamsize|p1|6\n|teamsize|p2|6\n|gen|9\n|tier|[Gen 9] National Dex\n|rule|HP Percentage Mod: HP is shown in percentages\n|rule|Endless Battle Clause: Forcing endless battles is banned\n|rule|OHKO Clause: OHKO moves are banned\n|rule|Evasion Clause: Evasion abilities, items, and moves are banned\n|rule|Evasion Abilities Clause: Evasion abilities are banned\n|rule|Evasion Items Clause: Evasion items are banned\n|rule|Evasion Moves Clause: Evasion moves are banned\n|rule|Species Clause: Limit one of each Pok\u00e9mon\n|rule|Sleep Clause Mod: Limit one foe put to sleep\n|clearpoke\n|poke|p1|Gardevoir, F|\n|poke|p1|Garchomp, F|\n|poke|p1|Bisharp, F|\n|poke|p1|Serperior, F|\n|poke|p1|Ribombee, F|\n|poke|p1|Ditto|\n|poke|p2|Goodra-Hisui, F|\n|poke|p2|Ceruledge, M|\n|poke|p2|Gliscor, F|\n|poke|p2|Hatterene, F|\n|poke|p2|Gastrodon-East, M|\n|poke|p2|Ditto|\n|teampreview\n|inactive|Battle timer is ON: inactive players will automatically lose when time's up. (requested by moniika)\n|c|\u2606UserJexx|Na id win\n|c|\u2606moniika|nah I'd win\n|c|\u2606moniika|I have the wrong evs on bisharp\n|inactive|moniika has 270 seconds left.\n|c|\u2606moniika|but nah I'd win\n|c|\u2606UserJexx|Redo match fr\n|\n|t:|1700400153\n|start\n|switch|p1a: Hurtcore|Garchomp, F, shiny|100\/100\n|switch|p2a: \ud83d\udc1a|Goodra-Hisui, F|100\/100\n|turn|1\n|c|\u2606UserJexx|Or na\n|c|\u2606moniika|what nah\n|c|\u2606moniika|I'd win\n|\n|t:|1700400170\n|switch|p2a: \ud83e\udd87|Gliscor, F, shiny|100\/100\n|move|p1a: Hurtcore|Swords Dance|p1a: Hurtcore\n|-boost|p1a: Hurtcore|atk|2\n|\n|-status|p2a: \ud83e\udd87|tox|[from] item: Toxic Orb\n|upkeep\n|turn|2\n|c|\u2606moniika|u wanna toxic\n|\n|t:|1700400188\n|move|p1a: Hurtcore|Swords Dance|p1a: Hurtcore\n|-boost|p1a: Hurtcore|atk|2\n|move|p2a: \ud83e\udd87|Toxic|p1a: Hurtcore\n|-status|p1a: Hurtcore|tox\n|\n|-damage|p1a: Hurtcore|94\/100 tox|[from] psn\n|upkeep\n|turn|3\n|c|\u2606UserJexx|Na\n|c|\u2606UserJexx|crabhammer\n|c|\u2606UserJexx|dw\n|\n|t:|1700400197\n|move|p1a: Hurtcore|Scale Shot|p2a: \ud83e\udd87\n|-damage|p2a: \ud83e\udd87|75\/100 tox\n|-damage|p2a: \ud83e\udd87|49\/100 tox\n|-damage|p2a: \ud83e\udd87|26\/100 tox\n|-damage|p2a: \ud83e\udd87|2\/100 tox\n|-damage|p2a: \ud83e\udd87|0 fnt\n|faint|p2a: \ud83e\udd87\n|-hitcount|p2: \ud83e\udd87|5\n|-unboost|p1a: Hurtcore|def|1\n|-boost|p1a: Hurtcore|spe|1\n|\n|-damage|p1a: Hurtcore|82\/100 tox|[from] psn\n|upkeep\n|c|\u2606moniika|nah id win\n|\n|t:|1700400204\n|switch|p2a: \ud83e\uddec|Ditto|100\/100\n|-transform|p2a: \ud83e\uddec|p1a: Hurtcore|[from] ability: Imposter\n|turn|4\n|c|\u2606moniika|I was\n|c|\u2606moniika|what the\n|c|\u2606UserJexx|YEOWCH\n|c|\u2606moniika|I never noticed that ditto\n|inactive|moniika has 270 seconds left.\n|\n|t:|1700400237\n|move|p2a: \ud83e\uddec|Earthquake|p1a: Hurtcore\n|-damage|p1a: Hurtcore|0 fnt\n|faint|p1a: Hurtcore\n|\n|upkeep\n|\n|t:|1700400240\n|switch|p1a: Beezilla|Ribombee, F, shiny|100\/100\n|turn|5\n|c|\u2606UserJexx|Hidden in the shadows\n|\n|t:|1700400248\n|switch|p2a: \ud83d\udc1a|Goodra-Hisui, F|100\/100\n|move|p1a: Beezilla|Moonblast|p2a: \ud83d\udc1a\n|-damage|p2a: \ud83d\udc1a|83\/100\n|-unboost|p2a: \ud83d\udc1a|spa|1\n|\n|upkeep\n|turn|6\n|\n|t:|1700400253\n|switch|p2a: \ud83c\udf38|Hatterene, F, shiny|100\/100\n|move|p1a: Beezilla|Sticky Web|p2a: \ud83c\udf38\n|move|p2a: \ud83c\udf38|Sticky Web|p1a: Beezilla|[from]ability: Magic Bounce\n|-sidestart|p1: moniika|move: Sticky Web\n|\n|upkeep\n|turn|7\n|c|\u2606UserJexx|MWAHAH\n|c|\u2606moniika|that was on purpose\n|c|\u2606moniika|I have serp\n|\n|t:|1700400269\n|move|p1a: Beezilla|Skill Swap|p2a: \ud83c\udf38\n|-activate|p1a: Beezilla|move: Skill Swap|Magic Bounce|Shield Dust|[of] p2a: \ud83c\udf38\n|move|p2a: \ud83c\udf38|Mystical Fire|p1a: Beezilla\n|-supereffective|p1a: Beezilla\n|-enditem|p1a: Beezilla|Focus Sash\n|-damage|p1a: Beezilla|1\/100\n|-unboost|p1a: Beezilla|spa|1\n|\n|upkeep\n|turn|8\n|c|\u2606moniika|nah I'd win\n|\n|t:|1700400279\n|move|p1a: Beezilla|Sticky Web|p2a: \ud83c\udf38\n|-sidestart|p2: UserJexx|move: Sticky Web\n|move|p2a: \ud83c\udf38|Mystical Fire|p1a: Beezilla\n|-supereffective|p1a: Beezilla\n|-crit|p1a: Beezilla\n|-damage|p1a: Beezilla|0 fnt\n|faint|p1a: Beezilla\n|\n|upkeep\n|c|\u2606UserJexx|Na\n|c|\u2606UserJexx|NO\n|\n|t:|1700400286\n|switch|p1a: Zankaoka|Bisharp, F, shiny|100\/100\n|-activate|p1a: Zankaoka|move: Sticky Web\n|-unboost|p1a: Zankaoka|spe|1\n|-ability|p1a: Zankaoka|Defiant|boost\n|-boost|p1a: Zankaoka|atk|2\n|turn|9\n|c|\u2606UserJexx|Erm\n|\n|t:|1700400298\n|move|p1a: Zankaoka|Iron Head|p2a: \ud83c\udf38\n|-supereffective|p2a: \ud83c\udf38\n|-damage|p2a: \ud83c\udf38|0 fnt\n|faint|p2a: \ud83c\udf38\n|\n|upkeep\n|c|\u2606moniika|I'd win\n|\n|t:|1700400301\n|switch|p2a: \ud83d\udeac\ud83d\udc80|Gastrodon-East, M|100\/100\n|-activate|p2a: \ud83d\udeac\ud83d\udc80|move: Sticky Web\n|-unboost|p2a: \ud83d\udeac\ud83d\udc80|spe|1\n|turn|10\n|\n|t:|1700400308\n|move|p1a: Zankaoka|Knock Off|p2a: \ud83d\udeac\ud83d\udc80\n|-damage|p2a: \ud83d\udeac\ud83d\udc80|0 fnt\n|-enditem|p2a: \ud83d\udeac\ud83d\udc80|Leftovers|[from] move: Knock Off|[of] p1a: Zankaoka\n|faint|p2a: \ud83d\udeac\ud83d\udc80\n|\n|upkeep\n|c|\u2606UserJexx|Erm\n|c|\u2606UserJexx|um\n|c|\u2606UserJexx|erm\n|\n|t:|1700400326\n|switch|p2a: \ud83e\uddec|Ditto|100\/100\n|-activate|p2a: \ud83e\uddec|move: Sticky Web\n|-unboost|p2a: \ud83e\uddec|spe|1\n|-transform|p2a: \ud83e\uddec|p1a: Zankaoka|[from] ability: Imposter\n|turn|11\n|c|\u2606moniika|I don't gotta watch one piss\n|c|\u2606moniika|I'd win\n|c|\u2606moniika|you won't ohko me\n|c|\u2606UserJexx|I\u2019ll crit\n|c|\u2606moniika|bulked up eviolite\n|\n|t:|1700400354\n|move|p2a: \ud83e\uddec|Knock Off|p1a: Zankaoka\n|-resisted|p1a: Zankaoka\n|-damage|p1a: Zankaoka|63\/100\n|-enditem|p1a: Zankaoka|Eviolite|[from] move: Knock Off|[of] p2a: \ud83e\uddec\n|move|p1a: Zankaoka|Knock Off|p2a: \ud83e\uddec\n|-resisted|p2a: \ud83e\uddec\n|-damage|p2a: \ud83e\uddec|44\/100\n|-enditem|p2a: \ud83e\uddec|Choice Scarf|[from] move: Knock Off|[of] p1a: Zankaoka\n|\n|upkeep\n|turn|12\n|\n|t:|1700400364\n|switch|p2a: \u2694\ufe0f|Ceruledge, M, shiny|100\/100\n|-activate|p2a: \u2694\ufe0f|move: Sticky Web\n|-unboost|p2a: \u2694\ufe0f|spe|1\n|move|p1a: Zankaoka|Sucker Punch||[still]\n|-fail|p1a: Zankaoka\n|\n|upkeep\n|turn|13\n|c|\u2606UserJexx|Let\u2019s play a sucker punch game\n|c|\u2606moniika|ur scarfed\n|c|\u2606UserJexx|will I attck\n|c|\u2606moniika|nah I'd win\n|c|\u2606UserJexx|or switch\n|c|\u2606UserJexx|wttakc\n|c|\u2606UserJexx|or switch\n|c|\u2606UserJexx|hmmmm\n|l|\u2606UserJexx\n|inactive|UserJexx disconnected and has 300 seconds to reconnect!\n|player|p2|\n|c|\u2606moniika|attack\n|j|\u2606UserJexx\n|inactive|UserJexx reconnected and has 275 seconds left.\n|player|p2|UserJexx|lusamine-nihilego\n|inactive|UserJexx has 270 seconds left.\n|c|\u2606moniika|doesn't matter anyway\n|c|\u2606UserJexx|Na\n|c|\u2606moniika|I'd win\n|c|\u2606UserJexx|id win\n|\n|t:|1700400411\n|move|p1a: Zankaoka|Sucker Punch|p2a: \u2694\ufe0f\n|-supereffective|p2a: \u2694\ufe0f\n|-damage|p2a: \u2694\ufe0f|0 fnt\n|faint|p2a: \u2694\ufe0f\n|\n|upkeep\n|c|\u2606moniika|I'd win\n|c|\u2606UserJexx|Erm\n|\n|t:|1700400419\n|switch|p2a: \ud83e\uddec|Ditto|44\/100\n|-activate|p2a: \ud83e\uddec|move: Sticky Web\n|-unboost|p2a: \ud83e\uddec|spe|1\n|-transform|p2a: \ud83e\uddec|p1a: Zankaoka|[from] ability: Imposter\n|turn|14\n|\n|t:|1700400432\n|move|p2a: \ud83e\uddec|Sucker Punch|p1a: Zankaoka\n|-resisted|p1a: Zankaoka\n|-damage|p1a: Zankaoka|22\/100\n|move|p1a: Zankaoka|Iron Head|p2a: \ud83e\uddec\n|-resisted|p2a: \ud83e\uddec\n|-damage|p2a: \ud83e\uddec|0 fnt\n|faint|p2a: \ud83e\uddec\n|\n|upkeep\n|c|\u2606UserJexx|NOO\n|c|\u2606UserJexx|NOOO\n|\n|t:|1700400446\n|switch|p2a: \ud83d\udc1a|Goodra-Hisui, F|83\/100\n|-activate|p2a: \ud83d\udc1a|move: Sticky Web\n|-unboost|p2a: \ud83d\udc1a|spe|1\n|turn|15\n|c|\u2606moniika|i win\n|c|\u2606UserJexx|You don\u2019t have to do this\n|c|\u2606UserJexx|goodra sweeps the rest of your team\n|c|\u2606UserJexx|trusy\n|c|\u2606moniika|throughout heaven and Earth I alone am the honored one\n|inactive|UserJexx has 240 seconds left.\n|\n|t:|1700400473\n|move|p1a: Zankaoka|Knock Off|p2a: \ud83d\udc1a\n|-damage|p2a: \ud83d\udc1a|0 fnt\n|-enditem|p2a: \ud83d\udc1a|Assault Vest|[from] move: Knock Off|[of] p1a: Zankaoka\n|faint|p2a: \ud83d\udc1a\n|\n|win|moniika\n|c|\u2606UserJexx|NO\n|c|\u2606moniika|lol\n|c|\u2606UserJexx|This is all garchomp fault\n|c|\u2606UserJexx|what if\n|c|\u2606moniika|bisharp the goat\n|c|\u2606UserJexx|you do it again\n|c|\u2606UserJexx|if I win 2 times in a row\n|c|\u2606moniika|ok fine\n","uploadtime":1700400500,"views":7,"p1id":"moniika","p2id":"userjexx","formatid":"gen9nationaldex","rating":0,"private":0,"password":""}