{"id":"gen9nationaldex-1997939546","p1":"massivehumongous","p2":"testin5ever","format":"[Gen 9] National Dex","log":"|html|<div class=\"broadcast-blue\"><strong>[Gen 9] National Dex is currently suspecting Sneasler! For information on how to participate check out the <a href=\"https:\/\/www.smogon.com\/forums\/threads\/sv-national-dex-suspect-8-just-dance.3731534\/\">suspect thread<\/a>.<\/strong><\/div>\n|j|\u2606massivehumongous\n|j|\u2606testin5ever\n|t:|1700869857\n|gametype|singles\n|player|p1|massivehumongous|schoolkid-gen4dp|1332\n|player|p2|testin5ever|170|1385\n|teamsize|p1|6\n|teamsize|p2|6\n|gen|9\n|tier|[Gen 9] National Dex\n|rated|\n|rule|HP Percentage Mod: HP is shown in percentages\n|rule|Endless Battle Clause: Forcing endless battles is banned\n|rule|OHKO Clause: OHKO moves are banned\n|rule|Evasion Clause: Evasion abilities, items, and moves are banned\n|rule|Evasion Abilities Clause: Evasion abilities are banned\n|rule|Evasion Items Clause: Evasion items are banned\n|rule|Evasion Moves Clause: Evasion moves are banned\n|rule|Species Clause: Limit one of each Pok\u00e9mon\n|rule|Sleep Clause Mod: Limit one foe put to sleep\n|clearpoke\n|poke|p1|Ting-Lu|\n|poke|p1|Rotom-Wash|\n|poke|p1|Kartana|\n|poke|p1|Volcarona, F|\n|poke|p1|Dragonite, F|\n|poke|p1|Scizor, F|\n|poke|p2|Lopunny, F|\n|poke|p2|Clefable, M|\n|poke|p2|Ninetales-Alola, F|\n|poke|p2|Arctozolt|\n|poke|p2|Slowking-Galar, F|\n|poke|p2|Tornadus-Therian, M|\n|teampreview\n|\n|t:|1700869863\n|start\n|switch|p1a: Kartana|Kartana|100\/100\n|switch|p2a: Lopunny|Lopunny, F|100\/100\n|turn|1\n|\n|t:|1700869867\n|switch|p1a: Rotom|Rotom-Wash|100\/100\n|detailschange|p2a: Lopunny|Lopunny-Mega, F\n|-mega|p2a: Lopunny|Lopunny|Lopunnite\n|move|p2a: Lopunny|Fake Out|p1a: Rotom\n|-damage|p1a: Rotom|82\/100\n|\n|-heal|p1a: Rotom|88\/100|[from] item: Leftovers\n|upkeep\n|turn|2\n|\n|t:|1700869870\n|move|p2a: Lopunny|U-turn|p1a: Rotom\n|-damage|p1a: Rotom|69\/100\n|\n|t:|1700869881\n|switch|p2a: Ninetales|Ninetales-Alola, F|100\/100|[from] U-turn\n|-weather|Snow|[from] ability: Snow Warning|[of] p2a: Ninetales\n|move|p1a: Rotom|Volt Switch|p2a: Ninetales\n|-damage|p2a: Ninetales|76\/100\n|\n|t:|1700869884\n|switch|p1a: Kartana|Kartana|100\/100|[from] Volt Switch\n|\n|-weather|Snow|[upkeep]\n|upkeep\n|turn|3\n|\n|t:|1700869891\n|switch|p2a: Tornadus|Tornadus-Therian, M|100\/100\n|move|p1a: Kartana|Knock Off|p2a: Tornadus\n|-damage|p2a: Tornadus|58\/100\n|-enditem|p2a: Tornadus|Heavy-Duty Boots|[from] move: Knock Off|[of] p1a: Kartana\n|\n|-weather|Snow|[upkeep]\n|upkeep\n|turn|4\n|\n|t:|1700869901\n|switch|p1a: Ting-Lu|Ting-Lu|100\/100\n|-ability|p1a: Ting-Lu|Vessel of Ruin\n|move|p2a: Tornadus|U-turn|p1a: Ting-Lu\n|-supereffective|p1a: Ting-Lu\n|-damage|p1a: Ting-Lu|86\/100\n|j| faishafx\n|\n|t:|1700869913\n|switch|p2a: Lopunny|Lopunny-Mega, F|100\/100|[from] U-turn\n|\n|-weather|Snow|[upkeep]\n|-heal|p1a: Ting-Lu|92\/100|[from] item: Leftovers\n|upkeep\n|turn|5\n|\n|t:|1700869918\n|-terastallize|p1a: Ting-Lu|Poison\n|move|p2a: Lopunny|Close Combat|p1a: Ting-Lu\n|-resisted|p1a: Ting-Lu\n|-damage|p1a: Ting-Lu|73\/100\n|-unboost|p2a: Lopunny|def|1\n|-unboost|p2a: Lopunny|spd|1\n|move|p1a: Ting-Lu|Stealth Rock|p2a: Lopunny\n|-sidestart|p2: testin5ever|move: Stealth Rock\n|\n|-weather|Snow|[upkeep]\n|-heal|p1a: Ting-Lu|79\/100|[from] item: Leftovers\n|upkeep\n|turn|6\n|\n|t:|1700869924\n|move|p2a: Lopunny|U-turn|p1a: Ting-Lu\n|-resisted|p1a: Ting-Lu\n|-damage|p1a: Ting-Lu|72\/100\n|\n|t:|1700869927\n|switch|p2a: Clefable|Clefable, M|100\/100|[from] U-turn\n|move|p1a: Ting-Lu|Whirlwind|p2a: Clefable\n|drag|p2a: Slowking|Slowking-Galar, F|100\/100\n|\n|-weather|Snow|[upkeep]\n|-heal|p1a: Ting-Lu|78\/100|[from] item: Leftovers\n|upkeep\n|turn|7\n|\n|t:|1700869934\n|switch|p2a: Clefable|Clefable, M|100\/100\n|move|p1a: Ting-Lu|Earthquake|p2a: Clefable\n|-damage|p2a: Clefable|73\/100\n|\n|-weather|Snow|[upkeep]\n|-heal|p2a: Clefable|79\/100|[from] item: Leftovers\n|-heal|p1a: Ting-Lu|85\/100|[from] item: Leftovers\n|upkeep\n|turn|8\n|\n|t:|1700869940\n|switch|p1a: Kartana|Kartana|100\/100\n|move|p2a: Clefable|Knock Off|p1a: Kartana\n|-damage|p1a: Kartana|83\/100\n|-enditem|p1a: Kartana|Protective Pads|[from] move: Knock Off|[of] p2a: Clefable\n|\n|-weather|Snow|[upkeep]\n|-heal|p2a: Clefable|85\/100|[from] item: Leftovers\n|upkeep\n|turn|9\n|\n|t:|1700869952\n|switch|p2a: Tornadus|Tornadus-Therian, M|91\/100\n|-damage|p2a: Tornadus|66\/100|[from] Stealth Rock\n|move|p1a: Kartana|Knock Off|p2a: Tornadus\n|-damage|p2a: Tornadus|39\/100\n|\n|-weather|none\n|upkeep\n|turn|10\n|\n|t:|1700869958\n|switch|p1a: Ting-Lu|Ting-Lu, tera:Poison|85\/100\n|-ability|p1a: Ting-Lu|Vessel of Ruin\n|move|p2a: Tornadus|Heat Wave|p1a: Ting-Lu\n|-damage|p1a: Ting-Lu|75\/100\n|\n|-heal|p1a: Ting-Lu|81\/100|[from] item: Leftovers\n|upkeep\n|turn|11\n|\n|t:|1700869966\n|move|p2a: Tornadus|Knock Off|p1a: Ting-Lu\n|-damage|p1a: Ting-Lu|71\/100\n|-enditem|p1a: Ting-Lu|Leftovers|[from] move: Knock Off|[of] p2a: Tornadus\n|move|p1a: Ting-Lu|Whirlwind|p2a: Tornadus\n|drag|p2a: Ninetales|Ninetales-Alola, F|76\/100\n|-damage|p2a: Ninetales|52\/100|[from] Stealth Rock\n|-weather|Snow|[from] ability: Snow Warning|[of] p2a: Ninetales\n|\n|-weather|Snow|[upkeep]\n|upkeep\n|turn|12\n|\n|t:|1700869973\n|switch|p1a: Scizor|Scizor, F|100\/100\n|move|p2a: Ninetales|Freeze-Dry|p1a: Scizor\n|-resisted|p1a: Scizor\n|-damage|p1a: Scizor|91\/100\n|\n|-weather|Snow|[upkeep]\n|upkeep\n|turn|13\n|\n|t:|1700869981\n|detailschange|p1a: Scizor|Scizor-Mega, F\n|-mega|p1a: Scizor|Scizor|Scizorite\n|move|p1a: Scizor|Bullet Punch|p2a: Ninetales\n|-supereffective|p2a: Ninetales\n|-damage|p2a: Ninetales|0 fnt\n|faint|p2a: Ninetales\n|\n|-weather|Snow|[upkeep]\n|upkeep\n|\n|t:|1700869990\n|switch|p2a: Arctozolt|Arctozolt|100\/100\n|turn|14\n|\n|t:|1700869995\n|-terastallize|p2a: Arctozolt|Electric\n|move|p2a: Arctozolt|Bolt Beak|p1a: Scizor\n|-damage|p1a: Scizor|37\/100\n|move|p1a: Scizor|U-turn|p2a: Arctozolt\n|-damage|p2a: Arctozolt|59\/100\n|\n|t:|1700870002\n|switch|p1a: Dragonite|Dragonite, F|100\/100|[from] U-turn\n|\n|-weather|Snow|[upkeep]\n|upkeep\n|turn|15\n|\n|t:|1700870006\n|switch|p1a: Ting-Lu|Ting-Lu, tera:Poison|71\/100\n|-ability|p1a: Ting-Lu|Vessel of Ruin\n|move|p2a: Arctozolt|Bolt Beak|p1a: Ting-Lu\n|-damage|p1a: Ting-Lu|22\/100\n|\n|-weather|Snow|[upkeep]\n|upkeep\n|turn|16\n|\n|t:|1700870013\n|move|p2a: Arctozolt|Bolt Beak|p1a: Ting-Lu\n|-damage|p1a: Ting-Lu|0 fnt\n|faint|p1a: Ting-Lu\n|\n|-weather|Snow|[upkeep]\n|upkeep\n|\n|t:|1700870015\n|switch|p1a: Scizor|Scizor-Mega, F|37\/100\n|turn|17\n|\n|t:|1700870020\n|move|p2a: Arctozolt|Bolt Beak|p1a: Scizor\n|-damage|p1a: Scizor|0 fnt\n|faint|p1a: Scizor\n|\n|-weather|Snow|[upkeep]\n|upkeep\n|\n|t:|1700870023\n|switch|p1a: Dragonite|Dragonite, F|100\/100\n|turn|18\n|\n|t:|1700870026\n|move|p2a: Arctozolt|Blizzard|p1a: Dragonite\n|-supereffective|p1a: Dragonite\n|-damage|p1a: Dragonite|24\/100\n|move|p1a: Dragonite|Dragon Dance|p1a: Dragonite\n|-boost|p1a: Dragonite|atk|1\n|-boost|p1a: Dragonite|spe|1\n|\n|-weather|none\n|upkeep\n|turn|19\n|\n|t:|1700870039\n|switch|p2a: Clefable|Clefable, M|85\/100\n|move|p1a: Dragonite|Extreme Speed|p2a: Clefable\n|-damage|p2a: Clefable|48\/100\n|\n|-heal|p2a: Clefable|54\/100|[from] item: Leftovers\n|upkeep\n|turn|20\n|\n|t:|1700870045\n|move|p1a: Dragonite|Roost|p1a: Dragonite\n|-heal|p1a: Dragonite|74\/100\n|-singleturn|p1a: Dragonite|move: Roost\n|move|p2a: Clefable|Moonblast|p1a: Dragonite\n|-supereffective|p1a: Dragonite\n|-damage|p1a: Dragonite|12\/100\n|\n|-heal|p2a: Clefable|60\/100|[from] item: Leftovers\n|upkeep\n|turn|21\n|\n|t:|1700870050\n|move|p1a: Dragonite|Earthquake|p2a: Clefable\n|-damage|p2a: Clefable|14\/100\n|move|p2a: Clefable|Moonblast|p1a: Dragonite\n|-supereffective|p1a: Dragonite\n|-damage|p1a: Dragonite|0 fnt\n|faint|p1a: Dragonite\n|\n|-heal|p2a: Clefable|20\/100|[from] item: Leftovers\n|upkeep\n|\n|t:|1700870053\n|switch|p1a: Volcarona|Volcarona, F|100\/100\n|turn|22\n|\n|t:|1700870060\n|switch|p2a: Slowking|Slowking-Galar, F|100\/100\n|move|p1a: Volcarona|Quiver Dance|p1a: Volcarona\n|-boost|p1a: Volcarona|spa|1\n|-boost|p1a: Volcarona|spd|1\n|-boost|p1a: Volcarona|spe|1\n|\n|upkeep\n|turn|23\n|\n|t:|1700870066\n|move|p1a: Volcarona|Quiver Dance|p1a: Volcarona\n|-boost|p1a: Volcarona|spa|1\n|-boost|p1a: Volcarona|spd|1\n|-boost|p1a: Volcarona|spe|1\n|move|p2a: Slowking|Thunder Wave|p1a: Volcarona\n|-status|p1a: Volcarona|par\n|\n|upkeep\n|turn|24\n|\n|t:|1700870068\n|cant|p1a: Volcarona|par\n|move|p2a: Slowking|Future Sight|p1a: Volcarona\n|-start|p2a: Slowking|move: Future Sight\n|\n|upkeep\n|turn|25\n|\n|t:|1700870069\n|move|p1a: Volcarona|Quiver Dance|p1a: Volcarona\n|-boost|p1a: Volcarona|spa|1\n|-boost|p1a: Volcarona|spd|1\n|-boost|p1a: Volcarona|spe|1\n|move|p2a: Slowking|Chilly Reception|p2a: Slowking\n|-weather|Snow\n|\n|t:|1700870071\n|switch|p2a: Arctozolt|Arctozolt, tera:Electric|59\/100|[from] Chilly Reception\n|\n|-weather|Snow|[upkeep]\n|upkeep\n|turn|26\n|\n|t:|1700870073\n|move|p2a: Arctozolt|Bolt Beak|p1a: Volcarona\n|-damage|p1a: Volcarona|0 fnt\n|faint|p1a: Volcarona\n|\n|-weather|Snow|[upkeep]\n|-hint|Future Sight did not hit because the target is fainted.\n|upkeep\n|-message|massivehumongous forfeited.\n|\n|win|testin5ever\n|raw|massivehumongous's rating: 1332 &rarr; <strong>1315<\/strong><br \/>(-17 for losing)\n|raw|testin5ever's rating: 1385 &rarr; <strong>1402<\/strong><br \/>(+17 for winning)\n|l|\u2606massivehumongous\n","uploadtime":1700870086,"views":3,"p1id":"massivehumongous","p2id":"testin5ever","formatid":"gen9nationaldex","rating":1315,"private":0,"password":""}