{"id":"gen9nationaldex-1994480870","p1":"Dentrix","p2":"mtyqjltz6","format":"[Gen 9] National Dex","log":"|j|\u2606Dentrix\n|j|\u2606mtyqjltz6\n|t:|1700448889\n|gametype|singles\n|player|p1|Dentrix|265|1255\n|player|p2|mtyqjltz6|elesa|1347\n|teamsize|p1|6\n|teamsize|p2|6\n|gen|9\n|tier|[Gen 9] National Dex\n|rated|\n|rule|HP Percentage Mod: HP is shown in percentages\n|rule|Endless Battle Clause: Forcing endless battles is banned\n|rule|OHKO Clause: OHKO moves are banned\n|rule|Evasion Clause: Evasion abilities, items, and moves are banned\n|rule|Evasion Abilities Clause: Evasion abilities are banned\n|rule|Evasion Items Clause: Evasion items are banned\n|rule|Evasion Moves Clause: Evasion moves are banned\n|rule|Species Clause: Limit one of each Pok\u00e9mon\n|rule|Sleep Clause Mod: Limit one foe put to sleep\n|clearpoke\n|poke|p1|Gliscor, F|\n|poke|p1|Amoonguss, M|\n|poke|p1|Toxapex, F|\n|poke|p1|Ninetales-Alola, F|\n|poke|p1|Corviknight, F|\n|poke|p1|Charizard, F|\n|poke|p2|Raticate, M|\n|poke|p2|Ribombee, F|\n|poke|p2|Nidoking, M|\n|poke|p2|Thundurus-Therian, M|\n|poke|p2|Bisharp, M|\n|poke|p2|Banette, M|\n|teampreview\n|inactive|Battle timer is ON: inactive players will automatically lose when time's up. (requested by mtyqjltz6)\n|\n|t:|1700448914\n|start\n|switch|p1a: Toxapex|Toxapex, F|100\/100\n|switch|p2a: Ribombee|Ribombee, F, shiny|100\/100\n|turn|1\n|\n|t:|1700448924\n|move|p2a: Ribombee|Sticky Web|p1a: Toxapex\n|-sidestart|p1: Dentrix|move: Sticky Web\n|move|p1a: Toxapex|Toxic|p2a: Ribombee\n|-status|p2a: Ribombee|tox\n|\n|-damage|p2a: Ribombee|94\/100 tox|[from] psn\n|upkeep\n|turn|2\n|\n|t:|1700448952\n|move|p2a: Ribombee|Stun Spore|p1a: Toxapex|[miss]\n|-miss|p2a: Ribombee|p1a: Toxapex\n|move|p1a: Toxapex|Scald|p2a: Ribombee\n|-damage|p2a: Ribombee|64\/100 tox\n|\n|-damage|p2a: Ribombee|52\/100 tox|[from] psn\n|upkeep\n|turn|3\n|\n|t:|1700448962\n|switch|p2a: Bisharp|Bisharp, M, shiny|100\/100\n|switch|p1a: Amoonguss|Amoonguss, M|100\/100\n|-activate|p1a: Amoonguss|move: Sticky Web\n|-unboost|p1a: Amoonguss|spe|1\n|\n|upkeep\n|turn|4\n|\n|t:|1700448978\n|switch|p2a: Banette|Banette, M, shiny|100\/100\n|switch|p1a: Corviknight|Corviknight, F|100\/100\n|-ability|p1a: Corviknight|Pressure\n|\n|upkeep\n|turn|5\n|\n|t:|1700448987\n|detailschange|p2a: Banette|Banette-Mega, M, shiny\n|-mega|p2a: Banette|Banette|Banettite\n|move|p2a: Banette|Poltergeist|p1a: Corviknight\n|-activate|p1a: Corviknight|move: Poltergeist|Leftovers\n|-damage|p1a: Corviknight|44\/100\n|move|p1a: Corviknight|Defog|p2a: Banette\n|-unboost|p2a: Banette|evasion|1\n|-sideend|p1: Dentrix|Sticky Web|[from] move: Defog|[of] p1a: Corviknight\n|\n|-heal|p1a: Corviknight|50\/100|[from] item: Leftovers\n|upkeep\n|turn|6\n|inactive|mtyqjltz6 has 120 seconds left.\n|\n|t:|1700449010\n|switch|p1a: Toxapex|Toxapex, F|100\/100\n|move|p2a: Banette|Poltergeist|p1a: Toxapex\n|-activate|p1a: Toxapex|move: Poltergeist|Black Sludge\n|-damage|p1a: Toxapex|56\/100\n|\n|-heal|p1a: Toxapex|62\/100|[from] item: Black Sludge\n|upkeep\n|turn|7\n|\n|t:|1700449019\n|switch|p2a: Ribombee|Ribombee, F, shiny|52\/100 tox\n|move|p1a: Toxapex|Scald|p2a: Ribombee\n|-damage|p2a: Ribombee|23\/100 tox\n|\n|-heal|p1a: Toxapex|68\/100|[from] item: Black Sludge\n|-damage|p2a: Ribombee|17\/100 tox|[from] psn\n|upkeep\n|turn|8\n|\n|t:|1700449030\n|switch|p1a: Corviknight|Corviknight, F|50\/100\n|-ability|p1a: Corviknight|Pressure\n|move|p2a: Ribombee|Sticky Web|p1a: Corviknight\n|-sidestart|p1: Dentrix|move: Sticky Web\n|\n|-heal|p1a: Corviknight|57\/100|[from] item: Leftovers\n|-damage|p2a: Ribombee|5\/100 tox|[from] psn\n|upkeep\n|turn|9\n|inactive|mtyqjltz6 has 120 seconds left.\n|\n|t:|1700449056\n|switch|p2a: Bisharp|Bisharp, M, shiny|100\/100\n|move|p1a: Corviknight|Defog|p2a: Bisharp\n|-unboost|p2a: Bisharp|evasion|1\n|-ability|p2a: Bisharp|Defiant|boost\n|-boost|p2a: Bisharp|atk|2\n|-sideend|p1: Dentrix|Sticky Web|[from] move: Defog|[of] p1a: Corviknight\n|\n|-heal|p1a: Corviknight|63\/100|[from] item: Leftovers\n|upkeep\n|turn|10\n|inactive|mtyqjltz6 has 120 seconds left.\n|\n|t:|1700449064\n|move|p2a: Bisharp|Knock Off|p1a: Corviknight\n|-damage|p1a: Corviknight|0 fnt\n|-enditem|p1a: Corviknight|Leftovers|[from] move: Knock Off|[of] p2a: Bisharp\n|faint|p1a: Corviknight\n|\n|upkeep\n|inactive|Dentrix has 120 seconds left.\n|\n|t:|1700449079\n|switch|p1a: Charizard|Charizard, F|100\/100\n|turn|11\n|\n|t:|1700449084\n|detailschange|p1a: Charizard|Charizard-Mega-Y, F\n|-mega|p1a: Charizard|Charizard|Charizardite Y\n|-weather|SunnyDay|[from] ability: Drought|[of] p1a: Charizard\n|move|p2a: Bisharp|Sucker Punch|p1a: Charizard\n|-damage|p1a: Charizard|0 fnt\n|faint|p1a: Charizard\n|\n|-weather|SunnyDay|[upkeep]\n|upkeep\n|inactive|Dentrix has 120 seconds left.\n|\n|t:|1700449095\n|switch|p1a: Ninetales|Ninetales-Alola, F|100\/100\n|-weather|Snow|[from] ability: Snow Warning|[of] p1a: Ninetales\n|turn|12\n|\n|t:|1700449104\n|move|p1a: Ninetales|Aurora Veil|p1a: Ninetales\n|-sidestart|p1: Dentrix|move: Aurora Veil\n|move|p2a: Bisharp|Swords Dance|p2a: Bisharp\n|-boost|p2a: Bisharp|atk|2\n|\n|-weather|Snow|[upkeep]\n|upkeep\n|turn|13\n|\n|t:|1700449108\n|move|p1a: Ninetales|Encore|p2a: Bisharp\n|-start|p2a: Bisharp|Encore\n|move|p2a: Bisharp|Swords Dance|p2a: Bisharp\n|-boost|p2a: Bisharp|atk|2\n|\n|-weather|Snow|[upkeep]\n|upkeep\n|turn|14\n|\n|t:|1700449122\n|switch|p1a: Amoonguss|Amoonguss, M|100\/100\n|move|p2a: Bisharp|Swords Dance|p2a: Bisharp\n|-boost|p2a: Bisharp|atk|0\n|\n|-weather|Snow|[upkeep]\n|upkeep\n|turn|15\n|\n|t:|1700449141\n|move|p2a: Bisharp|Swords Dance|p2a: Bisharp\n|-boost|p2a: Bisharp|atk|0\n|move|p1a: Amoonguss|Foul Play|p2a: Bisharp\n|-resisted|p2a: Bisharp\n|-damage|p2a: Bisharp|37\/100\n|\n|-weather|Snow|[upkeep]\n|-end|p2a: Bisharp|Encore\n|upkeep\n|turn|16\n|\n|t:|1700449154\n|move|p2a: Bisharp|Knock Off|p1a: Amoonguss\n|-damage|p1a: Amoonguss|0 fnt\n|-enditem|p1a: Amoonguss|Assault Vest|[from] move: Knock Off|[of] p2a: Bisharp\n|faint|p1a: Amoonguss\n|\n|-weather|none\n|upkeep\n|\n|t:|1700449157\n|switch|p1a: Ninetales|Ninetales-Alola, F|100\/100\n|-weather|Snow|[from] ability: Snow Warning|[of] p1a: Ninetales\n|turn|17\n|\n|t:|1700449172\n|move|p1a: Ninetales|Moonblast|p2a: Bisharp\n|-damage|p2a: Bisharp|8\/100\n|move|p2a: Bisharp|Iron Head|p1a: Ninetales\n|-supereffective|p1a: Ninetales\n|-damage|p1a: Ninetales|0 fnt\n|faint|p1a: Ninetales\n|\n|-weather|Snow|[upkeep]\n|upkeep\n|\n|t:|1700449180\n|switch|p1a: Gliscor|Gliscor, F|100\/100\n|turn|18\n|\n|t:|1700449187\n|move|p1a: Gliscor|Earthquake|p2a: Bisharp\n|-supereffective|p2a: Bisharp\n|-damage|p2a: Bisharp|0 fnt\n|faint|p2a: Bisharp\n|\n|-weather|Snow|[upkeep]\n|-status|p1a: Gliscor|tox|[from] item: Toxic Orb\n|upkeep\n|\n|t:|1700449203\n|switch|p2a: Banette|Banette-Mega, M, shiny|100\/100\n|turn|19\n|\n|t:|1700449207\n|move|p1a: Gliscor|Fling|p2a: Banette\n|-supereffective|p2a: Banette\n|-damage|p2a: Banette|74\/100\n|-status|p2a: Banette|tox\n|-enditem|p1a: Gliscor|Toxic Orb|[from] move: Fling\n|move|p2a: Banette|Poltergeist||[still]\n|-fail|p2a: Banette\n|\n|-weather|Snow|[upkeep]\n|-damage|p2a: Banette|68\/100 tox|[from] psn\n|-sideend|p1: Dentrix|move: Aurora Veil\n|upkeep\n|turn|20\n|\n|t:|1700449217\n|move|p2a: Banette|Encore|p1a: Gliscor\n|-start|p1a: Gliscor|Encore\n|move|p1a: Gliscor|Fling||[still]\n|-fail|p1a: Gliscor\n|\n|-weather|Snow|[upkeep]\n|-damage|p2a: Banette|56\/100 tox|[from] psn\n|upkeep\n|turn|21\n|\n|t:|1700449227\n|switch|p2a: Nidoking|Nidoking, M|100\/100\n|move|p1a: Gliscor|Fling||[still]\n|-fail|p1a: Gliscor\n|\n|-weather|none\n|upkeep\n|turn|22\n|\n|t:|1700449233\n|move|p1a: Gliscor|Fling||[still]\n|-fail|p1a: Gliscor\n|move|p2a: Nidoking|Ice Beam|p1a: Gliscor\n|-supereffective|p1a: Gliscor\n|-damage|p1a: Gliscor|0 fnt\n|faint|p1a: Gliscor\n|\n|upkeep\n|\n|t:|1700449237\n|switch|p1a: Toxapex|Toxapex, F|100\/100\n|turn|23\n|\n|t:|1700449242\n|-terastallize|p2a: Nidoking|Ground\n|-terastallize|p1a: Toxapex|Fairy\n|move|p2a: Nidoking|Earth Power|p1a: Toxapex\n|-damage|p1a: Toxapex|29\/100\n|move|p1a: Toxapex|Scald|p2a: Nidoking\n|-supereffective|p2a: Nidoking\n|-damage|p2a: Nidoking|50\/100\n|\n|-damage|p1a: Toxapex|17\/100|[from] item: Black Sludge\n|upkeep\n|turn|24\n|-message|Dentrix forfeited.\n|\n|win|mtyqjltz6\n|raw|Dentrix's rating: 1255 &rarr; <strong>1236<\/strong><br \/>(-19 for losing)\n|raw|mtyqjltz6's rating: 1347 &rarr; <strong>1362<\/strong><br \/>(+15 for winning)\n|l|\u2606Dentrix\n","uploadtime":1700449264,"views":5,"p1id":"dentrix","p2id":"mtyqjltz6","formatid":"gen9nationaldex","rating":1236,"private":0,"password":""}