{"id":"gen9nationaldex-1996948855","p1":"tiny_ninja77","p2":"Joey Mojuice","format":"[Gen 9] National Dex","log":"|html|<div class=\"broadcast-blue\"><strong>[Gen 9] National Dex is currently suspecting Sneasler! For information on how to participate check out the <a href=\"https:\/\/www.smogon.com\/forums\/threads\/sv-national-dex-suspect-8-just-dance.3731534\/\">suspect thread<\/a>.<\/strong><\/div>\n|j|\u2606tiny_ninja77\n|j|\u2606Joey Mojuice\n|t:|1700748502\n|gametype|singles\n|player|p1|tiny_ninja77|cress|1174\n|player|p2|Joey Mojuice|2|1193\n|teamsize|p1|6\n|teamsize|p2|6\n|gen|9\n|tier|[Gen 9] National Dex\n|rated|\n|rule|HP Percentage Mod: HP is shown in percentages\n|rule|Endless Battle Clause: Forcing endless battles is banned\n|rule|OHKO Clause: OHKO moves are banned\n|rule|Evasion Clause: Evasion abilities, items, and moves are banned\n|rule|Evasion Abilities Clause: Evasion abilities are banned\n|rule|Evasion Items Clause: Evasion items are banned\n|rule|Evasion Moves Clause: Evasion moves are banned\n|rule|Species Clause: Limit one of each Pok\u00e9mon\n|rule|Sleep Clause Mod: Limit one foe put to sleep\n|clearpoke\n|poke|p1|Golisopod, M|\n|poke|p1|Breloom, M|\n|poke|p1|Rhyperior, M|\n|poke|p1|Rotom-Heat|\n|poke|p1|Weavile, F|\n|poke|p1|Gengar, F|\n|poke|p2|Scizor, F|\n|poke|p2|Urshifu-*, M|\n|poke|p2|Glimmora, M|\n|poke|p2|Sinistcha|\n|poke|p2|Thundurus, M|\n|poke|p2|Maushold|\n|teampreview\n|c|\u2606tiny_ninja77|glhf\n|\n|t:|1700748520\n|start\n|switch|p1a: Cartman|Rhyperior, M|100\/100\n|switch|p2a: Glimmora|Glimmora, M|100\/100\n|turn|1\n|\n|t:|1700748529\n|move|p2a: Glimmora|Stealth Rock|p1a: Cartman\n|-sidestart|p1: tiny_ninja77|move: Stealth Rock\n|move|p1a: Cartman|Earthquake|p2a: Glimmora\n|-supereffective|p2a: Glimmora\n|-damage|p2a: Glimmora|0 fnt\n|-activate|p2a: Glimmora|ability: Toxic Debris\n|-sidestart|p1: tiny_ninja77|move: Toxic Spikes\n|faint|p2a: Glimmora\n|\n|upkeep\n|\n|t:|1700748539\n|switch|p2a: Sinistcha|Sinistcha|100\/100\n|turn|2\n|\n|t:|1700748549\n|-terastallize|p1a: Cartman|Water\n|move|p1a: Cartman|Stealth Rock|p2a: Sinistcha\n|-sidestart|p2: Joey Mojuice|move: Stealth Rock\n|move|p2a: Sinistcha|Trick Room|p2a: Sinistcha\n|-fieldstart|move: Trick Room|[of] p2a: Sinistcha\n|\n|upkeep\n|turn|3\n|\n|t:|1700748561\n|move|p1a: Cartman|Swords Dance|p1a: Cartman\n|-boost|p1a: Cartman|atk|2\n|move|p2a: Sinistcha|Matcha Gotcha|p1a: Cartman|[miss]\n|-miss|p2a: Sinistcha|p1a: Cartman\n|\n|upkeep\n|turn|4\n|\n|t:|1700748572\n|move|p1a: Cartman|Stone Edge|p2a: Sinistcha\n|-damage|p2a: Sinistcha|8\/100\n|move|p2a: Sinistcha|Strength Sap|p1a: Cartman\n|-unboost|p1a: Cartman|atk|1\n|-heal|p2a: Sinistcha|100\/100\n|\n|upkeep\n|turn|5\n|\n|t:|1700748580\n|move|p1a: Cartman|Earthquake|p2a: Sinistcha\n|-resisted|p2a: Sinistcha\n|-damage|p2a: Sinistcha|66\/100\n|move|p2a: Sinistcha|Matcha Gotcha|p1a: Cartman\n|-supereffective|p1a: Cartman\n|-damage|p1a: Cartman|38\/100\n|-heal|p2a: Sinistcha|100\/100|[from] drain|[of] p1a: Cartman\n|-status|p1a: Cartman|brn\n|\n|-heal|p1a: Cartman|44\/100 brn|[from] item: Leftovers\n|-damage|p1a: Cartman|38\/100 brn|[from] brn\n|upkeep\n|turn|6\n|\n|t:|1700748601\n|move|p1a: Cartman|Stone Edge|p2a: Sinistcha\n|-crit|p2a: Sinistcha\n|-damage|p2a: Sinistcha|50\/100\n|move|p2a: Sinistcha|Strength Sap|p1a: Cartman\n|-unboost|p1a: Cartman|atk|1\n|-heal|p2a: Sinistcha|100\/100\n|\n|-heal|p1a: Cartman|44\/100 brn|[from] item: Leftovers\n|-damage|p1a: Cartman|38\/100 brn|[from] brn\n|-fieldend|move: Trick Room\n|upkeep\n|turn|7\n|\n|t:|1700748617\n|switch|p1a: Garrison|Golisopod, M|100\/100\n|move|p2a: Sinistcha|Hex|p1a: Garrison\n|-damage|p1a: Garrison|62\/100\n|\n|upkeep\n|turn|8\n|\n|t:|1700748624\n|move|p1a: Garrison|First Impression|p2a: Sinistcha\n|-damage|p2a: Sinistcha|53\/100\n|move|p2a: Sinistcha|Matcha Gotcha|p1a: Garrison\n|-damage|p1a: Garrison|13\/100\n|-heal|p2a: Sinistcha|76\/100|[from] drain|[of] p1a: Garrison\n|-activate|p1a: Garrison|ability: Emergency Exit\n|\n|t:|1700748633\n|switch|p1a: Bebe|Gengar, F|100\/100\n|-damage|p1a: Bebe|88\/100|[from] Stealth Rock\n|-sideend|p1: tiny_ninja77|move: Toxic Spikes|[of] p1a: Bebe\n|\n|-heal|p2a: Sinistcha|82\/100|[from] item: Leftovers\n|upkeep\n|turn|9\n|\n|t:|1700748641\n|switch|p2a: Maushold|Maushold|100\/100\n|-damage|p2a: Maushold|88\/100|[from] Stealth Rock\n|move|p1a: Bebe|Shadow Ball|p2a: Maushold\n|-immune|p2a: Maushold\n|\n|upkeep\n|turn|10\n|\n|t:|1700748656\n|switch|p1a: Cartman|Rhyperior, M, tera:Water|38\/100 brn\n|-damage|p1a: Cartman|26\/100 brn|[from] Stealth Rock\n|switch|p2a: Sinistcha|Sinistcha|82\/100\n|-damage|p2a: Sinistcha|70\/100|[from] Stealth Rock\n|\n|-heal|p2a: Sinistcha|76\/100|[from] item: Leftovers\n|-heal|p1a: Cartman|32\/100 brn|[from] item: Leftovers\n|-damage|p1a: Cartman|26\/100 brn|[from] brn\n|upkeep\n|turn|11\n|\n|t:|1700748668\n|move|p2a: Sinistcha|Matcha Gotcha|p1a: Cartman\n|-supereffective|p1a: Cartman\n|-damage|p1a: Cartman|0 fnt\n|-heal|p2a: Sinistcha|92\/100|[from] drain|[of] p1a: Cartman\n|faint|p1a: Cartman\n|\n|-heal|p2a: Sinistcha|98\/100|[from] item: Leftovers\n|upkeep\n|\n|t:|1700748676\n|switch|p1a: Bebe|Gengar, F|88\/100\n|-damage|p1a: Bebe|76\/100|[from] Stealth Rock\n|turn|12\n|\n|t:|1700748683\n|move|p1a: Bebe|Sludge Bomb|p2a: Sinistcha\n|-damage|p2a: Sinistcha|38\/100\n|-status|p2a: Sinistcha|psn\n|move|p2a: Sinistcha|Trick Room|p2a: Sinistcha\n|-fieldstart|move: Trick Room|[of] p2a: Sinistcha\n|\n|-heal|p2a: Sinistcha|44\/100 psn|[from] item: Leftovers\n|-damage|p2a: Sinistcha|31\/100 psn|[from] psn\n|upkeep\n|turn|13\n|\n|t:|1700748700\n|switch|p1a: Garrison|Golisopod, M|13\/100\n|move|p2a: Sinistcha|Strength Sap|p1a: Garrison\n|-unboost|p1a: Garrison|atk|1\n|-heal|p2a: Sinistcha|100\/100 psn\n|\n|-damage|p2a: Sinistcha|88\/100 psn|[from] psn\n|upkeep\n|turn|14\n|\n|t:|1700748712\n|move|p1a: Garrison|Knock Off|p2a: Sinistcha\n|-supereffective|p2a: Sinistcha\n|-damage|p2a: Sinistcha|44\/100 psn\n|-enditem|p2a: Sinistcha|Leftovers|[from] move: Knock Off|[of] p1a: Garrison\n|move|p2a: Sinistcha|Hex|p1a: Garrison\n|-crit|p1a: Garrison\n|-damage|p1a: Garrison|0 fnt\n|faint|p1a: Garrison\n|\n|-damage|p2a: Sinistcha|32\/100 psn|[from] psn\n|upkeep\n|\n|t:|1700748732\n|switch|p1a: Kenny|Rotom-Heat|100\/100\n|turn|15\n|\n|t:|1700748738\n|move|p2a: Sinistcha|Strength Sap|p1a: Kenny\n|-unboost|p1a: Kenny|atk|1\n|-heal|p2a: Sinistcha|67\/100 psn\n|move|p1a: Kenny|Overheat|p2a: Sinistcha\n|-supereffective|p2a: Sinistcha\n|-damage|p2a: Sinistcha|12\/100 psn\n|-unboost|p1a: Kenny|spa|2\n|\n|-damage|p2a: Sinistcha|0 fnt|[from] psn\n|faint|p2a: Sinistcha\n|upkeep\n|\n|t:|1700748753\n|switch|p2a: Urshifu|Urshifu-Rapid-Strike, M|100\/100\n|-damage|p2a: Urshifu|94\/100|[from] Stealth Rock\n|turn|16\n|\n|t:|1700748764\n|move|p1a: Kenny|Will-O-Wisp|p2a: Urshifu\n|-status|p2a: Urshifu|brn\n|move|p2a: Urshifu|Surging Strikes|p1a: Kenny\n|-supereffective|p1a: Kenny\n|-crit|p1a: Kenny\n|-damage|p1a: Kenny|78\/100\n|-supereffective|p1a: Kenny\n|-crit|p1a: Kenny\n|-damage|p1a: Kenny|58\/100\n|-supereffective|p1a: Kenny\n|-crit|p1a: Kenny\n|-damage|p1a: Kenny|37\/100\n|-hitcount|p1a: Kenny|3\n|\n|-damage|p2a: Urshifu|88\/100 brn|[from] brn\n|-fieldend|move: Trick Room\n|upkeep\n|turn|17\n|\n|t:|1700748797\n|move|p2a: Urshifu|Surging Strikes|p1a: Kenny\n|-supereffective|p1a: Kenny\n|-crit|p1a: Kenny\n|-damage|p1a: Kenny|16\/100\n|-supereffective|p1a: Kenny\n|-crit|p1a: Kenny\n|-damage|p1a: Kenny|0 fnt\n|faint|p1a: Kenny\n|-hitcount|p1: Kenny|2\n|\n|-damage|p2a: Urshifu|82\/100 brn|[from] brn\n|upkeep\n|\n|t:|1700748810\n|switch|p1a: Wendy|Weavile, F|100\/100\n|-ability|p1a: Wendy|Pressure\n|turn|18\n|\n|t:|1700748817\n|move|p1a: Wendy|Psycho Cut|p2a: Urshifu\n|-supereffective|p2a: Urshifu\n|-damage|p2a: Urshifu|37\/100 brn\n|move|p2a: Urshifu|Close Combat|p1a: Wendy\n|-supereffective|p1a: Wendy\n|-damage|p1a: Wendy|0 fnt\n|-unboost|p2a: Urshifu|def|1\n|-unboost|p2a: Urshifu|spd|1\n|faint|p1a: Wendy\n|\n|-damage|p2a: Urshifu|31\/100 brn|[from] brn\n|upkeep\n|\n|t:|1700748827\n|switch|p1a: Kyle|Breloom, M|100\/100\n|-damage|p1a: Kyle|94\/100|[from] Stealth Rock\n|turn|19\n|\n|t:|1700748833\n|move|p1a: Kyle|Mach Punch|p2a: Urshifu\n|-damage|p2a: Urshifu|0 fnt\n|faint|p2a: Urshifu\n|\n|upkeep\n|\n|t:|1700748845\n|switch|p2a: Thundurus|Thundurus, M|100\/100\n|-damage|p2a: Thundurus|76\/100|[from] Stealth Rock\n|turn|20\n|\n|t:|1700748881\n|move|p2a: Thundurus|Thunder Wave|p1a: Kyle\n|-status|p1a: Kyle|par\n|move|p1a: Kyle|Spore|p2a: Thundurus\n|-status|p2a: Thundurus|slp|[from] move: Spore\n|\n|upkeep\n|turn|21\n|\n|t:|1700748889\n|cant|p2a: Thundurus|slp\n|move|p1a: Kyle|Swords Dance|p1a: Kyle\n|-boost|p1a: Kyle|atk|2\n|\n|upkeep\n|turn|22\n|\n|t:|1700748900\n|cant|p2a: Thundurus|slp\n|cant|p1a: Kyle|par\n|\n|upkeep\n|turn|23\n|\n|t:|1700748905\n|-curestatus|p2a: Thundurus|slp|[msg]\n|move|p2a: Thundurus|Thunderbolt|p1a: Kyle\n|-resisted|p1a: Kyle\n|-damage|p1a: Kyle|60\/100 par\n|move|p1a: Kyle|Bullet Seed|p2a: Thundurus\n|-resisted|p2a: Thundurus\n|-damage|p2a: Thundurus|53\/100\n|-resisted|p2a: Thundurus\n|-damage|p2a: Thundurus|28\/100\n|-enditem|p2a: Thundurus|Sitrus Berry|[eat]\n|-heal|p2a: Thundurus|53\/100|[from] item: Sitrus Berry\n|-hitcount|p2a: Thundurus|2\n|\n|upkeep\n|turn|24\n|\n|t:|1700748924\n|move|p1a: Kyle|Mach Punch|p2a: Thundurus\n|-resisted|p2a: Thundurus\n|-damage|p2a: Thundurus|10\/100\n|move|p2a: Thundurus|Thunderbolt|p1a: Kyle\n|-resisted|p1a: Kyle\n|-damage|p1a: Kyle|24\/100 par\n|\n|upkeep\n|turn|25\n|\n|t:|1700748932\n|move|p1a: Kyle|Mach Punch|p2a: Thundurus\n|-resisted|p2a: Thundurus\n|-damage|p2a: Thundurus|0 fnt\n|faint|p2a: Thundurus\n|\n|upkeep\n|\n|t:|1700748937\n|switch|p2a: Scizor|Scizor, F|100\/100\n|-damage|p2a: Scizor|88\/100|[from] Stealth Rock\n|turn|26\n|\n|t:|1700748949\n|detailschange|p2a: Scizor|Scizor-Mega, F\n|-mega|p2a: Scizor|Scizor|Scizorite\n|move|p2a: Scizor|Dual Wingbeat|p1a: Kyle\n|-supereffective|p1a: Kyle\n|-damage|p1a: Kyle|0 fnt\n|faint|p1a: Kyle\n|-hitcount|p1: Kyle|1\n|\n|upkeep\n|\n|t:|1700748955\n|switch|p1a: Bebe|Gengar, F|76\/100\n|-damage|p1a: Bebe|64\/100|[from] Stealth Rock\n|turn|27\n|\n|t:|1700748963\n|move|p2a: Scizor|Bullet Punch|p1a: Bebe\n|-damage|p1a: Bebe|0 fnt\n|-start|p2a: Scizor|Disable|Bullet Punch|[from] ability: Cursed Body|[of] p1a: Bebe\n|faint|p1a: Bebe\n|\n|win|Joey Mojuice\n|raw|tiny_ninja77's rating: 1174 &rarr; <strong>1150<\/strong><br \/>(-24 for losing)\n|raw|Joey Mojuice's rating: 1193 &rarr; <strong>1217<\/strong><br \/>(+24 for winning)\n|c|\u2606tiny_ninja77|gg\n|l|\u2606tiny_ninja77\n","uploadtime":1700748978,"views":6,"p1id":"tinyninja77","p2id":"joeymojuice","formatid":"gen9nationaldex","rating":1150,"private":0,"password":""}