{"id":"gen9nationaldex-1987306938","p1":"steals many wives","p2":"dFUCK2GLISCORiMS","format":"[Gen 9] National Dex","log":"|j|\u2606steals many wives\n|j|\u2606dFUCK2GLISCORiMS\n|t:|1699575628\n|gametype|singles\n|player|p1|steals many wives|waitress|1159\n|player|p2|dFUCK2GLISCORiMS|ghetsis|1040\n|teamsize|p1|6\n|teamsize|p2|6\n|gen|9\n|tier|[Gen 9] National Dex\n|rated|\n|rule|HP Percentage Mod: HP is shown in percentages\n|rule|Endless Battle Clause: Forcing endless battles is banned\n|rule|OHKO Clause: OHKO moves are banned\n|rule|Evasion Clause: Evasion abilities, items, and moves are banned\n|rule|Evasion Abilities Clause: Evasion abilities are banned\n|rule|Evasion Items Clause: Evasion items are banned\n|rule|Evasion Moves Clause: Evasion moves are banned\n|rule|Species Clause: Limit one of each Pok\u00e9mon\n|rule|Sleep Clause Mod: Limit one foe put to sleep\n|clearpoke\n|poke|p1|Volcarona, M|\n|poke|p1|Chandelure, F|\n|poke|p1|Rotom-Heat|\n|poke|p1|Victini|\n|poke|p1|Volcanion|\n|poke|p1|Camerupt, M|\n|poke|p2|Salazzle, F|\n|poke|p2|Magnemite, L1|\n|poke|p2|Probopass, L2, M|\n|poke|p2|Mandibuzz, F|\n|poke|p2|Nosepass, L1, M|\n|poke|p2|Tentacruel, M|\n|teampreview\n|\n|t:|1699575648\n|start\n|switch|p1a: Vesuvius|Camerupt, M|100\/100\n|switch|p2a: Click the \u274c|Nosepass, L1, M, shiny|100\/100\n|turn|1\n|c|\u2606steals many wives|Oh, interesting\n|\n|t:|1699575654\n|move|p2a: Click the \u274c|Magic Coat|p2a: Click the \u274c\n|-singleturn|p2a: Click the \u274c|move: Magic Coat\n|move|p1a: Vesuvius|Yawn|p2a: Click the \u274c\n|move|p2a: Click the \u274c|Yawn|p1a: Vesuvius|[from]Magic Coat\n|-start|p1a: Vesuvius|move: Yawn|[of] p2a: Click the \u274c\n|\n|upkeep\n|turn|2\n|\n|t:|1699575666\n|switch|p1a: Easy Bake|Rotom-Heat|100\/100\n|move|p2a: Click the \u274c|Toxic|p1a: Easy Bake\n|-status|p1a: Easy Bake|tox\n|\n|-damage|p1a: Easy Bake|94\/100 tox|[from] psn\n|upkeep\n|turn|3\n|c|\u2606dFUCK2GLISCORiMS|thx\n|\n|t:|1699575674\n|move|p2a: Click the \u274c|Protect|p2a: Click the \u274c\n|-singleturn|p2a: Click the \u274c|Protect\n|move|p1a: Easy Bake|Volt Switch|p2a: Click the \u274c\n|-activate|p2a: Click the \u274c|move: Protect\n|\n|-damage|p1a: Easy Bake|82\/100 tox|[from] psn\n|upkeep\n|turn|4\n|\n|t:|1699575687\n|move|p1a: Easy Bake|Volt Switch|p2a: Click the \u274c\n|-ability|p2a: Click the \u274c|Sturdy\n|-damage|p2a: Click the \u274c|10\/100\n|-enditem|p2a: Click the \u274c|Berry Juice\n|-heal|p2a: Click the \u274c|100\/100|[from] item: Berry Juice\n|\n|t:|1699575696\n|switch|p1a: Vesuvius|Camerupt, M|100\/100|[from] Volt Switch\n|move|p2a: Click the \u274c|Pain Split|p1a: Vesuvius\n|-sethp|p1a: Vesuvius|52\/100|[from] move: Pain Split|[silent]\n|-sethp|p2a: Click the \u274c|100\/100|[from] move: Pain Split\n|\n|upkeep\n|turn|5\n|c|\u2606steals many wives|i didn't bring my Anti-fear pokemon today\n|\n|t:|1699575724\n|move|p1a: Vesuvius|Yawn|p2a: Click the \u274c\n|-start|p2a: Click the \u274c|move: Yawn|[of] p1a: Vesuvius\n|move|p2a: Click the \u274c|Toxic|p1a: Vesuvius\n|-status|p1a: Vesuvius|tox\n|\n|-damage|p1a: Vesuvius|46\/100 tox|[from] psn\n|upkeep\n|turn|6\n|\n|t:|1699575733\n|switch|p2a: Sh\ud83d\udca9tsquid|Tentacruel, M|100\/100\n|detailschange|p1a: Vesuvius|Camerupt-Mega, M\n|-mega|p1a: Vesuvius|Camerupt|Cameruptite\n|move|p1a: Vesuvius|Earth Power|p2a: Sh\ud83d\udca9tsquid\n|-supereffective|p2a: Sh\ud83d\udca9tsquid\n|-damage|p2a: Sh\ud83d\udca9tsquid|9\/100\n|\n|-heal|p2a: Sh\ud83d\udca9tsquid|15\/100|[from] item: Leftovers\n|-damage|p1a: Vesuvius|34\/100 tox|[from] psn\n|upkeep\n|turn|7\n|\n|t:|1699575744\n|switch|p1a: Living Onsen|Volcanion|100\/100\n|move|p2a: Sh\ud83d\udca9tsquid|Scald|p1a: Living Onsen\n|-immune|p1a: Living Onsen|[from] ability: Water Absorb\n|\n|-heal|p2a: Sh\ud83d\udca9tsquid|21\/100|[from] item: Leftovers\n|upkeep\n|turn|8\n|\n|t:|1699575751\n|move|p2a: Sh\ud83d\udca9tsquid|Toxic|p1a: Living Onsen\n|-status|p1a: Living Onsen|tox\n|move|p1a: Living Onsen|Scorching Sands|p2a: Sh\ud83d\udca9tsquid\n|-supereffective|p2a: Sh\ud83d\udca9tsquid\n|-damage|p2a: Sh\ud83d\udca9tsquid|0 fnt\n|faint|p2a: Sh\ud83d\udca9tsquid\n|\n|-damage|p1a: Living Onsen|94\/100 tox|[from] psn\n|upkeep\n|\n|t:|1699575760\n|switch|p2a: No Fun Allowed|Salazzle, F|100\/100\n|turn|9\n|\n|t:|1699575763\n|move|p2a: No Fun Allowed|Substitute|p2a: No Fun Allowed\n|-start|p2a: No Fun Allowed|Substitute\n|-damage|p2a: No Fun Allowed|76\/100\n|move|p1a: Living Onsen|Scorching Sands|p2a: No Fun Allowed\n|-supereffective|p2a: No Fun Allowed\n|-crit|p2a: No Fun Allowed\n|-end|p2a: No Fun Allowed|Substitute\n|\n|-heal|p2a: No Fun Allowed|82\/100|[from] item: Leftovers\n|-damage|p1a: Living Onsen|82\/100 tox|[from] psn\n|upkeep\n|turn|10\n|\n|t:|1699575776\n|switch|p1a: Vesuvius|Camerupt-Mega, M|34\/100 tox\n|move|p2a: No Fun Allowed|Substitute|p2a: No Fun Allowed\n|-start|p2a: No Fun Allowed|Substitute\n|-damage|p2a: No Fun Allowed|57\/100\n|\n|-heal|p2a: No Fun Allowed|63\/100|[from] item: Leftovers\n|-damage|p1a: Vesuvius|27\/100 tox|[from] psn\n|upkeep\n|turn|11\n|\n|t:|1699575784\n|move|p2a: No Fun Allowed|Protect|p2a: No Fun Allowed\n|-singleturn|p2a: No Fun Allowed|Protect\n|move|p1a: Vesuvius|Earth Power|p2a: No Fun Allowed\n|-activate|p2a: No Fun Allowed|move: Protect\n|\n|-heal|p2a: No Fun Allowed|69\/100|[from] item: Leftovers\n|-damage|p1a: Vesuvius|15\/100 tox|[from] psn\n|upkeep\n|turn|12\n|\n|t:|1699575804\n|move|p2a: No Fun Allowed|Flamethrower|p1a: Vesuvius\n|-resisted|p1a: Vesuvius\n|-damage|p1a: Vesuvius|0 fnt\n|faint|p1a: Vesuvius\n|\n|-heal|p2a: No Fun Allowed|75\/100|[from] item: Leftovers\n|upkeep\n|\n|t:|1699575817\n|switch|p1a: Praise The Sun!|Volcarona, M|100\/100\n|turn|13\n|\n|t:|1699575824\n|move|p2a: No Fun Allowed|Toxic|p1a: Praise The Sun!\n|-status|p1a: Praise The Sun!|tox\n|move|p1a: Praise The Sun!|Quiver Dance|p1a: Praise The Sun!\n|-boost|p1a: Praise The Sun!|spa|1\n|-boost|p1a: Praise The Sun!|spd|1\n|-boost|p1a: Praise The Sun!|spe|1\n|\n|-heal|p2a: No Fun Allowed|81\/100|[from] item: Leftovers\n|-damage|p1a: Praise The Sun!|94\/100 tox|[from] psn\n|upkeep\n|turn|14\n|\n|t:|1699575832\n|move|p2a: No Fun Allowed|Protect|p2a: No Fun Allowed\n|-singleturn|p2a: No Fun Allowed|Protect\n|move|p1a: Praise The Sun!|Quiver Dance|p1a: Praise The Sun!\n|-boost|p1a: Praise The Sun!|spa|1\n|-boost|p1a: Praise The Sun!|spd|1\n|-boost|p1a: Praise The Sun!|spe|1\n|\n|-heal|p2a: No Fun Allowed|88\/100|[from] item: Leftovers\n|-damage|p1a: Praise The Sun!|82\/100 tox|[from] psn\n|upkeep\n|turn|15\n|\n|t:|1699575841\n|move|p1a: Praise The Sun!|Bug Buzz|p2a: No Fun Allowed\n|-resisted|p2a: No Fun Allowed\n|-damage|p2a: No Fun Allowed|43\/100\n|move|p2a: No Fun Allowed|Substitute|p2a: No Fun Allowed\n|-fail|p2a: No Fun Allowed|move: Substitute\n|\n|-heal|p2a: No Fun Allowed|49\/100|[from] item: Leftovers\n|-damage|p1a: Praise The Sun!|64\/100 tox|[from] psn\n|upkeep\n|turn|16\n|\n|t:|1699575849\n|move|p2a: No Fun Allowed|Protect|p2a: No Fun Allowed\n|-singleturn|p2a: No Fun Allowed|Protect\n|move|p1a: Praise The Sun!|Quiver Dance|p1a: Praise The Sun!\n|-boost|p1a: Praise The Sun!|spa|1\n|-boost|p1a: Praise The Sun!|spd|1\n|-boost|p1a: Praise The Sun!|spe|1\n|\n|-heal|p2a: No Fun Allowed|55\/100|[from] item: Leftovers\n|-damage|p1a: Praise The Sun!|40\/100 tox|[from] psn\n|upkeep\n|turn|17\n|\n|t:|1699575858\n|switch|p2a: Literally Level 1|Magnemite, L1|100\/100\n|move|p1a: Praise The Sun!|Bug Buzz|p2a: Literally Level 1\n|-resisted|p2a: Literally Level 1\n|-ability|p2a: Literally Level 1|Sturdy\n|-damage|p2a: Literally Level 1|10\/100\n|-enditem|p2a: Literally Level 1|Berry Juice\n|-heal|p2a: Literally Level 1|100\/100|[from] item: Berry Juice\n|\n|-damage|p1a: Praise The Sun!|9\/100 tox|[from] psn\n|upkeep\n|turn|18\n|\n|t:|1699575889\n|switch|p1a: Easy Bake|Rotom-Heat|82\/100 tox\n|move|p2a: Literally Level 1|Recycle|p2a: Literally Level 1\n|-item|p2a: Literally Level 1|Berry Juice|[from] move: Recycle\n|\n|-damage|p1a: Easy Bake|76\/100 tox|[from] psn\n|upkeep\n|turn|19\n|c|\u2606steals many wives|wow, what an infuriating team you have, nice work\n|\n|t:|1699575905\n|move|p2a: Literally Level 1|Protect|p2a: Literally Level 1\n|-singleturn|p2a: Literally Level 1|Protect\n|move|p1a: Easy Bake|Volt Switch|p2a: Literally Level 1\n|-activate|p2a: Literally Level 1|move: Protect\n|\n|-damage|p1a: Easy Bake|64\/100 tox|[from] psn\n|upkeep\n|turn|20\n|\n|t:|1699575913\n|move|p1a: Easy Bake|Volt Switch|p2a: Literally Level 1\n|-resisted|p2a: Literally Level 1\n|-ability|p2a: Literally Level 1|Sturdy\n|-damage|p2a: Literally Level 1|10\/100\n|-enditem|p2a: Literally Level 1|Berry Juice\n|-heal|p2a: Literally Level 1|100\/100|[from] item: Berry Juice\n|c|\u2606dFUCK2GLISCORiMS|yup, tha\n|c|\u2606dFUCK2GLISCORiMS|*that's the point\n|\n|t:|1699575923\n|switch|p1a: Praise The Sun!|Volcarona, M|9\/100 tox|[from] Volt Switch\n|move|p2a: Literally Level 1|Recycle|p2a: Literally Level 1\n|-item|p2a: Literally Level 1|Berry Juice|[from] move: Recycle\n|\n|-damage|p1a: Praise The Sun!|3\/100 tox|[from] psn\n|upkeep\n|turn|21\n|\n|t:|1699575938\n|move|p2a: Literally Level 1|Protect|p2a: Literally Level 1\n|-singleturn|p2a: Literally Level 1|Protect\n|move|p1a: Praise The Sun!|Giga Drain|p2a: Literally Level 1\n|-activate|p2a: Literally Level 1|move: Protect\n|\n|-damage|p1a: Praise The Sun!|0 fnt|[from] psn\n|faint|p1a: Praise The Sun!\n|upkeep\n|\n|t:|1699575946\n|switch|p1a: I Love Lamp|Chandelure, F, shiny|100\/100\n|turn|22\n|\n|t:|1699575975\n|move|p1a: I Love Lamp|Curse|p2a: Literally Level 1\n|-start|p2a: Literally Level 1|Curse|[of] p1a: I Love Lamp\n|-damage|p1a: I Love Lamp|51\/100\n|move|p2a: Literally Level 1|Toxic|p1a: I Love Lamp\n|-status|p1a: I Love Lamp|tox\n|\n|-heal|p1a: I Love Lamp|57\/100 tox|[from] item: Leftovers\n|-damage|p1a: I Love Lamp|51\/100 tox|[from] psn\n|-damage|p2a: Literally Level 1|82\/100|[from] Curse\n|upkeep\n|turn|23\n|\n|t:|1699575985\n|switch|p1a: Living Onsen|Volcanion|82\/100 tox\n|move|p2a: Literally Level 1|Protect||[still]\n|-fail|p2a: Literally Level 1\n|\n|-damage|p1a: Living Onsen|76\/100 tox|[from] psn\n|-damage|p2a: Literally Level 1|64\/100|[from] Curse\n|upkeep\n|turn|24\n|\n|t:|1699575995\n|move|p2a: Literally Level 1|Protect|p2a: Literally Level 1\n|-singleturn|p2a: Literally Level 1|Protect\n|move|p1a: Living Onsen|Steam Eruption|p2a: Literally Level 1\n|-activate|p2a: Literally Level 1|move: Protect\n|\n|-damage|p1a: Living Onsen|64\/100 tox|[from] psn\n|-damage|p2a: Literally Level 1|46\/100|[from] Curse\n|upkeep\n|-enditem|p2a: Literally Level 1|Berry Juice\n|-heal|p2a: Literally Level 1|100\/100|[from] item: Berry Juice\n|turn|25\n|\n|t:|1699576007\n|switch|p2a: Click the \u274c|Nosepass, L1, M, shiny|100\/100\n|move|p1a: Living Onsen|Steam Eruption|p2a: Click the \u274c\n|-supereffective|p2a: Click the \u274c\n|-ability|p2a: Click the \u274c|Sturdy\n|-damage|p2a: Click the \u274c|10\/100\n|\n|-damage|p1a: Living Onsen|45\/100 tox|[from] psn\n|upkeep\n|turn|26\n|\n|t:|1699576017\n|move|p2a: Click the \u274c|Protect|p2a: Click the \u274c\n|-singleturn|p2a: Click the \u274c|Protect\n|move|p1a: Living Onsen|Steam Eruption|p2a: Click the \u274c\n|-activate|p2a: Click the \u274c|move: Protect\n|\n|-damage|p1a: Living Onsen|21\/100 tox|[from] psn\n|upkeep\n|turn|27\n|\n|t:|1699576030\n|switch|p1a: Easy Bake|Rotom-Heat|64\/100 tox\n|move|p2a: Click the \u274c|Pain Split|p1a: Easy Bake\n|-sethp|p1a: Easy Bake|33\/100 tox|[from] move: Pain Split|[silent]\n|-sethp|p2a: Click the \u274c|100\/100|[from] move: Pain Split\n|\n|-damage|p1a: Easy Bake|27\/100 tox|[from] psn\n|upkeep\n|turn|28\n|\n|t:|1699576041\n|move|p2a: Click the \u274c|Protect|p2a: Click the \u274c\n|-singleturn|p2a: Click the \u274c|Protect\n|move|p1a: Easy Bake|Volt Switch|p2a: Click the \u274c\n|-activate|p2a: Click the \u274c|move: Protect\n|\n|-damage|p1a: Easy Bake|15\/100 tox|[from] psn\n|upkeep\n|turn|29\n|c|\u2606steals many wives|I actually might lose here, i can't even remember the last team FEAR beat me\n|\n|t:|1699576070\n|move|p1a: Easy Bake|Volt Switch|p2a: Click the \u274c\n|-ability|p2a: Click the \u274c|Sturdy\n|-damage|p2a: Click the \u274c|10\/100\n|\n|t:|1699576079\n|switch|p1a: Living Onsen|Volcanion|21\/100 tox|[from] Volt Switch\n|move|p2a: Click the \u274c|Pain Split|p1a: Living Onsen\n|-sethp|p1a: Living Onsen|11\/100 tox|[from] move: Pain Split|[silent]\n|-sethp|p2a: Click the \u274c|100\/100|[from] move: Pain Split\n|\n|-damage|p1a: Living Onsen|4\/100 tox|[from] psn\n|upkeep\n|turn|30\n|c|\u2606dFUCK2GLISCORiMS|you can't beat me at this point\n|c|\u2606dFUCK2GLISCORiMS|you switched out way too much\n|c|\u2606steals many wives|probably not\n|\n|t:|1699576098\n|move|p2a: Click the \u274c|Protect|p2a: Click the \u274c\n|-singleturn|p2a: Click the \u274c|Protect\n|move|p1a: Living Onsen|Steam Eruption|p2a: Click the \u274c\n|-activate|p2a: Click the \u274c|move: Protect\n|\n|-damage|p1a: Living Onsen|0 fnt|[from] psn\n|faint|p1a: Living Onsen\n|upkeep\n|c|\u2606dFUCK2GLISCORiMS|nosepass and mag should be dead by now\n|\n|t:|1699576110\n|switch|p1a: Easy Bake|Rotom-Heat|15\/100 tox\n|turn|31\n|c|\u2606steals many wives|I did try\n|c|\u2606steals many wives|so mush for \"30% chance to burn\"\n|c|\u2606dFUCK2GLISCORiMS|nope, you used curse and didn't follow up with an attack\n|\n|t:|1699576141\n|move|p1a: Easy Bake|Sucker Punch||[still]\n|-fail|p1a: Easy Bake\n|move|p2a: Click the \u274c|Pain Split|p1a: Easy Bake\n|-sethp|p1a: Easy Bake|10\/100 tox|[from] move: Pain Split|[silent]\n|-sethp|p2a: Click the \u274c|100\/100|[from] move: Pain Split\n|\n|-damage|p1a: Easy Bake|4\/100 tox|[from] psn\n|upkeep\n|turn|32\n|c|\u2606dFUCK2GLISCORiMS|and i used pain split when you switched\n|\n|t:|1699576149\n|move|p2a: Click the \u274c|Protect|p2a: Click the \u274c\n|-singleturn|p2a: Click the \u274c|Protect\n|move|p1a: Easy Bake|Overheat|p2a: Click the \u274c\n|-activate|p2a: Click the \u274c|move: Protect\n|\n|-damage|p1a: Easy Bake|0 fnt|[from] psn\n|faint|p1a: Easy Bake\n|upkeep\n|c|\u2606steals many wives|yeah, i fucked up\n|-message|steals many wives forfeited.\n|\n|win|dFUCK2GLISCORiMS\n|raw|steals many wives's rating: 1159 &rarr; <strong>1128<\/strong><br \/>(-31 for losing)\n|raw|dFUCK2GLISCORiMS's rating: 1070 &rarr; <strong>1107<\/strong><br \/>(+37 for winning)\n|l|\u2606steals many wives\n","uploadtime":1699576163,"views":5,"p1id":"stealsmanywives","p2id":"dfuck2gliscorims","formatid":"gen9nationaldex","rating":1107,"private":0,"password":""}