{"id":"gen9nationaldex-1993110305","p1":"huevo_pipipi","p2":"Dan07B","format":"[Gen 9] National Dex","log":"|j|\u2606huevo_pipipi\n|j|\u2606Dan07B\n|t:|1700265953\n|gametype|singles\n|player|p1|huevo_pipipi|akari|1133\n|player|p2|Dan07B|pokemonranger-gen4|1202\n|teamsize|p1|6\n|teamsize|p2|6\n|gen|9\n|tier|[Gen 9] National Dex\n|rated|\n|rule|HP Percentage Mod: HP is shown in percentages\n|rule|Endless Battle Clause: Forcing endless battles is banned\n|rule|OHKO Clause: OHKO moves are banned\n|rule|Evasion Clause: Evasion abilities, items, and moves are banned\n|rule|Evasion Abilities Clause: Evasion abilities are banned\n|rule|Evasion Items Clause: Evasion items are banned\n|rule|Evasion Moves Clause: Evasion moves are banned\n|rule|Species Clause: Limit one of each Pok\u00e9mon\n|rule|Sleep Clause Mod: Limit one foe put to sleep\n|clearpoke\n|poke|p1|Skeledirge, F|\n|poke|p1|Cinccino, F|\n|poke|p1|Glaceon, F|\n|poke|p1|Corviknight, F|\n|poke|p1|Gardevoir, F|\n|poke|p1|Tyranitar, F|\n|poke|p2|Corviknight, F|\n|poke|p2|Sirfetch\u2019d, F|\n|poke|p2|Aegislash, M|\n|poke|p2|Gallade, M|\n|poke|p2|Armarouge, M|\n|poke|p2|Keldeo-Resolute|\n|teampreview\n|j| ToxelUser\n|c|\u2606huevo_pipipi|XDDdd\n|l| ToxelUser\n|c|\u2606Dan07B|Huevo?!\n|c|\u2606huevo_pipipi|Soy yo\n|c|\u2606huevo_pipipi|XDDD\n|c|\u2606Dan07B|Que haces aqu\u00ed Fred?!!!\n|c|\u2606Dan07B|XD\n|\n|t:|1700266056\n|start\n|switch|p1a: Cinccino|Cinccino, F|100\/100\n|switch|p2a: Sir.Bors|Corviknight, F|100\/100\n|-ability|p2a: Sir.Bors|Pressure\n|turn|1\n|\n|t:|1700266077\n|move|p1a: Cinccino|U-turn|p2a: Sir.Bors\n|-resisted|p2a: Sir.Bors\n|-crit|p2a: Sir.Bors\n|-damage|p2a: Sir.Bors|95\/100\n|\n|t:|1700266081\n|switch|p1a: Corviknight|Corviknight, F|100\/100|[from] U-turn\n|-ability|p1a: Corviknight|Pressure\n|move|p2a: Sir.Bors|Bulk Up|p2a: Sir.Bors\n|-boost|p2a: Sir.Bors|atk|1\n|-boost|p2a: Sir.Bors|def|1\n|\n|-heal|p2a: Sir.Bors|100\/100|[from] item: Leftovers\n|upkeep\n|turn|2\n|\n|t:|1700266104\n|move|p2a: Sir.Bors|Bulk Up|p2a: Sir.Bors\n|-boost|p2a: Sir.Bors|atk|1\n|-boost|p2a: Sir.Bors|def|1\n|move|p1a: Corviknight|Bulk Up|p1a: Corviknight\n|-boost|p1a: Corviknight|atk|1\n|-boost|p1a: Corviknight|def|1\n|\n|upkeep\n|turn|3\n|\n|t:|1700266109\n|move|p2a: Sir.Bors|Body Press|p1a: Corviknight\n|-damage|p1a: Corviknight|80\/100\n|move|p1a: Corviknight|Bulk Up|p1a: Corviknight\n|-boost|p1a: Corviknight|atk|1\n|-boost|p1a: Corviknight|def|1\n|\n|upkeep\n|turn|4\n|\n|t:|1700266114\n|move|p2a: Sir.Bors|Bulk Up|p2a: Sir.Bors\n|-boost|p2a: Sir.Bors|atk|1\n|-boost|p2a: Sir.Bors|def|1\n|move|p1a: Corviknight|Bulk Up|p1a: Corviknight\n|-boost|p1a: Corviknight|atk|1\n|-boost|p1a: Corviknight|def|1\n|\n|upkeep\n|turn|5\n|\n|t:|1700266119\n|move|p2a: Sir.Bors|Body Press|p1a: Corviknight\n|-damage|p1a: Corviknight|67\/100\n|move|p1a: Corviknight|Bulk Up|p1a: Corviknight\n|-boost|p1a: Corviknight|atk|1\n|-boost|p1a: Corviknight|def|1\n|\n|upkeep\n|turn|6\n|\n|t:|1700266124\n|move|p2a: Sir.Bors|Bulk Up|p2a: Sir.Bors\n|-boost|p2a: Sir.Bors|atk|1\n|-boost|p2a: Sir.Bors|def|1\n|move|p1a: Corviknight|Roost|p1a: Corviknight\n|-heal|p1a: Corviknight|100\/100\n|-singleturn|p1a: Corviknight|move: Roost\n|\n|upkeep\n|turn|7\n|\n|t:|1700266128\n|move|p2a: Sir.Bors|Bulk Up|p2a: Sir.Bors\n|-boost|p2a: Sir.Bors|atk|1\n|-boost|p2a: Sir.Bors|def|1\n|move|p1a: Corviknight|Bulk Up|p1a: Corviknight\n|-boost|p1a: Corviknight|atk|1\n|-boost|p1a: Corviknight|def|1\n|\n|upkeep\n|turn|8\n|\n|t:|1700266134\n|move|p2a: Sir.Bors|Body Press|p1a: Corviknight\n|-damage|p1a: Corviknight|87\/100\n|move|p1a: Corviknight|Bulk Up|p1a: Corviknight\n|-boost|p1a: Corviknight|atk|1\n|-boost|p1a: Corviknight|def|1\n|\n|upkeep\n|turn|9\n|\n|t:|1700266160\n|move|p2a: Sir.Bors|Bulk Up|p2a: Sir.Bors\n|-boost|p2a: Sir.Bors|atk|1\n|-boost|p2a: Sir.Bors|def|1\n|move|p1a: Corviknight|Power Trip|p2a: Sir.Bors\n|-damage|p2a: Sir.Bors|64\/100\n|\n|-heal|p2a: Sir.Bors|70\/100|[from] item: Leftovers\n|upkeep\n|turn|10\n|\n|t:|1700266173\n|move|p2a: Sir.Bors|Power Trip|p1a: Corviknight\n|-damage|p1a: Corviknight|56\/100\n|move|p1a: Corviknight|Power Trip|p2a: Sir.Bors\n|-damage|p2a: Sir.Bors|34\/100\n|\n|-heal|p2a: Sir.Bors|40\/100|[from] item: Leftovers\n|upkeep\n|turn|11\n|\n|t:|1700266191\n|-terastallize|p1a: Corviknight|Dark\n|move|p2a: Sir.Bors|Roost|p2a: Sir.Bors\n|-heal|p2a: Sir.Bors|90\/100\n|-singleturn|p2a: Sir.Bors|move: Roost\n|move|p1a: Corviknight|Power Trip|p2a: Sir.Bors\n|-damage|p2a: Sir.Bors|32\/100\n|\n|-heal|p2a: Sir.Bors|39\/100|[from] item: Leftovers\n|upkeep\n|turn|12\n|\n|t:|1700266201\n|move|p2a: Sir.Bors|Power Trip|p1a: Corviknight\n|-resisted|p1a: Corviknight\n|-damage|p1a: Corviknight|40\/100\n|move|p1a: Corviknight|Power Trip|p2a: Sir.Bors\n|-damage|p2a: Sir.Bors|0 fnt\n|faint|p2a: Sir.Bors\n|\n|upkeep\n|\n|t:|1700266203\n|switch|p2a: King Arturo|Keldeo-Resolute|100\/100\n|turn|13\n|\n|t:|1700266219\n|move|p2a: King Arturo|Secret Sword|p1a: Corviknight\n|-supereffective|p1a: Corviknight\n|-damage|p1a: Corviknight|28\/100\n|move|p1a: Corviknight|Power Trip|p2a: King Arturo\n|-resisted|p2a: King Arturo\n|-damage|p2a: King Arturo|0 fnt\n|faint|p2a: King Arturo\n|\n|upkeep\n|\n|t:|1700266239\n|switch|p2a: Sir.Tristan|Armarouge, M|100\/100\n|turn|14\n|\n|t:|1700266259\n|-terastallize|p2a: Sir.Tristan|Fighting\n|move|p2a: Sir.Tristan|Flamethrower|p1a: Corviknight\n|-damage|p1a: Corviknight|0 fnt\n|faint|p1a: Corviknight\n|\n|upkeep\n|\n|t:|1700266277\n|switch|p1a: Cinccino|Cinccino, F|100\/100\n|turn|15\n|c|\u2606Dan07B|Parece que t\u00fa cuervo no aguanta un poco de fuego \ud83d\uddff\n|\n|t:|1700266298\n|switch|p2a: Galahad|Aegislash, M, shiny|100\/100\n|move|p1a: Cinccino|Bullet Seed|p2a: Galahad\n|-resisted|p2a: Galahad\n|-damage|p2a: Galahad|97\/100\n|-resisted|p2a: Galahad\n|-damage|p2a: Galahad|93\/100\n|-resisted|p2a: Galahad\n|-damage|p2a: Galahad|89\/100\n|-resisted|p2a: Galahad\n|-damage|p2a: Galahad|85\/100\n|-hitcount|p2a: Galahad|4\n|\n|-heal|p2a: Galahad|91\/100|[from] item: Leftovers\n|upkeep\n|turn|16\n|\n|t:|1700266313\n|switch|p1a: Glaceon|Glaceon, F|100\/100\n|move|p2a: Galahad|Substitute|p2a: Galahad\n|-start|p2a: Galahad|Substitute\n|-damage|p2a: Galahad|67\/100\n|\n|-heal|p2a: Galahad|73\/100|[from] item: Leftovers\n|upkeep\n|turn|17\n|\n|t:|1700266321\n|move|p2a: Galahad|King's Shield|p2a: Galahad\n|-singleturn|p2a: Galahad|Protect\n|move|p1a: Glaceon|Snowscape|p1a: Glaceon\n|-weather|Snow\n|\n|-weather|Snow|[upkeep]\n|-heal|p2a: Galahad|79\/100|[from] item: Leftovers\n|upkeep\n|turn|18\n|\n|t:|1700266324\n|move|p1a: Glaceon|Aurora Veil|p1a: Glaceon\n|-sidestart|p1: huevo_pipipi|move: Aurora Veil\n|move|p2a: Galahad|Toxic|p1a: Glaceon\n|-status|p1a: Glaceon|tox\n|\n|-weather|Snow|[upkeep]\n|-heal|p2a: Galahad|85\/100|[from] item: Leftovers\n|-damage|p1a: Glaceon|94\/100 tox|[from] psn\n|upkeep\n|turn|19\n|\n|t:|1700266329\n|move|p1a: Glaceon|Blizzard|p2a: Galahad\n|-resisted|p2a: Galahad\n|-activate|p2a: Galahad|move: Substitute|[damage]\n|-formechange|p2a: Galahad|Aegislash-Blade||[from] ability: Stance Change\n|move|p2a: Galahad|Shadow Ball|p1a: Glaceon\n|-damage|p1a: Glaceon|69\/100 tox\n|\n|-weather|Snow|[upkeep]\n|-heal|p1a: Glaceon|75\/100 tox|[from] ability: Ice Body\n|-heal|p1a: Glaceon|81\/100 tox|[from] item: Leftovers\n|-heal|p2a: Galahad|91\/100|[from] item: Leftovers\n|-damage|p1a: Glaceon|69\/100 tox|[from] psn\n|upkeep\n|turn|20\n|\n|t:|1700266339\n|-formechange|p2a: Galahad|Aegislash||[from] ability: Stance Change\n|move|p2a: Galahad|King's Shield|p2a: Galahad\n|-singleturn|p2a: Galahad|Protect\n|move|p1a: Glaceon|Blizzard|p2a: Galahad\n|-activate|p2a: Galahad|move: Protect\n|\n|-weather|Snow|[upkeep]\n|-heal|p1a: Glaceon|75\/100 tox|[from] ability: Ice Body\n|-heal|p1a: Glaceon|81\/100 tox|[from] item: Leftovers\n|-heal|p2a: Galahad|97\/100|[from] item: Leftovers\n|-damage|p1a: Glaceon|63\/100 tox|[from] psn\n|upkeep\n|turn|21\n|\n|t:|1700266362\n|move|p1a: Glaceon|Blizzard|p2a: Galahad\n|-resisted|p2a: Galahad\n|-end|p2a: Galahad|Substitute\n|-formechange|p2a: Galahad|Aegislash-Blade||[from] ability: Stance Change\n|move|p2a: Galahad|Shadow Ball|p1a: Glaceon\n|-damage|p1a: Glaceon|37\/100 tox\n|\n|-weather|none\n|-heal|p1a: Glaceon|44\/100 tox|[from] item: Leftovers\n|-heal|p2a: Galahad|100\/100|[from] item: Leftovers\n|-damage|p1a: Glaceon|19\/100 tox|[from] psn\n|upkeep\n|turn|22\n|\n|t:|1700266375\n|switch|p1a: Skeledirge|Skeledirge, F|100\/100\n|switch|p2a: Sir.Tristan|Armarouge, M, tera:Fighting|100\/100\n|\n|-sideend|p1: huevo_pipipi|move: Aurora Veil\n|upkeep\n|turn|23\n|\n|t:|1700266386\n|move|p2a: Sir.Tristan|Calm Mind|p2a: Sir.Tristan\n|-boost|p2a: Sir.Tristan|spa|1\n|-boost|p2a: Sir.Tristan|spd|1\n|move|p1a: Skeledirge|Shadow Ball|p2a: Sir.Tristan\n|-damage|p2a: Sir.Tristan|69\/100\n|\n|upkeep\n|turn|24\n|\n|t:|1700266396\n|move|p2a: Sir.Tristan|Calm Mind|p2a: Sir.Tristan\n|-boost|p2a: Sir.Tristan|spa|1\n|-boost|p2a: Sir.Tristan|spd|1\n|move|p1a: Skeledirge|Shadow Ball|p2a: Sir.Tristan\n|-damage|p2a: Sir.Tristan|42\/100\n|\n|upkeep\n|turn|25\n|\n|t:|1700266418\n|switch|p1a: Glaceon|Glaceon, F|19\/100 tox\n|move|p2a: Sir.Tristan|Stored Power|p1a: Glaceon\n|-damage|p1a: Glaceon|0 fnt\n|faint|p1a: Glaceon\n|\n|upkeep\n|\n|t:|1700266427\n|switch|p1a: Gardevoir|Gardevoir, F, shiny|100\/100\n|turn|26\n|\n|t:|1700266444\n|switch|p2a: Galahad|Aegislash, M, shiny|100\/100\n|detailschange|p1a: Gardevoir|Gardevoir-Mega, F, shiny\n|-mega|p1a: Gardevoir|Gardevoir|Gardevoirite\n|move|p1a: Gardevoir|Moonblast|p2a: Galahad\n|-resisted|p2a: Galahad\n|-damage|p2a: Galahad|78\/100\n|\n|-heal|p2a: Galahad|84\/100|[from] item: Leftovers\n|upkeep\n|turn|27\n|\n|t:|1700266456\n|switch|p1a: Tyranitar|Tyranitar, F|100\/100\n|-weather|Sandstorm|[from] ability: Sand Stream|[of] p1a: Tyranitar\n|move|p2a: Galahad|King's Shield||[still]\n|-fail|p2a: Galahad\n|\n|-weather|Sandstorm|[upkeep]\n|-heal|p2a: Galahad|90\/100|[from] item: Leftovers\n|upkeep\n|turn|28\n|\n|t:|1700266470\n|switch|p2a: Sir.Percival|Gallade, M, shiny|100\/100\n|move|p1a: Tyranitar|Hone Claws|p1a: Tyranitar\n|-boost|p1a: Tyranitar|atk|1\n|-boost|p1a: Tyranitar|accuracy|1\n|\n|-weather|Sandstorm|[upkeep]\n|-damage|p2a: Sir.Percival|94\/100|[from] Sandstorm\n|upkeep\n|turn|29\n|\n|t:|1700266476\n|switch|p1a: Skeledirge|Skeledirge, F|100\/100\n|detailschange|p2a: Sir.Percival|Gallade-Mega, M, shiny\n|-mega|p2a: Sir.Percival|Gallade|Galladite\n|move|p2a: Sir.Percival|Bulk Up|p2a: Sir.Percival\n|-boost|p2a: Sir.Percival|atk|1\n|-boost|p2a: Sir.Percival|def|1\n|\n|-weather|Sandstorm|[upkeep]\n|-damage|p2a: Sir.Percival|88\/100|[from] Sandstorm\n|-damage|p1a: Skeledirge|94\/100|[from] Sandstorm\n|-heal|p1a: Skeledirge|100\/100|[from] item: Leftovers\n|upkeep\n|turn|30\n|\n|t:|1700266491\n|move|p2a: Sir.Percival|Psycho Cut|p1a: Skeledirge\n|-damage|p1a: Skeledirge|75\/100\n|move|p1a: Skeledirge|Shadow Ball|p2a: Sir.Percival\n|-supereffective|p2a: Sir.Percival\n|-damage|p2a: Sir.Percival|21\/100\n|\n|-weather|Sandstorm|[upkeep]\n|-damage|p2a: Sir.Percival|15\/100|[from] Sandstorm\n|-damage|p1a: Skeledirge|69\/100|[from] Sandstorm\n|-heal|p1a: Skeledirge|75\/100|[from] item: Leftovers\n|upkeep\n|turn|31\n|\n|t:|1700266505\n|move|p2a: Sir.Percival|Shadow Sneak|p1a: Skeledirge\n|-supereffective|p1a: Skeledirge\n|-damage|p1a: Skeledirge|54\/100\n|move|p1a: Skeledirge|Slack Off|p1a: Skeledirge\n|-heal|p1a: Skeledirge|100\/100\n|\n|-weather|none\n|upkeep\n|turn|32\n|\n|t:|1700266523\n|switch|p1a: Cinccino|Cinccino, F|100\/100\n|move|p2a: Sir.Percival|Shadow Sneak|p1a: Cinccino\n|-immune|p1a: Cinccino\n|\n|upkeep\n|turn|33\n|\n|t:|1700266532\n|move|p1a: Cinccino|U-turn|p2a: Sir.Percival\n|-damage|p2a: Sir.Percival|0 fnt\n|faint|p2a: Sir.Percival\n|\n|t:|1700266547\n|switch|p1a: Skeledirge|Skeledirge, F|100\/100|[from] U-turn\n|\n|upkeep\n|\n|t:|1700266575\n|switch|p2a: Galahad|Aegislash, M, shiny|90\/100\n|turn|34\n|\n|t:|1700266580\n|move|p2a: Galahad|King's Shield|p2a: Galahad\n|-singleturn|p2a: Galahad|Protect\n|move|p1a: Skeledirge|Torch Song|p2a: Galahad\n|-activate|p2a: Galahad|move: Protect\n|\n|-heal|p2a: Galahad|96\/100|[from] item: Leftovers\n|upkeep\n|turn|35\n|\n|t:|1700266600\n|move|p1a: Skeledirge|Shadow Ball|p2a: Galahad\n|-supereffective|p2a: Galahad\n|-damage|p2a: Galahad|53\/100\n|-unboost|p2a: Galahad|spd|1\n|-formechange|p2a: Galahad|Aegislash-Blade||[from] ability: Stance Change\n|move|p2a: Galahad|Shadow Ball|p1a: Skeledirge\n|-supereffective|p1a: Skeledirge\n|-damage|p1a: Skeledirge|7\/100\n|\n|-heal|p1a: Skeledirge|13\/100|[from] item: Leftovers\n|-heal|p2a: Galahad|59\/100|[from] item: Leftovers\n|upkeep\n|turn|36\n|\n|t:|1700266639\n|-formechange|p2a: Galahad|Aegislash||[from] ability: Stance Change\n|move|p2a: Galahad|King's Shield|p2a: Galahad\n|-singleturn|p2a: Galahad|Protect\n|move|p1a: Skeledirge|Shadow Ball|p2a: Galahad\n|-activate|p2a: Galahad|move: Protect\n|\n|-heal|p1a: Skeledirge|19\/100|[from] item: Leftovers\n|-heal|p2a: Galahad|65\/100|[from] item: Leftovers\n|upkeep\n|turn|37\n|\n|t:|1700266656\n|move|p1a: Skeledirge|Shadow Ball|p2a: Galahad\n|-supereffective|p2a: Galahad\n|-damage|p2a: Galahad|23\/100\n|-formechange|p2a: Galahad|Aegislash-Blade||[from] ability: Stance Change\n|move|p2a: Galahad|Shadow Ball|p1a: Skeledirge\n|-supereffective|p1a: Skeledirge\n|-damage|p1a: Skeledirge|0 fnt\n|faint|p1a: Skeledirge\n|\n|-heal|p2a: Galahad|30\/100|[from] item: Leftovers\n|upkeep\n|\n|t:|1700266671\n|switch|p1a: Tyranitar|Tyranitar, F|100\/100\n|-weather|Sandstorm|[from] ability: Sand Stream|[of] p1a: Tyranitar\n|turn|38\n|\n|t:|1700266681\n|move|p1a: Tyranitar|Stealth Rock|p2a: Galahad\n|-sidestart|p2: Dan07B|move: Stealth Rock\n|move|p2a: Galahad|Substitute|p2a: Galahad\n|-start|p2a: Galahad|Substitute\n|-damage|p2a: Galahad|5\/100\n|\n|-weather|Sandstorm|[upkeep]\n|-heal|p2a: Galahad|11\/100|[from] item: Leftovers\n|upkeep\n|turn|39\n|\n|t:|1700266691\n|move|p1a: Tyranitar|Stone Edge|p2a: Galahad\n|-resisted|p2a: Galahad\n|-end|p2a: Galahad|Substitute\n|move|p2a: Galahad|Toxic|p1a: Tyranitar\n|-status|p1a: Tyranitar|tox\n|\n|-weather|Sandstorm|[upkeep]\n|-heal|p2a: Galahad|17\/100|[from] item: Leftovers\n|-damage|p1a: Tyranitar|94\/100 tox|[from] psn\n|upkeep\n|turn|40\n|\n|t:|1700266699\n|-formechange|p2a: Galahad|Aegislash||[from] ability: Stance Change\n|move|p2a: Galahad|King's Shield|p2a: Galahad\n|-singleturn|p2a: Galahad|Protect\n|move|p1a: Tyranitar|Knock Off|p2a: Galahad\n|-activate|p2a: Galahad|move: Protect\n|-unboost|p1a: Tyranitar|atk|1\n|\n|-weather|Sandstorm|[upkeep]\n|-heal|p2a: Galahad|23\/100|[from] item: Leftovers\n|-damage|p1a: Tyranitar|82\/100 tox|[from] psn\n|upkeep\n|turn|41\n|\n|t:|1700266712\n|switch|p2a: Sir.Tristan|Armarouge, M, tera:Fighting|42\/100\n|-damage|p2a: Sir.Tristan|36\/100|[from] Stealth Rock\n|move|p1a: Tyranitar|Knock Off|p2a: Sir.Tristan\n|-resisted|p2a: Sir.Tristan\n|-damage|p2a: Sir.Tristan|20\/100\n|-ability|p2a: Sir.Tristan|Weak Armor|boost\n|-unboost|p2a: Sir.Tristan|def|1\n|-boost|p2a: Sir.Tristan|spe|2\n|-enditem|p2a: Sir.Tristan|Focus Sash|[from] move: Knock Off|[of] p1a: Tyranitar\n|\n|-weather|Sandstorm|[upkeep]\n|-damage|p2a: Sir.Tristan|14\/100|[from] Sandstorm\n|-damage|p1a: Tyranitar|64\/100 tox|[from] psn\n|upkeep\n|turn|42\n|\n|t:|1700266726\n|move|p2a: Sir.Tristan|Flamethrower|p1a: Tyranitar\n|-resisted|p1a: Tyranitar\n|-damage|p1a: Tyranitar|55\/100 tox\n|move|p1a: Tyranitar|Stone Edge|p2a: Sir.Tristan\n|-resisted|p2a: Sir.Tristan\n|-damage|p2a: Sir.Tristan|0 fnt\n|faint|p2a: Sir.Tristan\n|\n|-weather|none\n|-damage|p1a: Tyranitar|30\/100 tox|[from] psn\n|upkeep\n|-enditem|p1a: Tyranitar|Sitrus Berry|[eat]\n|-heal|p1a: Tyranitar|55\/100 tox|[from] item: Sitrus Berry\n|\n|t:|1700266731\n|switch|p2a: Galahad|Aegislash, M, shiny|23\/100\n|-damage|p2a: Galahad|17\/100|[from] Stealth Rock\n|turn|43\n|\n|t:|1700266742\n|move|p2a: Galahad|King's Shield|p2a: Galahad\n|-singleturn|p2a: Galahad|Protect\n|move|p1a: Tyranitar|Stone Edge|p2a: Galahad\n|-activate|p2a: Galahad|move: Protect\n|\n|-heal|p2a: Galahad|23\/100|[from] item: Leftovers\n|-damage|p1a: Tyranitar|24\/100 tox|[from] psn\n|upkeep\n|turn|44\n|\n|t:|1700266758\n|switch|p2a: Sir.Lancelot|Sirfetch\u2019d, F, shiny|100\/100\n|-damage|p2a: Sir.Lancelot|94\/100|[from] Stealth Rock\n|move|p1a: Tyranitar|Knock Off|p2a: Sir.Lancelot\n|-resisted|p2a: Sir.Lancelot\n|-damage|p2a: Sir.Lancelot|75\/100\n|-enditem|p2a: Sir.Lancelot|Leek|[from] move: Knock Off|[of] p1a: Tyranitar\n|\n|-damage|p1a: Tyranitar|0 fnt|[from] psn\n|faint|p1a: Tyranitar\n|upkeep\n|\n|t:|1700266772\n|switch|p1a: Gardevoir|Gardevoir-Mega, F, shiny|100\/100\n|turn|45\n|\n|t:|1700266780\n|move|p2a: Sir.Lancelot|First Impression|p1a: Gardevoir\n|-damage|p1a: Gardevoir|48\/100\n|move|p1a: Gardevoir|Moonblast|p2a: Sir.Lancelot\n|-supereffective|p2a: Sir.Lancelot\n|-damage|p2a: Sir.Lancelot|0 fnt\n|faint|p2a: Sir.Lancelot\n|\n|upkeep\n|\n|t:|1700266784\n|switch|p2a: Galahad|Aegislash, M, shiny|23\/100\n|-damage|p2a: Galahad|17\/100|[from] Stealth Rock\n|turn|46\n|\n|t:|1700266793\n|move|p2a: Galahad|King's Shield|p2a: Galahad\n|-singleturn|p2a: Galahad|Protect\n|move|p1a: Gardevoir|Moonblast|p2a: Galahad\n|-activate|p2a: Galahad|move: Protect\n|\n|-heal|p2a: Galahad|23\/100|[from] item: Leftovers\n|upkeep\n|turn|47\n|\n|t:|1700266806\n|move|p2a: Galahad|King's Shield||[still]\n|-fail|p2a: Galahad\n|move|p1a: Gardevoir|Moonblast|p2a: Galahad\n|-resisted|p2a: Galahad\n|-damage|p2a: Galahad|0 fnt\n|faint|p2a: Galahad\n|\n|win|huevo_pipipi\n|raw|huevo_pipipi's rating: 1133 &rarr; <strong>1163<\/strong><br \/>(+30 for winning)\n|raw|Dan07B's rating: 1202 &rarr; <strong>1172<\/strong><br \/>(-30 for losing)\n|c|\u2606Dan07B|Gg\n|l|\u2606Dan07B\n","uploadtime":1700266962,"views":8,"p1id":"huevopipipi","p2id":"dan07b","formatid":"gen9nationaldex","rating":1163,"private":0,"password":""}