{"id":"gen9nationaldex-1991894406","p1":"taoke","p2":"zxcvbnmmnbvcx","format":"[Gen 9] National Dex","log":"|j|\u2606taoke\n|j|\u2606zxcvbnmmnbvcx\n|t:|1700134824\n|gametype|singles\n|player|p1|taoke|cyclist|\n|player|p2|zxcvbnmmnbvcx|169|\n|teamsize|p1|6\n|teamsize|p2|6\n|gen|9\n|tier|[Gen 9] National Dex\n|rated|Tournament battle\n|rule|HP Percentage Mod: HP is shown in percentages\n|rule|Endless Battle Clause: Forcing endless battles is banned\n|rule|OHKO Clause: OHKO moves are banned\n|rule|Evasion Clause: Evasion abilities, items, and moves are banned\n|rule|Evasion Abilities Clause: Evasion abilities are banned\n|rule|Evasion Items Clause: Evasion items are banned\n|rule|Evasion Moves Clause: Evasion moves are banned\n|rule|Species Clause: Limit one of each Pok\u00e9mon\n|rule|Sleep Clause Mod: Limit one foe put to sleep\n|clearpoke\n|poke|p1|Ting-Lu|\n|poke|p1|Great Tusk|\n|poke|p1|Vaporeon, F|\n|poke|p1|Sylveon, F|\n|poke|p1|Espeon, M|\n|poke|p1|Scizor, M|\n|poke|p2|Iron Treads|\n|poke|p2|Pinsir, F|\n|poke|p2|Tapu Koko|\n|poke|p2|Sneasler, F|\n|poke|p2|Magnezone|\n|poke|p2|Staraptor, M|\n|teampreview\n|j| zzloopy\n|\n|t:|1700134838\n|start\n|switch|p1a: Ting-Lu|Ting-Lu|100\/100\n|switch|p2a: Staraptor|Staraptor, M|100\/100\n|-ability|p1a: Ting-Lu|Vessel of Ruin\n|turn|1\n|\n|t:|1700134841\n|move|p2a: Staraptor|Close Combat|p1a: Ting-Lu\n|-supereffective|p1a: Ting-Lu\n|-damage|p1a: Ting-Lu|37\/100\n|-unboost|p2a: Staraptor|def|1\n|-unboost|p2a: Staraptor|spd|1\n|move|p1a: Ting-Lu|Stealth Rock|p2a: Staraptor\n|-sidestart|p2: zxcvbnmmnbvcx|move: Stealth Rock\n|\n|-heal|p1a: Ting-Lu|44\/100|[from] item: Leftovers\n|upkeep\n|turn|2\n|\n|t:|1700134846\n|switch|p1a: Sylveon|Sylveon, F|100\/100\n|move|p2a: Staraptor|Close Combat|p1a: Sylveon\n|-resisted|p1a: Sylveon\n|-damage|p1a: Sylveon|78\/100\n|-unboost|p2a: Staraptor|def|1\n|-unboost|p2a: Staraptor|spd|1\n|\n|-heal|p1a: Sylveon|84\/100|[from] item: Leftovers\n|upkeep\n|turn|3\n|\n|t:|1700134854\n|switch|p2a: Magnezone|Magnezone|100\/100\n|-damage|p2a: Magnezone|94\/100|[from] Stealth Rock\n|move|p1a: Sylveon|Hyper Voice|p2a: Magnezone\n|-resisted|p2a: Magnezone\n|-damage|p2a: Magnezone|70\/100\n|\n|-heal|p1a: Sylveon|90\/100|[from] item: Leftovers\n|upkeep\n|turn|4\n|\n|t:|1700134861\n|switch|p2a: Iron Treads|Iron Treads|100\/100\n|-damage|p2a: Iron Treads|97\/100|[from] Stealth Rock\n|-item|p2a: Iron Treads|Air Balloon\n|move|p1a: Sylveon|Protect||[still]\n|-fail|p1a: Sylveon\n|\n|-heal|p1a: Sylveon|96\/100|[from] item: Leftovers\n|upkeep\n|turn|5\n|\n|t:|1700134870\n|switch|p1a: Great Tusk|Great Tusk|100\/100\n|move|p2a: Iron Treads|Rapid Spin|p1a: Great Tusk\n|-damage|p1a: Great Tusk|92\/100\n|-boost|p2a: Iron Treads|spe|1\n|-sideend|p2: zxcvbnmmnbvcx|Stealth Rock|[from] move: Rapid Spin|[of] p2a: Iron Treads\n|\n|-heal|p1a: Great Tusk|98\/100|[from] item: Leftovers\n|upkeep\n|turn|6\n|\n|t:|1700134877\n|-end|p2a: Iron Treads|Quark Drive|[silent]\n|switch|p2a: Staraptor|Staraptor, M|100\/100\n|move|p1a: Great Tusk|Rapid Spin|p2a: Staraptor\n|-damage|p2a: Staraptor|72\/100\n|-boost|p1a: Great Tusk|spe|1\n|\n|-heal|p1a: Great Tusk|100\/100|[from] item: Leftovers\n|upkeep\n|turn|7\n|\n|t:|1700134892\n|-end|p1a: Great Tusk|Protosynthesis|[silent]\n|switch|p1a: Vaporeon|Vaporeon, F|100\/100\n|move|p2a: Staraptor|Brave Bird|p1a: Vaporeon\n|-damage|p1a: Vaporeon|20\/100\n|-damage|p2a: Staraptor|32\/100|[from] Recoil\n|\n|-heal|p1a: Vaporeon|26\/100|[from] item: Leftovers\n|upkeep\n|turn|8\n|\n|t:|1700134899\n|move|p1a: Vaporeon|Protect|p1a: Vaporeon\n|-singleturn|p1a: Vaporeon|Protect\n|move|p2a: Staraptor|Brave Bird|p1a: Vaporeon\n|-activate|p1a: Vaporeon|move: Protect\n|\n|-heal|p1a: Vaporeon|32\/100|[from] item: Leftovers\n|upkeep\n|turn|9\n|\n|t:|1700134925\n|switch|p1a: Scizor|Scizor, M|100\/100\n|move|p2a: Staraptor|Brave Bird|p1a: Scizor\n|-damage|p1a: Scizor|13\/100\n|-damage|p2a: Staraptor|0 fnt|[from] Recoil\n|faint|p2a: Staraptor\n|\n|upkeep\n|\n|t:|1700134928\n|switch|p2a: Tapu Koko|Tapu Koko|100\/100\n|-fieldstart|move: Electric Terrain|[from] ability: Electric Surge|[of] p2a: Tapu Koko\n|turn|10\n|\n|t:|1700134937\n|detailschange|p1a: Scizor|Scizor-Mega, M\n|-mega|p1a: Scizor|Scizor|Scizorite\n|move|p1a: Scizor|Bullet Punch|p2a: Tapu Koko\n|-damage|p2a: Tapu Koko|62\/100\n|move|p2a: Tapu Koko|Dazzling Gleam|p1a: Scizor\n|-resisted|p1a: Scizor\n|-damage|p1a: Scizor|0 fnt\n|faint|p1a: Scizor\n|\n|upkeep\n|\n|t:|1700134948\n|switch|p1a: Ting-Lu|Ting-Lu|44\/100\n|-ability|p1a: Ting-Lu|Vessel of Ruin\n|turn|11\n|\n|t:|1700134953\n|switch|p2a: Iron Treads|Iron Treads|97\/100\n|-activate|p2a: Iron Treads|ability: Quark Drive\n|-start|p2a: Iron Treads|quarkdrivespe\n|-item|p2a: Iron Treads|Air Balloon\n|move|p1a: Ting-Lu|Ruination|p2a: Iron Treads\n|-damage|p2a: Iron Treads|49\/100\n|-enditem|p2a: Iron Treads|Air Balloon\n|\n|-heal|p1a: Ting-Lu|50\/100|[from] item: Leftovers\n|upkeep\n|turn|12\n|\n|t:|1700134963\n|move|p2a: Iron Treads|Earthquake|p1a: Ting-Lu\n|-damage|p1a: Ting-Lu|30\/100\n|move|p1a: Ting-Lu|Earthquake|p2a: Iron Treads\n|-supereffective|p2a: Iron Treads\n|-damage|p2a: Iron Treads|0 fnt\n|faint|p2a: Iron Treads\n|-end|p2a: Iron Treads|Quark Drive|[silent]\n|\n|-heal|p1a: Ting-Lu|37\/100|[from] item: Leftovers\n|upkeep\n|\n|t:|1700134970\n|switch|p2a: Pinsir|Pinsir, F|100\/100\n|turn|13\n|\n|t:|1700134976\n|move|p2a: Pinsir|Swords Dance|p2a: Pinsir\n|-boost|p2a: Pinsir|atk|2\n|move|p1a: Ting-Lu|Whirlwind|p2a: Pinsir\n|drag|p2a: Sneasler|Sneasler, F|100\/100\n|-enditem|p2a: Sneasler|Electric Seed\n|-boost|p2a: Sneasler|def|1|[from] item: Electric Seed\n|\n|-heal|p1a: Ting-Lu|43\/100|[from] item: Leftovers\n|upkeep\n|turn|14\n|\n|t:|1700134983\n|-terastallize|p1a: Ting-Lu|Poison\n|move|p2a: Sneasler|Close Combat|p1a: Ting-Lu\n|-resisted|p1a: Ting-Lu\n|-damage|p1a: Ting-Lu|28\/100\n|-unboost|p2a: Sneasler|def|1\n|-unboost|p2a: Sneasler|spd|1\n|move|p1a: Ting-Lu|Whirlwind|p2a: Sneasler\n|drag|p2a: Magnezone|Magnezone|70\/100\n|\n|-heal|p1a: Ting-Lu|35\/100|[from] item: Leftovers\n|-fieldend|move: Electric Terrain\n|upkeep\n|turn|15\n|\n|t:|1700134989\n|move|p2a: Magnezone|Volt Switch|p1a: Ting-Lu\n|-damage|p1a: Ting-Lu|17\/100\n|\n|t:|1700134996\n|switch|p2a: Pinsir|Pinsir, F|100\/100|[from] Volt Switch\n|move|p1a: Ting-Lu|Stealth Rock|p2a: Pinsir\n|-sidestart|p2: zxcvbnmmnbvcx|move: Stealth Rock\n|\n|-heal|p1a: Ting-Lu|24\/100|[from] item: Leftovers\n|upkeep\n|turn|16\n|\n|t:|1700135012\n|detailschange|p2a: Pinsir|Pinsir-Mega, F\n|-mega|p2a: Pinsir|Pinsir|Pinsirite\n|move|p2a: Pinsir|Frustration|p1a: Ting-Lu\n|-damage|p1a: Ting-Lu|0 fnt\n|faint|p1a: Ting-Lu\n|\n|upkeep\n|\n|t:|1700135033\n|switch|p1a: Sylveon|Sylveon, F|96\/100\n|turn|17\n|\n|t:|1700135037\n|move|p2a: Pinsir|Frustration|p1a: Sylveon\n|-damage|p1a: Sylveon|32\/100\n|move|p1a: Sylveon|Hyper Voice|p2a: Pinsir\n|-crit|p2a: Pinsir\n|-damage|p2a: Pinsir|19\/100\n|\n|-heal|p1a: Sylveon|38\/100|[from] item: Leftovers\n|upkeep\n|turn|18\n|\n|t:|1700135044\n|move|p2a: Pinsir|Frustration|p1a: Sylveon\n|-damage|p1a: Sylveon|0 fnt\n|faint|p1a: Sylveon\n|\n|upkeep\n|\n|t:|1700135049\n|switch|p1a: Espeon|Espeon, M|100\/100\n|turn|19\n|\n|t:|1700135052\n|move|p2a: Pinsir|Quick Attack|p1a: Espeon\n|-damage|p1a: Espeon|65\/100\n|move|p1a: Espeon|Dazzling Gleam|p2a: Pinsir\n|-damage|p2a: Pinsir|0 fnt\n|faint|p2a: Pinsir\n|\n|-heal|p1a: Espeon|71\/100|[from] item: Leftovers\n|upkeep\n|\n|t:|1700135061\n|switch|p2a: Magnezone|Magnezone|70\/100\n|-damage|p2a: Magnezone|64\/100|[from] Stealth Rock\n|turn|20\n|\n|t:|1700135065\n|move|p2a: Magnezone|Steel Beam|p1a: Espeon\n|-damage|p1a: Espeon|0 fnt\n|-damage|p2a: Magnezone|14\/100|[from] steelbeam\n|faint|p1a: Espeon\n|\n|upkeep\n|\n|t:|1700135072\n|switch|p1a: Vaporeon|Vaporeon, F|32\/100\n|turn|21\n|\n|t:|1700135076\n|move|p2a: Magnezone|Steel Beam|p1a: Vaporeon|[miss]\n|-miss|p2a: Magnezone|p1a: Vaporeon\n|-damage|p2a: Magnezone|0 fnt|[from] steelbeam\n|faint|p2a: Magnezone\n|move|p1a: Vaporeon|Wish|p1a: Vaporeon\n|\n|-heal|p1a: Vaporeon|38\/100|[from] item: Leftovers\n|upkeep\n|\n|t:|1700135080\n|switch|p2a: Tapu Koko|Tapu Koko|62\/100\n|-damage|p2a: Tapu Koko|49\/100|[from] Stealth Rock\n|-fieldstart|move: Electric Terrain|[from] ability: Electric Surge|[of] p2a: Tapu Koko\n|turn|22\n|\n|t:|1700135085\n|switch|p2a: Sneasler|Sneasler, F|100\/100\n|-damage|p2a: Sneasler|95\/100|[from] Stealth Rock\n|move|p1a: Vaporeon|Protect||[still]\n|-fail|p1a: Vaporeon\n|\n|-heal|p1a: Vaporeon|88\/100|[from] move: Wish|[wisher] Vaporeon\n|-heal|p1a: Vaporeon|95\/100|[from] item: Leftovers\n|upkeep\n|turn|23\n|j| Art234\n|\n|t:|1700135093\n|move|p2a: Sneasler|Swords Dance|p2a: Sneasler\n|-boost|p2a: Sneasler|atk|2\n|move|p1a: Vaporeon|Scald|p2a: Sneasler\n|-damage|p2a: Sneasler|53\/100\n|\n|-heal|p1a: Vaporeon|100\/100|[from] item: Leftovers\n|upkeep\n|turn|24\n|\n|t:|1700135098\n|-terastallize|p2a: Sneasler|Flying\n|move|p2a: Sneasler|Acrobatics|p1a: Vaporeon\n|-damage|p1a: Vaporeon|21\/100\n|move|p1a: Vaporeon|Scald|p2a: Sneasler\n|-damage|p2a: Sneasler|14\/100\n|\n|-heal|p1a: Vaporeon|27\/100|[from] item: Leftovers\n|upkeep\n|turn|25\n|\n|t:|1700135108\n|move|p2a: Sneasler|Acrobatics|p1a: Vaporeon\n|-damage|p1a: Vaporeon|0 fnt\n|faint|p1a: Vaporeon\n|\n|upkeep\n|c|\u2606taoke|gg\n|\n|t:|1700135117\n|switch|p1a: Great Tusk|Great Tusk|100\/100\n|turn|26\n|\n|t:|1700135119\n|move|p2a: Sneasler|Acrobatics|p1a: Great Tusk\n|-supereffective|p1a: Great Tusk\n|-damage|p1a: Great Tusk|0 fnt\n|faint|p1a: Great Tusk\n|-end|p1a: Great Tusk|Protosynthesis|[silent]\n|\n|win|zxcvbnmmnbvcx\n|n|\u2606taoke|taoke\n|n|\u2606zxcvbnmmnbvcx|zxcvbnmmnbvcx\n|n| zzloopy|zzloopy\n|n| Art234|art234\n","uploadtime":1700135120,"views":5,"p1id":"taoke","p2id":"zxcvbnmmnbvcx","formatid":"gen9nationaldex","rating":0,"private":0,"password":""}