{"id":"gen9nationaldex-1995751649","p1":"Ribbit Mania","p2":"mongoLmfao","format":"[Gen 9] National Dex","log":"|html|<div class=\"broadcast-blue\"><strong>[Gen 9] National Dex is currently suspecting Sneasler! For information on how to participate check out the <a href=\"https:\/\/www.smogon.com\/forums\/threads\/sv-national-dex-suspect-8-just-dance.3731534\/\">suspect thread<\/a>.<\/strong><\/div>\n|j|\u2606Ribbit Mania\n|j|\u2606mongoLmfao\n|t:|1700599782\n|gametype|singles\n|player|p1|Ribbit Mania|skierf|1182\n|player|p2|mongoLmfao|psychicf-gen4|1130\n|teamsize|p1|6\n|teamsize|p2|6\n|gen|9\n|tier|[Gen 9] National Dex\n|rated|\n|rule|HP Percentage Mod: HP is shown in percentages\n|rule|Endless Battle Clause: Forcing endless battles is banned\n|rule|OHKO Clause: OHKO moves are banned\n|rule|Evasion Clause: Evasion abilities, items, and moves are banned\n|rule|Evasion Abilities Clause: Evasion abilities are banned\n|rule|Evasion Items Clause: Evasion items are banned\n|rule|Evasion Moves Clause: Evasion moves are banned\n|rule|Species Clause: Limit one of each Pok\u00e9mon\n|rule|Sleep Clause Mod: Limit one foe put to sleep\n|clearpoke\n|poke|p1|Maushold|\n|poke|p1|Cloyster, M|\n|poke|p1|Cinccino, M|\n|poke|p1|Gliscor, F|\n|poke|p1|Blaziken, F|\n|poke|p1|Beedrill, F|\n|poke|p2|Sneasler, F|\n|poke|p2|Toxapex, M|\n|poke|p2|Tapu Koko|\n|poke|p2|Aegislash, M|\n|poke|p2|Nidoking, M|\n|poke|p2|Urshifu-*, F|\n|teampreview\n|inactive|Battle timer is ON: inactive players will automatically lose when time's up. (requested by Ribbit Mania)\n|inactive|mongoLmfao also wants the timer to be on.\n|\n|t:|1700599792\n|start\n|switch|p1a: Euphemism|Cloyster, M|100\/100\n|switch|p2a: Aegislash|Aegislash, M, shiny|100\/100\n|turn|1\n|\n|t:|1700599807\n|switch|p1a: The Rapper|Beedrill, F|100\/100\n|move|p2a: Aegislash|Swords Dance|p2a: Aegislash\n|-boost|p2a: Aegislash|atk|2\n|\n|upkeep\n|turn|2\n|\n|t:|1700599819\n|detailschange|p1a: The Rapper|Beedrill-Mega, F\n|-mega|p1a: The Rapper|Beedrill|Beedrillite\n|move|p1a: The Rapper|Pin Missile|p2a: Aegislash\n|-resisted|p2a: Aegislash\n|-damage|p2a: Aegislash|96\/100\n|-resisted|p2a: Aegislash\n|-damage|p2a: Aegislash|93\/100\n|-hitcount|p2a: Aegislash|2\n|move|p2a: Aegislash|Swords Dance|p2a: Aegislash\n|-boost|p2a: Aegislash|atk|2\n|\n|upkeep\n|turn|3\n|\n|t:|1700599827\n|move|p1a: The Rapper|Pin Missile|p2a: Aegislash\n|-resisted|p2a: Aegislash\n|-damage|p2a: Aegislash|89\/100\n|-resisted|p2a: Aegislash\n|-damage|p2a: Aegislash|85\/100\n|-resisted|p2a: Aegislash\n|-damage|p2a: Aegislash|81\/100\n|-resisted|p2a: Aegislash\n|-damage|p2a: Aegislash|77\/100\n|-resisted|p2a: Aegislash\n|-damage|p2a: Aegislash|74\/100\n|-hitcount|p2a: Aegislash|5\n|-formechange|p2a: Aegislash|Aegislash-Blade||[from] ability: Stance Change\n|move|p2a: Aegislash|Iron Head|p1a: The Rapper\n|-damage|p1a: The Rapper|0 fnt\n|faint|p1a: The Rapper\n|\n|upkeep\n|\n|t:|1700599833\n|switch|p1a: Thunder Thighs|Blaziken, F|100\/100\n|turn|4\n|\n|t:|1700599852\n|-formechange|p2a: Aegislash|Aegislash||[from] ability: Stance Change\n|move|p2a: Aegislash|King's Shield|p2a: Aegislash\n|-singleturn|p2a: Aegislash|Protect\n|-zpower|p1a: Thunder Thighs\n|move|p1a: Thunder Thighs|Inferno Overdrive|p2a: Aegislash|[zeffect]\n|-supereffective|p2a: Aegislash\n|-zbroken|p2a: Aegislash\n|-damage|p2a: Aegislash|35\/100\n|\n|-ability|p1a: Thunder Thighs|Speed Boost|boost\n|-boost|p1a: Thunder Thighs|spe|1\n|upkeep\n|turn|5\n|inactive|mongoLmfao has 120 seconds left.\n|\n|t:|1700599884\n|-formechange|p2a: Aegislash|Aegislash-Blade||[from] ability: Stance Change\n|move|p2a: Aegislash|Shadow Sneak|p1a: Thunder Thighs\n|-crit|p1a: Thunder Thighs\n|-damage|p1a: Thunder Thighs|0 fnt\n|faint|p1a: Thunder Thighs\n|\n|upkeep\n|\n|t:|1700599895\n|switch|p1a: Scapegoat|Gliscor, F|100\/100\n|turn|6\n|inactive|mongoLmfao has 120 seconds left.\n|\n|t:|1700599906\n|move|p2a: Aegislash|Shadow Sneak|p1a: Scapegoat\n|-damage|p1a: Scapegoat|35\/100\n|move|p1a: Scapegoat|Earthquake|p2a: Aegislash\n|-supereffective|p2a: Aegislash\n|-damage|p2a: Aegislash|0 fnt\n|faint|p2a: Aegislash\n|\n|-status|p1a: Scapegoat|tox|[from] item: Toxic Orb\n|upkeep\n|inactive|mongoLmfao has 120 seconds left.\n|\n|t:|1700599921\n|switch|p2a: Urshifu|Urshifu-Rapid-Strike, F|100\/100\n|turn|7\n|\n|t:|1700599930\n|switch|p1a: Euphemism|Cloyster, M|100\/100\n|-terastallize|p2a: Urshifu|Water\n|move|p2a: Urshifu|Swords Dance|p2a: Urshifu\n|-boost|p2a: Urshifu|atk|2\n|\n|upkeep\n|turn|8\n|inactive|mongoLmfao has 120 seconds left.\n|\n|t:|1700599940\n|move|p2a: Urshifu|Surging Strikes|p1a: Euphemism\n|-resisted|p1a: Euphemism\n|-crit|p1a: Euphemism\n|-damage|p1a: Euphemism|76\/100\n|-resisted|p1a: Euphemism\n|-crit|p1a: Euphemism\n|-damage|p1a: Euphemism|52\/100\n|-resisted|p1a: Euphemism\n|-crit|p1a: Euphemism\n|-damage|p1a: Euphemism|26\/100\n|-hitcount|p1a: Euphemism|3\n|move|p1a: Euphemism|Pin Missile|p2a: Urshifu\n|-damage|p2a: Urshifu|92\/100\n|-damage|p2a: Urshifu|84\/100\n|-damage|p2a: Urshifu|76\/100\n|-damage|p2a: Urshifu|68\/100\n|-damage|p2a: Urshifu|60\/100\n|-hitcount|p2a: Urshifu|5\n|\n|upkeep\n|turn|9\n|inactive|mongoLmfao has 120 seconds left.\n|\n|t:|1700599951\n|move|p2a: Urshifu|Aqua Jet|p1a: Euphemism\n|-resisted|p1a: Euphemism\n|-damage|p1a: Euphemism|2\/100\n|move|p1a: Euphemism|Pin Missile|p2a: Urshifu\n|-crit|p2a: Urshifu\n|-damage|p2a: Urshifu|48\/100\n|-damage|p2a: Urshifu|40\/100\n|-damage|p2a: Urshifu|32\/100\n|-damage|p2a: Urshifu|24\/100\n|-damage|p2a: Urshifu|15\/100\n|-hitcount|p2a: Urshifu|5\n|\n|upkeep\n|turn|10\n|\n|t:|1700599960\n|move|p2a: Urshifu|Aqua Jet|p1a: Euphemism\n|-resisted|p1a: Euphemism\n|-damage|p1a: Euphemism|0 fnt\n|faint|p1a: Euphemism\n|\n|upkeep\n|\n|t:|1700599965\n|switch|p1a: MUDAMUDAMUDAMUDA|Maushold|100\/100\n|turn|11\n|\n|t:|1700599971\n|move|p1a: MUDAMUDAMUDAMUDA|Bullet Seed|p2a: Urshifu\n|-supereffective|p2a: Urshifu\n|-damage|p2a: Urshifu|0 fnt\n|faint|p2a: Urshifu\n|-hitcount|p2: Urshifu|1\n|\n|upkeep\n|\n|t:|1700599975\n|switch|p2a: Nidoking|Nidoking, M|100\/100\n|turn|12\n|\n|t:|1700599995\n|move|p1a: MUDAMUDAMUDAMUDA|U-turn|p2a: Nidoking\n|-resisted|p2a: Nidoking\n|-damage|p2a: Nidoking|89\/100\n|\n|t:|1700599998\n|switch|p1a: Scapegoat|Gliscor, F|35\/100 tox|[from] U-turn\n|move|p2a: Nidoking|Earthquake|p1a: Scapegoat\n|-immune|p1a: Scapegoat\n|\n|-heal|p1a: Scapegoat|47\/100 tox|[from] ability: Poison Heal\n|upkeep\n|turn|13\n|\n|t:|1700600005\n|move|p1a: Scapegoat|Substitute|p1a: Scapegoat\n|-start|p1a: Scapegoat|Substitute\n|-damage|p1a: Scapegoat|22\/100 tox\n|-zpower|p2a: Nidoking\n|move|p2a: Nidoking|Gigavolt Havoc|p1a: Scapegoat|[zeffect]\n|-immune|p1a: Scapegoat\n|\n|-heal|p1a: Scapegoat|35\/100 tox|[from] ability: Poison Heal\n|upkeep\n|turn|14\n|\n|t:|1700600016\n|move|p2a: Nidoking|Sucker Punch|p1a: Scapegoat\n|-activate|p1a: Scapegoat|move: Substitute|[damage]\n|move|p1a: Scapegoat|Earthquake|p2a: Nidoking\n|-supereffective|p2a: Nidoking\n|-damage|p2a: Nidoking|0 fnt\n|faint|p2a: Nidoking\n|\n|-heal|p1a: Scapegoat|47\/100 tox|[from] ability: Poison Heal\n|upkeep\n|\n|t:|1700600023\n|switch|p2a: Tapu Koko|Tapu Koko, shiny|100\/100\n|-fieldstart|move: Electric Terrain|[from] ability: Electric Surge|[of] p2a: Tapu Koko\n|turn|15\n|\n|t:|1700600029\n|move|p2a: Tapu Koko|Volt Switch|p1a: Scapegoat\n|-immune|p1a: Scapegoat\n|move|p1a: Scapegoat|Earthquake|p2a: Tapu Koko\n|-supereffective|p2a: Tapu Koko\n|-damage|p2a: Tapu Koko|0 fnt\n|faint|p2a: Tapu Koko\n|\n|-heal|p1a: Scapegoat|59\/100 tox|[from] ability: Poison Heal\n|upkeep\n|\n|t:|1700600036\n|switch|p2a: Sneasler|Sneasler, F|100\/100\n|-enditem|p2a: Sneasler|Electric Seed\n|-boost|p2a: Sneasler|def|1|[from] item: Electric Seed\n|turn|16\n|\n|t:|1700600044\n|move|p2a: Sneasler|Swords Dance|p2a: Sneasler\n|-boost|p2a: Sneasler|atk|2\n|move|p1a: Scapegoat|Earthquake|p2a: Sneasler\n|-supereffective|p2a: Sneasler\n|-crit|p2a: Sneasler\n|-damage|p2a: Sneasler|0 fnt\n|faint|p2a: Sneasler\n|\n|-heal|p1a: Scapegoat|72\/100 tox|[from] ability: Poison Heal\n|upkeep\n|\n|t:|1700600048\n|switch|p2a: Toxapex|Toxapex, M|100\/100\n|turn|17\n|\n|t:|1700600056\n|move|p1a: Scapegoat|Earthquake|p2a: Toxapex\n|-supereffective|p2a: Toxapex\n|-damage|p2a: Toxapex|54\/100\n|move|p2a: Toxapex|Scald|p1a: Scapegoat\n|-supereffective|p1a: Scapegoat\n|-end|p1a: Scapegoat|Substitute\n|\n|-heal|p2a: Toxapex|61\/100|[from] item: Black Sludge\n|-heal|p1a: Scapegoat|84\/100 tox|[from] ability: Poison Heal\n|upkeep\n|turn|18\n|\n|t:|1700600061\n|move|p1a: Scapegoat|Substitute|p1a: Scapegoat\n|-start|p1a: Scapegoat|Substitute\n|-damage|p1a: Scapegoat|59\/100 tox\n|move|p2a: Toxapex|Scald|p1a: Scapegoat\n|-supereffective|p1a: Scapegoat\n|-crit|p1a: Scapegoat\n|-end|p1a: Scapegoat|Substitute\n|\n|-heal|p2a: Toxapex|67\/100|[from] item: Black Sludge\n|-heal|p1a: Scapegoat|72\/100 tox|[from] ability: Poison Heal\n|upkeep\n|turn|19\n|\n|t:|1700600076\n|move|p1a: Scapegoat|Substitute|p1a: Scapegoat\n|-start|p1a: Scapegoat|Substitute\n|-damage|p1a: Scapegoat|47\/100 tox\n|move|p2a: Toxapex|Scald|p1a: Scapegoat\n|-supereffective|p1a: Scapegoat\n|-end|p1a: Scapegoat|Substitute\n|\n|-heal|p2a: Toxapex|73\/100|[from] item: Black Sludge\n|-heal|p1a: Scapegoat|59\/100 tox|[from] ability: Poison Heal\n|-fieldend|move: Electric Terrain\n|upkeep\n|turn|20\n|\n|t:|1700600086\n|move|p1a: Scapegoat|Earthquake|p2a: Toxapex\n|-supereffective|p2a: Toxapex\n|-damage|p2a: Toxapex|20\/100\n|move|p2a: Toxapex|Scald|p1a: Scapegoat\n|-supereffective|p1a: Scapegoat\n|-damage|p1a: Scapegoat|12\/100 tox\n|\n|-heal|p2a: Toxapex|26\/100|[from] item: Black Sludge\n|-heal|p1a: Scapegoat|24\/100 tox|[from] ability: Poison Heal\n|upkeep\n|turn|21\n|\n|t:|1700600096\n|move|p1a: Scapegoat|Earthquake|p2a: Toxapex\n|-supereffective|p2a: Toxapex\n|-damage|p2a: Toxapex|0 fnt\n|faint|p2a: Toxapex\n|\n|win|Ribbit Mania\n|raw|Ribbit Mania's rating: 1182 &rarr; <strong>1203<\/strong><br \/>(+21 for winning)\n|raw|mongoLmfao's rating: 1130 &rarr; <strong>1109<\/strong><br \/>(-21 for losing)\n|l|\u2606mongoLmfao\n","uploadtime":1700600349,"views":0,"p1id":"ribbitmania","p2id":"mongolmfao","formatid":"gen9nationaldex","rating":1109,"private":0,"password":""}