{"id":"gen9nationaldex-1999514216","p1":"Saftig","p2":"baigu","format":"[Gen 9] National Dex","log":"|html|<div class=\"broadcast-blue\"><strong>[Gen 9] National Dex is currently suspecting Sneasler! For information on how to participate check out the <a href=\"https:\/\/www.smogon.com\/forums\/threads\/sv-national-dex-suspect-8-just-dance.3731534\/\">suspect thread<\/a>.<\/strong><\/div>\n|j|\u2606Saftig\n|j|\u2606baigu\n|t:|1701091240\n|gametype|singles\n|player|p1|Saftig|brycen|1692\n|player|p2|baigu|266|1818\n|teamsize|p1|6\n|teamsize|p2|6\n|gen|9\n|tier|[Gen 9] National Dex\n|rated|\n|rule|HP Percentage Mod: HP is shown in percentages\n|rule|Endless Battle Clause: Forcing endless battles is banned\n|rule|OHKO Clause: OHKO moves are banned\n|rule|Evasion Clause: Evasion abilities, items, and moves are banned\n|rule|Evasion Abilities Clause: Evasion abilities are banned\n|rule|Evasion Items Clause: Evasion items are banned\n|rule|Evasion Moves Clause: Evasion moves are banned\n|rule|Species Clause: Limit one of each Pok\u00e9mon\n|rule|Sleep Clause Mod: Limit one foe put to sleep\n|clearpoke\n|poke|p1|Ting-Lu|\n|poke|p1|Sableye, M|\n|poke|p1|Victini|\n|poke|p1|Toxapex, F|\n|poke|p1|Gliscor, F|\n|poke|p1|Enamorus, F|\n|poke|p2|Ursaluna, F|\n|poke|p2|Slowking, F|\n|poke|p2|Corviknight, F|\n|poke|p2|Hoopa-Unbound|\n|poke|p2|Dragonite, F|\n|poke|p2|Tapu Koko|\n|teampreview\n|inactive|Battle timer is ON: inactive players will automatically lose when time's up. (requested by Saftig)\n|inactive|baigu has 120 seconds left.\n|\n|t:|1701091283\n|start\n|switch|p1a: Sableye|Sableye, M|100\/100\n|switch|p2a: Tapu Koko|Tapu Koko|100\/100\n|-fieldstart|move: Electric Terrain|[from] ability: Electric Surge|[of] p2a: Tapu Koko\n|turn|1\n|\n|t:|1701091290\n|detailschange|p1a: Sableye|Sableye-Mega, M\n|-mega|p1a: Sableye|Sableye|Sablenite\n|move|p2a: Tapu Koko|U-turn|p1a: Sableye\n|-damage|p1a: Sableye|86\/100\n|\n|t:|1701091299\n|switch|p2a: \u718a\u5927|Ursaluna, F|100\/100|[from] U-turn\n|move|p1a: Sableye|Toxic|p2a: \u718a\u5927\n|-status|p2a: \u718a\u5927|tox\n|\n|-damage|p2a: \u718a\u5927|94\/100 tox|[from] psn\n|upkeep\n|turn|2\n|\n|t:|1701091323\n|move|p2a: \u718a\u5927|Headlong Rush|p1a: Sableye\n|-crit|p1a: Sableye\n|-damage|p1a: Sableye|0 fnt\n|-unboost|p2a: \u718a\u5927|def|1\n|-unboost|p2a: \u718a\u5927|spd|1\n|faint|p1a: Sableye\n|\n|-damage|p2a: \u718a\u5927|82\/100 tox|[from] psn\n|upkeep\n|\n|t:|1701091327\n|switch|p1a: Ting-Lu|Ting-Lu|100\/100\n|-ability|p1a: Ting-Lu|Vessel of Ruin\n|turn|3\n|\n|t:|1701091345\n|-terastallize|p2a: \u718a\u5927|Normal\n|move|p2a: \u718a\u5927|Facade|p1a: Ting-Lu\n|-damage|p1a: Ting-Lu|31\/100\n|move|p1a: Ting-Lu|Stealth Rock|p2a: \u718a\u5927\n|-sidestart|p2: baigu|move: Stealth Rock\n|\n|-heal|p1a: Ting-Lu|37\/100|[from] item: Leftovers\n|-damage|p2a: \u718a\u5927|64\/100 tox|[from] psn\n|upkeep\n|turn|4\n|\n|t:|1701091352\n|-terastallize|p1a: Ting-Lu|Ghost\n|move|p2a: \u718a\u5927|Facade|p1a: Ting-Lu\n|-immune|p1a: Ting-Lu\n|move|p1a: Ting-Lu|Spikes|p2a: \u718a\u5927\n|-sidestart|p2: baigu|Spikes\n|\n|-heal|p1a: Ting-Lu|43\/100|[from] item: Leftovers\n|-damage|p2a: \u718a\u5927|40\/100 tox|[from] psn\n|upkeep\n|turn|5\n|\n|t:|1701091358\n|switch|p2a: Corviknight|Corviknight, F|100\/100\n|-damage|p2a: Corviknight|88\/100|[from] Stealth Rock\n|-ability|p2a: Corviknight|Pressure\n|switch|p1a: Gliscor|Gliscor, F|100\/100\n|\n|-fieldend|move: Electric Terrain\n|-status|p1a: Gliscor|tox|[from] item: Toxic Orb\n|upkeep\n|turn|6\n|\n|t:|1701091360\n|move|p1a: Gliscor|U-turn|p2a: Corviknight\n|-resisted|p2a: Corviknight\n|-damage|p2a: Corviknight|85\/100\n|-damage|p1a: Gliscor|84\/100 tox|[from] item: Rocky Helmet|[of] p2a: Corviknight\n|\n|t:|1701091362\n|switch|p1a: Victini|Victini|100\/100|[from] U-turn\n|move|p2a: Corviknight|Defog|p1a: Victini\n|-unboost|p1a: Victini|evasion|1\n|-sideend|p2: baigu|Spikes|[from] move: Defog|[of] p2a: Corviknight\n|-sideend|p2: baigu|Stealth Rock|[from] move: Defog|[of] p2a: Corviknight\n|\n|upkeep\n|turn|7\n|\n|t:|1701091366\n|switch|p2a: Dragonite|Dragonite, F|100\/100\n|move|p1a: Victini|V-create|p2a: Dragonite\n|-resisted|p2a: Dragonite\n|-damage|p2a: Dragonite|71\/100\n|-unboost|p1a: Victini|spe|1\n|-unboost|p1a: Victini|def|1\n|-unboost|p1a: Victini|spd|1\n|\n|upkeep\n|turn|8\n|\n|t:|1701091372\n|switch|p1a: Ting-Lu|Ting-Lu, tera:Ghost|43\/100\n|-ability|p1a: Ting-Lu|Vessel of Ruin\n|move|p2a: Dragonite|Dual Wingbeat|p1a: Ting-Lu|[miss]\n|-miss|p2a: Dragonite|p1a: Ting-Lu\n|\n|-heal|p1a: Ting-Lu|49\/100|[from] item: Leftovers\n|upkeep\n|turn|9\n|\n|t:|1701091377\n|move|p2a: Dragonite|Dual Wingbeat|p1a: Ting-Lu\n|-damage|p1a: Ting-Lu|34\/100\n|-damage|p1a: Ting-Lu|18\/100\n|-hitcount|p1a: Ting-Lu|2\n|move|p1a: Ting-Lu|Stealth Rock|p2a: Dragonite\n|-sidestart|p2: baigu|move: Stealth Rock\n|\n|-heal|p1a: Ting-Lu|25\/100|[from] item: Leftovers\n|upkeep\n|turn|10\n|\n|t:|1701091383\n|switch|p1a: Gliscor|Gliscor, F|84\/100 tox\n|move|p2a: Dragonite|Dual Wingbeat|p1a: Gliscor\n|-damage|p1a: Gliscor|65\/100 tox\n|-damage|p1a: Gliscor|43\/100 tox\n|-hitcount|p1a: Gliscor|2\n|\n|-heal|p1a: Gliscor|55\/100 tox|[from] ability: Poison Heal\n|upkeep\n|turn|11\n|\n|t:|1701091388\n|switch|p2a: Corviknight|Corviknight, F|85\/100\n|-damage|p2a: Corviknight|73\/100|[from] Stealth Rock\n|-ability|p2a: Corviknight|Pressure\n|move|p1a: Gliscor|U-turn|p2a: Corviknight\n|-resisted|p2a: Corviknight\n|-damage|p2a: Corviknight|71\/100\n|-damage|p1a: Gliscor|39\/100 tox|[from] item: Rocky Helmet|[of] p2a: Corviknight\n|\n|t:|1701091389\n|switch|p1a: Victini|Victini|100\/100|[from] U-turn\n|\n|upkeep\n|turn|12\n|\n|t:|1701091394\n|switch|p2a: Slowking|Slowking, F|100\/100\n|move|p1a: Victini|V-create|p2a: Slowking\n|-resisted|p2a: Slowking\n|-damage|p2a: Slowking|35\/100\n|-unboost|p1a: Victini|spe|1\n|-unboost|p1a: Victini|def|1\n|-unboost|p1a: Victini|spd|1\n|\n|upkeep\n|turn|13\n|\n|t:|1701091412\n|move|p1a: Victini|V-create|p2a: Slowking\n|-resisted|p2a: Slowking\n|-damage|p2a: Slowking|0 fnt\n|-unboost|p1a: Victini|spe|1\n|-unboost|p1a: Victini|def|1\n|-unboost|p1a: Victini|spd|1\n|faint|p2a: Slowking\n|\n|upkeep\n|\n|t:|1701091414\n|switch|p2a: Hoopa|Hoopa-Unbound|100\/100\n|-damage|p2a: Hoopa|88\/100|[from] Stealth Rock\n|turn|14\n|\n|t:|1701091419\n|switch|p1a: Toxapex|Toxapex, F|100\/100\n|move|p2a: Hoopa|Dark Pulse|p1a: Toxapex\n|-damage|p1a: Toxapex|68\/100\n|\n|-heal|p1a: Toxapex|74\/100|[from] item: Black Sludge\n|upkeep\n|turn|15\n|\n|t:|1701091424\n|move|p1a: Toxapex|Baneful Bunker|p1a: Toxapex\n|-singleturn|p1a: Toxapex|move: Protect\n|move|p2a: Hoopa|Psychic|p1a: Toxapex\n|-activate|p1a: Toxapex|move: Protect\n|\n|-heal|p1a: Toxapex|80\/100|[from] item: Black Sludge\n|upkeep\n|turn|16\n|\n|t:|1701091429\n|move|p2a: Hoopa|Psychic|p1a: Toxapex\n|-supereffective|p1a: Toxapex\n|-damage|p1a: Toxapex|10\/100\n|-unboost|p1a: Toxapex|spd|1\n|move|p1a: Toxapex|Toxic|p2a: Hoopa\n|-status|p2a: Hoopa|tox\n|\n|-heal|p1a: Toxapex|16\/100|[from] item: Black Sludge\n|-damage|p2a: Hoopa|82\/100 tox|[from] psn\n|upkeep\n|turn|17\n|\n|t:|1701091432\n|move|p1a: Toxapex|Baneful Bunker|p1a: Toxapex\n|-singleturn|p1a: Toxapex|move: Protect\n|move|p2a: Hoopa|Nasty Plot|p2a: Hoopa\n|-boost|p2a: Hoopa|spa|2\n|\n|-heal|p1a: Toxapex|22\/100|[from] item: Black Sludge\n|-damage|p2a: Hoopa|70\/100 tox|[from] psn\n|upkeep\n|turn|18\n|\n|t:|1701091445\n|switch|p1a: Ting-Lu|Ting-Lu, tera:Ghost|25\/100\n|-ability|p1a: Ting-Lu|Vessel of Ruin\n|move|p2a: Hoopa|Psychic|p1a: Ting-Lu\n|-damage|p1a: Ting-Lu|0 fnt\n|faint|p1a: Ting-Lu\n|\n|-damage|p2a: Hoopa|52\/100 tox|[from] psn\n|upkeep\n|\n|t:|1701091451\n|switch|p1a: Victini|Victini|100\/100\n|turn|19\n|\n|t:|1701091465\n|switch|p2a: \u718a\u5927|Ursaluna, F, tera:Normal|40\/100 tox\n|-damage|p2a: \u718a\u5927|27\/100 tox|[from] Stealth Rock\n|move|p1a: Victini|V-create|p2a: \u718a\u5927\n|-damage|p2a: \u718a\u5927|0 fnt\n|-unboost|p1a: Victini|spe|1\n|-unboost|p1a: Victini|def|1\n|-unboost|p1a: Victini|spd|1\n|faint|p2a: \u718a\u5927\n|\n|upkeep\n|\n|t:|1701091473\n|switch|p2a: Tapu Koko|Tapu Koko|100\/100\n|-damage|p2a: Tapu Koko|88\/100|[from] Stealth Rock\n|-fieldstart|move: Electric Terrain|[from] ability: Electric Surge|[of] p2a: Tapu Koko\n|turn|20\n|\n|t:|1701091476\n|switch|p1a: Gliscor|Gliscor, F|39\/100 tox\n|move|p2a: Tapu Koko|Dazzling Gleam|p1a: Gliscor\n|-damage|p1a: Gliscor|0 fnt\n|faint|p1a: Gliscor\n|\n|upkeep\n|\n|t:|1701091482\n|switch|p1a: Victini|Victini|100\/100\n|turn|21\n|\n|t:|1701091490\n|switch|p2a: Hoopa|Hoopa-Unbound|52\/100 tox\n|-damage|p2a: Hoopa|40\/100 tox|[from] Stealth Rock\n|move|p1a: Victini|V-create|p2a: Hoopa\n|-damage|p2a: Hoopa|0 fnt\n|-unboost|p1a: Victini|spe|1\n|-unboost|p1a: Victini|def|1\n|-unboost|p1a: Victini|spd|1\n|faint|p2a: Hoopa\n|\n|upkeep\n|\n|t:|1701091492\n|switch|p2a: Tapu Koko|Tapu Koko|88\/100\n|-damage|p2a: Tapu Koko|76\/100|[from] Stealth Rock\n|turn|22\n|\n|t:|1701091502\n|switch|p1a: Toxapex|Toxapex, F|56\/100\n|move|p2a: Tapu Koko|Thunderbolt|p1a: Toxapex\n|-supereffective|p1a: Toxapex\n|-damage|p1a: Toxapex|0 fnt\n|faint|p1a: Toxapex\n|\n|upkeep\n|\n|t:|1701091503\n|switch|p1a: Victini|Victini|100\/100\n|turn|23\n|\n|t:|1701091528\n|switch|p2a: Corviknight|Corviknight, F|71\/100\n|-damage|p2a: Corviknight|58\/100|[from] Stealth Rock\n|-ability|p2a: Corviknight|Pressure\n|move|p1a: Victini|V-create|p2a: Corviknight\n|-supereffective|p2a: Corviknight\n|-damage|p2a: Corviknight|0 fnt\n|-unboost|p1a: Victini|spe|1\n|-unboost|p1a: Victini|def|1\n|-unboost|p1a: Victini|spd|1\n|-damage|p1a: Victini|84\/100|[from] item: Rocky Helmet|[of] p2a: Corviknight\n|faint|p2a: Corviknight\n|\n|upkeep\n|\n|t:|1701091533\n|switch|p2a: Tapu Koko|Tapu Koko|76\/100\n|-damage|p2a: Tapu Koko|63\/100|[from] Stealth Rock\n|turn|24\n|\n|t:|1701091554\n|move|p2a: Tapu Koko|Thunderbolt|p1a: Victini\n|-damage|p1a: Victini|0 fnt\n|faint|p1a: Victini\n|\n|-fieldend|move: Electric Terrain\n|upkeep\n|inactive|Saftig has 120 seconds left.\n|\n|t:|1701091566\n|switch|p1a: Enamorus|Enamorus, F|100\/100\n|turn|25\n|c|\u2606Saftig|what item on koko?\n|\n|t:|1701091576\n|move|p2a: Tapu Koko|Thunderbolt|p1a: Enamorus\n|-supereffective|p1a: Enamorus\n|-damage|p1a: Enamorus|0 fnt\n|faint|p1a: Enamorus\n|\n|win|baigu\n|raw|Saftig's rating: 1692 &rarr; <strong>1679<\/strong><br \/>(-13 for losing)\n|raw|baigu's rating: 1818 &rarr; <strong>1831<\/strong><br \/>(+13 for winning)\n","uploadtime":1701091585,"views":3,"p1id":"saftig","p2id":"baigu","formatid":"gen9nationaldex","rating":1679,"private":0,"password":""}