{"id":"gen9nationaldex-1999013855","p1":"MasterList2015","p2":"Rhythm&Flow90","format":"[Gen 9] National Dex","log":"|html|<div class=\"broadcast-blue\"><strong>[Gen 9] National Dex is currently suspecting Sneasler! For information on how to participate check out the <a href=\"https:\/\/www.smogon.com\/forums\/threads\/sv-national-dex-suspect-8-just-dance.3731534\/\">suspect thread<\/a>.<\/strong><\/div>\n|j|\u2606MasterList2015\n|j|\u2606Rhythm&Flow90\n|t:|1701023935\n|gametype|singles\n|player|p1|MasterList2015|red|1151\n|player|p2|Rhythm&Flow90|nanu|1205\n|teamsize|p1|6\n|teamsize|p2|6\n|gen|9\n|tier|[Gen 9] National Dex\n|rated|\n|rule|HP Percentage Mod: HP is shown in percentages\n|rule|Endless Battle Clause: Forcing endless battles is banned\n|rule|OHKO Clause: OHKO moves are banned\n|rule|Evasion Clause: Evasion abilities, items, and moves are banned\n|rule|Evasion Abilities Clause: Evasion abilities are banned\n|rule|Evasion Items Clause: Evasion items are banned\n|rule|Evasion Moves Clause: Evasion moves are banned\n|rule|Species Clause: Limit one of each Pok\u00e9mon\n|rule|Sleep Clause Mod: Limit one foe put to sleep\n|clearpoke\n|poke|p1|Pikachu-Kalos, M|\n|poke|p1|Charizard, F|\n|poke|p1|Krookodile, M|\n|poke|p1|Greninja-*, M|\n|poke|p1|Infernape, M|\n|poke|p1|Sceptile, M|\n|poke|p2|Rillaboom, M|\n|poke|p2|Charizard, M|\n|poke|p2|Corviknight, M|\n|poke|p2|Cresselia, F|\n|poke|p2|Samurott-Hisui, M|\n|poke|p2|Glimmora, F|\n|teampreview\n|\n|t:|1701023940\n|start\n|switch|p1a: Krookodile|Krookodile, M|100\/100\n|switch|p2a: Cresselia|Cresselia, F, shiny|100\/100\n|-ability|p1a: Krookodile|Intimidate|boost\n|-unboost|p2a: Cresselia|atk|1\n|turn|1\n|\n|t:|1701023944\n|-terastallize|p2a: Cresselia|Electric\n|move|p1a: Krookodile|Crunch|p2a: Cresselia\n|-damage|p2a: Cresselia|76\/100\n|-unboost|p2a: Cresselia|def|1\n|move|p2a: Cresselia|Calm Mind|p2a: Cresselia\n|-boost|p2a: Cresselia|spa|1\n|-boost|p2a: Cresselia|spd|1\n|\n|-heal|p2a: Cresselia|82\/100|[from] item: Leftovers\n|upkeep\n|turn|2\n|\n|t:|1701023951\n|move|p1a: Krookodile|Stealth Rock|p2a: Cresselia\n|-sidestart|p2: Rhythm&Flow90|move: Stealth Rock\n|move|p2a: Cresselia|Ice Beam|p1a: Krookodile\n|-supereffective|p1a: Krookodile\n|-damage|p1a: Krookodile|10\/100\n|\n|-heal|p2a: Cresselia|88\/100|[from] item: Leftovers\n|upkeep\n|turn|3\n|\n|t:|1701023959\n|switch|p1a: Charizard|Charizard, F|100\/100\n|move|p2a: Cresselia|Ice Beam|p1a: Charizard\n|-damage|p1a: Charizard|54\/100\n|\n|-heal|p2a: Cresselia|94\/100|[from] item: Leftovers\n|upkeep\n|turn|4\n|\n|t:|1701023964\n|detailschange|p1a: Charizard|Charizard-Mega-Y, F\n|-mega|p1a: Charizard|Charizard|Charizardite Y\n|-weather|SunnyDay|[from] ability: Drought|[of] p1a: Charizard\n|move|p1a: Charizard|Flamethrower|p2a: Cresselia\n|-crit|p2a: Cresselia\n|-damage|p2a: Cresselia|8\/100\n|move|p2a: Cresselia|Thunderbolt|p1a: Charizard\n|-supereffective|p1a: Charizard\n|-damage|p1a: Charizard|0 fnt\n|faint|p1a: Charizard\n|\n|-weather|SunnyDay|[upkeep]\n|-heal|p2a: Cresselia|14\/100|[from] item: Leftovers\n|upkeep\n|\n|t:|1701023970\n|switch|p1a: Infernape|Infernape, M|100\/100\n|turn|5\n|\n|t:|1701023981\n|move|p1a: Infernape|Flare Blitz|p2a: Cresselia\n|-damage|p2a: Cresselia|0 fnt\n|faint|p2a: Cresselia\n|-damage|p1a: Infernape|95\/100|[from] Recoil\n|\n|-weather|SunnyDay|[upkeep]\n|upkeep\n|\n|t:|1701023985\n|switch|p2a: Charizard|Charizard, M|100\/100\n|-damage|p2a: Charizard|51\/100|[from] Stealth Rock\n|turn|6\n|\n|t:|1701023989\n|detailschange|p2a: Charizard|Charizard-Mega-X, M\n|-mega|p2a: Charizard|Charizard|Charizardite X\n|move|p1a: Infernape|Thunder Punch|p2a: Charizard\n|-resisted|p2a: Charizard\n|-damage|p2a: Charizard|38\/100\n|move|p2a: Charizard|Dragon Claw|p1a: Infernape\n|-damage|p1a: Infernape|14\/100\n|\n|-weather|SunnyDay|[upkeep]\n|upkeep\n|turn|7\n|\n|t:|1701023993\n|move|p1a: Infernape|Close Combat|p2a: Charizard\n|-damage|p2a: Charizard|0 fnt\n|-unboost|p1a: Infernape|def|1\n|-unboost|p1a: Infernape|spd|1\n|faint|p2a: Charizard\n|\n|-weather|SunnyDay|[upkeep]\n|upkeep\n|\n|t:|1701023997\n|switch|p2a: Samurott|Samurott-Hisui, M|100\/100\n|-damage|p2a: Samurott|88\/100|[from] Stealth Rock\n|turn|8\n|\n|t:|1701023999\n|move|p1a: Infernape|Mach Punch|p2a: Samurott\n|-supereffective|p2a: Samurott\n|-damage|p2a: Samurott|37\/100\n|move|p2a: Samurott|Sucker Punch||[still]\n|-fail|p2a: Samurott\n|\n|-weather|none\n|upkeep\n|turn|9\n|\n|t:|1701024005\n|move|p1a: Infernape|Mach Punch|p2a: Samurott\n|-supereffective|p2a: Samurott\n|-damage|p2a: Samurott|0 fnt\n|faint|p2a: Samurott\n|\n|upkeep\n|\n|t:|1701024008\n|switch|p2a: Rillaboom|Rillaboom, M, shiny|100\/100\n|-damage|p2a: Rillaboom|88\/100|[from] Stealth Rock\n|-fieldstart|move: Grassy Terrain|[from] ability: Grassy Surge|[of] p2a: Rillaboom\n|-enditem|p2a: Rillaboom|Grassy Seed\n|-boost|p2a: Rillaboom|def|1|[from] item: Grassy Seed\n|turn|10\n|\n|t:|1701024010\n|move|p1a: Infernape|Mach Punch|p2a: Rillaboom\n|-damage|p2a: Rillaboom|71\/100\n|move|p2a: Rillaboom|Grassy Glide|p1a: Infernape\n|-resisted|p1a: Infernape\n|-damage|p1a: Infernape|0 fnt\n|faint|p1a: Infernape\n|\n|-heal|p2a: Rillaboom|78\/100|[from] Grassy Terrain\n|upkeep\n|\n|t:|1701024013\n|switch|p1a: Sceptile|Sceptile, M|100\/100\n|turn|11\n|\n|t:|1701024017\n|move|p1a: Sceptile|Dragon Pulse|p2a: Rillaboom\n|-damage|p2a: Rillaboom|41\/100\n|move|p2a: Rillaboom|Bulk Up|p2a: Rillaboom\n|-boost|p2a: Rillaboom|atk|1\n|-boost|p2a: Rillaboom|def|1\n|\n|-heal|p2a: Rillaboom|47\/100|[from] Grassy Terrain\n|upkeep\n|turn|12\n|\n|t:|1701024021\n|move|p1a: Sceptile|Dragon Pulse|p2a: Rillaboom\n|-damage|p2a: Rillaboom|15\/100\n|move|p2a: Rillaboom|Acrobatics|p1a: Sceptile\n|-supereffective|p1a: Sceptile\n|-damage|p1a: Sceptile|0 fnt\n|faint|p1a: Sceptile\n|\n|-heal|p2a: Rillaboom|21\/100|[from] Grassy Terrain\n|upkeep\n|\n|t:|1701024024\n|switch|p1a: Pikachu|Pikachu-Kalos, M|100\/100\n|turn|13\n|\n|t:|1701024027\n|move|p1a: Pikachu|Fake Out|p2a: Rillaboom\n|-damage|p2a: Rillaboom|13\/100\n|cant|p2a: Rillaboom|flinch\n|\n|-heal|p2a: Rillaboom|19\/100|[from] Grassy Terrain\n|upkeep\n|turn|14\n|\n|t:|1701024030\n|move|p2a: Rillaboom|Grassy Glide|p1a: Pikachu\n|-damage|p1a: Pikachu|0 fnt\n|faint|p1a: Pikachu\n|\n|-heal|p2a: Rillaboom|25\/100|[from] Grassy Terrain\n|-fieldend|move: Grassy Terrain\n|upkeep\n|\n|t:|1701024033\n|switch|p1a: Greninja|Greninja, M|100\/100\n|turn|15\n|\n|t:|1701024035\n|move|p1a: Greninja|Ice Beam|p2a: Rillaboom\n|-supereffective|p2a: Rillaboom\n|-damage|p2a: Rillaboom|0 fnt\n|faint|p2a: Rillaboom\n|-ability|p1a: Greninja|Battle Bond|boost\n|-boost|p1a: Greninja|atk|1\n|-boost|p1a: Greninja|spa|1\n|-boost|p1a: Greninja|spe|1\n|-activate|p1a: Greninja|ability: Battle Bond\n|\n|upkeep\n|\n|t:|1701024038\n|switch|p2a: Corviknight|Corviknight, M, shiny|100\/100\n|-damage|p2a: Corviknight|88\/100|[from] Stealth Rock\n|turn|16\n|\n|t:|1701024043\n|-terastallize|p1a: Greninja|Ground\n|move|p1a: Greninja|Scald|p2a: Corviknight\n|-damage|p2a: Corviknight|38\/100\n|move|p2a: Corviknight|Nasty Plot|p2a: Corviknight\n|-boost|p2a: Corviknight|spa|2\n|\n|-heal|p2a: Corviknight|44\/100|[from] item: Leftovers\n|upkeep\n|turn|17\n|\n|t:|1701024048\n|move|p1a: Greninja|Scald|p2a: Corviknight\n|-damage|p2a: Corviknight|0 fnt\n|faint|p2a: Corviknight\n|\n|upkeep\n|\n|t:|1701024050\n|switch|p2a: Glimmora|Glimmora, F|100\/100\n|-damage|p2a: Glimmora|88\/100|[from] Stealth Rock\n|turn|18\n|\n|t:|1701024053\n|move|p1a: Greninja|Scald|p2a: Glimmora\n|-supereffective|p2a: Glimmora\n|-damage|p2a: Glimmora|0 fnt\n|faint|p2a: Glimmora\n|\n|win|MasterList2015\n|raw|MasterList2015's rating: 1151 &rarr; <strong>1180<\/strong><br \/>(+29 for winning)\n|raw|Rhythm&amp;Flow90's rating: 1205 &rarr; <strong>1176<\/strong><br \/>(-29 for losing)\n|l|\u2606Rhythm&Flow90\n|l|\u2606MasterList2015\n","uploadtime":1701024165,"views":3,"p1id":"masterlist2015","p2id":"rhythmflow90","formatid":"gen9nationaldex","rating":1176,"private":0,"password":""}