{"id":"gen9nationaldex-1992255410","p1":"Dylliee","p2":"king d1","format":"[Gen 9] National Dex","log":"|j|\u2606Dylliee\n|j|\u2606king d1\n|t:|1700168163\n|gametype|singles\n|player|p1|Dylliee|1|1294\n|player|p2|king d1|red|1304\n|teamsize|p1|6\n|teamsize|p2|6\n|gen|9\n|tier|[Gen 9] National Dex\n|rated|\n|rule|HP Percentage Mod: HP is shown in percentages\n|rule|Endless Battle Clause: Forcing endless battles is banned\n|rule|OHKO Clause: OHKO moves are banned\n|rule|Evasion Clause: Evasion abilities, items, and moves are banned\n|rule|Evasion Abilities Clause: Evasion abilities are banned\n|rule|Evasion Items Clause: Evasion items are banned\n|rule|Evasion Moves Clause: Evasion moves are banned\n|rule|Species Clause: Limit one of each Pok\u00e9mon\n|rule|Sleep Clause Mod: Limit one foe put to sleep\n|clearpoke\n|poke|p1|Zapdos|\n|poke|p1|Diancie|\n|poke|p1|Great Tusk|\n|poke|p1|Toxapex, F|\n|poke|p1|Heatran, F|\n|poke|p1|Weavile, F|\n|poke|p2|Ribombee, F|\n|poke|p2|Jirachi|\n|poke|p2|Xurkitree|\n|poke|p2|Great Tusk|\n|poke|p2|Volcarona, F|\n|poke|p2|Pinsir, F|\n|teampreview\n|inactive|Battle timer is ON: inactive players will automatically lose when time's up. (requested by king d1)\n|j| Piero46\n|\n|t:|1700168170\n|start\n|switch|p1a: Diancie|Diancie|100\/100\n|switch|p2a: Ribombee|Ribombee, F|100\/100\n|turn|1\n|\n|t:|1700168173\n|switch|p2a: Jirachi|Jirachi, shiny|100\/100\n|detailschange|p1a: Diancie|Diancie-Mega\n|-mega|p1a: Diancie|Diancie|Diancite\n|move|p1a: Diancie|Diamond Storm|p2a: Jirachi\n|-resisted|p2a: Jirachi\n|-damage|p2a: Jirachi|78\/100\n|\n|-heal|p2a: Jirachi|84\/100|[from] item: Leftovers\n|upkeep\n|turn|2\n|\n|t:|1700168181\n|move|p1a: Diancie|Mystical Fire|p2a: Jirachi\n|-supereffective|p2a: Jirachi\n|-damage|p2a: Jirachi|28\/100\n|-unboost|p2a: Jirachi|spa|1\n|move|p2a: Jirachi|Calm Mind|p2a: Jirachi\n|-boost|p2a: Jirachi|spa|1\n|-boost|p2a: Jirachi|spd|1\n|\n|-heal|p2a: Jirachi|35\/100|[from] item: Leftovers\n|upkeep\n|turn|3\n|\n|t:|1700168183\n|move|p1a: Diancie|Mystical Fire|p2a: Jirachi\n|-supereffective|p2a: Jirachi\n|-damage|p2a: Jirachi|0 fnt\n|faint|p2a: Jirachi\n|\n|upkeep\n|\n|t:|1700168190\n|switch|p2a: Volcarona|Volcarona, F|100\/100\n|turn|4\n|\n|t:|1700168195\n|-terastallize|p2a: Volcarona|Grass\n|move|p1a: Diancie|Diamond Storm|p2a: Volcarona\n|-damage|p2a: Volcarona|13\/100\n|-boost|p1a: Diancie|def|2\n|move|p2a: Volcarona|Quiver Dance|p2a: Volcarona\n|-boost|p2a: Volcarona|spa|1\n|-boost|p2a: Volcarona|spd|1\n|-boost|p2a: Volcarona|spe|1\n|\n|-heal|p2a: Volcarona|19\/100|[from] item: Leftovers\n|upkeep\n|turn|5\n|\n|t:|1700168203\n|move|p2a: Volcarona|Giga Drain|p1a: Diancie\n|-supereffective|p1a: Diancie\n|-damage|p1a: Diancie|0 fnt\n|-heal|p2a: Volcarona|58\/100|[from] drain|[of] p1a: Diancie\n|faint|p1a: Diancie\n|\n|-heal|p2a: Volcarona|64\/100|[from] item: Leftovers\n|upkeep\n|\n|t:|1700168211\n|switch|p1a: Weavile|Weavile, F|100\/100\n|-ability|p1a: Weavile|Pressure\n|turn|6\n|\n|t:|1700168215\n|move|p1a: Weavile|Ice Shard|p2a: Volcarona\n|-supereffective|p2a: Volcarona\n|-damage|p2a: Volcarona|0 fnt\n|faint|p2a: Volcarona\n|\n|upkeep\n|\n|t:|1700168220\n|switch|p2a: Ribombee|Ribombee, F|100\/100\n|turn|7\n|\n|t:|1700168222\n|move|p1a: Weavile|Ice Shard|p2a: Ribombee\n|-damage|p2a: Ribombee|45\/100\n|move|p2a: Ribombee|Sticky Web|p1a: Weavile\n|-sidestart|p1: Dylliee|move: Sticky Web\n|\n|upkeep\n|turn|8\n|\n|t:|1700168228\n|move|p1a: Weavile|Ice Shard|p2a: Ribombee\n|-damage|p2a: Ribombee|0 fnt\n|faint|p2a: Ribombee\n|\n|upkeep\n|\n|t:|1700168232\n|switch|p2a: Great Tusk|Great Tusk|100\/100\n|turn|9\n|\n|t:|1700168239\n|move|p1a: Weavile|Ice Shard|p2a: Great Tusk\n|-supereffective|p2a: Great Tusk\n|-damage|p2a: Great Tusk|53\/100\n|move|p2a: Great Tusk|Close Combat|p1a: Weavile\n|-supereffective|p1a: Weavile\n|-damage|p1a: Weavile|0 fnt\n|-unboost|p2a: Great Tusk|def|1\n|-unboost|p2a: Great Tusk|spd|1\n|faint|p1a: Weavile\n|\n|upkeep\n|\n|t:|1700168245\n|switch|p1a: Great Tusk|Great Tusk|100\/100\n|turn|10\n|\n|t:|1700168247\n|-end|p2a: Great Tusk|Protosynthesis|[silent]\n|switch|p2a: Pinsir|Pinsir, F|100\/100\n|move|p1a: Great Tusk|Rapid Spin|p2a: Pinsir\n|-crit|p2a: Pinsir\n|-damage|p2a: Pinsir|67\/100\n|-boost|p1a: Great Tusk|spe|1\n|-sideend|p1: Dylliee|Sticky Web|[from] move: Rapid Spin|[of] p1a: Great Tusk\n|\n|upkeep\n|turn|11\n|\n|t:|1700168252\n|detailschange|p2a: Pinsir|Pinsir-Mega, F\n|-mega|p2a: Pinsir|Pinsir|Pinsirite\n|move|p1a: Great Tusk|Ice Spinner|p2a: Pinsir\n|-supereffective|p2a: Pinsir\n|-damage|p2a: Pinsir|8\/100\n|move|p2a: Pinsir|Swords Dance|p2a: Pinsir\n|-boost|p2a: Pinsir|atk|2\n|\n|upkeep\n|turn|12\n|\n|t:|1700168258\n|move|p2a: Pinsir|Quick Attack|p1a: Great Tusk\n|-supereffective|p1a: Great Tusk\n|-damage|p1a: Great Tusk|24\/100\n|move|p1a: Great Tusk|Ice Spinner|p2a: Pinsir\n|-supereffective|p2a: Pinsir\n|-damage|p2a: Pinsir|0 fnt\n|faint|p2a: Pinsir\n|\n|upkeep\n|\n|t:|1700168261\n|switch|p2a: Great Tusk|Great Tusk|53\/100\n|turn|13\n|\n|t:|1700168266\n|move|p1a: Great Tusk|Earthquake|p2a: Great Tusk\n|-damage|p2a: Great Tusk|14\/100\n|move|p2a: Great Tusk|Earthquake|p1a: Great Tusk\n|-damage|p1a: Great Tusk|0 fnt\n|faint|p1a: Great Tusk\n|-end|p1a: Great Tusk|Protosynthesis|[silent]\n|\n|upkeep\n|\n|t:|1700168273\n|switch|p1a: Toxapex|Toxapex, F|100\/100\n|turn|14\n|\n|t:|1700168276\n|move|p2a: Great Tusk|Knock Off|p1a: Toxapex\n|-damage|p1a: Toxapex|81\/100\n|-enditem|p1a: Toxapex|Eject Button|[from] move: Knock Off|[of] p2a: Great Tusk\n|move|p1a: Toxapex|Scald|p2a: Great Tusk\n|-supereffective|p2a: Great Tusk\n|-crit|p2a: Great Tusk\n|-damage|p2a: Great Tusk|0 fnt\n|faint|p2a: Great Tusk\n|-end|p2a: Great Tusk|Protosynthesis|[silent]\n|\n|upkeep\n|\n|t:|1700168281\n|switch|p2a: Xurkitree|Xurkitree|100\/100\n|turn|15\n|\n|t:|1700168286\n|-terastallize|p1a: Toxapex|Dragon\n|move|p2a: Xurkitree|Tail Glow|p2a: Xurkitree\n|-boost|p2a: Xurkitree|spa|3\n|move|p1a: Toxapex|Toxic|p2a: Xurkitree\n|-status|p2a: Xurkitree|tox\n|\n|-damage|p2a: Xurkitree|94\/100 tox|[from] psn\n|upkeep\n|turn|16\n|\n|t:|1700168289\n|move|p2a: Xurkitree|Dazzling Gleam|p1a: Toxapex\n|-supereffective|p1a: Toxapex\n|-damage|p1a: Toxapex|0 fnt\n|faint|p1a: Toxapex\n|-ability|p2a: Xurkitree|Beast Boost|boost\n|-boost|p2a: Xurkitree|spa|1\n|\n|-heal|p2a: Xurkitree|100\/100 tox|[from] item: Leftovers\n|-damage|p2a: Xurkitree|88\/100 tox|[from] psn\n|upkeep\n|\n|t:|1700168298\n|switch|p1a: Heatran|Heatran, F|100\/100\n|turn|17\n|\n|t:|1700168301\n|move|p2a: Xurkitree|Thunderbolt|p1a: Heatran\n|-damage|p1a: Heatran|0 fnt\n|faint|p1a: Heatran\n|-ability|p2a: Xurkitree|Beast Boost|boost\n|-boost|p2a: Xurkitree|spa|1\n|\n|-heal|p2a: Xurkitree|94\/100 tox|[from] item: Leftovers\n|-damage|p2a: Xurkitree|76\/100 tox|[from] psn\n|upkeep\n|\n|t:|1700168303\n|switch|p1a: Zapdos|Zapdos|100\/100\n|turn|18\n|\n|t:|1700168306\n|-zpower|p1a: Zapdos\n|move|p1a: Zapdos|Supersonic Skystrike|p2a: Xurkitree|[zeffect]\n|-resisted|p2a: Xurkitree\n|-damage|p2a: Xurkitree|11\/100 tox\n|move|p2a: Xurkitree|Dazzling Gleam|p1a: Zapdos\n|-damage|p1a: Zapdos|0 fnt\n|faint|p1a: Zapdos\n|\n|win|king d1\n|raw|Dylliee's rating: 1294 &rarr; <strong>1270<\/strong><br \/>(-24 for losing)\n|raw|king d1's rating: 1304 &rarr; <strong>1323<\/strong><br \/>(+19 for winning)\n|l|\u2606Dylliee\n","uploadtime":1700168320,"views":6,"p1id":"dylliee","p2id":"kingd1","formatid":"gen9nationaldex","rating":1270,"private":0,"password":""}