{"id":"gen9nationaldex-1993555616","p1":"akyraaiko","p2":"Ekkogandr","format":"[Gen 9] National Dex","log":"|j|\u2606akyraaiko\n|j|\u2606Ekkogandr\n|t:|1700331303\n|gametype|singles\n|player|p1|akyraaiko|265|\n|player|p2|Ekkogandr|turo-ai|\n|teamsize|p1|6\n|teamsize|p2|6\n|gen|9\n|tier|[Gen 9] National Dex\n|rule|HP Percentage Mod: HP is shown in percentages\n|rule|Endless Battle Clause: Forcing endless battles is banned\n|rule|OHKO Clause: OHKO moves are banned\n|rule|Evasion Clause: Evasion abilities, items, and moves are banned\n|rule|Evasion Abilities Clause: Evasion abilities are banned\n|rule|Evasion Items Clause: Evasion items are banned\n|rule|Evasion Moves Clause: Evasion moves are banned\n|rule|Species Clause: Limit one of each Pok\u00e9mon\n|rule|Sleep Clause Mod: Limit one foe put to sleep\n|clearpoke\n|poke|p1|Zoroark-Hisui, M|\n|poke|p1|Garchomp, M|\n|poke|p1|Lycanroc-Dusk, F|\n|poke|p1|Urshifu-*, F|\n|poke|p1|Heatran, M|\n|poke|p1|Iron Moth|\n|poke|p2|Kyurem|\n|poke|p2|Lopunny, F|\n|poke|p2|Iron Moth|\n|poke|p2|Landorus-Therian, M|\n|poke|p2|Heatran, M|\n|poke|p2|Rotom-Wash|\n|teampreview\n|\n|t:|1700331325\n|start\n|switch|p1a: el lobo|Lycanroc-Dusk, F, shiny|100\/100\n|switch|p2a: Iron Moth|Iron Moth|100\/100\n|turn|1\n|\n|t:|1700331332\n|-end|p2a: Iron Moth|Quark Drive|[silent]\n|switch|p2a: Rotom|Rotom-Wash|100\/100\n|move|p1a: el lobo|Trick|p2a: Rotom\n|-activate|p1a: el lobo|move: Trick|[of] p2a: Rotom\n|-item|p2a: Rotom|Choice Specs|[from] move: Trick\n|-item|p1a: el lobo|Leftovers|[from] move: Trick\n|\n|upkeep\n|turn|2\n|\n|t:|1700331343\n|move|p1a: el lobo|Bitter Malice|p2a: Rotom\n|-damage|p2a: Rotom|62\/100\n|-unboost|p2a: Rotom|atk|1\n|move|p2a: Rotom|Volt Switch|p1a: el lobo\n|-damage|p1a: el lobo|26\/100\n|replace|p1a: who?|Zoroark-Hisui, M, shiny\n|-end|p1a: who?|Illusion\n|c|\u2606akyraaiko|quem sera q \u00e9?\n|\n|t:|1700331349\n|switch|p2a: Lopunny|Lopunny, F|100\/100|[from] Volt Switch\n|\n|-heal|p1a: who?|32\/100|[from] item: Leftovers\n|upkeep\n|turn|3\n|\n|t:|1700331359\n|detailschange|p2a: Lopunny|Lopunny-Mega, F\n|-mega|p2a: Lopunny|Lopunny|Lopunnite\n|move|p2a: Lopunny|Close Combat|p1a: who?\n|-supereffective|p1a: who?\n|-damage|p1a: who?|0 fnt\n|-unboost|p2a: Lopunny|def|1\n|-unboost|p2a: Lopunny|spd|1\n|faint|p1a: who?\n|\n|upkeep\n|\n|t:|1700331366\n|switch|p1a: sol|Iron Moth|100\/100\n|-enditem|p1a: sol|Booster Energy\n|-activate|p1a: sol|ability: Quark Drive|[fromitem]\n|-start|p1a: sol|quarkdrivespe\n|turn|4\n|\n|t:|1700331374\n|switch|p2a: Heatran|Heatran, M|100\/100\n|move|p1a: sol|Psychic|p2a: Heatran\n|-resisted|p2a: Heatran\n|-damage|p2a: Heatran|91\/100\n|-unboost|p2a: Heatran|spd|1\n|\n|-heal|p2a: Heatran|97\/100|[from] item: Leftovers\n|upkeep\n|turn|5\n|\n|t:|1700331378\n|-end|p1a: sol|Quark Drive|[silent]\n|switch|p1a: Dragao da sua irma|Garchomp, M|100\/100\n|move|p2a: Heatran|Earth Power|p1a: Dragao da sua irma\n|-damage|p1a: Dragao da sua irma|71\/100\n|\n|-heal|p2a: Heatran|100\/100|[from] item: Leftovers\n|upkeep\n|turn|6\n|\n|t:|1700331388\n|switch|p2a: Landorus|Landorus-Therian, M|100\/100\n|-ability|p2a: Landorus|Intimidate|boost\n|-unboost|p1a: Dragao da sua irma|atk|1\n|detailschange|p1a: Dragao da sua irma|Garchomp-Mega, M\n|-mega|p1a: Dragao da sua irma|Garchomp|Garchompite\n|move|p1a: Dragao da sua irma|Scale Shot|p2a: Landorus\n|-damage|p2a: Landorus|92\/100\n|-damage|p2a: Landorus|85\/100\n|-damage|p2a: Landorus|76\/100\n|-damage|p2a: Landorus|69\/100\n|-damage|p2a: Landorus|61\/100\n|-hitcount|p2a: Landorus|5\n|-unboost|p1a: Dragao da sua irma|def|1\n|-boost|p1a: Dragao da sua irma|spe|1\n|\n|upkeep\n|turn|7\n|\n|t:|1700331393\n|move|p1a: Dragao da sua irma|Liquidation|p2a: Landorus\n|-supereffective|p2a: Landorus\n|-damage|p2a: Landorus|28\/100\n|-damage|p1a: Dragao da sua irma|54\/100|[from] item: Rocky Helmet|[of] p2a: Landorus\n|move|p2a: Landorus|Earthquake|p1a: Dragao da sua irma\n|-damage|p1a: Dragao da sua irma|0 fnt\n|faint|p1a: Dragao da sua irma\n|\n|upkeep\n|c|\u2606akyraaiko|puta\n|\n|t:|1700331400\n|switch|p1a: roger guedes|Urshifu-Rapid-Strike, F|100\/100\n|turn|8\n|\n|t:|1700331407\n|switch|p2a: Rotom|Rotom-Wash|62\/100\n|move|p1a: roger guedes|Surging Strikes|p2a: Rotom\n|-resisted|p2a: Rotom\n|-crit|p2a: Rotom\n|-damage|p2a: Rotom|50\/100\n|-resisted|p2a: Rotom\n|-crit|p2a: Rotom\n|-damage|p2a: Rotom|38\/100\n|-resisted|p2a: Rotom\n|-crit|p2a: Rotom\n|-damage|p2a: Rotom|26\/100\n|-hitcount|p2a: Rotom|3\n|\n|upkeep\n|turn|9\n|\n|t:|1700331412\n|move|p1a: roger guedes|Surging Strikes|p2a: Rotom\n|-resisted|p2a: Rotom\n|-crit|p2a: Rotom\n|-damage|p2a: Rotom|14\/100\n|-resisted|p2a: Rotom\n|-crit|p2a: Rotom\n|-damage|p2a: Rotom|0 fnt\n|faint|p2a: Rotom\n|-hitcount|p2: Rotom|2\n|\n|upkeep\n|c|\u2606akyraaiko|perdao\n|\n|t:|1700331427\n|switch|p2a: Lopunny|Lopunny-Mega, F|100\/100\n|turn|10\n|\n|t:|1700331430\n|move|p2a: Lopunny|Fake Out|p1a: roger guedes\n|-damage|p1a: roger guedes|81\/100\n|cant|p1a: roger guedes|flinch\n|\n|upkeep\n|turn|11\n|c|\u2606akyraaiko|dor\n|\n|t:|1700331437\n|switch|p2a: Landorus|Landorus-Therian, M|28\/100\n|-ability|p2a: Landorus|Intimidate|boost\n|-unboost|p1a: roger guedes|atk|1\n|move|p1a: roger guedes|Surging Strikes|p2a: Landorus\n|-supereffective|p2a: Landorus\n|-crit|p2a: Landorus\n|-damage|p2a: Landorus|0 fnt\n|-damage|p1a: roger guedes|64\/100|[from] item: Rocky Helmet|[of] p2a: Landorus\n|faint|p2a: Landorus\n|-hitcount|p2: Landorus|1\n|\n|upkeep\n|c|\u2606akyraaiko|morri\n|c|\u2606akyraaiko|ou n\n|\n|t:|1700331443\n|switch|p2a: Iron Moth|Iron Moth|100\/100\n|turn|12\n|\n|t:|1700331447\n|move|p2a: Iron Moth|Dazzling Gleam|p1a: roger guedes\n|-supereffective|p1a: roger guedes\n|-damage|p1a: roger guedes|0 fnt\n|faint|p1a: roger guedes\n|\n|upkeep\n|\n|t:|1700331453\n|switch|p1a: sol|Iron Moth|100\/100\n|turn|13\n|\n|t:|1700331458\n|-end|p2a: Iron Moth|Quark Drive|[silent]\n|switch|p2a: Heatran|Heatran, M|100\/100\n|move|p1a: sol|Psychic|p2a: Heatran\n|-resisted|p2a: Heatran\n|-damage|p2a: Heatran|91\/100\n|\n|-heal|p2a: Heatran|98\/100|[from] item: Leftovers\n|upkeep\n|turn|14\n|\n|t:|1700331465\n|-end|p1a: sol|Quark Drive|[silent]\n|switch|p1a: calorento|Heatran, M|100\/100\n|-item|p1a: calorento|Air Balloon\n|move|p2a: Heatran|Earth Power|p1a: calorento\n|-immune|p1a: calorento\n|\n|-heal|p2a: Heatran|100\/100|[from] item: Leftovers\n|upkeep\n|turn|15\n|c|\u2606Ekkogandr|caralho\n|c|\u2606akyraaiko|BALAOOOO\n|\n|t:|1700331483\n|switch|p2a: Kyurem|Kyurem|100\/100\n|-ability|p2a: Kyurem|Pressure\n|move|p1a: calorento|Earth Power|p2a: Kyurem\n|-damage|p2a: Kyurem|67\/100\n|\n|upkeep\n|turn|16\n|\n|t:|1700331495\n|move|p2a: Kyurem|Freeze-Dry|p1a: calorento\n|-resisted|p1a: calorento\n|-damage|p1a: calorento|91\/100\n|-enditem|p1a: calorento|Air Balloon\n|move|p1a: calorento|Magma Storm|p2a: Kyurem\n|-damage|p2a: Kyurem|10\/100\n|-activate|p2a: Kyurem|move: Magma Storm|[of] p1a: calorento\n|\n|-damage|p2a: Kyurem|0 fnt|[from] move: Magma Storm|[partiallytrapped]\n|faint|p2a: Kyurem\n|upkeep\n|\n|t:|1700331499\n|switch|p2a: Lopunny|Lopunny-Mega, F|100\/100\n|turn|17\n|\n|t:|1700331509\n|-terastallize|p1a: calorento|Grass\n|move|p2a: Lopunny|Close Combat|p1a: calorento\n|-damage|p1a: calorento|23\/100\n|-unboost|p2a: Lopunny|def|1\n|-unboost|p2a: Lopunny|spd|1\n|move|p1a: calorento|Magma Storm|p2a: Lopunny\n|-damage|p2a: Lopunny|0 fnt\n|faint|p2a: Lopunny\n|\n|upkeep\n|\n|t:|1700331514\n|switch|p2a: Iron Moth|Iron Moth|100\/100\n|turn|18\n|c|\u2606akyraaiko|VAMOO\n|\n|t:|1700331523\n|move|p2a: Iron Moth|Sludge Wave|p1a: calorento\n|-supereffective|p1a: calorento\n|-crit|p1a: calorento\n|-damage|p1a: calorento|0 fnt\n|faint|p1a: calorento\n|\n|upkeep\n|\n|t:|1700331527\n|switch|p1a: sol|Iron Moth|100\/100\n|turn|19\n|\n|t:|1700331530\n|-end|p2a: Iron Moth|Quark Drive|[silent]\n|switch|p2a: Heatran|Heatran, M|100\/100\n|-end|p1a: sol|Quark Drive|[silent]\n|switch|p1a: el lobo|Lycanroc-Dusk, F, shiny|100\/100\n|\n|upkeep\n|turn|20\n|c|\u2606akyraaiko|oi\n|\n|t:|1700331557\n|switch|p2a: Iron Moth|Iron Moth|100\/100\n|move|p1a: el lobo|Close Combat|p2a: Iron Moth\n|-resisted|p2a: Iron Moth\n|-damage|p2a: Iron Moth|41\/100\n|-unboost|p1a: el lobo|def|1\n|-unboost|p1a: el lobo|spd|1\n|\n|upkeep\n|turn|21\n|\n|t:|1700331568\n|move|p2a: Iron Moth|Dazzling Gleam|p1a: el lobo\n|-damage|p1a: el lobo|22\/100\n|move|p1a: el lobo|Close Combat|p2a: Iron Moth\n|-resisted|p2a: Iron Moth\n|-damage|p2a: Iron Moth|0 fnt\n|-unboost|p1a: el lobo|def|1\n|-unboost|p1a: el lobo|spd|1\n|faint|p2a: Iron Moth\n|-end|p2a: Iron Moth|Quark Drive|[silent]\n|\n|upkeep\n|\n|t:|1700331571\n|switch|p2a: Heatran|Heatran, M|100\/100\n|turn|22\n|\n|t:|1700331578\n|move|p1a: el lobo|Close Combat|p2a: Heatran\n|-supereffective|p2a: Heatran\n|-damage|p2a: Heatran|0 fnt\n|-unboost|p1a: el lobo|def|1\n|-unboost|p1a: el lobo|spd|1\n|faint|p2a: Heatran\n|\n|win|akyraaiko\n|c|\u2606akyraaiko|gg porra\n|c|\u2606akyraaiko|foi lido nessa ai em\n","uploadtime":1700331591,"views":7,"p1id":"akyraaiko","p2id":"ekkogandr","formatid":"gen9nationaldex","rating":0,"private":0,"password":""}