{"id":"gen9nationaldex-1990080380","p1":"Poseidon5000","p2":"Nemasilla","format":"[Gen 9] National Dex","log":"|j|\u2606Poseidon5000\n|j|\u2606Nemasilla\n|t:|1699922425\n|gametype|singles\n|player|p1|Poseidon5000|102|1159\n|player|p2|Nemasilla|irida|1126\n|teamsize|p1|6\n|teamsize|p2|6\n|gen|9\n|tier|[Gen 9] National Dex\n|rated|\n|rule|HP Percentage Mod: HP is shown in percentages\n|rule|Endless Battle Clause: Forcing endless battles is banned\n|rule|OHKO Clause: OHKO moves are banned\n|rule|Evasion Clause: Evasion abilities, items, and moves are banned\n|rule|Evasion Abilities Clause: Evasion abilities are banned\n|rule|Evasion Items Clause: Evasion items are banned\n|rule|Evasion Moves Clause: Evasion moves are banned\n|rule|Species Clause: Limit one of each Pok\u00e9mon\n|rule|Sleep Clause Mod: Limit one foe put to sleep\n|clearpoke\n|poke|p1|Garchomp, M|\n|poke|p1|Magnezone|\n|poke|p1|Mamoswine, M|\n|poke|p1|Starmie|\n|poke|p1|Dragonite, F|\n|poke|p1|Clefable, M|\n|poke|p2|Miltank, F|\n|poke|p2|Dubwool, M|\n|poke|p2|Appletun, F|\n|poke|p2|Brute Bonnet|\n|poke|p2|Rotom-Mow|\n|poke|p2|Beedrill, M|\n|teampreview\n|inactive|Battle timer is ON: inactive players will automatically lose when time's up. (requested by Nemasilla)\n|\n|t:|1699922435\n|start\n|switch|p1a: Garchomp|Garchomp, M|100\/100\n|switch|p2a: Dubwool|Dubwool, M|100\/100\n|turn|1\n|\n|t:|1699922443\n|move|p1a: Garchomp|Swords Dance|p1a: Garchomp\n|-boost|p1a: Garchomp|atk|2\n|move|p2a: Dubwool|Cotton Guard|p2a: Dubwool\n|-boost|p2a: Dubwool|def|3\n|\n|upkeep\n|turn|2\n|\n|t:|1699922447\n|move|p1a: Garchomp|Swords Dance|p1a: Garchomp\n|-boost|p1a: Garchomp|atk|2\n|move|p2a: Dubwool|Cotton Guard|p2a: Dubwool\n|-boost|p2a: Dubwool|def|3\n|\n|upkeep\n|turn|3\n|\n|t:|1699922451\n|move|p1a: Garchomp|Swords Dance|p1a: Garchomp\n|-boost|p1a: Garchomp|atk|2\n|move|p2a: Dubwool|Body Press|p1a: Garchomp\n|-damage|p1a: Garchomp|31\/100\n|-damage|p2a: Dubwool|88\/100|[from] ability: Rough Skin|[of] p1a: Garchomp\n|\n|upkeep\n|turn|4\n|\n|t:|1699922457\n|move|p1a: Garchomp|Dragon Claw|p2a: Dubwool\n|-damage|p2a: Dubwool|67\/100\n|-damage|p1a: Garchomp|15\/100|[from] item: Rocky Helmet|[of] p2a: Dubwool\n|move|p2a: Dubwool|Body Press|p1a: Garchomp\n|-damage|p1a: Garchomp|0 fnt\n|-damage|p2a: Dubwool|54\/100|[from] ability: Rough Skin|[of] p1a: Garchomp\n|faint|p1a: Garchomp\n|\n|upkeep\n|\n|t:|1699922471\n|switch|p1a: Clefable|Clefable, M|100\/100\n|turn|5\n|\n|t:|1699922490\n|move|p2a: Dubwool|Body Press|p1a: Clefable\n|-resisted|p1a: Clefable\n|-damage|p1a: Clefable|70\/100\n|move|p1a: Clefable|Moonblast|p2a: Dubwool\n|-damage|p2a: Dubwool|7\/100\n|\n|upkeep\n|turn|6\n|\n|t:|1699922511\n|move|p2a: Dubwool|Body Press|p1a: Clefable\n|-resisted|p1a: Clefable\n|-damage|p1a: Clefable|43\/100\n|move|p1a: Clefable|Ice Beam|p2a: Dubwool\n|-damage|p2a: Dubwool|0 fnt\n|faint|p2a: Dubwool\n|\n|upkeep\n|\n|t:|1699922516\n|switch|p2a: Beedrill|Beedrill, M|100\/100\n|turn|7\n|\n|t:|1699922528\n|switch|p1a: Magnezone|Magnezone|100\/100\n|detailschange|p2a: Beedrill|Beedrill-Mega, M\n|-mega|p2a: Beedrill|Beedrill|Beedrillite\n|move|p2a: Beedrill|Poison Jab|p1a: Magnezone\n|-immune|p1a: Magnezone\n|\n|upkeep\n|turn|8\n|\n|t:|1699922541\n|move|p2a: Beedrill|Drill Run|p1a: Magnezone\n|-supereffective|p1a: Magnezone\n|-damage|p1a: Magnezone|0 fnt\n|faint|p1a: Magnezone\n|\n|upkeep\n|\n|t:|1699922550\n|switch|p1a: Dragonite|Dragonite, F|100\/100\n|turn|9\n|\n|t:|1699922563\n|switch|p2a: Miltank|Miltank, F|100\/100\n|-terastallize|p1a: Dragonite|Dragon\n|move|p1a: Dragonite|Outrage|p2a: Miltank\n|-damage|p2a: Miltank|0 fnt\n|faint|p2a: Miltank\n|\n|upkeep\n|\n|t:|1699922569\n|switch|p2a: Appletun|Appletun, F|100\/100\n|turn|10\n|\n|t:|1699922575\n|-terastallize|p2a: Appletun|Steel\n|move|p1a: Dragonite|Outrage|p2a: Appletun|[from]lockedmove\n|-resisted|p2a: Appletun\n|-damage|p2a: Appletun|35\/100\n|-start|p1a: Dragonite|confusion|[fatigue]\n|move|p2a: Appletun|Dragon Tail|p1a: Dragonite\n|-supereffective|p1a: Dragonite\n|-damage|p1a: Dragonite|84\/100\n|drag|p1a: Starmie|Starmie|100\/100\n|\n|upkeep\n|turn|11\n|\n|t:|1699922586\n|move|p1a: Starmie|Rapid Spin|p2a: Appletun\n|-resisted|p2a: Appletun\n|-damage|p2a: Appletun|30\/100\n|-boost|p1a: Starmie|spe|1\n|-damage|p1a: Starmie|91\/100|[from] item: Life Orb\n|move|p2a: Appletun|Leech Seed|p1a: Starmie\n|-start|p1a: Starmie|move: Leech Seed\n|\n|-damage|p1a: Starmie|78\/100|[from] Leech Seed|[of] p2a: Appletun\n|-heal|p2a: Appletun|38\/100|[silent]\n|upkeep\n|turn|12\n|\n|t:|1699922606\n|move|p1a: Starmie|Ice Beam|p2a: Appletun\n|-resisted|p2a: Appletun\n|-damage|p2a: Appletun|32\/100\n|-damage|p1a: Starmie|68\/100|[from] item: Life Orb\n|move|p2a: Appletun|Recover|p2a: Appletun\n|-heal|p2a: Appletun|82\/100\n|\n|-damage|p1a: Starmie|56\/100|[from] Leech Seed|[of] p2a: Appletun\n|-heal|p2a: Appletun|89\/100|[silent]\n|upkeep\n|turn|13\n|\n|t:|1699922611\n|switch|p1a: Mamoswine|Mamoswine, M|100\/100\n|move|p2a: Appletun|Apple Acid|p1a: Mamoswine\n|-supereffective|p1a: Mamoswine\n|-damage|p1a: Mamoswine|14\/100\n|-unboost|p1a: Mamoswine|spd|1\n|\n|upkeep\n|turn|14\n|\n|t:|1699922624\n|move|p1a: Mamoswine|Earthquake|p2a: Appletun\n|-supereffective|p2a: Appletun\n|-damage|p2a: Appletun|0 fnt\n|faint|p2a: Appletun\n|-damage|p1a: Mamoswine|4\/100|[from] item: Life Orb\n|\n|upkeep\n|\n|t:|1699922630\n|switch|p2a: Beedrill|Beedrill-Mega, M|100\/100\n|turn|15\n|\n|t:|1699922638\n|move|p2a: Beedrill|Fell Stinger|p1a: Mamoswine\n|-damage|p1a: Mamoswine|0 fnt\n|faint|p1a: Mamoswine\n|-boost|p2a: Beedrill|atk|3\n|\n|upkeep\n|\n|t:|1699922640\n|switch|p1a: Dragonite|Dragonite, F, tera:Dragon|84\/100\n|turn|16\n|\n|t:|1699922645\n|move|p2a: Beedrill|Poison Jab|p1a: Dragonite\n|-damage|p1a: Dragonite|0 fnt\n|faint|p1a: Dragonite\n|\n|upkeep\n|\n|t:|1699922649\n|switch|p1a: Starmie|Starmie|56\/100\n|turn|17\n|\n|t:|1699922657\n|move|p2a: Beedrill|Poison Jab|p1a: Starmie\n|-damage|p1a: Starmie|0 fnt\n|faint|p1a: Starmie\n|\n|upkeep\n|-message|Poseidon5000 forfeited.\n|\n|win|Nemasilla\n|raw|Poseidon5000's rating: 1159 &rarr; <strong>1132<\/strong><br \/>(-27 for losing)\n|raw|Nemasilla's rating: 1126 &rarr; <strong>1153<\/strong><br \/>(+27 for winning)\n","uploadtime":1699922669,"views":4,"p1id":"poseidon5000","p2id":"nemasilla","formatid":"gen9nationaldex","rating":1132,"private":0,"password":""}