{"id":"gen9nationaldex-1992503988","p1":"Lylak-Plus","p2":"Bronzong","format":"[Gen 9] National Dex","log":"|j|\u2606Lylak-Plus\n|j|\u2606Bronzong\n|t:|1700196160\n|gametype|singles\n|player|p1|Lylak-Plus|skyla|\n|player|p2|Bronzong|hassel|\n|teamsize|p1|6\n|teamsize|p2|6\n|gen|9\n|tier|[Gen 9] National Dex\n|rule|HP Percentage Mod: HP is shown in percentages\n|rule|Endless Battle Clause: Forcing endless battles is banned\n|rule|OHKO Clause: OHKO moves are banned\n|rule|Evasion Clause: Evasion abilities, items, and moves are banned\n|rule|Evasion Abilities Clause: Evasion abilities are banned\n|rule|Evasion Items Clause: Evasion items are banned\n|rule|Evasion Moves Clause: Evasion moves are banned\n|rule|Species Clause: Limit one of each Pok\u00e9mon\n|rule|Sleep Clause Mod: Limit one foe put to sleep\n|clearpoke\n|poke|p1|Weavile, M|\n|poke|p1|Kleavor, M|\n|poke|p1|Qwilfish-Hisui, M|\n|poke|p1|Hatterene, F|\n|poke|p1|Typhlosion-Hisui, M|\n|poke|p1|Altaria, F|\n|poke|p2|Arcanine-Hisui, M|\n|poke|p2|Corviknight, F|\n|poke|p2|Noivern, M|\n|poke|p2|Suicune|\n|poke|p2|Dachsbun, M|\n|poke|p2|Spidops, M|\n|teampreview\n|inactive|Battle timer is ON: inactive players will automatically lose when time's up. (requested by Bronzong)\n|inactive|Bronzong has 270 seconds left.\n|\n|t:|1700196191\n|start\n|switch|p1a: Kleavor|Kleavor, M|100\/100\n|switch|p2a: Spidops|Spidops, M|100\/100\n|turn|1\n|\n|t:|1700196204\n|switch|p1a: Ultima|Hatterene, F|100\/100\n|move|p2a: Spidops|First Impression|p1a: Ultima\n|-damage|p1a: Ultima|17\/100\n|\n|-heal|p1a: Ultima|23\/100|[from] item: Leftovers\n|upkeep\n|turn|2\n|inactive|Lylak-Plus has 270 seconds left.\n|inactiveoff|Battle timer is now OFF.\n|\n|t:|1700196248\n|switch|p2a: Suicune|Suicune|100\/100\n|-ability|p2a: Suicune|Pressure\n|switch|p1a: Typhlosion|Typhlosion-Hisui, M|100\/100\n|-item|p2a: Suicune|Leftovers|[from] ability: Frisk|[of] p1a: Typhlosion|[identify]\n|\n|upkeep\n|turn|3\n|\n|t:|1700196269\n|switch|p1a: Qwilfish|Qwilfish-Hisui, M|100\/100\n|-ability|p1a: Qwilfish|Intimidate|boost\n|-unboost|p2a: Suicune|atk|1\n|move|p2a: Suicune|Curse|p2a: Suicune\n|-unboost|p2a: Suicune|spe|1\n|-boost|p2a: Suicune|atk|1\n|-boost|p2a: Suicune|def|1\n|\n|upkeep\n|turn|4\n|\n|t:|1700196279\n|move|p1a: Qwilfish|Taunt|p2a: Suicune\n|-start|p2a: Suicune|move: Taunt\n|cant|p2a: Suicune|move: Taunt|Curse\n|\n|upkeep\n|turn|5\n|\n|t:|1700196285\n|move|p1a: Qwilfish|Toxic Spikes|p2a: Suicune\n|-sidestart|p2: Bronzong|move: Toxic Spikes\n|move|p2a: Suicune|Liquidation|p1a: Qwilfish\n|-damage|p1a: Qwilfish|82\/100\n|-unboost|p1a: Qwilfish|def|1\n|\n|upkeep\n|turn|6\n|\n|t:|1700196295\n|move|p1a: Qwilfish|Toxic Spikes|p2a: Suicune\n|-sidestart|p2: Bronzong|move: Toxic Spikes\n|move|p2a: Suicune|Liquidation|p1a: Qwilfish\n|-damage|p1a: Qwilfish|55\/100\n|\n|-end|p2a: Suicune|move: Taunt\n|upkeep\n|turn|7\n|\n|t:|1700196308\n|move|p1a: Qwilfish|Taunt|p2a: Suicune\n|-start|p2a: Suicune|move: Taunt\n|move|p2a: Suicune|Liquidation|p1a: Qwilfish\n|-damage|p1a: Qwilfish|25\/100\n|\n|upkeep\n|turn|8\n|\n|t:|1700196320\n|move|p2a: Suicune|Extreme Speed|p1a: Qwilfish\n|-damage|p1a: Qwilfish|6\/100\n|move|p1a: Qwilfish|Spikes|p2a: Suicune\n|-sidestart|p2: Bronzong|Spikes\n|\n|upkeep\n|turn|9\n|\n|t:|1700196334\n|move|p2a: Suicune|Extreme Speed|p1a: Qwilfish\n|-damage|p1a: Qwilfish|0 fnt\n|faint|p1a: Qwilfish\n|\n|-end|p2a: Suicune|move: Taunt\n|upkeep\n|\n|t:|1700196352\n|switch|p1a: Kleavor|Kleavor, M|100\/100\n|turn|10\n|\n|t:|1700196357\n|move|p1a: Kleavor|Stone Axe|p2a: Suicune\n|-damage|p2a: Suicune|72\/100\n|-sidestart|p2: Bronzong|move: Stealth Rock\n|move|p2a: Suicune|Liquidation|p1a: Kleavor\n|-supereffective|p1a: Kleavor\n|-crit|p1a: Kleavor\n|-enditem|p1a: Kleavor|Focus Sash\n|-damage|p1a: Kleavor|1\/100\n|\n|-heal|p2a: Suicune|79\/100|[from] item: Leftovers\n|upkeep\n|turn|11\n|\n|t:|1700196368\n|move|p2a: Suicune|Extreme Speed|p1a: Kleavor\n|-resisted|p1a: Kleavor\n|-damage|p1a: Kleavor|0 fnt\n|faint|p1a: Kleavor\n|\n|-heal|p2a: Suicune|85\/100|[from] item: Leftovers\n|upkeep\n|\n|t:|1700196370\n|switch|p1a: Typhlosion|Typhlosion-Hisui, M|100\/100\n|-item|p2a: Suicune|Leftovers|[from] ability: Frisk|[of] p1a: Typhlosion|[identify]\n|turn|12\n|\n|t:|1700196378\n|move|p1a: Typhlosion|Solar Beam||[still]\n|-prepare|p1a: Typhlosion|Solar Beam\n|-enditem|p1a: Typhlosion|Power Herb\n|-anim|p1a: Typhlosion|Solar Beam|p2a: Suicune\n|-supereffective|p2a: Suicune\n|-crit|p2a: Suicune\n|-damage|p2a: Suicune|0 fnt\n|faint|p2a: Suicune\n|\n|upkeep\n|c|\u2606Bronzong|dang\n|\n|t:|1700196425\n|switch|p2a: Noivern|Noivern, M|100\/100\n|-damage|p2a: Noivern|76\/100|[from] Stealth Rock\n|turn|13\n|\n|t:|1700196446\n|move|p2a: Noivern|Shadow Ball|p1a: Typhlosion\n|-supereffective|p1a: Typhlosion\n|-damage|p1a: Typhlosion|16\/100\n|-damage|p2a: Noivern|66\/100|[from] item: Life Orb\n|move|p1a: Typhlosion|Infernal Parade|p2a: Noivern\n|-damage|p2a: Noivern|25\/100\n|\n|upkeep\n|turn|14\n|\n|t:|1700196460\n|switch|p1a: Ultima|Hatterene, F|23\/100\n|move|p2a: Noivern|Shadow Ball|p1a: Ultima\n|-supereffective|p1a: Ultima\n|-damage|p1a: Ultima|0 fnt\n|faint|p1a: Ultima\n|-damage|p2a: Noivern|15\/100|[from] item: Life Orb\n|\n|upkeep\n|\n|t:|1700196470\n|switch|p1a: Weavile|Weavile, M|100\/100\n|-ability|p1a: Weavile|Pressure\n|turn|15\n|\n|t:|1700196491\n|move|p1a: Weavile|Knock Off|p2a: Noivern\n|-damage|p2a: Noivern|0 fnt\n|-enditem|p2a: Noivern|Life Orb|[from] move: Knock Off|[of] p1a: Weavile\n|faint|p2a: Noivern\n|\n|upkeep\n|\n|t:|1700196497\n|switch|p2a: Corviknight|Corviknight, F|100\/100\n|-damage|p2a: Corviknight|88\/100|[from] Stealth Rock\n|turn|16\n|\n|t:|1700196513\n|move|p1a: Weavile|Knock Off|p2a: Corviknight\n|-damage|p2a: Corviknight|48\/100\n|-enditem|p2a: Corviknight|Mental Herb|[from] move: Knock Off|[of] p1a: Weavile\n|move|p2a: Corviknight|Iron Head|p1a: Weavile\n|-supereffective|p1a: Weavile\n|-enditem|p1a: Weavile|Focus Sash\n|-damage|p1a: Weavile|1\/100\n|\n|upkeep\n|turn|17\n|\n|t:|1700196522\n|move|p1a: Weavile|Triple Axel|p2a: Corviknight|[miss]\n|-miss|p1a: Weavile|p2a: Corviknight\n|move|p2a: Corviknight|Defog|p1a: Weavile\n|-unboost|p1a: Weavile|evasion|1\n|-sideend|p2: Bronzong|Spikes|[from] move: Defog|[of] p2a: Corviknight\n|-sideend|p2: Bronzong|Toxic Spikes|[from] move: Defog|[of] p2a: Corviknight\n|-sideend|p2: Bronzong|Stealth Rock|[from] move: Defog|[of] p2a: Corviknight\n|\n|upkeep\n|turn|18\n|\n|t:|1700196529\n|move|p1a: Weavile|Triple Axel|p2a: Corviknight\n|-damage|p2a: Corviknight|39\/100\n|-damage|p2a: Corviknight|22\/100\n|-damage|p2a: Corviknight|0 fnt\n|faint|p2a: Corviknight\n|-hitcount|p2: Corviknight|3\n|\n|upkeep\n|\n|t:|1700196543\n|switch|p2a: Arcanine|Arcanine-Hisui, M|100\/100\n|turn|19\n|\n|t:|1700196557\n|move|p2a: Arcanine|Head Smash|p1a: Weavile\n|-supereffective|p1a: Weavile\n|-damage|p1a: Weavile|0 fnt\n|faint|p1a: Weavile\n|\n|upkeep\n|\n|t:|1700196561\n|switch|p1a: Altaria|Altaria, F|100\/100\n|turn|20\n|\n|t:|1700196576\n|switch|p2a: Dachsbun|Dachsbun, M|100\/100\n|-terastallize|p1a: Altaria|Fairy\n|move|p1a: Altaria|Cotton Guard|p1a: Altaria\n|-boost|p1a: Altaria|def|3\n|\n|upkeep\n|turn|21\n|\n|t:|1700196584\n|-terastallize|p2a: Dachsbun|Steel\n|move|p2a: Dachsbun|Tera Blast|p1a: Altaria|[anim] Tera Blast Steel\n|-supereffective|p1a: Altaria\n|-damage|p1a: Altaria|80\/100\n|move|p1a: Altaria|Cotton Guard|p1a: Altaria\n|-boost|p1a: Altaria|def|3\n|\n|-heal|p1a: Altaria|86\/100|[from] item: Leftovers\n|upkeep\n|turn|22\n|\n|t:|1700196593\n|move|p2a: Dachsbun|Tera Blast|p1a: Altaria|[anim] Tera Blast Steel\n|-supereffective|p1a: Altaria\n|-damage|p1a: Altaria|75\/100\n|move|p1a: Altaria|Earthquake|p2a: Dachsbun\n|-supereffective|p2a: Dachsbun\n|-damage|p2a: Dachsbun|70\/100\n|\n|-heal|p1a: Altaria|81\/100|[from] item: Leftovers\n|upkeep\n|turn|23\n|\n|t:|1700196600\n|move|p2a: Dachsbun|Tera Blast|p1a: Altaria|[anim] Tera Blast Steel\n|-supereffective|p1a: Altaria\n|-crit|p1a: Altaria\n|-damage|p1a: Altaria|12\/100\n|move|p1a: Altaria|Earthquake|p2a: Dachsbun\n|-supereffective|p2a: Dachsbun\n|-damage|p2a: Dachsbun|40\/100\n|\n|-heal|p1a: Altaria|19\/100|[from] item: Leftovers\n|upkeep\n|turn|24\n|\n|t:|1700196613\n|move|p2a: Dachsbun|Tera Blast|p1a: Altaria|[anim] Tera Blast Steel\n|-supereffective|p1a: Altaria\n|-damage|p1a: Altaria|6\/100\n|move|p1a: Altaria|Roost|p1a: Altaria\n|-heal|p1a: Altaria|56\/100\n|\n|-heal|p1a: Altaria|62\/100|[from] item: Leftovers\n|upkeep\n|turn|25\n|\n|t:|1700196620\n|move|p2a: Dachsbun|Tera Blast|p1a: Altaria|[anim] Tera Blast Steel\n|-supereffective|p1a: Altaria\n|-damage|p1a: Altaria|50\/100\n|move|p1a: Altaria|Roost|p1a: Altaria\n|-heal|p1a: Altaria|99\/100\n|\n|-heal|p1a: Altaria|100\/100|[from] item: Leftovers\n|upkeep\n|turn|26\n|\n|t:|1700196626\n|move|p2a: Dachsbun|Tera Blast|p1a: Altaria|[anim] Tera Blast Steel\n|-supereffective|p1a: Altaria\n|-damage|p1a: Altaria|87\/100\n|move|p1a: Altaria|Earthquake|p2a: Dachsbun\n|-supereffective|p2a: Dachsbun\n|-damage|p2a: Dachsbun|7\/100\n|\n|-heal|p1a: Altaria|93\/100|[from] item: Leftovers\n|upkeep\n|turn|27\n|\n|t:|1700196633\n|move|p2a: Dachsbun|Tera Blast|p1a: Altaria|[anim] Tera Blast Steel\n|-supereffective|p1a: Altaria\n|-damage|p1a: Altaria|81\/100\n|move|p1a: Altaria|Earthquake|p2a: Dachsbun\n|-supereffective|p2a: Dachsbun\n|-damage|p2a: Dachsbun|0 fnt\n|faint|p2a: Dachsbun\n|\n|-heal|p1a: Altaria|87\/100|[from] item: Leftovers\n|upkeep\n|\n|t:|1700196641\n|switch|p2a: Spidops|Spidops, M|100\/100\n|turn|28\n|\n|t:|1700196645\n|move|p1a: Altaria|Tera Blast|p2a: Spidops|[anim] Tera Blast Fairy\n|-damage|p2a: Spidops|78\/100\n|move|p2a: Spidops|Circle Throw|p1a: Altaria\n|-resisted|p1a: Altaria\n|-damage|p1a: Altaria|83\/100\n|drag|p1a: Typhlosion|Typhlosion-Hisui, M|16\/100\n|-item|p2a: Spidops|Choice Band|[from] ability: Frisk|[of] p1a: Typhlosion|[identify]\n|\n|upkeep\n|turn|29\n|\n|t:|1700196661\n|switch|p2a: Arcanine|Arcanine-Hisui, M|100\/100\n|move|p1a: Typhlosion|Focus Blast|p2a: Arcanine\n|-supereffective|p2a: Arcanine\n|-damage|p2a: Arcanine|7\/100\n|\n|upkeep\n|turn|30\n|\n|t:|1700196730\n|move|p2a: Arcanine|Head Smash|p1a: Typhlosion\n|-supereffective|p1a: Typhlosion\n|-damage|p1a: Typhlosion|0 fnt\n|faint|p1a: Typhlosion\n|\n|upkeep\n|\n|t:|1700196733\n|switch|p1a: Altaria|Altaria, F, tera:Fairy|83\/100\n|turn|31\n|\n|t:|1700196770\n|move|p2a: Arcanine|Head Smash|p1a: Altaria\n|-damage|p1a: Altaria|11\/100\n|move|p1a: Altaria|Roost|p1a: Altaria\n|-heal|p1a: Altaria|61\/100\n|\n|-heal|p1a: Altaria|67\/100|[from] item: Leftovers\n|upkeep\n|turn|32\n|\n|t:|1700196780\n|move|p2a: Arcanine|Head Smash|p1a: Altaria\n|-damage|p1a: Altaria|0 fnt\n|faint|p1a: Altaria\n|\n|win|Bronzong\n|c|\u2606Bronzong|gg\n|c|\u2606Lylak-Plus|ggs\n","uploadtime":1700196789,"views":64,"p1id":"lylakplus","p2id":"bronzong","formatid":"gen9nationaldex","rating":0,"private":0,"password":""}