{"id":"gen9nationaldex-1987112808","p1":"KeV12","p2":"Nattikyu","format":"[Gen 9] National Dex","log":"|j|\u2606KeV12\n|j|\u2606Nattikyu\n|t:|1699557094\n|gametype|singles\n|player|p1|KeV12|1|\n|player|p2|Nattikyu|pokekid|\n|teamsize|p1|6\n|teamsize|p2|6\n|gen|9\n|tier|[Gen 9] National Dex\n|rule|HP Percentage Mod: HP is shown in percentages\n|rule|Endless Battle Clause: Forcing endless battles is banned\n|rule|OHKO Clause: OHKO moves are banned\n|rule|Evasion Clause: Evasion abilities, items, and moves are banned\n|rule|Evasion Abilities Clause: Evasion abilities are banned\n|rule|Evasion Items Clause: Evasion items are banned\n|rule|Evasion Moves Clause: Evasion moves are banned\n|rule|Species Clause: Limit one of each Pok\u00e9mon\n|rule|Sleep Clause Mod: Limit one foe put to sleep\n|clearpoke\n|poke|p1|Kleavor, M|\n|poke|p1|Araquanid, F|\n|poke|p1|Butterfree, F|\n|poke|p1|Scizor, M|\n|poke|p1|Volcarona, M|\n|poke|p1|Ribombee, F|\n|poke|p2|Volcarona, F|\n|poke|p2|Armaldo, F|\n|poke|p2|Kleavor, F|\n|poke|p2|Yanmega, F|\n|poke|p2|Buzzwole|\n|poke|p2|Escavalier, F|\n|teampreview\n|inactive|Battle timer is ON: inactive players will automatically lose when time's up. (requested by Nattikyu)\n|\n|t:|1699557101\n|start\n|switch|p1a: Kleavor|Kleavor, M|100\/100\n|switch|p2a: Makoto|Kleavor, F|100\/100\n|turn|1\n|\n|t:|1699557109\n|move|p1a: Kleavor|Stone Axe|p2a: Makoto\n|-supereffective|p2a: Makoto\n|-damage|p2a: Makoto|0 fnt\n|-sidestart|p2: Nattikyu|move: Stealth Rock\n|faint|p2a: Makoto\n|\n|upkeep\n|\n|t:|1699557113\n|switch|p2a: Suu|Armaldo, F|100\/100\n|-damage|p2a: Suu|76\/100|[from] Stealth Rock\n|turn|2\n|\n|t:|1699557127\n|move|p1a: Kleavor|Agility|p1a: Kleavor\n|-boost|p1a: Kleavor|spe|2\n|move|p2a: Suu|Rapid Spin|p1a: Kleavor\n|-resisted|p1a: Kleavor\n|-damage|p1a: Kleavor|89\/100\n|-boost|p2a: Suu|spe|1\n|-sideend|p2: Nattikyu|Stealth Rock|[from] move: Rapid Spin|[of] p2a: Suu\n|\n|-heal|p2a: Suu|82\/100|[from] item: Leftovers\n|upkeep\n|turn|3\n|\n|t:|1699557137\n|move|p1a: Kleavor|Stone Axe|p2a: Suu\n|-supereffective|p2a: Suu\n|-damage|p2a: Suu|0 fnt\n|-sidestart|p2: Nattikyu|move: Stealth Rock\n|faint|p2a: Suu\n|\n|upkeep\n|\n|t:|1699557144\n|switch|p2a: Mona|Buzzwole|100\/100\n|-damage|p2a: Mona|88\/100|[from] Stealth Rock\n|turn|4\n|\n|t:|1699557152\n|move|p1a: Kleavor|Acrobatics|p2a: Mona\n|-supereffective|p2a: Mona\n|-damage|p2a: Mona|31\/100\n|move|p2a: Mona|Rock Slide|p1a: Kleavor\n|-supereffective|p1a: Kleavor\n|-damage|p1a: Kleavor|17\/100\n|\n|upkeep\n|turn|5\n|\n|t:|1699557160\n|move|p1a: Kleavor|Acrobatics|p2a: Mona\n|-supereffective|p2a: Mona\n|-damage|p2a: Mona|0 fnt\n|faint|p2a: Mona\n|\n|upkeep\n|\n|t:|1699557166\n|switch|p2a: Kaede|Escavalier, F|100\/100\n|-damage|p2a: Kaede|88\/100|[from] Stealth Rock\n|turn|6\n|\n|t:|1699557176\n|move|p1a: Kleavor|Stone Axe|p2a: Kaede\n|-damage|p2a: Kaede|30\/100\n|move|p2a: Kaede|Razor Shell|p1a: Kleavor\n|-supereffective|p1a: Kleavor\n|-damage|p1a: Kleavor|0 fnt\n|faint|p1a: Kleavor\n|\n|upkeep\n|\n|t:|1699557187\n|switch|p1a: Volcarona|Volcarona, M|100\/100\n|turn|7\n|\n|t:|1699557191\n|move|p1a: Volcarona|Fiery Dance|p2a: Kaede\n|-supereffective|p2a: Kaede\n|-damage|p2a: Kaede|0 fnt\n|faint|p2a: Kaede\n|\n|upkeep\n|\n|t:|1699557203\n|switch|p2a: Vaney|Volcarona, F|100\/100\n|turn|8\n|\n|t:|1699557208\n|move|p2a: Vaney|Quiver Dance|p2a: Vaney\n|-boost|p2a: Vaney|spa|1\n|-boost|p2a: Vaney|spd|1\n|-boost|p2a: Vaney|spe|1\n|move|p1a: Volcarona|Fiery Dance|p2a: Vaney\n|-damage|p2a: Vaney|70\/100\n|\n|upkeep\n|turn|9\n|\n|t:|1699557218\n|move|p2a: Vaney|Air Slash|p1a: Volcarona\n|-supereffective|p1a: Volcarona\n|-damage|p1a: Volcarona|12\/100\n|move|p1a: Volcarona|Hurricane|p2a: Vaney|[miss]\n|-miss|p1a: Volcarona|p2a: Vaney\n|\n|upkeep\n|turn|10\n|\n|t:|1699557225\n|move|p2a: Vaney|Fiery Dance|p1a: Volcarona\n|-damage|p1a: Volcarona|0 fnt\n|faint|p1a: Volcarona\n|\n|upkeep\n|\n|t:|1699557231\n|switch|p1a: Araquanid|Araquanid, F|100\/100\n|turn|11\n|\n|t:|1699557241\n|move|p2a: Vaney|Air Slash|p1a: Araquanid\n|-supereffective|p1a: Araquanid\n|-crit|p1a: Araquanid\n|-damage|p1a: Araquanid|22\/100\n|move|p1a: Araquanid|Sticky Web|p2a: Vaney\n|-sidestart|p2: Nattikyu|move: Sticky Web\n|\n|-heal|p1a: Araquanid|28\/100|[from] item: Leftovers\n|upkeep\n|turn|12\n|\n|t:|1699557250\n|move|p2a: Vaney|Air Slash|p1a: Araquanid\n|-supereffective|p1a: Araquanid\n|-damage|p1a: Araquanid|0 fnt\n|faint|p1a: Araquanid\n|\n|upkeep\n|\n|t:|1699557263\n|switch|p1a: Butterfree|Butterfree, F|100\/100\n|turn|13\n|\n|t:|1699557267\n|move|p2a: Vaney|Air Slash|p1a: Butterfree\n|-supereffective|p1a: Butterfree\n|-enditem|p1a: Butterfree|Focus Sash\n|-damage|p1a: Butterfree|1\/100\n|cant|p1a: Butterfree|flinch\n|\n|upkeep\n|turn|14\n|\n|t:|1699557282\n|switch|p1a: Scizor|Scizor, M|100\/100\n|move|p2a: Vaney|Fiery Dance|p1a: Scizor\n|-supereffective|p1a: Scizor\n|-damage|p1a: Scizor|0 fnt\n|faint|p1a: Scizor\n|\n|upkeep\n|\n|t:|1699557290\n|switch|p1a: Ribombee|Ribombee, F|100\/100\n|turn|15\n|\n|t:|1699557294\n|move|p2a: Vaney|Fiery Dance|p1a: Ribombee\n|-supereffective|p1a: Ribombee\n|-damage|p1a: Ribombee|0 fnt\n|faint|p1a: Ribombee\n|\n|upkeep\n|\n|t:|1699557300\n|switch|p1a: Butterfree|Butterfree, F|1\/100\n|turn|16\n|\n|t:|1699557303\n|move|p2a: Vaney|Fiery Dance|p1a: Butterfree\n|-supereffective|p1a: Butterfree\n|-damage|p1a: Butterfree|0 fnt\n|-boost|p2a: Vaney|spa|1\n|faint|p1a: Butterfree\n|\n|win|Nattikyu\n|l|\u2606KeV12\n","uploadtime":1699557307,"views":8,"p1id":"kev12","p2id":"nattikyu","formatid":"gen9nationaldex","rating":0,"private":0,"password":""}