{"id":"gen9nationaldex-1998925426","p1":"Jeery112","p2":"eris52","format":"[Gen 9] National Dex","log":"|html|<div class=\"broadcast-blue\"><strong>[Gen 9] National Dex is currently suspecting Sneasler! For information on how to participate check out the <a href=\"https:\/\/www.smogon.com\/forums\/threads\/sv-national-dex-suspect-8-just-dance.3731534\/\">suspect thread<\/a>.<\/strong><\/div>\n|j|\u2606Jeery112\n|j|\u2606eris52\n|t:|1701013830\n|gametype|singles\n|player|p1|Jeery112|n|\n|player|p2|eris52|265|\n|teamsize|p1|6\n|teamsize|p2|6\n|gen|9\n|tier|[Gen 9] National Dex\n|rule|HP Percentage Mod: HP is shown in percentages\n|rule|Endless Battle Clause: Forcing endless battles is banned\n|rule|OHKO Clause: OHKO moves are banned\n|rule|Evasion Clause: Evasion abilities, items, and moves are banned\n|rule|Evasion Abilities Clause: Evasion abilities are banned\n|rule|Evasion Items Clause: Evasion items are banned\n|rule|Evasion Moves Clause: Evasion moves are banned\n|rule|Species Clause: Limit one of each Pok\u00e9mon\n|rule|Sleep Clause Mod: Limit one foe put to sleep\n|clearpoke\n|poke|p1|Hydreigon, M|\n|poke|p1|Samurott-Hisui, M|\n|poke|p1|Weavile, M|\n|poke|p1|Tyranitar, M|\n|poke|p1|Krookodile, F|\n|poke|p1|Sableye, M|\n|poke|p2|Scovillain, M|\n|poke|p2|Torkoal, M|\n|poke|p2|Great Tusk|\n|poke|p2|Houndoom, M|\n|poke|p2|Tapu Lele|\n|poke|p2|Rotom-Wash|\n|teampreview\n|c|\u2606Jeery112|Gl hf :>\n|\n|t:|1701013839\n|start\n|switch|p1a: Sableye|Sableye, M|100\/100\n|switch|p2a: Great Tusk|Great Tusk|100\/100\n|turn|1\n|c|\u2606eris52|You too\n|\n|t:|1701013850\n|-end|p2a: Great Tusk|Protosynthesis|[silent]\n|switch|p2a: Torkoal|Torkoal, M|100\/100\n|-weather|SunnyDay|[from] ability: Drought|[of] p2a: Torkoal\n|detailschange|p1a: Sableye|Sableye-Mega, M\n|-mega|p1a: Sableye|Sableye|Sablenite\n|move|p1a: Sableye|Will-O-Wisp|p2a: Torkoal\n|-immune|p2a: Torkoal\n|\n|-weather|SunnyDay|[upkeep]\n|upkeep\n|turn|2\n|\n|t:|1701013855\n|move|p2a: Torkoal|Lava Plume|p1a: Sableye\n|-damage|p1a: Sableye|72\/100\n|move|p1a: Sableye|Knock Off|p2a: Torkoal\n|-crit|p2a: Torkoal\n|-damage|p2a: Torkoal|76\/100\n|-enditem|p2a: Torkoal|Heat Rock|[from] move: Knock Off|[of] p1a: Sableye\n|\n|-weather|SunnyDay|[upkeep]\n|upkeep\n|turn|3\n|\n|t:|1701013858\n|switch|p2a: Scovillain|Scovillain, M|100\/100\n|move|p1a: Sableye|Knock Off|p2a: Scovillain\n|-damage|p2a: Scovillain|39\/100\n|-enditem|p2a: Scovillain|Life Orb|[from] move: Knock Off|[of] p1a: Sableye\n|\n|-weather|SunnyDay|[upkeep]\n|upkeep\n|turn|4\n|\n|t:|1701013866\n|move|p2a: Scovillain|Fire Blast|p1a: Sableye\n|-crit|p1a: Sableye\n|-damage|p1a: Sableye|0 fnt\n|faint|p1a: Sableye\n|\n|-weather|SunnyDay|[upkeep]\n|upkeep\n|\n|t:|1701013869\n|switch|p1a: Tyranitar|Tyranitar, M|100\/100\n|-weather|Sandstorm|[from] ability: Sand Stream|[of] p1a: Tyranitar\n|turn|5\n|\n|t:|1701013874\n|switch|p2a: Great Tusk|Great Tusk|100\/100\n|move|p1a: Tyranitar|Stone Edge|p2a: Great Tusk\n|-resisted|p2a: Great Tusk\n|-damage|p2a: Great Tusk|86\/100\n|\n|-weather|Sandstorm|[upkeep]\n|upkeep\n|turn|6\n|\n|t:|1701013879\n|switch|p1a: Samurott|Samurott-Hisui, M|100\/100\n|move|p2a: Great Tusk|Close Combat|p1a: Samurott\n|-supereffective|p1a: Samurott\n|-damage|p1a: Samurott|0 fnt\n|-unboost|p2a: Great Tusk|def|1\n|-unboost|p2a: Great Tusk|spd|1\n|faint|p1a: Samurott\n|\n|-weather|Sandstorm|[upkeep]\n|upkeep\n|\n|t:|1701013881\n|switch|p1a: Weavile|Weavile, M|100\/100\n|-ability|p1a: Weavile|Pressure\n|turn|7\n|\n|t:|1701013887\n|-end|p2a: Great Tusk|Protosynthesis|[silent]\n|switch|p2a: Torkoal|Torkoal, M|76\/100\n|-weather|SunnyDay|[from] ability: Drought|[of] p2a: Torkoal\n|move|p1a: Weavile|Fake Out|p2a: Torkoal\n|-damage|p2a: Torkoal|68\/100\n|\n|-weather|SunnyDay|[upkeep]\n|upkeep\n|turn|8\n|\n|t:|1701013895\n|switch|p1a: Tyranitar|Tyranitar, M|100\/100\n|-weather|Sandstorm|[from] ability: Sand Stream|[of] p1a: Tyranitar\n|move|p2a: Torkoal|Body Press|p1a: Tyranitar\n|-supereffective|p1a: Tyranitar\n|-damage|p1a: Tyranitar|0 fnt\n|faint|p1a: Tyranitar\n|\n|-weather|Sandstorm|[upkeep]\n|-damage|p2a: Torkoal|62\/100|[from] Sandstorm\n|upkeep\n|\n|t:|1701013900\n|switch|p1a: Krookodile|Krookodile, F, shiny|100\/100\n|turn|9\n|\n|t:|1701013906\n|switch|p2a: Great Tusk|Great Tusk|86\/100\n|move|p1a: Krookodile|Earthquake|p2a: Great Tusk\n|-damage|p2a: Great Tusk|49\/100\n|\n|-weather|Sandstorm|[upkeep]\n|upkeep\n|turn|10\n|\n|t:|1701013912\n|switch|p1a: Hydreigon|Hydreigon, M|100\/100\n|move|p2a: Great Tusk|Close Combat|p1a: Hydreigon\n|-supereffective|p1a: Hydreigon\n|-damage|p1a: Hydreigon|0 fnt\n|-unboost|p2a: Great Tusk|def|1\n|-unboost|p2a: Great Tusk|spd|1\n|faint|p1a: Hydreigon\n|\n|-weather|Sandstorm|[upkeep]\n|upkeep\n|\n|t:|1701013917\n|switch|p1a: Krookodile|Krookodile, F, shiny|100\/100\n|turn|11\n|\n|t:|1701013919\n|-end|p2a: Great Tusk|Protosynthesis|[silent]\n|switch|p2a: Rotom|Rotom-Wash|100\/100\n|move|p1a: Krookodile|Earthquake|p2a: Rotom\n|-immune|p2a: Rotom|[from] ability: Levitate\n|\n|-weather|Sandstorm|[upkeep]\n|-damage|p2a: Rotom|95\/100|[from] Sandstorm\n|-heal|p2a: Rotom|100\/100|[from] item: Leftovers\n|upkeep\n|turn|12\n|\n|t:|1701013922\n|switch|p1a: Weavile|Weavile, M|100\/100\n|-ability|p1a: Weavile|Pressure\n|move|p2a: Rotom|Hydro Pump|p1a: Weavile\n|-damage|p1a: Weavile|45\/100\n|\n|-weather|none\n|upkeep\n|turn|13\n|\n|t:|1701013924\n|move|p1a: Weavile|Fake Out|p2a: Rotom\n|-damage|p2a: Rotom|87\/100\n|cant|p2a: Rotom|flinch\n|\n|-heal|p2a: Rotom|93\/100|[from] item: Leftovers\n|upkeep\n|turn|14\n|\n|t:|1701013929\n|move|p1a: Weavile|Knock Off|p2a: Rotom\n|-damage|p2a: Rotom|47\/100\n|-enditem|p2a: Rotom|Leftovers|[from] move: Knock Off|[of] p1a: Weavile\n|move|p2a: Rotom|Hydro Pump|p1a: Weavile\n|-damage|p1a: Weavile|0 fnt\n|faint|p1a: Weavile\n|\n|upkeep\n|\n|t:|1701013930\n|switch|p1a: Krookodile|Krookodile, F, shiny|100\/100\n|turn|15\n|\n|t:|1701013932\n|move|p1a: Krookodile|Knock Off|p2a: Rotom\n|-damage|p2a: Rotom|13\/100\n|move|p2a: Rotom|Hydro Pump|p1a: Krookodile\n|-supereffective|p1a: Krookodile\n|-damage|p1a: Krookodile|0 fnt\n|faint|p1a: Krookodile\n|\n|win|eris52\n|l|\u2606eris52\n|l|\u2606Jeery112\n|j|\u2606Jeery112\n|player|p1|Jeery112|n\n","uploadtime":1701013959,"views":3,"p1id":"jeery112","p2id":"eris52","formatid":"gen9nationaldex","rating":0,"private":0,"password":""}