{"id":"gen9nationaldex-1987109289","p1":"Batman135","p2":"newshowdown","format":"[Gen 9] National Dex","log":"|j|\u2606Batman135\n|j|\u2606newshowdown\n|t:|1699556808\n|gametype|singles\n|player|p1|Batman135|169|1256\n|player|p2|newshowdown|youngster-gen4dp|1345\n|teamsize|p1|6\n|teamsize|p2|6\n|gen|9\n|tier|[Gen 9] National Dex\n|rated|\n|rule|HP Percentage Mod: HP is shown in percentages\n|rule|Endless Battle Clause: Forcing endless battles is banned\n|rule|OHKO Clause: OHKO moves are banned\n|rule|Evasion Clause: Evasion abilities, items, and moves are banned\n|rule|Evasion Abilities Clause: Evasion abilities are banned\n|rule|Evasion Items Clause: Evasion items are banned\n|rule|Evasion Moves Clause: Evasion moves are banned\n|rule|Species Clause: Limit one of each Pok\u00e9mon\n|rule|Sleep Clause Mod: Limit one foe put to sleep\n|clearpoke\n|poke|p1|Ninetales, F|\n|poke|p1|Houndoom, M|\n|poke|p1|Zamazenta-*|\n|poke|p1|Arcanine-Hisui, F|\n|poke|p1|Okidogi, M|\n|poke|p1|Zoroark-Hisui, F|\n|poke|p2|Pyukumuku, F|\n|poke|p2|Kommo-o, F|\n|poke|p2|Mandibuzz, F|\n|poke|p2|Togedemaru, L1, F|\n|poke|p2|Kingdra, M|\n|poke|p2|Darmanitan, F|\n|teampreview\n|\n|t:|1699556814\n|start\n|switch|p1a: Ninetales|Ninetales, F|100\/100\n|switch|p2a: sniping|Kingdra, M|100\/100\n|-weather|SunnyDay|[from] ability: Drought|[of] p1a: Ninetales\n|turn|1\n|\n|t:|1699556823\n|move|p1a: Ninetales|Nasty Plot|p1a: Ninetales\n|-boost|p1a: Ninetales|spa|2\n|move|p2a: sniping|Agility|p2a: sniping\n|-boost|p2a: sniping|spe|2\n|\n|-weather|SunnyDay|[upkeep]\n|upkeep\n|turn|2\n|\n|t:|1699556831\n|move|p2a: sniping|Focus Energy|p2a: sniping\n|-start|p2a: sniping|move: Focus Energy\n|move|p1a: Ninetales|Encore|p2a: sniping\n|-start|p2a: sniping|Encore\n|\n|-weather|SunnyDay|[upkeep]\n|upkeep\n|turn|3\n|\n|t:|1699556852\n|move|p2a: sniping|Focus Energy||[still]\n|-fail|p2a: sniping\n|move|p1a: Ninetales|Solar Beam||[still]\n|-prepare|p1a: Ninetales|Solar Beam\n|-anim|p1a: Ninetales|Solar Beam|p2a: sniping\n|-damage|p2a: sniping|48\/100\n|\n|-weather|SunnyDay|[upkeep]\n|upkeep\n|turn|4\n|\n|t:|1699556865\n|switch|p2a: monkey angry|Darmanitan, F|100\/100\n|move|p1a: Ninetales|Solar Beam||[still]\n|-prepare|p1a: Ninetales|Solar Beam\n|-anim|p1a: Ninetales|Solar Beam|p2a: monkey angry\n|-resisted|p2a: monkey angry\n|-damage|p2a: monkey angry|62\/100\n|\n|-weather|SunnyDay|[upkeep]\n|upkeep\n|turn|5\n|\n|t:|1699556884\n|switch|p1a: Zamazenta|Zamazenta|100\/100\n|-ability|p1a: Zamazenta|Dauntless Shield|boost\n|-boost|p1a: Zamazenta|def|1\n|move|p2a: monkey angry|Earthquake|p1a: Zamazenta\n|-damage|p1a: Zamazenta|80\/100\n|\n|-weather|SunnyDay|[upkeep]\n|-heal|p1a: Zamazenta|87\/100|[from] item: Leftovers\n|upkeep\n|turn|6\n|\n|t:|1699556898\n|switch|p2a: bones|Mandibuzz, F|100\/100\n|move|p1a: Zamazenta|Body Press|p2a: bones\n|-damage|p2a: bones|67\/100\n|\n|-weather|SunnyDay|[upkeep]\n|-heal|p1a: Zamazenta|93\/100|[from] item: Leftovers\n|upkeep\n|turn|7\n|\n|t:|1699556907\n|move|p1a: Zamazenta|Iron Defense|p1a: Zamazenta\n|-boost|p1a: Zamazenta|def|2\n|move|p2a: bones|Roost|p2a: bones\n|-heal|p2a: bones|100\/100\n|-singleturn|p2a: bones|move: Roost\n|\n|-weather|SunnyDay|[upkeep]\n|-heal|p1a: Zamazenta|99\/100|[from] item: Leftovers\n|upkeep\n|turn|8\n|\n|t:|1699556916\n|move|p1a: Zamazenta|Body Press|p2a: bones\n|-damage|p2a: bones|48\/100\n|move|p2a: bones|Knock Off|p1a: Zamazenta\n|-resisted|p1a: Zamazenta\n|-damage|p1a: Zamazenta|95\/100\n|-enditem|p1a: Zamazenta|Leftovers|[from] move: Knock Off|[of] p2a: bones\n|\n|-weather|none\n|upkeep\n|turn|9\n|\n|t:|1699556926\n|move|p1a: Zamazenta|Body Press|p2a: bones\n|-damage|p2a: bones|0 fnt\n|faint|p2a: bones\n|\n|upkeep\n|\n|t:|1699556928\n|switch|p2a: gen 7 pikachu|Togedemaru, L1, F|100\/100\n|turn|10\n|\n|t:|1699556933\n|move|p1a: Zamazenta|Body Press|p2a: gen 7 pikachu\n|-supereffective|p2a: gen 7 pikachu\n|-ability|p2a: gen 7 pikachu|Sturdy\n|-damage|p2a: gen 7 pikachu|8\/100\n|move|p2a: gen 7 pikachu|Endeavor|p1a: Zamazenta\n|-damage|p1a: Zamazenta|1\/100\n|-heal|p2a: gen 7 pikachu|100\/100|[from] item: Shell Bell|[of] p1a: Zamazenta\n|\n|upkeep\n|turn|11\n|\n|t:|1699556947\n|move|p2a: gen 7 pikachu|Spiky Shield|p2a: gen 7 pikachu\n|-singleturn|p2a: gen 7 pikachu|move: Protect\n|move|p1a: Zamazenta|Body Press|p2a: gen 7 pikachu\n|-activate|p2a: gen 7 pikachu|move: Protect\n|-damage|p1a: Zamazenta|0 fnt|[from] Spiky Shield|[of] p2a: gen 7 pikachu\n|faint|p1a: Zamazenta\n|\n|upkeep\n|c|\u2606newshowdown|HEHEHEHAW\n|\n|t:|1699556958\n|switch|p1a: Ninetales|Ninetales, F|100\/100\n|-weather|SunnyDay|[from] ability: Drought|[of] p1a: Ninetales\n|turn|12\n|\n|t:|1699556975\n|switch|p2a: monkey angry|Darmanitan, F|62\/100\n|move|p1a: Ninetales|Flamethrower|p2a: monkey angry\n|-resisted|p2a: monkey angry\n|-damage|p2a: monkey angry|31\/100\n|\n|-weather|SunnyDay|[upkeep]\n|upkeep\n|turn|13\n|\n|t:|1699556994\n|move|p2a: monkey angry|Earthquake|p1a: Ninetales\n|-supereffective|p1a: Ninetales\n|-damage|p1a: Ninetales|7\/100\n|move|p1a: Ninetales|Flamethrower|p2a: monkey angry\n|-resisted|p2a: monkey angry\n|-damage|p2a: monkey angry|1\/100\n|\n|-weather|SunnyDay|[upkeep]\n|upkeep\n|turn|14\n|\n|t:|1699557002\n|move|p2a: monkey angry|Earthquake|p1a: Ninetales\n|-supereffective|p1a: Ninetales\n|-damage|p1a: Ninetales|0 fnt\n|faint|p1a: Ninetales\n|\n|-weather|SunnyDay|[upkeep]\n|upkeep\n|c|\u2606newshowdown|ok lol\n|\n|t:|1699557009\n|switch|p1a: Houndoom|Houndoom, M|100\/100\n|turn|15\n|\n|t:|1699557013\n|detailschange|p1a: Houndoom|Houndoom-Mega, M\n|-mega|p1a: Houndoom|Houndoom|Houndoominite\n|move|p1a: Houndoom|Sucker Punch|p2a: monkey angry\n|-damage|p2a: monkey angry|0 fnt\n|faint|p2a: monkey angry\n|\n|-weather|SunnyDay|[upkeep]\n|-damage|p1a: Houndoom|88\/100|[from] ability: Solar Power|[of] p1a: Houndoom\n|upkeep\n|\n|t:|1699557020\n|switch|p2a: gen 7 pikachu|Togedemaru, L1, F|100\/100\n|turn|16\n|\n|t:|1699557024\n|move|p1a: Houndoom|Flamethrower|p2a: gen 7 pikachu\n|-supereffective|p2a: gen 7 pikachu\n|-ability|p2a: gen 7 pikachu|Sturdy\n|-damage|p2a: gen 7 pikachu|8\/100\n|move|p2a: gen 7 pikachu|Endeavor|p1a: Houndoom\n|-damage|p1a: Houndoom|1\/100\n|-heal|p2a: gen 7 pikachu|100\/100|[from] item: Shell Bell|[of] p1a: Houndoom\n|\n|-weather|SunnyDay|[upkeep]\n|-damage|p1a: Houndoom|0 fnt|[from] ability: Solar Power|[of] p1a: Houndoom\n|faint|p1a: Houndoom\n|upkeep\n|c|\u2606newshowdown|HEHEHEHAW\n|\n|t:|1699557039\n|switch|p1a: Arcanine|Arcanine-Hisui, F|100\/100\n|turn|17\n|\n|t:|1699557044\n|switch|p1a: Okidogi|Okidogi, M|100\/100\n|move|p2a: gen 7 pikachu|Endeavor|p1a: Okidogi\n|-damage|p1a: Okidogi|4\/100\n|\n|-weather|SunnyDay|[upkeep]\n|upkeep\n|turn|18\n|\n|t:|1699557053\n|move|p2a: gen 7 pikachu|Spiky Shield|p2a: gen 7 pikachu\n|-singleturn|p2a: gen 7 pikachu|move: Protect\n|move|p1a: Okidogi|Bulk Up|p1a: Okidogi\n|-boost|p1a: Okidogi|atk|1\n|-boost|p1a: Okidogi|def|1\n|\n|-weather|SunnyDay|[upkeep]\n|upkeep\n|turn|19\n|\n|t:|1699557066\n|move|p1a: Okidogi|Drain Punch|p2a: gen 7 pikachu\n|-supereffective|p2a: gen 7 pikachu\n|-ability|p2a: gen 7 pikachu|Sturdy\n|-damage|p2a: gen 7 pikachu|8\/100\n|-heal|p1a: Okidogi|5\/100|[from] drain|[of] p2a: gen 7 pikachu\n|move|p2a: gen 7 pikachu|Endeavor|p1a: Okidogi\n|-damage|p1a: Okidogi|1\/100\n|-heal|p2a: gen 7 pikachu|24\/100|[from] item: Shell Bell|[of] p1a: Okidogi\n|\n|-weather|none\n|upkeep\n|turn|20\n|\n|t:|1699557080\n|move|p2a: gen 7 pikachu|Spiky Shield|p2a: gen 7 pikachu\n|-singleturn|p2a: gen 7 pikachu|move: Protect\n|-zpower|p1a: Okidogi\n|move|p1a: Okidogi|Acid Downpour|p2a: gen 7 pikachu|[zeffect]\n|-immune|p2a: gen 7 pikachu\n|\n|upkeep\n|turn|21\n|\n|t:|1699557096\n|move|p1a: Okidogi|Drain Punch|p2a: gen 7 pikachu\n|-supereffective|p2a: gen 7 pikachu\n|-damage|p2a: gen 7 pikachu|0 fnt\n|-heal|p1a: Okidogi|1\/100|[from] drain|[of] p2a: gen 7 pikachu\n|faint|p2a: gen 7 pikachu\n|\n|upkeep\n|\n|t:|1699557112\n|switch|p2a: best of the best|Pyukumuku, F|100\/100\n|turn|22\n|\n|t:|1699557116\n|move|p1a: Okidogi|Poison Jab|p2a: best of the best\n|-damage|p2a: best of the best|72\/100\n|move|p2a: best of the best|Counter|p1a: Okidogi\n|-damage|p1a: Okidogi|0 fnt\n|faint|p1a: Okidogi\n|\n|-heal|p2a: best of the best|78\/100|[from] item: Leftovers\n|upkeep\n|\n|t:|1699557126\n|switch|p1a: Arcanine|Arcanine-Hisui, F|100\/100\n|turn|23\n|\n|t:|1699557129\n|move|p1a: Arcanine|Trick|p2a: best of the best\n|-activate|p1a: Arcanine|move: Trick|[of] p2a: best of the best\n|-item|p2a: best of the best|Choice Specs|[from] move: Trick\n|-item|p1a: Arcanine|Leftovers|[from] move: Trick\n|move|p2a: best of the best|Mirror Coat||[still]\n|-fail|p2a: best of the best\n|\n|upkeep\n|turn|24\n|\n|t:|1699557136\n|switch|p1a: Arcanine|Arcanine-Hisui, F|100\/100\n|move|p2a: best of the best|Mirror Coat||[still]\n|-fail|p2a: best of the best\n|\n|upkeep\n|turn|25\n|\n|t:|1699557144\n|switch|p2a: bong|Kommo-o, F|100\/100\n|move|p1a: Arcanine|Head Smash|p2a: bong|[miss]\n|-miss|p1a: Arcanine|p2a: bong\n|\n|upkeep\n|turn|26\n|\n|t:|1699557151\n|move|p1a: Arcanine|Head Smash|p2a: bong\n|-resisted|p2a: bong\n|-damage|p2a: bong|63\/100\n|-zpower|p2a: bong\n|move|p2a: bong|Clangorous Soulblaze|p1a: Arcanine|[zeffect]\n|-damage|p1a: Arcanine|0 fnt\n|faint|p1a: Arcanine\n|-boost|p2a: bong|atk|1\n|-boost|p2a: bong|def|1\n|-boost|p2a: bong|spa|1\n|-boost|p2a: bong|spd|1\n|-boost|p2a: bong|spe|1\n|\n|upkeep\n|-message|Batman135 forfeited.\n|\n|win|newshowdown\n|raw|Batman135's rating: 1256 &rarr; <strong>1237<\/strong><br \/>(-19 for losing)\n|raw|newshowdown's rating: 1345 &rarr; <strong>1360<\/strong><br \/>(+15 for winning)\n|l|\u2606Batman135\n","uploadtime":1699557214,"views":6,"p1id":"batman135","p2id":"newshowdown","formatid":"gen9nationaldex","rating":1237,"private":0,"password":""}