{"id":"gen9nationaldex-1994779314","p1":"Jellyfixhs","p2":"runeatest","format":"[Gen 9] National Dex","log":"|html|<div class=\"broadcast-blue\"><strong>[Gen 9] National Dex is currently suspecting Sneasler! For information on how to participate check out the <a href=\"https:\/\/www.smogon.com\/forums\/threads\/sv-national-dex-suspect-8-just-dance.3731534\/\">suspect thread<\/a>.<\/strong><\/div>\n|j|\u2606Jellyfixhs\n|j|\u2606runeatest\n|t:|1700491949\n|gametype|singles\n|player|p1|Jellyfixhs|backpacker|1127\n|player|p2|runeatest|fisherman-gen4|1245\n|teamsize|p1|6\n|teamsize|p2|6\n|gen|9\n|tier|[Gen 9] National Dex\n|rated|\n|rule|HP Percentage Mod: HP is shown in percentages\n|rule|Endless Battle Clause: Forcing endless battles is banned\n|rule|OHKO Clause: OHKO moves are banned\n|rule|Evasion Clause: Evasion abilities, items, and moves are banned\n|rule|Evasion Abilities Clause: Evasion abilities are banned\n|rule|Evasion Items Clause: Evasion items are banned\n|rule|Evasion Moves Clause: Evasion moves are banned\n|rule|Species Clause: Limit one of each Pok\u00e9mon\n|rule|Sleep Clause Mod: Limit one foe put to sleep\n|clearpoke\n|poke|p1|Tyranitar, M|\n|poke|p1|Victini|\n|poke|p1|Abomasnow, M|\n|poke|p1|Dracozolt|\n|poke|p1|Deoxys-Defense|\n|poke|p1|Walrein, F|\n|poke|p2|Vaporeon, M|\n|poke|p2|Salamence, M|\n|poke|p2|Hitmontop, M|\n|poke|p2|Electivire, M|\n|poke|p2|Togekiss, M|\n|poke|p2|Houndoom, M|\n|teampreview\n|inactive|Battle timer is ON: inactive players will automatically lose when time's up. (requested by runeatest)\n|\n|t:|1700491965\n|start\n|switch|p1a: Let it sand|Tyranitar, M|100\/100\n|switch|p2a: Salamence|Salamence, M|100\/100\n|-ability|p2a: Salamence|Intimidate|boost\n|-unboost|p1a: Let it sand|atk|1\n|-weather|Sandstorm|[from] ability: Sand Stream|[of] p1a: Let it sand\n|turn|1\n|\n|t:|1700491976\n|switch|p2a: Hitmontop|Hitmontop, M|100\/100\n|move|p1a: Let it sand|Stealth Rock|p2a: Hitmontop\n|-sidestart|p2: runeatest|move: Stealth Rock\n|\n|-weather|Sandstorm|[upkeep]\n|-damage|p2a: Hitmontop|94\/100|[from] Sandstorm\n|upkeep\n|turn|2\n|\n|t:|1700491984\n|move|p2a: Hitmontop|Rapid Spin|p1a: Let it sand\n|-resisted|p1a: Let it sand\n|-damage|p1a: Let it sand|91\/100\n|-boost|p2a: Hitmontop|spe|1\n|-sideend|p2: runeatest|Stealth Rock|[from] move: Rapid Spin|[of] p2a: Hitmontop\n|move|p1a: Let it sand|Stone Edge|p2a: Hitmontop\n|-resisted|p2a: Hitmontop\n|-damage|p2a: Hitmontop|68\/100\n|\n|-weather|Sandstorm|[upkeep]\n|-damage|p2a: Hitmontop|62\/100|[from] Sandstorm\n|upkeep\n|turn|3\n|\n|t:|1700491998\n|move|p2a: Hitmontop|High Jump Kick|p1a: Let it sand\n|-supereffective|p1a: Let it sand\n|-damage|p1a: Let it sand|0 fnt\n|faint|p1a: Let it sand\n|\n|-weather|Sandstorm|[upkeep]\n|-damage|p2a: Hitmontop|56\/100|[from] Sandstorm\n|upkeep\n|\n|t:|1700492006\n|switch|p1a: Sweepzolt|Dracozolt, shiny|100\/100\n|turn|4\n|\n|t:|1700492011\n|-terastallize|p1a: Sweepzolt|Electric\n|move|p1a: Sweepzolt|Bolt Beak|p2a: Hitmontop\n|-damage|p2a: Hitmontop|0 fnt\n|faint|p2a: Hitmontop\n|\n|-weather|Sandstorm|[upkeep]\n|upkeep\n|\n|t:|1700492028\n|switch|p2a: Vaporeon|Vaporeon, M|100\/100\n|turn|5\n|c|\u2606Jellyfixhs|Electavire the only one that can take 1\n|\n|t:|1700492036\n|switch|p2a: Electivire|Electivire, M, shiny|100\/100\n|-item|p2a: Electivire|Air Balloon\n|move|p1a: Sweepzolt|Bolt Beak|p2a: Electivire\n|-ability|p2a: Electivire|Motor Drive|boost\n|-boost|p2a: Electivire|spe|1\n|\n|-weather|Sandstorm|[upkeep]\n|-damage|p2a: Electivire|94\/100|[from] Sandstorm\n|upkeep\n|turn|6\n|c|\u2606Jellyfixhs|Oh it makes him immune\n|\n|t:|1700492062\n|switch|p1a: Unkillable?|Deoxys-Defense|100\/100\n|-ability|p1a: Unkillable?|Pressure\n|move|p2a: Electivire|Earthquake|p1a: Unkillable?\n|-damage|p1a: Unkillable?|73\/100\n|\n|-weather|Sandstorm|[upkeep]\n|-damage|p2a: Electivire|88\/100|[from] Sandstorm\n|-damage|p1a: Unkillable?|67\/100|[from] Sandstorm\n|-heal|p1a: Unkillable?|73\/100|[from] item: Leftovers\n|upkeep\n|turn|7\n|\n|t:|1700492074\n|switch|p2a: Houndoom|Houndoom, M|100\/100\n|move|p1a: Unkillable?|Cosmic Power|p1a: Unkillable?\n|-boost|p1a: Unkillable?|def|1\n|-boost|p1a: Unkillable?|spd|1\n|\n|-weather|Sandstorm|[upkeep]\n|-damage|p2a: Houndoom|94\/100|[from] Sandstorm\n|-damage|p1a: Unkillable?|67\/100|[from] Sandstorm\n|-heal|p1a: Unkillable?|73\/100|[from] item: Leftovers\n|upkeep\n|turn|8\n|\n|t:|1700492089\n|move|p2a: Houndoom|Nasty Plot|p2a: Houndoom\n|-boost|p2a: Houndoom|spa|2\n|move|p1a: Unkillable?|Cosmic Power|p1a: Unkillable?\n|-boost|p1a: Unkillable?|def|1\n|-boost|p1a: Unkillable?|spd|1\n|\n|-weather|none\n|-heal|p1a: Unkillable?|80\/100|[from] item: Leftovers\n|upkeep\n|turn|9\n|\n|t:|1700492099\n|move|p2a: Houndoom|Nasty Plot|p2a: Houndoom\n|-boost|p2a: Houndoom|spa|2\n|move|p1a: Unkillable?|Cosmic Power|p1a: Unkillable?\n|-boost|p1a: Unkillable?|def|1\n|-boost|p1a: Unkillable?|spd|1\n|\n|-heal|p1a: Unkillable?|86\/100|[from] item: Leftovers\n|upkeep\n|turn|10\n|\n|t:|1700492109\n|move|p2a: Houndoom|Nasty Plot|p2a: Houndoom\n|-boost|p2a: Houndoom|spa|2\n|move|p1a: Unkillable?|Cosmic Power|p1a: Unkillable?\n|-boost|p1a: Unkillable?|def|1\n|-boost|p1a: Unkillable?|spd|1\n|\n|-heal|p1a: Unkillable?|92\/100|[from] item: Leftovers\n|upkeep\n|turn|11\n|\n|t:|1700492118\n|move|p2a: Houndoom|Dark Pulse|p1a: Unkillable?\n|-supereffective|p1a: Unkillable?\n|-damage|p1a: Unkillable?|19\/100\n|move|p1a: Unkillable?|Nasty Plot|p1a: Unkillable?\n|-boost|p1a: Unkillable?|spa|2\n|\n|-heal|p1a: Unkillable?|26\/100|[from] item: Leftovers\n|upkeep\n|turn|12\n|\n|t:|1700492131\n|move|p2a: Houndoom|Dark Pulse|p1a: Unkillable?\n|-supereffective|p1a: Unkillable?\n|-crit|p1a: Unkillable?\n|-damage|p1a: Unkillable?|0 fnt\n|faint|p1a: Unkillable?\n|\n|upkeep\n|c|\u2606Jellyfixhs|Bruhhhh\n|c|\u2606Jellyfixhs|I wasted my terra I forgot\n|inactive|Jellyfixhs has 120 seconds left.\n|\n|t:|1700492152\n|switch|p1a: Abomasnow|Abomasnow, M|100\/100\n|-weather|Snow|[from] ability: Snow Warning|[of] p1a: Abomasnow\n|turn|13\n|\n|t:|1700492159\n|detailschange|p1a: Abomasnow|Abomasnow-Mega, M\n|-mega|p1a: Abomasnow|Abomasnow|Abomasite\n|move|p2a: Houndoom|Flamethrower|p1a: Abomasnow\n|-supereffective|p1a: Abomasnow\n|-damage|p1a: Abomasnow|0 fnt\n|faint|p1a: Abomasnow\n|\n|-weather|Snow|[upkeep]\n|upkeep\n|inactive|Jellyfixhs has 120 seconds left.\n|\n|t:|1700492173\n|switch|p1a: Chonk|Walrein, F|100\/100\n|turn|14\n|inactive|Jellyfixhs has 120 seconds left.\n|\n|t:|1700492185\n|move|p2a: Houndoom|Dark Pulse|p1a: Chonk\n|-damage|p1a: Chonk|0 fnt\n|faint|p1a: Chonk\n|\n|-weather|Snow|[upkeep]\n|upkeep\n|inactive|Jellyfixhs has 120 seconds left.\n|\n|t:|1700492191\n|switch|p1a: Vroom|Victini|100\/100\n|turn|15\n|\n|t:|1700492195\n|move|p2a: Houndoom|Dark Pulse|p1a: Vroom\n|-supereffective|p1a: Vroom\n|-damage|p1a: Vroom|0 fnt\n|faint|p1a: Vroom\n|\n|-weather|Snow|[upkeep]\n|upkeep\n|\n|t:|1700492202\n|switch|p1a: Sweepzolt|Dracozolt, shiny, tera:Electric|100\/100\n|turn|16\n|\n|t:|1700492209\n|move|p1a: Sweepzolt|Earthquake|p2a: Houndoom\n|-supereffective|p2a: Houndoom\n|-damage|p2a: Houndoom|0 fnt\n|faint|p2a: Houndoom\n|\n|-weather|Snow|[upkeep]\n|upkeep\n|\n|t:|1700492214\n|switch|p2a: Electivire|Electivire, M, shiny|88\/100\n|-item|p2a: Electivire|Air Balloon\n|turn|17\n|\n|t:|1700492219\n|-terastallize|p2a: Electivire|Ground\n|move|p1a: Sweepzolt|Earthquake|p2a: Electivire\n|-immune|p2a: Electivire\n|move|p2a: Electivire|Earthquake|p1a: Sweepzolt\n|-supereffective|p1a: Sweepzolt\n|-damage|p1a: Sweepzolt|0 fnt\n|faint|p1a: Sweepzolt\n|\n|win|runeatest\n|raw|Jellyfixhs's rating: 1127 &rarr; <strong>1110<\/strong><br \/>(-17 for losing)\n|raw|runeatest's rating: 1245 &rarr; <strong>1262<\/strong><br \/>(+17 for winning)\n|c|\u2606Jellyfixhs|I'm hard stuck sash\n|l|\u2606Jellyfixhs\n|c|\u2606runeatest|STUPID\n","uploadtime":1700492229,"views":1,"p1id":"jellyfixhs","p2id":"runeatest","formatid":"gen9nationaldex","rating":1110,"private":0,"password":""}