{"id":"gen9nationaldex-1995384402","p1":"RegiAbility","p2":"Anhkiet","format":"[Gen 9] National Dex","log":"|html|<div class=\"broadcast-blue\"><strong>[Gen 9] National Dex is currently suspecting Sneasler! For information on how to participate check out the <a href=\"https:\/\/www.smogon.com\/forums\/threads\/sv-national-dex-suspect-8-just-dance.3731534\/\">suspect thread<\/a>.<\/strong><\/div>\n|j|\u2606RegiAbility\n|j|\u2606Anhkiet\n|t:|1700563458\n|gametype|singles\n|player|p1|RegiAbility|steven|1558\n|player|p2|Anhkiet|170|1491\n|teamsize|p1|6\n|teamsize|p2|6\n|gen|9\n|tier|[Gen 9] National Dex\n|rated|\n|rule|HP Percentage Mod: HP is shown in percentages\n|rule|Endless Battle Clause: Forcing endless battles is banned\n|rule|OHKO Clause: OHKO moves are banned\n|rule|Evasion Clause: Evasion abilities, items, and moves are banned\n|rule|Evasion Abilities Clause: Evasion abilities are banned\n|rule|Evasion Items Clause: Evasion items are banned\n|rule|Evasion Moves Clause: Evasion moves are banned\n|rule|Species Clause: Limit one of each Pok\u00e9mon\n|rule|Sleep Clause Mod: Limit one foe put to sleep\n|clearpoke\n|poke|p1|Aggron, F|\n|poke|p1|Urshifu-*, M|\n|poke|p1|Espeon, F|\n|poke|p1|Salamence, M|\n|poke|p1|Comfey, F|\n|poke|p1|Venusaur, M|\n|poke|p2|Banette, M|\n|poke|p2|Polteageist-Antique|\n|poke|p2|Tapu Lele|\n|poke|p2|Great Tusk|\n|poke|p2|Torkoal, F|\n|poke|p2|Kartana|\n|teampreview\n|\n|t:|1700563464\n|start\n|switch|p1a: Aggron|Aggron, F|100\/100\n|switch|p2a: Torkoal|Torkoal, F|100\/100\n|-weather|SunnyDay|[from] ability: Drought|[of] p2a: Torkoal\n|turn|1\n|\n|t:|1700563468\n|move|p1a: Aggron|Stealth Rock|p2a: Torkoal\n|-sidestart|p2: Anhkiet|move: Stealth Rock\n|move|p2a: Torkoal|Fire Blast|p1a: Aggron\n|-ability|p1a: Aggron|Sturdy\n|-damage|p1a: Aggron|1\/100\n|\n|-weather|SunnyDay|[upkeep]\n|upkeep\n|turn|2\n|-enditem|p1a: Aggron|Custap Berry|[eat]\n|-activate|p1a: Aggron|item: Custap Berry|[consumed]\n|\n|t:|1700563474\n|move|p1a: Aggron|Head Smash|p2a: Torkoal\n|-supereffective|p2a: Torkoal\n|-damage|p2a: Torkoal|0 fnt\n|faint|p2a: Torkoal\n|-damage|p1a: Aggron|0 fnt|[from] Recoil\n|faint|p1a: Aggron\n|\n|-weather|SunnyDay|[upkeep]\n|upkeep\n|inactive|Battle timer is ON: inactive players will automatically lose when time's up. (requested by RegiAbility)\n|\n|t:|1700563506\n|switch|p1a: Venusaur|Venusaur, M|100\/100\n|switch|p2a: Great Tusk|Great Tusk|100\/100\n|-damage|p2a: Great Tusk|97\/100|[from] Stealth Rock\n|-activate|p2a: Great Tusk|ability: Protosynthesis\n|-start|p2a: Great Tusk|protosynthesisatk\n|turn|3\n|\n|t:|1700563512\n|detailschange|p1a: Venusaur|Venusaur-Mega, M\n|-mega|p1a: Venusaur|Venusaur|Venusaurite\n|-terastallize|p2a: Great Tusk|Ice\n|move|p2a: Great Tusk|Ice Spinner|p1a: Venusaur\n|-supereffective|p1a: Venusaur\n|-damage|p1a: Venusaur|59\/100\n|move|p1a: Venusaur|Sleep Powder|p2a: Great Tusk\n|-status|p2a: Great Tusk|slp|[from] move: Sleep Powder\n|\n|-weather|SunnyDay|[upkeep]\n|upkeep\n|turn|4\n|\n|t:|1700563519\n|cant|p2a: Great Tusk|slp\n|move|p1a: Venusaur|Sludge Bomb|p2a: Great Tusk\n|-damage|p2a: Great Tusk|54\/100 slp\n|\n|-weather|SunnyDay|[upkeep]\n|upkeep\n|turn|5\n|\n|t:|1700563524\n|cant|p2a: Great Tusk|slp\n|move|p1a: Venusaur|Sludge Bomb|p2a: Great Tusk\n|-damage|p2a: Great Tusk|10\/100 slp\n|\n|-weather|none\n|-end|p2a: Great Tusk|Protosynthesis\n|upkeep\n|turn|6\n|\n|t:|1700563529\n|-curestatus|p2a: Great Tusk|slp|[msg]\n|move|p2a: Great Tusk|Rapid Spin|p1a: Venusaur\n|-damage|p1a: Venusaur|46\/100\n|-boost|p2a: Great Tusk|spe|1\n|-sideend|p2: Anhkiet|Stealth Rock|[from] move: Rapid Spin|[of] p2a: Great Tusk\n|move|p1a: Venusaur|Synthesis|p1a: Venusaur\n|-heal|p1a: Venusaur|96\/100\n|\n|upkeep\n|turn|7\n|\n|t:|1700563535\n|move|p2a: Great Tusk|Headlong Rush|p1a: Venusaur\n|-damage|p1a: Venusaur|44\/100\n|-unboost|p2a: Great Tusk|def|1\n|-unboost|p2a: Great Tusk|spd|1\n|move|p1a: Venusaur|Sludge Bomb|p2a: Great Tusk\n|-damage|p2a: Great Tusk|0 fnt\n|faint|p2a: Great Tusk\n|-end|p2a: Great Tusk|Protosynthesis|[silent]\n|\n|upkeep\n|\n|t:|1700563540\n|switch|p2a: Tapu Lele|Tapu Lele|100\/100\n|-fieldstart|move: Psychic Terrain|[from] ability: Psychic Surge|[of] p2a: Tapu Lele\n|turn|8\n|\n|t:|1700563550\n|switch|p1a: Espeon|Espeon, F|100\/100\n|move|p2a: Tapu Lele|Psyshock|p1a: Espeon\n|-resisted|p1a: Espeon\n|-damage|p1a: Espeon|48\/100\n|\n|upkeep\n|turn|9\n|\n|t:|1700563558\n|move|p1a: Espeon|Dazzling Gleam|p2a: Tapu Lele\n|-damage|p2a: Tapu Lele|72\/100\n|move|p2a: Tapu Lele|Psyshock|p1a: Espeon\n|-resisted|p1a: Espeon\n|-damage|p1a: Espeon|0 fnt\n|faint|p1a: Espeon\n|\n|upkeep\n|\n|t:|1700563565\n|switch|p1a: Salamence|Salamence, M|100\/100\n|turn|10\n|\n|t:|1700563575\n|move|p1a: Salamence|Dragon Dance|p1a: Salamence\n|-boost|p1a: Salamence|atk|1\n|-boost|p1a: Salamence|spe|1\n|move|p2a: Tapu Lele|Moonblast|p1a: Salamence\n|-supereffective|p1a: Salamence\n|-damage|p1a: Salamence|0 fnt\n|faint|p1a: Salamence\n|\n|upkeep\n|\n|t:|1700563582\n|switch|p1a: Urshifu|Urshifu-Rapid-Strike, M|100\/100\n|turn|11\n|\n|t:|1700563589\n|switch|p2a: Kartana|Kartana|100\/100\n|move|p1a: Urshifu|Surging Strikes|p2a: Kartana\n|-resisted|p2a: Kartana\n|-crit|p2a: Kartana\n|-damage|p2a: Kartana|85\/100\n|-resisted|p2a: Kartana\n|-crit|p2a: Kartana\n|-damage|p2a: Kartana|70\/100\n|-resisted|p2a: Kartana\n|-crit|p2a: Kartana\n|-damage|p2a: Kartana|53\/100\n|-hitcount|p2a: Kartana|3\n|\n|upkeep\n|turn|12\n|\n|t:|1700563597\n|-terastallize|p1a: Urshifu|Water\n|-zpower|p2a: Kartana\n|move|p2a: Kartana|Z-Tailwind|p2a: Kartana|[anim]Tailwind\n|-start|p2a: Kartana|move: Focus Energy|[zeffect]\n|-sidestart|p2: Anhkiet|move: Tailwind\n|move|p1a: Urshifu|Surging Strikes|p2a: Kartana\n|-resisted|p2a: Kartana\n|-crit|p2a: Kartana\n|-damage|p2a: Kartana|33\/100\n|-resisted|p2a: Kartana\n|-crit|p2a: Kartana\n|-damage|p2a: Kartana|11\/100\n|-resisted|p2a: Kartana\n|-crit|p2a: Kartana\n|-damage|p2a: Kartana|0 fnt\n|faint|p2a: Kartana\n|-hitcount|p2: Kartana|3\n|\n|upkeep\n|\n|t:|1700563603\n|switch|p2a: Tapu Lele|Tapu Lele|72\/100\n|turn|13\n|\n|t:|1700563606\n|move|p2a: Tapu Lele|Psyshock|p1a: Urshifu\n|-damage|p1a: Urshifu|46\/100\n|move|p1a: Urshifu|Surging Strikes|p2a: Tapu Lele\n|-crit|p2a: Tapu Lele\n|-damage|p2a: Tapu Lele|6\/100\n|-crit|p2a: Tapu Lele\n|-damage|p2a: Tapu Lele|0 fnt\n|faint|p2a: Tapu Lele\n|-hitcount|p2: Tapu Lele|2\n|\n|upkeep\n|\n|t:|1700563616\n|switch|p2a: Banette|Banette, M|100\/100\n|-item|p1a: Urshifu|Choice Band|[from] ability: Frisk|[of] p2a: Banette|[identify]\n|turn|14\n|\n|t:|1700563619\n|move|p2a: Banette|Poltergeist|p1a: Urshifu|[miss]\n|-miss|p2a: Banette|p1a: Urshifu\n|move|p1a: Urshifu|Surging Strikes|p2a: Banette\n|-crit|p2a: Banette\n|-damage|p2a: Banette|44\/100\n|-crit|p2a: Banette\n|-damage|p2a: Banette|0 fnt\n|faint|p2a: Banette\n|-hitcount|p2: Banette|2\n|\n|upkeep\n|\n|t:|1700563622\n|switch|p2a: Polteageist|Polteageist-Antique|100\/100\n|turn|15\n|\n|t:|1700563627\n|move|p2a: Polteageist|Shadow Ball|p1a: Urshifu\n|-damage|p1a: Urshifu|0 fnt\n|faint|p1a: Urshifu\n|\n|-sideend|p2: Anhkiet|move: Tailwind\n|-fieldend|move: Psychic Terrain\n|upkeep\n|\n|t:|1700563634\n|switch|p1a: Comfey|Comfey, F|100\/100\n|turn|16\n|\n|t:|1700563637\n|move|p2a: Polteageist|Shell Smash|p2a: Polteageist\n|-unboost|p2a: Polteageist|def|1\n|-unboost|p2a: Polteageist|spd|1\n|-boost|p2a: Polteageist|atk|2\n|-boost|p2a: Polteageist|spa|2\n|-boost|p2a: Polteageist|spe|2\n|move|p1a: Comfey|Calm Mind|p1a: Comfey\n|-boost|p1a: Comfey|spa|1\n|-boost|p1a: Comfey|spd|1\n|\n|upkeep\n|turn|17\n|\n|t:|1700563643\n|move|p1a: Comfey|Draining Kiss|p2a: Polteageist\n|-damage|p2a: Polteageist|27\/100\n|-damage|p1a: Comfey|91\/100|[from] item: Life Orb\n|move|p2a: Polteageist|Shadow Ball|p1a: Comfey\n|-damage|p1a: Comfey|32\/100\n|\n|upkeep\n|turn|18\n|\n|t:|1700563646\n|move|p1a: Comfey|Draining Kiss|p2a: Polteageist\n|-crit|p2a: Polteageist\n|-damage|p2a: Polteageist|0 fnt\n|-heal|p1a: Comfey|49\/100|[from] drain|[of] p2a: Polteageist\n|faint|p2a: Polteageist\n|-damage|p1a: Comfey|39\/100|[from] item: Life Orb\n|\n|win|RegiAbility\n|raw|RegiAbility's rating: 1558 &rarr; <strong>1574<\/strong><br \/>(+16 for winning)\n|raw|Anhkiet's rating: 1491 &rarr; <strong>1475<\/strong><br \/>(-16 for losing)\n|l|\u2606Anhkiet\n","uploadtime":1700563660,"views":11,"p1id":"regiability","p2id":"anhkiet","formatid":"gen9nationaldex","rating":1475,"private":0,"password":""}