{"id":"gen9nationaldex-1997995904","p1":"DreamFreedom","p2":"QIxhQI","format":"[Gen 9] National Dex","log":"|html|<div class=\"broadcast-blue\"><strong>[Gen 9] National Dex is currently suspecting Sneasler! For information on how to participate check out the <a href=\"https:\/\/www.smogon.com\/forums\/threads\/sv-national-dex-suspect-8-just-dance.3731534\/\">suspect thread<\/a>.<\/strong><\/div>\n|j|\u2606DreamFreedom\n|j|\u2606QIxhQI\n|t:|1700876781\n|gametype|singles\n|player|p1|DreamFreedom|bianca|1548\n|player|p2|QIxhQI|1|1651\n|teamsize|p1|6\n|teamsize|p2|6\n|gen|9\n|tier|[Gen 9] National Dex\n|rated|\n|rule|HP Percentage Mod: HP is shown in percentages\n|rule|Endless Battle Clause: Forcing endless battles is banned\n|rule|OHKO Clause: OHKO moves are banned\n|rule|Evasion Clause: Evasion abilities, items, and moves are banned\n|rule|Evasion Abilities Clause: Evasion abilities are banned\n|rule|Evasion Items Clause: Evasion items are banned\n|rule|Evasion Moves Clause: Evasion moves are banned\n|rule|Species Clause: Limit one of each Pok\u00e9mon\n|rule|Sleep Clause Mod: Limit one foe put to sleep\n|clearpoke\n|poke|p1|Kyurem|\n|poke|p1|Moltres|\n|poke|p1|Garchomp, M|\n|poke|p1|Tapu Lele|\n|poke|p1|Sneasler, M|\n|poke|p1|Ogerpon-Wellspring, F|\n|poke|p2|Ninetales-Alola, M|\n|poke|p2|Blaziken, M|\n|poke|p2|Gyarados, M|\n|poke|p2|Volcarona, F|\n|poke|p2|Celesteela|\n|poke|p2|Iron Treads|\n|teampreview\n|\n|t:|1700876792\n|start\n|switch|p1a: Sneasler|Sneasler, M|100\/100\n|switch|p2a: Iron Treads|Iron Treads|100\/100\n|turn|1\n|inactive|Battle timer is ON: inactive players will automatically lose when time's up. (requested by QIxhQI)\n|\n|t:|1700876798\n|-terastallize|p1a: Sneasler|Flying\n|move|p1a: Sneasler|Close Combat|p2a: Iron Treads\n|-supereffective|p2a: Iron Treads\n|-enditem|p2a: Iron Treads|Focus Sash\n|-damage|p2a: Iron Treads|1\/100\n|-unboost|p1a: Sneasler|def|1\n|-unboost|p1a: Sneasler|spd|1\n|move|p2a: Iron Treads|Rapid Spin|p1a: Sneasler\n|-damage|p1a: Sneasler|62\/100\n|-boost|p2a: Iron Treads|spe|1\n|\n|upkeep\n|turn|2\n|\n|t:|1700876807\n|switch|p1a: Garchomp|Garchomp, M|100\/100\n|move|p2a: Iron Treads|Iron Head|p1a: Garchomp\n|-damage|p1a: Garchomp|77\/100\n|-damage|p2a: Iron Treads|0 fnt|[from] ability: Rough Skin|[of] p1a: Garchomp\n|faint|p2a: Iron Treads\n|-end|p2a: Iron Treads|Quark Drive|[silent]\n|\n|upkeep\n|\n|t:|1700876819\n|switch|p2a: Celesteela|Celesteela, shiny|100\/100\n|turn|3\n|\n|t:|1700876822\n|move|p1a: Garchomp|Stealth Rock|p2a: Celesteela\n|-sidestart|p2: QIxhQI|move: Stealth Rock\n|move|p2a: Celesteela|Autotomize|p2a: Celesteela\n|-boost|p2a: Celesteela|spe|2\n|-start|p2a: Celesteela|Autotomize\n|\n|upkeep\n|turn|4\n|\n|t:|1700876825\n|move|p2a: Celesteela|Autotomize|p2a: Celesteela\n|-boost|p2a: Celesteela|spe|2\n|-start|p2a: Celesteela|Autotomize\n|move|p1a: Garchomp|Dragon Tail|p2a: Celesteela\n|-resisted|p2a: Celesteela\n|-damage|p2a: Celesteela|89\/100\n|drag|p2a: Ninetales|Ninetales-Alola, M|100\/100\n|-damage|p2a: Ninetales|76\/100|[from] Stealth Rock\n|-weather|Snow|[from] ability: Snow Warning|[of] p2a: Ninetales\n|\n|-weather|Snow|[upkeep]\n|upkeep\n|turn|5\n|\n|t:|1700876835\n|switch|p1a: Moltres|Moltres|100\/100\n|move|p2a: Ninetales|Encore||[still]\n|-fail|p2a: Ninetales\n|\n|-weather|Snow|[upkeep]\n|upkeep\n|turn|6\n|\n|t:|1700876846\n|move|p2a: Ninetales|Aurora Veil|p2a: Ninetales\n|-sidestart|p2: QIxhQI|move: Aurora Veil\n|move|p1a: Moltres|Mystical Fire|p2a: Ninetales\n|-supereffective|p2a: Ninetales\n|-damage|p2a: Ninetales|43\/100\n|-unboost|p2a: Ninetales|spa|1\n|\n|-weather|Snow|[upkeep]\n|upkeep\n|turn|7\n|j| OuterDreams\n|\n|t:|1700876860\n|switch|p2a: Blaziken|Blaziken, M, shiny|100\/100\n|-damage|p2a: Blaziken|88\/100|[from] Stealth Rock\n|move|p1a: Moltres|Mystical Fire|p2a: Blaziken\n|-resisted|p2a: Blaziken\n|-damage|p2a: Blaziken|76\/100\n|-unboost|p2a: Blaziken|spa|1\n|\n|-weather|Snow|[upkeep]\n|upkeep\n|turn|8\n|\n|t:|1700876868\n|move|p2a: Blaziken|Swords Dance|p2a: Blaziken\n|-boost|p2a: Blaziken|atk|2\n|move|p1a: Moltres|U-turn|p2a: Blaziken\n|-resisted|p2a: Blaziken\n|-damage|p2a: Blaziken|74\/100\n|\n|t:|1700876872\n|switch|p1a: Tapu Lele|Tapu Lele|100\/100|[from] U-turn\n|-fieldstart|move: Psychic Terrain|[from] ability: Psychic Surge|[of] p1a: Tapu Lele\n|\n|-weather|none\n|-ability|p2a: Blaziken|Speed Boost|boost\n|-boost|p2a: Blaziken|spe|1\n|upkeep\n|turn|9\n|\n|t:|1700876879\n|move|p2a: Blaziken|Protect|p2a: Blaziken\n|-singleturn|p2a: Blaziken|Protect\n|move|p1a: Tapu Lele|Psychic|p2a: Blaziken\n|-activate|p2a: Blaziken|move: Protect\n|\n|-ability|p2a: Blaziken|Speed Boost|boost\n|-boost|p2a: Blaziken|spe|1\n|upkeep\n|turn|10\n|j| Star and Moon\n|\n|t:|1700876884\n|move|p2a: Blaziken|Flare Blitz|p1a: Tapu Lele\n|-damage|p1a: Tapu Lele|0 fnt\n|faint|p1a: Tapu Lele\n|-damage|p2a: Blaziken|43\/100|[from] Recoil\n|\n|-ability|p2a: Blaziken|Speed Boost|boost\n|-boost|p2a: Blaziken|spe|1\n|upkeep\n|\n|t:|1700876898\n|switch|p1a: Ogerpon|Ogerpon-Wellspring, F|100\/100\n|turn|11\n|\n|t:|1700876904\n|move|p2a: Blaziken|Close Combat|p1a: Ogerpon\n|-damage|p1a: Ogerpon|0 fnt\n|-unboost|p2a: Blaziken|def|1\n|-unboost|p2a: Blaziken|spd|1\n|faint|p1a: Ogerpon\n|\n|-ability|p2a: Blaziken|Speed Boost|boost\n|-boost|p2a: Blaziken|spe|1\n|upkeep\n|\n|t:|1700876910\n|switch|p1a: Sneasler|Sneasler, M, tera:Flying|62\/100\n|-enditem|p1a: Sneasler|Psychic Seed\n|-boost|p1a: Sneasler|spd|1|[from] item: Psychic Seed\n|turn|12\n|\n|t:|1700876925\n|switch|p1a: Garchomp|Garchomp, M|77\/100\n|move|p2a: Blaziken|Flare Blitz|p1a: Garchomp\n|-resisted|p1a: Garchomp\n|-damage|p1a: Garchomp|40\/100\n|-damage|p2a: Blaziken|30\/100|[from] ability: Rough Skin|[of] p1a: Garchomp\n|-damage|p2a: Blaziken|14\/100|[from] item: Rocky Helmet|[of] p1a: Garchomp\n|-damage|p2a: Blaziken|0 fnt|[from] Recoil\n|faint|p2a: Blaziken\n|\n|-fieldend|move: Psychic Terrain\n|upkeep\n|\n|t:|1700876940\n|switch|p2a: Gyarados|Gyarados, M, shiny|100\/100\n|-damage|p2a: Gyarados|76\/100|[from] Stealth Rock\n|-ability|p2a: Gyarados|Intimidate|boost\n|-unboost|p1a: Garchomp|atk|1\n|turn|13\n|\n|t:|1700876946\n|detailschange|p2a: Gyarados|Gyarados-Mega, M, shiny\n|-mega|p2a: Gyarados|Gyarados|Gyaradosite\n|-ability|p2a: Gyarados|Mold Breaker\n|move|p2a: Gyarados|Taunt|p1a: Garchomp\n|-start|p1a: Garchomp|move: Taunt\n|cant|p1a: Garchomp|move: Taunt|Toxic\n|\n|-sideend|p2: QIxhQI|move: Aurora Veil\n|upkeep\n|turn|14\n|\n|t:|1700876954\n|move|p2a: Gyarados|Dragon Dance|p2a: Gyarados\n|-boost|p2a: Gyarados|atk|1\n|-boost|p2a: Gyarados|spe|1\n|move|p1a: Garchomp|Dragon Tail|p2a: Gyarados\n|-damage|p2a: Gyarados|59\/100\n|drag|p2a: Celesteela|Celesteela, shiny|89\/100\n|-damage|p2a: Celesteela|77\/100|[from] Stealth Rock\n|\n|upkeep\n|turn|15\n|\n|t:|1700876962\n|move|p2a: Celesteela|Air Slash|p1a: Garchomp\n|-damage|p1a: Garchomp|8\/100\n|move|p1a: Garchomp|Dragon Tail|p2a: Celesteela\n|-resisted|p2a: Celesteela\n|-damage|p2a: Celesteela|69\/100\n|drag|p2a: Volcarona|Volcarona, F|100\/100\n|\n|-end|p1a: Garchomp|move: Taunt\n|upkeep\n|turn|16\n|\n|t:|1700876974\n|move|p2a: Volcarona|Giga Drain|p1a: Garchomp\n|-damage|p1a: Garchomp|0 fnt\n|faint|p1a: Garchomp\n|\n|upkeep\n|\n|t:|1700876978\n|switch|p1a: Kyurem|Kyurem|100\/100\n|-ability|p1a: Kyurem|Pressure\n|turn|17\n|\n|t:|1700876983\n|move|p1a: Kyurem|Draco Meteor|p2a: Volcarona\n|-damage|p2a: Volcarona|8\/100\n|-unboost|p1a: Kyurem|spa|2\n|-damage|p1a: Kyurem|91\/100|[from] item: Life Orb\n|move|p2a: Volcarona|Quiver Dance|p2a: Volcarona\n|-boost|p2a: Volcarona|spa|1\n|-boost|p2a: Volcarona|spd|1\n|-boost|p2a: Volcarona|spe|1\n|\n|upkeep\n|turn|18\n|j| Galagomon\n|\n|t:|1700876994\n|move|p2a: Volcarona|Flamethrower|p1a: Kyurem\n|-damage|p1a: Kyurem|21\/100\n|move|p1a: Kyurem|Freeze-Dry|p2a: Volcarona\n|-resisted|p2a: Volcarona\n|-damage|p2a: Volcarona|0 fnt\n|faint|p2a: Volcarona\n|-damage|p1a: Kyurem|11\/100|[from] item: Life Orb\n|\n|upkeep\n|\n|t:|1700877002\n|switch|p2a: Ninetales|Ninetales-Alola, M|43\/100\n|-damage|p2a: Ninetales|18\/100|[from] Stealth Rock\n|-weather|Snow|[from] ability: Snow Warning|[of] p2a: Ninetales\n|turn|19\n|\n|t:|1700877004\n|move|p2a: Ninetales|Aurora Veil|p2a: Ninetales\n|-sidestart|p2: QIxhQI|move: Aurora Veil\n|move|p1a: Kyurem|Earth Power|p2a: Ninetales\n|-damage|p2a: Ninetales|7\/100\n|-damage|p1a: Kyurem|1\/100|[from] item: Life Orb\n|\n|-weather|Snow|[upkeep]\n|upkeep\n|turn|20\n|\n|t:|1700877016\n|move|p2a: Ninetales|Encore|p1a: Kyurem\n|-start|p1a: Kyurem|Encore\n|move|p1a: Kyurem|Earth Power|p2a: Ninetales\n|-damage|p2a: Ninetales|0 fnt\n|faint|p2a: Ninetales\n|-damage|p1a: Kyurem|0 fnt|[from] item: Life Orb\n|faint|p1a: Kyurem\n|\n|-weather|Snow|[upkeep]\n|upkeep\n|\n|t:|1700877022\n|switch|p2a: Celesteela|Celesteela, shiny|69\/100\n|switch|p1a: Moltres|Moltres|100\/100\n|-damage|p2a: Celesteela|57\/100|[from] Stealth Rock\n|turn|21\n|\n|t:|1700877027\n|move|p1a: Moltres|Mystical Fire|p2a: Celesteela\n|-supereffective|p2a: Celesteela\n|-damage|p2a: Celesteela|25\/100\n|-unboost|p2a: Celesteela|spa|1\n|move|p2a: Celesteela|Meteor Beam||[still]\n|-prepare|p2a: Celesteela|Meteor Beam\n|-boost|p2a: Celesteela|spa|1\n|-enditem|p2a: Celesteela|Power Herb\n|-anim|p2a: Celesteela|Meteor Beam|p1a: Moltres\n|-supereffective|p1a: Moltres\n|-damage|p1a: Moltres|0 fnt\n|faint|p1a: Moltres\n|-ability|p2a: Celesteela|Beast Boost|boost\n|-boost|p2a: Celesteela|spa|1\n|\n|-weather|Snow|[upkeep]\n|upkeep\n|\n|t:|1700877033\n|switch|p1a: Sneasler|Sneasler, M, tera:Flying|62\/100\n|turn|22\n|\n|t:|1700877038\n|move|p1a: Sneasler|Close Combat|p2a: Celesteela\n|-damage|p2a: Celesteela|0 fnt\n|-unboost|p1a: Sneasler|def|1\n|-unboost|p1a: Sneasler|spd|1\n|faint|p2a: Celesteela\n|\n|-weather|Snow|[upkeep]\n|upkeep\n|\n|t:|1700877041\n|switch|p2a: Gyarados|Gyarados-Mega, M, shiny|59\/100\n|-damage|p2a: Gyarados|46\/100|[from] Stealth Rock\n|-ability|p2a: Gyarados|Mold Breaker\n|turn|23\n|\n|t:|1700877044\n|move|p1a: Sneasler|Close Combat|p2a: Gyarados\n|-supereffective|p2a: Gyarados\n|-damage|p2a: Gyarados|0 fnt\n|-unboost|p1a: Sneasler|def|1\n|-unboost|p1a: Sneasler|spd|1\n|faint|p2a: Gyarados\n|\n|win|DreamFreedom\n|raw|DreamFreedom's rating: 1548 &rarr; <strong>1574<\/strong><br \/>(+26 for winning)\n|raw|QIxhQI's rating: 1651 &rarr; <strong>1625<\/strong><br \/>(-26 for losing)\n","uploadtime":1700877048,"views":8,"p1id":"dreamfreedom","p2id":"qixhqi","formatid":"gen9nationaldex","rating":1574,"private":0,"password":""}