{"id":"gen9nationaldex-1991025756","p1":"daniel241595","p2":"qawer159er","format":"[Gen 9] National Dex","log":"|j|\u2606daniel241595\n|j|\u2606qawer159er\n|t:|1700030200\n|gametype|singles\n|player|p1|daniel241595|gambler|1428\n|player|p2|qawer159er|pokekid|1501\n|teamsize|p1|6\n|teamsize|p2|6\n|gen|9\n|tier|[Gen 9] National Dex\n|rated|\n|rule|HP Percentage Mod: HP is shown in percentages\n|rule|Endless Battle Clause: Forcing endless battles is banned\n|rule|OHKO Clause: OHKO moves are banned\n|rule|Evasion Clause: Evasion abilities, items, and moves are banned\n|rule|Evasion Abilities Clause: Evasion abilities are banned\n|rule|Evasion Items Clause: Evasion items are banned\n|rule|Evasion Moves Clause: Evasion moves are banned\n|rule|Species Clause: Limit one of each Pok\u00e9mon\n|rule|Sleep Clause Mod: Limit one foe put to sleep\n|clearpoke\n|poke|p1|Arcanine, M|\n|poke|p1|Ampharos, F|\n|poke|p1|Swampert, M|\n|poke|p1|Florges, F|\n|poke|p1|Rillaboom, M|\n|poke|p1|Cetitan, F|\n|poke|p2|Urshifu-*, F|\n|poke|p2|Slowbro, M|\n|poke|p2|Heatran, F|\n|poke|p2|Hydreigon, M|\n|poke|p2|Lopunny, M|\n|poke|p2|Landorus-Therian, M|\n|teampreview\n|inactive|Battle timer is ON: inactive players will automatically lose when time's up. (requested by daniel241595)\n|\n|t:|1700030211\n|start\n|switch|p1a: Swampert|Swampert, M|100\/100\n|switch|p2a: Landorus|Landorus-Therian, M|100\/100\n|-ability|p2a: Landorus|Intimidate|boost\n|-unboost|p1a: Swampert|atk|1\n|turn|1\n|\n|t:|1700030219\n|switch|p2a: Slowbro|Slowbro, M|100\/100\n|move|p1a: Swampert|Scald|p2a: Slowbro\n|-resisted|p2a: Slowbro\n|-damage|p2a: Slowbro|87\/100\n|-status|p2a: Slowbro|brn\n|\n|-damage|p2a: Slowbro|81\/100 brn|[from] brn\n|upkeep\n|turn|2\n|\n|t:|1700030229\n|move|p1a: Swampert|Stealth Rock|p2a: Slowbro\n|-sidestart|p2: qawer159er|move: Stealth Rock\n|move|p2a: Slowbro|Future Sight|p1a: Swampert\n|-start|p2a: Slowbro|move: Future Sight\n|\n|-damage|p2a: Slowbro|75\/100 brn|[from] brn\n|upkeep\n|turn|3\n|\n|t:|1700030243\n|move|p1a: Swampert|Roar|p2a: Slowbro\n|drag|p2a: Hydreigon|Hydreigon, M|100\/100\n|-damage|p2a: Hydreigon|88\/100|[from] Stealth Rock\n|\n|-heal|p2a: Hydreigon|94\/100|[from] item: Leftovers\n|upkeep\n|turn|4\n|\n|t:|1700030252\n|switch|p1a: Florges|Florges, F|100\/100\n|move|p2a: Hydreigon|Stealth Rock|p1a: Florges\n|-sidestart|p1: daniel241595|move: Stealth Rock\n|\n|-end|p1a: Florges|move: Future Sight\n|-damage|p1a: Florges|73\/100\n|-heal|p2a: Hydreigon|100\/100|[from] item: Leftovers\n|-heal|p1a: Florges|80\/100|[from] item: Leftovers\n|upkeep\n|turn|5\n|\n|t:|1700030262\n|switch|p2a: Heatran|Heatran, F|100\/100\n|-damage|p2a: Heatran|88\/100|[from] Stealth Rock\n|move|p1a: Florges|Defog|p2a: Heatran\n|-unboost|p2a: Heatran|evasion|1\n|-sideend|p2: qawer159er|Stealth Rock|[from] move: Defog|[of] p1a: Florges\n|-sideend|p1: daniel241595|Stealth Rock|[from] move: Defog|[of] p1a: Florges\n|\n|-heal|p2a: Heatran|94\/100|[from] item: Leftovers\n|-heal|p1a: Florges|86\/100|[from] item: Leftovers\n|upkeep\n|turn|6\n|\n|t:|1700030271\n|switch|p1a: Swampert|Swampert, M|100\/100\n|move|p2a: Heatran|Toxic|p1a: Swampert\n|-status|p1a: Swampert|tox\n|\n|-heal|p2a: Heatran|100\/100|[from] item: Leftovers\n|-damage|p1a: Swampert|94\/100 tox|[from] psn\n|upkeep\n|turn|7\n|\n|t:|1700030295\n|move|p2a: Heatran|Protect|p2a: Heatran\n|-singleturn|p2a: Heatran|Protect\n|move|p1a: Swampert|Flip Turn|p2a: Heatran\n|-activate|p2a: Heatran|move: Protect\n|\n|-heal|p1a: Swampert|100\/100 tox|[from] item: Leftovers\n|-damage|p1a: Swampert|88\/100 tox|[from] psn\n|upkeep\n|turn|8\n|\n|t:|1700030304\n|switch|p2a: Slowbro|Slowbro, M|100\/100 brn\n|move|p1a: Swampert|Stealth Rock|p2a: Slowbro\n|-sidestart|p2: qawer159er|move: Stealth Rock\n|\n|-heal|p1a: Swampert|94\/100 tox|[from] item: Leftovers\n|-damage|p1a: Swampert|76\/100 tox|[from] psn\n|-damage|p2a: Slowbro|94\/100 brn|[from] brn\n|upkeep\n|turn|9\n|\n|t:|1700030315\n|switch|p1a: Ampharos|Ampharos, F|100\/100\n|move|p2a: Slowbro|Future Sight|p1a: Ampharos\n|-start|p2a: Slowbro|move: Future Sight\n|\n|-damage|p2a: Slowbro|88\/100 brn|[from] brn\n|upkeep\n|turn|10\n|\n|t:|1700030322\n|switch|p2a: Landorus|Landorus-Therian, M|100\/100\n|-damage|p2a: Landorus|88\/100|[from] Stealth Rock\n|-ability|p2a: Landorus|Intimidate|boost\n|-unboost|p1a: Ampharos|atk|1\n|detailschange|p1a: Ampharos|Ampharos-Mega, F\n|-mega|p1a: Ampharos|Ampharos|Ampharosite\n|-ability|p1a: Ampharos|Mold Breaker\n|move|p1a: Ampharos|Dragon Pulse|p2a: Landorus\n|-damage|p2a: Landorus|44\/100\n|\n|upkeep\n|turn|11\n|\n|t:|1700030336\n|switch|p1a: Swampert|Swampert, M|76\/100 tox\n|move|p2a: Landorus|Earthquake|p1a: Swampert\n|-damage|p1a: Swampert|37\/100 tox\n|\n|-end|p1a: Swampert|move: Future Sight\n|-damage|p1a: Swampert|2\/100 tox\n|-heal|p1a: Swampert|8\/100 tox|[from] item: Leftovers\n|-damage|p1a: Swampert|2\/100 tox|[from] psn\n|upkeep\n|turn|12\n|\n|t:|1700030347\n|move|p2a: Landorus|U-turn|p1a: Swampert\n|-damage|p1a: Swampert|0 fnt\n|faint|p1a: Swampert\n|\n|t:|1700030360\n|switch|p2a: Heatran|Heatran, F|100\/100|[from] U-turn\n|-damage|p2a: Heatran|88\/100|[from] Stealth Rock\n|\n|-heal|p2a: Heatran|94\/100|[from] item: Leftovers\n|upkeep\n|\n|t:|1700030382\n|switch|p1a: Arcanine|Arcanine, M|100\/100\n|-ability|p1a: Arcanine|Intimidate|boost\n|-unboost|p2a: Heatran|atk|1\n|turn|13\n|\n|t:|1700030387\n|move|p2a: Heatran|Protect|p2a: Heatran\n|-singleturn|p2a: Heatran|Protect\n|move|p1a: Arcanine|Close Combat|p2a: Heatran\n|-activate|p2a: Heatran|move: Protect\n|\n|-heal|p2a: Heatran|100\/100|[from] item: Leftovers\n|upkeep\n|turn|14\n|\n|t:|1700030395\n|switch|p1a: Rillaboom|Rillaboom, M|100\/100\n|-fieldstart|move: Grassy Terrain|[from] ability: Grassy Surge|[of] p1a: Rillaboom\n|switch|p2a: Landorus|Landorus-Therian, M|44\/100\n|-damage|p2a: Landorus|32\/100|[from] Stealth Rock\n|-ability|p2a: Landorus|Intimidate|boost\n|-unboost|p1a: Rillaboom|atk|1\n|\n|upkeep\n|turn|15\n|\n|t:|1700030405\n|move|p1a: Rillaboom|U-turn|p2a: Landorus\n|-resisted|p2a: Landorus\n|-damage|p2a: Landorus|21\/100\n|\n|t:|1700030410\n|switch|p1a: Ampharos|Ampharos-Mega, F|100\/100|[from] U-turn\n|-ability|p1a: Ampharos|Mold Breaker\n|move|p2a: Landorus|U-turn|p1a: Ampharos\n|-damage|p1a: Ampharos|73\/100\n|\n|t:|1700030422\n|switch|p2a: Hydreigon|Hydreigon, M|100\/100|[from] U-turn\n|-damage|p2a: Hydreigon|88\/100|[from] Stealth Rock\n|\n|-heal|p2a: Hydreigon|94\/100|[from] item: Leftovers\n|-heal|p1a: Ampharos|79\/100|[from] Grassy Terrain\n|upkeep\n|turn|16\n|\n|t:|1700030436\n|switch|p2a: Heatran|Heatran, F|100\/100\n|-damage|p2a: Heatran|88\/100|[from] Stealth Rock\n|move|p1a: Ampharos|Dragon Pulse|p2a: Heatran\n|-resisted|p2a: Heatran\n|-damage|p2a: Heatran|71\/100\n|\n|-heal|p2a: Heatran|78\/100|[from] Grassy Terrain\n|-heal|p2a: Heatran|84\/100|[from] item: Leftovers\n|-heal|p1a: Ampharos|85\/100|[from] Grassy Terrain\n|upkeep\n|turn|17\n|\n|t:|1700030449\n|move|p2a: Heatran|Toxic|p1a: Ampharos\n|-status|p1a: Ampharos|tox\n|move|p1a: Ampharos|Volt Switch|p2a: Heatran\n|-damage|p2a: Heatran|53\/100\n|\n|t:|1700030452\n|switch|p1a: Cetitan|Cetitan, F, shiny|100\/100|[from] Volt Switch\n|\n|-heal|p2a: Heatran|59\/100|[from] Grassy Terrain\n|-heal|p2a: Heatran|65\/100|[from] item: Leftovers\n|upkeep\n|turn|18\n|\n|t:|1700030463\n|move|p1a: Cetitan|High Horsepower|p2a: Heatran\n|-supereffective|p2a: Heatran\n|-damage|p2a: Heatran|0 fnt\n|faint|p2a: Heatran\n|\n|-fieldend|move: Grassy Terrain\n|upkeep\n|\n|t:|1700030473\n|switch|p2a: Lopunny|Lopunny, M, shiny|100\/100\n|-damage|p2a: Lopunny|88\/100|[from] Stealth Rock\n|turn|19\n|\n|t:|1700030484\n|switch|p1a: Florges|Florges, F|86\/100\n|detailschange|p2a: Lopunny|Lopunny-Mega, M, shiny\n|-mega|p2a: Lopunny|Lopunny|Lopunnite\n|move|p2a: Lopunny|Fake Out|p1a: Florges\n|-damage|p1a: Florges|67\/100\n|\n|-heal|p1a: Florges|73\/100|[from] item: Leftovers\n|upkeep\n|turn|20\n|\n|t:|1700030498\n|switch|p2a: Landorus|Landorus-Therian, M|21\/100\n|-damage|p2a: Landorus|9\/100|[from] Stealth Rock\n|-ability|p2a: Landorus|Intimidate|boost\n|-unboost|p1a: Florges|atk|1\n|move|p1a: Florges|Moonblast|p2a: Landorus\n|-damage|p2a: Landorus|0 fnt\n|faint|p2a: Landorus\n|\n|-heal|p1a: Florges|79\/100|[from] item: Leftovers\n|upkeep\n|inactive|qawer159er has 120 seconds left.\n|\n|t:|1700030537\n|switch|p2a: Urshifu|Urshifu-Rapid-Strike, F|100\/100\n|-damage|p2a: Urshifu|94\/100|[from] Stealth Rock\n|turn|21\n|\n|t:|1700030560\n|-terastallize|p2a: Urshifu|Water\n|move|p2a: Urshifu|Surging Strikes|p1a: Florges\n|-crit|p1a: Florges\n|-damage|p1a: Florges|55\/100\n|-crit|p1a: Florges\n|-damage|p1a: Florges|31\/100\n|-crit|p1a: Florges\n|-damage|p1a: Florges|6\/100\n|-hitcount|p1a: Florges|3\n|move|p1a: Florges|Moonblast|p2a: Urshifu\n|-damage|p2a: Urshifu|40\/100\n|\n|-heal|p1a: Florges|12\/100|[from] item: Leftovers\n|upkeep\n|turn|22\n|inactive|qawer159er has 120 seconds left.\n|\n|t:|1700030574\n|move|p2a: Urshifu|Surging Strikes|p1a: Florges\n|-crit|p1a: Florges\n|-damage|p1a: Florges|0 fnt\n|faint|p1a: Florges\n|-hitcount|p1: Florges|1\n|\n|upkeep\n|inactive|daniel241595 has 120 seconds left.\n|\n|t:|1700030595\n|switch|p1a: Ampharos|Ampharos-Mega, F|85\/100 tox\n|-ability|p1a: Ampharos|Mold Breaker\n|turn|23\n|\n|t:|1700030604\n|switch|p2a: Hydreigon|Hydreigon, M|94\/100\n|-damage|p2a: Hydreigon|82\/100|[from] Stealth Rock\n|move|p1a: Ampharos|Volt Switch|p2a: Hydreigon\n|-resisted|p2a: Hydreigon\n|-damage|p2a: Hydreigon|57\/100\n|\n|t:|1700030619\n|switch|p1a: Cetitan|Cetitan, F, shiny|100\/100|[from] Volt Switch\n|\n|-heal|p2a: Hydreigon|63\/100|[from] item: Leftovers\n|upkeep\n|turn|24\n|\n|t:|1700030630\n|move|p2a: Hydreigon|Draco Meteor|p1a: Cetitan\n|-damage|p1a: Cetitan|24\/100\n|-unboost|p2a: Hydreigon|spa|2\n|-enditem|p1a: Cetitan|Salac Berry|[eat]\n|-boost|p1a: Cetitan|spe|1|[from] item: Salac Berry\n|move|p1a: Cetitan|Belly Drum||[still]\n|-fail|p1a: Cetitan\n|\n|-heal|p2a: Hydreigon|69\/100|[from] item: Leftovers\n|upkeep\n|turn|25\n|inactive|daniel241595 has 120 seconds left.\n|\n|t:|1700030652\n|move|p1a: Cetitan|Ice Spinner|p2a: Hydreigon\n|-supereffective|p2a: Hydreigon\n|-crit|p2a: Hydreigon\n|-damage|p2a: Hydreigon|0 fnt\n|faint|p2a: Hydreigon\n|\n|upkeep\n|\n|t:|1700030659\n|switch|p2a: Urshifu|Urshifu-Rapid-Strike, F, tera:Water|40\/100\n|-damage|p2a: Urshifu|27\/100|[from] Stealth Rock\n|turn|26\n|\n|t:|1700030680\n|move|p2a: Urshifu|U-turn|p1a: Cetitan\n|-damage|p1a: Cetitan|0 fnt\n|faint|p1a: Cetitan\n|\n|t:|1700030689\n|switch|p2a: Slowbro|Slowbro, M|100\/100 brn|[from] U-turn\n|\n|-damage|p2a: Slowbro|94\/100 brn|[from] brn\n|upkeep\n|\n|t:|1700030693\n|switch|p1a: Ampharos|Ampharos-Mega, F|85\/100 tox\n|-ability|p1a: Ampharos|Mold Breaker\n|turn|27\n|\n|t:|1700030701\n|switch|p2a: Urshifu|Urshifu-Rapid-Strike, F, tera:Water|27\/100\n|-damage|p2a: Urshifu|15\/100|[from] Stealth Rock\n|move|p1a: Ampharos|Volt Switch|p2a: Urshifu\n|-supereffective|p2a: Urshifu\n|-damage|p2a: Urshifu|0 fnt\n|faint|p2a: Urshifu\n|\n|t:|1700030713\n|switch|p1a: Rillaboom|Rillaboom, M|100\/100|[from] Volt Switch\n|-fieldstart|move: Grassy Terrain|[from] ability: Grassy Surge|[of] p1a: Rillaboom\n|\n|upkeep\n|\n|t:|1700030719\n|switch|p2a: Slowbro|Slowbro, M|100\/100 brn\n|turn|28\n|\n|t:|1700030726\n|-terastallize|p1a: Rillaboom|Grass\n|move|p1a: Rillaboom|Wood Hammer|p2a: Slowbro\n|-supereffective|p2a: Slowbro\n|-damage|p2a: Slowbro|0 fnt\n|faint|p2a: Slowbro\n|-damage|p1a: Rillaboom|62\/100|[from] Recoil\n|\n|-heal|p1a: Rillaboom|69\/100|[from] Grassy Terrain\n|upkeep\n|-message|qawer159er forfeited.\n|\n|win|daniel241595\n|raw|daniel241595's rating: 1428 &rarr; <strong>1452<\/strong><br \/>(+24 for winning)\n|raw|qawer159er's rating: 1501 &rarr; <strong>1477<\/strong><br \/>(-24 for losing)\n|l|\u2606qawer159er\n","uploadtime":1700030734,"views":7,"p1id":"daniel241595","p2id":"qawer159er","formatid":"gen9nationaldex","rating":1452,"private":0,"password":""}