{"id":"gen9nationaldex-1993092651","p1":"coolmanchew666","p2":"Eduzin17_YT","format":"[Gen 9] National Dex","log":"|j|\u2606coolmanchew666\n|j|\u2606Eduzin17_YT\n|t:|1700263873\n|gametype|singles\n|player|p1|coolmanchew666|sabrina|1000\n|player|p2|Eduzin17_YT|wallace|1055\n|teamsize|p1|6\n|teamsize|p2|4\n|gen|9\n|tier|[Gen 9] National Dex\n|rated|\n|rule|HP Percentage Mod: HP is shown in percentages\n|rule|Endless Battle Clause: Forcing endless battles is banned\n|rule|OHKO Clause: OHKO moves are banned\n|rule|Evasion Clause: Evasion abilities, items, and moves are banned\n|rule|Evasion Abilities Clause: Evasion abilities are banned\n|rule|Evasion Items Clause: Evasion items are banned\n|rule|Evasion Moves Clause: Evasion moves are banned\n|rule|Species Clause: Limit one of each Pok\u00e9mon\n|rule|Sleep Clause Mod: Limit one foe put to sleep\n|clearpoke\n|poke|p1|Golem, F|\n|poke|p1|Raichu, M|\n|poke|p1|Froslass, F|\n|poke|p1|Zoroark, M|\n|poke|p1|Victreebel, M|\n|poke|p1|Delphox, F|\n|poke|p2|Lopunny, F|\n|poke|p2|Gardevoir, F|\n|poke|p2|Vaporeon, F|\n|poke|p2|Machamp, M|\n|teampreview\n|inactive|Battle timer is ON: inactive players will automatically lose when time's up. (requested by Eduzin17_YT)\n|c|\u2606Eduzin17_YT|Did you no vaporeon\n|\n|t:|1700263891\n|start\n|switch|p1a: Golem|Golem, F|100\/100\n|switch|p2a: Did you vaporeon|Vaporeon, F|100\/100\n|turn|1\n|\n|t:|1700263900\n|move|p2a: Did you vaporeon|Acid Armor|p2a: Did you vaporeon\n|-boost|p2a: Did you vaporeon|def|2\n|move|p1a: Golem|Stealth Rock|p2a: Did you vaporeon\n|-sidestart|p2: Eduzin17_YT|move: Stealth Rock\n|\n|upkeep\n|turn|2\n|\n|t:|1700263909\n|move|p2a: Did you vaporeon|Hydro Pump|p1a: Golem\n|-supereffective|p1a: Golem\n|-damage|p1a: Golem|0 fnt\n|faint|p1a: Golem\n|\n|upkeep\n|\n|t:|1700263914\n|switch|p1a: Raichu|Raichu, M|100\/100\n|-item|p1a: Raichu|Air Balloon\n|turn|3\n|\n|t:|1700263930\n|move|p1a: Raichu|Thunder|p2a: Did you vaporeon\n|-supereffective|p2a: Did you vaporeon\n|-damage|p2a: Did you vaporeon|26\/100\n|move|p2a: Did you vaporeon|Calm Mind|p2a: Did you vaporeon\n|-boost|p2a: Did you vaporeon|spa|1\n|-boost|p2a: Did you vaporeon|spd|1\n|\n|-heal|p2a: Did you vaporeon|32\/100|[from] item: Leftovers\n|upkeep\n|turn|4\n|\n|t:|1700263939\n|move|p1a: Raichu|Nuzzle|p2a: Did you vaporeon\n|-supereffective|p2a: Did you vaporeon\n|-damage|p2a: Did you vaporeon|25\/100\n|-status|p2a: Did you vaporeon|par\n|move|p2a: Did you vaporeon|Hydro Pump|p1a: Raichu\n|-damage|p1a: Raichu|2\/100\n|-enditem|p1a: Raichu|Air Balloon\n|\n|-heal|p2a: Did you vaporeon|32\/100 par|[from] item: Leftovers\n|upkeep\n|turn|5\n|\n|t:|1700263949\n|move|p1a: Raichu|Thunder|p2a: Did you vaporeon\n|-supereffective|p2a: Did you vaporeon\n|-damage|p2a: Did you vaporeon|0 fnt\n|faint|p2a: Did you vaporeon\n|\n|upkeep\n|\n|t:|1700263958\n|switch|p2a: Lady|Gardevoir, F|100\/100\n|-damage|p2a: Lady|88\/100|[from] Stealth Rock\n|-ability|p2a: Lady|Static|[from] ability: Trace|[of] p1a: Raichu\n|turn|6\n|\n|t:|1700263964\n|move|p2a: Lady|Trick|p1a: Raichu\n|-activate|p2a: Lady|move: Trick|[of] p1a: Raichu\n|-item|p1a: Raichu|Choice Scarf|[from] move: Trick\n|-enditem|p2a: Lady|Choice Scarf|[silent]|[from] move: Trick\n|move|p1a: Raichu|Reflect|p1a: Raichu\n|-sidestart|p1: coolmanchew666|Reflect\n|\n|upkeep\n|turn|7\n|\n|t:|1700263980\n|switch|p1a: Victreebel|Victreebel, M|100\/100\n|move|p2a: Lady|Moonblast|p1a: Victreebel\n|-resisted|p1a: Victreebel\n|-damage|p1a: Victreebel|76\/100\n|\n|upkeep\n|turn|8\n|\n|t:|1700263990\n|move|p2a: Lady|Psychic|p1a: Victreebel\n|-supereffective|p1a: Victreebel\n|-crit|p1a: Victreebel\n|-damage|p1a: Victreebel|0 fnt\n|faint|p1a: Victreebel\n|\n|upkeep\n|\n|t:|1700264000\n|switch|p1a: Froslass|Froslass, F|100\/100\n|turn|9\n|\n|t:|1700264009\n|move|p1a: Froslass|Will-O-Wisp|p2a: Lady\n|-status|p2a: Lady|brn\n|move|p2a: Lady|Trick|p1a: Froslass\n|-activate|p2a: Lady|move: Trick|[of] p1a: Froslass\n|-enditem|p1a: Froslass|Focus Sash|[silent]|[from] move: Trick\n|-item|p2a: Lady|Focus Sash|[from] move: Trick\n|\n|-damage|p2a: Lady|82\/100 brn|[from] brn\n|upkeep\n|turn|10\n|\n|t:|1700264021\n|move|p1a: Froslass|Hex|p2a: Lady\n|-supereffective|p2a: Lady\n|-damage|p2a: Lady|14\/100 brn\n|move|p2a: Lady|Moonblast|p1a: Froslass\n|-damage|p1a: Froslass|48\/100\n|-unboost|p1a: Froslass|spa|1\n|\n|-damage|p2a: Lady|8\/100 brn|[from] brn\n|-sideend|p1: coolmanchew666|Reflect\n|upkeep\n|turn|11\n|\n|t:|1700264031\n|move|p1a: Froslass|Hex|p2a: Lady\n|-supereffective|p2a: Lady\n|-damage|p2a: Lady|0 fnt\n|faint|p2a: Lady\n|\n|upkeep\n|\n|t:|1700264034\n|switch|p2a: SUS|Lopunny, F, shiny|100\/100\n|-damage|p2a: SUS|88\/100|[from] Stealth Rock\n|turn|12\n|\n|t:|1700264041\n|detailschange|p2a: SUS|Lopunny-Mega, F, shiny\n|-mega|p2a: SUS|Lopunny|Lopunnite\n|move|p2a: SUS|Fake Out|p1a: Froslass\n|-damage|p1a: Froslass|17\/100\n|cant|p1a: Froslass|flinch\n|\n|upkeep\n|turn|13\n|\n|t:|1700264049\n|move|p2a: SUS|Return|p1a: Froslass\n|-damage|p1a: Froslass|0 fnt\n|faint|p1a: Froslass\n|\n|upkeep\n|\n|t:|1700264058\n|switch|p1a: Delphox|Delphox, F|100\/100\n|turn|14\n|\n|t:|1700264065\n|move|p2a: SUS|Return|p1a: Delphox\n|-damage|p1a: Delphox|12\/100\n|move|p1a: Delphox|Switcheroo||[still]\n|-fail|p1a: Delphox\n|\n|upkeep\n|turn|15\n|c|\u2606coolmanchew666|damn\n|\n|t:|1700264073\n|move|p2a: SUS|Return|p1a: Delphox\n|-damage|p1a: Delphox|0 fnt\n|faint|p1a: Delphox\n|\n|upkeep\n|\n|t:|1700264079\n|switch|p1a: Raichu|Raichu, M|2\/100\n|turn|16\n|\n|t:|1700264085\n|move|p1a: Raichu|Thunder|p2a: SUS\n|-damage|p2a: SUS|29\/100\n|-status|p2a: SUS|par\n|move|p2a: SUS|Return|p1a: Raichu\n|-damage|p1a: Raichu|0 fnt\n|faint|p1a: Raichu\n|\n|upkeep\n|\n|t:|1700264093\n|switch|p1a: Zoroark|Zoroark, M, shiny|100\/100\n|turn|17\n|\n|t:|1700264098\n|move|p1a: Zoroark|Dark Pulse|p2a: SUS\n|-resisted|p2a: SUS\n|-damage|p2a: SUS|6\/100 par\n|move|p2a: SUS|Close Combat|p1a: Zoroark\n|-supereffective|p1a: Zoroark\n|-damage|p1a: Zoroark|0 fnt\n|-unboost|p2a: SUS|def|1\n|-unboost|p2a: SUS|spd|1\n|faint|p1a: Zoroark\n|\n|win|Eduzin17_YT\n|raw|coolmanchew666's rating: 1000 &rarr; <strong>1000<\/strong><br \/>(+0 for losing)\n|raw|Eduzin17_YT's rating: 1055 &rarr; <strong>1082<\/strong><br \/>(+27 for winning)\n","uploadtime":1700264105,"views":15,"p1id":"coolmanchew666","p2id":"eduzin17yt","formatid":"gen9nationaldex","rating":1000,"private":0,"password":""}