{"id":"gen9nationaldex-1987340163","p1":"N3ROZ3RO","p2":"Jor99fran","format":"[Gen 9] National Dex","log":"|j|\u2606N3ROZ3RO\n|j|\u2606Jor99fran\n|t:|1699579389\n|gametype|singles\n|player|p1|N3ROZ3RO|maxie-gen6|\n|player|p2|Jor99fran|169|\n|teamsize|p1|6\n|teamsize|p2|6\n|gen|9\n|tier|[Gen 9] National Dex\n|rule|HP Percentage Mod: HP is shown in percentages\n|rule|Endless Battle Clause: Forcing endless battles is banned\n|rule|OHKO Clause: OHKO moves are banned\n|rule|Evasion Clause: Evasion abilities, items, and moves are banned\n|rule|Evasion Abilities Clause: Evasion abilities are banned\n|rule|Evasion Items Clause: Evasion items are banned\n|rule|Evasion Moves Clause: Evasion moves are banned\n|rule|Species Clause: Limit one of each Pok\u00e9mon\n|rule|Sleep Clause Mod: Limit one foe put to sleep\n|clearpoke\n|poke|p1|Marowak-Alola, M|\n|poke|p1|Torkoal, F|\n|poke|p1|Tauros-Paldea-Blaze, M|\n|poke|p1|Salazzle, F|\n|poke|p1|Houndoom, F|\n|poke|p1|Victini|\n|poke|p2|Lucario, F|\n|poke|p2|Toxapex, F|\n|poke|p2|Aegislash, M|\n|poke|p2|Dragonite, M|\n|poke|p2|Aerodactyl, M|\n|poke|p2|Mimikyu, F|\n|teampreview\n|\n|t:|1699579398\n|start\n|switch|p1a: Torkoal|Torkoal, F|100\/100\n|switch|p2a: Toxapex|Toxapex, F|100\/100\n|-weather|SunnyDay|[from] ability: Drought|[of] p1a: Torkoal\n|turn|1\n|j| RedavElPiplup\n|\n|t:|1699579431\n|move|p2a: Toxapex|Toxic Spikes|p1a: Torkoal\n|-sidestart|p1: N3ROZ3RO|move: Toxic Spikes\n|move|p1a: Torkoal|Yawn|p2a: Toxapex\n|-start|p2a: Toxapex|move: Yawn|[of] p1a: Torkoal\n|\n|-weather|SunnyDay|[upkeep]\n|upkeep\n|turn|2\n|\n|t:|1699579438\n|switch|p1a: Salazzle|Salazzle, F|100\/100\n|-sideend|p1: N3ROZ3RO|move: Toxic Spikes|[of] p1a: Salazzle\n|move|p2a: Toxapex|Toxic Spikes|p1a: Salazzle\n|-sidestart|p1: N3ROZ3RO|move: Toxic Spikes\n|\n|-weather|SunnyDay|[upkeep]\n|-end|p2a: Toxapex|move: Yawn|[silent]\n|-status|p2a: Toxapex|slp\n|upkeep\n|turn|3\n|\n|t:|1699579444\n|move|p1a: Salazzle|Nasty Plot|p1a: Salazzle\n|-boost|p1a: Salazzle|spa|2\n|cant|p2a: Toxapex|slp\n|\n|-weather|SunnyDay|[upkeep]\n|upkeep\n|turn|4\n|\n|t:|1699579450\n|move|p1a: Salazzle|Nasty Plot|p1a: Salazzle\n|-boost|p1a: Salazzle|spa|2\n|cant|p2a: Toxapex|slp\n|\n|-weather|SunnyDay|[upkeep]\n|upkeep\n|turn|5\n|\n|t:|1699579456\n|move|p1a: Salazzle|Flamethrower|p2a: Toxapex\n|-resisted|p2a: Toxapex\n|-damage|p2a: Toxapex|54\/100 slp\n|-curestatus|p2a: Toxapex|slp|[msg]\n|move|p2a: Toxapex|Haze|p2a: Toxapex\n|-clearallboost\n|\n|-weather|SunnyDay|[upkeep]\n|-heal|p2a: Toxapex|60\/100|[from] item: Black Sludge\n|upkeep\n|turn|6\n|\n|t:|1699579465\n|move|p1a: Salazzle|Toxic|p2a: Toxapex\n|-status|p2a: Toxapex|tox\n|move|p2a: Toxapex|Scald|p1a: Salazzle\n|-supereffective|p1a: Salazzle\n|-damage|p1a: Salazzle|73\/100\n|\n|-weather|SunnyDay|[upkeep]\n|-heal|p1a: Salazzle|80\/100|[from] item: Black Sludge\n|-heal|p2a: Toxapex|67\/100 tox|[from] item: Black Sludge\n|-damage|p2a: Toxapex|60\/100 tox|[from] psn\n|upkeep\n|turn|7\n|j| endmy\n|\n|t:|1699579482\n|move|p1a: Salazzle|Nasty Plot|p1a: Salazzle\n|-boost|p1a: Salazzle|spa|2\n|move|p2a: Toxapex|Scald|p1a: Salazzle\n|-supereffective|p1a: Salazzle\n|-damage|p1a: Salazzle|53\/100\n|\n|-weather|SunnyDay|[upkeep]\n|-heal|p1a: Salazzle|59\/100|[from] item: Black Sludge\n|-heal|p2a: Toxapex|67\/100 tox|[from] item: Black Sludge\n|-damage|p2a: Toxapex|54\/100 tox|[from] psn\n|upkeep\n|turn|8\n|\n|t:|1699579495\n|move|p1a: Salazzle|Flamethrower|p2a: Toxapex\n|-resisted|p2a: Toxapex\n|-damage|p2a: Toxapex|24\/100 tox\n|move|p2a: Toxapex|Haze|p2a: Toxapex\n|-clearallboost\n|\n|-weather|none\n|-heal|p1a: Salazzle|65\/100|[from] item: Black Sludge\n|-heal|p2a: Toxapex|30\/100 tox|[from] item: Black Sludge\n|-damage|p2a: Toxapex|11\/100 tox|[from] psn\n|upkeep\n|turn|9\n|\n|t:|1699579508\n|move|p1a: Salazzle|Nasty Plot|p1a: Salazzle\n|-boost|p1a: Salazzle|spa|2\n|move|p2a: Toxapex|Recover|p2a: Toxapex\n|-heal|p2a: Toxapex|61\/100 tox\n|\n|-heal|p1a: Salazzle|72\/100|[from] item: Black Sludge\n|-heal|p2a: Toxapex|67\/100 tox|[from] item: Black Sludge\n|-damage|p2a: Toxapex|42\/100 tox|[from] psn\n|upkeep\n|turn|10\n|\n|t:|1699579518\n|move|p1a: Salazzle|Sludge Bomb|p2a: Toxapex\n|-resisted|p2a: Toxapex\n|-damage|p2a: Toxapex|21\/100 tox\n|move|p2a: Toxapex|Recover|p2a: Toxapex\n|-heal|p2a: Toxapex|71\/100 tox\n|\n|-heal|p1a: Salazzle|78\/100|[from] item: Black Sludge\n|-heal|p2a: Toxapex|77\/100 tox|[from] item: Black Sludge\n|-damage|p2a: Toxapex|46\/100 tox|[from] psn\n|upkeep\n|turn|11\n|\n|t:|1699579527\n|move|p1a: Salazzle|Nasty Plot|p1a: Salazzle\n|-boost|p1a: Salazzle|spa|2\n|move|p2a: Toxapex|Recover|p2a: Toxapex\n|-heal|p2a: Toxapex|96\/100 tox\n|\n|-heal|p1a: Salazzle|84\/100|[from] item: Black Sludge\n|-heal|p2a: Toxapex|100\/100 tox|[from] item: Black Sludge\n|-damage|p2a: Toxapex|63\/100 tox|[from] psn\n|upkeep\n|turn|12\n|\n|t:|1699579541\n|move|p1a: Salazzle|Sludge Bomb|p2a: Toxapex\n|-resisted|p2a: Toxapex\n|-damage|p2a: Toxapex|30\/100 tox\n|move|p2a: Toxapex|Haze|p2a: Toxapex\n|-clearallboost\n|\n|-heal|p1a: Salazzle|90\/100|[from] item: Black Sludge\n|-heal|p2a: Toxapex|36\/100 tox|[from] item: Black Sludge\n|-damage|p2a: Toxapex|0 fnt|[from] psn\n|faint|p2a: Toxapex\n|upkeep\n|\n|t:|1699579555\n|switch|p2a: Aerodactyl|Aerodactyl, M|100\/100\n|turn|13\n|\n|t:|1699579562\n|switch|p1a: Torkoal|Torkoal, F|100\/100\n|-status|p1a: Torkoal|psn\n|-weather|SunnyDay|[from] ability: Drought|[of] p1a: Torkoal\n|detailschange|p2a: Aerodactyl|Aerodactyl-Mega, M\n|-mega|p2a: Aerodactyl|Aerodactyl|Aerodactylite\n|move|p2a: Aerodactyl|Stone Edge|p1a: Torkoal\n|-supereffective|p1a: Torkoal\n|-crit|p1a: Torkoal\n|-damage|p1a: Torkoal|14\/100 psn\n|\n|-weather|SunnyDay|[upkeep]\n|-damage|p1a: Torkoal|2\/100 psn|[from] psn\n|upkeep\n|turn|14\n|\n|t:|1699579575\n|move|p2a: Aerodactyl|Earthquake|p1a: Torkoal\n|-supereffective|p1a: Torkoal\n|-damage|p1a: Torkoal|0 fnt\n|faint|p1a: Torkoal\n|\n|-weather|SunnyDay|[upkeep]\n|upkeep\n|\n|t:|1699579588\n|switch|p1a: Salazzle|Salazzle, F|90\/100\n|-sideend|p1: N3ROZ3RO|move: Toxic Spikes|[of] p1a: Salazzle\n|turn|15\n|\n|t:|1699579596\n|move|p2a: Aerodactyl|Stone Edge|p1a: Salazzle\n|-supereffective|p1a: Salazzle\n|-damage|p1a: Salazzle|0 fnt\n|faint|p1a: Salazzle\n|\n|-weather|SunnyDay|[upkeep]\n|upkeep\n|\n|t:|1699579606\n|switch|p1a: Tauros|Tauros-Paldea-Blaze, M|100\/100\n|-ability|p1a: Tauros|Intimidate|boost\n|-unboost|p2a: Aerodactyl|atk|1\n|turn|16\n|\n|t:|1699579612\n|move|p2a: Aerodactyl|Stone Edge|p1a: Tauros\n|-damage|p1a: Tauros|57\/100\n|move|p1a: Tauros|Bulk Up|p1a: Tauros\n|-boost|p1a: Tauros|atk|1\n|-boost|p1a: Tauros|def|1\n|\n|-weather|SunnyDay|[upkeep]\n|upkeep\n|turn|17\n|\n|t:|1699579623\n|move|p2a: Aerodactyl|Earthquake|p1a: Tauros\n|-supereffective|p1a: Tauros\n|-damage|p1a: Tauros|22\/100\n|move|p1a: Tauros|Close Combat|p2a: Aerodactyl\n|-crit|p2a: Aerodactyl\n|-damage|p2a: Aerodactyl|0 fnt\n|-unboost|p1a: Tauros|def|1\n|-unboost|p1a: Tauros|spd|1\n|faint|p2a: Aerodactyl\n|-damage|p1a: Tauros|12\/100|[from] item: Life Orb\n|\n|-weather|SunnyDay|[upkeep]\n|upkeep\n|\n|t:|1699579635\n|switch|p2a: Dragonite|Dragonite, M|100\/100\n|turn|18\n|\n|t:|1699579641\n|-terastallize|p2a: Dragonite|Normal\n|move|p2a: Dragonite|Extreme Speed|p1a: Tauros\n|-damage|p1a: Tauros|0 fnt\n|faint|p1a: Tauros\n|\n|-weather|SunnyDay|[upkeep]\n|upkeep\n|\n|t:|1699579647\n|switch|p1a: Marowak|Marowak-Alola, M|100\/100\n|turn|19\n|\n|t:|1699579664\n|-terastallize|p1a: Marowak|Ghost\n|move|p2a: Dragonite|Extreme Speed|p1a: Marowak\n|-immune|p1a: Marowak\n|move|p1a: Marowak|Flare Blitz|p2a: Dragonite\n|-damage|p2a: Dragonite|19\/100\n|\n|-weather|SunnyDay|[upkeep]\n|upkeep\n|turn|20\n|\n|t:|1699579672\n|move|p2a: Dragonite|Earthquake|p1a: Marowak\n|-damage|p1a: Marowak|60\/100\n|move|p1a: Marowak|Flare Blitz|p2a: Dragonite\n|-damage|p2a: Dragonite|0 fnt\n|faint|p2a: Dragonite\n|\n|-weather|none\n|upkeep\n|\n|t:|1699579688\n|switch|p2a: Mimikyu|Mimikyu, F|100\/100\n|turn|21\n|\n|t:|1699579698\n|move|p2a: Mimikyu|Swords Dance|p2a: Mimikyu\n|-boost|p2a: Mimikyu|atk|2\n|move|p1a: Marowak|Poltergeist|p2a: Mimikyu\n|-activate|p2a: Mimikyu|move: Poltergeist|Life Orb\n|-activate|p2a: Mimikyu|ability: Disguise\n|-damage|p2a: Mimikyu|100\/100\n|detailschange|p2a: Mimikyu|Mimikyu-Busted, F\n|-damage|p2a: Mimikyu|88\/100|[from] pokemon: Mimikyu-Busted\n|\n|upkeep\n|turn|22\n|\n|t:|1699579707\n|move|p2a: Mimikyu|Shadow Claw|p1a: Marowak\n|-supereffective|p1a: Marowak\n|-damage|p1a: Marowak|0 fnt\n|faint|p1a: Marowak\n|-damage|p2a: Mimikyu|78\/100|[from] item: Life Orb\n|\n|upkeep\n|\n|t:|1699579710\n|switch|p1a: Houndoom|Houndoom, F|100\/100\n|turn|23\n|\n|t:|1699579715\n|detailschange|p1a: Houndoom|Houndoom-Mega, F\n|-mega|p1a: Houndoom|Houndoom|Houndoominite\n|move|p1a: Houndoom|Sludge Bomb|p2a: Mimikyu\n|-damage|p2a: Mimikyu|32\/100\n|move|p2a: Mimikyu|Shadow Claw|p1a: Houndoom\n|-resisted|p1a: Houndoom\n|-damage|p1a: Houndoom|53\/100\n|-damage|p2a: Mimikyu|22\/100|[from] item: Life Orb\n|\n|upkeep\n|turn|24\n|\n|t:|1699579725\n|move|p1a: Houndoom|Fire Blast|p2a: Mimikyu\n|-damage|p2a: Mimikyu|0 fnt\n|faint|p2a: Mimikyu\n|\n|upkeep\n|\n|t:|1699579731\n|switch|p2a: Aegislash|Aegislash, M|100\/100\n|turn|25\n|\n|t:|1699579737\n|move|p2a: Aegislash|King's Shield|p2a: Aegislash\n|-singleturn|p2a: Aegislash|Protect\n|move|p1a: Houndoom|Fire Blast|p2a: Aegislash\n|-activate|p2a: Aegislash|move: Protect\n|\n|upkeep\n|turn|26\n|\n|t:|1699579744\n|move|p1a: Houndoom|Fire Blast|p2a: Aegislash|[miss]\n|-miss|p1a: Houndoom|p2a: Aegislash\n|-formechange|p2a: Aegislash|Aegislash-Blade||[from] ability: Stance Change\n|move|p2a: Aegislash|Shadow Ball|p1a: Houndoom\n|-resisted|p1a: Houndoom\n|-damage|p1a: Houndoom|31\/100\n|\n|upkeep\n|turn|27\n|\n|t:|1699579752\n|-formechange|p2a: Aegislash|Aegislash||[from] ability: Stance Change\n|move|p2a: Aegislash|King's Shield|p2a: Aegislash\n|-singleturn|p2a: Aegislash|Protect\n|move|p1a: Houndoom|Nasty Plot|p1a: Houndoom\n|-boost|p1a: Houndoom|spa|2\n|\n|upkeep\n|turn|28\n|\n|t:|1699579760\n|move|p1a: Houndoom|Fire Blast|p2a: Aegislash|[miss]\n|-miss|p1a: Houndoom|p2a: Aegislash\n|-formechange|p2a: Aegislash|Aegislash-Blade||[from] ability: Stance Change\n|move|p2a: Aegislash|Gyro Ball|p1a: Houndoom\n|-resisted|p1a: Houndoom\n|-damage|p1a: Houndoom|0 fnt\n|faint|p1a: Houndoom\n|\n|upkeep\n|\n|t:|1699579763\n|switch|p1a: Victini|Victini|100\/100\n|turn|29\n|\n|t:|1699579771\n|-zpower|p1a: Victini\n|move|p1a: Victini|Z-Celebrate|p1a: Victini|[anim]Celebrate\n|-boost|p1a: Victini|atk|1|[zeffect]\n|-boost|p1a: Victini|def|1|[zeffect]\n|-boost|p1a: Victini|spa|1|[zeffect]\n|-boost|p1a: Victini|spd|1|[zeffect]\n|-boost|p1a: Victini|spe|1|[zeffect]\n|-activate|p1a: Victini|move: Celebrate\n|move|p2a: Aegislash|Toxic|p1a: Victini\n|-status|p1a: Victini|tox\n|\n|-damage|p1a: Victini|94\/100 tox|[from] psn\n|upkeep\n|turn|30\n|\n|t:|1699579782\n|-formechange|p2a: Aegislash|Aegislash||[from] ability: Stance Change\n|move|p2a: Aegislash|King's Shield|p2a: Aegislash\n|-singleturn|p2a: Aegislash|Protect\n|move|p1a: Victini|Searing Shot|p2a: Aegislash\n|-activate|p2a: Aegislash|move: Protect\n|\n|-damage|p1a: Victini|82\/100 tox|[from] psn\n|upkeep\n|turn|31\n|\n|t:|1699579791\n|move|p1a: Victini|Searing Shot|p2a: Aegislash\n|-supereffective|p2a: Aegislash\n|-damage|p2a: Aegislash|26\/100\n|-formechange|p2a: Aegislash|Aegislash-Blade||[from] ability: Stance Change\n|move|p2a: Aegislash|Shadow Ball|p1a: Victini\n|-supereffective|p1a: Victini\n|-damage|p1a: Victini|36\/100 tox\n|-unboost|p1a: Victini|spd|1\n|\n|-damage|p1a: Victini|18\/100 tox|[from] psn\n|upkeep\n|turn|32\n|\n|t:|1699579801\n|move|p1a: Victini|Searing Shot|p2a: Aegislash\n|-supereffective|p2a: Aegislash\n|-damage|p2a: Aegislash|0 fnt\n|faint|p2a: Aegislash\n|\n|-damage|p1a: Victini|0 fnt|[from] psn\n|faint|p1a: Victini\n|\n|win|Jor99fran\n|upkeep\n|l| RedavElPiplup\n|l|\u2606N3ROZ3RO\n|l|\u2606Jor99fran\n|j|\u2606N3ROZ3RO\n|player|p1|N3ROZ3RO|maxie-gen6\n","uploadtime":1699579815,"views":4,"p1id":"n3roz3ro","p2id":"jor99fran","formatid":"gen9nationaldex","rating":0,"private":0,"password":""}