{"id":"gen9nationaldex-1988627625","p1":"female charizard","p2":"Shovel Florentine","format":"[Gen 9] National Dex","log":"|j|\u2606female charizard\n|j|\u2606Shovel Florentine\n|t:|1699743634\n|gametype|singles\n|player|p1|female charizard|170|1194\n|player|p2|Shovel Florentine|acetrainerf|1228\n|teamsize|p1|6\n|teamsize|p2|6\n|gen|9\n|tier|[Gen 9] National Dex\n|rated|\n|rule|HP Percentage Mod: HP is shown in percentages\n|rule|Endless Battle Clause: Forcing endless battles is banned\n|rule|OHKO Clause: OHKO moves are banned\n|rule|Evasion Clause: Evasion abilities, items, and moves are banned\n|rule|Evasion Abilities Clause: Evasion abilities are banned\n|rule|Evasion Items Clause: Evasion items are banned\n|rule|Evasion Moves Clause: Evasion moves are banned\n|rule|Species Clause: Limit one of each Pok\u00e9mon\n|rule|Sleep Clause Mod: Limit one foe put to sleep\n|clearpoke\n|poke|p1|Kyurem|\n|poke|p1|Abomasnow, M|\n|poke|p1|Breloom, F|\n|poke|p1|Rhyperior, F|\n|poke|p1|Ogerpon-Wellspring, F|\n|poke|p1|Arbok, M|\n|poke|p2|Scyther, M|\n|poke|p2|Ninetales, F|\n|poke|p2|Rapidash, F|\n|poke|p2|Ivysaur, M|\n|poke|p2|Machoke, M|\n|poke|p2|Articuno|\n|teampreview\n|\n|t:|1699743638\n|start\n|switch|p1a: A subtle joke|Abomasnow, M|100\/100\n|switch|p2a: Donatello|Machoke, M, shiny|100\/100\n|-weather|Snow|[from] ability: Snow Warning|[of] p1a: A subtle joke\n|turn|1\n|inactive|Battle timer is ON: inactive players will automatically lose when time's up. (requested by Shovel Florentine)\n|\n|t:|1699743647\n|move|p1a: A subtle joke|Aurora Veil|p1a: A subtle joke\n|-sidestart|p1: female charizard|move: Aurora Veil\n|move|p2a: Donatello|Dynamic Punch|p1a: A subtle joke\n|-supereffective|p1a: A subtle joke\n|-damage|p1a: A subtle joke|63\/100\n|-start|p1a: A subtle joke|confusion\n|\n|-weather|Snow|[upkeep]\n|upkeep\n|turn|2\n|\n|t:|1699743656\n|switch|p1a: bisexual|Breloom, F|100\/100\n|switch|p2a: Arch One|Articuno|100\/100\n|-ability|p2a: Arch One|Pressure\n|\n|-weather|Snow|[upkeep]\n|upkeep\n|turn|3\n|\n|t:|1699743669\n|move|p1a: bisexual|Spore|p2a: Arch One\n|-status|p2a: Arch One|slp|[from] move: Spore\n|cant|p2a: Arch One|slp\n|\n|-weather|Snow|[upkeep]\n|upkeep\n|turn|4\n|\n|t:|1699743672\n|move|p1a: bisexual|Dynamic Punch|p2a: Arch One|[miss]\n|-miss|p1a: bisexual|p2a: Arch One\n|-enditem|p1a: bisexual|Blunder Policy\n|-boost|p1a: bisexual|spe|2\n|-curestatus|p2a: Arch One|slp|[msg]\n|move|p2a: Arch One|Defog|p1a: bisexual\n|-unboost|p1a: bisexual|evasion|1\n|-sideend|p1: female charizard|move: Aurora Veil\n|\n|-weather|Snow|[upkeep]\n|upkeep\n|turn|5\n|\n|t:|1699743684\n|move|p1a: bisexual|Spore|p2a: Arch One\n|-status|p2a: Arch One|slp|[from] move: Spore\n|cant|p2a: Arch One|slp\n|\n|-weather|none\n|upkeep\n|turn|6\n|\n|t:|1699743689\n|move|p1a: bisexual|Dynamic Punch|p2a: Arch One\n|-damage|p2a: Arch One|52\/100 slp\n|-start|p2a: Arch One|confusion\n|cant|p2a: Arch One|slp\n|\n|upkeep\n|turn|7\n|\n|t:|1699743698\n|switch|p2a: Knotch|Scyther, M, shiny|100\/100\n|move|p1a: bisexual|Mach Punch|p2a: Knotch\n|-resisted|p2a: Knotch\n|-damage|p2a: Knotch|93\/100\n|\n|upkeep\n|turn|8\n|\n|t:|1699743709\n|switch|p1a: SOLID SUGGESTER|Rhyperior, F|100\/100\n|move|p2a: Knotch|Swords Dance|p2a: Knotch\n|-boost|p2a: Knotch|atk|2\n|\n|upkeep\n|turn|9\n|j| Adamanzane\n|\n|t:|1699743716\n|-terastallize|p2a: Knotch|Steel\n|move|p2a: Knotch|Trailblaze|p1a: SOLID SUGGESTER\n|-supereffective|p1a: SOLID SUGGESTER\n|-damage|p1a: SOLID SUGGESTER|3\/100\n|-boost|p2a: Knotch|spe|1\n|-enditem|p1a: SOLID SUGGESTER|Weakness Policy\n|-boost|p1a: SOLID SUGGESTER|atk|2|[from] item: Weakness Policy\n|-boost|p1a: SOLID SUGGESTER|spa|2|[from] item: Weakness Policy\n|move|p1a: SOLID SUGGESTER|Rock Blast|p2a: Knotch\n|-resisted|p2a: Knotch\n|-damage|p2a: Knotch|81\/100\n|-resisted|p2a: Knotch\n|-damage|p2a: Knotch|68\/100\n|-hitcount|p2a: Knotch|2\n|\n|upkeep\n|turn|10\n|j| mistahmerrikuu\n|j| kung fu pokechu\n|j| snugglesnfluff\n|\n|t:|1699743732\n|move|p2a: Knotch|Trailblaze|p1a: SOLID SUGGESTER\n|-supereffective|p1a: SOLID SUGGESTER\n|-damage|p1a: SOLID SUGGESTER|0 fnt\n|-boost|p2a: Knotch|spe|1\n|faint|p1a: SOLID SUGGESTER\n|\n|upkeep\n|\n|t:|1699743735\n|switch|p1a: at last|Arbok, M|100\/100\n|-ability|p1a: at last|Intimidate|boost\n|-unboost|p2a: Knotch|atk|1\n|turn|11\n|\n|t:|1699743743\n|move|p2a: Knotch|Dual Wingbeat|p1a: at last\n|-damage|p1a: at last|31\/100\n|-damage|p1a: at last|0 fnt\n|faint|p1a: at last\n|-hitcount|p1: at last|2\n|\n|upkeep\n|\n|t:|1699743752\n|switch|p1a: pressure friends|Kyurem|100\/100\n|-ability|p1a: pressure friends|Pressure\n|turn|12\n|\n|t:|1699743758\n|move|p2a: Knotch|Swords Dance|p2a: Knotch\n|-boost|p2a: Knotch|atk|2\n|move|p1a: pressure friends|Substitute|p1a: pressure friends\n|-start|p1a: pressure friends|Substitute\n|-damage|p1a: pressure friends|76\/100\n|\n|-heal|p1a: pressure friends|82\/100|[from] item: Leftovers\n|upkeep\n|turn|13\n|\n|t:|1699743767\n|move|p2a: Knotch|Dual Wingbeat|p1a: pressure friends\n|-end|p1a: pressure friends|Substitute\n|-damage|p1a: pressure friends|28\/100\n|-hitcount|p1a: pressure friends|2\n|move|p1a: pressure friends|Freeze-Dry|p2a: Knotch\n|-resisted|p2a: Knotch\n|-damage|p2a: Knotch|54\/100\n|\n|-heal|p1a: pressure friends|34\/100|[from] item: Leftovers\n|upkeep\n|turn|14\n|\n|t:|1699743774\n|switch|p1a: A subtle joke|Abomasnow, M|63\/100\n|-weather|Snow|[from] ability: Snow Warning|[of] p1a: A subtle joke\n|move|p2a: Knotch|Dual Wingbeat|p1a: A subtle joke\n|-supereffective|p1a: A subtle joke\n|-damage|p1a: A subtle joke|0 fnt\n|faint|p1a: A subtle joke\n|-hitcount|p1: A subtle joke|1\n|\n|-weather|Snow|[upkeep]\n|upkeep\n|\n|t:|1699743776\n|switch|p1a: bisexual|Breloom, F|100\/100\n|turn|15\n|\n|t:|1699743781\n|move|p1a: bisexual|Mach Punch|p2a: Knotch\n|-supereffective|p2a: Knotch\n|-damage|p2a: Knotch|0 fnt\n|faint|p2a: Knotch\n|\n|-weather|Snow|[upkeep]\n|upkeep\n|\n|t:|1699743793\n|switch|p2a: Donatello|Machoke, M, shiny|100\/100\n|turn|16\n|inactive|female charizard has 120 seconds left.\n|inactive|female charizard has 90 seconds left.\n|\n|t:|1699743854\n|move|p1a: bisexual|Dynamic Punch|p2a: Donatello\n|-damage|p2a: Donatello|54\/100\n|-start|p2a: Donatello|confusion\n|-activate|p2a: Donatello|confusion\n|move|p2a: Donatello|Dynamic Punch|p1a: bisexual\n|-damage|p1a: bisexual|27\/100\n|-start|p1a: bisexual|confusion\n|\n|-weather|Snow|[upkeep]\n|upkeep\n|turn|17\n|\n|t:|1699743872\n|switch|p1a: mods annoy me|Ogerpon-Wellspring, F|100\/100\n|switch|p2a: Pot Ash|Ninetales, F, shiny|100\/100\n|-weather|SunnyDay|[from] ability: Drought|[of] p2a: Pot Ash\n|\n|-weather|SunnyDay|[upkeep]\n|upkeep\n|turn|18\n|\n|t:|1699743888\n|move|p1a: mods annoy me|Swords Dance|p1a: mods annoy me\n|-boost|p1a: mods annoy me|atk|2\n|move|p2a: Pot Ash|Foul Play|p1a: mods annoy me\n|-damage|p1a: mods annoy me|16\/100\n|\n|-weather|SunnyDay|[upkeep]\n|upkeep\n|turn|19\n|\n|t:|1699743896\n|-terastallize|p1a: mods annoy me|Water\n|detailschange|p1a: mods annoy me|Ogerpon-Wellspring-Tera, F, tera:Water\n|-ability|p1a: mods annoy me|Embody Aspect (Wellspring)|boost\n|-boost|p1a: mods annoy me|spd|1\n|move|p1a: mods annoy me|Ivy Cudgel|p2a: Pot Ash\n|-supereffective|p2a: Pot Ash\n|-damage|p2a: Pot Ash|0 fnt\n|faint|p2a: Pot Ash\n|\n|-weather|SunnyDay|[upkeep]\n|upkeep\n|\n|t:|1699743903\n|switch|p2a: Spuds|Ivysaur, M|100\/100\n|turn|20\n|\n|t:|1699743906\n|move|p2a: Spuds|Solar Beam||[still]\n|-prepare|p2a: Spuds|Solar Beam\n|-anim|p2a: Spuds|Solar Beam|p1a: mods annoy me\n|-supereffective|p1a: mods annoy me\n|-damage|p1a: mods annoy me|0 fnt\n|faint|p1a: mods annoy me\n|\n|-weather|SunnyDay|[upkeep]\n|upkeep\n|\n|t:|1699743910\n|switch|p1a: pressure friends|Kyurem|34\/100\n|-ability|p1a: pressure friends|Pressure\n|turn|21\n|\n|t:|1699743915\n|move|p1a: pressure friends|Protect|p1a: pressure friends\n|-singleturn|p1a: pressure friends|Protect\n|move|p2a: Spuds|Outrage|p1a: pressure friends\n|-activate|p1a: pressure friends|move: Protect\n|\n|-weather|SunnyDay|[upkeep]\n|-heal|p1a: pressure friends|40\/100|[from] item: Leftovers\n|upkeep\n|turn|22\n|\n|t:|1699743920\n|move|p2a: Spuds|Growth|p2a: Spuds\n|-boost|p2a: Spuds|atk|2\n|-boost|p2a: Spuds|spa|2\n|move|p1a: pressure friends|Substitute|p1a: pressure friends\n|-start|p1a: pressure friends|Substitute\n|-damage|p1a: pressure friends|15\/100\n|\n|-weather|SunnyDay|[upkeep]\n|-heal|p1a: pressure friends|21\/100|[from] item: Leftovers\n|upkeep\n|turn|23\n|\n|t:|1699743925\n|move|p1a: pressure friends|Protect|p1a: pressure friends\n|-singleturn|p1a: pressure friends|Protect\n|move|p2a: Spuds|Outrage|p1a: pressure friends\n|-activate|p1a: pressure friends|move: Protect\n|\n|-weather|SunnyDay|[upkeep]\n|-heal|p1a: pressure friends|28\/100|[from] item: Leftovers\n|upkeep\n|turn|24\n|\n|t:|1699743932\n|move|p2a: Spuds|Outrage|p1a: pressure friends\n|-supereffective|p1a: pressure friends\n|-end|p1a: pressure friends|Substitute\n|move|p1a: pressure friends|Freeze-Dry|p2a: Spuds\n|-supereffective|p2a: Spuds\n|-damage|p2a: Spuds|39\/100\n|\n|-weather|none\n|-heal|p1a: pressure friends|34\/100|[from] item: Leftovers\n|upkeep\n|turn|25\n|\n|t:|1699743938\n|move|p1a: pressure friends|Protect|p1a: pressure friends\n|-singleturn|p1a: pressure friends|Protect\n|move|p2a: Spuds|Outrage|p1a: pressure friends|[from]lockedmove\n|-activate|p1a: pressure friends|move: Protect\n|-start|p2a: Spuds|confusion|[fatigue]\n|\n|-heal|p1a: pressure friends|40\/100|[from] item: Leftovers\n|upkeep\n|turn|26\n|\n|t:|1699743958\n|move|p1a: pressure friends|Freeze-Dry|p2a: Spuds\n|-supereffective|p2a: Spuds\n|-damage|p2a: Spuds|0 fnt\n|faint|p2a: Spuds\n|\n|-heal|p1a: pressure friends|46\/100|[from] item: Leftovers\n|upkeep\n|\n|t:|1699743962\n|switch|p2a: Donatello|Machoke, M, shiny|54\/100\n|turn|27\n|\n|t:|1699743966\n|move|p1a: pressure friends|Protect|p1a: pressure friends\n|-singleturn|p1a: pressure friends|Protect\n|move|p2a: Donatello|Dynamic Punch|p1a: pressure friends\n|-activate|p1a: pressure friends|move: Protect\n|\n|-heal|p1a: pressure friends|52\/100|[from] item: Leftovers\n|upkeep\n|turn|28\n|\n|t:|1699743971\n|move|p1a: pressure friends|Substitute|p1a: pressure friends\n|-start|p1a: pressure friends|Substitute\n|-damage|p1a: pressure friends|27\/100\n|move|p2a: Donatello|Dynamic Punch|p1a: pressure friends\n|-supereffective|p1a: pressure friends\n|-end|p1a: pressure friends|Substitute\n|\n|-heal|p1a: pressure friends|34\/100|[from] item: Leftovers\n|upkeep\n|turn|29\n|\n|t:|1699743982\n|move|p1a: pressure friends|Protect|p1a: pressure friends\n|-singleturn|p1a: pressure friends|Protect\n|move|p2a: Donatello|Bullet Punch|p1a: pressure friends\n|-activate|p1a: pressure friends|move: Protect\n|\n|-heal|p1a: pressure friends|40\/100|[from] item: Leftovers\n|upkeep\n|turn|30\n|\n|t:|1699743996\n|move|p2a: Donatello|Bullet Punch|p1a: pressure friends\n|-supereffective|p1a: pressure friends\n|-damage|p1a: pressure friends|19\/100\n|move|p1a: pressure friends|Roost|p1a: pressure friends\n|-heal|p1a: pressure friends|69\/100\n|-singleturn|p1a: pressure friends|move: Roost\n|\n|-heal|p1a: pressure friends|75\/100|[from] item: Leftovers\n|upkeep\n|turn|31\n|\n|t:|1699744003\n|move|p2a: Donatello|Bullet Punch|p1a: pressure friends\n|-supereffective|p1a: pressure friends\n|-damage|p1a: pressure friends|53\/100\n|move|p1a: pressure friends|Substitute|p1a: pressure friends\n|-start|p1a: pressure friends|Substitute\n|-damage|p1a: pressure friends|28\/100\n|\n|-heal|p1a: pressure friends|34\/100|[from] item: Leftovers\n|upkeep\n|turn|32\n|\n|t:|1699744013\n|move|p1a: pressure friends|Protect|p1a: pressure friends\n|-singleturn|p1a: pressure friends|Protect\n|move|p2a: Donatello|Bullet Punch|p1a: pressure friends\n|-activate|p1a: pressure friends|move: Protect\n|\n|-heal|p1a: pressure friends|40\/100|[from] item: Leftovers\n|upkeep\n|turn|33\n|\n|t:|1699744017\n|move|p1a: pressure friends|Roost|p1a: pressure friends\n|-heal|p1a: pressure friends|90\/100\n|-singleturn|p1a: pressure friends|move: Roost\n|move|p2a: Donatello|Dynamic Punch|p1a: pressure friends\n|-supereffective|p1a: pressure friends\n|-end|p1a: pressure friends|Substitute\n|\n|-heal|p1a: pressure friends|97\/100|[from] item: Leftovers\n|upkeep\n|turn|34\n|\n|t:|1699744037\n|switch|p2a: Broody|Rapidash, F|100\/100\n|move|p1a: pressure friends|Substitute|p1a: pressure friends\n|-start|p1a: pressure friends|Substitute\n|-damage|p1a: pressure friends|72\/100\n|\n|-heal|p1a: pressure friends|78\/100|[from] item: Leftovers\n|upkeep\n|turn|35\n|\n|t:|1699744046\n|move|p1a: pressure friends|Freeze-Dry|p2a: Broody\n|-resisted|p2a: Broody\n|-damage|p2a: Broody|82\/100\n|move|p2a: Broody|Flame Charge|p1a: pressure friends\n|-activate|p1a: pressure friends|move: Substitute|[damage]\n|-boost|p2a: Broody|spe|1\n|\n|-heal|p1a: pressure friends|84\/100|[from] item: Leftovers\n|upkeep\n|turn|36\n|\n|t:|1699744059\n|move|p2a: Broody|Low Kick|p1a: pressure friends\n|-supereffective|p1a: pressure friends\n|-end|p1a: pressure friends|Substitute\n|move|p1a: pressure friends|Freeze-Dry|p2a: Broody\n|-resisted|p2a: Broody\n|-damage|p2a: Broody|61\/100\n|\n|-heal|p1a: pressure friends|90\/100|[from] item: Leftovers\n|upkeep\n|turn|37\n|\n|t:|1699744063\n|move|p2a: Broody|Low Kick|p1a: pressure friends\n|-supereffective|p1a: pressure friends\n|-damage|p1a: pressure friends|40\/100\n|move|p1a: pressure friends|Substitute|p1a: pressure friends\n|-start|p1a: pressure friends|Substitute\n|-damage|p1a: pressure friends|15\/100\n|\n|-heal|p1a: pressure friends|21\/100|[from] item: Leftovers\n|upkeep\n|turn|38\n|\n|t:|1699744070\n|move|p1a: pressure friends|Protect|p1a: pressure friends\n|-singleturn|p1a: pressure friends|Protect\n|move|p2a: Broody|Low Kick|p1a: pressure friends\n|-activate|p1a: pressure friends|move: Protect\n|\n|-heal|p1a: pressure friends|28\/100|[from] item: Leftovers\n|upkeep\n|turn|39\n|\n|t:|1699744087\n|move|p2a: Broody|Low Kick|p1a: pressure friends\n|-supereffective|p1a: pressure friends\n|-end|p1a: pressure friends|Substitute\n|move|p1a: pressure friends|Freeze-Dry|p2a: Broody\n|-resisted|p2a: Broody\n|-damage|p2a: Broody|43\/100\n|\n|-heal|p1a: pressure friends|34\/100|[from] item: Leftovers\n|upkeep\n|turn|40\n|\n|t:|1699744092\n|move|p1a: pressure friends|Protect|p1a: pressure friends\n|-singleturn|p1a: pressure friends|Protect\n|move|p2a: Broody|Low Kick|p1a: pressure friends\n|-activate|p1a: pressure friends|move: Protect\n|\n|-heal|p1a: pressure friends|40\/100|[from] item: Leftovers\n|upkeep\n|turn|41\n|\n|t:|1699744097\n|switch|p1a: bisexual|Breloom, F|27\/100\n|move|p2a: Broody|Low Kick|p1a: bisexual\n|-damage|p1a: bisexual|3\/100\n|\n|upkeep\n|turn|42\n|\n|t:|1699744103\n|move|p1a: bisexual|Mach Punch|p2a: Broody\n|-damage|p2a: Broody|2\/100\n|move|p2a: Broody|Flame Charge|p1a: bisexual\n|-supereffective|p1a: bisexual\n|-damage|p1a: bisexual|0 fnt\n|-boost|p2a: Broody|spe|1\n|faint|p1a: bisexual\n|\n|upkeep\n|\n|t:|1699744110\n|switch|p1a: pressure friends|Kyurem|40\/100\n|-ability|p1a: pressure friends|Pressure\n|turn|43\n|\n|t:|1699744113\n|move|p1a: pressure friends|Protect|p1a: pressure friends\n|-singleturn|p1a: pressure friends|Protect\n|move|p2a: Broody|Low Kick|p1a: pressure friends\n|-activate|p1a: pressure friends|move: Protect\n|\n|-heal|p1a: pressure friends|46\/100|[from] item: Leftovers\n|upkeep\n|turn|44\n|\n|t:|1699744116\n|move|p2a: Broody|Low Kick|p1a: pressure friends\n|-supereffective|p1a: pressure friends\n|-damage|p1a: pressure friends|0 fnt\n|faint|p1a: pressure friends\n|\n|win|Shovel Florentine\n|raw|female charizard's rating: 1218 &rarr; <strong>1194<\/strong><br \/>(-24 for losing)\n|raw|Shovel Florentine's rating: 1228 &rarr; <strong>1252<\/strong><br \/>(+24 for winning)\n","uploadtime":1699744130,"views":4,"p1id":"femalecharizard","p2id":"shovelflorentine","formatid":"gen9nationaldex","rating":1194,"private":0,"password":""}