{"id":"gen9nationaldex-1992782912","p1":"Generation why?","p2":"KyosukeKamijou","format":"[Gen 9] National Dex","log":"|j|\u2606Generation why?\n|j|\u2606KyosukeKamijou\n|t:|1700235042\n|gametype|singles\n|player|p1|Generation why?|1|1213\n|player|p2|KyosukeKamijou|ghetsis|1235\n|teamsize|p1|6\n|teamsize|p2|6\n|gen|9\n|tier|[Gen 9] National Dex\n|rated|\n|rule|HP Percentage Mod: HP is shown in percentages\n|rule|Endless Battle Clause: Forcing endless battles is banned\n|rule|OHKO Clause: OHKO moves are banned\n|rule|Evasion Clause: Evasion abilities, items, and moves are banned\n|rule|Evasion Abilities Clause: Evasion abilities are banned\n|rule|Evasion Items Clause: Evasion items are banned\n|rule|Evasion Moves Clause: Evasion moves are banned\n|rule|Species Clause: Limit one of each Pok\u00e9mon\n|rule|Sleep Clause Mod: Limit one foe put to sleep\n|clearpoke\n|poke|p1|Gastrodon-East, F|\n|poke|p1|Torterra, M|\n|poke|p1|Talonflame, F|\n|poke|p1|Purugly, F|\n|poke|p1|Articuno-Galar|\n|poke|p1|Glimmora, M|\n|poke|p2|Kommo-o, M|\n|poke|p2|Great Tusk|\n|poke|p2|Ogerpon-Cornerstone, F|\n|poke|p2|Charizard, M|\n|poke|p2|Greninja-*, M|\n|poke|p2|Volcarona, F|\n|teampreview\n|\n|t:|1700235053\n|start\n|switch|p1a: Pet Rock|Glimmora, M|100\/100\n|switch|p2a: Change Dragon|Charizard, M|100\/100\n|turn|1\n|\n|t:|1700235060\n|detailschange|p2a: Change Dragon|Charizard-Mega-Y, M\n|-mega|p2a: Change Dragon|Charizard|Charizardite Y\n|-weather|SunnyDay|[from] ability: Drought|[of] p2a: Change Dragon\n|move|p2a: Change Dragon|Flamethrower|p1a: Pet Rock\n|-resisted|p1a: Pet Rock\n|-damage|p1a: Pet Rock|46\/100\n|-status|p1a: Pet Rock|brn\n|move|p1a: Pet Rock|Power Gem|p2a: Change Dragon\n|-supereffective|p2a: Change Dragon\n|-damage|p2a: Change Dragon|0 fnt\n|faint|p2a: Change Dragon\n|\n|-weather|SunnyDay|[upkeep]\n|-damage|p1a: Pet Rock|40\/100 brn|[from] brn\n|upkeep\n|\n|t:|1700235073\n|switch|p2a: Ninja Black|Greninja, M, shiny|100\/100\n|turn|2\n|\n|t:|1700235080\n|move|p2a: Ninja Black|Water Shuriken|p1a: Pet Rock\n|-start|p2a: Ninja Black|typechange|Water|[from] ability: Protean\n|-supereffective|p1a: Pet Rock\n|-damage|p1a: Pet Rock|27\/100 brn\n|-supereffective|p1a: Pet Rock\n|-damage|p1a: Pet Rock|15\/100 brn\n|-supereffective|p1a: Pet Rock\n|-damage|p1a: Pet Rock|1\/100 brn\n|-supereffective|p1a: Pet Rock\n|-damage|p1a: Pet Rock|0 fnt\n|faint|p1a: Pet Rock\n|-hitcount|p1: Pet Rock|4\n|\n|-weather|SunnyDay|[upkeep]\n|upkeep\n|\n|t:|1700235086\n|switch|p1a: Catjam|Purugly, F|100\/100\n|turn|3\n|\n|t:|1700235093\n|switch|p2a: PapillonOhger|Volcarona, F, shiny|100\/100\n|move|p1a: Catjam|Play Rough|p2a: PapillonOhger\n|-resisted|p2a: PapillonOhger\n|-damage|p2a: PapillonOhger|82\/100\n|\n|-weather|SunnyDay|[upkeep]\n|upkeep\n|turn|4\n|\n|t:|1700235101\n|switch|p1a: Firebirb|Talonflame, F|100\/100\n|move|p2a: PapillonOhger|Quiver Dance|p2a: PapillonOhger\n|-boost|p2a: PapillonOhger|spa|1\n|-boost|p2a: PapillonOhger|spd|1\n|-boost|p2a: PapillonOhger|spe|1\n|\n|-weather|SunnyDay|[upkeep]\n|upkeep\n|turn|5\n|\n|t:|1700235111\n|move|p2a: PapillonOhger|Bug Buzz|p1a: Firebirb\n|-resisted|p1a: Firebirb\n|-damage|p1a: Firebirb|70\/100\n|-unboost|p1a: Firebirb|spd|1\n|move|p1a: Firebirb|Swords Dance|p1a: Firebirb\n|-boost|p1a: Firebirb|atk|2\n|\n|-weather|none\n|upkeep\n|turn|6\n|\n|t:|1700235121\n|move|p2a: PapillonOhger|Bug Buzz|p1a: Firebirb\n|-resisted|p1a: Firebirb\n|-damage|p1a: Firebirb|26\/100\n|move|p1a: Firebirb|Dual Wingbeat|p2a: PapillonOhger|[miss]\n|-miss|p1a: Firebirb|p2a: PapillonOhger\n|\n|upkeep\n|turn|7\n|c|\u2606Generation why?|man\n|\n|t:|1700235128\n|move|p2a: PapillonOhger|Bug Buzz|p1a: Firebirb\n|-resisted|p1a: Firebirb\n|-damage|p1a: Firebirb|0 fnt\n|faint|p1a: Firebirb\n|\n|upkeep\n|\n|t:|1700235132\n|switch|p1a: Prozac Bird|Articuno-Galar, shiny|100\/100\n|turn|8\n|\n|t:|1700235141\n|move|p2a: PapillonOhger|Bug Buzz|p1a: Prozac Bird\n|-damage|p1a: Prozac Bird|14\/100\n|move|p1a: Prozac Bird|Calm Mind|p1a: Prozac Bird\n|-boost|p1a: Prozac Bird|spa|1\n|-boost|p1a: Prozac Bird|spd|1\n|\n|upkeep\n|turn|9\n|\n|t:|1700235147\n|move|p2a: PapillonOhger|Flamethrower|p1a: Prozac Bird\n|-damage|p1a: Prozac Bird|0 fnt\n|faint|p1a: Prozac Bird\n|\n|upkeep\n|c|\u2606Generation why?|well that was a mistake lol\n|\n|t:|1700235151\n|switch|p1a: The Cleaner|Torterra, M|100\/100\n|turn|10\n|\n|t:|1700235154\n|-terastallize|p1a: The Cleaner|Fire\n|move|p2a: PapillonOhger|Flamethrower|p1a: The Cleaner\n|-resisted|p1a: The Cleaner\n|-damage|p1a: The Cleaner|51\/100\n|move|p1a: The Cleaner|Shell Smash|p1a: The Cleaner\n|-unboost|p1a: The Cleaner|def|1\n|-unboost|p1a: The Cleaner|spd|1\n|-boost|p1a: The Cleaner|atk|2\n|-boost|p1a: The Cleaner|spa|2\n|-boost|p1a: The Cleaner|spe|2\n|-enditem|p1a: The Cleaner|White Herb\n|-clearnegativeboost|p1a: The Cleaner|[silent]\n|\n|upkeep\n|turn|11\n|\n|t:|1700235165\n|move|p2a: PapillonOhger|Flamethrower|p1a: The Cleaner\n|-resisted|p1a: The Cleaner\n|-damage|p1a: The Cleaner|0 fnt\n|faint|p1a: The Cleaner\n|\n|upkeep\n|\n|t:|1700235169\n|switch|p1a: Despair Slug|Gastrodon-East, F, shiny|100\/100\n|turn|12\n|c|\u2606Generation why?|gg\n|\n|t:|1700235172\n|-terastallize|p2a: PapillonOhger|Grass\n|move|p2a: PapillonOhger|Giga Drain|p1a: Despair Slug\n|-supereffective|p1a: Despair Slug\n|-crit|p1a: Despair Slug\n|-damage|p1a: Despair Slug|0 fnt\n|-heal|p2a: PapillonOhger|100\/100|[from] drain|[of] p1a: Despair Slug\n|faint|p1a: Despair Slug\n|\n|upkeep\n|-message|Generation why? forfeited.\n|\n|win|KyosukeKamijou\n|raw|Generation why?'s rating: 1213 &rarr; <strong>1190<\/strong><br \/>(-23 for losing)\n|raw|KyosukeKamijou's rating: 1235 &rarr; <strong>1258<\/strong><br \/>(+23 for winning)\n|l|\u2606Generation why?\n","uploadtime":1700235181,"views":8,"p1id":"generationwhy","p2id":"kyosukekamijou","formatid":"gen9nationaldex","rating":1190,"private":0,"password":""}