{"id":"gen9nationaldex-1987543258","p1":"arachnidsgripag","p2":"Wiwkwkwkkwk","format":"[Gen 9] National Dex","log":"|j|\u2606arachnidsgripag\n|j|\u2606Wiwkwkwkkwk\n|t:|1699609484\n|gametype|singles\n|player|p1|arachnidsgripag|n|1109\n|player|p2|Wiwkwkwkkwk|cynthia-gen4|1063\n|teamsize|p1|6\n|teamsize|p2|6\n|gen|9\n|tier|[Gen 9] National Dex\n|rated|\n|rule|HP Percentage Mod: HP is shown in percentages\n|rule|Endless Battle Clause: Forcing endless battles is banned\n|rule|OHKO Clause: OHKO moves are banned\n|rule|Evasion Clause: Evasion abilities, items, and moves are banned\n|rule|Evasion Abilities Clause: Evasion abilities are banned\n|rule|Evasion Items Clause: Evasion items are banned\n|rule|Evasion Moves Clause: Evasion moves are banned\n|rule|Species Clause: Limit one of each Pok\u00e9mon\n|rule|Sleep Clause Mod: Limit one foe put to sleep\n|clearpoke\n|poke|p1|Ferrothorn, F|\n|poke|p1|Pinsir, M|\n|poke|p1|Tapu Koko|\n|poke|p1|Greninja-*, M|\n|poke|p1|Dragonite, M|\n|poke|p1|Volcarona, F|\n|poke|p2|Gardevoir, M|\n|poke|p2|Murkrow, M|\n|poke|p2|Hoopa-Unbound|\n|poke|p2|Vivillon-Pokeball, F|\n|poke|p2|Raichu-Alola, M|\n|poke|p2|Alomomola, M|\n|teampreview\n|inactive|Battle timer is ON: inactive players will automatically lose when time's up. (requested by Wiwkwkwkkwk)\n|\n|t:|1699609500\n|start\n|switch|p1a: Ferrothorn|Ferrothorn, F, shiny|100\/100\n|switch|p2a: Murkrow|Murkrow, M|100\/100\n|turn|1\n|\n|t:|1699609505\n|move|p2a: Murkrow|Thunder Wave|p1a: Ferrothorn\n|-status|p1a: Ferrothorn|par\n|move|p1a: Ferrothorn|Stealth Rock|p2a: Murkrow\n|-sidestart|p2: Wiwkwkwkkwk|move: Stealth Rock\n|\n|upkeep\n|turn|2\n|\n|t:|1699609510\n|move|p2a: Murkrow|Tailwind|p2a: Murkrow\n|-sidestart|p2: Wiwkwkwkkwk|move: Tailwind\n|cant|p1a: Ferrothorn|par\n|\n|upkeep\n|turn|3\n|\n|t:|1699609515\n|move|p2a: Murkrow|Brave Bird|p1a: Ferrothorn\n|-damage|p1a: Ferrothorn|76\/100 par\n|-damage|p2a: Murkrow|88\/100|[from] ability: Iron Barbs|[of] p1a: Ferrothorn\n|-damage|p2a: Murkrow|81\/100|[from] Recoil\n|move|p1a: Ferrothorn|Leech Seed|p2a: Murkrow\n|-start|p2a: Murkrow|move: Leech Seed\n|\n|-heal|p1a: Ferrothorn|83\/100 par|[from] item: Leftovers\n|-damage|p2a: Murkrow|69\/100|[from] Leech Seed|[of] p1a: Ferrothorn\n|-heal|p1a: Ferrothorn|96\/100 par|[silent]\n|upkeep\n|turn|4\n|\n|t:|1699609529\n|move|p2a: Murkrow|Protect|p2a: Murkrow\n|-singleturn|p2a: Murkrow|Protect\n|move|p1a: Ferrothorn|Iron Defense|p1a: Ferrothorn\n|-boost|p1a: Ferrothorn|def|2\n|\n|-heal|p1a: Ferrothorn|100\/100 par|[from] item: Leftovers\n|-damage|p2a: Murkrow|56\/100|[from] Leech Seed|[of] p1a: Ferrothorn\n|upkeep\n|turn|5\n|\n|t:|1699609537\n|move|p2a: Murkrow|Protect||[still]\n|-fail|p2a: Murkrow\n|move|p1a: Ferrothorn|Iron Defense|p1a: Ferrothorn\n|-boost|p1a: Ferrothorn|def|2\n|\n|-damage|p2a: Murkrow|44\/100|[from] Leech Seed|[of] p1a: Ferrothorn\n|-sideend|p2: Wiwkwkwkkwk|move: Tailwind\n|upkeep\n|turn|6\n|\n|t:|1699609545\n|move|p2a: Murkrow|Tailwind|p2a: Murkrow\n|-sidestart|p2: Wiwkwkwkkwk|move: Tailwind\n|move|p1a: Ferrothorn|Toxic|p2a: Murkrow\n|-status|p2a: Murkrow|tox\n|\n|-damage|p2a: Murkrow|32\/100 tox|[from] Leech Seed|[of] p1a: Ferrothorn\n|-damage|p2a: Murkrow|25\/100 tox|[from] psn\n|upkeep\n|turn|7\n|\n|t:|1699609555\n|move|p2a: Murkrow|Brave Bird|p1a: Ferrothorn\n|-damage|p1a: Ferrothorn|92\/100 par\n|-damage|p2a: Murkrow|13\/100 tox|[from] ability: Iron Barbs|[of] p1a: Ferrothorn\n|-damage|p2a: Murkrow|11\/100 tox|[from] Recoil\n|move|p1a: Ferrothorn|Iron Defense|p1a: Ferrothorn\n|-boost|p1a: Ferrothorn|def|2\n|\n|-heal|p1a: Ferrothorn|98\/100 par|[from] item: Leftovers\n|-damage|p2a: Murkrow|0 fnt|[from] Leech Seed|[of] p1a: Ferrothorn\n|-heal|p1a: Ferrothorn|100\/100 par|[silent]\n|faint|p2a: Murkrow\n|upkeep\n|\n|t:|1699609582\n|switch|p2a: Hoopa|Hoopa-Unbound|100\/100\n|-damage|p2a: Hoopa|88\/100|[from] Stealth Rock\n|turn|8\n|\n|t:|1699609587\n|move|p2a: Hoopa|Phantom Force||[still]\n|-prepare|p2a: Hoopa|Phantom Force\n|move|p1a: Ferrothorn|Iron Defense|p1a: Ferrothorn\n|-boost|p1a: Ferrothorn|def|0\n|\n|upkeep\n|turn|9\n|\n|t:|1699609592\n|move|p2a: Hoopa|Phantom Force|p1a: Ferrothorn|[from]lockedmove\n|-damage|p1a: Ferrothorn|93\/100 par\n|-damage|p2a: Hoopa|76\/100|[from] ability: Iron Barbs|[of] p1a: Ferrothorn\n|-damage|p2a: Hoopa|66\/100|[from] item: Life Orb\n|move|p1a: Ferrothorn|Leech Seed|p2a: Hoopa\n|-start|p2a: Hoopa|move: Leech Seed\n|\n|-heal|p1a: Ferrothorn|99\/100 par|[from] item: Leftovers\n|-damage|p2a: Hoopa|54\/100|[from] Leech Seed|[of] p1a: Ferrothorn\n|-heal|p1a: Ferrothorn|100\/100 par|[silent]\n|-sideend|p2: Wiwkwkwkkwk|move: Tailwind\n|upkeep\n|turn|10\n|\n|t:|1699609606\n|move|p2a: Hoopa|Hyperspace Fury|p1a: Ferrothorn\n|-damage|p1a: Ferrothorn|88\/100 par\n|-unboost|p2a: Hoopa|def|1\n|-damage|p2a: Hoopa|44\/100|[from] item: Life Orb\n|move|p1a: Ferrothorn|Iron Defense|p1a: Ferrothorn\n|-boost|p1a: Ferrothorn|def|0\n|\n|-heal|p1a: Ferrothorn|95\/100 par|[from] item: Leftovers\n|-damage|p2a: Hoopa|32\/100|[from] Leech Seed|[of] p1a: Ferrothorn\n|-heal|p1a: Ferrothorn|100\/100 par|[silent]\n|upkeep\n|turn|11\n|\n|t:|1699609619\n|move|p2a: Hoopa|Psyshock|p1a: Ferrothorn\n|-resisted|p1a: Ferrothorn\n|-damage|p1a: Ferrothorn|94\/100 par\n|-damage|p2a: Hoopa|22\/100|[from] item: Life Orb\n|cant|p1a: Ferrothorn|par\n|\n|-heal|p1a: Ferrothorn|99\/100 par|[from] item: Leftovers\n|-damage|p2a: Hoopa|9\/100|[from] Leech Seed|[of] p1a: Ferrothorn\n|-heal|p1a: Ferrothorn|100\/100 par|[silent]\n|upkeep\n|turn|12\n|\n|t:|1699609631\n|move|p2a: Hoopa|Phantom Force||[still]\n|-prepare|p2a: Hoopa|Phantom Force\n|move|p1a: Ferrothorn|Toxic|p2a: Hoopa|[miss]\n|-miss|p1a: Ferrothorn|p2a: Hoopa\n|\n|-damage|p2a: Hoopa|0 fnt|[from] Leech Seed|[of] p1a: Ferrothorn\n|faint|p2a: Hoopa\n|upkeep\n|\n|t:|1699609640\n|switch|p2a: Gardevoir|Gardevoir, M|100\/100\n|-damage|p2a: Gardevoir|88\/100|[from] Stealth Rock\n|turn|13\n|\n|t:|1699609648\n|detailschange|p2a: Gardevoir|Gardevoir-Mega, M\n|-mega|p2a: Gardevoir|Gardevoir|Gardevoirite\n|move|p2a: Gardevoir|Expanding Force|p1a: Ferrothorn\n|-resisted|p1a: Ferrothorn\n|-damage|p1a: Ferrothorn|78\/100 par\n|cant|p1a: Ferrothorn|par\n|\n|-heal|p1a: Ferrothorn|85\/100 par|[from] item: Leftovers\n|upkeep\n|turn|14\n|\n|t:|1699609658\n|move|p2a: Gardevoir|Hyper Beam|p1a: Ferrothorn\n|-resisted|p1a: Ferrothorn\n|-damage|p1a: Ferrothorn|41\/100 par\n|-mustrecharge|p2a: Gardevoir\n|cant|p1a: Ferrothorn|par\n|\n|-heal|p1a: Ferrothorn|48\/100 par|[from] item: Leftovers\n|upkeep\n|turn|15\n|\n|t:|1699609667\n|cant|p2a: Gardevoir|recharge\n|cant|p1a: Ferrothorn|par\n|\n|-heal|p1a: Ferrothorn|54\/100 par|[from] item: Leftovers\n|upkeep\n|turn|16\n|\n|t:|1699609674\n|move|p2a: Gardevoir|Hyper Beam|p1a: Ferrothorn|[miss]\n|-miss|p2a: Gardevoir|p1a: Ferrothorn\n|move|p1a: Ferrothorn|Toxic|p2a: Gardevoir\n|-status|p2a: Gardevoir|tox\n|\n|-heal|p1a: Ferrothorn|60\/100 par|[from] item: Leftovers\n|-damage|p2a: Gardevoir|82\/100 tox|[from] psn\n|upkeep\n|turn|17\n|\n|t:|1699609682\n|move|p2a: Gardevoir|Hyper Beam|p1a: Ferrothorn\n|-resisted|p1a: Ferrothorn\n|-damage|p1a: Ferrothorn|9\/100 par\n|-mustrecharge|p2a: Gardevoir\n|move|p1a: Ferrothorn|Leech Seed|p2a: Gardevoir\n|-start|p2a: Gardevoir|move: Leech Seed\n|\n|-heal|p1a: Ferrothorn|16\/100 par|[from] item: Leftovers\n|-damage|p2a: Gardevoir|70\/100 tox|[from] Leech Seed|[of] p1a: Ferrothorn\n|-heal|p1a: Ferrothorn|27\/100 par|[silent]\n|-damage|p2a: Gardevoir|58\/100 tox|[from] psn\n|upkeep\n|turn|18\n|\n|t:|1699609693\n|cant|p2a: Gardevoir|recharge\n|move|p1a: Ferrothorn|Iron Defense|p1a: Ferrothorn\n|-boost|p1a: Ferrothorn|def|0\n|\n|-heal|p1a: Ferrothorn|34\/100 par|[from] item: Leftovers\n|-damage|p2a: Gardevoir|45\/100 tox|[from] Leech Seed|[of] p1a: Ferrothorn\n|-heal|p1a: Ferrothorn|45\/100 par|[silent]\n|-damage|p2a: Gardevoir|27\/100 tox|[from] psn\n|upkeep\n|turn|19\n|\n|t:|1699609701\n|move|p2a: Gardevoir|Hyper Beam|p1a: Ferrothorn|[miss]\n|-miss|p2a: Gardevoir|p1a: Ferrothorn\n|move|p1a: Ferrothorn|Leech Seed|p2a: Gardevoir|[miss]\n|-miss|p1a: Ferrothorn|p2a: Gardevoir\n|\n|-heal|p1a: Ferrothorn|52\/100 par|[from] item: Leftovers\n|-damage|p2a: Gardevoir|15\/100 tox|[from] Leech Seed|[of] p1a: Ferrothorn\n|-heal|p1a: Ferrothorn|63\/100 par|[silent]\n|-damage|p2a: Gardevoir|0 fnt|[from] psn\n|faint|p2a: Gardevoir\n|upkeep\n|\n|t:|1699609711\n|switch|p2a: Raichu|Raichu-Alola, M|100\/100\n|-damage|p2a: Raichu|88\/100|[from] Stealth Rock\n|turn|20\n|\n|t:|1699609717\n|move|p2a: Raichu|Expanding Force|p1a: Ferrothorn\n|-resisted|p1a: Ferrothorn\n|-damage|p1a: Ferrothorn|50\/100 par\n|move|p1a: Ferrothorn|Leech Seed|p2a: Raichu|[miss]\n|-miss|p1a: Ferrothorn|p2a: Raichu\n|\n|-heal|p1a: Ferrothorn|56\/100 par|[from] item: Leftovers\n|upkeep\n|turn|21\n|\n|t:|1699609725\n|-zpower|p2a: Raichu\n|move|p2a: Raichu|Stoked Sparksurfer|p1a: Ferrothorn|[zeffect]\n|-resisted|p1a: Ferrothorn\n|-damage|p1a: Ferrothorn|28\/100 par\n|move|p1a: Ferrothorn|Toxic|p2a: Raichu\n|-status|p2a: Raichu|tox\n|\n|-heal|p1a: Ferrothorn|34\/100 par|[from] item: Leftovers\n|-damage|p2a: Raichu|82\/100 tox|[from] psn\n|upkeep\n|turn|22\n|\n|t:|1699609740\n|move|p2a: Raichu|Thunderbolt|p1a: Ferrothorn\n|-resisted|p1a: Ferrothorn\n|-damage|p1a: Ferrothorn|18\/100 par\n|move|p1a: Ferrothorn|Leech Seed|p2a: Raichu|[miss]\n|-miss|p1a: Ferrothorn|p2a: Raichu\n|\n|-heal|p1a: Ferrothorn|25\/100 par|[from] item: Leftovers\n|-damage|p2a: Raichu|70\/100 tox|[from] psn\n|upkeep\n|turn|23\n|\n|t:|1699609748\n|move|p2a: Raichu|Thunderbolt|p1a: Ferrothorn\n|-resisted|p1a: Ferrothorn\n|-damage|p1a: Ferrothorn|7\/100 par\n|cant|p1a: Ferrothorn|par\n|\n|-heal|p1a: Ferrothorn|14\/100 par|[from] item: Leftovers\n|-damage|p2a: Raichu|52\/100 tox|[from] psn\n|upkeep\n|turn|24\n|\n|t:|1699609755\n|move|p2a: Raichu|Thunderbolt|p1a: Ferrothorn\n|-resisted|p1a: Ferrothorn\n|-damage|p1a: Ferrothorn|0 fnt\n|faint|p1a: Ferrothorn\n|\n|-damage|p2a: Raichu|27\/100 tox|[from] psn\n|upkeep\n|\n|t:|1699609760\n|switch|p1a: Dragonite|Dragonite, M, shiny|100\/100\n|turn|25\n|\n|t:|1699609763\n|-terastallize|p1a: Dragonite|Dragon\n|move|p2a: Raichu|Wish|p2a: Raichu\n|move|p1a: Dragonite|Dragon Dance|p1a: Dragonite\n|-boost|p1a: Dragonite|atk|1\n|-boost|p1a: Dragonite|spe|1\n|\n|-damage|p2a: Raichu|0 fnt|[from] psn\n|faint|p2a: Raichu\n|upkeep\n|\n|t:|1699609770\n|switch|p2a: Vivillon|Vivillon-Pokeball, F|100\/100\n|turn|26\n|\n|t:|1699609774\n|move|p2a: Vivillon|Sleep Powder|p1a: Dragonite\n|-status|p1a: Dragonite|slp|[from] move: Sleep Powder\n|cant|p1a: Dragonite|slp\n|\n|upkeep\n|turn|27\n|\n|t:|1699609781\n|move|p2a: Vivillon|Substitute|p2a: Vivillon\n|-start|p2a: Vivillon|Substitute\n|-damage|p2a: Vivillon|76\/100\n|-curestatus|p1a: Dragonite|slp|[msg]\n|move|p1a: Dragonite|Dragon Claw|p2a: Vivillon\n|-end|p2a: Vivillon|Substitute\n|\n|upkeep\n|turn|28\n|\n|t:|1699609788\n|move|p2a: Vivillon|Sleep Powder|p1a: Dragonite\n|-status|p1a: Dragonite|slp|[from] move: Sleep Powder\n|cant|p1a: Dragonite|slp\n|\n|upkeep\n|turn|29\n|\n|t:|1699609793\n|move|p2a: Vivillon|Substitute|p2a: Vivillon\n|-start|p2a: Vivillon|Substitute\n|-damage|p2a: Vivillon|51\/100\n|-curestatus|p1a: Dragonite|slp|[msg]\n|move|p1a: Dragonite|Air Slash|p2a: Vivillon|[miss]\n|-miss|p1a: Dragonite|p2a: Vivillon\n|\n|upkeep\n|turn|30\n|\n|t:|1699609799\n|move|p2a: Vivillon|Sleep Powder|p1a: Dragonite\n|-status|p1a: Dragonite|slp|[from] move: Sleep Powder\n|cant|p1a: Dragonite|slp\n|\n|upkeep\n|turn|31\n|\n|t:|1699609804\n|move|p2a: Vivillon|Quiver Dance|p2a: Vivillon\n|-boost|p2a: Vivillon|spa|1\n|-boost|p2a: Vivillon|spd|1\n|-boost|p2a: Vivillon|spe|1\n|-curestatus|p1a: Dragonite|slp|[msg]\n|move|p1a: Dragonite|Dragon Dance|p1a: Dragonite\n|-boost|p1a: Dragonite|atk|1\n|-boost|p1a: Dragonite|spe|1\n|\n|upkeep\n|turn|32\n|\n|t:|1699609812\n|-singleturn|p1a: Dragonite|move: Focus Punch\n|move|p2a: Vivillon|Sleep Powder|p1a: Dragonite\n|-status|p1a: Dragonite|slp|[from] move: Sleep Powder\n|cant|p1a: Dragonite|slp\n|\n|upkeep\n|turn|33\n|\n|t:|1699609818\n|-singleturn|p1a: Dragonite|move: Focus Punch\n|move|p2a: Vivillon|Quiver Dance|p2a: Vivillon\n|-boost|p2a: Vivillon|spa|1\n|-boost|p2a: Vivillon|spd|1\n|-boost|p2a: Vivillon|spe|1\n|cant|p1a: Dragonite|slp\n|\n|upkeep\n|turn|34\n|\n|t:|1699609826\n|move|p2a: Vivillon|Hurricane|p1a: Dragonite\n|-damage|p1a: Dragonite|2\/100 slp\n|-curestatus|p1a: Dragonite|slp|[msg]\n|move|p1a: Dragonite|Dragon Claw|p2a: Vivillon\n|-end|p2a: Vivillon|Substitute\n|\n|upkeep\n|turn|35\n|\n|t:|1699609833\n|move|p2a: Vivillon|Hurricane|p1a: Dragonite\n|-damage|p1a: Dragonite|0 fnt\n|faint|p1a: Dragonite\n|\n|upkeep\n|\n|t:|1699609838\n|switch|p1a: Tapu Koko|Tapu Koko, shiny|100\/100\n|-fieldstart|move: Electric Terrain|[from] ability: Electric Surge|[of] p1a: Tapu Koko\n|turn|36\n|\n|t:|1699609844\n|move|p2a: Vivillon|Sleep Powder|p1a: Tapu Koko\n|-activate|p1a: Tapu Koko|move: Electric Terrain\n|move|p1a: Tapu Koko|Discharge|p2a: Vivillon\n|-supereffective|p2a: Vivillon\n|-damage|p2a: Vivillon|0 fnt\n|faint|p2a: Vivillon\n|\n|upkeep\n|\n|t:|1699609851\n|switch|p2a: Alomomola|Alomomola, M|100\/100\n|-damage|p2a: Alomomola|88\/100|[from] Stealth Rock\n|turn|37\n|\n|t:|1699609856\n|move|p1a: Tapu Koko|Discharge|p2a: Alomomola\n|-supereffective|p2a: Alomomola\n|-damage|p2a: Alomomola|0 fnt\n|faint|p2a: Alomomola\n|\n|win|arachnidsgripag\n|raw|arachnidsgripag's rating: 1109 &rarr; <strong>1131<\/strong><br \/>(+22 for winning)\n|raw|Wiwkwkwkkwk's rating: 1063 &rarr; <strong>1046<\/strong><br \/>(-17 for losing)\n","uploadtime":1699609863,"views":19,"p1id":"arachnidsgripag","p2id":"wiwkwkwkkwk","formatid":"gen9nationaldex","rating":1046,"private":0,"password":""}