{"id":"gen9nationaldex-1998220835","p1":"Mitico m","p2":"BiuJJ","format":"[Gen 9] National Dex","log":"|html|<div class=\"broadcast-blue\"><strong>[Gen 9] National Dex is currently suspecting Sneasler! For information on how to participate check out the <a href=\"https:\/\/www.smogon.com\/forums\/threads\/sv-national-dex-suspect-8-just-dance.3731534\/\">suspect thread<\/a>.<\/strong><\/div>\n|j|\u2606Mitico m\n|j|\u2606BiuJJ\n|t:|1700915086\n|gametype|singles\n|player|p1|Mitico m|101|1452\n|player|p2|BiuJJ|169|1459\n|teamsize|p1|6\n|teamsize|p2|6\n|gen|9\n|tier|[Gen 9] National Dex\n|rated|\n|rule|HP Percentage Mod: HP is shown in percentages\n|rule|Endless Battle Clause: Forcing endless battles is banned\n|rule|OHKO Clause: OHKO moves are banned\n|rule|Evasion Clause: Evasion abilities, items, and moves are banned\n|rule|Evasion Abilities Clause: Evasion abilities are banned\n|rule|Evasion Items Clause: Evasion items are banned\n|rule|Evasion Moves Clause: Evasion moves are banned\n|rule|Species Clause: Limit one of each Pok\u00e9mon\n|rule|Sleep Clause Mod: Limit one foe put to sleep\n|clearpoke\n|poke|p1|Enamorus, F|\n|poke|p1|Heatran, F|\n|poke|p1|Lopunny, F|\n|poke|p1|Tornadus-Therian, M|\n|poke|p1|Garchomp, M|\n|poke|p1|Alomomola, F|\n|poke|p2|Cresselia, F|\n|poke|p2|Abomasnow, F|\n|poke|p2|Ursaluna, M|\n|poke|p2|Nidoking, M|\n|poke|p2|Porygon2|\n|poke|p2|Hatterene, F|\n|teampreview\n|inactive|Battle timer is ON: inactive players will automatically lose when time's up. (requested by BiuJJ)\n|\n|t:|1700915092\n|start\n|switch|p1a: Enamorus|Enamorus, F|100\/100\n|switch|p2a: Hatterene|Hatterene, F|100\/100\n|turn|1\n|\n|t:|1700915109\n|move|p1a: Enamorus|Calm Mind|p1a: Enamorus\n|-boost|p1a: Enamorus|spa|1\n|-boost|p1a: Enamorus|spd|1\n|move|p2a: Hatterene|Trick Room|p2a: Hatterene\n|-fieldstart|move: Trick Room|[of] p2a: Hatterene\n|\n|upkeep\n|turn|2\n|\n|t:|1700915124\n|switch|p2a: Abomasnow|Abomasnow, F|100\/100\n|-weather|Snow|[from] ability: Snow Warning|[of] p2a: Abomasnow\n|move|p1a: Enamorus|Moonblast|p2a: Abomasnow\n|-damage|p2a: Abomasnow|17\/100\n|-unboost|p2a: Abomasnow|spa|1\n|\n|-weather|Snow|[upkeep]\n|upkeep\n|turn|3\n|inactive|Mitico m has 120 seconds left.\n|\n|t:|1700915153\n|detailschange|p2a: Abomasnow|Abomasnow-Mega, F\n|-mega|p2a: Abomasnow|Abomasnow|Abomasite\n|move|p2a: Abomasnow|Ice Spinner|p1a: Enamorus\n|-supereffective|p1a: Enamorus\n|-damage|p1a: Enamorus|0 fnt\n|faint|p1a: Enamorus\n|\n|-weather|Snow|[upkeep]\n|upkeep\n|inactive|Mitico m has 120 seconds left.\n|\n|t:|1700915165\n|switch|p1a: Lopunny|Lopunny, F|100\/100\n|turn|4\n|\n|t:|1700915173\n|switch|p2a: Cresselia|Cresselia, F|100\/100\n|detailschange|p1a: Lopunny|Lopunny-Mega, F\n|-mega|p1a: Lopunny|Lopunny|Lopunnite\n|move|p1a: Lopunny|Fake Out|p2a: Cresselia\n|-damage|p2a: Cresselia|89\/100\n|-damage|p1a: Lopunny|84\/100|[from] item: Rocky Helmet|[of] p2a: Cresselia\n|\n|-weather|Snow|[upkeep]\n|upkeep\n|turn|5\n|inactive|Mitico m has 120 seconds left.\n|\n|t:|1700915189\n|switch|p1a: Heatran|Heatran, F|100\/100\n|move|p2a: Cresselia|Moonblast|p1a: Heatran\n|-resisted|p1a: Heatran\n|-damage|p1a: Heatran|98\/100\n|-unboost|p1a: Heatran|spa|1\n|\n|-weather|Snow|[upkeep]\n|-heal|p1a: Heatran|100\/100|[from] item: Leftovers\n|-fieldend|move: Trick Room\n|upkeep\n|turn|6\n|inactive|Mitico m has 120 seconds left.\n|\n|t:|1700915202\n|switch|p2a: Porygon2|Porygon2|100\/100\n|-ability|p2a: Porygon2|Flash Fire|[from] ability: Trace|[of] p1a: Heatran\n|move|p1a: Heatran|Taunt|p2a: Porygon2\n|-start|p2a: Porygon2|move: Taunt\n|\n|-weather|none\n|upkeep\n|turn|7\n|inactive|Mitico m has 120 seconds left.\n|\n|t:|1700915222\n|switch|p2a: Abomasnow|Abomasnow-Mega, F|17\/100\n|-weather|Snow|[from] ability: Snow Warning|[of] p2a: Abomasnow\n|move|p1a: Heatran|Stealth Rock|p2a: Abomasnow\n|-sidestart|p2: BiuJJ|move: Stealth Rock\n|\n|-weather|Snow|[upkeep]\n|upkeep\n|turn|8\n|inactive|Mitico m has 120 seconds left.\n|\n|t:|1700915237\n|move|p1a: Heatran|Magma Storm|p2a: Abomasnow\n|-supereffective|p2a: Abomasnow\n|-damage|p2a: Abomasnow|0 fnt\n|faint|p2a: Abomasnow\n|\n|-weather|Snow|[upkeep]\n|upkeep\n|\n|t:|1700915240\n|switch|p2a: Hatterene|Hatterene, F|100\/100\n|-damage|p2a: Hatterene|88\/100|[from] Stealth Rock\n|turn|9\n|inactive|Mitico m has 120 seconds left.\n|\n|t:|1700915262\n|switch|p1a: Tornadus|Tornadus-Therian, M|100\/100\n|move|p2a: Hatterene|Trick Room|p2a: Hatterene\n|-fieldstart|move: Trick Room|[of] p2a: Hatterene\n|\n|-weather|Snow|[upkeep]\n|upkeep\n|turn|10\n|inactive|Mitico m has 120 seconds left.\n|\n|t:|1700915272\n|move|p2a: Hatterene|Healing Wish|p2a: Hatterene\n|faint|p2a: Hatterene\n|move|p1a: Tornadus|Knock Off|p2: Hatterene|[notarget]\n|-fail|p1a: Tornadus\n|\n|-weather|Snow|[upkeep]\n|upkeep\n|\n|t:|1700915274\n|switch|p2a: Nidoking|Nidoking, M|100\/100\n|-damage|p2a: Nidoking|94\/100|[from] Stealth Rock\n|turn|11\n|inactive|Mitico m has 120 seconds left.\n|\n|t:|1700915307\n|-terastallize|p1a: Tornadus|Steel\n|move|p2a: Nidoking|Blizzard|p1a: Tornadus\n|-resisted|p1a: Tornadus\n|-damage|p1a: Tornadus|73\/100\n|move|p1a: Tornadus|Knock Off|p2a: Nidoking\n|-damage|p2a: Nidoking|73\/100\n|-enditem|p2a: Nidoking|Life Orb|[from] move: Knock Off|[of] p1a: Tornadus\n|\n|-weather|none\n|upkeep\n|turn|12\n|inactive|Mitico m has 90 seconds left.\n|\n|t:|1700915334\n|switch|p1a: Alomomola|Alomomola, F|100\/100\n|move|p2a: Nidoking|Earth Power|p1a: Alomomola\n|-damage|p1a: Alomomola|63\/100\n|\n|upkeep\n|turn|13\n|\n|t:|1700915343\n|-terastallize|p2a: Nidoking|Poison\n|move|p1a: Alomomola|Flip Turn|p2a: Nidoking\n|-damage|p2a: Nidoking|52\/100\n|inactive|Mitico m has 90 seconds left.\n|\n|t:|1700915356\n|switch|p1a: Tornadus|Tornadus-Therian, M, tera:Steel|100\/100|[from] Flip Turn\n|move|p2a: Nidoking|Sludge Wave|p1a: Tornadus\n|-immune|p1a: Tornadus\n|\n|-fieldend|move: Trick Room\n|upkeep\n|turn|14\n|inactive|Mitico m has 90 seconds left.\n|\n|t:|1700915371\n|switch|p2a: Porygon2|Porygon2|100\/100\n|-damage|p2a: Porygon2|88\/100|[from] Stealth Rock\n|-ability|p2a: Porygon2|Regenerator|[from] ability: Trace|[of] p1a: Tornadus\n|move|p1a: Tornadus|Hurricane|p2a: Porygon2\n|-damage|p2a: Porygon2|68\/100\n|-start|p2a: Porygon2|confusion\n|\n|upkeep\n|turn|15\n|inactive|Mitico m has 90 seconds left.\n|\n|t:|1700915383\n|move|p1a: Tornadus|Knock Off|p2a: Porygon2\n|-damage|p2a: Porygon2|54\/100\n|-enditem|p2a: Porygon2|Eviolite|[from] move: Knock Off|[of] p1a: Tornadus\n|-activate|p2a: Porygon2|confusion\n|move|p2a: Porygon2|Trick Room|p2a: Porygon2\n|-fieldstart|move: Trick Room|[of] p2a: Porygon2\n|\n|upkeep\n|turn|16\n|\n|t:|1700915392\n|move|p1a: Tornadus|U-turn|p2a: Porygon2\n|-damage|p2a: Porygon2|40\/100\n|\n|t:|1700915397\n|switch|p1a: Heatran|Heatran, F|100\/100|[from] U-turn\n|-activate|p2a: Porygon2|confusion\n|move|p2a: Porygon2|Teleport|p2a: Porygon2\n|\n|t:|1700915404\n|switch|p2a: Ursaluna|Ursaluna, M|100\/100|[from] Teleport\n|-damage|p2a: Ursaluna|94\/100|[from] Stealth Rock\n|\n|-status|p2a: Ursaluna|brn|[from] item: Flame Orb\n|upkeep\n|turn|17\n|inactive|Mitico m has 90 seconds left.\n|\n|t:|1700915431\n|switch|p1a: Tornadus|Tornadus-Therian, M, tera:Steel|100\/100\n|move|p2a: Ursaluna|Headlong Rush|p1a: Tornadus\n|-supereffective|p1a: Tornadus\n|-damage|p1a: Tornadus|0 fnt\n|-unboost|p2a: Ursaluna|def|1\n|-unboost|p2a: Ursaluna|spd|1\n|faint|p1a: Tornadus\n|\n|-damage|p2a: Ursaluna|88\/100 brn|[from] brn\n|upkeep\n|\n|t:|1700915448\n|switch|p1a: Lopunny|Lopunny-Mega, F|84\/100\n|turn|18\n|\n|t:|1700915452\n|move|p1a: Lopunny|Fake Out|p2a: Ursaluna\n|-damage|p2a: Ursaluna|66\/100 brn\n|cant|p2a: Ursaluna|flinch\n|\n|-damage|p2a: Ursaluna|60\/100 brn|[from] brn\n|upkeep\n|turn|19\n|inactive|Mitico m has 90 seconds left.\n|\n|t:|1700915479\n|switch|p1a: Alomomola|Alomomola, F|97\/100\n|move|p2a: Ursaluna|Drain Punch|p1a: Alomomola\n|-crit|p1a: Alomomola\n|-damage|p1a: Alomomola|42\/100\n|-heal|p2a: Ursaluna|91\/100 brn|[from] drain|[of] p1a: Alomomola\n|\n|-damage|p2a: Ursaluna|85\/100 brn|[from] brn\n|-fieldend|move: Trick Room\n|upkeep\n|turn|20\n|\n|t:|1700915497\n|move|p1a: Alomomola|Flip Turn|p2a: Ursaluna\n|-supereffective|p2a: Ursaluna\n|-damage|p2a: Ursaluna|49\/100 brn\n|\n|t:|1700915507\n|switch|p1a: Garchomp|Garchomp, M|100\/100|[from] Flip Turn\n|move|p2a: Ursaluna|Headlong Rush|p1a: Garchomp\n|-damage|p1a: Garchomp|0 fnt\n|-unboost|p2a: Ursaluna|def|1\n|-unboost|p2a: Ursaluna|spd|1\n|-damage|p2a: Ursaluna|36\/100 brn|[from] ability: Rough Skin|[of] p1a: Garchomp\n|faint|p1a: Garchomp\n|\n|-damage|p2a: Ursaluna|30\/100 brn|[from] brn\n|upkeep\n|\n|t:|1700915521\n|switch|p1a: Lopunny|Lopunny-Mega, F|84\/100\n|turn|21\n|\n|t:|1700915529\n|switch|p2a: Cresselia|Cresselia, F|89\/100\n|-heal|p2a: Cresselia|100\/100|[from] move: Healing Wish\n|-damage|p2a: Cresselia|88\/100|[from] Stealth Rock\n|move|p1a: Lopunny|Frustration|p2a: Cresselia\n|-damage|p2a: Cresselia|57\/100\n|-damage|p1a: Lopunny|67\/100|[from] item: Rocky Helmet|[of] p2a: Cresselia\n|\n|upkeep\n|turn|22\n|inactive|Mitico m has 60 seconds left.\n|inactive|Mitico m has 30 seconds left.\n|inactive|Mitico m has 20 seconds left.\n|c|\u2606Mitico m|What? When you used wish?\n|inactive|Mitico m has 15 seconds left.\n|\n|t:|1700915597\n|move|p1a: Lopunny|Fake Out||[still]\n|-hint|Fake Out only works on your first turn out.\n|-fail|p1a: Lopunny\n|move|p2a: Cresselia|Trick Room|p2a: Cresselia\n|-fieldstart|move: Trick Room|[of] p2a: Cresselia\n|\n|upkeep\n|turn|23\n|inactive|Mitico m has 25 seconds left this turn.\n|inactive|Mitico m has 20 seconds left.\n|inactive|BiuJJ has 120 seconds left.\n|inactive|BiuJJ has 90 seconds left.\n|\n|t:|1700915661\n|switch|p1a: Heatran|Heatran, F|100\/100\n|move|p2a: Cresselia|Lunar Dance|p2a: Cresselia\n|faint|p2a: Cresselia\n|\n|upkeep\n|inactive|Mitico m has 25 seconds left this turn.\n|\n|t:|1700915666\n|switch|p2a: Ursaluna|Ursaluna, M|30\/100 brn\n|-heal|p2a: Ursaluna|100\/100|[from] move: Lunar Dance\n|-damage|p2a: Ursaluna|94\/100|[from] Stealth Rock\n|turn|24\n|inactive|Mitico m has 30 seconds left.\n|\n|t:|1700915680\n|switch|p1a: Alomomola|Alomomola, F|75\/100\n|move|p2a: Ursaluna|Headlong Rush|p1a: Alomomola\n|-damage|p1a: Alomomola|21\/100\n|-unboost|p2a: Ursaluna|def|1\n|-unboost|p2a: Ursaluna|spd|1\n|\n|-status|p2a: Ursaluna|brn|[from] item: Flame Orb\n|upkeep\n|turn|25\n|inactive|Mitico m has 30 seconds left.\n|\n|t:|1700915692\n|move|p2a: Ursaluna|Headlong Rush|p1a: Alomomola\n|-damage|p1a: Alomomola|0 fnt\n|-unboost|p2a: Ursaluna|def|1\n|-unboost|p2a: Ursaluna|spd|1\n|faint|p1a: Alomomola\n|\n|-damage|p2a: Ursaluna|88\/100 brn|[from] brn\n|upkeep\n|inactive|Mitico m has 30 seconds left this turn.\n|\n|t:|1700915701\n|switch|p1a: Lopunny|Lopunny-Mega, F|67\/100\n|turn|26\n|\n|t:|1700915705\n|switch|p2a: Nidoking|Nidoking, M, tera:Poison|52\/100\n|-damage|p2a: Nidoking|40\/100|[from] Stealth Rock\n|move|p1a: Lopunny|Fake Out|p2a: Nidoking\n|-damage|p2a: Nidoking|15\/100\n|\n|-fieldend|move: Trick Room\n|upkeep\n|turn|27\n|\n|t:|1700915716\n|move|p1a: Lopunny|Frustration|p2a: Nidoking\n|-damage|p2a: Nidoking|0 fnt\n|faint|p2a: Nidoking\n|\n|upkeep\n|\n|t:|1700915723\n|switch|p2a: Porygon2|Porygon2|73\/100\n|-damage|p2a: Porygon2|60\/100|[from] Stealth Rock\n|-ability|p2a: Porygon2|Scrappy|[from] ability: Trace|[of] p1a: Lopunny\n|turn|28\n|\n|t:|1700915730\n|move|p1a: Lopunny|Close Combat|p2a: Porygon2\n|-supereffective|p2a: Porygon2\n|-damage|p2a: Porygon2|0 fnt\n|-unboost|p1a: Lopunny|def|1\n|-unboost|p1a: Lopunny|spd|1\n|faint|p2a: Porygon2\n|\n|upkeep\n|\n|t:|1700915734\n|switch|p2a: Ursaluna|Ursaluna, M|88\/100 brn\n|-damage|p2a: Ursaluna|82\/100 brn|[from] Stealth Rock\n|turn|29\n|\n|t:|1700915743\n|move|p1a: Lopunny|Close Combat|p2a: Ursaluna\n|-supereffective|p2a: Ursaluna\n|-damage|p2a: Ursaluna|0 fnt\n|-unboost|p1a: Lopunny|def|1\n|-unboost|p1a: Lopunny|spd|1\n|faint|p2a: Ursaluna\n|\n|win|Mitico m\n|raw|Mitico m's rating: 1452 &rarr; <strong>1472<\/strong><br \/>(+20 for winning)\n|raw|BiuJJ's rating: 1459 &rarr; <strong>1439<\/strong><br \/>(-20 for losing)\n|l|\u2606BiuJJ\n","uploadtime":1700915757,"views":0,"p1id":"miticom","p2id":"biujj","formatid":"gen9nationaldex","rating":1439,"private":0,"password":""}