{"id":"gen9nationaldex-1990997065","p1":"CryCrisis","p2":"Amber-acid","format":"[Gen 9] National Dex","log":"|j|\u2606CryCrisis\n|j|\u2606Amber-acid\n|t:|1700025276\n|gametype|singles\n|player|p1|CryCrisis|169|1260\n|player|p2|Amber-acid|doubleteam|1327\n|teamsize|p1|6\n|teamsize|p2|6\n|gen|9\n|tier|[Gen 9] National Dex\n|rated|\n|rule|HP Percentage Mod: HP is shown in percentages\n|rule|Endless Battle Clause: Forcing endless battles is banned\n|rule|OHKO Clause: OHKO moves are banned\n|rule|Evasion Clause: Evasion abilities, items, and moves are banned\n|rule|Evasion Abilities Clause: Evasion abilities are banned\n|rule|Evasion Items Clause: Evasion items are banned\n|rule|Evasion Moves Clause: Evasion moves are banned\n|rule|Species Clause: Limit one of each Pok\u00e9mon\n|rule|Sleep Clause Mod: Limit one foe put to sleep\n|clearpoke\n|poke|p1|Ceruledge, M|\n|poke|p1|Corviknight, M|\n|poke|p1|Sharpedo, F|\n|poke|p1|Ninetales-Alola, F|\n|poke|p1|Goodra-Hisui, M|\n|poke|p1|Lapras, F|\n|poke|p2|Pelipper, F|\n|poke|p2|Barraskewda, M|\n|poke|p2|Swampert, M|\n|poke|p2|Kingdra, M|\n|poke|p2|Zapdos|\n|poke|p2|Aegislash, F|\n|teampreview\n|\n|t:|1700025285\n|start\n|switch|p1a: Escargoo|Goodra-Hisui, M|100\/100\n|switch|p2a: Pelipper|Pelipper, F|100\/100\n|-weather|RainDance|[from] ability: Drizzle|[of] p2a: Pelipper\n|turn|1\n|inactive|Battle timer is ON: inactive players will automatically lose when time's up. (requested by Amber-acid)\n|\n|t:|1700025293\n|move|p2a: Pelipper|U-turn|p1a: Escargoo\n|-resisted|p1a: Escargoo\n|-damage|p1a: Escargoo|98\/100\n|\n|t:|1700025297\n|switch|p2a: Swampert|Swampert, M|100\/100|[from] U-turn\n|move|p1a: Escargoo|Thunderbolt|p2a: Swampert\n|-immune|p2a: Swampert\n|\n|-weather|RainDance|[upkeep]\n|-heal|p1a: Escargoo|100\/100|[from] item: Leftovers\n|upkeep\n|turn|2\n|\n|t:|1700025309\n|switch|p1a: Gawain|Corviknight, M|100\/100\n|-ability|p1a: Gawain|Pressure\n|detailschange|p2a: Swampert|Swampert-Mega, M\n|-mega|p2a: Swampert|Swampert|Swampertite\n|move|p2a: Swampert|Earthquake|p1a: Gawain\n|-immune|p1a: Gawain\n|\n|-weather|RainDance|[upkeep]\n|upkeep\n|turn|3\n|\n|t:|1700025323\n|move|p2a: Swampert|Liquidation|p1a: Gawain\n|-damage|p1a: Gawain|56\/100\n|-damage|p2a: Swampert|84\/100|[from] item: Rocky Helmet|[of] p1a: Gawain\n|move|p1a: Gawain|Iron Head|p2a: Swampert\n|-resisted|p2a: Swampert\n|-damage|p2a: Swampert|74\/100\n|\n|-weather|RainDance|[upkeep]\n|upkeep\n|turn|4\n|\n|t:|1700025332\n|move|p2a: Swampert|Liquidation|p1a: Gawain\n|-damage|p1a: Gawain|15\/100\n|-damage|p2a: Swampert|57\/100|[from] item: Rocky Helmet|[of] p1a: Gawain\n|move|p1a: Gawain|Roost|p1a: Gawain\n|-heal|p1a: Gawain|65\/100\n|-singleturn|p1a: Gawain|move: Roost\n|\n|-weather|RainDance|[upkeep]\n|upkeep\n|turn|5\n|\n|t:|1700025343\n|move|p2a: Swampert|Liquidation|p1a: Gawain\n|-damage|p1a: Gawain|22\/100\n|-damage|p2a: Swampert|41\/100|[from] item: Rocky Helmet|[of] p1a: Gawain\n|move|p1a: Gawain|Roost|p1a: Gawain\n|-heal|p1a: Gawain|72\/100\n|-singleturn|p1a: Gawain|move: Roost\n|\n|-weather|RainDance|[upkeep]\n|upkeep\n|turn|6\n|\n|t:|1700025355\n|switch|p2a: Zapdos|Zapdos|100\/100\n|switch|p1a: Bessie|Lapras, F, shiny|100\/100\n|\n|-weather|RainDance|[upkeep]\n|upkeep\n|turn|7\n|\n|t:|1700025366\n|-terastallize|p1a: Bessie|Ground\n|move|p2a: Zapdos|Toxic|p1a: Bessie\n|-status|p1a: Bessie|tox\n|move|p1a: Bessie|Freeze-Dry|p2a: Zapdos\n|-supereffective|p2a: Zapdos\n|-damage|p2a: Zapdos|20\/100\n|\n|-weather|RainDance|[upkeep]\n|-damage|p1a: Bessie|94\/100 tox|[from] psn\n|upkeep\n|turn|8\n|\n|t:|1700025383\n|switch|p1a: Lilianne|Ninetales-Alola, F, shiny|100\/100\n|-weather|Snow|[from] ability: Snow Warning|[of] p1a: Lilianne\n|move|p2a: Zapdos|Roost|p2a: Zapdos\n|-heal|p2a: Zapdos|70\/100\n|-singleturn|p2a: Zapdos|move: Roost\n|\n|-weather|Snow|[upkeep]\n|upkeep\n|turn|9\n|\n|t:|1700025397\n|move|p1a: Lilianne|Aurora Veil|p1a: Lilianne\n|-sidestart|p1: CryCrisis|move: Aurora Veil\n|move|p2a: Zapdos|Toxic|p1a: Lilianne|[miss]\n|-miss|p2a: Zapdos|p1a: Lilianne\n|\n|-weather|Snow|[upkeep]\n|upkeep\n|turn|10\n|\n|t:|1700025405\n|move|p1a: Lilianne|Blizzard|p2a: Zapdos\n|-supereffective|p2a: Zapdos\n|-damage|p2a: Zapdos|11\/100\n|move|p2a: Zapdos|Defog|p1a: Lilianne\n|-unboost|p1a: Lilianne|evasion|1\n|-sideend|p1: CryCrisis|move: Aurora Veil\n|\n|-weather|Snow|[upkeep]\n|upkeep\n|turn|11\n|\n|t:|1700025415\n|switch|p2a: Aegislash|Aegislash, F|100\/100\n|move|p1a: Lilianne|Moonblast|p2a: Aegislash\n|-resisted|p2a: Aegislash\n|-damage|p2a: Aegislash|90\/100\n|\n|-weather|Snow|[upkeep]\n|-heal|p2a: Aegislash|96\/100|[from] item: Leftovers\n|upkeep\n|turn|12\n|\n|t:|1700025425\n|switch|p1a: Sashimi|Sharpedo, F|100\/100\n|move|p2a: Aegislash|Substitute|p2a: Aegislash\n|-start|p2a: Aegislash|Substitute\n|-damage|p2a: Aegislash|71\/100\n|\n|-weather|none\n|-heal|p2a: Aegislash|78\/100|[from] item: Leftovers\n|upkeep\n|turn|13\n|\n|t:|1700025435\n|move|p1a: Sashimi|Protect|p1a: Sashimi\n|-singleturn|p1a: Sashimi|Protect\n|move|p2a: Aegislash|Toxic|p1a: Sashimi\n|-activate|p1a: Sashimi|move: Protect\n|\n|-heal|p2a: Aegislash|84\/100|[from] item: Leftovers\n|-ability|p1a: Sashimi|Speed Boost|boost\n|-boost|p1a: Sashimi|spe|1\n|upkeep\n|turn|14\n|\n|t:|1700025448\n|move|p1a: Sashimi|Crunch|p2a: Aegislash\n|-supereffective|p2a: Aegislash\n|-end|p2a: Aegislash|Substitute\n|move|p2a: Aegislash|Toxic|p1a: Sashimi\n|-status|p1a: Sashimi|tox\n|\n|-heal|p2a: Aegislash|90\/100|[from] item: Leftovers\n|-damage|p1a: Sashimi|94\/100 tox|[from] psn\n|-ability|p1a: Sashimi|Speed Boost|boost\n|-boost|p1a: Sashimi|spe|1\n|upkeep\n|turn|15\n|\n|t:|1700025465\n|move|p1a: Sashimi|Protect|p1a: Sashimi\n|-singleturn|p1a: Sashimi|Protect\n|move|p2a: Aegislash|King's Shield||[still]\n|-fail|p2a: Aegislash\n|\n|-heal|p2a: Aegislash|96\/100|[from] item: Leftovers\n|-damage|p1a: Sashimi|82\/100 tox|[from] psn\n|-ability|p1a: Sashimi|Speed Boost|boost\n|-boost|p1a: Sashimi|spe|1\n|upkeep\n|turn|16\n|\n|t:|1700025476\n|detailschange|p1a: Sashimi|Sharpedo-Mega, F\n|-mega|p1a: Sashimi|Sharpedo|Sharpedonite\n|move|p2a: Aegislash|King's Shield|p2a: Aegislash\n|-singleturn|p2a: Aegislash|Protect\n|move|p1a: Sashimi|Crunch|p2a: Aegislash\n|-activate|p2a: Aegislash|move: Protect\n|-unboost|p1a: Sashimi|atk|1\n|\n|-heal|p2a: Aegislash|100\/100|[from] item: Leftovers\n|-damage|p1a: Sashimi|64\/100 tox|[from] psn\n|upkeep\n|turn|17\n|\n|t:|1700025490\n|switch|p2a: Pelipper|Pelipper, F|100\/100\n|-weather|RainDance|[from] ability: Drizzle|[of] p2a: Pelipper\n|move|p1a: Sashimi|Crunch|p2a: Pelipper\n|-damage|p2a: Pelipper|62\/100\n|\n|-weather|RainDance|[upkeep]\n|-damage|p1a: Sashimi|40\/100 tox|[from] psn\n|upkeep\n|turn|18\n|\n|t:|1700025503\n|switch|p1a: Lilianne|Ninetales-Alola, F, shiny|100\/100\n|-weather|Snow|[from] ability: Snow Warning|[of] p1a: Lilianne\n|move|p2a: Pelipper|Roost|p2a: Pelipper\n|-heal|p2a: Pelipper|100\/100\n|-singleturn|p2a: Pelipper|move: Roost\n|\n|-weather|Snow|[upkeep]\n|upkeep\n|turn|19\n|\n|t:|1700025514\n|switch|p2a: Aegislash|Aegislash, F|100\/100\n|move|p1a: Lilianne|Heal Bell|p1a: Lilianne\n|-activate|p1a: Lilianne|move: Heal Bell\n|-curestatus|p1: Sashimi|tox|[msg]\n|-curestatus|p1: Bessie|tox|[msg]\n|\n|-weather|Snow|[upkeep]\n|upkeep\n|turn|20\n|\n|t:|1700025534\n|switch|p1a: Escargoo|Goodra-Hisui, M|100\/100\n|move|p2a: Aegislash|Substitute|p2a: Aegislash\n|-start|p2a: Aegislash|Substitute\n|-damage|p2a: Aegislash|75\/100\n|\n|-weather|Snow|[upkeep]\n|-heal|p2a: Aegislash|82\/100|[from] item: Leftovers\n|upkeep\n|turn|21\n|\n|t:|1700025543\n|move|p1a: Escargoo|Flamethrower|p2a: Aegislash\n|-supereffective|p2a: Aegislash\n|-end|p2a: Aegislash|Substitute\n|-formechange|p2a: Aegislash|Aegislash-Blade||[from] ability: Stance Change\n|move|p2a: Aegislash|Shadow Ball|p1a: Escargoo\n|-damage|p1a: Escargoo|70\/100\n|-unboost|p1a: Escargoo|spd|1\n|\n|-weather|Snow|[upkeep]\n|-heal|p2a: Aegislash|88\/100|[from] item: Leftovers\n|-heal|p1a: Escargoo|76\/100|[from] item: Leftovers\n|upkeep\n|turn|22\n|\n|t:|1700025560\n|-formechange|p2a: Aegislash|Aegislash||[from] ability: Stance Change\n|move|p2a: Aegislash|King's Shield|p2a: Aegislash\n|-singleturn|p2a: Aegislash|Protect\n|move|p1a: Escargoo|Protect||[still]\n|-fail|p1a: Escargoo\n|\n|-weather|none\n|-heal|p1a: Escargoo|82\/100|[from] item: Leftovers\n|-heal|p2a: Aegislash|94\/100|[from] item: Leftovers\n|upkeep\n|turn|23\n|inactive|Amber-acid has 120 seconds left.\n|\n|t:|1700025588\n|switch|p2a: Kingdra|Kingdra, M|100\/100\n|move|p1a: Escargoo|Flamethrower|p2a: Kingdra\n|-resisted|p2a: Kingdra\n|-damage|p2a: Kingdra|95\/100\n|\n|-heal|p1a: Escargoo|88\/100|[from] item: Leftovers\n|upkeep\n|turn|24\n|inactive|Amber-acid has 120 seconds left.\n|\n|t:|1700025604\n|switch|p1a: Lilianne|Ninetales-Alola, F, shiny|100\/100\n|-weather|Snow|[from] ability: Snow Warning|[of] p1a: Lilianne\n|-terastallize|p2a: Kingdra|Water\n|move|p2a: Kingdra|Surf|p1a: Lilianne\n|-damage|p1a: Lilianne|22\/100\n|-damage|p2a: Kingdra|85\/100|[from] item: Life Orb\n|\n|-weather|Snow|[upkeep]\n|upkeep\n|turn|25\n|\n|t:|1700025617\n|switch|p1a: Bessie|Lapras, F, shiny, tera:Ground|94\/100\n|switch|p2a: Aegislash|Aegislash, F|94\/100\n|\n|-weather|Snow|[upkeep]\n|-heal|p2a: Aegislash|99\/100|[from] item: Leftovers\n|upkeep\n|turn|26\n|\n|t:|1700025629\n|move|p2a: Aegislash|Toxic|p1a: Bessie\n|-status|p1a: Bessie|tox\n|move|p1a: Bessie|Hidden Power|p2a: Aegislash\n|-supereffective|p2a: Aegislash\n|-damage|p2a: Aegislash|35\/100\n|\n|-weather|Snow|[upkeep]\n|-heal|p2a: Aegislash|42\/100|[from] item: Leftovers\n|-damage|p1a: Bessie|88\/100 tox|[from] psn\n|upkeep\n|turn|27\n|\n|t:|1700025640\n|switch|p1a: Percival|Ceruledge, M|100\/100\n|move|p2a: Aegislash|Substitute|p2a: Aegislash\n|-start|p2a: Aegislash|Substitute\n|-damage|p2a: Aegislash|17\/100\n|\n|-weather|Snow|[upkeep]\n|-heal|p2a: Aegislash|23\/100|[from] item: Leftovers\n|upkeep\n|turn|28\n|\n|t:|1700025653\n|move|p1a: Percival|Shadow Sneak|p2a: Aegislash\n|-supereffective|p2a: Aegislash\n|-end|p2a: Aegislash|Substitute\n|move|p2a: Aegislash|Toxic|p1a: Percival\n|-status|p1a: Percival|tox\n|\n|-weather|none\n|-heal|p2a: Aegislash|29\/100|[from] item: Leftovers\n|-damage|p1a: Percival|94\/100 tox|[from] psn\n|upkeep\n|turn|29\n|\n|t:|1700025663\n|move|p2a: Aegislash|King's Shield|p2a: Aegislash\n|-singleturn|p2a: Aegislash|Protect\n|move|p1a: Percival|Swords Dance|p1a: Percival\n|-boost|p1a: Percival|atk|2\n|\n|-heal|p2a: Aegislash|35\/100|[from] item: Leftovers\n|-damage|p1a: Percival|82\/100 tox|[from] psn\n|upkeep\n|turn|30\n|inactive|Amber-acid has 120 seconds left.\n|\n|t:|1700025676\n|switch|p2a: Pelipper|Pelipper, F|100\/100\n|-weather|RainDance|[from] ability: Drizzle|[of] p2a: Pelipper\n|move|p1a: Percival|Bitter Blade|p2a: Pelipper\n|-resisted|p2a: Pelipper\n|-damage|p2a: Pelipper|83\/100\n|-heal|p1a: Percival|90\/100 tox|[from] drain|[of] p2a: Pelipper\n|\n|-weather|RainDance|[upkeep]\n|-damage|p1a: Percival|71\/100 tox|[from] psn\n|upkeep\n|turn|31\n|inactive|Amber-acid has 120 seconds left.\n|\n|t:|1700025688\n|move|p1a: Percival|Shadow Sneak|p2a: Pelipper\n|-damage|p2a: Pelipper|46\/100\n|move|p2a: Pelipper|U-turn|p1a: Percival\n|-resisted|p1a: Percival\n|-damage|p1a: Percival|69\/100 tox\n|-message|CryCrisis forfeited.\n|\n|win|Amber-acid\n|raw|CryCrisis's rating: 1260 &rarr; <strong>1240<\/strong><br \/>(-20 for losing)\n|raw|Amber-acid's rating: 1327 &rarr; <strong>1343<\/strong><br \/>(+16 for winning)\n|l|\u2606CryCrisis\n","uploadtime":1700025697,"views":10,"p1id":"crycrisis","p2id":"amberacid","formatid":"gen9nationaldex","rating":1240,"private":0,"password":""}