{"id":"gen9nationaldex-1995455075","p1":"heitaok","p2":"pelor4242","format":"[Gen 9] National Dex","log":"|html|<div class=\"broadcast-blue\"><strong>[Gen 9] National Dex is currently suspecting Sneasler! For information on how to participate check out the <a href=\"https:\/\/www.smogon.com\/forums\/threads\/sv-national-dex-suspect-8-just-dance.3731534\/\">suspect thread<\/a>.<\/strong><\/div>\n|j|\u2606heitaok\n|j|\u2606pelor4242\n|t:|1700572755\n|gametype|singles\n|player|p1|heitaok|gentleman|1798\n|player|p2|pelor4242|266|1681\n|teamsize|p1|6\n|teamsize|p2|6\n|gen|9\n|tier|[Gen 9] National Dex\n|rated|\n|rule|HP Percentage Mod: HP is shown in percentages\n|rule|Endless Battle Clause: Forcing endless battles is banned\n|rule|OHKO Clause: OHKO moves are banned\n|rule|Evasion Clause: Evasion abilities, items, and moves are banned\n|rule|Evasion Abilities Clause: Evasion abilities are banned\n|rule|Evasion Items Clause: Evasion items are banned\n|rule|Evasion Moves Clause: Evasion moves are banned\n|rule|Species Clause: Limit one of each Pok\u00e9mon\n|rule|Sleep Clause Mod: Limit one foe put to sleep\n|clearpoke\n|poke|p1|Rotom-Wash|\n|poke|p1|Greninja-*, M|\n|poke|p1|Hoopa-Unbound|\n|poke|p1|Scizor, F|\n|poke|p1|Landorus-Therian, M|\n|poke|p1|Tapu Koko|\n|poke|p2|Heatran, F|\n|poke|p2|Garganacl, M|\n|poke|p2|Iron Valiant|\n|poke|p2|Garchomp, M|\n|poke|p2|Corviknight, M|\n|poke|p2|Charizard, F|\n|teampreview\n|inactive|Battle timer is ON: inactive players will automatically lose when time's up. (requested by heitaok)\n|\n|t:|1700572760\n|start\n|switch|p1a: Hoopa|Hoopa-Unbound|100\/100\n|switch|p2a: Salt Goodman|Garganacl, M|100\/100\n|turn|1\n|\n|t:|1700572763\n|-terastallize|p1a: Hoopa|Dark\n|move|p1a: Hoopa|Hyperspace Fury|p2a: Salt Goodman\n|-damage|p2a: Salt Goodman|38\/100\n|-unboost|p1a: Hoopa|def|1\n|move|p2a: Salt Goodman|Stealth Rock|p1a: Hoopa\n|-sidestart|p1: heitaok|move: Stealth Rock\n|\n|-heal|p2a: Salt Goodman|44\/100|[from] item: Leftovers\n|upkeep\n|turn|2\n|\n|t:|1700572771\n|move|p2a: Salt Goodman|Protect|p2a: Salt Goodman\n|-singleturn|p2a: Salt Goodman|Protect\n|move|p1a: Hoopa|Hyperspace Fury|p2a: Salt Goodman\n|-activate|p2a: Salt Goodman|move: Hyperspace Fury|[broken]\n|-damage|p2a: Salt Goodman|0 fnt\n|-unboost|p1a: Hoopa|def|1\n|faint|p2a: Salt Goodman\n|\n|upkeep\n|\n|t:|1700572782\n|switch|p2a: Excalibot|Iron Valiant|100\/100\n|-enditem|p2a: Excalibot|Booster Energy\n|-activate|p2a: Excalibot|ability: Quark Drive|[fromitem]\n|-start|p2a: Excalibot|quarkdrivespe\n|turn|3\n|j| Poke_Gamer_Devil\n|\n|t:|1700572789\n|switch|p1a: Scizor|Scizor, F|100\/100\n|-damage|p1a: Scizor|88\/100|[from] Stealth Rock\n|move|p2a: Excalibot|Moonblast|p1a: Scizor\n|-resisted|p1a: Scizor\n|-damage|p1a: Scizor|69\/100\n|-unboost|p1a: Scizor|spa|1\n|\n|upkeep\n|turn|4\n|\n|t:|1700572793\n|-end|p2a: Excalibot|Quark Drive|[silent]\n|switch|p2a: Tubareba|Garchomp, M|100\/100\n|detailschange|p1a: Scizor|Scizor-Mega, F\n|-mega|p1a: Scizor|Scizor|Scizorite\n|move|p1a: Scizor|U-turn|p2a: Tubareba\n|-damage|p2a: Tubareba|65\/100\n|-damage|p1a: Scizor|57\/100|[from] ability: Rough Skin|[of] p2a: Tubareba\n|-damage|p1a: Scizor|40\/100|[from] item: Rocky Helmet|[of] p2a: Tubareba\n|\n|t:|1700572812\n|switch|p1a: Greninja|Greninja, M|100\/100|[from] U-turn\n|-damage|p1a: Greninja|88\/100|[from] Stealth Rock\n|\n|upkeep\n|turn|5\n|\n|t:|1700572821\n|switch|p2a: Silver Chariot|Corviknight, M|100\/100\n|-ability|p2a: Silver Chariot|Pressure\n|move|p1a: Greninja|U-turn|p2a: Silver Chariot\n|-start|p1a: Greninja|typechange|Bug|[from] ability: Protean\n|-resisted|p2a: Silver Chariot\n|-damage|p2a: Silver Chariot|96\/100\n|-damage|p1a: Greninja|72\/100|[from] item: Rocky Helmet|[of] p2a: Silver Chariot\n|\n|t:|1700572840\n|switch|p1a: Tapu Koko|Tapu Koko|100\/100|[from] U-turn\n|-damage|p1a: Tapu Koko|88\/100|[from] Stealth Rock\n|-fieldstart|move: Electric Terrain|[from] ability: Electric Surge|[of] p1a: Tapu Koko\n|\n|upkeep\n|turn|6\n|inactive|pelor4242 has 120 seconds left.\n|\n|t:|1700572871\n|move|p1a: Tapu Koko|Hidden Power|p2a: Silver Chariot\n|-damage|p2a: Silver Chariot|73\/100\n|move|p2a: Silver Chariot|U-turn|p1a: Tapu Koko\n|-resisted|p1a: Tapu Koko\n|-damage|p1a: Tapu Koko|79\/100\n|\n|t:|1700572875\n|switch|p2a: Heatran|Heatran, F|100\/100|[from] U-turn\n|\n|upkeep\n|turn|7\n|\n|t:|1700572882\n|switch|p1a: Rotom|Rotom-Wash|100\/100\n|-damage|p1a: Rotom|88\/100|[from] Stealth Rock\n|move|p2a: Heatran|Earth Power|p1a: Rotom\n|-immune|p1a: Rotom|[from] ability: Levitate\n|\n|-heal|p1a: Rotom|94\/100|[from] item: Leftovers\n|upkeep\n|turn|8\n|\n|t:|1700572884\n|-terastallize|p2a: Heatran|Grass\n|move|p1a: Rotom|Defog|p2a: Heatran\n|-unboost|p2a: Heatran|evasion|1\n|-sideend|p1: heitaok|Stealth Rock|[from] move: Defog|[of] p1a: Rotom\n|-fieldend|move: Electric Terrain\n|move|p2a: Heatran|Tera Blast|p1a: Rotom|[anim] Tera Blast Grass\n|-supereffective|p1a: Rotom\n|-damage|p1a: Rotom|0 fnt\n|faint|p1a: Rotom\n|\n|upkeep\n|\n|t:|1700572893\n|switch|p1a: Greninja|Greninja, M|72\/100\n|turn|9\n|\n|t:|1700572895\n|move|p1a: Greninja|U-turn|p2a: Heatran\n|-start|p1a: Greninja|typechange|Bug|[from] ability: Protean\n|-supereffective|p2a: Heatran\n|-damage|p2a: Heatran|50\/100\n|\n|t:|1700572903\n|switch|p1a: Landorus|Landorus-Therian, M|100\/100|[from] U-turn\n|-ability|p1a: Landorus|Intimidate|boost\n|-unboost|p2a: Heatran|atk|1\n|move|p2a: Heatran|Tera Blast|p1a: Landorus|[anim] Tera Blast Grass\n|-damage|p1a: Landorus|47\/100\n|\n|upkeep\n|turn|10\n|\n|t:|1700572907\n|switch|p2a: Silver Chariot|Corviknight, M|73\/100\n|-ability|p2a: Silver Chariot|Pressure\n|move|p1a: Landorus|U-turn|p2a: Silver Chariot\n|-resisted|p2a: Silver Chariot\n|-damage|p2a: Silver Chariot|70\/100\n|-damage|p1a: Landorus|30\/100|[from] item: Rocky Helmet|[of] p2a: Silver Chariot\n|\n|t:|1700572917\n|switch|p1a: Tapu Koko|Tapu Koko|79\/100|[from] U-turn\n|-fieldstart|move: Electric Terrain|[from] ability: Electric Surge|[of] p1a: Tapu Koko\n|\n|upkeep\n|turn|11\n|\n|t:|1700572919\n|switch|p2a: Tubareba|Garchomp, M|65\/100\n|move|p1a: Tapu Koko|Hidden Power|p2a: Tubareba\n|-supereffective|p2a: Tubareba\n|-damage|p2a: Tubareba|0 fnt\n|faint|p2a: Tubareba\n|\n|upkeep\n|\n|t:|1700572924\n|switch|p2a: Heatran|Heatran, F, tera:Grass|50\/100\n|turn|12\n|\n|t:|1700572928\n|move|p1a: Tapu Koko|Hidden Power|p2a: Heatran\n|-supereffective|p2a: Heatran\n|-damage|p2a: Heatran|24\/100\n|move|p2a: Heatran|Flash Cannon|p1a: Tapu Koko\n|-damage|p1a: Tapu Koko|5\/100\n|-unboost|p1a: Tapu Koko|spd|1\n|\n|upkeep\n|turn|13\n|\n|t:|1700572932\n|move|p1a: Tapu Koko|Hidden Power|p2a: Heatran\n|-supereffective|p2a: Heatran\n|-damage|p2a: Heatran|0 fnt\n|faint|p2a: Heatran\n|\n|upkeep\n|\n|t:|1700572935\n|switch|p2a: Charizard|Charizard, F, shiny|100\/100\n|turn|14\n|\n|t:|1700572938\n|switch|p1a: Landorus|Landorus-Therian, M|30\/100\n|-ability|p1a: Landorus|Intimidate|boost\n|-unboost|p2a: Charizard|atk|1\n|detailschange|p2a: Charizard|Charizard-Mega-Y, F, shiny\n|-mega|p2a: Charizard|Charizard|Charizardite Y\n|-weather|SunnyDay|[from] ability: Drought|[of] p2a: Charizard\n|move|p2a: Charizard|Weather Ball|p1a: Landorus\n|-damage|p1a: Landorus|0 fnt\n|faint|p1a: Landorus\n|\n|-weather|SunnyDay|[upkeep]\n|-fieldend|move: Electric Terrain\n|upkeep\n|\n|t:|1700572953\n|switch|p1a: Tapu Koko|Tapu Koko|5\/100\n|-fieldstart|move: Electric Terrain|[from] ability: Electric Surge|[of] p1a: Tapu Koko\n|turn|15\n|\n|t:|1700572956\n|switch|p2a: Silver Chariot|Corviknight, M|70\/100\n|-ability|p2a: Silver Chariot|Pressure\n|move|p1a: Tapu Koko|Thunderbolt|p2a: Silver Chariot\n|-supereffective|p2a: Silver Chariot\n|-damage|p2a: Silver Chariot|0 fnt\n|faint|p2a: Silver Chariot\n|\n|-weather|SunnyDay|[upkeep]\n|upkeep\n|\n|t:|1700572959\n|switch|p2a: Excalibot|Iron Valiant|100\/100\n|-activate|p2a: Excalibot|ability: Quark Drive\n|-start|p2a: Excalibot|quarkdrivespe\n|turn|16\n|\n|t:|1700572961\n|switch|p1a: Hoopa|Hoopa-Unbound, tera:Dark|100\/100\n|move|p2a: Excalibot|Moonblast|p1a: Hoopa\n|-supereffective|p1a: Hoopa\n|-damage|p1a: Hoopa|10\/100\n|-unboost|p1a: Hoopa|spa|1\n|\n|-weather|SunnyDay|[upkeep]\n|upkeep\n|turn|17\n|\n|t:|1700572967\n|move|p2a: Excalibot|Moonblast|p1a: Hoopa\n|-supereffective|p1a: Hoopa\n|-damage|p1a: Hoopa|0 fnt\n|faint|p1a: Hoopa\n|\n|-weather|SunnyDay|[upkeep]\n|upkeep\n|\n|t:|1700572970\n|switch|p1a: Scizor|Scizor-Mega, F|40\/100\n|turn|18\n|\n|t:|1700572973\n|move|p1a: Scizor|Bullet Punch|p2a: Excalibot\n|-supereffective|p2a: Excalibot\n|-damage|p2a: Excalibot|22\/100\n|move|p2a: Excalibot|Destiny Bond|p2a: Excalibot\n|-singlemove|p2a: Excalibot|Destiny Bond\n|\n|-weather|none\n|upkeep\n|turn|19\n|\n|t:|1700572980\n|move|p1a: Scizor|Bullet Punch|p2a: Excalibot\n|-supereffective|p2a: Excalibot\n|-damage|p2a: Excalibot|0 fnt\n|faint|p2a: Excalibot\n|-activate|p2a: Excalibot|move: Destiny Bond\n|-end|p2a: Excalibot|Quark Drive|[silent]\n|faint|p1a: Scizor\n|\n|-fieldend|move: Electric Terrain\n|upkeep\n|\n|t:|1700572985\n|switch|p2a: Charizard|Charizard-Mega-Y, F, shiny|100\/100\n|switch|p1a: Tapu Koko|Tapu Koko|5\/100\n|-fieldstart|move: Electric Terrain|[from] ability: Electric Surge|[of] p1a: Tapu Koko\n|-weather|SunnyDay|[from] ability: Drought|[of] p2a: Charizard\n|turn|20\n|\n|t:|1700572993\n|move|p1a: Tapu Koko|Thunderbolt|p2a: Charizard\n|-supereffective|p2a: Charizard\n|-damage|p2a: Charizard|0 fnt\n|faint|p2a: Charizard\n|\n|win|heitaok\n|raw|heitaok's rating: 1798 &rarr; <strong>1812<\/strong><br \/>(+14 for winning)\n|raw|pelor4242's rating: 1681 &rarr; <strong>1667<\/strong><br \/>(-14 for losing)\n|l|\u2606pelor4242\n","uploadtime":1700573007,"views":15,"p1id":"heitaok","p2id":"pelor4242","formatid":"gen9nationaldex","rating":1667,"private":0,"password":""}