{"id":"gen9nationaldex-1996834652","p1":"Yalpur","p2":"Klaus33","format":"[Gen 9] National Dex","log":"|html|<div class=\"broadcast-blue\"><strong>[Gen 9] National Dex is currently suspecting Sneasler! For information on how to participate check out the <a href=\"https:\/\/www.smogon.com\/forums\/threads\/sv-national-dex-suspect-8-just-dance.3731534\/\">suspect thread<\/a>.<\/strong><\/div>\n|j|\u2606Yalpur\n|j|\u2606Klaus33\n|t:|1700732833\n|gametype|singles\n|player|p1|Yalpur|265|1776\n|player|p2|Klaus33|benga|1689\n|teamsize|p1|6\n|teamsize|p2|6\n|gen|9\n|tier|[Gen 9] National Dex\n|rated|\n|rule|HP Percentage Mod: HP is shown in percentages\n|rule|Endless Battle Clause: Forcing endless battles is banned\n|rule|OHKO Clause: OHKO moves are banned\n|rule|Evasion Clause: Evasion abilities, items, and moves are banned\n|rule|Evasion Abilities Clause: Evasion abilities are banned\n|rule|Evasion Items Clause: Evasion items are banned\n|rule|Evasion Moves Clause: Evasion moves are banned\n|rule|Species Clause: Limit one of each Pok\u00e9mon\n|rule|Sleep Clause Mod: Limit one foe put to sleep\n|clearpoke\n|poke|p1|Tapu Koko|\n|poke|p1|Iron Hands|\n|poke|p1|Iron Valiant|\n|poke|p1|Hatterene, F|\n|poke|p1|Medicham, M|\n|poke|p1|Raichu-Alola, F|\n|poke|p2|Alomomola, M|\n|poke|p2|Muk-Alola, F|\n|poke|p2|Skeledirge, F|\n|poke|p2|Mew|\n|poke|p2|Rillaboom, F|\n|poke|p2|Iron Treads|\n|teampreview\n|\n|t:|1700732854\n|start\n|switch|p1a: Tapu Koko|Tapu Koko|100\/100\n|switch|p2a: Iron Treads|Iron Treads|100\/100\n|-fieldstart|move: Electric Terrain|[from] ability: Electric Surge|[of] p1a: Tapu Koko\n|-activate|p2a: Iron Treads|ability: Quark Drive\n|-start|p2a: Iron Treads|quarkdrivespe\n|turn|1\n|\n|t:|1700732869\n|switch|p1a: Hatterene|Hatterene, F|100\/100\n|move|p2a: Iron Treads|Earthquake|p1a: Hatterene\n|-damage|p1a: Hatterene|50\/100\n|-enditem|p1a: Hatterene|Eject Button\n|\n|t:|1700732891\n|switch|p1a: Iron Valiant|Iron Valiant|100\/100\n|-activate|p1a: Iron Valiant|ability: Quark Drive\n|-start|p1a: Iron Valiant|quarkdrivespe\n|\n|upkeep\n|turn|2\n|\n|t:|1700732904\n|-end|p2a: Iron Treads|Quark Drive|[silent]\n|switch|p2a: Mew|Mew|100\/100\n|move|p1a: Iron Valiant|Close Combat|p2a: Mew\n|-resisted|p2a: Mew\n|-damage|p2a: Mew|71\/100\n|-unboost|p1a: Iron Valiant|def|1\n|-unboost|p1a: Iron Valiant|spd|1\n|-damage|p1a: Iron Valiant|91\/100|[from] item: Life Orb\n|\n|upkeep\n|turn|3\n|\n|t:|1700732919\n|-terastallize|p1a: Iron Valiant|Fairy\n|move|p1a: Iron Valiant|Moonblast|p2a: Mew\n|-damage|p2a: Mew|0 fnt\n|faint|p2a: Mew\n|-damage|p1a: Iron Valiant|81\/100|[from] item: Life Orb\n|\n|upkeep\n|\n|t:|1700732929\n|switch|p2a: Rillaboom|Rillaboom, F|100\/100\n|-fieldstart|move: Grassy Terrain|[from] ability: Grassy Surge|[of] p2a: Rillaboom\n|-end|p1a: Iron Valiant|Quark Drive\n|turn|4\n|\n|t:|1700732939\n|-end|p1a: Iron Valiant|Quark Drive|[silent]\n|switch|p1a: Tapu Koko|Tapu Koko|100\/100\n|-fieldstart|move: Electric Terrain|[from] ability: Electric Surge|[of] p1a: Tapu Koko\n|move|p2a: Rillaboom|Grassy Glide|p1a: Tapu Koko\n|-damage|p1a: Tapu Koko|38\/100\n|\n|upkeep\n|turn|5\n|\n|t:|1700732947\n|switch|p2a: Iron Treads|Iron Treads|100\/100\n|-activate|p2a: Iron Treads|ability: Quark Drive\n|-start|p2a: Iron Treads|quarkdrivespe\n|move|p1a: Tapu Koko|U-turn|p2a: Iron Treads\n|-resisted|p2a: Iron Treads\n|-damage|p2a: Iron Treads|91\/100\n|\n|t:|1700732954\n|switch|p1a: Iron Valiant|Iron Valiant, tera:Fairy|81\/100|[from] U-turn\n|-activate|p1a: Iron Valiant|ability: Quark Drive\n|-start|p1a: Iron Valiant|quarkdrivespe\n|\n|upkeep\n|turn|6\n|\n|t:|1700732982\n|-end|p2a: Iron Treads|Quark Drive|[silent]\n|switch|p2a: Rillaboom|Rillaboom, F|100\/100\n|-fieldstart|move: Grassy Terrain|[from] ability: Grassy Surge|[of] p2a: Rillaboom\n|-end|p1a: Iron Valiant|Quark Drive\n|move|p1a: Iron Valiant|Close Combat|p2a: Rillaboom\n|-damage|p2a: Rillaboom|33\/100\n|-unboost|p1a: Iron Valiant|def|1\n|-unboost|p1a: Iron Valiant|spd|1\n|-damage|p1a: Iron Valiant|71\/100|[from] item: Life Orb\n|\n|-heal|p1a: Iron Valiant|78\/100|[from] Grassy Terrain\n|-heal|p2a: Rillaboom|40\/100|[from] Grassy Terrain\n|upkeep\n|turn|7\n|\n|t:|1700732999\n|-end|p1a: Iron Valiant|Quark Drive|[silent]\n|switch|p1a: Hatterene|Hatterene, F|50\/100\n|move|p2a: Rillaboom|Grassy Glide|p1a: Hatterene\n|-damage|p1a: Hatterene|0 fnt\n|faint|p1a: Hatterene\n|\n|-heal|p2a: Rillaboom|46\/100|[from] Grassy Terrain\n|upkeep\n|\n|t:|1700733004\n|switch|p1a: Tapu Koko|Tapu Koko|38\/100\n|-fieldstart|move: Electric Terrain|[from] ability: Electric Surge|[of] p1a: Tapu Koko\n|turn|8\n|\n|t:|1700733020\n|switch|p2a: Iron Treads|Iron Treads|91\/100\n|-activate|p2a: Iron Treads|ability: Quark Drive\n|-start|p2a: Iron Treads|quarkdrivespe\n|move|p1a: Tapu Koko|U-turn|p2a: Iron Treads\n|-resisted|p2a: Iron Treads\n|-damage|p2a: Iron Treads|82\/100\n|\n|t:|1700733027\n|switch|p1a: Iron Valiant|Iron Valiant, tera:Fairy|78\/100|[from] U-turn\n|-activate|p1a: Iron Valiant|ability: Quark Drive\n|-start|p1a: Iron Valiant|quarkdrivespe\n|\n|upkeep\n|turn|9\n|inactive|Battle timer is ON: inactive players will automatically lose when time's up. (requested by Klaus33)\n|\n|t:|1700733060\n|-end|p2a: Iron Treads|Quark Drive|[silent]\n|switch|p2a: Skeledirge|Skeledirge, F|100\/100\n|move|p1a: Iron Valiant|Close Combat|p2a: Skeledirge\n|-immune|p2a: Skeledirge\n|\n|upkeep\n|turn|10\n|\n|t:|1700733068\n|move|p1a: Iron Valiant|Thunderbolt|p2a: Skeledirge\n|-damage|p2a: Skeledirge|47\/100\n|-status|p2a: Skeledirge|par\n|-damage|p1a: Iron Valiant|68\/100|[from] item: Life Orb\n|move|p2a: Skeledirge|Will-O-Wisp|p1a: Iron Valiant\n|-status|p1a: Iron Valiant|brn\n|\n|-damage|p1a: Iron Valiant|62\/100 brn|[from] brn\n|upkeep\n|turn|11\n|inactive|Klaus33 has 120 seconds left.\n|\n|t:|1700733117\n|move|p1a: Iron Valiant|Moonblast|p2a: Skeledirge\n|-resisted|p2a: Skeledirge\n|-damage|p2a: Skeledirge|6\/100 par\n|-damage|p1a: Iron Valiant|52\/100 brn|[from] item: Life Orb\n|move|p2a: Skeledirge|Slack Off|p2a: Skeledirge\n|-heal|p2a: Skeledirge|56\/100 par\n|\n|-damage|p1a: Iron Valiant|46\/100 brn|[from] brn\n|upkeep\n|turn|12\n|\n|t:|1700733135\n|move|p1a: Iron Valiant|Thunderbolt|p2a: Skeledirge\n|-damage|p2a: Skeledirge|2\/100 par\n|-damage|p1a: Iron Valiant|36\/100 brn|[from] item: Life Orb\n|move|p2a: Skeledirge|Hex|p1a: Iron Valiant\n|-damage|p1a: Iron Valiant|0 fnt\n|faint|p1a: Iron Valiant\n|-end|p1a: Iron Valiant|Quark Drive|[silent]\n|\n|upkeep\n|inactive|Yalpur has 120 seconds left.\n|\n|t:|1700733174\n|switch|p1a: Medicham|Medicham, M|100\/100\n|turn|13\n|inactive|Klaus33 has 120 seconds left.\n|\n|t:|1700733191\n|detailschange|p1a: Medicham|Medicham-Mega, M\n|-mega|p1a: Medicham|Medicham|Medichamite\n|move|p1a: Medicham|Zen Headbutt|p2a: Skeledirge\n|-damage|p2a: Skeledirge|0 fnt\n|faint|p2a: Skeledirge\n|\n|upkeep\n|\n|t:|1700733196\n|switch|p2a: Rillaboom|Rillaboom, F|46\/100\n|-fieldstart|move: Grassy Terrain|[from] ability: Grassy Surge|[of] p2a: Rillaboom\n|turn|14\n|inactive|Yalpur has 90 seconds left.\n|\n|t:|1700733221\n|-terastallize|p2a: Rillaboom|Grass\n|move|p2a: Rillaboom|Grassy Glide|p1a: Medicham\n|-damage|p1a: Medicham|0 fnt\n|faint|p1a: Medicham\n|\n|-heal|p2a: Rillaboom|52\/100|[from] Grassy Terrain\n|upkeep\n|\n|t:|1700733231\n|switch|p1a: Tapu Koko|Tapu Koko|38\/100\n|-fieldstart|move: Electric Terrain|[from] ability: Electric Surge|[of] p1a: Tapu Koko\n|turn|15\n|\n|t:|1700733236\n|switch|p2a: Iron Treads|Iron Treads|82\/100\n|-activate|p2a: Iron Treads|ability: Quark Drive\n|-start|p2a: Iron Treads|quarkdrivespe\n|move|p1a: Tapu Koko|U-turn|p2a: Iron Treads\n|-resisted|p2a: Iron Treads\n|-damage|p2a: Iron Treads|72\/100\n|inactive|Yalpur has 90 seconds left.\n|\n|t:|1700733250\n|switch|p1a: Iron Hands|Iron Hands|100\/100|[from] U-turn\n|-activate|p1a: Iron Hands|ability: Quark Drive\n|-start|p1a: Iron Hands|quarkdriveatk\n|\n|upkeep\n|turn|16\n|\n|t:|1700733256\n|move|p2a: Iron Treads|Earthquake|p1a: Iron Hands\n|-supereffective|p1a: Iron Hands\n|-damage|p1a: Iron Hands|33\/100\n|move|p1a: Iron Hands|Drain Punch|p2a: Iron Treads\n|-supereffective|p2a: Iron Treads\n|-damage|p2a: Iron Treads|0 fnt\n|-heal|p1a: Iron Hands|58\/100|[from] drain|[of] p2a: Iron Treads\n|faint|p2a: Iron Treads\n|-end|p2a: Iron Treads|Quark Drive|[silent]\n|\n|upkeep\n|\n|t:|1700733259\n|switch|p2a: Rillaboom|Rillaboom, F, tera:Grass|52\/100\n|-fieldstart|move: Grassy Terrain|[from] ability: Grassy Surge|[of] p2a: Rillaboom\n|-end|p1a: Iron Hands|Quark Drive\n|turn|17\n|inactive|Yalpur has 90 seconds left.\n|inactive|Yalpur has 60 seconds left.\n|\n|t:|1700733310\n|-end|p1a: Iron Hands|Quark Drive|[silent]\n|switch|p1a: Raichu|Raichu-Alola, F|100\/100\n|move|p2a: Rillaboom|Wood Hammer|p1a: Raichu\n|-damage|p1a: Raichu|0 fnt\n|faint|p1a: Raichu\n|-damage|p2a: Rillaboom|28\/100|[from] Recoil\n|\n|-heal|p2a: Rillaboom|34\/100|[from] Grassy Terrain\n|upkeep\n|\n|t:|1700733315\n|switch|p1a: Tapu Koko|Tapu Koko|38\/100\n|-fieldstart|move: Electric Terrain|[from] ability: Electric Surge|[of] p1a: Tapu Koko\n|turn|18\n|\n|t:|1700733322\n|switch|p2a: Alomomola|Alomomola, M|100\/100\n|move|p1a: Tapu Koko|U-turn|p2a: Alomomola\n|-damage|p2a: Alomomola|85\/100\n|-damage|p1a: Tapu Koko|22\/100|[from] item: Rocky Helmet|[of] p2a: Alomomola\n|\n|t:|1700733327\n|switch|p1a: Iron Hands|Iron Hands|58\/100|[from] U-turn\n|-activate|p1a: Iron Hands|ability: Quark Drive\n|-start|p1a: Iron Hands|quarkdriveatk\n|\n|upkeep\n|turn|19\n|j| Moonblxstic\n|l| Moonblxstic\n|inactive|Yalpur has 60 seconds left.\n|\n|t:|1700733366\n|move|p2a: Alomomola|Wish|p2a: Alomomola\n|move|p1a: Iron Hands|Swords Dance|p1a: Iron Hands\n|-boost|p1a: Iron Hands|atk|2\n|\n|upkeep\n|turn|20\n|inactive|Klaus33 has 120 seconds left.\n|\n|t:|1700733396\n|switch|p2a: Muk|Muk-Alola, F|100\/100\n|move|p1a: Iron Hands|Drain Punch|p2a: Muk\n|-damage|p2a: Muk|0 fnt\n|-heal|p1a: Iron Hands|96\/100|[from] drain|[of] p2a: Muk\n|faint|p2a: Muk\n|\n|upkeep\n|\n|t:|1700733400\n|switch|p2a: Rillaboom|Rillaboom, F, tera:Grass|34\/100\n|-fieldstart|move: Grassy Terrain|[from] ability: Grassy Surge|[of] p2a: Rillaboom\n|-end|p1a: Iron Hands|Quark Drive\n|turn|21\n|inactive|Yalpur has 60 seconds left.\n|\n|t:|1700733432\n|move|p2a: Rillaboom|Wood Hammer|p1a: Iron Hands\n|-damage|p1a: Iron Hands|0 fnt\n|faint|p1a: Iron Hands\n|-end|p1a: Iron Hands|Quark Drive|[silent]\n|-damage|p2a: Rillaboom|0 fnt|[from] Recoil\n|faint|p2a: Rillaboom\n|\n|upkeep\n|\n|t:|1700733436\n|switch|p2a: Alomomola|Alomomola, M|100\/100\n|switch|p1a: Tapu Koko|Tapu Koko|22\/100\n|-fieldstart|move: Electric Terrain|[from] ability: Electric Surge|[of] p1a: Tapu Koko\n|turn|22\n|\n|t:|1700733446\n|move|p1a: Tapu Koko|Wild Charge|p2a: Alomomola\n|-supereffective|p2a: Alomomola\n|-damage|p2a: Alomomola|13\/100\n|-damage|p1a: Tapu Koko|5\/100|[from] item: Rocky Helmet|[of] p2a: Alomomola\n|-damage|p1a: Tapu Koko|0 fnt|[from] Recoil\n|faint|p1a: Tapu Koko\n|\n|win|Klaus33\n|raw|Yalpur's rating: 1776 &rarr; <strong>1751<\/strong><br \/>(-25 for losing)\n|raw|Klaus33's rating: 1689 &rarr; <strong>1714<\/strong><br \/>(+25 for winning)\n","uploadtime":1700733455,"views":1,"p1id":"yalpur","p2id":"klaus33","formatid":"gen9nationaldex","rating":1714,"private":0,"password":""}