{"id":"gen9nationaldex-1997760954","p1":"CHI balance builds","p2":"monkeyforlife","format":"[Gen 9] National Dex","log":"|html|<div class=\"broadcast-blue\"><strong>[Gen 9] National Dex is currently suspecting Sneasler! For information on how to participate check out the <a href=\"https:\/\/www.smogon.com\/forums\/threads\/sv-national-dex-suspect-8-just-dance.3731534\/\">suspect thread<\/a>.<\/strong><\/div>\n|j|\u2606CHI balance builds\n|j|\u2606monkeyforlife\n|t:|1700849819\n|gametype|singles\n|player|p1|CHI balance builds|ariana|1637\n|player|p2|monkeyforlife|170|1609\n|teamsize|p1|6\n|teamsize|p2|6\n|gen|9\n|tier|[Gen 9] National Dex\n|rated|\n|rule|HP Percentage Mod: HP is shown in percentages\n|rule|Endless Battle Clause: Forcing endless battles is banned\n|rule|OHKO Clause: OHKO moves are banned\n|rule|Evasion Clause: Evasion abilities, items, and moves are banned\n|rule|Evasion Abilities Clause: Evasion abilities are banned\n|rule|Evasion Items Clause: Evasion items are banned\n|rule|Evasion Moves Clause: Evasion moves are banned\n|rule|Species Clause: Limit one of each Pok\u00e9mon\n|rule|Sleep Clause Mod: Limit one foe put to sleep\n|clearpoke\n|poke|p1|Scizor, M|\n|poke|p1|Garchomp, M|\n|poke|p1|Zeraora|\n|poke|p1|Skeledirge, F|\n|poke|p1|Slowking-Galar, F|\n|poke|p1|Samurott-Hisui, M|\n|poke|p2|Victini|\n|poke|p2|Charizard, M|\n|poke|p2|Urshifu-*, M|\n|poke|p2|Landorus-Therian, M|\n|poke|p2|Sneasler, F|\n|poke|p2|Rillaboom, F|\n|teampreview\n|inactive|Battle timer is ON: inactive players will automatically lose when time's up. (requested by CHI balance builds)\n|inactiveoff|Battle timer is now OFF.\n|\n|t:|1700849839\n|start\n|switch|p1a: Zeraora|Zeraora|100\/100\n|switch|p2a: Landorus|Landorus-Therian, M|100\/100\n|-ability|p2a: Landorus|Intimidate|boost\n|-unboost|p1a: Zeraora|atk|1\n|turn|1\n|inactive|Battle timer is ON: inactive players will automatically lose when time's up. (requested by monkeyforlife)\n|\n|t:|1700849849\n|move|p1a: Zeraora|Hidden Power|p2a: Landorus\n|-supereffective|p2a: Landorus\n|-damage|p2a: Landorus|16\/100\n|move|p2a: Landorus|Stealth Rock|p1a: Zeraora\n|-sidestart|p1: CHI balance builds|move: Stealth Rock\n|\n|upkeep\n|turn|2\n|\n|t:|1700849858\n|switch|p2a: Urshifu|Urshifu-Rapid-Strike, M|100\/100\n|move|p1a: Zeraora|Hidden Power|p2a: Urshifu\n|-resisted|p2a: Urshifu\n|-damage|p2a: Urshifu|90\/100\n|\n|upkeep\n|turn|3\n|\n|t:|1700849863\n|move|p2a: Urshifu|U-turn|p1a: Zeraora\n|-damage|p1a: Zeraora|61\/100\n|\n|t:|1700849866\n|switch|p2a: Landorus|Landorus-Therian, M|16\/100|[from] U-turn\n|-ability|p2a: Landorus|Intimidate|boost\n|-unboost|p1a: Zeraora|atk|1\n|move|p1a: Zeraora|Volt Switch|p2a: Landorus\n|-immune|p2a: Landorus\n|\n|upkeep\n|turn|4\n|\n|t:|1700849870\n|move|p1a: Zeraora|Hidden Power|p2a: Landorus\n|-supereffective|p2a: Landorus\n|-damage|p2a: Landorus|0 fnt\n|faint|p2a: Landorus\n|\n|upkeep\n|\n|t:|1700849872\n|switch|p2a: Urshifu|Urshifu-Rapid-Strike, M|90\/100\n|turn|5\n|\n|t:|1700849888\n|switch|p1a: Scizor|Scizor, M|100\/100\n|-damage|p1a: Scizor|88\/100|[from] Stealth Rock\n|move|p2a: Urshifu|Close Combat|p1a: Scizor\n|-damage|p1a: Scizor|40\/100\n|-unboost|p2a: Urshifu|def|1\n|-unboost|p2a: Urshifu|spd|1\n|\n|upkeep\n|turn|6\n|\n|t:|1700849894\n|detailschange|p1a: Scizor|Scizor-Mega, M\n|-mega|p1a: Scizor|Scizor|Scizorite\n|move|p2a: Urshifu|Close Combat|p1a: Scizor\n|-damage|p1a: Scizor|4\/100\n|-unboost|p2a: Urshifu|def|1\n|-unboost|p2a: Urshifu|spd|1\n|move|p1a: Scizor|Roost|p1a: Scizor\n|-heal|p1a: Scizor|54\/100\n|-singleturn|p1a: Scizor|move: Roost\n|\n|upkeep\n|turn|7\n|\n|t:|1700849900\n|switch|p2a: Charizard|Charizard, M|100\/100\n|move|p1a: Scizor|Roost|p1a: Scizor\n|-heal|p1a: Scizor|100\/100\n|-singleturn|p1a: Scizor|move: Roost\n|\n|upkeep\n|turn|8\n|\n|t:|1700849907\n|switch|p1a: Slowking|Slowking-Galar, F|100\/100\n|detailschange|p2a: Charizard|Charizard-Mega-Y, M\n|-mega|p2a: Charizard|Charizard|Charizardite Y\n|-weather|SunnyDay|[from] ability: Drought|[of] p2a: Charizard\n|move|p2a: Charizard|Scorching Sands|p1a: Slowking\n|-supereffective|p1a: Slowking\n|-damage|p1a: Slowking|67\/100\n|-status|p1a: Slowking|brn\n|\n|-weather|SunnyDay|[upkeep]\n|-damage|p1a: Slowking|61\/100 brn|[from] brn\n|upkeep\n|turn|9\n|\n|t:|1700849916\n|move|p2a: Charizard|Weather Ball|p1a: Slowking\n|-damage|p1a: Slowking|10\/100 brn\n|move|p1a: Slowking|Slack Off|p1a: Slowking\n|-heal|p1a: Slowking|60\/100 brn\n|\n|-weather|SunnyDay|[upkeep]\n|-damage|p1a: Slowking|54\/100 brn|[from] brn\n|upkeep\n|turn|10\n|\n|t:|1700849921\n|move|p2a: Charizard|Weather Ball|p1a: Slowking\n|-damage|p1a: Slowking|2\/100 brn\n|move|p1a: Slowking|Slack Off|p1a: Slowking\n|-heal|p1a: Slowking|52\/100 brn\n|\n|-weather|SunnyDay|[upkeep]\n|-damage|p1a: Slowking|46\/100 brn|[from] brn\n|upkeep\n|turn|11\n|\n|t:|1700849935\n|-terastallize|p1a: Slowking|Dragon\n|move|p2a: Charizard|Weather Ball|p1a: Slowking\n|-resisted|p1a: Slowking\n|-damage|p1a: Slowking|19\/100 brn\n|move|p1a: Slowking|Slack Off|p1a: Slowking\n|-heal|p1a: Slowking|69\/100 brn\n|\n|-weather|SunnyDay|[upkeep]\n|-damage|p1a: Slowking|63\/100 brn|[from] brn\n|upkeep\n|turn|12\n|\n|t:|1700849945\n|switch|p2a: Victini|Victini|100\/100\n|move|p1a: Slowking|Future Sight|p2a: Victini\n|-start|p1a: Slowking|move: Future Sight\n|\n|-weather|none\n|-damage|p1a: Slowking|57\/100 brn|[from] brn\n|upkeep\n|turn|13\n|\n|t:|1700849948\n|switch|p1a: Skeledirge|Skeledirge, F|100\/100\n|-zpower|p2a: Victini\n|move|p2a: Victini|Z-Celebrate|p2a: Victini|[anim]Celebrate\n|-boost|p2a: Victini|atk|1|[zeffect]\n|-boost|p2a: Victini|def|1|[zeffect]\n|-boost|p2a: Victini|spa|1|[zeffect]\n|-boost|p2a: Victini|spd|1|[zeffect]\n|-boost|p2a: Victini|spe|1|[zeffect]\n|-activate|p2a: Victini|move: Celebrate\n|\n|upkeep\n|turn|14\n|\n|t:|1700849953\n|move|p2a: Victini|Stored Power|p1a: Skeledirge\n|-damage|p1a: Skeledirge|48\/100\n|move|p1a: Skeledirge|Shadow Ball|p2a: Victini\n|-supereffective|p2a: Victini\n|-damage|p2a: Victini|42\/100\n|-unboost|p2a: Victini|spd|1\n|\n|-end|p2a: Victini|move: Future Sight\n|-resisted|p2a: Victini\n|-damage|p2a: Victini|20\/100\n|upkeep\n|turn|15\n|\n|t:|1700849963\n|move|p2a: Victini|Stored Power|p1a: Skeledirge\n|-damage|p1a: Skeledirge|0 fnt\n|faint|p1a: Skeledirge\n|\n|upkeep\n|\n|t:|1700849970\n|switch|p1a: Slowking|Slowking-Galar, F, tera:Dragon|90\/100 brn\n|turn|16\n|\n|t:|1700849974\n|move|p2a: Victini|Stored Power|p1a: Slowking\n|-damage|p1a: Slowking|52\/100 brn\n|move|p1a: Slowking|Future Sight|p2a: Victini\n|-start|p1a: Slowking|move: Future Sight\n|\n|-damage|p1a: Slowking|46\/100 brn|[from] brn\n|upkeep\n|turn|17\n|\n|t:|1700849981\n|move|p2a: Victini|Stored Power|p1a: Slowking\n|-damage|p1a: Slowking|8\/100 brn\n|move|p1a: Slowking|Slack Off|p1a: Slowking\n|-heal|p1a: Slowking|59\/100 brn\n|\n|-damage|p1a: Slowking|52\/100 brn|[from] brn\n|upkeep\n|turn|18\n|\n|t:|1700849988\n|switch|p2a: Urshifu|Urshifu-Rapid-Strike, M|90\/100\n|move|p1a: Slowking|Slack Off|p1a: Slowking\n|-heal|p1a: Slowking|100\/100 brn\n|\n|-end|p2a: Urshifu|move: Future Sight\n|-supereffective|p2a: Urshifu\n|-damage|p2a: Urshifu|0 fnt\n|faint|p2a: Urshifu\n|-damage|p1a: Slowking|94\/100 brn|[from] brn\n|upkeep\n|\n|t:|1700849993\n|switch|p2a: Charizard|Charizard-Mega-Y, M|100\/100\n|-weather|SunnyDay|[from] ability: Drought|[of] p2a: Charizard\n|turn|19\n|\n|t:|1700849996\n|move|p2a: Charizard|Air Slash|p1a: Slowking\n|-damage|p1a: Slowking|66\/100 brn\n|move|p1a: Slowking|Chilly Reception|p1a: Slowking\n|-weather|Snow\n|\n|t:|1700850000\n|switch|p1a: Garchomp|Garchomp, M|100\/100|[from] Chilly Reception\n|-damage|p1a: Garchomp|94\/100|[from] Stealth Rock\n|\n|-weather|Snow|[upkeep]\n|upkeep\n|turn|20\n|\n|t:|1700850002\n|move|p1a: Garchomp|Stealth Rock|p2a: Charizard\n|-sidestart|p2: monkeyforlife|move: Stealth Rock\n|move|p2a: Charizard|Weather Ball|p1a: Garchomp\n|-supereffective|p1a: Garchomp\n|-damage|p1a: Garchomp|0 fnt\n|faint|p1a: Garchomp\n|\n|-weather|Snow|[upkeep]\n|upkeep\n|\n|t:|1700850024\n|switch|p1a: Samurott|Samurott-Hisui, M|100\/100\n|-damage|p1a: Samurott|88\/100|[from] Stealth Rock\n|turn|21\n|\n|t:|1700850031\n|switch|p2a: Rillaboom|Rillaboom, F|100\/100\n|-damage|p2a: Rillaboom|88\/100|[from] Stealth Rock\n|-fieldstart|move: Grassy Terrain|[from] ability: Grassy Surge|[of] p2a: Rillaboom\n|move|p1a: Samurott|Ceaseless Edge|p2a: Rillaboom\n|-damage|p2a: Rillaboom|42\/100\n|-sidestart|p2: monkeyforlife|Spikes\n|\n|-weather|Snow|[upkeep]\n|-heal|p1a: Samurott|94\/100|[from] Grassy Terrain\n|-heal|p2a: Rillaboom|48\/100|[from] Grassy Terrain\n|upkeep\n|turn|22\n|\n|t:|1700850039\n|switch|p1a: Scizor|Scizor-Mega, M|100\/100\n|-damage|p1a: Scizor|88\/100|[from] Stealth Rock\n|move|p2a: Rillaboom|Wood Hammer|p1a: Scizor\n|-resisted|p1a: Scizor\n|-crit|p1a: Scizor\n|-damage|p1a: Scizor|61\/100\n|-damage|p2a: Rillaboom|40\/100|[from] Recoil\n|\n|-weather|Snow|[upkeep]\n|-heal|p2a: Rillaboom|46\/100|[from] Grassy Terrain\n|-heal|p1a: Scizor|67\/100|[from] Grassy Terrain\n|upkeep\n|turn|23\n|\n|t:|1700850043\n|switch|p2a: Victini|Victini|20\/100\n|-damage|p2a: Victini|0 fnt|[from] Stealth Rock\n|faint|p2a: Victini\n|move|p1a: Scizor|Roost|p1a: Scizor\n|-heal|p1a: Scizor|100\/100\n|-singleturn|p1a: Scizor|move: Roost\n|\n|-weather|none\n|upkeep\n|\n|t:|1700850047\n|switch|p2a: Charizard|Charizard-Mega-Y, M|100\/100\n|-damage|p2a: Charizard|51\/100|[from] Stealth Rock\n|-weather|SunnyDay|[from] ability: Drought|[of] p2a: Charizard\n|turn|24\n|\n|t:|1700850052\n|switch|p1a: Slowking|Slowking-Galar, F, tera:Dragon|99\/100 brn\n|move|p2a: Charizard|Weather Ball|p1a: Slowking\n|-resisted|p1a: Slowking\n|-damage|p1a: Slowking|73\/100 brn\n|\n|-weather|SunnyDay|[upkeep]\n|-heal|p1a: Slowking|79\/100 brn|[from] Grassy Terrain\n|-damage|p1a: Slowking|73\/100 brn|[from] brn\n|upkeep\n|turn|25\n|\n|t:|1700850056\n|switch|p2a: Sneasler|Sneasler, F|100\/100\n|-damage|p2a: Sneasler|95\/100|[from] Stealth Rock\n|-damage|p2a: Sneasler|82\/100|[from] Spikes\n|-enditem|p2a: Sneasler|Grassy Seed\n|-boost|p2a: Sneasler|def|1|[from] item: Grassy Seed\n|move|p1a: Slowking|Future Sight|p2a: Sneasler\n|-start|p1a: Slowking|move: Future Sight\n|\n|-weather|SunnyDay|[upkeep]\n|-heal|p2a: Sneasler|88\/100|[from] Grassy Terrain\n|-heal|p1a: Slowking|79\/100 brn|[from] Grassy Terrain\n|-damage|p1a: Slowking|73\/100 brn|[from] brn\n|-fieldend|move: Grassy Terrain\n|upkeep\n|turn|26\n|\n|t:|1700850068\n|switch|p1a: Scizor|Scizor-Mega, M|100\/100\n|-damage|p1a: Scizor|88\/100|[from] Stealth Rock\n|move|p2a: Sneasler|Close Combat|p1a: Scizor\n|-damage|p1a: Scizor|44\/100\n|-unboost|p2a: Sneasler|def|1\n|-unboost|p2a: Sneasler|spd|1\n|\n|-weather|SunnyDay|[upkeep]\n|upkeep\n|turn|27\n|\n|t:|1700850073\n|-terastallize|p2a: Sneasler|Fighting\n|move|p2a: Sneasler|Close Combat|p1a: Scizor\n|-damage|p1a: Scizor|0 fnt\n|-unboost|p2a: Sneasler|def|1\n|-unboost|p2a: Sneasler|spd|1\n|faint|p1a: Scizor\n|\n|-weather|SunnyDay|[upkeep]\n|-end|p2a: Sneasler|move: Future Sight\n|-supereffective|p2a: Sneasler\n|-damage|p2a: Sneasler|0 fnt\n|faint|p2a: Sneasler\n|upkeep\n|\n|t:|1700850079\n|switch|p2a: Rillaboom|Rillaboom, F|46\/100\n|switch|p1a: Slowking|Slowking-Galar, F, tera:Dragon|100\/100 brn\n|-damage|p2a: Rillaboom|33\/100|[from] Stealth Rock\n|-damage|p2a: Rillaboom|21\/100|[from] Spikes\n|-fieldstart|move: Grassy Terrain|[from] ability: Grassy Surge|[of] p2a: Rillaboom\n|turn|28\n|-message|monkeyforlife forfeited.\n|\n|win|CHI balance builds\n|raw|CHI balance builds's rating: 1637 &rarr; <strong>1655<\/strong><br \/>(+18 for winning)\n|raw|monkeyforlife's rating: 1609 &rarr; <strong>1591<\/strong><br \/>(-18 for losing)\n|l|\u2606monkeyforlife\n","uploadtime":1700850104,"views":0,"p1id":"chibalancebuilds","p2id":"monkeyforlife","formatid":"gen9nationaldex","rating":1591,"private":0,"password":""}