{"id":"gen9nationaldex-1997952631","p1":"DrBeak101","p2":"jaredbibelboy","format":"[Gen 9] National Dex","log":"|html|<div class=\"broadcast-blue\"><strong>[Gen 9] National Dex is currently suspecting Sneasler! For information on how to participate check out the <a href=\"https:\/\/www.smogon.com\/forums\/threads\/sv-national-dex-suspect-8-just-dance.3731534\/\">suspect thread<\/a>.<\/strong><\/div>\n|j|\u2606DrBeak101\n|j|\u2606jaredbibelboy\n|t:|1700871477\n|gametype|singles\n|player|p1|DrBeak101|scientist-gen4|1534\n|player|p2|jaredbibelboy|2|1416\n|teamsize|p1|6\n|teamsize|p2|6\n|gen|9\n|tier|[Gen 9] National Dex\n|rated|\n|rule|HP Percentage Mod: HP is shown in percentages\n|rule|Endless Battle Clause: Forcing endless battles is banned\n|rule|OHKO Clause: OHKO moves are banned\n|rule|Evasion Clause: Evasion abilities, items, and moves are banned\n|rule|Evasion Abilities Clause: Evasion abilities are banned\n|rule|Evasion Items Clause: Evasion items are banned\n|rule|Evasion Moves Clause: Evasion moves are banned\n|rule|Species Clause: Limit one of each Pok\u00e9mon\n|rule|Sleep Clause Mod: Limit one foe put to sleep\n|clearpoke\n|poke|p1|Toucannon, M|\n|poke|p1|Banette, M|\n|poke|p1|Kartana|\n|poke|p1|Kyurem|\n|poke|p1|Gliscor, M|\n|poke|p1|Xurkitree|\n|poke|p2|Scizor, F|\n|poke|p2|Zapdos|\n|poke|p2|Gengar, M|\n|poke|p2|Blaziken, F|\n|poke|p2|Gyarados, M|\n|poke|p2|Greninja-*, M|\n|teampreview\n|\n|t:|1700871501\n|start\n|switch|p1a: Jack|Kartana, shiny|100\/100\n|switch|p2a: Isabella|Scizor, F, shiny|100\/100\n|turn|1\n|\n|t:|1700871509\n|detailschange|p2a: Isabella|Scizor-Mega, F, shiny\n|-mega|p2a: Isabella|Scizor|Scizorite\n|move|p1a: Jack|Knock Off|p2a: Isabella\n|-damage|p2a: Isabella|71\/100\n|-damage|p1a: Jack|90\/100|[from] item: Life Orb\n|move|p2a: Isabella|Swords Dance|p2a: Isabella\n|-boost|p2a: Isabella|atk|2\n|\n|upkeep\n|turn|2\n|\n|t:|1700871517\n|move|p1a: Jack|Knock Off|p2a: Isabella\n|-damage|p2a: Isabella|44\/100\n|-damage|p1a: Jack|80\/100|[from] item: Life Orb\n|move|p2a: Isabella|Aerial Ace|p1a: Jack\n|-crit|p1a: Jack\n|-damage|p1a: Jack|0 fnt\n|faint|p1a: Jack\n|\n|upkeep\n|\n|t:|1700871530\n|switch|p1a: Shock light|Xurkitree, shiny|100\/100\n|turn|3\n|\n|t:|1700871534\n|move|p2a: Isabella|Bullet Punch|p1a: Shock light\n|-resisted|p1a: Shock light\n|-damage|p1a: Shock light|48\/100\n|-zpower|p1a: Shock light\n|move|p1a: Shock light|Z-Hypnosis|p2a: Isabella|[anim]Hypnosis\n|-boost|p1a: Shock light|spe|1|[zeffect]\n|-status|p2a: Isabella|slp|[from] move: Hypnosis\n|\n|upkeep\n|turn|4\n|\n|t:|1700871541\n|cant|p2a: Isabella|slp\n|move|p1a: Shock light|Thunderbolt|p2a: Isabella\n|-damage|p2a: Isabella|0 fnt\n|faint|p2a: Isabella\n|-ability|p1a: Shock light|Beast Boost|boost\n|-boost|p1a: Shock light|spa|1\n|\n|upkeep\n|\n|t:|1700871548\n|switch|p2a: Zapdos|Zapdos, shiny|100\/100\n|turn|5\n|\n|t:|1700871553\n|-terastallize|p2a: Zapdos|Ground\n|move|p1a: Shock light|Hypnosis|p2a: Zapdos\n|-status|p2a: Zapdos|slp|[from] move: Hypnosis\n|cant|p2a: Zapdos|slp\n|\n|upkeep\n|turn|6\n|\n|t:|1700871558\n|move|p1a: Shock light|Energy Ball|p2a: Zapdos\n|-supereffective|p2a: Zapdos\n|-damage|p2a: Zapdos|0 fnt\n|faint|p2a: Zapdos\n|-ability|p1a: Shock light|Beast Boost|boost\n|-boost|p1a: Shock light|spa|1\n|\n|upkeep\n|\n|t:|1700871565\n|switch|p2a: Gyarados|Gyarados, M|100\/100\n|-ability|p2a: Gyarados|Intimidate|boost\n|-unboost|p1a: Shock light|atk|1\n|turn|7\n|\n|t:|1700871570\n|move|p1a: Shock light|Thunderbolt|p2a: Gyarados\n|-supereffective|p2a: Gyarados\n|-damage|p2a: Gyarados|0 fnt\n|faint|p2a: Gyarados\n|-ability|p1a: Shock light|Beast Boost|boost\n|-boost|p1a: Shock light|spa|1\n|\n|upkeep\n|\n|t:|1700871575\n|switch|p2a: Greninja|Greninja, M|100\/100\n|turn|8\n|\n|t:|1700871589\n|move|p1a: Shock light|Thunderbolt|p2a: Greninja\n|-supereffective|p2a: Greninja\n|-enditem|p2a: Greninja|Focus Sash\n|-damage|p2a: Greninja|1\/100\n|move|p2a: Greninja|Scald|p1a: Shock light\n|-damage|p1a: Shock light|0 fnt\n|faint|p1a: Shock light\n|-ability|p2a: Greninja|Battle Bond|boost\n|-boost|p2a: Greninja|atk|1\n|-boost|p2a: Greninja|spa|1\n|-boost|p2a: Greninja|spe|1\n|-activate|p2a: Greninja|ability: Battle Bond\n|\n|upkeep\n|\n|t:|1700871595\n|switch|p1a: Stitches|Banette, M, shiny|100\/100\n|turn|9\n|\n|t:|1700871599\n|detailschange|p1a: Stitches|Banette-Mega, M, shiny\n|-mega|p1a: Stitches|Banette|Banettite\n|move|p1a: Stitches|Sucker Punch|p2a: Greninja\n|-resisted|p2a: Greninja\n|-damage|p2a: Greninja|0 fnt\n|faint|p2a: Greninja\n|\n|upkeep\n|\n|t:|1700871604\n|switch|p2a: Gengar|Gengar, M, shiny|100\/100\n|turn|10\n|\n|t:|1700871616\n|move|p1a: Stitches|Destiny Bond|p1a: Stitches\n|-singlemove|p1a: Stitches|Destiny Bond\n|move|p2a: Gengar|Shadow Ball|p1a: Stitches\n|-supereffective|p1a: Stitches\n|-damage|p1a: Stitches|0 fnt\n|faint|p1a: Stitches\n|-activate|p1a: Stitches|move: Destiny Bond\n|faint|p2a: Gengar\n|\n|upkeep\n|\n|t:|1700871619\n|switch|p2a: Blaziken|Blaziken, F|100\/100\n|switch|p1a: Toucannon|Toucannon, M, shiny|100\/100\n|turn|11\n|\n|t:|1700871624\n|-singleturn|p1a: Toucannon|move: Beak Blast\n|move|p2a: Blaziken|Thunder Punch|p1a: Toucannon\n|-supereffective|p1a: Toucannon\n|-damage|p1a: Toucannon|53\/100\n|-damage|p2a: Blaziken|84\/100|[from] item: Rocky Helmet|[of] p1a: Toucannon\n|move|p1a: Toucannon|Beak Blast|p2a: Blaziken\n|-supereffective|p2a: Blaziken\n|-damage|p2a: Blaziken|0 fnt\n|faint|p2a: Blaziken\n|\n|win|DrBeak101\n|raw|DrBeak101's rating: 1534 &rarr; <strong>1547<\/strong><br \/>(+13 for winning)\n|raw|jaredbibelboy's rating: 1416 &rarr; <strong>1403<\/strong><br \/>(-13 for losing)\n|l|\u2606jaredbibelboy\n","uploadtime":1700871655,"views":2,"p1id":"drbeak101","p2id":"jaredbibelboy","formatid":"gen9nationaldex","rating":1403,"private":0,"password":""}