{"id":"gen9nationaldex-1998114634","p1":"CroccoGator","p2":"PunMasterKenobi","format":"[Gen 9] National Dex","log":"|html|<div class=\"broadcast-blue\"><strong>[Gen 9] National Dex is currently suspecting Sneasler! For information on how to participate check out the <a href=\"https:\/\/www.smogon.com\/forums\/threads\/sv-national-dex-suspect-8-just-dance.3731534\/\">suspect thread<\/a>.<\/strong><\/div>\n|j|\u2606CroccoGator\n|j|\u2606PunMasterKenobi\n|t:|1700893883\n|gametype|singles\n|player|p1|CroccoGator|n-masters|\n|player|p2|PunMasterKenobi|1|\n|teamsize|p1|6\n|teamsize|p2|6\n|gen|9\n|tier|[Gen 9] National Dex\n|rule|HP Percentage Mod: HP is shown in percentages\n|rule|Endless Battle Clause: Forcing endless battles is banned\n|rule|OHKO Clause: OHKO moves are banned\n|rule|Evasion Clause: Evasion abilities, items, and moves are banned\n|rule|Evasion Abilities Clause: Evasion abilities are banned\n|rule|Evasion Items Clause: Evasion items are banned\n|rule|Evasion Moves Clause: Evasion moves are banned\n|rule|Species Clause: Limit one of each Pok\u00e9mon\n|rule|Sleep Clause Mod: Limit one foe put to sleep\n|clearpoke\n|poke|p1|Skeledirge, F|\n|poke|p1|Urshifu-*, M|\n|poke|p1|Krookodile, F|\n|poke|p1|Ursaluna, M|\n|poke|p1|Hatterene, F|\n|poke|p1|Glimmora, F|\n|poke|p2|Serperior, M|\n|poke|p2|Klefki, F|\n|poke|p2|Landorus-Therian, M|\n|poke|p2|Tyranitar, M|\n|poke|p2|Excadrill, F|\n|poke|p2|Scizor, F|\n|teampreview\n|j| HOTDOHG\n|c| HOTDOHG|r\n|\n|t:|1700893891\n|start\n|switch|p1a: Yogi|Ursaluna, M|100\/100\n|switch|p2a: Sixteen Tons|Tyranitar, M|100\/100\n|-weather|Sandstorm|[from] ability: Sand Stream|[of] p2a: Sixteen Tons\n|turn|1\n|\n|t:|1700893899\n|detailschange|p2a: Sixteen Tons|Tyranitar-Mega, M\n|-mega|p2a: Sixteen Tons|Tyranitar|Tyranitarite\n|move|p2a: Sixteen Tons|Iron Defense|p2a: Sixteen Tons\n|-boost|p2a: Sixteen Tons|def|2\n|move|p1a: Yogi|Bulk Up|p1a: Yogi\n|-boost|p1a: Yogi|atk|1\n|-boost|p1a: Yogi|def|1\n|\n|-weather|Sandstorm|[upkeep]\n|-status|p1a: Yogi|brn|[from] item: Flame Orb\n|upkeep\n|turn|2\n|\n|t:|1700893908\n|move|p2a: Sixteen Tons|Body Press|p1a: Yogi\n|-supereffective|p1a: Yogi\n|-damage|p1a: Yogi|38\/100 brn\n|move|p1a: Yogi|Earthquake|p2a: Sixteen Tons\n|-supereffective|p2a: Sixteen Tons\n|-damage|p2a: Sixteen Tons|37\/100\n|\n|-weather|Sandstorm|[upkeep]\n|-damage|p1a: Yogi|32\/100 brn|[from] brn\n|upkeep\n|turn|3\n|\n|t:|1700893921\n|switch|p1a: Irwin|Skeledirge, F|100\/100\n|move|p2a: Sixteen Tons|Body Press|p1a: Irwin\n|-immune|p1a: Irwin\n|\n|-weather|Sandstorm|[upkeep]\n|-damage|p1a: Irwin|94\/100|[from] Sandstorm\n|-heal|p1a: Irwin|100\/100|[from] item: Leftovers\n|upkeep\n|turn|4\n|\n|t:|1700893941\n|-terastallize|p1a: Irwin|Fairy\n|move|p2a: Sixteen Tons|Knock Off|p1a: Irwin\n|-resisted|p1a: Irwin\n|-crit|p1a: Irwin\n|-damage|p1a: Irwin|76\/100\n|-enditem|p1a: Irwin|Leftovers|[from] move: Knock Off|[of] p2a: Sixteen Tons\n|move|p1a: Irwin|Tera Blast|p2a: Sixteen Tons|[anim] Tera Blast Fairy\n|-supereffective|p2a: Sixteen Tons\n|-damage|p2a: Sixteen Tons|5\/100\n|\n|-weather|Sandstorm|[upkeep]\n|-damage|p1a: Irwin|70\/100|[from] Sandstorm\n|upkeep\n|turn|5\n|j| Rikudoku\n|\n|t:|1700893959\n|move|p2a: Sixteen Tons|Earthquake|p1a: Irwin\n|-damage|p1a: Irwin|49\/100\n|move|p1a: Irwin|Torch Song|p2a: Sixteen Tons\n|-resisted|p2a: Sixteen Tons\n|-damage|p2a: Sixteen Tons|0 fnt\n|-boost|p1a: Irwin|spa|1\n|faint|p2a: Sixteen Tons\n|\n|-weather|none\n|upkeep\n|\n|t:|1700893975\n|switch|p2a: Nail Tech|Excadrill, F|100\/100\n|turn|6\n|\n|t:|1700893988\n|switch|p1a: Boo-Boo|Urshifu-Rapid-Strike, M|100\/100\n|move|p2a: Nail Tech|Iron Head|p1a: Boo-Boo\n|-resisted|p1a: Boo-Boo\n|-damage|p1a: Boo-Boo|70\/100\n|-damage|p2a: Nail Tech|91\/100|[from] item: Life Orb\n|\n|-heal|p1a: Boo-Boo|76\/100|[from] item: Leftovers\n|upkeep\n|turn|7\n|\n|t:|1700894002\n|switch|p2a: WILD BEAST|Serperior, M, shiny|100\/100\n|move|p1a: Boo-Boo|Drain Punch|p2a: WILD BEAST\n|-damage|p2a: WILD BEAST|50\/100\n|-heal|p1a: Boo-Boo|98\/100|[from] drain|[of] p2a: WILD BEAST\n|\n|-heal|p2a: WILD BEAST|56\/100|[from] item: Leftovers\n|-heal|p1a: Boo-Boo|100\/100|[from] item: Leftovers\n|upkeep\n|turn|8\n|\n|t:|1700894015\n|switch|p1a: Hailey|Hatterene, F|100\/100\n|move|p2a: WILD BEAST|Glare|p1a: Hailey\n|move|p1a: Hailey|Glare|p2a: WILD BEAST|[from]ability: Magic Bounce\n|-status|p2a: WILD BEAST|par\n|\n|-heal|p2a: WILD BEAST|62\/100 par|[from] item: Leftovers\n|upkeep\n|turn|9\n|\n|t:|1700894029\n|move|p2a: WILD BEAST|Substitute|p2a: WILD BEAST\n|-start|p2a: WILD BEAST|Substitute\n|-damage|p2a: WILD BEAST|38\/100 par\n|move|p1a: Hailey|Trick Room|p1a: Hailey\n|-fieldstart|move: Trick Room|[of] p1a: Hailey\n|\n|-heal|p2a: WILD BEAST|44\/100 par|[from] item: Leftovers\n|upkeep\n|turn|10\n|\n|t:|1700894044\n|move|p1a: Hailey|Psychic|p2a: WILD BEAST\n|-end|p2a: WILD BEAST|Substitute\n|move|p2a: WILD BEAST|Leaf Storm|p1a: Hailey\n|-damage|p1a: Hailey|54\/100\n|-boost|p2a: WILD BEAST|spa|2\n|\n|-heal|p1a: Hailey|60\/100|[from] item: Leftovers\n|-heal|p2a: WILD BEAST|50\/100 par|[from] item: Leftovers\n|upkeep\n|turn|11\n|\n|t:|1700894055\n|move|p1a: Hailey|Psychic|p2a: WILD BEAST\n|-damage|p2a: WILD BEAST|0 fnt\n|faint|p2a: WILD BEAST\n|\n|-heal|p1a: Hailey|66\/100|[from] item: Leftovers\n|upkeep\n|\n|t:|1700894068\n|switch|p2a: Nippy NEO|Scizor, F|100\/100\n|turn|12\n|\n|t:|1700894085\n|switch|p1a: Yogi|Ursaluna, M|32\/100 brn\n|move|p2a: Nippy NEO|Bullet Punch|p1a: Yogi\n|-damage|p1a: Yogi|11\/100 brn\n|-damage|p2a: Nippy NEO|91\/100|[from] item: Life Orb\n|\n|-damage|p1a: Yogi|5\/100 brn|[from] brn\n|upkeep\n|turn|13\n|\n|t:|1700894093\n|move|p2a: Nippy NEO|Bullet Punch|p1a: Yogi\n|-damage|p1a: Yogi|0 fnt\n|faint|p1a: Yogi\n|-damage|p2a: Nippy NEO|81\/100|[from] item: Life Orb\n|\n|-fieldend|move: Trick Room\n|upkeep\n|\n|t:|1700894116\n|switch|p1a: Boo-Boo|Urshifu-Rapid-Strike, M|100\/100\n|turn|14\n|\n|t:|1700894122\n|-terastallize|p2a: Nippy NEO|Flying\n|move|p1a: Boo-Boo|Bulk Up|p1a: Boo-Boo\n|-boost|p1a: Boo-Boo|atk|1\n|-boost|p1a: Boo-Boo|def|1\n|move|p2a: Nippy NEO|Dual Wingbeat|p1a: Boo-Boo|[miss]\n|-miss|p2a: Nippy NEO|p1a: Boo-Boo\n|\n|upkeep\n|turn|15\n|c|\u2606PunMasterKenobi|wow\n|c| HOTDOHG|OUCH\n|c| HOTDOHG|+1 def tho\n|c|\u2606PunMasterKenobi|That might be game\n|\n|t:|1700894142\n|move|p1a: Boo-Boo|Surging Strikes|p2a: Nippy NEO\n|-crit|p2a: Nippy NEO\n|-damage|p2a: Nippy NEO|57\/100\n|-crit|p2a: Nippy NEO\n|-damage|p2a: Nippy NEO|37\/100\n|-crit|p2a: Nippy NEO\n|-damage|p2a: Nippy NEO|14\/100\n|-hitcount|p2a: Nippy NEO|3\n|move|p2a: Nippy NEO|Dual Wingbeat|p1a: Boo-Boo|[miss]\n|-miss|p2a: Nippy NEO|p1a: Boo-Boo\n|\n|upkeep\n|turn|16\n|c| HOTDOHG|he woulda ate that\n|c|\u2606PunMasterKenobi|ok\n|c| HOTDOHG|YIKES\n|\n|t:|1700894155\n|switch|p2a: Slush Bucket|Klefki, F|100\/100\n|move|p1a: Boo-Boo|Aqua Jet|p2a: Slush Bucket\n|-damage|p2a: Slush Bucket|73\/100\n|-damage|p1a: Boo-Boo|84\/100|[from] item: Rocky Helmet|[of] p2a: Slush Bucket\n|\n|-heal|p1a: Boo-Boo|90\/100|[from] item: Leftovers\n|upkeep\n|turn|17\n|c| HOTDOHG|HE WOULDA ATE THAT THO\n|\n|t:|1700894170\n|move|p2a: Slush Bucket|Toxic|p1a: Boo-Boo\n|-status|p1a: Boo-Boo|tox\n|move|p1a: Boo-Boo|Drain Punch|p2a: Slush Bucket\n|-damage|p2a: Slush Bucket|23\/100\n|-heal|p1a: Boo-Boo|100\/100 tox|[from] drain|[of] p2a: Slush Bucket\n|-damage|p1a: Boo-Boo|84\/100 tox|[from] item: Rocky Helmet|[of] p2a: Slush Bucket\n|\n|-heal|p1a: Boo-Boo|90\/100 tox|[from] item: Leftovers\n|-damage|p1a: Boo-Boo|84\/100 tox|[from] psn\n|upkeep\n|turn|18\n|j| DIAPERABUSER2009\n|c| DIAPERABUSER2009|cody you should try hitting those instead\n|\n|t:|1700894190\n|move|p2a: Slush Bucket|Spikes|p1a: Boo-Boo\n|-sidestart|p1: CroccoGator|Spikes\n|move|p1a: Boo-Boo|Drain Punch|p2a: Slush Bucket\n|-damage|p2a: Slush Bucket|0 fnt\n|-heal|p1a: Boo-Boo|95\/100 tox|[from] drain|[of] p2a: Slush Bucket\n|-damage|p1a: Boo-Boo|78\/100 tox|[from] item: Rocky Helmet|[of] p2a: Slush Bucket\n|faint|p2a: Slush Bucket\n|\n|-heal|p1a: Boo-Boo|84\/100 tox|[from] item: Leftovers\n|-damage|p1a: Boo-Boo|72\/100 tox|[from] psn\n|upkeep\n|l| DIAPERABUSER2009\n|c|\u2606PunMasterKenobi|you know you're right\n|\n|t:|1700894206\n|switch|p2a: La Vie Boh\u00e8me|Landorus-Therian, M|100\/100\n|-ability|p2a: La Vie Boh\u00e8me|Intimidate|boost\n|-unboost|p1a: Boo-Boo|atk|1\n|turn|19\n|c| Rikudoku|no winstar for cody\n|\n|t:|1700894237\n|move|p1a: Boo-Boo|Surging Strikes|p2a: La Vie Boh\u00e8me\n|-supereffective|p2a: La Vie Boh\u00e8me\n|-crit|p2a: La Vie Boh\u00e8me\n|-damage|p2a: La Vie Boh\u00e8me|62\/100\n|-supereffective|p2a: La Vie Boh\u00e8me\n|-crit|p2a: La Vie Boh\u00e8me\n|-damage|p2a: La Vie Boh\u00e8me|22\/100\n|-supereffective|p2a: La Vie Boh\u00e8me\n|-crit|p2a: La Vie Boh\u00e8me\n|-damage|p2a: La Vie Boh\u00e8me|0 fnt\n|faint|p2a: La Vie Boh\u00e8me\n|-hitcount|p2: La Vie Boh\u00e8me|3\n|\n|-heal|p1a: Boo-Boo|78\/100 tox|[from] item: Leftovers\n|-damage|p1a: Boo-Boo|60\/100 tox|[from] psn\n|upkeep\n|\n|t:|1700894252\n|switch|p2a: Nail Tech|Excadrill, F|91\/100\n|turn|20\n|\n|t:|1700894257\n|move|p1a: Boo-Boo|Surging Strikes|p2a: Nail Tech\n|-supereffective|p2a: Nail Tech\n|-crit|p2a: Nail Tech\n|-damage|p2a: Nail Tech|31\/100\n|-supereffective|p2a: Nail Tech\n|-crit|p2a: Nail Tech\n|-damage|p2a: Nail Tech|0 fnt\n|faint|p2a: Nail Tech\n|-hitcount|p2: Nail Tech|2\n|\n|-heal|p1a: Boo-Boo|66\/100 tox|[from] item: Leftovers\n|-damage|p1a: Boo-Boo|41\/100 tox|[from] psn\n|upkeep\n|\n|t:|1700894266\n|switch|p2a: Nippy NEO|Scizor, F, tera:Flying|14\/100\n|turn|21\n|\n|t:|1700894271\n|move|p1a: Boo-Boo|Aqua Jet|p2a: Nippy NEO\n|-damage|p2a: Nippy NEO|0 fnt\n|faint|p2a: Nippy NEO\n|\n|win|CroccoGator\n","uploadtime":1700894276,"views":26,"p1id":"croccogator","p2id":"punmasterkenobi","formatid":"gen9nationaldex","rating":0,"private":0,"password":""}