{"id":"gen9nationaldex-1994565818","p1":"abusuoliu","p2":"Clawraptor","format":"[Gen 9] National Dex","log":"|html|<div class=\"broadcast-blue\"><strong>[Gen 9] National Dex is currently suspecting Sneasler! For information on how to participate check out the <a href=\"https:\/\/www.smogon.com\/forums\/threads\/sv-national-dex-suspect-8-just-dance.3731534\/\">suspect thread<\/a>.<\/strong><\/div>\n|j|\u2606abusuoliu\n|j|\u2606Clawraptor\n|t:|1700460903\n|gametype|singles\n|player|p1|abusuoliu|giovanni|1287\n|player|p2|Clawraptor|nate|1181\n|teamsize|p1|6\n|teamsize|p2|6\n|gen|9\n|tier|[Gen 9] National Dex\n|rated|\n|rule|HP Percentage Mod: HP is shown in percentages\n|rule|Endless Battle Clause: Forcing endless battles is banned\n|rule|OHKO Clause: OHKO moves are banned\n|rule|Evasion Clause: Evasion abilities, items, and moves are banned\n|rule|Evasion Abilities Clause: Evasion abilities are banned\n|rule|Evasion Items Clause: Evasion items are banned\n|rule|Evasion Moves Clause: Evasion moves are banned\n|rule|Species Clause: Limit one of each Pok\u00e9mon\n|rule|Sleep Clause Mod: Limit one foe put to sleep\n|clearpoke\n|poke|p1|Beedrill, M|\n|poke|p1|Nidoking, M|\n|poke|p1|Dugtrio, M|\n|poke|p1|Rhyperior, M|\n|poke|p1|Nidoqueen, F|\n|poke|p1|Great Tusk|\n|poke|p2|Corsola-Galar, F|\n|poke|p2|Latios, M|\n|poke|p2|Kommo-o, M|\n|poke|p2|Espeon, F|\n|poke|p2|Clefable, M|\n|poke|p2|Pyukumuku, F|\n|teampreview\n|\n|t:|1700460912\n|start\n|switch|p1a: Dugtrio|Dugtrio, M|100\/100\n|switch|p2a: Latios|Latios, M, shiny|100\/100\n|turn|1\n|\n|t:|1700460919\n|move|p1a: Dugtrio|Stealth Rock|p2a: Latios\n|-sidestart|p2: Clawraptor|move: Stealth Rock\n|move|p2a: Latios|Reflect|p2a: Latios\n|-sidestart|p2: Clawraptor|Reflect\n|\n|upkeep\n|turn|2\n|inactive|Battle timer is ON: inactive players will automatically lose when time's up. (requested by Clawraptor)\n|\n|t:|1700460930\n|switch|p1a: Beedrill|Beedrill, M|100\/100\n|move|p2a: Latios|Light Screen|p2a: Latios\n|-sidestart|p2: Clawraptor|move: Light Screen\n|\n|upkeep\n|turn|3\n|\n|t:|1700460936\n|detailschange|p1a: Beedrill|Beedrill-Mega, M\n|-mega|p1a: Beedrill|Beedrill|Beedrillite\n|move|p1a: Beedrill|U-turn|p2a: Latios\n|-supereffective|p2a: Latios\n|-damage|p2a: Latios|39\/100\n|\n|t:|1700460942\n|switch|p1a: Dugtrio|Dugtrio, M|100\/100|[from] U-turn\n|move|p2a: Latios|Thunder Wave|p1a: Dugtrio\n|-immune|p1a: Dugtrio\n|\n|upkeep\n|turn|4\n|\n|t:|1700460949\n|move|p1a: Dugtrio|Sucker Punch||[still]\n|-fail|p1a: Dugtrio\n|move|p2a: Latios|Memento|p1a: Dugtrio\n|-unboost|p1a: Dugtrio|atk|2\n|-unboost|p1a: Dugtrio|spa|2\n|faint|p2a: Latios\n|\n|upkeep\n|\n|t:|1700460957\n|switch|p2a: Kommo-o|Kommo-o, M|100\/100\n|-damage|p2a: Kommo-o|94\/100|[from] Stealth Rock\n|turn|5\n|\n|t:|1700460963\n|move|p1a: Dugtrio|Earthquake|p2a: Kommo-o\n|-damage|p2a: Kommo-o|85\/100\n|move|p2a: Kommo-o|Substitute|p2a: Kommo-o\n|-start|p2a: Kommo-o|Substitute\n|-damage|p2a: Kommo-o|60\/100\n|\n|upkeep\n|turn|6\n|\n|t:|1700460969\n|move|p1a: Dugtrio|Earthquake|p2a: Kommo-o\n|-activate|p2a: Kommo-o|move: Substitute|[damage]\n|move|p2a: Kommo-o|Belly Drum|p2a: Kommo-o\n|-damage|p2a: Kommo-o|10\/100\n|-setboost|p2a: Kommo-o|atk|6|[from] move: Belly Drum\n|-enditem|p2a: Kommo-o|Salac Berry|[eat]\n|-boost|p2a: Kommo-o|spe|1|[from] item: Salac Berry\n|\n|upkeep\n|turn|7\n|\n|t:|1700460980\n|move|p1a: Dugtrio|Sucker Punch|p2a: Kommo-o\n|-resisted|p2a: Kommo-o\n|-activate|p2a: Kommo-o|move: Substitute|[damage]\n|move|p2a: Kommo-o|Drain Punch|p1a: Dugtrio\n|-enditem|p1a: Dugtrio|Focus Sash\n|-damage|p1a: Dugtrio|1\/100\n|-heal|p2a: Kommo-o|43\/100|[from] drain|[of] p1a: Dugtrio\n|\n|upkeep\n|turn|8\n|\n|t:|1700460989\n|move|p1a: Dugtrio|Sucker Punch||[still]\n|-fail|p1a: Dugtrio\n|move|p2a: Kommo-o|Substitute|p2a: Kommo-o\n|-fail|p2a: Kommo-o|move: Substitute\n|\n|-sideend|p2: Clawraptor|Reflect\n|upkeep\n|turn|9\n|\n|t:|1700460996\n|move|p2a: Kommo-o|Drain Punch|p1a: Dugtrio\n|-damage|p1a: Dugtrio|0 fnt\n|-heal|p2a: Kommo-o|43\/100|[from] drain|[of] p1a: Dugtrio\n|faint|p1a: Dugtrio\n|\n|-sideend|p2: Clawraptor|move: Light Screen\n|upkeep\n|\n|t:|1700460999\n|switch|p1a: Rhyperior|Rhyperior, M|100\/100\n|turn|10\n|\n|t:|1700461006\n|-terastallize|p1a: Rhyperior|Ghost\n|move|p2a: Kommo-o|Drain Punch|p1a: Rhyperior\n|-immune|p1a: Rhyperior\n|move|p1a: Rhyperior|Earthquake|p2a: Kommo-o\n|-end|p2a: Kommo-o|Substitute\n|\n|upkeep\n|turn|11\n|\n|t:|1700461015\n|move|p2a: Kommo-o|Iron Head|p1a: Rhyperior\n|-damage|p1a: Rhyperior|56\/100\n|cant|p1a: Rhyperior|flinch\n|\n|upkeep\n|turn|12\n|\n|t:|1700461022\n|-terastallize|p2a: Kommo-o|Steel\n|move|p2a: Kommo-o|Iron Head|p1a: Rhyperior\n|-damage|p1a: Rhyperior|0 fnt\n|faint|p1a: Rhyperior\n|\n|upkeep\n|\n|t:|1700461033\n|switch|p1a: Nidoqueen|Nidoqueen, F|100\/100\n|turn|13\n|\n|t:|1700461038\n|move|p2a: Kommo-o|Iron Head|p1a: Nidoqueen\n|-damage|p1a: Nidoqueen|0 fnt\n|faint|p1a: Nidoqueen\n|\n|upkeep\n|\n|t:|1700461040\n|switch|p1a: Beedrill|Beedrill-Mega, M|100\/100\n|turn|14\n|\n|t:|1700461044\n|move|p2a: Kommo-o|Iron Head|p1a: Beedrill\n|-damage|p1a: Beedrill|0 fnt\n|faint|p1a: Beedrill\n|\n|upkeep\n|\n|t:|1700461049\n|switch|p1a: Great Tusk|Great Tusk|100\/100\n|turn|15\n|\n|t:|1700461055\n|move|p2a: Kommo-o|Substitute|p2a: Kommo-o\n|-start|p2a: Kommo-o|Substitute\n|-damage|p2a: Kommo-o|18\/100\n|move|p1a: Great Tusk|Headlong Rush|p2a: Kommo-o\n|-supereffective|p2a: Kommo-o\n|-end|p2a: Kommo-o|Substitute\n|-unboost|p1a: Great Tusk|def|1\n|-unboost|p1a: Great Tusk|spd|1\n|\n|upkeep\n|turn|16\n|\n|t:|1700461063\n|-end|p1a: Great Tusk|Protosynthesis|[silent]\n|switch|p1a: Nidoking|Nidoking, M|100\/100\n|move|p2a: Kommo-o|Drain Punch|p1a: Nidoking\n|-resisted|p1a: Nidoking\n|-crit|p1a: Nidoking\n|-damage|p1a: Nidoking|0 fnt\n|-heal|p2a: Kommo-o|66\/100|[from] drain|[of] p1a: Nidoking\n|faint|p1a: Nidoking\n|\n|upkeep\n|\n|t:|1700461066\n|switch|p1a: Great Tusk|Great Tusk|100\/100\n|turn|17\n|\n|t:|1700461075\n|move|p2a: Kommo-o|Substitute|p2a: Kommo-o\n|-start|p2a: Kommo-o|Substitute\n|-damage|p2a: Kommo-o|41\/100\n|move|p1a: Great Tusk|Rapid Spin|p2a: Kommo-o\n|-resisted|p2a: Kommo-o\n|-activate|p2a: Kommo-o|move: Substitute|[damage]\n|-boost|p1a: Great Tusk|spe|1\n|\n|upkeep\n|turn|18\n|\n|t:|1700461082\n|move|p2a: Kommo-o|Drain Punch|p1a: Great Tusk\n|-damage|p1a: Great Tusk|19\/100\n|-heal|p2a: Kommo-o|95\/100|[from] drain|[of] p1a: Great Tusk\n|-damage|p2a: Kommo-o|79\/100|[from] item: Rocky Helmet|[of] p1a: Great Tusk\n|move|p1a: Great Tusk|Headlong Rush|p2a: Kommo-o\n|-supereffective|p2a: Kommo-o\n|-end|p2a: Kommo-o|Substitute\n|-unboost|p1a: Great Tusk|def|1\n|-unboost|p1a: Great Tusk|spd|1\n|\n|upkeep\n|turn|19\n|-message|abusuoliu forfeited.\n|\n|win|Clawraptor\n|raw|abusuoliu's rating: 1287 &rarr; <strong>1255<\/strong><br \/>(-32 for losing)\n|raw|Clawraptor's rating: 1181 &rarr; <strong>1213<\/strong><br \/>(+32 for winning)\n|l|\u2606abusuoliu\n","uploadtime":1700461097,"views":4,"p1id":"abusuoliu","p2id":"clawraptor","formatid":"gen9nationaldex","rating":1213,"private":0,"password":""}