{"id":"gen9nationaldex-1991896364","p1":"biro biru","p2":"InnateAzucarado","format":"[Gen 9] National Dex","log":"|j|\u2606biro biru\n|j|\u2606InnateAzucarado\n|t:|1700135092\n|gametype|singles\n|player|p1|biro biru|266|1021\n|player|p2|InnateAzucarado|hilbert|1102\n|teamsize|p1|6\n|teamsize|p2|6\n|gen|9\n|tier|[Gen 9] National Dex\n|rated|\n|rule|HP Percentage Mod: HP is shown in percentages\n|rule|Endless Battle Clause: Forcing endless battles is banned\n|rule|OHKO Clause: OHKO moves are banned\n|rule|Evasion Clause: Evasion abilities, items, and moves are banned\n|rule|Evasion Abilities Clause: Evasion abilities are banned\n|rule|Evasion Items Clause: Evasion items are banned\n|rule|Evasion Moves Clause: Evasion moves are banned\n|rule|Species Clause: Limit one of each Pok\u00e9mon\n|rule|Sleep Clause Mod: Limit one foe put to sleep\n|clearpoke\n|poke|p1|Nosepass, L1, M|\n|poke|p1|Probopass, L1, M|\n|poke|p1|Ceruledge, M|\n|poke|p1|Pikachu, F|\n|poke|p1|Corviknight, F|\n|poke|p1|Great Tusk|\n|poke|p2|Torkoal, M|\n|poke|p2|Venusaur, M|\n|poke|p2|Scizor, M|\n|poke|p2|Kartana|\n|poke|p2|Murkrow, M|\n|poke|p2|Incineroar, M|\n|teampreview\n|inactive|Battle timer is ON: inactive players will automatically lose when time's up. (requested by biro biru)\n|\n|t:|1700135106\n|start\n|switch|p1a: Great Tusk|Great Tusk, shiny|100\/100\n|switch|p2a: Murkrow|Murkrow, M|100\/100\n|turn|1\n|\n|t:|1700135116\n|move|p2a: Murkrow|Tailwind|p2a: Murkrow\n|-sidestart|p2: InnateAzucarado|move: Tailwind\n|move|p1a: Great Tusk|Stealth Rock|p2a: Murkrow\n|-sidestart|p2: InnateAzucarado|move: Stealth Rock\n|\n|upkeep\n|turn|2\n|\n|t:|1700135129\n|move|p2a: Murkrow|Foul Play|p1a: Great Tusk\n|-resisted|p1a: Great Tusk\n|-damage|p1a: Great Tusk|83\/100\n|move|p1a: Great Tusk|Knock Off|p2a: Murkrow\n|-resisted|p2a: Murkrow\n|-damage|p2a: Murkrow|63\/100\n|-enditem|p2a: Murkrow|Focus Sash|[from] move: Knock Off|[of] p1a: Great Tusk\n|\n|upkeep\n|turn|3\n|\n|t:|1700135148\n|switch|p2a: Torkoal|Torkoal, M|100\/100\n|-damage|p2a: Torkoal|76\/100|[from] Stealth Rock\n|-weather|SunnyDay|[from] ability: Drought|[of] p2a: Torkoal\n|-activate|p1a: Great Tusk|ability: Protosynthesis\n|-start|p1a: Great Tusk|protosynthesisatk\n|move|p1a: Great Tusk|Knock Off|p2a: Torkoal\n|-damage|p2a: Torkoal|36\/100\n|-enditem|p2a: Torkoal|Leftovers|[from] move: Knock Off|[of] p1a: Great Tusk\n|\n|-weather|SunnyDay|[upkeep]\n|upkeep\n|turn|4\n|\n|t:|1700135161\n|move|p1a: Great Tusk|Earthquake|p2a: Torkoal\n|-supereffective|p2a: Torkoal\n|-damage|p2a: Torkoal|0 fnt\n|faint|p2a: Torkoal\n|\n|-weather|SunnyDay|[upkeep]\n|-sideend|p2: InnateAzucarado|move: Tailwind\n|upkeep\n|\n|t:|1700135169\n|switch|p2a: Kartana|Kartana|100\/100\n|-damage|p2a: Kartana|94\/100|[from] Stealth Rock\n|turn|5\n|\n|t:|1700135176\n|move|p2a: Kartana|Leaf Blade|p1a: Great Tusk\n|-supereffective|p1a: Great Tusk\n|-damage|p1a: Great Tusk|0 fnt\n|faint|p1a: Great Tusk\n|-end|p1a: Great Tusk|Protosynthesis|[silent]\n|-ability|p2a: Kartana|Beast Boost|boost\n|-boost|p2a: Kartana|atk|1\n|\n|-weather|SunnyDay|[upkeep]\n|upkeep\n|\n|t:|1700135181\n|switch|p1a: Ceruledge|Ceruledge, M, shiny|100\/100\n|turn|6\n|\n|t:|1700135191\n|move|p2a: Kartana|Brick Break|p1a: Ceruledge\n|-immune|p1a: Ceruledge\n|move|p1a: Ceruledge|Swords Dance|p1a: Ceruledge\n|-boost|p1a: Ceruledge|atk|2\n|\n|-weather|SunnyDay|[upkeep]\n|upkeep\n|turn|7\n|\n|t:|1700135201\n|move|p2a: Kartana|Swords Dance|p2a: Kartana\n|-boost|p2a: Kartana|atk|2\n|move|p1a: Ceruledge|Swords Dance|p1a: Ceruledge\n|-boost|p1a: Ceruledge|atk|2\n|\n|-weather|none\n|upkeep\n|turn|8\n|\n|t:|1700135209\n|move|p2a: Kartana|Swords Dance|p2a: Kartana\n|-boost|p2a: Kartana|atk|2\n|move|p1a: Ceruledge|Swords Dance|p1a: Ceruledge\n|-boost|p1a: Ceruledge|atk|2\n|\n|upkeep\n|turn|9\n|\n|t:|1700135220\n|move|p2a: Kartana|Leaf Blade|p1a: Ceruledge\n|-resisted|p1a: Ceruledge\n|-enditem|p1a: Ceruledge|Focus Sash\n|-damage|p1a: Ceruledge|1\/100\n|-ability|p1a: Ceruledge|Weak Armor|boost\n|-unboost|p1a: Ceruledge|def|1\n|-boost|p1a: Ceruledge|spe|2\n|move|p1a: Ceruledge|Bitter Blade|p2a: Kartana\n|-supereffective|p2a: Kartana\n|-damage|p2a: Kartana|0 fnt\n|-heal|p1a: Ceruledge|43\/100|[from] drain|[of] p2a: Kartana\n|faint|p2a: Kartana\n|\n|upkeep\n|\n|t:|1700135243\n|switch|p2a: Incineroar|Incineroar, M|100\/100\n|-damage|p2a: Incineroar|76\/100|[from] Stealth Rock\n|-ability|p2a: Incineroar|Intimidate|boost\n|-unboost|p1a: Ceruledge|atk|1\n|turn|10\n|\n|t:|1700135254\n|move|p1a: Ceruledge|Close Combat|p2a: Incineroar\n|-supereffective|p2a: Incineroar\n|-damage|p2a: Incineroar|0 fnt\n|-unboost|p1a: Ceruledge|def|1\n|-unboost|p1a: Ceruledge|spd|1\n|faint|p2a: Incineroar\n|\n|upkeep\n|\n|t:|1700135267\n|switch|p2a: Scizor|Scizor, M|100\/100\n|-damage|p2a: Scizor|88\/100|[from] Stealth Rock\n|turn|11\n|\n|t:|1700135273\n|move|p1a: Ceruledge|Bitter Blade|p2a: Scizor\n|-supereffective|p2a: Scizor\n|-damage|p2a: Scizor|0 fnt\n|-heal|p1a: Ceruledge|85\/100|[from] drain|[of] p2a: Scizor\n|faint|p2a: Scizor\n|\n|upkeep\n|\n|t:|1700135280\n|switch|p2a: Murkrow|Murkrow, M|63\/100\n|-damage|p2a: Murkrow|38\/100|[from] Stealth Rock\n|turn|12\n|\n|t:|1700135286\n|move|p1a: Ceruledge|Bitter Blade|p2a: Murkrow\n|-damage|p2a: Murkrow|0 fnt\n|-heal|p1a: Ceruledge|100\/100|[from] drain|[of] p2a: Murkrow\n|faint|p2a: Murkrow\n|\n|upkeep\n|\n|t:|1700135292\n|switch|p2a: Venusaur|Venusaur, M|100\/100\n|-damage|p2a: Venusaur|88\/100|[from] Stealth Rock\n|turn|13\n|\n|t:|1700135300\n|move|p1a: Ceruledge|Bitter Blade|p2a: Venusaur\n|-supereffective|p2a: Venusaur\n|-damage|p2a: Venusaur|0 fnt\n|faint|p2a: Venusaur\n|\n|win|biro biru\n|raw|biro biru's rating: 1021 &rarr; <strong>1066<\/strong><br \/>(+45 for winning)\n|raw|InnateAzucarado's rating: 1102 &rarr; <strong>1071<\/strong><br \/>(-31 for losing)\n|c|\u2606biro biru|ez\n|l|\u2606InnateAzucarado\n","uploadtime":1700135308,"views":10,"p1id":"birobiru","p2id":"innateazucarado","formatid":"gen9nationaldex","rating":1066,"private":0,"password":""}