{"id":"gen9nationaldex-1989708337","p1":"IC Oshawott","p2":"Fly pig","format":"[Gen 9] National Dex","log":"|j|\u203dIC Oshawott\n|j|\u2606Fly pig\n|t:|1699888863\n|gametype|singles\n|player|p1|IC Oshawott|colress|1276\n|player|p2|Fly pig|ghetsis|1351\n|teamsize|p1|6\n|teamsize|p2|6\n|gen|9\n|tier|[Gen 9] National Dex\n|rated|\n|rule|HP Percentage Mod: HP is shown in percentages\n|rule|Endless Battle Clause: Forcing endless battles is banned\n|rule|OHKO Clause: OHKO moves are banned\n|rule|Evasion Clause: Evasion abilities, items, and moves are banned\n|rule|Evasion Abilities Clause: Evasion abilities are banned\n|rule|Evasion Items Clause: Evasion items are banned\n|rule|Evasion Moves Clause: Evasion moves are banned\n|rule|Species Clause: Limit one of each Pok\u00e9mon\n|rule|Sleep Clause Mod: Limit one foe put to sleep\n|clearpoke\n|poke|p1|Iron Jugulis|\n|poke|p1|Tapu Koko|\n|poke|p1|Iron Treads|\n|poke|p1|Iron Moth|\n|poke|p1|Clawitzer, M|\n|poke|p1|Alomomola, F|\n|poke|p2|Alomomola, F|\n|poke|p2|Lokix, F|\n|poke|p2|Scizor, M|\n|poke|p2|Cinderace, F|\n|poke|p2|Slowbro, F|\n|poke|p2|Serperior, F|\n|teampreview\n|inactive|Battle timer is ON: inactive players will automatically lose when time's up. (requested by Fly pig)\n|inactive|IC Oshawott also wants the timer to be on.\n|\n|t:|1699888876\n|start\n|switch|p1a: Iron Moth|Iron Moth|100\/100\n|switch|p2a: Lokix|Lokix, F|100\/100\n|turn|1\n|\n|t:|1699888888\n|switch|p2a: Alomomola|Alomomola, F|100\/100\n|move|p1a: Iron Moth|Fiery Dance|p2a: Alomomola\n|-resisted|p2a: Alomomola\n|-damage|p2a: Alomomola|82\/100\n|\n|-heal|p2a: Alomomola|88\/100|[from] item: Leftovers\n|upkeep\n|turn|2\n|\n|t:|1699888893\n|move|p1a: Iron Moth|U-turn|p2a: Alomomola\n|-damage|p2a: Alomomola|81\/100\n|\n|t:|1699888895\n|-end|p1a: Iron Moth|Quark Drive|[silent]\n|switch|p1a: Tapu Koko|Tapu Koko|100\/100|[from] U-turn\n|-fieldstart|move: Electric Terrain|[from] ability: Electric Surge|[of] p1a: Tapu Koko\n|move|p2a: Alomomola|Flip Turn|p1a: Tapu Koko\n|-damage|p1a: Tapu Koko|77\/100\n|\n|t:|1699888903\n|switch|p2a: Lokix|Lokix, F|100\/100|[from] Flip Turn\n|\n|upkeep\n|turn|3\n|\n|t:|1699888908\n|switch|p1a: Iron Moth|Iron Moth|100\/100\n|-activate|p1a: Iron Moth|ability: Quark Drive\n|-start|p1a: Iron Moth|quarkdrivespe\n|-terastallize|p2a: Lokix|Bug\n|move|p2a: Lokix|First Impression|p1a: Iron Moth\n|-resisted|p1a: Iron Moth\n|-damage|p1a: Iron Moth|41\/100\n|\n|upkeep\n|turn|4\n|\n|t:|1699888923\n|-end|p1a: Iron Moth|Quark Drive|[silent]\n|switch|p1a: Iron Jugulis|Iron Jugulis|100\/100\n|-activate|p1a: Iron Jugulis|ability: Quark Drive\n|-start|p1a: Iron Jugulis|quarkdrivespe\n|switch|p2a: Alomomola|Alomomola, F|100\/100\n|\n|upkeep\n|turn|5\n|\n|t:|1699888927\n|move|p1a: Iron Jugulis|Dark Pulse|p2a: Alomomola\n|-damage|p2a: Alomomola|62\/100\n|move|p2a: Alomomola|Flip Turn|p1a: Iron Jugulis\n|-damage|p1a: Iron Jugulis|83\/100\n|\n|t:|1699888934\n|switch|p2a: Lokix|Lokix, F, tera:Bug|100\/100|[from] Flip Turn\n|\n|upkeep\n|turn|6\n|\n|t:|1699888936\n|move|p2a: Lokix|First Impression|p1a: Iron Jugulis\n|-damage|p1a: Iron Jugulis|0 fnt\n|faint|p1a: Iron Jugulis\n|-end|p1a: Iron Jugulis|Quark Drive|[silent]\n|\n|upkeep\n|\n|t:|1699888942\n|switch|p1a: Iron Moth|Iron Moth|41\/100\n|-activate|p1a: Iron Moth|ability: Quark Drive\n|-start|p1a: Iron Moth|quarkdrivespe\n|turn|7\n|\n|t:|1699888947\n|switch|p2a: Alomomola|Alomomola, F|95\/100\n|move|p1a: Iron Moth|Discharge|p2a: Alomomola\n|-supereffective|p2a: Alomomola\n|-damage|p2a: Alomomola|35\/100\n|-status|p2a: Alomomola|par\n|\n|-heal|p2a: Alomomola|42\/100 par|[from] item: Leftovers\n|upkeep\n|turn|8\n|\n|t:|1699888955\n|move|p1a: Iron Moth|Discharge|p2a: Alomomola\n|-supereffective|p2a: Alomomola\n|-damage|p2a: Alomomola|0 fnt\n|faint|p2a: Alomomola\n|\n|upkeep\n|\n|t:|1699888957\n|switch|p2a: Lokix|Lokix, F, tera:Bug|100\/100\n|turn|9\n|\n|t:|1699888959\n|-end|p1a: Iron Moth|Quark Drive|[silent]\n|switch|p1a: Iron Treads|Iron Treads|100\/100\n|-activate|p1a: Iron Treads|ability: Quark Drive\n|-start|p1a: Iron Treads|quarkdrivespe\n|move|p2a: Lokix|First Impression|p1a: Iron Treads\n|-resisted|p1a: Iron Treads\n|-damage|p1a: Iron Treads|16\/100\n|\n|-fieldend|move: Electric Terrain\n|-end|p1a: Iron Treads|Quark Drive\n|upkeep\n|turn|10\n|\n|t:|1699888971\n|switch|p2a: Slowbro|Slowbro, F|100\/100\n|move|p1a: Iron Treads|Volt Switch|p2a: Slowbro\n|-supereffective|p2a: Slowbro\n|-damage|p2a: Slowbro|79\/100\n|\n|t:|1699888973\n|-end|p1a: Iron Treads|Quark Drive|[silent]\n|switch|p1a: Tapu Koko|Tapu Koko|77\/100|[from] Volt Switch\n|-fieldstart|move: Electric Terrain|[from] ability: Electric Surge|[of] p1a: Tapu Koko\n|\n|upkeep\n|turn|11\n|\n|t:|1699888982\n|move|p1a: Tapu Koko|Volt Switch|p2a: Slowbro\n|-supereffective|p2a: Slowbro\n|-damage|p2a: Slowbro|4\/100\n|\n|t:|1699888987\n|switch|p1a: Alomomola|Alomomola, F|100\/100|[from] Volt Switch\n|move|p2a: Slowbro|Teleport|p2a: Slowbro\n|\n|t:|1699888991\n|switch|p2a: Serperior|Serperior, F|100\/100|[from] Teleport\n|\n|upkeep\n|turn|12\n|\n|t:|1699888997\n|-terastallize|p1a: Alomomola|Dragon\n|move|p2a: Serperior|Leaf Storm|p1a: Alomomola\n|-resisted|p1a: Alomomola\n|-damage|p1a: Alomomola|76\/100\n|-boost|p2a: Serperior|spa|2\n|move|p1a: Alomomola|Toxic|p2a: Serperior\n|-status|p2a: Serperior|tox\n|\n|-damage|p2a: Serperior|94\/100 tox|[from] psn\n|upkeep\n|turn|13\n|\n|t:|1699889004\n|switch|p1a: Tapu Koko|Tapu Koko|77\/100\n|move|p2a: Serperior|Leaf Storm|p1a: Tapu Koko\n|-damage|p1a: Tapu Koko|0 fnt\n|-boost|p2a: Serperior|spa|2\n|faint|p1a: Tapu Koko\n|\n|-damage|p2a: Serperior|82\/100 tox|[from] psn\n|upkeep\n|\n|t:|1699889008\n|switch|p1a: Alomomola|Alomomola, F, tera:Dragon|100\/100\n|turn|14\n|\n|t:|1699889010\n|move|p2a: Serperior|Leaf Storm|p1a: Alomomola\n|-resisted|p1a: Alomomola\n|-damage|p1a: Alomomola|36\/100\n|-boost|p2a: Serperior|spa|2\n|move|p1a: Alomomola|Wish|p1a: Alomomola\n|\n|-damage|p2a: Serperior|63\/100 tox|[from] psn\n|upkeep\n|turn|15\n|\n|t:|1699889018\n|move|p1a: Alomomola|Protect|p1a: Alomomola\n|-singleturn|p1a: Alomomola|Protect\n|move|p2a: Serperior|Leaf Storm|p1a: Alomomola\n|-activate|p1a: Alomomola|move: Protect\n|\n|-heal|p1a: Alomomola|86\/100|[from] move: Wish|[wisher] Alomomola\n|-damage|p2a: Serperior|39\/100 tox|[from] psn\n|upkeep\n|turn|16\n|\n|t:|1699889026\n|switch|p1a: Iron Treads|Iron Treads|16\/100\n|-activate|p1a: Iron Treads|ability: Quark Drive\n|-start|p1a: Iron Treads|quarkdrivespe\n|move|p2a: Serperior|Giga Drain|p1a: Iron Treads\n|-damage|p1a: Iron Treads|0 fnt\n|-heal|p2a: Serperior|48\/100 tox|[from] drain|[of] p1a: Iron Treads\n|faint|p1a: Iron Treads\n|-end|p1a: Iron Treads|Quark Drive|[silent]\n|\n|-damage|p2a: Serperior|17\/100 tox|[from] psn\n|upkeep\n|\n|t:|1699889029\n|switch|p1a: Alomomola|Alomomola, F, tera:Dragon|100\/100\n|turn|17\n|\n|t:|1699889039\n|switch|p2a: Scizor|Scizor, M|100\/100\n|switch|p1a: Clawitzer|Clawitzer, M|100\/100\n|\n|-fieldend|move: Electric Terrain\n|upkeep\n|turn|18\n|\n|t:|1699889044\n|detailschange|p2a: Scizor|Scizor-Mega, M\n|-mega|p2a: Scizor|Scizor|Scizorite\n|move|p2a: Scizor|U-turn|p1a: Clawitzer\n|-damage|p1a: Clawitzer|65\/100\n|\n|t:|1699889048\n|switch|p2a: Slowbro|Slowbro, F|37\/100|[from] U-turn\n|move|p1a: Clawitzer|Hydro Pump|p2a: Slowbro\n|-resisted|p2a: Slowbro\n|-damage|p2a: Slowbro|5\/100\n|\n|-heal|p1a: Clawitzer|71\/100|[from] item: Leftovers\n|upkeep\n|turn|19\n|\n|t:|1699889071\n|move|p1a: Clawitzer|Flip Turn|p2a: Slowbro\n|-resisted|p2a: Slowbro\n|-damage|p2a: Slowbro|0 fnt\n|-damage|p1a: Clawitzer|54\/100|[from] item: Rocky Helmet|[of] p2a: Slowbro\n|faint|p2a: Slowbro\n|\n|t:|1699889073\n|switch|p1a: Alomomola|Alomomola, F, tera:Dragon|100\/100|[from] Flip Turn\n|\n|upkeep\n|\n|t:|1699889083\n|switch|p2a: Lokix|Lokix, F, tera:Bug|100\/100\n|turn|20\n|\n|t:|1699889085\n|move|p1a: Alomomola|Protect|p1a: Alomomola\n|-singleturn|p1a: Alomomola|Protect\n|move|p2a: Lokix|U-turn|p1a: Alomomola\n|-activate|p1a: Alomomola|move: Protect\n|\n|upkeep\n|turn|21\n|\n|t:|1699889092\n|move|p2a: Lokix|U-turn|p1a: Alomomola\n|-damage|p1a: Alomomola|61\/100\n|\n|t:|1699889096\n|switch|p2a: Scizor|Scizor-Mega, M|100\/100|[from] U-turn\n|move|p1a: Alomomola|Wish|p1a: Alomomola\n|\n|upkeep\n|turn|22\n|\n|t:|1699889104\n|move|p2a: Scizor|Bullet Punch|p1a: Alomomola\n|-damage|p1a: Alomomola|45\/100\n|move|p1a: Alomomola|Flip Turn|p2a: Scizor\n|-damage|p2a: Scizor|91\/100\n|\n|t:|1699889106\n|switch|p1a: Iron Moth|Iron Moth|41\/100|[from] Flip Turn\n|\n|-heal|p1a: Iron Moth|100\/100|[from] move: Wish|[wisher] Alomomola\n|upkeep\n|turn|23\n|\n|t:|1699889111\n|switch|p2a: Serperior|Serperior, F|17\/100 tox\n|move|p1a: Iron Moth|Fiery Dance|p2a: Serperior\n|-supereffective|p2a: Serperior\n|-damage|p2a: Serperior|0 fnt\n|-boost|p1a: Iron Moth|spa|1\n|faint|p2a: Serperior\n|\n|upkeep\n|\n|t:|1699889119\n|switch|p2a: Cinderace|Cinderace, F|100\/100\n|turn|24\n|\n|t:|1699889124\n|move|p2a: Cinderace|Smack Down|p1a: Iron Moth\n|-start|p2a: Cinderace|typechange|Rock|[from] ability: Libero\n|-supereffective|p1a: Iron Moth\n|-damage|p1a: Iron Moth|37\/100\n|move|p1a: Iron Moth|Sludge Wave|p2a: Cinderace\n|-resisted|p2a: Cinderace\n|-damage|p2a: Cinderace|49\/100\n|\n|upkeep\n|turn|25\n|\n|t:|1699889136\n|switch|p2a: Lokix|Lokix, F, tera:Bug|100\/100\n|-end|p1a: Iron Moth|Quark Drive|[silent]\n|switch|p1a: Clawitzer|Clawitzer, M|54\/100\n|\n|-heal|p1a: Clawitzer|60\/100|[from] item: Leftovers\n|upkeep\n|turn|26\n|\n|t:|1699889139\n|move|p2a: Lokix|First Impression|p1a: Clawitzer\n|-damage|p1a: Clawitzer|0 fnt\n|faint|p1a: Clawitzer\n|\n|upkeep\n|\n|t:|1699889140\n|switch|p1a: Alomomola|Alomomola, F, tera:Dragon|78\/100\n|turn|27\n|\n|t:|1699889144\n|switch|p2a: Scizor|Scizor-Mega, M|91\/100\n|move|p1a: Alomomola|Wish|p1a: Alomomola\n|\n|upkeep\n|turn|28\n|\n|t:|1699889147\n|move|p2a: Scizor|U-turn|p1a: Alomomola\n|-damage|p1a: Alomomola|59\/100\n|\n|t:|1699889152\n|switch|p2a: Lokix|Lokix, F, tera:Bug|100\/100|[from] U-turn\n|move|p1a: Alomomola|Flip Turn|p2a: Lokix\n|-damage|p2a: Lokix|76\/100\n|\n|t:|1699889154\n|switch|p1a: Iron Moth|Iron Moth|37\/100|[from] Flip Turn\n|\n|-heal|p1a: Iron Moth|100\/100|[from] move: Wish|[wisher] Alomomola\n|upkeep\n|turn|29\n|\n|t:|1699889166\n|move|p2a: Lokix|Sucker Punch|p1a: Iron Moth\n|-damage|p1a: Iron Moth|33\/100\n|move|p1a: Iron Moth|Fiery Dance|p2a: Lokix\n|-supereffective|p2a: Lokix\n|-damage|p2a: Lokix|0 fnt\n|-boost|p1a: Iron Moth|spa|1\n|faint|p2a: Lokix\n|\n|upkeep\n|\n|t:|1699889183\n|switch|p2a: Cinderace|Cinderace, F|49\/100\n|turn|30\n|\n|t:|1699889209\n|-end|p1a: Iron Moth|Quark Drive|[silent]\n|switch|p1a: Alomomola|Alomomola, F, tera:Dragon|93\/100\n|move|p2a: Cinderace|Smack Down|p1a: Alomomola\n|-start|p2a: Cinderace|typechange|Rock|[from] ability: Libero\n|-damage|p1a: Alomomola|79\/100\n|\n|upkeep\n|turn|31\n|-message|Fly pig forfeited.\n|\n|win|IC Oshawott\n|raw|IC Oshawott's rating: 1276 &rarr; <strong>1306<\/strong><br \/>(+30 for winning)\n|raw|Fly pig's rating: 1351 &rarr; <strong>1327<\/strong><br \/>(-24 for losing)\n|l|\u2606Fly pig\n","uploadtime":1699889229,"views":5,"p1id":"icoshawott","p2id":"flypig","formatid":"gen9nationaldex","rating":1306,"private":0,"password":""}