{"id":"gen9nationaldex-1992535605","p1":"tartagliazhongli","p2":"ghostkinggengar","format":"[Gen 9] National Dex","log":"|j|\u2606tartagliazhongli\n|j|\u2606ghostkinggengar\n|t:|1700201355\n|gametype|singles\n|player|p1|tartagliazhongli|266|1533\n|player|p2|ghostkinggengar|swimmerf|1626\n|teamsize|p1|6\n|teamsize|p2|6\n|gen|9\n|tier|[Gen 9] National Dex\n|rated|\n|rule|HP Percentage Mod: HP is shown in percentages\n|rule|Endless Battle Clause: Forcing endless battles is banned\n|rule|OHKO Clause: OHKO moves are banned\n|rule|Evasion Clause: Evasion abilities, items, and moves are banned\n|rule|Evasion Abilities Clause: Evasion abilities are banned\n|rule|Evasion Items Clause: Evasion items are banned\n|rule|Evasion Moves Clause: Evasion moves are banned\n|rule|Species Clause: Limit one of each Pok\u00e9mon\n|rule|Sleep Clause Mod: Limit one foe put to sleep\n|clearpoke\n|poke|p1|Aerodactyl, F|\n|poke|p1|Volcarona, M|\n|poke|p1|Ninetales-Alola, M|\n|poke|p1|Hatterene, F|\n|poke|p1|Landorus-Therian, M|\n|poke|p1|Hoopa-Unbound|\n|poke|p2|Alomomola, M|\n|poke|p2|Glimmora, F|\n|poke|p2|Blissey, F|\n|poke|p2|Typhlosion-Hisui, M|\n|poke|p2|Gliscor, M|\n|poke|p2|Great Tusk|\n|teampreview\n|inactive|Battle timer is ON: inactive players will automatically lose when time's up. (requested by tartagliazhongli)\n|\n|t:|1700201387\n|start\n|switch|p1a: Volcarona|Volcarona, M|100\/100\n|switch|p2a: Typhlosion|Typhlosion-Hisui, M|100\/100\n|-item|p1a: Volcarona|Heavy-Duty Boots|[from] ability: Frisk|[of] p2a: Typhlosion|[identify]\n|turn|1\n|\n|t:|1700201399\n|-terastallize|p2a: Typhlosion|Fire\n|move|p2a: Typhlosion|Eruption|p1a: Volcarona\n|-damage|p1a: Volcarona|6\/100\n|move|p1a: Volcarona|Quiver Dance|p1a: Volcarona\n|-boost|p1a: Volcarona|spa|1\n|-boost|p1a: Volcarona|spd|1\n|-boost|p1a: Volcarona|spe|1\n|\n|upkeep\n|turn|2\n|\n|t:|1700201407\n|move|p2a: Typhlosion|Eruption|p1a: Volcarona\n|-damage|p1a: Volcarona|0 fnt\n|faint|p1a: Volcarona\n|\n|upkeep\n|\n|t:|1700201411\n|switch|p1a: Aerodactyl|Aerodactyl, F|100\/100\n|-ability|p1a: Aerodactyl|Unnerve\n|turn|3\n|\n|t:|1700201418\n|switch|p2a: Gliscor|Gliscor, M|100\/100\n|detailschange|p1a: Aerodactyl|Aerodactyl-Mega, F\n|-mega|p1a: Aerodactyl|Aerodactyl|Aerodactylite\n|move|p1a: Aerodactyl|Stone Edge|p2a: Gliscor\n|-damage|p2a: Gliscor|56\/100\n|\n|-status|p2a: Gliscor|tox|[from] item: Toxic Orb\n|upkeep\n|turn|4\n|\n|t:|1700201426\n|switch|p1a: Hatterene|Hatterene, F|100\/100\n|switch|p2a: Alomomola|Alomomola, M|100\/100\n|\n|upkeep\n|turn|5\n|\n|t:|1700201438\n|move|p2a: Alomomola|Flip Turn|p1a: Hatterene\n|-damage|p1a: Hatterene|83\/100\n|\n|t:|1700201457\n|switch|p2a: Typhlosion|Typhlosion-Hisui, M, tera:Fire|100\/100|[from] Flip Turn\n|-item|p1a: Hatterene|Leftovers|[from] ability: Frisk|[of] p2a: Typhlosion|[identify]\n|move|p1a: Hatterene|Future Sight|p2a: Typhlosion\n|-start|p1a: Hatterene|move: Future Sight\n|\n|-heal|p1a: Hatterene|89\/100|[from] item: Leftovers\n|upkeep\n|turn|6\n|\n|t:|1700201464\n|switch|p1a: Landorus|Landorus-Therian, M|100\/100\n|-ability|p1a: Landorus|Intimidate|boost\n|-unboost|p2a: Typhlosion|atk|1\n|move|p2a: Typhlosion|Eruption|p1a: Landorus\n|-damage|p1a: Landorus|0 fnt\n|faint|p1a: Landorus\n|\n|upkeep\n|\n|t:|1700201468\n|switch|p1a: Aerodactyl|Aerodactyl-Mega, F|100\/100\n|turn|7\n|\n|t:|1700201485\n|switch|p2a: Glimmora|Glimmora, F|100\/100\n|move|p1a: Aerodactyl|Dual Wingbeat|p2a: Glimmora\n|-resisted|p2a: Glimmora\n|-damage|p2a: Glimmora|85\/100\n|-activate|p2a: Glimmora|ability: Toxic Debris\n|-sidestart|p1: tartagliazhongli|move: Toxic Spikes\n|-resisted|p2a: Glimmora\n|-damage|p2a: Glimmora|69\/100\n|-activate|p2a: Glimmora|ability: Toxic Debris\n|-sidestart|p1: tartagliazhongli|move: Toxic Spikes\n|-hitcount|p2a: Glimmora|2\n|\n|-end|p2a: Glimmora|move: Future Sight\n|-supereffective|p2a: Glimmora\n|-damage|p2a: Glimmora|0 fnt\n|faint|p2a: Glimmora\n|upkeep\n|\n|t:|1700201501\n|switch|p2a: Alomomola|Alomomola, M|100\/100\n|turn|8\n|\n|t:|1700201516\n|move|p1a: Aerodactyl|Stealth Rock|p2a: Alomomola\n|-sidestart|p2: ghostkinggengar|move: Stealth Rock\n|move|p2a: Alomomola|Flip Turn|p1a: Aerodactyl\n|-supereffective|p1a: Aerodactyl\n|-damage|p1a: Aerodactyl|56\/100\n|\n|t:|1700201526\n|switch|p2a: Gliscor|Gliscor, M|56\/100 tox|[from] Flip Turn\n|-damage|p2a: Gliscor|43\/100 tox|[from] Stealth Rock\n|\n|-heal|p2a: Gliscor|56\/100 tox|[from] ability: Poison Heal\n|upkeep\n|turn|9\n|\n|t:|1700201533\n|move|p1a: Aerodactyl|Dragon Dance|p1a: Aerodactyl\n|-boost|p1a: Aerodactyl|atk|1\n|-boost|p1a: Aerodactyl|spe|1\n|move|p2a: Gliscor|Roost|p2a: Gliscor\n|-heal|p2a: Gliscor|100\/100 tox\n|-singleturn|p2a: Gliscor|move: Roost\n|\n|upkeep\n|turn|10\n|\n|t:|1700201536\n|move|p1a: Aerodactyl|Stone Edge|p2a: Gliscor\n|-damage|p2a: Gliscor|33\/100 tox\n|move|p2a: Gliscor|Toxic|p1a: Aerodactyl\n|-status|p1a: Aerodactyl|tox\n|\n|-damage|p1a: Aerodactyl|50\/100 tox|[from] psn\n|-heal|p2a: Gliscor|45\/100 tox|[from] ability: Poison Heal\n|upkeep\n|turn|11\n|\n|t:|1700201552\n|switch|p2a: Alomomola|Alomomola, M|100\/100\n|-damage|p2a: Alomomola|88\/100|[from] Stealth Rock\n|move|p1a: Aerodactyl|Dual Wingbeat|p2a: Alomomola\n|-damage|p2a: Alomomola|63\/100\n|-damage|p1a: Aerodactyl|33\/100 tox|[from] item: Rocky Helmet|[of] p2a: Alomomola\n|-damage|p2a: Alomomola|37\/100\n|-damage|p1a: Aerodactyl|17\/100 tox|[from] item: Rocky Helmet|[of] p2a: Alomomola\n|-hitcount|p2a: Alomomola|2\n|\n|-damage|p1a: Aerodactyl|5\/100 tox|[from] psn\n|upkeep\n|turn|12\n|\n|t:|1700201565\n|move|p2a: Alomomola|Protect|p2a: Alomomola\n|-singleturn|p2a: Alomomola|Protect\n|move|p1a: Aerodactyl|Dual Wingbeat|p2a: Alomomola\n|-activate|p2a: Alomomola|move: Protect\n|\n|-damage|p1a: Aerodactyl|0 fnt|[from] psn\n|faint|p1a: Aerodactyl\n|upkeep\n|\n|t:|1700201569\n|switch|p1a: Hoopa|Hoopa-Unbound|100\/100\n|-status|p1a: Hoopa|tox\n|turn|13\n|\n|t:|1700201580\n|switch|p2a: Gliscor|Gliscor, M|45\/100 tox\n|-damage|p2a: Gliscor|33\/100 tox|[from] Stealth Rock\n|move|p1a: Hoopa|Psychic|p2a: Gliscor\n|-damage|p2a: Gliscor|0 fnt\n|faint|p2a: Gliscor\n|\n|-damage|p1a: Hoopa|95\/100 tox|[from] psn\n|upkeep\n|\n|t:|1700201597\n|switch|p2a: Blissey|Blissey, F|100\/100\n|-damage|p2a: Blissey|88\/100|[from] Stealth Rock\n|turn|14\n|\n|t:|1700201601\n|move|p1a: Hoopa|Hyperspace Fury|p2a: Blissey\n|-damage|p2a: Blissey|40\/100\n|-unboost|p1a: Hoopa|def|1\n|-enditem|p1a: Hoopa|White Herb\n|-clearnegativeboost|p1a: Hoopa|[silent]\n|-item|p1a: Hoopa|Leftovers|[from] ability: Magician|[of] p2a: Blissey\n|move|p2a: Blissey|Teleport|p2a: Blissey\n|\n|t:|1700201622\n|switch|p2a: Great Tusk|Great Tusk|100\/100|[from] Teleport\n|\n|-heal|p1a: Hoopa|100\/100 tox|[from] item: Leftovers\n|-damage|p1a: Hoopa|89\/100 tox|[from] psn\n|upkeep\n|turn|15\n|inactive|ghostkinggengar has 120 seconds left.\n|\n|t:|1700201655\n|-end|p2a: Great Tusk|Protosynthesis|[silent]\n|switch|p2a: Blissey|Blissey, F|40\/100\n|-damage|p2a: Blissey|28\/100|[from] Stealth Rock\n|switch|p1a: Ninetales|Ninetales-Alola, M|100\/100\n|-status|p1a: Ninetales|tox\n|-weather|Snow|[from] ability: Snow Warning|[of] p1a: Ninetales\n|\n|-weather|Snow|[upkeep]\n|-damage|p1a: Ninetales|94\/100 tox|[from] psn\n|upkeep\n|turn|16\n|\n|t:|1700201668\n|move|p1a: Ninetales|Aurora Veil|p1a: Ninetales\n|-sidestart|p1: tartagliazhongli|move: Aurora Veil\n|move|p2a: Blissey|Stealth Rock|p1a: Ninetales\n|-sidestart|p1: tartagliazhongli|move: Stealth Rock\n|\n|-weather|Snow|[upkeep]\n|-damage|p1a: Ninetales|82\/100 tox|[from] psn\n|upkeep\n|turn|17\n|\n|t:|1700201680\n|switch|p1a: Hatterene|Hatterene, F|89\/100\n|-status|p1a: Hatterene|tox\n|-damage|p1a: Hatterene|76\/100 tox|[from] Stealth Rock\n|move|p2a: Blissey|Soft-Boiled|p2a: Blissey\n|-heal|p2a: Blissey|78\/100\n|\n|-weather|Snow|[upkeep]\n|-heal|p1a: Hatterene|82\/100 tox|[from] item: Leftovers\n|-damage|p1a: Hatterene|76\/100 tox|[from] psn\n|upkeep\n|turn|18\n|\n|t:|1700201692\n|-terastallize|p1a: Hatterene|Poison\n|move|p2a: Blissey|Soft-Boiled|p2a: Blissey\n|-heal|p2a: Blissey|100\/100\n|move|p1a: Hatterene|Future Sight|p2a: Blissey\n|-start|p1a: Hatterene|move: Future Sight\n|\n|-weather|Snow|[upkeep]\n|-heal|p1a: Hatterene|82\/100 tox|[from] item: Leftovers\n|-damage|p1a: Hatterene|70\/100 tox|[from] psn\n|upkeep\n|turn|19\n|\n|t:|1700201705\n|move|p2a: Blissey|Stealth Rock|p1a: Hatterene\n|move|p1a: Hatterene|Stealth Rock||[from]ability: Magic Bounce|[still]\n|-fail|p1a: Hatterene\n|move|p1a: Hatterene|Nuzzle|p2a: Blissey\n|-damage|p2a: Blissey|96\/100\n|-status|p2a: Blissey|par\n|\n|-weather|none\n|-heal|p1a: Hatterene|76\/100 tox|[from] item: Leftovers\n|-damage|p1a: Hatterene|58\/100 tox|[from] psn\n|upkeep\n|turn|20\n|\n|t:|1700201715\n|switch|p1a: Hoopa|Hoopa-Unbound|89\/100 tox\n|-damage|p1a: Hoopa|76\/100 tox|[from] Stealth Rock\n|cant|p2a: Blissey|par\n|\n|-end|p2a: Blissey|move: Future Sight\n|-damage|p2a: Blissey|76\/100 par\n|-heal|p1a: Hoopa|82\/100 tox|[from] item: Leftovers\n|-damage|p1a: Hoopa|76\/100 tox|[from] psn\n|upkeep\n|turn|21\n|\n|t:|1700201728\n|move|p1a: Hoopa|Psychic|p2a: Blissey\n|-damage|p2a: Blissey|59\/100 par\n|move|p2a: Blissey|Teleport|p2a: Blissey\n|\n|t:|1700201738\n|-curestatus|p2a: Blissey|par|[from] ability: Natural Cure\n|switch|p2a: Great Tusk|Great Tusk|100\/100|[from] Teleport\n|\n|-heal|p1a: Hoopa|82\/100 tox|[from] item: Leftovers\n|-damage|p1a: Hoopa|70\/100 tox|[from] psn\n|upkeep\n|turn|22\n|\n|t:|1700201749\n|switch|p1a: Ninetales|Ninetales-Alola, M|82\/100 tox\n|-damage|p1a: Ninetales|58\/100 tox|[from] Stealth Rock\n|-weather|Snow|[from] ability: Snow Warning|[of] p1a: Ninetales\n|move|p2a: Great Tusk|Rapid Spin|p1a: Ninetales\n|-damage|p1a: Ninetales|50\/100 tox\n|-boost|p2a: Great Tusk|spe|1\n|-sideend|p2: ghostkinggengar|Stealth Rock|[from] move: Rapid Spin|[of] p2a: Great Tusk\n|\n|-weather|Snow|[upkeep]\n|-damage|p1a: Ninetales|44\/100 tox|[from] psn\n|upkeep\n|turn|23\n|\n|t:|1700201761\n|-end|p2a: Great Tusk|Protosynthesis|[silent]\n|switch|p2a: Blissey|Blissey, F|59\/100\n|move|p1a: Ninetales|Freeze-Dry|p2a: Blissey\n|-damage|p2a: Blissey|52\/100\n|\n|-weather|Snow|[upkeep]\n|-damage|p1a: Ninetales|32\/100 tox|[from] psn\n|-sideend|p1: tartagliazhongli|move: Aurora Veil\n|upkeep\n|turn|24\n|\n|t:|1700201767\n|move|p1a: Ninetales|Aurora Veil|p1a: Ninetales\n|-sidestart|p1: tartagliazhongli|move: Aurora Veil\n|move|p2a: Blissey|Soft-Boiled|p2a: Blissey\n|-heal|p2a: Blissey|100\/100\n|\n|-weather|Snow|[upkeep]\n|-damage|p1a: Ninetales|15\/100 tox|[from] psn\n|upkeep\n|turn|25\n|inactive|ghostkinggengar has 120 seconds left.\n|\n|t:|1700201780\n|move|p1a: Ninetales|Encore|p2a: Blissey\n|-start|p2a: Blissey|Encore\n|move|p2a: Blissey|Soft-Boiled||[still]\n|-fail|p2a: Blissey|heal\n|\n|-weather|Snow|[upkeep]\n|-damage|p1a: Ninetales|0 fnt|[from] psn\n|faint|p1a: Ninetales\n|upkeep\n|\n|t:|1700201785\n|switch|p1a: Hatterene|Hatterene, F, tera:Poison|58\/100 tox\n|-sideend|p1: tartagliazhongli|move: Toxic Spikes|[of] p1a: Hatterene\n|-damage|p1a: Hatterene|46\/100 tox|[from] Stealth Rock\n|turn|26\n|\n|t:|1700201794\n|switch|p1a: Hoopa|Hoopa-Unbound|70\/100 tox\n|-damage|p1a: Hoopa|58\/100 tox|[from] Stealth Rock\n|move|p2a: Blissey|Soft-Boiled||[still]\n|-fail|p2a: Blissey|heal\n|\n|-weather|none\n|-heal|p1a: Hoopa|64\/100 tox|[from] item: Leftovers\n|-damage|p1a: Hoopa|58\/100 tox|[from] psn\n|upkeep\n|turn|27\n|\n|t:|1700201799\n|move|p1a: Hoopa|Hyperspace Fury|p2a: Blissey\n|-damage|p2a: Blissey|58\/100\n|-unboost|p1a: Hoopa|def|1\n|move|p2a: Blissey|Soft-Boiled|p2a: Blissey\n|-heal|p2a: Blissey|100\/100\n|\n|-heal|p1a: Hoopa|64\/100 tox|[from] item: Leftovers\n|-damage|p1a: Hoopa|52\/100 tox|[from] psn\n|-end|p2a: Blissey|Encore\n|upkeep\n|turn|28\n|\n|t:|1700201808\n|move|p1a: Hoopa|Brick Break|p2a: Blissey\n|-supereffective|p2a: Blissey\n|-damage|p2a: Blissey|53\/100\n|move|p2a: Blissey|Thunder Wave||[still]\n|-fail|p2a: Blissey\n|\n|-heal|p1a: Hoopa|58\/100 tox|[from] item: Leftovers\n|-damage|p1a: Hoopa|40\/100 tox|[from] psn\n|upkeep\n|turn|29\n|\n|t:|1700201825\n|switch|p2a: Alomomola|Alomomola, M|71\/100\n|move|p1a: Hoopa|Brick Break|p2a: Alomomola\n|-damage|p2a: Alomomola|54\/100\n|-damage|p1a: Hoopa|24\/100 tox|[from] item: Rocky Helmet|[of] p2a: Alomomola\n|\n|-heal|p1a: Hoopa|30\/100 tox|[from] item: Leftovers\n|-damage|p1a: Hoopa|6\/100 tox|[from] psn\n|upkeep\n|turn|30\n|\n|t:|1700201835\n|switch|p1a: Hatterene|Hatterene, F, tera:Poison|46\/100 tox\n|-damage|p1a: Hatterene|34\/100 tox|[from] Stealth Rock\n|move|p2a: Alomomola|Flip Turn|p1a: Hatterene\n|-damage|p1a: Hatterene|24\/100 tox\n|\n|t:|1700201842\n|switch|p2a: Typhlosion|Typhlosion-Hisui, M, tera:Fire|100\/100|[from] Flip Turn\n|-item|p1a: Hatterene|Leftovers|[from] ability: Frisk|[of] p2a: Typhlosion|[identify]\n|\n|-heal|p1a: Hatterene|30\/100 tox|[from] item: Leftovers\n|-damage|p1a: Hatterene|24\/100 tox|[from] psn\n|upkeep\n|turn|31\n|\n|t:|1700201846\n|move|p2a: Typhlosion|Eruption|p1a: Hatterene\n|-crit|p1a: Hatterene\n|-damage|p1a: Hatterene|0 fnt\n|faint|p1a: Hatterene\n|\n|-sideend|p1: tartagliazhongli|move: Aurora Veil\n|upkeep\n|-message|tartagliazhongli forfeited.\n|\n|win|ghostkinggengar\n|raw|tartagliazhongli's rating: 1533 &rarr; <strong>1518<\/strong><br \/>(-15 for losing)\n|raw|ghostkinggengar's rating: 1626 &rarr; <strong>1641<\/strong><br \/>(+15 for winning)\n|l|\u2606tartagliazhongli\n","uploadtime":1700201861,"views":4,"p1id":"tartagliazhongli","p2id":"ghostkinggengar","formatid":"gen9nationaldex","rating":1518,"private":0,"password":""}