{"id":"gen9nationaldex-1992603029","p1":"KarmaNightraide","p2":"Zenhmaster","format":"[Gen 9] National Dex","log":"|j|\u2606KarmaNightraide\n|j|\u2606Zenhmaster\n|t:|1700213134\n|gametype|singles\n|player|p1|KarmaNightraide|unknown|1157\n|player|p2|Zenhmaster|lucas|1215\n|teamsize|p1|6\n|teamsize|p2|6\n|gen|9\n|tier|[Gen 9] National Dex\n|rated|\n|rule|HP Percentage Mod: HP is shown in percentages\n|rule|Endless Battle Clause: Forcing endless battles is banned\n|rule|OHKO Clause: OHKO moves are banned\n|rule|Evasion Clause: Evasion abilities, items, and moves are banned\n|rule|Evasion Abilities Clause: Evasion abilities are banned\n|rule|Evasion Items Clause: Evasion items are banned\n|rule|Evasion Moves Clause: Evasion moves are banned\n|rule|Species Clause: Limit one of each Pok\u00e9mon\n|rule|Sleep Clause Mod: Limit one foe put to sleep\n|clearpoke\n|poke|p1|Basculegion-F, F|\n|poke|p1|Mimikyu, M|\n|poke|p1|Banette, F|\n|poke|p1|Polteageist-Antique|\n|poke|p1|Dhelmise|\n|poke|p1|Skeledirge, M|\n|poke|p2|Iron Valiant|\n|poke|p2|Thundurus-Therian, M|\n|poke|p2|Dipplin, F|\n|poke|p2|Garganacl, F|\n|poke|p2|Scizor, F|\n|poke|p2|Kommo-o, F|\n|teampreview\n|\n|t:|1700213146\n|start\n|switch|p1a: Go to sleep...|Banette, F|100\/100\n|switch|p2a: Dipplin|Dipplin, F|100\/100\n|turn|1\n|\n|t:|1700213167\n|detailschange|p1a: Go to sleep...|Banette-Mega, F\n|-mega|p1a: Go to sleep...|Banette|Banettite\n|move|p1a: Go to sleep...|Taunt|p2a: Dipplin\n|-start|p2a: Dipplin|move: Taunt\n|cant|p2a: Dipplin|move: Taunt|Growth\n|\n|upkeep\n|turn|2\n|\n|t:|1700213180\n|move|p1a: Go to sleep...|Gunk Shot|p2a: Dipplin\n|-supereffective|p2a: Dipplin\n|-damage|p2a: Dipplin|51\/100\n|move|p2a: Dipplin|Dragon Pulse|p1a: Go to sleep...\n|-damage|p1a: Go to sleep...|57\/100\n|\n|upkeep\n|turn|3\n|\n|t:|1700213192\n|switch|p2a: Garganacl|Garganacl, F|100\/100\n|move|p1a: Go to sleep...|Gunk Shot|p2a: Garganacl\n|-resisted|p2a: Garganacl\n|-damage|p2a: Garganacl|83\/100\n|\n|-heal|p2a: Garganacl|89\/100|[from] item: Leftovers\n|upkeep\n|turn|4\n|\n|t:|1700213208\n|-terastallize|p2a: Garganacl|Ghost\n|move|p1a: Go to sleep...|Destiny Bond|p1a: Go to sleep...\n|-singlemove|p1a: Go to sleep...|Destiny Bond\n|move|p2a: Garganacl|Salt Cure|p1a: Go to sleep...\n|-damage|p1a: Go to sleep...|36\/100\n|-start|p1a: Go to sleep...|Salt Cure\n|\n|-heal|p2a: Garganacl|95\/100|[from] item: Leftovers\n|-damage|p1a: Go to sleep...|24\/100|[from] Salt Cure\n|upkeep\n|turn|5\n|\n|t:|1700213222\n|move|p1a: Go to sleep...|Poltergeist|p2a: Garganacl\n|-activate|p2a: Garganacl|move: Poltergeist|Leftovers\n|-supereffective|p2a: Garganacl\n|-damage|p2a: Garganacl|44\/100\n|move|p2a: Garganacl|Body Press|p1a: Go to sleep...\n|-immune|p1a: Go to sleep...\n|\n|-heal|p2a: Garganacl|50\/100|[from] item: Leftovers\n|-damage|p1a: Go to sleep...|12\/100|[from] Salt Cure\n|upkeep\n|turn|6\n|\n|t:|1700213234\n|move|p1a: Go to sleep...|Destiny Bond|p1a: Go to sleep...\n|-singlemove|p1a: Go to sleep...|Destiny Bond\n|move|p2a: Garganacl|Recover|p2a: Garganacl\n|-heal|p2a: Garganacl|99\/100\n|\n|-heal|p2a: Garganacl|100\/100|[from] item: Leftovers\n|-damage|p1a: Go to sleep...|0 fnt|[from] Salt Cure\n|faint|p1a: Go to sleep...\n|upkeep\n|\n|t:|1700213243\n|switch|p1a: Wanna sip?|Polteageist-Antique|100\/100\n|turn|7\n|\n|t:|1700213257\n|move|p1a: Wanna sip?|Shell Smash|p1a: Wanna sip?\n|-unboost|p1a: Wanna sip?|def|1\n|-unboost|p1a: Wanna sip?|spd|1\n|-boost|p1a: Wanna sip?|atk|2\n|-boost|p1a: Wanna sip?|spa|2\n|-boost|p1a: Wanna sip?|spe|2\n|move|p2a: Garganacl|Salt Cure|p1a: Wanna sip?\n|-damage|p1a: Wanna sip?|65\/100\n|-start|p1a: Wanna sip?|Salt Cure\n|-ability|p1a: Wanna sip?|Weak Armor|boost\n|-unboost|p1a: Wanna sip?|def|1\n|-boost|p1a: Wanna sip?|spe|2\n|\n|-damage|p1a: Wanna sip?|52\/100|[from] Salt Cure\n|upkeep\n|turn|8\n|\n|t:|1700213275\n|move|p1a: Wanna sip?|Shadow Ball|p2a: Garganacl\n|-supereffective|p2a: Garganacl\n|-damage|p2a: Garganacl|39\/100\n|-unboost|p2a: Garganacl|spd|1\n|move|p2a: Garganacl|Recover|p2a: Garganacl\n|-heal|p2a: Garganacl|89\/100\n|\n|-heal|p2a: Garganacl|95\/100|[from] item: Leftovers\n|-damage|p1a: Wanna sip?|40\/100|[from] Salt Cure\n|upkeep\n|turn|9\n|\n|t:|1700213287\n|-terastallize|p1a: Wanna sip?|Ghost\n|move|p1a: Wanna sip?|Shadow Ball|p2a: Garganacl\n|-supereffective|p2a: Garganacl\n|-damage|p2a: Garganacl|0 fnt\n|faint|p2a: Garganacl\n|\n|-damage|p1a: Wanna sip?|28\/100|[from] Salt Cure\n|upkeep\n|\n|t:|1700213298\n|switch|p2a: tears fall|Scizor, F|100\/100\n|turn|10\n|\n|t:|1700213313\n|detailschange|p2a: tears fall|Scizor-Mega, F\n|-mega|p2a: tears fall|Scizor|Scizorite\n|move|p2a: tears fall|Bullet Punch|p1a: Wanna sip?\n|-damage|p1a: Wanna sip?|0 fnt\n|faint|p1a: Wanna sip?\n|\n|upkeep\n|\n|t:|1700213321\n|switch|p1a: Dundy|Skeledirge, M|100\/100\n|turn|11\n|\n|t:|1700213358\n|switch|p2a: her makeup|Kommo-o, F|100\/100\n|move|p1a: Dundy|Torch Song|p2a: her makeup\n|-resisted|p2a: her makeup\n|-damage|p2a: her makeup|81\/100\n|-boost|p1a: Dundy|spa|1\n|\n|upkeep\n|turn|12\n|inactive|Battle timer is ON: inactive players will automatically lose when time's up. (requested by Zenhmaster)\n|\n|t:|1700213392\n|move|p2a: her makeup|Belly Drum|p2a: her makeup\n|-damage|p2a: her makeup|31\/100\n|-setboost|p2a: her makeup|atk|6|[from] move: Belly Drum\n|move|p1a: Dundy|Will-O-Wisp|p2a: her makeup\n|-status|p2a: her makeup|brn\n|\n|-damage|p2a: her makeup|25\/100 brn|[from] brn\n|upkeep\n|-enditem|p2a: her makeup|Salac Berry|[eat]\n|-boost|p2a: her makeup|spe|1|[from] item: Salac Berry\n|turn|13\n|\n|t:|1700213406\n|move|p2a: her makeup|Thunder Punch|p1a: Dundy\n|-damage|p1a: Dundy|89\/100\n|move|p1a: Dundy|Earth Power|p2a: her makeup\n|-damage|p2a: her makeup|0 fnt\n|faint|p2a: her makeup\n|\n|-heal|p1a: Dundy|95\/100|[from] item: Leftovers\n|upkeep\n|\n|t:|1700213418\n|switch|p2a: i don't wanna|Thundurus-Therian, M|100\/100\n|turn|14\n|\n|t:|1700213443\n|move|p2a: i don't wanna|Thunderbolt|p1a: Dundy\n|-damage|p1a: Dundy|32\/100\n|move|p1a: Dundy|Torch Song|p2a: i don't wanna\n|-damage|p2a: i don't wanna|26\/100\n|-boost|p1a: Dundy|spa|1\n|\n|-heal|p1a: Dundy|38\/100|[from] item: Leftovers\n|upkeep\n|turn|15\n|c|\u2606Zenhmaster|GG\n|\n|t:|1700213454\n|move|p2a: i don't wanna|Thunderbolt|p1a: Dundy\n|-damage|p1a: Dundy|0 fnt\n|faint|p1a: Dundy\n|\n|upkeep\n|-message|Zenhmaster forfeited.\n|\n|win|KarmaNightraide\n|raw|KarmaNightraide's rating: 1157 &rarr; <strong>1186<\/strong><br \/>(+29 for winning)\n|raw|Zenhmaster's rating: 1215 &rarr; <strong>1186<\/strong><br \/>(-29 for losing)\n|l|\u2606Zenhmaster\n","uploadtime":1700213474,"views":5,"p1id":"karmanightraide","p2id":"zenhmaster","formatid":"gen9nationaldex","rating":1186,"private":0,"password":""}