{"id":"gen9nationaldex-1993909537","p1":"lmewl2","p2":"aquaman terrestre","format":"[Gen 9] National Dex","log":"|j|\u2606lmewl2\n|j|\u2606aquaman terrestre\n|t:|1700373777\n|gametype|singles\n|player|p1|lmewl2|cheren|1107\n|player|p2|aquaman terrestre|eusine|1069\n|teamsize|p1|6\n|teamsize|p2|6\n|gen|9\n|tier|[Gen 9] National Dex\n|rated|\n|rule|HP Percentage Mod: HP is shown in percentages\n|rule|Endless Battle Clause: Forcing endless battles is banned\n|rule|OHKO Clause: OHKO moves are banned\n|rule|Evasion Clause: Evasion abilities, items, and moves are banned\n|rule|Evasion Abilities Clause: Evasion abilities are banned\n|rule|Evasion Items Clause: Evasion items are banned\n|rule|Evasion Moves Clause: Evasion moves are banned\n|rule|Species Clause: Limit one of each Pok\u00e9mon\n|rule|Sleep Clause Mod: Limit one foe put to sleep\n|clearpoke\n|poke|p1|Charizard, M|\n|poke|p1|Gliscor, M|\n|poke|p1|Zoroark-Hisui, F|\n|poke|p1|Swampert, M|\n|poke|p1|Manectric, F|\n|poke|p1|Gardevoir, F|\n|poke|p2|Swampert, M|\n|poke|p2|Alakazam, M|\n|poke|p2|Mightyena, M|\n|poke|p2|Ninetales-Alola, F|\n|poke|p2|Dusclops, M|\n|poke|p2|Noivern, M|\n|teampreview\n|c|\u2606lmewl2|tu e br\n|c|\u2606lmewl2|?\n|c|\u2606aquaman terrestre|?\n|c|\u2606aquaman terrestre|br?\n|c|\u2606lmewl2|you are brzillian?\n|c|\u2606aquaman terrestre|Varsil?\n|c|\u2606lmewl2|brazilliam\n|\n|t:|1700373846\n|start\n|switch|p1a: cachorro caramelo|Manectric, F|100\/100\n|switch|p2a: Swampert|Swampert, M|100\/100\n|turn|1\n|\n|t:|1700373872\n|detailschange|p2a: Swampert|Swampert-Mega, M\n|-mega|p2a: Swampert|Swampert|Swampertite\n|move|p1a: cachorro caramelo|Nasty Plot|p1a: cachorro caramelo\n|-boost|p1a: cachorro caramelo|spa|2\n|move|p2a: Swampert|Earthquake|p1a: cachorro caramelo\n|-damage|p1a: cachorro caramelo|0 fnt\n|replace|p1a: lobo sad|Zoroark-Hisui, F\n|-end|p1a: lobo sad|Illusion\n|faint|p1a: lobo sad\n|\n|upkeep\n|c|\u2606aquaman terrestre|meu deus eo macaco falante\n|\n|t:|1700373886\n|switch|p1a: morcebode|Gliscor, M|100\/100\n|turn|2\n|c|\u2606aquaman terrestre|maradona>>>pel\u00e9\n|c|\u2606lmewl2|q? kkkk\n|\n|t:|1700373904\n|move|p2a: Swampert|Ice Punch|p1a: morcebode\n|-supereffective|p1a: morcebode\n|-damage|p1a: morcebode|0 fnt\n|faint|p1a: morcebode\n|\n|upkeep\n|\n|t:|1700373913\n|switch|p1a: cachorro caramelo|Manectric, F|100\/100\n|turn|3\n|\n|t:|1700373938\n|switch|p1a: fada peter-pan|Gardevoir, F|100\/100\n|move|p2a: Swampert|Stealth Rock|p1a: fada peter-pan\n|-sidestart|p1: lmewl2|move: Stealth Rock\n|\n|upkeep\n|turn|4\n|c|\u2606aquaman terrestre|copa america 2021\n|\n|t:|1700373952\n|detailschange|p1a: fada peter-pan|Gardevoir-Mega, F\n|-mega|p1a: fada peter-pan|Gardevoir|Gardevoirite\n|move|p1a: fada peter-pan|Psychic|p2a: Swampert\n|-damage|p2a: Swampert|51\/100\n|move|p2a: Swampert|Waterfall|p1a: fada peter-pan\n|-damage|p1a: fada peter-pan|23\/100\n|\n|upkeep\n|turn|5\n|c|\u2606lmewl2|kkkkkkkkk\n|\n|t:|1700373968\n|move|p1a: fada peter-pan|Moonblast|p2a: Swampert\n|-damage|p2a: Swampert|0 fnt\n|faint|p2a: Swampert\n|\n|upkeep\n|inactive|Battle timer is ON: inactive players will automatically lose when time's up. (requested by aquaman terrestre)\n|\n|t:|1700373973\n|switch|p2a: Mightyena|Mightyena, M|100\/100\n|-ability|p2a: Mightyena|Intimidate|boost\n|-unboost|p1a: fada peter-pan|atk|1\n|turn|6\n|\n|t:|1700373983\n|move|p1a: fada peter-pan|Moonblast|p2a: Mightyena\n|-supereffective|p2a: Mightyena\n|-enditem|p2a: Mightyena|Focus Sash\n|-damage|p2a: Mightyena|1\/100\n|-unboost|p2a: Mightyena|spa|1\n|move|p2a: Mightyena|Shadow Ball|p1a: fada peter-pan\n|-supereffective|p1a: fada peter-pan\n|-damage|p1a: fada peter-pan|6\/100\n|\n|upkeep\n|turn|7\n|c|\u2606lmewl2|tu jogo no maradona?\n|\n|t:|1700373995\n|move|p2a: Mightyena|Sucker Punch|p1a: fada peter-pan\n|-damage|p1a: fada peter-pan|0 fnt\n|faint|p1a: fada peter-pan\n|\n|upkeep\n|\n|t:|1700374001\n|switch|p1a: mega sigma|Charizard, M|100\/100\n|-damage|p1a: mega sigma|51\/100|[from] Stealth Rock\n|turn|8\n|c|\u2606aquaman terrestre|idk\n|c|\u2606aquaman terrestre|i can't undersatnd u\n|\n|t:|1700374018\n|move|p2a: Mightyena|Sucker Punch|p1a: mega sigma\n|-damage|p1a: mega sigma|9\/100\n|move|p1a: mega sigma|Flare Blitz|p2a: Mightyena\n|-damage|p2a: Mightyena|0 fnt\n|faint|p2a: Mightyena\n|-damage|p1a: mega sigma|9\/100|[from] Recoil\n|\n|upkeep\n|c|\u2606lmewl2|eu joguei no corinthian\n|inactive|aquaman terrestre has 120 seconds left.\n|c|\u2606aquaman terrestre|I was mocking in case you were from that disgusting country\n|\n|t:|1700374053\n|switch|p2a: Noivern|Noivern, M|100\/100\n|-item|p1a: mega sigma|Charizardite Y|[from] ability: Frisk|[of] p2a: Noivern|[identify]\n|turn|9\n|c|\u2606lmewl2|eu jogo fortnite\n|c|\u2606aquaman terrestre|me too\n|\n|t:|1700374069\n|move|p2a: Noivern|Air Slash|p1a: mega sigma\n|-damage|p1a: mega sigma|0 fnt\n|faint|p1a: mega sigma\n|\n|upkeep\n|\n|t:|1700374076\n|switch|p1a: destroi electri|Swampert, M|100\/100\n|-damage|p1a: destroi electri|94\/100|[from] Stealth Rock\n|turn|10\n|c|\u2606lmewl2|tu conhece a dani?\n|c|\u2606aquaman terrestre|no\n|\n|t:|1700374091\n|switch|p2a: Dusclops|Dusclops, M|100\/100\n|-item|p1a: destroi electri|Swampertite|[from] ability: Frisk|[of] p2a: Dusclops|[identify]\n|move|p1a: destroi electri|Ice Punch|p2a: Dusclops\n|-damage|p2a: Dusclops|85\/100\n|\n|upkeep\n|turn|11\n|c|\u2606lmewl2|como se n conhece vey\n|inactive|lmewl2 has 120 seconds left.\n|\n|t:|1700374112\n|move|p1a: destroi electri|Earthquake|p2a: Dusclops\n|-damage|p2a: Dusclops|55\/100\n|move|p2a: Dusclops|Will-O-Wisp|p1a: destroi electri\n|-status|p1a: destroi electri|brn\n|\n|-damage|p1a: destroi electri|88\/100 brn|[from] brn\n|upkeep\n|turn|12\n|c|\u2606aquaman terrestre|what?\n|inactive|lmewl2 has 120 seconds left.\n|c|\u2606lmewl2|pele e melhor q messi\n|c|\u2606lmewl2|e vapo\n|c|\u2606aquaman terrestre|I don't even understand one word from that shit\n|inactive|aquaman terrestre has 120 seconds left.\n|\n|t:|1700374146\n|move|p1a: destroi electri|Ice Punch|p2a: Dusclops\n|-damage|p2a: Dusclops|47\/100\n|move|p2a: Dusclops|Hex|p1a: destroi electri\n|-damage|p1a: destroi electri|57\/100 brn\n|\n|-damage|p1a: destroi electri|50\/100 brn|[from] brn\n|upkeep\n|turn|13\n|c|\u2606lmewl2|sou brasileiroooooooooooooooo com muito orgulhooooooooooo\n|inactive|lmewl2 has 120 seconds left.\n|\n|t:|1700374158\n|move|p1a: destroi electri|Earthquake|p2a: Dusclops\n|-damage|p2a: Dusclops|31\/100\n|move|p2a: Dusclops|Hex|p1a: destroi electri\n|-damage|p1a: destroi electri|19\/100 brn\n|\n|-damage|p1a: destroi electri|13\/100 brn|[from] brn\n|upkeep\n|turn|14\n|c|\u2606aquaman terrestre|what a shame\n|inactive|lmewl2 has 120 seconds left.\n|inactive|aquaman terrestre has 120 seconds left.\n|\n|t:|1700374183\n|move|p1a: destroi electri|Liquidation|p2a: Dusclops\n|-damage|p2a: Dusclops|18\/100\n|move|p2a: Dusclops|Hex|p1a: destroi electri\n|-damage|p1a: destroi electri|0 fnt\n|faint|p1a: destroi electri\n|\n|upkeep\n|c|\u2606lmewl2|eu sou o wagner do kmnjbhygtcfrdxjnbhvg\n|inactive|lmewl2 has 120 seconds left.\n|c|\u2606aquaman terrestre|favela avarage citizen:\n|c|\u2606lmewl2|tu conhece o mkojnihbugvy\n|\n|t:|1700374198\n|switch|p1a: cachorro caramelo|Manectric, F|100\/100\n|-damage|p1a: cachorro caramelo|88\/100|[from] Stealth Rock\n|turn|15\n|inactive|lmewl2 has 120 seconds left.\n|inactive|aquaman terrestre has 120 seconds left.\n|\n|t:|1700374211\n|move|p1a: cachorro caramelo|Flamethrower|p2a: Dusclops\n|-damage|p2a: Dusclops|6\/100\n|move|p2a: Dusclops|Rest|p2a: Dusclops\n|-status|p2a: Dusclops|slp|[from] move: Rest\n|-heal|p2a: Dusclops|100\/100 slp|[silent]\n|\n|upkeep\n|turn|16\n|inactive|lmewl2 has 120 seconds left.\n|inactive|aquaman terrestre has 120 seconds left.\n|c|\u2606aquaman terrestre|idk\n|\n|t:|1700374236\n|move|p1a: cachorro caramelo|Flamethrower|p2a: Dusclops\n|-damage|p2a: Dusclops|87\/100 slp\n|cant|p2a: Dusclops|slp\n|move|p2a: Dusclops|Sleep Talk|p2a: Dusclops\n|move|p2a: Dusclops|Rest||[from]move: Sleep Talk|[still]\n|-fail|p2a: Dusclops\n|\n|upkeep\n|turn|17\n|inactive|aquaman terrestre has 120 seconds left.\n|c|\u2606lmewl2|messi > monkey d luffy\n|inactive|lmewl2 has 90 seconds left.\n|\n|t:|1700374262\n|move|p1a: cachorro caramelo|Flamethrower|p2a: Dusclops\n|-damage|p2a: Dusclops|73\/100 slp\n|cant|p2a: Dusclops|slp\n|move|p2a: Dusclops|Sleep Talk|p2a: Dusclops\n|move|p2a: Dusclops|Hex|p1a: cachorro caramelo|[from]move: Sleep Talk\n|-damage|p1a: cachorro caramelo|62\/100\n|\n|upkeep\n|turn|18\n|c|\u2606aquaman terrestre|nooooo\n|c|\u2606aquaman terrestre|messi sucks\n|inactive|lmewl2 has 90 seconds left.\n|c|\u2606lmewl2|siiiiiiiiiiiiiiiii\n|c|\u2606aquaman terrestre|luffy goat\n|\n|t:|1700374278\n|move|p1a: cachorro caramelo|Flamethrower|p2a: Dusclops\n|-damage|p2a: Dusclops|61\/100 slp\n|-curestatus|p2a: Dusclops|slp|[msg]\n|move|p2a: Dusclops|Will-O-Wisp|p1a: cachorro caramelo\n|-status|p1a: cachorro caramelo|brn\n|\n|-damage|p1a: cachorro caramelo|56\/100 brn|[from] brn\n|upkeep\n|turn|19\n|inactive|lmewl2 has 90 seconds left.\n|c|\u2606lmewl2|messi stomp!!!!!!!!!!!!!!!!!!\n|inactive|aquaman terrestre has 90 seconds left.\n|\n|t:|1700374302\n|move|p1a: cachorro caramelo|Toxic|p2a: Dusclops\n|-status|p2a: Dusclops|tox\n|move|p2a: Dusclops|Hex|p1a: cachorro caramelo\n|-damage|p1a: cachorro caramelo|5\/100 brn\n|\n|-damage|p2a: Dusclops|55\/100 tox|[from] psn\n|-damage|p1a: cachorro caramelo|0 fnt|[from] brn\n|faint|p1a: cachorro caramelo\n|\n|win|aquaman terrestre\n|upkeep\n|raw|lmewl2's rating: 1107 &rarr; <strong>1079<\/strong><br \/>(-28 for losing)\n|raw|aquaman terrestre's rating: 1069 &rarr; <strong>1102<\/strong><br \/>(+33 for winning)\n|c|\u2606aquaman terrestre|but your \"players\" suck even more\n|c|\u2606aquaman terrestre|goodbye, try not to die in yur way to school through a favela\n","uploadtime":1700374343,"views":7,"p1id":"lmewl2","p2id":"aquamanterrestre","formatid":"gen9nationaldex","rating":1079,"private":0,"password":""}