{"id":"gen9nationaldex-1993830357","p1":"CarnateRiseXD136","p2":"Big dawwwwg","format":"[Gen 9] National Dex","log":"|j|\u2606CarnateRiseXD136\n|j|\u2606Big dawwwwg\n|t:|1700362569\n|gametype|singles\n|player|p1|CarnateRiseXD136|cynthia|1116\n|player|p2|Big dawwwwg|170|1081\n|teamsize|p1|6\n|teamsize|p2|6\n|gen|9\n|tier|[Gen 9] National Dex\n|rated|\n|rule|HP Percentage Mod: HP is shown in percentages\n|rule|Endless Battle Clause: Forcing endless battles is banned\n|rule|OHKO Clause: OHKO moves are banned\n|rule|Evasion Clause: Evasion abilities, items, and moves are banned\n|rule|Evasion Abilities Clause: Evasion abilities are banned\n|rule|Evasion Items Clause: Evasion items are banned\n|rule|Evasion Moves Clause: Evasion moves are banned\n|rule|Species Clause: Limit one of each Pok\u00e9mon\n|rule|Sleep Clause Mod: Limit one foe put to sleep\n|clearpoke\n|poke|p1|Arbok, M|\n|poke|p1|Xurkitree|\n|poke|p1|Grimmsnarl, M|\n|poke|p1|Tapu Lele|\n|poke|p1|Gyarados, M|\n|poke|p1|Landorus-Therian, M|\n|poke|p2|Blaziken, M|\n|poke|p2|Hydreigon, M|\n|poke|p2|Gliscor, M|\n|poke|p2|Garchomp, M|\n|poke|p2|Ferrothorn, M|\n|poke|p2|Toxapex, M|\n|teampreview\n|\n|t:|1700362576\n|start\n|switch|p1a: Grimmsnarl|Grimmsnarl, M, shiny|100\/100\n|switch|p2a: Die|Ferrothorn, M, shiny|100\/100\n|turn|1\n|\n|t:|1700362582\n|move|p1a: Grimmsnarl|Trick|p2a: Die\n|-activate|p1a: Grimmsnarl|move: Trick|[of] p2a: Die\n|-item|p2a: Die|Lagging Tail|[from] move: Trick\n|-item|p1a: Grimmsnarl|Rocky Helmet|[from] move: Trick\n|move|p2a: Die|Leech Seed|p1a: Grimmsnarl\n|-start|p1a: Grimmsnarl|move: Leech Seed\n|\n|-damage|p1a: Grimmsnarl|88\/100|[from] Leech Seed|[of] p2a: Die\n|upkeep\n|turn|2\n|\n|t:|1700362593\n|move|p1a: Grimmsnarl|Reflect|p1a: Grimmsnarl\n|-sidestart|p1: CarnateRiseXD136|Reflect\n|move|p2a: Die|Toxic|p1a: Grimmsnarl\n|-status|p1a: Grimmsnarl|tox\n|\n|-damage|p1a: Grimmsnarl|76\/100 tox|[from] Leech Seed|[of] p2a: Die\n|-damage|p1a: Grimmsnarl|70\/100 tox|[from] psn\n|upkeep\n|turn|3\n|\n|t:|1700362600\n|move|p1a: Grimmsnarl|Light Screen|p1a: Grimmsnarl\n|-sidestart|p1: CarnateRiseXD136|move: Light Screen\n|move|p2a: Die|Spikes|p1a: Grimmsnarl\n|-sidestart|p1: CarnateRiseXD136|Spikes\n|\n|-damage|p1a: Grimmsnarl|57\/100 tox|[from] Leech Seed|[of] p2a: Die\n|-damage|p1a: Grimmsnarl|45\/100 tox|[from] psn\n|upkeep\n|turn|4\n|\n|t:|1700362606\n|switch|p1a: Landorus|Landorus-Therian, M, shiny|100\/100\n|-ability|p1a: Landorus|Intimidate|boost\n|-unboost|p2a: Die|atk|1\n|move|p2a: Die|Spikes|p1a: Landorus\n|-sidestart|p1: CarnateRiseXD136|Spikes\n|\n|upkeep\n|turn|5\n|\n|t:|1700362612\n|move|p1a: Landorus|Earthquake|p2a: Die\n|-damage|p2a: Die|59\/100\n|move|p2a: Die|Leech Seed|p1a: Landorus\n|-start|p1a: Landorus|move: Leech Seed\n|\n|-damage|p1a: Landorus|88\/100|[from] Leech Seed|[of] p2a: Die\n|-heal|p2a: Die|73\/100|[silent]\n|upkeep\n|turn|6\n|\n|t:|1700362619\n|move|p1a: Landorus|Earthquake|p2a: Die\n|-damage|p2a: Die|34\/100\n|move|p2a: Die|Toxic|p1a: Landorus\n|-status|p1a: Landorus|tox\n|\n|-damage|p1a: Landorus|76\/100 tox|[from] Leech Seed|[of] p2a: Die\n|-heal|p2a: Die|47\/100|[silent]\n|-damage|p1a: Landorus|70\/100 tox|[from] psn\n|-sideend|p1: CarnateRiseXD136|Reflect\n|upkeep\n|turn|7\n|\n|t:|1700362630\n|move|p1a: Landorus|Earthquake|p2a: Die\n|-damage|p2a: Die|5\/100\n|move|p2a: Die|Spikes|p1a: Landorus\n|-sidestart|p1: CarnateRiseXD136|Spikes\n|\n|-damage|p1a: Landorus|58\/100 tox|[from] Leech Seed|[of] p2a: Die\n|-heal|p2a: Die|18\/100|[silent]\n|-damage|p1a: Landorus|46\/100 tox|[from] psn\n|-sideend|p1: CarnateRiseXD136|move: Light Screen\n|upkeep\n|turn|8\n|\n|t:|1700362649\n|move|p1a: Landorus|Earthquake|p2a: Die\n|-damage|p2a: Die|0 fnt\n|faint|p2a: Die\n|\n|-damage|p1a: Landorus|28\/100 tox|[from] psn\n|upkeep\n|\n|t:|1700362654\n|switch|p2a: Die x2|Toxapex, M, shiny|100\/100\n|turn|9\n|\n|t:|1700362658\n|move|p1a: Landorus|Defog|p2a: Die x2\n|-unboost|p2a: Die x2|evasion|1\n|-sideend|p1: CarnateRiseXD136|Spikes|[from] move: Defog|[of] p1a: Landorus\n|move|p2a: Die x2|Toxic Spikes|p1a: Landorus\n|-sidestart|p1: CarnateRiseXD136|move: Toxic Spikes\n|\n|-damage|p1a: Landorus|16\/100 tox|[from] Leech Seed|[of] p2a: Die x2\n|-damage|p1a: Landorus|0 fnt|[from] psn\n|faint|p1a: Landorus\n|upkeep\n|\n|t:|1700362664\n|switch|p1a: Arbok|Arbok, M, shiny|100\/100\n|-sideend|p1: CarnateRiseXD136|move: Toxic Spikes|[of] p1a: Arbok\n|-ability|p1a: Arbok|Intimidate|boost\n|-unboost|p2a: Die x2|atk|1\n|turn|10\n|\n|t:|1700362674\n|move|p2a: Die x2|Baneful Bunker|p2a: Die x2\n|-singleturn|p2a: Die x2|move: Protect\n|move|p1a: Arbok|Coil|p1a: Arbok\n|-boost|p1a: Arbok|atk|1\n|-boost|p1a: Arbok|def|1\n|-boost|p1a: Arbok|accuracy|1\n|\n|upkeep\n|turn|11\n|\n|t:|1700362685\n|move|p1a: Arbok|Coil|p1a: Arbok\n|-boost|p1a: Arbok|atk|1\n|-boost|p1a: Arbok|def|1\n|-boost|p1a: Arbok|accuracy|1\n|move|p2a: Die x2|Hex|p1a: Arbok\n|-damage|p1a: Arbok|86\/100\n|\n|upkeep\n|turn|12\n|\n|t:|1700362694\n|move|p1a: Arbok|Coil|p1a: Arbok\n|-boost|p1a: Arbok|atk|1\n|-boost|p1a: Arbok|def|1\n|-boost|p1a: Arbok|accuracy|1\n|move|p2a: Die x2|Toxic Spikes|p1a: Arbok\n|-sidestart|p1: CarnateRiseXD136|move: Toxic Spikes\n|\n|upkeep\n|turn|13\n|\n|t:|1700362700\n|move|p1a: Arbok|Scale Shot|p2a: Die x2\n|-damage|p2a: Die x2|88\/100\n|-damage|p2a: Die x2|73\/100\n|-damage|p2a: Die x2|60\/100\n|-damage|p2a: Die x2|46\/100\n|-hitcount|p2a: Die x2|4\n|-unboost|p1a: Arbok|def|1\n|-boost|p1a: Arbok|spe|1\n|move|p2a: Die x2|Hex|p1a: Arbok\n|-damage|p1a: Arbok|71\/100\n|\n|upkeep\n|turn|14\n|\n|t:|1700362712\n|move|p2a: Die x2|Baneful Bunker|p2a: Die x2\n|-singleturn|p2a: Die x2|move: Protect\n|move|p1a: Arbok|Coil|p1a: Arbok\n|-boost|p1a: Arbok|atk|1\n|-boost|p1a: Arbok|def|1\n|-boost|p1a: Arbok|accuracy|1\n|\n|upkeep\n|turn|15\n|\n|t:|1700362719\n|-terastallize|p1a: Arbok|Dragon\n|move|p1a: Arbok|Scale Shot|p2a: Die x2\n|-crit|p2a: Die x2\n|-damage|p2a: Die x2|8\/100\n|-damage|p2a: Die x2|0 fnt\n|faint|p2a: Die x2\n|-hitcount|p2: Die x2|2\n|-unboost|p1a: Arbok|def|1\n|-boost|p1a: Arbok|spe|1\n|\n|upkeep\n|c|\u2606CarnateRiseXD136|FINALLY\n|\n|t:|1700362734\n|switch|p2a: Weeeeeehaw|Garchomp, M, shiny|100\/100\n|turn|16\n|c|\u2606CarnateRiseXD136|A CHANCE FOR ARBOK\n|\n|t:|1700362750\n|detailschange|p2a: Weeeeeehaw|Garchomp-Mega, M, shiny\n|-mega|p2a: Weeeeeehaw|Garchomp|Garchompite\n|move|p1a: Arbok|Scale Shot|p2a: Weeeeeehaw\n|-supereffective|p2a: Weeeeeehaw\n|-damage|p2a: Weeeeeehaw|47\/100\n|-supereffective|p2a: Weeeeeehaw\n|-damage|p2a: Weeeeeehaw|0 fnt\n|faint|p2a: Weeeeeehaw\n|-hitcount|p2: Weeeeeehaw|2\n|-unboost|p1a: Arbok|def|1\n|-boost|p1a: Arbok|spe|1\n|\n|upkeep\n|inactive|Battle timer is ON: inactive players will automatically lose when time's up. (requested by CarnateRiseXD136)\n|\n|t:|1700362763\n|switch|p2a: Best boi|Hydreigon, M, shiny|100\/100\n|turn|17\n|\n|t:|1700362771\n|move|p1a: Arbok|Scale Shot|p2a: Best boi\n|-supereffective|p2a: Best boi\n|-damage|p2a: Best boi|23\/100\n|-supereffective|p2a: Best boi\n|-damage|p2a: Best boi|0 fnt\n|faint|p2a: Best boi\n|-hitcount|p2: Best boi|2\n|-unboost|p1a: Arbok|def|1\n|-boost|p1a: Arbok|spe|1\n|\n|upkeep\n|\n|t:|1700362779\n|switch|p2a: Nugget|Blaziken, M, shiny|100\/100\n|turn|18\n|\n|t:|1700362788\n|move|p1a: Arbok|Earthquake|p2a: Nugget\n|-supereffective|p2a: Nugget\n|-damage|p2a: Nugget|0 fnt\n|faint|p2a: Nugget\n|\n|upkeep\n|c|\u2606Big dawwwwg|Ok\n|c|\u2606Big dawwwwg|wow\n|\n|t:|1700362807\n|switch|p2a: Kill me now|Gliscor, M, shiny|100\/100\n|turn|19\n|c|\u2606CarnateRiseXD136|ive battled like 5 people tryina get this thing in\n|\n|t:|1700362818\n|-terastallize|p2a: Kill me now|Steel\n|move|p1a: Arbok|Scale Shot|p2a: Kill me now\n|-resisted|p2a: Kill me now\n|-damage|p2a: Kill me now|85\/100\n|-resisted|p2a: Kill me now\n|-damage|p2a: Kill me now|70\/100\n|-resisted|p2a: Kill me now\n|-damage|p2a: Kill me now|54\/100\n|-resisted|p2a: Kill me now\n|-damage|p2a: Kill me now|38\/100\n|-hitcount|p2a: Kill me now|4\n|-unboost|p1a: Arbok|def|1\n|-boost|p1a: Arbok|spe|1\n|move|p2a: Kill me now|Substitute|p2a: Kill me now\n|-start|p2a: Kill me now|Substitute\n|-damage|p2a: Kill me now|13\/100\n|\n|upkeep\n|turn|20\n|\n|t:|1700362835\n|move|p1a: Arbok|Scale Shot|p2a: Kill me now\n|-resisted|p2a: Kill me now\n|-activate|p2a: Kill me now|move: Substitute|[damage]\n|-resisted|p2a: Kill me now\n|-end|p2a: Kill me now|Substitute\n|-resisted|p2a: Kill me now\n|-damage|p2a: Kill me now|0 fnt\n|faint|p2a: Kill me now\n|-hitcount|p2: Kill me now|3\n|\n|win|CarnateRiseXD136\n|raw|CarnateRiseXD136's rating: 1116 &rarr; <strong>1138<\/strong><br \/>(+22 for winning)\n|raw|Big dawwwwg's rating: 1081 &rarr; <strong>1061<\/strong><br \/>(-20 for losing)\n|c|\u2606CarnateRiseXD136|ggs\n","uploadtime":1700362845,"views":15,"p1id":"carnaterisexd136","p2id":"bigdawwwwg","formatid":"gen9nationaldex","rating":1061,"private":0,"password":""}