{"id":"gen9nationaldex-1993371439","p1":"zhiwa1","p2":"Forever1506","format":"[Gen 9] National Dex","log":"|j|\u2606zhiwa1\n|j|\u2606Forever1506\n|t:|1700307782\n|gametype|singles\n|player|p1|zhiwa1|170|1399\n|player|p2|Forever1506|101|1388\n|teamsize|p1|6\n|teamsize|p2|6\n|gen|9\n|tier|[Gen 9] National Dex\n|rated|\n|rule|HP Percentage Mod: HP is shown in percentages\n|rule|Endless Battle Clause: Forcing endless battles is banned\n|rule|OHKO Clause: OHKO moves are banned\n|rule|Evasion Clause: Evasion abilities, items, and moves are banned\n|rule|Evasion Abilities Clause: Evasion abilities are banned\n|rule|Evasion Items Clause: Evasion items are banned\n|rule|Evasion Moves Clause: Evasion moves are banned\n|rule|Species Clause: Limit one of each Pok\u00e9mon\n|rule|Sleep Clause Mod: Limit one foe put to sleep\n|clearpoke\n|poke|p1|Landorus-Therian, M|\n|poke|p1|Gallade, M|\n|poke|p1|Sneasler, M|\n|poke|p1|Rillaboom, M|\n|poke|p1|Zapdos|\n|poke|p1|Heatran, F|\n|poke|p2|Charizard, M|\n|poke|p2|Hatterene, F|\n|poke|p2|Iron Moth|\n|poke|p2|Ninetales, M|\n|poke|p2|Arcanine-Hisui, F|\n|poke|p2|Lilligant-Hisui, F|\n|teampreview\n|inactive|Battle timer is ON: inactive players will automatically lose when time's up. (requested by zhiwa1)\n|\n|t:|1700307812\n|start\n|switch|p1a: Landorus|Landorus-Therian, M|100\/100\n|switch|p2a: Ninetales|Ninetales, M|100\/100\n|-weather|SunnyDay|[from] ability: Drought|[of] p2a: Ninetales\n|-ability|p1a: Landorus|Intimidate|boost\n|-unboost|p2a: Ninetales|atk|1\n|turn|1\n|\n|t:|1700307827\n|switch|p2a: Hatterene|Hatterene, F|100\/100\n|move|p1a: Landorus|Stealth Rock|p2a: Hatterene\n|move|p2a: Hatterene|Stealth Rock|p1a: Landorus|[from]ability: Magic Bounce\n|-sidestart|p1: zhiwa1|move: Stealth Rock\n|\n|-weather|SunnyDay|[upkeep]\n|upkeep\n|turn|2\n|\n|t:|1700307838\n|move|p1a: Landorus|U-turn|p2a: Hatterene\n|-damage|p2a: Hatterene|81\/100\n|-enditem|p2a: Hatterene|Eject Button\n|\n|t:|1700307843\n|switch|p2a: Lilligant|Lilligant-Hisui, F|100\/100\n|\n|-weather|SunnyDay|[upkeep]\n|upkeep\n|turn|3\n|\n|t:|1700307850\n|switch|p1a: Zapdos|Zapdos|100\/100\n|move|p2a: Lilligant|Victory Dance|p2a: Lilligant\n|-boost|p2a: Lilligant|atk|1\n|-boost|p2a: Lilligant|def|1\n|-boost|p2a: Lilligant|spe|1\n|\n|-weather|SunnyDay|[upkeep]\n|upkeep\n|turn|4\n|\n|t:|1700307863\n|move|p2a: Lilligant|Ice Spinner|p1a: Zapdos\n|-supereffective|p1a: Zapdos\n|-damage|p1a: Zapdos|27\/100\n|-damage|p2a: Lilligant|91\/100|[from] item: Life Orb\n|move|p1a: Zapdos|Roost|p1a: Zapdos\n|-heal|p1a: Zapdos|77\/100\n|-singleturn|p1a: Zapdos|move: Roost\n|\n|-weather|SunnyDay|[upkeep]\n|upkeep\n|turn|5\n|\n|t:|1700307888\n|-terastallize|p1a: Zapdos|Water\n|move|p2a: Lilligant|Ice Spinner|p1a: Zapdos\n|-resisted|p1a: Zapdos\n|-damage|p1a: Zapdos|59\/100\n|-damage|p2a: Lilligant|81\/100|[from] item: Life Orb\n|move|p1a: Zapdos|Hidden Power|p2a: Lilligant\n|-supereffective|p2a: Lilligant\n|-crit|p2a: Lilligant\n|-damage|p2a: Lilligant|5\/100\n|\n|-weather|SunnyDay|[upkeep]\n|upkeep\n|turn|6\n|\n|t:|1700307906\n|switch|p1a: Landorus|Landorus-Therian, M|100\/100\n|-damage|p1a: Landorus|88\/100|[from] Stealth Rock\n|-ability|p1a: Landorus|Intimidate|boost\n|-unboost|p2a: Lilligant|atk|1\n|move|p2a: Lilligant|Leaf Blade|p1a: Landorus\n|-damage|p1a: Landorus|45\/100\n|-damage|p2a: Lilligant|0 fnt|[from] item: Rocky Helmet|[of] p1a: Landorus\n|faint|p2a: Lilligant\n|\n|-weather|SunnyDay|[upkeep]\n|upkeep\n|\n|t:|1700307923\n|switch|p2a: Arcanine|Arcanine-Hisui, F|100\/100\n|turn|7\n|\n|t:|1700307933\n|switch|p1a: Heatran|Heatran, F|100\/100\n|-damage|p1a: Heatran|88\/100|[from] Stealth Rock\n|move|p2a: Arcanine|Head Smash|p1a: Heatran\n|-damage|p1a: Heatran|23\/100\n|\n|-weather|SunnyDay|[upkeep]\n|-heal|p1a: Heatran|30\/100|[from] item: Leftovers\n|upkeep\n|turn|8\n|\n|t:|1700307944\n|move|p1a: Heatran|Protect|p1a: Heatran\n|-singleturn|p1a: Heatran|Protect\n|move|p2a: Arcanine|Head Smash|p1a: Heatran\n|-activate|p1a: Heatran|move: Protect\n|\n|-weather|none\n|-heal|p1a: Heatran|36\/100|[from] item: Leftovers\n|upkeep\n|turn|9\n|\n|t:|1700307957\n|switch|p1a: Landorus|Landorus-Therian, M|45\/100\n|-damage|p1a: Landorus|33\/100|[from] Stealth Rock\n|-ability|p1a: Landorus|Intimidate|boost\n|-unboost|p2a: Arcanine|atk|1\n|move|p2a: Arcanine|Head Smash|p1a: Landorus\n|-damage|p1a: Landorus|2\/100\n|-damage|p2a: Arcanine|84\/100|[from] item: Rocky Helmet|[of] p1a: Landorus\n|\n|upkeep\n|turn|10\n|\n|t:|1700307972\n|move|p2a: Arcanine|Head Smash|p1a: Landorus\n|-damage|p1a: Landorus|0 fnt\n|-damage|p2a: Arcanine|67\/100|[from] item: Rocky Helmet|[of] p1a: Landorus\n|faint|p1a: Landorus\n|\n|upkeep\n|\n|t:|1700307979\n|switch|p1a: Gallade|Gallade, M, shiny|100\/100\n|-damage|p1a: Gallade|94\/100|[from] Stealth Rock\n|turn|11\n|\n|t:|1700307990\n|switch|p2a: Ninetales|Ninetales, M|100\/100\n|-weather|SunnyDay|[from] ability: Drought|[of] p2a: Ninetales\n|detailschange|p1a: Gallade|Gallade-Mega, M, shiny\n|-mega|p1a: Gallade|Gallade|Galladite\n|move|p1a: Gallade|Swords Dance|p1a: Gallade\n|-boost|p1a: Gallade|atk|2\n|\n|-weather|SunnyDay|[upkeep]\n|upkeep\n|turn|12\n|j| fyzmelm\n|\n|t:|1700308008\n|move|p1a: Gallade|Zen Headbutt|p2a: Ninetales\n|-damage|p2a: Ninetales|0 fnt\n|faint|p2a: Ninetales\n|\n|-weather|SunnyDay|[upkeep]\n|upkeep\n|\n|t:|1700308020\n|switch|p2a: Arcanine|Arcanine-Hisui, F|67\/100\n|turn|13\n|\n|t:|1700308038\n|switch|p1a: Heatran|Heatran, F|36\/100\n|-damage|p1a: Heatran|23\/100|[from] Stealth Rock\n|move|p2a: Arcanine|Flare Blitz|p1a: Heatran\n|-start|p1a: Heatran|ability: Flash Fire\n|\n|-weather|SunnyDay|[upkeep]\n|-heal|p1a: Heatran|30\/100|[from] item: Leftovers\n|upkeep\n|turn|14\n|\n|t:|1700308058\n|switch|p2a: Iron Moth|Iron Moth|100\/100\n|-enditem|p2a: Iron Moth|Booster Energy\n|-activate|p2a: Iron Moth|ability: Quark Drive|[fromitem]\n|-start|p2a: Iron Moth|quarkdrivespa\n|move|p1a: Heatran|Magma Storm|p2a: Iron Moth\n|-resisted|p2a: Iron Moth\n|-damage|p2a: Iron Moth|48\/100\n|-activate|p2a: Iron Moth|move: Magma Storm|[of] p1a: Heatran\n|\n|-weather|SunnyDay|[upkeep]\n|-heal|p1a: Heatran|36\/100|[from] item: Leftovers\n|-damage|p2a: Iron Moth|36\/100|[from] move: Magma Storm|[partiallytrapped]\n|upkeep\n|turn|15\n|\n|t:|1700308070\n|move|p1a: Heatran|Protect|p1a: Heatran\n|-singleturn|p1a: Heatran|Protect\n|move|p2a: Iron Moth|Discharge|p1a: Heatran\n|-activate|p1a: Heatran|move: Protect\n|\n|-weather|SunnyDay|[upkeep]\n|-heal|p1a: Heatran|42\/100|[from] item: Leftovers\n|-damage|p2a: Iron Moth|23\/100|[from] move: Magma Storm|[partiallytrapped]\n|upkeep\n|turn|16\n|\n|t:|1700308081\n|move|p2a: Iron Moth|Discharge|p1a: Heatran\n|-damage|p1a: Heatran|20\/100\n|move|p1a: Heatran|Earth Power|p2a: Iron Moth\n|-supereffective|p2a: Iron Moth\n|-damage|p2a: Iron Moth|0 fnt\n|faint|p2a: Iron Moth\n|-end|p2a: Iron Moth|Quark Drive|[silent]\n|\n|-weather|SunnyDay|[upkeep]\n|-heal|p1a: Heatran|26\/100|[from] item: Leftovers\n|upkeep\n|\n|t:|1700308096\n|switch|p2a: Charizard|Charizard, M|100\/100\n|turn|17\n|inactive|zhiwa1 has 120 seconds left.\n|\n|t:|1700308125\n|-end|p1a: Heatran|ability: Flash Fire|[silent]\n|switch|p1a: Zapdos|Zapdos, tera:Water|59\/100\n|detailschange|p2a: Charizard|Charizard-Mega-Y, M\n|-mega|p2a: Charizard|Charizard|Charizardite Y\n|move|p2a: Charizard|Scorching Sands|p1a: Zapdos\n|-damage|p1a: Zapdos|33\/100\n|\n|-weather|SunnyDay|[upkeep]\n|upkeep\n|turn|18\n|inactive|zhiwa1 has 120 seconds left.\n|\n|t:|1700308146\n|switch|p1a: Heatran|Heatran, F|26\/100\n|-damage|p1a: Heatran|13\/100|[from] Stealth Rock\n|move|p2a: Charizard|Solar Beam||[still]\n|-prepare|p2a: Charizard|Solar Beam\n|-anim|p2a: Charizard|Solar Beam|p1a: Heatran\n|-resisted|p1a: Heatran\n|-damage|p1a: Heatran|6\/100\n|\n|-weather|none\n|-heal|p1a: Heatran|12\/100|[from] item: Leftovers\n|upkeep\n|turn|19\n|inactive|zhiwa1 has 120 seconds left.\n|\n|t:|1700308158\n|switch|p2a: Hatterene|Hatterene, F|81\/100\n|move|p1a: Heatran|Toxic|p2a: Hatterene\n|move|p2a: Hatterene|Toxic|p1a: Heatran|[from]ability: Magic Bounce\n|-immune|p1a: Heatran\n|\n|-heal|p1a: Heatran|18\/100|[from] item: Leftovers\n|upkeep\n|turn|20\n|inactive|zhiwa1 has 120 seconds left.\n|\n|t:|1700308173\n|move|p1a: Heatran|Protect|p1a: Heatran\n|-singleturn|p1a: Heatran|Protect\n|move|p2a: Hatterene|Nuzzle|p1a: Heatran\n|-activate|p1a: Heatran|move: Protect\n|\n|-heal|p1a: Heatran|24\/100|[from] item: Leftovers\n|upkeep\n|turn|21\n|\n|t:|1700308180\n|move|p1a: Heatran|Magma Storm|p2a: Hatterene|[miss]\n|-miss|p1a: Heatran|p2a: Hatterene\n|move|p2a: Hatterene|Nuzzle|p1a: Heatran\n|-damage|p1a: Heatran|21\/100\n|-status|p1a: Heatran|par\n|\n|-heal|p1a: Heatran|27\/100 par|[from] item: Leftovers\n|upkeep\n|turn|22\n|\n|t:|1700308189\n|move|p2a: Hatterene|Psyshock|p1a: Heatran\n|-resisted|p1a: Heatran\n|-damage|p1a: Heatran|13\/100 par\n|cant|p1a: Heatran|par\n|\n|-heal|p1a: Heatran|19\/100 par|[from] item: Leftovers\n|upkeep\n|turn|23\n|\n|t:|1700308199\n|move|p2a: Hatterene|Psyshock|p1a: Heatran\n|-resisted|p1a: Heatran\n|-damage|p1a: Heatran|4\/100 par\n|move|p1a: Heatran|Magma Storm|p2a: Hatterene\n|-damage|p2a: Hatterene|39\/100\n|-activate|p2a: Hatterene|move: Magma Storm|[of] p1a: Heatran\n|\n|-heal|p1a: Heatran|10\/100 par|[from] item: Leftovers\n|-damage|p2a: Hatterene|27\/100|[from] move: Magma Storm|[partiallytrapped]\n|upkeep\n|turn|24\n|\n|t:|1700308215\n|move|p1a: Heatran|Protect|p1a: Heatran\n|-singleturn|p1a: Heatran|Protect\n|move|p2a: Hatterene|Psyshock|p1a: Heatran\n|-activate|p1a: Heatran|move: Protect\n|\n|-heal|p1a: Heatran|17\/100 par|[from] item: Leftovers\n|-damage|p2a: Hatterene|14\/100|[from] move: Magma Storm|[partiallytrapped]\n|upkeep\n|turn|25\n|inactive|zhiwa1 has 120 seconds left.\n|\n|t:|1700308243\n|switch|p1a: Rillaboom|Rillaboom, M|100\/100\n|-damage|p1a: Rillaboom|88\/100|[from] Stealth Rock\n|-fieldstart|move: Grassy Terrain|[from] ability: Grassy Surge|[of] p1a: Rillaboom\n|move|p2a: Hatterene|Psyshock|p1a: Rillaboom\n|-damage|p1a: Rillaboom|52\/100\n|\n|-heal|p1a: Rillaboom|58\/100|[from] Grassy Terrain\n|-heal|p2a: Hatterene|20\/100|[from] Grassy Terrain\n|-end|p2a: Hatterene|Magma Storm|[partiallytrapped]|[silent]\n|upkeep\n|turn|26\n|inactive|zhiwa1 has 120 seconds left.\n|\n|t:|1700308259\n|move|p1a: Rillaboom|U-turn|p2a: Hatterene\n|-damage|p2a: Hatterene|0 fnt\n|faint|p2a: Hatterene\n|\n|t:|1700308273\n|switch|p1a: Sneasler|Sneasler, M|100\/100|[from] U-turn\n|-damage|p1a: Sneasler|95\/100|[from] Stealth Rock\n|-enditem|p1a: Sneasler|Grassy Seed\n|-boost|p1a: Sneasler|def|1|[from] item: Grassy Seed\n|\n|-heal|p1a: Sneasler|100\/100|[from] Grassy Terrain\n|upkeep\n|\n|t:|1700308276\n|switch|p2a: Charizard|Charizard-Mega-Y, M|100\/100\n|-weather|SunnyDay|[from] ability: Drought|[of] p2a: Charizard\n|turn|27\n|inactive|zhiwa1 has 120 seconds left.\n|\n|t:|1700308292\n|move|p1a: Sneasler|Dire Claw|p2a: Charizard\n|-damage|p2a: Charizard|38\/100\n|-status|p2a: Charizard|par\n|move|p2a: Charizard|Weather Ball|p1a: Sneasler\n|-damage|p1a: Sneasler|0 fnt\n|faint|p1a: Sneasler\n|\n|-weather|SunnyDay|[upkeep]\n|upkeep\n|\n|t:|1700308303\n|switch|p1a: Gallade|Gallade-Mega, M, shiny|94\/100\n|-damage|p1a: Gallade|88\/100|[from] Stealth Rock\n|turn|28\n|\n|t:|1700308312\n|move|p1a: Gallade|Zen Headbutt|p2a: Charizard\n|-damage|p2a: Charizard|0 fnt\n|faint|p2a: Charizard\n|\n|-weather|SunnyDay|[upkeep]\n|-heal|p1a: Gallade|94\/100|[from] Grassy Terrain\n|upkeep\n|\n|t:|1700308315\n|switch|p2a: Arcanine|Arcanine-Hisui, F|67\/100\n|turn|29\n|inactive|zhiwa1 has 120 seconds left.\n|\n|t:|1700308326\n|switch|p1a: Heatran|Heatran, F|17\/100 par\n|-damage|p1a: Heatran|4\/100 par|[from] Stealth Rock\n|-terastallize|p2a: Arcanine|Fire\n|move|p2a: Arcanine|Double-Edge|p1a: Heatran\n|-resisted|p1a: Heatran\n|-damage|p1a: Heatran|0 fnt\n|faint|p1a: Heatran\n|\n|-weather|SunnyDay|[upkeep]\n|-heal|p2a: Arcanine|73\/100|[from] Grassy Terrain\n|-fieldend|move: Grassy Terrain\n|upkeep\n|inactive|zhiwa1 has 120 seconds left.\n|\n|t:|1700308350\n|switch|p1a: Zapdos|Zapdos, tera:Water|33\/100\n|turn|30\n|\n|t:|1700308358\n|move|p2a: Arcanine|Double-Edge|p1a: Zapdos\n|-damage|p1a: Zapdos|4\/100\n|-status|p2a: Arcanine|par|[from] ability: Static|[of] p1a: Zapdos\n|move|p1a: Zapdos|Roost|p1a: Zapdos\n|-heal|p1a: Zapdos|54\/100\n|\n|-weather|SunnyDay|[upkeep]\n|upkeep\n|turn|31\n|inactive|zhiwa1 has 120 seconds left.\n|-message|Forever1506 forfeited.\n|\n|win|zhiwa1\n|raw|zhiwa1's rating: 1399 &rarr; <strong>1418<\/strong><br \/>(+19 for winning)\n|raw|Forever1506's rating: 1388 &rarr; <strong>1369<\/strong><br \/>(-19 for losing)\n|l|\u2606Forever1506\n","uploadtime":1700308482,"views":6,"p1id":"zhiwa1","p2id":"forever1506","formatid":"gen9nationaldex","rating":1369,"private":0,"password":""}