{"id":"gen9nationaldex-1998909480","p1":"Jeyley","p2":"Dark Umbreon 08","format":"[Gen 9] National Dex","log":"|html|<div class=\"broadcast-blue\"><strong>[Gen 9] National Dex is currently suspecting Sneasler! For information on how to participate check out the <a href=\"https:\/\/www.smogon.com\/forums\/threads\/sv-national-dex-suspect-8-just-dance.3731534\/\">suspect thread<\/a>.<\/strong><\/div>\n|j|\u2606Jeyley\n|j|\u2606Dark Umbreon 08\n|t:|1701011836\n|gametype|singles\n|player|p1|Jeyley|silver|1319\n|player|p2|Dark Umbreon 08|lass-gen4dp|1254\n|teamsize|p1|6\n|teamsize|p2|6\n|gen|9\n|tier|[Gen 9] National Dex\n|rated|\n|rule|HP Percentage Mod: HP is shown in percentages\n|rule|Endless Battle Clause: Forcing endless battles is banned\n|rule|OHKO Clause: OHKO moves are banned\n|rule|Evasion Clause: Evasion abilities, items, and moves are banned\n|rule|Evasion Abilities Clause: Evasion abilities are banned\n|rule|Evasion Items Clause: Evasion items are banned\n|rule|Evasion Moves Clause: Evasion moves are banned\n|rule|Species Clause: Limit one of each Pok\u00e9mon\n|rule|Sleep Clause Mod: Limit one foe put to sleep\n|clearpoke\n|poke|p1|Venusaur, M|\n|poke|p1|Gyarados, M|\n|poke|p1|Heracross, M|\n|poke|p1|Flygon, M|\n|poke|p1|Bisharp, M|\n|poke|p1|Talonflame, M|\n|poke|p2|Yanmega, F|\n|poke|p2|Feraligatr, F|\n|poke|p2|Eiscue, F|\n|poke|p2|Kecleon, M|\n|poke|p2|Scolipede, M|\n|poke|p2|Staraptor, M|\n|teampreview\n|inactive|Battle timer is ON: inactive players will automatically lose when time's up. (requested by Dark Umbreon 08)\n|j| ZambiaZard\n|\n|t:|1701011847\n|start\n|switch|p1a: Hercules|Heracross, M|100\/100\n|switch|p2a: Chill Penguin|Eiscue, F|100\/100\n|turn|1\n|\n|t:|1701011877\n|move|p1a: Hercules|Brick Break|p2a: Chill Penguin\n|-activate|p2a: Chill Penguin|ability: Ice Face\n|-damage|p2a: Chill Penguin|100\/100\n|detailschange|p2a: Chill Penguin|Eiscue-Noice, F\n|move|p2a: Chill Penguin|Hail|p2a: Chill Penguin\n|-weather|Hail\n|-activate|p2a: Chill Penguin|ability: Ice Face\n|detailschange|p2a: Chill Penguin|Eiscue, F\n|\n|-weather|Hail|[upkeep]\n|-damage|p1a: Hercules|95\/100|[from] Hail\n|-status|p1a: Hercules|brn|[from] item: Flame Orb\n|upkeep\n|turn|2\n|\n|t:|1701011890\n|move|p1a: Hercules|Brick Break|p2a: Chill Penguin\n|-activate|p2a: Chill Penguin|ability: Ice Face\n|-damage|p2a: Chill Penguin|100\/100\n|detailschange|p2a: Chill Penguin|Eiscue-Noice, F\n|move|p2a: Chill Penguin|Substitute|p2a: Chill Penguin\n|-start|p2a: Chill Penguin|Substitute\n|-damage|p2a: Chill Penguin|75\/100\n|\n|-weather|Hail|[upkeep]\n|-damage|p1a: Hercules|89\/100 brn|[from] Hail\n|-damage|p1a: Hercules|83\/100 brn|[from] brn\n|upkeep\n|turn|3\n|\n|t:|1701011902\n|move|p2a: Chill Penguin|Belly Drum|p2a: Chill Penguin\n|-damage|p2a: Chill Penguin|25\/100\n|-setboost|p2a: Chill Penguin|atk|6|[from] move: Belly Drum\n|-enditem|p2a: Chill Penguin|Salac Berry|[eat]\n|-boost|p2a: Chill Penguin|spe|1|[from] item: Salac Berry\n|move|p1a: Hercules|Brick Break|p2a: Chill Penguin\n|-supereffective|p2a: Chill Penguin\n|-end|p2a: Chill Penguin|Substitute\n|\n|-weather|Hail|[upkeep]\n|-damage|p1a: Hercules|77\/100 brn|[from] Hail\n|-damage|p1a: Hercules|71\/100 brn|[from] brn\n|upkeep\n|turn|4\n|\n|t:|1701011915\n|move|p2a: Chill Penguin|Icicle Crash|p1a: Hercules\n|-damage|p1a: Hercules|0 fnt\n|faint|p1a: Hercules\n|\n|-weather|Hail|[upkeep]\n|upkeep\n|\n|t:|1701011921\n|switch|p1a: Flash|Bisharp, M|100\/100\n|turn|5\n|\n|t:|1701011944\n|move|p2a: Chill Penguin|Icicle Crash|p1a: Flash\n|-resisted|p1a: Flash\n|-damage|p1a: Flash|14\/100\n|move|p1a: Flash|Iron Head|p2a: Chill Penguin\n|-supereffective|p2a: Chill Penguin\n|-damage|p2a: Chill Penguin|0 fnt\n|faint|p2a: Chill Penguin\n|\n|-weather|none\n|upkeep\n|\n|t:|1701011949\n|switch|p2a: Sting Chameleon|Kecleon, M|100\/100\n|turn|6\n|inactive|Jeyley has 120 seconds left.\n|\n|t:|1701011997\n|move|p2a: Sting Chameleon|Fake Out|p1a: Flash\n|-resisted|p1a: Flash\n|-damage|p1a: Flash|2\/100\n|cant|p1a: Flash|flinch\n|\n|upkeep\n|turn|7\n|\n|t:|1701012003\n|move|p2a: Sting Chameleon|Shadow Sneak|p1a: Flash\n|-resisted|p1a: Flash\n|-damage|p1a: Flash|0 fnt\n|faint|p1a: Flash\n|\n|upkeep\n|\n|t:|1701012009\n|switch|p1a: Leviatan|Gyarados, M, shiny|100\/100\n|turn|8\n|\n|t:|1701012023\n|move|p1a: Leviatan|Dragon Dance|p1a: Leviatan\n|-boost|p1a: Leviatan|atk|1\n|-boost|p1a: Leviatan|spe|1\n|move|p2a: Sting Chameleon|Power-Up Punch|p1a: Leviatan\n|-resisted|p1a: Leviatan\n|-damage|p1a: Leviatan|93\/100\n|-boost|p2a: Sting Chameleon|atk|1\n|\n|-heal|p1a: Leviatan|99\/100|[from] item: Leftovers\n|upkeep\n|turn|9\n|inactive|Jeyley has 120 seconds left.\n|\n|t:|1701012055\n|switch|p2a: Wheel Gator|Feraligatr, F|100\/100\n|move|p1a: Leviatan|Waterfall|p2a: Wheel Gator\n|-resisted|p2a: Wheel Gator\n|-damage|p2a: Wheel Gator|64\/100\n|\n|-heal|p1a: Leviatan|100\/100|[from] item: Leftovers\n|upkeep\n|turn|10\n|inactive|Jeyley has 90 seconds left.\n|inactive|Jeyley has 60 seconds left.\n|\n|t:|1701012121\n|switch|p2a: Commander Yammark|Yanmega, F|100\/100\n|move|p1a: Leviatan|Earthquake|p2a: Commander Yammark\n|-immune|p2a: Commander Yammark\n|\n|upkeep\n|turn|11\n|\n|t:|1701012129\n|move|p2a: Commander Yammark|Protect|p2a: Commander Yammark\n|-singleturn|p2a: Commander Yammark|Protect\n|move|p1a: Leviatan|Ice Fang|p2a: Commander Yammark\n|-activate|p2a: Commander Yammark|move: Protect\n|\n|upkeep\n|turn|12\n|\n|t:|1701012137\n|switch|p2a: Wheel Gator|Feraligatr, F|64\/100\n|move|p1a: Leviatan|Ice Fang|p2a: Wheel Gator\n|-resisted|p2a: Wheel Gator\n|-damage|p2a: Wheel Gator|45\/100\n|\n|upkeep\n|turn|13\n|inactive|Jeyley has 60 seconds left.\n|\n|t:|1701012150\n|move|p1a: Leviatan|Earthquake|p2a: Wheel Gator\n|-damage|p2a: Wheel Gator|0 fnt\n|faint|p2a: Wheel Gator\n|-ability|p1a: Leviatan|Moxie|boost\n|-boost|p1a: Leviatan|atk|1\n|\n|upkeep\n|\n|t:|1701012154\n|switch|p2a: Scolipede|Scolipede, M|100\/100\n|turn|14\n|\n|t:|1701012158\n|move|p1a: Leviatan|Dragon Dance|p1a: Leviatan\n|-boost|p1a: Leviatan|atk|1\n|-boost|p1a: Leviatan|spe|1\n|move|p2a: Scolipede|Poison Jab|p1a: Leviatan\n|-damage|p1a: Leviatan|57\/100\n|\n|-heal|p1a: Leviatan|63\/100|[from] item: Leftovers\n|-ability|p2a: Scolipede|Speed Boost|boost\n|-boost|p2a: Scolipede|spe|1\n|upkeep\n|turn|15\n|\n|t:|1701012169\n|move|p1a: Leviatan|Waterfall|p2a: Scolipede\n|-enditem|p2a: Scolipede|Focus Sash\n|-damage|p2a: Scolipede|1\/100\n|move|p2a: Scolipede|Poison Jab|p1a: Leviatan\n|-damage|p1a: Leviatan|12\/100\n|\n|-heal|p1a: Leviatan|18\/100|[from] item: Leftovers\n|-ability|p2a: Scolipede|Speed Boost|boost\n|-boost|p2a: Scolipede|spe|1\n|upkeep\n|turn|16\n|\n|t:|1701012179\n|move|p2a: Scolipede|Poison Jab|p1a: Leviatan\n|-damage|p1a: Leviatan|0 fnt\n|faint|p1a: Leviatan\n|\n|-ability|p2a: Scolipede|Speed Boost|boost\n|-boost|p2a: Scolipede|spe|1\n|upkeep\n|\n|t:|1701012187\n|switch|p1a: Dragonfly|Flygon, M, shiny|100\/100\n|turn|17\n|\n|t:|1701012190\n|-terastallize|p1a: Dragonfly|Steel\n|move|p2a: Scolipede|Megahorn|p1a: Dragonfly\n|-resisted|p1a: Dragonfly\n|-damage|p1a: Dragonfly|61\/100\n|move|p1a: Dragonfly|Dragon Dance|p1a: Dragonfly\n|-boost|p1a: Dragonfly|atk|1\n|-boost|p1a: Dragonfly|spe|1\n|\n|-heal|p1a: Dragonfly|67\/100|[from] item: Leftovers\n|-ability|p2a: Scolipede|Speed Boost|boost\n|-boost|p2a: Scolipede|spe|1\n|upkeep\n|turn|18\n|\n|t:|1701012208\n|move|p2a: Scolipede|Megahorn|p1a: Dragonfly\n|-resisted|p1a: Dragonfly\n|-damage|p1a: Dragonfly|29\/100\n|move|p1a: Dragonfly|Dragon Claw|p2a: Scolipede\n|-damage|p2a: Scolipede|0 fnt\n|faint|p2a: Scolipede\n|\n|-heal|p1a: Dragonfly|35\/100|[from] item: Leftovers\n|upkeep\n|\n|t:|1701012211\n|switch|p2a: Sting Chameleon|Kecleon, M|100\/100\n|turn|19\n|inactive|Jeyley has 90 seconds left.\n|\n|t:|1701012220\n|-terastallize|p2a: Sting Chameleon|Normal\n|move|p2a: Sting Chameleon|Fake Out|p1a: Dragonfly\n|-resisted|p1a: Dragonfly\n|-damage|p1a: Dragonfly|18\/100\n|cant|p1a: Dragonfly|flinch\n|\n|-heal|p1a: Dragonfly|24\/100|[from] item: Leftovers\n|upkeep\n|turn|20\n|\n|t:|1701012230\n|move|p2a: Sting Chameleon|Sucker Punch|p1a: Dragonfly\n|-damage|p1a: Dragonfly|0 fnt\n|faint|p1a: Dragonfly\n|\n|upkeep\n|\n|t:|1701012236\n|switch|p1a: Saur|Venusaur, M|100\/100\n|turn|21\n|\n|t:|1701012239\n|switch|p2a: Storm Eagle|Staraptor, M|100\/100\n|detailschange|p1a: Saur|Venusaur-Mega, M\n|-mega|p1a: Saur|Venusaur|Venusaurite\n|move|p1a: Saur|Leech Seed|p2a: Storm Eagle\n|-start|p2a: Storm Eagle|move: Leech Seed\n|\n|-damage|p2a: Storm Eagle|88\/100|[from] Leech Seed|[of] p1a: Saur\n|upkeep\n|turn|22\n|\n|t:|1701012249\n|switch|p1a: Fenix|Talonflame, M, shiny|100\/100\n|move|p2a: Storm Eagle|Brave Bird|p1a: Fenix\n|-damage|p1a: Fenix|0 fnt\n|faint|p1a: Fenix\n|-damage|p2a: Storm Eagle|57\/100|[from] Recoil\n|\n|upkeep\n|\n|t:|1701012257\n|switch|p1a: Saur|Venusaur-Mega, M|100\/100\n|turn|23\n|\n|t:|1701012260\n|move|p2a: Storm Eagle|Brave Bird|p1a: Saur\n|-supereffective|p1a: Saur\n|-damage|p1a: Saur|0 fnt\n|faint|p1a: Saur\n|-damage|p2a: Storm Eagle|25\/100|[from] Recoil\n|\n|win|Dark Umbreon 08\n|raw|Jeyley's rating: 1319 &rarr; <strong>1295<\/strong><br \/>(-24 for losing)\n|raw|Dark Umbreon 08's rating: 1254 &rarr; <strong>1284<\/strong><br \/>(+30 for winning)\n|l|\u2606Jeyley\n|c|\u2606Dark Umbreon 08|Gg\n|l| ZambiaZard\n","uploadtime":1701012278,"views":2,"p1id":"jeyley","p2id":"darkumbreon08","formatid":"gen9nationaldex","rating":1284,"private":0,"password":""}