{"id":"gen9nationaldex-1995235447","p1":"supahsumo","p2":"Ouija_J0ckey","format":"[Gen 9] National Dex","log":"|html|<div class=\"broadcast-blue\"><strong>[Gen 9] National Dex is currently suspecting Sneasler! For information on how to participate check out the <a href=\"https:\/\/www.smogon.com\/forums\/threads\/sv-national-dex-suspect-8-just-dance.3731534\/\">suspect thread<\/a>.<\/strong><\/div>\n|j|\u2606supahsumo\n|j|\u2606Ouija_J0ckey\n|t:|1700538124\n|gametype|singles\n|player|p1|supahsumo|265|1005\n|player|p2|Ouija_J0ckey|265|1025\n|teamsize|p1|6\n|teamsize|p2|6\n|gen|9\n|tier|[Gen 9] National Dex\n|rated|\n|rule|HP Percentage Mod: HP is shown in percentages\n|rule|Endless Battle Clause: Forcing endless battles is banned\n|rule|OHKO Clause: OHKO moves are banned\n|rule|Evasion Clause: Evasion abilities, items, and moves are banned\n|rule|Evasion Abilities Clause: Evasion abilities are banned\n|rule|Evasion Items Clause: Evasion items are banned\n|rule|Evasion Moves Clause: Evasion moves are banned\n|rule|Species Clause: Limit one of each Pok\u00e9mon\n|rule|Sleep Clause Mod: Limit one foe put to sleep\n|clearpoke\n|poke|p1|Zapdos|\n|poke|p1|Garchomp, F|\n|poke|p1|Skarmory, F|\n|poke|p1|Heatran, M|\n|poke|p1|Gyarados, F|\n|poke|p1|Toxapex, F|\n|poke|p2|Swampert, F|\n|poke|p2|Weavile, F|\n|poke|p2|Cobalion|\n|poke|p2|Ceruledge, F|\n|poke|p2|Altaria, M|\n|poke|p2|Decidueye, F|\n|teampreview\n|\n|t:|1700538142\n|start\n|switch|p1a: Toxapex|Toxapex, F|100\/100\n|switch|p2a: Axowutl?|Swampert, F|100\/100\n|turn|1\n|\n|t:|1700538158\n|switch|p1a: Zapdos|Zapdos|100\/100\n|-ability|p1a: Zapdos|Pressure\n|move|p2a: Axowutl?|Stealth Rock|p1a: Zapdos\n|-sidestart|p1: supahsumo|move: Stealth Rock\n|\n|upkeep\n|turn|2\n|\n|t:|1700538168\n|move|p1a: Zapdos|Charge|p1a: Zapdos\n|-boost|p1a: Zapdos|spd|1\n|-start|p1a: Zapdos|Charge\n|move|p2a: Axowutl?|Ice Punch|p1a: Zapdos\n|-supereffective|p1a: Zapdos\n|-damage|p1a: Zapdos|51\/100\n|-status|p1a: Zapdos|frz\n|\n|-heal|p1a: Zapdos|58\/100 frz|[from] item: Leftovers\n|upkeep\n|turn|3\n|\n|t:|1700538178\n|cant|p1a: Zapdos|frz\n|-end|p1a: Zapdos|Charge|[silent]\n|move|p2a: Axowutl?|Ice Punch|p1a: Zapdos\n|-supereffective|p1a: Zapdos\n|-damage|p1a: Zapdos|13\/100 frz\n|\n|-heal|p1a: Zapdos|19\/100 frz|[from] item: Leftovers\n|upkeep\n|turn|4\n|inactive|Battle timer is ON: inactive players will automatically lose when time's up. (requested by Ouija_J0ckey)\n|\n|t:|1700538213\n|switch|p1a: Gyarados|Gyarados, F|100\/100\n|-damage|p1a: Gyarados|75\/100|[from] Stealth Rock\n|-ability|p1a: Gyarados|Intimidate|boost\n|-unboost|p2a: Axowutl?|atk|1\n|move|p2a: Axowutl?|Ice Punch|p1a: Gyarados\n|-damage|p1a: Gyarados|59\/100\n|\n|upkeep\n|turn|5\n|\n|t:|1700538241\n|move|p1a: Gyarados|Dragon Dance|p1a: Gyarados\n|-boost|p1a: Gyarados|atk|1\n|-boost|p1a: Gyarados|spe|1\n|move|p2a: Axowutl?|Ice Punch|p1a: Gyarados\n|-damage|p1a: Gyarados|43\/100\n|\n|upkeep\n|turn|6\n|\n|t:|1700538249\n|switch|p2a: Flasher|Decidueye, F|100\/100\n|move|p1a: Gyarados|Power Whip|p2a: Flasher\n|-resisted|p2a: Flasher\n|-damage|p2a: Flasher|55\/100\n|\n|upkeep\n|turn|7\n|\n|t:|1700538274\n|switch|p1a: Heatran|Heatran, M|100\/100\n|-damage|p1a: Heatran|88\/100|[from] Stealth Rock\n|move|p2a: Flasher|Spirit Shackle|p1a: Heatran\n|-crit|p1a: Heatran\n|-damage|p1a: Heatran|43\/100\n|-activate|p1a: Heatran|trapped\n|\n|-heal|p1a: Heatran|49\/100|[from] item: Leftovers\n|upkeep\n|turn|8\n|\n|t:|1700538288\n|switch|p2a: Edward S-H|Ceruledge, F, shiny|100\/100\n|move|p1a: Heatran|Magma Storm|p2a: Edward S-H\n|-start|p2a: Edward S-H|ability: Flash Fire\n|\n|-heal|p1a: Heatran|55\/100|[from] item: Leftovers\n|upkeep\n|turn|9\n|inactive|supahsumo has 120 seconds left.\n|\n|t:|1700538332\n|switch|p1a: Gyarados|Gyarados, F|43\/100\n|-damage|p1a: Gyarados|18\/100|[from] Stealth Rock\n|-ability|p1a: Gyarados|Intimidate|boost\n|-unboost|p2a: Edward S-H|atk|1\n|move|p2a: Edward S-H|Close Combat|p1a: Gyarados\n|-resisted|p1a: Gyarados\n|-damage|p1a: Gyarados|6\/100\n|-unboost|p2a: Edward S-H|def|1\n|-unboost|p2a: Edward S-H|spd|1\n|\n|upkeep\n|turn|10\n|inactive|Ouija_J0ckey has 120 seconds left.\n|\n|t:|1700538362\n|-end|p2a: Edward S-H|ability: Flash Fire|[silent]\n|switch|p2a: Q-Tip|Altaria, M|100\/100\n|-ability|p2a: Q-Tip|Cloud Nine\n|move|p1a: Gyarados|Aqua Tail|p2a: Q-Tip\n|-resisted|p2a: Q-Tip\n|-damage|p2a: Q-Tip|75\/100\n|\n|upkeep\n|turn|11\n|inactive|Ouija_J0ckey has 120 seconds left.\n|inactive|supahsumo has 90 seconds left.\n|\n|t:|1700538380\n|switch|p1a: Zapdos|Zapdos|19\/100 frz\n|-damage|p1a: Zapdos|0 fnt|[from] Stealth Rock\n|faint|p1a: Zapdos\n|move|p2a: Q-Tip|Dragon Claw|p1: Zapdos|[notarget]\n|-fail|p2a: Q-Tip\n|\n|upkeep\n|inactive|supahsumo has 90 seconds left.\n|\n|t:|1700538386\n|switch|p1a: Skarmory|Skarmory, F|100\/100\n|-damage|p1a: Skarmory|88\/100|[from] Stealth Rock\n|turn|12\n|inactive|Ouija_J0ckey has 120 seconds left.\n|\n|t:|1700538402\n|move|p2a: Q-Tip|Dragon Dance|p2a: Q-Tip\n|-boost|p2a: Q-Tip|atk|1\n|-boost|p2a: Q-Tip|spe|1\n|move|p1a: Skarmory|Defog|p2a: Q-Tip\n|-unboost|p2a: Q-Tip|evasion|1\n|-sideend|p1: supahsumo|Stealth Rock|[from] move: Defog|[of] p1a: Skarmory\n|\n|-heal|p1a: Skarmory|94\/100|[from] item: Leftovers\n|upkeep\n|turn|13\n|inactive|Ouija_J0ckey has 120 seconds left.\n|\n|t:|1700538414\n|move|p2a: Q-Tip|Roost|p2a: Q-Tip\n|-heal|p2a: Q-Tip|100\/100\n|-singleturn|p2a: Q-Tip|move: Roost\n|move|p1a: Skarmory|Stealth Rock|p2a: Q-Tip\n|-sidestart|p2: Ouija_J0ckey|move: Stealth Rock\n|\n|-heal|p1a: Skarmory|100\/100|[from] item: Leftovers\n|upkeep\n|turn|14\n|inactive|Ouija_J0ckey has 120 seconds left.\n|inactive|supahsumo has 90 seconds left.\n|\n|t:|1700538439\n|move|p2a: Q-Tip|Dragon Dance|p2a: Q-Tip\n|-boost|p2a: Q-Tip|atk|1\n|-boost|p2a: Q-Tip|spe|1\n|move|p1a: Skarmory|Body Press|p2a: Q-Tip\n|-resisted|p2a: Q-Tip\n|-damage|p2a: Q-Tip|81\/100\n|\n|upkeep\n|turn|15\n|\n|t:|1700538447\n|move|p2a: Q-Tip|Dragon Claw|p1a: Skarmory\n|-resisted|p1a: Skarmory\n|-damage|p1a: Skarmory|79\/100\n|move|p1a: Skarmory|Body Press|p2a: Q-Tip\n|-resisted|p2a: Q-Tip\n|-damage|p2a: Q-Tip|62\/100\n|\n|-heal|p1a: Skarmory|86\/100|[from] item: Leftovers\n|upkeep\n|turn|16\n|\n|t:|1700538456\n|move|p2a: Q-Tip|Roost|p2a: Q-Tip\n|-heal|p2a: Q-Tip|100\/100\n|-singleturn|p2a: Q-Tip|move: Roost\n|move|p1a: Skarmory|Body Press|p2a: Q-Tip\n|-damage|p2a: Q-Tip|61\/100\n|\n|-heal|p1a: Skarmory|92\/100|[from] item: Leftovers\n|upkeep\n|turn|17\n|\n|t:|1700538466\n|move|p2a: Q-Tip|Dragon Dance|p2a: Q-Tip\n|-boost|p2a: Q-Tip|atk|1\n|-boost|p2a: Q-Tip|spe|1\n|move|p1a: Skarmory|Body Press|p2a: Q-Tip\n|-resisted|p2a: Q-Tip\n|-damage|p2a: Q-Tip|43\/100\n|\n|-heal|p1a: Skarmory|98\/100|[from] item: Leftovers\n|upkeep\n|turn|18\n|\n|t:|1700538476\n|move|p2a: Q-Tip|Roost|p2a: Q-Tip\n|-heal|p2a: Q-Tip|94\/100\n|-singleturn|p2a: Q-Tip|move: Roost\n|move|p1a: Skarmory|Body Press|p2a: Q-Tip\n|-damage|p2a: Q-Tip|54\/100\n|\n|-heal|p1a: Skarmory|100\/100|[from] item: Leftovers\n|upkeep\n|turn|19\n|\n|t:|1700538485\n|move|p2a: Q-Tip|Dragon Claw|p1a: Skarmory\n|-resisted|p1a: Skarmory\n|-crit|p1a: Skarmory\n|-damage|p1a: Skarmory|58\/100\n|move|p1a: Skarmory|Body Press|p2a: Q-Tip\n|-resisted|p2a: Q-Tip\n|-damage|p2a: Q-Tip|36\/100\n|\n|-heal|p1a: Skarmory|65\/100|[from] item: Leftovers\n|upkeep\n|turn|20\n|inactive|supahsumo has 120 seconds left.\n|\n|t:|1700538503\n|move|p2a: Q-Tip|Dragon Claw|p1a: Skarmory\n|-resisted|p1a: Skarmory\n|-damage|p1a: Skarmory|41\/100\n|move|p1a: Skarmory|Body Press|p2a: Q-Tip\n|-resisted|p2a: Q-Tip\n|-damage|p2a: Q-Tip|19\/100\n|\n|-heal|p1a: Skarmory|47\/100|[from] item: Leftovers\n|upkeep\n|turn|21\n|\n|t:|1700538513\n|switch|p2a: Edward S-H|Ceruledge, F, shiny|100\/100\n|-damage|p2a: Edward S-H|76\/100|[from] Stealth Rock\n|move|p1a: Skarmory|Body Press|p2a: Edward S-H\n|-immune|p2a: Edward S-H\n|\n|-heal|p1a: Skarmory|53\/100|[from] item: Leftovers\n|upkeep\n|turn|22\n|inactive|supahsumo has 120 seconds left.\n|\n|t:|1700538533\n|switch|p1a: Toxapex|Toxapex, F|100\/100\n|move|p2a: Edward S-H|Close Combat|p1a: Toxapex\n|-resisted|p1a: Toxapex\n|-damage|p1a: Toxapex|88\/100\n|-unboost|p2a: Edward S-H|def|1\n|-unboost|p2a: Edward S-H|spd|1\n|\n|-heal|p1a: Toxapex|94\/100|[from] item: Leftovers\n|upkeep\n|turn|23\n|\n|t:|1700538551\n|switch|p2a: Goat boi|Cobalion|100\/100\n|-damage|p2a: Goat boi|97\/100|[from] Stealth Rock\n|move|p1a: Toxapex|Toxic|p2a: Goat boi\n|-immune|p2a: Goat boi\n|\n|-heal|p1a: Toxapex|99\/100|[from] item: Leftovers\n|upkeep\n|turn|24\n|\n|t:|1700538570\n|switch|p1a: Heatran|Heatran, M|55\/100\n|move|p2a: Goat boi|Iron Head|p1a: Heatran\n|-resisted|p1a: Heatran\n|-damage|p1a: Heatran|47\/100\n|\n|-heal|p1a: Heatran|54\/100|[from] item: Leftovers\n|upkeep\n|turn|25\n|\n|t:|1700538580\n|switch|p2a: Edward S-H|Ceruledge, F, shiny|76\/100\n|-damage|p2a: Edward S-H|51\/100|[from] Stealth Rock\n|move|p1a: Heatran|Magma Storm|p2a: Edward S-H\n|-start|p2a: Edward S-H|ability: Flash Fire\n|\n|-heal|p1a: Heatran|60\/100|[from] item: Leftovers\n|upkeep\n|turn|26\n|\n|t:|1700538592\n|switch|p1a: Toxapex|Toxapex, F|99\/100\n|move|p2a: Edward S-H|Close Combat|p1a: Toxapex\n|-resisted|p1a: Toxapex\n|-damage|p1a: Toxapex|87\/100\n|-unboost|p2a: Edward S-H|def|1\n|-unboost|p2a: Edward S-H|spd|1\n|\n|-heal|p1a: Toxapex|93\/100|[from] item: Leftovers\n|upkeep\n|turn|27\n|\n|t:|1700538604\n|-end|p2a: Edward S-H|ability: Flash Fire|[silent]\n|switch|p2a: Goat boi|Cobalion|97\/100\n|-damage|p2a: Goat boi|94\/100|[from] Stealth Rock\n|move|p1a: Toxapex|Facade|p2a: Goat boi\n|-resisted|p2a: Goat boi\n|-damage|p2a: Goat boi|89\/100\n|\n|-heal|p1a: Toxapex|99\/100|[from] item: Leftovers\n|upkeep\n|turn|28\n|\n|t:|1700538617\n|switch|p1a: Heatran|Heatran, M|60\/100\n|move|p2a: Goat boi|Sacred Sword|p1a: Heatran\n|-supereffective|p1a: Heatran\n|-damage|p1a: Heatran|0 fnt\n|faint|p1a: Heatran\n|\n|upkeep\n|\n|t:|1700538629\n|switch|p1a: Garchomp|Garchomp, F|100\/100\n|turn|29\n|\n|t:|1700538649\n|move|p2a: Goat boi|Sacred Sword|p1a: Garchomp\n|-damage|p1a: Garchomp|72\/100\n|-damage|p2a: Goat boi|76\/100|[from] ability: Rough Skin|[of] p1a: Garchomp\n|move|p1a: Garchomp|Earthquake|p2a: Goat boi\n|-supereffective|p2a: Goat boi\n|-damage|p2a: Goat boi|2\/100\n|\n|upkeep\n|turn|30\n|\n|t:|1700538668\n|move|p2a: Goat boi|Sacred Sword|p1a: Garchomp\n|-damage|p1a: Garchomp|41\/100\n|-damage|p2a: Goat boi|0 fnt|[from] ability: Rough Skin|[of] p1a: Garchomp\n|faint|p2a: Goat boi\n|move|p1a: Garchomp|Dragon Claw|p2: Goat boi|[notarget]\n|-fail|p1a: Garchomp\n|\n|upkeep\n|\n|t:|1700538679\n|switch|p2a: Weasil|Weavile, F|100\/100\n|-damage|p2a: Weasil|76\/100|[from] Stealth Rock\n|-ability|p2a: Weasil|Pressure\n|turn|31\n|inactive|supahsumo has 90 seconds left.\n|\n|t:|1700538700\n|switch|p1a: Toxapex|Toxapex, F|99\/100\n|move|p2a: Weasil|Fake Out|p1a: Toxapex\n|-damage|p1a: Toxapex|88\/100\n|\n|-heal|p1a: Toxapex|94\/100|[from] item: Leftovers\n|upkeep\n|turn|32\n|\n|t:|1700538710\n|move|p2a: Weasil|Knock Off|p1a: Toxapex\n|-damage|p1a: Toxapex|53\/100\n|-enditem|p1a: Toxapex|Leftovers|[from] move: Knock Off|[of] p2a: Weasil\n|move|p1a: Toxapex|Toxic|p2a: Weasil\n|-status|p2a: Weasil|tox\n|\n|-damage|p2a: Weasil|70\/100 tox|[from] psn\n|upkeep\n|turn|33\n|\n|t:|1700538721\n|move|p2a: Weasil|Triple Axel|p1a: Toxapex\n|-resisted|p1a: Toxapex\n|-damage|p1a: Toxapex|49\/100\n|-resisted|p1a: Toxapex\n|-damage|p1a: Toxapex|40\/100\n|-resisted|p1a: Toxapex\n|-damage|p1a: Toxapex|29\/100\n|-hitcount|p1a: Toxapex|3\n|move|p1a: Toxapex|Recover|p1a: Toxapex\n|-heal|p1a: Toxapex|79\/100\n|\n|-damage|p2a: Weasil|58\/100 tox|[from] psn\n|upkeep\n|turn|34\n|\n|t:|1700538740\n|switch|p2a: Axowutl?|Swampert, F|100\/100\n|-damage|p2a: Axowutl?|94\/100|[from] Stealth Rock\n|move|p1a: Toxapex|Recover|p1a: Toxapex\n|-heal|p1a: Toxapex|100\/100\n|\n|-heal|p2a: Axowutl?|100\/100|[from] item: Leftovers\n|upkeep\n|turn|35\n|\n|t:|1700538754\n|switch|p1a: Skarmory|Skarmory, F|53\/100\n|move|p2a: Axowutl?|Stealth Rock|p1a: Skarmory\n|-sidestart|p1: supahsumo|move: Stealth Rock\n|\n|-heal|p1a: Skarmory|59\/100|[from] item: Leftovers\n|upkeep\n|turn|36\n|\n|t:|1700538762\n|move|p1a: Skarmory|Defog|p2a: Axowutl?\n|-unboost|p2a: Axowutl?|evasion|1\n|-sideend|p2: Ouija_J0ckey|Stealth Rock|[from] move: Defog|[of] p1a: Skarmory\n|-sideend|p1: supahsumo|Stealth Rock|[from] move: Defog|[of] p1a: Skarmory\n|move|p2a: Axowutl?|Ice Punch|p1a: Skarmory\n|-damage|p1a: Skarmory|43\/100\n|\n|-heal|p1a: Skarmory|49\/100|[from] item: Leftovers\n|upkeep\n|turn|37\n|\n|t:|1700538778\n|move|p1a: Skarmory|Roost|p1a: Skarmory\n|-heal|p1a: Skarmory|99\/100\n|-singleturn|p1a: Skarmory|move: Roost\n|move|p2a: Axowutl?|Ice Punch|p1a: Skarmory\n|-resisted|p1a: Skarmory\n|-damage|p1a: Skarmory|90\/100\n|\n|-heal|p1a: Skarmory|96\/100|[from] item: Leftovers\n|upkeep\n|turn|38\n|\n|t:|1700538791\n|move|p1a: Skarmory|Stealth Rock|p2a: Axowutl?\n|-sidestart|p2: Ouija_J0ckey|move: Stealth Rock\n|move|p2a: Axowutl?|Stealth Rock|p1a: Skarmory\n|-sidestart|p1: supahsumo|move: Stealth Rock\n|\n|-heal|p1a: Skarmory|100\/100|[from] item: Leftovers\n|upkeep\n|turn|39\n|\n|t:|1700538799\n|move|p1a: Skarmory|Defog|p2a: Axowutl?\n|-unboost|p2a: Axowutl?|evasion|1\n|-sideend|p2: Ouija_J0ckey|Stealth Rock|[from] move: Defog|[of] p1a: Skarmory\n|-sideend|p1: supahsumo|Stealth Rock|[from] move: Defog|[of] p1a: Skarmory\n|move|p2a: Axowutl?|Ice Punch|p1a: Skarmory\n|-damage|p1a: Skarmory|83\/100\n|\n|-heal|p1a: Skarmory|89\/100|[from] item: Leftovers\n|upkeep\n|turn|40\n|\n|t:|1700538808\n|move|p1a: Skarmory|Body Press|p2a: Axowutl?\n|-damage|p2a: Axowutl?|69\/100\n|move|p2a: Axowutl?|Stealth Rock|p1a: Skarmory\n|-sidestart|p1: supahsumo|move: Stealth Rock\n|\n|-heal|p1a: Skarmory|96\/100|[from] item: Leftovers\n|-heal|p2a: Axowutl?|76\/100|[from] item: Leftovers\n|upkeep\n|turn|41\n|\n|t:|1700538819\n|move|p1a: Skarmory|Stealth Rock|p2a: Axowutl?\n|-sidestart|p2: Ouija_J0ckey|move: Stealth Rock\n|move|p2a: Axowutl?|Ice Punch|p1a: Skarmory\n|-damage|p1a: Skarmory|79\/100\n|\n|-heal|p1a: Skarmory|86\/100|[from] item: Leftovers\n|-heal|p2a: Axowutl?|82\/100|[from] item: Leftovers\n|upkeep\n|turn|42\n|inactive|supahsumo has 120 seconds left.\n|\n|t:|1700538826\n|move|p1a: Skarmory|Body Press|p2a: Axowutl?\n|-damage|p2a: Axowutl?|51\/100\n|move|p2a: Axowutl?|Ice Punch|p1a: Skarmory\n|-damage|p1a: Skarmory|69\/100\n|\n|-heal|p1a: Skarmory|75\/100|[from] item: Leftovers\n|-heal|p2a: Axowutl?|57\/100|[from] item: Leftovers\n|upkeep\n|turn|43\n|\n|t:|1700538842\n|switch|p2a: Flasher|Decidueye, F|55\/100\n|-damage|p2a: Flasher|43\/100|[from] Stealth Rock\n|move|p1a: Skarmory|Body Press|p2a: Flasher\n|-immune|p2a: Flasher\n|\n|-heal|p1a: Skarmory|82\/100|[from] item: Leftovers\n|upkeep\n|turn|44\n|inactive|supahsumo has 120 seconds left.\n|\n|t:|1700538874\n|move|p2a: Flasher|Knock Off|p1a: Skarmory\n|-damage|p1a: Skarmory|60\/100\n|-enditem|p1a: Skarmory|Leftovers|[from] move: Knock Off|[of] p2a: Flasher\n|move|p1a: Skarmory|Defog|p2a: Flasher\n|-unboost|p2a: Flasher|evasion|1\n|-sideend|p2: Ouija_J0ckey|Stealth Rock|[from] move: Defog|[of] p1a: Skarmory\n|-sideend|p1: supahsumo|Stealth Rock|[from] move: Defog|[of] p1a: Skarmory\n|\n|upkeep\n|turn|45\n|\n|t:|1700538883\n|switch|p2a: Axowutl?|Swampert, F|57\/100\n|move|p1a: Skarmory|Stealth Rock|p2a: Axowutl?\n|-sidestart|p2: Ouija_J0ckey|move: Stealth Rock\n|\n|-heal|p2a: Axowutl?|64\/100|[from] item: Leftovers\n|upkeep\n|turn|46\n|\n|t:|1700538889\n|move|p1a: Skarmory|Roost|p1a: Skarmory\n|-heal|p1a: Skarmory|100\/100\n|-singleturn|p1a: Skarmory|move: Roost\n|move|p2a: Axowutl?|Stealth Rock|p1a: Skarmory\n|-sidestart|p1: supahsumo|move: Stealth Rock\n|\n|-heal|p2a: Axowutl?|70\/100|[from] item: Leftovers\n|upkeep\n|turn|47\n|inactive|supahsumo has 120 seconds left.\n|\n|t:|1700538900\n|move|p1a: Skarmory|Body Press|p2a: Axowutl?\n|-damage|p2a: Axowutl?|36\/100\n|move|p2a: Axowutl?|Ice Punch|p1a: Skarmory\n|-damage|p1a: Skarmory|82\/100\n|\n|-heal|p2a: Axowutl?|42\/100|[from] item: Leftovers\n|upkeep\n|turn|48\n|inactive|supahsumo has 120 seconds left.\n|\n|t:|1700538912\n|switch|p2a: Flasher|Decidueye, F|43\/100\n|-damage|p2a: Flasher|30\/100|[from] Stealth Rock\n|move|p1a: Skarmory|Body Press|p2a: Flasher\n|-immune|p2a: Flasher\n|\n|upkeep\n|turn|49\n|inactive|supahsumo has 120 seconds left.\n|\n|t:|1700538925\n|move|p2a: Flasher|Tailwind|p2a: Flasher\n|-sidestart|p2: Ouija_J0ckey|move: Tailwind\n|move|p1a: Skarmory|Roost|p1a: Skarmory\n|-heal|p1a: Skarmory|100\/100\n|-singleturn|p1a: Skarmory|move: Roost\n|\n|upkeep\n|turn|50\n|\n|t:|1700538940\n|move|p2a: Flasher|Psycho Cut|p1a: Skarmory\n|-resisted|p1a: Skarmory\n|-damage|p1a: Skarmory|93\/100\n|move|p1a: Skarmory|Defog|p2a: Flasher\n|-unboost|p2a: Flasher|evasion|1\n|-sideend|p2: Ouija_J0ckey|Stealth Rock|[from] move: Defog|[of] p1a: Skarmory\n|-sideend|p1: supahsumo|Stealth Rock|[from] move: Defog|[of] p1a: Skarmory\n|\n|upkeep\n|turn|51\n|\n|t:|1700538958\n|switch|p2a: Edward S-H|Ceruledge, F, shiny|51\/100\n|move|p1a: Skarmory|Stealth Rock|p2a: Edward S-H\n|-sidestart|p2: Ouija_J0ckey|move: Stealth Rock\n|\n|upkeep\n|turn|52\n|\n|t:|1700538969\n|switch|p1a: Toxapex|Toxapex, F|100\/100\n|move|p2a: Edward S-H|Bitter Blade|p1a: Toxapex\n|-resisted|p1a: Toxapex\n|-damage|p1a: Toxapex|84\/100\n|-heal|p2a: Edward S-H|59\/100|[from] drain|[of] p1a: Toxapex\n|\n|-sideend|p2: Ouija_J0ckey|move: Tailwind\n|upkeep\n|turn|53\n|\n|t:|1700538993\n|switch|p2a: Q-Tip|Altaria, M|19\/100\n|-damage|p2a: Q-Tip|0 fnt|[from] Stealth Rock\n|faint|p2a: Q-Tip\n|move|p1a: Toxapex|Toxic|p2: Q-Tip|[notarget]\n|-fail|p1a: Toxapex\n|\n|upkeep\n|\n|t:|1700539001\n|switch|p2a: Axowutl?|Swampert, F|42\/100\n|-damage|p2a: Axowutl?|36\/100|[from] Stealth Rock\n|turn|54\n|\n|t:|1700539008\n|switch|p1a: Skarmory|Skarmory, F|93\/100\n|move|p2a: Axowutl?|Stealth Rock|p1a: Skarmory\n|-sidestart|p1: supahsumo|move: Stealth Rock\n|\n|-heal|p2a: Axowutl?|42\/100|[from] item: Leftovers\n|upkeep\n|turn|55\n|\n|t:|1700539025\n|move|p1a: Skarmory|Defog|p2a: Axowutl?\n|-unboost|p2a: Axowutl?|evasion|1\n|-sideend|p2: Ouija_J0ckey|Stealth Rock|[from] move: Defog|[of] p1a: Skarmory\n|-sideend|p1: supahsumo|Stealth Rock|[from] move: Defog|[of] p1a: Skarmory\n|move|p2a: Axowutl?|Ice Punch|p1a: Skarmory\n|-damage|p1a: Skarmory|76\/100\n|-status|p1a: Skarmory|frz\n|\n|-heal|p2a: Axowutl?|49\/100|[from] item: Leftovers\n|upkeep\n|turn|56\n|\n|t:|1700539036\n|cant|p1a: Skarmory|frz\n|move|p2a: Axowutl?|Stealth Rock|p1a: Skarmory\n|-sidestart|p1: supahsumo|move: Stealth Rock\n|\n|-heal|p2a: Axowutl?|55\/100|[from] item: Leftovers\n|upkeep\n|turn|57\n|\n|t:|1700539050\n|switch|p2a: Weasil|Weavile, F|58\/100 tox\n|-ability|p2a: Weasil|Pressure\n|cant|p1a: Skarmory|frz\n|\n|-damage|p2a: Weasil|52\/100 tox|[from] psn\n|upkeep\n|turn|58\n|\n|t:|1700539064\n|switch|p1a: Toxapex|Toxapex, F|84\/100\n|-damage|p1a: Toxapex|71\/100|[from] Stealth Rock\n|move|p2a: Weasil|Triple Axel|p1a: Toxapex\n|-resisted|p1a: Toxapex\n|-damage|p1a: Toxapex|67\/100\n|-resisted|p1a: Toxapex\n|-damage|p1a: Toxapex|59\/100\n|-resisted|p1a: Toxapex\n|-damage|p1a: Toxapex|45\/100\n|-hitcount|p1a: Toxapex|3\n|\n|-damage|p2a: Weasil|40\/100 tox|[from] psn\n|upkeep\n|turn|59\n|\n|t:|1700539079\n|move|p2a: Weasil|Triple Axel|p1a: Toxapex\n|-resisted|p1a: Toxapex\n|-damage|p1a: Toxapex|42\/100\n|-resisted|p1a: Toxapex\n|-damage|p1a: Toxapex|34\/100\n|-resisted|p1a: Toxapex\n|-damage|p1a: Toxapex|23\/100\n|-hitcount|p1a: Toxapex|3\n|move|p1a: Toxapex|Recover|p1a: Toxapex\n|-heal|p1a: Toxapex|73\/100\n|\n|-damage|p2a: Weasil|21\/100 tox|[from] psn\n|upkeep\n|turn|60\n|\n|t:|1700539093\n|switch|p2a: Axowutl?|Swampert, F|55\/100\n|move|p1a: Toxapex|Recover|p1a: Toxapex\n|-heal|p1a: Toxapex|100\/100\n|\n|-heal|p2a: Axowutl?|61\/100|[from] item: Leftovers\n|upkeep\n|turn|61\n|\n|t:|1700539101\n|switch|p1a: Skarmory|Skarmory, F|76\/100 frz\n|-damage|p1a: Skarmory|64\/100 frz|[from] Stealth Rock\n|move|p2a: Axowutl?|Ice Punch|p1a: Skarmory\n|-damage|p1a: Skarmory|45\/100 frz\n|\n|-heal|p2a: Axowutl?|67\/100|[from] item: Leftovers\n|upkeep\n|turn|62\n|\n|t:|1700539110\n|cant|p1a: Skarmory|frz\n|move|p2a: Axowutl?|Ice Punch|p1a: Skarmory\n|-damage|p1a: Skarmory|26\/100 frz\n|\n|-heal|p2a: Axowutl?|73\/100|[from] item: Leftovers\n|upkeep\n|turn|63\n|\n|t:|1700539117\n|cant|p1a: Skarmory|frz\n|move|p2a: Axowutl?|Ice Punch|p1a: Skarmory\n|-damage|p1a: Skarmory|10\/100 frz\n|\n|-heal|p2a: Axowutl?|79\/100|[from] item: Leftovers\n|upkeep\n|turn|64\n|\n|t:|1700539138\n|cant|p1a: Skarmory|frz\n|move|p2a: Axowutl?|Ice Punch|p1a: Skarmory\n|-damage|p1a: Skarmory|0 fnt\n|faint|p1a: Skarmory\n|\n|-heal|p2a: Axowutl?|86\/100|[from] item: Leftovers\n|upkeep\n|inactive|supahsumo has 120 seconds left.\n|\n|t:|1700539159\n|switch|p1a: Gyarados|Gyarados, F|6\/100\n|-damage|p1a: Gyarados|0 fnt|[from] Stealth Rock\n|faint|p1a: Gyarados\n|\n|t:|1700539165\n|switch|p1a: Garchomp|Garchomp, F|41\/100\n|-damage|p1a: Garchomp|35\/100|[from] Stealth Rock\n|turn|65\n|inactive|supahsumo has 120 seconds left.\n|\n|t:|1700539171\n|move|p1a: Garchomp|Earthquake|p2a: Axowutl?\n|-damage|p2a: Axowutl?|36\/100\n|move|p2a: Axowutl?|Ice Punch|p1a: Garchomp\n|-supereffective|p1a: Garchomp\n|-damage|p1a: Garchomp|0 fnt\n|-damage|p2a: Axowutl?|24\/100|[from] ability: Rough Skin|[of] p1a: Garchomp\n|faint|p1a: Garchomp\n|\n|-heal|p2a: Axowutl?|30\/100|[from] item: Leftovers\n|upkeep\n|inactive|supahsumo has 120 seconds left.\n|\n|t:|1700539180\n|switch|p1a: Toxapex|Toxapex, F|100\/100\n|-damage|p1a: Toxapex|88\/100|[from] Stealth Rock\n|turn|66\n|\n|t:|1700539186\n|move|p2a: Axowutl?|Earthquake|p1a: Toxapex\n|-supereffective|p1a: Toxapex\n|-damage|p1a: Toxapex|18\/100\n|move|p1a: Toxapex|Toxic|p2a: Axowutl?\n|-status|p2a: Axowutl?|tox\n|\n|-heal|p2a: Axowutl?|36\/100 tox|[from] item: Leftovers\n|-damage|p2a: Axowutl?|30\/100 tox|[from] psn\n|upkeep\n|turn|67\n|\n|t:|1700539196\n|move|p2a: Axowutl?|Earthquake|p1a: Toxapex\n|-supereffective|p1a: Toxapex\n|-damage|p1a: Toxapex|0 fnt\n|faint|p1a: Toxapex\n|\n|win|Ouija_J0ckey\n|raw|supahsumo's rating: 1005 &rarr; <strong>1000<\/strong><br \/>(-5 for losing)\n|raw|Ouija_J0ckey's rating: 1025 &rarr; <strong>1059<\/strong><br \/>(+34 for winning)\n|c|\u2606Ouija_J0ckey|jeeeeeezzzzz\n|l|\u2606supahsumo\n|c|\u2606Ouija_J0ckey|ggs man that was crazy\n","uploadtime":1700539223,"views":12,"p1id":"supahsumo","p2id":"ouijaj0ckey","formatid":"gen9nationaldex","rating":1000,"private":0,"password":""}