{"id":"gen9nationaldex-1991281816","p1":"IM newbie123","p2":"zaizaipo","format":"[Gen 9] National Dex","log":"|j|\u2606IM newbie123\n|j|\u2606zaizaipo\n|t:|1700064010\n|gametype|singles\n|player|p1|IM newbie123|102|1174\n|player|p2|zaizaipo|101|1181\n|teamsize|p1|6\n|teamsize|p2|6\n|gen|9\n|tier|[Gen 9] National Dex\n|rated|\n|rule|HP Percentage Mod: HP is shown in percentages\n|rule|Endless Battle Clause: Forcing endless battles is banned\n|rule|OHKO Clause: OHKO moves are banned\n|rule|Evasion Clause: Evasion abilities, items, and moves are banned\n|rule|Evasion Abilities Clause: Evasion abilities are banned\n|rule|Evasion Items Clause: Evasion items are banned\n|rule|Evasion Moves Clause: Evasion moves are banned\n|rule|Species Clause: Limit one of each Pok\u00e9mon\n|rule|Sleep Clause Mod: Limit one foe put to sleep\n|clearpoke\n|poke|p1|Banette, F|\n|poke|p1|Alomomola, M|\n|poke|p1|Thundurus-Therian, M|\n|poke|p1|Ferrothorn, F|\n|poke|p1|Weavile, F|\n|poke|p1|Iron Treads|\n|poke|p2|Sudowoodo, F|\n|poke|p2|Shiftry, M|\n|poke|p2|Corviknight, M|\n|poke|p2|Swampert, M|\n|poke|p2|Pelipper, F|\n|poke|p2|Ogerpon, F|\n|teampreview\n|\n|t:|1700064023\n|start\n|switch|p1a: Iron Treads|Iron Treads|100\/100\n|switch|p2a: Sudowoodo|Sudowoodo, F, shiny|100\/100\n|-enditem|p1a: Iron Treads|Booster Energy\n|-activate|p1a: Iron Treads|ability: Quark Drive|[fromitem]\n|-start|p1a: Iron Treads|quarkdrivespe\n|turn|1\n|inactive|Battle timer is ON: inactive players will automatically lose when time's up. (requested by IM newbie123)\n|\n|t:|1700064035\n|move|p1a: Iron Treads|Steel Beam|p2a: Sudowoodo\n|-supereffective|p2a: Sudowoodo\n|-ability|p2a: Sudowoodo|Sturdy\n|-damage|p2a: Sudowoodo|1\/100\n|-damage|p1a: Iron Treads|50\/100|[from] steelbeam\n|move|p2a: Sudowoodo|Counter||[still]\n|-fail|p2a: Sudowoodo\n|\n|upkeep\n|turn|2\n|-enditem|p2a: Sudowoodo|Custap Berry|[eat]\n|-activate|p2a: Sudowoodo|item: Custap Berry|[consumed]\n|\n|t:|1700064048\n|move|p2a: Sudowoodo|Stealth Rock|p1a: Iron Treads\n|-sidestart|p1: IM newbie123|move: Stealth Rock\n|move|p1a: Iron Treads|Rapid Spin|p2a: Sudowoodo\n|-resisted|p2a: Sudowoodo\n|-damage|p2a: Sudowoodo|0 fnt\n|-boost|p1a: Iron Treads|spe|1\n|-sideend|p1: IM newbie123|Stealth Rock|[from] move: Rapid Spin|[of] p1a: Iron Treads\n|faint|p2a: Sudowoodo\n|\n|upkeep\n|\n|t:|1700064057\n|switch|p2a: Shiftry|Shiftry, M, shiny|100\/100\n|turn|3\n|\n|t:|1700064061\n|move|p1a: Iron Treads|Stealth Rock|p2a: Shiftry\n|-sidestart|p2: zaizaipo|move: Stealth Rock\n|move|p2a: Shiftry|Tailwind|p2a: Shiftry\n|-sidestart|p2: zaizaipo|move: Tailwind\n|-ability|p2a: Shiftry|Wind Rider|boost\n|-boost|p2a: Shiftry|atk|1\n|\n|upkeep\n|turn|4\n|\n|t:|1700064073\n|move|p1a: Iron Treads|Steel Beam|p2a: Shiftry\n|-damage|p2a: Shiftry|22\/100\n|-damage|p1a: Iron Treads|0 fnt|[from] steelbeam\n|faint|p1a: Iron Treads\n|-end|p1a: Iron Treads|Quark Drive|[silent]\n|move|p2a: Shiftry|Knock Off|p1: Iron Treads|[notarget]\n|-fail|p2a: Shiftry\n|\n|upkeep\n|\n|t:|1700064088\n|switch|p1a: Weavile|Weavile, F|100\/100\n|-ability|p1a: Weavile|Pressure\n|turn|5\n|\n|t:|1700064098\n|-terastallize|p2a: Shiftry|Normal\n|move|p2a: Shiftry|Explosion|p1a: Weavile\n|-damage|p1a: Weavile|0 fnt\n|faint|p2a: Shiftry\n|faint|p1a: Weavile\n|\n|upkeep\n|\n|t:|1700064111\n|switch|p1a: Banette|Banette, F|100\/100\n|switch|p2a: Pelipper|Pelipper, F|100\/100\n|-weather|RainDance|[from] ability: Drizzle|[of] p2a: Pelipper\n|turn|6\n|\n|t:|1700064123\n|switch|p1a: Alomomola|Alomomola, M|100\/100\n|move|p2a: Pelipper|Defog|p1a: Alomomola\n|-unboost|p1a: Alomomola|evasion|1\n|-sideend|p2: zaizaipo|Stealth Rock|[from] move: Defog|[of] p2a: Pelipper\n|\n|-weather|RainDance|[upkeep]\n|-sideend|p2: zaizaipo|move: Tailwind\n|upkeep\n|turn|7\n|\n|t:|1700064129\n|move|p2a: Pelipper|U-turn|p1a: Alomomola\n|-damage|p1a: Alomomola|95\/100\n|\n|t:|1700064132\n|switch|p2a: Ogerpon|Ogerpon, F|100\/100|[from] U-turn\n|move|p1a: Alomomola|Toxic|p2a: Ogerpon\n|-status|p2a: Ogerpon|tox\n|\n|-weather|RainDance|[upkeep]\n|-damage|p2a: Ogerpon|95\/100 tox|[from] psn\n|upkeep\n|turn|8\n|\n|t:|1700064140\n|move|p2a: Ogerpon|Swords Dance|p2a: Ogerpon\n|-boost|p2a: Ogerpon|atk|2\n|move|p1a: Alomomola|Wish|p1a: Alomomola\n|\n|-weather|RainDance|[upkeep]\n|-damage|p2a: Ogerpon|83\/100 tox|[from] psn\n|upkeep\n|turn|9\n|\n|t:|1700064147\n|switch|p1a: Ferrothorn|Ferrothorn, F|100\/100\n|move|p2a: Ogerpon|Swords Dance|p2a: Ogerpon\n|-boost|p2a: Ogerpon|atk|2\n|\n|-weather|RainDance|[upkeep]\n|-damage|p2a: Ogerpon|65\/100 tox|[from] psn\n|upkeep\n|turn|10\n|\n|t:|1700064163\n|move|p2a: Ogerpon|Superpower|p1a: Ferrothorn\n|-supereffective|p1a: Ferrothorn\n|-damage|p1a: Ferrothorn|0 fnt\n|-unboost|p2a: Ogerpon|atk|1\n|-unboost|p2a: Ogerpon|def|1\n|-damage|p2a: Ogerpon|52\/100 tox|[from] ability: Iron Barbs|[of] p1a: Ferrothorn\n|-damage|p2a: Ogerpon|36\/100 tox|[from] item: Rocky Helmet|[of] p1a: Ferrothorn\n|faint|p1a: Ferrothorn\n|\n|-weather|none\n|-damage|p2a: Ogerpon|12\/100 tox|[from] psn\n|upkeep\n|\n|t:|1700064169\n|switch|p1a: Banette|Banette, F|100\/100\n|turn|11\n|\n|t:|1700064175\n|detailschange|p1a: Banette|Banette-Mega, F\n|-mega|p1a: Banette|Banette|Banettite\n|move|p1a: Banette|Sucker Punch|p2a: Ogerpon\n|-damage|p2a: Ogerpon|0 fnt\n|faint|p2a: Ogerpon\n|\n|upkeep\n|\n|t:|1700064183\n|switch|p2a: Pelipper|Pelipper, F|100\/100\n|-weather|RainDance|[from] ability: Drizzle|[of] p2a: Pelipper\n|turn|12\n|\n|t:|1700064193\n|move|p1a: Banette|Poltergeist|p2a: Pelipper\n|-activate|p2a: Pelipper|move: Poltergeist|Heavy-Duty Boots\n|-damage|p2a: Pelipper|41\/100\n|move|p2a: Pelipper|Weather Ball|p1a: Banette\n|-damage|p1a: Banette|22\/100\n|\n|-weather|RainDance|[upkeep]\n|upkeep\n|turn|13\n|\n|t:|1700064201\n|move|p1a: Banette|Poltergeist|p2a: Pelipper|[miss]\n|-miss|p1a: Banette|p2a: Pelipper\n|move|p2a: Pelipper|Weather Ball|p1a: Banette\n|-damage|p1a: Banette|0 fnt\n|faint|p1a: Banette\n|\n|-weather|RainDance|[upkeep]\n|upkeep\n|\n|t:|1700064212\n|switch|p1a: Thundurus|Thundurus-Therian, M|100\/100\n|turn|14\n|\n|t:|1700064219\n|move|p1a: Thundurus|Dark Pulse|p2a: Pelipper\n|-damage|p2a: Pelipper|0 fnt\n|faint|p2a: Pelipper\n|\n|-weather|RainDance|[upkeep]\n|upkeep\n|\n|t:|1700064223\n|switch|p2a: Swampert|Swampert, M|100\/100\n|turn|15\n|\n|t:|1700064230\n|detailschange|p2a: Swampert|Swampert-Mega, M\n|-mega|p2a: Swampert|Swampert|Swampertite\n|-terastallize|p1a: Thundurus|Water\n|move|p2a: Swampert|Liquidation|p1a: Thundurus\n|-resisted|p1a: Thundurus\n|-damage|p1a: Thundurus|47\/100\n|move|p1a: Thundurus|Dark Pulse|p2a: Swampert\n|-damage|p2a: Swampert|75\/100\n|\n|-weather|RainDance|[upkeep]\n|upkeep\n|turn|16\n|\n|t:|1700064239\n|move|p2a: Swampert|Earthquake|p1a: Thundurus\n|-damage|p1a: Thundurus|0 fnt\n|faint|p1a: Thundurus\n|\n|-weather|none\n|upkeep\n|\n|t:|1700064245\n|switch|p1a: Alomomola|Alomomola, M|100\/100\n|turn|17\n|\n|t:|1700064251\n|move|p2a: Swampert|Earthquake|p1a: Alomomola\n|-damage|p1a: Alomomola|68\/100\n|move|p1a: Alomomola|Toxic|p2a: Swampert\n|-status|p2a: Swampert|tox\n|\n|-damage|p2a: Swampert|69\/100 tox|[from] psn\n|upkeep\n|turn|18\n|\n|t:|1700064262\n|move|p1a: Alomomola|Protect|p1a: Alomomola\n|-singleturn|p1a: Alomomola|Protect\n|move|p2a: Swampert|Earthquake|p1a: Alomomola\n|-activate|p1a: Alomomola|move: Protect\n|\n|-damage|p2a: Swampert|57\/100 tox|[from] psn\n|upkeep\n|turn|19\n|\n|t:|1700064269\n|move|p2a: Swampert|Earthquake|p1a: Alomomola\n|-damage|p1a: Alomomola|35\/100\n|move|p1a: Alomomola|Wish|p1a: Alomomola\n|\n|-damage|p2a: Swampert|39\/100 tox|[from] psn\n|upkeep\n|turn|20\n|\n|t:|1700064275\n|move|p1a: Alomomola|Protect|p1a: Alomomola\n|-singleturn|p1a: Alomomola|Protect\n|move|p2a: Swampert|Rain Dance|p2a: Swampert\n|-weather|RainDance\n|\n|-weather|RainDance|[upkeep]\n|-heal|p1a: Alomomola|85\/100|[from] move: Wish|[wisher] Alomomola\n|-damage|p2a: Swampert|15\/100 tox|[from] psn\n|upkeep\n|turn|21\n|\n|t:|1700064285\n|move|p2a: Swampert|Earthquake|p1a: Alomomola\n|-damage|p1a: Alomomola|52\/100\n|move|p1a: Alomomola|Wish|p1a: Alomomola\n|\n|-weather|RainDance|[upkeep]\n|-damage|p2a: Swampert|0 fnt|[from] psn\n|faint|p2a: Swampert\n|upkeep\n|\n|t:|1700064291\n|switch|p2a: Corviknight|Corviknight, M, shiny|100\/100\n|turn|22\n|\n|t:|1700064300\n|move|p2a: Corviknight|Iron Defense|p2a: Corviknight\n|-boost|p2a: Corviknight|def|2\n|move|p1a: Alomomola|Flip Turn|p2a: Corviknight\n|-damage|p2a: Corviknight|90\/100\n|-damage|p1a: Alomomola|36\/100|[from] item: Rocky Helmet|[of] p2a: Corviknight\n|\n|-weather|RainDance|[upkeep]\n|-heal|p1a: Alomomola|86\/100|[from] move: Wish|[wisher] Alomomola\n|upkeep\n|turn|23\n|l|\u2606IM newbie123\n|inactive|IM newbie123 disconnected and has a minute to reconnect!\n|player|p1|\n|inactive|IM newbie123 has 30 seconds to reconnect!\n|inactive|IM newbie123 has 20 seconds to reconnect!\n|inactive|IM newbie123 has 15 seconds to reconnect!\n|inactive|IM newbie123 has 10 seconds to reconnect!\n|inactive|IM newbie123 has 5 seconds to reconnect!\n|-message|IM newbie123 lost due to inactivity.\n|\n|win|zaizaipo\n|raw|IM newbie123's rating: 1174 &rarr; <strong>1150<\/strong><br \/>(-24 for losing)\n|raw|zaizaipo's rating: 1181 &rarr; <strong>1205<\/strong><br \/>(+24 for winning)\n","uploadtime":1700064375,"views":4,"p1id":"imnewbie123","p2id":"zaizaipo","formatid":"gen9nationaldex","rating":1150,"private":0,"password":""}