{"id":"gen9nationaldex-1999029233","p1":"PyraFox","p2":"ClockInKnockedOut","format":"[Gen 9] National Dex","log":"|html|<div class=\"broadcast-blue\"><strong>[Gen 9] National Dex is currently suspecting Sneasler! For information on how to participate check out the <a href=\"https:\/\/www.smogon.com\/forums\/threads\/sv-national-dex-suspect-8-just-dance.3731534\/\">suspect thread<\/a>.<\/strong><\/div>\n|j|\u2606PyraFox\n|j|\u2606ClockInKnockedOut\n|t:|1701025573\n|gametype|singles\n|player|p1|PyraFox|veteran|1140\n|player|p2|ClockInKnockedOut|chili|1240\n|teamsize|p1|6\n|teamsize|p2|6\n|gen|9\n|tier|[Gen 9] National Dex\n|rated|\n|rule|HP Percentage Mod: HP is shown in percentages\n|rule|Endless Battle Clause: Forcing endless battles is banned\n|rule|OHKO Clause: OHKO moves are banned\n|rule|Evasion Clause: Evasion abilities, items, and moves are banned\n|rule|Evasion Abilities Clause: Evasion abilities are banned\n|rule|Evasion Items Clause: Evasion items are banned\n|rule|Evasion Moves Clause: Evasion moves are banned\n|rule|Species Clause: Limit one of each Pok\u00e9mon\n|rule|Sleep Clause Mod: Limit one foe put to sleep\n|clearpoke\n|poke|p1|Iron Moth|\n|poke|p1|Iron Valiant|\n|poke|p1|Kilowattrel, F|\n|poke|p1|Brambleghast, M|\n|poke|p1|Tinkaton, F|\n|poke|p1|Quaquaval, M|\n|poke|p2|Rillaboom, M|\n|poke|p2|Lopunny, M|\n|poke|p2|Aegislash, F|\n|poke|p2|Rotom-Wash|\n|poke|p2|Garchomp, M|\n|poke|p2|Hoopa-Unbound|\n|teampreview\n|inactive|Battle timer is ON: inactive players will automatically lose when time's up. (requested by ClockInKnockedOut)\n|\n|t:|1701025582\n|start\n|switch|p1a: Iron Moth|Iron Moth|100\/100\n|switch|p2a: Rotom|Rotom-Wash|100\/100\n|-enditem|p1a: Iron Moth|Booster Energy\n|-activate|p1a: Iron Moth|ability: Quark Drive|[fromitem]\n|-start|p1a: Iron Moth|quarkdrivespa\n|turn|1\n|\n|t:|1701025591\n|move|p1a: Iron Moth|Energy Ball|p2a: Rotom\n|-supereffective|p2a: Rotom\n|-damage|p2a: Rotom|3\/100\n|move|p2a: Rotom|Thunder Wave|p1a: Iron Moth\n|-status|p1a: Iron Moth|par\n|\n|-heal|p2a: Rotom|9\/100|[from] item: Leftovers\n|upkeep\n|turn|2\n|\n|t:|1701025618\n|switch|p2a: Garchomp|Garchomp, M|100\/100\n|move|p1a: Iron Moth|Fiery Dance|p2a: Garchomp\n|-resisted|p2a: Garchomp\n|-damage|p2a: Garchomp|72\/100\n|-boost|p1a: Iron Moth|spa|1\n|\n|upkeep\n|turn|3\n|\n|t:|1701025630\n|-terastallize|p1a: Iron Moth|Flying\n|move|p2a: Garchomp|Earthquake|p1a: Iron Moth\n|-immune|p1a: Iron Moth\n|move|p1a: Iron Moth|Bug Buzz|p2a: Garchomp\n|-damage|p2a: Garchomp|14\/100\n|\n|upkeep\n|turn|4\n|c|\u2606PyraFox|Gg\n|inactive|ClockInKnockedOut has 120 seconds left.\n|\n|t:|1701025661\n|move|p2a: Garchomp|Stealth Rock|p1a: Iron Moth\n|-sidestart|p1: PyraFox|move: Stealth Rock\n|move|p1a: Iron Moth|Fiery Dance|p2a: Garchomp\n|-resisted|p2a: Garchomp\n|-damage|p2a: Garchomp|0 fnt\n|-boost|p1a: Iron Moth|spa|1\n|faint|p2a: Garchomp\n|\n|upkeep\n|inactive|ClockInKnockedOut has 120 seconds left.\n|\n|t:|1701025670\n|switch|p2a: Lopunny|Lopunny, M|100\/100\n|turn|5\n|\n|t:|1701025693\n|detailschange|p2a: Lopunny|Lopunny-Mega, M\n|-mega|p2a: Lopunny|Lopunny|Lopunnite\n|move|p2a: Lopunny|Triple Axel|p1a: Iron Moth\n|-supereffective|p1a: Iron Moth\n|-damage|p1a: Iron Moth|76\/100 par\n|-supereffective|p1a: Iron Moth\n|-damage|p1a: Iron Moth|30\/100 par\n|-supereffective|p1a: Iron Moth\n|-damage|p1a: Iron Moth|0 fnt\n|faint|p1a: Iron Moth\n|-end|p1a: Iron Moth|Quark Drive|[silent]\n|-hitcount|p1: Iron Moth|3\n|\n|upkeep\n|\n|t:|1701025702\n|switch|p1a: Iron Valiant|Iron Valiant|100\/100\n|-damage|p1a: Iron Valiant|94\/100|[from] Stealth Rock\n|-enditem|p1a: Iron Valiant|Booster Energy\n|-activate|p1a: Iron Valiant|ability: Quark Drive|[fromitem]\n|-start|p1a: Iron Valiant|quarkdrivespe\n|turn|6\n|c|\u2606ClockInKnockedOut|I don\u2019t like calling games this early\n|\n|t:|1701025714\n|switch|p2a: Aegislash|Aegislash, F|100\/100\n|move|p1a: Iron Valiant|Spirit Break|p2a: Aegislash\n|-resisted|p2a: Aegislash\n|-damage|p2a: Aegislash|85\/100\n|-unboost|p2a: Aegislash|spa|1\n|\n|-heal|p2a: Aegislash|91\/100|[from] item: Leftovers\n|upkeep\n|turn|7\n|\n|t:|1701025718\n|move|p1a: Iron Valiant|Shadow Ball|p2a: Aegislash\n|-supereffective|p2a: Aegislash\n|-damage|p2a: Aegislash|67\/100\n|-unboost|p2a: Aegislash|spd|1\n|move|p2a: Aegislash|Substitute|p2a: Aegislash\n|-start|p2a: Aegislash|Substitute\n|-damage|p2a: Aegislash|42\/100\n|\n|-heal|p2a: Aegislash|48\/100|[from] item: Leftovers\n|upkeep\n|turn|8\n|\n|t:|1701025730\n|move|p1a: Iron Valiant|Shadow Ball|p2a: Aegislash\n|-supereffective|p2a: Aegislash\n|-end|p2a: Aegislash|Substitute\n|-formechange|p2a: Aegislash|Aegislash-Blade||[from] ability: Stance Change\n|move|p2a: Aegislash|Iron Head|p1a: Iron Valiant\n|-supereffective|p1a: Iron Valiant\n|-damage|p1a: Iron Valiant|0 fnt\n|faint|p1a: Iron Valiant\n|-end|p1a: Iron Valiant|Quark Drive|[silent]\n|\n|-heal|p2a: Aegislash|55\/100|[from] item: Leftovers\n|upkeep\n|\n|t:|1701025737\n|switch|p1a: Quaquaval|Quaquaval, M|100\/100\n|-damage|p1a: Quaquaval|94\/100|[from] Stealth Rock\n|turn|9\n|\n|t:|1701025740\n|switch|p2a: Rillaboom|Rillaboom, M|100\/100\n|-fieldstart|move: Grassy Terrain|[from] ability: Grassy Surge|[of] p2a: Rillaboom\n|move|p1a: Quaquaval|Aqua Step|p2a: Rillaboom\n|-resisted|p2a: Rillaboom\n|-damage|p2a: Rillaboom|80\/100\n|-boost|p1a: Quaquaval|spe|1\n|\n|-heal|p1a: Quaquaval|100\/100|[from] Grassy Terrain\n|-heal|p2a: Rillaboom|87\/100|[from] Grassy Terrain\n|upkeep\n|turn|10\n|\n|t:|1701025751\n|move|p1a: Quaquaval|Acrobatics|p2a: Rillaboom\n|-supereffective|p2a: Rillaboom\n|-damage|p2a: Rillaboom|47\/100\n|move|p2a: Rillaboom|Wood Hammer|p1a: Quaquaval\n|-supereffective|p1a: Quaquaval\n|-damage|p1a: Quaquaval|0 fnt\n|faint|p1a: Quaquaval\n|-damage|p2a: Rillaboom|20\/100|[from] Recoil\n|\n|-heal|p2a: Rillaboom|26\/100|[from] Grassy Terrain\n|upkeep\n|\n|t:|1701025759\n|switch|p1a: Kilowattrel|Kilowattrel, F|100\/100\n|-damage|p1a: Kilowattrel|76\/100|[from] Stealth Rock\n|turn|11\n|\n|t:|1701025763\n|switch|p2a: Rotom|Rotom-Wash|9\/100\n|move|p1a: Kilowattrel|Tailwind|p1a: Kilowattrel\n|-sidestart|p1: PyraFox|move: Tailwind\n|\n|-heal|p2a: Rotom|16\/100|[from] item: Leftovers\n|upkeep\n|turn|12\n|\n|t:|1701025773\n|move|p1a: Kilowattrel|Volt Switch|p2a: Rotom\n|-damage|p2a: Rotom|0 fnt\n|faint|p2a: Rotom\n|\n|t:|1701025775\n|switch|p1a: Brambleghast|Brambleghast, M|100\/100|[from] Volt Switch\n|-damage|p1a: Brambleghast|88\/100|[from] Stealth Rock\n|-ability|p1a: Brambleghast|Wind Rider|boost\n|-boost|p1a: Brambleghast|atk|1\n|\n|-heal|p1a: Brambleghast|94\/100|[from] Grassy Terrain\n|upkeep\n|\n|t:|1701025780\n|switch|p2a: Hoopa|Hoopa-Unbound|100\/100\n|turn|13\n|\n|t:|1701025786\n|move|p1a: Brambleghast|Rapid Spin|p2a: Hoopa\n|-damage|p2a: Hoopa|68\/100\n|-boost|p1a: Brambleghast|spe|1\n|-sideend|p1: PyraFox|Stealth Rock|[from] move: Rapid Spin|[of] p1a: Brambleghast\n|move|p2a: Hoopa|Knock Off|p1a: Brambleghast\n|-supereffective|p1a: Brambleghast\n|-crit|p1a: Brambleghast\n|-damage|p1a: Brambleghast|0 fnt\n|-enditem|p1a: Brambleghast|Red Card|[from] move: Knock Off|[of] p2a: Hoopa\n|faint|p1a: Brambleghast\n|\n|-heal|p2a: Hoopa|74\/100|[from] Grassy Terrain\n|-fieldend|move: Grassy Terrain\n|upkeep\n|\n|t:|1701025789\n|switch|p1a: Kilowattrel|Kilowattrel, F|76\/100\n|turn|14\n|\n|t:|1701025794\n|move|p1a: Kilowattrel|Air Slash|p2a: Hoopa\n|-damage|p2a: Hoopa|43\/100\n|move|p2a: Hoopa|Knock Off|p1a: Kilowattrel\n|-damage|p1a: Kilowattrel|0 fnt\n|-enditem|p1a: Kilowattrel|Focus Sash|[from] move: Knock Off|[of] p2a: Hoopa\n|faint|p1a: Kilowattrel\n|\n|-sideend|p1: PyraFox|move: Tailwind\n|upkeep\n|\n|t:|1701025799\n|switch|p1a: Tinkaton|Tinkaton, F|100\/100\n|turn|15\n|\n|t:|1701025803\n|switch|p2a: Aegislash|Aegislash, F|55\/100\n|move|p1a: Tinkaton|Fake Out|p2a: Aegislash\n|-immune|p2a: Aegislash\n|\n|-heal|p2a: Aegislash|61\/100|[from] item: Leftovers\n|upkeep\n|turn|16\n|\n|t:|1701025809\n|move|p1a: Tinkaton|Play Rough|p2a: Aegislash\n|-resisted|p2a: Aegislash\n|-damage|p2a: Aegislash|48\/100\n|-unboost|p2a: Aegislash|atk|1\n|move|p2a: Aegislash|Substitute|p2a: Aegislash\n|-start|p2a: Aegislash|Substitute\n|-damage|p2a: Aegislash|23\/100\n|\n|-heal|p2a: Aegislash|29\/100|[from] item: Leftovers\n|upkeep\n|turn|17\n|\n|t:|1701025815\n|move|p2a: Aegislash|King's Shield|p2a: Aegislash\n|-singleturn|p2a: Aegislash|Protect\n|move|p1a: Tinkaton|Play Rough|p2a: Aegislash\n|-activate|p2a: Aegislash|move: Protect\n|-unboost|p1a: Tinkaton|atk|1\n|\n|-heal|p2a: Aegislash|35\/100|[from] item: Leftovers\n|upkeep\n|turn|18\n|-message|PyraFox forfeited.\n|\n|win|ClockInKnockedOut\n|raw|PyraFox's rating: 1140 &rarr; <strong>1122<\/strong><br \/>(-18 for losing)\n|raw|ClockInKnockedOut's rating: 1240 &rarr; <strong>1258<\/strong><br \/>(+18 for winning)\n|l|\u2606PyraFox\n","uploadtime":1701025847,"views":1,"p1id":"pyrafox","p2id":"clockinknockedout","formatid":"gen9nationaldex","rating":1122,"private":0,"password":""}