{"id":"gen9nationaldex-1992458673","p1":"justjoshjosh","p2":"ckswagdog","format":"[Gen 9] National Dex","log":"|j|\u2606justjoshjosh\n|j|\u2606ckswagdog\n|t:|1700190069\n|gametype|singles\n|player|p1|justjoshjosh|102|\n|player|p2|ckswagdog|firebreather|\n|teamsize|p1|6\n|teamsize|p2|6\n|gen|9\n|tier|[Gen 9] National Dex\n|rule|HP Percentage Mod: HP is shown in percentages\n|rule|Endless Battle Clause: Forcing endless battles is banned\n|rule|OHKO Clause: OHKO moves are banned\n|rule|Evasion Clause: Evasion abilities, items, and moves are banned\n|rule|Evasion Abilities Clause: Evasion abilities are banned\n|rule|Evasion Items Clause: Evasion items are banned\n|rule|Evasion Moves Clause: Evasion moves are banned\n|rule|Species Clause: Limit one of each Pok\u00e9mon\n|rule|Sleep Clause Mod: Limit one foe put to sleep\n|clearpoke\n|poke|p1|Mamoswine, F|\n|poke|p1|Tapu Koko|\n|poke|p1|Aerodactyl, M|\n|poke|p1|Cresselia, F|\n|poke|p1|Toxapex, M|\n|poke|p1|Entei|\n|poke|p2|Charizard, F|\n|poke|p2|Golisopod, M|\n|poke|p2|Iron Hands|\n|poke|p2|Espeon, F|\n|poke|p2|Garchomp, M|\n|poke|p2|Jellicent, F|\n|teampreview\n|\n|t:|1700190108\n|start\n|switch|p1a: Mei|Mamoswine, F|100\/100\n|switch|p2a: brian|Golisopod, M|100\/100\n|turn|1\n|\n|t:|1700190173\n|switch|p1a: Sasori|Toxapex, M, shiny|100\/100\n|move|p2a: brian|First Impression|p1a: Sasori\n|-resisted|p1a: Sasori\n|-damage|p1a: Sasori|78\/100\n|\n|-heal|p1a: Sasori|84\/100|[from] item: Black Sludge\n|upkeep\n|turn|2\n|\n|t:|1700190202\n|switch|p2a: peter|Jellicent, F|100\/100\n|switch|p1a: Mei|Mamoswine, F|100\/100\n|\n|upkeep\n|turn|3\n|\n|t:|1700190214\n|switch|p1a: Sasori|Toxapex, M, shiny|100\/100\n|move|p2a: peter|Scald|p1a: Sasori\n|-resisted|p1a: Sasori\n|-damage|p1a: Sasori|90\/100\n|\n|-heal|p1a: Sasori|96\/100|[from] item: Black Sludge\n|upkeep\n|turn|4\n|\n|t:|1700190224\n|move|p2a: peter|Taunt|p1a: Sasori\n|-start|p1a: Sasori|move: Taunt\n|move|p1a: Sasori|Knock Off|p2a: peter\n|-supereffective|p2a: peter\n|-damage|p2a: peter|77\/100\n|-enditem|p2a: peter|Leftovers|[from] move: Knock Off|[of] p1a: Sasori\n|\n|-heal|p1a: Sasori|100\/100|[from] item: Black Sludge\n|upkeep\n|turn|5\n|\n|t:|1700190293\n|switch|p2a: lois|Espeon, F|100\/100\n|move|p1a: Sasori|Ice Spinner|p2a: lois\n|-damage|p2a: lois|75\/100\n|\n|upkeep\n|turn|6\n|\n|t:|1700190356\n|switch|p1a: Aerodactyl|Aerodactyl, M|100\/100\n|move|p2a: lois|Wish|p2a: lois\n|\n|upkeep\n|turn|7\n|\n|t:|1700190371\n|switch|p2a: quagmire|Iron Hands|100\/100\n|detailschange|p1a: Aerodactyl|Aerodactyl-Mega, M\n|-mega|p1a: Aerodactyl|Aerodactyl|Aerodactylite\n|move|p1a: Aerodactyl|Dragon Dance|p1a: Aerodactyl\n|-boost|p1a: Aerodactyl|atk|1\n|-boost|p1a: Aerodactyl|spe|1\n|\n|upkeep\n|turn|8\n|\n|t:|1700190394\n|-end|p2a: quagmire|Quark Drive|[silent]\n|switch|p2a: chris|Garchomp, M|100\/100\n|move|p1a: Aerodactyl|Earthquake|p2a: chris\n|-damage|p2a: chris|46\/100\n|\n|upkeep\n|turn|9\n|\n|t:|1700190406\n|move|p1a: Aerodactyl|Ice Fang|p2a: chris\n|-supereffective|p2a: chris\n|-damage|p2a: chris|0 fnt\n|-damage|p1a: Aerodactyl|88\/100|[from] ability: Rough Skin|[of] p2a: chris\n|faint|p2a: chris\n|\n|upkeep\n|\n|t:|1700190425\n|switch|p2a: meg|Charizard, F|100\/100\n|turn|10\n|\n|t:|1700190470\n|detailschange|p2a: meg|Charizard-Mega-X, F\n|-mega|p2a: meg|Charizard|Charizardite X\n|move|p1a: Aerodactyl|Earthquake|p2a: meg\n|-supereffective|p2a: meg\n|-damage|p2a: meg|0 fnt\n|faint|p2a: meg\n|\n|upkeep\n|\n|t:|1700190483\n|switch|p2a: peter|Jellicent, F|77\/100\n|turn|11\n|\n|t:|1700190495\n|move|p1a: Aerodactyl|Crunch|p2a: peter\n|-supereffective|p2a: peter\n|-damage|p2a: peter|0 fnt\n|faint|p2a: peter\n|\n|upkeep\n|\n|t:|1700190505\n|switch|p2a: brian|Golisopod, M|100\/100\n|turn|12\n|\n|t:|1700190518\n|move|p2a: brian|First Impression|p1a: Aerodactyl\n|-resisted|p1a: Aerodactyl\n|-damage|p1a: Aerodactyl|41\/100\n|move|p1a: Aerodactyl|Crunch|p2a: brian\n|-damage|p2a: brian|57\/100\n|\n|upkeep\n|turn|13\n|\n|t:|1700190541\n|switch|p2a: lois|Espeon, F|75\/100\n|move|p1a: Aerodactyl|Crunch|p2a: lois\n|-supereffective|p2a: lois\n|-damage|p2a: lois|0 fnt\n|faint|p2a: lois\n|\n|upkeep\n|\n|t:|1700190548\n|switch|p2a: brian|Golisopod, M|57\/100\n|turn|14\n|\n|t:|1700190557\n|switch|p1a: Sasori|Toxapex, M, shiny|100\/100\n|move|p2a: brian|First Impression|p1a: Sasori\n|-resisted|p1a: Sasori\n|-damage|p1a: Sasori|76\/100\n|\n|-heal|p1a: Sasori|82\/100|[from] item: Black Sludge\n|upkeep\n|turn|15\n|\n|t:|1700190566\n|move|p2a: brian|First Impression||[still]\n|-hint|First Impression only works on your first turn out.\n|-fail|p2a: brian\n|move|p1a: Sasori|Knock Off|p2a: brian\n|-damage|p2a: brian|46\/100\n|-enditem|p2a: brian|Choice Band|[from] move: Knock Off|[of] p1a: Sasori\n|-activate|p2a: brian|ability: Emergency Exit\n|\n|t:|1700190573\n|switch|p2a: quagmire|Iron Hands|100\/100\n|\n|-heal|p1a: Sasori|88\/100|[from] item: Black Sludge\n|upkeep\n|turn|16\n|\n|t:|1700190590\n|move|p1a: Sasori|Baneful Bunker|p1a: Sasori\n|-singleturn|p1a: Sasori|move: Protect\n|move|p2a: quagmire|Volt Switch|p1a: Sasori\n|-activate|p1a: Sasori|move: Protect\n|\n|-heal|p1a: Sasori|94\/100|[from] item: Black Sludge\n|upkeep\n|turn|17\n|\n|t:|1700190608\n|switch|p1a: Tapu Koko|Tapu Koko|100\/100\n|-fieldstart|move: Electric Terrain|[from] ability: Electric Surge|[of] p1a: Tapu Koko\n|-activate|p2a: quagmire|ability: Quark Drive\n|-start|p2a: quagmire|quarkdriveatk\n|move|p2a: quagmire|Volt Switch|p1a: Tapu Koko\n|-resisted|p1a: Tapu Koko\n|-damage|p1a: Tapu Koko|87\/100\n|\n|t:|1700190620\n|-end|p2a: quagmire|Quark Drive|[silent]\n|switch|p2a: brian|Golisopod, M|46\/100|[from] Volt Switch\n|\n|upkeep\n|turn|18\n|\n|t:|1700190663\n|move|p2a: brian|First Impression|p1a: Tapu Koko\n|-resisted|p1a: Tapu Koko\n|-damage|p1a: Tapu Koko|55\/100\n|move|p1a: Tapu Koko|Volt Switch|p2a: brian\n|-supereffective|p2a: brian\n|-damage|p2a: brian|0 fnt\n|faint|p2a: brian\n|\n|t:|1700190674\n|switch|p1a: Mei|Mamoswine, F|100\/100|[from] Volt Switch\n|\n|upkeep\n|\n|t:|1700190677\n|switch|p2a: quagmire|Iron Hands|100\/100\n|-activate|p2a: quagmire|ability: Quark Drive\n|-start|p2a: quagmire|quarkdriveatk\n|turn|19\n|\n|t:|1700190687\n|move|p1a: Mei|Earthquake|p2a: quagmire\n|-supereffective|p2a: quagmire\n|-damage|p2a: quagmire|24\/100\n|move|p2a: quagmire|Close Combat|p1a: Mei\n|-supereffective|p1a: Mei\n|-damage|p1a: Mei|0 fnt\n|-unboost|p2a: quagmire|def|1\n|-unboost|p2a: quagmire|spd|1\n|faint|p1a: Mei\n|\n|upkeep\n|\n|t:|1700190716\n|switch|p1a: Aerodactyl|Aerodactyl-Mega, M|41\/100\n|turn|20\n|\n|t:|1700190721\n|move|p1a: Aerodactyl|Earthquake|p2a: quagmire\n|-supereffective|p2a: quagmire\n|-damage|p2a: quagmire|0 fnt\n|faint|p2a: quagmire\n|-end|p2a: quagmire|Quark Drive|[silent]\n|\n|win|justjoshjosh\n|c|\u2606ckswagdog|lol\\\n|c|\u2606justjoshjosh|GG man\n|c|\u2606ckswagdog|gg i guess\n|l|\u2606ckswagdog\n","uploadtime":1700190739,"views":45,"p1id":"justjoshjosh","p2id":"ckswagdog","formatid":"gen9nationaldex","rating":0,"private":0,"password":""}