{"id":"gen9nationaldex-1988296862","p1":"I'm papita","p2":"Osiolo","format":"[Gen 9] National Dex","log":"|j|\u2606I'm papita\n|j|\u2606Osiolo\n|t:|1699703891\n|gametype|singles\n|player|p1|I'm papita|volo|1184\n|player|p2|Osiolo|shauntal|1122\n|teamsize|p1|6\n|teamsize|p2|6\n|gen|9\n|tier|[Gen 9] National Dex\n|rated|\n|rule|HP Percentage Mod: HP is shown in percentages\n|rule|Endless Battle Clause: Forcing endless battles is banned\n|rule|OHKO Clause: OHKO moves are banned\n|rule|Evasion Clause: Evasion abilities, items, and moves are banned\n|rule|Evasion Abilities Clause: Evasion abilities are banned\n|rule|Evasion Items Clause: Evasion items are banned\n|rule|Evasion Moves Clause: Evasion moves are banned\n|rule|Species Clause: Limit one of each Pok\u00e9mon\n|rule|Sleep Clause Mod: Limit one foe put to sleep\n|clearpoke\n|poke|p1|Feraligatr, F|\n|poke|p1|Lopunny, F|\n|poke|p1|Banette, M|\n|poke|p1|Porygon-Z|\n|poke|p1|Clodsire, F|\n|poke|p1|Orthworm, F|\n|poke|p2|Golisopod, F|\n|poke|p2|Rillaboom, M|\n|poke|p2|Hatterene, F|\n|poke|p2|Xurkitree|\n|poke|p2|Iron Treads|\n|poke|p2|Klawf, F|\n|teampreview\n|inactive|Battle timer is ON: inactive players will automatically lose when time's up. (requested by Osiolo)\n|\n|t:|1699703907\n|start\n|switch|p1a: Orthworm|Orthworm, F|100\/100\n|switch|p2a: Rillaboom|Rillaboom, M|100\/100\n|-fieldstart|move: Grassy Terrain|[from] ability: Grassy Surge|[of] p2a: Rillaboom\n|turn|1\n|\n|t:|1699703913\n|move|p2a: Rillaboom|Knock Off|p1a: Orthworm\n|-damage|p1a: Orthworm|78\/100\n|-enditem|p1a: Orthworm|Leftovers|[from] move: Knock Off|[of] p2a: Rillaboom\n|move|p1a: Orthworm|Iron Defense|p1a: Orthworm\n|-boost|p1a: Orthworm|def|2\n|\n|-heal|p1a: Orthworm|84\/100|[from] Grassy Terrain\n|upkeep\n|turn|2\n|\n|t:|1699703920\n|move|p2a: Rillaboom|U-turn|p1a: Orthworm\n|-resisted|p1a: Orthworm\n|-damage|p1a: Orthworm|80\/100\n|\n|t:|1699703933\n|switch|p2a: Hatterene|Hatterene, F|100\/100|[from] U-turn\n|move|p1a: Orthworm|Stealth Rock|p2a: Hatterene\n|move|p2a: Hatterene|Stealth Rock|p1a: Orthworm|[from]ability: Magic Bounce\n|-sidestart|p1: I'm papita|move: Stealth Rock\n|\n|-heal|p1a: Orthworm|86\/100|[from] Grassy Terrain\n|upkeep\n|turn|3\n|\n|t:|1699703942\n|move|p1a: Orthworm|Iron Head|p2a: Hatterene\n|-supereffective|p2a: Hatterene\n|-damage|p2a: Hatterene|32\/100\n|move|p2a: Hatterene|Mystical Fire|p1a: Orthworm\n|-supereffective|p1a: Orthworm\n|-damage|p1a: Orthworm|0 fnt\n|faint|p1a: Orthworm\n|\n|-heal|p2a: Hatterene|38\/100|[from] Grassy Terrain\n|-heal|p2a: Hatterene|44\/100|[from] item: Leftovers\n|upkeep\n|\n|t:|1699703949\n|switch|p1a: Banette|Banette, M, shiny|100\/100\n|-damage|p1a: Banette|88\/100|[from] Stealth Rock\n|-item|p2a: Hatterene|Leftovers|[from] ability: Frisk|[of] p1a: Banette|[identify]\n|turn|4\n|\n|t:|1699703958\n|switch|p2a: Golisopod|Golisopod, F|100\/100\n|detailschange|p1a: Banette|Banette-Mega, M, shiny\n|-mega|p1a: Banette|Banette|Banettite\n|move|p1a: Banette|Shadow Sneak|p2a: Golisopod\n|-damage|p2a: Golisopod|82\/100\n|\n|-heal|p1a: Banette|94\/100|[from] Grassy Terrain\n|-heal|p2a: Golisopod|88\/100|[from] Grassy Terrain\n|upkeep\n|turn|5\n|\n|t:|1699703975\n|move|p2a: Golisopod|Sucker Punch|p1a: Banette\n|-supereffective|p1a: Banette\n|-damage|p1a: Banette|12\/100\n|-damage|p2a: Golisopod|78\/100|[from] item: Life Orb\n|move|p1a: Banette|Knock Off|p2a: Golisopod\n|-damage|p2a: Golisopod|45\/100\n|-enditem|p2a: Golisopod|Life Orb|[from] move: Knock Off|[of] p1a: Banette\n|-activate|p2a: Golisopod|ability: Emergency Exit\n|inactive|Osiolo has 120 seconds left.\n|\n|t:|1699704009\n|switch|p2a: Rillaboom|Rillaboom, M|100\/100\n|\n|-heal|p1a: Banette|18\/100|[from] Grassy Terrain\n|-fieldend|move: Grassy Terrain\n|upkeep\n|turn|6\n|\n|t:|1699704019\n|move|p1a: Banette|Destiny Bond|p1a: Banette\n|-singlemove|p1a: Banette|Destiny Bond\n|move|p2a: Rillaboom|Knock Off|p1a: Banette\n|-supereffective|p1a: Banette\n|-damage|p1a: Banette|0 fnt\n|faint|p1a: Banette\n|-activate|p1a: Banette|move: Destiny Bond\n|faint|p2a: Rillaboom\n|\n|upkeep\n|inactive|Osiolo has 120 seconds left.\n|\n|t:|1699704037\n|switch|p2a: Hatterene|Hatterene, F|44\/100\n|switch|p1a: Feraligatr|Feraligatr, F, shiny|100\/100\n|-damage|p1a: Feraligatr|88\/100|[from] Stealth Rock\n|turn|7\n|\n|t:|1699704041\n|move|p1a: Feraligatr|Dragon Dance|p1a: Feraligatr\n|-boost|p1a: Feraligatr|atk|1\n|-boost|p1a: Feraligatr|spe|1\n|move|p2a: Hatterene|Draining Kiss|p1a: Feraligatr\n|-crit|p1a: Feraligatr\n|-damage|p1a: Feraligatr|30\/100\n|-heal|p2a: Hatterene|87\/100|[from] drain|[of] p1a: Feraligatr\n|\n|-heal|p2a: Hatterene|93\/100|[from] item: Leftovers\n|upkeep\n|turn|8\n|\n|t:|1699704049\n|-terastallize|p1a: Feraligatr|Water\n|move|p1a: Feraligatr|Liquidation|p2a: Hatterene\n|-damage|p2a: Hatterene|0 fnt\n|faint|p2a: Hatterene\n|\n|upkeep\n|\n|t:|1699704056\n|switch|p2a: Golisopod|Golisopod, F|45\/100\n|turn|9\n|\n|t:|1699704064\n|switch|p1a: Lopunny|Lopunny, F, shiny|100\/100\n|-damage|p1a: Lopunny|88\/100|[from] Stealth Rock\n|-terastallize|p2a: Golisopod|Bug\n|move|p2a: Golisopod|First Impression|p1a: Lopunny\n|-damage|p1a: Lopunny|0 fnt\n|faint|p1a: Lopunny\n|\n|upkeep\n|\n|t:|1699704076\n|switch|p1a: Clodsire|Clodsire, F|100\/100\n|-damage|p1a: Clodsire|94\/100|[from] Stealth Rock\n|turn|10\n|\n|t:|1699704090\n|switch|p2a: Iron Treads|Iron Treads|100\/100\n|move|p1a: Clodsire|Earthquake|p2a: Iron Treads\n|-supereffective|p2a: Iron Treads\n|-damage|p2a: Iron Treads|50\/100\n|\n|-heal|p1a: Clodsire|100\/100|[from] item: Black Sludge\n|upkeep\n|turn|11\n|\n|t:|1699704099\n|move|p2a: Iron Treads|Stomping Tantrum|p1a: Clodsire\n|-supereffective|p1a: Clodsire\n|-damage|p1a: Clodsire|27\/100\n|move|p1a: Clodsire|Earthquake|p2a: Iron Treads\n|-supereffective|p2a: Iron Treads\n|-damage|p2a: Iron Treads|1\/100\n|\n|-heal|p1a: Clodsire|33\/100|[from] item: Black Sludge\n|upkeep\n|turn|12\n|\n|t:|1699704104\n|move|p2a: Iron Treads|Stomping Tantrum|p1a: Clodsire\n|-supereffective|p1a: Clodsire\n|-damage|p1a: Clodsire|0 fnt\n|faint|p1a: Clodsire\n|\n|upkeep\n|\n|t:|1699704112\n|switch|p1a: Porygon-Z|Porygon-Z, shiny|100\/100\n|-damage|p1a: Porygon-Z|88\/100|[from] Stealth Rock\n|turn|13\n|\n|t:|1699704124\n|move|p1a: Porygon-Z|Tri Attack|p2a: Iron Treads\n|-resisted|p2a: Iron Treads\n|-damage|p2a: Iron Treads|0 fnt\n|faint|p2a: Iron Treads\n|-end|p2a: Iron Treads|Quark Drive|[silent]\n|\n|upkeep\n|\n|t:|1699704131\n|switch|p2a: Klawf|Klawf, F|100\/100\n|turn|14\n|\n|t:|1699704136\n|move|p1a: Porygon-Z|Tri Attack|p2a: Klawf\n|-resisted|p2a: Klawf\n|-crit|p2a: Klawf\n|-damage|p2a: Klawf|20\/100\n|-status|p2a: Klawf|frz\n|-ability|p2a: Klawf|Anger Shell|boost\n|-boost|p2a: Klawf|atk|1\n|-boost|p2a: Klawf|spa|1\n|-boost|p2a: Klawf|spe|1\n|-unboost|p2a: Klawf|def|1\n|-unboost|p2a: Klawf|spd|1\n|cant|p2a: Klawf|frz\n|\n|upkeep\n|turn|15\n|c|\u2606I'm papita|omg\n|\n|t:|1699704152\n|move|p1a: Porygon-Z|Tri Attack|p2a: Klawf\n|-resisted|p2a: Klawf\n|-damage|p2a: Klawf|0 fnt\n|faint|p2a: Klawf\n|\n|upkeep\n|\n|t:|1699704157\n|switch|p2a: Xurkitree|Xurkitree|100\/100\n|turn|16\n|\n|t:|1699704163\n|move|p1a: Porygon-Z|Tri Attack|p2a: Xurkitree\n|-damage|p2a: Xurkitree|13\/100\n|-status|p2a: Xurkitree|frz\n|cant|p2a: Xurkitree|frz\n|\n|upkeep\n|turn|17\n|\n|t:|1699704170\n|move|p1a: Porygon-Z|Tri Attack|p2a: Xurkitree\n|-damage|p2a: Xurkitree|0 fnt\n|faint|p2a: Xurkitree\n|\n|upkeep\n|\n|t:|1699704172\n|switch|p2a: Golisopod|Golisopod, F, tera:Bug|45\/100\n|turn|18\n|c|\u2606I'm papita|wtf?\n|\n|t:|1699704179\n|switch|p1a: Feraligatr|Feraligatr, F, shiny, tera:Water|30\/100\n|-damage|p1a: Feraligatr|18\/100|[from] Stealth Rock\n|move|p2a: Golisopod|First Impression|p1a: Feraligatr\n|-damage|p1a: Feraligatr|0 fnt\n|faint|p1a: Feraligatr\n|\n|upkeep\n|\n|t:|1699704181\n|switch|p1a: Porygon-Z|Porygon-Z, shiny|88\/100\n|-damage|p1a: Porygon-Z|76\/100|[from] Stealth Rock\n|turn|19\n|\n|t:|1699704185\n|move|p1a: Porygon-Z|Tri Attack|p2a: Golisopod\n|-damage|p2a: Golisopod|0 fnt\n|faint|p2a: Golisopod\n|\n|win|I'm papita\n|raw|I&apos;m papita's rating: 1184 &rarr; <strong>1205<\/strong><br \/>(+21 for winning)\n|raw|Osiolo's rating: 1122 &rarr; <strong>1101<\/strong><br \/>(-21 for losing)\n|c|\u2606I'm papita|i got so lucky...\n|c|\u2606I'm papita|gg\n|l|\u2606I'm papita\n|j|\u2606I'm papita\n|player|p1|I'm papita|volo\n","uploadtime":1699704229,"views":19,"p1id":"impapita","p2id":"osiolo","formatid":"gen9nationaldex","rating":1101,"private":0,"password":""}