{"id":"gen9nationaldex-1991839447","p1":"musichat","p2":"Yuanshen61\u6211\u8981\u73a9\u539f\u795e","format":"[Gen 9] National Dex","log":"|j|\u2606musichat\n|j|\u2606Yuanshen61\u6211\u8981\u73a9\u539f\u795e\n|t:|1700126429\n|gametype|singles\n|player|p1|musichat|zinnia|1471\n|player|p2|Yuanshen61\u6211\u8981\u73a9\u539f\u795e|dawn-contest|1496\n|teamsize|p1|6\n|teamsize|p2|6\n|gen|9\n|tier|[Gen 9] National Dex\n|rated|\n|rule|HP Percentage Mod: HP is shown in percentages\n|rule|Endless Battle Clause: Forcing endless battles is banned\n|rule|OHKO Clause: OHKO moves are banned\n|rule|Evasion Clause: Evasion abilities, items, and moves are banned\n|rule|Evasion Abilities Clause: Evasion abilities are banned\n|rule|Evasion Items Clause: Evasion items are banned\n|rule|Evasion Moves Clause: Evasion moves are banned\n|rule|Species Clause: Limit one of each Pok\u00e9mon\n|rule|Sleep Clause Mod: Limit one foe put to sleep\n|clearpoke\n|poke|p1|Tyranitar, F|\n|poke|p1|Excadrill, M|\n|poke|p1|Rotom-Wash|\n|poke|p1|Iron Valiant|\n|poke|p1|Ferrothorn, F|\n|poke|p1|Moltres|\n|poke|p2|Garchomp, M|\n|poke|p2|Rillaboom, M|\n|poke|p2|Sneasler, F|\n|poke|p2|Scizor, M|\n|poke|p2|Moltres|\n|poke|p2|Iron Valiant|\n|teampreview\n|inactive|Battle timer is ON: inactive players will automatically lose when time's up. (requested by Yuanshen61\u6211\u8981\u73a9\u539f\u795e)\n|inactive|musichat also wants the timer to be on.\n|inactive|musichat has 120 seconds left.\n|\n|t:|1700126464\n|start\n|switch|p1a: Ride The Lightning|Rotom-Wash|100\/100\n|switch|p2a: \u949f\u79bb|Garchomp, M|100\/100\n|turn|1\n|\n|t:|1700126467\n|move|p2a: \u949f\u79bb|Stealth Rock|p1a: Ride The Lightning\n|-sidestart|p1: musichat|move: Stealth Rock\n|move|p1a: Ride The Lightning|Will-O-Wisp|p2a: \u949f\u79bb\n|-status|p2a: \u949f\u79bb|brn\n|\n|-damage|p2a: \u949f\u79bb|94\/100 brn|[from] brn\n|upkeep\n|turn|2\n|\n|t:|1700126471\n|switch|p1a: gamer god|Ferrothorn, F|100\/100\n|-damage|p1a: gamer god|94\/100|[from] Stealth Rock\n|move|p2a: \u949f\u79bb|Swords Dance|p2a: \u949f\u79bb\n|-boost|p2a: \u949f\u79bb|atk|2\n|\n|-heal|p1a: gamer god|100\/100|[from] item: Leftovers\n|-damage|p2a: \u949f\u79bb|88\/100 brn|[from] brn\n|upkeep\n|turn|3\n|\n|t:|1700126481\n|-zpower|p2a: \u949f\u79bb\n|move|p2a: \u949f\u79bb|Devastating Drake|p1a: gamer god|[zeffect]\n|-resisted|p1a: gamer god\n|-damage|p1a: gamer god|74\/100\n|move|p1a: gamer god|Stealth Rock|p2a: \u949f\u79bb\n|-sidestart|p2: Yuanshen61\u6211\u8981\u73a9\u539f\u795e|move: Stealth Rock\n|\n|-heal|p1a: gamer god|80\/100|[from] item: Leftovers\n|-damage|p2a: \u949f\u79bb|82\/100 brn|[from] brn\n|upkeep\n|turn|4\n|\n|t:|1700126489\n|move|p2a: \u949f\u79bb|Earthquake|p1a: gamer god\n|-damage|p1a: gamer god|48\/100\n|move|p1a: gamer god|Leech Seed|p2a: \u949f\u79bb\n|-start|p2a: \u949f\u79bb|move: Leech Seed\n|\n|-heal|p1a: gamer god|54\/100|[from] item: Leftovers\n|-damage|p2a: \u949f\u79bb|70\/100 brn|[from] Leech Seed|[of] p1a: gamer god\n|-heal|p1a: gamer god|67\/100|[silent]\n|-damage|p2a: \u949f\u79bb|64\/100 brn|[from] brn\n|upkeep\n|turn|5\n|\n|t:|1700126499\n|switch|p2a: \u706b\u6f02\u6d6e\u7075|Moltres|100\/100\n|move|p1a: gamer god|Stealth Rock||[still]\n|-fail|p1a: gamer god\n|\n|-heal|p1a: gamer god|73\/100|[from] item: Leftovers\n|upkeep\n|turn|6\n|\n|t:|1700126509\n|switch|p1a: Ride The Lightning|Rotom-Wash|100\/100\n|-damage|p1a: Ride The Lightning|88\/100|[from] Stealth Rock\n|move|p2a: \u706b\u6f02\u6d6e\u7075|U-turn|p1a: Ride The Lightning\n|-damage|p1a: Ride The Lightning|77\/100\n|\n|t:|1700126513\n|switch|p2a: \u827e\u5c14\u6d77\u68ee|Rillaboom, M|100\/100|[from] U-turn\n|-damage|p2a: \u827e\u5c14\u6d77\u68ee|88\/100|[from] Stealth Rock\n|-fieldstart|move: Grassy Terrain|[from] ability: Grassy Surge|[of] p2a: \u827e\u5c14\u6d77\u68ee\n|\n|-heal|p2a: \u827e\u5c14\u6d77\u68ee|94\/100|[from] Grassy Terrain\n|-heal|p1a: Ride The Lightning|83\/100|[from] item: Leftovers\n|upkeep\n|turn|7\n|\n|t:|1700126517\n|switch|p1a: Kill Em' All|Moltres|100\/100\n|move|p2a: \u827e\u5c14\u6d77\u68ee|U-turn|p1a: Kill Em' All\n|-resisted|p1a: Kill Em' All\n|-damage|p1a: Kill Em' All|92\/100\n|\n|t:|1700126523\n|switch|p2a: \u4e39\u6052\u00b7\u996e\u6708|Iron Valiant|100\/100|[from] U-turn\n|-damage|p2a: \u4e39\u6052\u00b7\u996e\u6708|94\/100|[from] Stealth Rock\n|-enditem|p2a: \u4e39\u6052\u00b7\u996e\u6708|Booster Energy\n|-activate|p2a: \u4e39\u6052\u00b7\u996e\u6708|ability: Quark Drive|[fromitem]\n|-start|p2a: \u4e39\u6052\u00b7\u996e\u6708|quarkdrivespe\n|\n|-heal|p2a: \u4e39\u6052\u00b7\u996e\u6708|100\/100|[from] Grassy Terrain\n|upkeep\n|turn|8\n|\n|t:|1700126533\n|move|p2a: \u4e39\u6052\u00b7\u996e\u6708|Thunderbolt|p1a: Kill Em' All\n|-supereffective|p1a: Kill Em' All\n|-damage|p1a: Kill Em' All|47\/100\n|move|p1a: Kill Em' All|Hurricane|p2a: \u4e39\u6052\u00b7\u996e\u6708|[miss]\n|-miss|p1a: Kill Em' All|p2a: \u4e39\u6052\u00b7\u996e\u6708\n|\n|upkeep\n|turn|9\n|\n|t:|1700126539\n|-terastallize|p2a: \u4e39\u6052\u00b7\u996e\u6708|Electric\n|move|p2a: \u4e39\u6052\u00b7\u996e\u6708|Thunderbolt|p1a: Kill Em' All\n|-supereffective|p1a: Kill Em' All\n|-damage|p1a: Kill Em' All|0 fnt\n|faint|p1a: Kill Em' All\n|\n|upkeep\n|\n|t:|1700126543\n|switch|p1a: we're tyraniback|Tyranitar, F|100\/100\n|-damage|p1a: we're tyraniback|88\/100|[from] Stealth Rock\n|-weather|Sandstorm|[from] ability: Sand Stream|[of] p1a: we're tyraniback\n|turn|10\n|\n|t:|1700126560\n|detailschange|p1a: we're tyraniback|Tyranitar-Mega, F\n|-mega|p1a: we're tyraniback|Tyranitar|Tyranitarite\n|move|p2a: \u4e39\u6052\u00b7\u996e\u6708|Aura Sphere|p1a: we're tyraniback\n|-supereffective|p1a: we're tyraniback\n|-damage|p1a: we're tyraniback|6\/100\n|move|p1a: we're tyraniback|Stone Edge|p2a: \u4e39\u6052\u00b7\u996e\u6708\n|-damage|p2a: \u4e39\u6052\u00b7\u996e\u6708|18\/100\n|\n|-weather|Sandstorm|[upkeep]\n|-damage|p2a: \u4e39\u6052\u00b7\u996e\u6708|12\/100|[from] Sandstorm\n|-heal|p2a: \u4e39\u6052\u00b7\u996e\u6708|18\/100|[from] Grassy Terrain\n|-heal|p1a: we're tyraniback|12\/100|[from] Grassy Terrain\n|-fieldend|move: Grassy Terrain\n|upkeep\n|turn|11\n|\n|t:|1700126568\n|switch|p1a: Ride The Lightning|Rotom-Wash|83\/100\n|-damage|p1a: Ride The Lightning|71\/100|[from] Stealth Rock\n|move|p2a: \u4e39\u6052\u00b7\u996e\u6708|Aura Sphere|p1a: Ride The Lightning\n|-damage|p1a: Ride The Lightning|29\/100\n|\n|-weather|Sandstorm|[upkeep]\n|-damage|p2a: \u4e39\u6052\u00b7\u996e\u6708|12\/100|[from] Sandstorm\n|-damage|p1a: Ride The Lightning|23\/100|[from] Sandstorm\n|-heal|p1a: Ride The Lightning|29\/100|[from] item: Leftovers\n|upkeep\n|turn|12\n|\n|t:|1700126585\n|move|p2a: \u4e39\u6052\u00b7\u996e\u6708|Moonblast|p1a: Ride The Lightning\n|-damage|p1a: Ride The Lightning|0 fnt\n|faint|p1a: Ride The Lightning\n|\n|-weather|Sandstorm|[upkeep]\n|-damage|p2a: \u4e39\u6052\u00b7\u996e\u6708|6\/100|[from] Sandstorm\n|upkeep\n|\n|t:|1700126589\n|switch|p1a: Enter Sandman|Excadrill, M|100\/100\n|-damage|p1a: Enter Sandman|97\/100|[from] Stealth Rock\n|turn|13\n|\n|t:|1700126591\n|move|p1a: Enter Sandman|Rapid Spin|p2a: \u4e39\u6052\u00b7\u996e\u6708\n|-damage|p2a: \u4e39\u6052\u00b7\u996e\u6708|0 fnt\n|-boost|p1a: Enter Sandman|spe|1\n|-sideend|p1: musichat|Stealth Rock|[from] move: Rapid Spin|[of] p1a: Enter Sandman\n|faint|p2a: \u4e39\u6052\u00b7\u996e\u6708\n|-end|p2a: \u4e39\u6052\u00b7\u996e\u6708|Quark Drive|[silent]\n|\n|-weather|Sandstorm|[upkeep]\n|upkeep\n|\n|t:|1700126594\n|switch|p2a: \u706b\u6f02\u6d6e\u7075|Moltres|100\/100\n|turn|14\n|\n|t:|1700126604\n|move|p1a: Enter Sandman|Swords Dance|p1a: Enter Sandman\n|-boost|p1a: Enter Sandman|atk|2\n|move|p2a: \u706b\u6f02\u6d6e\u7075|Flamethrower|p1a: Enter Sandman\n|-supereffective|p1a: Enter Sandman\n|-damage|p1a: Enter Sandman|0 fnt\n|faint|p1a: Enter Sandman\n|\n|-weather|none\n|upkeep\n|-message|musichat forfeited.\n|\n|win|Yuanshen61\u6211\u8981\u73a9\u539f\u795e\n|raw|musichat's rating: 1471 &rarr; <strong>1452<\/strong><br \/>(-19 for losing)\n|raw|Yuanshen61\u6211\u8981\u73a9\u539f\u795e's rating: 1496 &rarr; <strong>1515<\/strong><br \/>(+19 for winning)\n|l|\u2606musichat\n","uploadtime":1700126611,"views":5,"p1id":"musichat","p2id":"yuanshen61","formatid":"gen9nationaldex","rating":1452,"private":0,"password":""}