{"id":"gen9nationaldex-1992071961","p1":"AutumnCookie","p2":"cassinidivision","format":"[Gen 9] National Dex","log":"|j|\u2606AutumnCookie\n|j|\u2606cassinidivision\n|t:|1700152712\n|gametype|singles\n|player|p1|AutumnCookie|kieran|\n|player|p2|cassinidivision|poppy|\n|teamsize|p1|6\n|teamsize|p2|6\n|gen|9\n|tier|[Gen 9] National Dex\n|rule|HP Percentage Mod: HP is shown in percentages\n|rule|Endless Battle Clause: Forcing endless battles is banned\n|rule|OHKO Clause: OHKO moves are banned\n|rule|Evasion Clause: Evasion abilities, items, and moves are banned\n|rule|Evasion Abilities Clause: Evasion abilities are banned\n|rule|Evasion Items Clause: Evasion items are banned\n|rule|Evasion Moves Clause: Evasion moves are banned\n|rule|Species Clause: Limit one of each Pok\u00e9mon\n|rule|Sleep Clause Mod: Limit one foe put to sleep\n|clearpoke\n|poke|p1|Shiftry, M|\n|poke|p1|Yanmega, M|\n|poke|p1|Dipplin, M|\n|poke|p1|Probopass, M|\n|poke|p1|Poliwrath, M|\n|poke|p1|Gliscor, M|\n|poke|p2|Copperajah, F|\n|poke|p2|Tinkaton, F|\n|poke|p2|Magnezone|\n|poke|p2|Corviknight, M|\n|poke|p2|Klefki, F|\n|poke|p2|Togedemaru, F|\n|teampreview\n|c|\u2606cassinidivision|i love being small\n|c|\u2606AutumnCookie|REAL\n|\n|t:|1700152730\n|start\n|switch|p1a: Shiftry|Shiftry, M|100\/100\n|switch|p2a: Klefki|Klefki, F|100\/100\n|turn|1\n|\n|t:|1700152742\n|move|p2a: Klefki|Light Screen|p2a: Klefki\n|-sidestart|p2: cassinidivision|move: Light Screen\n|move|p1a: Shiftry|Tailwind|p1a: Shiftry\n|-sidestart|p1: AutumnCookie|move: Tailwind\n|-ability|p1a: Shiftry|Wind Rider|boost\n|-boost|p1a: Shiftry|atk|1\n|\n|upkeep\n|turn|2\n|\n|t:|1700152750\n|move|p2a: Klefki|Reflect|p2a: Klefki\n|-sidestart|p2: cassinidivision|Reflect\n|move|p1a: Shiftry|Leaf Blade|p2a: Klefki\n|-resisted|p2a: Klefki\n|-damage|p2a: Klefki|89\/100\n|\n|upkeep\n|turn|3\n|\n|t:|1700152764\n|move|p2a: Klefki|Spikes|p1a: Shiftry\n|-sidestart|p1: AutumnCookie|Spikes\n|move|p1a: Shiftry|Dark Pulse|p2a: Klefki\n|-resisted|p2a: Klefki\n|-damage|p2a: Klefki|82\/100\n|\n|upkeep\n|turn|4\n|\n|t:|1700152774\n|move|p2a: Klefki|Spikes|p1a: Shiftry\n|-sidestart|p1: AutumnCookie|Spikes\n|move|p1a: Shiftry|Leaf Blade|p2a: Klefki\n|-resisted|p2a: Klefki\n|-crit|p2a: Klefki\n|-damage|p2a: Klefki|43\/100\n|\n|-sideend|p1: AutumnCookie|move: Tailwind\n|upkeep\n|turn|5\n|\n|t:|1700152786\n|move|p2a: Klefki|Spikes|p1a: Shiftry\n|-sidestart|p1: AutumnCookie|Spikes\n|move|p1a: Shiftry|Tailwind|p1a: Shiftry\n|-sidestart|p1: AutumnCookie|move: Tailwind\n|-ability|p1a: Shiftry|Wind Rider|boost\n|-boost|p1a: Shiftry|atk|1\n|\n|upkeep\n|turn|6\n|\n|t:|1700152803\n|switch|p2a: Corviknight|Corviknight, M|100\/100\n|-ability|p2a: Corviknight|Pressure\n|move|p1a: Shiftry|Leaf Blade|p2a: Corviknight\n|-resisted|p2a: Corviknight\n|-damage|p2a: Corviknight|95\/100\n|-damage|p1a: Shiftry|84\/100|[from] item: Rocky Helmet|[of] p2a: Corviknight\n|\n|upkeep\n|turn|7\n|\n|t:|1700152815\n|move|p1a: Shiftry|Dark Pulse|p2a: Corviknight\n|-damage|p2a: Corviknight|84\/100\n|move|p2a: Corviknight|Brave Bird|p1a: Shiftry\n|-supereffective|p1a: Shiftry\n|-damage|p1a: Shiftry|0 fnt\n|faint|p1a: Shiftry\n|-damage|p2a: Corviknight|62\/100|[from] Recoil\n|\n|upkeep\n|\n|t:|1700152833\n|switch|p1a: Probopass|Probopass, M|100\/100\n|-damage|p1a: Probopass|75\/100|[from] Spikes\n|turn|8\n|c|\u2606cassinidivision|god i love croviknight\n|c|\u2606AutumnCookie|Congrats Shiftry you accomplished basically nothing\n|\n|t:|1700152856\n|move|p1a: Probopass|Zap Cannon|p2a: Corviknight|[miss]\n|-miss|p1a: Probopass|p2a: Corviknight\n|move|p2a: Corviknight|U-turn|p1a: Probopass\n|-resisted|p1a: Probopass\n|-damage|p1a: Probopass|70\/100\n|c|\u2606cassinidivision|the g5 animation for it is so goregous\n|\n|t:|1700152865\n|switch|p2a: Copperajah|Copperajah, F|100\/100|[from] U-turn\n|\n|-sideend|p2: cassinidivision|move: Light Screen\n|-sideend|p1: AutumnCookie|move: Tailwind\n|upkeep\n|turn|9\n|c|\u2606AutumnCookie|IT IS\n|\n|t:|1700152878\n|move|p1a: Probopass|Body Press|p2a: Copperajah\n|-supereffective|p2a: Copperajah\n|-damage|p2a: Copperajah|73\/100\n|move|p2a: Copperajah|Curse|p2a: Copperajah\n|-unboost|p2a: Copperajah|spe|1\n|-boost|p2a: Copperajah|atk|1\n|-boost|p2a: Copperajah|def|1\n|\n|-heal|p2a: Copperajah|79\/100|[from] item: Leftovers\n|-sideend|p2: cassinidivision|Reflect\n|upkeep\n|turn|10\n|\n|t:|1700152907\n|move|p1a: Probopass|Power Gem|p2a: Copperajah\n|-resisted|p2a: Copperajah\n|-crit|p2a: Copperajah\n|-damage|p2a: Copperajah|56\/100\n|move|p2a: Copperajah|Curse|p2a: Copperajah\n|-unboost|p2a: Copperajah|spe|1\n|-boost|p2a: Copperajah|atk|1\n|-boost|p2a: Copperajah|def|1\n|\n|-heal|p2a: Copperajah|62\/100|[from] item: Leftovers\n|upkeep\n|turn|11\n|\n|t:|1700152920\n|move|p1a: Probopass|Flash Cannon|p2a: Copperajah\n|-resisted|p2a: Copperajah\n|-damage|p2a: Copperajah|46\/100\n|move|p2a: Copperajah|Earthquake|p1a: Probopass\n|-supereffective|p1a: Probopass\n|-damage|p1a: Probopass|0 fnt\n|faint|p1a: Probopass\n|\n|-heal|p2a: Copperajah|52\/100|[from] item: Leftovers\n|upkeep\n|\n|t:|1700152934\n|switch|p1a: Gliscor|Gliscor, M|100\/100\n|turn|12\n|\n|t:|1700152947\n|move|p1a: Gliscor|X-Scissor|p2a: Copperajah\n|-resisted|p2a: Copperajah\n|-damage|p2a: Copperajah|46\/100\n|move|p2a: Copperajah|Heavy Slam|p1a: Gliscor\n|-damage|p1a: Gliscor|0 fnt\n|faint|p1a: Gliscor\n|\n|-heal|p2a: Copperajah|52\/100|[from] item: Leftovers\n|upkeep\n|\n|t:|1700152959\n|switch|p1a: Yanmega|Yanmega, M|100\/100\n|turn|13\n|c|\u2606cassinidivision|copperajahs goated tbh\n|\n|t:|1700152972\n|move|p1a: Yanmega|Bug Buzz|p2a: Copperajah\n|-resisted|p2a: Copperajah\n|-damage|p2a: Copperajah|9\/100\n|move|p2a: Copperajah|Heavy Slam|p1a: Yanmega\n|-damage|p1a: Yanmega|0 fnt\n|faint|p1a: Yanmega\n|\n|-heal|p2a: Copperajah|15\/100|[from] item: Leftovers\n|upkeep\n|\n|t:|1700152982\n|switch|p1a: Poliwrath|Poliwrath, M|100\/100\n|-damage|p1a: Poliwrath|76\/100|[from] Spikes\n|turn|14\n|\n|t:|1700152989\n|move|p1a: Poliwrath|Drain Punch|p2a: Copperajah\n|-supereffective|p2a: Copperajah\n|-crit|p2a: Copperajah\n|-damage|p2a: Copperajah|0 fnt\n|-heal|p1a: Poliwrath|86\/100|[from] drain|[of] p2a: Copperajah\n|faint|p2a: Copperajah\n|\n|upkeep\n|\n|t:|1700152997\n|switch|p2a: Togedemaru|Togedemaru, F|100\/100\n|turn|15\n|c|\u2606AutumnCookie|YEAH IT IS\n|\n|t:|1700153006\n|move|p2a: Togedemaru|Fake Out|p1a: Poliwrath\n|-damage|p1a: Poliwrath|73\/100\n|cant|p1a: Poliwrath|flinch\n|\n|upkeep\n|turn|16\n|\n|t:|1700153012\n|move|p2a: Togedemaru|Spiky Shield|p2a: Togedemaru\n|-singleturn|p2a: Togedemaru|move: Protect\n|move|p1a: Poliwrath|Drain Punch|p2a: Togedemaru\n|-activate|p2a: Togedemaru|move: Protect\n|-damage|p1a: Poliwrath|61\/100|[from] Spiky Shield|[of] p2a: Togedemaru\n|\n|upkeep\n|turn|17\n|\n|t:|1700153024\n|move|p2a: Togedemaru|Zing Zap|p1a: Poliwrath\n|-supereffective|p1a: Poliwrath\n|-crit|p1a: Poliwrath\n|-damage|p1a: Poliwrath|0 fnt\n|faint|p1a: Poliwrath\n|\n|upkeep\n|l|\u2606AutumnCookie\n|player|p1|\n|j|\u2606AutumnCookie\n|player|p1|AutumnCookie|kieran\n|\n|t:|1700153047\n|switch|p1a: Dipplin|Dipplin, M, shiny|100\/100\n|-damage|p1a: Dipplin|75\/100|[from] Spikes\n|-ability|p1a: Dipplin|Supersweet Syrup\n|-ability|p1a: Dipplin|Supersweet Syrup|boost\n|-unboost|p2a: Togedemaru|evasion|1\n|turn|18\n|\n|t:|1700153057\n|move|p2a: Togedemaru|Spiky Shield|p2a: Togedemaru\n|-singleturn|p2a: Togedemaru|move: Protect\n|move|p1a: Dipplin|Energy Ball|p2a: Togedemaru\n|-activate|p2a: Togedemaru|move: Protect\n|\n|-heal|p1a: Dipplin|82\/100|[from] item: Leftovers\n|upkeep\n|turn|19\n|\n|t:|1700153068\n|move|p2a: Togedemaru|Nuzzle|p1a: Dipplin\n|-resisted|p1a: Dipplin\n|-damage|p1a: Dipplin|80\/100\n|-status|p1a: Dipplin|par\n|cant|p1a: Dipplin|par\n|\n|-heal|p1a: Dipplin|86\/100 par|[from] item: Leftovers\n|upkeep\n|turn|20\n|c|\u2606AutumnCookie|If this battle happened in character Kieran would kill himself I think\n|\n|t:|1700153084\n|move|p2a: Togedemaru|Spiky Shield|p2a: Togedemaru\n|-singleturn|p2a: Togedemaru|move: Protect\n|cant|p1a: Dipplin|par\n|\n|-heal|p1a: Dipplin|92\/100 par|[from] item: Leftovers\n|upkeep\n|turn|21\n|c|\u2606cassinidivision|i love this orb mouse\n|\n|t:|1700153093\n|move|p2a: Togedemaru|Zing Zap|p1a: Dipplin\n|-resisted|p1a: Dipplin\n|-damage|p1a: Dipplin|85\/100 par\n|move|p1a: Dipplin|Dragon Pulse|p2a: Togedemaru\n|-resisted|p2a: Togedemaru\n|-damage|p2a: Togedemaru|71\/100\n|\n|-heal|p1a: Dipplin|91\/100 par|[from] item: Leftovers\n|upkeep\n|turn|22\n|\n|t:|1700153102\n|switch|p2a: Tinkaton|Tinkaton, F|100\/100\n|-ability|p2a: Tinkaton|Mold Breaker\n|move|p1a: Dipplin|Energy Ball|p2a: Tinkaton\n|-resisted|p2a: Tinkaton\n|-damage|p2a: Tinkaton|79\/100\n|\n|-heal|p1a: Dipplin|97\/100 par|[from] item: Leftovers\n|upkeep\n|turn|23\n|\n|t:|1700153113\n|move|p2a: Tinkaton|Play Rough|p1a: Dipplin\n|-supereffective|p1a: Dipplin\n|-damage|p1a: Dipplin|40\/100 par\n|move|p1a: Dipplin|Syrup Bomb|p2a: Tinkaton\n|-resisted|p2a: Tinkaton\n|-damage|p2a: Tinkaton|64\/100\n|-start|p2a: Tinkaton|Syrup Bomb\n|\n|-heal|p1a: Dipplin|46\/100 par|[from] item: Leftovers\n|-unboost|p2a: Tinkaton|spe|1\n|upkeep\n|turn|24\n|\n|t:|1700153125\n|move|p2a: Tinkaton|Play Rough|p1a: Dipplin\n|-supereffective|p1a: Dipplin\n|-damage|p1a: Dipplin|0 fnt\n|faint|p1a: Dipplin\n|\n|win|cassinidivision\n|c|\u2606cassinidivision|obliterated\n|c|\u2606cassinidivision|by a 5 yo\n|c|\u2606AutumnCookie|He'd literally kill himself\n|c|\u2606AutumnCookie|He'd never recover\n|c|\u2606cassinidivision|it doesnt help that this is a very cassini team\n|c|\u2606AutumnCookie|YEAH\n|c|\u2606cassinidivision|kate wants replay link\n|c|\u2606cassinidivision|disc wont open on my laptop again\n|c|\u2606cassinidivision|pleaaaaase begging emoji\n","uploadtime":1700153170,"views":10,"p1id":"autumncookie","p2id":"cassinidivision","formatid":"gen9nationaldex","rating":0,"private":0,"password":""}