{"id":"gen9nationaldex-1998707732","p1":"knight lover 9000","p2":"Glados501","format":"[Gen 9] National Dex","log":"|html|<div class=\"broadcast-blue\"><strong>[Gen 9] National Dex is currently suspecting Sneasler! For information on how to participate check out the <a href=\"https:\/\/www.smogon.com\/forums\/threads\/sv-national-dex-suspect-8-just-dance.3731534\/\">suspect thread<\/a>.<\/strong><\/div>\n|j|\u2606knight lover 9000\n|j|\u2606Glados501\n|t:|1700975607\n|gametype|singles\n|player|p1|knight lover 9000|plasmagruntf-gen5bw|1041\n|player|p2|Glados501|cheren-gen5bw2|1057\n|teamsize|p1|6\n|teamsize|p2|6\n|gen|9\n|tier|[Gen 9] National Dex\n|rated|\n|rule|HP Percentage Mod: HP is shown in percentages\n|rule|Endless Battle Clause: Forcing endless battles is banned\n|rule|OHKO Clause: OHKO moves are banned\n|rule|Evasion Clause: Evasion abilities, items, and moves are banned\n|rule|Evasion Abilities Clause: Evasion abilities are banned\n|rule|Evasion Items Clause: Evasion items are banned\n|rule|Evasion Moves Clause: Evasion moves are banned\n|rule|Species Clause: Limit one of each Pok\u00e9mon\n|rule|Sleep Clause Mod: Limit one foe put to sleep\n|clearpoke\n|poke|p1|Aegislash, M|\n|poke|p1|Scizor, M|\n|poke|p1|Bisharp, M|\n|poke|p1|Gallade, M|\n|poke|p1|Florges-Blue, F|\n|poke|p1|Gardevoir, F|\n|poke|p2|Audino, F|\n|poke|p2|Scolipede, M|\n|poke|p2|Delphox, F|\n|poke|p2|Krookodile, M|\n|poke|p2|Aegislash, M|\n|poke|p2|Ditto|\n|teampreview\n|\n|t:|1700975623\n|start\n|switch|p1a: damsel 2|Gardevoir, F|100\/100\n|switch|p2a: Lemonade|Delphox, F|100\/100\n|turn|1\n|\n|t:|1700975634\n|move|p2a: Lemonade|Trick|p1a: damsel 2\n|-activate|p2a: Lemonade|move: Trick|[of] p1a: damsel 2\n|-item|p1a: damsel 2|Choice Scarf|[from] move: Trick\n|-item|p2a: Lemonade|Focus Sash|[from] move: Trick\n|move|p1a: damsel 2|Thunder Wave|p2a: Lemonade\n|-status|p2a: Lemonade|par\n|\n|upkeep\n|turn|2\n|\n|t:|1700975659\n|switch|p1a: damsel in distress|Florges-Blue, F|100\/100\n|cant|p2a: Lemonade|par\n|\n|upkeep\n|turn|3\n|\n|t:|1700975686\n|move|p1a: damsel in distress|Moonblast|p2a: Lemonade\n|-resisted|p2a: Lemonade\n|-damage|p2a: Lemonade|77\/100 par\n|move|p2a: Lemonade|Skill Swap|p1a: damsel in distress\n|-activate|p2a: Lemonade|move: Skill Swap|Flower Veil|Blaze|[of] p1a: damsel in distress\n|\n|upkeep\n|turn|4\n|\n|t:|1700975706\n|move|p1a: damsel in distress|Moonblast|p2a: Lemonade\n|-resisted|p2a: Lemonade\n|-damage|p2a: Lemonade|55\/100 par\n|move|p2a: Lemonade|Calm Mind|p2a: Lemonade\n|-boost|p2a: Lemonade|spa|1\n|-boost|p2a: Lemonade|spd|1\n|\n|upkeep\n|turn|5\n|\n|t:|1700975722\n|switch|p1a: knight 1|Aegislash, M|100\/100\n|move|p2a: Lemonade|Fire Blast|p1a: knight 1\n|-supereffective|p1a: knight 1\n|-damage|p1a: knight 1|12\/100\n|\n|-heal|p1a: knight 1|18\/100|[from] item: Leftovers\n|upkeep\n|turn|6\n|\n|t:|1700975740\n|-formechange|p1a: knight 1|Aegislash-Blade||[from] ability: Stance Change\n|move|p1a: knight 1|Shadow Sneak|p2a: Lemonade\n|-supereffective|p2a: Lemonade\n|-damage|p2a: Lemonade|0 fnt\n|faint|p2a: Lemonade\n|\n|-heal|p1a: knight 1|24\/100|[from] item: Leftovers\n|upkeep\n|\n|t:|1700975749\n|switch|p2a: Kroko|Krookodile, M|100\/100\n|-ability|p2a: Kroko|Intimidate|boost\n|-unboost|p1a: knight 1|atk|1\n|turn|7\n|\n|t:|1700975787\n|switch|p1a: damsel in distress|Florges-Blue, F|100\/100\n|move|p2a: Kroko|Earthquake|p1a: damsel in distress\n|-damage|p1a: damsel in distress|36\/100\n|\n|-heal|p1a: damsel in distress|42\/100|[from] item: Leftovers\n|upkeep\n|turn|8\n|\n|t:|1700975798\n|-terastallize|p2a: Kroko|Steel\n|move|p1a: damsel in distress|Protect|p1a: damsel in distress\n|-singleturn|p1a: damsel in distress|Protect\n|move|p2a: Kroko|Tera Blast|p1a: damsel in distress|[anim] Tera Blast Steel\n|-activate|p1a: damsel in distress|move: Protect\n|\n|-heal|p1a: damsel in distress|48\/100|[from] item: Leftovers\n|upkeep\n|turn|9\n|\n|t:|1700975815\n|switch|p1a: knight 2|Scizor, M|100\/100\n|move|p2a: Kroko|Earthquake|p1a: knight 2\n|-damage|p1a: knight 2|52\/100\n|\n|-heal|p1a: knight 2|58\/100|[from] item: Leftovers\n|upkeep\n|turn|10\n|\n|t:|1700975839\n|move|p2a: Kroko|Knock Off|p1a: knight 2\n|-damage|p1a: knight 2|6\/100\n|-enditem|p1a: knight 2|Leftovers|[from] move: Knock Off|[of] p2a: Kroko\n|move|p1a: knight 2|Knock Off|p2a: Kroko\n|-damage|p2a: Kroko|67\/100\n|-enditem|p2a: Kroko|Leftovers|[from] move: Knock Off|[of] p1a: knight 2\n|\n|upkeep\n|turn|11\n|\n|t:|1700975852\n|switch|p1a: damsel 2|Gardevoir, F|100\/100\n|move|p2a: Kroko|Knock Off|p1a: damsel 2\n|-damage|p1a: damsel 2|26\/100\n|-enditem|p1a: damsel 2|Choice Scarf|[from] move: Knock Off|[of] p2a: Kroko\n|\n|upkeep\n|turn|12\n|\n|t:|1700975867\n|move|p1a: damsel 2|Destiny Bond|p1a: damsel 2\n|-singlemove|p1a: damsel 2|Destiny Bond\n|move|p2a: Kroko|Knock Off|p1a: damsel 2\n|-damage|p1a: damsel 2|0 fnt\n|faint|p1a: damsel 2\n|-activate|p1a: damsel 2|move: Destiny Bond\n|faint|p2a: Kroko\n|\n|upkeep\n|\n|t:|1700975877\n|switch|p1a: damsel in distress|Florges-Blue, F|48\/100\n|switch|p2a: Eye Sword|Aegislash, M|100\/100\n|turn|13\n|c|\u2606knight lover 9000|eye sword\n|c|\u2606knight lover 9000|the best pokemon\n|\n|t:|1700975892\n|move|p2a: Eye Sword|Swords Dance|p2a: Eye Sword\n|-boost|p2a: Eye Sword|atk|2\n|move|p1a: damsel in distress|Wish|p1a: damsel in distress\n|\n|-heal|p1a: damsel in distress|55\/100|[from] item: Leftovers\n|upkeep\n|turn|14\n|\n|t:|1700975903\n|switch|p1a: knight 4|Gallade, M|100\/100\n|-formechange|p2a: Eye Sword|Aegislash-Blade||[from] ability: Stance Change\n|move|p2a: Eye Sword|Iron Head|p1a: knight 4\n|-damage|p1a: knight 4|0 fnt\n|faint|p1a: knight 4\n|\n|upkeep\n|\n|t:|1700975914\n|switch|p1a: damsel in distress|Florges-Blue, F|55\/100\n|turn|15\n|\n|t:|1700975927\n|move|p1a: damsel in distress|Protect|p1a: damsel in distress\n|-singleturn|p1a: damsel in distress|Protect\n|move|p2a: Eye Sword|Iron Head|p1a: damsel in distress\n|-activate|p1a: damsel in distress|move: Protect\n|\n|-heal|p1a: damsel in distress|61\/100|[from] item: Leftovers\n|upkeep\n|turn|16\n|\n|t:|1700975943\n|-terastallize|p1a: damsel in distress|Fighting\n|move|p2a: Eye Sword|Iron Head|p1a: damsel in distress\n|-damage|p1a: damsel in distress|0 fnt\n|faint|p1a: damsel in distress\n|\n|upkeep\n|\n|t:|1700975952\n|switch|p1a: knight 3|Bisharp, M|100\/100\n|turn|17\n|\n|t:|1700975957\n|-formechange|p2a: Eye Sword|Aegislash||[from] ability: Stance Change\n|move|p2a: Eye Sword|King's Shield|p2a: Eye Sword\n|-singleturn|p2a: Eye Sword|Protect\n|move|p1a: knight 3|Sucker Punch||[still]\n|-fail|p1a: knight 3\n|\n|upkeep\n|turn|18\n|\n|t:|1700975967\n|move|p2a: Eye Sword|Swords Dance|p2a: Eye Sword\n|-boost|p2a: Eye Sword|atk|2\n|move|p1a: knight 3|Stealth Rock|p2a: Eye Sword\n|-sidestart|p2: Glados501|move: Stealth Rock\n|\n|upkeep\n|turn|19\n|\n|t:|1700975975\n|move|p2a: Eye Sword|King's Shield|p2a: Eye Sword\n|-singleturn|p2a: Eye Sword|Protect\n|move|p1a: knight 3|Sucker Punch||[still]\n|-fail|p1a: knight 3\n|\n|upkeep\n|turn|20\n|\n|t:|1700975984\n|move|p1a: knight 3|Sucker Punch||[still]\n|-fail|p1a: knight 3\n|move|p2a: Eye Sword|Swords Dance|p2a: Eye Sword\n|-boost|p2a: Eye Sword|atk|2\n|\n|upkeep\n|turn|21\n|\n|t:|1700976007\n|move|p2a: Eye Sword|King's Shield|p2a: Eye Sword\n|-singleturn|p2a: Eye Sword|Protect\n|move|p1a: knight 3|Sucker Punch||[still]\n|-fail|p1a: knight 3\n|\n|upkeep\n|turn|22\n|\n|t:|1700976025\n|move|p2a: Eye Sword|King's Shield|p2a: Eye Sword\n|-singleturn|p2a: Eye Sword|Protect\n|move|p1a: knight 3|Knock Off|p2a: Eye Sword\n|-activate|p2a: Eye Sword|move: Protect\n|-unboost|p1a: knight 3|atk|1\n|-ability|p1a: knight 3|Defiant|boost\n|-boost|p1a: knight 3|atk|2\n|\n|upkeep\n|turn|23\n|\n|t:|1700976047\n|move|p1a: knight 3|Sucker Punch|p2a: Eye Sword\n|-supereffective|p2a: Eye Sword\n|-damage|p2a: Eye Sword|0 fnt\n|faint|p2a: Eye Sword\n|\n|upkeep\n|\n|t:|1700976053\n|switch|p2a: This u?|Ditto|100\/100\n|-damage|p2a: This u?|88\/100|[from] Stealth Rock\n|-transform|p2a: This u?|p1a: knight 3|[from] ability: Imposter\n|turn|24\n|c|\u2606knight lover 9000|wrong number ditto\n|\n|t:|1700976073\n|move|p2a: This u?|Low Kick|p1a: knight 3\n|-supereffective|p1a: knight 3\n|-damage|p1a: knight 3|0 fnt\n|faint|p1a: knight 3\n|\n|upkeep\n|\n|t:|1700976078\n|switch|p1a: knight 1|Aegislash, M|24\/100\n|turn|25\n|\n|t:|1700976085\n|switch|p2a: Courtesy Call|Audino, F|100\/100\n|-damage|p2a: Courtesy Call|88\/100|[from] Stealth Rock\n|move|p1a: knight 1|King's Shield||[still]\n|-fail|p1a: knight 1\n|\n|-heal|p2a: Courtesy Call|94\/100|[from] item: Leftovers\n|-heal|p1a: knight 1|30\/100|[from] item: Leftovers\n|upkeep\n|turn|26\n|\n|t:|1700976101\n|move|p2a: Courtesy Call|Yawn|p1a: knight 1\n|-start|p1a: knight 1|move: Yawn|[of] p2a: Courtesy Call\n|-formechange|p1a: knight 1|Aegislash-Blade||[from] ability: Stance Change\n|move|p1a: knight 1|Sacred Sword|p2a: Courtesy Call\n|-supereffective|p2a: Courtesy Call\n|-crit|p2a: Courtesy Call\n|-damage|p2a: Courtesy Call|22\/100\n|\n|-heal|p2a: Courtesy Call|29\/100|[from] item: Leftovers\n|-heal|p1a: knight 1|36\/100|[from] item: Leftovers\n|upkeep\n|turn|27\n|\n|t:|1700976113\n|switch|p2a: This u?|Ditto|88\/100\n|-damage|p2a: This u?|76\/100|[from] Stealth Rock\n|-transform|p2a: This u?|p1a: knight 1|[from] ability: Imposter\n|switch|p1a: knight 2|Scizor, M|6\/100\n|\n|upkeep\n|turn|28\n|\n|t:|1700976136\n|move|p1a: knight 2|Bullet Punch|p2a: This u?\n|-resisted|p2a: This u?\n|-crit|p2a: This u?\n|-damage|p2a: This u?|29\/100\n|move|p2a: This u?|Shadow Ball|p1a: knight 2\n|-damage|p1a: knight 2|0 fnt\n|faint|p1a: knight 2\n|\n|upkeep\n|\n|t:|1700976145\n|switch|p1a: knight 1|Aegislash, M|36\/100\n|turn|29\n|\n|t:|1700976155\n|switch|p2a: Courtesy Call|Audino, F|62\/100\n|-damage|p2a: Courtesy Call|49\/100|[from] Stealth Rock\n|-formechange|p1a: knight 1|Aegislash-Blade||[from] ability: Stance Change\n|move|p1a: knight 1|Sacred Sword|p2a: Courtesy Call\n|-supereffective|p2a: Courtesy Call\n|-damage|p2a: Courtesy Call|1\/100\n|\n|-heal|p2a: Courtesy Call|7\/100|[from] item: Leftovers\n|-heal|p1a: knight 1|42\/100|[from] item: Leftovers\n|upkeep\n|turn|30\n|\n|t:|1700976175\n|move|p2a: Courtesy Call|Yawn|p1a: knight 1\n|-start|p1a: knight 1|move: Yawn|[of] p2a: Courtesy Call\n|move|p1a: knight 1|Sacred Sword|p2a: Courtesy Call\n|-supereffective|p2a: Courtesy Call\n|-damage|p2a: Courtesy Call|0 fnt\n|faint|p2a: Courtesy Call\n|\n|-heal|p1a: knight 1|49\/100|[from] item: Leftovers\n|upkeep\n|\n|t:|1700976186\n|switch|p2a: Acid Chloride|Scolipede, M|100\/100\n|-damage|p2a: Acid Chloride|76\/100|[from] Stealth Rock\n|turn|31\n|\n|t:|1700976194\n|move|p1a: knight 1|Shadow Sneak|p2a: Acid Chloride\n|-damage|p2a: Acid Chloride|50\/100\n|move|p2a: Acid Chloride|Earthquake|p1a: knight 1\n|-supereffective|p1a: knight 1\n|-damage|p1a: knight 1|0 fnt\n|faint|p1a: knight 1\n|\n|win|Glados501\n|raw|knight lover 9000's rating: 1041 &rarr; <strong>1026<\/strong><br \/>(-15 for losing)\n|raw|Glados501's rating: 1057 &rarr; <strong>1087<\/strong><br \/>(+30 for winning)\n|c|\u2606knight lover 9000|gg\n","uploadtime":1700976203,"views":16,"p1id":"knightlover9000","p2id":"glados501","formatid":"gen9nationaldex","rating":1026,"private":0,"password":""}