{"id":"gen9nationaldex-1988497626","p1":"ArktikAlice","p2":"imAnthonybroNew","format":"[Gen 9] National Dex","log":"|j|\u2606ArktikAlice\n|j|\u2606imAnthonybroNew\n|t:|1699729315\n|gametype|singles\n|player|p1|ArktikAlice|265|\n|player|p2|imAnthonybroNew|pokemonbreeder-gen4|\n|teamsize|p1|6\n|teamsize|p2|6\n|gen|9\n|tier|[Gen 9] National Dex\n|rule|HP Percentage Mod: HP is shown in percentages\n|rule|Endless Battle Clause: Forcing endless battles is banned\n|rule|OHKO Clause: OHKO moves are banned\n|rule|Evasion Clause: Evasion abilities, items, and moves are banned\n|rule|Evasion Abilities Clause: Evasion abilities are banned\n|rule|Evasion Items Clause: Evasion items are banned\n|rule|Evasion Moves Clause: Evasion moves are banned\n|rule|Species Clause: Limit one of each Pok\u00e9mon\n|rule|Sleep Clause Mod: Limit one foe put to sleep\n|clearpoke\n|poke|p1|Maushold-Four|\n|poke|p1|Wigglytuff, F|\n|poke|p1|Cyclizar, M|\n|poke|p1|Vigoroth, M|\n|poke|p1|Heliolisk, M|\n|poke|p1|Porygon2|\n|poke|p2|Farigiraf, F|\n|poke|p2|Dubwool, F|\n|poke|p2|Snorlax, M|\n|poke|p2|Silvally-*|\n|poke|p2|Cyclizar, M|\n|poke|p2|Indeedee, M|\n|teampreview\n|c|\u2606ArktikAlice|glhf\n|j| Kryn\n|j| Swoodle1030\n|j| Hyljys\n|c| Kryn|gl guys!!!\n|c|\u2606imAnthonybroNew|Gl hf\n|c|\u2606ArktikAlice|Where is weekend wife\n|c|\u2606ArktikAlice|I want her to be smug and make me [REDACTED]\n|c| Kryn|She's getting ready for finals\n|\n|t:|1699729390\n|start\n|switch|p1a: Drunk Uncle|Vigoroth, M, shiny|100\/100\n|switch|p2a: Inpeepeepee|Indeedee, M, shiny|100\/100\n|-fieldstart|move: Psychic Terrain|[from] ability: Psychic Surge|[of] p2a: Inpeepeepee\n|turn|1\n|c| Kryn|Go get him alice\n|c| Kryn|you got this\n|\n|t:|1699729431\n|move|p1a: Drunk Uncle|Body Slam|p2a: Inpeepeepee\n|-damage|p2a: Inpeepeepee|58\/100\n|-status|p2a: Inpeepeepee|par\n|move|p2a: Inpeepeepee|Trick Room|p2a: Inpeepeepee\n|-fieldstart|move: Trick Room|[of] p2a: Inpeepeepee\n|\n|upkeep\n|turn|2\n|j| CarboKill\n|\n|t:|1699729445\n|switch|p1a: PS1 Graphics|Porygon2, shiny|100\/100\n|cant|p2a: Inpeepeepee|par\n|\n|upkeep\n|turn|3\n|c|\u2606imAnthonybroNew|Sheeet\n|c| Kryn|the perfect start\n|c|\u2606ArktikAlice|Honestly\n|\n|t:|1699729465\n|move|p2a: Inpeepeepee|Expanding Force|p1a: PS1 Graphics\n|-damage|p1a: PS1 Graphics|54\/100\n|move|p1a: PS1 Graphics|Discharge|p2a: Inpeepeepee\n|-damage|p2a: Inpeepeepee|32\/100 par\n|\n|upkeep\n|turn|4\n|c|\u2606imAnthonybroNew|Found hyljys paras fuck dude\n|\n|t:|1699729475\n|move|p2a: Inpeepeepee|Psyshock|p1a: PS1 Graphics\n|-damage|p1a: PS1 Graphics|31\/100\n|move|p1a: PS1 Graphics|Signal Beam|p2a: Inpeepeepee\n|-supereffective|p2a: Inpeepeepee\n|-damage|p2a: Inpeepeepee|0 fnt\n|faint|p2a: Inpeepeepee\n|\n|upkeep\n|c| Hyljys|:)\n|c| Kryn|haha\n|\n|t:|1699729494\n|switch|p2a: big boi|Snorlax, M, shiny|100\/100\n|turn|5\n|c| Swoodle1030|the shade of blue looks off\n|c| Swoodle1030|is that shiny snorlax\n|\n|t:|1699729513\n|move|p2a: big boi|Facade|p1a: PS1 Graphics\n|-damage|p1a: PS1 Graphics|14\/100\n|move|p1a: PS1 Graphics|Recover|p1a: PS1 Graphics\n|-heal|p1a: PS1 Graphics|64\/100\n|\n|-fieldend|move: Trick Room\n|-fieldend|move: Psychic Terrain\n|upkeep\n|turn|6\n|c|\u2606ArktikAlice|ur dad looks off\n|c| Kryn|anthonys done something to them\n|\n|t:|1699729530\n|switch|p2a: Pog dog 13|Silvally, shiny|100\/100\n|move|p1a: PS1 Graphics|Signal Beam|p2a: Pog dog 13\n|-damage|p2a: Pog dog 13|79\/100\n|\n|upkeep\n|turn|7\n|\n|t:|1699729545\n|switch|p1a: Drunk Uncle|Vigoroth, M, shiny|100\/100\n|move|p2a: Pog dog 13|Toxic|p1a: Drunk Uncle\n|-status|p1a: Drunk Uncle|tox\n|\n|-damage|p1a: Drunk Uncle|94\/100 tox|[from] psn\n|upkeep\n|turn|8\n|\n|t:|1699729555\n|switch|p2a: literallyweed|Dubwool, F, shiny|100\/100\n|move|p1a: Drunk Uncle|Gunk Shot|p2a: literallyweed|[miss]\n|-miss|p1a: Drunk Uncle|p2a: literallyweed\n|\n|-damage|p1a: Drunk Uncle|82\/100 tox|[from] psn\n|upkeep\n|turn|9\n|c|\u2606ArktikAlice|rip\n|\n|t:|1699729567\n|move|p1a: Drunk Uncle|Gunk Shot|p2a: literallyweed\n|-damage|p2a: literallyweed|84\/100\n|move|p2a: literallyweed|Body Slam|p1a: Drunk Uncle\n|-damage|p1a: Drunk Uncle|64\/100 tox\n|\n|-damage|p1a: Drunk Uncle|46\/100 tox|[from] psn\n|upkeep\n|turn|10\n|c| Kryn|dubwools been rolling around in mud\n|\n|t:|1699729591\n|move|p1a: Drunk Uncle|Slack Off|p1a: Drunk Uncle\n|-heal|p1a: Drunk Uncle|96\/100 tox\n|move|p2a: literallyweed|Body Slam|p1a: Drunk Uncle\n|-damage|p1a: Drunk Uncle|78\/100 tox\n|\n|-damage|p1a: Drunk Uncle|54\/100 tox|[from] psn\n|upkeep\n|turn|11\n|\n|t:|1699729599\n|move|p1a: Drunk Uncle|Body Slam|p2a: literallyweed\n|-damage|p2a: literallyweed|75\/100\n|-damage|p1a: Drunk Uncle|37\/100 tox|[from] item: Rocky Helmet|[of] p2a: literallyweed\n|move|p2a: literallyweed|Rest|p2a: literallyweed\n|-status|p2a: literallyweed|slp|[from] move: Rest\n|-heal|p2a: literallyweed|100\/100 slp|[silent]\n|\n|-damage|p1a: Drunk Uncle|7\/100 tox|[from] psn\n|upkeep\n|turn|12\n|\n|t:|1699729612\n|move|p1a: Drunk Uncle|Slack Off|p1a: Drunk Uncle\n|-heal|p1a: Drunk Uncle|57\/100 tox\n|cant|p2a: literallyweed|slp\n|move|p2a: literallyweed|Sleep Talk|p2a: literallyweed\n|move|p2a: literallyweed|Thunder Wave||[from]move: Sleep Talk|[still]\n|-fail|p2a: literallyweed\n|\n|-damage|p1a: Drunk Uncle|21\/100 tox|[from] psn\n|upkeep\n|turn|13\n|c| Kryn|gotta respect the early rest\n|c|\u2606imAnthonybroNew|It is shiny\n|c| Swoodle1030|anthony respecting crit ranges\n|c| Swoodle1030|idk\n|c|\u2606imAnthonybroNew|And yeah, gotta get yhose turns in\n|\n|t:|1699729638\n|move|p1a: Drunk Uncle|Slack Off|p1a: Drunk Uncle\n|-heal|p1a: Drunk Uncle|71\/100 tox\n|cant|p2a: literallyweed|slp\n|move|p2a: literallyweed|Sleep Talk|p2a: literallyweed\n|move|p2a: literallyweed|Rest||[from]move: Sleep Talk|[still]\n|-fail|p2a: literallyweed\n|\n|-damage|p1a: Drunk Uncle|28\/100 tox|[from] psn\n|upkeep\n|turn|14\n|\n|t:|1699729651\n|move|p1a: Drunk Uncle|Body Slam|p2a: literallyweed\n|-damage|p2a: literallyweed|92\/100 slp\n|-damage|p1a: Drunk Uncle|12\/100 tox|[from] item: Rocky Helmet|[of] p2a: literallyweed\n|-curestatus|p2a: literallyweed|slp|[msg]\n|move|p2a: literallyweed|Body Slam|p1a: Drunk Uncle\n|-damage|p1a: Drunk Uncle|0 fnt\n|faint|p1a: Drunk Uncle\n|\n|upkeep\n|\n|t:|1699729667\n|switch|p1a: Balkans|Maushold-Four|100\/100\n|turn|15\n|c| Kryn|oh no\n|\n|t:|1699729683\n|move|p1a: Balkans|Population Bomb|p2a: literallyweed\n|-damage|p2a: literallyweed|88\/100\n|-damage|p1a: Balkans|84\/100|[from] item: Rocky Helmet|[of] p2a: literallyweed\n|-damage|p2a: literallyweed|84\/100\n|-damage|p1a: Balkans|67\/100|[from] item: Rocky Helmet|[of] p2a: literallyweed\n|-crit|p2a: literallyweed\n|-damage|p2a: literallyweed|78\/100\n|-damage|p1a: Balkans|51\/100|[from] item: Rocky Helmet|[of] p2a: literallyweed\n|-damage|p2a: literallyweed|74\/100\n|-damage|p1a: Balkans|34\/100|[from] item: Rocky Helmet|[of] p2a: literallyweed\n|-damage|p2a: literallyweed|71\/100\n|-damage|p1a: Balkans|17\/100|[from] item: Rocky Helmet|[of] p2a: literallyweed\n|-damage|p2a: literallyweed|67\/100\n|-damage|p1a: Balkans|1\/100|[from] item: Rocky Helmet|[of] p2a: literallyweed\n|-damage|p2a: literallyweed|63\/100\n|-damage|p1a: Balkans|0 fnt|[from] item: Rocky Helmet|[of] p2a: literallyweed\n|faint|p1a: Balkans\n|-hitcount|p2a: literallyweed|7\n|move|p2a: literallyweed|Rest|p2a: literallyweed\n|-status|p2a: literallyweed|slp|[from] move: Rest\n|-heal|p2a: literallyweed|100\/100 slp|[silent]\n|\n|upkeep\n|c| Kryn|oh god\n|c| Swoodle1030|yes\n|c|\u2606imAnthonybroNew|Rocky helmet babe\n|c|\u2606ArktikAlice|oh god\n|c|\u2606ArktikAlice|Based\n|\n|t:|1699729715\n|switch|p1a: Punching Bag|Wigglytuff, F, shiny|100\/100\n|turn|16\n|c|\u2606imAnthonybroNew|Brought it largely for that shit lol\n|j| Juanivia\n|\n|t:|1699729731\n|switch|p2a: big boi|Snorlax, M, shiny|100\/100\n|move|p1a: Punching Bag|Hyper Voice|p2a: big boi\n|-damage|p2a: big boi|82\/100\n|\n|-heal|p2a: big boi|88\/100|[from] item: Leftovers\n|upkeep\n|turn|17\n|\n|t:|1699729739\n|move|p1a: Punching Bag|Fire Blast|p2a: big boi|[miss]\n|-miss|p1a: Punching Bag|p2a: big boi\n|move|p2a: big boi|Gunk Shot|p1a: Punching Bag\n|-supereffective|p1a: Punching Bag\n|-damage|p1a: Punching Bag|16\/100\n|\n|-heal|p2a: big boi|94\/100|[from] item: Leftovers\n|upkeep\n|turn|18\n|\n|t:|1699729751\n|move|p1a: Punching Bag|Fire Blast|p2a: big boi\n|-damage|p2a: big boi|86\/100\n|move|p2a: big boi|Facade|p1a: Punching Bag\n|-damage|p1a: Punching Bag|0 fnt\n|-damage|p2a: big boi|70\/100|[from] item: Rocky Helmet|[of] p1a: Punching Bag\n|faint|p1a: Punching Bag\n|\n|-heal|p2a: big boi|76\/100|[from] item: Leftovers\n|upkeep\n|c|\u2606imAnthonybroNew|Thick fat\n|c|\u2606ArktikAlice|Figured\n|c|\u2606ArktikAlice|Was going for a Burn\n|c| Kryn|knock him out irl alice\n|\n|t:|1699729773\n|switch|p1a: Bob|Heliolisk, M|100\/100\n|turn|19\n|c|\u2606ArktikAlice|Best strat\n|c|\u2606imAnthonybroNew|Fair. Facade makes burn not matter tho\n|c|\u2606ArktikAlice|:0\n|\n|t:|1699729795\n|move|p1a: Bob|Glare|p2a: big boi\n|-status|p2a: big boi|par\n|cant|p2a: big boi|par\n|\n|-heal|p2a: big boi|82\/100 par|[from] item: Leftovers\n|upkeep\n|turn|20\n|\n|t:|1699729802\n|move|p1a: Bob|Substitute|p1a: Bob\n|-start|p1a: Bob|Substitute\n|-damage|p1a: Bob|76\/100\n|move|p2a: big boi|Facade|p1a: Bob\n|-end|p1a: Bob|Substitute\n|\n|-heal|p1a: Bob|82\/100|[from] item: Leftovers\n|-heal|p2a: big boi|89\/100 par|[from] item: Leftovers\n|upkeep\n|turn|21\n|c|\u2606imAnthonybroNew|Nice\n|\n|t:|1699729812\n|move|p1a: Bob|Grass Knot|p2a: big boi\n|-damage|p2a: big boi|68\/100 par\n|cant|p2a: big boi|par\n|\n|-heal|p1a: Bob|88\/100|[from] item: Leftovers\n|-heal|p2a: big boi|74\/100 par|[from] item: Leftovers\n|upkeep\n|turn|22\n|\n|t:|1699729821\n|move|p1a: Bob|Grass Knot|p2a: big boi\n|-damage|p2a: big boi|56\/100 par\n|move|p2a: big boi|Facade|p1a: Bob\n|-damage|p1a: Bob|0 fnt\n|faint|p1a: Bob\n|\n|-heal|p2a: big boi|63\/100 par|[from] item: Leftovers\n|upkeep\n|\n|t:|1699729829\n|switch|p1a: Ride that Dog|Cyclizar, M|100\/100\n|turn|23\n|c| Kryn|snorlax sux\n|c|\u2606imAnthonybroNew|I know\n|c| Swoodle1030|:O\n|\n|t:|1699729842\n|move|p1a: Ride that Dog|Dragon Pulse|p2a: big boi\n|-damage|p2a: big boi|44\/100 par\n|cant|p2a: big boi|par\n|\n|-heal|p2a: big boi|50\/100 par|[from] item: Leftovers\n|upkeep\n|turn|24\n|c|\u2606ArktikAlice|I should've brought one\n|c|\u2606ArktikAlice|:v\n|c| Swoodle1030|i told him to take it\n|\n|t:|1699729852\n|move|p1a: Ride that Dog|Dragon Pulse|p2a: big boi\n|-damage|p2a: big boi|33\/100 par\n|cant|p2a: big boi|par\n|\n|-heal|p2a: big boi|39\/100 par|[from] item: Leftovers\n|upkeep\n|turn|25\n|c| Kryn|i thought everyone would have him\n|c|\u2606imAnthonybroNew|Still scared of porygon\n|c| Kryn|pls 100% paras\n|\n|t:|1699729862\n|move|p1a: Ride that Dog|Dragon Pulse|p2a: big boi\n|-damage|p2a: big boi|22\/100 par\n|move|p2a: big boi|Rest|p2a: big boi\n|-status|p2a: big boi|slp|[from] move: Rest\n|-heal|p2a: big boi|100\/100 slp|[silent]\n|\n|upkeep\n|turn|26\n|c| Kryn|boooo\n|c|\u2606ArktikAlice|Motherfucker\n|\n|t:|1699729875\n|move|p1a: Ride that Dog|U-turn|p2a: big boi\n|-damage|p2a: big boi|87\/100 slp\n|c| Swoodle1030|it was originally anthonys beloved dog\n|\n|t:|1699729878\n|switch|p1a: PS1 Graphics|Porygon2, shiny|64\/100|[from] U-turn\n|cant|p2a: big boi|slp\n|move|p2a: big boi|Sleep Talk|p2a: big boi\n|move|p2a: big boi|Rest||[from]move: Sleep Talk|[still]\n|-fail|p2a: big boi\n|\n|-heal|p2a: big boi|93\/100 slp|[from] item: Leftovers\n|upkeep\n|turn|27\n|c|\u2606imAnthonybroNew|It was originally snorlax and then i thought nah lame and then i thought yes win\n|c| Kryn|about time he let go of the dog\n|c|\u2606imAnthonybroNew|With swoods help of course\n|\n|t:|1699729909\n|move|p1a: PS1 Graphics|Discharge|p2a: big boi\n|-damage|p2a: big boi|83\/100 slp\n|cant|p2a: big boi|slp\n|move|p2a: big boi|Sleep Talk|p2a: big boi\n|move|p2a: big boi|Facade|p1a: PS1 Graphics|[from]move: Sleep Talk\n|-damage|p1a: PS1 Graphics|50\/100\n|\n|-heal|p2a: big boi|89\/100 slp|[from] item: Leftovers\n|upkeep\n|turn|28\n|c|\u2606imAnthonybroNew|Its fuckin eviolite isnt it\n|c|\u2606imAnthonybroNew|Sheesh\n|\n|t:|1699729927\n|move|p1a: PS1 Graphics|Discharge|p2a: big boi\n|-damage|p2a: big boi|80\/100 slp\n|-curestatus|p2a: big boi|slp|[msg]\n|move|p2a: big boi|Sleep Talk||[still]\n|-fail|p2a: big boi\n|\n|-heal|p2a: big boi|86\/100|[from] item: Leftovers\n|upkeep\n|turn|29\n|c| Kryn|lmao\n|c| Kryn|so many good video clips\n|\n|t:|1699729946\n|move|p1a: PS1 Graphics|Recover|p1a: PS1 Graphics\n|-heal|p1a: PS1 Graphics|99\/100\n|move|p2a: big boi|Facade|p1a: PS1 Graphics\n|-damage|p1a: PS1 Graphics|85\/100\n|\n|-heal|p2a: big boi|92\/100|[from] item: Leftovers\n|upkeep\n|turn|30\n|\n|t:|1699729961\n|switch|p2a: Bike dog|Cyclizar, M, shiny|100\/100\n|move|p1a: PS1 Graphics|Signal Beam|p2a: Bike dog\n|-damage|p2a: Bike dog|81\/100\n|\n|upkeep\n|turn|31\n|\n|t:|1699729972\n|move|p2a: Bike dog|Knock Off|p1a: PS1 Graphics\n|-damage|p1a: PS1 Graphics|75\/100\n|-enditem|p1a: PS1 Graphics|Eviolite|[from] move: Knock Off|[of] p2a: Bike dog\n|move|p1a: PS1 Graphics|Discharge|p2a: Bike dog\n|-resisted|p2a: Bike dog\n|-damage|p2a: Bike dog|72\/100\n|\n|upkeep\n|turn|32\n|c|\u2606imAnthonybroNew|Let me fix that\n|c|\u2606ArktikAlice|>:c\n|c| Kryn|i was wondering if anyone had knock off\n|\n|t:|1699729985\n|move|p2a: Bike dog|Draco Meteor|p1a: PS1 Graphics\n|-damage|p1a: PS1 Graphics|40\/100\n|-unboost|p2a: Bike dog|spa|2\n|move|p1a: PS1 Graphics|Signal Beam|p2a: Bike dog\n|-damage|p2a: Bike dog|55\/100\n|\n|upkeep\n|turn|33\n|\n|t:|1699729998\n|move|p2a: Bike dog|U-turn|p1a: PS1 Graphics\n|-damage|p1a: PS1 Graphics|29\/100\n|\n|t:|1699730000\n|switch|p2a: Pog dog 13|Silvally, shiny|79\/100|[from] U-turn\n|move|p1a: PS1 Graphics|Recover|p1a: PS1 Graphics\n|-heal|p1a: PS1 Graphics|79\/100\n|\n|upkeep\n|turn|34\n|\n|t:|1699730010\n|move|p2a: Pog dog 13|Explosion|p1a: PS1 Graphics\n|-damage|p1a: PS1 Graphics|2\/100\n|faint|p2a: Pog dog 13\n|move|p1a: PS1 Graphics|Ice Beam|p2: Pog dog 13|[notarget]\n|-fail|p1a: PS1 Graphics\n|\n|upkeep\n|c|\u2606imAnthonybroNew|Party this\n|c|\u2606ArktikAlice|kekw\n|c|\u2606imAnthonybroNew|Parry*\n|\n|t:|1699730025\n|switch|p2a: Bike dog|Cyclizar, M, shiny|88\/100\n|turn|35\n|\n|t:|1699730033\n|switch|p1a: Ride that Dog|Cyclizar, M|100\/100\n|move|p2a: Bike dog|Rapid Spin|p1a: Ride that Dog\n|-damage|p1a: Ride that Dog|69\/100\n|-boost|p2a: Bike dog|spe|1\n|\n|upkeep\n|turn|36\n|\n|t:|1699730046\n|move|p2a: Bike dog|Draco Meteor|p1a: Ride that Dog\n|-supereffective|p1a: Ride that Dog\n|-damage|p1a: Ride that Dog|0 fnt\n|-unboost|p2a: Bike dog|spa|2\n|faint|p1a: Ride that Dog\n|\n|upkeep\n|\n|t:|1699730052\n|switch|p1a: PS1 Graphics|Porygon2, shiny|2\/100\n|turn|37\n|c|\u2606ArktikAlice|rip\n|c|\u2606ArktikAlice|gg\n|\n|t:|1699730060\n|move|p2a: Bike dog|U-turn|p1a: PS1 Graphics\n|-damage|p1a: PS1 Graphics|0 fnt\n|faint|p1a: PS1 Graphics\n|\n|win|imAnthonybroNew\n|c| Kryn|gg\n|c|\u2606imAnthonybroNew|Gg babe\n|l| CarboKill\n","uploadtime":1699730066,"views":16,"p1id":"arktikalice","p2id":"imanthonybronew","formatid":"gen9nationaldex","rating":0,"private":0,"password":""}