{"id":"gen9nationaldex-1987241374","p1":"serac1789","p2":"peanutthepengui","format":"[Gen 9] National Dex","log":"|j|\u2606serac1789\n|j|\u2606peanutthepengui\n|t:|1699568566\n|gametype|singles\n|player|p1|serac1789|doubleteam|1259\n|player|p2|peanutthepengui|101|1250\n|teamsize|p1|6\n|teamsize|p2|6\n|gen|9\n|tier|[Gen 9] National Dex\n|rated|\n|rule|HP Percentage Mod: HP is shown in percentages\n|rule|Endless Battle Clause: Forcing endless battles is banned\n|rule|OHKO Clause: OHKO moves are banned\n|rule|Evasion Clause: Evasion abilities, items, and moves are banned\n|rule|Evasion Abilities Clause: Evasion abilities are banned\n|rule|Evasion Items Clause: Evasion items are banned\n|rule|Evasion Moves Clause: Evasion moves are banned\n|rule|Species Clause: Limit one of each Pok\u00e9mon\n|rule|Sleep Clause Mod: Limit one foe put to sleep\n|clearpoke\n|poke|p1|Heliolisk, M|\n|poke|p1|Cinderace, M|\n|poke|p1|Cloyster, M|\n|poke|p1|Aegislash, F|\n|poke|p1|Gogoat, F|\n|poke|p1|Nidoking, M|\n|poke|p2|Veluza, F|\n|poke|p2|Kleavor, M|\n|poke|p2|Glimmora, M|\n|poke|p2|Iron Valiant|\n|poke|p2|Iron Jugulis|\n|poke|p2|Tapu Koko|\n|teampreview\n|inactive|Battle timer is ON: inactive players will automatically lose when time's up. (requested by serac1789)\n|\n|t:|1699568588\n|start\n|switch|p1a: Schiltron|Cloyster, M|100\/100\n|switch|p2a: Veluza|Veluza, F|100\/100\n|turn|1\n|\n|t:|1699568597\n|move|p2a: Veluza|Fillet Away|p2a: Veluza\n|-boost|p2a: Veluza|atk|2\n|-boost|p2a: Veluza|spa|2\n|-boost|p2a: Veluza|spe|2\n|-damage|p2a: Veluza|51\/100\n|move|p1a: Schiltron|Shell Smash|p1a: Schiltron\n|-unboost|p1a: Schiltron|def|1\n|-unboost|p1a: Schiltron|spd|1\n|-boost|p1a: Schiltron|atk|2\n|-boost|p1a: Schiltron|spa|2\n|-boost|p1a: Schiltron|spe|2\n|\n|upkeep\n|turn|2\n|\n|t:|1699568612\n|move|p1a: Schiltron|Icicle Spear|p2a: Veluza\n|-resisted|p2a: Veluza\n|-damage|p2a: Veluza|36\/100\n|-enditem|p2a: Veluza|Sitrus Berry|[eat]\n|-heal|p2a: Veluza|61\/100|[from] item: Sitrus Berry\n|-resisted|p2a: Veluza\n|-damage|p2a: Veluza|47\/100\n|-resisted|p2a: Veluza\n|-damage|p2a: Veluza|32\/100\n|-resisted|p2a: Veluza\n|-damage|p2a: Veluza|17\/100\n|-resisted|p2a: Veluza\n|-damage|p2a: Veluza|2\/100\n|-hitcount|p2a: Veluza|5\n|move|p2a: Veluza|Psycho Cut|p1a: Schiltron\n|-enditem|p1a: Schiltron|Focus Sash\n|-damage|p1a: Schiltron|1\/100\n|\n|upkeep\n|turn|3\n|\n|t:|1699568627\n|move|p1a: Schiltron|Icicle Spear|p2a: Veluza\n|-resisted|p2a: Veluza\n|-damage|p2a: Veluza|0 fnt\n|faint|p2a: Veluza\n|-hitcount|p2: Veluza|1\n|\n|upkeep\n|\n|t:|1699568632\n|switch|p2a: Tapu Koko|Tapu Koko|100\/100\n|-fieldstart|move: Electric Terrain|[from] ability: Electric Surge|[of] p2a: Tapu Koko\n|turn|4\n|\n|t:|1699568639\n|move|p2a: Tapu Koko|Volt Switch|p1a: Schiltron\n|-supereffective|p1a: Schiltron\n|-damage|p1a: Schiltron|0 fnt\n|faint|p1a: Schiltron\n|\n|t:|1699568650\n|switch|p2a: Iron Jugulis|Iron Jugulis|100\/100|[from] Volt Switch\n|-activate|p2a: Iron Jugulis|ability: Quark Drive\n|-start|p2a: Iron Jugulis|quarkdrivespe\n|\n|upkeep\n|\n|t:|1699568674\n|switch|p1a: Cuirassier|Nidoking, M|100\/100\n|turn|5\n|\n|t:|1699568682\n|move|p2a: Iron Jugulis|Dark Pulse|p1a: Cuirassier\n|-damage|p1a: Cuirassier|10\/100\n|move|p1a: Cuirassier|Thunderbolt|p2a: Iron Jugulis\n|-supereffective|p2a: Iron Jugulis\n|-damage|p2a: Iron Jugulis|0 fnt\n|faint|p2a: Iron Jugulis\n|-end|p2a: Iron Jugulis|Quark Drive|[silent]\n|\n|upkeep\n|\n|t:|1699568685\n|switch|p2a: Kleavor|Kleavor, M|100\/100\n|turn|6\n|\n|t:|1699568698\n|move|p2a: Kleavor|Stone Axe|p1a: Cuirassier|[miss]\n|-miss|p2a: Kleavor|p1a: Cuirassier\n|move|p1a: Cuirassier|Sludge Wave|p2a: Kleavor\n|-resisted|p2a: Kleavor\n|-damage|p2a: Kleavor|48\/100\n|\n|upkeep\n|turn|7\n|\n|t:|1699568715\n|switch|p1a: Tachi|Aegislash, F|100\/100\n|move|p2a: Kleavor|Stone Axe|p1a: Tachi|[miss]\n|-miss|p2a: Kleavor|p1a: Tachi\n|\n|upkeep\n|turn|8\n|\n|t:|1699568721\n|move|p2a: Kleavor|Stone Axe|p1a: Tachi\n|-resisted|p1a: Tachi\n|-damage|p1a: Tachi|60\/100\n|-sidestart|p1: serac1789|move: Stealth Rock\n|move|p1a: Tachi|Swords Dance|p1a: Tachi\n|-boost|p1a: Tachi|atk|2\n|\n|-heal|p1a: Tachi|66\/100|[from] item: Leftovers\n|-fieldend|move: Electric Terrain\n|upkeep\n|turn|9\n|\n|t:|1699568729\n|switch|p2a: Glimmora|Glimmora, M|100\/100\n|-formechange|p1a: Tachi|Aegislash-Blade||[from] ability: Stance Change\n|move|p1a: Tachi|Iron Head|p2a: Glimmora\n|-supereffective|p2a: Glimmora\n|-damage|p2a: Glimmora|0 fnt\n|-damage|p1a: Tachi|50\/100|[from] item: Rocky Helmet|[of] p2a: Glimmora\n|-activate|p2a: Glimmora|ability: Toxic Debris\n|-sidestart|p1: serac1789|move: Toxic Spikes\n|faint|p2a: Glimmora\n|\n|-heal|p1a: Tachi|56\/100|[from] item: Leftovers\n|upkeep\n|\n|t:|1699568736\n|switch|p2a: Tapu Koko|Tapu Koko|100\/100\n|-fieldstart|move: Electric Terrain|[from] ability: Electric Surge|[of] p2a: Tapu Koko\n|turn|10\n|\n|t:|1699568749\n|-formechange|p1a: Tachi|Aegislash||[from] ability: Stance Change\n|move|p1a: Tachi|King's Shield|p1a: Tachi\n|-singleturn|p1a: Tachi|Protect\n|move|p2a: Tapu Koko|Volt Switch|p1a: Tachi\n|-activate|p1a: Tachi|move: Protect\n|\n|-heal|p1a: Tachi|62\/100|[from] item: Leftovers\n|upkeep\n|turn|11\n|\n|t:|1699568764\n|switch|p2a: Kleavor|Kleavor, M|48\/100\n|-formechange|p1a: Tachi|Aegislash-Blade||[from] ability: Stance Change\n|move|p1a: Tachi|Iron Head|p2a: Kleavor\n|-supereffective|p2a: Kleavor\n|-damage|p2a: Kleavor|0 fnt\n|faint|p2a: Kleavor\n|\n|-heal|p1a: Tachi|68\/100|[from] item: Leftovers\n|upkeep\n|\n|t:|1699568772\n|switch|p2a: Tapu Koko|Tapu Koko|100\/100\n|turn|12\n|\n|t:|1699568778\n|-formechange|p1a: Tachi|Aegislash||[from] ability: Stance Change\n|move|p1a: Tachi|King's Shield|p1a: Tachi\n|-singleturn|p1a: Tachi|Protect\n|move|p2a: Tapu Koko|Volt Switch|p1a: Tachi\n|-activate|p1a: Tachi|move: Protect\n|\n|-heal|p1a: Tachi|74\/100|[from] item: Leftovers\n|upkeep\n|turn|13\n|\n|t:|1699568785\n|move|p2a: Tapu Koko|Volt Switch|p1a: Tachi\n|-damage|p1a: Tachi|36\/100\n|\n|t:|1699568788\n|switch|p2a: Iron Valiant|Iron Valiant|100\/100|[from] Volt Switch\n|-activate|p2a: Iron Valiant|ability: Quark Drive\n|-start|p2a: Iron Valiant|quarkdrivespe\n|-formechange|p1a: Tachi|Aegislash-Blade||[from] ability: Stance Change\n|move|p1a: Tachi|Iron Head|p2a: Iron Valiant\n|-supereffective|p2a: Iron Valiant\n|-crit|p2a: Iron Valiant\n|-damage|p2a: Iron Valiant|0 fnt\n|faint|p2a: Iron Valiant\n|-end|p2a: Iron Valiant|Quark Drive|[silent]\n|\n|-heal|p1a: Tachi|42\/100|[from] item: Leftovers\n|upkeep\n|\n|t:|1699568791\n|switch|p2a: Tapu Koko|Tapu Koko|100\/100\n|turn|14\n|-message|peanutthepengui forfeited.\n|\n|win|serac1789\n|raw|serac1789's rating: 1259 &rarr; <strong>1283<\/strong><br \/>(+24 for winning)\n|raw|peanutthepengui's rating: 1250 &rarr; <strong>1226<\/strong><br \/>(-24 for losing)\n|l|\u2606peanutthepengui\n|l|\u2606serac1789\n|j|\u2606serac1789\n|player|p1|serac1789|doubleteam\n","uploadtime":1699569044,"views":8,"p1id":"serac1789","p2id":"peanutthepengui","formatid":"gen9nationaldex","rating":1226,"private":0,"password":""}