{"id":"gen9nationaldex-1993256675","p1":"BOTBarrel","p2":"XYStarshine.\u661f\u8000","format":"[Gen 9] National Dex","log":"|j|\u2606BOTBarrel\n|j|\u2606XYStarshine.\u661f\u8000\n|t:|1700285281\n|gametype|singles\n|player|p1|BOTBarrel|101|1676\n|player|p2|XYStarshine.\u661f\u8000|psychic-lgpe|1680\n|teamsize|p1|6\n|teamsize|p2|6\n|gen|9\n|tier|[Gen 9] National Dex\n|rated|\n|rule|HP Percentage Mod: HP is shown in percentages\n|rule|Endless Battle Clause: Forcing endless battles is banned\n|rule|OHKO Clause: OHKO moves are banned\n|rule|Evasion Clause: Evasion abilities, items, and moves are banned\n|rule|Evasion Abilities Clause: Evasion abilities are banned\n|rule|Evasion Items Clause: Evasion items are banned\n|rule|Evasion Moves Clause: Evasion moves are banned\n|rule|Species Clause: Limit one of each Pok\u00e9mon\n|rule|Sleep Clause Mod: Limit one foe put to sleep\n|clearpoke\n|poke|p1|Heatran, M|\n|poke|p1|Great Tusk|\n|poke|p1|Toxapex, F|\n|poke|p1|Ferrothorn, F|\n|poke|p1|Charizard, M|\n|poke|p1|Iron Valiant|\n|poke|p2|Ceruledge, M|\n|poke|p2|Great Tusk|\n|poke|p2|Iron Valiant|\n|poke|p2|Banette, F|\n|poke|p2|Volcanion|\n|poke|p2|Serperior, F|\n|teampreview\n|inactive|Battle timer is ON: inactive players will automatically lose when time's up. (requested by BOTBarrel)\n|\n|t:|1700285294\n|start\n|switch|p1a: Charizard|Charizard, M|100\/100\n|switch|p2a: Volcanion|Volcanion|100\/100\n|turn|1\n|\n|t:|1700285303\n|detailschange|p1a: Charizard|Charizard-Mega-Y, M\n|-mega|p1a: Charizard|Charizard|Charizardite Y\n|-weather|SunnyDay|[from] ability: Drought|[of] p1a: Charizard\n|move|p1a: Charizard|Solar Beam||[still]\n|-prepare|p1a: Charizard|Solar Beam\n|-anim|p1a: Charizard|Solar Beam|p2a: Volcanion\n|-damage|p2a: Volcanion|40\/100\n|move|p2a: Volcanion|Steam Eruption|p1a: Charizard\n|-supereffective|p1a: Charizard\n|-damage|p1a: Charizard|38\/100\n|\n|-weather|SunnyDay|[upkeep]\n|upkeep\n|turn|2\n|\n|t:|1700285327\n|switch|p2a: Serperior|Serperior, F, shiny|100\/100\n|move|p1a: Charizard|Roost|p1a: Charizard\n|-heal|p1a: Charizard|88\/100\n|-singleturn|p1a: Charizard|move: Roost\n|\n|-weather|SunnyDay|[upkeep]\n|upkeep\n|turn|3\n|\n|t:|1700285331\n|move|p2a: Serperior|Glare|p1a: Charizard\n|-status|p1a: Charizard|par\n|move|p1a: Charizard|Weather Ball|p2a: Serperior\n|-supereffective|p2a: Serperior\n|-damage|p2a: Serperior|0 fnt\n|faint|p2a: Serperior\n|\n|-weather|SunnyDay|[upkeep]\n|upkeep\n|inactive|XYStarshine.\u661f\u8000 has 120 seconds left.\n|\n|t:|1700285358\n|switch|p2a: Banette|Banette, F, shiny|100\/100\n|-item|p1a: Charizard|Charizardite Y|[from] ability: Frisk|[of] p2a: Banette|[identify]\n|turn|4\n|\n|t:|1700285364\n|detailschange|p2a: Banette|Banette-Mega, F, shiny\n|-mega|p2a: Banette|Banette|Banettite\n|move|p2a: Banette|Poltergeist|p1a: Charizard\n|-activate|p1a: Charizard|move: Poltergeist|Charizardite Y\n|-damage|p1a: Charizard|0 fnt\n|faint|p1a: Charizard\n|\n|-weather|SunnyDay|[upkeep]\n|upkeep\n|\n|t:|1700285375\n|switch|p1a: Iron Valiant|Iron Valiant|100\/100\n|-enditem|p1a: Iron Valiant|Booster Energy\n|-activate|p1a: Iron Valiant|ability: Quark Drive|[fromitem]\n|-start|p1a: Iron Valiant|quarkdrivespe\n|turn|5\n|\n|t:|1700285381\n|move|p2a: Banette|Destiny Bond|p2a: Banette\n|-singlemove|p2a: Banette|Destiny Bond\n|move|p1a: Iron Valiant|Knock Off|p2a: Banette\n|-supereffective|p2a: Banette\n|-damage|p2a: Banette|34\/100\n|\n|-weather|none\n|upkeep\n|turn|6\n|\n|t:|1700285390\n|move|p1a: Iron Valiant|Knock Off|p2a: Banette\n|-supereffective|p2a: Banette\n|-damage|p2a: Banette|0 fnt\n|faint|p2a: Banette\n|-activate|p2a: Banette|move: Destiny Bond\n|faint|p1a: Iron Valiant\n|-end|p1a: Iron Valiant|Quark Drive|[silent]\n|\n|upkeep\n|\n|t:|1700285400\n|switch|p1a: Heatran|Heatran, M|100\/100\n|switch|p2a: Volcanion|Volcanion|40\/100\n|turn|7\n|\n|t:|1700285408\n|move|p1a: Heatran|Earth Power|p2a: Volcanion\n|-supereffective|p2a: Volcanion\n|-damage|p2a: Volcanion|0 fnt\n|faint|p2a: Volcanion\n|\n|upkeep\n|\n|t:|1700285411\n|switch|p2a: Great Tusk|Great Tusk|100\/100\n|-enditem|p2a: Great Tusk|Booster Energy\n|-activate|p2a: Great Tusk|ability: Protosynthesis|[fromitem]\n|-start|p2a: Great Tusk|protosynthesisspe\n|turn|8\n|\n|t:|1700285413\n|switch|p1a: Ferrothorn|Ferrothorn, F|100\/100\n|move|p2a: Great Tusk|Headlong Rush|p1a: Ferrothorn\n|-damage|p1a: Ferrothorn|69\/100\n|-unboost|p2a: Great Tusk|def|1\n|-unboost|p2a: Great Tusk|spd|1\n|-damage|p2a: Great Tusk|88\/100|[from] ability: Iron Barbs|[of] p1a: Ferrothorn\n|-damage|p2a: Great Tusk|71\/100|[from] item: Rocky Helmet|[of] p1a: Ferrothorn\n|\n|upkeep\n|turn|9\n|\n|t:|1700285417\n|-end|p2a: Great Tusk|Protosynthesis|[silent]\n|switch|p2a: Ceruledge|Ceruledge, M|100\/100\n|move|p1a: Ferrothorn|Gyro Ball|p2a: Ceruledge\n|-resisted|p2a: Ceruledge\n|-damage|p2a: Ceruledge|68\/100\n|-ability|p2a: Ceruledge|Weak Armor|boost\n|-unboost|p2a: Ceruledge|def|1\n|-boost|p2a: Ceruledge|spe|2\n|\n|upkeep\n|turn|10\n|\n|t:|1700285422\n|switch|p1a: Heatran|Heatran, M|100\/100\n|move|p2a: Ceruledge|Poltergeist|p1a: Heatran\n|-activate|p1a: Heatran|move: Poltergeist|Choice Scarf\n|-damage|p1a: Heatran|43\/100\n|\n|upkeep\n|turn|11\n|\n|t:|1700285429\n|move|p2a: Ceruledge|Poltergeist|p1a: Heatran\n|-activate|p1a: Heatran|move: Poltergeist|Choice Scarf\n|-damage|p1a: Heatran|0 fnt\n|faint|p1a: Heatran\n|\n|upkeep\n|\n|t:|1700285437\n|switch|p1a: Toxapex|Toxapex, F|100\/100\n|turn|12\n|\n|t:|1700285446\n|-terastallize|p2a: Ceruledge|Ghost\n|move|p2a: Ceruledge|Poltergeist|p1a: Toxapex\n|-activate|p1a: Toxapex|move: Poltergeist|Heavy-Duty Boots\n|-damage|p1a: Toxapex|44\/100\n|move|p1a: Toxapex|Toxic|p2a: Ceruledge\n|-status|p2a: Ceruledge|tox\n|\n|-damage|p2a: Ceruledge|62\/100 tox|[from] psn\n|upkeep\n|turn|13\n|\n|t:|1700285455\n|switch|p1a: Ferrothorn|Ferrothorn, F|69\/100\n|move|p2a: Ceruledge|Poltergeist|p1a: Ferrothorn|[miss]\n|-miss|p2a: Ceruledge|p1a: Ferrothorn\n|\n|-damage|p2a: Ceruledge|50\/100 tox|[from] psn\n|upkeep\n|turn|14\n|\n|t:|1700285460\n|switch|p1a: Toxapex|Toxapex, F|77\/100\n|move|p2a: Ceruledge|Bitter Blade|p1a: Toxapex\n|-resisted|p1a: Toxapex\n|-damage|p1a: Toxapex|59\/100\n|-heal|p2a: Ceruledge|59\/100 tox|[from] drain|[of] p1a: Toxapex\n|\n|-damage|p2a: Ceruledge|40\/100 tox|[from] psn\n|upkeep\n|turn|15\n|\n|t:|1700285463\n|switch|p1a: Ferrothorn|Ferrothorn, F|69\/100\n|move|p2a: Ceruledge|Poltergeist|p1a: Ferrothorn\n|-activate|p1a: Ferrothorn|move: Poltergeist|Rocky Helmet\n|-damage|p1a: Ferrothorn|24\/100\n|\n|-damage|p2a: Ceruledge|16\/100 tox|[from] psn\n|upkeep\n|turn|16\n|\n|t:|1700285469\n|move|p2a: Ceruledge|Poltergeist|p1a: Ferrothorn\n|-activate|p1a: Ferrothorn|move: Poltergeist|Rocky Helmet\n|-damage|p1a: Ferrothorn|0 fnt\n|faint|p1a: Ferrothorn\n|\n|-damage|p2a: Ceruledge|0 fnt|[from] psn\n|faint|p2a: Ceruledge\n|upkeep\n|\n|t:|1700285474\n|switch|p2a: Great Tusk|Great Tusk|71\/100\n|switch|p1a: Toxapex|Toxapex, F|93\/100\n|turn|17\n|\n|t:|1700285478\n|-terastallize|p1a: Toxapex|Flying\n|move|p2a: Great Tusk|Headlong Rush|p1a: Toxapex\n|-immune|p1a: Toxapex\n|move|p1a: Toxapex|Toxic|p2a: Great Tusk\n|-status|p2a: Great Tusk|tox\n|\n|-damage|p2a: Great Tusk|65\/100 tox|[from] psn\n|upkeep\n|turn|18\n|\n|t:|1700285481\n|move|p2a: Great Tusk|Ice Spinner|p1a: Toxapex\n|-supereffective|p1a: Toxapex\n|-damage|p1a: Toxapex|55\/100\n|move|p1a: Toxapex|Recover|p1a: Toxapex\n|-heal|p1a: Toxapex|100\/100\n|\n|-damage|p2a: Great Tusk|53\/100 tox|[from] psn\n|upkeep\n|turn|19\n|\n|t:|1700285483\n|-end|p2a: Great Tusk|Protosynthesis|[silent]\n|switch|p2a: Iron Valiant|Iron Valiant, shiny|100\/100\n|-enditem|p2a: Iron Valiant|Booster Energy\n|-activate|p2a: Iron Valiant|ability: Quark Drive|[fromitem]\n|-start|p2a: Iron Valiant|quarkdrivespe\n|move|p1a: Toxapex|Recover||[still]\n|-fail|p1a: Toxapex|heal\n|\n|upkeep\n|turn|20\n|\n|t:|1700285487\n|move|p2a: Iron Valiant|Encore|p1a: Toxapex\n|-start|p1a: Toxapex|Encore\n|move|p1a: Toxapex|Recover||[still]\n|-fail|p1a: Toxapex|heal\n|\n|upkeep\n|turn|21\n|\n|t:|1700285489\n|switch|p1a: Great Tusk|Great Tusk|100\/100\n|move|p2a: Iron Valiant|Swords Dance|p2a: Iron Valiant\n|-boost|p2a: Iron Valiant|atk|2\n|\n|upkeep\n|turn|22\n|\n|t:|1700285493\n|move|p2a: Iron Valiant|Swords Dance|p2a: Iron Valiant\n|-boost|p2a: Iron Valiant|atk|2\n|move|p1a: Great Tusk|Earthquake|p2a: Iron Valiant\n|-damage|p2a: Iron Valiant|45\/100\n|\n|upkeep\n|turn|23\n|\n|t:|1700285495\n|move|p2a: Iron Valiant|Close Combat|p1a: Great Tusk\n|-damage|p1a: Great Tusk|0 fnt\n|-unboost|p2a: Iron Valiant|def|1\n|-unboost|p2a: Iron Valiant|spd|1\n|faint|p1a: Great Tusk\n|-end|p1a: Great Tusk|Protosynthesis|[silent]\n|\n|upkeep\n|\n|t:|1700285498\n|switch|p1a: Toxapex|Toxapex, F, tera:Flying|100\/100\n|turn|24\n|\n|t:|1700285501\n|move|p2a: Iron Valiant|Knock Off|p1a: Toxapex\n|-damage|p1a: Toxapex|17\/100\n|-enditem|p1a: Toxapex|Heavy-Duty Boots|[from] move: Knock Off|[of] p2a: Iron Valiant\n|move|p1a: Toxapex|Scald|p2a: Iron Valiant\n|-crit|p2a: Iron Valiant\n|-damage|p2a: Iron Valiant|0 fnt\n|faint|p2a: Iron Valiant\n|-end|p2a: Iron Valiant|Quark Drive|[silent]\n|\n|upkeep\n|\n|t:|1700285503\n|switch|p2a: Great Tusk|Great Tusk|53\/100 tox\n|turn|25\n|\n|t:|1700285505\n|move|p2a: Great Tusk|Ice Spinner|p1a: Toxapex\n|-supereffective|p1a: Toxapex\n|-damage|p1a: Toxapex|0 fnt\n|faint|p1a: Toxapex\n|\n|win|XYStarshine.\u661f\u8000\n|raw|BOTBarrel's rating: 1676 &rarr; <strong>1656<\/strong><br \/>(-20 for losing)\n|raw|XYStarshine.\u661f\u8000's rating: 1680 &rarr; <strong>1700<\/strong><br \/>(+20 for winning)\n|l|\u2606BOTBarrel\n","uploadtime":1700285652,"views":6,"p1id":"botbarrel","p2id":"xystarshine","formatid":"gen9nationaldex","rating":1656,"private":0,"password":""}