{"id":"gen9nationaldex-1990261995","p1":"bob_0728","p2":"gglao4","format":"[Gen 9] National Dex","log":"|j|\u2606bob_0728\n|j|\u2606gglao4\n|t:|1699946730\n|gametype|singles\n|player|p1|bob_0728|2|1617\n|player|p2|gglao4|2|1529\n|teamsize|p1|6\n|teamsize|p2|6\n|gen|9\n|tier|[Gen 9] National Dex\n|rated|\n|rule|HP Percentage Mod: HP is shown in percentages\n|rule|Endless Battle Clause: Forcing endless battles is banned\n|rule|OHKO Clause: OHKO moves are banned\n|rule|Evasion Clause: Evasion abilities, items, and moves are banned\n|rule|Evasion Abilities Clause: Evasion abilities are banned\n|rule|Evasion Items Clause: Evasion items are banned\n|rule|Evasion Moves Clause: Evasion moves are banned\n|rule|Species Clause: Limit one of each Pok\u00e9mon\n|rule|Sleep Clause Mod: Limit one foe put to sleep\n|clearpoke\n|poke|p1|Hatterene, F|\n|poke|p1|Ursaluna, M|\n|poke|p1|Cresselia, F|\n|poke|p1|Camerupt, F|\n|poke|p1|Mimikyu, M|\n|poke|p1|Glastrier|\n|poke|p2|Alomomola, F|\n|poke|p2|Zamazenta-*|\n|poke|p2|Ditto|\n|poke|p2|Victini|\n|poke|p2|Gliscor, M|\n|poke|p2|Goodra-Hisui, M|\n|teampreview\n|l|\u2606bob_0728\n|player|p1|\n|inactive|Battle timer is ON: inactive players will automatically lose when time's up. (requested by gglao4)\n|\n|t:|1699946771\n|start\n|switch|p1a: Hatterene|Hatterene, F|100\/100\n|switch|p2a: Victini|Victini|100\/100\n|turn|1\n|j|\u2606bob_0728\n|inactive|bob_0728 reconnected and has 150 seconds left.\n|player|p1|bob_0728|2\n|\n|t:|1699946777\n|move|p2a: Victini|V-create|p1a: Hatterene\n|-damage|p1a: Hatterene|20\/100\n|-unboost|p2a: Victini|spe|1\n|-unboost|p2a: Victini|def|1\n|-unboost|p2a: Victini|spd|1\n|move|p1a: Hatterene|Trick Room|p1a: Hatterene\n|-fieldstart|move: Trick Room|[of] p1a: Hatterene\n|\n|upkeep\n|turn|2\n|\n|t:|1699946780\n|switch|p2a: Gliscor|Gliscor, M|100\/100\n|move|p1a: Hatterene|Mystical Fire|p2a: Gliscor\n|-damage|p2a: Gliscor|74\/100\n|-unboost|p2a: Gliscor|spa|1\n|\n|-status|p2a: Gliscor|tox|[from] item: Toxic Orb\n|upkeep\n|turn|3\n|\n|t:|1699946786\n|move|p1a: Hatterene|Psychic|p2a: Gliscor\n|-damage|p2a: Gliscor|29\/100 tox\n|move|p2a: Gliscor|Earthquake|p1a: Hatterene\n|-damage|p1a: Hatterene|0 fnt\n|faint|p1a: Hatterene\n|\n|-heal|p2a: Gliscor|41\/100 tox|[from] ability: Poison Heal\n|upkeep\n|\n|t:|1699946806\n|switch|p1a: Camerupt|Camerupt, F|100\/100\n|turn|4\n|\n|t:|1699946835\n|switch|p2a: Goodra|Goodra-Hisui, M|100\/100\n|detailschange|p1a: Camerupt|Camerupt-Mega, F\n|-mega|p1a: Camerupt|Camerupt|Cameruptite\n|move|p1a: Camerupt|Fire Blast|p2a: Goodra\n|-damage|p2a: Goodra|61\/100\n|\n|upkeep\n|turn|5\n|\n|t:|1699946844\n|switch|p2a: Gliscor|Gliscor, M|41\/100 tox\n|move|p1a: Camerupt|Earth Power|p2a: Gliscor\n|-immune|p2a: Gliscor\n|\n|-heal|p2a: Gliscor|54\/100 tox|[from] ability: Poison Heal\n|-fieldend|move: Trick Room\n|upkeep\n|turn|6\n|\n|t:|1699946862\n|move|p2a: Gliscor|Earthquake|p1a: Camerupt\n|-supereffective|p1a: Camerupt\n|-damage|p1a: Camerupt|32\/100\n|move|p1a: Camerupt|Fire Blast|p2a: Gliscor\n|-damage|p2a: Gliscor|0 fnt\n|faint|p2a: Gliscor\n|\n|upkeep\n|\n|t:|1699946880\n|switch|p2a: Ditto|Ditto|100\/100\n|-transform|p2a: Ditto|p1a: Camerupt|[from] ability: Imposter\n|turn|7\n|inactive|bob_0728 has 120 seconds left.\n|\n|t:|1699946920\n|switch|p1a: Cresselia|Cresselia, F|100\/100\n|move|p2a: Ditto|Fire Blast|p1a: Cresselia|[miss]\n|-miss|p2a: Ditto|p1a: Cresselia\n|\n|upkeep\n|turn|8\n|\n|t:|1699946928\n|move|p2a: Ditto|Fire Blast|p1a: Cresselia\n|-damage|p1a: Cresselia|55\/100\n|move|p1a: Cresselia|Trick Room|p1a: Cresselia\n|-fieldstart|move: Trick Room|[of] p1a: Cresselia\n|\n|-heal|p1a: Cresselia|61\/100|[from] item: Leftovers\n|upkeep\n|turn|9\n|\n|t:|1699946936\n|move|p2a: Ditto|Fire Blast|p1a: Cresselia\n|-damage|p1a: Cresselia|19\/100\n|move|p1a: Cresselia|Toxic|p2a: Ditto\n|-status|p2a: Ditto|tox\n|\n|-heal|p1a: Cresselia|25\/100|[from] item: Leftovers\n|-damage|p2a: Ditto|94\/100 tox|[from] psn\n|upkeep\n|turn|10\n|\n|t:|1699946950\n|switch|p1a: Ursaluna|Ursaluna, M|100\/100\n|move|p2a: Ditto|Fire Blast|p1a: Ursaluna\n|-damage|p1a: Ursaluna|25\/100\n|\n|-damage|p2a: Ditto|82\/100 tox|[from] psn\n|-status|p1a: Ursaluna|brn|[from] item: Flame Orb\n|upkeep\n|turn|11\n|\n|t:|1699946961\n|switch|p2a: Alomomola|Alomomola, F|100\/100\n|switch|p1a: Camerupt|Camerupt-Mega, F|32\/100\n|\n|upkeep\n|turn|12\n|\n|t:|1699946970\n|move|p1a: Camerupt|Earth Power|p2a: Alomomola\n|-damage|p2a: Alomomola|8\/100\n|move|p2a: Alomomola|Flip Turn|p1a: Camerupt\n|-supereffective|p1a: Camerupt\n|-damage|p1a: Camerupt|0 fnt\n|faint|p1a: Camerupt\n|\n|t:|1699946982\n|switch|p2a: Victini|Victini|100\/100|[from] Flip Turn\n|\n|-fieldend|move: Trick Room\n|upkeep\n|\n|t:|1699946998\n|switch|p1a: Cresselia|Cresselia, F|25\/100\n|turn|13\n|\n|t:|1699947001\n|switch|p1a: Mimikyu|Mimikyu, M|100\/100\n|move|p2a: Victini|V-create|p1a: Mimikyu\n|-activate|p1a: Mimikyu|ability: Disguise\n|-damage|p1a: Mimikyu|100\/100\n|-unboost|p2a: Victini|spe|1\n|-unboost|p2a: Victini|def|1\n|-unboost|p2a: Victini|spd|1\n|-damage|p2a: Victini|84\/100|[from] item: Rocky Helmet|[of] p1a: Mimikyu\n|detailschange|p1a: Mimikyu|Mimikyu-Busted, M\n|-damage|p1a: Mimikyu|88\/100|[from] pokemon: Mimikyu-Busted\n|\n|upkeep\n|turn|14\n|\n|t:|1699947015\n|switch|p2a: Alomomola|Alomomola, F|42\/100\n|move|p1a: Mimikyu|Trick Room|p1a: Mimikyu\n|-fieldstart|move: Trick Room|[of] p1a: Mimikyu\n|\n|upkeep\n|turn|15\n|\n|t:|1699947024\n|move|p2a: Alomomola|Wish|p2a: Alomomola\n|move|p1a: Mimikyu|Curse|p2a: Alomomola\n|-start|p2a: Alomomola|Curse|[of] p1a: Mimikyu\n|-damage|p1a: Mimikyu|38\/100\n|\n|-damage|p2a: Alomomola|17\/100|[from] Curse\n|upkeep\n|turn|16\n|\n|t:|1699947038\n|switch|p2a: Goodra|Goodra-Hisui, M|61\/100\n|switch|p1a: Cresselia|Cresselia, F|25\/100\n|\n|-heal|p2a: Goodra|100\/100|[from] move: Wish|[wisher] Alomomola\n|-heal|p1a: Cresselia|31\/100|[from] item: Leftovers\n|upkeep\n|turn|17\n|\n|t:|1699947052\n|move|p2a: Goodra|Flash Cannon|p1a: Cresselia\n|-damage|p1a: Cresselia|12\/100\n|move|p1a: Cresselia|Moonlight|p1a: Cresselia\n|-heal|p1a: Cresselia|62\/100\n|\n|-heal|p1a: Cresselia|68\/100|[from] item: Leftovers\n|upkeep\n|turn|18\n|\n|t:|1699947058\n|move|p2a: Goodra|Thunderbolt|p1a: Cresselia\n|-damage|p1a: Cresselia|53\/100\n|-status|p1a: Cresselia|par\n|cant|p1a: Cresselia|par\n|\n|-heal|p1a: Cresselia|59\/100 par|[from] item: Leftovers\n|-fieldend|move: Trick Room\n|upkeep\n|turn|19\n|c|\u2606bob_0728|\uff1f\uff1f\uff1f\n|\n|t:|1699947066\n|switch|p2a: Ditto|Ditto|82\/100 tox\n|-transform|p2a: Ditto|p1a: Cresselia|[from] ability: Imposter\n|move|p1a: Cresselia|Moonlight|p1a: Cresselia\n|-heal|p1a: Cresselia|100\/100 par\n|\n|-damage|p2a: Ditto|76\/100 tox|[from] psn\n|upkeep\n|turn|20\n|\n|t:|1699947081\n|switch|p2a: Alomomola|Alomomola, F|50\/100\n|move|p1a: Cresselia|Trick Room|p1a: Cresselia\n|-fieldstart|move: Trick Room|[of] p1a: Cresselia\n|\n|upkeep\n|turn|21\n|\n|t:|1699947088\n|move|p1a: Cresselia|Toxic|p2a: Alomomola\n|-status|p2a: Alomomola|tox\n|move|p2a: Alomomola|Flip Turn|p1a: Cresselia\n|-damage|p1a: Cresselia|90\/100 par\n|\n|t:|1699947093\n|switch|p2a: Ditto|Ditto|76\/100 tox|[from] Flip Turn\n|-transform|p2a: Ditto|p1a: Cresselia|[from] ability: Imposter\n|\n|-heal|p1a: Cresselia|96\/100 par|[from] item: Leftovers\n|-damage|p2a: Ditto|70\/100 tox|[from] psn\n|upkeep\n|turn|22\n|\n|t:|1699947098\n|switch|p1a: Mimikyu|Mimikyu-Busted, M|38\/100\n|move|p2a: Ditto|Trick Room|p2a: Ditto\n|-fieldend|move: Trick Room\n|\n|-damage|p2a: Ditto|58\/100 tox|[from] psn\n|upkeep\n|turn|23\n|\n|t:|1699947107\n|switch|p2a: Alomomola|Alomomola, F|83\/100 tox\n|move|p1a: Mimikyu|Trick Room|p1a: Mimikyu\n|-fieldstart|move: Trick Room|[of] p1a: Mimikyu\n|\n|-damage|p2a: Alomomola|77\/100 tox|[from] psn\n|upkeep\n|turn|24\n|\n|t:|1699947121\n|move|p2a: Alomomola|Flip Turn|p1a: Mimikyu\n|-damage|p1a: Mimikyu|23\/100\n|-damage|p2a: Alomomola|61\/100 tox|[from] item: Rocky Helmet|[of] p1a: Mimikyu\n|\n|t:|1699947125\n|switch|p2a: Goodra|Goodra-Hisui, M|100\/100|[from] Flip Turn\n|move|p1a: Mimikyu|Curse|p2a: Goodra\n|-start|p2a: Goodra|Curse|[of] p1a: Mimikyu\n|-damage|p1a: Mimikyu|0 fnt\n|faint|p1a: Mimikyu\n|\n|-damage|p2a: Goodra|75\/100|[from] Curse\n|upkeep\n|\n|t:|1699947128\n|switch|p1a: Ursaluna|Ursaluna, M|25\/100 brn\n|turn|25\n|\n|t:|1699947133\n|switch|p2a: Alomomola|Alomomola, F|94\/100 tox\n|move|p1a: Ursaluna|Headlong Rush|p2a: Alomomola\n|-damage|p2a: Alomomola|36\/100 tox\n|-unboost|p1a: Ursaluna|def|1\n|-unboost|p1a: Ursaluna|spd|1\n|-damage|p1a: Ursaluna|8\/100 brn|[from] item: Rocky Helmet|[of] p2a: Alomomola\n|\n|-damage|p2a: Alomomola|30\/100 tox|[from] psn\n|-damage|p1a: Ursaluna|2\/100 brn|[from] brn\n|upkeep\n|turn|26\n|\n|t:|1699947149\n|move|p1a: Ursaluna|Facade|p2a: Alomomola\n|-damage|p2a: Alomomola|0 fnt\n|-damage|p1a: Ursaluna|0 fnt|[from] item: Rocky Helmet|[of] p2a: Alomomola\n|faint|p2a: Alomomola\n|faint|p1a: Ursaluna\n|\n|upkeep\n|\n|t:|1699947157\n|switch|p1a: Cresselia|Cresselia, F|96\/100 par\n|switch|p2a: Victini|Victini|84\/100\n|turn|27\n|\n|t:|1699947176\n|switch|p2a: Goodra|Goodra-Hisui, M|75\/100\n|move|p1a: Cresselia|Toxic|p2a: Goodra\n|-immune|p2a: Goodra\n|\n|-heal|p1a: Cresselia|100\/100 par|[from] item: Leftovers\n|-fieldend|move: Trick Room\n|upkeep\n|turn|28\n|inactive|gglao4 has 120 seconds left.\n|\n|t:|1699947209\n|switch|p2a: Victini|Victini|84\/100\n|move|p1a: Cresselia|Trick Room|p1a: Cresselia\n|-fieldstart|move: Trick Room|[of] p1a: Cresselia\n|\n|upkeep\n|turn|29\n|inactive|gglao4 has 120 seconds left.\n|l|\u2606gglao4\n|inactive|gglao4 disconnected and has a minute to reconnect!\n|player|p2|\n|j|\u2606gglao4\n|inactive|gglao4 reconnected and has 105 seconds left.\n|player|p2|gglao4|2\n|inactive|gglao4 has 90 seconds left.\n|l|\u2606gglao4\n|inactive|gglao4 disconnected and has a minute to reconnect!\n|player|p2|\n|j|\u2606gglao4\n|inactive|gglao4 reconnected and has 85 seconds left.\n|player|p2|gglao4|2\n|inactive|gglao4 has 60 seconds left.\n|l|\u2606gglao4\n|inactive|gglao4 disconnected and has a minute to reconnect!\n|player|p2|\n|j|\u2606gglao4\n|inactive|gglao4 reconnected and has 55 seconds left.\n|player|p2|gglao4|2\n|\n|t:|1699947288\n|move|p1a: Cresselia|Toxic|p2a: Victini\n|-status|p2a: Victini|tox\n|move|p2a: Victini|Trick|p1a: Cresselia\n|-activate|p2a: Victini|move: Trick|[of] p1a: Cresselia\n|-item|p1a: Cresselia|Choice Scarf|[from] move: Trick\n|-item|p2a: Victini|Leftovers|[from] move: Trick\n|\n|-heal|p2a: Victini|90\/100 tox|[from] item: Leftovers\n|-damage|p2a: Victini|84\/100 tox|[from] psn\n|upkeep\n|turn|30\n|\n|t:|1699947296\n|switch|p1a: Glastrier|Glastrier|100\/100\n|switch|p2a: Goodra|Goodra-Hisui, M|75\/100\n|\n|upkeep\n|turn|31\n|inactive|gglao4 has 60 seconds left.\n|\n|t:|1699947312\n|switch|p2a: Zamazenta|Zamazenta|100\/100\n|-ability|p2a: Zamazenta|Dauntless Shield|boost\n|-boost|p2a: Zamazenta|def|1\n|move|p1a: Glastrier|High Horsepower|p2a: Zamazenta\n|-damage|p2a: Zamazenta|75\/100\n|\n|upkeep\n|turn|32\n|\n|t:|1699947319\n|move|p1a: Glastrier|Icicle Spear|p2a: Zamazenta\n|-damage|p2a: Zamazenta|64\/100\n|-damage|p2a: Zamazenta|55\/100\n|-damage|p2a: Zamazenta|46\/100\n|-damage|p2a: Zamazenta|36\/100\n|-damage|p2a: Zamazenta|27\/100\n|-hitcount|p2a: Zamazenta|5\n|move|p2a: Zamazenta|Close Combat|p1a: Glastrier\n|-supereffective|p1a: Glastrier\n|-damage|p1a: Glastrier|0 fnt\n|-unboost|p2a: Zamazenta|def|1\n|-unboost|p2a: Zamazenta|spd|1\n|faint|p1a: Glastrier\n|\n|-fieldend|move: Trick Room\n|upkeep\n|\n|t:|1699947324\n|switch|p1a: Cresselia|Cresselia, F|100\/100 par\n|turn|33\n|inactive|gglao4 has 60 seconds left.\n|\n|t:|1699947343\n|switch|p2a: Ditto|Ditto|58\/100 tox\n|-transform|p2a: Ditto|p1a: Cresselia|[from] ability: Imposter\n|move|p1a: Cresselia|Toxic|p2a: Ditto\n|-fail|p2a: Ditto|tox\n|\n|-damage|p2a: Ditto|52\/100 tox|[from] psn\n|upkeep\n|turn|34\n|inactive|gglao4 has 60 seconds left.\n|\n|t:|1699947355\n|move|p2a: Ditto|Moonlight|p2a: Ditto\n|-heal|p2a: Ditto|100\/100 tox\n|move|p1a: Cresselia|Toxic|p2a: Ditto\n|-fail|p2a: Ditto|tox\n|\n|-damage|p2a: Ditto|88\/100 tox|[from] psn\n|upkeep\n|turn|35\n|-message|bob_0728 forfeited.\n|\n|win|gglao4\n|raw|bob_0728's rating: 1657 &rarr; <strong>1630<\/strong><br \/>(-27 for losing)\n|raw|gglao4's rating: 1529 &rarr; <strong>1556<\/strong><br \/>(+27 for winning)\n|l|\u2606bob_0728\n","uploadtime":1699947364,"views":4,"p1id":"bob0728","p2id":"gglao4","formatid":"gen9nationaldex","rating":1556,"private":0,"password":""}