{"id":"gen9nationaldex-1988405342","p1":"NDUU9SCRN Pugzn","p2":"SOLAROS & LUNARIS","format":"[Gen 9] National Dex","log":"|j|\u2606NDUU9SCRN Pugzn\n|j|\u2606SOLAROS & LUNARIS\n|inactive|Battle timer is ON: inactive players will automatically lose when time's up.\n|t:|1699719322\n|gametype|singles\n|player|p1|NDUU9SCRN Pugzn|ash-kalos|\n|player|p2|SOLAROS & LUNARIS|#solaroslunaris|\n|teamsize|p1|6\n|teamsize|p2|6\n|gen|9\n|tier|[Gen 9] National Dex\n|rated|Tournament battle\n|rule|HP Percentage Mod: HP is shown in percentages\n|rule|Endless Battle Clause: Forcing endless battles is banned\n|rule|OHKO Clause: OHKO moves are banned\n|rule|Evasion Clause: Evasion abilities, items, and moves are banned\n|rule|Evasion Abilities Clause: Evasion abilities are banned\n|rule|Evasion Items Clause: Evasion items are banned\n|rule|Evasion Moves Clause: Evasion moves are banned\n|rule|Species Clause: Limit one of each Pok\u00e9mon\n|rule|Sleep Clause Mod: Limit one foe put to sleep\n|rule|Terastal Clause: You cannot Terastallize\n|clearpoke\n|poke|p1|Roaring Moon|\n|poke|p1|Charizard, M|\n|poke|p1|Kingambit, F|\n|poke|p1|Hatterene, F|\n|poke|p1|Kartana|\n|poke|p1|Great Tusk|\n|poke|p2|Alomomola, M|\n|poke|p2|Melmetal|\n|poke|p2|Tornadus-Therian, M|\n|poke|p2|Ogerpon-Hearthflame, F|\n|poke|p2|Iron Valiant|\n|poke|p2|Garchomp, F|\n|teampreview\n|inactive|NDUU9SCRN Pugzn also wants the timer to be on.\n|j| red_chico\n|j|+sealoo\n|j| XXMurdrXX\n|\n|t:|1699719342\n|start\n|switch|p1a: Roaring Moon|Roaring Moon|100\/100\n|switch|p2a: Ogerpon|Ogerpon-Hearthflame, F|100\/100\n|-ability|p2a: Ogerpon|Mold Breaker\n|turn|1\n|j| Yashodhan Buty11\n|\n|t:|1699719360\n|move|p1a: Roaring Moon|U-turn|p2a: Ogerpon\n|-damage|p2a: Ogerpon|68\/100\n|\n|t:|1699719363\n|-end|p1a: Roaring Moon|Protosynthesis|[silent]\n|switch|p1a: Great Tusk|Great Tusk|100\/100|[from] U-turn\n|move|p2a: Ogerpon|Knock Off|p1a: Great Tusk\n|-resisted|p1a: Great Tusk\n|-damage|p1a: Great Tusk|91\/100\n|-damage|p2a: Ogerpon|51\/100|[from] item: Rocky Helmet|[of] p1a: Great Tusk\n|-enditem|p1a: Great Tusk|Rocky Helmet|[from] move: Knock Off|[of] p2a: Ogerpon\n|\n|upkeep\n|turn|2\n|\n|t:|1699719370\n|-end|p1a: Great Tusk|Protosynthesis|[silent]\n|switch|p1a: Roaring Moon|Roaring Moon|100\/100\n|move|p2a: Ogerpon|Power Whip|p1a: Roaring Moon\n|-resisted|p1a: Roaring Moon\n|-damage|p1a: Roaring Moon|54\/100\n|\n|upkeep\n|turn|3\n|\n|t:|1699719377\n|switch|p2a: Garchomp|Garchomp, F|100\/100\n|move|p1a: Roaring Moon|U-turn|p2a: Garchomp\n|-damage|p2a: Garchomp|76\/100\n|-damage|p1a: Roaring Moon|42\/100|[from] ability: Rough Skin|[of] p2a: Garchomp\n|\n|t:|1699719381\n|-end|p1a: Roaring Moon|Protosynthesis|[silent]\n|switch|p1a: Charizard|Charizard, M|100\/100|[from] U-turn\n|\n|upkeep\n|turn|4\n|\n|t:|1699719385\n|switch|p1a: Hatterene|Hatterene, F|100\/100\n|detailschange|p2a: Garchomp|Garchomp-Mega, F\n|-mega|p2a: Garchomp|Garchomp|Garchompite\n|move|p2a: Garchomp|Stealth Rock|p1a: Hatterene\n|move|p1a: Hatterene|Stealth Rock|p2a: Garchomp|[from]ability: Magic Bounce\n|-sidestart|p2: SOLAROS & LUNARIS|move: Stealth Rock\n|\n|upkeep\n|turn|5\n|\n|t:|1699719394\n|switch|p2a: Melmetal|Melmetal|100\/100\n|-damage|p2a: Melmetal|94\/100|[from] Stealth Rock\n|move|p1a: Hatterene|Draining Kiss|p2a: Melmetal\n|-resisted|p2a: Melmetal\n|-damage|p2a: Melmetal|84\/100\n|\n|upkeep\n|turn|6\n|\n|t:|1699719404\n|switch|p1a: Great Tusk|Great Tusk|91\/100\n|move|p2a: Melmetal|Thunder Wave|p1a: Great Tusk\n|-immune|p1a: Great Tusk\n|\n|upkeep\n|turn|7\n|\n|t:|1699719409\n|switch|p2a: Tornadus|Tornadus-Therian, M|100\/100\n|move|p1a: Great Tusk|Earthquake|p2a: Tornadus\n|-immune|p2a: Tornadus\n|\n|upkeep\n|turn|8\n|\n|t:|1699719414\n|-end|p1a: Great Tusk|Protosynthesis|[silent]\n|switch|p1a: Charizard|Charizard, M|100\/100\n|move|p2a: Tornadus|Defog|p1a: Charizard\n|-unboost|p1a: Charizard|evasion|1\n|-sideend|p2: SOLAROS & LUNARIS|Stealth Rock|[from] move: Defog|[of] p2a: Tornadus\n|\n|upkeep\n|turn|9\n|\n|t:|1699719417\n|detailschange|p1a: Charizard|Charizard-Mega-Y, M\n|-mega|p1a: Charizard|Charizard|Charizardite Y\n|-weather|SunnyDay|[from] ability: Drought|[of] p1a: Charizard\n|move|p2a: Tornadus|U-turn|p1a: Charizard\n|-resisted|p1a: Charizard\n|-damage|p1a: Charizard|96\/100\n|\n|t:|1699719423\n|switch|p2a: Alomomola|Alomomola, M|100\/100|[from] U-turn\n|move|p1a: Charizard|Weather Ball|p2a: Alomomola\n|-resisted|p2a: Alomomola\n|-damage|p2a: Alomomola|60\/100\n|\n|-weather|SunnyDay|[upkeep]\n|upkeep\n|turn|10\n|\n|t:|1699719439\n|switch|p2a: Ogerpon|Ogerpon-Hearthflame, F|51\/100\n|-ability|p2a: Ogerpon|Mold Breaker\n|move|p1a: Charizard|Solar Beam||[still]\n|-prepare|p1a: Charizard|Solar Beam\n|-anim|p1a: Charizard|Solar Beam|p2a: Ogerpon\n|-resisted|p2a: Ogerpon\n|-damage|p2a: Ogerpon|37\/100\n|\n|-weather|SunnyDay|[upkeep]\n|upkeep\n|turn|11\n|\n|t:|1699719447\n|switch|p1a: Great Tusk|Great Tusk|91\/100\n|-activate|p1a: Great Tusk|ability: Protosynthesis\n|-start|p1a: Great Tusk|protosynthesisdef\n|move|p2a: Ogerpon|Spikes|p1a: Great Tusk\n|-sidestart|p1: NDUU9SCRN Pugzn|Spikes\n|\n|-weather|SunnyDay|[upkeep]\n|upkeep\n|turn|12\n|\n|t:|1699719450\n|move|p2a: Ogerpon|Power Whip|p1a: Great Tusk\n|-supereffective|p1a: Great Tusk\n|-damage|p1a: Great Tusk|34\/100\n|move|p1a: Great Tusk|Rapid Spin|p2a: Ogerpon\n|-damage|p2a: Ogerpon|18\/100\n|-boost|p1a: Great Tusk|spe|1\n|-sideend|p1: NDUU9SCRN Pugzn|Spikes|[from] move: Rapid Spin|[of] p1a: Great Tusk\n|\n|-weather|SunnyDay|[upkeep]\n|upkeep\n|turn|13\n|\n|t:|1699719459\n|switch|p2a: Tornadus|Tornadus-Therian, M|100\/100\n|move|p1a: Great Tusk|Earthquake|p2a: Tornadus\n|-immune|p2a: Tornadus\n|\n|-weather|none\n|-end|p1a: Great Tusk|Protosynthesis\n|upkeep\n|turn|14\n|\n|t:|1699719465\n|-end|p1a: Great Tusk|Protosynthesis|[silent]\n|switch|p1a: Kingambit|Kingambit, F|100\/100\n|move|p2a: Tornadus|Hurricane|p1a: Kingambit\n|-resisted|p1a: Kingambit\n|-damage|p1a: Kingambit|82\/100\n|\n|-heal|p1a: Kingambit|88\/100|[from] item: Leftovers\n|upkeep\n|turn|15\n|\n|t:|1699719469\n|move|p2a: Tornadus|Superpower|p1a: Kingambit\n|-supereffective|p1a: Kingambit\n|-damage|p1a: Kingambit|20\/100\n|-unboost|p2a: Tornadus|atk|1\n|-unboost|p2a: Tornadus|def|1\n|move|p1a: Kingambit|Knock Off|p2a: Tornadus\n|-damage|p2a: Tornadus|6\/100\n|-enditem|p2a: Tornadus|Heavy-Duty Boots|[from] move: Knock Off|[of] p1a: Kingambit\n|\n|-heal|p1a: Kingambit|26\/100|[from] item: Leftovers\n|upkeep\n|turn|16\n|\n|t:|1699719478\n|move|p2a: Tornadus|U-turn|p1a: Kingambit\n|-damage|p1a: Kingambit|19\/100\n|-activate|p2a: Tornadus|move: Pursuit\n|move|p1a: Kingambit|Pursuit|p2a: Tornadus|[from]Pursuit\n|-damage|p2a: Tornadus|0 fnt\n|faint|p2a: Tornadus\n|\n|-heal|p1a: Kingambit|25\/100|[from] item: Leftovers\n|upkeep\n|\n|t:|1699719482\n|switch|p2a: Garchomp|Garchomp-Mega, F|76\/100\n|turn|17\n|\n|t:|1699719493\n|move|p2a: Garchomp|Fire Blast|p1a: Kingambit\n|-supereffective|p1a: Kingambit\n|-damage|p1a: Kingambit|0 fnt\n|faint|p1a: Kingambit\n|-end|p1a: Kingambit|fallenundefined|[silent]\n|\n|upkeep\n|\n|t:|1699719497\n|switch|p1a: Great Tusk|Great Tusk|34\/100\n|turn|18\n|\n|t:|1699719501\n|move|p2a: Garchomp|Earthquake|p1a: Great Tusk\n|-damage|p1a: Great Tusk|7\/100\n|move|p1a: Great Tusk|Ice Spinner|p2a: Garchomp\n|-supereffective|p2a: Garchomp\n|-damage|p2a: Garchomp|0 fnt\n|faint|p2a: Garchomp\n|\n|upkeep\n|\n|t:|1699719507\n|switch|p2a: Ogerpon|Ogerpon-Hearthflame, F|18\/100\n|-ability|p2a: Ogerpon|Mold Breaker\n|turn|19\n|\n|t:|1699719510\n|move|p2a: Ogerpon|Spikes|p1a: Great Tusk\n|-sidestart|p1: NDUU9SCRN Pugzn|Spikes\n|move|p1a: Great Tusk|Stealth Rock|p2a: Ogerpon\n|-sidestart|p2: SOLAROS & LUNARIS|move: Stealth Rock\n|\n|upkeep\n|turn|20\n|\n|t:|1699719513\n|move|p2a: Ogerpon|Knock Off|p1a: Great Tusk\n|-resisted|p1a: Great Tusk\n|-damage|p1a: Great Tusk|0 fnt\n|faint|p1a: Great Tusk\n|-end|p1a: Great Tusk|Protosynthesis|[silent]\n|\n|upkeep\n|\n|t:|1699719516\n|switch|p1a: Roaring Moon|Roaring Moon|42\/100\n|-damage|p1a: Roaring Moon|30\/100|[from] Spikes\n|turn|21\n|\n|t:|1699719520\n|move|p1a: Roaring Moon|Crunch|p2a: Ogerpon\n|-damage|p2a: Ogerpon|0 fnt\n|faint|p2a: Ogerpon\n|\n|upkeep\n|\n|t:|1699719523\n|switch|p2a: Iron Valiant|Iron Valiant|100\/100\n|-damage|p2a: Iron Valiant|94\/100|[from] Stealth Rock\n|turn|22\n|\n|t:|1699719526\n|move|p1a: Roaring Moon|U-turn|p2a: Iron Valiant\n|-resisted|p2a: Iron Valiant\n|-damage|p2a: Iron Valiant|86\/100\n|\n|t:|1699719528\n|-end|p1a: Roaring Moon|Protosynthesis|[silent]\n|switch|p1a: Hatterene|Hatterene, F|100\/100|[from] U-turn\n|-damage|p1a: Hatterene|88\/100|[from] Spikes\n|move|p2a: Iron Valiant|Moonblast|p1a: Hatterene\n|-damage|p1a: Hatterene|18\/100\n|\n|-heal|p1a: Hatterene|24\/100|[from] item: Leftovers\n|upkeep\n|turn|23\n|\n|t:|1699719536\n|move|p2a: Iron Valiant|Moonblast|p1a: Hatterene\n|-damage|p1a: Hatterene|0 fnt\n|faint|p1a: Hatterene\n|\n|upkeep\n|\n|t:|1699719537\n|switch|p1a: Charizard|Charizard-Mega-Y, M|96\/100\n|-weather|SunnyDay|[from] ability: Drought|[of] p1a: Charizard\n|turn|24\n|\n|t:|1699719545\n|-end|p2a: Iron Valiant|Quark Drive|[silent]\n|switch|p2a: Alomomola|Alomomola, M|94\/100\n|move|p1a: Charizard|Weather Ball|p2a: Alomomola\n|-resisted|p2a: Alomomola\n|-damage|p2a: Alomomola|53\/100\n|\n|-weather|SunnyDay|[upkeep]\n|upkeep\n|turn|25\n|\n|t:|1699719551\n|move|p1a: Charizard|Weather Ball|p2a: Alomomola\n|-resisted|p2a: Alomomola\n|-damage|p2a: Alomomola|13\/100\n|move|p2a: Alomomola|Toxic|p1a: Charizard\n|-status|p1a: Charizard|tox\n|\n|-weather|SunnyDay|[upkeep]\n|-damage|p1a: Charizard|90\/100 tox|[from] psn\n|upkeep\n|turn|26\n|\n|t:|1699719557\n|switch|p1a: Roaring Moon|Roaring Moon|30\/100\n|-damage|p1a: Roaring Moon|17\/100|[from] Spikes\n|-activate|p1a: Roaring Moon|ability: Protosynthesis\n|-start|p1a: Roaring Moon|protosynthesisatk\n|move|p2a: Alomomola|Protect||[still]\n|-fail|p2a: Alomomola\n|\n|-weather|SunnyDay|[upkeep]\n|upkeep\n|turn|27\n|\n|t:|1699719569\n|move|p2a: Alomomola|Protect|p2a: Alomomola\n|-singleturn|p2a: Alomomola|Protect\n|move|p1a: Roaring Moon|Earthquake|p2a: Alomomola\n|-activate|p2a: Alomomola|move: Protect\n|\n|-weather|SunnyDay|[upkeep]\n|upkeep\n|turn|28\n|\n|t:|1699719575\n|move|p1a: Roaring Moon|Earthquake|p2a: Alomomola\n|-damage|p2a: Alomomola|0 fnt\n|faint|p2a: Alomomola\n|\n|-weather|none\n|-end|p1a: Roaring Moon|Protosynthesis\n|upkeep\n|\n|t:|1699719578\n|switch|p2a: Iron Valiant|Iron Valiant|86\/100\n|-damage|p2a: Iron Valiant|80\/100|[from] Stealth Rock\n|turn|29\n|\n|t:|1699719588\n|move|p1a: Roaring Moon|Earthquake|p2a: Iron Valiant\n|-crit|p2a: Iron Valiant\n|-damage|p2a: Iron Valiant|9\/100\n|move|p2a: Iron Valiant|Shadow Ball|p1a: Roaring Moon\n|-resisted|p1a: Roaring Moon\n|-damage|p1a: Roaring Moon|0 fnt\n|faint|p1a: Roaring Moon\n|-end|p1a: Roaring Moon|Protosynthesis|[silent]\n|\n|upkeep\n|\n|t:|1699719593\n|switch|p1a: Kartana|Kartana|100\/100\n|-damage|p1a: Kartana|88\/100|[from] Spikes\n|turn|30\n|\n|t:|1699719600\n|-end|p2a: Iron Valiant|Quark Drive|[silent]\n|switch|p2a: Melmetal|Melmetal|84\/100\n|-damage|p2a: Melmetal|78\/100|[from] Stealth Rock\n|move|p1a: Kartana|Sacred Sword|p2a: Melmetal\n|-supereffective|p2a: Melmetal\n|-damage|p2a: Melmetal|25\/100\n|\n|upkeep\n|turn|31\n|\n|t:|1699719607\n|move|p1a: Kartana|Sacred Sword|p2a: Melmetal\n|-supereffective|p2a: Melmetal\n|-damage|p2a: Melmetal|0 fnt\n|faint|p2a: Melmetal\n|-ability|p1a: Kartana|Beast Boost|boost\n|-boost|p1a: Kartana|atk|1\n|\n|upkeep\n|\n|t:|1699719609\n|switch|p2a: Iron Valiant|Iron Valiant|9\/100\n|-damage|p2a: Iron Valiant|3\/100|[from] Stealth Rock\n|turn|32\n|c|\u2606SOLAROS & LUNARIS|damn\n|c|\u2606SOLAROS & LUNARIS|gg\n|c|\u2606NDUU9SCRN Pugzn|gg\n|\n|t:|1699719615\n|move|p1a: Kartana|Sacred Sword|p2a: Iron Valiant\n|-resisted|p2a: Iron Valiant\n|-damage|p2a: Iron Valiant|0 fnt\n|faint|p2a: Iron Valiant\n|-end|p2a: Iron Valiant|Quark Drive|[silent]\n|\n|win|NDUU9SCRN Pugzn\n|n|\u2606NDUU9SCRN Pugzn|nduu9scrnpugzn\n|n|\u2606SOLAROS & LUNARIS|solaroslunaris\n|n| red_chico|redchico\n|n| sealoo|sealoo\n|n| XXMurdrXX|xxmurdrxx\n|n| Yashodhan Buty11|yashodhanbuty11\n","uploadtime":1699719616,"views":4,"p1id":"nduu9scrnpugzn","p2id":"solaroslunaris","formatid":"gen9nationaldex","rating":0,"private":0,"password":""}