{"id":"gen9nationaldex-1992011504","p1":"NRCV3","p2":"6666poke","format":"[Gen 9] National Dex","log":"|j|\u2606NRCV3\n|j|\u26066666poke\n|t:|1700147574\n|gametype|singles\n|player|p1|NRCV3|169|1259\n|player|p2|6666poke|266|1269\n|teamsize|p1|6\n|teamsize|p2|6\n|gen|9\n|tier|[Gen 9] National Dex\n|rated|\n|rule|HP Percentage Mod: HP is shown in percentages\n|rule|Endless Battle Clause: Forcing endless battles is banned\n|rule|OHKO Clause: OHKO moves are banned\n|rule|Evasion Clause: Evasion abilities, items, and moves are banned\n|rule|Evasion Abilities Clause: Evasion abilities are banned\n|rule|Evasion Items Clause: Evasion items are banned\n|rule|Evasion Moves Clause: Evasion moves are banned\n|rule|Species Clause: Limit one of each Pok\u00e9mon\n|rule|Sleep Clause Mod: Limit one foe put to sleep\n|clearpoke\n|poke|p1|Greninja-*, M|\n|poke|p1|Sandy Shocks|\n|poke|p1|Weezing, F|\n|poke|p1|Snorlax, F|\n|poke|p1|Aegislash, F|\n|poke|p1|Zapdos|\n|poke|p2|Sudowoodo, F|\n|poke|p2|Shiftry, M|\n|poke|p2|Corviknight, M|\n|poke|p2|Swampert, M|\n|poke|p2|Pelipper, F|\n|poke|p2|Ogerpon, F|\n|teampreview\n|inactive|Battle timer is ON: inactive players will automatically lose when time's up. (requested by 6666poke)\n|\n|t:|1700147586\n|start\n|switch|p1a: Weezing|Weezing, F|100\/100\n|switch|p2a: Sudowoodo|Sudowoodo, F, shiny|100\/100\n|turn|1\n|\n|t:|1700147602\n|move|p2a: Sudowoodo|Stealth Rock|p1a: Weezing\n|-sidestart|p1: NRCV3|move: Stealth Rock\n|move|p1a: Weezing|Toxic Spikes|p2a: Sudowoodo\n|-sidestart|p2: 6666poke|move: Toxic Spikes\n|\n|upkeep\n|turn|2\n|\n|t:|1700147609\n|switch|p2a: Pelipper|Pelipper, F|100\/100\n|-weather|RainDance|[from] ability: Drizzle|[of] p2a: Pelipper\n|move|p1a: Weezing|Toxic Spikes|p2a: Pelipper\n|-sidestart|p2: 6666poke|move: Toxic Spikes\n|\n|-weather|RainDance|[upkeep]\n|upkeep\n|turn|3\n|\n|t:|1700147625\n|move|p2a: Pelipper|Weather Ball|p1a: Weezing\n|-damage|p1a: Weezing|20\/100\n|move|p1a: Weezing|Will-O-Wisp|p2a: Pelipper\n|-status|p2a: Pelipper|brn\n|\n|-weather|RainDance|[upkeep]\n|-heal|p1a: Weezing|26\/100|[from] item: Black Sludge\n|-damage|p2a: Pelipper|94\/100 brn|[from] brn\n|upkeep\n|turn|4\n|inactive|NRCV3 has 120 seconds left.\n|\n|t:|1700147655\n|move|p2a: Pelipper|Defog|p1a: Weezing\n|-unboost|p1a: Weezing|evasion|1\n|-sideend|p1: NRCV3|Stealth Rock|[from] move: Defog|[of] p2a: Pelipper\n|-sideend|p2: 6666poke|Toxic Spikes|[from] move: Defog|[of] p2a: Pelipper\n|move|p1a: Weezing|Sludge Bomb|p2a: Pelipper\n|-damage|p2a: Pelipper|37\/100 brn\n|\n|-weather|RainDance|[upkeep]\n|-heal|p1a: Weezing|32\/100|[from] item: Black Sludge\n|-damage|p2a: Pelipper|31\/100 brn|[from] brn\n|upkeep\n|turn|5\n|inactive|NRCV3 has 120 seconds left.\n|\n|t:|1700147677\n|move|p2a: Pelipper|Weather Ball|p1a: Weezing\n|-damage|p1a: Weezing|0 fnt\n|faint|p1a: Weezing\n|\n|-weather|RainDance|[upkeep]\n|-damage|p2a: Pelipper|25\/100 brn|[from] brn\n|upkeep\n|inactive|NRCV3 has 90 seconds left.\n|\n|t:|1700147706\n|switch|p1a: Sandy Shocks|Sandy Shocks|100\/100\n|-enditem|p1a: Sandy Shocks|Booster Energy\n|-activate|p1a: Sandy Shocks|ability: Protosynthesis|[fromitem]\n|-start|p1a: Sandy Shocks|protosynthesisspa\n|turn|6\n|inactive|NRCV3 has 90 seconds left.\n|\n|t:|1700147727\n|switch|p2a: Sudowoodo|Sudowoodo, F, shiny|100\/100\n|-terastallize|p1a: Sandy Shocks|Ice\n|move|p1a: Sandy Shocks|Tera Blast|p2a: Sudowoodo|[anim] Tera Blast Ice\n|-damage|p2a: Sudowoodo|7\/100\n|\n|-weather|none\n|upkeep\n|turn|7\n|-enditem|p2a: Sudowoodo|Custap Berry|[eat]\n|-activate|p2a: Sudowoodo|item: Custap Berry|[consumed]\n|\n|t:|1700147744\n|move|p2a: Sudowoodo|Explosion|p1a: Sandy Shocks\n|-damage|p1a: Sandy Shocks|4\/100\n|faint|p2a: Sudowoodo\n|move|p1a: Sandy Shocks|Thunderbolt|p2: Sudowoodo|[notarget]\n|-fail|p1a: Sandy Shocks\n|\n|upkeep\n|\n|t:|1700147759\n|switch|p2a: Shiftry|Shiftry, M, shiny|100\/100\n|turn|8\n|\n|t:|1700147783\n|-end|p1a: Sandy Shocks|Protosynthesis|[silent]\n|switch|p1a: Zapdos|Zapdos|100\/100\n|move|p2a: Shiftry|Tailwind|p2a: Shiftry\n|-sidestart|p2: 6666poke|move: Tailwind\n|-ability|p2a: Shiftry|Wind Rider|boost\n|-boost|p2a: Shiftry|atk|1\n|\n|upkeep\n|turn|9\n|inactive|NRCV3 has 60 seconds left.\n|\n|t:|1700147811\n|move|p2a: Shiftry|Knock Off|p1a: Zapdos\n|-damage|p1a: Zapdos|30\/100\n|-damage|p2a: Shiftry|84\/100|[from] item: Rocky Helmet|[of] p1a: Zapdos\n|-status|p2a: Shiftry|par|[from] ability: Static|[of] p1a: Zapdos\n|-enditem|p1a: Zapdos|Rocky Helmet|[from] move: Knock Off|[of] p2a: Shiftry\n|move|p1a: Zapdos|Whirlwind|p2a: Shiftry\n|-ability|p2a: Shiftry|Wind Rider|boost\n|-boost|p2a: Shiftry|atk|1\n|\n|upkeep\n|turn|10\n|inactive|NRCV3 has 60 seconds left.\n|\n|t:|1700147826\n|-terastallize|p2a: Shiftry|Normal\n|move|p2a: Shiftry|Knock Off|p1a: Zapdos\n|-damage|p1a: Zapdos|0 fnt\n|faint|p1a: Zapdos\n|\n|upkeep\n|\n|t:|1700147846\n|switch|p1a: Sandy Shocks|Sandy Shocks, tera:Ice|4\/100\n|turn|11\n|\n|t:|1700147855\n|move|p1a: Sandy Shocks|Thunderbolt|p2a: Shiftry\n|-damage|p2a: Shiftry|8\/100 par\n|move|p2a: Shiftry|Knock Off|p1a: Sandy Shocks\n|-damage|p1a: Sandy Shocks|0 fnt\n|faint|p1a: Sandy Shocks\n|-end|p1a: Sandy Shocks|Protosynthesis|[silent]\n|\n|-sideend|p2: 6666poke|move: Tailwind\n|upkeep\n|\n|t:|1700147866\n|switch|p1a: Greninja|Greninja, M|100\/100\n|turn|12\n|\n|t:|1700147878\n|switch|p2a: Pelipper|Pelipper, F|25\/100 brn\n|-weather|RainDance|[from] ability: Drizzle|[of] p2a: Pelipper\n|move|p1a: Greninja|Ice Beam|p2a: Pelipper\n|-damage|p2a: Pelipper|0 fnt\n|faint|p2a: Pelipper\n|-ability|p1a: Greninja|Battle Bond|boost\n|-boost|p1a: Greninja|atk|1\n|-boost|p1a: Greninja|spa|1\n|-boost|p1a: Greninja|spe|1\n|-activate|p1a: Greninja|ability: Battle Bond\n|\n|-weather|RainDance|[upkeep]\n|upkeep\n|\n|t:|1700147892\n|switch|p2a: Swampert|Swampert, M|100\/100\n|turn|13\n|\n|t:|1700147902\n|detailschange|p2a: Swampert|Swampert-Mega, M\n|-mega|p2a: Swampert|Swampert|Swampertite\n|-zpower|p1a: Greninja\n|move|p1a: Greninja|Hydro Vortex|p2a: Swampert|[zeffect]\n|-damage|p2a: Swampert|0 fnt\n|faint|p2a: Swampert\n|\n|-weather|RainDance|[upkeep]\n|upkeep\n|\n|t:|1700147910\n|switch|p2a: Ogerpon|Ogerpon, F|100\/100\n|turn|14\n|inactive|NRCV3 has 60 seconds left.\n|\n|t:|1700147917\n|move|p1a: Greninja|Ice Beam|p2a: Ogerpon\n|-supereffective|p2a: Ogerpon\n|-damage|p2a: Ogerpon|6\/100\n|move|p2a: Ogerpon|Ivy Cudgel|p1a: Greninja\n|-supereffective|p1a: Greninja\n|-damage|p1a: Greninja|0 fnt\n|faint|p1a: Greninja\n|\n|-weather|RainDance|[upkeep]\n|upkeep\n|inactive|NRCV3 has 60 seconds left.\n|\n|t:|1700147937\n|switch|p1a: Aegislash|Aegislash, F|100\/100\n|turn|15\n|\n|t:|1700147945\n|switch|p2a: Shiftry|Shiftry, M, shiny, tera:Normal|8\/100 par\n|-formechange|p1a: Aegislash|Aegislash-Blade||[from] ability: Stance Change\n|move|p1a: Aegislash|Shadow Sneak|p2a: Shiftry\n|-immune|p2a: Shiftry\n|\n|-weather|RainDance|[upkeep]\n|upkeep\n|turn|16\n|inactive|NRCV3 has 60 seconds left.\n|\n|t:|1700147957\n|-formechange|p1a: Aegislash|Aegislash||[from] ability: Stance Change\n|move|p1a: Aegislash|King's Shield|p1a: Aegislash\n|-singleturn|p1a: Aegislash|Protect\n|move|p2a: Shiftry|Tailwind|p2a: Shiftry\n|-sidestart|p2: 6666poke|move: Tailwind\n|-ability|p2a: Shiftry|Wind Rider|boost\n|-boost|p2a: Shiftry|atk|1\n|\n|-weather|none\n|upkeep\n|turn|17\n|inactive|NRCV3 has 60 seconds left.\n|\n|t:|1700147968\n|move|p2a: Shiftry|Knock Off|p1a: Aegislash\n|-supereffective|p1a: Aegislash\n|-damage|p1a: Aegislash|10\/100\n|-enditem|p1a: Aegislash|Iron Ball|[from] move: Knock Off|[of] p2a: Shiftry\n|-formechange|p1a: Aegislash|Aegislash-Blade||[from] ability: Stance Change\n|move|p1a: Aegislash|Gyro Ball|p2a: Shiftry\n|-damage|p2a: Shiftry|0 fnt\n|faint|p2a: Shiftry\n|\n|upkeep\n|\n|t:|1700147978\n|switch|p2a: Corviknight|Corviknight, M, shiny|100\/100\n|turn|18\n|\n|t:|1700147985\n|-formechange|p1a: Aegislash|Aegislash||[from] ability: Stance Change\n|move|p1a: Aegislash|King's Shield|p1a: Aegislash\n|-singleturn|p1a: Aegislash|Protect\n|move|p2a: Corviknight|Iron Defense|p2a: Corviknight\n|-boost|p2a: Corviknight|def|2\n|\n|upkeep\n|turn|19\n|\n|t:|1700147994\n|move|p2a: Corviknight|Iron Defense|p2a: Corviknight\n|-boost|p2a: Corviknight|def|2\n|-formechange|p1a: Aegislash|Aegislash-Blade||[from] ability: Stance Change\n|move|p1a: Aegislash|Shadow Ball|p2a: Corviknight\n|-damage|p2a: Corviknight|74\/100\n|\n|-sideend|p2: 6666poke|move: Tailwind\n|upkeep\n|turn|20\n|\n|t:|1700148005\n|move|p2a: Corviknight|Iron Defense|p2a: Corviknight\n|-boost|p2a: Corviknight|def|2\n|move|p1a: Aegislash|Shadow Ball|p2a: Corviknight\n|-damage|p2a: Corviknight|51\/100\n|\n|upkeep\n|turn|21\n|\n|t:|1700148015\n|move|p2a: Corviknight|Iron Head|p1a: Aegislash\n|-resisted|p1a: Aegislash\n|-damage|p1a: Aegislash|0 fnt\n|faint|p1a: Aegislash\n|\n|upkeep\n|\n|t:|1700148021\n|switch|p1a: Snorlax|Snorlax, F|100\/100\n|turn|22\n|\n|t:|1700148035\n|move|p2a: Corviknight|Body Press|p1a: Snorlax\n|-supereffective|p1a: Snorlax\n|-crit|p1a: Snorlax\n|-damage|p1a: Snorlax|0 fnt\n|faint|p1a: Snorlax\n|\n|win|6666poke\n|raw|NRCV3's rating: 1259 &rarr; <strong>1235<\/strong><br \/>(-24 for losing)\n|raw|6666poke's rating: 1269 &rarr; <strong>1293<\/strong><br \/>(+24 for winning)\n","uploadtime":1700148042,"views":5,"p1id":"nrcv3","p2id":"6666poke","formatid":"gen9nationaldex","rating":1235,"private":0,"password":""}