{"id":"gen9nationaldex-1987953911","p1":"Osman XD","p2":"221savage","format":"[Gen 9] National Dex","log":"|j|\u2606Osman XD\n|j|\u2606221savage\n|t:|1699652684\n|gametype|singles\n|player|p1|Osman XD|red|1398\n|player|p2|221savage|1|1338\n|teamsize|p1|6\n|teamsize|p2|6\n|gen|9\n|tier|[Gen 9] National Dex\n|rated|\n|rule|HP Percentage Mod: HP is shown in percentages\n|rule|Endless Battle Clause: Forcing endless battles is banned\n|rule|OHKO Clause: OHKO moves are banned\n|rule|Evasion Clause: Evasion abilities, items, and moves are banned\n|rule|Evasion Abilities Clause: Evasion abilities are banned\n|rule|Evasion Items Clause: Evasion items are banned\n|rule|Evasion Moves Clause: Evasion moves are banned\n|rule|Species Clause: Limit one of each Pok\u00e9mon\n|rule|Sleep Clause Mod: Limit one foe put to sleep\n|clearpoke\n|poke|p1|Charizard, F|\n|poke|p1|Ferrothorn, M|\n|poke|p1|Tapu Koko|\n|poke|p1|Hawlucha, M|\n|poke|p1|Landorus-Therian, M|\n|poke|p1|Greninja-*, M|\n|poke|p2|Blastoise, F|\n|poke|p2|Banette, F|\n|poke|p2|Machamp, M|\n|poke|p2|Darmanitan, F|\n|poke|p2|Xurkitree|\n|poke|p2|Serperior, M|\n|teampreview\n|\n|t:|1699652687\n|start\n|switch|p1a: Charizard|Charizard, F|100\/100\n|switch|p2a: Blastoise|Blastoise, F|100\/100\n|turn|1\n|inactive|Battle timer is ON: inactive players will automatically lose when time's up. (requested by Osman XD)\n|\n|t:|1699652690\n|detailschange|p1a: Charizard|Charizard-Mega-Y, F\n|-mega|p1a: Charizard|Charizard|Charizardite Y\n|-weather|SunnyDay|[from] ability: Drought|[of] p1a: Charizard\n|move|p1a: Charizard|Solar Beam||[still]\n|-prepare|p1a: Charizard|Solar Beam\n|-anim|p1a: Charizard|Solar Beam|p2a: Blastoise\n|-supereffective|p2a: Blastoise\n|-damage|p2a: Blastoise|1\/100\n|move|p2a: Blastoise|Shell Smash|p2a: Blastoise\n|-unboost|p2a: Blastoise|def|1\n|-unboost|p2a: Blastoise|spd|1\n|-boost|p2a: Blastoise|atk|2\n|-boost|p2a: Blastoise|spa|2\n|-boost|p2a: Blastoise|spe|2\n|\n|-weather|SunnyDay|[upkeep]\n|upkeep\n|turn|2\n|\n|t:|1699652704\n|move|p2a: Blastoise|Hydro Pump|p1a: Charizard\n|-supereffective|p1a: Charizard\n|-damage|p1a: Charizard|0 fnt\n|faint|p1a: Charizard\n|\n|-weather|SunnyDay|[upkeep]\n|upkeep\n|\n|t:|1699652707\n|switch|p1a: Greninja|Greninja, M|100\/100\n|turn|3\n|\n|t:|1699652725\n|switch|p2a: Machamp|Machamp, M|100\/100\n|move|p1a: Greninja|Water Shuriken|p2a: Machamp\n|-crit|p2a: Machamp\n|-damage|p2a: Machamp|96\/100\n|-damage|p2a: Machamp|93\/100\n|-damage|p2a: Machamp|89\/100\n|-damage|p2a: Machamp|86\/100\n|-damage|p2a: Machamp|83\/100\n|-hitcount|p2a: Machamp|5\n|\n|-weather|SunnyDay|[upkeep]\n|upkeep\n|turn|4\n|\n|t:|1699652730\n|switch|p1a: Tapu Koko|Tapu Koko|100\/100\n|-fieldstart|move: Electric Terrain|[from] ability: Electric Surge|[of] p1a: Tapu Koko\n|move|p2a: Machamp|Dynamic Punch|p1a: Tapu Koko\n|-resisted|p1a: Tapu Koko\n|-damage|p1a: Tapu Koko|57\/100\n|-start|p1a: Tapu Koko|confusion\n|\n|-weather|SunnyDay|[upkeep]\n|upkeep\n|turn|5\n|\n|t:|1699652735\n|-activate|p1a: Tapu Koko|confusion\n|move|p1a: Tapu Koko|Volt Switch|p2a: Machamp\n|-damage|p2a: Machamp|47\/100\n|-damage|p1a: Tapu Koko|47\/100|[from] item: Life Orb\n|\n|t:|1699652740\n|switch|p1a: Landorus|Landorus-Therian, M|100\/100|[from] Volt Switch\n|-ability|p1a: Landorus|Intimidate|boost\n|-unboost|p2a: Machamp|atk|1\n|move|p2a: Machamp|Earthquake|p1a: Landorus\n|-immune|p1a: Landorus\n|\n|-weather|none\n|upkeep\n|turn|6\n|\n|t:|1699652753\n|switch|p2a: Serperior|Serperior, M|100\/100\n|move|p1a: Landorus|Earthquake|p2a: Serperior\n|-resisted|p2a: Serperior\n|-damage|p2a: Serperior|53\/100\n|\n|-heal|p2a: Serperior|59\/100|[from] item: Leftovers\n|upkeep\n|turn|7\n|\n|t:|1699652760\n|switch|p1a: Ferrothorn|Ferrothorn, M|100\/100\n|move|p2a: Serperior|Leaf Storm|p1a: Ferrothorn\n|-resisted|p1a: Ferrothorn\n|-damage|p1a: Ferrothorn|91\/100\n|-boost|p2a: Serperior|spa|2\n|\n|-heal|p2a: Serperior|66\/100|[from] item: Leftovers\n|-heal|p1a: Ferrothorn|97\/100|[from] item: Leftovers\n|upkeep\n|turn|8\n|\n|t:|1699652766\n|switch|p1a: Greninja|Greninja, M|100\/100\n|move|p2a: Serperior|Leaf Storm|p1a: Greninja\n|-supereffective|p1a: Greninja\n|-damage|p1a: Greninja|0 fnt\n|-boost|p2a: Serperior|spa|2\n|faint|p1a: Greninja\n|\n|-heal|p2a: Serperior|72\/100|[from] item: Leftovers\n|-fieldend|move: Electric Terrain\n|upkeep\n|\n|t:|1699652772\n|switch|p1a: Tapu Koko|Tapu Koko|47\/100\n|-fieldstart|move: Electric Terrain|[from] ability: Electric Surge|[of] p1a: Tapu Koko\n|turn|9\n|\n|t:|1699652782\n|move|p1a: Tapu Koko|Thunderbolt|p2a: Serperior\n|-resisted|p2a: Serperior\n|-damage|p2a: Serperior|33\/100\n|-damage|p1a: Tapu Koko|38\/100|[from] item: Life Orb\n|move|p2a: Serperior|Leaf Storm|p1a: Tapu Koko\n|-damage|p1a: Tapu Koko|0 fnt\n|-boost|p2a: Serperior|spa|2\n|faint|p1a: Tapu Koko\n|\n|-heal|p2a: Serperior|40\/100|[from] item: Leftovers\n|upkeep\n|\n|t:|1699652785\n|switch|p1a: Hawlucha|Hawlucha, M|100\/100\n|-enditem|p1a: Hawlucha|Electric Seed\n|-boost|p1a: Hawlucha|def|1|[from] item: Electric Seed\n|turn|10\n|\n|t:|1699652794\n|move|p1a: Hawlucha|Acrobatics|p2a: Serperior\n|-supereffective|p2a: Serperior\n|-damage|p2a: Serperior|0 fnt\n|faint|p2a: Serperior\n|\n|upkeep\n|\n|t:|1699652809\n|switch|p2a: Xurkitree|Xurkitree|100\/100\n|turn|11\n|\n|t:|1699652816\n|-terastallize|p1a: Hawlucha|Fighting\n|move|p1a: Hawlucha|Acrobatics|p2a: Xurkitree\n|-resisted|p2a: Xurkitree\n|-damage|p2a: Xurkitree|64\/100\n|move|p2a: Xurkitree|Thunderbolt|p1a: Hawlucha\n|-damage|p1a: Hawlucha|0 fnt\n|faint|p1a: Hawlucha\n|-ability|p2a: Xurkitree|Beast Boost|boost\n|-boost|p2a: Xurkitree|spa|1\n|\n|upkeep\n|\n|t:|1699652824\n|switch|p1a: Landorus|Landorus-Therian, M|100\/100\n|-ability|p1a: Landorus|Intimidate|boost\n|-unboost|p2a: Xurkitree|atk|1\n|turn|12\n|\n|t:|1699652835\n|move|p1a: Landorus|Earthquake|p2a: Xurkitree\n|-supereffective|p2a: Xurkitree\n|-damage|p2a: Xurkitree|0 fnt\n|faint|p2a: Xurkitree\n|\n|upkeep\n|\n|t:|1699652847\n|switch|p2a: Banette|Banette, F|100\/100\n|turn|13\n|\n|t:|1699652851\n|detailschange|p2a: Banette|Banette-Mega, F\n|-mega|p2a: Banette|Banette|Banettite\n|move|p1a: Landorus|Earthquake|p2a: Banette\n|-damage|p2a: Banette|0 fnt\n|faint|p2a: Banette\n|\n|-fieldend|move: Electric Terrain\n|upkeep\n|\n|t:|1699652859\n|switch|p2a: Darmanitan|Darmanitan, F|100\/100\n|turn|14\n|\n|t:|1699652864\n|-terastallize|p2a: Darmanitan|Fire\n|move|p2a: Darmanitan|Flare Blitz|p1a: Landorus\n|-damage|p1a: Landorus|0 fnt\n|faint|p1a: Landorus\n|-damage|p2a: Darmanitan|71\/100|[from] Recoil\n|\n|upkeep\n|\n|t:|1699652868\n|switch|p1a: Ferrothorn|Ferrothorn, M|97\/100\n|turn|15\n|\n|t:|1699652872\n|move|p2a: Darmanitan|Flare Blitz|p1a: Ferrothorn\n|-supereffective|p1a: Ferrothorn\n|-damage|p1a: Ferrothorn|0 fnt\n|-damage|p2a: Darmanitan|58\/100|[from] ability: Iron Barbs|[of] p1a: Ferrothorn\n|faint|p1a: Ferrothorn\n|-damage|p2a: Darmanitan|26\/100|[from] Recoil\n|\n|win|221savage\n|raw|Osman XD's rating: 1398 &rarr; <strong>1375<\/strong><br \/>(-23 for losing)\n|raw|221savage's rating: 1338 &rarr; <strong>1361<\/strong><br \/>(+23 for winning)\n|l|\u2606Osman XD\n","uploadtime":1699652877,"views":7,"p1id":"osmanxd","p2id":"221savage","formatid":"gen9nationaldex","rating":1361,"private":0,"password":""}