{"id":"gen9nationaldex-1999442086","p1":"InsBAPlayer","p2":"Aokoshi","format":"[Gen 9] National Dex","log":"|html|<div class=\"broadcast-blue\"><strong>[Gen 9] National Dex is currently suspecting Sneasler! For information on how to participate check out the <a href=\"https:\/\/www.smogon.com\/forums\/threads\/sv-national-dex-suspect-8-just-dance.3731534\/\">suspect thread<\/a>.<\/strong><\/div>\n|j|\u2606InsBAPlayer\n|j|\u2606Aokoshi\n|t:|1701081157\n|gametype|singles\n|player|p1|InsBAPlayer|bugsy|1209\n|player|p2|Aokoshi|n|1130\n|teamsize|p1|6\n|teamsize|p2|6\n|gen|9\n|tier|[Gen 9] National Dex\n|rated|\n|rule|HP Percentage Mod: HP is shown in percentages\n|rule|Endless Battle Clause: Forcing endless battles is banned\n|rule|OHKO Clause: OHKO moves are banned\n|rule|Evasion Clause: Evasion abilities, items, and moves are banned\n|rule|Evasion Abilities Clause: Evasion abilities are banned\n|rule|Evasion Items Clause: Evasion items are banned\n|rule|Evasion Moves Clause: Evasion moves are banned\n|rule|Species Clause: Limit one of each Pok\u00e9mon\n|rule|Sleep Clause Mod: Limit one foe put to sleep\n|clearpoke\n|poke|p1|Volcarona, M|\n|poke|p1|Iron Moth|\n|poke|p1|Slither Wing|\n|poke|p1|Durant, F|\n|poke|p1|Rabsca, F|\n|poke|p1|Masquerain, F|\n|poke|p2|Blaziken, M|\n|poke|p2|Floatzel, M|\n|poke|p2|Hippowdon, M|\n|poke|p2|Electivire, F|\n|poke|p2|Staraptor, F|\n|poke|p2|Mismagius, M|\n|teampreview\n|inactive|Battle timer is ON: inactive players will automatically lose when time's up. (requested by InsBAPlayer)\n|\n|t:|1701081176\n|start\n|switch|p1a: Durant|Durant, F|100\/100\n|switch|p2a: Staraptor|Staraptor, F|100\/100\n|turn|1\n|\n|t:|1701081182\n|move|p2a: Staraptor|Brave Bird|p1a: Durant\n|-damage|p1a: Durant|0 fnt\n|faint|p1a: Durant\n|-damage|p2a: Staraptor|73\/100|[from] Recoil\n|\n|upkeep\n|\n|t:|1701081187\n|switch|p1a: Masquerain|Masquerain, F|100\/100\n|-ability|p1a: Masquerain|Intimidate|boost\n|-unboost|p2a: Staraptor|atk|1\n|turn|2\n|\n|t:|1701081193\n|move|p2a: Staraptor|Brave Bird|p1a: Masquerain\n|-supereffective|p1a: Masquerain\n|-enditem|p1a: Masquerain|Focus Sash\n|-damage|p1a: Masquerain|1\/100\n|-damage|p2a: Staraptor|44\/100|[from] Recoil\n|move|p1a: Masquerain|Icy Wind|p2a: Staraptor\n|-supereffective|p2a: Staraptor\n|-damage|p2a: Staraptor|0 fnt\n|faint|p2a: Staraptor\n|\n|upkeep\n|\n|t:|1701081205\n|switch|p2a: Floatzel|Floatzel, M|100\/100\n|turn|3\n|\n|t:|1701081209\n|move|p2a: Floatzel|Flip Turn|p1a: Masquerain\n|-damage|p1a: Masquerain|0 fnt\n|faint|p1a: Masquerain\n|\n|t:|1701081226\n|switch|p2a: Hippowdon|Hippowdon, M|100\/100|[from] Flip Turn\n|-weather|Sandstorm|[from] ability: Sand Stream|[of] p2a: Hippowdon\n|\n|-weather|Sandstorm|[upkeep]\n|upkeep\n|\n|t:|1701081230\n|switch|p1a: Slither Wing|Slither Wing|100\/100\n|-enditem|p1a: Slither Wing|Booster Energy\n|-activate|p1a: Slither Wing|ability: Protosynthesis|[fromitem]\n|-start|p1a: Slither Wing|protosynthesisatk\n|turn|4\n|\n|t:|1701081243\n|move|p1a: Slither Wing|Bulk Up|p1a: Slither Wing\n|-boost|p1a: Slither Wing|atk|1\n|-boost|p1a: Slither Wing|def|1\n|move|p2a: Hippowdon|Earthquake|p1a: Slither Wing\n|-resisted|p1a: Slither Wing\n|-damage|p1a: Slither Wing|87\/100\n|\n|-weather|Sandstorm|[upkeep]\n|-damage|p1a: Slither Wing|81\/100|[from] Sandstorm\n|upkeep\n|turn|5\n|\n|t:|1701081252\n|move|p1a: Slither Wing|Flame Charge|p2a: Hippowdon\n|-damage|p2a: Hippowdon|80\/100\n|-boost|p1a: Slither Wing|spe|1\n|move|p2a: Hippowdon|Yawn|p1a: Slither Wing\n|-start|p1a: Slither Wing|move: Yawn|[of] p2a: Hippowdon\n|\n|-weather|Sandstorm|[upkeep]\n|-damage|p1a: Slither Wing|75\/100|[from] Sandstorm\n|-heal|p2a: Hippowdon|86\/100|[from] item: Leftovers\n|upkeep\n|turn|6\n|\n|t:|1701081262\n|move|p1a: Slither Wing|Bulk Up|p1a: Slither Wing\n|-boost|p1a: Slither Wing|atk|1\n|-boost|p1a: Slither Wing|def|1\n|move|p2a: Hippowdon|Rock Slide|p1a: Slither Wing\n|-damage|p1a: Slither Wing|64\/100\n|\n|-weather|Sandstorm|[upkeep]\n|-damage|p1a: Slither Wing|58\/100|[from] Sandstorm\n|-heal|p2a: Hippowdon|92\/100|[from] item: Leftovers\n|-end|p1a: Slither Wing|move: Yawn|[silent]\n|-status|p1a: Slither Wing|slp\n|upkeep\n|turn|7\n|\n|t:|1701081272\n|cant|p1a: Slither Wing|slp\n|move|p2a: Hippowdon|Earthquake|p1a: Slither Wing\n|-resisted|p1a: Slither Wing\n|-damage|p1a: Slither Wing|47\/100 slp\n|\n|-weather|none\n|-heal|p2a: Hippowdon|98\/100|[from] item: Leftovers\n|upkeep\n|turn|8\n|\n|t:|1701081280\n|-curestatus|p1a: Slither Wing|slp|[msg]\n|move|p1a: Slither Wing|Leech Life|p2a: Hippowdon\n|-damage|p2a: Hippowdon|37\/100\n|-heal|p1a: Slither Wing|82\/100|[from] drain|[of] p2a: Hippowdon\n|move|p2a: Hippowdon|Stealth Rock|p1a: Slither Wing\n|-sidestart|p1: InsBAPlayer|move: Stealth Rock\n|\n|-heal|p2a: Hippowdon|43\/100|[from] item: Leftovers\n|upkeep\n|turn|9\n|\n|t:|1701081289\n|move|p1a: Slither Wing|Leech Life|p2a: Hippowdon\n|-damage|p2a: Hippowdon|0 fnt\n|-heal|p1a: Slither Wing|100\/100|[from] drain|[of] p2a: Hippowdon\n|faint|p2a: Hippowdon\n|\n|upkeep\n|\n|t:|1701081302\n|switch|p2a: Electivire|Electivire, F|100\/100\n|turn|10\n|\n|t:|1701081311\n|move|p1a: Slither Wing|Leech Life|p2a: Electivire\n|-damage|p2a: Electivire|0 fnt\n|faint|p2a: Electivire\n|\n|upkeep\n|\n|t:|1701081321\n|switch|p2a: Blaziken|Blaziken, M|100\/100\n|turn|11\n|\n|t:|1701081326\n|move|p2a: Blaziken|Protect|p2a: Blaziken\n|-singleturn|p2a: Blaziken|Protect\n|move|p1a: Slither Wing|Bulk Up|p1a: Slither Wing\n|-boost|p1a: Slither Wing|atk|1\n|-boost|p1a: Slither Wing|def|1\n|\n|-ability|p2a: Blaziken|Speed Boost|boost\n|-boost|p2a: Blaziken|spe|1\n|upkeep\n|turn|12\n|\n|t:|1701081334\n|-terastallize|p1a: Slither Wing|Fire\n|move|p1a: Slither Wing|Flare Blitz|p2a: Blaziken\n|-resisted|p2a: Blaziken\n|-damage|p2a: Blaziken|0 fnt\n|faint|p2a: Blaziken\n|-damage|p1a: Slither Wing|74\/100|[from] Recoil\n|\n|upkeep\n|\n|t:|1701081341\n|switch|p2a: Floatzel|Floatzel, M|100\/100\n|turn|13\n|\n|t:|1701081344\n|move|p1a: Slither Wing|Leech Life|p2a: Floatzel\n|-damage|p2a: Floatzel|0 fnt\n|-heal|p1a: Slither Wing|100\/100|[from] drain|[of] p2a: Floatzel\n|faint|p2a: Floatzel\n|\n|upkeep\n|\n|t:|1701081349\n|switch|p2a: Mismagius|Mismagius, M|100\/100\n|turn|14\n|\n|t:|1701081353\n|move|p1a: Slither Wing|Flare Blitz|p2a: Mismagius\n|-crit|p2a: Mismagius\n|-damage|p2a: Mismagius|0 fnt\n|faint|p2a: Mismagius\n|-damage|p1a: Slither Wing|78\/100|[from] Recoil\n|\n|win|InsBAPlayer\n|raw|InsBAPlayer's rating: 1209 &rarr; <strong>1228<\/strong><br \/>(+19 for winning)\n|raw|Aokoshi's rating: 1130 &rarr; <strong>1111<\/strong><br \/>(-19 for losing)\n","uploadtime":1701081361,"views":2,"p1id":"insbaplayer","p2id":"aokoshi","formatid":"gen9nationaldex","rating":1111,"private":0,"password":""}