{"id":"gen9nationaldex-1993813503","p1":"Toxic Ariados","p2":"CrazyRainySoul","format":"[Gen 9] National Dex","log":"|j|\u2606Toxic Ariados\n|j|\u2606CrazyRainySoul\n|t:|1700360468\n|gametype|singles\n|player|p1|Toxic Ariados|lucas|1755\n|player|p2|CrazyRainySoul|steven-masters|1679\n|teamsize|p1|6\n|teamsize|p2|6\n|gen|9\n|tier|[Gen 9] National Dex\n|rated|\n|rule|HP Percentage Mod: HP is shown in percentages\n|rule|Endless Battle Clause: Forcing endless battles is banned\n|rule|OHKO Clause: OHKO moves are banned\n|rule|Evasion Clause: Evasion abilities, items, and moves are banned\n|rule|Evasion Abilities Clause: Evasion abilities are banned\n|rule|Evasion Items Clause: Evasion items are banned\n|rule|Evasion Moves Clause: Evasion moves are banned\n|rule|Species Clause: Limit one of each Pok\u00e9mon\n|rule|Sleep Clause Mod: Limit one foe put to sleep\n|clearpoke\n|poke|p1|Grimmsnarl, M|\n|poke|p1|Okidogi, M|\n|poke|p1|Volcarona, F|\n|poke|p1|Great Tusk|\n|poke|p1|Ogerpon-Cornerstone, F|\n|poke|p1|Jirachi|\n|poke|p2|Dondozo, F|\n|poke|p2|Blissey, F|\n|poke|p2|Toxapex, F|\n|poke|p2|Clodsire, M|\n|poke|p2|Gliscor, M|\n|poke|p2|Corviknight, M|\n|teampreview\n|inactive|Battle timer is ON: inactive players will automatically lose when time's up. (requested by CrazyRainySoul)\n|j| YJLF\n|inactive|CrazyRainySoul has 120 seconds left.\n|\n|t:|1700360502\n|start\n|switch|p1a: Diablo|Grimmsnarl, M|100\/100\n|switch|p2a: \u522b\u6253\u6211\u5440|Toxapex, F|100\/100\n|turn|1\n|\n|t:|1700360515\n|move|p1a: Diablo|Taunt|p2a: \u522b\u6253\u6211\u5440\n|-start|p2a: \u522b\u6253\u6211\u5440|move: Taunt\n|cant|p2a: \u522b\u6253\u6211\u5440|move: Taunt|Toxic Spikes\n|\n|upkeep\n|turn|2\n|\n|t:|1700360532\n|move|p1a: Diablo|Light Screen|p1a: Diablo\n|-sidestart|p1: Toxic Ariados|move: Light Screen\n|move|p2a: \u522b\u6253\u6211\u5440|Knock Off|p1a: Diablo\n|-resisted|p1a: Diablo\n|-damage|p1a: Diablo|97\/100\n|-enditem|p1a: Diablo|Light Clay|[from] move: Knock Off|[of] p2a: \u522b\u6253\u6211\u5440\n|\n|upkeep\n|turn|3\n|\n|t:|1700360543\n|switch|p2a: \u8fd9\u662f\u52fe\u9b42\u773c\u7684\u4f4d\u7f6e|Gliscor, M|100\/100\n|move|p1a: Diablo|Reflect|p1a: Diablo\n|-sidestart|p1: Toxic Ariados|Reflect\n|\n|-status|p2a: \u8fd9\u662f\u52fe\u9b42\u773c\u7684\u4f4d\u7f6e|tox|[from] item: Toxic Orb\n|upkeep\n|turn|4\n|\n|t:|1700360551\n|move|p1a: Diablo|Taunt|p2a: \u8fd9\u662f\u52fe\u9b42\u773c\u7684\u4f4d\u7f6e\n|-start|p2a: \u8fd9\u662f\u52fe\u9b42\u773c\u7684\u4f4d\u7f6e|move: Taunt\n|move|p2a: \u8fd9\u662f\u52fe\u9b42\u773c\u7684\u4f4d\u7f6e|Poison Jab|p1a: Diablo\n|-supereffective|p1a: Diablo\n|-damage|p1a: Diablo|79\/100\n|-status|p1a: Diablo|psn\n|\n|-damage|p1a: Diablo|66\/100 psn|[from] psn\n|upkeep\n|turn|5\n|\n|t:|1700360568\n|switch|p1a: Bedrock|Great Tusk|100\/100\n|move|p2a: \u8fd9\u662f\u52fe\u9b42\u773c\u7684\u4f4d\u7f6e|Knock Off|p1a: Bedrock\n|-resisted|p1a: Bedrock\n|-damage|p1a: Bedrock|97\/100\n|-enditem|p1a: Bedrock|Heavy-Duty Boots|[from] move: Knock Off|[of] p2a: \u8fd9\u662f\u52fe\u9b42\u773c\u7684\u4f4d\u7f6e\n|\n|upkeep\n|turn|6\n|\n|t:|1700360578\n|-end|p1a: Bedrock|Protosynthesis|[silent]\n|switch|p1a: Ogerpon|Ogerpon-Cornerstone, F|100\/100\n|switch|p2a: \u9e1f|Corviknight, M|100\/100\n|-ability|p2a: \u9e1f|Pressure\n|\n|upkeep\n|turn|7\n|\n|t:|1700360582\n|move|p1a: Ogerpon|Swords Dance|p1a: Ogerpon\n|-boost|p1a: Ogerpon|atk|2\n|move|p2a: \u9e1f|Iron Defense|p2a: \u9e1f\n|-boost|p2a: \u9e1f|def|2\n|\n|-sideend|p1: Toxic Ariados|Reflect\n|upkeep\n|turn|8\n|\n|t:|1700360588\n|switch|p1a: Solstice|Volcarona, F|100\/100\n|move|p2a: \u9e1f|Iron Defense|p2a: \u9e1f\n|-boost|p2a: \u9e1f|def|2\n|\n|upkeep\n|turn|9\n|\n|t:|1700360590\n|switch|p2a: \u6211\u83dc\u5f97\u62a0\u811a|Clodsire, M|100\/100\n|move|p1a: Solstice|Fiery Dance|p2a: \u6211\u83dc\u5f97\u62a0\u811a\n|-damage|p2a: \u6211\u83dc\u5f97\u62a0\u811a|77\/100\n|\n|-heal|p2a: \u6211\u83dc\u5f97\u62a0\u811a|83\/100|[from] item: Leftovers\n|-sideend|p1: Toxic Ariados|move: Light Screen\n|upkeep\n|turn|10\n|\n|t:|1700360596\n|switch|p1a: Bedrock|Great Tusk|97\/100\n|move|p2a: \u6211\u83dc\u5f97\u62a0\u811a|Spikes|p1a: Bedrock\n|-sidestart|p1: Toxic Ariados|Spikes\n|\n|-heal|p2a: \u6211\u83dc\u5f97\u62a0\u811a|89\/100|[from] item: Leftovers\n|upkeep\n|turn|11\n|\n|t:|1700360600\n|switch|p2a: \u522b\u6253\u6211\u5440|Toxapex, F|100\/100\n|move|p1a: Bedrock|Rapid Spin|p2a: \u522b\u6253\u6211\u5440\n|-damage|p2a: \u522b\u6253\u6211\u5440|86\/100\n|-boost|p1a: Bedrock|spe|1\n|-damage|p1a: Bedrock|80\/100|[from] item: Rocky Helmet|[of] p2a: \u522b\u6253\u6211\u5440\n|-sideend|p1: Toxic Ariados|Spikes|[from] move: Rapid Spin|[of] p1a: Bedrock\n|\n|upkeep\n|turn|12\n|\n|t:|1700360603\n|switch|p2a: \u9e1f|Corviknight, M|100\/100\n|-ability|p2a: \u9e1f|Pressure\n|move|p1a: Bedrock|Headlong Rush|p2a: \u9e1f\n|-immune|p2a: \u9e1f\n|\n|upkeep\n|turn|13\n|j| elvisma\n|\n|t:|1700360622\n|switch|p2a: \u8fd9\u662f\u52fe\u9b42\u773c\u7684\u4f4d\u7f6e|Gliscor, M|100\/100 tox\n|move|p1a: Bedrock|Headlong Rush|p2a: \u8fd9\u662f\u52fe\u9b42\u773c\u7684\u4f4d\u7f6e\n|-immune|p2a: \u8fd9\u662f\u52fe\u9b42\u773c\u7684\u4f4d\u7f6e\n|\n|upkeep\n|turn|14\n|\n|t:|1700360627\n|move|p1a: Bedrock|Ice Spinner|p2a: \u8fd9\u662f\u52fe\u9b42\u773c\u7684\u4f4d\u7f6e\n|-supereffective|p2a: \u8fd9\u662f\u52fe\u9b42\u773c\u7684\u4f4d\u7f6e\n|-damage|p2a: \u8fd9\u662f\u52fe\u9b42\u773c\u7684\u4f4d\u7f6e|16\/100 tox\n|move|p2a: \u8fd9\u662f\u52fe\u9b42\u773c\u7684\u4f4d\u7f6e|Stealth Rock|p1a: Bedrock\n|-sidestart|p1: Toxic Ariados|move: Stealth Rock\n|\n|-heal|p2a: \u8fd9\u662f\u52fe\u9b42\u773c\u7684\u4f4d\u7f6e|28\/100 tox|[from] ability: Poison Heal\n|upkeep\n|turn|15\n|\n|t:|1700360630\n|switch|p2a: \u9e1f|Corviknight, M|100\/100\n|-ability|p2a: \u9e1f|Pressure\n|move|p1a: Bedrock|Rapid Spin|p2a: \u9e1f\n|-resisted|p2a: \u9e1f\n|-damage|p2a: \u9e1f|95\/100\n|-boost|p1a: Bedrock|spe|1\n|-sideend|p1: Toxic Ariados|Stealth Rock|[from] move: Rapid Spin|[of] p1a: Bedrock\n|\n|-heal|p2a: \u9e1f|100\/100|[from] item: Leftovers\n|upkeep\n|turn|16\n|\n|t:|1700360633\n|-end|p1a: Bedrock|Protosynthesis|[silent]\n|switch|p1a: Solstice|Volcarona, F|100\/100\n|move|p2a: \u9e1f|Iron Defense|p2a: \u9e1f\n|-boost|p2a: \u9e1f|def|2\n|\n|upkeep\n|turn|17\n|\n|t:|1700360638\n|switch|p1a: Bedrock|Great Tusk|80\/100\n|switch|p2a: \u6211\u83dc\u5f97\u62a0\u811a|Clodsire, M|89\/100\n|\n|-heal|p2a: \u6211\u83dc\u5f97\u62a0\u811a|95\/100|[from] item: Leftovers\n|upkeep\n|turn|18\n|\n|t:|1700360646\n|switch|p2a: \u60a8\u771f\u5389\u5bb3|Dondozo, F|100\/100\n|move|p1a: Bedrock|Close Combat|p2a: \u60a8\u771f\u5389\u5bb3\n|-damage|p2a: \u60a8\u771f\u5389\u5bb3|71\/100\n|-unboost|p1a: Bedrock|def|1\n|-unboost|p1a: Bedrock|spd|1\n|\n|-heal|p2a: \u60a8\u771f\u5389\u5bb3|77\/100|[from] item: Leftovers\n|upkeep\n|turn|19\n|\n|t:|1700360652\n|-end|p1a: Bedrock|Protosynthesis|[silent]\n|switch|p1a: Solstice|Volcarona, F|100\/100\n|move|p2a: \u60a8\u771f\u5389\u5bb3|Waterfall|p1a: Solstice\n|-supereffective|p1a: Solstice\n|-damage|p1a: Solstice|29\/100\n|\n|-heal|p2a: \u60a8\u771f\u5389\u5bb3|83\/100|[from] item: Leftovers\n|upkeep\n|turn|20\n|\n|t:|1700360656\n|switch|p2a: \u6211\u662f\u4e2d\u8f6c\u5440|Blissey, F|100\/100\n|move|p1a: Solstice|Giga Drain|p2a: \u6211\u662f\u4e2d\u8f6c\u5440\n|-damage|p2a: \u6211\u662f\u4e2d\u8f6c\u5440|90\/100\n|-heal|p1a: Solstice|41\/100|[from] drain|[of] p2a: \u6211\u662f\u4e2d\u8f6c\u5440\n|\n|-heal|p2a: \u6211\u662f\u4e2d\u8f6c\u5440|96\/100|[from] item: Leftovers\n|upkeep\n|turn|21\n|\n|t:|1700360669\n|switch|p1a: Diablo|Grimmsnarl, M|66\/100 psn\n|move|p2a: \u6211\u662f\u4e2d\u8f6c\u5440|Counter||[still]\n|-fail|p2a: \u6211\u662f\u4e2d\u8f6c\u5440\n|\n|-heal|p2a: \u6211\u662f\u4e2d\u8f6c\u5440|100\/100|[from] item: Leftovers\n|-damage|p1a: Diablo|54\/100 psn|[from] psn\n|upkeep\n|turn|22\n|\n|t:|1700360673\n|move|p1a: Diablo|Taunt|p2a: \u6211\u662f\u4e2d\u8f6c\u5440\n|-start|p2a: \u6211\u662f\u4e2d\u8f6c\u5440|move: Taunt\n|cant|p2a: \u6211\u662f\u4e2d\u8f6c\u5440|move: Taunt|Wish\n|\n|-damage|p1a: Diablo|42\/100 psn|[from] psn\n|upkeep\n|turn|23\n|\n|t:|1700360683\n|switch|p1a: Bedrock|Great Tusk|80\/100\n|switch|p2a: \u8fd9\u662f\u52fe\u9b42\u773c\u7684\u4f4d\u7f6e|Gliscor, M|28\/100 tox\n|\n|-heal|p2a: \u8fd9\u662f\u52fe\u9b42\u773c\u7684\u4f4d\u7f6e|41\/100 tox|[from] ability: Poison Heal\n|upkeep\n|turn|24\n|\n|t:|1700360693\n|-end|p1a: Bedrock|Protosynthesis|[silent]\n|switch|p1a: Wrath|Okidogi, M|100\/100\n|switch|p2a: \u9e1f|Corviknight, M|100\/100\n|-ability|p2a: \u9e1f|Pressure\n|\n|upkeep\n|turn|25\n|\n|t:|1700360699\n|move|p1a: Wrath|Knock Off|p2a: \u9e1f\n|-crit|p2a: \u9e1f\n|-damage|p2a: \u9e1f|71\/100\n|-enditem|p2a: \u9e1f|Leftovers|[from] move: Knock Off|[of] p1a: Wrath\n|move|p2a: \u9e1f|Iron Defense|p2a: \u9e1f\n|-boost|p2a: \u9e1f|def|2\n|\n|upkeep\n|turn|26\n|\n|t:|1700360702\n|switch|p1a: Solstice|Volcarona, F|41\/100\n|move|p2a: \u9e1f|Body Press|p1a: Solstice\n|-resisted|p1a: Solstice\n|-damage|p1a: Solstice|7\/100\n|-status|p2a: \u9e1f|brn|[from] ability: Flame Body|[of] p1a: Solstice\n|\n|-damage|p2a: \u9e1f|64\/100 brn|[from] brn\n|upkeep\n|turn|27\n|\n|t:|1700360712\n|switch|p2a: \u522b\u6253\u6211\u5440|Toxapex, F|100\/100\n|move|p1a: Solstice|Fiery Dance|p2a: \u522b\u6253\u6211\u5440\n|-resisted|p2a: \u522b\u6253\u6211\u5440\n|-damage|p2a: \u522b\u6253\u6211\u5440|85\/100\n|\n|upkeep\n|turn|28\n|\n|t:|1700360723\n|switch|p1a: Stardust|Jirachi, shiny|100\/100\n|move|p2a: \u522b\u6253\u6211\u5440|Knock Off|p1a: Stardust\n|-supereffective|p1a: Stardust\n|-damage|p1a: Stardust|83\/100\n|\n|upkeep\n|turn|29\n|\n|t:|1700360729\n|switch|p2a: \u60a8\u771f\u5389\u5bb3|Dondozo, F|83\/100\n|-zpower|p1a: Stardust\n|move|p1a: Stardust|Z-Happy Hour|p1a: Stardust|[anim]Happy Hour\n|-boost|p1a: Stardust|atk|1|[zeffect]\n|-boost|p1a: Stardust|def|1|[zeffect]\n|-boost|p1a: Stardust|spa|1|[zeffect]\n|-boost|p1a: Stardust|spd|1|[zeffect]\n|-boost|p1a: Stardust|spe|1|[zeffect]\n|\n|-heal|p2a: \u60a8\u771f\u5389\u5bb3|89\/100|[from] item: Leftovers\n|upkeep\n|turn|30\n|\n|t:|1700360734\n|move|p1a: Stardust|Calm Mind|p1a: Stardust\n|-boost|p1a: Stardust|spa|1\n|-boost|p1a: Stardust|spd|1\n|move|p2a: \u60a8\u771f\u5389\u5bb3|Waterfall|p1a: Stardust\n|-damage|p1a: Stardust|54\/100\n|\n|-heal|p2a: \u60a8\u771f\u5389\u5bb3|95\/100|[from] item: Leftovers\n|upkeep\n|turn|31\n|\n|t:|1700360741\n|switch|p2a: \u6211\u83dc\u5f97\u62a0\u811a|Clodsire, M|95\/100\n|move|p1a: Stardust|Stored Power|p2a: \u6211\u83dc\u5f97\u62a0\u811a\n|-supereffective|p2a: \u6211\u83dc\u5f97\u62a0\u811a\n|-damage|p2a: \u6211\u83dc\u5f97\u62a0\u811a|22\/100\n|\n|-heal|p2a: \u6211\u83dc\u5f97\u62a0\u811a|28\/100|[from] item: Leftovers\n|upkeep\n|turn|32\n|\n|t:|1700360747\n|-terastallize|p2a: \u6211\u83dc\u5f97\u62a0\u811a|Dark\n|move|p1a: Stardust|Iron Head|p2a: \u6211\u83dc\u5f97\u62a0\u811a\n|-damage|p2a: \u6211\u83dc\u5f97\u62a0\u811a|0 fnt\n|faint|p2a: \u6211\u83dc\u5f97\u62a0\u811a\n|\n|upkeep\n|\n|t:|1700360756\n|switch|p2a: \u60a8\u771f\u5389\u5bb3|Dondozo, F|95\/100\n|turn|33\n|\n|t:|1700360765\n|move|p1a: Stardust|Stored Power|p2a: \u60a8\u771f\u5389\u5bb3\n|-damage|p2a: \u60a8\u771f\u5389\u5bb3|23\/100\n|move|p2a: \u60a8\u771f\u5389\u5bb3|Waterfall|p1a: Stardust\n|-damage|p1a: Stardust|25\/100\n|\n|-heal|p2a: \u60a8\u771f\u5389\u5bb3|29\/100|[from] item: Leftovers\n|upkeep\n|turn|34\n|\n|t:|1700360769\n|move|p1a: Stardust|Stored Power|p2a: \u60a8\u771f\u5389\u5bb3\n|-damage|p2a: \u60a8\u771f\u5389\u5bb3|0 fnt\n|faint|p2a: \u60a8\u771f\u5389\u5bb3\n|\n|upkeep\n|\n|t:|1700360773\n|switch|p2a: \u6211\u662f\u4e2d\u8f6c\u5440|Blissey, F|100\/100\n|turn|35\n|\n|t:|1700360775\n|move|p1a: Stardust|Iron Head|p2a: \u6211\u662f\u4e2d\u8f6c\u5440\n|-damage|p2a: \u6211\u662f\u4e2d\u8f6c\u5440|63\/100\n|cant|p2a: \u6211\u662f\u4e2d\u8f6c\u5440|flinch\n|\n|-heal|p2a: \u6211\u662f\u4e2d\u8f6c\u5440|69\/100|[from] item: Leftovers\n|upkeep\n|turn|36\n|\n|t:|1700360778\n|move|p2a: \u6211\u662f\u4e2d\u8f6c\u5440|Protect|p2a: \u6211\u662f\u4e2d\u8f6c\u5440\n|-singleturn|p2a: \u6211\u662f\u4e2d\u8f6c\u5440|Protect\n|move|p1a: Stardust|Iron Head|p2a: \u6211\u662f\u4e2d\u8f6c\u5440\n|-activate|p2a: \u6211\u662f\u4e2d\u8f6c\u5440|move: Protect\n|\n|-heal|p2a: \u6211\u662f\u4e2d\u8f6c\u5440|75\/100|[from] item: Leftovers\n|upkeep\n|turn|37\n|\n|t:|1700360781\n|move|p1a: Stardust|Stored Power|p2a: \u6211\u662f\u4e2d\u8f6c\u5440\n|-crit|p2a: \u6211\u662f\u4e2d\u8f6c\u5440\n|-damage|p2a: \u6211\u662f\u4e2d\u8f6c\u5440|3\/100\n|move|p2a: \u6211\u662f\u4e2d\u8f6c\u5440|Counter||[still]\n|-fail|p2a: \u6211\u662f\u4e2d\u8f6c\u5440\n|\n|-heal|p2a: \u6211\u662f\u4e2d\u8f6c\u5440|9\/100|[from] item: Leftovers\n|upkeep\n|turn|38\n|\n|t:|1700360785\n|move|p1a: Stardust|Stored Power|p2a: \u6211\u662f\u4e2d\u8f6c\u5440\n|-damage|p2a: \u6211\u662f\u4e2d\u8f6c\u5440|0 fnt\n|faint|p2a: \u6211\u662f\u4e2d\u8f6c\u5440\n|\n|upkeep\n|-message|CrazyRainySoul forfeited.\n|\n|win|Toxic Ariados\n|raw|Toxic Ariados's rating: 1727 &rarr; <strong>1744<\/strong><br \/>(+17 for winning)\n|raw|CrazyRainySoul's rating: 1679 &rarr; <strong>1662<\/strong><br \/>(-17 for losing)\n|l|\u2606CrazyRainySoul\n|l| YJLF\n|l| elvisma\n","uploadtime":1700360913,"views":8,"p1id":"toxicariados","p2id":"crazyrainysoul","formatid":"gen9nationaldex","rating":1662,"private":0,"password":""}