{"id":"gen9nationaldex-1988546538","p1":"ShelmetSoup","p2":"SILLYCLOWNISHT","format":"[Gen 9] National Dex","log":"|j|\u2606ShelmetSoup\n|j|\u2606SILLYCLOWNISHT\n|t:|1699734625\n|gametype|singles\n|player|p1|ShelmetSoup|102|1321\n|player|p2|SILLYCLOWNISHT|fisherman-gen4|1391\n|teamsize|p1|6\n|teamsize|p2|6\n|gen|9\n|tier|[Gen 9] National Dex\n|rated|\n|rule|HP Percentage Mod: HP is shown in percentages\n|rule|Endless Battle Clause: Forcing endless battles is banned\n|rule|OHKO Clause: OHKO moves are banned\n|rule|Evasion Clause: Evasion abilities, items, and moves are banned\n|rule|Evasion Abilities Clause: Evasion abilities are banned\n|rule|Evasion Items Clause: Evasion items are banned\n|rule|Evasion Moves Clause: Evasion moves are banned\n|rule|Species Clause: Limit one of each Pok\u00e9mon\n|rule|Sleep Clause Mod: Limit one foe put to sleep\n|clearpoke\n|poke|p1|Iron Hands|\n|poke|p1|Alomomola, F|\n|poke|p1|Great Tusk|\n|poke|p1|Celesteela|\n|poke|p1|Latios, M|\n|poke|p1|Garganacl, F|\n|poke|p2|Banette, F|\n|poke|p2|Heatran, M|\n|poke|p2|Hatterene, F|\n|poke|p2|Garganacl, F|\n|poke|p2|Latias, F|\n|poke|p2|Kartana|\n|teampreview\n|inactive|Battle timer is ON: inactive players will automatically lose when time's up. (requested by SILLYCLOWNISHT)\n|\n|t:|1699734641\n|start\n|switch|p1a: Garganacl|Garganacl, F|100\/100\n|switch|p2a: Banette|Banette, F|100\/100\n|-item|p1a: Garganacl|Leftovers|[from] ability: Frisk|[of] p2a: Banette|[identify]\n|turn|1\n|\n|t:|1699734655\n|switch|p2a: Latias|Latias, F|100\/100\n|move|p1a: Garganacl|Salt Cure|p2a: Latias\n|-damage|p2a: Latias|83\/100\n|-start|p2a: Latias|Salt Cure\n|\n|-damage|p2a: Latias|70\/100|[from] Salt Cure\n|upkeep\n|turn|2\n|\n|t:|1699734665\n|move|p2a: Latias|Trick|p1a: Garganacl\n|-activate|p2a: Latias|move: Trick|[of] p1a: Garganacl\n|-item|p1a: Garganacl|Choice Scarf|[from] move: Trick\n|-item|p2a: Latias|Leftovers|[from] move: Trick\n|move|p1a: Garganacl|Stealth Rock|p2a: Latias\n|-sidestart|p2: SILLYCLOWNISHT|move: Stealth Rock\n|\n|-heal|p2a: Latias|76\/100|[from] item: Leftovers\n|-damage|p2a: Latias|64\/100|[from] Salt Cure\n|upkeep\n|turn|3\n|\n|t:|1699734683\n|switch|p1a: Great Tusk|Great Tusk|100\/100\n|move|p2a: Latias|Draco Meteor|p1a: Great Tusk|[miss]\n|-miss|p2a: Latias|p1a: Great Tusk\n|\n|-heal|p2a: Latias|70\/100|[from] item: Leftovers\n|-damage|p2a: Latias|58\/100|[from] Salt Cure\n|upkeep\n|turn|4\n|\n|t:|1699734696\n|move|p2a: Latias|Draco Meteor|p1a: Great Tusk\n|-damage|p1a: Great Tusk|10\/100\n|-unboost|p2a: Latias|spa|2\n|move|p1a: Great Tusk|Ice Spinner|p2a: Latias\n|-supereffective|p2a: Latias\n|-damage|p2a: Latias|0 fnt\n|faint|p2a: Latias\n|\n|upkeep\n|\n|t:|1699734707\n|switch|p2a: Kartana|Kartana|100\/100\n|-damage|p2a: Kartana|94\/100|[from] Stealth Rock\n|turn|5\n|\n|t:|1699734712\n|-end|p1a: Great Tusk|Protosynthesis|[silent]\n|switch|p1a: Celesteela|Celesteela|100\/100\n|move|p2a: Kartana|Sacred Sword|p1a: Celesteela\n|-damage|p1a: Celesteela|51\/100\n|\n|-heal|p1a: Celesteela|57\/100|[from] item: Leftovers\n|upkeep\n|turn|6\n|\n|t:|1699734722\n|move|p1a: Celesteela|Protect|p1a: Celesteela\n|-singleturn|p1a: Celesteela|Protect\n|move|p2a: Kartana|Sacred Sword|p1a: Celesteela\n|-activate|p1a: Celesteela|move: Protect\n|\n|-heal|p1a: Celesteela|63\/100|[from] item: Leftovers\n|upkeep\n|turn|7\n|\n|t:|1699734729\n|move|p2a: Kartana|Sacred Sword|p1a: Celesteela\n|-damage|p1a: Celesteela|14\/100\n|move|p1a: Celesteela|Flamethrower|p2a: Kartana\n|-supereffective|p2a: Kartana\n|-damage|p2a: Kartana|0 fnt\n|faint|p2a: Kartana\n|-ability|p1a: Celesteela|Beast Boost|boost\n|-boost|p1a: Celesteela|spd|1\n|\n|-heal|p1a: Celesteela|20\/100|[from] item: Leftovers\n|upkeep\n|\n|t:|1699734743\n|switch|p2a: Heatran|Heatran, M|100\/100\n|-damage|p2a: Heatran|88\/100|[from] Stealth Rock\n|turn|8\n|\n|t:|1699734747\n|move|p2a: Heatran|Stealth Rock|p1a: Celesteela\n|-sidestart|p1: ShelmetSoup|move: Stealth Rock\n|move|p1a: Celesteela|Leech Seed|p2a: Heatran\n|-start|p2a: Heatran|move: Leech Seed\n|\n|-heal|p2a: Heatran|94\/100|[from] item: Leftovers\n|-heal|p1a: Celesteela|26\/100|[from] item: Leftovers\n|-damage|p2a: Heatran|82\/100|[from] Leech Seed|[of] p1a: Celesteela\n|-heal|p1a: Celesteela|38\/100|[silent]\n|upkeep\n|turn|9\n|\n|t:|1699734756\n|move|p1a: Celesteela|Protect|p1a: Celesteela\n|-singleturn|p1a: Celesteela|Protect\n|move|p2a: Heatran|Lava Plume|p1a: Celesteela\n|-activate|p1a: Celesteela|move: Protect\n|\n|-heal|p2a: Heatran|88\/100|[from] item: Leftovers\n|-heal|p1a: Celesteela|44\/100|[from] item: Leftovers\n|-damage|p2a: Heatran|76\/100|[from] Leech Seed|[of] p1a: Celesteela\n|-heal|p1a: Celesteela|56\/100|[silent]\n|upkeep\n|turn|10\n|\n|t:|1699734769\n|switch|p1a: Latios|Latios, M|100\/100\n|-damage|p1a: Latios|88\/100|[from] Stealth Rock\n|move|p2a: Heatran|Magma Storm|p1a: Latios\n|-resisted|p1a: Latios\n|-damage|p1a: Latios|69\/100\n|-activate|p1a: Latios|move: Magma Storm|[of] p2a: Heatran\n|\n|-heal|p2a: Heatran|82\/100|[from] item: Leftovers\n|-damage|p2a: Heatran|69\/100|[from] Leech Seed|[of] p1a: Latios\n|-heal|p1a: Latios|82\/100|[silent]\n|-damage|p1a: Latios|70\/100|[from] move: Magma Storm|[partiallytrapped]\n|upkeep\n|turn|11\n|\n|t:|1699734782\n|switch|p2a: Hatterene|Hatterene, F|100\/100\n|-damage|p2a: Hatterene|88\/100|[from] Stealth Rock\n|detailschange|p1a: Latios|Latios-Mega, M\n|-mega|p1a: Latios|Latios|Latiosite\n|move|p1a: Latios|Psychic|p2a: Hatterene\n|-resisted|p2a: Hatterene\n|-damage|p2a: Hatterene|61\/100\n|\n|-heal|p2a: Hatterene|67\/100|[from] item: Leftovers\n|-end|p1a: Latios|Magma Storm|[partiallytrapped]|[silent]\n|upkeep\n|turn|12\n|\n|t:|1699734801\n|switch|p1a: Great Tusk|Great Tusk|10\/100\n|move|p2a: Hatterene|Draining Kiss|p1a: Great Tusk\n|-supereffective|p1a: Great Tusk\n|-damage|p1a: Great Tusk|0 fnt\n|-heal|p2a: Hatterene|75\/100|[from] drain|[of] p1a: Great Tusk\n|faint|p1a: Great Tusk\n|-end|p1a: Great Tusk|Protosynthesis|[silent]\n|\n|-heal|p2a: Hatterene|81\/100|[from] item: Leftovers\n|upkeep\n|\n|t:|1699734804\n|switch|p1a: Celesteela|Celesteela|56\/100\n|-damage|p1a: Celesteela|43\/100|[from] Stealth Rock\n|turn|13\n|\n|t:|1699734820\n|move|p1a: Celesteela|Heavy Slam|p2a: Hatterene\n|-supereffective|p2a: Hatterene\n|-damage|p2a: Hatterene|0 fnt\n|faint|p2a: Hatterene\n|-ability|p1a: Celesteela|Beast Boost|boost\n|-boost|p1a: Celesteela|spd|1\n|\n|-heal|p1a: Celesteela|49\/100|[from] item: Leftovers\n|upkeep\n|\n|t:|1699734830\n|switch|p2a: Heatran|Heatran, M|69\/100\n|-damage|p2a: Heatran|57\/100|[from] Stealth Rock\n|turn|14\n|\n|t:|1699734835\n|move|p2a: Heatran|Magma Storm|p1a: Celesteela\n|-supereffective|p1a: Celesteela\n|-damage|p1a: Celesteela|14\/100\n|-activate|p1a: Celesteela|move: Magma Storm|[of] p2a: Heatran\n|move|p1a: Celesteela|Leech Seed|p2a: Heatran\n|-start|p2a: Heatran|move: Leech Seed\n|\n|-heal|p2a: Heatran|63\/100|[from] item: Leftovers\n|-heal|p1a: Celesteela|20\/100|[from] item: Leftovers\n|-damage|p2a: Heatran|51\/100|[from] Leech Seed|[of] p1a: Celesteela\n|-heal|p1a: Celesteela|32\/100|[silent]\n|-damage|p1a: Celesteela|20\/100|[from] move: Magma Storm|[partiallytrapped]\n|upkeep\n|turn|15\n|\n|t:|1699734845\n|move|p1a: Celesteela|Protect|p1a: Celesteela\n|-singleturn|p1a: Celesteela|Protect\n|move|p2a: Heatran|Roar|p1a: Celesteela\n|drag|p1a: Latios|Latios-Mega, M|70\/100\n|-damage|p1a: Latios|57\/100|[from] Stealth Rock\n|\n|-heal|p2a: Heatran|57\/100|[from] item: Leftovers\n|-damage|p2a: Heatran|45\/100|[from] Leech Seed|[of] p1a: Latios\n|-heal|p1a: Latios|71\/100|[silent]\n|upkeep\n|turn|16\n|\n|t:|1699734861\n|move|p1a: Latios|Psychic|p2a: Heatran\n|-resisted|p2a: Heatran\n|-damage|p2a: Heatran|19\/100\n|move|p2a: Heatran|Roar|p1a: Latios\n|drag|p1a: Garganacl|Garganacl, F|100\/100\n|-damage|p1a: Garganacl|88\/100|[from] Stealth Rock\n|\n|-heal|p2a: Heatran|25\/100|[from] item: Leftovers\n|-damage|p2a: Heatran|13\/100|[from] Leech Seed|[of] p1a: Garganacl\n|-heal|p1a: Garganacl|99\/100|[silent]\n|upkeep\n|turn|17\n|\n|t:|1699734871\n|move|p2a: Heatran|Magma Storm|p1a: Garganacl|[miss]\n|-miss|p2a: Heatran|p1a: Garganacl\n|move|p1a: Garganacl|Salt Cure|p2a: Heatran\n|-damage|p2a: Heatran|5\/100\n|-start|p2a: Heatran|Salt Cure\n|\n|-heal|p2a: Heatran|11\/100|[from] item: Leftovers\n|-damage|p2a: Heatran|0 fnt|[from] Leech Seed|[of] p1a: Garganacl\n|-heal|p1a: Garganacl|100\/100|[silent]\n|faint|p2a: Heatran\n|upkeep\n|\n|t:|1699734882\n|switch|p2a: Garganacl|Garganacl, F|100\/100\n|-damage|p2a: Garganacl|88\/100|[from] Stealth Rock\n|turn|18\n|\n|t:|1699734888\n|-terastallize|p2a: Garganacl|Ghost\n|move|p1a: Garganacl|Salt Cure|p2a: Garganacl\n|-damage|p2a: Garganacl|78\/100\n|-start|p2a: Garganacl|Salt Cure\n|move|p2a: Garganacl|Salt Cure|p1a: Garganacl\n|-damage|p1a: Garganacl|92\/100\n|-start|p1a: Garganacl|Salt Cure\n|\n|-heal|p2a: Garganacl|85\/100|[from] item: Leftovers\n|-damage|p1a: Garganacl|79\/100|[from] Salt Cure\n|-damage|p2a: Garganacl|72\/100|[from] Salt Cure\n|upkeep\n|turn|19\n|\n|t:|1699734904\n|switch|p1a: Celesteela|Celesteela|20\/100\n|-damage|p1a: Celesteela|8\/100|[from] Stealth Rock\n|move|p2a: Garganacl|Salt Cure|p1a: Celesteela\n|-damage|p1a: Celesteela|0 fnt\n|faint|p1a: Celesteela\n|\n|-heal|p2a: Garganacl|78\/100|[from] item: Leftovers\n|-damage|p2a: Garganacl|66\/100|[from] Salt Cure\n|upkeep\n|\n|t:|1699734910\n|switch|p1a: Latios|Latios-Mega, M|71\/100\n|-damage|p1a: Latios|58\/100|[from] Stealth Rock\n|turn|20\n|\n|t:|1699734915\n|move|p1a: Latios|Draco Meteor|p2a: Garganacl\n|-damage|p2a: Garganacl|5\/100\n|-unboost|p1a: Latios|spa|2\n|move|p2a: Garganacl|Recover|p2a: Garganacl\n|-heal|p2a: Garganacl|55\/100\n|\n|-heal|p2a: Garganacl|61\/100|[from] item: Leftovers\n|-damage|p2a: Garganacl|49\/100|[from] Salt Cure\n|upkeep\n|turn|21\n|\n|t:|1699734921\n|switch|p1a: Alomomola|Alomomola, F|100\/100\n|move|p2a: Garganacl|Recover|p2a: Garganacl\n|-heal|p2a: Garganacl|99\/100\n|\n|-heal|p2a: Garganacl|100\/100|[from] item: Leftovers\n|-damage|p2a: Garganacl|88\/100|[from] Salt Cure\n|upkeep\n|turn|22\n|\n|t:|1699734925\n|move|p1a: Alomomola|Flip Turn|p2a: Garganacl\n|-damage|p2a: Garganacl|76\/100\n|\n|t:|1699734928\n|switch|p1a: Latios|Latios-Mega, M|58\/100|[from] Flip Turn\n|-damage|p1a: Latios|46\/100|[from] Stealth Rock\n|move|p2a: Garganacl|Salt Cure|p1a: Latios\n|-damage|p1a: Latios|34\/100\n|-start|p1a: Latios|Salt Cure\n|\n|-heal|p2a: Garganacl|82\/100|[from] item: Leftovers\n|-damage|p1a: Latios|22\/100|[from] Salt Cure\n|-damage|p2a: Garganacl|70\/100|[from] Salt Cure\n|upkeep\n|turn|23\n|\n|t:|1699734937\n|move|p1a: Latios|Recover|p1a: Latios\n|-heal|p1a: Latios|72\/100\n|move|p2a: Garganacl|Recover|p2a: Garganacl\n|-heal|p2a: Garganacl|100\/100\n|\n|-damage|p1a: Latios|59\/100|[from] Salt Cure\n|-damage|p2a: Garganacl|88\/100|[from] Salt Cure\n|upkeep\n|turn|24\n|\n|t:|1699734944\n|move|p1a: Latios|Recover|p1a: Latios\n|-heal|p1a: Latios|100\/100\n|move|p2a: Garganacl|Recover|p2a: Garganacl\n|-heal|p2a: Garganacl|100\/100\n|\n|-damage|p1a: Latios|88\/100|[from] Salt Cure\n|-damage|p2a: Garganacl|88\/100|[from] Salt Cure\n|upkeep\n|turn|25\n|\n|t:|1699734952\n|switch|p1a: Garganacl|Garganacl, F|79\/100\n|-damage|p1a: Garganacl|67\/100|[from] Stealth Rock\n|move|p2a: Garganacl|Iron Defense|p2a: Garganacl\n|-boost|p2a: Garganacl|def|2\n|\n|-heal|p2a: Garganacl|94\/100|[from] item: Leftovers\n|-damage|p2a: Garganacl|82\/100|[from] Salt Cure\n|upkeep\n|turn|26\n|\n|t:|1699734964\n|move|p1a: Garganacl|Protect|p1a: Garganacl\n|-singleturn|p1a: Garganacl|Protect\n|move|p2a: Garganacl|Iron Defense|p2a: Garganacl\n|-boost|p2a: Garganacl|def|2\n|\n|-heal|p2a: Garganacl|88\/100|[from] item: Leftovers\n|-damage|p2a: Garganacl|76\/100|[from] Salt Cure\n|upkeep\n|turn|27\n|\n|t:|1699734990\n|switch|p1a: Latios|Latios-Mega, M|88\/100\n|-damage|p1a: Latios|76\/100|[from] Stealth Rock\n|move|p2a: Garganacl|Iron Defense|p2a: Garganacl\n|-boost|p2a: Garganacl|def|2\n|\n|-heal|p2a: Garganacl|82\/100|[from] item: Leftovers\n|-damage|p2a: Garganacl|70\/100|[from] Salt Cure\n|upkeep\n|turn|28\n|\n|t:|1699734995\n|move|p1a: Latios|Psychic|p2a: Garganacl\n|-damage|p2a: Garganacl|31\/100\n|move|p2a: Garganacl|Recover|p2a: Garganacl\n|-heal|p2a: Garganacl|81\/100\n|\n|-heal|p2a: Garganacl|88\/100|[from] item: Leftovers\n|-damage|p2a: Garganacl|75\/100|[from] Salt Cure\n|upkeep\n|turn|29\n|\n|t:|1699734999\n|move|p1a: Latios|Psychic|p2a: Garganacl\n|-damage|p2a: Garganacl|33\/100\n|move|p2a: Garganacl|Salt Cure|p1a: Latios\n|-damage|p1a: Latios|63\/100\n|-start|p1a: Latios|Salt Cure\n|\n|-heal|p2a: Garganacl|40\/100|[from] item: Leftovers\n|-damage|p1a: Latios|50\/100|[from] Salt Cure\n|-damage|p2a: Garganacl|27\/100|[from] Salt Cure\n|upkeep\n|turn|30\n|\n|t:|1699735015\n|switch|p2a: Banette|Banette, F|100\/100\n|-damage|p2a: Banette|88\/100|[from] Stealth Rock\n|-item|p1a: Latios|Latiosite|[from] ability: Frisk|[of] p2a: Banette|[identify]\n|move|p1a: Latios|Psychic|p2a: Banette\n|-damage|p2a: Banette|33\/100\n|\n|-damage|p1a: Latios|38\/100|[from] Salt Cure\n|upkeep\n|turn|31\n|\n|t:|1699735024\n|detailschange|p2a: Banette|Banette-Mega, F\n|-mega|p2a: Banette|Banette|Banettite\n|move|p2a: Banette|Destiny Bond|p2a: Banette\n|-singlemove|p2a: Banette|Destiny Bond\n|move|p1a: Latios|Recover|p1a: Latios\n|-heal|p1a: Latios|88\/100\n|\n|-damage|p1a: Latios|75\/100|[from] Salt Cure\n|upkeep\n|turn|32\n|\n|t:|1699735031\n|switch|p1a: Alomomola|Alomomola, F|100\/100\n|move|p2a: Banette|Poltergeist|p1a: Alomomola|[miss]\n|-miss|p2a: Banette|p1a: Alomomola\n|\n|upkeep\n|turn|33\n|\n|t:|1699735037\n|move|p2a: Banette|Taunt|p1a: Alomomola\n|-start|p1a: Alomomola|move: Taunt\n|move|p1a: Alomomola|Flip Turn|p2a: Banette\n|-damage|p2a: Banette|7\/100\n|\n|t:|1699735039\n|switch|p1a: Iron Hands|Iron Hands|100\/100|[from] Flip Turn\n|-damage|p1a: Iron Hands|94\/100|[from] Stealth Rock\n|\n|upkeep\n|turn|34\n|\n|t:|1699735047\n|move|p2a: Banette|Destiny Bond|p2a: Banette\n|-singlemove|p2a: Banette|Destiny Bond\n|move|p1a: Iron Hands|Ice Punch|p2a: Banette\n|-damage|p2a: Banette|0 fnt\n|faint|p2a: Banette\n|-activate|p2a: Banette|move: Destiny Bond\n|faint|p1a: Iron Hands\n|-end|p1a: Iron Hands|Quark Drive|[silent]\n|\n|upkeep\n|\n|t:|1699735054\n|switch|p2a: Garganacl|Garganacl, F, tera:Ghost|27\/100\n|switch|p1a: Latios|Latios-Mega, M|75\/100\n|-damage|p1a: Latios|63\/100|[from] Stealth Rock\n|-damage|p2a: Garganacl|15\/100|[from] Stealth Rock\n|turn|35\n|c|\u2606ShelmetSoup|gg\n|c|\u2606SILLYCLOWNISHT|stfu\n|-message|SILLYCLOWNISHT forfeited.\n|\n|win|ShelmetSoup\n|raw|ShelmetSoup's rating: 1321 &rarr; <strong>1345<\/strong><br \/>(+24 for winning)\n|raw|SILLYCLOWNISHT's rating: 1391 &rarr; <strong>1367<\/strong><br \/>(-24 for losing)\n|c|\u2606ShelmetSoup|lmao\n|l|\u2606SILLYCLOWNISHT\n|c|\u2606ShelmetSoup|xd\n","uploadtime":1699735073,"views":4,"p1id":"shelmetsoup","p2id":"sillyclownisht","formatid":"gen9nationaldex","rating":1345,"private":0,"password":""}