{"id":"gen9nationaldex-1989244104","p1":"47HYENAS","p2":"Brick_Enjoyer_144","format":"[Gen 9] National Dex","log":"|j|\u260647HYENAS\n|j|\u2606Brick_Enjoyer_144\n|t:|1699827360\n|gametype|singles\n|player|p1|47HYENAS|iris-gen5bw2|1089\n|player|p2|Brick_Enjoyer_144|shauntal|1104\n|teamsize|p1|6\n|teamsize|p2|6\n|gen|9\n|tier|[Gen 9] National Dex\n|rated|\n|rule|HP Percentage Mod: HP is shown in percentages\n|rule|Endless Battle Clause: Forcing endless battles is banned\n|rule|OHKO Clause: OHKO moves are banned\n|rule|Evasion Clause: Evasion abilities, items, and moves are banned\n|rule|Evasion Abilities Clause: Evasion abilities are banned\n|rule|Evasion Items Clause: Evasion items are banned\n|rule|Evasion Moves Clause: Evasion moves are banned\n|rule|Species Clause: Limit one of each Pok\u00e9mon\n|rule|Sleep Clause Mod: Limit one foe put to sleep\n|clearpoke\n|poke|p1|Obstagoon, F|\n|poke|p1|Serperior, M|\n|poke|p1|Haxorus, M|\n|poke|p1|Toxapex, M|\n|poke|p1|Ferrothorn, F|\n|poke|p1|Lopunny, F|\n|poke|p2|Iron Valiant|\n|poke|p2|Medicham, F|\n|poke|p2|Durant, F|\n|poke|p2|Urshifu-*, F|\n|poke|p2|Hydreigon, F|\n|poke|p2|Maushold|\n|teampreview\n|inactive|Battle timer is ON: inactive players will automatically lose when time's up. (requested by Brick_Enjoyer_144)\n|\n|t:|1699827366\n|start\n|switch|p1a: Toxapex|Toxapex, M|100\/100\n|switch|p2a: Durant|Durant, F|100\/100\n|turn|1\n|\n|t:|1699827383\n|move|p2a: Durant|Hone Claws|p2a: Durant\n|-boost|p2a: Durant|atk|1\n|-boost|p2a: Durant|accuracy|1\n|move|p1a: Toxapex|Toxic Spikes|p2a: Durant\n|-sidestart|p2: Brick_Enjoyer_144|move: Toxic Spikes\n|\n|upkeep\n|turn|2\n|\n|t:|1699827393\n|move|p2a: Durant|Stomping Tantrum|p1a: Toxapex\n|-supereffective|p1a: Toxapex\n|-damage|p1a: Toxapex|42\/100\n|-damage|p2a: Durant|84\/100|[from] item: Rocky Helmet|[of] p1a: Toxapex\n|move|p1a: Toxapex|Haze|p1a: Toxapex\n|-clearallboost\n|\n|upkeep\n|turn|3\n|\n|t:|1699827409\n|move|p2a: Durant|Hone Claws|p2a: Durant\n|-boost|p2a: Durant|atk|1\n|-boost|p2a: Durant|accuracy|1\n|move|p1a: Toxapex|Toxic Spikes|p2a: Durant\n|-sidestart|p2: Brick_Enjoyer_144|move: Toxic Spikes\n|\n|upkeep\n|turn|4\n|\n|t:|1699827416\n|move|p1a: Toxapex|Baneful Bunker|p1a: Toxapex\n|-singleturn|p1a: Toxapex|move: Protect\n|move|p2a: Durant|Stomping Tantrum|p1a: Toxapex\n|-activate|p1a: Toxapex|move: Protect\n|\n|upkeep\n|turn|5\n|\n|t:|1699827434\n|move|p2a: Durant|Stomping Tantrum|p1a: Toxapex\n|-supereffective|p1a: Toxapex\n|-damage|p1a: Toxapex|0 fnt\n|-damage|p2a: Durant|68\/100|[from] item: Rocky Helmet|[of] p1a: Toxapex\n|faint|p1a: Toxapex\n|\n|upkeep\n|inactive|47HYENAS has 120 seconds left.\n|l|\u260647HYENAS\n|inactive|47HYENAS disconnected and has a minute to reconnect!\n|player|p1|\n|inactive|47HYENAS has 30 seconds to reconnect!\n|j|\u260647HYENAS\n|inactive|47HYENAS reconnected and has 75 seconds left.\n|player|p1|47HYENAS|iris-gen5bw2\n|inactive|47HYENAS has 60 seconds left.\n|\n|t:|1699827514\n|switch|p1a: Ferrothorn|Ferrothorn, F|100\/100\n|turn|6\n|\n|t:|1699827522\n|move|p2a: Durant|Stomping Tantrum|p1a: Ferrothorn\n|-damage|p1a: Ferrothorn|67\/100\n|-damage|p2a: Durant|55\/100|[from] ability: Iron Barbs|[of] p1a: Ferrothorn\n|-damage|p2a: Durant|39\/100|[from] item: Rocky Helmet|[of] p1a: Ferrothorn\n|move|p1a: Ferrothorn|Leech Seed|p2a: Durant\n|-start|p2a: Durant|move: Leech Seed\n|\n|-damage|p2a: Durant|27\/100|[from] Leech Seed|[of] p1a: Ferrothorn\n|-heal|p1a: Ferrothorn|76\/100|[silent]\n|upkeep\n|turn|7\n|\n|t:|1699827535\n|move|p2a: Durant|Stomping Tantrum|p1a: Ferrothorn\n|-damage|p1a: Ferrothorn|42\/100\n|-damage|p2a: Durant|14\/100|[from] ability: Iron Barbs|[of] p1a: Ferrothorn\n|-damage|p2a: Durant|0 fnt|[from] item: Rocky Helmet|[of] p1a: Ferrothorn\n|faint|p2a: Durant\n|move|p1a: Ferrothorn|Ingrain|p1a: Ferrothorn\n|-start|p1a: Ferrothorn|move: Ingrain\n|\n|-heal|p1a: Ferrothorn|48\/100|[from] Ingrain\n|upkeep\n|\n|t:|1699827546\n|switch|p2a: Iron Valiant|Iron Valiant|100\/100\n|-status|p2a: Iron Valiant|tox\n|turn|8\n|\n|t:|1699827562\n|move|p2a: Iron Valiant|Aura Sphere|p1a: Ferrothorn\n|-supereffective|p1a: Ferrothorn\n|-damage|p1a: Ferrothorn|0 fnt\n|faint|p1a: Ferrothorn\n|\n|-damage|p2a: Iron Valiant|94\/100 tox|[from] psn\n|upkeep\n|inactive|47HYENAS has 60 seconds left.\n|\n|t:|1699827577\n|switch|p1a: Lopunny|Lopunny, F|100\/100\n|turn|9\n|inactive|47HYENAS has 60 seconds left.\n|c|\u260647HYENAS|!weak Iron Valiant\n|c| 47HYENAS|\/raw <div class=\"infobox\">Iron Valiant (ignoring abilities):<br \/><span class=\"message-effect-weak\">Weaknesses<\/span>: Fairy, Flying, Poison, Psychic, Steel<br \/><span class=\"message-effect-resist\">Resistances<\/span>: <b>Bug<\/b>, <b>Dark<\/b>, Fighting, Rock<br \/><span class=\"message-effect-immune\">Immunities<\/span>: Dragon<\/div>\n|\n|t:|1699827601\n|detailschange|p1a: Lopunny|Lopunny-Mega, F\n|-mega|p1a: Lopunny|Lopunny|Lopunnite\n|move|p1a: Lopunny|Return|p2a: Iron Valiant\n|-damage|p2a: Iron Valiant|23\/100 tox\n|move|p2a: Iron Valiant|Aura Sphere|p1a: Lopunny\n|-supereffective|p1a: Lopunny\n|-damage|p1a: Lopunny|0 fnt\n|faint|p1a: Lopunny\n|\n|-damage|p2a: Iron Valiant|11\/100 tox|[from] psn\n|upkeep\n|\n|t:|1699827614\n|switch|p1a: Serperior|Serperior, M|100\/100\n|turn|10\n|\n|t:|1699827620\n|move|p2a: Iron Valiant|Aura Sphere|p1a: Serperior\n|-damage|p1a: Serperior|26\/100\n|move|p1a: Serperior|Leaf Storm|p2a: Iron Valiant\n|-damage|p2a: Iron Valiant|0 fnt\n|-boost|p1a: Serperior|spa|2\n|faint|p2a: Iron Valiant\n|-end|p2a: Iron Valiant|Quark Drive|[silent]\n|\n|upkeep\n|inactive|Brick_Enjoyer_144 has 120 seconds left.\n|\n|t:|1699827654\n|switch|p2a: Urshifu|Urshifu-Rapid-Strike, F|100\/100\n|-status|p2a: Urshifu|tox\n|turn|11\n|inactive|Brick_Enjoyer_144 has 120 seconds left.\n|\n|t:|1699827665\n|-terastallize|p2a: Urshifu|Fighting\n|move|p1a: Serperior|Giga Drain|p2a: Urshifu\n|-damage|p2a: Urshifu|32\/100 tox\n|-heal|p1a: Serperior|66\/100|[from] drain|[of] p2a: Urshifu\n|move|p2a: Urshifu|Close Combat|p1a: Serperior\n|-damage|p1a: Serperior|0 fnt\n|-unboost|p2a: Urshifu|def|1\n|-unboost|p2a: Urshifu|spd|1\n|faint|p1a: Serperior\n|\n|-damage|p2a: Urshifu|25\/100 tox|[from] psn\n|upkeep\n|\n|t:|1699827678\n|switch|p1a: Obstagoon|Obstagoon, F|100\/100\n|turn|12\n|\n|t:|1699827685\n|-terastallize|p1a: Obstagoon|Fairy\n|move|p1a: Obstagoon|Obstruct|p1a: Obstagoon\n|-singleturn|p1a: Obstagoon|Protect\n|move|p2a: Urshifu|Close Combat|p1a: Obstagoon\n|-resisted|p1a: Obstagoon\n|-damage|p1a: Obstagoon|59\/100\n|-unboost|p2a: Urshifu|def|1\n|-unboost|p2a: Urshifu|spd|1\n|\n|-damage|p2a: Urshifu|13\/100 tox|[from] psn\n|-status|p1a: Obstagoon|brn|[from] item: Flame Orb\n|upkeep\n|turn|13\n|\n|t:|1699827700\n|move|p2a: Urshifu|Surging Strikes|p1a: Obstagoon\n|-crit|p1a: Obstagoon\n|-damage|p1a: Obstagoon|36\/100 brn\n|-crit|p1a: Obstagoon\n|-damage|p1a: Obstagoon|17\/100 brn\n|-crit|p1a: Obstagoon\n|-damage|p1a: Obstagoon|0 fnt\n|faint|p1a: Obstagoon\n|-hitcount|p1: Obstagoon|3\n|\n|-damage|p2a: Urshifu|0 fnt|[from] psn\n|faint|p2a: Urshifu\n|upkeep\n|\n|t:|1699827709\n|switch|p2a: Maushold|Maushold|100\/100\n|switch|p1a: Haxorus|Haxorus, M|100\/100\n|-status|p2a: Maushold|tox\n|-ability|p1a: Haxorus|Mold Breaker\n|turn|14\n|\n|t:|1699827718\n|move|p2a: Maushold|Population Bomb|p1a: Haxorus\n|-damage|p1a: Haxorus|87\/100\n|-damage|p1a: Haxorus|73\/100\n|-damage|p1a: Haxorus|58\/100\n|-damage|p1a: Haxorus|44\/100\n|-damage|p1a: Haxorus|30\/100\n|-damage|p1a: Haxorus|17\/100\n|-damage|p1a: Haxorus|1\/100\n|-hitcount|p1a: Haxorus|7\n|move|p1a: Haxorus|Brick Break|p2a: Maushold\n|-supereffective|p2a: Maushold\n|-damage|p2a: Maushold|0 fnt\n|faint|p2a: Maushold\n|\n|upkeep\n|\n|t:|1699827734\n|switch|p2a: Hydreigon|Hydreigon, F|100\/100\n|turn|15\n|\n|t:|1699827741\n|move|p2a: Hydreigon|Draco Meteor|p1a: Haxorus\n|-supereffective|p1a: Haxorus\n|-damage|p1a: Haxorus|0 fnt\n|-unboost|p2a: Hydreigon|spa|2\n|faint|p1a: Haxorus\n|\n|win|Brick_Enjoyer_144\n|raw|47HYENAS's rating: 1089 &rarr; <strong>1067<\/strong><br \/>(-22 for losing)\n|raw|Brick_Enjoyer_144's rating: 1104 &rarr; <strong>1128<\/strong><br \/>(+24 for winning)\n|l|\u260647HYENAS\n","uploadtime":1699827750,"views":5,"p1id":"47hyenas","p2id":"brickenjoyer144","formatid":"gen9nationaldex","rating":1067,"private":0,"password":""}