{"id":"gen9nationaldex-1999466167","p1":"ikun321","p2":"CappyPulpy","format":"[Gen 9] National Dex","log":"|html|<div class=\"broadcast-blue\"><strong>[Gen 9] National Dex is currently suspecting Sneasler! For information on how to participate check out the <a href=\"https:\/\/www.smogon.com\/forums\/threads\/sv-national-dex-suspect-8-just-dance.3731534\/\">suspect thread<\/a>.<\/strong><\/div>\n|j|\u2606ikun321\n|j|\u2606CappyPulpy\n|t:|1701084857\n|gametype|singles\n|player|p1|ikun321|2|1467\n|player|p2|CappyPulpy|102|1531\n|teamsize|p1|6\n|teamsize|p2|6\n|gen|9\n|tier|[Gen 9] National Dex\n|rated|\n|rule|HP Percentage Mod: HP is shown in percentages\n|rule|Endless Battle Clause: Forcing endless battles is banned\n|rule|OHKO Clause: OHKO moves are banned\n|rule|Evasion Clause: Evasion abilities, items, and moves are banned\n|rule|Evasion Abilities Clause: Evasion abilities are banned\n|rule|Evasion Items Clause: Evasion items are banned\n|rule|Evasion Moves Clause: Evasion moves are banned\n|rule|Species Clause: Limit one of each Pok\u00e9mon\n|rule|Sleep Clause Mod: Limit one foe put to sleep\n|clearpoke\n|poke|p1|Corviknight, M|\n|poke|p1|Banette, M|\n|poke|p1|Rillaboom, F|\n|poke|p1|Slowking-Galar, F|\n|poke|p1|Garganacl, M|\n|poke|p1|Great Tusk|\n|poke|p2|Mawile, F|\n|poke|p2|Hatterene, F|\n|poke|p2|Weavile, M|\n|poke|p2|Rotom-Wash|\n|poke|p2|Garganacl, M|\n|poke|p2|Zapdos|\n|teampreview\n|inactive|Battle timer is ON: inactive players will automatically lose when time's up. (requested by ikun321)\n|\n|t:|1701084880\n|start\n|switch|p1a: Rillaboom|Rillaboom, F|100\/100\n|switch|p2a: Mawile|Mawile, F|100\/100\n|-fieldstart|move: Grassy Terrain|[from] ability: Grassy Surge|[of] p1a: Rillaboom\n|-ability|p2a: Mawile|Intimidate|boost\n|-unboost|p1a: Rillaboom|atk|1\n|turn|1\n|\n|t:|1701084888\n|detailschange|p2a: Mawile|Mawile-Mega, F\n|-mega|p2a: Mawile|Mawile|Mawilite\n|move|p1a: Rillaboom|U-turn|p2a: Mawile\n|-resisted|p2a: Mawile\n|-damage|p2a: Mawile|94\/100\n|\n|t:|1701084893\n|switch|p1a: Corviknight|Corviknight, M|100\/100|[from] U-turn\n|-ability|p1a: Corviknight|Pressure\n|move|p2a: Mawile|Play Rough|p1a: Corviknight\n|-resisted|p1a: Corviknight\n|-damage|p1a: Corviknight|73\/100\n|\n|-heal|p2a: Mawile|99\/100|[from] Grassy Terrain\n|upkeep\n|turn|2\n|\n|t:|1701084902\n|move|p1a: Corviknight|Body Press|p2a: Mawile\n|-damage|p2a: Mawile|73\/100\n|move|p2a: Mawile|Thunder Punch|p1a: Corviknight\n|-supereffective|p1a: Corviknight\n|-damage|p1a: Corviknight|14\/100\n|\n|-heal|p2a: Mawile|79\/100|[from] Grassy Terrain\n|upkeep\n|turn|3\n|\n|t:|1701084908\n|move|p1a: Corviknight|Roost|p1a: Corviknight\n|-heal|p1a: Corviknight|64\/100\n|-singleturn|p1a: Corviknight|move: Roost\n|move|p2a: Mawile|Play Rough|p1a: Corviknight\n|-resisted|p1a: Corviknight\n|-damage|p1a: Corviknight|38\/100\n|\n|-heal|p1a: Corviknight|44\/100|[from] Grassy Terrain\n|-heal|p2a: Mawile|85\/100|[from] Grassy Terrain\n|upkeep\n|turn|4\n|\n|t:|1701084915\n|move|p1a: Corviknight|Roost|p1a: Corviknight\n|-heal|p1a: Corviknight|94\/100\n|-singleturn|p1a: Corviknight|move: Roost\n|move|p2a: Mawile|Thunder Punch|p1a: Corviknight\n|-damage|p1a: Corviknight|66\/100\n|\n|-heal|p1a: Corviknight|72\/100|[from] Grassy Terrain\n|-heal|p2a: Mawile|91\/100|[from] Grassy Terrain\n|upkeep\n|turn|5\n|\n|t:|1701084921\n|move|p1a: Corviknight|Iron Defense|p1a: Corviknight\n|-boost|p1a: Corviknight|def|2\n|move|p2a: Mawile|Brick Break|p1a: Corviknight\n|-damage|p1a: Corviknight|58\/100\n|\n|-heal|p2a: Mawile|98\/100|[from] Grassy Terrain\n|-fieldend|move: Grassy Terrain\n|upkeep\n|turn|6\n|\n|t:|1701084925\n|switch|p2a: Zapdos|Zapdos|100\/100\n|move|p1a: Corviknight|Roost|p1a: Corviknight\n|-heal|p1a: Corviknight|100\/100\n|-singleturn|p1a: Corviknight|move: Roost\n|\n|upkeep\n|turn|7\n|\n|t:|1701084935\n|switch|p1a: Garganacl|Garganacl, M|100\/100\n|move|p2a: Zapdos|Heat Wave|p1a: Garganacl\n|-resisted|p1a: Garganacl\n|-damage|p1a: Garganacl|91\/100\n|\n|-heal|p1a: Garganacl|97\/100|[from] item: Leftovers\n|upkeep\n|turn|8\n|\n|t:|1701084951\n|move|p2a: Zapdos|Volt Switch|p1a: Garganacl\n|-damage|p1a: Garganacl|77\/100\n|\n|t:|1701084954\n|switch|p2a: Garganacl|Garganacl, M|100\/100|[from] Volt Switch\n|move|p1a: Garganacl|Stealth Rock|p2a: Garganacl\n|-sidestart|p2: CappyPulpy|move: Stealth Rock\n|\n|-heal|p1a: Garganacl|83\/100|[from] item: Leftovers\n|upkeep\n|turn|9\n|\n|t:|1701084962\n|move|p1a: Garganacl|Protect|p1a: Garganacl\n|-singleturn|p1a: Garganacl|Protect\n|move|p2a: Garganacl|Stealth Rock|p1a: Garganacl\n|-sidestart|p1: ikun321|move: Stealth Rock\n|\n|-heal|p1a: Garganacl|89\/100|[from] item: Leftovers\n|upkeep\n|turn|10\n|\n|t:|1701084968\n|move|p1a: Garganacl|Salt Cure|p2a: Garganacl\n|-damage|p2a: Garganacl|91\/100\n|-start|p2a: Garganacl|Salt Cure\n|move|p2a: Garganacl|Salt Cure|p1a: Garganacl\n|-damage|p1a: Garganacl|80\/100\n|-start|p1a: Garganacl|Salt Cure\n|\n|-heal|p2a: Garganacl|97\/100|[from] item: Leftovers\n|-heal|p1a: Garganacl|86\/100|[from] item: Leftovers\n|-damage|p2a: Garganacl|85\/100|[from] Salt Cure\n|-damage|p1a: Garganacl|74\/100|[from] Salt Cure\n|upkeep\n|turn|11\n|\n|t:|1701084971\n|switch|p1a: Corviknight|Corviknight, M|100\/100\n|-damage|p1a: Corviknight|88\/100|[from] Stealth Rock\n|-ability|p1a: Corviknight|Pressure\n|switch|p2a: Mawile|Mawile-Mega, F|98\/100\n|-damage|p2a: Mawile|91\/100|[from] Stealth Rock\n|\n|upkeep\n|turn|12\n|\n|t:|1701084981\n|move|p1a: Corviknight|Iron Defense|p1a: Corviknight\n|-boost|p1a: Corviknight|def|2\n|move|p2a: Mawile|Thunder Punch|p1a: Corviknight\n|-supereffective|p1a: Corviknight\n|-damage|p1a: Corviknight|57\/100\n|\n|upkeep\n|turn|13\n|\n|t:|1701084992\n|switch|p2a: Garganacl|Garganacl, M|85\/100\n|-damage|p2a: Garganacl|72\/100|[from] Stealth Rock\n|move|p1a: Corviknight|Roost|p1a: Corviknight\n|-heal|p1a: Corviknight|100\/100\n|-singleturn|p1a: Corviknight|move: Roost\n|\n|-heal|p2a: Garganacl|78\/100|[from] item: Leftovers\n|upkeep\n|turn|14\n|\n|t:|1701084995\n|move|p1a: Corviknight|Body Press|p2a: Garganacl\n|-supereffective|p2a: Garganacl\n|-damage|p2a: Garganacl|13\/100\n|move|p2a: Garganacl|Salt Cure|p1a: Corviknight\n|-damage|p1a: Corviknight|96\/100\n|\n|-heal|p2a: Garganacl|19\/100|[from] item: Leftovers\n|upkeep\n|turn|15\n|\n|t:|1701085002\n|switch|p2a: Zapdos|Zapdos|100\/100\n|-damage|p2a: Zapdos|76\/100|[from] Stealth Rock\n|move|p1a: Corviknight|Body Press|p2a: Zapdos\n|-resisted|p2a: Zapdos\n|-damage|p2a: Zapdos|48\/100\n|\n|upkeep\n|turn|16\n|\n|t:|1701085024\n|switch|p1a: Garganacl|Garganacl, M|74\/100\n|-damage|p1a: Garganacl|61\/100|[from] Stealth Rock\n|move|p2a: Zapdos|Roost|p2a: Zapdos\n|-heal|p2a: Zapdos|98\/100\n|-singleturn|p2a: Zapdos|move: Roost\n|\n|-heal|p1a: Garganacl|67\/100|[from] item: Leftovers\n|upkeep\n|turn|17\n|\n|t:|1701085033\n|move|p1a: Garganacl|Protect|p1a: Garganacl\n|-singleturn|p1a: Garganacl|Protect\n|move|p2a: Zapdos|Volt Switch|p1a: Garganacl\n|-activate|p1a: Garganacl|move: Protect\n|\n|-heal|p1a: Garganacl|74\/100|[from] item: Leftovers\n|upkeep\n|turn|18\n|\n|t:|1701085036\n|move|p2a: Zapdos|Hurricane|p1a: Garganacl|[miss]\n|-miss|p2a: Zapdos|p1a: Garganacl\n|move|p1a: Garganacl|Salt Cure|p2a: Zapdos\n|-supereffective|p2a: Zapdos\n|-damage|p2a: Zapdos|64\/100\n|-start|p2a: Zapdos|Salt Cure\n|\n|-heal|p1a: Garganacl|80\/100|[from] item: Leftovers\n|-damage|p2a: Zapdos|52\/100|[from] Salt Cure\n|upkeep\n|turn|19\n|\n|t:|1701085041\n|switch|p1a: Great Tusk|Great Tusk|100\/100\n|-damage|p1a: Great Tusk|98\/100|[from] Stealth Rock\n|move|p2a: Zapdos|Volt Switch|p1a: Great Tusk\n|-immune|p1a: Great Tusk\n|\n|-damage|p2a: Zapdos|40\/100|[from] Salt Cure\n|upkeep\n|turn|20\n|\n|t:|1701085053\n|move|p2a: Zapdos|Roost|p2a: Zapdos\n|-heal|p2a: Zapdos|90\/100\n|-singleturn|p2a: Zapdos|move: Roost\n|-zpower|p1a: Great Tusk\n|move|p1a: Great Tusk|Continental Crush|p2a: Zapdos|[zeffect]\n|-damage|p2a: Zapdos|17\/100\n|\n|-damage|p2a: Zapdos|4\/100|[from] Salt Cure\n|upkeep\n|turn|21\n|\n|t:|1701085065\n|-zpower|p2a: Zapdos\n|move|p2a: Zapdos|Supersonic Skystrike|p1a: Great Tusk|[zeffect]\n|-supereffective|p1a: Great Tusk\n|-damage|p1a: Great Tusk|0 fnt\n|faint|p1a: Great Tusk\n|-end|p1a: Great Tusk|Protosynthesis|[silent]\n|\n|-damage|p2a: Zapdos|0 fnt|[from] Salt Cure\n|faint|p2a: Zapdos\n|upkeep\n|\n|t:|1701085075\n|switch|p2a: Mawile|Mawile-Mega, F|91\/100\n|switch|p1a: Banette|Banette, M|100\/100\n|-damage|p1a: Banette|88\/100|[from] Stealth Rock\n|-item|p2a: Mawile|Mawilite|[from] ability: Frisk|[of] p1a: Banette|[identify]\n|-damage|p2a: Mawile|85\/100|[from] Stealth Rock\n|turn|22\n|\n|t:|1701085082\n|detailschange|p1a: Banette|Banette-Mega, M\n|-mega|p1a: Banette|Banette|Banettite\n|move|p1a: Banette|Destiny Bond|p1a: Banette\n|-singlemove|p1a: Banette|Destiny Bond\n|move|p2a: Mawile|Play Rough|p1a: Banette\n|-damage|p1a: Banette|0 fnt\n|faint|p1a: Banette\n|-activate|p1a: Banette|move: Destiny Bond\n|faint|p2a: Mawile\n|\n|upkeep\n|\n|t:|1701085088\n|switch|p1a: Rillaboom|Rillaboom, F|100\/100\n|switch|p2a: Garganacl|Garganacl, M|19\/100\n|-damage|p1a: Rillaboom|88\/100|[from] Stealth Rock\n|-fieldstart|move: Grassy Terrain|[from] ability: Grassy Surge|[of] p1a: Rillaboom\n|-damage|p2a: Garganacl|6\/100|[from] Stealth Rock\n|turn|23\n|-message|CappyPulpy forfeited.\n|\n|win|ikun321\n|raw|ikun321's rating: 1467 &rarr; <strong>1491<\/strong><br \/>(+24 for winning)\n|raw|CappyPulpy's rating: 1531 &rarr; <strong>1507<\/strong><br \/>(-24 for losing)\n|l|\u2606CappyPulpy\n","uploadtime":1701085095,"views":8,"p1id":"ikun321","p2id":"cappypulpy","formatid":"gen9nationaldex","rating":1491,"private":0,"password":""}