{"id":"gen9nationaldex-1997045334","p1":"Cristian7gg","p2":"Void280","format":"[Gen 9] National Dex","log":"|html|<div class=\"broadcast-blue\"><strong>[Gen 9] National Dex is currently suspecting Sneasler! For information on how to participate check out the <a href=\"https:\/\/www.smogon.com\/forums\/threads\/sv-national-dex-suspect-8-just-dance.3731534\/\">suspect thread<\/a>.<\/strong><\/div>\n|j|\u2606Cristian7gg\n|j|\u2606Void280\n|t:|1700758990\n|gametype|singles\n|player|p1|Cristian7gg|lucas-gen4pt|\n|player|p2|Void280|hilbert|\n|teamsize|p1|6\n|teamsize|p2|6\n|gen|9\n|tier|[Gen 9] National Dex\n|rule|HP Percentage Mod: HP is shown in percentages\n|rule|Endless Battle Clause: Forcing endless battles is banned\n|rule|OHKO Clause: OHKO moves are banned\n|rule|Evasion Clause: Evasion abilities, items, and moves are banned\n|rule|Evasion Abilities Clause: Evasion abilities are banned\n|rule|Evasion Items Clause: Evasion items are banned\n|rule|Evasion Moves Clause: Evasion moves are banned\n|rule|Species Clause: Limit one of each Pok\u00e9mon\n|rule|Sleep Clause Mod: Limit one foe put to sleep\n|clearpoke\n|poke|p1|Tapu Koko|\n|poke|p1|Raichu-Alola, M|\n|poke|p1|Charizard, F|\n|poke|p1|Gliscor, F|\n|poke|p1|Aegislash, F|\n|poke|p1|Dragonite, F|\n|poke|p2|Great Tusk|\n|poke|p2|Urshifu-*, M|\n|poke|p2|Lopunny, F|\n|poke|p2|Iron Valiant|\n|poke|p2|Lucario, F|\n|poke|p2|Klefki, M|\n|teampreview\n|c|\u2606Void280|Buena suerte\n|j| Gamer00ooO\n|c| Gamer00ooO|Hola\n|j| Sylveon(404)\n|c|\u2606Cristian7gg|Ta raro el monotipe\n|c| Sylveon(404)|maxi\n|\n|t:|1700759083\n|start\n|switch|p1a: Papu :vvvvxdddd|Tapu Koko, shiny|100\/100\n|switch|p2a: Kilo|Great Tusk|100\/100\n|-fieldstart|move: Electric Terrain|[from] ability: Electric Surge|[of] p1a: Papu :vvvvxdddd\n|turn|1\n|c| Sylveon(404)|gana tu primer combate de lider\n|c|\u2606Cristian7gg|Que le haga 6-9\n|c| Sylveon(404)|XXD\n|\n|t:|1700759124\n|move|p2a: Kilo|Headlong Rush|p1a: Papu :vvvvxdddd\n|-supereffective|p1a: Papu :vvvvxdddd\n|-damage|p1a: Papu :vvvvxdddd|0 fnt\n|-unboost|p2a: Kilo|def|1\n|-unboost|p2a: Kilo|spd|1\n|faint|p1a: Papu :vvvvxdddd\n|\n|upkeep\n|\n|t:|1700759133\n|switch|p1a: Raichu|Raichu-Alola, M|100\/100\n|turn|2\n|\n|t:|1700759136\n|move|p1a: Raichu|Psychic|p2a: Kilo\n|-supereffective|p2a: Kilo\n|-damage|p2a: Kilo|0 fnt\n|faint|p2a: Kilo\n|-end|p2a: Kilo|Protosynthesis|[silent]\n|\n|upkeep\n|\n|t:|1700759144\n|switch|p2a: Lopus|Lopunny, F|100\/100\n|turn|3\n|\n|t:|1700759147\n|detailschange|p2a: Lopus|Lopunny-Mega, F\n|-mega|p2a: Lopus|Lopunny|Lopunnite\n|move|p2a: Lopus|Fake Out|p1a: Raichu\n|-damage|p1a: Raichu|51\/100\n|cant|p1a: Raichu|flinch\n|\n|upkeep\n|turn|4\n|\n|t:|1700759153\n|switch|p2a: \"Lock & Key\"|Klefki, M, shiny|100\/100\n|move|p1a: Raichu|Rising Voltage|p2a: \"Lock & Key\"\n|-hint|Rising Voltage's BP doubled on grounded target.\n|-damage|p2a: \"Lock & Key\"|17\/100\n|\n|upkeep\n|turn|5\n|\n|t:|1700759164\n|move|p2a: \"Lock & Key\"|Reflect|p2a: \"Lock & Key\"\n|-sidestart|p2: Void280|Reflect\n|move|p1a: Raichu|Rising Voltage|p2a: \"Lock & Key\"\n|-hint|Rising Voltage's BP doubled on grounded target.\n|-damage|p2a: \"Lock & Key\"|0 fnt\n|faint|p2a: \"Lock & Key\"\n|\n|upkeep\n|c|\u2606Cristian7gg|Reflejo\n|\n|t:|1700759172\n|switch|p2a: Lopus|Lopunny-Mega, F|100\/100\n|turn|6\n|c|\u2606Cristian7gg|Why\n|\n|t:|1700759175\n|move|p2a: Lopus|Fake Out|p1a: Raichu\n|-damage|p1a: Raichu|5\/100\n|cant|p1a: Raichu|flinch\n|\n|upkeep\n|turn|7\n|\n|t:|1700759193\n|switch|p2a: Lucario|Lucario, F|100\/100\n|move|p1a: Raichu|Rising Voltage|p2a: Lucario\n|-hint|Rising Voltage's BP doubled on grounded target.\n|-enditem|p2a: Lucario|Focus Sash\n|-damage|p2a: Lucario|1\/100\n|\n|upkeep\n|turn|8\n|\n|t:|1700759200\n|switch|p1a: Pedro|Gliscor, F|100\/100\n|move|p2a: Lucario|Extreme Speed|p1a: Pedro\n|-damage|p1a: Pedro|86\/100\n|\n|-fieldend|move: Electric Terrain\n|-status|p1a: Pedro|tox|[from] item: Toxic Orb\n|upkeep\n|turn|9\n|c| Gamer00ooO|Buen monotype max\n|\n|t:|1700759220\n|switch|p2a: Lopus|Lopunny-Mega, F|100\/100\n|move|p1a: Pedro|Knock Off|p2a: Lopus\n|-resisted|p2a: Lopus\n|-damage|p2a: Lopus|96\/100\n|\n|-heal|p1a: Pedro|99\/100 tox|[from] ability: Poison Heal\n|upkeep\n|turn|10\n|\n|t:|1700759229\n|switch|p1a: Alexis|Aegislash, F, shiny|100\/100\n|move|p2a: Lopus|Triple Axel|p1a: Alexis\n|-resisted|p1a: Alexis\n|-damage|p1a: Alexis|98\/100\n|-resisted|p1a: Alexis\n|-damage|p1a: Alexis|92\/100\n|-resisted|p1a: Alexis\n|-damage|p1a: Alexis|84\/100\n|-hitcount|p1a: Alexis|3\n|\n|-heal|p1a: Alexis|90\/100|[from] item: Leftovers\n|upkeep\n|turn|11\n|l| Gamer00ooO\n|j| Gamer00ooO\n|\n|t:|1700759251\n|switch|p2a: Cyber Ange|Iron Valiant|100\/100\n|-enditem|p2a: Cyber Ange|Booster Energy\n|-activate|p2a: Cyber Ange|ability: Quark Drive|[fromitem]\n|-start|p2a: Cyber Ange|quarkdrivespe\n|move|p1a: Alexis|King's Shield||[still]\n|-fail|p1a: Alexis\n|\n|-heal|p1a: Alexis|96\/100|[from] item: Leftovers\n|upkeep\n|turn|12\n|c|\u2606Cristian7gg|Bueno\n|\n|t:|1700759268\n|move|p2a: Cyber Ange|Calm Mind|p2a: Cyber Ange\n|-boost|p2a: Cyber Ange|spa|1\n|-boost|p2a: Cyber Ange|spd|1\n|-formechange|p1a: Alexis|Aegislash-Blade||[from] ability: Stance Change\n|move|p1a: Alexis|Iron Head|p2a: Cyber Ange\n|-supereffective|p2a: Cyber Ange\n|-damage|p2a: Cyber Ange|38\/100\n|\n|-heal|p1a: Alexis|100\/100|[from] item: Leftovers\n|-sideend|p2: Void280|Reflect\n|upkeep\n|turn|13\n|\n|t:|1700759308\n|switch|p1a: Raichu|Raichu-Alola, M|5\/100\n|move|p2a: Cyber Ange|Thunderbolt|p1a: Raichu\n|-resisted|p1a: Raichu\n|-damage|p1a: Raichu|0 fnt\n|faint|p1a: Raichu\n|\n|upkeep\n|c|\u2606Cristian7gg|Joder que ganas de hacerle velocidad x\n|\n|t:|1700759317\n|switch|p1a: Daniel|Dragonite, F|100\/100\n|turn|14\n|\n|t:|1700759321\n|-terastallize|p1a: Daniel|Normal\n|move|p1a: Daniel|Extreme Speed|p2a: Cyber Ange\n|-damage|p2a: Cyber Ange|0 fnt\n|faint|p2a: Cyber Ange\n|-end|p2a: Cyber Ange|Quark Drive|[silent]\n|\n|upkeep\n|\n|t:|1700759328\n|switch|p2a: First Time v2|Urshifu-Rapid-Strike, M|100\/100\n|turn|15\n|\n|t:|1700759333\n|switch|p1a: Pedro|Gliscor, F|99\/100 tox\n|move|p2a: First Time v2|Surging Strikes|p1a: Pedro\n|-supereffective|p1a: Pedro\n|-crit|p1a: Pedro\n|-damage|p1a: Pedro|73\/100 tox\n|-supereffective|p1a: Pedro\n|-crit|p1a: Pedro\n|-damage|p1a: Pedro|45\/100 tox\n|-supereffective|p1a: Pedro\n|-crit|p1a: Pedro\n|-damage|p1a: Pedro|16\/100 tox\n|-hitcount|p1a: Pedro|3\n|\n|-heal|p1a: Pedro|28\/100 tox|[from] ability: Poison Heal\n|upkeep\n|turn|16\n|\n|t:|1700759345\n|move|p2a: First Time v2|Surging Strikes|p1a: Pedro\n|-supereffective|p1a: Pedro\n|-crit|p1a: Pedro\n|-damage|p1a: Pedro|1\/100 tox\n|-supereffective|p1a: Pedro\n|-crit|p1a: Pedro\n|-damage|p1a: Pedro|0 fnt\n|faint|p1a: Pedro\n|-hitcount|p1: Pedro|2\n|\n|upkeep\n|\n|t:|1700759348\n|switch|p1a: Salamander|Charizard, F|100\/100\n|turn|17\n|\n|t:|1700759353\n|detailschange|p1a: Salamander|Charizard-Mega-Y, F\n|-mega|p1a: Salamander|Charizard|Charizardite Y\n|-weather|SunnyDay|[from] ability: Drought|[of] p1a: Salamander\n|move|p2a: First Time v2|Surging Strikes|p1a: Salamander\n|-supereffective|p1a: Salamander\n|-crit|p1a: Salamander\n|-damage|p1a: Salamander|72\/100\n|-supereffective|p1a: Salamander\n|-crit|p1a: Salamander\n|-damage|p1a: Salamander|43\/100\n|-supereffective|p1a: Salamander\n|-crit|p1a: Salamander\n|-damage|p1a: Salamander|18\/100\n|-hitcount|p1a: Salamander|3\n|move|p1a: Salamander|Solar Beam||[still]\n|-prepare|p1a: Salamander|Solar Beam\n|-anim|p1a: Salamander|Solar Beam|p2a: First Time v2\n|-supereffective|p2a: First Time v2\n|-damage|p2a: First Time v2|0 fnt\n|faint|p2a: First Time v2\n|\n|-weather|SunnyDay|[upkeep]\n|upkeep\n|\n|t:|1700759368\n|switch|p2a: Lopus|Lopunny-Mega, F|96\/100\n|turn|18\n|\n|t:|1700759373\n|move|p2a: Lopus|Close Combat|p1a: Salamander\n|-resisted|p1a: Salamander\n|-damage|p1a: Salamander|0 fnt\n|-unboost|p2a: Lopus|def|1\n|-unboost|p2a: Lopus|spd|1\n|faint|p1a: Salamander\n|\n|-weather|SunnyDay|[upkeep]\n|upkeep\n|\n|t:|1700759375\n|switch|p1a: Daniel|Dragonite, F, tera:Normal|100\/100\n|turn|19\n|c|\u2606Cristian7gg|Yareyarendaze\n|\n|t:|1700759393\n|switch|p2a: Lucario|Lucario, F|1\/100\n|move|p1a: Daniel|Dragon Claw|p2a: Lucario\n|-resisted|p2a: Lucario\n|-damage|p2a: Lucario|0 fnt\n|faint|p2a: Lucario\n|\n|-weather|SunnyDay|[upkeep]\n|upkeep\n|\n|t:|1700759400\n|switch|p2a: Lopus|Lopunny-Mega, F|96\/100\n|turn|20\n|\n|t:|1700759404\n|switch|p1a: Alexis|Aegislash, F, shiny|100\/100\n|move|p2a: Lopus|Close Combat|p1a: Alexis\n|-supereffective|p1a: Alexis\n|-damage|p1a: Alexis|0 fnt\n|-unboost|p2a: Lopus|def|1\n|-unboost|p2a: Lopus|spd|1\n|faint|p1a: Alexis\n|\n|-weather|SunnyDay|[upkeep]\n|upkeep\n|\n|t:|1700759406\n|switch|p1a: Daniel|Dragonite, F, tera:Normal|100\/100\n|turn|21\n|c| Sylveon(404)|nada\n|c| Sylveon(404)|GG\n|c|\u2606Cristian7gg|Te voy a presumir\n|\n|t:|1700759420\n|move|p2a: Lopus|Close Combat|p1a: Daniel\n|-supereffective|p1a: Daniel\n|-damage|p1a: Daniel|37\/100\n|-unboost|p2a: Lopus|def|1\n|-unboost|p2a: Lopus|spd|1\n|-enditem|p1a: Daniel|Weakness Policy\n|-boost|p1a: Daniel|atk|2|[from] item: Weakness Policy\n|-boost|p1a: Daniel|spa|2|[from] item: Weakness Policy\n|move|p1a: Daniel|Dragon Dance|p1a: Daniel\n|-boost|p1a: Daniel|atk|1\n|-boost|p1a: Daniel|spe|1\n|\n|-weather|none\n|upkeep\n|turn|22\n|c| Gamer00ooO|Gg\n|\n|t:|1700759432\n|move|p1a: Daniel|Extreme Speed|p2a: Lopus\n|-damage|p2a: Lopus|0 fnt\n|faint|p2a: Lopus\n|\n|win|Cristian7gg\n|c|\u2606Cristian7gg|Gg\n|c|\u2606Void280|gg\n|l| Sylveon(404)\n","uploadtime":1700759439,"views":2,"p1id":"cristian7gg","p2id":"void280","formatid":"gen9nationaldex","rating":0,"private":0,"password":""}