{"id":"gen9nationaldex-1992753952","p1":"deskjet687","p2":"testing a funni3","format":"[Gen 9] National Dex","log":"|j|\u2606deskjet687\n|j|\u2606testing a funni3\n|t:|1700232385\n|gametype|singles\n|player|p1|deskjet687|266|1574\n|player|p2|testing a funni3|unknownf|1507\n|teamsize|p1|6\n|teamsize|p2|6\n|gen|9\n|tier|[Gen 9] National Dex\n|rated|\n|rule|HP Percentage Mod: HP is shown in percentages\n|rule|Endless Battle Clause: Forcing endless battles is banned\n|rule|OHKO Clause: OHKO moves are banned\n|rule|Evasion Clause: Evasion abilities, items, and moves are banned\n|rule|Evasion Abilities Clause: Evasion abilities are banned\n|rule|Evasion Items Clause: Evasion items are banned\n|rule|Evasion Moves Clause: Evasion moves are banned\n|rule|Species Clause: Limit one of each Pok\u00e9mon\n|rule|Sleep Clause Mod: Limit one foe put to sleep\n|clearpoke\n|poke|p1|Samurott-Hisui, M|\n|poke|p1|Clodsire, F|\n|poke|p1|Moltres|\n|poke|p1|Banette, F|\n|poke|p1|Alomomola, M|\n|poke|p1|Chansey, F|\n|poke|p2|Latios, M|\n|poke|p2|Buzzwole|\n|poke|p2|Gliscor, F|\n|poke|p2|Weavile, M|\n|poke|p2|Heatran, M|\n|poke|p2|Ogerpon-Wellspring, F|\n|teampreview\n|\n|t:|1700232430\n|start\n|switch|p1a: Samurott|Samurott-Hisui, M|100\/100\n|switch|p2a: Ogerpon|Ogerpon-Wellspring, F|100\/100\n|turn|1\n|inactive|Battle timer is ON: inactive players will automatically lose when time's up. (requested by deskjet687)\n|\n|t:|1700232446\n|switch|p1a: Banette|Banette, F|100\/100\n|-item|p2a: Ogerpon|Wellspring Mask|[from] ability: Frisk|[of] p1a: Banette|[identify]\n|move|p2a: Ogerpon|Power Whip|p1a: Banette|[miss]\n|-miss|p2a: Ogerpon|p1a: Banette\n|\n|upkeep\n|turn|2\n|\n|t:|1700232454\n|switch|p2a: Weavile|Weavile, M|100\/100\n|-ability|p2a: Weavile|Pressure\n|detailschange|p1a: Banette|Banette-Mega, F\n|-mega|p1a: Banette|Banette|Banettite\n|move|p1a: Banette|Infestation|p2a: Weavile\n|-supereffective|p2a: Weavile\n|-damage|p2a: Weavile|87\/100\n|-activate|p2a: Weavile|move: Infestation|[of] p1a: Banette\n|\n|-damage|p2a: Weavile|75\/100|[from] move: Infestation|[partiallytrapped]\n|upkeep\n|turn|3\n|\n|t:|1700232466\n|switch|p1a: Alomomola|Alomomola, M|100\/100\n|move|p2a: Weavile|Knock Off|p1a: Alomomola\n|-damage|p1a: Alomomola|64\/100\n|-enditem|p1a: Alomomola|Leftovers|[from] move: Knock Off|[of] p2a: Weavile\n|\n|-end|p2a: Weavile|Infestation|[partiallytrapped]|[silent]\n|upkeep\n|turn|4\n|\n|t:|1700232476\n|switch|p2a: Gliscor|Gliscor, F|100\/100\n|move|p1a: Alomomola|Wish|p1a: Alomomola\n|\n|-status|p2a: Gliscor|tox|[from] item: Toxic Orb\n|upkeep\n|turn|5\n|\n|t:|1700232491\n|move|p1a: Alomomola|Protect|p1a: Alomomola\n|-singleturn|p1a: Alomomola|Protect\n|move|p2a: Gliscor|Toxic|p1a: Alomomola\n|-activate|p1a: Alomomola|move: Protect\n|\n|-heal|p1a: Alomomola|100\/100|[from] move: Wish|[wisher] Alomomola\n|upkeep\n|turn|6\n|\n|t:|1700232499\n|move|p2a: Gliscor|Earthquake|p1a: Alomomola\n|-damage|p1a: Alomomola|84\/100\n|move|p1a: Alomomola|Flip Turn|p2a: Gliscor\n|-supereffective|p2a: Gliscor\n|-damage|p2a: Gliscor|76\/100 tox\n|\n|t:|1700232506\n|switch|p1a: Samurott|Samurott-Hisui, M|100\/100|[from] Flip Turn\n|\n|-heal|p2a: Gliscor|89\/100 tox|[from] ability: Poison Heal\n|upkeep\n|turn|7\n|\n|t:|1700232513\n|switch|p2a: Buzzwole|Buzzwole|100\/100\n|move|p1a: Samurott|Aqua Cutter|p2a: Buzzwole\n|-damage|p2a: Buzzwole|68\/100\n|\n|upkeep\n|turn|8\n|\n|t:|1700232529\n|switch|p1a: Clodsire|Clodsire, F|100\/100\n|switch|p2a: Ogerpon|Ogerpon-Wellspring, F|100\/100\n|\n|upkeep\n|turn|9\n|\n|t:|1700232543\n|move|p2a: Ogerpon|Ivy Cudgel|p1a: Clodsire|[anim] Ivy Cudgel Water\n|-supereffective|p1a: Clodsire\n|-damage|p1a: Clodsire|20\/100\n|move|p1a: Clodsire|Poison Jab|p2a: Ogerpon\n|-supereffective|p2a: Ogerpon\n|-damage|p2a: Ogerpon|45\/100\n|\n|-heal|p1a: Clodsire|26\/100|[from] item: Leftovers\n|upkeep\n|turn|10\n|\n|t:|1700232556\n|switch|p1a: Banette|Banette-Mega, F|100\/100\n|move|p2a: Ogerpon|Ivy Cudgel|p1a: Banette|[anim] Ivy Cudgel Water\n|-damage|p1a: Banette|28\/100\n|\n|upkeep\n|turn|11\n|\n|t:|1700232564\n|switch|p2a: Gliscor|Gliscor, F|89\/100 tox\n|move|p1a: Banette|Destiny Bond|p1a: Banette\n|-singlemove|p1a: Banette|Destiny Bond\n|\n|-heal|p2a: Gliscor|100\/100 tox|[from] ability: Poison Heal\n|upkeep\n|turn|12\n|\n|t:|1700232574\n|switch|p1a: Alomomola|Alomomola, M|100\/100\n|move|p2a: Gliscor|Toxic|p1a: Alomomola\n|-status|p1a: Alomomola|tox\n|\n|-damage|p1a: Alomomola|94\/100 tox|[from] psn\n|upkeep\n|turn|13\n|\n|t:|1700232584\n|switch|p2a: Ogerpon|Ogerpon-Wellspring, F|45\/100\n|move|p1a: Alomomola|Wish|p1a: Alomomola\n|\n|-damage|p1a: Alomomola|82\/100 tox|[from] psn\n|upkeep\n|turn|14\n|\n|t:|1700232594\n|-terastallize|p1a: Alomomola|Electric\n|move|p2a: Ogerpon|Swords Dance|p2a: Ogerpon\n|-boost|p2a: Ogerpon|atk|2\n|move|p1a: Alomomola|Flip Turn|p2a: Ogerpon\n|-heal|p2a: Ogerpon|70\/100|[from] ability: Water Absorb|[of] p1a: Alomomola\n|\n|-heal|p1a: Alomomola|100\/100 tox|[from] move: Wish|[wisher] Alomomola\n|-damage|p1a: Alomomola|82\/100 tox|[from] psn\n|upkeep\n|turn|15\n|\n|t:|1700232612\n|switch|p1a: Moltres|Moltres|100\/100\n|move|p2a: Ogerpon|Ivy Cudgel|p1a: Moltres|[anim] Ivy Cudgel Water\n|-supereffective|p1a: Moltres\n|-damage|p1a: Moltres|0 fnt\n|faint|p1a: Moltres\n|\n|upkeep\n|\n|t:|1700232620\n|switch|p1a: Banette|Banette-Mega, F|28\/100\n|turn|16\n|\n|t:|1700232624\n|switch|p2a: Gliscor|Gliscor, F|100\/100 tox\n|move|p1a: Banette|Destiny Bond|p1a: Banette\n|-singlemove|p1a: Banette|Destiny Bond\n|\n|upkeep\n|turn|17\n|\n|t:|1700232632\n|switch|p1a: Alomomola|Alomomola, M, tera:Electric|100\/100 tox\n|move|p2a: Gliscor|Toxic|p1a: Alomomola\n|-fail|p1a: Alomomola|tox\n|\n|-damage|p1a: Alomomola|94\/100 tox|[from] psn\n|upkeep\n|turn|18\n|\n|t:|1700232640\n|move|p2a: Gliscor|Earthquake|p1a: Alomomola\n|-supereffective|p1a: Alomomola\n|-damage|p1a: Alomomola|60\/100 tox\n|move|p1a: Alomomola|Wish|p1a: Alomomola\n|\n|-damage|p1a: Alomomola|48\/100 tox|[from] psn\n|upkeep\n|turn|19\n|\n|t:|1700232649\n|switch|p2a: Ogerpon|Ogerpon-Wellspring, F|70\/100\n|switch|p1a: Banette|Banette-Mega, F|28\/100\n|\n|-heal|p1a: Banette|100\/100|[from] move: Wish|[wisher] Alomomola\n|upkeep\n|turn|20\n|\n|t:|1700232658\n|switch|p2a: Heatran|Heatran, M|100\/100\n|move|p1a: Banette|Poltergeist|p2a: Heatran|[miss]\n|-miss|p1a: Banette|p2a: Heatran\n|\n|upkeep\n|turn|21\n|\n|t:|1700232667\n|switch|p1a: Alomomola|Alomomola, M, tera:Electric|81\/100 tox\n|move|p2a: Heatran|Stealth Rock|p1a: Alomomola\n|-sidestart|p1: deskjet687|move: Stealth Rock\n|\n|-damage|p1a: Alomomola|75\/100 tox|[from] psn\n|upkeep\n|turn|22\n|\n|t:|1700232675\n|move|p2a: Heatran|Taunt|p1a: Alomomola\n|-start|p1a: Alomomola|move: Taunt\n|move|p1a: Alomomola|Flip Turn|p2a: Heatran\n|-supereffective|p2a: Heatran\n|-damage|p2a: Heatran|73\/100\n|\n|t:|1700232681\n|switch|p1a: Samurott|Samurott-Hisui, M|100\/100|[from] Flip Turn\n|-damage|p1a: Samurott|88\/100|[from] Stealth Rock\n|\n|-heal|p2a: Heatran|80\/100|[from] item: Leftovers\n|upkeep\n|turn|23\n|\n|t:|1700232693\n|switch|p2a: Buzzwole|Buzzwole|68\/100\n|move|p1a: Samurott|Aqua Cutter|p2a: Buzzwole\n|-damage|p2a: Buzzwole|36\/100\n|\n|upkeep\n|turn|24\n|\n|t:|1700232705\n|switch|p1a: Banette|Banette-Mega, F|100\/100\n|-damage|p1a: Banette|88\/100|[from] Stealth Rock\n|move|p2a: Buzzwole|Roost|p2a: Buzzwole\n|-heal|p2a: Buzzwole|86\/100\n|-singleturn|p2a: Buzzwole|move: Roost\n|\n|upkeep\n|turn|25\n|\n|t:|1700232714\n|switch|p2a: Gliscor|Gliscor, F|100\/100 tox\n|move|p1a: Banette|Infestation|p2a: Gliscor\n|-resisted|p2a: Gliscor\n|-damage|p2a: Gliscor|99\/100 tox\n|-activate|p2a: Gliscor|move: Infestation|[of] p1a: Banette\n|\n|-heal|p2a: Gliscor|100\/100 tox|[from] ability: Poison Heal\n|-damage|p2a: Gliscor|88\/100 tox|[from] move: Infestation|[partiallytrapped]\n|upkeep\n|turn|26\n|\n|t:|1700232725\n|switch|p1a: Alomomola|Alomomola, M, tera:Electric|100\/100 tox\n|-damage|p1a: Alomomola|88\/100 tox|[from] Stealth Rock\n|move|p2a: Gliscor|Toxic|p1a: Alomomola|[miss]\n|-miss|p2a: Gliscor|p1a: Alomomola\n|\n|-heal|p2a: Gliscor|100\/100 tox|[from] ability: Poison Heal\n|-damage|p1a: Alomomola|82\/100 tox|[from] psn\n|-end|p2a: Gliscor|Infestation|[partiallytrapped]|[silent]\n|upkeep\n|turn|27\n|\n|t:|1700232737\n|move|p2a: Gliscor|Earthquake|p1a: Alomomola\n|-supereffective|p1a: Alomomola\n|-damage|p1a: Alomomola|47\/100 tox\n|move|p1a: Alomomola|Toxic|p2a: Gliscor\n|-fail|p2a: Gliscor|tox\n|\n|-damage|p1a: Alomomola|34\/100 tox|[from] psn\n|upkeep\n|turn|28\n|\n|t:|1700232748\n|switch|p1a: Samurott|Samurott-Hisui, M|88\/100\n|-damage|p1a: Samurott|76\/100|[from] Stealth Rock\n|move|p2a: Gliscor|Earthquake|p1a: Samurott\n|-damage|p1a: Samurott|32\/100\n|\n|upkeep\n|turn|29\n|-message|deskjet687 forfeited.\n|\n|win|testing a funni3\n|raw|deskjet687's rating: 1574 &rarr; <strong>1550<\/strong><br \/>(-24 for losing)\n|raw|testing a funni3's rating: 1507 &rarr; <strong>1531<\/strong><br \/>(+24 for winning)\n|l|\u2606deskjet687\n","uploadtime":1700232764,"views":7,"p1id":"deskjet687","p2id":"testingafunni3","formatid":"gen9nationaldex","rating":1531,"private":0,"password":""}