{"id":"gen9nationaldex-1993392163","p1":"NIAKS2023","p2":"KavinKM7","format":"[Gen 9] National Dex","log":"|j|\u2606NIAKS2023\n|j|\u2606KavinKM7\n|t:|1700311323\n|gametype|singles\n|player|p1|NIAKS2023|benga|1174\n|player|p2|KavinKM7|2|1176\n|teamsize|p1|6\n|teamsize|p2|6\n|gen|9\n|tier|[Gen 9] National Dex\n|rated|\n|rule|HP Percentage Mod: HP is shown in percentages\n|rule|Endless Battle Clause: Forcing endless battles is banned\n|rule|OHKO Clause: OHKO moves are banned\n|rule|Evasion Clause: Evasion abilities, items, and moves are banned\n|rule|Evasion Abilities Clause: Evasion abilities are banned\n|rule|Evasion Items Clause: Evasion items are banned\n|rule|Evasion Moves Clause: Evasion moves are banned\n|rule|Species Clause: Limit one of each Pok\u00e9mon\n|rule|Sleep Clause Mod: Limit one foe put to sleep\n|clearpoke\n|poke|p1|Charizard, M|\n|poke|p1|Torkoal, F|\n|poke|p1|Venusaur, F|\n|poke|p1|Lilligant-Hisui, F|\n|poke|p1|Great Tusk|\n|poke|p1|Heliolisk, M|\n|poke|p2|Stakataka|\n|poke|p2|Glastrier|\n|poke|p2|Hatterene, F|\n|poke|p2|Mimikyu, F|\n|poke|p2|Marowak-Alola, F|\n|poke|p2|Snorlax, F|\n|teampreview\n|\n|t:|1700311330\n|start\n|switch|p1a: Charizard|Charizard, M|100\/100\n|switch|p2a: Hatterene|Hatterene, F|100\/100\n|turn|1\n|inactive|Battle timer is ON: inactive players will automatically lose when time's up. (requested by KavinKM7)\n|\n|t:|1700311344\n|detailschange|p1a: Charizard|Charizard-Mega-Y, M\n|-mega|p1a: Charizard|Charizard|Charizardite Y\n|-weather|SunnyDay|[from] ability: Drought|[of] p1a: Charizard\n|move|p1a: Charizard|Overheat|p2a: Hatterene\n|-enditem|p2a: Hatterene|Focus Sash\n|-damage|p2a: Hatterene|1\/100\n|-unboost|p1a: Charizard|spa|2\n|move|p2a: Hatterene|Trick Room|p2a: Hatterene\n|-fieldstart|move: Trick Room|[of] p2a: Hatterene\n|\n|-weather|SunnyDay|[upkeep]\n|upkeep\n|turn|2\n|inactive|KavinKM7 has 120 seconds left.\n|\n|t:|1700311374\n|switch|p2a: Stakataka|Stakataka|100\/100\n|-item|p2a: Stakataka|Air Balloon\n|switch|p1a: Torkoal|Torkoal, F|100\/100\n|\n|-weather|SunnyDay|[upkeep]\n|upkeep\n|turn|3\n|\n|t:|1700311381\n|move|p2a: Stakataka|Stone Edge|p1a: Torkoal\n|-supereffective|p1a: Torkoal\n|-damage|p1a: Torkoal|32\/100\n|move|p1a: Torkoal|Solar Beam||[still]\n|-prepare|p1a: Torkoal|Solar Beam\n|-anim|p1a: Torkoal|Solar Beam|p2a: Stakataka\n|-damage|p2a: Stakataka|77\/100\n|-enditem|p2a: Stakataka|Air Balloon\n|\n|-weather|SunnyDay|[upkeep]\n|upkeep\n|turn|4\n|\n|t:|1700311393\n|switch|p1a: Great Tusk|Great Tusk|100\/100\n|-activate|p1a: Great Tusk|ability: Protosynthesis\n|-start|p1a: Great Tusk|protosynthesisatk\n|move|p2a: Stakataka|Stone Edge|p1a: Great Tusk\n|-resisted|p1a: Great Tusk\n|-damage|p1a: Great Tusk|90\/100\n|\n|-weather|SunnyDay|[upkeep]\n|upkeep\n|turn|5\n|\n|t:|1700311402\n|-end|p1a: Great Tusk|Protosynthesis|[silent]\n|switch|p1a: Torkoal|Torkoal, F|32\/100\n|move|p2a: Stakataka|Gyro Ball|p1a: Torkoal\n|-resisted|p1a: Torkoal\n|-damage|p1a: Torkoal|21\/100\n|\n|-weather|none\n|-fieldend|move: Trick Room\n|upkeep\n|turn|6\n|\n|t:|1700311412\n|move|p1a: Torkoal|Yawn|p2a: Stakataka\n|-start|p2a: Stakataka|move: Yawn|[of] p1a: Torkoal\n|move|p2a: Stakataka|Trick Room|p2a: Stakataka\n|-fieldstart|move: Trick Room|[of] p2a: Stakataka\n|\n|upkeep\n|turn|7\n|\n|t:|1700311430\n|switch|p2a: Snorlax|Snorlax, F|100\/100\n|switch|p1a: Charizard|Charizard-Mega-Y, M|100\/100\n|-weather|SunnyDay|[from] ability: Drought|[of] p1a: Charizard\n|\n|-weather|SunnyDay|[upkeep]\n|upkeep\n|turn|8\n|\n|t:|1700311439\n|switch|p1a: Torkoal|Torkoal, F|21\/100\n|move|p2a: Snorlax|Body Slam|p1a: Torkoal\n|-damage|p1a: Torkoal|0 fnt\n|faint|p1a: Torkoal\n|\n|-weather|SunnyDay|[upkeep]\n|upkeep\n|\n|t:|1700311444\n|switch|p1a: Lilligant|Lilligant-Hisui, F|100\/100\n|turn|9\n|\n|t:|1700311455\n|move|p2a: Snorlax|Psychic|p1a: Lilligant\n|-supereffective|p1a: Lilligant\n|-damage|p1a: Lilligant|57\/100\n|move|p1a: Lilligant|Close Combat|p2a: Snorlax\n|-supereffective|p2a: Snorlax\n|-damage|p2a: Snorlax|0 fnt\n|-unboost|p1a: Lilligant|def|1\n|-unboost|p1a: Lilligant|spd|1\n|faint|p2a: Snorlax\n|\n|-weather|SunnyDay|[upkeep]\n|upkeep\n|\n|t:|1700311461\n|switch|p2a: Stakataka|Stakataka|77\/100\n|turn|10\n|\n|t:|1700311473\n|switch|p1a: Great Tusk|Great Tusk|90\/100\n|-activate|p1a: Great Tusk|ability: Protosynthesis\n|-start|p1a: Great Tusk|protosynthesisatk\n|move|p2a: Stakataka|Gyro Ball|p1a: Great Tusk\n|-damage|p1a: Great Tusk|22\/100\n|\n|-weather|SunnyDay|[upkeep]\n|-fieldend|move: Trick Room\n|upkeep\n|turn|11\n|\n|t:|1700311485\n|switch|p2a: Hatterene|Hatterene, F|1\/100\n|move|p1a: Great Tusk|Earthquake|p2a: Hatterene\n|-damage|p2a: Hatterene|0 fnt\n|faint|p2a: Hatterene\n|\n|-weather|none\n|-end|p1a: Great Tusk|Protosynthesis\n|upkeep\n|\n|t:|1700311489\n|switch|p2a: Mimikyu|Mimikyu, F|100\/100\n|turn|12\n|\n|t:|1700311496\n|move|p1a: Great Tusk|Knock Off|p2a: Mimikyu\n|-activate|p2a: Mimikyu|ability: Disguise\n|-damage|p2a: Mimikyu|100\/100\n|-enditem|p2a: Mimikyu|Life Orb|[from] move: Knock Off|[of] p1a: Great Tusk\n|detailschange|p2a: Mimikyu|Mimikyu-Busted, F\n|-damage|p2a: Mimikyu|88\/100|[from] pokemon: Mimikyu-Busted\n|move|p2a: Mimikyu|Trick Room|p2a: Mimikyu\n|-fieldstart|move: Trick Room|[of] p2a: Mimikyu\n|\n|upkeep\n|turn|13\n|\n|t:|1700311510\n|-end|p1a: Great Tusk|Protosynthesis|[silent]\n|switch|p1a: Lilligant|Lilligant-Hisui, F|57\/100\n|move|p2a: Mimikyu|Play Rough|p1a: Lilligant\n|-supereffective|p1a: Lilligant\n|-damage|p1a: Lilligant|0 fnt\n|faint|p1a: Lilligant\n|\n|upkeep\n|\n|t:|1700311516\n|switch|p1a: Venusaur|Venusaur, F|100\/100\n|turn|14\n|\n|t:|1700311528\n|switch|p2a: Stakataka|Stakataka|77\/100\n|switch|p1a: Heliolisk|Heliolisk, M|100\/100\n|-item|p1a: Heliolisk|Air Balloon\n|\n|upkeep\n|turn|15\n|\n|t:|1700311538\n|move|p2a: Stakataka|Gyro Ball|p1a: Heliolisk\n|-resisted|p1a: Heliolisk\n|-damage|p1a: Heliolisk|3\/100\n|-enditem|p1a: Heliolisk|Air Balloon\n|move|p1a: Heliolisk|Thunderbolt|p2a: Stakataka\n|-damage|p2a: Stakataka|33\/100\n|-status|p2a: Stakataka|par\n|\n|upkeep\n|turn|16\n|\n|t:|1700311542\n|move|p2a: Stakataka|Gyro Ball|p1a: Heliolisk\n|-resisted|p1a: Heliolisk\n|-damage|p1a: Heliolisk|0 fnt\n|faint|p1a: Heliolisk\n|-ability|p2a: Stakataka|Beast Boost|boost\n|-boost|p2a: Stakataka|def|1\n|\n|-fieldend|move: Trick Room\n|upkeep\n|\n|t:|1700311546\n|switch|p1a: Great Tusk|Great Tusk|22\/100\n|turn|17\n|\n|t:|1700311554\n|-terastallize|p2a: Stakataka|Flying\n|move|p1a: Great Tusk|Earthquake|p2a: Stakataka\n|-immune|p2a: Stakataka\n|cant|p2a: Stakataka|par\n|\n|upkeep\n|turn|18\n|\n|t:|1700311567\n|move|p1a: Great Tusk|Ice Spinner|p2a: Stakataka\n|-supereffective|p2a: Stakataka\n|-damage|p2a: Stakataka|11\/100 par\n|move|p2a: Stakataka|Trick Room|p2a: Stakataka\n|-fieldstart|move: Trick Room|[of] p2a: Stakataka\n|\n|upkeep\n|turn|19\n|\n|t:|1700311573\n|move|p2a: Stakataka|Gyro Ball|p1a: Great Tusk\n|-damage|p1a: Great Tusk|0 fnt\n|faint|p1a: Great Tusk\n|-end|p1a: Great Tusk|Protosynthesis|[silent]\n|-ability|p2a: Stakataka|Beast Boost|boost\n|-boost|p2a: Stakataka|def|1\n|\n|upkeep\n|\n|t:|1700311577\n|switch|p1a: Charizard|Charizard-Mega-Y, M|100\/100\n|-weather|SunnyDay|[from] ability: Drought|[of] p1a: Charizard\n|turn|20\n|\n|t:|1700311582\n|move|p2a: Stakataka|Stone Edge|p1a: Charizard\n|-supereffective|p1a: Charizard\n|-damage|p1a: Charizard|0 fnt\n|faint|p1a: Charizard\n|-ability|p2a: Stakataka|Beast Boost|boost\n|-boost|p2a: Stakataka|def|1\n|\n|-weather|SunnyDay|[upkeep]\n|upkeep\n|\n|t:|1700311584\n|switch|p1a: Venusaur|Venusaur, F|100\/100\n|turn|21\n|\n|t:|1700311589\n|cant|p2a: Stakataka|par\n|move|p1a: Venusaur|Weather Ball|p2a: Stakataka\n|-damage|p2a: Stakataka|0 fnt\n|faint|p2a: Stakataka\n|\n|-weather|SunnyDay|[upkeep]\n|upkeep\n|\n|t:|1700311596\n|switch|p2a: Glastrier|Glastrier|100\/100\n|turn|22\n|\n|t:|1700311601\n|-terastallize|p1a: Venusaur|Ground\n|move|p2a: Glastrier|Icicle Crash|p1a: Venusaur\n|-supereffective|p1a: Venusaur\n|-damage|p1a: Venusaur|0 fnt\n|faint|p1a: Venusaur\n|-damage|p2a: Glastrier|91\/100|[from] item: Life Orb\n|\n|win|KavinKM7\n|raw|NIAKS2023's rating: 1174 &rarr; <strong>1149<\/strong><br \/>(-25 for losing)\n|raw|KavinKM7's rating: 1176 &rarr; <strong>1201<\/strong><br \/>(+25 for winning)\n|l|\u2606NIAKS2023\n","uploadtime":1700311607,"views":7,"p1id":"niaks2023","p2id":"kavinkm7","formatid":"gen9nationaldex","rating":1149,"private":0,"password":""}