{"id":"gen9nationaldex-1995924588","p1":"Dragon10060","p2":"Viruskilleryt2","format":"[Gen 9] National Dex","log":"|html|<div class=\"broadcast-blue\"><strong>[Gen 9] National Dex is currently suspecting Sneasler! For information on how to participate check out the <a href=\"https:\/\/www.smogon.com\/forums\/threads\/sv-national-dex-suspect-8-just-dance.3731534\/\">suspect thread<\/a>.<\/strong><\/div>\n|j|\u2606Dragon10060\n|j|\u2606Viruskilleryt2\n|t:|1700618011\n|gametype|singles\n|player|p1|Dragon10060|workerice|1076\n|player|p2|Viruskilleryt2|102|1195\n|teamsize|p1|6\n|teamsize|p2|6\n|gen|9\n|tier|[Gen 9] National Dex\n|rated|\n|rule|HP Percentage Mod: HP is shown in percentages\n|rule|Endless Battle Clause: Forcing endless battles is banned\n|rule|OHKO Clause: OHKO moves are banned\n|rule|Evasion Clause: Evasion abilities, items, and moves are banned\n|rule|Evasion Abilities Clause: Evasion abilities are banned\n|rule|Evasion Items Clause: Evasion items are banned\n|rule|Evasion Moves Clause: Evasion moves are banned\n|rule|Species Clause: Limit one of each Pok\u00e9mon\n|rule|Sleep Clause Mod: Limit one foe put to sleep\n|clearpoke\n|poke|p1|Ting-Lu|\n|poke|p1|Samurott-Hisui, F|\n|poke|p1|Serperior, F|\n|poke|p1|Xurkitree|\n|poke|p1|Zoroark-Hisui, F|\n|poke|p1|Dragalge, M|\n|poke|p2|Krookodile, F|\n|poke|p2|Greninja-*, F|\n|poke|p2|Charizard, F|\n|poke|p2|Kleavor, F|\n|poke|p2|Sceptile, F|\n|poke|p2|Toxtricity, F|\n|teampreview\n|\n|t:|1700618057\n|start\n|switch|p1a: Ting-Lu|Ting-Lu|100\/100\n|switch|p2a: the rockler|Kleavor, F|100\/100\n|-ability|p1a: Ting-Lu|Vessel of Ruin\n|turn|1\n|\n|t:|1700618064\n|move|p2a: the rockler|Stone Axe|p1a: Ting-Lu|[miss]\n|-miss|p2a: the rockler|p1a: Ting-Lu\n|move|p1a: Ting-Lu|Stealth Rock|p2a: the rockler\n|-sidestart|p2: Viruskilleryt2|move: Stealth Rock\n|\n|upkeep\n|turn|2\n|\n|t:|1700618069\n|move|p2a: the rockler|Stone Axe|p1a: Ting-Lu\n|-resisted|p1a: Ting-Lu\n|-damage|p1a: Ting-Lu|89\/100\n|-damage|p2a: the rockler|84\/100|[from] item: Rocky Helmet|[of] p1a: Ting-Lu\n|-sidestart|p1: Dragon10060|move: Stealth Rock\n|-damage|p2a: the rockler|74\/100|[from] item: Life Orb\n|move|p1a: Ting-Lu|Body Press|p2a: the rockler\n|-damage|p2a: the rockler|40\/100\n|\n|upkeep\n|turn|3\n|c|\u2606Viruskilleryt2|Bruh that\u2019s a ten% miss\n|\n|t:|1700618079\n|move|p2a: the rockler|X-Scissor|p1a: Ting-Lu\n|-supereffective|p1a: Ting-Lu\n|-damage|p1a: Ting-Lu|31\/100\n|-damage|p2a: the rockler|24\/100|[from] item: Rocky Helmet|[of] p1a: Ting-Lu\n|-damage|p2a: the rockler|14\/100|[from] item: Life Orb\n|move|p1a: Ting-Lu|Body Press|p2a: the rockler\n|-damage|p2a: the rockler|0 fnt\n|faint|p2a: the rockler\n|\n|upkeep\n|\n|t:|1700618087\n|switch|p2a: Toxtricity|Toxtricity, F, shiny|100\/100\n|-damage|p2a: Toxtricity|88\/100|[from] Stealth Rock\n|turn|4\n|c|\u2606Dragon10060|unlucky\n|\n|t:|1700618095\n|-terastallize|p2a: Toxtricity|Normal\n|move|p2a: Toxtricity|Shift Gear|p2a: Toxtricity\n|-boost|p2a: Toxtricity|spe|2\n|-boost|p2a: Toxtricity|atk|1\n|move|p1a: Ting-Lu|Whirlwind|p2a: Toxtricity\n|drag|p2a: slash|Sceptile, F|100\/100\n|-damage|p2a: slash|88\/100|[from] Stealth Rock\n|\n|upkeep\n|turn|5\n|c|\u2606Viruskilleryt2|Yeah\n|c|\u2606Viruskilleryt2|Aw u suck lol\n|\n|t:|1700618108\n|move|p2a: slash|Endure|p2a: slash\n|-singleturn|p2a: slash|move: Endure\n|move|p1a: Ting-Lu|Protect||[still]\n|-fail|p1a: Ting-Lu\n|\n|upkeep\n|turn|6\n|c|\u2606Dragon10060|sorry but aint no stat changes here\n|\n|t:|1700618122\n|move|p2a: slash|Leaf Blade|p1a: Ting-Lu\n|-supereffective|p1a: Ting-Lu\n|-damage|p1a: Ting-Lu|0 fnt\n|-damage|p2a: slash|72\/100|[from] item: Rocky Helmet|[of] p1a: Ting-Lu\n|faint|p1a: Ting-Lu\n|\n|upkeep\n|c|\u2606Viruskilleryt2|Bet\n|\n|t:|1700618130\n|switch|p1a: Dragalge|Dragalge, M, shiny|100\/100\n|-damage|p1a: Dragalge|88\/100|[from] Stealth Rock\n|turn|7\n|\n|t:|1700618135\n|move|p2a: slash|Endure|p2a: slash\n|-singleturn|p2a: slash|move: Endure\n|move|p1a: Dragalge|Flamethrower|p2a: slash\n|-supereffective|p2a: slash\n|-activate|p2a: slash|move: Endure\n|-damage|p2a: slash|1\/100\n|-enditem|p2a: slash|Weakness Policy\n|-boost|p2a: slash|atk|2|[from] item: Weakness Policy\n|-boost|p2a: slash|spa|2|[from] item: Weakness Policy\n|\n|upkeep\n|turn|8\n|c|\u2606Viruskilleryt2|HAHA\n|c|\u2606Viruskilleryt2|U FELL FOR THE CLASSIC BLUNDER\n|\n|t:|1700618150\n|move|p2a: slash|Thunder Punch|p1a: Dragalge\n|-damage|p1a: Dragalge|3\/100\n|replace|p1a: Zoroark|Zoroark-Hisui, F, shiny\n|-end|p1a: Zoroark|Illusion\n|move|p1a: Zoroark|Flamethrower|p2a: slash\n|-supereffective|p2a: slash\n|-damage|p2a: slash|0 fnt\n|faint|p2a: slash\n|\n|upkeep\n|c|\u2606Dragon10060|imagine\n|c|\u2606Viruskilleryt2|CRAP.\n|c|\u2606Viruskilleryt2|ok that was good lol\n|c|\u2606Dragon10060|after the haha lmao\n|\n|t:|1700618165\n|switch|p2a: Toxtricity|Toxtricity, F, shiny, tera:Normal|88\/100\n|-damage|p2a: Toxtricity|76\/100|[from] Stealth Rock\n|turn|9\n|\n|t:|1700618168\n|move|p1a: Zoroark|Flamethrower|p2a: Toxtricity\n|-damage|p2a: Toxtricity|34\/100\n|move|p2a: Toxtricity|Shift Gear|p2a: Toxtricity\n|-boost|p2a: Toxtricity|spe|2\n|-boost|p2a: Toxtricity|atk|1\n|\n|upkeep\n|turn|10\n|c|\u2606Dragon10060|oh bloody hell\n|\n|t:|1700618181\n|move|p1a: Zoroark|Flamethrower|p2a: Toxtricity\n|-damage|p2a: Toxtricity|0 fnt\n|faint|p2a: Toxtricity\n|\n|upkeep\n|c|\u2606Dragon10060|no way xD\n|c|\u2606Dragon10060|super zoroark\n|c|\u2606Viruskilleryt2|That\u2019s a fast ass dog\n|\n|t:|1700618206\n|switch|p2a: raxter|Krookodile, F|100\/100\n|-damage|p2a: raxter|94\/100|[from] Stealth Rock\n|turn|11\n|c|\u2606Dragon10060|scarf\n|\n|t:|1700618211\n|move|p1a: Zoroark|Flamethrower|p2a: raxter\n|-damage|p2a: raxter|50\/100\n|move|p2a: raxter|Crunch|p1a: Zoroark\n|-supereffective|p1a: Zoroark\n|-damage|p1a: Zoroark|0 fnt\n|faint|p1a: Zoroark\n|-ability|p2a: raxter|Moxie|boost\n|-boost|p2a: raxter|atk|1\n|-damage|p2a: raxter|40\/100|[from] item: Life Orb\n|\n|upkeep\n|c|\u2606Viruskilleryt2|Haha proved you wrong twice stat change go br\n|\n|t:|1700618238\n|switch|p1a: Serperior|Serperior, F, shiny|100\/100\n|-damage|p1a: Serperior|88\/100|[from] Stealth Rock\n|turn|12\n|c|\u2606Viruskilleryt2|But watch I get one shot again\n|\n|t:|1700618242\n|move|p1a: Serperior|Leaf Storm|p2a: raxter|[miss]\n|-miss|p1a: Serperior|p2a: raxter\n|move|p2a: raxter|Fire Fang|p1a: Serperior\n|-supereffective|p1a: Serperior\n|-crit|p1a: Serperior\n|-damage|p1a: Serperior|0 fnt\n|faint|p1a: Serperior\n|-ability|p2a: raxter|Moxie|boost\n|-boost|p2a: raxter|atk|1\n|-damage|p2a: raxter|30\/100|[from] item: Life Orb\n|\n|upkeep\n|c|\u2606Dragon10060|no way\n|c|\u2606Viruskilleryt2|NVM\n|c|\u2606Dragon10060|!data leaf storm\n|raw|<ul class=\"utilichart\"><li class=\"result\"><span class=\"col movenamecol\"><a href=\"https:\/\/dex.pokemonshowdown.com\/moves\/leafstorm\">Leaf Storm<\/a><\/span> <span class=\"col typecol\"><img src=\"\/\/play.pokemonshowdown.com\/sprites\/types\/Grass.png\" alt=\"Grass\" width=\"32\" height=\"14\"><img src=\"\/\/play.pokemonshowdown.com\/sprites\/categories\/Special.png\" alt=\"Special\" width=\"32\" height=\"14\"><\/span> <span class=\"col labelcol\"><em>Power<\/em><br>130<\/span> <span class=\"col widelabelcol\"><em>Accuracy<\/em><br>90%<\/span> <span class=\"col pplabelcol\"><em>PP<\/em><br>8<\/span> <span class=\"col movedesccol\">Lowers the user's Sp. Atk by 2.<\/span> <\/li><li style=\"clear:both\"><\/li><\/ul>\n\n|c|\u2606Dragon10060|bro it happened to me too\n|c|\u2606Dragon10060|lmao\n|c|\u2606Viruskilleryt2|bro how lol\n|\n|t:|1700618275\n|switch|p1a: Samurott|Samurott-Hisui, F, shiny|100\/100\n|-damage|p1a: Samurott|88\/100|[from] Stealth Rock\n|turn|13\n|c|\u2606Viruskilleryt2|tgis is a good fight\n|c|\u2606Viruskilleryt2|ima save this lol\n|c|\u2606Dragon10060|fr\n|\n|t:|1700618286\n|move|p1a: Samurott|Detect|p1a: Samurott\n|-singleturn|p1a: Samurott|Protect\n|move|p2a: raxter|Crunch|p1a: Samurott\n|-activate|p1a: Samurott|move: Protect\n|\n|upkeep\n|turn|14\n|c|\u2606Viruskilleryt2|Your faster I think\n|c|\u2606Viruskilleryt2|also 666 attack lol\n|\n|t:|1700618309\n|move|p2a: raxter|Crunch|p1a: Samurott\n|-resisted|p1a: Samurott\n|-damage|p1a: Samurott|35\/100\n|-damage|p2a: raxter|20\/100|[from] item: Life Orb\n|move|p1a: Samurott|Razor Shell|p2a: raxter\n|-supereffective|p2a: raxter\n|-damage|p2a: raxter|0 fnt\n|faint|p2a: raxter\n|\n|upkeep\n|c|\u2606Viruskilleryt2|wait what?\n|c|\u2606Dragon10060|no just stronk\n|c|\u2606Viruskilleryt2|Way was that not super effect\n|\n|t:|1700618340\n|switch|p2a: storm|Greninja, F|100\/100\n|-damage|p2a: storm|88\/100|[from] Stealth Rock\n|turn|15\n|\n|t:|1700618350\n|move|p2a: storm|U-turn|p1a: Samurott\n|-start|p2a: storm|typechange|Bug|[from] ability: Protean\n|-supereffective|p1a: Samurott\n|-damage|p1a: Samurott|0 fnt\n|faint|p1a: Samurott\n|\n|t:|1700618353\n|switch|p2a: Charcoal|Charizard, F|100\/100|[from] U-turn\n|-damage|p2a: Charcoal|51\/100|[from] Stealth Rock\n|\n|upkeep\n|\n|t:|1700618360\n|switch|p1a: Dragalge|Dragalge, M, shiny|100\/100\n|-damage|p1a: Dragalge|88\/100|[from] Stealth Rock\n|turn|16\n|\n|t:|1700618369\n|detailschange|p2a: Charcoal|Charizard-Mega-Y, F\n|-mega|p2a: Charcoal|Charizard|Charizardite Y\n|-weather|SunnyDay|[from] ability: Drought|[of] p2a: Charcoal\n|move|p2a: Charcoal|Scorching Sands|p1a: Dragalge\n|-supereffective|p1a: Dragalge\n|-damage|p1a: Dragalge|48\/100\n|move|p1a: Dragalge|Sludge Wave|p2a: Charcoal\n|-damage|p2a: Charcoal|0 fnt\n|faint|p2a: Charcoal\n|-damage|p1a: Dragalge|38\/100|[from] item: Life Orb\n|\n|-weather|SunnyDay|[upkeep]\n|upkeep\n|\n|t:|1700618373\n|switch|p2a: storm|Greninja, F|88\/100\n|-damage|p2a: storm|75\/100|[from] Stealth Rock\n|turn|17\n|c|\u2606Viruskilleryt2|Crap ok gg I lose probably\n|\n|t:|1700618385\n|move|p2a: storm|Ice Beam|p1a: Dragalge\n|-start|p2a: storm|typechange|Ice|[from] ability: Protean\n|-supereffective|p1a: Dragalge\n|-damage|p1a: Dragalge|0 fnt\n|faint|p1a: Dragalge\n|\n|-weather|SunnyDay|[upkeep]\n|upkeep\n|\n|t:|1700618392\n|switch|p1a: Xurkitree|Xurkitree|100\/100\n|-damage|p1a: Xurkitree|88\/100|[from] Stealth Rock\n|turn|18\n|c|\u2606Dragon10060|maybe\n|c|\u2606Viruskilleryt2|storm was nerfed the hell outta gen 9 proto change\n|\n|t:|1700618413\n|-terastallize|p1a: Xurkitree|Electric\n|move|p1a: Xurkitree|Thunderbolt|p2a: storm\n|-damage|p2a: storm|0 fnt\n|faint|p2a: storm\n|\n|win|Dragon10060\n|raw|Dragon10060's rating: 1076 &rarr; <strong>1114<\/strong><br \/>(+38 for winning)\n|raw|Viruskilleryt2's rating: 1195 &rarr; <strong>1162<\/strong><br \/>(-33 for losing)\n|c|\u2606Viruskilleryt2|yeah g\n|c|\u2606Viruskilleryt2|gg\n|c|\u2606Dragon10060|gg\n","uploadtime":1700618422,"views":0,"p1id":"dragon10060","p2id":"viruskilleryt2","formatid":"gen9nationaldex","rating":1114,"private":0,"password":""}