{"id":"gen9nationaldex-1993620821","p1":"moyita4","p2":"Alexander90281","format":"[Gen 9] National Dex","log":"|j|\u2606moyita4\n|j|\u2606Alexander90281\n|inactive|Battle timer is ON: inactive players will automatically lose when time's up.\n|t:|1700338358\n|gametype|singles\n|player|p1|moyita4|169|\n|player|p2|Alexander90281|tateandliza-gen6|\n|teamsize|p1|6\n|teamsize|p2|6\n|gen|9\n|tier|[Gen 9] National Dex\n|rated|Tournament battle\n|rule|HP Percentage Mod: HP is shown in percentages\n|rule|Endless Battle Clause: Forcing endless battles is banned\n|rule|OHKO Clause: OHKO moves are banned\n|rule|Evasion Clause: Evasion abilities, items, and moves are banned\n|rule|Evasion Abilities Clause: Evasion abilities are banned\n|rule|Evasion Items Clause: Evasion items are banned\n|rule|Evasion Moves Clause: Evasion moves are banned\n|rule|Species Clause: Limit one of each Pok\u00e9mon\n|rule|Sleep Clause Mod: Limit one foe put to sleep\n|clearpoke\n|poke|p1|Incineroar, M|\n|poke|p1|Muk-Alola, F|\n|poke|p1|Tapu Lele|\n|poke|p1|Rotom-Wash|\n|poke|p1|Kartana|\n|poke|p1|Gliscor, M|\n|poke|p2|Galvantula, M|\n|poke|p2|Thundurus-Therian, M|\n|poke|p2|Tapu Lele|\n|poke|p2|Ogerpon-Wellspring, F|\n|poke|p2|Gallade, M|\n|poke|p2|Victini|\n|teampreview\n|j| nodogsaleystay\n|j| Martin80\n|j| jaarce\n|c|\u2606moyita4|suerte\n|\n|t:|1700338375\n|start\n|switch|p1a: Incineroar|Incineroar, M|100\/100\n|switch|p2a: Victini|Victini|100\/100\n|-ability|p1a: Incineroar|Intimidate|boost\n|-unboost|p2a: Victini|atk|1\n|turn|1\n|c|\u2606Alexander90281|(\u00ba_\u00ba)\n|\n|t:|1700338388\n|move|p2a: Victini|Final Gambit|p1a: Incineroar\n|-damage|p1a: Incineroar|0 fnt\n|faint|p2a: Victini\n|faint|p1a: Incineroar\n|\n|upkeep\n|\n|t:|1700338400\n|switch|p2a: Galvantula|Galvantula, M|100\/100\n|switch|p1a: Tapu Lele|Tapu Lele, shiny|100\/100\n|-fieldstart|move: Psychic Terrain|[from] ability: Psychic Surge|[of] p1a: Tapu Lele\n|turn|2\n|c| Martin80|pues entonces se iran comnigo\n|\n|t:|1700338411\n|move|p1a: Tapu Lele|Psyshock|p2a: Galvantula\n|-enditem|p2a: Galvantula|Focus Sash\n|-damage|p2a: Galvantula|1\/100\n|move|p2a: Galvantula|Thunder Wave|p1a: Tapu Lele\n|-status|p1a: Tapu Lele|par\n|\n|upkeep\n|turn|3\n|\n|t:|1700338415\n|move|p2a: Galvantula|Sticky Web|p1a: Tapu Lele\n|-sidestart|p1: moyita4|move: Sticky Web\n|move|p1a: Tapu Lele|Psyshock|p2a: Galvantula\n|-damage|p2a: Galvantula|0 fnt\n|faint|p2a: Galvantula\n|\n|upkeep\n|\n|t:|1700338421\n|switch|p2a: Tapu Lele|Tapu Lele|100\/100\n|turn|4\n|\n|t:|1700338437\n|switch|p1a: Muk|Muk-Alola, F|100\/100\n|-activate|p1a: Muk|move: Sticky Web\n|-unboost|p1a: Muk|spe|1\n|move|p2a: Tapu Lele|Calm Mind|p2a: Tapu Lele\n|-boost|p2a: Tapu Lele|spa|1\n|-boost|p2a: Tapu Lele|spd|1\n|\n|upkeep\n|turn|5\n|\n|t:|1700338446\n|move|p2a: Tapu Lele|Draining Kiss|p1a: Muk\n|-damage|p1a: Muk|69\/100\n|-damage|p2a: Tapu Lele|91\/100|[from] item: Life Orb\n|move|p1a: Muk|Poison Jab|p2a: Tapu Lele\n|-supereffective|p2a: Tapu Lele\n|-damage|p2a: Tapu Lele|0 fnt\n|faint|p2a: Tapu Lele\n|\n|upkeep\n|\n|t:|1700338450\n|switch|p2a: Gallade|Gallade, M|100\/100\n|turn|6\n|\n|t:|1700338455\n|detailschange|p2a: Gallade|Gallade-Mega, M\n|-mega|p2a: Gallade|Gallade|Galladite\n|move|p2a: Gallade|Swords Dance|p2a: Gallade\n|-boost|p2a: Gallade|atk|2\n|move|p1a: Muk|Curse|p1a: Muk\n|-unboost|p1a: Muk|spe|1\n|-boost|p1a: Muk|atk|1\n|-boost|p1a: Muk|def|1\n|\n|-fieldend|move: Psychic Terrain\n|upkeep\n|turn|7\n|\n|t:|1700338460\n|move|p2a: Gallade|Earthquake|p1a: Muk\n|-supereffective|p1a: Muk\n|-damage|p1a: Muk|0 fnt\n|faint|p1a: Muk\n|\n|upkeep\n|\n|t:|1700338464\n|switch|p1a: Tapu Lele|Tapu Lele, shiny|100\/100 par\n|-activate|p1a: Tapu Lele|move: Sticky Web\n|-unboost|p1a: Tapu Lele|spe|1\n|-fieldstart|move: Psychic Terrain|[from] ability: Psychic Surge|[of] p1a: Tapu Lele\n|turn|8\n|\n|t:|1700338469\n|move|p2a: Gallade|Earthquake|p1a: Tapu Lele\n|-damage|p1a: Tapu Lele|0 fnt\n|faint|p1a: Tapu Lele\n|\n|upkeep\n|\n|t:|1700338478\n|switch|p1a: Rotom|Rotom-Wash|100\/100\n|turn|9\n|\n|t:|1700338484\n|move|p2a: Gallade|Drain Punch|p1a: Rotom\n|-damage|p1a: Rotom|9\/100\n|move|p1a: Rotom|Will-O-Wisp|p2a: Gallade\n|-status|p2a: Gallade|brn\n|\n|-heal|p1a: Rotom|15\/100|[from] item: Leftovers\n|-damage|p2a: Gallade|94\/100 brn|[from] brn\n|upkeep\n|turn|10\n|\n|t:|1700338488\n|switch|p1a: Gliscor|Gliscor, M, shiny|100\/100\n|move|p2a: Gallade|Drain Punch|p1a: Gliscor\n|-resisted|p1a: Gliscor\n|-damage|p1a: Gliscor|86\/100\n|-heal|p2a: Gallade|100\/100 brn|[from] drain|[of] p1a: Gliscor\n|\n|-damage|p2a: Gallade|94\/100 brn|[from] brn\n|-status|p1a: Gliscor|tox|[from] item: Toxic Orb\n|upkeep\n|turn|11\n|\n|t:|1700338500\n|move|p2a: Gallade|Triple Axel|p1a: Gliscor\n|-supereffective|p1a: Gliscor\n|-damage|p1a: Gliscor|67\/100 tox\n|-supereffective|p1a: Gliscor\n|-damage|p1a: Gliscor|26\/100 tox\n|-supereffective|p1a: Gliscor\n|-damage|p1a: Gliscor|0 fnt\n|faint|p1a: Gliscor\n|-hitcount|p1: Gliscor|3\n|\n|-damage|p2a: Gallade|88\/100 brn|[from] brn\n|upkeep\n|\n|t:|1700338510\n|switch|p1a: Kartana|Kartana|100\/100\n|-activate|p1a: Kartana|move: Sticky Web\n|-unboost|p1a: Kartana|spe|1\n|turn|12\n|\n|t:|1700338528\n|-terastallize|p1a: Kartana|Grass\n|move|p2a: Gallade|Earthquake|p1a: Kartana\n|-resisted|p1a: Kartana\n|-damage|p1a: Kartana|81\/100\n|move|p1a: Kartana|Leaf Blade|p2a: Gallade\n|-damage|p2a: Gallade|0 fnt\n|faint|p2a: Gallade\n|-ability|p1a: Kartana|Beast Boost|boost\n|-boost|p1a: Kartana|atk|1\n|-damage|p1a: Kartana|71\/100|[from] item: Life Orb\n|\n|-fieldend|move: Psychic Terrain\n|upkeep\n|c| Martin80|felicidades shinji\n|\n|t:|1700338543\n|switch|p2a: Thundurus|Thundurus-Therian, M|100\/100\n|turn|13\n|\n|t:|1700338550\n|-zpower|p2a: Thundurus\n|move|p2a: Thundurus|All-Out Pummeling|p1a: Kartana|[zeffect]\n|-damage|p1a: Kartana|0 fnt\n|faint|p1a: Kartana\n|\n|upkeep\n|\n|t:|1700338556\n|switch|p1a: Rotom|Rotom-Wash|15\/100\n|turn|14\n|\n|t:|1700338558\n|move|p2a: Thundurus|Thunderbolt|p1a: Rotom\n|-damage|p1a: Rotom|0 fnt\n|faint|p1a: Rotom\n|\n|win|Alexander90281\n|n|\u2606moyita4|moyita4\n|n|\u2606Alexander90281|alexander90281\n|n| nodogsaleystay|nodogsaleystay\n|n| Martin80|martin80\n|n| jaarce|jaarce\n","uploadtime":1700338560,"views":6,"p1id":"moyita4","p2id":"alexander90281","formatid":"gen9nationaldex","rating":0,"private":0,"password":""}