{"id":"gen9nationaldex-1987324103","p1":"Sylveon(404)","p2":"PeppsiAsiEs","format":"[Gen 9] National Dex","log":"|j|\u2606Sylveon(404)\n|j|\u2606PeppsiAsiEs\n|t:|1699577560\n|gametype|singles\n|player|p1|Sylveon(404)|serena|\n|player|p2|PeppsiAsiEs|poppy|\n|teamsize|p1|6\n|teamsize|p2|6\n|gen|9\n|tier|[Gen 9] National Dex\n|rule|HP Percentage Mod: HP is shown in percentages\n|rule|Endless Battle Clause: Forcing endless battles is banned\n|rule|OHKO Clause: OHKO moves are banned\n|rule|Evasion Clause: Evasion abilities, items, and moves are banned\n|rule|Evasion Abilities Clause: Evasion abilities are banned\n|rule|Evasion Items Clause: Evasion items are banned\n|rule|Evasion Moves Clause: Evasion moves are banned\n|rule|Species Clause: Limit one of each Pok\u00e9mon\n|rule|Sleep Clause Mod: Limit one foe put to sleep\n|clearpoke\n|poke|p1|Corviknight, M|\n|poke|p1|Dragonite, M|\n|poke|p1|Iron Jugulis|\n|poke|p1|Togekiss, M|\n|poke|p1|Mandibuzz, F|\n|poke|p1|Venusaur, F|\n|poke|p2|Skarmory, F|\n|poke|p2|Jirachi|\n|poke|p2|Celesteela|\n|poke|p2|Bisharp, M|\n|poke|p2|Aegislash, F|\n|poke|p2|Heatran, M|\n|teampreview\n|j| WSoldat\n|c| WSoldat|Dale pep ganale\n|c|\u2606Sylveon(404)|XD\n|j| xCookieBallx\n|c| WSoldat|Acaba con sus esperanzas\n|c|\u2606Sylveon(404)|ppe\n|c|\u2606Sylveon(404)|*pep\n|c|\u2606Sylveon(404)|sentiras el verdadero temor\n|c| WSoldat|Stalleale en la cara\n|c|\u2606Sylveon(404)|tranqui\n|c|\u2606Sylveon(404)|tengo a mandi y corvi\n|c|\u2606PeppsiAsiEs|Amiguitos, Salid a jugar, Pepito quiere ver este combate arder.\n|\n|t:|1699577666\n|start\n|switch|p1a: rosita|Venusaur, F|100\/100\n|switch|p2a: Skarmory|Skarmory, F|100\/100\n|turn|1\n|c| WSoldat|Retracto lo dicho\n|\n|t:|1699577674\n|detailschange|p1a: rosita|Venusaur-Mega, F\n|-mega|p1a: rosita|Venusaur|Venusaurite\n|move|p2a: Skarmory|Stealth Rock|p1a: rosita\n|-sidestart|p1: Sylveon(404)|move: Stealth Rock\n|move|p1a: rosita|Sleep Powder|p2a: Skarmory\n|-status|p2a: Skarmory|slp|[from] move: Sleep Powder\n|\n|upkeep\n|turn|2\n|c| WSoldat|Quemen a pep\n|\n|t:|1699577684\n|switch|p2a: Celesteela|Celesteela|100\/100\n|move|p1a: rosita|Giga Drain|p2a: Celesteela\n|-resisted|p2a: Celesteela\n|-damage|p2a: Celesteela|91\/100\n|\n|upkeep\n|turn|3\n|\n|t:|1699577694\n|switch|p1a: el yisus|Togekiss, M|100\/100\n|-damage|p1a: el yisus|76\/100|[from] Stealth Rock\n|move|p2a: Celesteela|Autotomize|p2a: Celesteela\n|-boost|p2a: Celesteela|spe|2\n|-start|p2a: Celesteela|Autotomize\n|\n|upkeep\n|turn|4\n|\n|t:|1699577703\n|move|p2a: Celesteela|Meteor Beam||[still]\n|-prepare|p2a: Celesteela|Meteor Beam\n|-boost|p2a: Celesteela|spa|1\n|-enditem|p2a: Celesteela|Power Herb\n|-anim|p2a: Celesteela|Meteor Beam|p1a: el yisus\n|-supereffective|p1a: el yisus\n|-damage|p1a: el yisus|0 fnt\n|faint|p1a: el yisus\n|-ability|p2a: Celesteela|Beast Boost|boost\n|-boost|p2a: Celesteela|spa|1\n|\n|upkeep\n|\n|t:|1699577715\n|switch|p1a: ferro cuelludo|Iron Jugulis|100\/100\n|-damage|p1a: ferro cuelludo|76\/100|[from] Stealth Rock\n|-enditem|p1a: ferro cuelludo|Booster Energy\n|-activate|p1a: ferro cuelludo|ability: Quark Drive|[fromitem]\n|-start|p1a: ferro cuelludo|quarkdrivespe\n|turn|5\n|\n|t:|1699577726\n|-terastallize|p1a: ferro cuelludo|Fire\n|move|p1a: ferro cuelludo|Flamethrower|p2a: Celesteela\n|-supereffective|p2a: Celesteela\n|-damage|p2a: Celesteela|8\/100\n|move|p2a: Celesteela|Flamethrower|p1a: ferro cuelludo\n|-resisted|p1a: ferro cuelludo\n|-damage|p1a: ferro cuelludo|42\/100\n|\n|upkeep\n|turn|6\n|\n|t:|1699577738\n|move|p1a: ferro cuelludo|Dark Pulse|p2a: Celesteela\n|-damage|p2a: Celesteela|0 fnt\n|faint|p2a: Celesteela\n|\n|upkeep\n|c| WSoldat|Que es eso de lighteneed?\n|\n|t:|1699577743\n|switch|p2a: Bisharp|Bisharp, M|100\/100\n|turn|7\n|c| WSoldat|A c murio\n|c| xCookieBallx|ligero\n|c|\u2606Sylveon(404)|q pesa menos\n|\n|t:|1699577754\n|move|p2a: Bisharp|Sucker Punch|p1a: ferro cuelludo\n|-damage|p1a: ferro cuelludo|0 fnt\n|faint|p1a: ferro cuelludo\n|-end|p1a: ferro cuelludo|Quark Drive|[silent]\n|\n|upkeep\n|\n|t:|1699577758\n|switch|p1a: barni|Dragonite, M|100\/100\n|-damage|p1a: barni|75\/100|[from] Stealth Rock\n|turn|8\n|\n|t:|1699577769\n|-terastallize|p2a: Bisharp|Dark\n|move|p1a: barni|Dragon Dance|p1a: barni\n|-boost|p1a: barni|atk|1\n|-boost|p1a: barni|spe|1\n|move|p2a: Bisharp|Knock Off|p1a: barni\n|-damage|p1a: barni|0 fnt\n|-enditem|p1a: barni|Weakness Policy|[from] move: Knock Off|[of] p2a: Bisharp\n|faint|p1a: barni\n|\n|upkeep\n|c|\u2606Sylveon(404)|otia\n|\n|t:|1699577781\n|switch|p1a: rosita|Venusaur-Mega, F|100\/100\n|-damage|p1a: rosita|88\/100|[from] Stealth Rock\n|turn|9\n|c|\u2606PeppsiAsiEs|Nunca subestimes a un alfil cuando se abren las lineas.\n|\n|t:|1699577792\n|move|p2a: Bisharp|Swords Dance|p2a: Bisharp\n|-boost|p2a: Bisharp|atk|2\n|move|p1a: rosita|Giga Drain|p2a: Bisharp\n|-damage|p2a: Bisharp|30\/100\n|-heal|p1a: rosita|100\/100|[from] drain|[of] p2a: Bisharp\n|\n|upkeep\n|turn|10\n|\n|t:|1699577799\n|move|p2a: Bisharp|Knock Off|p1a: rosita\n|-damage|p1a: rosita|2\/100\n|move|p1a: rosita|Giga Drain|p2a: Bisharp\n|-damage|p2a: Bisharp|0 fnt\n|-heal|p1a: rosita|16\/100|[from] drain|[of] p2a: Bisharp\n|faint|p2a: Bisharp\n|\n|upkeep\n|c|\u2606Sylveon(404)|esos\n|\n|t:|1699577810\n|switch|p2a: Aegislash|Aegislash, F|100\/100\n|turn|11\n|c|\u2606Sylveon(404)|4 evs\n|c|\u2606Sylveon(404)|en ps\n|c|\u2606Sylveon(404)|ayudaron\n|c|\u2606Sylveon(404)|?\n|\n|t:|1699577819\n|move|p1a: rosita|Earth Power|p2a: Aegislash\n|-supereffective|p2a: Aegislash\n|-damage|p2a: Aegislash|49\/100\n|-enditem|p2a: Aegislash|Weakness Policy\n|-boost|p2a: Aegislash|atk|2|[from] item: Weakness Policy\n|-boost|p2a: Aegislash|spa|2|[from] item: Weakness Policy\n|move|p2a: Aegislash|Swords Dance|p2a: Aegislash\n|-boost|p2a: Aegislash|atk|2\n|\n|upkeep\n|turn|12\n|\n|t:|1699577828\n|-formechange|p2a: Aegislash|Aegislash-Blade||[from] ability: Stance Change\n|move|p2a: Aegislash|Shadow Sneak|p1a: rosita\n|-damage|p1a: rosita|0 fnt\n|faint|p1a: rosita\n|\n|upkeep\n|\n|t:|1699577834\n|switch|p1a: night bird|Corviknight, M|100\/100\n|-damage|p1a: night bird|88\/100|[from] Stealth Rock\n|turn|13\n|\n|t:|1699577839\n|move|p1a: night bird|Iron Defense|p1a: night bird\n|-boost|p1a: night bird|def|2\n|move|p2a: Aegislash|Close Combat|p1a: night bird\n|-damage|p1a: night bird|37\/100\n|-unboost|p2a: Aegislash|def|1\n|-unboost|p2a: Aegislash|spd|1\n|\n|-heal|p1a: night bird|43\/100|[from] item: Leftovers\n|upkeep\n|turn|14\n|\n|t:|1699577851\n|move|p1a: night bird|Drill Peck|p2a: Aegislash\n|-resisted|p2a: Aegislash\n|-damage|p2a: Aegislash|17\/100\n|move|p2a: Aegislash|Close Combat|p1a: night bird\n|-damage|p1a: night bird|0 fnt\n|-unboost|p2a: Aegislash|def|1\n|-unboost|p2a: Aegislash|spd|1\n|faint|p1a: night bird\n|\n|upkeep\n|c| WSoldat|No aprendia sacred sword?\n|\n|t:|1699577859\n|switch|p1a: :0|Mandibuzz, F|100\/100\n|-damage|p1a: :0|76\/100|[from] Stealth Rock\n|turn|15\n|c|\u2606Sylveon(404)|sis\n|\n|t:|1699577867\n|move|p2a: Aegislash|Shadow Sneak|p1a: :0\n|-resisted|p1a: :0\n|-damage|p1a: :0|52\/100\n|-damage|p2a: Aegislash|0 fnt|[from] item: Rocky Helmet|[of] p1a: :0\n|faint|p2a: Aegislash\n|move|p1a: :0|Roost|p1a: :0\n|-heal|p1a: :0|100\/100\n|-singleturn|p1a: :0|move: Roost\n|\n|upkeep\n|\n|t:|1699577877\n|switch|p2a: Heatran|Heatran, M|100\/100\n|-item|p2a: Heatran|Air Balloon\n|turn|16\n|\n|t:|1699577882\n|move|p1a: :0|Foul Play|p2a: Heatran\n|-damage|p2a: Heatran|77\/100\n|-enditem|p2a: Heatran|Air Balloon\n|move|p2a: Heatran|Taunt|p1a: :0\n|-start|p1a: :0|move: Taunt\n|\n|upkeep\n|turn|17\n|\n|t:|1699577890\n|move|p1a: :0|Foul Play|p2a: Heatran\n|-damage|p2a: Heatran|55\/100\n|move|p2a: Heatran|Magma Storm|p1a: :0\n|-damage|p1a: :0|65\/100\n|-activate|p1a: :0|move: Magma Storm|[of] p2a: Heatran\n|\n|-damage|p1a: :0|53\/100|[from] move: Magma Storm|[partiallytrapped]\n|upkeep\n|turn|18\n|\n|t:|1699577897\n|move|p1a: :0|Foul Play|p2a: Heatran\n|-damage|p2a: Heatran|33\/100\n|move|p2a: Heatran|Magma Storm|p1a: :0\n|-damage|p1a: :0|17\/100\n|\n|-damage|p1a: :0|5\/100|[from] move: Magma Storm|[partiallytrapped]\n|upkeep\n|turn|19\n|c|\u2606Sylveon(404)|no fallo\n|c|\u2606PeppsiAsiEs|Que manera elegante de acabar un combate\n|c|\u2606Sylveon(404)|pipipi\n|c|\u2606PeppsiAsiEs|Como siempre, demostrando que me merezco mi puesto de alto mando\n|\n|t:|1699577926\n|move|p1a: :0|Foul Play|p2a: Heatran\n|-damage|p2a: Heatran|9\/100\n|move|p2a: Heatran|Magma Storm|p1a: :0\n|-damage|p1a: :0|0 fnt\n|faint|p1a: :0\n|\n|win|PeppsiAsiEs\n|c|\u2606Sylveon(404)|no fallo\n|c|\u2606Sylveon(404)|ninguna de las 3\n|c|\u2606Sylveon(404)|waos\n|l| WSoldat\n|c| xCookieBallx|Tiene Fe\n|c|\u2606PeppsiAsiEs|Si y yo tenia thunderbolt con jirachi\n|c|\u2606Sylveon(404)|XD\n|l|\u2606Sylveon(404)\n","uploadtime":1699577935,"views":19,"p1id":"sylveon404","p2id":"peppsiasies","formatid":"gen9nationaldex","rating":0,"private":0,"password":""}