{"id":"gen9nationaldex-1992949631","p1":"poklmn","p2":"captainpuff123","format":"[Gen 9] National Dex","log":"|j|\u2606poklmn\n|j|\u2606captainpuff123\n|t:|1700249524\n|gametype|singles\n|player|p1|poklmn|dawn|1492\n|player|p2|captainpuff123|101|1374\n|teamsize|p1|6\n|teamsize|p2|6\n|gen|9\n|tier|[Gen 9] National Dex\n|rated|\n|rule|HP Percentage Mod: HP is shown in percentages\n|rule|Endless Battle Clause: Forcing endless battles is banned\n|rule|OHKO Clause: OHKO moves are banned\n|rule|Evasion Clause: Evasion abilities, items, and moves are banned\n|rule|Evasion Abilities Clause: Evasion abilities are banned\n|rule|Evasion Items Clause: Evasion items are banned\n|rule|Evasion Moves Clause: Evasion moves are banned\n|rule|Species Clause: Limit one of each Pok\u00e9mon\n|rule|Sleep Clause Mod: Limit one foe put to sleep\n|clearpoke\n|poke|p1|Toxapex, F|\n|poke|p1|Dondozo, M|\n|poke|p1|Garganacl, M|\n|poke|p1|Sableye, M|\n|poke|p1|Clodsire, M|\n|poke|p1|Gliscor, M|\n|poke|p2|Ferrothorn, M|\n|poke|p2|Urshifu-*, M|\n|poke|p2|Iron Hands|\n|poke|p2|Garchomp, M|\n|poke|p2|Charizard, M|\n|poke|p2|Great Tusk|\n|teampreview\n|inactive|Battle timer is ON: inactive players will automatically lose when time's up. (requested by captainpuff123)\n|\n|t:|1700249536\n|start\n|switch|p1a: Sableye|Sableye, M|100\/100\n|switch|p2a: Mr UU|Garchomp, M|100\/100\n|turn|1\n|\n|t:|1700249548\n|switch|p2a: My baby|Charizard, M, shiny|100\/100\n|move|p1a: Sableye|Will-O-Wisp|p2a: My baby\n|-immune|p2a: My baby\n|\n|upkeep\n|turn|2\n|\n|t:|1700249556\n|switch|p1a: Clodsire|Clodsire, M|100\/100\n|detailschange|p2a: My baby|Charizard-Mega-Y, M, shiny\n|-mega|p2a: My baby|Charizard|Charizardite Y\n|-weather|SunnyDay|[from] ability: Drought|[of] p2a: My baby\n|move|p2a: My baby|Weather Ball|p1a: Clodsire\n|-damage|p1a: Clodsire|51\/100\n|\n|-weather|SunnyDay|[upkeep]\n|upkeep\n|turn|3\n|\n|t:|1700249568\n|switch|p1a: Toxapex|Toxapex, F|100\/100\n|move|p2a: My baby|Solar Beam||[still]\n|-prepare|p2a: My baby|Solar Beam\n|-anim|p2a: My baby|Solar Beam|p1a: Toxapex\n|-damage|p1a: Toxapex|66\/100\n|\n|-weather|SunnyDay|[upkeep]\n|upkeep\n|turn|4\n|\n|t:|1700249591\n|switch|p2a: Mr homophobia|Ferrothorn, M|100\/100\n|move|p1a: Toxapex|Toxic|p2a: Mr homophobia\n|-immune|p2a: Mr homophobia\n|\n|-weather|SunnyDay|[upkeep]\n|upkeep\n|turn|5\n|\n|t:|1700249597\n|switch|p1a: Clodsire|Clodsire, M|51\/100\n|move|p2a: Mr homophobia|Leech Seed|p1a: Clodsire\n|-start|p1a: Clodsire|move: Leech Seed\n|\n|-weather|SunnyDay|[upkeep]\n|-damage|p1a: Clodsire|38\/100|[from] Leech Seed|[of] p2a: Mr homophobia\n|upkeep\n|turn|6\n|\n|t:|1700249601\n|move|p1a: Clodsire|Recover|p1a: Clodsire\n|-heal|p1a: Clodsire|88\/100\n|move|p2a: Mr homophobia|Curse|p2a: Mr homophobia\n|-unboost|p2a: Mr homophobia|spe|1\n|-boost|p2a: Mr homophobia|atk|1\n|-boost|p2a: Mr homophobia|def|1\n|\n|-weather|none\n|-damage|p1a: Clodsire|76\/100|[from] Leech Seed|[of] p2a: Mr homophobia\n|upkeep\n|turn|7\n|\n|t:|1700249606\n|move|p1a: Clodsire|Spikes|p2a: Mr homophobia\n|-sidestart|p2: captainpuff123|Spikes\n|move|p2a: Mr homophobia|Curse|p2a: Mr homophobia\n|-unboost|p2a: Mr homophobia|spe|1\n|-boost|p2a: Mr homophobia|atk|1\n|-boost|p2a: Mr homophobia|def|1\n|\n|-damage|p1a: Clodsire|63\/100|[from] Leech Seed|[of] p2a: Mr homophobia\n|upkeep\n|turn|8\n|\n|t:|1700249609\n|move|p1a: Clodsire|Spikes|p2a: Mr homophobia\n|-sidestart|p2: captainpuff123|Spikes\n|move|p2a: Mr homophobia|Gyro Ball|p1a: Clodsire\n|-damage|p1a: Clodsire|30\/100\n|\n|-damage|p1a: Clodsire|18\/100|[from] Leech Seed|[of] p2a: Mr homophobia\n|upkeep\n|turn|9\n|\n|t:|1700249619\n|move|p1a: Clodsire|Recover|p1a: Clodsire\n|-heal|p1a: Clodsire|68\/100\n|move|p2a: Mr homophobia|Curse|p2a: Mr homophobia\n|-unboost|p2a: Mr homophobia|spe|1\n|-boost|p2a: Mr homophobia|atk|1\n|-boost|p2a: Mr homophobia|def|1\n|\n|-damage|p1a: Clodsire|55\/100|[from] Leech Seed|[of] p2a: Mr homophobia\n|upkeep\n|turn|10\n|\n|t:|1700249630\n|move|p1a: Clodsire|Recover|p1a: Clodsire\n|-heal|p1a: Clodsire|100\/100\n|move|p2a: Mr homophobia|Power Whip|p1a: Clodsire\n|-damage|p1a: Clodsire|54\/100\n|\n|-damage|p1a: Clodsire|41\/100|[from] Leech Seed|[of] p2a: Mr homophobia\n|upkeep\n|turn|11\n|\n|t:|1700249637\n|move|p1a: Clodsire|Recover|p1a: Clodsire\n|-heal|p1a: Clodsire|91\/100\n|move|p2a: Mr homophobia|Power Whip|p1a: Clodsire\n|-damage|p1a: Clodsire|51\/100\n|\n|-damage|p1a: Clodsire|38\/100|[from] Leech Seed|[of] p2a: Mr homophobia\n|upkeep\n|turn|12\n|\n|t:|1700249666\n|move|p1a: Clodsire|Recover|p1a: Clodsire\n|-heal|p1a: Clodsire|88\/100\n|move|p2a: Mr homophobia|Gyro Ball|p1a: Clodsire\n|-damage|p1a: Clodsire|43\/100\n|\n|-damage|p1a: Clodsire|30\/100|[from] Leech Seed|[of] p2a: Mr homophobia\n|upkeep\n|turn|13\n|\n|t:|1700249675\n|move|p1a: Clodsire|Spikes|p2a: Mr homophobia\n|-sidestart|p2: captainpuff123|Spikes\n|move|p2a: Mr homophobia|Curse|p2a: Mr homophobia\n|-unboost|p2a: Mr homophobia|spe|1\n|-boost|p2a: Mr homophobia|atk|1\n|-boost|p2a: Mr homophobia|def|1\n|\n|-damage|p1a: Clodsire|18\/100|[from] Leech Seed|[of] p2a: Mr homophobia\n|upkeep\n|turn|14\n|\n|t:|1700249679\n|move|p1a: Clodsire|Earthquake|p2a: Mr homophobia\n|-damage|p2a: Mr homophobia|83\/100\n|move|p2a: Mr homophobia|Curse|p2a: Mr homophobia\n|-unboost|p2a: Mr homophobia|spe|1\n|-boost|p2a: Mr homophobia|atk|1\n|-boost|p2a: Mr homophobia|def|1\n|\n|-heal|p2a: Mr homophobia|90\/100|[from] item: Leftovers\n|-damage|p1a: Clodsire|5\/100|[from] Leech Seed|[of] p2a: Mr homophobia\n|-heal|p2a: Mr homophobia|100\/100|[silent]\n|upkeep\n|turn|15\n|\n|t:|1700249682\n|move|p1a: Clodsire|Earthquake|p2a: Mr homophobia\n|-damage|p2a: Mr homophobia|83\/100\n|move|p2a: Mr homophobia|Curse|p2a: Mr homophobia\n|-unboost|p2a: Mr homophobia|spe|1\n|-boost|p2a: Mr homophobia|atk|1\n|-boost|p2a: Mr homophobia|def|1\n|\n|-heal|p2a: Mr homophobia|90\/100|[from] item: Leftovers\n|-damage|p1a: Clodsire|0 fnt|[from] Leech Seed|[of] p2a: Mr homophobia\n|-heal|p2a: Mr homophobia|96\/100|[silent]\n|faint|p1a: Clodsire\n|upkeep\n|\n|t:|1700249685\n|switch|p1a: Sableye|Sableye, M|100\/100\n|turn|16\n|\n|t:|1700249690\n|move|p1a: Sableye|Will-O-Wisp|p2a: Mr homophobia\n|-status|p2a: Mr homophobia|brn\n|move|p2a: Mr homophobia|Gyro Ball|p1a: Sableye\n|-damage|p1a: Sableye|6\/100\n|\n|-heal|p2a: Mr homophobia|100\/100 brn|[from] item: Leftovers\n|-damage|p2a: Mr homophobia|94\/100 brn|[from] brn\n|upkeep\n|turn|17\n|\n|t:|1700249697\n|move|p1a: Sableye|Protect|p1a: Sableye\n|-singleturn|p1a: Sableye|Protect\n|move|p2a: Mr homophobia|Gyro Ball|p1a: Sableye\n|-activate|p1a: Sableye|move: Protect\n|\n|-heal|p2a: Mr homophobia|100\/100 brn|[from] item: Leftovers\n|-damage|p2a: Mr homophobia|94\/100 brn|[from] brn\n|upkeep\n|turn|18\n|\n|t:|1700249711\n|detailschange|p1a: Sableye|Sableye-Mega, M\n|-mega|p1a: Sableye|Sableye|Sablenite\n|move|p1a: Sableye|Knock Off|p2a: Mr homophobia\n|-damage|p2a: Mr homophobia|90\/100 brn\n|-damage|p1a: Sableye|0 fnt|[from] ability: Iron Barbs|[of] p2a: Mr homophobia\n|faint|p1a: Sableye\n|move|p2a: Mr homophobia|Leech Seed|p1: Sableye|[notarget]\n|-fail|p2a: Mr homophobia\n|\n|-heal|p2a: Mr homophobia|96\/100 brn|[from] item: Leftovers\n|-damage|p2a: Mr homophobia|90\/100 brn|[from] brn\n|upkeep\n|\n|t:|1700249722\n|switch|p1a: Garganacl|Garganacl, M|100\/100\n|turn|19\n|\n|t:|1700249729\n|move|p1a: Garganacl|Salt Cure|p2a: Mr homophobia\n|-resisted|p2a: Mr homophobia\n|-damage|p2a: Mr homophobia|89\/100 brn\n|-start|p2a: Mr homophobia|Salt Cure\n|move|p2a: Mr homophobia|Gyro Ball|p1a: Garganacl\n|-supereffective|p1a: Garganacl\n|-damage|p1a: Garganacl|0 fnt\n|faint|p1a: Garganacl\n|\n|-heal|p2a: Mr homophobia|95\/100 brn|[from] item: Leftovers\n|-damage|p2a: Mr homophobia|89\/100 brn|[from] brn\n|-damage|p2a: Mr homophobia|64\/100 brn|[from] Salt Cure\n|upkeep\n|\n|t:|1700249739\n|switch|p1a: Toxapex|Toxapex, F|99\/100\n|turn|20\n|\n|t:|1700249742\n|move|p1a: Toxapex|Haze|p1a: Toxapex\n|-clearallboost\n|move|p2a: Mr homophobia|Gyro Ball|p1a: Toxapex\n|-resisted|p1a: Toxapex\n|-damage|p1a: Toxapex|96\/100\n|\n|-heal|p2a: Mr homophobia|70\/100 brn|[from] item: Leftovers\n|-damage|p2a: Mr homophobia|64\/100 brn|[from] brn\n|-damage|p2a: Mr homophobia|39\/100 brn|[from] Salt Cure\n|upkeep\n|turn|21\n|\n|t:|1700249752\n|switch|p2a: Great Tusk|Great Tusk|100\/100\n|move|p1a: Toxapex|Toxic|p2a: Great Tusk\n|-status|p2a: Great Tusk|tox\n|\n|-damage|p2a: Great Tusk|94\/100 tox|[from] psn\n|upkeep\n|turn|22\n|\n|t:|1700249757\n|switch|p1a: Gliscor|Gliscor, M|100\/100\n|move|p2a: Great Tusk|Rapid Spin|p1a: Gliscor\n|-damage|p1a: Gliscor|89\/100\n|-boost|p2a: Great Tusk|spe|1\n|-sideend|p2: captainpuff123|Spikes|[from] move: Rapid Spin|[of] p2a: Great Tusk\n|\n|-damage|p2a: Great Tusk|82\/100 tox|[from] psn\n|-status|p1a: Gliscor|tox|[from] item: Toxic Orb\n|upkeep\n|turn|23\n|\n|t:|1700249764\n|move|p2a: Great Tusk|Ice Spinner|p1a: Gliscor\n|-supereffective|p1a: Gliscor\n|-damage|p1a: Gliscor|13\/100 tox\n|move|p1a: Gliscor|Earthquake|p2a: Great Tusk\n|-damage|p2a: Great Tusk|57\/100 tox\n|\n|-damage|p2a: Great Tusk|38\/100 tox|[from] psn\n|-heal|p1a: Gliscor|26\/100 tox|[from] ability: Poison Heal\n|upkeep\n|turn|24\n|\n|t:|1700249771\n|switch|p1a: Dondozo|Dondozo, M|100\/100\n|move|p2a: Great Tusk|Ice Spinner|p1a: Dondozo\n|-resisted|p1a: Dondozo\n|-damage|p1a: Dondozo|94\/100\n|\n|-heal|p1a: Dondozo|100\/100|[from] item: Leftovers\n|-damage|p2a: Great Tusk|13\/100 tox|[from] psn\n|upkeep\n|turn|25\n|\n|t:|1700249778\n|-end|p2a: Great Tusk|Protosynthesis|[silent]\n|switch|p2a: Mr homophobia|Ferrothorn, M|39\/100 brn\n|move|p1a: Dondozo|Curse|p1a: Dondozo\n|-unboost|p1a: Dondozo|spe|1\n|-boost|p1a: Dondozo|atk|1\n|-boost|p1a: Dondozo|def|1\n|\n|-heal|p2a: Mr homophobia|45\/100 brn|[from] item: Leftovers\n|-damage|p2a: Mr homophobia|39\/100 brn|[from] brn\n|upkeep\n|turn|26\n|\n|t:|1700249785\n|move|p1a: Dondozo|Liquidation|p2a: Mr homophobia\n|-resisted|p2a: Mr homophobia\n|-damage|p2a: Mr homophobia|25\/100 brn\n|-unboost|p2a: Mr homophobia|def|1\n|-damage|p1a: Dondozo|88\/100|[from] ability: Iron Barbs|[of] p2a: Mr homophobia\n|move|p2a: Mr homophobia|Leech Seed|p1a: Dondozo\n|-start|p1a: Dondozo|move: Leech Seed\n|\n|-heal|p1a: Dondozo|94\/100|[from] item: Leftovers\n|-heal|p2a: Mr homophobia|31\/100 brn|[from] item: Leftovers\n|-damage|p1a: Dondozo|82\/100|[from] Leech Seed|[of] p2a: Mr homophobia\n|-heal|p2a: Mr homophobia|49\/100 brn|[silent]\n|-damage|p2a: Mr homophobia|43\/100 brn|[from] brn\n|upkeep\n|turn|27\n|\n|t:|1700249793\n|switch|p1a: Gliscor|Gliscor, M|26\/100 tox\n|move|p2a: Mr homophobia|Power Whip|p1a: Gliscor\n|-damage|p1a: Gliscor|14\/100 tox\n|\n|-heal|p2a: Mr homophobia|49\/100 brn|[from] item: Leftovers\n|-heal|p1a: Gliscor|27\/100 tox|[from] ability: Poison Heal\n|-damage|p2a: Mr homophobia|43\/100 brn|[from] brn\n|upkeep\n|turn|28\n|\n|t:|1700249800\n|switch|p2a: Mr UU|Garchomp, M|100\/100\n|move|p1a: Gliscor|Roost|p1a: Gliscor\n|-heal|p1a: Gliscor|77\/100 tox\n|-singleturn|p1a: Gliscor|move: Roost\n|\n|-heal|p1a: Gliscor|89\/100 tox|[from] ability: Poison Heal\n|upkeep\n|turn|29\n|\n|t:|1700249804\n|move|p2a: Mr UU|Stealth Rock|p1a: Gliscor\n|-sidestart|p1: poklmn|move: Stealth Rock\n|move|p1a: Gliscor|Toxic|p2a: Mr UU\n|-status|p2a: Mr UU|tox\n|\n|-damage|p2a: Mr UU|94\/100 tox|[from] psn\n|-heal|p1a: Gliscor|100\/100 tox|[from] ability: Poison Heal\n|upkeep\n|turn|30\n|\n|t:|1700249809\n|move|p2a: Mr UU|Swords Dance|p2a: Mr UU\n|-boost|p2a: Mr UU|atk|2\n|move|p1a: Gliscor|Defog|p2a: Mr UU\n|-unboost|p2a: Mr UU|evasion|1\n|-sideend|p1: poklmn|Stealth Rock|[from] move: Defog|[of] p1a: Gliscor\n|\n|-damage|p2a: Mr UU|82\/100 tox|[from] psn\n|upkeep\n|turn|31\n|\n|t:|1700249812\n|switch|p1a: Dondozo|Dondozo, M|82\/100\n|-zpower|p2a: Mr UU\n|move|p2a: Mr UU|Devastating Drake|p1a: Dondozo|[zeffect]\n|-damage|p1a: Dondozo|34\/100\n|\n|-heal|p1a: Dondozo|40\/100|[from] item: Leftovers\n|-damage|p2a: Mr UU|64\/100 tox|[from] psn\n|upkeep\n|turn|32\n|\n|t:|1700249819\n|move|p2a: Mr UU|Outrage|p1a: Dondozo\n|-damage|p1a: Dondozo|10\/100\n|move|p1a: Dondozo|Rest|p1a: Dondozo\n|-status|p1a: Dondozo|slp|[from] move: Rest\n|-heal|p1a: Dondozo|100\/100 slp|[silent]\n|\n|-damage|p2a: Mr UU|39\/100 tox|[from] psn\n|upkeep\n|turn|33\n|\n|t:|1700249825\n|move|p2a: Mr UU|Outrage|p1a: Dondozo|[from]lockedmove\n|-damage|p1a: Dondozo|74\/100 slp\n|cant|p1a: Dondozo|slp\n|move|p1a: Dondozo|Sleep Talk|p1a: Dondozo\n|move|p1a: Dondozo|Curse|p1a: Dondozo|[from]move: Sleep Talk\n|-unboost|p1a: Dondozo|spe|1\n|-boost|p1a: Dondozo|atk|1\n|-boost|p1a: Dondozo|def|1\n|\n|-heal|p1a: Dondozo|81\/100 slp|[from] item: Leftovers\n|-damage|p2a: Mr UU|8\/100 tox|[from] psn\n|upkeep\n|turn|34\n|\n|t:|1700249828\n|move|p2a: Mr UU|Outrage|p1a: Dondozo|[from]lockedmove\n|-damage|p1a: Dondozo|63\/100 slp\n|-start|p2a: Mr UU|confusion|[fatigue]\n|cant|p1a: Dondozo|slp\n|move|p1a: Dondozo|Sleep Talk|p1a: Dondozo\n|move|p1a: Dondozo|Rest||[from]move: Sleep Talk|[still]\n|-fail|p1a: Dondozo\n|\n|-heal|p1a: Dondozo|69\/100 slp|[from] item: Leftovers\n|-damage|p2a: Mr UU|0 fnt|[from] psn\n|faint|p2a: Mr UU\n|upkeep\n|\n|t:|1700249833\n|switch|p2a: Mr handy|Iron Hands|100\/100\n|-enditem|p2a: Mr handy|Booster Energy\n|-activate|p2a: Mr handy|ability: Quark Drive|[fromitem]\n|-start|p2a: Mr handy|quarkdriveatk\n|turn|35\n|\n|t:|1700249837\n|-terastallize|p1a: Dondozo|Dragon\n|move|p2a: Mr handy|Thunder Punch|p1a: Dondozo\n|-resisted|p1a: Dondozo\n|-damage|p1a: Dondozo|59\/100 slp\n|-curestatus|p1a: Dondozo|slp|[msg]\n|move|p1a: Dondozo|Sleep Talk||[still]\n|-fail|p1a: Dondozo\n|\n|-heal|p1a: Dondozo|66\/100|[from] item: Leftovers\n|upkeep\n|turn|36\n|\n|t:|1700249845\n|move|p2a: Mr handy|Ice Punch|p1a: Dondozo\n|-supereffective|p1a: Dondozo\n|-damage|p1a: Dondozo|41\/100\n|move|p1a: Dondozo|Liquidation|p2a: Mr handy\n|-damage|p2a: Mr handy|71\/100\n|\n|-heal|p1a: Dondozo|47\/100|[from] item: Leftovers\n|upkeep\n|turn|37\n|\n|t:|1700249858\n|move|p2a: Mr handy|Ice Punch|p1a: Dondozo\n|-supereffective|p1a: Dondozo\n|-damage|p1a: Dondozo|23\/100\n|move|p1a: Dondozo|Rest|p1a: Dondozo\n|-status|p1a: Dondozo|slp|[from] move: Rest\n|-heal|p1a: Dondozo|100\/100 slp|[silent]\n|\n|upkeep\n|turn|38\n|\n|t:|1700249861\n|-end|p2a: Mr handy|Quark Drive|[silent]\n|switch|p2a: Great Tusk|Great Tusk|13\/100 tox\n|cant|p1a: Dondozo|slp\n|move|p1a: Dondozo|Sleep Talk|p1a: Dondozo\n|move|p1a: Dondozo|Curse|p1a: Dondozo|[from]move: Sleep Talk\n|-unboost|p1a: Dondozo|spe|1\n|-boost|p1a: Dondozo|atk|1\n|-boost|p1a: Dondozo|def|1\n|\n|-damage|p2a: Great Tusk|7\/100 tox|[from] psn\n|upkeep\n|turn|39\n|\n|t:|1700249865\n|move|p2a: Great Tusk|Ice Spinner|p1a: Dondozo\n|-supereffective|p1a: Dondozo\n|-damage|p1a: Dondozo|87\/100 slp\n|cant|p1a: Dondozo|slp\n|move|p1a: Dondozo|Sleep Talk|p1a: Dondozo\n|move|p1a: Dondozo|Curse|p1a: Dondozo|[from]move: Sleep Talk\n|-unboost|p1a: Dondozo|spe|1\n|-boost|p1a: Dondozo|atk|1\n|-boost|p1a: Dondozo|def|1\n|\n|-heal|p1a: Dondozo|93\/100 slp|[from] item: Leftovers\n|-damage|p2a: Great Tusk|0 fnt|[from] psn\n|faint|p2a: Great Tusk\n|-end|p2a: Great Tusk|Protosynthesis|[silent]\n|upkeep\n|\n|t:|1700249871\n|switch|p2a: My baby|Charizard-Mega-Y, M, shiny|100\/100\n|-weather|SunnyDay|[from] ability: Drought|[of] p2a: My baby\n|turn|40\n|\n|t:|1700249877\n|move|p2a: My baby|Dragon Pulse|p1a: Dondozo\n|-supereffective|p1a: Dondozo\n|-damage|p1a: Dondozo|25\/100 slp\n|-curestatus|p1a: Dondozo|slp|[msg]\n|move|p1a: Dondozo|Sleep Talk||[still]\n|-fail|p1a: Dondozo\n|\n|-weather|SunnyDay|[upkeep]\n|-heal|p1a: Dondozo|31\/100|[from] item: Leftovers\n|upkeep\n|turn|41\n|\n|t:|1700249887\n|switch|p1a: Toxapex|Toxapex, F|100\/100\n|move|p2a: My baby|Dragon Pulse|p1a: Toxapex\n|-damage|p1a: Toxapex|76\/100\n|\n|-weather|SunnyDay|[upkeep]\n|upkeep\n|turn|42\n|\n|t:|1700249893\n|switch|p2a: Mr homophobia|Ferrothorn, M|43\/100 brn\n|move|p1a: Toxapex|Scald|p2a: Mr homophobia\n|-resisted|p2a: Mr homophobia\n|-damage|p2a: Mr homophobia|39\/100 brn\n|\n|-weather|SunnyDay|[upkeep]\n|-heal|p2a: Mr homophobia|46\/100 brn|[from] item: Leftovers\n|-damage|p2a: Mr homophobia|39\/100 brn|[from] brn\n|upkeep\n|turn|43\n|\n|t:|1700249904\n|switch|p1a: Gliscor|Gliscor, M|100\/100 tox\n|move|p2a: Mr homophobia|Leech Seed|p1a: Gliscor|[miss]\n|-miss|p2a: Mr homophobia|p1a: Gliscor\n|\n|-weather|SunnyDay|[upkeep]\n|-heal|p2a: Mr homophobia|46\/100 brn|[from] item: Leftovers\n|-damage|p2a: Mr homophobia|39\/100 brn|[from] brn\n|upkeep\n|turn|44\n|\n|t:|1700249910\n|move|p1a: Gliscor|Earthquake|p2a: Mr homophobia\n|-damage|p2a: Mr homophobia|19\/100 brn\n|move|p2a: Mr homophobia|Leech Seed|p1a: Gliscor\n|-start|p1a: Gliscor|move: Leech Seed\n|\n|-weather|none\n|-heal|p2a: Mr homophobia|25\/100 brn|[from] item: Leftovers\n|-damage|p1a: Gliscor|88\/100 tox|[from] Leech Seed|[of] p2a: Mr homophobia\n|-heal|p2a: Mr homophobia|37\/100 brn|[silent]\n|-heal|p1a: Gliscor|100\/100 tox|[from] ability: Poison Heal\n|-damage|p2a: Mr homophobia|31\/100 brn|[from] brn\n|upkeep\n|turn|45\n|\n|t:|1700249915\n|switch|p2a: Ragnar|Urshifu-Rapid-Strike, M|100\/100\n|move|p1a: Gliscor|Earthquake|p2a: Ragnar\n|-damage|p2a: Ragnar|67\/100\n|\n|-damage|p1a: Gliscor|88\/100 tox|[from] Leech Seed|[of] p2a: Ragnar\n|-heal|p2a: Ragnar|79\/100|[silent]\n|-heal|p1a: Gliscor|100\/100 tox|[from] ability: Poison Heal\n|upkeep\n|turn|46\n|\n|t:|1700249922\n|switch|p1a: Toxapex|Toxapex, F|100\/100\n|move|p2a: Ragnar|U-turn|p1a: Toxapex\n|-resisted|p1a: Toxapex\n|-damage|p1a: Toxapex|87\/100\n|\n|t:|1700249927\n|switch|p2a: Mr handy|Iron Hands|71\/100|[from] U-turn\n|\n|upkeep\n|turn|47\n|\n|t:|1700249935\n|switch|p1a: Dondozo|Dondozo, M, tera:Dragon|31\/100\n|move|p2a: Mr handy|Thunder Punch|p1a: Dondozo\n|-resisted|p1a: Dondozo\n|-damage|p1a: Dondozo|21\/100\n|\n|-heal|p1a: Dondozo|27\/100|[from] item: Leftovers\n|upkeep\n|turn|48\n|\n|t:|1700249941\n|move|p2a: Mr handy|Ice Punch|p1a: Dondozo\n|-supereffective|p1a: Dondozo\n|-damage|p1a: Dondozo|0 fnt\n|faint|p1a: Dondozo\n|\n|upkeep\n|\n|t:|1700249945\n|switch|p1a: Gliscor|Gliscor, M|100\/100 tox\n|turn|49\n|\n|t:|1700249947\n|move|p1a: Gliscor|Toxic|p2a: Mr handy\n|-status|p2a: Mr handy|tox\n|move|p2a: Mr handy|Ice Punch|p1a: Gliscor\n|-supereffective|p1a: Gliscor\n|-damage|p1a: Gliscor|26\/100 tox\n|\n|-heal|p1a: Gliscor|38\/100 tox|[from] ability: Poison Heal\n|-damage|p2a: Mr handy|65\/100 tox|[from] psn\n|upkeep\n|turn|50\n|\n|t:|1700249952\n|switch|p1a: Toxapex|Toxapex, F|100\/100\n|move|p2a: Mr handy|Ice Punch|p1a: Toxapex\n|-resisted|p1a: Toxapex\n|-damage|p1a: Toxapex|89\/100\n|\n|-damage|p2a: Mr handy|53\/100 tox|[from] psn\n|upkeep\n|turn|51\n|\n|t:|1700249956\n|move|p2a: Mr handy|Thunder Punch|p1a: Toxapex\n|-supereffective|p1a: Toxapex\n|-damage|p1a: Toxapex|14\/100\n|move|p1a: Toxapex|Recover|p1a: Toxapex\n|-heal|p1a: Toxapex|64\/100\n|\n|-damage|p2a: Mr handy|35\/100 tox|[from] psn\n|upkeep\n|turn|52\n|\n|t:|1700249960\n|switch|p1a: Gliscor|Gliscor, M|38\/100 tox\n|move|p2a: Mr handy|Thunder Punch|p1a: Gliscor\n|-immune|p1a: Gliscor\n|\n|-heal|p1a: Gliscor|51\/100 tox|[from] ability: Poison Heal\n|-damage|p2a: Mr handy|10\/100 tox|[from] psn\n|upkeep\n|turn|53\n|\n|t:|1700249968\n|move|p1a: Gliscor|Roost|p1a: Gliscor\n|-heal|p1a: Gliscor|100\/100 tox\n|-singleturn|p1a: Gliscor|move: Roost\n|move|p2a: Mr handy|Thunder Punch|p1a: Gliscor\n|-immune|p1a: Gliscor\n|\n|-damage|p2a: Mr handy|0 fnt|[from] psn\n|faint|p2a: Mr handy\n|-end|p2a: Mr handy|Quark Drive|[silent]\n|upkeep\n|\n|t:|1700249974\n|switch|p2a: Ragnar|Urshifu-Rapid-Strike, M|79\/100\n|turn|54\n|\n|t:|1700249979\n|switch|p1a: Toxapex|Toxapex, F|97\/100\n|move|p2a: Ragnar|U-turn|p1a: Toxapex\n|-resisted|p1a: Toxapex\n|-crit|p1a: Toxapex\n|-damage|p1a: Toxapex|77\/100\n|\n|t:|1700249982\n|switch|p2a: Mr homophobia|Ferrothorn, M|31\/100 brn|[from] U-turn\n|\n|-heal|p2a: Mr homophobia|37\/100 brn|[from] item: Leftovers\n|-damage|p2a: Mr homophobia|31\/100 brn|[from] brn\n|upkeep\n|turn|55\n|\n|t:|1700249986\n|switch|p1a: Gliscor|Gliscor, M|100\/100 tox\n|move|p2a: Mr homophobia|Leech Seed|p1a: Gliscor\n|-start|p1a: Gliscor|move: Leech Seed\n|\n|-heal|p2a: Mr homophobia|37\/100 brn|[from] item: Leftovers\n|-damage|p1a: Gliscor|88\/100 tox|[from] Leech Seed|[of] p2a: Mr homophobia\n|-heal|p2a: Mr homophobia|49\/100 brn|[silent]\n|-heal|p1a: Gliscor|100\/100 tox|[from] ability: Poison Heal\n|-damage|p2a: Mr homophobia|43\/100 brn|[from] brn\n|upkeep\n|turn|56\n|\n|t:|1700249999\n|move|p1a: Gliscor|Earthquake|p2a: Mr homophobia\n|-damage|p2a: Mr homophobia|25\/100 brn\n|move|p2a: Mr homophobia|Gyro Ball|p1a: Gliscor\n|-damage|p1a: Gliscor|86\/100 tox\n|\n|-heal|p2a: Mr homophobia|32\/100 brn|[from] item: Leftovers\n|-damage|p1a: Gliscor|73\/100 tox|[from] Leech Seed|[of] p2a: Mr homophobia\n|-heal|p2a: Mr homophobia|44\/100 brn|[silent]\n|-heal|p1a: Gliscor|86\/100 tox|[from] ability: Poison Heal\n|-damage|p2a: Mr homophobia|37\/100 brn|[from] brn\n|upkeep\n|turn|57\n|\n|t:|1700250010\n|move|p1a: Gliscor|Earthquake|p2a: Mr homophobia\n|-damage|p2a: Mr homophobia|19\/100 brn\n|move|p2a: Mr homophobia|Curse|p2a: Mr homophobia\n|-unboost|p2a: Mr homophobia|spe|1\n|-boost|p2a: Mr homophobia|atk|1\n|-boost|p2a: Mr homophobia|def|1\n|\n|-heal|p2a: Mr homophobia|25\/100 brn|[from] item: Leftovers\n|-damage|p1a: Gliscor|73\/100 tox|[from] Leech Seed|[of] p2a: Mr homophobia\n|-heal|p2a: Mr homophobia|37\/100 brn|[silent]\n|-heal|p1a: Gliscor|86\/100 tox|[from] ability: Poison Heal\n|-damage|p2a: Mr homophobia|31\/100 brn|[from] brn\n|upkeep\n|turn|58\n|\n|t:|1700250014\n|switch|p1a: Toxapex|Toxapex, F|100\/100\n|move|p2a: Mr homophobia|Curse|p2a: Mr homophobia\n|-unboost|p2a: Mr homophobia|spe|1\n|-boost|p2a: Mr homophobia|atk|1\n|-boost|p2a: Mr homophobia|def|1\n|\n|-heal|p2a: Mr homophobia|37\/100 brn|[from] item: Leftovers\n|-damage|p2a: Mr homophobia|31\/100 brn|[from] brn\n|upkeep\n|turn|59\n|\n|t:|1700250017\n|move|p1a: Toxapex|Haze|p1a: Toxapex\n|-clearallboost\n|move|p2a: Mr homophobia|Leech Seed|p1a: Toxapex\n|-start|p1a: Toxapex|move: Leech Seed\n|\n|-heal|p2a: Mr homophobia|37\/100 brn|[from] item: Leftovers\n|-damage|p1a: Toxapex|88\/100|[from] Leech Seed|[of] p2a: Mr homophobia\n|-heal|p2a: Mr homophobia|48\/100 brn|[silent]\n|-damage|p2a: Mr homophobia|42\/100 brn|[from] brn\n|upkeep\n|turn|60\n|\n|t:|1700250029\n|switch|p1a: Gliscor|Gliscor, M|86\/100 tox\n|move|p2a: Mr homophobia|Power Whip|p1a: Gliscor\n|-damage|p1a: Gliscor|73\/100 tox\n|\n|-heal|p2a: Mr homophobia|48\/100 brn|[from] item: Leftovers\n|-heal|p1a: Gliscor|86\/100 tox|[from] ability: Poison Heal\n|-damage|p2a: Mr homophobia|42\/100 brn|[from] brn\n|upkeep\n|turn|61\n|\n|t:|1700250035\n|move|p1a: Gliscor|Earthquake|p2a: Mr homophobia\n|-damage|p2a: Mr homophobia|24\/100 brn\n|move|p2a: Mr homophobia|Leech Seed|p1a: Gliscor\n|-start|p1a: Gliscor|move: Leech Seed\n|\n|-heal|p2a: Mr homophobia|30\/100 brn|[from] item: Leftovers\n|-damage|p1a: Gliscor|73\/100 tox|[from] Leech Seed|[of] p2a: Mr homophobia\n|-heal|p2a: Mr homophobia|42\/100 brn|[silent]\n|-heal|p1a: Gliscor|86\/100 tox|[from] ability: Poison Heal\n|-damage|p2a: Mr homophobia|36\/100 brn|[from] brn\n|upkeep\n|turn|62\n|\n|t:|1700250045\n|switch|p1a: Toxapex|Toxapex, F|100\/100\n|switch|p2a: My baby|Charizard-Mega-Y, M, shiny|100\/100\n|-weather|SunnyDay|[from] ability: Drought|[of] p2a: My baby\n|\n|-weather|SunnyDay|[upkeep]\n|upkeep\n|turn|63\n|\n|t:|1700250050\n|move|p2a: My baby|Solar Beam||[still]\n|-prepare|p2a: My baby|Solar Beam\n|-anim|p2a: My baby|Solar Beam|p1a: Toxapex\n|-damage|p1a: Toxapex|69\/100\n|move|p1a: Toxapex|Toxic|p2a: My baby\n|-status|p2a: My baby|tox\n|\n|-weather|SunnyDay|[upkeep]\n|-damage|p2a: My baby|94\/100 tox|[from] psn\n|upkeep\n|turn|64\n|\n|t:|1700250056\n|move|p2a: My baby|Solar Beam||[still]\n|-prepare|p2a: My baby|Solar Beam\n|-anim|p2a: My baby|Solar Beam|p1a: Toxapex\n|-damage|p1a: Toxapex|33\/100\n|move|p1a: Toxapex|Recover|p1a: Toxapex\n|-heal|p1a: Toxapex|83\/100\n|\n|-weather|SunnyDay|[upkeep]\n|-damage|p2a: My baby|82\/100 tox|[from] psn\n|upkeep\n|turn|65\n|\n|t:|1700250064\n|switch|p2a: Ragnar|Urshifu-Rapid-Strike, M|79\/100\n|move|p1a: Toxapex|Recover|p1a: Toxapex\n|-heal|p1a: Toxapex|100\/100\n|\n|-weather|SunnyDay|[upkeep]\n|upkeep\n|turn|66\n|\n|t:|1700250069\n|move|p2a: Ragnar|Close Combat|p1a: Toxapex\n|-resisted|p1a: Toxapex\n|-damage|p1a: Toxapex|62\/100\n|-unboost|p2a: Ragnar|def|1\n|-unboost|p2a: Ragnar|spd|1\n|move|p1a: Toxapex|Toxic|p2a: Ragnar\n|-status|p2a: Ragnar|tox\n|\n|-weather|none\n|-damage|p2a: Ragnar|73\/100 tox|[from] psn\n|upkeep\n|turn|67\n|\n|t:|1700250073\n|move|p2a: Ragnar|Close Combat|p1a: Toxapex\n|-resisted|p1a: Toxapex\n|-damage|p1a: Toxapex|23\/100\n|-unboost|p2a: Ragnar|def|1\n|-unboost|p2a: Ragnar|spd|1\n|move|p1a: Toxapex|Recover|p1a: Toxapex\n|-heal|p1a: Toxapex|73\/100\n|\n|-damage|p2a: Ragnar|61\/100 tox|[from] psn\n|upkeep\n|turn|68\n|\n|t:|1700250079\n|switch|p2a: Mr homophobia|Ferrothorn, M|36\/100 brn\n|move|p1a: Toxapex|Recover|p1a: Toxapex\n|-heal|p1a: Toxapex|100\/100\n|\n|-heal|p2a: Mr homophobia|42\/100 brn|[from] item: Leftovers\n|-damage|p2a: Mr homophobia|36\/100 brn|[from] brn\n|upkeep\n|turn|69\n|\n|t:|1700250085\n|move|p1a: Toxapex|Scald|p2a: Mr homophobia\n|-resisted|p2a: Mr homophobia\n|-damage|p2a: Mr homophobia|29\/100 brn\n|move|p2a: Mr homophobia|Leech Seed|p1a: Toxapex\n|-start|p1a: Toxapex|move: Leech Seed\n|\n|-heal|p2a: Mr homophobia|35\/100 brn|[from] item: Leftovers\n|-damage|p1a: Toxapex|88\/100|[from] Leech Seed|[of] p2a: Mr homophobia\n|-heal|p2a: Mr homophobia|46\/100 brn|[silent]\n|-damage|p2a: Mr homophobia|40\/100 brn|[from] brn\n|upkeep\n|turn|70\n|\n|t:|1700250093\n|switch|p1a: Gliscor|Gliscor, M|86\/100 tox\n|move|p2a: Mr homophobia|Curse|p2a: Mr homophobia\n|-unboost|p2a: Mr homophobia|spe|1\n|-boost|p2a: Mr homophobia|atk|1\n|-boost|p2a: Mr homophobia|def|1\n|\n|-heal|p2a: Mr homophobia|46\/100 brn|[from] item: Leftovers\n|-heal|p1a: Gliscor|98\/100 tox|[from] ability: Poison Heal\n|-damage|p2a: Mr homophobia|40\/100 brn|[from] brn\n|upkeep\n|turn|71\n|\n|t:|1700250100\n|switch|p1a: Toxapex|Toxapex, F|100\/100\n|move|p2a: Mr homophobia|Leech Seed|p1a: Toxapex\n|-start|p1a: Toxapex|move: Leech Seed\n|\n|-heal|p2a: Mr homophobia|46\/100 brn|[from] item: Leftovers\n|-damage|p1a: Toxapex|88\/100|[from] Leech Seed|[of] p2a: Mr homophobia\n|-heal|p2a: Mr homophobia|57\/100 brn|[silent]\n|-damage|p2a: Mr homophobia|51\/100 brn|[from] brn\n|upkeep\n|turn|72\n|\n|t:|1700250106\n|move|p1a: Toxapex|Haze|p1a: Toxapex\n|-clearallboost\n|move|p2a: Mr homophobia|Power Whip|p1a: Toxapex\n|-damage|p1a: Toxapex|73\/100\n|\n|-heal|p2a: Mr homophobia|57\/100 brn|[from] item: Leftovers\n|-damage|p1a: Toxapex|60\/100|[from] Leech Seed|[of] p2a: Mr homophobia\n|-heal|p2a: Mr homophobia|68\/100 brn|[silent]\n|-damage|p2a: Mr homophobia|62\/100 brn|[from] brn\n|upkeep\n|turn|73\n|\n|t:|1700250115\n|switch|p1a: Gliscor|Gliscor, M|98\/100 tox\n|move|p2a: Mr homophobia|Power Whip|p1a: Gliscor\n|-damage|p1a: Gliscor|86\/100 tox\n|\n|-heal|p2a: Mr homophobia|68\/100 brn|[from] item: Leftovers\n|-heal|p1a: Gliscor|98\/100 tox|[from] ability: Poison Heal\n|-damage|p2a: Mr homophobia|62\/100 brn|[from] brn\n|upkeep\n|turn|74\n|\n|t:|1700250129\n|switch|p2a: My baby|Charizard-Mega-Y, M, shiny|82\/100 tox\n|-weather|SunnyDay|[from] ability: Drought|[of] p2a: My baby\n|move|p1a: Gliscor|Earthquake|p2a: My baby\n|-immune|p2a: My baby\n|\n|-weather|SunnyDay|[upkeep]\n|-heal|p1a: Gliscor|100\/100 tox|[from] ability: Poison Heal\n|-damage|p2a: My baby|76\/100 tox|[from] psn\n|upkeep\n|turn|75\n|\n|t:|1700250140\n|switch|p1a: Toxapex|Toxapex, F|93\/100\n|move|p2a: My baby|Weather Ball|p1a: Toxapex\n|-resisted|p1a: Toxapex\n|-damage|p1a: Toxapex|63\/100\n|\n|-weather|SunnyDay|[upkeep]\n|-damage|p2a: My baby|64\/100 tox|[from] psn\n|upkeep\n|turn|76\n|\n|t:|1700250147\n|move|p2a: My baby|Roost|p2a: My baby\n|-heal|p2a: My baby|100\/100 tox\n|-singleturn|p2a: My baby|move: Roost\n|move|p1a: Toxapex|Recover|p1a: Toxapex\n|-heal|p1a: Toxapex|100\/100\n|\n|-weather|SunnyDay|[upkeep]\n|-damage|p2a: My baby|82\/100 tox|[from] psn\n|upkeep\n|turn|77\n|\n|t:|1700250155\n|switch|p2a: Ragnar|Urshifu-Rapid-Strike, M|61\/100 tox\n|move|p1a: Toxapex|Scald|p2a: Ragnar\n|-resisted|p2a: Ragnar\n|-damage|p2a: Ragnar|54\/100 tox\n|\n|-weather|SunnyDay|[upkeep]\n|-damage|p2a: Ragnar|48\/100 tox|[from] psn\n|upkeep\n|turn|78\n|\n|t:|1700250161\n|-terastallize|p2a: Ragnar|Water\n|move|p2a: Ragnar|Surging Strikes|p1a: Toxapex\n|-resisted|p1a: Toxapex\n|-crit|p1a: Toxapex\n|-damage|p1a: Toxapex|93\/100\n|-resisted|p1a: Toxapex\n|-crit|p1a: Toxapex\n|-damage|p1a: Toxapex|86\/100\n|-resisted|p1a: Toxapex\n|-crit|p1a: Toxapex\n|-damage|p1a: Toxapex|78\/100\n|-hitcount|p1a: Toxapex|3\n|move|p1a: Toxapex|Scald|p2a: Ragnar\n|-resisted|p2a: Ragnar\n|-crit|p2a: Ragnar\n|-damage|p2a: Ragnar|39\/100 tox\n|\n|-weather|none\n|-damage|p2a: Ragnar|27\/100 tox|[from] psn\n|upkeep\n|turn|79\n|\n|t:|1700250167\n|switch|p2a: Mr homophobia|Ferrothorn, M|62\/100 brn\n|move|p1a: Toxapex|Scald|p2a: Mr homophobia\n|-resisted|p2a: Mr homophobia\n|-damage|p2a: Mr homophobia|54\/100 brn\n|\n|-heal|p2a: Mr homophobia|61\/100 brn|[from] item: Leftovers\n|-damage|p2a: Mr homophobia|54\/100 brn|[from] brn\n|upkeep\n|turn|80\n|\n|t:|1700250170\n|move|p1a: Toxapex|Scald|p2a: Mr homophobia\n|-resisted|p2a: Mr homophobia\n|-damage|p2a: Mr homophobia|48\/100 brn\n|move|p2a: Mr homophobia|Leech Seed|p1a: Toxapex\n|-start|p1a: Toxapex|move: Leech Seed\n|\n|-heal|p2a: Mr homophobia|54\/100 brn|[from] item: Leftovers\n|-damage|p1a: Toxapex|65\/100|[from] Leech Seed|[of] p2a: Mr homophobia\n|-heal|p2a: Mr homophobia|65\/100 brn|[silent]\n|-damage|p2a: Mr homophobia|58\/100 brn|[from] brn\n|upkeep\n|turn|81\n|c|\u2606captainpuff123|I know I will lose but I will waste your time\n|\n|t:|1700250194\n|switch|p1a: Gliscor|Gliscor, M|100\/100 tox\n|move|p2a: Mr homophobia|Power Whip|p1a: Gliscor\n|-damage|p1a: Gliscor|87\/100 tox\n|\n|-heal|p2a: Mr homophobia|65\/100 brn|[from] item: Leftovers\n|-heal|p1a: Gliscor|99\/100 tox|[from] ability: Poison Heal\n|-damage|p2a: Mr homophobia|58\/100 brn|[from] brn\n|upkeep\n|turn|82\n|\n|t:|1700250199\n|move|p1a: Gliscor|Earthquake|p2a: Mr homophobia\n|-damage|p2a: Mr homophobia|39\/100 brn\n|move|p2a: Mr homophobia|Curse|p2a: Mr homophobia\n|-unboost|p2a: Mr homophobia|spe|1\n|-boost|p2a: Mr homophobia|atk|1\n|-boost|p2a: Mr homophobia|def|1\n|\n|-heal|p2a: Mr homophobia|46\/100 brn|[from] item: Leftovers\n|-heal|p1a: Gliscor|100\/100 tox|[from] ability: Poison Heal\n|-damage|p2a: Mr homophobia|39\/100 brn|[from] brn\n|upkeep\n|turn|83\n|\n|t:|1700250205\n|move|p1a: Gliscor|Earthquake|p2a: Mr homophobia\n|-damage|p2a: Mr homophobia|27\/100 brn\n|move|p2a: Mr homophobia|Leech Seed|p1a: Gliscor\n|-start|p1a: Gliscor|move: Leech Seed\n|\n|-heal|p2a: Mr homophobia|34\/100 brn|[from] item: Leftovers\n|-damage|p1a: Gliscor|88\/100 tox|[from] Leech Seed|[of] p2a: Mr homophobia\n|-heal|p2a: Mr homophobia|46\/100 brn|[silent]\n|-heal|p1a: Gliscor|100\/100 tox|[from] ability: Poison Heal\n|-damage|p2a: Mr homophobia|39\/100 brn|[from] brn\n|upkeep\n|turn|84\n|\n|t:|1700250215\n|switch|p1a: Toxapex|Toxapex, F|99\/100\n|move|p2a: Mr homophobia|Power Whip|p1a: Toxapex\n|-damage|p1a: Toxapex|78\/100\n|\n|-heal|p2a: Mr homophobia|46\/100 brn|[from] item: Leftovers\n|-damage|p2a: Mr homophobia|39\/100 brn|[from] brn\n|upkeep\n|turn|85\n|\n|t:|1700250234\n|move|p1a: Toxapex|Haze|p1a: Toxapex\n|-clearallboost\n|move|p2a: Mr homophobia|Leech Seed|p1a: Toxapex\n|-start|p1a: Toxapex|move: Leech Seed\n|\n|-heal|p2a: Mr homophobia|46\/100 brn|[from] item: Leftovers\n|-damage|p1a: Toxapex|65\/100|[from] Leech Seed|[of] p2a: Mr homophobia\n|-heal|p2a: Mr homophobia|56\/100 brn|[silent]\n|-damage|p2a: Mr homophobia|50\/100 brn|[from] brn\n|upkeep\n|turn|86\n|\n|t:|1700250245\n|switch|p1a: Gliscor|Gliscor, M|100\/100 tox\n|switch|p2a: My baby|Charizard-Mega-Y, M, shiny|82\/100 tox\n|-weather|SunnyDay|[from] ability: Drought|[of] p2a: My baby\n|\n|-weather|SunnyDay|[upkeep]\n|-damage|p2a: My baby|76\/100 tox|[from] psn\n|upkeep\n|turn|87\n|\n|t:|1700250250\n|switch|p1a: Toxapex|Toxapex, F|99\/100\n|move|p2a: My baby|Solar Beam||[still]\n|-prepare|p2a: My baby|Solar Beam\n|-anim|p2a: My baby|Solar Beam|p1a: Toxapex\n|-damage|p1a: Toxapex|62\/100\n|\n|-weather|SunnyDay|[upkeep]\n|-damage|p2a: My baby|64\/100 tox|[from] psn\n|upkeep\n|turn|88\n|\n|t:|1700250264\n|move|p2a: My baby|Roost|p2a: My baby\n|-heal|p2a: My baby|100\/100 tox\n|-singleturn|p2a: My baby|move: Roost\n|move|p1a: Toxapex|Recover|p1a: Toxapex\n|-heal|p1a: Toxapex|100\/100\n|\n|-weather|SunnyDay|[upkeep]\n|-damage|p2a: My baby|82\/100 tox|[from] psn\n|upkeep\n|turn|89\n|\n|t:|1700250272\n|switch|p2a: Mr homophobia|Ferrothorn, M|50\/100 brn\n|move|p1a: Toxapex|Scald|p2a: Mr homophobia\n|-resisted|p2a: Mr homophobia\n|-damage|p2a: Mr homophobia|47\/100 brn\n|\n|-weather|SunnyDay|[upkeep]\n|-heal|p2a: Mr homophobia|53\/100 brn|[from] item: Leftovers\n|-damage|p2a: Mr homophobia|47\/100 brn|[from] brn\n|upkeep\n|turn|90\n|\n|t:|1700250283\n|move|p1a: Toxapex|Scald|p2a: Mr homophobia\n|-resisted|p2a: Mr homophobia\n|-damage|p2a: Mr homophobia|43\/100 brn\n|move|p2a: Mr homophobia|Power Whip|p1a: Toxapex|[miss]\n|-miss|p2a: Mr homophobia|p1a: Toxapex\n|\n|-weather|none\n|-heal|p2a: Mr homophobia|50\/100 brn|[from] item: Leftovers\n|-damage|p2a: Mr homophobia|43\/100 brn|[from] brn\n|upkeep\n|turn|91\n|\n|t:|1700250289\n|move|p1a: Toxapex|Scald|p2a: Mr homophobia\n|-resisted|p2a: Mr homophobia\n|-damage|p2a: Mr homophobia|37\/100 brn\n|move|p2a: Mr homophobia|Leech Seed|p1a: Toxapex\n|-start|p1a: Toxapex|move: Leech Seed\n|\n|-heal|p2a: Mr homophobia|43\/100 brn|[from] item: Leftovers\n|-damage|p1a: Toxapex|88\/100|[from] Leech Seed|[of] p2a: Mr homophobia\n|-heal|p2a: Mr homophobia|54\/100 brn|[silent]\n|-damage|p2a: Mr homophobia|47\/100 brn|[from] brn\n|upkeep\n|turn|92\n|\n|t:|1700250293\n|switch|p1a: Gliscor|Gliscor, M|100\/100 tox\n|switch|p2a: My baby|Charizard-Mega-Y, M, shiny|82\/100 tox\n|-weather|SunnyDay|[from] ability: Drought|[of] p2a: My baby\n|\n|-weather|SunnyDay|[upkeep]\n|-damage|p2a: My baby|76\/100 tox|[from] psn\n|upkeep\n|turn|93\n|\n|t:|1700250299\n|switch|p1a: Toxapex|Toxapex, F|100\/100\n|move|p2a: My baby|Solar Beam||[still]\n|-prepare|p2a: My baby|Solar Beam\n|-anim|p2a: My baby|Solar Beam|p1a: Toxapex\n|-damage|p1a: Toxapex|68\/100\n|\n|-weather|SunnyDay|[upkeep]\n|-damage|p2a: My baby|64\/100 tox|[from] psn\n|upkeep\n|turn|94\n|\n|t:|1700250307\n|move|p2a: My baby|Solar Beam||[still]\n|-prepare|p2a: My baby|Solar Beam\n|-anim|p2a: My baby|Solar Beam|p1a: Toxapex\n|-damage|p1a: Toxapex|35\/100\n|move|p1a: Toxapex|Scald|p2a: My baby\n|-supereffective|p2a: My baby\n|-damage|p2a: My baby|50\/100 tox\n|\n|-weather|SunnyDay|[upkeep]\n|-damage|p2a: My baby|31\/100 tox|[from] psn\n|upkeep\n|turn|95\n|\n|t:|1700250314\n|move|p2a: My baby|Solar Beam||[still]\n|-prepare|p2a: My baby|Solar Beam\n|-anim|p2a: My baby|Solar Beam|p1a: Toxapex\n|-damage|p1a: Toxapex|3\/100\n|move|p1a: Toxapex|Recover|p1a: Toxapex\n|-heal|p1a: Toxapex|53\/100\n|\n|-weather|SunnyDay|[upkeep]\n|-damage|p2a: My baby|7\/100 tox|[from] psn\n|upkeep\n|turn|96\n|\n|t:|1700250320\n|move|p2a: My baby|Roost|p2a: My baby\n|-heal|p2a: My baby|57\/100 tox\n|-singleturn|p2a: My baby|move: Roost\n|move|p1a: Toxapex|Scald|p2a: My baby\n|-supereffective|p2a: My baby\n|-damage|p2a: My baby|44\/100 tox\n|\n|-weather|none\n|-damage|p2a: My baby|13\/100 tox|[from] psn\n|upkeep\n|turn|97\n|\n|t:|1700250329\n|switch|p2a: Ragnar|Urshifu-Rapid-Strike, M, tera:Water|27\/100 tox\n|move|p1a: Toxapex|Scald|p2a: Ragnar\n|-resisted|p2a: Ragnar\n|-damage|p2a: Ragnar|14\/100 tox\n|\n|-damage|p2a: Ragnar|8\/100 tox|[from] psn\n|upkeep\n|turn|98\n|\n|t:|1700250336\n|switch|p1a: Gliscor|Gliscor, M|100\/100 tox\n|move|p2a: Ragnar|Close Combat|p1a: Gliscor\n|-resisted|p1a: Gliscor\n|-damage|p1a: Gliscor|69\/100 tox\n|-unboost|p2a: Ragnar|def|1\n|-unboost|p2a: Ragnar|spd|1\n|\n|-damage|p2a: Ragnar|0 fnt|[from] psn\n|faint|p2a: Ragnar\n|-heal|p1a: Gliscor|81\/100 tox|[from] ability: Poison Heal\n|upkeep\n|\n|t:|1700250341\n|switch|p2a: My baby|Charizard-Mega-Y, M, shiny|13\/100 tox\n|-weather|SunnyDay|[from] ability: Drought|[of] p2a: My baby\n|turn|99\n|\n|t:|1700250346\n|switch|p1a: Toxapex|Toxapex, F|86\/100\n|move|p2a: My baby|Weather Ball|p1a: Toxapex\n|-resisted|p1a: Toxapex\n|-damage|p1a: Toxapex|55\/100\n|\n|-weather|SunnyDay|[upkeep]\n|-damage|p2a: My baby|7\/100 tox|[from] psn\n|upkeep\n|turn|100\n|\n|t:|1700250351\n|move|p2a: My baby|Roost|p2a: My baby\n|-heal|p2a: My baby|57\/100 tox\n|-singleturn|p2a: My baby|move: Roost\n|move|p1a: Toxapex|Scald|p2a: My baby\n|-supereffective|p2a: My baby\n|-damage|p2a: My baby|43\/100 tox\n|\n|-weather|SunnyDay|[upkeep]\n|-damage|p2a: My baby|31\/100 tox|[from] psn\n|upkeep\n|turn|101\n|\n|t:|1700250354\n|move|p2a: My baby|Roost|p2a: My baby\n|-heal|p2a: My baby|81\/100 tox\n|-singleturn|p2a: My baby|move: Roost\n|move|p1a: Toxapex|Scald|p2a: My baby\n|-supereffective|p2a: My baby\n|-damage|p2a: My baby|67\/100 tox\n|\n|-weather|SunnyDay|[upkeep]\n|-damage|p2a: My baby|49\/100 tox|[from] psn\n|upkeep\n|turn|102\n|\n|t:|1700250356\n|move|p2a: My baby|Solar Beam||[still]\n|-prepare|p2a: My baby|Solar Beam\n|-anim|p2a: My baby|Solar Beam|p1a: Toxapex\n|-crit|p1a: Toxapex\n|-damage|p1a: Toxapex|4\/100\n|move|p1a: Toxapex|Scald|p2a: My baby\n|-supereffective|p2a: My baby\n|-damage|p2a: My baby|35\/100 tox\n|\n|-weather|SunnyDay|[upkeep]\n|-damage|p2a: My baby|11\/100 tox|[from] psn\n|upkeep\n|turn|103\n|\n|t:|1700250372\n|switch|p1a: Gliscor|Gliscor, M|81\/100 tox\n|move|p2a: My baby|Solar Beam||[still]\n|-prepare|p2a: My baby|Solar Beam\n|-anim|p2a: My baby|Solar Beam|p1a: Gliscor\n|-damage|p1a: Gliscor|17\/100 tox\n|\n|-weather|none\n|-heal|p1a: Gliscor|29\/100 tox|[from] ability: Poison Heal\n|-damage|p2a: My baby|0 fnt|[from] psn\n|faint|p2a: My baby\n|upkeep\n|\n|t:|1700250379\n|switch|p2a: Mr homophobia|Ferrothorn, M|47\/100 brn\n|turn|104\n|\n|t:|1700250382\n|move|p1a: Gliscor|Roost|p1a: Gliscor\n|-heal|p1a: Gliscor|79\/100 tox\n|-singleturn|p1a: Gliscor|move: Roost\n|move|p2a: Mr homophobia|Leech Seed|p1a: Gliscor\n|-start|p1a: Gliscor|move: Leech Seed\n|\n|-heal|p2a: Mr homophobia|54\/100 brn|[from] item: Leftovers\n|-damage|p1a: Gliscor|67\/100 tox|[from] Leech Seed|[of] p2a: Mr homophobia\n|-heal|p2a: Mr homophobia|66\/100 brn|[silent]\n|-heal|p1a: Gliscor|79\/100 tox|[from] ability: Poison Heal\n|-damage|p2a: Mr homophobia|59\/100 brn|[from] brn\n|upkeep\n|turn|105\n|\n|t:|1700250386\n|switch|p1a: Toxapex|Toxapex, F|37\/100\n|move|p2a: Mr homophobia|Power Whip|p1a: Toxapex\n|-damage|p1a: Toxapex|20\/100\n|\n|-heal|p2a: Mr homophobia|66\/100 brn|[from] item: Leftovers\n|-damage|p2a: Mr homophobia|59\/100 brn|[from] brn\n|upkeep\n|turn|106\n|\n|t:|1700250392\n|switch|p1a: Gliscor|Gliscor, M|79\/100 tox\n|move|p2a: Mr homophobia|Power Whip|p1a: Gliscor\n|-damage|p1a: Gliscor|66\/100 tox\n|\n|-heal|p2a: Mr homophobia|66\/100 brn|[from] item: Leftovers\n|-heal|p1a: Gliscor|79\/100 tox|[from] ability: Poison Heal\n|-damage|p2a: Mr homophobia|59\/100 brn|[from] brn\n|upkeep\n|turn|107\n|\n|t:|1700250398\n|switch|p1a: Toxapex|Toxapex, F|53\/100\n|move|p2a: Mr homophobia|Curse|p2a: Mr homophobia\n|-unboost|p2a: Mr homophobia|spe|1\n|-boost|p2a: Mr homophobia|atk|1\n|-boost|p2a: Mr homophobia|def|1\n|\n|-heal|p2a: Mr homophobia|66\/100 brn|[from] item: Leftovers\n|-damage|p2a: Mr homophobia|59\/100 brn|[from] brn\n|upkeep\n|turn|108\n|c|\u2606captainpuff123|Fuckin regenerator\n|\n|t:|1700250426\n|move|p1a: Toxapex|Haze|p1a: Toxapex\n|-clearallboost\n|move|p2a: Mr homophobia|Power Whip|p1a: Toxapex\n|-damage|p1a: Toxapex|39\/100\n|\n|-heal|p2a: Mr homophobia|66\/100 brn|[from] item: Leftovers\n|-damage|p2a: Mr homophobia|59\/100 brn|[from] brn\n|upkeep\n|turn|109\n|inactive|captainpuff123 has 120 seconds left.\n|\n|t:|1700250442\n|switch|p1a: Gliscor|Gliscor, M|79\/100 tox\n|move|p2a: Mr homophobia|Power Whip|p1a: Gliscor|[miss]\n|-miss|p2a: Mr homophobia|p1a: Gliscor\n|\n|-heal|p2a: Mr homophobia|66\/100 brn|[from] item: Leftovers\n|-heal|p1a: Gliscor|91\/100 tox|[from] ability: Poison Heal\n|-damage|p2a: Mr homophobia|59\/100 brn|[from] brn\n|upkeep\n|turn|110\n|\n|t:|1700250445\n|move|p1a: Gliscor|Earthquake|p2a: Mr homophobia\n|-damage|p2a: Mr homophobia|42\/100 brn\n|move|p2a: Mr homophobia|Curse|p2a: Mr homophobia\n|-unboost|p2a: Mr homophobia|spe|1\n|-boost|p2a: Mr homophobia|atk|1\n|-boost|p2a: Mr homophobia|def|1\n|\n|-heal|p2a: Mr homophobia|48\/100 brn|[from] item: Leftovers\n|-heal|p1a: Gliscor|100\/100 tox|[from] ability: Poison Heal\n|-damage|p2a: Mr homophobia|42\/100 brn|[from] brn\n|upkeep\n|turn|111\n|inactive|captainpuff123 has 120 seconds left.\n|\n|t:|1700250451\n|move|p1a: Gliscor|Earthquake|p2a: Mr homophobia\n|-damage|p2a: Mr homophobia|30\/100 brn\n|move|p2a: Mr homophobia|Curse|p2a: Mr homophobia\n|-unboost|p2a: Mr homophobia|spe|1\n|-boost|p2a: Mr homophobia|atk|1\n|-boost|p2a: Mr homophobia|def|1\n|\n|-heal|p2a: Mr homophobia|36\/100 brn|[from] item: Leftovers\n|-damage|p2a: Mr homophobia|30\/100 brn|[from] brn\n|upkeep\n|turn|112\n|\n|t:|1700250455\n|switch|p1a: Toxapex|Toxapex, F|72\/100\n|move|p2a: Mr homophobia|Leech Seed|p1a: Toxapex\n|-start|p1a: Toxapex|move: Leech Seed\n|\n|-heal|p2a: Mr homophobia|36\/100 brn|[from] item: Leftovers\n|-damage|p1a: Toxapex|59\/100|[from] Leech Seed|[of] p2a: Mr homophobia\n|-heal|p2a: Mr homophobia|47\/100 brn|[silent]\n|-damage|p2a: Mr homophobia|41\/100 brn|[from] brn\n|upkeep\n|turn|113\n|\n|t:|1700250462\n|move|p1a: Toxapex|Haze|p1a: Toxapex\n|-clearallboost\n|move|p2a: Mr homophobia|Power Whip|p1a: Toxapex\n|-crit|p1a: Toxapex\n|-damage|p1a: Toxapex|35\/100\n|\n|-heal|p2a: Mr homophobia|47\/100 brn|[from] item: Leftovers\n|-damage|p1a: Toxapex|23\/100|[from] Leech Seed|[of] p2a: Mr homophobia\n|-heal|p2a: Mr homophobia|58\/100 brn|[silent]\n|-damage|p2a: Mr homophobia|51\/100 brn|[from] brn\n|upkeep\n|turn|114\n|\n|t:|1700250471\n|switch|p1a: Gliscor|Gliscor, M|100\/100 tox\n|move|p2a: Mr homophobia|Gyro Ball|p1a: Gliscor\n|-damage|p1a: Gliscor|84\/100 tox\n|\n|-heal|p2a: Mr homophobia|58\/100 brn|[from] item: Leftovers\n|-heal|p1a: Gliscor|97\/100 tox|[from] ability: Poison Heal\n|-damage|p2a: Mr homophobia|51\/100 brn|[from] brn\n|upkeep\n|turn|115\n|\n|t:|1700250477\n|move|p1a: Gliscor|Earthquake|p2a: Mr homophobia\n|-damage|p2a: Mr homophobia|31\/100 brn\n|move|p2a: Mr homophobia|Power Whip|p1a: Gliscor\n|-damage|p1a: Gliscor|83\/100 tox\n|\n|-heal|p2a: Mr homophobia|37\/100 brn|[from] item: Leftovers\n|-heal|p1a: Gliscor|96\/100 tox|[from] ability: Poison Heal\n|-damage|p2a: Mr homophobia|31\/100 brn|[from] brn\n|upkeep\n|turn|116\n|\n|t:|1700250480\n|move|p1a: Gliscor|Earthquake|p2a: Mr homophobia\n|-damage|p2a: Mr homophobia|10\/100 brn\n|move|p2a: Mr homophobia|Curse|p2a: Mr homophobia\n|-unboost|p2a: Mr homophobia|spe|1\n|-boost|p2a: Mr homophobia|atk|1\n|-boost|p2a: Mr homophobia|def|1\n|\n|-heal|p2a: Mr homophobia|16\/100 brn|[from] item: Leftovers\n|-heal|p1a: Gliscor|100\/100 tox|[from] ability: Poison Heal\n|-damage|p2a: Mr homophobia|10\/100 brn|[from] brn\n|upkeep\n|turn|117\n|c|\u2606captainpuff123|And now we wait for the timer\n|inactive|captainpuff123 has 120 seconds left.\n|inactive|captainpuff123 has 90 seconds left.\n|inactive|captainpuff123 has 60 seconds left.\n|inactive|captainpuff123 has 30 seconds left.\n|inactive|captainpuff123 has 20 seconds left.\n|inactive|captainpuff123 has 15 seconds left.\n|inactive|captainpuff123 has 10 seconds left.\n|inactive|captainpuff123 has 5 seconds left.\n|\n|t:|1700250613\n|move|p1a: Gliscor|Earthquake|p2a: Mr homophobia\n|-damage|p2a: Mr homophobia|0 fnt\n|faint|p2a: Mr homophobia\n|\n|win|poklmn\n|inactive|captainpuff123 has 10 seconds left this turn.\n|raw|poklmn's rating: 1492 &rarr; <strong>1505<\/strong><br \/>(+13 for winning)\n|raw|captainpuff123's rating: 1374 &rarr; <strong>1361<\/strong><br \/>(-13 for losing)\n|c|\u2606captainpuff123|Ggs\n|l|\u2606poklmn\n","uploadtime":1700250632,"views":17,"p1id":"poklmn","p2id":"captainpuff123","formatid":"gen9nationaldex","rating":1361,"private":0,"password":""}