{"id":"gen9nationaldex-1997168447","p1":"Xhrixs","p2":"MajorHurricane","format":"[Gen 9] National Dex","log":"|html|<div class=\"broadcast-blue\"><strong>[Gen 9] National Dex is currently suspecting Sneasler! For information on how to participate check out the <a href=\"https:\/\/www.smogon.com\/forums\/threads\/sv-national-dex-suspect-8-just-dance.3731534\/\">suspect thread<\/a>.<\/strong><\/div>\n|j|\u2606Xhrixs\n|j|\u2606MajorHurricane\n|t:|1700771512\n|gametype|singles\n|player|p1|Xhrixs|102|1569\n|player|p2|MajorHurricane|emmet|1500\n|teamsize|p1|6\n|teamsize|p2|6\n|gen|9\n|tier|[Gen 9] National Dex\n|rated|\n|rule|HP Percentage Mod: HP is shown in percentages\n|rule|Endless Battle Clause: Forcing endless battles is banned\n|rule|OHKO Clause: OHKO moves are banned\n|rule|Evasion Clause: Evasion abilities, items, and moves are banned\n|rule|Evasion Abilities Clause: Evasion abilities are banned\n|rule|Evasion Items Clause: Evasion items are banned\n|rule|Evasion Moves Clause: Evasion moves are banned\n|rule|Species Clause: Limit one of each Pok\u00e9mon\n|rule|Sleep Clause Mod: Limit one foe put to sleep\n|clearpoke\n|poke|p1|Rillaboom, F|\n|poke|p1|Sneasler, M|\n|poke|p1|Charizard, M|\n|poke|p1|Hatterene, F|\n|poke|p1|Ursaluna, M|\n|poke|p1|Glimmora, F|\n|poke|p2|Blaziken, M|\n|poke|p2|Tapu Lele|\n|poke|p2|Alomomola, M|\n|poke|p2|Zapdos|\n|poke|p2|Hydreigon, F|\n|poke|p2|Iron Treads|\n|teampreview\n|\n|t:|1700771519\n|start\n|switch|p1a: Charizard|Charizard, M|100\/100\n|switch|p2a: Iron Treads|Iron Treads|100\/100\n|-enditem|p2a: Iron Treads|Booster Energy\n|-activate|p2a: Iron Treads|ability: Quark Drive|[fromitem]\n|-start|p2a: Iron Treads|quarkdrivespe\n|turn|1\n|inactive|Battle timer is ON: inactive players will automatically lose when time's up. (requested by MajorHurricane)\n|\n|t:|1700771552\n|-end|p2a: Iron Treads|Quark Drive|[silent]\n|switch|p2a: Hydreigon|Hydreigon, F|100\/100\n|detailschange|p1a: Charizard|Charizard-Mega-Y, M\n|-mega|p1a: Charizard|Charizard|Charizardite Y\n|-weather|SunnyDay|[from] ability: Drought|[of] p1a: Charizard\n|move|p1a: Charizard|Weather Ball|p2a: Hydreigon\n|-resisted|p2a: Hydreigon\n|-damage|p2a: Hydreigon|69\/100\n|\n|-weather|SunnyDay|[upkeep]\n|-heal|p2a: Hydreigon|75\/100|[from] item: Leftovers\n|upkeep\n|turn|2\n|\n|t:|1700771574\n|switch|p1a: Hatterene|Hatterene, F|100\/100\n|move|p2a: Hydreigon|Fire Spin|p1a: Hatterene\n|-damage|p1a: Hatterene|85\/100\n|-activate|p1a: Hatterene|move: Fire Spin|[of] p2a: Hydreigon\n|\n|-weather|SunnyDay|[upkeep]\n|-heal|p2a: Hydreigon|81\/100|[from] item: Leftovers\n|-damage|p1a: Hatterene|73\/100|[from] move: Fire Spin|[partiallytrapped]\n|upkeep\n|turn|3\n|inactive|MajorHurricane has 120 seconds left.\n|\n|t:|1700771606\n|switch|p2a: Alomomola|Alomomola, M|100\/100\n|move|p1a: Hatterene|Trick Room|p1a: Hatterene\n|-fieldstart|move: Trick Room|[of] p1a: Hatterene\n|\n|-weather|SunnyDay|[upkeep]\n|-end|p1a: Hatterene|Fire Spin|[partiallytrapped]|[silent]\n|upkeep\n|turn|4\n|\n|t:|1700771614\n|move|p1a: Hatterene|Nuzzle|p2a: Alomomola\n|-supereffective|p2a: Alomomola\n|-damage|p2a: Alomomola|96\/100\n|-status|p2a: Alomomola|par\n|move|p2a: Alomomola|Wish|p2a: Alomomola\n|\n|-weather|SunnyDay|[upkeep]\n|upkeep\n|turn|5\n|\n|t:|1700771622\n|move|p2a: Alomomola|Flip Turn|p1a: Hatterene\n|-damage|p1a: Hatterene|67\/100\n|\n|t:|1700771637\n|switch|p2a: Tapu Lele|Tapu Lele|100\/100|[from] Flip Turn\n|-fieldstart|move: Psychic Terrain|[from] ability: Psychic Surge|[of] p2a: Tapu Lele\n|move|p1a: Hatterene|Misty Explosion|p2a: Tapu Lele\n|-damage|p2a: Tapu Lele|54\/100\n|faint|p1a: Hatterene\n|\n|-weather|none\n|-heal|p2a: Tapu Lele|100\/100|[from] move: Wish|[wisher] Alomomola\n|upkeep\n|\n|t:|1700771648\n|switch|p1a: Ursaluna|Ursaluna, M|100\/100\n|turn|6\n|\n|t:|1700771670\n|switch|p2a: Alomomola|Alomomola, M|100\/100 par\n|move|p1a: Ursaluna|Headlong Rush|p2a: Alomomola\n|-damage|p2a: Alomomola|56\/100 par\n|-unboost|p1a: Ursaluna|def|1\n|-unboost|p1a: Ursaluna|spd|1\n|\n|-status|p1a: Ursaluna|brn|[from] item: Flame Orb\n|upkeep\n|turn|7\n|\n|t:|1700771678\n|cant|p2a: Alomomola|par\n|move|p1a: Ursaluna|Facade|p2a: Alomomola\n|-damage|p2a: Alomomola|0 fnt\n|faint|p2a: Alomomola\n|\n|-damage|p1a: Ursaluna|94\/100 brn|[from] brn\n|-fieldend|move: Trick Room\n|upkeep\n|\n|t:|1700771685\n|switch|p2a: Blaziken|Blaziken, M|100\/100\n|turn|8\n|\n|t:|1700771692\n|-terastallize|p1a: Ursaluna|Dragon\n|-zpower|p2a: Blaziken\n|move|p2a: Blaziken|All-Out Pummeling|p1a: Ursaluna|[zeffect]\n|-damage|p1a: Ursaluna|2\/100 brn\n|move|p1a: Ursaluna|Headlong Rush|p2a: Blaziken\n|-supereffective|p2a: Blaziken\n|-damage|p2a: Blaziken|0 fnt\n|-unboost|p1a: Ursaluna|def|1\n|-unboost|p1a: Ursaluna|spd|1\n|faint|p2a: Blaziken\n|\n|-damage|p1a: Ursaluna|0 fnt|[from] brn\n|faint|p1a: Ursaluna\n|upkeep\n|\n|t:|1700771722\n|switch|p2a: Iron Treads|Iron Treads|100\/100\n|switch|p1a: Glimmora|Glimmora, F|100\/100\n|turn|9\n|inactive|Xhrixs has 120 seconds left.\n|\n|t:|1700771762\n|move|p2a: Iron Treads|Stealth Rock|p1a: Glimmora\n|-sidestart|p1: Xhrixs|move: Stealth Rock\n|move|p1a: Glimmora|Stealth Rock|p2a: Iron Treads\n|-sidestart|p2: MajorHurricane|move: Stealth Rock\n|\n|-fieldend|move: Psychic Terrain\n|upkeep\n|turn|10\n|\n|t:|1700771769\n|-end|p2a: Iron Treads|Quark Drive|[silent]\n|switch|p2a: Zapdos|Zapdos|100\/100\n|move|p1a: Glimmora|Earth Power|p2a: Zapdos\n|-immune|p2a: Zapdos\n|\n|upkeep\n|turn|11\n|\n|t:|1700771784\n|move|p1a: Glimmora|Sludge Bomb|p2a: Zapdos\n|-damage|p2a: Zapdos|55\/100\n|move|p2a: Zapdos|Volt Switch|p1a: Glimmora\n|-damage|p1a: Glimmora|58\/100\n|\n|t:|1700771790\n|switch|p2a: Hydreigon|Hydreigon, F|81\/100|[from] Volt Switch\n|-damage|p2a: Hydreigon|69\/100|[from] Stealth Rock\n|\n|-heal|p2a: Hydreigon|75\/100|[from] item: Leftovers\n|upkeep\n|turn|12\n|\n|t:|1700771806\n|move|p1a: Glimmora|Sludge Bomb|p2a: Hydreigon\n|-damage|p2a: Hydreigon|45\/100\n|-status|p2a: Hydreigon|psn\n|move|p2a: Hydreigon|Earth Power|p1a: Glimmora\n|-supereffective|p1a: Glimmora\n|-damage|p1a: Glimmora|0 fnt\n|faint|p1a: Glimmora\n|\n|-heal|p2a: Hydreigon|51\/100 psn|[from] item: Leftovers\n|-damage|p2a: Hydreigon|38\/100 psn|[from] psn\n|upkeep\n|inactive|Xhrixs has 90 seconds left.\n|inactive|Xhrixs has 60 seconds left.\n|\n|t:|1700771870\n|switch|p1a: Rillaboom|Rillaboom, F|100\/100\n|-damage|p1a: Rillaboom|88\/100|[from] Stealth Rock\n|-fieldstart|move: Grassy Terrain|[from] ability: Grassy Surge|[of] p1a: Rillaboom\n|turn|13\n|\n|t:|1700771875\n|switch|p2a: Tapu Lele|Tapu Lele|100\/100\n|-damage|p2a: Tapu Lele|88\/100|[from] Stealth Rock\n|-fieldstart|move: Psychic Terrain|[from] ability: Psychic Surge|[of] p2a: Tapu Lele\n|move|p1a: Rillaboom|U-turn|p2a: Tapu Lele\n|-damage|p2a: Tapu Lele|29\/100\n|inactive|Xhrixs has 60 seconds left.\n|\n|t:|1700771893\n|switch|p1a: Charizard|Charizard-Mega-Y, M|100\/100|[from] U-turn\n|-damage|p1a: Charizard|51\/100|[from] Stealth Rock\n|-weather|SunnyDay|[from] ability: Drought|[of] p1a: Charizard\n|\n|-weather|SunnyDay|[upkeep]\n|upkeep\n|turn|14\n|\n|t:|1700771906\n|move|p2a: Tapu Lele|Psychic|p1a: Charizard\n|-damage|p1a: Charizard|0 fnt\n|faint|p1a: Charizard\n|\n|-weather|SunnyDay|[upkeep]\n|upkeep\n|\n|t:|1700771936\n|switch|p1a: Rillaboom|Rillaboom, F|88\/100\n|-damage|p1a: Rillaboom|76\/100|[from] Stealth Rock\n|-fieldstart|move: Grassy Terrain|[from] ability: Grassy Surge|[of] p1a: Rillaboom\n|turn|15\n|inactive|Xhrixs has 30 seconds left.\n|\n|t:|1700771956\n|move|p1a: Rillaboom|Grassy Glide|p2a: Tapu Lele\n|-damage|p2a: Tapu Lele|0 fnt\n|faint|p2a: Tapu Lele\n|\n|-weather|SunnyDay|[upkeep]\n|-heal|p1a: Rillaboom|82\/100|[from] Grassy Terrain\n|upkeep\n|\n|t:|1700771967\n|switch|p2a: Zapdos|Zapdos|55\/100\n|turn|16\n|\n|t:|1700771969\n|move|p1a: Rillaboom|Grassy Glide|p2a: Zapdos\n|-resisted|p2a: Zapdos\n|-damage|p2a: Zapdos|32\/100\n|move|p2a: Zapdos|Roost|p2a: Zapdos\n|-heal|p2a: Zapdos|82\/100\n|-singleturn|p2a: Zapdos|move: Roost\n|\n|-weather|SunnyDay|[upkeep]\n|-heal|p1a: Rillaboom|88\/100|[from] Grassy Terrain\n|-heal|p2a: Zapdos|88\/100|[from] Grassy Terrain\n|upkeep\n|turn|17\n|\n|t:|1700771979\n|switch|p1a: Sneasler|Sneasler, M|100\/100\n|-damage|p1a: Sneasler|95\/100|[from] Stealth Rock\n|-enditem|p1a: Sneasler|Grassy Seed\n|-boost|p1a: Sneasler|def|1|[from] item: Grassy Seed\n|move|p2a: Zapdos|Hurricane|p1a: Sneasler|[miss]\n|-miss|p2a: Zapdos|p1a: Sneasler\n|\n|-weather|none\n|-heal|p1a: Sneasler|100\/100|[from] Grassy Terrain\n|upkeep\n|turn|18\n|\n|t:|1700771989\n|move|p1a: Sneasler|Dire Claw|p2a: Zapdos\n|-damage|p2a: Zapdos|52\/100\n|move|p2a: Zapdos|Hurricane|p1a: Sneasler\n|-supereffective|p1a: Sneasler\n|-damage|p1a: Sneasler|0 fnt\n|faint|p1a: Sneasler\n|\n|upkeep\n|\n|t:|1700771996\n|switch|p1a: Rillaboom|Rillaboom, F|88\/100\n|-damage|p1a: Rillaboom|76\/100|[from] Stealth Rock\n|turn|19\n|inactive|Xhrixs has 60 seconds left.\n|\n|t:|1700772001\n|move|p1a: Rillaboom|Wood Hammer|p2a: Zapdos\n|-resisted|p2a: Zapdos\n|-damage|p2a: Zapdos|0 fnt\n|faint|p2a: Zapdos\n|-damage|p1a: Rillaboom|57\/100|[from] Recoil\n|\n|-heal|p1a: Rillaboom|63\/100|[from] Grassy Terrain\n|-fieldend|move: Grassy Terrain\n|upkeep\n|\n|t:|1700772020\n|switch|p2a: Hydreigon|Hydreigon, F|38\/100 psn\n|-damage|p2a: Hydreigon|26\/100 psn|[from] Stealth Rock\n|turn|20\n|\n|t:|1700772028\n|move|p1a: Rillaboom|Wood Hammer|p2a: Hydreigon\n|-resisted|p2a: Hydreigon\n|-damage|p2a: Hydreigon|0 fnt\n|faint|p2a: Hydreigon\n|-damage|p1a: Rillaboom|53\/100|[from] Recoil\n|\n|upkeep\n|\n|t:|1700772033\n|switch|p2a: Iron Treads|Iron Treads|100\/100\n|-damage|p2a: Iron Treads|97\/100|[from] Stealth Rock\n|turn|21\n|\n|t:|1700772050\n|move|p2a: Iron Treads|Knock Off|p1a: Rillaboom\n|-damage|p1a: Rillaboom|22\/100\n|-enditem|p1a: Rillaboom|Choice Band|[from] move: Knock Off|[of] p2a: Iron Treads\n|move|p1a: Rillaboom|Wood Hammer|p2a: Iron Treads\n|-crit|p2a: Iron Treads\n|-damage|p2a: Iron Treads|0 fnt\n|faint|p2a: Iron Treads\n|-end|p2a: Iron Treads|Quark Drive|[silent]\n|-damage|p1a: Rillaboom|0 fnt|[from] Recoil\n|faint|p1a: Rillaboom\n|\n|win|Xhrixs\n|raw|Xhrixs's rating: 1569 &rarr; <strong>1585<\/strong><br \/>(+16 for winning)\n|raw|MajorHurricane's rating: 1500 &rarr; <strong>1484<\/strong><br \/>(-16 for losing)\n|c|\u2606Xhrixs|gg\n|c|\u2606MajorHurricane|man\n|c|\u2606MajorHurricane|gg\n","uploadtime":1700772071,"views":4,"p1id":"xhrixs","p2id":"majorhurricane","formatid":"gen9nationaldex","rating":1484,"private":0,"password":""}