{"id":"gen9nationaldex-1993572609","p1":"Railgun_Rival","p2":"Shiitami","format":"[Gen 9] National Dex","log":"|j|\u2606Railgun_Rival\n|j|\u2606Shiitami\n|t:|1700333151\n|gametype|singles\n|player|p1|Railgun_Rival|giovanni|\n|player|p2|Shiitami|bellelba|\n|teamsize|p1|6\n|teamsize|p2|6\n|gen|9\n|tier|[Gen 9] National Dex\n|rule|HP Percentage Mod: HP is shown in percentages\n|rule|Endless Battle Clause: Forcing endless battles is banned\n|rule|OHKO Clause: OHKO moves are banned\n|rule|Evasion Clause: Evasion abilities, items, and moves are banned\n|rule|Evasion Abilities Clause: Evasion abilities are banned\n|rule|Evasion Items Clause: Evasion items are banned\n|rule|Evasion Moves Clause: Evasion moves are banned\n|rule|Species Clause: Limit one of each Pok\u00e9mon\n|rule|Sleep Clause Mod: Limit one foe put to sleep\n|clearpoke\n|poke|p1|Volcarona, M|\n|poke|p1|Ferrothorn, M|\n|poke|p1|Great Tusk|\n|poke|p1|Rotom-Wash|\n|poke|p1|Dragonite, F|\n|poke|p1|Tapu Koko|\n|poke|p2|Tsareena, F|\n|poke|p2|Arcanine-Hisui, M|\n|poke|p2|Azumarill, F|\n|poke|p2|Mew|\n|poke|p2|Ceruledge, M|\n|poke|p2|Mamoswine, M|\n|teampreview\n|j| Mr60Gold\n|\n|t:|1700333175\n|start\n|switch|p1a: Cetus|Rotom-Wash|100\/100\n|switch|p2a: Mew|Mew|100\/100\n|turn|1\n|\n|t:|1700333181\n|-terastallize|p2a: Mew|Psychic\n|move|p1a: Cetus|Thunder Wave|p2a: Mew\n|-status|p2a: Mew|par\n|-activate|p2a: Mew|ability: Synchronize\n|-immune|p1a: Cetus\n|cant|p2a: Mew|par\n|\n|upkeep\n|turn|2\n|\n|t:|1700333190\n|move|p1a: Cetus|Volt Switch|p2a: Mew\n|-damage|p2a: Mew|80\/100 par\n|\n|t:|1700333194\n|switch|p1a: Atlas|Great Tusk|100\/100|[from] Volt Switch\n|cant|p2a: Mew|par\n|\n|-heal|p2a: Mew|86\/100 par|[from] item: Leftovers\n|upkeep\n|turn|3\n|\n|t:|1700333203\n|switch|p2a: Mamoswine|Mamoswine, M, shiny|100\/100\n|move|p1a: Atlas|Knock Off|p2a: Mamoswine\n|-damage|p2a: Mamoswine|57\/100\n|-enditem|p2a: Mamoswine|Choice Band|[from] move: Knock Off|[of] p1a: Atlas\n|\n|upkeep\n|turn|4\n|\n|t:|1700333218\n|move|p2a: Mamoswine|Knock Off|p1a: Atlas\n|-resisted|p1a: Atlas\n|-damage|p1a: Atlas|89\/100\n|-enditem|p1a: Atlas|Assault Vest|[from] move: Knock Off|[of] p2a: Mamoswine\n|move|p1a: Atlas|Close Combat|p2a: Mamoswine\n|-supereffective|p2a: Mamoswine\n|-damage|p2a: Mamoswine|0 fnt\n|-unboost|p1a: Atlas|def|1\n|-unboost|p1a: Atlas|spd|1\n|faint|p2a: Mamoswine\n|\n|upkeep\n|\n|t:|1700333234\n|switch|p2a: Tsareena|Tsareena, F, shiny|100\/100\n|turn|5\n|\n|t:|1700333241\n|move|p2a: Tsareena|Power Whip|p1a: Atlas\n|-supereffective|p1a: Atlas\n|-damage|p1a: Atlas|0 fnt\n|faint|p1a: Atlas\n|-end|p1a: Atlas|Protosynthesis|[silent]\n|\n|upkeep\n|\n|t:|1700333246\n|switch|p1a: Typhon|Dragonite, F|100\/100\n|turn|6\n|\n|t:|1700333249\n|move|p2a: Tsareena|Power Whip|p1a: Typhon\n|-resisted|p1a: Typhon\n|-damage|p1a: Typhon|93\/100\n|move|p1a: Typhon|Dragon Dance|p1a: Typhon\n|-boost|p1a: Typhon|atk|1\n|-boost|p1a: Typhon|spe|1\n|\n|upkeep\n|turn|7\n|\n|t:|1700333261\n|switch|p2a: Mew|Mew, tera:Psychic|86\/100 par\n|move|p1a: Typhon|Dragon Dance|p1a: Typhon\n|-boost|p1a: Typhon|atk|1\n|-boost|p1a: Typhon|spe|1\n|\n|-heal|p2a: Mew|93\/100 par|[from] item: Leftovers\n|upkeep\n|turn|8\n|\n|t:|1700333268\n|move|p1a: Typhon|Earthquake|p2a: Mew\n|-damage|p2a: Mew|31\/100 par\n|move|p2a: Mew|Stored Power|p1a: Typhon\n|-damage|p1a: Typhon|54\/100\n|\n|-heal|p2a: Mew|38\/100 par|[from] item: Leftovers\n|upkeep\n|turn|9\n|\n|t:|1700333288\n|switch|p2a: Arcanine|Arcanine-Hisui, M|100\/100\n|move|p1a: Typhon|Earthquake|p2a: Arcanine\n|-supereffective|p2a: Arcanine\n|-damage|p2a: Arcanine|0 fnt\n|faint|p2a: Arcanine\n|\n|upkeep\n|\n|t:|1700333294\n|switch|p2a: Ceruledge|Ceruledge, M|100\/100\n|turn|10\n|\n|t:|1700333298\n|move|p1a: Typhon|Earthquake|p2a: Ceruledge\n|-supereffective|p2a: Ceruledge\n|-enditem|p2a: Ceruledge|Focus Sash\n|-damage|p2a: Ceruledge|1\/100\n|-ability|p2a: Ceruledge|Weak Armor|boost\n|-unboost|p2a: Ceruledge|def|1\n|-boost|p2a: Ceruledge|spe|2\n|move|p2a: Ceruledge|Poltergeist|p1a: Typhon\n|-activate|p1a: Typhon|move: Poltergeist|Heavy-Duty Boots\n|-damage|p1a: Typhon|0 fnt\n|faint|p1a: Typhon\n|\n|upkeep\n|\n|t:|1700333319\n|switch|p1a: Cetus|Rotom-Wash|100\/100\n|turn|11\n|\n|t:|1700333328\n|switch|p2a: Mew|Mew, tera:Psychic|38\/100 par\n|move|p1a: Cetus|Volt Switch|p2a: Mew\n|-damage|p2a: Mew|15\/100 par\n|\n|t:|1700333334\n|switch|p1a: Keraunos|Tapu Koko|100\/100|[from] Volt Switch\n|-fieldstart|move: Electric Terrain|[from] ability: Electric Surge|[of] p1a: Keraunos\n|\n|-heal|p2a: Mew|21\/100 par|[from] item: Leftovers\n|upkeep\n|turn|12\n|\n|t:|1700333361\n|move|p1a: Keraunos|Thunderbolt|p2a: Mew\n|-damage|p2a: Mew|0 fnt\n|faint|p2a: Mew\n|\n|upkeep\n|\n|t:|1700333373\n|switch|p2a: Tsareena|Tsareena, F, shiny|100\/100\n|turn|13\n|\n|t:|1700333383\n|switch|p1a: Icarus|Volcarona, M|100\/100\n|move|p2a: Tsareena|Power Whip|p1a: Icarus\n|-resisted|p1a: Icarus\n|-damage|p1a: Icarus|76\/100\n|-status|p2a: Tsareena|brn|[from] ability: Flame Body|[of] p1a: Icarus\n|\n|-damage|p2a: Tsareena|95\/100 brn|[from] brn\n|upkeep\n|turn|14\n|\n|t:|1700333394\n|switch|p2a: Azumarill|Azumarill, F|100\/100\n|move|p1a: Icarus|Quiver Dance|p1a: Icarus\n|-boost|p1a: Icarus|spa|1\n|-boost|p1a: Icarus|spd|1\n|-boost|p1a: Icarus|spe|1\n|\n|upkeep\n|turn|15\n|\n|t:|1700333402\n|-terastallize|p1a: Icarus|Grass\n|move|p2a: Azumarill|Aqua Jet|p1a: Icarus\n|-resisted|p1a: Icarus\n|-damage|p1a: Icarus|57\/100\n|move|p1a: Icarus|Giga Drain|p2a: Azumarill\n|-supereffective|p2a: Azumarill\n|-damage|p2a: Azumarill|0 fnt\n|-heal|p1a: Icarus|100\/100|[from] drain|[of] p2a: Azumarill\n|faint|p2a: Azumarill\n|\n|-fieldend|move: Electric Terrain\n|upkeep\n|\n|t:|1700333413\n|switch|p2a: Ceruledge|Ceruledge, M|1\/100\n|turn|16\n|\n|t:|1700333418\n|move|p1a: Icarus|Fiery Dance|p2a: Ceruledge\n|-resisted|p2a: Ceruledge\n|-damage|p2a: Ceruledge|0 fnt\n|faint|p2a: Ceruledge\n|\n|upkeep\n|\n|t:|1700333422\n|switch|p2a: Tsareena|Tsareena, F, shiny|95\/100 brn\n|turn|17\n|\n|t:|1700333427\n|move|p1a: Icarus|Fiery Dance|p2a: Tsareena\n|-supereffective|p2a: Tsareena\n|-damage|p2a: Tsareena|0 fnt\n|-boost|p1a: Icarus|spa|1\n|faint|p2a: Tsareena\n|\n|win|Railgun_Rival\n|l|\u2606Shiitami\n","uploadtime":1700333481,"views":17,"p1id":"railgunrival","p2id":"shiitami","formatid":"gen9nationaldex","rating":0,"private":0,"password":""}