{"id":"gen9nationaldex-1995157914","p1":"djx","p2":"Yubel644","format":"[Gen 9] National Dex","log":"|html|<div class=\"broadcast-blue\"><strong>[Gen 9] National Dex is currently suspecting Sneasler! For information on how to participate check out the <a href=\"https:\/\/www.smogon.com\/forums\/threads\/sv-national-dex-suspect-8-just-dance.3731534\/\">suspect thread<\/a>.<\/strong><\/div>\n|j|\u203ddjx\n|j|\u2606Yubel644\n|t:|1700529041\n|gametype|singles\n|player|p1|djx|dawn-gen4pt|1478\n|player|p2|Yubel644|emmet|1377\n|teamsize|p1|6\n|teamsize|p2|6\n|gen|9\n|tier|[Gen 9] National Dex\n|rated|\n|rule|HP Percentage Mod: HP is shown in percentages\n|rule|Endless Battle Clause: Forcing endless battles is banned\n|rule|OHKO Clause: OHKO moves are banned\n|rule|Evasion Clause: Evasion abilities, items, and moves are banned\n|rule|Evasion Abilities Clause: Evasion abilities are banned\n|rule|Evasion Items Clause: Evasion items are banned\n|rule|Evasion Moves Clause: Evasion moves are banned\n|rule|Species Clause: Limit one of each Pok\u00e9mon\n|rule|Sleep Clause Mod: Limit one foe put to sleep\n|clearpoke\n|poke|p1|Great Tusk|\n|poke|p1|Gyarados, M|\n|poke|p1|Iron Valiant|\n|poke|p1|Volcarona, F|\n|poke|p1|Tapu Koko|\n|poke|p1|Sneasler, M|\n|poke|p2|Armarouge, F|\n|poke|p2|Gliscor, M|\n|poke|p2|Regice|\n|poke|p2|Forretress, M|\n|poke|p2|Tauros-Paldea-Aqua, M|\n|poke|p2|Banette, M|\n|teampreview\n|\n|t:|1700529049\n|start\n|switch|p1a: Volcarona|Volcarona, F|100\/100\n|switch|p2a: El Se\u00f1or DlaNoche|Gliscor, M|100\/100\n|turn|1\n|l|\u203ddjx\n|player|p1|\n|inactive|Battle timer is ON: inactive players will automatically lose when time's up. (requested by Yubel644)\n|inactive|djx has 30 seconds to reconnect!\n|j|\u203ddjx\n|inactive|djx reconnected and has 115 seconds left.\n|player|p1|djx|dawn-gen4pt\n|n|\u203ddjx|djx\n|n|\u203ddjx|djx\n|n|\u203ddjx|djx\n|\n|t:|1700529120\n|switch|p2a: Brother ice|Regice, shiny|100\/100\n|move|p1a: Volcarona|Quiver Dance|p1a: Volcarona\n|-boost|p1a: Volcarona|spa|1\n|-boost|p1a: Volcarona|spd|1\n|-boost|p1a: Volcarona|spe|1\n|\n|upkeep\n|turn|2\n|\n|t:|1700529127\n|-terastallize|p2a: Brother ice|Electric\n|move|p1a: Volcarona|Fiery Dance|p2a: Brother ice\n|-damage|p2a: Brother ice|77\/100\n|move|p2a: Brother ice|Charge Beam|p1a: Volcarona\n|-damage|p1a: Volcarona|81\/100\n|-boost|p2a: Brother ice|spa|1\n|\n|upkeep\n|turn|3\n|\n|t:|1700529139\n|move|p1a: Volcarona|Fiery Dance|p2a: Brother ice\n|-damage|p2a: Brother ice|53\/100\n|move|p2a: Brother ice|Charge Beam|p1a: Volcarona\n|-crit|p1a: Volcarona\n|-damage|p1a: Volcarona|15\/100\n|-boost|p2a: Brother ice|spa|1\n|\n|upkeep\n|turn|4\n|\n|t:|1700529143\n|move|p1a: Volcarona|Bug Buzz|p2a: Brother ice\n|-damage|p2a: Brother ice|27\/100\n|move|p2a: Brother ice|Thunderbolt|p1a: Volcarona\n|-damage|p1a: Volcarona|0 fnt\n|faint|p1a: Volcarona\n|\n|upkeep\n|\n|t:|1700529149\n|switch|p1a: Great Tusk|Great Tusk|100\/100\n|-enditem|p1a: Great Tusk|Booster Energy\n|-activate|p1a: Great Tusk|ability: Protosynthesis|[fromitem]\n|-start|p1a: Great Tusk|protosynthesisatk\n|turn|5\n|\n|t:|1700529167\n|switch|p2a: El Se\u00f1or DlaNoche|Gliscor, M|100\/100\n|move|p1a: Great Tusk|Ice Spinner|p2a: El Se\u00f1or DlaNoche\n|-supereffective|p2a: El Se\u00f1or DlaNoche\n|-damage|p2a: El Se\u00f1or DlaNoche|10\/100\n|\n|-status|p2a: El Se\u00f1or DlaNoche|tox|[from] item: Toxic Orb\n|upkeep\n|turn|6\n|\n|t:|1700529173\n|switch|p2a: Rogal Dorn|Forretress, M, shiny|100\/100\n|move|p1a: Great Tusk|Rapid Spin|p2a: Rogal Dorn\n|-resisted|p2a: Rogal Dorn\n|-damage|p2a: Rogal Dorn|94\/100\n|-boost|p1a: Great Tusk|spe|1\n|-damage|p1a: Great Tusk|84\/100|[from] item: Rocky Helmet|[of] p2a: Rogal Dorn\n|\n|upkeep\n|turn|7\n|\n|t:|1700529180\n|move|p1a: Great Tusk|Earthquake|p2a: Rogal Dorn\n|-damage|p2a: Rogal Dorn|57\/100\n|move|p2a: Rogal Dorn|Stealth Rock|p1a: Great Tusk\n|-sidestart|p1: djx|move: Stealth Rock\n|\n|upkeep\n|turn|8\n|\n|t:|1700529182\n|move|p1a: Great Tusk|Close Combat|p2a: Rogal Dorn\n|-damage|p2a: Rogal Dorn|16\/100\n|-unboost|p1a: Great Tusk|def|1\n|-unboost|p1a: Great Tusk|spd|1\n|-damage|p1a: Great Tusk|68\/100|[from] item: Rocky Helmet|[of] p2a: Rogal Dorn\n|move|p2a: Rogal Dorn|Counter|p1a: Great Tusk\n|-damage|p1a: Great Tusk|0 fnt\n|faint|p1a: Great Tusk\n|-end|p1a: Great Tusk|Protosynthesis|[silent]\n|\n|upkeep\n|\n|t:|1700529190\n|switch|p1a: Gyarados|Gyarados, M|100\/100\n|-damage|p1a: Gyarados|76\/100|[from] Stealth Rock\n|turn|9\n|\n|t:|1700529196\n|move|p1a: Gyarados|Dragon Dance|p1a: Gyarados\n|-boost|p1a: Gyarados|atk|1\n|-boost|p1a: Gyarados|spe|1\n|move|p2a: Rogal Dorn|Volt Switch|p1a: Gyarados\n|-supereffective|p1a: Gyarados\n|-damage|p1a: Gyarados|29\/100\n|\n|t:|1700529203\n|switch|p2a: El Se\u00f1or DlaNoche|Gliscor, M|10\/100 tox|[from] Volt Switch\n|\n|-heal|p2a: El Se\u00f1or DlaNoche|23\/100 tox|[from] ability: Poison Heal\n|upkeep\n|turn|10\n|\n|t:|1700529209\n|switch|p2a: Rogal Dorn|Forretress, M, shiny|16\/100\n|move|p1a: Gyarados|Waterfall|p2a: Rogal Dorn\n|-damage|p2a: Rogal Dorn|0 fnt\n|-damage|p1a: Gyarados|12\/100|[from] item: Rocky Helmet|[of] p2a: Rogal Dorn\n|faint|p2a: Rogal Dorn\n|-ability|p1a: Gyarados|Moxie|boost\n|-boost|p1a: Gyarados|atk|1\n|\n|upkeep\n|\n|t:|1700529216\n|switch|p2a: Korpsman|Banette, M|100\/100\n|-item|p1a: Gyarados|Gyaradosite|[from] ability: Frisk|[of] p2a: Korpsman|[identify]\n|turn|11\n|\n|t:|1700529219\n|detailschange|p2a: Korpsman|Banette-Mega, M\n|-mega|p2a: Korpsman|Banette|Banettite\n|move|p2a: Korpsman|Shadow Sneak|p1a: Gyarados\n|-damage|p1a: Gyarados|0 fnt\n|faint|p1a: Gyarados\n|\n|upkeep\n|\n|t:|1700529222\n|switch|p1a: Tapu Koko|Tapu Koko|100\/100\n|-damage|p1a: Tapu Koko|88\/100|[from] Stealth Rock\n|-fieldstart|move: Electric Terrain|[from] ability: Electric Surge|[of] p1a: Tapu Koko\n|turn|12\n|\n|t:|1700529228\n|switch|p2a: El Se\u00f1or DlaNoche|Gliscor, M|23\/100 tox\n|move|p1a: Tapu Koko|U-turn|p2a: El Se\u00f1or DlaNoche\n|-resisted|p2a: El Se\u00f1or DlaNoche\n|-damage|p2a: El Se\u00f1or DlaNoche|16\/100 tox\n|\n|t:|1700529237\n|switch|p1a: Sneasler|Sneasler, M|100\/100|[from] U-turn\n|-damage|p1a: Sneasler|94\/100|[from] Stealth Rock\n|-enditem|p1a: Sneasler|Electric Seed\n|-boost|p1a: Sneasler|def|1|[from] item: Electric Seed\n|\n|-heal|p2a: El Se\u00f1or DlaNoche|28\/100 tox|[from] ability: Poison Heal\n|upkeep\n|turn|13\n|\n|t:|1700529245\n|-terastallize|p1a: Sneasler|Flying\n|move|p1a: Sneasler|Bulk Up|p1a: Sneasler\n|-boost|p1a: Sneasler|atk|1\n|-boost|p1a: Sneasler|def|1\n|move|p2a: El Se\u00f1or DlaNoche|Earthquake|p1a: Sneasler\n|-immune|p1a: Sneasler\n|\n|-heal|p2a: El Se\u00f1or DlaNoche|41\/100 tox|[from] ability: Poison Heal\n|upkeep\n|turn|14\n|\n|t:|1700529252\n|move|p1a: Sneasler|Acrobatics|p2a: El Se\u00f1or DlaNoche\n|-damage|p2a: El Se\u00f1or DlaNoche|0 fnt\n|faint|p2a: El Se\u00f1or DlaNoche\n|\n|upkeep\n|\n|t:|1700529258\n|switch|p2a: Korpsman|Banette-Mega, M|100\/100\n|turn|15\n|\n|t:|1700529261\n|move|p2a: Korpsman|Destiny Bond|p2a: Korpsman\n|-singlemove|p2a: Korpsman|Destiny Bond\n|move|p1a: Sneasler|Acrobatics|p2a: Korpsman\n|-damage|p2a: Korpsman|0 fnt\n|faint|p2a: Korpsman\n|-activate|p2a: Korpsman|move: Destiny Bond\n|faint|p1a: Sneasler\n|\n|upkeep\n|\n|t:|1700529279\n|switch|p1a: Iron Valiant|Iron Valiant|100\/100\n|switch|p2a: Brother ice|Regice, shiny, tera:Electric|27\/100\n|-damage|p1a: Iron Valiant|94\/100|[from] Stealth Rock\n|-activate|p1a: Iron Valiant|ability: Quark Drive\n|-start|p1a: Iron Valiant|quarkdrivespa\n|turn|16\n|\n|t:|1700529302\n|move|p1a: Iron Valiant|Trick|p2a: Brother ice\n|-activate|p1a: Iron Valiant|move: Trick|[of] p2a: Brother ice\n|-item|p2a: Brother ice|Choice Scarf|[from] move: Trick\n|-item|p1a: Iron Valiant|Assault Vest|[from] move: Trick\n|move|p2a: Brother ice|Thunderbolt|p1a: Iron Valiant\n|-damage|p1a: Iron Valiant|33\/100\n|\n|upkeep\n|turn|17\n|\n|t:|1700529309\n|move|p1a: Iron Valiant|Aura Sphere|p2a: Brother ice\n|-damage|p2a: Brother ice|0 fnt\n|faint|p2a: Brother ice\n|\n|upkeep\n|\n|t:|1700529321\n|switch|p2a: Asterion Moloc|Tauros-Paldea-Aqua, M|100\/100\n|-ability|p2a: Asterion Moloc|Intimidate|boost\n|-unboost|p1a: Iron Valiant|atk|1\n|turn|18\n|\n|t:|1700529326\n|move|p2a: Asterion Moloc|Aqua Jet|p1a: Iron Valiant\n|-damage|p1a: Iron Valiant|5\/100\n|move|p1a: Iron Valiant|Moonblast|p2a: Asterion Moloc\n|-supereffective|p2a: Asterion Moloc\n|-damage|p2a: Asterion Moloc|0 fnt\n|faint|p2a: Asterion Moloc\n|\n|upkeep\n|\n|t:|1700529336\n|switch|p2a: Magnis|Armarouge, F|100\/100\n|turn|19\n|\n|t:|1700529341\n|move|p2a: Magnis|Armor Cannon|p1a: Iron Valiant\n|-damage|p1a: Iron Valiant|0 fnt\n|-unboost|p2a: Magnis|def|1\n|-unboost|p2a: Magnis|spd|1\n|faint|p1a: Iron Valiant\n|-end|p1a: Iron Valiant|Quark Drive|[silent]\n|\n|-fieldend|move: Electric Terrain\n|upkeep\n|\n|t:|1700529343\n|switch|p1a: Tapu Koko|Tapu Koko|88\/100\n|-damage|p1a: Tapu Koko|76\/100|[from] Stealth Rock\n|-fieldstart|move: Electric Terrain|[from] ability: Electric Surge|[of] p1a: Tapu Koko\n|turn|20\n|\n|t:|1700529346\n|move|p2a: Magnis|Armor Cannon|p1a: Tapu Koko\n|-damage|p1a: Tapu Koko|0 fnt\n|-unboost|p2a: Magnis|def|1\n|-unboost|p2a: Magnis|spd|1\n|faint|p1a: Tapu Koko\n|\n|win|Yubel644\n|raw|djx's rating: 1478 &rarr; <strong>1452<\/strong><br \/>(-26 for losing)\n|raw|Yubel644's rating: 1377 &rarr; <strong>1403<\/strong><br \/>(+26 for winning)\n|l|\u203ddjx\n","uploadtime":1700529353,"views":2,"p1id":"djx","p2id":"yubel644","formatid":"gen9nationaldex","rating":1403,"private":0,"password":""}