{"id":"gen9nationaldex-1995743121","p1":"PM4201","p2":"MP1024","format":"[Gen 9] National Dex","log":"|html|<div class=\"broadcast-blue\"><strong>[Gen 9] National Dex is currently suspecting Sneasler! For information on how to participate check out the <a href=\"https:\/\/www.smogon.com\/forums\/threads\/sv-national-dex-suspect-8-just-dance.3731534\/\">suspect thread<\/a>.<\/strong><\/div>\n|j|\u2606PM4201\n|j|\u2606MP1024\n|t:|1700599003\n|gametype|singles\n|player|p1|PM4201|pokemonranger-gen4|\n|player|p2|MP1024|scientist|\n|teamsize|p1|6\n|teamsize|p2|6\n|gen|9\n|tier|[Gen 9] National Dex\n|rule|HP Percentage Mod: HP is shown in percentages\n|rule|Endless Battle Clause: Forcing endless battles is banned\n|rule|OHKO Clause: OHKO moves are banned\n|rule|Evasion Clause: Evasion abilities, items, and moves are banned\n|rule|Evasion Abilities Clause: Evasion abilities are banned\n|rule|Evasion Items Clause: Evasion items are banned\n|rule|Evasion Moves Clause: Evasion moves are banned\n|rule|Species Clause: Limit one of each Pok\u00e9mon\n|rule|Sleep Clause Mod: Limit one foe put to sleep\n|clearpoke\n|poke|p1|Floatzel, M|\n|poke|p1|Clodsire, F|\n|poke|p1|Toxtricity, F|\n|poke|p1|Maushold-Four|\n|poke|p1|Ceruledge, F|\n|poke|p1|Meowscarada, M|\n|poke|p2|Espeon, M|\n|poke|p2|Umbreon, F|\n|poke|p2|Gliscor, M|\n|poke|p2|Hariyama, M|\n|poke|p2|Mamoswine, F|\n|poke|p2|Ninetales, F|\n|teampreview\n|inactive|Battle timer is ON: inactive players will automatically lose when time's up. (requested by MP1024)\n|inactive|PM4201 has 270 seconds left.\n|inactive|MP1024 has 270 seconds left.\n|\n|t:|1700599048\n|start\n|switch|p1a: Maushold|Maushold-Four|100\/100\n|switch|p2a: Gliscor|Gliscor, M|100\/100\n|turn|1\n|\n|t:|1700599057\n|move|p2a: Gliscor|Protect|p2a: Gliscor\n|-singleturn|p2a: Gliscor|Protect\n|move|p1a: Maushold|Tidy Up|p1a: Maushold\n|-boost|p1a: Maushold|atk|1\n|-boost|p1a: Maushold|spe|1\n|\n|-status|p2a: Gliscor|tox|[from] item: Toxic Orb\n|upkeep\n|turn|2\n|\n|t:|1700599072\n|move|p1a: Maushold|Bullet Seed|p2a: Gliscor\n|-damage|p2a: Gliscor|86\/100 tox\n|-damage|p2a: Gliscor|73\/100 tox\n|-damage|p2a: Gliscor|61\/100 tox\n|-damage|p2a: Gliscor|47\/100 tox\n|-hitcount|p2a: Gliscor|4\n|move|p2a: Gliscor|Facade|p1a: Maushold\n|-damage|p1a: Maushold|43\/100\n|\n|-heal|p2a: Gliscor|59\/100 tox|[from] ability: Poison Heal\n|upkeep\n|turn|3\n|\n|t:|1700599087\n|move|p1a: Maushold|Population Bomb|p2a: Gliscor\n|-damage|p2a: Gliscor|43\/100 tox\n|-damage|p2a: Gliscor|28\/100 tox\n|-damage|p2a: Gliscor|12\/100 tox\n|-damage|p2a: Gliscor|0 fnt\n|faint|p2a: Gliscor\n|-hitcount|p2: Gliscor|4\n|\n|upkeep\n|\n|t:|1700599103\n|switch|p2a: Umbreon|Umbreon, F|100\/100\n|turn|4\n|\n|t:|1700599109\n|move|p1a: Maushold|Population Bomb|p2a: Umbreon\n|-damage|p2a: Umbreon|88\/100\n|-damage|p2a: Umbreon|75\/100\n|-damage|p2a: Umbreon|61\/100\n|-damage|p2a: Umbreon|47\/100\n|-damage|p2a: Umbreon|35\/100\n|-damage|p2a: Umbreon|22\/100\n|-damage|p2a: Umbreon|8\/100\n|-damage|p2a: Umbreon|0 fnt\n|faint|p2a: Umbreon\n|-hitcount|p2: Umbreon|8\n|\n|upkeep\n|\n|t:|1700599124\n|switch|p2a: Hariyama|Hariyama, M|100\/100\n|turn|5\n|\n|t:|1700599128\n|move|p1a: Maushold|Population Bomb|p2a: Hariyama\n|-damage|p2a: Hariyama|83\/100\n|-damage|p2a: Hariyama|66\/100\n|-damage|p2a: Hariyama|49\/100\n|-damage|p2a: Hariyama|30\/100\n|-damage|p2a: Hariyama|12\/100\n|-damage|p2a: Hariyama|0 fnt\n|faint|p2a: Hariyama\n|-hitcount|p2: Hariyama|6\n|\n|upkeep\n|\n|t:|1700599140\n|switch|p2a: Espeon|Espeon, M|100\/100\n|turn|6\n|\n|t:|1700599150\n|move|p1a: Maushold|Population Bomb|p2a: Espeon\n|-damage|p2a: Espeon|68\/100\n|-damage|p2a: Espeon|37\/100\n|-damage|p2a: Espeon|4\/100\n|-damage|p2a: Espeon|0 fnt\n|faint|p2a: Espeon\n|-hitcount|p2: Espeon|4\n|\n|upkeep\n|\n|t:|1700599163\n|switch|p2a: Mamoswine|Mamoswine, F|100\/100\n|turn|7\n|\n|t:|1700599178\n|move|p1a: Maushold|Bullet Seed|p2a: Mamoswine\n|-supereffective|p2a: Mamoswine\n|-damage|p2a: Mamoswine|68\/100\n|-supereffective|p2a: Mamoswine\n|-damage|p2a: Mamoswine|35\/100\n|-supereffective|p2a: Mamoswine\n|-damage|p2a: Mamoswine|6\/100\n|-supereffective|p2a: Mamoswine\n|-damage|p2a: Mamoswine|0 fnt\n|faint|p2a: Mamoswine\n|-hitcount|p2: Mamoswine|4\n|\n|upkeep\n|\n|t:|1700599182\n|switch|p2a: Ninetales|Ninetales, F|100\/100\n|-weather|SunnyDay|[from] ability: Drought|[of] p2a: Ninetales\n|turn|8\n|\n|t:|1700599190\n|move|p1a: Maushold|Population Bomb|p2a: Ninetales\n|-damage|p2a: Ninetales|74\/100\n|-damage|p2a: Ninetales|51\/100\n|-damage|p2a: Ninetales|26\/100\n|-damage|p2a: Ninetales|2\/100\n|-hitcount|p2a: Ninetales|4\n|move|p2a: Ninetales|Flamethrower|p1a: Maushold\n|-damage|p1a: Maushold|0 fnt\n|faint|p1a: Maushold\n|\n|-weather|SunnyDay|[upkeep]\n|upkeep\n|\n|t:|1700599209\n|switch|p1a: Toxtricity|Toxtricity, F|100\/100\n|turn|9\n|\n|t:|1700599213\n|move|p2a: Ninetales|Scorching Sands|p1a: Toxtricity\n|-supereffective|p1a: Toxtricity\n|-damage|p1a: Toxtricity|10\/100\n|move|p1a: Toxtricity|Shift Gear|p1a: Toxtricity\n|-boost|p1a: Toxtricity|spe|2\n|-boost|p1a: Toxtricity|atk|1\n|\n|-weather|SunnyDay|[upkeep]\n|upkeep\n|turn|10\n|\n|t:|1700599226\n|move|p1a: Toxtricity|Hyper Voice|p2a: Ninetales\n|-damage|p2a: Ninetales|0 fnt\n|faint|p2a: Ninetales\n|-enditem|p1a: Toxtricity|Throat Spray\n|\n|win|PM4201\n","uploadtime":1700599252,"views":5,"p1id":"pm4201","p2id":"mp1024","formatid":"gen9nationaldex","rating":0,"private":0,"password":""}