{"id":"gen9nationaldex-1996014621","p1":"1BadGTO","p2":"shrevon7c","format":"[Gen 9] National Dex","log":"|html|<div class=\"broadcast-blue\"><strong>[Gen 9] National Dex is currently suspecting Sneasler! For information on how to participate check out the <a href=\"https:\/\/www.smogon.com\/forums\/threads\/sv-national-dex-suspect-8-just-dance.3731534\/\">suspect thread<\/a>.<\/strong><\/div>\n|j|\u26061BadGTO\n|j|\u2606shrevon7c\n|t:|1700629560\n|gametype|singles\n|player|p1|1BadGTO|dahlia|1242\n|player|p2|shrevon7c|biker-gen4|1157\n|teamsize|p1|6\n|teamsize|p2|6\n|gen|9\n|tier|[Gen 9] National Dex\n|rated|\n|rule|HP Percentage Mod: HP is shown in percentages\n|rule|Endless Battle Clause: Forcing endless battles is banned\n|rule|OHKO Clause: OHKO moves are banned\n|rule|Evasion Clause: Evasion abilities, items, and moves are banned\n|rule|Evasion Abilities Clause: Evasion abilities are banned\n|rule|Evasion Items Clause: Evasion items are banned\n|rule|Evasion Moves Clause: Evasion moves are banned\n|rule|Species Clause: Limit one of each Pok\u00e9mon\n|rule|Sleep Clause Mod: Limit one foe put to sleep\n|clearpoke\n|poke|p1|Urshifu-*, F|\n|poke|p1|Pelipper, F|\n|poke|p1|Swampert, M|\n|poke|p1|Tornadus-Therian, M|\n|poke|p1|Landorus-Therian, M|\n|poke|p1|Thundurus-Therian, M|\n|poke|p2|Hitmonlee, M|\n|poke|p2|Zeraora|\n|poke|p2|Iron Hands|\n|poke|p2|Dudunsparce-*, F|\n|poke|p2|Corsola-Galar, M|\n|poke|p2|Scyther, M|\n|teampreview\n|inactive|Battle timer is ON: inactive players will automatically lose when time's up. (requested by shrevon7c)\n|\n|t:|1700629569\n|start\n|switch|p1a: Landorus|Landorus-Therian, M|100\/100\n|switch|p2a: Zeraora|Zeraora|100\/100\n|-ability|p1a: Landorus|Intimidate|boost\n|-unboost|p2a: Zeraora|atk|1\n|turn|1\n|l|\u2606shrevon7c\n|inactive|shrevon7c disconnected and has a minute to reconnect!\n|player|p2|\n|j|\u2606shrevon7c\n|inactive|shrevon7c reconnected and has 115 seconds left.\n|player|p2|shrevon7c|biker-gen4\n|\n|t:|1700629608\n|move|p2a: Zeraora|Toxic|p1a: Landorus|[miss]\n|-miss|p2a: Zeraora|p1a: Landorus\n|move|p1a: Landorus|Stealth Rock|p2a: Zeraora\n|-sidestart|p2: shrevon7c|move: Stealth Rock\n|\n|upkeep\n|turn|2\n|\n|t:|1700629618\n|move|p2a: Zeraora|Toxic|p1a: Landorus\n|-status|p1a: Landorus|tox\n|move|p1a: Landorus|Earthquake|p2a: Zeraora\n|-supereffective|p2a: Zeraora\n|-enditem|p2a: Zeraora|Focus Sash\n|-damage|p2a: Zeraora|1\/100\n|\n|-damage|p1a: Landorus|94\/100 tox|[from] psn\n|upkeep\n|turn|3\n|\n|t:|1700629625\n|move|p2a: Zeraora|Plasma Fists|p1a: Landorus\n|-immune|p1a: Landorus\n|move|p1a: Landorus|U-turn|p2a: Zeraora\n|-damage|p2a: Zeraora|0 fnt\n|faint|p2a: Zeraora\n|\n|t:|1700629639\n|switch|p1a: Pelipper|Pelipper, F|100\/100|[from] U-turn\n|-weather|RainDance|[from] ability: Drizzle|[of] p1a: Pelipper\n|\n|-weather|RainDance|[upkeep]\n|upkeep\n|\n|t:|1700629645\n|switch|p2a: Iron Hands|Iron Hands|100\/100\n|-damage|p2a: Iron Hands|94\/100|[from] Stealth Rock\n|turn|4\n|\n|t:|1700629650\n|switch|p1a: Landorus|Landorus-Therian, M|94\/100 tox\n|-ability|p1a: Landorus|Intimidate|boost\n|-unboost|p2a: Iron Hands|atk|1\n|move|p2a: Iron Hands|Fake Out|p1a: Landorus\n|-damage|p1a: Landorus|82\/100 tox\n|\n|-weather|RainDance|[upkeep]\n|-heal|p2a: Iron Hands|100\/100|[from] item: Leftovers\n|-damage|p1a: Landorus|76\/100 tox|[from] psn\n|upkeep\n|turn|5\n|\n|t:|1700629661\n|-end|p2a: Iron Hands|Quark Drive|[silent]\n|switch|p2a: Corsola|Corsola-Galar, M|100\/100\n|-damage|p2a: Corsola|88\/100|[from] Stealth Rock\n|move|p1a: Landorus|U-turn|p2a: Corsola\n|-resisted|p2a: Corsola\n|-damage|p2a: Corsola|80\/100\n|-start|p1a: Landorus|Disable|U-turn|[from] ability: Cursed Body|[of] p2a: Corsola\n|\n|t:|1700629676\n|switch|p1a: Thundurus|Thundurus-Therian, M|100\/100|[from] U-turn\n|\n|-weather|RainDance|[upkeep]\n|upkeep\n|turn|6\n|\n|t:|1700629682\n|move|p1a: Thundurus|Agility|p1a: Thundurus\n|-boost|p1a: Thundurus|spe|2\n|move|p2a: Corsola|Will-O-Wisp|p1a: Thundurus\n|-status|p1a: Thundurus|brn\n|\n|-weather|RainDance|[upkeep]\n|-damage|p1a: Thundurus|94\/100 brn|[from] brn\n|upkeep\n|turn|7\n|\n|t:|1700629688\n|move|p1a: Thundurus|Nasty Plot|p1a: Thundurus\n|-boost|p1a: Thundurus|spa|2\n|move|p2a: Corsola|Strength Sap|p1a: Thundurus\n|-unboost|p1a: Thundurus|atk|1\n|-heal|p2a: Corsola|100\/100\n|\n|-weather|RainDance|[upkeep]\n|-damage|p1a: Thundurus|88\/100 brn|[from] brn\n|upkeep\n|turn|8\n|\n|t:|1700629694\n|move|p1a: Thundurus|Nasty Plot|p1a: Thundurus\n|-boost|p1a: Thundurus|spa|2\n|move|p2a: Corsola|Nature Power|p1a: Thundurus\n|move|p2a: Corsola|Tri Attack|p1a: Thundurus|[from]move: Nature Power\n|-damage|p1a: Thundurus|71\/100 brn\n|\n|-weather|RainDance|[upkeep]\n|-damage|p1a: Thundurus|65\/100 brn|[from] brn\n|upkeep\n|turn|9\n|\n|t:|1700629701\n|move|p1a: Thundurus|Thunderbolt|p2a: Corsola\n|-damage|p2a: Corsola|14\/100\n|-status|p2a: Corsola|par\n|-start|p1a: Thundurus|Disable|Thunderbolt|[from] ability: Cursed Body|[of] p2a: Corsola\n|cant|p2a: Corsola|par\n|\n|-weather|RainDance|[upkeep]\n|-damage|p1a: Thundurus|59\/100 brn|[from] brn\n|upkeep\n|turn|10\n|\n|t:|1700629706\n|move|p1a: Thundurus|Hidden Power|p2a: Corsola\n|-crit|p2a: Corsola\n|-damage|p2a: Corsola|0 fnt\n|faint|p2a: Corsola\n|\n|-weather|none\n|-damage|p1a: Thundurus|53\/100 brn|[from] brn\n|upkeep\n|\n|t:|1700629717\n|switch|p2a: Iron Hands|Iron Hands|100\/100\n|-damage|p2a: Iron Hands|94\/100|[from] Stealth Rock\n|turn|11\n|\n|t:|1700629721\n|move|p2a: Iron Hands|Fake Out|p1a: Thundurus\n|-damage|p1a: Thundurus|27\/100 brn\n|cant|p1a: Thundurus|flinch\n|\n|-heal|p2a: Iron Hands|100\/100|[from] item: Leftovers\n|-damage|p1a: Thundurus|21\/100 brn|[from] brn\n|upkeep\n|turn|12\n|\n|t:|1700629729\n|-zpower|p1a: Thundurus\n|move|p1a: Thundurus|Gigavolt Havoc|p2a: Iron Hands|[zeffect]\n|-resisted|p2a: Iron Hands\n|-damage|p2a: Iron Hands|0 fnt\n|faint|p2a: Iron Hands\n|-end|p2a: Iron Hands|Quark Drive|[silent]\n|\n|-damage|p1a: Thundurus|15\/100 brn|[from] brn\n|-end|p1a: Thundurus|Disable\n|upkeep\n|\n|t:|1700629740\n|switch|p2a: Dudunsparce|Dudunsparce, F|100\/100\n|-damage|p2a: Dudunsparce|88\/100|[from] Stealth Rock\n|turn|13\n|\n|t:|1700629745\n|move|p1a: Thundurus|Thunderbolt|p2a: Dudunsparce\n|-damage|p2a: Dudunsparce|0 fnt\n|faint|p2a: Dudunsparce\n|\n|-damage|p1a: Thundurus|9\/100 brn|[from] brn\n|upkeep\n|-message|shrevon7c forfeited.\n|\n|win|1BadGTO\n|raw|1BadGTO's rating: 1242 &rarr; <strong>1261<\/strong><br \/>(+19 for winning)\n|raw|shrevon7c's rating: 1157 &rarr; <strong>1138<\/strong><br \/>(-19 for losing)\n|l|\u2606shrevon7c\n","uploadtime":1700629755,"views":14,"p1id":"1badgto","p2id":"shrevon7c","formatid":"gen9nationaldex","rating":1138,"private":0,"password":""}