{"id":"gen9nationaldex-1990852385","p1":"Miku Nakano ily","p2":"Aesiro13","format":"[Gen 9] National Dex","log":"|j|\u2606Miku Nakano ily\n|j|\u2606Aesiro13\n|inactive|Battle timer is ON: inactive players will automatically lose when time's up.\n|t:|1700007671\n|gametype|singles\n|player|p1|Miku Nakano ily|red|\n|player|p2|Aesiro13|giacomo|\n|teamsize|p1|6\n|teamsize|p2|6\n|gen|9\n|tier|[Gen 9] National Dex\n|rated|Tournament battle\n|rule|HP Percentage Mod: HP is shown in percentages\n|rule|Endless Battle Clause: Forcing endless battles is banned\n|rule|OHKO Clause: OHKO moves are banned\n|rule|Evasion Clause: Evasion abilities, items, and moves are banned\n|rule|Evasion Abilities Clause: Evasion abilities are banned\n|rule|Evasion Items Clause: Evasion items are banned\n|rule|Evasion Moves Clause: Evasion moves are banned\n|rule|Species Clause: Limit one of each Pok\u00e9mon\n|rule|Sleep Clause Mod: Limit one foe put to sleep\n|clearpoke\n|poke|p1|Charizard, F|\n|poke|p1|Alomomola, M|\n|poke|p1|Slowking-Galar, F|\n|poke|p1|Iron Valiant|\n|poke|p1|Landorus-Therian, M|\n|poke|p1|Cinderace, F|\n|poke|p2|Golurk|\n|poke|p2|Tapu Koko|\n|poke|p2|Electrode-Hisui|\n|poke|p2|Corviknight, M|\n|poke|p2|Heatran, M|\n|poke|p2|Greninja-*, M|\n|teampreview\n|inactive|Miku Nakano ily also wants the timer to be on.\n|c|\u2606Miku Nakano ily|hf\n|\n|t:|1700007681\n|start\n|switch|p1a: Cinderace|Cinderace, F|100\/100\n|switch|p2a: Electrode|Electrode-Hisui, shiny|100\/100\n|turn|1\n|j| Potatofromsinnoh\n|\n|t:|1700007687\n|switch|p1a: Landorus|Landorus-Therian, M|100\/100\n|-ability|p1a: Landorus|Intimidate|boost\n|-unboost|p2a: Electrode|atk|1\n|move|p2a: Electrode|Explosion|p1a: Landorus\n|-damage|p1a: Landorus|53\/100\n|faint|p2a: Electrode\n|\n|-heal|p1a: Landorus|59\/100|[from] item: Leftovers\n|upkeep\n|c| Potatofromsinnoh|>he brought golurk\n|c| Potatofromsinnoh|real\n|c|\u2606Aesiro13|golurk is based\n|c|\u2606Miku Nakano ily|madlad\n|\n|t:|1700007708\n|switch|p2a: Greninja|Greninja, M|100\/100\n|turn|2\n|inactive|Miku Nakano ily has 120 seconds left.\n|\n|t:|1700007755\n|switch|p1a: Slowking|Slowking-Galar, F|100\/100\n|move|p2a: Greninja|Hydro Pump|p1a: Slowking\n|-damage|p1a: Slowking|62\/100\n|-damage|p2a: Greninja|91\/100|[from] item: Life Orb\n|\n|-heal|p1a: Slowking|68\/100|[from] item: Leftovers\n|upkeep\n|turn|3\n|c| Potatofromsinnoh|golurk \ud83e\udd1d mamoswine\n|inactive|Aesiro13 has 120 seconds left.\n|inactive|Aesiro13 has 90 seconds left.\n|\n|t:|1700007816\n|move|p2a: Greninja|Dark Pulse|p1a: Slowking\n|-supereffective|p1a: Slowking\n|-damage|p1a: Slowking|14\/100\n|-damage|p2a: Greninja|81\/100|[from] item: Life Orb\n|move|p1a: Slowking|Chilly Reception|p1a: Slowking\n|-weather|Snow\n|\n|t:|1700007824\n|switch|p1a: Charizard|Charizard, F|100\/100|[from] Chilly Reception\n|\n|-weather|Snow|[upkeep]\n|upkeep\n|turn|4\n|inactive|Aesiro13 has 90 seconds left.\n|\n|t:|1700007833\n|detailschange|p1a: Charizard|Charizard-Mega-Y, F\n|-mega|p1a: Charizard|Charizard|Charizardite Y\n|-weather|SunnyDay|[from] ability: Drought|[of] p1a: Charizard\n|move|p2a: Greninja|Ice Beam|p1a: Charizard\n|-damage|p1a: Charizard|64\/100\n|-damage|p2a: Greninja|71\/100|[from] item: Life Orb\n|move|p1a: Charizard|Solar Beam||[still]\n|-prepare|p1a: Charizard|Solar Beam\n|-anim|p1a: Charizard|Solar Beam|p2a: Greninja\n|-supereffective|p2a: Greninja\n|-damage|p2a: Greninja|0 fnt\n|faint|p2a: Greninja\n|\n|-weather|SunnyDay|[upkeep]\n|upkeep\n|inactive|Aesiro13 has 90 seconds left.\n|\n|t:|1700007850\n|switch|p2a: Tapu Koko|Tapu Koko|100\/100\n|-fieldstart|move: Electric Terrain|[from] ability: Electric Surge|[of] p2a: Tapu Koko\n|turn|5\n|\n|t:|1700007854\n|switch|p1a: Landorus|Landorus-Therian, M|59\/100\n|-ability|p1a: Landorus|Intimidate|boost\n|-unboost|p2a: Tapu Koko|atk|1\n|move|p2a: Tapu Koko|Light Screen|p2a: Tapu Koko\n|-sidestart|p2: Aesiro13|move: Light Screen\n|\n|-weather|SunnyDay|[upkeep]\n|-heal|p1a: Landorus|65\/100|[from] item: Leftovers\n|upkeep\n|turn|6\n|c| Potatofromsinnoh|bro sacked his best mon\n|\n|t:|1700007868\n|move|p2a: Tapu Koko|Reflect|p2a: Tapu Koko\n|-sidestart|p2: Aesiro13|Reflect\n|move|p1a: Landorus|Defog|p2a: Tapu Koko\n|-unboost|p2a: Tapu Koko|evasion|1\n|-sideend|p2: Aesiro13|Reflect\n|-sideend|p2: Aesiro13|move: Light Screen\n|-fieldend|move: Electric Terrain\n|\n|-weather|SunnyDay|[upkeep]\n|-heal|p1a: Landorus|71\/100|[from] item: Leftovers\n|upkeep\n|turn|7\n|\n|t:|1700007880\n|move|p2a: Tapu Koko|U-turn|p1a: Landorus\n|-resisted|p1a: Landorus\n|-damage|p1a: Landorus|66\/100\n|\n|t:|1700007882\n|switch|p2a: Golurk|Golurk, shiny|100\/100|[from] U-turn\n|move|p1a: Landorus|Earthquake|p2a: Golurk\n|-damage|p2a: Golurk|49\/100\n|-enditem|p2a: Golurk|Sitrus Berry|[eat]\n|-heal|p2a: Golurk|74\/100|[from] item: Sitrus Berry\n|\n|-weather|SunnyDay|[upkeep]\n|-heal|p1a: Landorus|72\/100|[from] item: Leftovers\n|upkeep\n|turn|8\n|\n|t:|1700007901\n|move|p1a: Landorus|Earthquake|p2a: Golurk\n|-damage|p2a: Golurk|27\/100\n|move|p2a: Golurk|Stone Edge|p1a: Landorus\n|-crit|p1a: Landorus\n|-damage|p1a: Landorus|23\/100\n|\n|-weather|none\n|-heal|p1a: Landorus|29\/100|[from] item: Leftovers\n|upkeep\n|turn|9\n|c|\u2606Aesiro13|huh?\n|c| Potatofromsinnoh|49 on a crit\n|c| Potatofromsinnoh|what the fuck is that ev spread\n|\n|t:|1700007921\n|switch|p1a: Alomomola|Alomomola, M|100\/100\n|switch|p2a: Corviknight|Corviknight, M, shiny|100\/100\n|\n|upkeep\n|turn|10\n|\n|t:|1700007931\n|move|p2a: Corviknight|Body Press|p1a: Alomomola\n|-crit|p1a: Alomomola\n|-damage|p1a: Alomomola|77\/100\n|move|p1a: Alomomola|Flip Turn|p2a: Corviknight\n|-damage|p2a: Corviknight|90\/100\n|\n|t:|1700007934\n|switch|p1a: Charizard|Charizard-Mega-Y, F|64\/100|[from] Flip Turn\n|-weather|SunnyDay|[from] ability: Drought|[of] p1a: Charizard\n|\n|-weather|SunnyDay|[upkeep]\n|-heal|p2a: Corviknight|97\/100|[from] item: Leftovers\n|upkeep\n|turn|11\n|c| Potatofromsinnoh|bro has the bulkiest lando known to man\n|\n|t:|1700007945\n|switch|p2a: Golurk|Golurk, shiny|27\/100\n|move|p1a: Charizard|Weather Ball|p2a: Golurk\n|-damage|p2a: Golurk|0 fnt\n|faint|p2a: Golurk\n|\n|-weather|SunnyDay|[upkeep]\n|upkeep\n|\n|t:|1700007951\n|switch|p2a: Tapu Koko|Tapu Koko|100\/100\n|-fieldstart|move: Electric Terrain|[from] ability: Electric Surge|[of] p2a: Tapu Koko\n|turn|12\n|\n|t:|1700007957\n|switch|p1a: Slowking|Slowking-Galar, F|47\/100\n|move|p2a: Tapu Koko|Light Screen|p2a: Tapu Koko\n|-sidestart|p2: Aesiro13|move: Light Screen\n|\n|-weather|SunnyDay|[upkeep]\n|-heal|p1a: Slowking|53\/100|[from] item: Leftovers\n|upkeep\n|turn|13\n|inactive|Aesiro13 has 120 seconds left.\n|\n|t:|1700007966\n|move|p2a: Tapu Koko|U-turn|p1a: Slowking\n|-damage|p1a: Slowking|33\/100\n|\n|t:|1700007969\n|switch|p2a: Heatran|Heatran, M|100\/100|[from] U-turn\n|move|p1a: Slowking|Slack Off|p1a: Slowking\n|-heal|p1a: Slowking|83\/100\n|\n|-weather|SunnyDay|[upkeep]\n|-heal|p1a: Slowking|89\/100|[from] item: Leftovers\n|upkeep\n|turn|14\n|\n|t:|1700007980\n|-terastallize|p2a: Heatran|Fire\n|move|p2a: Heatran|Eruption|p1a: Slowking\n|-damage|p1a: Slowking|4\/100\n|move|p1a: Slowking|Chilly Reception|p1a: Slowking\n|-weather|Snow\n|\n|t:|1700007989\n|switch|p1a: Cinderace|Cinderace, F|100\/100|[from] Chilly Reception\n|\n|-weather|Snow|[upkeep]\n|upkeep\n|turn|15\n|\n|t:|1700007998\n|switch|p2a: Corviknight|Corviknight, M, shiny|97\/100\n|move|p1a: Cinderace|Court Change|p1a: Cinderace\n|-start|p1a: Cinderace|typechange|Normal|[from] ability: Libero\n|-swapsideconditions\n|-activate|p1a: Cinderace|move: Court Change\n|\n|-weather|Snow|[upkeep]\n|-heal|p2a: Corviknight|100\/100|[from] item: Leftovers\n|upkeep\n|turn|16\n|\n|t:|1700008004\n|move|p1a: Cinderace|Pyro Ball|p2a: Corviknight\n|-supereffective|p2a: Corviknight\n|-crit|p2a: Corviknight\n|-damage|p2a: Corviknight|35\/100\n|move|p2a: Corviknight|Iron Defense|p2a: Corviknight\n|-boost|p2a: Corviknight|def|2\n|\n|-weather|Snow|[upkeep]\n|-heal|p2a: Corviknight|42\/100|[from] item: Leftovers\n|-fieldend|move: Electric Terrain\n|upkeep\n|turn|17\n|\n|t:|1700008007\n|move|p1a: Cinderace|Pyro Ball|p2a: Corviknight\n|-supereffective|p2a: Corviknight\n|-damage|p2a: Corviknight|17\/100\n|move|p2a: Corviknight|Roost|p2a: Corviknight\n|-heal|p2a: Corviknight|67\/100\n|-singleturn|p2a: Corviknight|move: Roost\n|\n|-weather|Snow|[upkeep]\n|-heal|p2a: Corviknight|73\/100|[from] item: Leftovers\n|upkeep\n|turn|18\n|\n|t:|1700008015\n|move|p1a: Cinderace|U-turn|p2a: Corviknight\n|-resisted|p2a: Corviknight\n|-damage|p2a: Corviknight|72\/100\n|\n|t:|1700008017\n|switch|p1a: Charizard|Charizard-Mega-Y, F|64\/100|[from] U-turn\n|-weather|SunnyDay|[from] ability: Drought|[of] p1a: Charizard\n|move|p2a: Corviknight|Body Press|p1a: Charizard\n|-resisted|p1a: Charizard\n|-damage|p1a: Charizard|30\/100\n|\n|-weather|SunnyDay|[upkeep]\n|-heal|p2a: Corviknight|78\/100|[from] item: Leftovers\n|upkeep\n|turn|19\n|\n|t:|1700008035\n|switch|p1a: Landorus|Landorus-Therian, M|29\/100\n|-ability|p1a: Landorus|Intimidate|boost\n|-ability|p2a: Corviknight|Mirror Armor\n|-unboost|p1a: Landorus|atk|1\n|switch|p2a: Tapu Koko|Tapu Koko|100\/100\n|-fieldstart|move: Electric Terrain|[from] ability: Electric Surge|[of] p2a: Tapu Koko\n|\n|-weather|SunnyDay|[upkeep]\n|-heal|p1a: Landorus|35\/100|[from] item: Leftovers\n|-sideend|p1: Miku Nakano ily|move: Light Screen\n|upkeep\n|turn|20\n|inactive|Aesiro13 has 120 seconds left.\n|\n|t:|1700008072\n|move|p2a: Tapu Koko|Reflect|p2a: Tapu Koko\n|-sidestart|p2: Aesiro13|Reflect\n|move|p1a: Landorus|Earthquake|p2a: Tapu Koko\n|-supereffective|p2a: Tapu Koko\n|-damage|p2a: Tapu Koko|67\/100\n|\n|-weather|SunnyDay|[upkeep]\n|-heal|p1a: Landorus|41\/100|[from] item: Leftovers\n|upkeep\n|turn|21\n|\n|t:|1700008078\n|move|p2a: Tapu Koko|Light Screen|p2a: Tapu Koko\n|-sidestart|p2: Aesiro13|move: Light Screen\n|move|p1a: Landorus|Defog|p2a: Tapu Koko\n|-unboost|p2a: Tapu Koko|evasion|1\n|-sideend|p2: Aesiro13|Reflect\n|-sideend|p2: Aesiro13|move: Light Screen\n|-fieldend|move: Electric Terrain\n|\n|-weather|SunnyDay|[upkeep]\n|-heal|p1a: Landorus|47\/100|[from] item: Leftovers\n|upkeep\n|turn|22\n|inactive|Aesiro13 has 120 seconds left.\n|\n|t:|1700008085\n|switch|p1a: Slowking|Slowking-Galar, F|37\/100\n|move|p2a: Tapu Koko|U-turn|p1a: Slowking\n|-damage|p1a: Slowking|18\/100\n|\n|t:|1700008089\n|switch|p2a: Heatran|Heatran, M, tera:Fire|100\/100|[from] U-turn\n|\n|-weather|none\n|-heal|p1a: Slowking|24\/100|[from] item: Leftovers\n|upkeep\n|turn|23\n|\n|t:|1700008094\n|switch|p1a: Landorus|Landorus-Therian, M|47\/100\n|-ability|p1a: Landorus|Intimidate|boost\n|-unboost|p2a: Heatran|atk|1\n|move|p2a: Heatran|Dragon Pulse|p1a: Landorus\n|-damage|p1a: Landorus|23\/100\n|\n|-heal|p1a: Landorus|29\/100|[from] item: Leftovers\n|upkeep\n|turn|24\n|\n|t:|1700008109\n|switch|p2a: Corviknight|Corviknight, M, shiny|78\/100\n|move|p1a: Landorus|Knock Off|p2a: Corviknight\n|-damage|p2a: Corviknight|60\/100\n|-enditem|p2a: Corviknight|Leftovers|[from] move: Knock Off|[of] p1a: Landorus\n|\n|-heal|p1a: Landorus|35\/100|[from] item: Leftovers\n|upkeep\n|turn|25\n|\n|t:|1700008118\n|move|p1a: Landorus|Taunt|p2a: Corviknight\n|-start|p2a: Corviknight|move: Taunt\n|move|p2a: Corviknight|Body Press|p1a: Landorus\n|-resisted|p1a: Landorus\n|-damage|p1a: Landorus|24\/100\n|\n|-heal|p1a: Landorus|30\/100|[from] item: Leftovers\n|upkeep\n|turn|26\n|\n|t:|1700008129\n|switch|p2a: Tapu Koko|Tapu Koko|67\/100\n|-fieldstart|move: Electric Terrain|[from] ability: Electric Surge|[of] p2a: Tapu Koko\n|move|p1a: Landorus|Knock Off|p2a: Tapu Koko\n|-resisted|p2a: Tapu Koko\n|-damage|p2a: Tapu Koko|51\/100\n|-enditem|p2a: Tapu Koko|Light Clay|[from] move: Knock Off|[of] p1a: Landorus\n|\n|-heal|p1a: Landorus|36\/100|[from] item: Leftovers\n|upkeep\n|turn|27\n|\n|t:|1700008135\n|move|p2a: Tapu Koko|Reflect|p2a: Tapu Koko\n|-sidestart|p2: Aesiro13|Reflect\n|move|p1a: Landorus|Earthquake|p2a: Tapu Koko\n|-supereffective|p2a: Tapu Koko\n|-damage|p2a: Tapu Koko|0 fnt\n|faint|p2a: Tapu Koko\n|\n|-heal|p1a: Landorus|42\/100|[from] item: Leftovers\n|upkeep\n|\n|t:|1700008141\n|switch|p2a: Heatran|Heatran, M, tera:Fire|100\/100\n|turn|28\n|\n|t:|1700008148\n|move|p2a: Heatran|Eruption|p1a: Landorus\n|-damage|p1a: Landorus|0 fnt\n|faint|p1a: Landorus\n|\n|upkeep\n|\n|t:|1700008160\n|switch|p1a: Cinderace|Cinderace, F|100\/100\n|turn|29\n|\n|t:|1700008174\n|switch|p2a: Corviknight|Corviknight, M, shiny|60\/100\n|move|p1a: Cinderace|High Jump Kick|p2a: Corviknight\n|-start|p1a: Cinderace|typechange|Fighting|[from] ability: Libero\n|-damage|p2a: Corviknight|41\/100\n|\n|upkeep\n|turn|30\n|\n|t:|1700008180\n|move|p1a: Cinderace|Court Change|p1a: Cinderace\n|-swapsideconditions\n|-activate|p1a: Cinderace|move: Court Change\n|move|p2a: Corviknight|Roost|p2a: Corviknight\n|-heal|p2a: Corviknight|91\/100\n|-singleturn|p2a: Corviknight|move: Roost\n|\n|-fieldend|move: Electric Terrain\n|upkeep\n|turn|31\n|\n|t:|1700008185\n|move|p1a: Cinderace|U-turn|p2a: Corviknight\n|-resisted|p2a: Corviknight\n|-damage|p2a: Corviknight|88\/100\n|\n|t:|1700008188\n|switch|p1a: Alomomola|Alomomola, M|100\/100|[from] U-turn\n|move|p2a: Corviknight|Iron Defense|p2a: Corviknight\n|-boost|p2a: Corviknight|def|2\n|\n|-sideend|p1: Miku Nakano ily|Reflect\n|upkeep\n|turn|32\n|\n|t:|1700008199\n|switch|p2a: Heatran|Heatran, M, tera:Fire|100\/100\n|move|p1a: Alomomola|Wish|p1a: Alomomola\n|\n|upkeep\n|turn|33\n|\n|t:|1700008206\n|move|p2a: Heatran|Dragon Pulse|p1a: Alomomola\n|-damage|p1a: Alomomola|66\/100\n|move|p1a: Alomomola|Toxic|p2a: Heatran\n|-status|p2a: Heatran|tox\n|\n|-heal|p1a: Alomomola|100\/100|[from] move: Wish|[wisher] Alomomola\n|-damage|p2a: Heatran|94\/100 tox|[from] psn\n|upkeep\n|turn|34\n|\n|t:|1700008213\n|move|p2a: Heatran|Dragon Pulse|p1a: Alomomola\n|-damage|p1a: Alomomola|62\/100\n|move|p1a: Alomomola|Wish|p1a: Alomomola\n|\n|-damage|p2a: Heatran|82\/100 tox|[from] psn\n|upkeep\n|turn|35\n|\n|t:|1700008220\n|switch|p2a: Corviknight|Corviknight, M, shiny|88\/100\n|move|p1a: Alomomola|Flip Turn|p2a: Corviknight\n|-damage|p2a: Corviknight|78\/100\n|\n|t:|1700008222\n|switch|p1a: Charizard|Charizard-Mega-Y, F|30\/100|[from] Flip Turn\n|-weather|SunnyDay|[from] ability: Drought|[of] p1a: Charizard\n|\n|-weather|SunnyDay|[upkeep]\n|-heal|p1a: Charizard|100\/100|[from] move: Wish|[wisher] Alomomola\n|upkeep\n|turn|36\n|c|\u2606Aesiro13|i can't win\n|-message|Aesiro13 forfeited.\n|\n|win|Miku Nakano ily\n|n|\u2606Miku Nakano ily|mikunakanoily\n|n|\u2606Aesiro13|aesiro13\n|n| Potatofromsinnoh|potatofromsinnoh\n|l|\u2606Aesiro13\n|c|\u2606Miku Nakano ily|Gg\n|l|\u2606Miku Nakano ily\n|l| Potatofromsinnoh\n|j|\u2606Aesiro13\n|player|p2|Aesiro13|giacomo\n","uploadtime":1700008382,"views":10,"p1id":"mikunakanoily","p2id":"aesiro13","formatid":"gen9nationaldex","rating":0,"private":0,"password":""}