{"id":"gen9nationaldex-1992447061","p1":"hackilla15","p2":"Nick2488","format":"[Gen 9] National Dex","log":"|j|\u2606hackilla15\n|j|\u2606Nick2488\n|t:|1700188674\n|gametype|singles\n|player|p1|hackilla15|ethan|1180\n|player|p2|Nick2488|cynthia-gen4|1182\n|teamsize|p1|6\n|teamsize|p2|6\n|gen|9\n|tier|[Gen 9] National Dex\n|rated|\n|rule|HP Percentage Mod: HP is shown in percentages\n|rule|Endless Battle Clause: Forcing endless battles is banned\n|rule|OHKO Clause: OHKO moves are banned\n|rule|Evasion Clause: Evasion abilities, items, and moves are banned\n|rule|Evasion Abilities Clause: Evasion abilities are banned\n|rule|Evasion Items Clause: Evasion items are banned\n|rule|Evasion Moves Clause: Evasion moves are banned\n|rule|Species Clause: Limit one of each Pok\u00e9mon\n|rule|Sleep Clause Mod: Limit one foe put to sleep\n|clearpoke\n|poke|p1|Zoroark-Hisui, F|\n|poke|p1|Venusaur, F|\n|poke|p1|Ceruledge, M|\n|poke|p1|Krookodile, M|\n|poke|p1|Corviknight, F|\n|poke|p1|Dragonite, M|\n|poke|p2|Diancie|\n|poke|p2|Volcarona, F|\n|poke|p2|Ogerpon-Wellspring, F|\n|poke|p2|Aegislash, M|\n|poke|p2|Gliscor, M|\n|poke|p2|Hatterene, F|\n|teampreview\n|inactive|Battle timer is ON: inactive players will automatically lose when time's up. (requested by Nick2488)\n|\n|t:|1700188702\n|start\n|switch|p1a: Venusaur|Venusaur, F, shiny|100\/100\n|switch|p2a: Gliscor|Gliscor, M|100\/100\n|turn|1\n|\n|t:|1700188711\n|detailschange|p1a: Venusaur|Venusaur-Mega, F, shiny\n|-mega|p1a: Venusaur|Venusaur|Venusaurite\n|move|p2a: Gliscor|Poison Jab|p1a: Venusaur\n|-damage|p1a: Venusaur|86\/100\n|move|p1a: Venusaur|Leech Seed|p2a: Gliscor\n|-start|p2a: Gliscor|move: Leech Seed\n|\n|-damage|p2a: Gliscor|88\/100|[from] Leech Seed|[of] p1a: Venusaur\n|-heal|p1a: Venusaur|96\/100|[silent]\n|-status|p2a: Gliscor|tox|[from] item: Toxic Orb\n|upkeep\n|turn|2\n|\n|t:|1700188718\n|move|p2a: Gliscor|Dual Wingbeat|p1a: Venusaur\n|-supereffective|p1a: Venusaur\n|-damage|p1a: Venusaur|74\/100\n|-supereffective|p1a: Venusaur\n|-damage|p1a: Venusaur|53\/100\n|-hitcount|p1a: Venusaur|2\n|move|p1a: Venusaur|Giga Drain|p2a: Gliscor\n|-damage|p2a: Gliscor|36\/100 tox\n|-heal|p1a: Venusaur|74\/100|[from] drain|[of] p2a: Gliscor\n|\n|-damage|p2a: Gliscor|24\/100 tox|[from] Leech Seed|[of] p1a: Venusaur\n|-heal|p1a: Venusaur|83\/100|[silent]\n|-heal|p2a: Gliscor|36\/100 tox|[from] ability: Poison Heal\n|upkeep\n|turn|3\n|\n|t:|1700188725\n|move|p2a: Gliscor|Dual Wingbeat|p1a: Venusaur\n|-supereffective|p1a: Venusaur\n|-damage|p1a: Venusaur|62\/100\n|-supereffective|p1a: Venusaur\n|-damage|p1a: Venusaur|40\/100\n|-hitcount|p1a: Venusaur|2\n|move|p1a: Venusaur|Giga Drain|p2a: Gliscor\n|-damage|p2a: Gliscor|0 fnt\n|-heal|p1a: Venusaur|54\/100|[from] drain|[of] p2a: Gliscor\n|faint|p2a: Gliscor\n|\n|upkeep\n|\n|t:|1700188733\n|switch|p2a: Volcarona|Volcarona, F|100\/100\n|turn|4\n|\n|t:|1700188737\n|move|p2a: Volcarona|Fiery Dance|p1a: Venusaur\n|-supereffective|p1a: Venusaur\n|-damage|p1a: Venusaur|15\/100\n|-boost|p2a: Volcarona|spa|1\n|move|p1a: Venusaur|Leech Seed|p2a: Volcarona\n|-start|p2a: Volcarona|move: Leech Seed\n|\n|-damage|p2a: Volcarona|88\/100|[from] Leech Seed|[of] p1a: Venusaur\n|-heal|p1a: Venusaur|25\/100|[silent]\n|upkeep\n|turn|5\n|\n|t:|1700188756\n|switch|p1a: Krookodile|Krookodile, M, shiny|100\/100\n|move|p2a: Volcarona|Fiery Dance|p1a: Krookodile\n|-damage|p1a: Krookodile|16\/100\n|replace|p1a: Zoroark|Zoroark-Hisui, F, shiny\n|-end|p1a: Zoroark|Illusion\n|\n|-damage|p2a: Volcarona|76\/100|[from] Leech Seed|[of] p1a: Zoroark\n|-heal|p1a: Zoroark|31\/100|[silent]\n|upkeep\n|turn|6\n|\n|t:|1700188768\n|move|p1a: Zoroark|Bitter Malice|p2a: Volcarona\n|-damage|p2a: Volcarona|37\/100\n|-unboost|p2a: Volcarona|atk|1\n|move|p2a: Volcarona|Fiery Dance|p1a: Zoroark\n|-damage|p1a: Zoroark|0 fnt\n|faint|p1a: Zoroark\n|\n|upkeep\n|\n|t:|1700188774\n|switch|p1a: Krookodile|Krookodile, M, shiny|100\/100\n|turn|7\n|\n|t:|1700188781\n|move|p2a: Volcarona|Giga Drain|p1a: Krookodile\n|-supereffective|p1a: Krookodile\n|-damage|p1a: Krookodile|0 fnt\n|-heal|p2a: Volcarona|91\/100|[from] drain|[of] p1a: Krookodile\n|faint|p1a: Krookodile\n|\n|upkeep\n|\n|t:|1700188791\n|switch|p1a: Ceruledge|Ceruledge, M, shiny|100\/100\n|turn|8\n|\n|t:|1700188801\n|switch|p2a: Ogerpon|Ogerpon-Wellspring, F|100\/100\n|move|p1a: Ceruledge|Swords Dance|p1a: Ceruledge\n|-boost|p1a: Ceruledge|atk|2\n|\n|upkeep\n|turn|9\n|\n|t:|1700188809\n|move|p2a: Ogerpon|Ivy Cudgel|p1a: Ceruledge|[anim] Ivy Cudgel Water\n|-supereffective|p1a: Ceruledge\n|-crit|p1a: Ceruledge\n|-enditem|p1a: Ceruledge|Focus Sash\n|-damage|p1a: Ceruledge|1\/100\n|-ability|p1a: Ceruledge|Weak Armor|boost\n|-unboost|p1a: Ceruledge|def|1\n|-boost|p1a: Ceruledge|spe|2\n|move|p1a: Ceruledge|Bitter Blade|p2a: Ogerpon\n|-damage|p2a: Ogerpon|0 fnt\n|-heal|p1a: Ceruledge|53\/100|[from] drain|[of] p2a: Ogerpon\n|faint|p2a: Ogerpon\n|\n|upkeep\n|\n|t:|1700188818\n|switch|p2a: Diancie|Diancie|100\/100\n|turn|10\n|inactive|hackilla15 has 120 seconds left.\n|\n|t:|1700188849\n|detailschange|p2a: Diancie|Diancie-Mega\n|-mega|p2a: Diancie|Diancie|Diancite\n|-terastallize|p1a: Ceruledge|Fighting\n|move|p1a: Ceruledge|Close Combat|p2a: Diancie\n|-damage|p2a: Diancie|0 fnt\n|-unboost|p1a: Ceruledge|def|1\n|-unboost|p1a: Ceruledge|spd|1\n|faint|p2a: Diancie\n|\n|upkeep\n|\n|t:|1700188859\n|switch|p2a: Hatterene|Hatterene, F|100\/100\n|turn|11\n|\n|t:|1700188861\n|move|p1a: Ceruledge|Bitter Blade|p2a: Hatterene\n|-damage|p2a: Hatterene|0 fnt\n|-heal|p1a: Ceruledge|100\/100|[from] drain|[of] p2a: Hatterene\n|faint|p2a: Hatterene\n|\n|upkeep\n|\n|t:|1700188864\n|switch|p2a: Volcarona|Volcarona, F|91\/100\n|turn|12\n|\n|t:|1700188870\n|move|p1a: Ceruledge|Bitter Blade|p2a: Volcarona\n|-damage|p2a: Volcarona|0 fnt\n|faint|p2a: Volcarona\n|\n|upkeep\n|\n|t:|1700188875\n|switch|p2a: Aegislash|Aegislash, M|100\/100\n|turn|13\n|\n|t:|1700188881\n|move|p2a: Aegislash|King's Shield|p2a: Aegislash\n|-singleturn|p2a: Aegislash|Protect\n|move|p1a: Ceruledge|Bitter Blade|p2a: Aegislash\n|-activate|p2a: Aegislash|move: Protect\n|-unboost|p1a: Ceruledge|atk|1\n|\n|upkeep\n|turn|14\n|\n|t:|1700188888\n|move|p1a: Ceruledge|Bitter Blade|p2a: Aegislash\n|-supereffective|p2a: Aegislash\n|-damage|p2a: Aegislash|0 fnt\n|faint|p2a: Aegislash\n|\n|win|hackilla15\n|raw|hackilla15's rating: 1180 &rarr; <strong>1205<\/strong><br \/>(+25 for winning)\n|raw|Nick2488's rating: 1182 &rarr; <strong>1157<\/strong><br \/>(-25 for losing)\n|l|\u2606Nick2488\n","uploadtime":1700188895,"views":12,"p1id":"hackilla15","p2id":"nick2488","formatid":"gen9nationaldex","rating":1157,"private":0,"password":""}