{"id":"gen9nationaldex-1989235137","p1":"WillroBalance","p2":"YomiIzu","format":"[Gen 9] National Dex","log":"|j|\u2606WillroBalance\n|j|\u2606YomiIzu\n|t:|1699826387\n|gametype|singles\n|player|p1|WillroBalance|lusamine-nihilego|1248\n|player|p2|YomiIzu|raifort|1283\n|teamsize|p1|6\n|teamsize|p2|6\n|gen|9\n|tier|[Gen 9] National Dex\n|rated|\n|rule|HP Percentage Mod: HP is shown in percentages\n|rule|Endless Battle Clause: Forcing endless battles is banned\n|rule|OHKO Clause: OHKO moves are banned\n|rule|Evasion Clause: Evasion abilities, items, and moves are banned\n|rule|Evasion Abilities Clause: Evasion abilities are banned\n|rule|Evasion Items Clause: Evasion items are banned\n|rule|Evasion Moves Clause: Evasion moves are banned\n|rule|Species Clause: Limit one of each Pok\u00e9mon\n|rule|Sleep Clause Mod: Limit one foe put to sleep\n|clearpoke\n|poke|p1|Tapu Lele|\n|poke|p1|Sneasler, M|\n|poke|p1|Landorus-Therian, M|\n|poke|p1|Heatran, F|\n|poke|p1|Lopunny, F|\n|poke|p1|Rotom-Wash|\n|poke|p2|Deoxys-Defense|\n|poke|p2|Corviknight, M|\n|poke|p2|Suicune|\n|poke|p2|Victini|\n|poke|p2|Grimmsnarl, M|\n|poke|p2|Banette, M|\n|teampreview\n|inactive|Battle timer is ON: inactive players will automatically lose when time's up. (requested by YomiIzu)\n|inactive|WillroBalance also wants the timer to be on.\n|\n|t:|1699826405\n|start\n|switch|p1a: Lopunny|Lopunny, F|100\/100\n|switch|p2a: Boros|Grimmsnarl, M|100\/100\n|turn|1\n|\n|t:|1699826411\n|detailschange|p1a: Lopunny|Lopunny-Mega, F\n|-mega|p1a: Lopunny|Lopunny|Lopunnite\n|move|p1a: Lopunny|Fake Out|p2a: Boros\n|-damage|p2a: Boros|72\/100\n|cant|p2a: Boros|flinch\n|\n|upkeep\n|turn|2\n|\n|t:|1699826416\n|move|p2a: Boros|Reflect|p2a: Boros\n|-sidestart|p2: YomiIzu|Reflect\n|move|p1a: Lopunny|U-turn|p2a: Boros\n|-damage|p2a: Boros|56\/100\n|\n|t:|1699826418\n|switch|p1a: Heatran|Heatran, F|100\/100|[from] U-turn\n|\n|upkeep\n|turn|3\n|\n|t:|1699826421\n|move|p2a: Boros|Thunder Wave|p1a: Heatran\n|-status|p1a: Heatran|par\n|move|p1a: Heatran|Stealth Rock|p2a: Boros\n|-sidestart|p2: YomiIzu|move: Stealth Rock\n|\n|upkeep\n|turn|4\n|\n|t:|1699826426\n|move|p2a: Boros|Light Screen|p2a: Boros\n|-sidestart|p2: YomiIzu|move: Light Screen\n|cant|p1a: Heatran|par\n|\n|upkeep\n|turn|5\n|\n|t:|1699826430\n|move|p2a: Boros|Parting Shot|p1a: Heatran\n|-unboost|p1a: Heatran|atk|1\n|-unboost|p1a: Heatran|spa|1\n|\n|t:|1699826441\n|switch|p2a: Neoclipsis|Deoxys-Defense|100\/100|[from] Parting Shot\n|-damage|p2a: Neoclipsis|88\/100|[from] Stealth Rock\n|-ability|p2a: Neoclipsis|Pressure\n|move|p1a: Heatran|Taunt|p2a: Neoclipsis\n|-start|p2a: Neoclipsis|move: Taunt\n|\n|upkeep\n|turn|6\n|\n|t:|1699826450\n|switch|p2a: Dasani|Suicune, shiny|100\/100\n|-damage|p2a: Dasani|88\/100|[from] Stealth Rock\n|-ability|p2a: Dasani|Pressure\n|move|p1a: Heatran|Magma Storm|p2a: Dasani\n|-resisted|p2a: Dasani\n|-damage|p2a: Dasani|83\/100\n|-activate|p2a: Dasani|move: Magma Storm|[of] p1a: Heatran\n|\n|-heal|p2a: Dasani|89\/100|[from] item: Leftovers\n|-damage|p2a: Dasani|76\/100|[from] move: Magma Storm|[partiallytrapped]\n|upkeep\n|turn|7\n|\n|t:|1699826463\n|switch|p1a: Rotom|Rotom-Wash|100\/100\n|move|p2a: Dasani|Substitute|p2a: Dasani\n|-start|p2a: Dasani|Substitute\n|-end|p2a: Dasani|Magma Storm|[partiallytrapped]|[silent]\n|-damage|p2a: Dasani|51\/100\n|\n|-heal|p2a: Dasani|58\/100|[from] item: Leftovers\n|upkeep\n|turn|8\n|\n|t:|1699826467\n|move|p2a: Dasani|Calm Mind|p2a: Dasani\n|-boost|p2a: Dasani|spa|1\n|-boost|p2a: Dasani|spd|1\n|move|p1a: Rotom|Volt Switch|p2a: Dasani\n|-supereffective|p2a: Dasani\n|-activate|p2a: Dasani|move: Substitute|[damage]\n|\n|t:|1699826476\n|switch|p1a: Lopunny|Lopunny-Mega, F|100\/100|[from] Volt Switch\n|\n|-heal|p2a: Dasani|64\/100|[from] item: Leftovers\n|upkeep\n|turn|9\n|\n|t:|1699826480\n|move|p2a: Dasani|Protect|p2a: Dasani\n|-singleturn|p2a: Dasani|Protect\n|move|p1a: Lopunny|Return|p2a: Dasani\n|-activate|p2a: Dasani|move: Protect\n|\n|-heal|p2a: Dasani|70\/100|[from] item: Leftovers\n|-sideend|p2: YomiIzu|Reflect\n|upkeep\n|turn|10\n|\n|t:|1699826487\n|move|p1a: Lopunny|Return|p2a: Dasani\n|-end|p2a: Dasani|Substitute\n|move|p2a: Dasani|Calm Mind|p2a: Dasani\n|-boost|p2a: Dasani|spa|1\n|-boost|p2a: Dasani|spd|1\n|\n|-heal|p2a: Dasani|76\/100|[from] item: Leftovers\n|upkeep\n|turn|11\n|\n|t:|1699826493\n|move|p2a: Dasani|Protect|p2a: Dasani\n|-singleturn|p2a: Dasani|Protect\n|move|p1a: Lopunny|Return|p2a: Dasani\n|-activate|p2a: Dasani|move: Protect\n|\n|-heal|p2a: Dasani|82\/100|[from] item: Leftovers\n|-sideend|p2: YomiIzu|move: Light Screen\n|upkeep\n|turn|12\n|\n|t:|1699826500\n|move|p1a: Lopunny|Return|p2a: Dasani\n|-damage|p2a: Dasani|48\/100\n|move|p2a: Dasani|Substitute|p2a: Dasani\n|-start|p2a: Dasani|Substitute\n|-damage|p2a: Dasani|23\/100\n|\n|-heal|p2a: Dasani|29\/100|[from] item: Leftovers\n|upkeep\n|turn|13\n|\n|t:|1699826506\n|move|p2a: Dasani|Protect|p2a: Dasani\n|-singleturn|p2a: Dasani|Protect\n|move|p1a: Lopunny|Return|p2a: Dasani\n|-activate|p2a: Dasani|move: Protect\n|\n|-heal|p2a: Dasani|36\/100|[from] item: Leftovers\n|upkeep\n|turn|14\n|\n|t:|1699826511\n|move|p1a: Lopunny|Return|p2a: Dasani\n|-end|p2a: Dasani|Substitute\n|move|p2a: Dasani|Scald|p1a: Lopunny\n|-damage|p1a: Lopunny|31\/100\n|-status|p1a: Lopunny|brn\n|\n|-heal|p2a: Dasani|42\/100|[from] item: Leftovers\n|-damage|p1a: Lopunny|26\/100 brn|[from] brn\n|upkeep\n|turn|15\n|\n|t:|1699826519\n|move|p2a: Dasani|Protect|p2a: Dasani\n|-singleturn|p2a: Dasani|Protect\n|move|p1a: Lopunny|U-turn|p2a: Dasani\n|-activate|p2a: Dasani|move: Protect\n|\n|-heal|p2a: Dasani|48\/100|[from] item: Leftovers\n|-damage|p1a: Lopunny|20\/100 brn|[from] brn\n|upkeep\n|turn|16\n|\n|t:|1699826523\n|move|p1a: Lopunny|U-turn|p2a: Dasani\n|-damage|p2a: Dasani|41\/100\n|\n|t:|1699826529\n|switch|p1a: Tapu Lele|Tapu Lele|100\/100|[from] U-turn\n|-fieldstart|move: Psychic Terrain|[from] ability: Psychic Surge|[of] p1a: Tapu Lele\n|move|p2a: Dasani|Substitute|p2a: Dasani\n|-start|p2a: Dasani|Substitute\n|-damage|p2a: Dasani|16\/100\n|\n|-heal|p2a: Dasani|22\/100|[from] item: Leftovers\n|upkeep\n|turn|17\n|\n|t:|1699826542\n|move|p2a: Dasani|Protect|p2a: Dasani\n|-singleturn|p2a: Dasani|Protect\n|move|p1a: Tapu Lele|Moonblast|p2a: Dasani\n|-activate|p2a: Dasani|move: Protect\n|\n|-heal|p2a: Dasani|28\/100|[from] item: Leftovers\n|upkeep\n|turn|18\n|\n|t:|1699826547\n|-terastallize|p2a: Dasani|Poison\n|move|p1a: Tapu Lele|Moonblast|p2a: Dasani\n|-resisted|p2a: Dasani\n|-activate|p2a: Dasani|move: Substitute|[damage]\n|move|p2a: Dasani|Calm Mind|p2a: Dasani\n|-boost|p2a: Dasani|spa|1\n|-boost|p2a: Dasani|spd|1\n|\n|-heal|p2a: Dasani|35\/100|[from] item: Leftovers\n|upkeep\n|turn|19\n|\n|t:|1699826556\n|switch|p1a: Landorus|Landorus-Therian, M|100\/100\n|-ability|p1a: Landorus|Intimidate|boost\n|-immune|p2a: Dasani\n|move|p2a: Dasani|Calm Mind|p2a: Dasani\n|-boost|p2a: Dasani|spa|1\n|-boost|p2a: Dasani|spd|1\n|\n|-heal|p2a: Dasani|41\/100|[from] item: Leftovers\n|upkeep\n|turn|20\n|\n|t:|1699826562\n|move|p2a: Dasani|Scald|p1a: Landorus\n|-supereffective|p1a: Landorus\n|-damage|p1a: Landorus|0 fnt\n|faint|p1a: Landorus\n|\n|-heal|p2a: Dasani|47\/100|[from] item: Leftovers\n|-fieldend|move: Psychic Terrain\n|upkeep\n|c|\u2606WillroBalance|wow good for you\n|c|\u2606WillroBalance|made your team better agaisnt mine\n|n|!WillroBalance|willrobalance\n|-message|WillroBalance forfeited.\n|\n|win|YomiIzu\n|raw|WillroBalance's rating: 1248 &rarr; <strong>1226<\/strong><br \/>(-22 for losing)\n|raw|YomiIzu's rating: 1283 &rarr; <strong>1305<\/strong><br \/>(+22 for winning)\n|l|!WillroBalance\n","uploadtime":1699826583,"views":4,"p1id":"willrobalance","p2id":"yomiizu","formatid":"gen9nationaldex","rating":1226,"private":0,"password":""}