{"id":"gen9nationaldex-1989621030","p1":"ttheus","p2":"Bulka4000","format":"[Gen 9] National Dex","log":"|j|\u2606ttheus\n|j|\u2606Bulka4000\n|t:|1699879852\n|gametype|singles\n|player|p1|ttheus|170|\n|player|p2|Bulka4000|2|\n|teamsize|p1|6\n|teamsize|p2|6\n|gen|9\n|tier|[Gen 9] National Dex\n|rule|HP Percentage Mod: HP is shown in percentages\n|rule|Endless Battle Clause: Forcing endless battles is banned\n|rule|OHKO Clause: OHKO moves are banned\n|rule|Evasion Clause: Evasion abilities, items, and moves are banned\n|rule|Evasion Abilities Clause: Evasion abilities are banned\n|rule|Evasion Items Clause: Evasion items are banned\n|rule|Evasion Moves Clause: Evasion moves are banned\n|rule|Species Clause: Limit one of each Pok\u00e9mon\n|rule|Sleep Clause Mod: Limit one foe put to sleep\n|clearpoke\n|poke|p1|Audino, M|\n|poke|p1|Sinistcha|\n|poke|p1|Ribombee, F|\n|poke|p1|Haxorus, M|\n|poke|p1|Scizor, F|\n|poke|p1|Feraligatr, M|\n|poke|p2|Gengar, M|\n|poke|p2|Zamazenta-*|\n|poke|p2|Garchomp, M|\n|poke|p2|Ting-Lu|\n|poke|p2|Skeledirge, F|\n|poke|p2|Rotom-Wash|\n|teampreview\n|j| AesirEcho\n|\n|t:|1699880315\n|start\n|switch|p1a: Sinistcha|Sinistcha, shiny|100\/100\n|switch|p2a: Zamazenta|Zamazenta|100\/100\n|-ability|p2a: Zamazenta|Dauntless Shield|boost\n|-boost|p2a: Zamazenta|def|1\n|turn|1\n|\n|t:|1699880329\n|-terastallize|p1a: Sinistcha|Grass\n|move|p2a: Zamazenta|Ice Fang|p1a: Sinistcha|[miss]\n|-miss|p2a: Zamazenta|p1a: Sinistcha\n|move|p1a: Sinistcha|Calm Mind|p1a: Sinistcha\n|-boost|p1a: Sinistcha|spa|1\n|-boost|p1a: Sinistcha|spd|1\n|\n|upkeep\n|turn|2\n|\n|t:|1699880341\n|move|p2a: Zamazenta|Ice Fang|p1a: Sinistcha\n|-supereffective|p1a: Sinistcha\n|-damage|p1a: Sinistcha|50\/100\n|move|p1a: Sinistcha|Matcha Gotcha|p2a: Zamazenta\n|-damage|p2a: Zamazenta|40\/100\n|-heal|p1a: Sinistcha|78\/100|[from] drain|[of] p2a: Zamazenta\n|\n|upkeep\n|turn|3\n|\n|t:|1699880349\n|move|p2a: Zamazenta|Ice Fang|p1a: Sinistcha\n|-supereffective|p1a: Sinistcha\n|-damage|p1a: Sinistcha|32\/100\n|move|p1a: Sinistcha|Matcha Gotcha|p2a: Zamazenta\n|-damage|p2a: Zamazenta|0 fnt\n|-heal|p1a: Sinistcha|50\/100|[from] drain|[of] p2a: Zamazenta\n|faint|p2a: Zamazenta\n|\n|upkeep\n|\n|t:|1699880361\n|switch|p2a: Skeledirge|Skeledirge, F|100\/100\n|turn|4\n|\n|t:|1699880375\n|move|p1a: Sinistcha|Strength Sap|p2a: Skeledirge\n|-unboost|p2a: Skeledirge|atk|1\n|-heal|p1a: Sinistcha|91\/100\n|move|p2a: Skeledirge|Torch Song|p1a: Sinistcha\n|-supereffective|p1a: Sinistcha\n|-damage|p1a: Sinistcha|54\/100\n|-boost|p2a: Skeledirge|spa|1\n|\n|upkeep\n|turn|5\n|\n|t:|1699880388\n|move|p1a: Sinistcha|Shadow Ball|p2a: Skeledirge\n|-supereffective|p2a: Skeledirge\n|-damage|p2a: Skeledirge|31\/100\n|move|p2a: Skeledirge|Torch Song|p1a: Sinistcha\n|-supereffective|p1a: Sinistcha\n|-damage|p1a: Sinistcha|0 fnt\n|-boost|p2a: Skeledirge|spa|1\n|faint|p1a: Sinistcha\n|\n|upkeep\n|\n|t:|1699880395\n|switch|p1a: Feraligatr|Feraligatr, M|100\/100\n|turn|6\n|\n|t:|1699880407\n|switch|p2a: Rotom|Rotom-Wash|100\/100\n|move|p1a: Feraligatr|Dragon Dance|p1a: Feraligatr\n|-boost|p1a: Feraligatr|atk|1\n|-boost|p1a: Feraligatr|spe|1\n|\n|upkeep\n|turn|7\n|\n|t:|1699880428\n|switch|p1a: Audino|Audino, M, shiny|100\/100\n|move|p2a: Rotom|Volt Switch|p1a: Audino\n|-damage|p1a: Audino|78\/100\n|\n|t:|1699880440\n|switch|p2a: Ting-Lu|Ting-Lu|100\/100|[from] Volt Switch\n|-ability|p2a: Ting-Lu|Vessel of Ruin\n|\n|upkeep\n|turn|8\n|\n|t:|1699880447\n|move|p1a: Audino|Calm Mind|p1a: Audino\n|-boost|p1a: Audino|spa|1\n|-boost|p1a: Audino|spd|1\n|move|p2a: Ting-Lu|Earthquake|p1a: Audino\n|-damage|p1a: Audino|51\/100\n|\n|upkeep\n|turn|9\n|\n|t:|1699880473\n|switch|p2a: Garchomp|Garchomp, M|100\/100\n|detailschange|p1a: Audino|Audino-Mega, M, shiny\n|-mega|p1a: Audino|Audino|Audinite\n|move|p1a: Audino|Calm Mind|p1a: Audino\n|-boost|p1a: Audino|spa|1\n|-boost|p1a: Audino|spd|1\n|\n|upkeep\n|turn|10\n|\n|t:|1699880483\n|move|p2a: Garchomp|Swords Dance|p2a: Garchomp\n|-boost|p2a: Garchomp|atk|2\n|move|p1a: Audino|Wish|p1a: Audino\n|\n|upkeep\n|turn|11\n|\n|t:|1699880490\n|move|p1a: Audino|Protect|p1a: Audino\n|-singleturn|p1a: Audino|Protect\n|move|p2a: Garchomp|Dragon Claw|p1a: Audino\n|-activate|p1a: Audino|move: Protect\n|\n|-heal|p1a: Audino|100\/100|[from] move: Wish|[wisher] Audino\n|upkeep\n|turn|12\n|\n|t:|1699880500\n|move|p2a: Garchomp|Dragon Claw|p1a: Audino\n|-immune|p1a: Audino\n|move|p1a: Audino|Calm Mind|p1a: Audino\n|-boost|p1a: Audino|spa|1\n|-boost|p1a: Audino|spd|1\n|\n|upkeep\n|turn|13\n|\n|t:|1699880511\n|move|p2a: Garchomp|Earthquake|p1a: Audino\n|-damage|p1a: Audino|49\/100\n|move|p1a: Audino|Calm Mind|p1a: Audino\n|-boost|p1a: Audino|spa|1\n|-boost|p1a: Audino|spd|1\n|\n|upkeep\n|turn|14\n|\n|t:|1699880520\n|move|p1a: Audino|Protect|p1a: Audino\n|-singleturn|p1a: Audino|Protect\n|move|p2a: Garchomp|Earthquake|p1a: Audino\n|-activate|p1a: Audino|move: Protect\n|\n|upkeep\n|turn|15\n|\n|t:|1699880537\n|switch|p1a: Feraligatr|Feraligatr, M|100\/100\n|move|p2a: Garchomp|Earthquake|p1a: Feraligatr\n|-damage|p1a: Feraligatr|0 fnt\n|faint|p1a: Feraligatr\n|\n|upkeep\n|\n|t:|1699880544\n|switch|p1a: \u00c1rtemis|Ribombee, F, shiny|100\/100\n|turn|16\n|\n|t:|1699880580\n|switch|p2a: Skeledirge|Skeledirge, F|31\/100\n|move|p1a: \u00c1rtemis|Quiver Dance|p1a: \u00c1rtemis\n|-boost|p1a: \u00c1rtemis|spa|1\n|-boost|p1a: \u00c1rtemis|spd|1\n|-boost|p1a: \u00c1rtemis|spe|1\n|\n|upkeep\n|turn|17\n|\n|t:|1699880588\n|move|p1a: \u00c1rtemis|Quiver Dance|p1a: \u00c1rtemis\n|-boost|p1a: \u00c1rtemis|spa|1\n|-boost|p1a: \u00c1rtemis|spd|1\n|-boost|p1a: \u00c1rtemis|spe|1\n|move|p2a: Skeledirge|Torch Song|p1a: \u00c1rtemis\n|-supereffective|p1a: \u00c1rtemis\n|-enditem|p1a: \u00c1rtemis|Focus Sash\n|-damage|p1a: \u00c1rtemis|1\/100\n|-boost|p2a: Skeledirge|spa|1\n|\n|upkeep\n|turn|18\n|\n|t:|1699880598\n|move|p1a: \u00c1rtemis|Moonblast|p2a: Skeledirge\n|-resisted|p2a: Skeledirge\n|-damage|p2a: Skeledirge|7\/100\n|-unboost|p2a: Skeledirge|spa|1\n|move|p2a: Skeledirge|Torch Song|p1a: \u00c1rtemis\n|-supereffective|p1a: \u00c1rtemis\n|-damage|p1a: \u00c1rtemis|0 fnt\n|-boost|p2a: Skeledirge|spa|1\n|faint|p1a: \u00c1rtemis\n|\n|upkeep\n|\n|t:|1699880604\n|switch|p1a: Scizor|Scizor, F, shiny|100\/100\n|turn|19\n|\n|t:|1699880613\n|move|p1a: Scizor|Bullet Punch|p2a: Skeledirge\n|-resisted|p2a: Skeledirge\n|-damage|p2a: Skeledirge|0 fnt\n|faint|p2a: Skeledirge\n|\n|upkeep\n|\n|t:|1699880624\n|switch|p2a: Gengar|Gengar, M|100\/100\n|turn|20\n|\n|t:|1699880651\n|move|p2a: Gengar|Sludge Bomb|p1a: Scizor\n|-immune|p1a: Scizor\n|move|p1a: Scizor|Swords Dance|p1a: Scizor\n|-boost|p1a: Scizor|atk|2\n|\n|upkeep\n|turn|21\n|\n|t:|1699880677\n|switch|p2a: Rotom|Rotom-Wash|100\/100\n|move|p1a: Scizor|Swords Dance|p1a: Scizor\n|-boost|p1a: Scizor|atk|2\n|\n|upkeep\n|turn|22\n|\n|t:|1699880683\n|move|p1a: Scizor|Bullet Punch|p2a: Rotom\n|-resisted|p2a: Rotom\n|-crit|p2a: Rotom\n|-damage|p2a: Rotom|69\/100\n|move|p2a: Rotom|Will-O-Wisp|p1a: Scizor\n|-status|p1a: Scizor|brn\n|\n|-heal|p2a: Rotom|75\/100|[from] item: Leftovers\n|-damage|p1a: Scizor|94\/100 brn|[from] brn\n|upkeep\n|turn|23\n|\n|t:|1699880710\n|move|p2a: Rotom|Hydro Pump|p1a: Scizor\n|-damage|p1a: Scizor|49\/100 brn\n|move|p1a: Scizor|Dual Wingbeat|p2a: Rotom\n|-resisted|p2a: Rotom\n|-damage|p2a: Rotom|61\/100\n|-resisted|p2a: Rotom\n|-damage|p2a: Rotom|48\/100\n|-hitcount|p2a: Rotom|2\n|\n|-heal|p2a: Rotom|54\/100|[from] item: Leftovers\n|-heal|p1a: Scizor|55\/100 brn|[from] item: Leftovers\n|-damage|p1a: Scizor|49\/100 brn|[from] brn\n|upkeep\n|turn|24\n|\n|t:|1699880743\n|move|p2a: Rotom|Hydro Pump|p1a: Scizor\n|-damage|p1a: Scizor|1\/100 brn\n|move|p1a: Scizor|Lunge|p2a: Rotom\n|-damage|p2a: Rotom|0 fnt\n|faint|p2a: Rotom\n|\n|-heal|p1a: Scizor|7\/100 brn|[from] item: Leftovers\n|-damage|p1a: Scizor|1\/100 brn|[from] brn\n|upkeep\n|\n|t:|1699880777\n|switch|p2a: Gengar|Gengar, M|100\/100\n|turn|25\n|\n|t:|1699880800\n|move|p2a: Gengar|Nasty Plot|p2a: Gengar\n|-boost|p2a: Gengar|spa|2\n|move|p1a: Scizor|Dual Wingbeat|p2a: Gengar\n|-damage|p2a: Gengar|37\/100\n|-damage|p2a: Gengar|0 fnt\n|faint|p2a: Gengar\n|-hitcount|p2: Gengar|2\n|\n|-heal|p1a: Scizor|7\/100 brn|[from] item: Leftovers\n|-damage|p1a: Scizor|1\/100 brn|[from] brn\n|upkeep\n|\n|t:|1699880815\n|switch|p2a: Garchomp|Garchomp, M|100\/100\n|turn|26\n|\n|t:|1699880831\n|move|p2a: Garchomp|Dragon Claw|p1a: Scizor\n|-resisted|p1a: Scizor\n|-damage|p1a: Scizor|0 fnt\n|faint|p1a: Scizor\n|\n|upkeep\n|\n|t:|1699880833\n|switch|p1a: Haxorus|Haxorus, M|100\/100\n|-ability|p1a: Haxorus|Mold Breaker\n|turn|27\n|\n|t:|1699880839\n|-terastallize|p2a: Garchomp|Water\n|move|p2a: Garchomp|Swords Dance|p2a: Garchomp\n|-boost|p2a: Garchomp|atk|2\n|move|p1a: Haxorus|Scale Shot|p2a: Garchomp\n|-damage|p2a: Garchomp|86\/100\n|-damage|p2a: Garchomp|71\/100\n|-damage|p2a: Garchomp|53\/100\n|-damage|p2a: Garchomp|37\/100\n|-hitcount|p2a: Garchomp|4\n|-unboost|p1a: Haxorus|def|1\n|-boost|p1a: Haxorus|spe|1\n|\n|upkeep\n|turn|28\n|\n|t:|1699880852\n|move|p1a: Haxorus|Scale Shot|p2a: Garchomp\n|-damage|p2a: Garchomp|22\/100\n|-damage|p2a: Garchomp|6\/100\n|-damage|p2a: Garchomp|0 fnt\n|faint|p2a: Garchomp\n|-hitcount|p2: Garchomp|3\n|-unboost|p1a: Haxorus|def|1\n|-boost|p1a: Haxorus|spe|1\n|\n|upkeep\n|\n|t:|1699880861\n|switch|p2a: Ting-Lu|Ting-Lu|100\/100\n|-ability|p2a: Ting-Lu|Vessel of Ruin\n|turn|29\n|\n|t:|1699880866\n|move|p1a: Haxorus|Dragon Dance|p1a: Haxorus\n|-boost|p1a: Haxorus|atk|1\n|-boost|p1a: Haxorus|spe|1\n|move|p2a: Ting-Lu|Earthquake|p1a: Haxorus\n|-damage|p1a: Haxorus|10\/100\n|\n|upkeep\n|turn|30\n|\n|t:|1699880873\n|move|p1a: Haxorus|Close Combat|p2a: Ting-Lu\n|-supereffective|p2a: Ting-Lu\n|-damage|p2a: Ting-Lu|16\/100\n|-unboost|p1a: Haxorus|def|1\n|-unboost|p1a: Haxorus|spd|1\n|move|p2a: Ting-Lu|Earthquake|p1a: Haxorus\n|-damage|p1a: Haxorus|0 fnt\n|faint|p1a: Haxorus\n|\n|-heal|p2a: Ting-Lu|22\/100|[from] item: Leftovers\n|upkeep\n|\n|t:|1699880881\n|switch|p1a: Audino|Audino-Mega, M, shiny|49\/100\n|turn|31\n|\n|t:|1699880888\n|move|p1a: Audino|Wish|p1a: Audino\n|move|p2a: Ting-Lu|Earthquake|p1a: Audino\n|-damage|p1a: Audino|29\/100\n|\n|-heal|p2a: Ting-Lu|29\/100|[from] item: Leftovers\n|upkeep\n|turn|32\n|\n|t:|1699880899\n|move|p1a: Audino|Protect|p1a: Audino\n|-singleturn|p1a: Audino|Protect\n|move|p2a: Ting-Lu|Earthquake|p1a: Audino\n|-activate|p1a: Audino|move: Protect\n|\n|-heal|p1a: Audino|79\/100|[from] move: Wish|[wisher] Audino\n|-heal|p2a: Ting-Lu|35\/100|[from] item: Leftovers\n|upkeep\n|turn|33\n|\n|t:|1699880910\n|move|p1a: Audino|Calm Mind|p1a: Audino\n|-boost|p1a: Audino|spa|1\n|-boost|p1a: Audino|spd|1\n|move|p2a: Ting-Lu|Earthquake|p1a: Audino\n|-damage|p1a: Audino|59\/100\n|\n|-heal|p2a: Ting-Lu|41\/100|[from] item: Leftovers\n|upkeep\n|turn|34\n|\n|t:|1699880930\n|move|p1a: Audino|Calm Mind|p1a: Audino\n|-boost|p1a: Audino|spa|1\n|-boost|p1a: Audino|spd|1\n|move|p2a: Ting-Lu|Earthquake|p1a: Audino\n|-damage|p1a: Audino|39\/100\n|\n|-heal|p2a: Ting-Lu|47\/100|[from] item: Leftovers\n|upkeep\n|turn|35\n|\n|t:|1699880937\n|move|p1a: Audino|Calm Mind|p1a: Audino\n|-boost|p1a: Audino|spa|1\n|-boost|p1a: Audino|spd|1\n|move|p2a: Ting-Lu|Earthquake|p1a: Audino\n|-damage|p1a: Audino|19\/100\n|\n|-heal|p2a: Ting-Lu|53\/100|[from] item: Leftovers\n|upkeep\n|turn|36\n|\n|t:|1699880944\n|move|p1a: Audino|Wish|p1a: Audino\n|move|p2a: Ting-Lu|Earthquake|p1a: Audino\n|-damage|p1a: Audino|0 fnt\n|faint|p1a: Audino\n|\n|win|Bulka4000\n","uploadtime":1699880949,"views":4,"p1id":"ttheus","p2id":"bulka4000","formatid":"gen9nationaldex","rating":0,"private":0,"password":""}