{"id":"gen9nationaldex-1999411892","p1":"Debuner","p2":"altgamering","format":"[Gen 9] National Dex","log":"|html|<div class=\"broadcast-blue\"><strong>[Gen 9] National Dex is currently suspecting Sneasler! For information on how to participate check out the <a href=\"https:\/\/www.smogon.com\/forums\/threads\/sv-national-dex-suspect-8-just-dance.3731534\/\">suspect thread<\/a>.<\/strong><\/div>\n|j|\u2606Debuner\n|j|\u2606altgamering\n|t:|1701076113\n|gametype|singles\n|player|p1|Debuner|candice|1300\n|player|p2|altgamering|dawn|1225\n|teamsize|p1|6\n|teamsize|p2|6\n|gen|9\n|tier|[Gen 9] National Dex\n|rated|\n|rule|HP Percentage Mod: HP is shown in percentages\n|rule|Endless Battle Clause: Forcing endless battles is banned\n|rule|OHKO Clause: OHKO moves are banned\n|rule|Evasion Clause: Evasion abilities, items, and moves are banned\n|rule|Evasion Abilities Clause: Evasion abilities are banned\n|rule|Evasion Items Clause: Evasion items are banned\n|rule|Evasion Moves Clause: Evasion moves are banned\n|rule|Species Clause: Limit one of each Pok\u00e9mon\n|rule|Sleep Clause Mod: Limit one foe put to sleep\n|clearpoke\n|poke|p1|Urshifu-*, F|\n|poke|p1|Hoopa-Unbound|\n|poke|p1|Skeledirge, F|\n|poke|p1|Heatran, F|\n|poke|p1|Zapdos|\n|poke|p1|Alomomola, F|\n|poke|p2|Tyranitar, F|\n|poke|p2|Garchomp, M|\n|poke|p2|Excadrill, M|\n|poke|p2|Dracozolt|\n|poke|p2|Ferrothorn, F|\n|poke|p2|Rillaboom, F|\n|teampreview\n|\n|t:|1701076120\n|start\n|switch|p1a: Urshifu|Urshifu-Rapid-Strike, F|100\/100\n|switch|p2a: Tyranitar|Tyranitar, F|100\/100\n|-weather|Sandstorm|[from] ability: Sand Stream|[of] p2a: Tyranitar\n|turn|1\n|\n|t:|1701076130\n|switch|p2a: Ferrothorn|Ferrothorn, F|100\/100\n|move|p1a: Urshifu|U-turn|p2a: Ferrothorn\n|-damage|p2a: Ferrothorn|87\/100\n|-damage|p1a: Urshifu|88\/100|[from] ability: Iron Barbs|[of] p2a: Ferrothorn\n|\n|t:|1701076138\n|switch|p1a: Zapdos|Zapdos|100\/100|[from] U-turn\n|\n|-weather|Sandstorm|[upkeep]\n|-damage|p1a: Zapdos|94\/100|[from] Sandstorm\n|-heal|p2a: Ferrothorn|93\/100|[from] item: Leftovers\n|upkeep\n|turn|2\n|\n|t:|1701076143\n|move|p1a: Zapdos|Heat Wave|p2a: Ferrothorn\n|-supereffective|p2a: Ferrothorn\n|-damage|p2a: Ferrothorn|0 fnt\n|faint|p2a: Ferrothorn\n|\n|-weather|Sandstorm|[upkeep]\n|-damage|p1a: Zapdos|88\/100|[from] Sandstorm\n|upkeep\n|\n|t:|1701076147\n|switch|p2a: Garchomp|Garchomp, M|100\/100\n|turn|3\n|\n|t:|1701076158\n|switch|p1a: Alomomola|Alomomola, F|100\/100\n|detailschange|p2a: Garchomp|Garchomp-Mega, M\n|-mega|p2a: Garchomp|Garchomp|Garchompite\n|move|p2a: Garchomp|Stone Edge|p1a: Alomomola\n|-crit|p1a: Alomomola\n|-damage|p1a: Alomomola|60\/100\n|\n|-weather|Sandstorm|[upkeep]\n|-damage|p1a: Alomomola|54\/100|[from] Sandstorm\n|upkeep\n|turn|4\n|\n|t:|1701076161\n|move|p1a: Alomomola|Protect|p1a: Alomomola\n|-singleturn|p1a: Alomomola|Protect\n|move|p2a: Garchomp|Earthquake|p1a: Alomomola\n|-activate|p1a: Alomomola|move: Protect\n|\n|-weather|Sandstorm|[upkeep]\n|-damage|p1a: Alomomola|48\/100|[from] Sandstorm\n|upkeep\n|turn|5\n|\n|t:|1701076173\n|move|p2a: Garchomp|Earthquake|p1a: Alomomola\n|-damage|p1a: Alomomola|6\/100\n|move|p1a: Alomomola|Wish|p1a: Alomomola\n|\n|-weather|Sandstorm|[upkeep]\n|-damage|p1a: Alomomola|0 fnt|[from] Sandstorm\n|faint|p1a: Alomomola\n|upkeep\n|\n|t:|1701076207\n|switch|p1a: Heatran|Heatran, F|100\/100\n|turn|6\n|\n|t:|1701076212\n|-terastallize|p1a: Heatran|Grass\n|move|p2a: Garchomp|Swords Dance|p2a: Garchomp\n|-boost|p2a: Garchomp|atk|2\n|move|p1a: Heatran|Magma Storm|p2a: Garchomp\n|-resisted|p2a: Garchomp\n|-damage|p2a: Garchomp|81\/100\n|-activate|p2a: Garchomp|move: Magma Storm|[of] p1a: Heatran\n|\n|-weather|Sandstorm|[upkeep]\n|-damage|p1a: Heatran|94\/100|[from] Sandstorm\n|-heal|p1a: Heatran|100\/100|[from] move: Wish|[wisher] Alomomola\n|-damage|p2a: Garchomp|68\/100|[from] move: Magma Storm|[partiallytrapped]\n|upkeep\n|turn|7\n|\n|t:|1701076219\n|move|p2a: Garchomp|Scale Shot|p1a: Heatran\n|-damage|p1a: Heatran|75\/100\n|-damage|p1a: Heatran|47\/100\n|-damage|p1a: Heatran|18\/100\n|-hitcount|p1a: Heatran|3\n|-unboost|p2a: Garchomp|def|1\n|-boost|p2a: Garchomp|spe|1\n|move|p1a: Heatran|Toxic|p2a: Garchomp\n|-status|p2a: Garchomp|tox\n|\n|-weather|Sandstorm|[upkeep]\n|-damage|p1a: Heatran|12\/100|[from] Sandstorm\n|-heal|p1a: Heatran|18\/100|[from] item: Leftovers\n|-damage|p2a: Garchomp|62\/100 tox|[from] psn\n|-damage|p2a: Garchomp|50\/100 tox|[from] move: Magma Storm|[partiallytrapped]\n|upkeep\n|turn|8\n|\n|t:|1701076232\n|switch|p1a: Skeledirge|Skeledirge, F|100\/100\n|move|p2a: Garchomp|Earthquake|p1a: Skeledirge\n|-supereffective|p1a: Skeledirge\n|-damage|p1a: Skeledirge|0 fnt\n|faint|p1a: Skeledirge\n|\n|-weather|none\n|-damage|p2a: Garchomp|37\/100 tox|[from] psn\n|-end|p2a: Garchomp|Magma Storm|[partiallytrapped]|[silent]\n|upkeep\n|\n|t:|1701076240\n|switch|p1a: Urshifu|Urshifu-Rapid-Strike, F|88\/100\n|turn|9\n|\n|t:|1701076254\n|move|p1a: Urshifu|Stone Edge|p2a: Garchomp|[miss]\n|-miss|p1a: Urshifu|p2a: Garchomp\n|move|p2a: Garchomp|Earthquake|p1a: Urshifu\n|-damage|p1a: Urshifu|0 fnt\n|faint|p1a: Urshifu\n|\n|-damage|p2a: Garchomp|19\/100 tox|[from] psn\n|upkeep\n|\n|t:|1701076260\n|switch|p1a: Zapdos|Zapdos|88\/100\n|turn|10\n|\n|t:|1701076262\n|move|p2a: Garchomp|Stone Edge|p1a: Zapdos\n|-supereffective|p1a: Zapdos\n|-damage|p1a: Zapdos|0 fnt\n|faint|p1a: Zapdos\n|\n|-damage|p2a: Garchomp|0 fnt|[from] psn\n|faint|p2a: Garchomp\n|upkeep\n|\n|t:|1701076267\n|switch|p2a: Tyranitar|Tyranitar, F|100\/100\n|switch|p1a: Heatran|Heatran, F, tera:Grass|18\/100\n|-weather|Sandstorm|[from] ability: Sand Stream|[of] p2a: Tyranitar\n|turn|11\n|\n|t:|1701076274\n|move|p1a: Heatran|Stealth Rock|p2a: Tyranitar\n|-sidestart|p2: altgamering|move: Stealth Rock\n|move|p2a: Tyranitar|Knock Off|p1a: Heatran\n|-damage|p1a: Heatran|0 fnt\n|-enditem|p1a: Heatran|Leftovers|[from] move: Knock Off|[of] p2a: Tyranitar\n|faint|p1a: Heatran\n|\n|-weather|Sandstorm|[upkeep]\n|upkeep\n|\n|t:|1701076277\n|switch|p1a: Hoopa|Hoopa-Unbound|100\/100\n|turn|12\n|\n|t:|1701076285\n|-zpower|p1a: Hoopa\n|move|p1a: Hoopa|All-Out Pummeling|p2a: Tyranitar|[zeffect]\n|-supereffective|p2a: Tyranitar\n|-damage|p2a: Tyranitar|0 fnt\n|faint|p2a: Tyranitar\n|\n|-weather|Sandstorm|[upkeep]\n|-damage|p1a: Hoopa|95\/100|[from] Sandstorm\n|upkeep\n|\n|t:|1701076289\n|switch|p2a: Dracozolt|Dracozolt|100\/100\n|-damage|p2a: Dracozolt|88\/100|[from] Stealth Rock\n|turn|13\n|inactive|Battle timer is ON: inactive players will automatically lose when time's up. (requested by altgamering)\n|\n|t:|1701076297\n|move|p2a: Dracozolt|Bolt Beak|p1a: Hoopa\n|-damage|p1a: Hoopa|0 fnt\n|faint|p1a: Hoopa\n|-damage|p2a: Dracozolt|78\/100|[from] item: Life Orb\n|\n|win|altgamering\n|raw|Debuner's rating: 1300 &rarr; <strong>1270<\/strong><br \/>(-30 for losing)\n|raw|altgamering's rating: 1225 &rarr; <strong>1255<\/strong><br \/>(+30 for winning)\n|l|\u2606Debuner\n","uploadtime":1701076358,"views":2,"p1id":"debuner","p2id":"altgamering","formatid":"gen9nationaldex","rating":1255,"private":0,"password":""}