{"id":"gen9nationaldex-1994460932","p1":"LiRip","p2":"orterman","format":"[Gen 9] National Dex","log":"|j|\u2606LiRip\n|j|\u2606orterman\n|t:|1700446530\n|gametype|singles\n|player|p1|LiRip|drayden|1445\n|player|p2|orterman|unknownf|1412\n|teamsize|p1|6\n|teamsize|p2|6\n|gen|9\n|tier|[Gen 9] National Dex\n|rated|\n|rule|HP Percentage Mod: HP is shown in percentages\n|rule|Endless Battle Clause: Forcing endless battles is banned\n|rule|OHKO Clause: OHKO moves are banned\n|rule|Evasion Clause: Evasion abilities, items, and moves are banned\n|rule|Evasion Abilities Clause: Evasion abilities are banned\n|rule|Evasion Items Clause: Evasion items are banned\n|rule|Evasion Moves Clause: Evasion moves are banned\n|rule|Species Clause: Limit one of each Pok\u00e9mon\n|rule|Sleep Clause Mod: Limit one foe put to sleep\n|clearpoke\n|poke|p1|Skeledirge, M|\n|poke|p1|Landorus-Therian, M|\n|poke|p1|Venusaur, M|\n|poke|p1|Goodra-Hisui, F|\n|poke|p1|Greninja-*, F|\n|poke|p1|Great Tusk|\n|poke|p2|Heatran, F|\n|poke|p2|Banette, M|\n|poke|p2|Alomomola, F|\n|poke|p2|Meowscarada, F|\n|poke|p2|Clodsire, F|\n|poke|p2|Moltres|\n|teampreview\n|inactive|Battle timer is ON: inactive players will automatically lose when time's up. (requested by LiRip)\n|\n|t:|1700446538\n|start\n|switch|p1a: Venusaur|Venusaur, M, shiny|100\/100\n|switch|p2a: Banette|Banette, M, shiny|100\/100\n|turn|1\n|\n|t:|1700446544\n|switch|p1a: Goodra|Goodra-Hisui, F, shiny|100\/100\n|detailschange|p2a: Banette|Banette-Mega, M, shiny\n|-mega|p2a: Banette|Banette|Banettite\n|move|p2a: Banette|Poltergeist|p1a: Goodra\n|-activate|p1a: Goodra|move: Poltergeist|Covert Cloak\n|-damage|p1a: Goodra|35\/100\n|\n|upkeep\n|turn|2\n|\n|t:|1700446558\n|move|p2a: Banette|Poltergeist|p1a: Goodra|[miss]\n|-miss|p2a: Banette|p1a: Goodra\n|move|p1a: Goodra|Knock Off|p2a: Banette\n|-supereffective|p2a: Banette\n|-damage|p2a: Banette|61\/100\n|\n|upkeep\n|turn|3\n|\n|t:|1700446565\n|move|p2a: Banette|Poltergeist|p1a: Goodra\n|-activate|p1a: Goodra|move: Poltergeist|Covert Cloak\n|-damage|p1a: Goodra|0 fnt\n|faint|p1a: Goodra\n|\n|upkeep\n|\n|t:|1700446567\n|switch|p1a: Power move|Greninja, F, shiny|100\/100\n|turn|4\n|\n|t:|1700446578\n|switch|p2a: Meowscarada|Meowscarada, F|100\/100\n|move|p1a: Power move|U-turn|p2a: Meowscarada\n|-start|p1a: Power move|typechange|Bug|[from] ability: Protean\n|-supereffective|p2a: Meowscarada\n|-damage|p2a: Meowscarada|0 fnt\n|faint|p2a: Meowscarada\n|\n|t:|1700446582\n|switch|p1a: Great Tusk|Great Tusk|100\/100|[from] U-turn\n|\n|upkeep\n|\n|t:|1700446591\n|switch|p2a: Moltres|Moltres, shiny|100\/100\n|turn|5\n|\n|t:|1700446606\n|move|p2a: Moltres|Burn Up|p1a: Great Tusk\n|-damage|p1a: Great Tusk|31\/100\n|-start|p2a: Moltres|typechange|???\/Flying|[from] move: Burn Up\n|move|p1a: Great Tusk|Head Smash|p2a: Moltres\n|-supereffective|p2a: Moltres\n|-damage|p2a: Moltres|0 fnt\n|faint|p2a: Moltres\n|-damage|p1a: Great Tusk|0 fnt|[from] Recoil\n|faint|p1a: Great Tusk\n|-end|p1a: Great Tusk|Protosynthesis|[silent]\n|\n|upkeep\n|inactive|LiRip has 120 seconds left.\n|\n|t:|1700446658\n|switch|p2a: Heatran|Heatran, F|100\/100\n|switch|p1a: Power move|Greninja, F, shiny|100\/100\n|turn|6\n|\n|t:|1700446669\n|move|p1a: Power move|Hydro Pump|p2a: Heatran\n|-start|p1a: Power move|typechange|Water|[from] ability: Protean\n|-supereffective|p2a: Heatran\n|-damage|p2a: Heatran|19\/100\n|move|p2a: Heatran|Lava Plume|p1a: Power move\n|-resisted|p1a: Power move\n|-damage|p1a: Power move|65\/100\n|\n|-heal|p2a: Heatran|25\/100|[from] item: Leftovers\n|upkeep\n|turn|7\n|\n|t:|1700446675\n|switch|p2a: Clodsire|Clodsire, F|100\/100\n|move|p1a: Power move|Dark Pulse|p2a: Clodsire\n|-damage|p2a: Clodsire|88\/100\n|\n|-heal|p2a: Clodsire|94\/100|[from] item: Black Sludge\n|upkeep\n|turn|8\n|\n|t:|1700446680\n|move|p1a: Power move|U-turn|p2a: Clodsire\n|-resisted|p2a: Clodsire\n|-damage|p2a: Clodsire|87\/100\n|\n|t:|1700446683\n|switch|p1a: Landorus|Landorus-Therian, M|100\/100|[from] U-turn\n|-ability|p1a: Landorus|Intimidate|boost\n|-unboost|p2a: Clodsire|atk|1\n|move|p2a: Clodsire|Stealth Rock|p1a: Landorus\n|-sidestart|p1: LiRip|move: Stealth Rock\n|\n|-heal|p2a: Clodsire|93\/100|[from] item: Black Sludge\n|upkeep\n|turn|9\n|\n|t:|1700446690\n|switch|p2a: Alomomola|Alomomola, F|100\/100\n|move|p1a: Landorus|Stealth Rock|p2a: Alomomola\n|-sidestart|p2: orterman|move: Stealth Rock\n|\n|upkeep\n|turn|10\n|\n|t:|1700446697\n|move|p1a: Landorus|Taunt|p2a: Alomomola\n|-start|p2a: Alomomola|move: Taunt\n|cant|p2a: Alomomola|move: Taunt|Wish\n|\n|upkeep\n|turn|11\n|\n|t:|1700446700\n|move|p1a: Landorus|Earthquake|p2a: Alomomola\n|-damage|p2a: Alomomola|71\/100\n|move|p2a: Alomomola|Flip Turn|p1a: Landorus\n|-supereffective|p1a: Landorus\n|-damage|p1a: Landorus|64\/100\n|\n|t:|1700446707\n|switch|p2a: Banette|Banette-Mega, M, shiny|61\/100|[from] Flip Turn\n|-damage|p2a: Banette|48\/100|[from] Stealth Rock\n|\n|upkeep\n|turn|12\n|\n|t:|1700446715\n|switch|p2a: Alomomola|Alomomola, F|100\/100\n|-damage|p2a: Alomomola|88\/100|[from] Stealth Rock\n|move|p1a: Landorus|Earthquake|p2a: Alomomola\n|-damage|p2a: Alomomola|56\/100\n|\n|-heal|p2a: Alomomola|63\/100|[from] item: Leftovers\n|upkeep\n|turn|13\n|\n|t:|1700446724\n|-terastallize|p1a: Landorus|Grass\n|move|p1a: Landorus|Taunt|p2a: Alomomola\n|-start|p2a: Alomomola|move: Taunt\n|move|p2a: Alomomola|Flip Turn|p1a: Landorus\n|-resisted|p1a: Landorus\n|-damage|p1a: Landorus|55\/100\n|\n|t:|1700446739\n|switch|p2a: Clodsire|Clodsire, F|93\/100|[from] Flip Turn\n|-damage|p2a: Clodsire|87\/100|[from] Stealth Rock\n|\n|-heal|p2a: Clodsire|93\/100|[from] item: Black Sludge\n|upkeep\n|turn|14\n|\n|t:|1700446744\n|switch|p2a: Alomomola|Alomomola, F|96\/100\n|-damage|p2a: Alomomola|84\/100|[from] Stealth Rock\n|move|p1a: Landorus|Taunt|p2a: Alomomola\n|-start|p2a: Alomomola|move: Taunt\n|\n|-heal|p2a: Alomomola|90\/100|[from] item: Leftovers\n|upkeep\n|turn|15\n|\n|t:|1700446752\n|move|p1a: Landorus|Earthquake|p2a: Alomomola\n|-damage|p2a: Alomomola|58\/100\n|move|p2a: Alomomola|Flip Turn|p1a: Landorus\n|-resisted|p1a: Landorus\n|-damage|p1a: Landorus|46\/100\n|\n|t:|1700446760\n|switch|p2a: Clodsire|Clodsire, F|93\/100|[from] Flip Turn\n|-damage|p2a: Clodsire|87\/100|[from] Stealth Rock\n|\n|-heal|p2a: Clodsire|93\/100|[from] item: Black Sludge\n|upkeep\n|turn|16\n|\n|t:|1700446765\n|switch|p2a: Alomomola|Alomomola, F|91\/100\n|-damage|p2a: Alomomola|79\/100|[from] Stealth Rock\n|move|p1a: Landorus|Earthquake|p2a: Alomomola\n|-damage|p2a: Alomomola|49\/100\n|\n|-heal|p2a: Alomomola|56\/100|[from] item: Leftovers\n|upkeep\n|turn|17\n|\n|t:|1700446770\n|move|p1a: Landorus|Taunt|p2a: Alomomola\n|-start|p2a: Alomomola|move: Taunt\n|move|p2a: Alomomola|Flip Turn|p1a: Landorus\n|-resisted|p1a: Landorus\n|-damage|p1a: Landorus|36\/100\n|\n|t:|1700446776\n|switch|p2a: Clodsire|Clodsire, F|93\/100|[from] Flip Turn\n|-damage|p2a: Clodsire|87\/100|[from] Stealth Rock\n|\n|-heal|p2a: Clodsire|93\/100|[from] item: Black Sludge\n|upkeep\n|turn|18\n|\n|t:|1700446784\n|switch|p2a: Alomomola|Alomomola, F|89\/100\n|-damage|p2a: Alomomola|77\/100|[from] Stealth Rock\n|move|p1a: Landorus|Earthquake|p2a: Alomomola\n|-damage|p2a: Alomomola|44\/100\n|\n|-heal|p2a: Alomomola|50\/100|[from] item: Leftovers\n|upkeep\n|turn|19\n|\n|t:|1700446793\n|move|p1a: Landorus|Earthquake|p2a: Alomomola\n|-damage|p2a: Alomomola|22\/100\n|move|p2a: Alomomola|Flip Turn|p1a: Landorus\n|-resisted|p1a: Landorus\n|-damage|p1a: Landorus|26\/100\n|\n|t:|1700446799\n|switch|p2a: Banette|Banette-Mega, M, shiny|48\/100|[from] Flip Turn\n|-damage|p2a: Banette|36\/100|[from] Stealth Rock\n|\n|upkeep\n|turn|20\n|\n|t:|1700446801\n|move|p2a: Banette|Shadow Sneak|p1a: Landorus\n|-damage|p1a: Landorus|0 fnt\n|faint|p1a: Landorus\n|\n|upkeep\n|\n|t:|1700446804\n|switch|p1a: Power move|Greninja, F, shiny|65\/100\n|-damage|p1a: Power move|53\/100|[from] Stealth Rock\n|turn|21\n|\n|t:|1700446807\n|move|p2a: Banette|Destiny Bond|p2a: Banette\n|-singlemove|p2a: Banette|Destiny Bond\n|move|p1a: Power move|Dark Pulse|p2a: Banette\n|-start|p1a: Power move|typechange|Dark|[from] ability: Protean\n|-supereffective|p2a: Banette\n|-damage|p2a: Banette|0 fnt\n|faint|p2a: Banette\n|-activate|p2a: Banette|move: Destiny Bond\n|faint|p1a: Power move\n|\n|upkeep\n|\n|t:|1700446822\n|switch|p1a: Venusaur|Venusaur, M, shiny|100\/100\n|switch|p2a: Alomomola|Alomomola, F|56\/100\n|-damage|p1a: Venusaur|88\/100|[from] Stealth Rock\n|-damage|p2a: Alomomola|43\/100|[from] Stealth Rock\n|turn|22\n|\n|t:|1700446846\n|switch|p2a: Clodsire|Clodsire, F|93\/100\n|-damage|p2a: Clodsire|87\/100|[from] Stealth Rock\n|move|p1a: Venusaur|Energy Ball|p2a: Clodsire\n|-damage|p2a: Clodsire|64\/100\n|\n|-heal|p2a: Clodsire|70\/100|[from] item: Black Sludge\n|upkeep\n|turn|23\n|\n|t:|1700446852\n|detailschange|p1a: Venusaur|Venusaur-Mega, M, shiny\n|-mega|p1a: Venusaur|Venusaur|Venusaurite\n|move|p1a: Venusaur|Earth Power|p2a: Clodsire\n|-supereffective|p2a: Clodsire\n|-damage|p2a: Clodsire|33\/100\n|move|p2a: Clodsire|Yawn|p1a: Venusaur\n|-start|p1a: Venusaur|move: Yawn|[of] p2a: Clodsire\n|\n|-heal|p2a: Clodsire|39\/100|[from] item: Black Sludge\n|upkeep\n|turn|24\n|\n|t:|1700446860\n|switch|p1a: Skeledirge|Skeledirge, M|100\/100\n|-damage|p1a: Skeledirge|75\/100|[from] Stealth Rock\n|switch|p2a: Alomomola|Alomomola, F|77\/100\n|-damage|p2a: Alomomola|64\/100|[from] Stealth Rock\n|\n|-heal|p1a: Skeledirge|82\/100|[from] item: Leftovers\n|-heal|p2a: Alomomola|70\/100|[from] item: Leftovers\n|upkeep\n|turn|25\n|\n|t:|1700446866\n|move|p1a: Skeledirge|Torch Song|p2a: Alomomola\n|-resisted|p2a: Alomomola\n|-crit|p2a: Alomomola\n|-damage|p2a: Alomomola|42\/100\n|-boost|p1a: Skeledirge|spa|1\n|move|p2a: Alomomola|Wish|p2a: Alomomola\n|\n|-heal|p1a: Skeledirge|88\/100|[from] item: Leftovers\n|-heal|p2a: Alomomola|48\/100|[from] item: Leftovers\n|upkeep\n|turn|26\n|\n|t:|1700446872\n|move|p1a: Skeledirge|Shadow Ball|p2a: Alomomola\n|-damage|p2a: Alomomola|0 fnt\n|faint|p2a: Alomomola\n|\n|-heal|p1a: Skeledirge|94\/100|[from] item: Leftovers\n|upkeep\n|\n|t:|1700446876\n|switch|p2a: Heatran|Heatran, F|25\/100\n|-damage|p2a: Heatran|13\/100|[from] Stealth Rock\n|turn|27\n|\n|t:|1700446881\n|move|p2a: Heatran|Earth Power|p1a: Skeledirge\n|-supereffective|p1a: Skeledirge\n|-damage|p1a: Skeledirge|47\/100\n|-unboost|p1a: Skeledirge|spd|1\n|move|p1a: Skeledirge|Shadow Ball|p2a: Heatran\n|-damage|p2a: Heatran|0 fnt\n|faint|p2a: Heatran\n|\n|-heal|p1a: Skeledirge|53\/100|[from] item: Leftovers\n|upkeep\n|\n|t:|1700446885\n|switch|p2a: Clodsire|Clodsire, F|39\/100\n|-damage|p2a: Clodsire|33\/100|[from] Stealth Rock\n|turn|28\n|\n|t:|1700446889\n|move|p1a: Skeledirge|Shadow Ball|p2a: Clodsire\n|-damage|p2a: Clodsire|7\/100\n|move|p2a: Clodsire|Earthquake|p1a: Skeledirge\n|-supereffective|p1a: Skeledirge\n|-damage|p1a: Skeledirge|8\/100\n|\n|-heal|p1a: Skeledirge|14\/100|[from] item: Leftovers\n|-heal|p2a: Clodsire|13\/100|[from] item: Black Sludge\n|upkeep\n|turn|29\n|c|\u2606LiRip|Ggs bro\n|\n|t:|1700446898\n|move|p1a: Skeledirge|Shadow Ball|p2a: Clodsire\n|-damage|p2a: Clodsire|0 fnt\n|faint|p2a: Clodsire\n|\n|win|LiRip\n|raw|LiRip's rating: 1445 &rarr; <strong>1463<\/strong><br \/>(+18 for winning)\n|raw|orterman's rating: 1412 &rarr; <strong>1394<\/strong><br \/>(-18 for losing)\n","uploadtime":1700446908,"views":18,"p1id":"lirip","p2id":"orterman","formatid":"gen9nationaldex","rating":1394,"private":0,"password":""}