{"id":"gen9nationaldex-1997914706","p1":"lordcp801","p2":"insert unique joke","format":"[Gen 9] National Dex","log":"|html|<div class=\"broadcast-blue\"><strong>[Gen 9] National Dex is currently suspecting Sneasler! For information on how to participate check out the <a href=\"https:\/\/www.smogon.com\/forums\/threads\/sv-national-dex-suspect-8-just-dance.3731534\/\">suspect thread<\/a>.<\/strong><\/div>\n|j|\u2606lordcp801\n|j|\u2606insert unique joke\n|t:|1700866918\n|gametype|singles\n|player|p1|lordcp801|silver|1286\n|player|p2|insert unique joke|roxie|1361\n|teamsize|p1|6\n|teamsize|p2|6\n|gen|9\n|tier|[Gen 9] National Dex\n|rated|\n|rule|HP Percentage Mod: HP is shown in percentages\n|rule|Endless Battle Clause: Forcing endless battles is banned\n|rule|OHKO Clause: OHKO moves are banned\n|rule|Evasion Clause: Evasion abilities, items, and moves are banned\n|rule|Evasion Abilities Clause: Evasion abilities are banned\n|rule|Evasion Items Clause: Evasion items are banned\n|rule|Evasion Moves Clause: Evasion moves are banned\n|rule|Species Clause: Limit one of each Pok\u00e9mon\n|rule|Sleep Clause Mod: Limit one foe put to sleep\n|clearpoke\n|poke|p1|Electivire, M|\n|poke|p1|Rillaboom, M|\n|poke|p1|Garchomp, F|\n|poke|p1|Medicham, M|\n|poke|p1|Heatran, M|\n|poke|p1|Corviknight, M|\n|poke|p2|Gliscor, F|\n|poke|p2|Toxapex, M|\n|poke|p2|Chansey, F|\n|poke|p2|Dipplin, F|\n|poke|p2|Garganacl, M|\n|poke|p2|Sableye, M|\n|teampreview\n|inactive|Battle timer is ON: inactive players will automatically lose when time's up. (requested by insert unique joke)\n|\n|t:|1700866923\n|start\n|switch|p1a: Heatran|Heatran, M|100\/100\n|switch|p2a: Kick Back|Sableye, M|100\/100\n|turn|1\n|\n|t:|1700866927\n|switch|p2a: Britney Bitch|Gliscor, F|100\/100\n|move|p1a: Heatran|Eruption|p2a: Britney Bitch\n|-damage|p2a: Britney Bitch|11\/100\n|\n|-status|p2a: Britney Bitch|tox|[from] item: Toxic Orb\n|upkeep\n|turn|2\n|\n|t:|1700866932\n|switch|p2a: Moe Shop|Chansey, F|100\/100\n|move|p1a: Heatran|Eruption|p2a: Moe Shop\n|-damage|p2a: Moe Shop|76\/100\n|\n|upkeep\n|turn|3\n|\n|t:|1700866935\n|switch|p1a: Garchomp|Garchomp, F|100\/100\n|move|p2a: Moe Shop|Seismic Toss|p1a: Garchomp\n|-damage|p1a: Garchomp|77\/100\n|-damage|p2a: Moe Shop|64\/100|[from] ability: Rough Skin|[of] p1a: Garchomp\n|-damage|p2a: Moe Shop|47\/100|[from] item: Rocky Helmet|[of] p1a: Garchomp\n|\n|upkeep\n|turn|4\n|\n|t:|1700866941\n|switch|p2a: Kick Back|Sableye, M|100\/100\n|move|p1a: Garchomp|Stealth Rock|p2a: Kick Back\n|-sidestart|p2: insert unique joke|move: Stealth Rock\n|\n|upkeep\n|turn|5\n|\n|t:|1700866944\n|detailschange|p2a: Kick Back|Sableye-Mega, M\n|-mega|p2a: Kick Back|Sableye|Sablenite\n|move|p2a: Kick Back|Knock Off|p1a: Garchomp\n|-damage|p1a: Garchomp|51\/100\n|-damage|p2a: Kick Back|88\/100|[from] ability: Rough Skin|[of] p1a: Garchomp\n|-damage|p2a: Kick Back|72\/100|[from] item: Rocky Helmet|[of] p1a: Garchomp\n|-enditem|p1a: Garchomp|Rocky Helmet|[from] move: Knock Off|[of] p2a: Kick Back\n|move|p1a: Garchomp|Dragon Tail|p2a: Kick Back\n|-damage|p2a: Kick Back|48\/100\n|drag|p2a: Stayin' Alive|Garganacl, M|100\/100\n|-damage|p2a: Stayin' Alive|88\/100|[from] Stealth Rock\n|\n|-heal|p2a: Stayin' Alive|94\/100|[from] item: Leftovers\n|upkeep\n|turn|6\n|\n|t:|1700866955\n|switch|p1a: Rillaboom|Rillaboom, M|100\/100\n|-fieldstart|move: Grassy Terrain|[from] ability: Grassy Surge|[of] p1a: Rillaboom\n|move|p2a: Stayin' Alive|Iron Defense|p2a: Stayin' Alive\n|-boost|p2a: Stayin' Alive|def|2\n|\n|-heal|p2a: Stayin' Alive|100\/100|[from] Grassy Terrain\n|upkeep\n|turn|7\n|\n|t:|1700866962\n|move|p1a: Rillaboom|Wood Hammer|p2a: Stayin' Alive\n|-supereffective|p2a: Stayin' Alive\n|-damage|p2a: Stayin' Alive|27\/100\n|-damage|p1a: Rillaboom|72\/100|[from] Recoil\n|-damage|p1a: Rillaboom|62\/100|[from] item: Life Orb\n|move|p2a: Stayin' Alive|Salt Cure|p1a: Rillaboom\n|-damage|p1a: Rillaboom|47\/100\n|-start|p1a: Rillaboom|Salt Cure\n|\n|-heal|p1a: Rillaboom|54\/100|[from] Grassy Terrain\n|-heal|p2a: Stayin' Alive|33\/100|[from] Grassy Terrain\n|-heal|p2a: Stayin' Alive|40\/100|[from] item: Leftovers\n|-damage|p1a: Rillaboom|41\/100|[from] Salt Cure\n|upkeep\n|turn|8\n|\n|t:|1700866974\n|switch|p2a: Outkast|Dipplin, F, shiny|100\/100\n|-damage|p2a: Outkast|88\/100|[from] Stealth Rock\n|move|p1a: Rillaboom|Wood Hammer|p2a: Outkast\n|-resisted|p2a: Outkast\n|-damage|p2a: Outkast|77\/100\n|-damage|p1a: Rillaboom|37\/100|[from] Recoil\n|-damage|p1a: Rillaboom|27\/100|[from] item: Life Orb\n|\n|-heal|p1a: Rillaboom|34\/100|[from] Grassy Terrain\n|-heal|p2a: Outkast|83\/100|[from] Grassy Terrain\n|-damage|p1a: Rillaboom|21\/100|[from] Salt Cure\n|upkeep\n|turn|9\n|\n|t:|1700866978\n|move|p1a: Rillaboom|Knock Off|p2a: Outkast\n|-damage|p2a: Outkast|64\/100\n|-activate|p2a: Outkast|ability: Sticky Hold\n|-damage|p1a: Rillaboom|11\/100|[from] item: Life Orb\n|move|p2a: Outkast|Dragon Pulse|p1a: Rillaboom\n|-damage|p1a: Rillaboom|0 fnt\n|faint|p1a: Rillaboom\n|\n|-heal|p2a: Outkast|70\/100|[from] Grassy Terrain\n|upkeep\n|\n|t:|1700866984\n|switch|p1a: Medicham|Medicham, M|100\/100\n|turn|10\n|\n|t:|1700866987\n|switch|p2a: Paranoia|Toxapex, M, shiny|100\/100\n|-damage|p2a: Paranoia|88\/100|[from] Stealth Rock\n|detailschange|p1a: Medicham|Medicham-Mega, M\n|-mega|p1a: Medicham|Medicham|Medichamite\n|move|p1a: Medicham|Fake Out|p2a: Paranoia\n|-damage|p2a: Paranoia|74\/100\n|\n|-heal|p2a: Paranoia|80\/100|[from] Grassy Terrain\n|-heal|p2a: Paranoia|86\/100|[from] item: Leftovers\n|-fieldend|move: Grassy Terrain\n|upkeep\n|turn|11\n|\n|t:|1700866990\n|move|p1a: Medicham|Zen Headbutt|p2a: Paranoia\n|-supereffective|p2a: Paranoia\n|-damage|p2a: Paranoia|7\/100\n|move|p2a: Paranoia|Scald|p1a: Medicham\n|-damage|p1a: Medicham|74\/100\n|\n|-heal|p2a: Paranoia|13\/100|[from] item: Leftovers\n|upkeep\n|turn|12\n|\n|t:|1700866995\n|switch|p2a: Britney Bitch|Gliscor, F|11\/100 tox\n|-damage|p2a: Britney Bitch|0 fnt|[from] Stealth Rock\n|faint|p2a: Britney Bitch\n|move|p1a: Medicham|Zen Headbutt|p2: Britney Bitch|[notarget]\n|-fail|p1a: Medicham\n|\n|upkeep\n|\n|t:|1700866997\n|switch|p2a: Kick Back|Sableye-Mega, M|48\/100\n|-damage|p2a: Kick Back|36\/100|[from] Stealth Rock\n|turn|13\n|\n|t:|1700867003\n|switch|p1a: Heatran|Heatran, M|100\/100\n|move|p2a: Kick Back|Recover|p2a: Kick Back\n|-heal|p2a: Kick Back|86\/100\n|\n|upkeep\n|turn|14\n|\n|t:|1700867009\n|move|p1a: Heatran|Eruption|p2a: Kick Back\n|-damage|p2a: Kick Back|24\/100\n|move|p2a: Kick Back|Knock Off|p1a: Heatran\n|-damage|p1a: Heatran|73\/100\n|-enditem|p1a: Heatran|Choice Scarf|[from] move: Knock Off|[of] p2a: Kick Back\n|\n|upkeep\n|turn|15\n|\n|t:|1700867016\n|switch|p2a: Moe Shop|Chansey, F|47\/100\n|-damage|p2a: Moe Shop|35\/100|[from] Stealth Rock\n|move|p1a: Heatran|Eruption|p2a: Moe Shop\n|-damage|p2a: Moe Shop|17\/100\n|\n|upkeep\n|turn|16\n|\n|t:|1700867020\n|move|p1a: Heatran|Eruption|p2a: Moe Shop\n|-damage|p2a: Moe Shop|0 fnt\n|faint|p2a: Moe Shop\n|\n|upkeep\n|\n|t:|1700867022\n|switch|p2a: Paranoia|Toxapex, M, shiny|46\/100\n|-damage|p2a: Paranoia|34\/100|[from] Stealth Rock\n|turn|17\n|\n|t:|1700867025\n|move|p1a: Heatran|Earth Power|p2a: Paranoia\n|-supereffective|p2a: Paranoia\n|-crit|p2a: Paranoia\n|-damage|p2a: Paranoia|0 fnt\n|faint|p2a: Paranoia\n|\n|upkeep\n|-message|insert unique joke forfeited.\n|\n|win|lordcp801\n|raw|lordcp801's rating: 1286 &rarr; <strong>1316<\/strong><br \/>(+30 for winning)\n|raw|insert unique joke's rating: 1361 &rarr; <strong>1337<\/strong><br \/>(-24 for losing)\n|l|\u2606insert unique joke\n","uploadtime":1700867057,"views":3,"p1id":"lordcp801","p2id":"insertuniquejoke","formatid":"gen9nationaldex","rating":1316,"private":0,"password":""}