{"id":"gen9nationaldex-1999451238","p1":"CrowleyTKTM","p2":"Kyuhiro","format":"[Gen 9] National Dex","log":"|html|<div class=\"broadcast-blue\"><strong>[Gen 9] National Dex is currently suspecting Sneasler! For information on how to participate check out the <a href=\"https:\/\/www.smogon.com\/forums\/threads\/sv-national-dex-suspect-8-just-dance.3731534\/\">suspect thread<\/a>.<\/strong><\/div>\n|j|\u2606CrowleyTKTM\n|j|\u2606Kyuhiro\n|t:|1701082606\n|gametype|singles\n|player|p1|CrowleyTKTM|acetrainersnow|1132\n|player|p2|Kyuhiro|170|1136\n|teamsize|p1|6\n|teamsize|p2|6\n|gen|9\n|tier|[Gen 9] National Dex\n|rated|\n|rule|HP Percentage Mod: HP is shown in percentages\n|rule|Endless Battle Clause: Forcing endless battles is banned\n|rule|OHKO Clause: OHKO moves are banned\n|rule|Evasion Clause: Evasion abilities, items, and moves are banned\n|rule|Evasion Abilities Clause: Evasion abilities are banned\n|rule|Evasion Items Clause: Evasion items are banned\n|rule|Evasion Moves Clause: Evasion moves are banned\n|rule|Species Clause: Limit one of each Pok\u00e9mon\n|rule|Sleep Clause Mod: Limit one foe put to sleep\n|clearpoke\n|poke|p1|Blaziken, M|\n|poke|p1|Orthworm, F|\n|poke|p1|Greninja-*, M|\n|poke|p1|Slowking-Galar, M|\n|poke|p1|Zeraora|\n|poke|p1|Enamorus, F|\n|poke|p2|Ferroseed, M|\n|poke|p2|Slowbro, F|\n|poke|p2|Slowking-Galar, F|\n|poke|p2|Corviknight, M|\n|poke|p2|Gliscor, M|\n|poke|p2|Chansey, F|\n|teampreview\n|inactive|Battle timer is ON: inactive players will automatically lose when time's up. (requested by Kyuhiro)\n|\n|t:|1701082616\n|start\n|switch|p1a: Orthworm|Orthworm, F|100\/100\n|switch|p2a: Ferroseed|Ferroseed, M|100\/100\n|turn|1\n|\n|t:|1701082621\n|move|p1a: Orthworm|Iron Defense|p1a: Orthworm\n|-boost|p1a: Orthworm|def|2\n|move|p2a: Ferroseed|Leech Seed|p1a: Orthworm\n|-start|p1a: Orthworm|move: Leech Seed\n|\n|-damage|p1a: Orthworm|88\/100|[from] Leech Seed|[of] p2a: Ferroseed\n|upkeep\n|turn|2\n|\n|t:|1701082624\n|move|p1a: Orthworm|Body Press|p2a: Ferroseed\n|-supereffective|p2a: Ferroseed\n|-damage|p2a: Ferroseed|25\/100\n|-damage|p1a: Orthworm|76\/100|[from] ability: Iron Barbs|[of] p2a: Ferroseed\n|move|p2a: Ferroseed|Iron Defense|p2a: Ferroseed\n|-boost|p2a: Ferroseed|def|2\n|\n|-heal|p1a: Orthworm|82\/100|[from] item: Leftovers\n|-damage|p1a: Orthworm|70\/100|[from] Leech Seed|[of] p2a: Ferroseed\n|-heal|p2a: Ferroseed|40\/100|[silent]\n|upkeep\n|turn|3\n|\n|t:|1701082628\n|-terastallize|p2a: Ferroseed|Grass\n|move|p2a: Ferroseed|Protect|p2a: Ferroseed\n|-singleturn|p2a: Ferroseed|Protect\n|move|p1a: Orthworm|Body Press|p2a: Ferroseed\n|-activate|p2a: Ferroseed|move: Protect\n|\n|-heal|p1a: Orthworm|76\/100|[from] item: Leftovers\n|-damage|p1a: Orthworm|64\/100|[from] Leech Seed|[of] p2a: Ferroseed\n|-heal|p2a: Ferroseed|54\/100|[silent]\n|upkeep\n|turn|4\n|\n|t:|1701082632\n|move|p1a: Orthworm|Body Press|p2a: Ferroseed\n|-damage|p2a: Ferroseed|35\/100\n|-damage|p1a: Orthworm|52\/100|[from] ability: Iron Barbs|[of] p2a: Ferroseed\n|move|p2a: Ferroseed|Iron Defense|p2a: Ferroseed\n|-boost|p2a: Ferroseed|def|2\n|\n|-heal|p1a: Orthworm|58\/100|[from] item: Leftovers\n|-damage|p1a: Orthworm|45\/100|[from] Leech Seed|[of] p2a: Ferroseed\n|-heal|p2a: Ferroseed|50\/100|[silent]\n|upkeep\n|turn|5\n|\n|t:|1701082641\n|switch|p1a: Enamorus|Enamorus, F|100\/100\n|move|p2a: Ferroseed|Iron Defense|p2a: Ferroseed\n|-boost|p2a: Ferroseed|def|2\n|\n|upkeep\n|turn|6\n|\n|t:|1701082651\n|move|p1a: Enamorus|Mystical Fire|p2a: Ferroseed\n|-supereffective|p2a: Ferroseed\n|-damage|p2a: Ferroseed|0 fnt\n|faint|p2a: Ferroseed\n|\n|upkeep\n|\n|t:|1701082661\n|switch|p2a: Chansey|Chansey, F|100\/100\n|turn|7\n|\n|t:|1701082666\n|switch|p1a: Blaziken|Blaziken, M|100\/100\n|move|p2a: Chansey|Toxic|p1a: Blaziken\n|-status|p1a: Blaziken|tox\n|\n|-damage|p1a: Blaziken|95\/100 tox|[from] psn\n|upkeep\n|turn|8\n|\n|t:|1701082671\n|move|p2a: Chansey|Protect|p2a: Chansey\n|-singleturn|p2a: Chansey|Protect\n|move|p1a: Blaziken|Close Combat|p2a: Chansey\n|-activate|p2a: Chansey|move: Protect\n|\n|-damage|p1a: Blaziken|83\/100 tox|[from] psn\n|-ability|p1a: Blaziken|Speed Boost|boost\n|-boost|p1a: Blaziken|spe|1\n|upkeep\n|turn|9\n|\n|t:|1701082677\n|switch|p2a: Slowbro|Slowbro, F|100\/100\n|move|p1a: Blaziken|Close Combat|p2a: Slowbro\n|-resisted|p2a: Slowbro\n|-damage|p2a: Slowbro|81\/100\n|-unboost|p1a: Blaziken|def|1\n|-unboost|p1a: Blaziken|spd|1\n|\n|-heal|p2a: Slowbro|87\/100|[from] item: Leftovers\n|-damage|p1a: Blaziken|65\/100 tox|[from] psn\n|-ability|p1a: Blaziken|Speed Boost|boost\n|-boost|p1a: Blaziken|spe|1\n|upkeep\n|turn|10\n|\n|t:|1701082687\n|switch|p1a: Greninja|Greninja, M|100\/100\n|move|p2a: Slowbro|Disable||[still]\n|-fail|p2a: Slowbro\n|\n|-heal|p2a: Slowbro|93\/100|[from] item: Leftovers\n|upkeep\n|turn|11\n|\n|t:|1701082694\n|switch|p2a: Corviknight|Corviknight, M|100\/100\n|move|p1a: Greninja|Dark Pulse|p2a: Corviknight\n|-damage|p2a: Corviknight|72\/100\n|\n|-heal|p2a: Corviknight|79\/100|[from] item: Leftovers\n|upkeep\n|turn|12\n|\n|t:|1701082697\n|move|p1a: Greninja|Ice Beam|p2a: Corviknight\n|-damage|p2a: Corviknight|58\/100\n|move|p2a: Corviknight|Iron Defense|p2a: Corviknight\n|-boost|p2a: Corviknight|def|2\n|\n|-heal|p2a: Corviknight|65\/100|[from] item: Leftovers\n|upkeep\n|turn|13\n|\n|t:|1701082705\n|switch|p1a: Slowking|Slowking-Galar, M|100\/100\n|move|p2a: Corviknight|Iron Defense|p2a: Corviknight\n|-boost|p2a: Corviknight|def|2\n|\n|-heal|p2a: Corviknight|71\/100|[from] item: Leftovers\n|upkeep\n|turn|14\n|\n|t:|1701082709\n|move|p2a: Corviknight|Body Press|p1a: Slowking\n|-resisted|p1a: Slowking\n|-damage|p1a: Slowking|89\/100\n|move|p1a: Slowking|Thunder Wave|p2a: Corviknight\n|-status|p2a: Corviknight|par\n|\n|-heal|p2a: Corviknight|77\/100 par|[from] item: Leftovers\n|upkeep\n|turn|15\n|\n|t:|1701082716\n|move|p2a: Corviknight|Roost|p2a: Corviknight\n|-heal|p2a: Corviknight|100\/100 par\n|-singleturn|p2a: Corviknight|move: Roost\n|move|p1a: Slowking|Psychic|p2a: Corviknight\n|-resisted|p2a: Corviknight\n|-damage|p2a: Corviknight|86\/100 par\n|\n|-heal|p2a: Corviknight|93\/100 par|[from] item: Leftovers\n|upkeep\n|turn|16\n|inactive|Kyuhiro has 120 seconds left.\n|\n|t:|1701082747\n|switch|p2a: Slowking|Slowking-Galar, F|100\/100\n|move|p1a: Slowking|Psychic|p2a: Slowking\n|-damage|p2a: Slowking|80\/100\n|-unboost|p2a: Slowking|spd|1\n|\n|-heal|p2a: Slowking|86\/100|[from] item: Leftovers\n|upkeep\n|turn|17\n|\n|t:|1701082754\n|move|p2a: Slowking|Calm Mind|p2a: Slowking\n|-boost|p2a: Slowking|spa|1\n|-boost|p2a: Slowking|spd|1\n|move|p1a: Slowking|Psychic|p2a: Slowking\n|-damage|p2a: Slowking|66\/100\n|-unboost|p2a: Slowking|spd|1\n|\n|-heal|p2a: Slowking|72\/100|[from] item: Leftovers\n|upkeep\n|turn|18\n|\n|t:|1701082758\n|move|p2a: Slowking|Calm Mind|p2a: Slowking\n|-boost|p2a: Slowking|spa|1\n|-boost|p2a: Slowking|spd|1\n|move|p1a: Slowking|Psychic|p2a: Slowking\n|-damage|p2a: Slowking|49\/100\n|\n|-heal|p2a: Slowking|56\/100|[from] item: Leftovers\n|upkeep\n|turn|19\n|\n|t:|1701082760\n|move|p2a: Slowking|Calm Mind|p2a: Slowking\n|-boost|p2a: Slowking|spa|1\n|-boost|p2a: Slowking|spd|1\n|move|p1a: Slowking|Psychic|p2a: Slowking\n|-crit|p2a: Slowking\n|-damage|p2a: Slowking|21\/100\n|\n|-heal|p2a: Slowking|27\/100|[from] item: Leftovers\n|upkeep\n|turn|20\n|\n|t:|1701082765\n|move|p2a: Slowking|Flamethrower|p1a: Slowking\n|-damage|p1a: Slowking|46\/100\n|move|p1a: Slowking|Psychic|p2a: Slowking\n|-damage|p2a: Slowking|11\/100\n|-unboost|p2a: Slowking|spd|1\n|\n|-heal|p2a: Slowking|18\/100|[from] item: Leftovers\n|upkeep\n|turn|21\n|\n|t:|1701082768\n|move|p2a: Slowking|Rest|p2a: Slowking\n|-status|p2a: Slowking|slp|[from] move: Rest\n|-heal|p2a: Slowking|100\/100 slp|[silent]\n|move|p1a: Slowking|Psychic|p2a: Slowking\n|-damage|p2a: Slowking|78\/100 slp\n|\n|-heal|p2a: Slowking|84\/100 slp|[from] item: Leftovers\n|upkeep\n|turn|22\n|\n|t:|1701082770\n|cant|p2a: Slowking|slp\n|move|p1a: Slowking|Psychic|p2a: Slowking\n|-damage|p2a: Slowking|64\/100 slp\n|\n|-heal|p2a: Slowking|70\/100 slp|[from] item: Leftovers\n|upkeep\n|turn|23\n|\n|t:|1701082773\n|cant|p2a: Slowking|slp\n|move|p1a: Slowking|Psychic|p2a: Slowking\n|-damage|p2a: Slowking|50\/100 slp\n|\n|-heal|p2a: Slowking|56\/100 slp|[from] item: Leftovers\n|upkeep\n|turn|24\n|\n|t:|1701082775\n|-curestatus|p2a: Slowking|slp|[msg]\n|move|p2a: Slowking|Calm Mind|p2a: Slowking\n|-boost|p2a: Slowking|spa|1\n|-boost|p2a: Slowking|spd|1\n|move|p1a: Slowking|Psychic|p2a: Slowking\n|-damage|p2a: Slowking|40\/100\n|\n|-heal|p2a: Slowking|46\/100|[from] item: Leftovers\n|upkeep\n|turn|25\n|\n|t:|1701082777\n|move|p2a: Slowking|Flamethrower|p1a: Slowking\n|-damage|p1a: Slowking|0 fnt\n|faint|p1a: Slowking\n|\n|-heal|p2a: Slowking|53\/100|[from] item: Leftovers\n|upkeep\n|\n|t:|1701082781\n|switch|p1a: Blaziken|Blaziken, M|65\/100 tox\n|turn|26\n|\n|t:|1701082788\n|-zpower|p1a: Blaziken\n|move|p1a: Blaziken|Inferno Overdrive|p2a: Slowking|[zeffect]\n|-damage|p2a: Slowking|0 fnt\n|faint|p2a: Slowking\n|\n|-damage|p1a: Blaziken|59\/100 tox|[from] psn\n|-ability|p1a: Blaziken|Speed Boost|boost\n|-boost|p1a: Blaziken|spe|1\n|upkeep\n|\n|t:|1701082795\n|switch|p2a: Slowbro|Slowbro, F|100\/100\n|turn|27\n|\n|t:|1701082800\n|switch|p1a: Greninja|Greninja, M|100\/100\n|move|p2a: Slowbro|Disable||[still]\n|-fail|p2a: Slowbro\n|\n|upkeep\n|turn|28\n|\n|t:|1701082805\n|move|p2a: Slowbro|Protect|p2a: Slowbro\n|-singleturn|p2a: Slowbro|Protect\n|move|p1a: Greninja|Dark Pulse|p2a: Slowbro\n|-activate|p2a: Slowbro|move: Protect\n|\n|upkeep\n|turn|29\n|\n|t:|1701082811\n|switch|p2a: Corviknight|Corviknight, M|93\/100 par\n|move|p1a: Greninja|Ice Beam|p2a: Corviknight\n|-damage|p2a: Corviknight|70\/100 par\n|\n|-heal|p2a: Corviknight|77\/100 par|[from] item: Leftovers\n|upkeep\n|turn|30\n|\n|t:|1701082814\n|move|p1a: Greninja|Ice Beam|p2a: Corviknight\n|-damage|p2a: Corviknight|55\/100 par\n|move|p2a: Corviknight|Iron Defense|p2a: Corviknight\n|-boost|p2a: Corviknight|def|2\n|\n|-heal|p2a: Corviknight|61\/100 par|[from] item: Leftovers\n|upkeep\n|turn|31\n|\n|t:|1701082816\n|move|p1a: Greninja|Ice Beam|p2a: Corviknight\n|-damage|p2a: Corviknight|38\/100 par\n|move|p2a: Corviknight|Roost|p2a: Corviknight\n|-heal|p2a: Corviknight|88\/100 par\n|-singleturn|p2a: Corviknight|move: Roost\n|\n|-heal|p2a: Corviknight|94\/100 par|[from] item: Leftovers\n|upkeep\n|turn|32\n|\n|t:|1701082822\n|move|p1a: Greninja|Scald|p2a: Corviknight\n|-damage|p2a: Corviknight|62\/100 par\n|move|p2a: Corviknight|Body Press|p1a: Greninja\n|-supereffective|p1a: Greninja\n|-damage|p1a: Greninja|0 fnt\n|faint|p1a: Greninja\n|\n|-heal|p2a: Corviknight|69\/100 par|[from] item: Leftovers\n|upkeep\n|\n|t:|1701082826\n|switch|p1a: Enamorus|Enamorus, F|100\/100\n|turn|33\n|\n|t:|1701082837\n|switch|p2a: Slowbro|Slowbro, F|100\/100\n|move|p1a: Enamorus|Mystical Fire|p2a: Slowbro\n|-resisted|p2a: Slowbro\n|-damage|p2a: Slowbro|78\/100\n|-unboost|p2a: Slowbro|spa|1\n|\n|-heal|p2a: Slowbro|84\/100|[from] item: Leftovers\n|upkeep\n|turn|34\n|\n|t:|1701082841\n|switch|p1a: Zeraora|Zeraora|100\/100\n|move|p2a: Slowbro|Disable||[still]\n|-fail|p2a: Slowbro\n|\n|-heal|p2a: Slowbro|90\/100|[from] item: Leftovers\n|upkeep\n|turn|35\n|\n|t:|1701082845\n|switch|p2a: Gliscor|Gliscor, M|100\/100\n|-terastallize|p1a: Zeraora|Electric\n|move|p1a: Zeraora|Plasma Fists|p2a: Gliscor\n|-immune|p2a: Gliscor\n|\n|-status|p2a: Gliscor|tox|[from] item: Toxic Orb\n|upkeep\n|turn|36\n|\n|t:|1701082851\n|switch|p1a: Orthworm|Orthworm, F|45\/100\n|move|p2a: Gliscor|Toxic|p1a: Orthworm\n|-immune|p1a: Orthworm\n|\n|-heal|p1a: Orthworm|52\/100|[from] item: Leftovers\n|upkeep\n|turn|37\n|\n|t:|1701082854\n|move|p2a: Gliscor|Earthquake|p1a: Orthworm\n|-heal|p1a: Orthworm|76\/100|[from] ability: Earth Eater|[of] p2a: Gliscor\n|move|p1a: Orthworm|Iron Defense|p1a: Orthworm\n|-boost|p1a: Orthworm|def|2\n|\n|-heal|p1a: Orthworm|82\/100|[from] item: Leftovers\n|upkeep\n|turn|38\n|\n|t:|1701082859\n|switch|p2a: Corviknight|Corviknight, M|69\/100 par\n|move|p1a: Orthworm|Body Press|p2a: Corviknight\n|-damage|p2a: Corviknight|32\/100 par\n|\n|-heal|p1a: Orthworm|89\/100|[from] item: Leftovers\n|-heal|p2a: Corviknight|39\/100 par|[from] item: Leftovers\n|upkeep\n|turn|39\n|\n|t:|1701082869\n|move|p1a: Orthworm|Body Press|p2a: Corviknight\n|-damage|p2a: Corviknight|0 fnt\n|faint|p2a: Corviknight\n|\n|-heal|p1a: Orthworm|95\/100|[from] item: Leftovers\n|upkeep\n|c|\u2606CrowleyTKTM|Gimme a crit baby\n|\n|t:|1701082874\n|switch|p2a: Slowbro|Slowbro, F|100\/100\n|turn|40\n|\n|t:|1701082878\n|move|p1a: Orthworm|Iron Defense|p1a: Orthworm\n|-boost|p1a: Orthworm|def|2\n|move|p2a: Slowbro|Disable|p1a: Orthworm\n|-start|p1a: Orthworm|Disable|Iron Defense\n|\n|-heal|p1a: Orthworm|100\/100|[from] item: Leftovers\n|upkeep\n|turn|41\n|\n|t:|1701082882\n|move|p1a: Orthworm|Substitute|p1a: Orthworm\n|-start|p1a: Orthworm|Substitute\n|-damage|p1a: Orthworm|76\/100\n|move|p2a: Slowbro|Calm Mind|p2a: Slowbro\n|-boost|p2a: Slowbro|spa|1\n|-boost|p2a: Slowbro|spd|1\n|\n|-heal|p1a: Orthworm|82\/100|[from] item: Leftovers\n|upkeep\n|turn|42\n|\n|t:|1701082885\n|move|p1a: Orthworm|Iron Head|p2a: Slowbro\n|-resisted|p2a: Slowbro\n|-crit|p2a: Slowbro\n|-damage|p2a: Slowbro|88\/100\n|move|p2a: Slowbro|Calm Mind|p2a: Slowbro\n|-boost|p2a: Slowbro|spa|1\n|-boost|p2a: Slowbro|spd|1\n|\n|-heal|p1a: Orthworm|88\/100|[from] item: Leftovers\n|-heal|p2a: Slowbro|94\/100|[from] item: Leftovers\n|upkeep\n|turn|43\n|\n|t:|1701082888\n|move|p1a: Orthworm|Iron Head|p2a: Slowbro\n|-resisted|p2a: Slowbro\n|-damage|p2a: Slowbro|86\/100\n|move|p2a: Slowbro|Calm Mind|p2a: Slowbro\n|-boost|p2a: Slowbro|spa|1\n|-boost|p2a: Slowbro|spd|1\n|\n|-heal|p1a: Orthworm|94\/100|[from] item: Leftovers\n|-heal|p2a: Slowbro|92\/100|[from] item: Leftovers\n|upkeep\n|turn|44\n|\n|t:|1701082891\n|move|p1a: Orthworm|Iron Head|p2a: Slowbro\n|-resisted|p2a: Slowbro\n|-damage|p2a: Slowbro|85\/100\n|cant|p2a: Slowbro|flinch\n|\n|-heal|p1a: Orthworm|99\/100|[from] item: Leftovers\n|-heal|p2a: Slowbro|91\/100|[from] item: Leftovers\n|-end|p1a: Orthworm|Disable\n|upkeep\n|turn|45\n|\n|t:|1701082893\n|move|p1a: Orthworm|Body Press|p2a: Slowbro\n|-resisted|p2a: Slowbro\n|-damage|p2a: Slowbro|68\/100\n|move|p2a: Slowbro|Stored Power|p1a: Orthworm\n|-resisted|p1a: Orthworm\n|-end|p1a: Orthworm|Substitute\n|\n|-heal|p1a: Orthworm|100\/100|[from] item: Leftovers\n|-heal|p2a: Slowbro|74\/100|[from] item: Leftovers\n|upkeep\n|turn|46\n|\n|t:|1701082899\n|move|p1a: Orthworm|Body Press|p2a: Slowbro\n|-resisted|p2a: Slowbro\n|-crit|p2a: Slowbro\n|-damage|p2a: Slowbro|37\/100\n|move|p2a: Slowbro|Disable|p1a: Orthworm\n|-start|p1a: Orthworm|Disable|Body Press\n|\n|-heal|p2a: Slowbro|43\/100|[from] item: Leftovers\n|upkeep\n|turn|47\n|\n|t:|1701082903\n|move|p1a: Orthworm|Iron Head|p2a: Slowbro\n|-resisted|p2a: Slowbro\n|-damage|p2a: Slowbro|36\/100\n|cant|p2a: Slowbro|flinch\n|\n|-heal|p2a: Slowbro|42\/100|[from] item: Leftovers\n|upkeep\n|turn|48\n|\n|t:|1701082906\n|move|p1a: Orthworm|Substitute|p1a: Orthworm\n|-start|p1a: Orthworm|Substitute\n|-damage|p1a: Orthworm|76\/100\n|move|p2a: Slowbro|Stored Power|p1a: Orthworm\n|-resisted|p1a: Orthworm\n|-end|p1a: Orthworm|Substitute\n|\n|-heal|p1a: Orthworm|82\/100|[from] item: Leftovers\n|-heal|p2a: Slowbro|48\/100|[from] item: Leftovers\n|upkeep\n|turn|49\n|\n|t:|1701082909\n|move|p1a: Orthworm|Substitute|p1a: Orthworm\n|-start|p1a: Orthworm|Substitute\n|-damage|p1a: Orthworm|57\/100\n|move|p2a: Slowbro|Stored Power|p1a: Orthworm\n|-resisted|p1a: Orthworm\n|-end|p1a: Orthworm|Substitute\n|\n|-heal|p1a: Orthworm|63\/100|[from] item: Leftovers\n|-heal|p2a: Slowbro|54\/100|[from] item: Leftovers\n|upkeep\n|turn|50\n|\n|t:|1701082911\n|move|p1a: Orthworm|Substitute|p1a: Orthworm\n|-start|p1a: Orthworm|Substitute\n|-damage|p1a: Orthworm|38\/100\n|move|p2a: Slowbro|Stored Power|p1a: Orthworm\n|-resisted|p1a: Orthworm\n|-end|p1a: Orthworm|Substitute\n|\n|-heal|p1a: Orthworm|45\/100|[from] item: Leftovers\n|-heal|p2a: Slowbro|60\/100|[from] item: Leftovers\n|-end|p1a: Orthworm|Disable\n|upkeep\n|turn|51\n|\n|t:|1701082912\n|move|p1a: Orthworm|Body Press|p2a: Slowbro\n|-resisted|p2a: Slowbro\n|-damage|p2a: Slowbro|36\/100\n|move|p2a: Slowbro|Stored Power|p1a: Orthworm\n|-resisted|p1a: Orthworm\n|-crit|p1a: Orthworm\n|-damage|p1a: Orthworm|0 fnt\n|faint|p1a: Orthworm\n|\n|-heal|p2a: Slowbro|42\/100|[from] item: Leftovers\n|upkeep\n|\n|t:|1701082916\n|switch|p1a: Zeraora|Zeraora, tera:Electric|100\/100\n|turn|52\n|\n|t:|1701082920\n|move|p2a: Slowbro|Protect|p2a: Slowbro\n|-singleturn|p2a: Slowbro|Protect\n|move|p1a: Zeraora|Knock Off|p2a: Slowbro\n|-activate|p2a: Slowbro|move: Protect\n|\n|-heal|p2a: Slowbro|48\/100|[from] item: Leftovers\n|upkeep\n|turn|53\n|\n|t:|1701082925\n|switch|p2a: Gliscor|Gliscor, M|100\/100 tox\n|move|p1a: Zeraora|Plasma Fists|p2a: Gliscor\n|-immune|p2a: Gliscor\n|\n|upkeep\n|turn|54\n|\n|t:|1701082928\n|move|p1a: Zeraora|Knock Off|p2a: Gliscor\n|-damage|p2a: Gliscor|79\/100 tox\n|-enditem|p2a: Gliscor|Toxic Orb|[from] move: Knock Off|[of] p1a: Zeraora\n|move|p2a: Gliscor|Toxic|p1a: Zeraora|[miss]\n|-miss|p2a: Gliscor|p1a: Zeraora\n|\n|-heal|p2a: Gliscor|91\/100 tox|[from] ability: Poison Heal\n|upkeep\n|turn|55\n|\n|t:|1701082935\n|switch|p1a: Blaziken|Blaziken, M|59\/100 tox\n|move|p2a: Gliscor|Toxic|p1a: Blaziken\n|-fail|p1a: Blaziken|tox\n|\n|-damage|p1a: Blaziken|53\/100 tox|[from] psn\n|-heal|p2a: Gliscor|100\/100 tox|[from] ability: Poison Heal\n|upkeep\n|turn|56\n|c|\u2606CrowleyTKTM|!weak gliscor\n|c| CrowleyTKTM|\/raw <div class=\"infobox\">Gliscor (ignoring abilities):<br \/><span class=\"message-effect-weak\">Weaknesses<\/span>: <b>Ice<\/b>, Water<br \/><span class=\"message-effect-resist\">Resistances<\/span>: Bug, Fighting, Poison<br \/><span class=\"message-effect-immune\">Immunities<\/span>: Electric, Ground, Sandstorm damage<\/div>\n|\n|t:|1701082947\n|move|p2a: Gliscor|Protect|p2a: Gliscor\n|-singleturn|p2a: Gliscor|Protect\n|move|p1a: Blaziken|Flare Blitz|p2a: Gliscor\n|-activate|p2a: Gliscor|move: Protect\n|\n|-damage|p1a: Blaziken|41\/100 tox|[from] psn\n|-ability|p1a: Blaziken|Speed Boost|boost\n|-boost|p1a: Blaziken|spe|1\n|upkeep\n|turn|57\n|\n|t:|1701082950\n|move|p1a: Blaziken|Flare Blitz|p2a: Gliscor\n|-crit|p2a: Gliscor\n|-damage|p2a: Gliscor|40\/100 tox\n|-damage|p1a: Blaziken|17\/100 tox|[from] Recoil\n|move|p2a: Gliscor|Earthquake|p1a: Blaziken\n|-supereffective|p1a: Blaziken\n|-damage|p1a: Blaziken|0 fnt\n|faint|p1a: Blaziken\n|\n|-heal|p2a: Gliscor|52\/100 tox|[from] ability: Poison Heal\n|upkeep\n|\n|t:|1701082960\n|switch|p1a: Enamorus|Enamorus, F|100\/100\n|turn|58\n|\n|t:|1701082967\n|move|p1a: Enamorus|Moonblast|p2a: Gliscor\n|-damage|p2a: Gliscor|0 fnt\n|faint|p2a: Gliscor\n|\n|upkeep\n|\n|t:|1701082969\n|switch|p2a: Chansey|Chansey, F|100\/100\n|turn|59\n|c|\u2606CrowleyTKTM|What an intense battle\n|\n|t:|1701082976\n|move|p1a: Enamorus|Moonblast|p2a: Chansey\n|-damage|p2a: Chansey|75\/100\n|move|p2a: Chansey|Toxic|p1a: Enamorus\n|-status|p1a: Enamorus|tox\n|\n|-damage|p1a: Enamorus|94\/100 tox|[from] psn\n|upkeep\n|turn|60\n|\n|t:|1701082981\n|switch|p2a: Slowbro|Slowbro, F|81\/100\n|move|p1a: Enamorus|Moonblast|p2a: Slowbro\n|-damage|p2a: Slowbro|7\/100\n|\n|-heal|p2a: Slowbro|13\/100|[from] item: Leftovers\n|-damage|p1a: Enamorus|82\/100 tox|[from] psn\n|upkeep\n|turn|61\n|\n|t:|1701082983\n|move|p2a: Slowbro|Protect|p2a: Slowbro\n|-singleturn|p2a: Slowbro|Protect\n|move|p1a: Enamorus|Moonblast|p2a: Slowbro\n|-activate|p2a: Slowbro|move: Protect\n|\n|-heal|p2a: Slowbro|19\/100|[from] item: Leftovers\n|-damage|p1a: Enamorus|63\/100 tox|[from] psn\n|upkeep\n|turn|62\n|\n|t:|1701082987\n|switch|p2a: Chansey|Chansey, F|75\/100\n|move|p1a: Enamorus|Moonblast|p2a: Chansey\n|-damage|p2a: Chansey|50\/100\n|\n|-damage|p1a: Enamorus|38\/100 tox|[from] psn\n|upkeep\n|turn|63\n|\n|t:|1701082991\n|move|p2a: Chansey|Protect|p2a: Chansey\n|-singleturn|p2a: Chansey|Protect\n|move|p1a: Enamorus|Moonblast|p2a: Chansey\n|-activate|p2a: Chansey|move: Protect\n|\n|-damage|p1a: Enamorus|7\/100 tox|[from] psn\n|upkeep\n|turn|64\n|\n|t:|1701082992\n|move|p1a: Enamorus|Moonblast|p2a: Chansey\n|-damage|p2a: Chansey|28\/100\n|move|p2a: Chansey|Soft-Boiled|p2a: Chansey\n|-heal|p2a: Chansey|78\/100\n|\n|-damage|p1a: Enamorus|0 fnt|[from] psn\n|faint|p1a: Enamorus\n|upkeep\n|\n|t:|1701082994\n|switch|p1a: Zeraora|Zeraora, tera:Electric|100\/100\n|turn|65\n|\n|t:|1701082997\n|move|p2a: Chansey|Protect|p2a: Chansey\n|-singleturn|p2a: Chansey|Protect\n|move|p1a: Zeraora|Toxic|p2a: Chansey\n|-activate|p2a: Chansey|move: Protect\n|\n|upkeep\n|turn|66\n|\n|t:|1701082999\n|move|p1a: Zeraora|Toxic|p2a: Chansey\n|-status|p2a: Chansey|tox\n|move|p2a: Chansey|Toxic|p1a: Zeraora\n|-status|p1a: Zeraora|tox\n|\n|-damage|p1a: Zeraora|95\/100 tox|[from] psn\n|-damage|p2a: Chansey|72\/100 tox|[from] psn\n|upkeep\n|turn|67\n|\n|t:|1701083003\n|move|p1a: Zeraora|Plasma Fists|p2a: Chansey\n|-damage|p2a: Chansey|34\/100 tox\n|-fieldactivate|move: Ion Deluge\n|-hint|Normal-type moves become Electric-type after using Plasma Fists.\n|move|p2a: Chansey|Heal Bell|p2a: Chansey\n|-activate|p2a: Chansey|move: Heal Bell\n|-curestatus|p2a: Chansey|tox|[msg]\n|\n|-damage|p1a: Zeraora|83\/100 tox|[from] psn\n|upkeep\n|turn|68\n|\n|t:|1701083006\n|move|p2a: Chansey|Protect|p2a: Chansey\n|-singleturn|p2a: Chansey|Protect\n|move|p1a: Zeraora|Plasma Fists|p2a: Chansey\n|-activate|p2a: Chansey|move: Protect\n|\n|-damage|p1a: Zeraora|65\/100 tox|[from] psn\n|upkeep\n|turn|69\n|\n|t:|1701083009\n|move|p1a: Zeraora|Plasma Fists|p2a: Chansey\n|-damage|p2a: Chansey|0 fnt\n|-fieldactivate|move: Ion Deluge\n|-hint|Normal-type moves become Electric-type after using Plasma Fists.\n|faint|p2a: Chansey\n|\n|-damage|p1a: Zeraora|41\/100 tox|[from] psn\n|upkeep\n|\n|t:|1701083012\n|switch|p2a: Slowbro|Slowbro, F|53\/100\n|turn|70\n|\n|t:|1701083015\n|move|p2a: Slowbro|Protect|p2a: Slowbro\n|-singleturn|p2a: Slowbro|Protect\n|move|p1a: Zeraora|Plasma Fists|p2a: Slowbro\n|-activate|p2a: Slowbro|move: Protect\n|\n|-heal|p2a: Slowbro|59\/100|[from] item: Leftovers\n|-damage|p1a: Zeraora|11\/100 tox|[from] psn\n|upkeep\n|turn|71\n|c|\u2606CrowleyTKTM|DAMMIT\n|\n|t:|1701083025\n|move|p2a: Slowbro|Protect||[still]\n|-fail|p2a: Slowbro\n|move|p1a: Zeraora|Plasma Fists|p2a: Slowbro\n|-supereffective|p2a: Slowbro\n|-damage|p2a: Slowbro|0 fnt\n|-fieldactivate|move: Ion Deluge\n|-hint|Normal-type moves become Electric-type after using Plasma Fists.\n|faint|p2a: Slowbro\n|\n|win|CrowleyTKTM\n|raw|CrowleyTKTM's rating: 1132 &rarr; <strong>1157<\/strong><br \/>(+25 for winning)\n|raw|Kyuhiro's rating: 1136 &rarr; <strong>1111<\/strong><br \/>(-25 for losing)\n|l|\u2606Kyuhiro\n|c|\u2606CrowleyTKTM|YOOO LETS GOO\n|c|\u2606CrowleyTKTM|GGS\n","uploadtime":1701083041,"views":37,"p1id":"crowleytktm","p2id":"kyuhiro","formatid":"gen9nationaldex","rating":1111,"private":0,"password":""}