{"id":"gen9nationaldex-1989300293","p1":"Pegas04forever","p2":"schoolteen","format":"[Gen 9] National Dex","log":"|j|\u2606Pegas04forever\n|j|\u2606schoolteen\n|t:|1699833647\n|gametype|singles\n|player|p1|Pegas04forever|backersf|1127\n|player|p2|schoolteen|clerk|1067\n|teamsize|p1|6\n|teamsize|p2|6\n|gen|9\n|tier|[Gen 9] National Dex\n|rated|\n|rule|HP Percentage Mod: HP is shown in percentages\n|rule|Endless Battle Clause: Forcing endless battles is banned\n|rule|OHKO Clause: OHKO moves are banned\n|rule|Evasion Clause: Evasion abilities, items, and moves are banned\n|rule|Evasion Abilities Clause: Evasion abilities are banned\n|rule|Evasion Items Clause: Evasion items are banned\n|rule|Evasion Moves Clause: Evasion moves are banned\n|rule|Species Clause: Limit one of each Pok\u00e9mon\n|rule|Sleep Clause Mod: Limit one foe put to sleep\n|clearpoke\n|poke|p1|Oricorio-Pom-Pom, F|\n|poke|p1|Minior|\n|poke|p1|Noivern, M|\n|poke|p1|Articuno|\n|poke|p1|Celesteela|\n|poke|p1|Jumpluff, M|\n|poke|p2|Marowak-Alola, F|\n|poke|p2|Keldeo-Resolute|\n|poke|p2|Latias, F|\n|poke|p2|Celesteela|\n|poke|p2|Iron Leaves|\n|poke|p2|Barraskewda, M|\n|teampreview\n|\n|t:|1699833656\n|start\n|switch|p1a: Jumpluff|Jumpluff, M|100\/100\n|switch|p2a: Marowak|Marowak-Alola, F|100\/100\n|turn|1\n|\n|t:|1699833663\n|move|p1a: Jumpluff|Tailwind|p1a: Jumpluff\n|-sidestart|p1: Pegas04forever|move: Tailwind\n|move|p2a: Marowak|Fire Punch|p1a: Jumpluff\n|-supereffective|p1a: Jumpluff\n|-crit|p1a: Jumpluff\n|-damage|p1a: Jumpluff|0 fnt\n|faint|p1a: Jumpluff\n|\n|upkeep\n|\n|t:|1699833677\n|switch|p1a: Oricorio|Oricorio-Pom-Pom, F, shiny|100\/100\n|turn|2\n|\n|t:|1699833684\n|move|p1a: Oricorio|Teeter Dance|p2a: Marowak\n|-start|p2a: Marowak|confusion\n|-activate|p2a: Marowak|confusion\n|move|p2a: Marowak|Shadow Bone|p1a: Oricorio\n|-damage|p1a: Oricorio|38\/100\n|\n|upkeep\n|turn|3\n|\n|t:|1699833690\n|move|p1a: Oricorio|Quiver Dance|p1a: Oricorio\n|-boost|p1a: Oricorio|spa|1\n|-boost|p1a: Oricorio|spd|1\n|-boost|p1a: Oricorio|spe|1\n|-end|p2a: Marowak|confusion\n|move|p2a: Marowak|Knock Off|p1a: Oricorio\n|-damage|p1a: Oricorio|0 fnt\n|-enditem|p1a: Oricorio|Focus Sash|[from] move: Knock Off|[of] p2a: Marowak\n|faint|p1a: Oricorio\n|\n|upkeep\n|\n|t:|1699833696\n|switch|p1a: Minior|Minior, shiny|100\/100\n|-formechange|p1a: Minior|Minior-Meteor||[from] ability: Shields Down\n|turn|4\n|\n|t:|1699833703\n|move|p1a: Minior|Shell Smash|p1a: Minior\n|-unboost|p1a: Minior|def|1\n|-unboost|p1a: Minior|spd|1\n|-boost|p1a: Minior|atk|2\n|-boost|p1a: Minior|spa|2\n|-boost|p1a: Minior|spe|2\n|-enditem|p1a: Minior|White Herb\n|-clearnegativeboost|p1a: Minior|[silent]\n|move|p2a: Marowak|Shadow Bone|p1a: Minior\n|-damage|p1a: Minior|10\/100\n|\n|-sideend|p1: Pegas04forever|move: Tailwind\n|-formechange|p1a: Minior|Minior||[from] ability: Shields Down\n|upkeep\n|turn|5\n|\n|t:|1699833714\n|move|p1a: Minior|Earthquake|p2a: Marowak\n|-supereffective|p2a: Marowak\n|-crit|p2a: Marowak\n|-damage|p2a: Marowak|0 fnt\n|faint|p2a: Marowak\n|\n|upkeep\n|\n|t:|1699833720\n|switch|p2a: Celesteela|Celesteela|100\/100\n|turn|6\n|\n|t:|1699833726\n|move|p1a: Minior|Stone Edge|p2a: Celesteela|[miss]\n|-miss|p1a: Minior|p2a: Celesteela\n|move|p2a: Celesteela|Flame Charge|p1a: Minior\n|-resisted|p1a: Minior\n|-damage|p1a: Minior|0 fnt\n|-boost|p2a: Celesteela|spe|1\n|faint|p1a: Minior\n|-ability|p2a: Celesteela|Beast Boost|boost\n|-boost|p2a: Celesteela|atk|1\n|\n|upkeep\n|\n|t:|1699833736\n|switch|p1a: Articuno|Articuno|100\/100\n|-ability|p1a: Articuno|Pressure\n|turn|7\n|\n|t:|1699833743\n|move|p2a: Celesteela|Heavy Slam|p1a: Articuno\n|-supereffective|p1a: Articuno\n|-damage|p1a: Articuno|0 fnt\n|faint|p1a: Articuno\n|-ability|p2a: Celesteela|Beast Boost|boost\n|-boost|p2a: Celesteela|atk|1\n|\n|upkeep\n|\n|t:|1699833746\n|switch|p1a: Noivern|Noivern, M|100\/100\n|turn|8\n|\n|t:|1699833751\n|move|p1a: Noivern|Flamethrower|p2a: Celesteela\n|-supereffective|p2a: Celesteela\n|-damage|p2a: Celesteela|35\/100\n|-enditem|p2a: Celesteela|Weakness Policy\n|-boost|p2a: Celesteela|atk|2|[from] item: Weakness Policy\n|-boost|p2a: Celesteela|spa|2|[from] item: Weakness Policy\n|move|p2a: Celesteela|Smack Down|p1a: Noivern\n|-supereffective|p1a: Noivern\n|-damage|p1a: Noivern|0 fnt\n|faint|p1a: Noivern\n|-ability|p2a: Celesteela|Beast Boost|boost\n|-boost|p2a: Celesteela|atk|1\n|\n|upkeep\n|\n|t:|1699833755\n|switch|p1a: Celesteela|Celesteela|100\/100\n|turn|9\n|\n|t:|1699833762\n|move|p2a: Celesteela|Flame Charge|p1a: Celesteela\n|-supereffective|p1a: Celesteela\n|-damage|p1a: Celesteela|37\/100\n|-boost|p2a: Celesteela|spe|1\n|move|p1a: Celesteela|Flamethrower|p2a: Celesteela\n|-supereffective|p2a: Celesteela\n|-damage|p2a: Celesteela|0 fnt\n|faint|p2a: Celesteela\n|-ability|p1a: Celesteela|Beast Boost|boost\n|-boost|p1a: Celesteela|def|1\n|\n|-heal|p1a: Celesteela|43\/100|[from] item: Leftovers\n|upkeep\n|\n|t:|1699833770\n|switch|p2a: Latias|Latias, F|100\/100\n|turn|10\n|\n|t:|1699833778\n|detailschange|p2a: Latias|Latias-Mega, F\n|-mega|p2a: Latias|Latias|Latiasite\n|move|p2a: Latias|Mystical Fire|p1a: Celesteela\n|-supereffective|p1a: Celesteela\n|-crit|p1a: Celesteela\n|-damage|p1a: Celesteela|0 fnt\n|faint|p1a: Celesteela\n|\n|win|schoolteen\n|raw|Pegas04forever's rating: 1127 &rarr; <strong>1098<\/strong><br \/>(-29 for losing)\n|raw|schoolteen's rating: 1067 &rarr; <strong>1102<\/strong><br \/>(+35 for winning)\n|l|\u2606Pegas04forever\n","uploadtime":1699833797,"views":9,"p1id":"pegas04forever","p2id":"schoolteen","formatid":"gen9nationaldex","rating":1098,"private":0,"password":""}