{"id":"gen9nationaldex-1997009686","p1":"Delreynan","p2":"jgjvg","format":"[Gen 9] National Dex","log":"|html|<div class=\"broadcast-blue\"><strong>[Gen 9] National Dex is currently suspecting Sneasler! For information on how to participate check out the <a href=\"https:\/\/www.smogon.com\/forums\/threads\/sv-national-dex-suspect-8-just-dance.3731534\/\">suspect thread<\/a>.<\/strong><\/div>\n|j|\u2606Delreynan\n|j|\u2606jgjvg\n|t:|1700755273\n|gametype|singles\n|player|p1|Delreynan|cynthia-gen4|1003\n|player|p2|jgjvg|veteran|1045\n|teamsize|p1|6\n|teamsize|p2|6\n|gen|9\n|tier|[Gen 9] National Dex\n|rated|\n|rule|HP Percentage Mod: HP is shown in percentages\n|rule|Endless Battle Clause: Forcing endless battles is banned\n|rule|OHKO Clause: OHKO moves are banned\n|rule|Evasion Clause: Evasion abilities, items, and moves are banned\n|rule|Evasion Abilities Clause: Evasion abilities are banned\n|rule|Evasion Items Clause: Evasion items are banned\n|rule|Evasion Moves Clause: Evasion moves are banned\n|rule|Species Clause: Limit one of each Pok\u00e9mon\n|rule|Sleep Clause Mod: Limit one foe put to sleep\n|clearpoke\n|poke|p1|Alcremie, F|\n|poke|p1|Dachsbun, F|\n|poke|p1|Cherrim, F|\n|poke|p1|Tatsugiri, M|\n|poke|p1|Poltchageist|\n|poke|p1|Vanilluxe, M|\n|poke|p2|Tirtouga, L1, M|\n|poke|p2|Skarmory, L1, F|\n|poke|p2|Riolu, M|\n|poke|p2|Grafaiai, F|\n|poke|p2|Salazzle, F|\n|poke|p2|Pineco, L1, M|\n|teampreview\n|inactive|Battle timer is ON: inactive players will automatically lose when time's up. (requested by jgjvg)\n|\n|t:|1700755284\n|start\n|switch|p1a: Cherrim|Cherrim, F|100\/100\n|switch|p2a: Pineco|Pineco, L1, M|100\/100\n|turn|1\n|c|\u2606jgjvg|Glhf\n|\n|t:|1700755313\n|move|p1a: Cherrim|Sunny Day|p1a: Cherrim\n|-weather|SunnyDay\n|-formechange|p1a: Cherrim|Cherrim-Sunshine|[msg]|[from] ability: Flower Gift\n|move|p2a: Pineco|Toxic Spikes|p1a: Cherrim\n|-sidestart|p1: Delreynan|move: Toxic Spikes\n|\n|-weather|SunnyDay|[upkeep]\n|upkeep\n|turn|2\n|\n|t:|1700755325\n|move|p1a: Cherrim|Weather Ball|p2a: Pineco\n|-supereffective|p2a: Pineco\n|-ability|p2a: Pineco|Sturdy\n|-damage|p2a: Pineco|9\/100\n|-enditem|p2a: Pineco|Berry Juice\n|-heal|p2a: Pineco|100\/100|[from] item: Berry Juice\n|move|p2a: Pineco|Toxic Spikes|p1a: Cherrim\n|-sidestart|p1: Delreynan|move: Toxic Spikes\n|\n|-weather|SunnyDay|[upkeep]\n|upkeep\n|turn|3\n|\n|t:|1700755338\n|move|p1a: Cherrim|Leech Seed|p2a: Pineco\n|-start|p2a: Pineco|move: Leech Seed\n|move|p2a: Pineco|Toxic|p1a: Cherrim\n|-status|p1a: Cherrim|tox\n|\n|-weather|SunnyDay|[upkeep]\n|-damage|p2a: Pineco|92\/100|[from] Leech Seed|[of] p1a: Cherrim\n|-damage|p1a: Cherrim|94\/100 tox|[from] psn\n|upkeep\n|turn|4\n|\n|t:|1700755348\n|move|p1a: Cherrim|Weather Ball|p2a: Pineco\n|-supereffective|p2a: Pineco\n|-damage|p2a: Pineco|0 fnt\n|faint|p2a: Pineco\n|\n|-weather|SunnyDay|[upkeep]\n|-damage|p1a: Cherrim|82\/100 tox|[from] psn\n|upkeep\n|\n|t:|1700755352\n|switch|p2a: Salazzle|Salazzle, F|100\/100\n|turn|5\n|\n|t:|1700755361\n|switch|p1a: Dachsbun|Dachsbun, F|100\/100\n|-status|p1a: Dachsbun|tox\n|move|p2a: Salazzle|Flamethrower|p1a: Dachsbun\n|-ability|p1a: Dachsbun|Well-Baked Body|boost\n|-boost|p1a: Dachsbun|def|2\n|\n|-weather|none\n|-damage|p1a: Dachsbun|95\/100 tox|[from] psn\n|upkeep\n|turn|6\n|\n|t:|1700755367\n|-terastallize|p1a: Dachsbun|Steel\n|move|p2a: Salazzle|Taunt|p1a: Dachsbun\n|-start|p1a: Dachsbun|move: Taunt\n|cant|p1a: Dachsbun|move: Taunt|Yawn\n|\n|-heal|p1a: Dachsbun|100\/100 tox|[from] item: Leftovers\n|-damage|p1a: Dachsbun|89\/100 tox|[from] psn\n|upkeep\n|turn|7\n|\n|t:|1700755385\n|switch|p2a: Skarmory|Skarmory, L1, F|100\/100\n|move|p1a: Dachsbun|Body Press|p2a: Skarmory\n|-ability|p2a: Skarmory|Sturdy\n|-damage|p2a: Skarmory|9\/100\n|\n|-heal|p1a: Dachsbun|95\/100 tox|[from] item: Leftovers\n|-damage|p2a: Skarmory|0 fnt|[from] item: Black Sludge\n|faint|p2a: Skarmory\n|-damage|p1a: Dachsbun|77\/100 tox|[from] psn\n|upkeep\n|\n|t:|1700755391\n|switch|p2a: Tirtouga|Tirtouga, L1, M|100\/100\n|turn|8\n|\n|t:|1700755394\n|move|p1a: Dachsbun|Body Press|p2a: Tirtouga\n|-supereffective|p2a: Tirtouga\n|-ability|p2a: Tirtouga|Sturdy\n|-damage|p2a: Tirtouga|9\/100\n|move|p2a: Tirtouga|Dig||[still]\n|-prepare|p2a: Tirtouga|Dig\n|\n|-heal|p1a: Dachsbun|83\/100 tox|[from] item: Leftovers\n|-damage|p2a: Tirtouga|0 fnt|[from] item: Black Sludge\n|faint|p2a: Tirtouga\n|-damage|p1a: Dachsbun|59\/100 tox|[from] psn\n|-end|p1a: Dachsbun|move: Taunt\n|upkeep\n|\n|t:|1700755411\n|switch|p2a: Grafaiai|Grafaiai, F|100\/100\n|turn|9\n|\n|t:|1700755417\n|move|p2a: Grafaiai|Copycat|p2a: Grafaiai\n|move|p2a: Grafaiai|Dig||[from]move: Copycat|[still]\n|-prepare|p2a: Grafaiai|Dig\n|move|p1a: Dachsbun|Wish|p1a: Dachsbun\n|\n|-heal|p1a: Dachsbun|65\/100 tox|[from] item: Leftovers\n|-damage|p1a: Dachsbun|35\/100 tox|[from] psn\n|upkeep\n|turn|10\n|\n|t:|1700755423\n|move|p2a: Grafaiai|Dig|p1a: Dachsbun|[from]lockedmove\n|-supereffective|p1a: Dachsbun\n|-damage|p1a: Dachsbun|18\/100 tox\n|move|p1a: Dachsbun|Body Press|p2a: Grafaiai\n|-enditem|p2a: Grafaiai|Focus Sash\n|-damage|p2a: Grafaiai|1\/100\n|\n|-heal|p1a: Dachsbun|68\/100 tox|[from] move: Wish|[wisher] Dachsbun\n|-heal|p1a: Dachsbun|74\/100 tox|[from] item: Leftovers\n|-damage|p1a: Dachsbun|39\/100 tox|[from] psn\n|upkeep\n|turn|11\n|-message|jgjvg forfeited.\n|\n|win|Delreynan\n|raw|Delreynan's rating: 1003 &rarr; <strong>1047<\/strong><br \/>(+44 for winning)\n|raw|jgjvg's rating: 1045 &rarr; <strong>1026<\/strong><br \/>(-19 for losing)\n|l|\u2606jgjvg\n","uploadtime":1700755449,"views":0,"p1id":"delreynan","p2id":"jgjvg","formatid":"gen9nationaldex","rating":1026,"private":0,"password":""}