{"id":"gen9nationaldex-1991347911","p1":"Costulo","p2":"5quephy","format":"[Gen 9] National Dex","log":"|j|\u2606Costulo\n|j|\u26065quephy\n|t:|1700069629\n|gametype|singles\n|player|p1|Costulo|265|1110\n|player|p2|5quephy|102|1135\n|teamsize|p1|6\n|teamsize|p2|6\n|gen|9\n|tier|[Gen 9] National Dex\n|rated|\n|rule|HP Percentage Mod: HP is shown in percentages\n|rule|Endless Battle Clause: Forcing endless battles is banned\n|rule|OHKO Clause: OHKO moves are banned\n|rule|Evasion Clause: Evasion abilities, items, and moves are banned\n|rule|Evasion Abilities Clause: Evasion abilities are banned\n|rule|Evasion Items Clause: Evasion items are banned\n|rule|Evasion Moves Clause: Evasion moves are banned\n|rule|Species Clause: Limit one of each Pok\u00e9mon\n|rule|Sleep Clause Mod: Limit one foe put to sleep\n|clearpoke\n|poke|p1|Cinderace, M|\n|poke|p1|Volcarona, F|\n|poke|p1|Vikavolt, M|\n|poke|p1|Flygon, M|\n|poke|p1|Torkoal, M|\n|poke|p1|Togekiss, F|\n|poke|p2|Iron Leaves|\n|poke|p2|Garganacl, F|\n|poke|p2|Greninja-*, M|\n|poke|p2|Volcarona, F|\n|poke|p2|Rotom|\n|poke|p2|Kommo-o, M|\n|teampreview\n|\n|t:|1700069651\n|start\n|switch|p1a: Josee|Togekiss, F|100\/100\n|switch|p2a: Greninja|Greninja, M|100\/100\n|turn|1\n|\n|t:|1700069663\n|switch|p1a: Sam|Torkoal, M|100\/100\n|-weather|SunnyDay|[from] ability: Drought|[of] p1a: Sam\n|move|p2a: Greninja|Ice Beam|p1a: Sam\n|-resisted|p1a: Sam\n|-damage|p1a: Sam|83\/100\n|\n|-weather|SunnyDay|[upkeep]\n|upkeep\n|turn|2\n|\n|t:|1700069671\n|move|p2a: Greninja|Water Shuriken|p1a: Sam\n|-supereffective|p1a: Sam\n|-damage|p1a: Sam|75\/100\n|-supereffective|p1a: Sam\n|-crit|p1a: Sam\n|-damage|p1a: Sam|62\/100\n|-supereffective|p1a: Sam\n|-damage|p1a: Sam|53\/100\n|-supereffective|p1a: Sam\n|-damage|p1a: Sam|44\/100\n|-supereffective|p1a: Sam\n|-damage|p1a: Sam|37\/100\n|-hitcount|p1a: Sam|5\n|move|p1a: Sam|Stealth Rock|p2a: Greninja\n|-sidestart|p2: 5quephy|move: Stealth Rock\n|\n|-weather|SunnyDay|[upkeep]\n|upkeep\n|turn|3\n|\n|t:|1700069688\n|move|p2a: Greninja|Water Shuriken|p1a: Sam\n|-supereffective|p1a: Sam\n|-damage|p1a: Sam|29\/100\n|-supereffective|p1a: Sam\n|-damage|p1a: Sam|20\/100\n|-supereffective|p1a: Sam\n|-damage|p1a: Sam|12\/100\n|-supereffective|p1a: Sam\n|-damage|p1a: Sam|3\/100\n|-supereffective|p1a: Sam\n|-damage|p1a: Sam|0 fnt\n|faint|p1a: Sam\n|-ability|p2a: Greninja|Battle Bond|boost\n|-boost|p2a: Greninja|atk|1\n|-boost|p2a: Greninja|spa|1\n|-boost|p2a: Greninja|spe|1\n|-activate|p2a: Greninja|ability: Battle Bond\n|-hitcount|p1: Sam|5\n|\n|-weather|SunnyDay|[upkeep]\n|upkeep\n|\n|t:|1700069712\n|switch|p1a: Beardo|Vikavolt, M|100\/100\n|turn|4\n|\n|t:|1700069721\n|-terastallize|p2a: Greninja|Ground\n|move|p2a: Greninja|Extrasensory|p1a: Beardo\n|-damage|p1a: Beardo|49\/100\n|move|p1a: Beardo|Volt Switch|p2a: Greninja\n|-immune|p2a: Greninja\n|\n|-weather|SunnyDay|[upkeep]\n|upkeep\n|turn|5\n|\n|t:|1700069728\n|move|p2a: Greninja|Extrasensory|p1a: Beardo\n|-damage|p1a: Beardo|2\/100\n|move|p1a: Beardo|Energy Ball|p2a: Greninja\n|-supereffective|p2a: Greninja\n|-damage|p2a: Greninja|0 fnt\n|faint|p2a: Greninja\n|\n|-weather|none\n|upkeep\n|\n|t:|1700069744\n|switch|p2a: Rotom|Rotom, shiny|100\/100\n|-damage|p2a: Rotom|88\/100|[from] Stealth Rock\n|turn|6\n|\n|t:|1700069749\n|move|p2a: Rotom|Shadow Ball|p1a: Beardo\n|-damage|p1a: Beardo|0 fnt\n|faint|p1a: Beardo\n|\n|upkeep\n|\n|t:|1700069757\n|switch|p1a: Brick|Cinderace, M|100\/100\n|turn|7\n|\n|t:|1700069764\n|move|p1a: Brick|Sucker Punch|p2a: Rotom\n|-start|p1a: Brick|typechange|Dark|[from] ability: Libero\n|-supereffective|p2a: Rotom\n|-damage|p2a: Rotom|0 fnt\n|faint|p2a: Rotom\n|\n|upkeep\n|\n|t:|1700069773\n|switch|p2a: Kommo-o|Kommo-o, M, shiny|100\/100\n|-damage|p2a: Kommo-o|94\/100|[from] Stealth Rock\n|turn|8\n|\n|t:|1700069778\n|move|p1a: Brick|U-turn|p2a: Kommo-o\n|-resisted|p2a: Kommo-o\n|-damage|p2a: Kommo-o|84\/100\n|\n|t:|1700069780\n|switch|p1a: Josee|Togekiss, F|100\/100|[from] U-turn\n|-zpower|p2a: Kommo-o\n|move|p2a: Kommo-o|Clangorous Soulblaze|p1a: Josee|[zeffect]\n|-immune|p1a: Josee\n|\n|upkeep\n|turn|9\n|\n|t:|1700069792\n|move|p2a: Kommo-o|Iron Head|p1a: Josee\n|-supereffective|p1a: Josee\n|-damage|p1a: Josee|53\/100\n|move|p1a: Josee|Dazzling Gleam|p2a: Kommo-o\n|-supereffective|p2a: Kommo-o\n|-damage|p2a: Kommo-o|0 fnt\n|faint|p2a: Kommo-o\n|\n|upkeep\n|-message|5quephy forfeited.\n|\n|win|Costulo\n|raw|Costulo's rating: 1110 &rarr; <strong>1137<\/strong><br \/>(+27 for winning)\n|raw|5quephy's rating: 1135 &rarr; <strong>1108<\/strong><br \/>(-27 for losing)\n|l|\u26065quephy\n","uploadtime":1700069820,"views":4,"p1id":"costulo","p2id":"5quephy","formatid":"gen9nationaldex","rating":1108,"private":0,"password":""}