{"id":"gen9nationaldex-1992058599","p1":"moniika","p2":"john D spiciest","format":"[Gen 9] National Dex","log":"|j|\u2606moniika\n|j|\u2606john D spiciest\n|t:|1700151603\n|gametype|singles\n|player|p1|moniika|hexmaniac-gen6|\n|player|p2|john D spiciest|emmet|\n|teamsize|p1|6\n|teamsize|p2|6\n|gen|9\n|tier|[Gen 9] National Dex\n|rule|HP Percentage Mod: HP is shown in percentages\n|rule|Endless Battle Clause: Forcing endless battles is banned\n|rule|OHKO Clause: OHKO moves are banned\n|rule|Evasion Clause: Evasion abilities, items, and moves are banned\n|rule|Evasion Abilities Clause: Evasion abilities are banned\n|rule|Evasion Items Clause: Evasion items are banned\n|rule|Evasion Moves Clause: Evasion moves are banned\n|rule|Species Clause: Limit one of each Pok\u00e9mon\n|rule|Sleep Clause Mod: Limit one foe put to sleep\n|clearpoke\n|poke|p1|Gardevoir, F|\n|poke|p1|Garchomp, F|\n|poke|p1|Bisharp, F|\n|poke|p1|Serperior, F|\n|poke|p1|Ribombee, F|\n|poke|p1|Ditto|\n|poke|p2|Tyranitar, M|\n|poke|p2|Dracozolt|\n|poke|p2|Great Tusk|\n|poke|p2|Garganacl, F|\n|poke|p2|Garchomp, F|\n|poke|p2|Rotom-Wash|\n|teampreview\n|inactive|Battle timer is ON: inactive players will automatically lose when time's up. (requested by john D spiciest)\n|inactive|moniika also wants the timer to be on.\n|c|\u2606moniika|oh\n|c|\u2606moniika|ok\n|\n|t:|1700151616\n|start\n|switch|p1a: Beezilla|Ribombee, F, shiny|100\/100\n|switch|p2a: Great Tusk|Great Tusk|100\/100\n|turn|1\n|c|\u2606moniika|bee solos\n|c|\u2606john D spiciest|nah\n|c|\u2606john D spiciest|i'd win\n|\n|t:|1700151631\n|-terastallize|p1a: Beezilla|Ghost\n|-terastallize|p2a: Great Tusk|Water\n|move|p1a: Beezilla|Sticky Web|p2a: Great Tusk\n|-sidestart|p2: john D spiciest|move: Sticky Web\n|move|p2a: Great Tusk|Rapid Spin|p1a: Beezilla\n|-immune|p1a: Beezilla\n|\n|upkeep\n|turn|2\n|c|\u2606john D spiciest|you actual fucker\n|c|\u2606moniika|nah id win\n|\n|t:|1700151654\n|move|p1a: Beezilla|Stun Spore|p2a: Great Tusk\n|-status|p2a: Great Tusk|par\n|cant|p2a: Great Tusk|par\n|\n|upkeep\n|turn|3\n|c|\u2606john D spiciest|i am at my limit\n|\n|t:|1700151664\n|move|p1a: Beezilla|Moonblast|p2a: Great Tusk\n|-damage|p2a: Great Tusk|38\/100 par\n|cant|p2a: Great Tusk|par\n|\n|upkeep\n|turn|4\n|c|\u2606moniika|LMAO\n|\n|t:|1700151676\n|move|p1a: Beezilla|Moonblast|p2a: Great Tusk\n|-damage|p2a: Great Tusk|0 fnt\n|faint|p2a: Great Tusk\n|-end|p2a: Great Tusk|Protosynthesis|[silent]\n|\n|upkeep\n|c|\u2606john D spiciest|im atb my guifckgutrjemwsnbfcke limit\n|\n|t:|1700151686\n|switch|p2a: Garganacl|Garganacl, F|100\/100\n|-activate|p2a: Garganacl|move: Sticky Web\n|-unboost|p2a: Garganacl|spe|1\n|turn|5\n|\n|t:|1700151695\n|move|p1a: Beezilla|Skill Swap|p2a: Garganacl\n|-activate|p1a: Beezilla|move: Skill Swap|Purifying Salt|Shield Dust|[of] p2a: Garganacl\n|move|p2a: Garganacl|Iron Defense|p2a: Garganacl\n|-boost|p2a: Garganacl|def|2\n|\n|upkeep\n|turn|6\n|\n|t:|1700151701\n|move|p1a: Beezilla|Stun Spore|p2a: Garganacl\n|-status|p2a: Garganacl|par\n|cant|p2a: Garganacl|par\n|\n|upkeep\n|turn|7\n|c|\u2606john D spiciest|nmsn\n|c|\u2606john D spiciest|ednwsufcbwe'\n|c|\u2606john D spiciest|rbfwhiorfeahfor[ow43htqy4we\n|c|\u2606john D spiciest|]bhuiasfpgzvfbi;qehfrw\n|c|\u2606moniika|what's WRONG\n|\n|t:|1700151718\n|switch|p2a: Tyranitar|Tyranitar, M|100\/100\n|-activate|p2a: Tyranitar|move: Sticky Web\n|-unboost|p2a: Tyranitar|spe|1\n|-weather|Sandstorm|[from] ability: Sand Stream|[of] p2a: Tyranitar\n|move|p1a: Beezilla|Moonblast|p2a: Tyranitar\n|-supereffective|p2a: Tyranitar\n|-damage|p2a: Tyranitar|54\/100\n|\n|-weather|Sandstorm|[upkeep]\n|-damage|p1a: Beezilla|94\/100|[from] Sandstorm\n|upkeep\n|turn|8\n|\n|t:|1700151730\n|move|p1a: Beezilla|Stun Spore|p2a: Tyranitar\n|-status|p2a: Tyranitar|par\n|move|p2a: Tyranitar|Pursuit|p1a: Beezilla\n|-supereffective|p1a: Beezilla\n|-damage|p1a: Beezilla|0 fnt\n|faint|p1a: Beezilla\n|\n|-weather|Sandstorm|[upkeep]\n|upkeep\n|c|\u2606john D spiciest|fucking FINALLY\n|c|\u2606john D spiciest|EAT SHIT\n|\n|t:|1700151743\n|switch|p1a: Hurtcore|Garchomp, F, shiny|100\/100\n|turn|9\n|\n|t:|1700151749\n|switch|p2a: Rotom|Rotom-Wash|100\/100\n|move|p1a: Hurtcore|Swords Dance|p1a: Hurtcore\n|-boost|p1a: Hurtcore|atk|2\n|\n|-weather|Sandstorm|[upkeep]\n|-damage|p2a: Rotom|94\/100|[from] Sandstorm\n|-heal|p2a: Rotom|100\/100|[from] item: Leftovers\n|upkeep\n|turn|10\n|\n|t:|1700151759\n|switch|p1a: Zankaoka|Bisharp, F, shiny|100\/100\n|move|p2a: Rotom|Will-O-Wisp|p1a: Zankaoka\n|-status|p1a: Zankaoka|brn\n|\n|-weather|Sandstorm|[upkeep]\n|-damage|p2a: Rotom|94\/100|[from] Sandstorm\n|-heal|p2a: Rotom|100\/100|[from] item: Leftovers\n|-damage|p1a: Zankaoka|95\/100 brn|[from] brn\n|upkeep\n|turn|11\n|c|\u2606john D spiciest|shalacked\n|c|\u2606moniika|wow ok\n|c|\u2606john D spiciest|predicted\n|c|\u2606john D spiciest|agency foresight\n|\n|t:|1700151772\n|move|p1a: Zankaoka|Knock Off|p2a: Rotom\n|-damage|p2a: Rotom|81\/100\n|-enditem|p2a: Rotom|Leftovers|[from] move: Knock Off|[of] p1a: Zankaoka\n|move|p2a: Rotom|Volt Switch|p1a: Zankaoka\n|-damage|p1a: Zankaoka|68\/100 brn\n|\n|t:|1700151775\n|switch|p2a: Garchomp|Garchomp, F|100\/100|[from] Volt Switch\n|-activate|p2a: Garchomp|move: Sticky Web\n|-unboost|p2a: Garchomp|spe|1\n|\n|-weather|Sandstorm|[upkeep]\n|-damage|p1a: Zankaoka|62\/100 brn|[from] brn\n|upkeep\n|turn|12\n|c|\u2606moniika|I'm the goat evil eviolite\n|c|\u2606moniika|nah I'd win\n|inactive|moniika has 270 seconds left.\n|c|\u2606moniika|is that mega\n|c|\u2606john D spiciest|yes\n|c|\u2606moniika|ok\n|\n|t:|1700151820\n|detailschange|p2a: Garchomp|Garchomp-Mega, F\n|-mega|p2a: Garchomp|Garchomp|Garchompite\n|move|p1a: Zankaoka|Iron Head|p2a: Garchomp\n|-damage|p2a: Garchomp|81\/100\n|move|p2a: Garchomp|Swords Dance|p2a: Garchomp\n|-boost|p2a: Garchomp|atk|2\n|\n|-weather|Sandstorm|[upkeep]\n|-damage|p1a: Zankaoka|56\/100 brn|[from] brn\n|upkeep\n|turn|13\n|c|\u2606moniika|watch this flinch\n|\n|t:|1700151835\n|move|p1a: Zankaoka|Iron Head|p2a: Garchomp\n|-damage|p2a: Garchomp|61\/100\n|move|p2a: Garchomp|Earthquake|p1a: Zankaoka\n|-supereffective|p1a: Zankaoka\n|-damage|p1a: Zankaoka|0 fnt\n|faint|p1a: Zankaoka\n|\n|-weather|Sandstorm|[upkeep]\n|upkeep\n|c|\u2606john D spiciest|nah i'd eq\n|c|\u2606moniika|yuta wins\n|\n|t:|1700151849\n|switch|p1a: dingus|Ditto, shiny|100\/100\n|-transform|p1a: dingus|p2a: Garchomp|[from] ability: Imposter\n|turn|14\n|c|\u2606john D spiciest|speed drop\n|c|\u2606john D spiciest|wororororo\n|c|\u2606moniika|no scale shot\n|c|\u2606moniika|fantastic\n|\n|t:|1700151874\n|switch|p2a: Rotom|Rotom-Wash|81\/100\n|move|p1a: dingus|Earthquake|p2a: Rotom\n|-immune|p2a: Rotom|[from] ability: Levitate\n|\n|-weather|none\n|upkeep\n|turn|15\n|\n|t:|1700151881\n|switch|p1a: Frank|Serperior, F, shiny|100\/100\n|move|p2a: Rotom|Volt Switch|p1a: Frank\n|-resisted|p1a: Frank\n|-damage|p1a: Frank|86\/100\n|\n|t:|1700151884\n|switch|p2a: Dracozolt|Dracozolt|100\/100|[from] Volt Switch\n|-activate|p2a: Dracozolt|move: Sticky Web\n|-unboost|p2a: Dracozolt|spe|1\n|\n|-heal|p1a: Frank|93\/100|[from] item: Leftovers\n|upkeep\n|turn|16\n|c|\u2606moniika|why him\n|\n|t:|1700151897\n|move|p1a: Frank|Substitute|p1a: Frank\n|-start|p1a: Frank|Substitute\n|-damage|p1a: Frank|68\/100\n|move|p2a: Dracozolt|Substitute|p2a: Dracozolt\n|-start|p2a: Dracozolt|Substitute\n|-damage|p2a: Dracozolt|76\/100\n|\n|-heal|p1a: Frank|74\/100|[from] item: Leftovers\n|upkeep\n|turn|17\n|c|\u2606john D spiciest|felt like it tbh\n|c|\u2606moniika|wtf\n|\n|t:|1700151907\n|move|p1a: Frank|Leaf Storm|p2a: Dracozolt\n|-resisted|p2a: Dracozolt\n|-end|p2a: Dracozolt|Substitute\n|-boost|p1a: Frank|spa|2\n|move|p2a: Dracozolt|Fire Blast|p1a: Frank|[miss]\n|-miss|p2a: Dracozolt|p1a: Frank\n|\n|-heal|p1a: Frank|80\/100|[from] item: Leftovers\n|upkeep\n|turn|18\n|c|\u2606moniika|nah frank would win\n|c|\u2606john D spiciest|yeah im killing you with hammers\n|\n|t:|1700151923\n|move|p1a: Frank|Leaf Storm|p2a: Dracozolt\n|-resisted|p2a: Dracozolt\n|-damage|p2a: Dracozolt|16\/100\n|-boost|p1a: Frank|spa|2\n|move|p2a: Dracozolt|Fire Blast|p1a: Frank\n|-supereffective|p1a: Frank\n|-end|p1a: Frank|Substitute\n|-damage|p2a: Dracozolt|6\/100|[from] item: Life Orb\n|\n|-heal|p1a: Frank|86\/100|[from] item: Leftovers\n|upkeep\n|turn|19\n|\n|t:|1700151935\n|switch|p2a: Garganacl|Garganacl, F|100\/100 par\n|-activate|p2a: Garganacl|move: Sticky Web\n|-unboost|p2a: Garganacl|spe|1\n|move|p1a: Frank|Hidden Power|p2a: Garganacl\n|-resisted|p2a: Garganacl\n|-damage|p2a: Garganacl|89\/100 par\n|\n|-heal|p1a: Frank|92\/100|[from] item: Leftovers\n|-heal|p2a: Garganacl|95\/100 par|[from] item: Leftovers\n|upkeep\n|turn|20\n|\n|t:|1700151940\n|move|p1a: Frank|Leaf Storm|p2a: Garganacl\n|-supereffective|p2a: Garganacl\n|-crit|p2a: Garganacl\n|-damage|p2a: Garganacl|0 fnt\n|-boost|p1a: Frank|spa|2\n|faint|p2a: Garganacl\n|\n|-heal|p1a: Frank|98\/100|[from] item: Leftovers\n|upkeep\n|\n|t:|1700151943\n|switch|p2a: Tyranitar|Tyranitar, M|54\/100 par\n|-activate|p2a: Tyranitar|move: Sticky Web\n|-unboost|p2a: Tyranitar|spe|1\n|-weather|Sandstorm|[from] ability: Sand Stream|[of] p2a: Tyranitar\n|turn|21\n|\n|t:|1700151954\n|move|p1a: Frank|Leaf Storm|p2a: Tyranitar\n|-supereffective|p2a: Tyranitar\n|-crit|p2a: Tyranitar\n|-damage|p2a: Tyranitar|0 fnt\n|faint|p2a: Tyranitar\n|\n|-weather|Sandstorm|[upkeep]\n|-damage|p1a: Frank|92\/100|[from] Sandstorm\n|-heal|p1a: Frank|98\/100|[from] item: Leftovers\n|upkeep\n|\n|t:|1700151958\n|switch|p2a: Dracozolt|Dracozolt|6\/100\n|-activate|p2a: Dracozolt|move: Sticky Web\n|-unboost|p2a: Dracozolt|spe|1\n|turn|22\n|c|\u2606john D spiciest|is that max speed\n|\n|t:|1700151975\n|move|p1a: Frank|Substitute|p1a: Frank\n|-start|p1a: Frank|Substitute\n|-damage|p1a: Frank|74\/100\n|move|p2a: Dracozolt|Bolt Beak|p1a: Frank\n|-resisted|p1a: Frank\n|-end|p1a: Frank|Substitute\n|-damage|p2a: Dracozolt|0 fnt|[from] item: Life Orb\n|faint|p2a: Dracozolt\n|\n|-weather|Sandstorm|[upkeep]\n|-damage|p1a: Frank|67\/100|[from] Sandstorm\n|-heal|p1a: Frank|74\/100|[from] item: Leftovers\n|upkeep\n|c|\u2606moniika|ye\n|c|\u2606john D spiciest|man\n|c|\u2606john D spiciest|this game sucks ass ngl\n|\n|t:|1700151987\n|switch|p2a: Garchomp|Garchomp-Mega, F|61\/100\n|-activate|p2a: Garchomp|move: Sticky Web\n|-unboost|p2a: Garchomp|spe|1\n|turn|23\n|c|\u2606moniika|died to sand\n|c|\u2606john D spiciest|glare\n|\n|t:|1700151992\n|move|p1a: Frank|Leaf Storm|p2a: Garchomp\n|-damage|p2a: Garchomp|0 fnt\n|faint|p2a: Garchomp\n|\n|-weather|Sandstorm|[upkeep]\n|-damage|p1a: Frank|67\/100|[from] Sandstorm\n|-heal|p1a: Frank|74\/100|[from] item: Leftovers\n|upkeep\n|c|\u2606john D spiciest|i win by disqualification\n|\n|t:|1700152002\n|switch|p2a: Rotom|Rotom-Wash|81\/100\n|turn|24\n|c|\u2606moniika|fraud\n|\n|t:|1700152014\n|move|p1a: Frank|Leaf Storm|p2a: Rotom\n|-supereffective|p2a: Rotom\n|-damage|p2a: Rotom|0 fnt\n|faint|p2a: Rotom\n|\n|win|moniika\n|c|\u2606moniika|I'm so real\n","uploadtime":1700152028,"views":10,"p1id":"moniika","p2id":"johndspiciest","formatid":"gen9nationaldex","rating":0,"private":0,"password":""}