{"id":"gen9nationaldex-1996085939","p1":"Saltator","p2":"pokpp","format":"[Gen 9] National Dex","log":"|html|<div class=\"broadcast-blue\"><strong>[Gen 9] National Dex is currently suspecting Sneasler! For information on how to participate check out the <a href=\"https:\/\/www.smogon.com\/forums\/threads\/sv-national-dex-suspect-8-just-dance.3731534\/\">suspect thread<\/a>.<\/strong><\/div>\n|j|\u2606Saltator\n|j|\u2606pokpp\n|t:|1700641766\n|gametype|singles\n|player|p1|Saltator|ghetsis|1342\n|player|p2|pokpp|grimsley|1261\n|teamsize|p1|6\n|teamsize|p2|6\n|gen|9\n|tier|[Gen 9] National Dex\n|rated|\n|rule|HP Percentage Mod: HP is shown in percentages\n|rule|Endless Battle Clause: Forcing endless battles is banned\n|rule|OHKO Clause: OHKO moves are banned\n|rule|Evasion Clause: Evasion abilities, items, and moves are banned\n|rule|Evasion Abilities Clause: Evasion abilities are banned\n|rule|Evasion Items Clause: Evasion items are banned\n|rule|Evasion Moves Clause: Evasion moves are banned\n|rule|Species Clause: Limit one of each Pok\u00e9mon\n|rule|Sleep Clause Mod: Limit one foe put to sleep\n|clearpoke\n|poke|p1|Salazzle, F|\n|poke|p1|Magnemite, L1|\n|poke|p1|Probopass, L2, F|\n|poke|p1|Mandibuzz, F|\n|poke|p1|Nosepass, L1, F|\n|poke|p1|Tentacruel, M|\n|poke|p2|Blaziken, M|\n|poke|p2|Gliscor, M|\n|poke|p2|Charizard, F|\n|poke|p2|Ogerpon, F|\n|poke|p2|Iron Valiant|\n|poke|p2|Hoopa-Unbound|\n|teampreview\n|inactive|Battle timer is ON: inactive players will automatically lose when time's up. (requested by pokpp)\n|\n|t:|1700641792\n|start\n|switch|p1a: Sh\ud83d\udca9tsquid|Tentacruel, M|100\/100\n|switch|p2a: Gliscor|Gliscor, M|100\/100\n|turn|1\n|\n|t:|1700641799\n|switch|p2a: Ogerpon|Ogerpon, F|100\/100\n|move|p1a: Sh\ud83d\udca9tsquid|Knock Off|p2a: Ogerpon\n|-damage|p2a: Ogerpon|81\/100\n|-enditem|p2a: Ogerpon|Choice Band|[from] move: Knock Off|[of] p1a: Sh\ud83d\udca9tsquid\n|\n|upkeep\n|turn|2\n|\n|t:|1700641805\n|-terastallize|p2a: Ogerpon|Grass\n|detailschange|p2a: Ogerpon|Ogerpon-Teal-Tera, F, tera:Grass\n|-ability|p2a: Ogerpon|Embody Aspect (Teal)|boost\n|-boost|p2a: Ogerpon|spe|1\n|move|p2a: Ogerpon|Ivy Cudgel|p1a: Sh\ud83d\udca9tsquid\n|-damage|p1a: Sh\ud83d\udca9tsquid|13\/100\n|move|p1a: Sh\ud83d\udca9tsquid|Toxic|p2a: Ogerpon\n|-status|p2a: Ogerpon|tox\n|\n|-heal|p1a: Sh\ud83d\udca9tsquid|19\/100|[from] item: Leftovers\n|-damage|p2a: Ogerpon|75\/100 tox|[from] psn\n|upkeep\n|turn|3\n|\n|t:|1700641814\n|switch|p1a: Sh\ud83d\udca9tbird|Mandibuzz, F|100\/100\n|move|p2a: Ogerpon|Ivy Cudgel|p1a: Sh\ud83d\udca9tbird\n|-resisted|p1a: Sh\ud83d\udca9tbird\n|-damage|p1a: Sh\ud83d\udca9tbird|82\/100\n|\n|-damage|p2a: Ogerpon|63\/100 tox|[from] psn\n|upkeep\n|turn|4\n|\n|t:|1700641818\n|move|p2a: Ogerpon|U-turn|p1a: Sh\ud83d\udca9tbird\n|-damage|p1a: Sh\ud83d\udca9tbird|69\/100\n|\n|t:|1700641821\n|switch|p2a: Blaziken|Blaziken, M|100\/100|[from] U-turn\n|move|p1a: Sh\ud83d\udca9tbird|Foul Play|p2a: Blaziken\n|-resisted|p2a: Blaziken\n|-damage|p2a: Blaziken|60\/100\n|\n|upkeep\n|turn|5\n|\n|t:|1700641828\n|move|p2a: Blaziken|Close Combat|p1a: Sh\ud83d\udca9tbird\n|-damage|p1a: Sh\ud83d\udca9tbird|24\/100\n|-unboost|p2a: Blaziken|def|1\n|-unboost|p2a: Blaziken|spd|1\n|-damage|p2a: Blaziken|50\/100|[from] item: Life Orb\n|move|p1a: Sh\ud83d\udca9tbird|Toxic|p2a: Blaziken\n|-status|p2a: Blaziken|tox\n|\n|-damage|p2a: Blaziken|44\/100 tox|[from] psn\n|-ability|p2a: Blaziken|Speed Boost|boost\n|-boost|p2a: Blaziken|spe|1\n|upkeep\n|turn|6\n|\n|t:|1700641832\n|switch|p1a: Literally Level 1|Magnemite, L1|100\/100\n|move|p2a: Blaziken|Swords Dance|p2a: Blaziken\n|-boost|p2a: Blaziken|atk|2\n|\n|-damage|p2a: Blaziken|32\/100 tox|[from] psn\n|-ability|p2a: Blaziken|Speed Boost|boost\n|-boost|p2a: Blaziken|spe|1\n|upkeep\n|turn|7\n|\n|t:|1700641839\n|move|p1a: Literally Level 1|Protect|p1a: Literally Level 1\n|-singleturn|p1a: Literally Level 1|Protect\n|move|p2a: Blaziken|Knock Off|p1a: Literally Level 1\n|-activate|p1a: Literally Level 1|move: Protect\n|\n|-damage|p2a: Blaziken|14\/100 tox|[from] psn\n|-ability|p2a: Blaziken|Speed Boost|boost\n|-boost|p2a: Blaziken|spe|1\n|upkeep\n|turn|8\n|\n|t:|1700641845\n|move|p1a: Literally Level 1|Protect||[still]\n|-fail|p1a: Literally Level 1\n|move|p2a: Blaziken|Knock Off|p1a: Literally Level 1\n|-ability|p1a: Literally Level 1|Sturdy\n|-damage|p1a: Literally Level 1|10\/100\n|-enditem|p1a: Literally Level 1|Berry Juice|[from] move: Knock Off|[of] p2a: Blaziken\n|-damage|p2a: Blaziken|4\/100 tox|[from] item: Life Orb\n|\n|-damage|p2a: Blaziken|0 fnt|[from] psn\n|faint|p2a: Blaziken\n|upkeep\n|\n|t:|1700641850\n|switch|p2a: Ogerpon|Ogerpon-Teal-Tera, F, tera:Grass|63\/100 tox\n|-ability|p2a: Ogerpon|Embody Aspect (Teal)|boost\n|-boost|p2a: Ogerpon|spe|1\n|turn|9\n|\n|t:|1700641855\n|move|p1a: Literally Level 1|Protect|p1a: Literally Level 1\n|-singleturn|p1a: Literally Level 1|Protect\n|move|p2a: Ogerpon|U-turn|p1a: Literally Level 1\n|-activate|p1a: Literally Level 1|move: Protect\n|\n|-damage|p2a: Ogerpon|57\/100 tox|[from] psn\n|upkeep\n|turn|10\n|\n|t:|1700641861\n|switch|p1a: Sh\ud83d\udca9tsquid|Tentacruel, M|19\/100\n|move|p2a: Ogerpon|U-turn|p1a: Sh\ud83d\udca9tsquid\n|-resisted|p1a: Sh\ud83d\udca9tsquid\n|-damage|p1a: Sh\ud83d\udca9tsquid|3\/100\n|\n|t:|1700641867\n|switch|p2a: Charizard|Charizard, F|100\/100|[from] U-turn\n|\n|-heal|p1a: Sh\ud83d\udca9tsquid|9\/100|[from] item: Leftovers\n|upkeep\n|turn|11\n|\n|t:|1700641888\n|move|p2a: Charizard|Air Slash|p1a: Sh\ud83d\udca9tsquid\n|-crit|p1a: Sh\ud83d\udca9tsquid\n|-damage|p1a: Sh\ud83d\udca9tsquid|0 fnt\n|faint|p1a: Sh\ud83d\udca9tsquid\n|\n|upkeep\n|\n|t:|1700641894\n|switch|p1a: Click the \u274c|Nosepass, L1, F, shiny|100\/100\n|turn|12\n|\n|t:|1700641901\n|switch|p2a: Gliscor|Gliscor, M|100\/100\n|move|p1a: Click the \u274c|Toxic|p2a: Gliscor\n|-status|p2a: Gliscor|tox\n|\n|upkeep\n|turn|13\n|\n|t:|1700641909\n|move|p1a: Click the \u274c|Magic Coat|p1a: Click the \u274c\n|-singleturn|p1a: Click the \u274c|move: Magic Coat\n|move|p2a: Gliscor|Toxic|p1a: Click the \u274c\n|move|p1a: Click the \u274c|Toxic|p2a: Gliscor|[from]Magic Coat\n|-fail|p2a: Gliscor|tox\n|\n|upkeep\n|turn|14\n|\n|t:|1700641916\n|switch|p1a: No Fun Allowed|Salazzle, F|100\/100\n|move|p2a: Gliscor|Toxic|p1a: No Fun Allowed\n|-immune|p1a: No Fun Allowed\n|\n|upkeep\n|turn|15\n|\n|t:|1700641921\n|-terastallize|p1a: No Fun Allowed|Flying\n|move|p1a: No Fun Allowed|Substitute|p1a: No Fun Allowed\n|-start|p1a: No Fun Allowed|Substitute\n|-damage|p1a: No Fun Allowed|76\/100\n|move|p2a: Gliscor|Earthquake|p1a: No Fun Allowed\n|-immune|p1a: No Fun Allowed\n|\n|-heal|p1a: No Fun Allowed|82\/100|[from] item: Leftovers\n|upkeep\n|turn|16\n|\n|t:|1700641940\n|switch|p2a: Charizard|Charizard, F|100\/100\n|move|p1a: No Fun Allowed|Flamethrower|p2a: Charizard\n|-resisted|p2a: Charizard\n|-damage|p2a: Charizard|72\/100\n|\n|-heal|p1a: No Fun Allowed|88\/100|[from] item: Leftovers\n|upkeep\n|turn|17\n|\n|t:|1700641945\n|switch|p2a: Ogerpon|Ogerpon-Teal-Tera, F, tera:Grass|57\/100 tox\n|-ability|p2a: Ogerpon|Embody Aspect (Teal)|boost\n|-boost|p2a: Ogerpon|spe|1\n|move|p1a: No Fun Allowed|Toxic|p2a: Ogerpon\n|-fail|p2a: Ogerpon|tox\n|\n|-heal|p1a: No Fun Allowed|94\/100|[from] item: Leftovers\n|-damage|p2a: Ogerpon|51\/100 tox|[from] psn\n|upkeep\n|turn|18\n|\n|t:|1700641950\n|move|p1a: No Fun Allowed|Protect|p1a: No Fun Allowed\n|-singleturn|p1a: No Fun Allowed|Protect\n|move|p2a: Ogerpon|Knock Off|p1a: No Fun Allowed\n|-activate|p1a: No Fun Allowed|move: Protect\n|\n|-heal|p1a: No Fun Allowed|99\/100|[from] item: Leftovers\n|-damage|p2a: Ogerpon|40\/100 tox|[from] psn\n|upkeep\n|turn|19\n|\n|t:|1700641958\n|move|p2a: Ogerpon|Knock Off|p1a: No Fun Allowed\n|-end|p1a: No Fun Allowed|Substitute\n|move|p1a: No Fun Allowed|Substitute|p1a: No Fun Allowed\n|-start|p1a: No Fun Allowed|Substitute\n|-damage|p1a: No Fun Allowed|75\/100\n|\n|-heal|p1a: No Fun Allowed|81\/100|[from] item: Leftovers\n|-damage|p2a: Ogerpon|22\/100 tox|[from] psn\n|upkeep\n|turn|20\n|\n|t:|1700641962\n|move|p1a: No Fun Allowed|Protect|p1a: No Fun Allowed\n|-singleturn|p1a: No Fun Allowed|Protect\n|move|p2a: Ogerpon|Knock Off|p1a: No Fun Allowed\n|-activate|p1a: No Fun Allowed|move: Protect\n|\n|-heal|p1a: No Fun Allowed|88\/100|[from] item: Leftovers\n|-damage|p2a: Ogerpon|0 fnt|[from] psn\n|faint|p2a: Ogerpon\n|upkeep\n|\n|t:|1700641966\n|switch|p2a: Iron Valiant|Iron Valiant|100\/100\n|-enditem|p2a: Iron Valiant|Booster Energy\n|-activate|p2a: Iron Valiant|ability: Quark Drive|[fromitem]\n|-start|p2a: Iron Valiant|quarkdrivespe\n|turn|21\n|\n|t:|1700641971\n|move|p2a: Iron Valiant|Encore|p1a: No Fun Allowed\n|-start|p1a: No Fun Allowed|Encore\n|move|p1a: No Fun Allowed|Protect||[still]\n|-fail|p1a: No Fun Allowed\n|\n|-heal|p1a: No Fun Allowed|94\/100|[from] item: Leftovers\n|upkeep\n|turn|22\n|\n|t:|1700641974\n|move|p1a: No Fun Allowed|Protect|p1a: No Fun Allowed\n|-singleturn|p1a: No Fun Allowed|Protect\n|move|p2a: Iron Valiant|Moonblast|p1a: No Fun Allowed\n|-activate|p1a: No Fun Allowed|move: Protect\n|\n|-heal|p1a: No Fun Allowed|99\/100|[from] item: Leftovers\n|upkeep\n|turn|23\n|\n|t:|1700641977\n|move|p1a: No Fun Allowed|Protect|p1a: No Fun Allowed\n|-singleturn|p1a: No Fun Allowed|Protect\n|move|p2a: Iron Valiant|Moonblast|p1a: No Fun Allowed\n|-activate|p1a: No Fun Allowed|move: Protect\n|\n|-heal|p1a: No Fun Allowed|100\/100|[from] item: Leftovers\n|-end|p1a: No Fun Allowed|Encore\n|upkeep\n|turn|24\n|\n|t:|1700641982\n|move|p2a: Iron Valiant|Encore|p1a: No Fun Allowed\n|-start|p1a: No Fun Allowed|Encore\n|move|p1a: No Fun Allowed|Protect||[still]\n|-fail|p1a: No Fun Allowed\n|\n|upkeep\n|turn|25\n|\n|t:|1700641984\n|move|p1a: No Fun Allowed|Protect|p1a: No Fun Allowed\n|-singleturn|p1a: No Fun Allowed|Protect\n|move|p2a: Iron Valiant|Calm Mind|p2a: Iron Valiant\n|-boost|p2a: Iron Valiant|spa|1\n|-boost|p2a: Iron Valiant|spd|1\n|\n|upkeep\n|turn|26\n|\n|t:|1700642002\n|move|p1a: No Fun Allowed|Protect|p1a: No Fun Allowed\n|-singleturn|p1a: No Fun Allowed|Protect\n|move|p2a: Iron Valiant|Moonblast|p1a: No Fun Allowed\n|-activate|p1a: No Fun Allowed|move: Protect\n|\n|-end|p1a: No Fun Allowed|Encore\n|upkeep\n|turn|27\n|\n|t:|1700642008\n|switch|p1a: Click the \u274c|Nosepass, L1, F, shiny|100\/100\n|move|p2a: Iron Valiant|Encore||[still]\n|-fail|p2a: Iron Valiant\n|\n|upkeep\n|turn|28\n|\n|t:|1700642018\n|-end|p2a: Iron Valiant|Quark Drive|[silent]\n|switch|p2a: Gliscor|Gliscor, M|100\/100 tox\n|move|p1a: Click the \u274c|Toxic|p2a: Gliscor\n|-fail|p2a: Gliscor|tox\n|\n|upkeep\n|turn|29\n|\n|t:|1700642024\n|move|p1a: Click the \u274c|Protect|p1a: Click the \u274c\n|-singleturn|p1a: Click the \u274c|Protect\n|move|p2a: Gliscor|Toxic|p1a: Click the \u274c\n|-activate|p1a: Click the \u274c|move: Protect\n|\n|upkeep\n|turn|30\n|\n|t:|1700642047\n|switch|p1a: Literally Level 1|Magnemite, L1|10\/100\n|move|p2a: Gliscor|Earthquake|p1a: Literally Level 1\n|-supereffective|p1a: Literally Level 1\n|-damage|p1a: Literally Level 1|0 fnt\n|faint|p1a: Literally Level 1\n|\n|upkeep\n|\n|t:|1700642052\n|switch|p1a: No Fun Allowed|Salazzle, F, tera:Flying|100\/100\n|turn|31\n|\n|t:|1700642058\n|move|p1a: No Fun Allowed|Toxic|p2a: Gliscor\n|-fail|p2a: Gliscor|tox\n|move|p2a: Gliscor|Earthquake|p1a: No Fun Allowed\n|-immune|p1a: No Fun Allowed\n|\n|upkeep\n|turn|32\n|\n|t:|1700642064\n|move|p1a: No Fun Allowed|Substitute|p1a: No Fun Allowed\n|-start|p1a: No Fun Allowed|Substitute\n|-damage|p1a: No Fun Allowed|76\/100\n|move|p2a: Gliscor|Toxic||[still]\n|-fail|p2a: Gliscor\n|\n|-heal|p1a: No Fun Allowed|82\/100|[from] item: Leftovers\n|upkeep\n|turn|33\n|\n|t:|1700642074\n|move|p1a: No Fun Allowed|Toxic|p2a: Gliscor\n|-fail|p2a: Gliscor|tox\n|move|p2a: Gliscor|Earthquake|p1a: No Fun Allowed\n|-immune|p1a: No Fun Allowed\n|\n|-heal|p1a: No Fun Allowed|88\/100|[from] item: Leftovers\n|upkeep\n|turn|34\n|\n|t:|1700642118\n|move|p1a: No Fun Allowed|Toxic|p2a: Gliscor\n|-fail|p2a: Gliscor|tox\n|move|p2a: Gliscor|Toxic||[still]\n|-fail|p2a: Gliscor\n|\n|-heal|p1a: No Fun Allowed|94\/100|[from] item: Leftovers\n|upkeep\n|turn|35\n|\n|t:|1700642124\n|move|p1a: No Fun Allowed|Flamethrower|p2a: Gliscor\n|-damage|p2a: Gliscor|52\/100 tox\n|move|p2a: Gliscor|Earthquake|p1a: No Fun Allowed\n|-immune|p1a: No Fun Allowed\n|\n|-heal|p1a: No Fun Allowed|99\/100|[from] item: Leftovers\n|-heal|p2a: Gliscor|65\/100 tox|[from] ability: Poison Heal\n|upkeep\n|turn|36\n|\n|t:|1700642131\n|move|p1a: No Fun Allowed|Flamethrower|p2a: Gliscor\n|-damage|p2a: Gliscor|13\/100 tox\n|move|p2a: Gliscor|Roost|p2a: Gliscor\n|-heal|p2a: Gliscor|63\/100 tox\n|-singleturn|p2a: Gliscor|move: Roost\n|\n|-heal|p1a: No Fun Allowed|100\/100|[from] item: Leftovers\n|-heal|p2a: Gliscor|76\/100 tox|[from] ability: Poison Heal\n|upkeep\n|turn|37\n|\n|t:|1700642137\n|move|p1a: No Fun Allowed|Toxic|p2a: Gliscor\n|-fail|p2a: Gliscor|tox\n|move|p2a: Gliscor|Earthquake|p1a: No Fun Allowed\n|-immune|p1a: No Fun Allowed\n|\n|-heal|p2a: Gliscor|88\/100 tox|[from] ability: Poison Heal\n|upkeep\n|turn|38\n|\n|t:|1700642147\n|move|p1a: No Fun Allowed|Flamethrower|p2a: Gliscor\n|-damage|p2a: Gliscor|40\/100 tox\n|move|p2a: Gliscor|Roost|p2a: Gliscor\n|-heal|p2a: Gliscor|90\/100 tox\n|-singleturn|p2a: Gliscor|move: Roost\n|\n|-heal|p2a: Gliscor|100\/100 tox|[from] ability: Poison Heal\n|upkeep\n|turn|39\n|\n|t:|1700642158\n|switch|p2a: Charizard|Charizard, F|72\/100\n|move|p1a: No Fun Allowed|Toxic|p2a: Charizard\n|-status|p2a: Charizard|tox\n|\n|-damage|p2a: Charizard|66\/100 tox|[from] psn\n|upkeep\n|turn|40\n|\n|t:|1700642163\n|switch|p2a: Gliscor|Gliscor, M|100\/100 tox\n|move|p1a: No Fun Allowed|Protect||[still]\n|-fail|p1a: No Fun Allowed\n|\n|upkeep\n|turn|41\n|\n|t:|1700642178\n|move|p1a: No Fun Allowed|Flamethrower|p2a: Gliscor\n|-damage|p2a: Gliscor|47\/100 tox\n|move|p2a: Gliscor|Defog||[still]\n|-fail|p2a: Gliscor\n|\n|-heal|p2a: Gliscor|59\/100 tox|[from] ability: Poison Heal\n|upkeep\n|turn|42\n|\n|t:|1700642190\n|switch|p2a: Charizard|Charizard, F|66\/100 tox\n|move|p1a: No Fun Allowed|Flamethrower|p2a: Charizard\n|-resisted|p2a: Charizard\n|-damage|p2a: Charizard|36\/100 tox\n|\n|-damage|p2a: Charizard|30\/100 tox|[from] psn\n|upkeep\n|turn|43\n|\n|t:|1700642209\n|move|p1a: No Fun Allowed|Protect|p1a: No Fun Allowed\n|-singleturn|p1a: No Fun Allowed|Protect\n|move|p2a: Charizard|Air Slash|p1a: No Fun Allowed\n|-activate|p1a: No Fun Allowed|move: Protect\n|\n|-damage|p2a: Charizard|18\/100 tox|[from] psn\n|upkeep\n|turn|44\n|\n|t:|1700642212\n|move|p1a: No Fun Allowed|Substitute|p1a: No Fun Allowed\n|-fail|p1a: No Fun Allowed|move: Substitute\n|move|p2a: Charizard|Air Slash|p1a: No Fun Allowed\n|-end|p1a: No Fun Allowed|Substitute\n|\n|-damage|p2a: Charizard|0 fnt|[from] psn\n|faint|p2a: Charizard\n|upkeep\n|\n|t:|1700642219\n|switch|p2a: Iron Valiant|Iron Valiant|100\/100\n|turn|45\n|\n|t:|1700642232\n|switch|p1a: Click the \u274c|Nosepass, L1, F, shiny|100\/100\n|move|p2a: Iron Valiant|Thunderbolt|p1a: Click the \u274c\n|-ability|p1a: Click the \u274c|Sturdy\n|-damage|p1a: Click the \u274c|10\/100\n|-enditem|p1a: Click the \u274c|Berry Juice\n|-heal|p1a: Click the \u274c|100\/100|[from] item: Berry Juice\n|\n|upkeep\n|turn|46\n|\n|t:|1700642240\n|move|p2a: Iron Valiant|Thunderbolt|p1a: Click the \u274c\n|-ability|p1a: Click the \u274c|Sturdy\n|-damage|p1a: Click the \u274c|10\/100\n|move|p1a: Click the \u274c|Toxic|p2a: Iron Valiant\n|-status|p2a: Iron Valiant|tox\n|\n|-damage|p2a: Iron Valiant|94\/100 tox|[from] psn\n|upkeep\n|turn|47\n|\n|t:|1700642248\n|move|p1a: Click the \u274c|Protect|p1a: Click the \u274c\n|-singleturn|p1a: Click the \u274c|Protect\n|move|p2a: Iron Valiant|Thunderbolt|p1a: Click the \u274c\n|-activate|p1a: Click the \u274c|move: Protect\n|\n|-damage|p2a: Iron Valiant|82\/100 tox|[from] psn\n|upkeep\n|turn|48\n|\n|t:|1700642255\n|move|p1a: Click the \u274c|Protect||[still]\n|-fail|p1a: Click the \u274c\n|move|p2a: Iron Valiant|Thunderbolt|p1a: Click the \u274c\n|-damage|p1a: Click the \u274c|0 fnt\n|faint|p1a: Click the \u274c\n|\n|-damage|p2a: Iron Valiant|63\/100 tox|[from] psn\n|upkeep\n|\n|t:|1700642266\n|switch|p1a: No Fun Allowed|Salazzle, F, tera:Flying|100\/100\n|turn|49\n|\n|t:|1700642280\n|move|p1a: No Fun Allowed|Protect|p1a: No Fun Allowed\n|-singleturn|p1a: No Fun Allowed|Protect\n|move|p2a: Iron Valiant|Thunderbolt|p1a: No Fun Allowed\n|-activate|p1a: No Fun Allowed|move: Protect\n|\n|-damage|p2a: Iron Valiant|38\/100 tox|[from] psn\n|upkeep\n|turn|50\n|\n|t:|1700642285\n|move|p1a: No Fun Allowed|Flamethrower|p2a: Iron Valiant\n|-crit|p2a: Iron Valiant\n|-damage|p2a: Iron Valiant|0 fnt\n|faint|p2a: Iron Valiant\n|-end|p2a: Iron Valiant|Quark Drive|[silent]\n|\n|upkeep\n|\n|t:|1700642288\n|switch|p2a: Hoopa|Hoopa-Unbound|100\/100\n|turn|51\n|\n|t:|1700642308\n|switch|p1a: Level2\ufe0f\u20e3Level2\ufe0f\u20e3|Probopass, L2, F, shiny|100\/100\n|move|p2a: Hoopa|Hyperspace Fury|p1a: Level2\ufe0f\u20e3Level2\ufe0f\u20e3\n|-ability|p1a: Level2\ufe0f\u20e3Level2\ufe0f\u20e3|Sturdy\n|-damage|p1a: Level2\ufe0f\u20e3Level2\ufe0f\u20e3|8\/100\n|-unboost|p2a: Hoopa|def|1\n|-enditem|p1a: Level2\ufe0f\u20e3Level2\ufe0f\u20e3|Berry Juice\n|-heal|p1a: Level2\ufe0f\u20e3Level2\ufe0f\u20e3|100\/100|[from] item: Berry Juice\n|\n|upkeep\n|turn|52\n|\n|t:|1700642314\n|switch|p2a: Gliscor|Gliscor, M|59\/100 tox\n|move|p1a: Level2\ufe0f\u20e3Level2\ufe0f\u20e3|Pain Split|p2a: Gliscor\n|-sethp|p2a: Gliscor|32\/100 tox|[from] move: Pain Split|[silent]\n|-sethp|p1a: Level2\ufe0f\u20e3Level2\ufe0f\u20e3|100\/100|[from] move: Pain Split\n|\n|-heal|p2a: Gliscor|44\/100 tox|[from] ability: Poison Heal\n|upkeep\n|turn|53\n|\n|t:|1700642318\n|move|p2a: Gliscor|Earthquake|p1a: Level2\ufe0f\u20e3Level2\ufe0f\u20e3\n|-supereffective|p1a: Level2\ufe0f\u20e3Level2\ufe0f\u20e3\n|-ability|p1a: Level2\ufe0f\u20e3Level2\ufe0f\u20e3|Sturdy\n|-damage|p1a: Level2\ufe0f\u20e3Level2\ufe0f\u20e3|8\/100\n|move|p1a: Level2\ufe0f\u20e3Level2\ufe0f\u20e3|Pain Split|p2a: Gliscor\n|-sethp|p2a: Gliscor|22\/100 tox|[from] move: Pain Split|[silent]\n|-sethp|p1a: Level2\ufe0f\u20e3Level2\ufe0f\u20e3|100\/100|[from] move: Pain Split\n|\n|-heal|p2a: Gliscor|35\/100 tox|[from] ability: Poison Heal\n|upkeep\n|turn|54\n|\n|t:|1700642320\n|move|p2a: Gliscor|Toxic|p1a: Level2\ufe0f\u20e3Level2\ufe0f\u20e3\n|-immune|p1a: Level2\ufe0f\u20e3Level2\ufe0f\u20e3\n|move|p1a: Level2\ufe0f\u20e3Level2\ufe0f\u20e3|Pain Split|p2a: Gliscor\n|-sethp|p2a: Gliscor|20\/100 tox|[from] move: Pain Split|[silent]\n|-sethp|p1a: Level2\ufe0f\u20e3Level2\ufe0f\u20e3|100\/100|[from] move: Pain Split\n|\n|-heal|p2a: Gliscor|32\/100 tox|[from] ability: Poison Heal\n|upkeep\n|turn|55\n|\n|t:|1700642323\n|move|p2a: Gliscor|Roost|p2a: Gliscor\n|-heal|p2a: Gliscor|82\/100 tox\n|-singleturn|p2a: Gliscor|move: Roost\n|move|p1a: Level2\ufe0f\u20e3Level2\ufe0f\u20e3|Pain Split|p2a: Gliscor\n|-sethp|p2a: Gliscor|43\/100 tox|[from] move: Pain Split|[silent]\n|-sethp|p1a: Level2\ufe0f\u20e3Level2\ufe0f\u20e3|100\/100|[from] move: Pain Split\n|\n|-heal|p2a: Gliscor|56\/100 tox|[from] ability: Poison Heal\n|upkeep\n|turn|56\n|\n|t:|1700642330\n|move|p2a: Gliscor|Earthquake|p1a: Level2\ufe0f\u20e3Level2\ufe0f\u20e3\n|-supereffective|p1a: Level2\ufe0f\u20e3Level2\ufe0f\u20e3\n|-ability|p1a: Level2\ufe0f\u20e3Level2\ufe0f\u20e3|Sturdy\n|-damage|p1a: Level2\ufe0f\u20e3Level2\ufe0f\u20e3|8\/100\n|move|p1a: Level2\ufe0f\u20e3Level2\ufe0f\u20e3|Pain Split|p2a: Gliscor\n|-sethp|p2a: Gliscor|28\/100 tox|[from] move: Pain Split|[silent]\n|-sethp|p1a: Level2\ufe0f\u20e3Level2\ufe0f\u20e3|100\/100|[from] move: Pain Split\n|\n|-heal|p2a: Gliscor|40\/100 tox|[from] ability: Poison Heal\n|upkeep\n|turn|57\n|\n|t:|1700642336\n|move|p2a: Gliscor|Toxic|p1a: Level2\ufe0f\u20e3Level2\ufe0f\u20e3\n|-immune|p1a: Level2\ufe0f\u20e3Level2\ufe0f\u20e3\n|move|p1a: Level2\ufe0f\u20e3Level2\ufe0f\u20e3|Pain Split|p2a: Gliscor\n|-sethp|p2a: Gliscor|23\/100 tox|[from] move: Pain Split|[silent]\n|-sethp|p1a: Level2\ufe0f\u20e3Level2\ufe0f\u20e3|100\/100|[from] move: Pain Split\n|\n|-heal|p2a: Gliscor|35\/100 tox|[from] ability: Poison Heal\n|upkeep\n|turn|58\n|\n|t:|1700642338\n|move|p1a: Level2\ufe0f\u20e3Level2\ufe0f\u20e3|Protect|p1a: Level2\ufe0f\u20e3Level2\ufe0f\u20e3\n|-singleturn|p1a: Level2\ufe0f\u20e3Level2\ufe0f\u20e3|Protect\n|move|p2a: Gliscor|Toxic|p1a: Level2\ufe0f\u20e3Level2\ufe0f\u20e3\n|-activate|p1a: Level2\ufe0f\u20e3Level2\ufe0f\u20e3|move: Protect\n|\n|-heal|p2a: Gliscor|47\/100 tox|[from] ability: Poison Heal\n|upkeep\n|turn|59\n|c|\u2606Saltator|gg\n|c|\u2606Saltator|lol\n|\n|t:|1700642344\n|move|p2a: Gliscor|Toxic|p1a: Level2\ufe0f\u20e3Level2\ufe0f\u20e3\n|-immune|p1a: Level2\ufe0f\u20e3Level2\ufe0f\u20e3\n|move|p1a: Level2\ufe0f\u20e3Level2\ufe0f\u20e3|Pain Split|p2a: Gliscor\n|-sethp|p2a: Gliscor|26\/100 tox|[from] move: Pain Split|[silent]\n|-sethp|p1a: Level2\ufe0f\u20e3Level2\ufe0f\u20e3|100\/100|[from] move: Pain Split\n|\n|-heal|p2a: Gliscor|38\/100 tox|[from] ability: Poison Heal\n|upkeep\n|turn|60\n|\n|t:|1700642346\n|move|p2a: Gliscor|Defog|p1a: Level2\ufe0f\u20e3Level2\ufe0f\u20e3\n|-unboost|p1a: Level2\ufe0f\u20e3Level2\ufe0f\u20e3|evasion|1\n|move|p1a: Level2\ufe0f\u20e3Level2\ufe0f\u20e3|Pain Split|p2a: Gliscor\n|-sethp|p2a: Gliscor|21\/100 tox|[from] move: Pain Split|[silent]\n|-sethp|p1a: Level2\ufe0f\u20e3Level2\ufe0f\u20e3|100\/100|[from] move: Pain Split\n|\n|-heal|p2a: Gliscor|34\/100 tox|[from] ability: Poison Heal\n|upkeep\n|turn|61\n|\n|t:|1700642349\n|move|p2a: Gliscor|Defog|p1a: Level2\ufe0f\u20e3Level2\ufe0f\u20e3\n|-unboost|p1a: Level2\ufe0f\u20e3Level2\ufe0f\u20e3|evasion|1\n|move|p1a: Level2\ufe0f\u20e3Level2\ufe0f\u20e3|Pain Split|p2a: Gliscor\n|-sethp|p2a: Gliscor|19\/100 tox|[from] move: Pain Split|[silent]\n|-sethp|p1a: Level2\ufe0f\u20e3Level2\ufe0f\u20e3|100\/100|[from] move: Pain Split\n|\n|-heal|p2a: Gliscor|32\/100 tox|[from] ability: Poison Heal\n|upkeep\n|turn|62\n|\n|t:|1700642354\n|move|p2a: Gliscor|Toxic|p1a: Level2\ufe0f\u20e3Level2\ufe0f\u20e3\n|-immune|p1a: Level2\ufe0f\u20e3Level2\ufe0f\u20e3\n|move|p1a: Level2\ufe0f\u20e3Level2\ufe0f\u20e3|Pain Split|p2a: Gliscor\n|-sethp|p2a: Gliscor|18\/100 tox|[from] move: Pain Split|[silent]\n|-sethp|p1a: Level2\ufe0f\u20e3Level2\ufe0f\u20e3|100\/100|[from] move: Pain Split\n|\n|-heal|p2a: Gliscor|30\/100 tox|[from] ability: Poison Heal\n|upkeep\n|turn|63\n|\n|t:|1700642359\n|move|p1a: Level2\ufe0f\u20e3Level2\ufe0f\u20e3|Protect|p1a: Level2\ufe0f\u20e3Level2\ufe0f\u20e3\n|-singleturn|p1a: Level2\ufe0f\u20e3Level2\ufe0f\u20e3|Protect\n|move|p2a: Gliscor|Earthquake|p1a: Level2\ufe0f\u20e3Level2\ufe0f\u20e3\n|-activate|p1a: Level2\ufe0f\u20e3Level2\ufe0f\u20e3|move: Protect\n|\n|-heal|p2a: Gliscor|43\/100 tox|[from] ability: Poison Heal\n|upkeep\n|turn|64\n|\n|t:|1700642361\n|move|p2a: Gliscor|Defog|p1a: Level2\ufe0f\u20e3Level2\ufe0f\u20e3\n|-unboost|p1a: Level2\ufe0f\u20e3Level2\ufe0f\u20e3|evasion|1\n|move|p1a: Level2\ufe0f\u20e3Level2\ufe0f\u20e3|Pain Split|p2a: Gliscor\n|-sethp|p2a: Gliscor|24\/100 tox|[from] move: Pain Split|[silent]\n|-sethp|p1a: Level2\ufe0f\u20e3Level2\ufe0f\u20e3|100\/100|[from] move: Pain Split\n|\n|-heal|p2a: Gliscor|36\/100 tox|[from] ability: Poison Heal\n|upkeep\n|turn|65\n|\n|t:|1700642365\n|move|p1a: Level2\ufe0f\u20e3Level2\ufe0f\u20e3|Protect|p1a: Level2\ufe0f\u20e3Level2\ufe0f\u20e3\n|-singleturn|p1a: Level2\ufe0f\u20e3Level2\ufe0f\u20e3|Protect\n|move|p2a: Gliscor|Toxic|p1a: Level2\ufe0f\u20e3Level2\ufe0f\u20e3\n|-activate|p1a: Level2\ufe0f\u20e3Level2\ufe0f\u20e3|move: Protect\n|\n|-heal|p2a: Gliscor|48\/100 tox|[from] ability: Poison Heal\n|upkeep\n|turn|66\n|\n|t:|1700642367\n|move|p2a: Gliscor|Roost|p2a: Gliscor\n|-heal|p2a: Gliscor|98\/100 tox\n|-singleturn|p2a: Gliscor|move: Roost\n|move|p1a: Level2\ufe0f\u20e3Level2\ufe0f\u20e3|Pain Split|p2a: Gliscor\n|-sethp|p2a: Gliscor|52\/100 tox|[from] move: Pain Split|[silent]\n|-sethp|p1a: Level2\ufe0f\u20e3Level2\ufe0f\u20e3|100\/100|[from] move: Pain Split\n|\n|-heal|p2a: Gliscor|64\/100 tox|[from] ability: Poison Heal\n|upkeep\n|turn|67\n|\n|t:|1700642370\n|move|p1a: Level2\ufe0f\u20e3Level2\ufe0f\u20e3|Protect|p1a: Level2\ufe0f\u20e3Level2\ufe0f\u20e3\n|-singleturn|p1a: Level2\ufe0f\u20e3Level2\ufe0f\u20e3|Protect\n|move|p2a: Gliscor|Defog|p1a: Level2\ufe0f\u20e3Level2\ufe0f\u20e3\n|-activate|p1a: Level2\ufe0f\u20e3Level2\ufe0f\u20e3|move: Protect\n|\n|-heal|p2a: Gliscor|76\/100 tox|[from] ability: Poison Heal\n|upkeep\n|turn|68\n|\n|t:|1700642374\n|move|p2a: Gliscor|Defog|p1a: Level2\ufe0f\u20e3Level2\ufe0f\u20e3\n|-unboost|p1a: Level2\ufe0f\u20e3Level2\ufe0f\u20e3|evasion|1\n|move|p1a: Level2\ufe0f\u20e3Level2\ufe0f\u20e3|Pain Split|p2a: Gliscor\n|-sethp|p2a: Gliscor|40\/100 tox|[from] move: Pain Split|[silent]\n|-sethp|p1a: Level2\ufe0f\u20e3Level2\ufe0f\u20e3|100\/100|[from] move: Pain Split\n|\n|-heal|p2a: Gliscor|53\/100 tox|[from] ability: Poison Heal\n|upkeep\n|turn|69\n|\n|t:|1700642378\n|move|p1a: Level2\ufe0f\u20e3Level2\ufe0f\u20e3|Magic Coat|p1a: Level2\ufe0f\u20e3Level2\ufe0f\u20e3\n|-singleturn|p1a: Level2\ufe0f\u20e3Level2\ufe0f\u20e3|move: Magic Coat\n|move|p2a: Gliscor|Defog|p1a: Level2\ufe0f\u20e3Level2\ufe0f\u20e3\n|move|p1a: Level2\ufe0f\u20e3Level2\ufe0f\u20e3|Defog|p2a: Gliscor|[from]Magic Coat\n|-unboost|p2a: Gliscor|evasion|1\n|\n|-heal|p2a: Gliscor|65\/100 tox|[from] ability: Poison Heal\n|upkeep\n|turn|70\n|\n|t:|1700642388\n|switch|p2a: Hoopa|Hoopa-Unbound|100\/100\n|move|p1a: Level2\ufe0f\u20e3Level2\ufe0f\u20e3|Protect||[still]\n|-fail|p1a: Level2\ufe0f\u20e3Level2\ufe0f\u20e3\n|\n|upkeep\n|turn|71\n|\n|t:|1700642402\n|move|p2a: Hoopa|Drain Punch|p1a: Level2\ufe0f\u20e3Level2\ufe0f\u20e3\n|-supereffective|p1a: Level2\ufe0f\u20e3Level2\ufe0f\u20e3\n|-ability|p1a: Level2\ufe0f\u20e3Level2\ufe0f\u20e3|Sturdy\n|-damage|p1a: Level2\ufe0f\u20e3Level2\ufe0f\u20e3|8\/100\n|move|p1a: Level2\ufe0f\u20e3Level2\ufe0f\u20e3|Pain Split|p2a: Hoopa\n|-sethp|p2a: Hoopa|50\/100|[from] move: Pain Split|[silent]\n|-sethp|p1a: Level2\ufe0f\u20e3Level2\ufe0f\u20e3|100\/100|[from] move: Pain Split\n|\n|upkeep\n|turn|72\n|\n|t:|1700642406\n|move|p2a: Hoopa|Drain Punch|p1a: Level2\ufe0f\u20e3Level2\ufe0f\u20e3\n|-supereffective|p1a: Level2\ufe0f\u20e3Level2\ufe0f\u20e3\n|-ability|p1a: Level2\ufe0f\u20e3Level2\ufe0f\u20e3|Sturdy\n|-damage|p1a: Level2\ufe0f\u20e3Level2\ufe0f\u20e3|8\/100\n|-heal|p2a: Hoopa|53\/100|[from] drain|[of] p1a: Level2\ufe0f\u20e3Level2\ufe0f\u20e3\n|move|p1a: Level2\ufe0f\u20e3Level2\ufe0f\u20e3|Pain Split|p2a: Hoopa\n|-sethp|p2a: Hoopa|27\/100|[from] move: Pain Split|[silent]\n|-sethp|p1a: Level2\ufe0f\u20e3Level2\ufe0f\u20e3|100\/100|[from] move: Pain Split\n|\n|upkeep\n|turn|73\n|\n|t:|1700642408\n|move|p2a: Hoopa|Drain Punch|p1a: Level2\ufe0f\u20e3Level2\ufe0f\u20e3\n|-supereffective|p1a: Level2\ufe0f\u20e3Level2\ufe0f\u20e3\n|-ability|p1a: Level2\ufe0f\u20e3Level2\ufe0f\u20e3|Sturdy\n|-damage|p1a: Level2\ufe0f\u20e3Level2\ufe0f\u20e3|8\/100\n|-heal|p2a: Hoopa|29\/100|[from] drain|[of] p1a: Level2\ufe0f\u20e3Level2\ufe0f\u20e3\n|move|p1a: Level2\ufe0f\u20e3Level2\ufe0f\u20e3|Pain Split|p2a: Hoopa\n|-sethp|p2a: Hoopa|15\/100|[from] move: Pain Split|[silent]\n|-sethp|p1a: Level2\ufe0f\u20e3Level2\ufe0f\u20e3|100\/100|[from] move: Pain Split\n|\n|upkeep\n|turn|74\n|\n|t:|1700642412\n|move|p2a: Hoopa|Drain Punch|p1a: Level2\ufe0f\u20e3Level2\ufe0f\u20e3\n|-supereffective|p1a: Level2\ufe0f\u20e3Level2\ufe0f\u20e3\n|-ability|p1a: Level2\ufe0f\u20e3Level2\ufe0f\u20e3|Sturdy\n|-damage|p1a: Level2\ufe0f\u20e3Level2\ufe0f\u20e3|8\/100\n|-heal|p2a: Hoopa|17\/100|[from] drain|[of] p1a: Level2\ufe0f\u20e3Level2\ufe0f\u20e3\n|move|p1a: Level2\ufe0f\u20e3Level2\ufe0f\u20e3|Pain Split|p2a: Hoopa\n|-sethp|p2a: Hoopa|9\/100|[from] move: Pain Split|[silent]\n|-sethp|p1a: Level2\ufe0f\u20e3Level2\ufe0f\u20e3|100\/100|[from] move: Pain Split\n|\n|upkeep\n|turn|75\n|\n|t:|1700642414\n|move|p2a: Hoopa|Drain Punch|p1a: Level2\ufe0f\u20e3Level2\ufe0f\u20e3\n|-supereffective|p1a: Level2\ufe0f\u20e3Level2\ufe0f\u20e3\n|-ability|p1a: Level2\ufe0f\u20e3Level2\ufe0f\u20e3|Sturdy\n|-damage|p1a: Level2\ufe0f\u20e3Level2\ufe0f\u20e3|8\/100\n|-heal|p2a: Hoopa|11\/100|[from] drain|[of] p1a: Level2\ufe0f\u20e3Level2\ufe0f\u20e3\n|move|p1a: Level2\ufe0f\u20e3Level2\ufe0f\u20e3|Toxic|p2a: Hoopa\n|-status|p2a: Hoopa|tox\n|\n|-damage|p2a: Hoopa|5\/100 tox|[from] psn\n|upkeep\n|turn|76\n|\n|t:|1700642421\n|move|p2a: Hoopa|Drain Punch|p1a: Level2\ufe0f\u20e3Level2\ufe0f\u20e3\n|-supereffective|p1a: Level2\ufe0f\u20e3Level2\ufe0f\u20e3\n|-damage|p1a: Level2\ufe0f\u20e3Level2\ufe0f\u20e3|0 fnt\n|-heal|p2a: Hoopa|5\/100 tox|[from] drain|[of] p1a: Level2\ufe0f\u20e3Level2\ufe0f\u20e3\n|faint|p1a: Level2\ufe0f\u20e3Level2\ufe0f\u20e3\n|\n|-damage|p2a: Hoopa|0 fnt|[from] psn\n|faint|p2a: Hoopa\n|upkeep\n|\n|t:|1700642424\n|switch|p2a: Gliscor|Gliscor, M|65\/100 tox\n|switch|p1a: No Fun Allowed|Salazzle, F, tera:Flying|100\/100\n|turn|77\n|\n|t:|1700642428\n|move|p1a: No Fun Allowed|Substitute|p1a: No Fun Allowed\n|-start|p1a: No Fun Allowed|Substitute\n|-damage|p1a: No Fun Allowed|76\/100\n|move|p2a: Gliscor|Defog||[still]\n|-fail|p2a: Gliscor\n|\n|-heal|p1a: No Fun Allowed|82\/100|[from] item: Leftovers\n|-heal|p2a: Gliscor|77\/100 tox|[from] ability: Poison Heal\n|upkeep\n|turn|78\n|-message|pokpp forfeited.\n|\n|win|Saltator\n|raw|Saltator's rating: 1365 &rarr; <strong>1379<\/strong><br \/>(+14 for winning)\n|raw|pokpp's rating: 1261 &rarr; <strong>1243<\/strong><br \/>(-18 for losing)\n|l|\u2606pokpp\n","uploadtime":1700642436,"views":1,"p1id":"saltator","p2id":"pokpp","formatid":"gen9nationaldex","rating":1243,"private":0,"password":""}