{"id":"gen9nationaldex-2000199917","p1":"viaan","p2":"haxusorry","format":"[Gen 9] National Dex","log":"|html|<div class=\"broadcast-blue\"><strong>[Gen 9] National Dex is currently suspecting Sneasler! For information on how to participate check out the <a href=\"https:\/\/www.smogon.com\/forums\/threads\/sv-national-dex-suspect-8-just-dance.3731534\/\">suspect thread<\/a>.<\/strong><\/div>\n|j|\u2606viaan\n|j|\u2606haxusorry\n|t:|1701171116\n|gametype|singles\n|player|p1|viaan|hero-conquest|1459\n|player|p2|haxusorry|riley|1500\n|teamsize|p1|6\n|teamsize|p2|6\n|gen|9\n|tier|[Gen 9] National Dex\n|rated|\n|rule|HP Percentage Mod: HP is shown in percentages\n|rule|Endless Battle Clause: Forcing endless battles is banned\n|rule|OHKO Clause: OHKO moves are banned\n|rule|Evasion Clause: Evasion abilities, items, and moves are banned\n|rule|Evasion Abilities Clause: Evasion abilities are banned\n|rule|Evasion Items Clause: Evasion items are banned\n|rule|Evasion Moves Clause: Evasion moves are banned\n|rule|Species Clause: Limit one of each Pok\u00e9mon\n|rule|Sleep Clause Mod: Limit one foe put to sleep\n|clearpoke\n|poke|p1|Pelipper, M|\n|poke|p1|Floatzel, M|\n|poke|p1|Swampert, F|\n|poke|p1|Urshifu-*, M|\n|poke|p1|Manaphy|\n|poke|p1|Azumarill, F|\n|poke|p2|Kyurem|\n|poke|p2|Skeledirge, M|\n|poke|p2|Landorus-Therian, M|\n|poke|p2|Ferrothorn, M|\n|poke|p2|Tapu Koko|\n|poke|p2|Iron Valiant|\n|teampreview\n|\n|t:|1701171133\n|start\n|switch|p1a: Swampert|Swampert, F|100\/100\n|switch|p2a: Kyurem|Kyurem|100\/100\n|-ability|p2a: Kyurem|Pressure\n|turn|1\n|\n|t:|1701171148\n|switch|p1a: Azumarill|Azumarill, F|100\/100\n|move|p2a: Kyurem|Freeze-Dry|p1a: Azumarill\n|-supereffective|p1a: Azumarill\n|-damage|p1a: Azumarill|23\/100\n|\n|-heal|p1a: Azumarill|29\/100|[from] item: Leftovers\n|upkeep\n|turn|2\n|\n|t:|1701171157\n|switch|p1a: Pelipper|Pelipper, M|100\/100\n|-weather|RainDance|[from] ability: Drizzle|[of] p1a: Pelipper\n|move|p2a: Kyurem|Substitute|p2a: Kyurem\n|-start|p2a: Kyurem|Substitute\n|-damage|p2a: Kyurem|76\/100\n|\n|-weather|RainDance|[upkeep]\n|upkeep\n|turn|3\n|\n|t:|1701171162\n|move|p2a: Kyurem|Freeze-Dry|p1a: Pelipper\n|-supereffective|p1a: Pelipper\n|-crit|p1a: Pelipper\n|-damage|p1a: Pelipper|0 fnt\n|faint|p1a: Pelipper\n|\n|-weather|RainDance|[upkeep]\n|upkeep\n|\n|t:|1701171173\n|switch|p1a: Urshifu|Urshifu-Rapid-Strike, M|100\/100\n|turn|4\n|c|\u2606viaan|!dt unseen fist\n|raw|<ul class=\"utilichart\"><li class=\"result\"><span class=\"col namecol\"><a href=\"https:\/\/dex.pokemonshowdown.com\/abilities\/unseenfist\">Unseen Fist<\/a><\/span> <span class=\"col abilitydesccol\">This Pokemon's contact moves ignore the target's protection, except Max Guard.<\/span> <\/li><li style=\"clear:both\"><\/li><\/ul>\n|raw|<font size=\"1\"><font color=\"#686868\">Gen:<\/font> 8<\/font>\n\n|\n|t:|1701171206\n|move|p1a: Urshifu|Surging Strikes|p2a: Kyurem\n|-resisted|p2a: Kyurem\n|-crit|p2a: Kyurem\n|-activate|p2a: Kyurem|move: Substitute|[damage]\n|-resisted|p2a: Kyurem\n|-crit|p2a: Kyurem\n|-end|p2a: Kyurem|Substitute\n|-resisted|p2a: Kyurem\n|-crit|p2a: Kyurem\n|-damage|p2a: Kyurem|56\/100\n|-hitcount|p2a: Kyurem|3\n|move|p2a: Kyurem|Freeze-Dry|p1a: Urshifu\n|-supereffective|p1a: Urshifu\n|-damage|p1a: Urshifu|0 fnt\n|faint|p1a: Urshifu\n|\n|-weather|RainDance|[upkeep]\n|upkeep\n|\n|t:|1701171211\n|switch|p1a: Floatzel|Floatzel, M|100\/100\n|turn|5\n|\n|t:|1701171227\n|switch|p2a: Landorus|Landorus-Therian, M|100\/100\n|-ability|p2a: Landorus|Intimidate|boost\n|-unboost|p1a: Floatzel|atk|1\n|-terastallize|p1a: Floatzel|Water\n|move|p1a: Floatzel|Wave Crash|p2a: Landorus\n|-supereffective|p2a: Landorus\n|-damage|p2a: Landorus|0 fnt\n|faint|p2a: Landorus\n|-damage|p1a: Floatzel|60\/100|[from] Recoil\n|\n|-weather|RainDance|[upkeep]\n|upkeep\n|\n|t:|1701171234\n|switch|p2a: Tapu Koko|Tapu Koko|100\/100\n|-fieldstart|move: Electric Terrain|[from] ability: Electric Surge|[of] p2a: Tapu Koko\n|turn|6\n|\n|t:|1701171238\n|switch|p2a: Ferrothorn|Ferrothorn, M|100\/100\n|move|p1a: Floatzel|Wave Crash|p2a: Ferrothorn\n|-resisted|p2a: Ferrothorn\n|-crit|p2a: Ferrothorn\n|-damage|p2a: Ferrothorn|0 fnt\n|-damage|p1a: Floatzel|48\/100|[from] ability: Iron Barbs|[of] p2a: Ferrothorn\n|faint|p2a: Ferrothorn\n|-damage|p1a: Floatzel|10\/100|[from] Recoil\n|\n|-weather|RainDance|[upkeep]\n|upkeep\n|c|\u2606viaan|wtfffffffffff\n|\n|t:|1701171247\n|switch|p2a: Iron Valiant|Iron Valiant|100\/100\n|-activate|p2a: Iron Valiant|ability: Quark Drive\n|-start|p2a: Iron Valiant|quarkdrivespe\n|turn|7\n|c|\u2606viaan|floatzeellllll\n|\n|t:|1701171252\n|move|p2a: Iron Valiant|Vacuum Wave|p1a: Floatzel\n|-damage|p1a: Floatzel|0 fnt\n|faint|p1a: Floatzel\n|\n|-weather|RainDance|[upkeep]\n|upkeep\n|\n|t:|1701171258\n|switch|p1a: Swampert|Swampert, F|100\/100\n|turn|8\n|\n|t:|1701171263\n|-end|p2a: Iron Valiant|Quark Drive|[silent]\n|switch|p2a: Tapu Koko|Tapu Koko|100\/100\n|detailschange|p1a: Swampert|Swampert-Mega, F\n|-mega|p1a: Swampert|Swampert|Swampertite\n|move|p1a: Swampert|Waterfall|p2a: Tapu Koko\n|-damage|p2a: Tapu Koko|2\/100\n|\n|-weather|RainDance|[upkeep]\n|upkeep\n|turn|9\n|\n|t:|1701171297\n|move|p1a: Swampert|Earthquake|p2a: Tapu Koko\n|-supereffective|p2a: Tapu Koko\n|-damage|p2a: Tapu Koko|0 fnt\n|faint|p2a: Tapu Koko\n|\n|-weather|none\n|upkeep\n|\n|t:|1701171302\n|switch|p2a: Kyurem|Kyurem|56\/100\n|-ability|p2a: Kyurem|Pressure\n|turn|10\n|\n|t:|1701171309\n|switch|p1a: Azumarill|Azumarill, F|29\/100\n|move|p2a: Kyurem|Freeze-Dry|p1a: Azumarill\n|-supereffective|p1a: Azumarill\n|-damage|p1a: Azumarill|0 fnt\n|faint|p1a: Azumarill\n|\n|-fieldend|move: Electric Terrain\n|upkeep\n|\n|t:|1701171311\n|switch|p1a: Manaphy|Manaphy|100\/100\n|turn|11\n|\n|t:|1701171317\n|move|p1a: Manaphy|Ice Beam|p2a: Kyurem\n|-damage|p2a: Kyurem|33\/100\n|move|p2a: Kyurem|Freeze-Dry|p1a: Manaphy\n|-supereffective|p1a: Manaphy\n|-damage|p1a: Manaphy|21\/100\n|\n|-heal|p1a: Manaphy|27\/100|[from] item: Leftovers\n|upkeep\n|turn|12\n|\n|t:|1701171324\n|move|p1a: Manaphy|Ice Beam|p2a: Kyurem\n|-damage|p2a: Kyurem|8\/100\n|move|p2a: Kyurem|Freeze-Dry|p1a: Manaphy\n|-supereffective|p1a: Manaphy\n|-damage|p1a: Manaphy|0 fnt\n|faint|p1a: Manaphy\n|\n|upkeep\n|\n|t:|1701171326\n|switch|p1a: Swampert|Swampert-Mega, F|100\/100\n|turn|13\n|\n|t:|1701171328\n|move|p2a: Kyurem|Freeze-Dry|p1a: Swampert\n|-supereffective|p1a: Swampert\n|-damage|p1a: Swampert|0 fnt\n|faint|p1a: Swampert\n|\n|win|haxusorry\n|raw|viaan's rating: 1459 &rarr; <strong>1441<\/strong><br \/>(-18 for losing)\n|raw|haxusorry's rating: 1500 &rarr; <strong>1518<\/strong><br \/>(+18 for winning)\n|l|\u2606viaan\n","uploadtime":1701171338,"views":17,"p1id":"viaan","p2id":"haxusorry","formatid":"gen9nationaldex","rating":1441,"private":0,"password":""}