{"id":"gen9nationaldex-1988128969","p1":"Dono_XD","p2":"Jam20Jam","format":"[Gen 9] National Dex","log":"|j|\u2606Dono_XD\n|j|\u2606Jam20Jam\n|t:|1699673159\n|gametype|singles\n|player|p1|Dono_XD|nate|\n|player|p2|Jam20Jam|carmine|\n|teamsize|p1|6\n|teamsize|p2|6\n|gen|9\n|tier|[Gen 9] National Dex\n|rule|HP Percentage Mod: HP is shown in percentages\n|rule|Endless Battle Clause: Forcing endless battles is banned\n|rule|OHKO Clause: OHKO moves are banned\n|rule|Evasion Clause: Evasion abilities, items, and moves are banned\n|rule|Evasion Abilities Clause: Evasion abilities are banned\n|rule|Evasion Items Clause: Evasion items are banned\n|rule|Evasion Moves Clause: Evasion moves are banned\n|rule|Species Clause: Limit one of each Pok\u00e9mon\n|rule|Sleep Clause Mod: Limit one foe put to sleep\n|clearpoke\n|poke|p1|Corviknight, F|\n|poke|p1|Gengar, F|\n|poke|p1|Decidueye-Hisui, F|\n|poke|p1|Sableye, F|\n|poke|p1|Dugtrio, F|\n|poke|p1|Jigglypuff, F|\n|poke|p2|Amoonguss, F|\n|poke|p2|Skeledirge, M|\n|poke|p2|Grimer-Alola, F|\n|poke|p2|Coalossal, F|\n|poke|p2|Veluza, M|\n|poke|p2|Cetitan, F|\n|teampreview\n|\n|t:|1699673178\n|start\n|switch|p1a: I smell pennies|Sableye, F|100\/100\n|switch|p2a: Veluza|Veluza, M|100\/100\n|turn|1\n|\n|t:|1699673197\n|move|p2a: Veluza|Flip Turn|p1a: I smell pennies\n|-damage|p1a: I smell pennies|75\/100\n|\n|t:|1699673203\n|switch|p2a: Grimer|Grimer-Alola, F|100\/100|[from] Flip Turn\n|move|p1a: I smell pennies|Knock Off|p2a: Grimer\n|-resisted|p2a: Grimer\n|-damage|p2a: Grimer|86\/100\n|-enditem|p2a: Grimer|Eviolite|[from] move: Knock Off|[of] p1a: I smell pennies\n|\n|upkeep\n|turn|2\n|\n|t:|1699673237\n|switch|p1a: Noah|Gengar, F, shiny|100\/100\n|move|p2a: Grimer|Knock Off|p1a: Noah\n|-supereffective|p1a: Noah\n|-damage|p1a: Noah|0 fnt\n|-start|p2a: Grimer|Disable|Knock Off|[from] ability: Cursed Body|[of] p1a: Noah\n|-enditem|p1a: Noah|Choice Specs|[from] move: Knock Off|[of] p2a: Grimer\n|faint|p1a: Noah\n|\n|upkeep\n|\n|t:|1699673247\n|switch|p1a: Dugtrio|Dugtrio, F|100\/100\n|turn|3\n|\n|t:|1699673253\n|switch|p2a: Amoonguss|Amoonguss, F|100\/100\n|move|p1a: Dugtrio|Earthquake|p2a: Amoonguss\n|-damage|p2a: Amoonguss|66\/100\n|\n|-heal|p2a: Amoonguss|72\/100|[from] item: Black Sludge\n|upkeep\n|turn|4\n|\n|t:|1699673268\n|move|p1a: Dugtrio|Stealth Rock|p2a: Amoonguss\n|-sidestart|p2: Jam20Jam|move: Stealth Rock\n|move|p2a: Amoonguss|Giga Drain|p1a: Dugtrio\n|-supereffective|p1a: Dugtrio\n|-damage|p1a: Dugtrio|26\/100\n|-heal|p2a: Amoonguss|95\/100|[from] drain|[of] p1a: Dugtrio\n|\n|-heal|p2a: Amoonguss|100\/100|[from] item: Black Sludge\n|upkeep\n|turn|5\n|\n|t:|1699673279\n|switch|p1a: Biggest Berd|Corviknight, F, shiny|100\/100\n|move|p2a: Amoonguss|Spore|p1a: Biggest Berd\n|-status|p1a: Biggest Berd|slp|[from] move: Spore\n|\n|upkeep\n|turn|6\n|\n|t:|1699673294\n|switch|p2a: Cetitan|Cetitan, F|100\/100\n|-damage|p2a: Cetitan|76\/100|[from] Stealth Rock\n|cant|p1a: Biggest Berd|slp\n|\n|upkeep\n|turn|7\n|\n|t:|1699673415\n|-terastallize|p2a: Cetitan|Ground\n|move|p2a: Cetitan|Belly Drum|p2a: Cetitan\n|-damage|p2a: Cetitan|26\/100\n|-setboost|p2a: Cetitan|atk|6|[from] move: Belly Drum\n|-enditem|p2a: Cetitan|Sitrus Berry|[eat]\n|-heal|p2a: Cetitan|50\/100|[from] item: Sitrus Berry\n|cant|p1a: Biggest Berd|slp\n|\n|upkeep\n|turn|8\n|\n|t:|1699673432\n|-terastallize|p1a: Biggest Berd|Water\n|move|p2a: Cetitan|Ice Shard|p1a: Biggest Berd\n|-resisted|p1a: Biggest Berd\n|-damage|p1a: Biggest Berd|80\/100 slp\n|-curestatus|p1a: Biggest Berd|slp|[msg]\n|move|p1a: Biggest Berd|Tera Blast|p2a: Cetitan|[anim] Tera Blast Water\n|-supereffective|p2a: Cetitan\n|-damage|p2a: Cetitan|3\/100\n|\n|-heal|p1a: Biggest Berd|86\/100|[from] item: Leftovers\n|upkeep\n|turn|9\n|\n|t:|1699673461\n|move|p2a: Cetitan|Flail|p1a: Biggest Berd\n|-damage|p1a: Biggest Berd|0 fnt\n|faint|p1a: Biggest Berd\n|\n|upkeep\n|\n|t:|1699673472\n|switch|p1a: Decidueye|Decidueye-Hisui, F, shiny|100\/100\n|turn|10\n|\n|t:|1699673479\n|move|p2a: Cetitan|Ice Shard|p1a: Decidueye\n|-supereffective|p1a: Decidueye\n|-crit|p1a: Decidueye\n|-damage|p1a: Decidueye|0 fnt\n|faint|p1a: Decidueye\n|\n|upkeep\n|\n|t:|1699673577\n|switch|p1a: Dugtrio|Dugtrio, F|26\/100\n|turn|11\n|\n|t:|1699673582\n|move|p1a: Dugtrio|Sucker Punch|p2a: Cetitan\n|-damage|p2a: Cetitan|0 fnt\n|faint|p2a: Cetitan\n|\n|upkeep\n|\n|t:|1699673590\n|switch|p2a: Amoonguss|Amoonguss, F|100\/100\n|-damage|p2a: Amoonguss|88\/100|[from] Stealth Rock\n|turn|12\n|\n|t:|1699673626\n|move|p1a: Dugtrio|Sucker Punch|p2a: Amoonguss\n|-damage|p2a: Amoonguss|72\/100\n|move|p2a: Amoonguss|Giga Drain|p1a: Dugtrio\n|-supereffective|p1a: Dugtrio\n|-damage|p1a: Dugtrio|0 fnt\n|-heal|p2a: Amoonguss|81\/100|[from] drain|[of] p1a: Dugtrio\n|faint|p1a: Dugtrio\n|\n|-heal|p2a: Amoonguss|87\/100|[from] item: Black Sludge\n|upkeep\n|\n|t:|1699673636\n|switch|p1a: I smell pennies|Sableye, F|75\/100\n|turn|13\n|\n|t:|1699673642\n|move|p1a: I smell pennies|Will-O-Wisp|p2a: Amoonguss\n|-status|p2a: Amoonguss|brn\n|move|p2a: Amoonguss|Spore|p1a: I smell pennies\n|-status|p1a: I smell pennies|slp|[from] move: Spore\n|\n|-heal|p2a: Amoonguss|93\/100 brn|[from] item: Black Sludge\n|-damage|p2a: Amoonguss|87\/100 brn|[from] brn\n|upkeep\n|turn|14\n|j| HeirEhm\n|\n|t:|1699673810\n|switch|p2a: Veluza|Veluza, M|100\/100\n|-damage|p2a: Veluza|88\/100|[from] Stealth Rock\n|cant|p1a: I smell pennies|slp\n|\n|upkeep\n|turn|15\n|\n|t:|1699673819\n|move|p2a: Veluza|Aqua Cutter|p1a: I smell pennies\n|-damage|p1a: I smell pennies|34\/100 slp\n|cant|p1a: I smell pennies|slp\n|\n|upkeep\n|turn|16\n|-message|Dono_XD forfeited.\n|\n|win|Jam20Jam\n|l|\u2606Dono_XD\n","uploadtime":1699673827,"views":4,"p1id":"donoxd","p2id":"jam20jam","formatid":"gen9nationaldex","rating":0,"private":0,"password":""}