{"id":"gen9nationaldex-1989771184","p1":"Denzqqq","p2":"D0JOmasterlord","format":"[Gen 9] National Dex","log":"|j|\u2606Denzqqq\n|j|\u2606D0JOmasterlord\n|t:|1699894336\n|gametype|singles\n|player|p1|Denzqqq|giovanni|\n|player|p2|D0JOmasterlord|flint|\n|teamsize|p1|6\n|teamsize|p2|6\n|gen|9\n|tier|[Gen 9] National Dex\n|rule|HP Percentage Mod: HP is shown in percentages\n|rule|Endless Battle Clause: Forcing endless battles is banned\n|rule|OHKO Clause: OHKO moves are banned\n|rule|Evasion Clause: Evasion abilities, items, and moves are banned\n|rule|Evasion Abilities Clause: Evasion abilities are banned\n|rule|Evasion Items Clause: Evasion items are banned\n|rule|Evasion Moves Clause: Evasion moves are banned\n|rule|Species Clause: Limit one of each Pok\u00e9mon\n|rule|Sleep Clause Mod: Limit one foe put to sleep\n|clearpoke\n|poke|p1|Sneasler, M|\n|poke|p1|Hydreigon, M|\n|poke|p1|Iron Treads|\n|poke|p1|Rillaboom, F|\n|poke|p1|Mew|\n|poke|p1|Feraligatr, M|\n|poke|p2|Sharpedo, F|\n|poke|p2|Mamoswine, F|\n|poke|p2|Dubwool, M|\n|poke|p2|Thundurus-Therian, M|\n|poke|p2|Escavalier, M|\n|poke|p2|Dondozo, F|\n|teampreview\n|inactive|Battle timer is ON: inactive players will automatically lose when time's up. (requested by Denzqqq)\n|c|\u2606D0JOmasterlord|glhf\n|inactive|Denzqqq has 270 seconds left.\n|\n|t:|1699894373\n|start\n|switch|p1a: Ban Dire claw|Sneasler, M|100\/100\n|switch|p2a: Mamoswine|Mamoswine, F, shiny|100\/100\n|turn|1\n|c|\u2606Denzqqq|U too\n|\n|t:|1699894386\n|move|p1a: Ban Dire claw|Close Combat|p2a: Mamoswine\n|-supereffective|p2a: Mamoswine\n|-damage|p2a: Mamoswine|0 fnt\n|-unboost|p1a: Ban Dire claw|def|1\n|-unboost|p1a: Ban Dire claw|spd|1\n|faint|p2a: Mamoswine\n|\n|upkeep\n|c|\u2606D0JOmasterlord|hey not nice\n|c|\u2606Denzqqq|My bad\n|\n|t:|1699894406\n|switch|p2a: Dondozo|Dondozo, F, shiny|100\/100\n|turn|2\n|\n|t:|1699894412\n|switch|p1a: Monke boom|Rillaboom, F|100\/100\n|-fieldstart|move: Grassy Terrain|[from] ability: Grassy Surge|[of] p1a: Monke boom\n|move|p2a: Dondozo|Liquidation|p1a: Monke boom\n|-resisted|p1a: Monke boom\n|-damage|p1a: Monke boom|79\/100\n|\n|-heal|p1a: Monke boom|85\/100|[from] Grassy Terrain\n|upkeep\n|turn|3\n|\n|t:|1699894418\n|switch|p2a: Thundurus|Thundurus-Therian, M, shiny|100\/100\n|move|p1a: Monke boom|Knock Off|p2a: Thundurus\n|-damage|p2a: Thundurus|27\/100\n|-enditem|p2a: Thundurus|Leftovers|[from] move: Knock Off|[of] p1a: Monke boom\n|-damage|p1a: Monke boom|75\/100|[from] item: Life Orb\n|\n|-heal|p1a: Monke boom|81\/100|[from] Grassy Terrain\n|upkeep\n|turn|4\n|c|\u2606D0JOmasterlord|bye\n|c|\u2606D0JOmasterlord|ow\n|\n|t:|1699894429\n|move|p1a: Monke boom|Grassy Glide|p2a: Thundurus\n|-resisted|p2a: Thundurus\n|-damage|p2a: Thundurus|0 fnt\n|faint|p2a: Thundurus\n|-damage|p1a: Monke boom|71\/100|[from] item: Life Orb\n|\n|-heal|p1a: Monke boom|78\/100|[from] Grassy Terrain\n|upkeep\n|c|\u2606Denzqqq|Stronk\n|\n|t:|1699894436\n|switch|p2a: Dubwool|Dubwool, M, shiny|100\/100\n|turn|5\n|c|\u2606D0JOmasterlord|sheep\n|\n|t:|1699894444\n|move|p1a: Monke boom|Knock Off|p2a: Dubwool\n|-damage|p2a: Dubwool|78\/100\n|-enditem|p2a: Dubwool|Leftovers|[from] move: Knock Off|[of] p1a: Monke boom\n|-damage|p1a: Monke boom|68\/100|[from] item: Life Orb\n|move|p2a: Dubwool|Cotton Guard|p2a: Dubwool\n|-boost|p2a: Dubwool|def|3\n|\n|-heal|p1a: Monke boom|74\/100|[from] Grassy Terrain\n|-heal|p2a: Dubwool|84\/100|[from] Grassy Terrain\n|upkeep\n|turn|6\n|c|\u2606D0JOmasterlord|no damage\n|\n|t:|1699894465\n|switch|p1a: FearTheMuncher|Feraligatr, M|100\/100\n|move|p2a: Dubwool|Cotton Guard|p2a: Dubwool\n|-boost|p2a: Dubwool|def|3\n|\n|-heal|p2a: Dubwool|90\/100|[from] Grassy Terrain\n|-fieldend|move: Grassy Terrain\n|upkeep\n|turn|7\n|\n|t:|1699894472\n|move|p1a: FearTheMuncher|Liquidation|p2a: Dubwool\n|-damage|p2a: Dubwool|81\/100\n|move|p2a: Dubwool|Body Press|p1a: FearTheMuncher\n|-damage|p1a: FearTheMuncher|24\/100\n|\n|upkeep\n|turn|8\n|c|\u2606D0JOmasterlord|defence\n|\n|t:|1699894480\n|move|p1a: FearTheMuncher|Liquidation|p2a: Dubwool\n|-damage|p2a: Dubwool|72\/100\n|move|p2a: Dubwool|Body Press|p1a: FearTheMuncher\n|-damage|p1a: FearTheMuncher|0 fnt\n|faint|p1a: FearTheMuncher\n|\n|upkeep\n|\n|t:|1699894487\n|switch|p1a: Three headed|Hydreigon, M|100\/100\n|turn|9\n|c|\u2606D0JOmasterlord|the strag be working\n|c|\u2606D0JOmasterlord|strat\n|\n|t:|1699894499\n|move|p1a: Three headed|Focus Blast|p2a: Dubwool\n|-supereffective|p2a: Dubwool\n|-damage|p2a: Dubwool|0 fnt\n|faint|p2a: Dubwool\n|\n|upkeep\n|c|\u2606D0JOmasterlord|nvm\n|c|\u2606Denzqqq|Ahem\n|\n|t:|1699894516\n|switch|p2a: Dondozo|Dondozo, F, shiny|100\/100\n|turn|10\n|\n|t:|1699894521\n|switch|p1a: Monke boom|Rillaboom, F|74\/100\n|-fieldstart|move: Grassy Terrain|[from] ability: Grassy Surge|[of] p1a: Monke boom\n|move|p2a: Dondozo|Liquidation|p1a: Monke boom\n|-resisted|p1a: Monke boom\n|-crit|p1a: Monke boom\n|-damage|p1a: Monke boom|41\/100\n|\n|-heal|p1a: Monke boom|47\/100|[from] Grassy Terrain\n|upkeep\n|turn|11\n|\n|t:|1699894528\n|switch|p2a: Escavalier|Escavalier, M, shiny|100\/100\n|move|p1a: Monke boom|Knock Off|p2a: Escavalier\n|-damage|p2a: Escavalier|54\/100\n|-enditem|p2a: Escavalier|Choice Band|[from] move: Knock Off|[of] p1a: Monke boom\n|-damage|p1a: Monke boom|37\/100|[from] item: Life Orb\n|\n|-heal|p1a: Monke boom|44\/100|[from] Grassy Terrain\n|-heal|p2a: Escavalier|60\/100|[from] Grassy Terrain\n|upkeep\n|turn|12\n|\n|t:|1699894549\n|switch|p1a: We spin brrr|Iron Treads|100\/100\n|-item|p1a: We spin brrr|Air Balloon\n|move|p2a: Escavalier|Megahorn|p1a: We spin brrr\n|-resisted|p1a: We spin brrr\n|-damage|p1a: We spin brrr|67\/100\n|-enditem|p1a: We spin brrr|Air Balloon\n|\n|-heal|p1a: We spin brrr|73\/100|[from] Grassy Terrain\n|-heal|p2a: Escavalier|66\/100|[from] Grassy Terrain\n|upkeep\n|turn|13\n|\n|t:|1699894558\n|move|p1a: We spin brrr|Earthquake|p2a: Escavalier\n|-damage|p2a: Escavalier|43\/100\n|move|p2a: Escavalier|Drill Run|p1a: We spin brrr|[miss]\n|-miss|p2a: Escavalier|p1a: We spin brrr\n|\n|-heal|p1a: We spin brrr|79\/100|[from] Grassy Terrain\n|-heal|p2a: Escavalier|49\/100|[from] Grassy Terrain\n|upkeep\n|turn|14\n|\n|t:|1699894563\n|move|p1a: We spin brrr|Earthquake|p2a: Escavalier\n|-damage|p2a: Escavalier|23\/100\n|move|p2a: Escavalier|Drill Run|p1a: We spin brrr|[miss]\n|-miss|p2a: Escavalier|p1a: We spin brrr\n|\n|-heal|p1a: We spin brrr|86\/100|[from] Grassy Terrain\n|-heal|p2a: Escavalier|29\/100|[from] Grassy Terrain\n|-fieldend|move: Grassy Terrain\n|upkeep\n|turn|15\n|c|\u2606D0JOmasterlord|hit\n|\n|t:|1699894571\n|move|p1a: We spin brrr|Earthquake|p2a: Escavalier\n|-damage|p2a: Escavalier|0 fnt\n|faint|p2a: Escavalier\n|\n|upkeep\n|\n|t:|1699894576\n|switch|p2a: Dondozo|Dondozo, F, shiny|100\/100\n|turn|16\n|c|\u2606Denzqqq|Insane\n|c|\u2606D0JOmasterlord|not happy\n|\n|t:|1699894585\n|move|p1a: We spin brrr|Earthquake|p2a: Dondozo\n|-damage|p2a: Dondozo|76\/100\n|move|p2a: Dondozo|Liquidation|p1a: We spin brrr\n|-supereffective|p1a: We spin brrr\n|-damage|p1a: We spin brrr|20\/100\n|-unboost|p1a: We spin brrr|def|1\n|\n|-heal|p2a: Dondozo|82\/100|[from] item: Leftovers\n|upkeep\n|turn|17\n|\n|t:|1699894589\n|move|p1a: We spin brrr|Earthquake|p2a: Dondozo\n|-crit|p2a: Dondozo\n|-damage|p2a: Dondozo|42\/100\n|move|p2a: Dondozo|Liquidation|p1a: We spin brrr\n|-supereffective|p1a: We spin brrr\n|-damage|p1a: We spin brrr|0 fnt\n|faint|p1a: We spin brrr\n|-end|p1a: We spin brrr|Quark Drive|[silent]\n|\n|-heal|p2a: Dondozo|48\/100|[from] item: Leftovers\n|upkeep\n|\n|t:|1699894603\n|switch|p1a: Monke boom|Rillaboom, F|44\/100\n|-fieldstart|move: Grassy Terrain|[from] ability: Grassy Surge|[of] p1a: Monke boom\n|turn|18\n|\n|t:|1699894611\n|move|p1a: Monke boom|Grassy Glide|p2a: Dondozo\n|-supereffective|p2a: Dondozo\n|-damage|p2a: Dondozo|0 fnt\n|faint|p2a: Dondozo\n|-damage|p1a: Monke boom|34\/100|[from] item: Life Orb\n|\n|-heal|p1a: Monke boom|40\/100|[from] Grassy Terrain\n|upkeep\n|\n|t:|1699894613\n|switch|p2a: Sharpedo|Sharpedo, F, shiny|100\/100\n|turn|19\n|\n|t:|1699894618\n|detailschange|p2a: Sharpedo|Sharpedo-Mega, F, shiny\n|-mega|p2a: Sharpedo|Sharpedo|Sharpedonite\n|move|p1a: Monke boom|Grassy Glide|p2a: Sharpedo\n|-supereffective|p2a: Sharpedo\n|-damage|p2a: Sharpedo|0 fnt\n|faint|p2a: Sharpedo\n|-damage|p1a: Monke boom|30\/100|[from] item: Life Orb\n|\n|win|Denzqqq\n|c|\u2606Denzqqq|Gg\n|c|\u2606D0JOmasterlord|gg\n|c|\u2606Denzqqq|1-9\n|c|\u2606D0JOmasterlord|\/\/2\n|c|\u2606Denzqqq|1-0*\n","uploadtime":1699894632,"views":10,"p1id":"denzqqq","p2id":"d0jomasterlord","formatid":"gen9nationaldex","rating":0,"private":0,"password":""}