{"id":"gen9nationaldex-1992768809","p1":"GenericEdgeLrd","p2":"schoolboy333","format":"[Gen 9] National Dex","log":"|j|\u2606GenericEdgeLrd\n|j|\u2606schoolboy333\n|t:|1700233785\n|gametype|singles\n|player|p1|GenericEdgeLrd|veteran|1209\n|player|p2|schoolboy333|byron|1105\n|teamsize|p1|6\n|teamsize|p2|6\n|gen|9\n|tier|[Gen 9] National Dex\n|rated|\n|rule|HP Percentage Mod: HP is shown in percentages\n|rule|Endless Battle Clause: Forcing endless battles is banned\n|rule|OHKO Clause: OHKO moves are banned\n|rule|Evasion Clause: Evasion abilities, items, and moves are banned\n|rule|Evasion Abilities Clause: Evasion abilities are banned\n|rule|Evasion Items Clause: Evasion items are banned\n|rule|Evasion Moves Clause: Evasion moves are banned\n|rule|Species Clause: Limit one of each Pok\u00e9mon\n|rule|Sleep Clause Mod: Limit one foe put to sleep\n|clearpoke\n|poke|p1|Dragonite, M|\n|poke|p1|Keldeo-Resolute|\n|poke|p1|Ogerpon-Cornerstone, F|\n|poke|p1|Aegislash, F|\n|poke|p1|Hatterene, F|\n|poke|p1|Mawile, M|\n|poke|p2|Garganacl, F|\n|poke|p2|Weavile, F|\n|poke|p2|Haxorus, M|\n|poke|p2|Scizor, M|\n|poke|p2|Grimmsnarl, M|\n|poke|p2|Clodsire, M|\n|teampreview\n|inactive|Battle timer is ON: inactive players will automatically lose when time's up. (requested by GenericEdgeLrd)\n|\n|t:|1700233797\n|start\n|switch|p1a: Magician|Hatterene, F, shiny|100\/100\n|switch|p2a: Mayo|Grimmsnarl, M, shiny|100\/100\n|turn|1\n|\n|t:|1700233803\n|move|p2a: Mayo|Taunt|p1a: Magician\n|move|p1a: Magician|Taunt|p2a: Mayo|[from]ability: Magic Bounce\n|-start|p2a: Mayo|move: Taunt\n|move|p1a: Magician|Nuzzle|p2a: Mayo\n|-damage|p2a: Mayo|95\/100\n|-status|p2a: Mayo|par\n|\n|upkeep\n|turn|2\n|\n|t:|1700233815\n|switch|p2a: Ketchup|Scizor, M|100\/100\n|move|p1a: Magician|Dazzling Gleam|p2a: Ketchup\n|-resisted|p2a: Ketchup\n|-damage|p2a: Ketchup|71\/100\n|\n|upkeep\n|turn|3\n|\n|t:|1700233821\n|detailschange|p2a: Ketchup|Scizor-Mega, M\n|-mega|p2a: Ketchup|Scizor|Scizorite\n|-terastallize|p1a: Magician|Fire\n|move|p2a: Ketchup|Bullet Punch|p1a: Magician\n|-resisted|p1a: Magician\n|-damage|p1a: Magician|84\/100\n|move|p1a: Magician|Mystical Fire|p2a: Ketchup\n|-supereffective|p2a: Ketchup\n|-damage|p2a: Ketchup|0 fnt\n|faint|p2a: Ketchup\n|\n|upkeep\n|\n|t:|1700233845\n|switch|p2a: Salt|Garganacl, F|100\/100\n|turn|4\n|\n|t:|1700233856\n|switch|p1a: Troll|Ogerpon-Cornerstone, F|100\/100\n|move|p2a: Salt|Salt Cure|p1a: Troll\n|-damage|p1a: Troll|83\/100\n|-start|p1a: Troll|Salt Cure\n|\n|-damage|p1a: Troll|71\/100|[from] Salt Cure\n|upkeep\n|turn|5\n|\n|t:|1700233867\n|move|p1a: Troll|Swords Dance|p1a: Troll\n|-boost|p1a: Troll|atk|2\n|move|p2a: Salt|Iron Defense|p2a: Salt\n|-boost|p2a: Salt|def|2\n|\n|-damage|p1a: Troll|59\/100|[from] Salt Cure\n|upkeep\n|turn|6\n|\n|t:|1700233875\n|move|p1a: Troll|Wood Hammer|p2a: Salt\n|-supereffective|p2a: Salt\n|-damage|p2a: Salt|0 fnt\n|faint|p2a: Salt\n|-damage|p1a: Troll|14\/100|[from] Recoil\n|\n|-damage|p1a: Troll|2\/100|[from] Salt Cure\n|upkeep\n|\n|t:|1700233899\n|switch|p2a: Mustard|Weavile, F, shiny|100\/100\n|-ability|p2a: Mustard|Pressure\n|turn|7\n|\n|t:|1700233913\n|move|p2a: Mustard|Knock Off|p1a: Troll\n|-damage|p1a: Troll|0 fnt\n|faint|p1a: Troll\n|-damage|p2a: Mustard|91\/100|[from] item: Life Orb\n|\n|upkeep\n|\n|t:|1700233919\n|switch|p1a: Unicorn|Keldeo-Resolute|100\/100\n|turn|8\n|inactive|schoolboy333 has 120 seconds left.\n|\n|t:|1700233948\n|switch|p2a: Sausage|Clodsire, M|100\/100\n|move|p1a: Unicorn|Protect||[still]\n|-fail|p1a: Unicorn\n|\n|upkeep\n|turn|9\n|inactive|schoolboy333 has 120 seconds left.\n|\n|t:|1700233959\n|move|p1a: Unicorn|Hydro Pump|p2a: Sausage\n|-supereffective|p2a: Sausage\n|-damage|p2a: Sausage|18\/100\n|move|p2a: Sausage|Stealth Rock|p1a: Unicorn\n|-sidestart|p1: GenericEdgeLrd|move: Stealth Rock\n|\n|-heal|p2a: Sausage|24\/100|[from] item: Black Sludge\n|upkeep\n|turn|10\n|inactive|schoolboy333 has 120 seconds left.\n|\n|t:|1700233973\n|switch|p2a: Relish|Haxorus, M|100\/100\n|-ability|p2a: Relish|Mold Breaker\n|move|p1a: Unicorn|Focus Blast|p2a: Relish\n|-damage|p2a: Relish|13\/100\n|\n|upkeep\n|turn|11\n|inactive|schoolboy333 has 120 seconds left.\n|\n|t:|1700233987\n|move|p2a: Relish|Iron Head|p1a: Unicorn\n|-resisted|p1a: Unicorn\n|-damage|p1a: Unicorn|82\/100\n|cant|p1a: Unicorn|flinch\n|\n|upkeep\n|turn|12\n|inactive|schoolboy333 has 120 seconds left.\n|\n|t:|1700234000\n|move|p1a: Unicorn|Protect|p1a: Unicorn\n|-singleturn|p1a: Unicorn|Protect\n|move|p2a: Relish|Iron Head|p1a: Unicorn\n|-activate|p1a: Unicorn|move: Protect\n|\n|upkeep\n|turn|13\n|\n|t:|1700234005\n|move|p2a: Relish|Iron Head|p1a: Unicorn\n|-resisted|p1a: Unicorn\n|-damage|p1a: Unicorn|64\/100\n|move|p1a: Unicorn|Hydro Pump|p2a: Relish\n|-resisted|p2a: Relish\n|-damage|p2a: Relish|0 fnt\n|faint|p2a: Relish\n|\n|upkeep\n|\n|t:|1700234012\n|switch|p2a: Mayo|Grimmsnarl, M, shiny|95\/100 par\n|turn|14\n|\n|t:|1700234018\n|move|p2a: Mayo|Light Screen|p2a: Mayo\n|-sidestart|p2: schoolboy333|move: Light Screen\n|move|p1a: Unicorn|Hydro Pump|p2a: Mayo\n|-damage|p2a: Mayo|74\/100 par\n|\n|upkeep\n|turn|15\n|\n|t:|1700234022\n|move|p2a: Mayo|Reflect|p2a: Mayo\n|-sidestart|p2: schoolboy333|Reflect\n|move|p1a: Unicorn|Hydro Pump|p2a: Mayo|[miss]\n|-miss|p1a: Unicorn|p2a: Mayo\n|-enditem|p1a: Unicorn|Blunder Policy\n|-boost|p1a: Unicorn|spe|2\n|\n|upkeep\n|turn|16\n|\n|t:|1700234036\n|move|p1a: Unicorn|Protect|p1a: Unicorn\n|-singleturn|p1a: Unicorn|Protect\n|move|p2a: Mayo|Parting Shot|p1a: Unicorn\n|-activate|p1a: Unicorn|move: Protect\n|\n|upkeep\n|turn|17\n|\n|t:|1700234048\n|move|p2a: Mayo|Parting Shot|p1a: Unicorn\n|-unboost|p1a: Unicorn|atk|1\n|-unboost|p1a: Unicorn|spa|1\n|\n|t:|1700234067\n|switch|p2a: Sausage|Clodsire, M|24\/100|[from] Parting Shot\n|move|p1a: Unicorn|Focus Blast|p2a: Sausage\n|-resisted|p2a: Sausage\n|-damage|p2a: Sausage|13\/100\n|\n|-heal|p2a: Sausage|20\/100|[from] item: Black Sludge\n|upkeep\n|turn|18\n|\n|t:|1700234074\n|move|p1a: Unicorn|Hydro Pump|p2a: Sausage\n|-supereffective|p2a: Sausage\n|-crit|p2a: Sausage\n|-damage|p2a: Sausage|0 fnt\n|faint|p2a: Sausage\n|\n|upkeep\n|\n|t:|1700234077\n|switch|p2a: Mustard|Weavile, F, shiny|91\/100\n|-ability|p2a: Mustard|Pressure\n|turn|19\n|\n|t:|1700234094\n|move|p1a: Unicorn|Protect|p1a: Unicorn\n|-singleturn|p1a: Unicorn|Protect\n|move|p2a: Mustard|Brick Break|p1a: Unicorn\n|-activate|p1a: Unicorn|move: Protect\n|\n|upkeep\n|turn|20\n|\n|t:|1700234102\n|move|p1a: Unicorn|Focus Blast|p2a: Mustard\n|-supereffective|p2a: Mustard\n|-damage|p2a: Mustard|0 fnt\n|faint|p2a: Mustard\n|\n|upkeep\n|\n|t:|1700234105\n|switch|p2a: Mayo|Grimmsnarl, M, shiny|74\/100 par\n|turn|21\n|\n|t:|1700234110\n|cant|p2a: Mayo|par\n|move|p1a: Unicorn|Focus Blast|p2a: Mayo\n|-damage|p2a: Mayo|59\/100 par\n|\n|-sideend|p2: schoolboy333|move: Light Screen\n|upkeep\n|turn|22\n|-message|schoolboy333 forfeited.\n|\n|win|GenericEdgeLrd\n|raw|GenericEdgeLrd's rating: 1209 &rarr; <strong>1227<\/strong><br \/>(+18 for winning)\n|raw|schoolboy333's rating: 1105 &rarr; <strong>1087<\/strong><br \/>(-18 for losing)\n|l|\u2606schoolboy333\n|j|\u2606schoolboy333\n|player|p2|schoolboy333|byron\n|l|\u2606GenericEdgeLrd\n|c|\u2606schoolboy333|gg\n|l|\u2606schoolboy333\n|player|p2|\n|j|\u2606schoolboy333\n|player|p2|schoolboy333|byron\n","uploadtime":1700234303,"views":23,"p1id":"genericedgelrd","p2id":"schoolboy333","formatid":"gen9nationaldex","rating":1087,"private":0,"password":""}