{"id":"gen9nationaldex-1995722116","p1":"random name.mp4","p2":"FlyingAintReal","format":"[Gen 9] National Dex","log":"|html|<div class=\"broadcast-blue\"><strong>[Gen 9] National Dex is currently suspecting Sneasler! For information on how to participate check out the <a href=\"https:\/\/www.smogon.com\/forums\/threads\/sv-national-dex-suspect-8-just-dance.3731534\/\">suspect thread<\/a>.<\/strong><\/div>\n|j|\u2606random name.mp4\n|j|\u2606FlyingAintReal\n|t:|1700597068\n|gametype|singles\n|player|p1|random name.mp4|guzma|1270\n|player|p2|FlyingAintReal|cynthia-masters|1338\n|teamsize|p1|6\n|teamsize|p2|6\n|gen|9\n|tier|[Gen 9] National Dex\n|rated|\n|rule|HP Percentage Mod: HP is shown in percentages\n|rule|Endless Battle Clause: Forcing endless battles is banned\n|rule|OHKO Clause: OHKO moves are banned\n|rule|Evasion Clause: Evasion abilities, items, and moves are banned\n|rule|Evasion Abilities Clause: Evasion abilities are banned\n|rule|Evasion Items Clause: Evasion items are banned\n|rule|Evasion Moves Clause: Evasion moves are banned\n|rule|Species Clause: Limit one of each Pok\u00e9mon\n|rule|Sleep Clause Mod: Limit one foe put to sleep\n|clearpoke\n|poke|p1|Bisharp, F|\n|poke|p1|Ferrothorn, F|\n|poke|p1|Heatran, M|\n|poke|p1|Skarmory, F|\n|poke|p1|Jirachi|\n|poke|p1|Mawile, M|\n|poke|p2|Sneasler, F|\n|poke|p2|Banette, F|\n|poke|p2|Ting-Lu|\n|poke|p2|Tapu Lele|\n|poke|p2|Slowbro, M|\n|poke|p2|Torterra, M|\n|teampreview\n|inactive|Battle timer is ON: inactive players will automatically lose when time's up. (requested by FlyingAintReal)\n|c|\u2606random name.mp4|glhf\n|c|\u2606FlyingAintReal|glhf\n|\n|t:|1700597077\n|start\n|switch|p1a: no touchy|Ferrothorn, F|100\/100\n|switch|p2a: Torterra|Torterra, M|100\/100\n|turn|1\n|\n|t:|1700597087\n|move|p2a: Torterra|Shell Smash|p2a: Torterra\n|-unboost|p2a: Torterra|def|1\n|-unboost|p2a: Torterra|spd|1\n|-boost|p2a: Torterra|atk|2\n|-boost|p2a: Torterra|spa|2\n|-boost|p2a: Torterra|spe|2\n|move|p1a: no touchy|Stealth Rock|p2a: Torterra\n|-sidestart|p2: FlyingAintReal|move: Stealth Rock\n|\n|upkeep\n|turn|2\n|\n|t:|1700597094\n|move|p2a: Torterra|Headlong Rush|p1a: no touchy\n|-damage|p1a: no touchy|1\/100\n|-unboost|p2a: Torterra|def|1\n|-unboost|p2a: Torterra|spd|1\n|-damage|p2a: Torterra|88\/100|[from] ability: Iron Barbs|[of] p1a: no touchy\n|move|p1a: no touchy|Gyro Ball|p2a: Torterra\n|-damage|p2a: Torterra|0 fnt\n|faint|p2a: Torterra\n|\n|-heal|p1a: no touchy|7\/100|[from] item: Leftovers\n|upkeep\n|\n|t:|1700597106\n|switch|p2a: Tapu Lele|Tapu Lele|100\/100\n|-damage|p2a: Tapu Lele|88\/100|[from] Stealth Rock\n|-fieldstart|move: Psychic Terrain|[from] ability: Psychic Surge|[of] p2a: Tapu Lele\n|turn|3\n|\n|t:|1700597110\n|move|p2a: Tapu Lele|Moonblast|p1a: no touchy\n|-resisted|p1a: no touchy\n|-damage|p1a: no touchy|0 fnt\n|faint|p1a: no touchy\n|\n|upkeep\n|\n|t:|1700597116\n|switch|p1a: bird up|Skarmory, F|100\/100\n|turn|4\n|\n|t:|1700597122\n|switch|p2a: Ting-Lu|Ting-Lu|100\/100\n|-damage|p2a: Ting-Lu|94\/100|[from] Stealth Rock\n|-ability|p2a: Ting-Lu|Vessel of Ruin\n|move|p1a: bird up|Spikes|p2a: Ting-Lu\n|-sidestart|p2: FlyingAintReal|Spikes\n|\n|-heal|p2a: Ting-Lu|100\/100|[from] item: Leftovers\n|upkeep\n|turn|5\n|\n|t:|1700597125\n|move|p1a: bird up|Spikes|p2a: Ting-Lu\n|-sidestart|p2: FlyingAintReal|Spikes\n|move|p2a: Ting-Lu|Stealth Rock|p1a: bird up\n|-sidestart|p1: random name.mp4|move: Stealth Rock\n|\n|upkeep\n|turn|6\n|\n|t:|1700597130\n|move|p1a: bird up|Defog|p2a: Ting-Lu\n|-unboost|p2a: Ting-Lu|evasion|1\n|-sideend|p2: FlyingAintReal|Spikes|[from] move: Defog|[of] p1a: bird up\n|-sideend|p2: FlyingAintReal|Stealth Rock|[from] move: Defog|[of] p1a: bird up\n|-sideend|p1: random name.mp4|Stealth Rock|[from] move: Defog|[of] p1a: bird up\n|-fieldend|move: Psychic Terrain\n|move|p2a: Ting-Lu|Whirlwind|p1a: bird up\n|drag|p1a: magma spider|Heatran, M|100\/100\n|\n|upkeep\n|turn|7\n|\n|t:|1700597138\n|-terastallize|p1a: magma spider|Fire\n|move|p1a: magma spider|Eruption|p2a: Ting-Lu\n|-damage|p2a: Ting-Lu|54\/100\n|move|p2a: Ting-Lu|Whirlwind|p1a: magma spider\n|drag|p1a: shooting stars|Jirachi|100\/100\n|\n|-heal|p2a: Ting-Lu|60\/100|[from] item: Leftovers\n|upkeep\n|turn|8\n|\n|t:|1700597143\n|move|p1a: shooting stars|Meteor Mash|p2a: Ting-Lu\n|-damage|p2a: Ting-Lu|39\/100\n|move|p2a: Ting-Lu|Earthquake|p1a: shooting stars\n|-supereffective|p1a: shooting stars\n|-damage|p1a: shooting stars|22\/100\n|\n|-heal|p2a: Ting-Lu|45\/100|[from] item: Leftovers\n|upkeep\n|turn|9\n|\n|t:|1700597147\n|move|p1a: shooting stars|Meteor Mash|p2a: Ting-Lu\n|-damage|p2a: Ting-Lu|24\/100\n|move|p2a: Ting-Lu|Earthquake|p1a: shooting stars\n|-supereffective|p1a: shooting stars\n|-damage|p1a: shooting stars|0 fnt\n|faint|p1a: shooting stars\n|\n|-heal|p2a: Ting-Lu|31\/100|[from] item: Leftovers\n|upkeep\n|\n|t:|1700597151\n|switch|p1a: bird up|Skarmory, F|100\/100\n|turn|10\n|\n|t:|1700597155\n|move|p1a: bird up|Stealth Rock|p2a: Ting-Lu\n|-sidestart|p2: FlyingAintReal|move: Stealth Rock\n|move|p2a: Ting-Lu|Whirlwind|p1a: bird up\n|drag|p1a: magma spider|Heatran, M, tera:Fire|100\/100\n|\n|-heal|p2a: Ting-Lu|37\/100|[from] item: Leftovers\n|upkeep\n|turn|11\n|\n|t:|1700597159\n|move|p1a: magma spider|Eruption|p2a: Ting-Lu\n|-damage|p2a: Ting-Lu|0 fnt\n|faint|p2a: Ting-Lu\n|\n|upkeep\n|\n|t:|1700597182\n|switch|p2a: Slowbro|Slowbro, M|100\/100\n|turn|12\n|\n|t:|1700597187\n|switch|p1a: bird up|Skarmory, F|100\/100\n|move|p2a: Slowbro|Scald|p1a: bird up\n|-damage|p1a: bird up|61\/100\n|\n|upkeep\n|turn|13\n|\n|t:|1700597199\n|switch|p2a: Banette|Banette, F|100\/100\n|-damage|p2a: Banette|88\/100|[from] Stealth Rock\n|move|p1a: bird up|Spikes|p2a: Banette\n|-sidestart|p2: FlyingAintReal|Spikes\n|\n|upkeep\n|turn|14\n|\n|t:|1700597202\n|detailschange|p2a: Banette|Banette-Mega, F\n|-mega|p2a: Banette|Banette|Banettite\n|move|p2a: Banette|Destiny Bond|p2a: Banette\n|-singlemove|p2a: Banette|Destiny Bond\n|move|p1a: bird up|Spikes|p2a: Banette\n|-sidestart|p2: FlyingAintReal|Spikes\n|\n|upkeep\n|turn|15\n|\n|t:|1700597206\n|move|p2a: Banette|Poltergeist|p1a: bird up|[miss]\n|-miss|p2a: Banette|p1a: bird up\n|move|p1a: bird up|Spikes|p2a: Banette\n|-sidestart|p2: FlyingAintReal|Spikes\n|\n|upkeep\n|turn|16\n|\n|t:|1700597209\n|move|p2a: Banette|Encore|p1a: bird up\n|-start|p1a: bird up|Encore\n|move|p1a: bird up|Spikes||[still]\n|-fail|p1a: bird up\n|\n|upkeep\n|turn|17\n|\n|t:|1700597212\n|move|p2a: Banette|Poltergeist|p1a: bird up\n|-activate|p1a: bird up|move: Poltergeist|Custap Berry\n|-damage|p1a: bird up|23\/100\n|move|p1a: bird up|Spikes||[still]\n|-fail|p1a: bird up\n|\n|upkeep\n|turn|18\n|-enditem|p1a: bird up|Custap Berry|[eat]\n|-activate|p1a: bird up|item: Custap Berry|[consumed]\n|\n|t:|1700597215\n|move|p1a: bird up|Spikes||[still]\n|-fail|p1a: bird up\n|move|p2a: Banette|Knock Off|p1a: bird up\n|-damage|p1a: bird up|8\/100\n|\n|-end|p1a: bird up|Encore\n|upkeep\n|turn|19\n|\n|t:|1700597221\n|move|p2a: Banette|Encore|p1a: bird up\n|-start|p1a: bird up|Encore\n|move|p1a: bird up|Spikes||[still]\n|-fail|p1a: bird up\n|\n|upkeep\n|turn|20\n|\n|t:|1700597223\n|move|p2a: Banette|Knock Off|p1a: bird up\n|-damage|p1a: bird up|0 fnt\n|faint|p1a: bird up\n|\n|upkeep\n|\n|t:|1700597228\n|switch|p1a: double chomp|Mawile, M, shiny|100\/100\n|-ability|p1a: double chomp|Intimidate|boost\n|-unboost|p2a: Banette|atk|1\n|turn|21\n|\n|t:|1700597237\n|switch|p1a: iron man!!|Bisharp, F|100\/100\n|move|p2a: Banette|Destiny Bond|p2a: Banette\n|-singlemove|p2a: Banette|Destiny Bond\n|\n|upkeep\n|turn|22\n|\n|t:|1700597243\n|switch|p1a: double chomp|Mawile, M, shiny|100\/100\n|-ability|p1a: double chomp|Intimidate|boost\n|-unboost|p2a: Banette|atk|1\n|move|p2a: Banette|Knock Off|p1a: double chomp\n|-resisted|p1a: double chomp\n|-damage|p1a: double chomp|91\/100\n|\n|upkeep\n|turn|23\n|\n|t:|1700597258\n|switch|p1a: iron man!!|Bisharp, F|100\/100\n|move|p2a: Banette|Destiny Bond|p2a: Banette\n|-singlemove|p2a: Banette|Destiny Bond\n|\n|upkeep\n|turn|24\n|\n|t:|1700597263\n|switch|p1a: double chomp|Mawile, M, shiny|91\/100\n|-ability|p1a: double chomp|Intimidate|boost\n|-unboost|p2a: Banette|atk|1\n|move|p2a: Banette|Poltergeist|p1a: double chomp|[miss]\n|-miss|p2a: Banette|p1a: double chomp\n|\n|upkeep\n|turn|25\n|\n|t:|1700597272\n|switch|p2a: Tapu Lele|Tapu Lele|88\/100\n|-damage|p2a: Tapu Lele|76\/100|[from] Stealth Rock\n|-damage|p2a: Tapu Lele|51\/100|[from] Spikes\n|-fieldstart|move: Psychic Terrain|[from] ability: Psychic Surge|[of] p2a: Tapu Lele\n|switch|p1a: iron man!!|Bisharp, F|100\/100\n|\n|upkeep\n|turn|26\n|\n|t:|1700597278\n|move|p2a: Tapu Lele|Moonblast|p1a: iron man!!\n|-damage|p1a: iron man!!|29\/100\n|-unboost|p1a: iron man!!|spa|1\n|-ability|p1a: iron man!!|Defiant|boost\n|-boost|p1a: iron man!!|atk|2\n|move|p1a: iron man!!|Iron Head|p2a: Tapu Lele\n|-supereffective|p2a: Tapu Lele\n|-damage|p2a: Tapu Lele|0 fnt\n|faint|p2a: Tapu Lele\n|\n|upkeep\n|\n|t:|1700597285\n|switch|p2a: Sneasler|Sneasler, F|100\/100\n|-damage|p2a: Sneasler|95\/100|[from] Stealth Rock\n|-damage|p2a: Sneasler|70\/100|[from] Spikes\n|-enditem|p2a: Sneasler|Psychic Seed\n|-boost|p2a: Sneasler|spd|1|[from] item: Psychic Seed\n|turn|27\n|\n|t:|1700597291\n|-terastallize|p2a: Sneasler|Flying\n|move|p1a: iron man!!|Sucker Punch|p2a: Sneasler\n|-hint|Psychic Terrain doesn't affect Pok\u00e9mon immune to Ground.\n|-damage|p2a: Sneasler|0 fnt\n|faint|p2a: Sneasler\n|\n|upkeep\n|\n|t:|1700597299\n|switch|p2a: Banette|Banette-Mega, F|88\/100\n|-damage|p2a: Banette|76\/100|[from] Stealth Rock\n|-damage|p2a: Banette|51\/100|[from] Spikes\n|turn|28\n|c|\u2606random name.mp4|I DIDNT EVEN MEAN TO DO THAT\n|c|\u2606random name.mp4|THAT WAS COOL WHAT THE HELL\n|\n|t:|1700597309\n|move|p2a: Banette|Knock Off|p1a: iron man!!\n|-resisted|p1a: iron man!!\n|-damage|p1a: iron man!!|16\/100\n|-enditem|p1a: iron man!!|Eviolite|[from] move: Knock Off|[of] p2a: Banette\n|move|p1a: iron man!!|Knock Off|p2a: Banette\n|-supereffective|p2a: Banette\n|-damage|p2a: Banette|0 fnt\n|faint|p2a: Banette\n|\n|upkeep\n|c|\u2606FlyingAintReal|i forgot about the flying type\n|\n|t:|1700597315\n|switch|p2a: Slowbro|Slowbro, M|100\/100\n|turn|29\n|c|\u2606random name.mp4|yeah\n|c|\u2606random name.mp4|and i forgot about psychic terrain\n|c|\u2606random name.mp4|but\n|\n|t:|1700597323\n|move|p1a: iron man!!|Knock Off|p2a: Slowbro\n|-supereffective|p2a: Slowbro\n|-damage|p2a: Slowbro|0 fnt\n|-enditem|p2a: Slowbro|Heavy-Duty Boots|[from] move: Knock Off|[of] p1a: iron man!!\n|faint|p2a: Slowbro\n|\n|win|random name.mp4\n|raw|random name.mp4's rating: 1270 &rarr; <strong>1300<\/strong><br \/>(+30 for winning)\n|raw|FlyingAintReal's rating: 1338 &rarr; <strong>1314<\/strong><br \/>(-24 for losing)\n|c|\u2606random name.mp4|gg\n|l|\u2606FlyingAintReal\n","uploadtime":1700597331,"views":8,"p1id":"randomnamemp4","p2id":"flyingaintreal","formatid":"gen9nationaldex","rating":1300,"private":0,"password":""}