{"id":"gen9nationaldex-1988210281","p1":"XYStarshone.\u661f\u8000","p2":"ZLSJ","format":"[Gen 9] National Dex","log":"|j|\u2606XYStarshone.\u661f\u8000\n|j|\u2606ZLSJ\n|t:|1699685913\n|gametype|singles\n|player|p1|XYStarshone.\u661f\u8000|psychic-lgpe|\n|player|p2|ZLSJ|cyclistf-gen4|\n|teamsize|p1|6\n|teamsize|p2|6\n|gen|9\n|tier|[Gen 9] National Dex\n|rated|Tournament battle\n|rule|HP Percentage Mod: HP is shown in percentages\n|rule|Endless Battle Clause: Forcing endless battles is banned\n|rule|OHKO Clause: OHKO moves are banned\n|rule|Evasion Clause: Evasion abilities, items, and moves are banned\n|rule|Evasion Abilities Clause: Evasion abilities are banned\n|rule|Evasion Items Clause: Evasion items are banned\n|rule|Evasion Moves Clause: Evasion moves are banned\n|rule|Species Clause: Limit one of each Pok\u00e9mon\n|rule|Sleep Clause Mod: Limit one foe put to sleep\n|clearpoke\n|poke|p1|Ceruledge, M|\n|poke|p1|Great Tusk|\n|poke|p1|Iron Valiant|\n|poke|p1|Banette, F|\n|poke|p1|Volcanion|\n|poke|p1|Serperior, F|\n|poke|p2|Kartana|\n|poke|p2|Blaziken, M|\n|poke|p2|Ting-Lu|\n|poke|p2|Ogerpon-Wellspring, F|\n|poke|p2|Tapu Lele|\n|poke|p2|Zapdos|\n|teampreview\n|j|@taoke\n|j| xdswl\n|\n|t:|1699685942\n|start\n|switch|p1a: Volcanion|Volcanion|100\/100\n|switch|p2a: Tapu Lele|Tapu Lele|100\/100\n|-fieldstart|move: Psychic Terrain|[from] ability: Psychic Surge|[of] p2a: Tapu Lele\n|turn|1\n|\n|t:|1699685949\n|-terastallize|p2a: Tapu Lele|Psychic\n|move|p2a: Tapu Lele|Psychic|p1a: Volcanion\n|-damage|p1a: Volcanion|1\/100\n|-unboost|p1a: Volcanion|spd|1\n|move|p1a: Volcanion|Steam Eruption|p2a: Tapu Lele\n|-damage|p2a: Tapu Lele|32\/100\n|-status|p2a: Tapu Lele|brn\n|\n|-damage|p2a: Tapu Lele|26\/100 brn|[from] brn\n|upkeep\n|turn|2\n|c| xdswl|\uff1f\n|c| xdswl|\u8fd9\u90fd\u884c\uff1f\n|c|\u2606ZLSJ|\u70b9\u4e00\u4e0b\n|j| zxcvbnmmnbvcx\n|\n|t:|1699685979\n|move|p2a: Tapu Lele|Psychic|p1a: Volcanion\n|-damage|p1a: Volcanion|0 fnt\n|faint|p1a: Volcanion\n|\n|-damage|p2a: Tapu Lele|20\/100 brn|[from] brn\n|upkeep\n|c|\u2606XYStarshone.\u661f\u8000|\u597d\u597d\u597d\n|inactive|Battle timer is ON: inactive players will automatically lose when time's up. (requested by ZLSJ)\n|c|\u2606XYStarshone.\u661f\u8000|\u56f4\u5dfe\u8776\u8776\u5e94\u8be5\u662f\n|c| xdswl|\u8fd8\u70b9\u4e00\u4e0b\uff1f\n|\n|t:|1699685994\n|switch|p1a: Iron Valiant|Iron Valiant, shiny|100\/100\n|-enditem|p1a: Iron Valiant|Booster Energy\n|-activate|p1a: Iron Valiant|ability: Quark Drive|[fromitem]\n|-start|p1a: Iron Valiant|quarkdrivespe\n|turn|3\n|\n|t:|1699685998\n|switch|p2a: Zapdos|Zapdos|100\/100\n|move|p1a: Iron Valiant|Knock Off|p2a: Zapdos\n|-damage|p2a: Zapdos|76\/100\n|-enditem|p2a: Zapdos|Heavy-Duty Boots|[from] move: Knock Off|[of] p1a: Iron Valiant\n|\n|upkeep\n|turn|4\n|c| xdswl|\u661f\u8000\n|c|\u2606XYStarshone.\u661f\u8000|\u554a\n|c| xdswl|\u8fc7\u5206\u4e86\u554a\n|c|\u2606XYStarshone.\u661f\u8000|\u2026\u2026\u6709\u70b9\u96be\u8bf4\u4e86\n|j| weiwoduzun\u696a\u7948\n|c| xdswl|\u5e73\u65f6\u4e0d\u90fd\u662f\u975e\u914b\u5417\uff1f\n|l| weiwoduzun\u696a\u7948\n|inactive|XYStarshone.\u661f\u8000 has 120 seconds left.\n|j| Art234\n|c| xdswl|\u600e\u4e48\u4eca\u5929\u6b27\u6210\u8fd9\u6837\uff1f\n|j| winlike\n|c|\u2606XYStarshone.\u661f\u8000|\u6211\u600e\u4e48\u4f60\u4e86\n|j| weiwoduzun\u696a\u7948\n|l|@taoke\n|\n|t:|1699686047\n|-terastallize|p1a: Iron Valiant|Steel\n|move|p1a: Iron Valiant|Swords Dance|p1a: Iron Valiant\n|-boost|p1a: Iron Valiant|atk|2\n|move|p2a: Zapdos|Hurricane|p1a: Iron Valiant\n|-resisted|p1a: Iron Valiant\n|-damage|p1a: Iron Valiant|62\/100\n|\n|upkeep\n|turn|5\n|\n|t:|1699686058\n|move|p1a: Iron Valiant|Knock Off|p2a: Zapdos\n|-damage|p2a: Zapdos|45\/100\n|move|p2a: Zapdos|Volt Switch|p1a: Iron Valiant\n|-damage|p1a: Iron Valiant|13\/100\n|\n|t:|1699686067\n|switch|p2a: Blaziken|Blaziken, M|100\/100|[from] Volt Switch\n|\n|-fieldend|move: Psychic Terrain\n|upkeep\n|turn|6\n|c|\u2606XYStarshone.\u661f\u8000|\u5e9f\u7269\u94c1\u6b66\u8005\n|\n|t:|1699686072\n|move|p2a: Blaziken|Protect|p2a: Blaziken\n|-singleturn|p2a: Blaziken|Protect\n|move|p1a: Iron Valiant|Close Combat|p2a: Blaziken\n|-activate|p2a: Blaziken|move: Protect\n|\n|-ability|p2a: Blaziken|Speed Boost|boost\n|-boost|p2a: Blaziken|spe|1\n|upkeep\n|turn|7\n|c|\u2606XYStarshone.\u661f\u8000|ok\n|c|\u2606XYStarshone.\u661f\u8000|\u559c\u6b22\u4fdd\u62a4\u662f\u5427\n|\n|t:|1699686078\n|move|p2a: Blaziken|Protect||[still]\n|-fail|p2a: Blaziken\n|move|p1a: Iron Valiant|Encore|p2a: Blaziken\n|-start|p2a: Blaziken|Encore\n|\n|-ability|p2a: Blaziken|Speed Boost|boost\n|-boost|p2a: Blaziken|spe|1\n|upkeep\n|turn|8\n|\n|t:|1699686083\n|move|p2a: Blaziken|Protect|p2a: Blaziken\n|-singleturn|p2a: Blaziken|Protect\n|move|p1a: Iron Valiant|Close Combat|p2a: Blaziken\n|-activate|p2a: Blaziken|move: Protect\n|\n|-ability|p2a: Blaziken|Speed Boost|boost\n|-boost|p2a: Blaziken|spe|1\n|upkeep\n|turn|9\n|c| Art234|ZLSJ\n|\n|t:|1699686088\n|move|p2a: Blaziken|Protect|p2a: Blaziken\n|-singleturn|p2a: Blaziken|Protect\n|move|p1a: Iron Valiant|Close Combat|p2a: Blaziken\n|-activate|p2a: Blaziken|move: Protect\n|\n|-ability|p2a: Blaziken|Speed Boost|boost\n|-boost|p2a: Blaziken|spe|1\n|upkeep\n|turn|10\n|c|\u2606XYStarshone.\u661f\u8000|\u559c\u6b22\u4fdd\u62a4\u662f\u5427\uff01\n|\n|t:|1699686093\n|move|p2a: Blaziken|Protect||[still]\n|-fail|p2a: Blaziken\n|move|p1a: Iron Valiant|Close Combat|p2a: Blaziken\n|-damage|p2a: Blaziken|0 fnt\n|-unboost|p1a: Iron Valiant|def|1\n|-unboost|p1a: Iron Valiant|spd|1\n|faint|p2a: Blaziken\n|\n|upkeep\n|\n|t:|1699686100\n|switch|p2a: Zapdos|Zapdos|45\/100\n|turn|11\n|c| xdswl|\u9f13\u638c\u54e5\uff08\n|\n|t:|1699686105\n|move|p1a: Iron Valiant|Close Combat|p2a: Zapdos\n|-resisted|p2a: Zapdos\n|-damage|p2a: Zapdos|1\/100\n|-unboost|p1a: Iron Valiant|def|1\n|-unboost|p1a: Iron Valiant|spd|1\n|-status|p1a: Iron Valiant|par|[from] ability: Static|[of] p2a: Zapdos\n|move|p2a: Zapdos|Volt Switch|p1a: Iron Valiant\n|-damage|p1a: Iron Valiant|0 fnt\n|faint|p1a: Iron Valiant\n|-end|p1a: Iron Valiant|Quark Drive|[silent]\n|c|\u2606XYStarshone.\u661f\u8000|\u516d\n|c| xdswl|\u597d\uff01\n|c|\u2606XYStarshone.\u661f\u8000|\u597d\u597d\n|c|\u2606XYStarshone.\u661f\u8000|\u94c1\u6b66\u8005\u4f60\u53ef\u4ee5\u554a\n|\n|t:|1699686115\n|switch|p2a: Ogerpon|Ogerpon-Wellspring, F|100\/100|[from] Volt Switch\n|\n|upkeep\n|c|\u2606XYStarshone.\u661f\u8000|\u90a3\u6321\u4e0d\u4f4f\u8776\u8776\u4e86\n|\n|t:|1699686122\n|switch|p1a: Ceruledge|Ceruledge, M|100\/100\n|turn|12\n|\n|t:|1699686126\n|move|p1a: Ceruledge|Endure|p1a: Ceruledge\n|-singleturn|p1a: Ceruledge|move: Endure\n|move|p2a: Ogerpon|Ivy Cudgel|p1a: Ceruledge\n|-supereffective|p1a: Ceruledge\n|-activate|p1a: Ceruledge|move: Endure\n|-damage|p1a: Ceruledge|1\/100\n|-ability|p1a: Ceruledge|Weak Armor|boost\n|-unboost|p1a: Ceruledge|def|1\n|-boost|p1a: Ceruledge|spe|2\n|-enditem|p1a: Ceruledge|Weakness Policy\n|-boost|p1a: Ceruledge|atk|2|[from] item: Weakness Policy\n|-boost|p1a: Ceruledge|spa|2|[from] item: Weakness Policy\n|\n|upkeep\n|turn|13\n|c| Art234|\u6709\u620f\n|\n|t:|1699686131\n|move|p1a: Ceruledge|Bitter Blade|p2a: Ogerpon\n|-damage|p2a: Ogerpon|0 fnt\n|-heal|p1a: Ceruledge|53\/100|[from] drain|[of] p2a: Ogerpon\n|faint|p2a: Ogerpon\n|\n|upkeep\n|\n|t:|1699686134\n|switch|p2a: Ting-Lu|Ting-Lu|100\/100\n|-ability|p2a: Ting-Lu|Vessel of Ruin\n|turn|14\n|\n|t:|1699686136\n|move|p1a: Ceruledge|Close Combat|p2a: Ting-Lu\n|-supereffective|p2a: Ting-Lu\n|-damage|p2a: Ting-Lu|6\/100\n|-unboost|p1a: Ceruledge|def|1\n|-unboost|p1a: Ceruledge|spd|1\n|move|p2a: Ting-Lu|Earthquake|p1a: Ceruledge\n|-supereffective|p1a: Ceruledge\n|-damage|p1a: Ceruledge|0 fnt\n|faint|p1a: Ceruledge\n|\n|-heal|p2a: Ting-Lu|12\/100|[from] item: Leftovers\n|upkeep\n|c|\u2606XYStarshone.\u661f\u8000|\u2026\u2026\n|c|\u2606XYStarshone.\u661f\u8000|\u4f60\u884c\n|\n|t:|1699686145\n|switch|p1a: Serperior|Serperior, F, shiny|100\/100\n|turn|15\n|\n|t:|1699686147\n|move|p1a: Serperior|Substitute|p1a: Serperior\n|-start|p1a: Serperior|Substitute\n|-damage|p1a: Serperior|76\/100\n|move|p2a: Ting-Lu|Whirlwind|p1a: Serperior\n|drag|p1a: Great Tusk|Great Tusk|100\/100\n|-enditem|p1a: Great Tusk|Booster Energy\n|-activate|p1a: Great Tusk|ability: Protosynthesis|[fromitem]\n|-start|p1a: Great Tusk|protosynthesisspe\n|\n|-heal|p2a: Ting-Lu|18\/100|[from] item: Leftovers\n|upkeep\n|turn|16\n|c| xdswl|\u54e6\uff01\n|\n|t:|1699686152\n|move|p1a: Great Tusk|Ice Spinner|p2a: Ting-Lu\n|-supereffective|p2a: Ting-Lu\n|-damage|p2a: Ting-Lu|0 fnt\n|faint|p2a: Ting-Lu\n|\n|upkeep\n|\n|t:|1699686155\n|switch|p2a: Tapu Lele|Tapu Lele, tera:Psychic|20\/100 brn\n|-fieldstart|move: Psychic Terrain|[from] ability: Psychic Surge|[of] p2a: Tapu Lele\n|turn|17\n|c|\u2606XYStarshone.\u661f\u8000|\u5b8c\n|\n|t:|1699686159\n|move|p2a: Tapu Lele|Psychic|p1a: Great Tusk\n|-supereffective|p1a: Great Tusk\n|-damage|p1a: Great Tusk|0 fnt\n|faint|p1a: Great Tusk\n|-end|p1a: Great Tusk|Protosynthesis|[silent]\n|\n|-damage|p2a: Tapu Lele|14\/100 brn|[from] brn\n|upkeep\n|c|\u2606XYStarshone.\u661f\u8000|\u6211\u5c31\u77e5\u9053\u597d\u597d\u597d\n|\n|t:|1699686164\n|switch|p1a: Banette|Banette, F, shiny|100\/100\n|-item|p2a: Tapu Lele|Choice Scarf|[from] ability: Frisk|[of] p1a: Banette|[identify]\n|turn|18\n|\n|t:|1699686167\n|switch|p2a: Kartana|Kartana|100\/100\n|detailschange|p1a: Banette|Banette-Mega, F, shiny\n|-mega|p1a: Banette|Banette|Banettite\n|move|p1a: Banette|Destiny Bond|p1a: Banette\n|-singlemove|p1a: Banette|Destiny Bond\n|\n|upkeep\n|turn|19\n|c| xdswl|\u4e3a\u4f55\u4e0d\u9ad8\u9009\uff1f\n|c| xdswl|\u521a\u624d\n|\n|t:|1699686172\n|move|p2a: Kartana|Knock Off|p1a: Banette\n|-supereffective|p1a: Banette\n|-damage|p1a: Banette|0 fnt\n|faint|p1a: Banette\n|-activate|p1a: Banette|move: Destiny Bond\n|faint|p2a: Kartana\n|\n|upkeep\n|c|\u2606XYStarshone.\u661f\u8000|\u5bc4\n|j| Forever1507\n|\n|t:|1699686180\n|switch|p2a: Tapu Lele|Tapu Lele, tera:Psychic|14\/100 brn\n|switch|p1a: Serperior|Serperior, F, shiny|76\/100\n|turn|20\n|\n|t:|1699686185\n|move|p2a: Tapu Lele|Psychic|p1a: Serperior\n|-damage|p1a: Serperior|0 fnt\n|faint|p1a: Serperior\n|\n|win|ZLSJ\n|n|\u2606XYStarshone.\u661f\u8000|xystarshone\n|n|\u2606ZLSJ|zlsj\n|n| xdswl|xdswl\n|n| zxcvbnmmnbvcx|zxcvbnmmnbvcx\n|n| Art234|art234\n|n| winlike|winlike\n|n| weiwoduzun\u696a\u7948|weiwoduzun\n|n| Forever1507|forever1507\n|l| xdswl\n|l| Forever1507\n|l| weiwoduzun\u696a\u7948\n|l| winlike\n","uploadtime":1699686186,"views":4,"p1id":"xystarshone","p2id":"zlsj","formatid":"gen9nationaldex","rating":0,"private":0,"password":""}