{"id":"gen9nationaldex-1988481664","p1":"SninemaSnins","p2":"venoguy17","format":"[Gen 9] National Dex","log":"|j|\u2606SninemaSnins\n|j|\u2606venoguy17\n|t:|1699727610\n|gametype|singles\n|player|p1|SninemaSnins|workerice|1235\n|player|p2|venoguy17|n|1182\n|teamsize|p1|6\n|teamsize|p2|6\n|gen|9\n|tier|[Gen 9] National Dex\n|rated|\n|rule|HP Percentage Mod: HP is shown in percentages\n|rule|Endless Battle Clause: Forcing endless battles is banned\n|rule|OHKO Clause: OHKO moves are banned\n|rule|Evasion Clause: Evasion abilities, items, and moves are banned\n|rule|Evasion Abilities Clause: Evasion abilities are banned\n|rule|Evasion Items Clause: Evasion items are banned\n|rule|Evasion Moves Clause: Evasion moves are banned\n|rule|Species Clause: Limit one of each Pok\u00e9mon\n|rule|Sleep Clause Mod: Limit one foe put to sleep\n|clearpoke\n|poke|p1|Ninetales-Alola, F|\n|poke|p1|Cetitan, M|\n|poke|p1|Frosmoth, F|\n|poke|p1|Sandslash-Alola, M|\n|poke|p1|Piloswine, M|\n|poke|p1|Cloyster, M|\n|poke|p2|Glimmora, F|\n|poke|p2|Venusaur, F|\n|poke|p2|Skeledirge, M|\n|poke|p2|Dragonite, M|\n|poke|p2|Maushold-Four|\n|poke|p2|Ogerpon-Wellspring, F|\n|teampreview\n|\n|t:|1699727627\n|start\n|switch|p1a: Have an ice day|Ninetales-Alola, F|100\/100\n|switch|p2a: Glimmora|Glimmora, F|100\/100\n|-weather|Snow|[from] ability: Snow Warning|[of] p1a: Have an ice day\n|turn|1\n|\n|t:|1699727634\n|switch|p1a: Chill out bro|Sandslash-Alola, M|100\/100\n|move|p2a: Glimmora|Stealth Rock|p1a: Chill out bro\n|-sidestart|p1: SninemaSnins|move: Stealth Rock\n|\n|-weather|Snow|[upkeep]\n|upkeep\n|turn|2\n|\n|t:|1699727641\n|move|p2a: Glimmora|Spiky Shield|p2a: Glimmora\n|-singleturn|p2a: Glimmora|move: Protect\n|move|p1a: Chill out bro|Earthquake|p2a: Glimmora\n|-activate|p2a: Glimmora|move: Protect\n|\n|-weather|Snow|[upkeep]\n|upkeep\n|turn|3\n|\n|t:|1699727652\n|move|p1a: Chill out bro|Knock Off|p2a: Glimmora\n|-damage|p2a: Glimmora|69\/100\n|-activate|p2a: Glimmora|ability: Toxic Debris\n|-sidestart|p1: SninemaSnins|move: Toxic Spikes\n|-enditem|p2a: Glimmora|Focus Sash|[from] move: Knock Off|[of] p1a: Chill out bro\n|move|p2a: Glimmora|Mortal Spin|p1a: Chill out bro\n|-immune|p1a: Chill out bro\n|\n|-weather|Snow|[upkeep]\n|upkeep\n|turn|4\n|\n|t:|1699727661\n|move|p2a: Glimmora|Spiky Shield|p2a: Glimmora\n|-singleturn|p2a: Glimmora|move: Protect\n|move|p1a: Chill out bro|Earthquake|p2a: Glimmora\n|-activate|p2a: Glimmora|move: Protect\n|\n|-weather|Snow|[upkeep]\n|upkeep\n|turn|5\n|\n|t:|1699727673\n|move|p1a: Chill out bro|Earthquake|p2a: Glimmora\n|-supereffective|p2a: Glimmora\n|-damage|p2a: Glimmora|0 fnt\n|-activate|p2a: Glimmora|ability: Toxic Debris\n|-sidestart|p1: SninemaSnins|move: Toxic Spikes\n|faint|p2a: Glimmora\n|\n|-weather|Snow|[upkeep]\n|upkeep\n|\n|t:|1699727681\n|switch|p2a: Bowser|Skeledirge, M|100\/100\n|turn|6\n|\n|t:|1699727686\n|move|p1a: Chill out bro|Knock Off|p2a: Bowser\n|-supereffective|p2a: Bowser\n|-damage|p2a: Bowser|51\/100\n|-enditem|p2a: Bowser|Aguav Berry|[from] move: Knock Off|[of] p1a: Chill out bro\n|move|p2a: Bowser|Torch Song|p1a: Chill out bro\n|-supereffective|p1a: Chill out bro\n|-damage|p1a: Chill out bro|0 fnt\n|-boost|p2a: Bowser|spa|1\n|faint|p1a: Chill out bro\n|\n|-weather|Snow|[upkeep]\n|upkeep\n|\n|t:|1699727698\n|switch|p1a: Snow big deal|Piloswine, M|100\/100\n|-damage|p1a: Snow big deal|88\/100|[from] Stealth Rock\n|-status|p1a: Snow big deal|tox\n|turn|7\n|\n|t:|1699727705\n|move|p2a: Bowser|Torch Song|p1a: Snow big deal\n|-supereffective|p1a: Snow big deal\n|-damage|p1a: Snow big deal|57\/100 tox\n|-boost|p2a: Bowser|spa|1\n|move|p1a: Snow big deal|Earthquake|p2a: Bowser\n|-supereffective|p2a: Bowser\n|-damage|p2a: Bowser|0 fnt\n|faint|p2a: Bowser\n|\n|-weather|Snow|[upkeep]\n|-damage|p1a: Snow big deal|50\/100 tox|[from] psn\n|upkeep\n|\n|t:|1699727723\n|switch|p2a: Best pokemon ever|Venusaur, F|100\/100\n|turn|8\n|\n|t:|1699727727\n|detailschange|p2a: Best pokemon ever|Venusaur-Mega, F\n|-mega|p2a: Best pokemon ever|Venusaur|Venusaurite\n|move|p2a: Best pokemon ever|Synthesis|p2a: Best pokemon ever\n|-fail|p2a: Best pokemon ever|heal\n|move|p1a: Snow big deal|Stealth Rock|p2a: Best pokemon ever\n|-sidestart|p2: venoguy17|move: Stealth Rock\n|\n|-weather|none\n|-damage|p1a: Snow big deal|38\/100 tox|[from] psn\n|upkeep\n|turn|9\n|\n|t:|1699727740\n|move|p2a: Best pokemon ever|Sludge Bomb|p1a: Snow big deal\n|-resisted|p1a: Snow big deal\n|-damage|p1a: Snow big deal|24\/100 tox\n|move|p1a: Snow big deal|Rock Slide|p2a: Best pokemon ever\n|-damage|p2a: Best pokemon ever|87\/100\n|\n|-damage|p1a: Snow big deal|5\/100 tox|[from] psn\n|upkeep\n|turn|10\n|\n|t:|1699727750\n|move|p2a: Best pokemon ever|Hidden Power|p1a: Snow big deal\n|-supereffective|p1a: Snow big deal\n|-damage|p1a: Snow big deal|0 fnt\n|faint|p1a: Snow big deal\n|\n|upkeep\n|inactive|Battle timer is ON: inactive players will automatically lose when time's up. (requested by venoguy17)\n|\n|t:|1699727828\n|switch|p1a: Why so frostrated?|Frosmoth, F|100\/100\n|turn|11\n|\n|t:|1699727834\n|-terastallize|p1a: Why so frostrated?|Ghost\n|move|p1a: Why so frostrated?|Quiver Dance|p1a: Why so frostrated?\n|-boost|p1a: Why so frostrated?|spa|1\n|-boost|p1a: Why so frostrated?|spd|1\n|-boost|p1a: Why so frostrated?|spe|1\n|move|p2a: Best pokemon ever|Hidden Power|p1a: Why so frostrated?\n|-damage|p1a: Why so frostrated?|91\/100\n|\n|upkeep\n|turn|12\n|\n|t:|1699727842\n|move|p1a: Why so frostrated?|Quiver Dance|p1a: Why so frostrated?\n|-boost|p1a: Why so frostrated?|spa|1\n|-boost|p1a: Why so frostrated?|spd|1\n|-boost|p1a: Why so frostrated?|spe|1\n|move|p2a: Best pokemon ever|Sludge Bomb|p1a: Why so frostrated?\n|-resisted|p1a: Why so frostrated?\n|-damage|p1a: Why so frostrated?|83\/100\n|\n|upkeep\n|turn|13\n|\n|t:|1699727851\n|move|p1a: Why so frostrated?|Ice Beam|p2a: Best pokemon ever\n|-supereffective|p2a: Best pokemon ever\n|-damage|p2a: Best pokemon ever|6\/100\n|move|p2a: Best pokemon ever|Leech Seed|p1a: Why so frostrated?\n|-start|p1a: Why so frostrated?|move: Leech Seed\n|\n|-damage|p1a: Why so frostrated?|71\/100|[from] Leech Seed|[of] p2a: Best pokemon ever\n|-heal|p2a: Best pokemon ever|16\/100|[silent]\n|upkeep\n|turn|14\n|\n|t:|1699727858\n|move|p1a: Why so frostrated?|Ice Beam|p2a: Best pokemon ever\n|-supereffective|p2a: Best pokemon ever\n|-damage|p2a: Best pokemon ever|0 fnt\n|faint|p2a: Best pokemon ever\n|\n|upkeep\n|\n|t:|1699727873\n|switch|p2a: Niteo|Dragonite, M|100\/100\n|-damage|p2a: Niteo|76\/100|[from] Stealth Rock\n|turn|15\n|\n|t:|1699727881\n|-terastallize|p2a: Niteo|Steel\n|move|p1a: Why so frostrated?|Ice Beam|p2a: Niteo\n|-resisted|p2a: Niteo\n|-damage|p2a: Niteo|27\/100\n|move|p2a: Niteo|Earthquake|p1a: Why so frostrated?\n|-damage|p1a: Why so frostrated?|7\/100\n|\n|-damage|p1a: Why so frostrated?|0 fnt|[from] Leech Seed|[of] p2a: Niteo\n|-heal|p2a: Niteo|33\/100|[silent]\n|faint|p1a: Why so frostrated?\n|upkeep\n|\n|t:|1699727892\n|switch|p1a: Have an ice day|Ninetales-Alola, F|100\/100\n|-damage|p1a: Have an ice day|76\/100|[from] Stealth Rock\n|-status|p1a: Have an ice day|tox\n|-weather|Snow|[from] ability: Snow Warning|[of] p1a: Have an ice day\n|turn|16\n|\n|t:|1699727900\n|move|p1a: Have an ice day|Aurora Veil|p1a: Have an ice day\n|-sidestart|p1: SninemaSnins|move: Aurora Veil\n|move|p2a: Niteo|Iron Head|p1a: Have an ice day\n|-supereffective|p1a: Have an ice day\n|-damage|p1a: Have an ice day|0 fnt\n|faint|p1a: Have an ice day\n|\n|-weather|Snow|[upkeep]\n|upkeep\n|\n|t:|1699727910\n|switch|p1a: Don't be so cold|Cetitan, M|100\/100\n|-damage|p1a: Don't be so cold|76\/100|[from] Stealth Rock\n|-status|p1a: Don't be so cold|tox\n|turn|17\n|\n|t:|1699727920\n|-zpower|p1a: Don't be so cold\n|move|p1a: Don't be so cold|Z-Belly Drum|p1a: Don't be so cold|[anim]Belly Drum\n|-heal|p1a: Don't be so cold|100\/100 tox|[zeffect]\n|-damage|p1a: Don't be so cold|50\/100 tox\n|-setboost|p1a: Don't be so cold|atk|6|[from] move: Belly Drum\n|move|p2a: Niteo|Iron Head|p1a: Don't be so cold\n|-supereffective|p1a: Don't be so cold\n|-damage|p1a: Don't be so cold|20\/100 tox\n|\n|-weather|Snow|[upkeep]\n|-damage|p1a: Don't be so cold|14\/100 tox|[from] psn\n|upkeep\n|turn|18\n|\n|t:|1699727937\n|move|p1a: Don't be so cold|Earthquake|p2a: Niteo\n|-supereffective|p2a: Niteo\n|-damage|p2a: Niteo|0 fnt\n|faint|p2a: Niteo\n|\n|-weather|Snow|[upkeep]\n|-damage|p1a: Don't be so cold|1\/100 tox|[from] psn\n|upkeep\n|\n|t:|1699727945\n|switch|p2a: Maushold|Maushold-Four|100\/100\n|-damage|p2a: Maushold|88\/100|[from] Stealth Rock\n|turn|19\n|\n|t:|1699727951\n|move|p1a: Don't be so cold|Ice Shard|p2a: Maushold\n|-damage|p2a: Maushold|0 fnt\n|faint|p2a: Maushold\n|\n|-weather|Snow|[upkeep]\n|-damage|p1a: Don't be so cold|0 fnt|[from] psn\n|faint|p1a: Don't be so cold\n|upkeep\n|\n|t:|1699727958\n|switch|p2a: Ogerpon|Ogerpon-Wellspring, F|100\/100\n|switch|p1a: Stay cool man|Cloyster, M|100\/100\n|-damage|p2a: Ogerpon|88\/100|[from] Stealth Rock\n|-damage|p1a: Stay cool man|76\/100|[from] Stealth Rock\n|-status|p1a: Stay cool man|tox\n|turn|20\n|\n|t:|1699727966\n|move|p2a: Ogerpon|Wood Hammer|p1a: Stay cool man\n|-supereffective|p1a: Stay cool man\n|-damage|p1a: Stay cool man|33\/100 tox\n|-damage|p2a: Ogerpon|77\/100|[from] Recoil\n|move|p1a: Stay cool man|Shell Smash|p1a: Stay cool man\n|-unboost|p1a: Stay cool man|def|1\n|-unboost|p1a: Stay cool man|spd|1\n|-boost|p1a: Stay cool man|atk|2\n|-boost|p1a: Stay cool man|spa|2\n|-boost|p1a: Stay cool man|spe|2\n|-enditem|p1a: Stay cool man|White Herb\n|-clearnegativeboost|p1a: Stay cool man|[silent]\n|\n|-weather|Snow|[upkeep]\n|-damage|p1a: Stay cool man|27\/100 tox|[from] psn\n|-sideend|p1: SninemaSnins|move: Aurora Veil\n|upkeep\n|turn|21\n|\n|t:|1699727993\n|move|p1a: Stay cool man|Icicle Spear|p2a: Ogerpon\n|-damage|p2a: Ogerpon|54\/100\n|-damage|p2a: Ogerpon|34\/100\n|-damage|p2a: Ogerpon|11\/100\n|-damage|p2a: Ogerpon|0 fnt\n|faint|p2a: Ogerpon\n|-hitcount|p2: Ogerpon|4\n|\n|win|SninemaSnins\n|raw|SninemaSnins's rating: 1235 &rarr; <strong>1256<\/strong><br \/>(+21 for winning)\n|raw|venoguy17's rating: 1182 &rarr; <strong>1161<\/strong><br \/>(-21 for losing)\n|l|\u2606venoguy17\n|c|\u2606SninemaSnins|gg\n","uploadtime":1699728009,"views":12,"p1id":"sninemasnins","p2id":"venoguy17","formatid":"gen9nationaldex","rating":1161,"private":0,"password":""}