{"id":"gen9nationaldex-2000353559","p1":"tyrannical trinity","p2":"Scribblemax","format":"[Gen 9] National Dex","log":"|html|<div class=\"broadcast-blue\"><strong>[Gen 9] National Dex is currently suspecting Sneasler! For information on how to participate check out the <a href=\"https:\/\/www.smogon.com\/forums\/threads\/sv-national-dex-suspect-8-just-dance.3731534\/\">suspect thread<\/a>.<\/strong><\/div>\n|j|\u2606tyrannical trinity\n|j|\u2606Scribblemax\n|t:|1701187629\n|gametype|singles\n|player|p1|tyrannical trinity|richboy-gen4|1079\n|player|p2|Scribblemax|101|1063\n|teamsize|p1|6\n|teamsize|p2|6\n|gen|9\n|tier|[Gen 9] National Dex\n|rated|\n|rule|HP Percentage Mod: HP is shown in percentages\n|rule|Endless Battle Clause: Forcing endless battles is banned\n|rule|OHKO Clause: OHKO moves are banned\n|rule|Evasion Clause: Evasion abilities, items, and moves are banned\n|rule|Evasion Abilities Clause: Evasion abilities are banned\n|rule|Evasion Items Clause: Evasion items are banned\n|rule|Evasion Moves Clause: Evasion moves are banned\n|rule|Species Clause: Limit one of each Pok\u00e9mon\n|rule|Sleep Clause Mod: Limit one foe put to sleep\n|clearpoke\n|poke|p1|Serperior, F|\n|poke|p1|Gliscor, M|\n|poke|p1|Alomomola, F|\n|poke|p1|Medicham, M|\n|poke|p1|Heatran, F|\n|poke|p1|Zapdos|\n|poke|p2|Audino, F|\n|poke|p2|Bronzong|\n|poke|p2|Politoed, F|\n|poke|p2|Whimsicott, M|\n|poke|p2|Krookodile, M|\n|poke|p2|Salazzle, F|\n|teampreview\n|j| Repeater211\n|\n|t:|1701187664\n|start\n|switch|p1a: Heatran|Heatran, F|100\/100\n|switch|p2a: Politoed|Politoed, F|100\/100\n|-item|p1a: Heatran|Air Balloon\n|-weather|RainDance|[from] ability: Drizzle|[of] p2a: Politoed\n|turn|1\n|\n|t:|1701187671\n|switch|p1a: Alomomola|Alomomola, F|100\/100\n|move|p2a: Politoed|Scald|p1a: Alomomola\n|-resisted|p1a: Alomomola\n|-damage|p1a: Alomomola|80\/100\n|\n|-weather|RainDance|[upkeep]\n|upkeep\n|turn|2\n|\n|t:|1701187677\n|switch|p2a: Whimsicott|Whimsicott, M|100\/100\n|move|p1a: Alomomola|Flip Turn|p2a: Whimsicott\n|-resisted|p2a: Whimsicott\n|-damage|p2a: Whimsicott|83\/100\n|\n|t:|1701187685\n|switch|p1a: Heatran|Heatran, F|100\/100|[from] Flip Turn\n|-item|p1a: Heatran|Air Balloon\n|\n|-weather|RainDance|[upkeep]\n|upkeep\n|turn|3\n|\n|t:|1701187697\n|switch|p2a: Bronzong|Bronzong|100\/100\n|move|p1a: Heatran|Magma Storm|p2a: Bronzong\n|-supereffective|p2a: Bronzong\n|-crit|p2a: Bronzong\n|-damage|p2a: Bronzong|47\/100\n|-activate|p2a: Bronzong|move: Magma Storm|[of] p1a: Heatran\n|\n|-weather|RainDance|[upkeep]\n|-heal|p2a: Bronzong|53\/100|[from] item: Leftovers\n|-damage|p2a: Bronzong|40\/100|[from] move: Magma Storm|[partiallytrapped]\n|upkeep\n|turn|4\n|\n|t:|1701187711\n|move|p1a: Heatran|Taunt|p2a: Bronzong\n|-start|p2a: Bronzong|move: Taunt\n|cant|p2a: Bronzong|move: Taunt|Rest\n|\n|-weather|RainDance|[upkeep]\n|-heal|p2a: Bronzong|47\/100|[from] item: Leftovers\n|-damage|p2a: Bronzong|34\/100|[from] move: Magma Storm|[partiallytrapped]\n|upkeep\n|turn|5\n|\n|t:|1701187717\n|move|p1a: Heatran|Magma Storm|p2a: Bronzong\n|-supereffective|p2a: Bronzong\n|-damage|p2a: Bronzong|0 fnt\n|faint|p2a: Bronzong\n|\n|-weather|RainDance|[upkeep]\n|upkeep\n|\n|t:|1701187723\n|switch|p2a: Krookodile|Krookodile, M|100\/100\n|-ability|p2a: Krookodile|Intimidate|boost\n|-unboost|p1a: Heatran|atk|1\n|turn|6\n|\n|t:|1701187731\n|move|p2a: Krookodile|Close Combat|p1a: Heatran\n|-supereffective|p1a: Heatran\n|-damage|p1a: Heatran|32\/100\n|-unboost|p2a: Krookodile|def|1\n|-unboost|p2a: Krookodile|spd|1\n|-enditem|p1a: Heatran|Air Balloon\n|move|p1a: Heatran|Toxic|p2a: Krookodile\n|-status|p2a: Krookodile|tox\n|\n|-weather|RainDance|[upkeep]\n|-damage|p2a: Krookodile|94\/100 tox|[from] psn\n|upkeep\n|turn|7\n|\n|t:|1701187741\n|switch|p1a: Zapdos|Zapdos|100\/100\n|move|p2a: Krookodile|Close Combat|p1a: Zapdos\n|-resisted|p1a: Zapdos\n|-damage|p1a: Zapdos|86\/100\n|-unboost|p2a: Krookodile|def|1\n|-unboost|p2a: Krookodile|spd|1\n|\n|-weather|RainDance|[upkeep]\n|-damage|p2a: Krookodile|82\/100 tox|[from] psn\n|upkeep\n|turn|8\n|\n|t:|1701187753\n|switch|p2a: Audino|Audino, F, shiny|100\/100\n|switch|p1a: Alomomola|Alomomola, F|100\/100\n|\n|-weather|none\n|upkeep\n|turn|9\n|\n|t:|1701187764\n|detailschange|p2a: Audino|Audino-Mega, F, shiny\n|-mega|p2a: Audino|Audino|Audinite\n|move|p2a: Audino|Heal Bell|p2a: Audino\n|-activate|p2a: Audino|move: Heal Bell\n|-curestatus|p2: Krookodile|tox|[msg]\n|move|p1a: Alomomola|Wish|p1a: Alomomola\n|\n|upkeep\n|turn|10\n|\n|t:|1701187770\n|move|p2a: Audino|Skill Swap|p1a: Alomomola\n|-activate|p2a: Audino|move: Skill Swap|Regenerator|Healer|[of] p1a: Alomomola\n|move|p1a: Alomomola|Flip Turn|p2a: Audino\n|-damage|p2a: Audino|89\/100\n|\n|t:|1701187774\n|switch|p1a: Heatran|Heatran, F|32\/100|[from] Flip Turn\n|\n|-heal|p1a: Heatran|100\/100|[from] move: Wish|[wisher] Alomomola\n|upkeep\n|turn|11\n|\n|t:|1701187786\n|switch|p2a: Krookodile|Krookodile, M|82\/100\n|-ability|p2a: Krookodile|Intimidate|boost\n|-unboost|p1a: Heatran|atk|1\n|move|p1a: Heatran|Taunt|p2a: Krookodile\n|-start|p2a: Krookodile|move: Taunt\n|\n|upkeep\n|turn|12\n|\n|t:|1701187798\n|switch|p1a: Alomomola|Alomomola, F|100\/100\n|move|p2a: Krookodile|Earthquake|p1a: Alomomola\n|-damage|p1a: Alomomola|77\/100\n|\n|upkeep\n|turn|13\n|\n|t:|1701187805\n|switch|p2a: Audino|Audino-Mega, F, shiny|100\/100\n|move|p1a: Alomomola|Flip Turn|p2a: Audino\n|-damage|p2a: Audino|89\/100\n|\n|t:|1701187808\n|switch|p1a: Heatran|Heatran, F|100\/100|[from] Flip Turn\n|\n|upkeep\n|turn|14\n|\n|t:|1701187819\n|switch|p2a: Politoed|Politoed, F|100\/100\n|-weather|RainDance|[from] ability: Drizzle|[of] p2a: Politoed\n|move|p1a: Heatran|Magma Storm|p2a: Politoed\n|-resisted|p2a: Politoed\n|-damage|p2a: Politoed|92\/100\n|-activate|p2a: Politoed|move: Magma Storm|[of] p1a: Heatran\n|\n|-weather|RainDance|[upkeep]\n|-damage|p2a: Politoed|79\/100|[from] move: Magma Storm|[partiallytrapped]\n|upkeep\n|turn|15\n|\n|t:|1701187830\n|switch|p1a: Serperior|Serperior, F|100\/100\n|move|p2a: Politoed|Scald|p1a: Serperior\n|-resisted|p1a: Serperior\n|-damage|p1a: Serperior|77\/100\n|\n|-weather|RainDance|[upkeep]\n|-heal|p1a: Serperior|83\/100|[from] item: Leftovers\n|-end|p2a: Politoed|Magma Storm|[partiallytrapped]|[silent]\n|upkeep\n|turn|16\n|\n|t:|1701187838\n|move|p1a: Serperior|Leaf Storm|p2a: Politoed\n|-supereffective|p2a: Politoed\n|-damage|p2a: Politoed|2\/100\n|-boost|p1a: Serperior|spa|2\n|move|p2a: Politoed|Ice Beam|p1a: Serperior\n|-supereffective|p1a: Serperior\n|-damage|p1a: Serperior|36\/100\n|\n|-weather|RainDance|[upkeep]\n|-heal|p1a: Serperior|42\/100|[from] item: Leftovers\n|upkeep\n|turn|17\n|\n|t:|1701187848\n|move|p1a: Serperior|Hidden Power|p2a: Politoed\n|-resisted|p2a: Politoed\n|-damage|p2a: Politoed|0 fnt\n|faint|p2a: Politoed\n|\n|-weather|RainDance|[upkeep]\n|-heal|p1a: Serperior|48\/100|[from] item: Leftovers\n|upkeep\n|\n|t:|1701187854\n|switch|p2a: Salazzle|Salazzle, F|100\/100\n|turn|18\n|\n|t:|1701187868\n|switch|p1a: Heatran|Heatran, F|100\/100\n|move|p2a: Salazzle|Toxic|p1a: Heatran\n|-status|p1a: Heatran|tox\n|\n|-weather|RainDance|[upkeep]\n|-damage|p1a: Heatran|94\/100 tox|[from] psn\n|upkeep\n|turn|19\n|\n|t:|1701187878\n|switch|p2a: Krookodile|Krookodile, M|82\/100\n|-ability|p2a: Krookodile|Intimidate|boost\n|-unboost|p1a: Heatran|atk|1\n|move|p1a: Heatran|Earth Power|p2a: Krookodile\n|-damage|p2a: Krookodile|43\/100\n|\n|-weather|RainDance|[upkeep]\n|-damage|p1a: Heatran|82\/100 tox|[from] psn\n|upkeep\n|turn|20\n|\n|t:|1701187891\n|switch|p1a: Alomomola|Alomomola, F|100\/100\n|move|p2a: Krookodile|Earthquake|p1a: Alomomola\n|-damage|p1a: Alomomola|73\/100\n|\n|-weather|RainDance|[upkeep]\n|upkeep\n|turn|21\n|\n|t:|1701187898\n|switch|p2a: Whimsicott|Whimsicott, M|83\/100\n|move|p1a: Alomomola|Flip Turn|p2a: Whimsicott\n|-resisted|p2a: Whimsicott\n|-damage|p2a: Whimsicott|64\/100\n|\n|t:|1701187903\n|switch|p1a: Heatran|Heatran, F|82\/100 tox|[from] Flip Turn\n|\n|-weather|none\n|-damage|p1a: Heatran|76\/100 tox|[from] psn\n|upkeep\n|turn|22\n|\n|t:|1701187917\n|move|p2a: Whimsicott|Encore||[still]\n|-fail|p2a: Whimsicott\n|move|p1a: Heatran|Toxic|p2a: Whimsicott\n|-status|p2a: Whimsicott|tox\n|\n|-damage|p2a: Whimsicott|58\/100 tox|[from] psn\n|-damage|p1a: Heatran|63\/100 tox|[from] psn\n|upkeep\n|turn|23\n|c| Repeater211|?\n|c|\u2606Scribblemax|i just woke up okay\n|\n|t:|1701187936\n|switch|p1a: Zapdos|Zapdos|86\/100\n|move|p2a: Whimsicott|Encore||[still]\n|-fail|p2a: Whimsicott\n|\n|-damage|p2a: Whimsicott|46\/100 tox|[from] psn\n|upkeep\n|turn|24\n|\n|t:|1701187949\n|switch|p2a: Audino|Audino-Mega, F, shiny|89\/100\n|move|p1a: Zapdos|Hidden Power|p2a: Audino\n|-damage|p2a: Audino|79\/100\n|\n|upkeep\n|turn|25\n|\n|t:|1701187959\n|move|p1a: Zapdos|Volt Switch|p2a: Audino\n|-damage|p2a: Audino|65\/100\n|\n|t:|1701187987\n|switch|p1a: Heatran|Heatran, F|63\/100 tox|[from] Volt Switch\n|move|p2a: Audino|Heal Bell|p2a: Audino\n|-activate|p2a: Audino|move: Heal Bell\n|-curestatus|p2: Whimsicott|tox|[msg]\n|\n|-damage|p1a: Heatran|57\/100 tox|[from] psn\n|upkeep\n|turn|26\n|\n|t:|1701188003\n|switch|p2a: Whimsicott|Whimsicott, M|46\/100\n|move|p1a: Heatran|Magma Storm|p2a: Whimsicott\n|-supereffective|p2a: Whimsicott\n|-damage|p2a: Whimsicott|0 fnt\n|faint|p2a: Whimsicott\n|\n|-damage|p1a: Heatran|45\/100 tox|[from] psn\n|upkeep\n|\n|t:|1701188011\n|switch|p2a: Krookodile|Krookodile, M|43\/100\n|-ability|p2a: Krookodile|Intimidate|boost\n|-unboost|p1a: Heatran|atk|1\n|turn|27\n|\n|t:|1701188018\n|switch|p1a: Alomomola|Alomomola, F|100\/100\n|move|p2a: Krookodile|Knock Off|p1a: Alomomola\n|-damage|p1a: Alomomola|77\/100\n|-enditem|p1a: Alomomola|Heavy-Duty Boots|[from] move: Knock Off|[of] p2a: Krookodile\n|\n|upkeep\n|turn|28\n|\n|t:|1701188027\n|switch|p2a: Audino|Audino-Mega, F, shiny|65\/100\n|move|p1a: Alomomola|Wish|p1a: Alomomola\n|\n|upkeep\n|turn|29\n|\n|t:|1701188035\n|move|p2a: Audino|Skill Swap|p1a: Alomomola\n|-activate|p2a: Audino|move: Skill Swap|Regenerator|Healer|[of] p1a: Alomomola\n|move|p1a: Alomomola|Flip Turn|p2a: Audino\n|-damage|p2a: Audino|54\/100\n|\n|t:|1701188039\n|switch|p1a: Heatran|Heatran, F|45\/100 tox|[from] Flip Turn\n|\n|-heal|p1a: Heatran|100\/100 tox|[from] move: Wish|[wisher] Alomomola\n|-damage|p1a: Heatran|94\/100 tox|[from] psn\n|upkeep\n|turn|30\n|\n|t:|1701188050\n|switch|p2a: Krookodile|Krookodile, M|43\/100\n|-ability|p2a: Krookodile|Intimidate|boost\n|-unboost|p1a: Heatran|atk|1\n|move|p1a: Heatran|Magma Storm|p2a: Krookodile|[miss]\n|-miss|p1a: Heatran|p2a: Krookodile\n|\n|-damage|p1a: Heatran|82\/100 tox|[from] psn\n|upkeep\n|turn|31\n|\n|t:|1701188062\n|switch|p1a: Alomomola|Alomomola, F|77\/100\n|move|p2a: Krookodile|Darkest Lariat|p1a: Alomomola\n|-damage|p1a: Alomomola|55\/100\n|\n|upkeep\n|turn|32\n|\n|t:|1701188075\n|switch|p2a: Audino|Audino-Mega, F, shiny|87\/100\n|move|p1a: Alomomola|Flip Turn|p2a: Audino\n|-damage|p2a: Audino|75\/100\n|\n|t:|1701188090\n|switch|p1a: Gliscor|Gliscor, M, shiny|100\/100|[from] Flip Turn\n|\n|-status|p1a: Gliscor|tox|[from] item: Toxic Orb\n|upkeep\n|turn|33\n|\n|t:|1701188095\n|move|p1a: Gliscor|Stealth Rock|p2a: Audino\n|-sidestart|p2: Scribblemax|move: Stealth Rock\n|move|p2a: Audino|Skill Swap|p1a: Gliscor\n|-activate|p2a: Audino|move: Skill Swap|Poison Heal|Healer|[of] p1a: Gliscor\n|\n|-damage|p1a: Gliscor|94\/100 tox|[from] psn\n|upkeep\n|turn|34\n|\n|t:|1701188105\n|switch|p1a: Heatran|Heatran, F|82\/100 tox\n|move|p2a: Audino|Fire Blast|p1a: Heatran\n|-start|p1a: Heatran|ability: Flash Fire\n|\n|-damage|p1a: Heatran|76\/100 tox|[from] psn\n|upkeep\n|turn|35\n|j| AgentYeetus\n|\n|t:|1701188125\n|switch|p2a: Krookodile|Krookodile, M|43\/100\n|-damage|p2a: Krookodile|37\/100|[from] Stealth Rock\n|-ability|p2a: Krookodile|Intimidate|boost\n|-unboost|p1a: Heatran|atk|1\n|move|p1a: Heatran|Magma Storm|p2a: Krookodile\n|-damage|p2a: Krookodile|0 fnt\n|faint|p2a: Krookodile\n|\n|-damage|p1a: Heatran|63\/100 tox|[from] psn\n|upkeep\n|l| AgentYeetus\n|\n|t:|1701188135\n|switch|p2a: Audino|Audino-Mega, F, shiny|75\/100\n|-damage|p2a: Audino|63\/100|[from] Stealth Rock\n|turn|36\n|\n|t:|1701188153\n|move|p1a: Heatran|Toxic|p2a: Audino\n|-status|p2a: Audino|tox\n|move|p2a: Audino|Skill Swap|p1a: Heatran\n|-activate|p2a: Audino|move: Skill Swap|Flash Fire|Healer|[of] p1a: Heatran\n|-end|p1a: Heatran|ability: Flash Fire|[silent]\n|\n|-damage|p1a: Heatran|45\/100 tox|[from] psn\n|-damage|p2a: Audino|57\/100 tox|[from] psn\n|upkeep\n|turn|37\n|\n|t:|1701188164\n|move|p1a: Heatran|Taunt|p2a: Audino\n|-start|p2a: Audino|move: Taunt\n|move|p2a: Audino|Fire Blast|p1a: Heatran\n|-damage|p1a: Heatran|32\/100 tox\n|\n|-damage|p1a: Heatran|7\/100 tox|[from] psn\n|-damage|p2a: Audino|45\/100 tox|[from] psn\n|upkeep\n|turn|38\n|\n|t:|1701188174\n|move|p1a: Heatran|Earth Power|p2a: Audino\n|-damage|p2a: Audino|31\/100 tox\n|move|p2a: Audino|Draining Kiss|p1a: Heatran\n|-resisted|p1a: Heatran\n|-damage|p1a: Heatran|5\/100 tox\n|-heal|p2a: Audino|33\/100 tox|[from] drain|[of] p1a: Heatran\n|\n|-damage|p1a: Heatran|0 fnt|[from] psn\n|faint|p1a: Heatran\n|-damage|p2a: Audino|15\/100 tox|[from] psn\n|upkeep\n|\n|t:|1701188180\n|switch|p1a: Medicham|Medicham, M|100\/100\n|turn|39\n|\n|t:|1701188185\n|detailschange|p1a: Medicham|Medicham-Mega, M\n|-mega|p1a: Medicham|Medicham|Medichamite\n|move|p1a: Medicham|Fake Out|p2a: Audino\n|-damage|p2a: Audino|0 fnt\n|faint|p2a: Audino\n|\n|upkeep\n|\n|t:|1701188190\n|switch|p2a: Salazzle|Salazzle, F|100\/100\n|turn|40\n|\n|t:|1701188195\n|move|p2a: Salazzle|Sludge Bomb|p1a: Medicham\n|-damage|p1a: Medicham|37\/100\n|-status|p1a: Medicham|psn\n|move|p1a: Medicham|Zen Headbutt|p2a: Salazzle\n|-supereffective|p2a: Salazzle\n|-damage|p2a: Salazzle|0 fnt\n|faint|p2a: Salazzle\n|\n|win|tyrannical trinity\n|raw|tyrannical trinity's rating: 1079 &rarr; <strong>1106<\/strong><br \/>(+27 for winning)\n|raw|Scribblemax's rating: 1063 &rarr; <strong>1044<\/strong><br \/>(-19 for losing)\n|c|\u2606Scribblemax|gg\n|l|\u2606Scribblemax\n","uploadtime":1701188221,"views":2,"p1id":"tyrannicaltrinity","p2id":"scribblemax","formatid":"gen9nationaldex","rating":1044,"private":0,"password":""}