{"id":"gen9nationaldex-1998557722","p1":"PeculiarPossum","p2":"Zenhmaster","format":"[Gen 9] National Dex","log":"|html|<div class=\"broadcast-blue\"><strong>[Gen 9] National Dex is currently suspecting Sneasler! For information on how to participate check out the <a href=\"https:\/\/www.smogon.com\/forums\/threads\/sv-national-dex-suspect-8-just-dance.3731534\/\">suspect thread<\/a>.<\/strong><\/div>\n|j|\u2606PeculiarPossum\n|j|\u2606Zenhmaster\n|t:|1700956093\n|gametype|singles\n|player|p1|PeculiarPossum|harlequin|1230\n|player|p2|Zenhmaster|lucas|1258\n|teamsize|p1|6\n|teamsize|p2|6\n|gen|9\n|tier|[Gen 9] National Dex\n|rated|\n|rule|HP Percentage Mod: HP is shown in percentages\n|rule|Endless Battle Clause: Forcing endless battles is banned\n|rule|OHKO Clause: OHKO moves are banned\n|rule|Evasion Clause: Evasion abilities, items, and moves are banned\n|rule|Evasion Abilities Clause: Evasion abilities are banned\n|rule|Evasion Items Clause: Evasion items are banned\n|rule|Evasion Moves Clause: Evasion moves are banned\n|rule|Species Clause: Limit one of each Pok\u00e9mon\n|rule|Sleep Clause Mod: Limit one foe put to sleep\n|clearpoke\n|poke|p1|Mawile, F|\n|poke|p1|Blacephalon|\n|poke|p1|Venusaur, F|\n|poke|p1|Cramorant, M|\n|poke|p1|Gliscor, M|\n|poke|p1|Garganacl, M|\n|poke|p2|Garchomp, M|\n|poke|p2|Great Tusk|\n|poke|p2|Gastrodon, M|\n|poke|p2|Clodsire, M|\n|poke|p2|Gliscor, F|\n|poke|p2|Rhydon, M|\n|teampreview\n|inactive|Battle timer is ON: inactive players will automatically lose when time's up. (requested by PeculiarPossum)\n|\n|t:|1700956106\n|start\n|switch|p1a: Cacophony|Blacephalon|100\/100\n|switch|p2a: Rhydon|Rhydon, M|100\/100\n|turn|1\n|\n|t:|1700956115\n|-zpower|p1a: Cacophony\n|move|p1a: Cacophony|Never-Ending Nightmare|p2a: Rhydon|[zeffect]\n|-crit|p2a: Rhydon\n|-damage|p2a: Rhydon|0 fnt\n|faint|p2a: Rhydon\n|-ability|p1a: Cacophony|Beast Boost|boost\n|-boost|p1a: Cacophony|spa|1\n|\n|upkeep\n|\n|t:|1700956125\n|switch|p2a: Clodsire|Clodsire, M|100\/100\n|turn|2\n|\n|t:|1700956130\n|move|p1a: Cacophony|Fire Blast|p2a: Clodsire\n|-damage|p2a: Clodsire|61\/100\n|-status|p2a: Clodsire|brn\n|move|p2a: Clodsire|Toxic|p1a: Cacophony\n|-status|p1a: Cacophony|tox\n|\n|-heal|p2a: Clodsire|67\/100 brn|[from] item: Black Sludge\n|-damage|p1a: Cacophony|94\/100 tox|[from] psn\n|-damage|p2a: Clodsire|61\/100 brn|[from] brn\n|upkeep\n|turn|3\n|\n|t:|1700956142\n|move|p1a: Cacophony|Fire Blast|p2a: Clodsire\n|-damage|p2a: Clodsire|23\/100 brn\n|move|p2a: Clodsire|Recover|p2a: Clodsire\n|-heal|p2a: Clodsire|73\/100 brn\n|\n|-heal|p2a: Clodsire|79\/100 brn|[from] item: Black Sludge\n|-damage|p1a: Cacophony|82\/100 tox|[from] psn\n|-damage|p2a: Clodsire|73\/100 brn|[from] brn\n|upkeep\n|turn|4\n|\n|t:|1700956152\n|switch|p1a: Gulpy|Cramorant, M|100\/100\n|move|p2a: Clodsire|Recover|p2a: Clodsire\n|-heal|p2a: Clodsire|100\/100 brn\n|\n|-damage|p2a: Clodsire|94\/100 brn|[from] brn\n|upkeep\n|turn|5\n|\n|t:|1700956162\n|switch|p2a: Gastrodon|Gastrodon, M|100\/100\n|move|p1a: Gulpy|Surf|p2a: Gastrodon\n|-ability|p2a: Gastrodon|Storm Drain|boost\n|-boost|p2a: Gastrodon|spa|1\n|\n|upkeep\n|turn|6\n|\n|t:|1700956169\n|move|p1a: Gulpy|Hurricane|p2a: Gastrodon|[miss]\n|-miss|p1a: Gulpy|p2a: Gastrodon\n|move|p2a: Gastrodon|Scald|p1a: Gulpy\n|-resisted|p1a: Gulpy\n|-damage|p1a: Gulpy|82\/100\n|\n|upkeep\n|turn|7\n|\n|t:|1700956177\n|move|p1a: Gulpy|Hurricane|p2a: Gastrodon\n|-damage|p2a: Gastrodon|70\/100\n|-start|p2a: Gastrodon|confusion\n|-activate|p2a: Gastrodon|confusion\n|move|p2a: Gastrodon|Ice Beam|p1a: Gulpy\n|-damage|p1a: Gulpy|55\/100\n|\n|-heal|p2a: Gastrodon|76\/100|[from] item: Leftovers\n|upkeep\n|turn|8\n|\n|t:|1700956193\n|move|p1a: Gulpy|Roost|p1a: Gulpy\n|-heal|p1a: Gulpy|100\/100\n|-singleturn|p1a: Gulpy|move: Roost\n|-activate|p2a: Gastrodon|confusion\n|-damage|p2a: Gastrodon|71\/100|[from] confusion\n|\n|-heal|p2a: Gastrodon|77\/100|[from] item: Leftovers\n|upkeep\n|turn|9\n|\n|t:|1700956209\n|move|p1a: Gulpy|Hurricane|p2a: Gastrodon|[miss]\n|-miss|p1a: Gulpy|p2a: Gastrodon\n|-end|p2a: Gastrodon|confusion\n|move|p2a: Gastrodon|Ice Beam|p1a: Gulpy\n|-damage|p1a: Gulpy|70\/100\n|\n|-heal|p2a: Gastrodon|83\/100|[from] item: Leftovers\n|upkeep\n|turn|10\n|\n|t:|1700956224\n|move|p1a: Gulpy|Hurricane|p2a: Gastrodon|[miss]\n|-miss|p1a: Gulpy|p2a: Gastrodon\n|move|p2a: Gastrodon|Ice Beam|p1a: Gulpy\n|-damage|p1a: Gulpy|41\/100\n|\n|-heal|p2a: Gastrodon|89\/100|[from] item: Leftovers\n|upkeep\n|turn|11\n|\n|t:|1700956233\n|move|p1a: Gulpy|Roost|p1a: Gulpy\n|-heal|p1a: Gulpy|91\/100\n|-singleturn|p1a: Gulpy|move: Roost\n|move|p2a: Gastrodon|Ice Beam|p1a: Gulpy\n|-resisted|p1a: Gulpy\n|-damage|p1a: Gulpy|77\/100\n|-status|p1a: Gulpy|frz\n|\n|-heal|p2a: Gastrodon|96\/100|[from] item: Leftovers\n|upkeep\n|turn|12\n|\n|t:|1700956246\n|switch|p1a: Cacophony|Blacephalon|82\/100 tox\n|switch|p2a: Garchomp|Garchomp, M|100\/100\n|\n|-damage|p1a: Cacophony|76\/100 tox|[from] psn\n|upkeep\n|turn|13\n|\n|t:|1700956256\n|detailschange|p2a: Garchomp|Garchomp-Mega, M\n|-mega|p2a: Garchomp|Garchomp|Garchompite\n|move|p1a: Cacophony|Shadow Ball|p2a: Garchomp\n|-damage|p2a: Garchomp|51\/100\n|move|p2a: Garchomp|Swords Dance|p2a: Garchomp\n|-boost|p2a: Garchomp|atk|2\n|\n|-damage|p1a: Cacophony|64\/100 tox|[from] psn\n|upkeep\n|turn|14\n|\n|t:|1700956266\n|move|p1a: Cacophony|Shadow Ball|p2a: Garchomp\n|-damage|p2a: Garchomp|3\/100\n|move|p2a: Garchomp|Scale Shot|p1a: Cacophony\n|-damage|p1a: Cacophony|0 fnt\n|faint|p1a: Cacophony\n|-hitcount|p1: Cacophony|1\n|-unboost|p2a: Garchomp|def|1\n|-boost|p2a: Garchomp|spe|1\n|\n|upkeep\n|\n|t:|1700956274\n|switch|p1a: Discordance|Mawile, F, shiny|100\/100\n|turn|15\n|\n|t:|1700956282\n|detailschange|p1a: Discordance|Mawile-Mega, F, shiny\n|-mega|p1a: Discordance|Mawile|Mawilite\n|move|p1a: Discordance|Sucker Punch||[still]\n|-fail|p1a: Discordance\n|move|p2a: Garchomp|Swords Dance|p2a: Garchomp\n|-boost|p2a: Garchomp|atk|2\n|\n|upkeep\n|turn|16\n|\n|t:|1700956290\n|move|p1a: Discordance|Sucker Punch||[still]\n|-fail|p1a: Discordance\n|move|p2a: Garchomp|Swords Dance|p2a: Garchomp\n|-boost|p2a: Garchomp|atk|2\n|\n|upkeep\n|turn|17\n|\n|t:|1700956299\n|move|p1a: Discordance|Sucker Punch||[still]\n|-fail|p1a: Discordance\n|move|p2a: Garchomp|Swords Dance|p2a: Garchomp\n|-boost|p2a: Garchomp|atk|0\n|\n|upkeep\n|turn|18\n|\n|t:|1700956310\n|move|p1a: Discordance|Sucker Punch||[still]\n|-fail|p1a: Discordance\n|move|p2a: Garchomp|Swords Dance|p2a: Garchomp\n|-boost|p2a: Garchomp|atk|0\n|\n|upkeep\n|turn|19\n|\n|t:|1700956318\n|move|p2a: Garchomp|Iron Head|p1a: Discordance\n|-damage|p1a: Discordance|0 fnt\n|faint|p1a: Discordance\n|\n|upkeep\n|\n|t:|1700956326\n|switch|p1a: Gulpy|Cramorant, M|77\/100 frz\n|turn|20\n|\n|t:|1700956330\n|move|p2a: Garchomp|Iron Head|p1a: Gulpy\n|-resisted|p1a: Gulpy\n|-crit|p1a: Gulpy\n|-damage|p1a: Gulpy|0 fnt\n|faint|p1a: Gulpy\n|\n|upkeep\n|\n|t:|1700956334\n|switch|p1a: AHHH STAIRS|Garganacl, M|100\/100\n|turn|21\n|\n|t:|1700956339\n|-terastallize|p1a: AHHH STAIRS|Flying\n|move|p2a: Garchomp|Iron Head|p1a: AHHH STAIRS\n|-damage|p1a: AHHH STAIRS|17\/100\n|move|p1a: AHHH STAIRS|Salt Cure|p2a: Garchomp\n|-resisted|p2a: Garchomp\n|-damage|p2a: Garchomp|0 fnt\n|faint|p2a: Garchomp\n|\n|-heal|p1a: AHHH STAIRS|23\/100|[from] item: Leftovers\n|upkeep\n|\n|t:|1700956352\n|switch|p2a: Gastrodon|Gastrodon, M|96\/100\n|turn|22\n|c|\u2606PeculiarPossum|Sigh...knew i shouldve SPd again\n|\n|t:|1700956359\n|move|p2a: Gastrodon|Ice Beam|p1a: AHHH STAIRS\n|-supereffective|p1a: AHHH STAIRS\n|-damage|p1a: AHHH STAIRS|0 fnt\n|faint|p1a: AHHH STAIRS\n|\n|-heal|p2a: Gastrodon|100\/100|[from] item: Leftovers\n|upkeep\n|\n|t:|1700956368\n|switch|p1a: The plug|Venusaur, F|100\/100\n|turn|23\n|c|\u2606Zenhmaster|Of course\n|inactive|Zenhmaster has 120 seconds left.\n|\n|t:|1700956404\n|-terastallize|p2a: Gastrodon|Fire\n|move|p1a: The plug|Giga Drain|p2a: Gastrodon\n|-resisted|p2a: Gastrodon\n|-damage|p2a: Gastrodon|80\/100\n|-damage|p1a: The plug|91\/100|[from] item: Life Orb\n|move|p2a: Gastrodon|Ice Beam|p1a: The plug\n|-supereffective|p1a: The plug\n|-damage|p1a: The plug|43\/100\n|\n|-heal|p2a: Gastrodon|86\/100|[from] item: Leftovers\n|upkeep\n|turn|24\n|inactive|Zenhmaster has 120 seconds left.\n|\n|t:|1700956417\n|move|p1a: The plug|Sludge Bomb|p2a: Gastrodon\n|-damage|p2a: Gastrodon|36\/100\n|-status|p2a: Gastrodon|psn\n|-damage|p1a: The plug|33\/100|[from] item: Life Orb\n|move|p2a: Gastrodon|Ice Beam|p1a: The plug\n|-supereffective|p1a: The plug\n|-damage|p1a: The plug|0 fnt\n|faint|p1a: The plug\n|\n|-heal|p2a: Gastrodon|42\/100 psn|[from] item: Leftovers\n|-damage|p2a: Gastrodon|29\/100 psn|[from] psn\n|upkeep\n|\n|t:|1700956426\n|switch|p1a: Meaty Claws|Gliscor, M|100\/100\n|turn|25\n|inactive|Zenhmaster has 120 seconds left.\n|\n|t:|1700956438\n|move|p1a: Meaty Claws|Earthquake|p2a: Gastrodon\n|-supereffective|p2a: Gastrodon\n|-damage|p2a: Gastrodon|0 fnt\n|faint|p2a: Gastrodon\n|\n|-status|p1a: Meaty Claws|tox|[from] item: Toxic Orb\n|upkeep\n|inactive|Zenhmaster has 120 seconds left.\n|\n|t:|1700956456\n|switch|p2a: Great Tusk|Great Tusk|100\/100\n|-enditem|p2a: Great Tusk|Booster Energy\n|-activate|p2a: Great Tusk|ability: Protosynthesis|[fromitem]\n|-start|p2a: Great Tusk|protosynthesisatk\n|turn|26\n|\n|t:|1700956467\n|move|p1a: Meaty Claws|Dual Wingbeat|p2a: Great Tusk\n|-supereffective|p2a: Great Tusk\n|-damage|p2a: Great Tusk|83\/100\n|-supereffective|p2a: Great Tusk\n|-damage|p2a: Great Tusk|67\/100\n|-hitcount|p2a: Great Tusk|2\n|move|p2a: Great Tusk|Bulk Up|p2a: Great Tusk\n|-boost|p2a: Great Tusk|atk|1\n|-boost|p2a: Great Tusk|def|1\n|\n|upkeep\n|turn|27\n|\n|t:|1700956477\n|move|p1a: Meaty Claws|Toxic|p2a: Great Tusk\n|-status|p2a: Great Tusk|tox\n|move|p2a: Great Tusk|Bulk Up|p2a: Great Tusk\n|-boost|p2a: Great Tusk|atk|1\n|-boost|p2a: Great Tusk|def|1\n|\n|-damage|p2a: Great Tusk|61\/100 tox|[from] psn\n|upkeep\n|turn|28\n|\n|t:|1700956486\n|move|p1a: Meaty Claws|Dual Wingbeat|p2a: Great Tusk\n|-supereffective|p2a: Great Tusk\n|-damage|p2a: Great Tusk|52\/100 tox\n|-supereffective|p2a: Great Tusk\n|-damage|p2a: Great Tusk|44\/100 tox\n|-hitcount|p2a: Great Tusk|2\n|move|p2a: Great Tusk|Close Combat|p1a: Meaty Claws\n|-resisted|p1a: Meaty Claws\n|-damage|p1a: Meaty Claws|43\/100 tox\n|-unboost|p2a: Great Tusk|def|1\n|-unboost|p2a: Great Tusk|spd|1\n|\n|-heal|p1a: Meaty Claws|55\/100 tox|[from] ability: Poison Heal\n|-damage|p2a: Great Tusk|31\/100 tox|[from] psn\n|upkeep\n|turn|29\n|\n|t:|1700956500\n|move|p1a: Meaty Claws|Dual Wingbeat|p2a: Great Tusk\n|-supereffective|p2a: Great Tusk\n|-damage|p2a: Great Tusk|20\/100 tox\n|-supereffective|p2a: Great Tusk\n|-damage|p2a: Great Tusk|9\/100 tox\n|-hitcount|p2a: Great Tusk|2\n|move|p2a: Great Tusk|Close Combat|p1a: Meaty Claws\n|-resisted|p1a: Meaty Claws\n|-damage|p1a: Meaty Claws|0 fnt\n|-unboost|p2a: Great Tusk|def|1\n|-unboost|p2a: Great Tusk|spd|1\n|faint|p1a: Meaty Claws\n|\n|win|Zenhmaster\n|raw|PeculiarPossum's rating: 1230 &rarr; <strong>1207<\/strong><br \/>(-23 for losing)\n|raw|Zenhmaster's rating: 1258 &rarr; <strong>1281<\/strong><br \/>(+23 for winning)\n|l|\u2606PeculiarPossum\n","uploadtime":1700956514,"views":11,"p1id":"peculiarpossum","p2id":"zenhmaster","formatid":"gen9nationaldex","rating":1207,"private":0,"password":""}