{"id":"gen9nationaldex-1997865283","p1":"Petros_Lessa","p2":"PokeUsername12","format":"[Gen 9] National Dex","log":"|html|<div class=\"broadcast-blue\"><strong>[Gen 9] National Dex is currently suspecting Sneasler! For information on how to participate check out the <a href=\"https:\/\/www.smogon.com\/forums\/threads\/sv-national-dex-suspect-8-just-dance.3731534\/\">suspect thread<\/a>.<\/strong><\/div>\n|j|\u2606Petros_Lessa\n|j|\u2606PokeUsername12\n|t:|1700861288\n|gametype|singles\n|player|p1|Petros_Lessa|steven|1335\n|player|p2|PokeUsername12|1|1293\n|teamsize|p1|6\n|teamsize|p2|6\n|gen|9\n|tier|[Gen 9] National Dex\n|rated|\n|rule|HP Percentage Mod: HP is shown in percentages\n|rule|Endless Battle Clause: Forcing endless battles is banned\n|rule|OHKO Clause: OHKO moves are banned\n|rule|Evasion Clause: Evasion abilities, items, and moves are banned\n|rule|Evasion Abilities Clause: Evasion abilities are banned\n|rule|Evasion Items Clause: Evasion items are banned\n|rule|Evasion Moves Clause: Evasion moves are banned\n|rule|Species Clause: Limit one of each Pok\u00e9mon\n|rule|Sleep Clause Mod: Limit one foe put to sleep\n|clearpoke\n|poke|p1|Zeraora|\n|poke|p1|Great Tusk|\n|poke|p1|Charizard, M|\n|poke|p1|Mimikyu, F|\n|poke|p1|Ogerpon-Wellspring, F|\n|poke|p1|Zapdos|\n|poke|p2|Tropius, F|\n|poke|p2|Great Tusk|\n|poke|p2|Dondozo, F|\n|poke|p2|Beedrill, F|\n|poke|p2|Omastar, M|\n|poke|p2|Chansey, F|\n|teampreview\n|inactive|Battle timer is ON: inactive players will automatically lose when time's up. (requested by Petros_Lessa)\n|\n|t:|1700861293\n|start\n|switch|p1a: Charizard|Charizard, M|100\/100\n|switch|p2a: Omastar|Omastar, M|100\/100\n|turn|1\n|\n|t:|1700861298\n|detailschange|p1a: Charizard|Charizard-Mega-Y, M\n|-mega|p1a: Charizard|Charizard|Charizardite Y\n|-weather|SunnyDay|[from] ability: Drought|[of] p1a: Charizard\n|move|p1a: Charizard|Solar Beam||[still]\n|-prepare|p1a: Charizard|Solar Beam\n|-anim|p1a: Charizard|Solar Beam|p2a: Omastar\n|-supereffective|p2a: Omastar\n|-enditem|p2a: Omastar|Focus Sash\n|-damage|p2a: Omastar|1\/100\n|move|p2a: Omastar|Shell Smash|p2a: Omastar\n|-unboost|p2a: Omastar|def|1\n|-unboost|p2a: Omastar|spd|1\n|-boost|p2a: Omastar|atk|2\n|-boost|p2a: Omastar|spa|2\n|-boost|p2a: Omastar|spe|2\n|\n|-weather|SunnyDay|[upkeep]\n|upkeep\n|turn|2\n|\n|t:|1700861305\n|switch|p1a: Ogerpon|Ogerpon-Wellspring, F|100\/100\n|move|p2a: Omastar|Surf|p1a: Ogerpon\n|-immune|p1a: Ogerpon|[from] ability: Water Absorb\n|\n|-weather|SunnyDay|[upkeep]\n|upkeep\n|turn|3\n|\n|t:|1700861312\n|move|p2a: Omastar|Ice Beam|p1a: Ogerpon\n|-damage|p1a: Ogerpon|33\/100\n|move|p1a: Ogerpon|Horn Leech|p2a: Omastar\n|-supereffective|p2a: Omastar\n|-damage|p2a: Omastar|0 fnt\n|-heal|p1a: Ogerpon|33\/100|[from] drain|[of] p2a: Omastar\n|faint|p2a: Omastar\n|\n|-weather|SunnyDay|[upkeep]\n|upkeep\n|\n|t:|1700861315\n|switch|p2a: Beedrill|Beedrill, F|100\/100\n|turn|4\n|\n|t:|1700861324\n|switch|p1a: Zapdos|Zapdos|100\/100\n|detailschange|p2a: Beedrill|Beedrill-Mega, F\n|-mega|p2a: Beedrill|Beedrill|Beedrillite\n|move|p2a: Beedrill|U-turn|p1a: Zapdos\n|-resisted|p1a: Zapdos\n|-damage|p1a: Zapdos|70\/100\n|-status|p2a: Beedrill|par|[from] ability: Static|[of] p1a: Zapdos\n|\n|t:|1700861331\n|switch|p2a: Great Tusk|Great Tusk|100\/100|[from] U-turn\n|-activate|p2a: Great Tusk|ability: Protosynthesis\n|-start|p2a: Great Tusk|protosynthesisatk\n|\n|-weather|SunnyDay|[upkeep]\n|upkeep\n|turn|5\n|\n|t:|1700861336\n|move|p1a: Zapdos|Heat Wave|p2a: Great Tusk\n|-damage|p2a: Great Tusk|32\/100\n|-status|p2a: Great Tusk|brn\n|move|p2a: Great Tusk|Rapid Spin|p1a: Zapdos\n|-damage|p1a: Zapdos|56\/100\n|-boost|p2a: Great Tusk|spe|1\n|\n|-weather|none\n|-end|p2a: Great Tusk|Protosynthesis\n|-damage|p2a: Great Tusk|26\/100 brn|[from] brn\n|upkeep\n|turn|6\n|\n|t:|1700861342\n|move|p2a: Great Tusk|Ice Spinner|p1a: Zapdos\n|-supereffective|p1a: Zapdos\n|-damage|p1a: Zapdos|21\/100\n|move|p1a: Zapdos|Hurricane|p2a: Great Tusk|[miss]\n|-miss|p1a: Zapdos|p2a: Great Tusk\n|\n|-damage|p2a: Great Tusk|19\/100 brn|[from] brn\n|upkeep\n|turn|7\n|\n|t:|1700861356\n|switch|p1a: Charizard|Charizard-Mega-Y, M|100\/100\n|-weather|SunnyDay|[from] ability: Drought|[of] p1a: Charizard\n|-activate|p2a: Great Tusk|ability: Protosynthesis\n|-start|p2a: Great Tusk|protosynthesisspe\n|move|p2a: Great Tusk|Close Combat|p1a: Charizard\n|-resisted|p1a: Charizard\n|-damage|p1a: Charizard|77\/100\n|-unboost|p2a: Great Tusk|def|1\n|-unboost|p2a: Great Tusk|spd|1\n|\n|-weather|SunnyDay|[upkeep]\n|-damage|p2a: Great Tusk|13\/100 brn|[from] brn\n|upkeep\n|turn|8\n|\n|t:|1700861364\n|move|p2a: Great Tusk|Close Combat|p1a: Charizard\n|-resisted|p1a: Charizard\n|-damage|p1a: Charizard|56\/100\n|-unboost|p2a: Great Tusk|def|1\n|-unboost|p2a: Great Tusk|spd|1\n|move|p1a: Charizard|Solar Beam||[still]\n|-prepare|p1a: Charizard|Solar Beam\n|-anim|p1a: Charizard|Solar Beam|p2a: Great Tusk\n|-supereffective|p2a: Great Tusk\n|-damage|p2a: Great Tusk|0 fnt\n|faint|p2a: Great Tusk\n|-end|p2a: Great Tusk|Protosynthesis|[silent]\n|\n|-weather|SunnyDay|[upkeep]\n|upkeep\n|\n|t:|1700861372\n|switch|p2a: Chansey|Chansey, F|100\/100\n|turn|9\n|\n|t:|1700861376\n|switch|p1a: Great Tusk|Great Tusk|100\/100\n|-activate|p1a: Great Tusk|ability: Protosynthesis\n|-start|p1a: Great Tusk|protosynthesisdef\n|move|p2a: Chansey|Toxic|p1a: Great Tusk|[miss]\n|-miss|p2a: Chansey|p1a: Great Tusk\n|\n|-weather|SunnyDay|[upkeep]\n|upkeep\n|turn|10\n|\n|t:|1700861384\n|switch|p2a: Dondozo|Dondozo, F, shiny|100\/100\n|move|p1a: Great Tusk|Body Press|p2a: Dondozo\n|-damage|p2a: Dondozo|81\/100\n|\n|-weather|SunnyDay|[upkeep]\n|-heal|p2a: Dondozo|87\/100|[from] item: Leftovers\n|upkeep\n|turn|11\n|\n|t:|1700861391\n|move|p1a: Great Tusk|Stealth Rock|p2a: Dondozo\n|-sidestart|p2: PokeUsername12|move: Stealth Rock\n|move|p2a: Dondozo|Curse|p2a: Dondozo\n|-unboost|p2a: Dondozo|spe|1\n|-boost|p2a: Dondozo|atk|1\n|-boost|p2a: Dondozo|def|1\n|\n|-weather|none\n|-end|p1a: Great Tusk|Protosynthesis\n|-heal|p2a: Dondozo|93\/100|[from] item: Leftovers\n|upkeep\n|turn|12\n|\n|t:|1700861397\n|-end|p1a: Great Tusk|Protosynthesis|[silent]\n|switch|p1a: Zapdos|Zapdos|21\/100\n|move|p2a: Dondozo|Wave Crash|p1a: Zapdos\n|-damage|p1a: Zapdos|0 fnt\n|faint|p1a: Zapdos\n|-damage|p2a: Dondozo|89\/100|[from] Recoil\n|\n|-heal|p2a: Dondozo|95\/100|[from] item: Leftovers\n|upkeep\n|\n|t:|1700861403\n|switch|p1a: Charizard|Charizard-Mega-Y, M|56\/100\n|-weather|SunnyDay|[from] ability: Drought|[of] p1a: Charizard\n|turn|13\n|\n|t:|1700861418\n|-terastallize|p2a: Dondozo|Steel\n|move|p1a: Charizard|Solar Beam||[still]\n|-prepare|p1a: Charizard|Solar Beam\n|-anim|p1a: Charizard|Solar Beam|p2a: Dondozo\n|-resisted|p2a: Dondozo\n|-damage|p2a: Dondozo|73\/100\n|move|p2a: Dondozo|Wave Crash|p1a: Charizard\n|-supereffective|p1a: Charizard\n|-damage|p1a: Charizard|0 fnt\n|faint|p1a: Charizard\n|-damage|p2a: Dondozo|62\/100|[from] Recoil\n|\n|-weather|SunnyDay|[upkeep]\n|-heal|p2a: Dondozo|69\/100|[from] item: Leftovers\n|upkeep\n|\n|t:|1700861434\n|switch|p1a: Great Tusk|Great Tusk|100\/100\n|-activate|p1a: Great Tusk|ability: Protosynthesis\n|-start|p1a: Great Tusk|protosynthesisdef\n|turn|14\n|\n|t:|1700861442\n|move|p1a: Great Tusk|Body Press|p2a: Dondozo\n|-supereffective|p2a: Dondozo\n|-damage|p2a: Dondozo|40\/100\n|move|p2a: Dondozo|Yawn|p1a: Great Tusk\n|-start|p1a: Great Tusk|move: Yawn|[of] p2a: Dondozo\n|\n|-weather|SunnyDay|[upkeep]\n|-heal|p2a: Dondozo|46\/100|[from] item: Leftovers\n|upkeep\n|turn|15\n|\n|t:|1700861454\n|-end|p1a: Great Tusk|Protosynthesis|[silent]\n|switch|p1a: Ogerpon|Ogerpon-Wellspring, F|33\/100\n|move|p2a: Dondozo|Curse|p2a: Dondozo\n|-unboost|p2a: Dondozo|spe|1\n|-boost|p2a: Dondozo|atk|1\n|-boost|p2a: Dondozo|def|1\n|\n|-weather|SunnyDay|[upkeep]\n|-heal|p2a: Dondozo|52\/100|[from] item: Leftovers\n|upkeep\n|turn|16\n|\n|t:|1700861464\n|move|p1a: Ogerpon|Ivy Cudgel|p2a: Dondozo|[anim] Ivy Cudgel Water\n|-damage|p2a: Dondozo|46\/100\n|move|p2a: Dondozo|Rest|p2a: Dondozo\n|-status|p2a: Dondozo|slp|[from] move: Rest\n|-heal|p2a: Dondozo|100\/100 slp|[silent]\n|\n|-weather|SunnyDay|[upkeep]\n|upkeep\n|turn|17\n|\n|t:|1700861472\n|switch|p1a: Great Tusk|Great Tusk|100\/100\n|-activate|p1a: Great Tusk|ability: Protosynthesis\n|-start|p1a: Great Tusk|protosynthesisdef\n|cant|p2a: Dondozo|slp\n|\n|-weather|none\n|-end|p1a: Great Tusk|Protosynthesis\n|upkeep\n|turn|18\n|\n|t:|1700861475\n|move|p1a: Great Tusk|Knock Off|p2a: Dondozo\n|-damage|p2a: Dondozo|94\/100 slp\n|-enditem|p2a: Dondozo|Leftovers|[from] move: Knock Off|[of] p1a: Great Tusk\n|cant|p2a: Dondozo|slp\n|\n|upkeep\n|turn|19\n|\n|t:|1700861479\n|move|p1a: Great Tusk|Body Press|p2a: Dondozo\n|-supereffective|p2a: Dondozo\n|-damage|p2a: Dondozo|75\/100 slp\n|-curestatus|p2a: Dondozo|slp|[msg]\n|move|p2a: Dondozo|Wave Crash|p1a: Great Tusk\n|-supereffective|p1a: Great Tusk\n|-damage|p1a: Great Tusk|19\/100\n|-damage|p2a: Dondozo|52\/100|[from] Recoil\n|\n|-heal|p1a: Great Tusk|25\/100|[from] item: Leftovers\n|upkeep\n|turn|20\n|\n|t:|1700861484\n|move|p1a: Great Tusk|Body Press|p2a: Dondozo\n|-supereffective|p2a: Dondozo\n|-damage|p2a: Dondozo|32\/100\n|move|p2a: Dondozo|Wave Crash|p1a: Great Tusk\n|-supereffective|p1a: Great Tusk\n|-damage|p1a: Great Tusk|0 fnt\n|faint|p1a: Great Tusk\n|-end|p1a: Great Tusk|Protosynthesis|[silent]\n|-damage|p2a: Dondozo|25\/100|[from] Recoil\n|\n|upkeep\n|\n|t:|1700861490\n|switch|p1a: Ogerpon|Ogerpon-Wellspring, F|33\/100\n|turn|21\n|\n|t:|1700861494\n|move|p1a: Ogerpon|Ivy Cudgel|p2a: Dondozo|[anim] Ivy Cudgel Water\n|-damage|p2a: Dondozo|11\/100\n|move|p2a: Dondozo|Rest|p2a: Dondozo\n|-status|p2a: Dondozo|slp|[from] move: Rest\n|-heal|p2a: Dondozo|100\/100 slp|[silent]\n|\n|upkeep\n|turn|22\n|\n|t:|1700861497\n|switch|p1a: Zeraora|Zeraora|100\/100\n|cant|p2a: Dondozo|slp\n|\n|upkeep\n|turn|23\n|\n|t:|1700861504\n|-terastallize|p1a: Zeraora|Electric\n|move|p1a: Zeraora|Plasma Fists|p2a: Dondozo\n|-damage|p2a: Dondozo|81\/100 slp\n|-fieldactivate|move: Ion Deluge\n|-hint|Normal-type moves become Electric-type after using Plasma Fists.\n|cant|p2a: Dondozo|slp\n|\n|upkeep\n|turn|24\n|\n|t:|1700861511\n|switch|p1a: Ogerpon|Ogerpon-Wellspring, F|33\/100\n|-curestatus|p2a: Dondozo|slp|[msg]\n|move|p2a: Dondozo|Curse|p2a: Dondozo\n|-unboost|p2a: Dondozo|spe|1\n|-boost|p2a: Dondozo|atk|1\n|-boost|p2a: Dondozo|def|1\n|\n|upkeep\n|turn|25\n|\n|t:|1700861514\n|move|p1a: Ogerpon|Ivy Cudgel|p2a: Dondozo|[anim] Ivy Cudgel Water\n|-damage|p2a: Dondozo|69\/100\n|move|p2a: Dondozo|Wave Crash|p1a: Ogerpon\n|-heal|p1a: Ogerpon|58\/100|[from] ability: Water Absorb|[of] p2a: Dondozo\n|\n|upkeep\n|turn|26\n|\n|t:|1700861520\n|move|p1a: Ogerpon|Ivy Cudgel|p2a: Dondozo|[anim] Ivy Cudgel Water\n|-damage|p2a: Dondozo|58\/100\n|move|p2a: Dondozo|Yawn|p1a: Ogerpon\n|-start|p1a: Ogerpon|move: Yawn|[of] p2a: Dondozo\n|\n|upkeep\n|turn|27\n|\n|t:|1700861527\n|move|p1a: Ogerpon|Ivy Cudgel|p2a: Dondozo|[anim] Ivy Cudgel Water\n|-damage|p2a: Dondozo|48\/100\n|move|p2a: Dondozo|Rest|p2a: Dondozo\n|-status|p2a: Dondozo|slp|[from] move: Rest\n|-heal|p2a: Dondozo|100\/100 slp|[silent]\n|\n|-end|p1a: Ogerpon|move: Yawn|[silent]\n|-status|p1a: Ogerpon|slp\n|upkeep\n|turn|28\n|\n|t:|1700861548\n|cant|p1a: Ogerpon|slp\n|cant|p2a: Dondozo|slp\n|\n|upkeep\n|turn|29\n|\n|t:|1700861556\n|-curestatus|p1a: Ogerpon|slp|[msg]\n|move|p1a: Ogerpon|Swords Dance|p1a: Ogerpon\n|-boost|p1a: Ogerpon|atk|2\n|cant|p2a: Dondozo|slp\n|\n|upkeep\n|turn|30\n|\n|t:|1700861565\n|move|p1a: Ogerpon|Ivy Cudgel|p2a: Dondozo|[anim] Ivy Cudgel Water\n|-damage|p2a: Dondozo|90\/100 slp\n|-curestatus|p2a: Dondozo|slp|[msg]\n|move|p2a: Dondozo|Curse|p2a: Dondozo\n|-unboost|p2a: Dondozo|spe|1\n|-boost|p2a: Dondozo|atk|1\n|-boost|p2a: Dondozo|def|1\n|\n|upkeep\n|turn|31\n|\n|t:|1700861570\n|move|p1a: Ogerpon|Ivy Cudgel|p2a: Dondozo|[anim] Ivy Cudgel Water\n|-damage|p2a: Dondozo|81\/100\n|move|p2a: Dondozo|Curse|p2a: Dondozo\n|-unboost|p2a: Dondozo|spe|1\n|-boost|p2a: Dondozo|atk|1\n|-boost|p2a: Dondozo|def|1\n|\n|upkeep\n|turn|32\n|\n|t:|1700861577\n|move|p1a: Ogerpon|Horn Leech|p2a: Dondozo\n|-resisted|p2a: Dondozo\n|-crit|p2a: Dondozo\n|-damage|p2a: Dondozo|65\/100\n|-heal|p1a: Ogerpon|72\/100|[from] drain|[of] p2a: Dondozo\n|move|p2a: Dondozo|Curse|p2a: Dondozo\n|-unboost|p2a: Dondozo|spe|1\n|-boost|p2a: Dondozo|atk|1\n|-boost|p2a: Dondozo|def|1\n|\n|upkeep\n|turn|33\n|\n|t:|1700861585\n|move|p1a: Ogerpon|Horn Leech|p2a: Dondozo\n|-resisted|p2a: Dondozo\n|-damage|p2a: Dondozo|63\/100\n|-heal|p1a: Ogerpon|74\/100|[from] drain|[of] p2a: Dondozo\n|move|p2a: Dondozo|Yawn|p1a: Ogerpon\n|-start|p1a: Ogerpon|move: Yawn|[of] p2a: Dondozo\n|\n|upkeep\n|turn|34\n|\n|t:|1700861591\n|move|p1a: Ogerpon|Swords Dance|p1a: Ogerpon\n|-boost|p1a: Ogerpon|atk|2\n|move|p2a: Dondozo|Yawn||[still]\n|-fail|p2a: Dondozo\n|\n|-end|p1a: Ogerpon|move: Yawn|[silent]\n|-status|p1a: Ogerpon|slp\n|upkeep\n|turn|35\n|\n|t:|1700861599\n|switch|p2a: Beedrill|Beedrill-Mega, F|100\/100 par\n|-damage|p2a: Beedrill|76\/100 par|[from] Stealth Rock\n|cant|p1a: Ogerpon|slp\n|\n|upkeep\n|turn|36\n|\n|t:|1700861610\n|switch|p1a: Mimikyu|Mimikyu, F|100\/100\n|move|p2a: Beedrill|U-turn|p1a: Mimikyu\n|-activate|p1a: Mimikyu|ability: Disguise\n|-damage|p1a: Mimikyu|100\/100\n|detailschange|p1a: Mimikyu|Mimikyu-Busted, F\n|-damage|p1a: Mimikyu|88\/100|[from] pokemon: Mimikyu-Busted\n|\n|t:|1700861617\n|switch|p2a: Tropius|Tropius, F|100\/100|[from] U-turn\n|-damage|p2a: Tropius|76\/100|[from] Stealth Rock\n|\n|upkeep\n|turn|37\n|\n|t:|1700861624\n|move|p1a: Mimikyu|Swords Dance|p1a: Mimikyu\n|-boost|p1a: Mimikyu|atk|2\n|move|p2a: Tropius|Substitute|p2a: Tropius\n|-start|p2a: Tropius|Substitute\n|-damage|p2a: Tropius|51\/100\n|\n|upkeep\n|turn|38\n|\n|t:|1700861627\n|move|p1a: Mimikyu|Shadow Sneak|p2a: Tropius\n|-end|p2a: Tropius|Substitute\n|move|p2a: Tropius|Leech Seed|p1a: Mimikyu\n|-start|p1a: Mimikyu|move: Leech Seed\n|\n|-damage|p1a: Mimikyu|76\/100|[from] Leech Seed|[of] p2a: Tropius\n|-heal|p2a: Tropius|58\/100|[silent]\n|upkeep\n|turn|39\n|\n|t:|1700861635\n|move|p1a: Mimikyu|Shadow Claw|p2a: Tropius\n|-damage|p2a: Tropius|1\/100\n|-enditem|p2a: Tropius|Sitrus Berry|[eat]\n|-heal|p2a: Tropius|26\/100|[from] item: Sitrus Berry\n|move|p2a: Tropius|Substitute|p2a: Tropius\n|-start|p2a: Tropius|Substitute\n|-damage|p2a: Tropius|1\/100\n|\n|-damage|p1a: Mimikyu|63\/100|[from] Leech Seed|[of] p2a: Tropius\n|-heal|p2a: Tropius|9\/100|[silent]\n|upkeep\n|turn|40\n|\n|t:|1700861639\n|move|p2a: Tropius|Protect|p2a: Tropius\n|-singleturn|p2a: Tropius|Protect\n|move|p1a: Mimikyu|Shadow Sneak|p2a: Tropius\n|-activate|p2a: Tropius|move: Protect\n|\n|-damage|p1a: Mimikyu|51\/100|[from] Leech Seed|[of] p2a: Tropius\n|-heal|p2a: Tropius|16\/100|[silent]\n|upkeep\n|turn|41\n|\n|t:|1700861648\n|switch|p1a: Zeraora|Zeraora, tera:Electric|100\/100\n|move|p2a: Tropius|Protect||[still]\n|-fail|p2a: Tropius\n|\n|-item|p2a: Tropius|Sitrus Berry|[from] ability: Harvest\n|upkeep\n|-enditem|p2a: Tropius|Sitrus Berry|[eat]\n|-heal|p2a: Tropius|41\/100|[from] item: Sitrus Berry\n|turn|42\n|\n|t:|1700861656\n|move|p2a: Tropius|Protect|p2a: Tropius\n|-singleturn|p2a: Tropius|Protect\n|move|p1a: Zeraora|Volt Switch|p2a: Tropius\n|-activate|p2a: Tropius|move: Protect\n|\n|-item|p2a: Tropius|Sitrus Berry|[from] ability: Harvest\n|upkeep\n|-enditem|p2a: Tropius|Sitrus Berry|[eat]\n|-heal|p2a: Tropius|66\/100|[from] item: Sitrus Berry\n|turn|43\n|\n|t:|1700861667\n|move|p1a: Zeraora|Volt Switch|p2a: Tropius\n|-activate|p2a: Tropius|move: Substitute|[damage]\n|\n|t:|1700861670\n|switch|p1a: Ogerpon|Ogerpon-Wellspring, F|74\/100 slp|[from] Volt Switch\n|move|p2a: Tropius|Leech Seed|p1a: Ogerpon\n|-immune|p1a: Ogerpon\n|\n|upkeep\n|turn|44\n|\n|t:|1700861674\n|cant|p1a: Ogerpon|slp\n|move|p2a: Tropius|Air Slash|p1a: Ogerpon\n|-supereffective|p1a: Ogerpon\n|-damage|p1a: Ogerpon|28\/100 slp\n|\n|upkeep\n|turn|45\n|\n|t:|1700861677\n|switch|p1a: Zeraora|Zeraora, tera:Electric|100\/100\n|move|p2a: Tropius|Air Slash|p1a: Zeraora\n|-resisted|p1a: Zeraora\n|-damage|p1a: Zeraora|87\/100\n|\n|upkeep\n|turn|46\n|\n|t:|1700861681\n|move|p2a: Tropius|Protect|p2a: Tropius\n|-singleturn|p2a: Tropius|Protect\n|move|p1a: Zeraora|Plasma Fists|p2a: Tropius\n|-activate|p2a: Tropius|move: Protect\n|\n|-item|p2a: Tropius|Sitrus Berry|[from] ability: Harvest\n|upkeep\n|turn|47\n|\n|t:|1700861686\n|move|p1a: Zeraora|Plasma Fists|p2a: Tropius\n|-end|p2a: Tropius|Substitute\n|move|p2a: Tropius|Leech Seed|p1a: Zeraora\n|-start|p1a: Zeraora|move: Leech Seed\n|\n|-damage|p1a: Zeraora|75\/100|[from] Leech Seed|[of] p2a: Tropius\n|-heal|p2a: Tropius|76\/100|[silent]\n|upkeep\n|turn|48\n|\n|t:|1700861697\n|move|p2a: Tropius|Protect|p2a: Tropius\n|-singleturn|p2a: Tropius|Protect\n|move|p1a: Zeraora|Plasma Fists|p2a: Tropius\n|-activate|p2a: Tropius|move: Protect\n|\n|-damage|p1a: Zeraora|63\/100|[from] Leech Seed|[of] p2a: Tropius\n|-heal|p2a: Tropius|86\/100|[silent]\n|upkeep\n|turn|49\n|\n|t:|1700861705\n|move|p1a: Zeraora|Plasma Fists|p2a: Tropius\n|-damage|p2a: Tropius|0 fnt\n|-fieldactivate|move: Ion Deluge\n|-hint|Normal-type moves become Electric-type after using Plasma Fists.\n|faint|p2a: Tropius\n|\n|upkeep\n|\n|t:|1700861710\n|switch|p2a: Dondozo|Dondozo, F, shiny, tera:Steel|63\/100\n|-damage|p2a: Dondozo|56\/100|[from] Stealth Rock\n|turn|50\n|\n|t:|1700861719\n|move|p1a: Zeraora|Plasma Fists|p2a: Dondozo\n|-damage|p2a: Dondozo|16\/100\n|-fieldactivate|move: Ion Deluge\n|-hint|Normal-type moves become Electric-type after using Plasma Fists.\n|move|p2a: Dondozo|Curse|p2a: Dondozo\n|-unboost|p2a: Dondozo|spe|1\n|-boost|p2a: Dondozo|atk|1\n|-boost|p2a: Dondozo|def|1\n|\n|-damage|p1a: Zeraora|50\/100|[from] Leech Seed|[of] p2a: Dondozo\n|-heal|p2a: Dondozo|23\/100|[silent]\n|upkeep\n|turn|51\n|\n|t:|1700861723\n|move|p1a: Zeraora|Plasma Fists|p2a: Dondozo\n|-damage|p2a: Dondozo|0 fnt\n|-fieldactivate|move: Ion Deluge\n|-hint|Normal-type moves become Electric-type after using Plasma Fists.\n|faint|p2a: Dondozo\n|\n|upkeep\n|\n|t:|1700861726\n|switch|p2a: Beedrill|Beedrill-Mega, F|76\/100 par\n|-damage|p2a: Beedrill|51\/100 par|[from] Stealth Rock\n|turn|52\n|\n|t:|1700861729\n|move|p1a: Zeraora|Plasma Fists|p2a: Beedrill\n|-damage|p2a: Beedrill|0 fnt\n|-fieldactivate|move: Ion Deluge\n|-hint|Normal-type moves become Electric-type after using Plasma Fists.\n|faint|p2a: Beedrill\n|\n|upkeep\n|-message|PokeUsername12 forfeited.\n|\n|win|Petros_Lessa\n|raw|Petros_Lessa's rating: 1335 &rarr; <strong>1353<\/strong><br \/>(+18 for winning)\n|raw|PokeUsername12's rating: 1293 &rarr; <strong>1271<\/strong><br \/>(-22 for losing)\n|l|\u2606PokeUsername12\n","uploadtime":1700861737,"views":3,"p1id":"petroslessa","p2id":"pokeusername12","formatid":"gen9nationaldex","rating":1271,"private":0,"password":""}