{"id":"gen9nationaldex-1988724718","p1":"CappyPulpy","p2":"gurshxn","format":"[Gen 9] National Dex","log":"|j|\u2606CappyPulpy\n|j|\u2606gurshxn\n|t:|1699755190\n|gametype|singles\n|player|p1|CappyPulpy|102|1517\n|player|p2|gurshxn|265|1680\n|teamsize|p1|6\n|teamsize|p2|6\n|gen|9\n|tier|[Gen 9] National Dex\n|rated|\n|rule|HP Percentage Mod: HP is shown in percentages\n|rule|Endless Battle Clause: Forcing endless battles is banned\n|rule|OHKO Clause: OHKO moves are banned\n|rule|Evasion Clause: Evasion abilities, items, and moves are banned\n|rule|Evasion Abilities Clause: Evasion abilities are banned\n|rule|Evasion Items Clause: Evasion items are banned\n|rule|Evasion Moves Clause: Evasion moves are banned\n|rule|Species Clause: Limit one of each Pok\u00e9mon\n|rule|Sleep Clause Mod: Limit one foe put to sleep\n|clearpoke\n|poke|p1|Tyranitar, M|\n|poke|p1|Alomomola, F|\n|poke|p1|Zamazenta-*|\n|poke|p1|Landorus-Therian, M|\n|poke|p1|Kommo-o, F|\n|poke|p1|Aegislash, M|\n|poke|p2|Alomomola, F|\n|poke|p2|Tyranitar, F|\n|poke|p2|Tapu Koko|\n|poke|p2|Great Tusk|\n|poke|p2|Moltres|\n|poke|p2|Ogerpon-Wellspring, F|\n|teampreview\n|inactive|Battle timer is ON: inactive players will automatically lose when time's up. (requested by CappyPulpy)\n|\n|t:|1699755211\n|start\n|switch|p1a: Landorus|Landorus-Therian, M|100\/100\n|switch|p2a: Great Tusk|Great Tusk|100\/100\n|-ability|p1a: Landorus|Intimidate|boost\n|-unboost|p2a: Great Tusk|atk|1\n|turn|1\n|\n|t:|1699755217\n|move|p1a: Landorus|Earthquake|p2a: Great Tusk\n|-damage|p2a: Great Tusk|72\/100\n|move|p2a: Great Tusk|Stealth Rock|p1a: Landorus\n|-sidestart|p1: CappyPulpy|move: Stealth Rock\n|\n|-heal|p2a: Great Tusk|78\/100|[from] item: Leftovers\n|upkeep\n|turn|2\n|\n|t:|1699755220\n|move|p1a: Landorus|Earthquake|p2a: Great Tusk\n|-damage|p2a: Great Tusk|51\/100\n|move|p2a: Great Tusk|Ice Spinner|p1a: Landorus\n|-supereffective|p1a: Landorus\n|-damage|p1a: Landorus|30\/100\n|\n|-heal|p2a: Great Tusk|57\/100|[from] item: Leftovers\n|upkeep\n|turn|3\n|\n|t:|1699755225\n|switch|p1a: Zamazenta|Zamazenta|100\/100\n|-damage|p1a: Zamazenta|94\/100|[from] Stealth Rock\n|-ability|p1a: Zamazenta|Dauntless Shield|boost\n|-boost|p1a: Zamazenta|def|1\n|move|p2a: Great Tusk|Ice Spinner|p1a: Zamazenta\n|-damage|p1a: Zamazenta|85\/100\n|\n|-heal|p2a: Great Tusk|63\/100|[from] item: Leftovers\n|upkeep\n|turn|4\n|\n|t:|1699755232\n|switch|p1a: Tyranitar|Tyranitar, M|100\/100\n|-damage|p1a: Tyranitar|88\/100|[from] Stealth Rock\n|-weather|Sandstorm|[from] ability: Sand Stream|[of] p1a: Tyranitar\n|-end|p2a: Great Tusk|Protosynthesis|[silent]\n|switch|p2a: Moltres|Moltres|100\/100\n|\n|-weather|Sandstorm|[upkeep]\n|-damage|p2a: Moltres|94\/100|[from] Sandstorm\n|upkeep\n|turn|5\n|\n|t:|1699755236\n|detailschange|p1a: Tyranitar|Tyranitar-Mega, M\n|-mega|p1a: Tyranitar|Tyranitar|Tyranitarite\n|move|p2a: Moltres|U-turn|p1a: Tyranitar\n|-supereffective|p1a: Tyranitar\n|-damage|p1a: Tyranitar|67\/100\n|-activate|p2a: Moltres|move: Pursuit\n|move|p1a: Tyranitar|Pursuit|p2a: Moltres|[from]Pursuit\n|-damage|p2a: Moltres|48\/100\n|\n|t:|1699755247\n|switch|p2a: Ogerpon|Ogerpon-Wellspring, F|100\/100|[from] U-turn\n|\n|-weather|Sandstorm|[upkeep]\n|-damage|p2a: Ogerpon|95\/100|[from] Sandstorm\n|upkeep\n|turn|6\n|\n|t:|1699755251\n|switch|p1a: Alomomola|Alomomola, F|100\/100\n|-damage|p1a: Alomomola|88\/100|[from] Stealth Rock\n|move|p2a: Ogerpon|Power Whip|p1a: Alomomola\n|-supereffective|p1a: Alomomola\n|-damage|p1a: Alomomola|8\/100\n|\n|-weather|Sandstorm|[upkeep]\n|-damage|p2a: Ogerpon|89\/100|[from] Sandstorm\n|-damage|p1a: Alomomola|2\/100|[from] Sandstorm\n|-heal|p1a: Alomomola|8\/100|[from] item: Leftovers\n|upkeep\n|turn|7\n|\n|t:|1699755258\n|switch|p1a: Zamazenta|Zamazenta|85\/100\n|-damage|p1a: Zamazenta|79\/100|[from] Stealth Rock\n|move|p2a: Ogerpon|Power Whip|p1a: Zamazenta\n|-damage|p1a: Zamazenta|12\/100\n|\n|-weather|Sandstorm|[upkeep]\n|-damage|p1a: Zamazenta|6\/100|[from] Sandstorm\n|-damage|p2a: Ogerpon|83\/100|[from] Sandstorm\n|upkeep\n|turn|8\n|\n|t:|1699755266\n|switch|p2a: Moltres|Moltres|48\/100\n|move|p1a: Zamazenta|Wild Charge|p2a: Moltres\n|-supereffective|p2a: Moltres\n|-damage|p2a: Moltres|0 fnt\n|faint|p2a: Moltres\n|-damage|p1a: Zamazenta|0 fnt|[from] Recoil\n|faint|p1a: Zamazenta\n|\n|-weather|none\n|upkeep\n|\n|t:|1699755292\n|switch|p1a: Alomomola|Alomomola, F|41\/100\n|switch|p2a: Ogerpon|Ogerpon-Wellspring, F|83\/100\n|-damage|p1a: Alomomola|29\/100|[from] Stealth Rock\n|turn|9\n|\n|t:|1699755297\n|switch|p1a: Landorus|Landorus-Therian, M|30\/100\n|-damage|p1a: Landorus|18\/100|[from] Stealth Rock\n|-ability|p1a: Landorus|Intimidate|boost\n|-unboost|p2a: Ogerpon|atk|1\n|move|p2a: Ogerpon|Power Whip|p1a: Landorus\n|-damage|p1a: Landorus|0 fnt\n|faint|p1a: Landorus\n|\n|upkeep\n|\n|t:|1699755301\n|switch|p1a: Kommo-o|Kommo-o, F|100\/100\n|-damage|p1a: Kommo-o|94\/100|[from] Stealth Rock\n|turn|10\n|\n|t:|1699755306\n|move|p2a: Ogerpon|Play Rough|p1a: Kommo-o\n|-supereffective|p1a: Kommo-o\n|-damage|p1a: Kommo-o|8\/100\n|move|p1a: Kommo-o|Clangorous Soul||[still]\n|-fail|p1a: Kommo-o\n|\n|upkeep\n|turn|11\n|\n|t:|1699755312\n|move|p2a: Ogerpon|Ivy Cudgel|p1a: Kommo-o\n|-resisted|p1a: Kommo-o\n|-damage|p1a: Kommo-o|0 fnt\n|faint|p1a: Kommo-o\n|\n|upkeep\n|\n|t:|1699755314\n|switch|p1a: Aegislash|Aegislash, M|100\/100\n|-damage|p1a: Aegislash|94\/100|[from] Stealth Rock\n|turn|12\n|\n|t:|1699755323\n|switch|p2a: Great Tusk|Great Tusk|63\/100\n|-formechange|p1a: Aegislash|Aegislash-Blade||[from] ability: Stance Change\n|move|p1a: Aegislash|Flash Cannon|p2a: Great Tusk\n|-damage|p2a: Great Tusk|0 fnt\n|faint|p2a: Great Tusk\n|-end|p2a: Great Tusk|Protosynthesis|[silent]\n|\n|upkeep\n|\n|t:|1699755334\n|switch|p2a: Tyranitar|Tyranitar, F|100\/100\n|-weather|Sandstorm|[from] ability: Sand Stream|[of] p2a: Tyranitar\n|turn|13\n|\n|t:|1699755338\n|detailschange|p2a: Tyranitar|Tyranitar-Mega, F\n|-mega|p2a: Tyranitar|Tyranitar|Tyranitarite\n|-formechange|p1a: Aegislash|Aegislash||[from] ability: Stance Change\n|move|p1a: Aegislash|King's Shield|p1a: Aegislash\n|-singleturn|p1a: Aegislash|Protect\n|move|p2a: Tyranitar|Knock Off|p1a: Aegislash\n|-activate|p1a: Aegislash|move: Protect\n|-unboost|p2a: Tyranitar|atk|1\n|\n|-weather|Sandstorm|[upkeep]\n|upkeep\n|turn|14\n|\n|t:|1699755353\n|-formechange|p1a: Aegislash|Aegislash-Blade||[from] ability: Stance Change\n|move|p1a: Aegislash|Flash Cannon|p2a: Tyranitar\n|-supereffective|p2a: Tyranitar\n|-damage|p2a: Tyranitar|54\/100\n|move|p2a: Tyranitar|Knock Off|p1a: Aegislash\n|-supereffective|p1a: Aegislash\n|-damage|p1a: Aegislash|0 fnt\n|-enditem|p1a: Aegislash|Spell Tag|[from] move: Knock Off|[of] p2a: Tyranitar\n|faint|p1a: Aegislash\n|\n|-weather|Sandstorm|[upkeep]\n|upkeep\n|\n|t:|1699755359\n|switch|p1a: Alomomola|Alomomola, F|62\/100\n|-damage|p1a: Alomomola|50\/100|[from] Stealth Rock\n|turn|15\n|\n|t:|1699755366\n|switch|p2a: Alomomola|Alomomola, F|100\/100\n|move|p1a: Alomomola|Wish|p1a: Alomomola\n|\n|-weather|Sandstorm|[upkeep]\n|-damage|p1a: Alomomola|44\/100|[from] Sandstorm\n|-damage|p2a: Alomomola|94\/100|[from] Sandstorm\n|-heal|p1a: Alomomola|50\/100|[from] item: Leftovers\n|upkeep\n|turn|16\n|\n|t:|1699755370\n|move|p1a: Alomomola|Flip Turn|p2a: Alomomola\n|-resisted|p2a: Alomomola\n|-damage|p2a: Alomomola|90\/100\n|\n|t:|1699755373\n|switch|p1a: Tyranitar|Tyranitar-Mega, M|67\/100|[from] Flip Turn\n|-damage|p1a: Tyranitar|55\/100|[from] Stealth Rock\n|move|p2a: Alomomola|Wish|p2a: Alomomola\n|\n|-weather|Sandstorm|[upkeep]\n|-damage|p2a: Alomomola|84\/100|[from] Sandstorm\n|-heal|p1a: Tyranitar|100\/100|[from] move: Wish|[wisher] Alomomola\n|upkeep\n|turn|17\n|\n|t:|1699755377\n|move|p1a: Tyranitar|Knock Off|p2a: Alomomola\n|-damage|p2a: Alomomola|45\/100\n|-enditem|p2a: Alomomola|Heavy-Duty Boots|[from] move: Knock Off|[of] p1a: Tyranitar\n|move|p2a: Alomomola|Toxic|p1a: Tyranitar\n|-status|p1a: Tyranitar|tox\n|\n|-weather|none\n|-heal|p2a: Alomomola|95\/100|[from] move: Wish|[wisher] Alomomola\n|-damage|p1a: Tyranitar|94\/100 tox|[from] psn\n|upkeep\n|turn|18\n|-message|CappyPulpy forfeited.\n|\n|win|gurshxn\n|raw|CappyPulpy's rating: 1517 &rarr; <strong>1506<\/strong><br \/>(-11 for losing)\n|raw|gurshxn's rating: 1680 &rarr; <strong>1691<\/strong><br \/>(+11 for winning)\n|l|\u2606CappyPulpy\n","uploadtime":1699755390,"views":10,"p1id":"cappypulpy","p2id":"gurshxn","formatid":"gen9nationaldex","rating":1506,"private":0,"password":""}