{"id":"gen9nationaldex-1990504596","p1":"srnana","p2":"Trottolino1606","format":"[Gen 9] National Dex","log":"|j|\u2606srnana\n|j|\u2606Trottolino1606\n|t:|1699976901\n|gametype|singles\n|player|p1|srnana|ghetsis-gen5bw|1027\n|player|p2|Trottolino1606|byron|1067\n|teamsize|p1|6\n|teamsize|p2|6\n|gen|9\n|tier|[Gen 9] National Dex\n|rated|\n|rule|HP Percentage Mod: HP is shown in percentages\n|rule|Endless Battle Clause: Forcing endless battles is banned\n|rule|OHKO Clause: OHKO moves are banned\n|rule|Evasion Clause: Evasion abilities, items, and moves are banned\n|rule|Evasion Abilities Clause: Evasion abilities are banned\n|rule|Evasion Items Clause: Evasion items are banned\n|rule|Evasion Moves Clause: Evasion moves are banned\n|rule|Species Clause: Limit one of each Pok\u00e9mon\n|rule|Sleep Clause Mod: Limit one foe put to sleep\n|clearpoke\n|poke|p1|Tapu Koko|\n|poke|p1|Iron Hands|\n|poke|p1|Iron Jugulis|\n|poke|p1|Iron Moth|\n|poke|p1|Iron Treads|\n|poke|p1|Iron Valiant|\n|poke|p2|Haxorus, F|\n|poke|p2|Cinccino, F|\n|poke|p2|Klinklang|\n|poke|p2|Stunfisk, M|\n|poke|p2|Conkeldurr, F|\n|poke|p2|Escavalier, M|\n|teampreview\n|inactive|Battle timer is ON: inactive players will automatically lose when time's up. (requested by Trottolino1606)\n|\n|t:|1699976903\n|start\n|switch|p1a: Tapu Koko|Tapu Koko, shiny|100\/100\n|switch|p2a: Stunfisk|Stunfisk, M|100\/100\n|-fieldstart|move: Electric Terrain|[from] ability: Electric Surge|[of] p1a: Tapu Koko\n|turn|1\n|\n|t:|1699976917\n|move|p1a: Tapu Koko|U-turn|p2a: Stunfisk\n|-damage|p2a: Stunfisk|87\/100\n|inactive|srnana has 120 seconds left.\n|\n|t:|1699976955\n|switch|p1a: Iron Treads|Iron Treads|100\/100|[from] U-turn\n|-activate|p1a: Iron Treads|ability: Quark Drive\n|-start|p1a: Iron Treads|quarkdrivespe\n|move|p2a: Stunfisk|Stealth Rock|p1a: Iron Treads\n|-sidestart|p1: srnana|move: Stealth Rock\n|\n|-heal|p2a: Stunfisk|93\/100|[from] item: Leftovers\n|upkeep\n|turn|2\n|inactive|srnana has 120 seconds left.\n|\n|t:|1699976967\n|move|p1a: Iron Treads|Rapid Spin|p2a: Stunfisk\n|-damage|p2a: Stunfisk|81\/100\n|-boost|p1a: Iron Treads|spe|1\n|-sideend|p1: srnana|Stealth Rock|[from] move: Rapid Spin|[of] p1a: Iron Treads\n|move|p2a: Stunfisk|Mud-Slap|p1a: Iron Treads\n|-supereffective|p1a: Iron Treads\n|-damage|p1a: Iron Treads|76\/100\n|-unboost|p1a: Iron Treads|accuracy|1\n|\n|-heal|p2a: Stunfisk|87\/100|[from] item: Leftovers\n|upkeep\n|turn|3\n|inactive|srnana has 120 seconds left.\n|inactive|srnana has 90 seconds left.\n|\n|t:|1699977031\n|move|p1a: Iron Treads|Stealth Rock|p2a: Stunfisk\n|-sidestart|p2: Trottolino1606|move: Stealth Rock\n|move|p2a: Stunfisk|Mud-Slap|p1a: Iron Treads\n|-supereffective|p1a: Iron Treads\n|-damage|p1a: Iron Treads|51\/100\n|-unboost|p1a: Iron Treads|accuracy|1\n|\n|-heal|p2a: Stunfisk|93\/100|[from] item: Leftovers\n|upkeep\n|turn|4\n|\n|t:|1699977056\n|move|p1a: Iron Treads|Endeavor|p2a: Stunfisk|[miss]\n|-miss|p1a: Iron Treads|p2a: Stunfisk\n|move|p2a: Stunfisk|Mud-Slap|p1a: Iron Treads\n|-supereffective|p1a: Iron Treads\n|-damage|p1a: Iron Treads|27\/100\n|-unboost|p1a: Iron Treads|accuracy|1\n|\n|-heal|p2a: Stunfisk|99\/100|[from] item: Leftovers\n|upkeep\n|turn|5\n|\n|t:|1699977069\n|-end|p1a: Iron Treads|Quark Drive|[silent]\n|switch|p1a: Iron Hands|Iron Hands|100\/100\n|-activate|p1a: Iron Hands|ability: Quark Drive\n|-start|p1a: Iron Hands|quarkdriveatk\n|move|p2a: Stunfisk|Mud-Slap|p1a: Iron Hands\n|-supereffective|p1a: Iron Hands\n|-damage|p1a: Iron Hands|90\/100\n|-unboost|p1a: Iron Hands|accuracy|1\n|\n|-heal|p1a: Iron Hands|96\/100|[from] item: Leftovers\n|-heal|p2a: Stunfisk|100\/100|[from] item: Leftovers\n|upkeep\n|turn|6\n|inactive|srnana has 60 seconds left.\n|\n|t:|1699977089\n|-terastallize|p1a: Iron Hands|Flying\n|move|p1a: Iron Hands|Drain Punch|p2a: Stunfisk|[miss]\n|-miss|p1a: Iron Hands|p2a: Stunfisk\n|move|p2a: Stunfisk|Stealth Rock|p1a: Iron Hands\n|-sidestart|p1: srnana|move: Stealth Rock\n|\n|-heal|p1a: Iron Hands|100\/100|[from] item: Leftovers\n|upkeep\n|turn|7\n|\n|t:|1699977104\n|move|p1a: Iron Hands|Drain Punch|p2a: Stunfisk\n|-damage|p2a: Stunfisk|58\/100\n|move|p2a: Stunfisk|Thunderbolt|p1a: Iron Hands\n|-supereffective|p1a: Iron Hands\n|-damage|p1a: Iron Hands|49\/100\n|\n|-heal|p1a: Iron Hands|55\/100|[from] item: Leftovers\n|-heal|p2a: Stunfisk|64\/100|[from] item: Leftovers\n|upkeep\n|turn|8\n|\n|t:|1699977113\n|move|p1a: Iron Hands|Drain Punch|p2a: Stunfisk\n|-damage|p2a: Stunfisk|15\/100\n|-heal|p1a: Iron Hands|74\/100|[from] drain|[of] p2a: Stunfisk\n|-status|p1a: Iron Hands|par|[from] ability: Static|[of] p2a: Stunfisk\n|move|p2a: Stunfisk|Thunderbolt|p1a: Iron Hands\n|-supereffective|p1a: Iron Hands\n|-damage|p1a: Iron Hands|23\/100 par\n|\n|-heal|p2a: Stunfisk|21\/100|[from] item: Leftovers\n|-heal|p1a: Iron Hands|30\/100 par|[from] item: Leftovers\n|-fieldend|move: Electric Terrain\n|-end|p1a: Iron Hands|Quark Drive\n|upkeep\n|turn|9\n|\n|t:|1699977124\n|move|p2a: Stunfisk|Thunderbolt|p1a: Iron Hands\n|-supereffective|p1a: Iron Hands\n|-damage|p1a: Iron Hands|0 fnt\n|faint|p1a: Iron Hands\n|-end|p1a: Iron Hands|Quark Drive|[silent]\n|\n|-heal|p2a: Stunfisk|28\/100|[from] item: Leftovers\n|upkeep\n|-message|srnana forfeited.\n|\n|win|Trottolino1606\n|raw|srnana's rating: 1027 &rarr; <strong>1015<\/strong><br \/>(-12 for losing)\n|raw|Trottolino1606's rating: 1067 &rarr; <strong>1094<\/strong><br \/>(+27 for winning)\n|l|\u2606srnana\n","uploadtime":1699977151,"views":5,"p1id":"srnana","p2id":"trottolino1606","formatid":"gen9nationaldex","rating":1015,"private":0,"password":""}