{"id":"gen9nationaldex-1999281004","p1":"Barkwitz","p2":"InsBAPlayer","format":"[Gen 9] National Dex","log":"|html|<div class=\"broadcast-blue\"><strong>[Gen 9] National Dex is currently suspecting Sneasler! For information on how to participate check out the <a href=\"https:\/\/www.smogon.com\/forums\/threads\/sv-national-dex-suspect-8-just-dance.3731534\/\">suspect thread<\/a>.<\/strong><\/div>\n|j|\u2606Barkwitz\n|j|\u2606InsBAPlayer\n|t:|1701054546\n|gametype|singles\n|player|p1|Barkwitz|janitor|1007\n|player|p2|InsBAPlayer|bugsy|1100\n|teamsize|p1|6\n|teamsize|p2|6\n|gen|9\n|tier|[Gen 9] National Dex\n|rated|\n|rule|HP Percentage Mod: HP is shown in percentages\n|rule|Endless Battle Clause: Forcing endless battles is banned\n|rule|OHKO Clause: OHKO moves are banned\n|rule|Evasion Clause: Evasion abilities, items, and moves are banned\n|rule|Evasion Abilities Clause: Evasion abilities are banned\n|rule|Evasion Items Clause: Evasion items are banned\n|rule|Evasion Moves Clause: Evasion moves are banned\n|rule|Species Clause: Limit one of each Pok\u00e9mon\n|rule|Sleep Clause Mod: Limit one foe put to sleep\n|clearpoke\n|poke|p1|Veluza, F|\n|poke|p1|Ludicolo, M|\n|poke|p1|Floatzel, M|\n|poke|p1|Zapdos|\n|poke|p1|Pelipper, F|\n|poke|p1|Gyarados, M|\n|poke|p2|Centiskorch, M|\n|poke|p2|Buzzwole|\n|poke|p2|Orbeetle, M|\n|poke|p2|Forretress, F|\n|poke|p2|Venomoth, M|\n|poke|p2|Scizor, F|\n|teampreview\n|inactive|Battle timer is ON: inactive players will automatically lose when time's up. (requested by InsBAPlayer)\n|inactive|Barkwitz also wants the timer to be on.\n|\n|t:|1701054556\n|start\n|switch|p1a: Contaminated Bird|Pelipper, F, shiny|100\/100\n|switch|p2a: Orbeetle|Orbeetle, M|100\/100\n|-item|p1a: Contaminated Bird|Eject Button|[from] ability: Frisk|[of] p2a: Orbeetle|[identify]\n|-weather|RainDance|[from] ability: Drizzle|[of] p1a: Contaminated Bird\n|turn|1\n|\n|t:|1701054567\n|move|p1a: Contaminated Bird|Tailwind|p1a: Contaminated Bird\n|-sidestart|p1: Barkwitz|move: Tailwind\n|move|p2a: Orbeetle|Trick|p1a: Contaminated Bird\n|-activate|p2a: Orbeetle|move: Trick|[of] p1a: Contaminated Bird\n|-item|p1a: Contaminated Bird|Lagging Tail|[from] move: Trick\n|-item|p2a: Orbeetle|Eject Button|[from] move: Trick\n|\n|-weather|RainDance|[upkeep]\n|upkeep\n|turn|2\n|\n|t:|1701054577\n|move|p2a: Orbeetle|Sticky Web|p1a: Contaminated Bird\n|-sidestart|p1: Barkwitz|move: Sticky Web\n|move|p1a: Contaminated Bird|Toxic|p2a: Orbeetle\n|-status|p2a: Orbeetle|tox\n|\n|-weather|RainDance|[upkeep]\n|-damage|p2a: Orbeetle|94\/100 tox|[from] psn\n|upkeep\n|turn|3\n|\n|t:|1701054587\n|switch|p1a: Boiling Serpent|Gyarados, M, shiny|100\/100\n|move|p2a: Orbeetle|U-turn|p1a: Boiling Serpent\n|-resisted|p1a: Boiling Serpent\n|-damage|p1a: Boiling Serpent|92\/100\n|\n|t:|1701054592\n|switch|p2a: Buzzwole|Buzzwole|100\/100|[from] U-turn\n|\n|-weather|RainDance|[upkeep]\n|upkeep\n|turn|4\n|\n|t:|1701054601\n|move|p1a: Boiling Serpent|Dragon Dance|p1a: Boiling Serpent\n|-boost|p1a: Boiling Serpent|atk|1\n|-boost|p1a: Boiling Serpent|spe|1\n|move|p2a: Buzzwole|Bulk Up|p2a: Buzzwole\n|-boost|p2a: Buzzwole|atk|1\n|-boost|p2a: Buzzwole|def|1\n|\n|-weather|RainDance|[upkeep]\n|-sideend|p1: Barkwitz|move: Tailwind\n|upkeep\n|turn|5\n|\n|t:|1701054607\n|move|p1a: Boiling Serpent|Dragon Dance|p1a: Boiling Serpent\n|-boost|p1a: Boiling Serpent|atk|1\n|-boost|p1a: Boiling Serpent|spe|1\n|move|p2a: Buzzwole|Bulk Up|p2a: Buzzwole\n|-boost|p2a: Buzzwole|atk|1\n|-boost|p2a: Buzzwole|def|1\n|\n|-weather|none\n|upkeep\n|turn|6\n|\n|t:|1701054613\n|move|p1a: Boiling Serpent|Dragon Dance|p1a: Boiling Serpent\n|-boost|p1a: Boiling Serpent|atk|1\n|-boost|p1a: Boiling Serpent|spe|1\n|move|p2a: Buzzwole|Bulk Up|p2a: Buzzwole\n|-boost|p2a: Buzzwole|atk|1\n|-boost|p2a: Buzzwole|def|1\n|\n|upkeep\n|turn|7\n|\n|t:|1701054623\n|move|p1a: Boiling Serpent|Waterfall|p2a: Buzzwole\n|-damage|p2a: Buzzwole|67\/100\n|move|p2a: Buzzwole|Dual Wingbeat|p1a: Boiling Serpent\n|-damage|p1a: Boiling Serpent|44\/100\n|-damage|p1a: Boiling Serpent|0 fnt\n|faint|p1a: Boiling Serpent\n|-ability|p2a: Buzzwole|Beast Boost|boost\n|-boost|p2a: Buzzwole|atk|1\n|-hitcount|p1: Boiling Serpent|2\n|\n|-heal|p2a: Buzzwole|73\/100|[from] item: Leftovers\n|upkeep\n|\n|t:|1701054632\n|switch|p1a: Contaminated Bird|Pelipper, F, shiny|100\/100\n|-weather|RainDance|[from] ability: Drizzle|[of] p1a: Contaminated Bird\n|turn|8\n|\n|t:|1701054639\n|move|p2a: Buzzwole|Dual Wingbeat|p1a: Contaminated Bird\n|-damage|p1a: Contaminated Bird|64\/100\n|-damage|p1a: Contaminated Bird|27\/100\n|-hitcount|p1a: Contaminated Bird|2\n|move|p1a: Contaminated Bird|Tailwind|p1a: Contaminated Bird\n|-sidestart|p1: Barkwitz|move: Tailwind\n|\n|-weather|RainDance|[upkeep]\n|-heal|p2a: Buzzwole|79\/100|[from] item: Leftovers\n|upkeep\n|turn|9\n|\n|t:|1701054652\n|move|p2a: Buzzwole|Drain Punch|p1a: Contaminated Bird\n|-resisted|p1a: Contaminated Bird\n|-damage|p1a: Contaminated Bird|0 fnt\n|-heal|p2a: Buzzwole|91\/100|[from] drain|[of] p1a: Contaminated Bird\n|faint|p1a: Contaminated Bird\n|-ability|p2a: Buzzwole|Beast Boost|boost\n|-boost|p2a: Buzzwole|atk|1\n|\n|-weather|RainDance|[upkeep]\n|-heal|p2a: Buzzwole|97\/100|[from] item: Leftovers\n|upkeep\n|\n|t:|1701054663\n|switch|p1a: Apalled Crane|Zapdos|100\/100\n|-ability|p1a: Apalled Crane|Pressure\n|turn|10\n|\n|t:|1701054670\n|move|p1a: Apalled Crane|Hurricane|p2a: Buzzwole\n|-supereffective|p2a: Buzzwole\n|-damage|p2a: Buzzwole|0 fnt\n|faint|p2a: Buzzwole\n|\n|-weather|RainDance|[upkeep]\n|upkeep\n|\n|t:|1701054674\n|switch|p2a: Centiskorch|Centiskorch, M|100\/100\n|turn|11\n|\n|t:|1701054680\n|-terastallize|p2a: Centiskorch|Steel\n|move|p1a: Apalled Crane|Hurricane|p2a: Centiskorch\n|-resisted|p2a: Centiskorch\n|-damage|p2a: Centiskorch|79\/100\n|move|p2a: Centiskorch|Inferno|p1a: Apalled Crane|[miss]\n|-miss|p2a: Centiskorch|p1a: Apalled Crane\n|\n|-weather|RainDance|[upkeep]\n|-sideend|p1: Barkwitz|move: Tailwind\n|upkeep\n|turn|12\n|\n|t:|1701054687\n|-terastallize|p1a: Apalled Crane|Electric\n|move|p1a: Apalled Crane|Thunder|p2a: Centiskorch\n|-damage|p2a: Centiskorch|28\/100\n|move|p2a: Centiskorch|Inferno|p1a: Apalled Crane|[miss]\n|-miss|p2a: Centiskorch|p1a: Apalled Crane\n|\n|-weather|none\n|upkeep\n|turn|13\n|\n|t:|1701054695\n|move|p1a: Apalled Crane|Rain Dance|p1a: Apalled Crane\n|-weather|RainDance\n|move|p2a: Centiskorch|Inferno|p1a: Apalled Crane|[miss]\n|-miss|p2a: Centiskorch|p1a: Apalled Crane\n|\n|-weather|RainDance|[upkeep]\n|upkeep\n|turn|14\n|\n|t:|1701054701\n|move|p1a: Apalled Crane|Thunder|p2a: Centiskorch\n|-damage|p2a: Centiskorch|0 fnt\n|faint|p2a: Centiskorch\n|\n|-weather|RainDance|[upkeep]\n|upkeep\n|-message|InsBAPlayer forfeited.\n|\n|win|Barkwitz\n|raw|Barkwitz's rating: 1007 &rarr; <strong>1056<\/strong><br \/>(+49 for winning)\n|raw|InsBAPlayer's rating: 1100 &rarr; <strong>1068<\/strong><br \/>(-32 for losing)\n|l|\u2606InsBAPlayer\n","uploadtime":1701054712,"views":3,"p1id":"barkwitz","p2id":"insbaplayer","formatid":"gen9nationaldex","rating":1056,"private":0,"password":""}