{"id":"gen9nationaldex-1993451912","p1":"zeonteo","p2":"dhawal173314","format":"[Gen 9] National Dex","log":"|j|\u2606zeonteo\n|j|\u2606dhawal173314\n|t:|1700319618\n|gametype|singles\n|player|p1|zeonteo|pokemonranger-gen4|1381\n|player|p2|dhawal173314|2|1294\n|teamsize|p1|6\n|teamsize|p2|6\n|gen|9\n|tier|[Gen 9] National Dex\n|rated|\n|rule|HP Percentage Mod: HP is shown in percentages\n|rule|Endless Battle Clause: Forcing endless battles is banned\n|rule|OHKO Clause: OHKO moves are banned\n|rule|Evasion Clause: Evasion abilities, items, and moves are banned\n|rule|Evasion Abilities Clause: Evasion abilities are banned\n|rule|Evasion Items Clause: Evasion items are banned\n|rule|Evasion Moves Clause: Evasion moves are banned\n|rule|Species Clause: Limit one of each Pok\u00e9mon\n|rule|Sleep Clause Mod: Limit one foe put to sleep\n|clearpoke\n|poke|p1|Garchomp, F|\n|poke|p1|Rotom-Wash|\n|poke|p1|Skarmory, M|\n|poke|p1|Blissey, F|\n|poke|p1|Mienshao, M|\n|poke|p1|Amoonguss, M|\n|poke|p2|Lopunny, F|\n|poke|p2|Gardevoir, M|\n|poke|p2|Cloyster, F|\n|poke|p2|Ditto|\n|poke|p2|Meowscarada, M|\n|poke|p2|Vaporeon, F|\n|teampreview\n|inactive|Battle timer is ON: inactive players will automatically lose when time's up. (requested by zeonteo)\n|\n|t:|1700319630\n|start\n|switch|p1a: SPORA|Amoonguss, M|100\/100\n|switch|p2a: Hellyes|Lopunny, F|100\/100\n|turn|1\n|\n|t:|1700319639\n|move|p2a: Hellyes|Triple Axel|p1a: SPORA\n|-supereffective|p1a: SPORA\n|-damage|p1a: SPORA|93\/100\n|-damage|p2a: Hellyes|84\/100|[from] item: Rocky Helmet|[of] p1a: SPORA\n|-supereffective|p1a: SPORA\n|-damage|p1a: SPORA|79\/100\n|-damage|p2a: Hellyes|67\/100|[from] item: Rocky Helmet|[of] p1a: SPORA\n|-supereffective|p1a: SPORA\n|-damage|p1a: SPORA|57\/100\n|-damage|p2a: Hellyes|51\/100|[from] item: Rocky Helmet|[of] p1a: SPORA\n|-hitcount|p1a: SPORA|3\n|move|p1a: SPORA|Spore|p2a: Hellyes\n|-status|p2a: Hellyes|slp|[from] move: Spore\n|\n|upkeep\n|turn|2\n|inactive|dhawal173314 has 120 seconds left.\n|\n|t:|1700319675\n|switch|p2a: Wifu|Gardevoir, M|100\/100\n|move|p1a: SPORA|Giga Drain|p2a: Wifu\n|-damage|p2a: Wifu|76\/100\n|-heal|p1a: SPORA|65\/100|[from] drain|[of] p2a: Wifu\n|\n|upkeep\n|turn|3\n|inactive|dhawal173314 has 120 seconds left.\n|\n|t:|1700319682\n|switch|p1a: MARSHMALLOW|Blissey, F|100\/100\n|detailschange|p2a: Wifu|Gardevoir-Mega, M\n|-mega|p2a: Wifu|Gardevoir|Gardevoirite\n|move|p2a: Wifu|Psyshock|p1a: MARSHMALLOW\n|-damage|p1a: MARSHMALLOW|14\/100\n|\n|-heal|p1a: MARSHMALLOW|20\/100|[from] item: Leftovers\n|upkeep\n|turn|4\n|inactive|dhawal173314 has 120 seconds left.\n|\n|t:|1700319696\n|switch|p1a: STARSCREAMZ|Skarmory, M|100\/100\n|move|p2a: Wifu|Hyper Voice|p1a: STARSCREAMZ\n|-resisted|p1a: STARSCREAMZ\n|-damage|p1a: STARSCREAMZ|55\/100\n|\n|upkeep\n|turn|5\n|\n|t:|1700319705\n|move|p2a: Wifu|Thunderbolt|p1a: STARSCREAMZ\n|-supereffective|p1a: STARSCREAMZ\n|-damage|p1a: STARSCREAMZ|0 fnt\n|faint|p1a: STARSCREAMZ\n|\n|upkeep\n|\n|t:|1700319710\n|switch|p1a: DREAMZ|Mienshao, M|100\/100\n|turn|6\n|\n|t:|1700319718\n|move|p1a: DREAMZ|U-turn|p2a: Wifu\n|-damage|p2a: Wifu|33\/100\n|\n|t:|1700319724\n|switch|p1a: MARSHMALLOW|Blissey, F|20\/100|[from] U-turn\n|move|p2a: Wifu|Hyper Voice|p1a: MARSHMALLOW\n|-damage|p1a: MARSHMALLOW|0 fnt\n|faint|p1a: MARSHMALLOW\n|\n|upkeep\n|\n|t:|1700319734\n|switch|p1a: DREAMZ|Mienshao, M|100\/100\n|turn|7\n|\n|t:|1700319747\n|switch|p2a: Anything I want|Ditto|100\/100\n|-transform|p2a: Anything I want|p1a: DREAMZ|[from] ability: Imposter\n|move|p1a: DREAMZ|U-turn|p2a: Anything I want\n|-resisted|p2a: Anything I want\n|-damage|p2a: Anything I want|79\/100\n|\n|t:|1700319759\n|switch|p1a: RAINBOW|Rotom-Wash|100\/100|[from] U-turn\n|\n|upkeep\n|turn|8\n|\n|t:|1700319779\n|switch|p2a: Hellyes|Lopunny, F|51\/100 slp\n|move|p1a: RAINBOW|Will-O-Wisp||[still]\n|-fail|p1a: RAINBOW\n|\n|upkeep\n|turn|9\n|\n|t:|1700319787\n|cant|p2a: Hellyes|slp\n|move|p1a: RAINBOW|Volt Switch|p2a: Hellyes\n|-damage|p2a: Hellyes|16\/100 slp\n|\n|t:|1700319795\n|switch|p1a: DREAMZ|Mienshao, M|100\/100|[from] Volt Switch\n|\n|upkeep\n|turn|10\n|\n|t:|1700319803\n|cant|p2a: Hellyes|slp\n|move|p1a: DREAMZ|U-turn|p2a: Hellyes\n|-damage|p2a: Hellyes|0 fnt\n|faint|p2a: Hellyes\n|\n|t:|1700319815\n|switch|p1a: SPORA|Amoonguss, M|98\/100|[from] U-turn\n|\n|upkeep\n|\n|t:|1700319821\n|switch|p2a: Wifu|Gardevoir-Mega, M|33\/100\n|turn|11\n|\n|t:|1700319832\n|-terastallize|p1a: SPORA|Fire\n|move|p2a: Wifu|Psyshock|p1a: SPORA\n|-damage|p1a: SPORA|65\/100\n|move|p1a: SPORA|Giga Drain|p2a: Wifu\n|-damage|p2a: Wifu|13\/100\n|-heal|p1a: SPORA|72\/100|[from] drain|[of] p2a: Wifu\n|\n|upkeep\n|turn|12\n|\n|t:|1700319843\n|switch|p2a: Wet as f*ck|Vaporeon, F|100\/100\n|move|p1a: SPORA|Clear Smog|p2a: Wet as f*ck\n|-damage|p2a: Wet as f*ck|92\/100\n|-clearboost|p2a: Wet as f*ck\n|\n|-heal|p2a: Wet as f*ck|98\/100|[from] item: Leftovers\n|upkeep\n|turn|13\n|\n|t:|1700319853\n|switch|p1a: RAINBOW|Rotom-Wash|100\/100\n|move|p2a: Wet as f*ck|Toxic|p1a: RAINBOW\n|-status|p1a: RAINBOW|tox\n|\n|-heal|p2a: Wet as f*ck|100\/100|[from] item: Leftovers\n|-damage|p1a: RAINBOW|94\/100 tox|[from] psn\n|upkeep\n|turn|14\n|\n|t:|1700319867\n|move|p2a: Wet as f*ck|Protect|p2a: Wet as f*ck\n|-singleturn|p2a: Wet as f*ck|Protect\n|move|p1a: RAINBOW|Volt Switch|p2a: Wet as f*ck\n|-activate|p2a: Wet as f*ck|move: Protect\n|\n|-heal|p1a: RAINBOW|100\/100 tox|[from] item: Leftovers\n|-damage|p1a: RAINBOW|88\/100 tox|[from] psn\n|upkeep\n|turn|15\n|\n|t:|1700319891\n|switch|p2a: Grass-ass|Meowscarada, M|100\/100\n|move|p1a: RAINBOW|Will-O-Wisp|p2a: Grass-ass\n|-status|p2a: Grass-ass|brn\n|\n|-heal|p1a: RAINBOW|94\/100 tox|[from] item: Leftovers\n|-damage|p1a: RAINBOW|75\/100 tox|[from] psn\n|-damage|p2a: Grass-ass|94\/100 brn|[from] brn\n|upkeep\n|turn|16\n|\n|t:|1700319902\n|switch|p1a: SPORA|Amoonguss, M, tera:Fire|100\/100\n|move|p2a: Grass-ass|Flower Trick|p1a: SPORA\n|-start|p2a: Grass-ass|typechange|Grass|[from] ability: Protean\n|-resisted|p1a: SPORA\n|-crit|p1a: SPORA\n|-damage|p1a: SPORA|88\/100\n|\n|-damage|p2a: Grass-ass|88\/100 brn|[from] brn\n|upkeep\n|turn|17\n|\n|t:|1700319916\n|switch|p2a: Wet as f*ck|Vaporeon, F|100\/100\n|move|p1a: SPORA|Tera Blast|p2a: Wet as f*ck|[anim] Tera Blast Fire\n|-resisted|p2a: Wet as f*ck\n|-damage|p2a: Wet as f*ck|94\/100\n|\n|-heal|p2a: Wet as f*ck|100\/100|[from] item: Leftovers\n|upkeep\n|turn|18\n|\n|t:|1700319927\n|move|p2a: Wet as f*ck|Toxic|p1a: SPORA\n|-status|p1a: SPORA|tox\n|move|p1a: SPORA|Giga Drain|p2a: Wet as f*ck\n|-supereffective|p2a: Wet as f*ck\n|-damage|p2a: Wet as f*ck|77\/100\n|-heal|p1a: SPORA|100\/100 tox|[from] drain|[of] p2a: Wet as f*ck\n|\n|-heal|p2a: Wet as f*ck|83\/100|[from] item: Leftovers\n|-damage|p1a: SPORA|94\/100 tox|[from] psn\n|upkeep\n|turn|19\n|\n|t:|1700319942\n|switch|p1a: RAINBOW|Rotom-Wash|75\/100 tox\n|move|p2a: Wet as f*ck|Protect||[still]\n|-fail|p2a: Wet as f*ck\n|\n|-heal|p1a: RAINBOW|82\/100 tox|[from] item: Leftovers\n|-heal|p2a: Wet as f*ck|89\/100|[from] item: Leftovers\n|-damage|p1a: RAINBOW|75\/100 tox|[from] psn\n|upkeep\n|turn|20\n|\n|t:|1700319953\n|switch|p2a: Grass-ass|Meowscarada, M|88\/100 brn\n|move|p1a: RAINBOW|Volt Switch|p2a: Grass-ass\n|-resisted|p2a: Grass-ass\n|-damage|p2a: Grass-ass|68\/100 brn\n|\n|t:|1700319963\n|switch|p1a: DREAMZ|Mienshao, M|100\/100|[from] Volt Switch\n|\n|-damage|p2a: Grass-ass|62\/100 brn|[from] brn\n|upkeep\n|turn|21\n|\n|t:|1700319974\n|move|p1a: DREAMZ|Close Combat|p2a: Grass-ass\n|-supereffective|p2a: Grass-ass\n|-damage|p2a: Grass-ass|0 fnt\n|-unboost|p1a: DREAMZ|def|1\n|-unboost|p1a: DREAMZ|spd|1\n|faint|p2a: Grass-ass\n|\n|upkeep\n|\n|t:|1700319987\n|switch|p2a: Wet as f*ck|Vaporeon, F|89\/100\n|turn|22\n|\n|t:|1700319994\n|switch|p1a: RAINBOW|Rotom-Wash|75\/100 tox\n|move|p2a: Wet as f*ck|Wish|p2a: Wet as f*ck\n|\n|-heal|p1a: RAINBOW|82\/100 tox|[from] item: Leftovers\n|-heal|p2a: Wet as f*ck|96\/100|[from] item: Leftovers\n|-damage|p1a: RAINBOW|75\/100 tox|[from] psn\n|upkeep\n|turn|23\n|\n|t:|1700320004\n|switch|p2a: Wifu|Gardevoir-Mega, M|13\/100\n|move|p1a: RAINBOW|Volt Switch|p2a: Wifu\n|-damage|p2a: Wifu|0 fnt\n|faint|p2a: Wifu\n|\n|t:|1700320013\n|switch|p1a: DREAMZ|Mienshao, M|100\/100|[from] Volt Switch\n|\n|upkeep\n|\n|t:|1700320024\n|switch|p2a: Wet as f*ck|Vaporeon, F|96\/100\n|turn|24\n|\n|t:|1700320034\n|move|p1a: DREAMZ|U-turn|p2a: Wet as f*ck\n|-damage|p2a: Wet as f*ck|67\/100\n|\n|t:|1700320037\n|switch|p1a: RAINBOW|Rotom-Wash|75\/100 tox|[from] U-turn\n|move|p2a: Wet as f*ck|Toxic|p1a: RAINBOW\n|-fail|p1a: RAINBOW|tox\n|\n|-heal|p1a: RAINBOW|82\/100 tox|[from] item: Leftovers\n|-heal|p2a: Wet as f*ck|74\/100|[from] item: Leftovers\n|-damage|p1a: RAINBOW|75\/100 tox|[from] psn\n|upkeep\n|turn|25\n|\n|t:|1700320049\n|move|p2a: Wet as f*ck|Protect|p2a: Wet as f*ck\n|-singleturn|p2a: Wet as f*ck|Protect\n|move|p1a: RAINBOW|Will-O-Wisp|p2a: Wet as f*ck\n|-activate|p2a: Wet as f*ck|move: Protect\n|\n|-heal|p1a: RAINBOW|82\/100 tox|[from] item: Leftovers\n|-heal|p2a: Wet as f*ck|80\/100|[from] item: Leftovers\n|-damage|p1a: RAINBOW|69\/100 tox|[from] psn\n|upkeep\n|turn|26\n|\n|t:|1700320064\n|move|p1a: RAINBOW|Volt Switch|p2a: Wet as f*ck\n|-supereffective|p2a: Wet as f*ck\n|-damage|p2a: Wet as f*ck|54\/100\n|\n|t:|1700320072\n|switch|p1a: MEGALODONZ|Garchomp, F|100\/100|[from] Volt Switch\n|move|p2a: Wet as f*ck|Icy Wind|p1a: MEGALODONZ\n|-supereffective|p1a: MEGALODONZ\n|-damage|p1a: MEGALODONZ|60\/100\n|-unboost|p1a: MEGALODONZ|spe|1\n|\n|-heal|p2a: Wet as f*ck|60\/100|[from] item: Leftovers\n|-heal|p1a: MEGALODONZ|67\/100|[from] item: Leftovers\n|upkeep\n|turn|27\n|\n|t:|1700320087\n|move|p2a: Wet as f*ck|Toxic|p1a: MEGALODONZ|[miss]\n|-miss|p2a: Wet as f*ck|p1a: MEGALODONZ\n|move|p1a: MEGALODONZ|Stealth Rock|p2a: Wet as f*ck\n|-sidestart|p2: dhawal173314|move: Stealth Rock\n|\n|-heal|p2a: Wet as f*ck|66\/100|[from] item: Leftovers\n|-heal|p1a: MEGALODONZ|73\/100|[from] item: Leftovers\n|upkeep\n|turn|28\n|\n|t:|1700320098\n|switch|p1a: RAINBOW|Rotom-Wash|69\/100 tox\n|move|p2a: Wet as f*ck|Icy Wind|p1a: RAINBOW\n|-resisted|p1a: RAINBOW\n|-crit|p1a: RAINBOW\n|-damage|p1a: RAINBOW|58\/100 tox\n|-unboost|p1a: RAINBOW|spe|1\n|\n|-heal|p2a: Wet as f*ck|72\/100|[from] item: Leftovers\n|-heal|p1a: RAINBOW|65\/100 tox|[from] item: Leftovers\n|-damage|p1a: RAINBOW|58\/100 tox|[from] psn\n|upkeep\n|turn|29\n|\n|t:|1700320113\n|switch|p1a: SPORA|Amoonguss, M, tera:Fire|100\/100 tox\n|move|p2a: Wet as f*ck|Wish|p2a: Wet as f*ck\n|\n|-heal|p2a: Wet as f*ck|79\/100|[from] item: Leftovers\n|-damage|p1a: SPORA|94\/100 tox|[from] psn\n|upkeep\n|turn|30\n|\n|t:|1700320127\n|switch|p2a: Vaggin|Cloyster, F|100\/100\n|-damage|p2a: Vaggin|76\/100|[from] Stealth Rock\n|move|p1a: SPORA|Spore|p2a: Vaggin\n|-status|p2a: Vaggin|slp|[from] move: Spore\n|\n|-heal|p2a: Vaggin|100\/100 slp|[from] move: Wish|[wisher] Wet as f*ck\n|-damage|p1a: SPORA|82\/100 tox|[from] psn\n|upkeep\n|turn|31\n|\n|t:|1700320139\n|cant|p2a: Vaggin|slp\n|move|p1a: SPORA|Giga Drain|p2a: Vaggin\n|-supereffective|p2a: Vaggin\n|-crit|p2a: Vaggin\n|-damage|p2a: Vaggin|0 fnt\n|-heal|p1a: SPORA|100\/100 tox|[from] drain|[of] p2a: Vaggin\n|faint|p2a: Vaggin\n|\n|-damage|p1a: SPORA|82\/100 tox|[from] psn\n|upkeep\n|\n|t:|1700320147\n|switch|p2a: Wet as f*ck|Vaporeon, F|79\/100\n|-damage|p2a: Wet as f*ck|66\/100|[from] Stealth Rock\n|turn|32\n|\n|t:|1700320159\n|switch|p1a: RAINBOW|Rotom-Wash|58\/100 tox\n|move|p2a: Wet as f*ck|Wish|p2a: Wet as f*ck\n|\n|-heal|p1a: RAINBOW|65\/100 tox|[from] item: Leftovers\n|-heal|p2a: Wet as f*ck|72\/100|[from] item: Leftovers\n|-damage|p1a: RAINBOW|58\/100 tox|[from] psn\n|upkeep\n|turn|33\n|\n|t:|1700320174\n|switch|p1a: MEGALODONZ|Garchomp, F|73\/100\n|move|p2a: Wet as f*ck|Protect||[still]\n|-fail|p2a: Wet as f*ck\n|\n|-heal|p2a: Wet as f*ck|100\/100|[from] move: Wish|[wisher] Wet as f*ck\n|-heal|p1a: MEGALODONZ|79\/100|[from] item: Leftovers\n|upkeep\n|turn|34\n|\n|t:|1700320184\n|move|p1a: MEGALODONZ|Toxic|p2a: Wet as f*ck\n|-status|p2a: Wet as f*ck|tox\n|move|p2a: Wet as f*ck|Icy Wind|p1a: MEGALODONZ\n|-supereffective|p1a: MEGALODONZ\n|-damage|p1a: MEGALODONZ|45\/100\n|-unboost|p1a: MEGALODONZ|spe|1\n|\n|-heal|p1a: MEGALODONZ|51\/100|[from] item: Leftovers\n|-damage|p2a: Wet as f*ck|94\/100 tox|[from] psn\n|upkeep\n|turn|35\n|\n|t:|1700320197\n|switch|p1a: SPORA|Amoonguss, M, tera:Fire|100\/100 tox\n|move|p2a: Wet as f*ck|Toxic|p1a: SPORA\n|-fail|p1a: SPORA|tox\n|\n|-heal|p2a: Wet as f*ck|100\/100 tox|[from] item: Leftovers\n|-damage|p2a: Wet as f*ck|88\/100 tox|[from] psn\n|-damage|p1a: SPORA|94\/100 tox|[from] psn\n|upkeep\n|turn|36\n|\n|t:|1700320210\n|switch|p2a: Anything I want|Ditto|100\/100\n|-damage|p2a: Anything I want|88\/100|[from] Stealth Rock\n|-transform|p2a: Anything I want|p1a: SPORA|[from] ability: Imposter\n|move|p1a: SPORA|Tera Blast|p2a: Anything I want|[anim] Tera Blast Fire\n|-supereffective|p2a: Anything I want\n|-damage|p2a: Anything I want|25\/100\n|\n|-damage|p1a: SPORA|82\/100 tox|[from] psn\n|upkeep\n|turn|37\n|\n|t:|1700320223\n|move|p2a: Anything I want|Tera Blast|p1a: SPORA\n|-damage|p1a: SPORA|65\/100 tox\n|move|p1a: SPORA|Tera Blast|p2a: Anything I want|[anim] Tera Blast Fire\n|-supereffective|p2a: Anything I want\n|-damage|p2a: Anything I want|0 fnt\n|faint|p2a: Anything I want\n|\n|-damage|p1a: SPORA|47\/100 tox|[from] psn\n|upkeep\n|-message|dhawal173314 forfeited.\n|\n|win|zeonteo\n|raw|zeonteo's rating: 1381 &rarr; <strong>1396<\/strong><br \/>(+15 for winning)\n|raw|dhawal173314's rating: 1294 &rarr; <strong>1275<\/strong><br \/>(-19 for losing)\n|l|\u2606dhawal173314\n","uploadtime":1700320239,"views":14,"p1id":"zeonteo","p2id":"dhawal173314","formatid":"gen9nationaldex","rating":1275,"private":0,"password":""}