{"id":"gen9nationaldex-1998594263","p1":"super Umbteon","p2":"weirdnomad","format":"[Gen 9] National Dex","log":"|html|<div class=\"broadcast-blue\"><strong>[Gen 9] National Dex is currently suspecting Sneasler! For information on how to participate check out the <a href=\"https:\/\/www.smogon.com\/forums\/threads\/sv-national-dex-suspect-8-just-dance.3731534\/\">suspect thread<\/a>.<\/strong><\/div>\n|j|\u2606super Umbteon\n|j|\u203dweirdnomad\n|t:|1700960634\n|gametype|singles\n|player|p1|super Umbteon|rosa|1478\n|player|p2|weirdnomad|hiker-gen4|1374\n|teamsize|p1|6\n|teamsize|p2|6\n|gen|9\n|tier|[Gen 9] National Dex\n|rated|\n|rule|HP Percentage Mod: HP is shown in percentages\n|rule|Endless Battle Clause: Forcing endless battles is banned\n|rule|OHKO Clause: OHKO moves are banned\n|rule|Evasion Clause: Evasion abilities, items, and moves are banned\n|rule|Evasion Abilities Clause: Evasion abilities are banned\n|rule|Evasion Items Clause: Evasion items are banned\n|rule|Evasion Moves Clause: Evasion moves are banned\n|rule|Species Clause: Limit one of each Pok\u00e9mon\n|rule|Sleep Clause Mod: Limit one foe put to sleep\n|clearpoke\n|poke|p1|Umbreon, M|\n|poke|p1|Blissey, F|\n|poke|p1|Dondozo, F|\n|poke|p1|Garganacl, F|\n|poke|p1|Skarmory, F|\n|poke|p1|Kyurem|\n|poke|p2|Corviknight, M|\n|poke|p2|Mamoswine, M|\n|poke|p2|Azumarill, F|\n|poke|p2|Gengar, M|\n|poke|p2|Blaziken, M|\n|poke|p2|Hydreigon, F|\n|teampreview\n|inactive|Battle timer is ON: inactive players will automatically lose when time's up. (requested by super Umbteon)\n|\n|t:|1700960652\n|start\n|switch|p1a: Garganacl|Garganacl, F|100\/100\n|switch|p2a: Gengar|Gengar, M|100\/100\n|turn|1\n|\n|t:|1700960660\n|-terastallize|p2a: Gengar|Grass\n|move|p2a: Gengar|Giga Drain|p1a: Garganacl\n|-supereffective|p1a: Garganacl\n|-damage|p1a: Garganacl|17\/100\n|move|p1a: Garganacl|Stealth Rock|p2a: Gengar\n|-sidestart|p2: weirdnomad|move: Stealth Rock\n|\n|-heal|p1a: Garganacl|24\/100|[from] item: Leftovers\n|upkeep\n|turn|2\n|\n|t:|1700960673\n|switch|p2a: Corviknight|Corviknight, M, shiny|100\/100\n|-damage|p2a: Corviknight|88\/100|[from] Stealth Rock\n|-ability|p2a: Corviknight|Pressure\n|move|p1a: Garganacl|Protect||[still]\n|-fail|p1a: Garganacl\n|\n|-heal|p1a: Garganacl|30\/100|[from] item: Leftovers\n|upkeep\n|turn|3\n|\n|t:|1700960684\n|move|p1a: Garganacl|Protect|p1a: Garganacl\n|-singleturn|p1a: Garganacl|Protect\n|move|p2a: Corviknight|U-turn|p1a: Garganacl\n|-activate|p1a: Garganacl|move: Protect\n|\n|-heal|p1a: Garganacl|36\/100|[from] item: Leftovers\n|upkeep\n|turn|4\n|\n|t:|1700960692\n|move|p2a: Corviknight|Defog|p1a: Garganacl\n|-unboost|p1a: Garganacl|evasion|1\n|-sideend|p2: weirdnomad|Stealth Rock|[from] move: Defog|[of] p2a: Corviknight\n|move|p1a: Garganacl|Recover|p1a: Garganacl\n|-heal|p1a: Garganacl|86\/100\n|\n|-heal|p1a: Garganacl|92\/100|[from] item: Leftovers\n|upkeep\n|turn|5\n|\n|t:|1700960700\n|move|p2a: Corviknight|U-turn|p1a: Garganacl\n|-damage|p1a: Garganacl|82\/100\n|\n|t:|1700960703\n|switch|p2a: Mamoswine|Mamoswine, M|100\/100|[from] U-turn\n|move|p1a: Garganacl|Salt Cure|p2a: Mamoswine\n|-damage|p2a: Mamoswine|85\/100\n|-start|p2a: Mamoswine|Salt Cure\n|\n|-heal|p1a: Garganacl|88\/100|[from] item: Leftovers\n|-damage|p2a: Mamoswine|73\/100|[from] Salt Cure\n|upkeep\n|turn|6\n|\n|t:|1700960725\n|-terastallize|p1a: Garganacl|Dragon\n|move|p2a: Mamoswine|Knock Off|p1a: Garganacl\n|-damage|p1a: Garganacl|61\/100\n|-enditem|p1a: Garganacl|Leftovers|[from] move: Knock Off|[of] p2a: Mamoswine\n|move|p1a: Garganacl|Stealth Rock|p2a: Mamoswine\n|-sidestart|p2: weirdnomad|move: Stealth Rock\n|\n|-damage|p2a: Mamoswine|61\/100|[from] Salt Cure\n|upkeep\n|turn|7\n|\n|t:|1700960745\n|switch|p2a: Gengar|Gengar, M, tera:Grass|100\/100\n|-damage|p2a: Gengar|88\/100|[from] Stealth Rock\n|move|p1a: Garganacl|Recover|p1a: Garganacl\n|-heal|p1a: Garganacl|100\/100\n|\n|upkeep\n|turn|8\n|\n|t:|1700960755\n|move|p2a: Gengar|Sludge Bomb|p1a: Garganacl\n|-damage|p1a: Garganacl|58\/100\n|move|p1a: Garganacl|Salt Cure|p2a: Gengar\n|-damage|p2a: Gengar|60\/100\n|-start|p2a: Gengar|Salt Cure\n|\n|-damage|p2a: Gengar|47\/100|[from] Salt Cure\n|upkeep\n|turn|9\n|\n|t:|1700960767\n|switch|p2a: Azumarill|Azumarill, F|100\/100\n|-damage|p2a: Azumarill|88\/100|[from] Stealth Rock\n|move|p1a: Garganacl|Salt Cure|p2a: Azumarill\n|-damage|p2a: Azumarill|74\/100\n|-start|p2a: Azumarill|Salt Cure\n|\n|-damage|p2a: Azumarill|49\/100|[from] Salt Cure\n|upkeep\n|turn|10\n|\n|t:|1700960779\n|switch|p1a: Dondozo|Dondozo, F|100\/100\n|move|p2a: Azumarill|Play Rough|p1a: Dondozo\n|-damage|p1a: Dondozo|61\/100\n|\n|-damage|p2a: Azumarill|24\/100|[from] Salt Cure\n|upkeep\n|turn|11\n|\n|t:|1700960788\n|switch|p2a: Corviknight|Corviknight, M, shiny|88\/100\n|-damage|p2a: Corviknight|75\/100|[from] Stealth Rock\n|-ability|p2a: Corviknight|Pressure\n|move|p1a: Dondozo|Rest|p1a: Dondozo\n|-status|p1a: Dondozo|slp|[from] move: Rest\n|-heal|p1a: Dondozo|100\/100 slp|[silent]\n|\n|upkeep\n|turn|12\n|\n|t:|1700960798\n|switch|p1a: Skarmory|Skarmory, F|100\/100\n|move|p2a: Corviknight|Defog|p1a: Skarmory\n|-unboost|p1a: Skarmory|evasion|1\n|-sideend|p2: weirdnomad|Stealth Rock|[from] move: Defog|[of] p2a: Corviknight\n|\n|upkeep\n|turn|13\n|\n|t:|1700960807\n|switch|p2a: Gengar|Gengar, M, tera:Grass|47\/100\n|move|p1a: Skarmory|Spikes|p2a: Gengar\n|-sidestart|p2: weirdnomad|Spikes\n|\n|upkeep\n|turn|14\n|\n|t:|1700960813\n|switch|p1a: Blissey|Blissey, F|100\/100\n|move|p2a: Gengar|Shadow Ball|p1a: Blissey\n|-immune|p1a: Blissey\n|\n|upkeep\n|turn|15\n|\n|t:|1700960822\n|switch|p2a: Blaziken|Blaziken, M|100\/100\n|move|p1a: Blissey|Teleport|p1a: Blissey\n|\n|t:|1700960834\n|switch|p1a: Dondozo|Dondozo, F|100\/100 slp|[from] Teleport\n|\n|upkeep\n|turn|16\n|\n|t:|1700960844\n|switch|p2a: Gengar|Gengar, M, tera:Grass|47\/100\n|-damage|p2a: Gengar|35\/100|[from] Spikes\n|cant|p1a: Dondozo|slp\n|move|p1a: Dondozo|Sleep Talk|p1a: Dondozo\n|move|p1a: Dondozo|Rest||[from]move: Sleep Talk|[still]\n|-fail|p1a: Dondozo\n|\n|upkeep\n|turn|17\n|inactive|super Umbteon has 120 seconds left.\n|\n|t:|1700960886\n|switch|p1a: Blissey|Blissey, F|100\/100\n|move|p2a: Gengar|Giga Drain|p1a: Blissey\n|-damage|p1a: Blissey|80\/100\n|-heal|p2a: Gengar|63\/100|[from] drain|[of] p1a: Blissey\n|\n|upkeep\n|turn|18\n|n|\u203dweirdnomad|weirdnomad\n|\n|t:|1700960902\n|switch|p2a: Corviknight|Corviknight, M, shiny|75\/100\n|-ability|p2a: Corviknight|Pressure\n|move|p1a: Blissey|Teleport|p1a: Blissey\n|\n|t:|1700960918\n|switch|p1a: Skarmory|Skarmory, F|100\/100|[from] Teleport\n|\n|upkeep\n|turn|19\n|\n|t:|1700960925\n|move|p1a: Skarmory|Spikes|p2a: Corviknight\n|-sidestart|p2: weirdnomad|Spikes\n|move|p2a: Corviknight|Defog|p1a: Skarmory\n|-unboost|p1a: Skarmory|evasion|1\n|-sideend|p2: weirdnomad|Spikes|[from] move: Defog|[of] p2a: Corviknight\n|\n|upkeep\n|turn|20\n|\n|t:|1700960939\n|move|p1a: Skarmory|Body Press|p2a: Corviknight\n|-damage|p2a: Corviknight|55\/100\n|-damage|p1a: Skarmory|84\/100|[from] item: Rocky Helmet|[of] p2a: Corviknight\n|move|p2a: Corviknight|U-turn|p1a: Skarmory\n|-resisted|p1a: Skarmory\n|-damage|p1a: Skarmory|82\/100\n|-damage|p2a: Corviknight|38\/100|[from] item: Rocky Helmet|[of] p1a: Skarmory\n|\n|t:|1700960955\n|switch|p2a: Hydreigon|Hydreigon, F, shiny|100\/100|[from] U-turn\n|\n|upkeep\n|turn|21\n|\n|t:|1700960962\n|switch|p1a: Umbreon|Umbreon, M|100\/100\n|move|p2a: Hydreigon|Thunder Wave|p1a: Umbreon\n|-status|p1a: Umbreon|par\n|-activate|p1a: Umbreon|ability: Synchronize\n|-status|p2a: Hydreigon|par\n|\n|upkeep\n|turn|22\n|\n|t:|1700960974\n|cant|p2a: Hydreigon|par\n|move|p1a: Umbreon|Foul Play|p2a: Hydreigon\n|-resisted|p2a: Hydreigon\n|-damage|p2a: Hydreigon|86\/100 par\n|\n|-heal|p2a: Hydreigon|92\/100 par|[from] item: Leftovers\n|upkeep\n|turn|23\n|\n|t:|1700960988\n|move|p2a: Hydreigon|Stealth Rock|p1a: Umbreon\n|-sidestart|p1: super Umbteon|move: Stealth Rock\n|move|p1a: Umbreon|Wish|p1a: Umbreon\n|\n|-heal|p2a: Hydreigon|98\/100 par|[from] item: Leftovers\n|upkeep\n|turn|24\n|\n|t:|1700960994\n|switch|p1a: Garganacl|Garganacl, F, tera:Dragon|58\/100\n|-damage|p1a: Garganacl|46\/100|[from] Stealth Rock\n|cant|p2a: Hydreigon|par\n|\n|-heal|p1a: Garganacl|94\/100|[from] move: Wish|[wisher] Umbreon\n|-heal|p2a: Hydreigon|100\/100 par|[from] item: Leftovers\n|upkeep\n|turn|25\n|\n|t:|1700961017\n|move|p1a: Garganacl|Salt Cure|p2a: Hydreigon\n|-damage|p2a: Hydreigon|88\/100 par\n|-start|p2a: Hydreigon|Salt Cure\n|move|p2a: Hydreigon|U-turn|p1a: Garganacl\n|-damage|p1a: Garganacl|82\/100\n|\n|t:|1700961025\n|switch|p2a: Azumarill|Azumarill, F|24\/100|[from] U-turn\n|\n|upkeep\n|turn|26\n|\n|t:|1700961042\n|move|p1a: Garganacl|Protect|p1a: Garganacl\n|-singleturn|p1a: Garganacl|Protect\n|move|p2a: Azumarill|Play Rough|p1a: Garganacl\n|-activate|p1a: Garganacl|move: Protect\n|\n|upkeep\n|turn|27\n|\n|t:|1700961049\n|switch|p2a: Blaziken|Blaziken, M|100\/100\n|switch|p1a: Skarmory|Skarmory, F|82\/100\n|-damage|p1a: Skarmory|70\/100|[from] Stealth Rock\n|\n|upkeep\n|turn|28\n|\n|t:|1700961056\n|switch|p1a: Dondozo|Dondozo, F|100\/100 slp\n|move|p2a: Blaziken|Swords Dance|p2a: Blaziken\n|-boost|p2a: Blaziken|atk|2\n|\n|-ability|p2a: Blaziken|Speed Boost|boost\n|-boost|p2a: Blaziken|spe|1\n|upkeep\n|turn|29\n|\n|t:|1700961066\n|switch|p2a: Corviknight|Corviknight, M, shiny|38\/100\n|-ability|p2a: Corviknight|Pressure\n|cant|p1a: Dondozo|slp\n|move|p1a: Dondozo|Sleep Talk|p1a: Dondozo\n|move|p1a: Dondozo|Liquidation|p2a: Corviknight|[from]move: Sleep Talk\n|-damage|p2a: Corviknight|22\/100\n|-damage|p1a: Dondozo|84\/100 slp|[from] item: Rocky Helmet|[of] p2a: Corviknight\n|\n|upkeep\n|turn|30\n|\n|t:|1700961084\n|switch|p1a: Skarmory|Skarmory, F|70\/100\n|-damage|p1a: Skarmory|57\/100|[from] Stealth Rock\n|move|p2a: Corviknight|Roost|p2a: Corviknight\n|-heal|p2a: Corviknight|72\/100\n|-singleturn|p2a: Corviknight|move: Roost\n|\n|upkeep\n|turn|31\n|\n|t:|1700961093\n|move|p1a: Skarmory|Roost|p1a: Skarmory\n|-heal|p1a: Skarmory|100\/100\n|-singleturn|p1a: Skarmory|move: Roost\n|move|p2a: Corviknight|U-turn|p1a: Skarmory\n|-resisted|p1a: Skarmory\n|-damage|p1a: Skarmory|96\/100\n|-damage|p2a: Corviknight|55\/100|[from] item: Rocky Helmet|[of] p1a: Skarmory\n|\n|t:|1700961101\n|switch|p2a: Blaziken|Blaziken, M|100\/100|[from] U-turn\n|\n|upkeep\n|turn|32\n|\n|t:|1700961111\n|switch|p2a: Gengar|Gengar, M, tera:Grass|63\/100\n|move|p1a: Skarmory|Body Press|p2a: Gengar\n|-damage|p2a: Gengar|2\/100\n|-start|p1a: Skarmory|Disable|Body Press|[from] ability: Cursed Body|[of] p2a: Gengar\n|\n|upkeep\n|turn|33\n|\n|t:|1700961125\n|switch|p1a: Umbreon|Umbreon, M|100\/100 par\n|move|p2a: Gengar|Shadow Ball|p1a: Umbreon\n|-resisted|p1a: Umbreon\n|-damage|p1a: Umbreon|83\/100 par\n|\n|upkeep\n|turn|34\n|\n|t:|1700961139\n|switch|p2a: Corviknight|Corviknight, M, shiny|55\/100\n|-ability|p2a: Corviknight|Pressure\n|cant|p1a: Umbreon|par\n|\n|upkeep\n|turn|35\n|\n|t:|1700961151\n|move|p2a: Corviknight|Roost|p2a: Corviknight\n|-heal|p2a: Corviknight|100\/100\n|-singleturn|p2a: Corviknight|move: Roost\n|move|p1a: Umbreon|Wish|p1a: Umbreon\n|\n|upkeep\n|turn|36\n|\n|t:|1700961167\n|switch|p1a: Dondozo|Dondozo, F|84\/100 slp\n|move|p2a: Corviknight|U-turn|p1a: Dondozo\n|-damage|p1a: Dondozo|77\/100 slp\n|\n|t:|1700961173\n|switch|p2a: Gengar|Gengar, M, tera:Grass|2\/100|[from] U-turn\n|\n|-heal|p1a: Dondozo|100\/100 slp|[from] move: Wish|[wisher] Umbreon\n|upkeep\n|turn|37\n|\n|t:|1700961182\n|switch|p1a: Umbreon|Umbreon, M|83\/100 par\n|move|p2a: Gengar|Giga Drain|p1a: Umbreon\n|-damage|p1a: Umbreon|50\/100 par\n|-heal|p2a: Gengar|26\/100|[from] drain|[of] p1a: Umbreon\n|\n|upkeep\n|turn|38\n|\n|t:|1700961193\n|move|p2a: Gengar|Giga Drain|p1a: Umbreon\n|-damage|p1a: Umbreon|18\/100 par\n|-heal|p2a: Gengar|51\/100|[from] drain|[of] p1a: Umbreon\n|cant|p1a: Umbreon|par\n|\n|upkeep\n|turn|39\n|\n|t:|1700961201\n|switch|p1a: Blissey|Blissey, F|80\/100\n|move|p2a: Gengar|Giga Drain|p1a: Blissey\n|-damage|p1a: Blissey|58\/100\n|-heal|p2a: Gengar|81\/100|[from] drain|[of] p1a: Blissey\n|\n|upkeep\n|turn|40\n|\n|t:|1700961211\n|switch|p2a: Blaziken|Blaziken, M|100\/100\n|move|p1a: Blissey|Soft-Boiled|p1a: Blissey\n|-heal|p1a: Blissey|100\/100\n|\n|upkeep\n|turn|41\n|\n|t:|1700961220\n|switch|p1a: Dondozo|Dondozo, F|100\/100 slp\n|move|p2a: Blaziken|Close Combat|p1a: Dondozo\n|-damage|p1a: Dondozo|76\/100 slp\n|-unboost|p2a: Blaziken|def|1\n|-unboost|p2a: Blaziken|spd|1\n|\n|-ability|p2a: Blaziken|Speed Boost|boost\n|-boost|p2a: Blaziken|spe|1\n|upkeep\n|turn|42\n|\n|t:|1700961231\n|switch|p2a: Corviknight|Corviknight, M, shiny|100\/100\n|-ability|p2a: Corviknight|Pressure\n|-curestatus|p1a: Dondozo|slp|[msg]\n|move|p1a: Dondozo|Liquidation|p2a: Corviknight\n|-damage|p2a: Corviknight|84\/100\n|-damage|p1a: Dondozo|59\/100|[from] item: Rocky Helmet|[of] p2a: Corviknight\n|\n|upkeep\n|turn|43\n|\n|t:|1700961241\n|switch|p1a: Skarmory|Skarmory, F|96\/100\n|-damage|p1a: Skarmory|84\/100|[from] Stealth Rock\n|move|p2a: Corviknight|U-turn|p1a: Skarmory\n|-resisted|p1a: Skarmory\n|-damage|p1a: Skarmory|82\/100\n|-damage|p2a: Corviknight|67\/100|[from] item: Rocky Helmet|[of] p1a: Skarmory\n|\n|t:|1700961251\n|switch|p2a: Blaziken|Blaziken, M|100\/100|[from] U-turn\n|\n|upkeep\n|turn|44\n|\n|t:|1700961258\n|switch|p2a: Gengar|Gengar, M, tera:Grass|81\/100\n|switch|p1a: Garganacl|Garganacl, F, tera:Dragon|82\/100\n|-damage|p1a: Garganacl|70\/100|[from] Stealth Rock\n|\n|upkeep\n|turn|45\n|\n|t:|1700961269\n|move|p2a: Gengar|Giga Drain|p1a: Garganacl\n|-resisted|p1a: Garganacl\n|-damage|p1a: Garganacl|51\/100\n|-heal|p2a: Gengar|95\/100|[from] drain|[of] p1a: Garganacl\n|move|p1a: Garganacl|Stealth Rock|p2a: Gengar\n|-sidestart|p2: weirdnomad|move: Stealth Rock\n|\n|upkeep\n|turn|46\n|\n|t:|1700961277\n|move|p2a: Gengar|Giga Drain|p1a: Garganacl\n|-resisted|p1a: Garganacl\n|-damage|p1a: Garganacl|32\/100\n|-heal|p2a: Gengar|100\/100|[from] drain|[of] p1a: Garganacl\n|move|p1a: Garganacl|Recover|p1a: Garganacl\n|-heal|p1a: Garganacl|82\/100\n|\n|upkeep\n|turn|47\n|\n|t:|1700961292\n|switch|p2a: Corviknight|Corviknight, M, shiny|67\/100\n|-damage|p2a: Corviknight|55\/100|[from] Stealth Rock\n|-ability|p2a: Corviknight|Pressure\n|move|p1a: Garganacl|Salt Cure|p2a: Corviknight\n|-damage|p2a: Corviknight|47\/100\n|-start|p2a: Corviknight|Salt Cure\n|\n|-damage|p2a: Corviknight|22\/100|[from] Salt Cure\n|upkeep\n|turn|48\n|\n|t:|1700961304\n|switch|p2a: Gengar|Gengar, M, tera:Grass|100\/100\n|-damage|p2a: Gengar|88\/100|[from] Stealth Rock\n|move|p1a: Garganacl|Salt Cure|p2a: Gengar\n|-damage|p2a: Gengar|60\/100\n|-start|p2a: Gengar|Salt Cure\n|\n|-damage|p2a: Gengar|48\/100|[from] Salt Cure\n|upkeep\n|turn|49\n|\n|t:|1700961316\n|switch|p2a: Azumarill|Azumarill, F|24\/100\n|-damage|p2a: Azumarill|11\/100|[from] Stealth Rock\n|move|p1a: Garganacl|Protect||[still]\n|-fail|p1a: Garganacl\n|\n|upkeep\n|turn|50\n|\n|t:|1700961329\n|switch|p1a: Dondozo|Dondozo, F|59\/100\n|move|p2a: Azumarill|Play Rough|p1a: Dondozo\n|-damage|p1a: Dondozo|20\/100\n|\n|upkeep\n|turn|51\n|\n|t:|1700961339\n|switch|p1a: Skarmory|Skarmory, F|82\/100\n|-damage|p1a: Skarmory|70\/100|[from] Stealth Rock\n|move|p2a: Azumarill|Play Rough|p1a: Skarmory\n|-resisted|p1a: Skarmory\n|-damage|p1a: Skarmory|45\/100\n|-damage|p2a: Azumarill|0 fnt|[from] item: Rocky Helmet|[of] p1a: Skarmory\n|faint|p2a: Azumarill\n|\n|upkeep\n|\n|t:|1700961352\n|switch|p2a: Blaziken|Blaziken, M|100\/100\n|turn|52\n|\n|t:|1700961357\n|move|p2a: Blaziken|Swords Dance|p2a: Blaziken\n|-boost|p2a: Blaziken|atk|2\n|move|p1a: Skarmory|Body Press|p2a: Blaziken\n|-damage|p2a: Blaziken|51\/100\n|\n|-ability|p2a: Blaziken|Speed Boost|boost\n|-boost|p2a: Blaziken|spe|1\n|upkeep\n|turn|53\n|\n|t:|1700961366\n|move|p2a: Blaziken|Close Combat|p1a: Skarmory\n|-crit|p1a: Skarmory\n|-damage|p1a: Skarmory|0 fnt\n|-unboost|p2a: Blaziken|def|1\n|-unboost|p2a: Blaziken|spd|1\n|-damage|p2a: Blaziken|35\/100|[from] item: Rocky Helmet|[of] p1a: Skarmory\n|faint|p1a: Skarmory\n|\n|-ability|p2a: Blaziken|Speed Boost|boost\n|-boost|p2a: Blaziken|spe|1\n|upkeep\n|\n|t:|1700961389\n|switch|p1a: Dondozo|Dondozo, F|20\/100\n|turn|54\n|\n|t:|1700961392\n|move|p2a: Blaziken|Close Combat|p1a: Dondozo\n|-damage|p1a: Dondozo|0 fnt\n|-unboost|p2a: Blaziken|def|1\n|-unboost|p2a: Blaziken|spd|1\n|faint|p1a: Dondozo\n|\n|-ability|p2a: Blaziken|Speed Boost|boost\n|-boost|p2a: Blaziken|spe|1\n|upkeep\n|-message|super Umbteon forfeited.\n|\n|win|weirdnomad\n|raw|super Umbteon's rating: 1478 &rarr; <strong>1452<\/strong><br \/>(-26 for losing)\n|raw|weirdnomad's rating: 1374 &rarr; <strong>1400<\/strong><br \/>(+26 for winning)\n|l|\u2606super Umbteon\n","uploadtime":1700961406,"views":2,"p1id":"superumbteon","p2id":"weirdnomad","formatid":"gen9nationaldex","rating":1400,"private":0,"password":""}