{"id":"gen9nationaldex-1996741686","p1":"FlyingSudowoodo","p2":"tuenhi","format":"[Gen 9] National Dex","log":"|html|<div class=\"broadcast-blue\"><strong>[Gen 9] National Dex is currently suspecting Sneasler! For information on how to participate check out the <a href=\"https:\/\/www.smogon.com\/forums\/threads\/sv-national-dex-suspect-8-just-dance.3731534\/\">suspect thread<\/a>.<\/strong><\/div>\n|j|\u2606FlyingSudowoodo\n|j|\u2606tuenhi\n|t:|1700717494\n|gametype|singles\n|player|p1|FlyingSudowoodo|brock|1315\n|player|p2|tuenhi|bruno|1420\n|teamsize|p1|6\n|teamsize|p2|6\n|gen|9\n|tier|[Gen 9] National Dex\n|rated|\n|rule|HP Percentage Mod: HP is shown in percentages\n|rule|Endless Battle Clause: Forcing endless battles is banned\n|rule|OHKO Clause: OHKO moves are banned\n|rule|Evasion Clause: Evasion abilities, items, and moves are banned\n|rule|Evasion Abilities Clause: Evasion abilities are banned\n|rule|Evasion Items Clause: Evasion items are banned\n|rule|Evasion Moves Clause: Evasion moves are banned\n|rule|Species Clause: Limit one of each Pok\u00e9mon\n|rule|Sleep Clause Mod: Limit one foe put to sleep\n|clearpoke\n|poke|p1|Garganacl, F|\n|poke|p1|Diancie|\n|poke|p1|Glimmora, F|\n|poke|p1|Ogerpon-Cornerstone, F|\n|poke|p1|Golem-Alola, F|\n|poke|p1|Tyranitar, F|\n|poke|p2|Dondozo, M|\n|poke|p2|Clefable, M|\n|poke|p2|Glimmora, F|\n|poke|p2|Blissey, F|\n|poke|p2|Tapu Koko|\n|poke|p2|Skeledirge, M|\n|teampreview\n|inactive|Battle timer is ON: inactive players will automatically lose when time's up. (requested by tuenhi)\n|\n|t:|1700717505\n|start\n|switch|p1a: Garganacl|Garganacl, F|100\/100\n|switch|p2a: Tapu Koko|Tapu Koko|100\/100\n|-fieldstart|move: Electric Terrain|[from] ability: Electric Surge|[of] p2a: Tapu Koko\n|turn|1\n|\n|t:|1700717513\n|move|p2a: Tapu Koko|Volt Switch|p1a: Garganacl\n|-damage|p1a: Garganacl|75\/100\n|\n|t:|1700717516\n|switch|p2a: Clefable|Clefable, M|100\/100|[from] Volt Switch\n|move|p1a: Garganacl|Salt Cure|p2a: Clefable\n|-damage|p2a: Clefable|88\/100\n|-start|p2a: Clefable|Salt Cure\n|\n|-heal|p2a: Clefable|94\/100|[from] item: Leftovers\n|-heal|p1a: Garganacl|81\/100|[from] item: Leftovers\n|upkeep\n|turn|2\n|\n|t:|1700717526\n|switch|p1a: Golem|Golem-Alola, F|100\/100\n|move|p2a: Clefable|Cosmic Power|p2a: Clefable\n|-boost|p2a: Clefable|def|1\n|-boost|p2a: Clefable|spd|1\n|\n|-heal|p2a: Clefable|99\/100|[from] item: Leftovers\n|upkeep\n|turn|3\n|\n|t:|1700717538\n|switch|p2a: Dondozo|Dondozo, M|100\/100\n|move|p1a: Golem|Return|p2a: Dondozo\n|-supereffective|p2a: Dondozo\n|-damage|p2a: Dondozo|30\/100\n|\n|-heal|p2a: Dondozo|36\/100|[from] item: Leftovers\n|upkeep\n|turn|4\n|\n|t:|1700717558\n|switch|p2a: Glimmora|Glimmora, F|100\/100\n|move|p1a: Golem|Return|p2a: Glimmora\n|-crit|p2a: Glimmora\n|-damage|p2a: Glimmora|10\/100\n|-activate|p2a: Glimmora|ability: Toxic Debris\n|-sidestart|p1: FlyingSudowoodo|move: Toxic Spikes\n|\n|-heal|p2a: Glimmora|16\/100|[from] item: Leftovers\n|upkeep\n|turn|5\n|\n|t:|1700717570\n|switch|p1a: Glimmora|Glimmora, F|100\/100\n|-item|p1a: Glimmora|Air Balloon\n|move|p2a: Glimmora|Spiky Shield||[still]\n|-fail|p2a: Glimmora\n|\n|-heal|p2a: Glimmora|23\/100|[from] item: Leftovers\n|-fieldend|move: Electric Terrain\n|upkeep\n|turn|6\n|\n|t:|1700717581\n|switch|p2a: Clefable|Clefable, M|99\/100\n|move|p1a: Glimmora|Flash Cannon|p2a: Clefable\n|-supereffective|p2a: Clefable\n|-damage|p2a: Clefable|47\/100\n|\n|-heal|p2a: Clefable|53\/100|[from] item: Leftovers\n|upkeep\n|turn|7\n|\n|t:|1700717589\n|switch|p2a: Blissey|Blissey, F|100\/100\n|move|p1a: Glimmora|Flash Cannon|p2a: Blissey\n|-damage|p2a: Blissey|93\/100\n|-unboost|p2a: Blissey|spd|1\n|\n|-heal|p2a: Blissey|99\/100|[from] item: Leftovers\n|upkeep\n|turn|8\n|\n|t:|1700717601\n|switch|p2a: Skeledirge|Skeledirge, M|100\/100\n|move|p1a: Glimmora|Mortal Spin|p2a: Skeledirge\n|-resisted|p2a: Skeledirge\n|-damage|p2a: Skeledirge|99\/100\n|-status|p2a: Skeledirge|psn\n|-sideend|p1: FlyingSudowoodo|Toxic Spikes|[from] move: Mortal Spin|[of] p1a: Glimmora\n|\n|-heal|p2a: Skeledirge|100\/100 psn|[from] item: Leftovers\n|-damage|p2a: Skeledirge|88\/100 psn|[from] psn\n|upkeep\n|turn|9\n|\n|t:|1700717613\n|move|p1a: Glimmora|Power Gem|p2a: Skeledirge\n|-supereffective|p2a: Skeledirge\n|-damage|p2a: Skeledirge|6\/100 psn\n|move|p2a: Skeledirge|Will-O-Wisp|p1a: Glimmora\n|-status|p1a: Glimmora|brn\n|\n|-heal|p2a: Skeledirge|12\/100 psn|[from] item: Leftovers\n|-damage|p2a: Skeledirge|0 fnt|[from] psn\n|faint|p2a: Skeledirge\n|-damage|p1a: Glimmora|94\/100 brn|[from] brn\n|upkeep\n|-message|tuenhi forfeited.\n|\n|win|FlyingSudowoodo\n|raw|FlyingSudowoodo's rating: 1315 &rarr; <strong>1341<\/strong><br \/>(+26 for winning)\n|raw|tuenhi's rating: 1420 &rarr; <strong>1394<\/strong><br \/>(-26 for losing)\n|l|\u2606tuenhi\n","uploadtime":1700717626,"views":1,"p1id":"flyingsudowoodo","p2id":"tuenhi","formatid":"gen9nationaldex","rating":1341,"private":0,"password":""}