{"id":"gen9nationaldex-1992124721","p1":"Vvbttij","p2":"4wwwwwwwe6uj","format":"[Gen 9] National Dex","log":"|j|\u2606Vvbttij\n|j|\u203d4wwwwwwwe6uj\n|t:|1700157098\n|gametype|singles\n|player|p1|Vvbttij|red|1140\n|player|p2|4wwwwwwwe6uj|265|1071\n|teamsize|p1|6\n|teamsize|p2|6\n|gen|9\n|tier|[Gen 9] National Dex\n|rated|\n|rule|HP Percentage Mod: HP is shown in percentages\n|rule|Endless Battle Clause: Forcing endless battles is banned\n|rule|OHKO Clause: OHKO moves are banned\n|rule|Evasion Clause: Evasion abilities, items, and moves are banned\n|rule|Evasion Abilities Clause: Evasion abilities are banned\n|rule|Evasion Items Clause: Evasion items are banned\n|rule|Evasion Moves Clause: Evasion moves are banned\n|rule|Species Clause: Limit one of each Pok\u00e9mon\n|rule|Sleep Clause Mod: Limit one foe put to sleep\n|clearpoke\n|poke|p1|Charizard, M|\n|poke|p1|Blastoise, M|\n|poke|p1|Venusaur, M|\n|poke|p1|Snorlax, M|\n|poke|p1|Lapras, M|\n|poke|p1|Pikachu, F|\n|poke|p2|Garchomp, F|\n|poke|p2|Machoke, M|\n|poke|p2|Sceptile, F|\n|poke|p2|Bastiodon, M|\n|poke|p2|Greninja-*, F|\n|poke|p2|Zoroark-Hisui, M|\n|teampreview\n|\n|t:|1700157108\n|start\n|switch|p1a: Blastoise|Blastoise, M|100\/100\n|switch|p2a: Greninja|Greninja, F|100\/100\n|turn|1\n|\n|t:|1700157116\n|move|p2a: Greninja|Spikes|p1a: Blastoise\n|-start|p2a: Greninja|typechange|Ground|[from] ability: Protean\n|-sidestart|p1: Vvbttij|Spikes\n|move|p1a: Blastoise|Shell Smash|p1a: Blastoise\n|-unboost|p1a: Blastoise|def|1\n|-unboost|p1a: Blastoise|spd|1\n|-boost|p1a: Blastoise|atk|2\n|-boost|p1a: Blastoise|spa|2\n|-boost|p1a: Blastoise|spe|2\n|\n|upkeep\n|turn|2\n|\n|t:|1700157129\n|move|p2a: Greninja|Water Shuriken|p1a: Blastoise\n|-resisted|p1a: Blastoise\n|-damage|p1a: Blastoise|97\/100\n|-resisted|p1a: Blastoise\n|-damage|p1a: Blastoise|93\/100\n|-resisted|p1a: Blastoise\n|-damage|p1a: Blastoise|89\/100\n|-hitcount|p1a: Blastoise|3\n|move|p1a: Blastoise|Scald|p2a: Greninja\n|-supereffective|p2a: Greninja\n|-crit|p2a: Greninja\n|-damage|p2a: Greninja|0 fnt\n|faint|p2a: Greninja\n|\n|upkeep\n|\n|t:|1700157145\n|switch|p2a: Sceptile|Sceptile, F|100\/100\n|turn|3\n|\n|t:|1700157150\n|detailschange|p2a: Sceptile|Sceptile-Mega, F\n|-mega|p2a: Sceptile|Sceptile|Sceptilite\n|move|p1a: Blastoise|Blizzard|p2a: Sceptile\n|-supereffective|p2a: Sceptile\n|-damage|p2a: Sceptile|0 fnt\n|faint|p2a: Sceptile\n|\n|upkeep\n|\n|t:|1700157160\n|switch|p2a: Bastiodon|Bastiodon, M|100\/100\n|turn|4\n|\n|t:|1700157170\n|move|p1a: Blastoise|Focus Blast|p2a: Bastiodon|[miss]\n|-miss|p1a: Blastoise|p2a: Bastiodon\n|move|p2a: Bastiodon|Metal Burst||[still]\n|-fail|p2a: Bastiodon\n|\n|upkeep\n|turn|5\n|\n|t:|1700157176\n|move|p1a: Blastoise|Scald|p2a: Bastiodon\n|-supereffective|p2a: Bastiodon\n|-damage|p2a: Bastiodon|19\/100\n|move|p2a: Bastiodon|Metal Burst|p1a: Blastoise\n|-damage|p1a: Blastoise|0 fnt\n|faint|p1a: Blastoise\n|\n|-heal|p2a: Bastiodon|25\/100|[from] item: Leftovers\n|upkeep\n|\n|t:|1700157182\n|switch|p1a: Charizard|Charizard, M|100\/100\n|turn|6\n|\n|t:|1700157191\n|move|p1a: Charizard|Belly Drum|p1a: Charizard\n|-damage|p1a: Charizard|50\/100\n|-setboost|p1a: Charizard|atk|6|[from] move: Belly Drum\n|move|p2a: Bastiodon|Stone Edge|p1a: Charizard\n|-supereffective|p1a: Charizard\n|-crit|p1a: Charizard\n|-damage|p1a: Charizard|0 fnt\n|faint|p1a: Charizard\n|\n|-heal|p2a: Bastiodon|31\/100|[from] item: Leftovers\n|upkeep\n|\n|t:|1700157200\n|switch|p1a: Lapras|Lapras, M|100\/100\n|-damage|p1a: Lapras|88\/100|[from] Spikes\n|turn|7\n|\n|t:|1700157209\n|move|p1a: Lapras|Waterfall|p2a: Bastiodon\n|-supereffective|p2a: Bastiodon\n|-damage|p2a: Bastiodon|0 fnt\n|faint|p2a: Bastiodon\n|\n|upkeep\n|\n|t:|1700157215\n|switch|p2a: Machoke|Machoke, M|100\/100\n|turn|8\n|\n|t:|1700157222\n|move|p1a: Lapras|Waterfall|p2a: Machoke\n|-damage|p2a: Machoke|66\/100\n|move|p2a: Machoke|Dynamic Punch|p1a: Lapras\n|-supereffective|p1a: Lapras\n|-damage|p1a: Lapras|0 fnt\n|faint|p1a: Lapras\n|\n|upkeep\n|\n|t:|1700157231\n|switch|p1a: Pikachu|Pikachu, F|100\/100\n|-damage|p1a: Pikachu|88\/100|[from] Spikes\n|turn|9\n|\n|t:|1700157242\n|move|p1a: Pikachu|Nuzzle|p2a: Machoke\n|-damage|p2a: Machoke|60\/100\n|-status|p2a: Machoke|par\n|move|p2a: Machoke|Dynamic Punch|p1a: Pikachu\n|-damage|p1a: Pikachu|0 fnt\n|faint|p1a: Pikachu\n|\n|upkeep\n|\n|t:|1700157248\n|switch|p1a: Snorlax|Snorlax, M, shiny|100\/100\n|-damage|p1a: Snorlax|88\/100|[from] Spikes\n|turn|10\n|\n|t:|1700157257\n|-terastallize|p1a: Snorlax|Ghost\n|-terastallize|p2a: Machoke|Fighting\n|move|p1a: Snorlax|Belly Drum|p1a: Snorlax\n|-damage|p1a: Snorlax|38\/100\n|-setboost|p1a: Snorlax|atk|6|[from] move: Belly Drum\n|-enditem|p1a: Snorlax|Aguav Berry|[eat]\n|-heal|p1a: Snorlax|71\/100|[from] item: Aguav Berry\n|move|p2a: Machoke|Dynamic Punch|p1a: Snorlax\n|-immune|p1a: Snorlax\n|\n|upkeep\n|turn|11\n|\n|t:|1700157273\n|move|p1a: Snorlax|Body Slam|p2a: Machoke\n|-damage|p2a: Machoke|0 fnt\n|faint|p2a: Machoke\n|\n|upkeep\n|\n|t:|1700157280\n|switch|p2a: Garchomp|Garchomp, F|100\/100\n|turn|12\n|\n|t:|1700157284\n|move|p2a: Garchomp|Outrage|p1a: Snorlax\n|-damage|p1a: Snorlax|0 fnt\n|faint|p1a: Snorlax\n|-damage|p2a: Garchomp|91\/100|[from] item: Life Orb\n|\n|upkeep\n|\n|t:|1700157287\n|switch|p1a: Venusaur|Venusaur, M|100\/100\n|-damage|p1a: Venusaur|88\/100|[from] Spikes\n|turn|13\n|\n|t:|1700157294\n|detailschange|p1a: Venusaur|Venusaur-Mega, M\n|-mega|p1a: Venusaur|Venusaur|Venusaurite\n|move|p2a: Garchomp|Outrage|p1a: Venusaur|[from]lockedmove\n|-damage|p1a: Venusaur|41\/100\n|-damage|p2a: Garchomp|81\/100|[from] item: Life Orb\n|-start|p2a: Garchomp|confusion|[fatigue]\n|move|p1a: Venusaur|Toxic|p2a: Garchomp\n|-status|p2a: Garchomp|tox\n|\n|-damage|p2a: Garchomp|75\/100 tox|[from] psn\n|upkeep\n|turn|14\n|\n|t:|1700157307\n|-activate|p2a: Garchomp|confusion\n|move|p2a: Garchomp|Earthquake|p1a: Venusaur\n|-damage|p1a: Venusaur|2\/100\n|-damage|p2a: Garchomp|65\/100 tox|[from] item: Life Orb\n|move|p1a: Venusaur|Synthesis|p1a: Venusaur\n|-heal|p1a: Venusaur|52\/100\n|\n|-damage|p2a: Garchomp|53\/100 tox|[from] psn\n|upkeep\n|turn|15\n|\n|t:|1700157316\n|-activate|p2a: Garchomp|confusion\n|move|p2a: Garchomp|Outrage|p1a: Venusaur\n|-damage|p1a: Venusaur|8\/100\n|-damage|p2a: Garchomp|43\/100 tox|[from] item: Life Orb\n|move|p1a: Venusaur|Synthesis|p1a: Venusaur\n|-heal|p1a: Venusaur|58\/100\n|\n|-damage|p2a: Garchomp|24\/100 tox|[from] psn\n|upkeep\n|turn|16\n|\n|t:|1700157326\n|-activate|p2a: Garchomp|confusion\n|move|p2a: Garchomp|Outrage|p1a: Venusaur|[from]lockedmove\n|-damage|p1a: Venusaur|14\/100\n|-damage|p2a: Garchomp|15\/100 tox|[from] item: Life Orb\n|move|p1a: Venusaur|Synthesis|p1a: Venusaur\n|-heal|p1a: Venusaur|64\/100\n|\n|-damage|p2a: Garchomp|0 fnt|[from] psn\n|faint|p2a: Garchomp\n|upkeep\n|\n|t:|1700157338\n|switch|p2a: Zoroark|Zoroark-Hisui, M|100\/100\n|turn|17\n|\n|t:|1700157348\n|move|p2a: Zoroark|Bitter Malice|p1a: Venusaur\n|-damage|p1a: Venusaur|35\/100\n|-unboost|p1a: Venusaur|atk|1\n|move|p1a: Venusaur|Synthesis|p1a: Venusaur\n|-heal|p1a: Venusaur|85\/100\n|\n|upkeep\n|turn|18\n|\n|t:|1700157362\n|move|p2a: Zoroark|Hyper Beam|p1a: Venusaur\n|-damage|p1a: Venusaur|25\/100\n|-mustrecharge|p2a: Zoroark\n|move|p1a: Venusaur|Toxic|p2a: Zoroark\n|-status|p2a: Zoroark|tox\n|\n|-damage|p2a: Zoroark|95\/100 tox|[from] psn\n|upkeep\n|turn|19\n|\n|t:|1700157370\n|cant|p2a: Zoroark|recharge\n|move|p1a: Venusaur|Synthesis|p1a: Venusaur\n|-heal|p1a: Venusaur|75\/100\n|\n|-damage|p2a: Zoroark|83\/100 tox|[from] psn\n|upkeep\n|turn|20\n|\n|t:|1700157379\n|move|p2a: Zoroark|Bitter Malice|p1a: Venusaur\n|-damage|p1a: Venusaur|46\/100\n|-unboost|p1a: Venusaur|atk|1\n|move|p1a: Venusaur|Synthesis|p1a: Venusaur\n|-heal|p1a: Venusaur|96\/100\n|\n|-damage|p2a: Zoroark|65\/100 tox|[from] psn\n|upkeep\n|turn|21\n|\n|t:|1700157390\n|move|p2a: Zoroark|Hyper Beam|p1a: Venusaur\n|-damage|p1a: Venusaur|35\/100\n|-mustrecharge|p2a: Zoroark\n|move|p1a: Venusaur|Earth Power|p2a: Zoroark\n|-damage|p2a: Zoroark|12\/100 tox\n|\n|-damage|p2a: Zoroark|0 fnt|[from] psn\n|faint|p2a: Zoroark\n|\n|win|Vvbttij\n|upkeep\n|raw|Vvbttij's rating: 1140 &rarr; <strong>1160<\/strong><br \/>(+20 for winning)\n|raw|4wwwwwwwe6uj's rating: 1071 &rarr; <strong>1054<\/strong><br \/>(-17 for losing)\n|c|\u2606Vvbttij|Gg\n","uploadtime":1700157400,"views":4,"p1id":"vvbttij","p2id":"4wwwwwwwe6uj","formatid":"gen9nationaldex","rating":1054,"private":0,"password":""}