{"id":"gen9nationaldex-1993443155","p1":"Sleeping Demons","p2":"Divine protection","format":"[Gen 9] National Dex","log":"|j|\u2606Sleeping Demons\n|j|\u2606Divine protection\n|t:|1700318547\n|gametype|singles\n|player|p1|Sleeping Demons|2|1473\n|player|p2|Divine protection|lady-gen4|1636\n|teamsize|p1|6\n|teamsize|p2|6\n|gen|9\n|tier|[Gen 9] National Dex\n|rated|\n|rule|HP Percentage Mod: HP is shown in percentages\n|rule|Endless Battle Clause: Forcing endless battles is banned\n|rule|OHKO Clause: OHKO moves are banned\n|rule|Evasion Clause: Evasion abilities, items, and moves are banned\n|rule|Evasion Abilities Clause: Evasion abilities are banned\n|rule|Evasion Items Clause: Evasion items are banned\n|rule|Evasion Moves Clause: Evasion moves are banned\n|rule|Species Clause: Limit one of each Pok\u00e9mon\n|rule|Sleep Clause Mod: Limit one foe put to sleep\n|clearpoke\n|poke|p1|Weavile, M|\n|poke|p1|Landorus-Therian, M|\n|poke|p1|Zapdos|\n|poke|p1|Volcanion|\n|poke|p1|Ursaluna, M|\n|poke|p1|Kartana|\n|poke|p2|Sneasler, M|\n|poke|p2|Tapu Koko|\n|poke|p2|Iron Valiant|\n|poke|p2|Zamazenta-*|\n|poke|p2|Samurott-Hisui, F|\n|poke|p2|Banette, F|\n|teampreview\n|inactive|Battle timer is ON: inactive players will automatically lose when time's up. (requested by Divine protection)\n|\n|t:|1700318555\n|start\n|switch|p1a: Volcanion|Volcanion|100\/100\n|switch|p2a: Banette|Banette, F|100\/100\n|turn|1\n|\n|t:|1700318562\n|switch|p2a: Samurott|Samurott-Hisui, F|100\/100\n|move|p1a: Volcanion|Toxic|p2a: Samurott\n|-status|p2a: Samurott|tox\n|\n|-damage|p2a: Samurott|94\/100 tox|[from] psn\n|upkeep\n|turn|2\n|\n|t:|1700318568\n|move|p2a: Samurott|Ceaseless Edge|p1a: Volcanion\n|-damage|p1a: Volcanion|74\/100\n|-sidestart|p1: Sleeping Demons|Spikes\n|move|p1a: Volcanion|Body Press|p2a: Samurott\n|-supereffective|p2a: Samurott\n|-damage|p2a: Samurott|20\/100 tox\n|\n|-damage|p2a: Samurott|7\/100 tox|[from] psn\n|upkeep\n|turn|3\n|\n|t:|1700318580\n|switch|p1a: Landorus|Landorus-Therian, M|100\/100\n|-ability|p1a: Landorus|Intimidate|boost\n|-unboost|p2a: Samurott|atk|1\n|move|p2a: Samurott|Ceaseless Edge|p1a: Landorus\n|-damage|p1a: Landorus|74\/100\n|-sidestart|p1: Sleeping Demons|Spikes\n|\n|-heal|p1a: Landorus|80\/100|[from] item: Leftovers\n|-damage|p2a: Samurott|0 fnt|[from] psn\n|faint|p2a: Samurott\n|upkeep\n|\n|t:|1700318596\n|switch|p2a: Banette|Banette, F|100\/100\n|turn|4\n|\n|t:|1700318603\n|detailschange|p2a: Banette|Banette-Mega, F\n|-mega|p2a: Banette|Banette|Banettite\n|move|p2a: Banette|Will-O-Wisp|p1a: Landorus|[miss]\n|-miss|p2a: Banette|p1a: Landorus\n|move|p1a: Landorus|Defog|p2a: Banette\n|-unboost|p2a: Banette|evasion|1\n|-sideend|p1: Sleeping Demons|Spikes|[from] move: Defog|[of] p1a: Landorus\n|\n|-heal|p1a: Landorus|86\/100|[from] item: Leftovers\n|upkeep\n|turn|5\n|\n|t:|1700318610\n|move|p2a: Banette|Will-O-Wisp|p1a: Landorus\n|-status|p1a: Landorus|brn\n|move|p1a: Landorus|Stealth Rock|p2a: Banette\n|-sidestart|p2: Divine protection|move: Stealth Rock\n|\n|-heal|p1a: Landorus|92\/100 brn|[from] item: Leftovers\n|-damage|p1a: Landorus|86\/100 brn|[from] brn\n|upkeep\n|turn|6\n|\n|t:|1700318616\n|move|p2a: Banette|Encore|p1a: Landorus\n|-start|p1a: Landorus|Encore\n|move|p1a: Landorus|Stealth Rock||[still]\n|-fail|p1a: Landorus\n|\n|-heal|p1a: Landorus|92\/100 brn|[from] item: Leftovers\n|-damage|p1a: Landorus|86\/100 brn|[from] brn\n|upkeep\n|turn|7\n|\n|t:|1700318623\n|switch|p1a: Ursaluna|Ursaluna, M|100\/100\n|move|p2a: Banette|Poltergeist|p1a: Ursaluna\n|-immune|p1a: Ursaluna\n|\n|-status|p1a: Ursaluna|brn|[from] item: Flame Orb\n|upkeep\n|turn|8\n|inactive|Divine protection has 120 seconds left.\n|\n|t:|1700318657\n|switch|p2a: Tapu Koko|Tapu Koko|100\/100\n|-fieldstart|move: Electric Terrain|[from] ability: Electric Surge|[of] p2a: Tapu Koko\n|move|p1a: Ursaluna|Facade|p2a: Tapu Koko\n|-damage|p2a: Tapu Koko|0 fnt\n|faint|p2a: Tapu Koko\n|\n|-damage|p1a: Ursaluna|94\/100 brn|[from] brn\n|upkeep\n|inactive|Divine protection has 120 seconds left.\n|\n|t:|1700318663\n|switch|p2a: Sneasler|Sneasler, M|100\/100\n|-damage|p2a: Sneasler|95\/100|[from] Stealth Rock\n|-enditem|p2a: Sneasler|Electric Seed\n|-boost|p2a: Sneasler|def|1|[from] item: Electric Seed\n|turn|9\n|\n|t:|1700318668\n|-terastallize|p1a: Ursaluna|Grass\n|move|p2a: Sneasler|Close Combat|p1a: Ursaluna\n|-damage|p1a: Ursaluna|41\/100 brn\n|-unboost|p2a: Sneasler|def|1\n|-unboost|p2a: Sneasler|spd|1\n|move|p1a: Ursaluna|Facade|p2a: Sneasler\n|-damage|p2a: Sneasler|0 fnt\n|faint|p2a: Sneasler\n|\n|-damage|p1a: Ursaluna|35\/100 brn|[from] brn\n|upkeep\n|\n|t:|1700318677\n|switch|p2a: Zamazenta|Zamazenta|100\/100\n|-damage|p2a: Zamazenta|94\/100|[from] Stealth Rock\n|-ability|p2a: Zamazenta|Dauntless Shield|boost\n|-boost|p2a: Zamazenta|def|1\n|turn|10\n|\n|t:|1700318691\n|move|p2a: Zamazenta|Stone Edge|p1a: Ursaluna\n|-damage|p1a: Ursaluna|0 fnt\n|faint|p1a: Ursaluna\n|\n|upkeep\n|\n|t:|1700318710\n|switch|p1a: Zapdos|Zapdos|100\/100\n|turn|11\n|\n|t:|1700318721\n|move|p2a: Zamazenta|Stone Edge|p1a: Zapdos|[miss]\n|-miss|p2a: Zamazenta|p1a: Zapdos\n|move|p1a: Zapdos|Hurricane|p2a: Zamazenta|[miss]\n|-miss|p1a: Zapdos|p2a: Zamazenta\n|\n|upkeep\n|turn|12\n|\n|t:|1700318724\n|move|p2a: Zamazenta|Stone Edge|p1a: Zapdos\n|-supereffective|p1a: Zapdos\n|-damage|p1a: Zapdos|35\/100\n|move|p1a: Zapdos|Hurricane|p2a: Zamazenta|[miss]\n|-miss|p1a: Zapdos|p2a: Zamazenta\n|\n|-fieldend|move: Electric Terrain\n|upkeep\n|turn|13\n|\n|t:|1700318733\n|switch|p1a: Landorus|Landorus-Therian, M|86\/100 brn\n|-ability|p1a: Landorus|Intimidate|boost\n|-unboost|p2a: Zamazenta|atk|1\n|move|p2a: Zamazenta|Stone Edge|p1a: Landorus\n|-crit|p1a: Landorus\n|-damage|p1a: Landorus|12\/100 brn\n|\n|-heal|p1a: Landorus|18\/100 brn|[from] item: Leftovers\n|-damage|p1a: Landorus|12\/100 brn|[from] brn\n|upkeep\n|turn|14\n|\n|t:|1700318745\n|move|p2a: Zamazenta|Stone Edge|p1a: Landorus\n|-damage|p1a: Landorus|0 fnt\n|faint|p1a: Landorus\n|\n|upkeep\n|\n|t:|1700318752\n|switch|p1a: Volcanion|Volcanion|74\/100\n|turn|15\n|\n|t:|1700318757\n|move|p2a: Zamazenta|Stone Edge|p1a: Volcanion|[miss]\n|-miss|p2a: Zamazenta|p1a: Volcanion\n|move|p1a: Volcanion|Steam Eruption|p2a: Zamazenta\n|-damage|p2a: Zamazenta|47\/100\n|\n|upkeep\n|turn|16\n|\n|t:|1700318761\n|move|p2a: Zamazenta|Stone Edge|p1a: Volcanion\n|-supereffective|p1a: Volcanion\n|-damage|p1a: Volcanion|34\/100\n|move|p1a: Volcanion|Steam Eruption|p2a: Zamazenta\n|-damage|p2a: Zamazenta|0 fnt\n|faint|p2a: Zamazenta\n|\n|upkeep\n|\n|t:|1700318768\n|switch|p2a: Iron Valiant|Iron Valiant|100\/100\n|-damage|p2a: Iron Valiant|94\/100|[from] Stealth Rock\n|turn|17\n|\n|t:|1700318774\n|move|p2a: Iron Valiant|Moonblast|p1a: Volcanion\n|-resisted|p1a: Volcanion\n|-damage|p1a: Volcanion|0 fnt\n|faint|p1a: Volcanion\n|\n|upkeep\n|\n|t:|1700318779\n|switch|p1a: Kartana|Kartana|100\/100\n|turn|18\n|\n|t:|1700318797\n|-end|p2a: Iron Valiant|Quark Drive|[silent]\n|switch|p2a: Banette|Banette-Mega, F|100\/100\n|-damage|p2a: Banette|88\/100|[from] Stealth Rock\n|move|p1a: Kartana|Leaf Blade|p2a: Banette\n|-damage|p2a: Banette|0 fnt\n|faint|p2a: Banette\n|-ability|p1a: Kartana|Beast Boost|boost\n|-boost|p1a: Kartana|atk|1\n|\n|upkeep\n|\n|t:|1700318803\n|switch|p2a: Iron Valiant|Iron Valiant|94\/100\n|-damage|p2a: Iron Valiant|88\/100|[from] Stealth Rock\n|turn|19\n|\n|t:|1700318806\n|move|p1a: Kartana|Leaf Blade|p2a: Iron Valiant\n|-damage|p2a: Iron Valiant|0 fnt\n|faint|p2a: Iron Valiant\n|-end|p2a: Iron Valiant|Quark Drive|[silent]\n|\n|win|Sleeping Demons\n|raw|Sleeping Demons's rating: 1473 &rarr; <strong>1502<\/strong><br \/>(+29 for winning)\n|raw|Divine protection's rating: 1636 &rarr; <strong>1607<\/strong><br \/>(-29 for losing)\n|l|\u2606Divine protection\n","uploadtime":1700318822,"views":6,"p1id":"sleepingdemons","p2id":"divineprotection","formatid":"gen9nationaldex","rating":1502,"private":0,"password":""}