{"id":"gen9nationaldex-1988118271","p1":"ReptileMedias","p2":"NidoKyng","format":"[Gen 9] National Dex","log":"|j|\u2606ReptileMedias\n|j|\u2606NidoKyng\n|t:|1699671784\n|gametype|singles\n|player|p1|ReptileMedias|may-gen3rs|1292\n|player|p2|NidoKyng|nate|1383\n|teamsize|p1|6\n|teamsize|p2|6\n|gen|9\n|tier|[Gen 9] National Dex\n|rated|\n|rule|HP Percentage Mod: HP is shown in percentages\n|rule|Endless Battle Clause: Forcing endless battles is banned\n|rule|OHKO Clause: OHKO moves are banned\n|rule|Evasion Clause: Evasion abilities, items, and moves are banned\n|rule|Evasion Abilities Clause: Evasion abilities are banned\n|rule|Evasion Items Clause: Evasion items are banned\n|rule|Evasion Moves Clause: Evasion moves are banned\n|rule|Species Clause: Limit one of each Pok\u00e9mon\n|rule|Sleep Clause Mod: Limit one foe put to sleep\n|clearpoke\n|poke|p1|Scizor, M|\n|poke|p1|Venusaur, M|\n|poke|p1|Arcanine, M|\n|poke|p1|Crawdaunt, M|\n|poke|p1|Jolteon, M|\n|poke|p1|Crobat, M|\n|poke|p2|Quagsire, F|\n|poke|p2|Tsareena, F|\n|poke|p2|Entei|\n|poke|p2|Tapu Koko|\n|poke|p2|Sneasler, F|\n|poke|p2|Charizard, F|\n|teampreview\n|inactive|Battle timer is ON: inactive players will automatically lose when time's up. (requested by NidoKyng)\n|\n|t:|1699671792\n|start\n|switch|p1a: Lobstarno|Crawdaunt, M|100\/100\n|switch|p2a: Tapu Koko|Tapu Koko|100\/100\n|-fieldstart|move: Electric Terrain|[from] ability: Electric Surge|[of] p2a: Tapu Koko\n|turn|1\n|\n|t:|1699671798\n|switch|p1a: Sharp David|Jolteon, M|100\/100\n|move|p2a: Tapu Koko|Volt Switch|p1a: Sharp David\n|-immune|p1a: Sharp David|[from] ability: Volt Absorb\n|\n|upkeep\n|turn|2\n|\n|t:|1699671813\n|move|p2a: Tapu Koko|Nature's Madness|p1a: Sharp David\n|-damage|p1a: Sharp David|50\/100\n|move|p1a: Sharp David|Shadow Ball|p2a: Tapu Koko\n|-damage|p2a: Tapu Koko|54\/100\n|-unboost|p2a: Tapu Koko|spd|1\n|\n|upkeep\n|turn|3\n|\n|t:|1699671829\n|switch|p2a: Sneasler|Sneasler, F, shiny|100\/100\n|-enditem|p2a: Sneasler|Electric Seed\n|-boost|p2a: Sneasler|def|1|[from] item: Electric Seed\n|move|p1a: Sharp David|Shadow Ball|p2a: Sneasler\n|-damage|p2a: Sneasler|41\/100\n|\n|upkeep\n|turn|4\n|\n|t:|1699671844\n|switch|p1a: Bullet Ant|Scizor, M|100\/100\n|move|p2a: Sneasler|Dire Claw|p1a: Bullet Ant\n|-immune|p1a: Bullet Ant\n|\n|upkeep\n|turn|5\n|\n|t:|1699671851\n|move|p2a: Sneasler|Swords Dance|p2a: Sneasler\n|-boost|p2a: Sneasler|atk|2\n|move|p1a: Bullet Ant|Swords Dance|p1a: Bullet Ant\n|-boost|p1a: Bullet Ant|atk|2\n|\n|upkeep\n|turn|6\n|\n|t:|1699671858\n|move|p1a: Bullet Ant|Bullet Punch|p2a: Sneasler\n|-damage|p2a: Sneasler|0 fnt\n|faint|p2a: Sneasler\n|\n|upkeep\n|\n|t:|1699671869\n|switch|p2a: Entei|Entei, shiny|100\/100\n|turn|7\n|\n|t:|1699671872\n|switch|p1a: Adult|Arcanine, M|100\/100\n|move|p2a: Entei|Will-O-Wisp|p1a: Adult\n|-start|p1a: Adult|ability: Flash Fire\n|\n|upkeep\n|turn|8\n|\n|t:|1699671885\n|switch|p2a: Tapu Koko|Tapu Koko|54\/100\n|move|p1a: Adult|Bulldoze|p2a: Tapu Koko\n|-supereffective|p2a: Tapu Koko\n|-damage|p2a: Tapu Koko|8\/100\n|-unboost|p2a: Tapu Koko|spe|1\n|\n|-fieldend|move: Electric Terrain\n|upkeep\n|turn|9\n|\n|t:|1699671893\n|move|p1a: Adult|Extreme Speed|p2a: Tapu Koko\n|-damage|p2a: Tapu Koko|0 fnt\n|faint|p2a: Tapu Koko\n|\n|upkeep\n|\n|t:|1699671904\n|switch|p2a: Entei|Entei, shiny|100\/100\n|turn|10\n|\n|t:|1699671912\n|move|p1a: Adult|Bulldoze|p2a: Entei\n|-supereffective|p2a: Entei\n|-damage|p2a: Entei|64\/100\n|-unboost|p2a: Entei|spe|1\n|move|p2a: Entei|Stone Edge|p1a: Adult\n|-supereffective|p1a: Adult\n|-damage|p1a: Adult|0 fnt\n|faint|p1a: Adult\n|\n|upkeep\n|\n|t:|1699671923\n|switch|p1a: Lobstarno|Crawdaunt, M|100\/100\n|turn|11\n|\n|t:|1699671932\n|move|p1a: Lobstarno|Knock Off|p2a: Entei\n|-damage|p2a: Entei|0 fnt\n|-enditem|p2a: Entei|Choice Band|[from] move: Knock Off|[of] p1a: Lobstarno\n|faint|p2a: Entei\n|\n|upkeep\n|\n|t:|1699671940\n|switch|p2a: Tsareena|Tsareena, F, shiny|100\/100\n|turn|12\n|\n|t:|1699671965\n|switch|p1a: COw bat (lol)|Crobat, M|100\/100\n|move|p2a: Tsareena|Trop Kick|p1a: COw bat (lol)\n|-resisted|p1a: COw bat (lol)\n|-damage|p1a: COw bat (lol)|87\/100\n|-unboost|p1a: COw bat (lol)|atk|1\n|\n|upkeep\n|turn|13\n|inactive|ReptileMedias has 120 seconds left.\n|\n|t:|1699671984\n|-terastallize|p1a: COw bat (lol)|Flying\n|move|p1a: COw bat (lol)|Air Slash|p2a: Tsareena\n|-supereffective|p2a: Tsareena\n|-damage|p2a: Tsareena|23\/100\n|cant|p2a: Tsareena|flinch\n|\n|upkeep\n|turn|14\n|\n|t:|1699671992\n|move|p1a: COw bat (lol)|Air Slash|p2a: Tsareena\n|-supereffective|p2a: Tsareena\n|-crit|p2a: Tsareena\n|-damage|p2a: Tsareena|0 fnt\n|faint|p2a: Tsareena\n|\n|upkeep\n|\n|t:|1699672000\n|switch|p2a: Axotl|Quagsire, F, shiny|100\/100\n|turn|15\n|\n|t:|1699672005\n|switch|p1a: Penusaur|Venusaur, M|100\/100\n|move|p2a: Axotl|Yawn|p1a: Penusaur\n|-start|p1a: Penusaur|move: Yawn|[of] p2a: Axotl\n|\n|upkeep\n|turn|16\n|\n|t:|1699672012\n|switch|p1a: Lobstarno|Crawdaunt, M|100\/100\n|move|p2a: Axotl|Recover||[still]\n|-fail|p2a: Axotl|heal\n|\n|upkeep\n|turn|17\n|\n|t:|1699672017\n|move|p1a: Lobstarno|Knock Off|p2a: Axotl\n|-damage|p2a: Axotl|21\/100\n|-enditem|p2a: Axotl|Leftovers|[from] move: Knock Off|[of] p1a: Lobstarno\n|move|p2a: Axotl|Yawn|p1a: Lobstarno\n|-start|p1a: Lobstarno|move: Yawn|[of] p2a: Axotl\n|\n|upkeep\n|turn|18\n|\n|t:|1699672024\n|switch|p1a: Penusaur|Venusaur, M|100\/100\n|move|p2a: Axotl|Recover|p2a: Axotl\n|-heal|p2a: Axotl|71\/100\n|\n|upkeep\n|turn|19\n|\n|t:|1699672033\n|detailschange|p1a: Penusaur|Venusaur-Mega, M\n|-mega|p1a: Penusaur|Venusaur|Venusaurite\n|-terastallize|p2a: Axotl|Water\n|move|p1a: Penusaur|Giga Drain|p2a: Axotl\n|-supereffective|p2a: Axotl\n|-crit|p2a: Axotl\n|-damage|p2a: Axotl|0 fnt\n|faint|p2a: Axotl\n|\n|upkeep\n|\n|t:|1699672038\n|switch|p2a: Charizard|Charizard, F, shiny|100\/100\n|turn|20\n|\n|t:|1699672046\n|detailschange|p2a: Charizard|Charizard-Mega-Y, F, shiny\n|-mega|p2a: Charizard|Charizard|Charizardite Y\n|-weather|SunnyDay|[from] ability: Drought|[of] p2a: Charizard\n|move|p2a: Charizard|Air Slash|p1a: Penusaur\n|-supereffective|p1a: Penusaur\n|-damage|p1a: Penusaur|36\/100\n|move|p1a: Penusaur|Sludge Bomb|p2a: Charizard\n|-damage|p2a: Charizard|66\/100\n|-status|p2a: Charizard|psn\n|\n|-weather|SunnyDay|[upkeep]\n|-damage|p2a: Charizard|53\/100 psn|[from] psn\n|upkeep\n|turn|21\n|\n|t:|1699672057\n|move|p2a: Charizard|Air Slash|p1a: Penusaur\n|-supereffective|p1a: Penusaur\n|-damage|p1a: Penusaur|0 fnt\n|faint|p1a: Penusaur\n|\n|-weather|SunnyDay|[upkeep]\n|-damage|p2a: Charizard|41\/100 psn|[from] psn\n|upkeep\n|\n|t:|1699672061\n|switch|p1a: Lobstarno|Crawdaunt, M|100\/100\n|turn|22\n|\n|t:|1699672065\n|move|p1a: Lobstarno|Aqua Jet|p2a: Charizard\n|-supereffective|p2a: Charizard\n|-damage|p2a: Charizard|0 fnt\n|faint|p2a: Charizard\n|\n|win|ReptileMedias\n|raw|ReptileMedias's rating: 1292 &rarr; <strong>1323<\/strong><br \/>(+31 for winning)\n|raw|NidoKyng's rating: 1383 &rarr; <strong>1358<\/strong><br \/>(-25 for losing)\n|l|\u2606NidoKyng\n","uploadtime":1699672072,"views":4,"p1id":"reptilemedias","p2id":"nidokyng","formatid":"gen9nationaldex","rating":1323,"private":0,"password":""}