{"id":"gen9nationaldex-1990848832","p1":"hiramjie","p2":"221savage","format":"[Gen 9] National Dex","log":"|j|\u2606hiramjie\n|j|\u2606221savage\n|t:|1700007279\n|gametype|singles\n|player|p1|hiramjie|265|1254\n|player|p2|221savage|101|1254\n|teamsize|p1|6\n|teamsize|p2|6\n|gen|9\n|tier|[Gen 9] National Dex\n|rated|\n|rule|HP Percentage Mod: HP is shown in percentages\n|rule|Endless Battle Clause: Forcing endless battles is banned\n|rule|OHKO Clause: OHKO moves are banned\n|rule|Evasion Clause: Evasion abilities, items, and moves are banned\n|rule|Evasion Abilities Clause: Evasion abilities are banned\n|rule|Evasion Items Clause: Evasion items are banned\n|rule|Evasion Moves Clause: Evasion moves are banned\n|rule|Species Clause: Limit one of each Pok\u00e9mon\n|rule|Sleep Clause Mod: Limit one foe put to sleep\n|clearpoke\n|poke|p1|Armarouge, F|\n|poke|p1|Charizard, M|\n|poke|p1|Milotic, F|\n|poke|p1|Ferrothorn, F|\n|poke|p1|Gliscor, M|\n|poke|p1|Sirfetch\u2019d, M|\n|poke|p2|Blastoise, F|\n|poke|p2|Banette, M|\n|poke|p2|Machamp, F|\n|poke|p2|Darmanitan, F|\n|poke|p2|Kilowattrel, F|\n|poke|p2|Bellossom, M|\n|teampreview\n|\n|t:|1700007283\n|start\n|switch|p1a: Armarouge|Armarouge, F|100\/100\n|switch|p2a: Bellossom|Bellossom, M|100\/100\n|turn|1\n|\n|t:|1700007296\n|move|p1a: Armarouge|Armor Cannon|p2a: Bellossom\n|-supereffective|p2a: Bellossom\n|-damage|p2a: Bellossom|0 fnt\n|-unboost|p1a: Armarouge|def|1\n|-unboost|p1a: Armarouge|spd|1\n|faint|p2a: Bellossom\n|\n|upkeep\n|\n|t:|1700007305\n|switch|p2a: Kilowattrel|Kilowattrel, F|100\/100\n|turn|2\n|\n|t:|1700007319\n|move|p2a: Kilowattrel|Hurricane|p1a: Armarouge\n|-enditem|p1a: Armarouge|Focus Sash\n|-damage|p1a: Armarouge|1\/100\n|move|p1a: Armarouge|Armor Cannon|p2a: Kilowattrel\n|-damage|p2a: Kilowattrel|0 fnt\n|-unboost|p1a: Armarouge|def|1\n|-unboost|p1a: Armarouge|spd|1\n|faint|p2a: Kilowattrel\n|\n|upkeep\n|\n|t:|1700007327\n|switch|p2a: Machamp|Machamp, F|100\/100\n|turn|3\n|\n|t:|1700007332\n|move|p2a: Machamp|Bullet Punch|p1a: Armarouge\n|-resisted|p1a: Armarouge\n|-damage|p1a: Armarouge|0 fnt\n|faint|p1a: Armarouge\n|\n|upkeep\n|\n|t:|1700007343\n|switch|p1a: Sirfetch\u2019d|Sirfetch\u2019d, M|100\/100\n|turn|4\n|\n|t:|1700007350\n|move|p1a: Sirfetch\u2019d|Brave Bird|p2a: Machamp\n|-supereffective|p2a: Machamp\n|-damage|p2a: Machamp|0 fnt\n|faint|p2a: Machamp\n|-damage|p1a: Sirfetch\u2019d|54\/100|[from] Recoil\n|\n|upkeep\n|\n|t:|1700007355\n|switch|p2a: Darmanitan|Darmanitan, F|100\/100\n|turn|5\n|\n|t:|1700007363\n|-terastallize|p2a: Darmanitan|Fire\n|move|p2a: Darmanitan|Flare Blitz|p1a: Sirfetch\u2019d\n|-damage|p1a: Sirfetch\u2019d|0 fnt\n|faint|p1a: Sirfetch\u2019d\n|-damage|p2a: Darmanitan|87\/100|[from] Recoil\n|\n|upkeep\n|\n|t:|1700007374\n|switch|p1a: Milotic|Milotic, F|100\/100\n|turn|6\n|\n|t:|1700007381\n|switch|p2a: Blastoise|Blastoise, F|100\/100\n|move|p1a: Milotic|Scald|p2a: Blastoise\n|-resisted|p2a: Blastoise\n|-damage|p2a: Blastoise|87\/100\n|\n|-status|p1a: Milotic|brn|[from] item: Flame Orb\n|upkeep\n|turn|7\n|\n|t:|1700007394\n|switch|p1a: Ferrothorn|Ferrothorn, F|100\/100\n|move|p2a: Blastoise|Shell Smash|p2a: Blastoise\n|-unboost|p2a: Blastoise|def|1\n|-unboost|p2a: Blastoise|spd|1\n|-boost|p2a: Blastoise|atk|2\n|-boost|p2a: Blastoise|spa|2\n|-boost|p2a: Blastoise|spe|2\n|\n|upkeep\n|turn|8\n|\n|t:|1700007407\n|move|p2a: Blastoise|Focus Blast|p1a: Ferrothorn\n|-supereffective|p1a: Ferrothorn\n|-damage|p1a: Ferrothorn|0 fnt\n|faint|p1a: Ferrothorn\n|\n|upkeep\n|\n|t:|1700007417\n|switch|p1a: Milotic|Milotic, F|100\/100 brn\n|turn|9\n|\n|t:|1700007424\n|move|p2a: Blastoise|Focus Blast|p1a: Milotic\n|-damage|p1a: Milotic|50\/100 brn\n|move|p1a: Milotic|Haze|p1a: Milotic\n|-clearallboost\n|\n|-damage|p1a: Milotic|44\/100 brn|[from] brn\n|upkeep\n|turn|10\n|\n|t:|1700007436\n|move|p2a: Blastoise|Shell Smash|p2a: Blastoise\n|-unboost|p2a: Blastoise|def|1\n|-unboost|p2a: Blastoise|spd|1\n|-boost|p2a: Blastoise|atk|2\n|-boost|p2a: Blastoise|spa|2\n|-boost|p2a: Blastoise|spe|2\n|move|p1a: Milotic|Icy Wind|p2a: Blastoise\n|-resisted|p2a: Blastoise\n|-crit|p2a: Blastoise\n|-damage|p2a: Blastoise|72\/100\n|-unboost|p2a: Blastoise|spe|1\n|\n|-damage|p1a: Milotic|38\/100 brn|[from] brn\n|upkeep\n|turn|11\n|\n|t:|1700007450\n|move|p2a: Blastoise|Focus Blast|p1a: Milotic\n|-damage|p1a: Milotic|0 fnt\n|faint|p1a: Milotic\n|\n|upkeep\n|\n|t:|1700007456\n|switch|p1a: Charizard|Charizard, M|100\/100\n|turn|12\n|\n|t:|1700007468\n|detailschange|p1a: Charizard|Charizard-Mega-X, M\n|-mega|p1a: Charizard|Charizard|Charizardite X\n|move|p2a: Blastoise|Hydro Pump|p1a: Charizard\n|-damage|p1a: Charizard|0 fnt\n|faint|p1a: Charizard\n|\n|upkeep\n|\n|t:|1700007480\n|switch|p1a: Gliscor|Gliscor, M|100\/100\n|turn|13\n|\n|t:|1700007489\n|move|p2a: Blastoise|Blizzard|p1a: Gliscor|[miss]\n|-miss|p2a: Blastoise|p1a: Gliscor\n|move|p1a: Gliscor|Swords Dance|p1a: Gliscor\n|-boost|p1a: Gliscor|atk|2\n|\n|-status|p1a: Gliscor|tox|[from] item: Toxic Orb\n|upkeep\n|turn|14\n|\n|t:|1700007501\n|move|p2a: Blastoise|Hydro Pump|p1a: Gliscor\n|-supereffective|p1a: Gliscor\n|-damage|p1a: Gliscor|0 fnt\n|faint|p1a: Gliscor\n|\n|win|221savage\n|raw|hiramjie's rating: 1254 &rarr; <strong>1229<\/strong><br \/>(-25 for losing)\n|raw|221savage's rating: 1254 &rarr; <strong>1279<\/strong><br \/>(+25 for winning)\n|l|\u2606hiramjie\n","uploadtime":1700007679,"views":4,"p1id":"hiramjie","p2id":"221savage","formatid":"gen9nationaldex","rating":1229,"private":0,"password":""}