{"id":"gen9nationaldex-1997595841","p1":"ZYBZYB","p2":"Saftig","format":"[Gen 9] National Dex","log":"|html|<div class=\"broadcast-blue\"><strong>[Gen 9] National Dex is currently suspecting Sneasler! For information on how to participate check out the <a href=\"https:\/\/www.smogon.com\/forums\/threads\/sv-national-dex-suspect-8-just-dance.3731534\/\">suspect thread<\/a>.<\/strong><\/div>\n|j|\u2606ZYBZYB\n|j|\u2606Saftig\n|t:|1700830718\n|gametype|singles\n|player|p1|ZYBZYB|ingo|1628\n|player|p2|Saftig|brycen|1626\n|teamsize|p1|6\n|teamsize|p2|6\n|gen|9\n|tier|[Gen 9] National Dex\n|rated|\n|rule|HP Percentage Mod: HP is shown in percentages\n|rule|Endless Battle Clause: Forcing endless battles is banned\n|rule|OHKO Clause: OHKO moves are banned\n|rule|Evasion Clause: Evasion abilities, items, and moves are banned\n|rule|Evasion Abilities Clause: Evasion abilities are banned\n|rule|Evasion Items Clause: Evasion items are banned\n|rule|Evasion Moves Clause: Evasion moves are banned\n|rule|Species Clause: Limit one of each Pok\u00e9mon\n|rule|Sleep Clause Mod: Limit one foe put to sleep\n|clearpoke\n|poke|p1|Pelipper, F|\n|poke|p1|Hippowdon, F|\n|poke|p1|Omastar, M|\n|poke|p1|Excadrill, M|\n|poke|p1|Garchomp, F|\n|poke|p1|Heliolisk, M|\n|poke|p2|Ting-Lu|\n|poke|p2|Sableye, M|\n|poke|p2|Victini|\n|poke|p2|Toxapex, M|\n|poke|p2|Gliscor, M|\n|poke|p2|Enamorus, F|\n|teampreview\n|inactive|Battle timer is ON: inactive players will automatically lose when time's up. (requested by Saftig)\n|\n|t:|1700830740\n|start\n|switch|p1a: Pelipper|Pelipper, F|100\/100\n|switch|p2a: Enamorus|Enamorus, F|100\/100\n|-weather|RainDance|[from] ability: Drizzle|[of] p1a: Pelipper\n|turn|1\n|\n|t:|1700830760\n|switch|p1a: Excadrill|Excadrill, M|100\/100\n|move|p2a: Enamorus|Moonblast|p1a: Excadrill\n|-resisted|p1a: Excadrill\n|-damage|p1a: Excadrill|48\/100\n|-unboost|p1a: Excadrill|spa|1\n|\n|-weather|RainDance|[upkeep]\n|upkeep\n|turn|2\n|\n|t:|1700830782\n|move|p2a: Enamorus|Moonblast|p1a: Excadrill\n|-resisted|p1a: Excadrill\n|-damage|p1a: Excadrill|0 fnt\n|faint|p1a: Excadrill\n|\n|-weather|RainDance|[upkeep]\n|upkeep\n|\n|t:|1700830790\n|switch|p1a: Heliolisk|Heliolisk, M|100\/100\n|turn|3\n|\n|t:|1700830796\n|switch|p2a: Ting-Lu|Ting-Lu|100\/100\n|-ability|p2a: Ting-Lu|Vessel of Ruin\n|move|p1a: Heliolisk|Weather Ball|p2a: Ting-Lu\n|-supereffective|p2a: Ting-Lu\n|-damage|p2a: Ting-Lu|43\/100\n|\n|-weather|RainDance|[upkeep]\n|-heal|p2a: Ting-Lu|49\/100|[from] item: Leftovers\n|upkeep\n|turn|4\n|j| cangyue\n|\n|t:|1700830806\n|-terastallize|p2a: Ting-Lu|Ghost\n|move|p1a: Heliolisk|Weather Ball|p2a: Ting-Lu\n|-damage|p2a: Ting-Lu|23\/100\n|move|p2a: Ting-Lu|Stealth Rock|p1a: Heliolisk\n|-sidestart|p1: ZYBZYB|move: Stealth Rock\n|\n|-weather|RainDance|[upkeep]\n|-heal|p2a: Ting-Lu|29\/100|[from] item: Leftovers\n|upkeep\n|turn|5\n|\n|t:|1700830824\n|switch|p1a: Hippowdon|Hippowdon, F|100\/100\n|-damage|p1a: Hippowdon|94\/100|[from] Stealth Rock\n|-weather|Sandstorm|[from] ability: Sand Stream|[of] p1a: Hippowdon\n|switch|p2a: Gliscor|Gliscor, M|100\/100\n|\n|-weather|Sandstorm|[upkeep]\n|-status|p2a: Gliscor|tox|[from] item: Toxic Orb\n|upkeep\n|turn|6\n|\n|t:|1700830836\n|move|p2a: Gliscor|U-turn|p1a: Hippowdon\n|-damage|p1a: Hippowdon|85\/100\n|\n|t:|1700830838\n|switch|p2a: Ting-Lu|Ting-Lu, tera:Ghost|29\/100|[from] U-turn\n|-ability|p2a: Ting-Lu|Vessel of Ruin\n|move|p1a: Hippowdon|Stealth Rock|p2a: Ting-Lu\n|-sidestart|p2: Saftig|move: Stealth Rock\n|\n|-weather|Sandstorm|[upkeep]\n|-damage|p2a: Ting-Lu|23\/100|[from] Sandstorm\n|-heal|p2a: Ting-Lu|29\/100|[from] item: Leftovers\n|upkeep\n|turn|7\n|\n|t:|1700830851\n|move|p1a: Hippowdon|Earthquake|p2a: Ting-Lu\n|-damage|p2a: Ting-Lu|12\/100\n|move|p2a: Ting-Lu|Spikes|p1a: Hippowdon\n|-sidestart|p1: ZYBZYB|Spikes\n|\n|-weather|Sandstorm|[upkeep]\n|-damage|p2a: Ting-Lu|6\/100|[from] Sandstorm\n|-heal|p2a: Ting-Lu|12\/100|[from] item: Leftovers\n|upkeep\n|turn|8\n|\n|t:|1700830860\n|switch|p2a: Gliscor|Gliscor, M|100\/100 tox\n|-damage|p2a: Gliscor|88\/100 tox|[from] Stealth Rock\n|move|p1a: Hippowdon|Earthquake|p2a: Gliscor\n|-immune|p2a: Gliscor\n|\n|-weather|Sandstorm|[upkeep]\n|-heal|p2a: Gliscor|100\/100 tox|[from] ability: Poison Heal\n|upkeep\n|turn|9\n|\n|t:|1700830877\n|move|p2a: Gliscor|Earthquake|p1a: Hippowdon\n|-damage|p1a: Hippowdon|65\/100\n|move|p1a: Hippowdon|Whirlwind|p2a: Gliscor\n|drag|p2a: Sableye|Sableye, M|100\/100\n|-damage|p2a: Sableye|88\/100|[from] Stealth Rock\n|\n|-weather|Sandstorm|[upkeep]\n|-damage|p2a: Sableye|82\/100|[from] Sandstorm\n|upkeep\n|turn|10\n|\n|t:|1700830893\n|detailschange|p2a: Sableye|Sableye-Mega, M\n|-mega|p2a: Sableye|Sableye|Sablenite\n|move|p1a: Hippowdon|Slack Off|p1a: Hippowdon\n|-heal|p1a: Hippowdon|100\/100\n|move|p2a: Sableye|Toxic|p1a: Hippowdon\n|-status|p1a: Hippowdon|tox\n|\n|-weather|Sandstorm|[upkeep]\n|-damage|p2a: Sableye|76\/100|[from] Sandstorm\n|-damage|p1a: Hippowdon|94\/100 tox|[from] psn\n|upkeep\n|turn|11\n|\n|t:|1700830903\n|move|p2a: Sableye|Recover|p2a: Sableye\n|-heal|p2a: Sableye|100\/100\n|move|p1a: Hippowdon|Whirlwind|p2a: Sableye\n|move|p2a: Sableye|Whirlwind|p1a: Hippowdon|[from]ability: Magic Bounce\n|drag|p1a: Omastar|Omastar, M|100\/100\n|-damage|p1a: Omastar|88\/100|[from] Stealth Rock\n|-damage|p1a: Omastar|76\/100|[from] Spikes\n|\n|-weather|Sandstorm|[upkeep]\n|-damage|p2a: Sableye|95\/100|[from] Sandstorm\n|upkeep\n|turn|12\n|\n|t:|1700830919\n|move|p1a: Omastar|Shell Smash|p1a: Omastar\n|-unboost|p1a: Omastar|def|1\n|-unboost|p1a: Omastar|spd|1\n|-boost|p1a: Omastar|atk|2\n|-boost|p1a: Omastar|spa|2\n|-boost|p1a: Omastar|spe|2\n|move|p2a: Sableye|Toxic|p1a: Omastar\n|-status|p1a: Omastar|tox\n|\n|-weather|none\n|-damage|p1a: Omastar|70\/100 tox|[from] psn\n|upkeep\n|turn|13\n|\n|t:|1700830930\n|switch|p2a: Toxapex|Toxapex, M|100\/100\n|-damage|p2a: Toxapex|88\/100|[from] Stealth Rock\n|-terastallize|p1a: Omastar|Rock\n|move|p1a: Omastar|Meteor Beam||[still]\n|-prepare|p1a: Omastar|Meteor Beam\n|-boost|p1a: Omastar|spa|1\n|-enditem|p1a: Omastar|Power Herb\n|-anim|p1a: Omastar|Meteor Beam|p2a: Toxapex\n|-damage|p2a: Toxapex|0 fnt\n|faint|p2a: Toxapex\n|\n|-damage|p1a: Omastar|57\/100 tox|[from] psn\n|upkeep\n|\n|t:|1700830954\n|switch|p2a: Sableye|Sableye-Mega, M|95\/100\n|-damage|p2a: Sableye|82\/100|[from] Stealth Rock\n|turn|14\n|\n|t:|1700830958\n|switch|p2a: Ting-Lu|Ting-Lu, tera:Ghost|12\/100\n|-damage|p2a: Ting-Lu|0 fnt|[from] Stealth Rock\n|faint|p2a: Ting-Lu\n|move|p1a: Omastar|Surf|p2: Ting-Lu|[notarget]\n|-fail|p1a: Omastar\n|\n|-damage|p1a: Omastar|39\/100 tox|[from] psn\n|upkeep\n|\n|t:|1700830973\n|switch|p2a: Gliscor|Gliscor, M|100\/100 tox\n|-damage|p2a: Gliscor|88\/100 tox|[from] Stealth Rock\n|turn|15\n|\n|t:|1700830978\n|switch|p2a: Sableye|Sableye-Mega, M|82\/100\n|-damage|p2a: Sableye|70\/100|[from] Stealth Rock\n|move|p1a: Omastar|Surf|p2a: Sableye\n|-damage|p2a: Sableye|0 fnt\n|faint|p2a: Sableye\n|\n|-damage|p1a: Omastar|15\/100 tox|[from] psn\n|upkeep\n|j| PokeCrain\n|\n|t:|1700830993\n|switch|p2a: Enamorus|Enamorus, F|100\/100\n|-damage|p2a: Enamorus|76\/100|[from] Stealth Rock\n|turn|16\n|\n|t:|1700830999\n|move|p1a: Omastar|Surf|p2a: Enamorus\n|-damage|p2a: Enamorus|0 fnt\n|faint|p2a: Enamorus\n|\n|-damage|p1a: Omastar|0 fnt|[from] psn\n|faint|p1a: Omastar\n|upkeep\n|\n|t:|1700831013\n|switch|p2a: Victini|Victini|100\/100\n|switch|p1a: Pelipper|Pelipper, F|100\/100\n|-damage|p2a: Victini|76\/100|[from] Stealth Rock\n|-damage|p1a: Pelipper|76\/100|[from] Stealth Rock\n|-weather|RainDance|[from] ability: Drizzle|[of] p1a: Pelipper\n|turn|17\n|\n|t:|1700831023\n|move|p2a: Victini|Bolt Strike|p1a: Pelipper\n|-supereffective|p1a: Pelipper\n|-damage|p1a: Pelipper|0 fnt\n|faint|p1a: Pelipper\n|\n|-weather|RainDance|[upkeep]\n|upkeep\n|\n|t:|1700831029\n|switch|p1a: Heliolisk|Heliolisk, M|100\/100\n|-damage|p1a: Heliolisk|88\/100|[from] Stealth Rock\n|-damage|p1a: Heliolisk|76\/100|[from] Spikes\n|turn|18\n|j| Yan Mouren\n|\n|t:|1700831034\n|move|p1a: Heliolisk|Weather Ball|p2a: Victini\n|-supereffective|p2a: Victini\n|-damage|p2a: Victini|0 fnt\n|faint|p2a: Victini\n|\n|-weather|RainDance|[upkeep]\n|-heal|p1a: Heliolisk|88\/100|[from] ability: Dry Skin\n|upkeep\n|\n|t:|1700831037\n|switch|p2a: Gliscor|Gliscor, M|88\/100 tox\n|-damage|p2a: Gliscor|76\/100 tox|[from] Stealth Rock\n|turn|19\n|\n|t:|1700831044\n|move|p1a: Heliolisk|Weather Ball|p2a: Gliscor\n|-supereffective|p2a: Gliscor\n|-damage|p2a: Gliscor|0 fnt\n|faint|p2a: Gliscor\n|\n|win|ZYBZYB\n|raw|ZYBZYB's rating: 1628 &rarr; <strong>1648<\/strong><br \/>(+20 for winning)\n|raw|Saftig's rating: 1626 &rarr; <strong>1606<\/strong><br \/>(-20 for losing)\n|l|\u2606Saftig\n|l| cangyue\n","uploadtime":1700831055,"views":1,"p1id":"zybzyb","p2id":"saftig","formatid":"gen9nationaldex","rating":1606,"private":0,"password":""}