{"id":"gen9nationaldex-1997372566","p1":"Porkedcar","p2":"fozzybeer","format":"[Gen 9] National Dex","log":"|html|<div class=\"broadcast-blue\"><strong>[Gen 9] National Dex is currently suspecting Sneasler! For information on how to participate check out the <a href=\"https:\/\/www.smogon.com\/forums\/threads\/sv-national-dex-suspect-8-just-dance.3731534\/\">suspect thread<\/a>.<\/strong><\/div>\n|j|\u2606Porkedcar\n|j|\u2606fozzybeer\n|t:|1700795608\n|gametype|singles\n|player|p1|Porkedcar|hiker-gen4|\n|player|p2|fozzybeer|266|\n|teamsize|p1|6\n|teamsize|p2|6\n|gen|9\n|tier|[Gen 9] National Dex\n|rule|HP Percentage Mod: HP is shown in percentages\n|rule|Endless Battle Clause: Forcing endless battles is banned\n|rule|OHKO Clause: OHKO moves are banned\n|rule|Evasion Clause: Evasion abilities, items, and moves are banned\n|rule|Evasion Abilities Clause: Evasion abilities are banned\n|rule|Evasion Items Clause: Evasion items are banned\n|rule|Evasion Moves Clause: Evasion moves are banned\n|rule|Species Clause: Limit one of each Pok\u00e9mon\n|rule|Sleep Clause Mod: Limit one foe put to sleep\n|clearpoke\n|poke|p1|Slowbro, M|\n|poke|p1|Vikavolt, F|\n|poke|p1|Ursaluna, M|\n|poke|p1|Corviknight, F|\n|poke|p1|Bronzong|\n|poke|p1|Sceptile, M|\n|poke|p2|Iron Jugulis|\n|poke|p2|Iron Valiant|\n|poke|p2|Cinderace, M|\n|poke|p2|Espeon, M|\n|poke|p2|Latios, M|\n|poke|p2|Landorus-Therian, M|\n|teampreview\n|\n|t:|1700795628\n|start\n|switch|p1a: Slobber|Slowbro, M|100\/100\n|switch|p2a: Pringles|Cinderace, M|100\/100\n|turn|1\n|\n|t:|1700795638\n|move|p2a: Pringles|U-turn|p1a: Slobber\n|-start|p2a: Pringles|typechange|Bug|[from] ability: Libero\n|-supereffective|p1a: Slobber\n|-damage|p1a: Slobber|62\/100\n|\n|t:|1700795646\n|switch|p2a: Dugger not nugget|Iron Jugulis|100\/100|[from] U-turn\n|move|p1a: Slobber|Trick Room|p1a: Slobber\n|-fieldstart|move: Trick Room|[of] p1a: Slobber\n|\n|upkeep\n|turn|2\n|\n|t:|1700795700\n|switch|p1a: Viktor|Vikavolt, F|100\/100\n|move|p2a: Dugger not nugget|Dark Pulse|p1a: Viktor\n|-damage|p1a: Viktor|47\/100\n|\n|upkeep\n|turn|3\n|\n|t:|1700795724\n|-end|p2a: Dugger not nugget|Quark Drive|[silent]\n|switch|p2a: Drunk af|Landorus-Therian, M|100\/100\n|-ability|p2a: Drunk af|Intimidate|boost\n|-unboost|p1a: Viktor|atk|1\n|move|p1a: Viktor|Roost|p1a: Viktor\n|-heal|p1a: Viktor|97\/100\n|-singleturn|p1a: Viktor|move: Roost\n|\n|upkeep\n|turn|4\n|\n|t:|1700795738\n|move|p1a: Viktor|Energy Ball|p2a: Drunk af\n|-damage|p2a: Drunk af|73\/100\n|move|p2a: Drunk af|Toxic|p1a: Viktor\n|-status|p1a: Viktor|tox\n|\n|-damage|p1a: Viktor|90\/100 tox|[from] psn\n|upkeep\n|turn|5\n|\n|t:|1700795747\n|switch|p1a: Slobber|Slowbro, M|96\/100\n|move|p2a: Drunk af|Stealth Rock|p1a: Slobber\n|-sidestart|p1: Porkedcar|move: Stealth Rock\n|\n|-fieldend|move: Trick Room\n|upkeep\n|turn|6\n|\n|t:|1700795756\n|move|p2a: Drunk af|Knock Off|p1a: Slobber\n|-supereffective|p1a: Slobber\n|-damage|p1a: Slobber|71\/100\n|move|p1a: Slobber|Trick Room|p1a: Slobber\n|-fieldstart|move: Trick Room|[of] p1a: Slobber\n|\n|upkeep\n|turn|7\n|\n|t:|1700795776\n|-zpower|p1a: Slobber\n|move|p1a: Slobber|Subzero Slammer|p2a: Drunk af|[zeffect]\n|-supereffective|p2a: Drunk af\n|-damage|p2a: Drunk af|0 fnt\n|faint|p2a: Drunk af\n|\n|upkeep\n|\n|t:|1700795788\n|switch|p2a: Dugger not nugget|Iron Jugulis|100\/100\n|turn|8\n|\n|t:|1700795807\n|switch|p1a: Viktor|Vikavolt, F|90\/100 tox\n|move|p2a: Dugger not nugget|Dark Pulse|p1a: Viktor\n|-damage|p1a: Viktor|38\/100 tox\n|\n|-damage|p1a: Viktor|32\/100 tox|[from] psn\n|upkeep\n|turn|9\n|\n|t:|1700795822\n|move|p1a: Viktor|Thunderbolt|p2a: Dugger not nugget\n|-supereffective|p2a: Dugger not nugget\n|-damage|p2a: Dugger not nugget|0 fnt\n|faint|p2a: Dugger not nugget\n|-end|p2a: Dugger not nugget|Quark Drive|[silent]\n|\n|-damage|p1a: Viktor|20\/100 tox|[from] psn\n|upkeep\n|\n|t:|1700795835\n|switch|p2a: Flying high|Latios, M|100\/100\n|turn|10\n|\n|t:|1700795842\n|detailschange|p2a: Flying high|Latios-Mega, M\n|-mega|p2a: Flying high|Latios|Latiosite\n|move|p1a: Viktor|Volt Switch|p2a: Flying high\n|-resisted|p2a: Flying high\n|-damage|p2a: Flying high|79\/100\n|\n|t:|1700795864\n|switch|p1a: Bront|Bronzong|100\/100|[from] Volt Switch\n|-damage|p1a: Bront|94\/100|[from] Stealth Rock\n|move|p2a: Flying high|Calm Mind|p2a: Flying high\n|-boost|p2a: Flying high|spa|1\n|-boost|p2a: Flying high|spd|1\n|\n|-heal|p1a: Bront|100\/100|[from] item: Leftovers\n|-fieldend|move: Trick Room\n|upkeep\n|turn|11\n|\n|t:|1700795887\n|move|p2a: Flying high|Calm Mind|p2a: Flying high\n|-boost|p2a: Flying high|spa|1\n|-boost|p2a: Flying high|spd|1\n|move|p1a: Bront|Gyro Ball|p2a: Flying high\n|-damage|p2a: Flying high|37\/100\n|\n|upkeep\n|turn|12\n|\n|t:|1700795895\n|move|p2a: Flying high|Recover|p2a: Flying high\n|-heal|p2a: Flying high|87\/100\n|move|p1a: Bront|Gyro Ball|p2a: Flying high\n|-damage|p2a: Flying high|43\/100\n|\n|upkeep\n|turn|13\n|\n|t:|1700795903\n|move|p2a: Flying high|Recover|p2a: Flying high\n|-heal|p2a: Flying high|93\/100\n|move|p1a: Bront|Trick Room|p1a: Bront\n|-fieldstart|move: Trick Room|[of] p1a: Bront\n|\n|upkeep\n|turn|14\n|j| Quorin\n|\n|t:|1700795917\n|switch|p2a: Got em|Espeon, M|100\/100\n|move|p1a: Bront|Gyro Ball|p2a: Got em\n|-damage|p2a: Got em|67\/100\n|-enditem|p2a: Got em|Kee Berry|[eat]\n|-boost|p2a: Got em|def|1|[from] item: Kee Berry\n|\n|upkeep\n|turn|15\n|\n|t:|1700795933\n|switch|p1a: Viktor|Vikavolt, F|20\/100 tox\n|move|p2a: Got em|Reflect|p2a: Got em\n|-sidestart|p2: fozzybeer|Reflect\n|\n|-damage|p1a: Viktor|14\/100 tox|[from] psn\n|upkeep\n|turn|16\n|\n|t:|1700795949\n|move|p1a: Viktor|Volt Switch|p2a: Got em\n|-damage|p2a: Got em|17\/100\n|\n|t:|1700795960\n|switch|p1a: Slobber|Slowbro, M|100\/100|[from] Volt Switch\n|-damage|p1a: Slobber|88\/100|[from] Stealth Rock\n|move|p2a: Got em|Calm Mind|p2a: Got em\n|-boost|p2a: Got em|spa|1\n|-boost|p2a: Got em|spd|1\n|\n|upkeep\n|turn|17\n|\n|t:|1700795970\n|move|p1a: Slobber|Ice Beam|p2a: Got em\n|-damage|p2a: Got em|2\/100\n|move|p2a: Got em|Draining Kiss|p1a: Slobber\n|-damage|p1a: Slobber|67\/100\n|-heal|p2a: Got em|21\/100|[from] drain|[of] p1a: Slobber\n|\n|-fieldend|move: Trick Room\n|upkeep\n|turn|18\n|\n|t:|1700795980\n|move|p2a: Got em|Draining Kiss|p1a: Slobber\n|-damage|p1a: Slobber|46\/100\n|-heal|p2a: Got em|39\/100|[from] drain|[of] p1a: Slobber\n|move|p1a: Slobber|Trick Room|p1a: Slobber\n|-fieldstart|move: Trick Room|[of] p1a: Slobber\n|\n|upkeep\n|turn|19\n|\n|t:|1700795993\n|move|p2a: Got em|Calm Mind|p2a: Got em\n|-boost|p2a: Got em|spa|1\n|-boost|p2a: Got em|spd|1\n|move|p1a: Slobber|Teleport|p1a: Slobber\n|\n|t:|1700796000\n|switch|p1a: Ursula|Ursaluna, M|100\/100|[from] Teleport\n|-damage|p1a: Ursula|94\/100|[from] Stealth Rock\n|\n|-sideend|p2: fozzybeer|Reflect\n|-status|p1a: Ursula|brn|[from] item: Flame Orb\n|upkeep\n|turn|20\n|\n|t:|1700796014\n|move|p1a: Ursula|Facade|p2a: Got em\n|-damage|p2a: Got em|0 fnt\n|faint|p2a: Got em\n|\n|-damage|p1a: Ursula|88\/100 brn|[from] brn\n|upkeep\n|\n|t:|1700796025\n|switch|p2a: Pringles|Cinderace, M|100\/100\n|turn|21\n|\n|t:|1700796033\n|move|p1a: Ursula|Headlong Rush|p2a: Pringles\n|-supereffective|p2a: Pringles\n|-damage|p2a: Pringles|0 fnt\n|-unboost|p1a: Ursula|def|1\n|-unboost|p1a: Ursula|spd|1\n|faint|p2a: Pringles\n|\n|-damage|p1a: Ursula|82\/100 brn|[from] brn\n|upkeep\n|\n|t:|1700796045\n|switch|p2a: Eel Sau|Iron Valiant|100\/100\n|turn|22\n|\n|t:|1700796069\n|-end|p2a: Eel Sau|Quark Drive|[silent]\n|switch|p2a: Flying high|Latios-Mega, M|93\/100\n|move|p1a: Ursula|Facade|p2a: Flying high\n|-damage|p2a: Flying high|0 fnt\n|faint|p2a: Flying high\n|\n|-damage|p1a: Ursula|76\/100 brn|[from] brn\n|-fieldend|move: Trick Room\n|upkeep\n|\n|t:|1700796079\n|switch|p2a: Eel Sau|Iron Valiant|100\/100\n|turn|23\n|\n|t:|1700796097\n|switch|p1a: Viktor|Vikavolt, F|14\/100 tox\n|move|p2a: Eel Sau|Close Combat|p1a: Viktor\n|-resisted|p1a: Viktor\n|-damage|p1a: Viktor|0 fnt\n|-unboost|p2a: Eel Sau|def|1\n|-unboost|p2a: Eel Sau|spd|1\n|faint|p1a: Viktor\n|\n|upkeep\n|\n|t:|1700796105\n|switch|p1a: Bront|Bronzong|100\/100\n|-damage|p1a: Bront|94\/100|[from] Stealth Rock\n|turn|24\n|\n|t:|1700796110\n|move|p2a: Eel Sau|Close Combat|p1a: Bront\n|-damage|p1a: Bront|1\/100\n|-unboost|p2a: Eel Sau|def|1\n|-unboost|p2a: Eel Sau|spd|1\n|move|p1a: Bront|Psychic|p2a: Eel Sau\n|-supereffective|p2a: Eel Sau\n|-damage|p2a: Eel Sau|0 fnt\n|faint|p2a: Eel Sau\n|-end|p2a: Eel Sau|Quark Drive|[silent]\n|\n|win|Porkedcar\n","uploadtime":1700796126,"views":20,"p1id":"porkedcar","p2id":"fozzybeer","formatid":"gen9nationaldex","rating":0,"private":0,"password":""}