{"id":"gen9nationaldex-1991785526","p1":"Kin+ak(\u2727\u2207\u2727)","p2":"hackilla15","format":"[Gen 9] National Dex","log":"|j|\u2606Kin+ak(\u2727\u2207\u2727)\n|j|\u2606hackilla15\n|t:|1700116930\n|gametype|singles\n|player|p1|Kin+ak(\u2727\u2207\u2727)|wally|1375\n|player|p2|hackilla15|ethan|1307\n|teamsize|p1|6\n|teamsize|p2|6\n|gen|9\n|tier|[Gen 9] National Dex\n|rated|\n|rule|HP Percentage Mod: HP is shown in percentages\n|rule|Endless Battle Clause: Forcing endless battles is banned\n|rule|OHKO Clause: OHKO moves are banned\n|rule|Evasion Clause: Evasion abilities, items, and moves are banned\n|rule|Evasion Abilities Clause: Evasion abilities are banned\n|rule|Evasion Items Clause: Evasion items are banned\n|rule|Evasion Moves Clause: Evasion moves are banned\n|rule|Species Clause: Limit one of each Pok\u00e9mon\n|rule|Sleep Clause Mod: Limit one foe put to sleep\n|clearpoke\n|poke|p1|Alomomola, F|\n|poke|p1|Celesteela|\n|poke|p1|Clodsire, M|\n|poke|p1|Heatran, M|\n|poke|p1|Scizor, F|\n|poke|p1|Buzzwole|\n|poke|p2|Hitmontop, M|\n|poke|p2|Garganacl, M|\n|poke|p2|Volcarona, F|\n|poke|p2|Ribombee, F|\n|poke|p2|Venusaur, M|\n|poke|p2|Krookodile, M|\n|teampreview\n|\n|t:|1700116940\n|start\n|switch|p1a: Clodsire|Clodsire, M|100\/100\n|switch|p2a: Ribombee|Ribombee, F, shiny|100\/100\n|turn|1\n|inactive|Battle timer is ON: inactive players will automatically lose when time's up. (requested by hackilla15)\n|\n|t:|1700116947\n|move|p2a: Ribombee|Stun Spore|p1a: Clodsire\n|-status|p1a: Clodsire|par\n|move|p1a: Clodsire|Spikes|p2a: Ribombee\n|-sidestart|p2: hackilla15|Spikes\n|\n|upkeep\n|turn|2\n|\n|t:|1700116953\n|move|p2a: Ribombee|Sticky Web|p1a: Clodsire\n|-sidestart|p1: Kin+ak(\u2727\u2207\u2727)|move: Sticky Web\n|move|p1a: Clodsire|Toxic|p2a: Ribombee\n|-status|p2a: Ribombee|tox\n|\n|-damage|p2a: Ribombee|94\/100 tox|[from] psn\n|upkeep\n|turn|3\n|\n|t:|1700116960\n|switch|p2a: Hitmontop|Hitmontop, M|100\/100\n|-damage|p2a: Hitmontop|88\/100|[from] Spikes\n|-ability|p2a: Hitmontop|Intimidate|boost\n|-unboost|p1a: Clodsire|atk|1\n|move|p1a: Clodsire|Spikes|p2a: Hitmontop\n|-sidestart|p2: hackilla15|Spikes\n|\n|upkeep\n|turn|4\n|\n|t:|1700116970\n|switch|p1a: Buzzwole|Buzzwole|100\/100\n|-activate|p1a: Buzzwole|move: Sticky Web\n|-unboost|p1a: Buzzwole|spe|1\n|move|p2a: Hitmontop|Mud-Slap|p1a: Buzzwole\n|-resisted|p1a: Buzzwole\n|-damage|p1a: Buzzwole|99\/100\n|-unboost|p1a: Buzzwole|accuracy|1\n|\n|-heal|p1a: Buzzwole|100\/100|[from] item: Leftovers\n|upkeep\n|turn|5\n|\n|t:|1700116980\n|switch|p1a: Celesteela|Celesteela|100\/100\n|move|p2a: Hitmontop|Mud-Slap|p1a: Celesteela\n|-immune|p1a: Celesteela\n|\n|upkeep\n|turn|6\n|\n|t:|1700116992\n|move|p2a: Hitmontop|Rapid Spin|p1a: Celesteela\n|-resisted|p1a: Celesteela\n|-damage|p1a: Celesteela|95\/100\n|-boost|p2a: Hitmontop|spe|1\n|-sideend|p2: hackilla15|Spikes|[from] move: Rapid Spin|[of] p2a: Hitmontop\n|move|p1a: Celesteela|Leech Seed|p2a: Hitmontop|[miss]\n|-miss|p1a: Celesteela|p2a: Hitmontop\n|\n|upkeep\n|turn|7\n|\n|t:|1700117012\n|move|p2a: Hitmontop|Sucker Punch||[still]\n|-fail|p2a: Hitmontop\n|move|p1a: Celesteela|Toxic|p2a: Hitmontop\n|-status|p2a: Hitmontop|tox\n|\n|-damage|p2a: Hitmontop|82\/100 tox|[from] psn\n|upkeep\n|turn|8\n|\n|t:|1700117027\n|move|p2a: Hitmontop|Sucker Punch||[still]\n|-fail|p2a: Hitmontop\n|move|p1a: Celesteela|Leech Seed|p2a: Hitmontop\n|-start|p2a: Hitmontop|move: Leech Seed\n|\n|-damage|p2a: Hitmontop|69\/100 tox|[from] Leech Seed|[of] p1a: Celesteela\n|-heal|p1a: Celesteela|100\/100|[silent]\n|-damage|p2a: Hitmontop|57\/100 tox|[from] psn\n|upkeep\n|turn|9\n|\n|t:|1700117051\n|move|p1a: Celesteela|Protect|p1a: Celesteela\n|-singleturn|p1a: Celesteela|Protect\n|move|p2a: Hitmontop|Rapid Spin|p1a: Celesteela\n|-activate|p1a: Celesteela|move: Protect\n|\n|-damage|p2a: Hitmontop|44\/100 tox|[from] Leech Seed|[of] p1a: Celesteela\n|-damage|p2a: Hitmontop|26\/100 tox|[from] psn\n|upkeep\n|turn|10\n|\n|t:|1700117067\n|switch|p2a: Ribombee|Ribombee, F, shiny|94\/100 tox\n|move|p1a: Celesteela|Flamethrower|p2a: Ribombee\n|-supereffective|p2a: Ribombee\n|-damage|p2a: Ribombee|37\/100 tox\n|\n|-damage|p2a: Ribombee|30\/100 tox|[from] psn\n|upkeep\n|turn|11\n|inactive|Kin+ak(\u2727\u2207\u2727) has 120 seconds left.\n|inactive|Kin+ak(\u2727\u2207\u2727) has 90 seconds left.\n|\n|t:|1700117128\n|switch|p1a: Clodsire|Clodsire, M|100\/100 par\n|-activate|p1a: Clodsire|move: Sticky Web\n|-unboost|p1a: Clodsire|spe|1\n|move|p2a: Ribombee|Stun Spore|p1a: Clodsire\n|-fail|p1a: Clodsire|par\n|\n|-damage|p2a: Ribombee|18\/100 tox|[from] psn\n|upkeep\n|turn|12\n|\n|t:|1700117143\n|move|p2a: Ribombee|Moonblast|p1a: Clodsire\n|-resisted|p1a: Clodsire\n|-damage|p1a: Clodsire|91\/100 par\n|move|p1a: Clodsire|Spikes|p2a: Ribombee\n|-sidestart|p2: hackilla15|Spikes\n|\n|-heal|p1a: Clodsire|97\/100 par|[from] item: Leftovers\n|-damage|p2a: Ribombee|0 fnt|[from] psn\n|faint|p2a: Ribombee\n|upkeep\n|\n|t:|1700117151\n|switch|p2a: Garganacl|Garganacl, M, shiny|100\/100\n|-damage|p2a: Garganacl|88\/100|[from] Spikes\n|turn|13\n|inactive|Kin+ak(\u2727\u2207\u2727) has 60 seconds left.\n|\n|t:|1700117178\n|move|p2a: Garganacl|Salt Cure|p1a: Clodsire\n|-resisted|p1a: Clodsire\n|-damage|p1a: Clodsire|88\/100 par\n|-start|p1a: Clodsire|Salt Cure\n|move|p1a: Clodsire|Earthquake|p2a: Garganacl\n|-supereffective|p2a: Garganacl\n|-damage|p2a: Garganacl|56\/100\n|\n|-heal|p2a: Garganacl|62\/100|[from] item: Leftovers\n|-heal|p1a: Clodsire|94\/100 par|[from] item: Leftovers\n|-damage|p1a: Clodsire|82\/100 par|[from] Salt Cure\n|upkeep\n|turn|14\n|inactive|Kin+ak(\u2727\u2207\u2727) has 60 seconds left.\n|\n|t:|1700117193\n|switch|p1a: Buzzwole|Buzzwole|100\/100\n|-activate|p1a: Buzzwole|move: Sticky Web\n|-unboost|p1a: Buzzwole|spe|1\n|move|p2a: Garganacl|Curse|p2a: Garganacl\n|-unboost|p2a: Garganacl|spe|1\n|-boost|p2a: Garganacl|atk|1\n|-boost|p2a: Garganacl|def|1\n|\n|-heal|p2a: Garganacl|68\/100|[from] item: Leftovers\n|upkeep\n|turn|15\n|\n|t:|1700117203\n|move|p1a: Buzzwole|Bulk Up|p1a: Buzzwole\n|-boost|p1a: Buzzwole|atk|1\n|-boost|p1a: Buzzwole|def|1\n|move|p2a: Garganacl|Recover|p2a: Garganacl\n|-heal|p2a: Garganacl|100\/100\n|\n|upkeep\n|turn|16\n|\n|t:|1700117208\n|switch|p2a: Hitmontop|Hitmontop, M|26\/100 tox\n|-damage|p2a: Hitmontop|13\/100 tox|[from] Spikes\n|-ability|p2a: Hitmontop|Intimidate|boost\n|-unboost|p1a: Buzzwole|atk|1\n|move|p1a: Buzzwole|Bulk Up|p1a: Buzzwole\n|-boost|p1a: Buzzwole|atk|1\n|-boost|p1a: Buzzwole|def|1\n|\n|-damage|p2a: Hitmontop|7\/100 tox|[from] psn\n|upkeep\n|turn|17\n|\n|t:|1700117213\n|move|p2a: Hitmontop|Rapid Spin|p1a: Buzzwole\n|-damage|p1a: Buzzwole|97\/100\n|-boost|p2a: Hitmontop|spe|1\n|-sideend|p2: hackilla15|Spikes|[from] move: Rapid Spin|[of] p2a: Hitmontop\n|move|p1a: Buzzwole|Bulk Up|p1a: Buzzwole\n|-boost|p1a: Buzzwole|atk|1\n|-boost|p1a: Buzzwole|def|1\n|\n|-heal|p1a: Buzzwole|100\/100|[from] item: Leftovers\n|-damage|p2a: Hitmontop|0 fnt|[from] psn\n|faint|p2a: Hitmontop\n|upkeep\n|\n|t:|1700117215\n|switch|p2a: Volcarona|Volcarona, F, shiny|100\/100\n|turn|18\n|\n|t:|1700117225\n|switch|p1a: Heatran|Heatran, M|100\/100\n|-activate|p1a: Heatran|move: Sticky Web\n|-unboost|p1a: Heatran|spe|1\n|move|p2a: Volcarona|Quiver Dance|p2a: Volcarona\n|-boost|p2a: Volcarona|spa|1\n|-boost|p2a: Volcarona|spd|1\n|-boost|p2a: Volcarona|spe|1\n|\n|upkeep\n|turn|19\n|inactive|Kin+ak(\u2727\u2207\u2727) has 90 seconds left.\n|\n|t:|1700117237\n|switch|p2a: Krookodile|Krookodile, M|100\/100\n|move|p1a: Heatran|Lava Plume|p2a: Krookodile\n|-damage|p2a: Krookodile|50\/100\n|-status|p2a: Krookodile|brn\n|\n|-damage|p2a: Krookodile|44\/100 brn|[from] brn\n|upkeep\n|turn|20\n|\n|t:|1700117243\n|switch|p1a: Celesteela|Celesteela|100\/100\n|move|p2a: Krookodile|Earthquake|p1a: Celesteela\n|-immune|p1a: Celesteela\n|\n|-damage|p2a: Krookodile|38\/100 brn|[from] brn\n|upkeep\n|turn|21\n|inactive|Kin+ak(\u2727\u2207\u2727) has 90 seconds left.\n|\n|t:|1700117274\n|switch|p2a: Venusaur|Venusaur, M, shiny|100\/100\n|move|p1a: Celesteela|Leech Seed|p2a: Venusaur\n|-immune|p2a: Venusaur\n|\n|upkeep\n|turn|22\n|\n|t:|1700117282\n|detailschange|p2a: Venusaur|Venusaur-Mega, M, shiny\n|-mega|p2a: Venusaur|Venusaur|Venusaurite\n|move|p2a: Venusaur|Giga Drain|p1a: Celesteela\n|-resisted|p1a: Celesteela\n|-damage|p1a: Celesteela|95\/100\n|move|p1a: Celesteela|Flamethrower|p2a: Venusaur\n|-supereffective|p2a: Venusaur\n|-damage|p2a: Venusaur|83\/100\n|\n|upkeep\n|turn|23\n|inactive|Kin+ak(\u2727\u2207\u2727) has 90 seconds left.\n|\n|t:|1700117294\n|switch|p1a: Scizor|Scizor, F|100\/100\n|-activate|p1a: Scizor|move: Sticky Web\n|-unboost|p1a: Scizor|spe|1\n|move|p2a: Venusaur|Leech Seed|p1a: Scizor\n|-start|p1a: Scizor|move: Leech Seed\n|\n|-damage|p1a: Scizor|88\/100|[from] Leech Seed|[of] p2a: Venusaur\n|-heal|p2a: Venusaur|97\/100|[silent]\n|upkeep\n|turn|24\n|inactive|Kin+ak(\u2727\u2207\u2727) has 90 seconds left.\n|\n|t:|1700117311\n|detailschange|p1a: Scizor|Scizor-Mega, F\n|-mega|p1a: Scizor|Scizor|Scizorite\n|move|p2a: Venusaur|Earth Power|p1a: Scizor\n|-damage|p1a: Scizor|61\/100\n|move|p1a: Scizor|Dual Wingbeat|p2a: Venusaur\n|-supereffective|p2a: Venusaur\n|-damage|p2a: Venusaur|66\/100\n|-supereffective|p2a: Venusaur\n|-damage|p2a: Venusaur|35\/100\n|-hitcount|p2a: Venusaur|2\n|\n|-damage|p1a: Scizor|49\/100|[from] Leech Seed|[of] p2a: Venusaur\n|-heal|p2a: Venusaur|48\/100|[silent]\n|upkeep\n|turn|25\n|inactive|Kin+ak(\u2727\u2207\u2727) has 90 seconds left.\n|\n|t:|1700117329\n|switch|p2a: Garganacl|Garganacl, M, shiny|100\/100\n|switch|p1a: Celesteela|Celesteela|95\/100\n|\n|upkeep\n|turn|26\n|inactive|Kin+ak(\u2727\u2207\u2727) has 90 seconds left.\n|\n|t:|1700117336\n|move|p1a: Celesteela|Leech Seed|p2a: Garganacl\n|-start|p2a: Garganacl|move: Leech Seed\n|move|p2a: Garganacl|Salt Cure|p1a: Celesteela\n|-damage|p1a: Celesteela|82\/100\n|-start|p1a: Celesteela|Salt Cure\n|\n|-damage|p2a: Garganacl|88\/100|[from] Leech Seed|[of] p1a: Celesteela\n|-heal|p1a: Celesteela|95\/100|[silent]\n|-damage|p1a: Celesteela|70\/100|[from] Salt Cure\n|upkeep\n|turn|27\n|\n|t:|1700117342\n|switch|p1a: Clodsire|Clodsire, M|82\/100 par\n|-activate|p1a: Clodsire|move: Sticky Web\n|-unboost|p1a: Clodsire|spe|1\n|switch|p2a: Venusaur|Venusaur-Mega, M, shiny|48\/100\n|\n|-heal|p1a: Clodsire|88\/100 par|[from] item: Leftovers\n|upkeep\n|turn|28\n|inactive|Kin+ak(\u2727\u2207\u2727) has 90 seconds left.\n|\n|t:|1700117384\n|move|p2a: Venusaur|Leech Seed|p1a: Clodsire\n|-start|p1a: Clodsire|move: Leech Seed\n|move|p1a: Clodsire|Spikes|p2a: Venusaur\n|-sidestart|p2: hackilla15|Spikes\n|\n|-heal|p1a: Clodsire|94\/100 par|[from] item: Leftovers\n|-damage|p1a: Clodsire|82\/100 par|[from] Leech Seed|[of] p2a: Venusaur\n|-heal|p2a: Venusaur|67\/100|[silent]\n|upkeep\n|turn|29\n|\n|t:|1700117391\n|move|p2a: Venusaur|Earth Power|p1a: Clodsire\n|-supereffective|p1a: Clodsire\n|-damage|p1a: Clodsire|53\/100 par\n|move|p1a: Clodsire|Earthquake|p2a: Venusaur\n|-damage|p2a: Venusaur|47\/100\n|\n|-heal|p1a: Clodsire|59\/100 par|[from] item: Leftovers\n|-damage|p1a: Clodsire|47\/100 par|[from] Leech Seed|[of] p2a: Venusaur\n|-heal|p2a: Venusaur|65\/100|[silent]\n|upkeep\n|turn|30\n|\n|t:|1700117397\n|switch|p1a: Alomomola|Alomomola, F|100\/100\n|move|p2a: Venusaur|Leech Seed|p1a: Alomomola\n|-start|p1a: Alomomola|move: Leech Seed\n|\n|-damage|p1a: Alomomola|88\/100|[from] Leech Seed|[of] p2a: Venusaur\n|-heal|p2a: Venusaur|86\/100|[silent]\n|upkeep\n|turn|31\n|\n|t:|1700117402\n|switch|p1a: Buzzwole|Buzzwole|100\/100\n|-activate|p1a: Buzzwole|move: Sticky Web\n|-unboost|p1a: Buzzwole|spe|1\n|move|p2a: Venusaur|Giga Drain|p1a: Buzzwole\n|-resisted|p1a: Buzzwole\n|-damage|p1a: Buzzwole|78\/100\n|-heal|p2a: Venusaur|100\/100|[from] drain|[of] p1a: Buzzwole\n|\n|-heal|p1a: Buzzwole|85\/100|[from] item: Leftovers\n|upkeep\n|turn|32\n|inactive|Kin+ak(\u2727\u2207\u2727) has 90 seconds left.\n|\n|t:|1700117407\n|move|p2a: Venusaur|Leech Seed|p1a: Buzzwole\n|-start|p1a: Buzzwole|move: Leech Seed\n|move|p1a: Buzzwole|Bulk Up|p1a: Buzzwole\n|-boost|p1a: Buzzwole|atk|1\n|-boost|p1a: Buzzwole|def|1\n|\n|-heal|p1a: Buzzwole|91\/100|[from] item: Leftovers\n|-damage|p1a: Buzzwole|78\/100|[from] Leech Seed|[of] p2a: Venusaur\n|upkeep\n|turn|33\n|\n|t:|1700117418\n|move|p2a: Venusaur|Giga Drain|p1a: Buzzwole\n|-resisted|p1a: Buzzwole\n|-damage|p1a: Buzzwole|56\/100\n|move|p1a: Buzzwole|Ice Punch|p2a: Venusaur\n|-supereffective|p2a: Venusaur\n|-damage|p2a: Venusaur|74\/100\n|-status|p2a: Venusaur|frz\n|\n|-heal|p1a: Buzzwole|62\/100|[from] item: Leftovers\n|-damage|p1a: Buzzwole|50\/100|[from] Leech Seed|[of] p2a: Venusaur\n|-heal|p2a: Venusaur|90\/100 frz|[silent]\n|upkeep\n|turn|34\n|\n|t:|1700117428\n|cant|p2a: Venusaur|frz\n|move|p1a: Buzzwole|Roost|p1a: Buzzwole\n|-heal|p1a: Buzzwole|99\/100\n|-singleturn|p1a: Buzzwole|move: Roost\n|\n|-heal|p1a: Buzzwole|100\/100|[from] item: Leftovers\n|-damage|p1a: Buzzwole|88\/100|[from] Leech Seed|[of] p2a: Venusaur\n|-heal|p2a: Venusaur|100\/100 frz|[silent]\n|upkeep\n|turn|35\n|\n|t:|1700117435\n|switch|p1a: Scizor|Scizor-Mega, F|49\/100\n|-activate|p1a: Scizor|move: Sticky Web\n|-unboost|p1a: Scizor|spe|1\n|cant|p2a: Venusaur|frz\n|\n|upkeep\n|turn|36\n|\n|t:|1700117443\n|switch|p2a: Krookodile|Krookodile, M|38\/100 brn\n|-damage|p2a: Krookodile|26\/100 brn|[from] Spikes\n|move|p1a: Scizor|Roost|p1a: Scizor\n|-heal|p1a: Scizor|99\/100\n|-singleturn|p1a: Scizor|move: Roost\n|\n|-damage|p2a: Krookodile|20\/100 brn|[from] brn\n|upkeep\n|turn|37\n|\n|t:|1700117447\n|move|p1a: Scizor|Bullet Punch|p2a: Krookodile\n|-damage|p2a: Krookodile|0 fnt\n|faint|p2a: Krookodile\n|\n|upkeep\n|\n|t:|1700117450\n|switch|p2a: Volcarona|Volcarona, F, shiny|100\/100\n|turn|38\n|\n|t:|1700117455\n|switch|p2a: Garganacl|Garganacl, M, shiny|88\/100\n|-damage|p2a: Garganacl|76\/100|[from] Spikes\n|switch|p1a: Heatran|Heatran, M|100\/100\n|-activate|p1a: Heatran|move: Sticky Web\n|-unboost|p1a: Heatran|spe|1\n|\n|-heal|p2a: Garganacl|82\/100|[from] item: Leftovers\n|upkeep\n|turn|39\n|\n|t:|1700117461\n|move|p1a: Heatran|Stealth Rock|p2a: Garganacl\n|-sidestart|p2: hackilla15|move: Stealth Rock\n|move|p2a: Garganacl|Salt Cure|p1a: Heatran\n|-damage|p1a: Heatran|86\/100\n|-start|p1a: Heatran|Salt Cure\n|\n|-heal|p1a: Heatran|92\/100|[from] item: Leftovers\n|-heal|p2a: Garganacl|88\/100|[from] item: Leftovers\n|-damage|p1a: Heatran|68\/100|[from] Salt Cure\n|upkeep\n|turn|40\n|inactive|Kin+ak(\u2727\u2207\u2727) has 120 seconds left.\n|inactive|Kin+ak(\u2727\u2207\u2727) has 90 seconds left.\n|\n|t:|1700117522\n|switch|p1a: Clodsire|Clodsire, M|47\/100 par\n|-activate|p1a: Clodsire|move: Sticky Web\n|-unboost|p1a: Clodsire|spe|1\n|move|p2a: Garganacl|Salt Cure|p1a: Clodsire\n|-resisted|p1a: Clodsire\n|-damage|p1a: Clodsire|39\/100 par\n|-start|p1a: Clodsire|Salt Cure\n|\n|-heal|p2a: Garganacl|94\/100|[from] item: Leftovers\n|-heal|p1a: Clodsire|45\/100 par|[from] item: Leftovers\n|-damage|p1a: Clodsire|32\/100 par|[from] Salt Cure\n|upkeep\n|turn|41\n|\n|t:|1700117525\n|move|p2a: Garganacl|Curse|p2a: Garganacl\n|-unboost|p2a: Garganacl|spe|1\n|-boost|p2a: Garganacl|atk|1\n|-boost|p2a: Garganacl|def|1\n|move|p1a: Clodsire|Recover|p1a: Clodsire\n|-heal|p1a: Clodsire|82\/100 par\n|\n|-heal|p2a: Garganacl|100\/100|[from] item: Leftovers\n|-heal|p1a: Clodsire|89\/100 par|[from] item: Leftovers\n|-damage|p1a: Clodsire|76\/100 par|[from] Salt Cure\n|upkeep\n|turn|42\n|\n|t:|1700117533\n|move|p2a: Garganacl|Curse|p2a: Garganacl\n|-unboost|p2a: Garganacl|spe|1\n|-boost|p2a: Garganacl|atk|1\n|-boost|p2a: Garganacl|def|1\n|move|p1a: Clodsire|Spikes|p2a: Garganacl\n|-sidestart|p2: hackilla15|Spikes\n|\n|-heal|p1a: Clodsire|82\/100 par|[from] item: Leftovers\n|-damage|p1a: Clodsire|70\/100 par|[from] Salt Cure\n|upkeep\n|turn|43\n|\n|t:|1700117543\n|switch|p1a: Celesteela|Celesteela|70\/100\n|move|p2a: Garganacl|Salt Cure|p1a: Celesteela\n|-damage|p1a: Celesteela|45\/100\n|-start|p1a: Celesteela|Salt Cure\n|\n|-damage|p1a: Celesteela|20\/100|[from] Salt Cure\n|upkeep\n|turn|44\n|\n|t:|1700117547\n|move|p1a: Celesteela|Leech Seed|p2a: Garganacl\n|-start|p2a: Garganacl|move: Leech Seed\n|move|p2a: Garganacl|Recover||[still]\n|-fail|p2a: Garganacl|heal\n|\n|-damage|p2a: Garganacl|88\/100|[from] Leech Seed|[of] p1a: Celesteela\n|-heal|p1a: Celesteela|33\/100|[silent]\n|-damage|p1a: Celesteela|8\/100|[from] Salt Cure\n|upkeep\n|turn|45\n|inactive|Kin+ak(\u2727\u2207\u2727) has 120 seconds left.\n|\n|t:|1700117558\n|switch|p1a: Clodsire|Clodsire, M|70\/100 par\n|-activate|p1a: Clodsire|move: Sticky Web\n|-unboost|p1a: Clodsire|spe|1\n|move|p2a: Garganacl|Curse|p2a: Garganacl\n|-unboost|p2a: Garganacl|spe|1\n|-boost|p2a: Garganacl|atk|1\n|-boost|p2a: Garganacl|def|1\n|\n|-heal|p2a: Garganacl|94\/100|[from] item: Leftovers\n|-heal|p1a: Clodsire|76\/100 par|[from] item: Leftovers\n|-damage|p2a: Garganacl|82\/100|[from] Leech Seed|[of] p1a: Clodsire\n|-heal|p1a: Clodsire|86\/100 par|[silent]\n|upkeep\n|turn|46\n|inactive|Kin+ak(\u2727\u2207\u2727) has 120 seconds left.\n|\n|t:|1700117567\n|switch|p2a: Venusaur|Venusaur-Mega, M, shiny|100\/100 frz\n|-damage|p2a: Venusaur|84\/100 frz|[from] Spikes\n|-damage|p2a: Venusaur|72\/100 frz|[from] Stealth Rock\n|move|p1a: Clodsire|Earthquake|p2a: Venusaur\n|-damage|p2a: Venusaur|52\/100 frz\n|\n|-heal|p1a: Clodsire|93\/100 par|[from] item: Leftovers\n|upkeep\n|turn|47\n|\n|t:|1700117572\n|cant|p2a: Venusaur|frz\n|cant|p1a: Clodsire|par\n|\n|-heal|p1a: Clodsire|99\/100 par|[from] item: Leftovers\n|upkeep\n|turn|48\n|\n|t:|1700117578\n|cant|p2a: Venusaur|frz\n|move|p1a: Clodsire|Earthquake|p2a: Venusaur\n|-damage|p2a: Venusaur|28\/100 frz\n|\n|-heal|p1a: Clodsire|100\/100 par|[from] item: Leftovers\n|upkeep\n|turn|49\n|\n|t:|1700117586\n|cant|p2a: Venusaur|frz\n|move|p1a: Clodsire|Earthquake|p2a: Venusaur\n|-damage|p2a: Venusaur|7\/100 frz\n|\n|upkeep\n|turn|50\n|\n|t:|1700117592\n|cant|p2a: Venusaur|frz\n|cant|p1a: Clodsire|par\n|\n|upkeep\n|turn|51\n|\n|t:|1700117597\n|cant|p2a: Venusaur|frz\n|move|p1a: Clodsire|Earthquake|p2a: Venusaur\n|-damage|p2a: Venusaur|0 fnt\n|faint|p2a: Venusaur\n|\n|upkeep\n|\n|t:|1700117602\n|switch|p2a: Volcarona|Volcarona, F, shiny|100\/100\n|turn|52\n|\n|t:|1700117607\n|switch|p2a: Garganacl|Garganacl, M, shiny|82\/100\n|-damage|p2a: Garganacl|65\/100|[from] Spikes\n|-damage|p2a: Garganacl|53\/100|[from] Stealth Rock\n|cant|p1a: Clodsire|par\n|\n|-heal|p2a: Garganacl|59\/100|[from] item: Leftovers\n|upkeep\n|turn|53\n|\n|t:|1700117619\n|move|p2a: Garganacl|Salt Cure|p1a: Clodsire\n|-resisted|p1a: Clodsire\n|-damage|p1a: Clodsire|91\/100 par\n|-start|p1a: Clodsire|Salt Cure\n|cant|p1a: Clodsire|par\n|\n|-heal|p2a: Garganacl|65\/100|[from] item: Leftovers\n|-heal|p1a: Clodsire|97\/100 par|[from] item: Leftovers\n|-damage|p1a: Clodsire|85\/100 par|[from] Salt Cure\n|upkeep\n|turn|54\n|\n|t:|1700117626\n|move|p2a: Garganacl|Curse|p2a: Garganacl\n|-unboost|p2a: Garganacl|spe|1\n|-boost|p2a: Garganacl|atk|1\n|-boost|p2a: Garganacl|def|1\n|move|p1a: Clodsire|Earthquake|p2a: Garganacl\n|-supereffective|p2a: Garganacl\n|-damage|p2a: Garganacl|42\/100\n|\n|-heal|p2a: Garganacl|49\/100|[from] item: Leftovers\n|-heal|p1a: Clodsire|91\/100 par|[from] item: Leftovers\n|-damage|p1a: Clodsire|78\/100 par|[from] Salt Cure\n|upkeep\n|turn|55\n|\n|t:|1700117635\n|switch|p1a: Alomomola|Alomomola, F|100\/100\n|move|p2a: Garganacl|Recover|p2a: Garganacl\n|-heal|p2a: Garganacl|99\/100\n|\n|-heal|p2a: Garganacl|100\/100|[from] item: Leftovers\n|upkeep\n|turn|56\n|\n|t:|1700117641\n|-terastallize|p2a: Garganacl|Grass\n|move|p1a: Alomomola|Wish|p1a: Alomomola\n|move|p2a: Garganacl|Salt Cure|p1a: Alomomola\n|-damage|p1a: Alomomola|88\/100\n|-start|p1a: Alomomola|Salt Cure\n|\n|-damage|p1a: Alomomola|63\/100|[from] Salt Cure\n|upkeep\n|turn|57\n|\n|t:|1700117646\n|move|p1a: Alomomola|Flip Turn|p2a: Garganacl\n|-resisted|p2a: Garganacl\n|-damage|p2a: Garganacl|97\/100\n|\n|t:|1700117651\n|switch|p1a: Celesteela|Celesteela|8\/100|[from] Flip Turn\n|move|p2a: Garganacl|Salt Cure|p1a: Celesteela\n|-damage|p1a: Celesteela|0 fnt\n|faint|p1a: Celesteela\n|\n|-heal|p2a: Garganacl|100\/100|[from] item: Leftovers\n|upkeep\n|\n|t:|1700117660\n|switch|p1a: Heatran|Heatran, M|68\/100\n|-activate|p1a: Heatran|move: Sticky Web\n|-unboost|p1a: Heatran|spe|1\n|turn|58\n|\n|t:|1700117665\n|move|p1a: Heatran|Lava Plume|p2a: Garganacl\n|-supereffective|p2a: Garganacl\n|-damage|p2a: Garganacl|39\/100\n|move|p2a: Garganacl|Body Press|p1a: Heatran\n|-supereffective|p1a: Heatran\n|-damage|p1a: Heatran|0 fnt\n|faint|p1a: Heatran\n|\n|-heal|p2a: Garganacl|45\/100|[from] item: Leftovers\n|upkeep\n|\n|t:|1700117675\n|switch|p1a: Scizor|Scizor-Mega, F|99\/100\n|-activate|p1a: Scizor|move: Sticky Web\n|-unboost|p1a: Scizor|spe|1\n|turn|59\n|\n|t:|1700117681\n|move|p1a: Scizor|Dual Wingbeat|p2a: Garganacl\n|-supereffective|p2a: Garganacl\n|-damage|p2a: Garganacl|28\/100\n|-supereffective|p2a: Garganacl\n|-damage|p2a: Garganacl|14\/100\n|-hitcount|p2a: Garganacl|2\n|move|p2a: Garganacl|Recover|p2a: Garganacl\n|-heal|p2a: Garganacl|64\/100\n|\n|-heal|p2a: Garganacl|70\/100|[from] item: Leftovers\n|upkeep\n|turn|60\n|\n|t:|1700117690\n|switch|p1a: Clodsire|Clodsire, M|78\/100 par\n|-activate|p1a: Clodsire|move: Sticky Web\n|-unboost|p1a: Clodsire|spe|1\n|move|p2a: Garganacl|Curse|p2a: Garganacl\n|-unboost|p2a: Garganacl|spe|1\n|-boost|p2a: Garganacl|atk|1\n|-boost|p2a: Garganacl|def|1\n|\n|-heal|p2a: Garganacl|76\/100|[from] item: Leftovers\n|-heal|p1a: Clodsire|85\/100 par|[from] item: Leftovers\n|upkeep\n|turn|61\n|\n|t:|1700117699\n|move|p2a: Garganacl|Curse|p2a: Garganacl\n|-unboost|p2a: Garganacl|spe|1\n|-boost|p2a: Garganacl|atk|1\n|-boost|p2a: Garganacl|def|1\n|cant|p1a: Clodsire|par\n|\n|-heal|p2a: Garganacl|82\/100|[from] item: Leftovers\n|-heal|p1a: Clodsire|91\/100 par|[from] item: Leftovers\n|upkeep\n|turn|62\n|\n|t:|1700117705\n|move|p2a: Garganacl|Curse|p2a: Garganacl\n|-unboost|p2a: Garganacl|spe|1\n|-boost|p2a: Garganacl|atk|1\n|-boost|p2a: Garganacl|def|1\n|move|p1a: Clodsire|Earthquake|p2a: Garganacl\n|-resisted|p2a: Garganacl\n|-damage|p2a: Garganacl|79\/100\n|\n|-heal|p2a: Garganacl|85\/100|[from] item: Leftovers\n|-heal|p1a: Clodsire|97\/100 par|[from] item: Leftovers\n|upkeep\n|turn|63\n|\n|t:|1700117713\n|switch|p1a: Buzzwole|Buzzwole|88\/100\n|-activate|p1a: Buzzwole|move: Sticky Web\n|-unboost|p1a: Buzzwole|spe|1\n|move|p2a: Garganacl|Curse|p2a: Garganacl\n|-unboost|p2a: Garganacl|spe|1\n|-boost|p2a: Garganacl|atk|1\n|-boost|p2a: Garganacl|def|1\n|\n|-heal|p1a: Buzzwole|94\/100|[from] item: Leftovers\n|-heal|p2a: Garganacl|92\/100|[from] item: Leftovers\n|upkeep\n|turn|64\n|\n|t:|1700117716\n|move|p1a: Buzzwole|Bulk Up|p1a: Buzzwole\n|-boost|p1a: Buzzwole|atk|1\n|-boost|p1a: Buzzwole|def|1\n|move|p2a: Garganacl|Salt Cure|p1a: Buzzwole\n|-damage|p1a: Buzzwole|75\/100\n|-start|p1a: Buzzwole|Salt Cure\n|\n|-heal|p1a: Buzzwole|81\/100|[from] item: Leftovers\n|-heal|p2a: Garganacl|98\/100|[from] item: Leftovers\n|-damage|p1a: Buzzwole|69\/100|[from] Salt Cure\n|upkeep\n|turn|65\n|\n|t:|1700117722\n|move|p1a: Buzzwole|Bulk Up|p1a: Buzzwole\n|-boost|p1a: Buzzwole|atk|1\n|-boost|p1a: Buzzwole|def|1\n|move|p2a: Garganacl|Salt Cure|p1a: Buzzwole\n|-damage|p1a: Buzzwole|56\/100\n|\n|-heal|p1a: Buzzwole|62\/100|[from] item: Leftovers\n|-heal|p2a: Garganacl|100\/100|[from] item: Leftovers\n|-damage|p1a: Buzzwole|49\/100|[from] Salt Cure\n|upkeep\n|turn|66\n|\n|t:|1700117732\n|move|p1a: Buzzwole|Bulk Up|p1a: Buzzwole\n|-boost|p1a: Buzzwole|atk|1\n|-boost|p1a: Buzzwole|def|1\n|move|p2a: Garganacl|Salt Cure|p1a: Buzzwole\n|-damage|p1a: Buzzwole|38\/100\n|\n|-heal|p1a: Buzzwole|44\/100|[from] item: Leftovers\n|-damage|p1a: Buzzwole|32\/100|[from] Salt Cure\n|upkeep\n|turn|67\n|\n|t:|1700117745\n|move|p1a: Buzzwole|Roost|p1a: Buzzwole\n|-heal|p1a: Buzzwole|82\/100\n|-singleturn|p1a: Buzzwole|move: Roost\n|move|p2a: Garganacl|Curse|p2a: Garganacl\n|-unboost|p2a: Garganacl|spe|1\n|-boost|p2a: Garganacl|atk|1\n|-boost|p2a: Garganacl|def|1\n|\n|-heal|p1a: Buzzwole|88\/100|[from] item: Leftovers\n|-damage|p1a: Buzzwole|75\/100|[from] Salt Cure\n|upkeep\n|turn|68\n|\n|t:|1700117753\n|move|p1a: Buzzwole|Bulk Up|p1a: Buzzwole\n|-boost|p1a: Buzzwole|atk|1\n|-boost|p1a: Buzzwole|def|1\n|move|p2a: Garganacl|Salt Cure|p1a: Buzzwole\n|-damage|p1a: Buzzwole|64\/100\n|\n|-heal|p1a: Buzzwole|70\/100|[from] item: Leftovers\n|-damage|p1a: Buzzwole|58\/100|[from] Salt Cure\n|upkeep\n|turn|69\n|\n|t:|1700117764\n|move|p1a: Buzzwole|Bulk Up|p1a: Buzzwole\n|-boost|p1a: Buzzwole|atk|1\n|-boost|p1a: Buzzwole|def|1\n|move|p2a: Garganacl|Salt Cure|p1a: Buzzwole\n|-damage|p1a: Buzzwole|48\/100\n|\n|-heal|p1a: Buzzwole|55\/100|[from] item: Leftovers\n|-damage|p1a: Buzzwole|42\/100|[from] Salt Cure\n|upkeep\n|turn|70\n|\n|t:|1700117777\n|move|p1a: Buzzwole|Roost|p1a: Buzzwole\n|-heal|p1a: Buzzwole|92\/100\n|-singleturn|p1a: Buzzwole|move: Roost\n|move|p2a: Garganacl|Salt Cure|p1a: Buzzwole\n|-damage|p1a: Buzzwole|83\/100\n|\n|-heal|p1a: Buzzwole|89\/100|[from] item: Leftovers\n|-damage|p1a: Buzzwole|76\/100|[from] Salt Cure\n|upkeep\n|turn|71\n|\n|t:|1700117783\n|move|p1a: Buzzwole|Bulk Up|p1a: Buzzwole\n|-boost|p1a: Buzzwole|atk|1\n|-boost|p1a: Buzzwole|def|1\n|move|p2a: Garganacl|Salt Cure|p1a: Buzzwole\n|-damage|p1a: Buzzwole|68\/100\n|\n|-heal|p1a: Buzzwole|75\/100|[from] item: Leftovers\n|-damage|p1a: Buzzwole|62\/100|[from] Salt Cure\n|upkeep\n|turn|72\n|\n|t:|1700117798\n|move|p1a: Buzzwole|Ice Punch|p2a: Garganacl\n|-supereffective|p2a: Garganacl\n|-damage|p2a: Garganacl|72\/100\n|move|p2a: Garganacl|Salt Cure|p1a: Buzzwole\n|-damage|p1a: Buzzwole|53\/100\n|\n|-heal|p1a: Buzzwole|59\/100|[from] item: Leftovers\n|-heal|p2a: Garganacl|79\/100|[from] item: Leftovers\n|-damage|p1a: Buzzwole|47\/100|[from] Salt Cure\n|upkeep\n|turn|73\n|\n|t:|1700117806\n|move|p1a: Buzzwole|Drain Punch|p2a: Garganacl\n|-damage|p2a: Garganacl|59\/100\n|-heal|p1a: Buzzwole|56\/100|[from] drain|[of] p2a: Garganacl\n|move|p2a: Garganacl|Salt Cure|p1a: Buzzwole\n|-crit|p1a: Buzzwole\n|-damage|p1a: Buzzwole|5\/100\n|\n|-heal|p1a: Buzzwole|11\/100|[from] item: Leftovers\n|-heal|p2a: Garganacl|65\/100|[from] item: Leftovers\n|-damage|p1a: Buzzwole|0 fnt|[from] Salt Cure\n|faint|p1a: Buzzwole\n|upkeep\n|c|\u2606Kin+ak(\u2727\u2207\u2727)|BRO\n|\n|t:|1700117824\n|switch|p1a: Scizor|Scizor-Mega, F|99\/100\n|-activate|p1a: Scizor|move: Sticky Web\n|-unboost|p1a: Scizor|spe|1\n|turn|74\n|c|\u2606hackilla15|I was waiting\n|c|\u2606hackilla15|Lol\n|-message|Kin+ak(\u2727\u2207\u2727) forfeited.\n|\n|win|hackilla15\n|raw|Kin+ak(\u2727\u2207\u2727)'s rating: 1375 &rarr; <strong>1351<\/strong><br \/>(-24 for losing)\n|raw|hackilla15's rating: 1307 &rarr; <strong>1331<\/strong><br \/>(+24 for winning)\n|l|\u2606Kin+ak(\u2727\u2207\u2727)\n","uploadtime":1700117838,"views":14,"p1id":"kinak","p2id":"hackilla15","formatid":"gen9nationaldex","rating":1331,"private":0,"password":""}