{"id":"gen9nationaldex-1986981354","p1":"Sai4rr","p2":"Gamer00ooO","format":"[Gen 9] National Dex","log":"|j|\u2606Sai4rr\n|j|\u2606Gamer00ooO\n|t:|1699546385\n|gametype|singles\n|player|p1|Sai4rr|steven|\n|player|p2|Gamer00ooO|hilbert|\n|teamsize|p1|6\n|teamsize|p2|6\n|gen|9\n|tier|[Gen 9] National Dex\n|rule|HP Percentage Mod: HP is shown in percentages\n|rule|Endless Battle Clause: Forcing endless battles is banned\n|rule|OHKO Clause: OHKO moves are banned\n|rule|Evasion Clause: Evasion abilities, items, and moves are banned\n|rule|Evasion Abilities Clause: Evasion abilities are banned\n|rule|Evasion Items Clause: Evasion items are banned\n|rule|Evasion Moves Clause: Evasion moves are banned\n|rule|Species Clause: Limit one of each Pok\u00e9mon\n|rule|Sleep Clause Mod: Limit one foe put to sleep\n|clearpoke\n|poke|p1|Corviknight, F|\n|poke|p1|Gastrodon, F|\n|poke|p1|Zoroark-Hisui, M|\n|poke|p1|Tapu Lele|\n|poke|p1|Cinderace, F|\n|poke|p1|Baxcalibur, M|\n|poke|p2|Iron Valiant|\n|poke|p2|Weezing-Galar, F|\n|poke|p2|Diancie|\n|poke|p2|Gliscor, F|\n|poke|p2|Gardevoir, M|\n|poke|p2|Klefki, M|\n|teampreview\n|j| AjoFC\n|j| Fabrizio8\n|j| Void280\n|\n|t:|1699546428\n|start\n|switch|p1a: Baxcalibur|Baxcalibur, M|100\/100\n|switch|p2a: Llaveros|Klefki, M|100\/100\n|turn|1\n|c| Void280|glhf\n|c| Fabrizio8|uwu\n|c| AjoFC|Omg\n|\n|t:|1699546441\n|move|p2a: Llaveros|Reflect|p2a: Llaveros\n|-sidestart|p2: Gamer00ooO|Reflect\n|move|p1a: Baxcalibur|Nasty Plot|p1a: Baxcalibur\n|-boost|p1a: Baxcalibur|spa|2\n|\n|upkeep\n|turn|2\n|c| AjoFC|Esto va a ser \u00e9pico\n|\n|t:|1699546449\n|move|p2a: Llaveros|Light Screen|p2a: Llaveros\n|-sidestart|p2: Gamer00ooO|move: Light Screen\n|move|p1a: Baxcalibur|Flamethrower|p2a: Llaveros\n|-supereffective|p2a: Llaveros\n|-damage|p2a: Llaveros|41\/100\n|\n|upkeep\n|turn|3\n|\n|t:|1699546455\n|move|p2a: Llaveros|Thunder Wave|p1a: Baxcalibur\n|-status|p1a: Baxcalibur|par\n|cant|p1a: Baxcalibur|par\n|\n|upkeep\n|turn|4\n|\n|t:|1699546461\n|switch|p2a: Eco Eco|Gardevoir, M|100\/100\n|move|p1a: Baxcalibur|Flamethrower|p2a: Eco Eco\n|-damage|p2a: Eco Eco|68\/100\n|\n|upkeep\n|turn|5\n|\n|t:|1699546475\n|detailschange|p2a: Eco Eco|Gardevoir-Mega, M\n|-mega|p2a: Eco Eco|Gardevoir|Gardevoirite\n|move|p2a: Eco Eco|Hyper Voice|p1a: Baxcalibur\n|-enditem|p1a: Baxcalibur|Focus Sash\n|-damage|p1a: Baxcalibur|1\/100 par\n|replace|p1a: Zoroark|Zoroark-Hisui, M, shiny\n|-end|p1a: Zoroark|Illusion\n|cant|p1a: Zoroark|par\n|\n|upkeep\n|turn|6\n|\n|t:|1699546488\n|move|p2a: Eco Eco|Hyper Voice|p1a: Zoroark\n|-damage|p1a: Zoroark|0 fnt\n|faint|p1a: Zoroark\n|\n|upkeep\n|c| Fabrizio8|lol\n|\n|t:|1699546503\n|switch|p1a: Gastrodon|Gastrodon, F, shiny|100\/100\n|turn|7\n|c| AjoFC|Yo ya sab\u00eda que era zoroak desde turno @\n|c| AjoFC|2\n|j| Sylveon(404)\n|c| Sylveon(404)|0tia\n|c| Void280|Dir\u00eda que anda comenzando siempre con Zoroark\n|\n|t:|1699546567\n|move|p2a: Eco Eco|Psyshock|p1a: Gastrodon\n|-damage|p1a: Gastrodon|50\/100\n|move|p1a: Gastrodon|Toxic|p2a: Eco Eco\n|-status|p2a: Eco Eco|tox\n|\n|-heal|p1a: Gastrodon|57\/100|[from] item: Leftovers\n|-damage|p2a: Eco Eco|62\/100 tox|[from] psn\n|upkeep\n|turn|8\n|\n|t:|1699546577\n|move|p2a: Eco Eco|Psyshock|p1a: Gastrodon\n|-damage|p1a: Gastrodon|9\/100\n|move|p1a: Gastrodon|Recover|p1a: Gastrodon\n|-heal|p1a: Gastrodon|59\/100\n|\n|-heal|p1a: Gastrodon|65\/100|[from] item: Leftovers\n|-damage|p2a: Eco Eco|49\/100 tox|[from] psn\n|-sideend|p2: Gamer00ooO|Reflect\n|upkeep\n|turn|9\n|\n|t:|1699546588\n|move|p2a: Eco Eco|Will-O-Wisp|p1a: Gastrodon\n|-status|p1a: Gastrodon|brn\n|move|p1a: Gastrodon|Recover|p1a: Gastrodon\n|-heal|p1a: Gastrodon|100\/100 brn\n|\n|-damage|p2a: Eco Eco|31\/100 tox|[from] psn\n|-damage|p1a: Gastrodon|94\/100 brn|[from] brn\n|-sideend|p2: Gamer00ooO|move: Light Screen\n|upkeep\n|turn|10\n|\n|t:|1699546601\n|move|p2a: Eco Eco|Hyper Voice|p1a: Gastrodon\n|-damage|p1a: Gastrodon|55\/100 brn\n|move|p1a: Gastrodon|Earthquake|p2a: Eco Eco\n|-damage|p2a: Eco Eco|13\/100 tox\n|\n|-heal|p1a: Gastrodon|62\/100 brn|[from] item: Leftovers\n|-damage|p2a: Eco Eco|0 fnt|[from] psn\n|faint|p2a: Eco Eco\n|-damage|p1a: Gastrodon|55\/100 brn|[from] brn\n|upkeep\n|\n|t:|1699546622\n|switch|p2a: Patriota de hierro|Iron Valiant|100\/100\n|turn|11\n|c| Sylveon(404)|eh\n|l| Fabrizio8\n|c| Sylveon(404)|gastrodon\n|c| Sylveon(404)|fisico\n|\n|t:|1699546641\n|move|p2a: Patriota de hierro|Moonblast|p1a: Gastrodon\n|-damage|p1a: Gastrodon|25\/100 brn\n|-unboost|p1a: Gastrodon|spa|1\n|move|p1a: Gastrodon|Recover|p1a: Gastrodon\n|-heal|p1a: Gastrodon|75\/100 brn\n|\n|-heal|p1a: Gastrodon|81\/100 brn|[from] item: Leftovers\n|-damage|p1a: Gastrodon|75\/100 brn|[from] brn\n|upkeep\n|turn|12\n|\n|t:|1699546656\n|move|p2a: Patriota de hierro|Shadow Ball|p1a: Gastrodon\n|-damage|p1a: Gastrodon|56\/100 brn\n|-unboost|p1a: Gastrodon|spd|1\n|move|p1a: Gastrodon|Toxic|p2a: Patriota de hierro\n|-status|p2a: Patriota de hierro|tox\n|\n|-heal|p1a: Gastrodon|62\/100 brn|[from] item: Leftovers\n|-damage|p2a: Patriota de hierro|94\/100 tox|[from] psn\n|-damage|p1a: Gastrodon|56\/100 brn|[from] brn\n|upkeep\n|turn|13\n|c|\u2606Gamer00ooO|Los se no tengo nada f\u00edsico\n|c|\u2606Gamer00ooO|No hay tanto diferencia\n|\n|t:|1699546696\n|move|p2a: Patriota de hierro|Moonblast|p1a: Gastrodon\n|-damage|p1a: Gastrodon|14\/100 brn\n|move|p1a: Gastrodon|Recover|p1a: Gastrodon\n|-heal|p1a: Gastrodon|64\/100 brn\n|\n|-heal|p1a: Gastrodon|70\/100 brn|[from] item: Leftovers\n|-damage|p2a: Patriota de hierro|82\/100 tox|[from] psn\n|-damage|p1a: Gastrodon|64\/100 brn|[from] brn\n|upkeep\n|turn|14\n|\n|t:|1699546708\n|move|p2a: Patriota de hierro|Moonblast|p1a: Gastrodon\n|-damage|p1a: Gastrodon|16\/100 brn\n|move|p1a: Gastrodon|Earthquake|p2a: Patriota de hierro\n|-damage|p2a: Patriota de hierro|65\/100 tox\n|\n|-heal|p1a: Gastrodon|22\/100 brn|[from] item: Leftovers\n|-damage|p2a: Patriota de hierro|47\/100 tox|[from] psn\n|-damage|p1a: Gastrodon|16\/100 brn|[from] brn\n|upkeep\n|turn|15\n|c| Sylveon(404)|en 4 horas\n|\n|t:|1699546722\n|switch|p1a: Corviknight|Corviknight, F|100\/100\n|-ability|p1a: Corviknight|Pressure\n|move|p2a: Patriota de hierro|Moonblast|p1a: Corviknight\n|-resisted|p1a: Corviknight\n|-damage|p1a: Corviknight|81\/100\n|\n|-damage|p2a: Patriota de hierro|22\/100 tox|[from] psn\n|upkeep\n|turn|16\n|c| Sylveon(404)|tengo\n|c| Sylveon(404)|putazos contra pedp\n|c| Sylveon(404)|*pep\n|\n|t:|1699546733\n|move|p2a: Patriota de hierro|Thunderbolt|p1a: Corviknight\n|-supereffective|p1a: Corviknight\n|-damage|p1a: Corviknight|29\/100\n|move|p1a: Corviknight|Body Press|p2a: Patriota de hierro\n|-resisted|p2a: Patriota de hierro\n|-damage|p2a: Patriota de hierro|5\/100 tox\n|\n|-damage|p2a: Patriota de hierro|0 fnt|[from] psn\n|faint|p2a: Patriota de hierro\n|-end|p2a: Patriota de hierro|Quark Drive|[silent]\n|upkeep\n|c| Void280|Suerte\n|\n|t:|1699546755\n|switch|p2a: Steven|Diancie|100\/100\n|turn|17\n|\n|t:|1699546763\n|-terastallize|p1a: Corviknight|Steel\n|move|p1a: Corviknight|Body Press|p2a: Steven\n|-damage|p2a: Steven|84\/100\n|move|p2a: Steven|Diamond Storm|p1a: Corviknight\n|-resisted|p1a: Corviknight\n|-damage|p1a: Corviknight|17\/100\n|-boost|p2a: Steven|def|2\n|\n|-heal|p2a: Steven|90\/100|[from] item: Leftovers\n|upkeep\n|turn|18\n|\n|t:|1699546778\n|move|p1a: Corviknight|Roost|p1a: Corviknight\n|-heal|p1a: Corviknight|67\/100\n|move|p2a: Steven|Body Press|p1a: Corviknight\n|-supereffective|p1a: Corviknight\n|-damage|p1a: Corviknight|0 fnt\n|-damage|p2a: Steven|73\/100|[from] item: Rocky Helmet|[of] p1a: Corviknight\n|faint|p1a: Corviknight\n|\n|-heal|p2a: Steven|79\/100|[from] item: Leftovers\n|upkeep\n|\n|t:|1699546789\n|switch|p1a: Cinderace|Cinderace, F|100\/100\n|turn|19\n|\n|t:|1699546824\n|move|p1a: Cinderace|Swords Dance|p1a: Cinderace\n|-start|p1a: Cinderace|typechange|Normal|[from] ability: Libero\n|-boost|p1a: Cinderace|atk|2\n|move|p2a: Steven|Diamond Storm|p1a: Cinderace\n|-damage|p1a: Cinderace|49\/100\n|-boost|p2a: Steven|def|2\n|\n|-heal|p2a: Steven|85\/100|[from] item: Leftovers\n|upkeep\n|turn|20\n|c| Sylveon(404)|pa q\n|\n|t:|1699546841\n|-zpower|p1a: Cinderace\n|move|p1a: Cinderace|Breakneck Blitz|p2a: Steven|[zeffect]\n|-resisted|p2a: Steven\n|-damage|p2a: Steven|64\/100\n|move|p2a: Steven|Body Press|p1a: Cinderace\n|-supereffective|p1a: Cinderace\n|-damage|p1a: Cinderace|0 fnt\n|faint|p1a: Cinderace\n|\n|-heal|p2a: Steven|70\/100|[from] item: Leftovers\n|upkeep\n|c| Sylveon(404)|tera normal\n|c| Sylveon(404)|:V\n|c| Void280|No era Tera\u00bf\n|c|\u2606Gamer00ooO|Si\n|\n|t:|1699546858\n|switch|p1a: Baxcalibur|Baxcalibur, M|100\/100\n|turn|21\n|c| Void280|No\n|c| Void280|Es Libero\n|c| Sylveon(404)|fue tera\n|c| Sylveon(404)|mono\n|c| Void280|No, lee mijo\n|c| Sylveon(404)|a\n|\n|t:|1699546881\n|-terastallize|p2a: Steven|Electric\n|move|p1a: Baxcalibur|Earthquake|p2a: Steven\n|-supereffective|p2a: Steven\n|-damage|p2a: Steven|50\/100\n|move|p2a: Steven|Body Press|p1a: Baxcalibur\n|-supereffective|p1a: Baxcalibur\n|-damage|p1a: Baxcalibur|0 fnt\n|faint|p1a: Baxcalibur\n|\n|-heal|p2a: Steven|56\/100|[from] item: Leftovers\n|upkeep\n|c| Sylveon(404)|si cierto\n|c| Sylveon(404)|el danza espada\n|\n|t:|1699546893\n|switch|p1a: Gastrodon|Gastrodon, F, shiny|16\/100 brn\n|turn|22\n|c| Void280|Si lo testeo contra mi, se que lleva en parte xd\n|\n|t:|1699546909\n|move|p2a: Steven|Body Press|p1a: Gastrodon\n|-damage|p1a: Gastrodon|0 fnt\n|faint|p1a: Gastrodon\n|\n|-heal|p2a: Steven|63\/100|[from] item: Leftovers\n|upkeep\n|\n|t:|1699546916\n|switch|p1a: Tapu Lele|Tapu Lele, shiny|100\/100\n|-fieldstart|move: Psychic Terrain|[from] ability: Psychic Surge|[of] p1a: Tapu Lele\n|turn|23\n|\n|t:|1699546939\n|move|p1a: Tapu Lele|Focus Blast|p2a: Steven\n|-damage|p2a: Steven|32\/100\n|move|p2a: Steven|Diamond Storm|p1a: Tapu Lele\n|-damage|p1a: Tapu Lele|52\/100\n|-boost|p2a: Steven|def|2\n|\n|-heal|p2a: Steven|38\/100|[from] item: Leftovers\n|upkeep\n|turn|24\n|\n|t:|1699546951\n|move|p1a: Tapu Lele|Focus Blast|p2a: Steven\n|-damage|p2a: Steven|8\/100\n|move|p2a: Steven|Body Press|p1a: Tapu Lele\n|-resisted|p1a: Tapu Lele\n|-damage|p1a: Tapu Lele|3\/100\n|\n|-heal|p2a: Steven|14\/100|[from] item: Leftovers\n|upkeep\n|turn|25\n|\n|t:|1699546960\n|move|p1a: Tapu Lele|Focus Blast|p2a: Steven\n|-damage|p2a: Steven|0 fnt\n|faint|p2a: Steven\n|\n|upkeep\n|\n|t:|1699546969\n|switch|p2a: Scorp corp|Gliscor, F|100\/100\n|turn|26\n|\n|t:|1699546973\n|move|p1a: Tapu Lele|Focus Blast|p2a: Scorp corp\n|-resisted|p2a: Scorp corp\n|-damage|p2a: Scorp corp|81\/100\n|move|p2a: Scorp corp|Facade|p1a: Tapu Lele\n|-damage|p1a: Tapu Lele|0 fnt\n|faint|p1a: Tapu Lele\n|\n|win|Gamer00ooO\n|c| Void280|ggs\n|c|\u2606Gamer00ooO|Gg\n|l|\u2606Sai4rr\n","uploadtime":1699546984,"views":7,"p1id":"sai4rr","p2id":"gamer00ooo","formatid":"gen9nationaldex","rating":0,"private":0,"password":""}