{"id":"gen9nationaldex-1987096516","p1":"contose","p2":"R4NK4Z","format":"[Gen 9] National Dex","log":"|j|\u2606contose\n|j|\u2606R4NK4Z\n|t:|1699555750\n|gametype|singles\n|player|p1|contose|fisherman-gen4|1312\n|player|p2|R4NK4Z|pokemaniac|1294\n|teamsize|p1|6\n|teamsize|p2|6\n|gen|9\n|tier|[Gen 9] National Dex\n|rated|\n|rule|HP Percentage Mod: HP is shown in percentages\n|rule|Endless Battle Clause: Forcing endless battles is banned\n|rule|OHKO Clause: OHKO moves are banned\n|rule|Evasion Clause: Evasion abilities, items, and moves are banned\n|rule|Evasion Abilities Clause: Evasion abilities are banned\n|rule|Evasion Items Clause: Evasion items are banned\n|rule|Evasion Moves Clause: Evasion moves are banned\n|rule|Species Clause: Limit one of each Pok\u00e9mon\n|rule|Sleep Clause Mod: Limit one foe put to sleep\n|clearpoke\n|poke|p1|Tapu Lele|\n|poke|p1|Alakazam, M|\n|poke|p1|Ting-Lu|\n|poke|p1|Blissey, F|\n|poke|p1|Ferrothorn, F|\n|poke|p1|Gliscor, M|\n|poke|p2|Enamorus, F|\n|poke|p2|Manectric, M|\n|poke|p2|Barraskewda, M|\n|poke|p2|Mienshao, F|\n|poke|p2|Mew|\n|poke|p2|Ursaluna-Bloodmoon, M|\n|teampreview\n|\n|t:|1699555765\n|start\n|switch|p1a: Tapu Lele|Tapu Lele|100\/100\n|switch|p2a: Manectric|Manectric, M|100\/100\n|-fieldstart|move: Psychic Terrain|[from] ability: Psychic Surge|[of] p1a: Tapu Lele\n|turn|1\n|\n|t:|1699555777\n|switch|p1a: Ting-Lu|Ting-Lu|100\/100\n|-ability|p1a: Ting-Lu|Vessel of Ruin\n|detailschange|p2a: Manectric|Manectric-Mega, M\n|-mega|p2a: Manectric|Manectric|Manectite\n|-ability|p2a: Manectric|Intimidate|boost\n|-unboost|p1a: Ting-Lu|atk|1\n|move|p2a: Manectric|Thunderbolt|p1a: Ting-Lu\n|-immune|p1a: Ting-Lu\n|\n|upkeep\n|turn|2\n|\n|t:|1699555788\n|switch|p2a: Mew|Mew|100\/100\n|move|p1a: Ting-Lu|Spikes|p2a: Mew\n|-sidestart|p2: R4NK4Z|Spikes\n|\n|upkeep\n|turn|3\n|\n|t:|1699555793\n|move|p2a: Mew|U-turn|p1a: Ting-Lu\n|-supereffective|p1a: Ting-Lu\n|-damage|p1a: Ting-Lu|87\/100\n|\n|t:|1699555794\n|switch|p2a: Ursalulna|Ursaluna-Bloodmoon, M|100\/100|[from] U-turn\n|-damage|p2a: Ursalulna|88\/100|[from] Spikes\n|move|p1a: Ting-Lu|Whirlwind|p2a: Ursalulna\n|drag|p2a: Manectric|Manectric-Mega, M|100\/100\n|-damage|p2a: Manectric|88\/100|[from] Spikes\n|-ability|p2a: Manectric|Intimidate|boost\n|-unboost|p1a: Ting-Lu|atk|1\n|\n|upkeep\n|turn|4\n|\n|t:|1699555802\n|move|p2a: Manectric|Hidden Power|p1a: Ting-Lu\n|-supereffective|p1a: Ting-Lu\n|-damage|p1a: Ting-Lu|65\/100\n|move|p1a: Ting-Lu|Spikes|p2a: Manectric\n|-sidestart|p2: R4NK4Z|Spikes\n|\n|upkeep\n|turn|5\n|\n|t:|1699555807\n|move|p2a: Manectric|Hidden Power|p1a: Ting-Lu\n|-supereffective|p1a: Ting-Lu\n|-damage|p1a: Ting-Lu|42\/100\n|move|p1a: Ting-Lu|Spikes|p2a: Manectric\n|-sidestart|p2: R4NK4Z|Spikes\n|\n|-fieldend|move: Psychic Terrain\n|upkeep\n|turn|6\n|\n|t:|1699555810\n|switch|p2a: Mew|Mew|100\/100\n|-damage|p2a: Mew|76\/100|[from] Spikes\n|move|p1a: Ting-Lu|Rest|p1a: Ting-Lu\n|-status|p1a: Ting-Lu|slp|[from] move: Rest\n|-heal|p1a: Ting-Lu|100\/100 slp|[silent]\n|-enditem|p1a: Ting-Lu|Chesto Berry|[eat]\n|-curestatus|p1a: Ting-Lu|slp|[msg]\n|\n|-heal|p2a: Mew|82\/100|[from] item: Leftovers\n|upkeep\n|turn|7\n|\n|t:|1699555815\n|move|p2a: Mew|Defog|p1a: Ting-Lu\n|-unboost|p1a: Ting-Lu|evasion|1\n|-sideend|p2: R4NK4Z|Spikes|[from] move: Defog|[of] p2a: Mew\n|move|p1a: Ting-Lu|Whirlwind|p2a: Mew\n|drag|p2a: Barraskewda|Barraskewda, M|100\/100\n|\n|upkeep\n|turn|8\n|\n|t:|1699555839\n|switch|p2a: Mienshao|Mienshao, F, shiny|100\/100\n|switch|p1a: Ferrothorn|Ferrothorn, F|100\/100\n|\n|upkeep\n|turn|9\n|\n|t:|1699555846\n|-terastallize|p2a: Mienshao|Fighting\n|-terastallize|p1a: Ferrothorn|Ghost\n|move|p2a: Mienshao|High Jump Kick|p1a: Ferrothorn\n|-immune|p1a: Ferrothorn\n|-damage|p2a: Mienshao|51\/100|[from] highjumpkick\n|move|p1a: Ferrothorn|Thunder Wave|p2a: Mienshao\n|-status|p2a: Mienshao|par\n|\n|upkeep\n|turn|10\n|c|\u2606contose|lolol\n|-message|R4NK4Z forfeited.\n|\n|win|contose\n|raw|contose's rating: 1312 &rarr; <strong>1331<\/strong><br \/>(+19 for winning)\n|raw|R4NK4Z's rating: 1294 &rarr; <strong>1270<\/strong><br \/>(-24 for losing)\n|l|\u2606R4NK4Z\n","uploadtime":1699555860,"views":4,"p1id":"contose","p2id":"r4nk4z","formatid":"gen9nationaldex","rating":1270,"private":0,"password":""}