{"id":"gen9nationaldex-1987976125","p1":"McAisle","p2":"hexosm","format":"[Gen 9] National Dex","log":"|j|\u2606McAisle\n|j|\u2606hexosm\n|t:|1699655052\n|gametype|singles\n|player|p1|McAisle|2|\n|player|p2|hexosm|1|\n|teamsize|p1|6\n|teamsize|p2|6\n|gen|9\n|tier|[Gen 9] National Dex\n|rule|HP Percentage Mod: HP is shown in percentages\n|rule|Endless Battle Clause: Forcing endless battles is banned\n|rule|OHKO Clause: OHKO moves are banned\n|rule|Evasion Clause: Evasion abilities, items, and moves are banned\n|rule|Evasion Abilities Clause: Evasion abilities are banned\n|rule|Evasion Items Clause: Evasion items are banned\n|rule|Evasion Moves Clause: Evasion moves are banned\n|rule|Species Clause: Limit one of each Pok\u00e9mon\n|rule|Sleep Clause Mod: Limit one foe put to sleep\n|clearpoke\n|poke|p1|Landorus-Therian, M|\n|poke|p1|Lopunny, M|\n|poke|p1|Heatran, F|\n|poke|p1|Sandaconda, F|\n|poke|p1|Excadrill, M|\n|poke|p1|Kadabra, M|\n|poke|p2|Alomomola, F|\n|poke|p2|Kommo-o, M|\n|poke|p2|Tyranitar, F|\n|poke|p2|Tapu Lele|\n|poke|p2|Cinderace, M|\n|poke|p2|Magneton|\n|teampreview\n|\n|t:|1699655126\n|start\n|switch|p1a: Landorus|Landorus-Therian, M|100\/100\n|switch|p2a: Alomomola|Alomomola, F|100\/100\n|-ability|p1a: Landorus|Intimidate|boost\n|-unboost|p2a: Alomomola|atk|1\n|turn|1\n|\n|t:|1699655159\n|move|p1a: Landorus|U-turn|p2a: Alomomola\n|-damage|p2a: Alomomola|87\/100\n|-enditem|p2a: Alomomola|Red Card|[of] p1a: Landorus\n|drag|p1a: Heatran|Heatran, F|100\/100\n|move|p2a: Alomomola|Wish|p2a: Alomomola\n|\n|upkeep\n|turn|2\n|\n|t:|1699655183\n|move|p1a: Heatran|Toxic|p2a: Alomomola\n|-status|p2a: Alomomola|tox\n|move|p2a: Alomomola|Scald|p1a: Heatran\n|-supereffective|p1a: Heatran\n|-damage|p1a: Heatran|84\/100\n|\n|-heal|p2a: Alomomola|100\/100 tox|[from] move: Wish|[wisher] Alomomola\n|-heal|p1a: Heatran|91\/100|[from] item: Leftovers\n|-damage|p2a: Alomomola|94\/100 tox|[from] psn\n|upkeep\n|turn|3\n|\n|t:|1699655196\n|move|p1a: Heatran|Taunt|p2a: Alomomola\n|-start|p2a: Alomomola|move: Taunt\n|cant|p2a: Alomomola|move: Taunt|Wish\n|\n|-heal|p1a: Heatran|97\/100|[from] item: Leftovers\n|-damage|p2a: Alomomola|82\/100 tox|[from] psn\n|upkeep\n|turn|4\n|\n|t:|1699655203\n|move|p1a: Heatran|Magma Storm|p2a: Alomomola\n|-resisted|p2a: Alomomola\n|-damage|p2a: Alomomola|63\/100 tox\n|-activate|p2a: Alomomola|move: Magma Storm|[of] p1a: Heatran\n|move|p2a: Alomomola|Scald|p1a: Heatran\n|-supereffective|p1a: Heatran\n|-damage|p1a: Heatran|81\/100\n|\n|-heal|p1a: Heatran|88\/100|[from] item: Leftovers\n|-damage|p2a: Alomomola|44\/100 tox|[from] psn\n|-damage|p2a: Alomomola|32\/100 tox|[from] move: Magma Storm|[partiallytrapped]\n|upkeep\n|turn|5\n|\n|t:|1699655220\n|move|p1a: Heatran|Magma Storm|p2a: Alomomola\n|-resisted|p2a: Alomomola\n|-damage|p2a: Alomomola|12\/100 tox\n|move|p2a: Alomomola|Flip Turn|p1a: Heatran\n|-supereffective|p1a: Heatran\n|-damage|p1a: Heatran|69\/100\n|\n|t:|1699655239\n|switch|p2a: Kommo-o|Kommo-o, M, shiny|100\/100|[from] Flip Turn\n|\n|-heal|p1a: Heatran|75\/100|[from] item: Leftovers\n|upkeep\n|turn|6\n|\n|t:|1699655293\n|switch|p1a: Landorus|Landorus-Therian, M|100\/100\n|-ability|p1a: Landorus|Intimidate|boost\n|-unboost|p2a: Kommo-o|atk|1\n|move|p2a: Kommo-o|Clanging Scales|p1a: Landorus\n|-damage|p1a: Landorus|47\/100\n|-unboost|p2a: Kommo-o|def|1\n|\n|-heal|p1a: Landorus|53\/100|[from] item: Leftovers\n|upkeep\n|turn|7\n|\n|t:|1699655318\n|-terastallize|p1a: Landorus|Fairy\n|move|p2a: Kommo-o|Clanging Scales|p1a: Landorus\n|-immune|p1a: Landorus\n|move|p1a: Landorus|Earthquake|p2a: Kommo-o\n|-damage|p2a: Kommo-o|32\/100\n|\n|-heal|p1a: Landorus|59\/100|[from] item: Leftovers\n|upkeep\n|turn|8\n|\n|t:|1699655387\n|switch|p2a: Magneton|Magneton|100\/100\n|move|p1a: Landorus|Earthquake|p2a: Magneton\n|-supereffective|p2a: Magneton\n|-damage|p2a: Magneton|0 fnt\n|faint|p2a: Magneton\n|\n|-heal|p1a: Landorus|65\/100|[from] item: Leftovers\n|upkeep\n|\n|t:|1699655400\n|switch|p2a: Tyranitar|Tyranitar, F|100\/100\n|-weather|Sandstorm|[from] ability: Sand Stream|[of] p2a: Tyranitar\n|turn|9\n|\n|t:|1699655416\n|move|p1a: Landorus|Earthquake|p2a: Tyranitar\n|-supereffective|p2a: Tyranitar\n|-damage|p2a: Tyranitar|25\/100\n|move|p2a: Tyranitar|Superpower|p1a: Landorus\n|-resisted|p1a: Landorus\n|-damage|p1a: Landorus|48\/100\n|-unboost|p2a: Tyranitar|atk|1\n|-unboost|p2a: Tyranitar|def|1\n|\n|-weather|Sandstorm|[upkeep]\n|-damage|p1a: Landorus|42\/100|[from] Sandstorm\n|-heal|p1a: Landorus|48\/100|[from] item: Leftovers\n|upkeep\n|turn|10\n|\n|t:|1699655439\n|switch|p2a: Cinderace|Cinderace, M|100\/100\n|move|p1a: Landorus|Earthquake|p2a: Cinderace\n|-supereffective|p2a: Cinderace\n|-damage|p2a: Cinderace|0 fnt\n|faint|p2a: Cinderace\n|\n|-weather|Sandstorm|[upkeep]\n|-damage|p1a: Landorus|42\/100|[from] Sandstorm\n|-heal|p1a: Landorus|48\/100|[from] item: Leftovers\n|upkeep\n|\n|t:|1699655450\n|switch|p2a: Tapu Lele|Tapu Lele|100\/100\n|-fieldstart|move: Psychic Terrain|[from] ability: Psychic Surge|[of] p2a: Tapu Lele\n|turn|11\n|\n|t:|1699655463\n|move|p2a: Tapu Lele|Psyshock|p1a: Landorus\n|-damage|p1a: Landorus|9\/100\n|move|p1a: Landorus|Knock Off|p2a: Tapu Lele\n|-damage|p2a: Tapu Lele|54\/100\n|-enditem|p2a: Tapu Lele|Choice Scarf|[from] move: Knock Off|[of] p1a: Landorus\n|\n|-weather|Sandstorm|[upkeep]\n|-damage|p2a: Tapu Lele|48\/100|[from] Sandstorm\n|-damage|p1a: Landorus|3\/100|[from] Sandstorm\n|-heal|p1a: Landorus|9\/100|[from] item: Leftovers\n|upkeep\n|turn|12\n|\n|t:|1699655478\n|move|p2a: Tapu Lele|Psyshock|p1a: Landorus\n|-damage|p1a: Landorus|0 fnt\n|faint|p1a: Landorus\n|\n|-weather|Sandstorm|[upkeep]\n|-damage|p2a: Tapu Lele|42\/100|[from] Sandstorm\n|upkeep\n|\n|t:|1699655485\n|switch|p1a: Excadrill|Excadrill, M|100\/100\n|turn|13\n|\n|t:|1699655509\n|move|p1a: Excadrill|Earthquake|p2a: Tapu Lele\n|-damage|p2a: Tapu Lele|0 fnt\n|faint|p2a: Tapu Lele\n|\n|-weather|none\n|upkeep\n|\n|t:|1699655515\n|switch|p2a: Kommo-o|Kommo-o, M, shiny|32\/100\n|turn|14\n|\n|t:|1699655522\n|move|p1a: Excadrill|Earthquake|p2a: Kommo-o\n|-damage|p2a: Kommo-o|0 fnt\n|faint|p2a: Kommo-o\n|\n|upkeep\n|\n|t:|1699655526\n|switch|p2a: Alomomola|Alomomola, F|45\/100 tox\n|turn|15\n|\n|t:|1699655545\n|-zpower|p1a: Excadrill\n|move|p1a: Excadrill|Corkscrew Crash|p2a: Alomomola|[zeffect]\n|-resisted|p2a: Alomomola\n|-damage|p2a: Alomomola|18\/100 tox\n|move|p2a: Alomomola|Wish|p2a: Alomomola\n|\n|-damage|p2a: Alomomola|12\/100 tox|[from] psn\n|-fieldend|move: Psychic Terrain\n|upkeep\n|turn|16\n|\n|t:|1699655558\n|move|p1a: Excadrill|Earthquake|p2a: Alomomola\n|-damage|p2a: Alomomola|0 fnt\n|faint|p2a: Alomomola\n|\n|upkeep\n|\n|t:|1699655563\n|switch|p2a: Tyranitar|Tyranitar, F|25\/100\n|-weather|Sandstorm|[from] ability: Sand Stream|[of] p2a: Tyranitar\n|turn|17\n|\n|t:|1699655572\n|detailschange|p2a: Tyranitar|Tyranitar-Mega, F\n|-mega|p2a: Tyranitar|Tyranitar|Tyranitarite\n|move|p1a: Excadrill|Earthquake|p2a: Tyranitar\n|-supereffective|p2a: Tyranitar\n|-damage|p2a: Tyranitar|0 fnt\n|faint|p2a: Tyranitar\n|\n|win|McAisle\n","uploadtime":1699655582,"views":5,"p1id":"mcaisle","p2id":"hexosm","formatid":"gen9nationaldex","rating":0,"private":0,"password":""}