{"id":"gen9nationaldex-1987445527","p1":"immun!ty","p2":"baigu","format":"[Gen 9] National Dex","log":"|j|\u2606immun!ty\n|j|\u2606baigu\n|t:|1699592641\n|gametype|singles\n|player|p1|immun!ty|pokemonbreederf-gen4|1538\n|player|p2|baigu|dawn|1630\n|teamsize|p1|6\n|teamsize|p2|6\n|gen|9\n|tier|[Gen 9] National Dex\n|rated|\n|rule|HP Percentage Mod: HP is shown in percentages\n|rule|Endless Battle Clause: Forcing endless battles is banned\n|rule|OHKO Clause: OHKO moves are banned\n|rule|Evasion Clause: Evasion abilities, items, and moves are banned\n|rule|Evasion Abilities Clause: Evasion abilities are banned\n|rule|Evasion Items Clause: Evasion items are banned\n|rule|Evasion Moves Clause: Evasion moves are banned\n|rule|Species Clause: Limit one of each Pok\u00e9mon\n|rule|Sleep Clause Mod: Limit one foe put to sleep\n|clearpoke\n|poke|p1|Banette, F|\n|poke|p1|Alomomola, F|\n|poke|p1|Rotom-Heat|\n|poke|p1|Tapu Lele|\n|poke|p1|Ferrothorn, M|\n|poke|p1|Sneasler, M|\n|poke|p2|Ursaluna, F|\n|poke|p2|Dragonite, M|\n|poke|p2|Slowking, F|\n|poke|p2|Tapu Koko|\n|poke|p2|Hoopa-Unbound|\n|poke|p2|Great Tusk|\n|teampreview\n|inactive|Battle timer is ON: inactive players will automatically lose when time's up. (requested by immun!ty)\n|c|\u2606immun!ty|hr\n|c|\u2606immun!ty|hf\n|c|\u2606baigu|hf\n|c|\u2606immun!ty|cool team btw\n|\n|t:|1699592666\n|start\n|switch|p1a: Tapu Lele|Tapu Lele|100\/100\n|switch|p2a: Tapu Koko|Tapu Koko|100\/100\n|-fieldstart|move: Electric Terrain|[from] ability: Electric Surge|[of] p2a: Tapu Koko\n|-fieldstart|move: Psychic Terrain|[from] ability: Psychic Surge|[of] p1a: Tapu Lele\n|turn|1\n|\n|t:|1699592673\n|move|p2a: Tapu Koko|Volt Switch|p1a: Tapu Lele\n|-damage|p1a: Tapu Lele|49\/100\n|\n|t:|1699592676\n|switch|p2a: Slowking|Slowking, F|100\/100|[from] Volt Switch\n|move|p1a: Tapu Lele|Moonblast|p2a: Slowking\n|-damage|p2a: Slowking|60\/100\n|-unboost|p2a: Slowking|spa|1\n|\n|upkeep\n|turn|2\n|\n|t:|1699592681\n|switch|p1a: Ferrothorn|Ferrothorn, M|100\/100\n|move|p2a: Slowking|Teleport|p2a: Slowking\n|\n|t:|1699592683\n|switch|p2a: Dragonite|Dragonite, M|100\/100|[from] Teleport\n|\n|upkeep\n|turn|3\n|\n|t:|1699592686\n|move|p2a: Dragonite|Fire Punch|p1a: Ferrothorn\n|-supereffective|p1a: Ferrothorn\n|-damage|p1a: Ferrothorn|4\/100\n|-damage|p2a: Dragonite|88\/100|[from] ability: Iron Barbs|[of] p1a: Ferrothorn\n|move|p1a: Ferrothorn|Thunder Wave|p2a: Dragonite\n|-status|p2a: Dragonite|par\n|\n|-heal|p1a: Ferrothorn|10\/100|[from] item: Leftovers\n|upkeep\n|turn|4\n|\n|t:|1699592691\n|switch|p1a: Rotom|Rotom-Heat, shiny|100\/100\n|cant|p2a: Dragonite|par\n|\n|upkeep\n|turn|5\n|\n|t:|1699592694\n|switch|p2a: Slowking|Slowking, F|93\/100\n|move|p1a: Rotom|Volt Switch|p2a: Slowking\n|-supereffective|p2a: Slowking\n|-damage|p2a: Slowking|58\/100\n|\n|t:|1699592698\n|switch|p1a: Ferrothorn|Ferrothorn, M|10\/100|[from] Volt Switch\n|\n|-heal|p1a: Ferrothorn|16\/100|[from] item: Leftovers\n|-fieldend|move: Psychic Terrain\n|upkeep\n|turn|6\n|\n|t:|1699592711\n|switch|p2a: Tapu Koko|Tapu Koko|100\/100\n|-fieldstart|move: Electric Terrain|[from] ability: Electric Surge|[of] p2a: Tapu Koko\n|move|p1a: Ferrothorn|Power Whip|p2a: Tapu Koko|[miss]\n|-miss|p1a: Ferrothorn|p2a: Tapu Koko\n|\n|-heal|p1a: Ferrothorn|23\/100|[from] item: Leftovers\n|upkeep\n|turn|7\n|c|\u2606immun!ty|imagine\n|\n|t:|1699592721\n|switch|p1a: Rotom|Rotom-Heat, shiny|100\/100\n|-terastallize|p2a: Tapu Koko|Electric\n|move|p2a: Tapu Koko|Thunderbolt|p1a: Rotom\n|-resisted|p1a: Rotom\n|-damage|p1a: Rotom|62\/100\n|\n|upkeep\n|turn|8\n|\n|t:|1699592730\n|switch|p2a: Slowking|Slowking, F|91\/100\n|move|p1a: Rotom|Volt Switch|p2a: Slowking\n|-supereffective|p2a: Slowking\n|-damage|p2a: Slowking|60\/100\n|\n|t:|1699592734\n|switch|p1a: Ferrothorn|Ferrothorn, M|23\/100|[from] Volt Switch\n|\n|-heal|p1a: Ferrothorn|29\/100|[from] item: Leftovers\n|upkeep\n|turn|9\n|\n|t:|1699592740\n|switch|p2a: Great Tusk|Great Tusk|100\/100\n|move|p1a: Ferrothorn|Stealth Rock|p2a: Great Tusk\n|-sidestart|p2: baigu|move: Stealth Rock\n|\n|-heal|p1a: Ferrothorn|35\/100|[from] item: Leftovers\n|upkeep\n|turn|10\n|\n|t:|1699592743\n|switch|p1a: Banette|Banette, F|100\/100\n|-item|p2a: Great Tusk|Heavy-Duty Boots|[from] ability: Frisk|[of] p1a: Banette|[identify]\n|move|p2a: Great Tusk|Stealth Rock|p1a: Banette\n|-sidestart|p1: immun!ty|move: Stealth Rock\n|\n|-fieldend|move: Electric Terrain\n|upkeep\n|turn|11\n|\n|t:|1699592761\n|detailschange|p1a: Banette|Banette-Mega, F\n|-mega|p1a: Banette|Banette|Banettite\n|move|p2a: Great Tusk|Ice Spinner|p1a: Banette\n|-damage|p1a: Banette|57\/100\n|move|p1a: Banette|Poltergeist|p2a: Great Tusk\n|-activate|p2a: Great Tusk|move: Poltergeist|Heavy-Duty Boots\n|-damage|p2a: Great Tusk|58\/100\n|\n|upkeep\n|turn|12\n|\n|t:|1699592766\n|move|p1a: Banette|Destiny Bond|p1a: Banette\n|-singlemove|p1a: Banette|Destiny Bond\n|move|p2a: Great Tusk|Ice Spinner|p1a: Banette\n|-damage|p1a: Banette|16\/100\n|\n|upkeep\n|turn|13\n|\n|t:|1699592769\n|move|p2a: Great Tusk|Ice Spinner|p1a: Banette\n|-damage|p1a: Banette|0 fnt\n|faint|p1a: Banette\n|-activate|p1a: Banette|move: Destiny Bond\n|faint|p2a: Great Tusk\n|-end|p2a: Great Tusk|Protosynthesis|[silent]\n|\n|upkeep\n|\n|t:|1699592776\n|switch|p2a: Tapu Koko|Tapu Koko, tera:Electric|100\/100\n|switch|p1a: Tapu Lele|Tapu Lele|49\/100\n|-damage|p2a: Tapu Koko|88\/100|[from] Stealth Rock\n|-fieldstart|move: Electric Terrain|[from] ability: Electric Surge|[of] p2a: Tapu Koko\n|-damage|p1a: Tapu Lele|37\/100|[from] Stealth Rock\n|-fieldstart|move: Psychic Terrain|[from] ability: Psychic Surge|[of] p1a: Tapu Lele\n|turn|14\n|\n|t:|1699592783\n|switch|p2a: Slowking|Slowking, F|93\/100\n|switch|p1a: Sneasler|Sneasler, M|100\/100\n|-damage|p1a: Sneasler|95\/100|[from] Stealth Rock\n|-enditem|p1a: Sneasler|Psychic Seed\n|-boost|p1a: Sneasler|spd|1|[from] item: Psychic Seed\n|\n|upkeep\n|turn|15\n|\n|t:|1699592788\n|move|p1a: Sneasler|Dire Claw|p2a: Slowking\n|-damage|p2a: Slowking|47\/100\n|move|p2a: Slowking|Trick Room|p2a: Slowking\n|-fieldstart|move: Trick Room|[of] p2a: Slowking\n|\n|upkeep\n|turn|16\n|\n|t:|1699592798\n|move|p1a: Sneasler|Dire Claw|p2a: Slowking\n|-damage|p2a: Slowking|0 fnt\n|faint|p2a: Slowking\n|\n|upkeep\n|\n|t:|1699592801\n|switch|p2a: Ursaluna|Ursaluna, F|100\/100\n|-damage|p2a: Ursaluna|94\/100|[from] Stealth Rock\n|turn|17\n|\n|t:|1699592803\n|-terastallize|p1a: Sneasler|Flying\n|move|p2a: Ursaluna|Headlong Rush|p1a: Sneasler\n|-immune|p1a: Sneasler\n|move|p1a: Sneasler|Close Combat|p2a: Ursaluna\n|-supereffective|p2a: Ursaluna\n|-damage|p2a: Ursaluna|2\/100\n|-unboost|p1a: Sneasler|def|1\n|-unboost|p1a: Sneasler|spd|1\n|\n|-status|p2a: Ursaluna|brn|[from] item: Flame Orb\n|upkeep\n|turn|18\n|\n|t:|1699592812\n|switch|p1a: Ferrothorn|Ferrothorn, M|35\/100\n|-damage|p1a: Ferrothorn|29\/100|[from] Stealth Rock\n|move|p2a: Ursaluna|Facade|p1a: Ferrothorn\n|-resisted|p1a: Ferrothorn\n|-damage|p1a: Ferrothorn|0 fnt\n|-damage|p2a: Ursaluna|0 fnt|[from] ability: Iron Barbs|[of] p1a: Ferrothorn\n|faint|p1a: Ferrothorn\n|faint|p2a: Ursaluna\n|\n|-fieldend|move: Psychic Terrain\n|upkeep\n|\n|t:|1699592832\n|switch|p1a: Alomomola|Alomomola, F|100\/100\n|switch|p2a: Hoopa|Hoopa-Unbound|100\/100\n|-damage|p1a: Alomomola|88\/100|[from] Stealth Rock\n|-damage|p2a: Hoopa|88\/100|[from] Stealth Rock\n|turn|19\n|\n|t:|1699592836\n|move|p1a: Alomomola|Wish|p1a: Alomomola\n|-zpower|p2a: Hoopa\n|move|p2a: Hoopa|All-Out Pummeling|p1a: Alomomola|[zeffect]\n|-damage|p1a: Alomomola|10\/100\n|-enditem|p1a: Alomomola|Red Card|[of] p2a: Hoopa\n|drag|p2a: Dragonite|Dragonite, M|88\/100 par\n|-damage|p2a: Dragonite|63\/100 par|[from] Stealth Rock\n|\n|-fieldend|move: Trick Room\n|upkeep\n|turn|20\n|\n|t:|1699592857\n|switch|p1a: Rotom|Rotom-Heat, shiny|62\/100\n|move|p2a: Dragonite|Dual Wingbeat|p1a: Rotom\n|-resisted|p1a: Rotom\n|-damage|p1a: Rotom|44\/100\n|-resisted|p1a: Rotom\n|-damage|p1a: Rotom|25\/100\n|-hitcount|p1a: Rotom|2\n|\n|-heal|p1a: Rotom|100\/100|[from] move: Wish|[wisher] Alomomola\n|upkeep\n|turn|21\n|\n|t:|1699592864\n|switch|p2a: Hoopa|Hoopa-Unbound|88\/100\n|-damage|p2a: Hoopa|76\/100|[from] Stealth Rock\n|move|p1a: Rotom|Volt Switch|p2a: Hoopa\n|-damage|p2a: Hoopa|50\/100\n|\n|t:|1699592874\n|switch|p1a: Sneasler|Sneasler, M, tera:Flying|95\/100|[from] Volt Switch\n|-damage|p1a: Sneasler|70\/100|[from] Stealth Rock\n|\n|upkeep\n|turn|22\n|\n|t:|1699592884\n|move|p1a: Sneasler|Close Combat|p2a: Hoopa\n|-damage|p2a: Hoopa|0 fnt\n|-unboost|p1a: Sneasler|def|1\n|-unboost|p1a: Sneasler|spd|1\n|faint|p2a: Hoopa\n|\n|upkeep\n|\n|t:|1699592886\n|switch|p2a: Tapu Koko|Tapu Koko, tera:Electric|88\/100\n|-damage|p2a: Tapu Koko|76\/100|[from] Stealth Rock\n|-fieldstart|move: Electric Terrain|[from] ability: Electric Surge|[of] p2a: Tapu Koko\n|turn|23\n|\n|t:|1699592900\n|move|p2a: Tapu Koko|Thunderbolt|p1a: Sneasler\n|-supereffective|p1a: Sneasler\n|-damage|p1a: Sneasler|0 fnt\n|faint|p1a: Sneasler\n|\n|upkeep\n|\n|t:|1699592903\n|switch|p1a: Rotom|Rotom-Heat, shiny|100\/100\n|turn|24\n|\n|t:|1699592906\n|switch|p2a: Dragonite|Dragonite, M|63\/100 par\n|-damage|p2a: Dragonite|38\/100 par|[from] Stealth Rock\n|move|p1a: Rotom|Overheat|p2a: Dragonite\n|-resisted|p2a: Dragonite\n|-damage|p2a: Dragonite|17\/100 par\n|-unboost|p1a: Rotom|spa|2\n|\n|upkeep\n|turn|25\n|\n|t:|1699592914\n|move|p2a: Dragonite|Extreme Speed|p1a: Rotom\n|-damage|p1a: Rotom|55\/100\n|move|p1a: Rotom|Volt Switch|p2a: Dragonite\n|-damage|p2a: Dragonite|5\/100 par\n|\n|t:|1699592917\n|switch|p1a: Alomomola|Alomomola, F|43\/100|[from] Volt Switch\n|-damage|p1a: Alomomola|31\/100|[from] Stealth Rock\n|\n|upkeep\n|turn|26\n|\n|t:|1699592924\n|switch|p2a: Tapu Koko|Tapu Koko, tera:Electric|76\/100\n|-damage|p2a: Tapu Koko|63\/100|[from] Stealth Rock\n|move|p1a: Alomomola|Wish|p1a: Alomomola\n|\n|upkeep\n|turn|27\n|\n|t:|1699592932\n|move|p1a: Alomomola|Protect|p1a: Alomomola\n|-singleturn|p1a: Alomomola|Protect\n|move|p2a: Tapu Koko|Thunderbolt|p1a: Alomomola\n|-activate|p1a: Alomomola|move: Protect\n|\n|-heal|p1a: Alomomola|81\/100|[from] move: Wish|[wisher] Alomomola\n|-fieldend|move: Electric Terrain\n|upkeep\n|turn|28\n|\n|t:|1699592943\n|move|p2a: Tapu Koko|Thunderbolt|p1a: Alomomola\n|-supereffective|p1a: Alomomola\n|-crit|p1a: Alomomola\n|-damage|p1a: Alomomola|0 fnt\n|faint|p1a: Alomomola\n|\n|upkeep\n|\n|t:|1699592946\n|switch|p1a: Tapu Lele|Tapu Lele|37\/100\n|-damage|p1a: Tapu Lele|24\/100|[from] Stealth Rock\n|-fieldstart|move: Psychic Terrain|[from] ability: Psychic Surge|[of] p1a: Tapu Lele\n|turn|29\n|c|\u2606immun!ty|mis click tbh\n|\n|t:|1699592960\n|move|p2a: Tapu Koko|Thunderbolt|p1a: Tapu Lele\n|-damage|p1a: Tapu Lele|0 fnt\n|faint|p1a: Tapu Lele\n|\n|upkeep\n|\n|t:|1699592962\n|switch|p1a: Rotom|Rotom-Heat, shiny|55\/100\n|turn|30\n|\n|t:|1699592974\n|switch|p2a: Dragonite|Dragonite, M|5\/100 par\n|-damage|p2a: Dragonite|0 fnt|[from] Stealth Rock\n|faint|p2a: Dragonite\n|move|p1a: Rotom|Overheat|p2: Dragonite|[notarget]\n|-fail|p1a: Rotom\n|\n|upkeep\n|\n|t:|1699592976\n|switch|p2a: Tapu Koko|Tapu Koko, tera:Electric|63\/100\n|-damage|p2a: Tapu Koko|51\/100|[from] Stealth Rock\n|-fieldstart|move: Electric Terrain|[from] ability: Electric Surge|[of] p2a: Tapu Koko\n|turn|31\n|\n|t:|1699592978\n|move|p2a: Tapu Koko|Thunderbolt|p1a: Rotom\n|-resisted|p1a: Rotom\n|-damage|p1a: Rotom|11\/100\n|move|p1a: Rotom|Overheat|p2a: Tapu Koko\n|-damage|p2a: Tapu Koko|0 fnt\n|-unboost|p1a: Rotom|spa|2\n|faint|p2a: Tapu Koko\n|\n|win|immun!ty\n|raw|immun!ty's rating: 1538 &rarr; <strong>1563<\/strong><br \/>(+25 for winning)\n|raw|baigu's rating: 1630 &rarr; <strong>1605<\/strong><br \/>(-25 for losing)\n","uploadtime":1699592982,"views":6,"p1id":"immunty","p2id":"baigu","formatid":"gen9nationaldex","rating":1563,"private":0,"password":""}