{"id":"gen9nationaldex-1995703081","p1":"NDSNEZ Larrea0","p2":"Amstan","format":"[Gen 9] National Dex","log":"|html|<div class=\"broadcast-blue\"><strong>[Gen 9] National Dex is currently suspecting Sneasler! For information on how to participate check out the <a href=\"https:\/\/www.smogon.com\/forums\/threads\/sv-national-dex-suspect-8-just-dance.3731534\/\">suspect thread<\/a>.<\/strong><\/div>\n|j|\u2606NDSNEZ Larrea0\n|j|\u2606Amstan\n|inactive|Battle timer is ON: inactive players will automatically lose when time's up.\n|t:|1700595375\n|gametype|singles\n|player|p1|NDSNEZ Larrea0|olivia|\n|player|p2|Amstan|lucas|\n|teamsize|p1|6\n|teamsize|p2|6\n|gen|9\n|tier|[Gen 9] National Dex\n|rated|Tournament battle\n|rule|HP Percentage Mod: HP is shown in percentages\n|rule|Endless Battle Clause: Forcing endless battles is banned\n|rule|OHKO Clause: OHKO moves are banned\n|rule|Evasion Clause: Evasion abilities, items, and moves are banned\n|rule|Evasion Abilities Clause: Evasion abilities are banned\n|rule|Evasion Items Clause: Evasion items are banned\n|rule|Evasion Moves Clause: Evasion moves are banned\n|rule|Species Clause: Limit one of each Pok\u00e9mon\n|rule|Sleep Clause Mod: Limit one foe put to sleep\n|clearpoke\n|poke|p1|Tapu Lele|\n|poke|p1|Garchomp, F|\n|poke|p1|Sneasler, M|\n|poke|p1|Landorus-Therian, M|\n|poke|p1|Ninetales-Alola, M|\n|poke|p1|Kommo-o, M|\n|poke|p2|Grimmsnarl, M|\n|poke|p2|Tapu Lele|\n|poke|p2|Garganacl, M|\n|poke|p2|Volcarona, F|\n|poke|p2|Gyarados, M|\n|poke|p2|Cresselia, F|\n|teampreview\n|j|+sealoo\n|j| N1gth H03nn\n|j| The power of ROCK\n|\n|t:|1700595389\n|start\n|switch|p1a: Ninetales|Ninetales-Alola, M|100\/100\n|switch|p2a: BLACKFLAMEDDEMON|Grimmsnarl, M, shiny|100\/100\n|-weather|Snow|[from] ability: Snow Warning|[of] p1a: Ninetales\n|turn|1\n|\n|t:|1700595392\n|move|p2a: BLACKFLAMEDDEMON|Taunt|p1a: Ninetales\n|-start|p1a: Ninetales|move: Taunt\n|cant|p1a: Ninetales|move: Taunt|Encore\n|\n|-weather|Snow|[upkeep]\n|upkeep\n|turn|2\n|\n|t:|1700595395\n|move|p2a: BLACKFLAMEDDEMON|Light Screen|p2a: BLACKFLAMEDDEMON\n|-sidestart|p2: Amstan|move: Light Screen\n|move|p1a: Ninetales|Moonblast|p2a: BLACKFLAMEDDEMON\n|-supereffective|p2a: BLACKFLAMEDDEMON\n|-damage|p2a: BLACKFLAMEDDEMON|72\/100\n|\n|-weather|Snow|[upkeep]\n|upkeep\n|turn|3\n|\n|t:|1700595400\n|switch|p2a: ONLYGETTINGOLDER|Volcarona, F, shiny|100\/100\n|move|p1a: Ninetales|Moonblast|p2a: ONLYGETTINGOLDER\n|-resisted|p2a: ONLYGETTINGOLDER\n|-damage|p2a: ONLYGETTINGOLDER|91\/100\n|\n|-weather|Snow|[upkeep]\n|-end|p1a: Ninetales|move: Taunt\n|upkeep\n|turn|4\n|\n|t:|1700595403\n|move|p1a: Ninetales|Aurora Veil|p1a: Ninetales\n|-sidestart|p1: NDSNEZ Larrea0|move: Aurora Veil\n|move|p2a: ONLYGETTINGOLDER|Quiver Dance|p2a: ONLYGETTINGOLDER\n|-boost|p2a: ONLYGETTINGOLDER|spa|1\n|-boost|p2a: ONLYGETTINGOLDER|spd|1\n|-boost|p2a: ONLYGETTINGOLDER|spe|1\n|\n|-weather|Snow|[upkeep]\n|upkeep\n|turn|5\n|\n|t:|1700595405\n|move|p2a: ONLYGETTINGOLDER|Flamethrower|p1a: Ninetales\n|-supereffective|p1a: Ninetales\n|-damage|p1a: Ninetales|11\/100\n|move|p1a: Ninetales|Encore|p2a: ONLYGETTINGOLDER\n|-start|p2a: ONLYGETTINGOLDER|Encore\n|\n|-weather|none\n|upkeep\n|turn|6\n|\n|t:|1700595416\n|switch|p1a: Garchomp|Garchomp, F|100\/100\n|move|p2a: ONLYGETTINGOLDER|Flamethrower|p1a: Garchomp\n|-resisted|p1a: Garchomp\n|-damage|p1a: Garchomp|79\/100\n|\n|upkeep\n|turn|7\n|\n|t:|1700595421\n|switch|p2a: SEVENTHDEADLYSIN|Gyarados, M, shiny|100\/100\n|-ability|p2a: SEVENTHDEADLYSIN|Intimidate|boost\n|-unboost|p1a: Garchomp|atk|1\n|move|p1a: Garchomp|Scale Shot|p2a: SEVENTHDEADLYSIN\n|-damage|p2a: SEVENTHDEADLYSIN|90\/100\n|-damage|p2a: SEVENTHDEADLYSIN|79\/100\n|-damage|p2a: SEVENTHDEADLYSIN|69\/100\n|-damage|p2a: SEVENTHDEADLYSIN|58\/100\n|-hitcount|p2a: SEVENTHDEADLYSIN|4\n|-unboost|p1a: Garchomp|def|1\n|-boost|p1a: Garchomp|spe|1\n|\n|upkeep\n|turn|8\n|\n|t:|1700595431\n|switch|p2a: IMONCLOUDNINE|Cresselia, F, shiny|100\/100\n|-terastallize|p1a: Garchomp|Poison\n|move|p1a: Garchomp|Swords Dance|p1a: Garchomp\n|-boost|p1a: Garchomp|atk|2\n|\n|upkeep\n|turn|9\n|\n|t:|1700595436\n|move|p1a: Garchomp|Scale Shot|p2a: IMONCLOUDNINE\n|-damage|p2a: IMONCLOUDNINE|86\/100\n|-damage|p2a: IMONCLOUDNINE|73\/100\n|-damage|p2a: IMONCLOUDNINE|60\/100\n|-damage|p2a: IMONCLOUDNINE|46\/100\n|-hitcount|p2a: IMONCLOUDNINE|4\n|-enditem|p2a: IMONCLOUDNINE|Kee Berry|[eat]\n|-boost|p2a: IMONCLOUDNINE|def|1|[from] item: Kee Berry\n|-unboost|p1a: Garchomp|def|1\n|-boost|p1a: Garchomp|spe|1\n|move|p2a: IMONCLOUDNINE|Calm Mind|p2a: IMONCLOUDNINE\n|-boost|p2a: IMONCLOUDNINE|spa|1\n|-boost|p2a: IMONCLOUDNINE|spd|1\n|\n|-sideend|p2: Amstan|move: Light Screen\n|upkeep\n|turn|10\n|\n|t:|1700595450\n|move|p1a: Garchomp|Swords Dance|p1a: Garchomp\n|-boost|p1a: Garchomp|atk|2\n|move|p2a: IMONCLOUDNINE|Stored Power|p1a: Garchomp\n|-supereffective|p1a: Garchomp\n|-damage|p1a: Garchomp|46\/100\n|\n|upkeep\n|turn|11\n|\n|t:|1700595458\n|move|p1a: Garchomp|Poison Jab|p2a: IMONCLOUDNINE\n|-damage|p2a: IMONCLOUDNINE|0 fnt\n|faint|p2a: IMONCLOUDNINE\n|\n|-sideend|p1: NDSNEZ Larrea0|move: Aurora Veil\n|upkeep\n|\n|t:|1700595461\n|switch|p2a: BLACKFLAMEDDEMON|Grimmsnarl, M, shiny|72\/100\n|turn|12\n|\n|t:|1700595464\n|move|p2a: BLACKFLAMEDDEMON|Reflect|p2a: BLACKFLAMEDDEMON\n|-sidestart|p2: Amstan|Reflect\n|move|p1a: Garchomp|Poison Jab|p2a: BLACKFLAMEDDEMON\n|-supereffective|p2a: BLACKFLAMEDDEMON\n|-damage|p2a: BLACKFLAMEDDEMON|0 fnt\n|faint|p2a: BLACKFLAMEDDEMON\n|\n|upkeep\n|\n|t:|1700595468\n|switch|p2a: IFEELNOTHINGATALL|Garganacl, M, shiny|100\/100\n|turn|13\n|\n|t:|1700595471\n|-terastallize|p2a: IFEELNOTHINGATALL|Dragon\n|move|p1a: Garchomp|Earthquake|p2a: IFEELNOTHINGATALL\n|-damage|p2a: IFEELNOTHINGATALL|59\/100\n|move|p2a: IFEELNOTHINGATALL|Earthquake|p1a: Garchomp\n|-supereffective|p1a: Garchomp\n|-damage|p1a: Garchomp|0 fnt\n|faint|p1a: Garchomp\n|\n|-heal|p2a: IFEELNOTHINGATALL|65\/100|[from] item: Leftovers\n|upkeep\n|\n|t:|1700595483\n|switch|p1a: Ninetales|Ninetales-Alola, M|11\/100\n|-weather|Snow|[from] ability: Snow Warning|[of] p1a: Ninetales\n|turn|14\n|\n|t:|1700595486\n|move|p1a: Ninetales|Aurora Veil|p1a: Ninetales\n|-sidestart|p1: NDSNEZ Larrea0|move: Aurora Veil\n|move|p2a: IFEELNOTHINGATALL|Salt Cure|p1a: Ninetales\n|-supereffective|p1a: Ninetales\n|-damage|p1a: Ninetales|0 fnt\n|faint|p1a: Ninetales\n|\n|-weather|Snow|[upkeep]\n|-heal|p2a: IFEELNOTHINGATALL|71\/100|[from] item: Leftovers\n|upkeep\n|\n|t:|1700595489\n|switch|p1a: Kommo-o|Kommo-o, M|100\/100\n|turn|15\n|\n|t:|1700595495\n|switch|p2a: MORETHENJUSTADREAM|Tapu Lele, shiny|100\/100\n|-fieldstart|move: Psychic Terrain|[from] ability: Psychic Surge|[of] p2a: MORETHENJUSTADREAM\n|-zpower|p1a: Kommo-o\n|move|p1a: Kommo-o|Clangorous Soulblaze|p2a: MORETHENJUSTADREAM|[zeffect]\n|-immune|p2a: MORETHENJUSTADREAM\n|\n|-weather|Snow|[upkeep]\n|upkeep\n|turn|16\n|\n|t:|1700595499\n|move|p1a: Kommo-o|Boomburst|p2a: MORETHENJUSTADREAM\n|-damage|p2a: MORETHENJUSTADREAM|68\/100\n|move|p2a: MORETHENJUSTADREAM|Calm Mind|p2a: MORETHENJUSTADREAM\n|-boost|p2a: MORETHENJUSTADREAM|spa|1\n|-boost|p2a: MORETHENJUSTADREAM|spd|1\n|\n|-weather|Snow|[upkeep]\n|-heal|p2a: MORETHENJUSTADREAM|74\/100|[from] item: Leftovers\n|upkeep\n|turn|17\n|\n|t:|1700595506\n|switch|p1a: Sneasler|Sneasler, M|100\/100\n|-enditem|p1a: Sneasler|Psychic Seed\n|-boost|p1a: Sneasler|spd|1|[from] item: Psychic Seed\n|move|p2a: MORETHENJUSTADREAM|Iron Defense|p2a: MORETHENJUSTADREAM\n|-boost|p2a: MORETHENJUSTADREAM|def|2\n|\n|-weather|Snow|[upkeep]\n|-heal|p2a: MORETHENJUSTADREAM|80\/100|[from] item: Leftovers\n|upkeep\n|turn|18\n|\n|t:|1700595509\n|move|p1a: Sneasler|Dire Claw|p2a: MORETHENJUSTADREAM\n|-supereffective|p2a: MORETHENJUSTADREAM\n|-damage|p2a: MORETHENJUSTADREAM|56\/100\n|move|p2a: MORETHENJUSTADREAM|Stored Power|p1a: Sneasler\n|-supereffective|p1a: Sneasler\n|-damage|p1a: Sneasler|0 fnt\n|faint|p1a: Sneasler\n|\n|-weather|none\n|-heal|p2a: MORETHENJUSTADREAM|62\/100|[from] item: Leftovers\n|upkeep\n|\n|t:|1700595516\n|switch|p1a: Landorus|Landorus-Therian, M|100\/100\n|-ability|p1a: Landorus|Intimidate|boost\n|-unboost|p2a: MORETHENJUSTADREAM|atk|1\n|turn|19\n|\n|t:|1700595518\n|move|p2a: MORETHENJUSTADREAM|Stored Power|p1a: Landorus\n|-damage|p1a: Landorus|65\/100\n|move|p1a: Landorus|Toxic|p2a: MORETHENJUSTADREAM|[miss]\n|-miss|p1a: Landorus|p2a: MORETHENJUSTADREAM\n|\n|-heal|p2a: MORETHENJUSTADREAM|69\/100|[from] item: Leftovers\n|-sideend|p2: Amstan|Reflect\n|-fieldend|move: Psychic Terrain\n|upkeep\n|turn|20\n|c| The power of ROCK|NANI\n|\n|t:|1700595521\n|move|p2a: MORETHENJUSTADREAM|Iron Defense|p2a: MORETHENJUSTADREAM\n|-boost|p2a: MORETHENJUSTADREAM|def|2\n|move|p1a: Landorus|Toxic|p2a: MORETHENJUSTADREAM\n|-status|p2a: MORETHENJUSTADREAM|tox\n|\n|-heal|p2a: MORETHENJUSTADREAM|75\/100 tox|[from] item: Leftovers\n|-damage|p2a: MORETHENJUSTADREAM|69\/100 tox|[from] psn\n|upkeep\n|turn|21\n|\n|t:|1700595525\n|move|p2a: MORETHENJUSTADREAM|Stored Power|p1a: Landorus\n|-damage|p1a: Landorus|26\/100\n|move|p1a: Landorus|U-turn|p2a: MORETHENJUSTADREAM\n|-damage|p2a: MORETHENJUSTADREAM|61\/100 tox\n|\n|t:|1700595530\n|switch|p1a: Tapu Lele|Tapu Lele|100\/100|[from] U-turn\n|-fieldstart|move: Psychic Terrain|[from] ability: Psychic Surge|[of] p1a: Tapu Lele\n|\n|-heal|p2a: MORETHENJUSTADREAM|67\/100 tox|[from] item: Leftovers\n|-damage|p2a: MORETHENJUSTADREAM|55\/100 tox|[from] psn\n|-sideend|p1: NDSNEZ Larrea0|move: Aurora Veil\n|upkeep\n|turn|22\n|\n|t:|1700595533\n|switch|p1a: Landorus|Landorus-Therian, M|26\/100\n|-ability|p1a: Landorus|Intimidate|boost\n|-unboost|p2a: MORETHENJUSTADREAM|atk|1\n|move|p2a: MORETHENJUSTADREAM|Stored Power|p1a: Landorus\n|-damage|p1a: Landorus|0 fnt\n|faint|p1a: Landorus\n|\n|-heal|p2a: MORETHENJUSTADREAM|61\/100 tox|[from] item: Leftovers\n|-damage|p2a: MORETHENJUSTADREAM|42\/100 tox|[from] psn\n|upkeep\n|j| Ineros\n|\n|t:|1700595558\n|switch|p1a: Tapu Lele|Tapu Lele|100\/100\n|turn|23\n|\n|t:|1700595566\n|switch|p2a: IFEELNOTHINGATALL|Garganacl, M, shiny, tera:Dragon|71\/100\n|move|p1a: Tapu Lele|Psychic|p2a: IFEELNOTHINGATALL\n|-damage|p2a: IFEELNOTHINGATALL|31\/100\n|\n|-heal|p2a: IFEELNOTHINGATALL|37\/100|[from] item: Leftovers\n|upkeep\n|turn|24\n|\n|t:|1700595569\n|move|p1a: Tapu Lele|Psychic|p2a: IFEELNOTHINGATALL\n|-damage|p2a: IFEELNOTHINGATALL|0 fnt\n|faint|p2a: IFEELNOTHINGATALL\n|\n|upkeep\n|\n|t:|1700595572\n|switch|p2a: SEVENTHDEADLYSIN|Gyarados, M, shiny|58\/100\n|-ability|p2a: SEVENTHDEADLYSIN|Intimidate|boost\n|-unboost|p1a: Tapu Lele|atk|1\n|turn|25\n|\n|t:|1700595574\n|switch|p1a: Kommo-o|Kommo-o, M|100\/100\n|detailschange|p2a: SEVENTHDEADLYSIN|Gyarados-Mega, M, shiny\n|-mega|p2a: SEVENTHDEADLYSIN|Gyarados|Gyaradosite\n|-ability|p2a: SEVENTHDEADLYSIN|Mold Breaker\n|move|p2a: SEVENTHDEADLYSIN|Dragon Dance|p2a: SEVENTHDEADLYSIN\n|-boost|p2a: SEVENTHDEADLYSIN|atk|1\n|-boost|p2a: SEVENTHDEADLYSIN|spe|1\n|\n|-fieldend|move: Psychic Terrain\n|upkeep\n|turn|26\n|c| Ineros|Yoooooo amstan\n|\n|t:|1700595578\n|move|p2a: SEVENTHDEADLYSIN|Waterfall|p1a: Kommo-o\n|-resisted|p1a: Kommo-o\n|-damage|p1a: Kommo-o|64\/100\n|move|p1a: Kommo-o|Drain Punch|p2a: SEVENTHDEADLYSIN\n|-supereffective|p2a: SEVENTHDEADLYSIN\n|-damage|p2a: SEVENTHDEADLYSIN|7\/100\n|-heal|p1a: Kommo-o|94\/100|[from] drain|[of] p2a: SEVENTHDEADLYSIN\n|\n|upkeep\n|turn|27\n|\n|t:|1700595583\n|move|p2a: SEVENTHDEADLYSIN|Waterfall|p1a: Kommo-o\n|-resisted|p1a: Kommo-o\n|-damage|p1a: Kommo-o|62\/100\n|move|p1a: Kommo-o|Boomburst|p2a: SEVENTHDEADLYSIN\n|-damage|p2a: SEVENTHDEADLYSIN|0 fnt\n|faint|p2a: SEVENTHDEADLYSIN\n|\n|upkeep\n|\n|t:|1700595585\n|switch|p2a: MORETHENJUSTADREAM|Tapu Lele, shiny|42\/100 tox\n|-fieldstart|move: Psychic Terrain|[from] ability: Psychic Surge|[of] p2a: MORETHENJUSTADREAM\n|turn|28\n|\n|t:|1700595587\n|move|p1a: Kommo-o|Boomburst|p2a: MORETHENJUSTADREAM\n|-damage|p2a: MORETHENJUSTADREAM|6\/100 tox\n|move|p2a: MORETHENJUSTADREAM|Draining Kiss|p1a: Kommo-o\n|-supereffective|p1a: Kommo-o\n|-damage|p1a: Kommo-o|0 fnt\n|-heal|p2a: MORETHENJUSTADREAM|45\/100 tox|[from] drain|[of] p1a: Kommo-o\n|faint|p1a: Kommo-o\n|\n|-heal|p2a: MORETHENJUSTADREAM|51\/100 tox|[from] item: Leftovers\n|-damage|p2a: MORETHENJUSTADREAM|45\/100 tox|[from] psn\n|upkeep\n|\n|t:|1700595590\n|switch|p1a: Tapu Lele|Tapu Lele|100\/100\n|turn|29\n|\n|t:|1700595594\n|move|p1a: Tapu Lele|Psychic|p2a: MORETHENJUSTADREAM\n|-resisted|p2a: MORETHENJUSTADREAM\n|-damage|p2a: MORETHENJUSTADREAM|18\/100 tox\n|move|p2a: MORETHENJUSTADREAM|Draining Kiss|p1a: Tapu Lele\n|-damage|p1a: Tapu Lele|76\/100\n|-heal|p2a: MORETHENJUSTADREAM|33\/100 tox|[from] drain|[of] p1a: Tapu Lele\n|\n|-heal|p2a: MORETHENJUSTADREAM|39\/100 tox|[from] item: Leftovers\n|-damage|p2a: MORETHENJUSTADREAM|27\/100 tox|[from] psn\n|upkeep\n|turn|30\n|j| Aesiro13\n|\n|t:|1700595599\n|move|p1a: Tapu Lele|Psychic|p2a: MORETHENJUSTADREAM\n|-resisted|p2a: MORETHENJUSTADREAM\n|-damage|p2a: MORETHENJUSTADREAM|2\/100 tox\n|move|p2a: MORETHENJUSTADREAM|Draining Kiss|p1a: Tapu Lele\n|-damage|p1a: Tapu Lele|53\/100\n|-heal|p2a: MORETHENJUSTADREAM|16\/100 tox|[from] drain|[of] p1a: Tapu Lele\n|\n|-heal|p2a: MORETHENJUSTADREAM|22\/100 tox|[from] item: Leftovers\n|-damage|p2a: MORETHENJUSTADREAM|4\/100 tox|[from] psn\n|upkeep\n|turn|31\n|\n|t:|1700595604\n|move|p1a: Tapu Lele|Psychic|p2a: MORETHENJUSTADREAM\n|-resisted|p2a: MORETHENJUSTADREAM\n|-damage|p2a: MORETHENJUSTADREAM|0 fnt\n|faint|p2a: MORETHENJUSTADREAM\n|\n|upkeep\n|\n|t:|1700595605\n|switch|p2a: ONLYGETTINGOLDER|Volcarona, F, shiny|91\/100\n|turn|32\n|\n|t:|1700595607\n|move|p1a: Tapu Lele|Psychic|p2a: ONLYGETTINGOLDER\n|-damage|p2a: ONLYGETTINGOLDER|32\/100\n|-unboost|p2a: ONLYGETTINGOLDER|spd|1\n|move|p2a: ONLYGETTINGOLDER|Quiver Dance|p2a: ONLYGETTINGOLDER\n|-boost|p2a: ONLYGETTINGOLDER|spa|1\n|-boost|p2a: ONLYGETTINGOLDER|spd|1\n|-boost|p2a: ONLYGETTINGOLDER|spe|1\n|\n|-fieldend|move: Psychic Terrain\n|upkeep\n|turn|33\n|\n|t:|1700595612\n|move|p2a: ONLYGETTINGOLDER|Flamethrower|p1a: Tapu Lele\n|-damage|p1a: Tapu Lele|0 fnt\n|faint|p1a: Tapu Lele\n|\n|win|Amstan\n|n|\u2606NDSNEZ Larrea0|ndsnezlarrea0\n|n|\u2606Amstan|amstan\n|n| sealoo|sealoo\n|n| N1gth H03nn|n1gthh03nn\n|n| The power of ROCK|thepowerofrock\n|n| Ineros|ineros\n|n| Aesiro13|aesiro13\n","uploadtime":1700595613,"views":4,"p1id":"ndsnezlarrea0","p2id":"amstan","formatid":"gen9nationaldex","rating":0,"private":0,"password":""}