{"id":"gen9nationaldex-1998694685","p1":"Young Girl Klara","p2":"xutao22asd","format":"[Gen 9] National Dex","log":"|html|<div class=\"broadcast-blue\"><strong>[Gen 9] National Dex is currently suspecting Sneasler! For information on how to participate check out the <a href=\"https:\/\/www.smogon.com\/forums\/threads\/sv-national-dex-suspect-8-just-dance.3731534\/\">suspect thread<\/a>.<\/strong><\/div>\n|j|\u203dYoung Girl Klara\n|j|\u2606xutao22asd\n|t:|1700973654\n|gametype|singles\n|player|p1|Young Girl Klara|klara|1166\n|player|p2|xutao22asd|lance|1107\n|teamsize|p1|6\n|teamsize|p2|6\n|gen|9\n|tier|[Gen 9] National Dex\n|rated|\n|rule|HP Percentage Mod: HP is shown in percentages\n|rule|Endless Battle Clause: Forcing endless battles is banned\n|rule|OHKO Clause: OHKO moves are banned\n|rule|Evasion Clause: Evasion abilities, items, and moves are banned\n|rule|Evasion Abilities Clause: Evasion abilities are banned\n|rule|Evasion Items Clause: Evasion items are banned\n|rule|Evasion Moves Clause: Evasion moves are banned\n|rule|Species Clause: Limit one of each Pok\u00e9mon\n|rule|Sleep Clause Mod: Limit one foe put to sleep\n|clearpoke\n|poke|p1|Reuniclus, F|\n|poke|p1|Clefable, F|\n|poke|p1|Gliscor, M|\n|poke|p1|Aggron, M|\n|poke|p1|Hydreigon, M|\n|poke|p1|Crobat, F|\n|poke|p2|Charizard, F|\n|poke|p2|Torkoal, M|\n|poke|p2|Iron Valiant|\n|poke|p2|Ditto|\n|poke|p2|Garchomp, F|\n|poke|p2|Ting-Lu|\n|teampreview\n|\n|t:|1700973667\n|start\n|switch|p1a: Aggron|Aggron, M|100\/100\n|switch|p2a: Iron Valiant|Iron Valiant|100\/100\n|turn|1\n|\n|t:|1700973691\n|detailschange|p1a: Aggron|Aggron-Mega, M\n|-mega|p1a: Aggron|Aggron|Aggronite\n|move|p2a: Iron Valiant|Close Combat|p1a: Aggron\n|-supereffective|p1a: Aggron\n|-damage|p1a: Aggron|58\/100\n|-unboost|p2a: Iron Valiant|def|1\n|-unboost|p2a: Iron Valiant|spd|1\n|move|p1a: Aggron|Stealth Rock|p2a: Iron Valiant\n|-sidestart|p2: xutao22asd|move: Stealth Rock\n|\n|upkeep\n|turn|2\n|\n|t:|1700973702\n|-end|p2a: Iron Valiant|Quark Drive|[silent]\n|switch|p2a: Torkoal|Torkoal, M, shiny|100\/100\n|-damage|p2a: Torkoal|75\/100|[from] Stealth Rock\n|-weather|SunnyDay|[from] ability: Drought|[of] p2a: Torkoal\n|move|p1a: Aggron|Heavy Slam|p2a: Torkoal\n|-resisted|p2a: Torkoal\n|-damage|p2a: Torkoal|60\/100\n|\n|-weather|SunnyDay|[upkeep]\n|upkeep\n|turn|3\n|\n|t:|1700973713\n|switch|p1a: Hydreigon|Hydreigon, M|100\/100\n|move|p2a: Torkoal|Overheat|p1a: Hydreigon|[miss]\n|-miss|p2a: Torkoal|p1a: Hydreigon\n|\n|-weather|SunnyDay|[upkeep]\n|upkeep\n|turn|4\n|\n|t:|1700973721\n|move|p1a: Hydreigon|Draco Meteor|p2a: Torkoal\n|-damage|p2a: Torkoal|0 fnt\n|-unboost|p1a: Hydreigon|spa|2\n|faint|p2a: Torkoal\n|-damage|p1a: Hydreigon|91\/100|[from] item: Life Orb\n|\n|-weather|SunnyDay|[upkeep]\n|upkeep\n|\n|t:|1700973731\n|switch|p2a: Iron Valiant|Iron Valiant|100\/100\n|-damage|p2a: Iron Valiant|94\/100|[from] Stealth Rock\n|turn|5\n|\n|t:|1700973741\n|switch|p1a: Crobat|Crobat, F|100\/100\n|move|p2a: Iron Valiant|Ice Punch|p1a: Crobat\n|-supereffective|p1a: Crobat\n|-damage|p1a: Crobat|37\/100\n|\n|-weather|SunnyDay|[upkeep]\n|upkeep\n|turn|6\n|\n|t:|1700973762\n|switch|p1a: Clefable|Clefable, F|100\/100\n|move|p2a: Iron Valiant|Ice Punch|p1a: Clefable\n|-damage|p1a: Clefable|81\/100\n|\n|-weather|none\n|-heal|p1a: Clefable|87\/100|[from] item: Leftovers\n|upkeep\n|turn|7\n|\n|t:|1700973774\n|-end|p2a: Iron Valiant|Quark Drive|[silent]\n|switch|p2a: Ting-Lu|Ting-Lu|100\/100\n|-damage|p2a: Ting-Lu|94\/100|[from] Stealth Rock\n|-ability|p2a: Ting-Lu|Vessel of Ruin\n|move|p1a: Clefable|Moonblast|p2a: Ting-Lu\n|-supereffective|p2a: Ting-Lu\n|-damage|p2a: Ting-Lu|66\/100\n|-unboost|p2a: Ting-Lu|spa|1\n|\n|-heal|p1a: Clefable|93\/100|[from] item: Leftovers\n|-heal|p2a: Ting-Lu|72\/100|[from] item: Leftovers\n|upkeep\n|turn|8\n|\n|t:|1700973788\n|move|p1a: Clefable|Wish|p1a: Clefable\n|move|p2a: Ting-Lu|Stealth Rock|p1a: Clefable\n|-sidestart|p1: Young Girl Klara|move: Stealth Rock\n|\n|-heal|p1a: Clefable|99\/100|[from] item: Leftovers\n|-heal|p2a: Ting-Lu|78\/100|[from] item: Leftovers\n|upkeep\n|turn|9\n|\n|t:|1700973797\n|switch|p1a: Crobat|Crobat, F|37\/100\n|-damage|p1a: Crobat|12\/100|[from] Stealth Rock\n|move|p2a: Ting-Lu|Whirlwind|p1a: Crobat\n|drag|p1a: Hydreigon|Hydreigon, M|91\/100\n|-damage|p1a: Hydreigon|78\/100|[from] Stealth Rock\n|\n|-heal|p1a: Hydreigon|100\/100|[from] move: Wish|[wisher] Clefable\n|-heal|p2a: Ting-Lu|85\/100|[from] item: Leftovers\n|upkeep\n|turn|10\n|\n|t:|1700973811\n|move|p1a: Hydreigon|Defog|p2a: Ting-Lu\n|-unboost|p2a: Ting-Lu|evasion|1\n|-sideend|p2: xutao22asd|Stealth Rock|[from] move: Defog|[of] p1a: Hydreigon\n|-sideend|p1: Young Girl Klara|Stealth Rock|[from] move: Defog|[of] p1a: Hydreigon\n|move|p2a: Ting-Lu|Ruination|p1a: Hydreigon\n|-damage|p1a: Hydreigon|51\/100\n|\n|-heal|p2a: Ting-Lu|91\/100|[from] item: Leftovers\n|upkeep\n|turn|11\n|\n|t:|1700973829\n|move|p1a: Hydreigon|Draco Meteor|p2a: Ting-Lu\n|-damage|p2a: Ting-Lu|57\/100\n|-unboost|p1a: Hydreigon|spa|2\n|-damage|p1a: Hydreigon|41\/100|[from] item: Life Orb\n|move|p2a: Ting-Lu|Whirlwind|p1a: Hydreigon\n|drag|p1a: Clefable|Clefable, F|99\/100\n|\n|-heal|p1a: Clefable|100\/100|[from] item: Leftovers\n|-heal|p2a: Ting-Lu|64\/100|[from] item: Leftovers\n|upkeep\n|turn|12\n|\n|t:|1700973842\n|switch|p1a: Crobat|Crobat, F|12\/100\n|move|p2a: Ting-Lu|Stealth Rock|p1a: Crobat\n|-sidestart|p1: Young Girl Klara|move: Stealth Rock\n|\n|-heal|p2a: Ting-Lu|70\/100|[from] item: Leftovers\n|upkeep\n|turn|13\n|\n|t:|1700973853\n|move|p1a: Crobat|Taunt|p2a: Ting-Lu\n|-start|p2a: Ting-Lu|move: Taunt\n|cant|p2a: Ting-Lu|move: Taunt|Whirlwind\n|\n|-heal|p2a: Ting-Lu|76\/100|[from] item: Leftovers\n|upkeep\n|turn|14\n|\n|t:|1700973863\n|switch|p2a: Iron Valiant|Iron Valiant|94\/100\n|move|p1a: Crobat|Roost|p1a: Crobat\n|-heal|p1a: Crobat|62\/100\n|-singleturn|p1a: Crobat|move: Roost\n|\n|upkeep\n|turn|15\n|\n|t:|1700973872\n|-end|p2a: Iron Valiant|Quark Drive|[silent]\n|switch|p2a: Garchomp|Garchomp, F, shiny|100\/100\n|move|p1a: Crobat|Brave Bird|p2a: Garchomp\n|-damage|p2a: Garchomp|54\/100\n|-damage|p1a: Crobat|50\/100|[from] ability: Rough Skin|[of] p2a: Garchomp\n|-damage|p1a: Crobat|33\/100|[from] item: Rocky Helmet|[of] p2a: Garchomp\n|-damage|p1a: Crobat|17\/100|[from] Recoil\n|\n|upkeep\n|turn|16\n|\n|t:|1700973884\n|-terastallize|p2a: Garchomp|Steel\n|-zpower|p1a: Crobat\n|move|p1a: Crobat|Supersonic Skystrike|p2a: Garchomp|[zeffect]\n|-resisted|p2a: Garchomp\n|-damage|p2a: Garchomp|15\/100\n|move|p2a: Garchomp|Iron Head|p1a: Crobat\n|-damage|p1a: Crobat|0 fnt\n|faint|p1a: Crobat\n|\n|upkeep\n|\n|t:|1700973889\n|switch|p1a: Gliscor|Gliscor, M|100\/100\n|-damage|p1a: Gliscor|88\/100|[from] Stealth Rock\n|turn|17\n|\n|t:|1700973902\n|move|p2a: Garchomp|Dragon Rush|p1a: Gliscor|[miss]\n|-miss|p2a: Garchomp|p1a: Gliscor\n|move|p1a: Gliscor|Earthquake|p2a: Garchomp\n|-supereffective|p2a: Garchomp\n|-damage|p2a: Garchomp|0 fnt\n|faint|p2a: Garchomp\n|\n|-status|p1a: Gliscor|tox|[from] item: Toxic Orb\n|upkeep\n|\n|t:|1700973914\n|switch|p2a: Iron Valiant|Iron Valiant|94\/100\n|turn|18\n|\n|t:|1700973918\n|switch|p1a: Clefable|Clefable, F|100\/100\n|-damage|p1a: Clefable|88\/100|[from] Stealth Rock\n|move|p2a: Iron Valiant|Ice Punch|p1a: Clefable\n|-damage|p1a: Clefable|68\/100\n|\n|-heal|p1a: Clefable|74\/100|[from] item: Leftovers\n|upkeep\n|turn|19\n|\n|t:|1700973931\n|-end|p2a: Iron Valiant|Quark Drive|[silent]\n|switch|p2a: Charizard|Charizard, F, shiny|100\/100\n|move|p1a: Clefable|Wish|p1a: Clefable\n|\n|-heal|p1a: Clefable|80\/100|[from] item: Leftovers\n|upkeep\n|turn|20\n|\n|t:|1700973940\n|detailschange|p2a: Charizard|Charizard-Mega-Y, F, shiny\n|-mega|p2a: Charizard|Charizard|Charizardite Y\n|-weather|SunnyDay|[from] ability: Drought|[of] p2a: Charizard\n|move|p1a: Clefable|Protect|p1a: Clefable\n|-singleturn|p1a: Clefable|Protect\n|move|p2a: Charizard|Flamethrower|p1a: Clefable\n|-activate|p1a: Clefable|move: Protect\n|\n|-weather|SunnyDay|[upkeep]\n|-heal|p1a: Clefable|100\/100|[from] move: Wish|[wisher] Clefable\n|upkeep\n|turn|21\n|\n|t:|1700973952\n|move|p2a: Charizard|Flamethrower|p1a: Clefable\n|-damage|p1a: Clefable|41\/100\n|move|p1a: Clefable|Wish|p1a: Clefable\n|\n|-weather|SunnyDay|[upkeep]\n|-heal|p1a: Clefable|47\/100|[from] item: Leftovers\n|upkeep\n|turn|22\n|\n|t:|1700973977\n|move|p1a: Clefable|Protect|p1a: Clefable\n|-singleturn|p1a: Clefable|Protect\n|move|p2a: Charizard|Flamethrower|p1a: Clefable\n|-activate|p1a: Clefable|move: Protect\n|\n|-weather|SunnyDay|[upkeep]\n|-heal|p1a: Clefable|97\/100|[from] move: Wish|[wisher] Clefable\n|-heal|p1a: Clefable|100\/100|[from] item: Leftovers\n|upkeep\n|turn|23\n|\n|t:|1700973996\n|switch|p2a: Ting-Lu|Ting-Lu|76\/100\n|-ability|p2a: Ting-Lu|Vessel of Ruin\n|move|p1a: Clefable|Wish|p1a: Clefable\n|\n|-weather|SunnyDay|[upkeep]\n|-heal|p2a: Ting-Lu|82\/100|[from] item: Leftovers\n|upkeep\n|turn|24\n|\n|t:|1700974008\n|switch|p2a: Charizard|Charizard-Mega-Y, F, shiny|100\/100\n|-terastallize|p1a: Clefable|Fairy\n|move|p1a: Clefable|Moonblast|p2a: Charizard\n|-resisted|p2a: Charizard\n|-crit|p2a: Charizard\n|-damage|p2a: Charizard|70\/100\n|-unboost|p2a: Charizard|spa|1\n|\n|-weather|none\n|upkeep\n|turn|25\n|\n|t:|1700974023\n|switch|p2a: Ting-Lu|Ting-Lu|82\/100\n|-ability|p2a: Ting-Lu|Vessel of Ruin\n|move|p1a: Clefable|Moonblast|p2a: Ting-Lu\n|-supereffective|p2a: Ting-Lu\n|-damage|p2a: Ting-Lu|46\/100\n|\n|-heal|p2a: Ting-Lu|52\/100|[from] item: Leftovers\n|upkeep\n|turn|26\n|\n|t:|1700974034\n|move|p2a: Ting-Lu|Protect|p2a: Ting-Lu\n|-singleturn|p2a: Ting-Lu|Protect\n|move|p1a: Clefable|Moonblast|p2a: Ting-Lu\n|-activate|p2a: Ting-Lu|move: Protect\n|\n|-heal|p2a: Ting-Lu|58\/100|[from] item: Leftovers\n|upkeep\n|turn|27\n|\n|t:|1700974047\n|switch|p2a: Charizard|Charizard-Mega-Y, F, shiny|70\/100\n|-weather|SunnyDay|[from] ability: Drought|[of] p2a: Charizard\n|move|p1a: Clefable|Moonblast|p2a: Charizard\n|-resisted|p2a: Charizard\n|-damage|p2a: Charizard|49\/100\n|-unboost|p2a: Charizard|spa|1\n|\n|-weather|SunnyDay|[upkeep]\n|upkeep\n|turn|28\n|\n|t:|1700974060\n|switch|p2a: Ting-Lu|Ting-Lu|58\/100\n|-ability|p2a: Ting-Lu|Vessel of Ruin\n|move|p1a: Clefable|Moonblast|p2a: Ting-Lu\n|-supereffective|p2a: Ting-Lu\n|-damage|p2a: Ting-Lu|22\/100\n|\n|-weather|SunnyDay|[upkeep]\n|-heal|p2a: Ting-Lu|28\/100|[from] item: Leftovers\n|upkeep\n|turn|29\n|\n|t:|1700974072\n|move|p1a: Clefable|Moonblast|p2a: Ting-Lu\n|-supereffective|p2a: Ting-Lu\n|-damage|p2a: Ting-Lu|0 fnt\n|faint|p2a: Ting-Lu\n|\n|-weather|SunnyDay|[upkeep]\n|upkeep\n|\n|t:|1700974082\n|switch|p2a: Charizard|Charizard-Mega-Y, F, shiny|49\/100\n|turn|30\n|\n|t:|1700974086\n|move|p2a: Charizard|Flamethrower|p1a: Clefable\n|-damage|p1a: Clefable|38\/100\n|move|p1a: Clefable|Wish|p1a: Clefable\n|\n|-weather|SunnyDay|[upkeep]\n|-heal|p1a: Clefable|44\/100|[from] item: Leftovers\n|upkeep\n|turn|31\n|\n|t:|1700974098\n|switch|p1a: Reuniclus|Reuniclus, F|100\/100\n|move|p2a: Charizard|Flamethrower|p1a: Reuniclus\n|-damage|p1a: Reuniclus|33\/100\n|-status|p1a: Reuniclus|brn\n|\n|-weather|none\n|-heal|p1a: Reuniclus|79\/100 brn|[from] move: Wish|[wisher] Clefable\n|-heal|p1a: Reuniclus|85\/100 brn|[from] item: Leftovers\n|upkeep\n|turn|32\n|\n|t:|1700974114\n|switch|p2a: Ditto|Ditto|100\/100\n|-transform|p2a: Ditto|p1a: Reuniclus|[from] ability: Imposter\n|move|p1a: Reuniclus|Recover|p1a: Reuniclus\n|-heal|p1a: Reuniclus|100\/100 brn\n|\n|upkeep\n|turn|33\n|\n|t:|1700974123\n|move|p1a: Reuniclus|Calm Mind|p1a: Reuniclus\n|-boost|p1a: Reuniclus|spa|1\n|-boost|p1a: Reuniclus|spd|1\n|move|p2a: Ditto|Calm Mind|p2a: Ditto\n|-boost|p2a: Ditto|spa|1\n|-boost|p2a: Ditto|spd|1\n|\n|upkeep\n|turn|34\n|\n|t:|1700974138\n|move|p1a: Reuniclus|Calm Mind|p1a: Reuniclus\n|-boost|p1a: Reuniclus|spa|1\n|-boost|p1a: Reuniclus|spd|1\n|move|p2a: Ditto|Calm Mind|p2a: Ditto\n|-boost|p2a: Ditto|spa|1\n|-boost|p2a: Ditto|spd|1\n|\n|upkeep\n|turn|35\n|\n|t:|1700974156\n|move|p1a: Reuniclus|Calm Mind|p1a: Reuniclus\n|-boost|p1a: Reuniclus|spa|1\n|-boost|p1a: Reuniclus|spd|1\n|move|p2a: Ditto|Energy Ball|p1a: Reuniclus\n|-damage|p1a: Reuniclus|80\/100 brn\n|\n|-heal|p1a: Reuniclus|86\/100 brn|[from] item: Leftovers\n|upkeep\n|turn|36\n|\n|t:|1700974165\n|move|p2a: Ditto|Calm Mind|p2a: Ditto\n|-boost|p2a: Ditto|spa|1\n|-boost|p2a: Ditto|spd|1\n|move|p1a: Reuniclus|Psyshock|p2a: Ditto\n|-resisted|p2a: Ditto\n|-damage|p2a: Ditto|45\/100\n|\n|-heal|p1a: Reuniclus|92\/100 brn|[from] item: Leftovers\n|upkeep\n|turn|37\n|\n|t:|1700974175\n|move|p2a: Ditto|Psyshock|p1a: Reuniclus\n|-resisted|p1a: Reuniclus\n|-damage|p1a: Reuniclus|53\/100 brn\n|move|p1a: Reuniclus|Psyshock|p2a: Ditto\n|-resisted|p2a: Ditto\n|-damage|p2a: Ditto|0 fnt\n|faint|p2a: Ditto\n|\n|-heal|p1a: Reuniclus|59\/100 brn|[from] item: Leftovers\n|upkeep\n|\n|t:|1700974188\n|switch|p2a: Iron Valiant|Iron Valiant|94\/100\n|turn|38\n|\n|t:|1700974191\n|move|p2a: Iron Valiant|Close Combat|p1a: Reuniclus\n|-resisted|p1a: Reuniclus\n|-damage|p1a: Reuniclus|35\/100 brn\n|-unboost|p2a: Iron Valiant|def|1\n|-unboost|p2a: Iron Valiant|spd|1\n|move|p1a: Reuniclus|Recover|p1a: Reuniclus\n|-heal|p1a: Reuniclus|85\/100 brn\n|\n|-heal|p1a: Reuniclus|91\/100 brn|[from] item: Leftovers\n|upkeep\n|turn|39\n|-message|xutao22asd forfeited.\n|\n|win|Young Girl Klara\n|raw|Young Girl Klara's rating: 1187 &rarr; <strong>1206<\/strong><br \/>(+19 for winning)\n|raw|xutao22asd's rating: 1107 &rarr; <strong>1088<\/strong><br \/>(-19 for losing)\n|l|\u2606xutao22asd\n","uploadtime":1700974200,"views":1,"p1id":"younggirlklara","p2id":"xutao22asd","formatid":"gen9nationaldex","rating":1088,"private":0,"password":""}