{"id":"gen9nationaldex-1994089514","p1":"Mibombilla","p2":"Star Guarden","format":"[Gen 9] National Dex","log":"|j|\u2606Mibombilla\n|j|\u2606Star Guarden\n|t:|1700405493\n|gametype|singles\n|player|p1|Mibombilla|benga|\n|player|p2|Star Guarden|lance|\n|teamsize|p1|6\n|teamsize|p2|6\n|gen|9\n|tier|[Gen 9] National Dex\n|rule|HP Percentage Mod: HP is shown in percentages\n|rule|Endless Battle Clause: Forcing endless battles is banned\n|rule|OHKO Clause: OHKO moves are banned\n|rule|Evasion Clause: Evasion abilities, items, and moves are banned\n|rule|Evasion Abilities Clause: Evasion abilities are banned\n|rule|Evasion Items Clause: Evasion items are banned\n|rule|Evasion Moves Clause: Evasion moves are banned\n|rule|Species Clause: Limit one of each Pok\u00e9mon\n|rule|Sleep Clause Mod: Limit one foe put to sleep\n|clearpoke\n|poke|p1|Tyrantrum, M|\n|poke|p1|Rampardos, M|\n|poke|p1|Dracozolt|\n|poke|p1|Aurorus, M|\n|poke|p1|Aerodactyl, M|\n|poke|p1|Carracosta, F|\n|poke|p2|Arcanine, M|\n|poke|p2|Incineroar, M|\n|poke|p2|Sawk, M|\n|poke|p2|Gallade, M|\n|poke|p2|Lycanroc-Dusk, M|\n|poke|p2|Samurott-Hisui, M|\n|teampreview\n|\n|t:|1700405527\n|start\n|switch|p1a: Rampardos|Rampardos, M|100\/100\n|switch|p2a: Gevaudan|Lycanroc-Dusk, M|100\/100\n|turn|1\n|c|\u2606Mibombilla|LOL\n|c|\u2606Mibombilla|GEVAUDAN\n|c|\u2606Mibombilla|Es Spring\n|\n|t:|1700405556\n|move|p2a: Gevaudan|Accelerock|p1a: Rampardos\n|-damage|p1a: Rampardos|42\/100\n|move|p1a: Rampardos|Pursuit|p2a: Gevaudan\n|-damage|p2a: Gevaudan|73\/100\n|\n|upkeep\n|turn|2\n|\n|t:|1700405588\n|move|p2a: Gevaudan|Accelerock|p1a: Rampardos\n|-damage|p1a: Rampardos|0 fnt\n|faint|p1a: Rampardos\n|\n|upkeep\n|\n|t:|1700405592\n|switch|p1a: Dracozolt|Dracozolt|100\/100\n|turn|3\n|c|\u2606Star Guarden|S\u00ed es\n|\n|t:|1700405623\n|move|p2a: Gevaudan|Accelerock|p1a: Dracozolt\n|-damage|p1a: Dracozolt|60\/100\n|move|p1a: Dracozolt|Bolt Beak|p2a: Gevaudan\n|-damage|p2a: Gevaudan|0 fnt\n|faint|p2a: Gevaudan\n|\n|upkeep\n|\n|t:|1700405633\n|switch|p2a: EL TIGRE|Incineroar, M|100\/100\n|-ability|p2a: EL TIGRE|Intimidate|boost\n|-unboost|p1a: Dracozolt|atk|1\n|turn|4\n|\n|t:|1700405640\n|move|p1a: Dracozolt|Bolt Beak|p2a: EL TIGRE\n|-damage|p2a: EL TIGRE|0 fnt\n|faint|p2a: EL TIGRE\n|\n|upkeep\n|c|\u2606Star Guarden|._.\n|\n|t:|1700405655\n|switch|p2a: Traink|Sawk, M|100\/100\n|turn|5\n|\n|t:|1700405661\n|move|p1a: Dracozolt|Bolt Beak|p2a: Traink\n|-ability|p2a: Traink|Sturdy\n|-damage|p2a: Traink|1\/100\n|move|p2a: Traink|Power-Up Punch|p1a: Dracozolt\n|-damage|p1a: Dracozolt|39\/100\n|-boost|p2a: Traink|atk|1\n|\n|upkeep\n|turn|6\n|\n|t:|1700405672\n|move|p1a: Dracozolt|Bolt Beak|p2a: Traink\n|-damage|p2a: Traink|0 fnt\n|faint|p2a: Traink\n|\n|upkeep\n|\n|t:|1700405687\n|switch|p2a: Ragnarok|Arcanine, M|100\/100\n|turn|7\n|\n|t:|1700405693\n|move|p2a: Ragnarok|Extreme Speed|p1a: Dracozolt\n|-damage|p1a: Dracozolt|10\/100\n|-damage|p2a: Ragnarok|91\/100|[from] item: Life Orb\n|move|p1a: Dracozolt|Bolt Beak|p2a: Ragnarok\n|-damage|p2a: Ragnarok|30\/100\n|\n|upkeep\n|turn|8\n|\n|t:|1700405703\n|-terastallize|p1a: Dracozolt|Electric\n|move|p2a: Ragnarok|Extreme Speed|p1a: Dracozolt\n|-damage|p1a: Dracozolt|0 fnt\n|faint|p1a: Dracozolt\n|-damage|p2a: Ragnarok|21\/100|[from] item: Life Orb\n|\n|upkeep\n|\n|t:|1700405711\n|switch|p1a: Aurorus|Aurorus, M|100\/100\n|-weather|Snow|[from] ability: Snow Warning|[of] p1a: Aurorus\n|turn|9\n|\n|t:|1700405723\n|-terastallize|p2a: Ragnarok|Fighting\n|move|p2a: Ragnarok|Close Combat|p1a: Aurorus\n|-supereffective|p1a: Aurorus\n|-damage|p1a: Aurorus|0 fnt\n|-unboost|p2a: Ragnarok|def|1\n|-unboost|p2a: Ragnarok|spd|1\n|faint|p1a: Aurorus\n|-damage|p2a: Ragnarok|11\/100|[from] item: Life Orb\n|\n|-weather|Snow|[upkeep]\n|upkeep\n|\n|t:|1700405731\n|switch|p1a: Carracosta|Carracosta, F|100\/100\n|turn|10\n|\n|t:|1700405740\n|move|p2a: Ragnarok|Close Combat|p1a: Carracosta\n|-supereffective|p1a: Carracosta\n|-crit|p1a: Carracosta\n|-damage|p1a: Carracosta|0 fnt\n|-unboost|p2a: Ragnarok|def|1\n|-unboost|p2a: Ragnarok|spd|1\n|faint|p1a: Carracosta\n|-damage|p2a: Ragnarok|1\/100|[from] item: Life Orb\n|\n|-weather|Snow|[upkeep]\n|upkeep\n|\n|t:|1700405748\n|switch|p1a: Tyrantrum|Tyrantrum, M|100\/100\n|turn|11\n|\n|t:|1700405754\n|move|p2a: Ragnarok|Morning Sun|p2a: Ragnarok\n|-heal|p2a: Ragnarok|26\/100\n|move|p1a: Tyrantrum|Earthquake|p2a: Ragnarok\n|-damage|p2a: Ragnarok|0 fnt\n|faint|p2a: Ragnarok\n|\n|-weather|Snow|[upkeep]\n|upkeep\n|\n|t:|1700405767\n|switch|p2a: Hunter|Samurott-Hisui, M|100\/100\n|turn|12\n|\n|t:|1700405775\n|move|p2a: Hunter|Swords Dance|p2a: Hunter\n|-boost|p2a: Hunter|atk|2\n|-zpower|p1a: Tyrantrum\n|move|p1a: Tyrantrum|Devastating Drake|p2a: Hunter|[zeffect]\n|-damage|p2a: Hunter|0 fnt\n|faint|p2a: Hunter\n|\n|-weather|Snow|[upkeep]\n|upkeep\n|\n|t:|1700405787\n|switch|p2a: Tiger & Lara|Gallade, M, shiny|100\/100\n|turn|13\n|\n|t:|1700405801\n|detailschange|p2a: Tiger & Lara|Gallade-Mega, M, shiny\n|-mega|p2a: Tiger & Lara|Gallade|Galladite\n|move|p2a: Tiger & Lara|Drain Punch|p1a: Tyrantrum\n|-supereffective|p1a: Tyrantrum\n|-damage|p1a: Tyrantrum|10\/100\n|move|p1a: Tyrantrum|Dragon Dance|p1a: Tyrantrum\n|-boost|p1a: Tyrantrum|atk|1\n|-boost|p1a: Tyrantrum|spe|1\n|\n|-weather|none\n|upkeep\n|turn|14\n|\n|t:|1700405814\n|move|p1a: Tyrantrum|Outrage|p2a: Tiger & Lara\n|-damage|p2a: Tiger & Lara|0 fnt\n|faint|p2a: Tiger & Lara\n|\n|win|Mibombilla\n|c|\u2606Mibombilla|Rawr\n|l|\u2606Star Guarden\n","uploadtime":1700405866,"views":20,"p1id":"mibombilla","p2id":"starguarden","formatid":"gen9nationaldex","rating":0,"private":0,"password":""}