{"id":"gen9nationaldex-1998973955","p1":"t2r natdex","p2":"iosuhga","format":"[Gen 9] National Dex","log":"|html|<div class=\"broadcast-blue\"><strong>[Gen 9] National Dex is currently suspecting Sneasler! For information on how to participate check out the <a href=\"https:\/\/www.smogon.com\/forums\/threads\/sv-national-dex-suspect-8-just-dance.3731534\/\">suspect thread<\/a>.<\/strong><\/div>\n|j|\u2606t2r natdex\n|j|\u2606iosuhga\n|t:|1701019572\n|gametype|singles\n|player|p1|t2r natdex|fisherman|1595\n|player|p2|iosuhga|266|1467\n|teamsize|p1|6\n|teamsize|p2|6\n|gen|9\n|tier|[Gen 9] National Dex\n|rated|\n|rule|HP Percentage Mod: HP is shown in percentages\n|rule|Endless Battle Clause: Forcing endless battles is banned\n|rule|OHKO Clause: OHKO moves are banned\n|rule|Evasion Clause: Evasion abilities, items, and moves are banned\n|rule|Evasion Abilities Clause: Evasion abilities are banned\n|rule|Evasion Items Clause: Evasion items are banned\n|rule|Evasion Moves Clause: Evasion moves are banned\n|rule|Species Clause: Limit one of each Pok\u00e9mon\n|rule|Sleep Clause Mod: Limit one foe put to sleep\n|clearpoke\n|poke|p1|Exeggutor-Alola, F|\n|poke|p1|Rillaboom, F|\n|poke|p1|Sneasler, F|\n|poke|p1|Heatran, F|\n|poke|p1|Mantine, M|\n|poke|p1|Gliscor, F|\n|poke|p2|Banette, F|\n|poke|p2|Kleavor, F|\n|poke|p2|Sinistcha-Masterpiece|\n|poke|p2|Urshifu-*, F|\n|poke|p2|Iron Valiant|\n|poke|p2|Rotom-Wash|\n|teampreview\n|inactive|Battle timer is ON: inactive players will automatically lose when time's up. (requested by t2r natdex)\n|\n|t:|1701019589\n|start\n|switch|p1a: Gliscor|Gliscor, F|100\/100\n|switch|p2a: Banette|Banette, F|100\/100\n|turn|1\n|\n|t:|1701019593\n|detailschange|p2a: Banette|Banette-Mega, F\n|-mega|p2a: Banette|Banette|Banettite\n|move|p1a: Gliscor|Protect|p1a: Gliscor\n|-singleturn|p1a: Gliscor|Protect\n|move|p2a: Banette|Swords Dance|p2a: Banette\n|-boost|p2a: Banette|atk|2\n|\n|-status|p1a: Gliscor|tox|[from] item: Toxic Orb\n|upkeep\n|turn|2\n|\n|t:|1701019600\n|move|p1a: Gliscor|Toxic|p2a: Banette\n|-status|p2a: Banette|tox\n|move|p2a: Banette|Poltergeist|p1a: Gliscor\n|-activate|p1a: Gliscor|move: Poltergeist|Toxic Orb\n|-damage|p1a: Gliscor|1\/100 tox\n|\n|-heal|p1a: Gliscor|13\/100 tox|[from] ability: Poison Heal\n|-damage|p2a: Banette|94\/100 tox|[from] psn\n|upkeep\n|turn|3\n|\n|t:|1701019609\n|move|p2a: Banette|Shadow Sneak|p1a: Gliscor\n|-damage|p1a: Gliscor|0 fnt\n|faint|p1a: Gliscor\n|\n|-damage|p2a: Banette|82\/100 tox|[from] psn\n|upkeep\n|\n|t:|1701019614\n|switch|p1a: Rillaboom|Rillaboom, F|100\/100\n|-fieldstart|move: Grassy Terrain|[from] ability: Grassy Surge|[of] p1a: Rillaboom\n|turn|4\n|\n|t:|1701019640\n|move|p1a: Rillaboom|Grassy Glide|p2a: Banette\n|-damage|p2a: Banette|2\/100 tox\n|move|p2a: Banette|Poltergeist|p1a: Rillaboom\n|-activate|p1a: Rillaboom|move: Poltergeist|Choice Band\n|-damage|p1a: Rillaboom|0 fnt\n|faint|p1a: Rillaboom\n|\n|-heal|p2a: Banette|8\/100 tox|[from] Grassy Terrain\n|-damage|p2a: Banette|0 fnt|[from] psn\n|faint|p2a: Banette\n|upkeep\n|\n|t:|1701019653\n|switch|p1a: Sneasler|Sneasler, F|100\/100\n|switch|p2a: Rotom|Rotom-Wash|100\/100\n|-enditem|p1a: Sneasler|Grassy Seed\n|-boost|p1a: Sneasler|def|1|[from] item: Grassy Seed\n|turn|5\n|\n|t:|1701019662\n|move|p1a: Sneasler|Swords Dance|p1a: Sneasler\n|-boost|p1a: Sneasler|atk|2\n|move|p2a: Rotom|Will-O-Wisp|p1a: Sneasler\n|-status|p1a: Sneasler|brn\n|\n|-damage|p1a: Sneasler|95\/100 brn|[from] brn\n|upkeep\n|turn|6\n|\n|t:|1701019666\n|move|p1a: Sneasler|Swords Dance|p1a: Sneasler\n|-boost|p1a: Sneasler|atk|2\n|move|p2a: Rotom|Hydro Pump|p1a: Sneasler\n|-damage|p1a: Sneasler|38\/100 brn\n|\n|-heal|p1a: Sneasler|44\/100 brn|[from] Grassy Terrain\n|-damage|p1a: Sneasler|38\/100 brn|[from] brn\n|upkeep\n|turn|7\n|\n|t:|1701019672\n|move|p1a: Sneasler|Close Combat|p2a: Rotom\n|-damage|p2a: Rotom|8\/100\n|-unboost|p1a: Sneasler|def|1\n|-unboost|p1a: Sneasler|spd|1\n|move|p2a: Rotom|Volt Switch|p1a: Sneasler\n|-damage|p1a: Sneasler|0 fnt\n|faint|p1a: Sneasler\n|\n|t:|1701019681\n|switch|p2a: Kleavor|Kleavor, F|100\/100|[from] Volt Switch\n|\n|upkeep\n|\n|t:|1701019686\n|switch|p1a: Heatran|Heatran, F|100\/100\n|turn|8\n|\n|t:|1701019691\n|move|p2a: Kleavor|Close Combat|p1a: Heatran\n|-supereffective|p1a: Heatran\n|-damage|p1a: Heatran|0 fnt\n|-unboost|p2a: Kleavor|def|1\n|-unboost|p2a: Kleavor|spd|1\n|faint|p1a: Heatran\n|\n|-fieldend|move: Grassy Terrain\n|upkeep\n|\n|t:|1701019701\n|switch|p1a: Mantine|Mantine, M|100\/100\n|turn|9\n|\n|t:|1701019705\n|switch|p2a: Rotom|Rotom-Wash|8\/100\n|move|p1a: Mantine|Toxic|p2a: Rotom\n|-status|p2a: Rotom|tox\n|\n|-heal|p2a: Rotom|14\/100 tox|[from] item: Leftovers\n|-damage|p2a: Rotom|8\/100 tox|[from] psn\n|upkeep\n|turn|10\n|\n|t:|1701019708\n|-terastallize|p1a: Mantine|Steel\n|move|p2a: Rotom|Volt Switch|p1a: Mantine\n|-damage|p1a: Mantine|87\/100\n|\n|t:|1701019716\n|switch|p2a: Sinistcha|Sinistcha-Masterpiece|100\/100|[from] Volt Switch\n|move|p1a: Mantine|Roost|p1a: Mantine\n|-heal|p1a: Mantine|100\/100\n|\n|upkeep\n|turn|11\n|\n|t:|1701019720\n|move|p2a: Sinistcha|Stun Spore|p1a: Mantine\n|-status|p1a: Mantine|par\n|move|p1a: Mantine|Scald|p2a: Sinistcha\n|-resisted|p2a: Sinistcha\n|-damage|p2a: Sinistcha|87\/100\n|\n|-heal|p2a: Sinistcha|93\/100|[from] item: Leftovers\n|upkeep\n|turn|12\n|\n|t:|1701019724\n|move|p2a: Sinistcha|Hex|p1a: Mantine\n|-damage|p1a: Mantine|72\/100 par\n|move|p1a: Mantine|Toxic|p2a: Sinistcha\n|-status|p2a: Sinistcha|tox\n|\n|-heal|p2a: Sinistcha|99\/100 tox|[from] item: Leftovers\n|-damage|p2a: Sinistcha|93\/100 tox|[from] psn\n|upkeep\n|turn|13\n|\n|t:|1701019731\n|move|p2a: Sinistcha|Hex|p1a: Mantine\n|-damage|p1a: Mantine|44\/100 par\n|cant|p1a: Mantine|par\n|\n|-heal|p2a: Sinistcha|99\/100 tox|[from] item: Leftovers\n|-damage|p2a: Sinistcha|87\/100 tox|[from] psn\n|upkeep\n|turn|14\n|\n|t:|1701019734\n|move|p2a: Sinistcha|Hex|p1a: Mantine\n|-damage|p1a: Mantine|17\/100 par\n|move|p1a: Mantine|Roost|p1a: Mantine\n|-heal|p1a: Mantine|67\/100 par\n|\n|-heal|p2a: Sinistcha|93\/100 tox|[from] item: Leftovers\n|-damage|p2a: Sinistcha|75\/100 tox|[from] psn\n|upkeep\n|turn|15\n|\n|t:|1701019737\n|move|p2a: Sinistcha|Hex|p1a: Mantine\n|-damage|p1a: Mantine|39\/100 par\n|move|p1a: Mantine|Roost|p1a: Mantine\n|-heal|p1a: Mantine|89\/100 par\n|\n|-heal|p2a: Sinistcha|81\/100 tox|[from] item: Leftovers\n|-damage|p2a: Sinistcha|57\/100 tox|[from] psn\n|upkeep\n|turn|16\n|\n|t:|1701019746\n|move|p2a: Sinistcha|Hex|p1a: Mantine\n|-damage|p1a: Mantine|60\/100 par\n|cant|p1a: Mantine|par\n|\n|-heal|p2a: Sinistcha|63\/100 tox|[from] item: Leftovers\n|-damage|p2a: Sinistcha|33\/100 tox|[from] psn\n|upkeep\n|turn|17\n|\n|t:|1701019750\n|switch|p2a: Kleavor|Kleavor, F|100\/100\n|move|p1a: Mantine|Roost|p1a: Mantine\n|-heal|p1a: Mantine|100\/100 par\n|\n|upkeep\n|turn|18\n|\n|t:|1701019756\n|switch|p1a: Exeggutor|Exeggutor-Alola, F|100\/100\n|move|p2a: Kleavor|Close Combat|p1a: Exeggutor\n|-damage|p1a: Exeggutor|31\/100\n|-unboost|p2a: Kleavor|def|1\n|-unboost|p2a: Kleavor|spd|1\n|\n|upkeep\n|turn|19\n|\n|t:|1701019763\n|move|p1a: Exeggutor|Endure|p1a: Exeggutor\n|-singleturn|p1a: Exeggutor|move: Endure\n|move|p2a: Kleavor|Close Combat|p1a: Exeggutor\n|-activate|p1a: Exeggutor|move: Endure\n|-damage|p1a: Exeggutor|1\/100\n|-unboost|p2a: Kleavor|def|1\n|-unboost|p2a: Kleavor|spd|1\n|\n|upkeep\n|turn|20\n|-enditem|p1a: Exeggutor|Custap Berry|[eat]\n|-activate|p1a: Exeggutor|item: Custap Berry|[consumed]\n|\n|t:|1701019766\n|move|p1a: Exeggutor|Leaf Storm|p2a: Kleavor\n|-damage|p2a: Kleavor|0 fnt\n|-unboost|p1a: Exeggutor|spa|2\n|faint|p2a: Kleavor\n|\n|upkeep\n|\n|t:|1701019776\n|switch|p2a: Iron Valiant|Iron Valiant|100\/100\n|turn|21\n|\n|t:|1701019780\n|switch|p1a: Mantine|Mantine, M, tera:Steel|100\/100 par\n|move|p2a: Iron Valiant|Aura Sphere|p1a: Mantine\n|-supereffective|p1a: Mantine\n|-damage|p1a: Mantine|44\/100 par\n|\n|upkeep\n|turn|22\n|\n|t:|1701019789\n|move|p2a: Iron Valiant|Aura Sphere|p1a: Mantine\n|-supereffective|p1a: Mantine\n|-damage|p1a: Mantine|0 fnt\n|faint|p1a: Mantine\n|\n|upkeep\n|\n|t:|1701019791\n|switch|p1a: Exeggutor|Exeggutor-Alola, F|1\/100\n|turn|23\n|\n|t:|1701019793\n|move|p1a: Exeggutor|Endure|p1a: Exeggutor\n|-singleturn|p1a: Exeggutor|move: Endure\n|move|p2a: Iron Valiant|Aura Sphere|p1a: Exeggutor\n|-activate|p1a: Exeggutor|move: Endure\n|-damage|p1a: Exeggutor|1\/100\n|\n|-item|p1a: Exeggutor|Custap Berry|[from] ability: Harvest\n|upkeep\n|turn|24\n|-enditem|p1a: Exeggutor|Custap Berry|[eat]\n|-activate|p1a: Exeggutor|item: Custap Berry|[consumed]\n|\n|t:|1701019797\n|move|p1a: Exeggutor|Leaf Storm|p2a: Iron Valiant\n|-damage|p2a: Iron Valiant|0 fnt\n|-unboost|p1a: Exeggutor|spa|2\n|faint|p2a: Iron Valiant\n|-end|p2a: Iron Valiant|Quark Drive|[silent]\n|\n|upkeep\n|\n|t:|1701019801\n|switch|p2a: Urshifu|Urshifu-Rapid-Strike, F|100\/100\n|turn|25\n|\n|t:|1701019807\n|move|p1a: Exeggutor|Endure|p1a: Exeggutor\n|-singleturn|p1a: Exeggutor|move: Endure\n|move|p2a: Urshifu|Surging Strikes|p1a: Exeggutor\n|-resisted|p1a: Exeggutor\n|-crit|p1a: Exeggutor\n|-activate|p1a: Exeggutor|move: Endure\n|-damage|p1a: Exeggutor|1\/100\n|-resisted|p1a: Exeggutor\n|-crit|p1a: Exeggutor\n|-activate|p1a: Exeggutor|move: Endure\n|-damage|p1a: Exeggutor|1\/100\n|-resisted|p1a: Exeggutor\n|-crit|p1a: Exeggutor\n|-activate|p1a: Exeggutor|move: Endure\n|-damage|p1a: Exeggutor|1\/100\n|-hitcount|p1a: Exeggutor|3\n|\n|-item|p1a: Exeggutor|Custap Berry|[from] ability: Harvest\n|upkeep\n|turn|26\n|-enditem|p1a: Exeggutor|Custap Berry|[eat]\n|-activate|p1a: Exeggutor|item: Custap Berry|[consumed]\n|\n|t:|1701019812\n|move|p1a: Exeggutor|Leaf Storm|p2a: Urshifu\n|-supereffective|p2a: Urshifu\n|-damage|p2a: Urshifu|0 fnt\n|-unboost|p1a: Exeggutor|spa|2\n|faint|p2a: Urshifu\n|\n|-item|p1a: Exeggutor|Custap Berry|[from] ability: Harvest\n|upkeep\n|\n|t:|1701019819\n|switch|p2a: Sinistcha|Sinistcha-Masterpiece|33\/100 tox\n|turn|27\n|-enditem|p1a: Exeggutor|Custap Berry|[eat]\n|-activate|p1a: Exeggutor|item: Custap Berry|[consumed]\n|\n|t:|1701019832\n|move|p1a: Exeggutor|Endure|p1a: Exeggutor\n|-singleturn|p1a: Exeggutor|move: Endure\n|move|p2a: Sinistcha|Stun Spore|p1a: Exeggutor\n|-immune|p1a: Exeggutor\n|\n|-heal|p2a: Sinistcha|39\/100 tox|[from] item: Leftovers\n|-damage|p2a: Sinistcha|33\/100 tox|[from] psn\n|-item|p1a: Exeggutor|Custap Berry|[from] ability: Harvest\n|upkeep\n|turn|28\n|-enditem|p1a: Exeggutor|Custap Berry|[eat]\n|-activate|p1a: Exeggutor|item: Custap Berry|[consumed]\n|\n|t:|1701019850\n|move|p1a: Exeggutor|Draco Meteor|p2a: Sinistcha\n|-crit|p2a: Sinistcha\n|-damage|p2a: Sinistcha|0 fnt\n|-unboost|p1a: Exeggutor|spa|2\n|faint|p2a: Sinistcha\n|\n|-item|p1a: Exeggutor|Custap Berry|[from] ability: Harvest\n|upkeep\n|\n|t:|1701019855\n|switch|p2a: Rotom|Rotom-Wash|8\/100 tox\n|turn|29\n|-enditem|p1a: Exeggutor|Custap Berry|[eat]\n|-activate|p1a: Exeggutor|item: Custap Berry|[consumed]\n|\n|t:|1701019867\n|move|p1a: Exeggutor|Leaf Storm|p2a: Rotom\n|-supereffective|p2a: Rotom\n|-damage|p2a: Rotom|0 fnt\n|faint|p2a: Rotom\n|\n|win|t2r natdex\n|raw|t2r natdex's rating: 1595 &rarr; <strong>1608<\/strong><br \/>(+13 for winning)\n|raw|iosuhga's rating: 1467 &rarr; <strong>1454<\/strong><br \/>(-13 for losing)\n|c|\u2606t2r natdex|gg\n|l|\u2606iosuhga\n","uploadtime":1701019881,"views":1,"p1id":"t2rnatdex","p2id":"iosuhga","formatid":"gen9nationaldex","rating":1454,"private":0,"password":""}