{"id":"gen9nationaldex-1991987272","p1":"MoraKun","p2":"Alraakun","format":"[Gen 9] National Dex","log":"|j|\u2606MoraKun\n|j|\u2606Alraakun\n|t:|1700145371\n|gametype|singles\n|player|p1|MoraKun|n|\n|player|p2|Alraakun|n|\n|teamsize|p1|6\n|teamsize|p2|6\n|gen|9\n|tier|[Gen 9] National Dex\n|rule|HP Percentage Mod: HP is shown in percentages\n|rule|Endless Battle Clause: Forcing endless battles is banned\n|rule|OHKO Clause: OHKO moves are banned\n|rule|Evasion Clause: Evasion abilities, items, and moves are banned\n|rule|Evasion Abilities Clause: Evasion abilities are banned\n|rule|Evasion Items Clause: Evasion items are banned\n|rule|Evasion Moves Clause: Evasion moves are banned\n|rule|Species Clause: Limit one of each Pok\u00e9mon\n|rule|Sleep Clause Mod: Limit one foe put to sleep\n|clearpoke\n|poke|p1|Ceruledge, F|\n|poke|p1|Kommo-o, F|\n|poke|p1|Charizard, F|\n|poke|p1|Rillaboom, F|\n|poke|p1|Rotom-Wash|\n|poke|p1|Landorus-Therian, M|\n|poke|p2|Landorus-Therian, M|\n|poke|p2|Tapu Koko|\n|poke|p2|Garchomp, F|\n|poke|p2|Kartana|\n|poke|p2|Volcarona, M|\n|poke|p2|Meowscarada, F|\n|teampreview\n|\n|t:|1700145407\n|start\n|switch|p1a: Rumba|Landorus-Therian, M|100\/100\n|switch|p2a: Volcarona|Volcarona, M|100\/100\n|-ability|p1a: Rumba|Intimidate|boost\n|-unboost|p2a: Volcarona|atk|1\n|turn|1\n|\n|t:|1700145428\n|switch|p2a: Landorus|Landorus-Therian, M|100\/100\n|-ability|p2a: Landorus|Intimidate|boost\n|-unboost|p1a: Rumba|atk|1\n|move|p1a: Rumba|Stone Edge|p2a: Landorus\n|-damage|p2a: Landorus|72\/100\n|\n|upkeep\n|turn|2\n|\n|t:|1700145439\n|switch|p1a: Lavamesta|Rotom-Wash|100\/100\n|move|p2a: Landorus|Swords Dance|p2a: Landorus\n|-boost|p2a: Landorus|atk|2\n|\n|upkeep\n|turn|3\n|\n|t:|1700145477\n|move|p2a: Landorus|Stone Edge|p1a: Lavamesta\n|-damage|p1a: Lavamesta|47\/100\n|move|p1a: Lavamesta|Will-O-Wisp|p2a: Landorus\n|-status|p2a: Landorus|brn\n|\n|-heal|p1a: Lavamesta|53\/100|[from] item: Leftovers\n|-damage|p2a: Landorus|66\/100 brn|[from] brn\n|upkeep\n|turn|4\n|\n|t:|1700145495\n|move|p2a: Landorus|Stone Edge|p1a: Lavamesta\n|-damage|p1a: Lavamesta|26\/100\n|move|p1a: Lavamesta|Hydro Pump|p2a: Landorus|[miss]\n|-miss|p1a: Lavamesta|p2a: Landorus\n|\n|-heal|p1a: Lavamesta|32\/100|[from] item: Leftovers\n|-damage|p2a: Landorus|60\/100 brn|[from] brn\n|upkeep\n|turn|5\n|\n|t:|1700145520\n|switch|p1a: Grimita|Kommo-o, F, shiny|100\/100\n|-zpower|p2a: Landorus\n|move|p2a: Landorus|Continental Crush|p1a: Grimita|[zeffect]\n|-resisted|p1a: Grimita\n|-damage|p1a: Grimita|70\/100\n|\n|-damage|p2a: Landorus|54\/100 brn|[from] brn\n|upkeep\n|turn|6\n|\n|t:|1700145533\n|move|p2a: Landorus|Earthquake|p1a: Grimita\n|-damage|p1a: Grimita|20\/100\n|-zpower|p1a: Grimita\n|move|p1a: Grimita|Clangorous Soulblaze|p2a: Landorus|[zeffect]\n|-damage|p2a: Landorus|0 fnt\n|faint|p2a: Landorus\n|-boost|p1a: Grimita|atk|1\n|-boost|p1a: Grimita|def|1\n|-boost|p1a: Grimita|spa|1\n|-boost|p1a: Grimita|spd|1\n|-boost|p1a: Grimita|spe|1\n|\n|upkeep\n|\n|t:|1700145557\n|switch|p2a: Tapu Koko|Tapu Koko|100\/100\n|-fieldstart|move: Electric Terrain|[from] ability: Electric Surge|[of] p2a: Tapu Koko\n|turn|7\n|\n|t:|1700145580\n|move|p1a: Grimita|Iron Head|p2a: Tapu Koko\n|-damage|p2a: Tapu Koko|53\/100\n|cant|p2a: Tapu Koko|flinch\n|\n|upkeep\n|turn|8\n|\n|t:|1700145589\n|move|p1a: Grimita|Iron Head|p2a: Tapu Koko\n|-damage|p2a: Tapu Koko|3\/100\n|move|p2a: Tapu Koko|Dazzling Gleam|p1a: Grimita\n|-supereffective|p1a: Grimita\n|-damage|p1a: Grimita|0 fnt\n|faint|p1a: Grimita\n|-damage|p2a: Tapu Koko|0 fnt|[from] item: Life Orb\n|faint|p2a: Tapu Koko\n|\n|upkeep\n|c|\u2606Alraakun|es mas rapido hijo de la re miiiill\n|\n|t:|1700145621\n|switch|p2a: Garchomp|Garchomp, F|100\/100\n|switch|p1a: Firiana|Charizard, F|100\/100\n|turn|9\n|\n|t:|1700145650\n|switch|p1a: Girondrilla|Rillaboom, F, shiny|100\/100\n|-fieldstart|move: Grassy Terrain|[from] ability: Grassy Surge|[of] p1a: Girondrilla\n|detailschange|p2a: Garchomp|Garchomp-Mega, F\n|-mega|p2a: Garchomp|Garchomp|Garchompite\n|move|p2a: Garchomp|Dragon Claw|p1a: Girondrilla\n|-damage|p1a: Girondrilla|49\/100\n|\n|-heal|p1a: Girondrilla|55\/100|[from] Grassy Terrain\n|upkeep\n|turn|10\n|\n|t:|1700145687\n|switch|p2a: Kartana|Kartana|100\/100\n|-terastallize|p1a: Girondrilla|Grass\n|move|p1a: Girondrilla|Grassy Glide|p2a: Kartana\n|-resisted|p2a: Kartana\n|-damage|p2a: Kartana|89\/100\n|\n|-heal|p2a: Kartana|95\/100|[from] Grassy Terrain\n|-heal|p1a: Girondrilla|61\/100|[from] Grassy Terrain\n|upkeep\n|turn|11\n|\n|t:|1700145704\n|move|p2a: Kartana|Aerial Ace|p1a: Girondrilla\n|-supereffective|p1a: Girondrilla\n|-damage|p1a: Girondrilla|0 fnt\n|faint|p1a: Girondrilla\n|-ability|p2a: Kartana|Beast Boost|boost\n|-boost|p2a: Kartana|atk|1\n|\n|-heal|p2a: Kartana|100\/100|[from] Grassy Terrain\n|upkeep\n|\n|t:|1700145713\n|switch|p1a: Firiana|Charizard, F|100\/100\n|turn|12\n|\n|t:|1700145730\n|switch|p2a: Garchomp|Garchomp-Mega, F|100\/100\n|detailschange|p1a: Firiana|Charizard-Mega-Y, F\n|-mega|p1a: Firiana|Charizard|Charizardite Y\n|-weather|SunnyDay|[from] ability: Drought|[of] p1a: Firiana\n|move|p1a: Firiana|Flamethrower|p2a: Garchomp\n|-resisted|p2a: Garchomp\n|-damage|p2a: Garchomp|57\/100\n|\n|-weather|SunnyDay|[upkeep]\n|-heal|p2a: Garchomp|63\/100|[from] Grassy Terrain\n|upkeep\n|turn|13\n|\n|t:|1700145767\n|move|p1a: Firiana|Air Slash|p2a: Garchomp\n|-damage|p2a: Garchomp|14\/100\n|move|p2a: Garchomp|Stone Edge|p1a: Firiana\n|-supereffective|p1a: Firiana\n|-crit|p1a: Firiana\n|-damage|p1a: Firiana|0 fnt\n|faint|p1a: Firiana\n|\n|-weather|SunnyDay|[upkeep]\n|-heal|p2a: Garchomp|20\/100|[from] Grassy Terrain\n|-fieldend|move: Grassy Terrain\n|upkeep\n|\n|t:|1700145778\n|switch|p1a: Ojitos|Ceruledge, F, shiny|100\/100\n|turn|14\n|\n|t:|1700145786\n|move|p1a: Ojitos|Endure|p1a: Ojitos\n|-singleturn|p1a: Ojitos|move: Endure\n|move|p2a: Garchomp|Earthquake|p1a: Ojitos\n|-supereffective|p1a: Ojitos\n|-activate|p1a: Ojitos|move: Endure\n|-damage|p1a: Ojitos|1\/100\n|-ability|p1a: Ojitos|Weak Armor|boost\n|-unboost|p1a: Ojitos|def|1\n|-boost|p1a: Ojitos|spe|2\n|-enditem|p1a: Ojitos|Weakness Policy\n|-boost|p1a: Ojitos|atk|2|[from] item: Weakness Policy\n|-boost|p1a: Ojitos|spa|2|[from] item: Weakness Policy\n|\n|-weather|SunnyDay|[upkeep]\n|upkeep\n|turn|15\n|\n|t:|1700145838\n|move|p1a: Ojitos|Shadow Sneak|p2a: Garchomp\n|-damage|p2a: Garchomp|0 fnt\n|faint|p2a: Garchomp\n|\n|-weather|SunnyDay|[upkeep]\n|upkeep\n|\n|t:|1700145843\n|switch|p2a: Kartana|Kartana|100\/100\n|turn|16\n|\n|t:|1700145868\n|-terastallize|p2a: Kartana|Fighting\n|move|p1a: Ojitos|Bitter Blade|p2a: Kartana\n|-damage|p2a: Kartana|0 fnt\n|-heal|p1a: Ojitos|46\/100|[from] drain|[of] p2a: Kartana\n|faint|p2a: Kartana\n|\n|-weather|none\n|upkeep\n|\n|t:|1700145877\n|switch|p2a: Volcarona|Volcarona, M|100\/100\n|turn|17\n|\n|t:|1700145904\n|move|p1a: Ojitos|Bitter Blade|p2a: Volcarona\n|-damage|p2a: Volcarona|0 fnt\n|-heal|p1a: Ojitos|99\/100|[from] drain|[of] p2a: Volcarona\n|faint|p2a: Volcarona\n|\n|upkeep\n|\n|t:|1700145907\n|switch|p2a: Meowscarada|Meowscarada, F|100\/100\n|turn|18\n|\n|t:|1700145926\n|move|p1a: Ojitos|Bitter Blade|p2a: Meowscarada\n|-supereffective|p2a: Meowscarada\n|-enditem|p2a: Meowscarada|Focus Sash\n|-damage|p2a: Meowscarada|1\/100\n|-heal|p1a: Ojitos|100\/100|[from] drain|[of] p2a: Meowscarada\n|move|p2a: Meowscarada|Knock Off|p1a: Ojitos\n|-supereffective|p1a: Ojitos\n|-damage|p1a: Ojitos|0 fnt\n|faint|p1a: Ojitos\n|\n|upkeep\n|\n|t:|1700145937\n|switch|p1a: Rumba|Landorus-Therian, M|100\/100\n|-ability|p1a: Rumba|Intimidate|boost\n|-unboost|p2a: Meowscarada|atk|1\n|turn|19\n|c|\u2606Alraakun|se me olvid\u00f3 que mi meowscarada tenia sash\n|c|\u2606Alraakun|Te la podia haber ganado si no fuera tan gil\n|\n|t:|1700145961\n|move|p1a: Rumba|U-turn|p2a: Meowscarada\n|-supereffective|p2a: Meowscarada\n|-damage|p2a: Meowscarada|0 fnt\n|faint|p2a: Meowscarada\n|\n|win|MoraKun\n|c|\u2606Alraakun|gg\n|c|\u2606MoraKun|Gg\n|c|\u2606Alraakun|Mora luego vienes a la pachanga?\n","uploadtime":1700145979,"views":26,"p1id":"morakun","p2id":"alraakun","formatid":"gen9nationaldex","rating":0,"private":0,"password":""}