{"id":"gen9nationaldex-1990056340","p1":"elpresichavez","p2":"xyf13511744988","format":"[Gen 9] National Dex","log":"|j|\u2606elpresichavez\n|j|\u2606xyf13511744988\n|t:|1699919817\n|gametype|singles\n|player|p1|elpresichavez|grimsley|1655\n|player|p2|xyf13511744988|169|1827\n|teamsize|p1|6\n|teamsize|p2|6\n|gen|9\n|tier|[Gen 9] National Dex\n|rated|\n|rule|HP Percentage Mod: HP is shown in percentages\n|rule|Endless Battle Clause: Forcing endless battles is banned\n|rule|OHKO Clause: OHKO moves are banned\n|rule|Evasion Clause: Evasion abilities, items, and moves are banned\n|rule|Evasion Abilities Clause: Evasion abilities are banned\n|rule|Evasion Items Clause: Evasion items are banned\n|rule|Evasion Moves Clause: Evasion moves are banned\n|rule|Species Clause: Limit one of each Pok\u00e9mon\n|rule|Sleep Clause Mod: Limit one foe put to sleep\n|clearpoke\n|poke|p1|Gliscor, M|\n|poke|p1|Heatran, F|\n|poke|p1|Alomomola, M|\n|poke|p1|Zamazenta-*|\n|poke|p1|Zeraora|\n|poke|p1|Clefable, F|\n|poke|p2|Weavile, F|\n|poke|p2|Landorus-Therian, M|\n|poke|p2|Zapdos|\n|poke|p2|Volcanion|\n|poke|p2|Ursaluna, F|\n|poke|p2|Kartana|\n|teampreview\n|\n|t:|1699919823\n|start\n|switch|p1a: Ser\u00e1 Ahora|Zeraora|100\/100\n|switch|p2a: Weavile|Weavile, F|100\/100\n|-ability|p2a: Weavile|Pressure\n|turn|1\n|\n|t:|1699919830\n|switch|p2a: Landorus|Landorus-Therian, M|100\/100\n|-ability|p2a: Landorus|Intimidate|boost\n|-unboost|p1a: Ser\u00e1 Ahora|atk|1\n|move|p1a: Ser\u00e1 Ahora|Volt Switch|p2a: Landorus\n|-immune|p2a: Landorus\n|\n|upkeep\n|turn|2\n|inactive|Battle timer is ON: inactive players will automatically lose when time's up. (requested by xyf13511744988)\n|\n|t:|1699919837\n|switch|p1a: Daddy Yankee|Gliscor, M|100\/100\n|move|p2a: Landorus|Earthquake|p1a: Daddy Yankee\n|-immune|p1a: Daddy Yankee\n|\n|-status|p1a: Daddy Yankee|tox|[from] item: Toxic Orb\n|upkeep\n|turn|3\n|\n|t:|1699919845\n|switch|p2a: Ursaluna|Ursaluna, F|100\/100\n|move|p1a: Daddy Yankee|Stealth Rock|p2a: Ursaluna\n|-sidestart|p2: xyf13511744988|move: Stealth Rock\n|\n|-status|p2a: Ursaluna|brn|[from] item: Flame Orb\n|upkeep\n|turn|4\n|\n|t:|1699919855\n|move|p2a: Ursaluna|Facade|p1a: Daddy Yankee\n|-damage|p1a: Daddy Yankee|27\/100 tox\n|move|p1a: Daddy Yankee|Earthquake|p2a: Ursaluna\n|-damage|p2a: Ursaluna|72\/100 brn\n|\n|-heal|p1a: Daddy Yankee|40\/100 tox|[from] ability: Poison Heal\n|-damage|p2a: Ursaluna|66\/100 brn|[from] brn\n|upkeep\n|turn|5\n|\n|t:|1699919864\n|switch|p1a: Kanye West|Alomomola, M, shiny|100\/100\n|move|p2a: Ursaluna|Facade|p1a: Kanye West\n|-damage|p1a: Kanye West|29\/100\n|-damage|p2a: Ursaluna|49\/100 brn|[from] item: Rocky Helmet|[of] p1a: Kanye West\n|\n|-damage|p2a: Ursaluna|43\/100 brn|[from] brn\n|upkeep\n|turn|6\n|\n|t:|1699919876\n|move|p1a: Kanye West|Protect|p1a: Kanye West\n|-singleturn|p1a: Kanye West|Protect\n|move|p2a: Ursaluna|Facade|p1a: Kanye West\n|-activate|p1a: Kanye West|move: Protect\n|\n|-damage|p2a: Ursaluna|37\/100 brn|[from] brn\n|upkeep\n|turn|7\n|\n|t:|1699919888\n|switch|p1a: P3rra en Calor|Heatran, F, shiny|100\/100\n|move|p2a: Ursaluna|Facade|p1a: P3rra en Calor\n|-resisted|p1a: P3rra en Calor\n|-damage|p1a: P3rra en Calor|46\/100\n|\n|-heal|p1a: P3rra en Calor|52\/100|[from] item: Leftovers\n|-damage|p2a: Ursaluna|31\/100 brn|[from] brn\n|upkeep\n|turn|8\n|\n|t:|1699919897\n|switch|p1a: Kanye West|Alomomola, M, shiny|62\/100\n|move|p2a: Ursaluna|Facade|p1a: Kanye West\n|-damage|p1a: Kanye West|0 fnt\n|-damage|p2a: Ursaluna|14\/100 brn|[from] item: Rocky Helmet|[of] p1a: Kanye West\n|faint|p1a: Kanye West\n|\n|-damage|p2a: Ursaluna|8\/100 brn|[from] brn\n|upkeep\n|\n|t:|1699919907\n|switch|p1a: La Gorda|Clefable, F, shiny|100\/100\n|turn|9\n|\n|t:|1699919912\n|switch|p2a: Landorus|Landorus-Therian, M|100\/100\n|-damage|p2a: Landorus|88\/100|[from] Stealth Rock\n|-ability|p2a: Landorus|Intimidate|boost\n|-unboost|p1a: La Gorda|atk|1\n|move|p1a: La Gorda|Protect||[still]\n|-fail|p1a: La Gorda\n|\n|-heal|p2a: Landorus|94\/100|[from] item: Leftovers\n|upkeep\n|turn|10\n|\n|t:|1699919920\n|move|p2a: Landorus|Defog|p1a: La Gorda\n|-unboost|p1a: La Gorda|evasion|1\n|-sideend|p2: xyf13511744988|Stealth Rock|[from] move: Defog|[of] p2a: Landorus\n|move|p1a: La Gorda|Wish|p1a: La Gorda\n|\n|-heal|p2a: Landorus|99\/100|[from] item: Leftovers\n|upkeep\n|turn|11\n|\n|t:|1699919927\n|switch|p1a: Daddy Yankee|Gliscor, M|40\/100 tox\n|move|p2a: Landorus|Stealth Rock|p1a: Daddy Yankee\n|-sidestart|p1: elpresichavez|move: Stealth Rock\n|\n|-heal|p1a: Daddy Yankee|95\/100 tox|[from] move: Wish|[wisher] La Gorda\n|-heal|p2a: Landorus|100\/100|[from] item: Leftovers\n|-heal|p1a: Daddy Yankee|100\/100 tox|[from] ability: Poison Heal\n|upkeep\n|turn|12\n|\n|t:|1699919936\n|move|p2a: Landorus|U-turn|p1a: Daddy Yankee\n|-resisted|p1a: Daddy Yankee\n|-damage|p1a: Daddy Yankee|94\/100 tox\n|\n|t:|1699919939\n|switch|p2a: Weavile|Weavile, F|100\/100|[from] U-turn\n|-ability|p2a: Weavile|Pressure\n|move|p1a: Daddy Yankee|Defog|p2a: Weavile\n|-unboost|p2a: Weavile|evasion|1\n|-sideend|p1: elpresichavez|Stealth Rock|[from] move: Defog|[of] p1a: Daddy Yankee\n|\n|-heal|p1a: Daddy Yankee|100\/100 tox|[from] ability: Poison Heal\n|upkeep\n|turn|13\n|\n|t:|1699919963\n|switch|p1a: P3rra en Calor|Heatran, F, shiny|52\/100\n|move|p2a: Weavile|Knock Off|p1a: P3rra en Calor\n|-damage|p1a: P3rra en Calor|0 fnt\n|-enditem|p1a: P3rra en Calor|Leftovers|[from] move: Knock Off|[of] p2a: Weavile\n|faint|p1a: P3rra en Calor\n|\n|upkeep\n|\n|t:|1699919973\n|switch|p1a: Pitbull C0meni\u00f1os|Zamazenta, shiny|100\/100\n|-ability|p1a: Pitbull C0meni\u00f1os|Dauntless Shield|boost\n|-boost|p1a: Pitbull C0meni\u00f1os|def|1\n|turn|14\n|\n|t:|1699919978\n|switch|p2a: Zapdos|Zapdos|100\/100\n|-terastallize|p1a: Pitbull C0meni\u00f1os|Fighting\n|move|p1a: Pitbull C0meni\u00f1os|Close Combat|p2a: Zapdos\n|-resisted|p2a: Zapdos\n|-damage|p2a: Zapdos|56\/100\n|-unboost|p1a: Pitbull C0meni\u00f1os|def|1\n|-unboost|p1a: Pitbull C0meni\u00f1os|spd|1\n|\n|upkeep\n|turn|15\n|\n|t:|1699919988\n|switch|p1a: Ser\u00e1 Ahora|Zeraora|100\/100\n|move|p2a: Zapdos|U-turn|p1a: Ser\u00e1 Ahora\n|-damage|p1a: Ser\u00e1 Ahora|83\/100\n|\n|t:|1699919994\n|switch|p2a: Landorus|Landorus-Therian, M|100\/100|[from] U-turn\n|-ability|p2a: Landorus|Intimidate|boost\n|-unboost|p1a: Ser\u00e1 Ahora|atk|1\n|\n|upkeep\n|turn|16\n|\n|t:|1699919999\n|move|p1a: Ser\u00e1 Ahora|Hidden Power|p2a: Landorus\n|-supereffective|p2a: Landorus\n|-damage|p2a: Landorus|9\/100\n|move|p2a: Landorus|U-turn|p1a: Ser\u00e1 Ahora\n|-damage|p1a: Ser\u00e1 Ahora|54\/100\n|\n|t:|1699920009\n|switch|p2a: Kartana|Kartana|100\/100|[from] U-turn\n|\n|upkeep\n|turn|17\n|\n|t:|1699920013\n|switch|p1a: Daddy Yankee|Gliscor, M|100\/100 tox\n|-terastallize|p2a: Kartana|Grass\n|move|p2a: Kartana|Leaf Blade|p1a: Daddy Yankee\n|-damage|p1a: Daddy Yankee|48\/100 tox\n|\n|-heal|p1a: Daddy Yankee|61\/100 tox|[from] ability: Poison Heal\n|upkeep\n|turn|18\n|\n|t:|1699920023\n|move|p2a: Kartana|Leaf Blade|p1a: Daddy Yankee\n|-damage|p1a: Daddy Yankee|9\/100 tox\n|move|p1a: Daddy Yankee|U-turn|p2a: Kartana\n|-supereffective|p2a: Kartana\n|-damage|p2a: Kartana|66\/100\n|\n|t:|1699920033\n|switch|p1a: Pitbull C0meni\u00f1os|Zamazenta, shiny, tera:Fighting|100\/100|[from] U-turn\n|\n|upkeep\n|turn|19\n|\n|t:|1699920037\n|switch|p2a: Ursaluna|Ursaluna, F|8\/100 brn\n|move|p1a: Pitbull C0meni\u00f1os|Close Combat|p2a: Ursaluna\n|-supereffective|p2a: Ursaluna\n|-damage|p2a: Ursaluna|0 fnt\n|-unboost|p1a: Pitbull C0meni\u00f1os|def|1\n|-unboost|p1a: Pitbull C0meni\u00f1os|spd|1\n|faint|p2a: Ursaluna\n|\n|upkeep\n|\n|t:|1699920045\n|switch|p2a: Zapdos|Zapdos|56\/100\n|turn|20\n|\n|t:|1699920049\n|switch|p1a: Ser\u00e1 Ahora|Zeraora|54\/100\n|move|p2a: Zapdos|U-turn|p1a: Ser\u00e1 Ahora\n|-damage|p1a: Ser\u00e1 Ahora|35\/100\n|\n|t:|1699920052\n|switch|p2a: Kartana|Kartana, tera:Grass|66\/100|[from] U-turn\n|\n|upkeep\n|turn|21\n|\n|t:|1699920064\n|move|p2a: Kartana|Leaf Blade|p1a: Ser\u00e1 Ahora\n|-damage|p1a: Ser\u00e1 Ahora|0 fnt\n|faint|p1a: Ser\u00e1 Ahora\n|-ability|p2a: Kartana|Beast Boost|boost\n|-boost|p2a: Kartana|atk|1\n|\n|upkeep\n|-message|elpresichavez forfeited.\n|\n|win|xyf13511744988\n|raw|elpresichavez's rating: 1655 &rarr; <strong>1644<\/strong><br \/>(-11 for losing)\n|raw|xyf13511744988's rating: 1827 &rarr; <strong>1838<\/strong><br \/>(+11 for winning)\n|l|\u2606elpresichavez\n","uploadtime":1699920076,"views":10,"p1id":"elpresichavez","p2id":"xyf13511744988","formatid":"gen9nationaldex","rating":1644,"private":0,"password":""}