{"id":"gen9nationaldex-1997321044","p1":"not_kastadiva","p2":"UUbers Vesp","format":"[Gen 9] National Dex","log":"|html|<div class=\"broadcast-blue\"><strong>[Gen 9] National Dex is currently suspecting Sneasler! For information on how to participate check out the <a href=\"https:\/\/www.smogon.com\/forums\/threads\/sv-national-dex-suspect-8-just-dance.3731534\/\">suspect thread<\/a>.<\/strong><\/div>\n|j|\u2606not_kastadiva\n|j|\u2606UUbers Vesp\n|t:|1700789106\n|gametype|singles\n|player|p1|not_kastadiva|102|1576\n|player|p2|UUbers Vesp|juggler|1664\n|teamsize|p1|6\n|teamsize|p2|6\n|gen|9\n|tier|[Gen 9] National Dex\n|rated|\n|rule|HP Percentage Mod: HP is shown in percentages\n|rule|Endless Battle Clause: Forcing endless battles is banned\n|rule|OHKO Clause: OHKO moves are banned\n|rule|Evasion Clause: Evasion abilities, items, and moves are banned\n|rule|Evasion Abilities Clause: Evasion abilities are banned\n|rule|Evasion Items Clause: Evasion items are banned\n|rule|Evasion Moves Clause: Evasion moves are banned\n|rule|Species Clause: Limit one of each Pok\u00e9mon\n|rule|Sleep Clause Mod: Limit one foe put to sleep\n|clearpoke\n|poke|p1|Ursaluna, M|\n|poke|p1|Hatterene, F|\n|poke|p1|Hoopa-Unbound|\n|poke|p1|Sinistcha-Masterpiece|\n|poke|p1|Iron Hands|\n|poke|p1|Mawile, M|\n|poke|p2|Ursaluna, F|\n|poke|p2|Alomomola, F|\n|poke|p2|Iron Valiant|\n|poke|p2|Scizor, F|\n|poke|p2|Zapdos|\n|poke|p2|Garchomp, F|\n|teampreview\n|inactive|Battle timer is ON: inactive players will automatically lose when time's up. (requested by not_kastadiva)\n|\n|t:|1700789127\n|start\n|switch|p1a: Sinistcha|Sinistcha-Masterpiece|100\/100\n|switch|p2a: 21ST CENTURY|Iron Valiant|100\/100\n|turn|1\n|\n|t:|1700789129\n|-terastallize|p2a: 21ST CENTURY|Fairy\n|move|p2a: 21ST CENTURY|Moonblast|p1a: Sinistcha\n|-damage|p1a: Sinistcha|0 fnt\n|faint|p1a: Sinistcha\n|\n|upkeep\n|\n|t:|1700789136\n|switch|p1a: Hatterene|Hatterene, F|100\/100\n|turn|2\n|\n|t:|1700789137\n|move|p2a: 21ST CENTURY|Moonblast|p1a: Hatterene\n|-damage|p1a: Hatterene|21\/100\n|move|p1a: Hatterene|Trick Room|p1a: Hatterene\n|-fieldstart|move: Trick Room|[of] p1a: Hatterene\n|\n|upkeep\n|turn|3\n|\n|t:|1700789142\n|move|p1a: Hatterene|Healing Wish|p1a: Hatterene\n|faint|p1a: Hatterene\n|move|p2a: 21ST CENTURY|Moonblast|p1: Hatterene|[notarget]\n|-fail|p2a: 21ST CENTURY\n|\n|upkeep\n|\n|t:|1700789145\n|switch|p1a: Mawile|Mawile, M|100\/100\n|-ability|p1a: Mawile|Intimidate|boost\n|-unboost|p2a: 21ST CENTURY|atk|1\n|turn|4\n|\n|t:|1700789150\n|-end|p2a: 21ST CENTURY|Quark Drive|[silent]\n|switch|p2a: CHASING CLOUDS YEA|Zapdos|100\/100\n|detailschange|p1a: Mawile|Mawile-Mega, M\n|-mega|p1a: Mawile|Mawile|Mawilite\n|move|p1a: Mawile|Knock Off|p2a: CHASING CLOUDS YEA\n|-damage|p2a: CHASING CLOUDS YEA|51\/100\n|-status|p1a: Mawile|par|[from] ability: Static|[of] p2a: CHASING CLOUDS YEA\n|-enditem|p2a: CHASING CLOUDS YEA|Heavy-Duty Boots|[from] move: Knock Off|[of] p1a: Mawile\n|\n|upkeep\n|turn|5\n|\n|t:|1700789157\n|move|p1a: Mawile|Play Rough|p2a: CHASING CLOUDS YEA|[miss]\n|-miss|p1a: Mawile|p2a: CHASING CLOUDS YEA\n|move|p2a: CHASING CLOUDS YEA|Roost|p2a: CHASING CLOUDS YEA\n|-heal|p2a: CHASING CLOUDS YEA|100\/100\n|-singleturn|p2a: CHASING CLOUDS YEA|move: Roost\n|\n|upkeep\n|turn|6\n|\n|t:|1700789162\n|move|p1a: Mawile|Play Rough|p2a: CHASING CLOUDS YEA|[miss]\n|-miss|p1a: Mawile|p2a: CHASING CLOUDS YEA\n|move|p2a: CHASING CLOUDS YEA|Roost||[still]\n|-fail|p2a: CHASING CLOUDS YEA|heal\n|\n|-fieldend|move: Trick Room\n|upkeep\n|turn|7\n|\n|t:|1700789167\n|move|p2a: CHASING CLOUDS YEA|Volt Switch|p1a: Mawile\n|-damage|p1a: Mawile|68\/100 par\n|\n|t:|1700789172\n|switch|p2a: I WISH I KNEW YOU|Alomomola, F|100\/100|[from] Volt Switch\n|move|p1a: Mawile|Knock Off|p2a: I WISH I KNEW YOU\n|-damage|p2a: I WISH I KNEW YOU|65\/100\n|-enditem|p2a: I WISH I KNEW YOU|Heavy-Duty Boots|[from] move: Knock Off|[of] p1a: Mawile\n|\n|upkeep\n|turn|8\n|c|\u2606not_kastadiva|\ud83d\ude29\n|\n|t:|1700789185\n|move|p2a: I WISH I KNEW YOU|Flip Turn|p1a: Mawile\n|-damage|p1a: Mawile|53\/100 par\n|c|\u2606UUbers Vesp|It didnt matter\n|c|\u2606UUbers Vesp|U played like ass\n|c|\u2606UUbers Vesp|I sac 2 mfs and ohko your whole team\n|c|\u2606UUbers Vesp|Either way\n|\n|t:|1700789205\n|switch|p2a: COMPARE COMBUST|Ursaluna, F|100\/100|[from] Flip Turn\n|move|p1a: Mawile|Knock Off|p2a: COMPARE COMBUST\n|-damage|p2a: COMPARE COMBUST|57\/100\n|-enditem|p2a: COMPARE COMBUST|Flame Orb|[from] move: Knock Off|[of] p1a: Mawile\n|\n|upkeep\n|turn|9\n|c|\u2606not_kastadiva|Ok\n|inactive|not_kastadiva has 120 seconds left.\n|\n|t:|1700789236\n|switch|p1a: Iron Hands|Iron Hands|100\/100\n|-enditem|p1a: Iron Hands|Booster Energy\n|-activate|p1a: Iron Hands|ability: Quark Drive|[fromitem]\n|-start|p1a: Iron Hands|quarkdriveatk\n|move|p2a: COMPARE COMBUST|Earthquake|p1a: Iron Hands\n|-supereffective|p1a: Iron Hands\n|-damage|p1a: Iron Hands|39\/100\n|\n|upkeep\n|turn|10\n|inactive|not_kastadiva has 120 seconds left.\n|\n|t:|1700789250\n|-terastallize|p1a: Iron Hands|Ice\n|move|p2a: COMPARE COMBUST|Earthquake|p1a: Iron Hands\n|-damage|p1a: Iron Hands|7\/100\n|move|p1a: Iron Hands|Drain Punch|p2a: COMPARE COMBUST\n|-supereffective|p2a: COMPARE COMBUST\n|-damage|p2a: COMPARE COMBUST|0 fnt\n|-heal|p1a: Iron Hands|33\/100|[from] drain|[of] p2a: COMPARE COMBUST\n|faint|p2a: COMPARE COMBUST\n|\n|upkeep\n|\n|t:|1700789254\n|switch|p2a: LIBERATE ME|Scizor, F|100\/100\n|turn|11\n|\n|t:|1700789260\n|-end|p1a: Iron Hands|Quark Drive|[silent]\n|switch|p1a: Ursaluna|Ursaluna, M|100\/100\n|detailschange|p2a: LIBERATE ME|Scizor-Mega, F\n|-mega|p2a: LIBERATE ME|Scizor|Scizorite\n|move|p2a: LIBERATE ME|Swords Dance|p2a: LIBERATE ME\n|-boost|p2a: LIBERATE ME|atk|2\n|\n|-status|p1a: Ursaluna|brn|[from] item: Flame Orb\n|upkeep\n|turn|12\n|\n|t:|1700789266\n|move|p2a: LIBERATE ME|U-turn|p1a: Ursaluna\n|-damage|p1a: Ursaluna|48\/100 brn\n|\n|t:|1700789267\n|switch|p2a: BOLT TO THE HEAD|Garchomp, F|100\/100|[from] U-turn\n|move|p1a: Ursaluna|Fire Punch|p2a: BOLT TO THE HEAD\n|-resisted|p2a: BOLT TO THE HEAD\n|-damage|p2a: BOLT TO THE HEAD|77\/100\n|-damage|p1a: Ursaluna|36\/100 brn|[from] ability: Rough Skin|[of] p2a: BOLT TO THE HEAD\n|\n|-damage|p1a: Ursaluna|30\/100 brn|[from] brn\n|upkeep\n|turn|13\n|\n|t:|1700789273\n|move|p2a: BOLT TO THE HEAD|Earthquake|p1a: Ursaluna\n|-damage|p1a: Ursaluna|0 fnt\n|faint|p1a: Ursaluna\n|\n|upkeep\n|\n|t:|1700789276\n|switch|p1a: Hoopa|Hoopa-Unbound|100\/100\n|turn|14\n|\n|t:|1700789279\n|-zpower|p2a: BOLT TO THE HEAD\n|move|p2a: BOLT TO THE HEAD|Continental Crush|p1a: Hoopa|[zeffect]\n|-damage|p1a: Hoopa|32\/100\n|move|p1a: Hoopa|Trick Room|p1a: Hoopa\n|-fieldstart|move: Trick Room|[of] p1a: Hoopa\n|\n|upkeep\n|turn|15\n|\n|t:|1700789285\n|switch|p2a: 21ST CENTURY|Iron Valiant, tera:Fairy|100\/100\n|move|p1a: Hoopa|Hyperspace Fury|p2a: 21ST CENTURY\n|-resisted|p2a: 21ST CENTURY\n|-damage|p2a: 21ST CENTURY|69\/100\n|-unboost|p1a: Hoopa|def|1\n|-enditem|p1a: Hoopa|Eject Pack\n|\n|t:|1700789293\n|switch|p1a: Iron Hands|Iron Hands, tera:Ice|33\/100\n|-heal|p1a: Iron Hands|100\/100|[from] move: Healing Wish\n|\n|upkeep\n|turn|16\n|\n|t:|1700789302\n|-end|p2a: 21ST CENTURY|Quark Drive|[silent]\n|switch|p2a: I WISH I KNEW YOU|Alomomola, F|98\/100\n|move|p1a: Iron Hands|Ice Punch|p2a: I WISH I KNEW YOU\n|-resisted|p2a: I WISH I KNEW YOU\n|-damage|p2a: I WISH I KNEW YOU|85\/100\n|\n|upkeep\n|turn|17\n|\n|t:|1700789306\n|move|p1a: Iron Hands|Swords Dance|p1a: Iron Hands\n|-boost|p1a: Iron Hands|atk|2\n|move|p2a: I WISH I KNEW YOU|Toxic|p1a: Iron Hands\n|-status|p1a: Iron Hands|tox\n|\n|-damage|p1a: Iron Hands|94\/100 tox|[from] psn\n|upkeep\n|turn|18\n|\n|t:|1700789311\n|move|p2a: I WISH I KNEW YOU|Protect|p2a: I WISH I KNEW YOU\n|-singleturn|p2a: I WISH I KNEW YOU|Protect\n|move|p1a: Iron Hands|Wild Charge|p2a: I WISH I KNEW YOU\n|-activate|p2a: I WISH I KNEW YOU|move: Protect\n|\n|-damage|p1a: Iron Hands|82\/100 tox|[from] psn\n|-fieldend|move: Trick Room\n|upkeep\n|turn|19\n|\n|t:|1700789316\n|switch|p2a: CHASING CLOUDS YEA|Zapdos|100\/100\n|move|p1a: Iron Hands|Drain Punch|p2a: CHASING CLOUDS YEA\n|-resisted|p2a: CHASING CLOUDS YEA\n|-damage|p2a: CHASING CLOUDS YEA|63\/100\n|-heal|p1a: Iron Hands|96\/100 tox|[from] drain|[of] p2a: CHASING CLOUDS YEA\n|\n|-damage|p1a: Iron Hands|77\/100 tox|[from] psn\n|upkeep\n|turn|20\n|\n|t:|1700789321\n|move|p2a: CHASING CLOUDS YEA|Hurricane|p1a: Iron Hands\n|-crit|p1a: Iron Hands\n|-damage|p1a: Iron Hands|18\/100 tox\n|move|p1a: Iron Hands|Ice Punch|p2a: CHASING CLOUDS YEA\n|-supereffective|p2a: CHASING CLOUDS YEA\n|-damage|p2a: CHASING CLOUDS YEA|0 fnt\n|faint|p2a: CHASING CLOUDS YEA\n|\n|-damage|p1a: Iron Hands|0 fnt|[from] psn\n|faint|p1a: Iron Hands\n|-end|p1a: Iron Hands|Quark Drive|[silent]\n|upkeep\n|\n|t:|1700789326\n|switch|p2a: BOLT TO THE HEAD|Garchomp, F|77\/100\n|switch|p1a: Hoopa|Hoopa-Unbound|32\/100\n|turn|21\n|\n|t:|1700789329\n|move|p2a: BOLT TO THE HEAD|Earthquake|p1a: Hoopa\n|-damage|p1a: Hoopa|0 fnt\n|faint|p1a: Hoopa\n|\n|upkeep\n|\n|t:|1700789331\n|switch|p1a: Mawile|Mawile-Mega, M|53\/100 par\n|turn|22\n|\n|t:|1700789334\n|move|p1a: Mawile|Sucker Punch|p2a: BOLT TO THE HEAD\n|-damage|p2a: BOLT TO THE HEAD|35\/100\n|-damage|p1a: Mawile|41\/100 par|[from] ability: Rough Skin|[of] p2a: BOLT TO THE HEAD\n|move|p2a: BOLT TO THE HEAD|Earthquake|p1a: Mawile\n|-supereffective|p1a: Mawile\n|-damage|p1a: Mawile|0 fnt\n|faint|p1a: Mawile\n|\n|win|UUbers Vesp\n|raw|not_kastadiva's rating: 1598 &rarr; <strong>1582<\/strong><br \/>(-16 for losing)\n|raw|UUbers Vesp's rating: 1664 &rarr; <strong>1680<\/strong><br \/>(+16 for winning)\n","uploadtime":1700789337,"views":3,"p1id":"notkastadiva","p2id":"uubersvesp","formatid":"gen9nationaldex","rating":1582,"private":0,"password":""}