{"id":"gen9nationaldex-1989468492","p1":"pokegenius30","p2":"legomagic007","format":"[Gen 9] National Dex","log":"|j|\u2606pokegenius30\n|j|\u2606legomagic007\n|t:|1699855313\n|gametype|singles\n|player|p1|pokegenius30|102|1066\n|player|p2|legomagic007|nate|1073\n|teamsize|p1|6\n|teamsize|p2|6\n|gen|9\n|tier|[Gen 9] National Dex\n|rated|\n|rule|HP Percentage Mod: HP is shown in percentages\n|rule|Endless Battle Clause: Forcing endless battles is banned\n|rule|OHKO Clause: OHKO moves are banned\n|rule|Evasion Clause: Evasion abilities, items, and moves are banned\n|rule|Evasion Abilities Clause: Evasion abilities are banned\n|rule|Evasion Items Clause: Evasion items are banned\n|rule|Evasion Moves Clause: Evasion moves are banned\n|rule|Species Clause: Limit one of each Pok\u00e9mon\n|rule|Sleep Clause Mod: Limit one foe put to sleep\n|clearpoke\n|poke|p1|Spiritomb, M|\n|poke|p1|Meowscarada, M|\n|poke|p1|Greninja-*, F|\n|poke|p1|Lokix, M|\n|poke|p1|Qwilfish-Hisui, F|\n|poke|p1|Hoopa-Unbound|\n|poke|p2|Arcanine, M|\n|poke|p2|Hydreigon, F|\n|poke|p2|Togekiss, F|\n|poke|p2|Magnezone|\n|poke|p2|Seismitoad, M|\n|poke|p2|Gallade, M|\n|teampreview\n|inactive|Battle timer is ON: inactive players will automatically lose when time's up. (requested by legomagic007)\n|\n|t:|1699855321\n|start\n|switch|p1a: Greninja|Greninja, F|100\/100\n|switch|p2a: Arcanine|Arcanine, M|100\/100\n|-ability|p2a: Arcanine|Intimidate|boost\n|-unboost|p1a: Greninja|atk|1\n|turn|1\n|\n|t:|1699855330\n|move|p2a: Arcanine|Extreme Speed|p1a: Greninja\n|-damage|p1a: Greninja|52\/100\n|move|p1a: Greninja|U-turn|p2a: Arcanine\n|-start|p1a: Greninja|typechange|Bug|[from] ability: Protean\n|-resisted|p2a: Arcanine\n|-damage|p2a: Arcanine|88\/100\n|-damage|p1a: Greninja|35\/100|[from] item: Rocky Helmet|[of] p2a: Arcanine\n|\n|t:|1699855339\n|switch|p1a: Qwilfish|Qwilfish-Hisui, F|100\/100|[from] U-turn\n|-ability|p1a: Qwilfish|Intimidate|boost\n|-unboost|p2a: Arcanine|atk|1\n|\n|upkeep\n|turn|2\n|\n|t:|1699855347\n|move|p2a: Arcanine|Flare Blitz|p1a: Qwilfish\n|-damage|p1a: Qwilfish|80\/100\n|-damage|p2a: Arcanine|81\/100|[from] Recoil\n|move|p1a: Qwilfish|Toxic|p2a: Arcanine\n|-status|p2a: Arcanine|tox\n|\n|-damage|p2a: Arcanine|75\/100 tox|[from] psn\n|upkeep\n|turn|3\n|\n|t:|1699855355\n|move|p2a: Arcanine|Will-O-Wisp|p1a: Qwilfish\n|-status|p1a: Qwilfish|brn\n|move|p1a: Qwilfish|Acupressure|p1a: Qwilfish\n|-boost|p1a: Qwilfish|def|2\n|\n|-damage|p2a: Arcanine|62\/100 tox|[from] psn\n|-damage|p1a: Qwilfish|74\/100 brn|[from] brn\n|upkeep\n|turn|4\n|\n|t:|1699855364\n|move|p2a: Arcanine|Flare Blitz|p1a: Qwilfish\n|-damage|p1a: Qwilfish|63\/100 brn\n|-damage|p2a: Arcanine|58\/100 tox|[from] Recoil\n|move|p1a: Qwilfish|Acupressure|p1a: Qwilfish\n|-boost|p1a: Qwilfish|def|2\n|\n|-damage|p2a: Arcanine|40\/100 tox|[from] psn\n|-damage|p1a: Qwilfish|57\/100 brn|[from] brn\n|upkeep\n|turn|5\n|\n|t:|1699855372\n|move|p2a: Arcanine|Flare Blitz|p1a: Qwilfish\n|-damage|p1a: Qwilfish|50\/100 brn\n|-damage|p2a: Arcanine|37\/100 tox|[from] Recoil\n|move|p1a: Qwilfish|Acupressure|p1a: Qwilfish\n|-boost|p1a: Qwilfish|spe|2\n|\n|-damage|p2a: Arcanine|12\/100 tox|[from] psn\n|-damage|p1a: Qwilfish|44\/100 brn|[from] brn\n|upkeep\n|turn|6\n|\n|t:|1699855384\n|switch|p2a: Seismitoad|Seismitoad, M|100\/100\n|move|p1a: Qwilfish|Acupressure|p1a: Qwilfish\n|-boost|p1a: Qwilfish|evasion|2\n|\n|-damage|p1a: Qwilfish|38\/100 brn|[from] brn\n|upkeep\n|turn|7\n|\n|t:|1699855391\n|move|p1a: Qwilfish|Toxic|p2a: Seismitoad\n|-status|p2a: Seismitoad|tox\n|move|p2a: Seismitoad|Earthquake|p1a: Qwilfish\n|-supereffective|p1a: Qwilfish\n|-damage|p1a: Qwilfish|21\/100 brn\n|\n|-damage|p2a: Seismitoad|94\/100 tox|[from] psn\n|-damage|p1a: Qwilfish|15\/100 brn|[from] brn\n|upkeep\n|turn|8\n|\n|t:|1699855401\n|move|p1a: Qwilfish|Rest|p1a: Qwilfish\n|-status|p1a: Qwilfish|slp|[from] move: Rest\n|-heal|p1a: Qwilfish|100\/100 slp|[silent]\n|move|p2a: Seismitoad|Knock Off|p1a: Qwilfish\n|-resisted|p1a: Qwilfish\n|-damage|p1a: Qwilfish|98\/100 slp\n|-enditem|p1a: Qwilfish|Eviolite|[from] move: Knock Off|[of] p2a: Seismitoad\n|\n|-heal|p2a: Seismitoad|100\/100 tox|[from] item: Leftovers\n|-damage|p2a: Seismitoad|88\/100 tox|[from] psn\n|upkeep\n|turn|9\n|\n|t:|1699855412\n|switch|p2a: Magnezone|Magnezone|100\/100\n|-item|p2a: Magnezone|Air Balloon\n|cant|p1a: Qwilfish|slp\n|\n|upkeep\n|turn|10\n|\n|t:|1699855418\n|cant|p1a: Qwilfish|slp\n|move|p2a: Magnezone|Flash Cannon|p1a: Qwilfish|[miss]\n|-miss|p2a: Magnezone|p1a: Qwilfish\n|\n|upkeep\n|turn|11\n|\n|t:|1699855425\n|-curestatus|p1a: Qwilfish|slp|[msg]\n|move|p1a: Qwilfish|Acupressure|p1a: Qwilfish\n|-boost|p1a: Qwilfish|spa|2\n|move|p2a: Magnezone|Flash Cannon|p1a: Qwilfish\n|-crit|p1a: Qwilfish\n|-damage|p1a: Qwilfish|0 fnt\n|faint|p1a: Qwilfish\n|\n|upkeep\n|\n|t:|1699855434\n|switch|p1a: Hoopa|Hoopa-Unbound|100\/100\n|turn|12\n|\n|t:|1699855440\n|move|p1a: Hoopa|Focus Blast|p2a: Magnezone\n|-supereffective|p2a: Magnezone\n|-ability|p2a: Magnezone|Sturdy\n|-damage|p2a: Magnezone|1\/100\n|-enditem|p2a: Magnezone|Air Balloon\n|move|p2a: Magnezone|Mirror Coat|p1a: Hoopa\n|-immune|p1a: Hoopa\n|\n|upkeep\n|turn|13\n|\n|t:|1699855459\n|move|p1a: Hoopa|Psychic|p2a: Magnezone\n|-resisted|p2a: Magnezone\n|-damage|p2a: Magnezone|0 fnt\n|faint|p2a: Magnezone\n|\n|upkeep\n|\n|t:|1699855464\n|switch|p2a: Hydreigon|Hydreigon, F|100\/100\n|turn|14\n|\n|t:|1699855470\n|move|p2a: Hydreigon|Draco Meteor|p1a: Hoopa|[miss]\n|-miss|p2a: Hydreigon|p1a: Hoopa\n|move|p1a: Hoopa|Focus Blast|p2a: Hydreigon|[miss]\n|-miss|p1a: Hoopa|p2a: Hydreigon\n|\n|upkeep\n|turn|15\n|\n|t:|1699855476\n|move|p2a: Hydreigon|Draco Meteor|p1a: Hoopa\n|-damage|p1a: Hoopa|65\/100\n|-unboost|p2a: Hydreigon|spa|2\n|move|p1a: Hoopa|Focus Blast|p2a: Hydreigon\n|-supereffective|p2a: Hydreigon\n|-damage|p2a: Hydreigon|3\/100\n|\n|upkeep\n|turn|16\n|\n|t:|1699855486\n|move|p2a: Hydreigon|Nasty Plot|p2a: Hydreigon\n|-boost|p2a: Hydreigon|spa|2\n|move|p1a: Hoopa|Gunk Shot|p2a: Hydreigon|[miss]\n|-miss|p1a: Hoopa|p2a: Hydreigon\n|\n|upkeep\n|turn|17\n|\n|t:|1699855493\n|move|p2a: Hydreigon|Draco Meteor|p1a: Hoopa\n|-damage|p1a: Hoopa|35\/100\n|-unboost|p2a: Hydreigon|spa|2\n|move|p1a: Hoopa|Hyperspace Fury|p2a: Hydreigon\n|-resisted|p2a: Hydreigon\n|-damage|p2a: Hydreigon|0 fnt\n|-unboost|p1a: Hoopa|def|1\n|faint|p2a: Hydreigon\n|\n|upkeep\n|\n|t:|1699855502\n|switch|p2a: Arcanine|Arcanine, M|12\/100 tox\n|-ability|p2a: Arcanine|Intimidate|boost\n|-unboost|p1a: Hoopa|atk|1\n|turn|18\n|\n|t:|1699855507\n|switch|p1a: Spiritomb|Spiritomb, M|100\/100\n|move|p2a: Arcanine|Extreme Speed|p1a: Spiritomb\n|-immune|p1a: Spiritomb\n|\n|-damage|p2a: Arcanine|6\/100 tox|[from] psn\n|upkeep\n|turn|19\n|\n|t:|1699855520\n|switch|p2a: Seismitoad|Seismitoad, M|88\/100 tox\n|move|p1a: Spiritomb|Body Slam|p2a: Seismitoad\n|-crit|p2a: Seismitoad\n|-damage|p2a: Seismitoad|60\/100 tox\n|\n|-heal|p2a: Seismitoad|66\/100 tox|[from] item: Leftovers\n|-damage|p2a: Seismitoad|60\/100 tox|[from] psn\n|upkeep\n|turn|20\n|\n|t:|1699855528\n|move|p2a: Seismitoad|Knock Off|p1a: Spiritomb\n|-damage|p1a: Spiritomb|69\/100\n|-enditem|p1a: Spiritomb|Custap Berry|[from] move: Knock Off|[of] p2a: Seismitoad\n|move|p1a: Spiritomb|Poltergeist|p2a: Seismitoad\n|-activate|p2a: Seismitoad|move: Poltergeist|Leftovers\n|-damage|p2a: Seismitoad|21\/100 tox\n|\n|-heal|p2a: Seismitoad|27\/100 tox|[from] item: Leftovers\n|-damage|p2a: Seismitoad|15\/100 tox|[from] psn\n|upkeep\n|turn|21\n|\n|t:|1699855539\n|move|p2a: Seismitoad|Earthquake|p1a: Spiritomb\n|-damage|p1a: Spiritomb|16\/100\n|move|p1a: Spiritomb|Body Slam|p2a: Seismitoad\n|-damage|p2a: Seismitoad|0 fnt\n|faint|p2a: Seismitoad\n|\n|upkeep\n|\n|t:|1699855546\n|switch|p2a: Arcanine|Arcanine, M|6\/100 tox\n|-ability|p2a: Arcanine|Intimidate|boost\n|-unboost|p1a: Spiritomb|atk|1\n|turn|22\n|\n|t:|1699855551\n|move|p2a: Arcanine|Flare Blitz|p1a: Spiritomb\n|-damage|p1a: Spiritomb|0 fnt\n|faint|p1a: Spiritomb\n|-damage|p2a: Arcanine|1\/100 tox|[from] Recoil\n|\n|-damage|p2a: Arcanine|0 fnt|[from] psn\n|faint|p2a: Arcanine\n|upkeep\n|\n|t:|1699855560\n|switch|p2a: Togekiss|Togekiss, F|100\/100\n|switch|p1a: Greninja|Greninja, F|35\/100\n|turn|23\n|\n|t:|1699855567\n|move|p1a: Greninja|Gunk Shot|p2a: Togekiss\n|-start|p1a: Greninja|typechange|Poison|[from] ability: Protean\n|-supereffective|p2a: Togekiss\n|-damage|p2a: Togekiss|0 fnt\n|faint|p2a: Togekiss\n|\n|upkeep\n|\n|t:|1699855573\n|switch|p2a: Gallade|Gallade, M|100\/100\n|turn|24\n|\n|t:|1699855577\n|detailschange|p2a: Gallade|Gallade-Mega, M\n|-mega|p2a: Gallade|Gallade|Galladite\n|move|p2a: Gallade|Shadow Sneak|p1a: Greninja\n|-damage|p1a: Greninja|5\/100\n|move|p1a: Greninja|Gunk Shot|p2a: Gallade\n|-damage|p2a: Gallade|31\/100\n|\n|upkeep\n|turn|25\n|\n|t:|1699855583\n|move|p2a: Gallade|Shadow Sneak|p1a: Greninja\n|-damage|p1a: Greninja|0 fnt\n|faint|p1a: Greninja\n|\n|upkeep\n|\n|t:|1699855588\n|switch|p1a: Lokix|Lokix, M|100\/100\n|turn|26\n|c|\u2606legomagic007|your family can burn in hell\n|-message|legomagic007 forfeited.\n|\n|win|pokegenius30\n|raw|pokegenius30's rating: 1066 &rarr; <strong>1097<\/strong><br \/>(+31 for winning)\n|raw|legomagic007's rating: 1073 &rarr; <strong>1052<\/strong><br \/>(-21 for losing)\n","uploadtime":1699855601,"views":5,"p1id":"pokegenius30","p2id":"legomagic007","formatid":"gen9nationaldex","rating":1052,"private":0,"password":""}