{"id":"gen9nationaldex-1988946170","p1":"mengxingzhu","p2":"MrGoddessli","format":"[Gen 9] National Dex","log":"|j|\u203dmengxingzhu\n|j|\u2606MrGoddessli\n|t:|1699792597\n|gametype|singles\n|player|p1|mengxingzhu|wallace|1430\n|player|p2|MrGoddessli|iris-gen5bw2|1441\n|teamsize|p1|6\n|teamsize|p2|6\n|gen|9\n|tier|[Gen 9] National Dex\n|rated|\n|rule|HP Percentage Mod: HP is shown in percentages\n|rule|Endless Battle Clause: Forcing endless battles is banned\n|rule|OHKO Clause: OHKO moves are banned\n|rule|Evasion Clause: Evasion abilities, items, and moves are banned\n|rule|Evasion Abilities Clause: Evasion abilities are banned\n|rule|Evasion Items Clause: Evasion items are banned\n|rule|Evasion Moves Clause: Evasion moves are banned\n|rule|Species Clause: Limit one of each Pok\u00e9mon\n|rule|Sleep Clause Mod: Limit one foe put to sleep\n|clearpoke\n|poke|p1|Cinderace, M|\n|poke|p1|Dragonite, M|\n|poke|p1|Ribombee, M|\n|poke|p1|Scizor, M|\n|poke|p1|Gliscor, M|\n|poke|p1|Moltres|\n|poke|p2|Ninetales-Alola, M|\n|poke|p2|Rillaboom, F|\n|poke|p2|Greninja-*, M|\n|poke|p2|Volcarona, F|\n|poke|p2|Blaziken, F|\n|poke|p2|Kommo-o, M|\n|teampreview\n|inactive|Battle timer is ON: inactive players will automatically lose when time's up. (requested by mengxingzhu)\n|\n|t:|1699792609\n|start\n|switch|p1a: Ribombee|Ribombee, M|100\/100\n|switch|p2a: Ninetales|Ninetales-Alola, M, shiny|100\/100\n|-weather|Snow|[from] ability: Snow Warning|[of] p2a: Ninetales\n|turn|1\n|\n|t:|1699792618\n|move|p1a: Ribombee|Sticky Web|p2a: Ninetales\n|-sidestart|p2: MrGoddessli|move: Sticky Web\n|move|p2a: Ninetales|Aurora Veil|p2a: Ninetales\n|-sidestart|p2: MrGoddessli|move: Aurora Veil\n|\n|-weather|Snow|[upkeep]\n|upkeep\n|turn|2\n|\n|t:|1699792622\n|move|p1a: Ribombee|Toxic|p2a: Ninetales|[miss]\n|-miss|p1a: Ribombee|p2a: Ninetales\n|move|p2a: Ninetales|Toxic|p1a: Ribombee\n|-status|p1a: Ribombee|tox\n|\n|-weather|Snow|[upkeep]\n|-damage|p1a: Ribombee|94\/100 tox|[from] psn\n|upkeep\n|turn|3\n|\n|t:|1699792630\n|move|p1a: Ribombee|Toxic|p2a: Ninetales\n|-status|p2a: Ninetales|tox\n|move|p2a: Ninetales|Blizzard|p1a: Ribombee\n|-damage|p1a: Ribombee|40\/100 tox\n|\n|-weather|Snow|[upkeep]\n|-damage|p1a: Ribombee|28\/100 tox|[from] psn\n|-damage|p2a: Ninetales|94\/100 tox|[from] psn\n|upkeep\n|turn|4\n|\n|t:|1699792637\n|move|p1a: Ribombee|Moonblast|p2a: Ninetales\n|-damage|p2a: Ninetales|75\/100 tox\n|move|p2a: Ninetales|Blizzard|p1a: Ribombee\n|-damage|p1a: Ribombee|0 fnt\n|faint|p1a: Ribombee\n|\n|-weather|Snow|[upkeep]\n|-damage|p2a: Ninetales|63\/100 tox|[from] psn\n|upkeep\n|\n|t:|1699792647\n|switch|p1a: Scizor|Scizor, M|100\/100\n|turn|5\n|\n|t:|1699792663\n|switch|p2a: Blaziken|Blaziken, F|100\/100\n|-activate|p2a: Blaziken|move: Sticky Web\n|-unboost|p2a: Blaziken|spe|1\n|detailschange|p1a: Scizor|Scizor-Mega, M\n|-mega|p1a: Scizor|Scizor|Scizorite\n|move|p1a: Scizor|Bullet Punch|p2a: Blaziken\n|-resisted|p2a: Blaziken\n|-damage|p2a: Blaziken|86\/100\n|\n|-weather|none\n|upkeep\n|turn|6\n|\n|t:|1699792676\n|switch|p1a: Gliscor|Gliscor, M|100\/100\n|move|p2a: Blaziken|Swords Dance|p2a: Blaziken\n|-boost|p2a: Blaziken|atk|2\n|\n|-status|p1a: Gliscor|tox|[from] item: Toxic Orb\n|-ability|p2a: Blaziken|Speed Boost|boost\n|-boost|p2a: Blaziken|spe|1\n|upkeep\n|turn|7\n|\n|t:|1699792686\n|move|p2a: Blaziken|Protect|p2a: Blaziken\n|-singleturn|p2a: Blaziken|Protect\n|move|p1a: Gliscor|Earthquake|p2a: Blaziken\n|-activate|p2a: Blaziken|move: Protect\n|\n|-ability|p2a: Blaziken|Speed Boost|boost\n|-boost|p2a: Blaziken|spe|1\n|upkeep\n|turn|8\n|\n|t:|1699792697\n|-zpower|p2a: Blaziken\n|move|p2a: Blaziken|Inferno Overdrive|p1a: Gliscor|[zeffect]\n|-damage|p1a: Gliscor|0 fnt\n|faint|p1a: Gliscor\n|\n|-sideend|p2: MrGoddessli|move: Aurora Veil\n|-ability|p2a: Blaziken|Speed Boost|boost\n|-boost|p2a: Blaziken|spe|1\n|upkeep\n|\n|t:|1699792706\n|switch|p1a: Dragonite|Dragonite, M|100\/100\n|turn|9\n|\n|t:|1699792711\n|-terastallize|p1a: Dragonite|Normal\n|move|p1a: Dragonite|Extreme Speed|p2a: Blaziken\n|-damage|p2a: Blaziken|0 fnt\n|faint|p2a: Blaziken\n|\n|upkeep\n|\n|t:|1699792730\n|switch|p2a: Ninetales|Ninetales-Alola, M, shiny|63\/100 tox\n|-activate|p2a: Ninetales|move: Sticky Web\n|-unboost|p2a: Ninetales|spe|1\n|-weather|Snow|[from] ability: Snow Warning|[of] p2a: Ninetales\n|turn|10\n|\n|t:|1699792738\n|-terastallize|p2a: Ninetales|Steel\n|move|p1a: Dragonite|Extreme Speed|p2a: Ninetales\n|-resisted|p2a: Ninetales\n|-damage|p2a: Ninetales|22\/100 tox\n|move|p2a: Ninetales|Aurora Veil|p2a: Ninetales\n|-sidestart|p2: MrGoddessli|move: Aurora Veil\n|\n|-weather|Snow|[upkeep]\n|-damage|p2a: Ninetales|16\/100 tox|[from] psn\n|upkeep\n|turn|11\n|\n|t:|1699792746\n|move|p1a: Dragonite|Extreme Speed|p2a: Ninetales\n|-resisted|p2a: Ninetales\n|-damage|p2a: Ninetales|0 fnt\n|faint|p2a: Ninetales\n|\n|-weather|Snow|[upkeep]\n|upkeep\n|\n|t:|1699792767\n|switch|p2a: Kommo-o|Kommo-o, M|100\/100\n|-activate|p2a: Kommo-o|move: Sticky Web\n|-unboost|p2a: Kommo-o|spe|1\n|turn|12\n|\n|t:|1699792775\n|switch|p1a: Scizor|Scizor-Mega, M|100\/100\n|move|p2a: Kommo-o|Flash Cannon|p1a: Scizor\n|-resisted|p1a: Scizor\n|-damage|p1a: Scizor|85\/100\n|\n|-weather|Snow|[upkeep]\n|upkeep\n|turn|13\n|\n|t:|1699792784\n|move|p1a: Scizor|Roost|p1a: Scizor\n|-heal|p1a: Scizor|100\/100\n|-singleturn|p1a: Scizor|move: Roost\n|move|p2a: Kommo-o|Clanging Scales|p1a: Scizor\n|-resisted|p1a: Scizor\n|-damage|p1a: Scizor|69\/100\n|-unboost|p2a: Kommo-o|def|1\n|\n|-weather|Snow|[upkeep]\n|upkeep\n|turn|14\n|\n|t:|1699792793\n|switch|p2a: Volcarona|Volcarona, F, shiny|100\/100\n|move|p1a: Scizor|Roost|p1a: Scizor\n|-heal|p1a: Scizor|100\/100\n|-singleturn|p1a: Scizor|move: Roost\n|\n|-weather|none\n|upkeep\n|turn|15\n|\n|t:|1699792801\n|switch|p1a: Moltres|Moltres|100\/100\n|move|p2a: Volcarona|Quiver Dance|p2a: Volcarona\n|-boost|p2a: Volcarona|spa|1\n|-boost|p2a: Volcarona|spd|1\n|-boost|p2a: Volcarona|spe|1\n|\n|upkeep\n|turn|16\n|\n|t:|1699792808\n|move|p2a: Volcarona|Quiver Dance|p2a: Volcarona\n|-boost|p2a: Volcarona|spa|1\n|-boost|p2a: Volcarona|spd|1\n|-boost|p2a: Volcarona|spe|1\n|move|p1a: Moltres|Toxic|p2a: Volcarona\n|-status|p2a: Volcarona|tox\n|\n|-damage|p2a: Volcarona|94\/100 tox|[from] psn\n|upkeep\n|turn|17\n|\n|t:|1699792815\n|move|p2a: Volcarona|Quiver Dance|p2a: Volcarona\n|-boost|p2a: Volcarona|spa|1\n|-boost|p2a: Volcarona|spd|1\n|-boost|p2a: Volcarona|spe|1\n|move|p1a: Moltres|Roost||[still]\n|-fail|p1a: Moltres|heal\n|\n|-damage|p2a: Volcarona|82\/100 tox|[from] psn\n|-sideend|p2: MrGoddessli|move: Aurora Veil\n|upkeep\n|turn|18\n|\n|t:|1699792823\n|move|p2a: Volcarona|Fiery Dance|p1a: Moltres\n|-resisted|p1a: Moltres\n|-damage|p1a: Moltres|39\/100\n|-boost|p2a: Volcarona|spa|1\n|move|p1a: Moltres|Roost|p1a: Moltres\n|-heal|p1a: Moltres|89\/100\n|-singleturn|p1a: Moltres|move: Roost\n|\n|-damage|p2a: Volcarona|64\/100 tox|[from] psn\n|upkeep\n|turn|19\n|\n|t:|1699792832\n|move|p2a: Volcarona|Giga Drain|p1a: Moltres\n|-resisted|p1a: Moltres\n|-damage|p1a: Moltres|68\/100\n|-heal|p2a: Volcarona|77\/100 tox|[from] drain|[of] p1a: Moltres\n|move|p1a: Moltres|Roost|p1a: Moltres\n|-heal|p1a: Moltres|100\/100\n|-singleturn|p1a: Moltres|move: Roost\n|\n|-damage|p2a: Volcarona|52\/100 tox|[from] psn\n|upkeep\n|turn|20\n|\n|t:|1699792842\n|switch|p2a: Greninja|Greninja, M|100\/100\n|-activate|p2a: Greninja|move: Sticky Web\n|-unboost|p2a: Greninja|spe|1\n|move|p1a: Moltres|Roost||[still]\n|-fail|p1a: Moltres|heal\n|\n|upkeep\n|turn|21\n|\n|t:|1699792850\n|switch|p1a: Scizor|Scizor-Mega, M|100\/100\n|move|p2a: Greninja|Ice Beam|p1a: Scizor\n|-resisted|p1a: Scizor\n|-damage|p1a: Scizor|80\/100\n|-damage|p2a: Greninja|91\/100|[from] item: Life Orb\n|\n|upkeep\n|turn|22\n|\n|t:|1699792861\n|switch|p2a: Volcarona|Volcarona, F, shiny|52\/100 tox\n|move|p1a: Scizor|Close Combat|p2a: Volcarona\n|-resisted|p2a: Volcarona\n|-damage|p2a: Volcarona|10\/100 tox\n|-unboost|p1a: Scizor|def|1\n|-unboost|p1a: Scizor|spd|1\n|\n|-damage|p2a: Volcarona|3\/100 tox|[from] psn\n|upkeep\n|turn|23\n|\n|t:|1699792870\n|move|p1a: Scizor|Bullet Punch|p2a: Volcarona\n|-resisted|p2a: Volcarona\n|-damage|p2a: Volcarona|0 fnt\n|faint|p2a: Volcarona\n|\n|upkeep\n|\n|t:|1699792880\n|switch|p2a: Greninja|Greninja, M|91\/100\n|-activate|p2a: Greninja|move: Sticky Web\n|-unboost|p2a: Greninja|spe|1\n|turn|24\n|\n|t:|1699792896\n|move|p2a: Greninja|Dark Pulse|p1a: Scizor\n|-damage|p1a: Scizor|0 fnt\n|faint|p1a: Scizor\n|-ability|p2a: Greninja|Battle Bond|boost\n|-boost|p2a: Greninja|atk|1\n|-boost|p2a: Greninja|spa|1\n|-boost|p2a: Greninja|spe|1\n|-activate|p2a: Greninja|ability: Battle Bond\n|-damage|p2a: Greninja|81\/100|[from] item: Life Orb\n|\n|upkeep\n|\n|t:|1699792901\n|switch|p1a: Dragonite|Dragonite, M, tera:Normal|100\/100\n|turn|25\n|\n|t:|1699792908\n|move|p1a: Dragonite|Extreme Speed|p2a: Greninja\n|-damage|p2a: Greninja|0 fnt\n|faint|p2a: Greninja\n|\n|upkeep\n|\n|t:|1699792916\n|switch|p2a: Rillaboom|Rillaboom, F, shiny|100\/100\n|-activate|p2a: Rillaboom|move: Sticky Web\n|-unboost|p2a: Rillaboom|spe|1\n|-fieldstart|move: Grassy Terrain|[from] ability: Grassy Surge|[of] p2a: Rillaboom\n|turn|26\n|\n|t:|1699792921\n|switch|p1a: Moltres|Moltres|100\/100\n|move|p2a: Rillaboom|Grassy Glide|p1a: Moltres\n|-resisted|p1a: Moltres\n|-damage|p1a: Moltres|85\/100\n|\n|upkeep\n|turn|27\n|\n|t:|1699792928\n|switch|p2a: Kommo-o|Kommo-o, M|100\/100\n|-activate|p2a: Kommo-o|move: Sticky Web\n|-unboost|p2a: Kommo-o|spe|1\n|move|p1a: Moltres|Toxic|p2a: Kommo-o\n|-status|p2a: Kommo-o|tox\n|\n|-damage|p2a: Kommo-o|94\/100 tox|[from] psn\n|upkeep\n|turn|28\n|\n|t:|1699792936\n|move|p1a: Moltres|Roost|p1a: Moltres\n|-heal|p1a: Moltres|100\/100\n|-singleturn|p1a: Moltres|move: Roost\n|move|p2a: Kommo-o|Taunt|p1a: Moltres\n|-start|p1a: Moltres|move: Taunt\n|\n|-heal|p2a: Kommo-o|100\/100 tox|[from] Grassy Terrain\n|-damage|p2a: Kommo-o|88\/100 tox|[from] psn\n|upkeep\n|turn|29\n|\n|t:|1699792962\n|move|p1a: Moltres|Flamethrower|p2a: Kommo-o\n|-resisted|p2a: Kommo-o\n|-damage|p2a: Kommo-o|58\/100 tox\n|move|p2a: Kommo-o|Clangorous Soul|p2a: Kommo-o\n|-boost|p2a: Kommo-o|atk|1\n|-boost|p2a: Kommo-o|def|1\n|-boost|p2a: Kommo-o|spa|1\n|-boost|p2a: Kommo-o|spd|1\n|-boost|p2a: Kommo-o|spe|1\n|-damage|p2a: Kommo-o|25\/100 tox\n|\n|-heal|p2a: Kommo-o|31\/100 tox|[from] Grassy Terrain\n|-damage|p2a: Kommo-o|13\/100 tox|[from] psn\n|upkeep\n|turn|30\n|\n|t:|1699792975\n|move|p2a: Kommo-o|Clanging Scales|p1a: Moltres\n|-damage|p1a: Moltres|17\/100\n|-unboost|p2a: Kommo-o|def|1\n|move|p1a: Moltres|Flamethrower|p2a: Kommo-o\n|-resisted|p2a: Kommo-o\n|-damage|p2a: Kommo-o|0 fnt\n|faint|p2a: Kommo-o\n|\n|-fieldend|move: Grassy Terrain\n|upkeep\n|\n|t:|1699792984\n|switch|p2a: Rillaboom|Rillaboom, F, shiny|100\/100\n|-activate|p2a: Rillaboom|move: Sticky Web\n|-unboost|p2a: Rillaboom|spe|1\n|-fieldstart|move: Grassy Terrain|[from] ability: Grassy Surge|[of] p2a: Rillaboom\n|turn|31\n|\n|t:|1699792996\n|move|p1a: Moltres|Flamethrower|p2a: Rillaboom\n|-supereffective|p2a: Rillaboom\n|-damage|p2a: Rillaboom|0 fnt\n|faint|p2a: Rillaboom\n|\n|win|mengxingzhu\n|raw|mengxingzhu's rating: 1430 &rarr; <strong>1451<\/strong><br \/>(+21 for winning)\n|raw|MrGoddessli's rating: 1441 &rarr; <strong>1420<\/strong><br \/>(-21 for losing)\n","uploadtime":1699793002,"views":5,"p1id":"mengxingzhu","p2id":"mrgoddessli","formatid":"gen9nationaldex","rating":1420,"private":0,"password":""}