{"id":"gen9nationaldex-1993221824","p1":"DreamFreedom","p2":"Leaf of Frost","format":"[Gen 9] National Dex","log":"|j|\u2606DreamFreedom\n|j|\u2606Leaf of Frost\n|t:|1700280039\n|gametype|singles\n|player|p1|DreamFreedom|bianca|1606\n|player|p2|Leaf of Frost|dawn|1647\n|teamsize|p1|6\n|teamsize|p2|6\n|gen|9\n|tier|[Gen 9] National Dex\n|rated|\n|rule|HP Percentage Mod: HP is shown in percentages\n|rule|Endless Battle Clause: Forcing endless battles is banned\n|rule|OHKO Clause: OHKO moves are banned\n|rule|Evasion Clause: Evasion abilities, items, and moves are banned\n|rule|Evasion Abilities Clause: Evasion abilities are banned\n|rule|Evasion Items Clause: Evasion items are banned\n|rule|Evasion Moves Clause: Evasion moves are banned\n|rule|Species Clause: Limit one of each Pok\u00e9mon\n|rule|Sleep Clause Mod: Limit one foe put to sleep\n|clearpoke\n|poke|p1|Kyurem|\n|poke|p1|Moltres|\n|poke|p1|Garchomp, F|\n|poke|p1|Tapu Lele|\n|poke|p1|Sneasler, F|\n|poke|p1|Ogerpon-Wellspring, F|\n|poke|p2|Ninetales-Alola, F|\n|poke|p2|Meowscarada, M|\n|poke|p2|Gliscor, M|\n|poke|p2|Tapu Koko|\n|poke|p2|Nihilego|\n|poke|p2|Skeledirge, M|\n|teampreview\n|inactive|Battle timer is ON: inactive players will automatically lose when time's up. (requested by Leaf of Frost)\n|\n|t:|1700280047\n|start\n|switch|p1a: Sneasler|Sneasler, F|100\/100\n|switch|p2a: \u96ea\u5929\u961f\u957f|Ninetales-Alola, F|100\/100\n|-weather|Snow|[from] ability: Snow Warning|[of] p2a: \u96ea\u5929\u961f\u957f\n|turn|1\n|\n|t:|1700280050\n|switch|p2a: \u6df3\u6734\u5e26\u6765\u5feb\u4e50|Skeledirge, M|100\/100\n|move|p1a: Sneasler|Dire Claw|p2a: \u6df3\u6734\u5e26\u6765\u5feb\u4e50\n|-resisted|p2a: \u6df3\u6734\u5e26\u6765\u5feb\u4e50\n|-damage|p2a: \u6df3\u6734\u5e26\u6765\u5feb\u4e50|85\/100\n|\n|-weather|Snow|[upkeep]\n|-heal|p2a: \u6df3\u6734\u5e26\u6765\u5feb\u4e50|91\/100|[from] item: Leftovers\n|upkeep\n|turn|2\n|\n|t:|1700280060\n|switch|p1a: Kyurem|Kyurem|100\/100\n|-ability|p1a: Kyurem|Pressure\n|move|p2a: \u6df3\u6734\u5e26\u6765\u5feb\u4e50|Torch Song|p1a: Kyurem\n|-damage|p1a: Kyurem|71\/100\n|-boost|p2a: \u6df3\u6734\u5e26\u6765\u5feb\u4e50|spa|1\n|\n|-weather|Snow|[upkeep]\n|-heal|p2a: \u6df3\u6734\u5e26\u6765\u5feb\u4e50|98\/100|[from] item: Leftovers\n|upkeep\n|turn|3\n|\n|t:|1700280063\n|move|p1a: Kyurem|Earth Power|p2a: \u6df3\u6734\u5e26\u6765\u5feb\u4e50\n|-supereffective|p2a: \u6df3\u6734\u5e26\u6765\u5feb\u4e50\n|-damage|p2a: \u6df3\u6734\u5e26\u6765\u5feb\u4e50|32\/100\n|-damage|p1a: Kyurem|61\/100|[from] item: Life Orb\n|move|p2a: \u6df3\u6734\u5e26\u6765\u5feb\u4e50|Torch Song|p1a: Kyurem\n|-damage|p1a: Kyurem|18\/100\n|-boost|p2a: \u6df3\u6734\u5e26\u6765\u5feb\u4e50|spa|1\n|\n|-weather|Snow|[upkeep]\n|-heal|p2a: \u6df3\u6734\u5e26\u6765\u5feb\u4e50|39\/100|[from] item: Leftovers\n|upkeep\n|turn|4\n|\n|t:|1700280069\n|move|p2a: \u6df3\u6734\u5e26\u6765\u5feb\u4e50|Protect|p2a: \u6df3\u6734\u5e26\u6765\u5feb\u4e50\n|-singleturn|p2a: \u6df3\u6734\u5e26\u6765\u5feb\u4e50|Protect\n|move|p1a: Kyurem|Freeze-Dry|p2a: \u6df3\u6734\u5e26\u6765\u5feb\u4e50\n|-activate|p2a: \u6df3\u6734\u5e26\u6765\u5feb\u4e50|move: Protect\n|\n|-weather|Snow|[upkeep]\n|-heal|p2a: \u6df3\u6734\u5e26\u6765\u5feb\u4e50|45\/100|[from] item: Leftovers\n|upkeep\n|turn|5\n|\n|t:|1700280078\n|switch|p2a: \u96ea\u5929\u961f\u957f|Ninetales-Alola, F|100\/100\n|move|p1a: Kyurem|Roost|p1a: Kyurem\n|-heal|p1a: Kyurem|69\/100\n|-singleturn|p1a: Kyurem|move: Roost\n|\n|-weather|none\n|upkeep\n|turn|6\n|\n|t:|1700280086\n|switch|p1a: Moltres|Moltres|100\/100\n|move|p2a: \u96ea\u5929\u961f\u957f|Moonblast|p1a: Moltres\n|-resisted|p1a: Moltres\n|-damage|p1a: Moltres|82\/100\n|\n|upkeep\n|turn|7\n|\n|t:|1700280089\n|switch|p2a: \u8389\u8389\u827e|Nihilego|100\/100\n|move|p1a: Moltres|U-turn|p2a: \u8389\u8389\u827e\n|-resisted|p2a: \u8389\u8389\u827e\n|-damage|p2a: \u8389\u8389\u827e|89\/100\n|\n|t:|1700280093\n|switch|p1a: Ogerpon|Ogerpon-Wellspring, F|100\/100|[from] U-turn\n|\n|upkeep\n|turn|8\n|\n|t:|1700280098\n|switch|p2a: Meowscarada|Meowscarada, M|100\/100\n|move|p1a: Ogerpon|U-turn|p2a: Meowscarada\n|-supereffective|p2a: Meowscarada\n|-damage|p2a: Meowscarada|0 fnt\n|faint|p2a: Meowscarada\n|\n|t:|1700280102\n|switch|p1a: Sneasler|Sneasler, F|100\/100|[from] U-turn\n|\n|upkeep\n|\n|t:|1700280108\n|switch|p2a: \u6df3\u6734\u5e26\u6765\u5feb\u4e50|Skeledirge, M|45\/100\n|turn|9\n|\n|t:|1700280112\n|move|p1a: Sneasler|Dire Claw|p2a: \u6df3\u6734\u5e26\u6765\u5feb\u4e50\n|-resisted|p2a: \u6df3\u6734\u5e26\u6765\u5feb\u4e50\n|-damage|p2a: \u6df3\u6734\u5e26\u6765\u5feb\u4e50|30\/100\n|move|p2a: \u6df3\u6734\u5e26\u6765\u5feb\u4e50|Slack Off|p2a: \u6df3\u6734\u5e26\u6765\u5feb\u4e50\n|-heal|p2a: \u6df3\u6734\u5e26\u6765\u5feb\u4e50|80\/100\n|\n|-heal|p2a: \u6df3\u6734\u5e26\u6765\u5feb\u4e50|86\/100|[from] item: Leftovers\n|upkeep\n|turn|10\n|\n|t:|1700280119\n|switch|p1a: Garchomp|Garchomp, F|100\/100\n|move|p2a: \u6df3\u6734\u5e26\u6765\u5feb\u4e50|Torch Song|p1a: Garchomp\n|-resisted|p1a: Garchomp\n|-damage|p1a: Garchomp|87\/100\n|-boost|p2a: \u6df3\u6734\u5e26\u6765\u5feb\u4e50|spa|1\n|\n|-heal|p2a: \u6df3\u6734\u5e26\u6765\u5feb\u4e50|92\/100|[from] item: Leftovers\n|upkeep\n|turn|11\n|\n|t:|1700280122\n|switch|p2a: \u6bd2\u7597\u5e26\u6765\u5feb\u4e50|Gliscor, M|100\/100\n|move|p1a: Garchomp|Toxic|p2a: \u6bd2\u7597\u5e26\u6765\u5feb\u4e50\n|-status|p2a: \u6bd2\u7597\u5e26\u6765\u5feb\u4e50|tox\n|\n|upkeep\n|turn|12\n|\n|t:|1700280125\n|move|p1a: Garchomp|Stealth Rock|p2a: \u6bd2\u7597\u5e26\u6765\u5feb\u4e50\n|-sidestart|p2: Leaf of Frost|move: Stealth Rock\n|move|p2a: \u6bd2\u7597\u5e26\u6765\u5feb\u4e50|Toxic|p1a: Garchomp\n|-status|p1a: Garchomp|tox\n|\n|-damage|p1a: Garchomp|81\/100 tox|[from] psn\n|upkeep\n|turn|13\n|\n|t:|1700280131\n|switch|p1a: Ogerpon|Ogerpon-Wellspring, F|100\/100\n|move|p2a: \u6bd2\u7597\u5e26\u6765\u5feb\u4e50|Earthquake|p1a: Ogerpon\n|-resisted|p1a: Ogerpon\n|-damage|p1a: Ogerpon|79\/100\n|\n|upkeep\n|turn|14\n|\n|t:|1700280135\n|-terastallize|p2a: \u6bd2\u7597\u5e26\u6765\u5feb\u4e50|Water\n|move|p1a: Ogerpon|Ivy Cudgel|p2a: \u6bd2\u7597\u5e26\u6765\u5feb\u4e50|[anim] Ivy Cudgel Water\n|-resisted|p2a: \u6bd2\u7597\u5e26\u6765\u5feb\u4e50\n|-damage|p2a: \u6bd2\u7597\u5e26\u6765\u5feb\u4e50|76\/100 tox\n|move|p2a: \u6bd2\u7597\u5e26\u6765\u5feb\u4e50|Toxic|p1a: Ogerpon\n|-status|p1a: Ogerpon|tox\n|\n|-damage|p1a: Ogerpon|73\/100 tox|[from] psn\n|-heal|p2a: \u6bd2\u7597\u5e26\u6765\u5feb\u4e50|88\/100 tox|[from] ability: Poison Heal\n|upkeep\n|turn|15\n|\n|t:|1700280140\n|move|p1a: Ogerpon|U-turn|p2a: \u6bd2\u7597\u5e26\u6765\u5feb\u4e50\n|-damage|p2a: \u6bd2\u7597\u5e26\u6765\u5feb\u4e50|67\/100 tox\n|\n|t:|1700280145\n|switch|p1a: Garchomp|Garchomp, F|81\/100 tox|[from] U-turn\n|move|p2a: \u6bd2\u7597\u5e26\u6765\u5feb\u4e50|U-turn|p1a: Garchomp\n|-damage|p1a: Garchomp|71\/100 tox\n|-damage|p2a: \u6bd2\u7597\u5e26\u6765\u5feb\u4e50|55\/100 tox|[from] ability: Rough Skin|[of] p1a: Garchomp\n|-damage|p2a: \u6bd2\u7597\u5e26\u6765\u5feb\u4e50|38\/100 tox|[from] item: Rocky Helmet|[of] p1a: Garchomp\n|\n|t:|1700280150\n|switch|p2a: \u963f\u7f57\u62c9|Tapu Koko|100\/100|[from] U-turn\n|-fieldstart|move: Electric Terrain|[from] ability: Electric Surge|[of] p2a: \u963f\u7f57\u62c9\n|\n|-damage|p1a: Garchomp|65\/100 tox|[from] psn\n|upkeep\n|turn|16\n|\n|t:|1700280152\n|move|p2a: \u963f\u7f57\u62c9|Hidden Power|p1a: Garchomp\n|-supereffective|p1a: Garchomp\n|-damage|p1a: Garchomp|0 fnt\n|faint|p1a: Garchomp\n|\n|upkeep\n|\n|t:|1700280154\n|switch|p1a: Tapu Lele|Tapu Lele|100\/100\n|-fieldstart|move: Psychic Terrain|[from] ability: Psychic Surge|[of] p1a: Tapu Lele\n|turn|17\n|\n|t:|1700280160\n|move|p2a: \u963f\u7f57\u62c9|Defog|p1a: Tapu Lele\n|-unboost|p1a: Tapu Lele|evasion|1\n|-sideend|p2: Leaf of Frost|Stealth Rock|[from] move: Defog|[of] p2a: \u963f\u7f57\u62c9\n|-fieldend|move: Psychic Terrain\n|move|p1a: Tapu Lele|Psychic|p2a: \u963f\u7f57\u62c9\n|-damage|p2a: \u963f\u7f57\u62c9|0 fnt\n|faint|p2a: \u963f\u7f57\u62c9\n|\n|upkeep\n|\n|t:|1700280168\n|switch|p2a: \u8389\u8389\u827e|Nihilego|89\/100\n|turn|18\n|\n|t:|1700280179\n|switch|p1a: Sneasler|Sneasler, F|100\/100\n|move|p2a: \u8389\u8389\u827e|Meteor Beam||[still]\n|-prepare|p2a: \u8389\u8389\u827e|Meteor Beam\n|-boost|p2a: \u8389\u8389\u827e|spa|1\n|-enditem|p2a: \u8389\u8389\u827e|Power Herb\n|-anim|p2a: \u8389\u8389\u827e|Meteor Beam|p1a: Sneasler\n|-resisted|p1a: Sneasler\n|-damage|p1a: Sneasler|38\/100\n|\n|upkeep\n|turn|19\n|\n|t:|1700280183\n|move|p1a: Sneasler|Close Combat|p2a: \u8389\u8389\u827e\n|-damage|p2a: \u8389\u8389\u827e|0 fnt\n|-unboost|p1a: Sneasler|def|1\n|-unboost|p1a: Sneasler|spd|1\n|faint|p2a: \u8389\u8389\u827e\n|\n|upkeep\n|\n|t:|1700280187\n|switch|p2a: \u6df3\u6734\u5e26\u6765\u5feb\u4e50|Skeledirge, M|92\/100\n|turn|20\n|\n|t:|1700280190\n|switch|p1a: Tapu Lele|Tapu Lele|100\/100\n|-fieldstart|move: Psychic Terrain|[from] ability: Psychic Surge|[of] p1a: Tapu Lele\n|move|p2a: \u6df3\u6734\u5e26\u6765\u5feb\u4e50|Torch Song|p1a: Tapu Lele\n|-damage|p1a: Tapu Lele|71\/100\n|-boost|p2a: \u6df3\u6734\u5e26\u6765\u5feb\u4e50|spa|1\n|\n|-heal|p2a: \u6df3\u6734\u5e26\u6765\u5feb\u4e50|98\/100|[from] item: Leftovers\n|upkeep\n|turn|21\n|\n|t:|1700280193\n|move|p2a: \u6df3\u6734\u5e26\u6765\u5feb\u4e50|Protect|p2a: \u6df3\u6734\u5e26\u6765\u5feb\u4e50\n|-singleturn|p2a: \u6df3\u6734\u5e26\u6765\u5feb\u4e50|Protect\n|move|p1a: Tapu Lele|Psychic|p2a: \u6df3\u6734\u5e26\u6765\u5feb\u4e50\n|-activate|p2a: \u6df3\u6734\u5e26\u6765\u5feb\u4e50|move: Protect\n|\n|-heal|p2a: \u6df3\u6734\u5e26\u6765\u5feb\u4e50|100\/100|[from] item: Leftovers\n|upkeep\n|turn|22\n|-message|Leaf of Frost forfeited.\n|\n|win|DreamFreedom\n|raw|DreamFreedom's rating: 1606 &rarr; <strong>1628<\/strong><br \/>(+22 for winning)\n|raw|Leaf of Frost's rating: 1647 &rarr; <strong>1625<\/strong><br \/>(-22 for losing)\n|l|\u2606Leaf of Frost\n","uploadtime":1700280200,"views":14,"p1id":"dreamfreedom","p2id":"leafoffrost","formatid":"gen9nationaldex","rating":1625,"private":0,"password":""}