{"id":"gen9nationaldex-1996299621","p1":"nepherae","p2":"DracoShivam","format":"[Gen 9] National Dex","log":"|html|<div class=\"broadcast-blue\"><strong>[Gen 9] National Dex is currently suspecting Sneasler! For information on how to participate check out the <a href=\"https:\/\/www.smogon.com\/forums\/threads\/sv-national-dex-suspect-8-just-dance.3731534\/\">suspect thread<\/a>.<\/strong><\/div>\n|j|\u2606nepherae\n|j|\u2606DracoShivam\n|t:|1700668896\n|gametype|singles\n|player|p1|nepherae|2|\n|player|p2|DracoShivam|blue|\n|teamsize|p1|6\n|teamsize|p2|6\n|gen|9\n|tier|[Gen 9] National Dex\n|rule|HP Percentage Mod: HP is shown in percentages\n|rule|Endless Battle Clause: Forcing endless battles is banned\n|rule|OHKO Clause: OHKO moves are banned\n|rule|Evasion Clause: Evasion abilities, items, and moves are banned\n|rule|Evasion Abilities Clause: Evasion abilities are banned\n|rule|Evasion Items Clause: Evasion items are banned\n|rule|Evasion Moves Clause: Evasion moves are banned\n|rule|Species Clause: Limit one of each Pok\u00e9mon\n|rule|Sleep Clause Mod: Limit one foe put to sleep\n|clearpoke\n|poke|p1|Dondozo, M|\n|poke|p1|Blissey, F|\n|poke|p1|Celesteela|\n|poke|p1|Ting-Lu|\n|poke|p1|Gliscor, F|\n|poke|p1|Alomomola, F|\n|poke|p2|Volcarona, F|\n|poke|p2|Scizor, F|\n|poke|p2|Lokix, F|\n|poke|p2|Kleavor, F|\n|poke|p2|Slither Wing|\n|poke|p2|Frosmoth, F|\n|teampreview\n|inactive|Battle timer is ON: inactive players will automatically lose when time's up. (requested by nepherae)\n|inactive|DracoShivam also wants the timer to be on.\n|\n|t:|1700668926\n|start\n|switch|p1a: Alomomola|Alomomola, F|100\/100\n|switch|p2a: Slither Wing|Slither Wing|100\/100\n|turn|1\n|c|\u2606nepherae|man when did bugs get so scary\n|\n|t:|1700668936\n|move|p2a: Slither Wing|Wild Charge|p1a: Alomomola\n|-supereffective|p1a: Alomomola\n|-damage|p1a: Alomomola|52\/100\n|-damage|p2a: Slither Wing|82\/100|[from] Recoil\n|move|p1a: Alomomola|Toxic|p2a: Slither Wing\n|-status|p2a: Slither Wing|tox\n|\n|-damage|p2a: Slither Wing|76\/100 tox|[from] psn\n|upkeep\n|turn|2\n|j| Psvishal\n|\n|t:|1700668949\n|-end|p2a: Slither Wing|Protosynthesis|[silent]\n|switch|p2a: Frosmoth|Frosmoth, F|100\/100\n|switch|p1a: Gliscor|Gliscor, F|100\/100\n|\n|-status|p1a: Gliscor|tox|[from] item: Toxic Orb\n|upkeep\n|turn|3\n|\n|t:|1700668963\n|switch|p1a: Celesteela|Celesteela|100\/100\n|move|p2a: Frosmoth|Ice Beam|p1a: Celesteela\n|-damage|p1a: Celesteela|70\/100\n|\n|-heal|p1a: Celesteela|76\/100|[from] item: Leftovers\n|upkeep\n|turn|4\n|\n|t:|1700668978\n|move|p2a: Frosmoth|Quiver Dance|p2a: Frosmoth\n|-boost|p2a: Frosmoth|spa|1\n|-boost|p2a: Frosmoth|spd|1\n|-boost|p2a: Frosmoth|spe|1\n|move|p1a: Celesteela|Leech Seed|p2a: Frosmoth\n|-start|p2a: Frosmoth|move: Leech Seed\n|\n|-heal|p1a: Celesteela|82\/100|[from] item: Leftovers\n|-damage|p2a: Frosmoth|88\/100|[from] Leech Seed|[of] p1a: Celesteela\n|-heal|p1a: Celesteela|91\/100|[silent]\n|upkeep\n|turn|5\n|\n|t:|1700668984\n|-terastallize|p2a: Frosmoth|Electric\n|move|p2a: Frosmoth|Tera Blast|p1a: Celesteela|[anim] Tera Blast Electric\n|-supereffective|p1a: Celesteela\n|-damage|p1a: Celesteela|0 fnt\n|faint|p1a: Celesteela\n|\n|upkeep\n|c| Psvishal|dayummm\n|\n|t:|1700668996\n|switch|p1a: Blissey|Blissey, F|100\/100\n|turn|6\n|\n|t:|1700669001\n|move|p2a: Frosmoth|U-turn|p1a: Blissey\n|-damage|p1a: Blissey|86\/100\n|\n|t:|1700669007\n|switch|p2a: Scizor|Scizor, F|100\/100|[from] U-turn\n|move|p1a: Blissey|Stealth Rock|p2a: Scizor\n|-sidestart|p2: DracoShivam|move: Stealth Rock\n|\n|upkeep\n|turn|7\n|\n|t:|1700669013\n|switch|p1a: Gliscor|Gliscor, F|100\/100 tox\n|detailschange|p2a: Scizor|Scizor-Mega, F\n|-mega|p2a: Scizor|Scizor|Scizorite\n|move|p2a: Scizor|Swords Dance|p2a: Scizor\n|-boost|p2a: Scizor|atk|2\n|\n|upkeep\n|turn|8\n|\n|t:|1700669018\n|switch|p1a: Dondozo|Dondozo, M|100\/100\n|move|p2a: Scizor|Knock Off|p1a: Dondozo\n|-damage|p1a: Dondozo|81\/100\n|-enditem|p1a: Dondozo|Heavy-Duty Boots|[from] move: Knock Off|[of] p2a: Scizor\n|\n|upkeep\n|turn|9\n|\n|t:|1700669044\n|switch|p2a: Slither Wing|Slither Wing|76\/100 tox\n|-damage|p2a: Slither Wing|63\/100 tox|[from] Stealth Rock\n|move|p1a: Dondozo|Liquidation|p2a: Slither Wing\n|-damage|p2a: Slither Wing|35\/100 tox\n|\n|-damage|p2a: Slither Wing|29\/100 tox|[from] psn\n|upkeep\n|turn|10\n|\n|t:|1700669053\n|switch|p1a: Gliscor|Gliscor, F|100\/100 tox\n|move|p2a: Slither Wing|Wild Charge|p1a: Gliscor\n|-immune|p1a: Gliscor\n|\n|-damage|p2a: Slither Wing|16\/100 tox|[from] psn\n|upkeep\n|turn|11\n|\n|t:|1700669065\n|move|p1a: Gliscor|Swords Dance|p1a: Gliscor\n|-boost|p1a: Gliscor|atk|2\n|move|p2a: Slither Wing|Wild Charge|p1a: Gliscor\n|-immune|p1a: Gliscor\n|\n|-damage|p2a: Slither Wing|0 fnt|[from] psn\n|faint|p2a: Slither Wing\n|-end|p2a: Slither Wing|Protosynthesis|[silent]\n|upkeep\n|c| Psvishal|oof\n|inactive|DracoShivam has 270 seconds left.\n|c| Psvishal|does gliscor get flying moves?\n|\n|t:|1700669099\n|switch|p2a: Frosmoth|Frosmoth, F, tera:Electric|88\/100\n|-damage|p2a: Frosmoth|76\/100|[from] Stealth Rock\n|turn|12\n|\n|t:|1700669116\n|switch|p1a: Blissey|Blissey, F|86\/100\n|move|p2a: Frosmoth|Ice Beam|p1a: Blissey\n|-damage|p1a: Blissey|71\/100\n|\n|upkeep\n|turn|13\n|\n|t:|1700669121\n|switch|p1a: Ting-Lu|Ting-Lu|100\/100\n|-ability|p1a: Ting-Lu|Vessel of Ruin\n|move|p2a: Frosmoth|U-turn|p1a: Ting-Lu\n|-supereffective|p1a: Ting-Lu\n|-damage|p1a: Ting-Lu|82\/100\n|inactive|DracoShivam has 270 seconds left.\n|\n|t:|1700669134\n|switch|p2a: Lokix|Lokix, F|100\/100|[from] U-turn\n|\n|upkeep\n|turn|14\n|\n|t:|1700669143\n|-terastallize|p1a: Ting-Lu|Water\n|move|p2a: Lokix|First Impression|p1a: Ting-Lu\n|-damage|p1a: Ting-Lu|59\/100\n|move|p1a: Ting-Lu|Spikes|p2a: Lokix\n|-sidestart|p2: DracoShivam|Spikes\n|\n|upkeep\n|turn|15\n|\n|t:|1700669150\n|move|p2a: Lokix|Swords Dance|p2a: Lokix\n|-boost|p2a: Lokix|atk|2\n|move|p1a: Ting-Lu|Whirlwind|p2a: Lokix\n|drag|p2a: Frosmoth|Frosmoth, F, tera:Electric|76\/100\n|-damage|p2a: Frosmoth|63\/100|[from] Stealth Rock\n|-damage|p2a: Frosmoth|51\/100|[from] Spikes\n|\n|upkeep\n|turn|16\n|\n|t:|1700669156\n|move|p2a: Frosmoth|Tera Blast|p1a: Ting-Lu|[anim] Tera Blast Electric\n|-supereffective|p1a: Ting-Lu\n|-damage|p1a: Ting-Lu|16\/100\n|move|p1a: Ting-Lu|Earthquake|p2a: Frosmoth\n|-supereffective|p2a: Frosmoth\n|-damage|p2a: Frosmoth|0 fnt\n|faint|p2a: Frosmoth\n|\n|upkeep\n|inactive|DracoShivam has 270 seconds left.\n|\n|t:|1700669178\n|switch|p2a: Scizor|Scizor-Mega, F|100\/100\n|-damage|p2a: Scizor|88\/100|[from] Stealth Rock\n|-damage|p2a: Scizor|76\/100|[from] Spikes\n|turn|17\n|\n|t:|1700669181\n|switch|p1a: Alomomola|Alomomola, F|86\/100\n|move|p2a: Scizor|Trailblaze|p1a: Alomomola\n|-supereffective|p1a: Alomomola\n|-damage|p1a: Alomomola|52\/100\n|-boost|p2a: Scizor|spe|1\n|\n|upkeep\n|turn|18\n|\n|t:|1700669189\n|move|p2a: Scizor|Knock Off|p1a: Alomomola\n|-damage|p1a: Alomomola|28\/100\n|-enditem|p1a: Alomomola|Heavy-Duty Boots|[from] move: Knock Off|[of] p2a: Scizor\n|move|p1a: Alomomola|Flip Turn|p2a: Scizor\n|-damage|p2a: Scizor|60\/100\n|\n|t:|1700669192\n|switch|p1a: Dondozo|Dondozo, M|81\/100|[from] Flip Turn\n|\n|upkeep\n|turn|19\n|\n|t:|1700669203\n|move|p2a: Scizor|Trailblaze|p1a: Dondozo\n|-supereffective|p1a: Dondozo\n|-damage|p1a: Dondozo|55\/100\n|-boost|p2a: Scizor|spe|1\n|move|p1a: Dondozo|Liquidation|p2a: Scizor\n|-damage|p2a: Scizor|33\/100\n|-unboost|p2a: Scizor|def|1\n|\n|upkeep\n|turn|20\n|\n|t:|1700669216\n|switch|p2a: Kleavor|Kleavor, F|100\/100\n|-damage|p2a: Kleavor|76\/100|[from] Stealth Rock\n|-damage|p2a: Kleavor|63\/100|[from] Spikes\n|move|p1a: Dondozo|Liquidation|p2a: Kleavor\n|-supereffective|p2a: Kleavor\n|-damage|p2a: Kleavor|0 fnt\n|-damage|p1a: Dondozo|38\/100|[from] item: Rocky Helmet|[of] p2a: Kleavor\n|faint|p2a: Kleavor\n|\n|upkeep\n|\n|t:|1700669225\n|switch|p2a: Lokix|Lokix, F|100\/100\n|turn|21\n|inactive|nepherae has 270 seconds left.\n|\n|t:|1700669266\n|switch|p1a: Alomomola|Alomomola, F|61\/100\n|move|p2a: Lokix|Swords Dance|p2a: Lokix\n|-boost|p2a: Lokix|atk|2\n|\n|upkeep\n|turn|22\n|inactive|nepherae has 270 seconds left.\n|inactive|DracoShivam has 270 seconds left.\n|\n|t:|1700669288\n|move|p2a: Lokix|U-turn|p1a: Alomomola\n|-damage|p1a: Alomomola|22\/100\n|\n|t:|1700669291\n|switch|p2a: Scizor|Scizor-Mega, F|33\/100|[from] U-turn\n|-damage|p2a: Scizor|20\/100|[from] Stealth Rock\n|-damage|p2a: Scizor|8\/100|[from] Spikes\n|move|p1a: Alomomola|Toxic|p2a: Scizor\n|-immune|p2a: Scizor\n|\n|upkeep\n|turn|23\n|\n|t:|1700669301\n|switch|p1a: Gliscor|Gliscor, F|100\/100 tox\n|move|p2a: Scizor|Trailblaze|p1a: Gliscor\n|-damage|p1a: Gliscor|82\/100 tox\n|-boost|p2a: Scizor|spe|1\n|\n|-heal|p1a: Gliscor|94\/100 tox|[from] ability: Poison Heal\n|upkeep\n|turn|24\n|\n|t:|1700669304\n|move|p2a: Scizor|Knock Off|p1a: Gliscor\n|-damage|p1a: Gliscor|67\/100 tox\n|-enditem|p1a: Gliscor|Toxic Orb|[from] move: Knock Off|[of] p2a: Scizor\n|move|p1a: Gliscor|Knock Off|p2a: Scizor\n|-damage|p2a: Scizor|0 fnt\n|faint|p2a: Scizor\n|\n|-heal|p1a: Gliscor|80\/100 tox|[from] ability: Poison Heal\n|upkeep\n|\n|t:|1700669314\n|switch|p2a: Lokix|Lokix, F|100\/100\n|turn|25\n|\n|t:|1700669337\n|switch|p1a: Alomomola|Alomomola, F|56\/100\n|move|p2a: Lokix|Swords Dance|p2a: Lokix\n|-boost|p2a: Lokix|atk|2\n|\n|upkeep\n|turn|26\n|\n|t:|1700669342\n|move|p2a: Lokix|Knock Off|p1a: Alomomola\n|-damage|p1a: Alomomola|21\/100\n|move|p1a: Alomomola|Wish|p1a: Alomomola\n|\n|upkeep\n|turn|27\n|\n|t:|1700669347\n|switch|p1a: Dondozo|Dondozo, M|38\/100\n|move|p2a: Lokix|Knock Off|p1a: Dondozo\n|-damage|p1a: Dondozo|25\/100\n|\n|-heal|p1a: Dondozo|78\/100|[from] move: Wish|[wisher] Alomomola\n|upkeep\n|turn|28\n|\n|t:|1700669351\n|move|p2a: Lokix|Knock Off|p1a: Dondozo\n|-damage|p1a: Dondozo|64\/100\n|move|p1a: Dondozo|Body Press|p2a: Lokix\n|-damage|p2a: Lokix|58\/100\n|\n|upkeep\n|turn|29\n|\n|t:|1700669358\n|move|p2a: Lokix|Knock Off|p1a: Dondozo\n|-damage|p1a: Dondozo|50\/100\n|move|p1a: Dondozo|Liquidation|p2a: Lokix\n|-damage|p2a: Lokix|16\/100\n|\n|upkeep\n|turn|30\n|c| Psvishal|stall man\n|\n|t:|1700669379\n|move|p2a: Lokix|Knock Off|p1a: Dondozo\n|-damage|p1a: Dondozo|35\/100\n|move|p1a: Dondozo|Liquidation|p2a: Lokix\n|-damage|p2a: Lokix|0 fnt\n|faint|p2a: Lokix\n|\n|upkeep\n|\n|t:|1700669383\n|switch|p2a: Volcarona|Volcarona, F|100\/100\n|turn|31\n|\n|t:|1700669387\n|move|p2a: Volcarona|Giga Drain|p1a: Dondozo\n|-supereffective|p1a: Dondozo\n|-damage|p1a: Dondozo|0 fnt\n|faint|p1a: Dondozo\n|\n|upkeep\n|\n|t:|1700669392\n|switch|p1a: Alomomola|Alomomola, F|54\/100\n|turn|32\n|\n|t:|1700669405\n|switch|p1a: Ting-Lu|Ting-Lu, tera:Water|16\/100\n|-ability|p1a: Ting-Lu|Vessel of Ruin\n|move|p2a: Volcarona|Giga Drain|p1a: Ting-Lu\n|-supereffective|p1a: Ting-Lu\n|-damage|p1a: Ting-Lu|0 fnt\n|faint|p1a: Ting-Lu\n|\n|upkeep\n|\n|t:|1700669406\n|switch|p1a: Alomomola|Alomomola, F|88\/100\n|turn|33\n|\n|t:|1700669414\n|move|p2a: Volcarona|Quiver Dance|p2a: Volcarona\n|-boost|p2a: Volcarona|spa|1\n|-boost|p2a: Volcarona|spd|1\n|-boost|p2a: Volcarona|spe|1\n|move|p1a: Alomomola|Toxic|p2a: Volcarona\n|-status|p2a: Volcarona|tox\n|\n|-damage|p2a: Volcarona|94\/100 tox|[from] psn\n|upkeep\n|turn|34\n|\n|t:|1700669420\n|move|p2a: Volcarona|Giga Drain|p1a: Alomomola\n|-supereffective|p1a: Alomomola\n|-damage|p1a: Alomomola|0 fnt\n|-heal|p2a: Volcarona|100\/100 tox|[from] drain|[of] p1a: Alomomola\n|faint|p1a: Alomomola\n|\n|-damage|p2a: Volcarona|88\/100 tox|[from] psn\n|upkeep\n|\n|t:|1700669424\n|switch|p1a: Blissey|Blissey, F|71\/100\n|turn|35\n|c| Psvishal|what was he cooking\n|\n|t:|1700669428\n|move|p2a: Volcarona|Fire Blast|p1a: Blissey|[miss]\n|-miss|p2a: Volcarona|p1a: Blissey\n|move|p1a: Blissey|Soft-Boiled|p1a: Blissey\n|-heal|p1a: Blissey|100\/100\n|\n|-damage|p2a: Volcarona|69\/100 tox|[from] psn\n|upkeep\n|turn|36\n|c| Psvishal|bruh\n|\n|t:|1700669437\n|move|p2a: Volcarona|Fire Blast|p1a: Blissey|[miss]\n|-miss|p2a: Volcarona|p1a: Blissey\n|move|p1a: Blissey|Soft-Boiled||[still]\n|-fail|p1a: Blissey|heal\n|\n|-damage|p2a: Volcarona|44\/100 tox|[from] psn\n|upkeep\n|turn|37\n|c| Psvishal|BRUH\n|c|\u2606nepherae|gaming\n|\n|t:|1700669442\n|move|p2a: Volcarona|Fire Blast|p1a: Blissey\n|-damage|p1a: Blissey|72\/100\n|move|p1a: Blissey|Soft-Boiled|p1a: Blissey\n|-heal|p1a: Blissey|100\/100\n|\n|-damage|p2a: Volcarona|13\/100 tox|[from] psn\n|upkeep\n|turn|38\n|\n|t:|1700669452\n|move|p2a: Volcarona|Fire Blast|p1a: Blissey\n|-damage|p1a: Blissey|73\/100\n|-status|p1a: Blissey|brn\n|move|p1a: Blissey|Seismic Toss|p2a: Volcarona\n|-damage|p2a: Volcarona|0 fnt\n|faint|p2a: Volcarona\n|\n|win|nepherae\n|c|\u2606nepherae|gg\n|c| Psvishal|Welp not like it woul've made a difference\n|l|\u2606DracoShivam\n|c| Psvishal|gg\n|l|\u2606nepherae\n|l| Psvishal\n|j|\u2606DracoShivam\n|player|p2|DracoShivam|blue\n","uploadtime":1700669506,"views":7,"p1id":"nepherae","p2id":"dracoshivam","formatid":"gen9nationaldex","rating":0,"private":0,"password":""}