{"id":"gen9nationaldex-1997517480","p1":"Shgfx","p2":"taowang","format":"[Gen 9] National Dex","log":"|html|<div class=\"broadcast-blue\"><strong>[Gen 9] National Dex is currently suspecting Sneasler! For information on how to participate check out the <a href=\"https:\/\/www.smogon.com\/forums\/threads\/sv-national-dex-suspect-8-just-dance.3731534\/\">suspect thread<\/a>.<\/strong><\/div>\n|j|\u2606Shgfx\n|j|\u2606taowang\n|t:|1700818905\n|gametype|singles\n|player|p1|Shgfx|170|1434\n|player|p2|taowang|1|1403\n|teamsize|p1|6\n|teamsize|p2|6\n|gen|9\n|tier|[Gen 9] National Dex\n|rated|\n|rule|HP Percentage Mod: HP is shown in percentages\n|rule|Endless Battle Clause: Forcing endless battles is banned\n|rule|OHKO Clause: OHKO moves are banned\n|rule|Evasion Clause: Evasion abilities, items, and moves are banned\n|rule|Evasion Abilities Clause: Evasion abilities are banned\n|rule|Evasion Items Clause: Evasion items are banned\n|rule|Evasion Moves Clause: Evasion moves are banned\n|rule|Species Clause: Limit one of each Pok\u00e9mon\n|rule|Sleep Clause Mod: Limit one foe put to sleep\n|clearpoke\n|poke|p1|Galvantula, F|\n|poke|p1|Volcanion|\n|poke|p1|Scizor, F|\n|poke|p1|Tapu Lele|\n|poke|p1|Hydreigon, F|\n|poke|p1|Breloom, F|\n|poke|p2|Toxapex, F|\n|poke|p2|Dondozo, F|\n|poke|p2|Garganacl, F|\n|poke|p2|Sableye, F|\n|poke|p2|Goodra-Hisui, F|\n|poke|p2|Gliscor, F|\n|teampreview\n|inactive|Battle timer is ON: inactive players will automatically lose when time's up. (requested by taowang)\n|\n|t:|1700818929\n|start\n|switch|p1a: Breloom|Breloom, F|100\/100\n|switch|p2a: Sableye|Sableye, F, shiny|100\/100\n|turn|1\n|\n|t:|1700818936\n|detailschange|p2a: Sableye|Sableye-Mega, F, shiny\n|-mega|p2a: Sableye|Sableye|Sablenite\n|move|p1a: Breloom|Bullet Seed|p2a: Sableye\n|-damage|p2a: Sableye|87\/100\n|-damage|p2a: Sableye|73\/100\n|-damage|p2a: Sableye|60\/100\n|-damage|p2a: Sableye|46\/100\n|-hitcount|p2a: Sableye|4\n|move|p2a: Sableye|Will-O-Wisp|p1a: Breloom\n|-status|p1a: Breloom|brn\n|\n|-damage|p1a: Breloom|94\/100 brn|[from] brn\n|upkeep\n|turn|2\n|\n|t:|1700818953\n|move|p1a: Breloom|Swords Dance|p1a: Breloom\n|-boost|p1a: Breloom|atk|2\n|move|p2a: Sableye|Recover|p2a: Sableye\n|-heal|p2a: Sableye|96\/100\n|\n|-damage|p1a: Breloom|88\/100 brn|[from] brn\n|upkeep\n|turn|3\n|\n|t:|1700818980\n|move|p1a: Breloom|Bullet Seed|p2a: Sableye\n|-damage|p2a: Sableye|83\/100\n|-damage|p2a: Sableye|70\/100\n|-damage|p2a: Sableye|57\/100\n|-damage|p2a: Sableye|43\/100\n|-hitcount|p2a: Sableye|4\n|move|p2a: Sableye|Knock Off|p1a: Breloom\n|-resisted|p1a: Breloom\n|-damage|p1a: Breloom|68\/100 brn\n|-enditem|p1a: Breloom|Loaded Dice|[from] move: Knock Off|[of] p2a: Sableye\n|\n|-damage|p1a: Breloom|62\/100 brn|[from] brn\n|upkeep\n|turn|4\n|inactive|taowang has 120 seconds left.\n|\n|t:|1700819006\n|switch|p1a: Scizor|Scizor, F|100\/100\n|switch|p2a: Goodra|Goodra-Hisui, F, shiny|100\/100\n|\n|upkeep\n|turn|5\n|\n|t:|1700819018\n|switch|p2a: Dondozo|Dondozo, F|100\/100\n|move|p1a: Scizor|Swords Dance|p1a: Scizor\n|-boost|p1a: Scizor|atk|2\n|\n|upkeep\n|turn|6\n|\n|t:|1700819026\n|switch|p1a: Breloom|Breloom, F|62\/100 brn\n|move|p2a: Dondozo|Curse|p2a: Dondozo\n|-unboost|p2a: Dondozo|spe|1\n|-boost|p2a: Dondozo|atk|1\n|-boost|p2a: Dondozo|def|1\n|\n|-damage|p1a: Breloom|56\/100 brn|[from] brn\n|upkeep\n|turn|7\n|\n|t:|1700819037\n|switch|p2a: Goodra|Goodra-Hisui, F, shiny|100\/100\n|move|p1a: Breloom|Bullet Seed|p2a: Goodra\n|-ability|p2a: Goodra|Sap Sipper|boost\n|-boost|p2a: Goodra|atk|1\n|\n|-damage|p1a: Breloom|50\/100 brn|[from] brn\n|upkeep\n|turn|8\n|inactive|taowang has 120 seconds left.\n|\n|t:|1700819055\n|switch|p2a: Dondozo|Dondozo, F|100\/100\n|move|p1a: Breloom|Spore|p2a: Dondozo\n|-status|p2a: Dondozo|slp|[from] move: Spore\n|\n|-damage|p1a: Breloom|44\/100 brn|[from] brn\n|upkeep\n|turn|9\n|inactive|taowang has 120 seconds left.\n|\n|t:|1700819069\n|-terastallize|p2a: Dondozo|Dragon\n|move|p1a: Breloom|Swords Dance|p1a: Breloom\n|-boost|p1a: Breloom|atk|2\n|cant|p2a: Dondozo|slp\n|move|p2a: Dondozo|Sleep Talk|p2a: Dondozo\n|move|p2a: Dondozo|Rest||[from]move: Sleep Talk|[still]\n|-fail|p2a: Dondozo\n|\n|-damage|p1a: Breloom|38\/100 brn|[from] brn\n|upkeep\n|turn|10\n|\n|t:|1700819083\n|move|p1a: Breloom|Swords Dance|p1a: Breloom\n|-boost|p1a: Breloom|atk|2\n|cant|p2a: Dondozo|slp\n|move|p2a: Dondozo|Sleep Talk|p2a: Dondozo\n|move|p2a: Dondozo|Rest||[from]move: Sleep Talk|[still]\n|-fail|p2a: Dondozo\n|\n|-damage|p1a: Breloom|31\/100 brn|[from] brn\n|upkeep\n|turn|11\n|\n|t:|1700819095\n|move|p1a: Breloom|Mach Punch|p2a: Dondozo\n|-damage|p2a: Dondozo|93\/100 slp\n|-curestatus|p2a: Dondozo|slp|[msg]\n|move|p2a: Dondozo|Curse|p2a: Dondozo\n|-unboost|p2a: Dondozo|spe|1\n|-boost|p2a: Dondozo|atk|1\n|-boost|p2a: Dondozo|def|1\n|\n|-heal|p2a: Dondozo|99\/100|[from] item: Leftovers\n|-damage|p1a: Breloom|25\/100 brn|[from] brn\n|upkeep\n|turn|12\n|\n|t:|1700819108\n|move|p1a: Breloom|Spore|p2a: Dondozo\n|-status|p2a: Dondozo|slp|[from] move: Spore\n|cant|p2a: Dondozo|slp\n|\n|-heal|p2a: Dondozo|100\/100 slp|[from] item: Leftovers\n|-damage|p1a: Breloom|19\/100 brn|[from] brn\n|upkeep\n|turn|13\n|\n|t:|1700819117\n|switch|p1a: Tapu Lele|Tapu Lele|100\/100\n|-fieldstart|move: Psychic Terrain|[from] ability: Psychic Surge|[of] p1a: Tapu Lele\n|-curestatus|p2a: Dondozo|slp|[msg]\n|move|p2a: Dondozo|Sleep Talk||[still]\n|-fail|p2a: Dondozo\n|\n|upkeep\n|turn|14\n|\n|t:|1700819129\n|switch|p2a: Goodra|Goodra-Hisui, F, shiny|100\/100\n|move|p1a: Tapu Lele|Psychic|p2a: Goodra\n|-resisted|p2a: Goodra\n|-damage|p2a: Goodra|85\/100\n|\n|-heal|p2a: Goodra|91\/100|[from] item: Leftovers\n|upkeep\n|turn|15\n|\n|t:|1700819138\n|switch|p1a: Hydreigon|Hydreigon, F|100\/100\n|move|p2a: Goodra|Heavy Slam|p1a: Hydreigon\n|-damage|p1a: Hydreigon|76\/100\n|\n|-heal|p2a: Goodra|97\/100|[from] item: Leftovers\n|upkeep\n|turn|16\n|\n|t:|1700819148\n|switch|p2a: Toxapex|Toxapex, F, shiny|100\/100\n|move|p1a: Hydreigon|Draco Meteor|p2a: Toxapex\n|-damage|p2a: Toxapex|43\/100\n|-unboost|p1a: Hydreigon|spa|2\n|-damage|p1a: Hydreigon|66\/100|[from] item: Life Orb\n|\n|upkeep\n|turn|17\n|\n|t:|1700819160\n|-terastallize|p1a: Hydreigon|Steel\n|move|p1a: Hydreigon|Earth Power|p2a: Toxapex\n|-supereffective|p2a: Toxapex\n|-damage|p2a: Toxapex|16\/100\n|-damage|p1a: Hydreigon|56\/100|[from] item: Life Orb\n|move|p2a: Toxapex|Recover|p2a: Toxapex\n|-heal|p2a: Toxapex|66\/100\n|\n|-fieldend|move: Psychic Terrain\n|upkeep\n|turn|18\n|\n|t:|1700819173\n|switch|p1a: Galvantula|Galvantula, F|100\/100\n|move|p2a: Toxapex|Recover|p2a: Toxapex\n|-heal|p2a: Toxapex|100\/100\n|\n|upkeep\n|turn|19\n|\n|t:|1700819184\n|switch|p2a: Gliscor|Gliscor, F, shiny|100\/100\n|move|p1a: Galvantula|Thunderbolt|p2a: Gliscor\n|-immune|p2a: Gliscor\n|\n|-status|p2a: Gliscor|tox|[from] item: Toxic Orb\n|upkeep\n|turn|20\n|\n|t:|1700819198\n|switch|p2a: Garganacl|Garganacl, F|100\/100\n|move|p1a: Galvantula|Bug Buzz|p2a: Garganacl\n|-damage|p2a: Garganacl|77\/100\n|\n|-heal|p2a: Garganacl|83\/100|[from] item: Leftovers\n|upkeep\n|turn|21\n|\n|t:|1700819207\n|move|p1a: Galvantula|Energy Ball|p2a: Garganacl\n|-supereffective|p2a: Garganacl\n|-damage|p2a: Garganacl|48\/100\n|move|p2a: Garganacl|Salt Cure|p1a: Galvantula\n|-supereffective|p1a: Galvantula\n|-damage|p1a: Galvantula|53\/100\n|-start|p1a: Galvantula|Salt Cure\n|\n|-heal|p2a: Garganacl|54\/100|[from] item: Leftovers\n|-damage|p1a: Galvantula|40\/100|[from] Salt Cure\n|upkeep\n|turn|22\n|\n|t:|1700819218\n|move|p1a: Galvantula|Energy Ball|p2a: Garganacl\n|-supereffective|p2a: Garganacl\n|-damage|p2a: Garganacl|22\/100\n|move|p2a: Garganacl|Recover|p2a: Garganacl\n|-heal|p2a: Garganacl|72\/100\n|\n|-heal|p2a: Garganacl|78\/100|[from] item: Leftovers\n|-damage|p1a: Galvantula|28\/100|[from] Salt Cure\n|upkeep\n|turn|23\n|\n|t:|1700819229\n|switch|p2a: Goodra|Goodra-Hisui, F, shiny|97\/100\n|move|p1a: Galvantula|Energy Ball|p2a: Goodra\n|-ability|p2a: Goodra|Sap Sipper|boost\n|-boost|p2a: Goodra|atk|1\n|\n|-heal|p2a: Goodra|100\/100|[from] item: Leftovers\n|-damage|p1a: Galvantula|15\/100|[from] Salt Cure\n|upkeep\n|turn|24\n|\n|t:|1700819240\n|switch|p1a: Breloom|Breloom, F|19\/100 brn\n|move|p2a: Goodra|Heavy Slam|p1a: Breloom\n|-damage|p1a: Breloom|0 fnt\n|faint|p1a: Breloom\n|\n|upkeep\n|\n|t:|1700819248\n|switch|p1a: Scizor|Scizor, F|100\/100\n|turn|25\n|\n|t:|1700819252\n|switch|p2a: Dondozo|Dondozo, F, tera:Dragon|100\/100\n|move|p1a: Scizor|Close Combat|p2a: Dondozo\n|-damage|p2a: Dondozo|79\/100\n|-unboost|p1a: Scizor|def|1\n|-unboost|p1a: Scizor|spd|1\n|\n|-heal|p2a: Dondozo|85\/100|[from] item: Leftovers\n|upkeep\n|turn|26\n|\n|t:|1700819263\n|switch|p1a: Galvantula|Galvantula, F|15\/100\n|move|p2a: Dondozo|Liquidation|p1a: Galvantula\n|-damage|p1a: Galvantula|0 fnt\n|faint|p1a: Galvantula\n|\n|-heal|p2a: Dondozo|91\/100|[from] item: Leftovers\n|upkeep\n|\n|t:|1700819273\n|switch|p1a: Tapu Lele|Tapu Lele|100\/100\n|-fieldstart|move: Psychic Terrain|[from] ability: Psychic Surge|[of] p1a: Tapu Lele\n|turn|27\n|\n|t:|1700819281\n|switch|p2a: Goodra|Goodra-Hisui, F, shiny|100\/100\n|move|p1a: Tapu Lele|Energy Ball|p2a: Goodra\n|-ability|p2a: Goodra|Sap Sipper|boost\n|-boost|p2a: Goodra|atk|1\n|\n|upkeep\n|turn|28\n|\n|t:|1700819289\n|switch|p1a: Hydreigon|Hydreigon, F, tera:Steel|56\/100\n|move|p2a: Goodra|Heavy Slam|p1a: Hydreigon\n|-resisted|p1a: Hydreigon\n|-damage|p1a: Hydreigon|40\/100\n|\n|upkeep\n|turn|29\n|inactive|taowang has 120 seconds left.\n|\n|t:|1700819343\n|switch|p2a: Gliscor|Gliscor, F, shiny|100\/100 tox\n|move|p1a: Hydreigon|Draco Meteor|p2a: Gliscor\n|-damage|p2a: Gliscor|0 fnt\n|-unboost|p1a: Hydreigon|spa|2\n|faint|p2a: Gliscor\n|-damage|p1a: Hydreigon|30\/100|[from] item: Life Orb\n|\n|upkeep\n|\n|t:|1700819350\n|switch|p2a: Garganacl|Garganacl, F|78\/100\n|turn|30\n|\n|t:|1700819356\n|switch|p1a: Scizor|Scizor, F|100\/100\n|move|p2a: Garganacl|Salt Cure|p1a: Scizor\n|-damage|p1a: Scizor|87\/100\n|-start|p1a: Scizor|Salt Cure\n|\n|-heal|p2a: Garganacl|84\/100|[from] item: Leftovers\n|-damage|p1a: Scizor|62\/100|[from] Salt Cure\n|upkeep\n|turn|31\n|\n|t:|1700819371\n|switch|p1a: Hydreigon|Hydreigon, F, tera:Steel|30\/100\n|move|p2a: Garganacl|Protect||[still]\n|-fail|p2a: Garganacl\n|\n|-heal|p2a: Garganacl|91\/100|[from] item: Leftovers\n|-fieldend|move: Psychic Terrain\n|upkeep\n|turn|32\n|\n|t:|1700819380\n|switch|p2a: Goodra|Goodra-Hisui, F, shiny|100\/100\n|move|p1a: Hydreigon|Earth Power|p2a: Goodra\n|-supereffective|p2a: Goodra\n|-damage|p2a: Goodra|61\/100\n|-damage|p1a: Hydreigon|20\/100|[from] item: Life Orb\n|\n|-heal|p2a: Goodra|67\/100|[from] item: Leftovers\n|upkeep\n|turn|33\n|\n|t:|1700819390\n|move|p1a: Hydreigon|Earth Power|p2a: Goodra\n|-supereffective|p2a: Goodra\n|-damage|p2a: Goodra|27\/100\n|-damage|p1a: Hydreigon|10\/100|[from] item: Life Orb\n|move|p2a: Goodra|Heavy Slam|p1a: Hydreigon\n|-resisted|p1a: Hydreigon\n|-damage|p1a: Hydreigon|0 fnt\n|faint|p1a: Hydreigon\n|\n|-heal|p2a: Goodra|33\/100|[from] item: Leftovers\n|upkeep\n|\n|t:|1700819402\n|switch|p1a: Volcanion|Volcanion|100\/100\n|turn|34\n|inactive|taowang has 120 seconds left.\n|\n|t:|1700819423\n|switch|p2a: Toxapex|Toxapex, F, shiny|100\/100\n|move|p1a: Volcanion|Earth Power|p2a: Toxapex\n|-supereffective|p2a: Toxapex\n|-damage|p2a: Toxapex|59\/100\n|\n|upkeep\n|turn|35\n|\n|t:|1700819432\n|switch|p1a: Scizor|Scizor, F|62\/100\n|move|p2a: Toxapex|Toxic|p1a: Scizor\n|-immune|p1a: Scizor\n|\n|upkeep\n|turn|36\n|\n|t:|1700819444\n|switch|p2a: Dondozo|Dondozo, F, tera:Dragon|91\/100\n|move|p1a: Scizor|Close Combat|p2a: Dondozo\n|-damage|p2a: Dondozo|71\/100\n|-unboost|p1a: Scizor|def|1\n|-unboost|p1a: Scizor|spd|1\n|\n|-heal|p2a: Dondozo|77\/100|[from] item: Leftovers\n|upkeep\n|turn|37\n|inactive|taowang has 120 seconds left.\n|\n|t:|1700819459\n|switch|p1a: Volcanion|Volcanion|100\/100\n|switch|p2a: Garganacl|Garganacl, F|91\/100\n|\n|-heal|p2a: Garganacl|97\/100|[from] item: Leftovers\n|upkeep\n|turn|38\n|\n|t:|1700819468\n|move|p1a: Volcanion|Steam Eruption|p2a: Garganacl\n|-supereffective|p2a: Garganacl\n|-damage|p2a: Garganacl|18\/100\n|move|p2a: Garganacl|Salt Cure|p1a: Volcanion\n|-supereffective|p1a: Volcanion\n|-damage|p1a: Volcanion|77\/100\n|-start|p1a: Volcanion|Salt Cure\n|\n|-heal|p2a: Garganacl|25\/100|[from] item: Leftovers\n|-damage|p1a: Volcanion|53\/100|[from] Salt Cure\n|upkeep\n|turn|39\n|\n|t:|1700819486\n|switch|p1a: Tapu Lele|Tapu Lele|100\/100\n|-fieldstart|move: Psychic Terrain|[from] ability: Psychic Surge|[of] p1a: Tapu Lele\n|switch|p2a: Sableye|Sableye-Mega, F, shiny|43\/100\n|\n|upkeep\n|turn|40\n|\n|t:|1700819498\n|switch|p2a: Toxapex|Toxapex, F, shiny|92\/100\n|move|p1a: Tapu Lele|Moonblast|p2a: Toxapex\n|-resisted|p2a: Toxapex\n|-damage|p2a: Toxapex|76\/100\n|\n|upkeep\n|turn|41\n|\n|t:|1700819508\n|switch|p1a: Scizor|Scizor, F|62\/100\n|switch|p2a: Sableye|Sableye-Mega, F, shiny|43\/100\n|\n|upkeep\n|turn|42\n|\n|t:|1700819516\n|switch|p1a: Volcanion|Volcanion|53\/100\n|move|p2a: Sableye|Will-O-Wisp|p1a: Volcanion\n|-immune|p1a: Volcanion\n|\n|upkeep\n|turn|43\n|\n|t:|1700819523\n|move|p1a: Volcanion|Steam Eruption|p2a: Sableye\n|-damage|p2a: Sableye|0 fnt\n|faint|p2a: Sableye\n|\n|-fieldend|move: Psychic Terrain\n|upkeep\n|\n|t:|1700819535\n|switch|p2a: Toxapex|Toxapex, F, shiny|100\/100\n|turn|44\n|\n|t:|1700819540\n|switch|p1a: Scizor|Scizor, F|62\/100\n|move|p2a: Toxapex|Scald|p1a: Scizor\n|-damage|p1a: Scizor|42\/100\n|\n|upkeep\n|turn|45\n|\n|t:|1700819553\n|move|p1a: Scizor|Dual Wingbeat|p2a: Toxapex\n|-damage|p2a: Toxapex|82\/100\n|-damage|p2a: Toxapex|63\/100\n|-hitcount|p2a: Toxapex|2\n|move|p2a: Toxapex|Toxic|p1a: Scizor\n|-immune|p1a: Scizor\n|\n|upkeep\n|turn|46\n|\n|t:|1700819570\n|move|p1a: Scizor|Dual Wingbeat|p2a: Toxapex\n|-damage|p2a: Toxapex|46\/100\n|-damage|p2a: Toxapex|27\/100\n|-hitcount|p2a: Toxapex|2\n|move|p2a: Toxapex|Recover|p2a: Toxapex\n|-heal|p2a: Toxapex|77\/100\n|\n|upkeep\n|turn|47\n|\n|t:|1700819579\n|move|p1a: Scizor|Swords Dance|p1a: Scizor\n|-boost|p1a: Scizor|atk|2\n|move|p2a: Toxapex|Toxic|p1a: Scizor\n|-immune|p1a: Scizor\n|\n|upkeep\n|turn|48\n|\n|t:|1700819586\n|move|p1a: Scizor|Dual Wingbeat|p2a: Toxapex\n|-damage|p2a: Toxapex|39\/100\n|-damage|p2a: Toxapex|3\/100\n|-hitcount|p2a: Toxapex|2\n|move|p2a: Toxapex|Scald|p1a: Scizor\n|-damage|p1a: Scizor|21\/100\n|-status|p1a: Scizor|brn\n|\n|-damage|p1a: Scizor|15\/100 brn|[from] brn\n|upkeep\n|turn|49\n|\n|t:|1700819599\n|switch|p2a: Dondozo|Dondozo, F, tera:Dragon|77\/100\n|move|p1a: Scizor|Dual Wingbeat|p2a: Dondozo\n|-damage|p2a: Dondozo|72\/100\n|-damage|p2a: Dondozo|66\/100\n|-hitcount|p2a: Dondozo|2\n|\n|-heal|p2a: Dondozo|73\/100|[from] item: Leftovers\n|-damage|p1a: Scizor|9\/100 brn|[from] brn\n|upkeep\n|turn|50\n|\n|t:|1700819611\n|switch|p1a: Volcanion|Volcanion|53\/100\n|switch|p2a: Toxapex|Toxapex, F, shiny|36\/100\n|\n|upkeep\n|turn|51\n|\n|t:|1700819622\n|switch|p2a: Goodra|Goodra-Hisui, F, shiny|33\/100\n|move|p1a: Volcanion|Earth Power|p2a: Goodra\n|-supereffective|p2a: Goodra\n|-damage|p2a: Goodra|0 fnt\n|faint|p2a: Goodra\n|\n|upkeep\n|\n|t:|1700819632\n|switch|p2a: Toxapex|Toxapex, F, shiny|70\/100\n|turn|52\n|\n|t:|1700819637\n|switch|p1a: Scizor|Scizor, F|9\/100 brn\n|switch|p2a: Dondozo|Dondozo, F, tera:Dragon|73\/100\n|\n|-heal|p2a: Dondozo|79\/100|[from] item: Leftovers\n|-damage|p1a: Scizor|3\/100 brn|[from] brn\n|upkeep\n|turn|53\n|\n|t:|1700819654\n|switch|p1a: Tapu Lele|Tapu Lele|100\/100\n|-fieldstart|move: Psychic Terrain|[from] ability: Psychic Surge|[of] p1a: Tapu Lele\n|move|p2a: Dondozo|Curse|p2a: Dondozo\n|-unboost|p2a: Dondozo|spe|1\n|-boost|p2a: Dondozo|atk|1\n|-boost|p2a: Dondozo|def|1\n|\n|-heal|p2a: Dondozo|85\/100|[from] item: Leftovers\n|upkeep\n|turn|54\n|\n|t:|1700819666\n|switch|p1a: Volcanion|Volcanion|53\/100\n|move|p2a: Dondozo|Liquidation|p1a: Volcanion\n|-heal|p1a: Volcanion|77\/100|[from] ability: Water Absorb|[of] p2a: Dondozo\n|\n|-heal|p2a: Dondozo|91\/100|[from] item: Leftovers\n|upkeep\n|turn|55\n|\n|t:|1700819690\n|switch|p2a: Toxapex|Toxapex, F, shiny|100\/100\n|move|p1a: Volcanion|Earth Power|p2a: Toxapex\n|-supereffective|p2a: Toxapex\n|-damage|p2a: Toxapex|60\/100\n|\n|upkeep\n|turn|56\n|\n|t:|1700819702\n|switch|p1a: Scizor|Scizor, F|3\/100 brn\n|switch|p2a: Dondozo|Dondozo, F, tera:Dragon|91\/100\n|\n|-heal|p2a: Dondozo|97\/100|[from] item: Leftovers\n|-damage|p1a: Scizor|0 fnt|[from] brn\n|faint|p1a: Scizor\n|upkeep\n|\n|t:|1700819712\n|switch|p1a: Volcanion|Volcanion|77\/100\n|turn|57\n|\n|t:|1700819720\n|switch|p2a: Toxapex|Toxapex, F, shiny|94\/100\n|move|p1a: Volcanion|Earth Power|p2a: Toxapex\n|-supereffective|p2a: Toxapex\n|-damage|p2a: Toxapex|52\/100\n|\n|-fieldend|move: Psychic Terrain\n|upkeep\n|turn|58\n|\n|t:|1700819729\n|move|p1a: Volcanion|Earth Power|p2a: Toxapex\n|-supereffective|p2a: Toxapex\n|-damage|p2a: Toxapex|11\/100\n|move|p2a: Toxapex|Toxic|p1a: Volcanion\n|-status|p1a: Volcanion|tox\n|\n|-damage|p1a: Volcanion|71\/100 tox|[from] psn\n|upkeep\n|turn|59\n|\n|t:|1700819740\n|switch|p1a: Tapu Lele|Tapu Lele|100\/100\n|-fieldstart|move: Psychic Terrain|[from] ability: Psychic Surge|[of] p1a: Tapu Lele\n|switch|p2a: Dondozo|Dondozo, F, tera:Dragon|97\/100\n|\n|-heal|p2a: Dondozo|100\/100|[from] item: Leftovers\n|upkeep\n|turn|60\n|\n|t:|1700819753\n|move|p1a: Tapu Lele|Aromatherapy|p1a: Tapu Lele\n|-activate|p1a: Tapu Lele|move: Aromatherapy\n|-curestatus|p1: Volcanion|tox|[msg]\n|move|p2a: Dondozo|Liquidation|p1a: Tapu Lele\n|-damage|p1a: Tapu Lele|57\/100\n|\n|upkeep\n|turn|61\n|\n|t:|1700819772\n|switch|p1a: Volcanion|Volcanion|71\/100\n|move|p2a: Dondozo|Liquidation|p1a: Volcanion\n|-heal|p1a: Volcanion|96\/100|[from] ability: Water Absorb|[of] p2a: Dondozo\n|\n|upkeep\n|turn|62\n|\n|t:|1700819792\n|move|p1a: Volcanion|Earth Power|p2a: Dondozo\n|-damage|p2a: Dondozo|71\/100\n|move|p2a: Dondozo|Curse|p2a: Dondozo\n|-unboost|p2a: Dondozo|spe|1\n|-boost|p2a: Dondozo|atk|1\n|-boost|p2a: Dondozo|def|1\n|\n|-heal|p2a: Dondozo|77\/100|[from] item: Leftovers\n|upkeep\n|turn|63\n|\n|t:|1700819802\n|move|p1a: Volcanion|Earth Power|p2a: Dondozo\n|-damage|p2a: Dondozo|42\/100\n|-unboost|p2a: Dondozo|spd|1\n|move|p2a: Dondozo|Curse|p2a: Dondozo\n|-unboost|p2a: Dondozo|spe|1\n|-boost|p2a: Dondozo|atk|1\n|-boost|p2a: Dondozo|def|1\n|\n|-heal|p2a: Dondozo|49\/100|[from] item: Leftovers\n|-fieldend|move: Psychic Terrain\n|upkeep\n|turn|64\n|l|\u2606taowang\n|inactive|taowang disconnected and has a minute to reconnect!\n|player|p2|\n|j|\u2606taowang\n|inactive|taowang reconnected and has 135 seconds left.\n|player|p2|taowang|1\n|\n|t:|1700819822\n|move|p1a: Volcanion|Earth Power|p2a: Dondozo\n|-damage|p2a: Dondozo|0 fnt\n|faint|p2a: Dondozo\n|\n|upkeep\n|inactive|taowang has 120 seconds left.\n|l|\u2606taowang\n|inactive|taowang disconnected and has a minute to reconnect!\n|player|p2|\n|inactive|taowang has 30 seconds to reconnect!\n|inactive|taowang has 20 seconds to reconnect!\n|inactive|taowang has 15 seconds to reconnect!\n|inactive|taowang has 10 seconds to reconnect!\n|inactive|taowang has 5 seconds to reconnect!\n|c|\u2606Shgfx|You toxic bitch\n|-message|taowang lost due to inactivity.\n|\n|win|Shgfx\n|raw|Shgfx's rating: 1434 &rarr; <strong>1452<\/strong><br \/>(+18 for winning)\n|raw|taowang's rating: 1403 &rarr; <strong>1385<\/strong><br \/>(-18 for losing)\n","uploadtime":1700819901,"views":4,"p1id":"shgfx","p2id":"taowang","formatid":"gen9nationaldex","rating":1385,"private":0,"password":""}