{"id":"gen9nationaldex-1992554251","p1":"dumb penguin\u51b0\u780c\u9e45\u4fa0","p2":"szkkk","format":"[Gen 9] National Dex","log":"|j|\u2606dumb penguin\u51b0\u780c\u9e45\u4fa0\n|j|\u2606szkkk\n|t:|1700204754\n|gametype|singles\n|player|p1|dumb penguin\u51b0\u780c\u9e45\u4fa0|102|1445\n|player|p2|szkkk|acerola|1349\n|teamsize|p1|6\n|teamsize|p2|6\n|gen|9\n|tier|[Gen 9] National Dex\n|rated|\n|rule|HP Percentage Mod: HP is shown in percentages\n|rule|Endless Battle Clause: Forcing endless battles is banned\n|rule|OHKO Clause: OHKO moves are banned\n|rule|Evasion Clause: Evasion abilities, items, and moves are banned\n|rule|Evasion Abilities Clause: Evasion abilities are banned\n|rule|Evasion Items Clause: Evasion items are banned\n|rule|Evasion Moves Clause: Evasion moves are banned\n|rule|Species Clause: Limit one of each Pok\u00e9mon\n|rule|Sleep Clause Mod: Limit one foe put to sleep\n|clearpoke\n|poke|p1|Dragonite, M|\n|poke|p1|Urshifu-*, M|\n|poke|p1|Landorus-Therian, M|\n|poke|p1|Tapu Koko|\n|poke|p1|Banette, M|\n|poke|p1|Rillaboom, F|\n|poke|p2|Hatterene, F|\n|poke|p2|Cresselia, F|\n|poke|p2|Marowak-Alola, M|\n|poke|p2|Mawile, M|\n|poke|p2|Stakataka|\n|poke|p2|Crawdaunt, F|\n|teampreview\n|inactive|Battle timer is ON: inactive players will automatically lose when time's up. (requested by szkkk)\n|\n|t:|1700204763\n|start\n|switch|p1a: Urshifu|Urshifu-Rapid-Strike, M|100\/100\n|switch|p2a: Hatterene|Hatterene, F, shiny|100\/100\n|turn|1\n|\n|t:|1700204770\n|move|p1a: Urshifu|Surging Strikes|p2a: Hatterene\n|-crit|p2a: Hatterene\n|-damage|p2a: Hatterene|75\/100\n|-crit|p2a: Hatterene\n|-damage|p2a: Hatterene|51\/100\n|-crit|p2a: Hatterene\n|-damage|p2a: Hatterene|23\/100\n|-hitcount|p2a: Hatterene|3\n|move|p2a: Hatterene|Trick Room|p2a: Hatterene\n|-fieldstart|move: Trick Room|[of] p2a: Hatterene\n|\n|upkeep\n|turn|2\n|\n|t:|1700204779\n|switch|p1a: Rillaboom|Rillaboom, F|100\/100\n|-fieldstart|move: Grassy Terrain|[from] ability: Grassy Surge|[of] p1a: Rillaboom\n|move|p2a: Hatterene|Misty Explosion|p1a: Rillaboom\n|-damage|p1a: Rillaboom|25\/100\n|faint|p2a: Hatterene\n|\n|-heal|p1a: Rillaboom|32\/100|[from] Grassy Terrain\n|upkeep\n|\n|t:|1700204801\n|switch|p2a: Stakataka|Stakataka|100\/100\n|turn|3\n|\n|t:|1700204807\n|move|p1a: Rillaboom|Grassy Glide|p2a: Stakataka\n|-crit|p2a: Stakataka\n|-damage|p2a: Stakataka|58\/100\n|-damage|p1a: Rillaboom|22\/100|[from] item: Life Orb\n|move|p2a: Stakataka|Gyro Ball|p1a: Rillaboom\n|-crit|p1a: Rillaboom\n|-damage|p1a: Rillaboom|0 fnt\n|faint|p1a: Rillaboom\n|-ability|p2a: Stakataka|Beast Boost|boost\n|-boost|p2a: Stakataka|atk|1\n|\n|-heal|p2a: Stakataka|64\/100|[from] Grassy Terrain\n|upkeep\n|\n|t:|1700204812\n|switch|p1a: Landorus|Landorus-Therian, M|100\/100\n|-ability|p1a: Landorus|Intimidate|boost\n|-unboost|p2a: Stakataka|atk|1\n|turn|4\n|\n|t:|1700204822\n|move|p2a: Stakataka|Gyro Ball|p1a: Landorus\n|-damage|p1a: Landorus|0 fnt\n|faint|p1a: Landorus\n|-ability|p2a: Stakataka|Beast Boost|boost\n|-boost|p2a: Stakataka|atk|1\n|\n|-heal|p2a: Stakataka|70\/100|[from] Grassy Terrain\n|upkeep\n|\n|t:|1700204830\n|switch|p1a: Urshifu|Urshifu-Rapid-Strike, M|100\/100\n|turn|5\n|\n|t:|1700204852\n|move|p2a: Stakataka|Stone Edge|p1a: Urshifu|[miss]\n|-miss|p2a: Stakataka|p1a: Urshifu\n|move|p1a: Urshifu|Drain Punch|p2a: Stakataka\n|-supereffective|p2a: Stakataka\n|-damage|p2a: Stakataka|0 fnt\n|faint|p2a: Stakataka\n|\n|-fieldend|move: Trick Room\n|upkeep\n|\n|t:|1700204861\n|switch|p2a: Cresselia|Cresselia, F, shiny|100\/100\n|turn|6\n|\n|t:|1700204867\n|switch|p1a: Banette|Banette, M|100\/100\n|-item|p2a: Cresselia|Mental Herb|[from] ability: Frisk|[of] p1a: Banette|[identify]\n|move|p2a: Cresselia|Trick Room|p2a: Cresselia\n|-fieldstart|move: Trick Room|[of] p2a: Cresselia\n|\n|-fieldend|move: Grassy Terrain\n|upkeep\n|turn|7\n|\n|t:|1700204881\n|switch|p2a: Crawdaunt|Crawdaunt, F|100\/100\n|switch|p1a: Urshifu|Urshifu-Rapid-Strike, M|100\/100\n|\n|upkeep\n|turn|8\n|\n|t:|1700204894\n|move|p2a: Crawdaunt|Close Combat|p1a: Urshifu\n|-damage|p1a: Urshifu|34\/100\n|-unboost|p2a: Crawdaunt|def|1\n|-unboost|p2a: Crawdaunt|spd|1\n|move|p1a: Urshifu|Drain Punch|p2a: Crawdaunt\n|-supereffective|p2a: Crawdaunt\n|-damage|p2a: Crawdaunt|0 fnt\n|-heal|p1a: Urshifu|82\/100|[from] drain|[of] p2a: Crawdaunt\n|faint|p2a: Crawdaunt\n|\n|upkeep\n|\n|t:|1700204904\n|switch|p2a: Mawile|Mawile, M|100\/100\n|-ability|p2a: Mawile|Intimidate|boost\n|-unboost|p1a: Urshifu|atk|1\n|turn|9\n|\n|t:|1700204908\n|switch|p1a: Banette|Banette, M|100\/100\n|-item|p2a: Mawile|Mawilite|[from] ability: Frisk|[of] p1a: Banette|[identify]\n|detailschange|p2a: Mawile|Mawile-Mega, M\n|-mega|p2a: Mawile|Mawile|Mawilite\n|move|p2a: Mawile|Play Rough|p1a: Banette\n|-damage|p1a: Banette|0 fnt\n|faint|p1a: Banette\n|\n|upkeep\n|\n|t:|1700204913\n|switch|p1a: Dragonite|Dragonite, M|100\/100\n|turn|10\n|\n|t:|1700204917\n|-terastallize|p1a: Dragonite|Normal\n|move|p2a: Mawile|Play Rough|p1a: Dragonite\n|-damage|p1a: Dragonite|52\/100\n|move|p1a: Dragonite|Dragon Dance|p1a: Dragonite\n|-boost|p1a: Dragonite|atk|1\n|-boost|p1a: Dragonite|spe|1\n|\n|-heal|p1a: Dragonite|58\/100|[from] item: Leftovers\n|-fieldend|move: Trick Room\n|upkeep\n|turn|11\n|\n|t:|1700204926\n|move|p1a: Dragonite|Earthquake|p2a: Mawile\n|-supereffective|p2a: Mawile\n|-damage|p2a: Mawile|0 fnt\n|faint|p2a: Mawile\n|\n|-heal|p1a: Dragonite|65\/100|[from] item: Leftovers\n|upkeep\n|\n|t:|1700204930\n|switch|p2a: Cresselia|Cresselia, F, shiny|100\/100\n|turn|12\n|l|\u2606dumb penguin\u51b0\u780c\u9e45\u4fa0\n|inactive|dumb penguin\u51b0\u780c\u9e45\u4fa0 disconnected and has a minute to reconnect!\n|player|p1|\n|j|\u2606dumb penguin\u51b0\u780c\u9e45\u4fa0\n|inactive|dumb penguin\u51b0\u780c\u9e45\u4fa0 reconnected and has 145 seconds left.\n|player|p1|dumb penguin\u51b0\u780c\u9e45\u4fa0|102\n|\n|t:|1700204942\n|move|p1a: Dragonite|Extreme Speed|p2a: Cresselia\n|-damage|p2a: Cresselia|64\/100\n|move|p2a: Cresselia|Trick Room|p2a: Cresselia\n|-fieldstart|move: Trick Room|[of] p2a: Cresselia\n|\n|-heal|p1a: Dragonite|71\/100|[from] item: Leftovers\n|upkeep\n|turn|13\n|\n|t:|1700204948\n|switch|p2a: Marowak|Marowak-Alola, M|100\/100\n|move|p1a: Dragonite|Dragon Dance|p1a: Dragonite\n|-boost|p1a: Dragonite|atk|1\n|-boost|p1a: Dragonite|spe|1\n|\n|-heal|p1a: Dragonite|77\/100|[from] item: Leftovers\n|upkeep\n|turn|14\n|\n|t:|1700204958\n|-terastallize|p2a: Marowak|Fire\n|move|p2a: Marowak|Flare Blitz|p1a: Dragonite\n|-damage|p1a: Dragonite|0 fnt\n|faint|p1a: Dragonite\n|\n|upkeep\n|\n|t:|1700204961\n|switch|p1a: Urshifu|Urshifu-Rapid-Strike, M|82\/100\n|turn|15\n|\n|t:|1700204975\n|move|p2a: Marowak|Thunder Punch|p1a: Urshifu\n|-supereffective|p1a: Urshifu\n|-damage|p1a: Urshifu|2\/100\n|move|p1a: Urshifu|Surging Strikes|p2a: Marowak\n|-supereffective|p2a: Marowak\n|-crit|p2a: Marowak\n|-damage|p2a: Marowak|60\/100\n|-supereffective|p2a: Marowak\n|-crit|p2a: Marowak\n|-damage|p2a: Marowak|20\/100\n|-supereffective|p2a: Marowak\n|-crit|p2a: Marowak\n|-damage|p2a: Marowak|0 fnt\n|faint|p2a: Marowak\n|-hitcount|p2: Marowak|3\n|\n|upkeep\n|\n|t:|1700204981\n|switch|p2a: Cresselia|Cresselia, F, shiny|64\/100\n|turn|16\n|\n|t:|1700204985\n|switch|p1a: Tapu Koko|Tapu Koko|100\/100\n|-fieldstart|move: Electric Terrain|[from] ability: Electric Surge|[of] p1a: Tapu Koko\n|move|p2a: Cresselia|Ice Beam|p1a: Tapu Koko\n|-damage|p1a: Tapu Koko|75\/100\n|\n|-heal|p1a: Tapu Koko|81\/100|[from] item: Leftovers\n|-fieldend|move: Trick Room\n|upkeep\n|turn|17\n|\n|t:|1700204993\n|move|p1a: Tapu Koko|Dazzling Gleam|p2a: Cresselia\n|-damage|p2a: Cresselia|41\/100\n|move|p2a: Cresselia|Moonlight|p2a: Cresselia\n|-heal|p2a: Cresselia|91\/100\n|\n|-heal|p1a: Tapu Koko|87\/100|[from] item: Leftovers\n|upkeep\n|turn|18\n|\n|t:|1700204997\n|move|p1a: Tapu Koko|U-turn|p2a: Cresselia\n|-supereffective|p2a: Cresselia\n|-damage|p2a: Cresselia|73\/100\n|\n|t:|1700204999\n|switch|p1a: Urshifu|Urshifu-Rapid-Strike, M|2\/100|[from] U-turn\n|move|p2a: Cresselia|Trick Room|p2a: Cresselia\n|-fieldstart|move: Trick Room|[of] p2a: Cresselia\n|\n|upkeep\n|turn|19\n|\n|t:|1700205002\n|move|p2a: Cresselia|Ice Beam|p1a: Urshifu\n|-resisted|p1a: Urshifu\n|-damage|p1a: Urshifu|0 fnt\n|faint|p1a: Urshifu\n|\n|upkeep\n|\n|t:|1700205004\n|switch|p1a: Tapu Koko|Tapu Koko|87\/100\n|turn|20\n|\n|t:|1700205007\n|move|p2a: Cresselia|Ice Beam|p1a: Tapu Koko\n|-damage|p1a: Tapu Koko|61\/100\n|move|p1a: Tapu Koko|Dazzling Gleam|p2a: Cresselia\n|-crit|p2a: Cresselia\n|-damage|p2a: Cresselia|43\/100\n|\n|-heal|p1a: Tapu Koko|67\/100|[from] item: Leftovers\n|-fieldend|move: Electric Terrain\n|upkeep\n|turn|21\n|\n|t:|1700205009\n|move|p2a: Cresselia|Moonlight|p2a: Cresselia\n|-heal|p2a: Cresselia|93\/100\n|move|p1a: Tapu Koko|Dazzling Gleam|p2a: Cresselia\n|-damage|p2a: Cresselia|69\/100\n|\n|-heal|p1a: Tapu Koko|73\/100|[from] item: Leftovers\n|upkeep\n|turn|22\n|\n|t:|1700205015\n|move|p2a: Cresselia|Moonlight|p2a: Cresselia\n|-heal|p2a: Cresselia|100\/100\n|move|p1a: Tapu Koko|Dazzling Gleam|p2a: Cresselia\n|-damage|p2a: Cresselia|80\/100\n|\n|-heal|p1a: Tapu Koko|79\/100|[from] item: Leftovers\n|-fieldend|move: Trick Room\n|upkeep\n|turn|23\n|\n|t:|1700205018\n|move|p1a: Tapu Koko|Dazzling Gleam|p2a: Cresselia\n|-damage|p2a: Cresselia|57\/100\n|move|p2a: Cresselia|Trick Room|p2a: Cresselia\n|-fieldstart|move: Trick Room|[of] p2a: Cresselia\n|\n|-heal|p1a: Tapu Koko|85\/100|[from] item: Leftovers\n|upkeep\n|turn|24\n|\n|t:|1700205021\n|move|p2a: Cresselia|Ice Beam|p1a: Tapu Koko\n|-crit|p1a: Tapu Koko\n|-damage|p1a: Tapu Koko|46\/100\n|move|p1a: Tapu Koko|Volt Switch|p2a: Cresselia\n|-damage|p2a: Cresselia|39\/100\n|\n|-heal|p1a: Tapu Koko|52\/100|[from] item: Leftovers\n|upkeep\n|turn|25\n|\n|t:|1700205026\n|move|p2a: Cresselia|Moonlight|p2a: Cresselia\n|-heal|p2a: Cresselia|89\/100\n|move|p1a: Tapu Koko|Dazzling Gleam|p2a: Cresselia\n|-damage|p2a: Cresselia|67\/100\n|\n|-heal|p1a: Tapu Koko|58\/100|[from] item: Leftovers\n|upkeep\n|turn|26\n|\n|t:|1700205029\n|move|p2a: Cresselia|Ice Beam|p1a: Tapu Koko\n|-damage|p1a: Tapu Koko|32\/100\n|move|p1a: Tapu Koko|Dazzling Gleam|p2a: Cresselia\n|-damage|p2a: Cresselia|44\/100\n|\n|-heal|p1a: Tapu Koko|38\/100|[from] item: Leftovers\n|upkeep\n|turn|27\n|\n|t:|1700205032\n|move|p2a: Cresselia|Moonlight|p2a: Cresselia\n|-heal|p2a: Cresselia|94\/100\n|move|p1a: Tapu Koko|Dazzling Gleam|p2a: Cresselia\n|-damage|p2a: Cresselia|73\/100\n|\n|-heal|p1a: Tapu Koko|44\/100|[from] item: Leftovers\n|-fieldend|move: Trick Room\n|upkeep\n|turn|28\n|\n|t:|1700205035\n|move|p1a: Tapu Koko|Dazzling Gleam|p2a: Cresselia\n|-damage|p2a: Cresselia|52\/100\n|move|p2a: Cresselia|Trick Room|p2a: Cresselia\n|-fieldstart|move: Trick Room|[of] p2a: Cresselia\n|\n|-heal|p1a: Tapu Koko|50\/100|[from] item: Leftovers\n|upkeep\n|turn|29\n|\n|t:|1700205037\n|move|p2a: Cresselia|Ice Beam|p1a: Tapu Koko\n|-crit|p1a: Tapu Koko\n|-damage|p1a: Tapu Koko|14\/100\n|move|p1a: Tapu Koko|Dazzling Gleam|p2a: Cresselia\n|-damage|p2a: Cresselia|32\/100\n|\n|-heal|p1a: Tapu Koko|20\/100|[from] item: Leftovers\n|upkeep\n|turn|30\n|\n|t:|1700205040\n|move|p2a: Cresselia|Moonlight|p2a: Cresselia\n|-heal|p2a: Cresselia|82\/100\n|move|p1a: Tapu Koko|Dazzling Gleam|p2a: Cresselia\n|-damage|p2a: Cresselia|61\/100\n|\n|-heal|p1a: Tapu Koko|26\/100|[from] item: Leftovers\n|upkeep\n|turn|31\n|\n|t:|1700205043\n|move|p2a: Cresselia|Ice Beam|p1a: Tapu Koko\n|-damage|p1a: Tapu Koko|1\/100\n|move|p1a: Tapu Koko|Dazzling Gleam|p2a: Cresselia\n|-damage|p2a: Cresselia|39\/100\n|\n|-heal|p1a: Tapu Koko|7\/100|[from] item: Leftovers\n|upkeep\n|turn|32\n|\n|t:|1700205045\n|move|p2a: Cresselia|Ice Beam|p1a: Tapu Koko\n|-damage|p1a: Tapu Koko|0 fnt\n|faint|p1a: Tapu Koko\n|\n|win|szkkk\n|raw|dumb penguin\u51b0\u780c\u9e45\u4fa0's rating: 1445 &rarr; <strong>1420<\/strong><br \/>(-25 for losing)\n|raw|szkkk's rating: 1349 &rarr; <strong>1374<\/strong><br \/>(+25 for winning)\n|l|\u2606dumb penguin\u51b0\u780c\u9e45\u4fa0\n","uploadtime":1700205056,"views":7,"p1id":"dumbpenguin","p2id":"szkkk","formatid":"gen9nationaldex","rating":1374,"private":0,"password":""}