{"id":"gen9nationaldex-1991177461","p1":"SoraMane","p2":"hepe","format":"[Gen 9] National Dex","log":"|j|\u2606SoraMane\n|j|\u2606hepe\n|t:|1700053889\n|gametype|singles\n|player|p1|SoraMane|1|1000\n|player|p2|hepe|102|1058\n|teamsize|p1|6\n|teamsize|p2|6\n|gen|9\n|tier|[Gen 9] National Dex\n|rated|\n|rule|HP Percentage Mod: HP is shown in percentages\n|rule|Endless Battle Clause: Forcing endless battles is banned\n|rule|OHKO Clause: OHKO moves are banned\n|rule|Evasion Clause: Evasion abilities, items, and moves are banned\n|rule|Evasion Abilities Clause: Evasion abilities are banned\n|rule|Evasion Items Clause: Evasion items are banned\n|rule|Evasion Moves Clause: Evasion moves are banned\n|rule|Species Clause: Limit one of each Pok\u00e9mon\n|rule|Sleep Clause Mod: Limit one foe put to sleep\n|clearpoke\n|poke|p1|Magnezone|\n|poke|p1|Dragonite, M|\n|poke|p1|Hydreigon, F|\n|poke|p1|Garchomp, F|\n|poke|p1|Haxorus, F|\n|poke|p1|Salamence, F|\n|poke|p2|Crawdaunt, F|\n|poke|p2|Charizard, F|\n|poke|p2|Blaziken, M|\n|poke|p2|Ludicolo, M|\n|poke|p2|Parasect, M|\n|poke|p2|Greninja-*, M|\n|teampreview\n|\n|t:|1700053898\n|start\n|switch|p1a: Magnezone|Magnezone|100\/100\n|switch|p2a: Ludicolo|Ludicolo, M|100\/100\n|turn|1\n|\n|t:|1700053911\n|move|p1a: Magnezone|Volt Switch|p2a: Ludicolo\n|-damage|p2a: Ludicolo|68\/100\n|\n|t:|1700053924\n|switch|p1a: Haxorus|Haxorus, F|100\/100|[from] Volt Switch\n|-ability|p1a: Haxorus|Mold Breaker\n|move|p2a: Ludicolo|Rain Dance|p2a: Ludicolo\n|-weather|RainDance\n|\n|-weather|RainDance|[upkeep]\n|upkeep\n|turn|2\n|\n|t:|1700053936\n|switch|p1a: Magnezone|Magnezone|100\/100\n|move|p2a: Ludicolo|Ice Beam|p1a: Magnezone\n|-resisted|p1a: Magnezone\n|-damage|p1a: Magnezone|84\/100\n|\n|-weather|RainDance|[upkeep]\n|upkeep\n|turn|3\n|\n|t:|1700053945\n|move|p1a: Magnezone|Thunderbolt|p2a: Ludicolo\n|-damage|p2a: Ludicolo|25\/100\n|move|p2a: Ludicolo|Scald|p1a: Magnezone\n|-damage|p1a: Magnezone|13\/100\n|-status|p1a: Magnezone|brn\n|\n|-weather|RainDance|[upkeep]\n|-damage|p1a: Magnezone|7\/100 brn|[from] brn\n|upkeep\n|turn|4\n|\n|t:|1700053955\n|move|p1a: Magnezone|Thunderbolt|p2a: Ludicolo\n|-damage|p2a: Ludicolo|0 fnt\n|faint|p2a: Ludicolo\n|\n|-weather|RainDance|[upkeep]\n|-damage|p1a: Magnezone|1\/100 brn|[from] brn\n|upkeep\n|\n|t:|1700053962\n|switch|p2a: Greninja|Greninja, M|100\/100\n|turn|5\n|\n|t:|1700053965\n|move|p2a: Greninja|Water Shuriken|p1a: Magnezone\n|-damage|p1a: Magnezone|0 fnt\n|faint|p1a: Magnezone\n|-ability|p2a: Greninja|Battle Bond|boost\n|-boost|p2a: Greninja|atk|1\n|-boost|p2a: Greninja|spa|1\n|-boost|p2a: Greninja|spe|1\n|-activate|p2a: Greninja|ability: Battle Bond\n|-hitcount|p1: Magnezone|1\n|\n|-weather|none\n|upkeep\n|\n|t:|1700053976\n|switch|p1a: Garchomp|Garchomp, F|100\/100\n|turn|6\n|\n|t:|1700053987\n|move|p2a: Greninja|Scald|p1a: Garchomp\n|-damage|p1a: Garchomp|29\/100\n|move|p1a: Garchomp|Draco Meteor|p2a: Greninja\n|-damage|p2a: Greninja|38\/100\n|-unboost|p1a: Garchomp|spa|2\n|\n|upkeep\n|turn|7\n|\n|t:|1700053997\n|move|p2a: Greninja|Scald|p1a: Garchomp\n|-damage|p1a: Garchomp|0 fnt\n|faint|p1a: Garchomp\n|\n|upkeep\n|\n|t:|1700054002\n|switch|p1a: Dragonite|Dragonite, M|100\/100\n|turn|8\n|\n|t:|1700054014\n|move|p1a: Dragonite|Extreme Speed|p2a: Greninja\n|-damage|p2a: Greninja|0 fnt\n|faint|p2a: Greninja\n|\n|upkeep\n|\n|t:|1700054020\n|switch|p2a: Crawdaunt|Crawdaunt, F, shiny|100\/100\n|turn|9\n|\n|t:|1700054024\n|switch|p1a: Salamence|Salamence, F|100\/100\n|-ability|p1a: Salamence|Intimidate|boost\n|-unboost|p2a: Crawdaunt|atk|1\n|move|p2a: Crawdaunt|Avalanche|p1a: Salamence\n|-supereffective|p1a: Salamence\n|-damage|p1a: Salamence|44\/100\n|\n|-heal|p1a: Salamence|50\/100|[from] item: Leftovers\n|upkeep\n|turn|10\n|\n|t:|1700054035\n|move|p1a: Salamence|Roost|p1a: Salamence\n|-heal|p1a: Salamence|99\/100\n|-singleturn|p1a: Salamence|move: Roost\n|move|p2a: Crawdaunt|Avalanche|p1a: Salamence\n|-supereffective|p1a: Salamence\n|-damage|p1a: Salamence|67\/100\n|\n|-heal|p1a: Salamence|73\/100|[from] item: Leftovers\n|upkeep\n|turn|11\n|\n|t:|1700054049\n|move|p1a: Salamence|Dragon Claw|p2a: Crawdaunt\n|-damage|p2a: Crawdaunt|25\/100\n|move|p2a: Crawdaunt|Avalanche|p1a: Salamence\n|-supereffective|p1a: Salamence\n|-damage|p1a: Salamence|0 fnt\n|faint|p1a: Salamence\n|\n|upkeep\n|\n|t:|1700054067\n|switch|p1a: Haxorus|Haxorus, F|100\/100\n|-ability|p1a: Haxorus|Mold Breaker\n|turn|12\n|\n|t:|1700054077\n|move|p2a: Crawdaunt|Aqua Jet|p1a: Haxorus\n|-resisted|p1a: Haxorus\n|-damage|p1a: Haxorus|88\/100\n|move|p1a: Haxorus|Dragon Dance|p1a: Haxorus\n|-boost|p1a: Haxorus|atk|1\n|-boost|p1a: Haxorus|spe|1\n|\n|upkeep\n|turn|13\n|\n|t:|1700054087\n|move|p1a: Haxorus|Dragon Claw|p2a: Crawdaunt\n|-damage|p2a: Crawdaunt|0 fnt\n|faint|p2a: Crawdaunt\n|-damage|p1a: Haxorus|78\/100|[from] item: Life Orb\n|\n|upkeep\n|\n|t:|1700054095\n|switch|p2a: Parasect|Parasect, M, shiny|100\/100\n|turn|14\n|\n|t:|1700054099\n|move|p1a: Haxorus|Substitute|p1a: Haxorus\n|-start|p1a: Haxorus|Substitute\n|-damage|p1a: Haxorus|53\/100\n|move|p2a: Parasect|Spore||[still]\n|-fail|p2a: Parasect\n|\n|upkeep\n|turn|15\n|-message|hepe forfeited.\n|\n|win|SoraMane\n|raw|SoraMane's rating: 1000 &rarr; <strong>1047<\/strong><br \/>(+47 for winning)\n|raw|hepe's rating: 1058 &rarr; <strong>1036<\/strong><br \/>(-22 for losing)\n|l|\u2606hepe\n","uploadtime":1700054111,"views":10,"p1id":"soramane","p2id":"hepe","formatid":"gen9nationaldex","rating":1036,"private":0,"password":""}