{"id":"gen9nationaldex-1995039833","p1":"BoccetheStirFried","p2":"sussuspotussus","format":"[Gen 9] National Dex","log":"|html|<div class=\"broadcast-blue\"><strong>[Gen 9] National Dex is currently suspecting Sneasler! For information on how to participate check out the <a href=\"https:\/\/www.smogon.com\/forums\/threads\/sv-national-dex-suspect-8-just-dance.3731534\/\">suspect thread<\/a>.<\/strong><\/div>\n|j|\u2606BoccetheStirFried\n|j|\u2606sussuspotussus\n|t:|1700516098\n|gametype|singles\n|player|p1|BoccetheStirFried|roxie|1303\n|player|p2|sussuspotussus|acetrainer|1224\n|teamsize|p1|6\n|teamsize|p2|6\n|gen|9\n|tier|[Gen 9] National Dex\n|rated|\n|rule|HP Percentage Mod: HP is shown in percentages\n|rule|Endless Battle Clause: Forcing endless battles is banned\n|rule|OHKO Clause: OHKO moves are banned\n|rule|Evasion Clause: Evasion abilities, items, and moves are banned\n|rule|Evasion Abilities Clause: Evasion abilities are banned\n|rule|Evasion Items Clause: Evasion items are banned\n|rule|Evasion Moves Clause: Evasion moves are banned\n|rule|Species Clause: Limit one of each Pok\u00e9mon\n|rule|Sleep Clause Mod: Limit one foe put to sleep\n|clearpoke\n|poke|p1|Tapu Koko|\n|poke|p1|Sneasler, M|\n|poke|p1|Iron Valiant|\n|poke|p1|Alomomola, F|\n|poke|p1|Landorus-Therian, M|\n|poke|p1|Ferrothorn, M|\n|poke|p2|Gengar, F|\n|poke|p2|Charizard, F|\n|poke|p2|Great Tusk|\n|poke|p2|Tapu Koko|\n|poke|p2|Ogerpon-Wellspring, F|\n|poke|p2|Mew|\n|teampreview\n|inactive|Battle timer is ON: inactive players will automatically lose when time's up. (requested by sussuspotussus)\n|inactive|sussuspotussus has 120 seconds left.\n|\n|t:|1700516139\n|start\n|switch|p1a: Landorus|Landorus-Therian, M|100\/100\n|switch|p2a: Gengar|Gengar, F|100\/100\n|-ability|p1a: Landorus|Intimidate|boost\n|-unboost|p2a: Gengar|atk|1\n|turn|1\n|\n|t:|1700516154\n|move|p2a: Gengar|Trick|p1a: Landorus\n|-activate|p2a: Gengar|move: Trick|[of] p1a: Landorus\n|-item|p1a: Landorus|Choice Scarf|[from] move: Trick\n|-item|p2a: Gengar|Heavy-Duty Boots|[from] move: Trick\n|move|p1a: Landorus|Knock Off|p2a: Gengar\n|-supereffective|p2a: Gengar\n|-damage|p2a: Gengar|0 fnt\n|-enditem|p2a: Gengar|Heavy-Duty Boots|[from] move: Knock Off|[of] p1a: Landorus\n|faint|p2a: Gengar\n|\n|upkeep\n|\n|t:|1700516167\n|switch|p2a: Ogerpon|Ogerpon-Wellspring, F|100\/100\n|turn|2\n|\n|t:|1700516172\n|switch|p1a: Hate this thing|Ferrothorn, M|100\/100\n|move|p2a: Ogerpon|Ivy Cudgel|p1a: Hate this thing|[anim] Ivy Cudgel Water\n|-resisted|p1a: Hate this thing\n|-damage|p1a: Hate this thing|82\/100\n|\n|upkeep\n|turn|3\n|c|\u2606BoccetheStirFried|I probably don't actually need duty boots on lando-t\n|\n|t:|1700516187\n|move|p2a: Ogerpon|U-turn|p1a: Hate this thing\n|-damage|p1a: Hate this thing|67\/100\n|-damage|p2a: Ogerpon|88\/100|[from] ability: Iron Barbs|[of] p1a: Hate this thing\n|-damage|p2a: Ogerpon|72\/100|[from] item: Rocky Helmet|[of] p1a: Hate this thing\n|\n|t:|1700516194\n|switch|p2a: Charizard|Charizard, F|100\/100|[from] U-turn\n|move|p1a: Hate this thing|Thunder Wave|p2a: Charizard\n|-status|p2a: Charizard|par\n|\n|upkeep\n|turn|4\n|\n|t:|1700516206\n|switch|p1a: Alomomola|Alomomola, F|100\/100\n|cant|p2a: Charizard|par\n|\n|upkeep\n|turn|5\n|\n|t:|1700516213\n|switch|p2a: Tapu Koko|Tapu Koko|100\/100\n|-fieldstart|move: Electric Terrain|[from] ability: Electric Surge|[of] p2a: Tapu Koko\n|move|p1a: Alomomola|Flip Turn|p2a: Tapu Koko\n|-damage|p2a: Tapu Koko|79\/100\n|\n|t:|1700516221\n|switch|p1a: Landorus|Landorus-Therian, M|100\/100|[from] Flip Turn\n|-ability|p1a: Landorus|Intimidate|boost\n|-unboost|p2a: Tapu Koko|atk|1\n|\n|upkeep\n|turn|6\n|\n|t:|1700516229\n|move|p1a: Landorus|Earthquake|p2a: Tapu Koko\n|-supereffective|p2a: Tapu Koko\n|-crit|p2a: Tapu Koko\n|-damage|p2a: Tapu Koko|0 fnt\n|faint|p2a: Tapu Koko\n|\n|upkeep\n|\n|t:|1700516235\n|switch|p2a: Ogerpon|Ogerpon-Wellspring, F|72\/100\n|turn|7\n|\n|t:|1700516240\n|switch|p1a: Hate this thing|Ferrothorn, M|67\/100\n|move|p2a: Ogerpon|Ivy Cudgel|p1a: Hate this thing|[anim] Ivy Cudgel Water\n|-resisted|p1a: Hate this thing\n|-damage|p1a: Hate this thing|50\/100\n|\n|upkeep\n|turn|8\n|\n|t:|1700516269\n|move|p2a: Ogerpon|U-turn|p1a: Hate this thing\n|-damage|p1a: Hate this thing|34\/100\n|-damage|p2a: Ogerpon|59\/100|[from] ability: Iron Barbs|[of] p1a: Hate this thing\n|-damage|p2a: Ogerpon|43\/100|[from] item: Rocky Helmet|[of] p1a: Hate this thing\n|\n|t:|1700516274\n|switch|p2a: Great Tusk|Great Tusk|100\/100|[from] U-turn\n|move|p1a: Hate this thing|Knock Off|p2a: Great Tusk\n|-resisted|p2a: Great Tusk\n|-damage|p2a: Great Tusk|93\/100\n|-enditem|p2a: Great Tusk|Heavy-Duty Boots|[from] move: Knock Off|[of] p1a: Hate this thing\n|\n|upkeep\n|turn|9\n|\n|t:|1700516287\n|move|p2a: Great Tusk|Headlong Rush|p1a: Hate this thing\n|-damage|p1a: Hate this thing|0 fnt\n|-unboost|p2a: Great Tusk|def|1\n|-unboost|p2a: Great Tusk|spd|1\n|-damage|p2a: Great Tusk|81\/100|[from] ability: Iron Barbs|[of] p1a: Hate this thing\n|-damage|p2a: Great Tusk|64\/100|[from] item: Rocky Helmet|[of] p1a: Hate this thing\n|faint|p1a: Hate this thing\n|\n|-fieldend|move: Electric Terrain\n|upkeep\n|inactive|BoccetheStirFried has 120 seconds left.\n|\n|t:|1700516322\n|switch|p1a: Alomomola|Alomomola, F|100\/100\n|turn|10\n|\n|t:|1700516328\n|move|p2a: Great Tusk|Knock Off|p1a: Alomomola\n|-damage|p1a: Alomomola|74\/100\n|-enditem|p1a: Alomomola|Leftovers|[from] move: Knock Off|[of] p2a: Great Tusk\n|move|p1a: Alomomola|Toxic|p2a: Great Tusk\n|-status|p2a: Great Tusk|tox\n|\n|-damage|p2a: Great Tusk|58\/100 tox|[from] psn\n|upkeep\n|turn|11\n|\n|t:|1700516338\n|move|p2a: Great Tusk|Close Combat|p1a: Alomomola\n|-damage|p1a: Alomomola|26\/100\n|-unboost|p2a: Great Tusk|def|1\n|-unboost|p2a: Great Tusk|spd|1\n|move|p1a: Alomomola|Wish|p1a: Alomomola\n|\n|-damage|p2a: Great Tusk|46\/100 tox|[from] psn\n|upkeep\n|turn|12\n|\n|t:|1700516347\n|move|p1a: Alomomola|Protect|p1a: Alomomola\n|-singleturn|p1a: Alomomola|Protect\n|move|p2a: Great Tusk|Close Combat|p1a: Alomomola\n|-activate|p1a: Alomomola|move: Protect\n|\n|-heal|p1a: Alomomola|76\/100|[from] move: Wish|[wisher] Alomomola\n|-damage|p2a: Great Tusk|27\/100 tox|[from] psn\n|upkeep\n|turn|13\n|\n|t:|1700516356\n|switch|p1a: Landorus|Landorus-Therian, M|100\/100\n|-ability|p1a: Landorus|Intimidate|boost\n|-unboost|p2a: Great Tusk|atk|1\n|move|p2a: Great Tusk|Headlong Rush|p1a: Landorus\n|-immune|p1a: Landorus\n|\n|-damage|p2a: Great Tusk|2\/100 tox|[from] psn\n|upkeep\n|turn|14\n|\n|t:|1700516365\n|move|p1a: Landorus|U-turn|p2a: Great Tusk\n|-resisted|p2a: Great Tusk\n|-damage|p2a: Great Tusk|0 fnt\n|faint|p2a: Great Tusk\n|-end|p2a: Great Tusk|Protosynthesis|[silent]\n|\n|t:|1700516371\n|switch|p1a: Alomomola|Alomomola, F|100\/100|[from] U-turn\n|\n|upkeep\n|\n|t:|1700516375\n|switch|p2a: Ogerpon|Ogerpon-Wellspring, F|43\/100\n|turn|15\n|\n|t:|1700516389\n|move|p2a: Ogerpon|Horn Leech|p1a: Alomomola\n|-supereffective|p1a: Alomomola\n|-damage|p1a: Alomomola|32\/100\n|-heal|p2a: Ogerpon|100\/100|[from] drain|[of] p1a: Alomomola\n|move|p1a: Alomomola|Toxic|p2a: Ogerpon\n|-status|p2a: Ogerpon|tox\n|\n|-damage|p2a: Ogerpon|95\/100 tox|[from] psn\n|upkeep\n|turn|16\n|\n|t:|1700516400\n|move|p1a: Alomomola|Protect|p1a: Alomomola\n|-singleturn|p1a: Alomomola|Protect\n|move|p2a: Ogerpon|Horn Leech|p1a: Alomomola\n|-activate|p1a: Alomomola|move: Protect\n|\n|-damage|p2a: Ogerpon|83\/100 tox|[from] psn\n|upkeep\n|turn|17\n|\n|t:|1700516408\n|-terastallize|p1a: Alomomola|Dragon\n|move|p2a: Ogerpon|Horn Leech|p1a: Alomomola\n|-resisted|p1a: Alomomola\n|-damage|p1a: Alomomola|16\/100\n|-heal|p2a: Ogerpon|97\/100 tox|[from] drain|[of] p1a: Alomomola\n|move|p1a: Alomomola|Wish|p1a: Alomomola\n|\n|-damage|p2a: Ogerpon|79\/100 tox|[from] psn\n|upkeep\n|turn|18\n|\n|t:|1700516417\n|move|p1a: Alomomola|Protect|p1a: Alomomola\n|-singleturn|p1a: Alomomola|Protect\n|move|p2a: Ogerpon|Ivy Cudgel|p1a: Alomomola|[anim] Ivy Cudgel Water\n|-activate|p1a: Alomomola|move: Protect\n|\n|-heal|p1a: Alomomola|66\/100|[from] move: Wish|[wisher] Alomomola\n|-damage|p2a: Ogerpon|55\/100 tox|[from] psn\n|upkeep\n|turn|19\n|-message|sussuspotussus forfeited.\n|\n|win|BoccetheStirFried\n|raw|BoccetheStirFried's rating: 1303 &rarr; <strong>1319<\/strong><br \/>(+16 for winning)\n|raw|sussuspotussus's rating: 1224 &rarr; <strong>1205<\/strong><br \/>(-19 for losing)\n|l|\u2606sussuspotussus\n|l|\u2606BoccetheStirFried\n|j|\u2606BoccetheStirFried\n|player|p1|BoccetheStirFried|roxie\n","uploadtime":1700516448,"views":11,"p1id":"boccethestirfried","p2id":"sussuspotussus","formatid":"gen9nationaldex","rating":1205,"private":0,"password":""}