{"id":"gen9nationaldex-1996217790","p1":"AesirEcho","p2":"ttheus","format":"[Gen 9] National Dex","log":"|html|<div class=\"broadcast-blue\"><strong>[Gen 9] National Dex is currently suspecting Sneasler! For information on how to participate check out the <a href=\"https:\/\/www.smogon.com\/forums\/threads\/sv-national-dex-suspect-8-just-dance.3731534\/\">suspect thread<\/a>.<\/strong><\/div>\n|j|\u2606AesirEcho\n|j|\u2606ttheus\n|t:|1700660416\n|gametype|singles\n|player|p1|AesirEcho|ethan-masters|\n|player|p2|ttheus|169|\n|teamsize|p1|6\n|teamsize|p2|6\n|gen|9\n|tier|[Gen 9] National Dex\n|rule|HP Percentage Mod: HP is shown in percentages\n|rule|Endless Battle Clause: Forcing endless battles is banned\n|rule|OHKO Clause: OHKO moves are banned\n|rule|Evasion Clause: Evasion abilities, items, and moves are banned\n|rule|Evasion Abilities Clause: Evasion abilities are banned\n|rule|Evasion Items Clause: Evasion items are banned\n|rule|Evasion Moves Clause: Evasion moves are banned\n|rule|Species Clause: Limit one of each Pok\u00e9mon\n|rule|Sleep Clause Mod: Limit one foe put to sleep\n|clearpoke\n|poke|p1|Kyurem|\n|poke|p1|Lopunny, F|\n|poke|p1|Tapu Lele|\n|poke|p1|Moltres|\n|poke|p1|Ting-Lu|\n|poke|p1|Landorus-Therian, M|\n|poke|p2|Cinderace, M|\n|poke|p2|Comfey, M|\n|poke|p2|Grimmsnarl, M|\n|poke|p2|Aegislash, M|\n|poke|p2|Obstagoon, M|\n|poke|p2|Banette, F|\n|teampreview\n|c|\u2606AesirEcho|fds a strat\n|c|\u2606AesirEcho|pau no seu cu\n|\n|t:|1700660425\n|start\n|switch|p1a: Alces|Ting-Lu|100\/100\n|switch|p2a: Nezha|Grimmsnarl, M|100\/100\n|-ability|p1a: Alces|Vessel of Ruin\n|turn|1\n|c|\u2606ttheus|ata\n|\n|t:|1700660434\n|move|p2a: Nezha|Reflect|p2a: Nezha\n|-sidestart|p2: ttheus|Reflect\n|move|p1a: Alces|Stealth Rock|p2a: Nezha\n|-sidestart|p2: ttheus|move: Stealth Rock\n|\n|upkeep\n|turn|2\n|\n|t:|1700660438\n|move|p2a: Nezha|Light Screen|p2a: Nezha\n|-sidestart|p2: ttheus|move: Light Screen\n|move|p1a: Alces|Whirlwind|p2a: Nezha\n|drag|p2a: Agni|Cinderace, M|100\/100\n|-damage|p2a: Agni|76\/100|[from] Stealth Rock\n|\n|-heal|p2a: Agni|82\/100|[from] item: Leftovers\n|upkeep\n|turn|3\n|\n|t:|1700660441\n|move|p2a: Agni|Low Kick|p1a: Alces\n|-start|p2a: Agni|typechange|Fighting|[from] ability: Libero\n|-supereffective|p1a: Alces\n|-damage|p1a: Alces|37\/100\n|move|p1a: Alces|Earthquake|p2a: Agni\n|-damage|p2a: Agni|54\/100\n|\n|-heal|p2a: Agni|60\/100|[from] item: Leftovers\n|-heal|p1a: Alces|43\/100|[from] item: Leftovers\n|upkeep\n|turn|4\n|\n|t:|1700660449\n|switch|p1a: Terra Tigris|Landorus-Therian, M|100\/100\n|-ability|p1a: Terra Tigris|Intimidate|boost\n|-unboost|p2a: Agni|atk|1\n|move|p2a: Agni|Low Kick|p1a: Terra Tigris\n|-resisted|p1a: Terra Tigris\n|-damage|p1a: Terra Tigris|91\/100\n|\n|-heal|p2a: Agni|66\/100|[from] item: Leftovers\n|-heal|p1a: Terra Tigris|97\/100|[from] item: Leftovers\n|upkeep\n|turn|5\n|\n|t:|1700660461\n|switch|p2a: Apolo|Obstagoon, M|100\/100\n|-damage|p2a: Apolo|88\/100|[from] Stealth Rock\n|move|p1a: Terra Tigris|Earthquake|p2a: Apolo\n|-damage|p2a: Apolo|64\/100\n|\n|-heal|p1a: Terra Tigris|100\/100|[from] item: Leftovers\n|-status|p2a: Apolo|brn|[from] item: Flame Orb\n|upkeep\n|turn|6\n|\n|t:|1700660477\n|switch|p1a: Alces|Ting-Lu|43\/100\n|-ability|p1a: Alces|Vessel of Ruin\n|-terastallize|p2a: Apolo|Normal\n|move|p2a: Apolo|Facade|p1a: Alces\n|-damage|p1a: Alces|0 fnt\n|faint|p1a: Alces\n|\n|-damage|p2a: Apolo|58\/100 brn|[from] brn\n|upkeep\n|\n|t:|1700660483\n|switch|p1a: Luna Cantor|Tapu Lele, shiny|100\/100\n|-fieldstart|move: Psychic Terrain|[from] ability: Psychic Surge|[of] p1a: Luna Cantor\n|turn|7\n|\n|t:|1700660487\n|move|p1a: Luna Cantor|Psychic|p2a: Apolo\n|-damage|p2a: Apolo|23\/100 brn\n|move|p2a: Apolo|Facade|p1a: Luna Cantor\n|-damage|p1a: Luna Cantor|0 fnt\n|faint|p1a: Luna Cantor\n|\n|-damage|p2a: Apolo|17\/100 brn|[from] brn\n|upkeep\n|c|\u2606AesirEcho|bruh\n|\n|t:|1700660496\n|switch|p1a: Terra Tigris|Landorus-Therian, M|100\/100\n|-ability|p1a: Terra Tigris|Intimidate|boost\n|-unboost|p2a: Apolo|atk|1\n|turn|8\n|\n|t:|1700660499\n|move|p2a: Apolo|Obstruct|p2a: Apolo\n|-singleturn|p2a: Apolo|Protect\n|move|p1a: Terra Tigris|Earthquake|p2a: Apolo\n|-activate|p2a: Apolo|move: Protect\n|\n|-damage|p2a: Apolo|11\/100 brn|[from] brn\n|-sideend|p2: ttheus|Reflect\n|upkeep\n|turn|9\n|\n|t:|1700660510\n|move|p2a: Apolo|Knock Off|p1a: Terra Tigris\n|-damage|p1a: Terra Tigris|75\/100\n|-enditem|p1a: Terra Tigris|Leftovers|[from] move: Knock Off|[of] p2a: Apolo\n|move|p1a: Terra Tigris|Earthquake|p2a: Apolo\n|-damage|p2a: Apolo|0 fnt\n|faint|p2a: Apolo\n|\n|-sideend|p2: ttheus|move: Light Screen\n|upkeep\n|\n|t:|1700660515\n|switch|p2a: Nezha|Grimmsnarl, M|100\/100\n|-damage|p2a: Nezha|88\/100|[from] Stealth Rock\n|turn|10\n|\n|t:|1700660519\n|move|p2a: Nezha|Reflect|p2a: Nezha\n|-sidestart|p2: ttheus|Reflect\n|move|p1a: Terra Tigris|U-turn|p2a: Nezha\n|-damage|p2a: Nezha|79\/100\n|\n|t:|1700660524\n|switch|p1a: Gelida Vagus|Kyurem, shiny|100\/100|[from] U-turn\n|-ability|p1a: Gelida Vagus|Pressure\n|\n|upkeep\n|turn|11\n|\n|t:|1700660530\n|move|p2a: Nezha|Light Screen|p2a: Nezha\n|-sidestart|p2: ttheus|move: Light Screen\n|move|p1a: Gelida Vagus|Substitute|p1a: Gelida Vagus\n|-start|p1a: Gelida Vagus|Substitute\n|-damage|p1a: Gelida Vagus|76\/100\n|\n|-fieldend|move: Psychic Terrain\n|upkeep\n|turn|12\n|\n|t:|1700660540\n|move|p1a: Gelida Vagus|Earth Power|p2a: Nezha\n|-damage|p2a: Nezha|62\/100\n|move|p2a: Nezha|Play Rough|p1a: Gelida Vagus\n|-supereffective|p1a: Gelida Vagus\n|-end|p1a: Gelida Vagus|Substitute\n|\n|upkeep\n|turn|13\n|\n|t:|1700660546\n|-terastallize|p1a: Gelida Vagus|Steel\n|move|p2a: Nezha|Taunt|p1a: Gelida Vagus\n|-start|p1a: Gelida Vagus|move: Taunt\n|cant|p1a: Gelida Vagus|move: Taunt|Substitute\n|\n|upkeep\n|turn|14\n|\n|t:|1700660552\n|switch|p2a: Agni|Cinderace, M|66\/100\n|-damage|p2a: Agni|41\/100|[from] Stealth Rock\n|move|p1a: Gelida Vagus|Freeze-Dry|p2a: Agni\n|-resisted|p2a: Agni\n|-damage|p2a: Agni|29\/100\n|\n|-heal|p2a: Agni|35\/100|[from] item: Leftovers\n|upkeep\n|turn|15\n|\n|t:|1700660559\n|switch|p1a: Vultur Volans|Moltres|100\/100\n|move|p2a: Agni|Pyro Ball|p1a: Vultur Volans|[miss]\n|-miss|p2a: Agni|p1a: Vultur Volans\n|\n|-heal|p2a: Agni|41\/100|[from] item: Leftovers\n|upkeep\n|turn|16\n|\n|t:|1700660565\n|move|p2a: Agni|Gunk Shot|p1a: Vultur Volans\n|-start|p2a: Agni|typechange|Poison|[from] ability: Libero\n|-damage|p1a: Vultur Volans|56\/100\n|move|p1a: Vultur Volans|Flamethrower|p2a: Agni\n|-damage|p2a: Agni|19\/100\n|\n|-heal|p2a: Agni|25\/100|[from] item: Leftovers\n|upkeep\n|turn|17\n|\n|t:|1700660573\n|switch|p2a: Lono|Comfey, M, shiny|100\/100\n|-damage|p2a: Lono|88\/100|[from] Stealth Rock\n|switch|p1a: Gelida Vagus|Kyurem, shiny, tera:Steel|76\/100\n|-ability|p1a: Gelida Vagus|Pressure\n|\n|-heal|p2a: Lono|94\/100|[from] item: Leftovers\n|-sideend|p2: ttheus|Reflect\n|upkeep\n|turn|18\n|\n|t:|1700660585\n|switch|p2a: Nezha|Grimmsnarl, M|62\/100\n|-damage|p2a: Nezha|50\/100|[from] Stealth Rock\n|move|p1a: Gelida Vagus|Substitute|p1a: Gelida Vagus\n|-start|p1a: Gelida Vagus|Substitute\n|-damage|p1a: Gelida Vagus|51\/100\n|\n|-sideend|p2: ttheus|move: Light Screen\n|upkeep\n|turn|19\n|\n|t:|1700660589\n|move|p1a: Gelida Vagus|Earth Power|p2a: Nezha\n|-damage|p2a: Nezha|18\/100\n|move|p2a: Nezha|Play Rough|p1a: Gelida Vagus\n|-resisted|p1a: Gelida Vagus\n|-activate|p1a: Gelida Vagus|move: Substitute|[damage]\n|\n|upkeep\n|turn|20\n|\n|t:|1700660594\n|move|p1a: Gelida Vagus|Earth Power|p2a: Nezha\n|-damage|p2a: Nezha|0 fnt\n|faint|p2a: Nezha\n|\n|upkeep\n|\n|t:|1700660596\n|switch|p2a: Agni|Cinderace, M|25\/100\n|-damage|p2a: Agni|0 fnt|[from] Stealth Rock\n|faint|p2a: Agni\n|\n|t:|1700660601\n|switch|p2a: Melinoe|Banette, F|100\/100\n|-damage|p2a: Melinoe|88\/100|[from] Stealth Rock\n|turn|21\n|\n|t:|1700660605\n|detailschange|p2a: Melinoe|Banette-Mega, F\n|-mega|p2a: Melinoe|Banette|Banettite\n|move|p1a: Gelida Vagus|Earth Power|p2a: Melinoe\n|-damage|p2a: Melinoe|51\/100\n|-unboost|p2a: Melinoe|spd|1\n|move|p2a: Melinoe|Shadow Claw|p1a: Gelida Vagus\n|-end|p1a: Gelida Vagus|Substitute\n|\n|upkeep\n|turn|22\n|\n|t:|1700660615\n|switch|p1a: Rixator|Lopunny, F|100\/100\n|move|p2a: Melinoe|Swords Dance|p2a: Melinoe\n|-boost|p2a: Melinoe|atk|2\n|\n|upkeep\n|turn|23\n|\n|t:|1700660618\n|detailschange|p1a: Rixator|Lopunny-Mega, F\n|-mega|p1a: Rixator|Lopunny|Lopunnite\n|move|p1a: Rixator|Fake Out|p2a: Melinoe\n|-damage|p2a: Melinoe|24\/100\n|cant|p2a: Melinoe|flinch\n|\n|upkeep\n|turn|24\n|\n|t:|1700660625\n|move|p2a: Melinoe|Sucker Punch|p1a: Rixator\n|-resisted|p1a: Rixator\n|-damage|p1a: Rixator|61\/100\n|move|p1a: Rixator|Close Combat|p2a: Melinoe\n|-damage|p2a: Melinoe|0 fnt\n|-unboost|p1a: Rixator|def|1\n|-unboost|p1a: Rixator|spd|1\n|faint|p2a: Melinoe\n|\n|upkeep\n|\n|t:|1700660629\n|switch|p2a: Ares|Aegislash, M|100\/100\n|-damage|p2a: Ares|94\/100|[from] Stealth Rock\n|turn|25\n|\n|t:|1700660632\n|switch|p1a: Terra Tigris|Landorus-Therian, M|75\/100\n|-ability|p1a: Terra Tigris|Intimidate|boost\n|-unboost|p2a: Ares|atk|1\n|-formechange|p2a: Ares|Aegislash-Blade||[from] ability: Stance Change\n|move|p2a: Ares|Brick Break|p1a: Terra Tigris\n|-resisted|p1a: Terra Tigris\n|-damage|p1a: Terra Tigris|68\/100\n|\n|-heal|p2a: Ares|100\/100|[from] item: Leftovers\n|upkeep\n|turn|26\n|\n|t:|1700660641\n|move|p1a: Terra Tigris|Earthquake|p2a: Ares\n|-supereffective|p2a: Ares\n|-damage|p2a: Ares|0 fnt\n|faint|p2a: Ares\n|\n|upkeep\n|\n|t:|1700660644\n|switch|p2a: Lono|Comfey, M, shiny|94\/100\n|-damage|p2a: Lono|82\/100|[from] Stealth Rock\n|turn|27\n|c|\u2606AesirEcho|uso toxic ou n\n|\n|t:|1700660655\n|move|p2a: Lono|Calm Mind|p2a: Lono\n|-boost|p2a: Lono|spa|1\n|-boost|p2a: Lono|spd|1\n|move|p1a: Terra Tigris|Earthquake|p2a: Lono\n|-damage|p2a: Lono|40\/100\n|\n|-heal|p2a: Lono|47\/100|[from] item: Leftovers\n|upkeep\n|turn|28\n|\n|t:|1700660657\n|move|p2a: Lono|Calm Mind|p2a: Lono\n|-boost|p2a: Lono|spa|1\n|-boost|p2a: Lono|spd|1\n|move|p1a: Terra Tigris|Earthquake|p2a: Lono\n|-damage|p2a: Lono|7\/100\n|\n|-heal|p2a: Lono|14\/100|[from] item: Leftovers\n|upkeep\n|turn|29\n|\n|t:|1700660669\n|move|p2a: Lono|Draining Kiss|p1a: Terra Tigris\n|-damage|p1a: Terra Tigris|37\/100\n|-heal|p2a: Lono|43\/100|[from] drain|[of] p1a: Terra Tigris\n|move|p1a: Terra Tigris|Earthquake|p2a: Lono\n|-damage|p2a: Lono|1\/100\n|\n|-heal|p2a: Lono|8\/100|[from] item: Leftovers\n|upkeep\n|turn|30\n|\n|t:|1700660677\n|move|p2a: Lono|Draining Kiss|p1a: Terra Tigris\n|-damage|p1a: Terra Tigris|5\/100\n|-heal|p2a: Lono|37\/100|[from] drain|[of] p1a: Terra Tigris\n|move|p1a: Terra Tigris|Earthquake|p2a: Lono\n|-damage|p2a: Lono|0 fnt\n|faint|p2a: Lono\n|\n|win|AesirEcho\n|l|\u2606ttheus\n|c|\u2606AesirEcho|gg\n","uploadtime":1700660685,"views":0,"p1id":"aesirecho","p2id":"ttheus","formatid":"gen9nationaldex","rating":0,"private":0,"password":""}