{"id":"gen9nationaldex-1997938813","p1":"KingProdG","p2":"tutuhsbs 12447(","format":"[Gen 9] National Dex","log":"|html|<div class=\"broadcast-blue\"><strong>[Gen 9] National Dex is currently suspecting Sneasler! For information on how to participate check out the <a href=\"https:\/\/www.smogon.com\/forums\/threads\/sv-national-dex-suspect-8-just-dance.3731534\/\">suspect thread<\/a>.<\/strong><\/div>\n|j|\u2606KingProdG\n|j|\u2606tutuhsbs 12447(\n|t:|1700869767\n|gametype|singles\n|player|p1|KingProdG|biker-gen4|1135\n|player|p2|tutuhsbs 12447(|benga|1134\n|teamsize|p1|6\n|teamsize|p2|6\n|gen|9\n|tier|[Gen 9] National Dex\n|rated|\n|rule|HP Percentage Mod: HP is shown in percentages\n|rule|Endless Battle Clause: Forcing endless battles is banned\n|rule|OHKO Clause: OHKO moves are banned\n|rule|Evasion Clause: Evasion abilities, items, and moves are banned\n|rule|Evasion Abilities Clause: Evasion abilities are banned\n|rule|Evasion Items Clause: Evasion items are banned\n|rule|Evasion Moves Clause: Evasion moves are banned\n|rule|Species Clause: Limit one of each Pok\u00e9mon\n|rule|Sleep Clause Mod: Limit one foe put to sleep\n|clearpoke\n|poke|p1|Banette, M|\n|poke|p1|Espeon, M|\n|poke|p1|Greninja-*, M|\n|poke|p1|Tapu Koko|\n|poke|p1|Snorlax, M|\n|poke|p1|Arctovish|\n|poke|p2|Scizor, M|\n|poke|p2|Iron Valiant|\n|poke|p2|Garganacl, M|\n|poke|p2|Grimmsnarl, M|\n|poke|p2|Garchomp, F|\n|poke|p2|Landorus-Therian, M|\n|teampreview\n|\n|t:|1700869781\n|start\n|switch|p1a: Tapu Koko|Tapu Koko|100\/100\n|switch|p2a: Grimmsnarl|Grimmsnarl, M|100\/100\n|-fieldstart|move: Electric Terrain|[from] ability: Electric Surge|[of] p1a: Tapu Koko\n|turn|1\n|\n|t:|1700869790\n|move|p2a: Grimmsnarl|Light Screen|p2a: Grimmsnarl\n|-sidestart|p2: tutuhsbs 12447(|move: Light Screen\n|move|p1a: Tapu Koko|Iron Defense|p1a: Tapu Koko\n|-boost|p1a: Tapu Koko|def|2\n|\n|upkeep\n|turn|2\n|\n|t:|1700869800\n|move|p2a: Grimmsnarl|Taunt|p1a: Tapu Koko\n|-start|p1a: Tapu Koko|move: Taunt\n|move|p1a: Tapu Koko|Sky Drop||[still]\n|-prepare|p1a: Tapu Koko|Sky Drop|p2a: Grimmsnarl\n|\n|upkeep\n|turn|3\n|\n|t:|1700869806\n|move|p1a: Tapu Koko|Sky Drop|p2a: Grimmsnarl|[from]lockedmove\n|-damage|p2a: Grimmsnarl|80\/100\n|-end|p2a: Grimmsnarl|Sky Drop\n|\n|upkeep\n|turn|4\n|\n|t:|1700869817\n|move|p2a: Grimmsnarl|Reflect|p2a: Grimmsnarl\n|-sidestart|p2: tutuhsbs 12447(|Reflect\n|move|p1a: Tapu Koko|Sky Drop||[still]\n|-prepare|p1a: Tapu Koko|Sky Drop|p2a: Grimmsnarl\n|\n|-end|p1a: Tapu Koko|move: Taunt\n|upkeep\n|turn|5\n|\n|t:|1700869828\n|move|p1a: Tapu Koko|Sky Drop|p2a: Grimmsnarl|[from]lockedmove\n|-crit|p2a: Grimmsnarl\n|-damage|p2a: Grimmsnarl|52\/100\n|-end|p2a: Grimmsnarl|Sky Drop\n|\n|-fieldend|move: Electric Terrain\n|upkeep\n|turn|6\n|\n|t:|1700869835\n|switch|p2a: Scizor|Scizor, M|100\/100\n|move|p1a: Tapu Koko|Sky Drop||[still]\n|-prepare|p1a: Tapu Koko|Sky Drop|p2a: Scizor\n|\n|upkeep\n|turn|7\n|\n|t:|1700869840\n|move|p1a: Tapu Koko|Sky Drop|p2a: Scizor|[from]lockedmove\n|-damage|p2a: Scizor|92\/100\n|-end|p2a: Scizor|Sky Drop\n|move|p2a: Scizor|Swords Dance|p2a: Scizor\n|-boost|p2a: Scizor|atk|2\n|\n|upkeep\n|turn|8\n|\n|t:|1700869845\n|move|p1a: Tapu Koko|Volt Switch|p2a: Scizor\n|-damage|p2a: Scizor|77\/100\n|\n|t:|1700869852\n|switch|p1a: Banette|Banette, M|100\/100|[from] Volt Switch\n|-item|p2a: Scizor|Scizorite|[from] ability: Frisk|[of] p1a: Banette|[identify]\n|move|p2a: Scizor|Swords Dance|p2a: Scizor\n|-boost|p2a: Scizor|atk|2\n|\n|-sideend|p2: tutuhsbs 12447(|move: Light Screen\n|upkeep\n|turn|9\n|\n|t:|1700869862\n|detailschange|p1a: Banette|Banette-Mega, M\n|-mega|p1a: Banette|Banette|Banettite\n|move|p1a: Banette|Curse|p2a: Scizor\n|-start|p2a: Scizor|Curse|[of] p1a: Banette\n|-damage|p1a: Banette|51\/100\n|move|p2a: Scizor|Knock Off|p1a: Banette\n|-supereffective|p1a: Banette\n|-damage|p1a: Banette|0 fnt\n|faint|p1a: Banette\n|\n|-damage|p2a: Scizor|52\/100|[from] Curse\n|upkeep\n|\n|t:|1700869876\n|switch|p1a: Greninja|Greninja, M|100\/100\n|turn|10\n|\n|t:|1700869886\n|detailschange|p2a: Scizor|Scizor-Mega, M\n|-mega|p2a: Scizor|Scizor|Scizorite\n|move|p2a: Scizor|Bullet Punch|p1a: Greninja\n|-resisted|p1a: Greninja\n|-damage|p1a: Greninja|13\/100\n|move|p1a: Greninja|Spikes|p2a: Scizor\n|-sidestart|p2: tutuhsbs 12447(|Spikes\n|\n|-damage|p2a: Scizor|27\/100|[from] Curse\n|upkeep\n|turn|11\n|\n|t:|1700869893\n|move|p1a: Greninja|Water Shuriken|p2a: Scizor\n|-damage|p2a: Scizor|20\/100\n|-damage|p2a: Scizor|12\/100\n|-damage|p2a: Scizor|5\/100\n|-damage|p2a: Scizor|0 fnt\n|faint|p2a: Scizor\n|-ability|p1a: Greninja|Battle Bond|boost\n|-boost|p1a: Greninja|atk|1\n|-boost|p1a: Greninja|spa|1\n|-boost|p1a: Greninja|spe|1\n|-activate|p1a: Greninja|ability: Battle Bond\n|-hitcount|p2: Scizor|4\n|\n|-sideend|p2: tutuhsbs 12447(|Reflect\n|upkeep\n|\n|t:|1700869902\n|switch|p2a: Iron Valiant|Iron Valiant|100\/100\n|-damage|p2a: Iron Valiant|88\/100|[from] Spikes\n|-enditem|p2a: Iron Valiant|Booster Energy\n|-activate|p2a: Iron Valiant|ability: Quark Drive|[fromitem]\n|-start|p2a: Iron Valiant|quarkdrivespe\n|turn|12\n|\n|t:|1700869911\n|move|p1a: Greninja|Water Shuriken|p2a: Iron Valiant\n|-damage|p2a: Iron Valiant|66\/100\n|-damage|p2a: Iron Valiant|44\/100\n|-damage|p2a: Iron Valiant|21\/100\n|-damage|p2a: Iron Valiant|0 fnt\n|faint|p2a: Iron Valiant\n|-end|p2a: Iron Valiant|Quark Drive|[silent]\n|-hitcount|p2: Iron Valiant|4\n|\n|upkeep\n|\n|t:|1700869918\n|switch|p2a: Garchomp|Garchomp, F|100\/100\n|-damage|p2a: Garchomp|88\/100|[from] Spikes\n|turn|13\n|c|\u2606KingProdG|lool\n|\n|t:|1700869925\n|-terastallize|p2a: Garchomp|Dragon\n|move|p1a: Greninja|Ice Beam|p2a: Garchomp\n|-supereffective|p2a: Garchomp\n|-damage|p2a: Garchomp|0 fnt\n|faint|p2a: Garchomp\n|\n|upkeep\n|\n|t:|1700869939\n|switch|p2a: Landorus|Landorus-Therian, M|100\/100\n|-ability|p2a: Landorus|Intimidate|boost\n|-unboost|p1a: Greninja|atk|1\n|turn|14\n|\n|t:|1700869946\n|move|p1a: Greninja|Ice Beam|p2a: Landorus\n|-supereffective|p2a: Landorus\n|-damage|p2a: Landorus|0 fnt\n|faint|p2a: Landorus\n|\n|upkeep\n|\n|t:|1700869948\n|switch|p2a: Grimmsnarl|Grimmsnarl, M|52\/100\n|-damage|p2a: Grimmsnarl|40\/100|[from] Spikes\n|turn|15\n|\n|t:|1700869955\n|move|p2a: Grimmsnarl|Light Screen|p2a: Grimmsnarl\n|-sidestart|p2: tutuhsbs 12447(|move: Light Screen\n|move|p1a: Greninja|Work Up|p1a: Greninja\n|-boost|p1a: Greninja|atk|1\n|-boost|p1a: Greninja|spa|1\n|\n|upkeep\n|turn|16\n|\n|t:|1700869964\n|move|p1a: Greninja|Water Shuriken|p2a: Grimmsnarl\n|-damage|p2a: Grimmsnarl|34\/100\n|-damage|p2a: Grimmsnarl|29\/100\n|-hitcount|p2a: Grimmsnarl|2\n|move|p2a: Grimmsnarl|Reflect|p2a: Grimmsnarl\n|-sidestart|p2: tutuhsbs 12447(|Reflect\n|\n|upkeep\n|turn|17\n|\n|t:|1700869971\n|move|p2a: Grimmsnarl|Parting Shot|p1a: Greninja\n|-hint|Since gen 7, Dark is immune to Prankster moves.\n|-immune|p1a: Greninja\n|move|p1a: Greninja|Ice Beam|p2a: Grimmsnarl\n|-damage|p2a: Grimmsnarl|8\/100\n|\n|upkeep\n|turn|18\n|\n|t:|1700869981\n|switch|p2a: Garganacl|Garganacl, M|100\/100\n|-damage|p2a: Garganacl|88\/100|[from] Spikes\n|move|p1a: Greninja|Water Shuriken|p2a: Garganacl\n|-supereffective|p2a: Garganacl\n|-damage|p2a: Garganacl|75\/100\n|-supereffective|p2a: Garganacl\n|-damage|p2a: Garganacl|62\/100\n|-supereffective|p2a: Garganacl\n|-damage|p2a: Garganacl|49\/100\n|-hitcount|p2a: Garganacl|3\n|\n|-heal|p2a: Garganacl|55\/100|[from] item: Leftovers\n|upkeep\n|turn|19\n|\n|t:|1700869992\n|move|p1a: Greninja|Water Shuriken|p2a: Garganacl\n|-supereffective|p2a: Garganacl\n|-damage|p2a: Garganacl|41\/100\n|-supereffective|p2a: Garganacl\n|-damage|p2a: Garganacl|28\/100\n|-supereffective|p2a: Garganacl\n|-crit|p2a: Garganacl\n|-damage|p2a: Garganacl|0 fnt\n|faint|p2a: Garganacl\n|-hitcount|p2: Garganacl|3\n|\n|upkeep\n|c|\u2606KingProdG|EZ\n|inactive|Battle timer is ON: inactive players will automatically lose when time's up. (requested by KingProdG)\n|inactive|tutuhsbs 12447( has 120 seconds left.\n|j| n.z.444\n|c|\u2606KingProdG|play bro\n|j| Mattattac\n|j| grassman725\n|j| Maddragon0201\n|inactive|tutuhsbs 12447( has 90 seconds left.\n|j| NintengoDaGamer\n|l| NintengoDaGamer\n|c|\u2606KingProdG|intentionally stalling\n|c|\u2606KingProdG|timer\n|l| grassman725\n|inactive|tutuhsbs 12447( has 60 seconds left.\n|l| Maddragon0201\n|inactive|tutuhsbs 12447( has 30 seconds left.\n|inactive|tutuhsbs 12447( has 20 seconds left.\n|inactive|tutuhsbs 12447( has 15 seconds left.\n|inactive|tutuhsbs 12447( has 10 seconds left.\n|l| n.z.444\n|inactive|tutuhsbs 12447( has 5 seconds left.\n|-message|tutuhsbs 12447( lost due to inactivity.\n|\n|win|KingProdG\n|raw|KingProdG's rating: 1135 &rarr; <strong>1160<\/strong><br \/>(+25 for winning)\n|raw|tutuhsbs 12447('s rating: 1134 &rarr; <strong>1109<\/strong><br \/>(-25 for losing)\n|l|\u2606KingProdG\n","uploadtime":1700870257,"views":2,"p1id":"kingprodg","p2id":"tutuhsbs12447","formatid":"gen9nationaldex","rating":1109,"private":0,"password":""}