{"id":"gen9nationaldex-1990827191","p1":"Cutu boy","p2":"hackilla15","format":"[Gen 9] National Dex","log":"|j|\u2606Cutu boy\n|j|\u2606hackilla15\n|t:|1700004911\n|gametype|singles\n|player|p1|Cutu boy|giovanni|1086\n|player|p2|hackilla15|ethan|1147\n|teamsize|p1|6\n|teamsize|p2|6\n|gen|9\n|tier|[Gen 9] National Dex\n|rated|\n|rule|HP Percentage Mod: HP is shown in percentages\n|rule|Endless Battle Clause: Forcing endless battles is banned\n|rule|OHKO Clause: OHKO moves are banned\n|rule|Evasion Clause: Evasion abilities, items, and moves are banned\n|rule|Evasion Abilities Clause: Evasion abilities are banned\n|rule|Evasion Items Clause: Evasion items are banned\n|rule|Evasion Moves Clause: Evasion moves are banned\n|rule|Species Clause: Limit one of each Pok\u00e9mon\n|rule|Sleep Clause Mod: Limit one foe put to sleep\n|clearpoke\n|poke|p1|Salamence, F|\n|poke|p1|Camerupt, F|\n|poke|p1|Snorlax, F|\n|poke|p1|Suicune|\n|poke|p1|Metagross|\n|poke|p1|Aerodactyl, M|\n|poke|p2|Clodsire, F|\n|poke|p2|Poliwrath, M|\n|poke|p2|Volcarona, F|\n|poke|p2|Rillaboom, M|\n|poke|p2|Venusaur, M|\n|poke|p2|Krookodile, M|\n|teampreview\n|\n|t:|1700004917\n|start\n|switch|p1a: Camerupt|Camerupt, F|100\/100\n|switch|p2a: F.R.O.G.?|Venusaur, M, shiny|100\/100\n|turn|1\n|\n|t:|1700004923\n|detailschange|p2a: F.R.O.G.?|Venusaur-Mega, M, shiny\n|-mega|p2a: F.R.O.G.?|Venusaur|Venusaurite\n|move|p2a: F.R.O.G.?|Earth Power|p1a: Camerupt\n|-supereffective|p1a: Camerupt\n|-damage|p1a: Camerupt|31\/100\n|move|p1a: Camerupt|Fire Blast|p2a: F.R.O.G.?|[miss]\n|-miss|p1a: Camerupt|p2a: F.R.O.G.?\n|\n|-heal|p1a: Camerupt|37\/100|[from] item: Leftovers\n|upkeep\n|turn|2\n|inactive|Battle timer is ON: inactive players will automatically lose when time's up. (requested by hackilla15)\n|\n|t:|1700004938\n|switch|p1a: Salamence|Salamence, F|100\/100\n|-ability|p1a: Salamence|Intimidate|boost\n|-unboost|p2a: F.R.O.G.?|atk|1\n|move|p2a: F.R.O.G.?|Earth Power|p1a: Salamence\n|-immune|p1a: Salamence\n|\n|upkeep\n|turn|3\n|\n|t:|1700004946\n|move|p1a: Salamence|Fire Blast|p2a: F.R.O.G.?\n|-supereffective|p2a: F.R.O.G.?\n|-damage|p2a: F.R.O.G.?|76\/100\n|move|p2a: F.R.O.G.?|Sludge Bomb|p1a: Salamence\n|-damage|p1a: Salamence|51\/100\n|\n|-heal|p1a: Salamence|57\/100|[from] item: Leftovers\n|upkeep\n|turn|4\n|\n|t:|1700004956\n|move|p2a: F.R.O.G.?|Sludge Bomb|p1a: Salamence\n|-damage|p1a: Salamence|7\/100\n|move|p1a: Salamence|Roar|p2a: F.R.O.G.?\n|drag|p2a: Mr. Jitters|Krookodile, M|100\/100\n|\n|-heal|p1a: Salamence|13\/100|[from] item: Leftovers\n|upkeep\n|turn|5\n|\n|t:|1700004970\n|move|p1a: Salamence|Brick Break|p2a: Mr. Jitters\n|-supereffective|p2a: Mr. Jitters\n|-damage|p2a: Mr. Jitters|40\/100\n|move|p2a: Mr. Jitters|Scale Shot|p1a: Salamence\n|-supereffective|p1a: Salamence\n|-crit|p1a: Salamence\n|-damage|p1a: Salamence|0 fnt\n|faint|p1a: Salamence\n|-ability|p2a: Mr. Jitters|Moxie|boost\n|-boost|p2a: Mr. Jitters|atk|1\n|-hitcount|p1: Salamence|1\n|-unboost|p2a: Mr. Jitters|def|1\n|-boost|p2a: Mr. Jitters|spe|1\n|\n|upkeep\n|\n|t:|1700004985\n|switch|p1a: Snorlax|Snorlax, F|100\/100\n|turn|6\n|\n|t:|1700004999\n|move|p2a: Mr. Jitters|Earthquake|p1a: Snorlax\n|-damage|p1a: Snorlax|31\/100\n|move|p1a: Snorlax|Earthquake|p2a: Mr. Jitters\n|-damage|p2a: Mr. Jitters|0 fnt\n|faint|p2a: Mr. Jitters\n|\n|-heal|p1a: Snorlax|38\/100|[from] item: Leftovers\n|upkeep\n|\n|t:|1700005006\n|switch|p2a: F.R.O.G.|Poliwrath, M, shiny|100\/100\n|turn|7\n|\n|t:|1700005017\n|move|p2a: F.R.O.G.|Drain Punch|p1a: Snorlax\n|-supereffective|p1a: Snorlax\n|-damage|p1a: Snorlax|0 fnt\n|faint|p1a: Snorlax\n|\n|upkeep\n|\n|t:|1700005028\n|switch|p1a: Camerupt|Camerupt, F|37\/100\n|turn|8\n|\n|t:|1700005032\n|-terastallize|p1a: Camerupt|Grass\n|move|p2a: F.R.O.G.|Liquidation|p1a: Camerupt\n|-resisted|p1a: Camerupt\n|-damage|p1a: Camerupt|14\/100\n|move|p1a: Camerupt|Hidden Power|p2a: F.R.O.G.\n|-supereffective|p2a: F.R.O.G.\n|-damage|p2a: F.R.O.G.|60\/100\n|\n|-heal|p1a: Camerupt|20\/100|[from] item: Leftovers\n|upkeep\n|turn|9\n|\n|t:|1700005044\n|move|p2a: F.R.O.G.|Drain Punch|p1a: Camerupt\n|-damage|p1a: Camerupt|0 fnt\n|-heal|p2a: F.R.O.G.|69\/100|[from] drain|[of] p1a: Camerupt\n|faint|p1a: Camerupt\n|\n|upkeep\n|\n|t:|1700005060\n|switch|p1a: Aerodactyl|Aerodactyl, M|100\/100\n|turn|10\n|\n|t:|1700005065\n|detailschange|p1a: Aerodactyl|Aerodactyl-Mega, M\n|-mega|p1a: Aerodactyl|Aerodactyl|Aerodactylite\n|-terastallize|p2a: F.R.O.G.|Water\n|move|p1a: Aerodactyl|Earthquake|p2a: F.R.O.G.\n|-damage|p2a: F.R.O.G.|37\/100\n|move|p2a: F.R.O.G.|Liquidation|p1a: Aerodactyl\n|-supereffective|p1a: Aerodactyl\n|-crit|p1a: Aerodactyl\n|-damage|p1a: Aerodactyl|0 fnt\n|faint|p1a: Aerodactyl\n|\n|upkeep\n|\n|t:|1700005078\n|switch|p1a: Metagross|Metagross|100\/100\n|turn|11\n|\n|t:|1700005089\n|move|p1a: Metagross|Agility|p1a: Metagross\n|-boost|p1a: Metagross|spe|2\n|move|p2a: F.R.O.G.|Liquidation|p1a: Metagross\n|-damage|p1a: Metagross|64\/100\n|\n|upkeep\n|turn|12\n|\n|t:|1700005096\n|move|p1a: Metagross|Earthquake|p2a: F.R.O.G.\n|-damage|p2a: F.R.O.G.|3\/100\n|move|p2a: F.R.O.G.|Drain Punch|p1a: Metagross\n|-damage|p1a: Metagross|37\/100\n|-heal|p2a: F.R.O.G.|16\/100|[from] drain|[of] p1a: Metagross\n|\n|upkeep\n|turn|13\n|\n|t:|1700005104\n|move|p1a: Metagross|Earthquake|p2a: F.R.O.G.\n|-damage|p2a: F.R.O.G.|0 fnt\n|faint|p2a: F.R.O.G.\n|\n|upkeep\n|\n|t:|1700005110\n|switch|p2a: Boomin' Bangers|Rillaboom, M|100\/100\n|-fieldstart|move: Grassy Terrain|[from] ability: Grassy Surge|[of] p2a: Boomin' Bangers\n|-enditem|p2a: Boomin' Bangers|Grassy Seed\n|-boost|p2a: Boomin' Bangers|def|1|[from] item: Grassy Seed\n|turn|14\n|\n|t:|1700005117\n|move|p1a: Metagross|Meteor Mash|p2a: Boomin' Bangers\n|-damage|p2a: Boomin' Bangers|71\/100\n|move|p2a: Boomin' Bangers|Bulk Up|p2a: Boomin' Bangers\n|-boost|p2a: Boomin' Bangers|atk|1\n|-boost|p2a: Boomin' Bangers|def|1\n|\n|-heal|p1a: Metagross|43\/100|[from] Grassy Terrain\n|-heal|p2a: Boomin' Bangers|77\/100|[from] Grassy Terrain\n|upkeep\n|turn|15\n|-message|Cutu boy forfeited.\n|\n|win|hackilla15\n|raw|Cutu boy's rating: 1086 &rarr; <strong>1067<\/strong><br \/>(-19 for losing)\n|raw|hackilla15's rating: 1147 &rarr; <strong>1168<\/strong><br \/>(+21 for winning)\n|l|\u2606Cutu boy\n","uploadtime":1700005130,"views":13,"p1id":"cutuboy","p2id":"hackilla15","formatid":"gen9nationaldex","rating":1067,"private":0,"password":""}