{"id":"gen9nationaldex-1995463606","p1":"Whitebit09","p2":"TMig11","format":"[Gen 9] National Dex","log":"|html|<div class=\"broadcast-blue\"><strong>[Gen 9] National Dex is currently suspecting Sneasler! For information on how to participate check out the <a href=\"https:\/\/www.smogon.com\/forums\/threads\/sv-national-dex-suspect-8-just-dance.3731534\/\">suspect thread<\/a>.<\/strong><\/div>\n|j|\u2606Whitebit09\n|j|\u2606TMig11\n|t:|1700573691\n|gametype|singles\n|player|p1|Whitebit09|265|1610\n|player|p2|TMig11|linebacker|1528\n|teamsize|p1|6\n|teamsize|p2|6\n|gen|9\n|tier|[Gen 9] National Dex\n|rated|\n|rule|HP Percentage Mod: HP is shown in percentages\n|rule|Endless Battle Clause: Forcing endless battles is banned\n|rule|OHKO Clause: OHKO moves are banned\n|rule|Evasion Clause: Evasion abilities, items, and moves are banned\n|rule|Evasion Abilities Clause: Evasion abilities are banned\n|rule|Evasion Items Clause: Evasion items are banned\n|rule|Evasion Moves Clause: Evasion moves are banned\n|rule|Species Clause: Limit one of each Pok\u00e9mon\n|rule|Sleep Clause Mod: Limit one foe put to sleep\n|clearpoke\n|poke|p1|Lopunny, F|\n|poke|p1|Clefable, M|\n|poke|p1|Landorus-Therian, M|\n|poke|p1|Urshifu-*, F|\n|poke|p1|Kyurem|\n|poke|p1|Cinderace, F|\n|poke|p2|Hoopa-Unbound|\n|poke|p2|Ferrothorn, F|\n|poke|p2|Sneasler, F|\n|poke|p2|Toxapex, F|\n|poke|p2|Great Tusk|\n|poke|p2|Gliscor, F|\n|teampreview\n|inactive|Battle timer is ON: inactive players will automatically lose when time's up. (requested by TMig11)\n|\n|t:|1700573709\n|start\n|switch|p1a: Kyurem|Kyurem|100\/100\n|switch|p2a: Gliscor|Gliscor, F|100\/100\n|-ability|p1a: Kyurem|Pressure\n|turn|1\n|\n|t:|1700573714\n|switch|p2a: Ferrothorn|Ferrothorn, F|100\/100\n|move|p1a: Kyurem|Freeze-Dry|p2a: Ferrothorn\n|-damage|p2a: Ferrothorn|63\/100\n|\n|-heal|p2a: Ferrothorn|69\/100|[from] item: Leftovers\n|upkeep\n|turn|2\n|\n|t:|1700573727\n|switch|p1a: Landorus|Landorus-Therian, M|100\/100\n|-ability|p1a: Landorus|Intimidate|boost\n|-unboost|p2a: Ferrothorn|atk|1\n|move|p2a: Ferrothorn|Gyro Ball|p1a: Landorus\n|-damage|p1a: Landorus|72\/100\n|\n|-heal|p1a: Landorus|78\/100|[from] item: Leftovers\n|-heal|p2a: Ferrothorn|76\/100|[from] item: Leftovers\n|upkeep\n|turn|3\n|\n|t:|1700573736\n|move|p1a: Landorus|Earthquake|p2a: Ferrothorn\n|-crit|p2a: Ferrothorn\n|-damage|p2a: Ferrothorn|29\/100\n|move|p2a: Ferrothorn|Stealth Rock|p1a: Landorus\n|-sidestart|p1: Whitebit09|move: Stealth Rock\n|\n|-heal|p1a: Landorus|84\/100|[from] item: Leftovers\n|-heal|p2a: Ferrothorn|35\/100|[from] item: Leftovers\n|upkeep\n|turn|4\n|\n|t:|1700573744\n|move|p2a: Ferrothorn|Protect|p2a: Ferrothorn\n|-singleturn|p2a: Ferrothorn|Protect\n|move|p1a: Landorus|Defog|p2a: Ferrothorn\n|-activate|p2a: Ferrothorn|move: Protect\n|\n|-heal|p1a: Landorus|90\/100|[from] item: Leftovers\n|-heal|p2a: Ferrothorn|41\/100|[from] item: Leftovers\n|upkeep\n|turn|5\n|\n|t:|1700573751\n|move|p1a: Landorus|Earthquake|p2a: Ferrothorn\n|-damage|p2a: Ferrothorn|6\/100\n|move|p2a: Ferrothorn|Leech Seed|p1a: Landorus\n|-start|p1a: Landorus|move: Leech Seed\n|\n|-heal|p1a: Landorus|96\/100|[from] item: Leftovers\n|-heal|p2a: Ferrothorn|13\/100|[from] item: Leftovers\n|-damage|p1a: Landorus|84\/100|[from] Leech Seed|[of] p2a: Ferrothorn\n|-heal|p2a: Ferrothorn|29\/100|[silent]\n|upkeep\n|turn|6\n|\n|t:|1700573757\n|move|p1a: Landorus|Earthquake|p2a: Ferrothorn\n|-damage|p2a: Ferrothorn|0 fnt\n|faint|p2a: Ferrothorn\n|\n|-heal|p1a: Landorus|90\/100|[from] item: Leftovers\n|upkeep\n|\n|t:|1700573764\n|switch|p2a: Great Tusk|Great Tusk|100\/100\n|-enditem|p2a: Great Tusk|Booster Energy\n|-activate|p2a: Great Tusk|ability: Protosynthesis|[fromitem]\n|-start|p2a: Great Tusk|protosynthesisatk\n|turn|7\n|\n|t:|1700573778\n|switch|p1a: Clefable|Clefable, M|100\/100\n|-damage|p1a: Clefable|88\/100|[from] Stealth Rock\n|move|p2a: Great Tusk|Rapid Spin|p1a: Clefable\n|-damage|p1a: Clefable|66\/100\n|-boost|p2a: Great Tusk|spe|1\n|\n|-heal|p1a: Clefable|72\/100|[from] item: Leftovers\n|upkeep\n|turn|8\n|\n|t:|1700573787\n|move|p2a: Great Tusk|Headlong Rush|p1a: Clefable\n|-damage|p1a: Clefable|2\/100\n|-unboost|p2a: Great Tusk|def|1\n|-unboost|p2a: Great Tusk|spd|1\n|move|p1a: Clefable|Moonblast|p2a: Great Tusk\n|-supereffective|p2a: Great Tusk\n|-damage|p2a: Great Tusk|2\/100\n|-unboost|p2a: Great Tusk|spa|1\n|\n|-heal|p1a: Clefable|8\/100|[from] item: Leftovers\n|upkeep\n|turn|9\n|\n|t:|1700573797\n|move|p2a: Great Tusk|Rapid Spin|p1a: Clefable\n|-damage|p1a: Clefable|0 fnt\n|-boost|p2a: Great Tusk|spe|1\n|faint|p1a: Clefable\n|\n|upkeep\n|\n|t:|1700573800\n|switch|p1a: Lopunny|Lopunny, F|100\/100\n|-damage|p1a: Lopunny|88\/100|[from] Stealth Rock\n|turn|10\n|\n|t:|1700573806\n|detailschange|p1a: Lopunny|Lopunny-Mega, F\n|-mega|p1a: Lopunny|Lopunny|Lopunnite\n|move|p1a: Lopunny|Fake Out|p2a: Great Tusk\n|-damage|p2a: Great Tusk|0 fnt\n|faint|p2a: Great Tusk\n|-end|p2a: Great Tusk|Protosynthesis|[silent]\n|\n|upkeep\n|\n|t:|1700573812\n|switch|p2a: Hoopa|Hoopa-Unbound|100\/100\n|turn|11\n|\n|t:|1700573820\n|move|p2a: Hoopa|Psychic|p1a: Lopunny\n|-supereffective|p1a: Lopunny\n|-damage|p1a: Lopunny|0 fnt\n|faint|p1a: Lopunny\n|\n|upkeep\n|\n|t:|1700573825\n|switch|p1a: Landorus|Landorus-Therian, M|90\/100\n|-damage|p1a: Landorus|77\/100|[from] Stealth Rock\n|-ability|p1a: Landorus|Intimidate|boost\n|-unboost|p2a: Hoopa|atk|1\n|turn|12\n|\n|t:|1700573830\n|switch|p2a: Gliscor|Gliscor, F|100\/100\n|move|p1a: Landorus|Defog|p2a: Gliscor\n|-unboost|p2a: Gliscor|evasion|1\n|-sideend|p1: Whitebit09|Stealth Rock|[from] move: Defog|[of] p1a: Landorus\n|\n|-heal|p1a: Landorus|83\/100|[from] item: Leftovers\n|-status|p2a: Gliscor|tox|[from] item: Toxic Orb\n|upkeep\n|turn|13\n|\n|t:|1700573836\n|move|p2a: Gliscor|Knock Off|p1a: Landorus\n|-damage|p1a: Landorus|54\/100\n|-enditem|p1a: Landorus|Leftovers|[from] move: Knock Off|[of] p2a: Gliscor\n|move|p1a: Landorus|Rock Tomb|p2a: Gliscor\n|-damage|p2a: Gliscor|86\/100 tox\n|-unboost|p2a: Gliscor|spe|1\n|\n|-heal|p2a: Gliscor|98\/100 tox|[from] ability: Poison Heal\n|upkeep\n|turn|14\n|\n|t:|1700573845\n|switch|p1a: Kyurem|Kyurem|100\/100\n|-ability|p1a: Kyurem|Pressure\n|move|p2a: Gliscor|Spikes|p1a: Kyurem\n|-sidestart|p1: Whitebit09|Spikes\n|\n|-heal|p2a: Gliscor|100\/100 tox|[from] ability: Poison Heal\n|upkeep\n|turn|15\n|\n|t:|1700573869\n|move|p2a: Gliscor|Protect|p2a: Gliscor\n|-singleturn|p2a: Gliscor|Protect\n|move|p1a: Kyurem|Ice Beam|p2a: Gliscor\n|-activate|p2a: Gliscor|move: Protect\n|\n|upkeep\n|turn|16\n|\n|t:|1700573875\n|switch|p2a: Toxapex|Toxapex, F|100\/100\n|move|p1a: Kyurem|Freeze-Dry|p2a: Toxapex\n|-supereffective|p2a: Toxapex\n|-damage|p2a: Toxapex|23\/100\n|\n|upkeep\n|turn|17\n|\n|t:|1700573881\n|move|p2a: Toxapex|Baneful Bunker|p2a: Toxapex\n|-singleturn|p2a: Toxapex|move: Protect\n|move|p1a: Kyurem|Freeze-Dry|p2a: Toxapex\n|-activate|p2a: Toxapex|move: Protect\n|\n|upkeep\n|turn|18\n|\n|t:|1700573885\n|switch|p2a: Sneasler|Sneasler, F|100\/100\n|move|p1a: Kyurem|Freeze-Dry|p2a: Sneasler\n|-damage|p2a: Sneasler|40\/100\n|\n|upkeep\n|turn|19\n|\n|t:|1700573899\n|-terastallize|p1a: Kyurem|Ground\n|move|p2a: Sneasler|U-turn|p1a: Kyurem\n|-damage|p1a: Kyurem|69\/100\n|\n|t:|1700573907\n|switch|p2a: Gliscor|Gliscor, F|100\/100 tox|[from] U-turn\n|move|p1a: Kyurem|Freeze-Dry|p2a: Gliscor\n|-supereffective|p2a: Gliscor\n|-damage|p2a: Gliscor|0 fnt\n|faint|p2a: Gliscor\n|\n|upkeep\n|\n|t:|1700573912\n|switch|p2a: Sneasler|Sneasler, F|40\/100\n|turn|20\n|\n|t:|1700573919\n|move|p2a: Sneasler|Close Combat|p1a: Kyurem\n|-crit|p1a: Kyurem\n|-damage|p1a: Kyurem|0 fnt\n|-unboost|p2a: Sneasler|def|1\n|-unboost|p2a: Sneasler|spd|1\n|faint|p1a: Kyurem\n|\n|upkeep\n|\n|t:|1700573926\n|switch|p1a: Urshifu|Urshifu-Rapid-Strike, F|100\/100\n|-damage|p1a: Urshifu|88\/100|[from] Spikes\n|turn|21\n|\n|t:|1700573945\n|switch|p2a: Toxapex|Toxapex, F|57\/100\n|move|p1a: Urshifu|U-turn|p2a: Toxapex\n|-resisted|p2a: Toxapex\n|-damage|p2a: Toxapex|46\/100\n|-damage|p1a: Urshifu|72\/100|[from] item: Rocky Helmet|[of] p2a: Toxapex\n|\n|t:|1700573955\n|switch|p1a: Cinderace|Cinderace, F|100\/100|[from] U-turn\n|-damage|p1a: Cinderace|88\/100|[from] Spikes\n|\n|upkeep\n|turn|22\n|\n|t:|1700573962\n|move|p2a: Toxapex|Baneful Bunker|p2a: Toxapex\n|-singleturn|p2a: Toxapex|move: Protect\n|move|p1a: Cinderace|Pyro Ball|p2a: Toxapex\n|-activate|p2a: Toxapex|move: Protect\n|\n|upkeep\n|turn|23\n|\n|t:|1700573968\n|-zpower|p1a: Cinderace\n|move|p1a: Cinderace|Shattered Psyche|p2a: Toxapex|[zeffect]\n|-start|p1a: Cinderace|typechange|Psychic|[from] ability: Libero\n|-supereffective|p2a: Toxapex\n|-damage|p2a: Toxapex|0 fnt\n|faint|p2a: Toxapex\n|\n|upkeep\n|\n|t:|1700573974\n|switch|p2a: Hoopa|Hoopa-Unbound|100\/100\n|turn|24\n|\n|t:|1700573980\n|move|p1a: Cinderace|Sucker Punch|p2a: Hoopa\n|-damage|p2a: Hoopa|62\/100\n|move|p2a: Hoopa|Dark Pulse|p1a: Cinderace\n|-supereffective|p1a: Cinderace\n|-damage|p1a: Cinderace|0 fnt\n|faint|p1a: Cinderace\n|\n|upkeep\n|\n|t:|1700573986\n|switch|p1a: Urshifu|Urshifu-Rapid-Strike, F|72\/100\n|-damage|p1a: Urshifu|59\/100|[from] Spikes\n|turn|25\n|\n|t:|1700573989\n|move|p1a: Urshifu|Surging Strikes|p2a: Hoopa\n|-crit|p2a: Hoopa\n|-damage|p2a: Hoopa|31\/100\n|-crit|p2a: Hoopa\n|-damage|p2a: Hoopa|0 fnt\n|faint|p2a: Hoopa\n|-hitcount|p2: Hoopa|2\n|\n|upkeep\n|\n|t:|1700573992\n|switch|p2a: Sneasler|Sneasler, F|40\/100\n|turn|26\n|\n|t:|1700573996\n|-terastallize|p2a: Sneasler|Fighting\n|move|p1a: Urshifu|Surging Strikes|p2a: Sneasler\n|-crit|p2a: Sneasler\n|-damage|p2a: Sneasler|4\/100\n|-crit|p2a: Sneasler\n|-damage|p2a: Sneasler|0 fnt\n|faint|p2a: Sneasler\n|-hitcount|p2: Sneasler|2\n|\n|win|Whitebit09\n|raw|Whitebit09's rating: 1610 &rarr; <strong>1625<\/strong><br \/>(+15 for winning)\n|raw|TMig11's rating: 1528 &rarr; <strong>1513<\/strong><br \/>(-15 for losing)\n|l|\u2606TMig11\n","uploadtime":1700574072,"views":2,"p1id":"whitebit09","p2id":"tmig11","formatid":"gen9nationaldex","rating":1513,"private":0,"password":""}