{"id":"gen9nationaldex-2000668083","p1":"MattC (Banned)","p2":"RUMYMOME","format":"[Gen 9] National Dex","log":"|j|\u2606MattC (Banned)\n|j|\u2606RUMYMOME\n|inactive|Battle timer is ON: inactive players will automatically lose when time's up.\n|t:|1701216626\n|gametype|singles\n|j|*Lady Monita \u2746\n|player|p1|MattC (Banned)|gladion|\n|player|p2|RUMYMOME|marshal|\n|teamsize|p1|6\n|teamsize|p2|6\n|gen|9\n|tier|[Gen 9] National Dex\n|rated|Tournament battle\n|rule|HP Percentage Mod: HP is shown in percentages\n|rule|Endless Battle Clause: Forcing endless battles is banned\n|rule|OHKO Clause: OHKO moves are banned\n|rule|Evasion Clause: Evasion abilities, items, and moves are banned\n|rule|Evasion Abilities Clause: Evasion abilities are banned\n|rule|Evasion Items Clause: Evasion items are banned\n|rule|Evasion Moves Clause: Evasion moves are banned\n|rule|Species Clause: Limit one of each Pok\u00e9mon\n|rule|Sleep Clause Mod: Limit one foe put to sleep\n|rule|No Switching: All Pok\u00e9mon are trapped\n|clearpoke\n|poke|p1|Spidops, F|\n|poke|p1|Dondozo, F|\n|poke|p1|Serperior, M|\n|poke|p1|Medicham, M|\n|poke|p1|Sinistcha|\n|poke|p1|Zeraora|\n|poke|p2|Tapu Koko|\n|poke|p2|Dragonite, F|\n|poke|p2|Polteageist|\n|poke|p2|Indeedee, M|\n|poke|p2|Gyarados, F|\n|poke|p2|Smeargle, F|\n|teampreview\n|inactive|MattC (Banned) also wants the timer to be on.\n|c|\u2606MattC (Banned)|glhf\n|\n|t:|1701216644\n|start\n|switch|p1a: Spidops|Spidops, F|100\/100\n|switch|p2a: Smeargle|Smeargle, F|100\/100\n|turn|1\n|c|\u2606RUMYMOME|Glhf\n|\n|t:|1701216658\n|move|p2a: Smeargle|Trick|p1a: Spidops\n|-activate|p2a: Smeargle|move: Trick|[of] p1a: Spidops\n|-item|p1a: Spidops|Choice Scarf|[from] move: Trick\n|-item|p2a: Smeargle|Mental Herb|[from] move: Trick\n|move|p1a: Spidops|Taunt|p2a: Smeargle\n|-start|p2a: Smeargle|move: Taunt\n|-enditem|p2a: Smeargle|Mental Herb\n|-end|p2a: Smeargle|move: Taunt\n|\n|upkeep\n|turn|2\n|c|\u2606MattC (Banned)|wtf\n|c|\u2606MattC (Banned)|bro\n|\n|t:|1701216687\n|move|p2a: Smeargle|Trick|p1a: Spidops\n|-activate|p2a: Smeargle|move: Trick|[of] p1a: Spidops\n|-enditem|p1a: Spidops|Choice Scarf|[silent]|[from] move: Trick\n|-item|p2a: Smeargle|Choice Scarf|[from] move: Trick\n|move|p1a: Spidops|Taunt|p2a: Smeargle\n|-start|p2a: Smeargle|move: Taunt\n|\n|upkeep\n|turn|3\n|\n|t:|1701216695\n|move|p2a: Smeargle|Rapid Spin|p1a: Spidops\n|-damage|p1a: Spidops|94\/100\n|-boost|p2a: Smeargle|spe|1\n|move|p1a: Spidops|Sticky Web|p2a: Smeargle\n|-sidestart|p2: RUMYMOME|move: Sticky Web\n|\n|upkeep\n|turn|4\n|c|\u2606MattC (Banned)|...\n|\n|t:|1701216703\n|move|p2a: Smeargle|Rapid Spin|p1a: Spidops\n|-damage|p1a: Spidops|87\/100\n|-boost|p2a: Smeargle|spe|1\n|-sideend|p2: RUMYMOME|Sticky Web|[from] move: Rapid Spin|[of] p2a: Smeargle\n|move|p1a: Spidops|Spikes|p2a: Smeargle\n|-sidestart|p2: RUMYMOME|Spikes\n|\n|upkeep\n|turn|5\n|\n|t:|1701216706\n|move|p2a: Smeargle|Rapid Spin|p1a: Spidops\n|-damage|p1a: Spidops|80\/100\n|-boost|p2a: Smeargle|spe|1\n|-sideend|p2: RUMYMOME|Spikes|[from] move: Rapid Spin|[of] p2a: Smeargle\n|move|p1a: Spidops|Leech Life|p2a: Smeargle\n|-damage|p2a: Smeargle|32\/100\n|-heal|p1a: Spidops|100\/100|[from] drain|[of] p2a: Smeargle\n|\n|-end|p2a: Smeargle|move: Taunt\n|upkeep\n|turn|6\n|\n|t:|1701216713\n|move|p2a: Smeargle|Rapid Spin|p1a: Spidops\n|-damage|p1a: Spidops|94\/100\n|-boost|p2a: Smeargle|spe|1\n|move|p1a: Spidops|Leech Life|p2a: Smeargle\n|-damage|p2a: Smeargle|0 fnt\n|-heal|p1a: Spidops|100\/100|[from] drain|[of] p2a: Smeargle\n|faint|p2a: Smeargle\n|\n|upkeep\n|c|\u2606MattC (Banned)|uuum\n|c|\u2606MattC (Banned)|why did you trick?\n|inactive|RUMYMOME has 120 seconds left.\n|\n|t:|1701216749\n|switch|p2a: Polteageist|Polteageist|100\/100\n|turn|7\n|\n|t:|1701216755\n|move|p2a: Polteageist|Shell Smash|p2a: Polteageist\n|-unboost|p2a: Polteageist|def|1\n|-unboost|p2a: Polteageist|spd|1\n|-boost|p2a: Polteageist|atk|2\n|-boost|p2a: Polteageist|spa|2\n|-boost|p2a: Polteageist|spe|2\n|move|p1a: Spidops|Sticky Web|p2a: Polteageist\n|-sidestart|p2: RUMYMOME|move: Sticky Web\n|\n|upkeep\n|turn|8\n|\n|t:|1701216766\n|move|p2a: Polteageist|Stored Power|p1a: Spidops\n|-damage|p1a: Spidops|0 fnt\n|faint|p1a: Spidops\n|\n|upkeep\n|\n|t:|1701216778\n|switch|p1a: Dondozo|Dondozo, F|100\/100\n|turn|9\n|\n|t:|1701216787\n|move|p2a: Polteageist|Stored Power|p1a: Dondozo\n|-damage|p1a: Dondozo|70\/100\n|move|p1a: Dondozo|Wave Crash|p2a: Polteageist\n|-damage|p2a: Polteageist|27\/100\n|-ability|p2a: Polteageist|Weak Armor|boost\n|-unboost|p2a: Polteageist|def|1\n|-boost|p2a: Polteageist|spe|2\n|-damage|p1a: Dondozo|57\/100|[from] Recoil\n|\n|-heal|p1a: Dondozo|64\/100|[from] item: Leftovers\n|upkeep\n|turn|10\n|\n|t:|1701216797\n|move|p2a: Polteageist|Stored Power|p1a: Dondozo\n|-damage|p1a: Dondozo|19\/100\n|move|p1a: Dondozo|Wave Crash|p2a: Polteageist\n|-damage|p2a: Polteageist|0 fnt\n|faint|p2a: Polteageist\n|-damage|p1a: Dondozo|15\/100|[from] Recoil\n|\n|-heal|p1a: Dondozo|21\/100|[from] item: Leftovers\n|upkeep\n|\n|t:|1701216812\n|switch|p2a: Gyarados|Gyarados, F|100\/100\n|turn|11\n|\n|t:|1701216821\n|move|p2a: Gyarados|Dragon Dance|p2a: Gyarados\n|-boost|p2a: Gyarados|atk|1\n|-boost|p2a: Gyarados|spe|1\n|move|p1a: Dondozo|Rest|p1a: Dondozo\n|-status|p1a: Dondozo|slp|[from] move: Rest\n|-heal|p1a: Dondozo|100\/100 slp|[silent]\n|\n|upkeep\n|turn|12\n|\n|t:|1701216827\n|detailschange|p2a: Gyarados|Gyarados-Mega, F\n|-mega|p2a: Gyarados|Gyarados|Gyaradosite\n|-ability|p2a: Gyarados|Mold Breaker\n|move|p2a: Gyarados|Dragon Dance|p2a: Gyarados\n|-boost|p2a: Gyarados|atk|1\n|-boost|p2a: Gyarados|spe|1\n|cant|p1a: Dondozo|slp\n|\n|upkeep\n|turn|13\n|c|\u2606MattC (Banned)|ooooh\n|c|\u2606MattC (Banned)|fuck\n|c|\u2606MattC (Banned)|fuck\n|\n|t:|1701216836\n|move|p2a: Gyarados|Substitute|p2a: Gyarados\n|-start|p2a: Gyarados|Substitute\n|-damage|p2a: Gyarados|76\/100\n|cant|p1a: Dondozo|slp\n|\n|upkeep\n|turn|14\n|\n|t:|1701216842\n|move|p2a: Gyarados|Dragon Dance|p2a: Gyarados\n|-boost|p2a: Gyarados|atk|1\n|-boost|p2a: Gyarados|spe|1\n|-curestatus|p1a: Dondozo|slp|[msg]\n|move|p1a: Dondozo|Curse|p1a: Dondozo\n|-unboost|p1a: Dondozo|spe|1\n|-boost|p1a: Dondozo|atk|1\n|-boost|p1a: Dondozo|def|1\n|\n|upkeep\n|turn|15\n|\n|t:|1701216845\n|move|p2a: Gyarados|Crunch|p1a: Dondozo\n|-damage|p1a: Dondozo|49\/100\n|move|p1a: Dondozo|Facade|p2a: Gyarados\n|-activate|p2a: Gyarados|move: Substitute|[damage]\n|\n|-heal|p1a: Dondozo|55\/100|[from] item: Leftovers\n|upkeep\n|turn|16\n|\n|t:|1701216854\n|move|p2a: Gyarados|Crunch|p1a: Dondozo\n|-damage|p1a: Dondozo|6\/100\n|-unboost|p1a: Dondozo|def|1\n|move|p1a: Dondozo|Facade|p2a: Gyarados\n|-end|p2a: Gyarados|Substitute\n|\n|-heal|p1a: Dondozo|12\/100|[from] item: Leftovers\n|upkeep\n|turn|17\n|c|\u2606MattC (Banned)|mold breaker\n|\n|t:|1701216869\n|move|p2a: Gyarados|Substitute|p2a: Gyarados\n|-start|p2a: Gyarados|Substitute\n|-damage|p2a: Gyarados|51\/100\n|move|p1a: Dondozo|Facade|p2a: Gyarados\n|-end|p2a: Gyarados|Substitute\n|\n|-heal|p1a: Dondozo|18\/100|[from] item: Leftovers\n|upkeep\n|turn|18\n|c|\u2606MattC (Banned)|i forgot about that\n|\n|t:|1701216877\n|move|p2a: Gyarados|Crunch|p1a: Dondozo\n|-damage|p1a: Dondozo|0 fnt\n|faint|p1a: Dondozo\n|\n|upkeep\n|\n|t:|1701216895\n|switch|p1a: Sinistcha|Sinistcha|100\/100\n|turn|19\n|\n|t:|1701216904\n|-terastallize|p1a: Sinistcha|Fairy\n|move|p2a: Gyarados|Crunch|p1a: Sinistcha\n|-resisted|p1a: Sinistcha\n|-damage|p1a: Sinistcha|44\/100\n|move|p1a: Sinistcha|Matcha Gotcha|p2a: Gyarados\n|-supereffective|p2a: Gyarados\n|-damage|p2a: Gyarados|0 fnt\n|-heal|p1a: Sinistcha|69\/100|[from] drain|[of] p2a: Gyarados\n|faint|p2a: Gyarados\n|\n|-heal|p1a: Sinistcha|75\/100|[from] item: Leftovers\n|upkeep\n|\n|t:|1701216918\n|switch|p2a: Dragonite|Dragonite, F|100\/100\n|turn|20\n|\n|t:|1701216927\n|move|p2a: Dragonite|Dragon Dance|p2a: Dragonite\n|-boost|p2a: Dragonite|atk|1\n|-boost|p2a: Dragonite|spe|1\n|move|p1a: Sinistcha|Strength Sap|p2a: Dragonite\n|-unboost|p2a: Dragonite|atk|1\n|-heal|p1a: Sinistcha|100\/100\n|\n|upkeep\n|turn|21\n|\n|t:|1701216935\n|-terastallize|p2a: Dragonite|Normal\n|move|p2a: Dragonite|Extreme Speed|p1a: Sinistcha\n|-damage|p1a: Sinistcha|63\/100\n|move|p1a: Sinistcha|Shadow Ball|p2a: Dragonite\n|-immune|p2a: Dragonite\n|\n|-heal|p1a: Sinistcha|69\/100|[from] item: Leftovers\n|upkeep\n|turn|22\n|\n|t:|1701216944\n|move|p2a: Dragonite|Dragon Dance|p2a: Dragonite\n|-boost|p2a: Dragonite|atk|1\n|-boost|p2a: Dragonite|spe|1\n|move|p1a: Sinistcha|Strength Sap|p2a: Dragonite\n|-unboost|p2a: Dragonite|atk|1\n|-heal|p1a: Sinistcha|100\/100\n|\n|upkeep\n|turn|23\n|\n|t:|1701216949\n|move|p2a: Dragonite|Earthquake|p1a: Sinistcha\n|-damage|p1a: Sinistcha|70\/100\n|move|p1a: Sinistcha|Matcha Gotcha|p2a: Dragonite\n|-damage|p2a: Dragonite|77\/100\n|-heal|p1a: Sinistcha|81\/100|[from] drain|[of] p2a: Dragonite\n|-status|p2a: Dragonite|brn\n|\n|-heal|p1a: Sinistcha|87\/100|[from] item: Leftovers\n|-damage|p2a: Dragonite|71\/100 brn|[from] brn\n|upkeep\n|turn|24\n|\n|t:|1701216959\n|move|p2a: Dragonite|Extreme Speed|p1a: Sinistcha\n|-damage|p1a: Sinistcha|68\/100\n|move|p1a: Sinistcha|Calm Mind|p1a: Sinistcha\n|-boost|p1a: Sinistcha|spa|1\n|-boost|p1a: Sinistcha|spd|1\n|\n|-heal|p1a: Sinistcha|74\/100|[from] item: Leftovers\n|-damage|p2a: Dragonite|65\/100 brn|[from] brn\n|upkeep\n|turn|25\n|\n|t:|1701216964\n|move|p2a: Dragonite|Extreme Speed|p1a: Sinistcha\n|-damage|p1a: Sinistcha|53\/100\n|move|p1a: Sinistcha|Calm Mind|p1a: Sinistcha\n|-boost|p1a: Sinistcha|spa|1\n|-boost|p1a: Sinistcha|spd|1\n|\n|-heal|p1a: Sinistcha|59\/100|[from] item: Leftovers\n|-damage|p2a: Dragonite|59\/100 brn|[from] brn\n|upkeep\n|turn|26\n|\n|t:|1701216967\n|move|p2a: Dragonite|Extreme Speed|p1a: Sinistcha\n|-damage|p1a: Sinistcha|38\/100\n|move|p1a: Sinistcha|Matcha Gotcha|p2a: Dragonite|[miss]\n|-miss|p1a: Sinistcha|p2a: Dragonite\n|\n|-heal|p1a: Sinistcha|44\/100|[from] item: Leftovers\n|-damage|p2a: Dragonite|53\/100 brn|[from] brn\n|upkeep\n|turn|27\n|\n|t:|1701216976\n|move|p2a: Dragonite|Extreme Speed|p1a: Sinistcha\n|-damage|p1a: Sinistcha|26\/100\n|move|p1a: Sinistcha|Strength Sap|p2a: Dragonite\n|-unboost|p2a: Dragonite|atk|1\n|-heal|p1a: Sinistcha|100\/100\n|\n|-damage|p2a: Dragonite|46\/100 brn|[from] brn\n|upkeep\n|turn|28\n|-message|RUMYMOME forfeited.\n|\n|win|MattC (Banned)\n|n|\u2606MattC (Banned)|mattcbanned\n|n|\u2606RUMYMOME|rumymome\n|n|*Lady Monita \u2746|ladymonita\n|l|*Lady Monita \u2746\n|c|\u2606MattC (Banned)|gg\n|l|\u2606RUMYMOME\n|l|\u2606MattC (Banned)\n|j|\u2606RUMYMOME\n|player|p2|RUMYMOME|marshal\n|l|\u2606RUMYMOME\n|player|p2|\n|j|\u2606MattC (Banned)\n|player|p1|MattC (Banned)|gladion\n","uploadtime":1701217871,"views":0,"p1id":"mattcbanned","p2id":"rumymome","formatid":"gen9nationaldex","rating":0,"private":0,"password":""}