{"id":"gen9nationaldex-1990242828","p1":"Sly Killdex 2","p2":"Ddash97865","format":"[Gen 9] National Dex","log":"|j|\u2606Sly Killdex 2\n|j|\u2606Ddash97865\n|t:|1699943232\n|gametype|singles\n|player|p1|Sly Killdex 2|volkner|1060\n|player|p2|Ddash97865|ethan|1011\n|teamsize|p1|6\n|teamsize|p2|6\n|gen|9\n|tier|[Gen 9] National Dex\n|rated|\n|rule|HP Percentage Mod: HP is shown in percentages\n|rule|Endless Battle Clause: Forcing endless battles is banned\n|rule|OHKO Clause: OHKO moves are banned\n|rule|Evasion Clause: Evasion abilities, items, and moves are banned\n|rule|Evasion Abilities Clause: Evasion abilities are banned\n|rule|Evasion Items Clause: Evasion items are banned\n|rule|Evasion Moves Clause: Evasion moves are banned\n|rule|Species Clause: Limit one of each Pok\u00e9mon\n|rule|Sleep Clause Mod: Limit one foe put to sleep\n|clearpoke\n|poke|p1|Litten, M|\n|poke|p1|Pumpkaboo-*, F|\n|poke|p1|Klefki, F|\n|poke|p1|Sliggoo, M|\n|poke|p1|Carbink|\n|poke|p1|Dedenne, M|\n|poke|p2|Boltund, M|\n|poke|p2|Charizard, M|\n|poke|p2|Poliwrath, M|\n|poke|p2|Espeon, F|\n|poke|p2|Ninetales-Alola, F|\n|poke|p2|Runerigus, M|\n|teampreview\n|c|\u2606Ddash97865|awww\n|\n|t:|1699943246\n|start\n|switch|p1a: Klefki|Klefki, F|100\/100\n|switch|p2a: Ninetales|Ninetales-Alola, F|100\/100\n|-weather|Snow|[from] ability: Snow Warning|[of] p2a: Ninetales\n|turn|1\n|\n|t:|1699943251\n|move|p1a: Klefki|Calm Mind|p1a: Klefki\n|-boost|p1a: Klefki|spa|1\n|-boost|p1a: Klefki|spd|1\n|move|p2a: Ninetales|Aurora Veil|p2a: Ninetales\n|-sidestart|p2: Ddash97865|move: Aurora Veil\n|\n|-weather|Snow|[upkeep]\n|upkeep\n|turn|2\n|\n|t:|1699943258\n|switch|p2a: Runerigus|Runerigus, M|100\/100\n|move|p1a: Klefki|Draining Kiss|p2a: Runerigus\n|-damage|p2a: Runerigus|85\/100\n|-activate|p2a: Runerigus|ability: Wandering Spirit|Prankster|Wandering Spirit|[of] p1a: Klefki\n|\n|-weather|Snow|[upkeep]\n|upkeep\n|turn|3\n|\n|t:|1699943262\n|move|p1a: Klefki|Iron Defense|p1a: Klefki\n|-boost|p1a: Klefki|def|2\n|move|p2a: Runerigus|Earthquake|p1a: Klefki\n|-supereffective|p1a: Klefki\n|-damage|p1a: Klefki|43\/100\n|-enditem|p1a: Klefki|Weakness Policy\n|-boost|p1a: Klefki|atk|2|[from] item: Weakness Policy\n|-boost|p1a: Klefki|spa|2|[from] item: Weakness Policy\n|\n|-weather|Snow|[upkeep]\n|upkeep\n|turn|4\n|\n|t:|1699943279\n|-terastallize|p1a: Klefki|Psychic\n|move|p1a: Klefki|Stored Power|p2a: Runerigus\n|-damage|p2a: Runerigus|0 fnt\n|faint|p2a: Runerigus\n|\n|-weather|Snow|[upkeep]\n|upkeep\n|\n|t:|1699943287\n|switch|p2a: Charizard|Charizard, M|100\/100\n|turn|5\n|\n|t:|1699943290\n|detailschange|p2a: Charizard|Charizard-Mega-Y, M\n|-mega|p2a: Charizard|Charizard|Charizardite Y\n|-weather|SunnyDay|[from] ability: Drought|[of] p2a: Charizard\n|move|p2a: Charizard|Flamethrower|p1a: Klefki\n|-damage|p1a: Klefki|0 fnt\n|faint|p1a: Klefki\n|\n|-weather|SunnyDay|[upkeep]\n|upkeep\n|\n|t:|1699943304\n|switch|p1a: Dedenne|Dedenne, M|100\/100\n|turn|6\n|\n|t:|1699943308\n|move|p1a: Dedenne|Nuzzle|p2a: Charizard\n|-supereffective|p2a: Charizard\n|-damage|p2a: Charizard|93\/100\n|-status|p2a: Charizard|par\n|move|p2a: Charizard|Flamethrower|p1a: Dedenne\n|-damage|p1a: Dedenne|0 fnt\n|faint|p1a: Dedenne\n|\n|-weather|SunnyDay|[upkeep]\n|upkeep\n|\n|t:|1699943315\n|switch|p1a: Carbink|Carbink|100\/100\n|turn|7\n|\n|t:|1699943321\n|move|p2a: Charizard|Scorching Sands|p1a: Carbink\n|-supereffective|p1a: Carbink\n|-damage|p1a: Carbink|68\/100\n|-enditem|p1a: Carbink|Weakness Policy\n|-boost|p1a: Carbink|atk|2|[from] item: Weakness Policy\n|-boost|p1a: Carbink|spa|2|[from] item: Weakness Policy\n|move|p1a: Carbink|Stealth Rock|p2a: Charizard\n|-sidestart|p2: Ddash97865|move: Stealth Rock\n|\n|-weather|SunnyDay|[upkeep]\n|upkeep\n|turn|8\n|\n|t:|1699943329\n|move|p2a: Charizard|Scorching Sands|p1a: Carbink\n|-supereffective|p1a: Carbink\n|-damage|p1a: Carbink|36\/100\n|move|p1a: Carbink|Moonblast|p2a: Charizard\n|-resisted|p2a: Charizard\n|-damage|p2a: Charizard|84\/100 par\n|\n|-weather|SunnyDay|[upkeep]\n|-sideend|p2: Ddash97865|move: Aurora Veil\n|upkeep\n|turn|9\n|\n|t:|1699943344\n|move|p2a: Charizard|Scorching Sands|p1a: Carbink\n|-supereffective|p1a: Carbink\n|-damage|p1a: Carbink|2\/100\n|move|p1a: Carbink|Moonblast|p2a: Charizard\n|-resisted|p2a: Charizard\n|-damage|p2a: Charizard|66\/100 par\n|\n|-weather|none\n|upkeep\n|turn|10\n|\n|t:|1699943351\n|cant|p2a: Charizard|par\n|move|p1a: Carbink|Moonblast|p2a: Charizard\n|-resisted|p2a: Charizard\n|-damage|p2a: Charizard|45\/100 par\n|\n|upkeep\n|turn|11\n|\n|t:|1699943354\n|move|p2a: Charizard|Scorching Sands|p1a: Carbink\n|-supereffective|p1a: Carbink\n|-damage|p1a: Carbink|0 fnt\n|faint|p1a: Carbink\n|\n|upkeep\n|\n|t:|1699943360\n|switch|p1a: Litten|Litten, M|100\/100\n|turn|12\n|c|\u2606Ddash97865|no rock move?\n|\n|t:|1699943364\n|move|p1a: Litten|Outrage|p2a: Charizard\n|-damage|p2a: Charizard|7\/100 par\n|move|p2a: Charizard|Scorching Sands|p1a: Litten\n|-supereffective|p1a: Litten\n|-enditem|p1a: Litten|Focus Sash\n|-damage|p1a: Litten|1\/100\n|\n|upkeep\n|turn|13\n|c|\u2606Sly Killdex 2|no\n|\n|t:|1699943373\n|move|p1a: Litten|Outrage|p2a: Charizard|[from]lockedmove\n|-damage|p2a: Charizard|0 fnt\n|faint|p2a: Charizard\n|-start|p1a: Litten|confusion|[fatigue]\n|\n|upkeep\n|c|\u2606Ddash97865|f\n|\n|t:|1699943378\n|switch|p2a: Ninetales|Ninetales-Alola, F|100\/100\n|-damage|p2a: Ninetales|76\/100|[from] Stealth Rock\n|-weather|Snow|[from] ability: Snow Warning|[of] p2a: Ninetales\n|turn|14\n|\n|t:|1699943383\n|move|p2a: Ninetales|Aurora Veil|p2a: Ninetales\n|-sidestart|p2: Ddash97865|move: Aurora Veil\n|-activate|p1a: Litten|confusion\n|move|p1a: Litten|Flare Blitz|p2a: Ninetales\n|-supereffective|p2a: Ninetales\n|-damage|p2a: Ninetales|13\/100\n|-damage|p1a: Litten|0 fnt|[from] Recoil\n|faint|p1a: Litten\n|\n|-weather|Snow|[upkeep]\n|upkeep\n|\n|t:|1699943386\n|switch|p1a: Pumpkaboo|Pumpkaboo-Super, F|100\/100\n|-item|p2a: Ninetales|Light Clay|[from] ability: Frisk|[of] p1a: Pumpkaboo|[identify]\n|turn|15\n|\n|t:|1699943399\n|move|p2a: Ninetales|Ice Beam|p1a: Pumpkaboo\n|-supereffective|p1a: Pumpkaboo\n|-damage|p1a: Pumpkaboo|20\/100\n|move|p1a: Pumpkaboo|Seed Bomb|p2a: Ninetales\n|-damage|p2a: Ninetales|0 fnt\n|faint|p2a: Ninetales\n|\n|-weather|Snow|[upkeep]\n|upkeep\n|\n|t:|1699943409\n|switch|p2a: Espeon|Espeon, F|100\/100\n|-damage|p2a: Espeon|88\/100|[from] Stealth Rock\n|turn|16\n|\n|t:|1699943415\n|-terastallize|p2a: Espeon|Psychic\n|move|p1a: Pumpkaboo|Shadow Sneak|p2a: Espeon\n|-supereffective|p2a: Espeon\n|-damage|p2a: Espeon|59\/100\n|move|p2a: Espeon|Psychic|p1a: Pumpkaboo\n|-damage|p1a: Pumpkaboo|0 fnt\n|faint|p1a: Pumpkaboo\n|\n|-weather|Snow|[upkeep]\n|upkeep\n|\n|t:|1699943420\n|switch|p1a: Sliggoo|Sliggoo, M|100\/100\n|turn|17\n|\n|t:|1699943424\n|move|p2a: Espeon|Psychic|p1a: Sliggoo\n|-damage|p1a: Sliggoo|63\/100\n|move|p1a: Sliggoo|Sludge Bomb|p2a: Espeon\n|-damage|p2a: Espeon|41\/100\n|\n|-weather|Snow|[upkeep]\n|upkeep\n|turn|18\n|\n|t:|1699943431\n|move|p2a: Espeon|Dazzling Gleam|p1a: Sliggoo\n|-supereffective|p1a: Sliggoo\n|-damage|p1a: Sliggoo|20\/100\n|move|p1a: Sliggoo|Sludge Bomb|p2a: Espeon\n|-damage|p2a: Espeon|23\/100\n|\n|-weather|none\n|upkeep\n|turn|19\n|\n|t:|1699943434\n|move|p2a: Espeon|Dazzling Gleam|p1a: Sliggoo\n|-supereffective|p1a: Sliggoo\n|-damage|p1a: Sliggoo|0 fnt\n|faint|p1a: Sliggoo\n|\n|win|Ddash97865\n|raw|Sly Killdex 2's rating: 1060 &rarr; <strong>1038<\/strong><br \/>(-22 for losing)\n|raw|Ddash97865's rating: 1011 &rarr; <strong>1055<\/strong><br \/>(+44 for winning)\n","uploadtime":1699943438,"views":4,"p1id":"slykilldex2","p2id":"ddash97865","formatid":"gen9nationaldex","rating":1038,"private":0,"password":""}