{"id":"gen9nationaldex-1989396197","p1":"mlg_lasagna","p2":"TheMiamiPalaphins","format":"[Gen 9] National Dex","log":"|j|\u2606mlg_lasagna\n|j|\u2606TheMiamiPalaphins\n|t:|1699844912\n|gametype|singles\n|player|p1|mlg_lasagna|lucian|1237\n|player|p2|TheMiamiPalaphins|steven|1268\n|teamsize|p1|6\n|teamsize|p2|6\n|gen|9\n|tier|[Gen 9] National Dex\n|rated|\n|rule|HP Percentage Mod: HP is shown in percentages\n|rule|Endless Battle Clause: Forcing endless battles is banned\n|rule|OHKO Clause: OHKO moves are banned\n|rule|Evasion Clause: Evasion abilities, items, and moves are banned\n|rule|Evasion Abilities Clause: Evasion abilities are banned\n|rule|Evasion Items Clause: Evasion items are banned\n|rule|Evasion Moves Clause: Evasion moves are banned\n|rule|Species Clause: Limit one of each Pok\u00e9mon\n|rule|Sleep Clause Mod: Limit one foe put to sleep\n|clearpoke\n|poke|p1|Raichu-Alola, F|\n|poke|p1|Tapu Koko|\n|poke|p1|Cloyster, F|\n|poke|p1|Iron Valiant|\n|poke|p1|Vaporeon, M|\n|poke|p1|Iron Treads|\n|poke|p2|Venusaur, F|\n|poke|p2|Skeledirge, F|\n|poke|p2|Claydol|\n|poke|p2|Serperior, M|\n|poke|p2|Samurott-Hisui, M|\n|poke|p2|Blissey, F|\n|teampreview\n|inactive|Battle timer is ON: inactive players will automatically lose when time's up. (requested by mlg_lasagna)\n|\n|t:|1699844937\n|start\n|switch|p1a: CupcaKke|Cloyster, F|100\/100\n|switch|p2a: Samurott|Samurott-Hisui, M|100\/100\n|turn|1\n|\n|t:|1699844948\n|switch|p1a: KFC|Tapu Koko|100\/100\n|-fieldstart|move: Electric Terrain|[from] ability: Electric Surge|[of] p1a: KFC\n|move|p2a: Samurott|Sacred Sword|p1a: KFC\n|-resisted|p1a: KFC\n|-damage|p1a: KFC|71\/100\n|\n|upkeep\n|turn|2\n|\n|t:|1699844958\n|switch|p2a: Venusaur|Venusaur, F|100\/100\n|move|p1a: KFC|Volt Switch|p2a: Venusaur\n|-resisted|p2a: Venusaur\n|-damage|p2a: Venusaur|82\/100\n|\n|t:|1699844967\n|switch|p1a: g e n d e r|Iron Valiant|100\/100|[from] Volt Switch\n|-activate|p1a: g e n d e r|ability: Quark Drive\n|-start|p1a: g e n d e r|quarkdrivespe\n|\n|upkeep\n|turn|3\n|\n|t:|1699844985\n|detailschange|p2a: Venusaur|Venusaur-Mega, F\n|-mega|p2a: Venusaur|Venusaur|Venusaurite\n|-terastallize|p1a: g e n d e r|Steel\n|move|p1a: g e n d e r|Swords Dance|p1a: g e n d e r\n|-boost|p1a: g e n d e r|atk|2\n|move|p2a: Venusaur|Sludge Bomb|p1a: g e n d e r\n|-immune|p1a: g e n d e r\n|\n|upkeep\n|turn|4\n|\n|t:|1699845002\n|move|p1a: g e n d e r|Close Combat|p2a: Venusaur\n|-resisted|p2a: Venusaur\n|-damage|p2a: Venusaur|35\/100\n|-unboost|p1a: g e n d e r|def|1\n|-unboost|p1a: g e n d e r|spd|1\n|-damage|p1a: g e n d e r|91\/100|[from] item: Life Orb\n|move|p2a: Venusaur|Leech Seed|p1a: g e n d e r\n|-start|p1a: g e n d e r|move: Leech Seed\n|\n|-damage|p1a: g e n d e r|78\/100|[from] Leech Seed|[of] p2a: Venusaur\n|-heal|p2a: Venusaur|45\/100|[silent]\n|upkeep\n|turn|5\n|\n|t:|1699845012\n|move|p2a: Venusaur|Protect|p2a: Venusaur\n|-singleturn|p2a: Venusaur|Protect\n|move|p1a: g e n d e r|Close Combat|p2a: Venusaur\n|-activate|p2a: Venusaur|move: Protect\n|\n|-damage|p1a: g e n d e r|66\/100|[from] Leech Seed|[of] p2a: Venusaur\n|-heal|p2a: Venusaur|55\/100|[silent]\n|upkeep\n|turn|6\n|\n|t:|1699845023\n|switch|p2a: Skeledirge|Skeledirge, F|100\/100\n|move|p1a: g e n d e r|Close Combat|p2a: Skeledirge\n|-immune|p2a: Skeledirge\n|\n|-damage|p1a: g e n d e r|53\/100|[from] Leech Seed|[of] p2a: Skeledirge\n|upkeep\n|turn|7\n|\n|t:|1699845032\n|switch|p2a: Venusaur|Venusaur-Mega, F|55\/100\n|move|p1a: g e n d e r|Shadow Sneak|p2a: Venusaur\n|-damage|p2a: Venusaur|32\/100\n|-damage|p1a: g e n d e r|44\/100|[from] item: Life Orb\n|\n|-damage|p1a: g e n d e r|31\/100|[from] Leech Seed|[of] p2a: Venusaur\n|-heal|p2a: Venusaur|42\/100|[silent]\n|upkeep\n|turn|8\n|\n|t:|1699845042\n|move|p2a: Venusaur|Protect|p2a: Venusaur\n|-singleturn|p2a: Venusaur|Protect\n|move|p1a: g e n d e r|Swords Dance|p1a: g e n d e r\n|-boost|p1a: g e n d e r|atk|2\n|\n|-damage|p1a: g e n d e r|19\/100|[from] Leech Seed|[of] p2a: Venusaur\n|-heal|p2a: Venusaur|52\/100|[silent]\n|-fieldend|move: Electric Terrain\n|-end|p1a: g e n d e r|Quark Drive\n|upkeep\n|turn|9\n|\n|t:|1699845055\n|move|p1a: g e n d e r|Close Combat|p2a: Venusaur\n|-resisted|p2a: Venusaur\n|-damage|p2a: Venusaur|0 fnt\n|-unboost|p1a: g e n d e r|def|1\n|-unboost|p1a: g e n d e r|spd|1\n|faint|p2a: Venusaur\n|-damage|p1a: g e n d e r|9\/100|[from] item: Life Orb\n|\n|upkeep\n|\n|t:|1699845076\n|switch|p2a: Samurott|Samurott-Hisui, M|100\/100\n|turn|10\n|\n|t:|1699845082\n|switch|p2a: Skeledirge|Skeledirge, F|100\/100\n|move|p1a: g e n d e r|Close Combat|p2a: Skeledirge\n|-immune|p2a: Skeledirge\n|\n|-damage|p1a: g e n d e r|0 fnt|[from] Leech Seed|[of] p2a: Skeledirge\n|faint|p1a: g e n d e r\n|-end|p1a: g e n d e r|Quark Drive|[silent]\n|upkeep\n|\n|t:|1699845090\n|switch|p1a: KFC|Tapu Koko|71\/100\n|-fieldstart|move: Electric Terrain|[from] ability: Electric Surge|[of] p1a: KFC\n|turn|11\n|\n|t:|1699845101\n|switch|p2a: Blissey|Blissey, F|100\/100\n|move|p1a: KFC|Volt Switch|p2a: Blissey\n|-damage|p2a: Blissey|87\/100\n|\n|t:|1699845111\n|switch|p1a: IHOP|Raichu-Alola, F, shiny|100\/100|[from] Volt Switch\n|\n|-heal|p2a: Blissey|93\/100|[from] item: Leftovers\n|upkeep\n|turn|12\n|\n|t:|1699845130\n|move|p1a: IHOP|Calm Mind|p1a: IHOP\n|-boost|p1a: IHOP|spa|1\n|-boost|p1a: IHOP|spd|1\n|move|p2a: Blissey|Stealth Rock|p1a: IHOP\n|-sidestart|p1: mlg_lasagna|move: Stealth Rock\n|\n|-heal|p2a: Blissey|99\/100|[from] item: Leftovers\n|upkeep\n|turn|13\n|\n|t:|1699845137\n|move|p1a: IHOP|Calm Mind|p1a: IHOP\n|-boost|p1a: IHOP|spa|1\n|-boost|p1a: IHOP|spd|1\n|move|p2a: Blissey|Toxic|p1a: IHOP\n|-status|p1a: IHOP|tox\n|\n|-heal|p2a: Blissey|100\/100|[from] item: Leftovers\n|-damage|p1a: IHOP|94\/100 tox|[from] psn\n|upkeep\n|turn|14\n|\n|t:|1699845151\n|switch|p2a: Claydol|Claydol|100\/100\n|move|p1a: IHOP|Rising Voltage|p2a: Claydol\n|-immune|p2a: Claydol\n|\n|-damage|p1a: IHOP|82\/100 tox|[from] psn\n|upkeep\n|turn|15\n|\n|t:|1699845160\n|move|p1a: IHOP|Surf|p2a: Claydol\n|-supereffective|p2a: Claydol\n|-damage|p2a: Claydol|0 fnt\n|faint|p2a: Claydol\n|-damage|p1a: IHOP|72\/100 tox|[from] item: Life Orb\n|\n|-damage|p1a: IHOP|54\/100 tox|[from] psn\n|upkeep\n|\n|t:|1699845173\n|switch|p2a: Blissey|Blissey, F|100\/100\n|turn|16\n|\n|t:|1699845179\n|switch|p1a: Jacob Alpharad|Vaporeon, M|100\/100\n|-damage|p1a: Jacob Alpharad|88\/100|[from] Stealth Rock\n|move|p2a: Blissey|Soft-Boiled||[still]\n|-fail|p2a: Blissey|heal\n|\n|-heal|p1a: Jacob Alpharad|94\/100|[from] item: Leftovers\n|upkeep\n|turn|17\n|\n|t:|1699845186\n|move|p1a: Jacob Alpharad|Heal Bell|p1a: Jacob Alpharad\n|-activate|p1a: Jacob Alpharad|move: Heal Bell\n|-curestatus|p1: IHOP|tox|[msg]\n|move|p2a: Blissey|Toxic|p1a: Jacob Alpharad\n|-status|p1a: Jacob Alpharad|tox\n|\n|-heal|p1a: Jacob Alpharad|100\/100 tox|[from] item: Leftovers\n|-damage|p1a: Jacob Alpharad|94\/100 tox|[from] psn\n|upkeep\n|turn|18\n|\n|t:|1699845197\n|switch|p2a: Serperior|Serperior, M|100\/100\n|move|p1a: Jacob Alpharad|Wish|p1a: Jacob Alpharad\n|\n|-heal|p1a: Jacob Alpharad|100\/100 tox|[from] item: Leftovers\n|-damage|p1a: Jacob Alpharad|88\/100 tox|[from] psn\n|-fieldend|move: Electric Terrain\n|upkeep\n|turn|19\n|\n|t:|1699845219\n|move|p2a: Serperior|Leaf Storm|p1a: Jacob Alpharad\n|-supereffective|p1a: Jacob Alpharad\n|-damage|p1a: Jacob Alpharad|32\/100 tox\n|-boost|p2a: Serperior|spa|2\n|move|p1a: Jacob Alpharad|Hydro Pump|p2a: Serperior\n|-resisted|p2a: Serperior\n|-damage|p2a: Serperior|80\/100\n|\n|-heal|p1a: Jacob Alpharad|82\/100 tox|[from] move: Wish|[wisher] Jacob Alpharad\n|-heal|p2a: Serperior|86\/100|[from] item: Leftovers\n|-heal|p1a: Jacob Alpharad|89\/100 tox|[from] item: Leftovers\n|-damage|p1a: Jacob Alpharad|70\/100 tox|[from] psn\n|upkeep\n|turn|20\n|\n|t:|1699845232\n|move|p2a: Serperior|Leaf Storm|p1a: Jacob Alpharad\n|-supereffective|p1a: Jacob Alpharad\n|-damage|p1a: Jacob Alpharad|0 fnt\n|-boost|p2a: Serperior|spa|2\n|faint|p1a: Jacob Alpharad\n|\n|-heal|p2a: Serperior|93\/100|[from] item: Leftovers\n|upkeep\n|\n|t:|1699845239\n|switch|p1a: KFC|Tapu Koko|71\/100\n|-damage|p1a: KFC|58\/100|[from] Stealth Rock\n|-fieldstart|move: Electric Terrain|[from] ability: Electric Surge|[of] p1a: KFC\n|turn|21\n|\n|t:|1699845245\n|move|p1a: KFC|Brave Bird|p2a: Serperior\n|-supereffective|p2a: Serperior\n|-damage|p2a: Serperior|18\/100\n|-damage|p1a: KFC|33\/100|[from] Recoil\n|move|p2a: Serperior|Leaf Storm|p1a: KFC\n|-damage|p1a: KFC|0 fnt\n|-boost|p2a: Serperior|spa|2\n|faint|p1a: KFC\n|\n|-heal|p2a: Serperior|25\/100|[from] item: Leftovers\n|upkeep\n|\n|t:|1699845256\n|switch|p1a: IHOP|Raichu-Alola, F, shiny|54\/100\n|-damage|p1a: IHOP|41\/100|[from] Stealth Rock\n|turn|22\n|\n|t:|1699845260\n|move|p1a: IHOP|Rising Voltage|p2a: Serperior\n|-hint|Rising Voltage's BP doubled on grounded target.\n|-resisted|p2a: Serperior\n|-damage|p2a: Serperior|0 fnt\n|faint|p2a: Serperior\n|-damage|p1a: IHOP|32\/100|[from] item: Life Orb\n|\n|upkeep\n|\n|t:|1699845269\n|switch|p2a: Blissey|Blissey, F|100\/100\n|turn|23\n|\n|t:|1699845273\n|move|p1a: IHOP|Rising Voltage|p2a: Blissey\n|-hint|Rising Voltage's BP doubled on grounded target.\n|-damage|p2a: Blissey|65\/100\n|-damage|p1a: IHOP|22\/100|[from] item: Life Orb\n|move|p2a: Blissey|Toxic|p1a: IHOP\n|-status|p1a: IHOP|tox\n|\n|-heal|p2a: Blissey|71\/100|[from] item: Leftovers\n|-damage|p1a: IHOP|15\/100 tox|[from] psn\n|upkeep\n|turn|24\n|\n|t:|1699845282\n|move|p1a: IHOP|Rising Voltage|p2a: Blissey\n|-hint|Rising Voltage's BP doubled on grounded target.\n|-damage|p2a: Blissey|33\/100\n|-damage|p1a: IHOP|5\/100 tox|[from] item: Life Orb\n|move|p2a: Blissey|Soft-Boiled|p2a: Blissey\n|-heal|p2a: Blissey|83\/100\n|\n|-heal|p2a: Blissey|89\/100|[from] item: Leftovers\n|-damage|p1a: IHOP|0 fnt|[from] psn\n|faint|p1a: IHOP\n|upkeep\n|\n|t:|1699845292\n|switch|p1a: CupcaKke|Cloyster, F|100\/100\n|-damage|p1a: CupcaKke|76\/100|[from] Stealth Rock\n|turn|25\n|\n|t:|1699845297\n|move|p1a: CupcaKke|Shell Smash|p1a: CupcaKke\n|-unboost|p1a: CupcaKke|def|1\n|-unboost|p1a: CupcaKke|spd|1\n|-boost|p1a: CupcaKke|atk|2\n|-boost|p1a: CupcaKke|spa|2\n|-boost|p1a: CupcaKke|spe|2\n|move|p2a: Blissey|Toxic|p1a: CupcaKke\n|-status|p1a: CupcaKke|tox\n|\n|-heal|p2a: Blissey|95\/100|[from] item: Leftovers\n|-damage|p1a: CupcaKke|69\/100 tox|[from] psn\n|upkeep\n|turn|26\n|\n|t:|1699845307\n|move|p1a: CupcaKke|Shell Smash|p1a: CupcaKke\n|-unboost|p1a: CupcaKke|def|1\n|-unboost|p1a: CupcaKke|spd|1\n|-boost|p1a: CupcaKke|atk|2\n|-boost|p1a: CupcaKke|spa|2\n|-boost|p1a: CupcaKke|spe|2\n|move|p2a: Blissey|Soft-Boiled|p2a: Blissey\n|-heal|p2a: Blissey|100\/100\n|\n|-damage|p1a: CupcaKke|57\/100 tox|[from] psn\n|upkeep\n|turn|27\n|\n|t:|1699845316\n|move|p1a: CupcaKke|Icicle Spear|p2a: Blissey\n|-crit|p2a: Blissey\n|-damage|p2a: Blissey|56\/100\n|-damage|p2a: Blissey|27\/100\n|-damage|p2a: Blissey|0 fnt\n|faint|p2a: Blissey\n|-hitcount|p2: Blissey|3\n|\n|-damage|p1a: CupcaKke|38\/100 tox|[from] psn\n|upkeep\n|\n|t:|1699845324\n|switch|p2a: Samurott|Samurott-Hisui, M|100\/100\n|turn|28\n|\n|t:|1699845328\n|move|p2a: Samurott|Sucker Punch|p1a: CupcaKke\n|-damage|p1a: CupcaKke|0 fnt\n|faint|p1a: CupcaKke\n|\n|-fieldend|move: Electric Terrain\n|upkeep\n|\n|t:|1699845332\n|switch|p1a: Samsung 2|Iron Treads|100\/100\n|-damage|p1a: Samsung 2|97\/100|[from] Stealth Rock\n|turn|29\n|\n|t:|1699845343\n|-terastallize|p2a: Samurott|Water\n|move|p1a: Samsung 2|Iron Head|p2a: Samurott\n|-resisted|p2a: Samurott\n|-damage|p2a: Samurott|78\/100\n|move|p2a: Samurott|Aqua Cutter|p1a: Samsung 2\n|-supereffective|p1a: Samsung 2\n|-damage|p1a: Samsung 2|0 fnt\n|faint|p1a: Samsung 2\n|-end|p1a: Samsung 2|Quark Drive|[silent]\n|\n|win|TheMiamiPalaphins\n|raw|mlg_lasagna's rating: 1237 &rarr; <strong>1214<\/strong><br \/>(-23 for losing)\n|raw|TheMiamiPalaphins's rating: 1268 &rarr; <strong>1291<\/strong><br \/>(+23 for winning)\n|l|\u2606mlg_lasagna\n","uploadtime":1699845361,"views":4,"p1id":"mlglasagna","p2id":"themiamipalaphins","formatid":"gen9nationaldex","rating":1214,"private":0,"password":""}