{"id":"gen9nationaldex-1997830199","p1":"pseudoSavant","p2":"SunAndMoonLesGoooo","format":"[Gen 9] National Dex","log":"|html|<div class=\"broadcast-blue\"><strong>[Gen 9] National Dex is currently suspecting Sneasler! For information on how to participate check out the <a href=\"https:\/\/www.smogon.com\/forums\/threads\/sv-national-dex-suspect-8-just-dance.3731534\/\">suspect thread<\/a>.<\/strong><\/div>\n|j|\u2606pseudoSavant\n|j|\u2606SunAndMoonLesGoooo\n|t:|1700857316\n|gametype|singles\n|player|p1|pseudoSavant|blackbelt-gen4dp|1113\n|player|p2|SunAndMoonLesGoooo|101|1000\n|teamsize|p1|6\n|teamsize|p2|6\n|gen|9\n|tier|[Gen 9] National Dex\n|rated|\n|rule|HP Percentage Mod: HP is shown in percentages\n|rule|Endless Battle Clause: Forcing endless battles is banned\n|rule|OHKO Clause: OHKO moves are banned\n|rule|Evasion Clause: Evasion abilities, items, and moves are banned\n|rule|Evasion Abilities Clause: Evasion abilities are banned\n|rule|Evasion Items Clause: Evasion items are banned\n|rule|Evasion Moves Clause: Evasion moves are banned\n|rule|Species Clause: Limit one of each Pok\u00e9mon\n|rule|Sleep Clause Mod: Limit one foe put to sleep\n|clearpoke\n|poke|p1|Charizard, M|\n|poke|p1|Blastoise, M|\n|poke|p1|Venusaur, M|\n|poke|p1|Snorlax, M|\n|poke|p1|Pikachu, M|\n|poke|p1|Espeon, M|\n|poke|p2|Toucannon, M|\n|poke|p2|Bewear, M|\n|poke|p2|Kommo-o, F|\n|poke|p2|Pyukumuku, F|\n|poke|p2|Decidueye, F|\n|poke|p2|Salazzle, F|\n|teampreview\n|\n|t:|1700857330\n|start\n|switch|p1a: Espeon|Espeon, M|100\/100\n|switch|p2a: White gal jumpscar|Salazzle, F, shiny|100\/100\n|turn|1\n|\n|t:|1700857342\n|switch|p2a: Emo|Decidueye, F, shiny|100\/100\n|move|p1a: Espeon|Light Screen|p1a: Espeon\n|-sidestart|p1: pseudoSavant|move: Light Screen\n|\n|upkeep\n|turn|2\n|\n|t:|1700857356\n|move|p1a: Espeon|Reflect|p1a: Espeon\n|-sidestart|p1: pseudoSavant|Reflect\n|move|p2a: Emo|Spirit Shackle|p1a: Espeon\n|-supereffective|p1a: Espeon\n|-damage|p1a: Espeon|53\/100\n|-activate|p1a: Espeon|trapped\n|\n|upkeep\n|turn|3\n|\n|t:|1700857364\n|move|p1a: Espeon|Yawn|p2a: Emo\n|-start|p2a: Emo|move: Yawn|[of] p1a: Espeon\n|move|p2a: Emo|Toxic|p1a: Espeon\n|move|p1a: Espeon|Toxic|p2a: Emo|[from]ability: Magic Bounce\n|-status|p2a: Emo|tox\n|\n|-damage|p2a: Emo|94\/100 tox|[from] psn\n|upkeep\n|turn|4\n|\n|t:|1700857383\n|switch|p2a: Bisexual|Toucannon, M, shiny|100\/100\n|move|p1a: Espeon|Dazzling Gleam|p2a: Bisexual\n|-damage|p2a: Bisexual|74\/100\n|\n|upkeep\n|turn|5\n|c|\u2606pseudoSavant|interesting names\n|\n|t:|1700857435\n|switch|p1a: Snorlax|Snorlax, M|100\/100\n|move|p2a: Bisexual|Knock Off|p1a: Snorlax\n|-damage|p1a: Snorlax|87\/100\n|-enditem|p1a: Snorlax|Leftovers|[from] move: Knock Off|[of] p2a: Bisexual\n|\n|upkeep\n|turn|6\n|\n|t:|1700857456\n|switch|p2a: Emo|Decidueye, F, shiny|94\/100 tox\n|move|p1a: Snorlax|Curse|p1a: Snorlax\n|-unboost|p1a: Snorlax|spe|1\n|-boost|p1a: Snorlax|atk|1\n|-boost|p1a: Snorlax|def|1\n|\n|-heal|p2a: Emo|100\/100 tox|[from] item: Leftovers\n|-damage|p2a: Emo|94\/100 tox|[from] psn\n|upkeep\n|turn|7\n|\n|t:|1700857476\n|move|p2a: Emo|Toxic|p1a: Snorlax\n|-status|p1a: Snorlax|tox\n|move|p1a: Snorlax|Crunch|p2a: Emo\n|-supereffective|p2a: Emo\n|-damage|p2a: Emo|20\/100 tox\n|\n|-heal|p2a: Emo|26\/100 tox|[from] item: Leftovers\n|-damage|p2a: Emo|14\/100 tox|[from] psn\n|-damage|p1a: Snorlax|81\/100 tox|[from] psn\n|upkeep\n|turn|8\n|\n|t:|1700857498\n|switch|p2a: Golden Freddy|Bewear, M, shiny|100\/100\n|move|p1a: Snorlax|Rest|p1a: Snorlax\n|-status|p1a: Snorlax|slp|[from] move: Rest\n|-heal|p1a: Snorlax|100\/100 slp|[silent]\n|\n|-sideend|p1: pseudoSavant|move: Light Screen\n|upkeep\n|turn|9\n|\n|t:|1700857523\n|switch|p1a: Venusaur|Venusaur, M|100\/100\n|move|p2a: Golden Freddy|Swords Dance|p2a: Golden Freddy\n|-boost|p2a: Golden Freddy|atk|2\n|\n|-sideend|p1: pseudoSavant|Reflect\n|upkeep\n|turn|10\n|\n|t:|1700857537\n|move|p1a: Venusaur|Sleep Powder|p2a: Golden Freddy\n|-status|p2a: Golden Freddy|slp|[from] move: Sleep Powder\n|cant|p2a: Golden Freddy|slp\n|\n|upkeep\n|turn|11\n|\n|t:|1700857547\n|switch|p1a: Espeon|Espeon, M|53\/100\n|-curestatus|p2a: Golden Freddy|slp|[msg]\n|move|p2a: Golden Freddy|Shadow Claw|p1a: Espeon\n|-supereffective|p1a: Espeon\n|-damage|p1a: Espeon|0 fnt\n|faint|p1a: Espeon\n|\n|upkeep\n|\n|t:|1700857571\n|switch|p1a: Blastoise|Blastoise, M|100\/100\n|turn|12\n|\n|t:|1700857577\n|move|p2a: Golden Freddy|Double-Edge|p1a: Blastoise\n|-damage|p1a: Blastoise|0 fnt\n|faint|p1a: Blastoise\n|-damage|p2a: Golden Freddy|69\/100|[from] Recoil\n|\n|upkeep\n|\n|t:|1700857594\n|switch|p1a: Pikachu|Pikachu, M|100\/100\n|turn|13\n|\n|t:|1700857598\n|move|p1a: Pikachu|Fake Out|p2a: Golden Freddy\n|-damage|p2a: Golden Freddy|63\/100\n|cant|p2a: Golden Freddy|flinch\n|\n|upkeep\n|turn|14\n|\n|t:|1700857612\n|move|p1a: Pikachu|Thunderbolt|p2a: Golden Freddy\n|-damage|p2a: Golden Freddy|0 fnt\n|faint|p2a: Golden Freddy\n|\n|upkeep\n|\n|t:|1700857618\n|switch|p2a: Emo|Decidueye, F, shiny|14\/100 tox\n|turn|15\n|\n|t:|1700857630\n|move|p1a: Pikachu|Hidden Power|p2a: Emo\n|-supereffective|p2a: Emo\n|-damage|p2a: Emo|0 fnt\n|faint|p2a: Emo\n|\n|upkeep\n|\n|t:|1700857642\n|switch|p2a: White gal jumpscar|Salazzle, F, shiny|100\/100\n|turn|16\n|\n|t:|1700857689\n|switch|p1a: Snorlax|Snorlax, M|100\/100 slp\n|move|p2a: White gal jumpscar|Flamethrower|p1a: Snorlax\n|-damage|p1a: Snorlax|87\/100 slp\n|\n|upkeep\n|turn|17\n|\n|t:|1700857699\n|switch|p2a: Barney|Kommo-o, F, shiny|100\/100\n|cant|p1a: Snorlax|slp\n|\n|upkeep\n|turn|18\n|\n|t:|1700857742\n|switch|p1a: Venusaur|Venusaur, M|100\/100\n|move|p2a: Barney|Clangorous Soul|p2a: Barney\n|-boost|p2a: Barney|atk|1\n|-boost|p2a: Barney|def|1\n|-boost|p2a: Barney|spa|1\n|-boost|p2a: Barney|spd|1\n|-boost|p2a: Barney|spe|1\n|-damage|p2a: Barney|68\/100\n|\n|-heal|p2a: Barney|74\/100|[from] item: Leftovers\n|upkeep\n|turn|19\n|\n|t:|1700857765\n|move|p2a: Barney|Flamethrower|p1a: Venusaur\n|-supereffective|p1a: Venusaur\n|-damage|p1a: Venusaur|18\/100\n|move|p1a: Venusaur|Sleep Powder|p2a: Barney\n|-status|p2a: Barney|slp|[from] move: Sleep Powder\n|\n|-heal|p2a: Barney|80\/100 slp|[from] item: Leftovers\n|-heal|p1a: Venusaur|24\/100|[from] item: Leftovers\n|upkeep\n|turn|20\n|\n|t:|1700857815\n|switch|p1a: Pikachu|Pikachu, M|100\/100\n|cant|p2a: Barney|slp\n|\n|-heal|p2a: Barney|86\/100 slp|[from] item: Leftovers\n|upkeep\n|turn|21\n|\n|t:|1700857828\n|move|p1a: Pikachu|Fake Out|p2a: Barney\n|-damage|p2a: Barney|79\/100 slp\n|cant|p2a: Barney|slp\n|\n|-heal|p2a: Barney|85\/100 slp|[from] item: Leftovers\n|upkeep\n|turn|22\n|\n|t:|1700857837\n|cant|p2a: Barney|slp\n|move|p1a: Pikachu|Hidden Power|p2a: Barney\n|-supereffective|p2a: Barney\n|-damage|p2a: Barney|52\/100 slp\n|\n|-heal|p2a: Barney|58\/100 slp|[from] item: Leftovers\n|upkeep\n|turn|23\n|\n|t:|1700857848\n|-curestatus|p2a: Barney|slp|[msg]\n|move|p2a: Barney|Drain Punch|p1a: Pikachu\n|-damage|p1a: Pikachu|0 fnt\n|-heal|p2a: Barney|95\/100|[from] drain|[of] p1a: Pikachu\n|faint|p1a: Pikachu\n|\n|-heal|p2a: Barney|100\/100|[from] item: Leftovers\n|upkeep\n|\n|t:|1700857864\n|switch|p1a: Venusaur|Venusaur, M|24\/100\n|turn|24\n|\n|t:|1700857875\n|switch|p1a: Snorlax|Snorlax, M|87\/100 slp\n|move|p2a: Barney|Flamethrower|p1a: Snorlax\n|-damage|p1a: Snorlax|77\/100 slp\n|\n|upkeep\n|turn|25\n|\n|t:|1700857955\n|-terastallize|p1a: Snorlax|Fairy\n|move|p2a: Barney|Clangorous Soul|p2a: Barney\n|-boost|p2a: Barney|atk|1\n|-boost|p2a: Barney|def|1\n|-boost|p2a: Barney|spa|1\n|-boost|p2a: Barney|spd|1\n|-boost|p2a: Barney|spe|1\n|-damage|p2a: Barney|68\/100\n|cant|p1a: Snorlax|slp\n|\n|-heal|p2a: Barney|74\/100|[from] item: Leftovers\n|upkeep\n|turn|26\n|\n|t:|1700857971\n|move|p2a: Barney|Flamethrower|p1a: Snorlax\n|-damage|p1a: Snorlax|62\/100 slp\n|-curestatus|p1a: Snorlax|slp|[msg]\n|move|p1a: Snorlax|Curse|p1a: Snorlax\n|-unboost|p1a: Snorlax|spe|1\n|-boost|p1a: Snorlax|atk|1\n|-boost|p1a: Snorlax|def|1\n|\n|-heal|p2a: Barney|80\/100|[from] item: Leftovers\n|upkeep\n|turn|27\n|\n|t:|1700857987\n|move|p2a: Barney|Flamethrower|p1a: Snorlax\n|-damage|p1a: Snorlax|47\/100\n|move|p1a: Snorlax|Body Slam|p2a: Barney\n|-damage|p2a: Barney|49\/100\n|\n|-heal|p2a: Barney|55\/100|[from] item: Leftovers\n|upkeep\n|turn|28\n|\n|t:|1700858006\n|move|p2a: Barney|Flamethrower|p1a: Snorlax\n|-damage|p1a: Snorlax|34\/100\n|move|p1a: Snorlax|Curse|p1a: Snorlax\n|-unboost|p1a: Snorlax|spe|1\n|-boost|p1a: Snorlax|atk|1\n|-boost|p1a: Snorlax|def|1\n|\n|-heal|p2a: Barney|61\/100|[from] item: Leftovers\n|upkeep\n|turn|29\n|\n|t:|1700858018\n|move|p2a: Barney|Flamethrower|p1a: Snorlax\n|-crit|p1a: Snorlax\n|-damage|p1a: Snorlax|12\/100\n|move|p1a: Snorlax|Rest|p1a: Snorlax\n|-status|p1a: Snorlax|slp|[from] move: Rest\n|-heal|p1a: Snorlax|100\/100 slp|[silent]\n|\n|-heal|p2a: Barney|68\/100|[from] item: Leftovers\n|upkeep\n|turn|30\n|\n|t:|1700858034\n|move|p2a: Barney|Clangorous Soul|p2a: Barney\n|-boost|p2a: Barney|atk|1\n|-boost|p2a: Barney|def|1\n|-boost|p2a: Barney|spa|1\n|-boost|p2a: Barney|spd|1\n|-boost|p2a: Barney|spe|1\n|-damage|p2a: Barney|35\/100\n|cant|p1a: Snorlax|slp\n|\n|-heal|p2a: Barney|41\/100|[from] item: Leftovers\n|upkeep\n|turn|31\n|\n|t:|1700858046\n|move|p2a: Barney|Flamethrower|p1a: Snorlax\n|-crit|p1a: Snorlax\n|-damage|p1a: Snorlax|76\/100 slp\n|cant|p1a: Snorlax|slp\n|\n|-heal|p2a: Barney|47\/100|[from] item: Leftovers\n|upkeep\n|turn|32\n|\n|t:|1700858057\n|move|p2a: Barney|Flamethrower|p1a: Snorlax\n|-damage|p1a: Snorlax|59\/100 slp\n|-curestatus|p1a: Snorlax|slp|[msg]\n|move|p1a: Snorlax|Body Slam|p2a: Barney\n|-damage|p2a: Barney|13\/100\n|\n|-heal|p2a: Barney|19\/100|[from] item: Leftovers\n|upkeep\n|turn|33\n|\n|t:|1700858067\n|move|p2a: Barney|Flamethrower|p1a: Snorlax\n|-damage|p1a: Snorlax|43\/100\n|move|p1a: Snorlax|Curse|p1a: Snorlax\n|-unboost|p1a: Snorlax|spe|1\n|-boost|p1a: Snorlax|atk|1\n|-boost|p1a: Snorlax|def|1\n|\n|-heal|p2a: Barney|25\/100|[from] item: Leftovers\n|upkeep\n|turn|34\n|\n|t:|1700858082\n|move|p2a: Barney|Flamethrower|p1a: Snorlax\n|-damage|p1a: Snorlax|26\/100\n|move|p1a: Snorlax|Rest|p1a: Snorlax\n|-status|p1a: Snorlax|slp|[from] move: Rest\n|-heal|p1a: Snorlax|100\/100 slp|[silent]\n|\n|-heal|p2a: Barney|31\/100|[from] item: Leftovers\n|upkeep\n|turn|35\n|\n|t:|1700858101\n|move|p2a: Barney|Flamethrower|p1a: Snorlax\n|-damage|p1a: Snorlax|84\/100 slp\n|cant|p1a: Snorlax|slp\n|\n|-heal|p2a: Barney|38\/100|[from] item: Leftovers\n|upkeep\n|turn|36\n|\n|t:|1700858110\n|move|p2a: Barney|Flamethrower|p1a: Snorlax\n|-damage|p1a: Snorlax|66\/100 slp\n|cant|p1a: Snorlax|slp\n|\n|-heal|p2a: Barney|44\/100|[from] item: Leftovers\n|upkeep\n|turn|37\n|\n|t:|1700858119\n|move|p2a: Barney|Flamethrower|p1a: Snorlax\n|-damage|p1a: Snorlax|48\/100 slp\n|-curestatus|p1a: Snorlax|slp|[msg]\n|move|p1a: Snorlax|Body Slam|p2a: Barney\n|-damage|p2a: Barney|2\/100\n|-status|p2a: Barney|par\n|\n|-heal|p2a: Barney|8\/100 par|[from] item: Leftovers\n|upkeep\n|turn|38\n|\n|t:|1700858133\n|move|p2a: Barney|Flamethrower|p1a: Snorlax\n|-damage|p1a: Snorlax|31\/100\n|move|p1a: Snorlax|Body Slam|p2a: Barney\n|-damage|p2a: Barney|0 fnt\n|faint|p2a: Barney\n|\n|upkeep\n|\n|t:|1700858142\n|switch|p2a: White gal jumpscar|Salazzle, F, shiny|100\/100\n|turn|39\n|\n|t:|1700858159\n|move|p2a: White gal jumpscar|Venoshock|p1a: Snorlax\n|-supereffective|p1a: Snorlax\n|-damage|p1a: Snorlax|0 fnt\n|faint|p1a: Snorlax\n|\n|upkeep\n|\n|t:|1700858172\n|switch|p1a: Venusaur|Venusaur, M|24\/100\n|turn|40\n|\n|t:|1700858179\n|move|p1a: Venusaur|Protect|p1a: Venusaur\n|-singleturn|p1a: Venusaur|Protect\n|move|p2a: White gal jumpscar|Toxic|p1a: Venusaur\n|-activate|p1a: Venusaur|move: Protect\n|\n|-heal|p1a: Venusaur|30\/100|[from] item: Leftovers\n|upkeep\n|turn|41\n|\n|t:|1700858190\n|move|p2a: White gal jumpscar|Toxic|p1a: Venusaur\n|-status|p1a: Venusaur|tox\n|move|p1a: Venusaur|Sleep Powder|p2a: White gal jumpscar\n|-status|p2a: White gal jumpscar|slp|[from] move: Sleep Powder\n|\n|-heal|p1a: Venusaur|36\/100 tox|[from] item: Leftovers\n|-damage|p1a: Venusaur|30\/100 tox|[from] psn\n|upkeep\n|turn|42\n|\n|t:|1700858204\n|cant|p2a: White gal jumpscar|slp\n|move|p1a: Venusaur|Earth Power|p2a: White gal jumpscar\n|-supereffective|p2a: White gal jumpscar\n|-enditem|p2a: White gal jumpscar|Focus Sash\n|-damage|p2a: White gal jumpscar|1\/100 slp\n|\n|-heal|p1a: Venusaur|36\/100 tox|[from] item: Leftovers\n|-damage|p1a: Venusaur|24\/100 tox|[from] psn\n|upkeep\n|turn|43\n|\n|t:|1700858223\n|cant|p2a: White gal jumpscar|slp\n|move|p1a: Venusaur|Sludge Bomb|p2a: White gal jumpscar\n|-resisted|p2a: White gal jumpscar\n|-damage|p2a: White gal jumpscar|0 fnt\n|faint|p2a: White gal jumpscar\n|\n|-heal|p1a: Venusaur|30\/100 tox|[from] item: Leftovers\n|-damage|p1a: Venusaur|12\/100 tox|[from] psn\n|upkeep\n|\n|t:|1700858236\n|switch|p2a: puke my gutzz 0_o|Pyukumuku, F|100\/100\n|turn|44\n|\n|t:|1700858249\n|move|p1a: Venusaur|Sleep Powder|p2a: puke my gutzz 0_o\n|-status|p2a: puke my gutzz 0_o|slp|[from] move: Sleep Powder\n|cant|p2a: puke my gutzz 0_o|slp\n|\n|-heal|p1a: Venusaur|18\/100 tox|[from] item: Leftovers\n|-damage|p1a: Venusaur|0 fnt|[from] psn\n|faint|p1a: Venusaur\n|upkeep\n|\n|t:|1700858260\n|switch|p1a: Charizard|Charizard, M|100\/100\n|turn|45\n|\n|t:|1700858268\n|detailschange|p1a: Charizard|Charizard-Mega-Y, M\n|-mega|p1a: Charizard|Charizard|Charizardite Y\n|-weather|SunnyDay|[from] ability: Drought|[of] p1a: Charizard\n|move|p1a: Charizard|Solar Beam||[still]\n|-prepare|p1a: Charizard|Solar Beam\n|-anim|p1a: Charizard|Solar Beam|p2a: puke my gutzz 0_o\n|-supereffective|p2a: puke my gutzz 0_o\n|-damage|p2a: puke my gutzz 0_o|25\/100 slp\n|-curestatus|p2a: puke my gutzz 0_o|slp|[msg]\n|move|p2a: puke my gutzz 0_o|Mirror Coat|p1a: Charizard\n|-damage|p1a: Charizard|0 fnt\n|faint|p1a: Charizard\n|\n|win|SunAndMoonLesGoooo\n|raw|pseudoSavant's rating: 1113 &rarr; <strong>1080<\/strong><br \/>(-33 for losing)\n|raw|SunAndMoonLesGoooo's rating: 1000 &rarr; <strong>1053<\/strong><br \/>(+53 for winning)\n|c|\u2606pseudoSavant|gg\n","uploadtime":1700858283,"views":2,"p1id":"pseudosavant","p2id":"sunandmoonlesgoooo","formatid":"gen9nationaldex","rating":1053,"private":0,"password":""}