{"id":"gen9nationaldex-1991661051","p1":"enenooxx3","p2":"Osgar","format":"[Gen 9] National Dex","log":"|j|\u2606enenooxx3\n|j|\u2606Osgar\n|t:|1700099679\n|gametype|singles\n|player|p1|enenooxx3|beauty-gen4dp|1614\n|player|p2|Osgar|giovanni|1605\n|teamsize|p1|6\n|teamsize|p2|6\n|gen|9\n|tier|[Gen 9] National Dex\n|rated|\n|rule|HP Percentage Mod: HP is shown in percentages\n|rule|Endless Battle Clause: Forcing endless battles is banned\n|rule|OHKO Clause: OHKO moves are banned\n|rule|Evasion Clause: Evasion abilities, items, and moves are banned\n|rule|Evasion Abilities Clause: Evasion abilities are banned\n|rule|Evasion Items Clause: Evasion items are banned\n|rule|Evasion Moves Clause: Evasion moves are banned\n|rule|Species Clause: Limit one of each Pok\u00e9mon\n|rule|Sleep Clause Mod: Limit one foe put to sleep\n|clearpoke\n|poke|p1|Hatterene, F|\n|poke|p1|Sinistcha|\n|poke|p1|Garchomp, M|\n|poke|p1|Zapdos-Galar|\n|poke|p1|Corviknight, M|\n|poke|p1|Tyranitar, M|\n|poke|p2|Torkoal, F|\n|poke|p2|Charizard, M|\n|poke|p2|Sandy Shocks|\n|poke|p2|Ting-Lu|\n|poke|p2|Lilligant-Hisui, F|\n|poke|p2|Scrafty, F|\n|teampreview\n|inactive|Battle timer is ON: inactive players will automatically lose when time's up. (requested by enenooxx3)\n|\n|t:|1700099693\n|start\n|switch|p1a: Garchomp|Garchomp, M|100\/100\n|switch|p2a: Charizard|Charizard, M|100\/100\n|turn|1\n|\n|t:|1700099700\n|switch|p2a: Ting-Lu|Ting-Lu|100\/100\n|-ability|p2a: Ting-Lu|Vessel of Ruin\n|move|p1a: Garchomp|Stealth Rock|p2a: Ting-Lu\n|-sidestart|p2: Osgar|move: Stealth Rock\n|\n|upkeep\n|turn|2\n|\n|t:|1700099703\n|switch|p1a: Hatterene|Hatterene, F|100\/100\n|move|p2a: Ting-Lu|Spikes|p1a: Hatterene\n|move|p1a: Hatterene|Spikes|p2a: Ting-Lu|[from]ability: Magic Bounce\n|-sidestart|p2: Osgar|Spikes\n|\n|upkeep\n|turn|3\n|\n|t:|1700099710\n|move|p2a: Ting-Lu|Earthquake|p1a: Hatterene\n|-crit|p1a: Hatterene\n|-damage|p1a: Hatterene|56\/100\n|move|p1a: Hatterene|Draining Kiss|p2a: Ting-Lu\n|-supereffective|p2a: Ting-Lu\n|-damage|p2a: Ting-Lu|83\/100\n|-heal|p1a: Hatterene|78\/100|[from] drain|[of] p2a: Ting-Lu\n|\n|-heal|p2a: Ting-Lu|89\/100|[from] item: Leftovers\n|-heal|p1a: Hatterene|84\/100|[from] item: Leftovers\n|upkeep\n|turn|4\n|\n|t:|1700099717\n|-terastallize|p2a: Ting-Lu|Poison\n|move|p2a: Ting-Lu|Earthquake|p1a: Hatterene\n|-damage|p1a: Hatterene|50\/100\n|move|p1a: Hatterene|Calm Mind|p1a: Hatterene\n|-boost|p1a: Hatterene|spa|1\n|-boost|p1a: Hatterene|spd|1\n|\n|-heal|p2a: Ting-Lu|95\/100|[from] item: Leftovers\n|-heal|p1a: Hatterene|56\/100|[from] item: Leftovers\n|upkeep\n|turn|5\n|inactive|enenooxx3 has 120 seconds left.\n|\n|t:|1700099748\n|move|p2a: Ting-Lu|Earthquake|p1a: Hatterene\n|-damage|p1a: Hatterene|23\/100\n|move|p1a: Hatterene|Psyshock|p2a: Ting-Lu\n|-supereffective|p2a: Ting-Lu\n|-damage|p2a: Ting-Lu|54\/100\n|\n|-heal|p2a: Ting-Lu|60\/100|[from] item: Leftovers\n|-heal|p1a: Hatterene|29\/100|[from] item: Leftovers\n|upkeep\n|turn|6\n|inactive|enenooxx3 has 120 seconds left.\n|\n|t:|1700099762\n|switch|p1a: Garchomp|Garchomp, M|100\/100\n|move|p2a: Ting-Lu|Earthquake|p1a: Garchomp\n|-damage|p1a: Garchomp|72\/100\n|\n|-heal|p2a: Ting-Lu|67\/100|[from] item: Leftovers\n|upkeep\n|turn|7\n|\n|t:|1700099767\n|move|p1a: Garchomp|Earthquake|p2a: Ting-Lu\n|-supereffective|p2a: Ting-Lu\n|-damage|p2a: Ting-Lu|17\/100\n|move|p2a: Ting-Lu|Earthquake|p1a: Garchomp\n|-damage|p1a: Garchomp|42\/100\n|\n|-heal|p2a: Ting-Lu|23\/100|[from] item: Leftovers\n|upkeep\n|turn|8\n|\n|t:|1700099773\n|move|p1a: Garchomp|Earthquake|p2a: Ting-Lu\n|-supereffective|p2a: Ting-Lu\n|-damage|p2a: Ting-Lu|0 fnt\n|faint|p2a: Ting-Lu\n|\n|upkeep\n|\n|t:|1700099787\n|switch|p2a: Scrafty|Scrafty, F|100\/100\n|-damage|p2a: Scrafty|95\/100|[from] Stealth Rock\n|-damage|p2a: Scrafty|82\/100|[from] Spikes\n|turn|9\n|\n|t:|1700099794\n|switch|p1a: Corviknight|Corviknight, M|100\/100\n|-ability|p1a: Corviknight|Pressure\n|move|p2a: Scrafty|Knock Off|p1a: Corviknight\n|-damage|p1a: Corviknight|82\/100\n|-damage|p2a: Scrafty|66\/100|[from] item: Rocky Helmet|[of] p1a: Corviknight\n|-enditem|p1a: Corviknight|Rocky Helmet|[from] move: Knock Off|[of] p2a: Scrafty\n|\n|upkeep\n|turn|10\n|\n|t:|1700099802\n|switch|p2a: Torkoal|Torkoal, F|100\/100\n|-damage|p2a: Torkoal|75\/100|[from] Stealth Rock\n|-damage|p2a: Torkoal|63\/100|[from] Spikes\n|-weather|SunnyDay|[from] ability: Drought|[of] p2a: Torkoal\n|move|p1a: Corviknight|U-turn|p2a: Torkoal\n|-resisted|p2a: Torkoal\n|-damage|p2a: Torkoal|59\/100\n|\n|t:|1700099805\n|switch|p1a: Tyranitar|Tyranitar, M|100\/100|[from] U-turn\n|-weather|Sandstorm|[from] ability: Sand Stream|[of] p1a: Tyranitar\n|\n|-weather|Sandstorm|[upkeep]\n|-damage|p2a: Torkoal|53\/100|[from] Sandstorm\n|upkeep\n|turn|11\n|\n|t:|1700099813\n|move|p1a: Tyranitar|Stone Edge|p2a: Torkoal|[miss]\n|-miss|p1a: Tyranitar|p2a: Torkoal\n|move|p2a: Torkoal|Rapid Spin|p1a: Tyranitar\n|-resisted|p1a: Tyranitar\n|-damage|p1a: Tyranitar|96\/100\n|-boost|p2a: Torkoal|spe|1\n|-sideend|p2: Osgar|Spikes|[from] move: Rapid Spin|[of] p2a: Torkoal\n|-sideend|p2: Osgar|Stealth Rock|[from] move: Rapid Spin|[of] p2a: Torkoal\n|\n|-weather|Sandstorm|[upkeep]\n|-damage|p2a: Torkoal|47\/100|[from] Sandstorm\n|upkeep\n|turn|12\n|\n|t:|1700099820\n|switch|p2a: Scrafty|Scrafty, F|66\/100\n|move|p1a: Tyranitar|Knock Off|p2a: Scrafty\n|-resisted|p2a: Scrafty\n|-damage|p2a: Scrafty|52\/100\n|-enditem|p2a: Scrafty|Covert Cloak|[from] move: Knock Off|[of] p1a: Tyranitar\n|\n|-weather|Sandstorm|[upkeep]\n|-damage|p2a: Scrafty|46\/100|[from] Sandstorm\n|upkeep\n|turn|13\n|\n|t:|1700099827\n|switch|p1a: Garchomp|Garchomp, M|42\/100\n|move|p2a: Scrafty|Rest|p2a: Scrafty\n|-status|p2a: Scrafty|slp|[from] move: Rest\n|-heal|p2a: Scrafty|100\/100 slp|[silent]\n|\n|-weather|Sandstorm|[upkeep]\n|-damage|p2a: Scrafty|95\/100 slp|[from] Sandstorm\n|upkeep\n|turn|14\n|\n|t:|1700099837\n|switch|p2a: Charizard|Charizard, M|100\/100\n|move|p1a: Garchomp|Stealth Rock|p2a: Charizard\n|-sidestart|p2: Osgar|move: Stealth Rock\n|\n|-weather|none\n|upkeep\n|turn|15\n|\n|t:|1700099852\n|detailschange|p2a: Charizard|Charizard-Mega-Y, M\n|-mega|p2a: Charizard|Charizard|Charizardite Y\n|-weather|SunnyDay|[from] ability: Drought|[of] p2a: Charizard\n|move|p2a: Charizard|Weather Ball|p1a: Garchomp\n|-resisted|p1a: Garchomp\n|-damage|p1a: Garchomp|0 fnt\n|faint|p1a: Garchomp\n|\n|-weather|SunnyDay|[upkeep]\n|upkeep\n|\n|t:|1700099854\n|switch|p1a: Tyranitar|Tyranitar, M|96\/100\n|-weather|Sandstorm|[from] ability: Sand Stream|[of] p1a: Tyranitar\n|turn|16\n|\n|t:|1700099869\n|switch|p2a: Scrafty|Scrafty, F|95\/100 slp\n|-damage|p2a: Scrafty|89\/100 slp|[from] Stealth Rock\n|move|p1a: Tyranitar|Stone Edge|p2a: Scrafty\n|-resisted|p2a: Scrafty\n|-damage|p2a: Scrafty|62\/100 slp\n|\n|-weather|Sandstorm|[upkeep]\n|-damage|p2a: Scrafty|56\/100 slp|[from] Sandstorm\n|upkeep\n|turn|17\n|\n|t:|1700099876\n|switch|p1a: Hatterene|Hatterene, F|29\/100\n|cant|p2a: Scrafty|slp\n|\n|-weather|Sandstorm|[upkeep]\n|-damage|p2a: Scrafty|50\/100 slp|[from] Sandstorm\n|-damage|p1a: Hatterene|23\/100|[from] Sandstorm\n|-heal|p1a: Hatterene|29\/100|[from] item: Leftovers\n|upkeep\n|turn|18\n|\n|t:|1700099880\n|switch|p2a: Charizard|Charizard-Mega-Y, M|100\/100\n|-damage|p2a: Charizard|51\/100|[from] Stealth Rock\n|-weather|SunnyDay|[from] ability: Drought|[of] p2a: Charizard\n|move|p1a: Hatterene|Draining Kiss|p2a: Charizard\n|-resisted|p2a: Charizard\n|-damage|p2a: Charizard|39\/100\n|-heal|p1a: Hatterene|37\/100|[from] drain|[of] p2a: Charizard\n|\n|-weather|SunnyDay|[upkeep]\n|-heal|p1a: Hatterene|43\/100|[from] item: Leftovers\n|upkeep\n|turn|19\n|\n|t:|1700099904\n|switch|p1a: Tyranitar|Tyranitar, M|96\/100\n|-weather|Sandstorm|[from] ability: Sand Stream|[of] p1a: Tyranitar\n|move|p2a: Charizard|Weather Ball|p1a: Tyranitar\n|-damage|p1a: Tyranitar|69\/100\n|\n|-weather|Sandstorm|[upkeep]\n|-damage|p2a: Charizard|33\/100|[from] Sandstorm\n|upkeep\n|turn|20\n|\n|t:|1700099923\n|move|p2a: Charizard|Scorching Sands|p1a: Tyranitar\n|-supereffective|p1a: Tyranitar\n|-damage|p1a: Tyranitar|31\/100\n|move|p1a: Tyranitar|Dragon Dance|p1a: Tyranitar\n|-boost|p1a: Tyranitar|atk|1\n|-boost|p1a: Tyranitar|spe|1\n|\n|-weather|Sandstorm|[upkeep]\n|-damage|p2a: Charizard|27\/100|[from] Sandstorm\n|upkeep\n|turn|21\n|\n|t:|1700099942\n|move|p1a: Tyranitar|Knock Off|p2a: Charizard\n|-damage|p2a: Charizard|0 fnt\n|faint|p2a: Charizard\n|\n|-weather|Sandstorm|[upkeep]\n|upkeep\n|\n|t:|1700099945\n|switch|p2a: Torkoal|Torkoal, F|47\/100\n|-damage|p2a: Torkoal|22\/100|[from] Stealth Rock\n|-weather|SunnyDay|[from] ability: Drought|[of] p2a: Torkoal\n|turn|22\n|\n|t:|1700099948\n|switch|p2a: Scrafty|Scrafty, F|50\/100 slp\n|-damage|p2a: Scrafty|44\/100 slp|[from] Stealth Rock\n|detailschange|p1a: Tyranitar|Tyranitar-Mega, M\n|-mega|p1a: Tyranitar|Tyranitar|Tyranitarite\n|-weather|Sandstorm|[from] ability: Sand Stream|[of] p1a: Tyranitar\n|move|p1a: Tyranitar|Knock Off|p2a: Scrafty\n|-resisted|p2a: Scrafty\n|-damage|p2a: Scrafty|28\/100 slp\n|\n|-weather|Sandstorm|[upkeep]\n|-damage|p2a: Scrafty|22\/100 slp|[from] Sandstorm\n|-activate|p2a: Scrafty|ability: Shed Skin\n|-curestatus|p2a: Scrafty|slp|[msg]\n|upkeep\n|turn|23\n|\n|t:|1700099958\n|move|p1a: Tyranitar|Stone Edge|p2a: Scrafty\n|-resisted|p2a: Scrafty\n|-damage|p2a: Scrafty|0 fnt\n|faint|p2a: Scrafty\n|\n|-weather|Sandstorm|[upkeep]\n|upkeep\n|\n|t:|1700099964\n|switch|p2a: Sandy Shocks|Sandy Shocks|100\/100\n|-damage|p2a: Sandy Shocks|94\/100|[from] Stealth Rock\n|turn|24\n|\n|t:|1700099971\n|switch|p1a: Hatterene|Hatterene, F|43\/100\n|move|p2a: Sandy Shocks|Earth Power|p1a: Hatterene\n|-damage|p1a: Hatterene|0 fnt\n|faint|p1a: Hatterene\n|\n|-weather|Sandstorm|[upkeep]\n|upkeep\n|\n|t:|1700099977\n|switch|p1a: Sinistcha|Sinistcha|100\/100\n|turn|25\n|\n|t:|1700099993\n|move|p2a: Sandy Shocks|Volt Switch|p1a: Sinistcha\n|-resisted|p1a: Sinistcha\n|-damage|p1a: Sinistcha|81\/100\n|\n|t:|1700100002\n|-end|p2a: Sandy Shocks|Protosynthesis|[silent]\n|switch|p2a: Lilligant|Lilligant-Hisui, F|100\/100|[from] Volt Switch\n|-damage|p2a: Lilligant|94\/100|[from] Stealth Rock\n|move|p1a: Sinistcha|Matcha Gotcha|p2a: Lilligant\n|-resisted|p2a: Lilligant\n|-damage|p2a: Lilligant|68\/100\n|-heal|p1a: Sinistcha|92\/100|[from] drain|[of] p2a: Lilligant\n|\n|-weather|Sandstorm|[upkeep]\n|-damage|p2a: Lilligant|62\/100|[from] Sandstorm\n|-damage|p1a: Sinistcha|86\/100|[from] Sandstorm\n|-heal|p1a: Sinistcha|92\/100|[from] item: Leftovers\n|upkeep\n|turn|26\n|\n|t:|1700100026\n|switch|p1a: Zapdos|Zapdos-Galar|100\/100\n|move|p2a: Lilligant|Ice Spinner|p1a: Zapdos\n|-supereffective|p1a: Zapdos\n|-damage|p1a: Zapdos|14\/100\n|-damage|p2a: Lilligant|52\/100|[from] item: Life Orb\n|\n|-weather|none\n|upkeep\n|turn|27\n|\n|t:|1700100036\n|move|p1a: Zapdos|Brave Bird|p2a: Lilligant\n|-supereffective|p2a: Lilligant\n|-damage|p2a: Lilligant|0 fnt\n|faint|p2a: Lilligant\n|-damage|p1a: Zapdos|0 fnt|[from] Recoil\n|faint|p1a: Zapdos\n|\n|upkeep\n|\n|t:|1700100041\n|switch|p1a: Sinistcha|Sinistcha|92\/100\n|switch|p2a: Torkoal|Torkoal, F|22\/100\n|-damage|p2a: Torkoal|0 fnt|[from] Stealth Rock\n|faint|p2a: Torkoal\n|\n|t:|1700100053\n|switch|p2a: Sandy Shocks|Sandy Shocks|94\/100\n|-damage|p2a: Sandy Shocks|88\/100|[from] Stealth Rock\n|turn|28\n|\n|t:|1700100058\n|move|p2a: Sandy Shocks|Earth Power|p1a: Sinistcha\n|-resisted|p1a: Sinistcha\n|-damage|p1a: Sinistcha|67\/100\n|move|p1a: Sinistcha|Matcha Gotcha|p2a: Sandy Shocks\n|-supereffective|p2a: Sandy Shocks\n|-damage|p2a: Sandy Shocks|11\/100\n|-heal|p1a: Sinistcha|100\/100|[from] drain|[of] p2a: Sandy Shocks\n|\n|upkeep\n|turn|29\n|\n|t:|1700100067\n|move|p2a: Sandy Shocks|Tera Blast|p1a: Sinistcha\n|-immune|p1a: Sinistcha\n|move|p1a: Sinistcha|Shadow Ball|p2a: Sandy Shocks\n|-damage|p2a: Sandy Shocks|0 fnt\n|faint|p2a: Sandy Shocks\n|-end|p2a: Sandy Shocks|Protosynthesis|[silent]\n|\n|win|enenooxx3\n|raw|enenooxx3's rating: 1614 &rarr; <strong>1633<\/strong><br \/>(+19 for winning)\n|raw|Osgar's rating: 1605 &rarr; <strong>1586<\/strong><br \/>(-19 for losing)\n","uploadtime":1700100076,"views":4,"p1id":"enenooxx3","p2id":"osgar","formatid":"gen9nationaldex","rating":1586,"private":0,"password":""}