{"id":"gen9nationaldex-1990212969","p1":"Jellyfish920","p2":"Sly Killdex 2","format":"[Gen 9] National Dex","log":"|j|\u2606Jellyfish920\n|j|\u2606Sly Killdex 2\n|t:|1699938277\n|gametype|singles\n|player|p1|Jellyfish920|ghetsis|1090\n|player|p2|Sly Killdex 2|volkner|1049\n|teamsize|p1|6\n|teamsize|p2|6\n|gen|9\n|tier|[Gen 9] National Dex\n|rated|\n|rule|HP Percentage Mod: HP is shown in percentages\n|rule|Endless Battle Clause: Forcing endless battles is banned\n|rule|OHKO Clause: OHKO moves are banned\n|rule|Evasion Clause: Evasion abilities, items, and moves are banned\n|rule|Evasion Abilities Clause: Evasion abilities are banned\n|rule|Evasion Items Clause: Evasion items are banned\n|rule|Evasion Moves Clause: Evasion moves are banned\n|rule|Species Clause: Limit one of each Pok\u00e9mon\n|rule|Sleep Clause Mod: Limit one foe put to sleep\n|clearpoke\n|poke|p1|Trevenant, F|\n|poke|p1|Samurott-Hisui, F|\n|poke|p1|Ninetales, F|\n|poke|p1|Slither Wing|\n|poke|p1|Kilowattrel, F|\n|poke|p1|Diancie|\n|poke|p2|Silvally-*|\n|poke|p2|Oricorio, F|\n|poke|p2|Trumbeak, M|\n|poke|p2|Popplio, M|\n|poke|p2|Incineroar, F|\n|poke|p2|Decidueye, M|\n|teampreview\n|\n|t:|1699938297\n|start\n|switch|p1a: Regular|Samurott-Hisui, F, shiny|100\/100\n|switch|p2a: Trumbeak|Trumbeak, M|100\/100\n|turn|1\n|inactive|Battle timer is ON: inactive players will automatically lose when time's up. (requested by Sly Killdex 2)\n|inactive|Jellyfish920 has 120 seconds left.\n|\n|t:|1699938343\n|move|p1a: Regular|Ceaseless Edge|p2a: Trumbeak\n|-damage|p2a: Trumbeak|13\/100\n|-sidestart|p2: Sly Killdex 2|Spikes\n|move|p2a: Trumbeak|Bullet Seed|p1a: Regular\n|-supereffective|p1a: Regular\n|-damage|p1a: Regular|78\/100\n|-supereffective|p1a: Regular\n|-damage|p1a: Regular|57\/100\n|-supereffective|p1a: Regular\n|-damage|p1a: Regular|34\/100\n|-supereffective|p1a: Regular\n|-crit|p1a: Regular\n|-damage|p1a: Regular|2\/100\n|-supereffective|p1a: Regular\n|-damage|p1a: Regular|0 fnt\n|faint|p1a: Regular\n|-hitcount|p1: Regular|5\n|\n|upkeep\n|\n|t:|1699938368\n|switch|p1a: Volcarona Two|Slither Wing|100\/100\n|turn|2\n|\n|t:|1699938382\n|move|p1a: Volcarona Two|First Impression|p2a: Trumbeak\n|-resisted|p2a: Trumbeak\n|-damage|p2a: Trumbeak|0 fnt\n|faint|p2a: Trumbeak\n|\n|upkeep\n|\n|t:|1699938391\n|switch|p2a: Incineroar|Incineroar, F|100\/100\n|-ability|p2a: Incineroar|Intimidate|boost\n|-unboost|p1a: Volcarona Two|atk|1\n|turn|3\n|\n|t:|1699938400\n|-end|p1a: Volcarona Two|Protosynthesis|[silent]\n|switch|p1a: Pokemon Trainer|Ninetales, F, shiny|100\/100\n|-weather|SunnyDay|[from] ability: Drought|[of] p1a: Pokemon Trainer\n|move|p2a: Incineroar|Flare Blitz|p1a: Pokemon Trainer\n|-resisted|p1a: Pokemon Trainer\n|-damage|p1a: Pokemon Trainer|35\/100\n|-damage|p2a: Incineroar|85\/100|[from] Recoil\n|\n|-weather|SunnyDay|[upkeep]\n|upkeep\n|turn|4\n|\n|t:|1699938417\n|move|p1a: Pokemon Trainer|Overheat|p2a: Incineroar\n|-resisted|p2a: Incineroar\n|-damage|p2a: Incineroar|52\/100\n|-unboost|p1a: Pokemon Trainer|spa|2\n|-enditem|p1a: Pokemon Trainer|Eject Pack\n|\n|t:|1699938425\n|switch|p1a: Carbon Fiber|Diancie, shiny|100\/100\n|move|p2a: Incineroar|Knock Off|p1a: Carbon Fiber\n|-resisted|p1a: Carbon Fiber\n|-damage|p1a: Carbon Fiber|89\/100\n|\n|-weather|SunnyDay|[upkeep]\n|upkeep\n|turn|5\n|\n|t:|1699938434\n|switch|p2a: Decidueye|Decidueye, M|100\/100\n|-damage|p2a: Decidueye|88\/100|[from] Spikes\n|detailschange|p1a: Carbon Fiber|Diancie-Mega, shiny\n|-mega|p1a: Carbon Fiber|Diancie|Diancite\n|move|p1a: Carbon Fiber|Diamond Storm|p2a: Decidueye\n|-damage|p2a: Decidueye|36\/100\n|-boost|p1a: Carbon Fiber|def|2\n|\n|-weather|SunnyDay|[upkeep]\n|-heal|p2a: Decidueye|43\/100|[from] item: Leftovers\n|upkeep\n|turn|6\n|\n|t:|1699938447\n|move|p1a: Carbon Fiber|Mystical Fire|p2a: Decidueye\n|-supereffective|p2a: Decidueye\n|-damage|p2a: Decidueye|0 fnt\n|faint|p2a: Decidueye\n|\n|-weather|SunnyDay|[upkeep]\n|upkeep\n|\n|t:|1699938456\n|switch|p2a: Popplio|Popplio, M|100\/100\n|-damage|p2a: Popplio|88\/100|[from] Spikes\n|turn|7\n|\n|t:|1699938472\n|move|p1a: Carbon Fiber|Draining Kiss|p2a: Popplio\n|-damage|p2a: Popplio|50\/100\n|-heal|p1a: Carbon Fiber|100\/100|[from] drain|[of] p2a: Popplio\n|move|p2a: Popplio|Scald|p1a: Carbon Fiber\n|-supereffective|p1a: Carbon Fiber\n|-damage|p1a: Carbon Fiber|68\/100\n|\n|-weather|none\n|upkeep\n|turn|8\n|\n|t:|1699938486\n|-terastallize|p2a: Popplio|Poison\n|move|p1a: Carbon Fiber|Draining Kiss|p2a: Popplio\n|-resisted|p2a: Popplio\n|-damage|p2a: Popplio|32\/100\n|-heal|p1a: Carbon Fiber|84\/100|[from] drain|[of] p2a: Popplio\n|move|p2a: Popplio|Scald|p1a: Carbon Fiber\n|-supereffective|p1a: Carbon Fiber\n|-damage|p1a: Carbon Fiber|0 fnt\n|faint|p1a: Carbon Fiber\n|\n|upkeep\n|inactive|Jellyfish920 has 120 seconds left.\n|\n|t:|1699938516\n|switch|p1a: Pidgeon|Kilowattrel, F|100\/100\n|turn|9\n|inactive|Jellyfish920 has 120 seconds left.\n|\n|t:|1699938528\n|move|p1a: Pidgeon|Thunderbolt|p2a: Popplio\n|-damage|p2a: Popplio|0 fnt\n|faint|p2a: Popplio\n|\n|upkeep\n|\n|t:|1699938534\n|switch|p2a: Incineroar|Incineroar, F|52\/100\n|-ability|p2a: Incineroar|Intimidate|boost\n|-unboost|p1a: Pidgeon|atk|1\n|turn|10\n|inactive|Jellyfish920 has 120 seconds left.\n|\n|t:|1699938552\n|move|p1a: Pidgeon|Volt Switch|p2a: Incineroar\n|-damage|p2a: Incineroar|29\/100\n|\n|t:|1699938557\n|switch|p1a: Pokemon Trainer|Ninetales, F, shiny|35\/100|[from] Volt Switch\n|-weather|SunnyDay|[from] ability: Drought|[of] p1a: Pokemon Trainer\n|move|p2a: Incineroar|Flare Blitz|p1a: Pokemon Trainer\n|-resisted|p1a: Pokemon Trainer\n|-damage|p1a: Pokemon Trainer|0 fnt\n|faint|p1a: Pokemon Trainer\n|-damage|p2a: Incineroar|21\/100|[from] Recoil\n|\n|-weather|SunnyDay|[upkeep]\n|upkeep\n|inactive|Jellyfish920 has 120 seconds left.\n|\n|t:|1699938567\n|switch|p1a: Volcarona Two|Slither Wing|100\/100\n|-activate|p1a: Volcarona Two|ability: Protosynthesis\n|-start|p1a: Volcarona Two|protosynthesisatk\n|turn|11\n|\n|t:|1699938576\n|move|p1a: Volcarona Two|First Impression|p2a: Incineroar\n|-damage|p2a: Incineroar|0 fnt\n|faint|p2a: Incineroar\n|\n|-weather|SunnyDay|[upkeep]\n|upkeep\n|\n|t:|1699938578\n|switch|p2a: Oricorio|Oricorio, F|100\/100\n|turn|12\n|inactive|Jellyfish920 has 120 seconds left.\n|\n|t:|1699938607\n|move|p2a: Oricorio|Quiver Dance|p2a: Oricorio\n|-boost|p2a: Oricorio|spa|1\n|-boost|p2a: Oricorio|spd|1\n|-boost|p2a: Oricorio|spe|1\n|move|p1a: Volcarona Two|Brick Break|p2a: Oricorio\n|-resisted|p2a: Oricorio\n|-damage|p2a: Oricorio|54\/100\n|\n|-weather|SunnyDay|[upkeep]\n|upkeep\n|turn|13\n|inactive|Jellyfish920 has 120 seconds left.\n|\n|t:|1699938630\n|-terastallize|p1a: Volcarona Two|Steel\n|move|p2a: Oricorio|Revelation Dance|p1a: Volcarona Two\n|-supereffective|p1a: Volcarona Two\n|-damage|p1a: Volcarona Two|6\/100\n|move|p1a: Volcarona Two|Brick Break|p2a: Oricorio\n|-resisted|p2a: Oricorio\n|-damage|p2a: Oricorio|10\/100\n|\n|-weather|SunnyDay|[upkeep]\n|upkeep\n|turn|14\n|\n|t:|1699938641\n|-end|p1a: Volcarona Two|Protosynthesis|[silent]\n|switch|p1a: Pidgeon|Kilowattrel, F|100\/100\n|move|p2a: Oricorio|Revelation Dance|p1a: Pidgeon\n|-damage|p1a: Pidgeon|0 fnt\n|faint|p1a: Pidgeon\n|\n|-weather|none\n|upkeep\n|\n|t:|1699938648\n|switch|p1a: Volcarona Two|Slither Wing, tera:Steel|6\/100\n|turn|15\n|\n|t:|1699938662\n|move|p1a: Volcarona Two|First Impression|p2a: Oricorio\n|-resisted|p2a: Oricorio\n|-damage|p2a: Oricorio|0 fnt\n|faint|p2a: Oricorio\n|\n|upkeep\n|\n|t:|1699938664\n|switch|p2a: Silvally|Silvally-Bug|100\/100\n|-damage|p2a: Silvally|88\/100|[from] Spikes\n|turn|16\n|\n|t:|1699938671\n|move|p2a: Silvally|Flame Charge|p1a: Volcarona Two\n|-supereffective|p1a: Volcarona Two\n|-damage|p1a: Volcarona Two|0 fnt\n|-boost|p2a: Silvally|spe|1\n|faint|p1a: Volcarona Two\n|-end|p1a: Volcarona Two|Protosynthesis|[silent]\n|\n|upkeep\n|\n|t:|1699938677\n|switch|p1a: Choice Band|Trevenant, F, shiny|100\/100\n|turn|17\n|\n|t:|1699938695\n|move|p2a: Silvally|Swords Dance|p2a: Silvally\n|-boost|p2a: Silvally|atk|2\n|move|p1a: Choice Band|Shadow Claw|p2a: Silvally\n|-damage|p2a: Silvally|47\/100\n|\n|upkeep\n|turn|18\n|\n|t:|1699938701\n|move|p2a: Silvally|Multi-Attack|p1a: Choice Band\n|-damage|p1a: Choice Band|0 fnt\n|faint|p1a: Choice Band\n|\n|win|Sly Killdex 2\n|raw|Jellyfish920's rating: 1090 &rarr; <strong>1064<\/strong><br \/>(-26 for losing)\n|raw|Sly Killdex 2's rating: 1049 &rarr; <strong>1085<\/strong><br \/>(+36 for winning)\n","uploadtime":1699938707,"views":4,"p1id":"jellyfish920","p2id":"slykilldex2","formatid":"gen9nationaldex","rating":1064,"private":0,"password":""}