{"id":"gen9nationaldex-1995141717","p1":"kakutrainerside","p2":"FriedChickenzman","format":"[Gen 9] National Dex","log":"|html|<div class=\"broadcast-blue\"><strong>[Gen 9] National Dex is currently suspecting Sneasler! For information on how to participate check out the <a href=\"https:\/\/www.smogon.com\/forums\/threads\/sv-national-dex-suspect-8-just-dance.3731534\/\">suspect thread<\/a>.<\/strong><\/div>\n|j|\u2606kakutrainerside\n|j|\u2606FriedChickenzman\n|t:|1700527220\n|gametype|singles\n|player|p1|kakutrainerside|hugh|1138\n|player|p2|FriedChickenzman|harlequin|1110\n|teamsize|p1|6\n|teamsize|p2|6\n|gen|9\n|tier|[Gen 9] National Dex\n|rated|\n|rule|HP Percentage Mod: HP is shown in percentages\n|rule|Endless Battle Clause: Forcing endless battles is banned\n|rule|OHKO Clause: OHKO moves are banned\n|rule|Evasion Clause: Evasion abilities, items, and moves are banned\n|rule|Evasion Abilities Clause: Evasion abilities are banned\n|rule|Evasion Items Clause: Evasion items are banned\n|rule|Evasion Moves Clause: Evasion moves are banned\n|rule|Species Clause: Limit one of each Pok\u00e9mon\n|rule|Sleep Clause Mod: Limit one foe put to sleep\n|clearpoke\n|poke|p1|Jolteon, M|\n|poke|p1|Ribombee, M|\n|poke|p1|Toxapex, F|\n|poke|p1|Krookodile, M|\n|poke|p1|Corviknight, F|\n|poke|p1|Blaziken, M|\n|poke|p2|Tyranitar, M|\n|poke|p2|Hippowdon, M|\n|poke|p2|Garganacl, F|\n|poke|p2|Excadrill, F|\n|poke|p2|Goodra-Hisui, M|\n|poke|p2|Kommo-o, M|\n|teampreview\n|inactive|Battle timer is ON: inactive players will automatically lose when time's up. (requested by kakutrainerside)\n|\n|t:|1700527234\n|start\n|switch|p1a: Ribombee|Ribombee, M, shiny|100\/100\n|switch|p2a: moto moto|Hippowdon, M|100\/100\n|-weather|Sandstorm|[from] ability: Sand Stream|[of] p2a: moto moto\n|turn|1\n|\n|t:|1700527247\n|move|p1a: Ribombee|Stun Spore|p2a: moto moto\n|-status|p2a: moto moto|par\n|move|p2a: moto moto|Stealth Rock|p1a: Ribombee\n|-sidestart|p1: kakutrainerside|move: Stealth Rock\n|\n|-weather|Sandstorm|[upkeep]\n|-damage|p1a: Ribombee|94\/100|[from] Sandstorm\n|upkeep\n|turn|2\n|\n|t:|1700527261\n|switch|p1a: Corviknight|Corviknight, F, shiny|100\/100\n|-damage|p1a: Corviknight|88\/100|[from] Stealth Rock\n|-ability|p1a: Corviknight|Pressure\n|switch|p2a: turbo|Goodra-Hisui, M|100\/100\n|\n|-weather|Sandstorm|[upkeep]\n|-heal|p1a: Corviknight|94\/100|[from] item: Leftovers\n|upkeep\n|turn|3\n|\n|t:|1700527272\n|move|p1a: Corviknight|Defog|p2a: turbo\n|-unboost|p2a: turbo|evasion|1\n|-sideend|p1: kakutrainerside|Stealth Rock|[from] move: Defog|[of] p1a: Corviknight\n|move|p2a: turbo|Body Press|p1a: Corviknight\n|-damage|p1a: Corviknight|79\/100\n|\n|-weather|Sandstorm|[upkeep]\n|-heal|p1a: Corviknight|85\/100|[from] item: Leftovers\n|upkeep\n|turn|4\n|\n|t:|1700527288\n|switch|p1a: Ribombee|Ribombee, M, shiny|94\/100\n|move|p2a: turbo|Flamethrower|p1a: Ribombee\n|-supereffective|p1a: Ribombee\n|-damage|p1a: Ribombee|17\/100\n|\n|-weather|Sandstorm|[upkeep]\n|-damage|p1a: Ribombee|11\/100|[from] Sandstorm\n|upkeep\n|turn|5\n|\n|t:|1700527298\n|switch|p2a: moto moto|Hippowdon, M|100\/100 par\n|move|p1a: Ribombee|Sticky Web|p2a: moto moto\n|-sidestart|p2: FriedChickenzman|move: Sticky Web\n|\n|-weather|none\n|upkeep\n|turn|6\n|\n|t:|1700527307\n|move|p1a: Ribombee|Moonblast|p2a: moto moto\n|-damage|p2a: moto moto|70\/100 par\n|-unboost|p2a: moto moto|spa|1\n|move|p2a: moto moto|Stealth Rock|p1a: Ribombee\n|-sidestart|p1: kakutrainerside|move: Stealth Rock\n|\n|-heal|p2a: moto moto|76\/100 par|[from] item: Leftovers\n|upkeep\n|turn|7\n|\n|t:|1700527316\n|switch|p2a: mr resetti|Excadrill, F|100\/100\n|move|p1a: Ribombee|Moonblast|p2a: mr resetti\n|-resisted|p2a: mr resetti\n|-damage|p2a: mr resetti|73\/100\n|\n|upkeep\n|turn|8\n|\n|t:|1700527323\n|move|p1a: Ribombee|Psychic|p2a: mr resetti\n|-resisted|p2a: mr resetti\n|-damage|p2a: mr resetti|55\/100\n|move|p2a: mr resetti|Rapid Spin|p1a: Ribombee\n|-damage|p1a: Ribombee|0 fnt\n|-boost|p2a: mr resetti|spe|1\n|-sideend|p2: FriedChickenzman|Sticky Web|[from] move: Rapid Spin|[of] p2a: mr resetti\n|faint|p1a: Ribombee\n|\n|upkeep\n|\n|t:|1700527334\n|switch|p1a: Corviknight|Corviknight, F, shiny|85\/100\n|-damage|p1a: Corviknight|73\/100|[from] Stealth Rock\n|-ability|p1a: Corviknight|Pressure\n|turn|9\n|\n|t:|1700527342\n|switch|p2a: moto moto|Hippowdon, M|76\/100 par\n|-weather|Sandstorm|[from] ability: Sand Stream|[of] p2a: moto moto\n|move|p1a: Corviknight|Defog|p2a: moto moto\n|-unboost|p2a: moto moto|evasion|1\n|-sideend|p1: kakutrainerside|Stealth Rock|[from] move: Defog|[of] p1a: Corviknight\n|\n|-weather|Sandstorm|[upkeep]\n|-heal|p1a: Corviknight|79\/100|[from] item: Leftovers\n|-heal|p2a: moto moto|82\/100 par|[from] item: Leftovers\n|upkeep\n|turn|10\n|\n|t:|1700527357\n|move|p1a: Corviknight|Body Press|p2a: moto moto\n|-damage|p2a: moto moto|65\/100 par\n|move|p2a: moto moto|Stealth Rock|p1a: Corviknight\n|-sidestart|p1: kakutrainerside|move: Stealth Rock\n|\n|-weather|Sandstorm|[upkeep]\n|-heal|p1a: Corviknight|85\/100|[from] item: Leftovers\n|-heal|p2a: moto moto|72\/100 par|[from] item: Leftovers\n|upkeep\n|turn|11\n|\n|t:|1700527385\n|move|p1a: Corviknight|Defog|p2a: moto moto\n|-unboost|p2a: moto moto|evasion|1\n|-sideend|p1: kakutrainerside|Stealth Rock|[from] move: Defog|[of] p1a: Corviknight\n|move|p2a: moto moto|Roar|p1a: Corviknight\n|drag|p1a: Blaziken|Blaziken, M, shiny|100\/100\n|\n|-weather|Sandstorm|[upkeep]\n|-damage|p1a: Blaziken|95\/100|[from] Sandstorm\n|-heal|p2a: moto moto|78\/100 par|[from] item: Leftovers\n|upkeep\n|turn|12\n|\n|t:|1700527411\n|move|p1a: Blaziken|Swords Dance|p1a: Blaziken\n|-boost|p1a: Blaziken|atk|2\n|cant|p2a: moto moto|par\n|\n|-weather|Sandstorm|[upkeep]\n|-damage|p1a: Blaziken|89\/100|[from] Sandstorm\n|-heal|p2a: moto moto|84\/100 par|[from] item: Leftovers\n|-ability|p1a: Blaziken|Speed Boost|boost\n|-boost|p1a: Blaziken|spe|1\n|upkeep\n|turn|13\n|\n|t:|1700527421\n|move|p1a: Blaziken|Close Combat|p2a: moto moto\n|-damage|p2a: moto moto|12\/100 par\n|-unboost|p1a: Blaziken|def|1\n|-unboost|p1a: Blaziken|spd|1\n|move|p2a: moto moto|Roar|p1a: Blaziken\n|drag|p1a: Jolteon|Jolteon, M, shiny|100\/100\n|-item|p1a: Jolteon|Air Balloon\n|\n|-weather|none\n|-heal|p2a: moto moto|19\/100 par|[from] item: Leftovers\n|upkeep\n|turn|14\n|\n|t:|1700527434\n|move|p1a: Jolteon|Hidden Power|p2a: moto moto\n|-supereffective|p2a: moto moto\n|-damage|p2a: moto moto|0 fnt\n|faint|p2a: moto moto\n|\n|upkeep\n|\n|t:|1700527440\n|switch|p2a: mr. t|Tyranitar, M|100\/100\n|-weather|Sandstorm|[from] ability: Sand Stream|[of] p2a: mr. t\n|turn|15\n|\n|t:|1700527446\n|move|p1a: Jolteon|Volt Switch|p2a: mr. t\n|-damage|p2a: mr. t|78\/100\n|\n|t:|1700527449\n|switch|p1a: Toxapex|Toxapex, F, shiny|100\/100|[from] Volt Switch\n|move|p2a: mr. t|Dragon Dance|p2a: mr. t\n|-boost|p2a: mr. t|atk|1\n|-boost|p2a: mr. t|spe|1\n|\n|-weather|Sandstorm|[upkeep]\n|-damage|p1a: Toxapex|94\/100|[from] Sandstorm\n|-heal|p1a: Toxapex|100\/100|[from] item: Leftovers\n|upkeep\n|turn|16\n|\n|t:|1700527460\n|move|p2a: mr. t|Earthquake|p1a: Toxapex\n|-supereffective|p1a: Toxapex\n|-damage|p1a: Toxapex|45\/100\n|move|p1a: Toxapex|Scald|p2a: mr. t\n|-supereffective|p2a: mr. t\n|-damage|p2a: mr. t|57\/100\n|-enditem|p2a: mr. t|Weakness Policy\n|-boost|p2a: mr. t|atk|2|[from] item: Weakness Policy\n|-boost|p2a: mr. t|spa|2|[from] item: Weakness Policy\n|\n|-weather|Sandstorm|[upkeep]\n|-damage|p1a: Toxapex|39\/100|[from] Sandstorm\n|-heal|p1a: Toxapex|45\/100|[from] item: Leftovers\n|upkeep\n|turn|17\n|\n|t:|1700527474\n|switch|p1a: Corviknight|Corviknight, F, shiny|85\/100\n|-ability|p1a: Corviknight|Pressure\n|move|p2a: mr. t|Earthquake|p1a: Corviknight\n|-immune|p1a: Corviknight\n|\n|-weather|Sandstorm|[upkeep]\n|-heal|p1a: Corviknight|91\/100|[from] item: Leftovers\n|upkeep\n|turn|18\n|\n|t:|1700527484\n|-terastallize|p2a: mr. t|Rock\n|move|p2a: mr. t|Stone Edge|p1a: Corviknight\n|-damage|p1a: Corviknight|9\/100\n|move|p1a: Corviknight|Body Press|p2a: mr. t\n|-supereffective|p2a: mr. t\n|-damage|p2a: mr. t|17\/100\n|\n|-weather|Sandstorm|[upkeep]\n|-heal|p1a: Corviknight|15\/100|[from] item: Leftovers\n|upkeep\n|turn|19\n|\n|t:|1700527495\n|move|p2a: mr. t|Knock Off|p1a: Corviknight\n|-damage|p1a: Corviknight|0 fnt\n|-enditem|p1a: Corviknight|Leftovers|[from] move: Knock Off|[of] p2a: mr. t\n|faint|p1a: Corviknight\n|\n|-weather|none\n|upkeep\n|\n|t:|1700527504\n|switch|p1a: Jolteon|Jolteon, M, shiny|100\/100\n|-item|p1a: Jolteon|Air Balloon\n|turn|20\n|\n|t:|1700527511\n|move|p1a: Jolteon|Shadow Ball|p2a: mr. t\n|-damage|p2a: mr. t|0 fnt\n|faint|p2a: mr. t\n|\n|upkeep\n|\n|t:|1700527529\n|switch|p2a: dragon of dojima|Kommo-o, M|100\/100\n|turn|21\n|\n|t:|1700527537\n|move|p1a: Jolteon|Volt Switch|p2a: dragon of dojima\n|-resisted|p2a: dragon of dojima\n|-damage|p2a: dragon of dojima|86\/100\n|\n|t:|1700527551\n|switch|p1a: Toxapex|Toxapex, F, shiny|78\/100|[from] Volt Switch\n|move|p2a: dragon of dojima|Clangorous Soul|p2a: dragon of dojima\n|-boost|p2a: dragon of dojima|atk|1\n|-boost|p2a: dragon of dojima|def|1\n|-boost|p2a: dragon of dojima|spa|1\n|-boost|p2a: dragon of dojima|spd|1\n|-boost|p2a: dragon of dojima|spe|1\n|-damage|p2a: dragon of dojima|54\/100\n|-enditem|p2a: dragon of dojima|Throat Spray\n|-boost|p2a: dragon of dojima|spa|1|[from] item: Throat Spray\n|\n|-heal|p1a: Toxapex|85\/100|[from] item: Leftovers\n|upkeep\n|turn|22\n|\n|t:|1700527565\n|move|p2a: dragon of dojima|Clanging Scales|p1a: Toxapex\n|-damage|p1a: Toxapex|15\/100\n|-unboost|p2a: dragon of dojima|def|1\n|move|p1a: Toxapex|Toxic|p2a: dragon of dojima\n|-status|p2a: dragon of dojima|tox\n|\n|-heal|p1a: Toxapex|21\/100|[from] item: Leftovers\n|-damage|p2a: dragon of dojima|47\/100 tox|[from] psn\n|upkeep\n|turn|23\n|\n|t:|1700527576\n|move|p2a: dragon of dojima|Boomburst|p1a: Toxapex\n|-damage|p1a: Toxapex|0 fnt\n|faint|p1a: Toxapex\n|\n|-damage|p2a: dragon of dojima|35\/100 tox|[from] psn\n|upkeep\n|\n|t:|1700527584\n|switch|p1a: Jolteon|Jolteon, M, shiny|100\/100\n|-item|p1a: Jolteon|Air Balloon\n|turn|24\n|\n|t:|1700527593\n|move|p2a: dragon of dojima|Boomburst|p1a: Jolteon\n|-damage|p1a: Jolteon|8\/100\n|-enditem|p1a: Jolteon|Air Balloon\n|move|p1a: Jolteon|Hidden Power|p2a: dragon of dojima\n|-supereffective|p2a: dragon of dojima\n|-damage|p2a: dragon of dojima|11\/100 tox\n|\n|-damage|p2a: dragon of dojima|0 fnt|[from] psn\n|faint|p2a: dragon of dojima\n|upkeep\n|\n|t:|1700527618\n|switch|p2a: brown bricks|Garganacl, F|100\/100\n|turn|25\n|\n|t:|1700527629\n|move|p1a: Jolteon|Thunderbolt|p2a: brown bricks\n|-damage|p2a: brown bricks|68\/100\n|move|p2a: brown bricks|Curse|p2a: brown bricks\n|-unboost|p2a: brown bricks|spe|1\n|-boost|p2a: brown bricks|atk|1\n|-boost|p2a: brown bricks|def|1\n|\n|upkeep\n|turn|26\n|\n|t:|1700527639\n|move|p1a: Jolteon|Thunderbolt|p2a: brown bricks\n|-damage|p2a: brown bricks|35\/100\n|move|p2a: brown bricks|Recover|p2a: brown bricks\n|-heal|p2a: brown bricks|85\/100\n|\n|upkeep\n|turn|27\n|\n|t:|1700527648\n|move|p1a: Jolteon|Thunderbolt|p2a: brown bricks\n|-damage|p2a: brown bricks|51\/100\n|move|p2a: brown bricks|Curse|p2a: brown bricks\n|-unboost|p2a: brown bricks|spe|1\n|-boost|p2a: brown bricks|atk|1\n|-boost|p2a: brown bricks|def|1\n|\n|upkeep\n|turn|28\n|\n|t:|1700527656\n|move|p1a: Jolteon|Thunderbolt|p2a: brown bricks\n|-damage|p2a: brown bricks|16\/100\n|move|p2a: brown bricks|Recover|p2a: brown bricks\n|-heal|p2a: brown bricks|66\/100\n|\n|upkeep\n|turn|29\n|\n|t:|1700527665\n|move|p1a: Jolteon|Thunderbolt|p2a: brown bricks\n|-damage|p2a: brown bricks|30\/100\n|move|p2a: brown bricks|Recover|p2a: brown bricks\n|-heal|p2a: brown bricks|80\/100\n|\n|upkeep\n|turn|30\n|\n|t:|1700527672\n|move|p1a: Jolteon|Thunderbolt|p2a: brown bricks\n|-damage|p2a: brown bricks|44\/100\n|move|p2a: brown bricks|Recover|p2a: brown bricks\n|-heal|p2a: brown bricks|94\/100\n|\n|upkeep\n|turn|31\n|\n|t:|1700527679\n|move|p1a: Jolteon|Thunderbolt|p2a: brown bricks\n|-damage|p2a: brown bricks|58\/100\n|move|p2a: brown bricks|Curse|p2a: brown bricks\n|-unboost|p2a: brown bricks|spe|1\n|-boost|p2a: brown bricks|atk|1\n|-boost|p2a: brown bricks|def|1\n|\n|upkeep\n|turn|32\n|\n|t:|1700527686\n|move|p1a: Jolteon|Thunderbolt|p2a: brown bricks\n|-damage|p2a: brown bricks|26\/100\n|move|p2a: brown bricks|Recover|p2a: brown bricks\n|-heal|p2a: brown bricks|76\/100\n|\n|upkeep\n|turn|33\n|\n|t:|1700527693\n|move|p1a: Jolteon|Thunderbolt|p2a: brown bricks\n|-damage|p2a: brown bricks|44\/100\n|move|p2a: brown bricks|Salt Cure|p1a: Jolteon\n|-crit|p1a: Jolteon\n|-damage|p1a: Jolteon|0 fnt\n|faint|p1a: Jolteon\n|\n|upkeep\n|\n|t:|1700527702\n|switch|p1a: Krookodile|Krookodile, M, shiny|100\/100\n|-ability|p1a: Krookodile|Intimidate|boost\n|-unboost|p2a: brown bricks|atk|1\n|turn|34\n|\n|t:|1700527716\n|move|p1a: Krookodile|Earthquake|p2a: brown bricks\n|-supereffective|p2a: brown bricks\n|-damage|p2a: brown bricks|11\/100\n|move|p2a: brown bricks|Body Press|p1a: Krookodile\n|-supereffective|p1a: Krookodile\n|-damage|p1a: Krookodile|0 fnt\n|faint|p1a: Krookodile\n|\n|upkeep\n|\n|t:|1700527724\n|switch|p1a: Blaziken|Blaziken, M, shiny|89\/100\n|turn|35\n|\n|t:|1700527728\n|move|p1a: Blaziken|Thunder Punch|p2a: brown bricks\n|-damage|p2a: brown bricks|5\/100\n|-damage|p1a: Blaziken|72\/100|[from] item: Rocky Helmet|[of] p2a: brown bricks\n|move|p2a: brown bricks|Salt Cure|p1a: Blaziken\n|-damage|p1a: Blaziken|32\/100\n|-start|p1a: Blaziken|Salt Cure\n|\n|-damage|p1a: Blaziken|20\/100|[from] Salt Cure\n|-ability|p1a: Blaziken|Speed Boost|boost\n|-boost|p1a: Blaziken|spe|1\n|upkeep\n|turn|36\n|-message|kakutrainerside forfeited.\n|\n|win|FriedChickenzman\n|raw|kakutrainerside's rating: 1138 &rarr; <strong>1111<\/strong><br \/>(-27 for losing)\n|raw|FriedChickenzman's rating: 1110 &rarr; <strong>1137<\/strong><br \/>(+27 for winning)\n|l|\u2606kakutrainerside\n|c|\u2606FriedChickenzman|gg\n","uploadtime":1700527743,"views":3,"p1id":"kakutrainerside","p2id":"friedchickenzman","formatid":"gen9nationaldex","rating":1111,"private":0,"password":""}