{"id":"gen9nationaldex-1992435091","p1":"CapnTophat","p2":"larsonshark","format":"[Gen 9] National Dex","log":"|j|\u2606CapnTophat\n|j|\u2606larsonshark\n|t:|1700187230\n|gametype|singles\n|player|p1|CapnTophat|wallace|1608\n|player|p2|larsonshark|caitlin|1505\n|teamsize|p1|6\n|teamsize|p2|6\n|gen|9\n|tier|[Gen 9] National Dex\n|rated|\n|rule|HP Percentage Mod: HP is shown in percentages\n|rule|Endless Battle Clause: Forcing endless battles is banned\n|rule|OHKO Clause: OHKO moves are banned\n|rule|Evasion Clause: Evasion abilities, items, and moves are banned\n|rule|Evasion Abilities Clause: Evasion abilities are banned\n|rule|Evasion Items Clause: Evasion items are banned\n|rule|Evasion Moves Clause: Evasion moves are banned\n|rule|Species Clause: Limit one of each Pok\u00e9mon\n|rule|Sleep Clause Mod: Limit one foe put to sleep\n|clearpoke\n|poke|p1|Rillaboom, M|\n|poke|p1|Sneasler, F|\n|poke|p1|Iron Valiant|\n|poke|p1|Iron Treads|\n|poke|p1|Sinistcha-Masterpiece|\n|poke|p1|Gyarados, M|\n|poke|p2|Venusaur, F|\n|poke|p2|Heliolisk, M|\n|poke|p2|Torkoal, F|\n|poke|p2|Moltres|\n|poke|p2|Gliscor, M|\n|poke|p2|Charizard, M|\n|teampreview\n|inactive|Battle timer is ON: inactive players will automatically lose when time's up. (requested by larsonshark)\n|inactive|CapnTophat also wants the timer to be on.\n|c|\u2606larsonshark|praise the sun\n|\n|t:|1700187248\n|start\n|switch|p1a: Iron Treads|Iron Treads|100\/100\n|switch|p2a: Torkoal|Torkoal, F|100\/100\n|-weather|SunnyDay|[from] ability: Drought|[of] p2a: Torkoal\n|turn|1\n|\n|t:|1700187256\n|move|p1a: Iron Treads|Stealth Rock|p2a: Torkoal\n|-sidestart|p2: larsonshark|move: Stealth Rock\n|move|p2a: Torkoal|Lava Plume|p1a: Iron Treads\n|-supereffective|p1a: Iron Treads\n|-damage|p1a: Iron Treads|31\/100\n|\n|-weather|SunnyDay|[upkeep]\n|upkeep\n|turn|2\n|\n|t:|1700187263\n|switch|p2a: Moltres|Moltres|100\/100\n|move|p1a: Iron Treads|Earthquake|p2a: Moltres\n|-immune|p2a: Moltres\n|\n|-weather|SunnyDay|[upkeep]\n|upkeep\n|turn|3\n|\n|t:|1700187269\n|move|p1a: Iron Treads|Knock Off|p2a: Moltres\n|-damage|p2a: Moltres|78\/100\n|-enditem|p2a: Moltres|Heavy-Duty Boots|[from] move: Knock Off|[of] p1a: Iron Treads\n|move|p2a: Moltres|Flamethrower|p1a: Iron Treads\n|-supereffective|p1a: Iron Treads\n|-damage|p1a: Iron Treads|0 fnt\n|faint|p1a: Iron Treads\n|-end|p1a: Iron Treads|Quark Drive|[silent]\n|\n|-weather|SunnyDay|[upkeep]\n|upkeep\n|\n|t:|1700187273\n|switch|p1a: Gyarados|Gyarados, M|100\/100\n|-ability|p1a: Gyarados|Intimidate|boost\n|-unboost|p2a: Moltres|atk|1\n|turn|4\n|\n|t:|1700187278\n|move|p1a: Gyarados|Taunt|p2a: Moltres\n|-start|p2a: Moltres|move: Taunt\n|cant|p2a: Moltres|move: Taunt|Defog\n|\n|-weather|SunnyDay|[upkeep]\n|upkeep\n|turn|5\n|\n|t:|1700187288\n|switch|p2a: literally on fire|Heliolisk, M|100\/100\n|-damage|p2a: literally on fire|88\/100|[from] Stealth Rock\n|move|p1a: Gyarados|Dragon Dance|p1a: Gyarados\n|-boost|p1a: Gyarados|atk|1\n|-boost|p1a: Gyarados|spe|1\n|\n|-weather|SunnyDay|[upkeep]\n|-damage|p2a: literally on fire|76\/100|[from] ability: Solar Power|[of] p2a: literally on fire\n|upkeep\n|turn|6\n|\n|t:|1700187301\n|detailschange|p1a: Gyarados|Gyarados-Mega, M\n|-mega|p1a: Gyarados|Gyarados|Gyaradosite\n|-ability|p1a: Gyarados|Mold Breaker\n|move|p1a: Gyarados|Power Whip|p2a: literally on fire|[miss]\n|-miss|p1a: Gyarados|p2a: literally on fire\n|move|p2a: literally on fire|Discharge|p1a: Gyarados\n|-supereffective|p1a: Gyarados\n|-damage|p1a: Gyarados|0 fnt\n|faint|p1a: Gyarados\n|-damage|p2a: literally on fire|66\/100|[from] item: Life Orb\n|\n|-weather|SunnyDay|[upkeep]\n|-damage|p2a: literally on fire|54\/100|[from] ability: Solar Power|[of] p2a: literally on fire\n|upkeep\n|\n|t:|1700187307\n|switch|p1a: Rillaboom|Rillaboom, M|100\/100\n|-fieldstart|move: Grassy Terrain|[from] ability: Grassy Surge|[of] p1a: Rillaboom\n|turn|7\n|\n|t:|1700187310\n|move|p2a: literally on fire|Weather Ball|p1a: Rillaboom\n|-supereffective|p1a: Rillaboom\n|-damage|p1a: Rillaboom|0 fnt\n|faint|p1a: Rillaboom\n|-damage|p2a: literally on fire|44\/100|[from] item: Life Orb\n|\n|-weather|SunnyDay|[upkeep]\n|-damage|p2a: literally on fire|31\/100|[from] ability: Solar Power|[of] p2a: literally on fire\n|-heal|p2a: literally on fire|37\/100|[from] Grassy Terrain\n|upkeep\n|\n|t:|1700187323\n|switch|p1a: Iron Valiant|Iron Valiant|100\/100\n|-enditem|p1a: Iron Valiant|Booster Energy\n|-activate|p1a: Iron Valiant|ability: Quark Drive|[fromitem]\n|-start|p1a: Iron Valiant|quarkdrivespe\n|turn|8\n|\n|t:|1700187328\n|move|p1a: Iron Valiant|Moonblast|p2a: literally on fire\n|-damage|p2a: literally on fire|0 fnt\n|faint|p2a: literally on fire\n|\n|-weather|none\n|upkeep\n|\n|t:|1700187337\n|switch|p2a: Moltres|Moltres|78\/100\n|-damage|p2a: Moltres|28\/100|[from] Stealth Rock\n|turn|9\n|\n|t:|1700187341\n|move|p1a: Iron Valiant|Calm Mind|p1a: Iron Valiant\n|-boost|p1a: Iron Valiant|spa|1\n|-boost|p1a: Iron Valiant|spd|1\n|move|p2a: Moltres|Defog|p1a: Iron Valiant\n|-unboost|p1a: Iron Valiant|evasion|1\n|-sideend|p2: larsonshark|Stealth Rock|[from] move: Defog|[of] p2a: Moltres\n|-fieldend|move: Grassy Terrain\n|\n|upkeep\n|turn|10\n|\n|t:|1700187346\n|move|p1a: Iron Valiant|Encore|p2a: Moltres\n|-start|p2a: Moltres|Encore\n|move|p2a: Moltres|Defog|p1a: Iron Valiant\n|-unboost|p1a: Iron Valiant|evasion|1\n|\n|upkeep\n|turn|11\n|\n|t:|1700187349\n|switch|p2a: Torkoal|Torkoal, F|100\/100\n|-weather|SunnyDay|[from] ability: Drought|[of] p2a: Torkoal\n|move|p1a: Iron Valiant|Calm Mind|p1a: Iron Valiant\n|-boost|p1a: Iron Valiant|spa|1\n|-boost|p1a: Iron Valiant|spd|1\n|\n|-weather|SunnyDay|[upkeep]\n|upkeep\n|turn|12\n|\n|t:|1700187356\n|move|p1a: Iron Valiant|Aura Sphere|p2a: Torkoal\n|-damage|p2a: Torkoal|0 fnt\n|faint|p2a: Torkoal\n|\n|-weather|SunnyDay|[upkeep]\n|upkeep\n|\n|t:|1700187360\n|switch|p2a: Venusaur|Venusaur, F|100\/100\n|turn|13\n|\n|t:|1700187364\n|-terastallize|p1a: Iron Valiant|Steel\n|move|p1a: Iron Valiant|Encore||[still]\n|-fail|p1a: Iron Valiant\n|move|p2a: Venusaur|Sludge Bomb|p1a: Iron Valiant\n|-immune|p1a: Iron Valiant\n|\n|-weather|SunnyDay|[upkeep]\n|upkeep\n|turn|14\n|\n|t:|1700187369\n|switch|p2a: Moltres|Moltres|28\/100\n|move|p1a: Iron Valiant|Encore||[still]\n|-fail|p1a: Iron Valiant\n|\n|-weather|SunnyDay|[upkeep]\n|upkeep\n|turn|15\n|\n|t:|1700187373\n|move|p1a: Iron Valiant|Calm Mind|p1a: Iron Valiant\n|-boost|p1a: Iron Valiant|spa|1\n|-boost|p1a: Iron Valiant|spd|1\n|move|p2a: Moltres|U-turn|p1a: Iron Valiant\n|-resisted|p1a: Iron Valiant\n|-damage|p1a: Iron Valiant|90\/100\n|\n|t:|1700187376\n|switch|p2a: Venusaur|Venusaur, F|100\/100|[from] U-turn\n|\n|-weather|SunnyDay|[upkeep]\n|upkeep\n|turn|16\n|\n|t:|1700187380\n|move|p1a: Iron Valiant|Moonblast|p2a: Venusaur\n|-resisted|p2a: Venusaur\n|-damage|p2a: Venusaur|39\/100\n|-unboost|p2a: Venusaur|spa|1\n|move|p2a: Venusaur|Weather Ball|p1a: Iron Valiant\n|-supereffective|p1a: Iron Valiant\n|-damage|p1a: Iron Valiant|29\/100\n|-damage|p2a: Venusaur|29\/100|[from] item: Life Orb\n|\n|-weather|SunnyDay|[upkeep]\n|upkeep\n|turn|17\n|\n|t:|1700187383\n|move|p1a: Iron Valiant|Moonblast|p2a: Venusaur\n|-resisted|p2a: Venusaur\n|-damage|p2a: Venusaur|0 fnt\n|faint|p2a: Venusaur\n|\n|-weather|SunnyDay|[upkeep]\n|upkeep\n|\n|t:|1700187395\n|switch|p2a: Charizard|Charizard, M|100\/100\n|turn|18\n|\n|t:|1700187400\n|move|p1a: Iron Valiant|Moonblast|p2a: Charizard\n|-resisted|p2a: Charizard\n|-damage|p2a: Charizard|22\/100\n|move|p2a: Charizard|Blaze Kick|p1a: Iron Valiant\n|-supereffective|p1a: Iron Valiant\n|-crit|p1a: Iron Valiant\n|-damage|p1a: Iron Valiant|0 fnt\n|faint|p1a: Iron Valiant\n|-end|p1a: Iron Valiant|Quark Drive|[silent]\n|\n|-weather|none\n|upkeep\n|\n|t:|1700187404\n|switch|p1a: Sneasler|Sneasler, F|100\/100\n|turn|19\n|\n|t:|1700187410\n|detailschange|p2a: Charizard|Charizard-Mega-X, M\n|-mega|p2a: Charizard|Charizard|Charizardite X\n|move|p2a: Charizard|Earthquake|p1a: Sneasler\n|-supereffective|p1a: Sneasler\n|-damage|p1a: Sneasler|0 fnt\n|faint|p1a: Sneasler\n|\n|upkeep\n|\n|t:|1700187413\n|switch|p1a: Sinistcha|Sinistcha-Masterpiece|100\/100\n|turn|20\n|\n|t:|1700187419\n|move|p2a: Charizard|Blaze Kick|p1a: Sinistcha\n|-supereffective|p1a: Sinistcha\n|-damage|p1a: Sinistcha|64\/100\n|-status|p1a: Sinistcha|brn\n|move|p1a: Sinistcha|Strength Sap|p2a: Charizard\n|-unboost|p2a: Charizard|atk|1\n|-heal|p1a: Sinistcha|100\/100 brn\n|\n|-damage|p1a: Sinistcha|98\/100 brn|[from] brn\n|upkeep\n|turn|21\n|\n|t:|1700187428\n|move|p2a: Charizard|Blaze Kick|p1a: Sinistcha\n|-supereffective|p1a: Sinistcha\n|-damage|p1a: Sinistcha|73\/100 brn\n|move|p1a: Sinistcha|Hex|p2a: Charizard\n|-damage|p2a: Charizard|0 fnt\n|faint|p2a: Charizard\n|\n|-damage|p1a: Sinistcha|70\/100 brn|[from] brn\n|upkeep\n|\n|t:|1700187435\n|switch|p2a: Moltres|Moltres|28\/100\n|turn|22\n|\n|t:|1700187440\n|-terastallize|p2a: Moltres|Fire\n|move|p2a: Moltres|Flamethrower|p1a: Sinistcha\n|-supereffective|p1a: Sinistcha\n|-damage|p1a: Sinistcha|13\/100 brn\n|move|p1a: Sinistcha|Calm Mind|p1a: Sinistcha\n|-boost|p1a: Sinistcha|spa|1\n|-boost|p1a: Sinistcha|spd|1\n|\n|-damage|p1a: Sinistcha|10\/100 brn|[from] brn\n|upkeep\n|turn|23\n|\n|t:|1700187445\n|move|p2a: Moltres|Flamethrower|p1a: Sinistcha\n|-supereffective|p1a: Sinistcha\n|-damage|p1a: Sinistcha|0 fnt\n|faint|p1a: Sinistcha\n|\n|win|larsonshark\n|raw|CapnTophat's rating: 1608 &rarr; <strong>1582<\/strong><br \/>(-26 for losing)\n|raw|larsonshark's rating: 1505 &rarr; <strong>1531<\/strong><br \/>(+26 for winning)\n|l|\u2606CapnTophat\n|c|\u2606larsonshark|you didnt praise\n","uploadtime":1700187455,"views":9,"p1id":"capntophat","p2id":"larsonshark","formatid":"gen9nationaldex","rating":1531,"private":0,"password":""}