{"id":"gen9nationaldex-1993588179","p1":"morkell","p2":"Hud015","format":"[Gen 9] National Dex","log":"|j|\u2606morkell\n|j|\u2606Hud015\n|t:|1700334832\n|gametype|singles\n|player|p1|morkell|ethan|\n|player|p2|Hud015|n|\n|teamsize|p1|6\n|teamsize|p2|6\n|gen|9\n|tier|[Gen 9] National Dex\n|rule|HP Percentage Mod: HP is shown in percentages\n|rule|Endless Battle Clause: Forcing endless battles is banned\n|rule|OHKO Clause: OHKO moves are banned\n|rule|Evasion Clause: Evasion abilities, items, and moves are banned\n|rule|Evasion Abilities Clause: Evasion abilities are banned\n|rule|Evasion Items Clause: Evasion items are banned\n|rule|Evasion Moves Clause: Evasion moves are banned\n|rule|Species Clause: Limit one of each Pok\u00e9mon\n|rule|Sleep Clause Mod: Limit one foe put to sleep\n|clearpoke\n|poke|p1|Rotom-Heat|\n|poke|p1|Iron Moth|\n|poke|p1|Gyarados, F|\n|poke|p1|Donphan, M|\n|poke|p1|Bronzong|\n|poke|p1|Decidueye, F|\n|poke|p2|Metang|\n|poke|p2|Ting-Lu|\n|poke|p2|Heatran, M|\n|poke|p2|Azumarill, F|\n|poke|p2|Latias, F|\n|poke|p2|Buzzwole|\n|teampreview\n|inactive|Battle timer is ON: inactive players will automatically lose when time's up. (requested by morkell)\n|c|\u2606Hud015|timer?\n|inactiveoff|Battle timer is now OFF.\n|c|\u2606Hud015|not gonna lie, i expected the kleavor here\n|c|\u2606morkell|I picked a random team I had saved and swapped Iron Leaves with Decidueye\n|\n|t:|1700334969\n|start\n|switch|p1a: Bronzong|Bronzong|100\/100\n|switch|p2a: Benadryl|Ting-Lu|100\/100\n|-ability|p2a: Benadryl|Vessel of Ruin\n|turn|1\n|\n|t:|1700334978\n|move|p2a: Benadryl|Stealth Rock|p1a: Bronzong\n|-sidestart|p1: morkell|move: Stealth Rock\n|move|p1a: Bronzong|Hypnosis|p2a: Benadryl\n|-status|p2a: Benadryl|slp|[from] move: Hypnosis\n|\n|upkeep\n|turn|2\n|\n|t:|1700334986\n|switch|p1a: Decidueye|Decidueye, F|100\/100\n|-damage|p1a: Decidueye|88\/100|[from] Stealth Rock\n|cant|p2a: Benadryl|slp\n|\n|upkeep\n|turn|3\n|\n|t:|1700335005\n|move|p1a: Decidueye|Swords Dance|p1a: Decidueye\n|-boost|p1a: Decidueye|atk|2\n|cant|p2a: Benadryl|slp\n|\n|upkeep\n|turn|4\n|\n|t:|1700335011\n|-terastallize|p2a: Benadryl|Poison\n|move|p1a: Decidueye|Trailblaze|p2a: Benadryl\n|-resisted|p2a: Benadryl\n|-damage|p2a: Benadryl|87\/100 slp\n|-boost|p1a: Decidueye|spe|1\n|-curestatus|p2a: Benadryl|slp|[msg]\n|move|p2a: Benadryl|Whirlwind|p1a: Decidueye\n|drag|p1a: Rotom|Rotom-Heat|100\/100\n|-damage|p1a: Rotom|75\/100|[from] Stealth Rock\n|\n|-heal|p2a: Benadryl|93\/100|[from] item: Leftovers\n|upkeep\n|turn|5\n|\n|t:|1700335029\n|move|p1a: Rotom|Will-O-Wisp|p2a: Benadryl\n|-status|p2a: Benadryl|brn\n|move|p2a: Benadryl|Spikes|p1a: Rotom\n|-sidestart|p1: morkell|Spikes\n|\n|-heal|p2a: Benadryl|99\/100 brn|[from] item: Leftovers\n|-damage|p2a: Benadryl|93\/100 brn|[from] brn\n|upkeep\n|turn|6\n|\n|t:|1700335041\n|move|p1a: Rotom|Overheat|p2a: Benadryl\n|-damage|p2a: Benadryl|73\/100 brn\n|-unboost|p1a: Rotom|spa|2\n|move|p2a: Benadryl|Spikes|p1a: Rotom\n|-sidestart|p1: morkell|Spikes\n|\n|-heal|p2a: Benadryl|80\/100 brn|[from] item: Leftovers\n|-damage|p2a: Benadryl|73\/100 brn|[from] brn\n|upkeep\n|turn|7\n|\n|t:|1700335070\n|switch|p2a: Gutter|Buzzwole, shiny|100\/100\n|move|p1a: Rotom|Volt Switch|p2a: Gutter\n|-damage|p2a: Gutter|84\/100\n|\n|t:|1700335077\n|switch|p1a: Donphan|Donphan, M|100\/100|[from] Volt Switch\n|-damage|p1a: Donphan|94\/100|[from] Stealth Rock\n|-damage|p1a: Donphan|78\/100|[from] Spikes\n|\n|-heal|p1a: Donphan|84\/100|[from] item: Leftovers\n|upkeep\n|turn|8\n|\n|t:|1700335104\n|move|p2a: Gutter|Drain Punch|p1a: Donphan\n|-damage|p1a: Donphan|46\/100\n|-heal|p2a: Gutter|100\/100|[from] drain|[of] p1a: Donphan\n|move|p1a: Donphan|Rapid Spin|p2a: Gutter\n|-crit|p2a: Gutter\n|-damage|p2a: Gutter|83\/100\n|-boost|p1a: Donphan|spe|1\n|-sideend|p1: morkell|Spikes|[from] move: Rapid Spin|[of] p1a: Donphan\n|-sideend|p1: morkell|Stealth Rock|[from] move: Rapid Spin|[of] p1a: Donphan\n|\n|-heal|p1a: Donphan|52\/100|[from] item: Leftovers\n|upkeep\n|turn|9\n|\n|t:|1700335141\n|move|p1a: Donphan|Earthquake|p2a: Gutter\n|-resisted|p2a: Gutter\n|-damage|p2a: Gutter|65\/100\n|move|p2a: Gutter|Rock Tomb|p1a: Donphan\n|-resisted|p1a: Donphan\n|-damage|p1a: Donphan|43\/100\n|-unboost|p1a: Donphan|spe|1\n|\n|-heal|p1a: Donphan|49\/100|[from] item: Leftovers\n|upkeep\n|turn|10\n|\n|t:|1700335153\n|switch|p1a: Bronzong|Bronzong|100\/100\n|move|p2a: Gutter|Drain Punch|p1a: Bronzong\n|-damage|p1a: Bronzong|68\/100\n|-heal|p2a: Gutter|78\/100|[from] drain|[of] p1a: Bronzong\n|\n|-heal|p1a: Bronzong|74\/100|[from] item: Leftovers\n|upkeep\n|turn|11\n|\n|t:|1700335167\n|move|p2a: Gutter|Leech Life|p1a: Bronzong\n|-damage|p1a: Bronzong|40\/100\n|-heal|p2a: Gutter|92\/100|[from] drain|[of] p1a: Bronzong\n|move|p1a: Bronzong|Hypnosis|p2a: Gutter|[miss]\n|-miss|p1a: Bronzong|p2a: Gutter\n|\n|-heal|p1a: Bronzong|46\/100|[from] item: Leftovers\n|upkeep\n|turn|12\n|\n|t:|1700335176\n|move|p2a: Gutter|Leech Life|p1a: Bronzong\n|-damage|p1a: Bronzong|11\/100\n|-heal|p2a: Gutter|100\/100|[from] drain|[of] p1a: Bronzong\n|move|p1a: Bronzong|Hypnosis|p2a: Gutter|[miss]\n|-miss|p1a: Bronzong|p2a: Gutter\n|\n|-heal|p1a: Bronzong|18\/100|[from] item: Leftovers\n|upkeep\n|turn|13\n|\n|t:|1700335189\n|move|p2a: Gutter|Leech Life|p1a: Bronzong\n|-damage|p1a: Bronzong|0 fnt\n|faint|p1a: Bronzong\n|-ability|p2a: Gutter|Beast Boost|boost\n|-boost|p2a: Gutter|atk|1\n|\n|upkeep\n|\n|t:|1700335193\n|switch|p1a: Iron Moth|Iron Moth|100\/100\n|turn|14\n|\n|t:|1700335211\n|switch|p2a: Akainu|Heatran, M|100\/100\n|move|p1a: Iron Moth|Fiery Dance|p2a: Akainu\n|-start|p2a: Akainu|ability: Flash Fire\n|\n|upkeep\n|turn|15\n|\n|t:|1700335230\n|move|p1a: Iron Moth|U-turn|p2a: Akainu\n|-resisted|p2a: Akainu\n|-damage|p2a: Akainu|98\/100\n|\n|t:|1700335237\n|-end|p1a: Iron Moth|Quark Drive|[silent]\n|switch|p1a: Gyarados|Gyarados, F|100\/100|[from] U-turn\n|-ability|p1a: Gyarados|Intimidate|boost\n|-unboost|p2a: Akainu|atk|1\n|move|p2a: Akainu|Magma Storm|p1a: Gyarados\n|-resisted|p1a: Gyarados\n|-crit|p1a: Gyarados\n|-damage|p1a: Gyarados|49\/100\n|-activate|p1a: Gyarados|move: Magma Storm|[of] p2a: Akainu\n|\n|-damage|p1a: Gyarados|36\/100|[from] move: Magma Storm|[partiallytrapped]\n|upkeep\n|turn|16\n|\n|t:|1700335269\n|-end|p2a: Akainu|ability: Flash Fire|[silent]\n|switch|p2a: Gutter|Buzzwole, shiny|100\/100\n|detailschange|p1a: Gyarados|Gyarados-Mega, F\n|-mega|p1a: Gyarados|Gyarados|Gyaradosite\n|-ability|p1a: Gyarados|Mold Breaker\n|move|p1a: Gyarados|Earthquake|p2a: Gutter\n|-resisted|p2a: Gutter\n|-damage|p2a: Gutter|87\/100\n|\n|-end|p1a: Gyarados|Magma Storm|[partiallytrapped]|[silent]\n|upkeep\n|turn|17\n|\n|t:|1700335289\n|switch|p1a: Rotom|Rotom-Heat|75\/100\n|move|p2a: Gutter|Leech Life|p1a: Rotom\n|-resisted|p1a: Rotom\n|-damage|p1a: Rotom|56\/100\n|-heal|p2a: Gutter|94\/100|[from] drain|[of] p1a: Rotom\n|\n|upkeep\n|turn|18\n|\n|t:|1700335295\n|switch|p2a: Akainu|Heatran, M|98\/100\n|move|p1a: Rotom|Will-O-Wisp|p2a: Akainu\n|-start|p2a: Akainu|ability: Flash Fire\n|\n|upkeep\n|turn|19\n|\n|t:|1700335311\n|move|p1a: Rotom|Light Screen|p1a: Rotom\n|-sidestart|p1: morkell|move: Light Screen\n|move|p2a: Akainu|Magma Storm|p1a: Rotom\n|-resisted|p1a: Rotom\n|-damage|p1a: Rotom|34\/100\n|-activate|p1a: Rotom|move: Magma Storm|[of] p2a: Akainu\n|\n|-damage|p1a: Rotom|22\/100|[from] move: Magma Storm|[partiallytrapped]\n|upkeep\n|turn|20\n|\n|t:|1700335327\n|move|p1a: Rotom|Volt Switch|p2a: Akainu\n|-damage|p2a: Akainu|82\/100\n|\n|t:|1700335337\n|switch|p1a: Donphan|Donphan, M|49\/100|[from] Volt Switch\n|move|p2a: Akainu|Magma Storm|p1a: Donphan\n|-crit|p1a: Donphan\n|-damage|p1a: Donphan|0 fnt\n|faint|p1a: Donphan\n|\n|upkeep\n|\n|t:|1700335355\n|switch|p1a: Gyarados|Gyarados-Mega, F|36\/100\n|-ability|p1a: Gyarados|Mold Breaker\n|turn|21\n|\n|t:|1700335370\n|move|p1a: Gyarados|Curse|p1a: Gyarados\n|-unboost|p1a: Gyarados|spe|1\n|-boost|p1a: Gyarados|atk|1\n|-boost|p1a: Gyarados|def|1\n|move|p2a: Akainu|Magma Storm|p1a: Gyarados\n|-resisted|p1a: Gyarados\n|-damage|p1a: Gyarados|21\/100\n|-activate|p1a: Gyarados|move: Magma Storm|[of] p2a: Akainu\n|\n|-damage|p1a: Gyarados|9\/100|[from] move: Magma Storm|[partiallytrapped]\n|upkeep\n|turn|22\n|\n|t:|1700335409\n|move|p2a: Akainu|Magma Storm|p1a: Gyarados\n|-resisted|p1a: Gyarados\n|-damage|p1a: Gyarados|0 fnt\n|faint|p1a: Gyarados\n|\n|upkeep\n|\n|t:|1700335416\n|switch|p1a: Decidueye|Decidueye, F|88\/100\n|turn|23\n|\n|t:|1700335426\n|move|p2a: Akainu|Magma Storm|p1a: Decidueye\n|-supereffective|p1a: Decidueye\n|-damage|p1a: Decidueye|0 fnt\n|faint|p1a: Decidueye\n|\n|-sideend|p1: morkell|move: Light Screen\n|upkeep\n|\n|t:|1700335429\n|switch|p1a: Rotom|Rotom-Heat|22\/100\n|turn|24\n|\n|t:|1700335435\n|move|p1a: Rotom|Overheat|p2a: Akainu\n|-immune|p2a: Akainu|[from] ability: Flash Fire\n|move|p2a: Akainu|Magma Storm|p1a: Rotom\n|-resisted|p1a: Rotom\n|-damage|p1a: Rotom|0 fnt\n|faint|p1a: Rotom\n|\n|upkeep\n|\n|t:|1700335439\n|switch|p1a: Iron Moth|Iron Moth|100\/100\n|turn|25\n|\n|t:|1700335442\n|move|p1a: Iron Moth|Fiery Dance|p2a: Akainu\n|-immune|p2a: Akainu|[from] ability: Flash Fire\n|move|p2a: Akainu|Earth Power|p1a: Iron Moth\n|-supereffective|p1a: Iron Moth\n|-damage|p1a: Iron Moth|0 fnt\n|faint|p1a: Iron Moth\n|-end|p1a: Iron Moth|Quark Drive|[silent]\n|\n|win|Hud015\n|c|\u2606morkell|gg\n|c|\u2606Hud015|gg\n","uploadtime":1700335499,"views":14,"p1id":"morkell","p2id":"hud015","formatid":"gen9nationaldex","rating":0,"private":0,"password":""}