{"id":"gen9nationaldex-1987869229","p1":"lxvliiz","p2":"Kingonius","format":"[Gen 9] National Dex","log":"|j|\u2606lxvliiz\n|j|\u2606Kingonius\n|t:|1699644347\n|gametype|singles\n|player|p1|lxvliiz|guitarist|1167\n|player|p2|Kingonius|dancer|1122\n|teamsize|p1|6\n|teamsize|p2|6\n|gen|9\n|tier|[Gen 9] National Dex\n|rated|\n|rule|HP Percentage Mod: HP is shown in percentages\n|rule|Endless Battle Clause: Forcing endless battles is banned\n|rule|OHKO Clause: OHKO moves are banned\n|rule|Evasion Clause: Evasion abilities, items, and moves are banned\n|rule|Evasion Abilities Clause: Evasion abilities are banned\n|rule|Evasion Items Clause: Evasion items are banned\n|rule|Evasion Moves Clause: Evasion moves are banned\n|rule|Species Clause: Limit one of each Pok\u00e9mon\n|rule|Sleep Clause Mod: Limit one foe put to sleep\n|clearpoke\n|poke|p1|Charizard, F|\n|poke|p1|Azumarill, M|\n|poke|p1|Lilligant-Hisui, F|\n|poke|p1|Aegislash, M|\n|poke|p1|Nidoking, M|\n|poke|p1|Grimmsnarl, M|\n|poke|p2|Swampert, M|\n|poke|p2|Dragonite, F|\n|poke|p2|Sylveon, M|\n|poke|p2|Pelipper, M|\n|poke|p2|Basculegion, M|\n|poke|p2|Celesteela|\n|teampreview\n|\n|t:|1699644361\n|start\n|switch|p1a: Grimmsnarl|Grimmsnarl, M|100\/100\n|switch|p2a: Pelipper|Pelipper, M|100\/100\n|-weather|RainDance|[from] ability: Drizzle|[of] p2a: Pelipper\n|turn|1\n|c|\u2606lxvliiz|oh\n|\n|t:|1699644373\n|move|p1a: Grimmsnarl|Light Screen|p1a: Grimmsnarl\n|-sidestart|p1: lxvliiz|move: Light Screen\n|move|p2a: Pelipper|U-turn|p1a: Grimmsnarl\n|-damage|p1a: Grimmsnarl|89\/100\n|\n|t:|1699644387\n|switch|p2a: Sylveon|Sylveon, M|100\/100|[from] U-turn\n|\n|-weather|RainDance|[upkeep]\n|upkeep\n|turn|2\n|\n|t:|1699644393\n|move|p1a: Grimmsnarl|Reflect|p1a: Grimmsnarl\n|-sidestart|p1: lxvliiz|Reflect\n|move|p2a: Sylveon|Hyper Voice|p1a: Grimmsnarl\n|-supereffective|p1a: Grimmsnarl\n|-damage|p1a: Grimmsnarl|60\/100\n|\n|-weather|RainDance|[upkeep]\n|upkeep\n|turn|3\n|\n|t:|1699644406\n|switch|p2a: Swampert|Swampert, M|100\/100\n|move|p1a: Grimmsnarl|Parting Shot|p2a: Swampert\n|-unboost|p2a: Swampert|atk|1\n|-unboost|p2a: Swampert|spa|1\n|\n|t:|1699644410\n|switch|p1a: Charizard|Charizard, F|100\/100|[from] Parting Shot\n|\n|-weather|RainDance|[upkeep]\n|upkeep\n|turn|4\n|\n|t:|1699644417\n|detailschange|p1a: Charizard|Charizard-Mega-Y, F\n|-mega|p1a: Charizard|Charizard|Charizardite Y\n|-weather|SunnyDay|[from] ability: Drought|[of] p1a: Charizard\n|detailschange|p2a: Swampert|Swampert-Mega, M\n|-mega|p2a: Swampert|Swampert|Swampertite\n|move|p1a: Charizard|Weather Ball|p2a: Swampert\n|-resisted|p2a: Swampert\n|-damage|p2a: Swampert|59\/100\n|move|p2a: Swampert|Waterfall|p1a: Charizard\n|-supereffective|p1a: Charizard\n|-damage|p1a: Charizard|79\/100\n|\n|-weather|SunnyDay|[upkeep]\n|upkeep\n|turn|5\n|\n|t:|1699644428\n|switch|p2a: Pelipper|Pelipper, M|100\/100\n|-weather|RainDance|[from] ability: Drizzle|[of] p2a: Pelipper\n|move|p1a: Charizard|Solar Beam||[still]\n|-prepare|p1a: Charizard|Solar Beam\n|\n|-weather|RainDance|[upkeep]\n|upkeep\n|turn|6\n|\n|t:|1699644436\n|move|p1a: Charizard|Solar Beam|p2a: Pelipper|[from]lockedmove\n|-damage|p2a: Pelipper|68\/100\n|move|p2a: Pelipper|U-turn|p1a: Charizard\n|-resisted|p1a: Charizard\n|-damage|p1a: Charizard|78\/100\n|\n|t:|1699644440\n|switch|p2a: Swampert|Swampert-Mega, M|59\/100|[from] U-turn\n|\n|-weather|RainDance|[upkeep]\n|upkeep\n|turn|7\n|\n|t:|1699644446\n|switch|p1a: Azumarill|Azumarill, M|100\/100\n|move|p2a: Swampert|Waterfall|p1a: Azumarill\n|-resisted|p1a: Azumarill\n|-damage|p1a: Azumarill|82\/100\n|\n|-weather|RainDance|[upkeep]\n|upkeep\n|turn|8\n|\n|t:|1699644455\n|move|p2a: Swampert|Ice Punch|p1a: Azumarill\n|-resisted|p1a: Azumarill\n|-damage|p1a: Azumarill|75\/100\n|move|p1a: Azumarill|Belly Drum|p1a: Azumarill\n|-damage|p1a: Azumarill|25\/100\n|-setboost|p1a: Azumarill|atk|6|[from] move: Belly Drum\n|-enditem|p1a: Azumarill|Sitrus Berry|[eat]\n|-heal|p1a: Azumarill|50\/100|[from] item: Sitrus Berry\n|\n|-weather|RainDance|[upkeep]\n|-sideend|p1: lxvliiz|move: Light Screen\n|upkeep\n|turn|9\n|\n|t:|1699644466\n|switch|p2a: Dragonite|Dragonite, F|100\/100\n|-terastallize|p1a: Azumarill|Water\n|move|p1a: Azumarill|Liquidation|p2a: Dragonite\n|-resisted|p2a: Dragonite\n|-damage|p2a: Dragonite|12\/100\n|-unboost|p2a: Dragonite|def|1\n|\n|-weather|RainDance|[upkeep]\n|-sideend|p1: lxvliiz|Reflect\n|upkeep\n|turn|10\n|\n|t:|1699644472\n|move|p1a: Azumarill|Aqua Jet|p2a: Dragonite\n|-resisted|p2a: Dragonite\n|-damage|p2a: Dragonite|0 fnt\n|faint|p2a: Dragonite\n|\n|-weather|RainDance|[upkeep]\n|upkeep\n|\n|t:|1699644476\n|switch|p2a: Celesteela|Celesteela, shiny|100\/100\n|turn|11\n|\n|t:|1699644485\n|move|p2a: Celesteela|Leech Seed|p1a: Azumarill\n|-start|p1a: Azumarill|move: Leech Seed\n|move|p1a: Azumarill|Liquidation|p2a: Celesteela\n|-damage|p2a: Celesteela|0 fnt\n|faint|p2a: Celesteela\n|\n|-weather|RainDance|[upkeep]\n|upkeep\n|\n|t:|1699644498\n|switch|p2a: Swampert|Swampert-Mega, M|59\/100\n|turn|12\n|\n|t:|1699644504\n|move|p2a: Swampert|Stealth Rock|p1a: Azumarill\n|-sidestart|p1: lxvliiz|move: Stealth Rock\n|move|p1a: Azumarill|Liquidation|p2a: Swampert\n|-damage|p2a: Swampert|0 fnt\n|faint|p2a: Swampert\n|\n|-weather|none\n|upkeep\n|\n|t:|1699644518\n|switch|p2a: Pelipper|Pelipper, M|68\/100\n|-weather|RainDance|[from] ability: Drizzle|[of] p2a: Pelipper\n|turn|13\n|\n|t:|1699644525\n|move|p1a: Azumarill|Aqua Jet|p2a: Pelipper\n|-resisted|p2a: Pelipper\n|-damage|p2a: Pelipper|0 fnt\n|faint|p2a: Pelipper\n|\n|-weather|RainDance|[upkeep]\n|upkeep\n|\n|t:|1699644532\n|switch|p2a: Sylveon|Sylveon, M|100\/100\n|turn|14\n|\n|t:|1699644534\n|move|p2a: Sylveon|Protect|p2a: Sylveon\n|-singleturn|p2a: Sylveon|Protect\n|move|p1a: Azumarill|Aqua Jet|p2a: Sylveon\n|-activate|p2a: Sylveon|move: Protect\n|\n|-weather|RainDance|[upkeep]\n|-damage|p1a: Azumarill|37\/100|[from] Leech Seed|[of] p2a: Sylveon\n|upkeep\n|turn|15\n|\n|t:|1699644540\n|move|p2a: Sylveon|Protect|p2a: Sylveon\n|-singleturn|p2a: Sylveon|Protect\n|move|p1a: Azumarill|Aqua Jet|p2a: Sylveon\n|-activate|p2a: Sylveon|move: Protect\n|\n|-weather|RainDance|[upkeep]\n|-damage|p1a: Azumarill|25\/100|[from] Leech Seed|[of] p2a: Sylveon\n|upkeep\n|turn|16\n|\n|t:|1699644555\n|move|p1a: Azumarill|Aqua Jet|p2a: Sylveon\n|-damage|p2a: Sylveon|0 fnt\n|faint|p2a: Sylveon\n|\n|-weather|RainDance|[upkeep]\n|upkeep\n|\n|t:|1699644559\n|switch|p2a: Basculegion|Basculegion, M, shiny|100\/100\n|turn|17\n|\n|t:|1699644562\n|-terastallize|p2a: Basculegion|Water\n|move|p1a: Azumarill|Aqua Jet|p2a: Basculegion\n|-resisted|p2a: Basculegion\n|-damage|p2a: Basculegion|0 fnt\n|faint|p2a: Basculegion\n|\n|win|lxvliiz\n|raw|lxvliiz's rating: 1167 &rarr; <strong>1189<\/strong><br \/>(+22 for winning)\n|raw|Kingonius's rating: 1122 &rarr; <strong>1100<\/strong><br \/>(-22 for losing)\n|l|\u2606Kingonius\n|c|\u2606lxvliiz|azumarill go crazy\n","uploadtime":1699644570,"views":4,"p1id":"lxvliiz","p2id":"kingonius","formatid":"gen9nationaldex","rating":1100,"private":0,"password":""}