{"id":"gen9nationaldex-1987776903","p1":"Power Panpour","p2":"AJEZ","format":"[Gen 9] National Dex","log":"|j|\u2606Power Panpour\n|j|\u2606AJEZ\n|t:|1699635913\n|gametype|singles\n|player|p1|Power Panpour|ingo|1052\n|player|p2|AJEZ|2|1082\n|teamsize|p1|6\n|teamsize|p2|6\n|gen|9\n|tier|[Gen 9] National Dex\n|rated|\n|rule|HP Percentage Mod: HP is shown in percentages\n|rule|Endless Battle Clause: Forcing endless battles is banned\n|rule|OHKO Clause: OHKO moves are banned\n|rule|Evasion Clause: Evasion abilities, items, and moves are banned\n|rule|Evasion Abilities Clause: Evasion abilities are banned\n|rule|Evasion Items Clause: Evasion items are banned\n|rule|Evasion Moves Clause: Evasion moves are banned\n|rule|Species Clause: Limit one of each Pok\u00e9mon\n|rule|Sleep Clause Mod: Limit one foe put to sleep\n|clearpoke\n|poke|p1|Pincurchin, F|\n|poke|p1|Gyarados, M|\n|poke|p1|Iron Valiant|\n|poke|p1|Dragonite, F|\n|poke|p1|Tapu Koko|\n|poke|p1|Rhyhorn, M|\n|poke|p2|Gliscor, F|\n|poke|p2|Scizor, M|\n|poke|p2|Great Tusk|\n|poke|p2|Kommo-o, F|\n|poke|p2|Samurott-Hisui, M|\n|poke|p2|Rotom-Wash|\n|teampreview\n|inactive|Battle timer is ON: inactive players will automatically lose when time's up. (requested by Power Panpour)\n|\n|t:|1699635919\n|start\n|switch|p1a: Pincurchin|Pincurchin, F|100\/100\n|switch|p2a: Gliscor|Gliscor, F|100\/100\n|turn|1\n|\n|t:|1699635925\n|-terastallize|p1a: Pincurchin|Normal\n|move|p2a: Gliscor|Toxic Spikes|p1a: Pincurchin\n|-sidestart|p1: Power Panpour|move: Toxic Spikes\n|move|p1a: Pincurchin|Self-Destruct|p2a: Gliscor\n|-damage|p2a: Gliscor|0 fnt\n|faint|p1a: Pincurchin\n|faint|p2a: Gliscor\n|\n|upkeep\n|inactive|AJEZ has 120 seconds left.\n|\n|t:|1699635958\n|switch|p2a: Samurott|Samurott-Hisui, M|100\/100\n|switch|p1a: Rhyhorn|Rhyhorn, M|100\/100\n|-status|p1a: Rhyhorn|psn\n|turn|2\n|\n|t:|1699635964\n|move|p2a: Samurott|Razor Shell|p1a: Rhyhorn\n|-supereffective|p1a: Rhyhorn\n|-enditem|p1a: Rhyhorn|Focus Sash\n|-damage|p1a: Rhyhorn|1\/100 psn\n|-unboost|p1a: Rhyhorn|def|1\n|move|p1a: Rhyhorn|Counter|p2a: Samurott\n|-damage|p2a: Samurott|0 fnt\n|faint|p2a: Samurott\n|\n|-damage|p1a: Rhyhorn|0 fnt|[from] psn\n|faint|p1a: Rhyhorn\n|upkeep\n|\n|t:|1699635978\n|switch|p2a: Rotom|Rotom-Wash|100\/100\n|switch|p1a: Tapu Koko|Tapu Koko|100\/100\n|-status|p1a: Tapu Koko|psn\n|-fieldstart|move: Electric Terrain|[from] ability: Electric Surge|[of] p1a: Tapu Koko\n|turn|3\n|inactive|AJEZ has 120 seconds left.\n|\n|t:|1699635993\n|move|p1a: Tapu Koko|Thunderbolt|p2a: Rotom\n|-damage|p2a: Rotom|9\/100\n|move|p2a: Rotom|Hydro Pump|p1a: Tapu Koko|[miss]\n|-miss|p2a: Rotom|p1a: Tapu Koko\n|\n|-heal|p2a: Rotom|15\/100|[from] item: Leftovers\n|-damage|p1a: Tapu Koko|88\/100 psn|[from] psn\n|upkeep\n|turn|4\n|\n|t:|1699635998\n|move|p1a: Tapu Koko|Thunderbolt|p2a: Rotom\n|-damage|p2a: Rotom|0 fnt\n|faint|p2a: Rotom\n|\n|-damage|p1a: Tapu Koko|76\/100 psn|[from] psn\n|upkeep\n|\n|t:|1699636001\n|switch|p2a: Scizor|Scizor, M|100\/100\n|turn|5\n|\n|t:|1699636003\n|detailschange|p2a: Scizor|Scizor-Mega, M\n|-mega|p2a: Scizor|Scizor|Scizorite\n|move|p1a: Tapu Koko|Thunderbolt|p2a: Scizor\n|-crit|p2a: Scizor\n|-damage|p2a: Scizor|0 fnt\n|faint|p2a: Scizor\n|\n|-damage|p1a: Tapu Koko|63\/100 psn|[from] psn\n|upkeep\n|\n|t:|1699636008\n|switch|p2a: Great Tusk|Great Tusk|100\/100\n|turn|6\n|\n|t:|1699636012\n|switch|p1a: Dragonite|Dragonite, F|100\/100\n|move|p2a: Great Tusk|Headlong Rush|p1a: Dragonite\n|-immune|p1a: Dragonite\n|\n|upkeep\n|turn|7\n|-message|AJEZ forfeited.\n|\n|win|Power Panpour\n|raw|Power Panpour's rating: 1052 &rarr; <strong>1087<\/strong><br \/>(+35 for winning)\n|raw|AJEZ's rating: 1082 &rarr; <strong>1058<\/strong><br \/>(-24 for losing)\n|l|\u2606AJEZ\n","uploadtime":1699636025,"views":14,"p1id":"powerpanpour","p2id":"ajez","formatid":"gen9nationaldex","rating":1058,"private":0,"password":""}