{"id":"gen9nationaldex-1990599085","p1":"RandoTestAccount","p2":"The challenger123","format":"[Gen 9] National Dex","log":"|j|\u2606RandoTestAccount\n|j|\u2606The challenger123\n|t:|1699984617\n|gametype|singles\n|player|p1|RandoTestAccount|pokemonrangerf|1198\n|player|p2|The challenger123|li|1328\n|teamsize|p1|6\n|teamsize|p2|6\n|gen|9\n|tier|[Gen 9] National Dex\n|rated|\n|rule|HP Percentage Mod: HP is shown in percentages\n|rule|Endless Battle Clause: Forcing endless battles is banned\n|rule|OHKO Clause: OHKO moves are banned\n|rule|Evasion Clause: Evasion abilities, items, and moves are banned\n|rule|Evasion Abilities Clause: Evasion abilities are banned\n|rule|Evasion Items Clause: Evasion items are banned\n|rule|Evasion Moves Clause: Evasion moves are banned\n|rule|Species Clause: Limit one of each Pok\u00e9mon\n|rule|Sleep Clause Mod: Limit one foe put to sleep\n|clearpoke\n|poke|p1|Umbreon, F|\n|poke|p1|Excadrill, F|\n|poke|p1|Corviknight, F|\n|poke|p1|Tapu Fini|\n|poke|p1|Sableye, F|\n|poke|p1|Dragalge, F|\n|poke|p2|Alomomola, F|\n|poke|p2|Pelipper, F|\n|poke|p2|Dondozo, M|\n|poke|p2|Clodsire, F|\n|poke|p2|Kingdra, M|\n|poke|p2|Swampert, M|\n|teampreview\n|inactive|Battle timer is ON: inactive players will automatically lose when time's up. (requested by RandoTestAccount)\n|\n|t:|1699984643\n|start\n|switch|p1a: Spectre of Emerald|Sableye, F, shiny|100\/100\n|switch|p2a: Pelipper|Pelipper, F|100\/100\n|-weather|RainDance|[from] ability: Drizzle|[of] p2a: Pelipper\n|turn|1\n|\n|t:|1699984661\n|move|p1a: Spectre of Emerald|Calm Mind|p1a: Spectre of Emerald\n|-boost|p1a: Spectre of Emerald|spa|1\n|-boost|p1a: Spectre of Emerald|spd|1\n|move|p2a: Pelipper|Weather Ball|p1a: Spectre of Emerald\n|-damage|p1a: Spectre of Emerald|49\/100\n|\n|-weather|RainDance|[upkeep]\n|upkeep\n|turn|2\n|\n|t:|1699984676\n|move|p1a: Spectre of Emerald|Calm Mind|p1a: Spectre of Emerald\n|-boost|p1a: Spectre of Emerald|spa|1\n|-boost|p1a: Spectre of Emerald|spd|1\n|move|p2a: Pelipper|Weather Ball|p1a: Spectre of Emerald\n|-damage|p1a: Spectre of Emerald|7\/100\n|\n|-weather|RainDance|[upkeep]\n|upkeep\n|turn|3\n|\n|t:|1699984684\n|move|p1a: Spectre of Emerald|Recover|p1a: Spectre of Emerald\n|-heal|p1a: Spectre of Emerald|57\/100\n|move|p2a: Pelipper|U-turn|p1a: Spectre of Emerald\n|-damage|p1a: Spectre of Emerald|49\/100\n|\n|t:|1699984690\n|switch|p2a: Dondozo|Dondozo, M|100\/100|[from] U-turn\n|\n|-weather|RainDance|[upkeep]\n|upkeep\n|turn|4\n|\n|t:|1699984696\n|move|p1a: Spectre of Emerald|Will-O-Wisp|p2a: Dondozo\n|-status|p2a: Dondozo|brn\n|move|p2a: Dondozo|Curse|p2a: Dondozo\n|-unboost|p2a: Dondozo|spe|1\n|-boost|p2a: Dondozo|atk|1\n|-boost|p2a: Dondozo|def|1\n|\n|-weather|RainDance|[upkeep]\n|-damage|p2a: Dondozo|94\/100 brn|[from] brn\n|upkeep\n|turn|5\n|\n|t:|1699984711\n|switch|p1a: Agony Steelheart|Dragalge, F, shiny|100\/100\n|move|p2a: Dondozo|Curse|p2a: Dondozo\n|-unboost|p2a: Dondozo|spe|1\n|-boost|p2a: Dondozo|atk|1\n|-boost|p2a: Dondozo|def|1\n|\n|-weather|RainDance|[upkeep]\n|-damage|p2a: Dondozo|88\/100 brn|[from] brn\n|upkeep\n|turn|6\n|\n|t:|1699984723\n|move|p1a: Agony Steelheart|Acid Spray|p2a: Dondozo\n|-damage|p2a: Dondozo|76\/100 brn\n|-unboost|p2a: Dondozo|spd|2\n|move|p2a: Dondozo|Earthquake|p1a: Agony Steelheart\n|-supereffective|p1a: Agony Steelheart\n|-damage|p1a: Agony Steelheart|47\/100\n|\n|-weather|RainDance|[upkeep]\n|-heal|p1a: Agony Steelheart|53\/100|[from] item: Black Sludge\n|-damage|p2a: Dondozo|70\/100 brn|[from] brn\n|upkeep\n|turn|7\n|\n|t:|1699984733\n|move|p1a: Agony Steelheart|Dragon Pulse|p2a: Dondozo\n|-damage|p2a: Dondozo|20\/100 brn\n|move|p2a: Dondozo|Curse|p2a: Dondozo\n|-unboost|p2a: Dondozo|spe|1\n|-boost|p2a: Dondozo|atk|1\n|-boost|p2a: Dondozo|def|1\n|\n|-weather|RainDance|[upkeep]\n|-heal|p1a: Agony Steelheart|59\/100|[from] item: Black Sludge\n|-damage|p2a: Dondozo|14\/100 brn|[from] brn\n|upkeep\n|turn|8\n|\n|t:|1699984748\n|switch|p2a: Alomomola|Alomomola, F|100\/100\n|move|p1a: Agony Steelheart|Dragon Pulse|p2a: Alomomola\n|-damage|p2a: Alomomola|68\/100\n|\n|-weather|none\n|-heal|p2a: Alomomola|74\/100|[from] item: Leftovers\n|-heal|p1a: Agony Steelheart|65\/100|[from] item: Black Sludge\n|upkeep\n|turn|9\n|\n|t:|1699984759\n|move|p2a: Alomomola|Wish|p2a: Alomomola\n|move|p1a: Agony Steelheart|Toxic|p2a: Alomomola\n|-status|p2a: Alomomola|tox\n|\n|-heal|p2a: Alomomola|81\/100 tox|[from] item: Leftovers\n|-heal|p1a: Agony Steelheart|71\/100|[from] item: Black Sludge\n|-damage|p2a: Alomomola|74\/100 tox|[from] psn\n|upkeep\n|turn|10\n|\n|t:|1699984774\n|switch|p2a: Kingdra|Kingdra, M|100\/100\n|move|p1a: Agony Steelheart|Dragon Pulse|p2a: Kingdra\n|-supereffective|p2a: Kingdra\n|-damage|p2a: Kingdra|8\/100\n|\n|-heal|p2a: Kingdra|95\/100|[from] move: Wish|[wisher] Alomomola\n|-heal|p1a: Agony Steelheart|77\/100|[from] item: Black Sludge\n|upkeep\n|turn|11\n|\n|t:|1699984796\n|switch|p1a: The Droplet Tear|Tapu Fini, shiny|100\/100\n|-fieldstart|move: Misty Terrain|[from] ability: Misty Surge|[of] p1a: The Droplet Tear\n|move|p2a: Kingdra|Scald|p1a: The Droplet Tear\n|-resisted|p1a: The Droplet Tear\n|-damage|p1a: The Droplet Tear|79\/100\n|\n|-heal|p1a: The Droplet Tear|85\/100|[from] item: Leftovers\n|upkeep\n|turn|12\n|\n|t:|1699984809\n|switch|p2a: Alomomola|Alomomola, F|100\/100 tox\n|move|p1a: The Droplet Tear|Calm Mind|p1a: The Droplet Tear\n|-boost|p1a: The Droplet Tear|spa|1\n|-boost|p1a: The Droplet Tear|spd|1\n|\n|-heal|p1a: The Droplet Tear|91\/100|[from] item: Leftovers\n|-damage|p2a: Alomomola|94\/100 tox|[from] psn\n|upkeep\n|turn|13\n|inactive|RandoTestAccount has 120 seconds left.\n|\n|t:|1699984854\n|move|p1a: The Droplet Tear|Substitute|p1a: The Droplet Tear\n|-start|p1a: The Droplet Tear|Substitute\n|-damage|p1a: The Droplet Tear|66\/100\n|move|p2a: Alomomola|Wish|p2a: Alomomola\n|\n|-heal|p1a: The Droplet Tear|72\/100|[from] item: Leftovers\n|-heal|p2a: Alomomola|100\/100 tox|[from] item: Leftovers\n|-damage|p2a: Alomomola|88\/100 tox|[from] psn\n|upkeep\n|turn|14\n|\n|t:|1699984865\n|switch|p2a: Dondozo|Dondozo, M|14\/100 brn\n|move|p1a: The Droplet Tear|Moonblast|p2a: Dondozo\n|-damage|p2a: Dondozo|0 fnt\n|faint|p2a: Dondozo\n|\n|-heal|p1a: The Droplet Tear|78\/100|[from] item: Leftovers\n|upkeep\n|\n|t:|1699984877\n|switch|p2a: Mr.punchy|Swampert, M|100\/100\n|turn|15\n|\n|t:|1699984884\n|detailschange|p2a: Mr.punchy|Swampert-Mega, M\n|-mega|p2a: Mr.punchy|Swampert|Swampertite\n|move|p1a: The Droplet Tear|Moonblast|p2a: Mr.punchy\n|-damage|p2a: Mr.punchy|59\/100\n|move|p2a: Mr.punchy|Waterfall|p1a: The Droplet Tear\n|-resisted|p1a: The Droplet Tear\n|-activate|p1a: The Droplet Tear|move: Substitute|[damage]\n|\n|-heal|p1a: The Droplet Tear|85\/100|[from] item: Leftovers\n|-fieldend|Misty Terrain\n|upkeep\n|turn|16\n|-message|The challenger123 forfeited.\n|\n|win|RandoTestAccount\n|raw|RandoTestAccount's rating: 1198 &rarr; <strong>1232<\/strong><br \/>(+34 for winning)\n|raw|The challenger123's rating: 1328 &rarr; <strong>1301<\/strong><br \/>(-27 for losing)\n|l|\u2606The challenger123\n","uploadtime":1699984908,"views":4,"p1id":"randotestaccount","p2id":"thechallenger123","formatid":"gen9nationaldex","rating":1232,"private":0,"password":""}