{"id":"gen9nationaldex-1990484233","p1":"ijdfqwifq","p2":"Pokekaiju1954","format":"[Gen 9] National Dex","log":"|j|\u2606ijdfqwifq\n|j|\u2606Pokekaiju1954\n|t:|1699975175\n|gametype|singles\n|player|p1|ijdfqwifq|102|1024\n|player|p2|Pokekaiju1954|red-masters|1045\n|teamsize|p1|6\n|teamsize|p2|6\n|gen|9\n|tier|[Gen 9] National Dex\n|rated|\n|rule|HP Percentage Mod: HP is shown in percentages\n|rule|Endless Battle Clause: Forcing endless battles is banned\n|rule|OHKO Clause: OHKO moves are banned\n|rule|Evasion Clause: Evasion abilities, items, and moves are banned\n|rule|Evasion Abilities Clause: Evasion abilities are banned\n|rule|Evasion Items Clause: Evasion items are banned\n|rule|Evasion Moves Clause: Evasion moves are banned\n|rule|Species Clause: Limit one of each Pok\u00e9mon\n|rule|Sleep Clause Mod: Limit one foe put to sleep\n|clearpoke\n|poke|p1|Mew|\n|poke|p1|Carbink|\n|poke|p1|Illumise, F|\n|poke|p1|Sableye, M|\n|poke|p1|Shuckle, M|\n|poke|p1|Uxie|\n|poke|p2|Tyranitar, M|\n|poke|p2|Duraludon, F|\n|poke|p2|Hydreigon, M|\n|poke|p2|Nidoking, M|\n|poke|p2|Volcarona, F|\n|poke|p2|Aerodactyl, M|\n|teampreview\n|\n|t:|1699975187\n|start\n|switch|p1a: Uxie|Uxie|100\/100\n|switch|p2a: Godzilla|Tyranitar, M|100\/100\n|-weather|Sandstorm|[from] ability: Sand Stream|[of] p2a: Godzilla\n|turn|1\n|\n|t:|1699975195\n|move|p1a: Uxie|Yawn|p2a: Godzilla\n|-start|p2a: Godzilla|move: Yawn|[of] p1a: Uxie\n|move|p2a: Godzilla|Knock Off|p1a: Uxie\n|-supereffective|p1a: Uxie\n|-crit|p1a: Uxie\n|-damage|p1a: Uxie|0 fnt\n|-enditem|p1a: Uxie|Leftovers|[from] move: Knock Off|[of] p2a: Godzilla\n|faint|p1a: Uxie\n|\n|-weather|Sandstorm|[upkeep]\n|upkeep\n|\n|t:|1699975206\n|switch|p1a: Shuckle|Shuckle, M|100\/100\n|turn|2\n|\n|t:|1699975212\n|switch|p2a: Duraludon|Duraludon, F|100\/100\n|move|p1a: Shuckle|Sticky Web|p2a: Duraludon\n|-sidestart|p2: Pokekaiju1954|move: Sticky Web\n|\n|-weather|Sandstorm|[upkeep]\n|upkeep\n|turn|3\n|\n|t:|1699975220\n|move|p2a: Duraludon|Stealth Rock|p1a: Shuckle\n|-sidestart|p1: ijdfqwifq|move: Stealth Rock\n|move|p1a: Shuckle|Encore|p2a: Duraludon\n|-start|p2a: Duraludon|Encore\n|\n|-weather|Sandstorm|[upkeep]\n|upkeep\n|turn|4\n|\n|t:|1699975227\n|switch|p2a: Gidorah|Hydreigon, M|100\/100\n|move|p1a: Shuckle|Toxic|p2a: Gidorah\n|-status|p2a: Gidorah|tox\n|\n|-weather|Sandstorm|[upkeep]\n|-damage|p2a: Gidorah|94\/100 tox|[from] Sandstorm\n|-damage|p2a: Gidorah|88\/100 tox|[from] psn\n|upkeep\n|turn|5\n|\n|t:|1699975232\n|move|p2a: Gidorah|Flash Cannon|p1a: Shuckle\n|-supereffective|p1a: Shuckle\n|-damage|p1a: Shuckle|73\/100\n|move|p1a: Shuckle|Stealth Rock|p2a: Gidorah\n|-sidestart|p2: Pokekaiju1954|move: Stealth Rock\n|\n|-weather|none\n|-damage|p2a: Gidorah|76\/100 tox|[from] psn\n|upkeep\n|turn|6\n|\n|t:|1699975239\n|move|p2a: Gidorah|Flash Cannon|p1a: Shuckle\n|-supereffective|p1a: Shuckle\n|-damage|p1a: Shuckle|26\/100\n|move|p1a: Shuckle|Encore|p2a: Gidorah\n|-start|p2a: Gidorah|Encore\n|\n|-damage|p2a: Gidorah|58\/100 tox|[from] psn\n|upkeep\n|turn|7\n|\n|t:|1699975251\n|move|p2a: Gidorah|Flash Cannon|p1a: Shuckle\n|-supereffective|p1a: Shuckle\n|-damage|p1a: Shuckle|0 fnt\n|faint|p1a: Shuckle\n|\n|-damage|p2a: Gidorah|33\/100 tox|[from] psn\n|upkeep\n|\n|t:|1699975256\n|switch|p1a: Illumise|Illumise, F|100\/100\n|-damage|p1a: Illumise|76\/100|[from] Stealth Rock\n|turn|8\n|\n|t:|1699975261\n|switch|p2a: Godzilla|Tyranitar, M|100\/100\n|-activate|p2a: Godzilla|move: Sticky Web\n|-unboost|p2a: Godzilla|spe|1\n|-damage|p2a: Godzilla|88\/100|[from] Stealth Rock\n|-weather|Sandstorm|[from] ability: Sand Stream|[of] p2a: Godzilla\n|move|p1a: Illumise|U-turn|p2a: Godzilla\n|-supereffective|p2a: Godzilla\n|-damage|p2a: Godzilla|67\/100\n|\n|t:|1699975274\n|switch|p1a: Sableye|Sableye, M|100\/100|[from] U-turn\n|-damage|p1a: Sableye|88\/100|[from] Stealth Rock\n|\n|-weather|Sandstorm|[upkeep]\n|-damage|p1a: Sableye|82\/100|[from] Sandstorm\n|upkeep\n|turn|9\n|\n|t:|1699975280\n|move|p1a: Sableye|Toxic|p2a: Godzilla\n|-hint|Since gen 7, Dark is immune to Prankster moves.\n|-immune|p2a: Godzilla\n|move|p2a: Godzilla|Knock Off|p1a: Sableye\n|-crit|p1a: Sableye\n|-damage|p1a: Sableye|20\/100\n|\n|-weather|Sandstorm|[upkeep]\n|-damage|p1a: Sableye|13\/100|[from] Sandstorm\n|upkeep\n|turn|10\n|\n|t:|1699975287\n|move|p1a: Sableye|Pain Split|p2a: Godzilla\n|-hint|Since gen 7, Dark is immune to Prankster moves.\n|-immune|p2a: Godzilla\n|move|p2a: Godzilla|Pursuit|p1a: Sableye\n|-crit|p1a: Sableye\n|-damage|p1a: Sableye|0 fnt\n|faint|p1a: Sableye\n|\n|-weather|Sandstorm|[upkeep]\n|upkeep\n|\n|t:|1699975296\n|switch|p1a: Illumise|Illumise, F|76\/100\n|-damage|p1a: Illumise|51\/100|[from] Stealth Rock\n|turn|11\n|\n|t:|1699975299\n|move|p1a: Illumise|Encore|p2a: Godzilla\n|-hint|Since gen 7, Dark is immune to Prankster moves.\n|-immune|p2a: Godzilla\n|move|p2a: Godzilla|Rock Slide|p1a: Illumise\n|-supereffective|p1a: Illumise\n|-damage|p1a: Illumise|0 fnt\n|faint|p1a: Illumise\n|\n|-weather|Sandstorm|[upkeep]\n|upkeep\n|-message|ijdfqwifq forfeited.\n|\n|win|Pokekaiju1954\n|raw|ijdfqwifq's rating: 1024 &rarr; <strong>1011<\/strong><br \/>(-13 for losing)\n|raw|Pokekaiju1954's rating: 1045 &rarr; <strong>1076<\/strong><br \/>(+31 for winning)\n|l|\u2606ijdfqwifq\n","uploadtime":1699975307,"views":6,"p1id":"ijdfqwifq","p2id":"pokekaiju1954","formatid":"gen9nationaldex","rating":1011,"private":0,"password":""}