{"id":"gen9nationaldex-1998091626","p1":"NDSNEZTee","p2":"qingxiaqin","format":"[Gen 9] National Dex","log":"|html|<div class=\"broadcast-blue\"><strong>[Gen 9] National Dex is currently suspecting Sneasler! For information on how to participate check out the <a href=\"https:\/\/www.smogon.com\/forums\/threads\/sv-national-dex-suspect-8-just-dance.3731534\/\">suspect thread<\/a>.<\/strong><\/div>\n|j|\u2606NDSNEZTee\n|j|\u2606qingxiaqin\n|t:|1700889861\n|gametype|singles\n|player|p1|NDSNEZTee|unknown|1371\n|player|p2|qingxiaqin|265|1309\n|teamsize|p1|6\n|teamsize|p2|6\n|gen|9\n|tier|[Gen 9] National Dex\n|rated|\n|rule|HP Percentage Mod: HP is shown in percentages\n|rule|Endless Battle Clause: Forcing endless battles is banned\n|rule|OHKO Clause: OHKO moves are banned\n|rule|Evasion Clause: Evasion abilities, items, and moves are banned\n|rule|Evasion Abilities Clause: Evasion abilities are banned\n|rule|Evasion Items Clause: Evasion items are banned\n|rule|Evasion Moves Clause: Evasion moves are banned\n|rule|Species Clause: Limit one of each Pok\u00e9mon\n|rule|Sleep Clause Mod: Limit one foe put to sleep\n|clearpoke\n|poke|p1|Pelipper, M|\n|poke|p1|Swampert, M|\n|poke|p1|Greninja-*, M|\n|poke|p1|Zapdos|\n|poke|p1|Ferrothorn, M|\n|poke|p1|Ogerpon-Wellspring, F|\n|poke|p2|Tropius, F|\n|poke|p2|Cursola, M|\n|poke|p2|Altaria, F|\n|poke|p2|Hoopa-Unbound|\n|poke|p2|Landorus-Therian, M|\n|poke|p2|Tyranitar, F|\n|teampreview\n|inactive|Battle timer is ON: inactive players will automatically lose when time's up. (requested by qingxiaqin)\n|\n|t:|1700889871\n|start\n|switch|p1a: Poseidon|Swampert, M|100\/100\n|switch|p2a: Hoopa|Hoopa-Unbound|100\/100\n|turn|1\n|\n|t:|1700889890\n|switch|p2a: Tropius|Tropius, F|100\/100\n|detailschange|p1a: Poseidon|Swampert-Mega, M\n|-mega|p1a: Poseidon|Swampert|Swampertite\n|move|p1a: Poseidon|Flip Turn|p2a: Tropius\n|-resisted|p2a: Tropius\n|-damage|p2a: Tropius|82\/100\n|\n|t:|1700889896\n|switch|p1a: Smol Birb|Pelipper, M|100\/100|[from] Flip Turn\n|-weather|RainDance|[from] ability: Drizzle|[of] p1a: Smol Birb\n|\n|-weather|RainDance|[upkeep]\n|upkeep\n|turn|2\n|\n|t:|1700889910\n|move|p1a: Smol Birb|U-turn|p2a: Tropius\n|-damage|p2a: Tropius|73\/100\n|\n|t:|1700889913\n|switch|p1a: Big Birb|Zapdos|100\/100|[from] U-turn\n|move|p2a: Tropius|Substitute|p2a: Tropius\n|-start|p2a: Tropius|Substitute\n|-damage|p2a: Tropius|48\/100\n|-enditem|p2a: Tropius|Sitrus Berry|[eat]\n|-heal|p2a: Tropius|73\/100|[from] item: Sitrus Berry\n|\n|-weather|RainDance|[upkeep]\n|-item|p2a: Tropius|Sitrus Berry|[from] ability: Harvest\n|upkeep\n|turn|3\n|\n|t:|1700889924\n|move|p1a: Big Birb|Hurricane|p2a: Tropius\n|-supereffective|p2a: Tropius\n|-end|p2a: Tropius|Substitute\n|move|p2a: Tropius|Dragon Dance|p2a: Tropius\n|-boost|p2a: Tropius|atk|1\n|-boost|p2a: Tropius|spe|1\n|\n|-weather|RainDance|[upkeep]\n|upkeep\n|turn|4\n|\n|t:|1700889936\n|switch|p2a: Tyranitar|Tyranitar, F|100\/100\n|-weather|Sandstorm|[from] ability: Sand Stream|[of] p2a: Tyranitar\n|move|p1a: Big Birb|Hurricane|p2a: Tyranitar\n|-resisted|p2a: Tyranitar\n|-damage|p2a: Tyranitar|87\/100\n|-start|p2a: Tyranitar|confusion\n|\n|-weather|Sandstorm|[upkeep]\n|-damage|p1a: Big Birb|94\/100|[from] Sandstorm\n|-heal|p2a: Tyranitar|93\/100|[from] item: Leftovers\n|upkeep\n|turn|5\n|\n|t:|1700889944\n|switch|p1a: Poseidon|Swampert-Mega, M|100\/100\n|-activate|p2a: Tyranitar|confusion\n|move|p2a: Tyranitar|Stealth Rock|p1a: Poseidon\n|-sidestart|p1: NDSNEZTee|move: Stealth Rock\n|\n|-weather|Sandstorm|[upkeep]\n|-heal|p2a: Tyranitar|99\/100|[from] item: Leftovers\n|upkeep\n|turn|6\n|\n|t:|1700889955\n|move|p1a: Poseidon|Flip Turn|p2a: Tyranitar\n|-supereffective|p2a: Tyranitar\n|-damage|p2a: Tyranitar|36\/100\n|\n|t:|1700889961\n|switch|p1a: Nanomachines son|Ferrothorn, M|100\/100|[from] Flip Turn\n|-damage|p1a: Nanomachines son|94\/100|[from] Stealth Rock\n|-end|p2a: Tyranitar|confusion\n|move|p2a: Tyranitar|Knock Off|p1a: Nanomachines son\n|-damage|p1a: Nanomachines son|53\/100\n|-damage|p2a: Tyranitar|23\/100|[from] ability: Iron Barbs|[of] p1a: Nanomachines son\n|-enditem|p1a: Nanomachines son|Leftovers|[from] move: Knock Off|[of] p2a: Tyranitar\n|\n|-weather|Sandstorm|[upkeep]\n|-heal|p2a: Tyranitar|29\/100|[from] item: Leftovers\n|upkeep\n|turn|7\n|\n|t:|1700889968\n|move|p2a: Tyranitar|Fire Punch|p1a: Nanomachines son\n|-supereffective|p1a: Nanomachines son\n|-damage|p1a: Nanomachines son|0 fnt\n|-damage|p2a: Tyranitar|17\/100|[from] ability: Iron Barbs|[of] p1a: Nanomachines son\n|faint|p1a: Nanomachines son\n|\n|-weather|Sandstorm|[upkeep]\n|-heal|p2a: Tyranitar|23\/100|[from] item: Leftovers\n|upkeep\n|\n|t:|1700889974\n|switch|p1a: Poseidon|Swampert-Mega, M|100\/100\n|-damage|p1a: Poseidon|94\/100|[from] Stealth Rock\n|turn|8\n|\n|t:|1700889982\n|switch|p2a: Cursola|Cursola, M|100\/100\n|move|p1a: Poseidon|Flip Turn|p2a: Cursola\n|-damage|p2a: Cursola|59\/100\n|-ability|p2a: Cursola|Perish Body\n|\n|t:|1700889989\n|switch|p1a: Smol Birb|Pelipper, M|100\/100|[from] Flip Turn\n|-damage|p1a: Smol Birb|76\/100|[from] Stealth Rock\n|-weather|RainDance|[from] ability: Drizzle|[of] p1a: Smol Birb\n|\n|-weather|RainDance|[upkeep]\n|-heal|p2a: Cursola|65\/100|[from] item: Leftovers\n|-start|p2a: Cursola|perish3\n|upkeep\n|turn|9\n|\n|t:|1700889996\n|move|p1a: Smol Birb|Defog|p2a: Cursola\n|-unboost|p2a: Cursola|evasion|1\n|-sideend|p1: NDSNEZTee|Stealth Rock|[from] move: Defog|[of] p1a: Smol Birb\n|move|p2a: Cursola|Strength Sap|p1a: Smol Birb\n|-unboost|p1a: Smol Birb|atk|1\n|-heal|p2a: Cursola|100\/100\n|\n|-weather|RainDance|[upkeep]\n|-start|p2a: Cursola|perish2\n|upkeep\n|turn|10\n|\n|t:|1700890009\n|switch|p2a: Altaria|Altaria, F|100\/100\n|move|p1a: Smol Birb|U-turn|p2a: Altaria\n|-resisted|p2a: Altaria\n|-damage|p2a: Altaria|97\/100\n|\n|t:|1700890013\n|switch|p1a: Naruto|Greninja, M|100\/100|[from] U-turn\n|\n|-weather|RainDance|[upkeep]\n|upkeep\n|turn|11\n|inactive|qingxiaqin has 120 seconds left.\n|\n|t:|1700890051\n|switch|p2a: Cursola|Cursola, M|100\/100\n|move|p1a: Naruto|Ice Beam|p2a: Cursola\n|-damage|p2a: Cursola|70\/100\n|-damage|p1a: Naruto|91\/100|[from] item: Life Orb\n|\n|-weather|RainDance|[upkeep]\n|-heal|p2a: Cursola|76\/100|[from] item: Leftovers\n|upkeep\n|turn|12\n|inactive|qingxiaqin has 120 seconds left.\n|inactive|qingxiaqin has 90 seconds left.\n|\n|t:|1700890103\n|switch|p2a: Tyranitar|Tyranitar, F|23\/100\n|-weather|Sandstorm|[from] ability: Sand Stream|[of] p2a: Tyranitar\n|move|p1a: Naruto|Dark Pulse|p2a: Tyranitar\n|-resisted|p2a: Tyranitar\n|-damage|p2a: Tyranitar|12\/100\n|-damage|p1a: Naruto|81\/100|[from] item: Life Orb\n|\n|-weather|Sandstorm|[upkeep]\n|-damage|p1a: Naruto|75\/100|[from] Sandstorm\n|-heal|p2a: Tyranitar|18\/100|[from] item: Leftovers\n|upkeep\n|turn|13\n|\n|t:|1700890118\n|switch|p2a: Cursola|Cursola, M|76\/100\n|move|p1a: Naruto|Surf|p2a: Cursola\n|-damage|p2a: Cursola|29\/100\n|-damage|p1a: Naruto|65\/100|[from] item: Life Orb\n|\n|-weather|Sandstorm|[upkeep]\n|-damage|p1a: Naruto|59\/100|[from] Sandstorm\n|-damage|p2a: Cursola|22\/100|[from] Sandstorm\n|-heal|p2a: Cursola|29\/100|[from] item: Leftovers\n|upkeep\n|turn|14\n|inactive|qingxiaqin has 60 seconds left.\n|\n|t:|1700890142\n|move|p1a: Naruto|Ice Beam|p2a: Cursola\n|-damage|p2a: Cursola|0 fnt\n|faint|p2a: Cursola\n|-ability|p1a: Naruto|Battle Bond|boost\n|-boost|p1a: Naruto|atk|1\n|-boost|p1a: Naruto|spa|1\n|-boost|p1a: Naruto|spe|1\n|-activate|p1a: Naruto|ability: Battle Bond\n|-damage|p1a: Naruto|49\/100|[from] item: Life Orb\n|\n|-weather|Sandstorm|[upkeep]\n|-damage|p1a: Naruto|43\/100|[from] Sandstorm\n|upkeep\n|inactive|qingxiaqin has 60 seconds left.\n|\n|t:|1700890150\n|switch|p2a: Hoopa|Hoopa-Unbound|100\/100\n|turn|15\n|\n|t:|1700890159\n|move|p1a: Naruto|Surf|p2a: Hoopa\n|-damage|p2a: Hoopa|27\/100\n|-damage|p1a: Naruto|33\/100|[from] item: Life Orb\n|move|p2a: Hoopa|Dark Pulse|p1a: Naruto\n|-resisted|p1a: Naruto\n|-damage|p1a: Naruto|0 fnt\n|faint|p1a: Naruto\n|\n|-weather|Sandstorm|[upkeep]\n|-damage|p2a: Hoopa|21\/100|[from] Sandstorm\n|upkeep\n|\n|t:|1700890166\n|switch|p1a: Smol Birb|Pelipper, M|76\/100\n|-weather|RainDance|[from] ability: Drizzle|[of] p1a: Smol Birb\n|turn|16\n|\n|t:|1700890171\n|switch|p1a: Poseidon|Swampert-Mega, M|94\/100\n|move|p2a: Hoopa|Dark Pulse|p1a: Poseidon\n|-damage|p1a: Poseidon|29\/100\n|\n|-weather|RainDance|[upkeep]\n|upkeep\n|turn|17\n|\n|t:|1700890188\n|move|p1a: Poseidon|Flip Turn|p2a: Hoopa\n|-damage|p2a: Hoopa|0 fnt\n|faint|p2a: Hoopa\n|\n|t:|1700890202\n|switch|p1a: Pookie|Ogerpon-Wellspring, F|100\/100|[from] Flip Turn\n|\n|-weather|RainDance|[upkeep]\n|upkeep\n|inactive|qingxiaqin has 60 seconds left.\n|\n|t:|1700890227\n|switch|p2a: Altaria|Altaria, F|97\/100\n|turn|18\n|inactive|qingxiaqin has 60 seconds left.\n|\n|t:|1700890238\n|detailschange|p2a: Altaria|Altaria-Mega, F\n|-mega|p2a: Altaria|Altaria|Altarianite\n|move|p1a: Pookie|Ivy Cudgel|p2a: Altaria|[anim] Ivy Cudgel Water\n|-resisted|p2a: Altaria\n|-damage|p2a: Altaria|56\/100\n|move|p2a: Altaria|Dragon Dance|p2a: Altaria\n|-boost|p2a: Altaria|atk|1\n|-boost|p2a: Altaria|spe|1\n|\n|-weather|RainDance|[upkeep]\n|upkeep\n|turn|19\n|\n|t:|1700890244\n|move|p2a: Altaria|Frustration|p1a: Pookie\n|-damage|p1a: Pookie|0 fnt\n|faint|p1a: Pookie\n|\n|-weather|RainDance|[upkeep]\n|upkeep\n|\n|t:|1700890247\n|switch|p1a: Poseidon|Swampert-Mega, M|29\/100\n|turn|20\n|inactive|qingxiaqin has 60 seconds left.\n|\n|t:|1700890270\n|switch|p2a: Tyranitar|Tyranitar, F|18\/100\n|-weather|Sandstorm|[from] ability: Sand Stream|[of] p2a: Tyranitar\n|move|p1a: Poseidon|Earthquake|p2a: Tyranitar\n|-supereffective|p2a: Tyranitar\n|-damage|p2a: Tyranitar|0 fnt\n|faint|p2a: Tyranitar\n|\n|-weather|Sandstorm|[upkeep]\n|upkeep\n|inactive|qingxiaqin has 60 seconds left.\n|\n|t:|1700890289\n|switch|p2a: Landorus|Landorus-Therian, M|100\/100\n|-ability|p2a: Landorus|Intimidate|boost\n|-unboost|p1a: Poseidon|atk|1\n|turn|21\n|\n|t:|1700890292\n|switch|p2a: Tropius|Tropius, F|73\/100\n|move|p1a: Poseidon|Flip Turn|p2a: Tropius\n|-resisted|p2a: Tropius\n|-damage|p2a: Tropius|62\/100\n|\n|t:|1700890298\n|switch|p1a: Big Birb|Zapdos|94\/100|[from] Flip Turn\n|\n|-weather|Sandstorm|[upkeep]\n|-damage|p1a: Big Birb|88\/100|[from] Sandstorm\n|-damage|p2a: Tropius|56\/100|[from] Sandstorm\n|upkeep\n|turn|22\n|inactive|qingxiaqin has 60 seconds left.\n|l|\u2606qingxiaqin\n|inactive|qingxiaqin disconnected and has a minute to reconnect!\n|player|p2|\n|j|\u2606qingxiaqin\n|inactive|qingxiaqin reconnected and has 50 seconds left.\n|player|p2|qingxiaqin|265\n|\n|t:|1700890334\n|move|p1a: Big Birb|Weather Ball|p2a: Tropius\n|-supereffective|p2a: Tropius\n|-damage|p2a: Tropius|0 fnt\n|faint|p2a: Tropius\n|\n|-weather|Sandstorm|[upkeep]\n|-damage|p1a: Big Birb|82\/100|[from] Sandstorm\n|upkeep\n|\n|t:|1700890347\n|switch|p2a: Altaria|Altaria-Mega, F|56\/100\n|turn|23\n|\n|t:|1700890358\n|switch|p1a: Smol Birb|Pelipper, M|76\/100\n|-weather|RainDance|[from] ability: Drizzle|[of] p1a: Smol Birb\n|move|p2a: Altaria|Dragon Dance|p2a: Altaria\n|-boost|p2a: Altaria|atk|1\n|-boost|p2a: Altaria|spe|1\n|\n|-weather|RainDance|[upkeep]\n|upkeep\n|turn|24\n|\n|t:|1700890364\n|move|p2a: Altaria|Dragon Dance|p2a: Altaria\n|-boost|p2a: Altaria|atk|1\n|-boost|p2a: Altaria|spe|1\n|move|p1a: Smol Birb|Scald|p2a: Altaria\n|-resisted|p2a: Altaria\n|-damage|p2a: Altaria|36\/100\n|\n|-weather|RainDance|[upkeep]\n|upkeep\n|turn|25\n|\n|t:|1700890379\n|move|p2a: Altaria|Roost|p2a: Altaria\n|-heal|p2a: Altaria|86\/100\n|-singleturn|p2a: Altaria|move: Roost\n|move|p1a: Smol Birb|Scald|p2a: Altaria\n|-resisted|p2a: Altaria\n|-damage|p2a: Altaria|66\/100\n|\n|-weather|RainDance|[upkeep]\n|upkeep\n|turn|26\n|\n|t:|1700890383\n|move|p2a: Altaria|Dragon Dance|p2a: Altaria\n|-boost|p2a: Altaria|atk|1\n|-boost|p2a: Altaria|spe|1\n|move|p1a: Smol Birb|U-turn|p2a: Altaria\n|-resisted|p2a: Altaria\n|-damage|p2a: Altaria|62\/100\n|\n|t:|1700890386\n|switch|p1a: Big Birb|Zapdos|82\/100|[from] U-turn\n|\n|-weather|RainDance|[upkeep]\n|upkeep\n|turn|27\n|\n|t:|1700890388\n|move|p2a: Altaria|Frustration|p1a: Big Birb\n|-damage|p1a: Big Birb|0 fnt\n|faint|p1a: Big Birb\n|\n|-weather|RainDance|[upkeep]\n|upkeep\n|\n|t:|1700890392\n|switch|p1a: Poseidon|Swampert-Mega, M|29\/100\n|turn|28\n|\n|t:|1700890393\n|move|p2a: Altaria|Frustration|p1a: Poseidon\n|-damage|p1a: Poseidon|0 fnt\n|faint|p1a: Poseidon\n|\n|-weather|RainDance|[upkeep]\n|upkeep\n|-message|NDSNEZTee forfeited.\n|\n|win|qingxiaqin\n|raw|NDSNEZTee's rating: 1371 &rarr; <strong>1347<\/strong><br \/>(-24 for losing)\n|raw|qingxiaqin's rating: 1309 &rarr; <strong>1333<\/strong><br \/>(+24 for winning)\n|l|\u2606NDSNEZTee\n|l|\u2606qingxiaqin\n|j|\u2606qingxiaqin\n|player|p2|qingxiaqin|265\n","uploadtime":1700890450,"views":3,"p1id":"ndsneztee","p2id":"qingxiaqin","formatid":"gen9nationaldex","rating":1333,"private":0,"password":""}