{"id":"gen9nationaldex-1988767668","p1":"MV ice","p2":"Josd1","format":"[Gen 9] National Dex","log":"|j|\u2606MV ice\n|j|\u2606Josd1\n|t:|1699760549\n|gametype|singles\n|player|p1|MV ice|alain|1298\n|player|p2|Josd1|102|1335\n|teamsize|p1|6\n|teamsize|p2|6\n|gen|9\n|tier|[Gen 9] National Dex\n|rated|\n|rule|HP Percentage Mod: HP is shown in percentages\n|rule|Endless Battle Clause: Forcing endless battles is banned\n|rule|OHKO Clause: OHKO moves are banned\n|rule|Evasion Clause: Evasion abilities, items, and moves are banned\n|rule|Evasion Abilities Clause: Evasion abilities are banned\n|rule|Evasion Items Clause: Evasion items are banned\n|rule|Evasion Moves Clause: Evasion moves are banned\n|rule|Species Clause: Limit one of each Pok\u00e9mon\n|rule|Sleep Clause Mod: Limit one foe put to sleep\n|clearpoke\n|poke|p1|Drampa, F|\n|poke|p1|Cofagrigus, M|\n|poke|p1|Amoonguss, F|\n|poke|p1|Iron Thorns|\n|poke|p1|Nidoking, M|\n|poke|p1|Jellicent, M|\n|poke|p2|Gardevoir, F|\n|poke|p2|Galvantula, F|\n|poke|p2|Serperior, M|\n|poke|p2|Urshifu-*, F|\n|poke|p2|Corviknight, M|\n|poke|p2|Blaziken, M|\n|teampreview\n|inactive|Battle timer is ON: inactive players will automatically lose when time's up. (requested by MV ice)\n|\n|t:|1699760568\n|start\n|switch|p1a: Nidoking|Nidoking, M|100\/100\n|switch|p2a: Galvantula|Galvantula, F|100\/100\n|turn|1\n|\n|t:|1699760572\n|move|p2a: Galvantula|Sticky Web|p1a: Nidoking\n|-sidestart|p1: MV ice|move: Sticky Web\n|move|p1a: Nidoking|Flamethrower|p2a: Galvantula\n|-supereffective|p2a: Galvantula\n|-enditem|p2a: Galvantula|Focus Sash\n|-damage|p2a: Galvantula|1\/100\n|\n|upkeep\n|turn|2\n|\n|t:|1699760588\n|switch|p2a: Urshifu|Urshifu-Rapid-Strike, F|100\/100\n|move|p1a: Nidoking|Ice Beam|p2a: Urshifu\n|-resisted|p2a: Urshifu\n|-damage|p2a: Urshifu|73\/100\n|\n|upkeep\n|turn|3\n|\n|t:|1699760613\n|-terastallize|p1a: Nidoking|Grass\n|move|p2a: Urshifu|U-turn|p1a: Nidoking\n|-supereffective|p1a: Nidoking\n|-damage|p1a: Nidoking|0 fnt\n|faint|p1a: Nidoking\n|\n|t:|1699760623\n|switch|p2a: Galvantula|Galvantula, F|1\/100|[from] U-turn\n|\n|upkeep\n|inactive|MV ice has 120 seconds left.\n|\n|t:|1699760651\n|switch|p1a: Iron Thorns|Iron Thorns|100\/100\n|-activate|p1a: Iron Thorns|move: Sticky Web\n|-unboost|p1a: Iron Thorns|spe|1\n|turn|4\n|\n|t:|1699760664\n|move|p2a: Galvantula|Volt Switch|p1a: Iron Thorns\n|-resisted|p1a: Iron Thorns\n|-damage|p1a: Iron Thorns|82\/100\n|\n|t:|1699760671\n|switch|p2a: Corviknight|Corviknight, M|100\/100|[from] Volt Switch\n|-ability|p2a: Corviknight|Pressure\n|move|p1a: Iron Thorns|Rock Blast|p2a: Corviknight\n|-damage|p2a: Corviknight|92\/100\n|-damage|p2a: Corviknight|84\/100\n|-damage|p2a: Corviknight|76\/100\n|-damage|p2a: Corviknight|67\/100\n|-crit|p2a: Corviknight\n|-damage|p2a: Corviknight|55\/100\n|-hitcount|p2a: Corviknight|5\n|\n|upkeep\n|turn|5\n|inactive|MV ice has 120 seconds left.\n|\n|t:|1699760695\n|-terastallize|p2a: Corviknight|Dragon\n|move|p1a: Iron Thorns|Dragon Dance|p1a: Iron Thorns\n|-boost|p1a: Iron Thorns|atk|1\n|-boost|p1a: Iron Thorns|spe|1\n|move|p2a: Corviknight|U-turn|p1a: Iron Thorns\n|-damage|p1a: Iron Thorns|68\/100\n|\n|t:|1699760713\n|switch|p2a: Urshifu|Urshifu-Rapid-Strike, F|73\/100|[from] U-turn\n|\n|upkeep\n|turn|6\n|\n|t:|1699760725\n|-end|p1a: Iron Thorns|Quark Drive|[silent]\n|switch|p1a: Amoonguss|Amoonguss, F|100\/100\n|-activate|p1a: Amoonguss|move: Sticky Web\n|-unboost|p1a: Amoonguss|spe|1\n|move|p2a: Urshifu|Close Combat|p1a: Amoonguss\n|-resisted|p1a: Amoonguss\n|-damage|p1a: Amoonguss|69\/100\n|-unboost|p2a: Urshifu|def|1\n|-unboost|p2a: Urshifu|spd|1\n|-damage|p2a: Urshifu|56\/100|[from] item: Rocky Helmet|[of] p1a: Amoonguss\n|\n|upkeep\n|turn|7\n|inactive|MV ice has 120 seconds left.\n|\n|t:|1699760748\n|switch|p2a: Gardevoir|Gardevoir, F, shiny|100\/100\n|-ability|p2a: Gardevoir|Regenerator|[from] ability: Trace|[of] p1a: Amoonguss\n|move|p1a: Amoonguss|Sludge Bomb|p2a: Gardevoir\n|-supereffective|p2a: Gardevoir\n|-damage|p2a: Gardevoir|39\/100\n|\n|upkeep\n|turn|8\n|inactive|MV ice has 120 seconds left.\n|\n|t:|1699760760\n|switch|p2a: Corviknight|Corviknight, M, tera:Dragon|55\/100\n|-ability|p2a: Corviknight|Pressure\n|switch|p1a: Cofagrigus|Cofagrigus, M, shiny|100\/100\n|-activate|p1a: Cofagrigus|move: Sticky Web\n|-unboost|p1a: Cofagrigus|spe|1\n|\n|upkeep\n|turn|9\n|\n|t:|1699760765\n|move|p2a: Corviknight|U-turn|p1a: Cofagrigus\n|-resisted|p1a: Cofagrigus\n|-damage|p1a: Cofagrigus|96\/100\n|-activate|p1a: Cofagrigus|ability: Mummy|Pressure|[of] p2a: Corviknight\n|\n|t:|1699760771\n|switch|p2a: Urshifu|Urshifu-Rapid-Strike, F|56\/100|[from] U-turn\n|move|p1a: Cofagrigus|Toxic Spikes|p2a: Urshifu\n|-sidestart|p2: Josd1|move: Toxic Spikes\n|\n|upkeep\n|turn|10\n|\n|t:|1699760782\n|switch|p1a: Amoonguss|Amoonguss, F|100\/100\n|-activate|p1a: Amoonguss|move: Sticky Web\n|-unboost|p1a: Amoonguss|spe|1\n|move|p2a: Urshifu|Surging Strikes|p1a: Amoonguss\n|-resisted|p1a: Amoonguss\n|-crit|p1a: Amoonguss\n|-damage|p1a: Amoonguss|90\/100\n|-damage|p2a: Urshifu|40\/100|[from] item: Rocky Helmet|[of] p1a: Amoonguss\n|-resisted|p1a: Amoonguss\n|-crit|p1a: Amoonguss\n|-damage|p1a: Amoonguss|79\/100\n|-damage|p2a: Urshifu|23\/100|[from] item: Rocky Helmet|[of] p1a: Amoonguss\n|-resisted|p1a: Amoonguss\n|-crit|p1a: Amoonguss\n|-damage|p1a: Amoonguss|68\/100\n|-damage|p2a: Urshifu|7\/100|[from] item: Rocky Helmet|[of] p1a: Amoonguss\n|-hitcount|p1a: Amoonguss|3\n|\n|upkeep\n|turn|11\n|\n|t:|1699760793\n|switch|p2a: Corviknight|Corviknight, M, tera:Dragon|55\/100\n|-status|p2a: Corviknight|psn\n|-ability|p2a: Corviknight|Pressure\n|move|p1a: Amoonguss|Giga Drain|p2a: Corviknight\n|-resisted|p2a: Corviknight\n|-damage|p2a: Corviknight|45\/100 psn\n|-heal|p1a: Amoonguss|73\/100|[from] drain|[of] p2a: Corviknight\n|\n|-damage|p2a: Corviknight|33\/100 psn|[from] psn\n|upkeep\n|turn|12\n|\n|t:|1699760804\n|switch|p1a: Iron Thorns|Iron Thorns|68\/100\n|-activate|p1a: Iron Thorns|move: Sticky Web\n|-unboost|p1a: Iron Thorns|spe|1\n|move|p2a: Corviknight|Defog|p1a: Iron Thorns\n|-unboost|p1a: Iron Thorns|evasion|1\n|-sideend|p1: MV ice|Sticky Web|[from] move: Defog|[of] p2a: Corviknight\n|-sideend|p2: Josd1|Toxic Spikes|[from] move: Defog|[of] p2a: Corviknight\n|\n|-damage|p2a: Corviknight|20\/100 psn|[from] psn\n|upkeep\n|turn|13\n|\n|t:|1699760812\n|move|p1a: Iron Thorns|Dragon Dance|p1a: Iron Thorns\n|-boost|p1a: Iron Thorns|atk|1\n|-boost|p1a: Iron Thorns|spe|1\n|move|p2a: Corviknight|Roost|p2a: Corviknight\n|-heal|p2a: Corviknight|70\/100 psn\n|\n|-damage|p2a: Corviknight|58\/100 psn|[from] psn\n|upkeep\n|turn|14\n|\n|t:|1699760814\n|move|p1a: Iron Thorns|Dragon Dance|p1a: Iron Thorns\n|-boost|p1a: Iron Thorns|atk|1\n|-boost|p1a: Iron Thorns|spe|1\n|move|p2a: Corviknight|U-turn|p1a: Iron Thorns\n|-damage|p1a: Iron Thorns|55\/100\n|\n|t:|1699760817\n|switch|p2a: Gardevoir|Gardevoir, F, shiny|72\/100|[from] U-turn\n|\n|upkeep\n|turn|15\n|\n|t:|1699760825\n|detailschange|p2a: Gardevoir|Gardevoir-Mega, F, shiny\n|-mega|p2a: Gardevoir|Gardevoir|Gardevoirite\n|move|p1a: Iron Thorns|Rock Blast|p2a: Gardevoir\n|-damage|p2a: Gardevoir|26\/100\n|-damage|p2a: Gardevoir|0 fnt\n|faint|p2a: Gardevoir\n|-hitcount|p2: Gardevoir|2\n|\n|upkeep\n|\n|t:|1699760833\n|switch|p2a: Serperior|Serperior, M|100\/100\n|turn|16\n|\n|t:|1699760837\n|move|p1a: Iron Thorns|Pin Missile|p2a: Serperior\n|-supereffective|p2a: Serperior\n|-damage|p2a: Serperior|61\/100\n|-supereffective|p2a: Serperior\n|-crit|p2a: Serperior\n|-damage|p2a: Serperior|7\/100\n|-supereffective|p2a: Serperior\n|-damage|p2a: Serperior|0 fnt\n|faint|p2a: Serperior\n|-hitcount|p2: Serperior|3\n|\n|upkeep\n|\n|t:|1699760842\n|switch|p2a: Blaziken|Blaziken, M|100\/100\n|turn|17\n|\n|t:|1699760850\n|move|p2a: Blaziken|Protect|p2a: Blaziken\n|-singleturn|p2a: Blaziken|Protect\n|move|p1a: Iron Thorns|Dragon Dance|p1a: Iron Thorns\n|-boost|p1a: Iron Thorns|atk|1\n|-boost|p1a: Iron Thorns|spe|1\n|\n|-ability|p2a: Blaziken|Speed Boost|boost\n|-boost|p2a: Blaziken|spe|1\n|upkeep\n|turn|18\n|\n|t:|1699760857\n|move|p1a: Iron Thorns|Rock Blast|p2a: Blaziken\n|-damage|p2a: Blaziken|49\/100\n|-damage|p2a: Blaziken|0 fnt\n|faint|p2a: Blaziken\n|-hitcount|p2: Blaziken|2\n|\n|upkeep\n|-message|Josd1 forfeited.\n|\n|win|MV ice\n|raw|MV ice's rating: 1298 &rarr; <strong>1326<\/strong><br \/>(+28 for winning)\n|raw|Josd1's rating: 1335 &rarr; <strong>1313<\/strong><br \/>(-22 for losing)\n|l|\u2606Josd1\n","uploadtime":1699760874,"views":4,"p1id":"mvice","p2id":"josd1","formatid":"gen9nationaldex","rating":1313,"private":0,"password":""}