{"id":"gen9nationaldex-1995542530","p1":"Joooebug","p2":"NDSNEZ thb","format":"[Gen 9] National Dex","log":"|j|\u2606Joooebug\n|j|\u2606NDSNEZ thb\n|inactive|Battle timer is ON: inactive players will automatically lose when time's up.\n|t:|1700581361\n|gametype|singles\n|player|p1|Joooebug|ethan|\n|player|p2|NDSNEZ thb|teammagmagruntm-gen3|\n|teamsize|p1|6\n|teamsize|p2|6\n|gen|9\n|tier|[Gen 9] National Dex\n|rated|Tournament battle\n|rule|HP Percentage Mod: HP is shown in percentages\n|rule|Endless Battle Clause: Forcing endless battles is banned\n|rule|OHKO Clause: OHKO moves are banned\n|rule|Evasion Clause: Evasion abilities, items, and moves are banned\n|rule|Evasion Abilities Clause: Evasion abilities are banned\n|rule|Evasion Items Clause: Evasion items are banned\n|rule|Evasion Moves Clause: Evasion moves are banned\n|rule|Species Clause: Limit one of each Pok\u00e9mon\n|rule|Sleep Clause Mod: Limit one foe put to sleep\n|rule|Terastal Clause: You cannot Terastallize\n|clearpoke\n|poke|p1|Cloyster, M|\n|poke|p1|Dragonite, F|\n|poke|p1|Espeon, F|\n|poke|p1|Persian, F|\n|poke|p1|Scizor, F|\n|poke|p1|Toxapex, F|\n|poke|p2|Slowbro, M|\n|poke|p2|Ninetales-Alola, F|\n|poke|p2|Garganacl, F|\n|poke|p2|Sneasler, M|\n|poke|p2|Tapu Lele|\n|poke|p2|Gliscor, M|\n|teampreview\n|\n|t:|1700581371\n|start\n|switch|p1a: Espeon|Espeon, F|100\/100\n|switch|p2a: Ninetales|Ninetales-Alola, F|100\/100\n|-weather|Snow|[from] ability: Snow Warning|[of] p2a: Ninetales\n|turn|1\n|\n|t:|1700581382\n|move|p2a: Ninetales|Aurora Veil|p2a: Ninetales\n|-sidestart|p2: NDSNEZ thb|move: Aurora Veil\n|move|p1a: Espeon|Thunder Wave|p2a: Ninetales\n|-status|p2a: Ninetales|par\n|\n|-weather|Snow|[upkeep]\n|upkeep\n|turn|2\n|\n|t:|1700581397\n|switch|p2a: Garganacl|Garganacl, F|100\/100\n|move|p1a: Espeon|Dazzling Gleam|p2a: Garganacl\n|-damage|p2a: Garganacl|90\/100\n|\n|-weather|Snow|[upkeep]\n|-heal|p2a: Garganacl|96\/100|[from] item: Leftovers\n|upkeep\n|turn|3\n|\n|t:|1700581405\n|move|p1a: Espeon|Thunder Wave|p2a: Garganacl\n|-immune|p2a: Garganacl|[from] ability: Purifying Salt\n|move|p2a: Garganacl|Salt Cure|p1a: Espeon\n|-damage|p1a: Espeon|73\/100\n|-start|p1a: Espeon|Salt Cure\n|\n|-weather|Snow|[upkeep]\n|-heal|p2a: Garganacl|100\/100|[from] item: Leftovers\n|-damage|p1a: Espeon|60\/100|[from] Salt Cure\n|upkeep\n|turn|4\n|\n|t:|1700581420\n|switch|p1a: Toxapex|Toxapex, F|100\/100\n|move|p2a: Garganacl|Iron Defense|p2a: Garganacl\n|-boost|p2a: Garganacl|def|2\n|\n|-weather|Snow|[upkeep]\n|upkeep\n|turn|5\n|\n|t:|1700581427\n|move|p1a: Toxapex|Toxic Spikes|p2a: Garganacl\n|-sidestart|p2: NDSNEZ thb|move: Toxic Spikes\n|move|p2a: Garganacl|Salt Cure|p1a: Toxapex\n|-damage|p1a: Toxapex|88\/100\n|-start|p1a: Toxapex|Salt Cure\n|\n|-weather|none\n|-heal|p1a: Toxapex|94\/100|[from] item: Leftovers\n|-damage|p1a: Toxapex|69\/100|[from] Salt Cure\n|upkeep\n|turn|6\n|\n|t:|1700581449\n|switch|p1a: Espeon|Espeon, F|60\/100\n|move|p2a: Garganacl|Iron Defense|p2a: Garganacl\n|-boost|p2a: Garganacl|def|2\n|\n|upkeep\n|turn|7\n|\n|t:|1700581462\n|move|p1a: Espeon|Psychic|p2a: Garganacl\n|-damage|p2a: Garganacl|82\/100\n|move|p2a: Garganacl|Salt Cure|p1a: Espeon\n|-crit|p1a: Espeon\n|-damage|p1a: Espeon|20\/100\n|-start|p1a: Espeon|Salt Cure\n|\n|-heal|p2a: Garganacl|88\/100|[from] item: Leftovers\n|-damage|p1a: Espeon|7\/100|[from] Salt Cure\n|upkeep\n|turn|8\n|\n|t:|1700581480\n|move|p1a: Espeon|Shadow Ball|p2a: Garganacl\n|-crit|p2a: Garganacl\n|-damage|p2a: Garganacl|73\/100\n|move|p2a: Garganacl|Body Press|p1a: Espeon\n|-resisted|p1a: Espeon\n|-damage|p1a: Espeon|0 fnt\n|faint|p1a: Espeon\n|\n|-heal|p2a: Garganacl|79\/100|[from] item: Leftovers\n|-sideend|p2: NDSNEZ thb|move: Aurora Veil\n|upkeep\n|\n|t:|1700581490\n|switch|p1a: Toxapex|Toxapex, F|100\/100\n|turn|9\n|\n|t:|1700581497\n|move|p1a: Toxapex|Baneful Bunker|p1a: Toxapex\n|-singleturn|p1a: Toxapex|move: Protect\n|move|p2a: Garganacl|Salt Cure|p1a: Toxapex\n|-activate|p1a: Toxapex|move: Protect\n|\n|-heal|p2a: Garganacl|85\/100|[from] item: Leftovers\n|upkeep\n|turn|10\n|\n|t:|1700581507\n|move|p1a: Toxapex|Toxic Spikes|p2a: Garganacl\n|-sidestart|p2: NDSNEZ thb|move: Toxic Spikes\n|move|p2a: Garganacl|Salt Cure|p1a: Toxapex\n|-damage|p1a: Toxapex|88\/100\n|-start|p1a: Toxapex|Salt Cure\n|\n|-heal|p1a: Toxapex|94\/100|[from] item: Leftovers\n|-heal|p2a: Garganacl|91\/100|[from] item: Leftovers\n|-damage|p1a: Toxapex|69\/100|[from] Salt Cure\n|upkeep\n|turn|11\n|\n|t:|1700581525\n|move|p2a: Garganacl|Body Press|p1a: Toxapex\n|-resisted|p1a: Toxapex\n|-crit|p1a: Toxapex\n|-damage|p1a: Toxapex|23\/100\n|move|p1a: Toxapex|Haze|p1a: Toxapex\n|-clearallboost\n|\n|-heal|p2a: Garganacl|98\/100|[from] item: Leftovers\n|-heal|p1a: Toxapex|29\/100|[from] item: Leftovers\n|-damage|p1a: Toxapex|4\/100|[from] Salt Cure\n|upkeep\n|turn|12\n|\n|t:|1700581536\n|switch|p1a: Scizor|Scizor, F|100\/100\n|move|p2a: Garganacl|Iron Defense|p2a: Garganacl\n|-boost|p2a: Garganacl|def|2\n|\n|-heal|p2a: Garganacl|100\/100|[from] item: Leftovers\n|upkeep\n|turn|13\n|\n|t:|1700581545\n|move|p1a: Scizor|Bullet Punch|p2a: Garganacl\n|-supereffective|p2a: Garganacl\n|-damage|p2a: Garganacl|78\/100\n|move|p2a: Garganacl|Salt Cure|p1a: Scizor\n|-damage|p1a: Scizor|84\/100\n|-start|p1a: Scizor|Salt Cure\n|\n|-heal|p2a: Garganacl|84\/100|[from] item: Leftovers\n|-damage|p1a: Scizor|59\/100|[from] Salt Cure\n|upkeep\n|turn|14\n|inactive|Joooebug has 120 seconds left.\n|c|\u2606Joooebug|garganacl is a damn tank\n|\n|t:|1700581574\n|switch|p1a: Toxapex|Toxapex, F|37\/100\n|move|p2a: Garganacl|Iron Defense|p2a: Garganacl\n|-boost|p2a: Garganacl|def|2\n|\n|-heal|p2a: Garganacl|90\/100|[from] item: Leftovers\n|-heal|p1a: Toxapex|44\/100|[from] item: Leftovers\n|upkeep\n|turn|15\n|inactive|Joooebug has 120 seconds left.\n|\n|t:|1700581581\n|move|p2a: Garganacl|Salt Cure|p1a: Toxapex\n|-damage|p1a: Toxapex|31\/100\n|-start|p1a: Toxapex|Salt Cure\n|move|p1a: Toxapex|Haze|p1a: Toxapex\n|-clearallboost\n|\n|-heal|p1a: Toxapex|37\/100|[from] item: Leftovers\n|-heal|p2a: Garganacl|96\/100|[from] item: Leftovers\n|-damage|p1a: Toxapex|13\/100|[from] Salt Cure\n|upkeep\n|turn|16\n|c|\u2606NDSNEZ thb|yessir\n|inactive|Joooebug has 120 seconds left.\n|\n|t:|1700581592\n|move|p1a: Toxapex|Haze|p1a: Toxapex\n|-clearallboost\n|move|p2a: Garganacl|Body Press|p1a: Toxapex\n|-resisted|p1a: Toxapex\n|-damage|p1a: Toxapex|3\/100\n|\n|-heal|p2a: Garganacl|100\/100|[from] item: Leftovers\n|-heal|p1a: Toxapex|9\/100|[from] item: Leftovers\n|-damage|p1a: Toxapex|0 fnt|[from] Salt Cure\n|faint|p1a: Toxapex\n|upkeep\n|inactive|Joooebug has 120 seconds left.\n|\n|t:|1700581607\n|switch|p1a: Persian|Persian, F|100\/100\n|turn|17\n|inactive|Joooebug has 120 seconds left.\n|\n|t:|1700581614\n|move|p1a: Persian|Switcheroo|p2a: Garganacl\n|-activate|p1a: Persian|move: Trick|[of] p2a: Garganacl\n|-item|p2a: Garganacl|Flame Orb|[from] move: Switcheroo\n|-item|p1a: Persian|Leftovers|[from] move: Switcheroo\n|move|p2a: Garganacl|Iron Defense|p2a: Garganacl\n|-boost|p2a: Garganacl|def|2\n|\n|upkeep\n|turn|18\n|inactive|Joooebug has 120 seconds left.\n|\n|t:|1700581634\n|move|p1a: Persian|Nasty Plot|p1a: Persian\n|-boost|p1a: Persian|spa|2\n|move|p2a: Garganacl|Body Press|p1a: Persian\n|-supereffective|p1a: Persian\n|-damage|p1a: Persian|0 fnt\n|faint|p1a: Persian\n|\n|upkeep\n|\n|t:|1700581652\n|switch|p1a: Scizor|Scizor, F|59\/100\n|turn|19\n|\n|t:|1700581654\n|move|p1a: Scizor|Swords Dance|p1a: Scizor\n|-boost|p1a: Scizor|atk|2\n|move|p2a: Garganacl|Salt Cure|p1a: Scizor\n|-damage|p1a: Scizor|42\/100\n|-start|p1a: Scizor|Salt Cure\n|\n|-damage|p1a: Scizor|17\/100|[from] Salt Cure\n|upkeep\n|turn|20\n|inactive|Joooebug has 120 seconds left.\n|\n|t:|1700581663\n|move|p1a: Scizor|Bullet Punch|p2a: Garganacl\n|-supereffective|p2a: Garganacl\n|-damage|p2a: Garganacl|54\/100\n|move|p2a: Garganacl|Recover|p2a: Garganacl\n|-heal|p2a: Garganacl|100\/100\n|\n|-damage|p1a: Scizor|0 fnt|[from] Salt Cure\n|faint|p1a: Scizor\n|upkeep\n|inactive|Joooebug has 120 seconds left.\n|\n|t:|1700581672\n|switch|p1a: Dragonite|Dragonite, F|100\/100\n|turn|21\n|inactive|Joooebug has 120 seconds left.\n|\n|t:|1700581689\n|move|p1a: Dragonite|Dragon Dance|p1a: Dragonite\n|-boost|p1a: Dragonite|atk|1\n|-boost|p1a: Dragonite|spe|1\n|move|p2a: Garganacl|Salt Cure|p1a: Dragonite\n|-supereffective|p1a: Dragonite\n|-damage|p1a: Dragonite|85\/100\n|-start|p1a: Dragonite|Salt Cure\n|\n|-damage|p1a: Dragonite|72\/100|[from] Salt Cure\n|upkeep\n|turn|22\n|inactive|Joooebug has 120 seconds left.\n|\n|t:|1700581698\n|move|p1a: Dragonite|Dragon Claw|p2a: Garganacl\n|-damage|p2a: Garganacl|78\/100\n|move|p2a: Garganacl|Iron Defense|p2a: Garganacl\n|-boost|p2a: Garganacl|def|2\n|\n|-damage|p1a: Dragonite|60\/100|[from] Salt Cure\n|upkeep\n|turn|23\n|\n|t:|1700581710\n|move|p1a: Dragonite|Dragon Claw|p2a: Garganacl\n|-damage|p2a: Garganacl|62\/100\n|move|p2a: Garganacl|Body Press|p1a: Dragonite\n|-resisted|p1a: Dragonite\n|-damage|p1a: Dragonite|21\/100\n|\n|-damage|p1a: Dragonite|9\/100|[from] Salt Cure\n|upkeep\n|turn|24\n|c|\u2606Joooebug|so broken lol\n|\n|t:|1700581720\n|move|p1a: Dragonite|Dragon Claw|p2a: Garganacl\n|-damage|p2a: Garganacl|44\/100\n|move|p2a: Garganacl|Recover|p2a: Garganacl\n|-heal|p2a: Garganacl|94\/100\n|\n|-damage|p1a: Dragonite|0 fnt|[from] Salt Cure\n|faint|p1a: Dragonite\n|upkeep\n|c|\u2606NDSNEZ thb|no\n|\n|t:|1700581729\n|switch|p1a: Cloyster|Cloyster, M|100\/100\n|turn|25\n|c|\u2606NDSNEZ thb|this pokemon is uu\n|inactive|Joooebug has 120 seconds left.\n|\n|t:|1700581768\n|move|p1a: Cloyster|Icicle Spear|p2a: Garganacl\n|-damage|p2a: Garganacl|91\/100\n|-damage|p2a: Garganacl|89\/100\n|-damage|p2a: Garganacl|86\/100\n|-damage|p2a: Garganacl|83\/100\n|-damage|p2a: Garganacl|80\/100\n|-hitcount|p2a: Garganacl|5\n|move|p2a: Garganacl|Salt Cure|p1a: Cloyster\n|-supereffective|p1a: Cloyster\n|-damage|p1a: Cloyster|78\/100\n|-start|p1a: Cloyster|Salt Cure\n|\n|-damage|p1a: Cloyster|53\/100|[from] Salt Cure\n|upkeep\n|turn|26\n|c|\u2606Joooebug|pretty op\n|\n|t:|1700581782\n|move|p1a: Cloyster|Icicle Spear|p2a: Garganacl\n|-damage|p2a: Garganacl|77\/100\n|-damage|p2a: Garganacl|74\/100\n|-damage|p2a: Garganacl|71\/100\n|-damage|p2a: Garganacl|68\/100\n|-damage|p2a: Garganacl|65\/100\n|-hitcount|p2a: Garganacl|5\n|move|p2a: Garganacl|Body Press|p1a: Cloyster\n|-supereffective|p1a: Cloyster\n|-damage|p1a: Cloyster|0 fnt\n|faint|p1a: Cloyster\n|\n|win|NDSNEZ thb\n|n|\u2606Joooebug|joooebug\n|n|\u2606NDSNEZ thb|ndsnezthb\n|c|\u2606Joooebug|gg\n|c|\u2606NDSNEZ thb|gg\n","uploadtime":1700581795,"views":5,"p1id":"joooebug","p2id":"ndsnezthb","formatid":"gen9nationaldex","rating":0,"private":0,"password":""}