{"id":"gen9nationaldex-1988503282","p1":"Frosteluc","p2":"Ligoleyens","format":"[Gen 9] National Dex","log":"|j|\u2606Frosteluc\n|j|\u2606Ligoleyens\n|t:|1699729914\n|gametype|singles\n|player|p1|Frosteluc|steven|\n|player|p2|Ligoleyens|ghetsis|\n|teamsize|p1|6\n|teamsize|p2|6\n|gen|9\n|tier|[Gen 9] National Dex\n|rule|HP Percentage Mod: HP is shown in percentages\n|rule|Endless Battle Clause: Forcing endless battles is banned\n|rule|OHKO Clause: OHKO moves are banned\n|rule|Evasion Clause: Evasion abilities, items, and moves are banned\n|rule|Evasion Abilities Clause: Evasion abilities are banned\n|rule|Evasion Items Clause: Evasion items are banned\n|rule|Evasion Moves Clause: Evasion moves are banned\n|rule|Species Clause: Limit one of each Pok\u00e9mon\n|rule|Sleep Clause Mod: Limit one foe put to sleep\n|clearpoke\n|poke|p1|Zapdos|\n|poke|p1|Toxapex, F|\n|poke|p1|Tapu Lele|\n|poke|p1|Umbreon, M|\n|poke|p1|Hawlucha, M|\n|poke|p1|Charizard, F|\n|poke|p2|Cresselia, F|\n|poke|p2|Skarmory, F|\n|poke|p2|Toxapex, M|\n|poke|p2|Garganacl, M|\n|poke|p2|Gliscor, F|\n|poke|p2|Lopunny, F|\n|teampreview\n|inactive|Battle timer is ON: inactive players will automatically lose when time's up. (requested by Ligoleyens)\n|c|\u2606Ligoleyens|Suertr bro\n|\n|t:|1699729942\n|start\n|switch|p1a: Thor|Zapdos|100\/100\n|switch|p2a: Garganacl|Garganacl, M|100\/100\n|turn|1\n|\n|t:|1699729950\n|move|p1a: Thor|Volt Switch|p2a: Garganacl\n|-damage|p2a: Garganacl|76\/100\n|\n|t:|1699729958\n|switch|p1a: Zelda|Tapu Lele|100\/100|[from] Volt Switch\n|-fieldstart|move: Psychic Terrain|[from] ability: Psychic Surge|[of] p1a: Zelda\n|move|p2a: Garganacl|Salt Cure|p1a: Zelda\n|-damage|p1a: Zelda|79\/100\n|-start|p1a: Zelda|Salt Cure\n|\n|-heal|p2a: Garganacl|82\/100|[from] item: Leftovers\n|-damage|p1a: Zelda|67\/100|[from] Salt Cure\n|upkeep\n|turn|2\n|\n|t:|1699729972\n|move|p1a: Zelda|Psychic|p2a: Garganacl\n|-damage|p2a: Garganacl|42\/100\n|move|p2a: Garganacl|Earthquake|p1a: Zelda\n|-damage|p1a: Zelda|30\/100\n|\n|-heal|p2a: Garganacl|48\/100|[from] item: Leftovers\n|-damage|p1a: Zelda|18\/100|[from] Salt Cure\n|upkeep\n|turn|3\n|\n|t:|1699729983\n|-terastallize|p1a: Zelda|Psychic\n|move|p1a: Zelda|Psychic|p2a: Garganacl\n|-damage|p2a: Garganacl|0 fnt\n|faint|p2a: Garganacl\n|\n|-damage|p1a: Zelda|5\/100|[from] Salt Cure\n|upkeep\n|\n|t:|1699729992\n|switch|p2a: Cresselia|Cresselia, F|100\/100\n|turn|4\n|\n|t:|1699729997\n|switch|p1a: Luke|Umbreon, M, shiny|100\/100\n|move|p2a: Cresselia|Calm Mind|p2a: Cresselia\n|-boost|p2a: Cresselia|spa|1\n|-boost|p2a: Cresselia|spd|1\n|\n|upkeep\n|turn|5\n|\n|t:|1699730004\n|move|p2a: Cresselia|Calm Mind|p2a: Cresselia\n|-boost|p2a: Cresselia|spa|1\n|-boost|p2a: Cresselia|spd|1\n|move|p1a: Luke|Toxic|p2a: Cresselia\n|-status|p2a: Cresselia|tox\n|\n|-damage|p2a: Cresselia|94\/100 tox|[from] psn\n|-fieldend|move: Psychic Terrain\n|upkeep\n|turn|6\n|\n|t:|1699730013\n|move|p2a: Cresselia|Hidden Power|p1a: Luke\n|-supereffective|p1a: Luke\n|-damage|p1a: Luke|78\/100\n|move|p1a: Luke|Wish|p1a: Luke\n|\n|-heal|p1a: Luke|84\/100|[from] item: Leftovers\n|-damage|p2a: Cresselia|82\/100 tox|[from] psn\n|upkeep\n|turn|7\n|\n|t:|1699730025\n|switch|p2a: Gliscor|Gliscor, F|100\/100\n|move|p1a: Luke|Foul Play|p2a: Gliscor\n|-damage|p2a: Gliscor|75\/100\n|\n|-heal|p1a: Luke|100\/100|[from] move: Wish|[wisher] Luke\n|-status|p2a: Gliscor|tox|[from] item: Toxic Orb\n|upkeep\n|turn|8\n|\n|t:|1699730036\n|move|p2a: Gliscor|Stealth Rock|p1a: Luke\n|-sidestart|p1: Frosteluc|move: Stealth Rock\n|move|p1a: Luke|Foul Play|p2a: Gliscor\n|-damage|p2a: Gliscor|52\/100 tox\n|\n|-heal|p2a: Gliscor|64\/100 tox|[from] ability: Poison Heal\n|upkeep\n|turn|9\n|\n|t:|1699730044\n|move|p2a: Gliscor|Knock Off|p1a: Luke\n|-resisted|p1a: Luke\n|-damage|p1a: Luke|92\/100\n|-enditem|p1a: Luke|Leftovers|[from] move: Knock Off|[of] p2a: Gliscor\n|move|p1a: Luke|Wish|p1a: Luke\n|\n|-heal|p2a: Gliscor|77\/100 tox|[from] ability: Poison Heal\n|upkeep\n|turn|10\n|\n|t:|1699730054\n|switch|p1a: Thor|Zapdos|100\/100\n|move|p2a: Gliscor|Earthquake|p1a: Thor\n|-immune|p1a: Thor\n|\n|-heal|p2a: Gliscor|89\/100 tox|[from] ability: Poison Heal\n|upkeep\n|turn|11\n|\n|t:|1699730063\n|switch|p2a: Lopunny|Lopunny, F|100\/100\n|move|p1a: Thor|Defog|p2a: Lopunny\n|-unboost|p2a: Lopunny|evasion|1\n|-sideend|p1: Frosteluc|Stealth Rock|[from] move: Defog|[of] p1a: Thor\n|\n|upkeep\n|turn|12\n|\n|t:|1699730074\n|switch|p1a: Toxapex|Toxapex, F|100\/100\n|move|p2a: Lopunny|Fake Out|p1a: Toxapex\n|-crit|p1a: Toxapex\n|-damage|p1a: Toxapex|87\/100\n|\n|-heal|p1a: Toxapex|94\/100|[from] item: Black Sludge\n|upkeep\n|turn|13\n|\n|t:|1699730087\n|switch|p2a: Toxapex|Toxapex, M|100\/100\n|move|p1a: Toxapex|Scald|p2a: Toxapex\n|-resisted|p2a: Toxapex\n|-damage|p2a: Toxapex|94\/100\n|-status|p2a: Toxapex|brn\n|\n|-heal|p1a: Toxapex|99\/100|[from] item: Black Sludge\n|-damage|p2a: Toxapex|88\/100 brn|[from] brn\n|upkeep\n|turn|14\n|\n|t:|1699730100\n|switch|p1a: Luke|Umbreon, M, shiny|92\/100\n|move|p2a: Toxapex|Knock Off|p1a: Luke\n|-resisted|p1a: Luke\n|-damage|p1a: Luke|90\/100\n|\n|-damage|p2a: Toxapex|82\/100 brn|[from] brn\n|upkeep\n|turn|15\n|\n|t:|1699730109\n|move|p1a: Luke|Protect|p1a: Luke\n|-singleturn|p1a: Luke|Protect\n|move|p2a: Toxapex|Scald|p1a: Luke\n|-activate|p1a: Luke|move: Protect\n|\n|-damage|p2a: Toxapex|75\/100 brn|[from] brn\n|upkeep\n|turn|16\n|\n|t:|1699730124\n|move|p1a: Luke|Wish|p1a: Luke\n|move|p2a: Toxapex|Scald|p1a: Luke\n|-damage|p1a: Luke|80\/100\n|\n|-damage|p2a: Toxapex|69\/100 brn|[from] brn\n|upkeep\n|turn|17\n|\n|t:|1699730138\n|switch|p1a: Thor|Zapdos|100\/100\n|move|p2a: Toxapex|Scald|p1a: Thor\n|-crit|p1a: Thor\n|-damage|p1a: Thor|75\/100\n|\n|-heal|p1a: Thor|100\/100|[from] move: Wish|[wisher] Luke\n|-damage|p2a: Toxapex|63\/100 brn|[from] brn\n|upkeep\n|turn|18\n|\n|t:|1699730150\n|switch|p2a: Gliscor|Gliscor, F|89\/100 tox\n|move|p1a: Thor|Heat Wave|p2a: Gliscor\n|-damage|p2a: Gliscor|47\/100 tox\n|\n|-heal|p2a: Gliscor|59\/100 tox|[from] ability: Poison Heal\n|upkeep\n|turn|19\n|\n|t:|1699730158\n|move|p2a: Gliscor|Roost|p2a: Gliscor\n|-heal|p2a: Gliscor|100\/100 tox\n|-singleturn|p2a: Gliscor|move: Roost\n|move|p1a: Thor|Heat Wave|p2a: Gliscor\n|-damage|p2a: Gliscor|60\/100 tox\n|\n|-heal|p2a: Gliscor|73\/100 tox|[from] ability: Poison Heal\n|upkeep\n|turn|20\n|\n|t:|1699730169\n|switch|p1a: Luke|Umbreon, M, shiny|80\/100\n|move|p2a: Gliscor|Knock Off|p1a: Luke\n|-resisted|p1a: Luke\n|-damage|p1a: Luke|75\/100\n|\n|-heal|p2a: Gliscor|85\/100 tox|[from] ability: Poison Heal\n|upkeep\n|turn|21\n|\n|t:|1699730177\n|move|p2a: Gliscor|Earthquake|p1a: Luke\n|-damage|p1a: Luke|47\/100\n|move|p1a: Luke|Wish|p1a: Luke\n|\n|-heal|p2a: Gliscor|98\/100 tox|[from] ability: Poison Heal\n|upkeep\n|turn|22\n|\n|t:|1699730186\n|move|p1a: Luke|Protect|p1a: Luke\n|-singleturn|p1a: Luke|Protect\n|move|p2a: Gliscor|Knock Off|p1a: Luke\n|-activate|p1a: Luke|move: Protect\n|\n|-heal|p1a: Luke|97\/100|[from] move: Wish|[wisher] Luke\n|-heal|p2a: Gliscor|100\/100 tox|[from] ability: Poison Heal\n|upkeep\n|turn|23\n|\n|t:|1699730200\n|switch|p1a: Rey Misterio|Hawlucha, M, shiny|100\/100\n|move|p2a: Gliscor|Stealth Rock|p1a: Rey Misterio\n|-sidestart|p1: Frosteluc|move: Stealth Rock\n|\n|upkeep\n|turn|24\n|\n|t:|1699730213\n|switch|p2a: Toxapex|Toxapex, M|96\/100 brn\n|move|p1a: Rey Misterio|Swords Dance|p1a: Rey Misterio\n|-boost|p1a: Rey Misterio|atk|2\n|\n|-damage|p2a: Toxapex|90\/100 brn|[from] brn\n|upkeep\n|turn|25\n|\n|t:|1699730227\n|move|p1a: Rey Misterio|Swords Dance|p1a: Rey Misterio\n|-boost|p1a: Rey Misterio|atk|2\n|move|p2a: Toxapex|Haze|p2a: Toxapex\n|-clearallboost\n|\n|-damage|p2a: Toxapex|84\/100 brn|[from] brn\n|upkeep\n|turn|26\n|\n|t:|1699730237\n|switch|p1a: Thor|Zapdos|100\/100\n|move|p2a: Toxapex|Scald|p1a: Thor\n|-damage|p1a: Thor|85\/100\n|\n|-damage|p2a: Toxapex|77\/100 brn|[from] brn\n|upkeep\n|turn|27\n|\n|t:|1699730247\n|switch|p2a: Gliscor|Gliscor, F|100\/100 tox\n|move|p1a: Thor|Defog|p2a: Gliscor\n|-unboost|p2a: Gliscor|evasion|1\n|-sideend|p1: Frosteluc|Stealth Rock|[from] move: Defog|[of] p1a: Thor\n|\n|upkeep\n|turn|28\n|\n|t:|1699730254\n|switch|p1a: Charizard|Charizard, F|100\/100\n|move|p2a: Gliscor|Stealth Rock|p1a: Charizard\n|-sidestart|p1: Frosteluc|move: Stealth Rock\n|\n|upkeep\n|turn|29\n|\n|t:|1699730274\n|move|p2a: Gliscor|Knock Off|p1a: Charizard\n|-damage|p1a: Charizard|79\/100\n|move|p1a: Charizard|Dragon Dance|p1a: Charizard\n|-boost|p1a: Charizard|atk|1\n|-boost|p1a: Charizard|spe|1\n|\n|upkeep\n|turn|30\n|\n|t:|1699730286\n|-terastallize|p2a: Gliscor|Water\n|move|p1a: Charizard|Dragon Dance|p1a: Charizard\n|-boost|p1a: Charizard|atk|1\n|-boost|p1a: Charizard|spe|1\n|move|p2a: Gliscor|Earthquake|p1a: Charizard\n|-immune|p1a: Charizard\n|\n|upkeep\n|turn|31\n|\n|t:|1699730297\n|move|p1a: Charizard|Dragon Dance|p1a: Charizard\n|-boost|p1a: Charizard|atk|1\n|-boost|p1a: Charizard|spe|1\n|move|p2a: Gliscor|Earthquake|p1a: Charizard\n|-immune|p1a: Charizard\n|\n|upkeep\n|turn|32\n|\n|t:|1699730304\n|move|p1a: Charizard|Dragon Dance|p1a: Charizard\n|-boost|p1a: Charizard|atk|1\n|-boost|p1a: Charizard|spe|1\n|move|p2a: Gliscor|Knock Off|p1a: Charizard\n|-damage|p1a: Charizard|60\/100\n|\n|upkeep\n|turn|33\n|\n|t:|1699730312\n|switch|p2a: Toxapex|Toxapex, M|100\/100 brn\n|detailschange|p1a: Charizard|Charizard-Mega-X, F\n|-mega|p1a: Charizard|Charizard|Charizardite X\n|move|p1a: Charizard|Dragon Claw|p2a: Toxapex\n|-damage|p2a: Toxapex|0 fnt\n|faint|p2a: Toxapex\n|\n|upkeep\n|\n|t:|1699730318\n|switch|p2a: Skarmory|Skarmory, F|100\/100\n|turn|34\n|\n|t:|1699730327\n|move|p1a: Charizard|Dragon Claw|p2a: Skarmory\n|-resisted|p2a: Skarmory\n|-damage|p2a: Skarmory|45\/100\n|-damage|p1a: Charizard|44\/100|[from] item: Rocky Helmet|[of] p2a: Skarmory\n|move|p2a: Skarmory|Body Press|p1a: Charizard\n|-damage|p1a: Charizard|11\/100\n|\n|upkeep\n|turn|35\n|\n|t:|1699730336\n|move|p1a: Charizard|Flare Blitz|p2a: Skarmory\n|-supereffective|p2a: Skarmory\n|-damage|p2a: Skarmory|0 fnt\n|-damage|p1a: Charizard|0 fnt|[from] item: Rocky Helmet|[of] p2a: Skarmory\n|faint|p2a: Skarmory\n|faint|p1a: Charizard\n|\n|upkeep\n|\n|t:|1699730351\n|switch|p1a: Thor|Zapdos|85\/100\n|switch|p2a: Lopunny|Lopunny, F|100\/100\n|turn|36\n|\n|t:|1699730356\n|move|p2a: Lopunny|Fake Out|p1a: Thor\n|-damage|p1a: Thor|68\/100\n|cant|p1a: Thor|flinch\n|\n|upkeep\n|turn|37\n|\n|t:|1699730368\n|move|p2a: Lopunny|Return|p1a: Thor\n|-damage|p1a: Thor|32\/100\n|move|p1a: Thor|Defog|p2a: Lopunny\n|-unboost|p2a: Lopunny|evasion|1\n|-sideend|p1: Frosteluc|Stealth Rock|[from] move: Defog|[of] p1a: Thor\n|\n|upkeep\n|turn|38\n|\n|t:|1699730378\n|switch|p1a: Toxapex|Toxapex, F|100\/100\n|move|p2a: Lopunny|Return|p1a: Toxapex\n|-damage|p1a: Toxapex|79\/100\n|\n|-heal|p1a: Toxapex|85\/100|[from] item: Black Sludge\n|upkeep\n|turn|39\n|\n|t:|1699730391\n|switch|p2a: Cresselia|Cresselia, F|82\/100 tox\n|move|p1a: Toxapex|Toxic Spikes|p2a: Cresselia\n|-sidestart|p2: Ligoleyens|move: Toxic Spikes\n|\n|-heal|p1a: Toxapex|91\/100|[from] item: Black Sludge\n|-damage|p2a: Cresselia|76\/100 tox|[from] psn\n|upkeep\n|turn|40\n|\n|t:|1699730406\n|switch|p1a: Luke|Umbreon, M, shiny|97\/100\n|move|p2a: Cresselia|Calm Mind|p2a: Cresselia\n|-boost|p2a: Cresselia|spa|1\n|-boost|p2a: Cresselia|spd|1\n|\n|-damage|p2a: Cresselia|64\/100 tox|[from] psn\n|upkeep\n|turn|41\n|\n|t:|1699730415\n|move|p2a: Cresselia|Calm Mind|p2a: Cresselia\n|-boost|p2a: Cresselia|spa|1\n|-boost|p2a: Cresselia|spd|1\n|move|p1a: Luke|Wish|p1a: Luke\n|\n|-damage|p2a: Cresselia|46\/100 tox|[from] psn\n|upkeep\n|turn|42\n|\n|t:|1699730425\n|switch|p1a: Thor|Zapdos|32\/100\n|move|p2a: Cresselia|Hidden Power|p1a: Thor\n|-resisted|p1a: Thor\n|-damage|p1a: Thor|22\/100\n|\n|-heal|p1a: Thor|73\/100|[from] move: Wish|[wisher] Luke\n|-damage|p2a: Cresselia|21\/100 tox|[from] psn\n|upkeep\n|turn|43\n|\n|t:|1699730436\n|move|p2a: Cresselia|Stored Power|p1a: Thor\n|-damage|p1a: Thor|20\/100\n|move|p1a: Thor|Volt Switch|p2a: Cresselia\n|-damage|p2a: Cresselia|8\/100 tox\n|\n|t:|1699730442\n|switch|p1a: Luke|Umbreon, M, shiny|97\/100|[from] Volt Switch\n|\n|-damage|p2a: Cresselia|0 fnt|[from] psn\n|faint|p2a: Cresselia\n|upkeep\n|\n|t:|1699730448\n|switch|p2a: Lopunny|Lopunny, F|100\/100\n|-status|p2a: Lopunny|psn\n|turn|44\n|\n|t:|1699730455\n|switch|p1a: Zelda|Tapu Lele, tera:Psychic|5\/100\n|-fieldstart|move: Psychic Terrain|[from] ability: Psychic Surge|[of] p1a: Zelda\n|detailschange|p2a: Lopunny|Lopunny-Mega, F\n|-mega|p2a: Lopunny|Lopunny|Lopunnite\n|move|p2a: Lopunny|Fake Out|p1a: Zelda\n|-activate|p1a: Zelda|move: Psychic Terrain\n|\n|-damage|p2a: Lopunny|88\/100 psn|[from] psn\n|upkeep\n|turn|45\n|\n|t:|1699730465\n|move|p1a: Zelda|Psychic|p2a: Lopunny\n|-supereffective|p2a: Lopunny\n|-damage|p2a: Lopunny|0 fnt\n|faint|p2a: Lopunny\n|\n|upkeep\n|\n|t:|1699730468\n|switch|p2a: Gliscor|Gliscor, F, tera:Water|100\/100 tox\n|turn|46\n|\n|t:|1699730473\n|move|p1a: Zelda|Psychic|p2a: Gliscor\n|-damage|p2a: Gliscor|12\/100 tox\n|move|p2a: Gliscor|Knock Off|p1a: Zelda\n|-supereffective|p1a: Zelda\n|-damage|p1a: Zelda|0 fnt\n|-enditem|p1a: Zelda|Choice Scarf|[from] move: Knock Off|[of] p2a: Gliscor\n|faint|p1a: Zelda\n|\n|-heal|p2a: Gliscor|24\/100 tox|[from] ability: Poison Heal\n|upkeep\n|c|\u2606Ligoleyens|Ggwp\n|\n|t:|1699730484\n|switch|p1a: Thor|Zapdos|20\/100\n|turn|47\n|\n|t:|1699730490\n|move|p2a: Gliscor|Roost|p2a: Gliscor\n|-heal|p2a: Gliscor|74\/100 tox\n|move|p1a: Thor|Volt Switch|p2a: Gliscor\n|-supereffective|p2a: Gliscor\n|-damage|p2a: Gliscor|0 fnt\n|faint|p2a: Gliscor\n|\n|win|Frosteluc\n|l|\u2606Ligoleyens\n","uploadtime":1699730500,"views":12,"p1id":"frosteluc","p2id":"ligoleyens","formatid":"gen9nationaldex","rating":0,"private":0,"password":""}