{"id":"gen9nationaldex-1988092446","p1":"jazzynazzy","p2":"Kobe1919810\u7262\u5927","format":"[Gen 9] National Dex","log":"|j|\u2606jazzynazzy\n|j|\u2606Kobe1919810\u7262\u5927\n|t:|1699668588\n|gametype|singles\n|player|p1|jazzynazzy|170|1384\n|player|p2|Kobe1919810\u7262\u5927|rosa-masters2|1499\n|teamsize|p1|6\n|teamsize|p2|6\n|gen|9\n|tier|[Gen 9] National Dex\n|rated|\n|rule|HP Percentage Mod: HP is shown in percentages\n|rule|Endless Battle Clause: Forcing endless battles is banned\n|rule|OHKO Clause: OHKO moves are banned\n|rule|Evasion Clause: Evasion abilities, items, and moves are banned\n|rule|Evasion Abilities Clause: Evasion abilities are banned\n|rule|Evasion Items Clause: Evasion items are banned\n|rule|Evasion Moves Clause: Evasion moves are banned\n|rule|Species Clause: Limit one of each Pok\u00e9mon\n|rule|Sleep Clause Mod: Limit one foe put to sleep\n|clearpoke\n|poke|p1|Slither Wing|\n|poke|p1|Charizard, F|\n|poke|p1|Tapu Koko|\n|poke|p1|Ribombee, F|\n|poke|p1|Heatran, F|\n|poke|p1|Great Tusk|\n|poke|p2|Blacephalon|\n|poke|p2|Lopunny, M|\n|poke|p2|Ting-Lu|\n|poke|p2|Zapdos|\n|poke|p2|Hatterene, F|\n|poke|p2|Greninja-*, M|\n|teampreview\n|inactive|Battle timer is ON: inactive players will automatically lose when time's up. (requested by Kobe1919810\u7262\u5927)\n|j| Toxic Ariados\n|j| Zachary Zorua 7\n|j| Patar136\n|inactive|jazzynazzy has 120 seconds left.\n|j| Ineros\n|l| Ineros\n|c| Patar136|LETS do it\n|c| Zachary Zorua 7|Where popcorn?\n|c| Patar136|come on baby\n|c| Patar136|lets see this team work\n|c| Patar136|jazzynazzy try your best\n|\n|t:|1699668643\n|start\n|switch|p1a: Slither Wing|Slither Wing|100\/100\n|switch|p2a: Lopunny|Lopunny, M|100\/100\n|turn|1\n|\n|t:|1699668648\n|detailschange|p2a: Lopunny|Lopunny-Mega, M\n|-mega|p2a: Lopunny|Lopunny|Lopunnite\n|move|p2a: Lopunny|Fake Out|p1a: Slither Wing\n|-damage|p1a: Slither Wing|73\/100\n|cant|p1a: Slither Wing|flinch\n|\n|upkeep\n|turn|2\n|inactive|jazzynazzy has 120 seconds left.\n|\n|t:|1699668690\n|move|p2a: Lopunny|U-turn|p1a: Slither Wing\n|-resisted|p1a: Slither Wing\n|-damage|p1a: Slither Wing|55\/100\n|\n|t:|1699668692\n|switch|p2a: Zapdos|Zapdos|100\/100|[from] U-turn\n|move|p1a: Slither Wing|Close Combat|p2a: Zapdos\n|-resisted|p2a: Zapdos\n|-damage|p2a: Zapdos|44\/100\n|-unboost|p1a: Slither Wing|def|1\n|-unboost|p1a: Slither Wing|spd|1\n|\n|upkeep\n|turn|3\n|c| Patar136|Nice chip\n|inactive|jazzynazzy has 120 seconds left.\n|\n|t:|1699668716\n|-end|p1a: Slither Wing|Protosynthesis|[silent]\n|switch|p1a: Ribombee|Ribombee, F|100\/100\n|switch|p2a: Blacephalon|Blacephalon|100\/100\n|\n|upkeep\n|turn|4\n|c| Zachary Zorua 7|The power of a band\n|\n|t:|1699668732\n|switch|p2a: Hatterene|Hatterene, F|100\/100\n|move|p1a: Ribombee|Sticky Web|p2a: Hatterene\n|move|p2a: Hatterene|Sticky Web|p1a: Ribombee|[from]ability: Magic Bounce\n|-sidestart|p1: jazzynazzy|move: Sticky Web\n|\n|upkeep\n|turn|5\n|j| hidin\n|c|\u2606jazzynazzy|i fucking knew it\n|c|\u2606jazzynazzy|jesus im dumb\n|c| Patar136|OOOF\n|l| hidin\n|c| Patar136|NOOOO. Why?\n|c| Patar136|why you do this?\n|inactive|jazzynazzy has 90 seconds left.\n|\n|t:|1699668758\n|switch|p1a: Heatran|Heatran, F|100\/100\n|-activate|p1a: Heatran|move: Sticky Web\n|-unboost|p1a: Heatran|spe|1\n|move|p2a: Hatterene|Nuzzle|p1a: Heatran\n|-damage|p1a: Heatran|97\/100\n|-status|p1a: Heatran|par\n|\n|-heal|p1a: Heatran|100\/100 par|[from] item: Leftovers\n|upkeep\n|turn|6\n|c| Zachary Zorua 7|A simple read but effective. Good play\n|\n|t:|1699668767\n|switch|p2a: Ting-Lu|Ting-Lu|100\/100\n|-ability|p2a: Ting-Lu|Vessel of Ruin\n|switch|p1a: Slither Wing|Slither Wing|55\/100\n|-activate|p1a: Slither Wing|move: Sticky Web\n|-unboost|p1a: Slither Wing|spe|1\n|\n|upkeep\n|turn|7\n|\n|t:|1699668779\n|switch|p2a: Blacephalon|Blacephalon|100\/100\n|move|p1a: Slither Wing|U-turn|p2a: Blacephalon\n|-resisted|p2a: Blacephalon\n|-damage|p2a: Blacephalon|64\/100\n|inactive|jazzynazzy has 90 seconds left.\n|\n|t:|1699668804\n|-end|p1a: Slither Wing|Protosynthesis|[silent]\n|switch|p1a: Heatran|Heatran, F|100\/100 par|[from] U-turn\n|-activate|p1a: Heatran|move: Sticky Web\n|-unboost|p1a: Heatran|spe|1\n|\n|upkeep\n|turn|8\n|\n|t:|1699668817\n|switch|p2a: Ting-Lu|Ting-Lu|100\/100\n|-ability|p2a: Ting-Lu|Vessel of Ruin\n|move|p1a: Heatran|Earth Power|p2a: Ting-Lu\n|-damage|p2a: Ting-Lu|83\/100\n|\n|-heal|p2a: Ting-Lu|89\/100|[from] item: Leftovers\n|upkeep\n|turn|9\n|\n|t:|1699668821\n|switch|p1a: Great Tusk|Great Tusk|100\/100\n|-activate|p1a: Great Tusk|move: Sticky Web\n|-unboost|p1a: Great Tusk|spe|1\n|move|p2a: Ting-Lu|Stealth Rock|p1a: Great Tusk\n|-sidestart|p1: jazzynazzy|move: Stealth Rock\n|\n|-heal|p2a: Ting-Lu|96\/100|[from] item: Leftovers\n|upkeep\n|turn|10\n|\n|t:|1699668825\n|switch|p2a: Blacephalon|Blacephalon|64\/100\n|move|p1a: Great Tusk|Rapid Spin|p2a: Blacephalon\n|-immune|p2a: Blacephalon\n|\n|upkeep\n|turn|11\n|c|\u2606jazzynazzy|yo im clicking x\n|c| Patar136|Too obvious Jazzy\n|\n|t:|1699668844\n|-end|p1a: Great Tusk|Protosynthesis|[silent]\n|switch|p1a: Heatran|Heatran, F|100\/100 par\n|-activate|p1a: Heatran|move: Sticky Web\n|-unboost|p1a: Heatran|spe|1\n|-damage|p1a: Heatran|88\/100 par|[from] Stealth Rock\n|move|p2a: Blacephalon|Shadow Ball|p1a: Heatran\n|-damage|p1a: Heatran|55\/100 par\n|\n|-heal|p1a: Heatran|61\/100 par|[from] item: Leftovers\n|upkeep\n|turn|12\n|c| Patar136|you need to strategize.\n|c| Zachary Zorua 7|Agreed\n|inactive|jazzynazzy has 90 seconds left.\n|\n|t:|1699668867\n|switch|p2a: Greninja|Greninja, M|100\/100\n|move|p1a: Heatran|Earth Power|p2a: Greninja\n|-damage|p2a: Greninja|56\/100\n|\n|-heal|p1a: Heatran|67\/100 par|[from] item: Leftovers\n|upkeep\n|turn|13\n|c| Patar136|if you're gonna win you need to predict\n|inactive|jazzynazzy has 90 seconds left.\n|\n|t:|1699668890\n|move|p2a: Greninja|Surf|p1a: Heatran\n|-supereffective|p1a: Heatran\n|-damage|p1a: Heatran|0 fnt\n|faint|p1a: Heatran\n|-ability|p2a: Greninja|Battle Bond|boost\n|-boost|p2a: Greninja|atk|1\n|-boost|p2a: Greninja|spa|1\n|-boost|p2a: Greninja|spe|1\n|-activate|p2a: Greninja|ability: Battle Bond\n|-damage|p2a: Greninja|46\/100|[from] item: Life Orb\n|\n|upkeep\n|c| Patar136|I'm taking notes\n|\n|t:|1699668895\n|switch|p1a: Slither Wing|Slither Wing|55\/100\n|-activate|p1a: Slither Wing|move: Sticky Web\n|-unboost|p1a: Slither Wing|spe|1\n|-damage|p1a: Slither Wing|43\/100|[from] Stealth Rock\n|turn|14\n|c| Patar136|to see what we can improve\n|inactive|jazzynazzy has 90 seconds left.\n|\n|t:|1699668905\n|move|p1a: Slither Wing|First Impression|p2a: Greninja\n|-supereffective|p2a: Greninja\n|-damage|p2a: Greninja|0 fnt\n|faint|p2a: Greninja\n|\n|upkeep\n|\n|t:|1699668907\n|switch|p2a: Blacephalon|Blacephalon|64\/100\n|turn|15\n|inactive|jazzynazzy has 90 seconds left.\n|j| goopypiggys\n|\n|t:|1699668950\n|-end|p1a: Slither Wing|Protosynthesis|[silent]\n|switch|p1a: Tapu Koko|Tapu Koko|100\/100\n|-fieldstart|move: Electric Terrain|[from] ability: Electric Surge|[of] p1a: Tapu Koko\n|move|p2a: Blacephalon|Shadow Ball|p1a: Tapu Koko\n|-damage|p1a: Tapu Koko|27\/100\n|\n|upkeep\n|turn|16\n|l| goopypiggys\n|j| XYStarshine.\u661f\u8000\n|\n|t:|1699668976\n|move|p2a: Blacephalon|Shadow Ball|p1a: Tapu Koko\n|-damage|p1a: Tapu Koko|0 fnt\n|faint|p1a: Tapu Koko\n|-ability|p2a: Blacephalon|Beast Boost|boost\n|-boost|p2a: Blacephalon|spa|1\n|\n|upkeep\n|j| veasters\n|c| Patar136|That is scarf.\n|inactive|jazzynazzy has 60 seconds left.\n|c| Patar136|watch out\n|c|\u2606jazzynazzy|yeah\n|c| Zachary Zorua 7|That's ggs\n|c| Zachary Zorua 7|By the time it dies the damage has been done\n|\n|t:|1699669019\n|switch|p1a: Charizard|Charizard, F|100\/100\n|-damage|p1a: Charizard|51\/100|[from] Stealth Rock\n|turn|17\n|\n|t:|1699669026\n|detailschange|p1a: Charizard|Charizard-Mega-Y, F\n|-mega|p1a: Charizard|Charizard|Charizardite Y\n|-weather|SunnyDay|[from] ability: Drought|[of] p1a: Charizard\n|move|p2a: Blacephalon|Shadow Ball|p1a: Charizard\n|-damage|p1a: Charizard|0 fnt\n|faint|p1a: Charizard\n|-ability|p2a: Blacephalon|Beast Boost|boost\n|-boost|p2a: Blacephalon|spa|1\n|\n|-weather|SunnyDay|[upkeep]\n|upkeep\n|\n|t:|1699669027\n|switch|p1a: Slither Wing|Slither Wing|43\/100\n|-activate|p1a: Slither Wing|move: Sticky Web\n|-unboost|p1a: Slither Wing|spe|1\n|-damage|p1a: Slither Wing|31\/100|[from] Stealth Rock\n|-activate|p1a: Slither Wing|ability: Protosynthesis\n|-start|p1a: Slither Wing|protosynthesisatk\n|turn|18\n|\n|t:|1699669031\n|move|p1a: Slither Wing|First Impression|p2a: Blacephalon\n|-resisted|p2a: Blacephalon\n|-damage|p2a: Blacephalon|9\/100\n|move|p2a: Blacephalon|Shadow Ball|p1a: Slither Wing\n|-damage|p1a: Slither Wing|0 fnt\n|faint|p1a: Slither Wing\n|-end|p1a: Slither Wing|Protosynthesis|[silent]\n|-ability|p2a: Blacephalon|Beast Boost|boost\n|-boost|p2a: Blacephalon|spa|1\n|\n|-weather|SunnyDay|[upkeep]\n|upkeep\n|c| Patar136|yeah this is gg\n|c|\u2606jazzynazzy|FUCK\n|c|\u2606jazzynazzy|ggs\n|c| Patar136|we need to send this back to the workshop\n|-message|jazzynazzy forfeited.\n|\n|win|Kobe1919810\u7262\u5927\n|raw|jazzynazzy's rating: 1361 &rarr; <strong>1349<\/strong><br \/>(-12 for losing)\n|raw|Kobe1919810\u7262\u5927's rating: 1499 &rarr; <strong>1511<\/strong><br \/>(+12 for winning)\n","uploadtime":1699669050,"views":5,"p1id":"jazzynazzy","p2id":"kobe1919810","formatid":"gen9nationaldex","rating":1349,"private":0,"password":""}