{"id":"gen9nationaldex-1994337066","p1":"GustaEiras","p2":"airslashesfolante","format":"[Gen 9] National Dex","log":"|j|\u2606GustaEiras\n|j|\u2606airslashesfolante\n|t:|1700432541\n|gametype|singles\n|player|p1|GustaEiras|pokemonranger-gen4|\n|player|p2|airslashesfolante|acerola|\n|teamsize|p1|6\n|teamsize|p2|6\n|gen|9\n|tier|[Gen 9] National Dex\n|rule|HP Percentage Mod: HP is shown in percentages\n|rule|Endless Battle Clause: Forcing endless battles is banned\n|rule|OHKO Clause: OHKO moves are banned\n|rule|Evasion Clause: Evasion abilities, items, and moves are banned\n|rule|Evasion Abilities Clause: Evasion abilities are banned\n|rule|Evasion Items Clause: Evasion items are banned\n|rule|Evasion Moves Clause: Evasion moves are banned\n|rule|Species Clause: Limit one of each Pok\u00e9mon\n|rule|Sleep Clause Mod: Limit one foe put to sleep\n|clearpoke\n|poke|p1|Heatran, F|\n|poke|p1|Incineroar, F|\n|poke|p1|Charizard, F|\n|poke|p1|Emboar, M|\n|poke|p1|Delphox, M|\n|poke|p1|Arcanine, M|\n|poke|p2|Salazzle, F|\n|poke|p2|Camerupt, F|\n|poke|p2|Volcanion|\n|poke|p2|Arcanine-Hisui, M|\n|poke|p2|Rotom-Heat|\n|poke|p2|Silvally-*|\n|teampreview\n|c|\u2606GustaEiras|mano\n|c|\u2606GustaEiras|vou no banheiro rapidinho\n|c|\u2606GustaEiras|perae\n|c|\u2606airslashesfolante|vai l\u00e1\n|c|\u2606GustaEiras|voltei\n|\n|t:|1700432615\n|start\n|switch|p1a: Heatran|Heatran, F|100\/100\n|switch|p2a: Rotom|Rotom-Heat|100\/100\n|-item|p1a: Heatran|Air Balloon\n|turn|1\n|\n|t:|1700432625\n|switch|p1a: Delphox|Delphox, M|100\/100\n|move|p2a: Rotom|Volt Switch|p1a: Delphox\n|-damage|p1a: Delphox|84\/100\n|\n|t:|1700432631\n|switch|p2a: Arcanine|Arcanine-Hisui, M|100\/100|[from] Volt Switch\n|\n|upkeep\n|turn|2\n|\n|t:|1700432640\n|switch|p1a: Emboar|Emboar, M|100\/100\n|move|p2a: Arcanine|Head Smash|p1a: Emboar\n|-damage|p1a: Emboar|47\/100\n|\n|-heal|p1a: Emboar|53\/100|[from] item: Leftovers\n|upkeep\n|turn|3\n|\n|t:|1700432650\n|switch|p2a: Rotom|Rotom-Heat|100\/100\n|move|p1a: Emboar|Yawn|p2a: Rotom\n|-start|p2a: Rotom|move: Yawn|[of] p1a: Emboar\n|\n|-heal|p1a: Emboar|59\/100|[from] item: Leftovers\n|upkeep\n|turn|4\n|\n|t:|1700432657\n|move|p2a: Rotom|Volt Switch|p1a: Emboar\n|-damage|p1a: Emboar|31\/100\n|\n|t:|1700432660\n|switch|p2a: Silvally|Silvally-Fire|100\/100|[from] Volt Switch\n|move|p1a: Emboar|Earthquake|p2a: Silvally\n|-supereffective|p2a: Silvally\n|-damage|p2a: Silvally|46\/100\n|\n|-heal|p1a: Emboar|38\/100|[from] item: Leftovers\n|upkeep\n|turn|5\n|\n|t:|1700432669\n|switch|p1a: Delphox|Delphox, M|84\/100\n|move|p2a: Silvally|Surf|p1a: Delphox\n|-supereffective|p1a: Delphox\n|-enditem|p1a: Delphox|Passho Berry|[eat]\n|-enditem|p1a: Delphox|Passho Berry|[weaken]\n|-damage|p1a: Delphox|70\/100\n|\n|upkeep\n|turn|6\n|\n|t:|1700432678\n|move|p1a: Delphox|Toxic|p2a: Silvally\n|-status|p2a: Silvally|tox\n|move|p2a: Silvally|Parting Shot|p1a: Delphox\n|-unboost|p1a: Delphox|atk|1\n|-unboost|p1a: Delphox|spa|1\n|\n|t:|1700432685\n|switch|p2a: Arcanine|Arcanine-Hisui, M|100\/100|[from] Parting Shot\n|\n|upkeep\n|turn|7\n|\n|t:|1700432721\n|switch|p1a: Arcanine|Arcanine, M|100\/100\n|move|p2a: Arcanine|Head Smash|p1a: Arcanine\n|-supereffective|p1a: Arcanine\n|-damage|p1a: Arcanine|0 fnt\n|faint|p1a: Arcanine\n|\n|upkeep\n|\n|t:|1700432727\n|switch|p1a: Heatran|Heatran, F|100\/100\n|-item|p1a: Heatran|Air Balloon\n|turn|8\n|\n|t:|1700432732\n|switch|p2a: Rotom|Rotom-Heat|100\/100\n|move|p1a: Heatran|Power Gem|p2a: Rotom\n|-supereffective|p2a: Rotom\n|-damage|p2a: Rotom|46\/100\n|\n|upkeep\n|turn|9\n|\n|t:|1700432741\n|switch|p1a: Emboar|Emboar, M|38\/100\n|move|p2a: Rotom|Volt Switch|p1a: Emboar\n|-damage|p1a: Emboar|11\/100\n|\n|t:|1700432748\n|switch|p2a: Silvally|Silvally-Fire|46\/100 tox|[from] Volt Switch\n|\n|-heal|p1a: Emboar|17\/100|[from] item: Leftovers\n|-damage|p2a: Silvally|40\/100 tox|[from] psn\n|upkeep\n|turn|10\n|\n|t:|1700432763\n|move|p1a: Emboar|Sucker Punch|p2a: Silvally\n|-damage|p2a: Silvally|22\/100 tox\n|move|p2a: Silvally|Surf|p1a: Emboar\n|-supereffective|p1a: Emboar\n|-damage|p1a: Emboar|0 fnt\n|faint|p1a: Emboar\n|\n|-damage|p2a: Silvally|10\/100 tox|[from] psn\n|upkeep\n|\n|t:|1700432771\n|switch|p1a: Charizard|Charizard, F|100\/100\n|turn|11\n|\n|t:|1700432775\n|detailschange|p1a: Charizard|Charizard-Mega-X, F\n|-mega|p1a: Charizard|Charizard|Charizardite X\n|move|p1a: Charizard|Scale Shot|p2a: Silvally|[miss]\n|-miss|p1a: Charizard|p2a: Silvally\n|move|p2a: Silvally|Draco Meteor|p1a: Charizard\n|-supereffective|p1a: Charizard\n|-damage|p1a: Charizard|24\/100\n|-unboost|p2a: Silvally|spa|2\n|\n|-damage|p2a: Silvally|0 fnt|[from] psn\n|faint|p2a: Silvally\n|upkeep\n|\n|t:|1700432783\n|switch|p2a: Arcanine|Arcanine-Hisui, M|100\/100\n|turn|12\n|c|\u2606GustaEiras|aaaaaa\n|\n|t:|1700432800\n|switch|p1a: Incineroar|Incineroar, F|100\/100\n|-ability|p1a: Incineroar|Intimidate|boost\n|-unboost|p2a: Arcanine|atk|1\n|move|p2a: Arcanine|Head Smash|p1a: Incineroar|[miss]\n|-miss|p2a: Arcanine|p1a: Incineroar\n|\n|upkeep\n|turn|13\n|\n|t:|1700432818\n|move|p2a: Arcanine|Head Smash|p1a: Incineroar\n|-supereffective|p1a: Incineroar\n|-damage|p1a: Incineroar|39\/100\n|move|p1a: Incineroar|Earthquake|p2a: Arcanine\n|-supereffective|p2a: Arcanine\n|-damage|p2a: Arcanine|0 fnt\n|faint|p2a: Arcanine\n|\n|upkeep\n|j| Pachequitos\n|c|\u2606GustaEiras|omg\n|\n|t:|1700432828\n|switch|p2a: Rotom|Rotom-Heat|46\/100\n|turn|14\n|\n|t:|1700432839\n|move|p2a: Rotom|Volt Switch|p1a: Incineroar\n|-damage|p1a: Incineroar|14\/100\n|\n|t:|1700432843\n|switch|p2a: Camerupt|Camerupt, F|100\/100|[from] Volt Switch\n|move|p1a: Incineroar|Parting Shot|p2a: Camerupt\n|-unboost|p2a: Camerupt|atk|1\n|-unboost|p2a: Camerupt|spa|1\n|\n|t:|1700432848\n|switch|p1a: Heatran|Heatran, F|100\/100|[from] Parting Shot\n|-item|p1a: Heatran|Air Balloon\n|\n|upkeep\n|turn|15\n|\n|t:|1700432859\n|detailschange|p2a: Camerupt|Camerupt-Mega, F\n|-mega|p2a: Camerupt|Camerupt|Cameruptite\n|move|p1a: Heatran|Power Gem|p2a: Camerupt\n|-damage|p2a: Camerupt|76\/100\n|move|p2a: Camerupt|Ancient Power|p1a: Heatran\n|-damage|p1a: Heatran|79\/100\n|-enditem|p1a: Heatran|Air Balloon\n|\n|upkeep\n|turn|16\n|c| Pachequitos|wtf\n|\n|t:|1700432868\n|switch|p2a: Rotom|Rotom-Heat|46\/100\n|move|p1a: Heatran|Earth Power|p2a: Rotom\n|-immune|p2a: Rotom|[from] ability: Levitate\n|\n|upkeep\n|turn|17\n|\n|t:|1700432880\n|move|p2a: Rotom|Pain Split|p1a: Heatran\n|-sethp|p1a: Heatran|61\/100|[from] move: Pain Split|[silent]\n|-sethp|p2a: Rotom|65\/100|[from] move: Pain Split\n|move|p1a: Heatran|Earth Power|p2a: Rotom\n|-immune|p2a: Rotom|[from] ability: Levitate\n|\n|upkeep\n|turn|18\n|\n|t:|1700432887\n|move|p2a: Rotom|Shadow Ball|p1a: Heatran\n|-damage|p1a: Heatran|41\/100\n|move|p1a: Heatran|Earth Power|p2a: Rotom\n|-immune|p2a: Rotom|[from] ability: Levitate\n|\n|upkeep\n|turn|19\n|c|\u2606GustaEiras|troca ai\n|c|\u2606airslashesfolante|po\n|c|\u2606airslashesfolante|n\u00e3o\n|\n|t:|1700432904\n|move|p2a: Rotom|Shadow Ball|p1a: Heatran\n|-crit|p1a: Heatran\n|-damage|p1a: Heatran|13\/100\n|move|p1a: Heatran|Stealth Rock|p2a: Rotom\n|-sidestart|p2: airslashesfolante|move: Stealth Rock\n|\n|upkeep\n|turn|20\n|\n|t:|1700432931\n|move|p2a: Rotom|Volt Switch|p1a: Heatran\n|-damage|p1a: Heatran|0 fnt\n|faint|p1a: Heatran\n|\n|t:|1700432935\n|switch|p2a: Camerupt|Camerupt-Mega, F|76\/100|[from] Volt Switch\n|-damage|p2a: Camerupt|64\/100|[from] Stealth Rock\n|\n|upkeep\n|\n|t:|1700432968\n|switch|p1a: Delphox|Delphox, M|70\/100\n|turn|21\n|\n|t:|1700432972\n|move|p1a: Delphox|Psychic|p2a: Camerupt\n|-damage|p2a: Camerupt|29\/100\n|move|p2a: Camerupt|Earth Power|p1a: Delphox\n|-supereffective|p1a: Delphox\n|-damage|p1a: Delphox|0 fnt\n|faint|p1a: Delphox\n|\n|upkeep\n|\n|t:|1700432974\n|switch|p1a: Charizard|Charizard-Mega-X, F|24\/100\n|turn|22\n|\n|t:|1700432981\n|move|p1a: Charizard|Scale Shot|p2a: Camerupt|[miss]\n|-miss|p1a: Charizard|p2a: Camerupt\n|move|p2a: Camerupt|Earth Power|p1a: Charizard\n|-supereffective|p1a: Charizard\n|-damage|p1a: Charizard|0 fnt\n|faint|p1a: Charizard\n|\n|upkeep\n|c|\u2606GustaEiras|ah mn\n|\n|t:|1700432988\n|switch|p1a: Incineroar|Incineroar, F|14\/100\n|-ability|p1a: Incineroar|Intimidate|boost\n|-unboost|p2a: Camerupt|atk|1\n|turn|23\n|l| Pachequitos\n|\n|t:|1700432993\n|move|p1a: Incineroar|Earthquake|p2a: Camerupt\n|-supereffective|p2a: Camerupt\n|-damage|p2a: Camerupt|0 fnt\n|faint|p2a: Camerupt\n|\n|upkeep\n|\n|t:|1700432996\n|switch|p2a: Salazzle|Salazzle, F|100\/100\n|-damage|p2a: Salazzle|76\/100|[from] Stealth Rock\n|turn|24\n|\n|t:|1700433001\n|move|p2a: Salazzle|Hidden Power|p1a: Incineroar\n|-supereffective|p1a: Incineroar\n|-damage|p1a: Incineroar|0 fnt\n|faint|p1a: Incineroar\n|\n|win|airslashesfolante\n|c|\u2606airslashesfolante|bah\n|c|\u2606airslashesfolante|desculpe\n","uploadtime":1700433025,"views":8,"p1id":"gustaeiras","p2id":"airslashesfolante","formatid":"gen9nationaldex","rating":0,"private":0,"password":""}