{"id":"gen9nationaldex-1990689847","p1":"Spler","p2":"Chili D Dewd","format":"[Gen 9] National Dex","log":"|j|\u2606Spler\n|j|\u2606Chili D Dewd\n|t:|1699992021\n|gametype|singles\n|player|p1|Spler|102|1521\n|player|p2|Chili D Dewd|flint|1526\n|teamsize|p1|6\n|teamsize|p2|6\n|gen|9\n|tier|[Gen 9] National Dex\n|rated|\n|rule|HP Percentage Mod: HP is shown in percentages\n|rule|Endless Battle Clause: Forcing endless battles is banned\n|rule|OHKO Clause: OHKO moves are banned\n|rule|Evasion Clause: Evasion abilities, items, and moves are banned\n|rule|Evasion Abilities Clause: Evasion abilities are banned\n|rule|Evasion Items Clause: Evasion items are banned\n|rule|Evasion Moves Clause: Evasion moves are banned\n|rule|Species Clause: Limit one of each Pok\u00e9mon\n|rule|Sleep Clause Mod: Limit one foe put to sleep\n|clearpoke\n|poke|p1|Milotic, M|\n|poke|p1|Gliscor, M|\n|poke|p1|Garganacl, F|\n|poke|p1|Skeledirge, M|\n|poke|p1|Tapu Lele|\n|poke|p1|Sneasler, F|\n|poke|p2|Scovillain, M|\n|poke|p2|Torkoal, M|\n|poke|p2|Great Tusk|\n|poke|p2|Houndoom, F|\n|poke|p2|Tapu Lele|\n|poke|p2|Rotom-Wash|\n|teampreview\n|inactive|Battle timer is ON: inactive players will automatically lose when time's up. (requested by Chili D Dewd)\n|\n|t:|1699992030\n|start\n|switch|p1a: Garganacl|Garganacl, F|100\/100\n|switch|p2a: Torkoal|Torkoal, M|100\/100\n|-weather|SunnyDay|[from] ability: Drought|[of] p2a: Torkoal\n|turn|1\n|\n|t:|1699992038\n|move|p1a: Garganacl|Salt Cure|p2a: Torkoal\n|-supereffective|p2a: Torkoal\n|-damage|p2a: Torkoal|85\/100\n|-start|p2a: Torkoal|Salt Cure\n|move|p2a: Torkoal|Stealth Rock|p1a: Garganacl\n|-sidestart|p1: Spler|move: Stealth Rock\n|\n|-weather|SunnyDay|[upkeep]\n|-damage|p2a: Torkoal|72\/100|[from] Salt Cure\n|upkeep\n|turn|2\n|\n|t:|1699992049\n|switch|p2a: Great Tusk|Great Tusk|100\/100\n|-activate|p2a: Great Tusk|ability: Protosynthesis\n|-start|p2a: Great Tusk|protosynthesisatk\n|move|p1a: Garganacl|Stealth Rock|p2a: Great Tusk\n|-sidestart|p2: Chili D Dewd|move: Stealth Rock\n|\n|-weather|SunnyDay|[upkeep]\n|upkeep\n|turn|3\n|\n|t:|1699992058\n|move|p1a: Garganacl|Protect|p1a: Garganacl\n|-singleturn|p1a: Garganacl|Protect\n|move|p2a: Great Tusk|Rapid Spin|p1a: Garganacl\n|-activate|p1a: Garganacl|move: Protect\n|\n|-weather|SunnyDay|[upkeep]\n|upkeep\n|turn|4\n|\n|t:|1699992067\n|move|p2a: Great Tusk|Rapid Spin|p1a: Garganacl\n|-resisted|p1a: Garganacl\n|-damage|p1a: Garganacl|94\/100\n|-boost|p2a: Great Tusk|spe|1\n|-sideend|p2: Chili D Dewd|Stealth Rock|[from] move: Rapid Spin|[of] p2a: Great Tusk\n|move|p1a: Garganacl|Salt Cure|p2a: Great Tusk\n|-resisted|p2a: Great Tusk\n|-damage|p2a: Great Tusk|98\/100\n|-start|p2a: Great Tusk|Salt Cure\n|\n|-weather|SunnyDay|[upkeep]\n|-heal|p1a: Garganacl|99\/100|[from] item: Leftovers\n|-damage|p2a: Great Tusk|85\/100|[from] Salt Cure\n|upkeep\n|turn|5\n|\n|t:|1699992080\n|move|p1a: Garganacl|Protect|p1a: Garganacl\n|-singleturn|p1a: Garganacl|Protect\n|move|p2a: Great Tusk|Headlong Rush|p1a: Garganacl\n|-activate|p1a: Garganacl|move: Protect\n|\n|-weather|SunnyDay|[upkeep]\n|-heal|p1a: Garganacl|100\/100|[from] item: Leftovers\n|-damage|p2a: Great Tusk|73\/100|[from] Salt Cure\n|upkeep\n|turn|6\n|\n|t:|1699992099\n|switch|p1a: Gliscor|Gliscor, M|100\/100\n|-damage|p1a: Gliscor|88\/100|[from] Stealth Rock\n|-zpower|p2a: Great Tusk\n|move|p2a: Great Tusk|Subzero Slammer|p1a: Gliscor|[zeffect]\n|-supereffective|p1a: Gliscor\n|-damage|p1a: Gliscor|0 fnt\n|faint|p1a: Gliscor\n|\n|-weather|SunnyDay|[upkeep]\n|-damage|p2a: Great Tusk|61\/100|[from] Salt Cure\n|upkeep\n|\n|t:|1699992114\n|switch|p1a: Tapu Lele|Tapu Lele|100\/100\n|-damage|p1a: Tapu Lele|88\/100|[from] Stealth Rock\n|-fieldstart|move: Psychic Terrain|[from] ability: Psychic Surge|[of] p1a: Tapu Lele\n|turn|7\n|\n|t:|1699992120\n|-end|p2a: Great Tusk|Protosynthesis|[silent]\n|switch|p2a: Tapu Lele|Tapu Lele|100\/100\n|move|p1a: Tapu Lele|Moonblast|p2a: Tapu Lele\n|-damage|p2a: Tapu Lele|38\/100\n|-unboost|p2a: Tapu Lele|spa|1\n|\n|-weather|SunnyDay|[upkeep]\n|upkeep\n|turn|8\n|\n|t:|1699992130\n|move|p2a: Tapu Lele|Future Sight|p1a: Tapu Lele\n|-start|p2a: Tapu Lele|move: Future Sight\n|move|p1a: Tapu Lele|Moonblast|p2a: Tapu Lele\n|-damage|p2a: Tapu Lele|0 fnt\n|faint|p2a: Tapu Lele\n|\n|-weather|none\n|upkeep\n|\n|t:|1699992135\n|switch|p2a: Torkoal|Torkoal, M|72\/100\n|-weather|SunnyDay|[from] ability: Drought|[of] p2a: Torkoal\n|turn|9\n|\n|t:|1699992143\n|switch|p1a: Garganacl|Garganacl, F|100\/100\n|-damage|p1a: Garganacl|88\/100|[from] Stealth Rock\n|switch|p2a: Rotom|Rotom-Wash|100\/100\n|\n|-weather|SunnyDay|[upkeep]\n|-heal|p1a: Garganacl|94\/100|[from] item: Leftovers\n|upkeep\n|turn|10\n|\n|t:|1699992153\n|move|p2a: Rotom|Volt Switch|p1a: Garganacl\n|-damage|p1a: Garganacl|76\/100\n|\n|t:|1699992155\n|switch|p2a: Great Tusk|Great Tusk|61\/100|[from] Volt Switch\n|-activate|p2a: Great Tusk|ability: Protosynthesis\n|-start|p2a: Great Tusk|protosynthesisatk\n|move|p1a: Garganacl|Salt Cure|p2a: Great Tusk\n|-resisted|p2a: Great Tusk\n|-damage|p2a: Great Tusk|58\/100\n|-start|p2a: Great Tusk|Salt Cure\n|\n|-weather|SunnyDay|[upkeep]\n|-end|p1a: Garganacl|move: Future Sight\n|-damage|p1a: Garganacl|15\/100\n|-heal|p1a: Garganacl|21\/100|[from] item: Leftovers\n|-damage|p2a: Great Tusk|46\/100|[from] Salt Cure\n|upkeep\n|turn|11\n|\n|t:|1699992170\n|move|p1a: Garganacl|Protect|p1a: Garganacl\n|-singleturn|p1a: Garganacl|Protect\n|move|p2a: Great Tusk|Headlong Rush|p1a: Garganacl\n|-activate|p1a: Garganacl|move: Protect\n|\n|-weather|SunnyDay|[upkeep]\n|-heal|p1a: Garganacl|27\/100|[from] item: Leftovers\n|-damage|p2a: Great Tusk|33\/100|[from] Salt Cure\n|-fieldend|move: Psychic Terrain\n|upkeep\n|turn|12\n|\n|t:|1699992186\n|move|p2a: Great Tusk|Headlong Rush|p1a: Garganacl\n|-supereffective|p1a: Garganacl\n|-damage|p1a: Garganacl|0 fnt\n|-unboost|p2a: Great Tusk|def|1\n|-unboost|p2a: Great Tusk|spd|1\n|faint|p1a: Garganacl\n|\n|-weather|SunnyDay|[upkeep]\n|-damage|p2a: Great Tusk|21\/100|[from] Salt Cure\n|upkeep\n|inactive|Spler has 120 seconds left.\n|\n|t:|1699992226\n|switch|p1a: Tapu Lele|Tapu Lele|88\/100\n|-damage|p1a: Tapu Lele|76\/100|[from] Stealth Rock\n|-fieldstart|move: Psychic Terrain|[from] ability: Psychic Surge|[of] p1a: Tapu Lele\n|turn|13\n|\n|t:|1699992246\n|-end|p2a: Great Tusk|Protosynthesis|[silent]\n|switch|p2a: Rotom|Rotom-Wash|100\/100\n|move|p1a: Tapu Lele|Moonblast|p2a: Rotom\n|-damage|p2a: Rotom|58\/100\n|\n|-weather|SunnyDay|[upkeep]\n|-heal|p2a: Rotom|64\/100|[from] item: Leftovers\n|upkeep\n|turn|14\n|\n|t:|1699992257\n|move|p1a: Tapu Lele|Moonblast|p2a: Rotom\n|-damage|p2a: Rotom|20\/100\n|move|p2a: Rotom|Volt Switch|p1a: Tapu Lele\n|-damage|p1a: Tapu Lele|48\/100\n|\n|t:|1699992260\n|switch|p2a: Houndoom|Houndoom, F|100\/100|[from] Volt Switch\n|\n|-weather|SunnyDay|[upkeep]\n|upkeep\n|turn|15\n|\n|t:|1699992268\n|detailschange|p2a: Houndoom|Houndoom-Mega, F\n|-mega|p2a: Houndoom|Houndoom|Houndoominite\n|move|p1a: Tapu Lele|Moonblast|p2a: Houndoom\n|-damage|p2a: Houndoom|32\/100\n|move|p2a: Houndoom|Dark Pulse|p1a: Tapu Lele\n|-damage|p1a: Tapu Lele|0 fnt\n|faint|p1a: Tapu Lele\n|\n|-weather|SunnyDay|[upkeep]\n|-damage|p2a: Houndoom|20\/100|[from] ability: Solar Power|[of] p2a: Houndoom\n|upkeep\n|\n|t:|1699992281\n|switch|p1a: Sneasler|Sneasler, F|100\/100\n|-damage|p1a: Sneasler|95\/100|[from] Stealth Rock\n|-enditem|p1a: Sneasler|Psychic Seed\n|-boost|p1a: Sneasler|spd|1|[from] item: Psychic Seed\n|turn|16\n|\n|t:|1699992288\n|switch|p2a: Great Tusk|Great Tusk|21\/100\n|-activate|p2a: Great Tusk|ability: Protosynthesis\n|-start|p2a: Great Tusk|protosynthesisatk\n|move|p1a: Sneasler|Dire Claw|p2a: Great Tusk\n|-resisted|p2a: Great Tusk\n|-damage|p2a: Great Tusk|6\/100\n|-status|p2a: Great Tusk|par\n|\n|-weather|none\n|-end|p2a: Great Tusk|Protosynthesis\n|upkeep\n|turn|17\n|inactive|Spler has 120 seconds left.\n|\n|t:|1699992306\n|-terastallize|p1a: Sneasler|Flying\n|move|p1a: Sneasler|Swords Dance|p1a: Sneasler\n|-boost|p1a: Sneasler|atk|2\n|move|p2a: Great Tusk|Ice Spinner|p1a: Sneasler\n|-supereffective|p1a: Sneasler\n|-damage|p1a: Sneasler|0 fnt\n|-fieldend|move: Psychic Terrain\n|faint|p1a: Sneasler\n|\n|upkeep\n|\n|t:|1699992325\n|switch|p1a: Milotic|Milotic, M|100\/100\n|turn|18\n|\n|t:|1699992330\n|move|p1a: Milotic|Scald|p2a: Great Tusk\n|-supereffective|p2a: Great Tusk\n|-damage|p2a: Great Tusk|0 fnt\n|faint|p2a: Great Tusk\n|-end|p2a: Great Tusk|Protosynthesis|[silent]\n|\n|upkeep\n|\n|t:|1699992332\n|switch|p2a: Rotom|Rotom-Wash|20\/100\n|turn|19\n|inactive|Spler has 120 seconds left.\n|\n|t:|1699992340\n|move|p1a: Milotic|Toxic|p2a: Rotom\n|-status|p2a: Rotom|tox\n|move|p2a: Rotom|Pain Split|p1a: Milotic\n|-sethp|p1a: Milotic|58\/100|[from] move: Pain Split|[silent]\n|-sethp|p2a: Rotom|75\/100 tox|[from] move: Pain Split\n|\n|-heal|p2a: Rotom|81\/100 tox|[from] item: Leftovers\n|-damage|p2a: Rotom|75\/100 tox|[from] psn\n|upkeep\n|turn|20\n|inactive|Spler has 120 seconds left.\n|\n|t:|1699992351\n|move|p1a: Milotic|Scald|p2a: Rotom\n|-resisted|p2a: Rotom\n|-damage|p2a: Rotom|64\/100 tox\n|move|p2a: Rotom|Volt Switch|p1a: Milotic\n|-supereffective|p1a: Milotic\n|-damage|p1a: Milotic|29\/100\n|\n|t:|1699992356\n|switch|p2a: Houndoom|Houndoom-Mega, F|20\/100|[from] Volt Switch\n|\n|upkeep\n|turn|21\n|\n|t:|1699992362\n|move|p2a: Houndoom|Dark Pulse|p1a: Milotic\n|-damage|p1a: Milotic|3\/100\n|move|p1a: Milotic|Scald|p2a: Houndoom\n|-supereffective|p2a: Houndoom\n|-damage|p2a: Houndoom|0 fnt\n|faint|p2a: Houndoom\n|\n|upkeep\n|\n|t:|1699992367\n|switch|p2a: Scovillain|Scovillain, M|100\/100\n|turn|22\n|\n|t:|1699992373\n|move|p2a: Scovillain|Stomping Tantrum|p1a: Milotic\n|-damage|p1a: Milotic|0 fnt\n|faint|p1a: Milotic\n|-damage|p2a: Scovillain|91\/100|[from] item: Life Orb\n|\n|upkeep\n|\n|t:|1699992378\n|switch|p1a: Skeledirge|Skeledirge, M|100\/100\n|turn|23\n|\n|t:|1699992382\n|switch|p2a: Torkoal|Torkoal, M|72\/100\n|-weather|SunnyDay|[from] ability: Drought|[of] p2a: Torkoal\n|move|p1a: Skeledirge|Torch Song|p2a: Torkoal\n|-resisted|p2a: Torkoal\n|-damage|p2a: Torkoal|43\/100\n|-boost|p1a: Skeledirge|spa|1\n|\n|-weather|SunnyDay|[upkeep]\n|upkeep\n|turn|24\n|\n|t:|1699992393\n|move|p1a: Skeledirge|Torch Song|p2a: Torkoal\n|-resisted|p2a: Torkoal\n|-damage|p2a: Torkoal|0 fnt\n|-boost|p1a: Skeledirge|spa|1\n|faint|p2a: Torkoal\n|\n|-weather|SunnyDay|[upkeep]\n|upkeep\n|\n|t:|1699992396\n|switch|p2a: Rotom|Rotom-Wash|64\/100 tox\n|turn|25\n|\n|t:|1699992404\n|move|p2a: Rotom|Hydro Pump|p1a: Skeledirge\n|-supereffective|p1a: Skeledirge\n|-damage|p1a: Skeledirge|71\/100\n|move|p1a: Skeledirge|Hex|p2a: Rotom\n|-damage|p2a: Rotom|0 fnt\n|faint|p2a: Rotom\n|\n|-weather|SunnyDay|[upkeep]\n|upkeep\n|\n|t:|1699992406\n|switch|p2a: Scovillain|Scovillain, M|91\/100\n|turn|26\n|\n|t:|1699992416\n|-terastallize|p2a: Scovillain|Fire\n|move|p2a: Scovillain|Fire Blast|p1a: Skeledirge\n|-resisted|p1a: Skeledirge\n|-damage|p1a: Skeledirge|21\/100\n|-damage|p2a: Scovillain|81\/100|[from] item: Life Orb\n|move|p1a: Skeledirge|Torch Song|p2a: Scovillain\n|-resisted|p2a: Scovillain\n|-damage|p2a: Scovillain|0 fnt\n|-boost|p1a: Skeledirge|spa|1\n|faint|p2a: Scovillain\n|\n|win|Spler\n|raw|Spler's rating: 1521 &rarr; <strong>1541<\/strong><br \/>(+20 for winning)\n|raw|Chili D Dewd's rating: 1526 &rarr; <strong>1506<\/strong><br \/>(-20 for losing)\n|l|\u2606Chili D Dewd\n","uploadtime":1699992431,"views":6,"p1id":"spler","p2id":"chiliddewd","formatid":"gen9nationaldex","rating":1506,"private":0,"password":""}