{"id":"gen9nationaldex-1988861672","p1":"cyqy06210703","p2":"raptorrxd","format":"[Gen 9] National Dex","log":"|j|\u2606cyqy06210703\n|j|\u203draptorrxd\n|t:|1699775935\n|gametype|singles\n|player|p1|cyqy06210703|marnie|1087\n|player|p2|raptorrxd|teamrocket|1046\n|teamsize|p1|6\n|teamsize|p2|6\n|gen|9\n|tier|[Gen 9] National Dex\n|rated|\n|rule|HP Percentage Mod: HP is shown in percentages\n|rule|Endless Battle Clause: Forcing endless battles is banned\n|rule|OHKO Clause: OHKO moves are banned\n|rule|Evasion Clause: Evasion abilities, items, and moves are banned\n|rule|Evasion Abilities Clause: Evasion abilities are banned\n|rule|Evasion Items Clause: Evasion items are banned\n|rule|Evasion Moves Clause: Evasion moves are banned\n|rule|Species Clause: Limit one of each Pok\u00e9mon\n|rule|Sleep Clause Mod: Limit one foe put to sleep\n|clearpoke\n|poke|p1|Tapu Lele|\n|poke|p1|Grimmsnarl, M|\n|poke|p1|Garchomp, M|\n|poke|p1|Morpeko, M|\n|poke|p1|Scizor, F|\n|poke|p1|Sneasler, M|\n|poke|p2|Crawdaunt, F|\n|poke|p2|Torkoal, F|\n|poke|p2|Venusaur, M|\n|poke|p2|Gliscor, M|\n|poke|p2|Slurpuff, F|\n|poke|p2|Aerodactyl, M|\n|teampreview\n|inactive|Battle timer is ON: inactive players will automatically lose when time's up. (requested by raptorrxd)\n|\n|t:|1699775943\n|start\n|switch|p1a: Grimmsnarl|Grimmsnarl, M|100\/100\n|switch|p2a: Aerodactyl|Aerodactyl, M|100\/100\n|-ability|p2a: Aerodactyl|Unnerve\n|turn|1\n|\n|t:|1699775957\n|move|p1a: Grimmsnarl|Reflect|p1a: Grimmsnarl\n|-sidestart|p1: cyqy06210703|Reflect\n|move|p2a: Aerodactyl|Taunt|p1a: Grimmsnarl\n|-start|p1a: Grimmsnarl|move: Taunt\n|\n|upkeep\n|turn|2\n|\n|t:|1699775965\n|switch|p2a: Slurpuff|Slurpuff, F|100\/100\n|move|p1a: Grimmsnarl|Ice Punch|p2a: Slurpuff\n|-damage|p2a: Slurpuff|69\/100\n|\n|upkeep\n|turn|3\n|\n|t:|1699775974\n|switch|p1a: Scizor|Scizor, F|100\/100\n|move|p2a: Slurpuff|Sticky Web|p1a: Scizor\n|-sidestart|p1: cyqy06210703|move: Sticky Web\n|\n|upkeep\n|turn|4\n|\n|t:|1699775980\n|detailschange|p1a: Scizor|Scizor-Mega, F\n|-mega|p1a: Scizor|Scizor|Scizorite\n|move|p2a: Slurpuff|Light Screen|p2a: Slurpuff\n|-sidestart|p2: raptorrxd|move: Light Screen\n|move|p1a: Scizor|Swords Dance|p1a: Scizor\n|-boost|p1a: Scizor|atk|2\n|\n|upkeep\n|turn|5\n|\n|t:|1699776000\n|switch|p2a: Aerodactyl|Aerodactyl, M|100\/100\n|-ability|p2a: Aerodactyl|Unnerve\n|move|p1a: Scizor|Bullet Punch|p2a: Aerodactyl\n|-supereffective|p2a: Aerodactyl\n|-crit|p2a: Aerodactyl\n|-damage|p2a: Aerodactyl|0 fnt\n|faint|p2a: Aerodactyl\n|\n|-sideend|p1: cyqy06210703|Reflect\n|upkeep\n|\n|t:|1699776014\n|switch|p2a: Torkoal|Torkoal, F, shiny|100\/100\n|-weather|SunnyDay|[from] ability: Drought|[of] p2a: Torkoal\n|turn|6\n|\n|t:|1699776022\n|move|p1a: Scizor|U-turn|p2a: Torkoal\n|-resisted|p2a: Torkoal\n|-damage|p2a: Torkoal|65\/100\n|\n|t:|1699776028\n|switch|p1a: Grimmsnarl|Grimmsnarl, M|100\/100|[from] U-turn\n|-activate|p1a: Grimmsnarl|move: Sticky Web\n|-unboost|p1a: Grimmsnarl|spe|1\n|move|p2a: Torkoal|Eruption|p1a: Grimmsnarl\n|-damage|p1a: Grimmsnarl|37\/100\n|\n|-weather|SunnyDay|[upkeep]\n|upkeep\n|turn|7\n|\n|t:|1699776037\n|move|p1a: Grimmsnarl|Reflect|p1a: Grimmsnarl\n|-sidestart|p1: cyqy06210703|Reflect\n|move|p2a: Torkoal|Eruption|p1a: Grimmsnarl\n|-damage|p1a: Grimmsnarl|0 fnt\n|faint|p1a: Grimmsnarl\n|\n|-weather|SunnyDay|[upkeep]\n|upkeep\n|\n|t:|1699776043\n|switch|p1a: Garchomp|Garchomp, M|100\/100\n|-activate|p1a: Garchomp|move: Sticky Web\n|-unboost|p1a: Garchomp|spe|1\n|turn|8\n|\n|t:|1699776058\n|switch|p2a: Gliscor|Gliscor, M|100\/100\n|-zpower|p1a: Garchomp\n|move|p1a: Garchomp|Devastating Drake|p2a: Gliscor|[zeffect]\n|-damage|p2a: Gliscor|0 fnt\n|faint|p2a: Gliscor\n|\n|-weather|SunnyDay|[upkeep]\n|-sideend|p2: raptorrxd|move: Light Screen\n|upkeep\n|\n|t:|1699776069\n|switch|p2a: Crawdaunt|Crawdaunt, F|100\/100\n|turn|9\n|\n|t:|1699776078\n|switch|p1a: Scizor|Scizor-Mega, F|100\/100\n|-activate|p1a: Scizor|move: Sticky Web\n|-unboost|p1a: Scizor|spe|1\n|-terastallize|p2a: Crawdaunt|Water\n|move|p2a: Crawdaunt|Aqua Jet|p1a: Scizor\n|-damage|p1a: Scizor|92\/100\n|\n|-weather|SunnyDay|[upkeep]\n|upkeep\n|turn|10\n|\n|t:|1699776088\n|move|p2a: Crawdaunt|Aqua Jet|p1a: Scizor\n|-damage|p1a: Scizor|82\/100\n|move|p1a: Scizor|Swords Dance|p1a: Scizor\n|-boost|p1a: Scizor|atk|2\n|\n|-weather|SunnyDay|[upkeep]\n|upkeep\n|turn|11\n|-message|raptorrxd forfeited.\n|\n|win|cyqy06210703\n|raw|cyqy06210703's rating: 1087 &rarr; <strong>1111<\/strong><br \/>(+24 for winning)\n|raw|raptorrxd's rating: 1046 &rarr; <strong>1031<\/strong><br \/>(-15 for losing)\n|l|\u203draptorrxd\n","uploadtime":1699776098,"views":4,"p1id":"cyqy06210703","p2id":"raptorrxd","formatid":"gen9nationaldex","rating":1031,"private":0,"password":""}