{"id":"gen9nationaldex-1992669177","p1":"Anhkiet","p2":"handsome Chinese","format":"[Gen 9] National Dex","log":"|j|\u2606Anhkiet\n|j|\u2606handsome Chinese\n|t:|1700223007\n|gametype|singles\n|player|p1|Anhkiet|102|1599\n|player|p2|handsome Chinese|burglar|1632\n|teamsize|p1|6\n|teamsize|p2|6\n|gen|9\n|tier|[Gen 9] National Dex\n|rated|\n|rule|HP Percentage Mod: HP is shown in percentages\n|rule|Endless Battle Clause: Forcing endless battles is banned\n|rule|OHKO Clause: OHKO moves are banned\n|rule|Evasion Clause: Evasion abilities, items, and moves are banned\n|rule|Evasion Abilities Clause: Evasion abilities are banned\n|rule|Evasion Items Clause: Evasion items are banned\n|rule|Evasion Moves Clause: Evasion moves are banned\n|rule|Species Clause: Limit one of each Pok\u00e9mon\n|rule|Sleep Clause Mod: Limit one foe put to sleep\n|clearpoke\n|poke|p1|Pelipper, F|\n|poke|p1|Serperior, M|\n|poke|p1|Gorebyss, F|\n|poke|p1|Barraskewda, F|\n|poke|p1|Ogerpon-Wellspring, F|\n|poke|p1|Gyarados, F|\n|poke|p2|Pelipper, F|\n|poke|p2|Barraskewda, M|\n|poke|p2|Tapu Lele|\n|poke|p2|Swampert, M|\n|poke|p2|Moltres|\n|poke|p2|Urshifu-*, F|\n|teampreview\n|inactive|Battle timer is ON: inactive players will automatically lose when time's up. (requested by Anhkiet)\n|\n|t:|1700223030\n|start\n|switch|p1a: Serperior|Serperior, M|100\/100\n|switch|p2a: Tapu Lele|Tapu Lele|100\/100\n|-fieldstart|move: Psychic Terrain|[from] ability: Psychic Surge|[of] p2a: Tapu Lele\n|turn|1\n|\n|t:|1700223050\n|move|p1a: Serperior|Glare|p2a: Tapu Lele\n|-status|p2a: Tapu Lele|par\n|move|p2a: Tapu Lele|Psychic|p1a: Serperior\n|-damage|p1a: Serperior|11\/100\n|\n|-heal|p1a: Serperior|17\/100|[from] item: Leftovers\n|upkeep\n|turn|2\n|\n|t:|1700223055\n|move|p1a: Serperior|Leaf Storm|p2a: Tapu Lele|[miss]\n|-miss|p1a: Serperior|p2a: Tapu Lele\n|move|p2a: Tapu Lele|Psychic|p1a: Serperior\n|-damage|p1a: Serperior|0 fnt\n|faint|p1a: Serperior\n|\n|upkeep\n|\n|t:|1700223061\n|switch|p1a: Gyarados|Gyarados, F|100\/100\n|-ability|p1a: Gyarados|Intimidate|boost\n|-unboost|p2a: Tapu Lele|atk|1\n|turn|3\n|\n|t:|1700223065\n|move|p1a: Gyarados|Dragon Dance|p1a: Gyarados\n|-boost|p1a: Gyarados|atk|1\n|-boost|p1a: Gyarados|spe|1\n|move|p2a: Tapu Lele|Psychic|p1a: Gyarados\n|-damage|p1a: Gyarados|11\/100\n|\n|upkeep\n|turn|4\n|\n|t:|1700223080\n|switch|p2a: Pelipper|Pelipper, F|100\/100\n|-weather|RainDance|[from] ability: Drizzle|[of] p2a: Pelipper\n|detailschange|p1a: Gyarados|Gyarados-Mega, F\n|-mega|p1a: Gyarados|Gyarados|Gyaradosite\n|-ability|p1a: Gyarados|Mold Breaker\n|move|p1a: Gyarados|Dragon Dance|p1a: Gyarados\n|-boost|p1a: Gyarados|atk|1\n|-boost|p1a: Gyarados|spe|1\n|\n|-weather|RainDance|[upkeep]\n|upkeep\n|turn|5\n|\n|t:|1700223087\n|move|p1a: Gyarados|Crunch|p2a: Pelipper\n|-damage|p2a: Pelipper|24\/100\n|-unboost|p2a: Pelipper|def|1\n|move|p2a: Pelipper|U-turn|p1a: Gyarados\n|-supereffective|p1a: Gyarados\n|-damage|p1a: Gyarados|0 fnt\n|faint|p1a: Gyarados\n|\n|t:|1700223100\n|switch|p2a: Barraskewda|Barraskewda, M, shiny|100\/100|[from] U-turn\n|\n|-weather|RainDance|[upkeep]\n|-fieldend|move: Psychic Terrain\n|upkeep\n|\n|t:|1700223106\n|switch|p1a: Ogerpon|Ogerpon-Wellspring, F|100\/100\n|turn|6\n|inactive|handsome Chinese has 120 seconds left.\n|\n|t:|1700223145\n|switch|p2a: Moltres|Moltres|100\/100\n|move|p1a: Ogerpon|Trailblaze|p2a: Moltres\n|-resisted|p2a: Moltres\n|-damage|p2a: Moltres|96\/100\n|-boost|p1a: Ogerpon|spe|1\n|-status|p1a: Ogerpon|brn|[from] ability: Flame Body|[of] p2a: Moltres\n|\n|-weather|RainDance|[upkeep]\n|-damage|p1a: Ogerpon|95\/100 brn|[from] brn\n|upkeep\n|turn|7\n|inactive|handsome Chinese has 120 seconds left.\n|inactive|Anhkiet has 120 seconds left.\n|inactive|handsome Chinese has 90 seconds left.\n|\n|t:|1700223201\n|-terastallize|p2a: Moltres|Grass\n|move|p1a: Ogerpon|Ivy Cudgel|p2a: Moltres|[anim] Ivy Cudgel Water\n|-resisted|p2a: Moltres\n|-damage|p2a: Moltres|81\/100\n|move|p2a: Moltres|Hurricane|p1a: Ogerpon\n|-supereffective|p1a: Ogerpon\n|-damage|p1a: Ogerpon|0 fnt\n|faint|p1a: Ogerpon\n|\n|-weather|RainDance|[upkeep]\n|upkeep\n|\n|t:|1700223205\n|switch|p1a: Pelipper|Pelipper, F|100\/100\n|turn|8\n|\n|t:|1700223214\n|switch|p2a: Pelipper|Pelipper, F|24\/100\n|move|p1a: Pelipper|Hurricane|p2a: Pelipper\n|-damage|p2a: Pelipper|0 fnt\n|faint|p2a: Pelipper\n|\n|-weather|RainDance|[upkeep]\n|upkeep\n|\n|t:|1700223221\n|switch|p2a: Tapu Lele|Tapu Lele|100\/100 par\n|-fieldstart|move: Psychic Terrain|[from] ability: Psychic Surge|[of] p2a: Tapu Lele\n|turn|9\n|inactive|Anhkiet has 120 seconds left.\n|\n|t:|1700223226\n|move|p1a: Pelipper|Scald|p2a: Tapu Lele\n|-damage|p2a: Tapu Lele|43\/100 par\n|move|p2a: Tapu Lele|Future Sight|p1a: Pelipper\n|-start|p2a: Tapu Lele|move: Future Sight\n|\n|-weather|RainDance|[upkeep]\n|upkeep\n|turn|10\n|\n|t:|1700223239\n|move|p1a: Pelipper|Scald|p2a: Tapu Lele\n|-damage|p2a: Tapu Lele|0 fnt\n|faint|p2a: Tapu Lele\n|\n|-weather|RainDance|[upkeep]\n|upkeep\n|\n|t:|1700223250\n|switch|p2a: Swampert|Swampert, M|100\/100\n|turn|11\n|inactive|Anhkiet has 120 seconds left.\n|inactive|handsome Chinese has 90 seconds left.\n|inactive|Anhkiet has 90 seconds left.\n|\n|t:|1700223326\n|detailschange|p2a: Swampert|Swampert-Mega, M\n|-mega|p2a: Swampert|Swampert|Swampertite\n|move|p2a: Swampert|Bulk Up|p2a: Swampert\n|-boost|p2a: Swampert|atk|1\n|-boost|p2a: Swampert|def|1\n|move|p1a: Pelipper|Scald|p2a: Swampert\n|-damage|p2a: Swampert|47\/100\n|\n|-weather|none\n|-end|p1a: Pelipper|move: Future Sight\n|-damage|p1a: Pelipper|0 fnt\n|faint|p1a: Pelipper\n|upkeep\n|inactive|Anhkiet has 60 seconds left.\n|\n|t:|1700223341\n|switch|p1a: Gorebyss|Gorebyss, F|100\/100\n|turn|12\n|\n|t:|1700223347\n|move|p2a: Swampert|Earthquake|p1a: Gorebyss\n|-enditem|p1a: Gorebyss|Focus Sash\n|-damage|p1a: Gorebyss|1\/100\n|move|p1a: Gorebyss|Shell Smash|p1a: Gorebyss\n|-unboost|p1a: Gorebyss|def|1\n|-unboost|p1a: Gorebyss|spd|1\n|-boost|p1a: Gorebyss|atk|2\n|-boost|p1a: Gorebyss|spa|2\n|-boost|p1a: Gorebyss|spe|2\n|\n|upkeep\n|turn|13\n|inactive|handsome Chinese has 90 seconds left.\n|\n|t:|1700223358\n|move|p1a: Gorebyss|Draining Kiss|p2a: Swampert\n|-damage|p2a: Swampert|20\/100\n|-heal|p1a: Gorebyss|29\/100|[from] drain|[of] p2a: Swampert\n|move|p2a: Swampert|Earthquake|p1a: Gorebyss\n|-damage|p1a: Gorebyss|0 fnt\n|faint|p1a: Gorebyss\n|\n|-fieldend|move: Psychic Terrain\n|upkeep\n|\n|t:|1700223363\n|switch|p1a: Barraskewda|Barraskewda, F|100\/100\n|turn|14\n|\n|t:|1700223367\n|-terastallize|p1a: Barraskewda|Water\n|move|p1a: Barraskewda|Liquidation|p2a: Swampert\n|-damage|p2a: Swampert|0 fnt\n|faint|p2a: Swampert\n|\n|upkeep\n|\n|t:|1700223373\n|switch|p2a: Moltres|Moltres, tera:Grass|81\/100\n|turn|15\n|\n|t:|1700223378\n|move|p1a: Barraskewda|Liquidation|p2a: Moltres\n|-resisted|p2a: Moltres\n|-damage|p2a: Moltres|48\/100\n|move|p2a: Moltres|Toxic|p1a: Barraskewda\n|-status|p1a: Barraskewda|tox\n|\n|-damage|p1a: Barraskewda|94\/100 tox|[from] psn\n|upkeep\n|turn|16\n|-message|Anhkiet forfeited.\n|\n|win|handsome Chinese\n|raw|Anhkiet's rating: 1579 &rarr; <strong>1562<\/strong><br \/>(-17 for losing)\n|raw|handsome Chinese's rating: 1632 &rarr; <strong>1649<\/strong><br \/>(+17 for winning)\n|l|\u2606Anhkiet\n","uploadtime":1700223386,"views":6,"p1id":"anhkiet","p2id":"handsomechinese","formatid":"gen9nationaldex","rating":1562,"private":0,"password":""}