{"id":"gen9nationaldex-1998850411","p1":"gubes","p2":"Amber-acid","format":"[Gen 9] National Dex","log":"|html|<div class=\"broadcast-blue\"><strong>[Gen 9] National Dex is currently suspecting Sneasler! For information on how to participate check out the <a href=\"https:\/\/www.smogon.com\/forums\/threads\/sv-national-dex-suspect-8-just-dance.3731534\/\">suspect thread<\/a>.<\/strong><\/div>\n|j|\u2606gubes\n|j|\u2606Amber-acid\n|t:|1701002974\n|gametype|singles\n|player|p1|gubes|2|1401\n|player|p2|Amber-acid|170|1484\n|teamsize|p1|6\n|teamsize|p2|6\n|gen|9\n|tier|[Gen 9] National Dex\n|rated|\n|rule|HP Percentage Mod: HP is shown in percentages\n|rule|Endless Battle Clause: Forcing endless battles is banned\n|rule|OHKO Clause: OHKO moves are banned\n|rule|Evasion Clause: Evasion abilities, items, and moves are banned\n|rule|Evasion Abilities Clause: Evasion abilities are banned\n|rule|Evasion Items Clause: Evasion items are banned\n|rule|Evasion Moves Clause: Evasion moves are banned\n|rule|Species Clause: Limit one of each Pok\u00e9mon\n|rule|Sleep Clause Mod: Limit one foe put to sleep\n|clearpoke\n|poke|p1|Ditto|\n|poke|p1|Tapu Koko|\n|poke|p1|Clodsire, F|\n|poke|p1|Latias, F|\n|poke|p1|Clawitzer, M|\n|poke|p1|Heatran, F|\n|poke|p2|Pelipper, M|\n|poke|p2|Barraskewda, M|\n|poke|p2|Swampert, F|\n|poke|p2|Kingdra, M|\n|poke|p2|Ferrothorn, M|\n|poke|p2|Moltres|\n|teampreview\n|\n|t:|1701002979\n|start\n|switch|p1a: Clawitzer|Clawitzer, M, shiny|100\/100\n|switch|p2a: Pelipper|Pelipper, M|100\/100\n|-weather|RainDance|[from] ability: Drizzle|[of] p2a: Pelipper\n|turn|1\n|\n|t:|1701002986\n|move|p2a: Pelipper|U-turn|p1a: Clawitzer\n|-damage|p1a: Clawitzer|91\/100\n|\n|t:|1701002988\n|switch|p2a: Swampert|Swampert, F|100\/100|[from] U-turn\n|move|p1a: Clawitzer|Water Pulse|p2a: Swampert\n|-damage|p2a: Swampert|22\/100\n|-start|p2a: Swampert|confusion\n|\n|-weather|RainDance|[upkeep]\n|-heal|p1a: Clawitzer|97\/100|[from] item: Leftovers\n|upkeep\n|turn|2\n|\n|t:|1701002998\n|detailschange|p2a: Swampert|Swampert-Mega, F\n|-mega|p2a: Swampert|Swampert|Swampertite\n|-activate|p2a: Swampert|confusion\n|-damage|p2a: Swampert|9\/100|[from] confusion\n|move|p1a: Clawitzer|Water Pulse|p2a: Swampert\n|-damage|p2a: Swampert|0 fnt\n|faint|p2a: Swampert\n|\n|-weather|RainDance|[upkeep]\n|-heal|p1a: Clawitzer|100\/100|[from] item: Leftovers\n|upkeep\n|\n|t:|1701003006\n|switch|p2a: Barraskewda|Barraskewda, M, shiny|100\/100\n|turn|3\n|\n|t:|1701003013\n|switch|p1a: Latias|Latias, F|100\/100\n|-terastallize|p2a: Barraskewda|Water\n|move|p2a: Barraskewda|Liquidation|p1a: Latias\n|-resisted|p1a: Latias\n|-damage|p1a: Latias|26\/100\n|\n|-weather|RainDance|[upkeep]\n|upkeep\n|turn|4\n|\n|t:|1701003021\n|move|p2a: Barraskewda|Liquidation|p1a: Latias\n|-resisted|p1a: Latias\n|-damage|p1a: Latias|0 fnt\n|faint|p1a: Latias\n|\n|-weather|RainDance|[upkeep]\n|upkeep\n|\n|t:|1701003036\n|switch|p1a: Ditto|Ditto|100\/100\n|-transform|p1a: Ditto|p2a: Barraskewda|[from] ability: Imposter\n|turn|5\n|\n|t:|1701003040\n|switch|p2a: Ferrothorn|Ferrothorn, M|100\/100\n|move|p1a: Ditto|Flip Turn|p2a: Ferrothorn\n|-resisted|p2a: Ferrothorn\n|-damage|p2a: Ferrothorn|85\/100\n|-damage|p1a: Ditto|88\/100|[from] ability: Iron Barbs|[of] p2a: Ferrothorn\n|-damage|p1a: Ditto|72\/100|[from] item: Rocky Helmet|[of] p2a: Ferrothorn\n|\n|t:|1701003044\n|switch|p1a: Heatran|Heatran, F|100\/100|[from] Flip Turn\n|\n|-weather|RainDance|[upkeep]\n|upkeep\n|turn|6\n|\n|t:|1701003052\n|move|p1a: Heatran|Magma Storm|p2a: Ferrothorn|[miss]\n|-miss|p1a: Heatran|p2a: Ferrothorn\n|move|p2a: Ferrothorn|Leech Seed|p1a: Heatran\n|-start|p1a: Heatran|move: Leech Seed\n|\n|-weather|RainDance|[upkeep]\n|-damage|p1a: Heatran|88\/100|[from] Leech Seed|[of] p2a: Ferrothorn\n|-heal|p2a: Ferrothorn|99\/100|[silent]\n|upkeep\n|turn|7\n|\n|t:|1701003059\n|switch|p2a: Kingdra|Kingdra, M|100\/100\n|move|p1a: Heatran|Magma Storm|p2a: Kingdra\n|-resisted|p2a: Kingdra\n|-damage|p2a: Kingdra|92\/100\n|-activate|p2a: Kingdra|move: Magma Storm|[of] p1a: Heatran\n|\n|-weather|RainDance|[upkeep]\n|-heal|p1a: Heatran|94\/100|[from] item: Leftovers\n|-damage|p1a: Heatran|82\/100|[from] Leech Seed|[of] p2a: Kingdra\n|-heal|p2a: Kingdra|100\/100|[silent]\n|-damage|p2a: Kingdra|88\/100|[from] move: Magma Storm|[partiallytrapped]\n|upkeep\n|turn|8\n|\n|t:|1701003075\n|switch|p1a: Ditto|Ditto|72\/100\n|-transform|p1a: Ditto|p2a: Kingdra|[from] ability: Imposter\n|move|p2a: Kingdra|Surf|p1a: Ditto\n|-resisted|p1a: Ditto\n|-crit|p1a: Ditto\n|-damage|p1a: Ditto|32\/100\n|\n|-weather|none\n|-end|p2a: Kingdra|Magma Storm|[partiallytrapped]|[silent]\n|upkeep\n|turn|9\n|\n|t:|1701003083\n|move|p2a: Kingdra|Surf|p1a: Ditto\n|-resisted|p1a: Ditto\n|-damage|p1a: Ditto|14\/100\n|-enditem|p1a: Ditto|Aguav Berry|[eat]\n|-heal|p1a: Ditto|47\/100|[from] item: Aguav Berry\n|move|p1a: Ditto|Draco Meteor|p2a: Kingdra|[miss]\n|-miss|p1a: Ditto|p2a: Kingdra\n|\n|upkeep\n|turn|10\n|\n|t:|1701003093\n|switch|p1a: Tapu Koko|Tapu Koko|100\/100\n|-fieldstart|move: Electric Terrain|[from] ability: Electric Surge|[of] p1a: Tapu Koko\n|switch|p2a: Ferrothorn|Ferrothorn, M|99\/100\n|\n|upkeep\n|turn|11\n|\n|t:|1701003103\n|move|p1a: Tapu Koko|Volt Switch|p2a: Ferrothorn\n|-resisted|p2a: Ferrothorn\n|-damage|p2a: Ferrothorn|84\/100\n|\n|t:|1701003117\n|switch|p1a: Heatran|Heatran, F|82\/100|[from] Volt Switch\n|move|p2a: Ferrothorn|Leech Seed|p1a: Heatran\n|-start|p1a: Heatran|move: Leech Seed\n|\n|-heal|p1a: Heatran|88\/100|[from] item: Leftovers\n|-damage|p1a: Heatran|76\/100|[from] Leech Seed|[of] p2a: Ferrothorn\n|-heal|p2a: Ferrothorn|98\/100|[silent]\n|upkeep\n|turn|12\n|\n|t:|1701003125\n|switch|p2a: Pelipper|Pelipper, M|100\/100\n|-weather|RainDance|[from] ability: Drizzle|[of] p2a: Pelipper\n|move|p1a: Heatran|Magma Storm|p2a: Pelipper|[miss]\n|-miss|p1a: Heatran|p2a: Pelipper\n|\n|-weather|RainDance|[upkeep]\n|-heal|p1a: Heatran|82\/100|[from] item: Leftovers\n|-damage|p1a: Heatran|69\/100|[from] Leech Seed|[of] p2a: Pelipper\n|upkeep\n|turn|13\n|\n|t:|1701003140\n|move|p1a: Heatran|Protect|p1a: Heatran\n|-singleturn|p1a: Heatran|Protect\n|move|p2a: Pelipper|U-turn|p1a: Heatran\n|-activate|p1a: Heatran|move: Protect\n|\n|-weather|RainDance|[upkeep]\n|-heal|p1a: Heatran|76\/100|[from] item: Leftovers\n|-damage|p1a: Heatran|63\/100|[from] Leech Seed|[of] p2a: Pelipper\n|upkeep\n|turn|14\n|\n|t:|1701003151\n|switch|p1a: Clodsire|Clodsire, F, shiny|100\/100\n|move|p2a: Pelipper|U-turn|p1a: Clodsire\n|-resisted|p1a: Clodsire\n|-damage|p1a: Clodsire|96\/100\n|\n|t:|1701003159\n|switch|p2a: Kingdra|Kingdra, M|88\/100|[from] U-turn\n|\n|-weather|RainDance|[upkeep]\n|-heal|p1a: Clodsire|100\/100|[from] item: Leftovers\n|-fieldend|move: Electric Terrain\n|upkeep\n|turn|15\n|\n|t:|1701003167\n|move|p1a: Clodsire|Protect|p1a: Clodsire\n|-singleturn|p1a: Clodsire|Protect\n|move|p2a: Kingdra|Surf|p1a: Clodsire\n|-activate|p1a: Clodsire|move: Protect\n|\n|-weather|RainDance|[upkeep]\n|upkeep\n|turn|16\n|\n|t:|1701003179\n|switch|p1a: Clawitzer|Clawitzer, M, shiny|100\/100\n|move|p2a: Kingdra|Surf|p1a: Clawitzer\n|-resisted|p1a: Clawitzer\n|-damage|p1a: Clawitzer|52\/100\n|\n|-weather|RainDance|[upkeep]\n|-heal|p1a: Clawitzer|58\/100|[from] item: Leftovers\n|upkeep\n|turn|17\n|\n|t:|1701003188\n|move|p2a: Kingdra|Surf|p1a: Clawitzer\n|-resisted|p1a: Clawitzer\n|-damage|p1a: Clawitzer|11\/100\n|move|p1a: Clawitzer|Dragon Pulse|p2a: Kingdra\n|-supereffective|p2a: Kingdra\n|-damage|p2a: Kingdra|0 fnt\n|faint|p2a: Kingdra\n|\n|-weather|RainDance|[upkeep]\n|-heal|p1a: Clawitzer|17\/100|[from] item: Leftovers\n|upkeep\n|\n|t:|1701003196\n|switch|p2a: Barraskewda|Barraskewda, M, shiny, tera:Water|100\/100\n|turn|18\n|\n|t:|1701003203\n|move|p2a: Barraskewda|Liquidation|p1a: Clawitzer\n|-resisted|p1a: Clawitzer\n|-damage|p1a: Clawitzer|0 fnt\n|faint|p1a: Clawitzer\n|\n|-weather|RainDance|[upkeep]\n|upkeep\n|\n|t:|1701003208\n|switch|p1a: Clodsire|Clodsire, F, shiny|100\/100\n|turn|19\n|\n|t:|1701003211\n|move|p1a: Clodsire|Protect|p1a: Clodsire\n|-singleturn|p1a: Clodsire|Protect\n|move|p2a: Barraskewda|Liquidation|p1a: Clodsire\n|-activate|p1a: Clodsire|move: Protect\n|\n|-weather|none\n|upkeep\n|turn|20\n|\n|t:|1701003227\n|switch|p1a: Ditto|Ditto|47\/100\n|-transform|p1a: Ditto|p2a: Barraskewda|[from] ability: Imposter\n|move|p2a: Barraskewda|Liquidation|p1a: Ditto\n|-resisted|p1a: Ditto\n|-damage|p1a: Ditto|0 fnt\n|faint|p1a: Ditto\n|\n|upkeep\n|\n|t:|1701003230\n|switch|p1a: Tapu Koko|Tapu Koko|100\/100\n|-fieldstart|move: Electric Terrain|[from] ability: Electric Surge|[of] p1a: Tapu Koko\n|turn|21\n|\n|t:|1701003238\n|switch|p2a: Ferrothorn|Ferrothorn, M|98\/100\n|move|p1a: Tapu Koko|Thunderbolt|p2a: Ferrothorn\n|-resisted|p2a: Ferrothorn\n|-damage|p2a: Ferrothorn|81\/100\n|\n|upkeep\n|turn|22\n|\n|t:|1701003248\n|switch|p1a: Heatran|Heatran, F|63\/100\n|move|p2a: Ferrothorn|Leech Seed|p1a: Heatran\n|-start|p1a: Heatran|move: Leech Seed\n|\n|-heal|p1a: Heatran|69\/100|[from] item: Leftovers\n|-damage|p1a: Heatran|57\/100|[from] Leech Seed|[of] p2a: Ferrothorn\n|-heal|p2a: Ferrothorn|95\/100|[silent]\n|upkeep\n|turn|23\n|\n|t:|1701003256\n|switch|p2a: Pelipper|Pelipper, M|100\/100\n|-weather|RainDance|[from] ability: Drizzle|[of] p2a: Pelipper\n|move|p1a: Heatran|Magma Storm|p2a: Pelipper|[miss]\n|-miss|p1a: Heatran|p2a: Pelipper\n|\n|-weather|RainDance|[upkeep]\n|-heal|p1a: Heatran|63\/100|[from] item: Leftovers\n|-damage|p1a: Heatran|51\/100|[from] Leech Seed|[of] p2a: Pelipper\n|upkeep\n|turn|24\n|\n|t:|1701003280\n|switch|p1a: Clodsire|Clodsire, F, shiny|100\/100\n|move|p2a: Pelipper|U-turn|p1a: Clodsire\n|-resisted|p1a: Clodsire\n|-damage|p1a: Clodsire|96\/100\n|\n|t:|1701003290\n|switch|p2a: Barraskewda|Barraskewda, M, shiny, tera:Water|100\/100|[from] U-turn\n|\n|-weather|RainDance|[upkeep]\n|-heal|p1a: Clodsire|100\/100|[from] item: Leftovers\n|upkeep\n|turn|25\n|\n|t:|1701003307\n|move|p2a: Barraskewda|Liquidation|p1a: Clodsire\n|-supereffective|p1a: Clodsire\n|-damage|p1a: Clodsire|0 fnt\n|faint|p1a: Clodsire\n|\n|-weather|RainDance|[upkeep]\n|-fieldend|move: Electric Terrain\n|upkeep\n|\n|t:|1701003311\n|switch|p1a: Tapu Koko|Tapu Koko|100\/100\n|-fieldstart|move: Electric Terrain|[from] ability: Electric Surge|[of] p1a: Tapu Koko\n|turn|26\n|\n|t:|1701003315\n|move|p2a: Barraskewda|Liquidation|p1a: Tapu Koko\n|-damage|p1a: Tapu Koko|0 fnt\n|faint|p1a: Tapu Koko\n|\n|-weather|RainDance|[upkeep]\n|upkeep\n|-message|gubes forfeited.\n|\n|win|Amber-acid\n|raw|gubes's rating: 1372 &rarr; <strong>1358<\/strong><br \/>(-14 for losing)\n|raw|Amber-acid's rating: 1484 &rarr; <strong>1498<\/strong><br \/>(+14 for winning)\n|l|\u2606gubes\n","uploadtime":1701003329,"views":4,"p1id":"gubes","p2id":"amberacid","formatid":"gen9nationaldex","rating":1358,"private":0,"password":""}