{"id":"gen9nationaldex-1997896071","p1":"doulgass","p2":"Wehoo12000","format":"[Gen 9] National Dex","log":"|html|<div class=\"broadcast-blue\"><strong>[Gen 9] National Dex is currently suspecting Sneasler! For information on how to participate check out the <a href=\"https:\/\/www.smogon.com\/forums\/threads\/sv-national-dex-suspect-8-just-dance.3731534\/\">suspect thread<\/a>.<\/strong><\/div>\n|j|\u2606doulgass\n|j|\u2606Wehoo12000\n|t:|1700864809\n|gametype|singles\n|player|p1|doulgass|veteran|1277\n|player|p2|Wehoo12000|pokemaniac|1275\n|teamsize|p1|6\n|teamsize|p2|6\n|gen|9\n|tier|[Gen 9] National Dex\n|rated|\n|rule|HP Percentage Mod: HP is shown in percentages\n|rule|Endless Battle Clause: Forcing endless battles is banned\n|rule|OHKO Clause: OHKO moves are banned\n|rule|Evasion Clause: Evasion abilities, items, and moves are banned\n|rule|Evasion Abilities Clause: Evasion abilities are banned\n|rule|Evasion Items Clause: Evasion items are banned\n|rule|Evasion Moves Clause: Evasion moves are banned\n|rule|Species Clause: Limit one of each Pok\u00e9mon\n|rule|Sleep Clause Mod: Limit one foe put to sleep\n|clearpoke\n|poke|p1|Corsola-Galar, M|\n|poke|p1|Tapu Lele|\n|poke|p1|Blaziken, F|\n|poke|p1|Roserade, M|\n|poke|p1|Corviknight, F|\n|poke|p1|Milotic, F|\n|poke|p2|Meowscarada, F|\n|poke|p2|Volcarona, F|\n|poke|p2|Jirachi|\n|poke|p2|Great Tusk|\n|poke|p2|Diancie|\n|poke|p2|Dondozo, M|\n|teampreview\n|\n|t:|1700864820\n|start\n|switch|p1a: Corsola|Corsola-Galar, M|100\/100\n|switch|p2a: Pink diamond|Diancie|100\/100\n|turn|1\n|\n|t:|1700864827\n|switch|p1a: Corviknight|Corviknight, F|100\/100\n|-ability|p1a: Corviknight|Pressure\n|detailschange|p2a: Pink diamond|Diancie-Mega\n|-mega|p2a: Pink diamond|Diancie|Diancite\n|move|p2a: Pink diamond|Diamond Storm|p1a: Corviknight\n|-damage|p1a: Corviknight|66\/100\n|-boost|p2a: Pink diamond|def|2\n|\n|upkeep\n|turn|2\n|\n|t:|1700864836\n|move|p2a: Pink diamond|Stealth Rock|p1a: Corviknight\n|-sidestart|p1: doulgass|move: Stealth Rock\n|move|p1a: Corviknight|U-turn|p2a: Pink diamond\n|-resisted|p2a: Pink diamond\n|-damage|p2a: Pink diamond|96\/100\n|\n|t:|1700864838\n|switch|p1a: Milotic|Milotic, F|100\/100|[from] U-turn\n|-damage|p1a: Milotic|88\/100|[from] Stealth Rock\n|\n|-status|p1a: Milotic|brn|[from] item: Flame Orb\n|upkeep\n|turn|3\n|\n|t:|1700864842\n|move|p2a: Pink diamond|Explosion|p1a: Milotic\n|-damage|p1a: Milotic|36\/100 brn\n|faint|p2a: Pink diamond\n|move|p1a: Milotic|Scald|p2: Pink diamond|[notarget]\n|-fail|p1a: Milotic\n|\n|-damage|p1a: Milotic|30\/100 brn|[from] brn\n|upkeep\n|\n|t:|1700864849\n|switch|p2a: Green catulon|Meowscarada, F, shiny|100\/100\n|turn|4\n|\n|t:|1700864852\n|move|p2a: Green catulon|U-turn|p1a: Milotic\n|-start|p2a: Green catulon|typechange|Bug|[from] ability: Protean\n|-damage|p1a: Milotic|8\/100 brn\n|-damage|p2a: Green catulon|91\/100|[from] item: Life Orb\n|\n|t:|1700864858\n|switch|p2a: My 600lb Moth|Volcarona, F|100\/100|[from] U-turn\n|move|p1a: Milotic|Toxic|p2a: My 600lb Moth\n|-status|p2a: My 600lb Moth|tox\n|\n|-damage|p2a: My 600lb Moth|94\/100 tox|[from] psn\n|-damage|p1a: Milotic|2\/100 brn|[from] brn\n|upkeep\n|turn|5\n|\n|t:|1700864861\n|move|p2a: My 600lb Moth|Giga Drain|p1a: Milotic\n|-supereffective|p1a: Milotic\n|-damage|p1a: Milotic|0 fnt\n|-heal|p2a: My 600lb Moth|95\/100 tox|[from] drain|[of] p1a: Milotic\n|faint|p1a: Milotic\n|\n|-damage|p2a: My 600lb Moth|83\/100 tox|[from] psn\n|upkeep\n|\n|t:|1700864865\n|switch|p1a: Blaziken|Blaziken, F|100\/100\n|-damage|p1a: Blaziken|88\/100|[from] Stealth Rock\n|turn|6\n|\n|t:|1700864868\n|move|p2a: My 600lb Moth|Quiver Dance|p2a: My 600lb Moth\n|-boost|p2a: My 600lb Moth|spa|1\n|-boost|p2a: My 600lb Moth|spd|1\n|-boost|p2a: My 600lb Moth|spe|1\n|move|p1a: Blaziken|Swords Dance|p1a: Blaziken\n|-boost|p1a: Blaziken|atk|2\n|\n|-damage|p2a: My 600lb Moth|65\/100 tox|[from] psn\n|-ability|p1a: Blaziken|Speed Boost|boost\n|-boost|p1a: Blaziken|spe|1\n|upkeep\n|turn|7\n|\n|t:|1700864875\n|move|p2a: My 600lb Moth|Fiery Dance|p1a: Blaziken\n|-resisted|p1a: Blaziken\n|-damage|p1a: Blaziken|37\/100\n|-boost|p2a: My 600lb Moth|spa|1\n|move|p1a: Blaziken|Knock Off|p2a: My 600lb Moth\n|-damage|p2a: My 600lb Moth|0 fnt\n|-enditem|p2a: My 600lb Moth|Focus Sash|[from] move: Knock Off|[of] p1a: Blaziken\n|faint|p2a: My 600lb Moth\n|\n|-ability|p1a: Blaziken|Speed Boost|boost\n|-boost|p1a: Blaziken|spe|1\n|upkeep\n|\n|t:|1700864882\n|switch|p2a: Piss fish|Dondozo, M, shiny|100\/100\n|turn|8\n|\n|t:|1700864889\n|-terastallize|p1a: Blaziken|Dark\n|move|p1a: Blaziken|Knock Off|p2a: Piss fish\n|-damage|p2a: Piss fish|77\/100\n|-enditem|p2a: Piss fish|Leftovers|[from] move: Knock Off|[of] p1a: Blaziken\n|move|p2a: Piss fish|Wave Crash|p1a: Blaziken\n|-damage|p1a: Blaziken|0 fnt\n|faint|p1a: Blaziken\n|-damage|p2a: Piss fish|69\/100|[from] Recoil\n|\n|upkeep\n|\n|t:|1700864895\n|switch|p1a: Roserade|Roserade, M|100\/100\n|-damage|p1a: Roserade|88\/100|[from] Stealth Rock\n|turn|9\n|\n|t:|1700864900\n|switch|p2a: Green catulon|Meowscarada, F, shiny|91\/100\n|move|p1a: Roserade|Leaf Storm|p2a: Green catulon\n|-resisted|p2a: Green catulon\n|-damage|p2a: Green catulon|40\/100\n|-unboost|p1a: Roserade|spa|2\n|\n|-heal|p1a: Roserade|94\/100|[from] item: Leftovers\n|upkeep\n|turn|10\n|\n|t:|1700864908\n|move|p2a: Green catulon|Knock Off|p1a: Roserade\n|-start|p2a: Green catulon|typechange|Dark|[from] ability: Protean\n|-damage|p1a: Roserade|0 fnt\n|-enditem|p1a: Roserade|Leftovers|[from] move: Knock Off|[of] p2a: Green catulon\n|faint|p1a: Roserade\n|-damage|p2a: Green catulon|30\/100|[from] item: Life Orb\n|\n|upkeep\n|\n|t:|1700864912\n|switch|p1a: Tapu Lele|Tapu Lele|100\/100\n|-damage|p1a: Tapu Lele|88\/100|[from] Stealth Rock\n|-fieldstart|move: Psychic Terrain|[from] ability: Psychic Surge|[of] p1a: Tapu Lele\n|turn|11\n|\n|t:|1700864917\n|-terastallize|p2a: Green catulon|Grass\n|move|p1a: Tapu Lele|Moonblast|p2a: Green catulon\n|-damage|p2a: Green catulon|0 fnt\n|faint|p2a: Green catulon\n|\n|upkeep\n|\n|t:|1700864921\n|switch|p2a: Stewie Griffin|Jirachi|100\/100\n|turn|12\n|\n|t:|1700864924\n|switch|p1a: Corsola|Corsola-Galar, M|100\/100\n|-damage|p1a: Corsola|88\/100|[from] Stealth Rock\n|move|p2a: Stewie Griffin|Thunder Wave|p1a: Corsola|[miss]\n|-miss|p2a: Stewie Griffin|p1a: Corsola\n|\n|upkeep\n|turn|13\n|\n|t:|1700864930\n|move|p2a: Stewie Griffin|Thunder Wave|p1a: Corsola\n|-status|p1a: Corsola|par\n|move|p1a: Corsola|Stealth Rock|p2a: Stewie Griffin\n|-sidestart|p2: Wehoo12000|move: Stealth Rock\n|\n|upkeep\n|turn|14\n|\n|t:|1700864934\n|move|p2a: Stewie Griffin|Ancient Power|p1a: Corsola\n|-damage|p1a: Corsola|81\/100 par\n|cant|p1a: Corsola|par\n|\n|upkeep\n|turn|15\n|\n|t:|1700864938\n|switch|p1a: Corviknight|Corviknight, F|66\/100\n|-ability|p1a: Corviknight|Pressure\n|move|p2a: Stewie Griffin|Ancient Power|p1a: Corviknight\n|-damage|p1a: Corviknight|53\/100\n|-boost|p2a: Stewie Griffin|atk|1\n|-boost|p2a: Stewie Griffin|def|1\n|-boost|p2a: Stewie Griffin|spa|1\n|-boost|p2a: Stewie Griffin|spd|1\n|-boost|p2a: Stewie Griffin|spe|1\n|\n|-fieldend|move: Psychic Terrain\n|upkeep\n|turn|16\n|\n|t:|1700864943\n|move|p2a: Stewie Griffin|Thunder Wave|p1a: Corviknight\n|-status|p1a: Corviknight|par\n|move|p1a: Corviknight|U-turn|p2a: Stewie Griffin\n|-damage|p2a: Stewie Griffin|92\/100\n|\n|t:|1700864954\n|switch|p1a: Tapu Lele|Tapu Lele|88\/100|[from] U-turn\n|-damage|p1a: Tapu Lele|76\/100|[from] Stealth Rock\n|-fieldstart|move: Psychic Terrain|[from] ability: Psychic Surge|[of] p1a: Tapu Lele\n|\n|upkeep\n|turn|17\n|\n|t:|1700864957\n|move|p1a: Tapu Lele|Moonblast|p2a: Stewie Griffin\n|-resisted|p2a: Stewie Griffin\n|-damage|p2a: Stewie Griffin|82\/100\n|move|p2a: Stewie Griffin|Thunder Wave|p1a: Tapu Lele\n|-status|p1a: Tapu Lele|par\n|\n|upkeep\n|turn|18\n|-message|doulgass forfeited.\n|\n|win|Wehoo12000\n|raw|doulgass's rating: 1277 &rarr; <strong>1252<\/strong><br \/>(-25 for losing)\n|raw|Wehoo12000's rating: 1275 &rarr; <strong>1300<\/strong><br \/>(+25 for winning)\n|l|\u2606doulgass\n","uploadtime":1700864968,"views":13,"p1id":"doulgass","p2id":"wehoo12000","formatid":"gen9nationaldex","rating":1252,"private":0,"password":""}