{"id":"gen9nationaldex-1995015041","p1":"King Of Names","p2":"suuugg","format":"[Gen 9] National Dex","log":"|html|<div class=\"broadcast-blue\"><strong>[Gen 9] National Dex is currently suspecting Sneasler! For information on how to participate check out the <a href=\"https:\/\/www.smogon.com\/forums\/threads\/sv-national-dex-suspect-8-just-dance.3731534\/\">suspect thread<\/a>.<\/strong><\/div>\n|j|\u2606King Of Names\n|j|\u2606suuugg\n|t:|1700513553\n|gametype|singles\n|player|p1|King Of Names|170|1028\n|player|p2|suuugg|266|1072\n|teamsize|p1|6\n|teamsize|p2|6\n|gen|9\n|tier|[Gen 9] National Dex\n|rated|\n|rule|HP Percentage Mod: HP is shown in percentages\n|rule|Endless Battle Clause: Forcing endless battles is banned\n|rule|OHKO Clause: OHKO moves are banned\n|rule|Evasion Clause: Evasion abilities, items, and moves are banned\n|rule|Evasion Abilities Clause: Evasion abilities are banned\n|rule|Evasion Items Clause: Evasion items are banned\n|rule|Evasion Moves Clause: Evasion moves are banned\n|rule|Species Clause: Limit one of each Pok\u00e9mon\n|rule|Sleep Clause Mod: Limit one foe put to sleep\n|clearpoke\n|poke|p1|Kartana|\n|poke|p1|Cinderace, F|\n|poke|p1|Inteleon, F|\n|poke|p1|Klinklang|\n|poke|p1|Rillaboom, F|\n|poke|p1|Hydreigon, F|\n|poke|p2|Audino, F|\n|poke|p2|Tornadus, M|\n|poke|p2|Jirachi|\n|poke|p2|Toxapex, F|\n|poke|p2|Rillaboom, F|\n|poke|p2|Great Tusk|\n|teampreview\n|\n|t:|1700513556\n|start\n|switch|p1a: Soccer Boi|Cinderace, F, shiny|100\/100\n|switch|p2a: Tornadus|Tornadus, M|100\/100\n|turn|1\n|\n|t:|1700513576\n|move|p2a: Tornadus|Taunt|p1a: Soccer Boi\n|-start|p1a: Soccer Boi|move: Taunt\n|move|p1a: Soccer Boi|Pyro Ball|p2a: Tornadus\n|-damage|p2a: Tornadus|26\/100\n|\n|upkeep\n|turn|2\n|\n|t:|1700513588\n|move|p2a: Tornadus|Tailwind|p2a: Tornadus\n|-sidestart|p2: suuugg|move: Tailwind\n|move|p1a: Soccer Boi|Pyro Ball|p2a: Tornadus\n|-damage|p2a: Tornadus|0 fnt\n|faint|p2a: Tornadus\n|\n|upkeep\n|\n|t:|1700513598\n|switch|p2a: Great Tusk|Great Tusk|100\/100\n|turn|3\n|\n|t:|1700513607\n|move|p2a: Great Tusk|Rapid Spin|p1a: Soccer Boi\n|-damage|p1a: Soccer Boi|76\/100\n|-boost|p2a: Great Tusk|spe|1\n|move|p1a: Soccer Boi|Zen Headbutt|p2a: Great Tusk|[miss]\n|-start|p1a: Soccer Boi|typechange|Psychic|[from] ability: Libero\n|-miss|p1a: Soccer Boi|p2a: Great Tusk\n|\n|-end|p1a: Soccer Boi|move: Taunt\n|upkeep\n|turn|4\n|\n|t:|1700513617\n|move|p2a: Great Tusk|Headlong Rush|p1a: Soccer Boi\n|-damage|p1a: Soccer Boi|0 fnt\n|-unboost|p2a: Great Tusk|def|1\n|-unboost|p2a: Great Tusk|spd|1\n|faint|p1a: Soccer Boi\n|\n|upkeep\n|\n|t:|1700513627\n|switch|p1a: Bubble 07|Inteleon, F, shiny|100\/100\n|turn|5\n|\n|t:|1700513632\n|move|p2a: Great Tusk|Headlong Rush|p1a: Bubble 07\n|-damage|p1a: Bubble 07|0 fnt\n|-unboost|p2a: Great Tusk|def|1\n|-unboost|p2a: Great Tusk|spd|1\n|faint|p1a: Bubble 07\n|\n|-sideend|p2: suuugg|move: Tailwind\n|upkeep\n|\n|t:|1700513642\n|switch|p1a: Buff Boi|Rillaboom, F, shiny|100\/100\n|turn|6\n|\n|t:|1700513657\n|-end|p2a: Great Tusk|Protosynthesis|[silent]\n|switch|p2a: Jirachi|Jirachi|100\/100\n|move|p1a: Buff Boi|Drum Beating|p2a: Jirachi\n|-resisted|p2a: Jirachi\n|-damage|p2a: Jirachi|73\/100\n|-unboost|p2a: Jirachi|spe|1\n|\n|-heal|p2a: Jirachi|79\/100|[from] item: Leftovers\n|upkeep\n|turn|7\n|\n|t:|1700513672\n|move|p1a: Buff Boi|Leech Seed|p2a: Jirachi\n|-start|p2a: Jirachi|move: Leech Seed\n|move|p2a: Jirachi|Fire Punch|p1a: Buff Boi\n|-supereffective|p1a: Buff Boi\n|-damage|p1a: Buff Boi|48\/100\n|-status|p1a: Buff Boi|brn\n|\n|-heal|p2a: Jirachi|86\/100|[from] item: Leftovers\n|-damage|p2a: Jirachi|73\/100|[from] Leech Seed|[of] p1a: Buff Boi\n|-heal|p1a: Buff Boi|61\/100 brn|[silent]\n|-damage|p1a: Buff Boi|54\/100 brn|[from] brn\n|upkeep\n|turn|8\n|\n|t:|1700513684\n|move|p1a: Buff Boi|Drum Beating|p2a: Jirachi\n|-resisted|p2a: Jirachi\n|-damage|p2a: Jirachi|60\/100\n|-unboost|p2a: Jirachi|spe|1\n|move|p2a: Jirachi|Ice Punch|p1a: Buff Boi\n|-supereffective|p1a: Buff Boi\n|-damage|p1a: Buff Boi|6\/100 brn\n|\n|-heal|p2a: Jirachi|66\/100|[from] item: Leftovers\n|-damage|p2a: Jirachi|54\/100|[from] Leech Seed|[of] p1a: Buff Boi\n|-heal|p1a: Buff Boi|19\/100 brn|[silent]\n|-damage|p1a: Buff Boi|13\/100 brn|[from] brn\n|upkeep\n|turn|9\n|\n|t:|1700513698\n|move|p1a: Buff Boi|Drum Beating|p2a: Jirachi\n|-resisted|p2a: Jirachi\n|-damage|p2a: Jirachi|34\/100\n|-unboost|p2a: Jirachi|spe|1\n|move|p2a: Jirachi|Fire Punch|p1a: Buff Boi\n|-supereffective|p1a: Buff Boi\n|-damage|p1a: Buff Boi|0 fnt\n|faint|p1a: Buff Boi\n|\n|-heal|p2a: Jirachi|40\/100|[from] item: Leftovers\n|upkeep\n|\n|t:|1700513715\n|switch|p1a: Hydreigon|Hydreigon, F, shiny|100\/100\n|turn|10\n|\n|t:|1700513727\n|move|p1a: Hydreigon|Flamethrower|p2a: Jirachi\n|-supereffective|p2a: Jirachi\n|-damage|p2a: Jirachi|0 fnt\n|faint|p2a: Jirachi\n|\n|upkeep\n|\n|t:|1700513730\n|switch|p2a: Audino|Audino, F|100\/100\n|turn|11\n|\n|t:|1700513739\n|detailschange|p2a: Audino|Audino-Mega, F\n|-mega|p2a: Audino|Audino|Audinite\n|move|p1a: Hydreigon|Nasty Plot|p1a: Hydreigon\n|-boost|p1a: Hydreigon|spa|2\n|move|p2a: Audino|Calm Mind|p2a: Audino\n|-boost|p2a: Audino|spa|1\n|-boost|p2a: Audino|spd|1\n|\n|upkeep\n|turn|12\n|\n|t:|1700513749\n|move|p1a: Hydreigon|Dark Pulse|p2a: Audino\n|-resisted|p2a: Audino\n|-crit|p2a: Audino\n|-damage|p2a: Audino|62\/100\n|move|p2a: Audino|Draining Kiss|p1a: Hydreigon\n|-supereffective|p1a: Hydreigon\n|-damage|p1a: Hydreigon|0 fnt\n|-heal|p2a: Audino|100\/100|[from] drain|[of] p1a: Hydreigon\n|faint|p1a: Hydreigon\n|\n|upkeep\n|\n|t:|1700513759\n|switch|p1a: SPEEDYATTACKMAN|Klinklang, shiny|100\/100\n|turn|13\n|\n|t:|1700513767\n|move|p1a: SPEEDYATTACKMAN|Shift Gear|p1a: SPEEDYATTACKMAN\n|-boost|p1a: SPEEDYATTACKMAN|spe|2\n|-boost|p1a: SPEEDYATTACKMAN|atk|1\n|move|p2a: Audino|Fire Blast|p1a: SPEEDYATTACKMAN\n|-supereffective|p1a: SPEEDYATTACKMAN\n|-damage|p1a: SPEEDYATTACKMAN|0 fnt\n|faint|p1a: SPEEDYATTACKMAN\n|\n|upkeep\n|\n|t:|1700513776\n|switch|p1a: Rip And Tear|Kartana, shiny|100\/100\n|turn|14\n|n|\u2606Suuugg|suuugg\n|\n|t:|1700513801\n|move|p1a: Rip And Tear|Sacred Sword|p2a: Audino\n|-damage|p2a: Audino|68\/100\n|move|p2a: Audino|Fire Blast|p1a: Rip And Tear\n|-supereffective|p1a: Rip And Tear\n|-damage|p1a: Rip And Tear|0 fnt\n|faint|p1a: Rip And Tear\n|\n|win|suuugg\n|raw|King Of Names's rating: 1028 &rarr; <strong>1016<\/strong><br \/>(-12 for losing)\n|raw|suuugg's rating: 1072 &rarr; <strong>1098<\/strong><br \/>(+26 for winning)\n|l|\u2606King Of Names\n","uploadtime":1700513822,"views":1,"p1id":"kingofnames","p2id":"suuugg","formatid":"gen9nationaldex","rating":1016,"private":0,"password":""}