{"id":"gen9nationaldex-1997973217","p1":"MemeBattle","p2":"NDSNEZyedropwhen","format":"[Gen 9] National Dex","log":"|html|<div class=\"broadcast-blue\"><strong>[Gen 9] National Dex is currently suspecting Sneasler! For information on how to participate check out the <a href=\"https:\/\/www.smogon.com\/forums\/threads\/sv-national-dex-suspect-8-just-dance.3731534\/\">suspect thread<\/a>.<\/strong><\/div>\n|j|\u2606MemeBattle\n|j|\u2606NDSNEZyedropwhen\n|t:|1700873987\n|gametype|singles\n|player|p1|MemeBattle|1|1092\n|player|p2|NDSNEZyedropwhen|adaman|1053\n|teamsize|p1|6\n|teamsize|p2|6\n|gen|9\n|tier|[Gen 9] National Dex\n|rated|\n|rule|HP Percentage Mod: HP is shown in percentages\n|rule|Endless Battle Clause: Forcing endless battles is banned\n|rule|OHKO Clause: OHKO moves are banned\n|rule|Evasion Clause: Evasion abilities, items, and moves are banned\n|rule|Evasion Abilities Clause: Evasion abilities are banned\n|rule|Evasion Items Clause: Evasion items are banned\n|rule|Evasion Moves Clause: Evasion moves are banned\n|rule|Species Clause: Limit one of each Pok\u00e9mon\n|rule|Sleep Clause Mod: Limit one foe put to sleep\n|clearpoke\n|poke|p1|Kommo-o, M|\n|poke|p1|Samurott-Hisui, F|\n|poke|p1|Tornadus-Therian, M|\n|poke|p1|Scizor, F|\n|poke|p1|Volcarona, M|\n|poke|p1|Great Tusk|\n|poke|p2|Toxapex, F|\n|poke|p2|Dondozo, M|\n|poke|p2|Gliscor, F|\n|poke|p2|Blissey, F|\n|poke|p2|Corviknight, F|\n|poke|p2|Tyranitar, M|\n|teampreview\n|inactive|Battle timer is ON: inactive players will automatically lose when time's up. (requested by NDSNEZyedropwhen)\n|inactive|NDSNEZyedropwhen has 120 seconds left.\n|\n|t:|1700874028\n|start\n|switch|p1a: Samurott|Samurott-Hisui, F|100\/100\n|switch|p2a: Gliscor|Gliscor, F|100\/100\n|turn|1\n|\n|t:|1700874040\n|move|p2a: Gliscor|Protect|p2a: Gliscor\n|-singleturn|p2a: Gliscor|Protect\n|move|p1a: Samurott|Ceaseless Edge|p2a: Gliscor\n|-activate|p2a: Gliscor|move: Protect\n|\n|-status|p2a: Gliscor|tox|[from] item: Toxic Orb\n|upkeep\n|turn|2\n|\n|t:|1700874047\n|switch|p2a: Toxapex|Toxapex, F|100\/100\n|move|p1a: Samurott|Encore||[still]\n|-fail|p1a: Samurott\n|\n|upkeep\n|turn|3\n|\n|t:|1700874053\n|move|p1a: Samurott|Ceaseless Edge|p2a: Toxapex\n|-damage|p2a: Toxapex|63\/100\n|-sidestart|p2: NDSNEZyedropwhen|Spikes\n|move|p2a: Toxapex|Toxic|p1a: Samurott\n|-status|p1a: Samurott|tox\n|\n|-damage|p1a: Samurott|94\/100 tox|[from] psn\n|upkeep\n|turn|4\n|\n|t:|1700874059\n|switch|p2a: Gliscor|Gliscor, F|100\/100 tox\n|move|p1a: Samurott|Ceaseless Edge|p2a: Gliscor|[miss]\n|-miss|p1a: Samurott|p2a: Gliscor\n|\n|-damage|p1a: Samurott|82\/100 tox|[from] psn\n|upkeep\n|turn|5\n|\n|t:|1700874070\n|switch|p1a: Tornadus|Tornadus-Therian, M|100\/100\n|move|p2a: Gliscor|Protect||[still]\n|-fail|p2a: Gliscor\n|\n|upkeep\n|turn|6\n|\n|t:|1700874106\n|move|p1a: Tornadus|Hurricane|p2a: Gliscor|[miss]\n|-miss|p1a: Tornadus|p2a: Gliscor\n|move|p2a: Gliscor|Toxic|p1a: Tornadus|[miss]\n|-miss|p2a: Gliscor|p1a: Tornadus\n|\n|upkeep\n|turn|7\n|inactive|NDSNEZyedropwhen has 120 seconds left.\n|\n|t:|1700874123\n|-terastallize|p1a: Tornadus|Steel\n|move|p2a: Gliscor|Protect|p2a: Gliscor\n|-singleturn|p2a: Gliscor|Protect\n|move|p1a: Tornadus|Hurricane|p2a: Gliscor\n|-activate|p2a: Gliscor|move: Protect\n|\n|upkeep\n|turn|8\n|\n|t:|1700874128\n|move|p1a: Tornadus|Hurricane|p2a: Gliscor\n|-damage|p2a: Gliscor|54\/100 tox\n|-start|p2a: Gliscor|confusion\n|-activate|p2a: Gliscor|confusion\n|move|p2a: Gliscor|Earthquake|p1a: Tornadus\n|-supereffective|p1a: Tornadus\n|-damage|p1a: Tornadus|25\/100\n|\n|-heal|p2a: Gliscor|66\/100 tox|[from] ability: Poison Heal\n|upkeep\n|turn|9\n|\n|t:|1700874138\n|switch|p2a: Tyranitar|Tyranitar, M|100\/100\n|-damage|p2a: Tyranitar|88\/100|[from] Spikes\n|-weather|Sandstorm|[from] ability: Sand Stream|[of] p2a: Tyranitar\n|move|p1a: Tornadus|U-turn|p2a: Tyranitar\n|-supereffective|p2a: Tyranitar\n|-damage|p2a: Tyranitar|67\/100\n|\n|t:|1700874143\n|switch|p1a: Scizor|Scizor, F|100\/100|[from] U-turn\n|\n|-weather|Sandstorm|[upkeep]\n|upkeep\n|turn|10\n|\n|t:|1700874152\n|switch|p2a: Corviknight|Corviknight, F|100\/100\n|-ability|p2a: Corviknight|Pressure\n|detailschange|p1a: Scizor|Scizor-Mega, F\n|-mega|p1a: Scizor|Scizor|Scizorite\n|move|p1a: Scizor|Bullet Punch|p2a: Corviknight\n|-resisted|p2a: Corviknight\n|-damage|p2a: Corviknight|84\/100\n|\n|-weather|Sandstorm|[upkeep]\n|-heal|p2a: Corviknight|90\/100|[from] item: Leftovers\n|upkeep\n|turn|11\n|\n|t:|1700874160\n|switch|p1a: Tornadus|Tornadus-Therian, M, tera:Steel|58\/100\n|move|p2a: Corviknight|Defog|p1a: Tornadus\n|-unboost|p1a: Tornadus|evasion|1\n|-sideend|p2: NDSNEZyedropwhen|Spikes|[from] move: Defog|[of] p2a: Corviknight\n|\n|-weather|Sandstorm|[upkeep]\n|-heal|p2a: Corviknight|96\/100|[from] item: Leftovers\n|upkeep\n|turn|12\n|\n|t:|1700874179\n|move|p1a: Tornadus|U-turn|p2a: Corviknight\n|-resisted|p2a: Corviknight\n|-damage|p2a: Corviknight|94\/100\n|\n|t:|1700874183\n|switch|p1a: Volcarona|Volcarona, M|100\/100|[from] U-turn\n|move|p2a: Corviknight|Iron Head|p1a: Volcarona\n|-resisted|p1a: Volcarona\n|-crit|p1a: Volcarona\n|-damage|p1a: Volcarona|70\/100\n|\n|-weather|Sandstorm|[upkeep]\n|-damage|p1a: Volcarona|64\/100|[from] Sandstorm\n|-heal|p2a: Corviknight|99\/100|[from] item: Leftovers\n|upkeep\n|turn|13\n|\n|t:|1700874190\n|switch|p2a: Toxapex|Toxapex, F|96\/100\n|move|p1a: Volcarona|Quiver Dance|p1a: Volcarona\n|-boost|p1a: Volcarona|spa|1\n|-boost|p1a: Volcarona|spd|1\n|-boost|p1a: Volcarona|spe|1\n|\n|-weather|none\n|upkeep\n|turn|14\n|\n|t:|1700874195\n|move|p1a: Volcarona|Psychic|p2a: Toxapex\n|-supereffective|p2a: Toxapex\n|-damage|p2a: Toxapex|18\/100\n|move|p2a: Toxapex|Toxic|p1a: Volcarona\n|-status|p1a: Volcarona|tox\n|\n|-damage|p1a: Volcarona|58\/100 tox|[from] psn\n|upkeep\n|turn|15\n|\n|t:|1700874200\n|move|p2a: Toxapex|Baneful Bunker|p2a: Toxapex\n|-singleturn|p2a: Toxapex|move: Protect\n|move|p1a: Volcarona|Psychic|p2a: Toxapex\n|-activate|p2a: Toxapex|move: Protect\n|\n|-damage|p1a: Volcarona|46\/100 tox|[from] psn\n|upkeep\n|turn|16\n|\n|t:|1700874204\n|switch|p2a: Blissey|Blissey, F|100\/100\n|move|p1a: Volcarona|Psychic|p2a: Blissey\n|-damage|p2a: Blissey|87\/100\n|\n|-damage|p1a: Volcarona|28\/100 tox|[from] psn\n|upkeep\n|turn|17\n|\n|t:|1700874208\n|move|p1a: Volcarona|Giga Drain|p2a: Blissey\n|-damage|p2a: Blissey|75\/100\n|-heal|p1a: Volcarona|41\/100 tox|[from] drain|[of] p2a: Blissey\n|move|p2a: Blissey|Stealth Rock|p1a: Volcarona\n|-sidestart|p1: MemeBattle|move: Stealth Rock\n|\n|-damage|p1a: Volcarona|17\/100 tox|[from] psn\n|upkeep\n|turn|18\n|\n|t:|1700874226\n|switch|p1a: Samurott|Samurott-Hisui, F|82\/100 tox\n|-damage|p1a: Samurott|69\/100 tox|[from] Stealth Rock\n|move|p2a: Blissey|Soft-Boiled|p2a: Blissey\n|-heal|p2a: Blissey|100\/100\n|\n|-damage|p1a: Samurott|63\/100 tox|[from] psn\n|upkeep\n|turn|19\n|\n|t:|1700874238\n|switch|p2a: Toxapex|Toxapex, F|51\/100\n|move|p1a: Samurott|Encore||[still]\n|-fail|p1a: Samurott\n|\n|-damage|p1a: Samurott|51\/100 tox|[from] psn\n|upkeep\n|turn|20\n|\n|t:|1700874246\n|move|p2a: Toxapex|Baneful Bunker|p2a: Toxapex\n|-singleturn|p2a: Toxapex|move: Protect\n|move|p1a: Samurott|Ceaseless Edge|p2a: Toxapex\n|-activate|p2a: Toxapex|move: Protect\n|\n|-damage|p1a: Samurott|32\/100 tox|[from] psn\n|upkeep\n|turn|21\n|\n|t:|1700874252\n|switch|p1a: Scizor|Scizor-Mega, F|100\/100\n|-damage|p1a: Scizor|88\/100|[from] Stealth Rock\n|switch|p2a: Gliscor|Gliscor, F|66\/100 tox\n|\n|-heal|p2a: Gliscor|79\/100 tox|[from] ability: Poison Heal\n|upkeep\n|turn|22\n|\n|t:|1700874259\n|move|p2a: Gliscor|Earthquake|p1a: Scizor\n|-damage|p1a: Scizor|61\/100\n|move|p1a: Scizor|Dual Wingbeat|p2a: Gliscor\n|-damage|p2a: Gliscor|63\/100 tox\n|-damage|p2a: Gliscor|47\/100 tox\n|-hitcount|p2a: Gliscor|2\n|\n|-heal|p2a: Gliscor|60\/100 tox|[from] ability: Poison Heal\n|upkeep\n|turn|23\n|\n|t:|1700874271\n|move|p2a: Gliscor|Protect|p2a: Gliscor\n|-singleturn|p2a: Gliscor|Protect\n|move|p1a: Scizor|Swords Dance|p1a: Scizor\n|-boost|p1a: Scizor|atk|2\n|\n|-heal|p2a: Gliscor|72\/100 tox|[from] ability: Poison Heal\n|upkeep\n|turn|24\n|\n|t:|1700874285\n|move|p2a: Gliscor|Earthquake|p1a: Scizor\n|-damage|p1a: Scizor|33\/100\n|move|p1a: Scizor|Dual Wingbeat|p2a: Gliscor\n|-damage|p2a: Gliscor|43\/100 tox\n|-damage|p2a: Gliscor|9\/100 tox\n|-hitcount|p2a: Gliscor|2\n|\n|-heal|p2a: Gliscor|21\/100 tox|[from] ability: Poison Heal\n|upkeep\n|turn|25\n|\n|t:|1700874295\n|switch|p2a: Dondozo|Dondozo, M|100\/100\n|move|p1a: Scizor|Swords Dance|p1a: Scizor\n|-boost|p1a: Scizor|atk|2\n|\n|upkeep\n|turn|26\n|\n|t:|1700874301\n|move|p1a: Scizor|Dual Wingbeat|p2a: Dondozo\n|-damage|p2a: Dondozo|89\/100\n|-damage|p2a: Dondozo|78\/100\n|-hitcount|p2a: Dondozo|2\n|move|p2a: Dondozo|Curse|p2a: Dondozo\n|-unboost|p2a: Dondozo|spe|1\n|-boost|p2a: Dondozo|atk|1\n|-boost|p2a: Dondozo|def|1\n|\n|upkeep\n|turn|27\n|\n|t:|1700874308\n|switch|p1a: Volcarona|Volcarona, M|17\/100 tox\n|move|p2a: Dondozo|Body Press|p1a: Volcarona\n|-resisted|p1a: Volcarona\n|-damage|p1a: Volcarona|0 fnt\n|faint|p1a: Volcarona\n|\n|upkeep\n|\n|t:|1700874315\n|switch|p1a: Tornadus|Tornadus-Therian, M, tera:Steel|92\/100\n|-damage|p1a: Tornadus|85\/100|[from] Stealth Rock\n|turn|28\n|\n|t:|1700874329\n|switch|p2a: Tyranitar|Tyranitar, M|67\/100\n|-weather|Sandstorm|[from] ability: Sand Stream|[of] p2a: Tyranitar\n|move|p1a: Tornadus|Knock Off|p2a: Tyranitar\n|-resisted|p2a: Tyranitar\n|-damage|p2a: Tyranitar|61\/100\n|\n|-weather|Sandstorm|[upkeep]\n|upkeep\n|turn|29\n|c|\u2606MemeBattle|Stall is so hard to fight lol, gg I don\u2019t got this\n|\n|t:|1700874355\n|detailschange|p2a: Tyranitar|Tyranitar-Mega, M\n|-mega|p2a: Tyranitar|Tyranitar|Tyranitarite\n|move|p1a: Tornadus|Hurricane|p2a: Tyranitar\n|-resisted|p2a: Tyranitar\n|-damage|p2a: Tyranitar|54\/100\n|-start|p2a: Tyranitar|confusion\n|-activate|p2a: Tyranitar|confusion\n|-damage|p2a: Tyranitar|44\/100|[from] confusion\n|\n|-weather|Sandstorm|[upkeep]\n|upkeep\n|turn|30\n|inactive|NDSNEZyedropwhen has 120 seconds left.\n|\n|t:|1700874390\n|move|p1a: Tornadus|U-turn|p2a: Tyranitar\n|-supereffective|p2a: Tyranitar\n|-damage|p2a: Tyranitar|24\/100\n|\n|t:|1700874397\n|switch|p1a: Great Tusk|Great Tusk|100\/100|[from] U-turn\n|-activate|p2a: Tyranitar|confusion\n|-damage|p2a: Tyranitar|15\/100|[from] confusion\n|\n|-weather|Sandstorm|[upkeep]\n|upkeep\n|turn|31\n|inactive|NDSNEZyedropwhen has 120 seconds left.\n|\n|t:|1700874414\n|switch|p2a: Corviknight|Corviknight, F|99\/100\n|-ability|p2a: Corviknight|Pressure\n|move|p1a: Great Tusk|Rapid Spin|p2a: Corviknight\n|-resisted|p2a: Corviknight\n|-damage|p2a: Corviknight|92\/100\n|-boost|p1a: Great Tusk|spe|1\n|-sideend|p1: MemeBattle|Stealth Rock|[from] move: Rapid Spin|[of] p1a: Great Tusk\n|\n|-weather|Sandstorm|[upkeep]\n|-heal|p2a: Corviknight|99\/100|[from] item: Leftovers\n|upkeep\n|turn|32\n|inactive|NDSNEZyedropwhen has 120 seconds left.\n|\n|t:|1700874420\n|move|p1a: Great Tusk|Ice Spinner|p2a: Corviknight\n|-crit|p2a: Corviknight\n|-damage|p2a: Corviknight|62\/100\n|move|p2a: Corviknight|Iron Head|p1a: Great Tusk\n|-damage|p1a: Great Tusk|84\/100\n|\n|-weather|none\n|-heal|p2a: Corviknight|69\/100|[from] item: Leftovers\n|upkeep\n|turn|33\n|\n|t:|1700874437\n|-end|p1a: Great Tusk|Protosynthesis|[silent]\n|switch|p1a: Tornadus|Tornadus-Therian, M, tera:Steel|100\/100\n|move|p2a: Corviknight|Roost|p2a: Corviknight\n|-heal|p2a: Corviknight|100\/100\n|-singleturn|p2a: Corviknight|move: Roost\n|\n|upkeep\n|turn|34\n|inactive|NDSNEZyedropwhen has 120 seconds left.\n|\n|t:|1700874466\n|move|p2a: Corviknight|Protect|p2a: Corviknight\n|-singleturn|p2a: Corviknight|Protect\n|move|p1a: Tornadus|Heat Wave|p2a: Corviknight\n|-activate|p2a: Corviknight|move: Protect\n|\n|upkeep\n|turn|35\n|inactive|NDSNEZyedropwhen has 120 seconds left.\n|\n|t:|1700874472\n|switch|p2a: Blissey|Blissey, F|100\/100\n|move|p1a: Tornadus|U-turn|p2a: Blissey\n|-damage|p2a: Blissey|74\/100\n|\n|t:|1700874478\n|switch|p1a: Samurott|Samurott-Hisui, F|32\/100 tox|[from] U-turn\n|\n|-damage|p1a: Samurott|26\/100 tox|[from] psn\n|upkeep\n|turn|36\n|\n|t:|1700874482\n|switch|p2a: Corviknight|Corviknight, F|100\/100\n|-ability|p2a: Corviknight|Pressure\n|move|p1a: Samurott|Ceaseless Edge|p2a: Corviknight\n|-damage|p2a: Corviknight|54\/100\n|-sidestart|p2: NDSNEZyedropwhen|Spikes\n|\n|-heal|p2a: Corviknight|60\/100|[from] item: Leftovers\n|-damage|p1a: Samurott|13\/100 tox|[from] psn\n|upkeep\n|turn|37\n|\n|t:|1700874493\n|switch|p1a: Scizor|Scizor-Mega, F|33\/100\n|move|p2a: Corviknight|Roost|p2a: Corviknight\n|-heal|p2a: Corviknight|100\/100\n|-singleturn|p2a: Corviknight|move: Roost\n|\n|upkeep\n|turn|38\n|\n|t:|1700874497\n|switch|p2a: Dondozo|Dondozo, M|78\/100\n|move|p1a: Scizor|Swords Dance|p1a: Scizor\n|-boost|p1a: Scizor|atk|2\n|\n|upkeep\n|turn|39\n|\n|t:|1700874506\n|move|p1a: Scizor|Superpower|p2a: Dondozo\n|-damage|p2a: Dondozo|57\/100\n|-unboost|p1a: Scizor|atk|1\n|-unboost|p1a: Scizor|def|1\n|move|p2a: Dondozo|Body Press|p1a: Scizor\n|-damage|p1a: Scizor|9\/100\n|\n|upkeep\n|turn|40\n|\n|t:|1700874511\n|switch|p1a: Tornadus|Tornadus-Therian, M, tera:Steel|100\/100\n|move|p2a: Dondozo|Rest|p2a: Dondozo\n|-status|p2a: Dondozo|slp|[from] move: Rest\n|-heal|p2a: Dondozo|100\/100 slp|[silent]\n|\n|upkeep\n|turn|41\n|\n|t:|1700874521\n|switch|p2a: Tyranitar|Tyranitar-Mega, M|15\/100\n|-damage|p2a: Tyranitar|3\/100|[from] Spikes\n|-weather|Sandstorm|[from] ability: Sand Stream|[of] p2a: Tyranitar\n|move|p1a: Tornadus|Knock Off|p2a: Tyranitar\n|-resisted|p2a: Tyranitar\n|-damage|p2a: Tyranitar|0 fnt\n|faint|p2a: Tyranitar\n|\n|-weather|Sandstorm|[upkeep]\n|upkeep\n|\n|t:|1700874539\n|switch|p2a: Blissey|Blissey, F|74\/100\n|turn|42\n|\n|t:|1700874548\n|move|p1a: Tornadus|U-turn|p2a: Blissey\n|-damage|p2a: Blissey|51\/100\n|\n|t:|1700874554\n|switch|p1a: Great Tusk|Great Tusk|84\/100|[from] U-turn\n|move|p2a: Blissey|Stealth Rock|p1a: Great Tusk\n|-sidestart|p1: MemeBattle|move: Stealth Rock\n|\n|-weather|Sandstorm|[upkeep]\n|-damage|p2a: Blissey|45\/100|[from] Sandstorm\n|upkeep\n|turn|43\n|\n|t:|1700874559\n|move|p1a: Great Tusk|Rapid Spin|p2a: Blissey\n|-damage|p2a: Blissey|15\/100\n|-boost|p1a: Great Tusk|spe|1\n|-sideend|p1: MemeBattle|Stealth Rock|[from] move: Rapid Spin|[of] p1a: Great Tusk\n|move|p2a: Blissey|Soft-Boiled|p2a: Blissey\n|-heal|p2a: Blissey|65\/100\n|\n|-weather|Sandstorm|[upkeep]\n|-damage|p2a: Blissey|59\/100|[from] Sandstorm\n|upkeep\n|turn|44\n|\n|t:|1700874567\n|switch|p2a: Gliscor|Gliscor, F|21\/100 tox\n|move|p1a: Great Tusk|Close Combat|p2a: Gliscor\n|-resisted|p2a: Gliscor\n|-damage|p2a: Gliscor|4\/100 tox\n|-unboost|p1a: Great Tusk|def|1\n|-unboost|p1a: Great Tusk|spd|1\n|\n|-weather|Sandstorm|[upkeep]\n|-heal|p2a: Gliscor|16\/100 tox|[from] ability: Poison Heal\n|upkeep\n|turn|45\n|\n|t:|1700874580\n|move|p2a: Gliscor|Protect|p2a: Gliscor\n|-singleturn|p2a: Gliscor|Protect\n|move|p1a: Great Tusk|Ice Spinner|p2a: Gliscor\n|-activate|p2a: Gliscor|move: Protect\n|\n|-weather|none\n|-heal|p2a: Gliscor|28\/100 tox|[from] ability: Poison Heal\n|upkeep\n|turn|46\n|\n|t:|1700874585\n|switch|p2a: Corviknight|Corviknight, F|100\/100\n|-ability|p2a: Corviknight|Pressure\n|move|p1a: Great Tusk|Ice Spinner|p2a: Corviknight\n|-damage|p2a: Corviknight|78\/100\n|\n|-heal|p2a: Corviknight|85\/100|[from] item: Leftovers\n|upkeep\n|turn|47\n|\n|t:|1700874593\n|-end|p1a: Great Tusk|Protosynthesis|[silent]\n|switch|p1a: Tornadus|Tornadus-Therian, M, tera:Steel|100\/100\n|move|p2a: Corviknight|Iron Head|p1a: Tornadus\n|-resisted|p1a: Tornadus\n|-damage|p1a: Tornadus|86\/100\n|\n|-heal|p2a: Corviknight|91\/100|[from] item: Leftovers\n|upkeep\n|turn|48\n|\n|t:|1700874597\n|move|p2a: Corviknight|Protect|p2a: Corviknight\n|-singleturn|p2a: Corviknight|Protect\n|move|p1a: Tornadus|U-turn|p2a: Corviknight\n|-activate|p2a: Corviknight|move: Protect\n|\n|-heal|p2a: Corviknight|97\/100|[from] item: Leftovers\n|upkeep\n|turn|49\n|\n|t:|1700874600\n|move|p1a: Tornadus|Heat Wave|p2a: Corviknight|[miss]\n|-miss|p1a: Tornadus|p2a: Corviknight\n|move|p2a: Corviknight|Iron Head|p1a: Tornadus\n|-resisted|p1a: Tornadus\n|-damage|p1a: Tornadus|72\/100\n|\n|-heal|p2a: Corviknight|100\/100|[from] item: Leftovers\n|upkeep\n|turn|50\n|\n|t:|1700874605\n|move|p2a: Corviknight|Protect|p2a: Corviknight\n|-singleturn|p2a: Corviknight|Protect\n|move|p1a: Tornadus|U-turn|p2a: Corviknight\n|-activate|p2a: Corviknight|move: Protect\n|\n|upkeep\n|turn|51\n|\n|t:|1700874609\n|switch|p2a: Toxapex|Toxapex, F|84\/100\n|move|p1a: Tornadus|Heat Wave|p2a: Toxapex\n|-resisted|p2a: Toxapex\n|-damage|p2a: Toxapex|74\/100\n|\n|upkeep\n|turn|52\n|\n|t:|1700874617\n|switch|p2a: Gliscor|Gliscor, F|28\/100 tox\n|move|p1a: Tornadus|Knock Off|p2a: Gliscor\n|-damage|p2a: Gliscor|17\/100 tox\n|-enditem|p2a: Gliscor|Toxic Orb|[from] move: Knock Off|[of] p1a: Tornadus\n|\n|-heal|p2a: Gliscor|29\/100 tox|[from] ability: Poison Heal\n|upkeep\n|turn|53\n|\n|t:|1700874627\n|move|p2a: Gliscor|Protect|p2a: Gliscor\n|-singleturn|p2a: Gliscor|Protect\n|move|p1a: Tornadus|Hurricane|p2a: Gliscor\n|-activate|p2a: Gliscor|move: Protect\n|\n|-heal|p2a: Gliscor|42\/100 tox|[from] ability: Poison Heal\n|upkeep\n|turn|54\n|\n|t:|1700874632\n|switch|p2a: Corviknight|Corviknight, F|100\/100\n|-ability|p2a: Corviknight|Pressure\n|move|p1a: Tornadus|U-turn|p2a: Corviknight\n|-resisted|p2a: Corviknight\n|-damage|p2a: Corviknight|97\/100\n|\n|t:|1700874639\n|switch|p1a: Kommo-o|Kommo-o, M|100\/100|[from] U-turn\n|\n|-heal|p2a: Corviknight|100\/100|[from] item: Leftovers\n|upkeep\n|turn|55\n|\n|t:|1700874646\n|switch|p2a: Toxapex|Toxapex, F|100\/100\n|move|p1a: Kommo-o|Flamethrower|p2a: Toxapex\n|-resisted|p2a: Toxapex\n|-damage|p2a: Toxapex|90\/100\n|\n|upkeep\n|turn|56\n|\n|t:|1700874651\n|switch|p1a: Scizor|Scizor-Mega, F|9\/100\n|move|p2a: Toxapex|Knock Off|p1a: Scizor\n|-damage|p1a: Scizor|0 fnt\n|faint|p1a: Scizor\n|\n|upkeep\n|\n|t:|1700874653\n|switch|p1a: Samurott|Samurott-Hisui, F|13\/100 tox\n|turn|57\n|\n|t:|1700874667\n|move|p2a: Toxapex|Baneful Bunker|p2a: Toxapex\n|-singleturn|p2a: Toxapex|move: Protect\n|move|p1a: Samurott|Ceaseless Edge|p2a: Toxapex\n|-activate|p2a: Toxapex|move: Protect\n|\n|-damage|p1a: Samurott|7\/100 tox|[from] psn\n|upkeep\n|turn|58\n|\n|t:|1700874682\n|move|p1a: Samurott|Ceaseless Edge|p2a: Toxapex\n|-damage|p2a: Toxapex|54\/100\n|-sidestart|p2: NDSNEZyedropwhen|Spikes\n|move|p2a: Toxapex|Recover|p2a: Toxapex\n|-heal|p2a: Toxapex|100\/100\n|\n|-damage|p1a: Samurott|0 fnt|[from] psn\n|faint|p1a: Samurott\n|upkeep\n|\n|t:|1700874691\n|switch|p1a: Great Tusk|Great Tusk|84\/100\n|turn|59\n|n|\u2606NDSNEZyedropwhen|ndsnezyedropwhen\n|\n|t:|1700874702\n|move|p1a: Great Tusk|Close Combat|p2a: Toxapex\n|-resisted|p2a: Toxapex\n|-damage|p2a: Toxapex|82\/100\n|-unboost|p1a: Great Tusk|def|1\n|-unboost|p1a: Great Tusk|spd|1\n|move|p2a: Toxapex|Toxic|p1a: Great Tusk\n|-status|p1a: Great Tusk|tox\n|\n|-damage|p1a: Great Tusk|77\/100 tox|[from] psn\n|upkeep\n|turn|60\n|\n|t:|1700874709\n|-end|p1a: Great Tusk|Protosynthesis|[silent]\n|switch|p1a: Tornadus|Tornadus-Therian, M, tera:Steel|100\/100\n|move|p2a: Toxapex|Baneful Bunker||[still]\n|-fail|p2a: Toxapex\n|\n|upkeep\n|turn|61\n|\n|t:|1700874713\n|move|p2a: Toxapex|Baneful Bunker|p2a: Toxapex\n|-singleturn|p2a: Toxapex|move: Protect\n|move|p1a: Tornadus|Hurricane|p2a: Toxapex\n|-activate|p2a: Toxapex|move: Protect\n|\n|upkeep\n|turn|62\n|\n|t:|1700874719\n|switch|p2a: Corviknight|Corviknight, F|100\/100\n|-ability|p2a: Corviknight|Pressure\n|move|p1a: Tornadus|Hurricane|p2a: Corviknight\n|-resisted|p2a: Corviknight\n|-damage|p2a: Corviknight|85\/100\n|\n|-heal|p2a: Corviknight|91\/100|[from] item: Leftovers\n|upkeep\n|turn|63\n|\n|t:|1700874723\n|move|p2a: Corviknight|Protect|p2a: Corviknight\n|-singleturn|p2a: Corviknight|Protect\n|move|p1a: Tornadus|Heat Wave|p2a: Corviknight\n|-activate|p2a: Corviknight|move: Protect\n|\n|-heal|p2a: Corviknight|97\/100|[from] item: Leftovers\n|upkeep\n|turn|64\n|\n|t:|1700874727\n|switch|p2a: Toxapex|Toxapex, F|100\/100\n|move|p1a: Tornadus|Heat Wave|p2a: Toxapex\n|-resisted|p2a: Toxapex\n|-damage|p2a: Toxapex|91\/100\n|\n|upkeep\n|turn|65\n|\n|t:|1700874731\n|move|p2a: Toxapex|Baneful Bunker|p2a: Toxapex\n|-singleturn|p2a: Toxapex|move: Protect\n|move|p1a: Tornadus|Knock Off|p2a: Toxapex\n|-activate|p2a: Toxapex|move: Protect\n|\n|upkeep\n|turn|66\n|\n|t:|1700874735\n|move|p1a: Tornadus|Heat Wave|p2a: Toxapex\n|-resisted|p2a: Toxapex\n|-damage|p2a: Toxapex|82\/100\n|move|p2a: Toxapex|Knock Off|p1a: Tornadus\n|-damage|p1a: Tornadus|82\/100\n|-enditem|p1a: Tornadus|Assault Vest|[from] move: Knock Off|[of] p2a: Toxapex\n|\n|upkeep\n|turn|67\n|\n|t:|1700874739\n|move|p2a: Toxapex|Baneful Bunker|p2a: Toxapex\n|-singleturn|p2a: Toxapex|move: Protect\n|move|p1a: Tornadus|U-turn|p2a: Toxapex\n|-activate|p2a: Toxapex|move: Protect\n|\n|upkeep\n|turn|68\n|\n|t:|1700874742\n|switch|p2a: Corviknight|Corviknight, F|97\/100\n|-ability|p2a: Corviknight|Pressure\n|move|p1a: Tornadus|Heat Wave|p2a: Corviknight\n|-supereffective|p2a: Corviknight\n|-damage|p2a: Corviknight|66\/100\n|\n|-heal|p2a: Corviknight|72\/100|[from] item: Leftovers\n|upkeep\n|turn|69\n|\n|t:|1700874752\n|move|p2a: Corviknight|Protect|p2a: Corviknight\n|-singleturn|p2a: Corviknight|Protect\n|move|p1a: Tornadus|U-turn|p2a: Corviknight\n|-activate|p2a: Corviknight|move: Protect\n|\n|-heal|p2a: Corviknight|78\/100|[from] item: Leftovers\n|upkeep\n|turn|70\n|\n|t:|1700874757\n|move|p1a: Tornadus|U-turn|p2a: Corviknight\n|-resisted|p2a: Corviknight\n|-damage|p2a: Corviknight|75\/100\n|\n|t:|1700874762\n|switch|p1a: Kommo-o|Kommo-o, M|100\/100|[from] U-turn\n|move|p2a: Corviknight|Defog|p1a: Kommo-o\n|-unboost|p1a: Kommo-o|evasion|1\n|-sideend|p2: NDSNEZyedropwhen|Spikes|[from] move: Defog|[of] p2a: Corviknight\n|\n|-heal|p2a: Corviknight|82\/100|[from] item: Leftovers\n|upkeep\n|turn|71\n|\n|t:|1700874768\n|switch|p2a: Toxapex|Toxapex, F|100\/100\n|move|p1a: Kommo-o|Clangorous Soul|p1a: Kommo-o\n|-boost|p1a: Kommo-o|atk|1\n|-boost|p1a: Kommo-o|def|1\n|-boost|p1a: Kommo-o|spa|1\n|-boost|p1a: Kommo-o|spd|1\n|-boost|p1a: Kommo-o|spe|1\n|-damage|p1a: Kommo-o|68\/100\n|-enditem|p1a: Kommo-o|Throat Spray\n|-boost|p1a: Kommo-o|spa|1|[from] item: Throat Spray\n|\n|upkeep\n|turn|72\n|\n|t:|1700874774\n|move|p1a: Kommo-o|Boomburst|p2a: Toxapex\n|-crit|p2a: Toxapex\n|-damage|p2a: Toxapex|4\/100\n|move|p2a: Toxapex|Toxic|p1a: Kommo-o\n|-status|p1a: Kommo-o|tox\n|\n|-damage|p1a: Kommo-o|61\/100 tox|[from] psn\n|upkeep\n|turn|73\n|\n|t:|1700874777\n|move|p2a: Toxapex|Baneful Bunker|p2a: Toxapex\n|-singleturn|p2a: Toxapex|move: Protect\n|move|p1a: Kommo-o|Boomburst|p2a: Toxapex\n|-activate|p2a: Toxapex|move: Protect\n|\n|-damage|p1a: Kommo-o|49\/100 tox|[from] psn\n|upkeep\n|turn|74\n|\n|t:|1700874780\n|switch|p2a: Gliscor|Gliscor, F|42\/100 tox\n|move|p1a: Kommo-o|Boomburst|p2a: Gliscor\n|-damage|p2a: Gliscor|0 fnt\n|faint|p2a: Gliscor\n|\n|-damage|p1a: Kommo-o|30\/100 tox|[from] psn\n|upkeep\n|\n|t:|1700874789\n|switch|p2a: Toxapex|Toxapex, F|37\/100\n|turn|75\n|\n|t:|1700874802\n|move|p2a: Toxapex|Baneful Bunker|p2a: Toxapex\n|-singleturn|p2a: Toxapex|move: Protect\n|move|p1a: Kommo-o|Boomburst|p2a: Toxapex\n|-activate|p2a: Toxapex|move: Protect\n|\n|-damage|p1a: Kommo-o|6\/100 tox|[from] psn\n|upkeep\n|turn|76\n|\n|t:|1700874810\n|switch|p2a: Dondozo|Dondozo, M|100\/100 slp\n|move|p1a: Kommo-o|Boomburst|p2a: Dondozo\n|-damage|p2a: Dondozo|63\/100 slp\n|\n|-damage|p1a: Kommo-o|0 fnt|[from] psn\n|faint|p1a: Kommo-o\n|upkeep\n|\n|t:|1700874814\n|switch|p1a: Tornadus|Tornadus-Therian, M, tera:Steel|100\/100\n|turn|77\n|c|\u2606NDSNEZyedropwhen|ye stall can be a tough matchup sometimes\n|-message|MemeBattle forfeited.\n|\n|win|NDSNEZyedropwhen\n|raw|MemeBattle's rating: 1092 &rarr; <strong>1066<\/strong><br \/>(-26 for losing)\n|raw|NDSNEZyedropwhen's rating: 1053 &rarr; <strong>1089<\/strong><br \/>(+36 for winning)\n|l|\u2606MemeBattle\n","uploadtime":1700874831,"views":3,"p1id":"memebattle","p2id":"ndsnezyedropwhen","formatid":"gen9nationaldex","rating":1066,"private":0,"password":""}