{"id":"gen9nationaldex-1997165614","p1":"AjoFC","p2":"Arlo Ghost","format":"[Gen 9] National Dex","log":"|html|<div class=\"broadcast-blue\"><strong>[Gen 9] National Dex is currently suspecting Sneasler! For information on how to participate check out the <a href=\"https:\/\/www.smogon.com\/forums\/threads\/sv-national-dex-suspect-8-just-dance.3731534\/\">suspect thread<\/a>.<\/strong><\/div>\n|j|\u2606AjoFC\n|j|\u2606Arlo Ghost\n|t:|1700771218\n|gametype|singles\n|player|p1|AjoFC|juggler|\n|player|p2|Arlo Ghost|mars|\n|teamsize|p1|6\n|teamsize|p2|6\n|gen|9\n|tier|[Gen 9] National Dex\n|rule|HP Percentage Mod: HP is shown in percentages\n|rule|Endless Battle Clause: Forcing endless battles is banned\n|rule|OHKO Clause: OHKO moves are banned\n|rule|Evasion Clause: Evasion abilities, items, and moves are banned\n|rule|Evasion Abilities Clause: Evasion abilities are banned\n|rule|Evasion Items Clause: Evasion items are banned\n|rule|Evasion Moves Clause: Evasion moves are banned\n|rule|Species Clause: Limit one of each Pok\u00e9mon\n|rule|Sleep Clause Mod: Limit one foe put to sleep\n|clearpoke\n|poke|p1|Maushold-Four|\n|poke|p1|Lopunny, M|\n|poke|p1|Ditto|\n|poke|p1|Porygon-Z|\n|poke|p1|Zoroark-Hisui, M|\n|poke|p1|Dondozo, F|\n|poke|p2|Tapu Fini|\n|poke|p2|Heatran, M|\n|poke|p2|Corviknight, F|\n|poke|p2|Greninja-*, M|\n|poke|p2|Mawile, F|\n|poke|p2|Kommo-o, M|\n|teampreview\n|inactive|Battle timer is ON: inactive players will automatically lose when time's up. (requested by AjoFC)\n|c|\u2606Arlo Ghost|https:\/\/www.youtube.com\/watch?v=1oHNckyl8vU\n|c|\u2606Arlo Ghost|suerte\n|inactive|Arlo Ghost has 270 seconds left.\n|j| Sylveon(404)\n|\n|t:|1700771266\n|start\n|switch|p1a: Spamton|Porygon-Z|100\/100\n|switch|p2a: Erica Jueves|Mawile, F|100\/100\n|-ability|p2a: Erica Jueves|Intimidate|boost\n|-unboost|p1a: Spamton|atk|1\n|turn|1\n|c|\u2606AjoFC|Igualmente\n|\n|t:|1700771282\n|detailschange|p2a: Erica Jueves|Mawile-Mega, F\n|-mega|p2a: Erica Jueves|Mawile|Mawilite\n|move|p2a: Erica Jueves|Sucker Punch||[still]\n|-fail|p2a: Erica Jueves\n|-zpower|p1a: Spamton\n|move|p1a: Spamton|Z-Conversion|p1a: Spamton|[anim]Conversion\n|-boost|p1a: Spamton|atk|1|[zeffect]\n|-boost|p1a: Spamton|def|1|[zeffect]\n|-boost|p1a: Spamton|spa|1|[zeffect]\n|-boost|p1a: Spamton|spd|1|[zeffect]\n|-boost|p1a: Spamton|spe|1|[zeffect]\n|-start|p1a: Spamton|typechange|Electric\n|\n|upkeep\n|turn|2\n|c| Sylveon(404)|GG\n|\n|t:|1700771294\n|move|p1a: Spamton|Discharge|p2a: Erica Jueves\n|-damage|p2a: Erica Jueves|0 fnt\n|faint|p2a: Erica Jueves\n|\n|upkeep\n|\n|t:|1700771297\n|switch|p2a: Mamu Finish-her|Tapu Fini, shiny|100\/100\n|-fieldstart|move: Misty Terrain|[from] ability: Misty Surge|[of] p2a: Mamu Finish-her\n|turn|3\n|c| Sylveon(404)|gano ajo\n|\n|t:|1700771302\n|-terastallize|p2a: Mamu Finish-her|Ground\n|move|p1a: Spamton|Discharge|p2a: Mamu Finish-her\n|-immune|p2a: Mamu Finish-her\n|move|p2a: Mamu Finish-her|Haze|p2a: Mamu Finish-her\n|-clearallboost\n|\n|upkeep\n|turn|4\n|\n|t:|1700771314\n|switch|p2a: Magmado|Heatran, M|100\/100\n|move|p1a: Spamton|Ice Beam|p2a: Magmado\n|-resisted|p2a: Magmado\n|-damage|p2a: Magmado|95\/100\n|\n|-heal|p2a: Magmado|100\/100|[from] item: Leftovers\n|upkeep\n|turn|5\n|c| Sylveon(404)|OSTIA TREMENDO COUNTER\n|\n|t:|1700771322\n|move|p1a: Spamton|Discharge|p2a: Magmado\n|-damage|p2a: Magmado|58\/100\n|move|p2a: Magmado|Magma Storm|p1a: Spamton\n|-damage|p1a: Spamton|42\/100\n|-activate|p1a: Spamton|move: Magma Storm|[of] p2a: Magmado\n|\n|-heal|p2a: Magmado|65\/100|[from] item: Leftovers\n|-damage|p1a: Spamton|30\/100|[from] move: Magma Storm|[partiallytrapped]\n|upkeep\n|turn|6\n|\n|t:|1700771334\n|move|p2a: Magmado|Protect|p2a: Magmado\n|-singleturn|p2a: Magmado|Protect\n|move|p1a: Spamton|Recover|p1a: Spamton\n|-heal|p1a: Spamton|80\/100\n|\n|-heal|p2a: Magmado|71\/100|[from] item: Leftovers\n|-damage|p1a: Spamton|67\/100|[from] move: Magma Storm|[partiallytrapped]\n|upkeep\n|turn|7\n|\n|t:|1700771342\n|move|p1a: Spamton|Discharge|p2a: Magmado\n|-damage|p2a: Magmado|35\/100\n|move|p2a: Magmado|Magma Storm|p1a: Spamton\n|-crit|p1a: Spamton\n|-damage|p1a: Spamton|0 fnt\n|faint|p1a: Spamton\n|\n|-heal|p2a: Magmado|41\/100|[from] item: Leftovers\n|-fieldend|Misty Terrain\n|upkeep\n|\n|t:|1700771360\n|switch|p1a: Harvest|Maushold-Four|100\/100\n|turn|8\n|\n|t:|1700771373\n|move|p2a: Magmado|Protect|p2a: Magmado\n|-singleturn|p2a: Magmado|Protect\n|move|p1a: Harvest|Shadow Ball|p2a: Magmado\n|-activate|p2a: Magmado|move: Protect\n|\n|-heal|p2a: Magmado|47\/100|[from] item: Leftovers\n|upkeep\n|turn|9\n|j| RARMolina\n|\n|t:|1700771387\n|move|p1a: Harvest|Shadow Ball|p2a: Magmado\n|-damage|p2a: Magmado|19\/100\n|move|p2a: Magmado|Magma Storm|p1a: Harvest|[miss]\n|-miss|p2a: Magmado|p1a: Harvest\n|\n|-heal|p2a: Magmado|25\/100|[from] item: Leftovers\n|upkeep\n|turn|10\n|\n|t:|1700771396\n|move|p2a: Magmado|Protect|p2a: Magmado\n|-singleturn|p2a: Magmado|Protect\n|move|p1a: Harvest|Shadow Ball|p2a: Magmado\n|-activate|p2a: Magmado|move: Protect\n|\n|-heal|p2a: Magmado|32\/100|[from] item: Leftovers\n|upkeep\n|turn|11\n|\n|t:|1700771408\n|switch|p1a: SOY TU XD|Ditto|100\/100\n|-transform|p1a: SOY TU XD|p2a: Magmado|[from] ability: Imposter\n|switch|p2a: Kokum-o|Kommo-o, M|100\/100\n|\n|upkeep\n|turn|12\n|\n|t:|1700771422\n|move|p2a: Kokum-o|Earthquake|p1a: SOY TU XD\n|-supereffective|p1a: SOY TU XD\n|-damage|p1a: SOY TU XD|2\/100\n|move|p1a: SOY TU XD|Toxic|p2a: Kokum-o\n|-status|p2a: Kokum-o|tox\n|\n|-damage|p2a: Kokum-o|94\/100 tox|[from] psn\n|upkeep\n|turn|13\n|\n|t:|1700771432\n|move|p1a: SOY TU XD|Protect|p1a: SOY TU XD\n|-singleturn|p1a: SOY TU XD|Protect\n|-zpower|p2a: Kokum-o\n|move|p2a: Kokum-o|Clangorous Soulblaze|p1a: SOY TU XD|[zeffect]\n|-resisted|p1a: SOY TU XD\n|-zbroken|p1a: SOY TU XD\n|-damage|p1a: SOY TU XD|0 fnt\n|faint|p1a: SOY TU XD\n|-boost|p2a: Kokum-o|atk|1\n|-boost|p2a: Kokum-o|def|1\n|-boost|p2a: Kokum-o|spa|1\n|-boost|p2a: Kokum-o|spd|1\n|-boost|p2a: Kokum-o|spe|1\n|\n|-damage|p2a: Kokum-o|82\/100 tox|[from] psn\n|upkeep\n|\n|t:|1700771450\n|switch|p1a: OwO|Lopunny, M|100\/100\n|turn|14\n|\n|t:|1700771455\n|detailschange|p1a: OwO|Lopunny-Mega, M\n|-mega|p1a: OwO|Lopunny|Lopunnite\n|move|p1a: OwO|Fake Out|p2a: Kokum-o\n|-damage|p2a: Kokum-o|68\/100 tox\n|cant|p2a: Kokum-o|flinch\n|\n|-damage|p2a: Kokum-o|50\/100 tox|[from] psn\n|upkeep\n|turn|15\n|\n|t:|1700771465\n|switch|p1a: Hola|Dondozo, F|100\/100\n|move|p2a: Kokum-o|Drain Punch|p1a: Hola\n|-damage|p1a: Hola|80\/100\n|-heal|p2a: Kokum-o|67\/100 tox|[from] drain|[of] p1a: Hola\n|\n|-heal|p1a: Hola|86\/100|[from] item: Leftovers\n|-damage|p2a: Kokum-o|43\/100 tox|[from] psn\n|upkeep\n|turn|16\n|\n|t:|1700771476\n|move|p2a: Kokum-o|Clanging Scales|p1a: Hola\n|-damage|p1a: Hola|58\/100\n|-unboost|p2a: Kokum-o|def|1\n|move|p1a: Hola|Curse|p1a: Hola\n|-unboost|p1a: Hola|spe|1\n|-boost|p1a: Hola|atk|1\n|-boost|p1a: Hola|def|1\n|\n|-heal|p1a: Hola|64\/100|[from] item: Leftovers\n|-damage|p2a: Kokum-o|12\/100 tox|[from] psn\n|upkeep\n|turn|17\n|\n|t:|1700771494\n|move|p2a: Kokum-o|Clanging Scales|p1a: Hola\n|-damage|p1a: Hola|39\/100\n|-unboost|p2a: Kokum-o|def|1\n|move|p1a: Hola|Rest|p1a: Hola\n|-status|p1a: Hola|slp|[from] move: Rest\n|-heal|p1a: Hola|100\/100 slp|[silent]\n|\n|-damage|p2a: Kokum-o|0 fnt|[from] psn\n|faint|p2a: Kokum-o\n|upkeep\n|\n|t:|1700771499\n|switch|p2a: El Cumbia Ikuze|Greninja, M|100\/100\n|turn|18\n|\n|t:|1700771512\n|switch|p1a: Harvest|Maushold-Four|100\/100\n|move|p2a: El Cumbia Ikuze|Dark Pulse|p1a: Harvest\n|-supereffective|p1a: Harvest\n|-enditem|p1a: Harvest|Focus Sash\n|-damage|p1a: Harvest|1\/100\n|replace|p1a: MONDONGO|Zoroark-Hisui, M\n|-end|p1a: MONDONGO|Illusion\n|\n|upkeep\n|turn|19\n|\n|t:|1700771529\n|switch|p1a: Hola|Dondozo, F|100\/100 slp\n|move|p2a: El Cumbia Ikuze|Dark Pulse|p1a: Hola\n|-damage|p1a: Hola|68\/100 slp\n|\n|-heal|p1a: Hola|74\/100 slp|[from] item: Leftovers\n|upkeep\n|turn|20\n|\n|t:|1700771537\n|move|p2a: El Cumbia Ikuze|Dark Pulse|p1a: Hola\n|-damage|p1a: Hola|42\/100 slp\n|cant|p1a: Hola|slp\n|move|p1a: Hola|Sleep Talk|p1a: Hola\n|move|p1a: Hola|Curse|p1a: Hola|[from]move: Sleep Talk\n|-unboost|p1a: Hola|spe|1\n|-boost|p1a: Hola|atk|1\n|-boost|p1a: Hola|def|1\n|\n|-heal|p1a: Hola|48\/100 slp|[from] item: Leftovers\n|upkeep\n|turn|21\n|\n|t:|1700771551\n|move|p2a: El Cumbia Ikuze|Dark Pulse|p1a: Hola\n|-damage|p1a: Hola|14\/100 slp\n|cant|p1a: Hola|slp\n|\n|-heal|p1a: Hola|20\/100 slp|[from] item: Leftovers\n|upkeep\n|turn|22\n|\n|t:|1700771560\n|move|p2a: El Cumbia Ikuze|Dark Pulse|p1a: Hola\n|-damage|p1a: Hola|0 fnt\n|faint|p1a: Hola\n|-ability|p2a: El Cumbia Ikuze|Battle Bond|boost\n|-boost|p2a: El Cumbia Ikuze|atk|1\n|-boost|p2a: El Cumbia Ikuze|spa|1\n|-boost|p2a: El Cumbia Ikuze|spe|1\n|-activate|p2a: El Cumbia Ikuze|ability: Battle Bond\n|\n|upkeep\n|\n|t:|1700771568\n|switch|p1a: Harvest|Maushold-Four|1\/100\n|turn|23\n|\n|t:|1700771574\n|move|p2a: El Cumbia Ikuze|Dark Pulse|p1a: Harvest\n|-supereffective|p1a: Harvest\n|-damage|p1a: Harvest|0 fnt\n|replace|p1a: MONDONGO|Zoroark-Hisui, M\n|-end|p1a: MONDONGO|Illusion\n|faint|p1a: MONDONGO\n|\n|upkeep\n|\n|t:|1700771580\n|switch|p1a: OwO|Lopunny-Mega, M|100\/100\n|turn|24\n|\n|t:|1700771587\n|move|p1a: OwO|Fake Out|p2a: El Cumbia Ikuze\n|-damage|p2a: El Cumbia Ikuze|64\/100\n|cant|p2a: El Cumbia Ikuze|flinch\n|\n|upkeep\n|turn|25\n|\n|t:|1700771594\n|move|p2a: El Cumbia Ikuze|Dark Pulse|p1a: OwO\n|-resisted|p1a: OwO\n|-damage|p1a: OwO|50\/100\n|move|p1a: OwO|Close Combat|p2a: El Cumbia Ikuze\n|-supereffective|p2a: El Cumbia Ikuze\n|-damage|p2a: El Cumbia Ikuze|0 fnt\n|-unboost|p1a: OwO|def|1\n|-unboost|p1a: OwO|spd|1\n|faint|p2a: El Cumbia Ikuze\n|\n|upkeep\n|\n|t:|1700771598\n|switch|p2a: Mamu Finish-her|Tapu Fini, shiny, tera:Ground|100\/100\n|-fieldstart|move: Misty Terrain|[from] ability: Misty Surge|[of] p2a: Mamu Finish-her\n|turn|26\n|\n|t:|1700771608\n|move|p1a: OwO|Ice Punch|p2a: Mamu Finish-her\n|-supereffective|p2a: Mamu Finish-her\n|-damage|p2a: Mamu Finish-her|60\/100\n|move|p2a: Mamu Finish-her|Moonblast|p1a: OwO\n|-supereffective|p1a: OwO\n|-damage|p1a: OwO|0 fnt\n|faint|p1a: OwO\n|\n|-heal|p2a: Mamu Finish-her|66\/100|[from] item: Leftovers\n|upkeep\n|\n|t:|1700771618\n|switch|p1a: Harvest|Maushold-Four|100\/100\n|turn|27\n|\n|t:|1700771621\n|switch|p2a: Metalera|Corviknight, F, shiny|100\/100\n|-ability|p2a: Metalera|Pressure\n|move|p1a: Harvest|Population Bomb|p2a: Metalera\n|-resisted|p2a: Metalera\n|-damage|p2a: Metalera|97\/100\n|-damage|p1a: Harvest|84\/100|[from] item: Rocky Helmet|[of] p2a: Metalera\n|-resisted|p2a: Metalera\n|-damage|p2a: Metalera|94\/100\n|-damage|p1a: Harvest|67\/100|[from] item: Rocky Helmet|[of] p2a: Metalera\n|-resisted|p2a: Metalera\n|-damage|p2a: Metalera|91\/100\n|-damage|p1a: Harvest|51\/100|[from] item: Rocky Helmet|[of] p2a: Metalera\n|-resisted|p2a: Metalera\n|-damage|p2a: Metalera|88\/100\n|-damage|p1a: Harvest|34\/100|[from] item: Rocky Helmet|[of] p2a: Metalera\n|-resisted|p2a: Metalera\n|-damage|p2a: Metalera|85\/100\n|-damage|p1a: Harvest|17\/100|[from] item: Rocky Helmet|[of] p2a: Metalera\n|-resisted|p2a: Metalera\n|-damage|p2a: Metalera|82\/100\n|-damage|p1a: Harvest|1\/100|[from] item: Rocky Helmet|[of] p2a: Metalera\n|-resisted|p2a: Metalera\n|-damage|p2a: Metalera|79\/100\n|-damage|p1a: Harvest|0 fnt|[from] item: Rocky Helmet|[of] p2a: Metalera\n|faint|p1a: Harvest\n|\n|win|Arlo Ghost\n|-hitcount|p2a: Metalera|7\n|c|\u2606AjoFC|GG\n|c|\u2606Arlo Ghost|juego\n|c|\u2606Arlo Ghost|set\n|c|\u2606Arlo Ghost|y partido\n|c|\u2606Arlo Ghost|gg\n|l| RARMolina\n|l|\u2606AjoFC\n","uploadtime":1700771648,"views":4,"p1id":"ajofc","p2id":"arloghost","formatid":"gen9nationaldex","rating":0,"private":0,"password":""}