{"id":"gen9nationaldex-1992648083","p1":"SupaSeimen","p2":"MMQZA7","format":"[Gen 9] National Dex","log":"|j|\u2606SupaSeimen\n|j|\u2606MMQZA7\n|t:|1700220088\n|gametype|singles\n|player|p1|SupaSeimen|palmer|1564\n|player|p2|MMQZA7|2|1594\n|teamsize|p1|6\n|teamsize|p2|6\n|gen|9\n|tier|[Gen 9] National Dex\n|rated|\n|rule|HP Percentage Mod: HP is shown in percentages\n|rule|Endless Battle Clause: Forcing endless battles is banned\n|rule|OHKO Clause: OHKO moves are banned\n|rule|Evasion Clause: Evasion abilities, items, and moves are banned\n|rule|Evasion Abilities Clause: Evasion abilities are banned\n|rule|Evasion Items Clause: Evasion items are banned\n|rule|Evasion Moves Clause: Evasion moves are banned\n|rule|Species Clause: Limit one of each Pok\u00e9mon\n|rule|Sleep Clause Mod: Limit one foe put to sleep\n|clearpoke\n|poke|p1|Ninetales-Alola, M|\n|poke|p1|Toxapex, F|\n|poke|p1|Great Tusk|\n|poke|p1|Hoopa-Unbound|\n|poke|p1|Dragonite, F|\n|poke|p1|Volcarona, M|\n|poke|p2|Swellow, M|\n|poke|p2|Lopunny, M|\n|poke|p2|Blaziken, F|\n|poke|p2|Corviknight, M|\n|poke|p2|Clodsire, M|\n|poke|p2|Ogerpon-Wellspring, F|\n|teampreview\n|inactive|Battle timer is ON: inactive players will automatically lose when time's up. (requested by SupaSeimen)\n|\n|t:|1700220107\n|start\n|switch|p1a: Ninetales|Ninetales-Alola, M|100\/100\n|switch|p2a: Swellow|Swellow, M|100\/100\n|-weather|Snow|[from] ability: Snow Warning|[of] p1a: Ninetales\n|turn|1\n|\n|t:|1700220119\n|-terastallize|p2a: Swellow|Normal\n|move|p2a: Swellow|Boomburst|p1a: Ninetales\n|-damage|p1a: Ninetales|0 fnt\n|faint|p1a: Ninetales\n|\n|-weather|Snow|[upkeep]\n|upkeep\n|\n|t:|1700220127\n|switch|p1a: Toxapex|Toxapex, F|100\/100\n|turn|2\n|\n|t:|1700220133\n|switch|p2a: Corviknight|Corviknight, M|100\/100\n|-ability|p2a: Corviknight|Pressure\n|move|p1a: Toxapex|Toxic|p2a: Corviknight\n|-immune|p2a: Corviknight\n|\n|-weather|Snow|[upkeep]\n|upkeep\n|turn|3\n|\n|t:|1700220142\n|move|p2a: Corviknight|U-turn|p1a: Toxapex\n|-resisted|p1a: Toxapex\n|-damage|p1a: Toxapex|95\/100\n|\n|t:|1700220144\n|switch|p2a: Clodsire|Clodsire, M|100\/100|[from] U-turn\n|move|p1a: Toxapex|Scald|p2a: Clodsire\n|-supereffective|p2a: Clodsire\n|-crit|p2a: Clodsire\n|-damage|p2a: Clodsire|72\/100\n|\n|-weather|Snow|[upkeep]\n|-heal|p1a: Toxapex|100\/100|[from] item: Leftovers\n|-heal|p2a: Clodsire|78\/100|[from] item: Leftovers\n|upkeep\n|turn|4\n|\n|t:|1700220158\n|move|p1a: Toxapex|Scald|p2a: Clodsire\n|-supereffective|p2a: Clodsire\n|-damage|p2a: Clodsire|60\/100\n|move|p2a: Clodsire|Stealth Rock|p1a: Toxapex\n|-sidestart|p1: SupaSeimen|move: Stealth Rock\n|\n|-weather|Snow|[upkeep]\n|-heal|p2a: Clodsire|66\/100|[from] item: Leftovers\n|upkeep\n|turn|5\n|\n|t:|1700220167\n|move|p1a: Toxapex|Toxic|p2a: Clodsire\n|-immune|p2a: Clodsire\n|move|p2a: Clodsire|Earthquake|p1a: Toxapex\n|-supereffective|p1a: Toxapex\n|-damage|p1a: Toxapex|54\/100\n|\n|-weather|none\n|-heal|p1a: Toxapex|61\/100|[from] item: Leftovers\n|-heal|p2a: Clodsire|72\/100|[from] item: Leftovers\n|upkeep\n|turn|6\n|\n|t:|1700220178\n|move|p1a: Toxapex|Scald|p2a: Clodsire\n|-supereffective|p2a: Clodsire\n|-damage|p2a: Clodsire|55\/100\n|-status|p2a: Clodsire|brn\n|move|p2a: Clodsire|Earthquake|p1a: Toxapex\n|-supereffective|p1a: Toxapex\n|-damage|p1a: Toxapex|39\/100\n|\n|-heal|p1a: Toxapex|45\/100|[from] item: Leftovers\n|-heal|p2a: Clodsire|61\/100 brn|[from] item: Leftovers\n|-damage|p2a: Clodsire|55\/100 brn|[from] brn\n|upkeep\n|turn|7\n|\n|t:|1700220192\n|switch|p2a: Swellow|Swellow, M, tera:Normal|100\/100\n|move|p1a: Toxapex|Recover|p1a: Toxapex\n|-heal|p1a: Toxapex|95\/100\n|\n|-heal|p1a: Toxapex|100\/100|[from] item: Leftovers\n|upkeep\n|turn|8\n|\n|t:|1700220200\n|switch|p2a: Clodsire|Clodsire, M|55\/100 brn\n|move|p1a: Toxapex|Toxic||[still]\n|-fail|p1a: Toxapex\n|\n|-heal|p2a: Clodsire|61\/100 brn|[from] item: Leftovers\n|-damage|p2a: Clodsire|55\/100 brn|[from] brn\n|upkeep\n|turn|9\n|\n|t:|1700220209\n|move|p1a: Toxapex|Scald|p2a: Clodsire\n|-supereffective|p2a: Clodsire\n|-damage|p2a: Clodsire|36\/100 brn\n|move|p2a: Clodsire|Recover|p2a: Clodsire\n|-heal|p2a: Clodsire|86\/100 brn\n|\n|-heal|p2a: Clodsire|93\/100 brn|[from] item: Leftovers\n|-damage|p2a: Clodsire|86\/100 brn|[from] brn\n|upkeep\n|turn|10\n|\n|t:|1700220220\n|move|p1a: Toxapex|Scald|p2a: Clodsire\n|-supereffective|p2a: Clodsire\n|-damage|p2a: Clodsire|68\/100 brn\n|move|p2a: Clodsire|Earthquake|p1a: Toxapex\n|-supereffective|p1a: Toxapex\n|-damage|p1a: Toxapex|80\/100\n|\n|-heal|p1a: Toxapex|87\/100|[from] item: Leftovers\n|-heal|p2a: Clodsire|74\/100 brn|[from] item: Leftovers\n|-damage|p2a: Clodsire|68\/100 brn|[from] brn\n|upkeep\n|turn|11\n|\n|t:|1700220233\n|switch|p2a: Ogerpon|Ogerpon-Wellspring, F|100\/100\n|move|p1a: Toxapex|Scald|p2a: Ogerpon\n|-immune|p2a: Ogerpon|[from] ability: Water Absorb\n|\n|-heal|p1a: Toxapex|93\/100|[from] item: Leftovers\n|upkeep\n|turn|12\n|\n|t:|1700220243\n|move|p2a: Ogerpon|Taunt|p1a: Toxapex\n|-start|p1a: Toxapex|move: Taunt\n|cant|p1a: Toxapex|move: Taunt|Toxic\n|\n|-heal|p1a: Toxapex|99\/100|[from] item: Leftovers\n|upkeep\n|turn|13\n|\n|t:|1700220253\n|switch|p1a: Dragonite|Dragonite, F|100\/100\n|move|p2a: Ogerpon|Ivy Cudgel|p1a: Dragonite|[anim] Ivy Cudgel Water\n|-resisted|p1a: Dragonite\n|-damage|p1a: Dragonite|86\/100\n|\n|upkeep\n|turn|14\n|\n|t:|1700220260\n|move|p2a: Ogerpon|Taunt|p1a: Dragonite\n|-start|p1a: Dragonite|move: Taunt\n|cant|p1a: Dragonite|move: Taunt|Curse\n|\n|upkeep\n|turn|15\n|j| Jinbishanshanshan\n|\n|t:|1700220267\n|move|p2a: Ogerpon|U-turn|p1a: Dragonite\n|-resisted|p1a: Dragonite\n|-damage|p1a: Dragonite|73\/100\n|\n|t:|1700220279\n|switch|p2a: Corviknight|Corviknight, M|100\/100|[from] U-turn\n|-ability|p2a: Corviknight|Pressure\n|move|p1a: Dragonite|Dual Wingbeat|p2a: Corviknight\n|-resisted|p2a: Corviknight\n|-damage|p2a: Corviknight|94\/100\n|-damage|p1a: Dragonite|56\/100|[from] item: Rocky Helmet|[of] p2a: Corviknight\n|-resisted|p2a: Corviknight\n|-damage|p2a: Corviknight|89\/100\n|-damage|p1a: Dragonite|40\/100|[from] item: Rocky Helmet|[of] p2a: Corviknight\n|-hitcount|p2a: Corviknight|2\n|\n|upkeep\n|turn|16\n|\n|t:|1700220293\n|move|p1a: Dragonite|Extreme Speed|p2a: Corviknight\n|-resisted|p2a: Corviknight\n|-damage|p2a: Corviknight|82\/100\n|-damage|p1a: Dragonite|23\/100|[from] item: Rocky Helmet|[of] p2a: Corviknight\n|move|p2a: Corviknight|U-turn|p1a: Dragonite\n|-resisted|p1a: Dragonite\n|-damage|p1a: Dragonite|16\/100\n|l| Jinbishanshanshan\n|\n|t:|1700220308\n|switch|p2a: Lopunny|Lopunny, M|100\/100|[from] U-turn\n|\n|-end|p1a: Dragonite|move: Taunt\n|upkeep\n|turn|17\n|\n|t:|1700220321\n|switch|p1a: Great Tusk|Great Tusk|100\/100\n|-damage|p1a: Great Tusk|98\/100|[from] Stealth Rock\n|detailschange|p2a: Lopunny|Lopunny-Mega, M\n|-mega|p2a: Lopunny|Lopunny|Lopunnite\n|move|p2a: Lopunny|Fake Out|p1a: Great Tusk\n|-damage|p1a: Great Tusk|87\/100\n|\n|-heal|p1a: Great Tusk|93\/100|[from] item: Leftovers\n|upkeep\n|turn|18\n|\n|t:|1700220350\n|move|p2a: Lopunny|U-turn|p1a: Great Tusk\n|-resisted|p1a: Great Tusk\n|-damage|p1a: Great Tusk|88\/100\n|\n|t:|1700220352\n|switch|p2a: Corviknight|Corviknight, M|82\/100|[from] U-turn\n|-ability|p2a: Corviknight|Pressure\n|move|p1a: Great Tusk|Rapid Spin|p2a: Corviknight\n|-resisted|p2a: Corviknight\n|-damage|p2a: Corviknight|78\/100\n|-boost|p1a: Great Tusk|spe|1\n|-damage|p1a: Great Tusk|71\/100|[from] item: Rocky Helmet|[of] p2a: Corviknight\n|-sideend|p1: SupaSeimen|Stealth Rock|[from] move: Rapid Spin|[of] p1a: Great Tusk\n|\n|-heal|p1a: Great Tusk|77\/100|[from] item: Leftovers\n|upkeep\n|turn|19\n|\n|t:|1700220372\n|move|p1a: Great Tusk|Knock Off|p2a: Corviknight\n|-damage|p2a: Corviknight|61\/100\n|-damage|p1a: Great Tusk|61\/100|[from] item: Rocky Helmet|[of] p2a: Corviknight\n|-enditem|p2a: Corviknight|Rocky Helmet|[from] move: Knock Off|[of] p1a: Great Tusk\n|move|p2a: Corviknight|Iron Defense|p2a: Corviknight\n|-boost|p2a: Corviknight|def|2\n|\n|-heal|p1a: Great Tusk|67\/100|[from] item: Leftovers\n|upkeep\n|turn|20\n|\n|t:|1700220383\n|-end|p1a: Great Tusk|Protosynthesis|[silent]\n|switch|p1a: Dragonite|Dragonite, F|16\/100\n|move|p2a: Corviknight|U-turn|p1a: Dragonite\n|-resisted|p1a: Dragonite\n|-damage|p1a: Dragonite|10\/100\n|\n|t:|1700220397\n|switch|p2a: Ogerpon|Ogerpon-Wellspring, F|100\/100|[from] U-turn\n|\n|upkeep\n|turn|21\n|\n|t:|1700220407\n|move|p2a: Ogerpon|U-turn|p1a: Dragonite\n|-resisted|p1a: Dragonite\n|-damage|p1a: Dragonite|0 fnt\n|faint|p1a: Dragonite\n|\n|t:|1700220415\n|switch|p2a: Lopunny|Lopunny-Mega, M|100\/100|[from] U-turn\n|\n|upkeep\n|\n|t:|1700220423\n|switch|p1a: Toxapex|Toxapex, F|100\/100\n|turn|22\n|\n|t:|1700220428\n|move|p2a: Lopunny|Fake Out|p1a: Toxapex\n|-damage|p1a: Toxapex|82\/100\n|cant|p1a: Toxapex|flinch\n|\n|-heal|p1a: Toxapex|88\/100|[from] item: Leftovers\n|upkeep\n|turn|23\n|\n|t:|1700220435\n|switch|p2a: Clodsire|Clodsire, M|68\/100 brn\n|move|p1a: Toxapex|Scald|p2a: Clodsire\n|-supereffective|p2a: Clodsire\n|-damage|p2a: Clodsire|51\/100 brn\n|\n|-heal|p1a: Toxapex|94\/100|[from] item: Leftovers\n|-heal|p2a: Clodsire|57\/100 brn|[from] item: Leftovers\n|-damage|p2a: Clodsire|51\/100 brn|[from] brn\n|upkeep\n|turn|24\n|\n|t:|1700220447\n|move|p1a: Toxapex|Scald|p2a: Clodsire\n|-supereffective|p2a: Clodsire\n|-damage|p2a: Clodsire|33\/100 brn\n|move|p2a: Clodsire|Recover|p2a: Clodsire\n|-heal|p2a: Clodsire|83\/100 brn\n|\n|-heal|p1a: Toxapex|100\/100|[from] item: Leftovers\n|-heal|p2a: Clodsire|90\/100 brn|[from] item: Leftovers\n|-damage|p2a: Clodsire|83\/100 brn|[from] brn\n|upkeep\n|turn|25\n|\n|t:|1700220460\n|move|p1a: Toxapex|Scald|p2a: Clodsire\n|-supereffective|p2a: Clodsire\n|-damage|p2a: Clodsire|66\/100 brn\n|move|p2a: Clodsire|Stealth Rock|p1a: Toxapex\n|-sidestart|p1: SupaSeimen|move: Stealth Rock\n|\n|-heal|p2a: Clodsire|72\/100 brn|[from] item: Leftovers\n|-damage|p2a: Clodsire|66\/100 brn|[from] brn\n|upkeep\n|turn|26\n|\n|t:|1700220469\n|switch|p2a: Ogerpon|Ogerpon-Wellspring, F|100\/100\n|move|p1a: Toxapex|Scald|p2a: Ogerpon\n|-immune|p2a: Ogerpon|[from] ability: Water Absorb\n|\n|upkeep\n|turn|27\n|\n|t:|1700220479\n|switch|p1a: Hoopa|Hoopa-Unbound|100\/100\n|-damage|p1a: Hoopa|88\/100|[from] Stealth Rock\n|move|p2a: Ogerpon|U-turn|p1a: Hoopa\n|-supereffective|p1a: Hoopa\n|-damage|p1a: Hoopa|0 fnt\n|faint|p1a: Hoopa\n|\n|t:|1700220486\n|switch|p2a: Swellow|Swellow, M, tera:Normal|100\/100|[from] U-turn\n|\n|upkeep\n|-message|SupaSeimen forfeited.\n|\n|win|MMQZA7\n|raw|SupaSeimen's rating: 1564 &rarr; <strong>1546<\/strong><br \/>(-18 for losing)\n|raw|MMQZA7's rating: 1594 &rarr; <strong>1612<\/strong><br \/>(+18 for winning)\n|l|\u2606SupaSeimen\n","uploadtime":1700220496,"views":7,"p1id":"supaseimen","p2id":"mmqza7","formatid":"gen9nationaldex","rating":1546,"private":0,"password":""}