{"id":"gen9nationaldex-1993170005","p1":"big gunker","p2":"chacharealsmooth","format":"[Gen 9] National Dex","log":"|j|\u2606big gunker\n|j|\u2606chacharealsmooth\n|t:|1700273308\n|gametype|singles\n|player|p1|big gunker|swimmer-gen4|\n|player|p2|chacharealsmooth|roxanne|\n|teamsize|p1|6\n|teamsize|p2|6\n|gen|9\n|tier|[Gen 9] National Dex\n|rule|HP Percentage Mod: HP is shown in percentages\n|rule|Endless Battle Clause: Forcing endless battles is banned\n|rule|OHKO Clause: OHKO moves are banned\n|rule|Evasion Clause: Evasion abilities, items, and moves are banned\n|rule|Evasion Abilities Clause: Evasion abilities are banned\n|rule|Evasion Items Clause: Evasion items are banned\n|rule|Evasion Moves Clause: Evasion moves are banned\n|rule|Species Clause: Limit one of each Pok\u00e9mon\n|rule|Sleep Clause Mod: Limit one foe put to sleep\n|clearpoke\n|poke|p1|Kabutops, M|\n|poke|p1|Electrode-Hisui|\n|poke|p1|Parasect, M|\n|poke|p1|Metang|\n|poke|p1|Gligar, F|\n|poke|p1|Centiskorch, M|\n|poke|p2|Runerigus, F|\n|poke|p2|Gardevoir, M|\n|poke|p2|Galvantula, F|\n|poke|p2|Flapple, F|\n|poke|p2|Regigigas|\n|poke|p2|Primeape, F|\n|teampreview\n|\n|t:|1700273324\n|start\n|switch|p1a: BALL SO HARD|Electrode-Hisui, shiny|100\/100\n|switch|p2a: uncle punch|Primeape, F, shiny|100\/100\n|turn|1\n|\n|t:|1700273333\n|move|p1a: BALL SO HARD|Volt Switch|p2a: uncle punch\n|-crit|p2a: uncle punch\n|-damage|p2a: uncle punch|50\/100\n|c|\u2606chacharealsmooth|good start\n|\n|t:|1700273349\n|switch|p1a: the grinch|Kabutops, M, shiny|100\/100|[from] Volt Switch\n|move|p2a: uncle punch|Stealth Rock|p1a: the grinch\n|-sidestart|p1: big gunker|move: Stealth Rock\n|\n|upkeep\n|turn|2\n|j| Pyos\n|\n|t:|1700273396\n|move|p1a: the grinch|Flip Turn|p2a: uncle punch\n|-damage|p2a: uncle punch|5\/100\n|\n|t:|1700273405\n|switch|p1a: galigula|Gligar, F, shiny|100\/100|[from] Flip Turn\n|-damage|p1a: galigula|88\/100|[from] Stealth Rock\n|move|p2a: uncle punch|Close Combat|p1a: galigula\n|-resisted|p1a: galigula\n|-damage|p1a: galigula|71\/100\n|-unboost|p2a: uncle punch|def|1\n|-unboost|p2a: uncle punch|spd|1\n|-damage|p2a: uncle punch|0 fnt|[from] item: Rocky Helmet|[of] p1a: galigula\n|faint|p2a: uncle punch\n|\n|upkeep\n|c|\u2606chacharealsmooth|thonk\n|c|\u2606chacharealsmooth|scarf?\n|c|\u2606chacharealsmooth|why am I realizing this in g2\n|c|\u2606big gunker|yar\n|\n|t:|1700273486\n|switch|p2a: ghost in the slab|Runerigus, F, shiny|100\/100\n|turn|3\n|\n|t:|1700273504\n|move|p1a: galigula|Toxic Spikes|p2a: ghost in the slab\n|-sidestart|p2: chacharealsmooth|move: Toxic Spikes\n|move|p2a: ghost in the slab|Toxic Spikes|p1a: galigula\n|-sidestart|p1: big gunker|move: Toxic Spikes\n|\n|upkeep\n|turn|4\n|\n|t:|1700273514\n|move|p1a: galigula|Defog|p2a: ghost in the slab\n|-unboost|p2a: ghost in the slab|evasion|1\n|-sideend|p2: chacharealsmooth|Toxic Spikes|[from] move: Defog|[of] p1a: galigula\n|-sideend|p1: big gunker|Toxic Spikes|[from] move: Defog|[of] p1a: galigula\n|-sideend|p1: big gunker|Stealth Rock|[from] move: Defog|[of] p1a: galigula\n|move|p2a: ghost in the slab|Toxic Spikes|p1a: galigula\n|-sidestart|p1: big gunker|move: Toxic Spikes\n|\n|upkeep\n|turn|5\n|\n|t:|1700273524\n|move|p1a: galigula|Toxic Spikes|p2a: ghost in the slab\n|-sidestart|p2: chacharealsmooth|move: Toxic Spikes\n|move|p2a: ghost in the slab|Will-O-Wisp|p1a: galigula\n|-status|p1a: galigula|brn\n|\n|-damage|p1a: galigula|65\/100 brn|[from] brn\n|upkeep\n|turn|6\n|\n|t:|1700273531\n|move|p1a: galigula|Defog|p2a: ghost in the slab\n|-unboost|p2a: ghost in the slab|evasion|1\n|-sideend|p2: chacharealsmooth|Toxic Spikes|[from] move: Defog|[of] p1a: galigula\n|-sideend|p1: big gunker|Toxic Spikes|[from] move: Defog|[of] p1a: galigula\n|move|p2a: ghost in the slab|Toxic Spikes|p1a: galigula\n|-sidestart|p1: big gunker|move: Toxic Spikes\n|\n|-damage|p1a: galigula|59\/100 brn|[from] brn\n|upkeep\n|turn|7\n|\n|t:|1700273542\n|move|p1a: galigula|Defog|p2a: ghost in the slab\n|-unboost|p2a: ghost in the slab|evasion|1\n|-sideend|p1: big gunker|Toxic Spikes|[from] move: Defog|[of] p1a: galigula\n|move|p2a: ghost in the slab|Toxic Spikes|p1a: galigula\n|-sidestart|p1: big gunker|move: Toxic Spikes\n|\n|-damage|p1a: galigula|53\/100 brn|[from] brn\n|upkeep\n|turn|8\n|\n|t:|1700273548\n|move|p1a: galigula|Roost|p1a: galigula\n|-heal|p1a: galigula|100\/100 brn\n|-singleturn|p1a: galigula|move: Roost\n|move|p2a: ghost in the slab|Toxic Spikes|p1a: galigula\n|-sidestart|p1: big gunker|move: Toxic Spikes\n|\n|-damage|p1a: galigula|95\/100 brn|[from] brn\n|upkeep\n|turn|9\n|\n|t:|1700273570\n|switch|p2a: gender construct|Gardevoir, M, shiny|100\/100\n|-ability|p2a: gender construct|Hyper Cutter|[from] ability: Trace|[of] p1a: galigula\n|move|p1a: galigula|Defog|p2a: gender construct\n|-unboost|p2a: gender construct|evasion|1\n|-sideend|p1: big gunker|Toxic Spikes|[from] move: Defog|[of] p1a: galigula\n|\n|-damage|p1a: galigula|89\/100 brn|[from] brn\n|upkeep\n|turn|10\n|\n|t:|1700273580\n|switch|p1a: 50centipede|Centiskorch, M|100\/100\n|move|p2a: gender construct|Moonblast|p1a: 50centipede\n|-resisted|p1a: 50centipede\n|-damage|p1a: 50centipede|69\/100\n|-unboost|p1a: 50centipede|spa|1\n|\n|upkeep\n|turn|11\n|\n|t:|1700273641\n|move|p2a: gender construct|Moonblast|p1a: 50centipede\n|-resisted|p1a: 50centipede\n|-damage|p1a: 50centipede|36\/100\n|move|p1a: 50centipede|Fire Lash|p2a: gender construct\n|-damage|p2a: gender construct|24\/100\n|-unboost|p2a: gender construct|def|1\n|\n|upkeep\n|turn|12\n|\n|t:|1700273660\n|switch|p2a: ghost in the slab|Runerigus, F, shiny|100\/100\n|move|p1a: 50centipede|Leech Life|p2a: ghost in the slab\n|-resisted|p2a: ghost in the slab\n|-damage|p2a: ghost in the slab|87\/100\n|-heal|p1a: 50centipede|43\/100|[from] drain|[of] p2a: ghost in the slab\n|-activate|p2a: ghost in the slab|ability: Wandering Spirit|Flame Body|Wandering Spirit|[of] p1a: 50centipede\n|\n|-heal|p2a: ghost in the slab|93\/100|[from] item: Leftovers\n|upkeep\n|turn|13\n|\n|t:|1700273671\n|switch|p1a: SPOROILER ALERT|Parasect, M, shiny|100\/100\n|move|p2a: ghost in the slab|Toxic Spikes|p1a: SPOROILER ALERT\n|-sidestart|p1: big gunker|move: Toxic Spikes\n|\n|-heal|p2a: ghost in the slab|99\/100|[from] item: Leftovers\n|upkeep\n|turn|14\n|\n|t:|1700273687\n|switch|p2a: the juice|Flapple, F, shiny|100\/100\n|move|p1a: SPOROILER ALERT|Toxic|p2a: the juice\n|-status|p2a: the juice|tox\n|\n|-damage|p2a: the juice|94\/100 tox|[from] psn\n|upkeep\n|turn|15\n|\n|t:|1700273712\n|move|p2a: the juice|Outrage|p1a: SPOROILER ALERT\n|-damage|p1a: SPOROILER ALERT|1\/100\n|-damage|p2a: the juice|84\/100 tox|[from] item: Life Orb\n|move|p1a: SPOROILER ALERT|Knock Off|p2a: the juice\n|-damage|p2a: the juice|55\/100 tox\n|-enditem|p2a: the juice|Life Orb|[from] move: Knock Off|[of] p1a: SPOROILER ALERT\n|\n|-damage|p2a: the juice|43\/100 tox|[from] psn\n|upkeep\n|turn|16\n|c|\u2606chacharealsmooth|based\n|\n|t:|1700273725\n|move|p1a: SPOROILER ALERT|Protect|p1a: SPOROILER ALERT\n|-singleturn|p1a: SPOROILER ALERT|Protect\n|move|p2a: the juice|Outrage|p1a: SPOROILER ALERT|[from]lockedmove\n|-activate|p1a: SPOROILER ALERT|move: Protect\n|\n|-damage|p2a: the juice|25\/100 tox|[from] psn\n|upkeep\n|turn|17\n|\n|t:|1700273774\n|switch|p1a: mestank|Metang|100\/100\n|move|p2a: the juice|Outrage|p1a: mestank\n|-resisted|p1a: mestank\n|-damage|p1a: mestank|67\/100\n|\n|-heal|p1a: mestank|73\/100|[from] item: Leftovers\n|-damage|p2a: the juice|0 fnt|[from] psn\n|faint|p2a: the juice\n|upkeep\n|c|\u2606big gunker|thank u\n|c|\u2606chacharealsmooth|yw\n|\n|t:|1700273822\n|switch|p2a: ghost in the slab|Runerigus, F, shiny|99\/100\n|turn|18\n|\n|t:|1700273835\n|switch|p1a: galigula|Gligar, F, shiny|89\/100 brn\n|switch|p2a: gender construct|Gardevoir, M, shiny|24\/100\n|-ability|p2a: gender construct|Hyper Cutter|[from] ability: Trace|[of] p1a: galigula\n|\n|-damage|p1a: galigula|83\/100 brn|[from] brn\n|upkeep\n|turn|19\n|\n|t:|1700273847\n|switch|p1a: mestank|Metang|73\/100\n|move|p2a: gender construct|Moonblast|p1a: mestank\n|-resisted|p1a: mestank\n|-damage|p1a: mestank|25\/100\n|\n|-heal|p1a: mestank|31\/100|[from] item: Leftovers\n|upkeep\n|turn|20\n|c|\u2606chacharealsmooth|does he have bp tho\n|c|\u2606chacharealsmooth|toxic protect knock offf?\n|c|\u2606chacharealsmooth|mm\n|c|\u2606big gunker|;)\n|\n|t:|1700273873\n|move|p1a: mestank|Protect|p1a: mestank\n|-singleturn|p1a: mestank|Protect\n|move|p2a: gender construct|Moonblast|p1a: mestank\n|-activate|p1a: mestank|move: Protect\n|\n|-heal|p1a: mestank|37\/100|[from] item: Leftovers\n|upkeep\n|turn|21\n|\n|t:|1700273880\n|move|p1a: mestank|Bullet Punch|p2a: gender construct\n|-supereffective|p2a: gender construct\n|-crit|p2a: gender construct\n|-damage|p2a: gender construct|0 fnt\n|faint|p2a: gender construct\n|\n|-heal|p1a: mestank|43\/100|[from] item: Leftovers\n|upkeep\n|c|\u2606chacharealsmooth|I halucinated knock offf gg\n|c|\u2606chacharealsmooth|actually game tho\n|\n|t:|1700273919\n|switch|p2a: hairy legs are in|Galvantula, F, shiny|100\/100\n|turn|22\n|\n|t:|1700273925\n|switch|p1a: galigula|Gligar, F, shiny|83\/100 brn\n|move|p2a: hairy legs are in|Bug Buzz|p1a: galigula\n|-resisted|p1a: galigula\n|-damage|p1a: galigula|51\/100 brn\n|\n|-damage|p1a: galigula|45\/100 brn|[from] brn\n|upkeep\n|turn|23\n|\n|t:|1700273933\n|move|p2a: hairy legs are in|Bug Buzz|p1a: galigula\n|-resisted|p1a: galigula\n|-damage|p1a: galigula|17\/100 brn\n|-unboost|p1a: galigula|spd|1\n|move|p1a: galigula|Defog|p2a: hairy legs are in\n|-unboost|p2a: hairy legs are in|evasion|1\n|-sideend|p1: big gunker|Toxic Spikes|[from] move: Defog|[of] p1a: galigula\n|\n|-damage|p1a: galigula|11\/100 brn|[from] brn\n|upkeep\n|turn|24\n|\n|t:|1700273948\n|switch|p1a: BALL SO HARD|Electrode-Hisui, shiny|100\/100\n|move|p2a: hairy legs are in|Bug Buzz|p1a: BALL SO HARD\n|-immune|p1a: BALL SO HARD|[from] ability: Soundproof\n|\n|upkeep\n|turn|25\n|\n|t:|1700274021\n|switch|p2a: disappointing son|Regigigas, shiny|100\/100\n|-start|p2a: disappointing son|ability: Slow Start\n|move|p1a: BALL SO HARD|Substitute|p1a: BALL SO HARD\n|-start|p1a: BALL SO HARD|Substitute\n|-damage|p1a: BALL SO HARD|76\/100\n|\n|-heal|p1a: BALL SO HARD|82\/100|[from] item: Leftovers\n|upkeep\n|turn|26\n|\n|t:|1700274030\n|move|p1a: BALL SO HARD|Leech Seed|p2a: disappointing son\n|-start|p2a: disappointing son|move: Leech Seed\n|move|p2a: disappointing son|Headbutt|p1a: BALL SO HARD\n|-end|p1a: BALL SO HARD|Substitute\n|\n|-heal|p1a: BALL SO HARD|88\/100|[from] item: Leftovers\n|-damage|p2a: disappointing son|88\/100|[from] Leech Seed|[of] p1a: BALL SO HARD\n|-heal|p1a: BALL SO HARD|100\/100|[silent]\n|upkeep\n|turn|27\n|\n|t:|1700274057\n|move|p1a: BALL SO HARD|Substitute|p1a: BALL SO HARD\n|-start|p1a: BALL SO HARD|Substitute\n|-damage|p1a: BALL SO HARD|76\/100\n|move|p2a: disappointing son|Headbutt|p1a: BALL SO HARD\n|-end|p1a: BALL SO HARD|Substitute\n|\n|-heal|p1a: BALL SO HARD|82\/100|[from] item: Leftovers\n|-heal|p2a: disappointing son|94\/100|[from] item: Leftovers\n|-damage|p2a: disappointing son|82\/100|[from] Leech Seed|[of] p1a: BALL SO HARD\n|-heal|p1a: BALL SO HARD|100\/100|[silent]\n|upkeep\n|turn|28\n|\n|t:|1700274071\n|move|p1a: BALL SO HARD|Substitute|p1a: BALL SO HARD\n|-start|p1a: BALL SO HARD|Substitute\n|-damage|p1a: BALL SO HARD|76\/100\n|move|p2a: disappointing son|Headbutt|p1a: BALL SO HARD\n|-end|p1a: BALL SO HARD|Substitute\n|\n|-heal|p1a: BALL SO HARD|82\/100|[from] item: Leftovers\n|-heal|p2a: disappointing son|88\/100|[from] item: Leftovers\n|-damage|p2a: disappointing son|75\/100|[from] Leech Seed|[of] p1a: BALL SO HARD\n|-heal|p1a: BALL SO HARD|100\/100|[silent]\n|upkeep\n|turn|29\n|\n|t:|1700274080\n|move|p1a: BALL SO HARD|Substitute|p1a: BALL SO HARD\n|-start|p1a: BALL SO HARD|Substitute\n|-damage|p1a: BALL SO HARD|76\/100\n|move|p2a: disappointing son|Headbutt|p1a: BALL SO HARD\n|-end|p1a: BALL SO HARD|Substitute\n|\n|-heal|p1a: BALL SO HARD|82\/100|[from] item: Leftovers\n|-heal|p2a: disappointing son|81\/100|[from] item: Leftovers\n|-damage|p2a: disappointing son|69\/100|[from] Leech Seed|[of] p1a: BALL SO HARD\n|-heal|p1a: BALL SO HARD|100\/100|[silent]\n|-end|p2a: disappointing son|Slow Start\n|upkeep\n|turn|30\n|\n|t:|1700274102\n|move|p1a: BALL SO HARD|Substitute|p1a: BALL SO HARD\n|-start|p1a: BALL SO HARD|Substitute\n|-damage|p1a: BALL SO HARD|76\/100\n|move|p2a: disappointing son|Drain Punch|p1a: BALL SO HARD\n|-end|p1a: BALL SO HARD|Substitute\n|-heal|p2a: disappointing son|77\/100|[from] drain|[of] p1a: BALL SO HARD\n|\n|-heal|p1a: BALL SO HARD|82\/100|[from] item: Leftovers\n|-heal|p2a: disappointing son|83\/100|[from] item: Leftovers\n|-damage|p2a: disappointing son|70\/100|[from] Leech Seed|[of] p1a: BALL SO HARD\n|-heal|p1a: BALL SO HARD|100\/100|[silent]\n|upkeep\n|turn|31\n|\n|t:|1700274114\n|move|p1a: BALL SO HARD|Substitute|p1a: BALL SO HARD\n|-start|p1a: BALL SO HARD|Substitute\n|-damage|p1a: BALL SO HARD|76\/100\n|move|p2a: disappointing son|Drain Punch|p1a: BALL SO HARD\n|-end|p1a: BALL SO HARD|Substitute\n|-heal|p2a: disappointing son|78\/100|[from] drain|[of] p1a: BALL SO HARD\n|\n|-heal|p1a: BALL SO HARD|82\/100|[from] item: Leftovers\n|-heal|p2a: disappointing son|84\/100|[from] item: Leftovers\n|-damage|p2a: disappointing son|72\/100|[from] Leech Seed|[of] p1a: BALL SO HARD\n|-heal|p1a: BALL SO HARD|100\/100|[silent]\n|upkeep\n|turn|32\n|\n|t:|1700274129\n|move|p1a: BALL SO HARD|Substitute|p1a: BALL SO HARD\n|-start|p1a: BALL SO HARD|Substitute\n|-damage|p1a: BALL SO HARD|76\/100\n|move|p2a: disappointing son|Drain Punch|p1a: BALL SO HARD\n|-end|p1a: BALL SO HARD|Substitute\n|-heal|p2a: disappointing son|80\/100|[from] drain|[of] p1a: BALL SO HARD\n|\n|-heal|p1a: BALL SO HARD|82\/100|[from] item: Leftovers\n|-heal|p2a: disappointing son|86\/100|[from] item: Leftovers\n|-damage|p2a: disappointing son|73\/100|[from] Leech Seed|[of] p1a: BALL SO HARD\n|-heal|p1a: BALL SO HARD|100\/100|[silent]\n|upkeep\n|turn|33\n|\n|t:|1700274155\n|move|p1a: BALL SO HARD|Substitute|p1a: BALL SO HARD\n|-start|p1a: BALL SO HARD|Substitute\n|-damage|p1a: BALL SO HARD|76\/100\n|move|p2a: disappointing son|Drain Punch|p1a: BALL SO HARD\n|-end|p1a: BALL SO HARD|Substitute\n|-heal|p2a: disappointing son|81\/100|[from] drain|[of] p1a: BALL SO HARD\n|\n|-heal|p1a: BALL SO HARD|82\/100|[from] item: Leftovers\n|-heal|p2a: disappointing son|87\/100|[from] item: Leftovers\n|-damage|p2a: disappointing son|75\/100|[from] Leech Seed|[of] p1a: BALL SO HARD\n|-heal|p1a: BALL SO HARD|100\/100|[silent]\n|upkeep\n|turn|34\n|\n|t:|1700274168\n|move|p1a: BALL SO HARD|Substitute|p1a: BALL SO HARD\n|-start|p1a: BALL SO HARD|Substitute\n|-damage|p1a: BALL SO HARD|76\/100\n|move|p2a: disappointing son|Drain Punch|p1a: BALL SO HARD\n|-end|p1a: BALL SO HARD|Substitute\n|-heal|p2a: disappointing son|82\/100|[from] drain|[of] p1a: BALL SO HARD\n|\n|-heal|p1a: BALL SO HARD|82\/100|[from] item: Leftovers\n|-heal|p2a: disappointing son|88\/100|[from] item: Leftovers\n|-damage|p2a: disappointing son|76\/100|[from] Leech Seed|[of] p1a: BALL SO HARD\n|-heal|p1a: BALL SO HARD|100\/100|[silent]\n|upkeep\n|turn|35\n|\n|t:|1700274179\n|move|p1a: BALL SO HARD|Volt Switch|p2a: disappointing son\n|-damage|p2a: disappointing son|60\/100\n|\n|t:|1700274185\n|switch|p1a: SPOROILER ALERT|Parasect, M, shiny|1\/100|[from] Volt Switch\n|move|p2a: disappointing son|Drain Punch|p1a: SPOROILER ALERT\n|-resisted|p1a: SPOROILER ALERT\n|-damage|p1a: SPOROILER ALERT|0 fnt\n|-heal|p2a: disappointing son|61\/100|[from] drain|[of] p1a: SPOROILER ALERT\n|-status|p2a: disappointing son|slp|[from] ability: Effect Spore|[of] p1a: SPOROILER ALERT\n|faint|p1a: SPOROILER ALERT\n|\n|-heal|p2a: disappointing son|67\/100 slp|[from] item: Leftovers\n|upkeep\n|\n|t:|1700274196\n|switch|p1a: galigula|Gligar, F, shiny|11\/100 brn\n|turn|36\n|c|\u2606chacharealsmooth|lollllllllll\n|\n|t:|1700274208\n|cant|p2a: disappointing son|slp\n|move|p1a: galigula|Roost|p1a: galigula\n|-heal|p1a: galigula|61\/100 brn\n|-singleturn|p1a: galigula|move: Roost\n|\n|-heal|p2a: disappointing son|73\/100 slp|[from] item: Leftovers\n|-damage|p2a: disappointing son|60\/100 slp|[from] Leech Seed|[of] p1a: galigula\n|-heal|p1a: galigula|77\/100 brn|[silent]\n|-damage|p1a: galigula|71\/100 brn|[from] brn\n|upkeep\n|turn|37\n|c|\u2606chacharealsmooth|noooooooo\n|\n|t:|1700274217\n|cant|p2a: disappointing son|slp\n|move|p1a: galigula|Toxic Spikes|p2a: disappointing son\n|-sidestart|p2: chacharealsmooth|move: Toxic Spikes\n|\n|-heal|p2a: disappointing son|67\/100 slp|[from] item: Leftovers\n|-damage|p2a: disappointing son|54\/100 slp|[from] Leech Seed|[of] p1a: galigula\n|-heal|p1a: galigula|86\/100 brn|[silent]\n|-damage|p1a: galigula|80\/100 brn|[from] brn\n|upkeep\n|turn|38\n|c|\u2606chacharealsmooth|appropriate naaaaame\n|\n|t:|1700274226\n|cant|p2a: disappointing son|slp\n|move|p1a: galigula|Toxic Spikes|p2a: disappointing son\n|-sidestart|p2: chacharealsmooth|move: Toxic Spikes\n|\n|-heal|p2a: disappointing son|60\/100 slp|[from] item: Leftovers\n|-damage|p2a: disappointing son|48\/100 slp|[from] Leech Seed|[of] p1a: galigula\n|-heal|p1a: galigula|96\/100 brn|[silent]\n|-damage|p1a: galigula|90\/100 brn|[from] brn\n|upkeep\n|turn|39\n|\n|t:|1700274233\n|-curestatus|p2a: disappointing son|slp|[msg]\n|move|p2a: disappointing son|Headbutt|p1a: galigula\n|-damage|p1a: galigula|64\/100 brn\n|-damage|p2a: disappointing son|31\/100|[from] item: Rocky Helmet|[of] p1a: galigula\n|cant|p1a: galigula|flinch\n|\n|-heal|p2a: disappointing son|37\/100|[from] item: Leftovers\n|-damage|p2a: disappointing son|25\/100|[from] Leech Seed|[of] p1a: galigula\n|-heal|p1a: galigula|80\/100 brn|[silent]\n|-damage|p1a: galigula|74\/100 brn|[from] brn\n|upkeep\n|turn|40\n|c|\u2606chacharealsmooth|brooooo wake uuuuuuup\n|\n|t:|1700274245\n|move|p2a: disappointing son|Headbutt|p1a: galigula\n|-damage|p1a: galigula|49\/100 brn\n|-damage|p2a: disappointing son|8\/100|[from] item: Rocky Helmet|[of] p1a: galigula\n|move|p1a: galigula|Counter|p2a: disappointing son\n|-damage|p2a: disappointing son|0 fnt\n|faint|p2a: disappointing son\n|-end|p2a: disappointing son|Slow Start|[silent]\n|\n|-damage|p1a: galigula|43\/100 brn|[from] brn\n|upkeep\n|\n|t:|1700274255\n|switch|p2a: hairy legs are in|Galvantula, F, shiny|100\/100\n|turn|41\n|\n|t:|1700274259\n|move|p2a: hairy legs are in|Bug Buzz|p1a: galigula\n|-resisted|p1a: galigula\n|-damage|p1a: galigula|13\/100 brn\n|move|p1a: galigula|Roost|p1a: galigula\n|-heal|p1a: galigula|63\/100 brn\n|-singleturn|p1a: galigula|move: Roost\n|\n|-damage|p1a: galigula|57\/100 brn|[from] brn\n|upkeep\n|turn|42\n|c|\u2606chacharealsmooth|f man\n|j| NotAnHacker\n|c|\u2606chacharealsmooth|the comeback\n|\n|t:|1700274279\n|move|p2a: hairy legs are in|Bug Buzz|p1a: galigula\n|-resisted|p1a: galigula\n|-damage|p1a: galigula|27\/100 brn\n|move|p1a: galigula|Roost|p1a: galigula\n|-heal|p1a: galigula|77\/100 brn\n|-singleturn|p1a: galigula|move: Roost\n|\n|-damage|p1a: galigula|71\/100 brn|[from] brn\n|upkeep\n|turn|43\n|\n|t:|1700274288\n|move|p2a: hairy legs are in|Bug Buzz|p1a: galigula\n|-resisted|p1a: galigula\n|-damage|p1a: galigula|38\/100 brn\n|move|p1a: galigula|Roost|p1a: galigula\n|-heal|p1a: galigula|88\/100 brn\n|-singleturn|p1a: galigula|move: Roost\n|\n|-damage|p1a: galigula|82\/100 brn|[from] brn\n|upkeep\n|turn|44\n|\n|t:|1700274302\n|switch|p1a: BALL SO HARD|Electrode-Hisui, shiny|100\/100\n|move|p2a: hairy legs are in|Bug Buzz|p1a: BALL SO HARD\n|-immune|p1a: BALL SO HARD|[from] ability: Soundproof\n|\n|upkeep\n|turn|45\n|\n|t:|1700274311\n|move|p1a: BALL SO HARD|Leech Seed|p2a: hairy legs are in\n|-start|p2a: hairy legs are in|move: Leech Seed\n|move|p2a: hairy legs are in|Thunder|p1a: BALL SO HARD\n|-resisted|p1a: BALL SO HARD\n|-damage|p1a: BALL SO HARD|84\/100\n|\n|-heal|p1a: BALL SO HARD|90\/100|[from] item: Leftovers\n|-damage|p2a: hairy legs are in|88\/100|[from] Leech Seed|[of] p1a: BALL SO HARD\n|-heal|p1a: BALL SO HARD|100\/100|[silent]\n|upkeep\n|turn|46\n|c|\u2606chacharealsmooth|can I resign here and we say electrode got these 2 kills\n|c|\u2606big gunker|yes\n|-message|chacharealsmooth forfeited.\n|\n|win|big gunker\n|c|\u2606big gunker|gg\n","uploadtime":1700274362,"views":72,"p1id":"biggunker","p2id":"chacharealsmooth","formatid":"gen9nationaldex","rating":0,"private":0,"password":""}