{"id":"gen9nationaldex-1999980811","p1":"sumperkenny","p2":"ugo0","format":"[Gen 9] National Dex","log":"|html|<div class=\"broadcast-blue\"><strong>[Gen 9] National Dex is currently suspecting Sneasler! For information on how to participate check out the <a href=\"https:\/\/www.smogon.com\/forums\/threads\/sv-national-dex-suspect-8-just-dance.3731534\/\">suspect thread<\/a>.<\/strong><\/div>\n|j|\u2606sumperkenny\n|j|\u2606ugo0\n|t:|1701137258\n|gametype|singles\n|player|p1|sumperkenny|fisherman-gen4|1312\n|player|p2|ugo0|266|1359\n|teamsize|p1|6\n|teamsize|p2|6\n|gen|9\n|tier|[Gen 9] National Dex\n|rated|\n|rule|HP Percentage Mod: HP is shown in percentages\n|rule|Endless Battle Clause: Forcing endless battles is banned\n|rule|OHKO Clause: OHKO moves are banned\n|rule|Evasion Clause: Evasion abilities, items, and moves are banned\n|rule|Evasion Abilities Clause: Evasion abilities are banned\n|rule|Evasion Items Clause: Evasion items are banned\n|rule|Evasion Moves Clause: Evasion moves are banned\n|rule|Species Clause: Limit one of each Pok\u00e9mon\n|rule|Sleep Clause Mod: Limit one foe put to sleep\n|clearpoke\n|poke|p1|Latias, F|\n|poke|p1|Skeledirge, F|\n|poke|p1|Clefable, F|\n|poke|p1|Ferrothorn, F|\n|poke|p1|Gliscor, F|\n|poke|p1|Tornadus-Therian, M|\n|poke|p2|Porygon2|\n|poke|p2|Corsola-Galar, F|\n|poke|p2|Ursaluna, F|\n|poke|p2|Goodra-Hisui, M|\n|poke|p2|Pelipper, M|\n|poke|p2|Barraskewda, M|\n|teampreview\n|inactive|Battle timer is ON: inactive players will automatically lose when time's up. (requested by sumperkenny)\n|\n|t:|1701137263\n|start\n|switch|p1a: Ferrothorn|Ferrothorn, F|100\/100\n|switch|p2a: Goodra|Goodra-Hisui, M|100\/100\n|turn|1\n|\n|t:|1701137268\n|move|p2a: Goodra|Fire Blast|p1a: Ferrothorn\n|-supereffective|p1a: Ferrothorn\n|-damage|p1a: Ferrothorn|6\/100\n|move|p1a: Ferrothorn|Stealth Rock|p2a: Goodra\n|-sidestart|p2: ugo0|move: Stealth Rock\n|\n|-heal|p1a: Ferrothorn|12\/100|[from] item: Leftovers\n|upkeep\n|turn|2\n|\n|t:|1701137275\n|switch|p1a: Skeledirge|Skeledirge, F|100\/100\n|move|p2a: Goodra|Fire Blast|p1a: Skeledirge\n|-resisted|p1a: Skeledirge\n|-damage|p1a: Skeledirge|85\/100\n|\n|upkeep\n|turn|3\n|\n|t:|1701137283\n|switch|p2a: Pelipper|Pelipper, M|100\/100\n|-damage|p2a: Pelipper|75\/100|[from] Stealth Rock\n|-weather|RainDance|[from] ability: Drizzle|[of] p2a: Pelipper\n|move|p1a: Skeledirge|Torch Song|p2a: Pelipper\n|-resisted|p2a: Pelipper\n|-damage|p2a: Pelipper|65\/100\n|-boost|p1a: Skeledirge|spa|1\n|\n|-weather|RainDance|[upkeep]\n|upkeep\n|turn|4\n|\n|t:|1701137286\n|move|p1a: Skeledirge|Hex|p2a: Pelipper\n|-damage|p2a: Pelipper|10\/100\n|move|p2a: Pelipper|Defog|p1a: Skeledirge\n|-unboost|p1a: Skeledirge|evasion|1\n|-sideend|p2: ugo0|Stealth Rock|[from] move: Defog|[of] p2a: Pelipper\n|\n|-weather|RainDance|[upkeep]\n|upkeep\n|turn|5\n|\n|t:|1701137290\n|move|p1a: Skeledirge|Torch Song|p2a: Pelipper\n|-resisted|p2a: Pelipper\n|-damage|p2a: Pelipper|0 fnt\n|-boost|p1a: Skeledirge|spa|1\n|faint|p2a: Pelipper\n|\n|-weather|RainDance|[upkeep]\n|upkeep\n|\n|t:|1701137292\n|switch|p2a: Barraskewda|Barraskewda, M|100\/100\n|turn|6\n|\n|t:|1701137297\n|-terastallize|p1a: Skeledirge|Water\n|move|p2a: Barraskewda|Liquidation|p1a: Skeledirge\n|-resisted|p1a: Skeledirge\n|-damage|p1a: Skeledirge|59\/100\n|move|p1a: Skeledirge|Will-O-Wisp|p2a: Barraskewda\n|-status|p2a: Barraskewda|brn\n|\n|-weather|RainDance|[upkeep]\n|-damage|p2a: Barraskewda|94\/100 brn|[from] brn\n|upkeep\n|turn|7\n|\n|t:|1701137305\n|move|p2a: Barraskewda|Close Combat|p1a: Skeledirge\n|-damage|p1a: Skeledirge|44\/100\n|-unboost|p2a: Barraskewda|def|1\n|-unboost|p2a: Barraskewda|spd|1\n|move|p1a: Skeledirge|Slack Off|p1a: Skeledirge\n|-heal|p1a: Skeledirge|94\/100\n|\n|-weather|none\n|-damage|p2a: Barraskewda|88\/100 brn|[from] brn\n|upkeep\n|turn|8\n|\n|t:|1701137311\n|switch|p2a: Goodra|Goodra-Hisui, M|100\/100\n|move|p1a: Skeledirge|Torch Song|p2a: Goodra\n|-damage|p2a: Goodra|73\/100\n|-boost|p1a: Skeledirge|spa|1\n|\n|upkeep\n|turn|9\n|\n|t:|1701137314\n|move|p1a: Skeledirge|Torch Song|p2a: Goodra\n|-damage|p2a: Goodra|43\/100\n|-boost|p1a: Skeledirge|spa|1\n|move|p2a: Goodra|Thunder|p1a: Skeledirge\n|-supereffective|p1a: Skeledirge\n|-damage|p1a: Skeledirge|30\/100\n|\n|upkeep\n|turn|10\n|\n|t:|1701137323\n|move|p1a: Skeledirge|Hex|p2a: Goodra\n|-damage|p2a: Goodra|12\/100\n|move|p2a: Goodra|Thunder|p1a: Skeledirge|[miss]\n|-miss|p2a: Goodra|p1a: Skeledirge\n|\n|upkeep\n|turn|11\n|\n|t:|1701137327\n|move|p1a: Skeledirge|Torch Song|p2a: Goodra\n|-damage|p2a: Goodra|0 fnt\n|-boost|p1a: Skeledirge|spa|1\n|faint|p2a: Goodra\n|\n|upkeep\n|\n|t:|1701137329\n|switch|p2a: Porygon2|Porygon2|100\/100\n|turn|12\n|\n|t:|1701137333\n|move|p1a: Skeledirge|Slack Off|p1a: Skeledirge\n|-heal|p1a: Skeledirge|80\/100\n|move|p2a: Porygon2|Thunderbolt|p1a: Skeledirge\n|-supereffective|p1a: Skeledirge\n|-damage|p1a: Skeledirge|15\/100\n|\n|upkeep\n|turn|13\n|\n|t:|1701137338\n|move|p1a: Skeledirge|Torch Song|p2a: Porygon2\n|-damage|p2a: Porygon2|39\/100\n|-boost|p1a: Skeledirge|spa|1\n|move|p2a: Porygon2|Thunderbolt|p1a: Skeledirge\n|-supereffective|p1a: Skeledirge\n|-damage|p1a: Skeledirge|0 fnt\n|faint|p1a: Skeledirge\n|\n|upkeep\n|\n|t:|1701137343\n|switch|p1a: Ferrothorn|Ferrothorn, F|12\/100\n|turn|14\n|\n|t:|1701137345\n|move|p2a: Porygon2|Ice Beam|p1a: Ferrothorn\n|-damage|p1a: Ferrothorn|0 fnt\n|faint|p1a: Ferrothorn\n|\n|upkeep\n|\n|t:|1701137349\n|switch|p1a: Clefable|Clefable, F|100\/100\n|turn|15\n|\n|t:|1701137352\n|switch|p2a: Ursaluna|Ursaluna, F|100\/100\n|move|p1a: Clefable|Calm Mind|p1a: Clefable\n|-boost|p1a: Clefable|spa|1\n|-boost|p1a: Clefable|spd|1\n|\n|upkeep\n|turn|16\n|\n|t:|1701137358\n|move|p1a: Clefable|Calm Mind|p1a: Clefable\n|-boost|p1a: Clefable|spa|1\n|-boost|p1a: Clefable|spd|1\n|move|p2a: Ursaluna|Facade|p1a: Clefable\n|-damage|p1a: Clefable|67\/100\n|-damage|p2a: Ursaluna|84\/100|[from] item: Rocky Helmet|[of] p1a: Clefable\n|\n|-heal|p2a: Ursaluna|90\/100|[from] item: Leftovers\n|upkeep\n|turn|17\n|\n|t:|1701137372\n|move|p1a: Clefable|Moonblast|p2a: Ursaluna\n|-damage|p2a: Ursaluna|38\/100\n|-unboost|p2a: Ursaluna|spa|1\n|move|p2a: Ursaluna|Headlong Rush|p1a: Clefable\n|-damage|p1a: Clefable|15\/100\n|-unboost|p2a: Ursaluna|def|1\n|-unboost|p2a: Ursaluna|spd|1\n|-damage|p2a: Ursaluna|21\/100|[from] item: Rocky Helmet|[of] p1a: Clefable\n|\n|-heal|p2a: Ursaluna|27\/100|[from] item: Leftovers\n|upkeep\n|turn|18\n|\n|t:|1701137379\n|move|p1a: Clefable|Soft-Boiled|p1a: Clefable\n|-heal|p1a: Clefable|65\/100\n|move|p2a: Ursaluna|Headlong Rush|p1a: Clefable\n|-damage|p1a: Clefable|8\/100\n|-unboost|p2a: Ursaluna|def|1\n|-unboost|p2a: Ursaluna|spd|1\n|-damage|p2a: Ursaluna|11\/100|[from] item: Rocky Helmet|[of] p1a: Clefable\n|\n|-heal|p2a: Ursaluna|17\/100|[from] item: Leftovers\n|upkeep\n|turn|19\n|\n|t:|1701137383\n|move|p1a: Clefable|Moonblast|p2a: Ursaluna\n|-damage|p2a: Ursaluna|0 fnt\n|faint|p2a: Ursaluna\n|\n|upkeep\n|\n|t:|1701137385\n|switch|p2a: Barraskewda|Barraskewda, M|88\/100 brn\n|turn|20\n|\n|t:|1701137398\n|move|p2a: Barraskewda|Liquidation|p1a: Clefable\n|-damage|p1a: Clefable|0 fnt\n|-damage|p2a: Barraskewda|72\/100 brn|[from] item: Rocky Helmet|[of] p1a: Clefable\n|faint|p1a: Clefable\n|\n|-damage|p2a: Barraskewda|66\/100 brn|[from] brn\n|upkeep\n|\n|t:|1701137401\n|switch|p1a: Latias|Latias, F|100\/100\n|turn|21\n|\n|t:|1701137405\n|switch|p2a: Porygon2|Porygon2|39\/100\n|detailschange|p1a: Latias|Latias-Mega, F\n|-mega|p1a: Latias|Latias|Latiasite\n|move|p1a: Latias|Calm Mind|p1a: Latias\n|-boost|p1a: Latias|spa|1\n|-boost|p1a: Latias|spd|1\n|\n|upkeep\n|turn|22\n|\n|t:|1701137409\n|move|p1a: Latias|Calm Mind|p1a: Latias\n|-boost|p1a: Latias|spa|1\n|-boost|p1a: Latias|spd|1\n|move|p2a: Porygon2|Recover|p2a: Porygon2\n|-heal|p2a: Porygon2|89\/100\n|\n|upkeep\n|turn|23\n|\n|t:|1701137414\n|move|p1a: Latias|Calm Mind|p1a: Latias\n|-boost|p1a: Latias|spa|1\n|-boost|p1a: Latias|spd|1\n|move|p2a: Porygon2|Ice Beam|p1a: Latias\n|-supereffective|p1a: Latias\n|-damage|p1a: Latias|82\/100\n|\n|upkeep\n|turn|24\n|\n|t:|1701137419\n|move|p1a: Latias|Calm Mind|p1a: Latias\n|-boost|p1a: Latias|spa|1\n|-boost|p1a: Latias|spd|1\n|move|p2a: Porygon2|Ice Beam|p1a: Latias\n|-supereffective|p1a: Latias\n|-damage|p1a: Latias|65\/100\n|-status|p1a: Latias|frz\n|\n|upkeep\n|turn|25\n|\n|t:|1701137421\n|switch|p2a: Corsola|Corsola-Galar, F|100\/100\n|cant|p1a: Latias|frz\n|\n|upkeep\n|turn|26\n|\n|t:|1701137424\n|cant|p1a: Latias|frz\n|move|p2a: Corsola|Whirlpool|p1a: Latias\n|-resisted|p1a: Latias\n|-damage|p1a: Latias|65\/100 frz\n|-activate|p1a: Latias|move: Whirlpool|[of] p2a: Corsola\n|\n|-damage|p1a: Latias|52\/100 frz|[from] move: Whirlpool|[partiallytrapped]\n|upkeep\n|turn|27\n|\n|t:|1701137427\n|cant|p1a: Latias|frz\n|move|p2a: Corsola|Night Shade|p1a: Latias\n|-damage|p1a: Latias|25\/100 frz\n|\n|-damage|p1a: Latias|12\/100 frz|[from] move: Whirlpool|[partiallytrapped]\n|upkeep\n|turn|28\n|\n|t:|1701137429\n|cant|p1a: Latias|frz\n|move|p2a: Corsola|Night Shade|p1a: Latias\n|-damage|p1a: Latias|0 fnt\n|faint|p1a: Latias\n|\n|upkeep\n|\n|t:|1701137434\n|switch|p1a: Tornadus|Tornadus-Therian, M|100\/100\n|turn|29\n|\n|t:|1701137438\n|switch|p2a: Barraskewda|Barraskewda, M|66\/100 brn\n|move|p1a: Tornadus|Knock Off|p2a: Barraskewda\n|-damage|p2a: Barraskewda|26\/100 brn\n|-enditem|p2a: Barraskewda|Focus Sash|[from] move: Knock Off|[of] p1a: Tornadus\n|\n|-damage|p2a: Barraskewda|20\/100 brn|[from] brn\n|upkeep\n|turn|30\n|\n|t:|1701137445\n|move|p1a: Tornadus|Hurricane|p2a: Barraskewda\n|-damage|p2a: Barraskewda|0 fnt\n|faint|p2a: Barraskewda\n|\n|upkeep\n|\n|t:|1701137447\n|switch|p2a: Corsola|Corsola-Galar, F|100\/100\n|turn|31\n|\n|t:|1701137449\n|move|p1a: Tornadus|Knock Off|p2a: Corsola\n|-supereffective|p2a: Corsola\n|-damage|p2a: Corsola|81\/100\n|-enditem|p2a: Corsola|Eviolite|[from] move: Knock Off|[of] p1a: Tornadus\n|move|p2a: Corsola|Whirlpool|p1a: Tornadus\n|-damage|p1a: Tornadus|93\/100\n|-activate|p1a: Tornadus|move: Whirlpool|[of] p2a: Corsola\n|\n|-damage|p1a: Tornadus|81\/100|[from] move: Whirlpool|[partiallytrapped]\n|upkeep\n|turn|32\n|\n|t:|1701137461\n|move|p1a: Tornadus|Taunt|p2a: Corsola\n|-start|p2a: Corsola|move: Taunt\n|cant|p2a: Corsola|move: Taunt|Will-O-Wisp\n|\n|-damage|p1a: Tornadus|69\/100|[from] move: Whirlpool|[partiallytrapped]\n|upkeep\n|turn|33\n|\n|t:|1701137468\n|-zpower|p1a: Tornadus\n|move|p1a: Tornadus|Supersonic Skystrike|p2a: Corsola|[zeffect]\n|-damage|p2a: Corsola|3\/100\n|move|p2a: Corsola|Night Shade|p1a: Tornadus\n|-damage|p1a: Tornadus|38\/100\n|\n|-damage|p1a: Tornadus|26\/100|[from] move: Whirlpool|[partiallytrapped]\n|upkeep\n|turn|34\n|\n|t:|1701137478\n|move|p1a: Tornadus|Knock Off|p2a: Corsola\n|-supereffective|p2a: Corsola\n|-damage|p2a: Corsola|0 fnt\n|faint|p2a: Corsola\n|\n|-end|p1a: Tornadus|Whirlpool|[partiallytrapped]|[silent]\n|upkeep\n|\n|t:|1701137480\n|switch|p2a: Porygon2|Porygon2|89\/100\n|turn|35\n|\n|t:|1701137483\n|move|p1a: Tornadus|Hurricane|p2a: Porygon2|[miss]\n|-miss|p1a: Tornadus|p2a: Porygon2\n|move|p2a: Porygon2|Tri Attack|p1a: Tornadus\n|-damage|p1a: Tornadus|0 fnt\n|faint|p1a: Tornadus\n|\n|upkeep\n|\n|t:|1701137485\n|switch|p1a: Gliscor|Gliscor, F|100\/100\n|turn|36\n|\n|t:|1701137491\n|move|p1a: Gliscor|Earthquake|p2a: Porygon2\n|-damage|p2a: Porygon2|65\/100\n|move|p2a: Porygon2|Ice Beam|p1a: Gliscor\n|-supereffective|p1a: Gliscor\n|-damage|p1a: Gliscor|0 fnt\n|faint|p1a: Gliscor\n|\n|win|ugo0\n|raw|sumperkenny's rating: 1312 &rarr; <strong>1295<\/strong><br \/>(-17 for losing)\n|raw|ugo0's rating: 1359 &rarr; <strong>1376<\/strong><br \/>(+17 for winning)\n|l|\u2606ugo0\n","uploadtime":1701137499,"views":4,"p1id":"sumperkenny","p2id":"ugo0","formatid":"gen9nationaldex","rating":1295,"private":0,"password":""}