{"id":"gen9nationaldex-2000037929","p1":"steals many wives","p2":"LuisTobar","format":"[Gen 9] National Dex","log":"|html|<div class=\"broadcast-blue\"><strong>[Gen 9] National Dex is currently suspecting Sneasler! For information on how to participate check out the <a href=\"https:\/\/www.smogon.com\/forums\/threads\/sv-national-dex-suspect-8-just-dance.3731534\/\">suspect thread<\/a>.<\/strong><\/div>\n|j|\u2606steals many wives\n|j|\u2606LuisTobar\n|t:|1701144408\n|gametype|singles\n|player|p1|steals many wives|waitress|1159\n|player|p2|LuisTobar|102|1079\n|teamsize|p1|6\n|teamsize|p2|6\n|gen|9\n|tier|[Gen 9] National Dex\n|rated|\n|rule|HP Percentage Mod: HP is shown in percentages\n|rule|Endless Battle Clause: Forcing endless battles is banned\n|rule|OHKO Clause: OHKO moves are banned\n|rule|Evasion Clause: Evasion abilities, items, and moves are banned\n|rule|Evasion Abilities Clause: Evasion abilities are banned\n|rule|Evasion Items Clause: Evasion items are banned\n|rule|Evasion Moves Clause: Evasion moves are banned\n|rule|Species Clause: Limit one of each Pok\u00e9mon\n|rule|Sleep Clause Mod: Limit one foe put to sleep\n|clearpoke\n|poke|p1|Aggron, M|\n|poke|p1|Ferrothorn, M|\n|poke|p1|Goodra-Hisui, F|\n|poke|p1|Celesteela|\n|poke|p1|Heatran, M|\n|poke|p1|Excadrill, M|\n|poke|p2|Charizard, F|\n|poke|p2|Hatterene, F|\n|poke|p2|Great Tusk|\n|poke|p2|Alomomola, F|\n|poke|p2|Garchomp, M|\n|poke|p2|Tapu Lele|\n|teampreview\n|\n|t:|1701144450\n|start\n|switch|p1a: Slime Shady|Goodra-Hisui, F|100\/100\n|switch|p2a: Charizard|Charizard, F|100\/100\n|turn|1\n|\n|t:|1701144462\n|detailschange|p2a: Charizard|Charizard-Mega-Y, F\n|-mega|p2a: Charizard|Charizard|Charizardite Y\n|-weather|SunnyDay|[from] ability: Drought|[of] p2a: Charizard\n|move|p2a: Charizard|Weather Ball|p1a: Slime Shady\n|-damage|p1a: Slime Shady|47\/100\n|move|p1a: Slime Shady|Dragon Pulse|p2a: Charizard\n|-damage|p2a: Charizard|69\/100\n|\n|-weather|SunnyDay|[upkeep]\n|upkeep\n|turn|2\n|inactive|Battle timer is ON: inactive players will automatically lose when time's up. (requested by steals many wives)\n|inactive|LuisTobar has 120 seconds left.\n|inactive|LuisTobar has 90 seconds left.\n|\n|t:|1701144577\n|switch|p1a: Slag Heap|Heatran, M|100\/100\n|move|p2a: Charizard|Weather Ball|p1a: Slag Heap\n|-start|p1a: Slag Heap|ability: Flash Fire\n|\n|-weather|SunnyDay|[upkeep]\n|upkeep\n|turn|3\n|inactive|LuisTobar has 120 seconds left.\n|inactive|steals many wives has 120 seconds left.\n|\n|t:|1701144618\n|-terastallize|p1a: Slag Heap|Flying\n|move|p1a: Slag Heap|Tera Blast|p2a: Charizard|[anim] Tera Blast Flying\n|-damage|p2a: Charizard|28\/100\n|move|p2a: Charizard|Scorching Sands|p1a: Slag Heap\n|-immune|p1a: Slag Heap\n|\n|-weather|SunnyDay|[upkeep]\n|upkeep\n|turn|4\n|inactive|LuisTobar has 120 seconds left.\n|\n|t:|1701144657\n|switch|p2a: Garchomp|Garchomp, M|100\/100\n|move|p1a: Slag Heap|Tera Blast|p2a: Garchomp|[anim] Tera Blast Flying\n|-damage|p2a: Garchomp|53\/100\n|\n|-weather|SunnyDay|[upkeep]\n|upkeep\n|turn|5\n|inactive|steals many wives has 120 seconds left.\n|inactive|LuisTobar has 90 seconds left.\n|\n|t:|1701144685\n|-end|p1a: Slag Heap|ability: Flash Fire|[silent]\n|switch|p1a: Team Rocket|Celesteela|100\/100\n|-zpower|p2a: Garchomp\n|move|p2a: Garchomp|Devastating Drake|p1a: Team Rocket|[zeffect]\n|-resisted|p1a: Team Rocket\n|-damage|p1a: Team Rocket|65\/100\n|\n|-weather|none\n|-heal|p1a: Team Rocket|71\/100|[from] item: Leftovers\n|upkeep\n|turn|6\n|inactive|steals many wives has 120 seconds left.\n|\n|t:|1701144707\n|switch|p2a: Charizard|Charizard-Mega-Y, F|28\/100\n|-weather|SunnyDay|[from] ability: Drought|[of] p2a: Charizard\n|move|p1a: Team Rocket|Leech Seed|p2a: Charizard\n|-start|p2a: Charizard|move: Leech Seed\n|\n|-weather|SunnyDay|[upkeep]\n|-heal|p1a: Team Rocket|77\/100|[from] item: Leftovers\n|-damage|p2a: Charizard|16\/100|[from] Leech Seed|[of] p1a: Team Rocket\n|-heal|p1a: Team Rocket|87\/100|[silent]\n|upkeep\n|turn|7\n|\n|t:|1701144719\n|move|p1a: Team Rocket|Protect|p1a: Team Rocket\n|-singleturn|p1a: Team Rocket|Protect\n|move|p2a: Charizard|Roost|p2a: Charizard\n|-heal|p2a: Charizard|66\/100\n|-singleturn|p2a: Charizard|move: Roost\n|\n|-weather|SunnyDay|[upkeep]\n|-heal|p1a: Team Rocket|93\/100|[from] item: Leftovers\n|-damage|p2a: Charizard|54\/100|[from] Leech Seed|[of] p1a: Team Rocket\n|-heal|p1a: Team Rocket|100\/100|[silent]\n|upkeep\n|turn|8\n|inactive|steals many wives has 120 seconds left.\n|inactive|LuisTobar has 60 seconds left.\n|\n|t:|1701144761\n|switch|p2a: Hatterene|Hatterene, F|100\/100\n|move|p1a: Team Rocket|Fly||[still]\n|-prepare|p1a: Team Rocket|Fly\n|\n|-weather|SunnyDay|[upkeep]\n|upkeep\n|turn|9\n|inactive|LuisTobar has 30 seconds left.\n|\n|t:|1701144783\n|move|p1a: Team Rocket|Fly|p2a: Hatterene|[from]lockedmove\n|-crit|p2a: Hatterene\n|-damage|p2a: Hatterene|45\/100\n|move|p2a: Hatterene|Nuzzle|p1a: Team Rocket\n|-supereffective|p1a: Team Rocket\n|-damage|p1a: Team Rocket|95\/100\n|-status|p1a: Team Rocket|par\n|\n|-weather|SunnyDay|[upkeep]\n|-heal|p2a: Hatterene|51\/100|[from] item: Leftovers\n|-heal|p1a: Team Rocket|100\/100 par|[from] item: Leftovers\n|upkeep\n|turn|10\n|inactive|steals many wives has 120 seconds left.\n|inactive|LuisTobar has 30 seconds left.\n|inactive|LuisTobar has 20 seconds left.\n|inactive|LuisTobar has 15 seconds left.\n|\n|t:|1701144808\n|switch|p2a: Garchomp|Garchomp, M|53\/100\n|cant|p1a: Team Rocket|par\n|\n|-weather|none\n|upkeep\n|turn|11\n|inactive|LuisTobar has 25 seconds left this turn.\n|inactive|LuisTobar has 20 seconds left.\n|\n|t:|1701144815\n|move|p2a: Garchomp|Swords Dance|p2a: Garchomp\n|-boost|p2a: Garchomp|atk|2\n|move|p1a: Team Rocket|Leech Seed|p2a: Garchomp\n|-start|p2a: Garchomp|move: Leech Seed\n|\n|-damage|p2a: Garchomp|40\/100|[from] Leech Seed|[of] p1a: Team Rocket\n|upkeep\n|turn|12\n|inactive|LuisTobar has 30 seconds left this turn.\n|inactive|steals many wives has 120 seconds left.\n|\n|t:|1701144822\n|move|p1a: Team Rocket|Protect|p1a: Team Rocket\n|-singleturn|p1a: Team Rocket|Protect\n|move|p2a: Garchomp|Swords Dance|p2a: Garchomp\n|-boost|p2a: Garchomp|atk|2\n|\n|-damage|p2a: Garchomp|28\/100|[from] Leech Seed|[of] p1a: Team Rocket\n|upkeep\n|turn|13\n|inactive|LuisTobar has 30 seconds left.\n|\n|t:|1701144833\n|move|p2a: Garchomp|Outrage|p1a: Team Rocket\n|-resisted|p1a: Team Rocket\n|-damage|p1a: Team Rocket|30\/100 par\n|move|p1a: Team Rocket|Fly||[still]\n|-prepare|p1a: Team Rocket|Fly\n|\n|-heal|p1a: Team Rocket|36\/100 par|[from] item: Leftovers\n|-damage|p2a: Garchomp|16\/100|[from] Leech Seed|[of] p1a: Team Rocket\n|-heal|p1a: Team Rocket|48\/100 par|[silent]\n|upkeep\n|turn|14\n|inactive|LuisTobar has 30 seconds left.\n|\n|t:|1701144847\n|move|p2a: Garchomp|Outrage|p1a: Team Rocket|[from]lockedmove|[miss]\n|-miss|p2a: Garchomp|p1a: Team Rocket\n|cant|p1a: Team Rocket|par\n|\n|-heal|p1a: Team Rocket|54\/100 par|[from] item: Leftovers\n|-damage|p2a: Garchomp|3\/100|[from] Leech Seed|[of] p1a: Team Rocket\n|-heal|p1a: Team Rocket|66\/100 par|[silent]\n|upkeep\n|turn|15\n|inactive|LuisTobar has 30 seconds left.\n|inactive|LuisTobar has 20 seconds left.\n|\n|t:|1701144863\n|move|p1a: Team Rocket|Protect|p1a: Team Rocket\n|-singleturn|p1a: Team Rocket|Protect\n|move|p2a: Garchomp|Outrage|p1a: Team Rocket\n|-activate|p1a: Team Rocket|move: Protect\n|\n|-heal|p1a: Team Rocket|72\/100 par|[from] item: Leftovers\n|-damage|p2a: Garchomp|0 fnt|[from] Leech Seed|[of] p1a: Team Rocket\n|-heal|p1a: Team Rocket|74\/100 par|[silent]\n|faint|p2a: Garchomp\n|upkeep\n|inactive|LuisTobar has 25 seconds left this turn.\n|inactive|LuisTobar has 20 seconds left.\n|inactive|LuisTobar has 15 seconds left.\n|inactive|LuisTobar has 10 seconds left.\n|inactive|LuisTobar has 5 seconds left.\n|\n|t:|1701144883\n|switch|p2a: Tapu Lele|Tapu Lele|100\/100\n|-fieldstart|move: Psychic Terrain|[from] ability: Psychic Surge|[of] p2a: Tapu Lele\n|turn|16\n|inactive|LuisTobar has 15 seconds left this turn.\n|inactive|LuisTobar has 10 seconds left.\n|\n|t:|1701144908\n|move|p2a: Tapu Lele|Psychic|p1a: Team Rocket\n|-resisted|p1a: Team Rocket\n|-damage|p1a: Team Rocket|51\/100 par\n|move|p1a: Team Rocket|Iron Head|p2a: Tapu Lele\n|-supereffective|p2a: Tapu Lele\n|-damage|p2a: Tapu Lele|17\/100\n|\n|-heal|p1a: Team Rocket|58\/100 par|[from] item: Leftovers\n|upkeep\n|turn|17\n|inactive|LuisTobar has 20 seconds left this turn.\n|inactive|LuisTobar has 15 seconds left.\n|inactive|LuisTobar has 10 seconds left.\n|inactive|LuisTobar has 5 seconds left.\n|\n|t:|1701144926\n|move|p1a: Team Rocket|Protect|p1a: Team Rocket\n|-singleturn|p1a: Team Rocket|Protect\n|move|p2a: Tapu Lele|Psychic|p1a: Team Rocket\n|-activate|p1a: Team Rocket|move: Protect\n|\n|-heal|p1a: Team Rocket|64\/100 par|[from] item: Leftovers\n|upkeep\n|turn|18\n|inactive|LuisTobar has 15 seconds left this turn.\n|inactive|LuisTobar has 10 seconds left.\n|inactive|steals many wives has 120 seconds left.\n|\n|t:|1701144969\n|move|p2a: Tapu Lele|Psychic|p1a: Team Rocket\n|-resisted|p1a: Team Rocket\n|-damage|p1a: Team Rocket|42\/100 par\n|move|p1a: Team Rocket|Iron Head|p2a: Tapu Lele\n|-supereffective|p2a: Tapu Lele\n|-damage|p2a: Tapu Lele|0 fnt\n|faint|p2a: Tapu Lele\n|-ability|p1a: Team Rocket|Beast Boost|boost\n|-boost|p1a: Team Rocket|def|1\n|\n|-heal|p1a: Team Rocket|48\/100 par|[from] item: Leftovers\n|upkeep\n|inactive|LuisTobar has 15 seconds left this turn.\n|inactive|LuisTobar has 10 seconds left.\n|inactive|LuisTobar has 5 seconds left.\n|\n|t:|1701144981\n|switch|p2a: Alomomola|Alomomola, F|100\/100\n|turn|19\n|inactive|LuisTobar has 15 seconds left this turn.\n|\n|t:|1701144985\n|-terastallize|p2a: Alomomola|Water\n|move|p2a: Alomomola|Protect|p2a: Alomomola\n|-singleturn|p2a: Alomomola|Protect\n|cant|p1a: Team Rocket|par\n|\n|-heal|p1a: Team Rocket|54\/100 par|[from] item: Leftovers\n|upkeep\n|turn|20\n|inactive|LuisTobar has 25 seconds left this turn.\n|inactive|LuisTobar has 20 seconds left.\n|\n|t:|1701144992\n|move|p2a: Alomomola|Toxic||[still]\n|-fail|p2a: Alomomola\n|cant|p1a: Team Rocket|par\n|\n|-heal|p1a: Team Rocket|61\/100 par|[from] item: Leftovers\n|-fieldend|move: Psychic Terrain\n|upkeep\n|turn|21\n|inactive|LuisTobar has 30 seconds left this turn.\n|\n|t:|1701144999\n|move|p2a: Alomomola|Toxic||[still]\n|-fail|p2a: Alomomola\n|move|p1a: Team Rocket|Leech Seed|p2a: Alomomola\n|-start|p2a: Alomomola|move: Leech Seed\n|\n|-heal|p1a: Team Rocket|67\/100 par|[from] item: Leftovers\n|-damage|p2a: Alomomola|88\/100|[from] Leech Seed|[of] p1a: Team Rocket\n|-heal|p1a: Team Rocket|84\/100 par|[silent]\n|upkeep\n|turn|22\n|inactive|LuisTobar has 30 seconds left.\n|c|\u2606steals many wives|why toxic?\n|\n|t:|1701145011\n|move|p2a: Alomomola|Flip Turn|p1a: Team Rocket\n|-damage|p1a: Team Rocket|73\/100 par\n|inactive|LuisTobar has 30 seconds left this turn.\n|inactive|LuisTobar has 20 seconds left.\n|inactive|LuisTobar has 15 seconds left.\n|inactive|LuisTobar has 10 seconds left.\n|inactive|LuisTobar has 5 seconds left.\n|\n|t:|1701145037\n|switch|p2a: Great Tusk|Great Tusk|100\/100|[from] Flip Turn\n|move|p1a: Team Rocket|Fly||[still]\n|-prepare|p1a: Team Rocket|Fly\n|\n|-heal|p1a: Team Rocket|79\/100 par|[from] item: Leftovers\n|upkeep\n|turn|23\n|inactive|LuisTobar has 15 seconds left this turn.\n|inactive|LuisTobar has 10 seconds left.\n|\n|t:|1701145047\n|move|p2a: Great Tusk|Stealth Rock|p1a: Team Rocket\n|-sidestart|p1: steals many wives|move: Stealth Rock\n|move|p1a: Team Rocket|Fly|p2a: Great Tusk|[from]lockedmove\n|-supereffective|p2a: Great Tusk\n|-damage|p2a: Great Tusk|73\/100\n|\n|-heal|p2a: Great Tusk|79\/100|[from] item: Leftovers\n|-heal|p1a: Team Rocket|85\/100 par|[from] item: Leftovers\n|upkeep\n|turn|24\n|inactive|LuisTobar has 20 seconds left this turn.\n|inactive|LuisTobar has 15 seconds left.\n|inactive|LuisTobar has 10 seconds left.\n|\n|t:|1701145059\n|move|p2a: Great Tusk|Stealth Rock||[still]\n|-fail|p2a: Great Tusk\n|move|p1a: Team Rocket|Leech Seed|p2a: Great Tusk\n|-start|p2a: Great Tusk|move: Leech Seed\n|\n|-heal|p2a: Great Tusk|85\/100|[from] item: Leftovers\n|-heal|p1a: Team Rocket|91\/100 par|[from] item: Leftovers\n|-damage|p2a: Great Tusk|73\/100|[from] Leech Seed|[of] p1a: Team Rocket\n|-heal|p1a: Team Rocket|100\/100 par|[silent]\n|upkeep\n|turn|25\n|inactive|LuisTobar has 20 seconds left this turn.\n|inactive|LuisTobar has 15 seconds left.\n|\n|t:|1701145069\n|move|p2a: Great Tusk|Knock Off|p1a: Team Rocket\n|-damage|p1a: Team Rocket|87\/100 par\n|-enditem|p1a: Team Rocket|Leftovers|[from] move: Knock Off|[of] p2a: Great Tusk\n|move|p1a: Team Rocket|Iron Head|p2a: Great Tusk\n|-damage|p2a: Great Tusk|60\/100\n|\n|-heal|p2a: Great Tusk|66\/100|[from] item: Leftovers\n|-damage|p2a: Great Tusk|53\/100|[from] Leech Seed|[of] p1a: Team Rocket\n|-heal|p1a: Team Rocket|100\/100 par|[silent]\n|upkeep\n|turn|26\n|inactive|LuisTobar has 25 seconds left this turn.\n|inactive|LuisTobar has 20 seconds left.\n|\n|t:|1701145078\n|move|p2a: Great Tusk|Rapid Spin|p1a: Team Rocket\n|-resisted|p1a: Team Rocket\n|-damage|p1a: Team Rocket|97\/100 par\n|-boost|p2a: Great Tusk|spe|1\n|-end|p2a: Great Tusk|Leech Seed|[from] move: Rapid Spin|[of] p2a: Great Tusk\n|move|p1a: Team Rocket|Fly||[still]\n|-prepare|p1a: Team Rocket|Fly\n|\n|-heal|p2a: Great Tusk|60\/100|[from] item: Leftovers\n|upkeep\n|turn|27\n|inactive|LuisTobar has 30 seconds left this turn.\n|inactive|LuisTobar has 20 seconds left.\n|-message|LuisTobar forfeited.\n|\n|win|steals many wives\n|inactive|LuisTobar has 25 seconds left this turn.\n|raw|steals many wives's rating: 1159 &rarr; <strong>1178<\/strong><br \/>(+19 for winning)\n|raw|LuisTobar's rating: 1079 &rarr; <strong>1062<\/strong><br \/>(-17 for losing)\n|l|\u2606LuisTobar\n","uploadtime":1701145109,"views":16,"p1id":"stealsmanywives","p2id":"luistobar","formatid":"gen9nationaldex","rating":1062,"private":0,"password":""}