{"id":"gen9nationaldex-2000104430","p1":"yopierdo","p2":"TurtleXpert","format":"[Gen 9] National Dex","log":"|html|<div class=\"broadcast-blue\"><strong>[Gen 9] National Dex is currently suspecting Sneasler! For information on how to participate check out the <a href=\"https:\/\/www.smogon.com\/forums\/threads\/sv-national-dex-suspect-8-just-dance.3731534\/\">suspect thread<\/a>.<\/strong><\/div>\n|j|\u2606yopierdo\n|j|\u2606TurtleXpert\n|t:|1701155582\n|gametype|singles\n|player|p1|yopierdo|cheren-gen5bw2|1050\n|player|p2|TurtleXpert|265|1117\n|teamsize|p1|6\n|teamsize|p2|6\n|gen|9\n|tier|[Gen 9] National Dex\n|rated|\n|rule|HP Percentage Mod: HP is shown in percentages\n|rule|Endless Battle Clause: Forcing endless battles is banned\n|rule|OHKO Clause: OHKO moves are banned\n|rule|Evasion Clause: Evasion abilities, items, and moves are banned\n|rule|Evasion Abilities Clause: Evasion abilities are banned\n|rule|Evasion Items Clause: Evasion items are banned\n|rule|Evasion Moves Clause: Evasion moves are banned\n|rule|Species Clause: Limit one of each Pok\u00e9mon\n|rule|Sleep Clause Mod: Limit one foe put to sleep\n|clearpoke\n|poke|p1|Jellicent, M|\n|poke|p1|Amoonguss, F|\n|poke|p1|Ditto|\n|poke|p1|Terrakion|\n|poke|p1|Tornadus, M|\n|poke|p1|Thundurus, M|\n|poke|p2|Mightyena, M|\n|poke|p2|Nosepass, F|\n|poke|p2|Armarouge, F|\n|poke|p2|Spidops, M|\n|poke|p2|Delibird, F|\n|poke|p2|Gligar, M|\n|teampreview\n|\n|t:|1701155590\n|start\n|switch|p1a: Terrakion|Terrakion|100\/100\n|switch|p2a: Spidops|Spidops, M|100\/100\n|turn|1\n|\n|t:|1701155602\n|move|p1a: Terrakion|Rock Slide|p2a: Spidops\n|-supereffective|p2a: Spidops\n|-damage|p2a: Spidops|24\/100\n|-enditem|p2a: Spidops|Sitrus Berry|[eat]\n|-heal|p2a: Spidops|49\/100|[from] item: Sitrus Berry\n|cant|p2a: Spidops|flinch\n|\n|upkeep\n|turn|2\n|\n|t:|1701155611\n|move|p1a: Terrakion|Rock Slide|p2a: Spidops\n|-supereffective|p2a: Spidops\n|-damage|p2a: Spidops|0 fnt\n|faint|p2a: Spidops\n|\n|upkeep\n|\n|t:|1701155618\n|switch|p2a: Armarouge|Armarouge, F|100\/100\n|turn|3\n|\n|t:|1701155631\n|-terastallize|p1a: Terrakion|Rock\n|move|p1a: Terrakion|Rock Slide|p2a: Armarouge\n|-supereffective|p2a: Armarouge\n|-enditem|p2a: Armarouge|Focus Sash\n|-damage|p2a: Armarouge|1\/100\n|-ability|p2a: Armarouge|Weak Armor|boost\n|-unboost|p2a: Armarouge|def|1\n|-boost|p2a: Armarouge|spe|2\n|move|p2a: Armarouge|Psychic Terrain|p2a: Armarouge\n|-fieldstart|move: Psychic Terrain\n|\n|upkeep\n|turn|4\n|\n|t:|1701155643\n|move|p2a: Armarouge|Energy Ball|p1a: Terrakion\n|-supereffective|p1a: Terrakion\n|-crit|p1a: Terrakion\n|-damage|p1a: Terrakion|0 fnt\n|faint|p1a: Terrakion\n|\n|upkeep\n|\n|t:|1701155652\n|switch|p1a: Freelancer|Ditto|100\/100\n|-transform|p1a: Freelancer|p2a: Armarouge|[from] ability: Imposter\n|turn|5\n|\n|t:|1701155670\n|switch|p2a: Mightyena|Mightyena, M|100\/100\n|-ability|p2a: Mightyena|Intimidate|boost\n|-unboost|p1a: Freelancer|atk|1\n|move|p1a: Freelancer|Armor Cannon|p2a: Mightyena\n|-crit|p2a: Mightyena\n|-damage|p2a: Mightyena|0 fnt\n|-unboost|p1a: Freelancer|def|1\n|-unboost|p1a: Freelancer|spd|1\n|faint|p2a: Mightyena\n|\n|upkeep\n|\n|t:|1701155679\n|switch|p2a: Nosepass|Nosepass, F, shiny|100\/100\n|turn|6\n|\n|t:|1701155691\n|switch|p1a: Amoonguss|Amoonguss, F|100\/100\n|move|p2a: Nosepass|Head Smash|p1a: Amoonguss\n|-damage|p1a: Amoonguss|81\/100\n|-damage|p2a: Nosepass|83\/100|[from] Recoil\n|\n|upkeep\n|turn|7\n|\n|t:|1701155702\n|move|p1a: Amoonguss|Spore|p2a: Nosepass\n|-status|p2a: Nosepass|slp|[from] move: Spore\n|cant|p2a: Nosepass|slp\n|\n|-fieldend|move: Psychic Terrain\n|upkeep\n|turn|8\n|\n|t:|1701155712\n|-curestatus|p2a: Nosepass|slp|[msg]\n|move|p2a: Nosepass|Stealth Rock|p1a: Amoonguss\n|-sidestart|p1: yopierdo|move: Stealth Rock\n|move|p1a: Amoonguss|Giga Drain|p2a: Nosepass\n|-supereffective|p2a: Nosepass\n|-damage|p2a: Nosepass|21\/100\n|-heal|p1a: Amoonguss|98\/100|[from] drain|[of] p2a: Nosepass\n|\n|upkeep\n|turn|9\n|\n|t:|1701155723\n|move|p1a: Amoonguss|Giga Drain|p2a: Nosepass\n|-supereffective|p2a: Nosepass\n|-damage|p2a: Nosepass|0 fnt\n|-heal|p1a: Amoonguss|100\/100|[from] drain|[of] p2a: Nosepass\n|faint|p2a: Nosepass\n|\n|upkeep\n|\n|t:|1701155726\n|switch|p2a: Armarouge|Armarouge, F|1\/100\n|turn|10\n|\n|t:|1701155744\n|switch|p1a: Jellicent|Jellicent, M|100\/100\n|-damage|p1a: Jellicent|88\/100|[from] Stealth Rock\n|move|p2a: Armarouge|Armor Cannon|p1a: Jellicent\n|-resisted|p1a: Jellicent\n|-damage|p1a: Jellicent|55\/100\n|-unboost|p2a: Armarouge|def|1\n|-unboost|p2a: Armarouge|spd|1\n|\n|upkeep\n|turn|11\n|\n|t:|1701155756\n|move|p1a: Jellicent|Scald|p2a: Armarouge\n|-supereffective|p2a: Armarouge\n|-damage|p2a: Armarouge|0 fnt\n|faint|p2a: Armarouge\n|\n|upkeep\n|\n|t:|1701155765\n|switch|p2a: Delibird|Delibird, F|100\/100\n|turn|12\n|\n|t:|1701155781\n|move|p1a: Jellicent|Scald|p2a: Delibird\n|-damage|p2a: Delibird|13\/100\n|-status|p2a: Delibird|brn\n|move|p2a: Delibird|Freeze-Dry|p1a: Jellicent\n|-supereffective|p1a: Jellicent\n|-damage|p1a: Jellicent|15\/100\n|\n|-damage|p2a: Delibird|8\/100 brn|[from] brn\n|upkeep\n|turn|13\n|c|\u2606TurtleXpert|gg\n|-message|TurtleXpert forfeited.\n|\n|win|yopierdo\n|raw|yopierdo's rating: 1050 &rarr; <strong>1089<\/strong><br \/>(+39 for winning)\n|raw|TurtleXpert's rating: 1117 &rarr; <strong>1087<\/strong><br \/>(-30 for losing)\n|l|\u2606TurtleXpert\n","uploadtime":1701155809,"views":6,"p1id":"yopierdo","p2id":"turtlexpert","formatid":"gen9nationaldex","rating":1087,"private":0,"password":""}