{"id":"gen9nationaldex-1987125092","p1":"BIGHEATAH_I","p2":"quebecquagsires","format":"[Gen 9] National Dex","log":"|j|\u2606BIGHEATAH_I\n|j|\u2606quebecquagsires\n|t:|1699558121\n|gametype|singles\n|player|p1|BIGHEATAH_I|265|1687\n|player|p2|quebecquagsires|lucas|1609\n|teamsize|p1|6\n|teamsize|p2|6\n|gen|9\n|tier|[Gen 9] National Dex\n|rated|\n|rule|HP Percentage Mod: HP is shown in percentages\n|rule|Endless Battle Clause: Forcing endless battles is banned\n|rule|OHKO Clause: OHKO moves are banned\n|rule|Evasion Clause: Evasion abilities, items, and moves are banned\n|rule|Evasion Abilities Clause: Evasion abilities are banned\n|rule|Evasion Items Clause: Evasion items are banned\n|rule|Evasion Moves Clause: Evasion moves are banned\n|rule|Species Clause: Limit one of each Pok\u00e9mon\n|rule|Sleep Clause Mod: Limit one foe put to sleep\n|clearpoke\n|poke|p1|Latios, M|\n|poke|p1|Samurott-Hisui, M|\n|poke|p1|Kartana|\n|poke|p1|Clodsire, F|\n|poke|p1|Corviknight, F|\n|poke|p1|Tangrowth, M|\n|poke|p2|Ogerpon-Wellspring, F|\n|poke|p2|Okidogi, M|\n|poke|p2|Celesteela|\n|poke|p2|Clodsire, M|\n|poke|p2|Skeledirge, M|\n|poke|p2|Rotom-Wash|\n|teampreview\n|inactive|Battle timer is ON: inactive players will automatically lose when time's up. (requested by quebecquagsires)\n|\n|t:|1699558145\n|start\n|switch|p1a: Tangrowth|Tangrowth, M|100\/100\n|switch|p2a: Rotom|Rotom-Wash, shiny|100\/100\n|turn|1\n|\n|t:|1699558150\n|move|p2a: Rotom|Volt Switch|p1a: Tangrowth\n|-resisted|p1a: Tangrowth\n|-damage|p1a: Tangrowth|91\/100\n|\n|t:|1699558155\n|switch|p2a: Skeledirge|Skeledirge, M|100\/100|[from] Volt Switch\n|move|p1a: Tangrowth|Knock Off|p2a: Skeledirge\n|-supereffective|p2a: Skeledirge\n|-damage|p2a: Skeledirge|75\/100\n|-enditem|p2a: Skeledirge|Heavy-Duty Boots|[from] move: Knock Off|[of] p1a: Tangrowth\n|\n|upkeep\n|turn|2\n|\n|t:|1699558162\n|switch|p1a: Latios|Latios, M|100\/100\n|move|p2a: Skeledirge|Torch Song|p1a: Latios\n|-resisted|p1a: Latios\n|-damage|p1a: Latios|86\/100\n|-boost|p2a: Skeledirge|spa|1\n|\n|upkeep\n|turn|3\n|\n|t:|1699558171\n|switch|p1a: Tangrowth|Tangrowth, M|100\/100\n|move|p2a: Skeledirge|Shadow Ball|p1a: Tangrowth\n|-damage|p1a: Tangrowth|71\/100\n|\n|upkeep\n|turn|4\n|\n|t:|1699558177\n|switch|p1a: Clodsire|Clodsire, F|100\/100\n|move|p2a: Skeledirge|Torch Song|p1a: Clodsire\n|-damage|p1a: Clodsire|82\/100\n|-boost|p2a: Skeledirge|spa|1\n|\n|-heal|p1a: Clodsire|88\/100|[from] item: Leftovers\n|upkeep\n|turn|5\n|\n|t:|1699558184\n|move|p2a: Skeledirge|Yawn|p1a: Clodsire\n|-start|p1a: Clodsire|move: Yawn|[of] p2a: Skeledirge\n|move|p1a: Clodsire|Stealth Rock|p2a: Skeledirge\n|-sidestart|p2: quebecquagsires|move: Stealth Rock\n|\n|-heal|p1a: Clodsire|94\/100|[from] item: Leftovers\n|upkeep\n|turn|6\n|\n|t:|1699558189\n|move|p2a: Skeledirge|Yawn||[still]\n|-fail|p2a: Skeledirge\n|move|p1a: Clodsire|Toxic|p2a: Skeledirge\n|-status|p2a: Skeledirge|tox\n|\n|-heal|p1a: Clodsire|100\/100|[from] item: Leftovers\n|-damage|p2a: Skeledirge|69\/100 tox|[from] psn\n|-end|p1a: Clodsire|move: Yawn|[silent]\n|-status|p1a: Clodsire|slp\n|upkeep\n|turn|7\n|\n|t:|1699558196\n|switch|p2a: Rotom|Rotom-Wash, shiny|100\/100\n|-damage|p2a: Rotom|88\/100|[from] Stealth Rock\n|cant|p1a: Clodsire|slp\n|\n|-heal|p2a: Rotom|94\/100|[from] item: Leftovers\n|upkeep\n|turn|8\n|\n|t:|1699558198\n|move|p2a: Rotom|Defog|p1a: Clodsire\n|-unboost|p1a: Clodsire|evasion|1\n|-sideend|p2: quebecquagsires|Stealth Rock|[from] move: Defog|[of] p2a: Rotom\n|cant|p1a: Clodsire|slp\n|\n|-heal|p2a: Rotom|100\/100|[from] item: Leftovers\n|upkeep\n|turn|9\n|\n|t:|1699558200\n|move|p2a: Rotom|Hydro Pump|p1a: Clodsire\n|-supereffective|p1a: Clodsire\n|-damage|p1a: Clodsire|42\/100 slp\n|-curestatus|p1a: Clodsire|slp|[msg]\n|move|p1a: Clodsire|Stealth Rock|p2a: Rotom\n|-sidestart|p2: quebecquagsires|move: Stealth Rock\n|\n|-heal|p1a: Clodsire|48\/100|[from] item: Leftovers\n|upkeep\n|turn|10\n|\n|t:|1699558206\n|move|p2a: Rotom|Hydro Pump|p1a: Clodsire\n|-supereffective|p1a: Clodsire\n|-damage|p1a: Clodsire|0 fnt\n|faint|p1a: Clodsire\n|\n|upkeep\n|\n|t:|1699558209\n|switch|p1a: Latios|Latios, M|86\/100\n|turn|11\n|\n|t:|1699558216\n|detailschange|p1a: Latios|Latios-Mega, M\n|-mega|p1a: Latios|Latios|Latiosite\n|move|p1a: Latios|Draco Meteor|p2a: Rotom\n|-damage|p2a: Rotom|12\/100\n|-unboost|p1a: Latios|spa|2\n|move|p2a: Rotom|Defog|p1a: Latios\n|-unboost|p1a: Latios|evasion|1\n|-sideend|p2: quebecquagsires|Stealth Rock|[from] move: Defog|[of] p2a: Rotom\n|\n|-heal|p2a: Rotom|18\/100|[from] item: Leftovers\n|upkeep\n|turn|12\n|\n|t:|1699558227\n|switch|p1a: Samurott|Samurott-Hisui, M|100\/100\n|move|p2a: Rotom|Pain Split|p1a: Samurott\n|-sethp|p1a: Samurott|59\/100|[from] move: Pain Split|[silent]\n|-sethp|p2a: Rotom|62\/100|[from] move: Pain Split\n|\n|-heal|p2a: Rotom|68\/100|[from] item: Leftovers\n|upkeep\n|turn|13\n|\n|t:|1699558234\n|switch|p1a: Tangrowth|Tangrowth, M|100\/100\n|move|p2a: Rotom|Volt Switch|p1a: Tangrowth\n|-resisted|p1a: Tangrowth\n|-damage|p1a: Tangrowth|89\/100\n|\n|t:|1699558246\n|switch|p2a: Skeledirge|Skeledirge, M|69\/100 tox|[from] Volt Switch\n|\n|-damage|p2a: Skeledirge|63\/100 tox|[from] psn\n|upkeep\n|turn|14\n|\n|t:|1699558255\n|switch|p1a: Latios|Latios-Mega, M|86\/100\n|move|p2a: Skeledirge|Torch Song|p1a: Latios\n|-resisted|p1a: Latios\n|-damage|p1a: Latios|72\/100\n|-boost|p2a: Skeledirge|spa|1\n|\n|-damage|p2a: Skeledirge|51\/100 tox|[from] psn\n|upkeep\n|turn|15\n|\n|t:|1699558264\n|move|p1a: Latios|Draco Meteor|p2a: Skeledirge|[miss]\n|-miss|p1a: Latios|p2a: Skeledirge\n|move|p2a: Skeledirge|Shadow Ball|p1a: Latios\n|-supereffective|p1a: Latios\n|-damage|p1a: Latios|0 fnt\n|faint|p1a: Latios\n|\n|-damage|p2a: Skeledirge|33\/100 tox|[from] psn\n|upkeep\n|c|\u2606quebecquagsires|oy\n|\n|t:|1699558273\n|switch|p1a: Samurott|Samurott-Hisui, M|59\/100\n|turn|16\n|\n|t:|1699558279\n|move|p1a: Samurott|Swords Dance|p1a: Samurott\n|-boost|p1a: Samurott|atk|2\n|move|p2a: Skeledirge|Yawn|p1a: Samurott\n|-start|p1a: Samurott|move: Yawn|[of] p2a: Skeledirge\n|\n|-damage|p2a: Skeledirge|8\/100 tox|[from] psn\n|upkeep\n|turn|17\n|\n|t:|1699558286\n|switch|p1a: Tangrowth|Tangrowth, M|100\/100\n|move|p2a: Skeledirge|Torch Song|p1a: Tangrowth\n|-supereffective|p1a: Tangrowth\n|-damage|p1a: Tangrowth|41\/100\n|-boost|p2a: Skeledirge|spa|1\n|\n|-damage|p2a: Skeledirge|0 fnt|[from] psn\n|faint|p2a: Skeledirge\n|upkeep\n|\n|t:|1699558297\n|switch|p2a: Okidogi|Okidogi, M|100\/100\n|turn|18\n|\n|t:|1699558307\n|switch|p1a: Corviknight|Corviknight, F|100\/100\n|-ability|p1a: Corviknight|Pressure\n|move|p2a: Okidogi|Gunk Shot|p1a: Corviknight\n|-immune|p1a: Corviknight\n|\n|upkeep\n|turn|19\n|\n|t:|1699558312\n|switch|p2a: Rotom|Rotom-Wash, shiny|68\/100\n|move|p1a: Corviknight|Body Press|p2a: Rotom\n|-damage|p2a: Rotom|40\/100\n|\n|-heal|p2a: Rotom|47\/100|[from] item: Leftovers\n|upkeep\n|turn|20\n|\n|t:|1699558318\n|switch|p1a: Tangrowth|Tangrowth, M|74\/100\n|move|p2a: Rotom|Pain Split|p1a: Tangrowth\n|-sethp|p1a: Tangrowth|54\/100|[from] move: Pain Split|[silent]\n|-sethp|p2a: Rotom|72\/100|[from] move: Pain Split\n|\n|-heal|p2a: Rotom|78\/100|[from] item: Leftovers\n|upkeep\n|turn|21\n|inactive|BIGHEATAH_I has 120 seconds left.\n|\n|t:|1699558354\n|move|p2a: Rotom|Volt Switch|p1a: Tangrowth\n|-resisted|p1a: Tangrowth\n|-damage|p1a: Tangrowth|44\/100\n|\n|t:|1699558365\n|switch|p2a: Celesteela|Celesteela|100\/100|[from] Volt Switch\n|move|p1a: Tangrowth|Earthquake|p2a: Celesteela\n|-immune|p2a: Celesteela\n|\n|upkeep\n|turn|22\n|inactive|BIGHEATAH_I has 120 seconds left.\n|\n|t:|1699558393\n|move|p2a: Celesteela|Fire Blast|p1a: Tangrowth\n|-supereffective|p1a: Tangrowth\n|-damage|p1a: Tangrowth|10\/100\n|move|p1a: Tangrowth|Knock Off|p2a: Celesteela\n|-damage|p2a: Celesteela|87\/100\n|-enditem|p2a: Celesteela|Leftovers|[from] move: Knock Off|[of] p1a: Tangrowth\n|\n|upkeep\n|turn|23\n|inactive|BIGHEATAH_I has 90 seconds left.\n|\n|t:|1699558423\n|switch|p1a: Samurott|Samurott-Hisui, M|59\/100\n|move|p2a: Celesteela|Heavy Slam|p1a: Samurott\n|-resisted|p1a: Samurott\n|-damage|p1a: Samurott|34\/100\n|\n|upkeep\n|turn|24\n|\n|t:|1699558430\n|move|p1a: Samurott|Swords Dance|p1a: Samurott\n|-boost|p1a: Samurott|atk|2\n|move|p2a: Celesteela|Leech Seed|p1a: Samurott\n|-start|p1a: Samurott|move: Leech Seed\n|\n|-damage|p1a: Samurott|21\/100|[from] Leech Seed|[of] p2a: Celesteela\n|-heal|p2a: Celesteela|97\/100|[silent]\n|upkeep\n|turn|25\n|\n|t:|1699558437\n|move|p2a: Celesteela|Protect|p2a: Celesteela\n|-singleturn|p2a: Celesteela|Protect\n|move|p1a: Samurott|Swords Dance|p1a: Samurott\n|-boost|p1a: Samurott|atk|2\n|\n|-damage|p1a: Samurott|9\/100|[from] Leech Seed|[of] p2a: Celesteela\n|-heal|p2a: Celesteela|100\/100|[silent]\n|upkeep\n|turn|26\n|\n|t:|1699558449\n|switch|p2a: Clodsire|Clodsire, M|100\/100\n|move|p1a: Samurott|Ceaseless Edge|p2a: Clodsire\n|-damage|p2a: Clodsire|0 fnt\n|-sidestart|p2: quebecquagsires|Spikes\n|faint|p2a: Clodsire\n|\n|upkeep\n|\n|t:|1699558454\n|switch|p2a: Celesteela|Celesteela|100\/100\n|turn|27\n|inactive|BIGHEATAH_I has 120 seconds left.\n|\n|t:|1699558464\n|switch|p1a: Corviknight|Corviknight, F|100\/100\n|-ability|p1a: Corviknight|Pressure\n|move|p2a: Celesteela|Protect||[still]\n|-fail|p2a: Celesteela\n|\n|upkeep\n|turn|28\n|inactive|BIGHEATAH_I has 120 seconds left.\n|\n|t:|1699558490\n|-terastallize|p1a: Corviknight|Dragon\n|move|p1a: Corviknight|Iron Defense|p1a: Corviknight\n|-boost|p1a: Corviknight|def|2\n|move|p2a: Celesteela|Leech Seed|p1a: Corviknight\n|-start|p1a: Corviknight|move: Leech Seed\n|\n|-damage|p1a: Corviknight|88\/100|[from] Leech Seed|[of] p2a: Celesteela\n|upkeep\n|turn|29\n|\n|t:|1699558507\n|switch|p2a: Okidogi|Okidogi, M|100\/100\n|-damage|p2a: Okidogi|88\/100|[from] Spikes\n|move|p1a: Corviknight|Body Press|p2a: Okidogi\n|-resisted|p2a: Okidogi\n|-damage|p2a: Okidogi|62\/100\n|\n|-damage|p1a: Corviknight|75\/100|[from] Leech Seed|[of] p2a: Okidogi\n|-heal|p2a: Okidogi|77\/100|[silent]\n|upkeep\n|turn|30\n|\n|t:|1699558518\n|move|p2a: Okidogi|Gunk Shot|p1a: Corviknight\n|-damage|p1a: Corviknight|57\/100\n|move|p1a: Corviknight|Body Press|p2a: Okidogi\n|-resisted|p2a: Okidogi\n|-damage|p2a: Okidogi|51\/100\n|\n|-damage|p1a: Corviknight|45\/100|[from] Leech Seed|[of] p2a: Okidogi\n|-heal|p2a: Okidogi|67\/100|[silent]\n|upkeep\n|turn|31\n|\n|t:|1699558524\n|switch|p1a: Kartana|Kartana|100\/100\n|move|p2a: Okidogi|Gunk Shot|p1a: Kartana\n|-immune|p1a: Kartana\n|\n|upkeep\n|turn|32\n|\n|t:|1699558541\n|switch|p1a: Samurott|Samurott-Hisui, M|9\/100\n|switch|p2a: Celesteela|Celesteela|100\/100\n|\n|upkeep\n|turn|33\n|\n|t:|1699558558\n|move|p1a: Samurott|Ceaseless Edge|p2a: Celesteela\n|-damage|p2a: Celesteela|68\/100\n|-sidestart|p2: quebecquagsires|Spikes\n|move|p2a: Celesteela|Heavy Slam|p1a: Samurott\n|-resisted|p1a: Samurott\n|-damage|p1a: Samurott|0 fnt\n|faint|p1a: Samurott\n|-ability|p2a: Celesteela|Beast Boost|boost\n|-boost|p2a: Celesteela|def|1\n|\n|upkeep\n|inactive|BIGHEATAH_I has 90 seconds left.\n|\n|t:|1699558573\n|switch|p1a: Tangrowth|Tangrowth, M|43\/100\n|turn|34\n|\n|t:|1699558576\n|switch|p1a: Corviknight|Corviknight, F, tera:Dragon|45\/100\n|-ability|p1a: Corviknight|Pressure\n|move|p2a: Celesteela|Fire Blast|p1a: Corviknight\n|-resisted|p1a: Corviknight\n|-damage|p1a: Corviknight|33\/100\n|-status|p1a: Corviknight|brn\n|\n|-damage|p1a: Corviknight|26\/100 brn|[from] brn\n|upkeep\n|turn|35\n|\n|t:|1699558582\n|move|p1a: Corviknight|Roost|p1a: Corviknight\n|-heal|p1a: Corviknight|76\/100 brn\n|move|p2a: Celesteela|Leech Seed|p1a: Corviknight|[miss]\n|-miss|p2a: Celesteela|p1a: Corviknight\n|\n|-damage|p1a: Corviknight|70\/100 brn|[from] brn\n|upkeep\n|turn|36\n|\n|t:|1699558587\n|switch|p1a: Tangrowth|Tangrowth, M|76\/100\n|move|p2a: Celesteela|Leech Seed|p1a: Tangrowth\n|-immune|p1a: Tangrowth\n|\n|upkeep\n|turn|37\n|inactive|BIGHEATAH_I has 120 seconds left.\n|\n|t:|1699558592\n|move|p2a: Celesteela|Fire Blast|p1a: Tangrowth\n|-supereffective|p1a: Tangrowth\n|-damage|p1a: Tangrowth|46\/100\n|move|p1a: Tangrowth|Hidden Power|p2a: Celesteela\n|-supereffective|p2a: Celesteela\n|-damage|p2a: Celesteela|43\/100\n|\n|upkeep\n|turn|38\n|\n|t:|1699558602\n|switch|p2a: Ogerpon|Ogerpon-Wellspring, F|100\/100\n|-damage|p2a: Ogerpon|84\/100|[from] Spikes\n|switch|p1a: Corviknight|Corviknight, F, tera:Dragon|70\/100 brn\n|-ability|p1a: Corviknight|Pressure\n|\n|-damage|p1a: Corviknight|64\/100 brn|[from] brn\n|upkeep\n|turn|39\n|\n|t:|1699558607\n|-terastallize|p2a: Ogerpon|Water\n|detailschange|p2a: Ogerpon|Ogerpon-Wellspring-Tera, F, tera:Water\n|-ability|p2a: Ogerpon|Embody Aspect (Wellspring)|boost\n|-boost|p2a: Ogerpon|spd|1\n|move|p2a: Ogerpon|Swords Dance|p2a: Ogerpon\n|-boost|p2a: Ogerpon|atk|2\n|move|p1a: Corviknight|Roost|p1a: Corviknight\n|-heal|p1a: Corviknight|100\/100 brn\n|\n|-damage|p1a: Corviknight|94\/100 brn|[from] brn\n|upkeep\n|turn|40\n|\n|t:|1699558616\n|move|p2a: Ogerpon|Swords Dance|p2a: Ogerpon\n|-boost|p2a: Ogerpon|atk|2\n|move|p1a: Corviknight|Iron Defense|p1a: Corviknight\n|-boost|p1a: Corviknight|def|2\n|\n|-damage|p1a: Corviknight|88\/100 brn|[from] brn\n|upkeep\n|turn|41\n|\n|t:|1699558620\n|move|p2a: Ogerpon|Swords Dance|p2a: Ogerpon\n|-boost|p2a: Ogerpon|atk|2\n|move|p1a: Corviknight|Iron Defense|p1a: Corviknight\n|-boost|p1a: Corviknight|def|2\n|\n|-damage|p1a: Corviknight|82\/100 brn|[from] brn\n|upkeep\n|turn|42\n|\n|t:|1699558626\n|move|p2a: Ogerpon|Ivy Cudgel|p1a: Corviknight\n|-resisted|p1a: Corviknight\n|-crit|p1a: Corviknight\n|-damage|p1a: Corviknight|0 fnt\n|faint|p1a: Corviknight\n|\n|upkeep\n|\n|t:|1699558638\n|switch|p1a: Kartana|Kartana|100\/100\n|turn|43\n|\n|t:|1699558650\n|move|p1a: Kartana|Leaf Blade|p2a: Ogerpon\n|-supereffective|p2a: Ogerpon\n|-damage|p2a: Ogerpon|0 fnt\n|faint|p2a: Ogerpon\n|-ability|p1a: Kartana|Beast Boost|boost\n|-boost|p1a: Kartana|atk|1\n|\n|upkeep\n|\n|t:|1699558655\n|switch|p2a: Celesteela|Celesteela|43\/100\n|turn|44\n|\n|t:|1699558658\n|switch|p1a: Tangrowth|Tangrowth, M|79\/100\n|move|p2a: Celesteela|Fire Blast|p1a: Tangrowth|[miss]\n|-miss|p2a: Celesteela|p1a: Tangrowth\n|\n|upkeep\n|turn|45\n|j| TheBaggering018491\n|\n|t:|1699558669\n|switch|p2a: Rotom|Rotom-Wash, shiny|78\/100\n|move|p1a: Tangrowth|Hidden Power|p2a: Rotom\n|-resisted|p2a: Rotom\n|-damage|p2a: Rotom|71\/100\n|\n|-heal|p2a: Rotom|77\/100|[from] item: Leftovers\n|upkeep\n|turn|46\n|\n|t:|1699558683\n|move|p2a: Rotom|Defog|p1a: Tangrowth\n|-unboost|p1a: Tangrowth|evasion|1\n|-sideend|p2: quebecquagsires|Spikes|[from] move: Defog|[of] p2a: Rotom\n|move|p1a: Tangrowth|Giga Drain|p2a: Rotom\n|-supereffective|p2a: Rotom\n|-damage|p2a: Rotom|18\/100\n|-heal|p1a: Tangrowth|100\/100|[from] drain|[of] p2a: Rotom\n|\n|-heal|p2a: Rotom|24\/100|[from] item: Leftovers\n|upkeep\n|turn|47\n|\n|t:|1699558696\n|move|p2a: Rotom|Pain Split|p1a: Tangrowth\n|-sethp|p1a: Tangrowth|59\/100|[from] move: Pain Split|[silent]\n|-sethp|p2a: Rotom|79\/100|[from] move: Pain Split\n|move|p1a: Tangrowth|Giga Drain|p2a: Rotom\n|-supereffective|p2a: Rotom\n|-damage|p2a: Rotom|18\/100\n|-heal|p1a: Tangrowth|82\/100|[from] drain|[of] p2a: Rotom\n|\n|-heal|p2a: Rotom|24\/100|[from] item: Leftovers\n|upkeep\n|turn|48\n|\n|t:|1699558703\n|move|p2a: Rotom|Pain Split|p1a: Tangrowth\n|-sethp|p1a: Tangrowth|50\/100|[from] move: Pain Split|[silent]\n|-sethp|p2a: Rotom|67\/100|[from] move: Pain Split\n|move|p1a: Tangrowth|Giga Drain|p2a: Rotom\n|-supereffective|p2a: Rotom\n|-damage|p2a: Rotom|7\/100\n|-heal|p1a: Tangrowth|73\/100|[from] drain|[of] p2a: Rotom\n|\n|-heal|p2a: Rotom|14\/100|[from] item: Leftovers\n|upkeep\n|turn|49\n|\n|t:|1699558710\n|move|p2a: Rotom|Pain Split|p1a: Tangrowth\n|-sethp|p1a: Tangrowth|41\/100|[from] move: Pain Split|[silent]\n|-sethp|p2a: Rotom|55\/100|[from] move: Pain Split\n|move|p1a: Tangrowth|Giga Drain|p2a: Rotom\n|-supereffective|p2a: Rotom\n|-damage|p2a: Rotom|0 fnt\n|-heal|p1a: Tangrowth|62\/100|[from] drain|[of] p2a: Rotom\n|faint|p2a: Rotom\n|\n|upkeep\n|\n|t:|1699558718\n|switch|p2a: Okidogi|Okidogi, M|67\/100\n|turn|50\n|inactive|BIGHEATAH_I has 120 seconds left.\n|\n|t:|1699558761\n|move|p2a: Okidogi|Gunk Shot|p1a: Tangrowth\n|-supereffective|p1a: Tangrowth\n|-damage|p1a: Tangrowth|0 fnt\n|faint|p1a: Tangrowth\n|\n|upkeep\n|\n|t:|1699558764\n|switch|p1a: Kartana|Kartana|100\/100\n|turn|51\n|inactive|BIGHEATAH_I has 120 seconds left.\n|\n|t:|1699558773\n|switch|p2a: Celesteela|Celesteela|43\/100\n|move|p1a: Kartana|Smart Strike|p2a: Celesteela\n|-resisted|p2a: Celesteela\n|-damage|p2a: Celesteela|29\/100\n|\n|upkeep\n|turn|52\n|\n|t:|1699558779\n|move|p1a: Kartana|Smart Strike|p2a: Celesteela\n|-resisted|p2a: Celesteela\n|-damage|p2a: Celesteela|15\/100\n|move|p2a: Celesteela|Fire Blast|p1a: Kartana|[miss]\n|-miss|p2a: Celesteela|p1a: Kartana\n|\n|upkeep\n|turn|53\n|\n|t:|1699558786\n|move|p1a: Kartana|Smart Strike|p2a: Celesteela\n|-resisted|p2a: Celesteela\n|-damage|p2a: Celesteela|0 fnt\n|faint|p2a: Celesteela\n|-ability|p1a: Kartana|Beast Boost|boost\n|-boost|p1a: Kartana|atk|1\n|\n|upkeep\n|c|\u2606quebecquagsires|unreal\n|\n|t:|1699558792\n|switch|p2a: Okidogi|Okidogi, M|67\/100\n|turn|54\n|c|\u2606BIGHEATAH_I|crit\n|\n|t:|1699558796\n|move|p1a: Kartana|Smart Strike|p2a: Okidogi\n|-damage|p2a: Okidogi|0 fnt\n|faint|p2a: Okidogi\n|\n|win|BIGHEATAH_I\n|raw|BIGHEATAH_I's rating: 1687 &rarr; <strong>1703<\/strong><br \/>(+16 for winning)\n|raw|quebecquagsires's rating: 1609 &rarr; <strong>1593<\/strong><br \/>(-16 for losing)\n|c|\u2606quebecquagsires|gg\n|c|\u2606quebecquagsires|die\n|l|\u2606quebecquagsires\n|l| TheBaggering018491\n|j|&DaWoblefet\n|c|&DaWoblefet|\/log quebecquagsires was locked from talking for a week by DaWoblefet. (telling others to die)\n|l|&DaWoblefet\n","uploadtime":1699558841,"views":3,"p1id":"bigheatahi","p2id":"quebecquagsires","formatid":"gen9nationaldex","rating":1593,"private":0,"password":""}