{"id":"gen9nationaldex-1994621618","p1":"chen170015098","p2":"xxyyzlu","format":"[Gen 9] National Dex","log":"|html|<div class=\"broadcast-blue\"><strong>[Gen 9] National Dex is currently suspecting Sneasler! For information on how to participate check out the <a href=\"https:\/\/www.smogon.com\/forums\/threads\/sv-national-dex-suspect-8-just-dance.3731534\/\">suspect thread<\/a>.<\/strong><\/div>\n|j|\u2606chen170015098\n|j|\u2606xxyyzlu\n|t:|1700470826\n|gametype|singles\n|player|p1|chen170015098|iris-gen5bw2|1561\n|player|p2|xxyyzlu|169|1477\n|teamsize|p1|6\n|teamsize|p2|6\n|gen|9\n|tier|[Gen 9] National Dex\n|rated|\n|rule|HP Percentage Mod: HP is shown in percentages\n|rule|Endless Battle Clause: Forcing endless battles is banned\n|rule|OHKO Clause: OHKO moves are banned\n|rule|Evasion Clause: Evasion abilities, items, and moves are banned\n|rule|Evasion Abilities Clause: Evasion abilities are banned\n|rule|Evasion Items Clause: Evasion items are banned\n|rule|Evasion Moves Clause: Evasion moves are banned\n|rule|Species Clause: Limit one of each Pok\u00e9mon\n|rule|Sleep Clause Mod: Limit one foe put to sleep\n|clearpoke\n|poke|p1|Ogerpon-Cornerstone, F|\n|poke|p1|Landorus-Therian, M|\n|poke|p1|Alomomola, F|\n|poke|p1|Iron Moth|\n|poke|p1|Scizor, F|\n|poke|p1|Ting-Lu|\n|poke|p2|Kommo-o, M|\n|poke|p2|Gardevoir, M|\n|poke|p2|Heatran, M|\n|poke|p2|Glimmora, M|\n|poke|p2|Ferrothorn, M|\n|poke|p2|Rotom-Wash|\n|teampreview\n|inactive|Battle timer is ON: inactive players will automatically lose when time's up. (requested by chen170015098)\n|\n|t:|1700470847\n|start\n|switch|p1a: Ting-Lu|Ting-Lu|100\/100\n|switch|p2a: Heatran|Heatran, M|100\/100\n|-ability|p1a: Ting-Lu|Vessel of Ruin\n|turn|1\n|\n|t:|1700470859\n|move|p2a: Heatran|Taunt|p1a: Ting-Lu\n|-start|p1a: Ting-Lu|move: Taunt\n|cant|p1a: Ting-Lu|move: Taunt|Stealth Rock\n|\n|upkeep\n|turn|2\n|\n|t:|1700470866\n|switch|p2a: Rotom|Rotom-Wash|100\/100\n|move|p1a: Ting-Lu|Earthquake|p2a: Rotom\n|-immune|p2a: Rotom|[from] ability: Levitate\n|\n|upkeep\n|turn|3\n|\n|t:|1700470879\n|switch|p1a: Ogerpon|Ogerpon-Cornerstone, F|100\/100\n|move|p2a: Rotom|Trick||[still]\n|-fail|p2a: Rotom\n|\n|upkeep\n|turn|4\n|\n|t:|1700470888\n|switch|p2a: Ferrothorn|Ferrothorn, M|100\/100\n|move|p1a: Ogerpon|Swords Dance|p1a: Ogerpon\n|-boost|p1a: Ogerpon|atk|2\n|\n|upkeep\n|turn|5\n|\n|t:|1700470898\n|move|p1a: Ogerpon|Ivy Cudgel|p2a: Ferrothorn|[anim] Ivy Cudgel Rock\n|-resisted|p2a: Ferrothorn\n|-damage|p2a: Ferrothorn|62\/100\n|move|p2a: Ferrothorn|Gyro Ball|p1a: Ogerpon\n|-supereffective|p1a: Ogerpon\n|-ability|p1a: Ogerpon|Sturdy\n|-damage|p1a: Ogerpon|1\/100\n|\n|upkeep\n|turn|6\n|\n|t:|1700470907\n|move|p1a: Ogerpon|Knock Off|p2a: Ferrothorn\n|-damage|p2a: Ferrothorn|13\/100\n|-damage|p1a: Ogerpon|0 fnt|[from] ability: Iron Barbs|[of] p2a: Ferrothorn\n|faint|p1a: Ogerpon\n|move|p2a: Ferrothorn|Body Press|p1: Ogerpon|[notarget]\n|-fail|p2a: Ferrothorn\n|\n|upkeep\n|\n|t:|1700470929\n|switch|p1a: Scizor|Scizor, F|100\/100\n|turn|7\n|\n|t:|1700470933\n|detailschange|p1a: Scizor|Scizor-Mega, F\n|-mega|p1a: Scizor|Scizor|Scizorite\n|move|p1a: Scizor|U-turn|p2a: Ferrothorn\n|-damage|p2a: Ferrothorn|0 fnt\n|-damage|p1a: Scizor|88\/100|[from] ability: Iron Barbs|[of] p2a: Ferrothorn\n|-damage|p1a: Scizor|72\/100|[from] item: Rocky Helmet|[of] p2a: Ferrothorn\n|faint|p2a: Ferrothorn\n|\n|t:|1700470940\n|switch|p1a: Ting-Lu|Ting-Lu|100\/100|[from] U-turn\n|-ability|p1a: Ting-Lu|Vessel of Ruin\n|\n|upkeep\n|\n|t:|1700470947\n|switch|p2a: Rotom|Rotom-Wash|100\/100\n|turn|8\n|\n|t:|1700470958\n|switch|p1a: Scizor|Scizor-Mega, F|72\/100\n|move|p2a: Rotom|Volt Switch|p1a: Scizor\n|-damage|p1a: Scizor|44\/100\n|\n|t:|1700470965\n|switch|p2a: Heatran|Heatran, M|100\/100|[from] Volt Switch\n|\n|upkeep\n|turn|9\n|\n|t:|1700470970\n|move|p1a: Scizor|Roost|p1a: Scizor\n|-heal|p1a: Scizor|94\/100\n|-singleturn|p1a: Scizor|move: Roost\n|move|p2a: Heatran|Magma Storm|p1a: Scizor\n|-supereffective|p1a: Scizor\n|-damage|p1a: Scizor|0 fnt\n|faint|p1a: Scizor\n|\n|upkeep\n|\n|t:|1700470976\n|switch|p1a: Iron Moth|Iron Moth|100\/100\n|turn|10\n|\n|t:|1700470986\n|switch|p2a: Rotom|Rotom-Wash|100\/100\n|-terastallize|p1a: Iron Moth|Ground\n|move|p1a: Iron Moth|Tera Blast|p2a: Rotom|[anim] Tera Blast Ground\n|-immune|p2a: Rotom|[from] ability: Levitate\n|\n|upkeep\n|turn|11\n|\n|t:|1700471005\n|-end|p1a: Iron Moth|Quark Drive|[silent]\n|switch|p1a: Landorus|Landorus-Therian, M|100\/100\n|-ability|p1a: Landorus|Intimidate|boost\n|-unboost|p2a: Rotom|atk|1\n|move|p2a: Rotom|Hydro Pump|p1a: Landorus\n|-supereffective|p1a: Landorus\n|-damage|p1a: Landorus|0 fnt\n|faint|p1a: Landorus\n|\n|upkeep\n|-message|chen170015098 forfeited.\n|\n|win|xxyyzlu\n|raw|chen170015098's rating: 1561 &rarr; <strong>1536<\/strong><br \/>(-25 for losing)\n|raw|xxyyzlu's rating: 1477 &rarr; <strong>1502<\/strong><br \/>(+25 for winning)\n|l|\u2606chen170015098\n","uploadtime":1700471018,"views":12,"p1id":"chen170015098","p2id":"xxyyzlu","formatid":"gen9nationaldex","rating":1502,"private":0,"password":""}