{"id":"gen9nationaldex-1994157933","p1":"Elite four lai","p2":"Garbai","format":"[Gen 9] National Dex","log":"|j|\u2606Elite four lai\n|j|\u2606Garbai\n|t:|1700413600\n|gametype|singles\n|player|p1|Elite four lai|lady|\n|player|p2|Garbai|alec-anime|\n|teamsize|p1|6\n|teamsize|p2|6\n|gen|9\n|tier|[Gen 9] National Dex\n|rule|HP Percentage Mod: HP is shown in percentages\n|rule|Endless Battle Clause: Forcing endless battles is banned\n|rule|OHKO Clause: OHKO moves are banned\n|rule|Evasion Clause: Evasion abilities, items, and moves are banned\n|rule|Evasion Abilities Clause: Evasion abilities are banned\n|rule|Evasion Items Clause: Evasion items are banned\n|rule|Evasion Moves Clause: Evasion moves are banned\n|rule|Species Clause: Limit one of each Pok\u00e9mon\n|rule|Sleep Clause Mod: Limit one foe put to sleep\n|clearpoke\n|poke|p1|Tyranitar, M|\n|poke|p1|Cresselia, F|\n|poke|p1|Staraptor, F|\n|poke|p1|Bellibolt, F|\n|poke|p1|Iron Valiant|\n|poke|p1|Audino, F|\n|poke|p2|Kingler, M|\n|poke|p2|Spidops, F|\n|poke|p2|Cryogonal|\n|poke|p2|Cresselia, F|\n|poke|p2|Iron Valiant|\n|poke|p2|Camerupt, M|\n|teampreview\n|c|\u2606Garbai|glhf\n|c|\u2606Elite four lai|Glhf \u2764\n|c|\u2606Garbai|<3\n|\n|t:|1700413630\n|start\n|switch|p1a: Rainbow Dash|Staraptor, F|100\/100\n|switch|p2a: Sentai|Iron Valiant|100\/100\n|turn|1\n|\n|t:|1700413642\n|-end|p2a: Sentai|Quark Drive|[silent]\n|switch|p2a: Cheddar|Cresselia, F, shiny|100\/100\n|move|p1a: Rainbow Dash|Brave Bird|p2a: Cheddar\n|-damage|p2a: Cheddar|62\/100\n|-damage|p1a: Rainbow Dash|82\/100|[from] Recoil\n|\n|upkeep\n|turn|2\n|\n|t:|1700413651\n|switch|p1a: Spike|Tyranitar, M, shiny|100\/100\n|-weather|Sandstorm|[from] ability: Sand Stream|[of] p1a: Spike\n|move|p2a: Cheddar|Reflect|p2a: Cheddar\n|-sidestart|p2: Garbai|Reflect\n|\n|-weather|Sandstorm|[upkeep]\n|-damage|p2a: Cheddar|56\/100|[from] Sandstorm\n|upkeep\n|turn|3\n|\n|t:|1700413655\n|move|p1a: Spike|Dragon Dance|p1a: Spike\n|-boost|p1a: Spike|atk|1\n|-boost|p1a: Spike|spe|1\n|move|p2a: Cheddar|Thunder Wave|p1a: Spike\n|-status|p1a: Spike|par\n|\n|-weather|Sandstorm|[upkeep]\n|-damage|p2a: Cheddar|50\/100|[from] Sandstorm\n|upkeep\n|turn|4\n|c|\u2606Elite four lai|Moglbym kiedys do cb napisac? XD\n|c|\u2606Garbai|Jasna sprawa\n|\n|t:|1700413676\n|switch|p2a: Kooki|Kingler, M|100\/100\n|move|p1a: Spike|Dragon Dance|p1a: Spike\n|-boost|p1a: Spike|atk|1\n|-boost|p1a: Spike|spe|1\n|\n|-weather|Sandstorm|[upkeep]\n|-damage|p2a: Kooki|95\/100|[from] Sandstorm\n|upkeep\n|turn|5\n|c|\u2606Garbai|Nie jestem jako\u015b niedost\u0119pny i ka\u017cdemu staram si\u0119 odpisywa\u0107 xD\n|c|\u2606Elite four lai|Dobra, to ci\u0119 pom\u0119cz\u0119 kiedy\u015b xD\n|\n|t:|1700413691\n|-terastallize|p2a: Kooki|Water\n|move|p2a: Kooki|Liquidation|p1a: Spike\n|-supereffective|p1a: Spike\n|-damage|p1a: Spike|0 fnt\n|faint|p1a: Spike\n|\n|-weather|Sandstorm|[upkeep]\n|-damage|p2a: Kooki|89\/100|[from] Sandstorm\n|upkeep\n|c|\u2606Garbai|Trzymam za s\u0142owo\n|\n|t:|1700413699\n|switch|p1a: Fluttershy|Bellibolt, F, shiny|100\/100\n|turn|6\n|\n|t:|1700413703\n|move|p2a: Kooki|Liquidation|p1a: Fluttershy\n|-crit|p1a: Fluttershy\n|-damage|p1a: Fluttershy|14\/100\n|-start|p1a: Fluttershy|Charge|Liquidation|[from] ability: Electromorphosis\n|move|p1a: Fluttershy|Thunderbolt|p2a: Kooki\n|-supereffective|p2a: Kooki\n|-damage|p2a: Kooki|0 fnt\n|faint|p2a: Kooki\n|-end|p1a: Fluttershy|Charge|[silent]\n|\n|-weather|none\n|upkeep\n|c|\u2606Elite four lai|Ale \u017ce kryt\n|\n|t:|1700413716\n|switch|p2a: Sentai|Iron Valiant|100\/100\n|turn|7\n|\n|t:|1700413722\n|switch|p1a: Twilight Sparkle|Cresselia, F, shiny|100\/100\n|move|p2a: Sentai|Moonblast|p1a: Twilight Sparkle\n|-damage|p1a: Twilight Sparkle|58\/100\n|\n|-heal|p1a: Twilight Sparkle|64\/100|[from] item: Leftovers\n|upkeep\n|turn|8\n|\n|t:|1700413726\n|move|p2a: Sentai|Moonblast|p1a: Twilight Sparkle\n|-damage|p1a: Twilight Sparkle|15\/100\n|-unboost|p1a: Twilight Sparkle|spa|1\n|move|p1a: Twilight Sparkle|Calm Mind|p1a: Twilight Sparkle\n|-boost|p1a: Twilight Sparkle|spa|1\n|-boost|p1a: Twilight Sparkle|spd|1\n|\n|-heal|p1a: Twilight Sparkle|21\/100|[from] item: Leftovers\n|upkeep\n|turn|9\n|\n|t:|1700413733\n|switch|p1a: Pinky Pie|Audino, F|100\/100\n|move|p2a: Sentai|Moonblast|p1a: Pinky Pie\n|-damage|p1a: Pinky Pie|54\/100\n|\n|-heal|p1a: Pinky Pie|60\/100|[from] item: Leftovers\n|-sideend|p2: Garbai|Reflect\n|upkeep\n|turn|10\n|\n|t:|1700413739\n|move|p1a: Pinky Pie|Protect|p1a: Pinky Pie\n|-singleturn|p1a: Pinky Pie|Protect\n|move|p2a: Sentai|Moonblast|p1a: Pinky Pie\n|-activate|p1a: Pinky Pie|move: Protect\n|\n|-heal|p1a: Pinky Pie|67\/100|[from] item: Leftovers\n|upkeep\n|turn|11\n|\n|t:|1700413745\n|move|p2a: Sentai|Moonblast|p1a: Pinky Pie\n|-damage|p1a: Pinky Pie|24\/100\n|move|p1a: Pinky Pie|Wish|p1a: Pinky Pie\n|\n|-heal|p1a: Pinky Pie|30\/100|[from] item: Leftovers\n|upkeep\n|turn|12\n|\n|t:|1700413750\n|-end|p2a: Sentai|Quark Drive|[silent]\n|switch|p2a: Kafka|Spidops, F|100\/100\n|move|p1a: Pinky Pie|Protect||[still]\n|-fail|p1a: Pinky Pie\n|\n|-heal|p1a: Pinky Pie|80\/100|[from] move: Wish|[wisher] Pinky Pie\n|-heal|p1a: Pinky Pie|86\/100|[from] item: Leftovers\n|upkeep\n|turn|13\n|\n|t:|1700413779\n|move|p1a: Pinky Pie|Healing Wish|p1a: Pinky Pie\n|faint|p1a: Pinky Pie\n|move|p2a: Kafka|Sticky Web|p1: Pinky Pie\n|-sidestart|p1: Elite four lai|move: Sticky Web\n|\n|upkeep\n|\n|t:|1700413785\n|switch|p1a: Fluttershy|Bellibolt, F, shiny|14\/100\n|-heal|p1a: Fluttershy|100\/100|[from] move: Healing Wish\n|-activate|p1a: Fluttershy|move: Sticky Web\n|-unboost|p1a: Fluttershy|spe|1\n|turn|14\n|\n|t:|1700413789\n|move|p1a: Fluttershy|Thunderbolt|p2a: Kafka\n|-damage|p2a: Kafka|60\/100\n|move|p2a: Kafka|Circle Throw|p1a: Fluttershy\n|-damage|p1a: Fluttershy|93\/100\n|-start|p1a: Fluttershy|Charge|Circle Throw|[from] ability: Electromorphosis\n|drag|p1a: Rarity|Iron Valiant|100\/100\n|-activate|p1a: Rarity|move: Sticky Web\n|-unboost|p1a: Rarity|spe|1\n|\n|upkeep\n|turn|15\n|\n|t:|1700413798\n|move|p1a: Rarity|Spirit Break|p2a: Kafka\n|-damage|p2a: Kafka|17\/100\n|-unboost|p2a: Kafka|spa|1\n|-damage|p1a: Rarity|91\/100|[from] item: Life Orb\n|move|p2a: Kafka|Sticky Web||[still]\n|-fail|p2a: Kafka\n|\n|upkeep\n|turn|16\n|c|\u2606Garbai|Fuck, missclick xD\n|c|\u2606Garbai|Mia\u0142 by\u0107 inny ruch\n|c|\u2606Garbai|Welp\n|\n|t:|1700413813\n|switch|p2a: Amabatukam|Camerupt, M|100\/100\n|move|p1a: Rarity|Spirit Break|p2a: Amabatukam\n|-resisted|p2a: Amabatukam\n|-damage|p2a: Amabatukam|71\/100\n|-unboost|p2a: Amabatukam|spa|1\n|-damage|p1a: Rarity|81\/100|[from] item: Life Orb\n|\n|upkeep\n|turn|17\n|c|\u2606Elite four lai|Unlucky\n|\n|t:|1700413838\n|switch|p2a: Kafka|Spidops, F|17\/100\n|move|p1a: Rarity|Spirit Break|p2a: Kafka\n|-damage|p2a: Kafka|0 fnt\n|faint|p2a: Kafka\n|-damage|p1a: Rarity|71\/100|[from] item: Life Orb\n|\n|upkeep\n|\n|t:|1700413841\n|switch|p2a: Sentai|Iron Valiant|100\/100\n|turn|18\n|\n|t:|1700413856\n|-end|p1a: Rarity|Quark Drive|[silent]\n|switch|p1a: Twilight Sparkle|Cresselia, F, shiny|21\/100\n|move|p2a: Sentai|Moonblast|p1a: Twilight Sparkle\n|-damage|p1a: Twilight Sparkle|0 fnt\n|faint|p1a: Twilight Sparkle\n|\n|upkeep\n|\n|t:|1700413858\n|switch|p1a: Rainbow Dash|Staraptor, F|82\/100\n|turn|19\n|\n|t:|1700413864\n|-end|p2a: Sentai|Quark Drive|[silent]\n|switch|p2a: Amabatukam|Camerupt, M|71\/100\n|move|p1a: Rainbow Dash|Brave Bird|p2a: Amabatukam\n|-damage|p2a: Amabatukam|0 fnt\n|faint|p2a: Amabatukam\n|-damage|p1a: Rainbow Dash|61\/100|[from] Recoil\n|\n|upkeep\n|\n|t:|1700413868\n|switch|p2a: Cheddar|Cresselia, F, shiny|50\/100\n|turn|20\n|\n|t:|1700413873\n|move|p1a: Rainbow Dash|Brave Bird|p2a: Cheddar\n|-damage|p2a: Cheddar|13\/100\n|-damage|p1a: Rainbow Dash|44\/100|[from] Recoil\n|move|p2a: Cheddar|Thunder Wave|p1a: Rainbow Dash\n|-status|p1a: Rainbow Dash|par\n|\n|upkeep\n|turn|21\n|\n|t:|1700413879\n|move|p1a: Rainbow Dash|Brave Bird|p2a: Cheddar\n|-crit|p2a: Cheddar\n|-damage|p2a: Cheddar|0 fnt\n|faint|p2a: Cheddar\n|-damage|p1a: Rainbow Dash|38\/100 par|[from] Recoil\n|\n|upkeep\n|\n|t:|1700413882\n|switch|p2a: Sentai|Iron Valiant|100\/100\n|turn|22\n|c|\u2606Garbai|Da\u0142em dupy robi\u0105c te niepotrzebne switche\n|c|\u2606Elite four lai|Ajc, chyba padne\n|\n|t:|1700413909\n|move|p2a: Sentai|Moonblast|p1a: Rainbow Dash\n|-damage|p1a: Rainbow Dash|0 fnt\n|faint|p1a: Rainbow Dash\n|\n|upkeep\n|\n|t:|1700413911\n|switch|p1a: Fluttershy|Bellibolt, F, shiny|93\/100\n|-activate|p1a: Fluttershy|move: Sticky Web\n|-unboost|p1a: Fluttershy|spe|1\n|turn|23\n|\n|t:|1700413934\n|-terastallize|p1a: Fluttershy|Electric\n|move|p2a: Sentai|Moonblast|p1a: Fluttershy\n|-damage|p1a: Fluttershy|28\/100\n|-unboost|p1a: Fluttershy|spa|1\n|-start|p1a: Fluttershy|Charge|Moonblast|[from] ability: Electromorphosis\n|move|p1a: Fluttershy|Thunderbolt|p2a: Sentai\n|-damage|p2a: Sentai|2\/100\n|-end|p1a: Fluttershy|Charge|[silent]\n|\n|upkeep\n|turn|24\n|c|\u2606Garbai|O KURWA\n|c|\u2606Elite four lai|Aj\u0107\n|c|\u2606Garbai|A\u017c si\u0119 oplu\u0142em\n|c|\u2606Elite four lai|Gdyby nie ten drop\n|c|\u2606Elite four lai|XD\n|\n|t:|1700413955\n|move|p2a: Sentai|Moonblast|p1a: Fluttershy\n|-damage|p1a: Fluttershy|0 fnt\n|faint|p1a: Fluttershy\n|\n|upkeep\n|\n|t:|1700413956\n|switch|p1a: Rarity|Iron Valiant|71\/100\n|-activate|p1a: Rarity|move: Sticky Web\n|-unboost|p1a: Rarity|spe|1\n|turn|25\n|c|\u2606Garbai|Tak\n|c|\u2606Garbai|To by\u0142o straszne\n|\n|t:|1700413985\n|move|p2a: Sentai|Moonblast|p1a: Rarity\n|-supereffective|p1a: Rarity\n|-damage|p1a: Rarity|0 fnt\n|faint|p1a: Rarity\n|-end|p1a: Rarity|Quark Drive|[silent]\n|\n|win|Garbai\n|c|\u2606Elite four lai|gg\n|c|\u2606Garbai|g g\n","uploadtime":1700413994,"views":14,"p1id":"elitefourlai","p2id":"garbai","formatid":"gen9nationaldex","rating":0,"private":0,"password":""}