{"id":"gen9nationaldex-1996575988","p1":"R1ley5","p2":"kunkeingegege","format":"[Gen 9] National Dex","log":"|html|<div class=\"broadcast-blue\"><strong>[Gen 9] National Dex is currently suspecting Sneasler! For information on how to participate check out the <a href=\"https:\/\/www.smogon.com\/forums\/threads\/sv-national-dex-suspect-8-just-dance.3731534\/\">suspect thread<\/a>.<\/strong><\/div>\n|j|\u2606R1ley5\n|j|\u2606kunkeingegege\n|t:|1700696170\n|gametype|singles\n|player|p1|R1ley5|101|1231\n|player|p2|kunkeingegege|ghetsis|1215\n|teamsize|p1|6\n|teamsize|p2|6\n|gen|9\n|tier|[Gen 9] National Dex\n|rated|\n|rule|HP Percentage Mod: HP is shown in percentages\n|rule|Endless Battle Clause: Forcing endless battles is banned\n|rule|OHKO Clause: OHKO moves are banned\n|rule|Evasion Clause: Evasion abilities, items, and moves are banned\n|rule|Evasion Abilities Clause: Evasion abilities are banned\n|rule|Evasion Items Clause: Evasion items are banned\n|rule|Evasion Moves Clause: Evasion moves are banned\n|rule|Species Clause: Limit one of each Pok\u00e9mon\n|rule|Sleep Clause Mod: Limit one foe put to sleep\n|clearpoke\n|poke|p1|Aegislash, M|\n|poke|p1|Cofagrigus, F|\n|poke|p1|Corsola-Galar, M|\n|poke|p1|Glimmora, M|\n|poke|p1|Alomomola, F|\n|poke|p1|Grimmsnarl, M|\n|poke|p2|Alomomola, F|\n|poke|p2|Ting-Lu|\n|poke|p2|Skeledirge, M|\n|poke|p2|Sableye, F|\n|poke|p2|Ogerpon-Wellspring, F|\n|poke|p2|Glimmora, M|\n|teampreview\n|\n|t:|1700696174\n|start\n|switch|p1a: Grimmsnarl|Grimmsnarl, M|100\/100\n|switch|p2a: Glimmora|Glimmora, M|100\/100\n|-item|p2a: Glimmora|Air Balloon\n|turn|1\n|\n|t:|1700696183\n|move|p1a: Grimmsnarl|Reflect|p1a: Grimmsnarl\n|-sidestart|p1: R1ley5|Reflect\n|move|p2a: Glimmora|Spikes|p1a: Grimmsnarl\n|-sidestart|p1: R1ley5|Spikes\n|\n|upkeep\n|turn|2\n|\n|t:|1700696188\n|move|p1a: Grimmsnarl|Light Screen|p1a: Grimmsnarl\n|-sidestart|p1: R1ley5|move: Light Screen\n|move|p2a: Glimmora|Spikes|p1a: Grimmsnarl\n|-sidestart|p1: R1ley5|Spikes\n|\n|upkeep\n|turn|3\n|\n|t:|1700696193\n|move|p1a: Grimmsnarl|Parting Shot|p2a: Glimmora\n|-unboost|p2a: Glimmora|atk|1\n|-unboost|p2a: Glimmora|spa|1\n|\n|t:|1700696196\n|switch|p1a: Glimmora|Glimmora, M|100\/100|[from] Parting Shot\n|-damage|p1a: Glimmora|84\/100|[from] Spikes\n|move|p2a: Glimmora|Mortal Spin|p1a: Glimmora\n|-resisted|p1a: Glimmora\n|-damage|p1a: Glimmora|84\/100\n|\n|-heal|p1a: Glimmora|90\/100|[from] item: Black Sludge\n|upkeep\n|turn|4\n|\n|t:|1700696208\n|move|p2a: Glimmora|Earth Power|p1a: Glimmora\n|-supereffective|p1a: Glimmora\n|-damage|p1a: Glimmora|54\/100\n|move|p1a: Glimmora|Toxic|p2a: Glimmora\n|-status|p2a: Glimmora|tox\n|\n|-heal|p1a: Glimmora|60\/100|[from] item: Black Sludge\n|-damage|p2a: Glimmora|94\/100 tox|[from] psn\n|upkeep\n|turn|5\n|\n|t:|1700696220\n|move|p1a: Glimmora|Spiky Shield|p1a: Glimmora\n|-singleturn|p1a: Glimmora|move: Protect\n|move|p2a: Glimmora|Spikes|p1a: Glimmora\n|-sidestart|p1: R1ley5|Spikes\n|\n|-heal|p1a: Glimmora|66\/100|[from] item: Black Sludge\n|-damage|p2a: Glimmora|82\/100 tox|[from] psn\n|upkeep\n|turn|6\n|\n|t:|1700696230\n|-terastallize|p1a: Glimmora|Rock\n|move|p2a: Glimmora|Earth Power|p1a: Glimmora\n|-supereffective|p1a: Glimmora\n|-damage|p1a: Glimmora|47\/100\n|move|p1a: Glimmora|Mortal Spin|p2a: Glimmora\n|-resisted|p2a: Glimmora\n|-damage|p2a: Glimmora|80\/100 tox\n|-activate|p2a: Glimmora|ability: Toxic Debris\n|-sidestart|p1: R1ley5|move: Toxic Spikes\n|-enditem|p2a: Glimmora|Air Balloon\n|-sideend|p1: R1ley5|Spikes|[from] move: Mortal Spin|[of] p1a: Glimmora\n|-sideend|p1: R1ley5|Toxic Spikes|[from] move: Mortal Spin|[of] p1a: Glimmora\n|\n|-damage|p1a: Glimmora|34\/100|[from] item: Black Sludge\n|-damage|p2a: Glimmora|62\/100 tox|[from] psn\n|upkeep\n|turn|7\n|\n|t:|1700696250\n|move|p1a: Glimmora|Spiky Shield|p1a: Glimmora\n|-singleturn|p1a: Glimmora|move: Protect\n|move|p2a: Glimmora|Spikes|p1a: Glimmora\n|-sidestart|p1: R1ley5|Spikes\n|\n|-damage|p1a: Glimmora|22\/100|[from] item: Black Sludge\n|-damage|p2a: Glimmora|37\/100 tox|[from] psn\n|upkeep\n|turn|8\n|\n|t:|1700696267\n|move|p2a: Glimmora|Earth Power|p1a: Glimmora\n|-supereffective|p1a: Glimmora\n|-damage|p1a: Glimmora|3\/100\n|move|p1a: Glimmora|Stealth Rock|p2a: Glimmora\n|-sidestart|p2: kunkeingegege|move: Stealth Rock\n|\n|-damage|p1a: Glimmora|0 fnt|[from] item: Black Sludge\n|faint|p1a: Glimmora\n|-damage|p2a: Glimmora|6\/100 tox|[from] psn\n|-sideend|p1: R1ley5|Reflect\n|upkeep\n|\n|t:|1700696287\n|switch|p1a: Grimmsnarl|Grimmsnarl, M|100\/100\n|-damage|p1a: Grimmsnarl|88\/100|[from] Spikes\n|turn|9\n|\n|t:|1700696295\n|move|p1a: Grimmsnarl|Reflect|p1a: Grimmsnarl\n|-sidestart|p1: R1ley5|Reflect\n|move|p2a: Glimmora|Mortal Spin|p1a: Grimmsnarl\n|-supereffective|p1a: Grimmsnarl\n|-damage|p1a: Grimmsnarl|84\/100\n|-status|p1a: Grimmsnarl|psn\n|-sideend|p2: kunkeingegege|Stealth Rock|[from] move: Mortal Spin|[of] p2a: Glimmora\n|\n|-damage|p2a: Glimmora|0 fnt|[from] psn\n|faint|p2a: Glimmora\n|-damage|p1a: Grimmsnarl|72\/100 psn|[from] psn\n|-sideend|p1: R1ley5|move: Light Screen\n|upkeep\n|\n|t:|1700696317\n|switch|p2a: Skeledirge|Skeledirge, M|100\/100\n|turn|10\n|\n|t:|1700696322\n|move|p1a: Grimmsnarl|Light Screen|p1a: Grimmsnarl\n|-sidestart|p1: R1ley5|move: Light Screen\n|move|p2a: Skeledirge|Torch Song|p1a: Grimmsnarl\n|-damage|p1a: Grimmsnarl|59\/100 psn\n|-boost|p2a: Skeledirge|spa|1\n|\n|-damage|p1a: Grimmsnarl|46\/100 psn|[from] psn\n|upkeep\n|turn|11\n|\n|t:|1700696331\n|move|p1a: Grimmsnarl|Parting Shot|p2a: Skeledirge\n|-unboost|p2a: Skeledirge|atk|1\n|-unboost|p2a: Skeledirge|spa|1\n|\n|t:|1700696338\n|switch|p1a: Alomomola|Alomomola, F|100\/100|[from] Parting Shot\n|-damage|p1a: Alomomola|88\/100|[from] Spikes\n|move|p2a: Skeledirge|Torch Song|p1a: Alomomola\n|-resisted|p1a: Alomomola\n|-damage|p1a: Alomomola|79\/100\n|-boost|p2a: Skeledirge|spa|1\n|\n|-heal|p1a: Alomomola|85\/100|[from] item: Leftovers\n|upkeep\n|turn|12\n|\n|t:|1700696354\n|switch|p2a: Ogerpon|Ogerpon-Wellspring, F|100\/100\n|move|p1a: Alomomola|Knock Off|p2a: Ogerpon\n|-damage|p2a: Ogerpon|82\/100\n|\n|-heal|p1a: Alomomola|91\/100|[from] item: Leftovers\n|upkeep\n|turn|13\n|\n|t:|1700696375\n|switch|p1a: Corsola|Corsola-Galar, M|100\/100\n|-damage|p1a: Corsola|88\/100|[from] Spikes\n|-terastallize|p2a: Ogerpon|Water\n|detailschange|p2a: Ogerpon|Ogerpon-Wellspring-Tera, F, tera:Water\n|-ability|p2a: Ogerpon|Embody Aspect (Wellspring)|boost\n|-boost|p2a: Ogerpon|spd|1\n|move|p2a: Ogerpon|Swords Dance|p2a: Ogerpon\n|-boost|p2a: Ogerpon|atk|2\n|\n|upkeep\n|turn|14\n|\n|t:|1700696389\n|move|p2a: Ogerpon|Knock Off|p1a: Corsola\n|-supereffective|p1a: Corsola\n|-damage|p1a: Corsola|37\/100\n|-enditem|p1a: Corsola|Eviolite|[from] move: Knock Off|[of] p2a: Ogerpon\n|move|p1a: Corsola|Haze|p1a: Corsola\n|-clearallboost\n|\n|upkeep\n|turn|15\n|\n|t:|1700696397\n|move|p2a: Ogerpon|Ivy Cudgel|p1a: Corsola|[anim] Ivy Cudgel Water\n|-damage|p1a: Corsola|0 fnt\n|faint|p1a: Corsola\n|\n|upkeep\n|\n|t:|1700696401\n|switch|p1a: Cofagrigus|Cofagrigus, F|100\/100\n|-damage|p1a: Cofagrigus|88\/100|[from] Spikes\n|turn|16\n|\n|t:|1700696409\n|switch|p2a: Alomomola|Alomomola, F|100\/100\n|move|p1a: Cofagrigus|Will-O-Wisp|p2a: Alomomola\n|-status|p2a: Alomomola|brn\n|\n|-damage|p2a: Alomomola|94\/100 brn|[from] brn\n|-sideend|p1: R1ley5|Reflect\n|upkeep\n|turn|17\n|\n|t:|1700696418\n|move|p2a: Alomomola|Toxic|p1a: Cofagrigus|[miss]\n|-miss|p2a: Alomomola|p1a: Cofagrigus\n|move|p1a: Cofagrigus|Hex|p2a: Alomomola\n|-damage|p2a: Alomomola|42\/100 brn\n|\n|-damage|p2a: Alomomola|35\/100 brn|[from] brn\n|-sideend|p1: R1ley5|move: Light Screen\n|upkeep\n|turn|18\n|\n|t:|1700696428\n|move|p2a: Alomomola|Wish|p2a: Alomomola\n|move|p1a: Cofagrigus|Hex|p2a: Alomomola\n|-damage|p2a: Alomomola|0 fnt\n|faint|p2a: Alomomola\n|\n|upkeep\n|\n|t:|1700696436\n|switch|p2a: Sableye|Sableye, F|100\/100\n|turn|19\n|\n|t:|1700696444\n|switch|p1a: Grimmsnarl|Grimmsnarl, M|46\/100 psn\n|-damage|p1a: Grimmsnarl|34\/100 psn|[from] Spikes\n|detailschange|p2a: Sableye|Sableye-Mega, F\n|-mega|p2a: Sableye|Sableye|Sablenite\n|move|p2a: Sableye|Foul Play|p1a: Grimmsnarl\n|-resisted|p1a: Grimmsnarl\n|-damage|p1a: Grimmsnarl|25\/100 psn\n|\n|-damage|p1a: Grimmsnarl|12\/100 psn|[from] psn\n|upkeep\n|turn|20\n|\n|t:|1700696456\n|move|p1a: Grimmsnarl|Light Screen|p1a: Grimmsnarl\n|-sidestart|p1: R1ley5|move: Light Screen\n|move|p2a: Sableye|Encore|p1a: Grimmsnarl\n|-start|p1a: Grimmsnarl|Encore\n|\n|-damage|p1a: Grimmsnarl|0 fnt|[from] psn\n|faint|p1a: Grimmsnarl\n|upkeep\n|\n|t:|1700696469\n|switch|p1a: Cofagrigus|Cofagrigus, F|88\/100\n|-damage|p1a: Cofagrigus|75\/100|[from] Spikes\n|turn|21\n|\n|t:|1700696474\n|move|p1a: Cofagrigus|Will-O-Wisp|p2a: Sableye\n|move|p2a: Sableye|Will-O-Wisp|p1a: Cofagrigus|[from]ability: Magic Bounce\n|-status|p1a: Cofagrigus|brn\n|move|p2a: Sableye|Toxic||[still]\n|-fail|p2a: Sableye\n|\n|-damage|p1a: Cofagrigus|69\/100 brn|[from] brn\n|upkeep\n|turn|22\n|\n|t:|1700696485\n|move|p1a: Cofagrigus|Hex|p2a: Sableye\n|-damage|p2a: Sableye|78\/100\n|move|p2a: Sableye|Foul Play|p1a: Cofagrigus\n|-supereffective|p1a: Cofagrigus\n|-damage|p1a: Cofagrigus|54\/100 brn\n|-damage|p2a: Sableye|62\/100|[from] item: Rocky Helmet|[of] p1a: Cofagrigus\n|-activate|p1a: Cofagrigus|ability: Mummy|Magic Bounce|[of] p2a: Sableye\n|\n|-damage|p1a: Cofagrigus|48\/100 brn|[from] brn\n|upkeep\n|turn|23\n|\n|t:|1700696498\n|switch|p2a: Skeledirge|Skeledirge, M|100\/100\n|move|p1a: Cofagrigus|Hex|p2a: Skeledirge\n|-supereffective|p2a: Skeledirge\n|-damage|p2a: Skeledirge|71\/100\n|\n|-heal|p2a: Skeledirge|77\/100|[from] item: Leftovers\n|-damage|p1a: Cofagrigus|42\/100 brn|[from] brn\n|upkeep\n|turn|24\n|\n|t:|1700696509\n|move|p2a: Skeledirge|Shadow Ball|p1a: Cofagrigus\n|-supereffective|p1a: Cofagrigus\n|-damage|p1a: Cofagrigus|9\/100 brn\n|move|p1a: Cofagrigus|Hex|p2a: Skeledirge\n|-supereffective|p2a: Skeledirge\n|-damage|p2a: Skeledirge|44\/100\n|\n|-heal|p2a: Skeledirge|50\/100|[from] item: Leftovers\n|-damage|p1a: Cofagrigus|3\/100 brn|[from] brn\n|upkeep\n|turn|25\n|\n|t:|1700696520\n|move|p2a: Skeledirge|Slack Off|p2a: Skeledirge\n|-heal|p2a: Skeledirge|100\/100\n|move|p1a: Cofagrigus|Hex|p2a: Skeledirge\n|-supereffective|p2a: Skeledirge\n|-damage|p2a: Skeledirge|69\/100\n|\n|-heal|p2a: Skeledirge|75\/100|[from] item: Leftovers\n|-damage|p1a: Cofagrigus|0 fnt|[from] brn\n|faint|p1a: Cofagrigus\n|upkeep\n|\n|t:|1700696526\n|switch|p1a: Alomomola|Alomomola, F|100\/100\n|-damage|p1a: Alomomola|88\/100|[from] Spikes\n|turn|26\n|\n|t:|1700696537\n|switch|p2a: Sableye|Sableye-Mega, F|62\/100\n|move|p1a: Alomomola|Knock Off|p2a: Sableye\n|-damage|p2a: Sableye|53\/100\n|\n|-heal|p1a: Alomomola|94\/100|[from] item: Leftovers\n|upkeep\n|turn|27\n|\n|t:|1700696545\n|move|p1a: Alomomola|Scald|p2a: Sableye\n|-damage|p2a: Sableye|39\/100\n|move|p2a: Sableye|Toxic|p1a: Alomomola\n|-status|p1a: Alomomola|tox\n|\n|-heal|p1a: Alomomola|100\/100 tox|[from] item: Leftovers\n|-damage|p1a: Alomomola|94\/100 tox|[from] psn\n|-sideend|p1: R1ley5|move: Light Screen\n|upkeep\n|turn|28\n|\n|t:|1700696556\n|switch|p1a: Aegislash|Aegislash, M|100\/100\n|-damage|p1a: Aegislash|88\/100|[from] Spikes\n|move|p2a: Sableye|Recover|p2a: Sableye\n|-heal|p2a: Sableye|89\/100\n|\n|-heal|p1a: Aegislash|94\/100|[from] item: Leftovers\n|upkeep\n|turn|29\n|\n|t:|1700696565\n|-formechange|p1a: Aegislash|Aegislash-Blade||[from] ability: Stance Change\n|move|p1a: Aegislash|Shadow Sneak|p2a: Sableye\n|-damage|p2a: Sableye|74\/100\n|move|p2a: Sableye|Foul Play|p1a: Aegislash\n|-supereffective|p1a: Aegislash\n|-damage|p1a: Aegislash|0 fnt\n|faint|p1a: Aegislash\n|\n|upkeep\n|\n|t:|1700696573\n|switch|p1a: Alomomola|Alomomola, F|100\/100 tox\n|-damage|p1a: Alomomola|88\/100 tox|[from] Spikes\n|turn|30\n|-message|R1ley5 forfeited.\n|\n|win|kunkeingegege\n|raw|R1ley5's rating: 1231 &rarr; <strong>1205<\/strong><br \/>(-26 for losing)\n|raw|kunkeingegege's rating: 1215 &rarr; <strong>1241<\/strong><br \/>(+26 for winning)\n","uploadtime":1700696592,"views":7,"p1id":"r1ley5","p2id":"kunkeingegege","formatid":"gen9nationaldex","rating":1205,"private":0,"password":""}