{"id":"gen9nationaldex-2000193585","p1":"sjudka","p2":"viaan","format":"[Gen 9] National Dex","log":"|html|<div class=\"broadcast-blue\"><strong>[Gen 9] National Dex is currently suspecting Sneasler! For information on how to participate check out the <a href=\"https:\/\/www.smogon.com\/forums\/threads\/sv-national-dex-suspect-8-just-dance.3731534\/\">suspect thread<\/a>.<\/strong><\/div>\n|j|\u203dsjudka\n|j|\u2606viaan\n|t:|1701170218\n|gametype|singles\n|player|p1|sjudka|265|1307\n|player|p2|viaan|hero-conquest|1437\n|teamsize|p1|6\n|teamsize|p2|6\n|gen|9\n|tier|[Gen 9] National Dex\n|rated|\n|rule|HP Percentage Mod: HP is shown in percentages\n|rule|Endless Battle Clause: Forcing endless battles is banned\n|rule|OHKO Clause: OHKO moves are banned\n|rule|Evasion Clause: Evasion abilities, items, and moves are banned\n|rule|Evasion Abilities Clause: Evasion abilities are banned\n|rule|Evasion Items Clause: Evasion items are banned\n|rule|Evasion Moves Clause: Evasion moves are banned\n|rule|Species Clause: Limit one of each Pok\u00e9mon\n|rule|Sleep Clause Mod: Limit one foe put to sleep\n|clearpoke\n|poke|p1|Pelipper, M|\n|poke|p1|Urshifu-*, F|\n|poke|p1|Barraskewda, F|\n|poke|p1|Zapdos|\n|poke|p1|Garchomp, F|\n|poke|p1|Scizor, M|\n|poke|p2|Mienshao, M|\n|poke|p2|Kingdra, F|\n|poke|p2|Slurpuff, F|\n|poke|p2|Charizard, M|\n|poke|p2|Espeon, F|\n|poke|p2|Great Tusk|\n|teampreview\n|inactive|Battle timer is ON: inactive players will automatically lose when time's up. (requested by sjudka)\n|\n|t:|1701170241\n|start\n|switch|p1a: Garchomp|Garchomp, F|100\/100\n|switch|p2a: Slurpuff|Slurpuff, F|100\/100\n|turn|1\n|\n|t:|1701170254\n|switch|p2a: Espeon|Espeon, F|100\/100\n|move|p1a: Garchomp|Swords Dance|p1a: Garchomp\n|-boost|p1a: Garchomp|atk|2\n|\n|upkeep\n|turn|2\n|\n|t:|1701170263\n|-terastallize|p2a: Espeon|Psychic\n|move|p2a: Espeon|Psychic|p1a: Garchomp\n|-enditem|p1a: Garchomp|Focus Sash\n|-damage|p1a: Garchomp|1\/100\n|move|p1a: Garchomp|Scale Shot|p2a: Espeon\n|-damage|p2a: Espeon|54\/100\n|-damage|p2a: Espeon|0 fnt\n|faint|p2a: Espeon\n|-hitcount|p2: Espeon|2\n|-unboost|p1a: Garchomp|def|1\n|-boost|p1a: Garchomp|spe|1\n|\n|upkeep\n|\n|t:|1701170279\n|switch|p2a: Slurpuff|Slurpuff, F|100\/100\n|turn|3\n|\n|t:|1701170282\n|move|p1a: Garchomp|Poison Jab|p2a: Slurpuff\n|-supereffective|p2a: Slurpuff\n|-enditem|p2a: Slurpuff|Focus Sash\n|-damage|p2a: Slurpuff|1\/100\n|move|p2a: Slurpuff|Sticky Web|p1a: Garchomp\n|-sidestart|p1: sjudka|move: Sticky Web\n|\n|upkeep\n|turn|4\n|\n|t:|1701170288\n|move|p2a: Slurpuff|Play Rough|p1a: Garchomp\n|-supereffective|p1a: Garchomp\n|-damage|p1a: Garchomp|0 fnt\n|-damage|p2a: Slurpuff|0 fnt|[from] ability: Rough Skin|[of] p1a: Garchomp\n|faint|p1a: Garchomp\n|faint|p2a: Slurpuff\n|\n|upkeep\n|\n|t:|1701170299\n|switch|p1a: Zapdos|Zapdos|100\/100\n|switch|p2a: Kingdra|Kingdra, F|100\/100\n|turn|5\n|\n|t:|1701170309\n|move|p1a: Zapdos|Thunder|p2a: Kingdra\n|-damage|p2a: Kingdra|25\/100\n|-status|p2a: Kingdra|par\n|move|p2a: Kingdra|Agility|p2a: Kingdra\n|-boost|p2a: Kingdra|spe|2\n|\n|upkeep\n|turn|6\n|\n|t:|1701170317\n|move|p1a: Zapdos|Weather Ball|p2a: Kingdra\n|-crit|p2a: Kingdra\n|-damage|p2a: Kingdra|0 fnt\n|faint|p2a: Kingdra\n|\n|upkeep\n|c|\u2606viaan|ayo dude\n|c|\u2606viaan|crit me twicde\n|\n|t:|1701170328\n|switch|p2a: Charizard|Charizard, M|100\/100\n|turn|7\n|\n|t:|1701170344\n|detailschange|p2a: Charizard|Charizard-Mega-Y, M\n|-mega|p2a: Charizard|Charizard|Charizardite Y\n|-weather|SunnyDay|[from] ability: Drought|[of] p2a: Charizard\n|move|p2a: Charizard|Weather Ball|p1a: Zapdos\n|-damage|p1a: Zapdos|0 fnt\n|faint|p1a: Zapdos\n|\n|-weather|SunnyDay|[upkeep]\n|upkeep\n|\n|t:|1701170352\n|switch|p1a: Pelipper|Pelipper, M|100\/100\n|-weather|RainDance|[from] ability: Drizzle|[of] p1a: Pelipper\n|turn|8\n|\n|t:|1701170359\n|switch|p2a: Great Tusk|Great Tusk|100\/100\n|move|p1a: Pelipper|Defog|p2a: Great Tusk\n|-unboost|p2a: Great Tusk|evasion|1\n|-sideend|p1: sjudka|Sticky Web|[from] move: Defog|[of] p1a: Pelipper\n|\n|-weather|RainDance|[upkeep]\n|upkeep\n|turn|9\n|\n|t:|1701170366\n|-end|p2a: Great Tusk|Protosynthesis|[silent]\n|switch|p2a: Charizard|Charizard-Mega-Y, M|100\/100\n|-weather|SunnyDay|[from] ability: Drought|[of] p2a: Charizard\n|move|p1a: Pelipper|Hurricane|p2a: Charizard\n|-crit|p2a: Charizard\n|-damage|p2a: Charizard|43\/100\n|\n|-weather|SunnyDay|[upkeep]\n|upkeep\n|turn|10\n|c|\u2606viaan|cirt again\n|\n|t:|1701170378\n|move|p2a: Charizard|Roost|p2a: Charizard\n|-heal|p2a: Charizard|93\/100\n|-singleturn|p2a: Charizard|move: Roost\n|move|p1a: Pelipper|Scald|p2a: Charizard\n|-supereffective|p2a: Charizard\n|-damage|p2a: Charizard|66\/100\n|\n|-weather|SunnyDay|[upkeep]\n|upkeep\n|turn|11\n|\n|t:|1701170384\n|move|p2a: Charizard|Solar Beam||[still]\n|-prepare|p2a: Charizard|Solar Beam\n|-anim|p2a: Charizard|Solar Beam|p1a: Pelipper\n|-damage|p1a: Pelipper|42\/100\n|move|p1a: Pelipper|U-turn|p2a: Charizard\n|-resisted|p2a: Charizard\n|-damage|p2a: Charizard|63\/100\n|\n|t:|1701170393\n|switch|p1a: Barraskewda|Barraskewda, F|100\/100|[from] U-turn\n|\n|-weather|SunnyDay|[upkeep]\n|upkeep\n|turn|12\n|\n|t:|1701170399\n|switch|p1a: Pelipper|Pelipper, M|42\/100\n|-weather|RainDance|[from] ability: Drizzle|[of] p1a: Pelipper\n|switch|p2a: Great Tusk|Great Tusk|100\/100\n|\n|-weather|RainDance|[upkeep]\n|upkeep\n|turn|13\n|\n|t:|1701170405\n|move|p2a: Great Tusk|Ice Spinner|p1a: Pelipper\n|-damage|p1a: Pelipper|21\/100\n|move|p1a: Pelipper|U-turn|p2a: Great Tusk\n|-resisted|p2a: Great Tusk\n|-damage|p2a: Great Tusk|98\/100\n|\n|t:|1701170413\n|switch|p1a: Urshifu|Urshifu-Rapid-Strike, F|100\/100|[from] U-turn\n|\n|-weather|RainDance|[upkeep]\n|upkeep\n|turn|14\n|\n|t:|1701170419\n|-terastallize|p1a: Urshifu|Water\n|move|p1a: Urshifu|Surging Strikes|p2a: Great Tusk\n|-supereffective|p2a: Great Tusk\n|-crit|p2a: Great Tusk\n|-damage|p2a: Great Tusk|41\/100\n|-supereffective|p2a: Great Tusk\n|-crit|p2a: Great Tusk\n|-damage|p2a: Great Tusk|0 fnt\n|faint|p2a: Great Tusk\n|-end|p2a: Great Tusk|Protosynthesis|[silent]\n|-hitcount|p2: Great Tusk|2\n|\n|-weather|RainDance|[upkeep]\n|upkeep\n|\n|t:|1701170422\n|switch|p2a: Charizard|Charizard-Mega-Y, M|63\/100\n|-weather|SunnyDay|[from] ability: Drought|[of] p2a: Charizard\n|turn|15\n|\n|t:|1701170427\n|move|p1a: Urshifu|Surging Strikes|p2a: Charizard\n|-supereffective|p2a: Charizard\n|-crit|p2a: Charizard\n|-damage|p2a: Charizard|27\/100\n|-supereffective|p2a: Charizard\n|-crit|p2a: Charizard\n|-damage|p2a: Charizard|0 fnt\n|faint|p2a: Charizard\n|-hitcount|p2: Charizard|2\n|\n|-weather|SunnyDay|[upkeep]\n|upkeep\n|\n|t:|1701170431\n|switch|p2a: Mienshao|Mienshao, M|100\/100\n|turn|16\n|\n|t:|1701170436\n|switch|p1a: Pelipper|Pelipper, M|21\/100\n|-weather|RainDance|[from] ability: Drizzle|[of] p1a: Pelipper\n|move|p2a: Mienshao|Close Combat|p1a: Pelipper\n|-resisted|p1a: Pelipper\n|-damage|p1a: Pelipper|0 fnt\n|-unboost|p2a: Mienshao|def|1\n|-unboost|p2a: Mienshao|spd|1\n|faint|p1a: Pelipper\n|\n|-weather|RainDance|[upkeep]\n|upkeep\n|\n|t:|1701170443\n|switch|p1a: Urshifu|Urshifu-Rapid-Strike, F, tera:Water|100\/100\n|turn|17\n|\n|t:|1701170446\n|move|p1a: Urshifu|Surging Strikes|p2a: Mienshao\n|-crit|p2a: Mienshao\n|-enditem|p2a: Mienshao|Focus Sash\n|-damage|p2a: Mienshao|1\/100\n|-crit|p2a: Mienshao\n|-damage|p2a: Mienshao|0 fnt\n|faint|p2a: Mienshao\n|-hitcount|p2: Mienshao|2\n|\n|win|sjudka\n|raw|sjudka's rating: 1307 &rarr; <strong>1334<\/strong><br \/>(+27 for winning)\n|raw|viaan's rating: 1437 &rarr; <strong>1410<\/strong><br \/>(-27 for losing)\n|l|\u2606viaan\n","uploadtime":1701170456,"views":1,"p1id":"sjudka","p2id":"viaan","formatid":"gen9nationaldex","rating":1334,"private":0,"password":""}