{"id":"gen9nationaldex-1996148642","p1":"zcy41611","p2":"dilingling","format":"[Gen 9] National Dex","log":"|html|<div class=\"broadcast-blue\"><strong>[Gen 9] National Dex is currently suspecting Sneasler! For information on how to participate check out the <a href=\"https:\/\/www.smogon.com\/forums\/threads\/sv-national-dex-suspect-8-just-dance.3731534\/\">suspect thread<\/a>.<\/strong><\/div>\n|j|\u2606zcy41611\n|j|\u2606dilingling\n|t:|1700651422\n|gametype|singles\n|player|p1|zcy41611|lady-gen4|1458\n|player|p2|dilingling|265|1516\n|teamsize|p1|6\n|teamsize|p2|6\n|gen|9\n|tier|[Gen 9] National Dex\n|rated|\n|rule|HP Percentage Mod: HP is shown in percentages\n|rule|Endless Battle Clause: Forcing endless battles is banned\n|rule|OHKO Clause: OHKO moves are banned\n|rule|Evasion Clause: Evasion abilities, items, and moves are banned\n|rule|Evasion Abilities Clause: Evasion abilities are banned\n|rule|Evasion Items Clause: Evasion items are banned\n|rule|Evasion Moves Clause: Evasion moves are banned\n|rule|Species Clause: Limit one of each Pok\u00e9mon\n|rule|Sleep Clause Mod: Limit one foe put to sleep\n|clearpoke\n|poke|p1|Glimmora, M|\n|poke|p1|Dragonite, M|\n|poke|p1|Garganacl, M|\n|poke|p1|Venusaur, M|\n|poke|p1|Latios, M|\n|poke|p1|Zapdos|\n|poke|p2|Toxapex, F|\n|poke|p2|Dondozo, M|\n|poke|p2|Garganacl, M|\n|poke|p2|Sableye, F|\n|poke|p2|Clodsire, M|\n|poke|p2|Corviknight, M|\n|teampreview\n|inactive|Battle timer is ON: inactive players will automatically lose when time's up. (requested by dilingling)\n|inactive|zcy41611 has 120 seconds left.\n|inactive|zcy41611 has 90 seconds left.\n|inactive|zcy41611 has 60 seconds left.\n|c|\u2606dilingling|\uff1f\n|inactive|zcy41611 has 30 seconds left.\n|inactive|zcy41611 has 20 seconds left.\n|inactive|zcy41611 has 15 seconds left.\n|inactive|zcy41611 has 10 seconds left.\n|inactive|zcy41611 has 5 seconds left.\n|c|\u2606dilingling|slow start\n|\n|t:|1700651568\n|start\n|switch|p1a: Glimmora|Glimmora, M|100\/100\n|switch|p2a: Clodsire|Clodsire, M|100\/100\n|-item|p1a: Glimmora|Air Balloon\n|turn|1\n|inactive|zcy41611 has 60 seconds left.\n|\n|t:|1700651600\n|move|p1a: Glimmora|Earth Power|p2a: Clodsire\n|-supereffective|p2a: Clodsire\n|-damage|p2a: Clodsire|69\/100\n|move|p2a: Clodsire|Poison Jab|p1a: Glimmora\n|-resisted|p1a: Glimmora\n|-damage|p1a: Glimmora|93\/100\n|-activate|p1a: Glimmora|ability: Toxic Debris\n|-sidestart|p2: dilingling|move: Toxic Spikes\n|-enditem|p1a: Glimmora|Air Balloon\n|\n|upkeep\n|turn|2\n|\n|t:|1700651615\n|switch|p1a: Zapdos|Zapdos|100\/100\n|move|p2a: Clodsire|Recover|p2a: Clodsire\n|-heal|p2a: Clodsire|100\/100\n|\n|upkeep\n|turn|3\n|\n|t:|1700651630\n|switch|p2a: Garganacl|Garganacl, M|100\/100\n|-terastallize|p1a: Zapdos|Steel\n|move|p1a: Zapdos|Extrasensory|p2a: Garganacl\n|-damage|p2a: Garganacl|83\/100\n|\n|-heal|p2a: Garganacl|89\/100|[from] item: Leftovers\n|upkeep\n|turn|4\n|inactive|zcy41611 has 30 seconds left.\n|\n|t:|1700651658\n|switch|p1a: Venusaur|Venusaur, M|100\/100\n|move|p2a: Garganacl|Salt Cure|p1a: Venusaur\n|-damage|p1a: Venusaur|85\/100\n|-start|p1a: Venusaur|Salt Cure\n|\n|-heal|p2a: Garganacl|95\/100|[from] item: Leftovers\n|-damage|p1a: Venusaur|72\/100|[from] Salt Cure\n|upkeep\n|turn|5\n|inactive|zcy41611 has 30 seconds left.\n|\n|t:|1700651669\n|switch|p1a: Zapdos|Zapdos, tera:Steel|100\/100\n|switch|p2a: Clodsire|Clodsire, M|100\/100\n|-sideend|p2: dilingling|move: Toxic Spikes|[of] p2a: Clodsire\n|\n|upkeep\n|turn|6\n|inactive|zcy41611 has 30 seconds left.\n|inactive|zcy41611 has 20 seconds left.\n|inactive|zcy41611 has 15 seconds left.\n|inactive|zcy41611 has 10 seconds left.\n|inactive|zcy41611 has 5 seconds left.\n|\n|t:|1700651701\n|switch|p1a: Garganacl|Garganacl, M|100\/100\n|switch|p2a: Garganacl|Garganacl, M|95\/100\n|\n|-heal|p2a: Garganacl|100\/100|[from] item: Leftovers\n|upkeep\n|turn|7\n|inactive|zcy41611 has 15 seconds left this turn.\n|inactive|zcy41611 has 10 seconds left.\n|inactive|zcy41611 has 5 seconds left.\n|\n|t:|1700651715\n|move|p2a: Garganacl|Salt Cure|p1a: Garganacl\n|-damage|p1a: Garganacl|92\/100\n|-start|p1a: Garganacl|Salt Cure\n|move|p1a: Garganacl|Salt Cure|p2a: Garganacl\n|-crit|p2a: Garganacl\n|-damage|p2a: Garganacl|88\/100\n|-start|p2a: Garganacl|Salt Cure\n|\n|-heal|p1a: Garganacl|99\/100|[from] item: Leftovers\n|-heal|p2a: Garganacl|94\/100|[from] item: Leftovers\n|-damage|p1a: Garganacl|86\/100|[from] Salt Cure\n|-damage|p2a: Garganacl|81\/100|[from] Salt Cure\n|upkeep\n|turn|8\n|inactive|zcy41611 has 15 seconds left this turn.\n|inactive|zcy41611 has 10 seconds left.\n|\n|t:|1700651724\n|move|p1a: Garganacl|Salt Cure|p2a: Garganacl\n|-damage|p2a: Garganacl|72\/100\n|move|p2a: Garganacl|Stealth Rock|p1a: Garganacl\n|-sidestart|p1: zcy41611|move: Stealth Rock\n|\n|-heal|p1a: Garganacl|92\/100|[from] item: Leftovers\n|-heal|p2a: Garganacl|79\/100|[from] item: Leftovers\n|-damage|p1a: Garganacl|80\/100|[from] Salt Cure\n|-damage|p2a: Garganacl|66\/100|[from] Salt Cure\n|upkeep\n|turn|9\n|inactive|zcy41611 has 20 seconds left this turn.\n|inactive|zcy41611 has 15 seconds left.\n|\n|t:|1700651731\n|move|p1a: Garganacl|Protect|p1a: Garganacl\n|-singleturn|p1a: Garganacl|Protect\n|move|p2a: Garganacl|Recover|p2a: Garganacl\n|-heal|p2a: Garganacl|100\/100\n|\n|-heal|p1a: Garganacl|86\/100|[from] item: Leftovers\n|-damage|p1a: Garganacl|74\/100|[from] Salt Cure\n|-damage|p2a: Garganacl|88\/100|[from] Salt Cure\n|upkeep\n|turn|10\n|inactive|zcy41611 has 25 seconds left this turn.\n|inactive|zcy41611 has 20 seconds left.\n|inactive|zcy41611 has 15 seconds left.\n|\n|t:|1700651742\n|switch|p2a: Clodsire|Clodsire, M|100\/100\n|switch|p1a: Venusaur|Venusaur, M|72\/100\n|-damage|p1a: Venusaur|60\/100|[from] Stealth Rock\n|\n|upkeep\n|turn|11\n|inactive|zcy41611 has 25 seconds left this turn.\n|inactive|zcy41611 has 20 seconds left.\n|inactive|zcy41611 has 15 seconds left.\n|\n|t:|1700651754\n|detailschange|p1a: Venusaur|Venusaur-Mega, M\n|-mega|p1a: Venusaur|Venusaur|Venusaurite\n|move|p1a: Venusaur|Earth Power|p2a: Clodsire\n|-supereffective|p2a: Clodsire\n|-damage|p2a: Clodsire|72\/100\n|move|p2a: Clodsire|Earthquake|p1a: Venusaur\n|-damage|p1a: Venusaur|39\/100\n|\n|upkeep\n|turn|12\n|inactive|zcy41611 has 25 seconds left this turn.\n|inactive|zcy41611 has 20 seconds left.\n|\n|t:|1700651762\n|move|p1a: Venusaur|Synthesis|p1a: Venusaur\n|-heal|p1a: Venusaur|89\/100\n|move|p2a: Clodsire|Earthquake|p1a: Venusaur\n|-damage|p1a: Venusaur|69\/100\n|\n|upkeep\n|turn|13\n|inactive|zcy41611 has 30 seconds left this turn.\n|inactive|zcy41611 has 20 seconds left.\n|inactive|zcy41611 has 15 seconds left.\n|inactive|zcy41611 has 10 seconds left.\n|\n|t:|1700651787\n|move|p1a: Venusaur|Earth Power|p2a: Clodsire\n|-supereffective|p2a: Clodsire\n|-damage|p2a: Clodsire|41\/100\n|move|p2a: Clodsire|Earthquake|p1a: Venusaur\n|-damage|p1a: Venusaur|46\/100\n|\n|upkeep\n|turn|14\n|inactive|zcy41611 has 20 seconds left this turn.\n|\n|t:|1700651791\n|move|p1a: Venusaur|Synthesis|p1a: Venusaur\n|-heal|p1a: Venusaur|96\/100\n|move|p2a: Clodsire|Recover|p2a: Clodsire\n|-heal|p2a: Clodsire|91\/100\n|\n|upkeep\n|turn|15\n|inactive|zcy41611 has 30 seconds left this turn.\n|\n|t:|1700651795\n|switch|p2a: Corviknight|Corviknight, M|100\/100\n|-ability|p2a: Corviknight|Pressure\n|move|p1a: Venusaur|Earth Power|p2a: Corviknight\n|-immune|p2a: Corviknight\n|\n|upkeep\n|turn|16\n|\n|t:|1700651801\n|switch|p1a: Latios|Latios, M|100\/100\n|-damage|p1a: Latios|88\/100|[from] Stealth Rock\n|move|p2a: Corviknight|U-turn|p1a: Latios\n|-supereffective|p1a: Latios\n|-damage|p1a: Latios|50\/100\n|\n|t:|1700651819\n|switch|p2a: Garganacl|Garganacl, M|88\/100|[from] U-turn\n|\n|-heal|p2a: Garganacl|94\/100|[from] item: Leftovers\n|upkeep\n|turn|17\n|\n|t:|1700651828\n|switch|p1a: Venusaur|Venusaur-Mega, M|96\/100\n|-damage|p1a: Venusaur|84\/100|[from] Stealth Rock\n|move|p2a: Garganacl|Salt Cure|p1a: Venusaur\n|-damage|p1a: Venusaur|73\/100\n|-start|p1a: Venusaur|Salt Cure\n|\n|-heal|p2a: Garganacl|100\/100|[from] item: Leftovers\n|-damage|p1a: Venusaur|60\/100|[from] Salt Cure\n|upkeep\n|turn|18\n|\n|t:|1700651846\n|switch|p2a: Corviknight|Corviknight, M|100\/100\n|-ability|p2a: Corviknight|Pressure\n|move|p1a: Venusaur|Synthesis|p1a: Venusaur\n|-heal|p1a: Venusaur|100\/100\n|\n|-damage|p1a: Venusaur|88\/100|[from] Salt Cure\n|upkeep\n|turn|19\n|\n|t:|1700651853\n|switch|p1a: Glimmora|Glimmora, M|93\/100\n|-damage|p1a: Glimmora|81\/100|[from] Stealth Rock\n|move|p2a: Corviknight|U-turn|p1a: Glimmora\n|-resisted|p1a: Glimmora\n|-damage|p1a: Glimmora|72\/100\n|-activate|p1a: Glimmora|ability: Toxic Debris\n|-sidestart|p2: dilingling|move: Toxic Spikes\n|\n|t:|1700651859\n|switch|p2a: Clodsire|Clodsire, M|91\/100|[from] U-turn\n|-sideend|p2: dilingling|move: Toxic Spikes|[of] p2a: Clodsire\n|\n|upkeep\n|turn|20\n|inactive|zcy41611 has 60 seconds left.\n|\n|t:|1700651874\n|switch|p1a: Zapdos|Zapdos, tera:Steel|100\/100\n|move|p2a: Clodsire|Earthquake|p1a: Zapdos\n|-supereffective|p1a: Zapdos\n|-damage|p1a: Zapdos|46\/100\n|\n|upkeep\n|turn|21\n|inactive|zcy41611 has 60 seconds left.\n|\n|t:|1700651883\n|switch|p2a: Sableye|Sableye, F|100\/100\n|move|p1a: Zapdos|Roost|p1a: Zapdos\n|-heal|p1a: Zapdos|96\/100\n|\n|upkeep\n|turn|22\n|inactive|zcy41611 has 60 seconds left.\n|\n|t:|1700651897\n|detailschange|p2a: Sableye|Sableye-Mega, F\n|-mega|p2a: Sableye|Sableye|Sablenite\n|move|p1a: Zapdos|Discharge|p2a: Sableye\n|-crit|p2a: Sableye\n|-damage|p2a: Sableye|39\/100\n|move|p2a: Sableye|Knock Off|p1a: Zapdos\n|-damage|p1a: Zapdos|64\/100\n|-status|p2a: Sableye|par|[from] ability: Static|[of] p1a: Zapdos\n|-enditem|p1a: Zapdos|Heavy-Duty Boots|[from] move: Knock Off|[of] p2a: Sableye\n|\n|upkeep\n|turn|23\n|\n|t:|1700651904\n|move|p1a: Zapdos|Extrasensory|p2a: Sableye\n|-immune|p2a: Sableye\n|move|p2a: Sableye|Recover|p2a: Sableye\n|-heal|p2a: Sableye|89\/100 par\n|\n|upkeep\n|turn|24\n|\n|t:|1700651910\n|move|p1a: Zapdos|Discharge|p2a: Sableye\n|-crit|p2a: Sableye\n|-damage|p2a: Sableye|31\/100 par\n|cant|p2a: Sableye|par\n|\n|upkeep\n|turn|25\n|\n|t:|1700651922\n|move|p1a: Zapdos|Discharge|p2a: Sableye\n|-damage|p2a: Sableye|0 fnt\n|faint|p2a: Sableye\n|\n|upkeep\n|\n|t:|1700651928\n|switch|p2a: Garganacl|Garganacl, M|100\/100\n|turn|26\n|inactive|zcy41611 has 90 seconds left.\n|\n|t:|1700651938\n|switch|p1a: Glimmora|Glimmora, M|72\/100\n|-damage|p1a: Glimmora|60\/100|[from] Stealth Rock\n|move|p2a: Garganacl|Salt Cure|p1a: Glimmora\n|-damage|p1a: Glimmora|42\/100\n|-start|p1a: Glimmora|Salt Cure\n|-activate|p1a: Glimmora|ability: Toxic Debris\n|-sidestart|p2: dilingling|move: Toxic Spikes\n|\n|-damage|p1a: Glimmora|29\/100|[from] Salt Cure\n|upkeep\n|turn|27\n|inactive|zcy41611 has 90 seconds left.\n|\n|t:|1700651953\n|switch|p1a: Garganacl|Garganacl, M|74\/100\n|-damage|p1a: Garganacl|61\/100|[from] Stealth Rock\n|switch|p2a: Clodsire|Clodsire, M|91\/100\n|-sideend|p2: dilingling|move: Toxic Spikes|[of] p2a: Clodsire\n|\n|-heal|p1a: Garganacl|68\/100|[from] item: Leftovers\n|upkeep\n|turn|28\n|inactive|zcy41611 has 90 seconds left.\n|\n|t:|1700651961\n|move|p1a: Garganacl|Salt Cure|p2a: Clodsire\n|-resisted|p2a: Clodsire\n|-damage|p2a: Clodsire|83\/100\n|-start|p2a: Clodsire|Salt Cure\n|move|p2a: Clodsire|Earthquake|p1a: Garganacl\n|-supereffective|p1a: Garganacl\n|-damage|p1a: Garganacl|34\/100\n|\n|-heal|p1a: Garganacl|41\/100|[from] item: Leftovers\n|-damage|p2a: Clodsire|71\/100|[from] Salt Cure\n|upkeep\n|turn|29\n|\n|t:|1700651971\n|switch|p2a: Garganacl|Garganacl, M|100\/100\n|move|p1a: Garganacl|Recover|p1a: Garganacl\n|-heal|p1a: Garganacl|91\/100\n|\n|-heal|p1a: Garganacl|97\/100|[from] item: Leftovers\n|upkeep\n|turn|30\n|\n|t:|1700651977\n|move|p2a: Garganacl|Salt Cure|p1a: Garganacl\n|-crit|p1a: Garganacl\n|-damage|p1a: Garganacl|85\/100\n|-start|p1a: Garganacl|Salt Cure\n|move|p1a: Garganacl|Salt Cure|p2a: Garganacl\n|-damage|p2a: Garganacl|92\/100\n|-start|p2a: Garganacl|Salt Cure\n|\n|-heal|p2a: Garganacl|98\/100|[from] item: Leftovers\n|-heal|p1a: Garganacl|91\/100|[from] item: Leftovers\n|-damage|p2a: Garganacl|85\/100|[from] Salt Cure\n|-damage|p1a: Garganacl|78\/100|[from] Salt Cure\n|upkeep\n|turn|31\n|\n|t:|1700651989\n|move|p2a: Garganacl|Salt Cure|p1a: Garganacl\n|-damage|p1a: Garganacl|70\/100\n|move|p1a: Garganacl|Salt Cure|p2a: Garganacl\n|-damage|p2a: Garganacl|75\/100\n|\n|-heal|p2a: Garganacl|82\/100|[from] item: Leftovers\n|-heal|p1a: Garganacl|76\/100|[from] item: Leftovers\n|-damage|p1a: Garganacl|63\/100|[from] Salt Cure\n|-damage|p2a: Garganacl|69\/100|[from] Salt Cure\n|upkeep\n|turn|32\n|\n|t:|1700651995\n|move|p2a: Garganacl|Salt Cure|p1a: Garganacl\n|-damage|p1a: Garganacl|55\/100\n|move|p1a: Garganacl|Salt Cure|p2a: Garganacl\n|-damage|p2a: Garganacl|60\/100\n|\n|-heal|p1a: Garganacl|61\/100|[from] item: Leftovers\n|-heal|p2a: Garganacl|66\/100|[from] item: Leftovers\n|-damage|p2a: Garganacl|54\/100|[from] Salt Cure\n|-damage|p1a: Garganacl|49\/100|[from] Salt Cure\n|upkeep\n|turn|33\n|inactive|zcy41611 has 120 seconds left.\n|\n|t:|1700652000\n|move|p1a: Garganacl|Recover|p1a: Garganacl\n|-heal|p1a: Garganacl|99\/100\n|move|p2a: Garganacl|Salt Cure|p1a: Garganacl\n|-damage|p1a: Garganacl|90\/100\n|\n|-heal|p2a: Garganacl|60\/100|[from] item: Leftovers\n|-heal|p1a: Garganacl|96\/100|[from] item: Leftovers\n|-damage|p1a: Garganacl|84\/100|[from] Salt Cure\n|-damage|p2a: Garganacl|47\/100|[from] Salt Cure\n|upkeep\n|turn|34\n|\n|t:|1700652006\n|switch|p1a: Venusaur|Venusaur-Mega, M|88\/100\n|-damage|p1a: Venusaur|76\/100|[from] Stealth Rock\n|move|p2a: Garganacl|Recover|p2a: Garganacl\n|-heal|p2a: Garganacl|98\/100\n|\n|-heal|p2a: Garganacl|100\/100|[from] item: Leftovers\n|-damage|p2a: Garganacl|88\/100|[from] Salt Cure\n|upkeep\n|turn|35\n|\n|t:|1700652012\n|switch|p2a: Clodsire|Clodsire, M|71\/100\n|move|p1a: Venusaur|Giga Drain|p2a: Clodsire\n|-crit|p2a: Clodsire\n|-damage|p2a: Clodsire|43\/100\n|-heal|p1a: Venusaur|94\/100|[from] drain|[of] p2a: Clodsire\n|\n|upkeep\n|turn|36\n|\n|t:|1700652017\n|move|p1a: Venusaur|Earth Power|p2a: Clodsire\n|-supereffective|p2a: Clodsire\n|-damage|p2a: Clodsire|13\/100\n|-unboost|p2a: Clodsire|spd|1\n|move|p2a: Clodsire|Recover|p2a: Clodsire\n|-heal|p2a: Clodsire|63\/100\n|\n|upkeep\n|turn|37\n|\n|t:|1700652026\n|switch|p1a: Latios|Latios, M|50\/100\n|-damage|p1a: Latios|38\/100|[from] Stealth Rock\n|switch|p2a: Corviknight|Corviknight, M|100\/100\n|-ability|p2a: Corviknight|Pressure\n|\n|upkeep\n|turn|38\n|\n|t:|1700652032\n|switch|p2a: Garganacl|Garganacl, M|88\/100\n|move|p1a: Latios|Mystical Fire|p2a: Garganacl\n|-resisted|p2a: Garganacl\n|-damage|p2a: Garganacl|80\/100\n|-unboost|p2a: Garganacl|spa|1\n|\n|-heal|p2a: Garganacl|87\/100|[from] item: Leftovers\n|upkeep\n|turn|39\n|\n|t:|1700652040\n|switch|p1a: Garganacl|Garganacl, M|84\/100\n|-damage|p1a: Garganacl|71\/100|[from] Stealth Rock\n|move|p2a: Garganacl|Protect||[still]\n|-fail|p2a: Garganacl\n|\n|-heal|p2a: Garganacl|93\/100|[from] item: Leftovers\n|-heal|p1a: Garganacl|77\/100|[from] item: Leftovers\n|upkeep\n|turn|40\n|\n|t:|1700652052\n|move|p2a: Garganacl|Salt Cure|p1a: Garganacl\n|-damage|p1a: Garganacl|69\/100\n|-start|p1a: Garganacl|Salt Cure\n|move|p1a: Garganacl|Salt Cure|p2a: Garganacl\n|-damage|p2a: Garganacl|83\/100\n|-start|p2a: Garganacl|Salt Cure\n|\n|-heal|p2a: Garganacl|89\/100|[from] item: Leftovers\n|-heal|p1a: Garganacl|75\/100|[from] item: Leftovers\n|-damage|p1a: Garganacl|63\/100|[from] Salt Cure\n|-damage|p2a: Garganacl|77\/100|[from] Salt Cure\n|upkeep\n|turn|41\n|\n|t:|1700652058\n|move|p1a: Garganacl|Protect|p1a: Garganacl\n|-singleturn|p1a: Garganacl|Protect\n|move|p2a: Garganacl|Salt Cure|p1a: Garganacl\n|-activate|p1a: Garganacl|move: Protect\n|\n|-heal|p2a: Garganacl|83\/100|[from] item: Leftovers\n|-heal|p1a: Garganacl|69\/100|[from] item: Leftovers\n|-damage|p2a: Garganacl|71\/100|[from] Salt Cure\n|-damage|p1a: Garganacl|57\/100|[from] Salt Cure\n|upkeep\n|turn|42\n|\n|t:|1700652071\n|move|p1a: Garganacl|Salt Cure|p2a: Garganacl\n|-crit|p2a: Garganacl\n|-damage|p2a: Garganacl|56\/100\n|move|p2a: Garganacl|Salt Cure|p1a: Garganacl\n|-damage|p1a: Garganacl|48\/100\n|\n|-heal|p2a: Garganacl|62\/100|[from] item: Leftovers\n|-heal|p1a: Garganacl|54\/100|[from] item: Leftovers\n|-damage|p2a: Garganacl|50\/100|[from] Salt Cure\n|-damage|p1a: Garganacl|41\/100|[from] Salt Cure\n|upkeep\n|turn|43\n|inactive|zcy41611 has 120 seconds left.\n|l|\u2606dilingling\n|inactive|dilingling disconnected and has a minute to reconnect!\n|player|p2|\n|\n|t:|1700652119\n|move|p1a: Garganacl|Recover|p1a: Garganacl\n|-heal|p1a: Garganacl|91\/100\n|move|p2a: Garganacl|Recover|p2a: Garganacl\n|-heal|p2a: Garganacl|99\/100\n|\n|-heal|p1a: Garganacl|98\/100|[from] item: Leftovers\n|-heal|p2a: Garganacl|100\/100|[from] item: Leftovers\n|-damage|p2a: Garganacl|88\/100|[from] Salt Cure\n|-damage|p1a: Garganacl|85\/100|[from] Salt Cure\n|upkeep\n|turn|44\n|inactive|zcy41611 has 90 seconds left.\n|inactive|dilingling has 30 seconds to reconnect!\n|inactive|dilingling has 20 seconds to reconnect!\n|inactive|dilingling has 15 seconds to reconnect!\n|inactive|dilingling has 10 seconds to reconnect!\n|inactive|dilingling has 5 seconds to reconnect!\n|-message|dilingling lost due to inactivity.\n|\n|win|zcy41611\n|raw|zcy41611's rating: 1455 &rarr; <strong>1478<\/strong><br \/>(+23 for winning)\n|raw|dilingling's rating: 1516 &rarr; <strong>1493<\/strong><br \/>(-23 for losing)\n","uploadtime":1700652184,"views":1,"p1id":"zcy41611","p2id":"dilingling","formatid":"gen9nationaldex","rating":1478,"private":0,"password":""}