{"id":"gen9nationaldex-1998004475","p1":"clayanto","p2":"Joey Mojuice","format":"[Gen 9] National Dex","log":"|html|<div class=\"broadcast-blue\"><strong>[Gen 9] National Dex is currently suspecting Sneasler! For information on how to participate check out the <a href=\"https:\/\/www.smogon.com\/forums\/threads\/sv-national-dex-suspect-8-just-dance.3731534\/\">suspect thread<\/a>.<\/strong><\/div>\n|j|\u2606clayanto\n|j|\u2606Joey Mojuice\n|t:|1700877863\n|gametype|singles\n|player|p1|clayanto|170|1250\n|player|p2|Joey Mojuice|266|1217\n|teamsize|p1|6\n|teamsize|p2|6\n|gen|9\n|tier|[Gen 9] National Dex\n|rated|\n|rule|HP Percentage Mod: HP is shown in percentages\n|rule|Endless Battle Clause: Forcing endless battles is banned\n|rule|OHKO Clause: OHKO moves are banned\n|rule|Evasion Clause: Evasion abilities, items, and moves are banned\n|rule|Evasion Abilities Clause: Evasion abilities are banned\n|rule|Evasion Items Clause: Evasion items are banned\n|rule|Evasion Moves Clause: Evasion moves are banned\n|rule|Species Clause: Limit one of each Pok\u00e9mon\n|rule|Sleep Clause Mod: Limit one foe put to sleep\n|clearpoke\n|poke|p1|Clodsire, F|\n|poke|p1|Rotom-Wash|\n|poke|p1|Sinistcha|\n|poke|p1|Pinsir, F|\n|poke|p1|Gliscor, F|\n|poke|p1|Whimsicott, L1, M|\n|poke|p2|Scizor, F|\n|poke|p2|Urshifu-*, M|\n|poke|p2|Glimmora, M|\n|poke|p2|Sinistcha|\n|poke|p2|Thundurus, M|\n|poke|p2|Maushold|\n|teampreview\n|inactive|Battle timer is ON: inactive players will automatically lose when time's up. (requested by clayanto)\n|\n|t:|1700877875\n|start\n|switch|p1a: Gliscor|Gliscor, F|100\/100\n|switch|p2a: Glimmora|Glimmora, M|100\/100\n|turn|1\n|\n|t:|1700877888\n|move|p2a: Glimmora|Stealth Rock|p1a: Gliscor\n|-sidestart|p1: clayanto|move: Stealth Rock\n|move|p1a: Gliscor|Earthquake|p2a: Glimmora\n|-supereffective|p2a: Glimmora\n|-damage|p2a: Glimmora|0 fnt\n|-activate|p2a: Glimmora|ability: Toxic Debris\n|-sidestart|p1: clayanto|move: Toxic Spikes\n|faint|p2a: Glimmora\n|\n|-status|p1a: Gliscor|tox|[from] item: Toxic Orb\n|upkeep\n|\n|t:|1700877901\n|switch|p2a: Urshifu|Urshifu-Rapid-Strike, M|100\/100\n|turn|2\n|\n|t:|1700877906\n|switch|p1a: Rotom|Rotom-Wash|100\/100\n|-damage|p1a: Rotom|88\/100|[from] Stealth Rock\n|move|p2a: Urshifu|Surging Strikes|p1a: Rotom\n|-resisted|p1a: Rotom\n|-crit|p1a: Rotom\n|-damage|p1a: Rotom|79\/100\n|-resisted|p1a: Rotom\n|-crit|p1a: Rotom\n|-damage|p1a: Rotom|70\/100\n|-resisted|p1a: Rotom\n|-crit|p1a: Rotom\n|-damage|p1a: Rotom|61\/100\n|-hitcount|p1a: Rotom|3\n|\n|upkeep\n|turn|3\n|\n|t:|1700877923\n|move|p2a: Urshifu|U-turn|p1a: Rotom\n|-damage|p1a: Rotom|43\/100\n|-damage|p2a: Urshifu|84\/100|[from] item: Rocky Helmet|[of] p1a: Rotom\n|\n|t:|1700877929\n|switch|p2a: Sinistcha|Sinistcha|100\/100|[from] U-turn\n|move|p1a: Rotom|Defog|p2a: Sinistcha\n|-unboost|p2a: Sinistcha|evasion|1\n|-sideend|p1: clayanto|Toxic Spikes|[from] move: Defog|[of] p1a: Rotom\n|-sideend|p1: clayanto|Stealth Rock|[from] move: Defog|[of] p1a: Rotom\n|\n|upkeep\n|turn|4\n|\n|t:|1700877939\n|move|p1a: Rotom|Volt Switch|p2a: Sinistcha\n|-resisted|p2a: Sinistcha\n|-damage|p2a: Sinistcha|86\/100\n|\n|t:|1700877941\n|switch|p1a: Pinsir|Pinsir, F|100\/100|[from] Volt Switch\n|move|p2a: Sinistcha|Trick Room|p2a: Sinistcha\n|-fieldstart|move: Trick Room|[of] p2a: Sinistcha\n|\n|-heal|p2a: Sinistcha|92\/100|[from] item: Leftovers\n|upkeep\n|turn|5\n|\n|t:|1700877952\n|detailschange|p1a: Pinsir|Pinsir-Mega, F\n|-mega|p1a: Pinsir|Pinsir|Pinsirite\n|move|p2a: Sinistcha|Matcha Gotcha|p1a: Pinsir\n|-resisted|p1a: Pinsir\n|-damage|p1a: Pinsir|84\/100\n|-heal|p2a: Sinistcha|98\/100|[from] drain|[of] p1a: Pinsir\n|move|p1a: Pinsir|Frustration|p2a: Sinistcha\n|-supereffective|p2a: Sinistcha\n|-damage|p2a: Sinistcha|0 fnt\n|faint|p2a: Sinistcha\n|\n|upkeep\n|\n|t:|1700877972\n|switch|p2a: Thundurus|Thundurus, M|100\/100\n|turn|6\n|\n|t:|1700877978\n|switch|p1a: Gliscor|Gliscor, F|100\/100 tox\n|move|p2a: Thundurus|Thunder Wave|p1a: Gliscor\n|-immune|p1a: Gliscor\n|\n|upkeep\n|turn|7\n|\n|t:|1700877985\n|move|p1a: Gliscor|Toxic Spikes|p2a: Thundurus\n|-sidestart|p2: Joey Mojuice|move: Toxic Spikes\n|move|p2a: Thundurus|Hidden Power|p1a: Gliscor\n|-supereffective|p1a: Gliscor\n|-damage|p1a: Gliscor|6\/100 tox\n|\n|-heal|p1a: Gliscor|18\/100 tox|[from] ability: Poison Heal\n|upkeep\n|turn|8\n|\n|t:|1700877995\n|move|p2a: Thundurus|Thunder Wave|p1a: Gliscor\n|-immune|p1a: Gliscor\n|move|p1a: Gliscor|Toxic Spikes|p2a: Thundurus\n|-sidestart|p2: Joey Mojuice|move: Toxic Spikes\n|\n|-heal|p1a: Gliscor|30\/100 tox|[from] ability: Poison Heal\n|-fieldend|move: Trick Room\n|upkeep\n|turn|9\n|\n|t:|1700878003\n|move|p2a: Thundurus|Hidden Power|p1a: Gliscor\n|-supereffective|p1a: Gliscor\n|-damage|p1a: Gliscor|0 fnt\n|faint|p1a: Gliscor\n|\n|upkeep\n|\n|t:|1700878009\n|switch|p1a: Rotom|Rotom-Wash|43\/100\n|turn|10\n|\n|t:|1700878021\n|switch|p2a: Scizor|Scizor, F|100\/100\n|move|p1a: Rotom|Volt Switch|p2a: Scizor\n|-damage|p2a: Scizor|69\/100\n|\n|t:|1700878032\n|switch|p1a: Pinsir|Pinsir-Mega, F|84\/100|[from] Volt Switch\n|\n|upkeep\n|turn|11\n|\n|t:|1700878047\n|detailschange|p2a: Scizor|Scizor-Mega, F\n|-mega|p2a: Scizor|Scizor|Scizorite\n|move|p1a: Pinsir|Frustration|p2a: Scizor\n|-damage|p2a: Scizor|16\/100\n|move|p2a: Scizor|U-turn|p1a: Pinsir\n|-resisted|p1a: Pinsir\n|-crit|p1a: Pinsir\n|-damage|p1a: Pinsir|48\/100\n|\n|t:|1700878056\n|switch|p2a: Thundurus|Thundurus, M|100\/100|[from] U-turn\n|\n|upkeep\n|turn|12\n|\n|t:|1700878063\n|switch|p1a: Clodsire|Clodsire, F|100\/100\n|move|p2a: Thundurus|Hidden Power|p1a: Clodsire\n|-supereffective|p1a: Clodsire\n|-damage|p1a: Clodsire|80\/100\n|\n|-heal|p1a: Clodsire|86\/100|[from] item: Leftovers\n|upkeep\n|turn|13\n|\n|t:|1700878073\n|move|p2a: Thundurus|Thunder Wave|p1a: Clodsire\n|-immune|p1a: Clodsire\n|move|p1a: Clodsire|Toxic|p2a: Thundurus\n|-status|p2a: Thundurus|tox\n|\n|-heal|p1a: Clodsire|92\/100|[from] item: Leftovers\n|-damage|p2a: Thundurus|94\/100 tox|[from] psn\n|upkeep\n|turn|14\n|\n|t:|1700878084\n|move|p2a: Thundurus|Hidden Power|p1a: Clodsire\n|-supereffective|p1a: Clodsire\n|-damage|p1a: Clodsire|72\/100\n|move|p1a: Clodsire|Earthquake|p2a: Thundurus\n|-immune|p2a: Thundurus\n|\n|-heal|p1a: Clodsire|78\/100|[from] item: Leftovers\n|-damage|p2a: Thundurus|82\/100 tox|[from] psn\n|upkeep\n|turn|15\n|\n|t:|1700878096\n|move|p2a: Thundurus|Hidden Power|p1a: Clodsire\n|-supereffective|p1a: Clodsire\n|-damage|p1a: Clodsire|55\/100\n|move|p1a: Clodsire|Earthquake|p2a: Thundurus\n|-immune|p2a: Thundurus\n|\n|-heal|p1a: Clodsire|61\/100|[from] item: Leftovers\n|-damage|p2a: Thundurus|64\/100 tox|[from] psn\n|upkeep\n|turn|16\n|\n|t:|1700878107\n|move|p2a: Thundurus|Hidden Power|p1a: Clodsire\n|-supereffective|p1a: Clodsire\n|-damage|p1a: Clodsire|40\/100\n|move|p1a: Clodsire|Recover|p1a: Clodsire\n|-heal|p1a: Clodsire|90\/100\n|\n|-heal|p1a: Clodsire|96\/100|[from] item: Leftovers\n|-damage|p2a: Thundurus|40\/100 tox|[from] psn\n|upkeep\n|-enditem|p2a: Thundurus|Sitrus Berry|[eat]\n|-heal|p2a: Thundurus|65\/100 tox|[from] item: Sitrus Berry\n|turn|17\n|\n|t:|1700878122\n|switch|p2a: Urshifu|Urshifu-Rapid-Strike, M|84\/100\n|-status|p2a: Urshifu|tox\n|move|p1a: Clodsire|Earthquake|p2a: Urshifu\n|-damage|p2a: Urshifu|56\/100 tox\n|\n|-heal|p1a: Clodsire|100\/100|[from] item: Leftovers\n|-damage|p2a: Urshifu|49\/100 tox|[from] psn\n|upkeep\n|turn|18\n|\n|t:|1700878133\n|switch|p1a: Rotom|Rotom-Wash|43\/100\n|move|p2a: Urshifu|Close Combat|p1a: Rotom\n|-damage|p1a: Rotom|0 fnt\n|-unboost|p2a: Urshifu|def|1\n|-unboost|p2a: Urshifu|spd|1\n|-damage|p2a: Urshifu|33\/100 tox|[from] item: Rocky Helmet|[of] p1a: Rotom\n|faint|p1a: Rotom\n|\n|-damage|p2a: Urshifu|21\/100 tox|[from] psn\n|upkeep\n|\n|t:|1700878137\n|switch|p1a: Pinsir|Pinsir-Mega, F|48\/100\n|turn|19\n|\n|t:|1700878156\n|move|p1a: Pinsir|Quick Attack|p2a: Urshifu\n|-supereffective|p2a: Urshifu\n|-crit|p2a: Urshifu\n|-damage|p2a: Urshifu|0 fnt\n|faint|p2a: Urshifu\n|\n|upkeep\n|\n|t:|1700878164\n|switch|p2a: Thundurus|Thundurus, M|65\/100 tox\n|turn|20\n|\n|t:|1700878168\n|switch|p1a: Clodsire|Clodsire, F|100\/100\n|move|p2a: Thundurus|Hidden Power|p1a: Clodsire\n|-supereffective|p1a: Clodsire\n|-damage|p1a: Clodsire|80\/100\n|\n|-heal|p1a: Clodsire|86\/100|[from] item: Leftovers\n|-damage|p2a: Thundurus|59\/100 tox|[from] psn\n|upkeep\n|turn|21\n|\n|t:|1700878181\n|switch|p2a: Scizor|Scizor-Mega, F|16\/100\n|move|p1a: Clodsire|Earthquake|p2a: Scizor\n|-damage|p2a: Scizor|0 fnt\n|faint|p2a: Scizor\n|\n|-heal|p1a: Clodsire|92\/100|[from] item: Leftovers\n|upkeep\n|\n|t:|1700878191\n|switch|p2a: Maushold|Maushold|100\/100\n|-status|p2a: Maushold|tox\n|turn|22\n|\n|t:|1700878196\n|switch|p1a: Whimsicott|Whimsicott, L1, M|100\/100\n|move|p2a: Maushold|Population Bomb|p1a: Whimsicott\n|-crit|p1a: Whimsicott\n|-enditem|p1a: Whimsicott|Focus Sash\n|-damage|p1a: Whimsicott|8\/100\n|-hitcount|p1a: Whimsicott|1\n|\n|-damage|p2a: Maushold|94\/100 tox|[from] psn\n|upkeep\n|turn|23\n|\n|t:|1700878208\n|move|p1a: Whimsicott|Leech Seed|p2a: Maushold\n|-start|p2a: Maushold|move: Leech Seed\n|move|p2a: Maushold|Population Bomb|p1a: Whimsicott\n|-damage|p1a: Whimsicott|0 fnt\n|faint|p1a: Whimsicott\n|-hitcount|p1: Whimsicott|1\n|\n|-damage|p2a: Maushold|82\/100 tox|[from] psn\n|upkeep\n|\n|t:|1700878213\n|switch|p1a: Sinistcha|Sinistcha|100\/100\n|turn|24\n|\n|t:|1700878220\n|move|p2a: Maushold|Tidy Up|p2a: Maushold\n|-sideend|p2: Joey Mojuice|Toxic Spikes\n|-activate|p2a: Maushold|move: Tidy Up\n|-boost|p2a: Maushold|atk|1\n|-boost|p2a: Maushold|spe|1\n|move|p1a: Sinistcha|Strength Sap|p2a: Maushold\n|-unboost|p2a: Maushold|atk|1\n|\n|-damage|p2a: Maushold|69\/100 tox|[from] Leech Seed|[of] p1a: Sinistcha\n|-damage|p2a: Maushold|51\/100 tox|[from] psn\n|upkeep\n|turn|25\n|\n|t:|1700878234\n|move|p2a: Maushold|Bite|p1a: Sinistcha\n|-supereffective|p1a: Sinistcha\n|-damage|p1a: Sinistcha|69\/100\n|move|p1a: Sinistcha|Calm Mind|p1a: Sinistcha\n|-boost|p1a: Sinistcha|spa|1\n|-boost|p1a: Sinistcha|spd|1\n|\n|-heal|p1a: Sinistcha|75\/100|[from] item: Leftovers\n|-damage|p2a: Maushold|38\/100 tox|[from] Leech Seed|[of] p1a: Sinistcha\n|-heal|p1a: Sinistcha|85\/100|[silent]\n|-damage|p2a: Maushold|13\/100 tox|[from] psn\n|upkeep\n|turn|26\n|\n|t:|1700878247\n|switch|p2a: Thundurus|Thundurus, M|59\/100 tox\n|move|p1a: Sinistcha|Strength Sap|p2a: Thundurus\n|-unboost|p2a: Thundurus|atk|1\n|-heal|p1a: Sinistcha|100\/100\n|\n|-damage|p2a: Thundurus|53\/100 tox|[from] psn\n|upkeep\n|turn|27\n|\n|t:|1700878258\n|move|p2a: Thundurus|Thunderbolt|p1a: Sinistcha\n|-resisted|p1a: Sinistcha\n|-damage|p1a: Sinistcha|83\/100\n|move|p1a: Sinistcha|Shadow Ball|p2a: Thundurus\n|-damage|p2a: Thundurus|0 fnt\n|faint|p2a: Thundurus\n|\n|-heal|p1a: Sinistcha|90\/100|[from] item: Leftovers\n|upkeep\n|\n|t:|1700878269\n|switch|p2a: Maushold|Maushold|13\/100 tox\n|turn|28\n|\n|t:|1700878272\n|move|p2a: Maushold|Bite|p1a: Sinistcha\n|-supereffective|p1a: Sinistcha\n|-damage|p1a: Sinistcha|58\/100\n|cant|p1a: Sinistcha|flinch\n|\n|-heal|p1a: Sinistcha|64\/100|[from] item: Leftovers\n|-damage|p2a: Maushold|7\/100 tox|[from] psn\n|upkeep\n|turn|29\n|\n|t:|1700878283\n|move|p2a: Maushold|Bite|p1a: Sinistcha\n|-supereffective|p1a: Sinistcha\n|-damage|p1a: Sinistcha|31\/100\n|move|p1a: Sinistcha|Strength Sap|p2a: Maushold\n|-unboost|p2a: Maushold|atk|1\n|-heal|p1a: Sinistcha|100\/100\n|\n|-damage|p2a: Maushold|0 fnt|[from] psn\n|faint|p2a: Maushold\n|\n|win|clayanto\n|upkeep\n|raw|clayanto's rating: 1250 &rarr; <strong>1273<\/strong><br \/>(+23 for winning)\n|raw|Joey Mojuice's rating: 1217 &rarr; <strong>1194<\/strong><br \/>(-23 for losing)\n|l|\u2606Joey Mojuice\n","uploadtime":1700878297,"views":1,"p1id":"clayanto","p2id":"joeymojuice","formatid":"gen9nationaldex","rating":1194,"private":0,"password":""}