{"id":"gen9nationaldex-1995775024","p1":"imbleed","p2":"R4NK4Z","format":"[Gen 9] National Dex","log":"|html|<div class=\"broadcast-blue\"><strong>[Gen 9] National Dex is currently suspecting Sneasler! For information on how to participate check out the <a href=\"https:\/\/www.smogon.com\/forums\/threads\/sv-national-dex-suspect-8-just-dance.3731534\/\">suspect thread<\/a>.<\/strong><\/div>\n|j|\u2606imbleed\n|j|\u2606R4NK4Z\n|t:|1700601961\n|gametype|singles\n|player|p1|imbleed|poppy|1418\n|player|p2|R4NK4Z|pokemaniac|1343\n|teamsize|p1|6\n|teamsize|p2|6\n|gen|9\n|tier|[Gen 9] National Dex\n|rated|\n|rule|HP Percentage Mod: HP is shown in percentages\n|rule|Endless Battle Clause: Forcing endless battles is banned\n|rule|OHKO Clause: OHKO moves are banned\n|rule|Evasion Clause: Evasion abilities, items, and moves are banned\n|rule|Evasion Abilities Clause: Evasion abilities are banned\n|rule|Evasion Items Clause: Evasion items are banned\n|rule|Evasion Moves Clause: Evasion moves are banned\n|rule|Species Clause: Limit one of each Pok\u00e9mon\n|rule|Sleep Clause Mod: Limit one foe put to sleep\n|clearpoke\n|poke|p1|Flareon, F|\n|poke|p1|Ninetales-Alola, M|\n|poke|p1|Scolipede, F|\n|poke|p1|Raikou|\n|poke|p1|Zangoose, F|\n|poke|p1|Lycanroc-Dusk, M|\n|poke|p2|Ceruledge, F|\n|poke|p2|Aerodactyl, M|\n|poke|p2|Tapu Lele|\n|poke|p2|Conkeldurr, M|\n|poke|p2|Empoleon, F|\n|poke|p2|Polteageist|\n|teampreview\n|j| NotBeliever\n|j| kung fu pokechu\n|inactive|Battle timer is ON: inactive players will automatically lose when time's up. (requested by R4NK4Z)\n|\n|t:|1700601981\n|start\n|switch|p1a: lotta loyalty|Lycanroc-Dusk, M|100\/100\n|switch|p2a: Ceruledge|Ceruledge, F|100\/100\n|turn|1\n|j| TheStroker\n|\n|t:|1700601988\n|move|p2a: Ceruledge|Close Combat|p1a: lotta loyalty\n|-supereffective|p1a: lotta loyalty\n|-damage|p1a: lotta loyalty|0 fnt\n|-unboost|p2a: Ceruledge|def|1\n|-unboost|p2a: Ceruledge|spd|1\n|faint|p1a: lotta loyalty\n|\n|upkeep\n|\n|t:|1700602007\n|switch|p1a: 9 empty tales|Ninetales-Alola, M|100\/100\n|-weather|Snow|[from] ability: Snow Warning|[of] p1a: 9 empty tales\n|turn|2\n|\n|t:|1700602013\n|switch|p2a: Empoleon|Empoleon, F|100\/100\n|move|p1a: 9 empty tales|Aurora Veil|p1a: 9 empty tales\n|-sidestart|p1: imbleed|move: Aurora Veil\n|\n|-weather|Snow|[upkeep]\n|upkeep\n|turn|3\n|\n|t:|1700602023\n|switch|p1a: the other cat|Raikou|100\/100\n|move|p2a: Empoleon|Defog|p1a: the other cat\n|-unboost|p1a: the other cat|evasion|1\n|-sideend|p1: imbleed|move: Aurora Veil\n|\n|-weather|Snow|[upkeep]\n|upkeep\n|turn|4\n|\n|t:|1700602030\n|move|p1a: the other cat|Calm Mind|p1a: the other cat\n|-boost|p1a: the other cat|spa|1\n|-boost|p1a: the other cat|spd|1\n|move|p2a: Empoleon|Flip Turn|p1a: the other cat\n|-damage|p1a: the other cat|74\/100\n|\n|t:|1700602034\n|switch|p2a: Ceruledge|Ceruledge, F|100\/100|[from] Flip Turn\n|\n|-weather|Snow|[upkeep]\n|-heal|p1a: the other cat|80\/100|[from] item: Leftovers\n|upkeep\n|turn|5\n|\n|t:|1700602044\n|-terastallize|p2a: Ceruledge|Fire\n|move|p2a: Ceruledge|Bitter Blade|p1a: the other cat\n|-damage|p1a: the other cat|0 fnt\n|faint|p1a: the other cat\n|\n|-weather|Snow|[upkeep]\n|upkeep\n|\n|t:|1700602056\n|switch|p1a: pet the fluff|Flareon, F|100\/100\n|turn|6\n|\n|t:|1700602061\n|switch|p2a: Empoleon|Empoleon, F|100\/100\n|move|p1a: pet the fluff|Trailblaze|p2a: Empoleon\n|-damage|p2a: Empoleon|86\/100\n|-boost|p1a: pet the fluff|spe|1\n|\n|-weather|none\n|-heal|p2a: Empoleon|93\/100|[from] item: Leftovers\n|-status|p1a: pet the fluff|tox|[from] item: Toxic Orb\n|upkeep\n|turn|7\n|\n|t:|1700602083\n|move|p1a: pet the fluff|Flare Blitz|p2a: Empoleon\n|-damage|p2a: Empoleon|13\/100\n|-damage|p1a: pet the fluff|65\/100 tox|[from] Recoil\n|move|p2a: Empoleon|Flip Turn|p1a: pet the fluff\n|-supereffective|p1a: pet the fluff\n|-damage|p1a: pet the fluff|0 fnt\n|faint|p1a: pet the fluff\n|\n|t:|1700602089\n|switch|p2a: Ceruledge|Ceruledge, F, tera:Fire|100\/100|[from] Flip Turn\n|\n|upkeep\n|\n|t:|1700602095\n|switch|p1a: champ|Zangoose, F|100\/100\n|turn|8\n|\n|t:|1700602100\n|move|p2a: Ceruledge|Bitter Blade|p1a: champ\n|-damage|p1a: champ|0 fnt\n|faint|p1a: champ\n|\n|upkeep\n|\n|t:|1700602104\n|switch|p1a: 9 empty tales|Ninetales-Alola, M|100\/100\n|-weather|Snow|[from] ability: Snow Warning|[of] p1a: 9 empty tales\n|turn|9\n|\n|t:|1700602110\n|move|p2a: Ceruledge|Bitter Blade|p1a: 9 empty tales\n|-supereffective|p1a: 9 empty tales\n|-damage|p1a: 9 empty tales|0 fnt\n|faint|p1a: 9 empty tales\n|\n|-weather|Snow|[upkeep]\n|upkeep\n|\n|t:|1700602116\n|switch|p1a: beed boosted|Scolipede, F|100\/100\n|turn|10\n|c| TheStroker|R4NK4Z scarf?\n|\n|t:|1700602130\n|move|p2a: Ceruledge|Bitter Blade|p1a: beed boosted\n|-supereffective|p1a: beed boosted\n|-damage|p1a: beed boosted|0 fnt\n|faint|p1a: beed boosted\n|\n|win|R4NK4Z\n|raw|imbleed's rating: 1418 &rarr; <strong>1394<\/strong><br \/>(-24 for losing)\n|raw|R4NK4Z's rating: 1343 &rarr; <strong>1367<\/strong><br \/>(+24 for winning)\n|c|\u2606R4NK4Z|yes\n|c| TheStroker|wow\n|c|\u2606R4NK4Z|gg\n","uploadtime":1700602142,"views":0,"p1id":"imbleed","p2id":"r4nk4z","formatid":"gen9nationaldex","rating":1367,"private":0,"password":""}