{"id":"gen9nationaldex-2000453879","p1":"Laidla\u2764","p2":"tomturtl","format":"[Gen 9] National Dex","log":"|html|<div class=\"broadcast-blue\"><strong>[Gen 9] National Dex is currently suspecting Sneasler! For information on how to participate check out the <a href=\"https:\/\/www.smogon.com\/forums\/threads\/sv-national-dex-suspect-8-just-dance.3731534\/\">suspect thread<\/a>.<\/strong><\/div>\n|j|\u203dLaidla\u2764\n|j|\u2606tomturtl\n|t:|1701196140\n|gametype|singles\n|player|p1|Laidla\u2764|lady-gen4|1128\n|player|p2|tomturtl|n|1223\n|teamsize|p1|6\n|teamsize|p2|6\n|gen|9\n|tier|[Gen 9] National Dex\n|rated|\n|rule|HP Percentage Mod: HP is shown in percentages\n|rule|Endless Battle Clause: Forcing endless battles is banned\n|rule|OHKO Clause: OHKO moves are banned\n|rule|Evasion Clause: Evasion abilities, items, and moves are banned\n|rule|Evasion Abilities Clause: Evasion abilities are banned\n|rule|Evasion Items Clause: Evasion items are banned\n|rule|Evasion Moves Clause: Evasion moves are banned\n|rule|Species Clause: Limit one of each Pok\u00e9mon\n|rule|Sleep Clause Mod: Limit one foe put to sleep\n|clearpoke\n|poke|p1|Pikachu, F|\n|poke|p1|Venusaur, F|\n|poke|p1|Charizard, F|\n|poke|p1|Blastoise, F|\n|poke|p1|Espeon, F|\n|poke|p1|Snorlax, F|\n|poke|p2|Kricketune, M|\n|poke|p2|Heracross, M|\n|poke|p2|Nihilego|\n|poke|p2|Tyranitar, M|\n|poke|p2|Zapdos|\n|poke|p2|Dragonite, F|\n|teampreview\n|inactive|Battle timer is ON: inactive players will automatically lose when time's up. (requested by Laidla\u2764)\n|c|\u2606tomturtl|Cool team\n|inactive|Laidla\u2764 has 120 seconds left.\n|inactive|Laidla\u2764 has 90 seconds left.\n|\n|t:|1701196203\n|start\n|switch|p1a: Snorlax|Snorlax, F|100\/100\n|switch|p2a: \u2819\u2811\u2807\u2811\u2807\u2811\u283a\u2815\u2815\u280f|Kricketune, M|100\/100\n|turn|1\n|\n|t:|1701196208\n|move|p2a: \u2819\u2811\u2807\u2811\u2807\u2811\u283a\u2815\u2815\u280f|Sticky Web|p1a: Snorlax\n|-sidestart|p1: Laidla\u2764|move: Sticky Web\n|move|p1a: Snorlax|Curse|p1a: Snorlax\n|-unboost|p1a: Snorlax|spe|1\n|-boost|p1a: Snorlax|atk|1\n|-boost|p1a: Snorlax|def|1\n|\n|upkeep\n|turn|2\n|\n|t:|1701196214\n|move|p2a: \u2819\u2811\u2807\u2811\u2807\u2811\u283a\u2815\u2815\u280f|Toxic|p1a: Snorlax\n|-immune|p1a: Snorlax|[from] ability: Immunity\n|move|p1a: Snorlax|Curse|p1a: Snorlax\n|-unboost|p1a: Snorlax|spe|1\n|-boost|p1a: Snorlax|atk|1\n|-boost|p1a: Snorlax|def|1\n|\n|upkeep\n|turn|3\n|\n|t:|1701196221\n|move|p2a: \u2819\u2811\u2807\u2811\u2807\u2811\u283a\u2815\u2815\u280f|Endeavor|p1a: Snorlax\n|-damage|p1a: Snorlax|78\/100\n|move|p1a: Snorlax|Curse|p1a: Snorlax\n|-unboost|p1a: Snorlax|spe|1\n|-boost|p1a: Snorlax|atk|1\n|-boost|p1a: Snorlax|def|1\n|\n|-heal|p1a: Snorlax|84\/100|[from] item: Leftovers\n|upkeep\n|turn|4\n|\n|t:|1701196230\n|move|p2a: \u2819\u2811\u2807\u2811\u2807\u2811\u283a\u2815\u2815\u280f|Endeavor|p1a: Snorlax\n|-damage|p1a: Snorlax|78\/100\n|move|p1a: Snorlax|Curse|p1a: Snorlax\n|-unboost|p1a: Snorlax|spe|1\n|-boost|p1a: Snorlax|atk|1\n|-boost|p1a: Snorlax|def|1\n|\n|-heal|p1a: Snorlax|84\/100|[from] item: Leftovers\n|upkeep\n|turn|5\n|\n|t:|1701196242\n|move|p2a: \u2819\u2811\u2807\u2811\u2807\u2811\u283a\u2815\u2815\u280f|Endeavor|p1a: Snorlax\n|-damage|p1a: Snorlax|78\/100\n|move|p1a: Snorlax|Curse|p1a: Snorlax\n|-unboost|p1a: Snorlax|spe|1\n|-boost|p1a: Snorlax|atk|1\n|-boost|p1a: Snorlax|def|1\n|\n|-heal|p1a: Snorlax|84\/100|[from] item: Leftovers\n|upkeep\n|turn|6\n|\n|t:|1701196251\n|move|p2a: \u2819\u2811\u2807\u2811\u2807\u2811\u283a\u2815\u2815\u280f|Endeavor|p1a: Snorlax\n|-damage|p1a: Snorlax|78\/100\n|move|p1a: Snorlax|Curse|p1a: Snorlax\n|-unboost|p1a: Snorlax|spe|1\n|-boost|p1a: Snorlax|atk|1\n|-boost|p1a: Snorlax|def|1\n|\n|-heal|p1a: Snorlax|84\/100|[from] item: Leftovers\n|upkeep\n|turn|7\n|\n|t:|1701196260\n|move|p2a: \u2819\u2811\u2807\u2811\u2807\u2811\u283a\u2815\u2815\u280f|Endure|p2a: \u2819\u2811\u2807\u2811\u2807\u2811\u283a\u2815\u2815\u280f\n|-singleturn|p2a: \u2819\u2811\u2807\u2811\u2807\u2811\u283a\u2815\u2815\u280f|move: Endure\n|move|p1a: Snorlax|Curse|p1a: Snorlax\n|\n|-heal|p1a: Snorlax|90\/100|[from] item: Leftovers\n|upkeep\n|turn|8\n|\n|t:|1701196286\n|move|p2a: \u2819\u2811\u2807\u2811\u2807\u2811\u283a\u2815\u2815\u280f|Endure||[still]\n|-fail|p2a: \u2819\u2811\u2807\u2811\u2807\u2811\u283a\u2815\u2815\u280f\n|move|p1a: Snorlax|Curse|p1a: Snorlax\n|\n|-heal|p1a: Snorlax|96\/100|[from] item: Leftovers\n|upkeep\n|turn|9\n|inactive|Laidla\u2764 has 120 seconds left.\n|inactive|Laidla\u2764 has 90 seconds left.\n|\n|t:|1701196344\n|switch|p2a: Thunderbird|Zapdos|100\/100\n|switch|p1a: Venusaur|Venusaur, F|100\/100\n|-activate|p1a: Venusaur|move: Sticky Web\n|-unboost|p1a: Venusaur|spe|1\n|\n|upkeep\n|turn|10\n|inactive|Laidla\u2764 has 60 seconds left.\n|inactive|tomturtl has 120 seconds left.\n|inactive|Laidla\u2764 has 30 seconds left.\n|\n|t:|1701196406\n|switch|p1a: Snorlax|Snorlax, F|96\/100\n|-activate|p1a: Snorlax|move: Sticky Web\n|-unboost|p1a: Snorlax|spe|1\n|move|p2a: Thunderbird|Heat Wave|p1a: Snorlax\n|-damage|p1a: Snorlax|83\/100\n|\n|-heal|p1a: Snorlax|89\/100|[from] item: Leftovers\n|upkeep\n|turn|11\n|inactive|Laidla\u2764 has 30 seconds left.\n|\n|t:|1701196416\n|move|p2a: Thunderbird|Volt Switch|p1a: Snorlax\n|-damage|p1a: Snorlax|74\/100\n|\n|t:|1701196420\n|switch|p2a: rock thrower|Heracross, M|100\/100|[from] Volt Switch\n|move|p1a: Snorlax|Frustration|p2a: rock thrower\n|-damage|p2a: rock thrower|48\/100\n|\n|-heal|p1a: Snorlax|80\/100|[from] item: Leftovers\n|upkeep\n|turn|12\n|inactive|Laidla\u2764 has 30 seconds left.\n|inactive|Laidla\u2764 has 20 seconds left.\n|inactive|Laidla\u2764 has 15 seconds left.\n|inactive|Laidla\u2764 has 10 seconds left.\n|inactive|Laidla\u2764 has 5 seconds left.\n|-message|Laidla\u2764 lost due to inactivity.\n|\n|win|tomturtl\n|raw|Laidla\u2764's rating: 1128 &rarr; <strong>1110<\/strong><br \/>(-18 for losing)\n|raw|tomturtl's rating: 1223 &rarr; <strong>1241<\/strong><br \/>(+18 for winning)\n|c|\u2606tomturtl|?\n|c|\u2606tomturtl|Rematch?\n","uploadtime":1701196547,"views":2,"p1id":"laidla","p2id":"tomturtl","formatid":"gen9nationaldex","rating":1110,"private":0,"password":""}