{"id":"gen9nationaldex-2000525442","p1":"ggez53","p2":"eusoufael","format":"[Gen 9] National Dex","log":"|html|<div class=\"broadcast-blue\"><strong>[Gen 9] National Dex is currently suspecting Sneasler! For information on how to participate check out the <a href=\"https:\/\/www.smogon.com\/forums\/threads\/sv-national-dex-suspect-8-just-dance.3731534\/\">suspect thread<\/a>.<\/strong><\/div>\n|j|\u2606ggez53\n|j|\u2606eusoufael\n|t:|1701202214\n|gametype|singles\n|player|p1|ggez53|lucas|1140\n|player|p2|eusoufael|ethan|1063\n|teamsize|p1|6\n|teamsize|p2|6\n|gen|9\n|tier|[Gen 9] National Dex\n|rated|\n|rule|HP Percentage Mod: HP is shown in percentages\n|rule|Endless Battle Clause: Forcing endless battles is banned\n|rule|OHKO Clause: OHKO moves are banned\n|rule|Evasion Clause: Evasion abilities, items, and moves are banned\n|rule|Evasion Abilities Clause: Evasion abilities are banned\n|rule|Evasion Items Clause: Evasion items are banned\n|rule|Evasion Moves Clause: Evasion moves are banned\n|rule|Species Clause: Limit one of each Pok\u00e9mon\n|rule|Sleep Clause Mod: Limit one foe put to sleep\n|clearpoke\n|poke|p1|Tapu Koko|\n|poke|p1|Iron Hands|\n|poke|p1|Iron Jugulis|\n|poke|p1|Pincurchin, F|\n|poke|p1|Iron Valiant|\n|poke|p1|Sneasler, M|\n|poke|p2|Electivire, M|\n|poke|p2|Charizard, M|\n|poke|p2|Torterra, M|\n|poke|p2|Gengar, F|\n|poke|p2|Dragonite, M|\n|poke|p2|Greninja-*, M|\n|teampreview\n|\n|t:|1701202240\n|start\n|switch|p1a: Pincurchin|Pincurchin, F|100\/100\n|switch|p2a: Charles|Charizard, M|100\/100\n|-fieldstart|move: Electric Terrain|[from] ability: Electric Surge|[of] p1a: Pincurchin\n|turn|1\n|\n|t:|1701202247\n|detailschange|p2a: Charles|Charizard-Mega-Y, M\n|-mega|p2a: Charles|Charizard|Charizardite Y\n|-weather|SunnyDay|[from] ability: Drought|[of] p2a: Charles\n|move|p2a: Charles|Flamethrower|p1a: Pincurchin\n|-damage|p1a: Pincurchin|3\/100\n|move|p1a: Pincurchin|Rising Voltage|p2a: Charles\n|-supereffective|p2a: Charles\n|-damage|p2a: Charles|27\/100\n|\n|-weather|SunnyDay|[upkeep]\n|upkeep\n|turn|2\n|\n|t:|1701202257\n|move|p2a: Charles|Air Slash|p1a: Pincurchin\n|-resisted|p1a: Pincurchin\n|-damage|p1a: Pincurchin|0 fnt\n|faint|p1a: Pincurchin\n|\n|-weather|SunnyDay|[upkeep]\n|upkeep\n|\n|t:|1701202263\n|switch|p1a: Tapu Koko|Tapu Koko|100\/100\n|turn|3\n|\n|t:|1701202269\n|move|p1a: Tapu Koko|Volt Switch|p2a: Charles\n|-supereffective|p2a: Charles\n|-damage|p2a: Charles|0 fnt\n|faint|p2a: Charles\n|\n|t:|1701202277\n|switch|p1a: Sneasler|Sneasler, M|100\/100|[from] Volt Switch\n|-enditem|p1a: Sneasler|Electric Seed\n|-boost|p1a: Sneasler|def|1|[from] item: Electric Seed\n|\n|-weather|SunnyDay|[upkeep]\n|upkeep\n|\n|t:|1701202295\n|switch|p2a: Malik|Torterra, M|100\/100\n|turn|4\n|\n|t:|1701202303\n|-terastallize|p1a: Sneasler|Fighting\n|move|p1a: Sneasler|Swords Dance|p1a: Sneasler\n|-boost|p1a: Sneasler|atk|2\n|move|p2a: Malik|Earthquake|p1a: Sneasler\n|-damage|p1a: Sneasler|59\/100\n|\n|-weather|SunnyDay|[upkeep]\n|upkeep\n|turn|5\n|\n|t:|1701202331\n|move|p1a: Sneasler|Close Combat|p2a: Malik\n|-damage|p2a: Malik|0 fnt\n|-unboost|p1a: Sneasler|def|1\n|-unboost|p1a: Sneasler|spd|1\n|faint|p2a: Malik\n|\n|-weather|none\n|-fieldend|move: Electric Terrain\n|upkeep\n|\n|t:|1701202340\n|switch|p2a: Hilda|Gengar, F|100\/100\n|turn|6\n|\n|t:|1701202345\n|move|p1a: Sneasler|Acrobatics|p2a: Hilda\n|-damage|p2a: Hilda|0 fnt\n|faint|p2a: Hilda\n|\n|upkeep\n|\n|t:|1701202387\n|switch|p2a: Giuseppe|Greninja, M|100\/100\n|turn|7\n|\n|t:|1701202395\n|move|p1a: Sneasler|Close Combat|p2a: Giuseppe\n|-supereffective|p2a: Giuseppe\n|-damage|p2a: Giuseppe|0 fnt\n|-unboost|p1a: Sneasler|def|1\n|-unboost|p1a: Sneasler|spd|1\n|faint|p2a: Giuseppe\n|\n|upkeep\n|\n|t:|1701202401\n|switch|p2a: Eli|Electivire, M, shiny|100\/100\n|turn|8\n|\n|t:|1701202410\n|move|p1a: Sneasler|Close Combat|p2a: Eli\n|-damage|p2a: Eli|0 fnt\n|-unboost|p1a: Sneasler|def|1\n|-unboost|p1a: Sneasler|spd|1\n|faint|p2a: Eli\n|\n|upkeep\n|\n|t:|1701202416\n|switch|p2a: Diego|Dragonite, M|100\/100\n|turn|9\n|\n|t:|1701202422\n|move|p1a: Sneasler|Dire Claw|p2a: Diego\n|-damage|p2a: Diego|59\/100\n|-status|p2a: Diego|slp\n|-damage|p1a: Sneasler|42\/100|[from] item: Rocky Helmet|[of] p2a: Diego\n|cant|p2a: Diego|slp\n|\n|upkeep\n|turn|10\n|\n|t:|1701202432\n|move|p1a: Sneasler|Dire Claw|p2a: Diego\n|-damage|p2a: Diego|0 fnt\n|-damage|p1a: Sneasler|25\/100|[from] item: Rocky Helmet|[of] p2a: Diego\n|faint|p2a: Diego\n|\n|win|ggez53\n|raw|ggez53's rating: 1140 &rarr; <strong>1160<\/strong><br \/>(+20 for winning)\n|raw|eusoufael's rating: 1063 &rarr; <strong>1048<\/strong><br \/>(-15 for losing)\n|l|\u2606eusoufael\n|c|\u2606ggez53|gg\n","uploadtime":1701202452,"views":15,"p1id":"ggez53","p2id":"eusoufael","formatid":"gen9nationaldex","rating":1048,"private":0,"password":""}