{"id":"gen9nationaldex-1991379624","p1":"JogadorCaro","p2":"TheEmeraldGamerGuy","format":"[Gen 9] National Dex","log":"|j|\u2606JogadorCaro\n|j|\u2606TheEmeraldGamerGuy\n|t:|1700072243\n|gametype|singles\n|player|p1|JogadorCaro|tate|1747\n|player|p2|TheEmeraldGamerGuy|colress|1607\n|teamsize|p1|6\n|teamsize|p2|6\n|gen|9\n|tier|[Gen 9] National Dex\n|rated|\n|rule|HP Percentage Mod: HP is shown in percentages\n|rule|Endless Battle Clause: Forcing endless battles is banned\n|rule|OHKO Clause: OHKO moves are banned\n|rule|Evasion Clause: Evasion abilities, items, and moves are banned\n|rule|Evasion Abilities Clause: Evasion abilities are banned\n|rule|Evasion Items Clause: Evasion items are banned\n|rule|Evasion Moves Clause: Evasion moves are banned\n|rule|Species Clause: Limit one of each Pok\u00e9mon\n|rule|Sleep Clause Mod: Limit one foe put to sleep\n|clearpoke\n|poke|p1|Garganacl, M|\n|poke|p1|Zamazenta-*|\n|poke|p1|Volcarona, M|\n|poke|p1|Hoopa-Unbound|\n|poke|p1|Dondozo, M|\n|poke|p1|Rotom-Wash|\n|poke|p2|Weavile, F|\n|poke|p2|Ferrothorn, M|\n|poke|p2|Landorus-Therian, M|\n|poke|p2|Tapu Lele|\n|poke|p2|Lopunny, M|\n|poke|p2|Ogerpon-Wellspring, F|\n|teampreview\n|inactive|Battle timer is ON: inactive players will automatically lose when time's up. (requested by TheEmeraldGamerGuy)\n|\n|t:|1700072249\n|start\n|switch|p1a: mulher|Rotom-Wash|100\/100\n|switch|p2a: Ferrothorn|Ferrothorn, M|100\/100\n|turn|1\n|\n|t:|1700072252\n|move|p1a: mulher|Hydro Pump|p2a: Ferrothorn\n|-resisted|p2a: Ferrothorn\n|-damage|p2a: Ferrothorn|85\/100\n|move|p2a: Ferrothorn|Stealth Rock|p1a: mulher\n|-sidestart|p1: JogadorCaro|move: Stealth Rock\n|\n|-heal|p2a: Ferrothorn|92\/100|[from] item: Leftovers\n|upkeep\n|turn|2\n|\n|t:|1700072254\n|move|p1a: mulher|Volt Switch|p2a: Ferrothorn\n|-resisted|p2a: Ferrothorn\n|-damage|p2a: Ferrothorn|82\/100\n|\n|t:|1700072258\n|switch|p1a: Endeavor|Volcarona, M|100\/100|[from] Volt Switch\n|move|p2a: Ferrothorn|Leech Seed|p1a: Endeavor\n|-start|p1a: Endeavor|move: Leech Seed\n|\n|-heal|p2a: Ferrothorn|88\/100|[from] item: Leftovers\n|-damage|p1a: Endeavor|88\/100|[from] Leech Seed|[of] p2a: Ferrothorn\n|-heal|p2a: Ferrothorn|99\/100|[silent]\n|upkeep\n|turn|3\n|\n|t:|1700072268\n|move|p1a: Endeavor|Fiery Dance|p2a: Ferrothorn\n|-supereffective|p2a: Ferrothorn\n|-damage|p2a: Ferrothorn|0 fnt\n|faint|p2a: Ferrothorn\n|\n|upkeep\n|\n|t:|1700072270\n|switch|p2a: Ogerpon|Ogerpon-Wellspring, F|100\/100\n|turn|4\n|\n|t:|1700072279\n|switch|p1a: Bale\u00e3o|Dondozo, M|100\/100\n|-damage|p1a: Bale\u00e3o|88\/100|[from] Stealth Rock\n|move|p2a: Ogerpon|Swords Dance|p2a: Ogerpon\n|-boost|p2a: Ogerpon|atk|2\n|\n|-heal|p1a: Bale\u00e3o|94\/100|[from] item: Leftovers\n|upkeep\n|turn|5\n|\n|t:|1700072282\n|switch|p1a: Endeavor|Volcarona, M|88\/100\n|move|p2a: Ogerpon|Power Whip|p1a: Endeavor\n|-resisted|p1a: Endeavor\n|-damage|p1a: Endeavor|32\/100\n|\n|upkeep\n|turn|6\n|\n|t:|1700072289\n|switch|p1a: Bale\u00e3o|Dondozo, M|94\/100\n|-damage|p1a: Bale\u00e3o|82\/100|[from] Stealth Rock\n|move|p2a: Ogerpon|Ivy Cudgel|p1a: Bale\u00e3o|[anim] Ivy Cudgel Water\n|-resisted|p1a: Bale\u00e3o\n|-damage|p1a: Bale\u00e3o|65\/100\n|\n|-heal|p1a: Bale\u00e3o|71\/100|[from] item: Leftovers\n|upkeep\n|turn|7\n|c|\u2606JogadorCaro|burn\n|c|\u2606JogadorCaro|burn\n|c|\u2606JogadorCaro|burn\n|c|\u2606JogadorCaro|burn\n|\n|t:|1700072307\n|switch|p1a: Endeavor|Volcarona, M|32\/100\n|move|p2a: Ogerpon|Power Whip|p1a: Endeavor\n|-resisted|p1a: Endeavor\n|-damage|p1a: Endeavor|0 fnt\n|-status|p2a: Ogerpon|brn|[from] ability: Flame Body|[of] p1a: Endeavor\n|faint|p1a: Endeavor\n|\n|-damage|p2a: Ogerpon|95\/100 brn|[from] brn\n|upkeep\n|\n|t:|1700072312\n|switch|p1a: Toji|Zamazenta|100\/100\n|-damage|p1a: Toji|94\/100|[from] Stealth Rock\n|-ability|p1a: Toji|Dauntless Shield|boost\n|-boost|p1a: Toji|def|1\n|turn|8\n|\n|t:|1700072316\n|move|p1a: Toji|Ice Fang|p2a: Ogerpon\n|-damage|p2a: Ogerpon|49\/100 brn\n|move|p2a: Ogerpon|Play Rough|p1a: Toji\n|-supereffective|p1a: Toji\n|-damage|p1a: Toji|52\/100\n|\n|-damage|p2a: Ogerpon|43\/100 brn|[from] brn\n|upkeep\n|turn|9\n|\n|t:|1700072324\n|switch|p2a: Weavile|Weavile, F|100\/100\n|-ability|p2a: Weavile|Pressure\n|move|p1a: Toji|Ice Fang|p2a: Weavile\n|-resisted|p2a: Weavile\n|-damage|p2a: Weavile|74\/100\n|\n|upkeep\n|turn|10\n|\n|t:|1700072335\n|switch|p1a: Mahoraga|Garganacl, M|100\/100\n|-damage|p1a: Mahoraga|88\/100|[from] Stealth Rock\n|-terastallize|p2a: Weavile|Dark\n|move|p2a: Weavile|Beat Up|p1a: Mahoraga\n|-damage|p1a: Mahoraga|80\/100\n|-damage|p1a: Mahoraga|70\/100\n|-damage|p1a: Mahoraga|63\/100\n|-damage|p1a: Mahoraga|56\/100\n|-hitcount|p1a: Mahoraga|4\n|\n|-heal|p1a: Mahoraga|63\/100|[from] item: Leftovers\n|upkeep\n|turn|11\n|\n|t:|1700072347\n|move|p2a: Weavile|Beat Up|p1a: Mahoraga\n|-damage|p1a: Mahoraga|54\/100\n|-damage|p1a: Mahoraga|43\/100\n|-damage|p1a: Mahoraga|36\/100\n|-damage|p1a: Mahoraga|30\/100\n|-hitcount|p1a: Mahoraga|4\n|move|p1a: Mahoraga|Body Press|p2a: Weavile\n|-supereffective|p2a: Weavile\n|-crit|p2a: Weavile\n|-damage|p2a: Weavile|0 fnt\n|faint|p2a: Weavile\n|\n|-heal|p1a: Mahoraga|37\/100|[from] item: Leftovers\n|upkeep\n|\n|t:|1700072356\n|switch|p2a: Lopunny|Lopunny, M|100\/100\n|turn|12\n|\n|t:|1700072360\n|detailschange|p2a: Lopunny|Lopunny-Mega, M\n|-mega|p2a: Lopunny|Lopunny|Lopunnite\n|move|p2a: Lopunny|Close Combat|p1a: Mahoraga\n|-supereffective|p1a: Mahoraga\n|-damage|p1a: Mahoraga|0 fnt\n|-unboost|p2a: Lopunny|def|1\n|-unboost|p2a: Lopunny|spd|1\n|faint|p1a: Mahoraga\n|\n|upkeep\n|\n|t:|1700072368\n|switch|p1a: Toji|Zamazenta|52\/100\n|-damage|p1a: Toji|46\/100|[from] Stealth Rock\n|turn|13\n|\n|t:|1700072372\n|switch|p2a: Landorus|Landorus-Therian, M|100\/100\n|-ability|p2a: Landorus|Intimidate|boost\n|-unboost|p1a: Toji|atk|1\n|move|p1a: Toji|Close Combat|p2a: Landorus\n|-resisted|p2a: Landorus\n|-damage|p2a: Landorus|73\/100\n|-unboost|p1a: Toji|def|1\n|-unboost|p1a: Toji|spd|1\n|\n|-heal|p2a: Landorus|79\/100|[from] item: Leftovers\n|upkeep\n|turn|14\n|\n|t:|1700072378\n|switch|p1a: mulher|Rotom-Wash|100\/100\n|-damage|p1a: mulher|88\/100|[from] Stealth Rock\n|move|p2a: Landorus|U-turn|p1a: mulher\n|-damage|p1a: mulher|66\/100\n|\n|t:|1700072381\n|switch|p2a: Ogerpon|Ogerpon-Wellspring, F|43\/100 brn|[from] U-turn\n|\n|-heal|p1a: mulher|72\/100|[from] item: Leftovers\n|-damage|p2a: Ogerpon|37\/100 brn|[from] brn\n|upkeep\n|turn|15\n|\n|t:|1700072389\n|move|p2a: Ogerpon|Power Whip|p1a: mulher\n|-supereffective|p1a: mulher\n|-damage|p1a: mulher|0 fnt\n|faint|p1a: mulher\n|\n|-damage|p2a: Ogerpon|31\/100 brn|[from] brn\n|upkeep\n|\n|t:|1700072392\n|switch|p1a: Toji|Zamazenta|46\/100\n|-damage|p1a: Toji|40\/100|[from] Stealth Rock\n|turn|16\n|\n|t:|1700072396\n|move|p1a: Toji|Close Combat|p2a: Ogerpon\n|-damage|p2a: Ogerpon|0 fnt\n|-unboost|p1a: Toji|def|1\n|-unboost|p1a: Toji|spd|1\n|faint|p2a: Ogerpon\n|\n|upkeep\n|\n|t:|1700072399\n|switch|p2a: Landorus|Landorus-Therian, M|79\/100\n|-ability|p2a: Landorus|Intimidate|boost\n|-unboost|p1a: Toji|atk|1\n|turn|17\n|\n|t:|1700072403\n|move|p1a: Toji|Close Combat|p2a: Landorus\n|-resisted|p2a: Landorus\n|-crit|p2a: Landorus\n|-damage|p2a: Landorus|10\/100\n|-unboost|p1a: Toji|def|1\n|-unboost|p1a: Toji|spd|1\n|move|p2a: Landorus|U-turn|p1a: Toji\n|-resisted|p1a: Toji\n|-damage|p1a: Toji|19\/100\n|\n|t:|1700072406\n|switch|p2a: Tapu Lele|Tapu Lele|100\/100|[from] U-turn\n|-fieldstart|move: Psychic Terrain|[from] ability: Psychic Surge|[of] p2a: Tapu Lele\n|\n|upkeep\n|turn|18\n|\n|t:|1700072410\n|move|p2a: Tapu Lele|Moonblast|p1a: Toji\n|-supereffective|p1a: Toji\n|-damage|p1a: Toji|0 fnt\n|faint|p1a: Toji\n|\n|upkeep\n|\n|t:|1700072414\n|switch|p1a: Agito|Hoopa-Unbound|100\/100\n|-damage|p1a: Agito|88\/100|[from] Stealth Rock\n|turn|19\n|\n|t:|1700072418\n|-terastallize|p1a: Agito|Poison\n|move|p2a: Tapu Lele|Moonblast|p1a: Agito\n|-resisted|p1a: Agito\n|-damage|p1a: Agito|67\/100\n|-unboost|p1a: Agito|spa|1\n|move|p1a: Agito|Dark Pulse|p2a: Tapu Lele\n|-damage|p2a: Tapu Lele|42\/100\n|\n|upkeep\n|turn|20\n|\n|t:|1700072425\n|switch|p2a: Landorus|Landorus-Therian, M|10\/100\n|-ability|p2a: Landorus|Intimidate|boost\n|-unboost|p1a: Agito|atk|1\n|move|p1a: Agito|Dark Pulse|p2a: Landorus\n|-damage|p2a: Landorus|0 fnt\n|faint|p2a: Landorus\n|\n|upkeep\n|\n|t:|1700072428\n|switch|p2a: Lopunny|Lopunny-Mega, M|100\/100\n|turn|21\n|\n|t:|1700072435\n|move|p2a: Lopunny|Return|p1a: Agito\n|-damage|p1a: Agito|0 fnt\n|faint|p1a: Agito\n|\n|-fieldend|move: Psychic Terrain\n|upkeep\n|\n|t:|1700072439\n|switch|p1a: Bale\u00e3o|Dondozo, M|71\/100\n|-damage|p1a: Bale\u00e3o|58\/100|[from] Stealth Rock\n|turn|22\n|\n|t:|1700072442\n|move|p2a: Lopunny|Return|p1a: Bale\u00e3o\n|-damage|p1a: Bale\u00e3o|23\/100\n|move|p1a: Bale\u00e3o|Curse|p1a: Bale\u00e3o\n|-unboost|p1a: Bale\u00e3o|spe|1\n|-boost|p1a: Bale\u00e3o|atk|1\n|-boost|p1a: Bale\u00e3o|def|1\n|\n|-heal|p1a: Bale\u00e3o|29\/100|[from] item: Leftovers\n|upkeep\n|turn|23\n|\n|t:|1700072444\n|move|p2a: Lopunny|Close Combat|p1a: Bale\u00e3o\n|-damage|p1a: Bale\u00e3o|2\/100\n|-unboost|p2a: Lopunny|def|1\n|-unboost|p2a: Lopunny|spd|1\n|move|p1a: Bale\u00e3o|Rest|p1a: Bale\u00e3o\n|-status|p1a: Bale\u00e3o|slp|[from] move: Rest\n|-heal|p1a: Bale\u00e3o|100\/100 slp|[silent]\n|\n|upkeep\n|turn|24\n|\n|t:|1700072450\n|switch|p2a: Tapu Lele|Tapu Lele|42\/100\n|-fieldstart|move: Psychic Terrain|[from] ability: Psychic Surge|[of] p2a: Tapu Lele\n|cant|p1a: Bale\u00e3o|slp\n|move|p1a: Bale\u00e3o|Sleep Talk|p1a: Bale\u00e3o\n|move|p1a: Bale\u00e3o|Curse|p1a: Bale\u00e3o|[from]move: Sleep Talk\n|-unboost|p1a: Bale\u00e3o|spe|1\n|-boost|p1a: Bale\u00e3o|atk|1\n|-boost|p1a: Bale\u00e3o|def|1\n|\n|upkeep\n|turn|25\n|\n|t:|1700072457\n|move|p2a: Tapu Lele|Future Sight|p1a: Bale\u00e3o\n|-start|p2a: Tapu Lele|move: Future Sight\n|cant|p1a: Bale\u00e3o|slp\n|move|p1a: Bale\u00e3o|Sleep Talk|p1a: Bale\u00e3o\n|move|p1a: Bale\u00e3o|Wave Crash|p2a: Tapu Lele|[from]move: Sleep Talk\n|-damage|p2a: Tapu Lele|0 fnt\n|faint|p2a: Tapu Lele\n|-damage|p1a: Bale\u00e3o|93\/100 slp|[from] Recoil\n|\n|-heal|p1a: Bale\u00e3o|99\/100 slp|[from] item: Leftovers\n|upkeep\n|\n|t:|1700072459\n|switch|p2a: Lopunny|Lopunny-Mega, M|100\/100\n|turn|26\n|\n|t:|1700072469\n|move|p2a: Lopunny|Close Combat|p1a: Bale\u00e3o\n|-damage|p1a: Bale\u00e3o|79\/100 slp\n|-unboost|p2a: Lopunny|def|1\n|-unboost|p2a: Lopunny|spd|1\n|-curestatus|p1a: Bale\u00e3o|slp|[msg]\n|move|p1a: Bale\u00e3o|Rest|p1a: Bale\u00e3o\n|-status|p1a: Bale\u00e3o|slp|[from] move: Rest\n|-heal|p1a: Bale\u00e3o|100\/100 slp|[silent]\n|\n|upkeep\n|turn|27\n|\n|t:|1700072472\n|move|p2a: Lopunny|Close Combat|p1a: Bale\u00e3o\n|-damage|p1a: Bale\u00e3o|82\/100 slp\n|-unboost|p2a: Lopunny|def|1\n|-unboost|p2a: Lopunny|spd|1\n|cant|p1a: Bale\u00e3o|slp\n|move|p1a: Bale\u00e3o|Sleep Talk|p1a: Bale\u00e3o\n|move|p1a: Bale\u00e3o|Wave Crash|p2a: Lopunny|[from]move: Sleep Talk\n|-damage|p2a: Lopunny|0 fnt\n|faint|p2a: Lopunny\n|-damage|p1a: Bale\u00e3o|65\/100 slp|[from] Recoil\n|\n|win|JogadorCaro\n|raw|JogadorCaro's rating: 1747 &rarr; <strong>1759<\/strong><br \/>(+12 for winning)\n|raw|TheEmeraldGamerGuy's rating: 1607 &rarr; <strong>1595<\/strong><br \/>(-12 for losing)\n|l|\u2606TheEmeraldGamerGuy\n","uploadtime":1700072484,"views":4,"p1id":"jogadorcaro","p2id":"theemeraldgamerguy","formatid":"gen9nationaldex","rating":1595,"private":0,"password":""}