{"id":"gen9nationaldex-1988563085","p1":"Blake-Mamba","p2":"miilootiic","format":"[Gen 9] National Dex","log":"|j|\u2606Blake-Mamba\n|j|\u2606miilootiic\n|t:|1699736476\n|gametype|singles\n|player|p1|Blake-Mamba|juan|1252\n|player|p2|miilootiic|ghetsis|1376\n|teamsize|p1|6\n|teamsize|p2|6\n|gen|9\n|tier|[Gen 9] National Dex\n|rated|\n|rule|HP Percentage Mod: HP is shown in percentages\n|rule|Endless Battle Clause: Forcing endless battles is banned\n|rule|OHKO Clause: OHKO moves are banned\n|rule|Evasion Clause: Evasion abilities, items, and moves are banned\n|rule|Evasion Abilities Clause: Evasion abilities are banned\n|rule|Evasion Items Clause: Evasion items are banned\n|rule|Evasion Moves Clause: Evasion moves are banned\n|rule|Species Clause: Limit one of each Pok\u00e9mon\n|rule|Sleep Clause Mod: Limit one foe put to sleep\n|clearpoke\n|poke|p1|Cinccino, F|\n|poke|p1|Zebstrika, F|\n|poke|p1|Ferrothorn, F|\n|poke|p1|Seismitoad, F|\n|poke|p1|Krookodile, F|\n|poke|p1|Emboar, F|\n|poke|p2|Scream Tail|\n|poke|p2|Garganacl, M|\n|poke|p2|Gliscor, F|\n|poke|p2|Moltres|\n|poke|p2|Urshifu-*, M|\n|poke|p2|Hydreigon, M|\n|teampreview\n|inactive|Battle timer is ON: inactive players will automatically lose when time's up. (requested by miilootiic)\n|c|\u2606Blake-Mamba|Glhf\n|inactive|miilootiic has 120 seconds left.\n|\n|t:|1699736519\n|start\n|switch|p1a: Gamble|Cinccino, F|100\/100\n|switch|p2a: Garganacl|Garganacl, M|100\/100\n|turn|1\n|\n|t:|1699736526\n|move|p1a: Gamble|Bullet Seed|p2a: Garganacl\n|-supereffective|p2a: Garganacl\n|-damage|p2a: Garganacl|80\/100\n|-supereffective|p2a: Garganacl\n|-damage|p2a: Garganacl|59\/100\n|-supereffective|p2a: Garganacl\n|-damage|p2a: Garganacl|40\/100\n|-hitcount|p2a: Garganacl|3\n|-damage|p1a: Gamble|91\/100|[from] item: Life Orb\n|move|p2a: Garganacl|Salt Cure|p1a: Gamble\n|-damage|p1a: Gamble|66\/100\n|-start|p1a: Gamble|Salt Cure\n|\n|-heal|p2a: Garganacl|46\/100|[from] item: Leftovers\n|-damage|p1a: Gamble|54\/100|[from] Salt Cure\n|upkeep\n|turn|2\n|\n|t:|1699736542\n|switch|p2a: Moltres|Moltres|100\/100\n|move|p1a: Gamble|Rock Blast|p2a: Moltres\n|-supereffective|p2a: Moltres\n|-damage|p2a: Moltres|58\/100\n|-supereffective|p2a: Moltres\n|-damage|p2a: Moltres|16\/100\n|-supereffective|p2a: Moltres\n|-damage|p2a: Moltres|0 fnt\n|faint|p2a: Moltres\n|-hitcount|p2: Moltres|3\n|-damage|p1a: Gamble|44\/100|[from] item: Life Orb\n|\n|-damage|p1a: Gamble|32\/100|[from] Salt Cure\n|upkeep\n|\n|t:|1699736550\n|switch|p2a: Hydreigon|Hydreigon, M|100\/100\n|turn|3\n|\n|t:|1699736558\n|move|p2a: Hydreigon|Dark Pulse|p1a: Gamble\n|-damage|p1a: Gamble|0 fnt\n|faint|p1a: Gamble\n|\n|upkeep\n|\n|t:|1699736563\n|switch|p1a: Emboar|Emboar, F, shiny|100\/100\n|turn|4\n|\n|t:|1699736572\n|switch|p2a: Urshifu|Urshifu-Rapid-Strike, M|100\/100\n|move|p1a: Emboar|Flare Blitz|p2a: Urshifu\n|-resisted|p2a: Urshifu\n|-damage|p2a: Urshifu|62\/100\n|-damage|p1a: Emboar|89\/100|[from] Recoil\n|\n|upkeep\n|turn|5\n|\n|t:|1699736581\n|switch|p1a: Ferrothorn|Ferrothorn, F, shiny|100\/100\n|move|p2a: Urshifu|Surging Strikes|p1a: Ferrothorn\n|-resisted|p1a: Ferrothorn\n|-crit|p1a: Ferrothorn\n|-damage|p1a: Ferrothorn|95\/100\n|-activate|p1a: Ferrothorn|ability: Iron Barbs\n|-activate|p2a: Urshifu|item: Protective Pads\n|-resisted|p1a: Ferrothorn\n|-crit|p1a: Ferrothorn\n|-damage|p1a: Ferrothorn|90\/100\n|-activate|p1a: Ferrothorn|ability: Iron Barbs\n|-activate|p2a: Urshifu|item: Protective Pads\n|-resisted|p1a: Ferrothorn\n|-crit|p1a: Ferrothorn\n|-damage|p1a: Ferrothorn|84\/100\n|-activate|p1a: Ferrothorn|ability: Iron Barbs\n|-activate|p2a: Urshifu|item: Protective Pads\n|-hitcount|p1a: Ferrothorn|3\n|\n|upkeep\n|turn|6\n|\n|t:|1699736597\n|move|p2a: Urshifu|Taunt|p1a: Ferrothorn\n|-start|p1a: Ferrothorn|move: Taunt\n|cant|p1a: Ferrothorn|move: Taunt|Leech Seed\n|\n|upkeep\n|turn|7\n|\n|t:|1699736602\n|move|p2a: Urshifu|Swords Dance|p2a: Urshifu\n|-boost|p2a: Urshifu|atk|2\n|move|p1a: Ferrothorn|Body Press|p2a: Urshifu\n|-crit|p2a: Urshifu\n|-damage|p2a: Urshifu|18\/100\n|\n|upkeep\n|turn|8\n|\n|t:|1699736609\n|-terastallize|p1a: Ferrothorn|Ghost\n|move|p2a: Urshifu|Drain Punch|p1a: Ferrothorn\n|-immune|p1a: Ferrothorn\n|move|p1a: Ferrothorn|Body Press|p2a: Urshifu\n|-damage|p2a: Urshifu|0 fnt\n|faint|p2a: Urshifu\n|\n|-end|p1a: Ferrothorn|move: Taunt\n|upkeep\n|-message|miilootiic forfeited.\n|\n|win|Blake-Mamba\n|raw|Blake-Mamba's rating: 1252 &rarr; <strong>1286<\/strong><br \/>(+34 for winning)\n|raw|miilootiic's rating: 1376 &rarr; <strong>1349<\/strong><br \/>(-27 for losing)\n|l|\u2606miilootiic\n","uploadtime":1699736625,"views":11,"p1id":"blakemamba","p2id":"miilootiic","formatid":"gen9nationaldex","rating":1286,"private":0,"password":""}