{"id":"gen9nationaldex-1997327240","p1":"Champion Clade","p2":"Yakkosalabama","format":"[Gen 9] National Dex","log":"|html|<div class=\"broadcast-blue\"><strong>[Gen 9] National Dex is currently suspecting Sneasler! For information on how to participate check out the <a href=\"https:\/\/www.smogon.com\/forums\/threads\/sv-national-dex-suspect-8-just-dance.3731534\/\">suspect thread<\/a>.<\/strong><\/div>\n|j|\u2606Champion Clade\n|j|\u2606Yakkosalabama\n|t:|1700789866\n|gametype|singles\n|player|p1|Champion Clade|hilbert-masters2|1324\n|player|p2|Yakkosalabama|volo|1365\n|teamsize|p1|6\n|teamsize|p2|6\n|gen|9\n|tier|[Gen 9] National Dex\n|rated|\n|rule|HP Percentage Mod: HP is shown in percentages\n|rule|Endless Battle Clause: Forcing endless battles is banned\n|rule|OHKO Clause: OHKO moves are banned\n|rule|Evasion Clause: Evasion abilities, items, and moves are banned\n|rule|Evasion Abilities Clause: Evasion abilities are banned\n|rule|Evasion Items Clause: Evasion items are banned\n|rule|Evasion Moves Clause: Evasion moves are banned\n|rule|Species Clause: Limit one of each Pok\u00e9mon\n|rule|Sleep Clause Mod: Limit one foe put to sleep\n|clearpoke\n|poke|p1|Cetitan, F|\n|poke|p1|Dragalge, F|\n|poke|p1|Goodra-Hisui, F|\n|poke|p1|Flygon, M|\n|poke|p1|Arcanine-Hisui, M|\n|poke|p1|Bewear, M|\n|poke|p2|Kommo-o, M|\n|poke|p2|Kartana|\n|poke|p2|Tapu Koko|\n|poke|p2|Diancie|\n|poke|p2|Landorus-Therian, M|\n|poke|p2|Grimmsnarl, M|\n|teampreview\n|inactive|Battle timer is ON: inactive players will automatically lose when time's up. (requested by Yakkosalabama)\n|c|\u2606Yakkosalabama|Hi\n|\n|t:|1700789876\n|start\n|switch|p1a: Bewear|Bewear, M, shiny|100\/100\n|switch|p2a: Grimmsnarl|Grimmsnarl, M|100\/100\n|turn|1\n|\n|t:|1700789882\n|move|p2a: Grimmsnarl|Parting Shot|p1a: Bewear\n|-unboost|p1a: Bewear|atk|1\n|-unboost|p1a: Bewear|spa|1\n|\n|t:|1700789885\n|switch|p2a: Diancie|Diancie|100\/100|[from] Parting Shot\n|move|p1a: Bewear|Swagger|p2a: Diancie\n|-boost|p2a: Diancie|atk|2\n|-enditem|p1a: Bewear|Mirror Herb\n|-boost|p1a: Bewear|atk|2|[from] item: Mirror Herb\n|-start|p2a: Diancie|confusion\n|\n|upkeep\n|turn|2\n|\n|t:|1700789893\n|-activate|p2a: Diancie|confusion\n|move|p2a: Diancie|Diamond Storm|p1a: Bewear|[miss]\n|-miss|p2a: Diancie|p1a: Bewear\n|move|p1a: Bewear|Earthquake|p2a: Diancie\n|-supereffective|p2a: Diancie\n|-damage|p2a: Diancie|0 fnt\n|faint|p2a: Diancie\n|\n|upkeep\n|\n|t:|1700789896\n|switch|p2a: Grimmsnarl|Grimmsnarl, M|100\/100\n|turn|3\n|\n|t:|1700789907\n|move|p2a: Grimmsnarl|Reflect|p2a: Grimmsnarl\n|-sidestart|p2: Yakkosalabama|Reflect\n|move|p1a: Bewear|Ice Punch|p2a: Grimmsnarl\n|-damage|p2a: Grimmsnarl|82\/100\n|\n|upkeep\n|turn|4\n|\n|t:|1700789912\n|move|p2a: Grimmsnarl|Light Screen|p2a: Grimmsnarl\n|-sidestart|p2: Yakkosalabama|move: Light Screen\n|move|p1a: Bewear|Drain Punch|p2a: Grimmsnarl\n|-damage|p2a: Grimmsnarl|52\/100\n|\n|upkeep\n|turn|5\n|\n|t:|1700789923\n|move|p2a: Grimmsnarl|Parting Shot|p1a: Bewear\n|-unboost|p1a: Bewear|atk|1\n|-unboost|p1a: Bewear|spa|1\n|\n|t:|1700789926\n|switch|p2a: Landorus|Landorus-Therian, M|100\/100|[from] Parting Shot\n|-ability|p2a: Landorus|Intimidate|boost\n|-unboost|p1a: Bewear|atk|1\n|move|p1a: Bewear|Swagger|p2a: Landorus\n|-boost|p2a: Landorus|atk|2\n|-start|p2a: Landorus|confusion\n|\n|upkeep\n|turn|6\n|\n|t:|1700789934\n|switch|p2a: Grimmsnarl|Grimmsnarl, M|52\/100\n|move|p1a: Bewear|Ice Punch|p2a: Grimmsnarl\n|-damage|p2a: Grimmsnarl|43\/100\n|\n|upkeep\n|turn|7\n|\n|t:|1700789941\n|switch|p1a: Dragalge|Dragalge, F|100\/100\n|move|p2a: Grimmsnarl|Spirit Break|p1a: Dragalge\n|-damage|p1a: Dragalge|62\/100\n|-unboost|p1a: Dragalge|spa|1\n|\n|-heal|p1a: Dragalge|68\/100|[from] item: Black Sludge\n|upkeep\n|turn|8\n|\n|t:|1700789949\n|move|p2a: Grimmsnarl|Parting Shot|p1a: Dragalge\n|-unboost|p1a: Dragalge|atk|1\n|-unboost|p1a: Dragalge|spa|1\n|\n|t:|1700789953\n|switch|p2a: Kartana|Kartana|100\/100|[from] Parting Shot\n|move|p1a: Dragalge|Sludge Wave|p2a: Kartana\n|-immune|p2a: Kartana\n|\n|-heal|p1a: Dragalge|74\/100|[from] item: Black Sludge\n|upkeep\n|turn|9\n|\n|t:|1700789964\n|move|p2a: Kartana|Smart Strike|p1a: Dragalge\n|-damage|p1a: Dragalge|31\/100\n|move|p1a: Dragalge|Acid Armor|p1a: Dragalge\n|-boost|p1a: Dragalge|def|2\n|\n|-heal|p1a: Dragalge|37\/100|[from] item: Black Sludge\n|upkeep\n|turn|10\n|\n|t:|1700789973\n|move|p2a: Kartana|Knock Off|p1a: Dragalge\n|-damage|p1a: Dragalge|15\/100\n|-enditem|p1a: Dragalge|Black Sludge|[from] move: Knock Off|[of] p2a: Kartana\n|move|p1a: Dragalge|Acid Armor|p1a: Dragalge\n|-boost|p1a: Dragalge|def|2\n|\n|-sideend|p2: Yakkosalabama|Reflect\n|upkeep\n|turn|11\n|\n|t:|1700789981\n|move|p2a: Kartana|Smart Strike|p1a: Dragalge\n|-damage|p1a: Dragalge|0 fnt\n|faint|p1a: Dragalge\n|-ability|p2a: Kartana|Beast Boost|boost\n|-boost|p2a: Kartana|atk|1\n|\n|-sideend|p2: Yakkosalabama|move: Light Screen\n|upkeep\n|\n|t:|1700789998\n|switch|p1a: Bewear|Bewear, M, shiny|100\/100\n|turn|12\n|\n|t:|1700790004\n|move|p2a: Kartana|Smart Strike|p1a: Bewear\n|-damage|p1a: Bewear|76\/100\n|move|p1a: Bewear|Drain Punch|p2a: Kartana\n|-supereffective|p2a: Kartana\n|-damage|p2a: Kartana|8\/100\n|-heal|p1a: Bewear|100\/100|[from] drain|[of] p2a: Kartana\n|\n|upkeep\n|turn|13\n|\n|t:|1700790011\n|-terastallize|p2a: Kartana|Grass\n|move|p2a: Kartana|Leaf Blade|p1a: Bewear\n|-damage|p1a: Bewear|55\/100\n|move|p1a: Bewear|Ice Punch|p2a: Kartana\n|-supereffective|p2a: Kartana\n|-damage|p2a: Kartana|0 fnt\n|faint|p2a: Kartana\n|\n|upkeep\n|\n|t:|1700790019\n|switch|p2a: Tapu Koko|Tapu Koko|100\/100\n|-fieldstart|move: Electric Terrain|[from] ability: Electric Surge|[of] p2a: Tapu Koko\n|turn|14\n|\n|t:|1700790023\n|-terastallize|p1a: Bewear|Ground\n|move|p2a: Tapu Koko|Dazzling Gleam|p1a: Bewear\n|-damage|p1a: Bewear|25\/100\n|move|p1a: Bewear|Earthquake|p2a: Tapu Koko\n|-supereffective|p2a: Tapu Koko\n|-damage|p2a: Tapu Koko|0 fnt\n|faint|p2a: Tapu Koko\n|\n|upkeep\n|\n|t:|1700790027\n|switch|p2a: Landorus|Landorus-Therian, M|100\/100\n|-ability|p2a: Landorus|Intimidate|boost\n|-unboost|p1a: Bewear|atk|1\n|turn|15\n|\n|t:|1700790033\n|move|p2a: Landorus|Earthquake|p1a: Bewear\n|-damage|p1a: Bewear|0 fnt\n|faint|p1a: Bewear\n|\n|upkeep\n|\n|t:|1700790048\n|switch|p1a: Cetitan|Cetitan, F, shiny|100\/100\n|turn|16\n|\n|t:|1700790054\n|move|p1a: Cetitan|Icicle Crash|p2a: Landorus\n|-supereffective|p2a: Landorus\n|-damage|p2a: Landorus|0 fnt\n|faint|p2a: Landorus\n|\n|upkeep\n|\n|t:|1700790055\n|switch|p2a: Grimmsnarl|Grimmsnarl, M|43\/100\n|turn|17\n|\n|t:|1700790063\n|move|p2a: Grimmsnarl|Reflect|p2a: Grimmsnarl\n|-sidestart|p2: Yakkosalabama|Reflect\n|move|p1a: Cetitan|Icicle Crash|p2a: Grimmsnarl\n|-damage|p2a: Grimmsnarl|9\/100\n|\n|upkeep\n|turn|18\n|\n|t:|1700790068\n|move|p2a: Grimmsnarl|Light Screen|p2a: Grimmsnarl\n|-sidestart|p2: Yakkosalabama|move: Light Screen\n|move|p1a: Cetitan|Icicle Crash|p2a: Grimmsnarl\n|-damage|p2a: Grimmsnarl|0 fnt\n|faint|p2a: Grimmsnarl\n|\n|-fieldend|move: Electric Terrain\n|upkeep\n|\n|t:|1700790070\n|switch|p2a: Kommo-o|Kommo-o, M|100\/100\n|turn|19\n|\n|t:|1700790080\n|move|p2a: Kommo-o|Clangorous Soul|p2a: Kommo-o\n|-boost|p2a: Kommo-o|atk|1\n|-boost|p2a: Kommo-o|def|1\n|-boost|p2a: Kommo-o|spa|1\n|-boost|p2a: Kommo-o|spd|1\n|-boost|p2a: Kommo-o|spe|1\n|-damage|p2a: Kommo-o|68\/100\n|-enditem|p2a: Kommo-o|Throat Spray\n|-boost|p2a: Kommo-o|spa|1|[from] item: Throat Spray\n|move|p1a: Cetitan|Icicle Crash|p2a: Kommo-o\n|-supereffective|p2a: Kommo-o\n|-damage|p2a: Kommo-o|15\/100\n|\n|upkeep\n|turn|20\n|\n|t:|1700790090\n|move|p2a: Kommo-o|Drain Punch|p1a: Cetitan\n|-supereffective|p1a: Cetitan\n|-damage|p1a: Cetitan|15\/100\n|-heal|p2a: Kommo-o|85\/100|[from] drain|[of] p1a: Cetitan\n|move|p1a: Cetitan|Icicle Crash|p2a: Kommo-o\n|-supereffective|p2a: Kommo-o\n|-damage|p2a: Kommo-o|39\/100\n|\n|upkeep\n|turn|21\n|\n|t:|1700790097\n|move|p2a: Kommo-o|Drain Punch|p1a: Cetitan\n|-supereffective|p1a: Cetitan\n|-damage|p1a: Cetitan|0 fnt\n|-heal|p2a: Kommo-o|51\/100|[from] drain|[of] p1a: Cetitan\n|faint|p1a: Cetitan\n|\n|upkeep\n|\n|t:|1700790112\n|switch|p1a: Flygon|Flygon, M|100\/100\n|turn|22\n|\n|t:|1700790118\n|move|p2a: Kommo-o|Clanging Scales|p1a: Flygon\n|-supereffective|p1a: Flygon\n|-damage|p1a: Flygon|0 fnt\n|faint|p1a: Flygon\n|-unboost|p2a: Kommo-o|def|1\n|\n|upkeep\n|\n|t:|1700790126\n|switch|p1a: Arcanine|Arcanine-Hisui, M|100\/100\n|turn|23\n|\n|t:|1700790131\n|move|p2a: Kommo-o|Drain Punch|p1a: Arcanine\n|-supereffective|p1a: Arcanine\n|-damage|p1a: Arcanine|5\/100\n|-heal|p2a: Kommo-o|100\/100|[from] drain|[of] p1a: Arcanine\n|move|p1a: Arcanine|Flare Blitz|p2a: Kommo-o\n|-resisted|p2a: Kommo-o\n|-damage|p2a: Kommo-o|86\/100\n|\n|upkeep\n|turn|24\n|\n|t:|1700790138\n|move|p2a: Kommo-o|Drain Punch|p1a: Arcanine\n|-supereffective|p1a: Arcanine\n|-damage|p1a: Arcanine|0 fnt\n|-heal|p2a: Kommo-o|89\/100|[from] drain|[of] p1a: Arcanine\n|faint|p1a: Arcanine\n|\n|-sideend|p2: Yakkosalabama|Reflect\n|upkeep\n|\n|t:|1700790144\n|switch|p1a: Goodra|Goodra-Hisui, F|100\/100\n|turn|25\n|\n|t:|1700790146\n|move|p2a: Kommo-o|Drain Punch|p1a: Goodra\n|-supereffective|p1a: Goodra\n|-damage|p1a: Goodra|20\/100\n|-heal|p2a: Kommo-o|100\/100|[from] drain|[of] p1a: Goodra\n|-ability|p1a: Goodra|Gooey\n|-unboost|p2a: Kommo-o|spe|1\n|move|p1a: Goodra|Draco Meteor|p2a: Kommo-o\n|-supereffective|p2a: Kommo-o\n|-damage|p2a: Kommo-o|37\/100\n|-unboost|p1a: Goodra|spa|2\n|\n|-sideend|p2: Yakkosalabama|move: Light Screen\n|upkeep\n|turn|26\n|\n|t:|1700790159\n|move|p2a: Kommo-o|Clanging Scales|p1a: Goodra\n|-damage|p1a: Goodra|0 fnt\n|faint|p1a: Goodra\n|\n|win|Yakkosalabama\n|raw|Champion Clade's rating: 1324 &rarr; <strong>1306<\/strong><br \/>(-18 for losing)\n|raw|Yakkosalabama's rating: 1365 &rarr; <strong>1383<\/strong><br \/>(+18 for winning)\n|c|\u2606Yakkosalabama|Gg\n","uploadtime":1700790163,"views":3,"p1id":"championclade","p2id":"yakkosalabama","formatid":"gen9nationaldex","rating":1306,"private":0,"password":""}