{"id":"gen9nationaldex-1990062059","p1":"Starlight yiyi","p2":"Bayern72915","format":"[Gen 9] National Dex","log":"|j|\u2606Starlight yiyi\n|j|\u2606Bayern72915\n|t:|1699920444\n|gametype|singles\n|player|p1|Starlight yiyi|ghetsis-gen5bw|1299\n|player|p2|Bayern72915|cyrus|1297\n|teamsize|p1|6\n|teamsize|p2|6\n|gen|9\n|tier|[Gen 9] National Dex\n|rated|\n|rule|HP Percentage Mod: HP is shown in percentages\n|rule|Endless Battle Clause: Forcing endless battles is banned\n|rule|OHKO Clause: OHKO moves are banned\n|rule|Evasion Clause: Evasion abilities, items, and moves are banned\n|rule|Evasion Abilities Clause: Evasion abilities are banned\n|rule|Evasion Items Clause: Evasion items are banned\n|rule|Evasion Moves Clause: Evasion moves are banned\n|rule|Species Clause: Limit one of each Pok\u00e9mon\n|rule|Sleep Clause Mod: Limit one foe put to sleep\n|clearpoke\n|poke|p1|Beedrill, M|\n|poke|p1|Tapu Lele|\n|poke|p1|Ninetales-Alola, M|\n|poke|p1|Sneasler, F|\n|poke|p1|Blastoise, M|\n|poke|p1|Zapdos|\n|poke|p2|Slowking-Galar, M|\n|poke|p2|Charizard, M|\n|poke|p2|Samurott-Hisui, M|\n|poke|p2|Hatterene, F|\n|poke|p2|Gliscor, M|\n|poke|p2|Rotom-Wash|\n|teampreview\n|\n|t:|1699920506\n|start\n|switch|p1a: Beedrill|Beedrill, M|100\/100\n|switch|p2a: Rotom|Rotom-Wash|100\/100\n|turn|1\n|\n|t:|1699920518\n|switch|p1a: Zapdos|Zapdos, shiny|100\/100\n|move|p2a: Rotom|Will-O-Wisp|p1a: Zapdos|[miss]\n|-miss|p2a: Rotom|p1a: Zapdos\n|\n|upkeep\n|turn|2\n|\n|t:|1699920531\n|move|p1a: Zapdos|Toxic|p2a: Rotom\n|-status|p2a: Rotom|tox\n|move|p2a: Rotom|Volt Switch|p1a: Zapdos\n|-damage|p1a: Zapdos|77\/100\n|\n|t:|1699920539\n|switch|p2a: Gliscor|Gliscor, M|100\/100|[from] Volt Switch\n|\n|-status|p2a: Gliscor|tox|[from] item: Toxic Orb\n|upkeep\n|turn|3\n|\n|t:|1699920545\n|switch|p1a: Blastoise|Blastoise, M|100\/100\n|move|p2a: Gliscor|Toxic|p1a: Blastoise\n|-status|p1a: Blastoise|tox\n|\n|-damage|p1a: Blastoise|94\/100 tox|[from] psn\n|upkeep\n|turn|4\n|\n|t:|1699920575\n|switch|p2a: Rotom|Rotom-Wash|100\/100 tox\n|move|p1a: Blastoise|Flip Turn|p2a: Rotom\n|-resisted|p2a: Rotom\n|-damage|p2a: Rotom|94\/100 tox\n|\n|t:|1699920607\n|switch|p1a: Ninetales|Ninetales-Alola, M|100\/100|[from] Flip Turn\n|-weather|Snow|[from] ability: Snow Warning|[of] p1a: Ninetales\n|\n|-weather|Snow|[upkeep]\n|-heal|p2a: Rotom|99\/100 tox|[from] item: Leftovers\n|-damage|p2a: Rotom|94\/100 tox|[from] psn\n|upkeep\n|turn|5\n|\n|t:|1699920619\n|move|p1a: Ninetales|Aurora Veil|p1a: Ninetales\n|-sidestart|p1: Starlight yiyi|move: Aurora Veil\n|move|p2a: Rotom|Volt Switch|p1a: Ninetales\n|-damage|p1a: Ninetales|89\/100\n|\n|t:|1699920627\n|switch|p2a: Slowking|Slowking-Galar, M|100\/100|[from] Volt Switch\n|\n|-weather|Snow|[upkeep]\n|upkeep\n|turn|6\n|\n|t:|1699920639\n|move|p1a: Ninetales|Hypnosis|p2a: Slowking|[miss]\n|-miss|p1a: Ninetales|p2a: Slowking\n|move|p2a: Slowking|Sludge Bomb|p1a: Ninetales\n|-supereffective|p1a: Ninetales\n|-damage|p1a: Ninetales|52\/100\n|\n|-weather|Snow|[upkeep]\n|upkeep\n|turn|7\n|\n|t:|1699920678\n|move|p1a: Ninetales|Hypnosis|p2a: Slowking|[miss]\n|-miss|p1a: Ninetales|p2a: Slowking\n|move|p2a: Slowking|Sludge Bomb|p1a: Ninetales\n|-supereffective|p1a: Ninetales\n|-damage|p1a: Ninetales|15\/100\n|-status|p1a: Ninetales|psn\n|\n|-weather|Snow|[upkeep]\n|-damage|p1a: Ninetales|2\/100 psn|[from] psn\n|upkeep\n|turn|8\n|\n|t:|1699920718\n|switch|p1a: Tapu Lele|Tapu Lele, shiny|100\/100\n|-fieldstart|move: Psychic Terrain|[from] ability: Psychic Surge|[of] p1a: Tapu Lele\n|switch|p2a: Samurott|Samurott-Hisui, M, shiny|100\/100\n|\n|-weather|none\n|upkeep\n|turn|9\n|\n|t:|1699920805\n|switch|p2a: Slowking|Slowking-Galar, M|100\/100\n|move|p1a: Tapu Lele|Moonblast|p2a: Slowking\n|-resisted|p2a: Slowking\n|-damage|p2a: Slowking|88\/100\n|\n|upkeep\n|turn|10\n|\n|t:|1699920813\n|switch|p1a: Zapdos|Zapdos, shiny|77\/100\n|move|p2a: Slowking|Sludge Bomb|p1a: Zapdos\n|-damage|p1a: Zapdos|59\/100\n|\n|upkeep\n|turn|11\n|\n|t:|1699920822\n|move|p1a: Zapdos|Discharge|p2a: Slowking\n|-damage|p2a: Slowking|74\/100\n|move|p2a: Slowking|Future Sight|p1a: Zapdos\n|-start|p2a: Slowking|move: Future Sight\n|\n|upkeep\n|turn|12\n|\n|t:|1699920829\n|move|p1a: Zapdos|Roost|p1a: Zapdos\n|-heal|p1a: Zapdos|100\/100\n|-singleturn|p1a: Zapdos|move: Roost\n|move|p2a: Slowking|Ice Beam|p1a: Zapdos\n|-damage|p1a: Zapdos|89\/100\n|\n|-sideend|p1: Starlight yiyi|move: Aurora Veil\n|-fieldend|move: Psychic Terrain\n|upkeep\n|turn|13\n|\n|t:|1699920838\n|move|p1a: Zapdos|Discharge|p2a: Slowking\n|-damage|p2a: Slowking|59\/100\n|move|p2a: Slowking|Ice Beam|p1a: Zapdos\n|-supereffective|p1a: Zapdos\n|-damage|p1a: Zapdos|43\/100\n|-status|p1a: Zapdos|frz\n|\n|-end|p1a: Zapdos|move: Future Sight\n|-damage|p1a: Zapdos|0 fnt\n|faint|p1a: Zapdos\n|upkeep\n|\n|t:|1699920844\n|switch|p1a: Beedrill|Beedrill, M|100\/100\n|turn|14\n|\n|t:|1699920869\n|switch|p2a: Gliscor|Gliscor, M|100\/100 tox\n|detailschange|p1a: Beedrill|Beedrill-Mega, M\n|-mega|p1a: Beedrill|Beedrill|Beedrillite\n|move|p1a: Beedrill|Drill Run|p2a: Gliscor\n|-immune|p2a: Gliscor\n|\n|upkeep\n|turn|15\n|\n|t:|1699920889\n|move|p1a: Beedrill|U-turn|p2a: Gliscor\n|-resisted|p2a: Gliscor\n|-damage|p2a: Gliscor|81\/100 tox\n|\n|t:|1699920895\n|switch|p1a: Tapu Lele|Tapu Lele, shiny|100\/100|[from] U-turn\n|-fieldstart|move: Psychic Terrain|[from] ability: Psychic Surge|[of] p1a: Tapu Lele\n|move|p2a: Gliscor|Earthquake|p1a: Tapu Lele\n|-damage|p1a: Tapu Lele|54\/100\n|\n|-heal|p2a: Gliscor|93\/100 tox|[from] ability: Poison Heal\n|upkeep\n|turn|16\n|\n|t:|1699920925\n|move|p1a: Tapu Lele|Psychic|p2a: Gliscor\n|-damage|p2a: Gliscor|34\/100 tox\n|move|p2a: Gliscor|Toxic|p1a: Tapu Lele\n|-status|p1a: Tapu Lele|tox\n|\n|-damage|p1a: Tapu Lele|48\/100 tox|[from] psn\n|-heal|p2a: Gliscor|47\/100 tox|[from] ability: Poison Heal\n|upkeep\n|turn|17\n|\n|t:|1699920943\n|switch|p2a: Slowking|Slowking-Galar, M|92\/100\n|move|p1a: Tapu Lele|Psychic|p2a: Slowking\n|-damage|p2a: Slowking|60\/100\n|\n|-damage|p1a: Tapu Lele|35\/100 tox|[from] psn\n|upkeep\n|turn|18\n|\n|t:|1699920982\n|switch|p1a: Beedrill|Beedrill-Mega, M|100\/100\n|move|p2a: Slowking|Future Sight|p1a: Beedrill\n|-start|p2a: Slowking|move: Future Sight\n|\n|upkeep\n|turn|19\n|\n|t:|1699921022\n|switch|p2a: Gliscor|Gliscor, M|47\/100 tox\n|move|p1a: Beedrill|Poison Jab|p2a: Gliscor\n|-resisted|p2a: Gliscor\n|-damage|p2a: Gliscor|22\/100 tox\n|\n|-heal|p2a: Gliscor|35\/100 tox|[from] ability: Poison Heal\n|-fieldend|move: Psychic Terrain\n|upkeep\n|turn|20\n|\n|t:|1699921033\n|switch|p1a: Blastoise|Blastoise, M|94\/100 tox\n|move|p2a: Gliscor|Roost|p2a: Gliscor\n|-heal|p2a: Gliscor|85\/100 tox\n|-singleturn|p2a: Gliscor|move: Roost\n|\n|-end|p1a: Blastoise|move: Future Sight\n|-damage|p1a: Blastoise|54\/100 tox\n|-heal|p1a: Blastoise|60\/100 tox|[from] item: Leftovers\n|-heal|p2a: Gliscor|97\/100 tox|[from] ability: Poison Heal\n|-damage|p1a: Blastoise|54\/100 tox|[from] psn\n|upkeep\n|turn|21\n|\n|t:|1699921057\n|switch|p2a: Rotom|Rotom-Wash|94\/100 tox\n|move|p1a: Blastoise|Flip Turn|p2a: Rotom\n|-resisted|p2a: Rotom\n|-damage|p2a: Rotom|86\/100 tox\n|\n|t:|1699921090\n|switch|p1a: Beedrill|Beedrill-Mega, M|100\/100|[from] Flip Turn\n|\n|-heal|p2a: Rotom|92\/100 tox|[from] item: Leftovers\n|-damage|p2a: Rotom|86\/100 tox|[from] psn\n|upkeep\n|turn|22\n|\n|t:|1699921104\n|move|p1a: Beedrill|Poison Jab|p2a: Rotom\n|-damage|p2a: Rotom|37\/100 tox\n|move|p2a: Rotom|Will-O-Wisp|p1a: Beedrill\n|-status|p1a: Beedrill|brn\n|\n|-heal|p2a: Rotom|44\/100 tox|[from] item: Leftovers\n|-damage|p2a: Rotom|31\/100 tox|[from] psn\n|-damage|p1a: Beedrill|95\/100 brn|[from] brn\n|upkeep\n|turn|23\n|\n|t:|1699921119\n|move|p1a: Beedrill|U-turn|p2a: Rotom\n|-damage|p2a: Rotom|9\/100 tox\n|\n|t:|1699921151\n|switch|p1a: Tapu Lele|Tapu Lele, shiny|35\/100 tox|[from] U-turn\n|-fieldstart|move: Psychic Terrain|[from] ability: Psychic Surge|[of] p1a: Tapu Lele\n|move|p2a: Rotom|Pain Split|p1a: Tapu Lele\n|-sethp|p1a: Tapu Lele|22\/100 tox|[from] move: Pain Split|[silent]\n|-sethp|p2a: Rotom|21\/100 tox|[from] move: Pain Split\n|\n|-heal|p2a: Rotom|27\/100 tox|[from] item: Leftovers\n|-damage|p1a: Tapu Lele|16\/100 tox|[from] psn\n|-damage|p2a: Rotom|9\/100 tox|[from] psn\n|upkeep\n|turn|24\n|\n|t:|1699921189\n|switch|p2a: Slowking|Slowking-Galar, M|94\/100\n|move|p1a: Tapu Lele|Draining Kiss|p2a: Slowking\n|-resisted|p2a: Slowking\n|-damage|p2a: Slowking|88\/100\n|-heal|p1a: Tapu Lele|22\/100 tox|[from] drain|[of] p2a: Slowking\n|\n|-damage|p1a: Tapu Lele|10\/100 tox|[from] psn\n|upkeep\n|turn|25\n|\n|t:|1699921215\n|switch|p1a: Sneasler|Sneasler, F|100\/100\n|-enditem|p1a: Sneasler|Psychic Seed\n|-boost|p1a: Sneasler|spd|1|[from] item: Psychic Seed\n|move|p2a: Slowking|Future Sight|p1a: Sneasler\n|-start|p2a: Slowking|move: Future Sight\n|\n|upkeep\n|turn|26\n|\n|t:|1699921251\n|move|p1a: Sneasler|Swords Dance|p1a: Sneasler\n|-boost|p1a: Sneasler|atk|2\n|move|p2a: Slowking|Ice Beam|p1a: Sneasler\n|-damage|p1a: Sneasler|76\/100\n|\n|upkeep\n|turn|27\n|\n|t:|1699921272\n|switch|p2a: Gliscor|Gliscor, M|97\/100 tox\n|-terastallize|p1a: Sneasler|Flying\n|move|p1a: Sneasler|Acrobatics|p2a: Gliscor\n|-damage|p2a: Gliscor|0 fnt\n|faint|p2a: Gliscor\n|\n|-end|p1a: Sneasler|move: Future Sight\n|-crit|p1a: Sneasler\n|-damage|p1a: Sneasler|0 fnt\n|faint|p1a: Sneasler\n|-fieldend|move: Psychic Terrain\n|upkeep\n|\n|t:|1699921305\n|switch|p1a: Blastoise|Blastoise, M|54\/100 tox\n|switch|p2a: Slowking|Slowking-Galar, M|100\/100\n|turn|28\n|\n|t:|1699921334\n|move|p1a: Blastoise|Fake Out|p2a: Slowking\n|-damage|p2a: Slowking|93\/100\n|cant|p2a: Slowking|flinch\n|\n|-heal|p1a: Blastoise|60\/100 tox|[from] item: Leftovers\n|-damage|p1a: Blastoise|54\/100 tox|[from] psn\n|upkeep\n|turn|29\n|\n|t:|1699921341\n|move|p1a: Blastoise|Flip Turn|p2a: Slowking\n|-damage|p2a: Slowking|74\/100\n|\n|t:|1699921345\n|switch|p1a: Beedrill|Beedrill-Mega, M|95\/100 brn|[from] Flip Turn\n|move|p2a: Slowking|Future Sight|p1a: Beedrill\n|-start|p2a: Slowking|move: Future Sight\n|\n|-damage|p1a: Beedrill|89\/100 brn|[from] brn\n|upkeep\n|turn|30\n|\n|t:|1699921356\n|move|p1a: Beedrill|Drill Run|p2a: Slowking\n|-supereffective|p2a: Slowking\n|-damage|p2a: Slowking|40\/100\n|move|p2a: Slowking|Flamethrower|p1a: Beedrill\n|-supereffective|p1a: Beedrill\n|-damage|p1a: Beedrill|4\/100 brn\n|\n|-damage|p1a: Beedrill|0 fnt|[from] brn\n|faint|p1a: Beedrill\n|upkeep\n|-message|Starlight yiyi forfeited.\n|\n|win|Bayern72915\n|raw|Starlight yiyi's rating: 1299 &rarr; <strong>1274<\/strong><br \/>(-25 for losing)\n|raw|Bayern72915's rating: 1297 &rarr; <strong>1322<\/strong><br \/>(+25 for winning)\n|l|\u2606Starlight yiyi\n","uploadtime":1699921369,"views":5,"p1id":"starlightyiyi","p2id":"bayern72915","formatid":"gen9nationaldex","rating":1274,"private":0,"password":""}