{"id":"gen9nationaldex-1987908799","p1":"Mantis God is Op","p2":"CAAUG","format":"[Gen 9] National Dex","log":"|j|\u2606Mantis God is Op\n|j|\u2606CAAUG\n|t:|1699648125\n|gametype|singles\n|player|p1|Mantis God is Op|dagero|1135\n|player|p2|CAAUG|richboy|1041\n|teamsize|p1|6\n|teamsize|p2|6\n|gen|9\n|tier|[Gen 9] National Dex\n|rated|\n|rule|HP Percentage Mod: HP is shown in percentages\n|rule|Endless Battle Clause: Forcing endless battles is banned\n|rule|OHKO Clause: OHKO moves are banned\n|rule|Evasion Clause: Evasion abilities, items, and moves are banned\n|rule|Evasion Abilities Clause: Evasion abilities are banned\n|rule|Evasion Items Clause: Evasion items are banned\n|rule|Evasion Moves Clause: Evasion moves are banned\n|rule|Species Clause: Limit one of each Pok\u00e9mon\n|rule|Sleep Clause Mod: Limit one foe put to sleep\n|clearpoke\n|poke|p1|Mamoswine, M|\n|poke|p1|Ferrothorn, M|\n|poke|p1|Garganacl, F|\n|poke|p1|Rotom-Wash|\n|poke|p1|Volcarona, F|\n|poke|p1|Banette, M|\n|poke|p2|Salamence, F|\n|poke|p2|Scizor, F|\n|poke|p2|Sableye, F|\n|poke|p2|Milotic, F|\n|poke|p2|Sceptile, M|\n|poke|p2|Claydol|\n|teampreview\n|inactive|Battle timer is ON: inactive players will automatically lose when time's up. (requested by CAAUG)\n|c|\u2606Mantis God is Op|gl hf\n|\n|t:|1699648146\n|start\n|switch|p1a: Banette|Banette, M|100\/100\n|switch|p2a: Sableye|Sableye, F|100\/100\n|turn|1\n|\n|t:|1699648155\n|detailschange|p1a: Banette|Banette-Mega, M\n|-mega|p1a: Banette|Banette|Banettite\n|detailschange|p2a: Sableye|Sableye-Mega, F\n|-mega|p2a: Sableye|Sableye|Sablenite\n|move|p1a: Banette|Poltergeist|p2a: Sableye|[miss]\n|-miss|p1a: Banette|p2a: Sableye\n|move|p2a: Sableye|Knock Off|p1a: Banette\n|-supereffective|p1a: Banette\n|-damage|p1a: Banette|51\/100\n|\n|upkeep\n|turn|2\n|\n|t:|1699648165\n|move|p1a: Banette|Poltergeist|p2a: Sableye\n|-activate|p2a: Sableye|move: Poltergeist|Sablenite\n|-damage|p2a: Sableye|51\/100\n|move|p2a: Sableye|Foul Play|p1a: Banette\n|-supereffective|p1a: Banette\n|-damage|p1a: Banette|0 fnt\n|faint|p1a: Banette\n|\n|upkeep\n|\n|t:|1699648173\n|switch|p1a: Mamoswine|Mamoswine, M|100\/100\n|turn|3\n|\n|t:|1699648177\n|move|p1a: Mamoswine|Earthquake|p2a: Sableye\n|-damage|p2a: Sableye|9\/100\n|move|p2a: Sableye|Will-O-Wisp|p1a: Mamoswine\n|-status|p1a: Mamoswine|brn\n|\n|-damage|p1a: Mamoswine|94\/100 brn|[from] brn\n|upkeep\n|turn|4\n|\n|t:|1699648185\n|move|p1a: Mamoswine|Earthquake|p2a: Sableye\n|-damage|p2a: Sableye|0 fnt\n|faint|p2a: Sableye\n|\n|-damage|p1a: Mamoswine|88\/100 brn|[from] brn\n|upkeep\n|\n|t:|1699648192\n|switch|p2a: ushouldfearme|Salamence, F, shiny|100\/100\n|turn|5\n|\n|t:|1699648196\n|-terastallize|p2a: ushouldfearme|Fairy\n|move|p1a: Mamoswine|Icicle Spear|p2a: ushouldfearme\n|-damage|p2a: ushouldfearme|94\/100\n|-damage|p2a: ushouldfearme|88\/100\n|-damage|p2a: ushouldfearme|81\/100\n|-damage|p2a: ushouldfearme|74\/100\n|-crit|p2a: ushouldfearme\n|-damage|p2a: ushouldfearme|64\/100\n|-hitcount|p2a: ushouldfearme|5\n|move|p2a: ushouldfearme|Dragon Dance|p2a: ushouldfearme\n|-boost|p2a: ushouldfearme|atk|1\n|-boost|p2a: ushouldfearme|spe|1\n|\n|-heal|p2a: ushouldfearme|70\/100|[from] item: Leftovers\n|-damage|p1a: Mamoswine|82\/100 brn|[from] brn\n|upkeep\n|turn|6\n|\n|t:|1699648210\n|move|p2a: ushouldfearme|Dragon Dance|p2a: ushouldfearme\n|-boost|p2a: ushouldfearme|atk|1\n|-boost|p2a: ushouldfearme|spe|1\n|move|p1a: Mamoswine|Earthquake|p2a: ushouldfearme\n|-damage|p2a: ushouldfearme|46\/100\n|\n|-heal|p2a: ushouldfearme|52\/100|[from] item: Leftovers\n|-damage|p1a: Mamoswine|76\/100 brn|[from] brn\n|upkeep\n|turn|7\n|\n|t:|1699648220\n|move|p1a: Mamoswine|Ice Shard|p2a: ushouldfearme\n|-damage|p2a: ushouldfearme|42\/100\n|move|p2a: ushouldfearme|Dragon Dance|p2a: ushouldfearme\n|-boost|p2a: ushouldfearme|atk|1\n|-boost|p2a: ushouldfearme|spe|1\n|\n|-heal|p2a: ushouldfearme|48\/100|[from] item: Leftovers\n|-damage|p1a: Mamoswine|70\/100 brn|[from] brn\n|upkeep\n|turn|8\n|\n|t:|1699648229\n|move|p2a: ushouldfearme|Dragon Dance|p2a: ushouldfearme\n|-boost|p2a: ushouldfearme|atk|1\n|-boost|p2a: ushouldfearme|spe|1\n|move|p1a: Mamoswine|Earthquake|p2a: ushouldfearme\n|-crit|p2a: ushouldfearme\n|-damage|p2a: ushouldfearme|10\/100\n|\n|-heal|p2a: ushouldfearme|16\/100|[from] item: Leftovers\n|-damage|p1a: Mamoswine|64\/100 brn|[from] brn\n|upkeep\n|turn|9\n|\n|t:|1699648239\n|move|p2a: ushouldfearme|Earthquake|p1a: Mamoswine\n|-damage|p1a: Mamoswine|0 fnt\n|faint|p1a: Mamoswine\n|-ability|p2a: ushouldfearme|Moxie|boost\n|-boost|p2a: ushouldfearme|atk|1\n|\n|-heal|p2a: ushouldfearme|22\/100|[from] item: Leftovers\n|upkeep\n|\n|t:|1699648243\n|switch|p1a: Ferrothorn|Ferrothorn, M|100\/100\n|turn|10\n|c|\u2606CAAUG|its all over, bro\n|\n|t:|1699648248\n|move|p2a: ushouldfearme|Earthquake|p1a: Ferrothorn\n|-damage|p1a: Ferrothorn|23\/100\n|move|p1a: Ferrothorn|Gyro Ball|p2a: ushouldfearme\n|-supereffective|p2a: ushouldfearme\n|-damage|p2a: ushouldfearme|0 fnt\n|faint|p2a: ushouldfearme\n|\n|-heal|p1a: Ferrothorn|29\/100|[from] item: Leftovers\n|upkeep\n|\n|t:|1699648256\n|switch|p2a: Claydol|Claydol|100\/100\n|turn|11\n|\n|t:|1699648260\n|move|p2a: Claydol|Nasty Plot|p2a: Claydol\n|-boost|p2a: Claydol|spa|2\n|move|p1a: Ferrothorn|Leech Seed|p2a: Claydol\n|-start|p2a: Claydol|move: Leech Seed\n|\n|-heal|p1a: Ferrothorn|36\/100|[from] item: Leftovers\n|-damage|p2a: Claydol|88\/100|[from] Leech Seed|[of] p1a: Ferrothorn\n|-heal|p1a: Ferrothorn|47\/100|[silent]\n|upkeep\n|turn|12\n|\n|t:|1699648268\n|move|p1a: Ferrothorn|Protect|p1a: Ferrothorn\n|-singleturn|p1a: Ferrothorn|Protect\n|move|p2a: Claydol|Nasty Plot|p2a: Claydol\n|-boost|p2a: Claydol|spa|2\n|\n|-heal|p2a: Claydol|94\/100|[from] item: Leftovers\n|-heal|p1a: Ferrothorn|53\/100|[from] item: Leftovers\n|-damage|p2a: Claydol|82\/100|[from] Leech Seed|[of] p1a: Ferrothorn\n|-heal|p1a: Ferrothorn|64\/100|[silent]\n|upkeep\n|turn|13\n|\n|t:|1699648279\n|move|p2a: Claydol|Scorching Sands|p1a: Ferrothorn\n|-damage|p1a: Ferrothorn|15\/100\n|move|p1a: Ferrothorn|Gyro Ball|p2a: Claydol\n|-damage|p2a: Claydol|54\/100\n|\n|-heal|p2a: Claydol|60\/100|[from] item: Leftovers\n|-heal|p1a: Ferrothorn|21\/100|[from] item: Leftovers\n|-damage|p2a: Claydol|48\/100|[from] Leech Seed|[of] p1a: Ferrothorn\n|-heal|p1a: Ferrothorn|32\/100|[silent]\n|upkeep\n|turn|14\n|\n|t:|1699648290\n|move|p2a: Claydol|Scorching Sands|p1a: Ferrothorn\n|-damage|p1a: Ferrothorn|0 fnt\n|faint|p1a: Ferrothorn\n|\n|-heal|p2a: Claydol|54\/100|[from] item: Leftovers\n|upkeep\n|\n|t:|1699648297\n|switch|p1a: Rotom|Rotom-Wash|100\/100\n|turn|15\n|\n|t:|1699648301\n|move|p1a: Rotom|Hydro Pump|p2a: Claydol\n|-supereffective|p2a: Claydol\n|-damage|p2a: Claydol|0 fnt\n|faint|p2a: Claydol\n|\n|upkeep\n|\n|t:|1699648307\n|switch|p2a: tooslow|Sceptile, M|100\/100\n|turn|16\n|\n|t:|1699648311\n|move|p2a: tooslow|Leaf Blade|p1a: Rotom\n|-supereffective|p1a: Rotom\n|-damage|p1a: Rotom|0 fnt\n|faint|p1a: Rotom\n|\n|upkeep\n|\n|t:|1699648315\n|switch|p1a: Volcarona|Volcarona, F|100\/100\n|turn|17\n|\n|t:|1699648321\n|move|p2a: tooslow|Earthquake|p1a: Volcarona\n|-damage|p1a: Volcarona|59\/100\n|move|p1a: Volcarona|Quiver Dance|p1a: Volcarona\n|-boost|p1a: Volcarona|spa|1\n|-boost|p1a: Volcarona|spd|1\n|-boost|p1a: Volcarona|spe|1\n|\n|upkeep\n|turn|18\n|\n|t:|1699648329\n|move|p1a: Volcarona|Fiery Dance|p2a: tooslow\n|-supereffective|p2a: tooslow\n|-enditem|p2a: tooslow|Focus Sash\n|-damage|p2a: tooslow|1\/100\n|-boost|p1a: Volcarona|spa|1\n|move|p2a: tooslow|Earthquake|p1a: Volcarona\n|-damage|p1a: Volcarona|19\/100\n|-enditem|p1a: Volcarona|Sitrus Berry|[eat]\n|-heal|p1a: Volcarona|43\/100|[from] item: Sitrus Berry\n|\n|upkeep\n|turn|19\n|\n|t:|1699648340\n|switch|p2a: notyou|Milotic, F, shiny|100\/100\n|move|p1a: Volcarona|Fiery Dance|p2a: notyou\n|-resisted|p2a: notyou\n|-damage|p2a: notyou|68\/100\n|\n|upkeep\n|turn|20\n|\n|t:|1699648346\n|-terastallize|p1a: Volcarona|Water\n|move|p1a: Volcarona|Bug Buzz|p2a: notyou\n|-damage|p2a: notyou|0 fnt\n|faint|p2a: notyou\n|\n|upkeep\n|\n|t:|1699648353\n|switch|p2a: ifearnoman|Scizor, F|100\/100\n|turn|21\n|\n|t:|1699648357\n|move|p1a: Volcarona|Fiery Dance|p2a: ifearnoman\n|-supereffective|p2a: ifearnoman\n|-damage|p2a: ifearnoman|0 fnt\n|-boost|p1a: Volcarona|spa|1\n|faint|p2a: ifearnoman\n|\n|upkeep\n|-message|CAAUG forfeited.\n|\n|win|Mantis God is Op\n|raw|Mantis God is Op's rating: 1135 &rarr; <strong>1153<\/strong><br \/>(+18 for winning)\n|raw|CAAUG's rating: 1041 &rarr; <strong>1029<\/strong><br \/>(-12 for losing)\n|l|\u2606CAAUG\n|c|\u2606Mantis God is Op|gg wp\n|c|\u2606Mantis God is Op|reverse sweep babyyyyyy\n","uploadtime":1699648376,"views":4,"p1id":"mantisgodisop","p2id":"caaug","formatid":"gen9nationaldex","rating":1029,"private":0,"password":""}