{"id":"gen9nationaldex-1996034770","p1":"Followers of Roxy","p2":"GAGA233","format":"[Gen 9] National Dex","log":"|html|<div class=\"broadcast-blue\"><strong>[Gen 9] National Dex is currently suspecting Sneasler! For information on how to participate check out the <a href=\"https:\/\/www.smogon.com\/forums\/threads\/sv-national-dex-suspect-8-just-dance.3731534\/\">suspect thread<\/a>.<\/strong><\/div>\n|j|\u2606Followers of Roxy\n|j|\u2606GAGA233\n|t:|1700632819\n|gametype|singles\n|player|p1|Followers of Roxy|riley|1439\n|player|p2|GAGA233|1|1650\n|teamsize|p1|6\n|teamsize|p2|6\n|gen|9\n|tier|[Gen 9] National Dex\n|rated|\n|rule|HP Percentage Mod: HP is shown in percentages\n|rule|Endless Battle Clause: Forcing endless battles is banned\n|rule|OHKO Clause: OHKO moves are banned\n|rule|Evasion Clause: Evasion abilities, items, and moves are banned\n|rule|Evasion Abilities Clause: Evasion abilities are banned\n|rule|Evasion Items Clause: Evasion items are banned\n|rule|Evasion Moves Clause: Evasion moves are banned\n|rule|Species Clause: Limit one of each Pok\u00e9mon\n|rule|Sleep Clause Mod: Limit one foe put to sleep\n|clearpoke\n|poke|p1|Tyranitar, F|\n|poke|p1|Corviknight, M|\n|poke|p1|Toxapex, M|\n|poke|p1|Urshifu-*, M|\n|poke|p1|Clefable, F|\n|poke|p1|Blaziken, F|\n|poke|p2|Rabsca, F|\n|poke|p2|Hatterene, F|\n|poke|p2|Banette, F|\n|poke|p2|Porygon2|\n|poke|p2|Marowak-Alola, F|\n|poke|p2|Golem-Alola, F|\n|teampreview\n|\n|t:|1700632839\n|start\n|switch|p1a: Clefable|Clefable, F|100\/100\n|switch|p2a: Golem|Golem-Alola, F|100\/100\n|turn|1\n|inactive|Battle timer is ON: inactive players will automatically lose when time's up. (requested by GAGA233)\n|\n|t:|1700632847\n|switch|p1a: Tyranitar|Tyranitar, F|100\/100\n|-weather|Sandstorm|[from] ability: Sand Stream|[of] p1a: Tyranitar\n|-zpower|p2a: Golem\n|move|p2a: Golem|Breakneck Blitz|p1a: Tyranitar|[zeffect]\n|-resisted|p1a: Tyranitar\n|-damage|p1a: Tyranitar|73\/100\n|\n|-weather|Sandstorm|[upkeep]\n|upkeep\n|turn|2\n|\n|t:|1700632877\n|detailschange|p1a: Tyranitar|Tyranitar-Mega, F\n|-mega|p1a: Tyranitar|Tyranitar|Tyranitarite\n|move|p1a: Tyranitar|Earthquake|p2a: Golem\n|-supereffective|p2a: Golem\n|-damage|p2a: Golem|0 fnt\n|faint|p2a: Golem\n|\n|-weather|Sandstorm|[upkeep]\n|upkeep\n|inactive|GAGA233 has 120 seconds left.\n|\n|t:|1700632887\n|switch|p2a: Hatterene|Hatterene, F|100\/100\n|turn|3\n|\n|t:|1700632895\n|switch|p1a: Corviknight|Corviknight, M, shiny|100\/100\n|move|p2a: Hatterene|Trick Room|p2a: Hatterene\n|-fieldstart|move: Trick Room|[of] p2a: Hatterene\n|\n|-weather|Sandstorm|[upkeep]\n|-damage|p2a: Hatterene|95\/100|[from] Sandstorm\n|upkeep\n|turn|4\n|\n|t:|1700632903\n|move|p2a: Hatterene|Mystical Fire|p1a: Corviknight\n|-supereffective|p1a: Corviknight\n|-damage|p1a: Corviknight|46\/100\n|-ability|p1a: Corviknight|Mirror Armor\n|-unboost|p2a: Hatterene|spa|1\n|move|p1a: Corviknight|Brave Bird|p2a: Hatterene\n|-damage|p2a: Hatterene|47\/100\n|-damage|p1a: Corviknight|33\/100|[from] Recoil\n|\n|-weather|Sandstorm|[upkeep]\n|-damage|p2a: Hatterene|41\/100|[from] Sandstorm\n|upkeep\n|turn|5\n|\n|t:|1700632917\n|move|p2a: Hatterene|Misty Explosion|p1a: Corviknight\n|-resisted|p1a: Corviknight\n|-damage|p1a: Corviknight|15\/100\n|faint|p2a: Hatterene\n|move|p1a: Corviknight|Roost|p1a: Corviknight\n|-heal|p1a: Corviknight|65\/100\n|-singleturn|p1a: Corviknight|move: Roost\n|\n|-weather|none\n|upkeep\n|\n|t:|1700632922\n|switch|p2a: Marowak|Marowak-Alola, F|100\/100\n|turn|6\n|\n|t:|1700632932\n|switch|p1a: Toxapex|Toxapex, M|100\/100\n|move|p2a: Marowak|Poltergeist|p1a: Toxapex\n|-activate|p1a: Toxapex|move: Poltergeist|Rocky Helmet\n|-damage|p1a: Toxapex|28\/100\n|\n|upkeep\n|turn|7\n|\n|t:|1700632936\n|move|p1a: Toxapex|Baneful Bunker|p1a: Toxapex\n|-singleturn|p1a: Toxapex|move: Protect\n|move|p2a: Marowak|Swords Dance|p2a: Marowak\n|-boost|p2a: Marowak|atk|2\n|\n|-fieldend|move: Trick Room\n|upkeep\n|turn|8\n|\n|t:|1700632947\n|switch|p1a: Tyranitar|Tyranitar-Mega, F|73\/100\n|-weather|Sandstorm|[from] ability: Sand Stream|[of] p1a: Tyranitar\n|move|p2a: Marowak|Bonemerang|p1a: Tyranitar\n|-supereffective|p1a: Tyranitar\n|-damage|p1a: Tyranitar|5\/100\n|-supereffective|p1a: Tyranitar\n|-damage|p1a: Tyranitar|0 fnt\n|faint|p1a: Tyranitar\n|-hitcount|p1: Tyranitar|2\n|\n|-weather|Sandstorm|[upkeep]\n|-damage|p2a: Marowak|94\/100|[from] Sandstorm\n|upkeep\n|\n|t:|1700632954\n|switch|p1a: Urshifu|Urshifu-Rapid-Strike, M|100\/100\n|turn|9\n|\n|t:|1700632966\n|-terastallize|p1a: Urshifu|Water\n|-terastallize|p2a: Marowak|Dark\n|move|p1a: Urshifu|Surging Strikes|p2a: Marowak\n|-crit|p2a: Marowak\n|-damage|p2a: Marowak|65\/100\n|-crit|p2a: Marowak\n|-damage|p2a: Marowak|38\/100\n|-crit|p2a: Marowak\n|-damage|p2a: Marowak|10\/100\n|-hitcount|p2a: Marowak|3\n|move|p2a: Marowak|Poltergeist|p1a: Urshifu\n|-activate|p1a: Urshifu|move: Poltergeist|Choice Scarf\n|-damage|p1a: Urshifu|0 fnt\n|faint|p1a: Urshifu\n|\n|-weather|Sandstorm|[upkeep]\n|-damage|p2a: Marowak|4\/100|[from] Sandstorm\n|upkeep\n|\n|t:|1700632978\n|switch|p1a: Blaziken|Blaziken, F|100\/100\n|turn|10\n|\n|t:|1700632983\n|switch|p2a: Banette|Banette, F|100\/100\n|move|p1a: Blaziken|Earthquake|p2a: Banette\n|-damage|p2a: Banette|54\/100\n|\n|-weather|Sandstorm|[upkeep]\n|-damage|p1a: Blaziken|94\/100|[from] Sandstorm\n|-damage|p2a: Banette|47\/100|[from] Sandstorm\n|-heal|p1a: Blaziken|100\/100|[from] item: Leftovers\n|-ability|p1a: Blaziken|Speed Boost|boost\n|-boost|p1a: Blaziken|spe|1\n|upkeep\n|turn|11\n|\n|t:|1700632990\n|detailschange|p2a: Banette|Banette-Mega, F\n|-mega|p2a: Banette|Banette|Banettite\n|move|p2a: Banette|Destiny Bond|p2a: Banette\n|-singlemove|p2a: Banette|Destiny Bond\n|move|p1a: Blaziken|Flare Blitz|p2a: Banette\n|-damage|p2a: Banette|0 fnt\n|faint|p2a: Banette\n|-activate|p2a: Banette|move: Destiny Bond\n|faint|p1a: Blaziken\n|\n|-weather|Sandstorm|[upkeep]\n|upkeep\n|\n|t:|1700632997\n|switch|p1a: Corviknight|Corviknight, M, shiny|65\/100\n|switch|p2a: Rabsca|Rabsca, F|100\/100\n|turn|12\n|\n|t:|1700633005\n|move|p1a: Corviknight|Brave Bird|p2a: Rabsca\n|-supereffective|p2a: Rabsca\n|-damage|p2a: Rabsca|37\/100\n|-damage|p1a: Corviknight|45\/100|[from] Recoil\n|move|p2a: Rabsca|Trick Room|p2a: Rabsca\n|-fieldstart|move: Trick Room|[of] p2a: Rabsca\n|\n|-weather|none\n|upkeep\n|turn|13\n|\n|t:|1700633016\n|move|p2a: Rabsca|Revival Blessing|p2a: Rabsca\n|\n|t:|1700633021\n|-heal|p2: Golem|50\/100|[from] move: Revival Blessing\n|move|p1a: Corviknight|U-turn|p2a: Rabsca\n|-supereffective|p2a: Rabsca\n|-crit|p2a: Rabsca\n|-damage|p2a: Rabsca|2\/100\n|\n|t:|1700633028\n|switch|p1a: Clefable|Clefable, F|100\/100|[from] U-turn\n|\n|upkeep\n|turn|14\n|\n|t:|1700633032\n|move|p2a: Rabsca|Rest|p2a: Rabsca\n|-status|p2a: Rabsca|slp|[from] move: Rest\n|-heal|p2a: Rabsca|100\/100 slp|[silent]\n|move|p1a: Clefable|Cosmic Power|p1a: Clefable\n|-boost|p1a: Clefable|def|1\n|-boost|p1a: Clefable|spd|1\n|\n|upkeep\n|turn|15\n|\n|t:|1700633036\n|cant|p2a: Rabsca|slp\n|move|p2a: Rabsca|Sleep Talk|p2a: Rabsca\n|move|p2a: Rabsca|Revival Blessing|p2a: Rabsca|[from]move: Sleep Talk\n|\n|t:|1700633039\n|-heal|p2: Banette|50\/100|[from] move: Revival Blessing\n|move|p1a: Clefable|Cosmic Power|p1a: Clefable\n|-boost|p1a: Clefable|def|1\n|-boost|p1a: Clefable|spd|1\n|\n|upkeep\n|turn|16\n|\n|t:|1700633049\n|cant|p2a: Rabsca|slp\n|move|p2a: Rabsca|Sleep Talk|p2a: Rabsca\n|move|p2a: Rabsca|Rest||[from]move: Sleep Talk|[still]\n|-fail|p2a: Rabsca\n|move|p1a: Clefable|Cosmic Power|p1a: Clefable\n|-boost|p1a: Clefable|def|1\n|-boost|p1a: Clefable|spd|1\n|\n|-fieldend|move: Trick Room\n|upkeep\n|turn|17\n|\n|t:|1700633056\n|move|p1a: Clefable|Cosmic Power|p1a: Clefable\n|-boost|p1a: Clefable|def|1\n|-boost|p1a: Clefable|spd|1\n|-curestatus|p2a: Rabsca|slp|[msg]\n|move|p2a: Rabsca|Sleep Talk||[still]\n|-fail|p2a: Rabsca\n|\n|upkeep\n|turn|18\n|\n|t:|1700633063\n|switch|p2a: Banette|Banette-Mega, F|50\/100\n|move|p1a: Clefable|Stored Power|p2a: Banette\n|-damage|p2a: Banette|0 fnt\n|faint|p2a: Banette\n|\n|upkeep\n|\n|t:|1700633068\n|switch|p2a: Rabsca|Rabsca, F|100\/100\n|turn|19\n|\n|t:|1700633074\n|move|p1a: Clefable|Night Shade|p2a: Rabsca\n|-damage|p2a: Rabsca|72\/100\n|move|p2a: Rabsca|Trick Room|p2a: Rabsca\n|-fieldstart|move: Trick Room|[of] p2a: Rabsca\n|\n|upkeep\n|turn|20\n|\n|t:|1700633079\n|move|p2a: Rabsca|Rest|p2a: Rabsca\n|-status|p2a: Rabsca|slp|[from] move: Rest\n|-heal|p2a: Rabsca|100\/100 slp|[silent]\n|move|p1a: Clefable|Stored Power|p2a: Rabsca\n|-resisted|p2a: Rabsca\n|-damage|p2a: Rabsca|82\/100 slp\n|\n|upkeep\n|turn|21\n|\n|t:|1700633086\n|cant|p2a: Rabsca|slp\n|move|p2a: Rabsca|Sleep Talk|p2a: Rabsca\n|move|p2a: Rabsca|Trick Room|p2a: Rabsca|[from]move: Sleep Talk\n|-fieldend|move: Trick Room\n|move|p1a: Clefable|Cosmic Power|p1a: Clefable\n|-boost|p1a: Clefable|def|1\n|-boost|p1a: Clefable|spd|1\n|\n|upkeep\n|turn|22\n|\n|t:|1700633093\n|move|p1a: Clefable|Night Shade|p2a: Rabsca\n|-damage|p2a: Rabsca|53\/100 slp\n|cant|p2a: Rabsca|slp\n|move|p2a: Rabsca|Sleep Talk|p2a: Rabsca\n|move|p2a: Rabsca|Rest||[from]move: Sleep Talk|[still]\n|-fail|p2a: Rabsca\n|\n|upkeep\n|turn|23\n|\n|t:|1700633099\n|move|p1a: Clefable|Night Shade|p2a: Rabsca\n|-damage|p2a: Rabsca|25\/100 slp\n|-curestatus|p2a: Rabsca|slp|[msg]\n|move|p2a: Rabsca|Sleep Talk||[still]\n|-fail|p2a: Rabsca\n|\n|upkeep\n|turn|24\n|\n|t:|1700633106\n|move|p1a: Clefable|Cosmic Power|p1a: Clefable\n|-boost|p1a: Clefable|def|1\n|-boost|p1a: Clefable|spd|1\n|move|p2a: Rabsca|Rest|p2a: Rabsca\n|-status|p2a: Rabsca|slp|[from] move: Rest\n|-heal|p2a: Rabsca|100\/100 slp|[silent]\n|\n|upkeep\n|turn|25\n|\n|t:|1700633111\n|move|p1a: Clefable|Night Shade|p2a: Rabsca\n|-damage|p2a: Rabsca|72\/100 slp\n|cant|p2a: Rabsca|slp\n|move|p2a: Rabsca|Sleep Talk|p2a: Rabsca\n|move|p2a: Rabsca|Revival Blessing|p2a: Rabsca|[from]move: Sleep Talk\n|\n|t:|1700633118\n|-heal|p2: Banette|50\/100|[from] move: Revival Blessing\n|\n|upkeep\n|turn|26\n|\n|t:|1700633123\n|switch|p2a: Marowak|Marowak-Alola, F, tera:Dark|4\/100\n|move|p1a: Clefable|Stored Power|p2a: Marowak\n|-immune|p2a: Marowak\n|\n|upkeep\n|turn|27\n|\n|t:|1700633129\n|move|p1a: Clefable|Night Shade|p2a: Marowak\n|-damage|p2a: Marowak|0 fnt\n|faint|p2a: Marowak\n|\n|upkeep\n|\n|t:|1700633131\n|switch|p2a: Banette|Banette-Mega, F|50\/100\n|turn|28\n|\n|t:|1700633137\n|move|p1a: Clefable|Cosmic Power|p1a: Clefable\n|-boost|p1a: Clefable|def|0\n|-boost|p1a: Clefable|spd|0\n|move|p2a: Banette|Poltergeist|p1a: Clefable\n|-activate|p1a: Clefable|move: Poltergeist|Leftovers\n|-crit|p1a: Clefable\n|-damage|p1a: Clefable|0 fnt\n|faint|p1a: Clefable\n|\n|upkeep\n|\n|t:|1700633147\n|switch|p1a: Toxapex|Toxapex, M|61\/100\n|turn|29\n|\n|t:|1700633151\n|move|p2a: Banette|Poltergeist|p1a: Toxapex\n|-activate|p1a: Toxapex|move: Poltergeist|Rocky Helmet\n|-damage|p1a: Toxapex|5\/100\n|move|p1a: Toxapex|Scald|p2a: Banette\n|-damage|p2a: Banette|29\/100\n|\n|upkeep\n|turn|30\n|-message|Followers of Roxy forfeited.\n|\n|win|GAGA233\n|raw|Followers of Roxy's rating: 1439 &rarr; <strong>1430<\/strong><br \/>(-9 for losing)\n|raw|GAGA233's rating: 1650 &rarr; <strong>1659<\/strong><br \/>(+9 for winning)\n","uploadtime":1700633165,"views":0,"p1id":"followersofroxy","p2id":"gaga233","formatid":"gen9nationaldex","rating":1430,"private":0,"password":""}