{"id":"gen9nationaldex-1989870881","p1":"NahImtheotherguy","p2":"KyosukeKamijou","format":"[Gen 9] National Dex","log":"|j|\u203dNahImtheotherguy\n|j|\u2606KyosukeKamijou\n|t:|1699902649\n|gametype|singles\n|player|p1|NahImtheotherguy|bea|1086\n|player|p2|KyosukeKamijou|ghetsis|1185\n|teamsize|p1|6\n|teamsize|p2|6\n|gen|9\n|tier|[Gen 9] National Dex\n|rated|\n|rule|HP Percentage Mod: HP is shown in percentages\n|rule|Endless Battle Clause: Forcing endless battles is banned\n|rule|OHKO Clause: OHKO moves are banned\n|rule|Evasion Clause: Evasion abilities, items, and moves are banned\n|rule|Evasion Abilities Clause: Evasion abilities are banned\n|rule|Evasion Items Clause: Evasion items are banned\n|rule|Evasion Moves Clause: Evasion moves are banned\n|rule|Species Clause: Limit one of each Pok\u00e9mon\n|rule|Sleep Clause Mod: Limit one foe put to sleep\n|clearpoke\n|poke|p1|Hoopa-Unbound|\n|poke|p1|Ferrothorn, F|\n|poke|p1|Diancie|\n|poke|p1|Ogerpon-Wellspring, F|\n|poke|p1|Alomomola, M|\n|poke|p1|Dragonite, M|\n|poke|p2|Kommo-o, M|\n|poke|p2|Great Tusk|\n|poke|p2|Ogerpon-Cornerstone, F|\n|poke|p2|Charizard, M|\n|poke|p2|Greninja-*, M|\n|poke|p2|Volcarona, F|\n|teampreview\n|inactive|Battle timer is ON: inactive players will automatically lose when time's up. (requested by NahImtheotherguy)\n|\n|t:|1699902669\n|start\n|switch|p1a: Hoopa|Hoopa-Unbound|100\/100\n|switch|p2a: Change Dragon|Charizard, M|100\/100\n|turn|1\n|\n|t:|1699902680\n|detailschange|p2a: Change Dragon|Charizard-Mega-Y, M\n|-mega|p2a: Change Dragon|Charizard|Charizardite Y\n|-weather|SunnyDay|[from] ability: Drought|[of] p2a: Change Dragon\n|-terastallize|p1a: Hoopa|Psychic\n|move|p1a: Hoopa|Psyshock|p2a: Change Dragon\n|-damage|p2a: Change Dragon|4\/100\n|move|p2a: Change Dragon|Air Slash|p1a: Hoopa|[miss]\n|-miss|p2a: Change Dragon|p1a: Hoopa\n|\n|-weather|SunnyDay|[upkeep]\n|upkeep\n|turn|2\n|\n|t:|1699902690\n|switch|p2a: Ninja Black|Greninja, M, shiny|100\/100\n|move|p1a: Hoopa|Psyshock|p2a: Ninja Black\n|-immune|p2a: Ninja Black\n|\n|-weather|SunnyDay|[upkeep]\n|upkeep\n|turn|3\n|\n|t:|1699902697\n|switch|p1a: Ferrothorn|Ferrothorn, F|100\/100\n|move|p2a: Ninja Black|Dark Pulse|p1a: Ferrothorn\n|-start|p2a: Ninja Black|typechange|Dark|[from] ability: Protean\n|-damage|p1a: Ferrothorn|70\/100\n|\n|-weather|SunnyDay|[upkeep]\n|-heal|p1a: Ferrothorn|76\/100|[from] item: Leftovers\n|upkeep\n|turn|4\n|\n|t:|1699902708\n|switch|p2a: PapillonOhger|Volcarona, F, shiny|100\/100\n|move|p1a: Ferrothorn|Thunder Wave|p2a: PapillonOhger\n|-status|p2a: PapillonOhger|par\n|\n|-weather|SunnyDay|[upkeep]\n|-heal|p1a: Ferrothorn|82\/100|[from] item: Leftovers\n|upkeep\n|turn|5\n|\n|t:|1699902715\n|switch|p1a: Dragonite|Dragonite, M|100\/100\n|cant|p2a: PapillonOhger|par\n|\n|-weather|none\n|upkeep\n|turn|6\n|\n|t:|1699902721\n|switch|p2a: Change Dragon|Charizard-Mega-Y, M|4\/100\n|-weather|SunnyDay|[from] ability: Drought|[of] p2a: Change Dragon\n|move|p1a: Dragonite|Dragon Tail|p2a: Change Dragon\n|-damage|p2a: Change Dragon|0 fnt\n|faint|p2a: Change Dragon\n|\n|-weather|SunnyDay|[upkeep]\n|upkeep\n|\n|t:|1699902730\n|switch|p2a: Mammothranger|Great Tusk|100\/100\n|-activate|p2a: Mammothranger|ability: Protosynthesis\n|-start|p2a: Mammothranger|protosynthesisatk\n|turn|7\n|\n|t:|1699902738\n|switch|p1a: Alomomola|Alomomola, M|100\/100\n|move|p2a: Mammothranger|Body Press|p1a: Alomomola\n|-damage|p1a: Alomomola|75\/100\n|\n|-weather|SunnyDay|[upkeep]\n|upkeep\n|turn|8\n|\n|t:|1699902745\n|-end|p2a: Mammothranger|Protosynthesis|[silent]\n|switch|p2a: Onisister|Ogerpon-Cornerstone, F|100\/100\n|move|p1a: Alomomola|Flip Turn|p2a: Onisister\n|-damage|p2a: Onisister|92\/100\n|\n|t:|1699902756\n|switch|p1a: Hoopa|Hoopa-Unbound, tera:Psychic|100\/100|[from] Flip Turn\n|\n|-weather|SunnyDay|[upkeep]\n|upkeep\n|turn|9\n|\n|t:|1699902773\n|move|p2a: Onisister|Spiky Shield|p2a: Onisister\n|-singleturn|p2a: Onisister|move: Protect\n|move|p1a: Hoopa|Dark Pulse|p2a: Onisister\n|-activate|p2a: Onisister|move: Protect\n|\n|-weather|SunnyDay|[upkeep]\n|upkeep\n|turn|10\n|\n|t:|1699902784\n|switch|p1a: Alomomola|Alomomola, M|100\/100\n|move|p2a: Onisister|Horn Leech|p1a: Alomomola\n|-supereffective|p1a: Alomomola\n|-damage|p1a: Alomomola|57\/100\n|-heal|p2a: Onisister|100\/100|[from] drain|[of] p1a: Alomomola\n|\n|-weather|none\n|upkeep\n|turn|11\n|\n|t:|1699902791\n|move|p2a: Onisister|Leech Seed|p1a: Alomomola\n|-start|p1a: Alomomola|move: Leech Seed\n|move|p1a: Alomomola|Flip Turn|p2a: Onisister\n|-damage|p2a: Onisister|82\/100\n|\n|t:|1699902801\n|switch|p1a: Hoopa|Hoopa-Unbound, tera:Psychic|100\/100|[from] Flip Turn\n|\n|upkeep\n|turn|12\n|\n|t:|1699902805\n|move|p1a: Hoopa|Psyshock|p2a: Onisister\n|-damage|p2a: Onisister|4\/100\n|move|p2a: Onisister|Horn Leech|p1a: Hoopa\n|-damage|p1a: Hoopa|40\/100\n|-heal|p2a: Onisister|29\/100|[from] drain|[of] p1a: Hoopa\n|\n|upkeep\n|turn|13\n|\n|t:|1699902814\n|switch|p1a: Ogerpon|Ogerpon-Wellspring, F|100\/100\n|switch|p2a: Ninja Black|Greninja, M, shiny|100\/100\n|\n|upkeep\n|turn|14\n|\n|t:|1699902822\n|move|p2a: Ninja Black|Grass Knot|p1a: Ogerpon\n|-start|p2a: Ninja Black|typechange|Grass|[from] ability: Protean\n|-damage|p1a: Ogerpon|68\/100\n|move|p1a: Ogerpon|Ivy Cudgel|p2a: Ninja Black\n|-resisted|p2a: Ninja Black\n|-damage|p2a: Ninja Black|55\/100\n|\n|upkeep\n|turn|15\n|\n|t:|1699902829\n|switch|p1a: Dragonite|Dragonite, M|100\/100\n|move|p2a: Ninja Black|Grass Knot|p1a: Dragonite\n|-resisted|p1a: Dragonite\n|-damage|p1a: Dragonite|96\/100\n|\n|upkeep\n|turn|16\n|\n|t:|1699902836\n|switch|p2a: PapillonOhger|Volcarona, F, shiny|100\/100 par\n|move|p1a: Dragonite|Dragon Tail|p2a: PapillonOhger\n|-damage|p2a: PapillonOhger|55\/100 par\n|drag|p2a: Onisister|Ogerpon-Cornerstone, F|29\/100\n|\n|upkeep\n|turn|17\n|\n|t:|1699902846\n|move|p2a: Onisister|Ivy Cudgel|p1a: Dragonite\n|-supereffective|p1a: Dragonite\n|-damage|p1a: Dragonite|9\/100\n|move|p1a: Dragonite|Dragon Tail|p2a: Onisister\n|-damage|p2a: Onisister|0 fnt\n|faint|p2a: Onisister\n|\n|upkeep\n|\n|t:|1699902853\n|switch|p2a: Mammothranger|Great Tusk|100\/100\n|turn|18\n|\n|t:|1699902856\n|move|p2a: Mammothranger|Ice Spinner|p1a: Dragonite\n|-supereffective|p1a: Dragonite\n|-damage|p1a: Dragonite|0 fnt\n|faint|p1a: Dragonite\n|\n|upkeep\n|\n|t:|1699902861\n|switch|p1a: Hoopa|Hoopa-Unbound, tera:Psychic|40\/100\n|turn|19\n|\n|t:|1699902869\n|move|p2a: Mammothranger|Ice Spinner|p1a: Hoopa\n|-damage|p1a: Hoopa|0 fnt\n|faint|p1a: Hoopa\n|\n|upkeep\n|\n|t:|1699902873\n|switch|p1a: Ogerpon|Ogerpon-Wellspring, F|68\/100\n|turn|20\n|\n|t:|1699902877\n|-end|p2a: Mammothranger|Protosynthesis|[silent]\n|switch|p2a: Ninja Black|Greninja, M, shiny|55\/100\n|move|p1a: Ogerpon|Horn Leech|p2a: Ninja Black\n|-supereffective|p2a: Ninja Black\n|-damage|p2a: Ninja Black|0 fnt\n|-heal|p1a: Ogerpon|94\/100|[from] drain|[of] p2a: Ninja Black\n|faint|p2a: Ninja Black\n|\n|upkeep\n|\n|t:|1699902885\n|switch|p2a: PapillonOhger|Volcarona, F, shiny|55\/100 par\n|turn|21\n|\n|t:|1699902888\n|-terastallize|p2a: PapillonOhger|Grass\n|move|p1a: Ogerpon|Ivy Cudgel|p2a: PapillonOhger\n|-resisted|p2a: PapillonOhger\n|-damage|p2a: PapillonOhger|10\/100 par\n|move|p2a: PapillonOhger|Giga Drain|p1a: Ogerpon\n|-crit|p1a: Ogerpon\n|-damage|p1a: Ogerpon|14\/100\n|-heal|p2a: PapillonOhger|48\/100 par|[from] drain|[of] p1a: Ogerpon\n|\n|upkeep\n|turn|22\n|\n|t:|1699902901\n|move|p1a: Ogerpon|Ivy Cudgel|p2a: PapillonOhger\n|-resisted|p2a: PapillonOhger\n|-damage|p2a: PapillonOhger|1\/100 par\n|move|p2a: PapillonOhger|Giga Drain|p1a: Ogerpon\n|-damage|p1a: Ogerpon|0 fnt\n|-heal|p2a: PapillonOhger|8\/100 par|[from] drain|[of] p1a: Ogerpon\n|faint|p1a: Ogerpon\n|\n|upkeep\n|\n|t:|1699902905\n|switch|p1a: Diancie|Diancie|100\/100\n|turn|23\n|\n|t:|1699902912\n|detailschange|p1a: Diancie|Diancie-Mega\n|-mega|p1a: Diancie|Diancie|Diancite\n|move|p1a: Diancie|Rock Polish|p1a: Diancie\n|-boost|p1a: Diancie|spe|2\n|move|p2a: PapillonOhger|Giga Drain|p1a: Diancie\n|-supereffective|p1a: Diancie\n|-damage|p1a: Diancie|0 fnt\n|-heal|p2a: PapillonOhger|47\/100 par|[from] drain|[of] p1a: Diancie\n|faint|p1a: Diancie\n|\n|upkeep\n|\n|t:|1699902916\n|switch|p1a: Ferrothorn|Ferrothorn, F|82\/100\n|turn|24\n|\n|t:|1699902922\n|cant|p2a: PapillonOhger|par\n|move|p1a: Ferrothorn|Knock Off|p2a: PapillonOhger\n|-damage|p2a: PapillonOhger|16\/100 par\n|-status|p1a: Ferrothorn|brn|[from] ability: Flame Body|[of] p2a: PapillonOhger\n|-enditem|p2a: PapillonOhger|Heavy-Duty Boots|[from] move: Knock Off|[of] p1a: Ferrothorn\n|\n|-heal|p1a: Ferrothorn|88\/100 brn|[from] item: Leftovers\n|-damage|p1a: Ferrothorn|82\/100 brn|[from] brn\n|upkeep\n|turn|25\n|\n|t:|1699902933\n|switch|p1a: Alomomola|Alomomola, M|91\/100\n|cant|p2a: PapillonOhger|par\n|\n|upkeep\n|turn|26\n|\n|t:|1699902940\n|move|p1a: Alomomola|Protect|p1a: Alomomola\n|-singleturn|p1a: Alomomola|Protect\n|move|p2a: PapillonOhger|Giga Drain|p1a: Alomomola\n|-activate|p1a: Alomomola|move: Protect\n|\n|upkeep\n|turn|27\n|\n|t:|1699902947\n|move|p2a: PapillonOhger|Giga Drain|p1a: Alomomola\n|-supereffective|p1a: Alomomola\n|-crit|p1a: Alomomola\n|-damage|p1a: Alomomola|0 fnt\n|-heal|p2a: PapillonOhger|84\/100 par|[from] drain|[of] p1a: Alomomola\n|faint|p1a: Alomomola\n|\n|upkeep\n|\n|t:|1699902951\n|switch|p1a: Ferrothorn|Ferrothorn, F|82\/100 brn\n|turn|28\n|\n|t:|1699902955\n|cant|p2a: PapillonOhger|par\n|move|p1a: Ferrothorn|Knock Off|p2a: PapillonOhger\n|-damage|p2a: PapillonOhger|74\/100 par\n|\n|-heal|p1a: Ferrothorn|88\/100 brn|[from] item: Leftovers\n|-damage|p1a: Ferrothorn|82\/100 brn|[from] brn\n|upkeep\n|turn|29\n|\n|t:|1699902962\n|cant|p2a: PapillonOhger|par\n|move|p1a: Ferrothorn|Knock Off|p2a: PapillonOhger\n|-damage|p2a: PapillonOhger|63\/100 par\n|\n|-heal|p1a: Ferrothorn|88\/100 brn|[from] item: Leftovers\n|-damage|p1a: Ferrothorn|82\/100 brn|[from] brn\n|upkeep\n|turn|30\n|\n|t:|1699902968\n|move|p2a: PapillonOhger|Flamethrower|p1a: Ferrothorn\n|-supereffective|p1a: Ferrothorn\n|-damage|p1a: Ferrothorn|0 fnt\n|faint|p1a: Ferrothorn\n|\n|win|KyosukeKamijou\n|raw|NahImtheotherguy's rating: 1086 &rarr; <strong>1069<\/strong><br \/>(-17 for losing)\n|raw|KyosukeKamijou's rating: 1185 &rarr; <strong>1203<\/strong><br \/>(+18 for winning)\n","uploadtime":1699902974,"views":6,"p1id":"nahimtheotherguy","p2id":"kyosukekamijou","formatid":"gen9nationaldex","rating":1069,"private":0,"password":""}