{"id":"gen9nationaldex-1999798636","p1":"SalCHITOSEtator","p2":"Hybris L.","format":"[Gen 9] National Dex","log":"|html|<div class=\"broadcast-blue\"><strong>[Gen 9] National Dex is currently suspecting Sneasler! For information on how to participate check out the <a href=\"https:\/\/www.smogon.com\/forums\/threads\/sv-national-dex-suspect-8-just-dance.3731534\/\">suspect thread<\/a>.<\/strong><\/div>\n|j|\u2606SalCHITOSEtator\n|j|\u2606Hybris L.\n|t:|1701117706\n|gametype|singles\n|player|p1|SalCHITOSEtator|ghetsis|1048\n|player|p2|Hybris L.|bugcatcher-gen4dp|1038\n|teamsize|p1|6\n|teamsize|p2|6\n|gen|9\n|tier|[Gen 9] National Dex\n|rated|\n|rule|HP Percentage Mod: HP is shown in percentages\n|rule|Endless Battle Clause: Forcing endless battles is banned\n|rule|OHKO Clause: OHKO moves are banned\n|rule|Evasion Clause: Evasion abilities, items, and moves are banned\n|rule|Evasion Abilities Clause: Evasion abilities are banned\n|rule|Evasion Items Clause: Evasion items are banned\n|rule|Evasion Moves Clause: Evasion moves are banned\n|rule|Species Clause: Limit one of each Pok\u00e9mon\n|rule|Sleep Clause Mod: Limit one foe put to sleep\n|clearpoke\n|poke|p1|Salazzle, F|\n|poke|p1|Magnemite, L1|\n|poke|p1|Probopass, L2, F|\n|poke|p1|Mandibuzz, F|\n|poke|p1|Nosepass, L1, M|\n|poke|p1|Tentacruel, M|\n|poke|p2|Bastiodon, M|\n|poke|p2|Diancie|\n|poke|p2|Lopunny, F|\n|poke|p2|Froslass, F|\n|poke|p2|Breloom, M|\n|poke|p2|Volcarona, F|\n|teampreview\n|\n|t:|1701117714\n|start\n|switch|p1a: Sh\ud83d\udca9tsquid|Tentacruel, M|100\/100\n|switch|p2a: Lopunny|Lopunny, F|100\/100\n|turn|1\n|\n|t:|1701117733\n|switch|p1a: Sh\ud83d\udca9tbird|Mandibuzz, F|100\/100\n|move|p2a: Lopunny|Fake Out|p1a: Sh\ud83d\udca9tbird\n|-damage|p1a: Sh\ud83d\udca9tbird|90\/100\n|-damage|p2a: Lopunny|91\/100|[from] item: Life Orb\n|\n|upkeep\n|turn|2\n|\n|t:|1701117740\n|move|p2a: Lopunny|Last Resort|p1a: Sh\ud83d\udca9tbird\n|-damage|p1a: Sh\ud83d\udca9tbird|50\/100\n|-damage|p2a: Lopunny|81\/100|[from] item: Life Orb\n|move|p1a: Sh\ud83d\udca9tbird|Toxic|p2a: Lopunny\n|-status|p2a: Lopunny|tox\n|\n|-damage|p2a: Lopunny|75\/100 tox|[from] psn\n|upkeep\n|turn|3\n|\n|t:|1701117747\n|move|p2a: Lopunny|Last Resort|p1a: Sh\ud83d\udca9tbird\n|-damage|p1a: Sh\ud83d\udca9tbird|14\/100\n|-damage|p2a: Lopunny|65\/100 tox|[from] item: Life Orb\n|move|p1a: Sh\ud83d\udca9tbird|Roost|p1a: Sh\ud83d\udca9tbird\n|-heal|p1a: Sh\ud83d\udca9tbird|65\/100\n|-singleturn|p1a: Sh\ud83d\udca9tbird|move: Roost\n|\n|-damage|p2a: Lopunny|53\/100 tox|[from] psn\n|upkeep\n|turn|4\n|\n|t:|1701117759\n|move|p2a: Lopunny|Last Resort|p1a: Sh\ud83d\udca9tbird\n|-damage|p1a: Sh\ud83d\udca9tbird|29\/100\n|-damage|p2a: Lopunny|43\/100 tox|[from] item: Life Orb\n|move|p1a: Sh\ud83d\udca9tbird|Roost|p1a: Sh\ud83d\udca9tbird\n|-heal|p1a: Sh\ud83d\udca9tbird|79\/100\n|-singleturn|p1a: Sh\ud83d\udca9tbird|move: Roost\n|\n|-damage|p2a: Lopunny|25\/100 tox|[from] psn\n|upkeep\n|turn|5\n|\n|t:|1701117768\n|switch|p2a: Diancie|Diancie|100\/100\n|switch|p1a: Click the \u274c|Nosepass, L1, M, shiny|100\/100\n|\n|upkeep\n|turn|6\n|\n|t:|1701117778\n|detailschange|p2a: Diancie|Diancie-Mega\n|-mega|p2a: Diancie|Diancie|Diancite\n|move|p1a: Click the \u274c|Protect|p1a: Click the \u274c\n|-singleturn|p1a: Click the \u274c|Protect\n|move|p2a: Diancie|Stealth Rock|p1a: Click the \u274c\n|-sidestart|p1: SalCHITOSEtator|move: Stealth Rock\n|\n|upkeep\n|turn|7\n|\n|t:|1701117785\n|switch|p2a: Lopunny|Lopunny, F|25\/100 tox\n|move|p1a: Click the \u274c|Pain Split|p2a: Lopunny\n|-sethp|p2a: Lopunny|15\/100 tox|[from] move: Pain Split|[silent]\n|-sethp|p1a: Click the \u274c|100\/100|[from] move: Pain Split\n|\n|-damage|p2a: Lopunny|9\/100 tox|[from] psn\n|upkeep\n|turn|8\n|\n|t:|1701117793\n|move|p1a: Click the \u274c|Protect|p1a: Click the \u274c\n|-singleturn|p1a: Click the \u274c|Protect\n|move|p2a: Lopunny|Fake Out|p1a: Click the \u274c\n|-activate|p1a: Click the \u274c|move: Protect\n|\n|-damage|p2a: Lopunny|0 fnt|[from] psn\n|faint|p2a: Lopunny\n|upkeep\n|\n|t:|1701117805\n|switch|p2a: Froslass|Froslass, F|100\/100\n|turn|9\n|\n|t:|1701117809\n|move|p1a: Click the \u274c|Toxic|p2a: Froslass|[miss]\n|-miss|p1a: Click the \u274c|p2a: Froslass\n|move|p2a: Froslass|Avalanche|p1a: Click the \u274c\n|-ability|p1a: Click the \u274c|Sturdy\n|-damage|p1a: Click the \u274c|10\/100\n|-enditem|p1a: Click the \u274c|Berry Juice\n|-heal|p1a: Click the \u274c|100\/100|[from] item: Berry Juice\n|\n|upkeep\n|turn|10\n|\n|t:|1701117822\n|move|p1a: Click the \u274c|Toxic|p2a: Froslass\n|-status|p2a: Froslass|tox\n|move|p2a: Froslass|Avalanche|p1a: Click the \u274c\n|-ability|p1a: Click the \u274c|Sturdy\n|-damage|p1a: Click the \u274c|10\/100\n|\n|-damage|p2a: Froslass|94\/100 tox|[from] psn\n|upkeep\n|turn|11\n|\n|t:|1701117831\n|move|p2a: Froslass|Hidden Power|p1a: Click the \u274c\n|-supereffective|p1a: Click the \u274c\n|-damage|p1a: Click the \u274c|0 fnt\n|faint|p1a: Click the \u274c\n|\n|-heal|p2a: Froslass|100\/100 tox|[from] item: Leftovers\n|-damage|p2a: Froslass|88\/100 tox|[from] psn\n|upkeep\n|\n|t:|1701117854\n|switch|p1a: Sh\ud83d\udca9tbird|Mandibuzz, F|79\/100\n|turn|12\n|\n|t:|1701117859\n|move|p2a: Froslass|Draining Kiss|p1a: Sh\ud83d\udca9tbird\n|-supereffective|p1a: Sh\ud83d\udca9tbird\n|-damage|p1a: Sh\ud83d\udca9tbird|59\/100\n|-heal|p2a: Froslass|100\/100 tox|[from] drain|[of] p1a: Sh\ud83d\udca9tbird\n|move|p1a: Sh\ud83d\udca9tbird|Defog|p2a: Froslass\n|-unboost|p2a: Froslass|evasion|1\n|-sideend|p1: SalCHITOSEtator|Stealth Rock|[from] move: Defog|[of] p1a: Sh\ud83d\udca9tbird\n|\n|-damage|p2a: Froslass|82\/100 tox|[from] psn\n|upkeep\n|turn|13\n|\n|t:|1701117868\n|switch|p2a: Volcarona|Volcarona, F|100\/100\n|move|p1a: Sh\ud83d\udca9tbird|Roost|p1a: Sh\ud83d\udca9tbird\n|-heal|p1a: Sh\ud83d\udca9tbird|100\/100\n|-singleturn|p1a: Sh\ud83d\udca9tbird|move: Roost\n|\n|upkeep\n|turn|14\n|\n|t:|1701117876\n|switch|p2a: Breloom|Breloom, M|100\/100\n|move|p1a: Sh\ud83d\udca9tbird|Toxic|p2a: Breloom|[miss]\n|-miss|p1a: Sh\ud83d\udca9tbird|p2a: Breloom\n|\n|-status|p2a: Breloom|tox|[from] item: Toxic Orb\n|upkeep\n|turn|15\n|\n|t:|1701117884\n|move|p1a: Sh\ud83d\udca9tbird|Foul Play|p2a: Breloom\n|-resisted|p2a: Breloom\n|-damage|p2a: Breloom|83\/100 tox\n|move|p2a: Breloom|Substitute|p2a: Breloom\n|-start|p2a: Breloom|Substitute\n|-damage|p2a: Breloom|58\/100 tox\n|\n|-heal|p2a: Breloom|71\/100 tox|[from] ability: Poison Heal\n|upkeep\n|turn|16\n|\n|t:|1701117891\n|move|p1a: Sh\ud83d\udca9tbird|Foul Play|p2a: Breloom\n|-resisted|p2a: Breloom\n|-activate|p2a: Breloom|move: Substitute|[damage]\n|move|p2a: Breloom|Power-Up Punch|p1a: Sh\ud83d\udca9tbird\n|-damage|p1a: Sh\ud83d\udca9tbird|91\/100\n|-boost|p2a: Breloom|atk|1\n|\n|-heal|p2a: Breloom|83\/100 tox|[from] ability: Poison Heal\n|upkeep\n|turn|17\n|\n|t:|1701117906\n|move|p1a: Sh\ud83d\udca9tbird|Foul Play|p2a: Breloom\n|-resisted|p2a: Breloom\n|-end|p2a: Breloom|Substitute\n|move|p2a: Breloom|Power-Up Punch|p1a: Sh\ud83d\udca9tbird\n|-damage|p1a: Sh\ud83d\udca9tbird|76\/100\n|-boost|p2a: Breloom|atk|1\n|\n|-heal|p2a: Breloom|96\/100 tox|[from] ability: Poison Heal\n|upkeep\n|turn|18\n|\n|t:|1701117914\n|move|p1a: Sh\ud83d\udca9tbird|Foul Play|p2a: Breloom\n|-resisted|p2a: Breloom\n|-damage|p2a: Breloom|61\/100 tox\n|move|p2a: Breloom|Substitute|p2a: Breloom\n|-start|p2a: Breloom|Substitute\n|-damage|p2a: Breloom|36\/100 tox\n|\n|-heal|p2a: Breloom|49\/100 tox|[from] ability: Poison Heal\n|upkeep\n|turn|19\n|c|\u2606Hybris L.|!data foul play\n|raw|<ul class=\"utilichart\"><li class=\"result\"><span class=\"col movenamecol\"><a href=\"https:\/\/dex.pokemonshowdown.com\/moves\/foulplay\">Foul Play<\/a><\/span> <span class=\"col typecol\"><img src=\"\/\/play.pokemonshowdown.com\/sprites\/types\/Dark.png\" alt=\"Dark\" width=\"32\" height=\"14\"><img src=\"\/\/play.pokemonshowdown.com\/sprites\/categories\/Physical.png\" alt=\"Physical\" width=\"32\" height=\"14\"><\/span> <span class=\"col labelcol\"><em>Power<\/em><br>95<\/span> <span class=\"col widelabelcol\"><em>Accuracy<\/em><br>100%<\/span> <span class=\"col pplabelcol\"><em>PP<\/em><br>24<\/span> <span class=\"col movedesccol\">Uses target's Attack stat in damage calculation.<\/span> <\/li><li style=\"clear:both\"><\/li><\/ul>\n\n|\n|t:|1701117930\n|move|p1a: Sh\ud83d\udca9tbird|Foul Play|p2a: Breloom\n|-resisted|p2a: Breloom\n|-end|p2a: Breloom|Substitute\n|move|p2a: Breloom|Power-Up Punch|p1a: Sh\ud83d\udca9tbird\n|-damage|p1a: Sh\ud83d\udca9tbird|57\/100\n|-boost|p2a: Breloom|atk|1\n|\n|-heal|p2a: Breloom|61\/100 tox|[from] ability: Poison Heal\n|upkeep\n|turn|20\n|inactive|Battle timer is ON: inactive players will automatically lose when time's up. (requested by SalCHITOSEtator)\n|\n|t:|1701117952\n|switch|p2a: Volcarona|Volcarona, F|100\/100\n|move|p1a: Sh\ud83d\udca9tbird|Foul Play|p2a: Volcarona\n|-damage|p2a: Volcarona|86\/100\n|\n|-heal|p2a: Volcarona|92\/100|[from] item: Leftovers\n|upkeep\n|turn|21\n|\n|t:|1701117968\n|switch|p2a: Diancie|Diancie-Mega|100\/100\n|switch|p1a: Sh\ud83d\udca9tsquid|Tentacruel, M|100\/100\n|\n|upkeep\n|turn|22\n|\n|t:|1701117977\n|move|p2a: Diancie|Stealth Rock|p1a: Sh\ud83d\udca9tsquid\n|-sidestart|p1: SalCHITOSEtator|move: Stealth Rock\n|move|p1a: Sh\ud83d\udca9tsquid|Rapid Spin|p2a: Diancie\n|-resisted|p2a: Diancie\n|-damage|p2a: Diancie|97\/100\n|-boost|p1a: Sh\ud83d\udca9tsquid|spe|1\n|-sideend|p1: SalCHITOSEtator|Stealth Rock|[from] move: Rapid Spin|[of] p1a: Sh\ud83d\udca9tsquid\n|\n|upkeep\n|turn|23\n|\n|t:|1701117984\n|move|p1a: Sh\ud83d\udca9tsquid|Scald|p2a: Diancie\n|-supereffective|p2a: Diancie\n|-damage|p2a: Diancie|46\/100\n|move|p2a: Diancie|Diamond Storm|p1a: Sh\ud83d\udca9tsquid\n|-damage|p1a: Sh\ud83d\udca9tsquid|31\/100\n|-boost|p2a: Diancie|def|2\n|\n|-heal|p1a: Sh\ud83d\udca9tsquid|37\/100|[from] item: Leftovers\n|upkeep\n|turn|24\n|\n|t:|1701117995\n|switch|p2a: Breloom|Breloom, M|61\/100 tox\n|move|p1a: Sh\ud83d\udca9tsquid|Scald|p2a: Breloom\n|-resisted|p2a: Breloom\n|-damage|p2a: Breloom|41\/100 tox\n|\n|-heal|p1a: Sh\ud83d\udca9tsquid|43\/100|[from] item: Leftovers\n|-heal|p2a: Breloom|53\/100 tox|[from] ability: Poison Heal\n|upkeep\n|turn|25\n|\n|t:|1701118004\n|switch|p1a: Sh\ud83d\udca9tbird|Mandibuzz, F|57\/100\n|move|p2a: Breloom|Giga Drain|p1a: Sh\ud83d\udca9tbird\n|-resisted|p1a: Sh\ud83d\udca9tbird\n|-damage|p1a: Sh\ud83d\udca9tbird|49\/100\n|-heal|p2a: Breloom|58\/100 tox|[from] drain|[of] p1a: Sh\ud83d\udca9tbird\n|\n|-heal|p2a: Breloom|71\/100 tox|[from] ability: Poison Heal\n|upkeep\n|turn|26\n|\n|t:|1701118033\n|switch|p2a: Froslass|Froslass, F|82\/100 tox\n|move|p1a: Sh\ud83d\udca9tbird|Roost|p1a: Sh\ud83d\udca9tbird\n|-heal|p1a: Sh\ud83d\udca9tbird|99\/100\n|-singleturn|p1a: Sh\ud83d\udca9tbird|move: Roost\n|\n|-heal|p2a: Froslass|88\/100 tox|[from] item: Leftovers\n|-damage|p2a: Froslass|82\/100 tox|[from] psn\n|upkeep\n|turn|27\n|\n|t:|1701118045\n|move|p2a: Froslass|Hex|p1a: Sh\ud83d\udca9tbird\n|-resisted|p1a: Sh\ud83d\udca9tbird\n|-damage|p1a: Sh\ud83d\udca9tbird|89\/100\n|move|p1a: Sh\ud83d\udca9tbird|Foul Play|p2a: Froslass\n|-supereffective|p2a: Froslass\n|-damage|p2a: Froslass|0 fnt\n|faint|p2a: Froslass\n|\n|upkeep\n|\n|t:|1701118053\n|switch|p2a: Bastiodon|Bastiodon, M|100\/100\n|turn|28\n|\n|t:|1701118063\n|switch|p1a: Sh\ud83d\udca9tsquid|Tentacruel, M|43\/100\n|move|p2a: Bastiodon|Magic Coat|p2a: Bastiodon\n|-singleturn|p2a: Bastiodon|move: Magic Coat\n|\n|-heal|p1a: Sh\ud83d\udca9tsquid|49\/100|[from] item: Leftovers\n|upkeep\n|turn|29\n|\n|t:|1701118074\n|move|p1a: Sh\ud83d\udca9tsquid|Knock Off|p2a: Bastiodon\n|-damage|p2a: Bastiodon|91\/100\n|-enditem|p2a: Bastiodon|Heavy-Duty Boots|[from] move: Knock Off|[of] p1a: Sh\ud83d\udca9tsquid\n|move|p2a: Bastiodon|Metal Burst|p1a: Sh\ud83d\udca9tsquid\n|-damage|p1a: Sh\ud83d\udca9tsquid|36\/100\n|\n|-heal|p1a: Sh\ud83d\udca9tsquid|42\/100|[from] item: Leftovers\n|upkeep\n|turn|30\n|\n|t:|1701118081\n|switch|p1a: No Fun Allowed|Salazzle, F|100\/100\n|move|p2a: Bastiodon|Earthquake|p1a: No Fun Allowed\n|-supereffective|p1a: No Fun Allowed\n|-damage|p1a: No Fun Allowed|0 fnt\n|faint|p1a: No Fun Allowed\n|\n|upkeep\n|\n|t:|1701118092\n|switch|p1a: Sh\ud83d\udca9tsquid|Tentacruel, M|42\/100\n|turn|31\n|\n|t:|1701118094\n|move|p1a: Sh\ud83d\udca9tsquid|Scald|p2a: Bastiodon\n|-supereffective|p2a: Bastiodon\n|-damage|p2a: Bastiodon|51\/100\n|move|p2a: Bastiodon|Earthquake|p1a: Sh\ud83d\udca9tsquid\n|-supereffective|p1a: Sh\ud83d\udca9tsquid\n|-damage|p1a: Sh\ud83d\udca9tsquid|0 fnt\n|faint|p1a: Sh\ud83d\udca9tsquid\n|\n|upkeep\n|\n|t:|1701118099\n|switch|p1a: Sh\ud83d\udca9tbird|Mandibuzz, F|89\/100\n|turn|32\n|\n|t:|1701118109\n|move|p1a: Sh\ud83d\udca9tbird|Foul Play|p2a: Bastiodon\n|-damage|p2a: Bastiodon|31\/100\n|move|p2a: Bastiodon|Body Slam|p1a: Sh\ud83d\udca9tbird\n|-damage|p1a: Sh\ud83d\udca9tbird|79\/100\n|\n|upkeep\n|turn|33\n|\n|t:|1701118114\n|move|p1a: Sh\ud83d\udca9tbird|Foul Play|p2a: Bastiodon\n|-damage|p2a: Bastiodon|10\/100\n|move|p2a: Bastiodon|Metal Burst|p1a: Sh\ud83d\udca9tbird\n|-damage|p1a: Sh\ud83d\udca9tbird|55\/100\n|\n|upkeep\n|turn|34\n|\n|t:|1701118130\n|move|p1a: Sh\ud83d\udca9tbird|Foul Play|p2a: Bastiodon\n|-damage|p2a: Bastiodon|0 fnt\n|faint|p2a: Bastiodon\n|\n|upkeep\n|\n|t:|1701118136\n|switch|p2a: Volcarona|Volcarona, F|92\/100\n|turn|35\n|\n|t:|1701118144\n|switch|p2a: Diancie|Diancie-Mega|46\/100\n|switch|p1a: Literally Level 1|Magnemite, L1|100\/100\n|\n|upkeep\n|turn|36\n|\n|t:|1701118155\n|move|p1a: Literally Level 1|Magic Coat|p1a: Literally Level 1\n|-singleturn|p1a: Literally Level 1|move: Magic Coat\n|move|p2a: Diancie|Stealth Rock|p1a: Literally Level 1\n|move|p1a: Literally Level 1|Stealth Rock|p2a: Diancie|[from]Magic Coat\n|-sidestart|p2: Hybris L.|move: Stealth Rock\n|\n|upkeep\n|turn|37\n|\n|t:|1701118165\n|switch|p1a: Level2\ufe0f\u20e3Level2\ufe0f\u20e3|Probopass, L2, F, shiny|100\/100\n|move|p2a: Diancie|Encore||[still]\n|-fail|p2a: Diancie\n|\n|upkeep\n|turn|38\n|\n|t:|1701118171\n|move|p2a: Diancie|Diamond Storm|p1a: Level2\ufe0f\u20e3Level2\ufe0f\u20e3\n|-resisted|p1a: Level2\ufe0f\u20e3Level2\ufe0f\u20e3\n|-ability|p1a: Level2\ufe0f\u20e3Level2\ufe0f\u20e3|Sturdy\n|-damage|p1a: Level2\ufe0f\u20e3Level2\ufe0f\u20e3|8\/100\n|-boost|p2a: Diancie|def|2\n|-enditem|p1a: Level2\ufe0f\u20e3Level2\ufe0f\u20e3|Berry Juice\n|-heal|p1a: Level2\ufe0f\u20e3Level2\ufe0f\u20e3|100\/100|[from] item: Berry Juice\n|move|p1a: Level2\ufe0f\u20e3Level2\ufe0f\u20e3|Pain Split|p2a: Diancie\n|-sethp|p2a: Diancie|26\/100|[from] move: Pain Split|[silent]\n|-sethp|p1a: Level2\ufe0f\u20e3Level2\ufe0f\u20e3|100\/100|[from] move: Pain Split\n|\n|upkeep\n|turn|39\n|\n|t:|1701118182\n|switch|p2a: Volcarona|Volcarona, F|92\/100\n|-damage|p2a: Volcarona|42\/100|[from] Stealth Rock\n|move|p1a: Level2\ufe0f\u20e3Level2\ufe0f\u20e3|Pain Split|p2a: Volcarona\n|-sethp|p2a: Volcarona|23\/100|[from] move: Pain Split|[silent]\n|-sethp|p1a: Level2\ufe0f\u20e3Level2\ufe0f\u20e3|100\/100|[from] move: Pain Split\n|\n|-heal|p2a: Volcarona|29\/100|[from] item: Leftovers\n|upkeep\n|turn|40\n|\n|t:|1701118192\n|move|p2a: Volcarona|Roost|p2a: Volcarona\n|-heal|p2a: Volcarona|79\/100\n|-singleturn|p2a: Volcarona|move: Roost\n|move|p1a: Level2\ufe0f\u20e3Level2\ufe0f\u20e3|Pain Split|p2a: Volcarona\n|-sethp|p2a: Volcarona|42\/100|[from] move: Pain Split|[silent]\n|-sethp|p1a: Level2\ufe0f\u20e3Level2\ufe0f\u20e3|100\/100|[from] move: Pain Split\n|\n|-heal|p2a: Volcarona|48\/100|[from] item: Leftovers\n|upkeep\n|turn|41\n|\n|t:|1701118208\n|move|p2a: Volcarona|Fiery Dance|p1a: Level2\ufe0f\u20e3Level2\ufe0f\u20e3\n|-ability|p1a: Level2\ufe0f\u20e3Level2\ufe0f\u20e3|Sturdy\n|-damage|p1a: Level2\ufe0f\u20e3Level2\ufe0f\u20e3|8\/100\n|-boost|p2a: Volcarona|spa|1\n|move|p1a: Level2\ufe0f\u20e3Level2\ufe0f\u20e3|Toxic|p2a: Volcarona|[miss]\n|-miss|p1a: Level2\ufe0f\u20e3Level2\ufe0f\u20e3|p2a: Volcarona\n|\n|-heal|p2a: Volcarona|54\/100|[from] item: Leftovers\n|upkeep\n|turn|42\n|\n|t:|1701118220\n|move|p2a: Volcarona|Air Slash|p1a: Level2\ufe0f\u20e3Level2\ufe0f\u20e3\n|-resisted|p1a: Level2\ufe0f\u20e3Level2\ufe0f\u20e3\n|-damage|p1a: Level2\ufe0f\u20e3Level2\ufe0f\u20e3|0 fnt\n|faint|p1a: Level2\ufe0f\u20e3Level2\ufe0f\u20e3\n|\n|-heal|p2a: Volcarona|60\/100|[from] item: Leftovers\n|upkeep\n|\n|t:|1701118229\n|switch|p1a: Literally Level 1|Magnemite, L1|100\/100\n|turn|43\n|\n|t:|1701118233\n|move|p2a: Volcarona|Air Slash|p1a: Literally Level 1|[miss]\n|-miss|p2a: Volcarona|p1a: Literally Level 1\n|move|p1a: Literally Level 1|Toxic|p2a: Volcarona|[miss]\n|-miss|p1a: Literally Level 1|p2a: Volcarona\n|\n|-heal|p2a: Volcarona|66\/100|[from] item: Leftovers\n|upkeep\n|turn|44\n|\n|t:|1701118242\n|move|p1a: Literally Level 1|Protect|p1a: Literally Level 1\n|-singleturn|p1a: Literally Level 1|Protect\n|move|p2a: Volcarona|Air Slash|p1a: Literally Level 1\n|-activate|p1a: Literally Level 1|move: Protect\n|\n|-heal|p2a: Volcarona|72\/100|[from] item: Leftovers\n|upkeep\n|turn|45\n|\n|t:|1701118249\n|move|p2a: Volcarona|Air Slash|p1a: Literally Level 1\n|-resisted|p1a: Literally Level 1\n|-ability|p1a: Literally Level 1|Sturdy\n|-damage|p1a: Literally Level 1|10\/100\n|-enditem|p1a: Literally Level 1|Berry Juice\n|-heal|p1a: Literally Level 1|100\/100|[from] item: Berry Juice\n|cant|p1a: Literally Level 1|flinch\n|\n|-heal|p2a: Volcarona|79\/100|[from] item: Leftovers\n|upkeep\n|turn|46\n|c|\u2606SalCHITOSEtator|lol\n|\n|t:|1701118261\n|move|p1a: Literally Level 1|Protect|p1a: Literally Level 1\n|-singleturn|p1a: Literally Level 1|Protect\n|move|p2a: Volcarona|Quiver Dance|p2a: Volcarona\n|-boost|p2a: Volcarona|spa|1\n|-boost|p2a: Volcarona|spd|1\n|-boost|p2a: Volcarona|spe|1\n|\n|-heal|p2a: Volcarona|85\/100|[from] item: Leftovers\n|upkeep\n|turn|47\n|\n|t:|1701118268\n|move|p2a: Volcarona|Fiery Dance|p1a: Literally Level 1\n|-supereffective|p1a: Literally Level 1\n|-ability|p1a: Literally Level 1|Sturdy\n|-damage|p1a: Literally Level 1|10\/100\n|-boost|p2a: Volcarona|spa|1\n|move|p1a: Literally Level 1|Recycle|p1a: Literally Level 1\n|-item|p1a: Literally Level 1|Berry Juice|[from] move: Recycle\n|-enditem|p1a: Literally Level 1|Berry Juice\n|-heal|p1a: Literally Level 1|100\/100|[from] item: Berry Juice\n|\n|-heal|p2a: Volcarona|91\/100|[from] item: Leftovers\n|upkeep\n|turn|48\n|\n|t:|1701118282\n|switch|p2a: Breloom|Breloom, M|71\/100 tox\n|-damage|p2a: Breloom|65\/100 tox|[from] Stealth Rock\n|move|p1a: Literally Level 1|Recycle|p1a: Literally Level 1\n|-item|p1a: Literally Level 1|Berry Juice|[from] move: Recycle\n|\n|-heal|p2a: Breloom|77\/100 tox|[from] ability: Poison Heal\n|upkeep\n|turn|49\n|c|\u2606Hybris L.|I mean, you still won, that bird can't be killed\n|\n|t:|1701118306\n|switch|p1a: Sh\ud83d\udca9tbird|Mandibuzz, F|55\/100\n|move|p2a: Breloom|Giga Drain|p1a: Sh\ud83d\udca9tbird\n|-resisted|p1a: Sh\ud83d\udca9tbird\n|-damage|p1a: Sh\ud83d\udca9tbird|48\/100\n|-heal|p2a: Breloom|82\/100 tox|[from] drain|[of] p1a: Sh\ud83d\udca9tbird\n|\n|-heal|p2a: Breloom|94\/100 tox|[from] ability: Poison Heal\n|upkeep\n|turn|50\n|\n|t:|1701118314\n|move|p1a: Sh\ud83d\udca9tbird|Roost|p1a: Sh\ud83d\udca9tbird\n|-heal|p1a: Sh\ud83d\udca9tbird|98\/100\n|-singleturn|p1a: Sh\ud83d\udca9tbird|move: Roost\n|move|p2a: Breloom|Substitute|p2a: Breloom\n|-start|p2a: Breloom|Substitute\n|-damage|p2a: Breloom|69\/100 tox\n|\n|-heal|p2a: Breloom|82\/100 tox|[from] ability: Poison Heal\n|upkeep\n|turn|51\n|\n|t:|1701118328\n|move|p1a: Sh\ud83d\udca9tbird|Foul Play|p2a: Breloom\n|-resisted|p2a: Breloom\n|-activate|p2a: Breloom|move: Substitute|[damage]\n|move|p2a: Breloom|Giga Drain|p1a: Sh\ud83d\udca9tbird\n|-resisted|p1a: Sh\ud83d\udca9tbird\n|-damage|p1a: Sh\ud83d\udca9tbird|91\/100\n|-heal|p2a: Breloom|86\/100 tox|[from] drain|[of] p1a: Sh\ud83d\udca9tbird\n|\n|-heal|p2a: Breloom|99\/100 tox|[from] ability: Poison Heal\n|upkeep\n|turn|52\n|\n|t:|1701118341\n|switch|p2a: Volcarona|Volcarona, F|91\/100\n|-damage|p2a: Volcarona|41\/100|[from] Stealth Rock\n|move|p1a: Sh\ud83d\udca9tbird|Toxic|p2a: Volcarona\n|-status|p2a: Volcarona|tox\n|\n|-heal|p2a: Volcarona|47\/100 tox|[from] item: Leftovers\n|-damage|p2a: Volcarona|41\/100 tox|[from] psn\n|upkeep\n|turn|53\n|c|\u2606Hybris L.|lol\n|c|\u2606Hybris L.|gg\n|-message|Hybris L. forfeited.\n|\n|win|SalCHITOSEtator\n|raw|SalCHITOSEtator's rating: 1060 &rarr; <strong>1089<\/strong><br \/>(+29 for winning)\n|raw|Hybris L.'s rating: 1038 &rarr; <strong>1023<\/strong><br \/>(-15 for losing)\n|l|\u2606Hybris L.\n","uploadtime":1701118470,"views":2,"p1id":"salchitosetator","p2id":"hybrisl","formatid":"gen9nationaldex","rating":1023,"private":0,"password":""}