{"id":"gen9nationaldex-1997831948","p1":"sarahstevens2004","p2":"Jeery112","format":"[Gen 9] National Dex","log":"|html|<div class=\"broadcast-blue\"><strong>[Gen 9] National Dex is currently suspecting Sneasler! For information on how to participate check out the <a href=\"https:\/\/www.smogon.com\/forums\/threads\/sv-national-dex-suspect-8-just-dance.3731534\/\">suspect thread<\/a>.<\/strong><\/div>\n|j|\u2606sarahstevens2004\n|j|\u2606Jeery112\n|t:|1700857510\n|gametype|singles\n|player|p1|sarahstevens2004|falkner|\n|player|p2|Jeery112|n|\n|teamsize|p1|6\n|teamsize|p2|6\n|gen|9\n|tier|[Gen 9] National Dex\n|rule|HP Percentage Mod: HP is shown in percentages\n|rule|Endless Battle Clause: Forcing endless battles is banned\n|rule|OHKO Clause: OHKO moves are banned\n|rule|Evasion Clause: Evasion abilities, items, and moves are banned\n|rule|Evasion Abilities Clause: Evasion abilities are banned\n|rule|Evasion Items Clause: Evasion items are banned\n|rule|Evasion Moves Clause: Evasion moves are banned\n|rule|Species Clause: Limit one of each Pok\u00e9mon\n|rule|Sleep Clause Mod: Limit one foe put to sleep\n|clearpoke\n|poke|p1|Ribombee, F|\n|poke|p1|Tapu Fini|\n|poke|p1|Zamazenta-*|\n|poke|p1|Sneasler, F|\n|poke|p1|Iron Valiant|\n|poke|p1|Scizor, M|\n|poke|p2|Hydreigon, M|\n|poke|p2|Samurott-Hisui, F|\n|poke|p2|Weavile, M|\n|poke|p2|Tyranitar, M|\n|poke|p2|Krookodile, F|\n|poke|p2|Sableye, F|\n|teampreview\n|j| Martorizzter\n|c|\u2606Jeery112|Gl hf :>\n|c|\u2606sarahstevens2004|gl hf :3\n|\n|t:|1700857525\n|start\n|switch|p1a: Scizor|Scizor, M|100\/100\n|switch|p2a: Sableye|Sableye, F|100\/100\n|turn|1\n|\n|t:|1700857532\n|detailschange|p1a: Scizor|Scizor-Mega, M\n|-mega|p1a: Scizor|Scizor|Scizorite\n|detailschange|p2a: Sableye|Sableye-Mega, F\n|-mega|p2a: Sableye|Sableye|Sablenite\n|move|p1a: Scizor|Bullet Punch|p2a: Sableye\n|-damage|p2a: Sableye|71\/100\n|move|p2a: Sableye|Will-O-Wisp|p1a: Scizor\n|-status|p1a: Scizor|brn\n|\n|-damage|p1a: Scizor|94\/100 brn|[from] brn\n|upkeep\n|turn|2\n|\n|t:|1700857543\n|move|p1a: Scizor|Swords Dance|p1a: Scizor\n|-boost|p1a: Scizor|atk|2\n|move|p2a: Sableye|Knock Off|p1a: Scizor\n|-damage|p1a: Scizor|76\/100 brn\n|\n|-damage|p1a: Scizor|70\/100 brn|[from] brn\n|upkeep\n|turn|3\n|\n|t:|1700857547\n|move|p1a: Scizor|Swords Dance|p1a: Scizor\n|-boost|p1a: Scizor|atk|2\n|move|p2a: Sableye|Recover|p2a: Sableye\n|-heal|p2a: Sableye|100\/100\n|\n|-damage|p1a: Scizor|64\/100 brn|[from] brn\n|upkeep\n|turn|4\n|\n|t:|1700857551\n|move|p2a: Sableye|Protect|p2a: Sableye\n|-singleturn|p2a: Sableye|Protect\n|move|p1a: Scizor|Swords Dance|p1a: Scizor\n|-boost|p1a: Scizor|atk|2\n|\n|-damage|p1a: Scizor|58\/100 brn|[from] brn\n|upkeep\n|turn|5\n|\n|t:|1700857555\n|move|p1a: Scizor|Knock Off|p2a: Sableye\n|-damage|p2a: Sableye|52\/100\n|move|p2a: Sableye|Recover|p2a: Sableye\n|-heal|p2a: Sableye|100\/100\n|\n|-damage|p1a: Scizor|52\/100 brn|[from] brn\n|upkeep\n|turn|6\n|c|\u2606Jeery112|Welp i just kinda lost XD\n|\n|t:|1700857567\n|move|p2a: Sableye|Protect|p2a: Sableye\n|-singleturn|p2a: Sableye|Protect\n|move|p1a: Scizor|Bullet Punch|p2a: Sableye\n|-activate|p2a: Sableye|move: Protect\n|\n|-damage|p1a: Scizor|46\/100 brn|[from] brn\n|upkeep\n|turn|7\n|\n|t:|1700857570\n|move|p1a: Scizor|Bullet Punch|p2a: Sableye\n|-damage|p2a: Sableye|37\/100\n|move|p2a: Sableye|Knock Off|p1a: Scizor\n|-damage|p1a: Scizor|29\/100 brn\n|\n|-damage|p1a: Scizor|23\/100 brn|[from] brn\n|upkeep\n|turn|8\n|\n|t:|1700857574\n|move|p2a: Sableye|Protect|p2a: Sableye\n|-singleturn|p2a: Sableye|Protect\n|move|p1a: Scizor|Bullet Punch|p2a: Sableye\n|-activate|p2a: Sableye|move: Protect\n|\n|-damage|p1a: Scizor|17\/100 brn|[from] brn\n|upkeep\n|turn|9\n|\n|t:|1700857578\n|move|p1a: Scizor|Bullet Punch|p2a: Sableye\n|-damage|p2a: Sableye|0 fnt\n|faint|p2a: Sableye\n|\n|-damage|p1a: Scizor|10\/100 brn|[from] brn\n|upkeep\n|\n|t:|1700857584\n|switch|p2a: Weavile|Weavile, M|100\/100\n|-ability|p2a: Weavile|Pressure\n|turn|10\n|c|\u2606sarahstevens2004|I HATE SABLEYE\n|c|\u2606sarahstevens2004|RAAHH\n|\n|t:|1700857589\n|move|p2a: Weavile|Fake Out|p1a: Scizor\n|-resisted|p1a: Scizor\n|-damage|p1a: Scizor|4\/100 brn\n|cant|p1a: Scizor|flinch\n|\n|-damage|p1a: Scizor|0 fnt|[from] brn\n|faint|p1a: Scizor\n|upkeep\n|c|\u2606Jeery112|Sorry XD\n|\n|t:|1700857595\n|switch|p1a: Ribombee|Ribombee, F, shiny|100\/100\n|turn|11\n|\n|t:|1700857602\n|switch|p2a: Tyranitar|Tyranitar, M|100\/100\n|-weather|Sandstorm|[from] ability: Sand Stream|[of] p2a: Tyranitar\n|move|p1a: Ribombee|Stun Spore|p2a: Tyranitar\n|-status|p2a: Tyranitar|par\n|\n|-weather|Sandstorm|[upkeep]\n|-damage|p1a: Ribombee|94\/100|[from] Sandstorm\n|upkeep\n|turn|12\n|\n|t:|1700857607\n|move|p1a: Ribombee|Sticky Web|p2a: Tyranitar\n|-sidestart|p2: Jeery112|move: Sticky Web\n|move|p2a: Tyranitar|Heavy Slam|p1a: Ribombee\n|-supereffective|p1a: Ribombee\n|-damage|p1a: Ribombee|0 fnt\n|faint|p1a: Ribombee\n|\n|-weather|Sandstorm|[upkeep]\n|upkeep\n|\n|t:|1700857613\n|switch|p1a: Zamazenta|Zamazenta|100\/100\n|-ability|p1a: Zamazenta|Dauntless Shield|boost\n|-boost|p1a: Zamazenta|def|1\n|turn|13\n|\n|t:|1700857619\n|switch|p2a: Weavile|Weavile, M|100\/100\n|-ability|p2a: Weavile|Pressure\n|move|p1a: Zamazenta|Body Press|p2a: Weavile\n|-supereffective|p2a: Weavile\n|-damage|p2a: Weavile|0 fnt\n|faint|p2a: Weavile\n|\n|-weather|Sandstorm|[upkeep]\n|-damage|p1a: Zamazenta|94\/100|[from] Sandstorm\n|-heal|p1a: Zamazenta|100\/100|[from] item: Leftovers\n|upkeep\n|\n|t:|1700857624\n|switch|p2a: Hydreigon|Hydreigon, M|100\/100\n|turn|14\n|\n|t:|1700857627\n|move|p2a: Hydreigon|Draco Meteor|p1a: Zamazenta\n|-damage|p1a: Zamazenta|37\/100\n|-unboost|p2a: Hydreigon|spa|2\n|move|p1a: Zamazenta|Body Press|p2a: Hydreigon\n|-supereffective|p2a: Hydreigon\n|-damage|p2a: Hydreigon|0 fnt\n|faint|p2a: Hydreigon\n|\n|-weather|Sandstorm|[upkeep]\n|-damage|p1a: Zamazenta|31\/100|[from] Sandstorm\n|-heal|p1a: Zamazenta|37\/100|[from] item: Leftovers\n|upkeep\n|\n|t:|1700857630\n|switch|p2a: Samurott|Samurott-Hisui, F|100\/100\n|-activate|p2a: Samurott|move: Sticky Web\n|-unboost|p2a: Samurott|spe|1\n|turn|15\n|c|\u2606sarahstevens2004|scarf?\n|c|\u2606Jeery112|Yep\n|\n|t:|1700857642\n|move|p1a: Zamazenta|Body Press|p2a: Samurott\n|-supereffective|p2a: Samurott\n|-damage|p2a: Samurott|0 fnt\n|faint|p2a: Samurott\n|\n|-weather|none\n|-heal|p1a: Zamazenta|44\/100|[from] item: Leftovers\n|upkeep\n|c|\u2606sarahstevens2004|figures\n|c|\u2606Jeery112|I guess that this is it for me XD\n|\n|t:|1700857659\n|switch|p2a: Krookodile|Krookodile, F, shiny|100\/100\n|-activate|p2a: Krookodile|move: Sticky Web\n|-unboost|p2a: Krookodile|spe|1\n|turn|16\n|c|\u2606sarahstevens2004|unless scarfed krook\n|c|\u2606sarahstevens2004|its over\n|\n|t:|1700857666\n|move|p1a: Zamazenta|Body Press|p2a: Krookodile\n|-supereffective|p2a: Krookodile\n|-damage|p2a: Krookodile|0 fnt\n|faint|p2a: Krookodile\n|\n|-heal|p1a: Zamazenta|50\/100|[from] item: Leftovers\n|upkeep\n|c|\u2606sarahstevens2004|:#\n|c|\u2606sarahstevens2004|:3\n|c|\u2606Jeery112|Scarf crock but sticky web qwq\n|\n|t:|1700857680\n|switch|p2a: Tyranitar|Tyranitar, M|100\/100 par\n|-activate|p2a: Tyranitar|move: Sticky Web\n|-unboost|p2a: Tyranitar|spe|1\n|-weather|Sandstorm|[from] ability: Sand Stream|[of] p2a: Tyranitar\n|turn|17\n|c|\u2606sarahstevens2004|hehehehe\n|\n|t:|1700857683\n|move|p1a: Zamazenta|Body Press|p2a: Tyranitar\n|-supereffective|p2a: Tyranitar\n|-damage|p2a: Tyranitar|0 fnt\n|faint|p2a: Tyranitar\n|\n|win|sarahstevens2004\n|c|\u2606sarahstevens2004|GG's :3\n|c|\u2606Jeery112|Ggs i shouldnt have saced sable XD\n","uploadtime":1700857702,"views":3,"p1id":"sarahstevens2004","p2id":"jeery112","formatid":"gen9nationaldex","rating":0,"private":0,"password":""}