{"id":"gen9nationaldex-1993732267","p1":"st.john52","p2":"Lavasilla","format":"[Gen 9] National Dex","log":"|j|\u2606st.john52\n|j|\u2606Lavasilla\n|t:|1700350688\n|gametype|singles\n|player|p1|st.john52|clay|1117\n|player|p2|Lavasilla|skyla|1000\n|teamsize|p1|6\n|teamsize|p2|6\n|gen|9\n|tier|[Gen 9] National Dex\n|rated|\n|rule|HP Percentage Mod: HP is shown in percentages\n|rule|Endless Battle Clause: Forcing endless battles is banned\n|rule|OHKO Clause: OHKO moves are banned\n|rule|Evasion Clause: Evasion abilities, items, and moves are banned\n|rule|Evasion Abilities Clause: Evasion abilities are banned\n|rule|Evasion Items Clause: Evasion items are banned\n|rule|Evasion Moves Clause: Evasion moves are banned\n|rule|Species Clause: Limit one of each Pok\u00e9mon\n|rule|Sleep Clause Mod: Limit one foe put to sleep\n|clearpoke\n|poke|p1|Mimikyu, M|\n|poke|p1|Vikavolt, M|\n|poke|p1|Bewear, M|\n|poke|p1|Wishiwashi, M|\n|poke|p1|Incineroar, M|\n|poke|p1|Silvally-*|\n|poke|p2|Jirachi|\n|poke|p2|Tapu Koko|\n|poke|p2|Mandibuzz, F|\n|poke|p2|Seismitoad, M|\n|poke|p2|Heatran, F|\n|poke|p2|Garchomp, M|\n|teampreview\n|inactive|Battle timer is ON: inactive players will automatically lose when time's up. (requested by st.john52)\n|\n|t:|1700350693\n|start\n|switch|p1a: Bewear|Bewear, M, shiny|100\/100\n|switch|p2a: sapo|Seismitoad, M|100\/100\n|turn|1\n|\n|t:|1700350699\n|move|p2a: sapo|Stealth Rock|p1a: Bewear\n|-sidestart|p1: st.john52|move: Stealth Rock\n|move|p1a: Bewear|Earthquake|p2a: sapo\n|-damage|p2a: sapo|73\/100\n|\n|-heal|p2a: sapo|79\/100|[from] item: Leftovers\n|upkeep\n|turn|2\n|\n|t:|1700350711\n|switch|p2a: Mandibula|Mandibuzz, F|100\/100\n|move|p1a: Bewear|Close Combat|p2a: Mandibula\n|-damage|p2a: Mandibula|48\/100\n|-unboost|p1a: Bewear|def|1\n|-unboost|p1a: Bewear|spd|1\n|\n|upkeep\n|turn|3\n|\n|t:|1700350720\n|move|p2a: Mandibula|Brave Bird|p1a: Bewear\n|-supereffective|p1a: Bewear\n|-damage|p1a: Bewear|60\/100\n|-damage|p2a: Mandibula|34\/100|[from] Recoil\n|move|p1a: Bewear|Close Combat|p2a: Mandibula\n|-damage|p2a: Mandibula|0 fnt\n|-unboost|p1a: Bewear|def|1\n|-unboost|p1a: Bewear|spd|1\n|faint|p2a: Mandibula\n|\n|-heal|p1a: Bewear|66\/100|[from] item: Leftovers\n|upkeep\n|\n|t:|1700350731\n|switch|p2a: papu loko|Tapu Koko, shiny|100\/100\n|-fieldstart|move: Electric Terrain|[from] ability: Electric Surge|[of] p2a: papu loko\n|turn|4\n|\n|t:|1700350737\n|switch|p1a: Silvally|Silvally-Ground, shiny|100\/100\n|-damage|p1a: Silvally|94\/100|[from] Stealth Rock\n|move|p2a: papu loko|Dazzling Gleam|p1a: Silvally\n|-damage|p1a: Silvally|40\/100\n|\n|upkeep\n|turn|5\n|\n|t:|1700350746\n|switch|p2a: sapo|Seismitoad, M|79\/100\n|move|p1a: Silvally|Multi-Attack|p2a: sapo\n|-damage|p2a: sapo|43\/100\n|\n|-heal|p2a: sapo|49\/100|[from] item: Leftovers\n|upkeep\n|turn|6\n|\n|t:|1700350753\n|switch|p1a: Incineroar|Incineroar, M, shiny|100\/100\n|-damage|p1a: Incineroar|75\/100|[from] Stealth Rock\n|-ability|p1a: Incineroar|Intimidate|boost\n|-unboost|p2a: sapo|atk|1\n|move|p2a: sapo|Scald|p1a: Incineroar\n|-supereffective|p1a: Incineroar\n|-damage|p1a: Incineroar|24\/100\n|\n|-heal|p2a: sapo|55\/100|[from] item: Leftovers\n|upkeep\n|turn|7\n|\n|t:|1700350774\n|switch|p2a: Chop|Garchomp, M|100\/100\n|move|p1a: Incineroar|Fake Out|p2a: Chop\n|-damage|p2a: Chop|90\/100\n|-damage|p1a: Incineroar|12\/100|[from] ability: Rough Skin|[of] p2a: Chop\n|\n|upkeep\n|turn|8\n|\n|t:|1700350781\n|move|p2a: Chop|Earthquake|p1a: Incineroar\n|-supereffective|p1a: Incineroar\n|-damage|p1a: Incineroar|0 fnt\n|faint|p1a: Incineroar\n|\n|-fieldend|move: Electric Terrain\n|upkeep\n|\n|t:|1700350786\n|switch|p1a: Bewear|Bewear, M, shiny|66\/100\n|-damage|p1a: Bewear|60\/100|[from] Stealth Rock\n|turn|9\n|\n|t:|1700350800\n|switch|p2a: papu loko|Tapu Koko, shiny|100\/100\n|-fieldstart|move: Electric Terrain|[from] ability: Electric Surge|[of] p2a: papu loko\n|move|p1a: Bewear|Close Combat|p2a: papu loko\n|-resisted|p2a: papu loko\n|-damage|p2a: papu loko|57\/100\n|-unboost|p1a: Bewear|def|1\n|-unboost|p1a: Bewear|spd|1\n|\n|-heal|p1a: Bewear|66\/100|[from] item: Leftovers\n|upkeep\n|turn|10\n|\n|t:|1700350810\n|move|p2a: papu loko|Dazzling Gleam|p1a: Bewear\n|-supereffective|p1a: Bewear\n|-damage|p1a: Bewear|0 fnt\n|faint|p1a: Bewear\n|\n|upkeep\n|\n|t:|1700350813\n|switch|p1a: Silvally|Silvally-Ground, shiny|40\/100\n|-damage|p1a: Silvally|34\/100|[from] Stealth Rock\n|turn|11\n|\n|t:|1700350817\n|move|p2a: papu loko|Dazzling Gleam|p1a: Silvally\n|-damage|p1a: Silvally|0 fnt\n|faint|p1a: Silvally\n|\n|upkeep\n|\n|t:|1700350823\n|switch|p1a: Vikavolt|Vikavolt, M, shiny|100\/100\n|turn|12\n|\n|t:|1700350836\n|switch|p2a: vulkan|Heatran, F|100\/100\n|-terastallize|p1a: Vikavolt|Steel\n|move|p1a: Vikavolt|Flash Cannon|p2a: vulkan\n|-resisted|p2a: vulkan\n|-damage|p2a: vulkan|90\/100\n|-unboost|p2a: vulkan|spd|1\n|\n|-heal|p2a: vulkan|96\/100|[from] item: Leftovers\n|upkeep\n|turn|13\n|\n|t:|1700350849\n|switch|p1a: Wishiwashi|Wishiwashi, M, shiny|100\/100\n|-damage|p1a: Wishiwashi|88\/100|[from] Stealth Rock\n|-formechange|p1a: Wishiwashi|Wishiwashi-School||[from] ability: Schooling\n|move|p2a: vulkan|Magma Storm|p1a: Wishiwashi\n|-resisted|p1a: Wishiwashi\n|-damage|p1a: Wishiwashi|63\/100\n|-activate|p1a: Wishiwashi|move: Magma Storm|[of] p2a: vulkan\n|\n|-heal|p2a: vulkan|100\/100|[from] item: Leftovers\n|-heal|p1a: Wishiwashi|69\/100|[from] item: Leftovers\n|-damage|p1a: Wishiwashi|57\/100|[from] move: Magma Storm|[partiallytrapped]\n|-fieldend|move: Electric Terrain\n|upkeep\n|turn|14\n|\n|t:|1700350864\n|switch|p2a: sapo|Seismitoad, M|55\/100\n|move|p1a: Wishiwashi|Surf|p2a: sapo\n|-heal|p2a: sapo|79\/100|[from] ability: Water Absorb|[of] p1a: Wishiwashi\n|\n|-heal|p2a: sapo|86\/100|[from] item: Leftovers\n|-heal|p1a: Wishiwashi|63\/100|[from] item: Leftovers\n|-end|p1a: Wishiwashi|Magma Storm|[partiallytrapped]|[silent]\n|upkeep\n|turn|15\n|\n|t:|1700350872\n|move|p2a: sapo|Toxic|p1a: Wishiwashi\n|-status|p1a: Wishiwashi|tox\n|move|p1a: Wishiwashi|Hidden Power|p2a: sapo\n|-supereffective|p2a: sapo\n|-damage|p2a: sapo|0 fnt\n|faint|p2a: sapo\n|\n|-heal|p1a: Wishiwashi|69\/100 tox|[from] item: Leftovers\n|-damage|p1a: Wishiwashi|63\/100 tox|[from] psn\n|upkeep\n|\n|t:|1700350882\n|switch|p2a: papu loko|Tapu Koko, shiny|57\/100\n|-fieldstart|move: Electric Terrain|[from] ability: Electric Surge|[of] p2a: papu loko\n|turn|16\n|\n|t:|1700350893\n|move|p1a: Wishiwashi|Protect|p1a: Wishiwashi\n|-singleturn|p1a: Wishiwashi|Protect\n|move|p2a: papu loko|Thunderbolt|p1a: Wishiwashi\n|-activate|p1a: Wishiwashi|move: Protect\n|\n|-heal|p1a: Wishiwashi|69\/100 tox|[from] item: Leftovers\n|-damage|p1a: Wishiwashi|57\/100 tox|[from] psn\n|upkeep\n|turn|17\n|\n|t:|1700350901\n|switch|p1a: Vikavolt|Vikavolt, M, shiny, tera:Steel|100\/100\n|move|p2a: papu loko|Thunderbolt|p1a: Vikavolt\n|-damage|p1a: Vikavolt|2\/100\n|\n|upkeep\n|turn|18\n|\n|t:|1700350910\n|switch|p2a: Chop|Garchomp, M|90\/100\n|move|p1a: Vikavolt|Flash Cannon|p2a: Chop\n|-damage|p2a: Chop|45\/100\n|\n|upkeep\n|turn|19\n|\n|t:|1700350917\n|move|p2a: Chop|Outrage|p1a: Vikavolt\n|-resisted|p1a: Vikavolt\n|-damage|p1a: Vikavolt|0 fnt\n|faint|p1a: Vikavolt\n|\n|upkeep\n|\n|t:|1700350919\n|switch|p1a: Mimikyu|Mimikyu, M, shiny|100\/100\n|-damage|p1a: Mimikyu|88\/100|[from] Stealth Rock\n|turn|20\n|\n|t:|1700350924\n|move|p2a: Chop|Outrage|p1a: Mimikyu|[from]lockedmove\n|-immune|p1a: Mimikyu\n|-start|p2a: Chop|confusion|[fatigue]\n|move|p1a: Mimikyu|Swords Dance|p1a: Mimikyu\n|-boost|p1a: Mimikyu|atk|2\n|\n|-heal|p1a: Mimikyu|94\/100|[from] item: Leftovers\n|-fieldend|move: Electric Terrain\n|upkeep\n|turn|21\n|\n|t:|1700350934\n|switch|p2a: vulkan|Heatran, F|100\/100\n|move|p1a: Mimikyu|Swords Dance|p1a: Mimikyu\n|-boost|p1a: Mimikyu|atk|2\n|\n|-heal|p1a: Mimikyu|99\/100|[from] item: Leftovers\n|upkeep\n|turn|22\n|\n|t:|1700350942\n|move|p1a: Mimikyu|Swords Dance|p1a: Mimikyu\n|-boost|p1a: Mimikyu|atk|2\n|move|p2a: vulkan|Magma Storm|p1a: Mimikyu\n|-activate|p1a: Mimikyu|ability: Disguise\n|-damage|p1a: Mimikyu|99\/100\n|-activate|p1a: Mimikyu|move: Magma Storm|[of] p2a: vulkan\n|detailschange|p1a: Mimikyu|Mimikyu-Busted, M, shiny\n|-damage|p1a: Mimikyu|88\/100|[from] pokemon: Mimikyu-Busted\n|\n|-heal|p1a: Mimikyu|94\/100|[from] item: Leftovers\n|-damage|p1a: Mimikyu|81\/100|[from] move: Magma Storm|[partiallytrapped]\n|upkeep\n|turn|23\n|\n|t:|1700350957\n|switch|p2a: Jirachi|Jirachi|100\/100\n|move|p1a: Mimikyu|Shadow Sneak|p2a: Jirachi\n|-supereffective|p2a: Jirachi\n|-damage|p2a: Jirachi|0 fnt\n|faint|p2a: Jirachi\n|\n|-heal|p1a: Mimikyu|87\/100|[from] item: Leftovers\n|-end|p1a: Mimikyu|Magma Storm|[partiallytrapped]|[silent]\n|upkeep\n|\n|t:|1700350968\n|switch|p2a: papu loko|Tapu Koko, shiny|57\/100\n|-fieldstart|move: Electric Terrain|[from] ability: Electric Surge|[of] p2a: papu loko\n|turn|24\n|\n|t:|1700350975\n|move|p1a: Mimikyu|Shadow Sneak|p2a: papu loko\n|-damage|p2a: papu loko|0 fnt\n|faint|p2a: papu loko\n|\n|-heal|p1a: Mimikyu|93\/100|[from] item: Leftovers\n|upkeep\n|\n|t:|1700350981\n|switch|p2a: Chop|Garchomp, M|45\/100\n|turn|25\n|\n|t:|1700350985\n|move|p1a: Mimikyu|Shadow Sneak|p2a: Chop\n|-damage|p2a: Chop|0 fnt\n|-damage|p1a: Mimikyu|81\/100|[from] ability: Rough Skin|[of] p2a: Chop\n|faint|p2a: Chop\n|\n|-heal|p1a: Mimikyu|87\/100|[from] item: Leftovers\n|upkeep\n|c|\u2606st.john52|Gg\n|\n|t:|1700350991\n|switch|p2a: vulkan|Heatran, F|100\/100\n|turn|26\n|\n|t:|1700350996\n|move|p1a: Mimikyu|Shadow Sneak|p2a: vulkan\n|-damage|p2a: vulkan|37\/100\n|move|p2a: vulkan|Substitute|p2a: vulkan\n|-start|p2a: vulkan|Substitute\n|-damage|p2a: vulkan|12\/100\n|\n|-heal|p1a: Mimikyu|93\/100|[from] item: Leftovers\n|-heal|p2a: vulkan|18\/100|[from] item: Leftovers\n|upkeep\n|turn|27\n|\n|t:|1700351006\n|move|p1a: Mimikyu|Shadow Sneak|p2a: vulkan\n|-end|p2a: vulkan|Substitute\n|move|p2a: vulkan|Toxic|p1a: Mimikyu\n|-status|p1a: Mimikyu|tox\n|\n|-heal|p1a: Mimikyu|99\/100 tox|[from] item: Leftovers\n|-heal|p2a: vulkan|25\/100|[from] item: Leftovers\n|-damage|p1a: Mimikyu|93\/100 tox|[from] psn\n|upkeep\n|turn|28\n|\n|t:|1700351014\n|move|p1a: Mimikyu|Shadow Sneak|p2a: vulkan\n|-damage|p2a: vulkan|0 fnt\n|faint|p2a: vulkan\n|\n|win|st.john52\n|raw|st.john52's rating: 1117 &rarr; <strong>1134<\/strong><br \/>(+17 for winning)\n|raw|Lavasilla's rating: 1000 &rarr; <strong>1000<\/strong><br \/>(+0 for losing)\n","uploadtime":1700351018,"views":7,"p1id":"stjohn52","p2id":"lavasilla","formatid":"gen9nationaldex","rating":1000,"private":0,"password":""}