{"id":"gen9nationaldex-1994526209","p1":"mixco","p2":"OnlyPyper","format":"[Gen 9] National Dex","log":"|j|\u2606mixco\n|j|\u2606OnlyPyper\n|t:|1700454687\n|gametype|singles\n|player|p1|mixco|penny|\n|player|p2|OnlyPyper|shauntal|\n|teamsize|p1|6\n|teamsize|p2|6\n|gen|9\n|tier|[Gen 9] National Dex\n|rule|HP Percentage Mod: HP is shown in percentages\n|rule|Endless Battle Clause: Forcing endless battles is banned\n|rule|OHKO Clause: OHKO moves are banned\n|rule|Evasion Clause: Evasion abilities, items, and moves are banned\n|rule|Evasion Abilities Clause: Evasion abilities are banned\n|rule|Evasion Items Clause: Evasion items are banned\n|rule|Evasion Moves Clause: Evasion moves are banned\n|rule|Species Clause: Limit one of each Pok\u00e9mon\n|rule|Sleep Clause Mod: Limit one foe put to sleep\n|clearpoke\n|poke|p1|Greninja-*, M|\n|poke|p1|Sylveon, F|\n|poke|p1|Heliolisk, F|\n|poke|p1|Dragalge, F|\n|poke|p1|Medicham, M|\n|poke|p1|Trevenant, M|\n|poke|p2|Drapion, F|\n|poke|p2|Empoleon, M|\n|poke|p2|Lucario, F|\n|poke|p2|Froslass, F|\n|poke|p2|Gardevoir, M|\n|poke|p2|Lopunny, M|\n|teampreview\n|c|\u2606mixco|Suerte\n|c|\u2606OnlyPyper|Si miras los \u00faltimos 4 pokes de mi team se ve raro\n|c|\u2606OnlyPyper|Suerte\n|c|\u2606mixco|Jwhdusjfjd\n|\n|t:|1700454733\n|start\n|switch|p1a: Surey|Heliolisk, F|100\/100\n|switch|p2a: Aira|Lopunny, M|100\/100\n|turn|1\n|\n|t:|1700454742\n|detailschange|p2a: Aira|Lopunny-Mega, M\n|-mega|p2a: Aira|Lopunny|Lopunnite\n|move|p2a: Aira|Fake Out|p1a: Surey\n|-damage|p1a: Surey|55\/100\n|cant|p1a: Surey|flinch\n|\n|upkeep\n|turn|2\n|\n|t:|1700454751\n|move|p1a: Surey|Volt Switch|p2a: Aira\n|-damage|p2a: Aira|57\/100\n|\n|t:|1700454756\n|switch|p1a: Kusuri|Dragalge, F|100\/100|[from] Volt Switch\n|move|p2a: Aira|U-turn|p1a: Kusuri\n|-resisted|p1a: Kusuri\n|-damage|p1a: Kusuri|91\/100\n|\n|t:|1700454766\n|switch|p2a: Yuki|Froslass, F|100\/100|[from] U-turn\n|\n|upkeep\n|turn|3\n|\n|t:|1700454774\n|switch|p1a: Amity|Sylveon, F|100\/100\n|move|p2a: Yuki|Ice Beam|p1a: Amity\n|-damage|p1a: Amity|71\/100\n|\n|-heal|p1a: Amity|77\/100|[from] item: Leftovers\n|upkeep\n|turn|4\n|\n|t:|1700454788\n|switch|p2a: Ryu|Lucario, F|100\/100\n|move|p1a: Amity|Wish|p1a: Amity\n|\n|-heal|p1a: Amity|83\/100|[from] item: Leftovers\n|upkeep\n|turn|5\n|\n|t:|1700454794\n|switch|p1a: Fouret|Trevenant, M|100\/100\n|move|p2a: Ryu|Swords Dance|p2a: Ryu\n|-boost|p2a: Ryu|atk|2\n|\n|upkeep\n|turn|6\n|\n|t:|1700454805\n|switch|p2a: Yuki|Froslass, F|100\/100\n|move|p1a: Fouret|Leech Seed|p2a: Yuki\n|-start|p2a: Yuki|move: Leech Seed\n|\n|-damage|p2a: Yuki|88\/100|[from] Leech Seed|[of] p1a: Fouret\n|upkeep\n|turn|7\n|\n|t:|1700454815\n|switch|p2a: Tridente|Empoleon, M|100\/100\n|switch|p1a: Amity|Sylveon, F|83\/100\n|\n|-heal|p1a: Amity|89\/100|[from] item: Leftovers\n|upkeep\n|turn|8\n|\n|t:|1700454822\n|move|p2a: Tridente|Stealth Rock|p1a: Amity\n|-sidestart|p1: mixco|move: Stealth Rock\n|move|p1a: Amity|Wish|p1a: Amity\n|\n|-heal|p1a: Amity|95\/100|[from] item: Leftovers\n|upkeep\n|turn|9\n|\n|t:|1700454826\n|switch|p1a: Surey|Heliolisk, F|55\/100\n|-damage|p1a: Surey|43\/100|[from] Stealth Rock\n|move|p2a: Tridente|Scald|p1a: Surey\n|-heal|p1a: Surey|68\/100|[from] ability: Dry Skin|[of] p2a: Tridente\n|\n|-heal|p1a: Surey|100\/100|[from] move: Wish|[wisher] Amity\n|upkeep\n|turn|10\n|\n|t:|1700454843\n|switch|p2a: Ryu|Lucario, F|100\/100\n|move|p1a: Surey|Volt Switch|p2a: Ryu\n|-damage|p2a: Ryu|45\/100\n|\n|t:|1700454864\n|switch|p1a: Raiden|Greninja, M|100\/100|[from] Volt Switch\n|-damage|p1a: Raiden|88\/100|[from] Stealth Rock\n|\n|upkeep\n|turn|11\n|\n|t:|1700454871\n|move|p2a: Ryu|Extreme Speed|p1a: Raiden\n|-damage|p1a: Raiden|37\/100\n|-damage|p2a: Ryu|35\/100|[from] item: Life Orb\n|move|p1a: Raiden|Water Shuriken|p2a: Ryu\n|-damage|p2a: Ryu|24\/100\n|-damage|p2a: Ryu|13\/100\n|-damage|p2a: Ryu|3\/100\n|-damage|p2a: Ryu|0 fnt\n|faint|p2a: Ryu\n|-ability|p1a: Raiden|Battle Bond|boost\n|-boost|p1a: Raiden|atk|1\n|-boost|p1a: Raiden|spa|1\n|-boost|p1a: Raiden|spe|1\n|-activate|p1a: Raiden|ability: Battle Bond\n|-hitcount|p2: Ryu|4\n|\n|upkeep\n|\n|t:|1700454888\n|switch|p2a: Aira|Lopunny-Mega, M|57\/100\n|turn|12\n|\n|t:|1700454894\n|move|p2a: Aira|Fake Out|p1a: Raiden\n|-damage|p1a: Raiden|2\/100\n|cant|p1a: Raiden|flinch\n|\n|upkeep\n|turn|13\n|c|\u2606OnlyPyper|Ekisde\n|\n|t:|1700454910\n|switch|p2a: Tridente|Empoleon, M|100\/100\n|move|p1a: Raiden|Hydro Pump|p2a: Tridente\n|-resisted|p2a: Tridente\n|-damage|p2a: Tridente|75\/100\n|\n|-heal|p2a: Tridente|82\/100|[from] item: Leftovers\n|upkeep\n|turn|14\n|\n|t:|1700454919\n|switch|p2a: Yuki|Froslass, F|88\/100\n|move|p1a: Raiden|Dark Pulse|p2a: Yuki\n|-supereffective|p2a: Yuki\n|-damage|p2a: Yuki|0 fnt\n|-start|p1a: Raiden|Disable|Dark Pulse|[from] ability: Cursed Body|[of] p2a: Yuki\n|faint|p2a: Yuki\n|\n|upkeep\n|c|\u2606OnlyPyper|No cuela okei\n|\n|t:|1700454936\n|switch|p2a: Aira|Lopunny-Mega, M|57\/100\n|turn|15\n|\n|t:|1700454942\n|move|p2a: Aira|Fake Out|p1a: Raiden\n|-crit|p1a: Raiden\n|-damage|p1a: Raiden|0 fnt\n|faint|p1a: Raiden\n|\n|upkeep\n|\n|t:|1700454948\n|switch|p1a: Surey|Heliolisk, F|100\/100\n|-damage|p1a: Surey|88\/100|[from] Stealth Rock\n|turn|16\n|\n|t:|1700454963\n|switch|p2a: Daina|Gardevoir, M, shiny|100\/100\n|-ability|p2a: Daina|Dry Skin|[from] ability: Trace|[of] p1a: Surey\n|move|p1a: Surey|Volt Switch|p2a: Daina\n|-damage|p2a: Daina|67\/100\n|\n|t:|1700454988\n|switch|p1a: Liacier|Medicham, M|100\/100|[from] Volt Switch\n|-damage|p1a: Liacier|94\/100|[from] Stealth Rock\n|\n|upkeep\n|turn|17\n|\n|t:|1700454997\n|detailschange|p1a: Liacier|Medicham-Mega, M\n|-mega|p1a: Liacier|Medicham|Medichamite\n|move|p1a: Liacier|Fake Out|p2a: Daina\n|-damage|p2a: Daina|25\/100\n|cant|p2a: Daina|flinch\n|\n|upkeep\n|turn|18\n|\n|t:|1700455006\n|move|p1a: Liacier|Ice Punch|p2a: Daina\n|-damage|p2a: Daina|0 fnt\n|faint|p2a: Daina\n|\n|upkeep\n|\n|t:|1700455012\n|switch|p2a: Aira|Lopunny-Mega, M|57\/100\n|turn|19\n|\n|t:|1700455020\n|switch|p1a: Amity|Sylveon, F|95\/100\n|-damage|p1a: Amity|83\/100|[from] Stealth Rock\n|move|p2a: Aira|Fake Out|p1a: Amity\n|-damage|p1a: Amity|61\/100\n|\n|-heal|p1a: Amity|67\/100|[from] item: Leftovers\n|upkeep\n|turn|20\n|\n|t:|1700455027\n|move|p2a: Aira|U-turn|p1a: Amity\n|-resisted|p1a: Amity\n|-damage|p1a: Amity|54\/100\n|\n|t:|1700455030\n|switch|p2a: Cross|Drapion, F|100\/100|[from] U-turn\n|move|p1a: Amity|Wish|p1a: Amity\n|\n|-heal|p1a: Amity|60\/100|[from] item: Leftovers\n|upkeep\n|turn|21\n|\n|t:|1700455042\n|switch|p1a: Liacier|Medicham-Mega, M|94\/100\n|-damage|p1a: Liacier|88\/100|[from] Stealth Rock\n|move|p2a: Cross|Agility|p2a: Cross\n|-boost|p2a: Cross|spe|2\n|\n|-heal|p1a: Liacier|100\/100|[from] move: Wish|[wisher] Amity\n|upkeep\n|turn|22\n|\n|t:|1700455051\n|move|p1a: Liacier|Fake Out|p2a: Cross\n|-damage|p2a: Cross|77\/100\n|cant|p2a: Cross|flinch\n|\n|upkeep\n|turn|23\n|\n|t:|1700455056\n|move|p2a: Cross|Cross Poison|p1a: Liacier\n|-crit|p1a: Liacier\n|-damage|p1a: Liacier|6\/100\n|move|p1a: Liacier|Close Combat|p2a: Cross\n|-damage|p2a: Cross|0 fnt\n|-unboost|p1a: Liacier|def|1\n|-unboost|p1a: Liacier|spd|1\n|faint|p2a: Cross\n|\n|upkeep\n|\n|t:|1700455067\n|switch|p2a: Aira|Lopunny-Mega, M|57\/100\n|turn|24\n|\n|t:|1700455072\n|move|p2a: Aira|U-turn|p1a: Liacier\n|-crit|p1a: Liacier\n|-damage|p1a: Liacier|0 fnt\n|faint|p1a: Liacier\n|\n|t:|1700455074\n|switch|p2a: Tridente|Empoleon, M|82\/100|[from] U-turn\n|\n|-heal|p2a: Tridente|88\/100|[from] item: Leftovers\n|upkeep\n|\n|t:|1700455076\n|switch|p1a: Surey|Heliolisk, F|88\/100\n|-damage|p1a: Surey|76\/100|[from] Stealth Rock\n|turn|25\n|\n|t:|1700455086\n|-terastallize|p2a: Tridente|Ghost\n|move|p1a: Surey|Volt Switch|p2a: Tridente\n|-damage|p2a: Tridente|65\/100\n|\n|t:|1700455090\n|switch|p1a: Fouret|Trevenant, M|100\/100|[from] Volt Switch\n|-damage|p1a: Fouret|88\/100|[from] Stealth Rock\n|move|p2a: Tridente|Roost|p2a: Tridente\n|-heal|p2a: Tridente|100\/100\n|\n|upkeep\n|turn|26\n|j| JuzOzuj\n|\n|t:|1700455098\n|move|p2a: Tridente|Scald|p1a: Fouret\n|-resisted|p1a: Fouret\n|-damage|p1a: Fouret|72\/100\n|move|p1a: Fouret|Leech Seed|p2a: Tridente\n|-start|p2a: Tridente|move: Leech Seed\n|\n|-damage|p2a: Tridente|88\/100|[from] Leech Seed|[of] p1a: Fouret\n|-heal|p1a: Fouret|85\/100|[silent]\n|upkeep\n|turn|27\n|\n|t:|1700455103\n|switch|p2a: Aira|Lopunny-Mega, M|57\/100\n|move|p1a: Fouret|Poltergeist|p2a: Aira\n|-immune|p2a: Aira\n|\n|upkeep\n|turn|28\n|\n|t:|1700455111\n|move|p1a: Fouret|Protect|p1a: Fouret\n|-singleturn|p1a: Fouret|Protect\n|move|p2a: Aira|Fake Out|p1a: Fouret\n|-activate|p1a: Fouret|move: Protect\n|\n|upkeep\n|turn|29\n|\n|t:|1700455115\n|move|p2a: Aira|Return|p1a: Fouret\n|-damage|p1a: Fouret|42\/100\n|-enditem|p1a: Fouret|Sitrus Berry|[eat]\n|-heal|p1a: Fouret|67\/100|[from] item: Sitrus Berry\n|move|p1a: Fouret|Leech Seed|p2a: Aira\n|-start|p2a: Aira|move: Leech Seed\n|\n|-damage|p2a: Aira|45\/100|[from] Leech Seed|[of] p1a: Fouret\n|-heal|p1a: Fouret|76\/100|[silent]\n|upkeep\n|turn|30\n|\n|t:|1700455126\n|move|p1a: Fouret|Protect|p1a: Fouret\n|-singleturn|p1a: Fouret|Protect\n|move|p2a: Aira|Return|p1a: Fouret\n|-activate|p1a: Fouret|move: Protect\n|\n|-damage|p2a: Aira|33\/100|[from] Leech Seed|[of] p1a: Fouret\n|-heal|p1a: Fouret|85\/100|[silent]\n|-item|p1a: Fouret|Sitrus Berry|[from] ability: Harvest\n|upkeep\n|turn|31\n|\n|t:|1700455131\n|move|p2a: Aira|Return|p1a: Fouret\n|-damage|p1a: Fouret|40\/100\n|-enditem|p1a: Fouret|Sitrus Berry|[eat]\n|-heal|p1a: Fouret|65\/100|[from] item: Sitrus Berry\n|move|p1a: Fouret|Substitute|p1a: Fouret\n|-start|p1a: Fouret|Substitute\n|-damage|p1a: Fouret|40\/100\n|\n|-damage|p2a: Aira|21\/100|[from] Leech Seed|[of] p1a: Fouret\n|-heal|p1a: Fouret|49\/100|[silent]\n|-item|p1a: Fouret|Sitrus Berry|[from] ability: Harvest\n|upkeep\n|-enditem|p1a: Fouret|Sitrus Berry|[eat]\n|-heal|p1a: Fouret|74\/100|[from] item: Sitrus Berry\n|turn|32\n|\n|t:|1700455140\n|switch|p2a: Tridente|Empoleon, M, tera:Ghost|88\/100\n|move|p1a: Fouret|Protect||[still]\n|-fail|p1a: Fouret\n|\n|-heal|p2a: Tridente|94\/100|[from] item: Leftovers\n|upkeep\n|turn|33\n|\n|t:|1700455143\n|move|p2a: Tridente|Scald|p1a: Fouret\n|-resisted|p1a: Fouret\n|-activate|p1a: Fouret|move: Substitute|[damage]\n|move|p1a: Fouret|Leech Seed|p2a: Tridente\n|-start|p2a: Tridente|move: Leech Seed\n|\n|-heal|p2a: Tridente|100\/100|[from] item: Leftovers\n|-damage|p2a: Tridente|88\/100|[from] Leech Seed|[of] p1a: Fouret\n|-heal|p1a: Fouret|86\/100|[silent]\n|upkeep\n|turn|34\n|\n|t:|1700455148\n|move|p2a: Tridente|Scald|p1a: Fouret\n|-resisted|p1a: Fouret\n|-end|p1a: Fouret|Substitute\n|move|p1a: Fouret|Poltergeist|p2a: Tridente\n|-activate|p2a: Tridente|move: Poltergeist|Leftovers\n|-supereffective|p2a: Tridente\n|-damage|p2a: Tridente|2\/100\n|\n|-heal|p2a: Tridente|8\/100|[from] item: Leftovers\n|-damage|p2a: Tridente|0 fnt|[from] Leech Seed|[of] p1a: Fouret\n|-heal|p1a: Fouret|94\/100|[silent]\n|faint|p2a: Tridente\n|upkeep\n|\n|t:|1700455154\n|switch|p2a: Aira|Lopunny-Mega, M|21\/100\n|turn|35\n|c| JuzOzuj|Dios que\n|\n|t:|1700455158\n|move|p2a: Aira|Fake Out|p1a: Fouret\n|-damage|p1a: Fouret|76\/100\n|cant|p1a: Fouret|flinch\n|\n|-item|p1a: Fouret|Sitrus Berry|[from] ability: Harvest\n|upkeep\n|turn|36\n|\n|t:|1700455163\n|move|p2a: Aira|Return|p1a: Fouret\n|-damage|p1a: Fouret|36\/100\n|-enditem|p1a: Fouret|Sitrus Berry|[eat]\n|-heal|p1a: Fouret|61\/100|[from] item: Sitrus Berry\n|move|p1a: Fouret|Leech Seed|p2a: Aira|[miss]\n|-miss|p1a: Fouret|p2a: Aira\n|\n|upkeep\n|turn|37\n|c| JuzOzuj|sidoso es fouret\n|\n|t:|1700455172\n|move|p2a: Aira|Return|p1a: Fouret\n|-damage|p1a: Fouret|18\/100\n|move|p1a: Fouret|Leech Seed|p2a: Aira\n|-start|p2a: Aira|move: Leech Seed\n|\n|-damage|p2a: Aira|9\/100|[from] Leech Seed|[of] p1a: Fouret\n|-heal|p1a: Fouret|27\/100|[silent]\n|upkeep\n|turn|38\n|\n|t:|1700455178\n|move|p1a: Fouret|Protect|p1a: Fouret\n|-singleturn|p1a: Fouret|Protect\n|move|p2a: Aira|Return|p1a: Fouret\n|-activate|p1a: Fouret|move: Protect\n|\n|-damage|p2a: Aira|0 fnt|[from] Leech Seed|[of] p1a: Fouret\n|-heal|p1a: Fouret|33\/100|[silent]\n|faint|p2a: Aira\n|\n|win|mixco\n|upkeep\n|c|\u2606OnlyPyper|Gg\n|c|\u2606mixco|gg\n|c| JuzOzuj|ggs\n|c|\u2606mixco|Raiden decepcionando\n|c|\u2606mixco|Deee\n|c|\u2606OnlyPyper|Nada nuevo\n|c|\u2606OnlyPyper|Ekisde\n|l|\u2606mixco\n|l|\u2606OnlyPyper\n|j|\u2606mixco\n|player|p1|mixco|penny\n","uploadtime":1700455617,"views":11,"p1id":"mixco","p2id":"onlypyper","formatid":"gen9nationaldex","rating":0,"private":0,"password":""}