{"id":"gen9nationaldex-1989594507","p1":"D1N0SAUR-K1NG","p2":"Metal 2552","format":"[Gen 9] National Dex","log":"|j|\u2606D1N0SAUR-K1NG\n|j|\u2606Metal 2552\n|t:|1699876380\n|gametype|singles\n|player|p1|D1N0SAUR-K1NG|jessiejames-gen1|1290\n|player|p2|Metal 2552|1|1273\n|teamsize|p1|6\n|teamsize|p2|6\n|gen|9\n|tier|[Gen 9] National Dex\n|rated|\n|rule|HP Percentage Mod: HP is shown in percentages\n|rule|Endless Battle Clause: Forcing endless battles is banned\n|rule|OHKO Clause: OHKO moves are banned\n|rule|Evasion Clause: Evasion abilities, items, and moves are banned\n|rule|Evasion Abilities Clause: Evasion abilities are banned\n|rule|Evasion Items Clause: Evasion items are banned\n|rule|Evasion Moves Clause: Evasion moves are banned\n|rule|Species Clause: Limit one of each Pok\u00e9mon\n|rule|Sleep Clause Mod: Limit one foe put to sleep\n|clearpoke\n|poke|p1|Togekiss, M|\n|poke|p1|Greninja-*, F|\n|poke|p1|Garchomp, F|\n|poke|p1|Hitmontop, M|\n|poke|p1|Rotom-Wash|\n|poke|p1|Garganacl, M|\n|poke|p2|Ninetales-Alola, M|\n|poke|p2|Ogerpon-Cornerstone, F|\n|poke|p2|Volcarona, F|\n|poke|p2|Dragonite, F|\n|poke|p2|Xurkitree|\n|poke|p2|Gyarados, M|\n|teampreview\n|inactive|Battle timer is ON: inactive players will automatically lose when time's up. (requested by Metal 2552)\n|\n|t:|1699876392\n|start\n|switch|p1a: Rotom|Rotom-Wash|100\/100\n|switch|p2a: \u7ed9\u4f60\u6211\u4ed6\u5e26\u6765\u5fae\u7b11|Ninetales-Alola, M|100\/100\n|-weather|Snow|[from] ability: Snow Warning|[of] p2a: \u7ed9\u4f60\u6211\u4ed6\u5e26\u6765\u5fae\u7b11\n|turn|1\n|\n|t:|1699876402\n|move|p2a: \u7ed9\u4f60\u6211\u4ed6\u5e26\u6765\u5fae\u7b11|Aurora Veil|p2a: \u7ed9\u4f60\u6211\u4ed6\u5e26\u6765\u5fae\u7b11\n|-sidestart|p2: Metal 2552|move: Aurora Veil\n|move|p1a: Rotom|Light Screen|p1a: Rotom\n|-sidestart|p1: D1N0SAUR-K1NG|move: Light Screen\n|\n|-weather|Snow|[upkeep]\n|upkeep\n|turn|2\n|\n|t:|1699876410\n|move|p2a: \u7ed9\u4f60\u6211\u4ed6\u5e26\u6765\u5fae\u7b11|Encore|p1a: Rotom\n|-start|p1a: Rotom|Encore\n|move|p1a: Rotom|Light Screen||[still]\n|-fail|p1a: Rotom\n|\n|-weather|Snow|[upkeep]\n|upkeep\n|turn|3\n|\n|t:|1699876421\n|switch|p2a: \u4e0e\u9ca4\u9c7c\u738b\u540c\u901f|Dragonite, F|100\/100\n|switch|p1a: Hitmontop|Hitmontop, M|100\/100\n|\n|-weather|Snow|[upkeep]\n|upkeep\n|turn|4\n|\n|t:|1699876429\n|move|p1a: Hitmontop|Fake Out|p2a: \u4e0e\u9ca4\u9c7c\u738b\u540c\u901f\n|-damage|p2a: \u4e0e\u9ca4\u9c7c\u738b\u540c\u901f|97\/100\n|cant|p2a: \u4e0e\u9ca4\u9c7c\u738b\u540c\u901f|flinch\n|\n|-weather|Snow|[upkeep]\n|upkeep\n|turn|5\n|\n|t:|1699876440\n|move|p2a: \u4e0e\u9ca4\u9c7c\u738b\u540c\u901f|Curse|p2a: \u4e0e\u9ca4\u9c7c\u738b\u540c\u901f\n|-unboost|p2a: \u4e0e\u9ca4\u9c7c\u738b\u540c\u901f|spe|1\n|-boost|p2a: \u4e0e\u9ca4\u9c7c\u738b\u540c\u901f|atk|1\n|-boost|p2a: \u4e0e\u9ca4\u9c7c\u738b\u540c\u901f|def|1\n|move|p1a: Hitmontop|Triple Axel|p2a: \u4e0e\u9ca4\u9c7c\u738b\u540c\u901f\n|-supereffective|p2a: \u4e0e\u9ca4\u9c7c\u738b\u540c\u901f\n|-damage|p2a: \u4e0e\u9ca4\u9c7c\u738b\u540c\u901f|85\/100\n|-supereffective|p2a: \u4e0e\u9ca4\u9c7c\u738b\u540c\u901f\n|-damage|p2a: \u4e0e\u9ca4\u9c7c\u738b\u540c\u901f|60\/100\n|-supereffective|p2a: \u4e0e\u9ca4\u9c7c\u738b\u540c\u901f\n|-damage|p2a: \u4e0e\u9ca4\u9c7c\u738b\u540c\u901f|26\/100\n|-hitcount|p2a: \u4e0e\u9ca4\u9c7c\u738b\u540c\u901f|3\n|\n|-weather|none\n|upkeep\n|turn|6\n|\n|t:|1699876465\n|-terastallize|p2a: \u4e0e\u9ca4\u9c7c\u738b\u540c\u901f|Normal\n|move|p2a: \u4e0e\u9ca4\u9c7c\u738b\u540c\u901f|Extreme Speed|p1a: Hitmontop\n|-damage|p1a: Hitmontop|14\/100\n|move|p1a: Hitmontop|Triple Axel|p2a: \u4e0e\u9ca4\u9c7c\u738b\u540c\u901f|[miss]\n|-miss|p1a: Hitmontop|p2a: \u4e0e\u9ca4\u9c7c\u738b\u540c\u901f\n|\n|upkeep\n|turn|7\n|\n|t:|1699876480\n|move|p2a: \u4e0e\u9ca4\u9c7c\u738b\u540c\u901f|Extreme Speed|p1a: Hitmontop\n|-damage|p1a: Hitmontop|0 fnt\n|faint|p1a: Hitmontop\n|\n|upkeep\n|\n|t:|1699876488\n|switch|p1a: Rotom|Rotom-Wash|100\/100\n|turn|8\n|\n|t:|1699876495\n|move|p2a: \u4e0e\u9ca4\u9c7c\u738b\u540c\u901f|Extreme Speed|p1a: Rotom\n|-damage|p1a: Rotom|20\/100\n|move|p1a: Rotom|Will-O-Wisp|p2a: \u4e0e\u9ca4\u9c7c\u738b\u540c\u901f\n|-status|p2a: \u4e0e\u9ca4\u9c7c\u738b\u540c\u901f|brn\n|\n|-damage|p2a: \u4e0e\u9ca4\u9c7c\u738b\u540c\u901f|19\/100 brn|[from] brn\n|-sideend|p1: D1N0SAUR-K1NG|move: Light Screen\n|-sideend|p2: Metal 2552|move: Aurora Veil\n|upkeep\n|turn|9\n|\n|t:|1699876506\n|switch|p1a: Garchomp|Garchomp, F|100\/100\n|move|p2a: \u4e0e\u9ca4\u9c7c\u738b\u540c\u901f|Extreme Speed|p1a: Garchomp\n|-damage|p1a: Garchomp|63\/100\n|-damage|p2a: \u4e0e\u9ca4\u9c7c\u738b\u540c\u901f|7\/100 brn|[from] ability: Rough Skin|[of] p1a: Garchomp\n|\n|-damage|p2a: \u4e0e\u9ca4\u9c7c\u738b\u540c\u901f|1\/100 brn|[from] brn\n|upkeep\n|turn|10\n|\n|t:|1699876521\n|detailschange|p1a: Garchomp|Garchomp-Mega, F\n|-mega|p1a: Garchomp|Garchomp|Garchompite\n|move|p2a: \u4e0e\u9ca4\u9c7c\u738b\u540c\u901f|Extreme Speed|p1a: Garchomp\n|-damage|p1a: Garchomp|34\/100\n|move|p1a: Garchomp|Scale Shot|p2a: \u4e0e\u9ca4\u9c7c\u738b\u540c\u901f|[miss]\n|-miss|p1a: Garchomp|p2a: \u4e0e\u9ca4\u9c7c\u738b\u540c\u901f\n|\n|-damage|p2a: \u4e0e\u9ca4\u9c7c\u738b\u540c\u901f|0 fnt|[from] brn\n|faint|p2a: \u4e0e\u9ca4\u9c7c\u738b\u540c\u901f\n|upkeep\n|\n|t:|1699876536\n|switch|p2a: \u51fa\u73b0\u4e86\uff01\u5ca9\u77f3\u7cfb\u6ee1\u547d\u4e2d\u6280\u80fd!|Ogerpon-Cornerstone, F|100\/100\n|turn|11\n|\n|t:|1699876554\n|move|p2a: \u51fa\u73b0\u4e86\uff01\u5ca9\u77f3\u7cfb\u6ee1\u547d\u4e2d\u6280\u80fd!|Horn Leech|p1a: Garchomp\n|-damage|p1a: Garchomp|0 fnt\n|faint|p1a: Garchomp\n|\n|upkeep\n|\n|t:|1699876559\n|switch|p1a: Garganacl|Garganacl, M|100\/100\n|turn|12\n|\n|t:|1699876567\n|move|p2a: \u51fa\u73b0\u4e86\uff01\u5ca9\u77f3\u7cfb\u6ee1\u547d\u4e2d\u6280\u80fd!|Swords Dance|p2a: \u51fa\u73b0\u4e86\uff01\u5ca9\u77f3\u7cfb\u6ee1\u547d\u4e2d\u6280\u80fd!\n|-boost|p2a: \u51fa\u73b0\u4e86\uff01\u5ca9\u77f3\u7cfb\u6ee1\u547d\u4e2d\u6280\u80fd!|atk|2\n|move|p1a: Garganacl|Iron Defense|p1a: Garganacl\n|-boost|p1a: Garganacl|def|2\n|\n|upkeep\n|turn|13\n|\n|t:|1699876577\n|move|p2a: \u51fa\u73b0\u4e86\uff01\u5ca9\u77f3\u7cfb\u6ee1\u547d\u4e2d\u6280\u80fd!|Trailblaze|p1a: Garganacl\n|-supereffective|p1a: Garganacl\n|-damage|p1a: Garganacl|68\/100\n|-boost|p2a: \u51fa\u73b0\u4e86\uff01\u5ca9\u77f3\u7cfb\u6ee1\u547d\u4e2d\u6280\u80fd!|spe|1\n|move|p1a: Garganacl|Iron Defense|p1a: Garganacl\n|-boost|p1a: Garganacl|def|2\n|\n|-heal|p1a: Garganacl|74\/100|[from] item: Leftovers\n|upkeep\n|turn|14\n|\n|t:|1699876591\n|-terastallize|p1a: Garganacl|Ghost\n|move|p2a: \u51fa\u73b0\u4e86\uff01\u5ca9\u77f3\u7cfb\u6ee1\u547d\u4e2d\u6280\u80fd!|Swords Dance|p2a: \u51fa\u73b0\u4e86\uff01\u5ca9\u77f3\u7cfb\u6ee1\u547d\u4e2d\u6280\u80fd!\n|-boost|p2a: \u51fa\u73b0\u4e86\uff01\u5ca9\u77f3\u7cfb\u6ee1\u547d\u4e2d\u6280\u80fd!|atk|2\n|move|p1a: Garganacl|Body Press|p2a: \u51fa\u73b0\u4e86\uff01\u5ca9\u77f3\u7cfb\u6ee1\u547d\u4e2d\u6280\u80fd!\n|-supereffective|p2a: \u51fa\u73b0\u4e86\uff01\u5ca9\u77f3\u7cfb\u6ee1\u547d\u4e2d\u6280\u80fd!\n|-ability|p2a: \u51fa\u73b0\u4e86\uff01\u5ca9\u77f3\u7cfb\u6ee1\u547d\u4e2d\u6280\u80fd!|Sturdy\n|-damage|p2a: \u51fa\u73b0\u4e86\uff01\u5ca9\u77f3\u7cfb\u6ee1\u547d\u4e2d\u6280\u80fd!|1\/100\n|\n|-heal|p1a: Garganacl|80\/100|[from] item: Leftovers\n|upkeep\n|turn|15\n|\n|t:|1699876606\n|move|p2a: \u51fa\u73b0\u4e86\uff01\u5ca9\u77f3\u7cfb\u6ee1\u547d\u4e2d\u6280\u80fd!|Ivy Cudgel|p1a: Garganacl\n|-damage|p1a: Garganacl|51\/100\n|move|p1a: Garganacl|Body Press|p2a: \u51fa\u73b0\u4e86\uff01\u5ca9\u77f3\u7cfb\u6ee1\u547d\u4e2d\u6280\u80fd!\n|-supereffective|p2a: \u51fa\u73b0\u4e86\uff01\u5ca9\u77f3\u7cfb\u6ee1\u547d\u4e2d\u6280\u80fd!\n|-damage|p2a: \u51fa\u73b0\u4e86\uff01\u5ca9\u77f3\u7cfb\u6ee1\u547d\u4e2d\u6280\u80fd!|0 fnt\n|faint|p2a: \u51fa\u73b0\u4e86\uff01\u5ca9\u77f3\u7cfb\u6ee1\u547d\u4e2d\u6280\u80fd!\n|\n|-heal|p1a: Garganacl|57\/100|[from] item: Leftovers\n|upkeep\n|\n|t:|1699876616\n|switch|p2a: \u80fd\u4e0d\u80fd\u4e2d\u7684\u50ac\u7720\u672f|Xurkitree|100\/100\n|turn|16\n|\n|t:|1699876621\n|move|p2a: \u80fd\u4e0d\u80fd\u4e2d\u7684\u50ac\u7720\u672f|Hypnosis|p1a: Garganacl\n|-immune|p1a: Garganacl|[from] ability: Purifying Salt\n|move|p1a: Garganacl|Body Press|p2a: \u80fd\u4e0d\u80fd\u4e2d\u7684\u50ac\u7720\u672f\n|-crit|p2a: \u80fd\u4e0d\u80fd\u4e2d\u7684\u50ac\u7720\u672f\n|-damage|p2a: \u80fd\u4e0d\u80fd\u4e2d\u7684\u50ac\u7720\u672f|0 fnt\n|faint|p2a: \u80fd\u4e0d\u80fd\u4e2d\u7684\u50ac\u7720\u672f\n|\n|-heal|p1a: Garganacl|63\/100|[from] item: Leftovers\n|upkeep\n|c|\u2606D1N0SAUR-K1NG|Oh no\n|\n|t:|1699876632\n|switch|p2a: \u63a5\u7740\u594f\u4e50\u63a5\u7740\u821e|Volcarona, F|100\/100\n|turn|17\n|\n|t:|1699876639\n|move|p2a: \u63a5\u7740\u594f\u4e50\u63a5\u7740\u821e|Quiver Dance|p2a: \u63a5\u7740\u594f\u4e50\u63a5\u7740\u821e\n|-boost|p2a: \u63a5\u7740\u594f\u4e50\u63a5\u7740\u821e|spa|1\n|-boost|p2a: \u63a5\u7740\u594f\u4e50\u63a5\u7740\u821e|spd|1\n|-boost|p2a: \u63a5\u7740\u594f\u4e50\u63a5\u7740\u821e|spe|1\n|move|p1a: Garganacl|Salt Cure|p2a: \u63a5\u7740\u594f\u4e50\u63a5\u7740\u821e\n|-supereffective|p2a: \u63a5\u7740\u594f\u4e50\u63a5\u7740\u821e\n|-damage|p2a: \u63a5\u7740\u594f\u4e50\u63a5\u7740\u821e|27\/100\n|-start|p2a: \u63a5\u7740\u594f\u4e50\u63a5\u7740\u821e|Salt Cure\n|\n|-heal|p1a: Garganacl|70\/100|[from] item: Leftovers\n|-damage|p2a: \u63a5\u7740\u594f\u4e50\u63a5\u7740\u821e|14\/100|[from] Salt Cure\n|upkeep\n|turn|18\n|\n|t:|1699876652\n|move|p2a: \u63a5\u7740\u594f\u4e50\u63a5\u7740\u821e|Fiery Dance|p1a: Garganacl\n|-damage|p1a: Garganacl|15\/100\n|move|p1a: Garganacl|Recover|p1a: Garganacl\n|-heal|p1a: Garganacl|65\/100\n|\n|-heal|p1a: Garganacl|72\/100|[from] item: Leftovers\n|-damage|p2a: \u63a5\u7740\u594f\u4e50\u63a5\u7740\u821e|2\/100|[from] Salt Cure\n|upkeep\n|turn|19\n|-message|Metal 2552 forfeited.\n|\n|win|D1N0SAUR-K1NG\n|raw|D1N0SAUR-K1NG's rating: 1290 &rarr; <strong>1314<\/strong><br \/>(+24 for winning)\n|raw|Metal 2552's rating: 1273 &rarr; <strong>1249<\/strong><br \/>(-24 for losing)\n|l|\u2606Metal 2552\n","uploadtime":1699876666,"views":4,"p1id":"d1n0saurk1ng","p2id":"metal2552","formatid":"gen9nationaldex","rating":1249,"private":0,"password":""}