{"id":"gen9nationaldex-2000338137","p1":"boi in the back","p2":"quiubole cuate","format":"[Gen 9] National Dex","log":"|html|<div class=\"broadcast-blue\"><strong>[Gen 9] National Dex is currently suspecting Sneasler! For information on how to participate check out the <a href=\"https:\/\/www.smogon.com\/forums\/threads\/sv-national-dex-suspect-8-just-dance.3731534\/\">suspect thread<\/a>.<\/strong><\/div>\n|j|\u2606boi in the back\n|j|\u2606quiubole cuate\n|t:|1701186254\n|gametype|singles\n|player|p1|boi in the back|penny|1195\n|player|p2|quiubole cuate|102|1270\n|teamsize|p1|6\n|teamsize|p2|6\n|gen|9\n|tier|[Gen 9] National Dex\n|rated|\n|rule|HP Percentage Mod: HP is shown in percentages\n|rule|Endless Battle Clause: Forcing endless battles is banned\n|rule|OHKO Clause: OHKO moves are banned\n|rule|Evasion Clause: Evasion abilities, items, and moves are banned\n|rule|Evasion Abilities Clause: Evasion abilities are banned\n|rule|Evasion Items Clause: Evasion items are banned\n|rule|Evasion Moves Clause: Evasion moves are banned\n|rule|Species Clause: Limit one of each Pok\u00e9mon\n|rule|Sleep Clause Mod: Limit one foe put to sleep\n|clearpoke\n|poke|p1|Victini|\n|poke|p1|Charizard, M|\n|poke|p1|Tornadus-Therian, M|\n|poke|p1|Sinistcha|\n|poke|p1|Gliscor, F|\n|poke|p1|Toxapex, F|\n|poke|p2|Leafeon, F|\n|poke|p2|Charizard, F|\n|poke|p2|Torkoal, M|\n|poke|p2|Rotom-Wash|\n|poke|p2|Slither Wing|\n|poke|p2|Lilligant, F|\n|teampreview\n|inactive|Battle timer is ON: inactive players will automatically lose when time's up. (requested by boi in the back)\n|inactive|quiubole cuate has 120 seconds left.\n|\n|t:|1701186291\n|start\n|switch|p1a: Victini|Victini|100\/100\n|switch|p2a: Charizard|Charizard, F|100\/100\n|turn|1\n|\n|t:|1701186302\n|detailschange|p2a: Charizard|Charizard-Mega-Y, F\n|-mega|p2a: Charizard|Charizard|Charizardite Y\n|-weather|SunnyDay|[from] ability: Drought|[of] p2a: Charizard\n|-zpower|p1a: Victini\n|move|p1a: Victini|Z-Celebrate|p1a: Victini|[anim]Celebrate\n|-boost|p1a: Victini|atk|1|[zeffect]\n|-boost|p1a: Victini|def|1|[zeffect]\n|-boost|p1a: Victini|spa|1|[zeffect]\n|-boost|p1a: Victini|spd|1|[zeffect]\n|-boost|p1a: Victini|spe|1|[zeffect]\n|-activate|p1a: Victini|move: Celebrate\n|move|p2a: Charizard|Air Slash|p1a: Victini\n|-damage|p1a: Victini|68\/100\n|\n|-weather|SunnyDay|[upkeep]\n|upkeep\n|turn|2\n|\n|t:|1701186314\n|move|p1a: Victini|Thunderbolt|p2a: Charizard\n|-supereffective|p2a: Charizard\n|-damage|p2a: Charizard|17\/100\n|move|p2a: Charizard|Air Slash|p1a: Victini\n|-damage|p1a: Victini|36\/100\n|\n|-weather|SunnyDay|[upkeep]\n|upkeep\n|turn|3\n|\n|t:|1701186320\n|move|p1a: Victini|Searing Shot|p2a: Charizard\n|-resisted|p2a: Charizard\n|-damage|p2a: Charizard|0 fnt\n|faint|p2a: Charizard\n|\n|-weather|SunnyDay|[upkeep]\n|upkeep\n|\n|t:|1701186326\n|switch|p2a: Slither Wing|Slither Wing|100\/100\n|-activate|p2a: Slither Wing|ability: Protosynthesis\n|-start|p2a: Slither Wing|protosynthesisatk\n|turn|4\n|\n|t:|1701186331\n|move|p2a: Slither Wing|First Impression|p1a: Victini\n|-damage|p1a: Victini|0 fnt\n|faint|p1a: Victini\n|\n|-weather|SunnyDay|[upkeep]\n|upkeep\n|\n|t:|1701186336\n|switch|p1a: Gliscor|Gliscor, F|100\/100\n|turn|5\n|\n|t:|1701186341\n|move|p1a: Gliscor|Swords Dance|p1a: Gliscor\n|-boost|p1a: Gliscor|atk|2\n|move|p2a: Slither Wing|Flare Blitz|p1a: Gliscor\n|-damage|p1a: Gliscor|6\/100\n|-status|p1a: Gliscor|brn\n|-damage|p2a: Slither Wing|72\/100|[from] Recoil\n|\n|-weather|none\n|-end|p2a: Slither Wing|Protosynthesis\n|-damage|p1a: Gliscor|0 fnt|[from] brn\n|faint|p1a: Gliscor\n|upkeep\n|\n|t:|1701186348\n|switch|p1a: Sinistcha|Sinistcha|100\/100\n|turn|6\n|\n|t:|1701186354\n|move|p2a: Slither Wing|Flare Blitz|p1a: Sinistcha\n|-supereffective|p1a: Sinistcha\n|-damage|p1a: Sinistcha|55\/100\n|-damage|p2a: Slither Wing|55\/100|[from] Recoil\n|move|p1a: Sinistcha|Strength Sap|p2a: Slither Wing\n|-unboost|p2a: Slither Wing|atk|1\n|-heal|p1a: Sinistcha|100\/100\n|\n|upkeep\n|turn|7\n|\n|t:|1701186377\n|move|p2a: Slither Wing|U-turn|p1a: Sinistcha\n|-damage|p1a: Sinistcha|77\/100\n|\n|t:|1701186381\n|-end|p2a: Slither Wing|Protosynthesis|[silent]\n|switch|p2a: Torkoal|Torkoal, M|100\/100|[from] U-turn\n|-weather|SunnyDay|[from] ability: Drought|[of] p2a: Torkoal\n|move|p1a: Sinistcha|Matcha Gotcha|p2a: Torkoal\n|-resisted|p2a: Torkoal\n|-damage|p2a: Torkoal|76\/100\n|-heal|p1a: Sinistcha|89\/100|[from] drain|[of] p2a: Torkoal\n|\n|-weather|SunnyDay|[upkeep]\n|-heal|p1a: Sinistcha|95\/100|[from] item: Leftovers\n|upkeep\n|turn|8\n|\n|t:|1701186394\n|move|p1a: Sinistcha|Calm Mind|p1a: Sinistcha\n|-boost|p1a: Sinistcha|spa|1\n|-boost|p1a: Sinistcha|spd|1\n|move|p2a: Torkoal|Toxic|p1a: Sinistcha|[miss]\n|-miss|p2a: Torkoal|p1a: Sinistcha\n|\n|-weather|SunnyDay|[upkeep]\n|-heal|p1a: Sinistcha|100\/100|[from] item: Leftovers\n|upkeep\n|turn|9\n|\n|t:|1701186401\n|move|p1a: Sinistcha|Shadow Ball|p2a: Torkoal\n|-damage|p2a: Torkoal|11\/100\n|move|p2a: Torkoal|Toxic|p1a: Sinistcha\n|-status|p1a: Sinistcha|tox\n|\n|-weather|SunnyDay|[upkeep]\n|-damage|p1a: Sinistcha|94\/100 tox|[from] psn\n|upkeep\n|turn|10\n|\n|t:|1701186412\n|switch|p2a: Slither Wing|Slither Wing|55\/100\n|-activate|p2a: Slither Wing|ability: Protosynthesis\n|-start|p2a: Slither Wing|protosynthesisatk\n|move|p1a: Sinistcha|Matcha Gotcha|p2a: Slither Wing\n|-resisted|p2a: Slither Wing\n|-damage|p2a: Slither Wing|25\/100\n|-heal|p1a: Sinistcha|100\/100 tox|[from] drain|[of] p2a: Slither Wing\n|\n|-weather|SunnyDay|[upkeep]\n|-damage|p1a: Sinistcha|88\/100 tox|[from] psn\n|upkeep\n|turn|11\n|\n|t:|1701186426\n|move|p2a: Slither Wing|Flare Blitz|p1a: Sinistcha\n|-supereffective|p1a: Sinistcha\n|-damage|p1a: Sinistcha|0 fnt\n|faint|p1a: Sinistcha\n|-damage|p2a: Slither Wing|0 fnt|[from] Recoil\n|faint|p2a: Slither Wing\n|-end|p2a: Slither Wing|Protosynthesis|[silent]\n|\n|-weather|SunnyDay|[upkeep]\n|upkeep\n|\n|t:|1701186433\n|switch|p2a: Rotom|Rotom-Wash|100\/100\n|switch|p1a: Tornadus|Tornadus-Therian, M|100\/100\n|turn|12\n|\n|t:|1701186458\n|move|p1a: Tornadus|Knock Off|p2a: Rotom\n|-damage|p2a: Rotom|79\/100\n|-enditem|p2a: Rotom|Heavy-Duty Boots|[from] move: Knock Off|[of] p1a: Tornadus\n|move|p2a: Rotom|Volt Switch|p1a: Tornadus\n|-supereffective|p1a: Tornadus\n|-damage|p1a: Tornadus|51\/100\n|\n|t:|1701186466\n|switch|p2a: Leafeon|Leafeon, F|100\/100|[from] Volt Switch\n|\n|-weather|SunnyDay|[upkeep]\n|upkeep\n|turn|13\n|\n|t:|1701186473\n|-terastallize|p2a: Leafeon|Fire\n|move|p2a: Leafeon|Swords Dance|p2a: Leafeon\n|-boost|p2a: Leafeon|atk|2\n|move|p1a: Tornadus|U-turn|p2a: Leafeon\n|-resisted|p2a: Leafeon\n|-crit|p2a: Leafeon\n|-damage|p2a: Leafeon|89\/100\n|\n|t:|1701186478\n|switch|p1a: Toxapex|Toxapex, F|100\/100|[from] U-turn\n|\n|-weather|SunnyDay|[upkeep]\n|upkeep\n|turn|14\n|\n|t:|1701186482\n|move|p2a: Leafeon|Solar Blade||[still]\n|-prepare|p2a: Leafeon|Solar Blade\n|-anim|p2a: Leafeon|Solar Blade|p1a: Toxapex\n|-damage|p1a: Toxapex|23\/100\n|move|p1a: Toxapex|Scald|p2a: Leafeon\n|-supereffective|p2a: Leafeon\n|-damage|p2a: Leafeon|67\/100\n|\n|-weather|none\n|-heal|p1a: Toxapex|29\/100|[from] item: Black Sludge\n|upkeep\n|turn|15\n|\n|t:|1701186495\n|switch|p1a: Charizard|Charizard, M|100\/100\n|move|p2a: Leafeon|Knock Off|p1a: Charizard\n|-damage|p1a: Charizard|45\/100\n|\n|upkeep\n|turn|16\n|\n|t:|1701186501\n|switch|p2a: Torkoal|Torkoal, M|11\/100\n|-weather|SunnyDay|[from] ability: Drought|[of] p2a: Torkoal\n|detailschange|p1a: Charizard|Charizard-Mega-Y, M\n|-mega|p1a: Charizard|Charizard|Charizardite Y\n|move|p1a: Charizard|Weather Ball|p2a: Torkoal\n|-resisted|p2a: Torkoal\n|-damage|p2a: Torkoal|0 fnt\n|faint|p2a: Torkoal\n|\n|-weather|SunnyDay|[upkeep]\n|upkeep\n|\n|t:|1701186515\n|switch|p2a: Leafeon|Leafeon, F, tera:Fire|67\/100\n|turn|17\n|\n|t:|1701186521\n|move|p2a: Leafeon|Swords Dance|p2a: Leafeon\n|-boost|p2a: Leafeon|atk|2\n|move|p1a: Charizard|Roost|p1a: Charizard\n|-heal|p1a: Charizard|95\/100\n|-singleturn|p1a: Charizard|move: Roost\n|\n|-weather|SunnyDay|[upkeep]\n|upkeep\n|turn|18\n|\n|t:|1701186532\n|move|p2a: Leafeon|Tera Blast|p1a: Charizard|[anim] Tera Blast Fire\n|-resisted|p1a: Charizard\n|-damage|p1a: Charizard|24\/100\n|move|p1a: Charizard|Weather Ball|p2a: Leafeon\n|-resisted|p2a: Leafeon\n|-damage|p2a: Leafeon|0 fnt\n|faint|p2a: Leafeon\n|\n|-weather|SunnyDay|[upkeep]\n|upkeep\n|\n|t:|1701186540\n|switch|p2a: Lilligant|Lilligant, F|100\/100\n|turn|19\n|\n|t:|1701186544\n|move|p2a: Lilligant|Weather Ball|p1a: Charizard\n|-resisted|p1a: Charizard\n|-damage|p1a: Charizard|1\/100\n|move|p1a: Charizard|Weather Ball|p2a: Lilligant\n|-supereffective|p2a: Lilligant\n|-damage|p2a: Lilligant|0 fnt\n|faint|p2a: Lilligant\n|\n|-weather|SunnyDay|[upkeep]\n|upkeep\n|-message|quiubole cuate forfeited.\n|\n|win|boi in the back\n|raw|boi in the back's rating: 1195 &rarr; <strong>1225<\/strong><br \/>(+30 for winning)\n|raw|quiubole cuate's rating: 1270 &rarr; <strong>1240<\/strong><br \/>(-30 for losing)\n|l|\u2606quiubole cuate\n","uploadtime":1701186554,"views":3,"p1id":"boiintheback","p2id":"quiubolecuate","formatid":"gen9nationaldex","rating":1225,"private":0,"password":""}