{"id":"gen9nationaldex-1996697129","p1":"xxyyzlu","p2":"fm918918","format":"[Gen 9] National Dex","log":"|html|<div class=\"broadcast-blue\"><strong>[Gen 9] National Dex is currently suspecting Sneasler! For information on how to participate check out the <a href=\"https:\/\/www.smogon.com\/forums\/threads\/sv-national-dex-suspect-8-just-dance.3731534\/\">suspect thread<\/a>.<\/strong><\/div>\n|j|\u2606xxyyzlu\n|j|\u2606fm918918\n|t:|1700711057\n|gametype|singles\n|player|p1|xxyyzlu|bugcatcher-gen4dp|1374\n|player|p2|fm918918|170|1358\n|teamsize|p1|6\n|teamsize|p2|6\n|gen|9\n|tier|[Gen 9] National Dex\n|rated|\n|rule|HP Percentage Mod: HP is shown in percentages\n|rule|Endless Battle Clause: Forcing endless battles is banned\n|rule|OHKO Clause: OHKO moves are banned\n|rule|Evasion Clause: Evasion abilities, items, and moves are banned\n|rule|Evasion Abilities Clause: Evasion abilities are banned\n|rule|Evasion Items Clause: Evasion items are banned\n|rule|Evasion Moves Clause: Evasion moves are banned\n|rule|Species Clause: Limit one of each Pok\u00e9mon\n|rule|Sleep Clause Mod: Limit one foe put to sleep\n|clearpoke\n|poke|p1|Heatran, M|\n|poke|p1|Iron Valiant|\n|poke|p1|Tapu Koko|\n|poke|p1|Iron Treads|\n|poke|p1|Gliscor, M|\n|poke|p1|Venusaur, F|\n|poke|p2|Weezing, M|\n|poke|p2|Empoleon, F|\n|poke|p2|Slowbro-Galar, M|\n|poke|p2|Lopunny, F|\n|poke|p2|Great Tusk|\n|poke|p2|Azelf|\n|teampreview\n|inactive|Battle timer is ON: inactive players will automatically lose when time's up. (requested by fm918918)\n|\n|t:|1700711066\n|start\n|switch|p1a: Tapu Koko|Tapu Koko|100\/100\n|switch|p2a: Weezing|Weezing, M|100\/100\n|-ability|p2a: Weezing|Neutralizing Gas\n|turn|1\n|\n|t:|1700711071\n|-terastallize|p2a: Weezing|Ground\n|move|p1a: Tapu Koko|Volt Switch|p2a: Weezing\n|-immune|p2a: Weezing\n|move|p2a: Weezing|Sludge Wave|p1a: Tapu Koko\n|-supereffective|p1a: Tapu Koko\n|-damage|p1a: Tapu Koko|0 fnt\n|faint|p1a: Tapu Koko\n|\n|upkeep\n|\n|t:|1700711077\n|switch|p1a: Venusaur|Venusaur, F|100\/100\n|turn|2\n|\n|t:|1700711101\n|-end|p2a: Weezing|ability: Neutralizing Gas\n|switch|p2a: Slowbro|Slowbro-Galar, M|100\/100\n|detailschange|p1a: Venusaur|Venusaur-Mega, F\n|-mega|p1a: Venusaur|Venusaur|Venusaurite\n|move|p1a: Venusaur|Leech Seed|p2a: Slowbro\n|-start|p2a: Slowbro|move: Leech Seed\n|\n|-damage|p2a: Slowbro|88\/100|[from] Leech Seed|[of] p1a: Venusaur\n|upkeep\n|turn|3\n|\n|t:|1700711111\n|move|p1a: Venusaur|Earthquake|p2a: Slowbro\n|-supereffective|p2a: Slowbro\n|-damage|p2a: Slowbro|50\/100\n|move|p2a: Slowbro|Calm Mind|p2a: Slowbro\n|-boost|p2a: Slowbro|spa|1\n|-boost|p2a: Slowbro|spd|1\n|\n|-damage|p2a: Slowbro|38\/100|[from] Leech Seed|[of] p1a: Venusaur\n|upkeep\n|turn|4\n|\n|t:|1700711125\n|switch|p1a: Heatran|Heatran, M|100\/100\n|detailschange|p2a: Slowbro|Slowbro-Mega, M\n|-mega|p2a: Slowbro|Slowbro|Slowbronite\n|move|p2a: Slowbro|Slack Off|p2a: Slowbro\n|-heal|p2a: Slowbro|88\/100\n|\n|-damage|p2a: Slowbro|75\/100|[from] Leech Seed|[of] p1a: Heatran\n|upkeep\n|turn|5\n|\n|t:|1700711135\n|move|p1a: Heatran|Magma Storm|p2a: Slowbro\n|-resisted|p2a: Slowbro\n|-damage|p2a: Slowbro|64\/100\n|-activate|p2a: Slowbro|move: Magma Storm|[of] p1a: Heatran\n|move|p2a: Slowbro|Calm Mind|p2a: Slowbro\n|-boost|p2a: Slowbro|spa|1\n|-boost|p2a: Slowbro|spd|1\n|\n|-damage|p2a: Slowbro|52\/100|[from] Leech Seed|[of] p1a: Heatran\n|-damage|p2a: Slowbro|35\/100|[from] move: Magma Storm|[partiallytrapped]\n|upkeep\n|turn|6\n|\n|t:|1700711141\n|move|p1a: Heatran|Taunt|p2a: Slowbro\n|-start|p2a: Slowbro|move: Taunt\n|cant|p2a: Slowbro|move: Taunt|Slack Off\n|\n|-damage|p2a: Slowbro|23\/100|[from] Leech Seed|[of] p1a: Heatran\n|-damage|p2a: Slowbro|6\/100|[from] move: Magma Storm|[partiallytrapped]\n|upkeep\n|turn|7\n|\n|t:|1700711143\n|move|p1a: Heatran|Protect|p1a: Heatran\n|-singleturn|p1a: Heatran|Protect\n|move|p2a: Slowbro|Stored Power|p1a: Heatran\n|-activate|p1a: Heatran|move: Protect\n|\n|-damage|p2a: Slowbro|0 fnt|[from] Leech Seed|[of] p1a: Heatran\n|faint|p2a: Slowbro\n|upkeep\n|\n|t:|1700711149\n|switch|p2a: Great Tusk|Great Tusk|100\/100\n|turn|8\n|\n|t:|1700711157\n|-terastallize|p1a: Heatran|Grass\n|move|p2a: Great Tusk|Rapid Spin|p1a: Heatran\n|-damage|p1a: Heatran|84\/100\n|-boost|p2a: Great Tusk|spe|1\n|move|p1a: Heatran|Magma Storm|p2a: Great Tusk\n|-damage|p2a: Great Tusk|32\/100\n|-activate|p2a: Great Tusk|move: Magma Storm|[of] p1a: Heatran\n|\n|-damage|p2a: Great Tusk|16\/100|[from] move: Magma Storm|[partiallytrapped]\n|upkeep\n|turn|9\n|\n|t:|1700711170\n|move|p1a: Heatran|Protect|p1a: Heatran\n|-singleturn|p1a: Heatran|Protect\n|move|p2a: Great Tusk|Close Combat|p1a: Heatran\n|-activate|p1a: Heatran|move: Protect\n|\n|-damage|p2a: Great Tusk|0 fnt|[from] move: Magma Storm|[partiallytrapped]\n|faint|p2a: Great Tusk\n|-end|p2a: Great Tusk|Protosynthesis|[silent]\n|upkeep\n|\n|t:|1700711178\n|switch|p2a: Weezing|Weezing, M, tera:Ground|100\/100\n|-ability|p2a: Weezing|Neutralizing Gas\n|turn|10\n|\n|t:|1700711188\n|switch|p1a: Iron Treads|Iron Treads|100\/100\n|move|p2a: Weezing|Toxic|p1a: Iron Treads\n|-immune|p1a: Iron Treads\n|\n|upkeep\n|turn|11\n|\n|t:|1700711198\n|move|p1a: Iron Treads|Rapid Spin|p2a: Weezing\n|-damage|p2a: Weezing|81\/100\n|-boost|p1a: Iron Treads|spe|1\n|move|p2a: Weezing|Heat Wave|p1a: Iron Treads\n|-supereffective|p1a: Iron Treads\n|-damage|p1a: Iron Treads|9\/100\n|\n|upkeep\n|turn|12\n|\n|t:|1700711208\n|-zpower|p1a: Iron Treads\n|move|p1a: Iron Treads|Subzero Slammer|p2a: Weezing|[zeffect]\n|-supereffective|p2a: Weezing\n|-damage|p2a: Weezing|0 fnt\n|faint|p2a: Weezing\n|-end|p2a: Weezing|ability: Neutralizing Gas\n|\n|upkeep\n|\n|t:|1700711210\n|switch|p2a: Lopunny|Lopunny, F|100\/100\n|turn|13\n|\n|t:|1700711213\n|move|p2a: Lopunny|Fake Out|p1a: Iron Treads\n|-resisted|p1a: Iron Treads\n|-damage|p1a: Iron Treads|4\/100\n|cant|p1a: Iron Treads|flinch\n|\n|upkeep\n|turn|14\n|\n|t:|1700711216\n|move|p2a: Lopunny|Fake Out||[still]\n|-hint|Fake Out only works on your first turn out.\n|-fail|p2a: Lopunny\n|move|p1a: Iron Treads|Iron Head|p2a: Lopunny\n|-damage|p2a: Lopunny|50\/100\n|\n|upkeep\n|turn|15\n|\n|t:|1700711224\n|move|p1a: Iron Treads|Earthquake|p2a: Lopunny\n|-damage|p2a: Lopunny|0 fnt\n|faint|p2a: Lopunny\n|\n|upkeep\n|\n|t:|1700711226\n|switch|p2a: Azelf|Azelf|100\/100\n|turn|16\n|\n|t:|1700711230\n|move|p1a: Iron Treads|Iron Head|p2a: Azelf\n|-damage|p2a: Azelf|34\/100\n|move|p2a: Azelf|Mystical Power|p1a: Iron Treads\n|-resisted|p1a: Iron Treads\n|-damage|p1a: Iron Treads|0 fnt\n|-boost|p2a: Azelf|spa|1\n|faint|p1a: Iron Treads\n|-end|p1a: Iron Treads|Quark Drive|[silent]\n|\n|upkeep\n|\n|t:|1700711241\n|switch|p1a: Iron Valiant|Iron Valiant|100\/100\n|-enditem|p1a: Iron Valiant|Booster Energy\n|-activate|p1a: Iron Valiant|ability: Quark Drive|[fromitem]\n|-start|p1a: Iron Valiant|quarkdrivespe\n|turn|17\n|\n|t:|1700711248\n|move|p1a: Iron Valiant|Moonblast|p2a: Azelf\n|-damage|p2a: Azelf|0 fnt\n|faint|p2a: Azelf\n|\n|upkeep\n|\n|t:|1700711251\n|switch|p2a: Empoleon|Empoleon, F|100\/100\n|turn|18\n|\n|t:|1700711256\n|move|p1a: Iron Valiant|Close Combat|p2a: Empoleon\n|-supereffective|p2a: Empoleon\n|-damage|p2a: Empoleon|0 fnt\n|-unboost|p1a: Iron Valiant|def|1\n|-unboost|p1a: Iron Valiant|spd|1\n|faint|p2a: Empoleon\n|\n|win|xxyyzlu\n|raw|xxyyzlu's rating: 1374 &rarr; <strong>1393<\/strong><br \/>(+19 for winning)\n|raw|fm918918's rating: 1358 &rarr; <strong>1339<\/strong><br \/>(-19 for losing)\n|l|\u2606fm918918\n","uploadtime":1700711284,"views":15,"p1id":"xxyyzlu","p2id":"fm918918","formatid":"gen9nationaldex","rating":1339,"private":0,"password":""}