{"id":"gen9nationaldex-1991099400","p1":"uwawawawawawawa","p2":"fknfkdhd","format":"[Gen 9] National Dex","log":"|j|\u2606uwawawawawawawa\n|j|\u203dfknfkdhd\n|t:|1700042753\n|gametype|singles\n|player|p1|uwawawawawawawa|hiker-gen4|1247\n|player|p2|fknfkdhd|cynthia|1146\n|teamsize|p1|6\n|teamsize|p2|6\n|gen|9\n|tier|[Gen 9] National Dex\n|rated|\n|rule|HP Percentage Mod: HP is shown in percentages\n|rule|Endless Battle Clause: Forcing endless battles is banned\n|rule|OHKO Clause: OHKO moves are banned\n|rule|Evasion Clause: Evasion abilities, items, and moves are banned\n|rule|Evasion Abilities Clause: Evasion abilities are banned\n|rule|Evasion Items Clause: Evasion items are banned\n|rule|Evasion Moves Clause: Evasion moves are banned\n|rule|Species Clause: Limit one of each Pok\u00e9mon\n|rule|Sleep Clause Mod: Limit one foe put to sleep\n|clearpoke\n|poke|p1|Altaria, M|\n|poke|p1|Ogerpon-Wellspring, F|\n|poke|p1|Zamazenta-*|\n|poke|p1|Xurkitree|\n|poke|p1|Zoroark-Hisui, M|\n|poke|p1|Urshifu-*, M|\n|poke|p2|Spiritomb, F|\n|poke|p2|Roserade, M|\n|poke|p2|Togekiss, F|\n|poke|p2|Lucario, M|\n|poke|p2|Milotic, M|\n|poke|p2|Garchomp, F|\n|teampreview\n|\n|t:|1700042781\n|start\n|switch|p1a: Xurkitree|Xurkitree|100\/100\n|switch|p2a: Togekiss|Togekiss, F|100\/100\n|turn|1\n|\n|t:|1700042791\n|switch|p2a: Garchomp|Garchomp, F|100\/100\n|-zpower|p1a: Xurkitree\n|move|p1a: Xurkitree|Z-Hypnosis|p2a: Garchomp|[anim]Hypnosis|[miss]\n|-boost|p1a: Xurkitree|spe|1|[zeffect]\n|-miss|p1a: Xurkitree|p2a: Garchomp\n|\n|upkeep\n|turn|2\n|\n|t:|1700042799\n|move|p1a: Xurkitree|Energy Ball|p2a: Garchomp\n|-damage|p2a: Garchomp|58\/100\n|move|p2a: Garchomp|Earthquake|p1a: Xurkitree\n|-supereffective|p1a: Xurkitree\n|-crit|p1a: Xurkitree\n|-damage|p1a: Xurkitree|0 fnt\n|faint|p1a: Xurkitree\n|\n|upkeep\n|\n|t:|1700042806\n|switch|p1a: Zamazenta|Zamazenta|100\/100\n|-ability|p1a: Zamazenta|Dauntless Shield|boost\n|-boost|p1a: Zamazenta|def|1\n|turn|3\n|\n|t:|1700042814\n|switch|p2a: Togekiss|Togekiss, F|100\/100\n|move|p1a: Zamazenta|Iron Defense|p1a: Zamazenta\n|-boost|p1a: Zamazenta|def|2\n|\n|upkeep\n|turn|4\n|\n|t:|1700042817\n|move|p1a: Zamazenta|Iron Head|p2a: Togekiss\n|-supereffective|p2a: Togekiss\n|-damage|p2a: Togekiss|57\/100\n|cant|p2a: Togekiss|flinch\n|\n|upkeep\n|turn|5\n|\n|t:|1700042822\n|move|p1a: Zamazenta|Iron Head|p2a: Togekiss\n|-supereffective|p2a: Togekiss\n|-damage|p2a: Togekiss|15\/100\n|move|p2a: Togekiss|Thunder Wave|p1a: Zamazenta\n|-status|p1a: Zamazenta|par\n|\n|upkeep\n|turn|6\n|\n|t:|1700042829\n|move|p1a: Zamazenta|Iron Head|p2a: Togekiss\n|-supereffective|p2a: Togekiss\n|-damage|p2a: Togekiss|0 fnt\n|faint|p2a: Togekiss\n|\n|upkeep\n|\n|t:|1700042840\n|switch|p2a: Roserade|Roserade, M|100\/100\n|turn|7\n|\n|t:|1700042849\n|move|p2a: Roserade|Energy Ball|p1a: Zamazenta\n|-damage|p1a: Zamazenta|43\/100 par\n|-damage|p2a: Roserade|91\/100|[from] item: Life Orb\n|move|p1a: Zamazenta|Iron Defense|p1a: Zamazenta\n|-boost|p1a: Zamazenta|def|2\n|\n|-heal|p1a: Zamazenta|49\/100 par|[from] item: Leftovers\n|upkeep\n|turn|8\n|\n|t:|1700042856\n|move|p2a: Roserade|Energy Ball|p1a: Zamazenta\n|-damage|p1a: Zamazenta|0 fnt\n|faint|p1a: Zamazenta\n|-damage|p2a: Roserade|81\/100|[from] item: Life Orb\n|\n|upkeep\n|\n|t:|1700042860\n|switch|p1a: Altaria|Altaria, M|100\/100\n|-ability|p1a: Altaria|Cloud Nine\n|turn|9\n|\n|t:|1700042863\n|move|p2a: Roserade|Sludge Bomb|p1a: Altaria\n|-damage|p1a: Altaria|32\/100\n|-damage|p2a: Roserade|71\/100|[from] item: Life Orb\n|move|p1a: Altaria|Dragon Dance|p1a: Altaria\n|-boost|p1a: Altaria|atk|1\n|-boost|p1a: Altaria|spe|1\n|\n|upkeep\n|turn|10\n|\n|t:|1700042869\n|move|p1a: Altaria|Dual Wingbeat|p2a: Roserade\n|-supereffective|p2a: Roserade\n|-damage|p2a: Roserade|0 fnt\n|faint|p2a: Roserade\n|-hitcount|p2: Roserade|1\n|\n|upkeep\n|\n|t:|1700042873\n|switch|p2a: Lucario|Lucario, M|100\/100\n|turn|11\n|\n|t:|1700042878\n|move|p2a: Lucario|Bullet Punch|p1a: Altaria\n|-damage|p1a: Altaria|0 fnt\n|faint|p1a: Altaria\n|\n|upkeep\n|\n|t:|1700042883\n|switch|p1a: Urshifu|Urshifu-Rapid-Strike, M|100\/100\n|turn|12\n|\n|t:|1700042887\n|switch|p2a: Milotic|Milotic, M|100\/100\n|move|p1a: Urshifu|Flamethrower|p2a: Milotic\n|-resisted|p2a: Milotic\n|-damage|p2a: Milotic|90\/100\n|\n|-status|p2a: Milotic|brn|[from] item: Flame Orb\n|upkeep\n|turn|13\n|\n|t:|1700042898\n|move|p1a: Urshifu|Hyper Voice|p2a: Milotic\n|-damage|p2a: Milotic|55\/100 brn\n|move|p2a: Milotic|Scald|p1a: Urshifu\n|-damage|p1a: Urshifu|30\/100\n|-status|p1a: Urshifu|brn\n|replace|p1a: Zoroark|Zoroark-Hisui, M\n|-end|p1a: Zoroark|Illusion\n|\n|-heal|p1a: Zoroark|36\/100 brn|[from] item: Leftovers\n|-damage|p1a: Zoroark|30\/100 brn|[from] brn\n|-damage|p2a: Milotic|49\/100 brn|[from] brn\n|upkeep\n|turn|14\n|\n|t:|1700042908\n|switch|p2a: Spiritomb|Spiritomb, F|100\/100\n|-ability|p2a: Spiritomb|Pressure\n|move|p1a: Zoroark|Shadow Ball|p2a: Spiritomb\n|-damage|p2a: Spiritomb|56\/100\n|\n|-heal|p1a: Zoroark|36\/100 brn|[from] item: Leftovers\n|-damage|p1a: Zoroark|30\/100 brn|[from] brn\n|upkeep\n|turn|15\n|\n|t:|1700042917\n|move|p2a: Spiritomb|Sucker Punch|p1a: Zoroark\n|-supereffective|p1a: Zoroark\n|-damage|p1a: Zoroark|0 fnt\n|faint|p1a: Zoroark\n|\n|upkeep\n|\n|t:|1700042921\n|switch|p1a: Urshifu|Urshifu-Rapid-Strike, M|100\/100\n|turn|16\n|\n|t:|1700042925\n|move|p1a: Urshifu|Swords Dance|p1a: Urshifu\n|-boost|p1a: Urshifu|atk|2\n|move|p2a: Spiritomb|Will-O-Wisp|p1a: Urshifu\n|-status|p1a: Urshifu|brn\n|\n|-damage|p1a: Urshifu|94\/100 brn|[from] brn\n|upkeep\n|turn|17\n|\n|t:|1700042928\n|move|p1a: Urshifu|Surging Strikes|p2a: Spiritomb\n|-crit|p2a: Spiritomb\n|-damage|p2a: Spiritomb|35\/100\n|-enditem|p2a: Spiritomb|Sitrus Berry|[eat]\n|-heal|p2a: Spiritomb|60\/100|[from] item: Sitrus Berry\n|-crit|p2a: Spiritomb\n|-damage|p2a: Spiritomb|37\/100\n|-crit|p2a: Spiritomb\n|-damage|p2a: Spiritomb|15\/100\n|-hitcount|p2a: Spiritomb|3\n|move|p2a: Spiritomb|Poltergeist|p1a: Urshifu\n|-activate|p1a: Urshifu|move: Poltergeist|Muscle Band\n|-damage|p1a: Urshifu|46\/100 brn\n|\n|-damage|p1a: Urshifu|40\/100 brn|[from] brn\n|upkeep\n|turn|18\n|\n|t:|1700042944\n|move|p2a: Spiritomb|Sucker Punch||[still]\n|-fail|p2a: Spiritomb\n|move|p1a: Urshifu|Swords Dance|p1a: Urshifu\n|-boost|p1a: Urshifu|atk|2\n|\n|-damage|p1a: Urshifu|34\/100 brn|[from] brn\n|upkeep\n|turn|19\n|\n|t:|1700042951\n|move|p1a: Urshifu|Surging Strikes|p2a: Spiritomb\n|-crit|p2a: Spiritomb\n|-damage|p2a: Spiritomb|0 fnt\n|faint|p2a: Spiritomb\n|-hitcount|p2: Spiritomb|1\n|\n|-damage|p1a: Urshifu|28\/100 brn|[from] brn\n|upkeep\n|\n|t:|1700042954\n|switch|p2a: Lucario|Lucario, M|100\/100\n|turn|20\n|\n|t:|1700042959\n|-terastallize|p2a: Lucario|Normal\n|move|p2a: Lucario|Extreme Speed|p1a: Urshifu\n|-damage|p1a: Urshifu|0 fnt\n|faint|p1a: Urshifu\n|\n|upkeep\n|\n|t:|1700042964\n|switch|p1a: Ogerpon|Ogerpon-Wellspring, F|100\/100\n|turn|21\n|\n|t:|1700042969\n|-terastallize|p1a: Ogerpon|Water\n|detailschange|p1a: Ogerpon|Ogerpon-Wellspring-Tera, F, tera:Water\n|-ability|p1a: Ogerpon|Embody Aspect (Wellspring)|boost\n|-boost|p1a: Ogerpon|spd|1\n|move|p2a: Lucario|Extreme Speed|p1a: Ogerpon\n|-damage|p1a: Ogerpon|25\/100\n|move|p1a: Ogerpon|Ivy Cudgel|p2a: Lucario|[anim] Ivy Cudgel Water\n|-damage|p2a: Lucario|0 fnt\n|faint|p2a: Lucario\n|\n|upkeep\n|\n|t:|1700042978\n|switch|p2a: Garchomp|Garchomp, F|58\/100\n|turn|22\n|\n|t:|1700042982\n|move|p2a: Garchomp|Scale Shot|p1a: Ogerpon\n|-damage|p1a: Ogerpon|7\/100\n|-damage|p1a: Ogerpon|0 fnt\n|faint|p1a: Ogerpon\n|-hitcount|p1: Ogerpon|2\n|\n|win|fknfkdhd\n|raw|uwawawawawawawa's rating: 1247 &rarr; <strong>1215<\/strong><br \/>(-32 for losing)\n|raw|fknfkdhd's rating: 1146 &rarr; <strong>1178<\/strong><br \/>(+32 for winning)\n|l|\u2606uwawawawawawawa\n","uploadtime":1700044849,"views":3,"p1id":"uwawawawawawawa","p2id":"fknfkdhd","formatid":"gen9nationaldex","rating":1178,"private":0,"password":""}