{"id":"gen9nationaldex-1998030372","p1":"syjrt","p2":"RandomStrawberri","format":"[Gen 9] National Dex","log":"|html|<div class=\"broadcast-blue\"><strong>[Gen 9] National Dex is currently suspecting Sneasler! For information on how to participate check out the <a href=\"https:\/\/www.smogon.com\/forums\/threads\/sv-national-dex-suspect-8-just-dance.3731534\/\">suspect thread<\/a>.<\/strong><\/div>\n|j|\u2606syjrt\n|j|\u2606RandomStrawberri\n|t:|1700881150\n|gametype|singles\n|player|p1|syjrt|lady-gen4|1071\n|player|p2|RandomStrawberri|swimmerf|1003\n|teamsize|p1|6\n|teamsize|p2|6\n|gen|9\n|tier|[Gen 9] National Dex\n|rated|\n|rule|HP Percentage Mod: HP is shown in percentages\n|rule|Endless Battle Clause: Forcing endless battles is banned\n|rule|OHKO Clause: OHKO moves are banned\n|rule|Evasion Clause: Evasion abilities, items, and moves are banned\n|rule|Evasion Abilities Clause: Evasion abilities are banned\n|rule|Evasion Items Clause: Evasion items are banned\n|rule|Evasion Moves Clause: Evasion moves are banned\n|rule|Species Clause: Limit one of each Pok\u00e9mon\n|rule|Sleep Clause Mod: Limit one foe put to sleep\n|clearpoke\n|poke|p1|Lopunny, M|\n|poke|p1|Chansey, F|\n|poke|p1|Zoroark-Hisui, M|\n|poke|p1|Hoopa-Unbound|\n|poke|p1|Mew|\n|poke|p1|Hatterene, F|\n|poke|p2|Bastiodon, M|\n|poke|p2|Mew|\n|poke|p2|Garchomp, F|\n|poke|p2|Guzzlord|\n|poke|p2|Appletun, M|\n|poke|p2|Suicune|\n|teampreview\n|\n|t:|1700881178\n|start\n|switch|p1a: Mew|Mew|100\/100\n|switch|p2a: Mew|Mew, shiny|100\/100\n|turn|1\n|\n|t:|1700881186\n|move|p1a: Mew|Toxic Spikes|p2a: Mew\n|-sidestart|p2: RandomStrawberri|move: Toxic Spikes\n|move|p2a: Mew|Toxic Spikes|p1a: Mew\n|-sidestart|p1: syjrt|move: Toxic Spikes\n|\n|upkeep\n|turn|2\n|\n|t:|1700881196\n|move|p1a: Mew|Defog|p2a: Mew\n|-unboost|p2a: Mew|evasion|1\n|-sideend|p2: RandomStrawberri|Toxic Spikes|[from] move: Defog|[of] p1a: Mew\n|-sideend|p1: syjrt|Toxic Spikes|[from] move: Defog|[of] p1a: Mew\n|move|p2a: Mew|Spikes|p1a: Mew\n|-sidestart|p1: syjrt|Spikes\n|\n|upkeep\n|turn|3\n|\n|t:|1700881203\n|switch|p1a: Hoopa|Hoopa-Unbound|100\/100\n|-damage|p1a: Hoopa|88\/100|[from] Spikes\n|move|p2a: Mew|Toxic Spikes|p1a: Hoopa\n|-sidestart|p1: syjrt|move: Toxic Spikes\n|\n|upkeep\n|turn|4\n|\n|t:|1700881208\n|move|p2a: Mew|Protect|p2a: Mew\n|-singleturn|p2a: Mew|Protect\n|move|p1a: Hoopa|Knock Off|p2a: Mew\n|-activate|p2a: Mew|move: Protect\n|\n|upkeep\n|turn|5\n|\n|t:|1700881217\n|move|p1a: Hoopa|Knock Off|p2a: Mew\n|-supereffective|p2a: Mew\n|-damage|p2a: Mew|2\/100\n|-enditem|p2a: Mew|Leftovers|[from] move: Knock Off|[of] p1a: Hoopa\n|move|p2a: Mew|Roar|p1a: Hoopa\n|drag|p1a: Hatterene|Hatterene, F|100\/100\n|-damage|p1a: Hatterene|88\/100|[from] Spikes\n|-status|p1a: Hatterene|psn\n|\n|-heal|p1a: Hatterene|94\/100 psn|[from] item: Leftovers\n|-damage|p1a: Hatterene|82\/100 psn|[from] psn\n|upkeep\n|turn|6\n|\n|t:|1700881225\n|move|p2a: Mew|Protect|p2a: Mew\n|-singleturn|p2a: Mew|Protect\n|move|p1a: Hatterene|Calm Mind|p1a: Hatterene\n|-boost|p1a: Hatterene|spa|1\n|-boost|p1a: Hatterene|spd|1\n|\n|-heal|p1a: Hatterene|88\/100 psn|[from] item: Leftovers\n|-damage|p1a: Hatterene|76\/100 psn|[from] psn\n|upkeep\n|turn|7\n|\n|t:|1700881230\n|move|p2a: Mew|Spikes|p1a: Hatterene\n|move|p1a: Hatterene|Spikes|p2a: Mew|[from]ability: Magic Bounce\n|-sidestart|p2: RandomStrawberri|Spikes\n|move|p1a: Hatterene|Draining Kiss|p2a: Mew\n|-damage|p2a: Mew|0 fnt\n|-heal|p1a: Hatterene|78\/100 psn|[from] drain|[of] p2a: Mew\n|faint|p2a: Mew\n|\n|-heal|p1a: Hatterene|84\/100 psn|[from] item: Leftovers\n|-damage|p1a: Hatterene|71\/100 psn|[from] psn\n|upkeep\n|\n|t:|1700881233\n|switch|p2a: Bastiodon|Bastiodon, M, shiny|100\/100\n|-damage|p2a: Bastiodon|88\/100|[from] Spikes\n|turn|8\n|\n|t:|1700881236\n|move|p1a: Hatterene|Mystical Fire|p2a: Bastiodon\n|-damage|p2a: Bastiodon|60\/100\n|-unboost|p2a: Bastiodon|spa|1\n|move|p2a: Bastiodon|Stealth Rock|p1a: Hatterene\n|move|p1a: Hatterene|Stealth Rock|p2a: Bastiodon|[from]ability: Magic Bounce\n|-sidestart|p2: RandomStrawberri|move: Stealth Rock\n|\n|-heal|p1a: Hatterene|77\/100 psn|[from] item: Leftovers\n|-damage|p1a: Hatterene|65\/100 psn|[from] psn\n|upkeep\n|turn|9\n|\n|t:|1700881241\n|move|p1a: Hatterene|Mystical Fire|p2a: Bastiodon\n|-damage|p2a: Bastiodon|34\/100\n|-unboost|p2a: Bastiodon|spa|1\n|move|p2a: Bastiodon|Roar|p1a: Hatterene\n|move|p1a: Hatterene|Roar|p2a: Bastiodon|[from]ability: Magic Bounce\n|drag|p2a: Appletun|Appletun, M|100\/100\n|-damage|p2a: Appletun|88\/100|[from] Spikes\n|-damage|p2a: Appletun|75\/100|[from] Stealth Rock\n|\n|-heal|p1a: Hatterene|71\/100 psn|[from] item: Leftovers\n|-damage|p1a: Hatterene|59\/100 psn|[from] psn\n|upkeep\n|turn|10\n|\n|t:|1700881248\n|move|p1a: Hatterene|Draining Kiss|p2a: Appletun\n|-supereffective|p2a: Appletun\n|-damage|p2a: Appletun|27\/100\n|-heal|p1a: Hatterene|100\/100 psn|[from] drain|[of] p2a: Appletun\n|move|p2a: Appletun|Leech Seed|p1a: Hatterene\n|move|p1a: Hatterene|Leech Seed|p2a: Appletun|[from]ability: Magic Bounce\n|-immune|p2a: Appletun\n|\n|-damage|p1a: Hatterene|88\/100 psn|[from] psn\n|upkeep\n|turn|11\n|inactive|Battle timer is ON: inactive players will automatically lose when time's up. (requested by syjrt)\n|\n|t:|1700881270\n|move|p2a: Appletun|Protect|p2a: Appletun\n|-singleturn|p2a: Appletun|Protect\n|move|p1a: Hatterene|Calm Mind|p1a: Hatterene\n|-boost|p1a: Hatterene|spa|1\n|-boost|p1a: Hatterene|spd|1\n|\n|-heal|p1a: Hatterene|94\/100 psn|[from] item: Leftovers\n|-damage|p1a: Hatterene|82\/100 psn|[from] psn\n|upkeep\n|turn|12\n|\n|t:|1700881273\n|move|p1a: Hatterene|Draining Kiss|p2a: Appletun\n|-supereffective|p2a: Appletun\n|-damage|p2a: Appletun|0 fnt\n|-heal|p1a: Hatterene|100\/100 psn|[from] drain|[of] p2a: Appletun\n|faint|p2a: Appletun\n|\n|-damage|p1a: Hatterene|88\/100 psn|[from] psn\n|upkeep\n|\n|t:|1700881280\n|switch|p2a: Suicune|Suicune, shiny|100\/100\n|-damage|p2a: Suicune|88\/100|[from] Spikes\n|-damage|p2a: Suicune|76\/100|[from] Stealth Rock\n|-ability|p2a: Suicune|Pressure\n|turn|13\n|\n|t:|1700881287\n|switch|p1a: Mew|Mew|100\/100\n|-damage|p1a: Mew|88\/100|[from] Spikes\n|-status|p1a: Mew|psn\n|move|p2a: Suicune|Extreme Speed|p1a: Mew\n|-damage|p1a: Mew|77\/100 psn\n|-enditem|p1a: Mew|Red Card|[of] p2a: Suicune\n|drag|p2a: Guzzlord|Guzzlord, shiny|100\/100\n|-damage|p2a: Guzzlord|88\/100|[from] Spikes\n|-damage|p2a: Guzzlord|76\/100|[from] Stealth Rock\n|\n|-heal|p2a: Guzzlord|82\/100|[from] item: Leftovers\n|-damage|p1a: Mew|65\/100 psn|[from] psn\n|upkeep\n|turn|14\n|\n|t:|1700881296\n|move|p1a: Mew|Defog|p2a: Guzzlord\n|-unboost|p2a: Guzzlord|evasion|1\n|-sideend|p2: RandomStrawberri|Spikes|[from] move: Defog|[of] p1a: Mew\n|-sideend|p2: RandomStrawberri|Stealth Rock|[from] move: Defog|[of] p1a: Mew\n|-sideend|p1: syjrt|Spikes|[from] move: Defog|[of] p1a: Mew\n|-sideend|p1: syjrt|Toxic Spikes|[from] move: Defog|[of] p1a: Mew\n|move|p2a: Guzzlord|Dragon Tail|p1a: Mew\n|-damage|p1a: Mew|51\/100 psn\n|drag|p1a: Lopunny|Lopunny, M|100\/100\n|\n|-heal|p2a: Guzzlord|88\/100|[from] item: Leftovers\n|upkeep\n|turn|15\n|-message|RandomStrawberri forfeited.\n|\n|win|syjrt\n|raw|syjrt's rating: 1071 &rarr; <strong>1095<\/strong><br \/>(+24 for winning)\n|raw|RandomStrawberri's rating: 1003 &rarr; <strong>1000<\/strong><br \/>(-3 for losing)\n|l|\u2606RandomStrawberri\n","uploadtime":1700881309,"views":2,"p1id":"syjrt","p2id":"randomstrawberri","formatid":"gen9nationaldex","rating":1000,"private":0,"password":""}