{"id":"gen9nationaldex-1999872894","p1":"fatlumpofpoop","p2":"champanthon","format":"[Gen 9] National Dex","log":"|html|<div class=\"broadcast-blue\"><strong>[Gen 9] National Dex is currently suspecting Sneasler! For information on how to participate check out the <a href=\"https:\/\/www.smogon.com\/forums\/threads\/sv-national-dex-suspect-8-just-dance.3731534\/\">suspect thread<\/a>.<\/strong><\/div>\n|j|\u2606fatlumpofpoop\n|j|\u2606champanthon\n|t:|1701124971\n|gametype|singles\n|player|p1|fatlumpofpoop|firebreather|1155\n|player|p2|champanthon|dancer|1146\n|teamsize|p1|6\n|teamsize|p2|6\n|gen|9\n|tier|[Gen 9] National Dex\n|rated|\n|rule|HP Percentage Mod: HP is shown in percentages\n|rule|Endless Battle Clause: Forcing endless battles is banned\n|rule|OHKO Clause: OHKO moves are banned\n|rule|Evasion Clause: Evasion abilities, items, and moves are banned\n|rule|Evasion Abilities Clause: Evasion abilities are banned\n|rule|Evasion Items Clause: Evasion items are banned\n|rule|Evasion Moves Clause: Evasion moves are banned\n|rule|Species Clause: Limit one of each Pok\u00e9mon\n|rule|Sleep Clause Mod: Limit one foe put to sleep\n|clearpoke\n|poke|p1|Scizor, M|\n|poke|p1|Heatran, M|\n|poke|p1|Kartana|\n|poke|p1|Aegislash, F|\n|poke|p1|Corviknight, F|\n|poke|p1|Goodra-Hisui, F|\n|poke|p2|Ursaluna, M|\n|poke|p2|Meowscarada, M|\n|poke|p2|Blissey, F|\n|poke|p2|Scream Tail|\n|poke|p2|Samurott-Hisui, F|\n|poke|p2|Klefki, F|\n|teampreview\n|\n|t:|1701124984\n|start\n|switch|p1a: Excalibur|Aegislash, F|100\/100\n|switch|p2a: Deez|Klefki, F, shiny|100\/100\n|turn|1\n|\n|t:|1701124992\n|move|p2a: Deez|Thunder Wave|p1a: Excalibur\n|-status|p1a: Excalibur|par\n|cant|p1a: Excalibur|par\n|\n|upkeep\n|turn|2\n|\n|t:|1701124998\n|move|p2a: Deez|Reflect|p2a: Deez\n|-sidestart|p2: champanthon|Reflect\n|-formechange|p1a: Excalibur|Aegislash-Blade||[from] ability: Stance Change\n|move|p1a: Excalibur|Shadow Ball|p2a: Deez\n|-damage|p2a: Deez|55\/100\n|\n|upkeep\n|turn|3\n|\n|t:|1701125009\n|switch|p2a: Ur Mom|Blissey, F|100\/100\n|move|p1a: Excalibur|Shadow Ball|p2a: Ur Mom\n|-immune|p2a: Ur Mom\n|\n|upkeep\n|turn|4\n|\n|t:|1701125017\n|move|p2a: Ur Mom|Stealth Rock|p1a: Excalibur\n|-sidestart|p1: fatlumpofpoop|move: Stealth Rock\n|move|p1a: Excalibur|Toxic|p2a: Ur Mom\n|-status|p2a: Ur Mom|tox\n|\n|-damage|p2a: Ur Mom|94\/100 tox|[from] psn\n|upkeep\n|turn|5\n|\n|t:|1701125033\n|-curestatus|p2a: Ur Mom|tox|[from] ability: Natural Cure\n|switch|p2a: Nutz|Ursaluna, M, shiny|100\/100\n|switch|p1a: Rolex|Scizor, M|100\/100\n|-damage|p1a: Rolex|88\/100|[from] Stealth Rock\n|\n|-status|p2a: Nutz|brn|[from] item: Flame Orb\n|upkeep\n|turn|6\n|inactive|Battle timer is ON: inactive players will automatically lose when time's up. (requested by fatlumpofpoop)\n|\n|t:|1701125056\n|detailschange|p1a: Rolex|Scizor-Mega, M\n|-mega|p1a: Rolex|Scizor|Scizorite\n|move|p1a: Rolex|U-turn|p2a: Nutz\n|-damage|p2a: Nutz|89\/100 brn\n|\n|t:|1701125063\n|switch|p1a: Toad|Heatran, M|100\/100|[from] U-turn\n|-damage|p1a: Toad|88\/100|[from] Stealth Rock\n|-item|p1a: Toad|Air Balloon\n|move|p2a: Nutz|Facade|p1a: Toad\n|-resisted|p1a: Toad\n|-damage|p1a: Toad|46\/100\n|-enditem|p1a: Toad|Air Balloon\n|\n|-damage|p2a: Nutz|82\/100 brn|[from] brn\n|upkeep\n|turn|7\n|\n|t:|1701125075\n|-terastallize|p1a: Toad|Grass\n|move|p1a: Toad|Tera Blast|p2a: Nutz|[anim] Tera Blast Grass\n|-supereffective|p2a: Nutz\n|-damage|p2a: Nutz|0 fnt\n|faint|p2a: Nutz\n|\n|upkeep\n|\n|t:|1701125091\n|switch|p2a: Samuraii|Samurott-Hisui, F, shiny|100\/100\n|turn|8\n|\n|t:|1701125102\n|move|p1a: Toad|Tera Blast|p2a: Samuraii|[anim] Tera Blast Grass\n|-supereffective|p2a: Samuraii\n|-damage|p2a: Samuraii|41\/100\n|move|p2a: Samuraii|Avalanche|p1a: Toad\n|-supereffective|p1a: Toad\n|-damage|p1a: Toad|0 fnt\n|faint|p1a: Toad\n|\n|upkeep\n|\n|t:|1701125110\n|switch|p1a: Trifold|Kartana|100\/100\n|-damage|p1a: Trifold|94\/100|[from] Stealth Rock\n|turn|9\n|\n|t:|1701125124\n|switch|p2a: UwU|Scream Tail, shiny|100\/100\n|move|p1a: Trifold|Sacred Sword|p2a: UwU\n|-resisted|p2a: UwU\n|-damage|p2a: UwU|98\/100\n|\n|-heal|p2a: UwU|100\/100|[from] item: Leftovers\n|-sideend|p2: champanthon|Reflect\n|upkeep\n|turn|10\n|\n|t:|1701125136\n|switch|p1a: Excalibur|Aegislash, F|100\/100 par\n|-damage|p1a: Excalibur|94\/100 par|[from] Stealth Rock\n|move|p2a: UwU|Wish|p2a: UwU\n|\n|-heal|p1a: Excalibur|100\/100 par|[from] item: Leftovers\n|upkeep\n|turn|11\n|\n|t:|1701125152\n|-end|p2a: UwU|Protosynthesis|[silent]\n|switch|p2a: Samuraii|Samurott-Hisui, F, shiny|41\/100\n|move|p1a: Excalibur|Toxic|p2a: Samuraii\n|-status|p2a: Samuraii|tox\n|\n|-heal|p2a: Samuraii|100\/100 tox|[from] move: Wish|[wisher] UwU\n|-damage|p2a: Samuraii|94\/100 tox|[from] psn\n|upkeep\n|turn|12\n|\n|t:|1701125163\n|switch|p2a: Ur Mom|Blissey, F|94\/100\n|cant|p1a: Excalibur|par\n|\n|-heal|p2a: Ur Mom|100\/100|[from] item: Leftovers\n|upkeep\n|turn|13\n|\n|t:|1701125173\n|switch|p1a: Trifold|Kartana|94\/100\n|-damage|p1a: Trifold|88\/100|[from] Stealth Rock\n|move|p2a: Ur Mom|Shadow Ball|p1a: Trifold\n|-damage|p1a: Trifold|37\/100\n|\n|upkeep\n|turn|14\n|\n|t:|1701125183\n|switch|p2a: UwU|Scream Tail, shiny|100\/100\n|move|p1a: Trifold|Knock Off|p2a: UwU\n|-damage|p2a: UwU|76\/100\n|-enditem|p2a: UwU|Leftovers|[from] move: Knock Off|[of] p1a: Trifold\n|\n|upkeep\n|turn|15\n|\n|t:|1701125198\n|switch|p1a: Xerxes|Corviknight, F|100\/100\n|-damage|p1a: Xerxes|88\/100|[from] Stealth Rock\n|move|p2a: UwU|Play Rough|p1a: Xerxes\n|-resisted|p1a: Xerxes\n|-damage|p1a: Xerxes|82\/100\n|-damage|p2a: UwU|59\/100|[from] item: Rocky Helmet|[of] p1a: Xerxes\n|\n|upkeep\n|turn|16\n|\n|t:|1701125226\n|-end|p2a: UwU|Protosynthesis|[silent]\n|switch|p2a: Samuraii|Samurott-Hisui, F, shiny|94\/100 tox\n|move|p1a: Xerxes|Defog|p2a: Samuraii\n|-unboost|p2a: Samuraii|evasion|1\n|-sideend|p1: fatlumpofpoop|Stealth Rock|[from] move: Defog|[of] p1a: Xerxes\n|\n|-damage|p2a: Samuraii|88\/100 tox|[from] psn\n|upkeep\n|turn|17\n|\n|t:|1701125234\n|move|p1a: Xerxes|U-turn|p2a: Samuraii\n|-supereffective|p2a: Samuraii\n|-damage|p2a: Samuraii|57\/100 tox\n|\n|t:|1701125241\n|switch|p1a: Rolex|Scizor-Mega, M|88\/100|[from] U-turn\n|move|p2a: Samuraii|Avalanche|p1a: Rolex\n|-resisted|p1a: Rolex\n|-damage|p1a: Rolex|82\/100\n|\n|-damage|p2a: Samuraii|45\/100 tox|[from] psn\n|upkeep\n|turn|18\n|\n|t:|1701125253\n|switch|p2a: UwU|Scream Tail, shiny|59\/100\n|move|p1a: Rolex|Swords Dance|p1a: Rolex\n|-boost|p1a: Rolex|atk|2\n|\n|upkeep\n|turn|19\n|inactive|champanthon has 120 seconds left.\n|inactive|champanthon has 90 seconds left.\n|\n|t:|1701125318\n|move|p1a: Rolex|Bullet Punch|p2a: UwU\n|-supereffective|p2a: UwU\n|-damage|p2a: UwU|0 fnt\n|faint|p2a: UwU\n|-end|p2a: UwU|Protosynthesis|[silent]\n|\n|upkeep\n|\n|t:|1701125325\n|switch|p2a: Deez|Klefki, F, shiny|55\/100\n|turn|20\n|\n|t:|1701125329\n|move|p1a: Rolex|Bullet Punch|p2a: Deez\n|-damage|p2a: Deez|0 fnt\n|faint|p2a: Deez\n|\n|upkeep\n|\n|t:|1701125337\n|switch|p2a: Dama|Meowscarada, M, shiny|100\/100\n|turn|21\n|inactive|champanthon has 90 seconds left.\n|\n|t:|1701125358\n|move|p1a: Rolex|Bullet Punch|p2a: Dama\n|-damage|p2a: Dama|7\/100\n|move|p2a: Dama|Shadow Claw|p1a: Rolex\n|-start|p2a: Dama|typechange|Ghost|[from] ability: Protean\n|-crit|p1a: Rolex\n|-damage|p1a: Rolex|54\/100\n|\n|upkeep\n|turn|22\n|inactive|champanthon has 90 seconds left.\n|\n|t:|1701125368\n|move|p1a: Rolex|Bullet Punch|p2a: Dama\n|-damage|p2a: Dama|0 fnt\n|faint|p2a: Dama\n|\n|upkeep\n|\n|t:|1701125372\n|switch|p2a: Samuraii|Samurott-Hisui, F, shiny|45\/100 tox\n|turn|23\n|\n|t:|1701125378\n|move|p2a: Samuraii|Aqua Jet|p1a: Rolex\n|-damage|p1a: Rolex|41\/100\n|move|p1a: Rolex|Bullet Punch|p2a: Samuraii\n|-resisted|p2a: Samuraii\n|-damage|p2a: Samuraii|2\/100 tox\n|\n|-damage|p2a: Samuraii|0 fnt|[from] psn\n|faint|p2a: Samuraii\n|upkeep\n|\n|t:|1701125385\n|switch|p2a: Ur Mom|Blissey, F|100\/100\n|turn|24\n|\n|t:|1701125390\n|move|p1a: Rolex|Bullet Punch|p2a: Ur Mom\n|-damage|p2a: Ur Mom|0 fnt\n|faint|p2a: Ur Mom\n|\n|win|fatlumpofpoop\n|raw|fatlumpofpoop's rating: 1155 &rarr; <strong>1179<\/strong><br \/>(+24 for winning)\n|raw|champanthon's rating: 1146 &rarr; <strong>1122<\/strong><br \/>(-24 for losing)\n|l|\u2606champanthon\n","uploadtime":1701125396,"views":4,"p1id":"fatlumpofpoop","p2id":"champanthon","formatid":"gen9nationaldex","rating":1122,"private":0,"password":""}