{"id":"gen9nationaldex-1998529430","p1":"Oumo","p2":"Bigembo","format":"[Gen 9] National Dex","log":"|html|<div class=\"broadcast-blue\"><strong>[Gen 9] National Dex is currently suspecting Sneasler! For information on how to participate check out the <a href=\"https:\/\/www.smogon.com\/forums\/threads\/sv-national-dex-suspect-8-just-dance.3731534\/\">suspect thread<\/a>.<\/strong><\/div>\n|j|\u2606Oumo\n|j|\u2606Bigembo\n|t:|1700952723\n|gametype|singles\n|player|p1|Oumo|n|1127\n|player|p2|Bigembo|102|1074\n|teamsize|p1|6\n|teamsize|p2|6\n|gen|9\n|tier|[Gen 9] National Dex\n|rated|\n|rule|HP Percentage Mod: HP is shown in percentages\n|rule|Endless Battle Clause: Forcing endless battles is banned\n|rule|OHKO Clause: OHKO moves are banned\n|rule|Evasion Clause: Evasion abilities, items, and moves are banned\n|rule|Evasion Abilities Clause: Evasion abilities are banned\n|rule|Evasion Items Clause: Evasion items are banned\n|rule|Evasion Moves Clause: Evasion moves are banned\n|rule|Species Clause: Limit one of each Pok\u00e9mon\n|rule|Sleep Clause Mod: Limit one foe put to sleep\n|clearpoke\n|poke|p1|Corviknight, F|\n|poke|p1|Zoroark, F|\n|poke|p1|Thundurus-Therian, M|\n|poke|p1|Scolipede, F|\n|poke|p1|Orbeetle, F|\n|poke|p1|Cinccino, M|\n|poke|p2|Ribombee, F|\n|poke|p2|Chandelure, F|\n|poke|p2|Feraligatr, M|\n|poke|p2|Shaymin|\n|poke|p2|Chansey, F|\n|poke|p2|Gliscor, M|\n|teampreview\n|c|\u2606Oumo|gl hf\n|inactive|Battle timer is ON: inactive players will automatically lose when time's up. (requested by Oumo)\n|\n|t:|1700952737\n|start\n|switch|p1a: Hivemind|Orbeetle, F|100\/100\n|switch|p2a: Ribombee|Ribombee, F|100\/100\n|-item|p2a: Ribombee|Focus Sash|[from] ability: Frisk|[of] p1a: Hivemind|[identify]\n|turn|1\n|\n|t:|1700952752\n|move|p1a: Hivemind|Magic Coat|p1a: Hivemind\n|-singleturn|p1a: Hivemind|move: Magic Coat\n|move|p2a: Ribombee|Moonblast|p1a: Hivemind\n|-damage|p1a: Hivemind|67\/100\n|\n|upkeep\n|turn|2\n|\n|t:|1700952756\n|move|p2a: Ribombee|Moonblast|p1a: Hivemind\n|-damage|p1a: Hivemind|29\/100\n|move|p1a: Hivemind|Light Screen|p1a: Hivemind\n|-sidestart|p1: Oumo|move: Light Screen\n|\n|upkeep\n|turn|3\n|\n|t:|1700952762\n|move|p2a: Ribombee|Defog|p1a: Hivemind\n|-unboost|p1a: Hivemind|evasion|1\n|-sideend|p1: Oumo|move: Light Screen\n|move|p1a: Hivemind|Sticky Web|p2a: Ribombee\n|-sidestart|p2: Bigembo|move: Sticky Web\n|\n|upkeep\n|turn|4\n|\n|t:|1700952771\n|switch|p1a: Jeopardy|Corviknight, F, shiny|100\/100\n|move|p2a: Ribombee|Moonblast|p1a: Jeopardy\n|-resisted|p1a: Jeopardy\n|-damage|p1a: Jeopardy|86\/100\n|\n|upkeep\n|turn|5\n|\n|t:|1700952778\n|move|p2a: Ribombee|Defog|p1a: Jeopardy\n|-ability|p1a: Jeopardy|Mirror Armor\n|-unboost|p2a: Ribombee|evasion|1\n|-sideend|p2: Bigembo|Sticky Web|[from] move: Defog|[of] p2a: Ribombee\n|move|p1a: Jeopardy|Bulk Up|p1a: Jeopardy\n|-boost|p1a: Jeopardy|atk|1\n|-boost|p1a: Jeopardy|def|1\n|\n|upkeep\n|turn|6\n|\n|t:|1700952793\n|move|p2a: Ribombee|Sticky Web|p1a: Jeopardy\n|-sidestart|p1: Oumo|move: Sticky Web\n|move|p1a: Jeopardy|Bulk Up|p1a: Jeopardy\n|-boost|p1a: Jeopardy|atk|1\n|-boost|p1a: Jeopardy|def|1\n|\n|upkeep\n|turn|7\n|\n|t:|1700952804\n|switch|p2a: Chandelure|Chandelure, F|100\/100\n|move|p1a: Jeopardy|Bulk Up|p1a: Jeopardy\n|-boost|p1a: Jeopardy|atk|1\n|-boost|p1a: Jeopardy|def|1\n|\n|upkeep\n|turn|8\n|\n|t:|1700952810\n|move|p2a: Chandelure|Flamethrower|p1a: Jeopardy\n|-supereffective|p1a: Jeopardy\n|-damage|p1a: Jeopardy|16\/100\n|-enditem|p1a: Jeopardy|Weakness Policy\n|-boost|p1a: Jeopardy|atk|2|[from] item: Weakness Policy\n|-boost|p1a: Jeopardy|spa|2|[from] item: Weakness Policy\n|move|p1a: Jeopardy|Roost|p1a: Jeopardy\n|-heal|p1a: Jeopardy|66\/100\n|-singleturn|p1a: Jeopardy|move: Roost\n|\n|upkeep\n|turn|9\n|\n|t:|1700952818\n|move|p2a: Chandelure|Flamethrower|p1a: Jeopardy\n|-supereffective|p1a: Jeopardy\n|-damage|p1a: Jeopardy|0 fnt\n|faint|p1a: Jeopardy\n|\n|upkeep\n|c|\u2606Oumo|did i misclick\n|c|\u2606Oumo|fuck\n|c|\u2606Oumo|was supposed to tera\n|l|\u2606Bigembo\n|inactive|Bigembo disconnected and has a minute to reconnect!\n|player|p2|\n|inactive|Oumo has 120 seconds left.\n|\n|t:|1700952854\n|switch|p1a: Hivemind|Orbeetle, F|29\/100\n|-activate|p1a: Hivemind|move: Sticky Web\n|-unboost|p1a: Hivemind|spe|1\n|-item|p2a: Chandelure|Heavy-Duty Boots|[from] ability: Frisk|[of] p1a: Hivemind|[identify]\n|turn|10\n|inactive|Oumo has 120 seconds left.\n|j|\u2606Bigembo\n|inactive|Bigembo reconnected and has 140 seconds left.\n|player|p2|Bigembo|102\n|\n|t:|1700952871\n|move|p2a: Chandelure|Flamethrower|p1a: Hivemind\n|-supereffective|p1a: Hivemind\n|-damage|p1a: Hivemind|0 fnt\n|faint|p1a: Hivemind\n|\n|upkeep\n|\n|t:|1700952878\n|switch|p1a: Truth|Scolipede, F|100\/100\n|-activate|p1a: Truth|move: Sticky Web\n|-unboost|p1a: Truth|spe|1\n|turn|11\n|\n|t:|1700952881\n|move|p2a: Chandelure|Calm Mind|p2a: Chandelure\n|-boost|p2a: Chandelure|spa|1\n|-boost|p2a: Chandelure|spd|1\n|move|p1a: Truth|Swords Dance|p1a: Truth\n|-boost|p1a: Truth|atk|2\n|\n|upkeep\n|turn|12\n|\n|t:|1700952886\n|move|p2a: Chandelure|Flamethrower|p1a: Truth\n|-enditem|p1a: Truth|Focus Sash\n|-damage|p1a: Truth|1\/100\n|replace|p1a: Moon|Zoroark, F\n|-end|p1a: Moon|Illusion\n|move|p1a: Moon|Swords Dance|p1a: Moon\n|-boost|p1a: Moon|atk|2\n|\n|upkeep\n|turn|13\n|\n|t:|1700952892\n|move|p1a: Moon|Sucker Punch|p2a: Chandelure\n|-supereffective|p2a: Chandelure\n|-damage|p2a: Chandelure|0 fnt\n|faint|p2a: Chandelure\n|\n|upkeep\n|\n|t:|1700952896\n|switch|p2a: Ribombee|Ribombee, F|100\/100\n|turn|14\n|\n|t:|1700952903\n|move|p1a: Moon|Sucker Punch|p2a: Ribombee\n|-resisted|p2a: Ribombee\n|-damage|p2a: Ribombee|3\/100\n|move|p2a: Ribombee|Moonblast|p1a: Moon\n|-supereffective|p1a: Moon\n|-damage|p1a: Moon|0 fnt\n|faint|p1a: Moon\n|\n|upkeep\n|\n|t:|1700952914\n|switch|p1a: Thundurus|Thundurus-Therian, M|100\/100\n|turn|15\n|\n|t:|1700952917\n|move|p2a: Ribombee|Moonblast|p1a: Thundurus\n|-damage|p1a: Thundurus|46\/100\n|-unboost|p1a: Thundurus|spa|1\n|move|p1a: Thundurus|Nasty Plot|p1a: Thundurus\n|-boost|p1a: Thundurus|spa|2\n|\n|upkeep\n|turn|16\n|\n|t:|1700952930\n|move|p2a: Ribombee|Moonblast|p1a: Thundurus\n|-damage|p1a: Thundurus|0 fnt\n|faint|p1a: Thundurus\n|\n|upkeep\n|\n|t:|1700952934\n|switch|p1a: Truth|Scolipede, F|100\/100\n|-activate|p1a: Truth|move: Sticky Web\n|-unboost|p1a: Truth|spe|1\n|turn|17\n|\n|t:|1700952936\n|move|p2a: Ribombee|Psychic|p1a: Truth\n|-supereffective|p1a: Truth\n|-damage|p1a: Truth|19\/100\n|move|p1a: Truth|Swords Dance|p1a: Truth\n|-boost|p1a: Truth|atk|2\n|\n|-ability|p1a: Truth|Speed Boost|boost\n|-boost|p1a: Truth|spe|1\n|upkeep\n|turn|18\n|\n|t:|1700952942\n|move|p2a: Ribombee|Psychic|p1a: Truth\n|-supereffective|p1a: Truth\n|-damage|p1a: Truth|0 fnt\n|faint|p1a: Truth\n|\n|upkeep\n|\n|t:|1700952944\n|switch|p1a: Cinccino|Cinccino, M|100\/100\n|-activate|p1a: Cinccino|move: Sticky Web\n|-unboost|p1a: Cinccino|spe|1\n|turn|19\n|\n|t:|1700952947\n|move|p2a: Ribombee|Moonblast|p1a: Cinccino\n|-damage|p1a: Cinccino|30\/100\n|-unboost|p1a: Cinccino|spa|1\n|move|p1a: Cinccino|Triple Axel|p2a: Ribombee\n|-damage|p2a: Ribombee|0 fnt\n|faint|p2a: Ribombee\n|-hitcount|p2: Ribombee|1\n|-damage|p1a: Cinccino|20\/100|[from] item: Life Orb\n|\n|upkeep\n|\n|t:|1700952952\n|switch|p2a: Feraligatr|Feraligatr, M|100\/100\n|turn|20\n|\n|t:|1700952955\n|move|p2a: Feraligatr|Liquidation|p1a: Cinccino\n|-damage|p1a: Cinccino|0 fnt\n|faint|p1a: Cinccino\n|\n|win|Bigembo\n|raw|Oumo's rating: 1127 &rarr; <strong>1098<\/strong><br \/>(-29 for losing)\n|raw|Bigembo's rating: 1074 &rarr; <strong>1107<\/strong><br \/>(+33 for winning)\n|c|\u2606Oumo|gg\n","uploadtime":1700952957,"views":3,"p1id":"oumo","p2id":"bigembo","formatid":"gen9nationaldex","rating":1098,"private":0,"password":""}