{"id":"gen9nationaldex-1997935638","p1":"pickldickl","p2":"coolwolfanimal","format":"[Gen 9] National Dex","log":"|html|<div class=\"broadcast-blue\"><strong>[Gen 9] National Dex is currently suspecting Sneasler! For information on how to participate check out the <a href=\"https:\/\/www.smogon.com\/forums\/threads\/sv-national-dex-suspect-8-just-dance.3731534\/\">suspect thread<\/a>.<\/strong><\/div>\n|j|\u2606pickldickl\n|j|\u2606coolwolfanimal\n|t:|1700869390\n|gametype|singles\n|player|p1|pickldickl|wallace|1077\n|player|p2|coolwolfanimal|scientist|1171\n|teamsize|p1|6\n|teamsize|p2|6\n|gen|9\n|tier|[Gen 9] National Dex\n|rated|\n|rule|HP Percentage Mod: HP is shown in percentages\n|rule|Endless Battle Clause: Forcing endless battles is banned\n|rule|OHKO Clause: OHKO moves are banned\n|rule|Evasion Clause: Evasion abilities, items, and moves are banned\n|rule|Evasion Abilities Clause: Evasion abilities are banned\n|rule|Evasion Items Clause: Evasion items are banned\n|rule|Evasion Moves Clause: Evasion moves are banned\n|rule|Species Clause: Limit one of each Pok\u00e9mon\n|rule|Sleep Clause Mod: Limit one foe put to sleep\n|clearpoke\n|poke|p1|Wailord, M|\n|poke|p1|Tentacruel, M|\n|poke|p1|Ludicolo, M|\n|poke|p1|Whiscash, M|\n|poke|p1|Gyarados, M|\n|poke|p1|Milotic, F|\n|poke|p2|Scream Tail|\n|poke|p2|Lickilicky, M|\n|poke|p2|Palossand, M|\n|poke|p2|Pawmot, M|\n|poke|p2|Oricorio-Pom-Pom, M|\n|poke|p2|Cacturne, F|\n|teampreview\n|\n|t:|1700869399\n|start\n|switch|p1a: Richard|Wailord, M|100\/100\n|switch|p2a: Lickilicky|Lickilicky, M|100\/100\n|-ability|p1a: Richard|Pressure\n|turn|1\n|\n|t:|1700869405\n|move|p1a: Richard|Aqua Ring|p1a: Richard\n|-start|p1a: Richard|Aqua Ring\n|move|p2a: Lickilicky|Explosion|p1a: Richard\n|-damage|p1a: Richard|17\/100\n|faint|p2a: Lickilicky\n|\n|-heal|p1a: Richard|24\/100|[from] item: Leftovers\n|-heal|p1a: Richard|30\/100|[from] Aqua Ring\n|upkeep\n|\n|t:|1700869409\n|switch|p2a: Cacturne|Cacturne, F, shiny|100\/100\n|turn|2\n|\n|t:|1700869415\n|move|p1a: Richard|Protect|p1a: Richard\n|-singleturn|p1a: Richard|Protect\n|move|p2a: Cacturne|Encore|p1a: Richard\n|-activate|p1a: Richard|move: Protect\n|\n|-heal|p1a: Richard|36\/100|[from] item: Leftovers\n|-heal|p1a: Richard|42\/100|[from] Aqua Ring\n|upkeep\n|turn|3\n|\n|t:|1700869423\n|move|p2a: Cacturne|Swords Dance|p2a: Cacturne\n|-boost|p2a: Cacturne|atk|2\n|move|p1a: Richard|Substitute|p1a: Richard\n|-start|p1a: Richard|Substitute\n|-damage|p1a: Richard|17\/100\n|\n|-heal|p1a: Richard|23\/100|[from] item: Leftovers\n|-heal|p1a: Richard|29\/100|[from] Aqua Ring\n|upkeep\n|turn|4\n|\n|t:|1700869431\n|move|p2a: Cacturne|Encore|p1a: Richard\n|-start|p1a: Richard|Encore\n|move|p1a: Richard|Substitute|p1a: Richard\n|-fail|p1a: Richard|move: Substitute\n|\n|-heal|p1a: Richard|35\/100|[from] item: Leftovers\n|-heal|p1a: Richard|41\/100|[from] Aqua Ring\n|upkeep\n|turn|5\n|\n|t:|1700869447\n|move|p2a: Cacturne|Swords Dance|p2a: Cacturne\n|-boost|p2a: Cacturne|atk|2\n|move|p1a: Richard|Substitute|p1a: Richard\n|-fail|p1a: Richard|move: Substitute\n|\n|-heal|p1a: Richard|47\/100|[from] item: Leftovers\n|-heal|p1a: Richard|53\/100|[from] Aqua Ring\n|upkeep\n|turn|6\n|\n|t:|1700869460\n|move|p2a: Cacturne|Drain Punch|p1a: Richard\n|-end|p1a: Richard|Substitute\n|move|p1a: Richard|Substitute|p1a: Richard\n|-start|p1a: Richard|Substitute\n|-damage|p1a: Richard|28\/100\n|\n|-heal|p1a: Richard|35\/100|[from] item: Leftovers\n|-heal|p1a: Richard|41\/100|[from] Aqua Ring\n|-end|p1a: Richard|Encore\n|upkeep\n|turn|7\n|\n|t:|1700869470\n|move|p1a: Richard|Protect|p1a: Richard\n|-singleturn|p1a: Richard|Protect\n|move|p2a: Cacturne|Encore|p1a: Richard\n|-activate|p1a: Richard|move: Protect\n|\n|-heal|p1a: Richard|47\/100|[from] item: Leftovers\n|-heal|p1a: Richard|53\/100|[from] Aqua Ring\n|upkeep\n|turn|8\n|\n|t:|1700869478\n|switch|p2a: Scream Tail|Scream Tail|100\/100\n|move|p1a: Richard|Protect||[still]\n|-fail|p1a: Richard\n|\n|-heal|p1a: Richard|59\/100|[from] item: Leftovers\n|-heal|p1a: Richard|65\/100|[from] Aqua Ring\n|upkeep\n|turn|9\n|\n|t:|1700869485\n|move|p2a: Scream Tail|Encore|p1a: Richard\n|-start|p1a: Richard|Encore\n|move|p1a: Richard|Protect||[still]\n|-fail|p1a: Richard\n|\n|-heal|p1a: Richard|71\/100|[from] item: Leftovers\n|-heal|p1a: Richard|77\/100|[from] Aqua Ring\n|upkeep\n|turn|10\n|\n|t:|1700869492\n|move|p1a: Richard|Protect|p1a: Richard\n|-singleturn|p1a: Richard|Protect\n|move|p2a: Scream Tail|Disable|p1a: Richard\n|-activate|p1a: Richard|move: Protect\n|\n|-heal|p1a: Richard|83\/100|[from] item: Leftovers\n|-heal|p1a: Richard|89\/100|[from] Aqua Ring\n|upkeep\n|turn|11\n|\n|t:|1700869500\n|move|p1a: Richard|Protect||[still]\n|-fail|p1a: Richard\n|move|p2a: Scream Tail|Disable|p1a: Richard\n|-start|p1a: Richard|Disable|Protect\n|\n|-heal|p1a: Richard|95\/100|[from] item: Leftovers\n|-heal|p1a: Richard|100\/100|[from] Aqua Ring\n|-end|p1a: Richard|Encore\n|upkeep\n|turn|12\n|\n|t:|1700869508\n|move|p2a: Scream Tail|Encore|p1a: Richard\n|-start|p1a: Richard|Encore\n|cant|p1a: Richard|Disable|Protect\n|\n|upkeep\n|turn|13\n|\n|t:|1700869518\n|switch|p1a: Plubio|Ludicolo, M|100\/100\n|move|p2a: Scream Tail|Stealth Rock|p1a: Plubio\n|-sidestart|p1: pickldickl|move: Stealth Rock\n|\n|upkeep\n|turn|14\n|\n|t:|1700869529\n|-end|p2a: Scream Tail|Protosynthesis|[silent]\n|switch|p2a: Cacturne|Cacturne, F, shiny|100\/100\n|move|p1a: Plubio|Rain Dance|p1a: Plubio\n|-weather|RainDance\n|\n|-weather|RainDance|[upkeep]\n|upkeep\n|turn|15\n|\n|t:|1700869535\n|move|p1a: Plubio|Protect|p1a: Plubio\n|-singleturn|p1a: Plubio|Protect\n|move|p2a: Cacturne|Swords Dance|p2a: Cacturne\n|-boost|p2a: Cacturne|atk|2\n|\n|-weather|RainDance|[upkeep]\n|upkeep\n|turn|16\n|\n|t:|1700869548\n|switch|p1a: Phillip|Whiscash, M|100\/100\n|-damage|p1a: Phillip|94\/100|[from] Stealth Rock\n|-terastallize|p2a: Cacturne|Dark\n|move|p2a: Cacturne|Sucker Punch||[still]\n|-fail|p2a: Cacturne\n|\n|-weather|RainDance|[upkeep]\n|upkeep\n|turn|17\n|\n|t:|1700869556\n|move|p2a: Cacturne|Swords Dance|p2a: Cacturne\n|-boost|p2a: Cacturne|atk|2\n|move|p1a: Phillip|Attract|p2a: Cacturne\n|-start|p2a: Cacturne|Attract\n|\n|-weather|RainDance|[upkeep]\n|upkeep\n|turn|18\n|\n|t:|1700869565\n|-activate|p2a: Cacturne|move: Attract|[of] p1a: Phillip\n|move|p2a: Cacturne|Drain Punch|p1a: Phillip\n|-damage|p1a: Phillip|13\/100\n|-damage|p2a: Cacturne|84\/100|[from] item: Rocky Helmet|[of] p1a: Phillip\n|move|p1a: Phillip|Body Slam|p2a: Cacturne\n|-damage|p2a: Cacturne|41\/100\n|-status|p2a: Cacturne|par\n|\n|-weather|none\n|upkeep\n|turn|19\n|-message|coolwolfanimal forfeited.\n|\n|win|pickldickl\n|raw|pickldickl's rating: 1077 &rarr; <strong>1113<\/strong><br \/>(+36 for winning)\n|raw|coolwolfanimal's rating: 1171 &rarr; <strong>1139<\/strong><br \/>(-32 for losing)\n|l|\u2606coolwolfanimal\n","uploadtime":1700869578,"views":3,"p1id":"pickldickl","p2id":"coolwolfanimal","formatid":"gen9nationaldex","rating":1113,"private":0,"password":""}