{"id":"gen9nationaldex-1992436204","p1":"Katze Aran","p2":"thagreatbuffalo","format":"[Gen 9] National Dex","log":"|j|\u2606Katze Aran\n|j|\u2606thagreatbuffalo\n|t:|1700187361\n|gametype|singles\n|player|p1|Katze Aran|102|1560\n|player|p2|thagreatbuffalo|cynthia-anime|1544\n|teamsize|p1|6\n|teamsize|p2|6\n|gen|9\n|tier|[Gen 9] National Dex\n|rated|\n|rule|HP Percentage Mod: HP is shown in percentages\n|rule|Endless Battle Clause: Forcing endless battles is banned\n|rule|OHKO Clause: OHKO moves are banned\n|rule|Evasion Clause: Evasion abilities, items, and moves are banned\n|rule|Evasion Abilities Clause: Evasion abilities are banned\n|rule|Evasion Items Clause: Evasion items are banned\n|rule|Evasion Moves Clause: Evasion moves are banned\n|rule|Species Clause: Limit one of each Pok\u00e9mon\n|rule|Sleep Clause Mod: Limit one foe put to sleep\n|clearpoke\n|poke|p1|Meowscarada, M|\n|poke|p1|Gallade, M|\n|poke|p1|Glaceon, F|\n|poke|p1|Volcarona, M|\n|poke|p1|Ceruledge, M|\n|poke|p1|Dragonite, M|\n|poke|p2|Okidogi, M|\n|poke|p2|Urshifu-*, M|\n|poke|p2|Tapu Bulu|\n|poke|p2|Sneasler, M|\n|poke|p2|Houndoom, F|\n|poke|p2|Dondozo, F|\n|teampreview\n|\n|t:|1700187381\n|start\n|switch|p1a: Dragonite|Dragonite, M|100\/100\n|switch|p2a: Envy|Okidogi, M|100\/100\n|turn|1\n|\n|t:|1700187389\n|move|p1a: Dragonite|Thunder Wave|p2a: Envy\n|-status|p2a: Envy|par\n|move|p2a: Envy|Ice Punch|p1a: Dragonite\n|-supereffective|p1a: Dragonite\n|-damage|p1a: Dragonite|58\/100\n|\n|upkeep\n|turn|2\n|\n|t:|1700187398\n|move|p1a: Dragonite|Roost|p1a: Dragonite\n|-heal|p1a: Dragonite|100\/100\n|-singleturn|p1a: Dragonite|move: Roost\n|move|p2a: Envy|Ice Punch|p1a: Dragonite\n|-supereffective|p1a: Dragonite\n|-damage|p1a: Dragonite|81\/100\n|\n|upkeep\n|turn|3\n|\n|t:|1700187406\n|-terastallize|p1a: Dragonite|Poison\n|move|p1a: Dragonite|Roost|p1a: Dragonite\n|-heal|p1a: Dragonite|100\/100\n|move|p2a: Envy|Ice Punch|p1a: Dragonite\n|-damage|p1a: Dragonite|91\/100\n|\n|upkeep\n|turn|4\n|\n|t:|1700187416\n|move|p1a: Dragonite|Earthquake|p2a: Envy\n|-supereffective|p2a: Envy\n|-damage|p2a: Envy|58\/100 par\n|move|p2a: Envy|Crunch|p1a: Dragonite\n|-damage|p1a: Dragonite|71\/100\n|\n|upkeep\n|turn|5\n|\n|t:|1700187424\n|switch|p2a: Gluttony|Dondozo, F|100\/100\n|move|p1a: Dragonite|Roost|p1a: Dragonite\n|-heal|p1a: Dragonite|100\/100\n|\n|upkeep\n|turn|6\n|\n|t:|1700187428\n|move|p1a: Dragonite|Thunder Wave|p2a: Gluttony\n|-status|p2a: Gluttony|par\n|move|p2a: Gluttony|Curse|p2a: Gluttony\n|-unboost|p2a: Gluttony|spe|1\n|-boost|p2a: Gluttony|atk|1\n|-boost|p2a: Gluttony|def|1\n|\n|upkeep\n|turn|7\n|\n|t:|1700187434\n|switch|p1a: Glaceon|Glaceon, F|100\/100\n|cant|p2a: Gluttony|par\n|\n|upkeep\n|turn|8\n|\n|t:|1700187442\n|switch|p2a: Houndoom|Houndoom, F|100\/100\n|move|p1a: Glaceon|Tera Blast|p2a: Houndoom\n|-damage|p2a: Houndoom|48\/100\n|\n|upkeep\n|turn|9\n|\n|t:|1700187454\n|detailschange|p2a: Houndoom|Houndoom-Mega, F\n|-mega|p2a: Houndoom|Houndoom|Houndoominite\n|move|p2a: Houndoom|Dark Pulse|p1a: Glaceon\n|-damage|p1a: Glaceon|58\/100\n|move|p1a: Glaceon|Tera Blast|p2a: Houndoom\n|-damage|p2a: Houndoom|1\/100\n|\n|upkeep\n|turn|10\n|\n|t:|1700187461\n|move|p2a: Houndoom|Fire Blast|p1a: Glaceon\n|-supereffective|p1a: Glaceon\n|-damage|p1a: Glaceon|0 fnt\n|faint|p1a: Glaceon\n|\n|upkeep\n|\n|t:|1700187483\n|switch|p1a: Ceruledge|Ceruledge, M|100\/100\n|turn|11\n|\n|t:|1700187488\n|move|p1a: Ceruledge|Shadow Sneak|p2a: Houndoom\n|-resisted|p2a: Houndoom\n|-damage|p2a: Houndoom|0 fnt\n|faint|p2a: Houndoom\n|\n|upkeep\n|\n|t:|1700187489\n|switch|p2a: Envy|Okidogi, M|58\/100 par\n|turn|12\n|\n|t:|1700187497\n|move|p1a: Ceruledge|Bulk Up|p1a: Ceruledge\n|-boost|p1a: Ceruledge|atk|1\n|-boost|p1a: Ceruledge|def|1\n|cant|p2a: Envy|par\n|\n|upkeep\n|turn|13\n|\n|t:|1700187501\n|move|p1a: Ceruledge|Bitter Blade|p2a: Envy\n|-damage|p2a: Envy|16\/100 par\n|move|p2a: Envy|Crunch|p1a: Ceruledge\n|-supereffective|p1a: Ceruledge\n|-damage|p1a: Ceruledge|52\/100\n|\n|upkeep\n|turn|14\n|\n|t:|1700187506\n|move|p1a: Ceruledge|Bitter Blade|p2a: Envy\n|-damage|p2a: Envy|0 fnt\n|-heal|p1a: Ceruledge|60\/100|[from] drain|[of] p2a: Envy\n|faint|p2a: Envy\n|\n|upkeep\n|\n|t:|1700187509\n|switch|p2a: Gluttony|Dondozo, F|100\/100 par\n|turn|15\n|\n|t:|1700187515\n|switch|p1a: Meowscarada|Meowscarada, M|100\/100\n|move|p2a: Gluttony|Wave Crash|p1a: Meowscarada\n|-resisted|p1a: Meowscarada\n|-damage|p1a: Meowscarada|53\/100\n|-damage|p2a: Gluttony|91\/100 par|[from] Recoil\n|\n|upkeep\n|turn|16\n|\n|t:|1700187522\n|switch|p2a: Pride|Tapu Bulu, shiny|100\/100\n|-fieldstart|move: Grassy Terrain|[from] ability: Grassy Surge|[of] p2a: Pride\n|move|p1a: Meowscarada|Knock Off|p2a: Pride\n|-start|p1a: Meowscarada|typechange|Dark|[from] ability: Protean\n|-resisted|p2a: Pride\n|-damage|p2a: Pride|80\/100\n|-enditem|p2a: Pride|Covert Cloak|[from] move: Knock Off|[of] p1a: Meowscarada\n|\n|-heal|p1a: Meowscarada|60\/100|[from] Grassy Terrain\n|-heal|p2a: Pride|86\/100|[from] Grassy Terrain\n|upkeep\n|turn|17\n|\n|t:|1700187530\n|switch|p1a: Ceruledge|Ceruledge, M|60\/100\n|move|p2a: Pride|Horn Leech|p1a: Ceruledge\n|-resisted|p1a: Ceruledge\n|-damage|p1a: Ceruledge|29\/100\n|-heal|p2a: Pride|100\/100|[from] drain|[of] p1a: Ceruledge\n|\n|-heal|p1a: Ceruledge|36\/100|[from] Grassy Terrain\n|upkeep\n|turn|18\n|\n|t:|1700187537\n|switch|p2a: Gluttony|Dondozo, F|91\/100 par\n|move|p1a: Ceruledge|Bitter Blade|p2a: Gluttony\n|-resisted|p2a: Gluttony\n|-damage|p2a: Gluttony|79\/100 par\n|-heal|p1a: Ceruledge|44\/100|[from] drain|[of] p2a: Gluttony\n|\n|-heal|p1a: Ceruledge|50\/100|[from] Grassy Terrain\n|-heal|p2a: Gluttony|86\/100 par|[from] Grassy Terrain\n|upkeep\n|turn|19\n|\n|t:|1700187548\n|switch|p1a: Volcarona|Volcarona, M|100\/100\n|cant|p2a: Gluttony|par\n|\n|-heal|p2a: Gluttony|92\/100 par|[from] Grassy Terrain\n|upkeep\n|turn|20\n|\n|t:|1700187553\n|move|p1a: Volcarona|Giga Drain|p2a: Gluttony\n|-supereffective|p2a: Gluttony\n|-damage|p2a: Gluttony|39\/100 par\n|move|p2a: Gluttony|Wave Crash|p1a: Volcarona\n|-supereffective|p1a: Volcarona\n|-damage|p1a: Volcarona|3\/100\n|-damage|p2a: Gluttony|16\/100 par|[from] Recoil\n|\n|-heal|p1a: Volcarona|10\/100|[from] Grassy Terrain\n|-heal|p2a: Gluttony|22\/100 par|[from] Grassy Terrain\n|-fieldend|move: Grassy Terrain\n|upkeep\n|turn|21\n|\n|t:|1700187564\n|move|p1a: Volcarona|Fiery Dance|p2a: Gluttony\n|-resisted|p2a: Gluttony\n|-damage|p2a: Gluttony|6\/100 par\n|-boost|p1a: Volcarona|spa|1\n|move|p2a: Gluttony|Wave Crash|p1a: Volcarona\n|-supereffective|p1a: Volcarona\n|-damage|p1a: Volcarona|0 fnt\n|faint|p1a: Volcarona\n|-damage|p2a: Gluttony|4\/100 par|[from] Recoil\n|\n|upkeep\n|\n|t:|1700187573\n|switch|p1a: Dragonite|Dragonite, M, tera:Poison|100\/100\n|turn|22\n|\n|t:|1700187576\n|move|p1a: Dragonite|Earthquake|p2a: Gluttony\n|-crit|p2a: Gluttony\n|-damage|p2a: Gluttony|0 fnt\n|faint|p2a: Gluttony\n|\n|upkeep\n|\n|t:|1700187579\n|switch|p2a: Pride|Tapu Bulu, shiny|100\/100\n|-fieldstart|move: Grassy Terrain|[from] ability: Grassy Surge|[of] p2a: Pride\n|turn|23\n|\n|t:|1700187583\n|move|p1a: Dragonite|Thunder Wave|p2a: Pride\n|-status|p2a: Pride|par\n|move|p2a: Pride|Swords Dance|p2a: Pride\n|-boost|p2a: Pride|atk|2\n|\n|upkeep\n|turn|24\n|\n|t:|1700187594\n|move|p1a: Dragonite|Ice Beam|p2a: Pride\n|-supereffective|p2a: Pride\n|-damage|p2a: Pride|53\/100 par\n|move|p2a: Pride|Stone Edge|p1a: Dragonite\n|-damage|p1a: Dragonite|73\/100\n|\n|-heal|p1a: Dragonite|79\/100|[from] Grassy Terrain\n|-heal|p2a: Pride|59\/100 par|[from] Grassy Terrain\n|upkeep\n|turn|25\n|\n|t:|1700187604\n|move|p1a: Dragonite|Roost|p1a: Dragonite\n|-heal|p1a: Dragonite|100\/100\n|move|p2a: Pride|Stone Edge|p1a: Dragonite\n|-crit|p1a: Dragonite\n|-damage|p1a: Dragonite|61\/100\n|\n|-heal|p1a: Dragonite|67\/100|[from] Grassy Terrain\n|-heal|p2a: Pride|66\/100 par|[from] Grassy Terrain\n|upkeep\n|turn|26\n|\n|t:|1700187610\n|switch|p2a: Wrath|Urshifu-Rapid-Strike, M|100\/100\n|move|p1a: Dragonite|Roost|p1a: Dragonite\n|-heal|p1a: Dragonite|100\/100\n|\n|upkeep\n|turn|27\n|\n|t:|1700187615\n|-terastallize|p2a: Wrath|Water\n|move|p2a: Wrath|Surging Strikes|p1a: Dragonite\n|-crit|p1a: Dragonite\n|-damage|p1a: Dragonite|90\/100\n|-crit|p1a: Dragonite\n|-damage|p1a: Dragonite|71\/100\n|-crit|p1a: Dragonite\n|-damage|p1a: Dragonite|50\/100\n|-hitcount|p1a: Dragonite|3\n|move|p1a: Dragonite|Thunder Wave|p2a: Wrath\n|-status|p2a: Wrath|par\n|\n|-heal|p1a: Dragonite|56\/100|[from] Grassy Terrain\n|-fieldend|move: Grassy Terrain\n|upkeep\n|turn|28\n|\n|t:|1700187621\n|cant|p2a: Wrath|par\n|move|p1a: Dragonite|Roost|p1a: Dragonite\n|-heal|p1a: Dragonite|100\/100\n|\n|upkeep\n|turn|29\n|c|\u2606thagreatbuffalo|bro\n|\n|t:|1700187628\n|switch|p1a: Ceruledge|Ceruledge, M|50\/100\n|cant|p2a: Wrath|par\n|\n|upkeep\n|turn|30\n|c|\u2606thagreatbuffalo|HOLY SHIT\n|\n|t:|1700187636\n|move|p2a: Wrath|Surging Strikes|p1a: Ceruledge\n|-supereffective|p1a: Ceruledge\n|-crit|p1a: Ceruledge\n|-damage|p1a: Ceruledge|0 fnt\n|faint|p1a: Ceruledge\n|-hitcount|p1: Ceruledge|1\n|\n|upkeep\n|c|\u2606thagreatbuffalo|im pissed rn\n|c|\u2606thagreatbuffalo|like actually LMAO\n|\n|t:|1700187644\n|switch|p1a: Meowscarada|Meowscarada, M|60\/100\n|turn|31\n|\n|t:|1700187651\n|switch|p2a: Pride|Tapu Bulu, shiny|66\/100 par\n|-fieldstart|move: Grassy Terrain|[from] ability: Grassy Surge|[of] p2a: Pride\n|move|p1a: Meowscarada|Knock Off|p2a: Pride\n|-start|p1a: Meowscarada|typechange|Dark|[from] ability: Protean\n|-resisted|p2a: Pride\n|-damage|p2a: Pride|52\/100 par\n|\n|-heal|p1a: Meowscarada|66\/100|[from] Grassy Terrain\n|-heal|p2a: Pride|58\/100 par|[from] Grassy Terrain\n|upkeep\n|turn|32\n|\n|t:|1700187656\n|switch|p1a: Gallade|Gallade, M|100\/100\n|move|p2a: Pride|Horn Leech|p1a: Gallade\n|-damage|p1a: Gallade|17\/100\n|-heal|p2a: Pride|92\/100 par|[from] drain|[of] p1a: Gallade\n|\n|-heal|p1a: Gallade|23\/100|[from] Grassy Terrain\n|-heal|p2a: Pride|98\/100 par|[from] Grassy Terrain\n|upkeep\n|turn|33\n|\n|t:|1700187664\n|detailschange|p1a: Gallade|Gallade-Mega, M\n|-mega|p1a: Gallade|Gallade|Galladite\n|move|p1a: Gallade|Rock Slide|p2a: Pride\n|-damage|p2a: Pride|73\/100 par\n|move|p2a: Pride|Horn Leech|p1a: Gallade\n|-damage|p1a: Gallade|0 fnt\n|-heal|p2a: Pride|82\/100 par|[from] drain|[of] p1a: Gallade\n|faint|p1a: Gallade\n|\n|-heal|p2a: Pride|89\/100 par|[from] Grassy Terrain\n|upkeep\n|\n|t:|1700187668\n|switch|p1a: Meowscarada|Meowscarada, M|66\/100\n|turn|34\n|\n|t:|1700187672\n|move|p1a: Meowscarada|Play Rough|p2a: Pride\n|-start|p1a: Meowscarada|typechange|Fairy|[from] ability: Protean\n|-damage|p2a: Pride|52\/100 par\n|move|p2a: Pride|Horn Leech|p1a: Meowscarada\n|-damage|p1a: Meowscarada|0 fnt\n|-heal|p2a: Pride|80\/100 par|[from] drain|[of] p1a: Meowscarada\n|faint|p1a: Meowscarada\n|\n|-heal|p2a: Pride|86\/100 par|[from] Grassy Terrain\n|upkeep\n|\n|t:|1700187680\n|switch|p1a: Dragonite|Dragonite, M, tera:Poison|100\/100\n|turn|35\n|\n|t:|1700187685\n|move|p1a: Dragonite|Ice Beam|p2a: Pride\n|-supereffective|p2a: Pride\n|-damage|p2a: Pride|43\/100 par\n|move|p2a: Pride|Stone Edge|p1a: Dragonite\n|-damage|p1a: Dragonite|88\/100\n|\n|-heal|p1a: Dragonite|94\/100|[from] Grassy Terrain\n|-heal|p2a: Pride|49\/100 par|[from] Grassy Terrain\n|-fieldend|move: Grassy Terrain\n|upkeep\n|turn|36\n|\n|t:|1700187692\n|move|p1a: Dragonite|Ice Beam|p2a: Pride\n|-supereffective|p2a: Pride\n|-crit|p2a: Pride\n|-damage|p2a: Pride|0 fnt\n|faint|p2a: Pride\n|\n|upkeep\n|\n|t:|1700187694\n|switch|p2a: Wrath|Urshifu-Rapid-Strike, M, tera:Water|100\/100 par\n|turn|37\n|\n|t:|1700187698\n|move|p2a: Wrath|Surging Strikes|p1a: Dragonite\n|-crit|p1a: Dragonite\n|-damage|p1a: Dragonite|73\/100\n|-crit|p1a: Dragonite\n|-damage|p1a: Dragonite|54\/100\n|-crit|p1a: Dragonite\n|-damage|p1a: Dragonite|35\/100\n|-hitcount|p1a: Dragonite|3\n|move|p1a: Dragonite|Roost|p1a: Dragonite\n|-heal|p1a: Dragonite|85\/100\n|\n|upkeep\n|turn|38\n|\n|t:|1700187705\n|move|p2a: Wrath|Surging Strikes|p1a: Dragonite\n|-crit|p1a: Dragonite\n|-damage|p1a: Dragonite|67\/100\n|-crit|p1a: Dragonite\n|-damage|p1a: Dragonite|47\/100\n|-crit|p1a: Dragonite\n|-damage|p1a: Dragonite|28\/100\n|-hitcount|p1a: Dragonite|3\n|move|p1a: Dragonite|Earthquake|p2a: Wrath\n|-damage|p2a: Wrath|75\/100 par\n|\n|upkeep\n|turn|39\n|\n|t:|1700187711\n|move|p2a: Wrath|Surging Strikes|p1a: Dragonite\n|-crit|p1a: Dragonite\n|-damage|p1a: Dragonite|7\/100\n|-crit|p1a: Dragonite\n|-damage|p1a: Dragonite|0 fnt\n|faint|p1a: Dragonite\n|-hitcount|p1: Dragonite|2\n|\n|win|thagreatbuffalo\n|raw|Katze Aran's rating: 1560 &rarr; <strong>1539<\/strong><br \/>(-21 for losing)\n|raw|thagreatbuffalo's rating: 1544 &rarr; <strong>1565<\/strong><br \/>(+21 for winning)\n","uploadtime":1700187716,"views":4,"p1id":"katzearan","p2id":"thagreatbuffalo","formatid":"gen9nationaldex","rating":1539,"private":0,"password":""}