{"id":"gen9nationaldex-1991752991","p1":"as cheu","p2":"jiangzhejiang","format":"[Gen 9] National Dex","log":"|j|\u2606as cheu\n|j|\u2606jiangzhejiang\n|t:|1700111302\n|gametype|singles\n|player|p1|as cheu|101|1565\n|player|p2|jiangzhejiang|rosa-masters2|1583\n|teamsize|p1|6\n|teamsize|p2|6\n|gen|9\n|tier|[Gen 9] National Dex\n|rated|\n|rule|HP Percentage Mod: HP is shown in percentages\n|rule|Endless Battle Clause: Forcing endless battles is banned\n|rule|OHKO Clause: OHKO moves are banned\n|rule|Evasion Clause: Evasion abilities, items, and moves are banned\n|rule|Evasion Abilities Clause: Evasion abilities are banned\n|rule|Evasion Items Clause: Evasion items are banned\n|rule|Evasion Moves Clause: Evasion moves are banned\n|rule|Species Clause: Limit one of each Pok\u00e9mon\n|rule|Sleep Clause Mod: Limit one foe put to sleep\n|clearpoke\n|poke|p1|Steelix, M|\n|poke|p1|Hatterene, F|\n|poke|p1|Greninja-*, M|\n|poke|p1|Medicham, F|\n|poke|p1|Marowak-Alola, M|\n|poke|p1|Salamence, M|\n|poke|p2|Urshifu-*, F|\n|poke|p2|Rillaboom, F|\n|poke|p2|Moltres|\n|poke|p2|Sneasler, M|\n|poke|p2|Banette, M|\n|poke|p2|Kommo-o, F|\n|teampreview\n|inactive|Battle timer is ON: inactive players will automatically lose when time's up. (requested by jiangzhejiang)\n|\n|t:|1700111320\n|start\n|switch|p1a: Greninja|Greninja, M|100\/100\n|switch|p2a: Urshifu|Urshifu-Rapid-Strike, F|100\/100\n|turn|1\n|\n|t:|1700111332\n|move|p1a: Greninja|Grass Knot|p2a: Urshifu\n|-start|p1a: Greninja|typechange|Grass|[from] ability: Protean\n|-supereffective|p2a: Urshifu\n|-damage|p2a: Urshifu|0 fnt\n|faint|p2a: Urshifu\n|\n|upkeep\n|\n|t:|1700111349\n|switch|p2a: Kommo-o|Kommo-o, F|100\/100\n|turn|2\n|\n|t:|1700111359\n|switch|p1a: Hatterene|Hatterene, F|100\/100\n|switch|p2a: Banette|Banette, M|100\/100\n|\n|upkeep\n|turn|3\n|\n|t:|1700111369\n|switch|p1a: Steelix|Steelix, M|100\/100\n|detailschange|p2a: Banette|Banette-Mega, M\n|-mega|p2a: Banette|Banette|Banettite\n|move|p2a: Banette|Poltergeist|p1a: Steelix\n|-activate|p1a: Steelix|move: Poltergeist|Rocky Helmet\n|-damage|p1a: Steelix|62\/100\n|\n|upkeep\n|turn|4\n|\n|t:|1700111385\n|switch|p2a: Moltres|Moltres|100\/100\n|move|p1a: Steelix|Dragon Tail|p2a: Moltres\n|-damage|p2a: Moltres|92\/100\n|drag|p2a: Rillaboom|Rillaboom, F|100\/100\n|-fieldstart|move: Grassy Terrain|[from] ability: Grassy Surge|[of] p2a: Rillaboom\n|\n|-heal|p1a: Steelix|68\/100|[from] Grassy Terrain\n|upkeep\n|turn|5\n|inactive|jiangzhejiang has 120 seconds left.\n|\n|t:|1700111403\n|move|p2a: Rillaboom|High Horsepower|p1a: Steelix\n|-supereffective|p1a: Steelix\n|-damage|p1a: Steelix|11\/100\n|-damage|p2a: Rillaboom|84\/100|[from] item: Rocky Helmet|[of] p1a: Steelix\n|move|p1a: Steelix|Stealth Rock|p2a: Rillaboom\n|-sidestart|p2: jiangzhejiang|move: Stealth Rock\n|\n|-heal|p2a: Rillaboom|90\/100|[from] Grassy Terrain\n|-heal|p1a: Steelix|17\/100|[from] Grassy Terrain\n|upkeep\n|turn|6\n|inactive|jiangzhejiang has 120 seconds left.\n|\n|t:|1700111415\n|switch|p1a: Salamence|Salamence, M|100\/100\n|-ability|p1a: Salamence|Intimidate|boost\n|-unboost|p2a: Rillaboom|atk|1\n|move|p2a: Rillaboom|High Horsepower|p1a: Salamence\n|-immune|p1a: Salamence\n|\n|-heal|p2a: Rillaboom|96\/100|[from] Grassy Terrain\n|upkeep\n|turn|7\n|inactive|jiangzhejiang has 120 seconds left.\n|\n|t:|1700111438\n|switch|p2a: Banette|Banette-Mega, M|100\/100\n|-damage|p2a: Banette|88\/100|[from] Stealth Rock\n|move|p1a: Salamence|Draco Meteor|p2a: Banette\n|-damage|p2a: Banette|14\/100\n|-unboost|p1a: Salamence|spa|2\n|\n|-heal|p2a: Banette|20\/100|[from] Grassy Terrain\n|upkeep\n|turn|8\n|\n|t:|1700111460\n|move|p2a: Banette|Destiny Bond|p2a: Banette\n|-singlemove|p2a: Banette|Destiny Bond\n|move|p1a: Salamence|Flamethrower|p2a: Banette\n|-damage|p2a: Banette|3\/100\n|\n|-heal|p2a: Banette|9\/100|[from] Grassy Terrain\n|-fieldend|move: Grassy Terrain\n|upkeep\n|turn|9\n|\n|t:|1700111473\n|move|p1a: Salamence|Flamethrower|p2a: Banette\n|-damage|p2a: Banette|0 fnt\n|faint|p2a: Banette\n|-activate|p2a: Banette|move: Destiny Bond\n|faint|p1a: Salamence\n|\n|upkeep\n|\n|t:|1700111483\n|switch|p1a: Hatterene|Hatterene, F|100\/100\n|switch|p2a: Rillaboom|Rillaboom, F|96\/100\n|-damage|p2a: Rillaboom|84\/100|[from] Stealth Rock\n|-fieldstart|move: Grassy Terrain|[from] ability: Grassy Surge|[of] p2a: Rillaboom\n|turn|10\n|\n|t:|1700111492\n|switch|p1a: Steelix|Steelix, M|17\/100\n|move|p2a: Rillaboom|Wood Hammer|p1a: Steelix\n|-damage|p1a: Steelix|0 fnt\n|-damage|p2a: Rillaboom|68\/100|[from] item: Rocky Helmet|[of] p1a: Steelix\n|faint|p1a: Steelix\n|-damage|p2a: Rillaboom|62\/100|[from] Recoil\n|\n|-heal|p2a: Rillaboom|68\/100|[from] Grassy Terrain\n|upkeep\n|\n|t:|1700111499\n|switch|p1a: Marowak|Marowak-Alola, M|100\/100\n|turn|11\n|inactive|jiangzhejiang has 120 seconds left.\n|inactive|jiangzhejiang has 90 seconds left.\n|\n|t:|1700111542\n|switch|p1a: Hatterene|Hatterene, F|100\/100\n|move|p2a: Rillaboom|Wood Hammer|p1a: Hatterene\n|-damage|p1a: Hatterene|0 fnt\n|faint|p1a: Hatterene\n|-damage|p2a: Rillaboom|37\/100|[from] Recoil\n|\n|-heal|p2a: Rillaboom|44\/100|[from] Grassy Terrain\n|upkeep\n|\n|t:|1700111556\n|switch|p1a: Greninja|Greninja, M|100\/100\n|turn|12\n|inactive|jiangzhejiang has 90 seconds left.\n|\n|t:|1700111570\n|switch|p2a: Sneasler|Sneasler, M|100\/100\n|-damage|p2a: Sneasler|95\/100|[from] Stealth Rock\n|-enditem|p2a: Sneasler|Grassy Seed\n|-boost|p2a: Sneasler|def|1|[from] item: Grassy Seed\n|move|p1a: Greninja|Ice Beam|p2a: Sneasler\n|-start|p1a: Greninja|typechange|Ice|[from] ability: Protean\n|-damage|p2a: Sneasler|43\/100\n|\n|-heal|p2a: Sneasler|49\/100|[from] Grassy Terrain\n|upkeep\n|turn|13\n|inactive|jiangzhejiang has 90 seconds left.\n|inactive|jiangzhejiang has 60 seconds left.\n|\n|t:|1700111614\n|-terastallize|p1a: Greninja|Water\n|move|p2a: Sneasler|Close Combat|p1a: Greninja\n|-damage|p1a: Greninja|4\/100\n|-unboost|p2a: Sneasler|def|1\n|-unboost|p2a: Sneasler|spd|1\n|move|p1a: Greninja|Ice Beam|p2a: Sneasler\n|-damage|p2a: Sneasler|0 fnt\n|faint|p2a: Sneasler\n|\n|-heal|p1a: Greninja|10\/100|[from] Grassy Terrain\n|upkeep\n|inactive|jiangzhejiang has 60 seconds left.\n|\n|t:|1700111631\n|switch|p2a: Kommo-o|Kommo-o, F|100\/100\n|-damage|p2a: Kommo-o|94\/100|[from] Stealth Rock\n|turn|14\n|\n|t:|1700111637\n|move|p1a: Greninja|Ice Beam|p2a: Kommo-o\n|-supereffective|p2a: Kommo-o\n|-damage|p2a: Kommo-o|0 fnt\n|faint|p2a: Kommo-o\n|\n|-heal|p1a: Greninja|16\/100|[from] Grassy Terrain\n|-fieldend|move: Grassy Terrain\n|upkeep\n|\n|t:|1700111646\n|switch|p2a: Rillaboom|Rillaboom, F|44\/100\n|-damage|p2a: Rillaboom|31\/100|[from] Stealth Rock\n|-fieldstart|move: Grassy Terrain|[from] ability: Grassy Surge|[of] p2a: Rillaboom\n|turn|15\n|inactive|jiangzhejiang has 60 seconds left.\n|\n|t:|1700111653\n|move|p2a: Rillaboom|Grassy Glide|p1a: Greninja\n|-supereffective|p1a: Greninja\n|-damage|p1a: Greninja|0 fnt\n|faint|p1a: Greninja\n|\n|-heal|p2a: Rillaboom|37\/100|[from] Grassy Terrain\n|upkeep\n|\n|t:|1700111655\n|switch|p1a: Marowak|Marowak-Alola, M|100\/100\n|turn|16\n|\n|t:|1700111668\n|switch|p2a: Moltres|Moltres|92\/100\n|move|p1a: Marowak|Poltergeist|p2a: Moltres\n|-activate|p2a: Moltres|move: Poltergeist|Heavy-Duty Boots\n|-damage|p2a: Moltres|41\/100\n|\n|upkeep\n|turn|17\n|\n|t:|1700111678\n|move|p2a: Moltres|Toxic|p1a: Marowak\n|-status|p1a: Marowak|tox\n|move|p1a: Marowak|Poltergeist|p2a: Moltres\n|-activate|p2a: Moltres|move: Poltergeist|Heavy-Duty Boots\n|-damage|p2a: Moltres|0 fnt\n|faint|p2a: Moltres\n|\n|-damage|p1a: Marowak|94\/100 tox|[from] psn\n|upkeep\n|\n|t:|1700111690\n|switch|p2a: Rillaboom|Rillaboom, F|37\/100\n|-damage|p2a: Rillaboom|25\/100|[from] Stealth Rock\n|turn|18\n|-message|jiangzhejiang forfeited.\n|\n|win|as cheu\n|raw|as cheu's rating: 1565 &rarr; <strong>1586<\/strong><br \/>(+21 for winning)\n|raw|jiangzhejiang's rating: 1583 &rarr; <strong>1562<\/strong><br \/>(-21 for losing)\n|l|\u2606jiangzhejiang\n","uploadtime":1700111708,"views":6,"p1id":"ascheu","p2id":"jiangzhejiang","formatid":"gen9nationaldex","rating":1562,"private":0,"password":""}