{"id":"gen9nationaldex-1995746942","p1":"hallow129","p2":"Stran23","format":"[Gen 9] National Dex","log":"|html|<div class=\"broadcast-blue\"><strong>[Gen 9] National Dex is currently suspecting Sneasler! For information on how to participate check out the <a href=\"https:\/\/www.smogon.com\/forums\/threads\/sv-national-dex-suspect-8-just-dance.3731534\/\">suspect thread<\/a>.<\/strong><\/div>\n|j|\u2606hallow129\n|j|\u2606Stran23\n|t:|1700599353\n|gametype|singles\n|player|p1|hallow129|burglar|1000\n|player|p2|Stran23|169|1000\n|teamsize|p1|6\n|teamsize|p2|6\n|gen|9\n|tier|[Gen 9] National Dex\n|rated|\n|rule|HP Percentage Mod: HP is shown in percentages\n|rule|Endless Battle Clause: Forcing endless battles is banned\n|rule|OHKO Clause: OHKO moves are banned\n|rule|Evasion Clause: Evasion abilities, items, and moves are banned\n|rule|Evasion Abilities Clause: Evasion abilities are banned\n|rule|Evasion Items Clause: Evasion items are banned\n|rule|Evasion Moves Clause: Evasion moves are banned\n|rule|Species Clause: Limit one of each Pok\u00e9mon\n|rule|Sleep Clause Mod: Limit one foe put to sleep\n|clearpoke\n|poke|p1|Gengar, F|\n|poke|p1|Meowscarada, F|\n|poke|p1|Typhlosion, F|\n|poke|p1|Tyranitar, M|\n|poke|p1|Wailord, M|\n|poke|p1|Accelgor, M|\n|poke|p2|Ninetales-Alola, F|\n|poke|p2|Arctovish|\n|poke|p2|Abomasnow, F|\n|poke|p2|Cetitan, M|\n|poke|p2|Mamoswine, M|\n|poke|p2|Eiscue, F|\n|teampreview\n|\n|t:|1700599362\n|start\n|switch|p1a: the quickster|Accelgor, M|100\/100\n|switch|p2a: Ninetales|Ninetales-Alola, F|100\/100\n|-weather|Snow|[from] ability: Snow Warning|[of] p2a: Ninetales\n|turn|1\n|\n|t:|1700599370\n|move|p1a: the quickster|Toxic Spikes|p2a: Ninetales\n|-sidestart|p2: Stran23|move: Toxic Spikes\n|move|p2a: Ninetales|Aurora Veil|p2a: Ninetales\n|-sidestart|p2: Stran23|move: Aurora Veil\n|\n|-weather|Snow|[upkeep]\n|upkeep\n|turn|2\n|\n|t:|1700599378\n|move|p1a: the quickster|Spikes|p2a: Ninetales\n|-sidestart|p2: Stran23|Spikes\n|move|p2a: Ninetales|Calm Mind|p2a: Ninetales\n|-boost|p2a: Ninetales|spa|1\n|-boost|p2a: Ninetales|spd|1\n|\n|-weather|Snow|[upkeep]\n|upkeep\n|turn|3\n|\n|t:|1700599385\n|move|p1a: the quickster|Toxic Spikes|p2a: Ninetales\n|-sidestart|p2: Stran23|move: Toxic Spikes\n|move|p2a: Ninetales|Calm Mind|p2a: Ninetales\n|-boost|p2a: Ninetales|spa|1\n|-boost|p2a: Ninetales|spd|1\n|\n|-weather|Snow|[upkeep]\n|upkeep\n|turn|4\n|\n|t:|1700599392\n|move|p1a: the quickster|Toxic|p2a: Ninetales\n|-status|p2a: Ninetales|tox\n|move|p2a: Ninetales|Chilling Water|p1a: the quickster\n|-damage|p1a: the quickster|65\/100\n|-unboost|p1a: the quickster|atk|1\n|\n|-weather|Snow|[upkeep]\n|-damage|p2a: Ninetales|95\/100 tox|[from] psn\n|upkeep\n|turn|5\n|\n|t:|1700599402\n|move|p1a: the quickster|Giga Drain|p2a: Ninetales\n|-damage|p2a: Ninetales|90\/100 tox\n|-heal|p1a: the quickster|67\/100|[from] drain|[of] p2a: Ninetales\n|move|p2a: Ninetales|Draining Kiss|p1a: the quickster\n|-damage|p1a: the quickster|15\/100\n|-heal|p2a: Ninetales|100\/100 tox|[from] drain|[of] p1a: the quickster\n|\n|-weather|none\n|-damage|p2a: Ninetales|89\/100 tox|[from] psn\n|-sideend|p2: Stran23|move: Aurora Veil\n|upkeep\n|turn|6\n|\n|t:|1700599414\n|move|p1a: the quickster|Giga Drain|p2a: Ninetales\n|-damage|p2a: Ninetales|80\/100 tox\n|-heal|p1a: the quickster|19\/100|[from] drain|[of] p2a: Ninetales\n|move|p2a: Ninetales|Draining Kiss|p1a: the quickster\n|-damage|p1a: the quickster|0 fnt\n|-heal|p2a: Ninetales|97\/100 tox|[from] drain|[of] p1a: the quickster\n|faint|p1a: the quickster\n|\n|-heal|p2a: Ninetales|100\/100 tox|[from] item: Leftovers\n|-damage|p2a: Ninetales|83\/100 tox|[from] psn\n|upkeep\n|\n|t:|1700599424\n|switch|p1a: john|Typhlosion, F|100\/100\n|turn|7\n|\n|t:|1700599429\n|move|p1a: john|Flamethrower|p2a: Ninetales\n|-supereffective|p2a: Ninetales\n|-damage|p2a: Ninetales|24\/100 tox\n|move|p2a: Ninetales|Chilling Water|p1a: john\n|-supereffective|p1a: john\n|-damage|p1a: john|30\/100\n|-unboost|p1a: john|atk|1\n|\n|-heal|p2a: Ninetales|30\/100 tox|[from] item: Leftovers\n|-damage|p2a: Ninetales|6\/100 tox|[from] psn\n|upkeep\n|turn|8\n|\n|t:|1700599440\n|move|p1a: john|Flamethrower|p2a: Ninetales\n|-supereffective|p2a: Ninetales\n|-damage|p2a: Ninetales|0 fnt\n|faint|p2a: Ninetales\n|\n|upkeep\n|\n|t:|1700599445\n|switch|p2a: Abomasnow|Abomasnow, F|100\/100\n|-status|p2a: Abomasnow|tox\n|-damage|p2a: Abomasnow|88\/100 tox|[from] Spikes\n|-weather|Snow|[from] ability: Snow Warning|[of] p2a: Abomasnow\n|turn|9\n|\n|t:|1700599456\n|move|p1a: john|Flamethrower|p2a: Abomasnow\n|-supereffective|p2a: Abomasnow\n|-damage|p2a: Abomasnow|0 fnt\n|faint|p2a: Abomasnow\n|\n|-weather|Snow|[upkeep]\n|upkeep\n|\n|t:|1700599465\n|switch|p2a: Arctovish|Arctovish|100\/100\n|-status|p2a: Arctovish|tox\n|-damage|p2a: Arctovish|88\/100 tox|[from] Spikes\n|turn|10\n|\n|t:|1700599473\n|switch|p1a: damon|Gengar, F|100\/100\n|move|p2a: Arctovish|Fishious Rend|p1a: damon\n|-damage|p1a: damon|0 fnt\n|faint|p1a: damon\n|\n|-weather|Snow|[upkeep]\n|-damage|p2a: Arctovish|82\/100 tox|[from] psn\n|upkeep\n|\n|t:|1700599484\n|switch|p1a: john|Typhlosion, F|30\/100\n|turn|11\n|\n|t:|1700599488\n|move|p2a: Arctovish|Fishious Rend|p1a: john\n|-supereffective|p1a: john\n|-damage|p1a: john|0 fnt\n|faint|p1a: john\n|\n|-weather|Snow|[upkeep]\n|-damage|p2a: Arctovish|69\/100 tox|[from] psn\n|upkeep\n|\n|t:|1700599498\n|switch|p1a: large|Tyranitar, M|100\/100\n|-weather|Sandstorm|[from] ability: Sand Stream|[of] p1a: large\n|turn|12\n|\n|t:|1700599508\n|move|p2a: Arctovish|Fishious Rend|p1a: large\n|-supereffective|p1a: large\n|-damage|p1a: large|0 fnt\n|faint|p1a: large\n|\n|-weather|Sandstorm|[upkeep]\n|-damage|p2a: Arctovish|63\/100 tox|[from] Sandstorm\n|-damage|p2a: Arctovish|44\/100 tox|[from] psn\n|upkeep\n|\n|t:|1700599516\n|switch|p1a: tim|Wailord, M|100\/100\n|turn|13\n|\n|t:|1700599525\n|move|p2a: Arctovish|Facade|p1a: tim\n|-damage|p1a: tim|57\/100\n|move|p1a: tim|Ice Beam|p2a: Arctovish\n|-resisted|p2a: Arctovish\n|-damage|p2a: Arctovish|37\/100 tox\n|\n|-weather|Sandstorm|[upkeep]\n|-damage|p2a: Arctovish|31\/100 tox|[from] Sandstorm\n|-damage|p1a: tim|51\/100|[from] Sandstorm\n|-heal|p1a: tim|57\/100|[from] item: Leftovers\n|-damage|p2a: Arctovish|6\/100 tox|[from] psn\n|upkeep\n|turn|14\n|\n|t:|1700599537\n|move|p2a: Arctovish|Facade|p1a: tim\n|-damage|p1a: tim|11\/100\n|move|p1a: tim|Water Spout|p2a: Arctovish\n|-resisted|p2a: Arctovish\n|-damage|p2a: Arctovish|2\/100 tox\n|\n|-weather|Sandstorm|[upkeep]\n|-damage|p2a: Arctovish|0 fnt|[from] Sandstorm\n|-damage|p1a: tim|5\/100|[from] Sandstorm\n|faint|p2a: Arctovish\n|-heal|p1a: tim|11\/100|[from] item: Leftovers\n|upkeep\n|\n|t:|1700599552\n|switch|p2a: Mamoswine|Mamoswine, M|100\/100\n|-status|p2a: Mamoswine|tox\n|-damage|p2a: Mamoswine|88\/100 tox|[from] Spikes\n|turn|15\n|\n|t:|1700599560\n|move|p2a: Mamoswine|Reflect|p2a: Mamoswine\n|-sidestart|p2: Stran23|Reflect\n|move|p1a: tim|Rest|p1a: tim\n|-status|p1a: tim|slp|[from] move: Rest\n|-heal|p1a: tim|100\/100 slp|[silent]\n|\n|-weather|Sandstorm|[upkeep]\n|-damage|p1a: tim|94\/100 slp|[from] Sandstorm\n|-heal|p2a: Mamoswine|94\/100 tox|[from] item: Leftovers\n|-heal|p1a: tim|100\/100 slp|[from] item: Leftovers\n|-damage|p2a: Mamoswine|88\/100 tox|[from] psn\n|upkeep\n|turn|16\n|\n|t:|1700599573\n|move|p2a: Mamoswine|Light Screen|p2a: Mamoswine\n|-sidestart|p2: Stran23|move: Light Screen\n|cant|p1a: tim|slp\n|\n|-weather|none\n|-heal|p2a: Mamoswine|94\/100 tox|[from] item: Leftovers\n|-damage|p2a: Mamoswine|82\/100 tox|[from] psn\n|upkeep\n|turn|17\n|\n|t:|1700599581\n|cant|p1a: tim|slp\n|move|p2a: Mamoswine|Roar|p1a: tim\n|drag|p1a: daisy|Meowscarada, F, shiny|100\/100\n|\n|-heal|p2a: Mamoswine|88\/100 tox|[from] item: Leftovers\n|-damage|p2a: Mamoswine|70\/100 tox|[from] psn\n|upkeep\n|turn|18\n|\n|t:|1700599593\n|switch|p1a: tim|Wailord, M|100\/100 slp\n|move|p2a: Mamoswine|Toxic||[still]\n|-fail|p2a: Mamoswine\n|\n|-heal|p2a: Mamoswine|76\/100 tox|[from] item: Leftovers\n|-damage|p2a: Mamoswine|51\/100 tox|[from] psn\n|upkeep\n|turn|19\n|\n|t:|1700599602\n|move|p2a: Mamoswine|Toxic||[still]\n|-fail|p2a: Mamoswine\n|-curestatus|p1a: tim|slp|[msg]\n|move|p1a: tim|Rain Dance|p1a: tim\n|-weather|RainDance\n|\n|-weather|RainDance|[upkeep]\n|-heal|p2a: Mamoswine|57\/100 tox|[from] item: Leftovers\n|-damage|p2a: Mamoswine|27\/100 tox|[from] psn\n|-sideend|p2: Stran23|Reflect\n|upkeep\n|turn|20\n|\n|t:|1700599611\n|move|p2a: Mamoswine|Toxic|p1a: tim\n|-status|p1a: tim|tox\n|move|p1a: tim|Water Spout|p2a: Mamoswine\n|-supereffective|p2a: Mamoswine\n|-damage|p2a: Mamoswine|0 fnt\n|faint|p2a: Mamoswine\n|\n|-weather|RainDance|[upkeep]\n|-damage|p1a: tim|94\/100 tox|[from] psn\n|-sideend|p2: Stran23|move: Light Screen\n|upkeep\n|\n|t:|1700599627\n|switch|p2a: Cetitan|Cetitan, M|100\/100\n|-status|p2a: Cetitan|tox\n|-damage|p2a: Cetitan|88\/100 tox|[from] Spikes\n|turn|21\n|\n|t:|1700599633\n|move|p2a: Cetitan|Icicle Spear|p1a: tim\n|-resisted|p1a: tim\n|-damage|p1a: tim|87\/100 tox\n|-resisted|p1a: tim\n|-damage|p1a: tim|79\/100 tox\n|-resisted|p1a: tim\n|-damage|p1a: tim|71\/100 tox\n|-resisted|p1a: tim\n|-damage|p1a: tim|63\/100 tox\n|-hitcount|p1a: tim|4\n|move|p1a: tim|Water Spout|p2a: Cetitan\n|-damage|p2a: Cetitan|31\/100 tox\n|\n|-weather|RainDance|[upkeep]\n|-heal|p1a: tim|69\/100 tox|[from] item: Leftovers\n|-damage|p2a: Cetitan|24\/100 tox|[from] psn\n|-damage|p1a: tim|57\/100 tox|[from] psn\n|upkeep\n|turn|22\n|\n|t:|1700599650\n|move|p2a: Cetitan|Icicle Spear|p1a: tim\n|-resisted|p1a: tim\n|-damage|p1a: tim|49\/100 tox\n|-resisted|p1a: tim\n|-damage|p1a: tim|41\/100 tox\n|-resisted|p1a: tim\n|-damage|p1a: tim|34\/100 tox\n|-resisted|p1a: tim\n|-damage|p1a: tim|26\/100 tox\n|-resisted|p1a: tim\n|-damage|p1a: tim|18\/100 tox\n|-hitcount|p1a: tim|5\n|move|p1a: tim|Rest|p1a: tim\n|-status|p1a: tim|slp|[from] move: Rest\n|-heal|p1a: tim|100\/100 slp|[silent]\n|\n|-weather|RainDance|[upkeep]\n|-damage|p2a: Cetitan|12\/100 tox|[from] psn\n|upkeep\n|turn|23\n|\n|t:|1700599666\n|move|p2a: Cetitan|Icicle Spear|p1a: tim\n|-resisted|p1a: tim\n|-crit|p1a: tim\n|-damage|p1a: tim|89\/100 slp\n|-resisted|p1a: tim\n|-damage|p1a: tim|82\/100 slp\n|-resisted|p1a: tim\n|-damage|p1a: tim|74\/100 slp\n|-resisted|p1a: tim\n|-damage|p1a: tim|67\/100 slp\n|-resisted|p1a: tim\n|-damage|p1a: tim|59\/100 slp\n|-hitcount|p1a: tim|5\n|cant|p1a: tim|slp\n|\n|-weather|none\n|-heal|p1a: tim|65\/100 slp|[from] item: Leftovers\n|-damage|p2a: Cetitan|0 fnt|[from] psn\n|faint|p2a: Cetitan\n|upkeep\n|\n|t:|1700599700\n|switch|p2a: Eiscue|Eiscue, F|100\/100\n|-status|p2a: Eiscue|tox\n|-damage|p2a: Eiscue|88\/100 tox|[from] Spikes\n|turn|24\n|\n|t:|1700599707\n|cant|p1a: tim|slp\n|move|p2a: Eiscue|Belly Drum|p2a: Eiscue\n|-damage|p2a: Eiscue|38\/100 tox\n|-setboost|p2a: Eiscue|atk|6|[from] move: Belly Drum\n|\n|-heal|p1a: tim|72\/100 slp|[from] item: Leftovers\n|-damage|p2a: Eiscue|32\/100 tox|[from] psn\n|upkeep\n|turn|25\n|\n|t:|1700599721\n|-curestatus|p1a: tim|slp|[msg]\n|move|p1a: tim|Water Spout|p2a: Eiscue\n|-damage|p2a: Eiscue|0 fnt\n|faint|p2a: Eiscue\n|\n|win|hallow129\n|raw|hallow129's rating: 1000 &rarr; <strong>1040<\/strong><br \/>(+40 for winning)\n|raw|Stran23's rating: 1000 &rarr; <strong>1000<\/strong><br \/>(+0 for losing)\n|l|\u2606Stran23\n","uploadtime":1700599755,"views":5,"p1id":"hallow129","p2id":"stran23","formatid":"gen9nationaldex","rating":1000,"private":0,"password":""}