{"id":"gen9nationaldex-1987095613","p1":"SimeonPha","p2":"Dark Umbreon 08","format":"[Gen 9] National Dex","log":"|j|\u2606SimeonPha\n|j|\u2606Dark Umbreon 08\n|t:|1699555678\n|gametype|singles\n|player|p1|SimeonPha|giovanni|1145\n|player|p2|Dark Umbreon 08|lass-gen4dp|1234\n|teamsize|p1|6\n|teamsize|p2|6\n|gen|9\n|tier|[Gen 9] National Dex\n|rated|\n|rule|HP Percentage Mod: HP is shown in percentages\n|rule|Endless Battle Clause: Forcing endless battles is banned\n|rule|OHKO Clause: OHKO moves are banned\n|rule|Evasion Clause: Evasion abilities, items, and moves are banned\n|rule|Evasion Abilities Clause: Evasion abilities are banned\n|rule|Evasion Items Clause: Evasion items are banned\n|rule|Evasion Moves Clause: Evasion moves are banned\n|rule|Species Clause: Limit one of each Pok\u00e9mon\n|rule|Sleep Clause Mod: Limit one foe put to sleep\n|clearpoke\n|poke|p1|Mienshao, F|\n|poke|p1|Tsareena, F|\n|poke|p1|Espeon, M|\n|poke|p1|Togekiss, M|\n|poke|p1|Aggron, M|\n|poke|p1|Hitmonlee, M|\n|poke|p2|Blaziken, M|\n|poke|p2|Hoopa-Unbound|\n|poke|p2|Banette, F|\n|poke|p2|Baxcalibur, M|\n|poke|p2|Ferrothorn, F|\n|poke|p2|Kommo-o, F|\n|teampreview\n|inactive|Battle timer is ON: inactive players will automatically lose when time's up. (requested by Dark Umbreon 08)\n|\n|t:|1699555691\n|start\n|switch|p1a: Togekiss|Togekiss, M|100\/100\n|switch|p2a: Ferrothorn|Ferrothorn, F|100\/100\n|turn|1\n|\n|t:|1699555697\n|move|p1a: Togekiss|Air Slash|p2a: Ferrothorn\n|-damage|p2a: Ferrothorn|76\/100\n|cant|p2a: Ferrothorn|flinch\n|\n|-heal|p2a: Ferrothorn|83\/100|[from] item: Leftovers\n|upkeep\n|turn|2\n|\n|t:|1699555705\n|switch|p1a: Espeon|Espeon, M|100\/100\n|move|p2a: Ferrothorn|Stealth Rock|p1a: Espeon\n|move|p1a: Espeon|Stealth Rock|p2a: Ferrothorn|[from]ability: Magic Bounce\n|-sidestart|p2: Dark Umbreon 08|move: Stealth Rock\n|\n|-heal|p2a: Ferrothorn|89\/100|[from] item: Leftovers\n|upkeep\n|turn|3\n|\n|t:|1699555714\n|move|p1a: Espeon|Trick|p2a: Ferrothorn\n|-activate|p1a: Espeon|move: Trick|[of] p2a: Ferrothorn\n|-item|p2a: Ferrothorn|Choice Scarf|[from] move: Trick\n|-item|p1a: Espeon|Leftovers|[from] move: Trick\n|move|p2a: Ferrothorn|Gyro Ball|p1a: Espeon\n|-damage|p1a: Espeon|14\/100\n|\n|-heal|p1a: Espeon|20\/100|[from] item: Leftovers\n|upkeep\n|turn|4\n|\n|t:|1699555724\n|switch|p1a: Aggron|Aggron, M|100\/100\n|move|p2a: Ferrothorn|Gyro Ball|p1a: Aggron\n|-damage|p1a: Aggron|89\/100\n|\n|upkeep\n|turn|5\n|\n|t:|1699555732\n|switch|p2a: Kommo-o|Kommo-o, F|100\/100\n|-damage|p2a: Kommo-o|94\/100|[from] Stealth Rock\n|detailschange|p1a: Aggron|Aggron-Mega, M\n|-mega|p1a: Aggron|Aggron|Aggronite\n|move|p1a: Aggron|Earthquake|p2a: Kommo-o\n|-damage|p2a: Kommo-o|57\/100\n|\n|upkeep\n|turn|6\n|\n|t:|1699555742\n|-zpower|p2a: Kommo-o\n|move|p2a: Kommo-o|Clangorous Soulblaze|p1a: Aggron|[zeffect]\n|-resisted|p1a: Aggron\n|-damage|p1a: Aggron|42\/100\n|-boost|p2a: Kommo-o|atk|1\n|-boost|p2a: Kommo-o|def|1\n|-boost|p2a: Kommo-o|spa|1\n|-boost|p2a: Kommo-o|spd|1\n|-boost|p2a: Kommo-o|spe|1\n|move|p1a: Aggron|Ice Punch|p2a: Kommo-o\n|-supereffective|p2a: Kommo-o\n|-damage|p2a: Kommo-o|16\/100\n|\n|upkeep\n|turn|7\n|\n|t:|1699555758\n|move|p2a: Kommo-o|Aura Sphere|p1a: Aggron\n|-supereffective|p1a: Aggron\n|-damage|p1a: Aggron|0 fnt\n|faint|p1a: Aggron\n|\n|upkeep\n|\n|t:|1699555765\n|switch|p1a: Togekiss|Togekiss, M|100\/100\n|turn|8\n|\n|t:|1699555768\n|move|p2a: Kommo-o|Boomburst|p1a: Togekiss\n|-damage|p1a: Togekiss|65\/100\n|move|p1a: Togekiss|Air Slash|p2a: Kommo-o\n|-supereffective|p2a: Kommo-o\n|-damage|p2a: Kommo-o|0 fnt\n|faint|p2a: Kommo-o\n|\n|upkeep\n|\n|t:|1699555781\n|switch|p2a: Baxcalibur|Baxcalibur, M|100\/100\n|-damage|p2a: Baxcalibur|76\/100|[from] Stealth Rock\n|turn|9\n|\n|t:|1699555787\n|move|p2a: Baxcalibur|Icicle Spear|p1a: Togekiss\n|-supereffective|p1a: Togekiss\n|-damage|p1a: Togekiss|36\/100\n|-supereffective|p1a: Togekiss\n|-damage|p1a: Togekiss|6\/100\n|-supereffective|p1a: Togekiss\n|-damage|p1a: Togekiss|0 fnt\n|faint|p1a: Togekiss\n|-hitcount|p1: Togekiss|3\n|\n|upkeep\n|\n|t:|1699555803\n|switch|p1a: Mienshao|Mienshao, F|100\/100\n|turn|10\n|\n|t:|1699555808\n|switch|p2a: Banette|Banette, F|100\/100\n|-damage|p2a: Banette|88\/100|[from] Stealth Rock\n|move|p1a: Mienshao|Close Combat|p2a: Banette\n|-immune|p2a: Banette\n|\n|upkeep\n|turn|11\n|\n|t:|1699555815\n|detailschange|p2a: Banette|Banette-Mega, F\n|-mega|p2a: Banette|Banette|Banettite\n|move|p1a: Mienshao|Knock Off|p2a: Banette\n|-supereffective|p2a: Banette\n|-damage|p2a: Banette|14\/100\n|-damage|p1a: Mienshao|91\/100|[from] item: Life Orb\n|move|p2a: Banette|Poltergeist|p1a: Mienshao|[miss]\n|-miss|p2a: Banette|p1a: Mienshao\n|\n|upkeep\n|turn|12\n|\n|t:|1699555825\n|move|p2a: Banette|Destiny Bond|p2a: Banette\n|-singlemove|p2a: Banette|Destiny Bond\n|move|p1a: Mienshao|Knock Off|p2a: Banette\n|-supereffective|p2a: Banette\n|-damage|p2a: Banette|0 fnt\n|faint|p2a: Banette\n|-activate|p2a: Banette|move: Destiny Bond\n|faint|p1a: Mienshao\n|\n|upkeep\n|\n|t:|1699555838\n|switch|p1a: Espeon|Espeon, M|20\/100\n|switch|p2a: Blaziken|Blaziken, M|100\/100\n|-damage|p2a: Blaziken|88\/100|[from] Stealth Rock\n|turn|13\n|\n|t:|1699555845\n|switch|p2a: Hoopa|Hoopa-Unbound|100\/100\n|-damage|p2a: Hoopa|88\/100|[from] Stealth Rock\n|move|p1a: Espeon|Thunder Wave|p2a: Hoopa\n|-status|p2a: Hoopa|par\n|\n|-heal|p1a: Espeon|26\/100|[from] item: Leftovers\n|upkeep\n|turn|14\n|\n|t:|1699555854\n|move|p1a: Espeon|Dazzling Gleam|p2a: Hoopa\n|-supereffective|p2a: Hoopa\n|-damage|p2a: Hoopa|40\/100 par\n|move|p2a: Hoopa|Gunk Shot|p1a: Espeon\n|-damage|p1a: Espeon|0 fnt\n|faint|p1a: Espeon\n|\n|upkeep\n|\n|t:|1699555871\n|switch|p1a: Tsareena|Tsareena, F|100\/100\n|turn|15\n|\n|t:|1699555876\n|move|p1a: Tsareena|Trop Kick|p2a: Hoopa\n|-damage|p2a: Hoopa|0 fnt\n|faint|p2a: Hoopa\n|\n|upkeep\n|\n|t:|1699555882\n|switch|p2a: Blaziken|Blaziken, M|88\/100\n|-damage|p2a: Blaziken|76\/100|[from] Stealth Rock\n|turn|16\n|\n|t:|1699555888\n|move|p2a: Blaziken|Fire Punch|p1a: Tsareena\n|-supereffective|p1a: Tsareena\n|-damage|p1a: Tsareena|14\/100\n|move|p1a: Tsareena|Trop Kick|p2a: Blaziken\n|-resisted|p2a: Blaziken\n|-damage|p2a: Blaziken|49\/100\n|-unboost|p2a: Blaziken|atk|1\n|\n|-ability|p2a: Blaziken|Speed Boost|boost\n|-boost|p2a: Blaziken|spe|1\n|upkeep\n|turn|17\n|\n|t:|1699555899\n|move|p2a: Blaziken|Fire Punch|p1a: Tsareena\n|-supereffective|p1a: Tsareena\n|-damage|p1a: Tsareena|0 fnt\n|faint|p1a: Tsareena\n|\n|-ability|p2a: Blaziken|Speed Boost|boost\n|-boost|p2a: Blaziken|spe|1\n|upkeep\n|\n|t:|1699555906\n|switch|p1a: Hitmonlee|Hitmonlee, M|100\/100\n|turn|18\n|\n|t:|1699555913\n|move|p2a: Blaziken|Fire Punch|p1a: Hitmonlee\n|-damage|p1a: Hitmonlee|39\/100\n|move|p1a: Hitmonlee|Close Combat|p2a: Blaziken\n|-damage|p2a: Blaziken|0 fnt\n|-unboost|p1a: Hitmonlee|def|1\n|-unboost|p1a: Hitmonlee|spd|1\n|faint|p2a: Blaziken\n|\n|upkeep\n|\n|t:|1699555919\n|switch|p2a: Baxcalibur|Baxcalibur, M|76\/100\n|-damage|p2a: Baxcalibur|51\/100|[from] Stealth Rock\n|turn|19\n|\n|t:|1699555925\n|move|p2a: Baxcalibur|Icicle Spear|p1a: Hitmonlee\n|-damage|p1a: Hitmonlee|0 fnt\n|faint|p1a: Hitmonlee\n|-hitcount|p1: Hitmonlee|1\n|\n|win|Dark Umbreon 08\n|raw|SimeonPha's rating: 1145 &rarr; <strong>1126<\/strong><br \/>(-19 for losing)\n|raw|Dark Umbreon 08's rating: 1234 &rarr; <strong>1253<\/strong><br \/>(+19 for winning)\n|l|\u2606SimeonPha\n","uploadtime":1699555953,"views":4,"p1id":"simeonpha","p2id":"darkumbreon08","formatid":"gen9nationaldex","rating":1126,"private":0,"password":""}