{"id":"gen9nationaldex-1999287342","p1":"rimm099._","p2":"zn997","format":"[Gen 9] National Dex","log":"|html|<div class=\"broadcast-blue\"><strong>[Gen 9] National Dex is currently suspecting Sneasler! For information on how to participate check out the <a href=\"https:\/\/www.smogon.com\/forums\/threads\/sv-national-dex-suspect-8-just-dance.3731534\/\">suspect thread<\/a>.<\/strong><\/div>\n|j|\u2606rimm099._\n|j|\u2606zn997\n|t:|1701055348\n|gametype|singles\n|player|p1|rimm099._|cynthia|1338\n|player|p2|zn997|hilbert|1281\n|teamsize|p1|6\n|teamsize|p2|6\n|gen|9\n|tier|[Gen 9] National Dex\n|rated|\n|rule|HP Percentage Mod: HP is shown in percentages\n|rule|Endless Battle Clause: Forcing endless battles is banned\n|rule|OHKO Clause: OHKO moves are banned\n|rule|Evasion Clause: Evasion abilities, items, and moves are banned\n|rule|Evasion Abilities Clause: Evasion abilities are banned\n|rule|Evasion Items Clause: Evasion items are banned\n|rule|Evasion Moves Clause: Evasion moves are banned\n|rule|Species Clause: Limit one of each Pok\u00e9mon\n|rule|Sleep Clause Mod: Limit one foe put to sleep\n|clearpoke\n|poke|p1|Charizard, M|\n|poke|p1|Cinderace, F|\n|poke|p1|Slither Wing|\n|poke|p1|Torkoal, M|\n|poke|p1|Venusaur, F|\n|poke|p1|Blacephalon|\n|poke|p2|Banette, F|\n|poke|p2|Ceruledge, M|\n|poke|p2|Aegislash, F|\n|poke|p2|Sableye, M|\n|poke|p2|Gourgeist-*, M|\n|poke|p2|Blacephalon|\n|teampreview\n|inactive|Battle timer is ON: inactive players will automatically lose when time's up. (requested by zn997)\n|\n|t:|1701055356\n|start\n|switch|p1a: Torkoal|Torkoal, M|100\/100\n|switch|p2a: Sableye|Sableye, M|100\/100\n|-weather|SunnyDay|[from] ability: Drought|[of] p1a: Torkoal\n|turn|1\n|\n|t:|1701055375\n|switch|p1a: Cinderace|Cinderace, F|100\/100\n|move|p2a: Sableye|Taunt|p1a: Cinderace\n|-start|p1a: Cinderace|move: Taunt\n|\n|-weather|SunnyDay|[upkeep]\n|upkeep\n|turn|2\n|\n|t:|1701055383\n|move|p2a: Sableye|Thunder Wave|p1a: Cinderace\n|-status|p1a: Cinderace|par\n|move|p1a: Cinderace|Pyro Ball|p2a: Sableye\n|-enditem|p2a: Sableye|Focus Sash\n|-damage|p2a: Sableye|1\/100\n|-status|p2a: Sableye|brn\n|\n|-weather|SunnyDay|[upkeep]\n|-damage|p2a: Sableye|0 fnt|[from] brn\n|faint|p2a: Sableye\n|upkeep\n|\n|t:|1701055394\n|switch|p2a: Blacephalon|Blacephalon|100\/100\n|turn|3\n|\n|t:|1701055397\n|move|p1a: Cinderace|Sucker Punch|p2a: Blacephalon\n|-start|p1a: Cinderace|typechange|Dark|[from] ability: Libero\n|-supereffective|p2a: Blacephalon\n|-crit|p2a: Blacephalon\n|-enditem|p2a: Blacephalon|Focus Sash\n|-damage|p2a: Blacephalon|1\/100\n|move|p2a: Blacephalon|Shadow Ball|p1a: Cinderace\n|-resisted|p1a: Cinderace\n|-damage|p1a: Cinderace|70\/100 par\n|-unboost|p1a: Cinderace|spd|1\n|\n|-weather|SunnyDay|[upkeep]\n|-end|p1a: Cinderace|move: Taunt\n|upkeep\n|turn|4\n|\n|t:|1701055405\n|move|p2a: Blacephalon|Mind Blown|p1a: Cinderace\n|-damage|p1a: Cinderace|0 fnt\n|-damage|p2a: Blacephalon|0 fnt|[from] mindblown\n|faint|p2a: Blacephalon\n|faint|p1a: Cinderace\n|\n|-weather|SunnyDay|[upkeep]\n|upkeep\n|\n|t:|1701055426\n|switch|p1a: Slither Wing|Slither Wing|100\/100\n|switch|p2a: Aegislash|Aegislash, F|100\/100\n|-activate|p1a: Slither Wing|ability: Protosynthesis\n|-start|p1a: Slither Wing|protosynthesisatk\n|turn|5\n|\n|t:|1701055438\n|move|p2a: Aegislash|King's Shield|p2a: Aegislash\n|-singleturn|p2a: Aegislash|Protect\n|move|p1a: Slither Wing|First Impression|p2a: Aegislash\n|-activate|p2a: Aegislash|move: Protect\n|-unboost|p1a: Slither Wing|atk|1\n|\n|-weather|SunnyDay|[upkeep]\n|upkeep\n|turn|6\n|\n|t:|1701055446\n|move|p1a: Slither Wing|Flame Charge|p2a: Aegislash\n|-supereffective|p2a: Aegislash\n|-damage|p2a: Aegislash|60\/100\n|-boost|p1a: Slither Wing|spe|1\n|-enditem|p2a: Aegislash|Weakness Policy\n|-boost|p2a: Aegislash|atk|2|[from] item: Weakness Policy\n|-boost|p2a: Aegislash|spa|2|[from] item: Weakness Policy\n|-damage|p1a: Slither Wing|91\/100|[from] item: Life Orb\n|move|p2a: Aegislash|Autotomize|p2a: Aegislash\n|-boost|p2a: Aegislash|spe|2\n|-start|p2a: Aegislash|Autotomize\n|\n|-weather|SunnyDay|[upkeep]\n|upkeep\n|turn|7\n|\n|t:|1701055458\n|-terastallize|p2a: Aegislash|Fire\n|move|p1a: Slither Wing|Leech Life|p2a: Aegislash\n|-resisted|p2a: Aegislash\n|-damage|p2a: Aegislash|43\/100\n|-heal|p1a: Slither Wing|99\/100|[from] drain|[of] p2a: Aegislash\n|-damage|p1a: Slither Wing|89\/100|[from] item: Life Orb\n|-formechange|p2a: Aegislash|Aegislash-Blade||[from] ability: Stance Change\n|move|p2a: Aegislash|Shadow Claw|p1a: Slither Wing\n|-damage|p1a: Slither Wing|0 fnt\n|faint|p1a: Slither Wing\n|-end|p1a: Slither Wing|Protosynthesis|[silent]\n|\n|-weather|SunnyDay|[upkeep]\n|upkeep\n|\n|t:|1701055469\n|switch|p1a: Venusaur|Venusaur, F|100\/100\n|turn|8\n|\n|t:|1701055479\n|move|p1a: Venusaur|Earth Power|p2a: Aegislash\n|-supereffective|p2a: Aegislash\n|-damage|p2a: Aegislash|0 fnt\n|faint|p2a: Aegislash\n|-damage|p1a: Venusaur|91\/100|[from] item: Life Orb\n|\n|-weather|none\n|upkeep\n|\n|t:|1701055484\n|switch|p2a: Gourgeist|Gourgeist-Super, M|100\/100\n|turn|9\n|\n|t:|1701055487\n|switch|p1a: Torkoal|Torkoal, M|100\/100\n|-weather|SunnyDay|[from] ability: Drought|[of] p1a: Torkoal\n|-zpower|p2a: Gourgeist\n|move|p2a: Gourgeist|Z-Trick-or-Treat|p1a: Torkoal|[anim]Trick-or-Treat\n|-boost|p2a: Gourgeist|atk|1|[zeffect]\n|-boost|p2a: Gourgeist|def|1|[zeffect]\n|-boost|p2a: Gourgeist|spa|1|[zeffect]\n|-boost|p2a: Gourgeist|spd|1|[zeffect]\n|-boost|p2a: Gourgeist|spe|1|[zeffect]\n|-start|p1a: Torkoal|typeadd|Ghost|[from] move: Trick-or-Treat\n|\n|-weather|SunnyDay|[upkeep]\n|upkeep\n|turn|10\n|\n|t:|1701055490\n|move|p2a: Gourgeist|Poltergeist|p1a: Torkoal\n|-activate|p1a: Torkoal|move: Poltergeist|Heat Rock\n|-supereffective|p1a: Torkoal\n|-damage|p1a: Torkoal|10\/100\n|move|p1a: Torkoal|Clear Smog|p2a: Gourgeist\n|-damage|p2a: Gourgeist|93\/100\n|-clearboost|p2a: Gourgeist\n|\n|-weather|SunnyDay|[upkeep]\n|upkeep\n|turn|11\n|inactive|rimm099._ has 120 seconds left.\n|\n|t:|1701055527\n|switch|p1a: Charizard|Charizard, M|100\/100\n|move|p2a: Gourgeist|Poltergeist|p1a: Charizard\n|-activate|p1a: Charizard|move: Poltergeist|Charizardite Y\n|-damage|p1a: Charizard|24\/100\n|\n|-weather|SunnyDay|[upkeep]\n|upkeep\n|turn|12\n|\n|t:|1701055530\n|detailschange|p1a: Charizard|Charizard-Mega-Y, M\n|-mega|p1a: Charizard|Charizard|Charizardite Y\n|move|p2a: Gourgeist|Shadow Sneak|p1a: Charizard\n|-damage|p1a: Charizard|0 fnt\n|faint|p1a: Charizard\n|\n|-weather|SunnyDay|[upkeep]\n|upkeep\n|\n|t:|1701055538\n|switch|p1a: Venusaur|Venusaur, F|91\/100\n|turn|13\n|\n|t:|1701055541\n|-terastallize|p1a: Venusaur|Fire\n|move|p1a: Venusaur|Weather Ball|p2a: Gourgeist\n|-supereffective|p2a: Gourgeist\n|-damage|p2a: Gourgeist|0 fnt\n|faint|p2a: Gourgeist\n|-damage|p1a: Venusaur|81\/100|[from] item: Life Orb\n|\n|-weather|SunnyDay|[upkeep]\n|upkeep\n|\n|t:|1701055547\n|switch|p2a: Banette|Banette, F|100\/100\n|turn|14\n|\n|t:|1701055551\n|detailschange|p2a: Banette|Banette-Mega, F\n|-mega|p2a: Banette|Banette|Banettite\n|move|p2a: Banette|Destiny Bond|p2a: Banette\n|-singlemove|p2a: Banette|Destiny Bond\n|move|p1a: Venusaur|Weather Ball|p2a: Banette\n|-damage|p2a: Banette|0 fnt\n|faint|p2a: Banette\n|-activate|p2a: Banette|move: Destiny Bond\n|faint|p1a: Venusaur\n|\n|-weather|SunnyDay|[upkeep]\n|upkeep\n|\n|t:|1701055559\n|switch|p1a: Blacephalon|Blacephalon|100\/100\n|switch|p2a: Ceruledge|Ceruledge, M|100\/100\n|turn|15\n|\n|t:|1701055563\n|move|p2a: Ceruledge|Shadow Sneak|p1a: Blacephalon\n|-supereffective|p1a: Blacephalon\n|-damage|p1a: Blacephalon|0 fnt\n|faint|p1a: Blacephalon\n|\n|-weather|SunnyDay|[upkeep]\n|upkeep\n|\n|t:|1701055567\n|switch|p1a: Torkoal|Torkoal, M|10\/100\n|turn|16\n|-message|rimm099._ forfeited.\n|\n|win|zn997\n|raw|rimm099._'s rating: 1338 &rarr; <strong>1315<\/strong><br \/>(-23 for losing)\n|raw|zn997's rating: 1281 &rarr; <strong>1310<\/strong><br \/>(+29 for winning)\n|l|\u2606rimm099._\n","uploadtime":1701055576,"views":8,"p1id":"rimm099","p2id":"zn997","formatid":"gen9nationaldex","rating":1310,"private":0,"password":""}