{"id":"gen9nationaldex-1997998133","p1":"rhinoo58","p2":"Guhlendemn","format":"[Gen 9] National Dex","log":"|html|<div class=\"broadcast-blue\"><strong>[Gen 9] National Dex is currently suspecting Sneasler! For information on how to participate check out the <a href=\"https:\/\/www.smogon.com\/forums\/threads\/sv-national-dex-suspect-8-just-dance.3731534\/\">suspect thread<\/a>.<\/strong><\/div>\n|j|\u2606rhinoo58\n|j|\u2606Guhlendemn\n|t:|1700877052\n|gametype|singles\n|player|p1|rhinoo58|102|\n|player|p2|Guhlendemn|101|\n|teamsize|p1|6\n|teamsize|p2|6\n|gen|9\n|tier|[Gen 9] National Dex\n|rule|HP Percentage Mod: HP is shown in percentages\n|rule|Endless Battle Clause: Forcing endless battles is banned\n|rule|OHKO Clause: OHKO moves are banned\n|rule|Evasion Clause: Evasion abilities, items, and moves are banned\n|rule|Evasion Abilities Clause: Evasion abilities are banned\n|rule|Evasion Items Clause: Evasion items are banned\n|rule|Evasion Moves Clause: Evasion moves are banned\n|rule|Species Clause: Limit one of each Pok\u00e9mon\n|rule|Sleep Clause Mod: Limit one foe put to sleep\n|clearpoke\n|poke|p1|Typhlosion, M|\n|poke|p1|Venusaur, M|\n|poke|p1|Empoleon, F|\n|poke|p1|Kartana|\n|poke|p1|Salamence, F|\n|poke|p1|Diancie|\n|poke|p2|Heatran, F|\n|poke|p2|Celesteela|\n|poke|p2|Hoopa-Unbound|\n|poke|p2|Sinistcha|\n|poke|p2|Muk, M|\n|poke|p2|Hydreigon, F|\n|teampreview\n|\n|t:|1700877106\n|start\n|switch|p1a: Salamence|Salamence, F|100\/100\n|switch|p2a: Hoopa|Hoopa-Unbound|100\/100\n|turn|1\n|c|\u2606rhinoo58|!data magician\n|raw|<ul class=\"utilichart\"><li class=\"result\"><span class=\"col namecol\"><a href=\"https:\/\/dex.pokemonshowdown.com\/abilities\/magician\">Magician<\/a><\/span> <span class=\"col abilitydesccol\">If this Pokemon has no item, it steals the item off a Pokemon it hits with an attack.<\/span> <\/li><li style=\"clear:both\"><\/li><\/ul>\n\n|\n|t:|1700877206\n|switch|p1a: Diancie|Diancie|100\/100\n|move|p2a: Hoopa|Knock Off|p1a: Diancie\n|-resisted|p1a: Diancie\n|-damage|p1a: Diancie|78\/100\n|\n|upkeep\n|turn|2\n|\n|t:|1700877250\n|switch|p2a: Sinistcha|Sinistcha|100\/100\n|detailschange|p1a: Diancie|Diancie-Mega\n|-mega|p1a: Diancie|Diancie|Diancite\n|move|p1a: Diancie|Moonblast|p2a: Sinistcha\n|-damage|p2a: Sinistcha|29\/100\n|-unboost|p2a: Sinistcha|spa|1\n|\n|upkeep\n|turn|3\n|c|\u2606rhinoo58|!data hospitality\n|raw|<ul class=\"utilichart\"><li class=\"result\"><span class=\"col namecol\"><a href=\"https:\/\/dex.pokemonshowdown.com\/abilities\/hospitality\">Hospitality<\/a><\/span> <span class=\"col abilitydesccol\">On switch-in, this Pokemon restores 1\/4 of its ally's maximum HP, rounded down.<\/span> <\/li><li style=\"clear:both\"><\/li><\/ul>\n\n|\n|t:|1700877280\n|move|p1a: Diancie|Moonblast|p2a: Sinistcha\n|-damage|p2a: Sinistcha|0 fnt\n|faint|p2a: Sinistcha\n|\n|upkeep\n|\n|t:|1700877319\n|switch|p2a: Heatran|Heatran, F|100\/100\n|turn|4\n|\n|t:|1700877369\n|move|p1a: Diancie|Earth Power|p2a: Heatran\n|-supereffective|p2a: Heatran\n|-damage|p2a: Heatran|0 fnt\n|faint|p2a: Heatran\n|\n|upkeep\n|\n|t:|1700877376\n|switch|p2a: Hydreigon|Hydreigon, F|100\/100\n|turn|5\n|\n|t:|1700877399\n|move|p1a: Diancie|Moonblast|p2a: Hydreigon\n|-supereffective|p2a: Hydreigon\n|-damage|p2a: Hydreigon|0 fnt\n|faint|p2a: Hydreigon\n|\n|upkeep\n|\n|t:|1700877434\n|switch|p2a: Celesteela|Celesteela|100\/100\n|turn|6\n|\n|t:|1700877448\n|switch|p1a: Typhlosion|Typhlosion, M|100\/100\n|move|p2a: Celesteela|Heavy Slam|p1a: Typhlosion\n|-resisted|p1a: Typhlosion\n|-damage|p1a: Typhlosion|71\/100\n|\n|upkeep\n|turn|7\n|\n|t:|1700877465\n|move|p2a: Celesteela|Protect|p2a: Celesteela\n|-singleturn|p2a: Celesteela|Protect\n|move|p1a: Typhlosion|Flamethrower|p2a: Celesteela\n|-activate|p2a: Celesteela|move: Protect\n|\n|upkeep\n|turn|8\n|\n|t:|1700877490\n|move|p2a: Celesteela|Protect|p2a: Celesteela\n|-singleturn|p2a: Celesteela|Protect\n|move|p1a: Typhlosion|Flamethrower|p2a: Celesteela\n|-activate|p2a: Celesteela|move: Protect\n|\n|upkeep\n|turn|9\n|\n|t:|1700877502\n|move|p2a: Celesteela|Protect||[still]\n|-fail|p2a: Celesteela\n|move|p1a: Typhlosion|Flamethrower|p2a: Celesteela\n|-supereffective|p2a: Celesteela\n|-damage|p2a: Celesteela|0 fnt\n|faint|p2a: Celesteela\n|\n|upkeep\n|\n|t:|1700877508\n|switch|p2a: Hoopa|Hoopa-Unbound|100\/100\n|turn|10\n|\n|t:|1700877538\n|move|p1a: Typhlosion|Flamethrower|p2a: Hoopa\n|-damage|p2a: Hoopa|49\/100\n|move|p2a: Hoopa|Drain Punch|p1a: Typhlosion\n|-damage|p1a: Typhlosion|28\/100\n|-heal|p2a: Hoopa|70\/100|[from] drain|[of] p1a: Typhlosion\n|-item|p2a: Hoopa|Choice Specs|[from] ability: Magician|[of] p1a: Typhlosion\n|\n|upkeep\n|turn|11\n|\n|t:|1700877556\n|move|p1a: Typhlosion|Flamethrower|p2a: Hoopa\n|-damage|p2a: Hoopa|14\/100\n|-status|p2a: Hoopa|brn\n|move|p2a: Hoopa|Drain Punch|p1a: Typhlosion\n|-damage|p1a: Typhlosion|5\/100\n|-heal|p2a: Hoopa|26\/100 brn|[from] drain|[of] p1a: Typhlosion\n|\n|-damage|p2a: Hoopa|20\/100 brn|[from] brn\n|upkeep\n|turn|12\n|\n|t:|1700877567\n|switch|p2a: Muk|Muk, M|100\/100\n|move|p1a: Typhlosion|Flamethrower|p2a: Muk\n|-damage|p2a: Muk|61\/100\n|\n|-heal|p2a: Muk|67\/100|[from] item: Leftovers\n|upkeep\n|turn|13\n|\n|t:|1700877584\n|switch|p1a: Kartana|Kartana|100\/100\n|move|p2a: Muk|Toxic Spikes|p1a: Kartana\n|-sidestart|p1: rhinoo58|move: Toxic Spikes\n|\n|-heal|p2a: Muk|73\/100|[from] item: Leftovers\n|upkeep\n|turn|14\n|\n|t:|1700877595\n|switch|p2a: Hoopa|Hoopa-Unbound|20\/100 brn\n|move|p1a: Kartana|Swords Dance|p1a: Kartana\n|-boost|p1a: Kartana|atk|2\n|\n|-damage|p2a: Hoopa|14\/100 brn|[from] brn\n|upkeep\n|turn|15\n|\n|t:|1700877621\n|move|p1a: Kartana|Sacred Sword|p2a: Hoopa\n|-damage|p2a: Hoopa|0 fnt\n|faint|p2a: Hoopa\n|-ability|p1a: Kartana|Beast Boost|boost\n|-boost|p1a: Kartana|atk|1\n|\n|upkeep\n|\n|t:|1700877627\n|switch|p2a: Muk|Muk, M|73\/100\n|turn|16\n|\n|t:|1700877631\n|-zpower|p1a: Kartana\n|move|p1a: Kartana|Breakneck Blitz|p2a: Muk|[zeffect]\n|-damage|p2a: Muk|0 fnt\n|faint|p2a: Muk\n|\n|win|rhinoo58\n","uploadtime":1700877653,"views":19,"p1id":"rhinoo58","p2id":"guhlendemn","formatid":"gen9nationaldex","rating":0,"private":0,"password":""}