{"id":"gen9nationaldex-1990358303","p1":"Amber-acid","p2":"zcy41611","format":"[Gen 9] National Dex","log":"|j|\u2606Amber-acid\n|j|\u2606zcy41611\n|t:|1699961754\n|gametype|singles\n|player|p1|Amber-acid|170|1264\n|player|p2|zcy41611|lady-gen4|1382\n|teamsize|p1|6\n|teamsize|p2|6\n|gen|9\n|tier|[Gen 9] National Dex\n|rated|\n|rule|HP Percentage Mod: HP is shown in percentages\n|rule|Endless Battle Clause: Forcing endless battles is banned\n|rule|OHKO Clause: OHKO moves are banned\n|rule|Evasion Clause: Evasion abilities, items, and moves are banned\n|rule|Evasion Abilities Clause: Evasion abilities are banned\n|rule|Evasion Items Clause: Evasion items are banned\n|rule|Evasion Moves Clause: Evasion moves are banned\n|rule|Species Clause: Limit one of each Pok\u00e9mon\n|rule|Sleep Clause Mod: Limit one foe put to sleep\n|clearpoke\n|poke|p1|Pelipper, F|\n|poke|p1|Barraskewda, M|\n|poke|p1|Swampert, F|\n|poke|p1|Ferrothorn, M|\n|poke|p1|Kingdra, F|\n|poke|p1|Zapdos|\n|poke|p2|Glimmora, F|\n|poke|p2|Dragonite, M|\n|poke|p2|Garganacl, M|\n|poke|p2|Venusaur, M|\n|poke|p2|Latios, M|\n|poke|p2|Zapdos|\n|teampreview\n|inactive|Battle timer is ON: inactive players will automatically lose when time's up. (requested by zcy41611)\n|\n|t:|1699961771\n|start\n|switch|p1a: Barraskewda|Barraskewda, M, shiny|100\/100\n|switch|p2a: Glimmora|Glimmora, F|100\/100\n|-item|p2a: Glimmora|Air Balloon\n|turn|1\n|\n|t:|1699961779\n|switch|p2a: Venusaur|Venusaur, M|100\/100\n|move|p1a: Barraskewda|Flip Turn|p2a: Venusaur\n|-resisted|p2a: Venusaur\n|-damage|p2a: Venusaur|77\/100\n|\n|t:|1699961785\n|switch|p1a: Pelipper|Pelipper, F|100\/100|[from] Flip Turn\n|-weather|RainDance|[from] ability: Drizzle|[of] p1a: Pelipper\n|\n|-weather|RainDance|[upkeep]\n|upkeep\n|turn|2\n|\n|t:|1699961796\n|switch|p2a: Garganacl|Garganacl, M|100\/100\n|move|p1a: Pelipper|Hurricane|p2a: Garganacl\n|-resisted|p2a: Garganacl\n|-damage|p2a: Garganacl|87\/100\n|-start|p2a: Garganacl|confusion\n|\n|-weather|RainDance|[upkeep]\n|-heal|p2a: Garganacl|94\/100|[from] item: Leftovers\n|upkeep\n|turn|3\n|\n|t:|1699961805\n|move|p1a: Pelipper|U-turn|p2a: Garganacl\n|-damage|p2a: Garganacl|89\/100\n|\n|t:|1699961812\n|switch|p1a: Barraskewda|Barraskewda, M, shiny|100\/100|[from] U-turn\n|-activate|p2a: Garganacl|confusion\n|-damage|p2a: Garganacl|83\/100|[from] confusion\n|\n|-weather|RainDance|[upkeep]\n|-heal|p2a: Garganacl|89\/100|[from] item: Leftovers\n|upkeep\n|turn|4\n|\n|t:|1699961819\n|-activate|p2a: Garganacl|confusion\n|move|p2a: Garganacl|Protect|p2a: Garganacl\n|-singleturn|p2a: Garganacl|Protect\n|move|p1a: Barraskewda|Liquidation|p2a: Garganacl\n|-activate|p2a: Garganacl|move: Protect\n|\n|-weather|RainDance|[upkeep]\n|-heal|p2a: Garganacl|95\/100|[from] item: Leftovers\n|upkeep\n|turn|5\n|\n|t:|1699961826\n|switch|p2a: Glimmora|Glimmora, F|100\/100\n|-item|p2a: Glimmora|Air Balloon\n|move|p1a: Barraskewda|Liquidation|p2a: Glimmora\n|-supereffective|p2a: Glimmora\n|-damage|p2a: Glimmora|0 fnt\n|-activate|p2a: Glimmora|ability: Toxic Debris\n|-sidestart|p1: Amber-acid|move: Toxic Spikes\n|-enditem|p2a: Glimmora|Air Balloon\n|faint|p2a: Glimmora\n|\n|-weather|RainDance|[upkeep]\n|upkeep\n|\n|t:|1699961830\n|switch|p2a: Venusaur|Venusaur, M|77\/100\n|turn|6\n|\n|t:|1699961841\n|detailschange|p2a: Venusaur|Venusaur-Mega, M\n|-mega|p2a: Venusaur|Venusaur|Venusaurite\n|move|p1a: Barraskewda|Liquidation|p2a: Venusaur\n|-resisted|p2a: Venusaur\n|-damage|p2a: Venusaur|33\/100\n|move|p2a: Venusaur|Sludge Bomb|p1a: Barraskewda\n|-damage|p1a: Barraskewda|10\/100\n|\n|-weather|RainDance|[upkeep]\n|upkeep\n|turn|7\n|\n|t:|1699961860\n|switch|p2a: Dragonite|Dragonite, M|100\/100\n|move|p1a: Barraskewda|Liquidation|p2a: Dragonite\n|-resisted|p2a: Dragonite\n|-damage|p2a: Dragonite|70\/100\n|\n|-weather|RainDance|[upkeep]\n|upkeep\n|turn|8\n|\n|t:|1699961867\n|-terastallize|p1a: Barraskewda|Water\n|move|p1a: Barraskewda|Liquidation|p2a: Dragonite\n|-resisted|p2a: Dragonite\n|-damage|p2a: Dragonite|0 fnt\n|faint|p2a: Dragonite\n|\n|-weather|none\n|upkeep\n|\n|t:|1699961874\n|switch|p2a: Venusaur|Venusaur-Mega, M|33\/100\n|turn|9\n|\n|t:|1699961878\n|move|p1a: Barraskewda|Liquidation|p2a: Venusaur\n|-resisted|p2a: Venusaur\n|-damage|p2a: Venusaur|0 fnt\n|faint|p2a: Venusaur\n|\n|upkeep\n|-message|zcy41611 forfeited.\n|\n|win|Amber-acid\n|raw|Amber-acid's rating: 1264 &rarr; <strong>1297<\/strong><br \/>(+33 for winning)\n|raw|zcy41611's rating: 1382 &rarr; <strong>1355<\/strong><br \/>(-27 for losing)\n|l|\u2606zcy41611\n","uploadtime":1699961885,"views":6,"p1id":"amberacid","p2id":"zcy41611","formatid":"gen9nationaldex","rating":1297,"private":0,"password":""}