{"id":"gen9nationaldex-1989721886","p1":"sarapikachuUwU","p2":"apoto","format":"[Gen 9] National Dex","log":"|j|\u2606sarapikachuUwU\n|j|\u2606apoto\n|t:|1699890071\n|gametype|singles\n|player|p1|sarapikachuUwU|pokekid|\n|player|p2|apoto|pokekid|\n|teamsize|p1|6\n|teamsize|p2|6\n|gen|9\n|tier|[Gen 9] National Dex\n|rule|HP Percentage Mod: HP is shown in percentages\n|rule|Endless Battle Clause: Forcing endless battles is banned\n|rule|OHKO Clause: OHKO moves are banned\n|rule|Evasion Clause: Evasion abilities, items, and moves are banned\n|rule|Evasion Abilities Clause: Evasion abilities are banned\n|rule|Evasion Items Clause: Evasion items are banned\n|rule|Evasion Moves Clause: Evasion moves are banned\n|rule|Species Clause: Limit one of each Pok\u00e9mon\n|rule|Sleep Clause Mod: Limit one foe put to sleep\n|clearpoke\n|poke|p1|Charizard, F|\n|poke|p1|Tapu Lele|\n|poke|p1|Great Tusk|\n|poke|p1|Aegislash, M|\n|poke|p1|Ogerpon-Wellspring, F|\n|poke|p1|Victini|\n|poke|p2|Latias, F|\n|poke|p2|Tapu Lele|\n|poke|p2|Ninetales-Alola, F|\n|poke|p2|Garganacl, F|\n|poke|p2|Cinderace, F|\n|poke|p2|Volcarona, F|\n|teampreview\n|\n|t:|1699890104\n|start\n|switch|p1a: Victini|Victini|100\/100\n|switch|p2a: Tapu Lele|Tapu Lele, shiny|100\/100\n|-fieldstart|move: Psychic Terrain|[from] ability: Psychic Surge|[of] p2a: Tapu Lele\n|turn|1\n|j| Malamardo\n|\n|t:|1699890179\n|move|p1a: Victini|Trick|p2a: Tapu Lele\n|-activate|p1a: Victini|move: Trick|[of] p2a: Tapu Lele\n|-item|p2a: Tapu Lele|Choice Scarf|[from] move: Trick\n|-item|p1a: Victini|Leftovers|[from] move: Trick\n|move|p2a: Tapu Lele|Calm Mind|p2a: Tapu Lele\n|-boost|p2a: Tapu Lele|spa|1\n|-boost|p2a: Tapu Lele|spd|1\n|\n|upkeep\n|turn|2\n|\n|t:|1699890195\n|switch|p2a: Ninetales|Ninetales-Alola, F, shiny|100\/100\n|-weather|Snow|[from] ability: Snow Warning|[of] p2a: Ninetales\n|move|p1a: Victini|U-turn|p2a: Ninetales\n|-resisted|p2a: Ninetales\n|-damage|p2a: Ninetales|92\/100\n|\n|t:|1699890207\n|switch|p1a: Charizard|Charizard, F|100\/100|[from] U-turn\n|\n|-weather|Snow|[upkeep]\n|upkeep\n|turn|3\n|\n|t:|1699890243\n|switch|p2a: Cinderace|Cinderace, F|100\/100\n|detailschange|p1a: Charizard|Charizard-Mega-Y, F\n|-mega|p1a: Charizard|Charizard|Charizardite Y\n|-weather|SunnyDay|[from] ability: Drought|[of] p1a: Charizard\n|move|p1a: Charizard|Tailwind|p1a: Charizard\n|-sidestart|p1: sarapikachuUwU|move: Tailwind\n|\n|-weather|SunnyDay|[upkeep]\n|upkeep\n|turn|4\n|j| Diegogris\n|l| Diegogris\n|\n|t:|1699890269\n|move|p1a: Charizard|Air Slash|p2a: Cinderace\n|-damage|p2a: Cinderace|32\/100\n|move|p2a: Cinderace|Court Change|p2a: Cinderace\n|-start|p2a: Cinderace|typechange|Normal|[from] ability: Libero\n|-swapsideconditions\n|-activate|p2a: Cinderace|move: Court Change\n|\n|-weather|SunnyDay|[upkeep]\n|upkeep\n|turn|5\n|c|\u2606sarapikachuUwU|que\n|\n|t:|1699890296\n|move|p2a: Cinderace|U-turn|p1a: Charizard\n|-resisted|p1a: Charizard\n|-damage|p1a: Charizard|93\/100\n|\n|t:|1699890302\n|switch|p2a: Ninetales|Ninetales-Alola, F, shiny|92\/100|[from] U-turn\n|-weather|Snow|[from] ability: Snow Warning|[of] p2a: Ninetales\n|move|p1a: Charizard|Weather Ball|p2a: Ninetales\n|-resisted|p2a: Ninetales\n|-damage|p2a: Ninetales|69\/100\n|\n|-weather|Snow|[upkeep]\n|-fieldend|move: Psychic Terrain\n|upkeep\n|turn|6\n|\n|t:|1699890321\n|switch|p1a: Aegislash|Aegislash, M|100\/100\n|move|p2a: Ninetales|Aurora Veil|p2a: Ninetales\n|-sidestart|p2: apoto|move: Aurora Veil\n|\n|-weather|Snow|[upkeep]\n|-sideend|p2: apoto|move: Tailwind\n|upkeep\n|turn|7\n|\n|t:|1699890342\n|switch|p2a: Cinderace|Cinderace, F|32\/100\n|move|p1a: Aegislash|Toxic|p2a: Cinderace\n|-status|p2a: Cinderace|tox\n|\n|-weather|Snow|[upkeep]\n|-damage|p2a: Cinderace|26\/100 tox|[from] psn\n|upkeep\n|turn|8\n|\n|t:|1699890370\n|switch|p2a: Garganacl|Garganacl, F|100\/100\n|move|p1a: Aegislash|King's Shield||[still]\n|-fail|p1a: Aegislash\n|\n|-weather|Snow|[upkeep]\n|upkeep\n|turn|9\n|\n|t:|1699890391\n|switch|p1a: Tapu Lele|Tapu Lele|100\/100\n|-fieldstart|move: Psychic Terrain|[from] ability: Psychic Surge|[of] p1a: Tapu Lele\n|move|p2a: Garganacl|Stealth Rock|p1a: Tapu Lele\n|-sidestart|p1: sarapikachuUwU|move: Stealth Rock\n|\n|-weather|none\n|upkeep\n|turn|10\n|\n|t:|1699890404\n|move|p1a: Tapu Lele|Focus Blast|p2a: Garganacl\n|-supereffective|p2a: Garganacl\n|-damage|p2a: Garganacl|60\/100\n|move|p2a: Garganacl|Salt Cure|p1a: Tapu Lele\n|-damage|p1a: Tapu Lele|79\/100\n|-start|p1a: Tapu Lele|Salt Cure\n|\n|-heal|p2a: Garganacl|66\/100|[from] item: Leftovers\n|-damage|p1a: Tapu Lele|67\/100|[from] Salt Cure\n|upkeep\n|turn|11\n|l| Malamardo\n|\n|t:|1699890427\n|switch|p1a: Ogerpon|Ogerpon-Wellspring, F|100\/100\n|-damage|p1a: Ogerpon|88\/100|[from] Stealth Rock\n|switch|p2a: Tapu Lele|Tapu Lele, shiny|100\/100\n|\n|upkeep\n|turn|12\n|\n|t:|1699890446\n|switch|p1a: Aegislash|Aegislash, M|100\/100\n|-damage|p1a: Aegislash|94\/100|[from] Stealth Rock\n|move|p2a: Tapu Lele|Psyshock|p1a: Aegislash\n|-resisted|p1a: Aegislash\n|-damage|p1a: Aegislash|76\/100\n|\n|-heal|p1a: Aegislash|83\/100|[from] item: Leftovers\n|upkeep\n|turn|13\n|\n|t:|1699890468\n|switch|p2a: Garganacl|Garganacl, F|66\/100\n|-formechange|p1a: Aegislash|Aegislash-Blade||[from] ability: Stance Change\n|move|p1a: Aegislash|Gyro Ball|p2a: Garganacl\n|-supereffective|p2a: Garganacl\n|-damage|p2a: Garganacl|60\/100\n|\n|-heal|p1a: Aegislash|89\/100|[from] item: Leftovers\n|-heal|p2a: Garganacl|67\/100|[from] item: Leftovers\n|-sideend|p2: apoto|move: Aurora Veil\n|-fieldend|move: Psychic Terrain\n|upkeep\n|turn|14\n|\n|t:|1699890490\n|switch|p1a: Ogerpon|Ogerpon-Wellspring, F|88\/100\n|-damage|p1a: Ogerpon|76\/100|[from] Stealth Rock\n|move|p2a: Garganacl|Recover|p2a: Garganacl\n|-heal|p2a: Garganacl|100\/100\n|\n|upkeep\n|turn|15\n|\n|t:|1699890503\n|move|p1a: Ogerpon|Swords Dance|p1a: Ogerpon\n|-boost|p1a: Ogerpon|atk|2\n|move|p2a: Garganacl|Salt Cure|p1a: Ogerpon\n|-damage|p1a: Ogerpon|57\/100\n|-start|p1a: Ogerpon|Salt Cure\n|\n|-damage|p1a: Ogerpon|32\/100|[from] Salt Cure\n|upkeep\n|turn|16\n|\n|t:|1699890514\n|move|p1a: Ogerpon|Horn Leech|p2a: Garganacl\n|-supereffective|p2a: Garganacl\n|-damage|p2a: Garganacl|5\/100\n|-heal|p1a: Ogerpon|96\/100|[from] drain|[of] p2a: Garganacl\n|move|p2a: Garganacl|Recover|p2a: Garganacl\n|-heal|p2a: Garganacl|55\/100\n|\n|-heal|p2a: Garganacl|61\/100|[from] item: Leftovers\n|-damage|p1a: Ogerpon|71\/100|[from] Salt Cure\n|upkeep\n|turn|17\n|\n|t:|1699890529\n|switch|p2a: Latias|Latias, F|100\/100\n|move|p1a: Ogerpon|Play Rough|p2a: Latias\n|-supereffective|p2a: Latias\n|-damage|p2a: Latias|0 fnt\n|faint|p2a: Latias\n|\n|-damage|p1a: Ogerpon|46\/100|[from] Salt Cure\n|upkeep\n|c|\u2606apoto|A\n|c|\u2606sarapikachuUwU|jeje\n|\n|t:|1699890549\n|switch|p2a: Tapu Lele|Tapu Lele, shiny|100\/100\n|-fieldstart|move: Psychic Terrain|[from] ability: Psychic Surge|[of] p2a: Tapu Lele\n|turn|18\n|\n|t:|1699890567\n|switch|p2a: Garganacl|Garganacl, F|61\/100\n|switch|p1a: Aegislash|Aegislash, M|89\/100\n|-damage|p1a: Aegislash|83\/100|[from] Stealth Rock\n|\n|-heal|p1a: Aegislash|89\/100|[from] item: Leftovers\n|-heal|p2a: Garganacl|67\/100|[from] item: Leftovers\n|upkeep\n|turn|19\n|\n|t:|1699890586\n|move|p1a: Aegislash|King's Shield|p1a: Aegislash\n|-singleturn|p1a: Aegislash|Protect\n|move|p2a: Garganacl|Salt Cure|p1a: Aegislash\n|-activate|p1a: Aegislash|move: Protect\n|\n|-heal|p1a: Aegislash|95\/100|[from] item: Leftovers\n|-heal|p2a: Garganacl|74\/100|[from] item: Leftovers\n|upkeep\n|turn|20\n|\n|t:|1699890617\n|switch|p1a: Tapu Lele|Tapu Lele|67\/100\n|-damage|p1a: Tapu Lele|54\/100|[from] Stealth Rock\n|move|p2a: Garganacl|Salt Cure|p1a: Tapu Lele\n|-damage|p1a: Tapu Lele|35\/100\n|-start|p1a: Tapu Lele|Salt Cure\n|\n|-heal|p2a: Garganacl|80\/100|[from] item: Leftovers\n|-damage|p1a: Tapu Lele|22\/100|[from] Salt Cure\n|upkeep\n|turn|21\n|\n|t:|1699890643\n|switch|p2a: Ninetales|Ninetales-Alola, F, shiny|69\/100\n|-weather|Snow|[from] ability: Snow Warning|[of] p2a: Ninetales\n|move|p1a: Tapu Lele|Psyshock|p2a: Ninetales\n|-damage|p2a: Ninetales|15\/100\n|\n|-weather|Snow|[upkeep]\n|-damage|p1a: Tapu Lele|10\/100|[from] Salt Cure\n|upkeep\n|turn|22\n|\n|t:|1699890658\n|move|p1a: Tapu Lele|Psyshock|p2a: Ninetales\n|-damage|p2a: Ninetales|0 fnt\n|faint|p2a: Ninetales\n|\n|-weather|Snow|[upkeep]\n|-damage|p1a: Tapu Lele|0 fnt|[from] Salt Cure\n|faint|p1a: Tapu Lele\n|-fieldend|move: Psychic Terrain\n|upkeep\n|c|\u2606apoto|crei que cambiaras xD\n|\n|t:|1699890696\n|switch|p2a: Garganacl|Garganacl, F|80\/100\n|switch|p1a: Victini|Victini|100\/100\n|-damage|p1a: Victini|76\/100|[from] Stealth Rock\n|turn|23\n|j| Asterax\n|\n|t:|1699890722\n|move|p1a: Victini|Final Gambit|p2a: Garganacl\n|-damage|p2a: Garganacl|16\/100\n|faint|p1a: Victini\n|move|p2a: Garganacl|Salt Cure|p1: Victini|[notarget]\n|-fail|p2a: Garganacl\n|\n|-weather|Snow|[upkeep]\n|-heal|p2a: Garganacl|23\/100|[from] item: Leftovers\n|upkeep\n|c|\u2606apoto|A\n|l| Asterax\n|\n|t:|1699890738\n|switch|p1a: Great Tusk|Great Tusk|100\/100\n|-damage|p1a: Great Tusk|98\/100|[from] Stealth Rock\n|turn|24\n|\n|t:|1699890749\n|switch|p2a: Tapu Lele|Tapu Lele, shiny|100\/100\n|-fieldstart|move: Psychic Terrain|[from] ability: Psychic Surge|[of] p2a: Tapu Lele\n|move|p1a: Great Tusk|Headlong Rush|p2a: Tapu Lele\n|-damage|p2a: Tapu Lele|14\/100\n|-unboost|p1a: Great Tusk|def|1\n|-unboost|p1a: Great Tusk|spd|1\n|\n|-weather|Snow|[upkeep]\n|upkeep\n|turn|25\n|\n|t:|1699890773\n|-end|p1a: Great Tusk|Protosynthesis|[silent]\n|switch|p1a: Aegislash|Aegislash, M|95\/100\n|-damage|p1a: Aegislash|89\/100|[from] Stealth Rock\n|move|p2a: Tapu Lele|Psyshock|p1a: Aegislash\n|-resisted|p1a: Aegislash\n|-damage|p1a: Aegislash|72\/100\n|\n|-weather|none\n|-heal|p1a: Aegislash|78\/100|[from] item: Leftovers\n|upkeep\n|turn|26\n|\n|t:|1699890792\n|switch|p2a: Garganacl|Garganacl, F|23\/100\n|switch|p1a: Great Tusk|Great Tusk|98\/100\n|-damage|p1a: Great Tusk|95\/100|[from] Stealth Rock\n|\n|-heal|p2a: Garganacl|29\/100|[from] item: Leftovers\n|upkeep\n|turn|27\n|\n|t:|1699890817\n|-terastallize|p2a: Garganacl|Ghost\n|move|p1a: Great Tusk|Headlong Rush|p2a: Garganacl\n|-damage|p2a: Garganacl|0 fnt\n|-unboost|p1a: Great Tusk|def|1\n|-unboost|p1a: Great Tusk|spd|1\n|faint|p2a: Garganacl\n|\n|upkeep\n|c|\u2606sarapikachuUwU|ke?\n|c|\u2606apoto|por si aguantava XD\n|\n|t:|1699890860\n|switch|p2a: Tapu Lele|Tapu Lele, shiny|14\/100\n|turn|28\n|\n|t:|1699890877\n|switch|p2a: Volcarona|Volcarona, F|100\/100\n|-end|p1a: Great Tusk|Protosynthesis|[silent]\n|switch|p1a: Aegislash|Aegislash, M|78\/100\n|-damage|p1a: Aegislash|72\/100|[from] Stealth Rock\n|\n|-heal|p1a: Aegislash|78\/100|[from] item: Leftovers\n|-fieldend|move: Psychic Terrain\n|upkeep\n|turn|29\n|\n|t:|1699890907\n|move|p2a: Volcarona|Quiver Dance|p2a: Volcarona\n|-boost|p2a: Volcarona|spa|1\n|-boost|p2a: Volcarona|spd|1\n|-boost|p2a: Volcarona|spe|1\n|move|p1a: Aegislash|Toxic|p2a: Volcarona\n|-status|p2a: Volcarona|tox\n|\n|-heal|p1a: Aegislash|84\/100|[from] item: Leftovers\n|-damage|p2a: Volcarona|94\/100 tox|[from] psn\n|upkeep\n|turn|30\n|\n|t:|1699890921\n|move|p1a: Aegislash|King's Shield|p1a: Aegislash\n|-singleturn|p1a: Aegislash|Protect\n|move|p2a: Volcarona|Fiery Dance|p1a: Aegislash\n|-activate|p1a: Aegislash|move: Protect\n|\n|-heal|p1a: Aegislash|90\/100|[from] item: Leftovers\n|-damage|p2a: Volcarona|82\/100 tox|[from] psn\n|upkeep\n|turn|31\n|\n|t:|1699890935\n|-terastallize|p1a: Aegislash|Water\n|move|p2a: Volcarona|Fiery Dance|p1a: Aegislash\n|-resisted|p1a: Aegislash\n|-damage|p1a: Aegislash|71\/100\n|-formechange|p1a: Aegislash|Aegislash-Blade||[from] ability: Stance Change\n|move|p1a: Aegislash|Gyro Ball|p2a: Volcarona\n|-resisted|p2a: Volcarona\n|-damage|p2a: Volcarona|64\/100 tox\n|\n|-heal|p1a: Aegislash|78\/100|[from] item: Leftovers\n|-damage|p2a: Volcarona|46\/100 tox|[from] psn\n|upkeep\n|turn|32\n|\n|t:|1699890965\n|switch|p1a: Ogerpon|Ogerpon-Wellspring, F|46\/100\n|-damage|p1a: Ogerpon|34\/100|[from] Stealth Rock\n|-zpower|p2a: Volcarona\n|move|p2a: Volcarona|Shattered Psyche|p1a: Ogerpon|[zeffect]\n|-damage|p1a: Ogerpon|0 fnt\n|faint|p1a: Ogerpon\n|\n|-damage|p2a: Volcarona|21\/100 tox|[from] psn\n|upkeep\n|\n|t:|1699890986\n|switch|p1a: Aegislash|Aegislash, M, tera:Water|78\/100\n|-damage|p1a: Aegislash|65\/100|[from] Stealth Rock\n|turn|33\n|l|\u2606sarapikachuUwU\n|player|p1|\n|l|\u2606apoto\n|player|p2|\n|j|\u2606apoto\n|player|p2|apoto|shadowtriad\n|player|p2|\n|l|apoto\n|player|p2|apoto|shadowtriad\n|j|\u2606apoto\n|player|p2|\n|l|apoto\n|player|p2|apoto|shadowtriad\n|j|\u2606apoto\n|j|\u2606sarapikachuUwU\n|player|p1|sarapikachuUwU|pokekid\n|\n|t:|1699891140\n|-formechange|p1a: Aegislash|Aegislash-Blade||[from] ability: Stance Change\n|move|p1a: Aegislash|Shadow Sneak|p2a: Volcarona\n|-damage|p2a: Volcarona|5\/100 tox\n|move|p2a: Volcarona|Roost|p2a: Volcarona\n|-heal|p2a: Volcarona|55\/100 tox\n|-singleturn|p2a: Volcarona|move: Roost\n|\n|-heal|p1a: Aegislash|71\/100|[from] item: Leftovers\n|-damage|p2a: Volcarona|24\/100 tox|[from] psn\n|upkeep\n|turn|34\n|\n|t:|1699891161\n|move|p2a: Volcarona|Roost|p2a: Volcarona\n|-heal|p2a: Volcarona|74\/100 tox\n|-singleturn|p2a: Volcarona|move: Roost\n|move|p1a: Aegislash|Gyro Ball|p2a: Volcarona\n|-resisted|p2a: Volcarona\n|-damage|p2a: Volcarona|54\/100 tox\n|\n|-heal|p1a: Aegislash|78\/100|[from] item: Leftovers\n|-damage|p2a: Volcarona|17\/100 tox|[from] psn\n|upkeep\n|turn|35\n|\n|t:|1699891175\n|move|p1a: Aegislash|Shadow Sneak|p2a: Volcarona\n|-damage|p2a: Volcarona|0 fnt\n|faint|p2a: Volcarona\n|\n|-heal|p1a: Aegislash|84\/100|[from] item: Leftovers\n|upkeep\n|\n|t:|1699891185\n|switch|p2a: Tapu Lele|Tapu Lele, shiny|14\/100\n|-fieldstart|move: Psychic Terrain|[from] ability: Psychic Surge|[of] p2a: Tapu Lele\n|turn|36\n|\n|t:|1699891200\n|switch|p1a: Charizard|Charizard-Mega-Y, F|93\/100\n|-damage|p1a: Charizard|44\/100|[from] Stealth Rock\n|-weather|SunnyDay|[from] ability: Drought|[of] p1a: Charizard\n|move|p2a: Tapu Lele|Psyshock|p1a: Charizard\n|-damage|p1a: Charizard|0 fnt\n|faint|p1a: Charizard\n|\n|-weather|SunnyDay|[upkeep]\n|upkeep\n|\n|t:|1699891210\n|switch|p1a: Aegislash|Aegislash, M, tera:Water|84\/100\n|-damage|p1a: Aegislash|71\/100|[from] Stealth Rock\n|turn|37\n|\n|t:|1699891226\n|move|p2a: Tapu Lele|Psyshock|p1a: Aegislash\n|-damage|p1a: Aegislash|35\/100\n|-formechange|p1a: Aegislash|Aegislash-Blade||[from] ability: Stance Change\n|move|p1a: Aegislash|Gyro Ball|p2a: Tapu Lele\n|-supereffective|p2a: Tapu Lele\n|-damage|p2a: Tapu Lele|0 fnt\n|faint|p2a: Tapu Lele\n|\n|-weather|SunnyDay|[upkeep]\n|-heal|p1a: Aegislash|42\/100|[from] item: Leftovers\n|upkeep\n|\n|t:|1699891231\n|switch|p2a: Cinderace|Cinderace, F|26\/100 tox\n|turn|38\n|c|\u2606sarapikachuUwU|gg\n|c|\u2606apoto|gg\n|\n|t:|1699891250\n|-formechange|p1a: Aegislash|Aegislash||[from] ability: Stance Change\n|move|p1a: Aegislash|King's Shield|p1a: Aegislash\n|-singleturn|p1a: Aegislash|Protect\n|move|p2a: Cinderace|Pyro Ball|p1a: Aegislash\n|-activate|p1a: Aegislash|move: Protect\n|\n|-weather|SunnyDay|[upkeep]\n|-heal|p1a: Aegislash|48\/100|[from] item: Leftovers\n|-damage|p2a: Cinderace|20\/100 tox|[from] psn\n|upkeep\n|turn|39\n|\n|t:|1699891266\n|switch|p1a: Great Tusk|Great Tusk|95\/100\n|-damage|p1a: Great Tusk|92\/100|[from] Stealth Rock\n|-activate|p1a: Great Tusk|ability: Protosynthesis\n|-start|p1a: Great Tusk|protosynthesisatk\n|move|p2a: Cinderace|High Jump Kick|p1a: Great Tusk\n|-start|p2a: Cinderace|typechange|Fighting|[from] ability: Libero\n|-damage|p1a: Great Tusk|50\/100\n|\n|-weather|SunnyDay|[upkeep]\n|-damage|p2a: Cinderace|8\/100 tox|[from] psn\n|upkeep\n|turn|40\n|\n|t:|1699891283\n|move|p1a: Great Tusk|Ice Spinner|p2a: Cinderace\n|-damage|p2a: Cinderace|0 fnt\n|-fieldend|move: Psychic Terrain\n|faint|p2a: Cinderace\n|\n|win|sarapikachuUwU\n","uploadtime":1699891320,"views":4,"p1id":"sarapikachuuwu","p2id":"apoto","formatid":"gen9nationaldex","rating":0,"private":0,"password":""}