{"id":"gen9nationaldex-1992372428","p1":"johim","p2":"zany394","format":"[Gen 9] National Dex","log":"|j|\u2606johim\n|j|\u2606zany394\n|t:|1700179979\n|gametype|singles\n|player|p1|johim|riley|1186\n|player|p2|zany394|2|1107\n|teamsize|p1|6\n|teamsize|p2|6\n|gen|9\n|tier|[Gen 9] National Dex\n|rated|\n|rule|HP Percentage Mod: HP is shown in percentages\n|rule|Endless Battle Clause: Forcing endless battles is banned\n|rule|OHKO Clause: OHKO moves are banned\n|rule|Evasion Clause: Evasion abilities, items, and moves are banned\n|rule|Evasion Abilities Clause: Evasion abilities are banned\n|rule|Evasion Items Clause: Evasion items are banned\n|rule|Evasion Moves Clause: Evasion moves are banned\n|rule|Species Clause: Limit one of each Pok\u00e9mon\n|rule|Sleep Clause Mod: Limit one foe put to sleep\n|clearpoke\n|poke|p1|Charizard, M|\n|poke|p1|Rhydon, M|\n|poke|p1|Cloyster, M|\n|poke|p1|Crobat, M|\n|poke|p1|Magneton|\n|poke|p1|Hitmonlee, M|\n|poke|p2|Charizard, M|\n|poke|p2|Mimikyu, F|\n|poke|p2|Grimmsnarl, M|\n|poke|p2|Ogerpon-Wellspring, F|\n|poke|p2|Ferrothorn, F|\n|poke|p2|Glimmora, M|\n|teampreview\n|\n|t:|1700179992\n|start\n|switch|p1a: Magneton|Magneton|100\/100\n|switch|p2a: Glimmora|Glimmora, M|100\/100\n|turn|1\n|\n|t:|1700179997\n|move|p2a: Glimmora|Stealth Rock|p1a: Magneton\n|-sidestart|p1: johim|move: Stealth Rock\n|move|p1a: Magneton|Flash Cannon|p2a: Glimmora\n|-supereffective|p2a: Glimmora\n|-damage|p2a: Glimmora|0 fnt\n|faint|p2a: Glimmora\n|\n|upkeep\n|\n|t:|1700180004\n|switch|p2a: Ferrothorn|Ferrothorn, F|100\/100\n|turn|2\n|\n|t:|1700180008\n|switch|p1a: Hitmonlee|Hitmonlee, M|100\/100\n|-damage|p1a: Hitmonlee|94\/100|[from] Stealth Rock\n|move|p2a: Ferrothorn|Spikes|p1a: Hitmonlee\n|-sidestart|p1: johim|Spikes\n|\n|upkeep\n|turn|3\n|\n|t:|1700180015\n|move|p1a: Hitmonlee|Bulk Up|p1a: Hitmonlee\n|-boost|p1a: Hitmonlee|atk|1\n|-boost|p1a: Hitmonlee|def|1\n|move|p2a: Ferrothorn|Leech Seed|p1a: Hitmonlee\n|-start|p1a: Hitmonlee|move: Leech Seed\n|\n|-damage|p1a: Hitmonlee|82\/100|[from] Leech Seed|[of] p2a: Ferrothorn\n|upkeep\n|turn|4\n|\n|t:|1700180017\n|move|p1a: Hitmonlee|Rapid Spin|p2a: Ferrothorn\n|-resisted|p2a: Ferrothorn\n|-damage|p2a: Ferrothorn|93\/100\n|-boost|p1a: Hitmonlee|spe|1\n|-damage|p1a: Hitmonlee|69\/100|[from] ability: Iron Barbs|[of] p2a: Ferrothorn\n|-end|p1a: Hitmonlee|Leech Seed|[from] move: Rapid Spin|[of] p1a: Hitmonlee\n|-sideend|p1: johim|Spikes|[from] move: Rapid Spin|[of] p1a: Hitmonlee\n|-sideend|p1: johim|Stealth Rock|[from] move: Rapid Spin|[of] p1a: Hitmonlee\n|move|p2a: Ferrothorn|Substitute|p2a: Ferrothorn\n|-start|p2a: Ferrothorn|Substitute\n|-damage|p2a: Ferrothorn|68\/100\n|\n|-heal|p2a: Ferrothorn|74\/100|[from] item: Leftovers\n|upkeep\n|turn|5\n|\n|t:|1700180021\n|move|p1a: Hitmonlee|Rapid Spin|p2a: Ferrothorn\n|-resisted|p2a: Ferrothorn\n|-activate|p2a: Ferrothorn|move: Substitute|[damage]\n|-boost|p1a: Hitmonlee|spe|1\n|move|p2a: Ferrothorn|Leech Seed|p1a: Hitmonlee\n|-start|p1a: Hitmonlee|move: Leech Seed\n|\n|-heal|p2a: Ferrothorn|80\/100|[from] item: Leftovers\n|-damage|p1a: Hitmonlee|57\/100|[from] Leech Seed|[of] p2a: Ferrothorn\n|-heal|p2a: Ferrothorn|89\/100|[silent]\n|upkeep\n|turn|6\n|\n|t:|1700180027\n|move|p2a: Ferrothorn|Protect|p2a: Ferrothorn\n|-singleturn|p2a: Ferrothorn|Protect\n|move|p1a: Hitmonlee|Rapid Spin|p2a: Ferrothorn\n|-activate|p2a: Ferrothorn|move: Protect\n|\n|-heal|p2a: Ferrothorn|95\/100|[from] item: Leftovers\n|-damage|p1a: Hitmonlee|44\/100|[from] Leech Seed|[of] p2a: Ferrothorn\n|-heal|p2a: Ferrothorn|100\/100|[silent]\n|upkeep\n|turn|7\n|\n|t:|1700180036\n|move|p2a: Ferrothorn|Protect|p2a: Ferrothorn\n|-singleturn|p2a: Ferrothorn|Protect\n|move|p1a: Hitmonlee|Rapid Spin|p2a: Ferrothorn\n|-activate|p2a: Ferrothorn|move: Protect\n|\n|-damage|p1a: Hitmonlee|32\/100|[from] Leech Seed|[of] p2a: Ferrothorn\n|upkeep\n|turn|8\n|\n|t:|1700180044\n|move|p1a: Hitmonlee|Rapid Spin|p2a: Ferrothorn\n|-resisted|p2a: Ferrothorn\n|-activate|p2a: Ferrothorn|move: Substitute|[damage]\n|-end|p1a: Hitmonlee|Leech Seed|[from] move: Rapid Spin|[of] p1a: Hitmonlee\n|-boost|p1a: Hitmonlee|spe|1\n|move|p2a: Ferrothorn|Spikes|p1a: Hitmonlee\n|-sidestart|p1: johim|Spikes\n|\n|upkeep\n|turn|9\n|\n|t:|1700180052\n|move|p2a: Ferrothorn|Protect|p2a: Ferrothorn\n|-singleturn|p2a: Ferrothorn|Protect\n|move|p1a: Hitmonlee|Close Combat|p2a: Ferrothorn\n|-activate|p2a: Ferrothorn|move: Protect\n|\n|upkeep\n|turn|10\n|\n|t:|1700180057\n|move|p1a: Hitmonlee|Close Combat|p2a: Ferrothorn\n|-supereffective|p2a: Ferrothorn\n|-end|p2a: Ferrothorn|Substitute\n|-unboost|p1a: Hitmonlee|def|1\n|-unboost|p1a: Hitmonlee|spd|1\n|move|p2a: Ferrothorn|Leech Seed|p1a: Hitmonlee\n|-start|p1a: Hitmonlee|move: Leech Seed\n|\n|-damage|p1a: Hitmonlee|20\/100|[from] Leech Seed|[of] p2a: Ferrothorn\n|upkeep\n|turn|11\n|\n|t:|1700180063\n|move|p2a: Ferrothorn|Protect|p2a: Ferrothorn\n|-singleturn|p2a: Ferrothorn|Protect\n|move|p1a: Hitmonlee|Bulk Up|p1a: Hitmonlee\n|-boost|p1a: Hitmonlee|atk|1\n|-boost|p1a: Hitmonlee|def|1\n|\n|-damage|p1a: Hitmonlee|7\/100|[from] Leech Seed|[of] p2a: Ferrothorn\n|upkeep\n|turn|12\n|\n|t:|1700180067\n|move|p1a: Hitmonlee|Close Combat|p2a: Ferrothorn\n|-supereffective|p2a: Ferrothorn\n|-damage|p2a: Ferrothorn|0 fnt\n|-unboost|p1a: Hitmonlee|def|1\n|-unboost|p1a: Hitmonlee|spd|1\n|-damage|p1a: Hitmonlee|0 fnt|[from] ability: Iron Barbs|[of] p2a: Ferrothorn\n|faint|p2a: Ferrothorn\n|faint|p1a: Hitmonlee\n|\n|upkeep\n|\n|t:|1700180078\n|switch|p1a: Rhydon|Rhydon, M|100\/100\n|switch|p2a: Grimmsnarl|Grimmsnarl, M|100\/100\n|-item|p1a: Rhydon|Eviolite|[from] ability: Frisk|[of] p2a: Grimmsnarl|[identify]\n|-damage|p1a: Rhydon|88\/100|[from] Spikes\n|turn|13\n|\n|t:|1700180084\n|move|p2a: Grimmsnarl|Fake Out|p1a: Rhydon\n|-resisted|p1a: Rhydon\n|-damage|p1a: Rhydon|85\/100\n|cant|p1a: Rhydon|flinch\n|\n|upkeep\n|turn|14\n|\n|t:|1700180089\n|move|p2a: Grimmsnarl|Darkest Lariat|p1a: Rhydon\n|-damage|p1a: Rhydon|64\/100\n|move|p1a: Rhydon|Swords Dance|p1a: Rhydon\n|-boost|p1a: Rhydon|atk|2\n|\n|upkeep\n|turn|15\n|\n|t:|1700180095\n|switch|p2a: Mimikyu|Mimikyu, F|100\/100\n|move|p1a: Rhydon|Earthquake|p2a: Mimikyu\n|-activate|p2a: Mimikyu|ability: Disguise\n|-damage|p2a: Mimikyu|100\/100\n|detailschange|p2a: Mimikyu|Mimikyu-Busted, F\n|-damage|p2a: Mimikyu|88\/100|[from] pokemon: Mimikyu-Busted\n|\n|upkeep\n|turn|16\n|\n|t:|1700180107\n|switch|p1a: Charizard|Charizard, M|100\/100\n|-zpower|p2a: Mimikyu\n|move|p2a: Mimikyu|Let's Snuggle Forever|p1a: Charizard|[zeffect]\n|-resisted|p1a: Charizard\n|-damage|p1a: Charizard|51\/100\n|\n|upkeep\n|turn|17\n|\n|t:|1700180123\n|detailschange|p1a: Charizard|Charizard-Mega-Y, M\n|-mega|p1a: Charizard|Charizard|Charizardite Y\n|-weather|SunnyDay|[from] ability: Drought|[of] p1a: Charizard\n|move|p1a: Charizard|Fire Blast|p2a: Mimikyu\n|-damage|p2a: Mimikyu|0 fnt\n|faint|p2a: Mimikyu\n|\n|-weather|SunnyDay|[upkeep]\n|upkeep\n|\n|t:|1700180128\n|switch|p2a: Grimmsnarl|Grimmsnarl, M|100\/100\n|-item|p1a: Charizard|Charizardite Y|[from] ability: Frisk|[of] p2a: Grimmsnarl|[identify]\n|turn|18\n|\n|t:|1700180131\n|move|p2a: Grimmsnarl|Fake Out|p1a: Charizard\n|-damage|p1a: Charizard|28\/100\n|cant|p1a: Charizard|flinch\n|\n|-weather|SunnyDay|[upkeep]\n|upkeep\n|turn|19\n|\n|t:|1700180136\n|move|p1a: Charizard|Fire Blast|p2a: Grimmsnarl\n|-damage|p2a: Grimmsnarl|29\/100\n|move|p2a: Grimmsnarl|Darkest Lariat|p1a: Charizard\n|-damage|p1a: Charizard|0 fnt\n|faint|p1a: Charizard\n|\n|-weather|SunnyDay|[upkeep]\n|upkeep\n|\n|t:|1700180146\n|switch|p1a: Magneton|Magneton|100\/100\n|-damage|p1a: Magneton|88\/100|[from] Spikes\n|turn|20\n|\n|t:|1700180149\n|move|p1a: Magneton|Thunderbolt|p2a: Grimmsnarl\n|-damage|p2a: Grimmsnarl|0 fnt\n|faint|p2a: Grimmsnarl\n|\n|-weather|SunnyDay|[upkeep]\n|upkeep\n|\n|t:|1700180151\n|switch|p2a: Ogerpon|Ogerpon-Wellspring, F|100\/100\n|turn|21\n|\n|t:|1700180158\n|-terastallize|p1a: Magneton|Flying\n|move|p2a: Ogerpon|Swords Dance|p2a: Ogerpon\n|-boost|p2a: Ogerpon|atk|2\n|move|p1a: Magneton|Thunder Wave|p2a: Ogerpon\n|-status|p2a: Ogerpon|par\n|\n|-weather|none\n|upkeep\n|turn|22\n|inactive|Battle timer is ON: inactive players will automatically lose when time's up. (requested by johim)\n|\n|t:|1700180174\n|move|p1a: Magneton|Thunderbolt|p2a: Ogerpon\n|-damage|p2a: Ogerpon|50\/100 par\n|move|p2a: Ogerpon|Ivy Cudgel|p1a: Magneton|[anim] Ivy Cudgel Water\n|-damage|p1a: Magneton|0 fnt\n|faint|p1a: Magneton\n|\n|upkeep\n|\n|t:|1700180193\n|switch|p1a: Crobat|Crobat, M|100\/100\n|turn|23\n|\n|t:|1700180202\n|-terastallize|p2a: Ogerpon|Water\n|detailschange|p2a: Ogerpon|Ogerpon-Wellspring-Tera, F, tera:Water\n|-ability|p2a: Ogerpon|Embody Aspect (Wellspring)|boost\n|-boost|p2a: Ogerpon|spd|1\n|move|p1a: Crobat|Sludge Bomb|p2a: Ogerpon\n|-damage|p2a: Ogerpon|24\/100 par\n|cant|p2a: Ogerpon|par\n|\n|upkeep\n|turn|24\n|\n|t:|1700180210\n|move|p1a: Crobat|Giga Drain|p2a: Ogerpon\n|-supereffective|p2a: Ogerpon\n|-damage|p2a: Ogerpon|0 fnt\n|faint|p2a: Ogerpon\n|\n|upkeep\n|\n|t:|1700180212\n|switch|p2a: Charizard|Charizard, M|100\/100\n|turn|25\n|\n|t:|1700180219\n|detailschange|p2a: Charizard|Charizard-Mega-X, M\n|-mega|p2a: Charizard|Charizard|Charizardite X\n|move|p1a: Crobat|Nasty Plot|p1a: Crobat\n|-boost|p1a: Crobat|spa|2\n|move|p2a: Charizard|Belly Drum|p2a: Charizard\n|-damage|p2a: Charizard|51\/100\n|-setboost|p2a: Charizard|atk|6|[from] move: Belly Drum\n|\n|upkeep\n|turn|26\n|\n|t:|1700180229\n|move|p2a: Charizard|Quick Attack|p1a: Crobat\n|-damage|p1a: Crobat|9\/100\n|move|p1a: Crobat|Sludge Bomb|p2a: Charizard\n|-damage|p2a: Charizard|0 fnt\n|faint|p2a: Charizard\n|\n|win|johim\n|raw|johim's rating: 1186 &rarr; <strong>1205<\/strong><br \/>(+19 for winning)\n|raw|zany394's rating: 1107 &rarr; <strong>1088<\/strong><br \/>(-19 for losing)\n|l|\u2606zany394\n","uploadtime":1700180246,"views":4,"p1id":"johim","p2id":"zany394","formatid":"gen9nationaldex","rating":1088,"private":0,"password":""}