{"id":"gen9nationaldex-1997394108","p1":"yinglunII","p2":"Saltator","format":"[Gen 9] National Dex","log":"|html|<div class=\"broadcast-blue\"><strong>[Gen 9] National Dex is currently suspecting Sneasler! For information on how to participate check out the <a href=\"https:\/\/www.smogon.com\/forums\/threads\/sv-national-dex-suspect-8-just-dance.3731534\/\">suspect thread<\/a>.<\/strong><\/div>\n|j|\u2606yinglunII\n|j|\u2606Saltator\n|t:|1700798463\n|gametype|singles\n|player|p1|yinglunII|volkner|1452\n|player|p2|Saltator|ghetsis|1375\n|teamsize|p1|6\n|teamsize|p2|6\n|gen|9\n|tier|[Gen 9] National Dex\n|rated|\n|rule|HP Percentage Mod: HP is shown in percentages\n|rule|Endless Battle Clause: Forcing endless battles is banned\n|rule|OHKO Clause: OHKO moves are banned\n|rule|Evasion Clause: Evasion abilities, items, and moves are banned\n|rule|Evasion Abilities Clause: Evasion abilities are banned\n|rule|Evasion Items Clause: Evasion items are banned\n|rule|Evasion Moves Clause: Evasion moves are banned\n|rule|Species Clause: Limit one of each Pok\u00e9mon\n|rule|Sleep Clause Mod: Limit one foe put to sleep\n|clearpoke\n|poke|p1|Aegislash, F|\n|poke|p1|Hydreigon, F|\n|poke|p1|Garchomp, F|\n|poke|p1|Moltres|\n|poke|p1|Ogerpon-Wellspring, F|\n|poke|p1|Rillaboom, F|\n|poke|p2|Salazzle, F|\n|poke|p2|Magnemite, L1|\n|poke|p2|Probopass, L2, M|\n|poke|p2|Mandibuzz, F|\n|poke|p2|Nosepass, L1, F|\n|poke|p2|Tentacruel, M|\n|teampreview\n|\n|t:|1700798489\n|start\n|switch|p1a: Ogerpon|Ogerpon-Wellspring, F|100\/100\n|switch|p2a: Sh\ud83d\udca9tsquid|Tentacruel, M|100\/100\n|turn|1\n|\n|t:|1700798503\n|-terastallize|p1a: Ogerpon|Water\n|detailschange|p1a: Ogerpon|Ogerpon-Wellspring-Tera, F, tera:Water\n|-ability|p1a: Ogerpon|Embody Aspect (Wellspring)|boost\n|-boost|p1a: Ogerpon|spd|1\n|move|p1a: Ogerpon|Swords Dance|p1a: Ogerpon\n|-boost|p1a: Ogerpon|atk|2\n|move|p2a: Sh\ud83d\udca9tsquid|Toxic|p1a: Ogerpon\n|-status|p1a: Ogerpon|tox\n|\n|-damage|p1a: Ogerpon|95\/100 tox|[from] psn\n|upkeep\n|turn|2\n|\n|t:|1700798510\n|switch|p2a: Literally Level 1|Magnemite, L1|100\/100\n|move|p1a: Ogerpon|Horn Leech|p2a: Literally Level 1\n|-resisted|p2a: Literally Level 1\n|-ability|p2a: Literally Level 1|Sturdy\n|-damage|p2a: Literally Level 1|10\/100\n|-heal|p1a: Ogerpon|96\/100 tox|[from] drain|[of] p2a: Literally Level 1\n|-enditem|p2a: Literally Level 1|Berry Juice\n|-heal|p2a: Literally Level 1|100\/100|[from] item: Berry Juice\n|\n|-damage|p1a: Ogerpon|84\/100 tox|[from] psn\n|upkeep\n|turn|3\n|\n|t:|1700798520\n|switch|p1a: Aegislash|Aegislash, F|100\/100\n|move|p2a: Literally Level 1|Recycle|p2a: Literally Level 1\n|-item|p2a: Literally Level 1|Berry Juice|[from] move: Recycle\n|\n|upkeep\n|turn|4\n|\n|t:|1700798531\n|switch|p2a: Sh\ud83d\udca9tbird|Mandibuzz, F|100\/100\n|-formechange|p1a: Aegislash|Aegislash-Blade||[from] ability: Stance Change\n|move|p1a: Aegislash|Shadow Ball|p2a: Sh\ud83d\udca9tbird\n|-resisted|p2a: Sh\ud83d\udca9tbird\n|-damage|p2a: Sh\ud83d\udca9tbird|85\/100\n|\n|upkeep\n|turn|5\n|\n|t:|1700798540\n|move|p2a: Sh\ud83d\udca9tbird|Toxic|p1a: Aegislash|[miss]\n|-miss|p2a: Sh\ud83d\udca9tbird|p1a: Aegislash\n|move|p1a: Aegislash|Toxic|p2a: Sh\ud83d\udca9tbird\n|-status|p2a: Sh\ud83d\udca9tbird|tox\n|\n|-damage|p2a: Sh\ud83d\udca9tbird|79\/100 tox|[from] psn\n|upkeep\n|turn|6\n|\n|t:|1700798546\n|-formechange|p1a: Aegislash|Aegislash||[from] ability: Stance Change\n|move|p1a: Aegislash|King's Shield|p1a: Aegislash\n|-singleturn|p1a: Aegislash|Protect\n|move|p2a: Sh\ud83d\udca9tbird|Foul Play|p1a: Aegislash\n|-activate|p1a: Aegislash|move: Protect\n|-unboost|p2a: Sh\ud83d\udca9tbird|atk|1\n|\n|-damage|p2a: Sh\ud83d\udca9tbird|66\/100 tox|[from] psn\n|upkeep\n|turn|7\n|\n|t:|1700798555\n|move|p2a: Sh\ud83d\udca9tbird|Roost|p2a: Sh\ud83d\udca9tbird\n|-heal|p2a: Sh\ud83d\udca9tbird|100\/100 tox\n|-singleturn|p2a: Sh\ud83d\udca9tbird|move: Roost\n|-formechange|p1a: Aegislash|Aegislash-Blade||[from] ability: Stance Change\n|move|p1a: Aegislash|Flash Cannon|p2a: Sh\ud83d\udca9tbird\n|-damage|p2a: Sh\ud83d\udca9tbird|70\/100 tox\n|\n|-damage|p2a: Sh\ud83d\udca9tbird|52\/100 tox|[from] psn\n|upkeep\n|turn|8\n|\n|t:|1700798561\n|switch|p2a: Sh\ud83d\udca9tsquid|Tentacruel, M|100\/100\n|-formechange|p1a: Aegislash|Aegislash||[from] ability: Stance Change\n|move|p1a: Aegislash|King's Shield||[still]\n|-fail|p1a: Aegislash\n|\n|upkeep\n|turn|9\n|\n|t:|1700798564\n|move|p2a: Sh\ud83d\udca9tsquid|Knock Off|p1a: Aegislash\n|-supereffective|p1a: Aegislash\n|-damage|p1a: Aegislash|75\/100\n|-enditem|p1a: Aegislash|Leftovers|[from] move: Knock Off|[of] p2a: Sh\ud83d\udca9tsquid\n|-formechange|p1a: Aegislash|Aegislash-Blade||[from] ability: Stance Change\n|move|p1a: Aegislash|Shadow Ball|p2a: Sh\ud83d\udca9tsquid\n|-damage|p2a: Sh\ud83d\udca9tsquid|71\/100\n|\n|-heal|p2a: Sh\ud83d\udca9tsquid|77\/100|[from] item: Leftovers\n|upkeep\n|turn|10\n|\n|t:|1700798574\n|-formechange|p1a: Aegislash|Aegislash||[from] ability: Stance Change\n|move|p1a: Aegislash|King's Shield|p1a: Aegislash\n|-singleturn|p1a: Aegislash|Protect\n|move|p2a: Sh\ud83d\udca9tsquid|Knock Off|p1a: Aegislash\n|-activate|p1a: Aegislash|move: Protect\n|-fail|p2a: Sh\ud83d\udca9tsquid|unboost|[from] ability: Clear Body|[of] p2a: Sh\ud83d\udca9tsquid\n|\n|-heal|p2a: Sh\ud83d\udca9tsquid|83\/100|[from] item: Leftovers\n|upkeep\n|turn|11\n|\n|t:|1700798585\n|move|p2a: Sh\ud83d\udca9tsquid|Scald|p1a: Aegislash\n|-damage|p1a: Aegislash|61\/100\n|-status|p1a: Aegislash|brn\n|-formechange|p1a: Aegislash|Aegislash-Blade||[from] ability: Stance Change\n|move|p1a: Aegislash|Shadow Ball|p2a: Sh\ud83d\udca9tsquid\n|-damage|p2a: Sh\ud83d\udca9tsquid|51\/100\n|\n|-heal|p2a: Sh\ud83d\udca9tsquid|57\/100|[from] item: Leftovers\n|-damage|p1a: Aegislash|55\/100 brn|[from] brn\n|upkeep\n|turn|12\n|\n|t:|1700798593\n|switch|p2a: No Fun Allowed|Salazzle, F|100\/100\n|-formechange|p1a: Aegislash|Aegislash||[from] ability: Stance Change\n|move|p1a: Aegislash|King's Shield||[still]\n|-fail|p1a: Aegislash\n|\n|-damage|p1a: Aegislash|49\/100 brn|[from] brn\n|upkeep\n|turn|13\n|\n|t:|1700798600\n|switch|p1a: Ogerpon|Ogerpon-Wellspring-Tera, F, tera:Water|84\/100 tox\n|-ability|p1a: Ogerpon|Embody Aspect (Wellspring)|boost\n|-boost|p1a: Ogerpon|spd|1\n|move|p2a: No Fun Allowed|Protect||[still]\n|-fail|p2a: No Fun Allowed\n|\n|-damage|p1a: Ogerpon|78\/100 tox|[from] psn\n|upkeep\n|turn|14\n|\n|t:|1700798610\n|move|p2a: No Fun Allowed|Protect|p2a: No Fun Allowed\n|-singleturn|p2a: No Fun Allowed|Protect\n|move|p1a: Ogerpon|Ivy Cudgel|p2a: No Fun Allowed|[anim] Ivy Cudgel Water\n|-activate|p2a: No Fun Allowed|move: Protect\n|\n|-damage|p1a: Ogerpon|66\/100 tox|[from] psn\n|upkeep\n|turn|15\n|\n|t:|1700798625\n|switch|p2a: Literally Level 1|Magnemite, L1|100\/100\n|move|p1a: Ogerpon|Spikes|p2a: Literally Level 1\n|-sidestart|p2: Saltator|Spikes\n|\n|-damage|p1a: Ogerpon|48\/100 tox|[from] psn\n|upkeep\n|turn|16\n|\n|t:|1700798636\n|move|p2a: Literally Level 1|Magic Coat|p2a: Literally Level 1\n|-singleturn|p2a: Literally Level 1|move: Magic Coat\n|move|p1a: Ogerpon|Horn Leech|p2a: Literally Level 1\n|-resisted|p2a: Literally Level 1\n|-ability|p2a: Literally Level 1|Sturdy\n|-damage|p2a: Literally Level 1|10\/100\n|-heal|p1a: Ogerpon|50\/100 tox|[from] drain|[of] p2a: Literally Level 1\n|-enditem|p2a: Literally Level 1|Berry Juice\n|-heal|p2a: Literally Level 1|100\/100|[from] item: Berry Juice\n|\n|-damage|p1a: Ogerpon|26\/100 tox|[from] psn\n|upkeep\n|turn|17\n|inactive|Battle timer is ON: inactive players will automatically lose when time's up. (requested by Saltator)\n|\n|t:|1700798642\n|move|p1a: Ogerpon|Horn Leech|p2a: Literally Level 1\n|-resisted|p2a: Literally Level 1\n|-ability|p2a: Literally Level 1|Sturdy\n|-damage|p2a: Literally Level 1|10\/100\n|-heal|p1a: Ogerpon|28\/100 tox|[from] drain|[of] p2a: Literally Level 1\n|move|p2a: Literally Level 1|Recycle|p2a: Literally Level 1\n|-item|p2a: Literally Level 1|Berry Juice|[from] move: Recycle\n|-enditem|p2a: Literally Level 1|Berry Juice\n|-heal|p2a: Literally Level 1|100\/100|[from] item: Berry Juice\n|\n|-damage|p1a: Ogerpon|0 fnt|[from] psn\n|faint|p1a: Ogerpon\n|upkeep\n|\n|t:|1700798648\n|switch|p1a: Aegislash|Aegislash, F|49\/100 brn\n|turn|18\n|\n|t:|1700798653\n|-formechange|p1a: Aegislash|Aegislash-Blade||[from] ability: Stance Change\n|move|p1a: Aegislash|Flash Cannon|p2a: Literally Level 1\n|-resisted|p2a: Literally Level 1\n|-crit|p2a: Literally Level 1\n|-ability|p2a: Literally Level 1|Sturdy\n|-damage|p2a: Literally Level 1|10\/100\n|move|p2a: Literally Level 1|Recycle|p2a: Literally Level 1\n|-item|p2a: Literally Level 1|Berry Juice|[from] move: Recycle\n|-enditem|p2a: Literally Level 1|Berry Juice\n|-heal|p2a: Literally Level 1|100\/100|[from] item: Berry Juice\n|\n|-damage|p1a: Aegislash|42\/100 brn|[from] brn\n|upkeep\n|turn|19\n|\n|t:|1700798658\n|move|p2a: Literally Level 1|Protect|p2a: Literally Level 1\n|-singleturn|p2a: Literally Level 1|Protect\n|move|p1a: Aegislash|Shadow Ball|p2a: Literally Level 1\n|-activate|p2a: Literally Level 1|move: Protect\n|\n|-damage|p1a: Aegislash|36\/100 brn|[from] brn\n|upkeep\n|turn|20\n|\n|t:|1700798665\n|switch|p1a: Moltres|Moltres|100\/100\n|move|p2a: Literally Level 1|Recycle|p2a: Literally Level 1\n|-item|p2a: Literally Level 1|Berry Juice|[from] move: Recycle\n|\n|upkeep\n|turn|21\n|\n|t:|1700798668\n|move|p2a: Literally Level 1|Protect|p2a: Literally Level 1\n|-singleturn|p2a: Literally Level 1|Protect\n|move|p1a: Moltres|Flamethrower|p2a: Literally Level 1\n|-activate|p2a: Literally Level 1|move: Protect\n|\n|upkeep\n|turn|22\n|\n|t:|1700798670\n|move|p1a: Moltres|Flamethrower|p2a: Literally Level 1\n|-supereffective|p2a: Literally Level 1\n|-ability|p2a: Literally Level 1|Sturdy\n|-damage|p2a: Literally Level 1|10\/100\n|-enditem|p2a: Literally Level 1|Berry Juice\n|-heal|p2a: Literally Level 1|100\/100|[from] item: Berry Juice\n|move|p2a: Literally Level 1|Toxic|p1a: Moltres\n|-status|p1a: Moltres|tox\n|\n|-damage|p1a: Moltres|94\/100 tox|[from] psn\n|upkeep\n|turn|23\n|\n|t:|1700798672\n|move|p2a: Literally Level 1|Protect|p2a: Literally Level 1\n|-singleturn|p2a: Literally Level 1|Protect\n|move|p1a: Moltres|Flamethrower|p2a: Literally Level 1\n|-activate|p2a: Literally Level 1|move: Protect\n|\n|-damage|p1a: Moltres|82\/100 tox|[from] psn\n|upkeep\n|turn|24\n|\n|t:|1700798676\n|move|p1a: Moltres|Flamethrower|p2a: Literally Level 1\n|-supereffective|p2a: Literally Level 1\n|-ability|p2a: Literally Level 1|Sturdy\n|-damage|p2a: Literally Level 1|10\/100\n|move|p2a: Literally Level 1|Recycle|p2a: Literally Level 1\n|-item|p2a: Literally Level 1|Berry Juice|[from] move: Recycle\n|-enditem|p2a: Literally Level 1|Berry Juice\n|-heal|p2a: Literally Level 1|100\/100|[from] item: Berry Juice\n|\n|-damage|p1a: Moltres|64\/100 tox|[from] psn\n|upkeep\n|turn|25\n|\n|t:|1700798680\n|switch|p1a: Rillaboom|Rillaboom, F|100\/100\n|-fieldstart|move: Grassy Terrain|[from] ability: Grassy Surge|[of] p1a: Rillaboom\n|move|p2a: Literally Level 1|Recycle|p2a: Literally Level 1\n|-item|p2a: Literally Level 1|Berry Juice|[from] move: Recycle\n|\n|upkeep\n|turn|26\n|\n|t:|1700798682\n|move|p2a: Literally Level 1|Protect|p2a: Literally Level 1\n|-singleturn|p2a: Literally Level 1|Protect\n|move|p1a: Rillaboom|Grassy Glide|p2a: Literally Level 1\n|-activate|p2a: Literally Level 1|move: Protect\n|\n|upkeep\n|turn|27\n|\n|t:|1700798684\n|move|p1a: Rillaboom|Grassy Glide|p2a: Literally Level 1\n|-resisted|p2a: Literally Level 1\n|-ability|p2a: Literally Level 1|Sturdy\n|-damage|p2a: Literally Level 1|10\/100\n|-enditem|p2a: Literally Level 1|Berry Juice\n|-heal|p2a: Literally Level 1|100\/100|[from] item: Berry Juice\n|move|p2a: Literally Level 1|Toxic|p1a: Rillaboom\n|-status|p1a: Rillaboom|tox\n|\n|-damage|p1a: Rillaboom|94\/100 tox|[from] psn\n|upkeep\n|turn|28\n|\n|t:|1700798686\n|move|p1a: Rillaboom|Grassy Glide|p2a: Literally Level 1\n|-resisted|p2a: Literally Level 1\n|-ability|p2a: Literally Level 1|Sturdy\n|-damage|p2a: Literally Level 1|10\/100\n|move|p2a: Literally Level 1|Recycle|p2a: Literally Level 1\n|-item|p2a: Literally Level 1|Berry Juice|[from] move: Recycle\n|-enditem|p2a: Literally Level 1|Berry Juice\n|-heal|p2a: Literally Level 1|100\/100|[from] item: Berry Juice\n|\n|-heal|p1a: Rillaboom|100\/100 tox|[from] Grassy Terrain\n|-damage|p1a: Rillaboom|88\/100 tox|[from] psn\n|upkeep\n|turn|29\n|c|\u2606Saltator|gg\n|\n|t:|1700798689\n|move|p2a: Literally Level 1|Protect|p2a: Literally Level 1\n|-singleturn|p2a: Literally Level 1|Protect\n|move|p1a: Rillaboom|Grassy Glide|p2a: Literally Level 1\n|-activate|p2a: Literally Level 1|move: Protect\n|\n|-heal|p1a: Rillaboom|94\/100 tox|[from] Grassy Terrain\n|-damage|p1a: Rillaboom|76\/100 tox|[from] psn\n|-fieldend|move: Grassy Terrain\n|upkeep\n|turn|30\n|\n|t:|1700798691\n|move|p1a: Rillaboom|Grassy Glide|p2a: Literally Level 1\n|-resisted|p2a: Literally Level 1\n|-ability|p2a: Literally Level 1|Sturdy\n|-damage|p2a: Literally Level 1|10\/100\n|move|p2a: Literally Level 1|Recycle|p2a: Literally Level 1\n|-item|p2a: Literally Level 1|Berry Juice|[from] move: Recycle\n|-enditem|p2a: Literally Level 1|Berry Juice\n|-heal|p2a: Literally Level 1|100\/100|[from] item: Berry Juice\n|\n|-damage|p1a: Rillaboom|51\/100 tox|[from] psn\n|upkeep\n|turn|31\n|\n|t:|1700798693\n|move|p1a: Rillaboom|Grassy Glide|p2a: Literally Level 1\n|-resisted|p2a: Literally Level 1\n|-ability|p2a: Literally Level 1|Sturdy\n|-damage|p2a: Literally Level 1|10\/100\n|move|p2a: Literally Level 1|Recycle|p2a: Literally Level 1\n|-item|p2a: Literally Level 1|Berry Juice|[from] move: Recycle\n|-enditem|p2a: Literally Level 1|Berry Juice\n|-heal|p2a: Literally Level 1|100\/100|[from] item: Berry Juice\n|\n|-damage|p1a: Rillaboom|20\/100 tox|[from] psn\n|upkeep\n|turn|32\n|\n|t:|1700798696\n|move|p2a: Literally Level 1|Protect|p2a: Literally Level 1\n|-singleturn|p2a: Literally Level 1|Protect\n|move|p1a: Rillaboom|Grassy Glide|p2a: Literally Level 1\n|-activate|p2a: Literally Level 1|move: Protect\n|\n|-damage|p1a: Rillaboom|0 fnt|[from] psn\n|faint|p1a: Rillaboom\n|upkeep\n|\n|t:|1700798703\n|switch|p1a: Aegislash|Aegislash, F|36\/100 brn\n|turn|33\n|\n|t:|1700798706\n|-formechange|p1a: Aegislash|Aegislash-Blade||[from] ability: Stance Change\n|move|p1a: Aegislash|Shadow Ball|p2a: Literally Level 1\n|-ability|p2a: Literally Level 1|Sturdy\n|-damage|p2a: Literally Level 1|10\/100\n|-unboost|p2a: Literally Level 1|spd|1\n|move|p2a: Literally Level 1|Recycle|p2a: Literally Level 1\n|-item|p2a: Literally Level 1|Berry Juice|[from] move: Recycle\n|-enditem|p2a: Literally Level 1|Berry Juice\n|-heal|p2a: Literally Level 1|100\/100|[from] item: Berry Juice\n|\n|-damage|p1a: Aegislash|30\/100 brn|[from] brn\n|upkeep\n|turn|34\n|\n|t:|1700798711\n|move|p2a: Literally Level 1|Protect|p2a: Literally Level 1\n|-singleturn|p2a: Literally Level 1|Protect\n|move|p1a: Aegislash|Shadow Ball|p2a: Literally Level 1\n|-activate|p2a: Literally Level 1|move: Protect\n|\n|-damage|p1a: Aegislash|24\/100 brn|[from] brn\n|upkeep\n|turn|35\n|\n|t:|1700798713\n|move|p1a: Aegislash|Shadow Ball|p2a: Literally Level 1\n|-ability|p2a: Literally Level 1|Sturdy\n|-damage|p2a: Literally Level 1|10\/100\n|move|p2a: Literally Level 1|Recycle|p2a: Literally Level 1\n|-item|p2a: Literally Level 1|Berry Juice|[from] move: Recycle\n|-enditem|p2a: Literally Level 1|Berry Juice\n|-heal|p2a: Literally Level 1|100\/100|[from] item: Berry Juice\n|\n|-damage|p1a: Aegislash|18\/100 brn|[from] brn\n|upkeep\n|turn|36\n|\n|t:|1700798716\n|move|p2a: Literally Level 1|Protect|p2a: Literally Level 1\n|-singleturn|p2a: Literally Level 1|Protect\n|move|p1a: Aegislash|Shadow Ball|p2a: Literally Level 1\n|-activate|p2a: Literally Level 1|move: Protect\n|\n|-damage|p1a: Aegislash|12\/100 brn|[from] brn\n|upkeep\n|turn|37\n|\n|t:|1700798721\n|switch|p2a: Sh\ud83d\udca9tbird|Mandibuzz, F|52\/100 tox\n|move|p1a: Aegislash|Shadow Ball|p2a: Sh\ud83d\udca9tbird\n|-resisted|p2a: Sh\ud83d\udca9tbird\n|-damage|p2a: Sh\ud83d\udca9tbird|36\/100 tox\n|-unboost|p2a: Sh\ud83d\udca9tbird|spd|1\n|\n|-damage|p2a: Sh\ud83d\udca9tbird|30\/100 tox|[from] psn\n|-damage|p1a: Aegislash|5\/100 brn|[from] brn\n|upkeep\n|turn|38\n|\n|t:|1700798724\n|move|p2a: Sh\ud83d\udca9tbird|Defog|p1a: Aegislash\n|-unboost|p1a: Aegislash|evasion|1\n|-sideend|p2: Saltator|Spikes|[from] move: Defog|[of] p2a: Sh\ud83d\udca9tbird\n|move|p1a: Aegislash|Flash Cannon|p2a: Sh\ud83d\udca9tbird\n|-damage|p2a: Sh\ud83d\udca9tbird|0 fnt\n|faint|p2a: Sh\ud83d\udca9tbird\n|\n|-damage|p1a: Aegislash|0 fnt|[from] brn\n|faint|p1a: Aegislash\n|upkeep\n|\n|t:|1700798730\n|switch|p2a: Sh\ud83d\udca9tsquid|Tentacruel, M|57\/100\n|switch|p1a: Garchomp|Garchomp, F|100\/100\n|turn|39\n|\n|t:|1700798738\n|-terastallize|p2a: Sh\ud83d\udca9tsquid|Flying\n|move|p1a: Garchomp|Earthquake|p2a: Sh\ud83d\udca9tsquid\n|-immune|p2a: Sh\ud83d\udca9tsquid\n|move|p2a: Sh\ud83d\udca9tsquid|Toxic|p1a: Garchomp\n|-status|p1a: Garchomp|tox\n|\n|-heal|p2a: Sh\ud83d\udca9tsquid|63\/100|[from] item: Leftovers\n|-damage|p1a: Garchomp|94\/100 tox|[from] psn\n|upkeep\n|turn|40\n|\n|t:|1700798745\n|-zpower|p1a: Garchomp\n|move|p1a: Garchomp|Devastating Drake|p2a: Sh\ud83d\udca9tsquid|[zeffect]\n|-damage|p2a: Sh\ud83d\udca9tsquid|0 fnt\n|faint|p2a: Sh\ud83d\udca9tsquid\n|\n|-damage|p1a: Garchomp|82\/100 tox|[from] psn\n|upkeep\n|\n|t:|1700798752\n|switch|p2a: Click the \u274c|Nosepass, L1, F, shiny|100\/100\n|turn|41\n|\n|t:|1700798756\n|move|p2a: Click the \u274c|Protect|p2a: Click the \u274c\n|-singleturn|p2a: Click the \u274c|Protect\n|move|p1a: Garchomp|Stealth Rock|p2a: Click the \u274c\n|-sidestart|p2: Saltator|move: Stealth Rock\n|\n|-damage|p1a: Garchomp|64\/100 tox|[from] psn\n|upkeep\n|turn|42\n|\n|t:|1700798762\n|move|p1a: Garchomp|Earthquake|p2a: Click the \u274c\n|-supereffective|p2a: Click the \u274c\n|-ability|p2a: Click the \u274c|Sturdy\n|-damage|p2a: Click the \u274c|10\/100\n|-enditem|p2a: Click the \u274c|Berry Juice\n|-heal|p2a: Click the \u274c|100\/100|[from] item: Berry Juice\n|move|p2a: Click the \u274c|Pain Split|p1a: Garchomp\n|-sethp|p1a: Garchomp|34\/100 tox|[from] move: Pain Split|[silent]\n|-sethp|p2a: Click the \u274c|100\/100|[from] move: Pain Split\n|\n|-damage|p1a: Garchomp|9\/100 tox|[from] psn\n|upkeep\n|turn|43\n|\n|t:|1700798769\n|move|p1a: Garchomp|Earthquake|p2a: Click the \u274c\n|-supereffective|p2a: Click the \u274c\n|-ability|p2a: Click the \u274c|Sturdy\n|-damage|p2a: Click the \u274c|10\/100\n|move|p2a: Click the \u274c|Pain Split|p1a: Garchomp\n|-sethp|p1a: Garchomp|5\/100 tox|[from] move: Pain Split|[silent]\n|-sethp|p2a: Click the \u274c|100\/100|[from] move: Pain Split\n|\n|-damage|p1a: Garchomp|0 fnt|[from] psn\n|faint|p1a: Garchomp\n|upkeep\n|\n|t:|1700798773\n|switch|p1a: Hydreigon|Hydreigon, F|100\/100\n|turn|44\n|\n|t:|1700798777\n|move|p1a: Hydreigon|Earth Power|p2a: Click the \u274c\n|-supereffective|p2a: Click the \u274c\n|-ability|p2a: Click the \u274c|Sturdy\n|-damage|p2a: Click the \u274c|10\/100\n|move|p2a: Click the \u274c|Pain Split|p1a: Hydreigon\n|-sethp|p1a: Hydreigon|50\/100|[from] move: Pain Split|[silent]\n|-sethp|p2a: Click the \u274c|100\/100|[from] move: Pain Split\n|\n|-heal|p1a: Hydreigon|57\/100|[from] item: Leftovers\n|upkeep\n|turn|45\n|\n|t:|1700798779\n|move|p1a: Hydreigon|Earth Power|p2a: Click the \u274c\n|-supereffective|p2a: Click the \u274c\n|-ability|p2a: Click the \u274c|Sturdy\n|-damage|p2a: Click the \u274c|10\/100\n|move|p2a: Click the \u274c|Pain Split|p1a: Hydreigon\n|-sethp|p1a: Hydreigon|29\/100|[from] move: Pain Split|[silent]\n|-sethp|p2a: Click the \u274c|100\/100|[from] move: Pain Split\n|\n|-heal|p1a: Hydreigon|35\/100|[from] item: Leftovers\n|upkeep\n|turn|46\n|\n|t:|1700798782\n|move|p1a: Hydreigon|Roost|p1a: Hydreigon\n|-heal|p1a: Hydreigon|85\/100\n|-singleturn|p1a: Hydreigon|move: Roost\n|move|p2a: Click the \u274c|Pain Split|p1a: Hydreigon\n|-sethp|p1a: Hydreigon|44\/100|[from] move: Pain Split|[silent]\n|-sethp|p2a: Click the \u274c|100\/100|[from] move: Pain Split\n|\n|-heal|p1a: Hydreigon|50\/100|[from] item: Leftovers\n|upkeep\n|turn|47\n|\n|t:|1700798784\n|move|p1a: Hydreigon|Earth Power|p2a: Click the \u274c\n|-supereffective|p2a: Click the \u274c\n|-ability|p2a: Click the \u274c|Sturdy\n|-damage|p2a: Click the \u274c|10\/100\n|-unboost|p2a: Click the \u274c|spd|1\n|move|p2a: Click the \u274c|Pain Split|p1a: Hydreigon\n|-sethp|p1a: Hydreigon|25\/100|[from] move: Pain Split|[silent]\n|-sethp|p2a: Click the \u274c|100\/100|[from] move: Pain Split\n|\n|-heal|p1a: Hydreigon|32\/100|[from] item: Leftovers\n|upkeep\n|turn|48\n|\n|t:|1700798786\n|move|p1a: Hydreigon|Roost|p1a: Hydreigon\n|-heal|p1a: Hydreigon|82\/100\n|-singleturn|p1a: Hydreigon|move: Roost\n|move|p2a: Click the \u274c|Toxic|p1a: Hydreigon\n|-status|p1a: Hydreigon|tox\n|\n|-heal|p1a: Hydreigon|88\/100 tox|[from] item: Leftovers\n|-damage|p1a: Hydreigon|82\/100 tox|[from] psn\n|upkeep\n|turn|49\n|c|\u2606Saltator|lol\n|\n|t:|1700798790\n|move|p1a: Hydreigon|Earth Power|p2a: Click the \u274c\n|-supereffective|p2a: Click the \u274c\n|-ability|p2a: Click the \u274c|Sturdy\n|-damage|p2a: Click the \u274c|10\/100\n|move|p2a: Click the \u274c|Pain Split|p1a: Hydreigon\n|-sethp|p1a: Hydreigon|41\/100 tox|[from] move: Pain Split|[silent]\n|-sethp|p2a: Click the \u274c|100\/100|[from] move: Pain Split\n|\n|-heal|p1a: Hydreigon|47\/100 tox|[from] item: Leftovers\n|-damage|p1a: Hydreigon|35\/100 tox|[from] psn\n|upkeep\n|turn|50\n|\n|t:|1700798793\n|move|p1a: Hydreigon|Earth Power|p2a: Click the \u274c\n|-supereffective|p2a: Click the \u274c\n|-ability|p2a: Click the \u274c|Sturdy\n|-damage|p2a: Click the \u274c|10\/100\n|move|p2a: Click the \u274c|Pain Split|p1a: Hydreigon\n|-sethp|p1a: Hydreigon|18\/100 tox|[from] move: Pain Split|[silent]\n|-sethp|p2a: Click the \u274c|100\/100|[from] move: Pain Split\n|\n|-heal|p1a: Hydreigon|24\/100 tox|[from] item: Leftovers\n|-damage|p1a: Hydreigon|5\/100 tox|[from] psn\n|upkeep\n|turn|51\n|\n|t:|1700798796\n|move|p1a: Hydreigon|Earth Power|p2a: Click the \u274c\n|-supereffective|p2a: Click the \u274c\n|-ability|p2a: Click the \u274c|Sturdy\n|-damage|p2a: Click the \u274c|10\/100\n|move|p2a: Click the \u274c|Pain Split|p1a: Hydreigon\n|-sethp|p1a: Hydreigon|3\/100 tox|[from] move: Pain Split|[silent]\n|-sethp|p2a: Click the \u274c|91\/100|[from] move: Pain Split\n|\n|-heal|p1a: Hydreigon|9\/100 tox|[from] item: Leftovers\n|-damage|p1a: Hydreigon|0 fnt|[from] psn\n|faint|p1a: Hydreigon\n|upkeep\n|\n|t:|1700798798\n|switch|p1a: Moltres|Moltres|64\/100 tox\n|turn|52\n|\n|t:|1700798800\n|move|p2a: Click the \u274c|Protect|p2a: Click the \u274c\n|-singleturn|p2a: Click the \u274c|Protect\n|move|p1a: Moltres|Flamethrower|p2a: Click the \u274c\n|-activate|p2a: Click the \u274c|move: Protect\n|\n|-damage|p1a: Moltres|58\/100 tox|[from] psn\n|upkeep\n|turn|53\n|\n|t:|1700798802\n|move|p2a: Click the \u274c|Protect|p2a: Click the \u274c\n|-singleturn|p2a: Click the \u274c|Protect\n|move|p1a: Moltres|Flamethrower|p2a: Click the \u274c\n|-activate|p2a: Click the \u274c|move: Protect\n|\n|-damage|p1a: Moltres|46\/100 tox|[from] psn\n|upkeep\n|turn|54\n|\n|t:|1700798804\n|move|p1a: Moltres|Flamethrower|p2a: Click the \u274c\n|-resisted|p2a: Click the \u274c\n|-damage|p2a: Click the \u274c|0 fnt\n|faint|p2a: Click the \u274c\n|\n|-damage|p1a: Moltres|28\/100 tox|[from] psn\n|upkeep\n|\n|t:|1700798807\n|switch|p2a: No Fun Allowed|Salazzle, F|100\/100\n|-damage|p2a: No Fun Allowed|76\/100|[from] Stealth Rock\n|turn|55\n|\n|t:|1700798809\n|move|p2a: No Fun Allowed|Substitute|p2a: No Fun Allowed\n|-start|p2a: No Fun Allowed|Substitute\n|-damage|p2a: No Fun Allowed|51\/100\n|move|p1a: Moltres|Flamethrower|p2a: No Fun Allowed\n|-resisted|p2a: No Fun Allowed\n|-end|p2a: No Fun Allowed|Substitute\n|\n|-heal|p2a: No Fun Allowed|57\/100|[from] item: Leftovers\n|-damage|p1a: Moltres|4\/100 tox|[from] psn\n|upkeep\n|turn|56\n|\n|t:|1700798813\n|move|p2a: No Fun Allowed|Flamethrower|p1a: Moltres\n|-resisted|p1a: Moltres\n|-damage|p1a: Moltres|0 fnt\n|faint|p1a: Moltres\n|\n|win|Saltator\n|raw|yinglunII's rating: 1452 &rarr; <strong>1428<\/strong><br \/>(-24 for losing)\n|raw|Saltator's rating: 1375 &rarr; <strong>1399<\/strong><br \/>(+24 for winning)\n|c|\u2606Saltator|gg\n|c|\u2606Saltator|ez\n","uploadtime":1700798820,"views":4,"p1id":"yinglunii","p2id":"saltator","formatid":"gen9nationaldex","rating":1399,"private":0,"password":""}