{"id":"gen9nationaldex-1987286657","p1":"MtyMiltanks","p2":"dumass777","format":"[Gen 9] National Dex","log":"|j|\u2606MtyMiltanks\n|j|\u2606dumass777\n|t:|1699573327\n|gametype|singles\n|player|p1|MtyMiltanks|lillie|\n|player|p2|dumass777|rei|\n|teamsize|p1|6\n|teamsize|p2|6\n|gen|9\n|tier|[Gen 9] National Dex\n|rule|HP Percentage Mod: HP is shown in percentages\n|rule|Endless Battle Clause: Forcing endless battles is banned\n|rule|OHKO Clause: OHKO moves are banned\n|rule|Evasion Clause: Evasion abilities, items, and moves are banned\n|rule|Evasion Abilities Clause: Evasion abilities are banned\n|rule|Evasion Items Clause: Evasion items are banned\n|rule|Evasion Moves Clause: Evasion moves are banned\n|rule|Species Clause: Limit one of each Pok\u00e9mon\n|rule|Sleep Clause Mod: Limit one foe put to sleep\n|clearpoke\n|poke|p1|Scizor, F|\n|poke|p1|Volcarona, M|\n|poke|p1|Golisopod, M|\n|poke|p1|Vikavolt, F|\n|poke|p1|Volbeat, M|\n|poke|p1|Kleavor, M|\n|poke|p2|Iron Moth|\n|poke|p2|Glimmora, M|\n|poke|p2|Toxapex, M|\n|poke|p2|Nidoking, M|\n|poke|p2|Crobat, F|\n|poke|p2|Sneasler, M|\n|teampreview\n|c|\u2606dumass777|good luck fam\n|\n|t:|1699573379\n|start\n|switch|p1a: Morgan Axehand|Kleavor, M|100\/100\n|switch|p2a: Glimmora|Glimmora, M|100\/100\n|turn|1\n|\n|t:|1699573398\n|move|p1a: Morgan Axehand|Stone Axe|p2a: Glimmora\n|-damage|p2a: Glimmora|37\/100\n|-activate|p2a: Glimmora|ability: Toxic Debris\n|-sidestart|p1: MtyMiltanks|move: Toxic Spikes\n|-sidestart|p2: dumass777|move: Stealth Rock\n|move|p2a: Glimmora|Power Gem|p1a: Morgan Axehand\n|-supereffective|p1a: Morgan Axehand\n|-damage|p1a: Morgan Axehand|0 fnt\n|faint|p1a: Morgan Axehand\n|\n|upkeep\n|c|\u2606MtyMiltanks|good luck\n|\n|t:|1699573406\n|switch|p1a: Buggy The Clown|Scizor, F|100\/100\n|turn|2\n|\n|t:|1699573414\n|detailschange|p1a: Buggy The Clown|Scizor-Mega, F\n|-mega|p1a: Buggy The Clown|Scizor|Scizorite\n|move|p2a: Glimmora|Stealth Rock|p1a: Buggy The Clown\n|-sidestart|p1: MtyMiltanks|move: Stealth Rock\n|move|p1a: Buggy The Clown|Swords Dance|p1a: Buggy The Clown\n|-boost|p1a: Buggy The Clown|atk|2\n|\n|upkeep\n|turn|3\n|\n|t:|1699573425\n|move|p1a: Buggy The Clown|Bullet Punch|p2a: Glimmora\n|-supereffective|p2a: Glimmora\n|-damage|p2a: Glimmora|0 fnt\n|-activate|p2a: Glimmora|ability: Toxic Debris\n|-sidestart|p1: MtyMiltanks|move: Toxic Spikes\n|faint|p2a: Glimmora\n|\n|upkeep\n|\n|t:|1699573439\n|switch|p2a: Iron Moth|Iron Moth|100\/100\n|-damage|p2a: Iron Moth|76\/100|[from] Stealth Rock\n|-enditem|p2a: Iron Moth|Booster Energy\n|-activate|p2a: Iron Moth|ability: Quark Drive|[fromitem]\n|-start|p2a: Iron Moth|quarkdrivespe\n|turn|4\n|\n|t:|1699573447\n|move|p1a: Buggy The Clown|Bullet Punch|p2a: Iron Moth\n|-resisted|p2a: Iron Moth\n|-damage|p2a: Iron Moth|25\/100\n|move|p2a: Iron Moth|Fiery Dance|p1a: Buggy The Clown\n|-supereffective|p1a: Buggy The Clown\n|-damage|p1a: Buggy The Clown|0 fnt\n|faint|p1a: Buggy The Clown\n|\n|upkeep\n|\n|t:|1699573451\n|switch|p1a: Franky|Golisopod, M, shiny|100\/100\n|-status|p1a: Franky|tox\n|-damage|p1a: Franky|76\/100 tox|[from] Stealth Rock\n|turn|5\n|\n|t:|1699573471\n|move|p1a: Franky|Aqua Jet|p2a: Iron Moth\n|-supereffective|p2a: Iron Moth\n|-damage|p2a: Iron Moth|0 fnt\n|faint|p2a: Iron Moth\n|-end|p2a: Iron Moth|Quark Drive|[silent]\n|\n|-damage|p1a: Franky|69\/100 tox|[from] psn\n|upkeep\n|\n|t:|1699573497\n|switch|p2a: Crobat|Crobat, F|100\/100\n|turn|6\n|\n|t:|1699573502\n|move|p2a: Crobat|Brave Bird|p1a: Franky\n|-supereffective|p1a: Franky\n|-damage|p1a: Franky|19\/100 tox\n|-damage|p2a: Crobat|85\/100|[from] Recoil\n|-activate|p1a: Franky|ability: Emergency Exit\n|\n|t:|1699573509\n|switch|p1a: Enel|Vikavolt, F, shiny|100\/100\n|\n|upkeep\n|turn|7\n|\n|t:|1699573523\n|move|p2a: Crobat|Brave Bird|p1a: Enel\n|-damage|p1a: Enel|74\/100\n|-damage|p2a: Crobat|76\/100|[from] Recoil\n|move|p1a: Enel|Sticky Web|p2a: Crobat\n|-sidestart|p2: dumass777|move: Sticky Web\n|\n|upkeep\n|turn|8\n|\n|t:|1699573528\n|move|p2a: Crobat|Toxic|p1a: Enel\n|-status|p1a: Enel|tox\n|move|p1a: Enel|Roost|p1a: Enel\n|-heal|p1a: Enel|100\/100 tox\n|-singleturn|p1a: Enel|move: Roost\n|\n|-damage|p1a: Enel|94\/100 tox|[from] psn\n|upkeep\n|turn|9\n|\n|t:|1699573558\n|move|p2a: Crobat|Brave Bird|p1a: Enel\n|-crit|p1a: Enel\n|-damage|p1a: Enel|53\/100 tox\n|-damage|p2a: Crobat|63\/100|[from] Recoil\n|move|p1a: Enel|Bug Buzz|p2a: Crobat\n|-resisted|p2a: Crobat\n|-damage|p2a: Crobat|52\/100\n|\n|-damage|p1a: Enel|41\/100 tox|[from] psn\n|upkeep\n|turn|10\n|\n|t:|1699573577\n|move|p2a: Crobat|Roost|p2a: Crobat\n|-heal|p2a: Crobat|100\/100\n|-singleturn|p2a: Crobat|move: Roost\n|move|p1a: Enel|Roost|p1a: Enel\n|-heal|p1a: Enel|91\/100 tox\n|-singleturn|p1a: Enel|move: Roost\n|\n|-damage|p1a: Enel|73\/100 tox|[from] psn\n|upkeep\n|turn|11\n|\n|t:|1699573586\n|move|p2a: Crobat|Brave Bird|p1a: Enel\n|-damage|p1a: Enel|44\/100 tox\n|-damage|p2a: Crobat|91\/100|[from] Recoil\n|move|p1a: Enel|Energy Ball|p2a: Crobat\n|-resisted|p2a: Crobat\n|-damage|p2a: Crobat|83\/100\n|\n|-damage|p1a: Enel|19\/100 tox|[from] psn\n|upkeep\n|turn|12\n|\n|t:|1699573594\n|move|p2a: Crobat|Brave Bird|p1a: Enel\n|-damage|p1a: Enel|0 fnt\n|faint|p1a: Enel\n|-damage|p2a: Crobat|77\/100|[from] Recoil\n|\n|upkeep\n|\n|t:|1699573600\n|switch|p1a: Nico Robin|Volbeat, M, shiny|100\/100\n|turn|13\n|\n|t:|1699573604\n|move|p1a: Nico Robin|Taunt|p2a: Crobat\n|-start|p2a: Crobat|move: Taunt\n|cant|p2a: Crobat|move: Taunt|Toxic\n|\n|upkeep\n|turn|14\n|\n|t:|1699573611\n|move|p2a: Crobat|U-turn|p1a: Nico Robin\n|-crit|p1a: Nico Robin\n|-damage|p1a: Nico Robin|71\/100\n|\n|t:|1699573626\n|switch|p2a: Nidoking|Nidoking, M|100\/100|[from] U-turn\n|-damage|p2a: Nidoking|95\/100|[from] Stealth Rock\n|-activate|p2a: Nidoking|move: Sticky Web\n|-unboost|p2a: Nidoking|spe|1\n|move|p1a: Nico Robin|Seismic Toss|p2a: Nidoking\n|-damage|p2a: Nidoking|62\/100\n|\n|upkeep\n|turn|15\n|\n|t:|1699573634\n|move|p1a: Nico Robin|Taunt|p2a: Nidoking\n|-start|p2a: Nidoking|move: Taunt\n|move|p2a: Nidoking|Flamethrower|p1a: Nico Robin\n|-supereffective|p1a: Nico Robin\n|-damage|p1a: Nico Robin|5\/100\n|\n|upkeep\n|turn|16\n|\n|t:|1699573639\n|move|p1a: Nico Robin|Seismic Toss|p2a: Nidoking\n|-damage|p2a: Nidoking|29\/100\n|move|p2a: Nidoking|Flamethrower|p1a: Nico Robin\n|-supereffective|p1a: Nico Robin\n|-damage|p1a: Nico Robin|0 fnt\n|faint|p1a: Nico Robin\n|\n|upkeep\n|\n|t:|1699573643\n|switch|p1a: Franky|Golisopod, M, shiny|19\/100 tox\n|-damage|p1a: Franky|0 fnt|[from] Stealth Rock\n|faint|p1a: Franky\n|\n|t:|1699573645\n|switch|p1a: Portgas D Ace|Volcarona, M|100\/100\n|-status|p1a: Portgas D Ace|tox\n|-damage|p1a: Portgas D Ace|51\/100 tox|[from] Stealth Rock\n|turn|17\n|\n|t:|1699573650\n|move|p1a: Portgas D Ace|Quiver Dance|p1a: Portgas D Ace\n|-boost|p1a: Portgas D Ace|spa|1\n|-boost|p1a: Portgas D Ace|spd|1\n|-boost|p1a: Portgas D Ace|spe|1\n|move|p2a: Nidoking|Rock Slide|p1a: Portgas D Ace\n|-supereffective|p1a: Portgas D Ace\n|-damage|p1a: Portgas D Ace|0 fnt\n|faint|p1a: Portgas D Ace\n|\n|win|dumass777\n|c|\u2606dumass777|gg\n|l|\u2606MtyMiltanks\n","uploadtime":1699573659,"views":11,"p1id":"mtymiltanks","p2id":"dumass777","formatid":"gen9nationaldex","rating":0,"private":0,"password":""}