{"id":"gen9nationaldex-1995838307","p1":"Daexmizuker","p2":"FailingFiat","format":"[Gen 9] National Dex","log":"|html|<div class=\"broadcast-blue\"><strong>[Gen 9] National Dex is currently suspecting Sneasler! For information on how to participate check out the <a href=\"https:\/\/www.smogon.com\/forums\/threads\/sv-national-dex-suspect-8-just-dance.3731534\/\">suspect thread<\/a>.<\/strong><\/div>\n|j|\u2606Daexmizuker\n|j|\u203dFailingFiat\n|t:|1700608225\n|gametype|singles\n|player|p1|Daexmizuker|red|1038\n|player|p2|FailingFiat|valerie|1036\n|teamsize|p1|6\n|teamsize|p2|6\n|gen|9\n|tier|[Gen 9] National Dex\n|rated|\n|rule|HP Percentage Mod: HP is shown in percentages\n|rule|Endless Battle Clause: Forcing endless battles is banned\n|rule|OHKO Clause: OHKO moves are banned\n|rule|Evasion Clause: Evasion abilities, items, and moves are banned\n|rule|Evasion Abilities Clause: Evasion abilities are banned\n|rule|Evasion Items Clause: Evasion items are banned\n|rule|Evasion Moves Clause: Evasion moves are banned\n|rule|Species Clause: Limit one of each Pok\u00e9mon\n|rule|Sleep Clause Mod: Limit one foe put to sleep\n|clearpoke\n|poke|p1|Volcarona, F|\n|poke|p1|Salamence, F|\n|poke|p1|Skarmory, F|\n|poke|p1|Weavile, M|\n|poke|p1|Serperior, M|\n|poke|p1|Gardevoir, F|\n|poke|p2|Ninetales-Alola, M|\n|poke|p2|Beartic, F|\n|poke|p2|Crawdaunt, M|\n|poke|p2|Arctozolt|\n|poke|p2|Charizard, M|\n|poke|p2|Cetitan, F|\n|teampreview\n|\n|t:|1700608243\n|start\n|switch|p1a: Volcarona|Volcarona, F|100\/100\n|switch|p2a: Ninetales|Ninetales-Alola, M|100\/100\n|-weather|Snow|[from] ability: Snow Warning|[of] p2a: Ninetales\n|turn|1\n|\n|t:|1700608259\n|move|p2a: Ninetales|Aurora Veil|p2a: Ninetales\n|-sidestart|p2: FailingFiat|move: Aurora Veil\n|move|p1a: Volcarona|Fiery Dance|p2a: Ninetales\n|-supereffective|p2a: Ninetales\n|-damage|p2a: Ninetales|63\/100\n|-boost|p1a: Volcarona|spa|1\n|-enditem|p2a: Ninetales|Eject Button\n|\n|t:|1700608265\n|switch|p2a: Beartic|Beartic, F|100\/100\n|\n|-weather|Snow|[upkeep]\n|upkeep\n|turn|2\n|\n|t:|1700608272\n|-terastallize|p2a: Beartic|Ice\n|move|p2a: Beartic|Icicle Crash|p1a: Volcarona\n|-resisted|p1a: Volcarona\n|-damage|p1a: Volcarona|18\/100\n|move|p1a: Volcarona|Fiery Dance|p2a: Beartic\n|-supereffective|p2a: Beartic\n|-damage|p2a: Beartic|27\/100\n|\n|-weather|Snow|[upkeep]\n|-heal|p1a: Volcarona|24\/100|[from] item: Leftovers\n|upkeep\n|turn|3\n|\n|t:|1700608291\n|switch|p1a: Salamence|Salamence, F|100\/100\n|move|p2a: Beartic|Icicle Crash|p1a: Salamence\n|-supereffective|p1a: Salamence\n|-damage|p1a: Salamence|0 fnt\n|faint|p1a: Salamence\n|\n|-weather|Snow|[upkeep]\n|upkeep\n|\n|t:|1700608303\n|switch|p1a: Weavile|Weavile, M|100\/100\n|-ability|p1a: Weavile|Pressure\n|turn|4\n|\n|t:|1700608307\n|move|p2a: Beartic|Icicle Crash|p1a: Weavile\n|-resisted|p1a: Weavile\n|-damage|p1a: Weavile|49\/100\n|move|p1a: Weavile|Low Kick|p2a: Beartic\n|-supereffective|p2a: Beartic\n|-damage|p2a: Beartic|0 fnt\n|faint|p2a: Beartic\n|\n|-weather|Snow|[upkeep]\n|upkeep\n|\n|t:|1700608311\n|switch|p2a: Cetitan|Cetitan, F|100\/100\n|turn|5\n|\n|t:|1700608341\n|move|p2a: Cetitan|Belly Drum|p2a: Cetitan\n|-damage|p2a: Cetitan|51\/100\n|-setboost|p2a: Cetitan|atk|6|[from] move: Belly Drum\n|move|p1a: Weavile|Low Kick|p2a: Cetitan\n|-supereffective|p2a: Cetitan\n|-damage|p2a: Cetitan|24\/100\n|\n|-weather|none\n|-sideend|p2: FailingFiat|move: Aurora Veil\n|upkeep\n|turn|6\n|\n|t:|1700608349\n|move|p1a: Weavile|Ice Shard|p2a: Cetitan\n|-resisted|p2a: Cetitan\n|-damage|p2a: Cetitan|14\/100\n|move|p2a: Cetitan|Ice Shard|p1a: Weavile\n|-resisted|p1a: Weavile\n|-damage|p1a: Weavile|0 fnt\n|faint|p1a: Weavile\n|\n|upkeep\n|\n|t:|1700608357\n|switch|p1a: Skarmory|Skarmory, F|100\/100\n|turn|7\n|\n|t:|1700608363\n|move|p2a: Cetitan|Icicle Spear|p1a: Skarmory\n|-damage|p1a: Skarmory|69\/100\n|-damage|p1a: Skarmory|39\/100\n|-damage|p1a: Skarmory|7\/100\n|-damage|p1a: Skarmory|0 fnt\n|faint|p1a: Skarmory\n|-hitcount|p1: Skarmory|4\n|\n|upkeep\n|\n|t:|1700608371\n|switch|p1a: Gardevoir|Gardevoir, F, shiny|100\/100\n|-ability|p1a: Gardevoir|Slush Rush|[from] ability: Trace|[of] p2a: Cetitan\n|turn|8\n|\n|t:|1700608377\n|move|p2a: Cetitan|Ice Shard|p1a: Gardevoir\n|-damage|p1a: Gardevoir|0 fnt\n|faint|p1a: Gardevoir\n|\n|upkeep\n|-message|Daexmizuker forfeited.\n|\n|win|FailingFiat\n|raw|Daexmizuker's rating: 1038 &rarr; <strong>1022<\/strong><br \/>(-16 for losing)\n|raw|FailingFiat's rating: 1036 &rarr; <strong>1071<\/strong><br \/>(+35 for winning)\n|l|\u2606Daexmizuker\n","uploadtime":1700608384,"views":0,"p1id":"daexmizuker","p2id":"failingfiat","formatid":"gen9nationaldex","rating":1022,"private":0,"password":""}