{"id":"gen9nationaldex-1987726319","p1":"Souravgotthepkmn1","p2":"Alice011","format":"[Gen 9] National Dex","log":"|j|\u2606Souravgotthepkmn1\n|j|\u2606Alice011\n|t:|1699631326\n|gametype|singles\n|player|p1|Souravgotthepkmn1|gambler|\n|player|p2|Alice011|richboy-gen4|\n|teamsize|p1|6\n|teamsize|p2|6\n|gen|9\n|tier|[Gen 9] National Dex\n|rule|HP Percentage Mod: HP is shown in percentages\n|rule|Endless Battle Clause: Forcing endless battles is banned\n|rule|OHKO Clause: OHKO moves are banned\n|rule|Evasion Clause: Evasion abilities, items, and moves are banned\n|rule|Evasion Abilities Clause: Evasion abilities are banned\n|rule|Evasion Items Clause: Evasion items are banned\n|rule|Evasion Moves Clause: Evasion moves are banned\n|rule|Species Clause: Limit one of each Pok\u00e9mon\n|rule|Sleep Clause Mod: Limit one foe put to sleep\n|clearpoke\n|poke|p1|Cloyster, M|\n|poke|p1|Mimikyu, M|\n|poke|p1|Lopunny, F|\n|poke|p1|Serperior, F|\n|poke|p1|Dragonite, M|\n|poke|p1|Iron Valiant|\n|poke|p2|Basculegion, M|\n|poke|p2|Great Tusk|\n|poke|p2|Charizard, F|\n|poke|p2|Greninja-*, M|\n|poke|p2|Rillaboom, M|\n|poke|p2|Glimmora, F|\n|teampreview\n|inactive|Battle timer is ON: inactive players will automatically lose when time's up. (requested by Souravgotthepkmn1)\n|\n|t:|1699631331\n|start\n|switch|p1a: Archer|Cloyster, M|100\/100\n|switch|p2a: Glimmora|Glimmora, F|100\/100\n|turn|1\n|\n|t:|1699631360\n|switch|p1a: Revaliate|Iron Valiant|100\/100\n|-enditem|p1a: Revaliate|Booster Energy\n|-activate|p1a: Revaliate|ability: Quark Drive|[fromitem]\n|-start|p1a: Revaliate|quarkdrivespe\n|move|p2a: Glimmora|Sludge Wave|p1a: Revaliate\n|-supereffective|p1a: Revaliate\n|-damage|p1a: Revaliate|0 fnt\n|faint|p1a: Revaliate\n|-end|p1a: Revaliate|Quark Drive|[silent]\n|\n|upkeep\n|inactive|Souravgotthepkmn1 has 270 seconds left.\n|\n|t:|1699631380\n|switch|p1a: Kairyu|Dragonite, M|100\/100\n|turn|2\n|\n|t:|1699631395\n|move|p1a: Kairyu|Earthquake|p2a: Glimmora\n|-supereffective|p2a: Glimmora\n|-enditem|p2a: Glimmora|Focus Sash\n|-damage|p2a: Glimmora|1\/100\n|-activate|p2a: Glimmora|ability: Toxic Debris\n|-sidestart|p1: Souravgotthepkmn1|move: Toxic Spikes\n|move|p2a: Glimmora|Stealth Rock|p1a: Kairyu\n|-sidestart|p1: Souravgotthepkmn1|move: Stealth Rock\n|\n|upkeep\n|turn|3\n|inactive|Souravgotthepkmn1 has 270 seconds left.\n|\n|t:|1699631405\n|move|p1a: Kairyu|Earthquake|p2a: Glimmora\n|-supereffective|p2a: Glimmora\n|-damage|p2a: Glimmora|0 fnt\n|-activate|p2a: Glimmora|ability: Toxic Debris\n|-sidestart|p1: Souravgotthepkmn1|move: Toxic Spikes\n|faint|p2a: Glimmora\n|\n|upkeep\n|\n|t:|1699631421\n|switch|p2a: Greninja|Greninja, M|100\/100\n|turn|4\n|\n|t:|1699631434\n|switch|p1a: Phantom|Mimikyu, M|100\/100\n|-status|p1a: Phantom|tox\n|-damage|p1a: Phantom|88\/100 tox|[from] Stealth Rock\n|move|p2a: Greninja|Hydro Pump|p1a: Phantom\n|-activate|p1a: Phantom|ability: Disguise\n|-damage|p1a: Phantom|88\/100 tox\n|detailschange|p1a: Phantom|Mimikyu-Busted, M\n|-damage|p1a: Phantom|76\/100 tox|[from] pokemon: Mimikyu-Busted\n|\n|-damage|p1a: Phantom|70\/100 tox|[from] psn\n|upkeep\n|turn|5\n|inactive|Souravgotthepkmn1 has 270 seconds left.\n|\n|t:|1699631451\n|move|p1a: Phantom|Play Rough|p2a: Greninja\n|-supereffective|p2a: Greninja\n|-enditem|p2a: Greninja|Focus Sash\n|-damage|p2a: Greninja|1\/100\n|move|p2a: Greninja|Dark Pulse|p1a: Phantom\n|-damage|p1a: Phantom|20\/100 tox\n|\n|-damage|p1a: Phantom|8\/100 tox|[from] psn\n|upkeep\n|turn|6\n|inactive|Souravgotthepkmn1 has 270 seconds left.\n|\n|t:|1699631463\n|move|p2a: Greninja|Water Shuriken|p1a: Phantom\n|-damage|p1a: Phantom|0 fnt\n|faint|p1a: Phantom\n|-ability|p2a: Greninja|Battle Bond|boost\n|-boost|p2a: Greninja|atk|1\n|-boost|p2a: Greninja|spa|1\n|-boost|p2a: Greninja|spe|1\n|-activate|p2a: Greninja|ability: Battle Bond\n|-hitcount|p1: Phantom|1\n|\n|upkeep\n|inactive|Souravgotthepkmn1 has 270 seconds left.\n|\n|t:|1699631475\n|switch|p1a: Kairyu|Dragonite, M|100\/100\n|-damage|p1a: Kairyu|76\/100|[from] Stealth Rock\n|turn|7\n|inactive|Souravgotthepkmn1 has 270 seconds left.\n|\n|t:|1699631481\n|move|p1a: Kairyu|Extreme Speed|p2a: Greninja\n|-damage|p2a: Greninja|0 fnt\n|faint|p2a: Greninja\n|\n|upkeep\n|\n|t:|1699631491\n|switch|p2a: Rillaboom|Rillaboom, M|100\/100\n|-fieldstart|move: Grassy Terrain|[from] ability: Grassy Surge|[of] p2a: Rillaboom\n|turn|8\n|inactive|Souravgotthepkmn1 has 270 seconds left.\n|\n|t:|1699631507\n|-terastallize|p1a: Kairyu|Normal\n|move|p1a: Kairyu|Extreme Speed|p2a: Rillaboom\n|-damage|p2a: Rillaboom|36\/100\n|move|p2a: Rillaboom|Knock Off|p1a: Kairyu\n|-damage|p1a: Kairyu|36\/100\n|-enditem|p1a: Kairyu|Choice Band|[from] move: Knock Off|[of] p2a: Rillaboom\n|\n|-heal|p1a: Kairyu|42\/100|[from] Grassy Terrain\n|-heal|p2a: Rillaboom|42\/100|[from] Grassy Terrain\n|upkeep\n|turn|9\n|inactive|Souravgotthepkmn1 has 270 seconds left.\n|\n|t:|1699631543\n|move|p1a: Kairyu|Extreme Speed|p2a: Rillaboom\n|-damage|p2a: Rillaboom|0 fnt\n|faint|p2a: Rillaboom\n|\n|-heal|p1a: Kairyu|48\/100|[from] Grassy Terrain\n|upkeep\n|\n|t:|1699631551\n|switch|p2a: Basculegion|Basculegion, M|100\/100\n|turn|10\n|\n|t:|1699631563\n|switch|p1a: Slitherine|Serperior, F|100\/100\n|-status|p1a: Slitherine|tox\n|-damage|p1a: Slitherine|88\/100 tox|[from] Stealth Rock\n|-terastallize|p2a: Basculegion|Dragon\n|move|p2a: Basculegion|Outrage|p1a: Slitherine\n|-damage|p1a: Slitherine|0 fnt\n|faint|p1a: Slitherine\n|\n|upkeep\n|\n|t:|1699631578\n|switch|p1a: Archer|Cloyster, M|100\/100\n|-status|p1a: Archer|tox\n|-damage|p1a: Archer|76\/100 tox|[from] Stealth Rock\n|turn|11\n|\n|t:|1699631584\n|move|p2a: Basculegion|Outrage|p1a: Archer|[from]lockedmove\n|-damage|p1a: Archer|10\/100 tox\n|move|p1a: Archer|Icicle Spear|p2a: Basculegion\n|-supereffective|p2a: Basculegion\n|-damage|p2a: Basculegion|74\/100\n|-supereffective|p2a: Basculegion\n|-damage|p2a: Basculegion|46\/100\n|-supereffective|p2a: Basculegion\n|-damage|p2a: Basculegion|17\/100\n|-supereffective|p2a: Basculegion\n|-damage|p2a: Basculegion|0 fnt\n|faint|p2a: Basculegion\n|-hitcount|p2: Basculegion|4\n|\n|-heal|p1a: Archer|16\/100 tox|[from] Grassy Terrain\n|-damage|p1a: Archer|10\/100 tox|[from] psn\n|upkeep\n|\n|t:|1699631601\n|switch|p2a: Charizard|Charizard, F|100\/100\n|turn|12\n|\n|t:|1699631620\n|detailschange|p2a: Charizard|Charizard-Mega-Y, F\n|-mega|p2a: Charizard|Charizard|Charizardite Y\n|-weather|SunnyDay|[from] ability: Drought|[of] p2a: Charizard\n|move|p1a: Archer|Ice Shard|p2a: Charizard\n|-damage|p2a: Charizard|78\/100\n|move|p2a: Charizard|Flamethrower|p1a: Archer\n|-damage|p1a: Archer|0 fnt\n|faint|p1a: Archer\n|\n|-weather|SunnyDay|[upkeep]\n|-fieldend|move: Grassy Terrain\n|upkeep\n|\n|t:|1699631634\n|switch|p1a: Kairyu|Dragonite, M, tera:Normal|48\/100\n|-status|p1a: Kairyu|tox\n|-damage|p1a: Kairyu|36\/100 tox|[from] Stealth Rock\n|turn|13\n|\n|t:|1699631646\n|move|p1a: Kairyu|Extreme Speed|p2a: Charizard\n|-damage|p2a: Charizard|15\/100\n|move|p2a: Charizard|Solar Beam||[still]\n|-prepare|p2a: Charizard|Solar Beam\n|-anim|p2a: Charizard|Solar Beam|p1a: Kairyu\n|-damage|p1a: Kairyu|0 fnt\n|faint|p1a: Kairyu\n|\n|-weather|SunnyDay|[upkeep]\n|upkeep\n|inactive|Souravgotthepkmn1 has 240 seconds left.\n|\n|t:|1699631657\n|switch|p1a: Flopsy|Lopunny, F, shiny|100\/100\n|-status|p1a: Flopsy|tox\n|-damage|p1a: Flopsy|88\/100 tox|[from] Stealth Rock\n|turn|14\n|\n|t:|1699631666\n|detailschange|p1a: Flopsy|Lopunny-Mega, F, shiny\n|-mega|p1a: Flopsy|Lopunny|Lopunnite\n|move|p1a: Flopsy|Fake Out|p2a: Charizard\n|-damage|p2a: Charizard|0 fnt\n|faint|p2a: Charizard\n|\n|-weather|SunnyDay|[upkeep]\n|-damage|p1a: Flopsy|82\/100 tox|[from] psn\n|upkeep\n|\n|t:|1699631676\n|switch|p2a: Great Tusk|Great Tusk|100\/100\n|-activate|p2a: Great Tusk|ability: Protosynthesis\n|-start|p2a: Great Tusk|protosynthesisatk\n|turn|15\n|\n|t:|1699631688\n|move|p2a: Great Tusk|Close Combat|p1a: Flopsy\n|-supereffective|p1a: Flopsy\n|-damage|p1a: Flopsy|0 fnt\n|-unboost|p2a: Great Tusk|def|1\n|-unboost|p2a: Great Tusk|spd|1\n|faint|p1a: Flopsy\n|\n|win|Alice011\n","uploadtime":1699631700,"views":12,"p1id":"souravgotthepkmn1","p2id":"alice011","formatid":"gen9nationaldex","rating":0,"private":0,"password":""}