{"id":"gen9nationaldex-1999852421","p1":"tomturtl","p2":"slimyswag","format":"[Gen 9] National Dex","log":"|html|<div class=\"broadcast-blue\"><strong>[Gen 9] National Dex is currently suspecting Sneasler! For information on how to participate check out the <a href=\"https:\/\/www.smogon.com\/forums\/threads\/sv-national-dex-suspect-8-just-dance.3731534\/\">suspect thread<\/a>.<\/strong><\/div>\n|j|\u2606tomturtl\n|j|\u2606slimyswag\n|t:|1701122858\n|gametype|singles\n|player|p1|tomturtl|n|1229\n|player|p2|slimyswag|harlequin|1252\n|teamsize|p1|6\n|teamsize|p2|6\n|gen|9\n|tier|[Gen 9] National Dex\n|rated|\n|rule|HP Percentage Mod: HP is shown in percentages\n|rule|Endless Battle Clause: Forcing endless battles is banned\n|rule|OHKO Clause: OHKO moves are banned\n|rule|Evasion Clause: Evasion abilities, items, and moves are banned\n|rule|Evasion Abilities Clause: Evasion abilities are banned\n|rule|Evasion Items Clause: Evasion items are banned\n|rule|Evasion Moves Clause: Evasion moves are banned\n|rule|Species Clause: Limit one of each Pok\u00e9mon\n|rule|Sleep Clause Mod: Limit one foe put to sleep\n|clearpoke\n|poke|p1|Sharpedo, F|\n|poke|p1|Tornadus-Therian, M|\n|poke|p1|Nihilego|\n|poke|p1|Kommo-o, M|\n|poke|p1|Tapu Fini|\n|poke|p1|Heatran, F|\n|poke|p2|Slowbro, M|\n|poke|p2|Torterra, M|\n|poke|p2|Galvantula, F|\n|poke|p2|Infernape, M|\n|poke|p2|Noivern, M|\n|poke|p2|Aggron, M|\n|teampreview\n|inactive|Battle timer is ON: inactive players will automatically lose when time's up. (requested by slimyswag)\n|\n|t:|1701122869\n|start\n|switch|p1a: Tornadus|Tornadus-Therian, M, shiny|100\/100\n|switch|p2a: Drop a Draco|Noivern, M|100\/100\n|turn|1\n|\n|t:|1701122875\n|move|p2a: Drop a Draco|Draco Meteor|p1a: Tornadus\n|-damage|p1a: Tornadus|15\/100\n|-unboost|p2a: Drop a Draco|spa|2\n|move|p1a: Tornadus|U-turn|p2a: Drop a Draco\n|-resisted|p2a: Drop a Draco\n|-damage|p2a: Drop a Draco|91\/100\n|\n|t:|1701122879\n|switch|p1a: Tapu Fini|Tapu Fini, shiny|100\/100|[from] U-turn\n|-fieldstart|move: Misty Terrain|[from] ability: Misty Surge|[of] p1a: Tapu Fini\n|\n|upkeep\n|turn|2\n|\n|t:|1701122882\n|switch|p2a: Smol Enemy Spider|Galvantula, F|100\/100\n|move|p1a: Tapu Fini|Calm Mind|p1a: Tapu Fini\n|-boost|p1a: Tapu Fini|spa|1\n|-boost|p1a: Tapu Fini|spd|1\n|\n|upkeep\n|turn|3\n|\n|t:|1701122892\n|move|p2a: Smol Enemy Spider|Thunder|p1a: Tapu Fini\n|-supereffective|p1a: Tapu Fini\n|-damage|p1a: Tapu Fini|48\/100\n|move|p1a: Tapu Fini|Calm Mind|p1a: Tapu Fini\n|-boost|p1a: Tapu Fini|spa|1\n|-boost|p1a: Tapu Fini|spd|1\n|\n|-heal|p1a: Tapu Fini|54\/100|[from] item: Leftovers\n|upkeep\n|turn|4\n|\n|t:|1701122903\n|move|p2a: Smol Enemy Spider|Thunder|p1a: Tapu Fini\n|-supereffective|p1a: Tapu Fini\n|-crit|p1a: Tapu Fini\n|-damage|p1a: Tapu Fini|0 fnt\n|faint|p1a: Tapu Fini\n|\n|upkeep\n|\n|t:|1701122911\n|switch|p1a: Heatran|Heatran, F|100\/100\n|turn|5\n|\n|t:|1701122917\n|move|p2a: Smol Enemy Spider|Sticky Web|p1a: Heatran\n|-sidestart|p1: tomturtl|move: Sticky Web\n|move|p1a: Heatran|Earth Power|p2a: Smol Enemy Spider\n|-damage|p2a: Smol Enemy Spider|48\/100\n|\n|-fieldend|Misty Terrain\n|upkeep\n|turn|6\n|\n|t:|1701122921\n|switch|p2a: :D|Slowbro, M|100\/100\n|move|p1a: Heatran|Lava Plume|p2a: :D\n|-resisted|p2a: :D\n|-damage|p2a: :D|85\/100\n|\n|-heal|p2a: :D|91\/100|[from] item: Leftovers\n|upkeep\n|turn|7\n|\n|t:|1701122924\n|move|p1a: Heatran|Dark Pulse|p2a: :D\n|-supereffective|p2a: :D\n|-damage|p2a: :D|46\/100\n|cant|p2a: :D|flinch\n|\n|-heal|p2a: :D|52\/100|[from] item: Leftovers\n|upkeep\n|turn|8\n|\n|t:|1701122929\n|move|p1a: Heatran|Dark Pulse|p2a: :D\n|-supereffective|p2a: :D\n|-damage|p2a: :D|8\/100\n|move|p2a: :D|Scald|p1a: Heatran\n|-supereffective|p1a: Heatran\n|-damage|p1a: Heatran|67\/100\n|\n|-heal|p2a: :D|14\/100|[from] item: Leftovers\n|upkeep\n|turn|9\n|\n|t:|1701122935\n|switch|p2a: Monk|Infernape, M|100\/100\n|move|p1a: Heatran|Lava Plume|p2a: Monk\n|-resisted|p2a: Monk\n|-damage|p2a: Monk|74\/100\n|\n|-heal|p2a: Monk|80\/100|[from] item: Leftovers\n|upkeep\n|turn|10\n|\n|t:|1701122937\n|move|p2a: Monk|Drain Punch|p1a: Heatran\n|-supereffective|p1a: Heatran\n|-damage|p1a: Heatran|22\/100\n|-heal|p2a: Monk|100\/100|[from] drain|[of] p1a: Heatran\n|move|p1a: Heatran|Earth Power|p2a: Monk\n|-supereffective|p2a: Monk\n|-damage|p2a: Monk|21\/100\n|\n|-heal|p2a: Monk|27\/100|[from] item: Leftovers\n|upkeep\n|turn|11\n|\n|t:|1701122940\n|move|p2a: Monk|Drain Punch|p1a: Heatran\n|-supereffective|p1a: Heatran\n|-damage|p1a: Heatran|0 fnt\n|-heal|p2a: Monk|38\/100|[from] drain|[of] p1a: Heatran\n|faint|p1a: Heatran\n|\n|-heal|p2a: Monk|44\/100|[from] item: Leftovers\n|upkeep\n|\n|t:|1701122943\n|switch|p1a: Tornadus|Tornadus-Therian, M, shiny|48\/100\n|turn|12\n|\n|t:|1701122948\n|move|p1a: Tornadus|Air Slash|p2a: Monk\n|-supereffective|p2a: Monk\n|-damage|p2a: Monk|0 fnt\n|faint|p2a: Monk\n|\n|upkeep\n|\n|t:|1701122951\n|switch|p2a: Smol Enemy Spider|Galvantula, F|48\/100\n|turn|13\n|\n|t:|1701122956\n|move|p2a: Smol Enemy Spider|Thunder|p1a: Tornadus\n|-supereffective|p1a: Tornadus\n|-crit|p1a: Tornadus\n|-damage|p1a: Tornadus|0 fnt\n|faint|p1a: Tornadus\n|\n|upkeep\n|inactive|tomturtl has 120 seconds left.\n|inactive|tomturtl has 90 seconds left.\n|\n|t:|1701123036\n|switch|p1a: Nihilego|Nihilego, shiny|100\/100\n|-activate|p1a: Nihilego|move: Sticky Web\n|-unboost|p1a: Nihilego|spe|1\n|turn|14\n|\n|t:|1701123048\n|move|p2a: Smol Enemy Spider|Thunder Wave|p1a: Nihilego\n|-status|p1a: Nihilego|par\n|move|p1a: Nihilego|Meteor Beam||[still]\n|-prepare|p1a: Nihilego|Meteor Beam\n|-boost|p1a: Nihilego|spa|1\n|-enditem|p1a: Nihilego|Power Herb\n|-anim|p1a: Nihilego|Meteor Beam|p2a: Smol Enemy Spider\n|-supereffective|p2a: Smol Enemy Spider\n|-damage|p2a: Smol Enemy Spider|0 fnt\n|faint|p2a: Smol Enemy Spider\n|-ability|p1a: Nihilego|Beast Boost|boost\n|-boost|p1a: Nihilego|spa|1\n|\n|upkeep\n|\n|t:|1701123064\n|switch|p2a: My boy|Aggron, M|100\/100\n|turn|15\n|inactive|tomturtl has 90 seconds left.\n|\n|t:|1701123073\n|move|p2a: My boy|Earthquake|p1a: Nihilego\n|-supereffective|p1a: Nihilego\n|-damage|p1a: Nihilego|0 fnt\n|faint|p1a: Nihilego\n|\n|upkeep\n|\n|t:|1701123077\n|switch|p1a: Sharpedo|Sharpedo, F|100\/100\n|-activate|p1a: Sharpedo|move: Sticky Web\n|-unboost|p1a: Sharpedo|spe|1\n|turn|16\n|\n|t:|1701123085\n|switch|p2a: :D|Slowbro, M|47\/100\n|move|p1a: Sharpedo|Waterfall|p2a: :D\n|-resisted|p2a: :D\n|-damage|p2a: :D|35\/100\n|\n|-heal|p2a: :D|41\/100|[from] item: Leftovers\n|-ability|p1a: Sharpedo|Speed Boost|boost\n|-boost|p1a: Sharpedo|spe|1\n|upkeep\n|turn|17\n|\n|t:|1701123090\n|move|p1a: Sharpedo|Crunch|p2a: :D\n|-supereffective|p2a: :D\n|-damage|p2a: :D|0 fnt\n|faint|p2a: :D\n|\n|-ability|p1a: Sharpedo|Speed Boost|boost\n|-boost|p1a: Sharpedo|spe|1\n|upkeep\n|\n|t:|1701123094\n|switch|p2a: My boy|Aggron, M|100\/100\n|turn|18\n|inactive|tomturtl has 120 seconds left.\n|\n|t:|1701123117\n|move|p1a: Sharpedo|Waterfall|p2a: My boy\n|-supereffective|p2a: My boy\n|-damage|p2a: My boy|55\/100\n|move|p2a: My boy|Metal Burst|p1a: Sharpedo\n|-damage|p1a: Sharpedo|21\/100\n|\n|-ability|p1a: Sharpedo|Speed Boost|boost\n|-boost|p1a: Sharpedo|spe|1\n|upkeep\n|turn|19\n|\n|t:|1701123123\n|detailschange|p1a: Sharpedo|Sharpedo-Mega, F\n|-mega|p1a: Sharpedo|Sharpedo|Sharpedonite\n|move|p1a: Sharpedo|Waterfall|p2a: My boy\n|-supereffective|p2a: My boy\n|-damage|p2a: My boy|0 fnt\n|faint|p2a: My boy\n|\n|upkeep\n|\n|t:|1701123131\n|switch|p2a: Drop a Draco|Noivern, M|91\/100\n|turn|20\n|\n|t:|1701123135\n|move|p1a: Sharpedo|Ice Fang|p2a: Drop a Draco\n|-supereffective|p2a: Drop a Draco\n|-damage|p2a: Drop a Draco|0 fnt\n|faint|p2a: Drop a Draco\n|\n|upkeep\n|\n|t:|1701123139\n|switch|p2a: Tortellini|Torterra, M|100\/100\n|turn|21\n|\n|t:|1701123145\n|-terastallize|p2a: Tortellini|Rock\n|move|p1a: Sharpedo|Ice Fang|p2a: Tortellini\n|-damage|p2a: Tortellini|67\/100\n|move|p2a: Tortellini|Bullet Seed|p1a: Sharpedo\n|-supereffective|p1a: Sharpedo\n|-crit|p1a: Sharpedo\n|-damage|p1a: Sharpedo|0 fnt\n|faint|p1a: Sharpedo\n|-hitcount|p1: Sharpedo|1\n|\n|upkeep\n|\n|t:|1701123149\n|switch|p1a: Kommo-o|Kommo-o, M|100\/100\n|-activate|p1a: Kommo-o|move: Sticky Web\n|-unboost|p1a: Kommo-o|spe|1\n|turn|22\n|\n|t:|1701123155\n|move|p2a: Tortellini|Shell Smash|p2a: Tortellini\n|-unboost|p2a: Tortellini|def|1\n|-unboost|p2a: Tortellini|spd|1\n|-boost|p2a: Tortellini|atk|2\n|-boost|p2a: Tortellini|spa|2\n|-boost|p2a: Tortellini|spe|2\n|-zpower|p1a: Kommo-o\n|move|p1a: Kommo-o|Clangorous Soulblaze|p2a: Tortellini|[zeffect]\n|-damage|p2a: Tortellini|0 fnt\n|faint|p2a: Tortellini\n|\n|win|tomturtl\n|raw|tomturtl's rating: 1229 &rarr; <strong>1256<\/strong><br \/>(+27 for winning)\n|raw|slimyswag's rating: 1252 &rarr; <strong>1225<\/strong><br \/>(-27 for losing)\n|l|\u2606slimyswag\n|c|\u2606tomturtl|Ggwp\n|l|\u2606tomturtl\n|j|\u2606tomturtl\n|player|p1|tomturtl|n\n","uploadtime":1701123229,"views":3,"p1id":"tomturtl","p2id":"slimyswag","formatid":"gen9nationaldex","rating":1225,"private":0,"password":""}