{"id":"gen9nationaldex-1996880424","p1":"gzp666","p2":"zhangjibgxiang","format":"[Gen 9] National Dex","log":"|html|<div class=\"broadcast-blue\"><strong>[Gen 9] National Dex is currently suspecting Sneasler! For information on how to participate check out the <a href=\"https:\/\/www.smogon.com\/forums\/threads\/sv-national-dex-suspect-8-just-dance.3731534\/\">suspect thread<\/a>.<\/strong><\/div>\n|j|\u203dgzp666\n|j|\u2606zhangjibgxiang\n|t:|1700739560\n|gametype|singles\n|player|p1|gzp666|170|1351\n|player|p2|zhangjibgxiang|101|1240\n|teamsize|p1|6\n|teamsize|p2|6\n|gen|9\n|tier|[Gen 9] National Dex\n|rated|\n|rule|HP Percentage Mod: HP is shown in percentages\n|rule|Endless Battle Clause: Forcing endless battles is banned\n|rule|OHKO Clause: OHKO moves are banned\n|rule|Evasion Clause: Evasion abilities, items, and moves are banned\n|rule|Evasion Abilities Clause: Evasion abilities are banned\n|rule|Evasion Items Clause: Evasion items are banned\n|rule|Evasion Moves Clause: Evasion moves are banned\n|rule|Species Clause: Limit one of each Pok\u00e9mon\n|rule|Sleep Clause Mod: Limit one foe put to sleep\n|clearpoke\n|poke|p1|Rillaboom, F|\n|poke|p1|Urshifu-*, F|\n|poke|p1|Heatran, M|\n|poke|p1|Toxapex, F|\n|poke|p1|Great Tusk|\n|poke|p1|Pinsir, F|\n|poke|p2|Mawile, M|\n|poke|p2|Marowak-Alola, F|\n|poke|p2|Hatterene, F|\n|poke|p2|Cresselia, F|\n|poke|p2|Porygon2|\n|poke|p2|Ursaluna, M|\n|teampreview\n|\n|t:|1700739572\n|start\n|switch|p1a: Heatran|Heatran, M|100\/100\n|switch|p2a: Mawile|Mawile, M|100\/100\n|-ability|p2a: Mawile|Intimidate|boost\n|-unboost|p1a: Heatran|atk|1\n|turn|1\n|\n|t:|1700739598\n|switch|p2a: Porygon2|Porygon2|100\/100\n|-ability|p2a: Porygon2|Flash Fire|[from] ability: Trace|[of] p1a: Heatran\n|move|p1a: Heatran|Magma Storm|p2a: Porygon2\n|-start|p2a: Porygon2|ability: Flash Fire\n|\n|upkeep\n|turn|2\n|\n|t:|1700739613\n|move|p1a: Heatran|Taunt|p2a: Porygon2\n|-start|p2a: Porygon2|move: Taunt\n|move|p2a: Porygon2|Thunderbolt|p1a: Heatran\n|-damage|p1a: Heatran|88\/100\n|\n|-heal|p1a: Heatran|95\/100|[from] item: Leftovers\n|upkeep\n|turn|3\n|\n|t:|1700739640\n|-end|p2a: Porygon2|ability: Flash Fire|[silent]\n|switch|p2a: Cresselia|Cresselia, F|100\/100\n|move|p1a: Heatran|Stealth Rock|p2a: Cresselia\n|-sidestart|p2: zhangjibgxiang|move: Stealth Rock\n|\n|-heal|p1a: Heatran|100\/100|[from] item: Leftovers\n|upkeep\n|turn|4\n|\n|t:|1700739651\n|move|p2a: Cresselia|Psychic|p1a: Heatran\n|-resisted|p1a: Heatran\n|-damage|p1a: Heatran|93\/100\n|move|p1a: Heatran|Taunt|p2a: Cresselia\n|-start|p2a: Cresselia|move: Taunt\n|\n|-heal|p1a: Heatran|99\/100|[from] item: Leftovers\n|upkeep\n|turn|5\n|\n|t:|1700739660\n|switch|p2a: Hatterene|Hatterene, F|100\/100\n|-damage|p2a: Hatterene|88\/100|[from] Stealth Rock\n|move|p1a: Heatran|Earth Power|p2a: Hatterene\n|-damage|p2a: Hatterene|62\/100\n|-unboost|p2a: Hatterene|spd|1\n|\n|-heal|p1a: Heatran|100\/100|[from] item: Leftovers\n|upkeep\n|turn|6\n|\n|t:|1700739676\n|move|p1a: Heatran|Magma Storm|p2a: Hatterene|[miss]\n|-miss|p1a: Heatran|p2a: Hatterene\n|move|p2a: Hatterene|Trick Room|p2a: Hatterene\n|-fieldstart|move: Trick Room|[of] p2a: Hatterene\n|\n|upkeep\n|turn|7\n|\n|t:|1700739713\n|switch|p2a: Ursaluna|Ursaluna, M|100\/100\n|-damage|p2a: Ursaluna|94\/100|[from] Stealth Rock\n|switch|p1a: Great Tusk|Great Tusk|100\/100\n|\n|-status|p2a: Ursaluna|brn|[from] item: Flame Orb\n|upkeep\n|turn|8\n|\n|t:|1700739724\n|move|p2a: Ursaluna|Swords Dance|p2a: Ursaluna\n|-boost|p2a: Ursaluna|atk|2\n|move|p1a: Great Tusk|Close Combat|p2a: Ursaluna\n|-supereffective|p2a: Ursaluna\n|-damage|p2a: Ursaluna|20\/100 brn\n|-unboost|p1a: Great Tusk|def|1\n|-unboost|p1a: Great Tusk|spd|1\n|\n|-damage|p2a: Ursaluna|14\/100 brn|[from] brn\n|upkeep\n|turn|9\n|l|\u2606zhangjibgxiang\n|player|p2|\n|j|\u2606zhangjibgxiang\n|player|p2|zhangjibgxiang|101\n|\n|t:|1700739759\n|-end|p1a: Great Tusk|Protosynthesis|[silent]\n|switch|p1a: Rillaboom|Rillaboom, F|100\/100\n|-fieldstart|move: Grassy Terrain|[from] ability: Grassy Surge|[of] p1a: Rillaboom\n|move|p2a: Ursaluna|Facade|p1a: Rillaboom\n|-damage|p1a: Rillaboom|0 fnt\n|faint|p1a: Rillaboom\n|\n|-heal|p2a: Ursaluna|20\/100 brn|[from] Grassy Terrain\n|-damage|p2a: Ursaluna|14\/100 brn|[from] brn\n|upkeep\n|\n|t:|1700739764\n|switch|p1a: Pinsir|Pinsir, F|100\/100\n|turn|10\n|\n|t:|1700739782\n|switch|p2a: Cresselia|Cresselia, F|100\/100\n|-damage|p2a: Cresselia|88\/100|[from] Stealth Rock\n|detailschange|p1a: Pinsir|Pinsir-Mega, F\n|-mega|p1a: Pinsir|Pinsir|Pinsirite\n|move|p1a: Pinsir|Quick Attack|p2a: Cresselia\n|-damage|p2a: Cresselia|73\/100\n|\n|-fieldend|move: Trick Room\n|upkeep\n|turn|11\n|\n|t:|1700739802\n|move|p1a: Pinsir|Return|p2a: Cresselia\n|-damage|p2a: Cresselia|38\/100\n|move|p2a: Cresselia|Trick Room|p2a: Cresselia\n|-fieldstart|move: Trick Room|[of] p2a: Cresselia\n|\n|upkeep\n|turn|12\n|\n|t:|1700739810\n|switch|p1a: Great Tusk|Great Tusk|100\/100\n|move|p2a: Cresselia|Lunar Dance|p2a: Cresselia\n|faint|p2a: Cresselia\n|\n|upkeep\n|\n|t:|1700739817\n|switch|p2a: Ursaluna|Ursaluna, M|14\/100 brn\n|-heal|p2a: Ursaluna|100\/100|[from] move: Lunar Dance\n|-damage|p2a: Ursaluna|94\/100|[from] Stealth Rock\n|turn|13\n|\n|t:|1700739826\n|-terastallize|p2a: Ursaluna|Normal\n|move|p2a: Ursaluna|Facade|p1a: Great Tusk\n|-damage|p1a: Great Tusk|62\/100\n|move|p1a: Great Tusk|Close Combat|p2a: Ursaluna\n|-supereffective|p2a: Ursaluna\n|-damage|p2a: Ursaluna|24\/100\n|-unboost|p1a: Great Tusk|def|1\n|-unboost|p1a: Great Tusk|spd|1\n|\n|-heal|p2a: Ursaluna|30\/100|[from] Grassy Terrain\n|-heal|p1a: Great Tusk|68\/100|[from] Grassy Terrain\n|-heal|p1a: Great Tusk|75\/100|[from] item: Leftovers\n|-fieldend|move: Grassy Terrain\n|-status|p2a: Ursaluna|brn|[from] item: Flame Orb\n|upkeep\n|turn|14\n|\n|t:|1700739834\n|-end|p1a: Great Tusk|Protosynthesis|[silent]\n|switch|p1a: Toxapex|Toxapex, F|100\/100\n|move|p2a: Ursaluna|Facade|p1a: Toxapex\n|-damage|p1a: Toxapex|0 fnt\n|faint|p1a: Toxapex\n|\n|-damage|p2a: Ursaluna|24\/100 brn|[from] brn\n|upkeep\n|\n|t:|1700739847\n|switch|p1a: Pinsir|Pinsir-Mega, F|100\/100\n|turn|15\n|\n|t:|1700739852\n|move|p1a: Pinsir|Quick Attack|p2a: Ursaluna\n|-damage|p2a: Ursaluna|4\/100 brn\n|move|p2a: Ursaluna|Facade|p1a: Pinsir\n|-damage|p1a: Pinsir|0 fnt\n|faint|p1a: Pinsir\n|\n|-damage|p2a: Ursaluna|0 fnt|[from] brn\n|faint|p2a: Ursaluna\n|-fieldend|move: Trick Room\n|upkeep\n|\n|t:|1700739868\n|switch|p1a: Urshifu|Urshifu-Rapid-Strike, F|100\/100\n|switch|p2a: Mawile|Mawile, M|100\/100\n|-damage|p2a: Mawile|95\/100|[from] Stealth Rock\n|-ability|p2a: Mawile|Intimidate|boost\n|-unboost|p1a: Urshifu|atk|1\n|turn|16\n|\n|t:|1700739881\n|detailschange|p2a: Mawile|Mawile-Mega, M\n|-mega|p2a: Mawile|Mawile|Mawilite\n|move|p1a: Urshifu|U-turn|p2a: Mawile\n|-resisted|p2a: Mawile\n|-damage|p2a: Mawile|91\/100\n|\n|t:|1700739891\n|switch|p1a: Heatran|Heatran, M|100\/100|[from] U-turn\n|move|p2a: Mawile|Play Rough|p1a: Heatran\n|-resisted|p1a: Heatran\n|-damage|p1a: Heatran|83\/100\n|\n|-heal|p1a: Heatran|90\/100|[from] item: Leftovers\n|upkeep\n|turn|17\n|\n|t:|1700739909\n|switch|p2a: Porygon2|Porygon2|100\/100\n|-damage|p2a: Porygon2|88\/100|[from] Stealth Rock\n|-ability|p2a: Porygon2|Flash Fire|[from] ability: Trace|[of] p1a: Heatran\n|move|p1a: Heatran|Earth Power|p2a: Porygon2\n|-damage|p2a: Porygon2|74\/100\n|\n|-heal|p1a: Heatran|96\/100|[from] item: Leftovers\n|upkeep\n|turn|18\n|\n|t:|1700739918\n|move|p1a: Heatran|Taunt|p2a: Porygon2\n|-start|p2a: Porygon2|move: Taunt\n|cant|p2a: Porygon2|move: Taunt|Trick Room\n|\n|-heal|p1a: Heatran|100\/100|[from] item: Leftovers\n|upkeep\n|turn|19\n|\n|t:|1700739934\n|move|p1a: Heatran|Earth Power|p2a: Porygon2\n|-damage|p2a: Porygon2|59\/100\n|move|p2a: Porygon2|Thunderbolt|p1a: Heatran\n|-damage|p1a: Heatran|87\/100\n|\n|-heal|p1a: Heatran|93\/100|[from] item: Leftovers\n|upkeep\n|turn|20\n|\n|t:|1700739947\n|switch|p2a: Hatterene|Hatterene, F|62\/100\n|-damage|p2a: Hatterene|50\/100|[from] Stealth Rock\n|move|p1a: Heatran|Earth Power|p2a: Hatterene\n|-crit|p2a: Hatterene\n|-damage|p2a: Hatterene|9\/100\n|\n|-heal|p1a: Heatran|99\/100|[from] item: Leftovers\n|upkeep\n|turn|21\n|\n|t:|1700739954\n|move|p1a: Heatran|Earth Power|p2a: Hatterene\n|-damage|p2a: Hatterene|0 fnt\n|faint|p2a: Hatterene\n|\n|-heal|p1a: Heatran|100\/100|[from] item: Leftovers\n|upkeep\n|\n|t:|1700739958\n|switch|p2a: Marowak|Marowak-Alola, F|100\/100\n|-damage|p2a: Marowak|75\/100|[from] Stealth Rock\n|turn|22\n|\n|t:|1700739968\n|-terastallize|p1a: Heatran|Grass\n|move|p1a: Heatran|Earth Power|p2a: Marowak\n|-supereffective|p2a: Marowak\n|-damage|p2a: Marowak|12\/100\n|move|p2a: Marowak|Low Kick|p1a: Heatran\n|-damage|p1a: Heatran|40\/100\n|\n|-heal|p1a: Heatran|47\/100|[from] item: Leftovers\n|upkeep\n|turn|23\n|\n|t:|1700739988\n|switch|p2a: Mawile|Mawile-Mega, M|91\/100\n|-damage|p2a: Mawile|85\/100|[from] Stealth Rock\n|move|p1a: Heatran|Earth Power|p2a: Mawile\n|-supereffective|p2a: Mawile\n|-damage|p2a: Mawile|26\/100\n|\n|-heal|p1a: Heatran|53\/100|[from] item: Leftovers\n|upkeep\n|turn|24\n|\n|t:|1700740008\n|switch|p1a: Great Tusk|Great Tusk|75\/100\n|move|p2a: Mawile|Sucker Punch||[still]\n|-fail|p2a: Mawile\n|\n|-heal|p1a: Great Tusk|81\/100|[from] item: Leftovers\n|upkeep\n|turn|25\n|\n|t:|1700740021\n|move|p1a: Great Tusk|Earthquake|p2a: Mawile\n|-supereffective|p2a: Mawile\n|-damage|p2a: Mawile|0 fnt\n|faint|p2a: Mawile\n|\n|-heal|p1a: Great Tusk|87\/100|[from] item: Leftovers\n|upkeep\n|\n|t:|1700740025\n|switch|p2a: Porygon2|Porygon2|59\/100\n|-damage|p2a: Porygon2|47\/100|[from] Stealth Rock\n|turn|26\n|\n|t:|1700740031\n|move|p1a: Great Tusk|Close Combat|p2a: Porygon2\n|-supereffective|p2a: Porygon2\n|-damage|p2a: Porygon2|0 fnt\n|-unboost|p1a: Great Tusk|def|1\n|-unboost|p1a: Great Tusk|spd|1\n|faint|p2a: Porygon2\n|\n|-heal|p1a: Great Tusk|93\/100|[from] item: Leftovers\n|upkeep\n|\n|t:|1700740035\n|switch|p2a: Marowak|Marowak-Alola, F|12\/100\n|-damage|p2a: Marowak|0 fnt|[from] Stealth Rock\n|faint|p2a: Marowak\n|\n|win|gzp666\n|raw|gzp666's rating: 1351 &rarr; <strong>1365<\/strong><br \/>(+14 for winning)\n|raw|zhangjibgxiang's rating: 1240 &rarr; <strong>1223<\/strong><br \/>(-17 for losing)\n|l|\u2606zhangjibgxiang\n","uploadtime":1700740042,"views":0,"p1id":"gzp666","p2id":"zhangjibgxiang","formatid":"gen9nationaldex","rating":1223,"private":0,"password":""}