{"id":"gen9nationaldex-1991025973","p1":"George44","p2":"dhdjdisisksse","format":"[Gen 9] National Dex","log":"|j|\u2606George44\n|j|\u2606dhdjdisisksse\n|t:|1700030240\n|gametype|singles\n|player|p1|George44|barry|1043\n|player|p2|dhdjdisisksse|169|1081\n|teamsize|p1|6\n|teamsize|p2|6\n|gen|9\n|tier|[Gen 9] National Dex\n|rated|\n|rule|HP Percentage Mod: HP is shown in percentages\n|rule|Endless Battle Clause: Forcing endless battles is banned\n|rule|OHKO Clause: OHKO moves are banned\n|rule|Evasion Clause: Evasion abilities, items, and moves are banned\n|rule|Evasion Abilities Clause: Evasion abilities are banned\n|rule|Evasion Items Clause: Evasion items are banned\n|rule|Evasion Moves Clause: Evasion moves are banned\n|rule|Species Clause: Limit one of each Pok\u00e9mon\n|rule|Sleep Clause Mod: Limit one foe put to sleep\n|clearpoke\n|poke|p1|Forretress, M|\n|poke|p1|Ditto|\n|poke|p1|Latias, F|\n|poke|p1|Registeel|\n|poke|p1|Meloetta|\n|poke|p1|Cottonee, L1, F|\n|poke|p2|Samurott-Hisui, F|\n|poke|p2|Banette, M|\n|poke|p2|Ninetales-Alola, M|\n|poke|p2|Corviknight, F|\n|poke|p2|Iron Treads|\n|poke|p2|Tapu Lele|\n|teampreview\n|inactive|Battle timer is ON: inactive players will automatically lose when time's up. (requested by George44)\n|\n|t:|1700030246\n|start\n|switch|p1a: Forretress|Forretress, M|100\/100\n|switch|p2a: Iron Treads|Iron Treads|100\/100\n|turn|1\n|\n|t:|1700030251\n|-end|p2a: Iron Treads|Quark Drive|[silent]\n|switch|p2a: Ninetales|Ninetales-Alola, M|100\/100\n|-weather|Snow|[from] ability: Snow Warning|[of] p2a: Ninetales\n|move|p1a: Forretress|Stealth Rock|p2a: Ninetales\n|-sidestart|p2: dhdjdisisksse|move: Stealth Rock\n|\n|-weather|Snow|[upkeep]\n|upkeep\n|turn|2\n|\n|t:|1700030254\n|move|p2a: Ninetales|Hidden Power|p1a: Forretress\n|-supereffective|p1a: Forretress\n|-ability|p1a: Forretress|Sturdy\n|-damage|p1a: Forretress|1\/100\n|move|p1a: Forretress|Explosion|p2a: Ninetales\n|-damage|p2a: Ninetales|30\/100\n|faint|p1a: Forretress\n|\n|-weather|Snow|[upkeep]\n|upkeep\n|\n|t:|1700030264\n|switch|p1a: Registeel|Registeel|100\/100\n|turn|3\n|\n|t:|1700030268\n|switch|p2a: Iron Treads|Iron Treads|100\/100\n|-damage|p2a: Iron Treads|97\/100|[from] Stealth Rock\n|move|p1a: Registeel|Iron Defense|p1a: Registeel\n|-boost|p1a: Registeel|def|2\n|\n|-weather|Snow|[upkeep]\n|upkeep\n|turn|4\n|\n|t:|1700030274\n|move|p2a: Iron Treads|Rapid Spin|p1a: Registeel\n|-resisted|p1a: Registeel\n|-damage|p1a: Registeel|98\/100\n|-boost|p2a: Iron Treads|spe|1\n|-sideend|p2: dhdjdisisksse|Stealth Rock|[from] move: Rapid Spin|[of] p2a: Iron Treads\n|move|p1a: Registeel|Amnesia|p1a: Registeel\n|-boost|p1a: Registeel|spd|2\n|\n|-weather|Snow|[upkeep]\n|-heal|p1a: Registeel|100\/100|[from] item: Leftovers\n|upkeep\n|turn|5\n|\n|t:|1700030281\n|move|p2a: Iron Treads|Stealth Rock|p1a: Registeel\n|-sidestart|p1: George44|move: Stealth Rock\n|move|p1a: Registeel|Iron Defense|p1a: Registeel\n|-boost|p1a: Registeel|def|2\n|\n|-weather|none\n|upkeep\n|turn|6\n|\n|t:|1700030286\n|-end|p2a: Iron Treads|Quark Drive|[silent]\n|switch|p2a: Banette|Banette, M|100\/100\n|move|p1a: Registeel|Amnesia|p1a: Registeel\n|-boost|p1a: Registeel|spd|2\n|\n|upkeep\n|turn|7\n|\n|t:|1700030292\n|detailschange|p2a: Banette|Banette-Mega, M\n|-mega|p2a: Banette|Banette|Banettite\n|move|p2a: Banette|Encore|p1a: Registeel\n|-start|p1a: Registeel|Encore\n|move|p1a: Registeel|Amnesia|p1a: Registeel\n|-boost|p1a: Registeel|spd|2\n|\n|upkeep\n|turn|8\n|\n|t:|1700030297\n|move|p2a: Banette|Poltergeist|p1a: Registeel\n|-activate|p1a: Registeel|move: Poltergeist|Leftovers\n|-damage|p1a: Registeel|85\/100\n|move|p1a: Registeel|Amnesia|p1a: Registeel\n|-boost|p1a: Registeel|spd|0\n|\n|-heal|p1a: Registeel|91\/100|[from] item: Leftovers\n|upkeep\n|turn|9\n|\n|t:|1700030303\n|move|p2a: Banette|Poltergeist|p1a: Registeel\n|-activate|p1a: Registeel|move: Poltergeist|Leftovers\n|-damage|p1a: Registeel|76\/100\n|move|p1a: Registeel|Amnesia|p1a: Registeel\n|-boost|p1a: Registeel|spd|0\n|\n|-heal|p1a: Registeel|82\/100|[from] item: Leftovers\n|-end|p1a: Registeel|Encore\n|upkeep\n|turn|10\n|\n|t:|1700030306\n|move|p2a: Banette|Encore|p1a: Registeel\n|-start|p1a: Registeel|Encore\n|move|p1a: Registeel|Amnesia|p1a: Registeel\n|-boost|p1a: Registeel|spd|0\n|\n|-heal|p1a: Registeel|88\/100|[from] item: Leftovers\n|upkeep\n|turn|11\n|\n|t:|1700030311\n|move|p2a: Banette|Shadow Sneak|p1a: Registeel\n|-damage|p1a: Registeel|82\/100\n|move|p1a: Registeel|Amnesia|p1a: Registeel\n|-boost|p1a: Registeel|spd|0\n|\n|-heal|p1a: Registeel|88\/100|[from] item: Leftovers\n|upkeep\n|turn|12\n|\n|t:|1700030316\n|move|p2a: Banette|Shadow Sneak|p1a: Registeel\n|-damage|p1a: Registeel|82\/100\n|move|p1a: Registeel|Amnesia|p1a: Registeel\n|-boost|p1a: Registeel|spd|0\n|\n|-heal|p1a: Registeel|88\/100|[from] item: Leftovers\n|-end|p1a: Registeel|Encore\n|upkeep\n|turn|13\n|\n|t:|1700030318\n|move|p2a: Banette|Encore|p1a: Registeel\n|-start|p1a: Registeel|Encore\n|move|p1a: Registeel|Amnesia|p1a: Registeel\n|-boost|p1a: Registeel|spd|0\n|\n|-heal|p1a: Registeel|94\/100|[from] item: Leftovers\n|upkeep\n|turn|14\n|\n|t:|1700030326\n|move|p2a: Banette|Poltergeist|p1a: Registeel\n|-activate|p1a: Registeel|move: Poltergeist|Leftovers\n|-damage|p1a: Registeel|79\/100\n|move|p1a: Registeel|Amnesia|p1a: Registeel\n|-boost|p1a: Registeel|spd|0\n|\n|-heal|p1a: Registeel|85\/100|[from] item: Leftovers\n|upkeep\n|turn|15\n|c|\u2606George44|I am fine with this\n|c|\u2606George44|you cant touch me\n|\n|t:|1700030334\n|move|p2a: Banette|Poltergeist|p1a: Registeel\n|-activate|p1a: Registeel|move: Poltergeist|Leftovers\n|-damage|p1a: Registeel|71\/100\n|move|p1a: Registeel|Amnesia|p1a: Registeel\n|-boost|p1a: Registeel|spd|0\n|\n|-heal|p1a: Registeel|77\/100|[from] item: Leftovers\n|-end|p1a: Registeel|Encore\n|upkeep\n|turn|16\n|\n|t:|1700030339\n|move|p2a: Banette|Encore|p1a: Registeel\n|-start|p1a: Registeel|Encore\n|move|p1a: Registeel|Amnesia|p1a: Registeel\n|-boost|p1a: Registeel|spd|0\n|\n|-heal|p1a: Registeel|83\/100|[from] item: Leftovers\n|upkeep\n|turn|17\n|\n|t:|1700030341\n|move|p2a: Banette|Poltergeist|p1a: Registeel\n|-activate|p1a: Registeel|move: Poltergeist|Leftovers\n|-damage|p1a: Registeel|67\/100\n|move|p1a: Registeel|Amnesia|p1a: Registeel\n|-boost|p1a: Registeel|spd|0\n|\n|-heal|p1a: Registeel|74\/100|[from] item: Leftovers\n|upkeep\n|turn|18\n|\n|t:|1700030345\n|move|p2a: Banette|Poltergeist|p1a: Registeel\n|-activate|p1a: Registeel|move: Poltergeist|Leftovers\n|-damage|p1a: Registeel|59\/100\n|move|p1a: Registeel|Amnesia|p1a: Registeel\n|-boost|p1a: Registeel|spd|0\n|\n|-heal|p1a: Registeel|65\/100|[from] item: Leftovers\n|-end|p1a: Registeel|Encore\n|upkeep\n|turn|19\n|\n|t:|1700030351\n|move|p2a: Banette|Encore|p1a: Registeel\n|-start|p1a: Registeel|Encore\n|move|p1a: Registeel|Amnesia|p1a: Registeel\n|-boost|p1a: Registeel|spd|0\n|\n|-heal|p1a: Registeel|71\/100|[from] item: Leftovers\n|upkeep\n|turn|20\n|\n|t:|1700030355\n|move|p2a: Banette|Shadow Sneak|p1a: Registeel\n|-damage|p1a: Registeel|66\/100\n|move|p1a: Registeel|Amnesia|p1a: Registeel\n|-boost|p1a: Registeel|spd|0\n|\n|-heal|p1a: Registeel|72\/100|[from] item: Leftovers\n|upkeep\n|turn|21\n|\n|t:|1700030361\n|move|p2a: Banette|Shadow Sneak|p1a: Registeel\n|-damage|p1a: Registeel|66\/100\n|move|p1a: Registeel|Amnesia|p1a: Registeel\n|-boost|p1a: Registeel|spd|0\n|\n|-heal|p1a: Registeel|72\/100|[from] item: Leftovers\n|-end|p1a: Registeel|Encore\n|upkeep\n|turn|22\n|\n|t:|1700030364\n|move|p2a: Banette|Shadow Sneak|p1a: Registeel\n|-damage|p1a: Registeel|67\/100\n|move|p1a: Registeel|Iron Defense|p1a: Registeel\n|-boost|p1a: Registeel|def|2\n|\n|-heal|p1a: Registeel|73\/100|[from] item: Leftovers\n|upkeep\n|turn|23\n|\n|t:|1700030374\n|move|p2a: Banette|Shadow Sneak|p1a: Registeel\n|-damage|p1a: Registeel|69\/100\n|move|p1a: Registeel|Rest|p1a: Registeel\n|-status|p1a: Registeel|slp|[from] move: Rest\n|-heal|p1a: Registeel|100\/100 slp|[silent]\n|\n|upkeep\n|turn|24\n|\n|t:|1700030381\n|move|p2a: Banette|Shadow Sneak|p1a: Registeel\n|-damage|p1a: Registeel|96\/100 slp\n|cant|p1a: Registeel|slp\n|\n|-heal|p1a: Registeel|100\/100 slp|[from] item: Leftovers\n|upkeep\n|turn|25\n|\n|t:|1700030388\n|move|p2a: Banette|Shadow Sneak|p1a: Registeel\n|-damage|p1a: Registeel|96\/100 slp\n|cant|p1a: Registeel|slp\n|\n|-heal|p1a: Registeel|100\/100 slp|[from] item: Leftovers\n|upkeep\n|turn|26\n|\n|t:|1700030395\n|move|p2a: Banette|Shadow Sneak|p1a: Registeel\n|-damage|p1a: Registeel|96\/100 slp\n|-curestatus|p1a: Registeel|slp|[msg]\n|move|p1a: Registeel|Iron Defense|p1a: Registeel\n|-boost|p1a: Registeel|def|0\n|\n|-heal|p1a: Registeel|100\/100|[from] item: Leftovers\n|upkeep\n|turn|27\n|\n|t:|1700030401\n|move|p2a: Banette|Shadow Sneak|p1a: Registeel\n|-damage|p1a: Registeel|96\/100\n|move|p1a: Registeel|Iron Defense|p1a: Registeel\n|-boost|p1a: Registeel|def|0\n|\n|-heal|p1a: Registeel|100\/100|[from] item: Leftovers\n|upkeep\n|turn|28\n|c|\u2606George44|Lol\n|\n|t:|1700030406\n|move|p2a: Banette|Shadow Sneak|p1a: Registeel\n|-damage|p1a: Registeel|96\/100\n|move|p1a: Registeel|Iron Defense|p1a: Registeel\n|-boost|p1a: Registeel|def|0\n|\n|-heal|p1a: Registeel|100\/100|[from] item: Leftovers\n|upkeep\n|turn|29\n|\n|t:|1700030413\n|move|p2a: Banette|Shadow Sneak|p1a: Registeel\n|-damage|p1a: Registeel|96\/100\n|move|p1a: Registeel|Iron Defense|p1a: Registeel\n|-boost|p1a: Registeel|def|0\n|\n|-heal|p1a: Registeel|100\/100|[from] item: Leftovers\n|upkeep\n|turn|30\n|\n|t:|1700030418\n|move|p2a: Banette|Shadow Sneak|p1a: Registeel\n|-damage|p1a: Registeel|96\/100\n|move|p1a: Registeel|Iron Defense|p1a: Registeel\n|-boost|p1a: Registeel|def|0\n|\n|-heal|p1a: Registeel|100\/100|[from] item: Leftovers\n|upkeep\n|turn|31\n|\n|t:|1700030421\n|move|p2a: Banette|Shadow Sneak|p1a: Registeel\n|-damage|p1a: Registeel|96\/100\n|move|p1a: Registeel|Iron Defense|p1a: Registeel\n|-boost|p1a: Registeel|def|0\n|\n|-heal|p1a: Registeel|100\/100|[from] item: Leftovers\n|upkeep\n|turn|32\n|\n|t:|1700030430\n|move|p2a: Banette|Shadow Sneak|p1a: Registeel\n|-damage|p1a: Registeel|96\/100\n|move|p1a: Registeel|Amnesia|p1a: Registeel\n|-boost|p1a: Registeel|spd|0\n|\n|-heal|p1a: Registeel|100\/100|[from] item: Leftovers\n|upkeep\n|turn|33\n|\n|t:|1700030434\n|move|p2a: Banette|Shadow Sneak|p1a: Registeel\n|-damage|p1a: Registeel|96\/100\n|move|p1a: Registeel|Iron Defense|p1a: Registeel\n|-boost|p1a: Registeel|def|0\n|\n|-heal|p1a: Registeel|100\/100|[from] item: Leftovers\n|upkeep\n|turn|34\n|\n|t:|1700030437\n|move|p2a: Banette|Shadow Sneak|p1a: Registeel\n|-damage|p1a: Registeel|96\/100\n|move|p1a: Registeel|Amnesia|p1a: Registeel\n|-boost|p1a: Registeel|spd|0\n|\n|-heal|p1a: Registeel|100\/100|[from] item: Leftovers\n|upkeep\n|turn|35\n|\n|t:|1700030439\n|move|p2a: Banette|Shadow Sneak|p1a: Registeel\n|-damage|p1a: Registeel|96\/100\n|move|p1a: Registeel|Iron Defense|p1a: Registeel\n|-boost|p1a: Registeel|def|0\n|\n|-heal|p1a: Registeel|100\/100|[from] item: Leftovers\n|upkeep\n|turn|36\n|\n|t:|1700030447\n|move|p2a: Banette|Shadow Sneak|p1a: Registeel\n|-damage|p1a: Registeel|96\/100\n|move|p1a: Registeel|Amnesia|p1a: Registeel\n|-boost|p1a: Registeel|spd|0\n|\n|-heal|p1a: Registeel|100\/100|[from] item: Leftovers\n|upkeep\n|turn|37\n|\n|t:|1700030451\n|move|p2a: Banette|Shadow Sneak|p1a: Registeel\n|-damage|p1a: Registeel|96\/100\n|move|p1a: Registeel|Iron Defense|p1a: Registeel\n|-boost|p1a: Registeel|def|0\n|\n|-heal|p1a: Registeel|100\/100|[from] item: Leftovers\n|upkeep\n|turn|38\n|\n|t:|1700030455\n|move|p2a: Banette|Shadow Sneak|p1a: Registeel\n|-damage|p1a: Registeel|96\/100\n|move|p1a: Registeel|Amnesia|p1a: Registeel\n|-boost|p1a: Registeel|spd|0\n|\n|-heal|p1a: Registeel|100\/100|[from] item: Leftovers\n|upkeep\n|turn|39\n|\n|t:|1700030457\n|move|p2a: Banette|Shadow Sneak|p1a: Registeel\n|-damage|p1a: Registeel|96\/100\n|move|p1a: Registeel|Iron Defense|p1a: Registeel\n|-boost|p1a: Registeel|def|0\n|\n|-heal|p1a: Registeel|100\/100|[from] item: Leftovers\n|upkeep\n|turn|40\n|\n|t:|1700030462\n|move|p2a: Banette|Shadow Sneak|p1a: Registeel\n|-damage|p1a: Registeel|96\/100\n|move|p1a: Registeel|Amnesia|p1a: Registeel\n|-boost|p1a: Registeel|spd|0\n|\n|-heal|p1a: Registeel|100\/100|[from] item: Leftovers\n|upkeep\n|turn|41\n|\n|t:|1700030464\n|move|p2a: Banette|Shadow Sneak|p1a: Registeel\n|-damage|p1a: Registeel|96\/100\n|move|p1a: Registeel|Iron Defense|p1a: Registeel\n|-boost|p1a: Registeel|def|0\n|\n|-heal|p1a: Registeel|100\/100|[from] item: Leftovers\n|upkeep\n|turn|42\n|\n|t:|1700030467\n|move|p2a: Banette|Shadow Sneak|p1a: Registeel\n|-damage|p1a: Registeel|96\/100\n|move|p1a: Registeel|Amnesia|p1a: Registeel\n|-boost|p1a: Registeel|spd|0\n|\n|-heal|p1a: Registeel|100\/100|[from] item: Leftovers\n|upkeep\n|turn|43\n|\n|t:|1700030469\n|move|p2a: Banette|Shadow Sneak|p1a: Registeel\n|-damage|p1a: Registeel|96\/100\n|move|p1a: Registeel|Iron Defense|p1a: Registeel\n|-boost|p1a: Registeel|def|0\n|\n|-heal|p1a: Registeel|100\/100|[from] item: Leftovers\n|upkeep\n|turn|44\n|\n|t:|1700030472\n|move|p2a: Banette|Shadow Sneak|p1a: Registeel\n|-damage|p1a: Registeel|96\/100\n|move|p1a: Registeel|Amnesia|p1a: Registeel\n|-boost|p1a: Registeel|spd|0\n|\n|-heal|p1a: Registeel|100\/100|[from] item: Leftovers\n|upkeep\n|turn|45\n|\n|t:|1700030476\n|move|p2a: Banette|Shadow Sneak|p1a: Registeel\n|-damage|p1a: Registeel|96\/100\n|move|p1a: Registeel|Iron Defense|p1a: Registeel\n|-boost|p1a: Registeel|def|0\n|\n|-heal|p1a: Registeel|100\/100|[from] item: Leftovers\n|upkeep\n|turn|46\n|\n|t:|1700030483\n|move|p2a: Banette|Shadow Sneak|p1a: Registeel\n|-damage|p1a: Registeel|96\/100\n|move|p1a: Registeel|Amnesia|p1a: Registeel\n|-boost|p1a: Registeel|spd|0\n|\n|-heal|p1a: Registeel|100\/100|[from] item: Leftovers\n|upkeep\n|turn|47\n|\n|t:|1700030486\n|move|p2a: Banette|Shadow Sneak|p1a: Registeel\n|-damage|p1a: Registeel|96\/100\n|move|p1a: Registeel|Iron Defense|p1a: Registeel\n|-boost|p1a: Registeel|def|0\n|\n|-heal|p1a: Registeel|100\/100|[from] item: Leftovers\n|upkeep\n|turn|48\n|\n|t:|1700030488\n|move|p2a: Banette|Encore|p1a: Registeel\n|-start|p1a: Registeel|Encore\n|move|p1a: Registeel|Iron Defense|p1a: Registeel\n|-boost|p1a: Registeel|def|0\n|\n|upkeep\n|turn|49\n|\n|t:|1700030492\n|switch|p2a: Samurott|Samurott-Hisui, F|100\/100\n|move|p1a: Registeel|Iron Defense|p1a: Registeel\n|-boost|p1a: Registeel|def|0\n|\n|upkeep\n|turn|50\n|\n|t:|1700030494\n|move|p2a: Samurott|Sacred Sword|p1a: Registeel\n|-supereffective|p1a: Registeel\n|-crit|p1a: Registeel\n|-damage|p1a: Registeel|0 fnt\n|faint|p1a: Registeel\n|\n|upkeep\n|c|\u2606George44|HAHAHA\n|c|\u2606George44|dude you could have done that 30 turns agio\n|\n|t:|1700030515\n|switch|p1a: Ditto|Ditto|100\/100\n|-damage|p1a: Ditto|88\/100|[from] Stealth Rock\n|-transform|p1a: Ditto|p2a: Samurott|[from] ability: Imposter\n|turn|51\n|\n|t:|1700030522\n|switch|p2a: Corviknight|Corviknight, F|100\/100\n|move|p1a: Ditto|Sacred Sword|p2a: Corviknight\n|-damage|p2a: Corviknight|68\/100\n|\n|upkeep\n|turn|52\n|\n|t:|1700030532\n|switch|p1a: Latias|Latias, F|100\/100\n|-damage|p1a: Latias|88\/100|[from] Stealth Rock\n|switch|p2a: Banette|Banette-Mega, M|100\/100\n|\n|upkeep\n|turn|53\n|\n|t:|1700030541\n|detailschange|p1a: Latias|Latias-Mega, F\n|-mega|p1a: Latias|Latias|Latiasite\n|move|p1a: Latias|Calm Mind|p1a: Latias\n|-boost|p1a: Latias|spa|1\n|-boost|p1a: Latias|spd|1\n|move|p2a: Banette|Poltergeist|p1a: Latias\n|-activate|p1a: Latias|move: Poltergeist|Latiasite\n|-supereffective|p1a: Latias\n|-damage|p1a: Latias|0 fnt\n|faint|p1a: Latias\n|\n|upkeep\n|\n|t:|1700030549\n|switch|p1a: Ditto|Ditto|88\/100\n|-damage|p1a: Ditto|76\/100|[from] Stealth Rock\n|-transform|p1a: Ditto|p2a: Banette|[from] ability: Imposter\n|turn|54\n|\n|t:|1700030554\n|switch|p2a: Samurott|Samurott-Hisui, F|100\/100\n|move|p1a: Ditto|Poltergeist|p2a: Samurott\n|-activate|p2a: Samurott|move: Poltergeist|Choice Band\n|-resisted|p2a: Samurott\n|-damage|p2a: Samurott|49\/100\n|\n|upkeep\n|turn|55\n|\n|t:|1700030562\n|move|p2a: Samurott|Ceaseless Edge|p1a: Ditto\n|-supereffective|p1a: Ditto\n|-damage|p1a: Ditto|0 fnt\n|-sidestart|p1: George44|Spikes\n|faint|p1a: Ditto\n|\n|upkeep\n|\n|t:|1700030566\n|switch|p1a: Meloetta|Meloetta|100\/100\n|-damage|p1a: Meloetta|88\/100|[from] Stealth Rock\n|-damage|p1a: Meloetta|76\/100|[from] Spikes\n|turn|56\n|\n|t:|1700030568\n|-zpower|p1a: Meloetta\n|move|p1a: Meloetta|Z-Celebrate|p1a: Meloetta|[anim]Celebrate\n|-boost|p1a: Meloetta|atk|1|[zeffect]\n|-boost|p1a: Meloetta|def|1|[zeffect]\n|-boost|p1a: Meloetta|spa|1|[zeffect]\n|-boost|p1a: Meloetta|spd|1|[zeffect]\n|-boost|p1a: Meloetta|spe|1|[zeffect]\n|-activate|p1a: Meloetta|move: Celebrate\n|move|p2a: Samurott|Ceaseless Edge|p1a: Meloetta\n|-supereffective|p1a: Meloetta\n|-damage|p1a: Meloetta|0 fnt\n|-sidestart|p1: George44|Spikes\n|faint|p1a: Meloetta\n|\n|upkeep\n|\n|t:|1700030570\n|switch|p1a: Cottonee|Cottonee, L1, F|100\/100\n|-damage|p1a: Cottonee|92\/100|[from] Stealth Rock\n|-damage|p1a: Cottonee|75\/100|[from] Spikes\n|turn|57\n|\n|t:|1700030579\n|move|p1a: Cottonee|Leech Seed|p2a: Samurott\n|-hint|Since gen 7, Dark is immune to Prankster moves.\n|-immune|p2a: Samurott\n|move|p2a: Samurott|Ceaseless Edge|p1a: Cottonee\n|-resisted|p1a: Cottonee\n|-damage|p1a: Cottonee|0 fnt\n|-sidestart|p1: George44|Spikes\n|faint|p1a: Cottonee\n|\n|win|dhdjdisisksse\n|raw|George44's rating: 1043 &rarr; <strong>1028<\/strong><br \/>(-15 for losing)\n|raw|dhdjdisisksse's rating: 1081 &rarr; <strong>1106<\/strong><br \/>(+25 for winning)\n|l|\u2606George44\n","uploadtime":1700030584,"views":22,"p1id":"george44","p2id":"dhdjdisisksse","formatid":"gen9nationaldex","rating":1028,"private":0,"password":""}