{"id":"gen9nationaldex-1993371109","p1":"Blusowka","p2":"mcelong","format":"[Gen 9] National Dex","log":"|j|\u2606Blusowka\n|j|\u2606mcelong\n|t:|1700307724\n|gametype|singles\n|player|p1|Blusowka|skyla|1329\n|player|p2|mcelong|winona|1305\n|teamsize|p1|6\n|teamsize|p2|6\n|gen|9\n|tier|[Gen 9] National Dex\n|rated|\n|rule|HP Percentage Mod: HP is shown in percentages\n|rule|Endless Battle Clause: Forcing endless battles is banned\n|rule|OHKO Clause: OHKO moves are banned\n|rule|Evasion Clause: Evasion abilities, items, and moves are banned\n|rule|Evasion Abilities Clause: Evasion abilities are banned\n|rule|Evasion Items Clause: Evasion items are banned\n|rule|Evasion Moves Clause: Evasion moves are banned\n|rule|Species Clause: Limit one of each Pok\u00e9mon\n|rule|Sleep Clause Mod: Limit one foe put to sleep\n|clearpoke\n|poke|p1|Fearow, F|\n|poke|p1|Swampert, M|\n|poke|p1|Volcarona, F|\n|poke|p1|Ferrothorn, F|\n|poke|p1|Kyurem|\n|poke|p1|Gengar, F|\n|poke|p2|Charizard, F|\n|poke|p2|Hydreigon, M|\n|poke|p2|Ogerpon-Cornerstone, F|\n|poke|p2|Great Tusk|\n|poke|p2|Alomomola, M|\n|poke|p2|Toxapex, M|\n|teampreview\n|inactive|Battle timer is ON: inactive players will automatically lose when time's up. (requested by mcelong)\n|\n|t:|1700307732\n|start\n|switch|p1a: Ferrothorn|Ferrothorn, F|100\/100\n|switch|p2a: Hydreigon|Hydreigon, M|100\/100\n|turn|1\n|\n|t:|1700307740\n|move|p1a: Ferrothorn|Protect|p1a: Ferrothorn\n|-singleturn|p1a: Ferrothorn|Protect\n|move|p2a: Hydreigon|Fire Blast|p1a: Ferrothorn\n|-activate|p1a: Ferrothorn|move: Protect\n|\n|upkeep\n|turn|2\n|\n|t:|1700307754\n|switch|p1a: Swampert|Swampert, M|100\/100\n|move|p2a: Hydreigon|Fire Blast|p1a: Swampert\n|-resisted|p1a: Swampert\n|-damage|p1a: Swampert|68\/100\n|\n|upkeep\n|turn|3\n|\n|t:|1700307765\n|switch|p2a: Alomomola|Alomomola, M, shiny|100\/100\n|detailschange|p1a: Swampert|Swampert-Mega, M\n|-mega|p1a: Swampert|Swampert|Swampertite\n|move|p1a: Swampert|Flip Turn|p2a: Alomomola\n|-resisted|p2a: Alomomola\n|-damage|p2a: Alomomola|91\/100\n|\n|t:|1700307774\n|switch|p1a: Kyurem|Kyurem|100\/100|[from] Flip Turn\n|-ability|p1a: Kyurem|Pressure\n|\n|upkeep\n|turn|4\n|\n|t:|1700307779\n|move|p1a: Kyurem|Freeze-Dry|p2a: Alomomola\n|-supereffective|p2a: Alomomola\n|-damage|p2a: Alomomola|0 fnt\n|faint|p2a: Alomomola\n|\n|upkeep\n|\n|t:|1700307793\n|switch|p2a: Ogerpon|Ogerpon-Cornerstone, F|100\/100\n|turn|5\n|\n|t:|1700307801\n|-terastallize|p1a: Kyurem|Dragon\n|move|p2a: Ogerpon|Swords Dance|p2a: Ogerpon\n|-boost|p2a: Ogerpon|atk|2\n|move|p1a: Kyurem|Freeze-Dry|p2a: Ogerpon\n|-supereffective|p2a: Ogerpon\n|-ability|p2a: Ogerpon|Sturdy\n|-damage|p2a: Ogerpon|1\/100\n|\n|upkeep\n|turn|6\n|\n|t:|1700307816\n|switch|p1a: Ferrothorn|Ferrothorn, F|100\/100\n|-terastallize|p2a: Ogerpon|Rock\n|detailschange|p2a: Ogerpon|Ogerpon-Cornerstone-Tera, F, tera:Rock\n|-ability|p2a: Ogerpon|Embody Aspect (Cornerstone)|boost\n|-boost|p2a: Ogerpon|def|1\n|move|p2a: Ogerpon|Ivy Cudgel|p1a: Ferrothorn|[anim] Ivy Cudgel Rock\n|-resisted|p1a: Ferrothorn\n|-damage|p1a: Ferrothorn|53\/100\n|\n|upkeep\n|turn|7\n|\n|t:|1700307843\n|switch|p2a: Charizard|Charizard, F, shiny|100\/100\n|move|p1a: Ferrothorn|Leech Seed|p2a: Charizard\n|-start|p2a: Charizard|move: Leech Seed\n|\n|-damage|p2a: Charizard|88\/100|[from] Leech Seed|[of] p1a: Ferrothorn\n|-heal|p1a: Ferrothorn|64\/100|[silent]\n|upkeep\n|turn|8\n|\n|t:|1700307851\n|switch|p2a: Hydreigon|Hydreigon, M|100\/100\n|switch|p1a: Swampert|Swampert-Mega, M|68\/100\n|\n|upkeep\n|turn|9\n|\n|t:|1700307860\n|move|p2a: Hydreigon|Draco Meteor|p1a: Swampert\n|-damage|p1a: Swampert|0 fnt\n|-unboost|p2a: Hydreigon|spa|2\n|faint|p1a: Swampert\n|\n|upkeep\n|\n|t:|1700307877\n|switch|p1a: Volcarona|Volcarona, F|100\/100\n|turn|10\n|\n|t:|1700307885\n|move|p2a: Hydreigon|Draco Meteor|p1a: Volcarona\n|-damage|p1a: Volcarona|48\/100\n|-unboost|p2a: Hydreigon|spa|2\n|move|p1a: Volcarona|Bug Buzz|p2a: Hydreigon\n|-supereffective|p2a: Hydreigon\n|-damage|p2a: Hydreigon|0 fnt\n|faint|p2a: Hydreigon\n|\n|-heal|p1a: Volcarona|54\/100|[from] item: Leftovers\n|upkeep\n|\n|t:|1700307894\n|switch|p2a: Ogerpon|Ogerpon-Cornerstone-Tera, F, tera:Rock|1\/100\n|-ability|p2a: Ogerpon|Embody Aspect (Cornerstone)|boost\n|-boost|p2a: Ogerpon|def|1\n|turn|11\n|\n|t:|1700307914\n|switch|p1a: Gengar|Gengar, F|100\/100\n|move|p2a: Ogerpon|Ivy Cudgel|p1a: Gengar|[anim] Ivy Cudgel Rock\n|-crit|p1a: Gengar\n|-damage|p1a: Gengar|0 fnt\n|-start|p2a: Ogerpon|Disable|Ivy Cudgel|[from] ability: Cursed Body|[of] p1a: Gengar\n|faint|p1a: Gengar\n|\n|upkeep\n|inactive|Blusowka has 120 seconds left.\n|\n|t:|1700307928\n|switch|p1a: Volcarona|Volcarona, F|54\/100\n|turn|12\n|\n|t:|1700307944\n|switch|p2a: Charizard|Charizard, F, shiny|88\/100\n|move|p1a: Volcarona|Fiery Dance|p2a: Charizard\n|-resisted|p2a: Charizard\n|-damage|p2a: Charizard|58\/100\n|\n|-heal|p1a: Volcarona|60\/100|[from] item: Leftovers\n|upkeep\n|turn|13\n|\n|t:|1700307956\n|detailschange|p2a: Charizard|Charizard-Mega-Y, F, shiny\n|-mega|p2a: Charizard|Charizard|Charizardite Y\n|-weather|SunnyDay|[from] ability: Drought|[of] p2a: Charizard\n|move|p2a: Charizard|Weather Ball|p1a: Volcarona\n|-damage|p1a: Volcarona|0 fnt\n|faint|p1a: Volcarona\n|\n|-weather|SunnyDay|[upkeep]\n|upkeep\n|inactive|Blusowka has 120 seconds left.\n|\n|t:|1700307970\n|switch|p1a: Kyurem|Kyurem, tera:Dragon|100\/100\n|-ability|p1a: Kyurem|Pressure\n|turn|14\n|\n|t:|1700307981\n|switch|p2a: Toxapex|Toxapex, M, shiny|100\/100\n|move|p1a: Kyurem|Draco Meteor|p2a: Toxapex\n|-damage|p2a: Toxapex|20\/100\n|-unboost|p1a: Kyurem|spa|2\n|\n|-weather|SunnyDay|[upkeep]\n|-heal|p2a: Toxapex|26\/100|[from] item: Leftovers\n|upkeep\n|turn|15\n|\n|t:|1700307997\n|switch|p2a: Great Tusk|Great Tusk|100\/100\n|-activate|p2a: Great Tusk|ability: Protosynthesis\n|-start|p2a: Great Tusk|protosynthesisatk\n|move|p1a: Kyurem|Draco Meteor|p2a: Great Tusk\n|-damage|p2a: Great Tusk|1\/100\n|-unboost|p1a: Kyurem|spa|2\n|\n|-weather|SunnyDay|[upkeep]\n|upkeep\n|turn|16\n|\n|t:|1700308013\n|switch|p1a: Ferrothorn|Ferrothorn, F|64\/100\n|move|p2a: Great Tusk|Headlong Rush|p1a: Ferrothorn\n|-damage|p1a: Ferrothorn|13\/100\n|-unboost|p2a: Great Tusk|def|1\n|-unboost|p2a: Great Tusk|spd|1\n|-damage|p2a: Great Tusk|0 fnt|[from] ability: Iron Barbs|[of] p1a: Ferrothorn\n|faint|p2a: Great Tusk\n|-end|p2a: Great Tusk|Protosynthesis|[silent]\n|\n|-weather|SunnyDay|[upkeep]\n|upkeep\n|\n|t:|1700308021\n|switch|p2a: Ogerpon|Ogerpon-Cornerstone-Tera, F, tera:Rock|1\/100\n|-ability|p2a: Ogerpon|Embody Aspect (Cornerstone)|boost\n|-boost|p2a: Ogerpon|def|1\n|turn|17\n|\n|t:|1700308027\n|move|p2a: Ogerpon|Ivy Cudgel|p1a: Ferrothorn|[anim] Ivy Cudgel Rock\n|-resisted|p1a: Ferrothorn\n|-damage|p1a: Ferrothorn|0 fnt\n|faint|p1a: Ferrothorn\n|\n|-weather|none\n|upkeep\n|\n|t:|1700308043\n|switch|p1a: Kyurem|Kyurem, tera:Dragon|100\/100\n|-ability|p1a: Kyurem|Pressure\n|turn|18\n|\n|t:|1700308055\n|switch|p2a: Toxapex|Toxapex, M, shiny|60\/100\n|move|p1a: Kyurem|Freeze-Dry|p2a: Toxapex\n|-supereffective|p2a: Toxapex\n|-damage|p2a: Toxapex|0 fnt\n|faint|p2a: Toxapex\n|\n|upkeep\n|\n|t:|1700308063\n|switch|p2a: Charizard|Charizard-Mega-Y, F, shiny|58\/100\n|-weather|SunnyDay|[from] ability: Drought|[of] p2a: Charizard\n|turn|19\n|\n|t:|1700308069\n|switch|p1a: Fearow|Fearow, F|100\/100\n|move|p2a: Charizard|Air Slash|p1a: Fearow\n|-damage|p1a: Fearow|56\/100\n|\n|-weather|SunnyDay|[upkeep]\n|-heal|p1a: Fearow|62\/100|[from] item: Leftovers\n|upkeep\n|turn|20\n|\n|t:|1700308082\n|move|p1a: Fearow|Quick Attack|p2a: Charizard\n|-damage|p2a: Charizard|42\/100\n|move|p2a: Charizard|Weather Ball|p1a: Fearow\n|-crit|p1a: Fearow\n|-damage|p1a: Fearow|0 fnt\n|faint|p1a: Fearow\n|\n|-weather|SunnyDay|[upkeep]\n|upkeep\n|\n|t:|1700308090\n|switch|p1a: Kyurem|Kyurem, tera:Dragon|100\/100\n|-ability|p1a: Kyurem|Pressure\n|turn|21\n|\n|t:|1700308101\n|move|p2a: Charizard|Air Slash|p1a: Kyurem\n|-damage|p1a: Kyurem|61\/100\n|move|p1a: Kyurem|Freeze-Dry|p2a: Charizard\n|-damage|p2a: Charizard|0 fnt\n|faint|p2a: Charizard\n|\n|-weather|SunnyDay|[upkeep]\n|upkeep\n|\n|t:|1700308106\n|switch|p2a: Ogerpon|Ogerpon-Cornerstone-Tera, F, tera:Rock|1\/100\n|-ability|p2a: Ogerpon|Embody Aspect (Cornerstone)|boost\n|-boost|p2a: Ogerpon|def|1\n|turn|22\n|\n|t:|1700308111\n|move|p2a: Ogerpon|Ivy Cudgel|p1a: Kyurem|[anim] Ivy Cudgel Rock\n|-crit|p1a: Kyurem\n|-damage|p1a: Kyurem|0 fnt\n|faint|p1a: Kyurem\n|\n|win|mcelong\n|raw|Blusowka's rating: 1329 &rarr; <strong>1308<\/strong><br \/>(-21 for losing)\n|raw|mcelong's rating: 1305 &rarr; <strong>1326<\/strong><br \/>(+21 for winning)\n","uploadtime":1700308117,"views":19,"p1id":"blusowka","p2id":"mcelong","formatid":"gen9nationaldex","rating":1308,"private":0,"password":""}