{"id":"gen9nationaldex-1998712507","p1":"TheTrueHAT","p2":"IceBerryCoffee","format":"[Gen 9] National Dex","log":"|html|<div class=\"broadcast-blue\"><strong>[Gen 9] National Dex is currently suspecting Sneasler! For information on how to participate check out the <a href=\"https:\/\/www.smogon.com\/forums\/threads\/sv-national-dex-suspect-8-just-dance.3731534\/\">suspect thread<\/a>.<\/strong><\/div>\n|j|\u2606TheTrueHAT\n|j|\u2606IceBerryCoffee\n|t:|1700976357\n|gametype|singles\n|player|p1|TheTrueHAT|hilbert|1199\n|player|p2|IceBerryCoffee|102|1343\n|teamsize|p1|6\n|teamsize|p2|6\n|gen|9\n|tier|[Gen 9] National Dex\n|rated|\n|rule|HP Percentage Mod: HP is shown in percentages\n|rule|Endless Battle Clause: Forcing endless battles is banned\n|rule|OHKO Clause: OHKO moves are banned\n|rule|Evasion Clause: Evasion abilities, items, and moves are banned\n|rule|Evasion Abilities Clause: Evasion abilities are banned\n|rule|Evasion Items Clause: Evasion items are banned\n|rule|Evasion Moves Clause: Evasion moves are banned\n|rule|Species Clause: Limit one of each Pok\u00e9mon\n|rule|Sleep Clause Mod: Limit one foe put to sleep\n|clearpoke\n|poke|p1|Feraligatr, M|\n|poke|p1|Togekiss, F|\n|poke|p1|Haxorus, M|\n|poke|p1|Arcanine, M|\n|poke|p1|Tyranitar, M|\n|poke|p1|Scizor, M|\n|poke|p2|Maushold-Four|\n|poke|p2|Empoleon, F|\n|poke|p2|Conkeldurr, F|\n|poke|p2|Typhlosion-Hisui, F|\n|poke|p2|Slowking-Galar, M|\n|poke|p2|Gyarados, M|\n|teampreview\n|inactive|Battle timer is ON: inactive players will automatically lose when time's up. (requested by TheTrueHAT)\n|\n|t:|1700976373\n|start\n|switch|p1a: Reaper|Scizor, M|100\/100\n|switch|p2a: Empoleon|Empoleon, F|100\/100\n|turn|1\n|\n|t:|1700976381\n|detailschange|p1a: Reaper|Scizor-Mega, M\n|-mega|p1a: Reaper|Scizor|Scizorite\n|move|p1a: Reaper|Swords Dance|p1a: Reaper\n|-boost|p1a: Reaper|atk|2\n|move|p2a: Empoleon|Flip Turn|p1a: Reaper\n|-damage|p1a: Reaper|88\/100\n|\n|t:|1700976392\n|switch|p2a: Typhlosion|Typhlosion-Hisui, F|100\/100|[from] Flip Turn\n|-item|p1a: Reaper|Scizorite|[from] ability: Frisk|[of] p2a: Typhlosion|[identify]\n|\n|upkeep\n|turn|2\n|\n|t:|1700976401\n|switch|p1a: Despot|Tyranitar, M|100\/100\n|-weather|Sandstorm|[from] ability: Sand Stream|[of] p1a: Despot\n|move|p2a: Typhlosion|Flamethrower|p1a: Despot\n|-resisted|p1a: Despot\n|-damage|p1a: Despot|87\/100\n|\n|-weather|Sandstorm|[upkeep]\n|-damage|p2a: Typhlosion|95\/100|[from] Sandstorm\n|upkeep\n|turn|3\n|\n|t:|1700976413\n|switch|p2a: Empoleon|Empoleon, F|100\/100\n|-terastallize|p1a: Despot|Steel\n|move|p1a: Despot|Stone Edge|p2a: Empoleon\n|-resisted|p2a: Empoleon\n|-damage|p2a: Empoleon|78\/100\n|\n|-weather|Sandstorm|[upkeep]\n|-heal|p2a: Empoleon|84\/100|[from] item: Leftovers\n|upkeep\n|turn|4\n|\n|t:|1700976428\n|move|p1a: Despot|Earthquake|p2a: Empoleon\n|-supereffective|p2a: Empoleon\n|-crit|p2a: Empoleon\n|-damage|p2a: Empoleon|0 fnt\n|faint|p2a: Empoleon\n|\n|-weather|Sandstorm|[upkeep]\n|upkeep\n|\n|t:|1700976433\n|switch|p2a: Conkeldurr|Conkeldurr, F|100\/100\n|turn|5\n|\n|t:|1700976439\n|switch|p1a: Cutae|Togekiss, F|100\/100\n|move|p2a: Conkeldurr|Drain Punch|p1a: Cutae\n|-resisted|p1a: Cutae\n|-damage|p1a: Cutae|88\/100\n|\n|-weather|Sandstorm|[upkeep]\n|-damage|p1a: Cutae|82\/100|[from] Sandstorm\n|-damage|p2a: Conkeldurr|94\/100|[from] Sandstorm\n|-status|p2a: Conkeldurr|brn|[from] item: Flame Orb\n|upkeep\n|turn|6\n|\n|t:|1700976449\n|switch|p2a: Slowking|Slowking-Galar, M|100\/100\n|move|p1a: Cutae|Air Slash|p2a: Slowking\n|-damage|p2a: Slowking|78\/100\n|\n|-weather|none\n|upkeep\n|turn|7\n|\n|t:|1700976457\n|switch|p1a: Reaper|Scizor-Mega, M|88\/100\n|move|p2a: Slowking|Future Sight|p1a: Reaper\n|-start|p2a: Slowking|move: Future Sight\n|\n|upkeep\n|turn|8\n|\n|t:|1700976463\n|move|p1a: Reaper|Swords Dance|p1a: Reaper\n|-boost|p1a: Reaper|atk|2\n|move|p2a: Slowking|Chilly Reception|p2a: Slowking\n|-weather|Snow\n|\n|t:|1700976468\n|switch|p2a: Typhlosion|Typhlosion-Hisui, F|95\/100|[from] Chilly Reception\n|-item|p1a: Reaper|Scizorite|[from] ability: Frisk|[of] p2a: Typhlosion|[identify]\n|\n|-weather|Snow|[upkeep]\n|upkeep\n|turn|9\n|\n|t:|1700976483\n|switch|p1a: Despot|Tyranitar, M, tera:Steel|87\/100\n|-weather|Sandstorm|[from] ability: Sand Stream|[of] p1a: Despot\n|move|p2a: Typhlosion|Eruption|p1a: Despot\n|-supereffective|p1a: Despot\n|-damage|p1a: Despot|0 fnt\n|faint|p1a: Despot\n|\n|-weather|Sandstorm|[upkeep]\n|-damage|p2a: Typhlosion|89\/100|[from] Sandstorm\n|-hint|Future Sight did not hit because the target is fainted.\n|upkeep\n|\n|t:|1700976496\n|switch|p1a: Vulcan|Arcanine, M|100\/100\n|-ability|p1a: Vulcan|Intimidate|boost\n|-unboost|p2a: Typhlosion|atk|1\n|turn|10\n|\n|t:|1700976513\n|switch|p2a: Maushold|Maushold-Four|100\/100\n|move|p1a: Vulcan|Bulldoze|p2a: Maushold\n|-damage|p2a: Maushold|73\/100\n|-unboost|p2a: Maushold|spe|1\n|\n|-weather|Sandstorm|[upkeep]\n|-damage|p1a: Vulcan|94\/100|[from] Sandstorm\n|-damage|p2a: Maushold|67\/100|[from] Sandstorm\n|upkeep\n|turn|11\n|\n|t:|1700976523\n|move|p1a: Vulcan|Close Combat|p2a: Maushold\n|-supereffective|p2a: Maushold\n|-damage|p2a: Maushold|0 fnt\n|-unboost|p1a: Vulcan|def|1\n|-unboost|p1a: Vulcan|spd|1\n|faint|p2a: Maushold\n|\n|-weather|Sandstorm|[upkeep]\n|-damage|p1a: Vulcan|88\/100|[from] Sandstorm\n|upkeep\n|\n|t:|1700976534\n|switch|p2a: Gyarados|Gyarados, M|100\/100\n|-ability|p2a: Gyarados|Intimidate|boost\n|-unboost|p1a: Vulcan|atk|1\n|turn|12\n|\n|t:|1700976543\n|switch|p1a: Reaper|Scizor-Mega, M|88\/100\n|detailschange|p2a: Gyarados|Gyarados-Mega, M\n|-mega|p2a: Gyarados|Gyarados|Gyaradosite\n|-ability|p2a: Gyarados|Mold Breaker\n|move|p2a: Gyarados|Substitute|p2a: Gyarados\n|-start|p2a: Gyarados|Substitute\n|-damage|p2a: Gyarados|76\/100\n|\n|-weather|Sandstorm|[upkeep]\n|-damage|p2a: Gyarados|70\/100|[from] Sandstorm\n|upkeep\n|turn|13\n|\n|t:|1700976552\n|move|p2a: Gyarados|Dragon Dance|p2a: Gyarados\n|-boost|p2a: Gyarados|atk|1\n|-boost|p2a: Gyarados|spe|1\n|move|p1a: Reaper|Swords Dance|p1a: Reaper\n|-boost|p1a: Reaper|atk|2\n|\n|-weather|none\n|upkeep\n|turn|14\n|\n|t:|1700976565\n|move|p2a: Gyarados|Waterfall|p1a: Reaper\n|-damage|p1a: Reaper|31\/100\n|move|p1a: Reaper|X-Scissor|p2a: Gyarados\n|-supereffective|p2a: Gyarados\n|-crit|p2a: Gyarados\n|-end|p2a: Gyarados|Substitute\n|\n|upkeep\n|turn|15\n|\n|t:|1700976572\n|move|p1a: Reaper|Bullet Punch|p2a: Gyarados\n|-resisted|p2a: Gyarados\n|-damage|p2a: Gyarados|34\/100\n|move|p2a: Gyarados|Waterfall|p1a: Reaper\n|-damage|p1a: Reaper|0 fnt\n|faint|p1a: Reaper\n|\n|upkeep\n|\n|t:|1700976594\n|switch|p1a: Gulliotine|Haxorus, M, shiny|100\/100\n|-ability|p1a: Gulliotine|Mold Breaker\n|turn|16\n|\n|t:|1700976602\n|move|p2a: Gyarados|Crunch|p1a: Gulliotine\n|-damage|p1a: Gulliotine|4\/100\n|move|p1a: Gulliotine|Earthquake|p2a: Gyarados\n|-damage|p2a: Gyarados|0 fnt\n|faint|p2a: Gyarados\n|\n|upkeep\n|\n|t:|1700976617\n|switch|p2a: Typhlosion|Typhlosion-Hisui, F|89\/100\n|-item|p1a: Gulliotine|Lum Berry|[from] ability: Frisk|[of] p2a: Typhlosion|[identify]\n|turn|17\n|\n|t:|1700976627\n|-terastallize|p2a: Typhlosion|Fire\n|move|p2a: Typhlosion|Eruption|p1a: Gulliotine\n|-resisted|p1a: Gulliotine\n|-damage|p1a: Gulliotine|0 fnt\n|faint|p1a: Gulliotine\n|\n|upkeep\n|\n|t:|1700976633\n|switch|p1a: Tott|Feraligatr, M|100\/100\n|turn|18\n|\n|t:|1700976649\n|move|p2a: Typhlosion|Eruption|p1a: Tott\n|-resisted|p1a: Tott\n|-damage|p1a: Tott|43\/100\n|move|p1a: Tott|Dragon Dance|p1a: Tott\n|-boost|p1a: Tott|atk|1\n|-boost|p1a: Tott|spe|1\n|\n|upkeep\n|turn|19\n|\n|t:|1700976658\n|move|p2a: Typhlosion|Eruption|p1a: Tott\n|-resisted|p1a: Tott\n|-crit|p1a: Tott\n|-damage|p1a: Tott|0 fnt\n|faint|p1a: Tott\n|\n|upkeep\n|\n|t:|1700976667\n|switch|p1a: Vulcan|Arcanine, M|88\/100\n|-ability|p1a: Vulcan|Intimidate|boost\n|-unboost|p2a: Typhlosion|atk|1\n|turn|20\n|\n|t:|1700976671\n|switch|p2a: Conkeldurr|Conkeldurr, F|94\/100 brn\n|move|p1a: Vulcan|Bulldoze|p2a: Conkeldurr\n|-damage|p2a: Conkeldurr|76\/100 brn\n|-unboost|p2a: Conkeldurr|spe|1\n|\n|-damage|p2a: Conkeldurr|70\/100 brn|[from] brn\n|upkeep\n|turn|21\n|\n|t:|1700976680\n|switch|p1a: Cutae|Togekiss, F|82\/100\n|move|p2a: Conkeldurr|Facade|p1a: Cutae\n|-damage|p1a: Cutae|0 fnt\n|faint|p1a: Cutae\n|\n|-damage|p2a: Conkeldurr|64\/100 brn|[from] brn\n|upkeep\n|\n|t:|1700976688\n|switch|p1a: Vulcan|Arcanine, M|88\/100\n|-ability|p1a: Vulcan|Intimidate|boost\n|-unboost|p2a: Conkeldurr|atk|1\n|turn|22\n|\n|t:|1700976698\n|switch|p2a: Slowking|Slowking-Galar, M|100\/100\n|move|p1a: Vulcan|Close Combat|p2a: Slowking\n|-resisted|p2a: Slowking\n|-damage|p2a: Slowking|92\/100\n|-unboost|p1a: Vulcan|def|1\n|-unboost|p1a: Vulcan|spd|1\n|\n|upkeep\n|turn|23\n|\n|t:|1700976706\n|move|p1a: Vulcan|Bulldoze|p2a: Slowking\n|-supereffective|p2a: Slowking\n|-damage|p2a: Slowking|49\/100\n|-unboost|p2a: Slowking|spe|1\n|move|p2a: Slowking|Sludge Bomb|p1a: Vulcan\n|-damage|p1a: Vulcan|28\/100\n|-status|p1a: Vulcan|psn\n|\n|-damage|p1a: Vulcan|15\/100 psn|[from] psn\n|upkeep\n|turn|24\n|\n|t:|1700976715\n|move|p1a: Vulcan|Bulldoze|p2a: Slowking\n|-supereffective|p2a: Slowking\n|-damage|p2a: Slowking|2\/100\n|-unboost|p2a: Slowking|spe|1\n|move|p2a: Slowking|Sludge Bomb|p1a: Vulcan\n|-damage|p1a: Vulcan|0 fnt\n|faint|p1a: Vulcan\n|\n|win|IceBerryCoffee\n|raw|TheTrueHAT's rating: 1199 &rarr; <strong>1184<\/strong><br \/>(-15 for losing)\n|raw|IceBerryCoffee's rating: 1343 &rarr; <strong>1355<\/strong><br \/>(+12 for winning)\n|l|\u2606TheTrueHAT\n","uploadtime":1700976727,"views":1,"p1id":"thetruehat","p2id":"iceberrycoffee","formatid":"gen9nationaldex","rating":1184,"private":0,"password":""}