{"id":"gen9nationaldex-1989422573","p1":"sheeps are u","p2":"Caduber","format":"[Gen 9] National Dex","log":"|j|\u2606sheeps are u\n|j|\u2606Caduber\n|t:|1699848274\n|gametype|singles\n|player|p1|sheeps are u|1|1060\n|player|p2|Caduber|alder|1100\n|teamsize|p1|6\n|teamsize|p2|6\n|gen|9\n|tier|[Gen 9] National Dex\n|rated|\n|rule|HP Percentage Mod: HP is shown in percentages\n|rule|Endless Battle Clause: Forcing endless battles is banned\n|rule|OHKO Clause: OHKO moves are banned\n|rule|Evasion Clause: Evasion abilities, items, and moves are banned\n|rule|Evasion Abilities Clause: Evasion abilities are banned\n|rule|Evasion Items Clause: Evasion items are banned\n|rule|Evasion Moves Clause: Evasion moves are banned\n|rule|Species Clause: Limit one of each Pok\u00e9mon\n|rule|Sleep Clause Mod: Limit one foe put to sleep\n|clearpoke\n|poke|p1|Butterfree, F|\n|poke|p1|Pelipper, M|\n|poke|p1|Basculegion-F, F|\n|poke|p1|Swampert, M|\n|poke|p1|Garganacl, M|\n|poke|p1|Landorus-Therian, M|\n|poke|p2|Charizard, M|\n|poke|p2|Ferrothorn, M|\n|poke|p2|Aerodactyl, M|\n|poke|p2|Nidoking, M|\n|poke|p2|Hoopa-Unbound|\n|poke|p2|Urshifu-*, M|\n|teampreview\n|\n|t:|1699848282\n|start\n|switch|p1a: Pelipper|Pelipper, M|100\/100\n|switch|p2a: Ferrothorn|Ferrothorn, M|100\/100\n|-weather|RainDance|[from] ability: Drizzle|[of] p1a: Pelipper\n|turn|1\n|\n|t:|1699848289\n|move|p1a: Pelipper|U-turn|p2a: Ferrothorn\n|-damage|p2a: Ferrothorn|94\/100\n|-damage|p1a: Pelipper|88\/100|[from] ability: Iron Barbs|[of] p2a: Ferrothorn\n|inactive|Battle timer is ON: inactive players will automatically lose when time's up. (requested by Caduber)\n|\n|t:|1699848313\n|switch|p1a: Basculegion|Basculegion-F, F|100\/100|[from] U-turn\n|move|p2a: Ferrothorn|Spikes|p1a: Basculegion\n|-sidestart|p1: sheeps are u|Spikes\n|\n|-weather|RainDance|[upkeep]\n|-heal|p2a: Ferrothorn|99\/100|[from] item: Leftovers\n|upkeep\n|turn|2\n|\n|t:|1699848342\n|move|p1a: Basculegion|Shadow Ball|p2a: Ferrothorn\n|-damage|p2a: Ferrothorn|57\/100\n|-damage|p1a: Basculegion|91\/100|[from] item: Life Orb\n|move|p2a: Ferrothorn|Leech Seed|p1a: Basculegion\n|-start|p1a: Basculegion|move: Leech Seed\n|\n|-weather|RainDance|[upkeep]\n|-heal|p2a: Ferrothorn|63\/100|[from] item: Leftovers\n|-damage|p1a: Basculegion|78\/100|[from] Leech Seed|[of] p2a: Ferrothorn\n|-heal|p2a: Ferrothorn|79\/100|[silent]\n|upkeep\n|turn|3\n|\n|t:|1699848354\n|switch|p1a: Garganacl|Garganacl, M|100\/100\n|-damage|p1a: Garganacl|88\/100|[from] Spikes\n|move|p2a: Ferrothorn|Spikes|p1a: Garganacl\n|-sidestart|p1: sheeps are u|Spikes\n|\n|-weather|RainDance|[upkeep]\n|-heal|p1a: Garganacl|94\/100|[from] item: Leftovers\n|-heal|p2a: Ferrothorn|85\/100|[from] item: Leftovers\n|upkeep\n|turn|4\n|\n|t:|1699848363\n|move|p1a: Garganacl|Salt Cure|p2a: Ferrothorn\n|-resisted|p2a: Ferrothorn\n|-damage|p2a: Ferrothorn|80\/100\n|-start|p2a: Ferrothorn|Salt Cure\n|move|p2a: Ferrothorn|Body Press|p1a: Garganacl\n|-supereffective|p1a: Garganacl\n|-damage|p1a: Garganacl|58\/100\n|\n|-weather|RainDance|[upkeep]\n|-heal|p1a: Garganacl|64\/100|[from] item: Leftovers\n|-heal|p2a: Ferrothorn|86\/100|[from] item: Leftovers\n|-damage|p2a: Ferrothorn|61\/100|[from] Salt Cure\n|upkeep\n|turn|5\n|\n|t:|1699848376\n|move|p1a: Garganacl|Recover|p1a: Garganacl\n|-heal|p1a: Garganacl|100\/100\n|move|p2a: Ferrothorn|Body Press|p1a: Garganacl\n|-supereffective|p1a: Garganacl\n|-damage|p1a: Garganacl|66\/100\n|\n|-weather|RainDance|[upkeep]\n|-heal|p1a: Garganacl|72\/100|[from] item: Leftovers\n|-heal|p2a: Ferrothorn|67\/100|[from] item: Leftovers\n|-damage|p2a: Ferrothorn|43\/100|[from] Salt Cure\n|upkeep\n|turn|6\n|\n|t:|1699848394\n|switch|p2a: Urshifu|Urshifu-Rapid-Strike, M|100\/100\n|move|p1a: Garganacl|Explosion|p2a: Urshifu\n|-damage|p2a: Urshifu|38\/100\n|faint|p1a: Garganacl\n|\n|-weather|RainDance|[upkeep]\n|upkeep\n|\n|t:|1699848416\n|switch|p1a: Butterfree|Butterfree, F|100\/100\n|turn|7\n|\n|t:|1699848425\n|move|p2a: Urshifu|Ice Spinner|p1a: Butterfree\n|-supereffective|p1a: Butterfree\n|-enditem|p1a: Butterfree|Focus Sash\n|-damage|p1a: Butterfree|1\/100\n|move|p1a: Butterfree|Hurricane|p2a: Urshifu\n|-supereffective|p2a: Urshifu\n|-damage|p2a: Urshifu|0 fnt\n|faint|p2a: Urshifu\n|\n|-weather|RainDance|[upkeep]\n|upkeep\n|\n|t:|1699848434\n|switch|p2a: Aerodactyl|Aerodactyl, M|100\/100\n|turn|8\n|\n|t:|1699848444\n|move|p2a: Aerodactyl|Rock Slide|p1a: Butterfree\n|-supereffective|p1a: Butterfree\n|-damage|p1a: Butterfree|0 fnt\n|faint|p1a: Butterfree\n|\n|-weather|none\n|upkeep\n|\n|t:|1699848447\n|switch|p1a: Pelipper|Pelipper, M|88\/100\n|-weather|RainDance|[from] ability: Drizzle|[of] p1a: Pelipper\n|turn|9\n|\n|t:|1699848452\n|move|p2a: Aerodactyl|Rock Slide|p1a: Pelipper\n|-supereffective|p1a: Pelipper\n|-damage|p1a: Pelipper|12\/100\n|move|p1a: Pelipper|Defog|p2a: Aerodactyl\n|-unboost|p2a: Aerodactyl|evasion|1\n|-sideend|p1: sheeps are u|Spikes|[from] move: Defog|[of] p1a: Pelipper\n|\n|-weather|RainDance|[upkeep]\n|upkeep\n|turn|10\n|\n|t:|1699848460\n|switch|p1a: Landorus|Landorus-Therian, M|100\/100\n|-ability|p1a: Landorus|Intimidate|boost\n|-unboost|p2a: Aerodactyl|atk|1\n|move|p2a: Aerodactyl|Rock Slide|p1a: Landorus\n|-damage|p1a: Landorus|77\/100\n|\n|-weather|RainDance|[upkeep]\n|-heal|p1a: Landorus|83\/100|[from] item: Leftovers\n|upkeep\n|turn|11\n|\n|t:|1699848473\n|switch|p2a: Charizard|Charizard, M|100\/100\n|move|p1a: Landorus|Stealth Rock|p2a: Charizard\n|-sidestart|p2: Caduber|move: Stealth Rock\n|\n|-weather|RainDance|[upkeep]\n|-heal|p1a: Landorus|89\/100|[from] item: Leftovers\n|upkeep\n|turn|12\n|\n|t:|1699848484\n|detailschange|p2a: Charizard|Charizard-Mega-Y, M\n|-mega|p2a: Charizard|Charizard|Charizardite Y\n|-weather|SunnyDay|[from] ability: Drought|[of] p2a: Charizard\n|move|p2a: Charizard|Flamethrower|p1a: Landorus\n|-crit|p1a: Landorus\n|-damage|p1a: Landorus|0 fnt\n|faint|p1a: Landorus\n|\n|-weather|SunnyDay|[upkeep]\n|upkeep\n|\n|t:|1699848489\n|switch|p1a: Pelipper|Pelipper, M|12\/100\n|-weather|RainDance|[from] ability: Drizzle|[of] p1a: Pelipper\n|turn|13\n|\n|t:|1699848497\n|move|p2a: Charizard|Solar Beam||[still]\n|-prepare|p2a: Charizard|Solar Beam\n|move|p1a: Pelipper|Hydro Pump|p2a: Charizard\n|-supereffective|p2a: Charizard\n|-damage|p2a: Charizard|0 fnt\n|faint|p2a: Charizard\n|\n|-weather|RainDance|[upkeep]\n|upkeep\n|c|\u2606Caduber|lol\n|\n|t:|1699848505\n|switch|p2a: Aerodactyl|Aerodactyl, M|100\/100\n|-damage|p2a: Aerodactyl|76\/100|[from] Stealth Rock\n|turn|14\n|\n|t:|1699848517\n|move|p1a: Pelipper|Quick Attack|p2a: Aerodactyl\n|-resisted|p2a: Aerodactyl\n|-damage|p2a: Aerodactyl|71\/100\n|move|p2a: Aerodactyl|Double-Edge|p1a: Pelipper\n|-damage|p1a: Pelipper|0 fnt\n|faint|p1a: Pelipper\n|\n|-weather|RainDance|[upkeep]\n|upkeep\n|\n|t:|1699848528\n|switch|p1a: Swampert|Swampert, M|100\/100\n|turn|15\n|\n|t:|1699848532\n|detailschange|p1a: Swampert|Swampert-Mega, M\n|-mega|p1a: Swampert|Swampert|Swampertite\n|move|p2a: Aerodactyl|Double-Edge|p1a: Swampert\n|-crit|p1a: Swampert\n|-damage|p1a: Swampert|45\/100\n|move|p1a: Swampert|Waterfall|p2a: Aerodactyl\n|-supereffective|p2a: Aerodactyl\n|-damage|p2a: Aerodactyl|0 fnt\n|faint|p2a: Aerodactyl\n|\n|-weather|RainDance|[upkeep]\n|upkeep\n|\n|t:|1699848541\n|switch|p2a: Ferrothorn|Ferrothorn, M|43\/100\n|-damage|p2a: Ferrothorn|36\/100|[from] Stealth Rock\n|turn|16\n|\n|t:|1699848553\n|move|p1a: Swampert|Earthquake|p2a: Ferrothorn\n|-damage|p2a: Ferrothorn|0 fnt\n|faint|p2a: Ferrothorn\n|\n|-weather|RainDance|[upkeep]\n|upkeep\n|\n|t:|1699848559\n|switch|p2a: Hoopa|Hoopa-Unbound|100\/100\n|-damage|p2a: Hoopa|88\/100|[from] Stealth Rock\n|turn|17\n|\n|t:|1699848568\n|move|p1a: Swampert|Waterfall|p2a: Hoopa\n|-damage|p2a: Hoopa|0 fnt\n|faint|p2a: Hoopa\n|\n|-weather|RainDance|[upkeep]\n|upkeep\n|c|\u2606sheeps are u|gg?\n|\n|t:|1699848573\n|switch|p2a: Nidoking|Nidoking, M|100\/100\n|-damage|p2a: Nidoking|95\/100|[from] Stealth Rock\n|turn|18\n|c|\u2606sheeps are u|maybe\n|c|\u2606sheeps are u|unless\n|c|\u2606sheeps are u|the SWEEP???\n|c|\u2606Caduber|gg\n|c|\u2606Caduber|LOL\n|c|\u2606sheeps are u|OF NIDOKEING?\n|\n|t:|1699848587\n|move|p1a: Swampert|Waterfall|p2a: Nidoking\n|-supereffective|p2a: Nidoking\n|-damage|p2a: Nidoking|0 fnt\n|faint|p2a: Nidoking\n|\n|win|sheeps are u\n|raw|sheeps are u's rating: 1060 &rarr; <strong>1095<\/strong><br \/>(+35 for winning)\n|raw|Caduber's rating: 1100 &rarr; <strong>1072<\/strong><br \/>(-28 for losing)\n|c|\u2606sheeps are u|well thgen\n|c|\u2606Caduber|lmao\n|c|\u2606sheeps are u|gg\n|c|\u2606Caduber|gg\n|l|\u2606sheeps are u\n|j|\u2606sheeps are u\n|player|p1|sheeps are u|1\n","uploadtime":1699848603,"views":7,"p1id":"sheepsareu","p2id":"caduber","formatid":"gen9nationaldex","rating":1072,"private":0,"password":""}