{"id":"gen9nationaldex-1994921489","p1":"Mibombilla","p2":"Star Guarden","format":"[Gen 9] National Dex","log":"|html|<div class=\"broadcast-blue\"><strong>[Gen 9] National Dex is currently suspecting Sneasler! For information on how to participate check out the <a href=\"https:\/\/www.smogon.com\/forums\/threads\/sv-national-dex-suspect-8-just-dance.3731534\/\">suspect thread<\/a>.<\/strong><\/div>\n|j|\u2606Mibombilla\n|j|\u2606Star Guarden\n|t:|1700504876\n|gametype|singles\n|player|p1|Mibombilla|benga|\n|player|p2|Star Guarden|lance|\n|teamsize|p1|6\n|teamsize|p2|6\n|gen|9\n|tier|[Gen 9] National Dex\n|rule|HP Percentage Mod: HP is shown in percentages\n|rule|Endless Battle Clause: Forcing endless battles is banned\n|rule|OHKO Clause: OHKO moves are banned\n|rule|Evasion Clause: Evasion abilities, items, and moves are banned\n|rule|Evasion Abilities Clause: Evasion abilities are banned\n|rule|Evasion Items Clause: Evasion items are banned\n|rule|Evasion Moves Clause: Evasion moves are banned\n|rule|Species Clause: Limit one of each Pok\u00e9mon\n|rule|Sleep Clause Mod: Limit one foe put to sleep\n|clearpoke\n|poke|p1|Tyrantrum, M|\n|poke|p1|Rampardos, F|\n|poke|p1|Dracozolt|\n|poke|p1|Aurorus, F|\n|poke|p1|Aerodactyl, M|\n|poke|p1|Carracosta, M|\n|poke|p2|Basculegion, M|\n|poke|p2|Omastar, F|\n|poke|p2|Cyclizar, F|\n|poke|p2|Iron Treads|\n|poke|p2|Cloyster, F|\n|poke|p2|Luxray, M|\n|teampreview\n|j| carmen_pkm\n|\n|t:|1700504953\n|start\n|switch|p1a: Dracozolt|Dracozolt|100\/100\n|switch|p2a: Motor Cilindrado|Iron Treads, shiny|100\/100\n|turn|1\n|\n|t:|1700504965\n|move|p1a: Dracozolt|Bolt Beak|p2a: Motor Cilindrado\n|-immune|p2a: Motor Cilindrado\n|move|p2a: Motor Cilindrado|Electric Terrain|p2a: Motor Cilindrado\n|-fieldstart|move: Electric Terrain\n|-activate|p2a: Motor Cilindrado|ability: Quark Drive\n|-start|p2a: Motor Cilindrado|quarkdrivedef\n|\n|upkeep\n|turn|2\n|\n|t:|1700504983\n|switch|p1a: Carracosta|Carracosta, M|100\/100\n|move|p2a: Motor Cilindrado|Stomping Tantrum|p1a: Carracosta\n|-supereffective|p1a: Carracosta\n|-damage|p1a: Carracosta|33\/100\n|\n|upkeep\n|turn|3\n|\n|t:|1700504991\n|move|p2a: Motor Cilindrado|Stomping Tantrum|p1a: Carracosta\n|-supereffective|p1a: Carracosta\n|-damage|p1a: Carracosta|0 fnt\n|faint|p1a: Carracosta\n|\n|upkeep\n|\n|t:|1700504995\n|switch|p1a: Rampardos|Rampardos, F|100\/100\n|turn|4\n|\n|t:|1700505003\n|move|p1a: Rampardos|Zen Headbutt|p2a: Motor Cilindrado|[miss]\n|-miss|p1a: Rampardos|p2a: Motor Cilindrado\n|move|p2a: Motor Cilindrado|Steel Roller|p1a: Rampardos\n|-supereffective|p1a: Rampardos\n|-damage|p1a: Rampardos|0 fnt\n|-fieldend|move: Electric Terrain\n|-end|p2a: Motor Cilindrado|Quark Drive\n|faint|p1a: Rampardos\n|\n|upkeep\n|\n|t:|1700505011\n|switch|p1a: Aurorus|Aurorus, F|100\/100\n|-weather|Snow|[from] ability: Snow Warning|[of] p1a: Aurorus\n|turn|5\n|c|\u2606Star Guarden|Chigu: Tsk, qu\u00e9 in\u00fatil\n|\n|t:|1700505040\n|move|p2a: Motor Cilindrado|Electric Terrain|p2a: Motor Cilindrado\n|-fieldstart|move: Electric Terrain\n|-activate|p2a: Motor Cilindrado|ability: Quark Drive\n|-start|p2a: Motor Cilindrado|quarkdrivedef\n|move|p1a: Aurorus|Freeze-Dry|p2a: Motor Cilindrado\n|-damage|p2a: Motor Cilindrado|24\/100\n|-status|p2a: Motor Cilindrado|frz\n|\n|-weather|Snow|[upkeep]\n|upkeep\n|turn|6\n|\n|t:|1700505067\n|cant|p2a: Motor Cilindrado|frz\n|move|p1a: Aurorus|Freeze-Dry|p2a: Motor Cilindrado\n|-damage|p2a: Motor Cilindrado|0 fnt\n|faint|p2a: Motor Cilindrado\n|-end|p2a: Motor Cilindrado|Quark Drive|[silent]\n|\n|-weather|Snow|[upkeep]\n|upkeep\n|\n|t:|1700505081\n|switch|p2a: Moto Reptiliana|Cyclizar, F|100\/100\n|turn|7\n|\n|t:|1700505090\n|move|p2a: Moto Reptiliana|Shift Gear|p2a: Moto Reptiliana\n|-boost|p2a: Moto Reptiliana|spe|2\n|-boost|p2a: Moto Reptiliana|atk|1\n|move|p1a: Aurorus|Freeze-Dry|p2a: Moto Reptiliana\n|-supereffective|p2a: Moto Reptiliana\n|-damage|p2a: Moto Reptiliana|0 fnt\n|faint|p2a: Moto Reptiliana\n|\n|-weather|Snow|[upkeep]\n|upkeep\n|c|\u2606Star Guarden|Chigu: Igual no lo he pensado bien\n|\n|t:|1700505115\n|switch|p2a: Rueda Flam\u00edgera|Omastar, F, shiny|100\/100\n|turn|8\n|\n|t:|1700505123\n|move|p1a: Aurorus|Freeze-Dry|p2a: Rueda Flam\u00edgera\n|-supereffective|p2a: Rueda Flam\u00edgera\n|-damage|p2a: Rueda Flam\u00edgera|0 fnt\n|faint|p2a: Rueda Flam\u00edgera\n|\n|-weather|Snow|[upkeep]\n|upkeep\n|\n|t:|1700505130\n|switch|p2a: Salvajibestia Lobo|Luxray, M, shiny|100\/100\n|turn|9\n|\n|t:|1700505142\n|move|p2a: Salvajibestia Lobo|Crunch|p1a: Aurorus\n|-damage|p1a: Aurorus|81\/100\n|-unboost|p1a: Aurorus|def|1\n|move|p1a: Aurorus|Freeze-Dry|p2a: Salvajibestia Lobo\n|-damage|p2a: Salvajibestia Lobo|37\/100\n|\n|-weather|none\n|-fieldend|move: Electric Terrain\n|-status|p2a: Salvajibestia Lobo|brn|[from] item: Flame Orb\n|upkeep\n|turn|10\n|\n|t:|1700505154\n|switch|p1a: Tyrantrum|Tyrantrum, M|100\/100\n|move|p2a: Salvajibestia Lobo|Crunch|p1a: Tyrantrum\n|-damage|p1a: Tyrantrum|63\/100\n|-unboost|p1a: Tyrantrum|def|1\n|\n|-damage|p2a: Salvajibestia Lobo|31\/100 brn|[from] brn\n|upkeep\n|turn|11\n|\n|t:|1700505164\n|move|p1a: Tyrantrum|Head Smash|p2a: Salvajibestia Lobo\n|-crit|p2a: Salvajibestia Lobo\n|-damage|p2a: Salvajibestia Lobo|0 fnt\n|faint|p2a: Salvajibestia Lobo\n|\n|upkeep\n|\n|t:|1700505171\n|switch|p2a: Furia Subacu\u00e1tica|Basculegion, M|100\/100\n|turn|12\n|\n|t:|1700505179\n|move|p2a: Furia Subacu\u00e1tica|Phantom Force||[still]\n|-prepare|p2a: Furia Subacu\u00e1tica|Phantom Force\n|move|p1a: Tyrantrum|Dragon Dance|p1a: Tyrantrum\n|-boost|p1a: Tyrantrum|atk|1\n|-boost|p1a: Tyrantrum|spe|1\n|\n|upkeep\n|turn|13\n|\n|t:|1700505185\n|move|p1a: Tyrantrum|Earthquake|p2a: Furia Subacu\u00e1tica|[miss]\n|-miss|p1a: Tyrantrum|p2a: Furia Subacu\u00e1tica\n|move|p2a: Furia Subacu\u00e1tica|Phantom Force|p1a: Tyrantrum|[from]lockedmove\n|-damage|p1a: Tyrantrum|0 fnt\n|faint|p1a: Tyrantrum\n|\n|upkeep\n|\n|t:|1700505192\n|switch|p1a: Dracozolt|Dracozolt|100\/100\n|turn|14\n|\n|t:|1700505205\n|move|p2a: Furia Subacu\u00e1tica|Phantom Force||[still]\n|-prepare|p2a: Furia Subacu\u00e1tica|Phantom Force\n|move|p1a: Dracozolt|Bolt Beak|p2a: Furia Subacu\u00e1tica|[miss]\n|-miss|p1a: Dracozolt|p2a: Furia Subacu\u00e1tica\n|\n|upkeep\n|turn|15\n|\n|t:|1700505213\n|switch|p1a: Aerodactyl|Aerodactyl, M|100\/100\n|move|p2a: Furia Subacu\u00e1tica|Phantom Force|p1a: Aerodactyl|[from]lockedmove\n|-damage|p1a: Aerodactyl|22\/100\n|\n|upkeep\n|turn|16\n|\n|t:|1700505221\n|switch|p2a: Cloyster|Cloyster, F, shiny|100\/100\n|detailschange|p1a: Aerodactyl|Aerodactyl-Mega, M\n|-mega|p1a: Aerodactyl|Aerodactyl|Aerodactylite\n|move|p1a: Aerodactyl|Dual Wingbeat|p2a: Cloyster\n|-damage|p2a: Cloyster|76\/100\n|-damage|p2a: Cloyster|47\/100\n|-hitcount|p2a: Cloyster|2\n|\n|upkeep\n|turn|17\n|\n|t:|1700505236\n|move|p1a: Aerodactyl|Rock Polish|p1a: Aerodactyl\n|-boost|p1a: Aerodactyl|spe|2\n|move|p2a: Cloyster|Shell Smash|p2a: Cloyster\n|-unboost|p2a: Cloyster|def|1\n|-unboost|p2a: Cloyster|spd|1\n|-boost|p2a: Cloyster|atk|2\n|-boost|p2a: Cloyster|spa|2\n|-boost|p2a: Cloyster|spe|2\n|-enditem|p2a: Cloyster|White Herb\n|-clearnegativeboost|p2a: Cloyster|[silent]\n|\n|upkeep\n|turn|18\n|\n|t:|1700505251\n|move|p1a: Aerodactyl|Dual Wingbeat|p2a: Cloyster\n|-damage|p2a: Cloyster|23\/100\n|-damage|p2a: Cloyster|0 fnt\n|faint|p2a: Cloyster\n|-hitcount|p2: Cloyster|2\n|\n|upkeep\n|\n|t:|1700505260\n|switch|p2a: Furia Subacu\u00e1tica|Basculegion, M|100\/100\n|turn|19\n|\n|t:|1700505268\n|move|p2a: Furia Subacu\u00e1tica|Aqua Jet|p1a: Aerodactyl\n|-supereffective|p1a: Aerodactyl\n|-damage|p1a: Aerodactyl|0 fnt\n|faint|p1a: Aerodactyl\n|\n|upkeep\n|\n|t:|1700505272\n|switch|p1a: Dracozolt|Dracozolt|100\/100\n|turn|20\n|\n|t:|1700505279\n|move|p2a: Furia Subacu\u00e1tica|Aqua Jet|p1a: Dracozolt\n|-resisted|p1a: Dracozolt\n|-damage|p1a: Dracozolt|88\/100\n|move|p1a: Dracozolt|Bolt Beak|p2a: Furia Subacu\u00e1tica\n|-supereffective|p2a: Furia Subacu\u00e1tica\n|-damage|p2a: Furia Subacu\u00e1tica|0 fnt\n|faint|p2a: Furia Subacu\u00e1tica\n|\n|win|Mibombilla\n","uploadtime":1700505360,"views":2,"p1id":"mibombilla","p2id":"starguarden","formatid":"gen9nationaldex","rating":0,"private":0,"password":""}