{"id":"gen9nationaldex-1988949481","p1":"Denzqqq","p2":"OnePunchAlligator","format":"[Gen 9] National Dex","log":"|j|\u2606Denzqqq\n|j|\u2606OnePunchAlligator\n|t:|1699793137\n|gametype|singles\n|player|p1|Denzqqq|gentleman-gen4|\n|player|p2|OnePunchAlligator|pokemaniac|\n|teamsize|p1|6\n|teamsize|p2|6\n|gen|9\n|tier|[Gen 9] National Dex\n|rule|HP Percentage Mod: HP is shown in percentages\n|rule|Endless Battle Clause: Forcing endless battles is banned\n|rule|OHKO Clause: OHKO moves are banned\n|rule|Evasion Clause: Evasion abilities, items, and moves are banned\n|rule|Evasion Abilities Clause: Evasion abilities are banned\n|rule|Evasion Items Clause: Evasion items are banned\n|rule|Evasion Moves Clause: Evasion moves are banned\n|rule|Species Clause: Limit one of each Pok\u00e9mon\n|rule|Sleep Clause Mod: Limit one foe put to sleep\n|clearpoke\n|poke|p1|Sneasler, M|\n|poke|p1|Hydreigon, F|\n|poke|p1|Iron Treads|\n|poke|p1|Rillaboom, M|\n|poke|p1|Mew|\n|poke|p1|Feraligatr, F|\n|poke|p2|Bruxish, F|\n|poke|p2|Guzzlord|\n|poke|p2|Great Tusk|\n|poke|p2|Iron Thorns|\n|poke|p2|Lilligant-Hisui, F|\n|poke|p2|Jirachi|\n|teampreview\n|inactive|Battle timer is ON: inactive players will automatically lose when time's up. (requested by Denzqqq)\n|\n|t:|1699793156\n|start\n|switch|p1a: Three headed|Hydreigon, F|100\/100\n|switch|p2a: Ice Spice|Lilligant-Hisui, F|100\/100\n|turn|1\n|\n|t:|1699793168\n|move|p1a: Three headed|Draco Meteor|p2a: Ice Spice\n|-damage|p2a: Ice Spice|0 fnt\n|-unboost|p1a: Three headed|spa|2\n|faint|p2a: Ice Spice\n|\n|upkeep\n|\n|t:|1699793179\n|switch|p2a: Ball Destroyer|Bruxish, F, shiny|100\/100\n|turn|2\n|\n|t:|1699793187\n|switch|p1a: Monke boom|Rillaboom, M|100\/100\n|-fieldstart|move: Grassy Terrain|[from] ability: Grassy Surge|[of] p1a: Monke boom\n|move|p2a: Ball Destroyer|Ice Fang|p1a: Monke boom\n|-supereffective|p1a: Monke boom\n|-damage|p1a: Monke boom|38\/100\n|\n|-heal|p1a: Monke boom|44\/100|[from] Grassy Terrain\n|upkeep\n|turn|3\n|\n|t:|1699793198\n|switch|p2a: GG|Jirachi|100\/100\n|move|p1a: Monke boom|Grassy Glide|p2a: GG\n|-resisted|p2a: GG\n|-damage|p2a: GG|72\/100\n|-damage|p1a: Monke boom|34\/100|[from] item: Life Orb\n|\n|-heal|p2a: GG|78\/100|[from] Grassy Terrain\n|-heal|p1a: Monke boom|40\/100|[from] Grassy Terrain\n|upkeep\n|turn|4\n|\n|t:|1699793214\n|move|p2a: GG|Drain Punch|p1a: Monke boom\n|-damage|p1a: Monke boom|13\/100\n|-heal|p2a: GG|92\/100|[from] drain|[of] p1a: Monke boom\n|move|p1a: Monke boom|Knock Off|p2a: GG\n|-supereffective|p2a: GG\n|-damage|p2a: GG|0 fnt\n|-enditem|p2a: GG|Choice Scarf|[from] move: Knock Off|[of] p1a: Monke boom\n|faint|p2a: GG\n|-damage|p1a: Monke boom|3\/100|[from] item: Life Orb\n|\n|-heal|p1a: Monke boom|10\/100|[from] Grassy Terrain\n|upkeep\n|\n|t:|1699793228\n|switch|p2a: Ball Destroyer|Bruxish, F, shiny|100\/100\n|turn|5\n|\n|t:|1699793246\n|switch|p2a: Glizzy Lord|Guzzlord, shiny|100\/100\n|move|p1a: Monke boom|Grassy Glide|p2a: Glizzy Lord\n|-resisted|p2a: Glizzy Lord\n|-damage|p2a: Glizzy Lord|79\/100\n|-damage|p1a: Monke boom|0 fnt|[from] item: Life Orb\n|faint|p1a: Monke boom\n|\n|-heal|p2a: Glizzy Lord|85\/100|[from] Grassy Terrain\n|upkeep\n|\n|t:|1699793266\n|switch|p1a: Maow|Mew|100\/100\n|turn|6\n|c|\u2606OnePunchAlligator|All my Pokemon except one are RU \ud83d\ude2d\n|inactive|OnePunchAlligator has 270 seconds left.\n|\n|t:|1699793297\n|-terastallize|p1a: Maow|Fairy\n|move|p1a: Maow|Dragon Dance|p1a: Maow\n|-boost|p1a: Maow|atk|1\n|-boost|p1a: Maow|spe|1\n|move|p2a: Glizzy Lord|Crunch|p1a: Maow\n|-resisted|p1a: Maow\n|-damage|p1a: Maow|85\/100\n|\n|-heal|p1a: Maow|91\/100|[from] Grassy Terrain\n|-heal|p2a: Glizzy Lord|91\/100|[from] Grassy Terrain\n|-fieldend|move: Grassy Terrain\n|upkeep\n|turn|7\n|c|\u2606Denzqqq|Lol\n|c|\u2606Denzqqq|Unfort\n|\n|t:|1699793315\n|switch|p2a: Ball Destroyer|Bruxish, F, shiny|100\/100\n|move|p1a: Maow|Dragon Dance|p1a: Maow\n|-boost|p1a: Maow|atk|1\n|-boost|p1a: Maow|spe|1\n|\n|upkeep\n|turn|8\n|\n|t:|1699793323\n|move|p1a: Maow|Play Rough|p2a: Ball Destroyer\n|-damage|p2a: Ball Destroyer|0 fnt\n|faint|p2a: Ball Destroyer\n|\n|upkeep\n|\n|t:|1699793327\n|switch|p2a: Meta|Iron Thorns|100\/100\n|turn|9\n|inactive|OnePunchAlligator has 270 seconds left.\n|\n|t:|1699793338\n|move|p1a: Maow|Drain Punch|p2a: Meta\n|-supereffective|p2a: Meta\n|-damage|p2a: Meta|38\/100\n|-heal|p1a: Maow|100\/100|[from] drain|[of] p2a: Meta\n|move|p2a: Meta|Stone Edge|p1a: Maow\n|-damage|p1a: Maow|44\/100\n|\n|upkeep\n|turn|10\n|\n|t:|1699793345\n|move|p1a: Maow|Drain Punch|p2a: Meta\n|-supereffective|p2a: Meta\n|-damage|p2a: Meta|0 fnt\n|-heal|p1a: Maow|65\/100|[from] drain|[of] p2a: Meta\n|faint|p2a: Meta\n|-end|p2a: Meta|Quark Drive|[silent]\n|\n|upkeep\n|\n|t:|1699793351\n|switch|p2a: Strawberry|Great Tusk|100\/100\n|-enditem|p2a: Strawberry|Booster Energy\n|-activate|p2a: Strawberry|ability: Protosynthesis|[fromitem]\n|-start|p2a: Strawberry|protosynthesisatk\n|turn|11\n|\n|t:|1699793361\n|move|p1a: Maow|Psychic Fangs|p2a: Strawberry\n|-supereffective|p2a: Strawberry\n|-damage|p2a: Strawberry|0 fnt\n|faint|p2a: Strawberry\n|-end|p2a: Strawberry|Protosynthesis|[silent]\n|\n|upkeep\n|\n|t:|1699793366\n|switch|p2a: Glizzy Lord|Guzzlord, shiny|91\/100\n|turn|12\n|\n|t:|1699793370\n|-terastallize|p2a: Glizzy Lord|Fairy\n|move|p1a: Maow|Play Rough|p2a: Glizzy Lord\n|-damage|p2a: Glizzy Lord|14\/100\n|move|p2a: Glizzy Lord|Iron Head|p1a: Maow\n|-supereffective|p1a: Maow\n|-damage|p1a: Maow|22\/100\n|-enditem|p1a: Maow|Weakness Policy\n|-boost|p1a: Maow|atk|2|[from] item: Weakness Policy\n|-boost|p1a: Maow|spa|2|[from] item: Weakness Policy\n|\n|upkeep\n|turn|13\n|\n|t:|1699793380\n|move|p1a: Maow|Psychic Fangs|p2a: Glizzy Lord\n|-damage|p2a: Glizzy Lord|0 fnt\n|faint|p2a: Glizzy Lord\n|\n|win|Denzqqq\n|c|\u2606Denzqqq|Gg\n|c|\u2606OnePunchAlligator|Gg\n","uploadtime":1699793387,"views":31,"p1id":"denzqqq","p2id":"onepunchalligator","formatid":"gen9nationaldex","rating":0,"private":0,"password":""}