{"id":"gen9nationaldex-1993335770","p1":"bibifff","p2":"Poke_Gamer_Devil","format":"[Gen 9] National Dex","log":"|j|\u2606bibifff\n|j|\u2606Poke_Gamer_Devil\n|t:|1700300840\n|gametype|singles\n|player|p1|bibifff|brycenman|1290\n|player|p2|Poke_Gamer_Devil|hilbert|1355\n|teamsize|p1|6\n|teamsize|p2|6\n|gen|9\n|tier|[Gen 9] National Dex\n|rated|\n|rule|HP Percentage Mod: HP is shown in percentages\n|rule|Endless Battle Clause: Forcing endless battles is banned\n|rule|OHKO Clause: OHKO moves are banned\n|rule|Evasion Clause: Evasion abilities, items, and moves are banned\n|rule|Evasion Abilities Clause: Evasion abilities are banned\n|rule|Evasion Items Clause: Evasion items are banned\n|rule|Evasion Moves Clause: Evasion moves are banned\n|rule|Species Clause: Limit one of each Pok\u00e9mon\n|rule|Sleep Clause Mod: Limit one foe put to sleep\n|clearpoke\n|poke|p1|Aegislash, F|\n|poke|p1|Garchomp, M|\n|poke|p1|Landorus-Therian, M|\n|poke|p1|Charizard, F|\n|poke|p1|Rillaboom, M|\n|poke|p1|Urshifu-*, F|\n|poke|p2|Grimmsnarl, M|\n|poke|p2|Skeledirge, M|\n|poke|p2|Diancie|\n|poke|p2|Zamazenta-*|\n|poke|p2|Cinderace, F|\n|poke|p2|Kommo-o, M|\n|teampreview\n|inactive|Battle timer is ON: inactive players will automatically lose when time's up. (requested by Poke_Gamer_Devil)\n|\n|t:|1700300845\n|start\n|switch|p1a: Urshifu|Urshifu-Rapid-Strike, F|100\/100\n|switch|p2a: Grimmsnarl|Grimmsnarl, M|100\/100\n|turn|1\n|\n|t:|1700300854\n|move|p2a: Grimmsnarl|Reflect|p2a: Grimmsnarl\n|-sidestart|p2: Poke_Gamer_Devil|Reflect\n|move|p1a: Urshifu|Surging Strikes|p2a: Grimmsnarl\n|-crit|p2a: Grimmsnarl\n|-damage|p2a: Grimmsnarl|81\/100\n|-crit|p2a: Grimmsnarl\n|-damage|p2a: Grimmsnarl|60\/100\n|-crit|p2a: Grimmsnarl\n|-damage|p2a: Grimmsnarl|42\/100\n|-hitcount|p2a: Grimmsnarl|3\n|\n|upkeep\n|turn|2\n|\n|t:|1700300862\n|move|p2a: Grimmsnarl|Parting Shot|p1a: Urshifu\n|-unboost|p1a: Urshifu|atk|1\n|-unboost|p1a: Urshifu|spa|1\n|\n|t:|1700300870\n|switch|p2a: Kommo-o|Kommo-o, M|100\/100|[from] Parting Shot\n|move|p1a: Urshifu|Surging Strikes|p2a: Kommo-o\n|-resisted|p2a: Kommo-o\n|-crit|p2a: Kommo-o\n|-damage|p2a: Kommo-o|92\/100\n|-resisted|p2a: Kommo-o\n|-crit|p2a: Kommo-o\n|-damage|p2a: Kommo-o|82\/100\n|-resisted|p2a: Kommo-o\n|-crit|p2a: Kommo-o\n|-damage|p2a: Kommo-o|71\/100\n|-hitcount|p2a: Kommo-o|3\n|\n|upkeep\n|turn|3\n|\n|t:|1700300898\n|move|p1a: Urshifu|Surging Strikes|p2a: Kommo-o\n|-resisted|p2a: Kommo-o\n|-crit|p2a: Kommo-o\n|-damage|p2a: Kommo-o|61\/100\n|-resisted|p2a: Kommo-o\n|-crit|p2a: Kommo-o\n|-damage|p2a: Kommo-o|52\/100\n|-resisted|p2a: Kommo-o\n|-crit|p2a: Kommo-o\n|-damage|p2a: Kommo-o|43\/100\n|-hitcount|p2a: Kommo-o|3\n|move|p2a: Kommo-o|Clangorous Soul|p2a: Kommo-o\n|-boost|p2a: Kommo-o|atk|1\n|-boost|p2a: Kommo-o|def|1\n|-boost|p2a: Kommo-o|spa|1\n|-boost|p2a: Kommo-o|spd|1\n|-boost|p2a: Kommo-o|spe|1\n|-damage|p2a: Kommo-o|10\/100\n|-enditem|p2a: Kommo-o|Throat Spray\n|-boost|p2a: Kommo-o|spa|1|[from] item: Throat Spray\n|\n|upkeep\n|turn|4\n|\n|t:|1700300915\n|move|p1a: Urshifu|Surging Strikes|p2a: Kommo-o\n|-resisted|p2a: Kommo-o\n|-crit|p2a: Kommo-o\n|-damage|p2a: Kommo-o|0 fnt\n|faint|p2a: Kommo-o\n|-hitcount|p2: Kommo-o|1\n|\n|upkeep\n|\n|t:|1700300923\n|switch|p2a: Zamazenta|Zamazenta|100\/100\n|-ability|p2a: Zamazenta|Dauntless Shield|boost\n|-boost|p2a: Zamazenta|def|1\n|turn|5\n|\n|t:|1700300929\n|move|p1a: Urshifu|Surging Strikes|p2a: Zamazenta\n|-crit|p2a: Zamazenta\n|-damage|p2a: Zamazenta|83\/100\n|-crit|p2a: Zamazenta\n|-damage|p2a: Zamazenta|64\/100\n|-crit|p2a: Zamazenta\n|-damage|p2a: Zamazenta|44\/100\n|-hitcount|p2a: Zamazenta|3\n|move|p2a: Zamazenta|Iron Defense|p2a: Zamazenta\n|-boost|p2a: Zamazenta|def|2\n|\n|-heal|p2a: Zamazenta|50\/100|[from] item: Leftovers\n|upkeep\n|turn|6\n|\n|t:|1700300938\n|move|p1a: Urshifu|Surging Strikes|p2a: Zamazenta\n|-crit|p2a: Zamazenta\n|-damage|p2a: Zamazenta|32\/100\n|-crit|p2a: Zamazenta\n|-damage|p2a: Zamazenta|12\/100\n|-crit|p2a: Zamazenta\n|-damage|p2a: Zamazenta|0 fnt\n|faint|p2a: Zamazenta\n|-hitcount|p2: Zamazenta|3\n|\n|upkeep\n|\n|t:|1700300943\n|switch|p2a: Grimmsnarl|Grimmsnarl, M|42\/100\n|turn|7\n|\n|t:|1700300948\n|move|p2a: Grimmsnarl|Light Screen|p2a: Grimmsnarl\n|-sidestart|p2: Poke_Gamer_Devil|move: Light Screen\n|move|p1a: Urshifu|Surging Strikes|p2a: Grimmsnarl\n|-crit|p2a: Grimmsnarl\n|-damage|p2a: Grimmsnarl|21\/100\n|-crit|p2a: Grimmsnarl\n|-damage|p2a: Grimmsnarl|2\/100\n|-crit|p2a: Grimmsnarl\n|-damage|p2a: Grimmsnarl|0 fnt\n|faint|p2a: Grimmsnarl\n|-hitcount|p2: Grimmsnarl|3\n|\n|upkeep\n|\n|t:|1700300951\n|switch|p2a: Skeledirge|Skeledirge, M|100\/100\n|turn|8\n|\n|t:|1700300961\n|-terastallize|p2a: Skeledirge|Grass\n|move|p1a: Urshifu|Surging Strikes|p2a: Skeledirge\n|-resisted|p2a: Skeledirge\n|-crit|p2a: Skeledirge\n|-damage|p2a: Skeledirge|93\/100\n|-resisted|p2a: Skeledirge\n|-crit|p2a: Skeledirge\n|-damage|p2a: Skeledirge|85\/100\n|-resisted|p2a: Skeledirge\n|-crit|p2a: Skeledirge\n|-damage|p2a: Skeledirge|76\/100\n|-hitcount|p2a: Skeledirge|3\n|move|p2a: Skeledirge|Flame Charge|p1a: Urshifu\n|-resisted|p1a: Urshifu\n|-damage|p1a: Urshifu|94\/100\n|-boost|p2a: Skeledirge|spe|1\n|\n|-heal|p2a: Skeledirge|82\/100|[from] item: Leftovers\n|-sideend|p2: Poke_Gamer_Devil|Reflect\n|upkeep\n|turn|9\n|inactive|bibifff has 120 seconds left.\n|\n|t:|1700300992\n|switch|p1a: Charizard|Charizard, F, shiny|100\/100\n|move|p2a: Skeledirge|Flame Charge|p1a: Charizard\n|-resisted|p1a: Charizard\n|-damage|p1a: Charizard|92\/100\n|-boost|p2a: Skeledirge|spe|1\n|\n|-heal|p2a: Skeledirge|88\/100|[from] item: Leftovers\n|upkeep\n|turn|10\n|\n|t:|1700301000\n|detailschange|p1a: Charizard|Charizard-Mega-X, F, shiny\n|-mega|p1a: Charizard|Charizard|Charizardite X\n|move|p2a: Skeledirge|Torch Song|p1a: Charizard\n|-resisted|p1a: Charizard\n|-damage|p1a: Charizard|80\/100\n|-boost|p2a: Skeledirge|spa|1\n|move|p1a: Charizard|Flare Blitz|p2a: Skeledirge\n|-supereffective|p2a: Skeledirge\n|-damage|p2a: Skeledirge|0 fnt\n|faint|p2a: Skeledirge\n|-damage|p1a: Charizard|46\/100|[from] Recoil\n|\n|upkeep\n|\n|t:|1700301010\n|switch|p2a: Diancie|Diancie|100\/100\n|turn|11\n|\n|t:|1700301019\n|switch|p1a: Rillaboom|Rillaboom, M, shiny|100\/100\n|-fieldstart|move: Grassy Terrain|[from] ability: Grassy Surge|[of] p1a: Rillaboom\n|detailschange|p2a: Diancie|Diancie-Mega\n|-mega|p2a: Diancie|Diancie|Diancite\n|move|p2a: Diancie|Earth Power|p1a: Rillaboom\n|-resisted|p1a: Rillaboom\n|-damage|p1a: Rillaboom|87\/100\n|\n|-heal|p1a: Rillaboom|93\/100|[from] Grassy Terrain\n|upkeep\n|turn|12\n|\n|t:|1700301029\n|move|p1a: Rillaboom|Grassy Glide|p2a: Diancie\n|-supereffective|p2a: Diancie\n|-damage|p2a: Diancie|0 fnt\n|faint|p2a: Diancie\n|\n|-heal|p1a: Rillaboom|99\/100|[from] Grassy Terrain\n|upkeep\n|\n|t:|1700301032\n|switch|p2a: Cinderace|Cinderace, F|100\/100\n|turn|13\n|\n|t:|1700301041\n|-terastallize|p1a: Rillaboom|Rock\n|move|p2a: Cinderace|Pyro Ball|p1a: Rillaboom\n|-resisted|p1a: Rillaboom\n|-damage|p1a: Rillaboom|73\/100\n|move|p1a: Rillaboom|High Horsepower|p2a: Cinderace\n|-supereffective|p2a: Cinderace\n|-damage|p2a: Cinderace|0 fnt\n|faint|p2a: Cinderace\n|\n|win|bibifff\n|raw|bibifff's rating: 1290 &rarr; <strong>1320<\/strong><br \/>(+30 for winning)\n|raw|Poke_Gamer_Devil's rating: 1355 &rarr; <strong>1331<\/strong><br \/>(-24 for losing)\n","uploadtime":1700301057,"views":6,"p1id":"bibifff","p2id":"pokegamerdevil","formatid":"gen9nationaldex","rating":1320,"private":0,"password":""}