{"id":"gen9nationaldex-1999544083","p1":"Ay Cheu","p2":"DanjNeesan","format":"[Gen 9] National Dex","log":"|html|<div class=\"broadcast-blue\"><strong>[Gen 9] National Dex is currently suspecting Sneasler! For information on how to participate check out the <a href=\"https:\/\/www.smogon.com\/forums\/threads\/sv-national-dex-suspect-8-just-dance.3731534\/\">suspect thread<\/a>.<\/strong><\/div>\n|j|\u2606Ay Cheu\n|j|\u2606DanjNeesan\n|t:|1701094529\n|gametype|singles\n|player|p1|Ay Cheu|officeworker|1623\n|player|p2|DanjNeesan|veteranf|1613\n|teamsize|p1|6\n|teamsize|p2|6\n|gen|9\n|tier|[Gen 9] National Dex\n|rated|\n|rule|HP Percentage Mod: HP is shown in percentages\n|rule|Endless Battle Clause: Forcing endless battles is banned\n|rule|OHKO Clause: OHKO moves are banned\n|rule|Evasion Clause: Evasion abilities, items, and moves are banned\n|rule|Evasion Abilities Clause: Evasion abilities are banned\n|rule|Evasion Items Clause: Evasion items are banned\n|rule|Evasion Moves Clause: Evasion moves are banned\n|rule|Species Clause: Limit one of each Pok\u00e9mon\n|rule|Sleep Clause Mod: Limit one foe put to sleep\n|clearpoke\n|poke|p1|Arcanine-Hisui, M|\n|poke|p1|Snorlax, M|\n|poke|p1|Corviknight, M|\n|poke|p1|Greninja-*, M|\n|poke|p1|Sylveon, F|\n|poke|p1|Torterra, M|\n|poke|p2|Mawile, M|\n|poke|p2|Ferrothorn, M|\n|poke|p2|Slowbro, M|\n|poke|p2|Volcarona, F|\n|poke|p2|Landorus-Therian, M|\n|poke|p2|Clodsire, F|\n|teampreview\n|inactive|Battle timer is ON: inactive players will automatically lose when time's up. (requested by Ay Cheu)\n|\n|t:|1701094560\n|start\n|switch|p1a: \u7edd\u6740|Greninja, M, shiny|100\/100\n|switch|p2a: Landorus|Landorus-Therian, M|100\/100\n|-ability|p2a: Landorus|Intimidate|boost\n|-unboost|p1a: \u7edd\u6740|atk|1\n|turn|1\n|\n|t:|1701094572\n|switch|p2a: Ferrothorn|Ferrothorn, M|100\/100\n|move|p1a: \u7edd\u6740|Spikes|p2a: Ferrothorn\n|-start|p1a: \u7edd\u6740|typechange|Ground|[from] ability: Protean\n|-sidestart|p2: DanjNeesan|Spikes\n|\n|upkeep\n|turn|2\n|\n|t:|1701094579\n|switch|p1a: Torterra|Torterra, M|100\/100\n|-terastallize|p2a: Ferrothorn|Ghost\n|move|p2a: Ferrothorn|Stealth Rock|p1a: Torterra\n|-sidestart|p1: Ay Cheu|move: Stealth Rock\n|\n|upkeep\n|turn|3\n|\n|t:|1701094585\n|move|p1a: Torterra|Leech Seed|p2a: Ferrothorn\n|-start|p2a: Ferrothorn|move: Leech Seed\n|move|p2a: Ferrothorn|Body Press|p1a: Torterra\n|-damage|p1a: Torterra|84\/100\n|-damage|p2a: Ferrothorn|84\/100|[from] item: Rocky Helmet|[of] p1a: Torterra\n|\n|-heal|p2a: Ferrothorn|90\/100|[from] item: Leftovers\n|-damage|p2a: Ferrothorn|78\/100|[from] Leech Seed|[of] p1a: Torterra\n|-heal|p1a: Torterra|95\/100|[silent]\n|upkeep\n|turn|4\n|\n|t:|1701094594\n|switch|p2a: Landorus|Landorus-Therian, M|100\/100\n|-ability|p2a: Landorus|Intimidate|boost\n|-unboost|p1a: Torterra|atk|1\n|move|p1a: Torterra|Stealth Rock|p2a: Landorus\n|-sidestart|p2: DanjNeesan|move: Stealth Rock\n|\n|upkeep\n|turn|5\n|\n|t:|1701094605\n|-zpower|p2a: Landorus\n|move|p2a: Landorus|Supersonic Skystrike|p1a: Torterra|[zeffect]\n|-supereffective|p1a: Torterra\n|-damage|p1a: Torterra|0 fnt\n|faint|p1a: Torterra\n|\n|upkeep\n|\n|t:|1701094609\n|switch|p1a: \u7edd\u6740|Greninja, M, shiny|100\/100\n|-damage|p1a: \u7edd\u6740|88\/100|[from] Stealth Rock\n|turn|6\n|\n|t:|1701094615\n|switch|p2a: Clodsire|Clodsire, F|100\/100\n|move|p1a: \u7edd\u6740|Ice Beam|p2a: Clodsire\n|-start|p1a: \u7edd\u6740|typechange|Ice|[from] ability: Protean\n|-supereffective|p2a: Clodsire\n|-damage|p2a: Clodsire|56\/100\n|\n|upkeep\n|turn|7\n|\n|t:|1701094625\n|move|p1a: \u7edd\u6740|Ice Beam|p2a: Clodsire\n|-supereffective|p2a: Clodsire\n|-damage|p2a: Clodsire|13\/100\n|move|p2a: Clodsire|Spikes|p1a: \u7edd\u6740\n|-sidestart|p1: Ay Cheu|Spikes\n|\n|upkeep\n|turn|8\n|\n|t:|1701094631\n|switch|p2a: Ferrothorn|Ferrothorn, M, tera:Ghost|78\/100\n|-damage|p2a: Ferrothorn|65\/100|[from] Spikes\n|-damage|p2a: Ferrothorn|53\/100|[from] Stealth Rock\n|move|p1a: \u7edd\u6740|Ice Beam|p2a: Ferrothorn\n|-damage|p2a: Ferrothorn|22\/100\n|\n|-heal|p2a: Ferrothorn|28\/100|[from] item: Leftovers\n|upkeep\n|turn|9\n|inactive|DanjNeesan has 120 seconds left.\n|\n|t:|1701094665\n|switch|p2a: Slowbro|Slowbro, M|100\/100\n|-damage|p2a: Slowbro|88\/100|[from] Spikes\n|-damage|p2a: Slowbro|76\/100|[from] Stealth Rock\n|move|p1a: \u7edd\u6740|Ice Beam|p2a: Slowbro\n|-resisted|p2a: Slowbro\n|-damage|p2a: Slowbro|53\/100\n|\n|upkeep\n|turn|10\n|\n|t:|1701094684\n|switch|p1a: \u56e1\u56e1|Sylveon, F|100\/100\n|-damage|p1a: \u56e1\u56e1|88\/100|[from] Stealth Rock\n|-damage|p1a: \u56e1\u56e1|76\/100|[from] Spikes\n|move|p2a: Slowbro|Scald|p1a: \u56e1\u56e1\n|-damage|p1a: \u56e1\u56e1|58\/100\n|\n|upkeep\n|turn|11\n|inactive|DanjNeesan has 120 seconds left.\n|inactive|DanjNeesan has 90 seconds left.\n|\n|t:|1701094730\n|move|p1a: \u56e1\u56e1|Wish|p1a: \u56e1\u56e1\n|move|p2a: Slowbro|Teleport|p2a: Slowbro\n|inactive|DanjNeesan has 90 seconds left.\n|\n|t:|1701094737\n|switch|p2a: Volcarona|Volcarona, F|100\/100|[from] Teleport\n|\n|upkeep\n|turn|12\n|\n|t:|1701094744\n|switch|p1a: \u7070\u7070|Arcanine-Hisui, M|100\/100\n|-damage|p1a: \u7070\u7070|76\/100|[from] Stealth Rock\n|-damage|p1a: \u7070\u7070|63\/100|[from] Spikes\n|move|p2a: Volcarona|Quiver Dance|p2a: Volcarona\n|-boost|p2a: Volcarona|spa|1\n|-boost|p2a: Volcarona|spd|1\n|-boost|p2a: Volcarona|spe|1\n|\n|-heal|p1a: \u7070\u7070|100\/100|[from] move: Wish|[wisher] \u56e1\u56e1\n|upkeep\n|turn|13\n|\n|t:|1701094756\n|move|p2a: Volcarona|Hidden Power|p1a: \u7070\u7070\n|-supereffective|p1a: \u7070\u7070\n|-damage|p1a: \u7070\u7070|0 fnt\n|faint|p1a: \u7070\u7070\n|\n|upkeep\n|\n|t:|1701094765\n|switch|p1a: \u963f\u80a5|Snorlax, M|100\/100\n|-damage|p1a: \u963f\u80a5|88\/100|[from] Stealth Rock\n|-damage|p1a: \u963f\u80a5|76\/100|[from] Spikes\n|turn|14\n|\n|t:|1701094770\n|move|p2a: Volcarona|Flamethrower|p1a: \u963f\u80a5\n|-damage|p1a: \u963f\u80a5|42\/100\n|move|p1a: \u963f\u80a5|Body Slam|p2a: Volcarona\n|-damage|p2a: Volcarona|36\/100\n|-status|p2a: Volcarona|par\n|\n|upkeep\n|turn|15\n|\n|t:|1701094779\n|cant|p2a: Volcarona|par\n|move|p1a: \u963f\u80a5|Earthquake|p2a: Volcarona\n|-damage|p2a: Volcarona|0 fnt\n|faint|p2a: Volcarona\n|\n|upkeep\n|\n|t:|1701094788\n|switch|p2a: Landorus|Landorus-Therian, M|100\/100\n|-damage|p2a: Landorus|88\/100|[from] Stealth Rock\n|-ability|p2a: Landorus|Intimidate|boost\n|-unboost|p1a: \u963f\u80a5|atk|1\n|turn|16\n|inactive|DanjNeesan has 120 seconds left.\n|\n|t:|1701094796\n|move|p2a: Landorus|Earthquake|p1a: \u963f\u80a5\n|-damage|p1a: \u963f\u80a5|0 fnt\n|faint|p1a: \u963f\u80a5\n|\n|upkeep\n|\n|t:|1701094799\n|switch|p1a: Corviknight|Corviknight, M, shiny|100\/100\n|-damage|p1a: Corviknight|88\/100|[from] Stealth Rock\n|-ability|p1a: Corviknight|Pressure\n|turn|17\n|\n|t:|1701094804\n|move|p2a: Landorus|Swords Dance|p2a: Landorus\n|-boost|p2a: Landorus|atk|2\n|move|p1a: Corviknight|Bulk Up|p1a: Corviknight\n|-boost|p1a: Corviknight|atk|1\n|-boost|p1a: Corviknight|def|1\n|\n|-heal|p1a: Corviknight|94\/100|[from] item: Leftovers\n|upkeep\n|turn|18\n|\n|t:|1701094811\n|move|p2a: Landorus|Swords Dance|p2a: Landorus\n|-boost|p2a: Landorus|atk|2\n|move|p1a: Corviknight|Bulk Up|p1a: Corviknight\n|-boost|p1a: Corviknight|atk|1\n|-boost|p1a: Corviknight|def|1\n|\n|-heal|p1a: Corviknight|99\/100|[from] item: Leftovers\n|upkeep\n|turn|19\n|\n|t:|1701094826\n|move|p2a: Landorus|Stone Edge|p1a: Corviknight\n|-damage|p1a: Corviknight|51\/100\n|move|p1a: Corviknight|Bulk Up|p1a: Corviknight\n|-boost|p1a: Corviknight|atk|1\n|-boost|p1a: Corviknight|def|1\n|\n|-heal|p1a: Corviknight|57\/100|[from] item: Leftovers\n|upkeep\n|turn|20\n|\n|t:|1701094833\n|move|p2a: Landorus|Swords Dance|p2a: Landorus\n|-boost|p2a: Landorus|atk|2\n|move|p1a: Corviknight|Roost|p1a: Corviknight\n|-heal|p1a: Corviknight|100\/100\n|-singleturn|p1a: Corviknight|move: Roost\n|\n|upkeep\n|turn|21\n|\n|t:|1701094839\n|move|p2a: Landorus|Stone Edge|p1a: Corviknight\n|-damage|p1a: Corviknight|53\/100\n|move|p1a: Corviknight|Bulk Up|p1a: Corviknight\n|-boost|p1a: Corviknight|atk|1\n|-boost|p1a: Corviknight|def|1\n|\n|-heal|p1a: Corviknight|59\/100|[from] item: Leftovers\n|upkeep\n|turn|22\n|\n|t:|1701094847\n|switch|p2a: Clodsire|Clodsire, F|13\/100\n|move|p1a: Corviknight|Roost|p1a: Corviknight\n|-heal|p1a: Corviknight|100\/100\n|-singleturn|p1a: Corviknight|move: Roost\n|\n|upkeep\n|turn|23\n|\n|t:|1701094857\n|switch|p2a: Slowbro|Slowbro, M|86\/100\n|-damage|p2a: Slowbro|74\/100|[from] Spikes\n|-damage|p2a: Slowbro|61\/100|[from] Stealth Rock\n|move|p1a: Corviknight|Brave Bird|p2a: Slowbro\n|-damage|p2a: Slowbro|0 fnt\n|-damage|p1a: Corviknight|84\/100|[from] item: Rocky Helmet|[of] p2a: Slowbro\n|faint|p2a: Slowbro\n|-damage|p1a: Corviknight|64\/100|[from] Recoil\n|\n|-heal|p1a: Corviknight|70\/100|[from] item: Leftovers\n|upkeep\n|\n|t:|1701094871\n|switch|p2a: Landorus|Landorus-Therian, M|88\/100\n|-damage|p2a: Landorus|76\/100|[from] Stealth Rock\n|-ability|p2a: Landorus|Intimidate|boost\n|-unboost|p1a: Corviknight|atk|1\n|turn|24\n|\n|t:|1701094887\n|switch|p2a: Mawile|Mawile, M|100\/100\n|-damage|p2a: Mawile|88\/100|[from] Spikes\n|-damage|p2a: Mawile|82\/100|[from] Stealth Rock\n|-ability|p2a: Mawile|Intimidate|boost\n|-unboost|p1a: Corviknight|atk|1\n|move|p1a: Corviknight|Roost|p1a: Corviknight\n|-heal|p1a: Corviknight|100\/100\n|-singleturn|p1a: Corviknight|move: Roost\n|\n|upkeep\n|turn|25\n|\n|t:|1701094897\n|detailschange|p2a: Mawile|Mawile-Mega, M\n|-mega|p2a: Mawile|Mawile|Mawilite\n|move|p2a: Mawile|Knock Off|p1a: Corviknight\n|-damage|p1a: Corviknight|84\/100\n|-enditem|p1a: Corviknight|Leftovers|[from] move: Knock Off|[of] p2a: Mawile\n|move|p1a: Corviknight|Brave Bird|p2a: Mawile\n|-resisted|p2a: Mawile\n|-damage|p2a: Mawile|40\/100\n|-damage|p1a: Corviknight|75\/100|[from] Recoil\n|\n|upkeep\n|turn|26\n|\n|t:|1701094910\n|switch|p2a: Landorus|Landorus-Therian, M|76\/100\n|-damage|p2a: Landorus|64\/100|[from] Stealth Rock\n|-ability|p2a: Landorus|Intimidate|boost\n|-unboost|p1a: Corviknight|atk|1\n|move|p1a: Corviknight|Brave Bird|p2a: Landorus\n|-damage|p2a: Landorus|0 fnt\n|faint|p2a: Landorus\n|-damage|p1a: Corviknight|58\/100|[from] Recoil\n|\n|upkeep\n|\n|t:|1701094920\n|switch|p2a: Clodsire|Clodsire, F|13\/100\n|turn|27\n|\n|t:|1701094923\n|move|p1a: Corviknight|Brave Bird|p2a: Clodsire\n|-damage|p2a: Clodsire|0 fnt\n|faint|p2a: Clodsire\n|-damage|p1a: Corviknight|53\/100|[from] Recoil\n|\n|upkeep\n|\n|t:|1701094928\n|switch|p2a: Ferrothorn|Ferrothorn, M, tera:Ghost|28\/100\n|-damage|p2a: Ferrothorn|16\/100|[from] Spikes\n|-damage|p2a: Ferrothorn|3\/100|[from] Stealth Rock\n|turn|28\n|\n|t:|1701094932\n|move|p1a: Corviknight|Brave Bird|p2a: Ferrothorn\n|-damage|p2a: Ferrothorn|0 fnt\n|-damage|p1a: Corviknight|41\/100|[from] ability: Iron Barbs|[of] p2a: Ferrothorn\n|faint|p2a: Ferrothorn\n|-damage|p1a: Corviknight|40\/100|[from] Recoil\n|\n|upkeep\n|-message|DanjNeesan forfeited.\n|\n|win|Ay Cheu\n|raw|Ay Cheu's rating: 1623 &rarr; <strong>1642<\/strong><br \/>(+19 for winning)\n|raw|DanjNeesan's rating: 1613 &rarr; <strong>1594<\/strong><br \/>(-19 for losing)\n|l|\u2606DanjNeesan\n","uploadtime":1701094939,"views":7,"p1id":"aycheu","p2id":"danjneesan","formatid":"gen9nationaldex","rating":1594,"private":0,"password":""}