{"id":"gen9nationaldex-1989354780","p1":"kaigualelaodi","p2":"mtyqjltz4","format":"[Gen 9] National Dex","log":"|j|\u2606kaigualelaodi\n|j|\u2606mtyqjltz4\n|t:|1699839966\n|gametype|singles\n|player|p1|kaigualelaodi|elesa-masters|1437\n|player|p2|mtyqjltz4|elesa|1472\n|teamsize|p1|6\n|teamsize|p2|6\n|gen|9\n|tier|[Gen 9] National Dex\n|rated|\n|rule|HP Percentage Mod: HP is shown in percentages\n|rule|Endless Battle Clause: Forcing endless battles is banned\n|rule|OHKO Clause: OHKO moves are banned\n|rule|Evasion Clause: Evasion abilities, items, and moves are banned\n|rule|Evasion Abilities Clause: Evasion abilities are banned\n|rule|Evasion Items Clause: Evasion items are banned\n|rule|Evasion Moves Clause: Evasion moves are banned\n|rule|Species Clause: Limit one of each Pok\u00e9mon\n|rule|Sleep Clause Mod: Limit one foe put to sleep\n|clearpoke\n|poke|p1|Heatran, F|\n|poke|p1|Zapdos|\n|poke|p1|Tapu Bulu|\n|poke|p1|Great Tusk|\n|poke|p1|Cresselia, F|\n|poke|p1|Garganacl, F|\n|poke|p2|Butterfree, F|\n|poke|p2|Moltres|\n|poke|p2|Venusaur, M|\n|poke|p2|Samurott-Hisui, M|\n|poke|p2|Jirachi|\n|poke|p2|Iron Valiant|\n|teampreview\n|inactive|Battle timer is ON: inactive players will automatically lose when time's up. (requested by mtyqjltz4)\n|\n|t:|1699839980\n|start\n|switch|p1a: Great Tusk|Great Tusk|100\/100\n|switch|p2a: Samurott|Samurott-Hisui, M, shiny|100\/100\n|turn|1\n|\n|t:|1699839989\n|-end|p1a: Great Tusk|Protosynthesis|[silent]\n|switch|p1a: Tapu Bulu|Tapu Bulu, shiny|100\/100\n|-fieldstart|move: Grassy Terrain|[from] ability: Grassy Surge|[of] p1a: Tapu Bulu\n|move|p2a: Samurott|Flip Turn|p1a: Tapu Bulu\n|-resisted|p1a: Tapu Bulu\n|-damage|p1a: Tapu Bulu|85\/100\n|\n|t:|1699839996\n|switch|p2a: Venusaur|Venusaur, M|100\/100|[from] Flip Turn\n|\n|-heal|p1a: Tapu Bulu|91\/100|[from] Grassy Terrain\n|-heal|p1a: Tapu Bulu|97\/100|[from] item: Leftovers\n|upkeep\n|turn|2\n|\n|t:|1699840011\n|switch|p1a: Heatran|Heatran, F|100\/100\n|detailschange|p2a: Venusaur|Venusaur-Mega, M\n|-mega|p2a: Venusaur|Venusaur|Venusaurite\n|move|p2a: Venusaur|Sludge Bomb|p1a: Heatran\n|-immune|p1a: Heatran\n|\n|upkeep\n|turn|3\n|\n|t:|1699840013\n|move|p2a: Venusaur|Earth Power|p1a: Heatran\n|-supereffective|p1a: Heatran\n|-damage|p1a: Heatran|44\/100\n|move|p1a: Heatran|Magma Storm|p2a: Venusaur|[miss]\n|-miss|p1a: Heatran|p2a: Venusaur\n|\n|-heal|p1a: Heatran|51\/100|[from] Grassy Terrain\n|-heal|p1a: Heatran|57\/100|[from] item: Leftovers\n|upkeep\n|turn|4\n|\n|t:|1699840019\n|-terastallize|p1a: Heatran|Grass\n|move|p2a: Venusaur|Earth Power|p1a: Heatran\n|-resisted|p1a: Heatran\n|-damage|p1a: Heatran|49\/100\n|move|p1a: Heatran|Magma Storm|p2a: Venusaur\n|-supereffective|p2a: Venusaur\n|-damage|p2a: Venusaur|74\/100\n|-activate|p2a: Venusaur|move: Magma Storm|[of] p1a: Heatran\n|\n|-heal|p2a: Venusaur|80\/100|[from] Grassy Terrain\n|-heal|p1a: Heatran|55\/100|[from] Grassy Terrain\n|-heal|p1a: Heatran|61\/100|[from] item: Leftovers\n|-damage|p2a: Venusaur|68\/100|[from] move: Magma Storm|[partiallytrapped]\n|upkeep\n|turn|5\n|\n|t:|1699840028\n|move|p1a: Heatran|Protect|p1a: Heatran\n|-singleturn|p1a: Heatran|Protect\n|move|p2a: Venusaur|Sludge Bomb|p1a: Heatran\n|-activate|p1a: Heatran|move: Protect\n|\n|-heal|p2a: Venusaur|74\/100|[from] Grassy Terrain\n|-heal|p1a: Heatran|67\/100|[from] Grassy Terrain\n|-heal|p1a: Heatran|73\/100|[from] item: Leftovers\n|-damage|p2a: Venusaur|61\/100|[from] move: Magma Storm|[partiallytrapped]\n|-fieldend|move: Grassy Terrain\n|upkeep\n|turn|6\n|\n|t:|1699840036\n|move|p2a: Venusaur|Sludge Bomb|p1a: Heatran\n|-supereffective|p1a: Heatran\n|-damage|p1a: Heatran|28\/100\n|move|p1a: Heatran|Magma Storm|p2a: Venusaur\n|-supereffective|p2a: Venusaur\n|-damage|p2a: Venusaur|35\/100\n|\n|-heal|p1a: Heatran|34\/100|[from] item: Leftovers\n|-damage|p2a: Venusaur|23\/100|[from] move: Magma Storm|[partiallytrapped]\n|upkeep\n|turn|7\n|\n|t:|1699840043\n|move|p1a: Heatran|Protect|p1a: Heatran\n|-singleturn|p1a: Heatran|Protect\n|move|p2a: Venusaur|Synthesis|p2a: Venusaur\n|-heal|p2a: Venusaur|73\/100\n|\n|-heal|p1a: Heatran|40\/100|[from] item: Leftovers\n|-damage|p2a: Venusaur|60\/100|[from] move: Magma Storm|[partiallytrapped]\n|upkeep\n|turn|8\n|\n|t:|1699840061\n|switch|p1a: Great Tusk|Great Tusk|100\/100\n|move|p2a: Venusaur|Sludge Bomb|p1a: Great Tusk\n|-resisted|p1a: Great Tusk\n|-damage|p1a: Great Tusk|71\/100\n|\n|-end|p2a: Venusaur|Magma Storm|[partiallytrapped]|[silent]\n|upkeep\n|turn|9\n|\n|t:|1699840071\n|-zpower|p1a: Great Tusk\n|move|p1a: Great Tusk|Subzero Slammer|p2a: Venusaur|[zeffect]\n|-supereffective|p2a: Venusaur\n|-damage|p2a: Venusaur|16\/100\n|move|p2a: Venusaur|Giga Drain|p1a: Great Tusk\n|-supereffective|p1a: Great Tusk\n|-damage|p1a: Great Tusk|0 fnt\n|-heal|p2a: Venusaur|52\/100|[from] drain|[of] p1a: Great Tusk\n|faint|p1a: Great Tusk\n|-end|p1a: Great Tusk|Protosynthesis|[silent]\n|\n|upkeep\n|\n|t:|1699840080\n|switch|p1a: Garganacl|Garganacl, F|100\/100\n|turn|10\n|\n|t:|1699840084\n|switch|p1a: Zapdos|Zapdos|100\/100\n|move|p2a: Venusaur|Giga Drain|p1a: Zapdos\n|-resisted|p1a: Zapdos\n|-damage|p1a: Zapdos|85\/100\n|-heal|p2a: Venusaur|60\/100|[from] drain|[of] p1a: Zapdos\n|\n|upkeep\n|turn|11\n|\n|t:|1699840098\n|switch|p2a: Jirachi|Jirachi, shiny|100\/100\n|move|p1a: Zapdos|Heat Wave|p2a: Jirachi\n|-supereffective|p2a: Jirachi\n|-damage|p2a: Jirachi|40\/100\n|-status|p2a: Jirachi|brn\n|\n|-damage|p2a: Jirachi|34\/100 brn|[from] brn\n|upkeep\n|turn|12\n|\n|t:|1699840121\n|move|p2a: Jirachi|Thunderbolt|p1a: Zapdos\n|-damage|p1a: Zapdos|59\/100\n|move|p1a: Zapdos|Volt Switch|p2a: Jirachi\n|-damage|p2a: Jirachi|4\/100 brn\n|\n|t:|1699840126\n|switch|p1a: Tapu Bulu|Tapu Bulu, shiny|97\/100|[from] Volt Switch\n|-fieldstart|move: Grassy Terrain|[from] ability: Grassy Surge|[of] p1a: Tapu Bulu\n|\n|-heal|p2a: Jirachi|10\/100 brn|[from] Grassy Terrain\n|-heal|p1a: Tapu Bulu|100\/100|[from] Grassy Terrain\n|-damage|p2a: Jirachi|4\/100 brn|[from] brn\n|upkeep\n|turn|13\n|\n|t:|1699840133\n|move|p2a: Jirachi|Iron Head|p1a: Tapu Bulu\n|-supereffective|p1a: Tapu Bulu\n|-damage|p1a: Tapu Bulu|71\/100\n|move|p1a: Tapu Bulu|Stone Edge|p2a: Jirachi\n|-resisted|p2a: Jirachi\n|-damage|p2a: Jirachi|0 fnt\n|faint|p2a: Jirachi\n|\n|-heal|p1a: Tapu Bulu|77\/100|[from] Grassy Terrain\n|-heal|p1a: Tapu Bulu|84\/100|[from] item: Leftovers\n|upkeep\n|\n|t:|1699840150\n|switch|p2a: Venusaur|Venusaur-Mega, M|60\/100\n|turn|14\n|\n|t:|1699840160\n|switch|p1a: Cresselia|Cresselia, F, shiny|100\/100\n|-enditem|p1a: Cresselia|Grassy Seed\n|-boost|p1a: Cresselia|def|1|[from] item: Grassy Seed\n|move|p2a: Venusaur|Giga Drain|p1a: Cresselia\n|-damage|p1a: Cresselia|74\/100\n|-heal|p2a: Venusaur|76\/100|[from] drain|[of] p1a: Cresselia\n|\n|-heal|p2a: Venusaur|82\/100|[from] Grassy Terrain\n|upkeep\n|turn|15\n|inactive|mtyqjltz4 has 120 seconds left.\n|\n|t:|1699840195\n|switch|p2a: Butterfree|Butterfree, F|100\/100\n|move|p1a: Cresselia|Calm Mind|p1a: Cresselia\n|-boost|p1a: Cresselia|spa|1\n|-boost|p1a: Cresselia|spd|1\n|\n|upkeep\n|turn|16\n|\n|t:|1699840204\n|switch|p1a: Garganacl|Garganacl, F|100\/100\n|move|p2a: Butterfree|Quiver Dance|p2a: Butterfree\n|-boost|p2a: Butterfree|spa|1\n|-boost|p2a: Butterfree|spd|1\n|-boost|p2a: Butterfree|spe|1\n|\n|-fieldend|move: Grassy Terrain\n|upkeep\n|turn|17\n|inactive|mtyqjltz4 has 120 seconds left.\n|\n|t:|1699840223\n|-terastallize|p2a: Butterfree|Grass\n|move|p2a: Butterfree|Giga Drain|p1a: Garganacl\n|-supereffective|p1a: Garganacl\n|-damage|p1a: Garganacl|37\/100\n|move|p1a: Garganacl|Salt Cure|p2a: Butterfree\n|-crit|p2a: Butterfree\n|-damage|p2a: Butterfree|52\/100\n|-start|p2a: Butterfree|Salt Cure\n|\n|-heal|p1a: Garganacl|44\/100|[from] item: Leftovers\n|-damage|p2a: Butterfree|40\/100|[from] Salt Cure\n|upkeep\n|turn|18\n|\n|t:|1699840231\n|move|p1a: Garganacl|Protect|p1a: Garganacl\n|-singleturn|p1a: Garganacl|Protect\n|move|p2a: Butterfree|Giga Drain|p1a: Garganacl\n|-activate|p1a: Garganacl|move: Protect\n|\n|-heal|p1a: Garganacl|50\/100|[from] item: Leftovers\n|-damage|p2a: Butterfree|28\/100|[from] Salt Cure\n|upkeep\n|turn|19\n|\n|t:|1699840235\n|switch|p1a: Heatran|Heatran, F, tera:Grass|40\/100\n|move|p2a: Butterfree|Giga Drain|p1a: Heatran\n|-resisted|p1a: Heatran\n|-damage|p1a: Heatran|27\/100\n|-heal|p2a: Butterfree|38\/100|[from] drain|[of] p1a: Heatran\n|\n|-heal|p1a: Heatran|33\/100|[from] item: Leftovers\n|-damage|p2a: Butterfree|25\/100|[from] Salt Cure\n|upkeep\n|turn|20\n|\n|t:|1699840241\n|move|p1a: Heatran|Protect|p1a: Heatran\n|-singleturn|p1a: Heatran|Protect\n|move|p2a: Butterfree|Hurricane|p1a: Heatran\n|-activate|p1a: Heatran|move: Protect\n|\n|-heal|p1a: Heatran|39\/100|[from] item: Leftovers\n|-damage|p2a: Butterfree|13\/100|[from] Salt Cure\n|upkeep\n|turn|21\n|\n|t:|1699840251\n|switch|p1a: Garganacl|Garganacl, F|50\/100\n|move|p2a: Butterfree|Giga Drain|p1a: Garganacl\n|-supereffective|p1a: Garganacl\n|-damage|p1a: Garganacl|0 fnt\n|-heal|p2a: Butterfree|51\/100|[from] drain|[of] p1a: Garganacl\n|faint|p1a: Garganacl\n|\n|-damage|p2a: Butterfree|39\/100|[from] Salt Cure\n|upkeep\n|\n|t:|1699840265\n|switch|p1a: Tapu Bulu|Tapu Bulu, shiny|84\/100\n|-fieldstart|move: Grassy Terrain|[from] ability: Grassy Surge|[of] p1a: Tapu Bulu\n|turn|22\n|\n|t:|1699840270\n|move|p2a: Butterfree|Hurricane|p1a: Tapu Bulu\n|-supereffective|p1a: Tapu Bulu\n|-damage|p1a: Tapu Bulu|0 fnt\n|faint|p1a: Tapu Bulu\n|\n|-heal|p2a: Butterfree|45\/100|[from] Grassy Terrain\n|-damage|p2a: Butterfree|33\/100|[from] Salt Cure\n|upkeep\n|\n|t:|1699840274\n|switch|p1a: Cresselia|Cresselia, F, shiny|74\/100\n|turn|23\n|\n|t:|1699840280\n|move|p2a: Butterfree|Sleep Powder|p1a: Cresselia\n|-status|p1a: Cresselia|slp|[from] move: Sleep Powder\n|cant|p1a: Cresselia|slp\n|\n|-heal|p2a: Butterfree|39\/100|[from] Grassy Terrain\n|-damage|p2a: Butterfree|27\/100|[from] Salt Cure\n|upkeep\n|turn|24\n|\n|t:|1699840284\n|move|p2a: Butterfree|Giga Drain|p1a: Cresselia\n|-damage|p1a: Cresselia|37\/100 slp\n|-heal|p2a: Butterfree|59\/100|[from] drain|[of] p1a: Cresselia\n|-curestatus|p1a: Cresselia|slp|[msg]\n|move|p1a: Cresselia|Stored Power|p2a: Butterfree\n|-damage|p2a: Butterfree|53\/100\n|\n|-heal|p2a: Butterfree|59\/100|[from] Grassy Terrain\n|-damage|p2a: Butterfree|46\/100|[from] Salt Cure\n|upkeep\n|turn|25\n|\n|t:|1699840292\n|move|p2a: Butterfree|Giga Drain|p1a: Cresselia\n|-damage|p1a: Cresselia|0 fnt\n|-heal|p2a: Butterfree|77\/100|[from] drain|[of] p1a: Cresselia\n|faint|p1a: Cresselia\n|\n|-heal|p2a: Butterfree|83\/100|[from] Grassy Terrain\n|-damage|p2a: Butterfree|71\/100|[from] Salt Cure\n|upkeep\n|\n|t:|1699840295\n|switch|p1a: Heatran|Heatran, F, tera:Grass|39\/100\n|turn|26\n|\n|t:|1699840298\n|move|p2a: Butterfree|Hurricane|p1a: Heatran\n|-supereffective|p1a: Heatran\n|-damage|p1a: Heatran|0 fnt\n|faint|p1a: Heatran\n|\n|-heal|p2a: Butterfree|77\/100|[from] Grassy Terrain\n|-damage|p2a: Butterfree|65\/100|[from] Salt Cure\n|-fieldend|move: Grassy Terrain\n|upkeep\n|\n|t:|1699840300\n|switch|p1a: Zapdos|Zapdos|59\/100\n|turn|27\n|\n|t:|1699840302\n|move|p2a: Butterfree|Hurricane|p1a: Zapdos\n|-resisted|p1a: Zapdos\n|-damage|p1a: Zapdos|24\/100\n|move|p1a: Zapdos|Heat Wave|p2a: Butterfree\n|-supereffective|p2a: Butterfree\n|-crit|p2a: Butterfree\n|-damage|p2a: Butterfree|0 fnt\n|faint|p2a: Butterfree\n|\n|upkeep\n|\n|t:|1699840314\n|switch|p2a: Iron Valiant|Iron Valiant|100\/100\n|-enditem|p2a: Iron Valiant|Booster Energy\n|-activate|p2a: Iron Valiant|ability: Quark Drive|[fromitem]\n|-start|p2a: Iron Valiant|quarkdrivespe\n|turn|28\n|\n|t:|1699840317\n|move|p2a: Iron Valiant|Moonblast|p1a: Zapdos\n|-damage|p1a: Zapdos|0 fnt\n|faint|p1a: Zapdos\n|\n|win|mtyqjltz4\n|raw|kaigualelaodi's rating: 1437 &rarr; <strong>1419<\/strong><br \/>(-18 for losing)\n|raw|mtyqjltz4's rating: 1472 &rarr; <strong>1490<\/strong><br \/>(+18 for winning)\n|l|\u2606kaigualelaodi\n","uploadtime":1699840328,"views":5,"p1id":"kaigualelaodi","p2id":"mtyqjltz4","formatid":"gen9nationaldex","rating":1419,"private":0,"password":""}