{"id":"gen9nationaldex-1988736056","p1":"Guoguo12","p2":"Red Vs Showdown","format":"[Gen 9] National Dex","log":"|j|\u2606Guoguo12\n|j|\u2606Red Vs Showdown\n|t:|1699756573\n|gametype|singles\n|player|p1|Guoguo12|169|1677\n|player|p2|Red Vs Showdown|red-gen2|1855\n|teamsize|p1|6\n|teamsize|p2|6\n|gen|9\n|tier|[Gen 9] National Dex\n|rated|\n|rule|HP Percentage Mod: HP is shown in percentages\n|rule|Endless Battle Clause: Forcing endless battles is banned\n|rule|OHKO Clause: OHKO moves are banned\n|rule|Evasion Clause: Evasion abilities, items, and moves are banned\n|rule|Evasion Abilities Clause: Evasion abilities are banned\n|rule|Evasion Items Clause: Evasion items are banned\n|rule|Evasion Moves Clause: Evasion moves are banned\n|rule|Species Clause: Limit one of each Pok\u00e9mon\n|rule|Sleep Clause Mod: Limit one foe put to sleep\n|clearpoke\n|poke|p1|Kyurem|\n|poke|p1|Gliscor, M|\n|poke|p1|Slowking-Galar, M|\n|poke|p1|Tapu Lele|\n|poke|p1|Banette, F|\n|poke|p1|Sneasler, M|\n|poke|p2|Pikachu, F|\n|poke|p2|Charizard, M|\n|poke|p2|Blastoise, M|\n|poke|p2|Venusaur, F|\n|poke|p2|Snorlax, M|\n|poke|p2|Espeon, F|\n|teampreview\n|c|\u2606Red Vs Showdown|...\n|\n|t:|1699756586\n|start\n|switch|p1a: Banette|Banette, F|100\/100\n|switch|p2a: Charizard|Charizard, M|100\/100\n|-item|p2a: Charizard|Charizardite Y|[from] ability: Frisk|[of] p1a: Banette|[identify]\n|turn|1\n|j| snivy ye \u53f6\u86c7\n|\n|t:|1699756599\n|switch|p2a: Blastoise|Blastoise, M|100\/100\n|detailschange|p1a: Banette|Banette-Mega, F\n|-mega|p1a: Banette|Banette|Banettite\n|move|p1a: Banette|Destiny Bond|p1a: Banette\n|-singlemove|p1a: Banette|Destiny Bond\n|\n|upkeep\n|turn|2\n|\n|t:|1699756608\n|switch|p1a: Slowking|Slowking-Galar, M|100\/100\n|move|p2a: Blastoise|Flip Turn|p1a: Slowking\n|-damage|p1a: Slowking|83\/100\n|\n|t:|1699756610\n|switch|p2a: Snorlax|Snorlax, M|100\/100|[from] Flip Turn\n|\n|upkeep\n|turn|3\n|\n|t:|1699756619\n|-activate|p1a: Slowking|move: Pursuit\n|move|p2a: Snorlax|Pursuit|p1a: Slowking|[from]Pursuit\n|-supereffective|p1a: Slowking\n|-damage|p1a: Slowking|0 fnt\n|faint|p1a: Slowking\n|-hint|A Pokemon can't switch between when it runs out of HP and when it faints\n|\n|upkeep\n|\n|t:|1699756627\n|switch|p1a: Tapu Lele|Tapu Lele|100\/100\n|-fieldstart|move: Psychic Terrain|[from] ability: Psychic Surge|[of] p1a: Tapu Lele\n|turn|4\n|\n|t:|1699756633\n|switch|p2a: Blastoise|Blastoise, M|100\/100\n|-zpower|p1a: Tapu Lele\n|move|p1a: Tapu Lele|Shattered Psyche|p2a: Blastoise|[zeffect]\n|-damage|p2a: Blastoise|0 fnt\n|faint|p2a: Blastoise\n|\n|upkeep\n|\n|t:|1699756637\n|switch|p2a: Charizard|Charizard, M|100\/100\n|turn|5\n|\n|t:|1699756646\n|detailschange|p2a: Charizard|Charizard-Mega-Y, M\n|-mega|p2a: Charizard|Charizard|Charizardite Y\n|-weather|SunnyDay|[from] ability: Drought|[of] p2a: Charizard\n|move|p2a: Charizard|Fire Blast|p1a: Tapu Lele\n|-damage|p1a: Tapu Lele|0 fnt\n|faint|p1a: Tapu Lele\n|\n|-weather|SunnyDay|[upkeep]\n|upkeep\n|\n|t:|1699756659\n|switch|p1a: Banette|Banette-Mega, F|100\/100\n|turn|6\n|\n|t:|1699756670\n|move|p1a: Banette|Destiny Bond|p1a: Banette\n|-singlemove|p1a: Banette|Destiny Bond\n|move|p2a: Charizard|Fire Blast|p1a: Banette|[miss]\n|-miss|p2a: Charizard|p1a: Banette\n|\n|-weather|SunnyDay|[upkeep]\n|upkeep\n|turn|7\n|\n|t:|1699756679\n|switch|p2a: Snorlax|Snorlax, M|100\/100\n|move|p1a: Banette|Poltergeist|p2a: Snorlax\n|-immune|p2a: Snorlax\n|\n|-weather|SunnyDay|[upkeep]\n|upkeep\n|turn|8\n|\n|t:|1699756696\n|switch|p1a: Sneasler|Sneasler, M|100\/100\n|-enditem|p1a: Sneasler|Psychic Seed\n|-boost|p1a: Sneasler|spd|1|[from] item: Psychic Seed\n|move|p2a: Snorlax|Heat Crash|p1a: Sneasler\n|-damage|p1a: Sneasler|0 fnt\n|faint|p1a: Sneasler\n|\n|-weather|SunnyDay|[upkeep]\n|-fieldend|move: Psychic Terrain\n|upkeep\n|-message|Guoguo12 forfeited.\n|\n|win|Red Vs Showdown\n|raw|Guoguo12's rating: 1677 &rarr; <strong>1666<\/strong><br \/>(-11 for losing)\n|raw|Red Vs Showdown's rating: 1855 &rarr; <strong>1866<\/strong><br \/>(+11 for winning)\n|l|\u2606Guoguo12\n|c|\u2606Red Vs Showdown|...\n","uploadtime":1699756717,"views":4,"p1id":"guoguo12","p2id":"redvsshowdown","formatid":"gen9nationaldex","rating":1666,"private":0,"password":""}