{"id":"gen9nationaldex-1988487494","p1":"Miguel_TM04","p2":"Fezanyippe","format":"[Gen 9] National Dex","log":"|j|\u2606Miguel_TM04\n|j|\u2606Fezanyippe\n|t:|1699728229\n|gametype|singles\n|player|p1|Miguel_TM04|1|1093\n|player|p2|Fezanyippe|170|1092\n|teamsize|p1|6\n|teamsize|p2|6\n|gen|9\n|tier|[Gen 9] National Dex\n|rated|\n|rule|HP Percentage Mod: HP is shown in percentages\n|rule|Endless Battle Clause: Forcing endless battles is banned\n|rule|OHKO Clause: OHKO moves are banned\n|rule|Evasion Clause: Evasion abilities, items, and moves are banned\n|rule|Evasion Abilities Clause: Evasion abilities are banned\n|rule|Evasion Items Clause: Evasion items are banned\n|rule|Evasion Moves Clause: Evasion moves are banned\n|rule|Species Clause: Limit one of each Pok\u00e9mon\n|rule|Sleep Clause Mod: Limit one foe put to sleep\n|clearpoke\n|poke|p1|Charizard, M|\n|poke|p1|Incineroar, F|\n|poke|p1|Blaziken, F|\n|poke|p1|Cinderace, F|\n|poke|p1|Skeledirge, F|\n|poke|p1|Infernape, M|\n|poke|p2|Blaziken, M|\n|poke|p2|Ting-Lu|\n|poke|p2|Gliscor, F|\n|poke|p2|Banette, F|\n|poke|p2|Ferrothorn, F|\n|poke|p2|Urshifu-*, F|\n|teampreview\n|\n|t:|1699728245\n|start\n|switch|p1a: Blaziken|Blaziken, F|100\/100\n|switch|p2a: Banette|Banette, F|100\/100\n|turn|1\n|\n|t:|1699728262\n|detailschange|p2a: Banette|Banette-Mega, F\n|-mega|p2a: Banette|Banette|Banettite\n|move|p1a: Blaziken|Protect|p1a: Blaziken\n|-singleturn|p1a: Blaziken|Protect\n|move|p2a: Banette|Thunder Wave|p1a: Blaziken\n|-activate|p1a: Blaziken|move: Protect\n|\n|-ability|p1a: Blaziken|Speed Boost|boost\n|-boost|p1a: Blaziken|spe|1\n|upkeep\n|turn|2\n|\n|t:|1699728274\n|move|p2a: Banette|Thunder Wave|p1a: Blaziken\n|-status|p1a: Blaziken|par\n|cant|p1a: Blaziken|par\n|\n|-ability|p1a: Blaziken|Speed Boost|boost\n|-boost|p1a: Blaziken|spe|1\n|upkeep\n|turn|3\n|\n|t:|1699728282\n|cant|p1a: Blaziken|par\n|move|p2a: Banette|Poltergeist|p1a: Blaziken|[miss]\n|-miss|p2a: Banette|p1a: Blaziken\n|\n|-ability|p1a: Blaziken|Speed Boost|boost\n|-boost|p1a: Blaziken|spe|1\n|upkeep\n|turn|4\n|\n|t:|1699728292\n|move|p1a: Blaziken|Flare Blitz|p2a: Banette\n|-damage|p2a: Banette|15\/100\n|-damage|p1a: Blaziken|69\/100 par|[from] Recoil\n|move|p2a: Banette|Poltergeist|p1a: Blaziken\n|-activate|p1a: Blaziken|move: Poltergeist|Leftovers\n|-damage|p1a: Blaziken|0 fnt\n|faint|p1a: Blaziken\n|\n|upkeep\n|\n|t:|1699728305\n|switch|p1a: Cinderace|Cinderace, F|100\/100\n|turn|5\n|\n|t:|1699728310\n|move|p1a: Cinderace|Sucker Punch||[still]\n|-fail|p1a: Cinderace\n|move|p2a: Banette|Destiny Bond|p2a: Banette\n|-singlemove|p2a: Banette|Destiny Bond\n|\n|upkeep\n|turn|6\n|\n|t:|1699728324\n|move|p1a: Cinderace|Zen Headbutt|p2a: Banette\n|-start|p1a: Cinderace|typechange|Psychic|[from] ability: Libero\n|-damage|p2a: Banette|0 fnt\n|faint|p2a: Banette\n|-activate|p2a: Banette|move: Destiny Bond\n|faint|p1a: Cinderace\n|\n|upkeep\n|\n|t:|1699728338\n|switch|p1a: Charizard|Charizard, M, shiny|100\/100\n|switch|p2a: Blaziken|Blaziken, M|100\/100\n|turn|7\n|\n|t:|1699728347\n|detailschange|p1a: Charizard|Charizard-Mega-Y, M, shiny\n|-mega|p1a: Charizard|Charizard|Charizardite Y\n|-weather|SunnyDay|[from] ability: Drought|[of] p1a: Charizard\n|move|p1a: Charizard|Toxic|p2a: Blaziken|[miss]\n|-miss|p1a: Charizard|p2a: Blaziken\n|move|p2a: Blaziken|Power-Up Punch|p1a: Charizard\n|-resisted|p1a: Charizard\n|-damage|p1a: Charizard|86\/100\n|-boost|p2a: Blaziken|atk|1\n|\n|-weather|SunnyDay|[upkeep]\n|-ability|p2a: Blaziken|Speed Boost|boost\n|-boost|p2a: Blaziken|spe|1\n|upkeep\n|turn|8\n|\n|t:|1699728361\n|move|p2a: Blaziken|Power-Up Punch|p1a: Charizard\n|-resisted|p1a: Charizard\n|-damage|p1a: Charizard|67\/100\n|-boost|p2a: Blaziken|atk|1\n|move|p1a: Charizard|Toxic|p2a: Blaziken\n|-status|p2a: Blaziken|tox\n|\n|-weather|SunnyDay|[upkeep]\n|-damage|p2a: Blaziken|95\/100 tox|[from] psn\n|-ability|p2a: Blaziken|Speed Boost|boost\n|-boost|p2a: Blaziken|spe|1\n|upkeep\n|turn|9\n|\n|t:|1699728373\n|-terastallize|p2a: Blaziken|Fire\n|move|p2a: Blaziken|Blaze Kick|p1a: Charizard\n|-resisted|p1a: Charizard\n|-damage|p1a: Charizard|0 fnt\n|faint|p1a: Charizard\n|\n|-weather|SunnyDay|[upkeep]\n|-damage|p2a: Blaziken|83\/100 tox|[from] psn\n|-ability|p2a: Blaziken|Speed Boost|boost\n|-boost|p2a: Blaziken|spe|1\n|upkeep\n|l|\u2606Miguel_TM04\n|player|p1|\n|inactive|Battle timer is ON: inactive players will automatically lose when time's up. (requested by Fezanyippe)\n|inactive|Miguel_TM04 has 30 seconds to reconnect!\n|inactive|Miguel_TM04 has 20 seconds to reconnect!\n|inactive|Miguel_TM04 has 15 seconds to reconnect!\n|inactive|Miguel_TM04 has 10 seconds to reconnect!\n|inactive|Miguel_TM04 has 5 seconds to reconnect!\n|-message|Miguel_TM04 lost due to inactivity.\n|\n|win|Fezanyippe\n|raw|Miguel_TM04's rating: 1093 &rarr; <strong>1069<\/strong><br \/>(-24 for losing)\n|raw|Fezanyippe's rating: 1092 &rarr; <strong>1118<\/strong><br \/>(+26 for winning)\n","uploadtime":1699728468,"views":4,"p1id":"migueltm04","p2id":"fezanyippe","formatid":"gen9nationaldex","rating":1069,"private":0,"password":""}