{"id":"gen9nationaldex-1997242042","p1":"Apples Are Epic","p2":"MuffinGod123","format":"[Gen 9] National Dex","log":"|html|<div class=\"broadcast-blue\"><strong>[Gen 9] National Dex is currently suspecting Sneasler! For information on how to participate check out the <a href=\"https:\/\/www.smogon.com\/forums\/threads\/sv-national-dex-suspect-8-just-dance.3731534\/\">suspect thread<\/a>.<\/strong><\/div>\n|j|\u2606Apples Are Epic\n|j|\u2606MuffinGod123\n|t:|1700779465\n|gametype|singles\n|player|p1|Apples Are Epic|unknown|1195\n|player|p2|MuffinGod123|wattson|1172\n|teamsize|p1|6\n|teamsize|p2|6\n|gen|9\n|tier|[Gen 9] National Dex\n|rated|\n|rule|HP Percentage Mod: HP is shown in percentages\n|rule|Endless Battle Clause: Forcing endless battles is banned\n|rule|OHKO Clause: OHKO moves are banned\n|rule|Evasion Clause: Evasion abilities, items, and moves are banned\n|rule|Evasion Abilities Clause: Evasion abilities are banned\n|rule|Evasion Items Clause: Evasion items are banned\n|rule|Evasion Moves Clause: Evasion moves are banned\n|rule|Species Clause: Limit one of each Pok\u00e9mon\n|rule|Sleep Clause Mod: Limit one foe put to sleep\n|clearpoke\n|poke|p1|Charizard, F|\n|poke|p1|Great Tusk|\n|poke|p1|Ogerpon-Cornerstone, F|\n|poke|p1|Xurkitree|\n|poke|p1|Landorus-Therian, M|\n|poke|p1|Greninja-*, M|\n|poke|p2|Urshifu-*, F|\n|poke|p2|Blissey, F|\n|poke|p2|Landorus-Therian, M|\n|poke|p2|Toxapex, M|\n|poke|p2|Heatran, M|\n|poke|p2|Iron Valiant|\n|teampreview\n|inactive|Battle timer is ON: inactive players will automatically lose when time's up. (requested by MuffinGod123)\n|c|\u2606Apples Are Epic|god i can tell ill hate fighting this\n|c|\u2606Apples Are Epic|glhf'\n|\n|t:|1700779513\n|start\n|switch|p1a: Greninja|Greninja, M|100\/100\n|switch|p2a: Landorus|Landorus-Therian, M|100\/100\n|-ability|p2a: Landorus|Intimidate|boost\n|-unboost|p1a: Greninja|atk|1\n|turn|1\n|\n|t:|1700779526\n|switch|p2a: Toxapex|Toxapex, M|100\/100\n|move|p1a: Greninja|Ice Beam|p2a: Toxapex\n|-resisted|p2a: Toxapex\n|-damage|p2a: Toxapex|88\/100\n|-damage|p1a: Greninja|91\/100|[from] item: Life Orb\n|\n|upkeep\n|turn|2\n|\n|t:|1700779532\n|move|p1a: Greninja|Extrasensory|p2a: Toxapex\n|-supereffective|p2a: Toxapex\n|-damage|p2a: Toxapex|39\/100\n|-damage|p1a: Greninja|81\/100|[from] item: Life Orb\n|move|p2a: Toxapex|Toxic|p1a: Greninja\n|-status|p1a: Greninja|tox\n|\n|-damage|p1a: Greninja|75\/100 tox|[from] psn\n|upkeep\n|turn|3\n|\n|t:|1700779548\n|switch|p1a: Landorus|Landorus-Therian, M|100\/100\n|-ability|p1a: Landorus|Intimidate|boost\n|-unboost|p2a: Toxapex|atk|1\n|switch|p2a: Heatran|Heatran, M|100\/100\n|\n|upkeep\n|turn|4\n|\n|t:|1700779560\n|switch|p2a: Landorus|Landorus-Therian, M|100\/100\n|-ability|p2a: Landorus|Intimidate|boost\n|-unboost|p1a: Landorus|atk|1\n|move|p1a: Landorus|Stealth Rock|p2a: Landorus\n|-sidestart|p2: MuffinGod123|move: Stealth Rock\n|\n|upkeep\n|turn|5\n|\n|t:|1700779566\n|move|p2a: Landorus|Toxic|p1a: Landorus\n|-status|p1a: Landorus|tox\n|move|p1a: Landorus|Taunt|p2a: Landorus\n|-start|p2a: Landorus|move: Taunt\n|\n|-damage|p1a: Landorus|94\/100 tox|[from] psn\n|upkeep\n|turn|6\n|\n|t:|1700779571\n|move|p1a: Landorus|U-turn|p2a: Landorus\n|-resisted|p2a: Landorus\n|-damage|p2a: Landorus|96\/100\n|-damage|p1a: Landorus|78\/100 tox|[from] item: Rocky Helmet|[of] p2a: Landorus\n|\n|t:|1700779585\n|switch|p1a: Greninja|Greninja, M|75\/100 tox|[from] U-turn\n|move|p2a: Landorus|U-turn|p1a: Greninja\n|-supereffective|p1a: Greninja\n|-damage|p1a: Greninja|0 fnt\n|faint|p1a: Greninja\n|\n|t:|1700779595\n|switch|p2a: Urshifu|Urshifu-Rapid-Strike, F|100\/100|[from] U-turn\n|-damage|p2a: Urshifu|94\/100|[from] Stealth Rock\n|\n|upkeep\n|\n|t:|1700779598\n|switch|p1a: Xurkitree|Xurkitree|100\/100\n|turn|7\n|\n|t:|1700779608\n|switch|p1a: Great Tusk|Great Tusk|100\/100\n|-enditem|p1a: Great Tusk|Booster Energy\n|-activate|p1a: Great Tusk|ability: Protosynthesis|[fromitem]\n|-start|p1a: Great Tusk|protosynthesisatk\n|move|p2a: Urshifu|U-turn|p1a: Great Tusk\n|-resisted|p1a: Great Tusk\n|-damage|p1a: Great Tusk|89\/100\n|\n|t:|1700779618\n|switch|p2a: Landorus|Landorus-Therian, M|96\/100|[from] U-turn\n|-damage|p2a: Landorus|83\/100|[from] Stealth Rock\n|-ability|p2a: Landorus|Intimidate|boost\n|-unboost|p1a: Great Tusk|atk|1\n|\n|upkeep\n|turn|8\n|\n|t:|1700779626\n|move|p2a: Landorus|Stealth Rock|p1a: Great Tusk\n|-sidestart|p1: Apples Are Epic|move: Stealth Rock\n|move|p1a: Great Tusk|Close Combat|p2a: Landorus\n|-resisted|p2a: Landorus\n|-damage|p2a: Landorus|62\/100\n|-unboost|p1a: Great Tusk|def|1\n|-unboost|p1a: Great Tusk|spd|1\n|-damage|p1a: Great Tusk|73\/100|[from] item: Rocky Helmet|[of] p2a: Landorus\n|\n|upkeep\n|turn|9\n|\n|t:|1700779633\n|move|p2a: Landorus|U-turn|p1a: Great Tusk\n|-resisted|p1a: Great Tusk\n|-damage|p1a: Great Tusk|63\/100\n|\n|t:|1700779643\n|switch|p2a: Toxapex|Toxapex, M|72\/100|[from] U-turn\n|move|p1a: Great Tusk|Bulk Up|p1a: Great Tusk\n|-boost|p1a: Great Tusk|atk|1\n|-boost|p1a: Great Tusk|def|1\n|\n|upkeep\n|turn|10\n|\n|t:|1700779654\n|-terastallize|p1a: Great Tusk|Steel\n|move|p1a: Great Tusk|Bulk Up|p1a: Great Tusk\n|-boost|p1a: Great Tusk|atk|1\n|-boost|p1a: Great Tusk|def|1\n|move|p2a: Toxapex|Scald|p1a: Great Tusk\n|-damage|p1a: Great Tusk|27\/100\n|\n|upkeep\n|turn|11\n|\n|t:|1700779663\n|switch|p2a: Landorus|Landorus-Therian, M|62\/100\n|-damage|p2a: Landorus|50\/100|[from] Stealth Rock\n|-ability|p2a: Landorus|Intimidate|boost\n|-unboost|p1a: Great Tusk|atk|1\n|move|p1a: Great Tusk|Headlong Rush|p2a: Landorus\n|-immune|p2a: Landorus\n|\n|upkeep\n|turn|12\n|\n|t:|1700779672\n|move|p2a: Landorus|Earthquake|p1a: Great Tusk\n|-supereffective|p1a: Great Tusk\n|-damage|p1a: Great Tusk|0 fnt\n|faint|p1a: Great Tusk\n|-end|p1a: Great Tusk|Protosynthesis|[silent]\n|\n|upkeep\n|\n|t:|1700779682\n|switch|p1a: Ogerpon|Ogerpon-Cornerstone, F|100\/100\n|-damage|p1a: Ogerpon|88\/100|[from] Stealth Rock\n|turn|13\n|\n|t:|1700779693\n|switch|p2a: Heatran|Heatran, M|100\/100\n|-damage|p2a: Heatran|88\/100|[from] Stealth Rock\n|move|p1a: Ogerpon|Ivy Cudgel|p2a: Heatran|[anim] Ivy Cudgel Rock\n|-damage|p2a: Heatran|31\/100\n|\n|-heal|p2a: Heatran|37\/100|[from] item: Leftovers\n|upkeep\n|turn|14\n|\n|t:|1700779706\n|move|p1a: Ogerpon|Ivy Cudgel|p2a: Heatran|[anim] Ivy Cudgel Rock\n|-damage|p2a: Heatran|0 fnt\n|faint|p2a: Heatran\n|\n|upkeep\n|\n|t:|1700779713\n|switch|p2a: Iron Valiant|Iron Valiant|100\/100\n|-damage|p2a: Iron Valiant|94\/100|[from] Stealth Rock\n|-enditem|p2a: Iron Valiant|Booster Energy\n|-activate|p2a: Iron Valiant|ability: Quark Drive|[fromitem]\n|-start|p2a: Iron Valiant|quarkdrivespe\n|turn|15\n|\n|t:|1700779723\n|switch|p1a: Landorus|Landorus-Therian, M|78\/100 tox\n|-damage|p1a: Landorus|66\/100 tox|[from] Stealth Rock\n|-ability|p1a: Landorus|Intimidate|boost\n|-unboost|p2a: Iron Valiant|atk|1\n|move|p2a: Iron Valiant|Swords Dance|p2a: Iron Valiant\n|-boost|p2a: Iron Valiant|atk|2\n|\n|-damage|p1a: Landorus|60\/100 tox|[from] psn\n|upkeep\n|turn|16\n|\n|t:|1700779735\n|move|p2a: Iron Valiant|Knock Off|p1a: Landorus\n|-crit|p1a: Landorus\n|-damage|p1a: Landorus|8\/100 tox\n|-damage|p2a: Iron Valiant|78\/100|[from] item: Rocky Helmet|[of] p1a: Landorus\n|-enditem|p1a: Landorus|Rocky Helmet|[from] move: Knock Off|[of] p2a: Iron Valiant\n|move|p1a: Landorus|U-turn|p2a: Iron Valiant\n|-resisted|p2a: Iron Valiant\n|-damage|p2a: Iron Valiant|70\/100\n|\n|t:|1700779748\n|switch|p1a: Xurkitree|Xurkitree|100\/100|[from] U-turn\n|-damage|p1a: Xurkitree|88\/100|[from] Stealth Rock\n|\n|upkeep\n|turn|17\n|\n|t:|1700779764\n|-terastallize|p2a: Iron Valiant|Dark\n|move|p2a: Iron Valiant|Swords Dance|p2a: Iron Valiant\n|-boost|p2a: Iron Valiant|atk|2\n|move|p1a: Xurkitree|Energy Ball|p2a: Iron Valiant\n|-damage|p2a: Iron Valiant|0 fnt\n|faint|p2a: Iron Valiant\n|-end|p2a: Iron Valiant|Quark Drive|[silent]\n|-ability|p1a: Xurkitree|Beast Boost|boost\n|-boost|p1a: Xurkitree|spa|1\n|\n|upkeep\n|\n|t:|1700779776\n|switch|p2a: Urshifu|Urshifu-Rapid-Strike, F|94\/100\n|-damage|p2a: Urshifu|88\/100|[from] Stealth Rock\n|turn|18\n|\n|t:|1700779778\n|move|p1a: Xurkitree|Energy Ball|p2a: Urshifu\n|-supereffective|p2a: Urshifu\n|-damage|p2a: Urshifu|0 fnt\n|faint|p2a: Urshifu\n|-ability|p1a: Xurkitree|Beast Boost|boost\n|-boost|p1a: Xurkitree|spa|1\n|\n|upkeep\n|c|\u2606MuffinGod123|scarfed?\n|\n|t:|1700779797\n|switch|p2a: Blissey|Blissey, F|100\/100\n|turn|19\n|c|\u2606Apples Are Epic|yeah\n|c|\u2606MuffinGod123|no wonder\n|\n|t:|1700779806\n|move|p1a: Xurkitree|Energy Ball|p2a: Blissey\n|-damage|p2a: Blissey|74\/100\n|move|p2a: Blissey|Seismic Toss|p1a: Xurkitree\n|-damage|p1a: Xurkitree|56\/100\n|\n|upkeep\n|turn|20\n|c|\u2606Apples Are Epic|was urshifu baned?\n|c|\u2606Apples Are Epic|banded\n|c|\u2606MuffinGod123|yep\n|\n|t:|1700779815\n|switch|p1a: Ogerpon|Ogerpon-Cornerstone, F|88\/100\n|-damage|p1a: Ogerpon|76\/100|[from] Stealth Rock\n|move|p2a: Blissey|Seismic Toss|p1a: Ogerpon\n|-damage|p1a: Ogerpon|43\/100\n|\n|upkeep\n|turn|21\n|\n|t:|1700779822\n|move|p1a: Ogerpon|Ivy Cudgel|p2a: Blissey|[anim] Ivy Cudgel Rock\n|-crit|p2a: Blissey\n|-damage|p2a: Blissey|4\/100\n|move|p2a: Blissey|Thunder Wave|p1a: Ogerpon\n|-status|p1a: Ogerpon|par\n|\n|upkeep\n|turn|22\n|\n|t:|1700779831\n|move|p1a: Ogerpon|Trailblaze|p2a: Blissey\n|-damage|p2a: Blissey|0 fnt\n|-boost|p1a: Ogerpon|spe|1\n|faint|p2a: Blissey\n|\n|upkeep\n|\n|t:|1700779834\n|switch|p2a: Landorus|Landorus-Therian, M|50\/100\n|-damage|p2a: Landorus|38\/100|[from] Stealth Rock\n|-ability|p2a: Landorus|Intimidate|boost\n|-unboost|p1a: Ogerpon|atk|1\n|turn|23\n|\n|t:|1700779840\n|switch|p1a: Charizard|Charizard, F, shiny|100\/100\n|-damage|p1a: Charizard|51\/100|[from] Stealth Rock\n|move|p2a: Landorus|U-turn|p1a: Charizard\n|-resisted|p1a: Charizard\n|-damage|p1a: Charizard|43\/100\n|\n|t:|1700779845\n|switch|p2a: Toxapex|Toxapex, M|100\/100|[from] U-turn\n|\n|upkeep\n|turn|24\n|\n|t:|1700779861\n|detailschange|p1a: Charizard|Charizard-Mega-Y, F, shiny\n|-mega|p1a: Charizard|Charizard|Charizardite Y\n|-weather|SunnyDay|[from] ability: Drought|[of] p1a: Charizard\n|move|p1a: Charizard|Scorching Sands|p2a: Toxapex\n|-supereffective|p2a: Toxapex\n|-damage|p2a: Toxapex|47\/100\n|move|p2a: Toxapex|Scald|p1a: Charizard\n|-supereffective|p1a: Charizard\n|-damage|p1a: Charizard|28\/100\n|\n|-weather|SunnyDay|[upkeep]\n|upkeep\n|turn|25\n|c|\u2606MuffinGod123|gg\n|c|\u2606Apples Are Epic|genuinely thought i was about to lose too\n|c|\u2606Apples Are Epic|u played well\n|c|\u2606MuffinGod123|thanks\n|inactive|MuffinGod123 has 120 seconds left.\n|inactive|Apples Are Epic has 120 seconds left.\n|\n|t:|1700779897\n|move|p1a: Charizard|Solar Beam||[still]\n|-prepare|p1a: Charizard|Solar Beam\n|-anim|p1a: Charizard|Solar Beam|p2a: Toxapex\n|-damage|p2a: Toxapex|1\/100\n|move|p2a: Toxapex|Recover|p2a: Toxapex\n|-heal|p2a: Toxapex|52\/100\n|\n|-weather|SunnyDay|[upkeep]\n|upkeep\n|turn|26\n|inactive|MuffinGod123 has 120 seconds left.\n|\n|t:|1700779910\n|move|p1a: Charizard|Scorching Sands|p2a: Toxapex\n|-supereffective|p2a: Toxapex\n|-damage|p2a: Toxapex|3\/100\n|-status|p2a: Toxapex|brn\n|move|p2a: Toxapex|Recover|p2a: Toxapex\n|-heal|p2a: Toxapex|53\/100 brn\n|\n|-weather|SunnyDay|[upkeep]\n|-damage|p2a: Toxapex|47\/100 brn|[from] brn\n|upkeep\n|turn|27\n|\n|t:|1700779913\n|move|p1a: Charizard|Scorching Sands|p2a: Toxapex\n|-supereffective|p2a: Toxapex\n|-damage|p2a: Toxapex|0 fnt\n|faint|p2a: Toxapex\n|\n|-weather|SunnyDay|[upkeep]\n|upkeep\n|\n|t:|1700779916\n|switch|p2a: Landorus|Landorus-Therian, M|38\/100\n|-damage|p2a: Landorus|25\/100|[from] Stealth Rock\n|-ability|p2a: Landorus|Intimidate|boost\n|-unboost|p1a: Charizard|atk|1\n|turn|28\n|\n|t:|1700779925\n|move|p1a: Charizard|Air Slash|p2a: Landorus|[miss]\n|-miss|p1a: Charizard|p2a: Landorus\n|move|p2a: Landorus|Toxic|p1a: Charizard\n|-status|p1a: Charizard|tox\n|\n|-weather|none\n|-damage|p1a: Charizard|22\/100 tox|[from] psn\n|upkeep\n|turn|29\n|\n|t:|1700779929\n|move|p1a: Charizard|Air Slash|p2a: Landorus\n|-damage|p2a: Landorus|0 fnt\n|faint|p2a: Landorus\n|\n|win|Apples Are Epic\n|raw|Apples Are Epic's rating: 1195 &rarr; <strong>1218<\/strong><br \/>(+23 for winning)\n|raw|MuffinGod123's rating: 1172 &rarr; <strong>1149<\/strong><br \/>(-23 for losing)\n|c|\u2606MuffinGod123|gg\n|c|\u2606Apples Are Epic|gg\n","uploadtime":1700779936,"views":5,"p1id":"applesareepic","p2id":"muffingod123","formatid":"gen9nationaldex","rating":1149,"private":0,"password":""}