{"id":"gen9nationaldex-1994478797","p1":"FULAMAINGO","p2":"Glass101","format":"[Gen 9] National Dex","log":"|j|\u2606FULAMAINGO\n|j|\u2606Glass101\n|t:|1700448638\n|gametype|singles\n|player|p1|FULAMAINGO|266|1420\n|player|p2|Glass101|1|1512\n|teamsize|p1|6\n|teamsize|p2|6\n|gen|9\n|tier|[Gen 9] National Dex\n|rated|\n|rule|HP Percentage Mod: HP is shown in percentages\n|rule|Endless Battle Clause: Forcing endless battles is banned\n|rule|OHKO Clause: OHKO moves are banned\n|rule|Evasion Clause: Evasion abilities, items, and moves are banned\n|rule|Evasion Abilities Clause: Evasion abilities are banned\n|rule|Evasion Items Clause: Evasion items are banned\n|rule|Evasion Moves Clause: Evasion moves are banned\n|rule|Species Clause: Limit one of each Pok\u00e9mon\n|rule|Sleep Clause Mod: Limit one foe put to sleep\n|clearpoke\n|poke|p1|Samurott-Hisui, M|\n|poke|p1|Pelipper, M|\n|poke|p1|Araquanid, F|\n|poke|p1|Ampharos, F|\n|poke|p1|Mr. Mime-Galar, M|\n|poke|p1|Ogerpon-Wellspring, F|\n|poke|p2|Scolipede, M|\n|poke|p2|Ceruledge, F|\n|poke|p2|Toxapex, M|\n|poke|p2|Cresselia, F|\n|poke|p2|Garchomp, M|\n|poke|p2|Clodsire, M|\n|teampreview\n|\n|t:|1700448651\n|start\n|switch|p1a: Samurott|Samurott-Hisui, M|100\/100\n|switch|p2a: Garchomp|Garchomp, M|100\/100\n|turn|1\n|inactive|Battle timer is ON: inactive players will automatically lose when time's up. (requested by Glass101)\n|\n|t:|1700448658\n|move|p1a: Samurott|Razor Shell|p2a: Garchomp|[miss]\n|-miss|p1a: Samurott|p2a: Garchomp\n|move|p2a: Garchomp|Earthquake|p1a: Samurott\n|-damage|p1a: Samurott|30\/100\n|\n|upkeep\n|turn|2\n|\n|t:|1700448666\n|switch|p1a: Pelipper|Pelipper, M|100\/100\n|-weather|RainDance|[from] ability: Drizzle|[of] p1a: Pelipper\n|switch|p2a: Toxapex|Toxapex, M|100\/100\n|\n|-weather|RainDance|[upkeep]\n|upkeep\n|turn|3\n|\n|t:|1700448673\n|move|p1a: Pelipper|Hurricane|p2a: Toxapex\n|-damage|p2a: Toxapex|59\/100\n|move|p2a: Toxapex|Toxic|p1a: Pelipper\n|-status|p1a: Pelipper|tox\n|\n|-weather|RainDance|[upkeep]\n|-damage|p1a: Pelipper|94\/100 tox|[from] psn\n|upkeep\n|turn|4\n|\n|t:|1700448680\n|move|p1a: Pelipper|Hurricane|p2a: Toxapex\n|-damage|p2a: Toxapex|15\/100\n|-start|p2a: Toxapex|confusion\n|-activate|p2a: Toxapex|confusion\n|move|p2a: Toxapex|Scald|p1a: Pelipper\n|-resisted|p1a: Pelipper\n|-damage|p1a: Pelipper|78\/100 tox\n|\n|-weather|RainDance|[upkeep]\n|-damage|p1a: Pelipper|66\/100 tox|[from] psn\n|upkeep\n|turn|5\n|\n|t:|1700448690\n|switch|p2a: Clodsire|Clodsire, M|100\/100\n|move|p1a: Pelipper|U-turn|p2a: Clodsire\n|-resisted|p2a: Clodsire\n|-damage|p2a: Clodsire|97\/100\n|\n|t:|1700448706\n|switch|p1a: Ogerpon|Ogerpon-Wellspring, F|100\/100|[from] U-turn\n|\n|-weather|RainDance|[upkeep]\n|upkeep\n|turn|6\n|\n|t:|1700448710\n|-terastallize|p2a: Clodsire|Water\n|move|p1a: Ogerpon|Ivy Cudgel|p2a: Clodsire|[anim] Ivy Cudgel Water\n|-resisted|p2a: Clodsire\n|-damage|p2a: Clodsire|64\/100\n|move|p2a: Clodsire|Toxic|p1a: Ogerpon\n|-status|p1a: Ogerpon|tox\n|\n|-weather|RainDance|[upkeep]\n|-damage|p1a: Ogerpon|95\/100 tox|[from] psn\n|upkeep\n|turn|7\n|\n|t:|1700448719\n|switch|p2a: Ceruledge|Ceruledge, F|100\/100\n|move|p1a: Ogerpon|Swords Dance|p1a: Ogerpon\n|-boost|p1a: Ogerpon|atk|2\n|\n|-weather|RainDance|[upkeep]\n|-damage|p1a: Ogerpon|83\/100 tox|[from] psn\n|upkeep\n|turn|8\n|\n|t:|1700448728\n|switch|p2a: Garchomp|Garchomp, M|100\/100\n|move|p1a: Ogerpon|Ivy Cudgel|p2a: Garchomp|[anim] Ivy Cudgel Water\n|-damage|p2a: Garchomp|0 fnt\n|faint|p2a: Garchomp\n|\n|-weather|RainDance|[upkeep]\n|-damage|p1a: Ogerpon|65\/100 tox|[from] psn\n|upkeep\n|\n|t:|1700448733\n|switch|p2a: Toxapex|Toxapex, M|49\/100\n|turn|9\n|\n|t:|1700448747\n|switch|p2a: Ceruledge|Ceruledge, F|100\/100\n|move|p1a: Ogerpon|Trailblaze|p2a: Ceruledge\n|-resisted|p2a: Ceruledge\n|-damage|p2a: Ceruledge|56\/100\n|-boost|p1a: Ogerpon|spe|1\n|\n|-weather|none\n|-damage|p1a: Ogerpon|41\/100 tox|[from] psn\n|upkeep\n|turn|10\n|\n|t:|1700448757\n|move|p1a: Ogerpon|Ivy Cudgel|p2a: Ceruledge|[anim] Ivy Cudgel Water\n|-supereffective|p2a: Ceruledge\n|-damage|p2a: Ceruledge|0 fnt\n|faint|p2a: Ceruledge\n|\n|-damage|p1a: Ogerpon|11\/100 tox|[from] psn\n|upkeep\n|\n|t:|1700448760\n|switch|p2a: Clodsire|Clodsire, M, tera:Water|64\/100\n|turn|11\n|\n|t:|1700448764\n|move|p1a: Ogerpon|Trailblaze|p2a: Clodsire\n|-supereffective|p2a: Clodsire\n|-damage|p2a: Clodsire|23\/100\n|-boost|p1a: Ogerpon|spe|1\n|move|p2a: Clodsire|Recover|p2a: Clodsire\n|-heal|p2a: Clodsire|73\/100\n|\n|-damage|p1a: Ogerpon|0 fnt|[from] psn\n|faint|p1a: Ogerpon\n|upkeep\n|\n|t:|1700448781\n|switch|p1a: Pelipper|Pelipper, M|66\/100 tox\n|-weather|RainDance|[from] ability: Drizzle|[of] p1a: Pelipper\n|turn|12\n|\n|t:|1700448787\n|switch|p2a: Toxapex|Toxapex, M|82\/100\n|move|p1a: Pelipper|Hurricane|p2a: Toxapex\n|-damage|p2a: Toxapex|40\/100\n|-start|p2a: Toxapex|confusion\n|\n|-weather|RainDance|[upkeep]\n|-damage|p1a: Pelipper|60\/100 tox|[from] psn\n|upkeep\n|turn|13\n|\n|t:|1700448797\n|switch|p2a: Clodsire|Clodsire, M, tera:Water|73\/100\n|move|p1a: Pelipper|Hurricane|p2a: Clodsire\n|-damage|p2a: Clodsire|36\/100\n|\n|-weather|RainDance|[upkeep]\n|-damage|p1a: Pelipper|47\/100 tox|[from] psn\n|upkeep\n|turn|14\n|\n|t:|1700448805\n|move|p1a: Pelipper|Hurricane|p2a: Clodsire\n|-damage|p2a: Clodsire|1\/100\n|-start|p2a: Clodsire|confusion\n|-activate|p2a: Clodsire|confusion\n|-damage|p2a: Clodsire|0 fnt|[from] confusion\n|faint|p2a: Clodsire\n|\n|-weather|RainDance|[upkeep]\n|-damage|p1a: Pelipper|29\/100 tox|[from] psn\n|upkeep\n|\n|t:|1700448806\n|switch|p2a: Scolipede|Scolipede, M|100\/100\n|turn|15\n|\n|t:|1700448818\n|switch|p1a: Mr. Mime|Mr. Mime-Galar, M|100\/100\n|move|p2a: Scolipede|Swords Dance|p2a: Scolipede\n|-boost|p2a: Scolipede|atk|2\n|\n|-weather|RainDance|[upkeep]\n|-ability|p2a: Scolipede|Speed Boost|boost\n|-boost|p2a: Scolipede|spe|1\n|upkeep\n|turn|16\n|\n|t:|1700448827\n|move|p2a: Scolipede|Aqua Tail|p1a: Mr. Mime\n|-damage|p1a: Mr. Mime|15\/100\n|move|p1a: Mr. Mime|Encore|p2a: Scolipede\n|-start|p2a: Scolipede|Encore\n|\n|-weather|RainDance|[upkeep]\n|-ability|p2a: Scolipede|Speed Boost|boost\n|-boost|p2a: Scolipede|spe|1\n|upkeep\n|turn|17\n|\n|t:|1700448836\n|move|p2a: Scolipede|Aqua Tail|p1a: Mr. Mime\n|-damage|p1a: Mr. Mime|0 fnt\n|faint|p1a: Mr. Mime\n|\n|-weather|RainDance|[upkeep]\n|-ability|p2a: Scolipede|Speed Boost|boost\n|-boost|p2a: Scolipede|spe|1\n|upkeep\n|\n|t:|1700448848\n|switch|p1a: Araquanid|Araquanid, F|100\/100\n|turn|18\n|\n|t:|1700448851\n|switch|p2a: Toxapex|Toxapex, M|74\/100\n|move|p1a: Araquanid|Liquidation|p2a: Toxapex\n|-resisted|p2a: Toxapex\n|-damage|p2a: Toxapex|20\/100\n|-damage|p1a: Araquanid|84\/100|[from] item: Rocky Helmet|[of] p2a: Toxapex\n|\n|-weather|RainDance|[upkeep]\n|upkeep\n|turn|19\n|\n|t:|1700448858\n|move|p1a: Araquanid|Liquidation|p2a: Toxapex\n|-resisted|p2a: Toxapex\n|-damage|p2a: Toxapex|0 fnt\n|-damage|p1a: Araquanid|67\/100|[from] item: Rocky Helmet|[of] p2a: Toxapex\n|faint|p2a: Toxapex\n|\n|-weather|none\n|upkeep\n|\n|t:|1700448860\n|switch|p2a: Scolipede|Scolipede, M|100\/100\n|turn|20\n|\n|t:|1700448876\n|move|p2a: Scolipede|Swords Dance|p2a: Scolipede\n|-boost|p2a: Scolipede|atk|2\n|move|p1a: Araquanid|Liquidation|p2a: Scolipede\n|-enditem|p2a: Scolipede|Focus Sash\n|-damage|p2a: Scolipede|1\/100\n|-unboost|p2a: Scolipede|def|1\n|\n|-ability|p2a: Scolipede|Speed Boost|boost\n|-boost|p2a: Scolipede|spe|1\n|upkeep\n|turn|21\n|\n|t:|1700448888\n|move|p2a: Scolipede|Poison Jab|p1a: Araquanid\n|-damage|p1a: Araquanid|0 fnt\n|faint|p1a: Araquanid\n|\n|-ability|p2a: Scolipede|Speed Boost|boost\n|-boost|p2a: Scolipede|spe|1\n|upkeep\n|\n|t:|1700448897\n|switch|p1a: Ampharos|Ampharos, F|100\/100\n|turn|22\n|\n|t:|1700448901\n|detailschange|p1a: Ampharos|Ampharos-Mega, F\n|-mega|p1a: Ampharos|Ampharos|Ampharosite\n|-ability|p1a: Ampharos|Mold Breaker\n|move|p2a: Scolipede|Earthquake|p1a: Ampharos\n|-supereffective|p1a: Ampharos\n|-damage|p1a: Ampharos|0 fnt\n|faint|p1a: Ampharos\n|\n|-ability|p2a: Scolipede|Speed Boost|boost\n|-boost|p2a: Scolipede|spe|1\n|upkeep\n|-message|FULAMAINGO forfeited.\n|\n|win|Glass101\n|raw|FULAMAINGO's rating: 1420 &rarr; <strong>1405<\/strong><br \/>(-15 for losing)\n|raw|Glass101's rating: 1512 &rarr; <strong>1527<\/strong><br \/>(+15 for winning)\n|l|\u2606FULAMAINGO\n","uploadtime":1700448916,"views":5,"p1id":"fulamaingo","p2id":"glass101","formatid":"gen9nationaldex","rating":1405,"private":0,"password":""}