{"id":"gen9nationaldex-1996917748","p1":"Followers of Roxy","p2":"tqar","format":"[Gen 9] National Dex","log":"|html|<div class=\"broadcast-blue\"><strong>[Gen 9] National Dex is currently suspecting Sneasler! For information on how to participate check out the <a href=\"https:\/\/www.smogon.com\/forums\/threads\/sv-national-dex-suspect-8-just-dance.3731534\/\">suspect thread<\/a>.<\/strong><\/div>\n|j|\u2606Followers of Roxy\n|j|\u203dtqar\n|t:|1700744627\n|gametype|singles\n|player|p1|Followers of Roxy|riley|\n|player|p2|tqar|serena-masters3|\n|teamsize|p1|6\n|teamsize|p2|6\n|gen|9\n|tier|[Gen 9] National Dex\n|rule|HP Percentage Mod: HP is shown in percentages\n|rule|Endless Battle Clause: Forcing endless battles is banned\n|rule|OHKO Clause: OHKO moves are banned\n|rule|Evasion Clause: Evasion abilities, items, and moves are banned\n|rule|Evasion Abilities Clause: Evasion abilities are banned\n|rule|Evasion Items Clause: Evasion items are banned\n|rule|Evasion Moves Clause: Evasion moves are banned\n|rule|Species Clause: Limit one of each Pok\u00e9mon\n|rule|Sleep Clause Mod: Limit one foe put to sleep\n|clearpoke\n|poke|p1|Ursaluna, M|\n|poke|p1|Corviknight, F|\n|poke|p1|Toxapex, F|\n|poke|p1|Urshifu-*, M|\n|poke|p1|Rotom-Wash|\n|poke|p1|Banette, F|\n|poke|p2|Alomomola, F|\n|poke|p2|Great Tusk|\n|poke|p2|Gliscor, M|\n|poke|p2|Garganacl, M|\n|poke|p2|Scizor, M|\n|poke|p2|Skeledirge, M|\n|teampreview\n|\n|t:|1700744638\n|start\n|switch|p1a: \u52c7\u8005-\u5df4\u6258\u6d1b\u53f8|Urshifu-Rapid-Strike, M|100\/100\n|switch|p2a: Scizor|Scizor, M|100\/100\n|turn|1\n|\n|t:|1700744645\n|detailschange|p2a: Scizor|Scizor-Mega, M\n|-mega|p2a: Scizor|Scizor|Scizorite\n|move|p1a: \u52c7\u8005-\u5df4\u6258\u6d1b\u53f8|U-turn|p2a: Scizor\n|-resisted|p2a: Scizor\n|-damage|p2a: Scizor|93\/100\n|\n|t:|1700744658\n|switch|p1a: \u9b54\u738b\u57ce\u306e\u5931\u843d\u9b54\u50cf|Corviknight, F, shiny|100\/100|[from] U-turn\n|move|p2a: Scizor|U-turn|p1a: \u9b54\u738b\u57ce\u306e\u5931\u843d\u9b54\u50cf\n|-resisted|p1a: \u9b54\u738b\u57ce\u306e\u5931\u843d\u9b54\u50cf\n|-damage|p1a: \u9b54\u738b\u57ce\u306e\u5931\u843d\u9b54\u50cf|94\/100\n|-damage|p2a: Scizor|76\/100|[from] item: Rocky Helmet|[of] p1a: \u9b54\u738b\u57ce\u306e\u5931\u843d\u9b54\u50cf\n|\n|t:|1700744669\n|switch|p2a: Garganacl|Garganacl, M|100\/100|[from] U-turn\n|\n|upkeep\n|turn|2\n|\n|t:|1700744673\n|move|p1a: \u9b54\u738b\u57ce\u306e\u5931\u843d\u9b54\u50cf|U-turn|p2a: Garganacl\n|-damage|p2a: Garganacl|90\/100\n|\n|t:|1700744678\n|switch|p1a: \u5403\u6211\u86ee\u718a\u9707\u6012\uff01\uff01\uff01|Ursaluna, M|100\/100|[from] U-turn\n|move|p2a: Garganacl|Salt Cure|p1a: \u5403\u6211\u86ee\u718a\u9707\u6012\uff01\uff01\uff01\n|-resisted|p1a: \u5403\u6211\u86ee\u718a\u9707\u6012\uff01\uff01\uff01\n|-damage|p1a: \u5403\u6211\u86ee\u718a\u9707\u6012\uff01\uff01\uff01|96\/100\n|-start|p1a: \u5403\u6211\u86ee\u718a\u9707\u6012\uff01\uff01\uff01|Salt Cure\n|\n|-heal|p2a: Garganacl|96\/100|[from] item: Leftovers\n|-damage|p1a: \u5403\u6211\u86ee\u718a\u9707\u6012\uff01\uff01\uff01|83\/100|[from] Salt Cure\n|-status|p1a: \u5403\u6211\u86ee\u718a\u9707\u6012\uff01\uff01\uff01|brn|[from] item: Flame Orb\n|upkeep\n|turn|3\n|\n|t:|1700744693\n|switch|p2a: Gliscor|Gliscor, M|100\/100\n|move|p1a: \u5403\u6211\u86ee\u718a\u9707\u6012\uff01\uff01\uff01|Facade|p2a: Gliscor\n|-damage|p2a: Gliscor|0 fnt\n|faint|p2a: Gliscor\n|\n|-damage|p1a: \u5403\u6211\u86ee\u718a\u9707\u6012\uff01\uff01\uff01|77\/100 brn|[from] brn\n|-damage|p1a: \u5403\u6211\u86ee\u718a\u9707\u6012\uff01\uff01\uff01|65\/100 brn|[from] Salt Cure\n|upkeep\n|\n|t:|1700744705\n|switch|p2a: Great Tusk|Great Tusk|100\/100\n|turn|4\n|\n|t:|1700744709\n|switch|p1a: \u9b54\u738b\u57ce\u306e\u5931\u843d\u9b54\u50cf|Corviknight, F, shiny|94\/100\n|move|p2a: Great Tusk|Bulk Up|p2a: Great Tusk\n|-boost|p2a: Great Tusk|atk|1\n|-boost|p2a: Great Tusk|def|1\n|\n|upkeep\n|turn|5\n|\n|t:|1700744720\n|move|p2a: Great Tusk|Earthquake|p1a: \u9b54\u738b\u57ce\u306e\u5931\u843d\u9b54\u50cf\n|-immune|p1a: \u9b54\u738b\u57ce\u306e\u5931\u843d\u9b54\u50cf\n|move|p1a: \u9b54\u738b\u57ce\u306e\u5931\u843d\u9b54\u50cf|U-turn|p2a: Great Tusk\n|-resisted|p2a: Great Tusk\n|-damage|p2a: Great Tusk|98\/100\n|\n|t:|1700744727\n|switch|p1a: Rotom|Rotom-Wash|100\/100|[from] U-turn\n|\n|-heal|p2a: Great Tusk|100\/100|[from] item: Leftovers\n|upkeep\n|turn|6\n|\n|t:|1700744731\n|-end|p2a: Great Tusk|Protosynthesis|[silent]\n|switch|p2a: Alomomola|Alomomola, F|100\/100\n|move|p1a: Rotom|Trick|p2a: Alomomola\n|-activate|p1a: Rotom|move: Trick|[of] p2a: Alomomola\n|-item|p2a: Alomomola|Choice Scarf|[from] move: Trick\n|-item|p1a: Rotom|Heavy-Duty Boots|[from] move: Trick\n|\n|upkeep\n|turn|7\n|\n|t:|1700744739\n|move|p2a: Alomomola|Flip Turn|p1a: Rotom\n|-resisted|p1a: Rotom\n|-damage|p1a: Rotom|92\/100\n|\n|t:|1700744747\n|switch|p2a: Skeledirge|Skeledirge, M|100\/100|[from] Flip Turn\n|move|p1a: Rotom|Toxic|p2a: Skeledirge\n|-status|p2a: Skeledirge|tox\n|\n|-damage|p2a: Skeledirge|94\/100 tox|[from] psn\n|upkeep\n|turn|8\n|\n|t:|1700744755\n|move|p1a: Rotom|Volt Switch|p2a: Skeledirge\n|-damage|p2a: Skeledirge|70\/100 tox\n|\n|t:|1700744760\n|switch|p1a: \u571f\u4e0d\u571f\u4e0d\u4e0d\u571f\u4e0d|Toxapex, F|100\/100|[from] Volt Switch\n|move|p2a: Skeledirge|Will-O-Wisp|p1a: \u571f\u4e0d\u571f\u4e0d\u4e0d\u571f\u4e0d\n|-status|p1a: \u571f\u4e0d\u571f\u4e0d\u4e0d\u571f\u4e0d|brn\n|\n|-damage|p2a: Skeledirge|58\/100 tox|[from] psn\n|-damage|p1a: \u571f\u4e0d\u571f\u4e0d\u4e0d\u571f\u4e0d|95\/100 brn|[from] brn\n|upkeep\n|turn|9\n|\n|t:|1700744768\n|switch|p2a: Garganacl|Garganacl, M|96\/100\n|move|p1a: \u571f\u4e0d\u571f\u4e0d\u4e0d\u571f\u4e0d|Knock Off|p2a: Garganacl\n|-damage|p2a: Garganacl|91\/100\n|-enditem|p2a: Garganacl|Leftovers|[from] move: Knock Off|[of] p1a: \u571f\u4e0d\u571f\u4e0d\u4e0d\u571f\u4e0d\n|\n|-damage|p1a: \u571f\u4e0d\u571f\u4e0d\u4e0d\u571f\u4e0d|89\/100 brn|[from] brn\n|upkeep\n|turn|10\n|\n|t:|1700744781\n|move|p2a: Garganacl|Iron Defense|p2a: Garganacl\n|-boost|p2a: Garganacl|def|2\n|move|p1a: \u571f\u4e0d\u571f\u4e0d\u4e0d\u571f\u4e0d|Toxic Spikes|p2a: Garganacl\n|-sidestart|p2: tqar|move: Toxic Spikes\n|\n|-damage|p1a: \u571f\u4e0d\u571f\u4e0d\u4e0d\u571f\u4e0d|83\/100 brn|[from] brn\n|upkeep\n|turn|11\n|\n|t:|1700744792\n|switch|p1a: Rotom|Rotom-Wash|92\/100\n|move|p2a: Garganacl|Salt Cure|p1a: Rotom\n|-damage|p1a: Rotom|77\/100\n|-start|p1a: Rotom|Salt Cure\n|\n|-damage|p1a: Rotom|52\/100|[from] Salt Cure\n|upkeep\n|turn|12\n|\n|t:|1700744801\n|move|p1a: Rotom|Toxic|p2a: Garganacl\n|-immune|p2a: Garganacl|[from] ability: Purifying Salt\n|move|p2a: Garganacl|Salt Cure|p1a: Rotom\n|-damage|p1a: Rotom|37\/100\n|\n|-damage|p1a: Rotom|12\/100|[from] Salt Cure\n|upkeep\n|turn|13\n|\n|t:|1700744820\n|move|p1a: Rotom|Volt Switch|p2a: Garganacl\n|-damage|p2a: Garganacl|67\/100\n|\n|t:|1700744827\n|switch|p1a: \u5403\u6211\u86ee\u718a\u9707\u6012\uff01\uff01\uff01|Ursaluna, M|65\/100 brn|[from] Volt Switch\n|move|p2a: Garganacl|Salt Cure|p1a: \u5403\u6211\u86ee\u718a\u9707\u6012\uff01\uff01\uff01\n|-resisted|p1a: \u5403\u6211\u86ee\u718a\u9707\u6012\uff01\uff01\uff01\n|-damage|p1a: \u5403\u6211\u86ee\u718a\u9707\u6012\uff01\uff01\uff01|60\/100 brn\n|-start|p1a: \u5403\u6211\u86ee\u718a\u9707\u6012\uff01\uff01\uff01|Salt Cure\n|\n|-damage|p1a: \u5403\u6211\u86ee\u718a\u9707\u6012\uff01\uff01\uff01|54\/100 brn|[from] brn\n|-damage|p1a: \u5403\u6211\u86ee\u718a\u9707\u6012\uff01\uff01\uff01|42\/100 brn|[from] Salt Cure\n|upkeep\n|turn|14\n|\n|t:|1700744836\n|switch|p1a: \u359e\u56d6\u8b00\u61b6\u80bb\u5692\u5692|Banette, F|100\/100\n|-terastallize|p2a: Garganacl|Ghost\n|move|p2a: Garganacl|Recover|p2a: Garganacl\n|-heal|p2a: Garganacl|100\/100\n|\n|upkeep\n|turn|15\n|\n|t:|1700744843\n|switch|p2a: Scizor|Scizor-Mega, M|76\/100\n|detailschange|p1a: \u359e\u56d6\u8b00\u61b6\u80bb\u5692\u5692|Banette-Mega, F\n|-mega|p1a: \u359e\u56d6\u8b00\u61b6\u80bb\u5692\u5692|Banette|Banettite\n|move|p1a: \u359e\u56d6\u8b00\u61b6\u80bb\u5692\u5692|Encore||[still]\n|-fail|p1a: \u359e\u56d6\u8b00\u61b6\u80bb\u5692\u5692\n|\n|upkeep\n|turn|16\n|\n|t:|1700744853\n|switch|p1a: \u571f\u4e0d\u571f\u4e0d\u4e0d\u571f\u4e0d|Toxapex, F|100\/100 brn\n|move|p2a: Scizor|Swords Dance|p2a: Scizor\n|-boost|p2a: Scizor|atk|2\n|\n|-damage|p1a: \u571f\u4e0d\u571f\u4e0d\u4e0d\u571f\u4e0d|95\/100 brn|[from] brn\n|upkeep\n|turn|17\n|\n|t:|1700744862\n|switch|p1a: Rotom|Rotom-Wash|12\/100\n|move|p2a: Scizor|Swords Dance|p2a: Scizor\n|-boost|p2a: Scizor|atk|2\n|\n|upkeep\n|turn|18\n|\n|t:|1700744868\n|move|p1a: Rotom|Volt Switch|p2a: Scizor\n|-damage|p2a: Scizor|39\/100\n|\n|t:|1700744872\n|switch|p1a: \u9b54\u738b\u57ce\u306e\u5931\u843d\u9b54\u50cf|Corviknight, F, shiny|94\/100|[from] Volt Switch\n|move|p2a: Scizor|Roost|p2a: Scizor\n|-heal|p2a: Scizor|89\/100\n|-singleturn|p2a: Scizor|move: Roost\n|\n|upkeep\n|turn|19\n|\n|t:|1700744878\n|move|p2a: Scizor|Swords Dance|p2a: Scizor\n|-boost|p2a: Scizor|atk|2\n|move|p1a: \u9b54\u738b\u57ce\u306e\u5931\u843d\u9b54\u50cf|U-turn|p2a: Scizor\n|-resisted|p2a: Scizor\n|-damage|p2a: Scizor|84\/100\n|\n|t:|1700744882\n|switch|p1a: \u359e\u56d6\u8b00\u61b6\u80bb\u5692\u5692|Banette-Mega, F|100\/100|[from] U-turn\n|\n|upkeep\n|turn|20\n|\n|t:|1700744885\n|move|p1a: \u359e\u56d6\u8b00\u61b6\u80bb\u5692\u5692|Encore|p2a: Scizor\n|-start|p2a: Scizor|Encore\n|move|p2a: Scizor|Swords Dance|p2a: Scizor\n|-boost|p2a: Scizor|atk|0\n|\n|upkeep\n|turn|21\n|\n|t:|1700744890\n|move|p1a: \u359e\u56d6\u8b00\u61b6\u80bb\u5692\u5692|Substitute|p1a: \u359e\u56d6\u8b00\u61b6\u80bb\u5692\u5692\n|-start|p1a: \u359e\u56d6\u8b00\u61b6\u80bb\u5692\u5692|Substitute\n|-damage|p1a: \u359e\u56d6\u8b00\u61b6\u80bb\u5692\u5692|76\/100\n|move|p2a: Scizor|Swords Dance|p2a: Scizor\n|-boost|p2a: Scizor|atk|0\n|\n|upkeep\n|turn|22\n|\n|t:|1700744894\n|move|p1a: \u359e\u56d6\u8b00\u61b6\u80bb\u5692\u5692|Poltergeist|p2a: Scizor\n|-activate|p2a: Scizor|move: Poltergeist|Scizorite\n|-damage|p2a: Scizor|43\/100\n|move|p2a: Scizor|Swords Dance|p2a: Scizor\n|-boost|p2a: Scizor|atk|0\n|\n|-end|p2a: Scizor|Encore\n|upkeep\n|turn|23\n|\n|t:|1700744900\n|move|p1a: \u359e\u56d6\u8b00\u61b6\u80bb\u5692\u5692|Encore|p2a: Scizor\n|-start|p2a: Scizor|Encore\n|move|p2a: Scizor|Swords Dance|p2a: Scizor\n|-boost|p2a: Scizor|atk|0\n|\n|upkeep\n|turn|24\n|\n|t:|1700744907\n|switch|p2a: Alomomola|Alomomola, F|100\/100\n|-status|p2a: Alomomola|psn\n|move|p1a: \u359e\u56d6\u8b00\u61b6\u80bb\u5692\u5692|Poltergeist|p2a: Alomomola\n|-activate|p2a: Alomomola|move: Poltergeist|Choice Scarf\n|-damage|p2a: Alomomola|48\/100 psn\n|\n|-damage|p2a: Alomomola|35\/100 psn|[from] psn\n|upkeep\n|turn|25\n|\n|t:|1700744921\n|move|p2a: Alomomola|Wish|p2a: Alomomola\n|move|p1a: \u359e\u56d6\u8b00\u61b6\u80bb\u5692\u5692|Poltergeist|p2a: Alomomola\n|-activate|p2a: Alomomola|move: Poltergeist|Choice Scarf\n|-damage|p2a: Alomomola|0 fnt\n|faint|p2a: Alomomola\n|\n|upkeep\n|\n|t:|1700744926\n|switch|p2a: Garganacl|Garganacl, M, tera:Ghost|100\/100\n|turn|26\n|\n|t:|1700744940\n|move|p1a: \u359e\u56d6\u8b00\u61b6\u80bb\u5692\u5692|Poltergeist||[still]\n|-fail|p1a: \u359e\u56d6\u8b00\u61b6\u80bb\u5692\u5692\n|move|p2a: Garganacl|Curse|p1a: \u359e\u56d6\u8b00\u61b6\u80bb\u5692\u5692\n|-start|p1a: \u359e\u56d6\u8b00\u61b6\u80bb\u5692\u5692|Curse|[of] p2a: Garganacl\n|-damage|p2a: Garganacl|51\/100\n|\n|-heal|p2a: Garganacl|100\/100|[from] move: Wish|[wisher] Alomomola\n|-damage|p1a: \u359e\u56d6\u8b00\u61b6\u80bb\u5692\u5692|51\/100|[from] Curse\n|upkeep\n|turn|27\n|\n|t:|1700744952\n|move|p1a: \u359e\u56d6\u8b00\u61b6\u80bb\u5692\u5692|Encore|p2a: Garganacl\n|-start|p2a: Garganacl|Encore\n|move|p2a: Garganacl|Curse||[still]\n|-fail|p2a: Garganacl\n|\n|-damage|p1a: \u359e\u56d6\u8b00\u61b6\u80bb\u5692\u5692|26\/100|[from] Curse\n|upkeep\n|turn|28\n|\n|t:|1700744968\n|switch|p1a: Rotom|Rotom-Wash|12\/100\n|switch|p2a: Scizor|Scizor-Mega, M|43\/100\n|\n|upkeep\n|turn|29\n|\n|t:|1700744976\n|move|p1a: Rotom|Volt Switch|p2a: Scizor\n|-damage|p2a: Scizor|12\/100\n|\n|t:|1700744983\n|switch|p1a: \u9b54\u738b\u57ce\u306e\u5931\u843d\u9b54\u50cf|Corviknight, F, shiny|94\/100|[from] Volt Switch\n|move|p2a: Scizor|Roost|p2a: Scizor\n|-heal|p2a: Scizor|62\/100\n|-singleturn|p2a: Scizor|move: Roost\n|\n|upkeep\n|turn|30\n|\n|t:|1700744991\n|move|p2a: Scizor|Roost|p2a: Scizor\n|-heal|p2a: Scizor|100\/100\n|-singleturn|p2a: Scizor|move: Roost\n|move|p1a: \u9b54\u738b\u57ce\u306e\u5931\u843d\u9b54\u50cf|U-turn|p2a: Scizor\n|-resisted|p2a: Scizor\n|-damage|p2a: Scizor|96\/100\n|\n|t:|1700744999\n|switch|p1a: \u359e\u56d6\u8b00\u61b6\u80bb\u5692\u5692|Banette-Mega, F|26\/100|[from] U-turn\n|\n|upkeep\n|turn|31\n|\n|t:|1700745009\n|switch|p2a: Garganacl|Garganacl, M, tera:Ghost|100\/100\n|move|p1a: \u359e\u56d6\u8b00\u61b6\u80bb\u5692\u5692|Encore||[still]\n|-fail|p1a: \u359e\u56d6\u8b00\u61b6\u80bb\u5692\u5692\n|\n|upkeep\n|turn|32\n|\n|t:|1700745031\n|switch|p1a: \u9b54\u738b\u57ce\u306e\u5931\u843d\u9b54\u50cf|Corviknight, F, shiny|94\/100\n|move|p2a: Garganacl|Salt Cure|p1a: \u9b54\u738b\u57ce\u306e\u5931\u843d\u9b54\u50cf\n|-damage|p1a: \u9b54\u738b\u57ce\u306e\u5931\u843d\u9b54\u50cf|84\/100\n|-start|p1a: \u9b54\u738b\u57ce\u306e\u5931\u843d\u9b54\u50cf|Salt Cure\n|\n|-damage|p1a: \u9b54\u738b\u57ce\u306e\u5931\u843d\u9b54\u50cf|60\/100|[from] Salt Cure\n|upkeep\n|turn|33\n|\n|t:|1700745036\n|move|p1a: \u9b54\u738b\u57ce\u306e\u5931\u843d\u9b54\u50cf|U-turn|p2a: Garganacl\n|-resisted|p2a: Garganacl\n|-damage|p2a: Garganacl|95\/100\n|\n|t:|1700745042\n|switch|p1a: \u52c7\u8005-\u5df4\u6258\u6d1b\u53f8|Urshifu-Rapid-Strike, M|100\/100|[from] U-turn\n|move|p2a: Garganacl|Iron Defense|p2a: Garganacl\n|-boost|p2a: Garganacl|def|2\n|\n|upkeep\n|turn|34\n|\n|t:|1700745050\n|-terastallize|p1a: \u52c7\u8005-\u5df4\u6258\u6d1b\u53f8|Water\n|move|p1a: \u52c7\u8005-\u5df4\u6258\u6d1b\u53f8|Surging Strikes|p2a: Garganacl\n|-crit|p2a: Garganacl\n|-damage|p2a: Garganacl|75\/100\n|-crit|p2a: Garganacl\n|-damage|p2a: Garganacl|57\/100\n|-crit|p2a: Garganacl\n|-damage|p2a: Garganacl|36\/100\n|-hitcount|p2a: Garganacl|3\n|move|p2a: Garganacl|Iron Defense|p2a: Garganacl\n|-boost|p2a: Garganacl|def|2\n|\n|upkeep\n|turn|35\n|\n|t:|1700745059\n|move|p1a: \u52c7\u8005-\u5df4\u6258\u6d1b\u53f8|Surging Strikes|p2a: Garganacl\n|-crit|p2a: Garganacl\n|-damage|p2a: Garganacl|16\/100\n|-crit|p2a: Garganacl\n|-damage|p2a: Garganacl|0 fnt\n|faint|p2a: Garganacl\n|-hitcount|p2: Garganacl|2\n|\n|upkeep\n|\n|t:|1700745071\n|switch|p2a: Great Tusk|Great Tusk|100\/100\n|-status|p2a: Great Tusk|psn\n|turn|36\n|-message|tqar forfeited.\n|\n|win|Followers of Roxy\n|l|\u203dtqar\n","uploadtime":1700745104,"views":6,"p1id":"followersofroxy","p2id":"tqar","formatid":"gen9nationaldex","rating":0,"private":0,"password":""}