{"id":"gen9nationaldex-1994701823","p1":"as cheu","p2":"wqdong","format":"[Gen 9] National Dex","log":"|html|<div class=\"broadcast-blue\"><strong>[Gen 9] National Dex is currently suspecting Sneasler! For information on how to participate check out the <a href=\"https:\/\/www.smogon.com\/forums\/threads\/sv-national-dex-suspect-8-just-dance.3731534\/\">suspect thread<\/a>.<\/strong><\/div>\n|j|\u2606as cheu\n|j|\u2606wqdong\n|t:|1700483138\n|gametype|singles\n|player|p1|as cheu|officeworker|1781\n|player|p2|wqdong|rosa|1751\n|teamsize|p1|6\n|teamsize|p2|6\n|gen|9\n|tier|[Gen 9] National Dex\n|rated|\n|rule|HP Percentage Mod: HP is shown in percentages\n|rule|Endless Battle Clause: Forcing endless battles is banned\n|rule|OHKO Clause: OHKO moves are banned\n|rule|Evasion Clause: Evasion abilities, items, and moves are banned\n|rule|Evasion Abilities Clause: Evasion abilities are banned\n|rule|Evasion Items Clause: Evasion items are banned\n|rule|Evasion Moves Clause: Evasion moves are banned\n|rule|Species Clause: Limit one of each Pok\u00e9mon\n|rule|Sleep Clause Mod: Limit one foe put to sleep\n|clearpoke\n|poke|p1|Cloyster, M|\n|poke|p1|Umbreon, F|\n|poke|p1|Gardevoir, F|\n|poke|p1|Forretress, M|\n|poke|p1|Thundurus-Therian, M|\n|poke|p1|Sneasler, M|\n|poke|p2|Alomomola, F|\n|poke|p2|Ogerpon-Wellspring, F|\n|poke|p2|Tapu Lele|\n|poke|p2|Bisharp, M|\n|poke|p2|Landorus-Therian, M|\n|poke|p2|Sneasler, M|\n|teampreview\n|inactive|Battle timer is ON: inactive players will automatically lose when time's up. (requested by as cheu)\n|inactive|wqdong has 120 seconds left.\n|\n|t:|1700483235\n|start\n|switch|p1a: Sneasler|Sneasler, M|100\/100\n|switch|p2a: Alomomola|Alomomola, F|100\/100\n|turn|1\n|\n|t:|1700483241\n|move|p1a: Sneasler|Switcheroo|p2a: Alomomola\n|-activate|p1a: Sneasler|move: Trick|[of] p2a: Alomomola\n|-item|p2a: Alomomola|Choice Scarf|[from] move: Switcheroo\n|-item|p1a: Sneasler|Rocky Helmet|[from] move: Switcheroo\n|move|p2a: Alomomola|Flip Turn|p1a: Sneasler\n|-crit|p1a: Sneasler\n|-damage|p1a: Sneasler|57\/100\n|-damage|p2a: Alomomola|84\/100|[from] item: Rocky Helmet|[of] p1a: Sneasler\n|\n|t:|1700483247\n|switch|p2a: Landorus|Landorus-Therian, M|100\/100|[from] Flip Turn\n|-ability|p2a: Landorus|Intimidate|boost\n|-unboost|p1a: Sneasler|atk|1\n|\n|upkeep\n|turn|2\n|\n|t:|1700483253\n|switch|p1a: Forretress|Forretress, M|100\/100\n|move|p2a: Landorus|U-turn|p1a: Forretress\n|-resisted|p1a: Forretress\n|-damage|p1a: Forretress|93\/100\n|-damage|p2a: Landorus|84\/100|[from] item: Rocky Helmet|[of] p1a: Forretress\n|\n|t:|1700483265\n|switch|p2a: Tapu Lele|Tapu Lele|100\/100|[from] U-turn\n|-fieldstart|move: Psychic Terrain|[from] ability: Psychic Surge|[of] p2a: Tapu Lele\n|\n|upkeep\n|turn|3\n|\n|t:|1700483272\n|switch|p1a: \u56e1\u56e1|Umbreon, F|100\/100\n|move|p2a: Tapu Lele|Focus Blast|p1a: \u56e1\u56e1\n|-supereffective|p1a: \u56e1\u56e1\n|-crit|p1a: \u56e1\u56e1\n|-damage|p1a: \u56e1\u56e1|0 fnt\n|faint|p1a: \u56e1\u56e1\n|\n|upkeep\n|\n|t:|1700483280\n|switch|p1a: \u88d9\u4e0b\u4e4b\u81e3|Gardevoir, F, shiny|100\/100\n|-ability|p1a: \u88d9\u4e0b\u4e4b\u81e3|Psychic Surge|[from] ability: Trace|[of] p2a: Tapu Lele\n|turn|4\n|\n|t:|1700483287\n|switch|p2a: Alomomola|Alomomola, F|100\/100\n|detailschange|p1a: \u88d9\u4e0b\u4e4b\u81e3|Gardevoir-Mega, F, shiny\n|-mega|p1a: \u88d9\u4e0b\u4e4b\u81e3|Gardevoir|Gardevoirite\n|move|p1a: \u88d9\u4e0b\u4e4b\u81e3|Focus Blast|p2a: Alomomola|[miss]\n|-miss|p1a: \u88d9\u4e0b\u4e4b\u81e3|p2a: Alomomola\n|\n|upkeep\n|turn|5\n|\n|t:|1700483295\n|move|p1a: \u88d9\u4e0b\u4e4b\u81e3|Hyper Voice|p2a: Alomomola\n|-crit|p2a: Alomomola\n|-damage|p2a: Alomomola|18\/100\n|move|p2a: Alomomola|Flip Turn|p1a: \u88d9\u4e0b\u4e4b\u81e3\n|-damage|p1a: \u88d9\u4e0b\u4e4b\u81e3|83\/100\n|\n|t:|1700483301\n|switch|p2a: Landorus|Landorus-Therian, M|84\/100|[from] Flip Turn\n|-ability|p2a: Landorus|Intimidate|boost\n|-unboost|p1a: \u88d9\u4e0b\u4e4b\u81e3|atk|1\n|\n|upkeep\n|turn|6\n|\n|t:|1700483308\n|switch|p1a: Forretress|Forretress, M|93\/100\n|move|p2a: Landorus|U-turn|p1a: Forretress\n|-resisted|p1a: Forretress\n|-damage|p1a: Forretress|86\/100\n|-damage|p2a: Landorus|67\/100|[from] item: Rocky Helmet|[of] p1a: Forretress\n|\n|t:|1700483317\n|switch|p2a: Sneasler|Sneasler, M|100\/100|[from] U-turn\n|-enditem|p2a: Sneasler|Psychic Seed\n|-boost|p2a: Sneasler|spd|1|[from] item: Psychic Seed\n|\n|-fieldend|move: Psychic Terrain\n|upkeep\n|turn|7\n|\n|t:|1700483322\n|move|p2a: Sneasler|Swords Dance|p2a: Sneasler\n|-boost|p2a: Sneasler|atk|2\n|move|p1a: Forretress|Earthquake|p2a: Sneasler\n|-supereffective|p2a: Sneasler\n|-damage|p2a: Sneasler|28\/100\n|\n|upkeep\n|turn|8\n|\n|t:|1700483329\n|move|p2a: Sneasler|Close Combat|p1a: Forretress\n|-damage|p1a: Forretress|6\/100\n|-unboost|p2a: Sneasler|def|1\n|-unboost|p2a: Sneasler|spd|1\n|-damage|p2a: Sneasler|11\/100|[from] item: Rocky Helmet|[of] p1a: Forretress\n|move|p1a: Forretress|Stealth Rock|p2a: Sneasler\n|-sidestart|p2: wqdong|move: Stealth Rock\n|\n|upkeep\n|turn|9\n|\n|t:|1700483343\n|move|p2a: Sneasler|Acrobatics|p1a: Forretress\n|-damage|p1a: Forretress|0 fnt\n|-damage|p2a: Sneasler|0 fnt|[from] item: Rocky Helmet|[of] p1a: Forretress\n|faint|p1a: Forretress\n|faint|p2a: Sneasler\n|\n|upkeep\n|\n|t:|1700483357\n|switch|p2a: Landorus|Landorus-Therian, M|67\/100\n|switch|p1a: \u9b3c\u65af|Cloyster, M|100\/100\n|-damage|p2a: Landorus|55\/100|[from] Stealth Rock\n|-ability|p2a: Landorus|Intimidate|boost\n|-unboost|p1a: \u9b3c\u65af|atk|1\n|turn|10\n|\n|t:|1700483370\n|move|p1a: \u9b3c\u65af|Ice Shard|p2a: Landorus\n|-supereffective|p2a: Landorus\n|-damage|p2a: Landorus|2\/100\n|move|p2a: Landorus|U-turn|p1a: \u9b3c\u65af\n|-damage|p1a: \u9b3c\u65af|77\/100\n|\n|t:|1700483376\n|switch|p2a: Alomomola|Alomomola, F|51\/100|[from] U-turn\n|-damage|p2a: Alomomola|39\/100|[from] Stealth Rock\n|\n|upkeep\n|turn|11\n|\n|t:|1700483404\n|move|p1a: \u9b3c\u65af|Shell Smash|p1a: \u9b3c\u65af\n|-unboost|p1a: \u9b3c\u65af|def|1\n|-unboost|p1a: \u9b3c\u65af|spd|1\n|-boost|p1a: \u9b3c\u65af|atk|2\n|-boost|p1a: \u9b3c\u65af|spa|2\n|-boost|p1a: \u9b3c\u65af|spe|2\n|move|p2a: Alomomola|Wish|p2a: Alomomola\n|\n|upkeep\n|turn|12\n|\n|t:|1700483428\n|move|p1a: \u9b3c\u65af|Shell Smash|p1a: \u9b3c\u65af\n|-unboost|p1a: \u9b3c\u65af|def|1\n|-unboost|p1a: \u9b3c\u65af|spd|1\n|-boost|p1a: \u9b3c\u65af|atk|2\n|-boost|p1a: \u9b3c\u65af|spa|2\n|-boost|p1a: \u9b3c\u65af|spe|2\n|move|p2a: Alomomola|Wish||[still]\n|-fail|p2a: Alomomola\n|\n|-heal|p2a: Alomomola|89\/100|[from] move: Wish|[wisher] Alomomola\n|upkeep\n|turn|13\n|\n|t:|1700483439\n|switch|p2a: Landorus|Landorus-Therian, M|2\/100\n|-damage|p2a: Landorus|0 fnt|[from] Stealth Rock\n|faint|p2a: Landorus\n|move|p1a: \u9b3c\u65af|Icicle Spear|p2: Landorus|[notarget]\n|-fail|p1a: \u9b3c\u65af\n|\n|upkeep\n|\n|t:|1700483446\n|switch|p2a: Bisharp|Bisharp, M|100\/100\n|-damage|p2a: Bisharp|94\/100|[from] Stealth Rock\n|turn|14\n|\n|t:|1700483450\n|move|p1a: \u9b3c\u65af|Ice Shard|p2a: Bisharp\n|-resisted|p2a: Bisharp\n|-damage|p2a: Bisharp|78\/100\n|move|p2a: Bisharp|Sucker Punch||[still]\n|-fail|p2a: Bisharp\n|\n|upkeep\n|turn|15\n|\n|t:|1700483457\n|move|p1a: \u9b3c\u65af|Waterfall|p2a: Bisharp\n|-damage|p2a: Bisharp|3\/100\n|move|p2a: Bisharp|Knock Off|p1a: \u9b3c\u65af\n|-damage|p1a: \u9b3c\u65af|0 fnt\n|-enditem|p1a: \u9b3c\u65af|Focus Sash|[from] move: Knock Off|[of] p2a: Bisharp\n|faint|p1a: \u9b3c\u65af\n|\n|upkeep\n|inactive|as cheu has 120 seconds left.\n|\n|t:|1700483508\n|switch|p1a: Sneasler|Sneasler, M|57\/100\n|turn|16\n|\n|t:|1700483522\n|move|p1a: Sneasler|U-turn|p2a: Bisharp\n|-damage|p2a: Bisharp|0 fnt\n|faint|p2a: Bisharp\n|\n|t:|1700483528\n|switch|p1a: Thundurus|Thundurus-Therian, M|100\/100|[from] U-turn\n|\n|upkeep\n|\n|t:|1700483533\n|switch|p2a: Tapu Lele|Tapu Lele|100\/100\n|-damage|p2a: Tapu Lele|88\/100|[from] Stealth Rock\n|-fieldstart|move: Psychic Terrain|[from] ability: Psychic Surge|[of] p2a: Tapu Lele\n|turn|17\n|\n|t:|1700483540\n|move|p1a: Thundurus|Thunderbolt|p2a: Tapu Lele\n|-damage|p2a: Tapu Lele|30\/100\n|move|p2a: Tapu Lele|Psychic|p1a: Thundurus\n|-damage|p1a: Thundurus|0 fnt\n|faint|p1a: Thundurus\n|\n|upkeep\n|\n|t:|1700483544\n|switch|p1a: Sneasler|Sneasler, M|57\/100\n|turn|18\n|\n|t:|1700483550\n|switch|p2a: Alomomola|Alomomola, F|100\/100\n|-damage|p2a: Alomomola|88\/100|[from] Stealth Rock\n|move|p1a: Sneasler|Dire Claw|p2a: Alomomola\n|-damage|p2a: Alomomola|64\/100\n|-status|p2a: Alomomola|psn|[from] ability: Poison Touch|[of] p1a: Sneasler\n|\n|-damage|p2a: Alomomola|51\/100 psn|[from] psn\n|upkeep\n|turn|19\n|\n|t:|1700483561\n|-terastallize|p1a: Sneasler|Fighting\n|move|p1a: Sneasler|Close Combat|p2a: Alomomola\n|-damage|p2a: Alomomola|4\/100 psn\n|-unboost|p1a: Sneasler|def|1\n|-unboost|p1a: Sneasler|spd|1\n|move|p2a: Alomomola|Flip Turn|p1a: Sneasler\n|-damage|p1a: Sneasler|14\/100\n|-damage|p2a: Alomomola|0 fnt|[from] item: Rocky Helmet|[of] p1a: Sneasler\n|faint|p2a: Alomomola\n|\n|upkeep\n|\n|t:|1700483575\n|switch|p2a: Ogerpon|Ogerpon-Wellspring, F|100\/100\n|-damage|p2a: Ogerpon|88\/100|[from] Stealth Rock\n|turn|20\n|\n|t:|1700483581\n|-terastallize|p2a: Ogerpon|Water\n|detailschange|p2a: Ogerpon|Ogerpon-Wellspring-Tera, F, tera:Water\n|-ability|p2a: Ogerpon|Embody Aspect (Wellspring)|boost\n|-boost|p2a: Ogerpon|spd|1\n|move|p1a: Sneasler|Close Combat|p2a: Ogerpon\n|-damage|p2a: Ogerpon|0 fnt\n|-unboost|p1a: Sneasler|def|1\n|-unboost|p1a: Sneasler|spd|1\n|faint|p2a: Ogerpon\n|\n|upkeep\n|-message|wqdong forfeited.\n|\n|win|as cheu\n|raw|as cheu's rating: 1781 &rarr; <strong>1799<\/strong><br \/>(+18 for winning)\n|raw|wqdong's rating: 1751 &rarr; <strong>1733<\/strong><br \/>(-18 for losing)\n|l|\u2606wqdong\n","uploadtime":1700483593,"views":9,"p1id":"ascheu","p2id":"wqdong","formatid":"gen9nationaldex","rating":1733,"private":0,"password":""}