{"id":"gen9nationaldex-1991487676","p1":"Knight-Umbreon","p2":"oscarlord","format":"[Gen 9] National Dex","log":"|j|\u2606Knight-Umbreon\n|j|\u2606oscarlord\n|t:|1700081467\n|gametype|singles\n|player|p1|Knight-Umbreon|266|\n|player|p2|oscarlord|169|\n|teamsize|p1|6\n|teamsize|p2|6\n|gen|9\n|tier|[Gen 9] National Dex\n|rule|HP Percentage Mod: HP is shown in percentages\n|rule|Endless Battle Clause: Forcing endless battles is banned\n|rule|OHKO Clause: OHKO moves are banned\n|rule|Evasion Clause: Evasion abilities, items, and moves are banned\n|rule|Evasion Abilities Clause: Evasion abilities are banned\n|rule|Evasion Items Clause: Evasion items are banned\n|rule|Evasion Moves Clause: Evasion moves are banned\n|rule|Species Clause: Limit one of each Pok\u00e9mon\n|rule|Sleep Clause Mod: Limit one foe put to sleep\n|clearpoke\n|poke|p1|Vivillon-Pokeball, F|\n|poke|p1|Gengar, M|\n|poke|p1|Crobat, F|\n|poke|p1|Mamoswine, F|\n|poke|p1|Metagross|\n|poke|p1|Tatsugiri, F|\n|poke|p2|Rotom-Frost|\n|poke|p2|Vivillon-Fancy, F|\n|poke|p2|Crobat, M|\n|poke|p2|Metagross|\n|poke|p2|Gengar, M|\n|poke|p2|Cyclizar, F|\n|teampreview\n|c|\u2606Knight-Umbreon|Todo se define aqu\u00ed\n|c|\u2606Knight-Umbreon|todo se define ahora\n|c|\u2606oscarlord|exacto\n|c|\u2606oscarlord|es el mejor de 3?\n|c|\u2606Knight-Umbreon|As\u00ed es\n|c|\u2606Knight-Umbreon|el que gane esta avanza\n|c|\u2606oscarlord|ufff\n|c|\u2606oscarlord|tension\n|\n|t:|1700081538\n|start\n|switch|p1a: Mamoswine|Mamoswine, F|100\/100\n|switch|p2a: Cyclizar|Cyclizar, F|100\/100\n|turn|1\n|\n|t:|1700081562\n|-terastallize|p2a: Cyclizar|Normal\n|move|p1a: Mamoswine|Ice Shard|p2a: Cyclizar\n|-damage|p2a: Cyclizar|64\/100\n|move|p2a: Cyclizar|Shift Gear|p2a: Cyclizar\n|-boost|p2a: Cyclizar|spe|2\n|-boost|p2a: Cyclizar|atk|1\n|\n|upkeep\n|turn|2\n|\n|t:|1700081590\n|switch|p1a: Vivillon|Vivillon-Pokeball, F|100\/100\n|move|p2a: Cyclizar|Knock Off|p1a: Vivillon\n|-damage|p1a: Vivillon|2\/100\n|-enditem|p1a: Vivillon|Heavy-Duty Boots|[from] move: Knock Off|[of] p2a: Cyclizar\n|-damage|p2a: Cyclizar|54\/100|[from] item: Life Orb\n|\n|upkeep\n|turn|3\n|\n|t:|1700081601\n|move|p2a: Cyclizar|Knock Off|p1a: Vivillon\n|-damage|p1a: Vivillon|0 fnt\n|faint|p1a: Vivillon\n|-damage|p2a: Cyclizar|44\/100|[from] item: Life Orb\n|\n|upkeep\n|\n|t:|1700081611\n|switch|p1a: Crobat|Crobat, F|100\/100\n|turn|4\n|\n|t:|1700081621\n|move|p2a: Cyclizar|Body Slam|p1a: Crobat\n|-damage|p1a: Crobat|0 fnt\n|faint|p1a: Crobat\n|-damage|p2a: Cyclizar|34\/100|[from] item: Life Orb\n|\n|upkeep\n|\n|t:|1700081626\n|switch|p1a: Mamoswine|Mamoswine, F|100\/100\n|turn|5\n|\n|t:|1700081633\n|move|p1a: Mamoswine|Ice Shard|p2a: Cyclizar\n|-damage|p2a: Cyclizar|1\/100\n|move|p2a: Cyclizar|Knock Off|p1a: Mamoswine\n|-damage|p1a: Mamoswine|37\/100\n|-enditem|p1a: Mamoswine|Focus Sash|[from] move: Knock Off|[of] p2a: Cyclizar\n|-damage|p2a: Cyclizar|0 fnt|[from] item: Life Orb\n|faint|p2a: Cyclizar\n|\n|upkeep\n|\n|t:|1700081642\n|switch|p2a: Metagross|Metagross|100\/100\n|turn|6\n|\n|t:|1700081647\n|move|p1a: Mamoswine|Earthquake|p2a: Metagross\n|-supereffective|p2a: Metagross\n|-damage|p2a: Metagross|16\/100\n|move|p2a: Metagross|Meteor Mash|p1a: Mamoswine\n|-supereffective|p1a: Mamoswine\n|-damage|p1a: Mamoswine|0 fnt\n|faint|p1a: Mamoswine\n|\n|upkeep\n|\n|t:|1700081654\n|switch|p1a: Tatsugiri|Tatsugiri, F|100\/100\n|turn|7\n|\n|t:|1700081660\n|move|p1a: Tatsugiri|Nasty Plot|p1a: Tatsugiri\n|-boost|p1a: Tatsugiri|spa|2\n|move|p2a: Metagross|Meteor Mash|p1a: Tatsugiri\n|-resisted|p1a: Tatsugiri\n|-damage|p1a: Tatsugiri|53\/100\n|-boost|p2a: Metagross|atk|1\n|\n|-heal|p1a: Tatsugiri|59\/100|[from] item: Leftovers\n|upkeep\n|turn|8\n|\n|t:|1700081670\n|move|p1a: Tatsugiri|Hydro Pump|p2a: Metagross\n|-damage|p2a: Metagross|0 fnt\n|faint|p2a: Metagross\n|\n|-heal|p1a: Tatsugiri|65\/100|[from] item: Leftovers\n|upkeep\n|\n|t:|1700081680\n|switch|p2a: Vivillon|Vivillon-Fancy, F|100\/100\n|turn|9\n|\n|t:|1700081685\n|move|p1a: Tatsugiri|Draco Meteor|p2a: Vivillon\n|-enditem|p2a: Vivillon|Focus Sash\n|-damage|p2a: Vivillon|1\/100\n|-unboost|p1a: Tatsugiri|spa|2\n|move|p2a: Vivillon|Sleep Powder|p1a: Tatsugiri\n|-status|p1a: Tatsugiri|slp|[from] move: Sleep Powder\n|\n|-heal|p1a: Tatsugiri|71\/100 slp|[from] item: Leftovers\n|upkeep\n|turn|10\n|\n|t:|1700081699\n|switch|p1a: Metagross|Metagross, shiny|100\/100\n|move|p2a: Vivillon|Hurricane|p1a: Metagross\n|-resisted|p1a: Metagross\n|-damage|p1a: Metagross|73\/100\n|\n|-heal|p1a: Metagross|80\/100|[from] item: Leftovers\n|upkeep\n|turn|11\n|\n|t:|1700081712\n|move|p2a: Vivillon|Bug Buzz|p1a: Metagross\n|-damage|p1a: Metagross|34\/100\n|move|p1a: Metagross|Iron Head|p2a: Vivillon\n|-damage|p2a: Vivillon|0 fnt\n|faint|p2a: Vivillon\n|\n|-heal|p1a: Metagross|40\/100|[from] item: Leftovers\n|upkeep\n|\n|t:|1700081724\n|switch|p2a: Gengar|Gengar, M, shiny|100\/100\n|turn|12\n|\n|t:|1700081731\n|move|p2a: Gengar|Shadow Ball|p1a: Metagross\n|-supereffective|p1a: Metagross\n|-damage|p1a: Metagross|0 fnt\n|faint|p1a: Metagross\n|\n|upkeep\n|\n|t:|1700081734\n|switch|p1a: Gengar|Gengar, M|100\/100\n|turn|13\n|\n|t:|1700081748\n|switch|p2a: Crobat|Crobat, M|100\/100\n|-terastallize|p1a: Gengar|Normal\n|move|p1a: Gengar|Shadow Ball|p2a: Crobat\n|-damage|p2a: Crobat|45\/100\n|-unboost|p2a: Crobat|spd|1\n|-damage|p1a: Gengar|91\/100|[from] item: Life Orb\n|\n|-heal|p2a: Crobat|51\/100|[from] item: Black Sludge\n|upkeep\n|turn|14\n|\n|t:|1700081762\n|move|p2a: Crobat|Roost|p2a: Crobat\n|-heal|p2a: Crobat|100\/100\n|-singleturn|p2a: Crobat|move: Roost\n|move|p1a: Gengar|Shadow Ball|p2a: Crobat\n|-damage|p2a: Crobat|15\/100\n|-damage|p1a: Gengar|81\/100|[from] item: Life Orb\n|\n|-heal|p2a: Crobat|21\/100|[from] item: Black Sludge\n|upkeep\n|turn|15\n|\n|t:|1700081771\n|switch|p2a: Rotom|Rotom-Frost|100\/100\n|move|p1a: Gengar|Shadow Ball|p2a: Rotom\n|-damage|p2a: Rotom|24\/100\n|-damage|p1a: Gengar|71\/100|[from] item: Life Orb\n|\n|upkeep\n|turn|16\n|\n|t:|1700081786\n|move|p2a: Rotom|Volt Switch|p1a: Gengar\n|-damage|p1a: Gengar|19\/100\n|\n|t:|1700081789\n|switch|p2a: Crobat|Crobat, M|21\/100|[from] Volt Switch\n|move|p1a: Gengar|Shadow Ball|p2a: Crobat\n|-damage|p2a: Crobat|0 fnt\n|faint|p2a: Crobat\n|-damage|p1a: Gengar|9\/100|[from] item: Life Orb\n|\n|upkeep\n|\n|t:|1700081804\n|switch|p2a: Rotom|Rotom-Frost|24\/100\n|turn|17\n|\n|t:|1700081807\n|move|p2a: Rotom|Thunderbolt|p1a: Gengar\n|-damage|p1a: Gengar|0 fnt\n|faint|p1a: Gengar\n|\n|upkeep\n|\n|t:|1700081809\n|switch|p1a: Tatsugiri|Tatsugiri, F|71\/100 slp\n|turn|18\n|\n|t:|1700081813\n|move|p2a: Rotom|Thunderbolt|p1a: Tatsugiri\n|-damage|p1a: Tatsugiri|15\/100 slp\n|cant|p1a: Tatsugiri|slp\n|\n|-heal|p1a: Tatsugiri|21\/100 slp|[from] item: Leftovers\n|upkeep\n|turn|19\n|\n|t:|1700081819\n|move|p2a: Rotom|Thunderbolt|p1a: Tatsugiri\n|-damage|p1a: Tatsugiri|0 fnt\n|faint|p1a: Tatsugiri\n|\n|win|oscarlord\n","uploadtime":1700081824,"views":7,"p1id":"knightumbreon","p2id":"oscarlord","formatid":"gen9nationaldex","rating":0,"private":0,"password":""}