{"id":"gen9nationaldex-1997641236","p1":"shfeha","p2":"D.wolf94","format":"[Gen 9] National Dex","log":"|html|<div class=\"broadcast-blue\"><strong>[Gen 9] National Dex is currently suspecting Sneasler! For information on how to participate check out the <a href=\"https:\/\/www.smogon.com\/forums\/threads\/sv-national-dex-suspect-8-just-dance.3731534\/\">suspect thread<\/a>.<\/strong><\/div>\n|j|\u2606shfeha\n|j|\u2606D.wolf94\n|t:|1700836474\n|gametype|singles\n|player|p1|shfeha|li|1196\n|player|p2|D.wolf94|2|1190\n|teamsize|p1|6\n|teamsize|p2|6\n|gen|9\n|tier|[Gen 9] National Dex\n|rated|\n|rule|HP Percentage Mod: HP is shown in percentages\n|rule|Endless Battle Clause: Forcing endless battles is banned\n|rule|OHKO Clause: OHKO moves are banned\n|rule|Evasion Clause: Evasion abilities, items, and moves are banned\n|rule|Evasion Abilities Clause: Evasion abilities are banned\n|rule|Evasion Items Clause: Evasion items are banned\n|rule|Evasion Moves Clause: Evasion moves are banned\n|rule|Species Clause: Limit one of each Pok\u00e9mon\n|rule|Sleep Clause Mod: Limit one foe put to sleep\n|clearpoke\n|poke|p1|Durant, F|\n|poke|p1|Absol, M|\n|poke|p1|Tapu Koko|\n|poke|p1|Hydreigon, M|\n|poke|p1|Relicanth, M|\n|poke|p1|Victini|\n|poke|p2|Toxapex, M|\n|poke|p2|Ferrothorn, M|\n|poke|p2|Glimmora, M|\n|poke|p2|Espeon, M|\n|poke|p2|Ditto|\n|poke|p2|Cinderace, F|\n|teampreview\n|inactive|Battle timer is ON: inactive players will automatically lose when time's up. (requested by shfeha)\n|\n|t:|1700836487\n|start\n|switch|p1a: Absol|Absol, M|100\/100\n|switch|p2a: Espeon|Espeon, M|100\/100\n|turn|1\n|\n|t:|1700836497\n|detailschange|p1a: Absol|Absol-Mega, M\n|-mega|p1a: Absol|Absol|Absolite\n|move|p1a: Absol|Pursuit|p2a: Espeon\n|-supereffective|p2a: Espeon\n|-damage|p2a: Espeon|20\/100\n|move|p2a: Espeon|Trick||[still]\n|-fail|p2a: Espeon\n|\n|upkeep\n|turn|2\n|\n|t:|1700836520\n|move|p1a: Absol|Pursuit|p2a: Espeon\n|-supereffective|p2a: Espeon\n|-damage|p2a: Espeon|0 fnt\n|faint|p2a: Espeon\n|\n|upkeep\n|c|\u2606D.wolf94|Dang I lost\n|\n|t:|1700836534\n|switch|p2a: Ferrothorn|Ferrothorn, M|100\/100\n|turn|3\n|inactive|shfeha has 120 seconds left.\n|l|\u2606shfeha\n|inactive|shfeha disconnected and has a minute to reconnect!\n|player|p1|\n|j|\u2606shfeha\n|inactive|shfeha reconnected and has 110 seconds left.\n|player|p1|shfeha|li\n|\n|t:|1700836584\n|move|p1a: Absol|Knock Off|p2a: Ferrothorn\n|-damage|p2a: Ferrothorn|54\/100\n|-damage|p1a: Absol|88\/100|[from] ability: Iron Barbs|[of] p2a: Ferrothorn\n|-enditem|p2a: Ferrothorn|Leftovers|[from] move: Knock Off|[of] p1a: Absol\n|move|p2a: Ferrothorn|Leech Seed|p1a: Absol\n|move|p1a: Absol|Leech Seed|p2a: Ferrothorn|[from]ability: Magic Bounce\n|-immune|p2a: Ferrothorn\n|\n|upkeep\n|turn|4\n|\n|t:|1700836600\n|move|p1a: Absol|Pursuit|p2a: Ferrothorn\n|-damage|p2a: Ferrothorn|37\/100\n|-damage|p1a: Absol|76\/100|[from] ability: Iron Barbs|[of] p2a: Ferrothorn\n|move|p2a: Ferrothorn|Gyro Ball|p1a: Absol\n|-damage|p1a: Absol|0 fnt\n|faint|p1a: Absol\n|\n|upkeep\n|\n|t:|1700836606\n|switch|p1a: Victini|Victini|100\/100\n|turn|5\n|\n|t:|1700836613\n|switch|p2a: Toxapex|Toxapex, M|100\/100\n|-zpower|p1a: Victini\n|move|p1a: Victini|Z-Celebrate|p1a: Victini|[anim]Celebrate\n|-boost|p1a: Victini|atk|1|[zeffect]\n|-boost|p1a: Victini|def|1|[zeffect]\n|-boost|p1a: Victini|spa|1|[zeffect]\n|-boost|p1a: Victini|spd|1|[zeffect]\n|-boost|p1a: Victini|spe|1|[zeffect]\n|-activate|p1a: Victini|move: Celebrate\n|\n|upkeep\n|turn|6\n|inactive|shfeha has 120 seconds left.\n|\n|t:|1700836624\n|move|p1a: Victini|Psychic|p2a: Toxapex\n|-supereffective|p2a: Toxapex\n|-damage|p2a: Toxapex|3\/100\n|move|p2a: Toxapex|Haze|p2a: Toxapex\n|-clearallboost\n|\n|upkeep\n|turn|7\n|inactive|shfeha has 120 seconds left.\n|\n|t:|1700836634\n|-terastallize|p2a: Toxapex|Poison\n|move|p1a: Victini|Psychic|p2a: Toxapex\n|-supereffective|p2a: Toxapex\n|-damage|p2a: Toxapex|0 fnt\n|faint|p2a: Toxapex\n|\n|upkeep\n|\n|t:|1700836641\n|switch|p2a: Glimmora|Glimmora, M|100\/100\n|turn|8\n|\n|t:|1700836646\n|move|p1a: Victini|Psychic|p2a: Glimmora\n|-supereffective|p2a: Glimmora\n|-enditem|p2a: Glimmora|Focus Sash\n|-damage|p2a: Glimmora|1\/100\n|move|p2a: Glimmora|Mortal Spin|p1a: Victini\n|-damage|p1a: Victini|95\/100\n|-status|p1a: Victini|psn\n|\n|-damage|p1a: Victini|83\/100 psn|[from] psn\n|upkeep\n|turn|9\n|\n|t:|1700836657\n|move|p1a: Victini|Psychic|p2a: Glimmora\n|-supereffective|p2a: Glimmora\n|-damage|p2a: Glimmora|0 fnt\n|faint|p2a: Glimmora\n|\n|-damage|p1a: Victini|70\/100 psn|[from] psn\n|upkeep\n|\n|t:|1700836665\n|switch|p2a: Cinderace|Cinderace, F|100\/100\n|turn|10\n|\n|t:|1700836671\n|move|p2a: Cinderace|Gunk Shot|p1a: Victini\n|-start|p2a: Cinderace|typechange|Poison|[from] ability: Libero\n|-crit|p1a: Victini\n|-damage|p1a: Victini|0 fnt\n|faint|p1a: Victini\n|\n|upkeep\n|\n|t:|1700836681\n|switch|p1a: Relicanth|Relicanth, M, shiny|100\/100\n|turn|11\n|\n|t:|1700836690\n|move|p2a: Cinderace|Gunk Shot|p1a: Relicanth\n|-resisted|p1a: Relicanth\n|-damage|p1a: Relicanth|82\/100\n|-status|p1a: Relicanth|psn\n|move|p1a: Relicanth|Aqua Tail|p2a: Cinderace\n|-damage|p2a: Cinderace|46\/100\n|\n|-damage|p1a: Relicanth|70\/100 psn|[from] psn\n|upkeep\n|turn|12\n|\n|t:|1700836697\n|move|p2a: Cinderace|U-turn|p1a: Relicanth\n|-damage|p1a: Relicanth|55\/100 psn\n|\n|t:|1700836701\n|switch|p2a: Ferrothorn|Ferrothorn, M|37\/100|[from] U-turn\n|move|p1a: Relicanth|Head Smash|p2a: Ferrothorn|[miss]\n|-miss|p1a: Relicanth|p2a: Ferrothorn\n|\n|-damage|p1a: Relicanth|43\/100 psn|[from] psn\n|upkeep\n|turn|13\n|\n|t:|1700836711\n|move|p1a: Relicanth|Body Press|p2a: Ferrothorn\n|-supereffective|p2a: Ferrothorn\n|-damage|p2a: Ferrothorn|3\/100\n|-damage|p1a: Relicanth|31\/100 psn|[from] ability: Iron Barbs|[of] p2a: Ferrothorn\n|move|p2a: Ferrothorn|Leech Seed|p1a: Relicanth\n|-start|p1a: Relicanth|move: Leech Seed\n|\n|-damage|p1a: Relicanth|18\/100 psn|[from] Leech Seed|[of] p2a: Ferrothorn\n|-heal|p2a: Ferrothorn|17\/100|[silent]\n|-damage|p1a: Relicanth|6\/100 psn|[from] psn\n|upkeep\n|turn|14\n|-enditem|p1a: Relicanth|Custap Berry|[eat]\n|-activate|p1a: Relicanth|item: Custap Berry|[consumed]\n|\n|t:|1700836732\n|switch|p2a: Ditto|Ditto|100\/100\n|-transform|p2a: Ditto|p1a: Relicanth|[from] ability: Imposter\n|move|p1a: Relicanth|Body Press|p2a: Ditto\n|-supereffective|p2a: Ditto\n|-damage|p2a: Ditto|56\/100\n|\n|-damage|p1a: Relicanth|0 fnt|[from] Leech Seed|[of] p2a: Ditto\n|-heal|p2a: Ditto|63\/100|[silent]\n|faint|p1a: Relicanth\n|upkeep\n|\n|t:|1700836744\n|switch|p1a: Tapu Koko|Tapu Koko, shiny|100\/100\n|-fieldstart|move: Electric Terrain|[from] ability: Electric Surge|[of] p1a: Tapu Koko\n|turn|15\n|\n|t:|1700836750\n|switch|p2a: Ferrothorn|Ferrothorn, M|17\/100\n|move|p1a: Tapu Koko|Thunderbolt|p2a: Ferrothorn\n|-resisted|p2a: Ferrothorn\n|-damage|p2a: Ferrothorn|2\/100\n|\n|upkeep\n|turn|16\n|\n|t:|1700836757\n|move|p1a: Tapu Koko|U-turn|p2a: Ferrothorn\n|-damage|p2a: Ferrothorn|0 fnt\n|-damage|p1a: Tapu Koko|88\/100|[from] ability: Iron Barbs|[of] p2a: Ferrothorn\n|faint|p2a: Ferrothorn\n|\n|t:|1700836760\n|switch|p1a: Durant|Durant, F, shiny|100\/100|[from] U-turn\n|\n|upkeep\n|\n|t:|1700836763\n|switch|p2a: Cinderace|Cinderace, F|46\/100\n|turn|17\n|\n|t:|1700836771\n|move|p1a: Durant|First Impression|p2a: Cinderace\n|-resisted|p2a: Cinderace\n|-damage|p2a: Cinderace|0 fnt\n|faint|p2a: Cinderace\n|-damage|p1a: Durant|91\/100|[from] item: Life Orb\n|\n|upkeep\n|\n|t:|1700836777\n|switch|p2a: Ditto|Ditto|63\/100\n|-transform|p2a: Ditto|p1a: Durant|[from] ability: Imposter\n|turn|18\n|\n|t:|1700836805\n|move|p2a: Ditto|First Impression|p1a: Durant\n|-resisted|p1a: Durant\n|-damage|p1a: Durant|51\/100\n|move|p1a: Durant|Stone Edge|p2a: Ditto|[miss]\n|-miss|p1a: Durant|p2a: Ditto\n|\n|upkeep\n|turn|19\n|\n|t:|1700836813\n|move|p2a: Ditto|First Impression||[still]\n|-hint|First Impression only works on your first turn out.\n|-fail|p2a: Ditto\n|move|p1a: Durant|Stone Edge|p2a: Ditto|[miss]\n|-miss|p1a: Durant|p2a: Ditto\n|\n|-fieldend|move: Electric Terrain\n|upkeep\n|turn|20\n|\n|t:|1700836818\n|move|p2a: Ditto|First Impression||[still]\n|-hint|First Impression only works on your first turn out.\n|-fail|p2a: Ditto\n|move|p1a: Durant|Stone Edge|p2a: Ditto\n|-damage|p2a: Ditto|5\/100\n|-damage|p1a: Durant|42\/100|[from] item: Life Orb\n|\n|upkeep\n|turn|21\n|-message|D.wolf94 forfeited.\n|\n|win|shfeha\n|raw|shfeha's rating: 1196 &rarr; <strong>1221<\/strong><br \/>(+25 for winning)\n|raw|D.wolf94's rating: 1190 &rarr; <strong>1165<\/strong><br \/>(-25 for losing)\n|l|\u2606D.wolf94\n","uploadtime":1700836829,"views":0,"p1id":"shfeha","p2id":"dwolf94","formatid":"gen9nationaldex","rating":1165,"private":0,"password":""}