{"id":"gen9nationaldex-1994224310","p1":"Marty1010","p2":"roronoa200","format":"[Gen 9] National Dex","log":"|j|\u2606Marty1010\n|j|\u2606roronoa200\n|t:|1700420753\n|gametype|singles\n|player|p1|Marty1010|crasherwake|1188\n|player|p2|roronoa200|101|1238\n|teamsize|p1|6\n|teamsize|p2|6\n|gen|9\n|tier|[Gen 9] National Dex\n|rated|\n|rule|HP Percentage Mod: HP is shown in percentages\n|rule|Endless Battle Clause: Forcing endless battles is banned\n|rule|OHKO Clause: OHKO moves are banned\n|rule|Evasion Clause: Evasion abilities, items, and moves are banned\n|rule|Evasion Abilities Clause: Evasion abilities are banned\n|rule|Evasion Items Clause: Evasion items are banned\n|rule|Evasion Moves Clause: Evasion moves are banned\n|rule|Species Clause: Limit one of each Pok\u00e9mon\n|rule|Sleep Clause Mod: Limit one foe put to sleep\n|clearpoke\n|poke|p1|Charizard, F|\n|poke|p1|Leafeon, M|\n|poke|p1|Ferrothorn, M|\n|poke|p1|Corviknight, F|\n|poke|p1|Garganacl, M|\n|poke|p1|Toxapex, F|\n|poke|p2|Cofagrigus, M|\n|poke|p2|Samurott, M|\n|poke|p2|Leavanny, M|\n|poke|p2|Haxorus, F|\n|poke|p2|Bisharp, F|\n|poke|p2|Eelektross, M|\n|teampreview\n|inactive|Battle timer is ON: inactive players will automatically lose when time's up. (requested by Marty1010)\n|\n|t:|1700420776\n|start\n|switch|p1a: Poison|Toxapex, F|100\/100\n|switch|p2a: Eelektross|Eelektross, M|100\/100\n|turn|1\n|\n|t:|1700420789\n|switch|p1a: Spikey|Ferrothorn, M|100\/100\n|move|p2a: Eelektross|Discharge|p1a: Spikey\n|-resisted|p1a: Spikey\n|-damage|p1a: Spikey|83\/100\n|\n|-heal|p1a: Spikey|89\/100|[from] item: Leftovers\n|upkeep\n|turn|2\n|\n|t:|1700420798\n|move|p2a: Eelektross|Flamethrower|p1a: Spikey\n|-supereffective|p1a: Spikey\n|-damage|p1a: Spikey|0 fnt\n|faint|p1a: Spikey\n|\n|upkeep\n|\n|t:|1700420807\n|switch|p1a: Garganacl|Garganacl, M|100\/100\n|turn|3\n|\n|t:|1700420814\n|move|p1a: Garganacl|Rock Polish|p1a: Garganacl\n|-boost|p1a: Garganacl|spe|2\n|move|p2a: Eelektross|Giga Drain|p1a: Garganacl\n|-supereffective|p1a: Garganacl\n|-damage|p1a: Garganacl|42\/100\n|\n|upkeep\n|turn|4\n|\n|t:|1700420821\n|move|p1a: Garganacl|Stone Edge|p2a: Eelektross\n|-crit|p2a: Eelektross\n|-damage|p2a: Eelektross|0 fnt\n|faint|p2a: Eelektross\n|-damage|p1a: Garganacl|32\/100|[from] item: Life Orb\n|\n|upkeep\n|\n|t:|1700420841\n|switch|p2a: Leavanny|Leavanny, M|100\/100\n|turn|5\n|\n|t:|1700420848\n|move|p1a: Garganacl|Salt Cure|p2a: Leavanny\n|-supereffective|p2a: Leavanny\n|-damage|p2a: Leavanny|35\/100\n|-start|p2a: Leavanny|Salt Cure\n|-damage|p1a: Garganacl|22\/100|[from] item: Life Orb\n|move|p2a: Leavanny|Leaf Blade|p1a: Garganacl\n|-supereffective|p1a: Garganacl\n|-damage|p1a: Garganacl|0 fnt\n|faint|p1a: Garganacl\n|\n|-damage|p2a: Leavanny|23\/100|[from] Salt Cure\n|upkeep\n|\n|t:|1700420860\n|switch|p1a: Corviknight|Corviknight, F|100\/100\n|-ability|p1a: Corviknight|Pressure\n|turn|6\n|\n|t:|1700420866\n|move|p2a: Leavanny|Sticky Web|p1a: Corviknight\n|-sidestart|p1: Marty1010|move: Sticky Web\n|move|p1a: Corviknight|Iron Defense|p1a: Corviknight\n|-boost|p1a: Corviknight|def|2\n|\n|-damage|p2a: Leavanny|10\/100|[from] Salt Cure\n|upkeep\n|turn|7\n|\n|t:|1700420873\n|move|p2a: Leavanny|Knock Off|p1a: Corviknight\n|-damage|p1a: Corviknight|88\/100\n|-enditem|p1a: Corviknight|Heavy-Duty Boots|[from] move: Knock Off|[of] p2a: Leavanny\n|move|p1a: Corviknight|Iron Defense|p1a: Corviknight\n|-boost|p1a: Corviknight|def|2\n|\n|-damage|p2a: Leavanny|0 fnt|[from] Salt Cure\n|faint|p2a: Leavanny\n|upkeep\n|\n|t:|1700420884\n|switch|p2a: Cofagrigus|Cofagrigus, M|100\/100\n|turn|8\n|\n|t:|1700420889\n|move|p1a: Corviknight|Brave Bird|p2a: Cofagrigus\n|-damage|p2a: Cofagrigus|73\/100\n|-activate|p2a: Cofagrigus|ability: Mummy|Pressure|[of] p1a: Corviknight\n|-damage|p1a: Corviknight|81\/100|[from] Recoil\n|move|p2a: Cofagrigus|Will-O-Wisp|p1a: Corviknight\n|-status|p1a: Corviknight|brn\n|\n|-heal|p2a: Cofagrigus|80\/100|[from] item: Leftovers\n|-damage|p1a: Corviknight|75\/100 brn|[from] brn\n|upkeep\n|turn|9\n|\n|t:|1700420902\n|switch|p1a: Poison|Toxapex, F|100\/100\n|-activate|p1a: Poison|move: Sticky Web\n|-unboost|p1a: Poison|spe|1\n|move|p2a: Cofagrigus|Hex|p1a: Poison\n|-damage|p1a: Poison|81\/100\n|\n|-heal|p2a: Cofagrigus|86\/100|[from] item: Leftovers\n|-heal|p1a: Poison|88\/100|[from] item: Black Sludge\n|upkeep\n|turn|10\n|\n|t:|1700420919\n|move|p2a: Cofagrigus|Protect|p2a: Cofagrigus\n|-singleturn|p2a: Cofagrigus|Protect\n|move|p1a: Poison|Toxic Spikes|p2a: Cofagrigus\n|-sidestart|p2: roronoa200|move: Toxic Spikes\n|\n|-heal|p2a: Cofagrigus|92\/100|[from] item: Leftovers\n|-heal|p1a: Poison|94\/100|[from] item: Black Sludge\n|upkeep\n|turn|11\n|\n|t:|1700420928\n|move|p2a: Cofagrigus|Will-O-Wisp|p1a: Poison\n|-status|p1a: Poison|brn\n|move|p1a: Poison|Toxic Spikes|p2a: Cofagrigus\n|-sidestart|p2: roronoa200|move: Toxic Spikes\n|\n|-heal|p2a: Cofagrigus|98\/100|[from] item: Leftovers\n|-heal|p1a: Poison|99\/100 brn|[from] item: Black Sludge\n|-damage|p1a: Poison|94\/100 brn|[from] brn\n|upkeep\n|turn|12\n|\n|t:|1700420938\n|move|p2a: Cofagrigus|Hex|p1a: Poison\n|-damage|p1a: Poison|52\/100 brn\n|move|p1a: Poison|Scald|p2a: Cofagrigus\n|-damage|p2a: Cofagrigus|85\/100\n|\n|-heal|p2a: Cofagrigus|91\/100|[from] item: Leftovers\n|-heal|p1a: Poison|59\/100 brn|[from] item: Black Sludge\n|-damage|p1a: Poison|52\/100 brn|[from] brn\n|upkeep\n|turn|13\n|\n|t:|1700420950\n|switch|p1a: Corviknight|Corviknight, F|75\/100 brn\n|-ability|p1a: Corviknight|Pressure\n|move|p2a: Cofagrigus|Hex|p1a: Corviknight\n|-damage|p1a: Corviknight|43\/100 brn\n|\n|-heal|p2a: Cofagrigus|97\/100|[from] item: Leftovers\n|-damage|p1a: Corviknight|37\/100 brn|[from] brn\n|upkeep\n|turn|14\n|\n|t:|1700420960\n|move|p1a: Corviknight|Roost|p1a: Corviknight\n|-heal|p1a: Corviknight|87\/100 brn\n|-singleturn|p1a: Corviknight|move: Roost\n|move|p2a: Cofagrigus|Hex|p1a: Corviknight\n|-damage|p1a: Corviknight|53\/100 brn\n|\n|-heal|p2a: Cofagrigus|100\/100|[from] item: Leftovers\n|-damage|p1a: Corviknight|47\/100 brn|[from] brn\n|upkeep\n|turn|15\n|inactive|roronoa200 has 120 seconds left.\n|inactive|roronoa200 has 90 seconds left.\n|\n|t:|1700421045\n|move|p2a: Cofagrigus|Protect|p2a: Cofagrigus\n|-singleturn|p2a: Cofagrigus|Protect\n|move|p1a: Corviknight|Roost|p1a: Corviknight\n|-heal|p1a: Corviknight|97\/100 brn\n|-singleturn|p1a: Corviknight|move: Roost\n|\n|-damage|p1a: Corviknight|91\/100 brn|[from] brn\n|upkeep\n|turn|16\n|\n|t:|1700421056\n|move|p1a: Corviknight|Iron Defense|p1a: Corviknight\n|-boost|p1a: Corviknight|def|2\n|move|p2a: Cofagrigus|Toxic||[still]\n|-fail|p2a: Cofagrigus\n|\n|-damage|p1a: Corviknight|85\/100 brn|[from] brn\n|upkeep\n|turn|17\n|\n|t:|1700421064\n|move|p1a: Corviknight|Iron Defense|p1a: Corviknight\n|-boost|p1a: Corviknight|def|2\n|move|p2a: Cofagrigus|Hex|p1a: Corviknight\n|-damage|p1a: Corviknight|53\/100 brn\n|\n|-damage|p1a: Corviknight|47\/100 brn|[from] brn\n|upkeep\n|turn|18\n|inactive|roronoa200 has 60 seconds left.\n|\n|t:|1700421105\n|move|p1a: Corviknight|Roost|p1a: Corviknight\n|-heal|p1a: Corviknight|97\/100 brn\n|-singleturn|p1a: Corviknight|move: Roost\n|move|p2a: Cofagrigus|Will-O-Wisp|p1a: Corviknight\n|-fail|p1a: Corviknight|brn\n|\n|-damage|p1a: Corviknight|91\/100 brn|[from] brn\n|upkeep\n|turn|19\n|\n|t:|1700421117\n|move|p1a: Corviknight|Iron Defense|p1a: Corviknight\n|-boost|p1a: Corviknight|def|2\n|move|p2a: Cofagrigus|Hex|p1a: Corviknight\n|-damage|p1a: Corviknight|59\/100 brn\n|\n|-damage|p1a: Corviknight|53\/100 brn|[from] brn\n|upkeep\n|turn|20\n|\n|t:|1700421126\n|move|p1a: Corviknight|Roost|p1a: Corviknight\n|-heal|p1a: Corviknight|100\/100 brn\n|-singleturn|p1a: Corviknight|move: Roost\n|move|p2a: Cofagrigus|Toxic||[still]\n|-fail|p2a: Cofagrigus\n|\n|-damage|p1a: Corviknight|94\/100 brn|[from] brn\n|upkeep\n|turn|21\n|\n|t:|1700421143\n|move|p1a: Corviknight|Brave Bird|p2a: Cofagrigus\n|-damage|p2a: Cofagrigus|86\/100\n|-activate|p2a: Cofagrigus|ability: Mummy|Pressure|[of] p1a: Corviknight\n|-damage|p1a: Corviknight|91\/100 brn|[from] Recoil\n|move|p2a: Cofagrigus|Hex|p1a: Corviknight\n|-damage|p1a: Corviknight|55\/100 brn\n|\n|-heal|p2a: Cofagrigus|93\/100|[from] item: Leftovers\n|-damage|p1a: Corviknight|49\/100 brn|[from] brn\n|upkeep\n|turn|22\n|\n|t:|1700421158\n|move|p1a: Corviknight|Roost|p1a: Corviknight\n|-heal|p1a: Corviknight|99\/100 brn\n|-singleturn|p1a: Corviknight|move: Roost\n|move|p2a: Cofagrigus|Hex|p1a: Corviknight\n|-damage|p1a: Corviknight|63\/100 brn\n|\n|-heal|p2a: Cofagrigus|99\/100|[from] item: Leftovers\n|-damage|p1a: Corviknight|57\/100 brn|[from] brn\n|upkeep\n|turn|23\n|\n|t:|1700421172\n|switch|p1a: Poison|Toxapex, F|86\/100 brn\n|-activate|p1a: Poison|move: Sticky Web\n|-unboost|p1a: Poison|spe|1\n|move|p2a: Cofagrigus|Hex|p1a: Poison\n|-damage|p1a: Poison|45\/100 brn\n|\n|-heal|p2a: Cofagrigus|100\/100|[from] item: Leftovers\n|-heal|p1a: Poison|51\/100 brn|[from] item: Black Sludge\n|-damage|p1a: Poison|45\/100 brn|[from] brn\n|upkeep\n|turn|24\n|\n|t:|1700421184\n|move|p1a: Poison|Baneful Bunker|p1a: Poison\n|-singleturn|p1a: Poison|move: Protect\n|move|p2a: Cofagrigus|Hex|p1a: Poison\n|-activate|p1a: Poison|move: Protect\n|\n|-heal|p1a: Poison|51\/100 brn|[from] item: Black Sludge\n|-damage|p1a: Poison|45\/100 brn|[from] brn\n|upkeep\n|turn|25\n|\n|t:|1700421197\n|switch|p1a: Corviknight|Corviknight, F|57\/100 brn\n|-ability|p1a: Corviknight|Pressure\n|move|p2a: Cofagrigus|Hex|p1a: Corviknight\n|-damage|p1a: Corviknight|21\/100 brn\n|\n|-damage|p1a: Corviknight|15\/100 brn|[from] brn\n|upkeep\n|turn|26\n|inactive|roronoa200 has 30 seconds left.\n|inactive|roronoa200 has 20 seconds left.\n|\n|t:|1700421235\n|move|p1a: Corviknight|Roost|p1a: Corviknight\n|-heal|p1a: Corviknight|65\/100 brn\n|-singleturn|p1a: Corviknight|move: Roost\n|move|p2a: Cofagrigus|Will-O-Wisp|p1a: Corviknight\n|-fail|p1a: Corviknight|brn\n|\n|-damage|p1a: Corviknight|59\/100 brn|[from] brn\n|upkeep\n|turn|27\n|inactive|roronoa200 has 30 seconds left this turn.\n|inactive|roronoa200 has 20 seconds left.\n|inactive|roronoa200 has 15 seconds left.\n|inactive|roronoa200 has 10 seconds left.\n|\n|t:|1700421258\n|switch|p2a: Haxorus|Haxorus, F|100\/100\n|-status|p2a: Haxorus|tox\n|-enditem|p2a: Haxorus|Lum Berry|[eat]\n|-curestatus|p2a: Haxorus|tox|[msg]\n|-ability|p2a: Haxorus|Mold Breaker\n|move|p1a: Corviknight|Roost|p1a: Corviknight\n|-heal|p1a: Corviknight|100\/100 brn\n|-singleturn|p1a: Corviknight|move: Roost\n|\n|-damage|p1a: Corviknight|94\/100 brn|[from] brn\n|upkeep\n|turn|28\n|inactive|roronoa200 has 20 seconds left this turn.\n|inactive|roronoa200 has 15 seconds left.\n|inactive|roronoa200 has 10 seconds left.\n|\n|t:|1700421272\n|move|p2a: Haxorus|Dragon Dance|p2a: Haxorus\n|-boost|p2a: Haxorus|atk|1\n|-boost|p2a: Haxorus|spe|1\n|move|p1a: Corviknight|Iron Defense|p1a: Corviknight\n|-boost|p1a: Corviknight|def|2\n|\n|-damage|p1a: Corviknight|88\/100 brn|[from] brn\n|upkeep\n|turn|29\n|inactive|roronoa200 has 20 seconds left this turn.\n|inactive|roronoa200 has 15 seconds left.\n|\n|t:|1700421281\n|move|p2a: Haxorus|Dragon Dance|p2a: Haxorus\n|-boost|p2a: Haxorus|atk|1\n|-boost|p2a: Haxorus|spe|1\n|move|p1a: Corviknight|Iron Defense|p1a: Corviknight\n|-boost|p1a: Corviknight|def|2\n|\n|-damage|p1a: Corviknight|82\/100 brn|[from] brn\n|upkeep\n|turn|30\n|inactive|roronoa200 has 25 seconds left this turn.\n|inactive|roronoa200 has 20 seconds left.\n|\n|t:|1700421289\n|move|p2a: Haxorus|Dragon Dance|p2a: Haxorus\n|-boost|p2a: Haxorus|atk|1\n|-boost|p2a: Haxorus|spe|1\n|move|p1a: Corviknight|Iron Defense|p1a: Corviknight\n|-boost|p1a: Corviknight|def|2\n|\n|-damage|p1a: Corviknight|76\/100 brn|[from] brn\n|upkeep\n|turn|31\n|inactive|roronoa200 has 30 seconds left this turn.\n|\n|t:|1700421298\n|move|p2a: Haxorus|Outrage|p1a: Corviknight\n|-resisted|p1a: Corviknight\n|-damage|p1a: Corviknight|58\/100 brn\n|move|p1a: Corviknight|Body Press|p2a: Haxorus\n|-damage|p2a: Haxorus|52\/100\n|\n|-damage|p1a: Corviknight|52\/100 brn|[from] brn\n|upkeep\n|turn|32\n|inactive|roronoa200 has 30 seconds left.\n|\n|t:|1700421309\n|move|p2a: Haxorus|Outrage|p1a: Corviknight|[from]lockedmove\n|-resisted|p1a: Corviknight\n|-damage|p1a: Corviknight|35\/100 brn\n|-start|p2a: Haxorus|confusion|[fatigue]\n|move|p1a: Corviknight|Roost|p1a: Corviknight\n|-heal|p1a: Corviknight|85\/100 brn\n|-singleturn|p1a: Corviknight|move: Roost\n|\n|-damage|p1a: Corviknight|79\/100 brn|[from] brn\n|upkeep\n|turn|33\n|inactive|roronoa200 has 30 seconds left.\n|inactive|roronoa200 has 20 seconds left.\n|\n|t:|1700421327\n|-activate|p2a: Haxorus|confusion\n|move|p2a: Haxorus|Outrage|p1a: Corviknight\n|-resisted|p1a: Corviknight\n|-damage|p1a: Corviknight|62\/100 brn\n|move|p1a: Corviknight|Body Press|p2a: Haxorus\n|-damage|p2a: Haxorus|5\/100\n|\n|-damage|p1a: Corviknight|56\/100 brn|[from] brn\n|upkeep\n|turn|34\n|inactive|roronoa200 has 30 seconds left this turn.\n|inactive|roronoa200 has 20 seconds left.\n|\n|t:|1700421337\n|-activate|p2a: Haxorus|confusion\n|move|p2a: Haxorus|Outrage|p1a: Corviknight|[from]lockedmove\n|-resisted|p1a: Corviknight\n|-damage|p1a: Corviknight|37\/100 brn\n|move|p1a: Corviknight|Body Press|p2a: Haxorus\n|-damage|p2a: Haxorus|0 fnt\n|faint|p2a: Haxorus\n|\n|-damage|p1a: Corviknight|31\/100 brn|[from] brn\n|upkeep\n|inactive|roronoa200 has 25 seconds left this turn.\n|inactive|roronoa200 has 20 seconds left.\n|inactive|roronoa200 has 15 seconds left.\n|inactive|roronoa200 has 10 seconds left.\n|\n|t:|1700421355\n|switch|p2a: Bisharp|Bisharp, F|100\/100\n|-item|p2a: Bisharp|Air Balloon\n|turn|35\n|inactive|roronoa200 has 20 seconds left this turn.\n|inactive|roronoa200 has 15 seconds left.\n|\n|t:|1700421360\n|-terastallize|p2a: Bisharp|Ghost\n|move|p2a: Bisharp|Substitute|p2a: Bisharp\n|-start|p2a: Bisharp|Substitute\n|-damage|p2a: Bisharp|76\/100\n|move|p1a: Corviknight|Body Press|p2a: Bisharp\n|-immune|p2a: Bisharp\n|\n|-damage|p1a: Corviknight|25\/100 brn|[from] brn\n|upkeep\n|turn|36\n|inactive|roronoa200 has 25 seconds left this turn.\n|inactive|roronoa200 has 20 seconds left.\n|inactive|roronoa200 has 15 seconds left.\n|\n|t:|1700421371\n|move|p2a: Bisharp|Power-Up Punch|p1a: Corviknight\n|-damage|p1a: Corviknight|22\/100 brn\n|-boost|p2a: Bisharp|atk|1\n|move|p1a: Corviknight|Brave Bird|p2a: Bisharp\n|-activate|p2a: Bisharp|move: Substitute|[damage]\n|-damage|p1a: Corviknight|17\/100 brn|[from] Recoil|[of] p2a: Bisharp\n|-enditem|p2a: Bisharp|Air Balloon\n|\n|-damage|p1a: Corviknight|11\/100 brn|[from] brn\n|upkeep\n|turn|37\n|inactive|roronoa200 has 25 seconds left this turn.\n|inactive|roronoa200 has 20 seconds left.\n|inactive|roronoa200 has 15 seconds left.\n|\n|t:|1700421384\n|move|p2a: Bisharp|Power-Up Punch|p1a: Corviknight\n|-crit|p1a: Corviknight\n|-damage|p1a: Corviknight|0 fnt\n|-boost|p2a: Bisharp|atk|1\n|faint|p1a: Corviknight\n|\n|upkeep\n|inactive|roronoa200 has 20 seconds left this turn.\n|\n|t:|1700421390\n|switch|p1a: Charli|Charizard, F|100\/100\n|turn|38\n|inactive|roronoa200 has 30 seconds left this turn.\n|\n|t:|1700421397\n|detailschange|p1a: Charli|Charizard-Mega-Y, F\n|-mega|p1a: Charli|Charizard|Charizardite Y\n|-weather|SunnyDay|[from] ability: Drought|[of] p1a: Charli\n|move|p2a: Bisharp|Sucker Punch|p1a: Charli\n|-damage|p1a: Charli|0 fnt\n|faint|p1a: Charli\n|\n|-weather|SunnyDay|[upkeep]\n|upkeep\n|\n|t:|1700421409\n|switch|p1a: Poison|Toxapex, F|78\/100 brn\n|-activate|p1a: Poison|move: Sticky Web\n|-unboost|p1a: Poison|spe|1\n|turn|39\n|inactive|roronoa200 has 30 seconds left.\n|inactive|roronoa200 has 20 seconds left.\n|inactive|roronoa200 has 15 seconds left.\n|\n|t:|1700421441\n|move|p2a: Bisharp|Sucker Punch||[still]\n|-fail|p2a: Bisharp\n|move|p1a: Poison|Haze|p1a: Poison\n|-clearallboost\n|\n|-weather|SunnyDay|[upkeep]\n|-heal|p1a: Poison|85\/100 brn|[from] item: Black Sludge\n|-damage|p1a: Poison|78\/100 brn|[from] brn\n|upkeep\n|turn|40\n|inactive|roronoa200 has 25 seconds left this turn.\n|inactive|roronoa200 has 20 seconds left.\n|inactive|roronoa200 has 15 seconds left.\n|inactive|roronoa200 has 10 seconds left.\n|\n|t:|1700421457\n|move|p1a: Poison|Baneful Bunker|p1a: Poison\n|-singleturn|p1a: Poison|move: Protect\n|move|p2a: Bisharp|Power-Up Punch|p1a: Poison\n|-activate|p1a: Poison|move: Protect\n|-status|p2a: Bisharp|psn\n|\n|-weather|SunnyDay|[upkeep]\n|-heal|p1a: Poison|85\/100 brn|[from] item: Black Sludge\n|-damage|p2a: Bisharp|63\/100 psn|[from] psn\n|-damage|p1a: Poison|78\/100 brn|[from] brn\n|upkeep\n|turn|41\n|inactive|roronoa200 has 20 seconds left this turn.\n|inactive|roronoa200 has 15 seconds left.\n|inactive|roronoa200 has 10 seconds left.\n|\n|t:|1700421472\n|move|p2a: Bisharp|Power-Up Punch|p1a: Poison\n|-resisted|p1a: Poison\n|-damage|p1a: Poison|74\/100 brn\n|-boost|p2a: Bisharp|atk|1\n|move|p1a: Poison|Toxic Spikes||[still]\n|-fail|p1a: Poison\n|\n|-weather|SunnyDay|[upkeep]\n|-heal|p1a: Poison|80\/100 brn|[from] item: Black Sludge\n|-damage|p2a: Bisharp|51\/100 psn|[from] psn\n|-damage|p1a: Poison|74\/100 brn|[from] brn\n|upkeep\n|turn|42\n|inactive|roronoa200 has 20 seconds left this turn.\n|inactive|roronoa200 has 15 seconds left.\n|inactive|roronoa200 has 10 seconds left.\n|inactive|roronoa200 has 5 seconds left.\n|\n|t:|1700421488\n|move|p2a: Bisharp|Power-Up Punch|p1a: Poison\n|-resisted|p1a: Poison\n|-damage|p1a: Poison|67\/100 brn\n|-boost|p2a: Bisharp|atk|1\n|move|p1a: Poison|Haze|p1a: Poison\n|-clearallboost\n|\n|-weather|none\n|-heal|p1a: Poison|74\/100 brn|[from] item: Black Sludge\n|-damage|p2a: Bisharp|39\/100 psn|[from] psn\n|-damage|p1a: Poison|67\/100 brn|[from] brn\n|upkeep\n|turn|43\n|inactive|roronoa200 has 15 seconds left this turn.\n|inactive|roronoa200 has 10 seconds left.\n|inactive|roronoa200 has 5 seconds left.\n|\n|t:|1700421505\n|move|p2a: Bisharp|Power-Up Punch|p1a: Poison\n|-resisted|p1a: Poison\n|-damage|p1a: Poison|63\/100 brn\n|-boost|p2a: Bisharp|atk|1\n|move|p1a: Poison|Toxic Spikes||[still]\n|-fail|p1a: Poison\n|\n|-heal|p1a: Poison|69\/100 brn|[from] item: Black Sludge\n|-damage|p2a: Bisharp|27\/100 psn|[from] psn\n|-damage|p1a: Poison|63\/100 brn|[from] brn\n|upkeep\n|turn|44\n|inactive|roronoa200 has 15 seconds left this turn.\n|inactive|roronoa200 has 10 seconds left.\n|inactive|roronoa200 has 5 seconds left.\n|\n|t:|1700421518\n|move|p2a: Bisharp|Power-Up Punch|p1a: Poison\n|-resisted|p1a: Poison\n|-damage|p1a: Poison|55\/100 brn\n|-boost|p2a: Bisharp|atk|1\n|move|p1a: Poison|Haze|p1a: Poison\n|-clearallboost\n|\n|-heal|p1a: Poison|62\/100 brn|[from] item: Black Sludge\n|-damage|p2a: Bisharp|14\/100 psn|[from] psn\n|-damage|p1a: Poison|55\/100 brn|[from] brn\n|upkeep\n|turn|45\n|inactive|roronoa200 has 15 seconds left this turn.\n|inactive|roronoa200 has 10 seconds left.\n|inactive|roronoa200 has 5 seconds left.\n|\n|t:|1700421532\n|move|p1a: Poison|Baneful Bunker|p1a: Poison\n|-singleturn|p1a: Poison|move: Protect\n|move|p2a: Bisharp|Power-Up Punch|p1a: Poison\n|-activate|p1a: Poison|move: Protect\n|\n|-heal|p1a: Poison|62\/100 brn|[from] item: Black Sludge\n|-damage|p2a: Bisharp|2\/100 psn|[from] psn\n|-damage|p1a: Poison|55\/100 brn|[from] brn\n|upkeep\n|turn|46\n|inactive|roronoa200 has 15 seconds left this turn.\n|inactive|roronoa200 has 10 seconds left.\n|inactive|roronoa200 has 5 seconds left.\n|\n|t:|1700421544\n|switch|p1a: Leon|Leafeon, M|100\/100\n|-activate|p1a: Leon|move: Sticky Web\n|-unboost|p1a: Leon|spe|1\n|move|p2a: Bisharp|Power-Up Punch|p1a: Leon\n|-damage|p1a: Leon|86\/100\n|-boost|p2a: Bisharp|atk|1\n|\n|-damage|p2a: Bisharp|0 fnt|[from] psn\n|faint|p2a: Bisharp\n|upkeep\n|inactive|roronoa200 has 10 seconds left this turn.\n|inactive|roronoa200 has 5 seconds left.\n|-message|roronoa200 lost due to inactivity.\n|\n|win|Marty1010\n|raw|Marty1010's rating: 1188 &rarr; <strong>1217<\/strong><br \/>(+29 for winning)\n|raw|roronoa200's rating: 1238 &rarr; <strong>1209<\/strong><br \/>(-29 for losing)\n|l|\u2606roronoa200\n","uploadtime":1700421686,"views":14,"p1id":"marty1010","p2id":"roronoa200","formatid":"gen9nationaldex","rating":1209,"private":0,"password":""}