{"id":"gen9nationaldex-1988190550","p1":"sleeptaik","p2":"xiaoyang2004","format":"[Gen 9] National Dex","log":"|j|\u2606sleeptaik\n|j|\u2606xiaoyang2004\n|t:|1699682226\n|gametype|singles\n|player|p1|sleeptaik|hugh|1584\n|player|p2|xiaoyang2004|lyra|1669\n|teamsize|p1|6\n|teamsize|p2|6\n|gen|9\n|tier|[Gen 9] National Dex\n|rated|\n|rule|HP Percentage Mod: HP is shown in percentages\n|rule|Endless Battle Clause: Forcing endless battles is banned\n|rule|OHKO Clause: OHKO moves are banned\n|rule|Evasion Clause: Evasion abilities, items, and moves are banned\n|rule|Evasion Abilities Clause: Evasion abilities are banned\n|rule|Evasion Items Clause: Evasion items are banned\n|rule|Evasion Moves Clause: Evasion moves are banned\n|rule|Species Clause: Limit one of each Pok\u00e9mon\n|rule|Sleep Clause Mod: Limit one foe put to sleep\n|clearpoke\n|poke|p1|Keldeo-Resolute|\n|poke|p1|Jirachi|\n|poke|p1|Moltres|\n|poke|p1|Rillaboom, M|\n|poke|p1|Sneasler, M|\n|poke|p1|Garchomp, M|\n|poke|p2|Charizard, M|\n|poke|p2|Torkoal, M|\n|poke|p2|Great Tusk|\n|poke|p2|Venusaur, M|\n|poke|p2|Bisharp, M|\n|poke|p2|Clodsire, M|\n|teampreview\n|\n|t:|1699682258\n|start\n|switch|p1a: Rillaboom|Rillaboom, M|100\/100\n|switch|p2a: Charizard|Charizard, M, shiny|100\/100\n|-fieldstart|move: Grassy Terrain|[from] ability: Grassy Surge|[of] p1a: Rillaboom\n|turn|1\n|\n|t:|1699682268\n|switch|p1a: Garchomp|Garchomp, M|100\/100\n|detailschange|p2a: Charizard|Charizard-Mega-Y, M, shiny\n|-mega|p2a: Charizard|Charizard|Charizardite Y\n|-weather|SunnyDay|[from] ability: Drought|[of] p2a: Charizard\n|move|p2a: Charizard|Weather Ball|p1a: Garchomp\n|-resisted|p1a: Garchomp\n|-damage|p1a: Garchomp|48\/100\n|\n|-weather|SunnyDay|[upkeep]\n|-heal|p1a: Garchomp|55\/100|[from] Grassy Terrain\n|upkeep\n|turn|2\n|j| FakeDragon\n|\n|t:|1699682281\n|switch|p2a: Bisharp|Bisharp, M, shiny|100\/100\n|-zpower|p1a: Garchomp\n|move|p1a: Garchomp|Devastating Drake|p2a: Bisharp|[zeffect]\n|-resisted|p2a: Bisharp\n|-damage|p2a: Bisharp|65\/100\n|\n|-weather|SunnyDay|[upkeep]\n|-heal|p1a: Garchomp|61\/100|[from] Grassy Terrain\n|-heal|p2a: Bisharp|71\/100|[from] Grassy Terrain\n|upkeep\n|turn|3\n|j| hainiumm\n|\n|t:|1699682300\n|switch|p1a: Moltres|Moltres|100\/100\n|move|p2a: Bisharp|Knock Off|p1a: Moltres\n|-damage|p1a: Moltres|67\/100\n|-enditem|p1a: Moltres|Heavy-Duty Boots|[from] move: Knock Off|[of] p2a: Bisharp\n|\n|-weather|SunnyDay|[upkeep]\n|-heal|p2a: Bisharp|77\/100|[from] Grassy Terrain\n|upkeep\n|turn|4\n|\n|t:|1699682310\n|switch|p2a: Clodsire|Clodsire, M, shiny|100\/100\n|move|p1a: Moltres|Flamethrower|p2a: Clodsire\n|-damage|p2a: Clodsire|68\/100\n|\n|-weather|SunnyDay|[upkeep]\n|-heal|p2a: Clodsire|74\/100|[from] Grassy Terrain\n|-heal|p2a: Clodsire|80\/100|[from] item: Leftovers\n|upkeep\n|turn|5\n|\n|t:|1699682327\n|move|p1a: Moltres|U-turn|p2a: Clodsire\n|-resisted|p2a: Clodsire\n|-damage|p2a: Clodsire|73\/100\n|\n|t:|1699682344\n|switch|p1a: Garchomp|Garchomp, M|61\/100|[from] U-turn\n|move|p2a: Clodsire|Earthquake|p1a: Garchomp\n|-damage|p1a: Garchomp|46\/100\n|\n|-weather|none\n|-heal|p1a: Garchomp|53\/100|[from] Grassy Terrain\n|-heal|p2a: Clodsire|79\/100|[from] Grassy Terrain\n|-heal|p2a: Clodsire|86\/100|[from] item: Leftovers\n|-fieldend|move: Grassy Terrain\n|upkeep\n|turn|6\n|\n|t:|1699682362\n|switch|p2a: Great Tusk|Great Tusk, shiny|100\/100\n|move|p1a: Garchomp|Swords Dance|p1a: Garchomp\n|-boost|p1a: Garchomp|atk|2\n|\n|upkeep\n|turn|7\n|\n|t:|1699682385\n|-end|p2a: Great Tusk|Protosynthesis|[silent]\n|switch|p2a: Bisharp|Bisharp, M, shiny|77\/100\n|move|p1a: Garchomp|Outrage|p2a: Bisharp\n|-resisted|p2a: Bisharp\n|-damage|p2a: Bisharp|36\/100\n|\n|upkeep\n|turn|8\n|\n|t:|1699682395\n|move|p2a: Bisharp|Sucker Punch|p1a: Garchomp\n|-damage|p1a: Garchomp|20\/100\n|-damage|p2a: Bisharp|24\/100|[from] ability: Rough Skin|[of] p1a: Garchomp\n|move|p1a: Garchomp|Outrage|p2a: Bisharp|[from]lockedmove\n|-resisted|p2a: Bisharp\n|-damage|p2a: Bisharp|0 fnt\n|faint|p2a: Bisharp\n|-start|p1a: Garchomp|confusion|[fatigue]\n|\n|upkeep\n|\n|t:|1699682412\n|switch|p2a: Torkoal|Torkoal, M, shiny|100\/100\n|-weather|SunnyDay|[from] ability: Drought|[of] p2a: Torkoal\n|turn|9\n|\n|t:|1699682418\n|-activate|p1a: Garchomp|confusion\n|move|p1a: Garchomp|Earthquake|p2a: Torkoal\n|-supereffective|p2a: Torkoal\n|-damage|p2a: Torkoal|0 fnt\n|faint|p2a: Torkoal\n|\n|-weather|SunnyDay|[upkeep]\n|upkeep\n|\n|t:|1699682423\n|switch|p2a: Venusaur|Venusaur, M, shiny|100\/100\n|turn|10\n|\n|t:|1699682433\n|move|p2a: Venusaur|Weather Ball|p1a: Garchomp\n|-resisted|p1a: Garchomp\n|-damage|p1a: Garchomp|0 fnt\n|faint|p1a: Garchomp\n|-damage|p2a: Venusaur|91\/100|[from] item: Life Orb\n|\n|-weather|SunnyDay|[upkeep]\n|upkeep\n|\n|t:|1699682439\n|switch|p1a: Moltres|Moltres|67\/100\n|turn|11\n|\n|t:|1699682450\n|-terastallize|p2a: Venusaur|Fire\n|move|p2a: Venusaur|Growth|p2a: Venusaur\n|-boost|p2a: Venusaur|atk|2\n|-boost|p2a: Venusaur|spa|2\n|move|p1a: Moltres|Flamethrower|p2a: Venusaur\n|-resisted|p2a: Venusaur\n|-damage|p2a: Venusaur|59\/100\n|\n|-weather|SunnyDay|[upkeep]\n|upkeep\n|turn|12\n|\n|t:|1699682459\n|move|p2a: Venusaur|Weather Ball|p1a: Moltres\n|-resisted|p1a: Moltres\n|-damage|p1a: Moltres|0 fnt\n|faint|p1a: Moltres\n|-damage|p2a: Venusaur|49\/100|[from] item: Life Orb\n|\n|-weather|SunnyDay|[upkeep]\n|upkeep\n|\n|t:|1699682465\n|switch|p1a: Rillaboom|Rillaboom, M|100\/100\n|-fieldstart|move: Grassy Terrain|[from] ability: Grassy Surge|[of] p1a: Rillaboom\n|turn|13\n|\n|t:|1699682475\n|move|p1a: Rillaboom|Grassy Glide|p2a: Venusaur\n|-resisted|p2a: Venusaur\n|-damage|p2a: Venusaur|21\/100\n|move|p2a: Venusaur|Weather Ball|p1a: Rillaboom\n|-supereffective|p1a: Rillaboom\n|-damage|p1a: Rillaboom|0 fnt\n|faint|p1a: Rillaboom\n|-damage|p2a: Venusaur|11\/100|[from] item: Life Orb\n|\n|-weather|SunnyDay|[upkeep]\n|-heal|p2a: Venusaur|17\/100|[from] Grassy Terrain\n|upkeep\n|\n|t:|1699682477\n|switch|p1a: Sneasler|Sneasler, M|100\/100\n|-enditem|p1a: Sneasler|Grassy Seed\n|-boost|p1a: Sneasler|def|1|[from] item: Grassy Seed\n|turn|14\n|\n|t:|1699682490\n|move|p1a: Sneasler|Acrobatics|p2a: Venusaur\n|-damage|p2a: Venusaur|0 fnt\n|faint|p2a: Venusaur\n|\n|-weather|SunnyDay|[upkeep]\n|upkeep\n|\n|t:|1699682498\n|switch|p2a: Charizard|Charizard-Mega-Y, M, shiny|100\/100\n|turn|15\n|\n|t:|1699682508\n|-terastallize|p1a: Sneasler|Flying\n|move|p1a: Sneasler|Acrobatics|p2a: Charizard\n|-damage|p2a: Charizard|19\/100\n|move|p2a: Charizard|Weather Ball|p1a: Sneasler\n|-damage|p1a: Sneasler|0 fnt\n|faint|p1a: Sneasler\n|\n|-weather|SunnyDay|[upkeep]\n|upkeep\n|\n|t:|1699682514\n|switch|p1a: Keldeo|Keldeo-Resolute|100\/100\n|turn|16\n|\n|t:|1699682520\n|switch|p2a: Clodsire|Clodsire, M, shiny|86\/100\n|move|p1a: Keldeo|Scald|p2a: Clodsire\n|-heal|p2a: Clodsire|100\/100|[from] ability: Water Absorb|[of] p1a: Keldeo\n|\n|-weather|none\n|upkeep\n|turn|17\n|\n|t:|1699682530\n|move|p1a: Keldeo|Substitute|p1a: Keldeo\n|-start|p1a: Keldeo|Substitute\n|-damage|p1a: Keldeo|75\/100\n|move|p2a: Clodsire|Toxic||[still]\n|-fail|p2a: Clodsire\n|\n|-heal|p1a: Keldeo|82\/100|[from] Grassy Terrain\n|-heal|p1a: Keldeo|88\/100|[from] item: Leftovers\n|-fieldend|move: Grassy Terrain\n|upkeep\n|turn|18\n|\n|t:|1699682540\n|move|p1a: Keldeo|Calm Mind|p1a: Keldeo\n|-boost|p1a: Keldeo|spa|1\n|-boost|p1a: Keldeo|spd|1\n|move|p2a: Clodsire|Earthquake|p1a: Keldeo\n|-end|p1a: Keldeo|Substitute\n|\n|-heal|p1a: Keldeo|94\/100|[from] item: Leftovers\n|upkeep\n|turn|19\n|\n|t:|1699682549\n|move|p1a: Keldeo|Substitute|p1a: Keldeo\n|-start|p1a: Keldeo|Substitute\n|-damage|p1a: Keldeo|69\/100\n|move|p2a: Clodsire|Earthquake|p1a: Keldeo\n|-end|p1a: Keldeo|Substitute\n|\n|-heal|p1a: Keldeo|75\/100|[from] item: Leftovers\n|upkeep\n|turn|20\n|\n|t:|1699682557\n|move|p1a: Keldeo|Secret Sword|p2a: Clodsire\n|-resisted|p2a: Clodsire\n|-damage|p2a: Clodsire|69\/100\n|move|p2a: Clodsire|Earthquake|p1a: Keldeo\n|-damage|p1a: Keldeo|46\/100\n|\n|-heal|p1a: Keldeo|52\/100|[from] item: Leftovers\n|-heal|p2a: Clodsire|76\/100|[from] item: Leftovers\n|upkeep\n|turn|21\n|l| hainiumm\n|j| hainiumm\n|\n|t:|1699682566\n|switch|p1a: Jirachi|Jirachi|100\/100\n|move|p2a: Clodsire|Earthquake|p1a: Jirachi\n|-supereffective|p1a: Jirachi\n|-damage|p1a: Jirachi|54\/100\n|\n|-heal|p1a: Jirachi|60\/100|[from] item: Leftovers\n|-heal|p2a: Clodsire|82\/100|[from] item: Leftovers\n|upkeep\n|turn|22\n|\n|t:|1699682576\n|switch|p2a: Great Tusk|Great Tusk, shiny|100\/100\n|move|p1a: Jirachi|Psychic|p2a: Great Tusk\n|-supereffective|p2a: Great Tusk\n|-damage|p2a: Great Tusk|14\/100\n|\n|-heal|p1a: Jirachi|66\/100|[from] item: Leftovers\n|upkeep\n|turn|23\n|\n|t:|1699682584\n|move|p1a: Jirachi|Protect|p1a: Jirachi\n|-singleturn|p1a: Jirachi|Protect\n|move|p2a: Great Tusk|Earthquake|p1a: Jirachi\n|-activate|p1a: Jirachi|move: Protect\n|\n|-heal|p1a: Jirachi|73\/100|[from] item: Leftovers\n|upkeep\n|turn|24\n|\n|t:|1699682592\n|move|p2a: Great Tusk|Earthquake|p1a: Jirachi\n|-supereffective|p1a: Jirachi\n|-damage|p1a: Jirachi|0 fnt\n|faint|p1a: Jirachi\n|\n|upkeep\n|\n|t:|1699682599\n|switch|p1a: Keldeo|Keldeo-Resolute|52\/100\n|turn|25\n|\n|t:|1699682602\n|move|p1a: Keldeo|Scald|p2a: Great Tusk\n|-supereffective|p2a: Great Tusk\n|-damage|p2a: Great Tusk|0 fnt\n|faint|p2a: Great Tusk\n|-end|p2a: Great Tusk|Protosynthesis|[silent]\n|\n|-heal|p1a: Keldeo|59\/100|[from] item: Leftovers\n|upkeep\n|\n|t:|1699682617\n|switch|p2a: Clodsire|Clodsire, M, shiny|82\/100\n|turn|26\n|\n|t:|1699682622\n|move|p1a: Keldeo|Secret Sword|p2a: Clodsire\n|-resisted|p2a: Clodsire\n|-damage|p2a: Clodsire|61\/100\n|move|p2a: Clodsire|Earthquake|p1a: Keldeo\n|-damage|p1a: Keldeo|29\/100\n|\n|-heal|p1a: Keldeo|35\/100|[from] item: Leftovers\n|-heal|p2a: Clodsire|67\/100|[from] item: Leftovers\n|upkeep\n|turn|27\n|-message|sleeptaik forfeited.\n|\n|win|xiaoyang2004\n|raw|sleeptaik's rating: 1584 &rarr; <strong>1569<\/strong><br \/>(-15 for losing)\n|raw|xiaoyang2004's rating: 1669 &rarr; <strong>1684<\/strong><br \/>(+15 for winning)\n|l|\u2606sleeptaik\n|l| FakeDragon\n","uploadtime":1699682634,"views":20,"p1id":"sleeptaik","p2id":"xiaoyang2004","formatid":"gen9nationaldex","rating":1569,"private":0,"password":""}