{"id":"gen9nationaldex-1995719338","p1":"MrLukis","p2":"Torrente777","format":"[Gen 9] National Dex","log":"|html|<div class=\"broadcast-blue\"><strong>[Gen 9] National Dex is currently suspecting Sneasler! For information on how to participate check out the <a href=\"https:\/\/www.smogon.com\/forums\/threads\/sv-national-dex-suspect-8-just-dance.3731534\/\">suspect thread<\/a>.<\/strong><\/div>\n|j|\u2606MrLukis\n|j|\u2606Torrente777\n|t:|1700596814\n|gametype|singles\n|player|p1|MrLukis|hugh|\n|player|p2|Torrente777|biker-gen4|\n|teamsize|p1|6\n|teamsize|p2|6\n|gen|9\n|tier|[Gen 9] National Dex\n|rule|HP Percentage Mod: HP is shown in percentages\n|rule|Endless Battle Clause: Forcing endless battles is banned\n|rule|OHKO Clause: OHKO moves are banned\n|rule|Evasion Clause: Evasion abilities, items, and moves are banned\n|rule|Evasion Abilities Clause: Evasion abilities are banned\n|rule|Evasion Items Clause: Evasion items are banned\n|rule|Evasion Moves Clause: Evasion moves are banned\n|rule|Species Clause: Limit one of each Pok\u00e9mon\n|rule|Sleep Clause Mod: Limit one foe put to sleep\n|clearpoke\n|poke|p1|Typhlosion, M|\n|poke|p1|Ampharos, M|\n|poke|p1|Alomomola, F|\n|poke|p1|Gliscor, M|\n|poke|p1|Sliggoo-Hisui, M|\n|poke|p1|Ferrothorn, M|\n|poke|p2|Banette, M|\n|poke|p2|Galvantula, F|\n|poke|p2|Charizard, M|\n|poke|p2|Azumarill, M|\n|poke|p2|Marowak, F|\n|poke|p2|Accelgor, F|\n|teampreview\n|inactive|Battle timer is ON: inactive players will automatically lose when time's up. (requested by MrLukis)\n|c|\u2606MrLukis|y entei\n|c|\u2606MrLukis|le dio miedo enfrentarse a la poderosa oveja mallorquina sabor laccao\n|c|\u2606Torrente777|lo saqu\u00e9 a pasear en una marcha del 8M\n|\n|t:|1700596837\n|start\n|switch|p1a: Pok\u00e9mon que mola|Alomomola, F, shiny|100\/100\n|switch|p2a: Charizard|Charizard, M|100\/100\n|turn|1\n|\n|t:|1700596849\n|switch|p1a: Dise\u00f1o Ins\u00edpido|Typhlosion, M|100\/100\n|detailschange|p2a: Charizard|Charizard-Mega-Y, M\n|-mega|p2a: Charizard|Charizard|Charizardite Y\n|-weather|SunnyDay|[from] ability: Drought|[of] p2a: Charizard\n|move|p2a: Charizard|Solar Beam||[still]\n|-prepare|p2a: Charizard|Solar Beam\n|-anim|p2a: Charizard|Solar Beam|p1a: Dise\u00f1o Ins\u00edpido\n|-resisted|p1a: Dise\u00f1o Ins\u00edpido\n|-damage|p1a: Dise\u00f1o Ins\u00edpido|69\/100\n|\n|-weather|SunnyDay|[upkeep]\n|upkeep\n|turn|2\n|\n|t:|1700596873\n|switch|p2a: Galvantula|Galvantula, F, shiny|100\/100\n|move|p1a: Dise\u00f1o Ins\u00edpido|Fire Blast|p2a: Galvantula\n|-supereffective|p2a: Galvantula\n|-enditem|p2a: Galvantula|Focus Sash\n|-damage|p2a: Galvantula|1\/100\n|\n|-weather|SunnyDay|[upkeep]\n|upkeep\n|turn|3\n|c|\u2606MrLukis|un llamarada boosteado quitaba m\u00e1s\n|\n|t:|1700596882\n|move|p1a: Dise\u00f1o Ins\u00edpido|Fire Blast|p2a: Galvantula\n|-supereffective|p2a: Galvantula\n|-damage|p2a: Galvantula|0 fnt\n|faint|p2a: Galvantula\n|\n|-weather|SunnyDay|[upkeep]\n|upkeep\n|c|\u2606Torrente777|como as\u00ed\n|\n|t:|1700596891\n|switch|p2a: Azumarill|Azumarill, M, shiny|100\/100\n|turn|4\n|c|\u2606MrLukis|dise\u00f1o insipido es m\u00e1s rapido de lo que parece\n|\n|t:|1700596901\n|move|p1a: Dise\u00f1o Ins\u00edpido|Fire Blast|p2a: Azumarill|[miss]\n|-miss|p1a: Dise\u00f1o Ins\u00edpido|p2a: Azumarill\n|-zpower|p2a: Azumarill\n|move|p2a: Azumarill|Z-Belly Drum|p2a: Azumarill|[anim]Belly Drum\n|-damage|p2a: Azumarill|50\/100\n|-setboost|p2a: Azumarill|atk|6|[from] move: Belly Drum\n|\n|-weather|SunnyDay|[upkeep]\n|upkeep\n|turn|5\n|c|\u2606MrLukis|se acabo lo que se daba\n|\n|t:|1700596912\n|move|p2a: Azumarill|Aqua Jet|p1a: Dise\u00f1o Ins\u00edpido\n|-supereffective|p1a: Dise\u00f1o Ins\u00edpido\n|-damage|p1a: Dise\u00f1o Ins\u00edpido|0 fnt\n|faint|p1a: Dise\u00f1o Ins\u00edpido\n|\n|-weather|none\n|upkeep\n|\n|t:|1700596916\n|switch|p1a: Chocoflakes|Ferrothorn, M, shiny|100\/100\n|turn|6\n|\n|t:|1700596921\n|move|p2a: Azumarill|Knock Off|p1a: Chocoflakes\n|-damage|p1a: Chocoflakes|11\/100\n|-damage|p2a: Azumarill|38\/100|[from] ability: Iron Barbs|[of] p1a: Chocoflakes\n|-enditem|p1a: Chocoflakes|Leftovers|[from] move: Knock Off|[of] p2a: Azumarill\n|move|p1a: Chocoflakes|Gyro Ball|p2a: Azumarill\n|-damage|p2a: Azumarill|9\/100\n|\n|upkeep\n|turn|7\n|\n|t:|1700596932\n|move|p2a: Azumarill|Aqua Jet|p1a: Chocoflakes\n|-resisted|p1a: Chocoflakes\n|-damage|p1a: Chocoflakes|0 fnt\n|-damage|p2a: Azumarill|0 fnt|[from] ability: Iron Barbs|[of] p1a: Chocoflakes\n|faint|p1a: Chocoflakes\n|faint|p2a: Azumarill\n|\n|upkeep\n|c|\u2606Torrente777|gracias azumarill\n|\n|t:|1700596951\n|switch|p2a: Accelgor|Accelgor, F, shiny|100\/100\n|switch|p1a: Oveja Mallorquina|Ampharos, M, shiny|100\/100\n|turn|8\n|c|\u2606MrLukis|no dominas el poder de azumarill lo suficiente\n|\n|t:|1700596964\n|detailschange|p1a: Oveja Mallorquina|Ampharos-Mega, M, shiny\n|-mega|p1a: Oveja Mallorquina|Ampharos|Ampharosite\n|-ability|p1a: Oveja Mallorquina|Mold Breaker\n|move|p2a: Accelgor|Bug Buzz|p1a: Oveja Mallorquina\n|-damage|p1a: Oveja Mallorquina|41\/100\n|move|p1a: Oveja Mallorquina|Power Gem|p2a: Accelgor\n|-supereffective|p2a: Accelgor\n|-damage|p2a: Accelgor|0 fnt\n|faint|p2a: Accelgor\n|\n|upkeep\n|c|\u2606MrLukis|siempre pense que accelgor era fisico\n|\n|t:|1700596978\n|switch|p2a: Banette|Banette, M, shiny|100\/100\n|-item|p1a: Oveja Mallorquina|Ampharosite|[from] ability: Frisk|[of] p2a: Banette|[identify]\n|turn|9\n|\n|t:|1700596989\n|move|p2a: Banette|Disable|p1a: Oveja Mallorquina\n|-start|p1a: Oveja Mallorquina|Disable|Power Gem\n|move|p1a: Oveja Mallorquina|Thunderbolt|p2a: Banette\n|-damage|p2a: Banette|14\/100\n|\n|upkeep\n|turn|10\n|\n|t:|1700596997\n|switch|p1a: Pok\u00e9mon que mola|Alomomola, F, shiny|100\/100\n|move|p2a: Banette|Sucker Punch||[still]\n|-fail|p2a: Banette\n|\n|upkeep\n|turn|11\n|\n|t:|1700597003\n|move|p2a: Banette|Disable||[still]\n|-fail|p2a: Banette\n|move|p1a: Pok\u00e9mon que mola|Wish|p1a: Pok\u00e9mon que mola\n|\n|upkeep\n|turn|12\n|\n|t:|1700597007\n|move|p2a: Banette|Disable|p1a: Pok\u00e9mon que mola\n|-start|p1a: Pok\u00e9mon que mola|Disable|Wish\n|move|p1a: Pok\u00e9mon que mola|Flip Turn|p2a: Banette\n|-damage|p2a: Banette|0 fnt\n|faint|p2a: Banette\n|\n|t:|1700597014\n|switch|p1a: Oveja Mallorquina|Ampharos-Mega, M, shiny|41\/100|[from] Flip Turn\n|-ability|p1a: Oveja Mallorquina|Mold Breaker\n|\n|-heal|p1a: Oveja Mallorquina|100\/100|[from] move: Wish|[wisher] Pok\u00e9mon que mola\n|upkeep\n|\n|t:|1700597020\n|switch|p2a: Marowak|Marowak, F|100\/100\n|turn|13\n|\n|t:|1700597027\n|switch|p1a: Baneado de OU|Gliscor, M, shiny|100\/100\n|move|p2a: Marowak|Earthquake|p1a: Baneado de OU\n|-immune|p1a: Baneado de OU\n|\n|-status|p1a: Baneado de OU|tox|[from] item: Toxic Orb\n|upkeep\n|turn|14\n|\n|t:|1700597035\n|move|p1a: Baneado de OU|Toxic|p2a: Marowak\n|-status|p2a: Marowak|tox\n|move|p2a: Marowak|Knock Off|p1a: Baneado de OU\n|-damage|p1a: Baneado de OU|64\/100 tox\n|-enditem|p1a: Baneado de OU|Toxic Orb|[from] move: Knock Off|[of] p2a: Marowak\n|\n|-heal|p1a: Baneado de OU|76\/100 tox|[from] ability: Poison Heal\n|-damage|p2a: Marowak|94\/100 tox|[from] psn\n|upkeep\n|turn|15\n|c|\u2606MrLukis|toma poison heal para ti tambien\n|\n|t:|1700597047\n|move|p1a: Baneado de OU|Swords Dance|p1a: Baneado de OU\n|-boost|p1a: Baneado de OU|atk|2\n|move|p2a: Marowak|Stone Edge|p1a: Baneado de OU|[miss]\n|-miss|p2a: Marowak|p1a: Baneado de OU\n|\n|-heal|p1a: Baneado de OU|88\/100 tox|[from] ability: Poison Heal\n|-damage|p2a: Marowak|82\/100 tox|[from] psn\n|upkeep\n|turn|16\n|\n|t:|1700597056\n|move|p1a: Baneado de OU|Dual Wingbeat|p2a: Marowak\n|-damage|p2a: Marowak|48\/100 tox\n|-damage|p2a: Marowak|12\/100 tox\n|-hitcount|p2a: Marowak|2\n|move|p2a: Marowak|Stone Edge|p1a: Baneado de OU\n|-damage|p1a: Baneado de OU|47\/100 tox\n|\n|-heal|p1a: Baneado de OU|59\/100 tox|[from] ability: Poison Heal\n|-damage|p2a: Marowak|0 fnt|[from] psn\n|faint|p2a: Marowak\n|upkeep\n|c|\u2606MrLukis|no me mataba\n|\n|t:|1700597066\n|switch|p2a: Charizard|Charizard-Mega-Y, M|100\/100\n|-weather|SunnyDay|[from] ability: Drought|[of] p2a: Charizard\n|turn|17\n|\n|t:|1700597075\n|move|p2a: Charizard|Solar Beam||[still]\n|-prepare|p2a: Charizard|Solar Beam\n|-anim|p2a: Charizard|Solar Beam|p1a: Baneado de OU\n|-damage|p1a: Baneado de OU|0 fnt\n|faint|p1a: Baneado de OU\n|\n|-weather|SunnyDay|[upkeep]\n|upkeep\n|\n|t:|1700597079\n|switch|p1a: Oveja Mallorquina|Ampharos-Mega, M, shiny|100\/100\n|-ability|p1a: Oveja Mallorquina|Mold Breaker\n|turn|18\n|\n|t:|1700597085\n|move|p2a: Charizard|Focus Blast|p1a: Oveja Mallorquina\n|-damage|p1a: Oveja Mallorquina|55\/100\n|move|p1a: Oveja Mallorquina|Power Gem|p2a: Charizard\n|-supereffective|p2a: Charizard\n|-damage|p2a: Charizard|0 fnt\n|faint|p2a: Charizard\n|\n|win|MrLukis\n|c|\u2606MrLukis|gracias por todo oveja mallorquina\n|c|\u2606Torrente777|gracias por todo RNG\n|c|\u2606MrLukis|el rng me ha fallado m\u00e1s a mi\n","uploadtime":1700597110,"views":13,"p1id":"mrlukis","p2id":"torrente777","formatid":"gen9nationaldex","rating":0,"private":0,"password":""}