{"id":"gen9nationaldex-1998112427","p1":"CroccoGator","p2":"PunMasterKenobi","format":"[Gen 9] National Dex","log":"|html|<div class=\"broadcast-blue\"><strong>[Gen 9] National Dex is currently suspecting Sneasler! For information on how to participate check out the <a href=\"https:\/\/www.smogon.com\/forums\/threads\/sv-national-dex-suspect-8-just-dance.3731534\/\">suspect thread<\/a>.<\/strong><\/div>\n|j|\u2606CroccoGator\n|j|\u2606PunMasterKenobi\n|t:|1700893472\n|gametype|singles\n|player|p1|CroccoGator|n-masters|\n|player|p2|PunMasterKenobi|1|\n|teamsize|p1|6\n|teamsize|p2|6\n|gen|9\n|tier|[Gen 9] National Dex\n|rule|HP Percentage Mod: HP is shown in percentages\n|rule|Endless Battle Clause: Forcing endless battles is banned\n|rule|OHKO Clause: OHKO moves are banned\n|rule|Evasion Clause: Evasion abilities, items, and moves are banned\n|rule|Evasion Abilities Clause: Evasion abilities are banned\n|rule|Evasion Items Clause: Evasion items are banned\n|rule|Evasion Moves Clause: Evasion moves are banned\n|rule|Species Clause: Limit one of each Pok\u00e9mon\n|rule|Sleep Clause Mod: Limit one foe put to sleep\n|clearpoke\n|poke|p1|Skeledirge, M|\n|poke|p1|Urshifu-*, M|\n|poke|p1|Krookodile, M|\n|poke|p1|Ursaluna, F|\n|poke|p1|Hatterene, F|\n|poke|p1|Glimmora, F|\n|poke|p2|Serperior, M|\n|poke|p2|Klefki, F|\n|poke|p2|Landorus-Therian, M|\n|poke|p2|Tyranitar, F|\n|poke|p2|Excadrill, M|\n|poke|p2|Scizor, M|\n|teampreview\n|j| HOTDOHG\n|c| HOTDOHG|r\n|\n|t:|1700893498\n|start\n|switch|p1a: Simba|Glimmora, F|100\/100\n|switch|p2a: Nippy NEO|Scizor, M|100\/100\n|turn|1\n|\n|t:|1700893506\n|move|p2a: Nippy NEO|Bullet Punch|p1a: Simba\n|-supereffective|p1a: Simba\n|-damage|p1a: Simba|17\/100\n|-activate|p1a: Simba|ability: Toxic Debris\n|-sidestart|p2: PunMasterKenobi|move: Toxic Spikes\n|-damage|p2a: Nippy NEO|91\/100|[from] item: Life Orb\n|move|p1a: Simba|Stealth Rock|p2a: Nippy NEO\n|-sidestart|p2: PunMasterKenobi|move: Stealth Rock\n|\n|upkeep\n|turn|2\n|j| Rikudoku\n|\n|t:|1700893523\n|switch|p1a: Irwin|Skeledirge, M|100\/100\n|move|p2a: Nippy NEO|Bullet Punch|p1a: Irwin\n|-resisted|p1a: Irwin\n|-damage|p1a: Irwin|91\/100\n|-damage|p2a: Nippy NEO|81\/100|[from] item: Life Orb\n|\n|-heal|p1a: Irwin|97\/100|[from] item: Leftovers\n|upkeep\n|turn|3\n|\n|t:|1700893539\n|move|p1a: Irwin|Torch Song|p2a: Nippy NEO\n|-supereffective|p2a: Nippy NEO\n|-crit|p2a: Nippy NEO\n|-damage|p2a: Nippy NEO|0 fnt\n|-boost|p1a: Irwin|spa|1\n|faint|p2a: Nippy NEO\n|\n|-heal|p1a: Irwin|100\/100|[from] item: Leftovers\n|upkeep\n|\n|t:|1700893548\n|switch|p2a: La Vie Boh\u00e8me|Landorus-Therian, M|100\/100\n|-damage|p2a: La Vie Boh\u00e8me|88\/100|[from] Stealth Rock\n|-ability|p2a: La Vie Boh\u00e8me|Intimidate|boost\n|-unboost|p1a: Irwin|atk|1\n|turn|4\n|\n|t:|1700893569\n|switch|p1a: Simba|Glimmora, F|17\/100\n|move|p2a: La Vie Boh\u00e8me|Earthquake|p1a: Simba\n|-supereffective|p1a: Simba\n|-damage|p1a: Simba|0 fnt\n|-activate|p1a: Simba|ability: Toxic Debris\n|-sidestart|p2: PunMasterKenobi|move: Toxic Spikes\n|faint|p1a: Simba\n|\n|-heal|p2a: La Vie Boh\u00e8me|94\/100|[from] item: Leftovers\n|upkeep\n|\n|t:|1700893578\n|switch|p1a: Boo-Boo|Urshifu-Rapid-Strike, M|100\/100\n|turn|5\n|\n|t:|1700893586\n|switch|p2a: Slush Bucket|Klefki, F|100\/100\n|-damage|p2a: Slush Bucket|95\/100|[from] Stealth Rock\n|move|p1a: Boo-Boo|Surging Strikes|p2a: Slush Bucket\n|-crit|p2a: Slush Bucket\n|-damage|p2a: Slush Bucket|79\/100\n|-damage|p1a: Boo-Boo|84\/100|[from] item: Rocky Helmet|[of] p2a: Slush Bucket\n|-crit|p2a: Slush Bucket\n|-damage|p2a: Slush Bucket|63\/100\n|-damage|p1a: Boo-Boo|68\/100|[from] item: Rocky Helmet|[of] p2a: Slush Bucket\n|-crit|p2a: Slush Bucket\n|-damage|p2a: Slush Bucket|47\/100\n|-damage|p1a: Boo-Boo|51\/100|[from] item: Rocky Helmet|[of] p2a: Slush Bucket\n|-hitcount|p2a: Slush Bucket|3\n|\n|-heal|p1a: Boo-Boo|57\/100|[from] item: Leftovers\n|upkeep\n|turn|6\n|\n|t:|1700893602\n|move|p1a: Boo-Boo|Drain Punch|p2a: Slush Bucket\n|-damage|p2a: Slush Bucket|12\/100\n|-heal|p1a: Boo-Boo|74\/100|[from] drain|[of] p2a: Slush Bucket\n|-damage|p1a: Boo-Boo|57\/100|[from] item: Rocky Helmet|[of] p2a: Slush Bucket\n|move|p2a: Slush Bucket|Dazzling Gleam|p1a: Boo-Boo\n|-supereffective|p1a: Boo-Boo\n|-damage|p1a: Boo-Boo|0 fnt\n|faint|p1a: Boo-Boo\n|\n|upkeep\n|\n|t:|1700893612\n|switch|p1a: Irwin|Skeledirge, M|100\/100\n|turn|7\n|\n|t:|1700893616\n|move|p2a: Slush Bucket|Toxic|p1a: Irwin\n|-status|p1a: Irwin|tox\n|move|p1a: Irwin|Torch Song|p2a: Slush Bucket\n|-supereffective|p2a: Slush Bucket\n|-damage|p2a: Slush Bucket|0 fnt\n|-boost|p1a: Irwin|spa|1\n|faint|p2a: Slush Bucket\n|\n|-damage|p1a: Irwin|94\/100 tox|[from] psn\n|upkeep\n|\n|t:|1700893626\n|switch|p2a: La Vie Boh\u00e8me|Landorus-Therian, M|94\/100\n|-damage|p2a: La Vie Boh\u00e8me|82\/100|[from] Stealth Rock\n|-ability|p2a: La Vie Boh\u00e8me|Intimidate|boost\n|-unboost|p1a: Irwin|atk|1\n|turn|8\n|\n|t:|1700893633\n|-terastallize|p1a: Irwin|Fairy\n|move|p2a: La Vie Boh\u00e8me|Defog|p1a: Irwin\n|-unboost|p1a: Irwin|evasion|1\n|-sideend|p2: PunMasterKenobi|Toxic Spikes|[from] move: Defog|[of] p2a: La Vie Boh\u00e8me\n|-sideend|p2: PunMasterKenobi|Stealth Rock|[from] move: Defog|[of] p2a: La Vie Boh\u00e8me\n|move|p1a: Irwin|Torch Song|p2a: La Vie Boh\u00e8me\n|-damage|p2a: La Vie Boh\u00e8me|47\/100\n|-boost|p1a: Irwin|spa|1\n|\n|-heal|p2a: La Vie Boh\u00e8me|53\/100|[from] item: Leftovers\n|-heal|p1a: Irwin|100\/100 tox|[from] item: Leftovers\n|-damage|p1a: Irwin|88\/100 tox|[from] psn\n|upkeep\n|turn|9\n|\n|t:|1700893648\n|move|p2a: La Vie Boh\u00e8me|Earthquake|p1a: Irwin\n|-damage|p1a: Irwin|61\/100 tox\n|move|p1a: Irwin|Torch Song|p2a: La Vie Boh\u00e8me\n|-damage|p2a: La Vie Boh\u00e8me|5\/100\n|-boost|p1a: Irwin|spa|1\n|\n|-heal|p2a: La Vie Boh\u00e8me|11\/100|[from] item: Leftovers\n|-heal|p1a: Irwin|67\/100 tox|[from] item: Leftovers\n|-damage|p1a: Irwin|49\/100 tox|[from] psn\n|upkeep\n|turn|10\n|\n|t:|1700893668\n|switch|p1a: Yogi|Ursaluna, F|100\/100\n|move|p2a: La Vie Boh\u00e8me|Earthquake|p1a: Yogi\n|-crit|p1a: Yogi\n|-damage|p1a: Yogi|52\/100\n|\n|-heal|p2a: La Vie Boh\u00e8me|18\/100|[from] item: Leftovers\n|-status|p1a: Yogi|brn|[from] item: Flame Orb\n|upkeep\n|turn|11\n|\n|t:|1700893682\n|move|p2a: La Vie Boh\u00e8me|Earthquake|p1a: Yogi\n|-damage|p1a: Yogi|20\/100 brn\n|move|p1a: Yogi|Facade|p2a: La Vie Boh\u00e8me\n|-damage|p2a: La Vie Boh\u00e8me|0 fnt\n|faint|p2a: La Vie Boh\u00e8me\n|\n|-damage|p1a: Yogi|14\/100 brn|[from] brn\n|upkeep\n|\n|t:|1700893691\n|switch|p2a: WILD BEAST|Serperior, M, shiny|100\/100\n|turn|12\n|\n|t:|1700893714\n|switch|p1a: Hailey|Hatterene, F|100\/100\n|move|p2a: WILD BEAST|Leaf Storm|p1a: Hailey\n|-damage|p1a: Hailey|54\/100\n|-boost|p2a: WILD BEAST|spa|2\n|\n|-heal|p1a: Hailey|60\/100|[from] item: Leftovers\n|upkeep\n|turn|13\n|\n|t:|1700893725\n|move|p2a: WILD BEAST|Substitute|p2a: WILD BEAST\n|-start|p2a: WILD BEAST|Substitute\n|-damage|p2a: WILD BEAST|76\/100\n|move|p1a: Hailey|Trick Room|p1a: Hailey\n|-fieldstart|move: Trick Room|[of] p1a: Hailey\n|\n|-heal|p1a: Hailey|66\/100|[from] item: Leftovers\n|-heal|p2a: WILD BEAST|82\/100|[from] item: Leftovers\n|upkeep\n|turn|14\n|\n|t:|1700893732\n|switch|p1a: Irwin|Skeledirge, M, tera:Fairy|49\/100 tox\n|move|p2a: WILD BEAST|Leaf Storm|p1a: Irwin\n|-damage|p1a: Irwin|0 fnt\n|-boost|p2a: WILD BEAST|spa|2\n|faint|p1a: Irwin\n|\n|-heal|p2a: WILD BEAST|88\/100|[from] item: Leftovers\n|upkeep\n|\n|t:|1700893742\n|switch|p1a: Yogi|Ursaluna, F|14\/100 brn\n|turn|15\n|\n|t:|1700893745\n|move|p1a: Yogi|Fire Punch|p2a: WILD BEAST\n|-supereffective|p2a: WILD BEAST\n|-crit|p2a: WILD BEAST\n|-end|p2a: WILD BEAST|Substitute\n|move|p2a: WILD BEAST|Hidden Power|p1a: Yogi\n|-damage|p1a: Yogi|0 fnt\n|faint|p1a: Yogi\n|\n|-heal|p2a: WILD BEAST|94\/100|[from] item: Leftovers\n|upkeep\n|\n|t:|1700893754\n|switch|p1a: Odalwa|Krookodile, M|100\/100\n|turn|16\n|\n|t:|1700893762\n|move|p2a: WILD BEAST|Leaf Storm|p1a: Odalwa\n|-supereffective|p1a: Odalwa\n|-damage|p1a: Odalwa|0 fnt\n|-boost|p2a: WILD BEAST|spa|2\n|faint|p1a: Odalwa\n|\n|-heal|p2a: WILD BEAST|100\/100|[from] item: Leftovers\n|upkeep\n|\n|t:|1700893769\n|switch|p1a: Hailey|Hatterene, F|66\/100\n|turn|17\n|\n|t:|1700893774\n|move|p1a: Hailey|Psychic|p2a: WILD BEAST\n|-damage|p2a: WILD BEAST|33\/100\n|move|p2a: WILD BEAST|Leaf Storm|p1a: Hailey\n|-damage|p1a: Hailey|0 fnt\n|faint|p1a: Hailey\n|\n|win|PunMasterKenobi\n","uploadtime":1700893781,"views":32,"p1id":"croccogator","p2id":"punmasterkenobi","formatid":"gen9nationaldex","rating":0,"private":0,"password":""}