{"id":"gen9nationaldex-2000325966","p1":"boi in the back","p2":"Kirayoshikage43","format":"[Gen 9] National Dex","log":"|html|<div class=\"broadcast-blue\"><strong>[Gen 9] National Dex is currently suspecting Sneasler! For information on how to participate check out the <a href=\"https:\/\/www.smogon.com\/forums\/threads\/sv-national-dex-suspect-8-just-dance.3731534\/\">suspect thread<\/a>.<\/strong><\/div>\n|j|\u2606boi in the back\n|j|\u2606Kirayoshikage43\n|t:|1701185169\n|gametype|singles\n|player|p1|boi in the back|penny|1144\n|player|p2|Kirayoshikage43|dawn|1196\n|teamsize|p1|6\n|teamsize|p2|6\n|gen|9\n|tier|[Gen 9] National Dex\n|rated|\n|rule|HP Percentage Mod: HP is shown in percentages\n|rule|Endless Battle Clause: Forcing endless battles is banned\n|rule|OHKO Clause: OHKO moves are banned\n|rule|Evasion Clause: Evasion abilities, items, and moves are banned\n|rule|Evasion Abilities Clause: Evasion abilities are banned\n|rule|Evasion Items Clause: Evasion items are banned\n|rule|Evasion Moves Clause: Evasion moves are banned\n|rule|Species Clause: Limit one of each Pok\u00e9mon\n|rule|Sleep Clause Mod: Limit one foe put to sleep\n|clearpoke\n|poke|p1|Victini|\n|poke|p1|Charizard, F|\n|poke|p1|Tornadus-Therian, M|\n|poke|p1|Sinistcha|\n|poke|p1|Gliscor, M|\n|poke|p1|Toxapex, M|\n|poke|p2|Dragonite, F|\n|poke|p2|Diancie|\n|poke|p2|Zamazenta-*|\n|poke|p2|Hatterene, F|\n|poke|p2|Samurott-Hisui, M|\n|poke|p2|Banette, F|\n|teampreview\n|inactive|Battle timer is ON: inactive players will automatically lose when time's up. (requested by boi in the back)\n|inactive|Kirayoshikage43 also wants the timer to be on.\n|\n|t:|1701185180\n|start\n|switch|p1a: Charizard|Charizard, F|100\/100\n|switch|p2a: Dragonite|Dragonite, F|100\/100\n|turn|1\n|\n|t:|1701185195\n|detailschange|p1a: Charizard|Charizard-Mega-Y, F\n|-mega|p1a: Charizard|Charizard|Charizardite Y\n|-weather|SunnyDay|[from] ability: Drought|[of] p1a: Charizard\n|move|p1a: Charizard|Weather Ball|p2a: Dragonite\n|-resisted|p2a: Dragonite\n|-crit|p2a: Dragonite\n|-damage|p2a: Dragonite|68\/100\n|move|p2a: Dragonite|Curse|p2a: Dragonite\n|-unboost|p2a: Dragonite|spe|1\n|-boost|p2a: Dragonite|atk|1\n|-boost|p2a: Dragonite|def|1\n|\n|-weather|SunnyDay|[upkeep]\n|-heal|p2a: Dragonite|74\/100|[from] item: Leftovers\n|upkeep\n|turn|2\n|\n|t:|1701185212\n|move|p2a: Dragonite|Extreme Speed|p1a: Charizard\n|-damage|p1a: Charizard|54\/100\n|move|p1a: Charizard|Air Slash|p2a: Dragonite\n|-damage|p2a: Dragonite|33\/100\n|\n|-weather|SunnyDay|[upkeep]\n|-heal|p2a: Dragonite|39\/100|[from] item: Leftovers\n|upkeep\n|turn|3\n|\n|t:|1701185220\n|move|p1a: Charizard|Roost|p1a: Charizard\n|-heal|p1a: Charizard|100\/100\n|-singleturn|p1a: Charizard|move: Roost\n|move|p2a: Dragonite|Roost|p2a: Dragonite\n|-heal|p2a: Dragonite|89\/100\n|-singleturn|p2a: Dragonite|move: Roost\n|\n|-weather|SunnyDay|[upkeep]\n|-heal|p2a: Dragonite|95\/100|[from] item: Leftovers\n|upkeep\n|turn|4\n|\n|t:|1701185226\n|move|p2a: Dragonite|Extreme Speed|p1a: Charizard\n|-damage|p1a: Charizard|49\/100\n|move|p1a: Charizard|Air Slash|p2a: Dragonite\n|-damage|p2a: Dragonite|49\/100\n|\n|-weather|SunnyDay|[upkeep]\n|-heal|p2a: Dragonite|55\/100|[from] item: Leftovers\n|upkeep\n|turn|5\n|\n|t:|1701185232\n|move|p2a: Dragonite|Extreme Speed|p1a: Charizard\n|-damage|p1a: Charizard|0 fnt\n|faint|p1a: Charizard\n|\n|-weather|none\n|-heal|p2a: Dragonite|62\/100|[from] item: Leftovers\n|upkeep\n|\n|t:|1701185235\n|switch|p1a: Sinistcha|Sinistcha|100\/100\n|turn|6\n|\n|t:|1701185242\n|move|p1a: Sinistcha|Calm Mind|p1a: Sinistcha\n|-boost|p1a: Sinistcha|spa|1\n|-boost|p1a: Sinistcha|spd|1\n|move|p2a: Dragonite|Tera Blast|p1a: Sinistcha\n|-immune|p1a: Sinistcha\n|\n|-heal|p2a: Dragonite|68\/100|[from] item: Leftovers\n|upkeep\n|turn|7\n|c|\u2606boi in the back|why did it use the water animation\n|\n|t:|1701185264\n|move|p1a: Sinistcha|Shadow Ball|p2a: Dragonite\n|-damage|p2a: Dragonite|15\/100\n|move|p2a: Dragonite|Curse|p2a: Dragonite\n|-unboost|p2a: Dragonite|spe|1\n|-boost|p2a: Dragonite|atk|1\n|-boost|p2a: Dragonite|def|1\n|\n|-heal|p2a: Dragonite|21\/100|[from] item: Leftovers\n|upkeep\n|turn|8\n|\n|t:|1701185275\n|move|p2a: Dragonite|Extreme Speed|p1a: Sinistcha\n|-immune|p1a: Sinistcha\n|move|p1a: Sinistcha|Calm Mind|p1a: Sinistcha\n|-boost|p1a: Sinistcha|spa|1\n|-boost|p1a: Sinistcha|spd|1\n|\n|-heal|p2a: Dragonite|27\/100|[from] item: Leftovers\n|upkeep\n|turn|9\n|\n|t:|1701185294\n|switch|p2a: Zamazenta|Zamazenta|100\/100\n|-ability|p2a: Zamazenta|Dauntless Shield|boost\n|-boost|p2a: Zamazenta|def|1\n|move|p1a: Sinistcha|Shadow Ball|p2a: Zamazenta\n|-crit|p2a: Zamazenta\n|-damage|p2a: Zamazenta|0 fnt\n|faint|p2a: Zamazenta\n|\n|upkeep\n|\n|t:|1701185301\n|switch|p2a: Banette|Banette, F|100\/100\n|turn|10\n|\n|t:|1701185308\n|detailschange|p2a: Banette|Banette-Mega, F\n|-mega|p2a: Banette|Banette|Banettite\n|move|p2a: Banette|Destiny Bond|p2a: Banette\n|-singlemove|p2a: Banette|Destiny Bond\n|move|p1a: Sinistcha|Strength Sap|p2a: Banette\n|-unboost|p2a: Banette|atk|1\n|\n|upkeep\n|turn|11\n|\n|t:|1701185318\n|move|p2a: Banette|Gunk Shot|p1a: Sinistcha\n|-damage|p1a: Sinistcha|72\/100\n|move|p1a: Sinistcha|Shadow Ball|p2a: Banette\n|-supereffective|p2a: Banette\n|-damage|p2a: Banette|0 fnt\n|faint|p2a: Banette\n|\n|-heal|p1a: Sinistcha|79\/100|[from] item: Leftovers\n|upkeep\n|\n|t:|1701185323\n|switch|p2a: Diancie|Diancie|100\/100\n|turn|12\n|\n|t:|1701185326\n|move|p1a: Sinistcha|Matcha Gotcha|p2a: Diancie\n|-supereffective|p2a: Diancie\n|-damage|p2a: Diancie|0 fnt\n|-heal|p1a: Sinistcha|100\/100|[from] drain|[of] p2a: Diancie\n|faint|p2a: Diancie\n|\n|upkeep\n|\n|t:|1701185330\n|switch|p2a: Hatterene|Hatterene, F|100\/100\n|turn|13\n|\n|t:|1701185333\n|move|p1a: Sinistcha|Shadow Ball|p2a: Hatterene\n|-supereffective|p2a: Hatterene\n|-damage|p2a: Hatterene|0 fnt\n|faint|p2a: Hatterene\n|\n|upkeep\n|\n|t:|1701185336\n|switch|p2a: Samurott|Samurott-Hisui, M|100\/100\n|turn|14\n|\n|t:|1701185345\n|move|p2a: Samurott|Ceaseless Edge|p1a: Sinistcha\n|-supereffective|p1a: Sinistcha\n|-damage|p1a: Sinistcha|34\/100\n|-sidestart|p1: boi in the back|Spikes\n|move|p1a: Sinistcha|Matcha Gotcha|p2a: Samurott\n|-supereffective|p2a: Samurott\n|-damage|p2a: Samurott|0 fnt\n|-heal|p1a: Sinistcha|81\/100|[from] drain|[of] p2a: Samurott\n|faint|p2a: Samurott\n|\n|-heal|p1a: Sinistcha|87\/100|[from] item: Leftovers\n|upkeep\n|\n|t:|1701185349\n|switch|p2a: Dragonite|Dragonite, F|27\/100\n|turn|15\n|\n|t:|1701185355\n|-terastallize|p2a: Dragonite|Dragon\n|move|p2a: Dragonite|Extreme Speed|p1a: Sinistcha\n|-immune|p1a: Sinistcha\n|move|p1a: Sinistcha|Matcha Gotcha|p2a: Dragonite\n|-resisted|p2a: Dragonite\n|-damage|p2a: Dragonite|0 fnt\n|-heal|p1a: Sinistcha|100\/100|[from] drain|[of] p2a: Dragonite\n|faint|p2a: Dragonite\n|\n|win|boi in the back\n|raw|boi in the back's rating: 1144 &rarr; <strong>1173<\/strong><br \/>(+29 for winning)\n|raw|Kirayoshikage43's rating: 1196 &rarr; <strong>1167<\/strong><br \/>(-29 for losing)\n|l|\u2606Kirayoshikage43\n","uploadtime":1701185367,"views":5,"p1id":"boiintheback","p2id":"kirayoshikage43","formatid":"gen9nationaldex","rating":1167,"private":0,"password":""}