{"id":"gen9nationaldex-1989344812","p1":"bacontwin","p2":"misternp","format":"[Gen 9] National Dex","log":"|j|\u2606bacontwin\n|j|\u2606misternp\n|t:|1699838814\n|gametype|singles\n|player|p1|bacontwin|169|\n|player|p2|misternp|koga|\n|teamsize|p1|6\n|teamsize|p2|6\n|gen|9\n|tier|[Gen 9] National Dex\n|rule|HP Percentage Mod: HP is shown in percentages\n|rule|Endless Battle Clause: Forcing endless battles is banned\n|rule|OHKO Clause: OHKO moves are banned\n|rule|Evasion Clause: Evasion abilities, items, and moves are banned\n|rule|Evasion Abilities Clause: Evasion abilities are banned\n|rule|Evasion Items Clause: Evasion items are banned\n|rule|Evasion Moves Clause: Evasion moves are banned\n|rule|Species Clause: Limit one of each Pok\u00e9mon\n|rule|Sleep Clause Mod: Limit one foe put to sleep\n|clearpoke\n|poke|p1|Starmie|\n|poke|p1|Overqwil, F|\n|poke|p1|Rotom-Heat|\n|poke|p1|Lickilicky, F|\n|poke|p1|Tyranitar, M|\n|poke|p1|Lucario, F|\n|poke|p2|Ditto|\n|poke|p2|Iron Hands|\n|poke|p2|Torterra, F|\n|poke|p2|Clawitzer, M|\n|poke|p2|Malamar, F|\n|poke|p2|Slaking, M|\n|teampreview\n|\n|t:|1699838827\n|start\n|switch|p1a: Tootsie Poppins|Lickilicky, F|100\/100\n|switch|p2a: BIG MEATY CLAWS|Clawitzer, M|100\/100\n|turn|1\n|\n|t:|1699838834\n|move|p2a: BIG MEATY CLAWS|Aura Sphere|p1a: Tootsie Poppins\n|-supereffective|p1a: Tootsie Poppins\n|-damage|p1a: Tootsie Poppins|22\/100\n|move|p1a: Tootsie Poppins|Toxic|p2a: BIG MEATY CLAWS\n|-status|p2a: BIG MEATY CLAWS|tox\n|\n|-heal|p1a: Tootsie Poppins|28\/100|[from] item: Leftovers\n|-damage|p2a: BIG MEATY CLAWS|94\/100 tox|[from] psn\n|upkeep\n|turn|2\n|\n|t:|1699838847\n|switch|p1a: Shuriken|Starmie, shiny|100\/100\n|move|p2a: BIG MEATY CLAWS|Water Pulse|p1a: Shuriken\n|-resisted|p1a: Shuriken\n|-damage|p1a: Shuriken|62\/100\n|\n|-damage|p2a: BIG MEATY CLAWS|82\/100 tox|[from] psn\n|upkeep\n|turn|3\n|\n|t:|1699838862\n|switch|p2a: Catch Deez Hands|Iron Hands|100\/100\n|move|p1a: Shuriken|Psychic|p2a: Catch Deez Hands\n|-supereffective|p2a: Catch Deez Hands\n|-damage|p2a: Catch Deez Hands|42\/100\n|-damage|p1a: Shuriken|52\/100|[from] item: Life Orb\n|\n|upkeep\n|turn|4\n|\n|t:|1699838872\n|-end|p2a: Catch Deez Hands|Quark Drive|[silent]\n|switch|p2a: Kuthulu?|Malamar, F|100\/100\n|move|p1a: Shuriken|Psychic|p2a: Kuthulu?\n|-immune|p2a: Kuthulu?\n|\n|upkeep\n|turn|5\n|\n|t:|1699838882\n|switch|p1a: Reptar|Tyranitar, M|100\/100\n|-weather|Sandstorm|[from] ability: Sand Stream|[of] p1a: Reptar\n|move|p2a: Kuthulu?|Knock Off|p1a: Reptar\n|-resisted|p1a: Reptar\n|-damage|p1a: Reptar|90\/100\n|-enditem|p1a: Reptar|Assault Vest|[from] move: Knock Off|[of] p2a: Kuthulu?\n|\n|-weather|Sandstorm|[upkeep]\n|-damage|p2a: Kuthulu?|94\/100|[from] Sandstorm\n|-heal|p2a: Kuthulu?|100\/100|[from] item: Leftovers\n|upkeep\n|turn|6\n|\n|t:|1699838901\n|move|p2a: Kuthulu?|Superpower|p1a: Reptar\n|-supereffective|p1a: Reptar\n|-damage|p1a: Reptar|10\/100\n|-boost|p2a: Kuthulu?|atk|1\n|-boost|p2a: Kuthulu?|def|1\n|move|p1a: Reptar|Stone Edge|p2a: Kuthulu?\n|-damage|p2a: Kuthulu?|59\/100\n|\n|-weather|Sandstorm|[upkeep]\n|-damage|p2a: Kuthulu?|53\/100|[from] Sandstorm\n|-heal|p2a: Kuthulu?|59\/100|[from] item: Leftovers\n|upkeep\n|turn|7\n|\n|t:|1699838914\n|switch|p1a: Star Fox|Lucario, F, shiny|100\/100\n|move|p2a: Kuthulu?|Superpower|p1a: Star Fox\n|-supereffective|p1a: Star Fox\n|-enditem|p1a: Star Fox|Focus Sash\n|-damage|p1a: Star Fox|1\/100\n|-boost|p2a: Kuthulu?|atk|1\n|-boost|p2a: Kuthulu?|def|1\n|\n|-weather|Sandstorm|[upkeep]\n|-damage|p2a: Kuthulu?|53\/100|[from] Sandstorm\n|-heal|p2a: Kuthulu?|59\/100|[from] item: Leftovers\n|upkeep\n|turn|8\n|\n|t:|1699838947\n|move|p1a: Star Fox|Close Combat|p2a: Kuthulu?\n|-damage|p2a: Kuthulu?|32\/100\n|-unboost|p1a: Star Fox|def|1\n|-unboost|p1a: Star Fox|spd|1\n|move|p2a: Kuthulu?|Superpower|p1a: Star Fox\n|-supereffective|p1a: Star Fox\n|-damage|p1a: Star Fox|0 fnt\n|-boost|p2a: Kuthulu?|atk|1\n|-boost|p2a: Kuthulu?|def|1\n|faint|p1a: Star Fox\n|\n|-weather|Sandstorm|[upkeep]\n|-damage|p2a: Kuthulu?|25\/100|[from] Sandstorm\n|-heal|p2a: Kuthulu?|32\/100|[from] item: Leftovers\n|upkeep\n|\n|t:|1699838967\n|switch|p1a: Tootsie Poppins|Lickilicky, F|28\/100\n|turn|9\n|\n|t:|1699838973\n|move|p2a: Kuthulu?|Rest|p2a: Kuthulu?\n|-status|p2a: Kuthulu?|slp|[from] move: Rest\n|-heal|p2a: Kuthulu?|100\/100 slp|[silent]\n|move|p1a: Tootsie Poppins|Toxic||[still]\n|-fail|p1a: Tootsie Poppins\n|\n|-weather|none\n|-heal|p1a: Tootsie Poppins|35\/100|[from] item: Leftovers\n|upkeep\n|turn|10\n|\n|t:|1699838985\n|cant|p2a: Kuthulu?|slp\n|move|p2a: Kuthulu?|Sleep Talk|p2a: Kuthulu?\n|move|p2a: Kuthulu?|Knock Off|p1a: Tootsie Poppins|[from]move: Sleep Talk\n|-damage|p1a: Tootsie Poppins|0 fnt\n|-enditem|p1a: Tootsie Poppins|Leftovers|[from] move: Knock Off|[of] p2a: Kuthulu?\n|faint|p1a: Tootsie Poppins\n|\n|upkeep\n|\n|t:|1699838999\n|switch|p1a: mIcRoWaVe GrEaSe|Rotom-Heat|100\/100\n|turn|11\n|\n|t:|1699839010\n|move|p1a: mIcRoWaVe GrEaSe|Overheat|p2a: Kuthulu?\n|-damage|p2a: Kuthulu?|49\/100 slp\n|-unboost|p1a: mIcRoWaVe GrEaSe|spa|2\n|cant|p2a: Kuthulu?|slp\n|move|p2a: Kuthulu?|Sleep Talk|p2a: Kuthulu?\n|move|p2a: Kuthulu?|Knock Off|p1a: mIcRoWaVe GrEaSe|[from]move: Sleep Talk\n|-damage|p1a: mIcRoWaVe GrEaSe|3\/100\n|-enditem|p1a: mIcRoWaVe GrEaSe|Choice Scarf|[from] move: Knock Off|[of] p2a: Kuthulu?\n|\n|-heal|p2a: Kuthulu?|56\/100 slp|[from] item: Leftovers\n|upkeep\n|turn|12\n|\n|t:|1699839026\n|move|p1a: mIcRoWaVe GrEaSe|Thunderbolt|p2a: Kuthulu?\n|-damage|p2a: Kuthulu?|38\/100 slp\n|-curestatus|p2a: Kuthulu?|slp|[msg]\n|move|p2a: Kuthulu?|Superpower|p1a: mIcRoWaVe GrEaSe\n|-damage|p1a: mIcRoWaVe GrEaSe|0 fnt\n|-boost|p2a: Kuthulu?|atk|1\n|-boost|p2a: Kuthulu?|def|1\n|faint|p1a: mIcRoWaVe GrEaSe\n|\n|-heal|p2a: Kuthulu?|44\/100|[from] item: Leftovers\n|upkeep\n|\n|t:|1699839038\n|switch|p1a: Shuriken|Starmie, shiny|52\/100\n|turn|13\n|\n|t:|1699839046\n|-terastallize|p1a: Shuriken|Ice\n|move|p1a: Shuriken|Ice Beam|p2a: Kuthulu?\n|-damage|p2a: Kuthulu?|6\/100\n|-status|p2a: Kuthulu?|frz\n|-damage|p1a: Shuriken|42\/100|[from] item: Life Orb\n|cant|p2a: Kuthulu?|frz\n|\n|-heal|p2a: Kuthulu?|12\/100 frz|[from] item: Leftovers\n|upkeep\n|turn|14\n|\n|t:|1699839056\n|move|p1a: Shuriken|Ice Beam|p2a: Kuthulu?\n|-damage|p2a: Kuthulu?|0 fnt\n|faint|p2a: Kuthulu?\n|-damage|p1a: Shuriken|32\/100|[from] item: Life Orb\n|\n|upkeep\n|\n|t:|1699839059\n|switch|p2a: Chris P|Slaking, M|100\/100\n|turn|15\n|\n|t:|1699839066\n|move|p1a: Shuriken|Ice Beam|p2a: Chris P\n|-damage|p2a: Chris P|42\/100\n|-damage|p1a: Shuriken|22\/100|[from] item: Life Orb\n|move|p2a: Chris P|Retaliate|p1a: Shuriken\n|-damage|p1a: Shuriken|0 fnt\n|faint|p1a: Shuriken\n|\n|upkeep\n|\n|t:|1699839074\n|switch|p1a: Reptar|Tyranitar, M|10\/100\n|-weather|Sandstorm|[from] ability: Sand Stream|[of] p1a: Reptar\n|turn|16\n|\n|t:|1699839084\n|switch|p2a: BritheFryGuy|Torterra, F|100\/100\n|move|p1a: Reptar|Knock Off|p2a: BritheFryGuy\n|-damage|p2a: BritheFryGuy|48\/100\n|-enditem|p2a: BritheFryGuy|Loaded Dice|[from] move: Knock Off|[of] p1a: Reptar\n|\n|-weather|Sandstorm|[upkeep]\n|upkeep\n|turn|17\n|\n|t:|1699839098\n|move|p2a: BritheFryGuy|Bullet Seed|p1a: Reptar\n|-supereffective|p1a: Reptar\n|-damage|p1a: Reptar|0 fnt\n|faint|p1a: Reptar\n|-hitcount|p1: Reptar|1\n|\n|-weather|Sandstorm|[upkeep]\n|upkeep\n|\n|t:|1699839103\n|switch|p1a: Mrs. Puff|Overqwil, F, shiny|100\/100\n|-ability|p1a: Mrs. Puff|Intimidate|boost\n|-unboost|p2a: BritheFryGuy|atk|1\n|turn|18\n|\n|t:|1699839117\n|switch|p2a: Catch Deez Hands|Iron Hands|42\/100\n|move|p1a: Mrs. Puff|Crunch|p2a: Catch Deez Hands\n|-resisted|p2a: Catch Deez Hands\n|-crit|p2a: Catch Deez Hands\n|-damage|p2a: Catch Deez Hands|27\/100\n|\n|-weather|Sandstorm|[upkeep]\n|-damage|p1a: Mrs. Puff|94\/100|[from] Sandstorm\n|-damage|p2a: Catch Deez Hands|20\/100|[from] Sandstorm\n|upkeep\n|turn|19\n|\n|t:|1699839125\n|move|p1a: Mrs. Puff|Liquidation|p2a: Catch Deez Hands\n|-damage|p2a: Catch Deez Hands|6\/100\n|move|p2a: Catch Deez Hands|Earthquake|p1a: Mrs. Puff\n|-supereffective|p1a: Mrs. Puff\n|-damage|p1a: Mrs. Puff|53\/100\n|\n|-weather|Sandstorm|[upkeep]\n|-damage|p1a: Mrs. Puff|47\/100|[from] Sandstorm\n|-damage|p2a: Catch Deez Hands|0 fnt|[from] Sandstorm\n|faint|p2a: Catch Deez Hands\n|-end|p2a: Catch Deez Hands|Quark Drive|[silent]\n|upkeep\n|\n|t:|1699839134\n|switch|p2a: BritheFryGuy|Torterra, F|48\/100\n|turn|20\n|\n|t:|1699839137\n|move|p2a: BritheFryGuy|Headlong Rush|p1a: Mrs. Puff\n|-supereffective|p1a: Mrs. Puff\n|-damage|p1a: Mrs. Puff|0 fnt\n|-unboost|p2a: BritheFryGuy|def|1\n|-unboost|p2a: BritheFryGuy|spd|1\n|-damage|p2a: BritheFryGuy|31\/100|[from] item: Rocky Helmet|[of] p1a: Mrs. Puff\n|faint|p1a: Mrs. Puff\n|\n|win|misternp\n|l|\u2606bacontwin\n","uploadtime":1699839189,"views":5,"p1id":"bacontwin","p2id":"misternp","formatid":"gen9nationaldex","rating":0,"private":0,"password":""}