{"id":"gen9nationaldex-1993185475","p1":"HSboiman","p2":"Qwmere","format":"[Gen 9] National Dex","log":"|j|\u2606HSboiman\n|j|\u2606Qwmere\n|t:|1700275282\n|gametype|singles\n|player|p1|HSboiman|dancer|1223\n|player|p2|Qwmere|170|1290\n|teamsize|p1|6\n|teamsize|p2|6\n|gen|9\n|tier|[Gen 9] National Dex\n|rated|\n|rule|HP Percentage Mod: HP is shown in percentages\n|rule|Endless Battle Clause: Forcing endless battles is banned\n|rule|OHKO Clause: OHKO moves are banned\n|rule|Evasion Clause: Evasion abilities, items, and moves are banned\n|rule|Evasion Abilities Clause: Evasion abilities are banned\n|rule|Evasion Items Clause: Evasion items are banned\n|rule|Evasion Moves Clause: Evasion moves are banned\n|rule|Species Clause: Limit one of each Pok\u00e9mon\n|rule|Sleep Clause Mod: Limit one foe put to sleep\n|clearpoke\n|poke|p1|Iron Valiant|\n|poke|p1|Samurott-Hisui, M|\n|poke|p1|Iron Hands|\n|poke|p1|Muk-Alola, M|\n|poke|p1|Typhlosion-Hisui, M|\n|poke|p1|Iron Treads|\n|poke|p2|Gliscor, F|\n|poke|p2|Slowbro, M|\n|poke|p2|Jolteon, F|\n|poke|p2|Lopunny, F|\n|poke|p2|Corviknight, F|\n|poke|p2|Dusclops, M|\n|teampreview\n|\n|t:|1700275319\n|start\n|switch|p1a: Unicrorn|Samurott-Hisui, M, shiny|100\/100\n|switch|p2a: Jolteon|Jolteon, F|100\/100\n|turn|1\n|\n|t:|1700275327\n|move|p1a: Unicrorn|Flip Turn|p2a: Jolteon\n|-damage|p2a: Jolteon|45\/100\n|\n|t:|1700275331\n|switch|p1a: Iron Treads|Iron Treads|100\/100|[from] Flip Turn\n|-enditem|p1a: Iron Treads|Booster Energy\n|-activate|p1a: Iron Treads|ability: Quark Drive|[fromitem]\n|-start|p1a: Iron Treads|quarkdriveatk\n|move|p2a: Jolteon|Shadow Ball|p1a: Iron Treads\n|-crit|p1a: Iron Treads\n|-damage|p1a: Iron Treads|42\/100\n|-damage|p2a: Jolteon|35\/100|[from] item: Life Orb\n|\n|upkeep\n|turn|2\n|c|\u2606Qwmere|!weak iron treads\n|c| Qwmere|\/raw <div class=\"infobox\">Iron Treads (ignoring abilities):<br \/><span class=\"message-effect-weak\">Weaknesses<\/span>: Fighting, Fire, Ground, Water<br \/><span class=\"message-effect-resist\">Resistances<\/span>: Bug, Dragon, Fairy, Flying, Normal, Psychic, <b>Rock<\/b>, Steel<br \/><span class=\"message-effect-immune\">Immunities<\/span>: Electric, Poison, Sandstorm damage, Toxic<\/div>\n|\n|t:|1700275376\n|move|p2a: Jolteon|Shadow Ball|p1a: Iron Treads\n|-damage|p1a: Iron Treads|4\/100\n|-damage|p2a: Jolteon|25\/100|[from] item: Life Orb\n|move|p1a: Iron Treads|Earthquake|p2a: Jolteon\n|-supereffective|p2a: Jolteon\n|-damage|p2a: Jolteon|0 fnt\n|faint|p2a: Jolteon\n|\n|upkeep\n|\n|t:|1700275382\n|switch|p2a: Lopunny|Lopunny, F|100\/100\n|turn|3\n|c|\u2606HSboiman|!weak corviknight\n|c| HSboiman|\/raw <div class=\"infobox\">Corviknight (ignoring abilities):<br \/><span class=\"message-effect-weak\">Weaknesses<\/span>: Electric, Fire<br \/><span class=\"message-effect-resist\">Resistances<\/span>: <b>Bug<\/b>, Dragon, Fairy, Flying, <b>Grass<\/b>, Normal, Psychic, Steel<br \/><span class=\"message-effect-immune\">Immunities<\/span>: Ground, Poison, Sandstorm damage, Toxic<\/div>\n|\n|t:|1700275401\n|detailschange|p2a: Lopunny|Lopunny-Mega, F\n|-mega|p2a: Lopunny|Lopunny|Lopunnite\n|move|p2a: Lopunny|Fake Out|p1a: Iron Treads\n|-resisted|p1a: Iron Treads\n|-damage|p1a: Iron Treads|0 fnt\n|faint|p1a: Iron Treads\n|-end|p1a: Iron Treads|Quark Drive|[silent]\n|\n|upkeep\n|\n|t:|1700275413\n|switch|p1a: Cant Touch Dis|Typhlosion-Hisui, M, shiny|100\/100\n|-item|p2a: Lopunny|Lopunnite|[from] ability: Frisk|[of] p1a: Cant Touch Dis|[identify]\n|turn|4\n|inactive|Battle timer is ON: inactive players will automatically lose when time's up. (requested by HSboiman)\n|\n|t:|1700275462\n|move|p2a: Lopunny|Return|p1a: Cant Touch Dis\n|-damage|p1a: Cant Touch Dis|26\/100\n|move|p1a: Cant Touch Dis|Flamethrower|p2a: Lopunny\n|-damage|p2a: Lopunny|12\/100\n|\n|upkeep\n|turn|5\n|\n|t:|1700275469\n|move|p2a: Lopunny|Close Combat|p1a: Cant Touch Dis\n|-crit|p1a: Cant Touch Dis\n|-damage|p1a: Cant Touch Dis|0 fnt\n|-unboost|p2a: Lopunny|def|1\n|-unboost|p2a: Lopunny|spd|1\n|faint|p1a: Cant Touch Dis\n|\n|upkeep\n|\n|t:|1700275478\n|switch|p1a: Unicrorn|Samurott-Hisui, M, shiny|100\/100\n|turn|6\n|\n|t:|1700275494\n|switch|p2a: Corviknight|Corviknight, F|100\/100\n|-ability|p2a: Corviknight|Pressure\n|move|p1a: Unicrorn|Ceaseless Edge|p2a: Corviknight\n|-damage|p2a: Corviknight|82\/100\n|-damage|p1a: Unicrorn|84\/100|[from] item: Rocky Helmet|[of] p2a: Corviknight\n|-sidestart|p2: Qwmere|Spikes\n|\n|upkeep\n|turn|7\n|\n|t:|1700275507\n|switch|p1a: Weiner Holder|Iron Hands, shiny|100\/100\n|move|p2a: Corviknight|Iron Defense|p2a: Corviknight\n|-boost|p2a: Corviknight|def|2\n|\n|upkeep\n|turn|8\n|\n|t:|1700275513\n|-terastallize|p2a: Corviknight|Ground\n|move|p1a: Weiner Holder|Fake Out|p2a: Corviknight\n|-damage|p2a: Corviknight|75\/100\n|-damage|p1a: Weiner Holder|84\/100|[from] item: Rocky Helmet|[of] p2a: Corviknight\n|cant|p2a: Corviknight|flinch\n|\n|upkeep\n|turn|9\n|\n|t:|1700275526\n|-end|p1a: Weiner Holder|Quark Drive|[silent]\n|switch|p1a: Unicrorn|Samurott-Hisui, M, shiny|84\/100\n|move|p2a: Corviknight|Iron Defense|p2a: Corviknight\n|-boost|p2a: Corviknight|def|2\n|\n|upkeep\n|turn|10\n|\n|t:|1700275534\n|move|p1a: Unicrorn|Flip Turn|p2a: Corviknight\n|-supereffective|p2a: Corviknight\n|-damage|p2a: Corviknight|64\/100\n|-damage|p1a: Unicrorn|67\/100|[from] item: Rocky Helmet|[of] p2a: Corviknight\n|\n|t:|1700275545\n|switch|p1a: Weiner Holder|Iron Hands, shiny|84\/100|[from] Flip Turn\n|move|p2a: Corviknight|Body Press|p1a: Weiner Holder\n|-damage|p1a: Weiner Holder|35\/100\n|\n|upkeep\n|turn|11\n|c|\u2606Qwmere|got tired of losing to corv so fuck it\n|c|\u2606Qwmere|why not use this bitch ass pokemon\n|\n|t:|1700275567\n|move|p2a: Corviknight|Body Press|p1a: Weiner Holder\n|-damage|p1a: Weiner Holder|0 fnt\n|faint|p1a: Weiner Holder\n|-end|p1a: Weiner Holder|Quark Drive|[silent]\n|\n|upkeep\n|\n|t:|1700275575\n|switch|p1a: Blade Boi|Iron Valiant, shiny|100\/100\n|-enditem|p1a: Blade Boi|Booster Energy\n|-activate|p1a: Blade Boi|ability: Quark Drive|[fromitem]\n|-start|p1a: Blade Boi|quarkdriveatk\n|turn|12\n|c|\u2606HSboiman|!weak dusclops\n|c| HSboiman|\/raw <div class=\"infobox\">Dusclops (ignoring abilities):<br \/><span class=\"message-effect-weak\">Weaknesses<\/span>: Dark, Ghost<br \/><span class=\"message-effect-resist\">Resistances<\/span>: Bug, Poison<br \/><span class=\"message-effect-immune\">Immunities<\/span>: Fighting, Normal, Trapping<\/div>\n|inactive|Qwmere has 120 seconds left.\n|\n|t:|1700275602\n|move|p1a: Blade Boi|Liquidation|p2a: Corviknight\n|-supereffective|p2a: Corviknight\n|-damage|p2a: Corviknight|46\/100\n|-unboost|p2a: Corviknight|def|1\n|-damage|p1a: Blade Boi|84\/100|[from] item: Rocky Helmet|[of] p2a: Corviknight\n|move|p2a: Corviknight|Body Press|p1a: Blade Boi\n|-resisted|p1a: Blade Boi\n|-damage|p1a: Blade Boi|44\/100\n|\n|upkeep\n|turn|13\n|\n|t:|1700275614\n|move|p1a: Blade Boi|Liquidation|p2a: Corviknight\n|-supereffective|p2a: Corviknight\n|-damage|p2a: Corviknight|24\/100\n|-damage|p1a: Blade Boi|27\/100|[from] item: Rocky Helmet|[of] p2a: Corviknight\n|move|p2a: Corviknight|Roost|p2a: Corviknight\n|-heal|p2a: Corviknight|74\/100\n|\n|upkeep\n|turn|14\n|\n|t:|1700275624\n|move|p1a: Blade Boi|Liquidation|p2a: Corviknight\n|-supereffective|p2a: Corviknight\n|-damage|p2a: Corviknight|54\/100\n|-damage|p1a: Blade Boi|10\/100|[from] item: Rocky Helmet|[of] p2a: Corviknight\n|move|p2a: Corviknight|Body Press|p1a: Blade Boi\n|-resisted|p1a: Blade Boi\n|-damage|p1a: Blade Boi|0 fnt\n|faint|p1a: Blade Boi\n|-end|p1a: Blade Boi|Quark Drive|[silent]\n|\n|upkeep\n|\n|t:|1700275634\n|switch|p1a: PTPP|Muk-Alola, M, shiny|100\/100\n|turn|15\n|inactive|Qwmere has 120 seconds left.\n|inactive|Qwmere has 90 seconds left.\n|\n|t:|1700275709\n|move|p2a: Corviknight|Body Press|p1a: PTPP\n|-damage|p1a: PTPP|18\/100\n|-damage|p2a: Corviknight|37\/100|[from] item: Rocky Helmet|[of] p1a: PTPP\n|move|p1a: PTPP|Ice Punch|p2a: Corviknight\n|-supereffective|p2a: Corviknight\n|-damage|p2a: Corviknight|27\/100\n|-damage|p1a: PTPP|1\/100|[from] item: Rocky Helmet|[of] p2a: Corviknight\n|\n|upkeep\n|turn|16\n|\n|t:|1700275722\n|switch|p1a: Unicrorn|Samurott-Hisui, M, shiny|67\/100\n|move|p2a: Corviknight|Roost|p2a: Corviknight\n|-heal|p2a: Corviknight|77\/100\n|\n|upkeep\n|turn|17\n|inactive|Qwmere has 90 seconds left.\n|-message|HSboiman forfeited.\n|\n|win|Qwmere\n|raw|HSboiman's rating: 1223 &rarr; <strong>1203<\/strong><br \/>(-20 for losing)\n|raw|Qwmere's rating: 1290 &rarr; <strong>1310<\/strong><br \/>(+20 for winning)\n|l|\u2606HSboiman\n","uploadtime":1700275569,"views":6,"p1id":"hsboiman","p2id":"qwmere","formatid":"gen9nationaldex","rating":1203,"private":0,"password":""}