{"id":"gen9nationaldex-1988511917","p1":"Juanivia","p2":"imAnthonybroNew","format":"[Gen 9] National Dex","log":"|j|\u2606Juanivia\n|j|\u2606imAnthonybroNew\n|t:|1699730822\n|gametype|singles\n|player|p1|Juanivia|kahili|\n|player|p2|imAnthonybroNew|pokemonbreeder-gen4|\n|teamsize|p1|6\n|teamsize|p2|6\n|gen|9\n|tier|[Gen 9] National Dex\n|rule|HP Percentage Mod: HP is shown in percentages\n|rule|Endless Battle Clause: Forcing endless battles is banned\n|rule|OHKO Clause: OHKO moves are banned\n|rule|Evasion Clause: Evasion abilities, items, and moves are banned\n|rule|Evasion Abilities Clause: Evasion abilities are banned\n|rule|Evasion Items Clause: Evasion items are banned\n|rule|Evasion Moves Clause: Evasion moves are banned\n|rule|Species Clause: Limit one of each Pok\u00e9mon\n|rule|Sleep Clause Mod: Limit one foe put to sleep\n|clearpoke\n|poke|p1|Porygon2|\n|poke|p1|Unfezant, F|\n|poke|p1|Audino, M|\n|poke|p1|Diggersby, M|\n|poke|p1|Meloetta|\n|poke|p1|Obstagoon, M|\n|poke|p2|Farigiraf, F|\n|poke|p2|Dubwool, F|\n|poke|p2|Snorlax, M|\n|poke|p2|Silvally-*|\n|poke|p2|Cyclizar, M|\n|poke|p2|Indeedee, M|\n|teampreview\n|j| CarboKill\n|j| Kryn\n|j| Hyljys\n|c|\u2606imAnthonybroNew|Gl hf King\n|c| Kryn|glhf\n|c|\u2606Juanivia|Same, champ!\n|c| Kryn|UNFEZANT!!!\n|j| ArktikAlice\n|c| Hyljys|BIRD!!\n|j| The Old Hag\u00a8\n|c| Kryn|DIGGERSBY\n|\n|t:|1699730870\n|start\n|switch|p1a: Bobby Carrot|Diggersby, M|100\/100\n|switch|p2a: Bike dog|Cyclizar, M, shiny|100\/100\n|turn|1\n|c| ArktikAlice|glwp homies\n|c| Kryn|fun fact: diggersby has no switch ins\n|c| CarboKill|The GOON\n|c| ArktikAlice|GOON TIME\n|c| ArktikAlice|omg audino :3\n|\n|t:|1699730909\n|move|p1a: Bobby Carrot|U-turn|p2a: Bike dog\n|-crit|p2a: Bike dog\n|-damage|p2a: Bike dog|33\/100\n|c| Kryn|ruh roh raggy\n|\n|t:|1699730919\n|switch|p1a: Sorrow|Audino, M|100\/100|[from] U-turn\n|move|p2a: Bike dog|U-turn|p1a: Sorrow\n|-damage|p1a: Sorrow|87\/100\n|c|\u2606imAnthonybroNew|Nice auto crit lol\n|c| Kryn|calculated crit*\n|c|\u2606Juanivia|Just a taste of what's to come\n|\n|t:|1699730989\n|switch|p2a: Pog dog 13|Silvally, shiny|100\/100|[from] U-turn\n|\n|upkeep\n|turn|2\n|\n|t:|1699731018\n|move|p2a: Pog dog 13|Toxic|p1a: Sorrow\n|-status|p1a: Sorrow|tox\n|move|p1a: Sorrow|Wish|p1a: Sorrow\n|\n|-damage|p1a: Sorrow|80\/100 tox|[from] psn\n|upkeep\n|turn|3\n|c| Kryn|aw.. i thought it was mega audino\n|c| ArktikAlice|Mega Obstagoon when\n|\n|t:|1699731043\n|switch|p2a: big boi|Snorlax, M, shiny|100\/100\n|switch|p1a: Ola Gr\u00e4vling|Obstagoon, M|100\/100\n|\n|-status|p1a: Ola Gr\u00e4vling|brn|[from] item: Flame Orb\n|upkeep\n|turn|4\n|\n|t:|1699731067\n|switch|p2a: literallyweed|Dubwool, F, shiny|100\/100\n|move|p1a: Ola Gr\u00e4vling|Facade|p2a: literallyweed\n|-damage|p2a: literallyweed|72\/100\n|-damage|p1a: Ola Gr\u00e4vling|84\/100 brn|[from] item: Rocky Helmet|[of] p2a: literallyweed\n|\n|-damage|p1a: Ola Gr\u00e4vling|78\/100 brn|[from] brn\n|upkeep\n|turn|5\n|\n|t:|1699731085\n|move|p1a: Ola Gr\u00e4vling|Parting Shot|p2a: literallyweed\n|-unboost|p2a: literallyweed|atk|1\n|-unboost|p2a: literallyweed|spa|1\n|\n|t:|1699731118\n|switch|p1a: Henry-Micro|Porygon2|100\/100|[from] Parting Shot\n|-ability|p1a: Henry-Micro|Fluffy|[from] ability: Trace|[of] p2a: literallyweed\n|move|p2a: literallyweed|Body Slam|p1a: Henry-Micro\n|-damage|p1a: Henry-Micro|96\/100\n|\n|upkeep\n|turn|6\n|\n|t:|1699731144\n|switch|p2a: Bike dog|Cyclizar, M, shiny|67\/100\n|move|p1a: Henry-Micro|Toxic|p2a: Bike dog\n|-status|p2a: Bike dog|tox\n|\n|-damage|p2a: Bike dog|61\/100 tox|[from] psn\n|upkeep\n|turn|7\n|\n|t:|1699731167\n|move|p2a: Bike dog|Knock Off|p1a: Henry-Micro\n|-damage|p1a: Henry-Micro|91\/100\n|-enditem|p1a: Henry-Micro|Eviolite|[from] move: Knock Off|[of] p2a: Bike dog\n|move|p1a: Henry-Micro|Teleport|p1a: Henry-Micro\n|\n|t:|1699731174\n|switch|p1a: Bobby Carrot|Diggersby, M|100\/100|[from] Teleport\n|\n|-damage|p2a: Bike dog|49\/100 tox|[from] psn\n|upkeep\n|turn|8\n|c| Kryn|join vc alice\n|c|\u2606imAnthonybroNew|Cs huge power hunh\n|c| ArktikAlice|kekw\n|c| ArktikAlice|that was a mistake\n|\n|t:|1699731224\n|switch|p2a: literallyweed|Dubwool, F, shiny|72\/100\n|move|p1a: Bobby Carrot|Stone Edge|p2a: literallyweed|[miss]\n|-miss|p1a: Bobby Carrot|p2a: literallyweed\n|\n|upkeep\n|turn|9\n|\n|t:|1699731255\n|switch|p1a: Sorrow|Audino, M|100\/100 tox\n|move|p2a: literallyweed|Body Slam|p1a: Sorrow\n|-damage|p1a: Sorrow|78\/100 tox\n|\n|-damage|p1a: Sorrow|72\/100 tox|[from] psn\n|upkeep\n|turn|10\n|\n|t:|1699731270\n|move|p2a: literallyweed|Rest|p2a: literallyweed\n|-status|p2a: literallyweed|slp|[from] move: Rest\n|-heal|p2a: literallyweed|100\/100 slp|[silent]\n|move|p1a: Sorrow|Wish|p1a: Sorrow\n|\n|-damage|p1a: Sorrow|60\/100 tox|[from] psn\n|upkeep\n|turn|11\n|\n|t:|1699731286\n|switch|p1a: Solovey|Meloetta|100\/100\n|cant|p2a: literallyweed|slp\n|move|p2a: literallyweed|Sleep Talk|p2a: literallyweed\n|move|p2a: literallyweed|Rest||[from]move: Sleep Talk|[still]\n|-fail|p2a: literallyweed\n|\n|upkeep\n|turn|12\n|c| ArktikAlice|absaolute mog hours\n|\n|t:|1699731303\n|switch|p2a: Bike dog|Cyclizar, M, shiny|82\/100 tox\n|move|p1a: Solovey|Hyper Voice|p2a: Bike dog\n|-damage|p2a: Bike dog|29\/100 tox\n|\n|-damage|p2a: Bike dog|23\/100 tox|[from] psn\n|upkeep\n|turn|13\n|\n|t:|1699731331\n|switch|p1a: Henry-Micro|Porygon2|91\/100\n|-ability|p1a: Henry-Micro|Regenerator|[from] ability: Trace|[of] p2a: Bike dog\n|move|p2a: Bike dog|U-turn|p1a: Henry-Micro\n|-damage|p1a: Henry-Micro|81\/100\n|c| Kryn|good chip boys\n|\n|t:|1699731357\n|switch|p2a: Queen Bee|Farigiraf, F, shiny|100\/100|[from] U-turn\n|\n|upkeep\n|turn|14\n|j| Swoodle1030\n|\n|t:|1699731391\n|move|p1a: Henry-Micro|Toxic|p2a: Queen Bee|[miss]\n|-miss|p1a: Henry-Micro|p2a: Queen Bee\n|move|p2a: Queen Bee|Toxic|p1a: Henry-Micro\n|-status|p1a: Henry-Micro|tox\n|\n|-damage|p1a: Henry-Micro|75\/100 tox|[from] psn\n|upkeep\n|turn|15\n|c|\u2606imAnthonybroNew|Skill difference lol jk\n|c| Kryn|or is it\n|\n|t:|1699731420\n|move|p1a: Henry-Micro|Toxic|p2a: Queen Bee\n|-status|p2a: Queen Bee|tox\n|move|p2a: Queen Bee|Trick Room|p2a: Queen Bee\n|-fieldstart|move: Trick Room|[of] p2a: Queen Bee\n|\n|-damage|p2a: Queen Bee|94\/100 tox|[from] psn\n|-damage|p1a: Henry-Micro|63\/100 tox|[from] psn\n|upkeep\n|turn|16\n|c| Kryn|here it is with the trick room\n|c| ArktikAlice|Twick Woom\n|\n|t:|1699731446\n|switch|p1a: Sorrow|Audino, M|93\/100 tox\n|move|p2a: Queen Bee|Thunderbolt|p1a: Sorrow\n|-damage|p1a: Sorrow|73\/100 tox\n|\n|-damage|p2a: Queen Bee|82\/100 tox|[from] psn\n|-damage|p1a: Sorrow|67\/100 tox|[from] psn\n|upkeep\n|turn|17\n|c| ArktikAlice|OMG AUDINO :3\n|\n|t:|1699731457\n|switch|p2a: Bike dog|Cyclizar, M, shiny|56\/100 tox\n|move|p1a: Sorrow|Heal Bell|p1a: Sorrow\n|-activate|p1a: Sorrow|move: Heal Bell\n|-curestatus|p1a: Sorrow|tox|[msg]\n|-curestatus|p1: Ola Gr\u00e4vling|brn|[msg]\n|-curestatus|p1: Henry-Micro|tox|[msg]\n|\n|-damage|p2a: Bike dog|50\/100 tox|[from] psn\n|upkeep\n|turn|18\n|c| ArktikAlice|TriHard\n|\n|t:|1699731482\n|switch|p1a: Henry-Micro|Porygon2|96\/100\n|-ability|p1a: Henry-Micro|Regenerator|[from] ability: Trace|[of] p2a: Bike dog\n|switch|p2a: big boi|Snorlax, M, shiny|100\/100\n|\n|upkeep\n|turn|19\n|\n|t:|1699731505\n|move|p2a: big boi|Gunk Shot|p1a: Henry-Micro\n|-damage|p1a: Henry-Micro|69\/100\n|move|p1a: Henry-Micro|Teleport|p1a: Henry-Micro\n|\n|t:|1699731511\n|switch|p1a: Ola Gr\u00e4vling|Obstagoon, M|78\/100|[from] Teleport\n|\n|-fieldend|move: Trick Room\n|-status|p1a: Ola Gr\u00e4vling|brn|[from] item: Flame Orb\n|upkeep\n|turn|20\n|c| Kryn|KILL SOMETHING\n|c| ArktikAlice|:0\n|\n|t:|1699731539\n|switch|p2a: literallyweed|Dubwool, F, shiny|100\/100 slp\n|move|p1a: Ola Gr\u00e4vling|Parting Shot|p2a: literallyweed\n|-unboost|p2a: literallyweed|atk|1\n|-unboost|p2a: literallyweed|spa|1\n|\n|t:|1699731568\n|switch|p1a: Solovey|Meloetta|100\/100|[from] Parting Shot\n|\n|upkeep\n|turn|21\n|c|\u2606imAnthonybroNew|Its chess\n|\n|t:|1699731578\n|switch|p2a: big boi|Snorlax, M, shiny|100\/100\n|move|p1a: Solovey|Hyper Voice|p2a: big boi\n|-damage|p2a: big boi|63\/100\n|\n|-heal|p2a: big boi|69\/100|[from] item: Leftovers\n|upkeep\n|turn|22\n|\n|t:|1699731629\n|switch|p1a: Bobby Carrot|Diggersby, M|100\/100\n|move|p2a: big boi|Rest|p2a: big boi\n|-status|p2a: big boi|slp|[from] move: Rest\n|-heal|p2a: big boi|100\/100 slp|[silent]\n|\n|upkeep\n|turn|23\n|c| ArktikAlice|Chess = Based\n|c| ArktikAlice|Pokemon = Crimge\n|\n|t:|1699731650\n|switch|p1a: Solovey|Meloetta|100\/100\n|switch|p2a: literallyweed|Dubwool, F, shiny|100\/100 slp\n|\n|upkeep\n|turn|24\n|\n|t:|1699731661\n|switch|p2a: Bike dog|Cyclizar, M, shiny|84\/100 tox\n|move|p1a: Solovey|Psyshock|p2a: Bike dog\n|-damage|p2a: Bike dog|0 fnt\n|faint|p2a: Bike dog\n|\n|upkeep\n|\n|t:|1699731678\n|switch|p2a: Pog dog 13|Silvally, shiny|100\/100\n|turn|25\n|\n|t:|1699731728\n|move|p2a: Pog dog 13|Multi-Attack|p1a: Solovey\n|-damage|p1a: Solovey|36\/100\n|move|p1a: Solovey|Psyshock|p2a: Pog dog 13\n|-damage|p2a: Pog dog 13|45\/100\n|\n|upkeep\n|turn|26\n|c| Kryn|big dmg coming out\n|\n|t:|1699731746\n|switch|p1a: Henry-Micro|Porygon2|100\/100\n|move|p2a: Pog dog 13|Multi-Attack|p1a: Henry-Micro\n|-damage|p1a: Henry-Micro|64\/100\n|\n|upkeep\n|turn|27\n|\n|t:|1699731771\n|switch|p2a: big boi|Snorlax, M, shiny|100\/100 slp\n|-ability|p1a: Henry-Micro|Thick Fat|[from] ability: Trace|[of] p2a: big boi\n|move|p1a: Henry-Micro|Recover|p1a: Henry-Micro\n|-heal|p1a: Henry-Micro|100\/100\n|\n|upkeep\n|turn|28\n|c| ArktikAlice|inb4 pp run out\n|c| CarboKill|Gunk shot snorlax is when it shits in your face\n|\n|t:|1699731818\n|cant|p2a: big boi|slp\n|move|p2a: big boi|Sleep Talk|p2a: big boi\n|move|p2a: big boi|Gunk Shot|p1a: Henry-Micro|[from]move: Sleep Talk\n|-damage|p1a: Henry-Micro|74\/100\n|move|p1a: Henry-Micro|Teleport|p1a: Henry-Micro\n|c|\u2606imAnthonybroNew|Nice kill\n|c| ArktikAlice|gunk in my face daddy\n|c| Kryn|nice one kill\n|\n|t:|1699731882\n|switch|p1a: Sorrow|Audino, M|100\/100|[from] Teleport\n|\n|upkeep\n|turn|29\n|c| ArktikAlice|score is one - nil\n|\n|t:|1699731887\n|move|p1a: Sorrow|Wish|p1a: Sorrow\n|cant|p2a: big boi|slp\n|move|p2a: big boi|Sleep Talk|p2a: big boi\n|move|p2a: big boi|Gunk Shot|p1a: Sorrow|[from]move: Sleep Talk\n|-damage|p1a: Sorrow|65\/100\n|\n|upkeep\n|turn|30\n|c| ArktikAlice|WISH STALL WISH STALL WISH STALL WISH STALL WISH STALL WISH STALL WISH STALL WISH STALL WISH STALL\n|\n|t:|1699731915\n|switch|p1a: Ola Gr\u00e4vling|Obstagoon, M|78\/100 brn\n|-curestatus|p2a: big boi|slp|[msg]\n|move|p2a: big boi|Gunk Shot|p1a: Ola Gr\u00e4vling\n|-damage|p1a: Ola Gr\u00e4vling|43\/100 brn\n|\n|-heal|p1a: Ola Gr\u00e4vling|100\/100 brn|[from] move: Wish|[wisher] Sorrow\n|-damage|p1a: Ola Gr\u00e4vling|94\/100 brn|[from] brn\n|upkeep\n|turn|31\n|\n|t:|1699731948\n|switch|p2a: literallyweed|Dubwool, F, shiny|100\/100 slp\n|move|p1a: Ola Gr\u00e4vling|Facade|p2a: literallyweed\n|-damage|p2a: literallyweed|71\/100 slp\n|-damage|p1a: Ola Gr\u00e4vling|78\/100 brn|[from] item: Rocky Helmet|[of] p2a: literallyweed\n|\n|-damage|p1a: Ola Gr\u00e4vling|72\/100 brn|[from] brn\n|upkeep\n|turn|32\n|\n|t:|1699731966\n|move|p1a: Ola Gr\u00e4vling|Parting Shot|p2a: literallyweed\n|-unboost|p2a: literallyweed|atk|1\n|-unboost|p2a: literallyweed|spa|1\n|\n|t:|1699731982\n|switch|p1a: Sorrow|Audino, M|98\/100|[from] Parting Shot\n|cant|p2a: literallyweed|slp\n|move|p2a: literallyweed|Sleep Talk|p2a: literallyweed\n|move|p2a: literallyweed|Rest||[from]move: Sleep Talk|[still]\n|-fail|p2a: literallyweed\n|\n|upkeep\n|turn|33\n|\n|t:|1699731997\n|-curestatus|p2a: literallyweed|slp|[msg]\n|move|p2a: literallyweed|Thunder Wave|p1a: Sorrow\n|-status|p1a: Sorrow|par\n|move|p1a: Sorrow|Wish|p1a: Sorrow\n|\n|upkeep\n|turn|34\n|\n|t:|1699732013\n|switch|p1a: Solovey|Meloetta|36\/100\n|move|p2a: literallyweed|Body Slam|p1a: Solovey\n|-damage|p1a: Solovey|15\/100\n|-status|p1a: Solovey|par\n|\n|-heal|p1a: Solovey|75\/100 par|[from] move: Wish|[wisher] Sorrow\n|upkeep\n|turn|35\n|c| ArktikAlice|WISH STALL WISH STALL WISH STALL WISH STALL WISH STALL WISH STALL WISH STALL WISH STALL WISH STALL\n|\n|t:|1699732047\n|move|p2a: literallyweed|Rest|p2a: literallyweed\n|-status|p2a: literallyweed|slp|[from] move: Rest\n|-heal|p2a: literallyweed|100\/100 slp|[silent]\n|move|p1a: Solovey|Psyshock|p2a: literallyweed\n|-damage|p2a: literallyweed|60\/100 slp\n|\n|upkeep\n|turn|36\n|\n|t:|1699732056\n|switch|p2a: big boi|Snorlax, M, shiny|100\/100\n|move|p1a: Solovey|Psyshock|p2a: big boi\n|-damage|p2a: big boi|43\/100\n|\n|-heal|p2a: big boi|50\/100|[from] item: Leftovers\n|upkeep\n|turn|37\n|c| Kryn|it's ogre\n|c|\u2606imAnthonybroNew|Oof\n|\n|t:|1699732086\n|switch|p2a: Queen Bee|Farigiraf, F, shiny|82\/100 tox\n|cant|p1a: Solovey|par\n|\n|-damage|p2a: Queen Bee|76\/100 tox|[from] psn\n|upkeep\n|turn|38\n|c| Kryn|:0\n|\n|t:|1699732115\n|switch|p1a: Bobby Carrot|Diggersby, M|100\/100\n|move|p2a: Queen Bee|Trick Room|p2a: Queen Bee\n|-fieldstart|move: Trick Room|[of] p2a: Queen Bee\n|\n|-damage|p2a: Queen Bee|64\/100 tox|[from] psn\n|upkeep\n|turn|39\n|\n|t:|1699732160\n|move|p2a: Queen Bee|Psychic|p1a: Bobby Carrot\n|-damage|p1a: Bobby Carrot|34\/100\n|move|p1a: Bobby Carrot|U-turn|p2a: Queen Bee\n|-supereffective|p2a: Queen Bee\n|-damage|p2a: Queen Bee|0 fnt\n|faint|p2a: Queen Bee\n|c| ArktikAlice|:0\n|\n|t:|1699732170\n|switch|p1a: Sorrow|Audino, M|100\/100 par|[from] U-turn\n|\n|upkeep\n|c| Hyljys|A kill!!\n|c| ArktikAlice|OMG AUDINO\n|\n|t:|1699732200\n|switch|p2a: big boi|Snorlax, M, shiny|50\/100\n|turn|40\n|\n|t:|1699732227\n|move|p2a: big boi|Rest|p2a: big boi\n|-status|p2a: big boi|slp|[from] move: Rest\n|-heal|p2a: big boi|100\/100 slp|[silent]\n|move|p1a: Sorrow|Heal Bell|p1a: Sorrow\n|-activate|p1a: Sorrow|move: Heal Bell\n|-curestatus|p1a: Sorrow|par|[msg]\n|-curestatus|p1: Ola Gr\u00e4vling|brn|[msg]\n|-curestatus|p1: Solovey|par|[msg]\n|\n|upkeep\n|turn|41\n|c| ArktikAlice|NotLikeThis\n|\n|t:|1699732261\n|cant|p2a: big boi|slp\n|move|p2a: big boi|Sleep Talk|p2a: big boi\n|move|p2a: big boi|Rest||[from]move: Sleep Talk|[still]\n|-fail|p2a: big boi\n|move|p1a: Sorrow|Wish|p1a: Sorrow\n|\n|upkeep\n|turn|42\n|\n|t:|1699732278\n|switch|p1a: Ola Gr\u00e4vling|Obstagoon, M|72\/100\n|cant|p2a: big boi|slp\n|move|p2a: big boi|Sleep Talk|p2a: big boi\n|move|p2a: big boi|Gunk Shot|p1a: Ola Gr\u00e4vling|[from]move: Sleep Talk\n|-crit|p1a: Ola Gr\u00e4vling\n|-damage|p1a: Ola Gr\u00e4vling|12\/100\n|\n|-heal|p1a: Ola Gr\u00e4vling|75\/100|[from] move: Wish|[wisher] Sorrow\n|-fieldend|move: Trick Room\n|-status|p1a: Ola Gr\u00e4vling|brn|[from] item: Flame Orb\n|upkeep\n|turn|43\n|c|\u2606imAnthonybroNew|I needed that poison fuck\n|\n|t:|1699732333\n|move|p1a: Ola Gr\u00e4vling|Facade|p2a: big boi\n|-damage|p2a: big boi|16\/100 slp\n|-curestatus|p2a: big boi|slp|[msg]\n|move|p2a: big boi|Facade|p1a: Ola Gr\u00e4vling\n|-crit|p1a: Ola Gr\u00e4vling\n|-damage|p1a: Ola Gr\u00e4vling|25\/100 brn\n|\n|-heal|p2a: big boi|22\/100|[from] item: Leftovers\n|-damage|p1a: Ola Gr\u00e4vling|19\/100 brn|[from] brn\n|upkeep\n|turn|44\n|c| Hyljys|holy crits\n|\n|t:|1699732365\n|switch|p1a: Solovey|Meloetta|75\/100\n|switch|p2a: literallyweed|Dubwool, F, shiny|60\/100 slp\n|\n|upkeep\n|turn|45\n|c| ArktikAlice|Sweepy Sheepy\n|\n|t:|1699732381\n|switch|p2a: big boi|Snorlax, M, shiny|22\/100\n|move|p1a: Solovey|Hyper Voice|p2a: big boi\n|-damage|p2a: big boi|0 fnt\n|faint|p2a: big boi\n|\n|upkeep\n|c|\u2606imAnthonybroNew|Im boned\n|c| ArktikAlice|:0\n|\n|t:|1699732391\n|switch|p2a: Pog dog 13|Silvally, shiny|45\/100\n|turn|46\n|c| Kryn|anthony gargling on juans meaty korv\n|c| ArktikAlice|100 TURN GAME?\n|c| ArktikAlice|WISH STALL WISH STALL WISH STALL WISH STALL WISH STALL WISH STALL WISH STALL WISH STALL WISH STALL WISH STALL WISH STALL\n|c| Kryn|pog dog is gonna sweep\n|\n|t:|1699732436\n|move|p2a: Pog dog 13|Explosion|p1a: Solovey\n|-damage|p1a: Solovey|0 fnt\n|faint|p2a: Pog dog 13\n|faint|p1a: Solovey\n|\n|upkeep\n|c| Kryn|nvm\n|c| ArktikAlice|what the fuck\n|c|\u2606imAnthonybroNew|Dont think it wouldve killed\n|c| Kryn|maybe multi attack didn't kill\n|c| Kryn|lmao\n|c| ArktikAlice|Sewer Side\n|\n|t:|1699732478\n|switch|p1a: Ola Gr\u00e4vling|Obstagoon, M|19\/100 brn\n|switch|p2a: Inpeepeepee|Indeedee, M, shiny|100\/100\n|-fieldstart|move: Psychic Terrain|[from] ability: Psychic Surge|[of] p2a: Inpeepeepee\n|turn|47\n|c| ArktikAlice|DA GOON\n|\n|t:|1699732506\n|move|p1a: Ola Gr\u00e4vling|Facade|p2a: Inpeepeepee\n|-enditem|p2a: Inpeepeepee|Focus Sash\n|-damage|p2a: Inpeepeepee|1\/100\n|move|p2a: Inpeepeepee|Trick Room|p2a: Inpeepeepee\n|-fieldstart|move: Trick Room|[of] p2a: Inpeepeepee\n|\n|-damage|p1a: Ola Gr\u00e4vling|13\/100 brn|[from] brn\n|upkeep\n|turn|48\n|c| ArktikAlice|:0\n|c| Kryn|the 1% sweep\n|\n|t:|1699732520\n|switch|p1a: Sorrow|Audino, M|100\/100\n|move|p2a: Inpeepeepee|Dazzling Gleam|p1a: Sorrow\n|-damage|p1a: Sorrow|82\/100\n|\n|upkeep\n|turn|49\n|c| Kryn|lmao\n|c| ArktikAlice|WHEEZ\n|c|\u2606imAnthonybroNew|Rip\n|\n|t:|1699732552\n|move|p1a: Sorrow|Hyper Voice|p2a: Inpeepeepee\n|-damage|p2a: Inpeepeepee|0 fnt\n|faint|p2a: Inpeepeepee\n|\n|upkeep\n|c| ArktikAlice|rip that b-hole\n|c|\u2606imAnthonybroNew|Gg\n|\n|t:|1699732560\n|switch|p2a: literallyweed|Dubwool, F, shiny|60\/100 slp\n|turn|50\n|c|\u2606imAnthonybroNew|Maybe multi attack killed but it wouldnt have been enough without tera normal\n|\n|t:|1699732593\n|detailschange|p1a: Sorrow|Audino-Mega, M\n|-mega|p1a: Sorrow|Audino|Audinite\n|move|p1a: Sorrow|Hyper Voice|p2a: literallyweed\n|-damage|p2a: literallyweed|34\/100 slp\n|cant|p2a: literallyweed|slp\n|move|p2a: literallyweed|Sleep Talk|p2a: literallyweed\n|move|p2a: literallyweed|Rest||[from]move: Sleep Talk|[still]\n|-fail|p2a: literallyweed\n|\n|upkeep\n|turn|51\n|c| Kryn|IT IS\n|c| ArktikAlice|OMG MEGA AUDINO\n|c| Kryn|ALL THIS TIME\n|\n|t:|1699732604\n|move|p1a: Sorrow|Hyper Voice|p2a: literallyweed\n|-damage|p2a: literallyweed|7\/100 slp\n|cant|p2a: literallyweed|slp\n|move|p2a: literallyweed|Sleep Talk|p2a: literallyweed\n|move|p2a: literallyweed|Body Slam|p1a: Sorrow|[from]move: Sleep Talk\n|-damage|p1a: Sorrow|64\/100\n|\n|-fieldend|move: Trick Room\n|-fieldend|move: Psychic Terrain\n|upkeep\n|turn|52\n|\n|t:|1699732619\n|-curestatus|p2a: literallyweed|slp|[msg]\n|move|p2a: literallyweed|Rest|p2a: literallyweed\n|-status|p2a: literallyweed|slp|[from] move: Rest\n|-heal|p2a: literallyweed|100\/100 slp|[silent]\n|move|p1a: Sorrow|Hyper Voice|p2a: literallyweed\n|-damage|p2a: literallyweed|71\/100 slp\n|\n|upkeep\n|turn|53\n|c| ArktikAlice|WHAT A BABE\n|\n|t:|1699732635\n|cant|p2a: literallyweed|slp\n|move|p2a: literallyweed|Sleep Talk|p2a: literallyweed\n|move|p2a: literallyweed|Body Slam|p1a: Sorrow|[from]move: Sleep Talk\n|-damage|p1a: Sorrow|46\/100\n|-status|p1a: Sorrow|par\n|move|p1a: Sorrow|Wish|p1a: Sorrow\n|\n|upkeep\n|turn|54\n|\n|t:|1699732645\n|cant|p2a: literallyweed|slp\n|move|p2a: literallyweed|Sleep Talk|p2a: literallyweed\n|move|p2a: literallyweed|Body Slam|p1a: Sorrow|[from]move: Sleep Talk\n|-damage|p1a: Sorrow|29\/100 par\n|move|p1a: Sorrow|Hyper Voice|p2a: literallyweed\n|-damage|p2a: literallyweed|41\/100 slp\n|\n|-heal|p1a: Sorrow|78\/100 par|[from] move: Wish|[wisher] Sorrow\n|upkeep\n|turn|55\n|c|\u2606imAnthonybroNew|Should i just end it or be gay?\n|c| ArktikAlice|69 turn game lessggoooooo\n|\n|t:|1699732702\n|-curestatus|p2a: literallyweed|slp|[msg]\n|move|p2a: literallyweed|Rest|p2a: literallyweed\n|-status|p2a: literallyweed|slp|[from] move: Rest\n|-heal|p2a: literallyweed|100\/100 slp|[silent]\n|move|p1a: Sorrow|Hyper Voice|p2a: literallyweed\n|-crit|p2a: literallyweed\n|-damage|p2a: literallyweed|60\/100 slp\n|\n|upkeep\n|turn|56\n|\n|t:|1699732712\n|cant|p2a: literallyweed|slp\n|move|p2a: literallyweed|Sleep Talk|p2a: literallyweed\n|move|p2a: literallyweed|Rest||[from]move: Sleep Talk|[still]\n|-fail|p2a: literallyweed\n|move|p1a: Sorrow|Hyper Voice|p2a: literallyweed\n|-damage|p2a: literallyweed|32\/100 slp\n|\n|upkeep\n|turn|57\n|\n|t:|1699732723\n|cant|p2a: literallyweed|slp\n|move|p2a: literallyweed|Sleep Talk|p2a: literallyweed\n|move|p2a: literallyweed|Thunder Wave|p1a: Sorrow|[from]move: Sleep Talk\n|-fail|p1a: Sorrow|par\n|move|p1a: Sorrow|Hyper Voice|p2a: literallyweed\n|-damage|p2a: literallyweed|5\/100 slp\n|\n|upkeep\n|turn|58\n|c|\u2606imAnthonybroNew|Gg!\n|c| ArktikAlice|omfg\n|c| ArktikAlice|3%\n|c|\u2606Juanivia|Ohnononon\n|\n|t:|1699732742\n|-curestatus|p2a: literallyweed|slp|[msg]\n|move|p2a: literallyweed|Rest|p2a: literallyweed\n|-status|p2a: literallyweed|slp|[from] move: Rest\n|-heal|p2a: literallyweed|100\/100 slp|[silent]\n|move|p1a: Sorrow|Hyper Voice|p2a: literallyweed\n|-damage|p2a: literallyweed|72\/100 slp\n|\n|upkeep\n|turn|59\n|c| ArktikAlice|WHEEEEEZ\n|\n|t:|1699732751\n|cant|p2a: literallyweed|slp\n|move|p2a: literallyweed|Sleep Talk|p2a: literallyweed\n|move|p2a: literallyweed|Thunder Wave|p1a: Sorrow|[from]move: Sleep Talk\n|-fail|p1a: Sorrow|par\n|move|p1a: Sorrow|Hyper Voice|p2a: literallyweed\n|-damage|p2a: literallyweed|42\/100 slp\n|\n|upkeep\n|turn|60\n|c| Kryn|this is torture\n|c|\u2606imAnthonybroNew|15 crits and 8 paras should do the trick\n|c| ArktikAlice|500% speed in the season vid\n|c|\u2606imAnthonybroNew|I asked if i csn just end it. Lol\n|\n|t:|1699732779\n|cant|p2a: literallyweed|slp\n|move|p2a: literallyweed|Sleep Talk|p2a: literallyweed\n|move|p2a: literallyweed|Thunder Wave|p1a: Sorrow|[from]move: Sleep Talk\n|-fail|p1a: Sorrow|par\n|cant|p1a: Sorrow|par\n|\n|upkeep\n|turn|61\n|c| Kryn|yeah stop pressing rest\n|c| ArktikAlice|IT AINT OVER TIL ITS OVER\n|c|\u2606imAnthonybroNew|Bokay. Didnt wanna forfeit or whatever\n|\n|t:|1699732793\n|-curestatus|p2a: literallyweed|slp|[msg]\n|move|p2a: literallyweed|Body Slam|p1a: Sorrow\n|-damage|p1a: Sorrow|63\/100 par\n|move|p1a: Sorrow|Wish|p1a: Sorrow\n|\n|upkeep\n|turn|62\n|c|\u2606Juanivia|OH\n|c|\u2606Juanivia|My bad\n|c|\u2606imAnthonybroNew|Could do it like 5 more times\n|\n|t:|1699732805\n|move|p2a: literallyweed|Rest|p2a: literallyweed\n|-status|p2a: literallyweed|slp|[from] move: Rest\n|-heal|p2a: literallyweed|100\/100 slp|[silent]\n|cant|p1a: Sorrow|par\n|\n|-heal|p1a: Sorrow|100\/100 par|[from] move: Wish|[wisher] Sorrow\n|upkeep\n|turn|63\n|c|\u2606imAnthonybroNew|It is now\n|c|\u2606imAnthonybroNew|Rip bozo\n|c|\u2606imAnthonybroNew|Ill stop resting now lol\n|\n|t:|1699732831\n|switch|p1a: Henry-Micro|Porygon2|74\/100\n|-ability|p1a: Henry-Micro|Fluffy|[from] ability: Trace|[of] p2a: literallyweed\n|cant|p2a: literallyweed|slp\n|move|p2a: literallyweed|Sleep Talk|p2a: literallyweed\n|move|p2a: literallyweed|Rest||[from]move: Sleep Talk|[still]\n|-fail|p2a: literallyweed\n|\n|upkeep\n|turn|64\n|\n|t:|1699732843\n|cant|p2a: literallyweed|slp\n|move|p2a: literallyweed|Sleep Talk|p2a: literallyweed\n|move|p2a: literallyweed|Body Slam|p1a: Henry-Micro|[from]move: Sleep Talk\n|-damage|p1a: Henry-Micro|65\/100\n|move|p1a: Henry-Micro|Tri Attack|p2a: literallyweed\n|-damage|p2a: literallyweed|68\/100 slp\n|\n|upkeep\n|turn|65\n|\n|t:|1699732854\n|-curestatus|p2a: literallyweed|slp|[msg]\n|move|p2a: literallyweed|Sleep Talk||[still]\n|-fail|p2a: literallyweed\n|move|p1a: Henry-Micro|Tri Attack|p2a: literallyweed\n|-damage|p2a: literallyweed|39\/100\n|\n|upkeep\n|turn|66\n|\n|t:|1699732863\n|move|p2a: literallyweed|Thunder Wave|p1a: Henry-Micro\n|-status|p1a: Henry-Micro|par\n|move|p1a: Henry-Micro|Tri Attack|p2a: literallyweed\n|-damage|p2a: literallyweed|11\/100\n|\n|upkeep\n|turn|67\n|\n|t:|1699732870\n|move|p2a: literallyweed|Body Slam|p1a: Henry-Micro\n|-damage|p1a: Henry-Micro|57\/100 par\n|move|p1a: Henry-Micro|Tri Attack|p2a: literallyweed\n|-damage|p2a: literallyweed|0 fnt\n|faint|p2a: literallyweed\n|\n|win|Juanivia\n|c| ArktikAlice|REST\n|c| Kryn|this is giving me a good idea for something in the future though\n|c| Hyljys|ggs\n|c|\u2606imAnthonybroNew|Almost did lol\n|c| Kryn|gg\n|c| ArktikAlice|awww\n|c| ArktikAlice|ggwp\n|c|\u2606Juanivia|GGwp!\n|c|\u2606Juanivia|Hahah\n|c|\u2606imAnthonybroNew|Ggs!\n|l|\u2606imAnthonybroNew\n|l| ArktikAlice\n|c|\u2606Juanivia|I knew this brawl was going to be like this, haha\n|l| Kryn\n|l| Hyljys\n","uploadtime":1699732885,"views":12,"p1id":"juanivia","p2id":"imanthonybronew","formatid":"gen9nationaldex","rating":0,"private":0,"password":""}