{"id":"gen9nationaldex-1997584143","p1":"BasicFestivalGroup","p2":"runeatest","format":"[Gen 9] National Dex","log":"|html|<div class=\"broadcast-blue\"><strong>[Gen 9] National Dex is currently suspecting Sneasler! For information on how to participate check out the <a href=\"https:\/\/www.smogon.com\/forums\/threads\/sv-national-dex-suspect-8-just-dance.3731534\/\">suspect thread<\/a>.<\/strong><\/div>\n|j|\u2606BasicFestivalGroup\n|j|\u2606runeatest\n|t:|1700829097\n|gametype|singles\n|player|p1|BasicFestivalGroup|veteran|1105\n|player|p2|runeatest|fisherman-gen4|1177\n|teamsize|p1|6\n|teamsize|p2|6\n|gen|9\n|tier|[Gen 9] National Dex\n|rated|\n|rule|HP Percentage Mod: HP is shown in percentages\n|rule|Endless Battle Clause: Forcing endless battles is banned\n|rule|OHKO Clause: OHKO moves are banned\n|rule|Evasion Clause: Evasion abilities, items, and moves are banned\n|rule|Evasion Abilities Clause: Evasion abilities are banned\n|rule|Evasion Items Clause: Evasion items are banned\n|rule|Evasion Moves Clause: Evasion moves are banned\n|rule|Species Clause: Limit one of each Pok\u00e9mon\n|rule|Sleep Clause Mod: Limit one foe put to sleep\n|clearpoke\n|poke|p1|Muk-Alola, F|\n|poke|p1|Seismitoad, F|\n|poke|p1|Zoroark-Hisui, F|\n|poke|p1|Scizor, M|\n|poke|p1|Eelektross, F|\n|poke|p1|Hippowdon, F|\n|poke|p2|Glaceon, M|\n|poke|p2|Flygon, M|\n|poke|p2|Emolga, M|\n|poke|p2|Marowak-Alola, M|\n|poke|p2|Sirfetch\u2019d, M|\n|poke|p2|Lapras, M|\n|teampreview\n|inactive|Battle timer is ON: inactive players will automatically lose when time's up. (requested by runeatest)\n|\n|t:|1700829107\n|start\n|switch|p1a: Hippowdon|Hippowdon, F|100\/100\n|switch|p2a: Sirfetch\u2019d|Sirfetch\u2019d, M|100\/100\n|-weather|Sandstorm|[from] ability: Sand Stream|[of] p1a: Hippowdon\n|turn|1\n|\n|t:|1700829113\n|move|p2a: Sirfetch\u2019d|Leaf Blade|p1a: Hippowdon\n|-supereffective|p1a: Hippowdon\n|-crit|p1a: Hippowdon\n|-damage|p1a: Hippowdon|48\/100\n|move|p1a: Hippowdon|Toxic|p2a: Sirfetch\u2019d\n|-status|p2a: Sirfetch\u2019d|tox\n|\n|-weather|Sandstorm|[upkeep]\n|-damage|p2a: Sirfetch\u2019d|94\/100 tox|[from] Sandstorm\n|-heal|p1a: Hippowdon|54\/100|[from] item: Leftovers\n|-damage|p2a: Sirfetch\u2019d|88\/100 tox|[from] psn\n|upkeep\n|turn|2\n|\n|t:|1700829125\n|move|p2a: Sirfetch\u2019d|Leaf Blade|p1a: Hippowdon\n|-supereffective|p1a: Hippowdon\n|-crit|p1a: Hippowdon\n|-damage|p1a: Hippowdon|5\/100\n|move|p1a: Hippowdon|Slack Off|p1a: Hippowdon\n|-heal|p1a: Hippowdon|55\/100\n|\n|-weather|Sandstorm|[upkeep]\n|-damage|p2a: Sirfetch\u2019d|82\/100 tox|[from] Sandstorm\n|-heal|p1a: Hippowdon|61\/100|[from] item: Leftovers\n|-damage|p2a: Sirfetch\u2019d|70\/100 tox|[from] psn\n|upkeep\n|turn|3\n|\n|t:|1700829136\n|switch|p2a: Lapras|Lapras, M|100\/100\n|switch|p1a: Muk|Muk-Alola, F|100\/100\n|\n|-weather|Sandstorm|[upkeep]\n|-damage|p2a: Lapras|94\/100|[from] Sandstorm\n|-damage|p1a: Muk|94\/100|[from] Sandstorm\n|-heal|p2a: Lapras|100\/100|[from] item: Leftovers\n|upkeep\n|turn|4\n|\n|t:|1700829145\n|move|p2a: Lapras|Sparkling Aria|p1a: Muk\n|-damage|p1a: Muk|78\/100\n|move|p1a: Muk|Drain Punch|p2a: Lapras\n|-supereffective|p2a: Lapras\n|-damage|p2a: Lapras|67\/100\n|-heal|p1a: Muk|98\/100|[from] drain|[of] p2a: Lapras\n|\n|-weather|Sandstorm|[upkeep]\n|-damage|p2a: Lapras|61\/100|[from] Sandstorm\n|-damage|p1a: Muk|92\/100|[from] Sandstorm\n|-heal|p2a: Lapras|67\/100|[from] item: Leftovers\n|upkeep\n|turn|5\n|\n|t:|1700829156\n|move|p2a: Lapras|Heal Bell|p2a: Lapras\n|-activate|p2a: Lapras|move: Heal Bell\n|-curestatus|p2: Sirfetch\u2019d|tox|[msg]\n|move|p1a: Muk|Knock Off|p2a: Lapras\n|-damage|p2a: Lapras|33\/100\n|-enditem|p2a: Lapras|Leftovers|[from] move: Knock Off|[of] p1a: Muk\n|\n|-weather|none\n|upkeep\n|turn|6\n|\n|t:|1700829165\n|switch|p2a: Emolga|Emolga, M|100\/100\n|move|p1a: Muk|Body Slam|p2a: Emolga\n|-damage|p2a: Emolga|52\/100\n|-status|p2a: Emolga|psn|[from] ability: Poison Touch|[of] p1a: Muk\n|\n|-damage|p2a: Emolga|40\/100 psn|[from] psn\n|upkeep\n|turn|7\n|\n|t:|1700829173\n|move|p2a: Emolga|Nuzzle|p1a: Muk\n|-damage|p1a: Muk|86\/100\n|-status|p1a: Muk|par\n|cant|p1a: Muk|par\n|\n|-damage|p2a: Emolga|28\/100 psn|[from] psn\n|upkeep\n|turn|8\n|\n|t:|1700829180\n|move|p2a: Emolga|Air Slash|p1a: Muk\n|-damage|p1a: Muk|73\/100 par\n|move|p1a: Muk|Body Slam|p2a: Emolga\n|-damage|p2a: Emolga|0 fnt\n|faint|p2a: Emolga\n|\n|upkeep\n|\n|t:|1700829186\n|switch|p2a: Flygon|Flygon, M|100\/100\n|turn|9\n|\n|t:|1700829196\n|move|p2a: Flygon|Dragon Dance|p2a: Flygon\n|-boost|p2a: Flygon|atk|1\n|-boost|p2a: Flygon|spe|1\n|move|p1a: Muk|Body Slam|p2a: Flygon\n|-damage|p2a: Flygon|69\/100\n|-status|p2a: Flygon|par\n|\n|upkeep\n|turn|10\n|\n|t:|1700829207\n|cant|p2a: Flygon|par\n|cant|p1a: Muk|par\n|\n|upkeep\n|turn|11\n|\n|t:|1700829235\n|move|p2a: Flygon|Earthquake|p1a: Muk\n|-supereffective|p1a: Muk\n|-damage|p1a: Muk|0 fnt\n|faint|p1a: Muk\n|\n|upkeep\n|\n|t:|1700829240\n|switch|p1a: Seismitoad|Seismitoad, F|100\/100\n|turn|12\n|\n|t:|1700829244\n|switch|p2a: Lapras|Lapras, M|33\/100\n|move|p1a: Seismitoad|Ice Punch|p2a: Lapras\n|-resisted|p2a: Lapras\n|-damage|p2a: Lapras|28\/100\n|\n|upkeep\n|turn|13\n|\n|t:|1700829251\n|move|p1a: Seismitoad|Drain Punch|p2a: Lapras\n|-supereffective|p2a: Lapras\n|-damage|p2a: Lapras|0 fnt\n|faint|p2a: Lapras\n|\n|upkeep\n|\n|t:|1700829257\n|switch|p2a: Sirfetch\u2019d|Sirfetch\u2019d, M|70\/100\n|turn|14\n|\n|t:|1700829261\n|move|p2a: Sirfetch\u2019d|Leaf Blade|p1a: Seismitoad\n|-supereffective|p1a: Seismitoad\n|-crit|p1a: Seismitoad\n|-damage|p1a: Seismitoad|0 fnt\n|faint|p1a: Seismitoad\n|\n|upkeep\n|\n|t:|1700829266\n|switch|p1a: Eelektross|Eelektross, F|100\/100\n|turn|15\n|\n|t:|1700829270\n|move|p2a: Sirfetch\u2019d|Close Combat|p1a: Eelektross\n|-damage|p1a: Eelektross|30\/100\n|-unboost|p2a: Sirfetch\u2019d|def|1\n|-unboost|p2a: Sirfetch\u2019d|spd|1\n|move|p1a: Eelektross|Coil|p1a: Eelektross\n|-boost|p1a: Eelektross|atk|1\n|-boost|p1a: Eelektross|def|1\n|-boost|p1a: Eelektross|accuracy|1\n|\n|-heal|p1a: Eelektross|36\/100|[from] item: Leftovers\n|upkeep\n|turn|16\n|\n|t:|1700829279\n|switch|p1a: Eelektross|Eelektross, F|100\/100\n|move|p2a: Sirfetch\u2019d|Close Combat|p1a: Eelektross\n|-supereffective|p1a: Eelektross\n|-crit|p1a: Eelektross\n|-enditem|p1a: Eelektross|Focus Sash\n|-damage|p1a: Eelektross|1\/100\n|-unboost|p2a: Sirfetch\u2019d|def|1\n|-unboost|p2a: Sirfetch\u2019d|spd|1\n|replace|p1a: Zoroark|Zoroark-Hisui, F\n|-end|p1a: Zoroark|Illusion\n|\n|upkeep\n|turn|17\n|\n|t:|1700829292\n|switch|p2a: Flygon|Flygon, M|69\/100 par\n|move|p1a: Zoroark|Flamethrower|p2a: Flygon\n|-resisted|p2a: Flygon\n|-damage|p2a: Flygon|49\/100 par\n|\n|upkeep\n|turn|18\n|\n|t:|1700829306\n|move|p1a: Zoroark|Grass Knot|p2a: Flygon\n|-damage|p2a: Flygon|11\/100 par\n|move|p2a: Flygon|Dragon Claw|p1a: Zoroark\n|-damage|p1a: Zoroark|0 fnt\n|faint|p1a: Zoroark\n|\n|upkeep\n|\n|t:|1700829312\n|switch|p1a: Hippowdon|Hippowdon, F|61\/100\n|-weather|Sandstorm|[from] ability: Sand Stream|[of] p1a: Hippowdon\n|turn|19\n|\n|t:|1700829319\n|move|p2a: Flygon|Stone Edge|p1a: Hippowdon|[miss]\n|-miss|p2a: Flygon|p1a: Hippowdon\n|move|p1a: Hippowdon|Stealth Rock|p2a: Flygon\n|-sidestart|p2: runeatest|move: Stealth Rock\n|\n|-weather|Sandstorm|[upkeep]\n|-heal|p1a: Hippowdon|68\/100|[from] item: Leftovers\n|upkeep\n|turn|20\n|\n|t:|1700829328\n|switch|p2a: Sirfetch\u2019d|Sirfetch\u2019d, M|70\/100\n|-damage|p2a: Sirfetch\u2019d|64\/100|[from] Stealth Rock\n|move|p1a: Hippowdon|Toxic|p2a: Sirfetch\u2019d\n|-status|p2a: Sirfetch\u2019d|tox\n|\n|-weather|Sandstorm|[upkeep]\n|-damage|p2a: Sirfetch\u2019d|58\/100 tox|[from] Sandstorm\n|-heal|p1a: Hippowdon|74\/100|[from] item: Leftovers\n|-damage|p2a: Sirfetch\u2019d|52\/100 tox|[from] psn\n|upkeep\n|turn|21\n|\n|t:|1700829338\n|move|p2a: Sirfetch\u2019d|Defog|p1a: Hippowdon\n|-unboost|p1a: Hippowdon|evasion|1\n|-sideend|p2: runeatest|Stealth Rock|[from] move: Defog|[of] p2a: Sirfetch\u2019d\n|move|p1a: Hippowdon|Slack Off|p1a: Hippowdon\n|-heal|p1a: Hippowdon|100\/100\n|\n|-weather|Sandstorm|[upkeep]\n|-damage|p2a: Sirfetch\u2019d|46\/100 tox|[from] Sandstorm\n|-damage|p2a: Sirfetch\u2019d|34\/100 tox|[from] psn\n|upkeep\n|turn|22\n|\n|t:|1700829346\n|move|p2a: Sirfetch\u2019d|Leaf Blade|p1a: Hippowdon\n|-supereffective|p1a: Hippowdon\n|-crit|p1a: Hippowdon\n|-damage|p1a: Hippowdon|50\/100\n|move|p1a: Hippowdon|Stealth Rock|p2a: Sirfetch\u2019d\n|-sidestart|p2: runeatest|move: Stealth Rock\n|\n|-weather|Sandstorm|[upkeep]\n|-damage|p2a: Sirfetch\u2019d|28\/100 tox|[from] Sandstorm\n|-heal|p1a: Hippowdon|56\/100|[from] item: Leftovers\n|-damage|p2a: Sirfetch\u2019d|9\/100 tox|[from] psn\n|upkeep\n|turn|23\n|\n|t:|1700829358\n|move|p2a: Sirfetch\u2019d|Defog|p1a: Hippowdon\n|-unboost|p1a: Hippowdon|evasion|1\n|-sideend|p2: runeatest|Stealth Rock|[from] move: Defog|[of] p2a: Sirfetch\u2019d\n|move|p1a: Hippowdon|Slack Off|p1a: Hippowdon\n|-heal|p1a: Hippowdon|100\/100\n|\n|-weather|none\n|-damage|p2a: Sirfetch\u2019d|0 fnt|[from] psn\n|faint|p2a: Sirfetch\u2019d\n|upkeep\n|\n|t:|1700829366\n|switch|p2a: Glaceon|Glaceon, M|100\/100\n|turn|24\n|\n|t:|1700829373\n|move|p2a: Glaceon|Ice Beam|p1a: Hippowdon\n|-supereffective|p1a: Hippowdon\n|-crit|p1a: Hippowdon\n|-damage|p1a: Hippowdon|0 fnt\n|faint|p1a: Hippowdon\n|\n|upkeep\n|\n|t:|1700829375\n|switch|p1a: Scizor|Scizor, M|100\/100\n|turn|25\n|\n|t:|1700829381\n|switch|p2a: Marowak|Marowak-Alola, M|100\/100\n|move|p1a: Scizor|Dual Wingbeat|p2a: Marowak\n|-damage|p2a: Marowak|80\/100\n|-damage|p2a: Marowak|59\/100\n|-hitcount|p2a: Marowak|2\n|\n|upkeep\n|turn|26\n|\n|t:|1700829388\n|move|p1a: Scizor|Dual Wingbeat|p2a: Marowak\n|-damage|p2a: Marowak|38\/100\n|-damage|p2a: Marowak|17\/100\n|-hitcount|p2a: Marowak|2\n|move|p2a: Marowak|Flare Blitz|p1a: Scizor\n|-supereffective|p1a: Scizor\n|-damage|p1a: Scizor|0 fnt\n|faint|p1a: Scizor\n|\n|upkeep\n|\n|t:|1700829392\n|switch|p1a: Eelektross|Eelektross, F|36\/100\n|turn|27\n|\n|t:|1700829398\n|move|p1a: Eelektross|Spark|p2a: Marowak\n|-damage|p2a: Marowak|0 fnt\n|faint|p2a: Marowak\n|\n|-heal|p1a: Eelektross|42\/100|[from] item: Leftovers\n|upkeep\n|\n|t:|1700829404\n|switch|p2a: Glaceon|Glaceon, M|100\/100\n|turn|28\n|\n|t:|1700829407\n|move|p2a: Glaceon|Ice Beam|p1a: Eelektross\n|-damage|p1a: Eelektross|0 fnt\n|faint|p1a: Eelektross\n|\n|win|runeatest\n|raw|BasicFestivalGroup's rating: 1105 &rarr; <strong>1085<\/strong><br \/>(-20 for losing)\n|raw|runeatest's rating: 1177 &rarr; <strong>1197<\/strong><br \/>(+20 for winning)\n","uploadtime":1700829413,"views":11,"p1id":"basicfestivalgroup","p2id":"runeatest","formatid":"gen9nationaldex","rating":1085,"private":0,"password":""}