{"id":"gen9nationaldex-1997550844","p1":"emeth2159","p2":"hexagonereal","format":"[Gen 9] National Dex","log":"|html|<div class=\"broadcast-blue\"><strong>[Gen 9] National Dex is currently suspecting Sneasler! For information on how to participate check out the <a href=\"https:\/\/www.smogon.com\/forums\/threads\/sv-national-dex-suspect-8-just-dance.3731534\/\">suspect thread<\/a>.<\/strong><\/div>\n|j|\u2606emeth2159\n|j|\u2606hexagonereal\n|t:|1700824130\n|gametype|singles\n|player|p1|emeth2159|worker|1302\n|player|p2|hexagonereal|cyrus|1307\n|teamsize|p1|6\n|teamsize|p2|6\n|gen|9\n|tier|[Gen 9] National Dex\n|rated|\n|rule|HP Percentage Mod: HP is shown in percentages\n|rule|Endless Battle Clause: Forcing endless battles is banned\n|rule|OHKO Clause: OHKO moves are banned\n|rule|Evasion Clause: Evasion abilities, items, and moves are banned\n|rule|Evasion Abilities Clause: Evasion abilities are banned\n|rule|Evasion Items Clause: Evasion items are banned\n|rule|Evasion Moves Clause: Evasion moves are banned\n|rule|Species Clause: Limit one of each Pok\u00e9mon\n|rule|Sleep Clause Mod: Limit one foe put to sleep\n|clearpoke\n|poke|p1|Dhelmise|\n|poke|p1|Alomomola, M|\n|poke|p1|Hoopa-Unbound|\n|poke|p1|Great Tusk|\n|poke|p1|Cinderace, M|\n|poke|p1|Tapu Lele|\n|poke|p2|Grimmsnarl, M|\n|poke|p2|Volcarona, F|\n|poke|p2|Kartana|\n|poke|p2|Gyarados, F|\n|poke|p2|Weavile, M|\n|poke|p2|Iron Valiant|\n|teampreview\n|\n|t:|1700824137\n|start\n|switch|p1a: Hoopa|Hoopa-Unbound|100\/100\n|switch|p2a: Jabberwocky|Grimmsnarl, M|100\/100\n|turn|1\n|\n|t:|1700824143\n|move|p2a: Jabberwocky|Light Screen|p2a: Jabberwocky\n|-sidestart|p2: hexagonereal|move: Light Screen\n|move|p1a: Hoopa|Gunk Shot|p2a: Jabberwocky\n|-supereffective|p2a: Jabberwocky\n|-damage|p2a: Jabberwocky|0 fnt\n|faint|p2a: Jabberwocky\n|\n|upkeep\n|\n|t:|1700824156\n|switch|p2a: Washing A Ton|Gyarados, F|100\/100\n|-ability|p2a: Washing A Ton|Intimidate|boost\n|-unboost|p1a: Hoopa|atk|1\n|turn|2\n|\n|t:|1700824165\n|switch|p1a: Alomomola|Alomomola, M|100\/100\n|move|p2a: Washing A Ton|Dragon Dance|p2a: Washing A Ton\n|-boost|p2a: Washing A Ton|atk|1\n|-boost|p2a: Washing A Ton|spe|1\n|\n|upkeep\n|turn|3\n|\n|t:|1700824170\n|detailschange|p2a: Washing A Ton|Gyarados-Mega, F\n|-mega|p2a: Washing A Ton|Gyarados|Gyaradosite\n|-ability|p2a: Washing A Ton|Mold Breaker\n|move|p2a: Washing A Ton|Crunch|p1a: Alomomola\n|-damage|p1a: Alomomola|49\/100\n|move|p1a: Alomomola|Toxic|p2a: Washing A Ton\n|-status|p2a: Washing A Ton|tox\n|\n|-damage|p2a: Washing A Ton|94\/100 tox|[from] psn\n|upkeep\n|turn|4\n|\n|t:|1700824181\n|switch|p1a: Great Tusk|Great Tusk|100\/100\n|move|p2a: Washing A Ton|Crunch|p1a: Great Tusk\n|-resisted|p1a: Great Tusk\n|-damage|p1a: Great Tusk|82\/100\n|\n|-damage|p2a: Washing A Ton|82\/100 tox|[from] psn\n|upkeep\n|turn|5\n|c|\u2606hexagonereal|test\n|\n|t:|1700824200\n|-end|p1a: Great Tusk|Protosynthesis|[silent]\n|switch|p1a: Alomomola|Alomomola, M|83\/100\n|move|p2a: Washing A Ton|Waterfall|p1a: Alomomola\n|-resisted|p1a: Alomomola\n|-damage|p1a: Alomomola|59\/100\n|\n|-damage|p2a: Washing A Ton|64\/100 tox|[from] psn\n|upkeep\n|turn|6\n|\n|t:|1700824208\n|switch|p2a: Karti|Kartana|100\/100\n|move|p1a: Alomomola|Wish|p1a: Alomomola\n|\n|upkeep\n|turn|7\n|\n|t:|1700824218\n|move|p2a: Karti|Leaf Blade|p1a: Alomomola\n|-supereffective|p1a: Alomomola\n|-damage|p1a: Alomomola|0 fnt\n|faint|p1a: Alomomola\n|-ability|p2a: Karti|Beast Boost|boost\n|-boost|p2a: Karti|atk|1\n|\n|upkeep\n|\n|t:|1700824226\n|switch|p1a: Cinderace|Cinderace, M|100\/100\n|turn|8\n|\n|t:|1700824233\n|switch|p2a: Washing A Ton|Gyarados-Mega, F|64\/100 tox\n|-ability|p2a: Washing A Ton|Mold Breaker\n|move|p1a: Cinderace|Pyro Ball|p2a: Washing A Ton\n|-resisted|p2a: Washing A Ton\n|-damage|p2a: Washing A Ton|34\/100 tox\n|\n|-damage|p2a: Washing A Ton|28\/100 tox|[from] psn\n|-sideend|p2: hexagonereal|move: Light Screen\n|upkeep\n|turn|9\n|\n|t:|1700824238\n|move|p1a: Cinderace|U-turn|p2a: Washing A Ton\n|-start|p1a: Cinderace|typechange|Bug|[from] ability: Libero\n|-supereffective|p2a: Washing A Ton\n|-damage|p2a: Washing A Ton|0 fnt\n|faint|p2a: Washing A Ton\n|\n|t:|1700824246\n|switch|p1a: Hoopa|Hoopa-Unbound|100\/100|[from] U-turn\n|\n|upkeep\n|\n|t:|1700824256\n|switch|p2a: Budget Approved|Iron Valiant|100\/100\n|-enditem|p2a: Budget Approved|Booster Energy\n|-activate|p2a: Budget Approved|ability: Quark Drive|[fromitem]\n|-start|p2a: Budget Approved|quarkdrivespe\n|turn|10\n|\n|t:|1700824261\n|move|p2a: Budget Approved|Moonblast|p1a: Hoopa\n|-supereffective|p1a: Hoopa\n|-damage|p1a: Hoopa|55\/100\n|move|p1a: Hoopa|Gunk Shot|p2a: Budget Approved\n|-supereffective|p2a: Budget Approved\n|-damage|p2a: Budget Approved|0 fnt\n|faint|p2a: Budget Approved\n|-end|p2a: Budget Approved|Quark Drive|[silent]\n|\n|upkeep\n|\n|t:|1700824269\n|switch|p2a: Harlem|Weavile, M|100\/100\n|-ability|p2a: Harlem|Pressure\n|turn|11\n|\n|t:|1700824279\n|switch|p1a: Cinderace|Cinderace, M|100\/100\n|move|p2a: Harlem|Knock Off|p1a: Cinderace\n|-damage|p1a: Cinderace|30\/100\n|-enditem|p1a: Cinderace|Heavy-Duty Boots|[from] move: Knock Off|[of] p2a: Harlem\n|\n|upkeep\n|turn|12\n|\n|t:|1700824294\n|move|p2a: Harlem|Knock Off|p1a: Cinderace\n|-damage|p1a: Cinderace|0 fnt\n|faint|p1a: Cinderace\n|\n|upkeep\n|\n|t:|1700824300\n|switch|p1a: Dhelmise|Dhelmise|100\/100\n|turn|13\n|\n|t:|1700824307\n|-terastallize|p1a: Dhelmise|Steel\n|move|p2a: Harlem|Knock Off|p1a: Dhelmise\n|-damage|p1a: Dhelmise|55\/100\n|-enditem|p1a: Dhelmise|Choice Band|[from] move: Knock Off|[of] p2a: Harlem\n|move|p1a: Dhelmise|Anchor Shot|p2a: Harlem\n|-supereffective|p2a: Harlem\n|-damage|p2a: Harlem|0 fnt\n|faint|p2a: Harlem\n|\n|upkeep\n|\n|t:|1700824317\n|switch|p2a: Mothra|Volcarona, F|100\/100\n|turn|14\n|\n|t:|1700824331\n|move|p2a: Mothra|Quiver Dance|p2a: Mothra\n|-boost|p2a: Mothra|spa|1\n|-boost|p2a: Mothra|spd|1\n|-boost|p2a: Mothra|spe|1\n|move|p1a: Dhelmise|Poltergeist|p2a: Mothra\n|-activate|p2a: Mothra|move: Poltergeist|Heavy-Duty Boots\n|-damage|p2a: Mothra|0 fnt\n|faint|p2a: Mothra\n|\n|upkeep\n|\n|t:|1700824334\n|switch|p2a: Karti|Kartana|100\/100\n|turn|15\n|\n|t:|1700824343\n|move|p2a: Karti|Leaf Blade|p1a: Dhelmise\n|-resisted|p1a: Dhelmise\n|-damage|p1a: Dhelmise|13\/100\n|move|p1a: Dhelmise|Poltergeist|p2a: Karti\n|-activate|p2a: Karti|move: Poltergeist|Choice Band\n|-damage|p2a: Karti|31\/100\n|\n|upkeep\n|turn|16\n|\n|t:|1700824361\n|move|p2a: Karti|Leaf Blade|p1a: Dhelmise\n|-resisted|p1a: Dhelmise\n|-damage|p1a: Dhelmise|0 fnt\n|faint|p1a: Dhelmise\n|-ability|p2a: Karti|Beast Boost|boost\n|-boost|p2a: Karti|atk|1\n|\n|upkeep\n|\n|t:|1700824365\n|switch|p1a: Great Tusk|Great Tusk|82\/100\n|turn|17\n|\n|t:|1700824369\n|move|p2a: Karti|Leaf Blade|p1a: Great Tusk\n|-supereffective|p1a: Great Tusk\n|-crit|p1a: Great Tusk\n|-damage|p1a: Great Tusk|0 fnt\n|faint|p1a: Great Tusk\n|-end|p1a: Great Tusk|Protosynthesis|[silent]\n|-ability|p2a: Karti|Beast Boost|boost\n|-boost|p2a: Karti|atk|1\n|\n|upkeep\n|\n|t:|1700824371\n|switch|p1a: Tapu Lele|Tapu Lele|100\/100\n|-fieldstart|move: Psychic Terrain|[from] ability: Psychic Surge|[of] p1a: Tapu Lele\n|turn|18\n|\n|t:|1700824377\n|move|p2a: Karti|Leaf Blade|p1a: Tapu Lele\n|-damage|p1a: Tapu Lele|0 fnt\n|faint|p1a: Tapu Lele\n|-ability|p2a: Karti|Beast Boost|boost\n|-boost|p2a: Karti|atk|1\n|\n|upkeep\n|\n|t:|1700824379\n|switch|p1a: Hoopa|Hoopa-Unbound|55\/100\n|turn|19\n|\n|t:|1700824384\n|move|p2a: Karti|Leaf Blade|p1a: Hoopa\n|-damage|p1a: Hoopa|0 fnt\n|faint|p1a: Hoopa\n|\n|win|hexagonereal\n|raw|emeth2159's rating: 1302 &rarr; <strong>1282<\/strong><br \/>(-20 for losing)\n|raw|hexagonereal's rating: 1307 &rarr; <strong>1327<\/strong><br \/>(+20 for winning)\n|l|\u2606emeth2159\n","uploadtime":1700824393,"views":2,"p1id":"emeth2159","p2id":"hexagonereal","formatid":"gen9nationaldex","rating":1282,"private":0,"password":""}