{"id":"gen9nationaldex-1987557519","p1":"Tentacultistry","p2":"wcyoubing\u8349\u55b5\u72c2\u70ed\u7c89","format":"[Gen 9] National Dex","log":"|j|\u2606Tentacultistry\n|j|\u2606wcyoubing\u8349\u55b5\u72c2\u70ed\u7c89\n|t:|1699611714\n|gametype|singles\n|player|p1|Tentacultistry|elesa-masters2|1332\n|player|p2|wcyoubing\u8349\u55b5\u72c2\u70ed\u7c89|acerola-masters|1431\n|teamsize|p1|6\n|teamsize|p2|6\n|gen|9\n|tier|[Gen 9] National Dex\n|rated|\n|rule|HP Percentage Mod: HP is shown in percentages\n|rule|Endless Battle Clause: Forcing endless battles is banned\n|rule|OHKO Clause: OHKO moves are banned\n|rule|Evasion Clause: Evasion abilities, items, and moves are banned\n|rule|Evasion Abilities Clause: Evasion abilities are banned\n|rule|Evasion Items Clause: Evasion items are banned\n|rule|Evasion Moves Clause: Evasion moves are banned\n|rule|Species Clause: Limit one of each Pok\u00e9mon\n|rule|Sleep Clause Mod: Limit one foe put to sleep\n|clearpoke\n|poke|p1|Tapu Koko|\n|poke|p1|Iron Valiant|\n|poke|p1|Iron Hands|\n|poke|p1|Dracozolt|\n|poke|p1|Iron Treads|\n|poke|p1|Iron Jugulis|\n|poke|p2|Banette, F|\n|poke|p2|Zamazenta-*|\n|poke|p2|Alomomola, M|\n|poke|p2|Thundurus-Therian, M|\n|poke|p2|Aegislash, M|\n|poke|p2|Hoopa-Unbound|\n|teampreview\n|\n|t:|1699611743\n|start\n|switch|p1a: rita|Tapu Koko|100\/100\n|switch|p2a: Thundurus|Thundurus-Therian, M|100\/100\n|-fieldstart|move: Electric Terrain|[from] ability: Electric Surge|[of] p1a: rita\n|turn|1\n|\n|t:|1699611753\n|move|p1a: rita|U-turn|p2a: Thundurus\n|-resisted|p2a: Thundurus\n|-damage|p2a: Thundurus|83\/100\n|\n|t:|1699611760\n|switch|p1a: Short King|Iron Treads|100\/100|[from] U-turn\n|-activate|p1a: Short King|ability: Quark Drive\n|-start|p1a: Short King|quarkdrivespe\n|move|p2a: Thundurus|Grass Knot|p1a: Short King\n|-damage|p1a: Short King|9\/100\n|\n|upkeep\n|turn|2\n|\n|t:|1699611778\n|switch|p2a: \u76fe\u4e4b\u738b\u6015\u75bc\uff0c\u5e26\u5f31\u70b9\u4fdd\u9669\u5408\u7406\u5427|Zamazenta|100\/100\n|-ability|p2a: \u76fe\u4e4b\u738b\u6015\u75bc\uff0c\u5e26\u5f31\u70b9\u4fdd\u9669\u5408\u7406\u5427|Dauntless Shield|boost\n|-boost|p2a: \u76fe\u4e4b\u738b\u6015\u75bc\uff0c\u5e26\u5f31\u70b9\u4fdd\u9669\u5408\u7406\u5427|def|1\n|move|p1a: Short King|Iron Head|p2a: \u76fe\u4e4b\u738b\u6015\u75bc\uff0c\u5e26\u5f31\u70b9\u4fdd\u9669\u5408\u7406\u5427\n|-damage|p2a: \u76fe\u4e4b\u738b\u6015\u75bc\uff0c\u5e26\u5f31\u70b9\u4fdd\u9669\u5408\u7406\u5427|82\/100\n|\n|-heal|p2a: \u76fe\u4e4b\u738b\u6015\u75bc\uff0c\u5e26\u5f31\u70b9\u4fdd\u9669\u5408\u7406\u5427|88\/100|[from] item: Leftovers\n|upkeep\n|turn|3\n|\n|t:|1699611785\n|move|p1a: Short King|Earthquake|p2a: \u76fe\u4e4b\u738b\u6015\u75bc\uff0c\u5e26\u5f31\u70b9\u4fdd\u9669\u5408\u7406\u5427\n|-damage|p2a: \u76fe\u4e4b\u738b\u6015\u75bc\uff0c\u5e26\u5f31\u70b9\u4fdd\u9669\u5408\u7406\u5427|67\/100\n|move|p2a: \u76fe\u4e4b\u738b\u6015\u75bc\uff0c\u5e26\u5f31\u70b9\u4fdd\u9669\u5408\u7406\u5427|Iron Defense|p2a: \u76fe\u4e4b\u738b\u6015\u75bc\uff0c\u5e26\u5f31\u70b9\u4fdd\u9669\u5408\u7406\u5427\n|-boost|p2a: \u76fe\u4e4b\u738b\u6015\u75bc\uff0c\u5e26\u5f31\u70b9\u4fdd\u9669\u5408\u7406\u5427|def|2\n|\n|-heal|p2a: \u76fe\u4e4b\u738b\u6015\u75bc\uff0c\u5e26\u5f31\u70b9\u4fdd\u9669\u5408\u7406\u5427|73\/100|[from] item: Leftovers\n|upkeep\n|turn|4\n|\n|t:|1699611792\n|-end|p1a: Short King|Quark Drive|[silent]\n|switch|p1a: Kein|Iron Valiant|100\/100\n|-activate|p1a: Kein|ability: Quark Drive\n|-start|p1a: Kein|quarkdrivespe\n|move|p2a: \u76fe\u4e4b\u738b\u6015\u75bc\uff0c\u5e26\u5f31\u70b9\u4fdd\u9669\u5408\u7406\u5427|Iron Defense|p2a: \u76fe\u4e4b\u738b\u6015\u75bc\uff0c\u5e26\u5f31\u70b9\u4fdd\u9669\u5408\u7406\u5427\n|-boost|p2a: \u76fe\u4e4b\u738b\u6015\u75bc\uff0c\u5e26\u5f31\u70b9\u4fdd\u9669\u5408\u7406\u5427|def|2\n|\n|-heal|p2a: \u76fe\u4e4b\u738b\u6015\u75bc\uff0c\u5e26\u5f31\u70b9\u4fdd\u9669\u5408\u7406\u5427|80\/100|[from] item: Leftovers\n|upkeep\n|turn|5\n|\n|t:|1699611803\n|-terastallize|p2a: \u76fe\u4e4b\u738b\u6015\u75bc\uff0c\u5e26\u5f31\u70b9\u4fdd\u9669\u5408\u7406\u5427|Electric\n|move|p1a: Kein|Moonblast|p2a: \u76fe\u4e4b\u738b\u6015\u75bc\uff0c\u5e26\u5f31\u70b9\u4fdd\u9669\u5408\u7406\u5427\n|-crit|p2a: \u76fe\u4e4b\u738b\u6015\u75bc\uff0c\u5e26\u5f31\u70b9\u4fdd\u9669\u5408\u7406\u5427\n|-damage|p2a: \u76fe\u4e4b\u738b\u6015\u75bc\uff0c\u5e26\u5f31\u70b9\u4fdd\u9669\u5408\u7406\u5427|7\/100\n|-damage|p1a: Kein|91\/100|[from] item: Life Orb\n|move|p2a: \u76fe\u4e4b\u738b\u6015\u75bc\uff0c\u5e26\u5f31\u70b9\u4fdd\u9669\u5408\u7406\u5427|Body Press|p1a: Kein\n|-resisted|p1a: Kein\n|-damage|p1a: Kein|10\/100\n|\n|-heal|p2a: \u76fe\u4e4b\u738b\u6015\u75bc\uff0c\u5e26\u5f31\u70b9\u4fdd\u9669\u5408\u7406\u5427|13\/100|[from] item: Leftovers\n|upkeep\n|turn|6\n|\n|t:|1699611817\n|switch|p2a: Aegislash|Aegislash, M|100\/100\n|move|p1a: Kein|Moonblast|p2a: Aegislash\n|-resisted|p2a: Aegislash\n|-damage|p2a: Aegislash|73\/100\n|-unboost|p2a: Aegislash|spa|1\n|-damage|p1a: Kein|0 fnt|[from] item: Life Orb\n|faint|p1a: Kein\n|-end|p1a: Kein|Quark Drive|[silent]\n|\n|upkeep\n|\n|t:|1699611833\n|switch|p1a: Jimothy cool|Iron Jugulis|100\/100\n|-activate|p1a: Jimothy cool|ability: Quark Drive\n|-start|p1a: Jimothy cool|quarkdrivespe\n|turn|7\n|\n|t:|1699611848\n|-formechange|p2a: Aegislash|Aegislash-Blade||[from] ability: Stance Change\n|move|p2a: Aegislash|Shadow Sneak|p1a: Jimothy cool\n|-resisted|p1a: Jimothy cool\n|-damage|p1a: Jimothy cool|85\/100\n|move|p1a: Jimothy cool|Earth Power|p2a: Aegislash\n|-supereffective|p2a: Aegislash\n|-damage|p2a: Aegislash|0 fnt\n|faint|p2a: Aegislash\n|-damage|p1a: Jimothy cool|75\/100|[from] item: Life Orb\n|\n|upkeep\n|\n|t:|1699611853\n|switch|p2a: Thundurus|Thundurus-Therian, M|83\/100\n|turn|8\n|\n|t:|1699611860\n|move|p1a: Jimothy cool|Dark Pulse|p2a: Thundurus\n|-damage|p2a: Thundurus|7\/100\n|-damage|p1a: Jimothy cool|66\/100|[from] item: Life Orb\n|move|p2a: Thundurus|Hidden Power|p1a: Jimothy cool\n|-supereffective|p1a: Jimothy cool\n|-damage|p1a: Jimothy cool|0 fnt\n|faint|p1a: Jimothy cool\n|-end|p1a: Jimothy cool|Quark Drive|[silent]\n|\n|-fieldend|move: Electric Terrain\n|upkeep\n|\n|t:|1699611874\n|switch|p1a: rita|Tapu Koko|100\/100\n|-fieldstart|move: Electric Terrain|[from] ability: Electric Surge|[of] p1a: rita\n|turn|9\n|\n|t:|1699611883\n|switch|p2a: Alomomola|Alomomola, M|100\/100\n|move|p1a: rita|U-turn|p2a: Alomomola\n|-damage|p2a: Alomomola|88\/100\n|-damage|p1a: rita|84\/100|[from] item: Rocky Helmet|[of] p2a: Alomomola\n|\n|t:|1699611896\n|switch|p1a: BBB|Dracozolt|100\/100|[from] U-turn\n|\n|upkeep\n|turn|10\n|\n|t:|1699611906\n|switch|p2a: Thundurus|Thundurus-Therian, M|7\/100\n|move|p1a: BBB|Outrage|p2a: Thundurus\n|-damage|p2a: Thundurus|0 fnt\n|faint|p2a: Thundurus\n|\n|upkeep\n|\n|t:|1699611924\n|switch|p2a: Hoopa|Hoopa-Unbound|100\/100\n|turn|11\n|\n|t:|1699611928\n|move|p1a: BBB|Outrage|p2a: Hoopa|[from]lockedmove|[miss]\n|-miss|p1a: BBB|p2a: Hoopa\n|move|p2a: Hoopa|Hyperspace Fury|p1a: BBB\n|-damage|p1a: BBB|0 fnt\n|-unboost|p2a: Hoopa|def|1\n|faint|p1a: BBB\n|\n|upkeep\n|\n|t:|1699611940\n|switch|p1a: wide stance craig|Iron Hands|100\/100\n|-activate|p1a: wide stance craig|ability: Quark Drive\n|-start|p1a: wide stance craig|quarkdriveatk\n|turn|12\n|\n|t:|1699611958\n|switch|p2a: Alomomola|Alomomola, M|100\/100\n|-terastallize|p1a: wide stance craig|Flying\n|move|p1a: wide stance craig|Play Rough|p2a: Alomomola\n|-crit|p2a: Alomomola\n|-damage|p2a: Alomomola|74\/100\n|-unboost|p2a: Alomomola|atk|1\n|-damage|p1a: wide stance craig|84\/100|[from] item: Rocky Helmet|[of] p2a: Alomomola\n|\n|upkeep\n|turn|13\n|\n|t:|1699611976\n|move|p2a: Alomomola|Wish|p2a: Alomomola\n|move|p1a: wide stance craig|Wild Charge|p2a: Alomomola\n|-supereffective|p2a: Alomomola\n|-damage|p2a: Alomomola|14\/100\n|-damage|p1a: wide stance craig|67\/100|[from] item: Rocky Helmet|[of] p2a: Alomomola\n|-damage|p1a: wide stance craig|52\/100|[from] Recoil\n|\n|upkeep\n|turn|14\n|\n|t:|1699612001\n|move|p2a: Alomomola|Protect|p2a: Alomomola\n|-singleturn|p2a: Alomomola|Protect\n|move|p1a: wide stance craig|Drain Punch|p2a: Alomomola\n|-activate|p2a: Alomomola|move: Protect\n|\n|-heal|p2a: Alomomola|64\/100|[from] move: Wish|[wisher] Alomomola\n|upkeep\n|turn|15\n|\n|t:|1699612014\n|move|p2a: Alomomola|Wish|p2a: Alomomola\n|move|p1a: wide stance craig|Drain Punch|p2a: Alomomola\n|-damage|p2a: Alomomola|39\/100\n|-heal|p1a: wide stance craig|65\/100|[from] drain|[of] p2a: Alomomola\n|-damage|p1a: wide stance craig|48\/100|[from] item: Rocky Helmet|[of] p2a: Alomomola\n|\n|upkeep\n|turn|16\n|\n|t:|1699612025\n|switch|p2a: \u76fe\u4e4b\u738b\u6015\u75bc\uff0c\u5e26\u5f31\u70b9\u4fdd\u9669\u5408\u7406\u5427|Zamazenta, tera:Electric|13\/100\n|-end|p1a: wide stance craig|Quark Drive|[silent]\n|switch|p1a: rita|Tapu Koko|84\/100\n|\n|-heal|p2a: \u76fe\u4e4b\u738b\u6015\u75bc\uff0c\u5e26\u5f31\u70b9\u4fdd\u9669\u5408\u7406\u5427|82\/100|[from] move: Wish|[wisher] Alomomola\n|-heal|p2a: \u76fe\u4e4b\u738b\u6015\u75bc\uff0c\u5e26\u5f31\u70b9\u4fdd\u9669\u5408\u7406\u5427|88\/100|[from] item: Leftovers\n|-fieldend|move: Electric Terrain\n|upkeep\n|turn|17\n|\n|t:|1699612033\n|move|p1a: rita|Dazzling Gleam|p2a: \u76fe\u4e4b\u738b\u6015\u75bc\uff0c\u5e26\u5f31\u70b9\u4fdd\u9669\u5408\u7406\u5427\n|-damage|p2a: \u76fe\u4e4b\u738b\u6015\u75bc\uff0c\u5e26\u5f31\u70b9\u4fdd\u9669\u5408\u7406\u5427|68\/100\n|move|p2a: \u76fe\u4e4b\u738b\u6015\u75bc\uff0c\u5e26\u5f31\u70b9\u4fdd\u9669\u5408\u7406\u5427|Iron Defense|p2a: \u76fe\u4e4b\u738b\u6015\u75bc\uff0c\u5e26\u5f31\u70b9\u4fdd\u9669\u5408\u7406\u5427\n|-boost|p2a: \u76fe\u4e4b\u738b\u6015\u75bc\uff0c\u5e26\u5f31\u70b9\u4fdd\u9669\u5408\u7406\u5427|def|2\n|\n|-heal|p2a: \u76fe\u4e4b\u738b\u6015\u75bc\uff0c\u5e26\u5f31\u70b9\u4fdd\u9669\u5408\u7406\u5427|74\/100|[from] item: Leftovers\n|upkeep\n|turn|18\n|\n|t:|1699612037\n|switch|p1a: Short King|Iron Treads|9\/100\n|move|p2a: \u76fe\u4e4b\u738b\u6015\u75bc\uff0c\u5e26\u5f31\u70b9\u4fdd\u9669\u5408\u7406\u5427|Iron Defense|p2a: \u76fe\u4e4b\u738b\u6015\u75bc\uff0c\u5e26\u5f31\u70b9\u4fdd\u9669\u5408\u7406\u5427\n|-boost|p2a: \u76fe\u4e4b\u738b\u6015\u75bc\uff0c\u5e26\u5f31\u70b9\u4fdd\u9669\u5408\u7406\u5427|def|2\n|\n|-heal|p2a: \u76fe\u4e4b\u738b\u6015\u75bc\uff0c\u5e26\u5f31\u70b9\u4fdd\u9669\u5408\u7406\u5427|80\/100|[from] item: Leftovers\n|upkeep\n|turn|19\n|\n|t:|1699612042\n|-end|p1a: Short King|Quark Drive|[silent]\n|switch|p1a: rita|Tapu Koko|84\/100\n|-fieldstart|move: Electric Terrain|[from] ability: Electric Surge|[of] p1a: rita\n|move|p2a: \u76fe\u4e4b\u738b\u6015\u75bc\uff0c\u5e26\u5f31\u70b9\u4fdd\u9669\u5408\u7406\u5427|Iron Defense|p2a: \u76fe\u4e4b\u738b\u6015\u75bc\uff0c\u5e26\u5f31\u70b9\u4fdd\u9669\u5408\u7406\u5427\n|-boost|p2a: \u76fe\u4e4b\u738b\u6015\u75bc\uff0c\u5e26\u5f31\u70b9\u4fdd\u9669\u5408\u7406\u5427|def|2\n|\n|-heal|p2a: \u76fe\u4e4b\u738b\u6015\u75bc\uff0c\u5e26\u5f31\u70b9\u4fdd\u9669\u5408\u7406\u5427|87\/100|[from] item: Leftovers\n|upkeep\n|turn|20\n|\n|t:|1699612049\n|move|p1a: rita|U-turn|p2a: \u76fe\u4e4b\u738b\u6015\u75bc\uff0c\u5e26\u5f31\u70b9\u4fdd\u9669\u5408\u7406\u5427\n|-damage|p2a: \u76fe\u4e4b\u738b\u6015\u75bc\uff0c\u5e26\u5f31\u70b9\u4fdd\u9669\u5408\u7406\u5427|82\/100\n|\n|t:|1699612052\n|switch|p1a: Short King|Iron Treads|9\/100|[from] U-turn\n|-activate|p1a: Short King|ability: Quark Drive\n|-start|p1a: Short King|quarkdrivespe\n|move|p2a: \u76fe\u4e4b\u738b\u6015\u75bc\uff0c\u5e26\u5f31\u70b9\u4fdd\u9669\u5408\u7406\u5427|Body Press|p1a: Short King\n|-supereffective|p1a: Short King\n|-damage|p1a: Short King|0 fnt\n|faint|p1a: Short King\n|-end|p1a: Short King|Quark Drive|[silent]\n|\n|-heal|p2a: \u76fe\u4e4b\u738b\u6015\u75bc\uff0c\u5e26\u5f31\u70b9\u4fdd\u9669\u5408\u7406\u5427|88\/100|[from] item: Leftovers\n|upkeep\n|\n|t:|1699612054\n|switch|p1a: wide stance craig|Iron Hands, tera:Flying|48\/100\n|-activate|p1a: wide stance craig|ability: Quark Drive\n|-start|p1a: wide stance craig|quarkdriveatk\n|turn|21\n|\n|t:|1699612059\n|move|p2a: \u76fe\u4e4b\u738b\u6015\u75bc\uff0c\u5e26\u5f31\u70b9\u4fdd\u9669\u5408\u7406\u5427|Body Press|p1a: wide stance craig\n|-resisted|p1a: wide stance craig\n|-damage|p1a: wide stance craig|10\/100\n|move|p1a: wide stance craig|Drain Punch|p2a: \u76fe\u4e4b\u738b\u6015\u75bc\uff0c\u5e26\u5f31\u70b9\u4fdd\u9669\u5408\u7406\u5427\n|-damage|p2a: \u76fe\u4e4b\u738b\u6015\u75bc\uff0c\u5e26\u5f31\u70b9\u4fdd\u9669\u5408\u7406\u5427|80\/100\n|-heal|p1a: wide stance craig|13\/100|[from] drain|[of] p2a: \u76fe\u4e4b\u738b\u6015\u75bc\uff0c\u5e26\u5f31\u70b9\u4fdd\u9669\u5408\u7406\u5427\n|\n|-heal|p2a: \u76fe\u4e4b\u738b\u6015\u75bc\uff0c\u5e26\u5f31\u70b9\u4fdd\u9669\u5408\u7406\u5427|86\/100|[from] item: Leftovers\n|upkeep\n|turn|22\n|\n|t:|1699612066\n|move|p2a: \u76fe\u4e4b\u738b\u6015\u75bc\uff0c\u5e26\u5f31\u70b9\u4fdd\u9669\u5408\u7406\u5427|Body Press|p1a: wide stance craig\n|-resisted|p1a: wide stance craig\n|-damage|p1a: wide stance craig|0 fnt\n|faint|p1a: wide stance craig\n|-end|p1a: wide stance craig|Quark Drive|[silent]\n|\n|-heal|p2a: \u76fe\u4e4b\u738b\u6015\u75bc\uff0c\u5e26\u5f31\u70b9\u4fdd\u9669\u5408\u7406\u5427|92\/100|[from] item: Leftovers\n|upkeep\n|inactive|Battle timer is ON: inactive players will automatically lose when time's up. (requested by wcyoubing\u8349\u55b5\u72c2\u70ed\u7c89)\n|-message|Tentacultistry forfeited.\n|\n|win|wcyoubing\u8349\u55b5\u72c2\u70ed\u7c89\n|raw|Tentacultistry's rating: 1332 &rarr; <strong>1318<\/strong><br \/>(-14 for losing)\n|raw|wcyoubing\u8349\u55b5\u72c2\u70ed\u7c89's rating: 1431 &rarr; <strong>1445<\/strong><br \/>(+14 for winning)\n|l|\u2606Tentacultistry\n","uploadtime":1699612083,"views":8,"p1id":"tentacultistry","p2id":"wcyoubing","formatid":"gen9nationaldex","rating":1318,"private":0,"password":""}