{"id":"gen9nationaldex-1988383555","p1":"Donato Fallito","p2":"shengye121","format":"[Gen 9] National Dex","log":"|j|\u2606Donato Fallito\n|j|\u2606shengye121\n|t:|1699716749\n|gametype|singles\n|player|p1|Donato Fallito|hiker-gen4|1316\n|player|p2|shengye121|1|1299\n|teamsize|p1|6\n|teamsize|p2|6\n|gen|9\n|tier|[Gen 9] National Dex\n|rated|\n|rule|HP Percentage Mod: HP is shown in percentages\n|rule|Endless Battle Clause: Forcing endless battles is banned\n|rule|OHKO Clause: OHKO moves are banned\n|rule|Evasion Clause: Evasion abilities, items, and moves are banned\n|rule|Evasion Abilities Clause: Evasion abilities are banned\n|rule|Evasion Items Clause: Evasion items are banned\n|rule|Evasion Moves Clause: Evasion moves are banned\n|rule|Species Clause: Limit one of each Pok\u00e9mon\n|rule|Sleep Clause Mod: Limit one foe put to sleep\n|clearpoke\n|poke|p1|Toxapex, M|\n|poke|p1|Ferrothorn, M|\n|poke|p1|Clefable, F|\n|poke|p1|Clodsire, M|\n|poke|p1|Corviknight, M|\n|poke|p1|Chansey, F|\n|poke|p2|Hydreigon, M|\n|poke|p2|Ditto|\n|poke|p2|Lopunny, F|\n|poke|p2|Great Tusk|\n|poke|p2|Greninja-*, M|\n|poke|p2|Ogerpon-Cornerstone, F|\n|teampreview\n|inactive|Battle timer is ON: inactive players will automatically lose when time's up. (requested by Donato Fallito)\n|\n|t:|1699716763\n|start\n|switch|p1a: The staller GOD|Toxapex, M, shiny|100\/100\n|switch|p2a: Great Tusk|Great Tusk|100\/100\n|turn|1\n|\n|t:|1699716772\n|move|p2a: Great Tusk|Stealth Rock|p1a: The staller GOD\n|-sidestart|p1: Donato Fallito|move: Stealth Rock\n|move|p1a: The staller GOD|Liquidation|p2a: Great Tusk\n|-supereffective|p2a: Great Tusk\n|-damage|p2a: Great Tusk|61\/100\n|-damage|p1a: The staller GOD|84\/100|[from] item: Rocky Helmet|[of] p2a: Great Tusk\n|\n|upkeep\n|turn|2\n|\n|t:|1699716779\n|-end|p2a: Great Tusk|Protosynthesis|[silent]\n|switch|p2a: Ogerpon|Ogerpon-Cornerstone, F|100\/100\n|move|p1a: The staller GOD|Liquidation|p2a: Ogerpon\n|-damage|p2a: Ogerpon|37\/100\n|\n|upkeep\n|turn|3\n|\n|t:|1699716791\n|move|p2a: Ogerpon|Horn Leech|p1a: The staller GOD\n|-damage|p1a: The staller GOD|57\/100\n|-heal|p2a: Ogerpon|51\/100|[from] drain|[of] p1a: The staller GOD\n|move|p1a: The staller GOD|Liquidation|p2a: Ogerpon\n|-damage|p2a: Ogerpon|0 fnt\n|faint|p2a: Ogerpon\n|\n|upkeep\n|\n|t:|1699716798\n|switch|p2a: Hydreigon|Hydreigon, M|100\/100\n|turn|4\n|\n|t:|1699716802\n|switch|p2a: Lopunny|Lopunny, F|100\/100\n|switch|p1a: The WALL|Clefable, F|100\/100\n|\n|upkeep\n|turn|5\n|\n|t:|1699716812\n|switch|p1a: The Luigi|Ferrothorn, M|100\/100\n|-damage|p1a: The Luigi|95\/100|[from] Stealth Rock\n|detailschange|p2a: Lopunny|Lopunny-Mega, F\n|-mega|p2a: Lopunny|Lopunny|Lopunnite\n|move|p2a: Lopunny|Fake Out|p1a: The Luigi\n|-resisted|p1a: The Luigi\n|-damage|p1a: The Luigi|86\/100\n|-damage|p2a: Lopunny|88\/100|[from] ability: Iron Barbs|[of] p1a: The Luigi\n|\n|upkeep\n|turn|6\n|\n|t:|1699716827\n|switch|p1a: The staller GOD|Toxapex, M, shiny|91\/100\n|-damage|p1a: The staller GOD|78\/100|[from] Stealth Rock\n|move|p2a: Lopunny|Frustration|p1a: The staller GOD\n|-damage|p1a: The staller GOD|34\/100\n|\n|upkeep\n|turn|7\n|\n|t:|1699716836\n|move|p2a: Lopunny|Close Combat|p1a: The staller GOD\n|-resisted|p1a: The staller GOD\n|-damage|p1a: The staller GOD|8\/100\n|-unboost|p2a: Lopunny|def|1\n|-unboost|p2a: Lopunny|spd|1\n|move|p1a: The staller GOD|Gunk Shot|p2a: Lopunny\n|-damage|p2a: Lopunny|0 fnt\n|faint|p2a: Lopunny\n|\n|upkeep\n|\n|t:|1699716839\n|switch|p2a: Greninja|Greninja, M|100\/100\n|turn|8\n|\n|t:|1699716847\n|switch|p1a: The REDDITMON|Clodsire, M|100\/100\n|-damage|p1a: The REDDITMON|94\/100|[from] Stealth Rock\n|-terastallize|p2a: Greninja|Water\n|move|p2a: Greninja|Surf|p1a: The REDDITMON\n|-heal|p1a: The REDDITMON|100\/100|[from] ability: Water Absorb|[of] p2a: Greninja\n|\n|upkeep\n|turn|9\n|-message|shengye121 forfeited.\n|\n|win|Donato Fallito\n|raw|Donato Fallito's rating: 1316 &rarr; <strong>1335<\/strong><br \/>(+19 for winning)\n|raw|shengye121's rating: 1299 &rarr; <strong>1275<\/strong><br \/>(-24 for losing)\n|l|\u2606shengye121\n","uploadtime":1699716857,"views":13,"p1id":"donatofallito","p2id":"shengye121","formatid":"gen9nationaldex","rating":1275,"private":0,"password":""}