{"id":"gen9nationaldex-1997433544","p1":"zeonteo","p2":"lotus2233","format":"[Gen 9] National Dex","log":"|html|<div class=\"broadcast-blue\"><strong>[Gen 9] National Dex is currently suspecting Sneasler! For information on how to participate check out the <a href=\"https:\/\/www.smogon.com\/forums\/threads\/sv-national-dex-suspect-8-just-dance.3731534\/\">suspect thread<\/a>.<\/strong><\/div>\n|j|\u2606zeonteo\n|j|\u2606lotus2233\n|t:|1700804420\n|gametype|singles\n|player|p1|zeonteo|pokemonranger-gen4|1274\n|player|p2|lotus2233|li|1203\n|teamsize|p1|6\n|teamsize|p2|6\n|gen|9\n|tier|[Gen 9] National Dex\n|rated|\n|rule|HP Percentage Mod: HP is shown in percentages\n|rule|Endless Battle Clause: Forcing endless battles is banned\n|rule|OHKO Clause: OHKO moves are banned\n|rule|Evasion Clause: Evasion abilities, items, and moves are banned\n|rule|Evasion Abilities Clause: Evasion abilities are banned\n|rule|Evasion Items Clause: Evasion items are banned\n|rule|Evasion Moves Clause: Evasion moves are banned\n|rule|Species Clause: Limit one of each Pok\u00e9mon\n|rule|Sleep Clause Mod: Limit one foe put to sleep\n|clearpoke\n|poke|p1|Grimmsnarl, M|\n|poke|p1|Alomomola, F|\n|poke|p1|Gliscor, F|\n|poke|p1|Volcarona, M|\n|poke|p1|Cloyster, M|\n|poke|p1|Garganacl, F|\n|poke|p2|Ribombee, M|\n|poke|p2|Serperior, M|\n|poke|p2|Landorus-Therian, M|\n|poke|p2|Urshifu-*, F|\n|poke|p2|Iron Valiant|\n|poke|p2|Heatran, M|\n|teampreview\n|inactive|Battle timer is ON: inactive players will automatically lose when time's up. (requested by zeonteo)\n|\n|t:|1700804428\n|start\n|switch|p1a: Grimmsnarl|Grimmsnarl, M|100\/100\n|switch|p2a: Ribombee|Ribombee, M|100\/100\n|turn|1\n|\n|t:|1700804441\n|move|p1a: Grimmsnarl|Taunt|p2a: Ribombee\n|-start|p2a: Ribombee|move: Taunt\n|cant|p2a: Ribombee|move: Taunt|Skill Swap\n|\n|upkeep\n|turn|2\n|\n|t:|1700804452\n|switch|p2a: Heatran|Heatran, M|100\/100\n|move|p1a: Grimmsnarl|Light Screen|p1a: Grimmsnarl\n|-sidestart|p1: zeonteo|move: Light Screen\n|\n|upkeep\n|turn|3\n|\n|t:|1700804461\n|move|p1a: Grimmsnarl|Parting Shot|p2a: Heatran\n|-unboost|p2a: Heatran|atk|1\n|-unboost|p2a: Heatran|spa|1\n|\n|t:|1700804470\n|switch|p1a: Garganacl|Garganacl, F|100\/100|[from] Parting Shot\n|move|p2a: Heatran|Magma Storm|p1a: Garganacl\n|-resisted|p1a: Garganacl\n|-damage|p1a: Garganacl|96\/100\n|-activate|p1a: Garganacl|move: Magma Storm|[of] p2a: Heatran\n|\n|-heal|p1a: Garganacl|100\/100|[from] item: Leftovers\n|-damage|p1a: Garganacl|88\/100|[from] move: Magma Storm|[partiallytrapped]\n|upkeep\n|turn|4\n|\n|t:|1700804491\n|move|p2a: Heatran|Earth Power|p1a: Garganacl\n|-supereffective|p1a: Garganacl\n|-damage|p1a: Garganacl|76\/100\n|move|p1a: Garganacl|Salt Cure|p2a: Heatran\n|-damage|p2a: Heatran|89\/100\n|-start|p2a: Heatran|Salt Cure\n|\n|-heal|p2a: Heatran|95\/100|[from] item: Leftovers\n|-heal|p1a: Garganacl|83\/100|[from] item: Leftovers\n|-damage|p2a: Heatran|70\/100|[from] Salt Cure\n|-damage|p1a: Garganacl|70\/100|[from] move: Magma Storm|[partiallytrapped]\n|upkeep\n|turn|5\n|\n|t:|1700804506\n|switch|p2a: Urshifu|Urshifu-Rapid-Strike, F|100\/100\n|move|p1a: Garganacl|Salt Cure|p2a: Urshifu\n|-resisted|p2a: Urshifu\n|-damage|p2a: Urshifu|94\/100\n|-start|p2a: Urshifu|Salt Cure\n|\n|-heal|p1a: Garganacl|76\/100|[from] item: Leftovers\n|-damage|p2a: Urshifu|69\/100|[from] Salt Cure\n|-end|p1a: Garganacl|Magma Storm|[partiallytrapped]|[silent]\n|upkeep\n|turn|6\n|\n|t:|1700804519\n|switch|p1a: Alomomola|Alomomola, F|100\/100\n|-terastallize|p2a: Urshifu|Water\n|move|p2a: Urshifu|Surging Strikes|p1a: Alomomola\n|-resisted|p1a: Alomomola\n|-crit|p1a: Alomomola\n|-damage|p1a: Alomomola|93\/100\n|-resisted|p1a: Alomomola\n|-crit|p1a: Alomomola\n|-damage|p1a: Alomomola|85\/100\n|-resisted|p1a: Alomomola\n|-crit|p1a: Alomomola\n|-damage|p1a: Alomomola|77\/100\n|-hitcount|p1a: Alomomola|3\n|\n|-damage|p2a: Urshifu|44\/100|[from] Salt Cure\n|-sideend|p1: zeonteo|move: Light Screen\n|upkeep\n|turn|7\n|\n|t:|1700804536\n|switch|p2a: Ribombee|Ribombee, M|100\/100\n|move|p1a: Alomomola|Flip Turn|p2a: Ribombee\n|-damage|p2a: Ribombee|71\/100\n|\n|t:|1700804547\n|switch|p1a: Grimmsnarl|Grimmsnarl, M|100\/100|[from] Flip Turn\n|\n|upkeep\n|turn|8\n|\n|t:|1700804554\n|switch|p2a: Heatran|Heatran, M|70\/100\n|move|p1a: Grimmsnarl|Taunt|p2a: Heatran\n|-start|p2a: Heatran|move: Taunt\n|\n|-heal|p2a: Heatran|76\/100|[from] item: Leftovers\n|upkeep\n|turn|9\n|\n|t:|1700804565\n|switch|p2a: Serperior|Serperior, M|100\/100\n|move|p1a: Grimmsnarl|Light Screen|p1a: Grimmsnarl\n|-sidestart|p1: zeonteo|move: Light Screen\n|\n|upkeep\n|turn|10\n|\n|t:|1700804577\n|switch|p1a: Volcarona|Volcarona, M|100\/100\n|move|p2a: Serperior|Substitute|p2a: Serperior\n|-start|p2a: Serperior|Substitute\n|-damage|p2a: Serperior|75\/100\n|\n|-heal|p2a: Serperior|82\/100|[from] item: Leftovers\n|upkeep\n|turn|11\n|\n|t:|1700804590\n|move|p2a: Serperior|Leaf Storm|p1a: Volcarona\n|-resisted|p1a: Volcarona\n|-damage|p1a: Volcarona|95\/100\n|-boost|p2a: Serperior|spa|2\n|move|p1a: Volcarona|Bug Buzz|p2a: Serperior\n|-supereffective|p2a: Serperior\n|-damage|p2a: Serperior|0 fnt\n|faint|p2a: Serperior\n|\n|upkeep\n|-message|lotus2233 forfeited.\n|\n|win|zeonteo\n|raw|zeonteo's rating: 1274 &rarr; <strong>1294<\/strong><br \/>(+20 for winning)\n|raw|lotus2233's rating: 1203 &rarr; <strong>1183<\/strong><br \/>(-20 for losing)\n|l|\u2606lotus2233\n","uploadtime":1700804647,"views":6,"p1id":"zeonteo","p2id":"lotus2233","formatid":"gen9nationaldex","rating":1183,"private":0,"password":""}