{"id":"gen9nationaldex-1996064265","p1":"Blake-Mamba","p2":"TMLester","format":"[Gen 9] National Dex","log":"|html|<div class=\"broadcast-blue\"><strong>[Gen 9] National Dex is currently suspecting Sneasler! For information on how to participate check out the <a href=\"https:\/\/www.smogon.com\/forums\/threads\/sv-national-dex-suspect-8-just-dance.3731534\/\">suspect thread<\/a>.<\/strong><\/div>\n|j|\u2606Blake-Mamba\n|j|\u2606TMLester\n|t:|1700638071\n|gametype|singles\n|player|p1|Blake-Mamba|juan|1389\n|player|p2|TMLester|101|1504\n|teamsize|p1|6\n|teamsize|p2|6\n|gen|9\n|tier|[Gen 9] National Dex\n|rated|\n|rule|HP Percentage Mod: HP is shown in percentages\n|rule|Endless Battle Clause: Forcing endless battles is banned\n|rule|OHKO Clause: OHKO moves are banned\n|rule|Evasion Clause: Evasion abilities, items, and moves are banned\n|rule|Evasion Abilities Clause: Evasion abilities are banned\n|rule|Evasion Items Clause: Evasion items are banned\n|rule|Evasion Moves Clause: Evasion moves are banned\n|rule|Species Clause: Limit one of each Pok\u00e9mon\n|rule|Sleep Clause Mod: Limit one foe put to sleep\n|clearpoke\n|poke|p1|Tyrantrum, M|\n|poke|p1|Aurorus, F|\n|poke|p1|Omastar, F|\n|poke|p1|Aerodactyl, F|\n|poke|p1|Rampardos, F|\n|poke|p1|Cradily, F|\n|poke|p2|Gliscor, F|\n|poke|p2|Dragonite, F|\n|poke|p2|Rotom-Wash|\n|poke|p2|Dondozo, M|\n|poke|p2|Volcarona, M|\n|poke|p2|Banette, M|\n|teampreview\n|\n|t:|1700638078\n|start\n|switch|p1a: Lord Helix|Omastar, F|100\/100\n|switch|p2a: Rotom|Rotom-Wash|100\/100\n|turn|1\n|\n|t:|1700638084\n|switch|p1a: Bud Might|Cradily, F|100\/100\n|move|p2a: Rotom|Will-O-Wisp|p1a: Bud Might\n|-status|p1a: Bud Might|brn\n|\n|-damage|p1a: Bud Might|94\/100 brn|[from] brn\n|upkeep\n|turn|2\n|\n|t:|1700638097\n|move|p2a: Rotom|Volt Switch|p1a: Bud Might\n|-resisted|p1a: Bud Might\n|-damage|p1a: Bud Might|84\/100 brn\n|\n|t:|1700638099\n|switch|p2a: Gliscor|Gliscor, F|100\/100|[from] Volt Switch\n|move|p1a: Bud Might|Leech Seed|p2a: Gliscor\n|-start|p2a: Gliscor|move: Leech Seed\n|\n|-damage|p2a: Gliscor|88\/100|[from] Leech Seed|[of] p1a: Bud Might\n|-heal|p1a: Bud Might|96\/100 brn|[silent]\n|-damage|p1a: Bud Might|90\/100 brn|[from] brn\n|-status|p2a: Gliscor|tox|[from] item: Toxic Orb\n|upkeep\n|turn|3\n|\n|t:|1700638111\n|switch|p1a: Little Foot|Aurorus, F|100\/100\n|-weather|Snow|[from] ability: Snow Warning|[of] p1a: Little Foot\n|move|p2a: Gliscor|Toxic|p1a: Little Foot\n|-status|p1a: Little Foot|tox\n|\n|-weather|Snow|[upkeep]\n|-damage|p2a: Gliscor|76\/100 tox|[from] Leech Seed|[of] p1a: Little Foot\n|-heal|p2a: Gliscor|88\/100 tox|[from] ability: Poison Heal\n|-damage|p1a: Little Foot|94\/100 tox|[from] psn\n|upkeep\n|turn|4\n|\n|t:|1700638123\n|switch|p2a: Rotom|Rotom-Wash|100\/100\n|move|p1a: Little Foot|Rock Polish|p1a: Little Foot\n|-boost|p1a: Little Foot|spe|2\n|\n|-weather|Snow|[upkeep]\n|-damage|p1a: Little Foot|82\/100 tox|[from] psn\n|upkeep\n|turn|5\n|\n|t:|1700638132\n|move|p1a: Little Foot|Meteor Beam||[still]\n|-prepare|p1a: Little Foot|Meteor Beam\n|-boost|p1a: Little Foot|spa|1\n|-enditem|p1a: Little Foot|Power Herb\n|-anim|p1a: Little Foot|Meteor Beam|p2a: Rotom|[miss]\n|-miss|p1a: Little Foot|p2a: Rotom\n|move|p2a: Rotom|Hydro Pump|p1a: Little Foot\n|-supereffective|p1a: Little Foot\n|-damage|p1a: Little Foot|9\/100 tox\n|\n|-weather|Snow|[upkeep]\n|-damage|p1a: Little Foot|0 fnt|[from] psn\n|faint|p1a: Little Foot\n|upkeep\n|\n|t:|1700638144\n|switch|p1a: Bud Might|Cradily, F|90\/100 brn\n|turn|6\n|\n|t:|1700638155\n|move|p2a: Rotom|Volt Switch|p1a: Bud Might\n|-resisted|p1a: Bud Might\n|-damage|p1a: Bud Might|79\/100 brn\n|c|\u2606Blake-Mamba|Well that hurts\n|inactive|Battle timer is ON: inactive players will automatically lose when time's up. (requested by Blake-Mamba)\n|inactive|TMLester has 120 seconds left.\n|\n|t:|1700638214\n|switch|p2a: Volcarona|Volcarona, M|100\/100|[from] Volt Switch\n|move|p1a: Bud Might|Leech Seed|p2a: Volcarona\n|-start|p2a: Volcarona|move: Leech Seed\n|\n|-weather|Snow|[upkeep]\n|-damage|p2a: Volcarona|88\/100|[from] Leech Seed|[of] p1a: Bud Might\n|-heal|p1a: Bud Might|90\/100 brn|[silent]\n|-damage|p1a: Bud Might|83\/100 brn|[from] brn\n|upkeep\n|turn|7\n|\n|t:|1700638224\n|switch|p2a: Gliscor|Gliscor, F|88\/100 tox\n|move|p1a: Bud Might|Ancient Power|p2a: Gliscor\n|-damage|p2a: Gliscor|68\/100 tox\n|\n|-weather|none\n|-heal|p2a: Gliscor|81\/100 tox|[from] ability: Poison Heal\n|-damage|p1a: Bud Might|77\/100 brn|[from] brn\n|upkeep\n|turn|8\n|\n|t:|1700638240\n|move|p2a: Gliscor|Spikes|p1a: Bud Might\n|-sidestart|p1: Blake-Mamba|Spikes\n|move|p1a: Bud Might|Leech Seed|p2a: Gliscor\n|-start|p2a: Gliscor|move: Leech Seed\n|\n|-damage|p2a: Gliscor|68\/100 tox|[from] Leech Seed|[of] p1a: Bud Might\n|-heal|p1a: Bud Might|89\/100 brn|[silent]\n|-heal|p2a: Gliscor|81\/100 tox|[from] ability: Poison Heal\n|-damage|p1a: Bud Might|83\/100 brn|[from] brn\n|upkeep\n|turn|9\n|\n|t:|1700638253\n|switch|p1a: Gishath|Tyrantrum, M|100\/100\n|-item|p1a: Gishath|Air Balloon\n|move|p2a: Gliscor|Spikes|p1a: Gishath\n|-sidestart|p1: Blake-Mamba|Spikes\n|\n|-damage|p2a: Gliscor|68\/100 tox|[from] Leech Seed|[of] p1a: Gishath\n|-heal|p2a: Gliscor|81\/100 tox|[from] ability: Poison Heal\n|upkeep\n|turn|10\n|\n|t:|1700638263\n|switch|p2a: Rotom|Rotom-Wash|100\/100\n|move|p1a: Gishath|Dragon Dance|p1a: Gishath\n|-boost|p1a: Gishath|atk|1\n|-boost|p1a: Gishath|spe|1\n|\n|upkeep\n|turn|11\n|\n|t:|1700638270\n|move|p1a: Gishath|Dragon Dance|p1a: Gishath\n|-boost|p1a: Gishath|atk|1\n|-boost|p1a: Gishath|spe|1\n|move|p2a: Rotom|Volt Switch|p1a: Gishath\n|-resisted|p1a: Gishath\n|-damage|p1a: Gishath|80\/100\n|-enditem|p1a: Gishath|Air Balloon\n|\n|t:|1700638272\n|switch|p2a: Dondozo|Dondozo, M|100\/100|[from] Volt Switch\n|\n|upkeep\n|turn|12\n|\n|t:|1700638281\n|-terastallize|p1a: Gishath|Rock\n|move|p1a: Gishath|Head Smash|p2a: Dondozo\n|-damage|p2a: Dondozo|33\/100\n|move|p2a: Dondozo|Curse|p2a: Dondozo\n|-unboost|p2a: Dondozo|spe|1\n|-boost|p2a: Dondozo|atk|1\n|-boost|p2a: Dondozo|def|1\n|\n|-heal|p2a: Dondozo|39\/100|[from] item: Leftovers\n|upkeep\n|turn|13\n|\n|t:|1700638292\n|-terastallize|p2a: Dondozo|Grass\n|move|p1a: Gishath|Head Smash|p2a: Dondozo\n|-damage|p2a: Dondozo|0 fnt\n|faint|p2a: Dondozo\n|\n|upkeep\n|\n|t:|1700638308\n|switch|p2a: Gliscor|Gliscor, F|81\/100 tox\n|turn|14\n|\n|t:|1700638311\n|move|p1a: Gishath|Head Smash|p2a: Gliscor\n|-damage|p2a: Gliscor|0 fnt\n|faint|p2a: Gliscor\n|\n|upkeep\n|\n|t:|1700638323\n|switch|p2a: Rotom|Rotom-Wash|100\/100\n|turn|15\n|\n|t:|1700638326\n|move|p1a: Gishath|Head Smash|p2a: Rotom\n|-damage|p2a: Rotom|0 fnt\n|faint|p2a: Rotom\n|\n|upkeep\n|\n|t:|1700638330\n|switch|p2a: Dragonite|Dragonite, F|100\/100\n|turn|16\n|\n|t:|1700638333\n|move|p1a: Gishath|Head Smash|p2a: Dragonite\n|-supereffective|p2a: Dragonite\n|-damage|p2a: Dragonite|0 fnt\n|faint|p2a: Dragonite\n|\n|upkeep\n|\n|t:|1700638337\n|switch|p2a: Volcarona|Volcarona, M|88\/100\n|turn|17\n|\n|t:|1700638340\n|move|p1a: Gishath|Head Smash|p2a: Volcarona\n|-supereffective|p2a: Volcarona\n|-crit|p2a: Volcarona\n|-damage|p2a: Volcarona|0 fnt\n|faint|p2a: Volcarona\n|\n|upkeep\n|\n|t:|1700638343\n|switch|p2a: Banette|Banette, M|100\/100\n|turn|18\n|\n|t:|1700638348\n|detailschange|p2a: Banette|Banette-Mega, M\n|-mega|p2a: Banette|Banette|Banettite\n|move|p1a: Gishath|Outrage|p2a: Banette\n|-damage|p2a: Banette|0 fnt\n|faint|p2a: Banette\n|\n|win|Blake-Mamba\n|raw|Blake-Mamba's rating: 1389 &rarr; <strong>1415<\/strong><br \/>(+26 for winning)\n|raw|TMLester's rating: 1504 &rarr; <strong>1478<\/strong><br \/>(-26 for losing)\n|c|\u2606Blake-Mamba|Gg\n|l|\u2606TMLester\n","uploadtime":1700638361,"views":13,"p1id":"blakemamba","p2id":"tmlester","formatid":"gen9nationaldex","rating":1415,"private":0,"password":""}