{"id":"gen9nationaldex-1987289832","p1":"Dvetheguy","p2":"PunyPluto","format":"[Gen 9] National Dex","log":"|j|\u2606Dvetheguy\n|j|\u2606PunyPluto\n|t:|1699573678\n|gametype|singles\n|player|p1|Dvetheguy|veteranf|1125\n|player|p2|PunyPluto|caitlin|1208\n|teamsize|p1|6\n|teamsize|p2|6\n|gen|9\n|tier|[Gen 9] National Dex\n|rated|\n|rule|HP Percentage Mod: HP is shown in percentages\n|rule|Endless Battle Clause: Forcing endless battles is banned\n|rule|OHKO Clause: OHKO moves are banned\n|rule|Evasion Clause: Evasion abilities, items, and moves are banned\n|rule|Evasion Abilities Clause: Evasion abilities are banned\n|rule|Evasion Items Clause: Evasion items are banned\n|rule|Evasion Moves Clause: Evasion moves are banned\n|rule|Species Clause: Limit one of each Pok\u00e9mon\n|rule|Sleep Clause Mod: Limit one foe put to sleep\n|clearpoke\n|poke|p1|Porygon2|\n|poke|p1|Lucario, M|\n|poke|p1|Typhlosion-Hisui, M|\n|poke|p1|Golduck, F|\n|poke|p1|Drapion, M|\n|poke|p1|Flygon, F|\n|poke|p2|Serperior, M|\n|poke|p2|Volcarona, F|\n|poke|p2|Sneasler, M|\n|poke|p2|Greninja-*, M|\n|poke|p2|Diancie|\n|poke|p2|Gliscor, M|\n|teampreview\n|inactive|Battle timer is ON: inactive players will automatically lose when time's up. (requested by Dvetheguy)\n|\n|t:|1699573699\n|start\n|switch|p1a: Typhlosion|Typhlosion-Hisui, M|100\/100\n|switch|p2a: Gyomei|Gliscor, M|100\/100\n|turn|1\n|\n|t:|1699573709\n|switch|p1a: Flygon|Flygon, F|100\/100\n|move|p2a: Gyomei|Earthquake|p1a: Flygon\n|-immune|p1a: Flygon|[from] ability: Levitate\n|\n|-status|p2a: Gyomei|tox|[from] item: Toxic Orb\n|upkeep\n|turn|2\n|\n|t:|1699573719\n|move|p1a: Flygon|Outrage|p2a: Gyomei\n|-damage|p2a: Gyomei|37\/100 tox\n|move|p2a: Gyomei|Crabhammer|p1a: Flygon\n|-damage|p1a: Flygon|62\/100\n|\n|-heal|p2a: Gyomei|49\/100 tox|[from] ability: Poison Heal\n|upkeep\n|turn|3\n|\n|t:|1699573727\n|switch|p2a: Mitsuri|Diancie|100\/100\n|move|p1a: Flygon|Outrage|p2a: Mitsuri|[from]lockedmove\n|-immune|p2a: Mitsuri\n|-start|p1a: Flygon|confusion|[fatigue]\n|\n|upkeep\n|turn|4\n|\n|t:|1699573738\n|switch|p1a: Lucario|Lucario, M|100\/100\n|detailschange|p2a: Mitsuri|Diancie-Mega\n|-mega|p2a: Mitsuri|Diancie|Diancite\n|move|p2a: Mitsuri|Moonblast|p1a: Lucario\n|-damage|p1a: Lucario|37\/100\n|\n|upkeep\n|turn|5\n|\n|t:|1699573747\n|move|p1a: Lucario|Bullet Punch|p2a: Mitsuri\n|-supereffective|p2a: Mitsuri\n|-crit|p2a: Mitsuri\n|-damage|p2a: Mitsuri|0 fnt\n|faint|p2a: Mitsuri\n|\n|upkeep\n|\n|t:|1699573758\n|switch|p2a: Tengen|Greninja, M|100\/100\n|turn|6\n|\n|t:|1699573771\n|move|p1a: Lucario|Extreme Speed|p2a: Tengen\n|-damage|p2a: Tengen|53\/100\n|move|p2a: Tengen|Water Shuriken|p1a: Lucario\n|-start|p2a: Tengen|typechange|Water|[from] ability: Protean\n|-damage|p1a: Lucario|30\/100\n|-damage|p1a: Lucario|23\/100\n|-damage|p1a: Lucario|16\/100\n|-hitcount|p1a: Lucario|3\n|\n|upkeep\n|turn|7\n|\n|t:|1699573783\n|move|p1a: Lucario|Extreme Speed|p2a: Tengen\n|-damage|p2a: Tengen|11\/100\n|move|p2a: Tengen|Water Shuriken|p1a: Lucario\n|-damage|p1a: Lucario|8\/100\n|-damage|p1a: Lucario|1\/100\n|-hitcount|p1a: Lucario|2\n|\n|upkeep\n|turn|8\n|\n|t:|1699573801\n|switch|p2a: Shinobu|Volcarona, F|100\/100\n|move|p1a: Lucario|Extreme Speed|p2a: Shinobu\n|-damage|p2a: Shinobu|59\/100\n|\n|upkeep\n|turn|9\n|\n|t:|1699573810\n|move|p1a: Lucario|Extreme Speed|p2a: Shinobu\n|-damage|p2a: Shinobu|18\/100\n|move|p2a: Shinobu|Fiery Dance|p1a: Lucario\n|-supereffective|p1a: Lucario\n|-damage|p1a: Lucario|0 fnt\n|-boost|p2a: Shinobu|spa|1\n|faint|p1a: Lucario\n|\n|upkeep\n|\n|t:|1699573820\n|switch|p1a: Flygon|Flygon, F|62\/100\n|turn|10\n|\n|t:|1699573826\n|move|p1a: Flygon|First Impression|p2a: Shinobu\n|-resisted|p2a: Shinobu\n|-damage|p2a: Shinobu|0 fnt\n|faint|p2a: Shinobu\n|\n|upkeep\n|\n|t:|1699573830\n|switch|p2a: Tengen|Greninja, M|11\/100\n|turn|11\n|\n|t:|1699573836\n|switch|p1a: Porygon2|Porygon2|100\/100\n|move|p2a: Tengen|Ice Beam|p1a: Porygon2\n|-start|p2a: Tengen|typechange|Ice|[from] ability: Protean\n|-damage|p1a: Porygon2|74\/100\n|\n|upkeep\n|turn|12\n|\n|t:|1699573847\n|move|p2a: Tengen|Ice Beam|p1a: Porygon2\n|-damage|p1a: Porygon2|47\/100\n|move|p1a: Porygon2|Ice Beam|p2a: Tengen\n|-resisted|p2a: Tengen\n|-damage|p2a: Tengen|0 fnt\n|faint|p2a: Tengen\n|\n|upkeep\n|\n|t:|1699573856\n|switch|p2a: Sanemi|Sneasler, M|100\/100\n|turn|13\n|\n|t:|1699573864\n|-terastallize|p1a: Porygon2|Psychic\n|move|p2a: Sanemi|Swords Dance|p2a: Sanemi\n|-boost|p2a: Sanemi|atk|2\n|move|p1a: Porygon2|Recover|p1a: Porygon2\n|-heal|p1a: Porygon2|97\/100\n|\n|upkeep\n|turn|14\n|\n|t:|1699573873\n|move|p2a: Sanemi|Dire Claw|p1a: Porygon2\n|-damage|p1a: Porygon2|37\/100\n|-status|p1a: Porygon2|psn\n|move|p1a: Porygon2|Psychic|p2a: Sanemi\n|-supereffective|p2a: Sanemi\n|-enditem|p2a: Sanemi|Focus Sash\n|-damage|p2a: Sanemi|1\/100\n|\n|-damage|p1a: Porygon2|25\/100 psn|[from] psn\n|upkeep\n|turn|15\n|\n|t:|1699573883\n|switch|p1a: Flygon|Flygon, F|62\/100\n|move|p2a: Sanemi|Acrobatics|p1a: Flygon\n|-damage|p1a: Flygon|0 fnt\n|faint|p1a: Flygon\n|\n|upkeep\n|\n|t:|1699573896\n|switch|p1a: Drapion|Drapion, M|100\/100\n|turn|16\n|\n|t:|1699573902\n|move|p2a: Sanemi|Close Combat|p1a: Drapion\n|-damage|p1a: Drapion|0 fnt\n|-unboost|p2a: Sanemi|def|1\n|-unboost|p2a: Sanemi|spd|1\n|faint|p1a: Drapion\n|\n|upkeep\n|\n|t:|1699573910\n|switch|p1a: Typhlosion|Typhlosion-Hisui, M|100\/100\n|turn|17\n|\n|t:|1699573915\n|move|p2a: Sanemi|Acrobatics|p1a: Typhlosion\n|-damage|p1a: Typhlosion|0 fnt\n|faint|p1a: Typhlosion\n|\n|upkeep\n|\n|t:|1699573919\n|switch|p1a: Golduck|Golduck, F|100\/100\n|turn|18\n|\n|t:|1699573925\n|move|p2a: Sanemi|Acrobatics|p1a: Golduck\n|-damage|p1a: Golduck|0 fnt\n|-damage|p2a: Sanemi|0 fnt|[from] item: Rocky Helmet|[of] p1a: Golduck\n|faint|p1a: Golduck\n|faint|p2a: Sanemi\n|\n|upkeep\n|\n|t:|1699573932\n|switch|p2a: Gyomei|Gliscor, M|49\/100 tox\n|switch|p1a: Porygon2|Porygon2, tera:Psychic|25\/100 psn\n|turn|19\n|\n|t:|1699573937\n|move|p2a: Gyomei|Roost|p2a: Gyomei\n|-heal|p2a: Gyomei|99\/100 tox\n|-singleturn|p2a: Gyomei|move: Roost\n|move|p1a: Porygon2|Ice Beam|p2a: Gyomei\n|-supereffective|p2a: Gyomei\n|-damage|p2a: Gyomei|0 fnt\n|faint|p2a: Gyomei\n|\n|-damage|p1a: Porygon2|12\/100 psn|[from] psn\n|upkeep\n|\n|t:|1699573946\n|switch|p2a: Obanai|Serperior, M|100\/100\n|turn|20\n|\n|t:|1699573949\n|-terastallize|p2a: Obanai|Fire\n|move|p2a: Obanai|Hidden Power|p1a: Porygon2\n|-damage|p1a: Porygon2|0 fnt\n|faint|p1a: Porygon2\n|\n|win|PunyPluto\n|raw|Dvetheguy's rating: 1125 &rarr; <strong>1106<\/strong><br \/>(-19 for losing)\n|raw|PunyPluto's rating: 1208 &rarr; <strong>1227<\/strong><br \/>(+19 for winning)\n|l|\u2606Dvetheguy\n|c|\u2606PunyPluto|gg\n","uploadtime":1699573957,"views":6,"p1id":"dvetheguy","p2id":"punypluto","formatid":"gen9nationaldex","rating":1106,"private":0,"password":""}