{"id":"gen9nationaldex-1988668774","p1":"Red Vs Showdown","p2":"larp","format":"[Gen 9] National Dex","log":"|j|\u2606Red Vs Showdown\n|j|\u2606larp\n|inactive|Battle timer is ON: inactive players will automatically lose when time's up.\n|t:|1699748436\n|gametype|singles\n|player|p1|Red Vs Showdown|red-gen2|\n|player|p2|larp|101|\n|teamsize|p1|6\n|teamsize|p2|6\n|gen|9\n|tier|[Gen 9] National Dex\n|rated|Tournament battle\n|rule|HP Percentage Mod: HP is shown in percentages\n|rule|Endless Battle Clause: Forcing endless battles is banned\n|rule|OHKO Clause: OHKO moves are banned\n|rule|Evasion Clause: Evasion abilities, items, and moves are banned\n|rule|Evasion Abilities Clause: Evasion abilities are banned\n|rule|Evasion Items Clause: Evasion items are banned\n|rule|Evasion Moves Clause: Evasion moves are banned\n|rule|Species Clause: Limit one of each Pok\u00e9mon\n|rule|Sleep Clause Mod: Limit one foe put to sleep\n|clearpoke\n|poke|p1|Pikachu, F|\n|poke|p1|Charizard, M|\n|poke|p1|Blastoise, M|\n|poke|p1|Venusaur, F|\n|poke|p1|Snorlax, M|\n|poke|p1|Espeon, F|\n|poke|p2|Ogerpon-Wellspring, F|\n|poke|p2|Tyranitar, F|\n|poke|p2|Heatran, F|\n|poke|p2|Slowking-Galar, F|\n|poke|p2|Gliscor, M|\n|poke|p2|Tornadus-Therian, M|\n|teampreview\n|c|\u2606Red Vs Showdown|...\n|c|\u2606larp|Sex\n|\n|t:|1699748451\n|start\n|switch|p1a: Pikachu|Pikachu, F|100\/100\n|switch|p2a: Tyranitar|Tyranitar, F|100\/100\n|-weather|Sandstorm|[from] ability: Sand Stream|[of] p2a: Tyranitar\n|turn|1\n|\n|t:|1699748463\n|detailschange|p2a: Tyranitar|Tyranitar-Mega, F\n|-mega|p2a: Tyranitar|Tyranitar|Tyranitarite\n|move|p1a: Pikachu|Volt Tackle|p2a: Tyranitar\n|-damage|p2a: Tyranitar|44\/100\n|-damage|p1a: Pikachu|68\/100|[from] Recoil\n|move|p2a: Tyranitar|Knock Off|p1a: Pikachu\n|-damage|p1a: Pikachu|0 fnt\n|-enditem|p1a: Pikachu|Light Ball|[from] move: Knock Off|[of] p2a: Tyranitar\n|faint|p1a: Pikachu\n|\n|-weather|Sandstorm|[upkeep]\n|upkeep\n|\n|t:|1699748465\n|switch|p1a: Charizard|Charizard, M|100\/100\n|turn|2\n|j| FlamingThunderG0d\n|inactive|larp has 120 seconds left.\n|\n|t:|1699748496\n|switch|p2a: Heatran|Heatran, F|100\/100\n|detailschange|p1a: Charizard|Charizard-Mega-Y, M\n|-mega|p1a: Charizard|Charizard|Charizardite Y\n|-weather|SunnyDay|[from] ability: Drought|[of] p1a: Charizard\n|move|p1a: Charizard|Fire Blast|p2a: Heatran\n|-start|p2a: Heatran|ability: Flash Fire\n|\n|-weather|SunnyDay|[upkeep]\n|upkeep\n|turn|3\n|\n|t:|1699748500\n|-terastallize|p2a: Heatran|Dragon\n|move|p1a: Charizard|Focus Blast|p2a: Heatran\n|-damage|p2a: Heatran|69\/100\n|move|p2a: Heatran|Stealth Rock|p1a: Charizard\n|-sidestart|p1: Red Vs Showdown|move: Stealth Rock\n|\n|-weather|SunnyDay|[upkeep]\n|-heal|p2a: Heatran|75\/100|[from] item: Leftovers\n|upkeep\n|turn|4\n|\n|t:|1699748506\n|move|p1a: Charizard|Air Slash|p2a: Heatran\n|-damage|p2a: Heatran|48\/100\n|move|p2a: Heatran|Magma Storm|p1a: Charizard\n|-resisted|p1a: Charizard\n|-damage|p1a: Charizard|51\/100\n|-activate|p1a: Charizard|move: Magma Storm|[of] p2a: Heatran\n|\n|-weather|SunnyDay|[upkeep]\n|-heal|p2a: Heatran|54\/100|[from] item: Leftovers\n|-damage|p1a: Charizard|38\/100|[from] move: Magma Storm|[partiallytrapped]\n|upkeep\n|turn|5\n|\n|t:|1699748516\n|move|p1a: Charizard|Roost|p1a: Charizard\n|-heal|p1a: Charizard|88\/100\n|-singleturn|p1a: Charizard|move: Roost\n|move|p2a: Heatran|Magma Storm|p1a: Charizard\n|-resisted|p1a: Charizard\n|-damage|p1a: Charizard|43\/100\n|\n|-weather|SunnyDay|[upkeep]\n|-heal|p2a: Heatran|60\/100|[from] item: Leftovers\n|-damage|p1a: Charizard|30\/100|[from] move: Magma Storm|[partiallytrapped]\n|upkeep\n|turn|6\n|\n|t:|1699748519\n|move|p1a: Charizard|Air Slash|p2a: Heatran\n|-damage|p2a: Heatran|30\/100\n|move|p2a: Heatran|Earth Power|p1a: Charizard\n|-immune|p1a: Charizard\n|\n|-weather|none\n|-heal|p2a: Heatran|36\/100|[from] item: Leftovers\n|-damage|p1a: Charizard|18\/100|[from] move: Magma Storm|[partiallytrapped]\n|upkeep\n|turn|7\n|j| BCH Veterans\n|\n|t:|1699748523\n|move|p1a: Charizard|Roost|p1a: Charizard\n|-heal|p1a: Charizard|68\/100\n|-singleturn|p1a: Charizard|move: Roost\n|move|p2a: Heatran|Earth Power|p1a: Charizard\n|-supereffective|p1a: Charizard\n|-damage|p1a: Charizard|19\/100\n|\n|-heal|p2a: Heatran|42\/100|[from] item: Leftovers\n|-damage|p1a: Charizard|7\/100|[from] move: Magma Storm|[partiallytrapped]\n|upkeep\n|turn|8\n|j| XXMurdrXX\n|\n|t:|1699748527\n|move|p1a: Charizard|Air Slash|p2a: Heatran\n|-damage|p2a: Heatran|15\/100\n|cant|p2a: Heatran|flinch\n|\n|-heal|p2a: Heatran|21\/100|[from] item: Leftovers\n|-end|p1a: Charizard|Magma Storm|[partiallytrapped]\n|upkeep\n|turn|9\n|\n|t:|1699748533\n|-end|p2a: Heatran|ability: Flash Fire|[silent]\n|switch|p2a: Ogerpon|Ogerpon-Wellspring, F|100\/100\n|move|p1a: Charizard|Air Slash|p2a: Ogerpon\n|-supereffective|p2a: Ogerpon\n|-damage|p2a: Ogerpon|0 fnt\n|faint|p2a: Ogerpon\n|\n|upkeep\n|\n|t:|1699748551\n|switch|p2a: Slowking|Slowking-Galar, F|100\/100\n|turn|10\n|\n|t:|1699748558\n|switch|p1a: Blastoise|Blastoise, M|100\/100\n|-damage|p1a: Blastoise|88\/100|[from] Stealth Rock\n|move|p2a: Slowking|Thunder Wave|p1a: Blastoise\n|-status|p1a: Blastoise|par\n|\n|-heal|p1a: Blastoise|94\/100 par|[from] item: Leftovers\n|upkeep\n|turn|11\n|\n|t:|1699748561\n|cant|p1a: Blastoise|par\n|move|p2a: Slowking|Chilly Reception|p2a: Slowking\n|-weather|Snow\n|\n|t:|1699748573\n|switch|p2a: Tornadus|Tornadus-Therian, M|100\/100|[from] Chilly Reception\n|\n|-weather|Snow|[upkeep]\n|-heal|p1a: Blastoise|99\/100 par|[from] item: Leftovers\n|upkeep\n|turn|12\n|\n|t:|1699748575\n|-zpower|p2a: Tornadus\n|move|p2a: Tornadus|Supersonic Skystrike|p1a: Blastoise|[zeffect]\n|-damage|p1a: Blastoise|35\/100 par\n|move|p1a: Blastoise|Rapid Spin|p2a: Tornadus\n|-damage|p2a: Tornadus|87\/100\n|-boost|p1a: Blastoise|spe|1\n|-sideend|p1: Red Vs Showdown|Stealth Rock|[from] move: Rapid Spin|[of] p1a: Blastoise\n|\n|-weather|Snow|[upkeep]\n|-heal|p1a: Blastoise|41\/100 par|[from] item: Leftovers\n|upkeep\n|turn|13\n|\n|t:|1699748580\n|move|p2a: Tornadus|Hurricane|p1a: Blastoise\n|-damage|p1a: Blastoise|0 fnt\n|faint|p1a: Blastoise\n|\n|-weather|Snow|[upkeep]\n|upkeep\n|\n|t:|1699748583\n|switch|p1a: Snorlax|Snorlax, M|100\/100\n|turn|14\n|\n|t:|1699748591\n|switch|p2a: Slowking|Slowking-Galar, F|100\/100\n|move|p1a: Snorlax|Return|p2a: Slowking\n|-damage|p2a: Slowking|45\/100\n|\n|-weather|Snow|[upkeep]\n|upkeep\n|turn|15\n|\n|t:|1699748603\n|move|p1a: Snorlax|Return|p2a: Slowking\n|-damage|p2a: Slowking|0 fnt\n|faint|p2a: Slowking\n|\n|-weather|none\n|upkeep\n|\n|t:|1699748617\n|switch|p2a: Heatran|Heatran, F, tera:Dragon|21\/100\n|turn|16\n|\n|t:|1699748620\n|switch|p1a: Espeon|Espeon, F|100\/100\n|move|p2a: Heatran|Magma Storm|p1a: Espeon\n|-damage|p1a: Espeon|48\/100\n|-activate|p1a: Espeon|move: Magma Storm|[of] p2a: Heatran\n|\n|-heal|p2a: Heatran|27\/100|[from] item: Leftovers\n|-damage|p1a: Espeon|36\/100|[from] move: Magma Storm|[partiallytrapped]\n|upkeep\n|turn|17\n|j|%ChrisPBacon\n|\n|t:|1699748626\n|move|p1a: Espeon|Dazzling Gleam|p2a: Heatran\n|-supereffective|p2a: Heatran\n|-damage|p2a: Heatran|0 fnt\n|faint|p2a: Heatran\n|\n|-end|p1a: Espeon|Magma Storm|[partiallytrapped]|[silent]\n|upkeep\n|\n|t:|1699748630\n|switch|p2a: Gliscor|Gliscor, M|100\/100\n|turn|18\n|\n|t:|1699748638\n|move|p1a: Espeon|Dazzling Gleam|p2a: Gliscor\n|-damage|p2a: Gliscor|72\/100\n|move|p2a: Gliscor|Earthquake|p1a: Espeon\n|-damage|p1a: Espeon|0 fnt\n|faint|p1a: Espeon\n|\n|-status|p2a: Gliscor|tox|[from] item: Toxic Orb\n|upkeep\n|\n|t:|1699748642\n|switch|p1a: Charizard|Charizard-Mega-Y, M|7\/100\n|-weather|SunnyDay|[from] ability: Drought|[of] p1a: Charizard\n|turn|19\n|\n|t:|1699748656\n|switch|p2a: Tyranitar|Tyranitar-Mega, F|44\/100\n|-weather|Sandstorm|[from] ability: Sand Stream|[of] p2a: Tyranitar\n|move|p1a: Charizard|Roost|p1a: Charizard\n|-heal|p1a: Charizard|57\/100\n|-singleturn|p1a: Charizard|move: Roost\n|\n|-weather|Sandstorm|[upkeep]\n|-damage|p1a: Charizard|51\/100|[from] Sandstorm\n|upkeep\n|turn|20\n|\n|t:|1699748666\n|switch|p2a: Tornadus|Tornadus-Therian, M|100\/100\n|move|p1a: Charizard|Focus Blast|p2a: Tornadus|[miss]\n|-miss|p1a: Charizard|p2a: Tornadus\n|\n|-weather|Sandstorm|[upkeep]\n|-damage|p2a: Tornadus|94\/100|[from] Sandstorm\n|-damage|p1a: Charizard|45\/100|[from] Sandstorm\n|upkeep\n|turn|21\n|\n|t:|1699748669\n|switch|p1a: Snorlax|Snorlax, M|100\/100\n|move|p2a: Tornadus|Hurricane|p1a: Snorlax\n|-damage|p1a: Snorlax|72\/100\n|\n|-weather|Sandstorm|[upkeep]\n|-damage|p2a: Tornadus|88\/100|[from] Sandstorm\n|-damage|p1a: Snorlax|66\/100|[from] Sandstorm\n|upkeep\n|turn|22\n|\n|t:|1699748678\n|switch|p2a: Gliscor|Gliscor, M|72\/100 tox\n|move|p1a: Snorlax|Return|p2a: Gliscor\n|-damage|p2a: Gliscor|24\/100 tox\n|\n|-weather|Sandstorm|[upkeep]\n|-damage|p1a: Snorlax|60\/100|[from] Sandstorm\n|-heal|p2a: Gliscor|36\/100 tox|[from] ability: Poison Heal\n|upkeep\n|turn|23\n|\n|t:|1699748683\n|switch|p1a: Charizard|Charizard-Mega-Y, M|45\/100\n|-weather|SunnyDay|[from] ability: Drought|[of] p1a: Charizard\n|move|p2a: Gliscor|Roost|p2a: Gliscor\n|-heal|p2a: Gliscor|86\/100 tox\n|-singleturn|p2a: Gliscor|move: Roost\n|\n|-weather|SunnyDay|[upkeep]\n|-heal|p2a: Gliscor|99\/100 tox|[from] ability: Poison Heal\n|upkeep\n|turn|24\n|\n|t:|1699748692\n|move|p1a: Charizard|Fire Blast|p2a: Gliscor\n|-damage|p2a: Gliscor|0 fnt\n|faint|p2a: Gliscor\n|\n|-weather|SunnyDay|[upkeep]\n|upkeep\n|\n|t:|1699748696\n|switch|p2a: Tyranitar|Tyranitar-Mega, F|44\/100\n|-weather|Sandstorm|[from] ability: Sand Stream|[of] p2a: Tyranitar\n|turn|25\n|\n|t:|1699748706\n|switch|p2a: Tornadus|Tornadus-Therian, M|100\/100\n|move|p1a: Charizard|Focus Blast|p2a: Tornadus\n|-resisted|p2a: Tornadus\n|-damage|p2a: Tornadus|73\/100\n|-unboost|p2a: Tornadus|spd|1\n|\n|-weather|Sandstorm|[upkeep]\n|-damage|p2a: Tornadus|67\/100|[from] Sandstorm\n|-damage|p1a: Charizard|39\/100|[from] Sandstorm\n|upkeep\n|turn|26\n|\n|t:|1699748709\n|switch|p1a: Snorlax|Snorlax, M|60\/100\n|move|p2a: Tornadus|Nasty Plot|p2a: Tornadus\n|-boost|p2a: Tornadus|spa|2\n|\n|-weather|Sandstorm|[upkeep]\n|-damage|p2a: Tornadus|61\/100|[from] Sandstorm\n|-damage|p1a: Snorlax|54\/100|[from] Sandstorm\n|upkeep\n|turn|27\n|\n|t:|1699748715\n|move|p2a: Tornadus|Focus Blast|p1a: Snorlax\n|-supereffective|p1a: Snorlax\n|-damage|p1a: Snorlax|0 fnt\n|faint|p1a: Snorlax\n|\n|-weather|Sandstorm|[upkeep]\n|-damage|p2a: Tornadus|55\/100|[from] Sandstorm\n|upkeep\n|\n|t:|1699748717\n|switch|p1a: Charizard|Charizard-Mega-Y, M|39\/100\n|-weather|SunnyDay|[from] ability: Drought|[of] p1a: Charizard\n|turn|28\n|\n|t:|1699748728\n|switch|p1a: Venusaur|Venusaur, F|100\/100\n|move|p2a: Tornadus|Focus Blast|p1a: Venusaur|[miss]\n|-miss|p2a: Tornadus|p1a: Venusaur\n|\n|-weather|SunnyDay|[upkeep]\n|upkeep\n|turn|29\n|\n|t:|1699748734\n|switch|p2a: Tyranitar|Tyranitar-Mega, F|44\/100\n|-weather|Sandstorm|[from] ability: Sand Stream|[of] p2a: Tyranitar\n|-zpower|p1a: Venusaur\n|move|p1a: Venusaur|Bloom Doom|p2a: Tyranitar|[zeffect]\n|-supereffective|p2a: Tyranitar\n|-damage|p2a: Tyranitar|0 fnt\n|faint|p2a: Tyranitar\n|\n|-weather|Sandstorm|[upkeep]\n|-damage|p1a: Venusaur|95\/100|[from] Sandstorm\n|upkeep\n|\n|t:|1699748736\n|switch|p2a: Tornadus|Tornadus-Therian, M|88\/100\n|turn|30\n|\n|t:|1699748747\n|move|p2a: Tornadus|Nasty Plot|p2a: Tornadus\n|-boost|p2a: Tornadus|spa|2\n|move|p1a: Venusaur|Weather Ball|p2a: Tornadus\n|-supereffective|p2a: Tornadus\n|-damage|p2a: Tornadus|18\/100\n|\n|-weather|Sandstorm|[upkeep]\n|-damage|p2a: Tornadus|11\/100|[from] Sandstorm\n|-damage|p1a: Venusaur|89\/100|[from] Sandstorm\n|upkeep\n|turn|31\n|\n|t:|1699748752\n|switch|p1a: Charizard|Charizard-Mega-Y, M|39\/100\n|-weather|SunnyDay|[from] ability: Drought|[of] p1a: Charizard\n|move|p2a: Tornadus|Hurricane|p1a: Charizard\n|-damage|p1a: Charizard|0 fnt\n|faint|p1a: Charizard\n|\n|-weather|SunnyDay|[upkeep]\n|upkeep\n|\n|t:|1699748754\n|switch|p1a: Venusaur|Venusaur, F|89\/100\n|turn|32\n|c|%ChrisPBacon|LOL\n|c|\u2606Red Vs Showdown|...\n|c|\u2606larp|nah wtf\n|c| BCH Veterans|LMAOO\n|c|\u2606larp|was that\n|c|\u2606larp|why did he stay in\n|c|\u2606larp|????\n|c|%ChrisPBacon|larp this team is balls\n|c|\u2606larp|nah nah nah\n|c|\u2606larp|dude\n|c|\u2606larp|THE FUCKING AIR SLASH\n|c|\u2606larp|OM OGEEPON\n|inactive|larp has 120 seconds left.\n|c|\u2606larp|WHO DOES THAT\n|\n|t:|1699748799\n|move|p1a: Venusaur|Weather Ball|p2a: Tornadus\n|-crit|p2a: Tornadus\n|-damage|p2a: Tornadus|0 fnt\n|faint|p2a: Tornadus\n|\n|win|Red Vs Showdown\n|n|\u2606Red Vs Showdown|redvsshowdown\n|n|\u2606larp|larp\n|n| FlamingThunderG0d|flamingthunderg0d\n|n| BCH Veterans|bchveterans\n|n| XXMurdrXX|xxmurdrxx\n|n| ChrisPBacon|chrispbacon\n|c|\u2606larp|this game is so bad\n|l|\u2606Red Vs Showdown\n|l|\u2606larp\n|l| ChrisPBacon\n","uploadtime":1699748806,"views":10,"p1id":"redvsshowdown","p2id":"larp","formatid":"gen9nationaldex","rating":0,"private":0,"password":""}