{"id":"gen9nationaldex-1989857720","p1":"Snowtin23","p2":"Nitchii","format":"[Gen 9] National Dex","log":"|j|\u2606Snowtin23\n|j|\u2606Nitchii\n|t:|1699901563\n|gametype|singles\n|player|p1|Snowtin23|arven-s|1071\n|player|p2|Nitchii|n|1157\n|teamsize|p1|6\n|teamsize|p2|6\n|gen|9\n|tier|[Gen 9] National Dex\n|rated|\n|rule|HP Percentage Mod: HP is shown in percentages\n|rule|Endless Battle Clause: Forcing endless battles is banned\n|rule|OHKO Clause: OHKO moves are banned\n|rule|Evasion Clause: Evasion abilities, items, and moves are banned\n|rule|Evasion Abilities Clause: Evasion abilities are banned\n|rule|Evasion Items Clause: Evasion items are banned\n|rule|Evasion Moves Clause: Evasion moves are banned\n|rule|Species Clause: Limit one of each Pok\u00e9mon\n|rule|Sleep Clause Mod: Limit one foe put to sleep\n|clearpoke\n|poke|p1|Samurott, F|\n|poke|p1|Stoutland, M|\n|poke|p1|Archeops, M|\n|poke|p1|Galvantula, M|\n|poke|p1|Chandelure, M|\n|poke|p1|Haxorus, F|\n|poke|p2|Garganacl, M|\n|poke|p2|Diancie|\n|poke|p2|Cinderace, F|\n|poke|p2|Xurkitree|\n|poke|p2|Celesteela|\n|poke|p2|Abomasnow, M|\n|teampreview\n|inactive|Battle timer is ON: inactive players will automatically lose when time's up. (requested by Nitchii)\n|inactive|Snowtin23 also wants the timer to be on.\n|inactive|Nitchii has 120 seconds left.\n|\n|t:|1699901594\n|start\n|switch|p1a: Ivan|Galvantula, M|100\/100\n|switch|p2a: Xurkitree|Xurkitree|100\/100\n|turn|1\n|\n|t:|1699901599\n|move|p1a: Ivan|Sticky Web|p2a: Xurkitree\n|-sidestart|p2: Nitchii|move: Sticky Web\n|-zpower|p2a: Xurkitree\n|move|p2a: Xurkitree|Z-Hypnosis|p1a: Ivan|[anim]Hypnosis\n|-boost|p2a: Xurkitree|spe|1|[zeffect]\n|-status|p1a: Ivan|slp|[from] move: Hypnosis\n|\n|upkeep\n|turn|2\n|\n|t:|1699901625\n|switch|p1a: Father Stout|Stoutland, M|100\/100\n|-ability|p1a: Father Stout|Intimidate|boost\n|-unboost|p2a: Xurkitree|atk|1\n|move|p2a: Xurkitree|Tail Glow|p2a: Xurkitree\n|-boost|p2a: Xurkitree|spa|3\n|\n|upkeep\n|turn|3\n|\n|t:|1699901637\n|move|p2a: Xurkitree|Thunderbolt|p1a: Father Stout\n|-damage|p1a: Father Stout|0 fnt\n|faint|p1a: Father Stout\n|-ability|p2a: Xurkitree|Beast Boost|boost\n|-boost|p2a: Xurkitree|spa|1\n|\n|upkeep\n|\n|t:|1699901642\n|switch|p1a: Socks|Archeops, M|100\/100\n|turn|4\n|\n|t:|1699901647\n|-terastallize|p1a: Socks|Ground\n|move|p2a: Xurkitree|Hidden Power|p1a: Socks\n|-supereffective|p1a: Socks\n|-damage|p1a: Socks|0 fnt\n|faint|p1a: Socks\n|-ability|p2a: Xurkitree|Beast Boost|boost\n|-boost|p2a: Xurkitree|spa|1\n|\n|upkeep\n|c|\u2606Snowtin23|wp my guy\n|inactive|Snowtin23 has 120 seconds left.\n|\n|t:|1699901673\n|switch|p1a: Finn|Samurott, F|100\/100\n|turn|5\n|inactive|Snowtin23 has 120 seconds left.\n|c|\u2606Nitchii|ty\n|\n|t:|1699901680\n|move|p2a: Xurkitree|Thunderbolt|p1a: Finn\n|-supereffective|p1a: Finn\n|-damage|p1a: Finn|0 fnt\n|faint|p1a: Finn\n|-ability|p2a: Xurkitree|Beast Boost|boost\n|-boost|p2a: Xurkitree|spa|1\n|\n|upkeep\n|inactive|Snowtin23 has 120 seconds left.\n|\n|t:|1699901686\n|switch|p1a: Phantopera|Chandelure, M|100\/100\n|turn|6\n|\n|t:|1699901693\n|move|p1a: Phantopera|Flamethrower|p2a: Xurkitree\n|-damage|p2a: Xurkitree|31\/100\n|move|p2a: Xurkitree|Thunderbolt|p1a: Phantopera\n|-damage|p1a: Phantopera|0 fnt\n|faint|p1a: Phantopera\n|\n|upkeep\n|\n|t:|1699901700\n|switch|p1a: Wolfgang|Haxorus, F|100\/100\n|-ability|p1a: Wolfgang|Mold Breaker\n|turn|7\n|\n|t:|1699901707\n|move|p1a: Wolfgang|First Impression|p2a: Xurkitree\n|-damage|p2a: Xurkitree|0 fnt\n|faint|p2a: Xurkitree\n|\n|upkeep\n|\n|t:|1699901711\n|switch|p2a: Cinderace|Cinderace, F|100\/100\n|turn|8\n|\n|t:|1699901714\n|move|p2a: Cinderace|Taunt|p1a: Wolfgang\n|-start|p2a: Cinderace|typechange|Dark|[from] ability: Libero\n|-start|p1a: Wolfgang|move: Taunt\n|move|p1a: Wolfgang|Scale Shot|p2a: Cinderace\n|-damage|p2a: Cinderace|81\/100\n|-damage|p2a: Cinderace|58\/100\n|-hitcount|p2a: Cinderace|2\n|-unboost|p1a: Wolfgang|def|1\n|-boost|p1a: Wolfgang|spe|1\n|\n|upkeep\n|turn|9\n|\n|t:|1699901728\n|move|p1a: Wolfgang|Poison Jab|p2a: Cinderace\n|-damage|p2a: Cinderace|16\/100\n|move|p2a: Cinderace|Court Change|p2a: Cinderace\n|-swapsideconditions\n|-activate|p2a: Cinderace|move: Court Change\n|\n|upkeep\n|turn|10\n|\n|t:|1699901734\n|switch|p2a: Celesteela|Celesteela|100\/100\n|move|p1a: Wolfgang|Poison Jab|p2a: Celesteela\n|-immune|p2a: Celesteela\n|\n|-end|p1a: Wolfgang|move: Taunt\n|upkeep\n|turn|11\n|\n|t:|1699901741\n|move|p1a: Wolfgang|Close Combat|p2a: Celesteela\n|-crit|p2a: Celesteela\n|-damage|p2a: Celesteela|60\/100\n|-unboost|p1a: Wolfgang|def|1\n|-unboost|p1a: Wolfgang|spd|1\n|-damage|p1a: Wolfgang|84\/100|[from] item: Rocky Helmet|[of] p2a: Celesteela\n|move|p2a: Celesteela|Toxic|p1a: Wolfgang\n|-status|p1a: Wolfgang|tox\n|\n|-damage|p1a: Wolfgang|78\/100 tox|[from] psn\n|upkeep\n|turn|12\n|\n|t:|1699901751\n|move|p1a: Wolfgang|Close Combat|p2a: Celesteela\n|-damage|p2a: Celesteela|34\/100\n|-unboost|p1a: Wolfgang|def|1\n|-unboost|p1a: Wolfgang|spd|1\n|-damage|p1a: Wolfgang|62\/100 tox|[from] item: Rocky Helmet|[of] p2a: Celesteela\n|move|p2a: Celesteela|Leech Seed|p1a: Wolfgang|[miss]\n|-miss|p2a: Celesteela|p1a: Wolfgang\n|\n|-damage|p1a: Wolfgang|49\/100 tox|[from] psn\n|upkeep\n|turn|13\n|\n|t:|1699901761\n|move|p2a: Celesteela|Protect|p2a: Celesteela\n|-singleturn|p2a: Celesteela|Protect\n|move|p1a: Wolfgang|Close Combat|p2a: Celesteela\n|-activate|p2a: Celesteela|move: Protect\n|\n|-damage|p1a: Wolfgang|31\/100 tox|[from] psn\n|upkeep\n|turn|14\n|\n|t:|1699901768\n|switch|p2a: Cinderace|Cinderace, F|16\/100\n|move|p1a: Wolfgang|Close Combat|p2a: Cinderace\n|-damage|p2a: Cinderace|0 fnt\n|-unboost|p1a: Wolfgang|def|1\n|-unboost|p1a: Wolfgang|spd|1\n|faint|p2a: Cinderace\n|\n|-damage|p1a: Wolfgang|6\/100 tox|[from] psn\n|upkeep\n|\n|t:|1699901778\n|switch|p2a: Diancie|Diancie|100\/100\n|turn|15\n|\n|t:|1699901785\n|move|p1a: Wolfgang|Poison Jab|p2a: Diancie\n|-damage|p2a: Diancie|74\/100\n|move|p2a: Diancie|Diamond Storm|p1a: Wolfgang\n|-damage|p1a: Wolfgang|0 fnt\n|faint|p1a: Wolfgang\n|\n|upkeep\n|\n|t:|1699901791\n|switch|p1a: Ivan|Galvantula, M|100\/100 slp\n|-activate|p1a: Ivan|move: Sticky Web\n|-unboost|p1a: Ivan|spe|1\n|turn|16\n|c|\u2606Snowtin23|ggs\n|\n|t:|1699901797\n|detailschange|p2a: Diancie|Diancie-Mega\n|-mega|p2a: Diancie|Diancie|Diancite\n|move|p2a: Diancie|Diamond Storm|p1a: Ivan\n|-supereffective|p1a: Ivan\n|-enditem|p1a: Ivan|Focus Sash\n|-damage|p1a: Ivan|1\/100 slp\n|cant|p1a: Ivan|slp\n|\n|upkeep\n|turn|17\n|\n|t:|1699901805\n|move|p2a: Diancie|Body Press|p1a: Ivan\n|-resisted|p1a: Ivan\n|-damage|p1a: Ivan|0 fnt\n|faint|p1a: Ivan\n|\n|win|Nitchii\n|raw|Snowtin23's rating: 1071 &rarr; <strong>1055<\/strong><br \/>(-16 for losing)\n|raw|Nitchii's rating: 1157 &rarr; <strong>1176<\/strong><br \/>(+19 for winning)\n|l|\u2606Snowtin23\n","uploadtime":1699901863,"views":5,"p1id":"snowtin23","p2id":"nitchii","formatid":"gen9nationaldex","rating":1055,"private":0,"password":""}