{"id":"gen9nationaldex-1994154874","p1":"Godly doozy","p2":"Kstud","format":"[Gen 9] National Dex","log":"|j|\u2606Godly doozy\n|j|\u2606Kstud\n|t:|1700413245\n|gametype|singles\n|player|p1|Godly doozy|170|1383\n|player|p2|Kstud|cynthia-gen4|1434\n|teamsize|p1|6\n|teamsize|p2|6\n|gen|9\n|tier|[Gen 9] National Dex\n|rated|\n|rule|HP Percentage Mod: HP is shown in percentages\n|rule|Endless Battle Clause: Forcing endless battles is banned\n|rule|OHKO Clause: OHKO moves are banned\n|rule|Evasion Clause: Evasion abilities, items, and moves are banned\n|rule|Evasion Abilities Clause: Evasion abilities are banned\n|rule|Evasion Items Clause: Evasion items are banned\n|rule|Evasion Moves Clause: Evasion moves are banned\n|rule|Species Clause: Limit one of each Pok\u00e9mon\n|rule|Sleep Clause Mod: Limit one foe put to sleep\n|clearpoke\n|poke|p1|Lopunny, M|\n|poke|p1|Clefable, M|\n|poke|p1|Greninja-*, F|\n|poke|p1|Arcanine-Hisui, F|\n|poke|p1|Amoonguss, F|\n|poke|p1|Landorus-Therian, M|\n|poke|p2|Gliscor, M|\n|poke|p2|Meowstic, M|\n|poke|p2|Diancie|\n|poke|p2|Charizard, F|\n|poke|p2|Toedscruel, F|\n|poke|p2|Greninja-*, M|\n|teampreview\n|inactive|Battle timer is ON: inactive players will automatically lose when time's up. (requested by Godly doozy)\n|\n|t:|1700413257\n|start\n|switch|p1a: Clefable|Clefable, M, shiny|100\/100\n|switch|p2a: Gliscor|Gliscor, M|100\/100\n|turn|1\n|\n|t:|1700413261\n|move|p2a: Gliscor|Toxic|p1a: Clefable\n|-status|p1a: Clefable|tox\n|move|p1a: Clefable|Stealth Rock|p2a: Gliscor\n|-sidestart|p2: Kstud|move: Stealth Rock\n|\n|-status|p2a: Gliscor|tox|[from] item: Toxic Orb\n|upkeep\n|turn|2\n|\n|t:|1700413271\n|move|p2a: Gliscor|Spikes|p1a: Clefable\n|-sidestart|p1: Godly doozy|Spikes\n|move|p1a: Clefable|Moonblast|p2a: Gliscor\n|-damage|p2a: Gliscor|59\/100 tox\n|\n|-heal|p2a: Gliscor|71\/100 tox|[from] ability: Poison Heal\n|upkeep\n|turn|3\n|\n|t:|1700413276\n|move|p2a: Gliscor|Protect|p2a: Gliscor\n|-singleturn|p2a: Gliscor|Protect\n|move|p1a: Clefable|Moonblast|p2a: Gliscor\n|-activate|p2a: Gliscor|move: Protect\n|\n|-heal|p2a: Gliscor|84\/100 tox|[from] ability: Poison Heal\n|upkeep\n|turn|4\n|\n|t:|1700413283\n|move|p2a: Gliscor|Earthquake|p1a: Clefable\n|-damage|p1a: Clefable|74\/100 tox\n|move|p1a: Clefable|Moonblast|p2a: Gliscor\n|-damage|p2a: Gliscor|46\/100 tox\n|\n|-heal|p1a: Clefable|80\/100 tox|[from] item: Leftovers\n|-heal|p2a: Gliscor|59\/100 tox|[from] ability: Poison Heal\n|upkeep\n|turn|5\n|\n|t:|1700413292\n|move|p2a: Gliscor|Spikes|p1a: Clefable\n|-sidestart|p1: Godly doozy|Spikes\n|move|p1a: Clefable|Thunder Wave|p2a: Gliscor\n|-immune|p2a: Gliscor\n|\n|-heal|p1a: Clefable|87\/100 tox|[from] item: Leftovers\n|-heal|p2a: Gliscor|71\/100 tox|[from] ability: Poison Heal\n|upkeep\n|turn|6\n|\n|t:|1700413303\n|move|p2a: Gliscor|Protect|p2a: Gliscor\n|-singleturn|p2a: Gliscor|Protect\n|move|p1a: Clefable|Moonblast|p2a: Gliscor\n|-activate|p2a: Gliscor|move: Protect\n|\n|-heal|p1a: Clefable|93\/100 tox|[from] item: Leftovers\n|-heal|p2a: Gliscor|84\/100 tox|[from] ability: Poison Heal\n|upkeep\n|turn|7\n|\n|t:|1700413311\n|move|p2a: Gliscor|Spikes|p1a: Clefable\n|-sidestart|p1: Godly doozy|Spikes\n|move|p1a: Clefable|Moonblast|p2a: Gliscor\n|-damage|p2a: Gliscor|43\/100 tox\n|-unboost|p2a: Gliscor|spa|1\n|\n|-heal|p1a: Clefable|99\/100 tox|[from] item: Leftovers\n|-heal|p2a: Gliscor|55\/100 tox|[from] ability: Poison Heal\n|upkeep\n|turn|8\n|\n|t:|1700413321\n|switch|p2a: Toedscruel|Toedscruel, F|100\/100\n|move|p1a: Clefable|Stealth Rock||[still]\n|-fail|p1a: Clefable\n|\n|-heal|p1a: Clefable|100\/100 tox|[from] item: Leftovers\n|upkeep\n|turn|9\n|\n|t:|1700413331\n|switch|p1a: Landorus|Landorus-Therian, M, shiny|100\/100\n|-ability|p1a: Landorus|Intimidate|boost\n|-unboost|p2a: Toedscruel|atk|1\n|move|p2a: Toedscruel|Rapid Spin|p1a: Landorus\n|-damage|p1a: Landorus|94\/100\n|-boost|p2a: Toedscruel|spe|1\n|-sideend|p2: Kstud|Stealth Rock|[from] move: Rapid Spin|[of] p2a: Toedscruel\n|\n|-heal|p1a: Landorus|99\/100|[from] item: Leftovers\n|upkeep\n|turn|10\n|\n|t:|1700413339\n|move|p2a: Toedscruel|Giga Drain|p1a: Landorus\n|-damage|p1a: Landorus|62\/100\n|move|p1a: Landorus|Defog|p2a: Toedscruel\n|-unboost|p2a: Toedscruel|evasion|1\n|-sideend|p1: Godly doozy|Spikes|[from] move: Defog|[of] p1a: Landorus\n|\n|-heal|p1a: Landorus|68\/100|[from] item: Leftovers\n|upkeep\n|turn|11\n|\n|t:|1700413347\n|switch|p1a: Amoonguss|Amoonguss, F, shiny|100\/100\n|move|p2a: Toedscruel|Sludge Bomb|p1a: Amoonguss\n|-damage|p1a: Amoonguss|78\/100\n|\n|upkeep\n|turn|12\n|\n|t:|1700413355\n|switch|p2a: Gliscor|Gliscor, M|55\/100 tox\n|move|p1a: Amoonguss|Sludge Bomb|p2a: Gliscor\n|-resisted|p2a: Gliscor\n|-damage|p2a: Gliscor|38\/100 tox\n|\n|-heal|p2a: Gliscor|50\/100 tox|[from] ability: Poison Heal\n|upkeep\n|turn|13\n|\n|t:|1700413363\n|move|p2a: Gliscor|Protect|p2a: Gliscor\n|-singleturn|p2a: Gliscor|Protect\n|move|p1a: Amoonguss|Foul Play|p2a: Gliscor\n|-activate|p2a: Gliscor|move: Protect\n|\n|-heal|p2a: Gliscor|63\/100 tox|[from] ability: Poison Heal\n|upkeep\n|turn|14\n|\n|t:|1700413368\n|move|p2a: Gliscor|Spikes|p1a: Amoonguss\n|-sidestart|p1: Godly doozy|Spikes\n|move|p1a: Amoonguss|Foul Play|p2a: Gliscor\n|-damage|p2a: Gliscor|49\/100 tox\n|\n|-heal|p2a: Gliscor|62\/100 tox|[from] ability: Poison Heal\n|upkeep\n|turn|15\n|\n|t:|1700413373\n|switch|p1a: Greninja|Greninja, F, shiny|100\/100\n|-damage|p1a: Greninja|88\/100|[from] Spikes\n|move|p2a: Gliscor|Spikes|p1a: Greninja\n|-sidestart|p1: Godly doozy|Spikes\n|\n|-heal|p2a: Gliscor|74\/100 tox|[from] ability: Poison Heal\n|upkeep\n|turn|16\n|\n|t:|1700413380\n|switch|p2a: Meowstic|Meowstic, M|100\/100\n|move|p1a: Greninja|Ice Beam|p2a: Meowstic\n|-start|p1a: Greninja|typechange|Ice|[from] ability: Protean\n|-damage|p2a: Meowstic|52\/100\n|\n|upkeep\n|turn|17\n|\n|t:|1700413393\n|switch|p1a: Clefable|Clefable, M, shiny|100\/100 tox\n|move|p2a: Meowstic|Thunder Wave||[still]\n|-fail|p2a: Meowstic\n|\n|upkeep\n|turn|18\n|\n|t:|1700413402\n|switch|p2a: Toedscruel|Toedscruel, F|100\/100\n|move|p1a: Clefable|Moonblast|p2a: Toedscruel\n|-damage|p2a: Toedscruel|70\/100\n|\n|upkeep\n|turn|19\n|\n|t:|1700413416\n|switch|p1a: Amoonguss|Amoonguss, F, shiny|100\/100\n|-damage|p1a: Amoonguss|84\/100|[from] Spikes\n|move|p2a: Toedscruel|Sludge Bomb|p1a: Amoonguss\n|-damage|p1a: Amoonguss|65\/100\n|\n|upkeep\n|turn|20\n|\n|t:|1700413429\n|switch|p2a: Gliscor|Gliscor, M|74\/100 tox\n|move|p1a: Amoonguss|Sludge Bomb|p2a: Gliscor\n|-resisted|p2a: Gliscor\n|-damage|p2a: Gliscor|56\/100 tox\n|\n|-heal|p2a: Gliscor|69\/100 tox|[from] ability: Poison Heal\n|upkeep\n|turn|21\n|\n|t:|1700413438\n|switch|p1a: Landorus|Landorus-Therian, M, shiny|68\/100\n|-ability|p1a: Landorus|Intimidate|boost\n|-unboost|p2a: Gliscor|atk|1\n|move|p2a: Gliscor|Toxic|p1a: Landorus\n|-status|p1a: Landorus|tox\n|\n|-heal|p1a: Landorus|74\/100 tox|[from] item: Leftovers\n|-damage|p1a: Landorus|68\/100 tox|[from] psn\n|-heal|p2a: Gliscor|81\/100 tox|[from] ability: Poison Heal\n|upkeep\n|turn|22\n|\n|t:|1700413445\n|move|p1a: Landorus|Defog|p2a: Gliscor\n|-unboost|p2a: Gliscor|evasion|1\n|-sideend|p1: Godly doozy|Spikes|[from] move: Defog|[of] p1a: Landorus\n|move|p2a: Gliscor|Spikes|p1a: Landorus\n|-sidestart|p1: Godly doozy|Spikes\n|\n|-heal|p1a: Landorus|74\/100 tox|[from] item: Leftovers\n|-damage|p1a: Landorus|62\/100 tox|[from] psn\n|-heal|p2a: Gliscor|94\/100 tox|[from] ability: Poison Heal\n|upkeep\n|turn|23\n|\n|t:|1700413449\n|switch|p1a: Greninja|Greninja, F, shiny|88\/100\n|-damage|p1a: Greninja|76\/100|[from] Spikes\n|move|p2a: Gliscor|Spikes|p1a: Greninja\n|-sidestart|p1: Godly doozy|Spikes\n|\n|-heal|p2a: Gliscor|100\/100 tox|[from] ability: Poison Heal\n|upkeep\n|turn|24\n|\n|t:|1700413456\n|switch|p2a: Greninja|Greninja, M|100\/100\n|move|p1a: Greninja|Ice Beam|p2a: Greninja\n|-start|p1a: Greninja|typechange|Ice|[from] ability: Protean\n|-resisted|p2a: Greninja\n|-damage|p2a: Greninja|54\/100\n|\n|upkeep\n|turn|25\n|\n|t:|1700413468\n|switch|p1a: Clefable|Clefable, M, shiny|100\/100 tox\n|move|p2a: Greninja|Dark Pulse|p1a: Clefable\n|-resisted|p1a: Clefable\n|-damage|p1a: Clefable|83\/100 tox\n|\n|-heal|p1a: Clefable|90\/100 tox|[from] item: Leftovers\n|upkeep\n|turn|26\n|\n|t:|1700413472\n|move|p2a: Greninja|U-turn|p1a: Clefable\n|-resisted|p1a: Clefable\n|-damage|p1a: Clefable|84\/100 tox\n|\n|t:|1700413479\n|switch|p2a: Charizard|Charizard, F|100\/100|[from] U-turn\n|move|p1a: Clefable|Stealth Rock|p2a: Charizard\n|-sidestart|p2: Kstud|move: Stealth Rock\n|\n|-heal|p1a: Clefable|90\/100 tox|[from] item: Leftovers\n|upkeep\n|turn|27\n|\n|t:|1700413485\n|detailschange|p2a: Charizard|Charizard-Mega-X, F\n|-mega|p2a: Charizard|Charizard|Charizardite X\n|move|p2a: Charizard|Flare Blitz|p1a: Clefable\n|-damage|p1a: Clefable|17\/100 tox\n|-damage|p2a: Charizard|69\/100|[from] Recoil\n|move|p1a: Clefable|Thunder Wave|p2a: Charizard\n|-status|p2a: Charizard|par\n|\n|-heal|p1a: Clefable|23\/100 tox|[from] item: Leftovers\n|upkeep\n|turn|28\n|\n|t:|1700413494\n|move|p1a: Clefable|Moonlight|p1a: Clefable\n|-heal|p1a: Clefable|73\/100 tox\n|cant|p2a: Charizard|par\n|\n|-heal|p1a: Clefable|79\/100 tox|[from] item: Leftovers\n|upkeep\n|turn|29\n|\n|t:|1700413503\n|switch|p2a: Toedscruel|Toedscruel, F|70\/100\n|move|p1a: Clefable|Moonblast|p2a: Toedscruel\n|-damage|p2a: Toedscruel|41\/100\n|\n|-heal|p1a: Clefable|85\/100 tox|[from] item: Leftovers\n|upkeep\n|turn|30\n|\n|t:|1700413515\n|move|p2a: Toedscruel|Rapid Spin|p1a: Clefable\n|-damage|p1a: Clefable|79\/100 tox\n|-boost|p2a: Toedscruel|spe|1\n|-sideend|p2: Kstud|Stealth Rock|[from] move: Rapid Spin|[of] p2a: Toedscruel\n|move|p1a: Clefable|Moonblast|p2a: Toedscruel\n|-damage|p2a: Toedscruel|11\/100\n|\n|-heal|p1a: Clefable|85\/100 tox|[from] item: Leftovers\n|upkeep\n|turn|31\n|\n|t:|1700413525\n|move|p2a: Toedscruel|Sludge Bomb|p1a: Clefable\n|-supereffective|p1a: Clefable\n|-crit|p1a: Clefable\n|-damage|p1a: Clefable|21\/100 tox\n|move|p1a: Clefable|Stealth Rock|p2a: Toedscruel\n|-sidestart|p2: Kstud|move: Stealth Rock\n|\n|-heal|p1a: Clefable|27\/100 tox|[from] item: Leftovers\n|upkeep\n|turn|32\n|\n|t:|1700413536\n|switch|p1a: Amoonguss|Amoonguss, F, shiny|98\/100\n|-damage|p1a: Amoonguss|82\/100|[from] Spikes\n|move|p2a: Toedscruel|Giga Drain|p1a: Amoonguss\n|-resisted|p1a: Amoonguss\n|-crit|p1a: Amoonguss\n|-damage|p1a: Amoonguss|72\/100\n|-heal|p2a: Toedscruel|18\/100|[from] drain|[of] p1a: Amoonguss\n|\n|upkeep\n|turn|33\n|\n|t:|1700413549\n|switch|p2a: Gliscor|Gliscor, M|100\/100 tox\n|-damage|p2a: Gliscor|88\/100 tox|[from] Stealth Rock\n|move|p1a: Amoonguss|Giga Drain|p2a: Gliscor\n|-damage|p2a: Gliscor|58\/100 tox\n|-heal|p1a: Amoonguss|84\/100|[from] drain|[of] p2a: Gliscor\n|\n|-heal|p2a: Gliscor|71\/100 tox|[from] ability: Poison Heal\n|upkeep\n|turn|34\n|\n|t:|1700413563\n|switch|p1a: Greninja|Greninja, F, shiny|76\/100\n|-damage|p1a: Greninja|59\/100|[from] Spikes\n|move|p2a: Gliscor|Spikes|p1a: Greninja\n|-sidestart|p1: Godly doozy|Spikes\n|\n|-heal|p2a: Gliscor|83\/100 tox|[from] ability: Poison Heal\n|upkeep\n|turn|35\n|\n|t:|1700413577\n|move|p2a: Gliscor|Protect|p2a: Gliscor\n|-singleturn|p2a: Gliscor|Protect\n|move|p1a: Greninja|Surf|p2a: Gliscor\n|-start|p1a: Greninja|typechange|Water|[from] ability: Protean\n|-activate|p2a: Gliscor|move: Protect\n|\n|-heal|p2a: Gliscor|96\/100 tox|[from] ability: Poison Heal\n|upkeep\n|turn|36\n|\n|t:|1700413594\n|switch|p2a: Meowstic|Meowstic, M|52\/100\n|-damage|p2a: Meowstic|40\/100|[from] Stealth Rock\n|move|p1a: Greninja|Surf|p2a: Meowstic\n|-damage|p2a: Meowstic|0 fnt\n|faint|p2a: Meowstic\n|\n|upkeep\n|\n|t:|1700413602\n|switch|p2a: Diancie|Diancie|100\/100\n|-damage|p2a: Diancie|88\/100|[from] Stealth Rock\n|turn|37\n|\n|t:|1700413610\n|-terastallize|p2a: Diancie|Water\n|move|p1a: Greninja|Surf|p2a: Diancie\n|-resisted|p2a: Diancie\n|-damage|p2a: Diancie|65\/100\n|move|p2a: Diancie|Diamond Storm|p1a: Greninja\n|-damage|p1a: Greninja|0 fnt\n|-boost|p2a: Diancie|def|2\n|faint|p1a: Greninja\n|\n|-heal|p2a: Diancie|71\/100|[from] item: Leftovers\n|upkeep\n|\n|t:|1700413632\n|switch|p1a: Amoonguss|Amoonguss, F, shiny|100\/100\n|-damage|p1a: Amoonguss|75\/100|[from] Spikes\n|turn|38\n|\n|t:|1700413658\n|move|p2a: Diancie|Calm Mind|p2a: Diancie\n|-boost|p2a: Diancie|spa|1\n|-boost|p2a: Diancie|spd|1\n|move|p1a: Amoonguss|Foul Play|p2a: Diancie\n|-damage|p2a: Diancie|63\/100\n|\n|-heal|p2a: Diancie|69\/100|[from] item: Leftovers\n|upkeep\n|turn|39\n|\n|t:|1700413667\n|move|p2a: Diancie|Calm Mind|p2a: Diancie\n|-boost|p2a: Diancie|spa|1\n|-boost|p2a: Diancie|spd|1\n|move|p1a: Amoonguss|Giga Drain|p2a: Diancie\n|-supereffective|p2a: Diancie\n|-crit|p2a: Diancie\n|-damage|p2a: Diancie|17\/100\n|-heal|p1a: Amoonguss|94\/100|[from] drain|[of] p2a: Diancie\n|\n|-heal|p2a: Diancie|23\/100|[from] item: Leftovers\n|upkeep\n|turn|40\n|\n|t:|1700413678\n|move|p2a: Diancie|Earth Power|p1a: Amoonguss\n|-damage|p1a: Amoonguss|55\/100\n|move|p1a: Amoonguss|Giga Drain|p2a: Diancie\n|-supereffective|p2a: Diancie\n|-damage|p2a: Diancie|5\/100\n|-heal|p1a: Amoonguss|61\/100|[from] drain|[of] p2a: Diancie\n|\n|-heal|p2a: Diancie|12\/100|[from] item: Leftovers\n|upkeep\n|turn|41\n|\n|t:|1700413687\n|move|p2a: Diancie|Earth Power|p1a: Amoonguss\n|-damage|p1a: Amoonguss|18\/100\n|-unboost|p1a: Amoonguss|spd|1\n|move|p1a: Amoonguss|Giga Drain|p2a: Diancie\n|-supereffective|p2a: Diancie\n|-damage|p2a: Diancie|0 fnt\n|-heal|p1a: Amoonguss|22\/100|[from] drain|[of] p2a: Diancie\n|faint|p2a: Diancie\n|\n|upkeep\n|\n|t:|1700413691\n|switch|p2a: Greninja|Greninja, M|54\/100\n|-damage|p2a: Greninja|42\/100|[from] Stealth Rock\n|turn|42\n|\n|t:|1700413698\n|switch|p1a: Clefable|Clefable, M, shiny|27\/100 tox\n|move|p2a: Greninja|Ice Beam|p1a: Clefable\n|-damage|p1a: Clefable|2\/100 tox\n|\n|-heal|p1a: Clefable|8\/100 tox|[from] item: Leftovers\n|upkeep\n|turn|43\n|\n|t:|1700413708\n|move|p2a: Greninja|Ice Beam|p1a: Clefable\n|-damage|p1a: Clefable|0 fnt\n|faint|p1a: Clefable\n|-ability|p2a: Greninja|Battle Bond|boost\n|-boost|p2a: Greninja|atk|1\n|-boost|p2a: Greninja|spa|1\n|-boost|p2a: Greninja|spe|1\n|-activate|p2a: Greninja|ability: Battle Bond\n|\n|upkeep\n|\n|t:|1700413712\n|switch|p1a: Lopunny|Lopunny, M, shiny|100\/100\n|-damage|p1a: Lopunny|76\/100|[from] Spikes\n|turn|44\n|\n|t:|1700413715\n|detailschange|p1a: Lopunny|Lopunny-Mega, M, shiny\n|-mega|p1a: Lopunny|Lopunny|Lopunnite\n|move|p1a: Lopunny|Fake Out|p2a: Greninja\n|-damage|p2a: Greninja|5\/100\n|cant|p2a: Greninja|flinch\n|\n|upkeep\n|turn|45\n|\n|t:|1700413719\n|move|p2a: Greninja|Water Shuriken|p1a: Lopunny\n|-damage|p1a: Lopunny|62\/100\n|-damage|p1a: Lopunny|49\/100\n|-damage|p1a: Lopunny|34\/100\n|-damage|p1a: Lopunny|21\/100\n|-damage|p1a: Lopunny|9\/100\n|-hitcount|p1a: Lopunny|5\n|move|p1a: Lopunny|Quick Attack|p2a: Greninja\n|-damage|p2a: Greninja|0 fnt\n|faint|p2a: Greninja\n|\n|upkeep\n|\n|t:|1700413728\n|switch|p2a: Gliscor|Gliscor, M|96\/100 tox\n|-damage|p2a: Gliscor|83\/100 tox|[from] Stealth Rock\n|turn|46\n|\n|t:|1700413736\n|switch|p1a: Amoonguss|Amoonguss, F, shiny|56\/100\n|-damage|p1a: Amoonguss|31\/100|[from] Spikes\n|move|p2a: Gliscor|Earthquake|p1a: Amoonguss\n|-damage|p1a: Amoonguss|4\/100\n|\n|-heal|p2a: Gliscor|96\/100 tox|[from] ability: Poison Heal\n|upkeep\n|turn|47\n|\n|t:|1700413742\n|switch|p1a: Landorus|Landorus-Therian, M, shiny|62\/100 tox\n|-ability|p1a: Landorus|Intimidate|boost\n|-unboost|p2a: Gliscor|atk|1\n|move|p2a: Gliscor|Earthquake|p1a: Landorus\n|-immune|p1a: Landorus\n|\n|-heal|p1a: Landorus|68\/100 tox|[from] item: Leftovers\n|-damage|p1a: Landorus|62\/100 tox|[from] psn\n|-heal|p2a: Gliscor|100\/100 tox|[from] ability: Poison Heal\n|upkeep\n|turn|48\n|\n|t:|1700413750\n|move|p2a: Gliscor|Protect|p2a: Gliscor\n|-singleturn|p2a: Gliscor|Protect\n|move|p1a: Landorus|Defog|p2a: Gliscor\n|-activate|p2a: Gliscor|move: Protect\n|\n|-heal|p1a: Landorus|68\/100 tox|[from] item: Leftovers\n|-damage|p1a: Landorus|56\/100 tox|[from] psn\n|upkeep\n|turn|49\n|\n|t:|1700413761\n|move|p1a: Landorus|Defog|p2a: Gliscor\n|-unboost|p2a: Gliscor|evasion|1\n|-sideend|p2: Kstud|Stealth Rock|[from] move: Defog|[of] p1a: Landorus\n|-sideend|p1: Godly doozy|Spikes|[from] move: Defog|[of] p1a: Landorus\n|move|p2a: Gliscor|Spikes|p1a: Landorus\n|-sidestart|p1: Godly doozy|Spikes\n|\n|-heal|p1a: Landorus|62\/100 tox|[from] item: Leftovers\n|-damage|p1a: Landorus|43\/100 tox|[from] psn\n|upkeep\n|turn|50\n|\n|t:|1700413765\n|move|p1a: Landorus|U-turn|p2a: Gliscor\n|-resisted|p2a: Gliscor\n|-damage|p2a: Gliscor|92\/100 tox\n|\n|t:|1700413768\n|switch|p1a: Arcanine|Arcanine-Hisui, F, shiny|100\/100|[from] U-turn\n|-damage|p1a: Arcanine|88\/100|[from] Spikes\n|move|p2a: Gliscor|Spikes|p1a: Arcanine\n|-sidestart|p1: Godly doozy|Spikes\n|\n|-heal|p2a: Gliscor|100\/100 tox|[from] ability: Poison Heal\n|upkeep\n|turn|51\n|\n|t:|1700413776\n|move|p1a: Arcanine|Head Smash|p2a: Gliscor\n|-damage|p2a: Gliscor|60\/100 tox\n|move|p2a: Gliscor|Earthquake|p1a: Arcanine\n|-supereffective|p1a: Arcanine\n|-damage|p1a: Arcanine|0 fnt\n|faint|p1a: Arcanine\n|\n|-heal|p2a: Gliscor|72\/100 tox|[from] ability: Poison Heal\n|upkeep\n|\n|t:|1700413783\n|switch|p1a: Amoonguss|Amoonguss, F, shiny|38\/100\n|-damage|p1a: Amoonguss|21\/100|[from] Spikes\n|turn|52\n|\n|t:|1700413786\n|switch|p1a: Landorus|Landorus-Therian, M, shiny|43\/100 tox\n|-ability|p1a: Landorus|Intimidate|boost\n|-unboost|p2a: Gliscor|atk|1\n|move|p2a: Gliscor|Earthquake|p1a: Landorus\n|-immune|p1a: Landorus\n|\n|-heal|p1a: Landorus|49\/100 tox|[from] item: Leftovers\n|-damage|p1a: Landorus|43\/100 tox|[from] psn\n|-heal|p2a: Gliscor|84\/100 tox|[from] ability: Poison Heal\n|upkeep\n|turn|53\n|\n|t:|1700413793\n|switch|p1a: Amoonguss|Amoonguss, F, shiny|54\/100\n|-damage|p1a: Amoonguss|38\/100|[from] Spikes\n|move|p2a: Gliscor|Protect||[still]\n|-fail|p2a: Gliscor\n|\n|-heal|p2a: Gliscor|97\/100 tox|[from] ability: Poison Heal\n|upkeep\n|turn|54\n|\n|t:|1700413799\n|switch|p2a: Charizard|Charizard-Mega-X, F|69\/100 par\n|switch|p1a: Landorus|Landorus-Therian, M, shiny|43\/100 tox\n|-ability|p1a: Landorus|Intimidate|boost\n|-unboost|p2a: Charizard|atk|1\n|\n|-heal|p1a: Landorus|49\/100 tox|[from] item: Leftovers\n|-damage|p1a: Landorus|43\/100 tox|[from] psn\n|upkeep\n|turn|55\n|\n|t:|1700413805\n|switch|p2a: Gliscor|Gliscor, M|97\/100 tox\n|move|p1a: Landorus|Defog|p2a: Gliscor\n|-unboost|p2a: Gliscor|evasion|1\n|-sideend|p1: Godly doozy|Spikes|[from] move: Defog|[of] p1a: Landorus\n|\n|-heal|p1a: Landorus|49\/100 tox|[from] item: Leftovers\n|-damage|p1a: Landorus|37\/100 tox|[from] psn\n|-heal|p2a: Gliscor|100\/100 tox|[from] ability: Poison Heal\n|upkeep\n|turn|56\n|\n|t:|1700413816\n|move|p1a: Landorus|U-turn|p2a: Gliscor\n|-resisted|p2a: Gliscor\n|-damage|p2a: Gliscor|92\/100 tox\n|\n|t:|1700413818\n|switch|p1a: Amoonguss|Amoonguss, F, shiny|71\/100|[from] U-turn\n|move|p2a: Gliscor|Earthquake|p1a: Amoonguss\n|-damage|p1a: Amoonguss|48\/100\n|\n|-heal|p2a: Gliscor|100\/100 tox|[from] ability: Poison Heal\n|upkeep\n|turn|57\n|\n|t:|1700413830\n|switch|p1a: Landorus|Landorus-Therian, M, shiny|37\/100 tox\n|-ability|p1a: Landorus|Intimidate|boost\n|-unboost|p2a: Gliscor|atk|1\n|move|p2a: Gliscor|Earthquake|p1a: Landorus\n|-immune|p1a: Landorus\n|\n|-heal|p1a: Landorus|43\/100 tox|[from] item: Leftovers\n|-damage|p1a: Landorus|37\/100 tox|[from] psn\n|upkeep\n|turn|58\n|\n|t:|1700413840\n|move|p1a: Landorus|U-turn|p2a: Gliscor\n|-resisted|p2a: Gliscor\n|-damage|p2a: Gliscor|92\/100 tox\n|\n|t:|1700413842\n|switch|p1a: Amoonguss|Amoonguss, F, shiny|82\/100|[from] U-turn\n|move|p2a: Gliscor|Spikes|p1a: Amoonguss\n|-sidestart|p1: Godly doozy|Spikes\n|\n|-heal|p2a: Gliscor|100\/100 tox|[from] ability: Poison Heal\n|upkeep\n|turn|59\n|\n|t:|1700413850\n|move|p2a: Gliscor|Spikes|p1a: Amoonguss\n|-sidestart|p1: Godly doozy|Spikes\n|move|p1a: Amoonguss|Giga Drain|p2a: Gliscor\n|-damage|p2a: Gliscor|72\/100 tox\n|-heal|p1a: Amoonguss|94\/100|[from] drain|[of] p2a: Gliscor\n|\n|-heal|p2a: Gliscor|84\/100 tox|[from] ability: Poison Heal\n|upkeep\n|turn|60\n|\n|t:|1700413858\n|move|p2a: Gliscor|Spikes|p1a: Amoonguss\n|-sidestart|p1: Godly doozy|Spikes\n|move|p1a: Amoonguss|Giga Drain|p2a: Gliscor\n|-crit|p2a: Gliscor\n|-damage|p2a: Gliscor|45\/100 tox\n|-heal|p1a: Amoonguss|100\/100|[from] drain|[of] p2a: Gliscor\n|\n|-heal|p2a: Gliscor|57\/100 tox|[from] ability: Poison Heal\n|upkeep\n|turn|61\n|\n|t:|1700413862\n|move|p2a: Gliscor|Protect|p2a: Gliscor\n|-singleturn|p2a: Gliscor|Protect\n|move|p1a: Amoonguss|Giga Drain|p2a: Gliscor\n|-activate|p2a: Gliscor|move: Protect\n|\n|-heal|p2a: Gliscor|70\/100 tox|[from] ability: Poison Heal\n|upkeep\n|turn|62\n|\n|t:|1700413866\n|switch|p2a: Charizard|Charizard-Mega-X, F|69\/100 par\n|move|p1a: Amoonguss|Giga Drain|p2a: Charizard\n|-resisted|p2a: Charizard\n|-damage|p2a: Charizard|61\/100 par\n|\n|upkeep\n|turn|63\n|\n|t:|1700413874\n|cant|p2a: Charizard|par\n|move|p1a: Amoonguss|Sludge Bomb|p2a: Charizard\n|-damage|p2a: Charizard|28\/100 par\n|\n|upkeep\n|turn|64\n|\n|t:|1700413878\n|move|p2a: Charizard|Roost|p2a: Charizard\n|-heal|p2a: Charizard|78\/100 par\n|-singleturn|p2a: Charizard|move: Roost\n|move|p1a: Amoonguss|Sludge Bomb|p2a: Charizard\n|-damage|p2a: Charizard|40\/100 par\n|\n|upkeep\n|turn|65\n|\n|t:|1700413881\n|cant|p2a: Charizard|par\n|move|p1a: Amoonguss|Sludge Bomb|p2a: Charizard\n|-damage|p2a: Charizard|3\/100 par\n|\n|upkeep\n|turn|66\n|\n|t:|1700413886\n|move|p2a: Charizard|Roost|p2a: Charizard\n|-heal|p2a: Charizard|53\/100 par\n|-singleturn|p2a: Charizard|move: Roost\n|move|p1a: Amoonguss|Sludge Bomb|p2a: Charizard\n|-damage|p2a: Charizard|19\/100 par\n|\n|upkeep\n|turn|67\n|\n|t:|1700413888\n|move|p2a: Charizard|Flare Blitz|p1a: Amoonguss\n|-supereffective|p1a: Amoonguss\n|-damage|p1a: Amoonguss|0 fnt\n|-damage|p2a: Charizard|2\/100 par|[from] item: Rocky Helmet|[of] p1a: Amoonguss\n|faint|p1a: Amoonguss\n|-damage|p2a: Charizard|0 fnt|[from] Recoil\n|faint|p2a: Charizard\n|\n|upkeep\n|\n|t:|1700413893\n|switch|p2a: Gliscor|Gliscor, M|70\/100 tox\n|switch|p1a: Landorus|Landorus-Therian, M, shiny|37\/100 tox\n|-ability|p1a: Landorus|Intimidate|boost\n|-unboost|p2a: Gliscor|atk|1\n|turn|68\n|\n|t:|1700413898\n|move|p1a: Landorus|Defog|p2a: Gliscor\n|-unboost|p2a: Gliscor|evasion|1\n|-sideend|p1: Godly doozy|Spikes|[from] move: Defog|[of] p1a: Landorus\n|move|p2a: Gliscor|Spikes|p1a: Landorus\n|-sidestart|p1: Godly doozy|Spikes\n|\n|-heal|p1a: Landorus|43\/100 tox|[from] item: Leftovers\n|-damage|p1a: Landorus|37\/100 tox|[from] psn\n|-heal|p2a: Gliscor|82\/100 tox|[from] ability: Poison Heal\n|upkeep\n|turn|69\n|\n|t:|1700413913\n|move|p1a: Landorus|Stone Edge|p2a: Gliscor\n|-damage|p2a: Gliscor|58\/100 tox\n|move|p2a: Gliscor|Spikes|p1a: Landorus\n|-sidestart|p1: Godly doozy|Spikes\n|\n|-heal|p1a: Landorus|43\/100 tox|[from] item: Leftovers\n|-damage|p1a: Landorus|30\/100 tox|[from] psn\n|-heal|p2a: Gliscor|70\/100 tox|[from] ability: Poison Heal\n|upkeep\n|turn|70\n|\n|t:|1700413918\n|move|p2a: Gliscor|Protect|p2a: Gliscor\n|-singleturn|p2a: Gliscor|Protect\n|move|p1a: Landorus|Defog|p2a: Gliscor\n|-activate|p2a: Gliscor|move: Protect\n|\n|-heal|p1a: Landorus|37\/100 tox|[from] item: Leftovers\n|-damage|p1a: Landorus|18\/100 tox|[from] psn\n|-heal|p2a: Gliscor|83\/100 tox|[from] ability: Poison Heal\n|upkeep\n|turn|71\n|\n|t:|1700413920\n|move|p1a: Landorus|Defog|p2a: Gliscor\n|-unboost|p2a: Gliscor|evasion|1\n|-sideend|p1: Godly doozy|Spikes|[from] move: Defog|[of] p1a: Landorus\n|move|p2a: Gliscor|Spikes|p1a: Landorus\n|-sidestart|p1: Godly doozy|Spikes\n|\n|-heal|p1a: Landorus|24\/100 tox|[from] item: Leftovers\n|-damage|p1a: Landorus|0 fnt|[from] psn\n|faint|p1a: Landorus\n|-heal|p2a: Gliscor|95\/100 tox|[from] ability: Poison Heal\n|upkeep\n|\n|t:|1700413922\n|switch|p1a: Lopunny|Lopunny-Mega, M, shiny|9\/100\n|-damage|p1a: Lopunny|0 fnt|[from] Spikes\n|faint|p1a: Lopunny\n|\n|win|Kstud\n|raw|Godly doozy's rating: 1383 &rarr; <strong>1366<\/strong><br \/>(-17 for losing)\n|raw|Kstud's rating: 1434 &rarr; <strong>1451<\/strong><br \/>(+17 for winning)\n|c|\u2606Godly doozy|U suck\n|l|\u2606Godly doozy\n|l|\u2606Kstud\n|j|\u2606Kstud\n|player|p2|Kstud|cynthia-gen4\n","uploadtime":1700414140,"views":18,"p1id":"godlydoozy","p2id":"kstud","formatid":"gen9nationaldex","rating":1366,"private":0,"password":""}