{"id":"gen9nationaldex-1996341114","p1":"AlastorTheOverlord","p2":"yoshi137","format":"[Gen 9] National Dex","log":"|html|<div class=\"broadcast-blue\"><strong>[Gen 9] National Dex is currently suspecting Sneasler! For information on how to participate check out the <a href=\"https:\/\/www.smogon.com\/forums\/threads\/sv-national-dex-suspect-8-just-dance.3731534\/\">suspect thread<\/a>.<\/strong><\/div>\n|j|\u2606AlastorTheOverlord\n|j|\u2606yoshi137\n|t:|1700672828\n|gametype|singles\n|player|p1|AlastorTheOverlord|n|1241\n|player|p2|yoshi137|iris-gen5bw2|1285\n|teamsize|p1|6\n|teamsize|p2|6\n|gen|9\n|tier|[Gen 9] National Dex\n|rated|\n|rule|HP Percentage Mod: HP is shown in percentages\n|rule|Endless Battle Clause: Forcing endless battles is banned\n|rule|OHKO Clause: OHKO moves are banned\n|rule|Evasion Clause: Evasion abilities, items, and moves are banned\n|rule|Evasion Abilities Clause: Evasion abilities are banned\n|rule|Evasion Items Clause: Evasion items are banned\n|rule|Evasion Moves Clause: Evasion moves are banned\n|rule|Species Clause: Limit one of each Pok\u00e9mon\n|rule|Sleep Clause Mod: Limit one foe put to sleep\n|clearpoke\n|poke|p1|Greninja-*, M|\n|poke|p1|Garchomp, M|\n|poke|p1|Chandelure, M|\n|poke|p1|Azumarill, M|\n|poke|p1|Aegislash, M|\n|poke|p1|Talonflame, M|\n|poke|p2|Mawile, F|\n|poke|p2|Shuckle, F|\n|poke|p2|Weavile, F|\n|poke|p2|Garchomp, F|\n|poke|p2|Kleavor, F|\n|poke|p2|Delphox, F|\n|teampreview\n|inactive|Battle timer is ON: inactive players will automatically lose when time's up. (requested by AlastorTheOverlord)\n|\n|t:|1700672836\n|start\n|switch|p1a: Talonflame|Talonflame, M|100\/100\n|switch|p2a: Kleavor|Kleavor, F|100\/100\n|turn|1\n|\n|t:|1700672848\n|move|p1a: Talonflame|Flare Blitz|p2a: Kleavor\n|-damage|p2a: Kleavor|47\/100\n|-damage|p1a: Talonflame|84\/100|[from] Recoil\n|move|p2a: Kleavor|Stone Axe|p1a: Talonflame\n|-supereffective|p1a: Talonflame\n|-damage|p1a: Talonflame|0 fnt\n|-sidestart|p1: AlastorTheOverlord|move: Stealth Rock\n|faint|p1a: Talonflame\n|\n|-heal|p2a: Kleavor|53\/100|[from] item: Leftovers\n|upkeep\n|\n|t:|1700672861\n|switch|p1a: Greninja|Greninja, M|100\/100\n|-damage|p1a: Greninja|88\/100|[from] Stealth Rock\n|turn|2\n|\n|t:|1700672872\n|switch|p2a: Shuckle|Shuckle, F|100\/100\n|move|p1a: Greninja|Surf|p2a: Shuckle\n|-start|p1a: Greninja|typechange|Water|[from] ability: Protean\n|-supereffective|p2a: Shuckle\n|-damage|p2a: Shuckle|46\/100\n|-damage|p1a: Greninja|78\/100|[from] item: Life Orb\n|\n|-heal|p2a: Shuckle|52\/100|[from] item: Leftovers\n|upkeep\n|turn|3\n|\n|t:|1700672884\n|move|p1a: Greninja|Surf|p2a: Shuckle\n|-supereffective|p2a: Shuckle\n|-damage|p2a: Shuckle|0 fnt\n|faint|p2a: Shuckle\n|-damage|p1a: Greninja|69\/100|[from] item: Life Orb\n|\n|upkeep\n|\n|t:|1700672894\n|switch|p2a: Kleavor|Kleavor, F|53\/100\n|turn|4\n|\n|t:|1700672897\n|move|p1a: Greninja|Surf|p2a: Kleavor\n|-supereffective|p2a: Kleavor\n|-damage|p2a: Kleavor|0 fnt\n|faint|p2a: Kleavor\n|-damage|p1a: Greninja|59\/100|[from] item: Life Orb\n|\n|upkeep\n|\n|t:|1700672915\n|switch|p2a: Garchomp|Garchomp, F|100\/100\n|turn|5\n|\n|t:|1700672928\n|-terastallize|p2a: Garchomp|Steel\n|move|p1a: Greninja|Ice Beam|p2a: Garchomp\n|-resisted|p2a: Garchomp\n|-damage|p2a: Garchomp|83\/100\n|-damage|p1a: Greninja|49\/100|[from] item: Life Orb\n|move|p2a: Garchomp|Scale Shot|p1a: Greninja\n|-damage|p1a: Greninja|28\/100\n|-damage|p1a: Greninja|7\/100\n|-damage|p1a: Greninja|0 fnt\n|faint|p1a: Greninja\n|-hitcount|p1: Greninja|3\n|-unboost|p2a: Garchomp|def|1\n|-boost|p2a: Garchomp|spe|1\n|\n|upkeep\n|\n|t:|1700672937\n|switch|p1a: Aegislash|Aegislash, M|100\/100\n|-damage|p1a: Aegislash|94\/100|[from] Stealth Rock\n|turn|6\n|\n|t:|1700672951\n|move|p2a: Garchomp|Earthquake|p1a: Aegislash\n|-supereffective|p1a: Aegislash\n|-damage|p1a: Aegislash|14\/100\n|move|p1a: Aegislash|Swords Dance|p1a: Aegislash\n|-boost|p1a: Aegislash|atk|2\n|\n|-heal|p1a: Aegislash|21\/100|[from] item: Leftovers\n|upkeep\n|turn|7\n|\n|t:|1700672957\n|-formechange|p1a: Aegislash|Aegislash-Blade||[from] ability: Stance Change\n|move|p1a: Aegislash|Shadow Sneak|p2a: Garchomp\n|-crit|p2a: Garchomp\n|-damage|p2a: Garchomp|0 fnt\n|-damage|p1a: Aegislash|8\/100|[from] ability: Rough Skin|[of] p2a: Garchomp\n|faint|p2a: Garchomp\n|\n|-heal|p1a: Aegislash|14\/100|[from] item: Leftovers\n|upkeep\n|\n|t:|1700672965\n|switch|p2a: Delphox|Delphox, F|100\/100\n|turn|8\n|\n|t:|1700672969\n|move|p1a: Aegislash|Shadow Sneak|p2a: Delphox\n|-supereffective|p2a: Delphox\n|-enditem|p2a: Delphox|Focus Sash\n|-damage|p2a: Delphox|1\/100\n|move|p2a: Delphox|Flamethrower|p1a: Aegislash\n|-supereffective|p1a: Aegislash\n|-damage|p1a: Aegislash|0 fnt\n|faint|p1a: Aegislash\n|\n|upkeep\n|\n|t:|1700672977\n|switch|p1a: Chandelure|Chandelure, M|100\/100\n|-damage|p1a: Chandelure|76\/100|[from] Stealth Rock\n|turn|9\n|\n|t:|1700672982\n|move|p1a: Chandelure|Shadow Ball|p2a: Delphox\n|-supereffective|p2a: Delphox\n|-damage|p2a: Delphox|0 fnt\n|faint|p2a: Delphox\n|\n|upkeep\n|\n|t:|1700672988\n|switch|p2a: Weavile|Weavile, F|100\/100\n|turn|10\n|\n|t:|1700672993\n|move|p1a: Chandelure|Shadow Ball|p2a: Weavile\n|-resisted|p2a: Weavile\n|-damage|p2a: Weavile|67\/100\n|move|p2a: Weavile|Knock Off|p1a: Chandelure\n|-supereffective|p1a: Chandelure\n|-damage|p1a: Chandelure|0 fnt\n|-enditem|p1a: Chandelure|Choice Scarf|[from] move: Knock Off|[of] p2a: Weavile\n|faint|p1a: Chandelure\n|\n|upkeep\n|\n|t:|1700673001\n|switch|p1a: Azumarill|Azumarill, M|100\/100\n|-damage|p1a: Azumarill|88\/100|[from] Stealth Rock\n|turn|11\n|\n|t:|1700673007\n|move|p2a: Weavile|Icicle Spear|p1a: Azumarill\n|-resisted|p1a: Azumarill\n|-damage|p1a: Azumarill|81\/100\n|-resisted|p1a: Azumarill\n|-damage|p1a: Azumarill|76\/100\n|-resisted|p1a: Azumarill\n|-damage|p1a: Azumarill|69\/100\n|-resisted|p1a: Azumarill\n|-damage|p1a: Azumarill|63\/100\n|-resisted|p1a: Azumarill\n|-damage|p1a: Azumarill|57\/100\n|-hitcount|p1a: Azumarill|5\n|move|p1a: Azumarill|Belly Drum|p1a: Azumarill\n|-damage|p1a: Azumarill|7\/100\n|-setboost|p1a: Azumarill|atk|6|[from] move: Belly Drum\n|-enditem|p1a: Azumarill|Sitrus Berry|[eat]\n|-heal|p1a: Azumarill|32\/100|[from] item: Sitrus Berry\n|\n|upkeep\n|turn|12\n|\n|t:|1700673018\n|move|p2a: Weavile|Ice Shard|p1a: Azumarill\n|-resisted|p1a: Azumarill\n|-crit|p1a: Azumarill\n|-damage|p1a: Azumarill|16\/100\n|move|p1a: Azumarill|Aqua Jet|p2a: Weavile\n|-damage|p2a: Weavile|0 fnt\n|faint|p2a: Weavile\n|\n|upkeep\n|\n|t:|1700673021\n|switch|p2a: Mawile|Mawile, F|100\/100\n|-ability|p2a: Mawile|Intimidate|boost\n|-unboost|p1a: Azumarill|atk|1\n|turn|13\n|\n|t:|1700673030\n|detailschange|p2a: Mawile|Mawile-Mega, F\n|-mega|p2a: Mawile|Mawile|Mawilite\n|-terastallize|p1a: Azumarill|Water\n|move|p2a: Mawile|Sucker Punch|p1a: Azumarill\n|-damage|p1a: Azumarill|0 fnt\n|faint|p1a: Azumarill\n|\n|upkeep\n|\n|t:|1700673035\n|switch|p1a: Garchomp|Garchomp, M|100\/100\n|-damage|p1a: Garchomp|94\/100|[from] Stealth Rock\n|turn|14\n|\n|t:|1700673041\n|detailschange|p1a: Garchomp|Garchomp-Mega, M\n|-mega|p1a: Garchomp|Garchomp|Garchompite\n|move|p1a: Garchomp|Earthquake|p2a: Mawile\n|-supereffective|p2a: Mawile\n|-damage|p2a: Mawile|0 fnt\n|faint|p2a: Mawile\n|\n|win|AlastorTheOverlord\n|raw|AlastorTheOverlord's rating: 1241 &rarr; <strong>1269<\/strong><br \/>(+28 for winning)\n|raw|yoshi137's rating: 1285 &rarr; <strong>1257<\/strong><br \/>(-28 for losing)\n|l|\u2606yoshi137\n","uploadtime":1700673046,"views":5,"p1id":"alastortheoverlord","p2id":"yoshi137","formatid":"gen9nationaldex","rating":1257,"private":0,"password":""}