{"id":"gen9nationaldex-1988544121","p1":"Naranciass","p2":"Azu_CriticalXD","format":"[Gen 9] National Dex","log":"|j|\u2606Naranciass\n|j|\u2606Azu_CriticalXD\n|t:|1699734351\n|gametype|singles\n|player|p1|Naranciass|colress|\n|player|p2|Azu_CriticalXD|ltsurge|\n|teamsize|p1|6\n|teamsize|p2|6\n|gen|9\n|tier|[Gen 9] National Dex\n|rule|HP Percentage Mod: HP is shown in percentages\n|rule|Endless Battle Clause: Forcing endless battles is banned\n|rule|OHKO Clause: OHKO moves are banned\n|rule|Evasion Clause: Evasion abilities, items, and moves are banned\n|rule|Evasion Abilities Clause: Evasion abilities are banned\n|rule|Evasion Items Clause: Evasion items are banned\n|rule|Evasion Moves Clause: Evasion moves are banned\n|rule|Species Clause: Limit one of each Pok\u00e9mon\n|rule|Sleep Clause Mod: Limit one foe put to sleep\n|clearpoke\n|poke|p1|Ferrothorn, M|\n|poke|p1|Rillaboom, M|\n|poke|p1|Serperior, F|\n|poke|p1|Kartana|\n|poke|p1|Venusaur, M|\n|poke|p1|Meowscarada, F|\n|poke|p2|Regigigas|\n|poke|p2|Zoroark-Hisui, M|\n|poke|p2|Komala, F|\n|poke|p2|Ursaluna, F|\n|poke|p2|Pidgeot, F|\n|poke|p2|Porygon-Z|\n|teampreview\n|\n|t:|1699734361\n|start\n|switch|p1a: 20th Century Boy|Ferrothorn, M|100\/100\n|switch|p2a: Fancie|Ursaluna, F, shiny|100\/100\n|turn|1\n|\n|t:|1699734377\n|switch|p2a: Zigzag|Komala, F, shiny|100\/100\n|-ability|p2a: Zigzag|Comatose\n|move|p1a: 20th Century Boy|Leech Seed|p2a: Zigzag\n|-start|p2a: Zigzag|move: Leech Seed\n|\n|-damage|p2a: Zigzag|88\/100|[from] Leech Seed|[of] p1a: 20th Century Boy\n|upkeep\n|turn|2\n|\n|t:|1699734389\n|switch|p2a: Dashy|Pidgeot, F, shiny|100\/100\n|move|p1a: 20th Century Boy|Stealth Rock|p2a: Dashy\n|-sidestart|p2: Azu_CriticalXD|move: Stealth Rock\n|\n|upkeep\n|turn|3\n|\n|t:|1699734395\n|switch|p2a: Zigzag|Komala, F, shiny|88\/100\n|-ability|p2a: Zigzag|Comatose\n|move|p1a: 20th Century Boy|Thunder Wave|p2a: Zigzag\n|-immune|p2a: Zigzag|[from] ability: Comatose\n|\n|upkeep\n|turn|4\n|\n|t:|1699734404\n|move|p2a: Zigzag|Rapid Spin|p1a: 20th Century Boy\n|-resisted|p1a: 20th Century Boy\n|-damage|p1a: 20th Century Boy|93\/100\n|-boost|p2a: Zigzag|spe|1\n|-damage|p2a: Zigzag|75\/100|[from] ability: Iron Barbs|[of] p1a: 20th Century Boy\n|-damage|p2a: Zigzag|59\/100|[from] item: Rocky Helmet|[of] p1a: 20th Century Boy\n|-sideend|p2: Azu_CriticalXD|Stealth Rock|[from] move: Rapid Spin|[of] p2a: Zigzag\n|move|p1a: 20th Century Boy|Leech Seed|p2a: Zigzag\n|-start|p2a: Zigzag|move: Leech Seed\n|\n|-damage|p2a: Zigzag|46\/100|[from] Leech Seed|[of] p1a: 20th Century Boy\n|-heal|p1a: 20th Century Boy|100\/100|[silent]\n|upkeep\n|turn|5\n|\n|t:|1699734423\n|switch|p2a: Mecha|Regigigas, shiny|100\/100\n|move|p1a: 20th Century Boy|Stealth Rock|p2a: Mecha\n|-sidestart|p2: Azu_CriticalXD|move: Stealth Rock\n|\n|upkeep\n|turn|6\n|\n|t:|1699734429\n|move|p2a: Mecha|Nasty Plot|p2a: Mecha\n|-boost|p2a: Mecha|spa|2\n|move|p1a: 20th Century Boy|Leech Seed|p2a: Mecha\n|-start|p2a: Mecha|move: Leech Seed\n|\n|-damage|p2a: Mecha|88\/100|[from] Leech Seed|[of] p1a: 20th Century Boy\n|upkeep\n|turn|7\n|\n|t:|1699734441\n|-terastallize|p1a: 20th Century Boy|Water\n|move|p2a: Mecha|Flamethrower|p1a: 20th Century Boy\n|-resisted|p1a: 20th Century Boy\n|-damage|p1a: 20th Century Boy|77\/100\n|move|p1a: 20th Century Boy|Thunder Wave|p2a: Mecha\n|-status|p2a: Mecha|par\n|\n|-damage|p2a: Mecha|76\/100 par|[from] Leech Seed|[of] p1a: 20th Century Boy\n|-heal|p1a: 20th Century Boy|88\/100|[silent]\n|upkeep\n|turn|8\n|\n|t:|1699734453\n|switch|p2a: Zigzag|Komala, F, shiny|46\/100\n|-ability|p2a: Zigzag|Comatose\n|move|p1a: 20th Century Boy|Gyro Ball|p2a: Zigzag\n|-damage|p2a: Zigzag|0 fnt\n|faint|p2a: Zigzag\n|\n|upkeep\n|\n|t:|1699734466\n|switch|p2a: Glitchy.exe|Porygon-Z, shiny|100\/100\n|-damage|p2a: Glitchy.exe|88\/100|[from] Stealth Rock\n|-ability|p2a: Glitchy.exe|Download|boost\n|-boost|p2a: Glitchy.exe|spa|1\n|turn|9\n|\n|t:|1699734474\n|move|p2a: Glitchy.exe|Thunderbolt|p1a: 20th Century Boy\n|-supereffective|p1a: 20th Century Boy\n|-damage|p1a: 20th Century Boy|2\/100\n|move|p1a: 20th Century Boy|Thunder Wave|p2a: Glitchy.exe\n|-status|p2a: Glitchy.exe|par\n|\n|upkeep\n|turn|10\n|\n|t:|1699734485\n|switch|p1a: Supreme|Meowscarada, F, shiny|100\/100\n|cant|p2a: Glitchy.exe|par\n|\n|upkeep\n|turn|11\n|\n|t:|1699734492\n|move|p1a: Supreme|Flower Trick|p2a: Glitchy.exe\n|-start|p1a: Supreme|typechange|Grass|[from] ability: Protean\n|-crit|p2a: Glitchy.exe\n|-damage|p2a: Glitchy.exe|4\/100 par\n|cant|p2a: Glitchy.exe|par\n|\n|upkeep\n|turn|12\n|\n|t:|1699734507\n|move|p1a: Supreme|Play Rough|p2a: Glitchy.exe\n|-damage|p2a: Glitchy.exe|0 fnt\n|faint|p2a: Glitchy.exe\n|\n|upkeep\n|\n|t:|1699734519\n|switch|p2a: Mecha|Regigigas, shiny|100\/100\n|-damage|p2a: Mecha|88\/100|[from] Stealth Rock\n|-start|p2a: Mecha|ability: Slow Start\n|turn|13\n|\n|t:|1699734527\n|move|p1a: Supreme|Flower Trick|p2a: Mecha\n|-crit|p2a: Mecha\n|-damage|p2a: Mecha|48\/100\n|move|p2a: Mecha|Thunder Wave|p1a: Supreme\n|-status|p1a: Supreme|par\n|\n|-heal|p2a: Mecha|54\/100|[from] item: Leftovers\n|upkeep\n|turn|14\n|\n|t:|1699734537\n|move|p2a: Mecha|Protect|p2a: Mecha\n|-singleturn|p2a: Mecha|Protect\n|move|p1a: Supreme|U-turn|p2a: Mecha\n|-activate|p2a: Mecha|move: Protect\n|\n|-heal|p2a: Mecha|60\/100|[from] item: Leftovers\n|upkeep\n|turn|15\n|\n|t:|1699734545\n|move|p1a: Supreme|U-turn|p2a: Mecha\n|-crit|p2a: Mecha\n|-damage|p2a: Mecha|34\/100\n|\n|t:|1699734553\n|switch|p1a: Cut-Man|Kartana, shiny|100\/100|[from] U-turn\n|move|p2a: Mecha|Avalanche|p1a: Cut-Man\n|-damage|p1a: Cut-Man|87\/100\n|\n|-heal|p2a: Mecha|40\/100|[from] item: Leftovers\n|upkeep\n|turn|16\n|\n|t:|1699734573\n|move|p1a: Cut-Man|Smart Strike|p2a: Mecha\n|-damage|p2a: Mecha|6\/100\n|move|p2a: Mecha|Thunder Wave|p1a: Cut-Man\n|-status|p1a: Cut-Man|par\n|\n|-heal|p2a: Mecha|12\/100|[from] item: Leftovers\n|upkeep\n|turn|17\n|\n|t:|1699734587\n|switch|p1a: Supreme|Meowscarada, F, shiny|100\/100 par\n|move|p2a: Mecha|Power-Up Punch|p1a: Supreme\n|-supereffective|p1a: Supreme\n|-damage|p1a: Supreme|73\/100 par\n|-boost|p2a: Mecha|atk|1\n|\n|-heal|p2a: Mecha|18\/100|[from] item: Leftovers\n|-end|p2a: Mecha|Slow Start\n|upkeep\n|turn|18\n|\n|t:|1699734600\n|move|p2a: Mecha|Protect|p2a: Mecha\n|-singleturn|p2a: Mecha|Protect\n|move|p1a: Supreme|Flower Trick|p2a: Mecha\n|-start|p1a: Supreme|typechange|Grass|[from] ability: Protean\n|-activate|p2a: Mecha|move: Protect\n|\n|-heal|p2a: Mecha|25\/100|[from] item: Leftovers\n|upkeep\n|turn|19\n|\n|t:|1699734610\n|cant|p1a: Supreme|par\n|move|p2a: Mecha|Avalanche|p1a: Supreme\n|-supereffective|p1a: Supreme\n|-damage|p1a: Supreme|0 fnt\n|faint|p1a: Supreme\n|\n|-heal|p2a: Mecha|31\/100|[from] item: Leftovers\n|upkeep\n|\n|t:|1699734622\n|switch|p1a: Lechuga|Venusaur, M, shiny|100\/100\n|turn|20\n|\n|t:|1699734633\n|detailschange|p1a: Lechuga|Venusaur-Mega, M, shiny\n|-mega|p1a: Lechuga|Venusaur|Venusaurite\n|move|p2a: Mecha|Protect|p2a: Mecha\n|-singleturn|p2a: Mecha|Protect\n|move|p1a: Lechuga|Giga Drain|p2a: Mecha\n|-activate|p2a: Mecha|move: Protect\n|\n|-heal|p2a: Mecha|37\/100|[from] item: Leftovers\n|upkeep\n|turn|21\n|\n|t:|1699734646\n|move|p1a: Lechuga|Giga Drain|p2a: Mecha\n|-damage|p2a: Mecha|2\/100\n|move|p2a: Mecha|Avalanche|p1a: Lechuga\n|-supereffective|p1a: Lechuga\n|-damage|p1a: Lechuga|27\/100\n|\n|-heal|p2a: Mecha|8\/100|[from] item: Leftovers\n|upkeep\n|turn|22\n|\n|t:|1699734657\n|move|p2a: Mecha|Protect|p2a: Mecha\n|-singleturn|p2a: Mecha|Protect\n|move|p1a: Lechuga|Sludge Bomb|p2a: Mecha\n|-activate|p2a: Mecha|move: Protect\n|\n|-heal|p2a: Mecha|14\/100|[from] item: Leftovers\n|upkeep\n|turn|23\n|\n|t:|1699734668\n|move|p1a: Lechuga|Giga Drain|p2a: Mecha\n|-damage|p2a: Mecha|0 fnt\n|-heal|p1a: Lechuga|34\/100|[from] drain|[of] p2a: Mecha\n|faint|p2a: Mecha\n|-end|p2a: Mecha|Slow Start|[silent]\n|\n|upkeep\n|\n|t:|1699734680\n|switch|p2a: Dashy|Pidgeot, F, shiny|100\/100\n|-damage|p2a: Dashy|76\/100|[from] Stealth Rock\n|turn|24\n|\n|t:|1699734686\n|switch|p1a: 20th Century Boy|Ferrothorn, M, tera:Water|2\/100\n|detailschange|p2a: Dashy|Pidgeot-Mega, F, shiny\n|-mega|p2a: Dashy|Pidgeot|Pidgeotite\n|move|p2a: Dashy|Hurricane|p1a: 20th Century Boy\n|-damage|p1a: 20th Century Boy|0 fnt\n|faint|p1a: 20th Century Boy\n|\n|upkeep\n|\n|t:|1699734696\n|switch|p1a: Cut-Man|Kartana, shiny|87\/100 par\n|turn|25\n|\n|t:|1699734702\n|move|p2a: Dashy|Heat Wave|p1a: Cut-Man\n|-supereffective|p1a: Cut-Man\n|-damage|p1a: Cut-Man|0 fnt\n|faint|p1a: Cut-Man\n|\n|upkeep\n|\n|t:|1699734708\n|switch|p1a: Empress|Serperior, F|100\/100\n|turn|26\n|\n|t:|1699734717\n|move|p2a: Dashy|Hurricane|p1a: Empress\n|-supereffective|p1a: Empress\n|-damage|p1a: Empress|0 fnt\n|faint|p1a: Empress\n|\n|upkeep\n|\n|t:|1699734723\n|switch|p1a: Lechuga|Venusaur-Mega, M, shiny|34\/100\n|turn|27\n|\n|t:|1699734727\n|move|p2a: Dashy|Hurricane|p1a: Lechuga\n|-supereffective|p1a: Lechuga\n|-damage|p1a: Lechuga|0 fnt\n|faint|p1a: Lechuga\n|\n|upkeep\n|\n|t:|1699734732\n|switch|p1a: Saitama|Rillaboom, M|100\/100\n|-fieldstart|move: Grassy Terrain|[from] ability: Grassy Surge|[of] p1a: Saitama\n|turn|28\n|\n|t:|1699734738\n|move|p1a: Saitama|Fake Out|p2a: Dashy\n|-damage|p2a: Dashy|51\/100\n|-damage|p1a: Saitama|91\/100|[from] item: Life Orb\n|cant|p2a: Dashy|flinch\n|\n|-heal|p1a: Saitama|97\/100|[from] Grassy Terrain\n|upkeep\n|turn|29\n|\n|t:|1699734749\n|move|p1a: Saitama|Grassy Glide|p2a: Dashy\n|-resisted|p2a: Dashy\n|-damage|p2a: Dashy|19\/100\n|-damage|p1a: Saitama|87\/100|[from] item: Life Orb\n|move|p2a: Dashy|Roost|p2a: Dashy\n|-heal|p2a: Dashy|69\/100\n|-singleturn|p2a: Dashy|move: Roost\n|\n|-heal|p2a: Dashy|75\/100|[from] Grassy Terrain\n|-heal|p1a: Saitama|93\/100|[from] Grassy Terrain\n|upkeep\n|turn|30\n|\n|t:|1699734763\n|move|p1a: Saitama|Grassy Glide|p2a: Dashy\n|-resisted|p2a: Dashy\n|-damage|p2a: Dashy|40\/100\n|-damage|p1a: Saitama|83\/100|[from] item: Life Orb\n|move|p2a: Dashy|Hurricane|p1a: Saitama\n|-supereffective|p1a: Saitama\n|-crit|p1a: Saitama\n|-damage|p1a: Saitama|0 fnt\n|faint|p1a: Saitama\n|\n|win|Azu_CriticalXD\n","uploadtime":1699734785,"views":7,"p1id":"naranciass","p2id":"azucriticalxd","formatid":"gen9nationaldex","rating":0,"private":0,"password":""}