{"id":"gen9nationaldex-1991685293","p1":"lyn247","p2":"Richie2016","format":"[Gen 9] National Dex","log":"|j|\u2606lyn247\n|j|\u2606Richie2016\n|t:|1700102480\n|gametype|singles\n|player|p1|lyn247|lyra|1202\n|player|p2|Richie2016|cynthia|1202\n|teamsize|p1|6\n|teamsize|p2|6\n|gen|9\n|tier|[Gen 9] National Dex\n|rated|\n|rule|HP Percentage Mod: HP is shown in percentages\n|rule|Endless Battle Clause: Forcing endless battles is banned\n|rule|OHKO Clause: OHKO moves are banned\n|rule|Evasion Clause: Evasion abilities, items, and moves are banned\n|rule|Evasion Abilities Clause: Evasion abilities are banned\n|rule|Evasion Items Clause: Evasion items are banned\n|rule|Evasion Moves Clause: Evasion moves are banned\n|rule|Species Clause: Limit one of each Pok\u00e9mon\n|rule|Sleep Clause Mod: Limit one foe put to sleep\n|clearpoke\n|poke|p1|Golisopod, F|\n|poke|p1|Tapu Koko|\n|poke|p1|Typhlosion, M|\n|poke|p1|Manectric, M|\n|poke|p1|Torkoal, M|\n|poke|p1|Leafeon, F|\n|poke|p2|Gardevoir, F|\n|poke|p2|Milotic, F|\n|poke|p2|Moltres|\n|poke|p2|Rillaboom, F|\n|poke|p2|Gliscor, F|\n|poke|p2|Sneasler, F|\n|teampreview\n|\n|t:|1700102508\n|start\n|switch|p1a: Torkoal|Torkoal, M|100\/100\n|switch|p2a: Gliscor|Gliscor, F, shiny|100\/100\n|-weather|SunnyDay|[from] ability: Drought|[of] p1a: Torkoal\n|turn|1\n|\n|t:|1700102518\n|move|p2a: Gliscor|Stealth Rock|p1a: Torkoal\n|-sidestart|p1: lyn247|move: Stealth Rock\n|move|p1a: Torkoal|Lava Plume|p2a: Gliscor\n|-damage|p2a: Gliscor|66\/100\n|\n|-weather|SunnyDay|[upkeep]\n|-status|p2a: Gliscor|tox|[from] item: Toxic Orb\n|upkeep\n|turn|2\n|\n|t:|1700102526\n|move|p2a: Gliscor|Earthquake|p1a: Torkoal\n|-supereffective|p1a: Torkoal\n|-damage|p1a: Torkoal|59\/100\n|move|p1a: Torkoal|Lava Plume|p2a: Gliscor\n|-damage|p2a: Gliscor|29\/100 tox\n|\n|-weather|SunnyDay|[upkeep]\n|-heal|p2a: Gliscor|41\/100 tox|[from] ability: Poison Heal\n|upkeep\n|turn|3\n|inactive|Battle timer is ON: inactive players will automatically lose when time's up. (requested by Richie2016)\n|\n|t:|1700102536\n|move|p2a: Gliscor|Roost|p2a: Gliscor\n|-heal|p2a: Gliscor|91\/100 tox\n|-singleturn|p2a: Gliscor|move: Roost\n|move|p1a: Torkoal|Rapid Spin|p2a: Gliscor\n|-damage|p2a: Gliscor|83\/100 tox\n|-boost|p1a: Torkoal|spe|1\n|-sideend|p1: lyn247|Stealth Rock|[from] move: Rapid Spin|[of] p1a: Torkoal\n|\n|-weather|SunnyDay|[upkeep]\n|-heal|p2a: Gliscor|96\/100 tox|[from] ability: Poison Heal\n|upkeep\n|turn|4\n|\n|t:|1700102543\n|move|p2a: Gliscor|Earthquake|p1a: Torkoal\n|-supereffective|p1a: Torkoal\n|-damage|p1a: Torkoal|18\/100\n|move|p1a: Torkoal|Lava Plume|p2a: Gliscor\n|-damage|p2a: Gliscor|60\/100 tox\n|\n|-weather|SunnyDay|[upkeep]\n|-heal|p2a: Gliscor|73\/100 tox|[from] ability: Poison Heal\n|upkeep\n|turn|5\n|\n|t:|1700102555\n|move|p2a: Gliscor|Stealth Rock|p1a: Torkoal\n|-sidestart|p1: lyn247|move: Stealth Rock\n|move|p1a: Torkoal|Rapid Spin|p2a: Gliscor\n|-crit|p2a: Gliscor\n|-damage|p2a: Gliscor|62\/100 tox\n|-boost|p1a: Torkoal|spe|1\n|-sideend|p1: lyn247|Stealth Rock|[from] move: Rapid Spin|[of] p1a: Torkoal\n|\n|-weather|SunnyDay|[upkeep]\n|-heal|p2a: Gliscor|74\/100 tox|[from] ability: Poison Heal\n|upkeep\n|turn|6\n|\n|t:|1700102564\n|move|p2a: Gliscor|Stealth Rock|p1a: Torkoal\n|-sidestart|p1: lyn247|move: Stealth Rock\n|move|p1a: Torkoal|Rapid Spin|p2a: Gliscor\n|-damage|p2a: Gliscor|68\/100 tox\n|-boost|p1a: Torkoal|spe|1\n|-sideend|p1: lyn247|Stealth Rock|[from] move: Rapid Spin|[of] p1a: Torkoal\n|\n|-weather|SunnyDay|[upkeep]\n|-heal|p2a: Gliscor|80\/100 tox|[from] ability: Poison Heal\n|upkeep\n|turn|7\n|\n|t:|1700102570\n|move|p2a: Gliscor|Earthquake|p1a: Torkoal\n|-supereffective|p1a: Torkoal\n|-damage|p1a: Torkoal|0 fnt\n|faint|p1a: Torkoal\n|\n|-weather|SunnyDay|[upkeep]\n|-heal|p2a: Gliscor|93\/100 tox|[from] ability: Poison Heal\n|upkeep\n|\n|t:|1700102578\n|switch|p1a: Typhlosion|Typhlosion, M|100\/100\n|turn|8\n|\n|t:|1700102591\n|switch|p2a: Moltres|Moltres|100\/100\n|move|p1a: Typhlosion|Eruption|p2a: Moltres\n|-resisted|p2a: Moltres\n|-damage|p2a: Moltres|43\/100\n|\n|-weather|none\n|upkeep\n|turn|9\n|inactive|lyn247 has 120 seconds left.\n|\n|t:|1700102626\n|switch|p1a: Tapu Koko|Tapu Koko|100\/100\n|-fieldstart|move: Electric Terrain|[from] ability: Electric Surge|[of] p1a: Tapu Koko\n|switch|p2a: Gliscor|Gliscor, F, shiny|93\/100 tox\n|\n|-heal|p2a: Gliscor|100\/100 tox|[from] ability: Poison Heal\n|upkeep\n|turn|10\n|\n|t:|1700102634\n|move|p1a: Tapu Koko|Iron Head|p2a: Gliscor\n|-damage|p2a: Gliscor|79\/100 tox\n|cant|p2a: Gliscor|flinch\n|\n|-heal|p2a: Gliscor|91\/100 tox|[from] ability: Poison Heal\n|upkeep\n|turn|11\n|\n|t:|1700102638\n|move|p1a: Tapu Koko|Iron Head|p2a: Gliscor\n|-damage|p2a: Gliscor|69\/100 tox\n|move|p2a: Gliscor|Stealth Rock|p1a: Tapu Koko\n|-sidestart|p1: lyn247|move: Stealth Rock\n|\n|-heal|p2a: Gliscor|81\/100 tox|[from] ability: Poison Heal\n|upkeep\n|turn|12\n|\n|t:|1700102645\n|move|p1a: Tapu Koko|Iron Head|p2a: Gliscor\n|-damage|p2a: Gliscor|59\/100 tox\n|move|p2a: Gliscor|Earthquake|p1a: Tapu Koko\n|-supereffective|p1a: Tapu Koko\n|-damage|p1a: Tapu Koko|17\/100\n|\n|-heal|p2a: Gliscor|71\/100 tox|[from] ability: Poison Heal\n|upkeep\n|turn|13\n|\n|t:|1700102651\n|move|p1a: Tapu Koko|Defog|p2a: Gliscor\n|-unboost|p2a: Gliscor|evasion|1\n|-sideend|p1: lyn247|Stealth Rock|[from] move: Defog|[of] p1a: Tapu Koko\n|-fieldend|move: Electric Terrain\n|move|p2a: Gliscor|Roost|p2a: Gliscor\n|-heal|p2a: Gliscor|100\/100 tox\n|-singleturn|p2a: Gliscor|move: Roost\n|\n|upkeep\n|turn|14\n|\n|t:|1700102664\n|switch|p1a: Golisopod|Golisopod, F|100\/100\n|move|p2a: Gliscor|Earthquake|p1a: Golisopod\n|-resisted|p1a: Golisopod\n|-damage|p1a: Golisopod|89\/100\n|\n|upkeep\n|turn|15\n|\n|t:|1700102679\n|move|p2a: Gliscor|Toxic|p1a: Golisopod\n|-status|p1a: Golisopod|tox\n|move|p1a: Golisopod|Liquidation|p2a: Gliscor\n|-supereffective|p2a: Gliscor\n|-damage|p2a: Gliscor|0 fnt\n|faint|p2a: Gliscor\n|\n|-damage|p1a: Golisopod|83\/100 tox|[from] psn\n|upkeep\n|\n|t:|1700102697\n|switch|p2a: Rillaboom|Rillaboom, F, shiny|100\/100\n|-fieldstart|move: Grassy Terrain|[from] ability: Grassy Surge|[of] p2a: Rillaboom\n|turn|16\n|\n|t:|1700102720\n|switch|p1a: Tapu Koko|Tapu Koko|17\/100\n|-fieldstart|move: Electric Terrain|[from] ability: Electric Surge|[of] p1a: Tapu Koko\n|move|p2a: Rillaboom|Knock Off|p1a: Tapu Koko\n|-resisted|p1a: Tapu Koko\n|-damage|p1a: Tapu Koko|0 fnt\n|-enditem|p1a: Tapu Koko|Terrain Extender|[from] move: Knock Off|[of] p2a: Rillaboom\n|faint|p1a: Tapu Koko\n|\n|upkeep\n|inactive|lyn247 has 120 seconds left.\n|\n|t:|1700102738\n|switch|p1a: Golisopod|Golisopod, F|83\/100 tox\n|turn|17\n|\n|t:|1700102745\n|switch|p2a: Moltres|Moltres|43\/100\n|move|p1a: Golisopod|First Impression|p2a: Moltres\n|-resisted|p2a: Moltres\n|-damage|p2a: Moltres|28\/100\n|\n|-damage|p1a: Golisopod|77\/100 tox|[from] psn\n|upkeep\n|turn|18\n|\n|t:|1700102756\n|switch|p2a: Milotic|Milotic, F|100\/100\n|switch|p1a: Typhlosion|Typhlosion, M|100\/100\n|\n|upkeep\n|turn|19\n|\n|t:|1700102768\n|switch|p1a: Leafeon|Leafeon, F|100\/100\n|move|p2a: Milotic|Flip Turn|p1a: Leafeon\n|-resisted|p1a: Leafeon\n|-damage|p1a: Leafeon|95\/100\n|\n|t:|1700102775\n|switch|p2a: Rillaboom|Rillaboom, F, shiny|100\/100|[from] Flip Turn\n|-fieldstart|move: Grassy Terrain|[from] ability: Grassy Surge|[of] p2a: Rillaboom\n|\n|-heal|p1a: Leafeon|100\/100|[from] Grassy Terrain\n|upkeep\n|turn|20\n|inactive|lyn247 has 120 seconds left.\n|\n|t:|1700102814\n|move|p1a: Leafeon|Heal Bell|p1a: Leafeon\n|-activate|p1a: Leafeon|move: Heal Bell\n|-curestatus|p1: Golisopod|tox|[msg]\n|move|p2a: Rillaboom|U-turn|p1a: Leafeon\n|-supereffective|p1a: Leafeon\n|-damage|p1a: Leafeon|16\/100\n|\n|t:|1700102827\n|switch|p2a: Gardevoir|Gardevoir, F, shiny|100\/100|[from] U-turn\n|-ability|p2a: Gardevoir|Chlorophyll|[from] ability: Trace|[of] p1a: Leafeon\n|\n|-heal|p1a: Leafeon|22\/100|[from] Grassy Terrain\n|upkeep\n|turn|21\n|inactive|lyn247 has 120 seconds left.\n|\n|t:|1700102851\n|switch|p1a: Typhlosion|Typhlosion, M|100\/100\n|detailschange|p2a: Gardevoir|Gardevoir-Mega, F, shiny\n|-mega|p2a: Gardevoir|Gardevoir|Gardevoirite\n|move|p2a: Gardevoir|Psychic|p1a: Typhlosion\n|-damage|p1a: Typhlosion|24\/100\n|\n|-heal|p1a: Typhlosion|30\/100|[from] Grassy Terrain\n|upkeep\n|turn|22\n|\n|t:|1700102863\n|move|p1a: Typhlosion|Lava Plume|p2a: Gardevoir\n|-damage|p2a: Gardevoir|59\/100\n|move|p2a: Gardevoir|Psychic|p1a: Typhlosion\n|-damage|p1a: Typhlosion|0 fnt\n|faint|p1a: Typhlosion\n|\n|-heal|p2a: Gardevoir|65\/100|[from] Grassy Terrain\n|upkeep\n|inactive|lyn247 has 120 seconds left.\n|\n|t:|1700102879\n|switch|p1a: Golisopod|Golisopod, F|77\/100\n|turn|23\n|inactive|lyn247 has 90 seconds left.\n|inactive|lyn247 has 60 seconds left.\n|\n|t:|1700102943\n|switch|p2a: Moltres|Moltres|28\/100\n|move|p1a: Golisopod|Liquidation|p2a: Moltres\n|-supereffective|p2a: Moltres\n|-damage|p2a: Moltres|0 fnt\n|faint|p2a: Moltres\n|\n|-heal|p1a: Golisopod|83\/100|[from] Grassy Terrain\n|-fieldend|move: Grassy Terrain\n|upkeep\n|\n|t:|1700102950\n|switch|p2a: Rillaboom|Rillaboom, F, shiny|100\/100\n|-fieldstart|move: Grassy Terrain|[from] ability: Grassy Surge|[of] p2a: Rillaboom\n|turn|24\n|inactive|lyn247 has 60 seconds left.\n|\n|t:|1700102975\n|switch|p1a: Leafeon|Leafeon, F|22\/100\n|move|p2a: Rillaboom|Wood Hammer|p1a: Leafeon\n|-resisted|p1a: Leafeon\n|-crit|p1a: Leafeon\n|-damage|p1a: Leafeon|0 fnt\n|faint|p1a: Leafeon\n|-damage|p2a: Rillaboom|95\/100|[from] Recoil\n|\n|-heal|p2a: Rillaboom|100\/100|[from] Grassy Terrain\n|upkeep\n|\n|t:|1700102988\n|switch|p1a: Manectric|Manectric, M|100\/100\n|turn|25\n|\n|t:|1700102992\n|detailschange|p1a: Manectric|Manectric-Mega, M\n|-mega|p1a: Manectric|Manectric|Manectite\n|-ability|p1a: Manectric|Intimidate|boost\n|-unboost|p2a: Rillaboom|atk|1\n|move|p1a: Manectric|Flamethrower|p2a: Rillaboom\n|-supereffective|p2a: Rillaboom\n|-damage|p2a: Rillaboom|20\/100\n|move|p2a: Rillaboom|Wood Hammer|p1a: Manectric\n|-damage|p1a: Manectric|0 fnt\n|faint|p1a: Manectric\n|-damage|p2a: Rillaboom|0 fnt|[from] Recoil\n|faint|p2a: Rillaboom\n|\n|upkeep\n|inactive|lyn247 has 60 seconds left.\n|\n|t:|1700103008\n|switch|p1a: Golisopod|Golisopod, F|83\/100\n|switch|p2a: Milotic|Milotic, F|100\/100\n|turn|26\n|\n|t:|1700103015\n|-terastallize|p2a: Milotic|Steel\n|move|p2a: Milotic|Toxic|p1a: Golisopod\n|-status|p1a: Golisopod|tox\n|move|p1a: Golisopod|Leech Life|p2a: Milotic\n|-resisted|p2a: Milotic\n|-damage|p2a: Milotic|74\/100\n|-heal|p1a: Golisopod|100\/100 tox|[from] drain|[of] p2a: Milotic\n|\n|-heal|p2a: Milotic|80\/100|[from] Grassy Terrain\n|-heal|p2a: Milotic|86\/100|[from] item: Leftovers\n|-damage|p1a: Golisopod|94\/100 tox|[from] psn\n|upkeep\n|turn|27\n|\n|t:|1700103024\n|-terastallize|p1a: Golisopod|Bug\n|move|p2a: Milotic|Flip Turn|p1a: Golisopod\n|-damage|p1a: Golisopod|85\/100 tox\n|\n|t:|1700103029\n|switch|p2a: Sneasler|Sneasler, F, shiny|100\/100|[from] Flip Turn\n|-enditem|p2a: Sneasler|Grassy Seed\n|-boost|p2a: Sneasler|def|1|[from] item: Grassy Seed\n|move|p1a: Golisopod|Leech Life|p2a: Sneasler\n|-resisted|p2a: Sneasler\n|-damage|p2a: Sneasler|76\/100\n|-heal|p1a: Golisopod|98\/100 tox|[from] drain|[of] p2a: Sneasler\n|\n|-heal|p2a: Sneasler|82\/100|[from] Grassy Terrain\n|-heal|p1a: Golisopod|100\/100 tox|[from] Grassy Terrain\n|-damage|p1a: Golisopod|88\/100 tox|[from] psn\n|upkeep\n|turn|28\n|\n|t:|1700103038\n|move|p2a: Sneasler|Acrobatics|p1a: Golisopod\n|-supereffective|p1a: Golisopod\n|-damage|p1a: Golisopod|29\/100 tox\n|move|p1a: Golisopod|Leech Life|p2a: Sneasler\n|-resisted|p2a: Sneasler\n|-damage|p2a: Sneasler|58\/100\n|-heal|p1a: Golisopod|41\/100 tox|[from] drain|[of] p2a: Sneasler\n|\n|-heal|p2a: Sneasler|64\/100|[from] Grassy Terrain\n|-heal|p1a: Golisopod|48\/100 tox|[from] Grassy Terrain\n|-damage|p1a: Golisopod|29\/100 tox|[from] psn\n|-fieldend|move: Grassy Terrain\n|upkeep\n|turn|29\n|\n|t:|1700103046\n|move|p2a: Sneasler|Acrobatics|p1a: Golisopod\n|-supereffective|p1a: Golisopod\n|-damage|p1a: Golisopod|0 fnt\n|faint|p1a: Golisopod\n|\n|win|Richie2016\n|raw|lyn247's rating: 1202 &rarr; <strong>1177<\/strong><br \/>(-25 for losing)\n|raw|Richie2016's rating: 1202 &rarr; <strong>1227<\/strong><br \/>(+25 for winning)\n|l|\u2606lyn247\n","uploadtime":1700103077,"views":4,"p1id":"lyn247","p2id":"richie2016","formatid":"gen9nationaldex","rating":1177,"private":0,"password":""}