{"id":"gen9nationaldex-1988096351","p1":"JWZ456","p2":"yunhaiyue","format":"[Gen 9] National Dex","log":"|j|\u203dJWZ456\n|j|\u2606yunhaiyue\n|t:|1699669049\n|gametype|singles\n|player|p1|JWZ456|2|1463\n|player|p2|yunhaiyue|ghetsis-gen5bw|1498\n|teamsize|p1|6\n|teamsize|p2|6\n|gen|9\n|tier|[Gen 9] National Dex\n|rated|\n|rule|HP Percentage Mod: HP is shown in percentages\n|rule|Endless Battle Clause: Forcing endless battles is banned\n|rule|OHKO Clause: OHKO moves are banned\n|rule|Evasion Clause: Evasion abilities, items, and moves are banned\n|rule|Evasion Abilities Clause: Evasion abilities are banned\n|rule|Evasion Items Clause: Evasion items are banned\n|rule|Evasion Moves Clause: Evasion moves are banned\n|rule|Species Clause: Limit one of each Pok\u00e9mon\n|rule|Sleep Clause Mod: Limit one foe put to sleep\n|clearpoke\n|poke|p1|Alomomola, M|\n|poke|p1|Breloom, F|\n|poke|p1|Aegislash, M|\n|poke|p1|Rotom-Heat|\n|poke|p1|Enamorus, F|\n|poke|p1|Tyranitar, F|\n|poke|p2|Alomomola, M|\n|poke|p2|Scizor, M|\n|poke|p2|Skeledirge, F|\n|poke|p2|Corviknight, M|\n|poke|p2|Garchomp, M|\n|poke|p2|Zamazenta-*|\n|teampreview\n|inactive|Battle timer is ON: inactive players will automatically lose when time's up. (requested by yunhaiyue)\n|\n|t:|1699669057\n|start\n|switch|p1a: Tyranitar|Tyranitar, F|100\/100\n|switch|p2a: Garchomp|Garchomp, M|100\/100\n|-weather|Sandstorm|[from] ability: Sand Stream|[of] p1a: Tyranitar\n|turn|1\n|\n|t:|1699669062\n|switch|p1a: Alomomola|Alomomola, M, shiny|100\/100\n|move|p2a: Garchomp|Stealth Rock|p1a: Alomomola\n|-sidestart|p1: JWZ456|move: Stealth Rock\n|\n|-weather|Sandstorm|[upkeep]\n|-damage|p1a: Alomomola|94\/100|[from] Sandstorm\n|upkeep\n|turn|2\n|\n|t:|1699669070\n|switch|p2a: Corviknight|Corviknight, M|100\/100\n|-ability|p2a: Corviknight|Pressure\n|move|p1a: Alomomola|Flip Turn|p2a: Corviknight\n|-damage|p2a: Corviknight|87\/100\n|\n|t:|1699669073\n|switch|p1a: Rotom|Rotom-Heat|100\/100|[from] Flip Turn\n|\n|-weather|Sandstorm|[upkeep]\n|-damage|p1a: Rotom|95\/100|[from] Sandstorm\n|upkeep\n|turn|3\n|\n|t:|1699669078\n|switch|p2a: Garchomp|Garchomp, M|100\/100\n|move|p1a: Rotom|Defog|p2a: Garchomp\n|-unboost|p2a: Garchomp|evasion|1\n|-sideend|p1: JWZ456|Stealth Rock|[from] move: Defog|[of] p1a: Rotom\n|\n|-weather|Sandstorm|[upkeep]\n|-damage|p1a: Rotom|89\/100|[from] Sandstorm\n|upkeep\n|turn|4\n|\n|t:|1699669085\n|switch|p1a: Enamorus|Enamorus, F|100\/100\n|move|p2a: Garchomp|Stealth Rock|p1a: Enamorus\n|-sidestart|p1: JWZ456|move: Stealth Rock\n|\n|-weather|Sandstorm|[upkeep]\n|-damage|p1a: Enamorus|94\/100|[from] Sandstorm\n|upkeep\n|turn|5\n|\n|t:|1699669090\n|switch|p2a: Corviknight|Corviknight, M|87\/100\n|-ability|p2a: Corviknight|Pressure\n|move|p1a: Enamorus|Moonblast|p2a: Corviknight\n|-resisted|p2a: Corviknight\n|-damage|p2a: Corviknight|61\/100\n|\n|-weather|none\n|upkeep\n|turn|6\n|\n|t:|1699669098\n|switch|p1a: Rotom|Rotom-Heat|89\/100\n|move|p2a: Corviknight|U-turn|p1a: Rotom\n|-resisted|p1a: Rotom\n|-damage|p1a: Rotom|82\/100\n|\n|t:|1699669101\n|switch|p2a: Zamazenta|Zamazenta|100\/100|[from] U-turn\n|-ability|p2a: Zamazenta|Dauntless Shield|boost\n|-boost|p2a: Zamazenta|def|1\n|\n|upkeep\n|turn|7\n|\n|t:|1699669108\n|switch|p1a: Aegislash|Aegislash, M|100\/100\n|-damage|p1a: Aegislash|94\/100|[from] Stealth Rock\n|move|p2a: Zamazenta|Crunch|p1a: Aegislash\n|-supereffective|p1a: Aegislash\n|-damage|p1a: Aegislash|29\/100\n|\n|-heal|p1a: Aegislash|35\/100|[from] item: Leftovers\n|upkeep\n|turn|8\n|\n|t:|1699669119\n|switch|p2a: Alomomola|Alomomola, M|100\/100\n|move|p1a: Aegislash|King's Shield||[still]\n|-fail|p1a: Aegislash\n|\n|-heal|p1a: Aegislash|41\/100|[from] item: Leftovers\n|upkeep\n|turn|9\n|\n|t:|1699669127\n|switch|p1a: Alomomola|Alomomola, M, shiny|100\/100\n|-damage|p1a: Alomomola|88\/100|[from] Stealth Rock\n|move|p2a: Alomomola|Wish|p2a: Alomomola\n|\n|upkeep\n|turn|10\n|\n|t:|1699669132\n|move|p2a: Alomomola|Toxic|p1a: Alomomola\n|-status|p1a: Alomomola|tox\n|move|p1a: Alomomola|Toxic|p2a: Alomomola\n|-status|p2a: Alomomola|tox\n|\n|-damage|p2a: Alomomola|94\/100 tox|[from] psn\n|-damage|p1a: Alomomola|82\/100 tox|[from] psn\n|upkeep\n|turn|11\n|\n|t:|1699669138\n|move|p2a: Alomomola|Wish|p2a: Alomomola\n|move|p1a: Alomomola|Wish|p1a: Alomomola\n|\n|-damage|p2a: Alomomola|82\/100 tox|[from] psn\n|-damage|p1a: Alomomola|70\/100 tox|[from] psn\n|upkeep\n|turn|12\n|\n|t:|1699669145\n|move|p2a: Alomomola|Flip Turn|p1a: Alomomola\n|-resisted|p1a: Alomomola\n|-damage|p1a: Alomomola|65\/100 tox\n|-damage|p2a: Alomomola|65\/100 tox|[from] item: Rocky Helmet|[of] p1a: Alomomola\n|\n|t:|1699669148\n|switch|p2a: Corviknight|Corviknight, M|61\/100|[from] Flip Turn\n|-ability|p2a: Corviknight|Pressure\n|move|p1a: Alomomola|Flip Turn|p2a: Corviknight\n|-damage|p2a: Corviknight|48\/100\n|\n|t:|1699669157\n|switch|p1a: Aegislash|Aegislash, M|41\/100|[from] Flip Turn\n|-damage|p1a: Aegislash|35\/100|[from] Stealth Rock\n|\n|-heal|p2a: Corviknight|100\/100|[from] move: Wish|[wisher] Alomomola\n|-heal|p1a: Aegislash|100\/100|[from] move: Wish|[wisher] Alomomola\n|upkeep\n|turn|13\n|\n|t:|1699669168\n|switch|p2a: Garchomp|Garchomp, M|100\/100\n|move|p1a: Aegislash|Substitute|p1a: Aegislash\n|-start|p1a: Aegislash|Substitute\n|-damage|p1a: Aegislash|76\/100\n|\n|-heal|p1a: Aegislash|82\/100|[from] item: Leftovers\n|upkeep\n|turn|14\n|\n|t:|1699669175\n|move|p2a: Garchomp|Earthquake|p1a: Aegislash\n|-supereffective|p1a: Aegislash\n|-end|p1a: Aegislash|Substitute\n|-damage|p2a: Garchomp|91\/100|[from] item: Life Orb\n|-formechange|p1a: Aegislash|Aegislash-Blade||[from] ability: Stance Change\n|move|p1a: Aegislash|Shadow Ball|p2a: Garchomp\n|-damage|p2a: Garchomp|47\/100\n|\n|-heal|p1a: Aegislash|88\/100|[from] item: Leftovers\n|upkeep\n|turn|15\n|\n|t:|1699669181\n|switch|p1a: Rotom|Rotom-Heat|82\/100\n|move|p2a: Garchomp|Fire Blast|p1a: Rotom\n|-resisted|p1a: Rotom\n|-damage|p1a: Rotom|67\/100\n|-damage|p2a: Garchomp|37\/100|[from] item: Life Orb\n|\n|upkeep\n|turn|16\n|\n|t:|1699669185\n|move|p2a: Garchomp|Draco Meteor|p1a: Rotom\n|-damage|p1a: Rotom|15\/100\n|-unboost|p2a: Garchomp|spa|2\n|-damage|p2a: Garchomp|27\/100|[from] item: Life Orb\n|move|p1a: Rotom|Defog|p2a: Garchomp\n|-unboost|p2a: Garchomp|evasion|1\n|-sideend|p1: JWZ456|Stealth Rock|[from] move: Defog|[of] p1a: Rotom\n|\n|upkeep\n|turn|17\n|inactive|JWZ456 has 120 seconds left.\n|\n|t:|1699669217\n|switch|p1a: Enamorus|Enamorus, F|94\/100\n|move|p2a: Garchomp|Stealth Rock|p1a: Enamorus\n|-sidestart|p1: JWZ456|move: Stealth Rock\n|\n|upkeep\n|turn|18\n|\n|t:|1699669223\n|switch|p2a: Corviknight|Corviknight, M|100\/100\n|-ability|p2a: Corviknight|Pressure\n|move|p1a: Enamorus|Mystical Fire|p2a: Corviknight\n|-supereffective|p2a: Corviknight\n|-damage|p2a: Corviknight|42\/100\n|-unboost|p2a: Corviknight|spa|1\n|\n|upkeep\n|turn|19\n|inactive|JWZ456 has 120 seconds left.\n|\n|t:|1699669240\n|switch|p1a: Rotom|Rotom-Heat|15\/100\n|switch|p2a: Alomomola|Alomomola, M|99\/100 tox\n|\n|-damage|p2a: Alomomola|92\/100 tox|[from] psn\n|upkeep\n|turn|20\n|\n|t:|1699669247\n|move|p1a: Rotom|Pain Split|p2a: Alomomola\n|-sethp|p2a: Alomomola|51\/100 tox|[from] move: Pain Split|[silent]\n|-sethp|p1a: Rotom|89\/100|[from] move: Pain Split\n|move|p2a: Alomomola|Flip Turn|p1a: Rotom\n|-supereffective|p1a: Rotom\n|-damage|p1a: Rotom|55\/100\n|\n|t:|1699669259\n|switch|p2a: Zamazenta|Zamazenta|100\/100|[from] Flip Turn\n|\n|upkeep\n|turn|21\n|\n|t:|1699669271\n|switch|p1a: Alomomola|Alomomola, M, shiny|98\/100 tox\n|-damage|p1a: Alomomola|86\/100 tox|[from] Stealth Rock\n|move|p2a: Zamazenta|Crunch|p1a: Alomomola\n|-damage|p1a: Alomomola|64\/100 tox\n|-damage|p2a: Zamazenta|84\/100|[from] item: Rocky Helmet|[of] p1a: Alomomola\n|\n|-damage|p1a: Alomomola|58\/100 tox|[from] psn\n|upkeep\n|turn|22\n|\n|t:|1699669277\n|switch|p2a: Alomomola|Alomomola, M|84\/100 tox\n|move|p1a: Alomomola|Flip Turn|p2a: Alomomola\n|-resisted|p2a: Alomomola\n|-crit|p2a: Alomomola\n|-damage|p2a: Alomomola|77\/100 tox\n|-damage|p1a: Alomomola|41\/100 tox|[from] item: Rocky Helmet|[of] p2a: Alomomola\n|\n|t:|1699669282\n|switch|p1a: Rotom|Rotom-Heat|55\/100|[from] Flip Turn\n|\n|-damage|p2a: Alomomola|71\/100 tox|[from] psn\n|upkeep\n|turn|23\n|\n|t:|1699669285\n|move|p1a: Rotom|Defog|p2a: Alomomola\n|-unboost|p2a: Alomomola|evasion|1\n|-sideend|p1: JWZ456|Stealth Rock|[from] move: Defog|[of] p1a: Rotom\n|move|p2a: Alomomola|Wish|p2a: Alomomola\n|\n|-damage|p2a: Alomomola|58\/100 tox|[from] psn\n|upkeep\n|turn|24\n|\n|t:|1699669294\n|switch|p1a: Alomomola|Alomomola, M, shiny|75\/100 tox\n|switch|p2a: Garchomp|Garchomp, M|27\/100\n|\n|-heal|p2a: Garchomp|100\/100|[from] move: Wish|[wisher] Alomomola\n|-damage|p1a: Alomomola|68\/100 tox|[from] psn\n|upkeep\n|turn|25\n|\n|t:|1699669300\n|switch|p2a: Corviknight|Corviknight, M|42\/100\n|-ability|p2a: Corviknight|Pressure\n|move|p1a: Alomomola|Toxic|p2a: Corviknight\n|-immune|p2a: Corviknight\n|\n|-damage|p1a: Alomomola|56\/100 tox|[from] psn\n|upkeep\n|turn|26\n|\n|t:|1699669309\n|move|p2a: Corviknight|Roost|p2a: Corviknight\n|-heal|p2a: Corviknight|92\/100\n|-singleturn|p2a: Corviknight|move: Roost\n|move|p1a: Alomomola|Wish|p1a: Alomomola\n|\n|-damage|p1a: Alomomola|38\/100 tox|[from] psn\n|upkeep\n|turn|27\n|\n|t:|1699669320\n|switch|p2a: Garchomp|Garchomp, M|100\/100\n|move|p1a: Alomomola|Flip Turn|p2a: Garchomp\n|-damage|p2a: Garchomp|85\/100\n|-damage|p1a: Alomomola|25\/100 tox|[from] ability: Rough Skin|[of] p2a: Garchomp\n|\n|t:|1699669331\n|switch|p1a: Enamorus|Enamorus, F|94\/100|[from] Flip Turn\n|\n|-heal|p1a: Enamorus|100\/100|[from] move: Wish|[wisher] Alomomola\n|upkeep\n|turn|28\n|\n|t:|1699669343\n|switch|p2a: Skeledirge|Skeledirge, F|100\/100\n|move|p1a: Enamorus|Moonblast|p2a: Skeledirge\n|-resisted|p2a: Skeledirge\n|-crit|p2a: Skeledirge\n|-damage|p2a: Skeledirge|62\/100\n|-unboost|p2a: Skeledirge|spa|1\n|\n|upkeep\n|turn|29\n|\n|t:|1699669351\n|switch|p1a: Tyranitar|Tyranitar, F|100\/100\n|-weather|Sandstorm|[from] ability: Sand Stream|[of] p1a: Tyranitar\n|move|p2a: Skeledirge|Will-O-Wisp|p1a: Tyranitar\n|-status|p1a: Tyranitar|brn\n|\n|-weather|Sandstorm|[upkeep]\n|-damage|p2a: Skeledirge|56\/100|[from] Sandstorm\n|-damage|p1a: Tyranitar|94\/100 brn|[from] brn\n|upkeep\n|turn|30\n|\n|t:|1699669359\n|switch|p2a: Alomomola|Alomomola, M|92\/100 tox\n|detailschange|p1a: Tyranitar|Tyranitar-Mega, F\n|-mega|p1a: Tyranitar|Tyranitar|Tyranitarite\n|move|p1a: Tyranitar|Stealth Rock|p2a: Alomomola\n|-sidestart|p2: yunhaiyue|move: Stealth Rock\n|\n|-weather|Sandstorm|[upkeep]\n|-damage|p2a: Alomomola|85\/100 tox|[from] Sandstorm\n|-damage|p2a: Alomomola|79\/100 tox|[from] psn\n|-damage|p1a: Tyranitar|88\/100 brn|[from] brn\n|upkeep\n|turn|31\n|\n|t:|1699669366\n|move|p1a: Tyranitar|Knock Off|p2a: Alomomola\n|-damage|p2a: Alomomola|65\/100 tox\n|-damage|p1a: Tyranitar|72\/100 brn|[from] item: Rocky Helmet|[of] p2a: Alomomola\n|-enditem|p2a: Alomomola|Rocky Helmet|[from] move: Knock Off|[of] p1a: Tyranitar\n|move|p2a: Alomomola|Wish|p2a: Alomomola\n|\n|-weather|Sandstorm|[upkeep]\n|-damage|p2a: Alomomola|59\/100 tox|[from] Sandstorm\n|-damage|p2a: Alomomola|46\/100 tox|[from] psn\n|-damage|p1a: Tyranitar|65\/100 brn|[from] brn\n|upkeep\n|turn|32\n|\n|t:|1699669377\n|switch|p1a: Aegislash|Aegislash, M|88\/100\n|move|p2a: Alomomola|Flip Turn|p1a: Aegislash\n|-damage|p1a: Aegislash|75\/100\n|\n|t:|1699669381\n|switch|p2a: Skeledirge|Skeledirge, F|56\/100|[from] Flip Turn\n|\n|-weather|Sandstorm|[upkeep]\n|-damage|p2a: Skeledirge|50\/100|[from] Sandstorm\n|-heal|p2a: Skeledirge|100\/100|[from] move: Wish|[wisher] Alomomola\n|-heal|p1a: Aegislash|81\/100|[from] item: Leftovers\n|upkeep\n|turn|33\n|\n|t:|1699669390\n|switch|p1a: Tyranitar|Tyranitar-Mega, F|65\/100 brn\n|move|p2a: Skeledirge|Torch Song|p1a: Tyranitar\n|-resisted|p1a: Tyranitar\n|-damage|p1a: Tyranitar|58\/100 brn\n|-boost|p2a: Skeledirge|spa|1\n|\n|-weather|none\n|-damage|p1a: Tyranitar|52\/100 brn|[from] brn\n|upkeep\n|turn|34\n|\n|t:|1699669401\n|switch|p2a: Alomomola|Alomomola, M|80\/100 tox\n|-damage|p2a: Alomomola|67\/100 tox|[from] Stealth Rock\n|move|p1a: Tyranitar|Knock Off|p2a: Alomomola\n|-damage|p2a: Alomomola|58\/100 tox\n|\n|-damage|p2a: Alomomola|52\/100 tox|[from] psn\n|-damage|p1a: Tyranitar|46\/100 brn|[from] brn\n|upkeep\n|turn|35\n|\n|t:|1699669409\n|switch|p1a: Enamorus|Enamorus, F|100\/100\n|move|p2a: Alomomola|Wish|p2a: Alomomola\n|\n|-damage|p2a: Alomomola|39\/100 tox|[from] psn\n|upkeep\n|turn|36\n|\n|t:|1699669420\n|move|p2a: Alomomola|Protect|p2a: Alomomola\n|-singleturn|p2a: Alomomola|Protect\n|move|p1a: Enamorus|Earth Power|p2a: Alomomola\n|-activate|p2a: Alomomola|move: Protect\n|\n|-heal|p2a: Alomomola|89\/100 tox|[from] move: Wish|[wisher] Alomomola\n|-damage|p2a: Alomomola|71\/100 tox|[from] psn\n|upkeep\n|turn|37\n|\n|t:|1699669428\n|switch|p1a: Rotom|Rotom-Heat|55\/100\n|move|p2a: Alomomola|Wish|p2a: Alomomola\n|\n|-damage|p2a: Alomomola|46\/100 tox|[from] psn\n|upkeep\n|turn|38\n|\n|t:|1699669435\n|switch|p1a: Enamorus|Enamorus, F|100\/100\n|move|p2a: Alomomola|Protect||[still]\n|-fail|p2a: Alomomola\n|\n|-heal|p2a: Alomomola|96\/100 tox|[from] move: Wish|[wisher] Alomomola\n|-damage|p2a: Alomomola|65\/100 tox|[from] psn\n|upkeep\n|turn|39\n|\n|t:|1699669450\n|move|p2a: Alomomola|Protect|p2a: Alomomola\n|-singleturn|p2a: Alomomola|Protect\n|move|p1a: Enamorus|Moonblast|p2a: Alomomola\n|-activate|p2a: Alomomola|move: Protect\n|\n|-damage|p2a: Alomomola|28\/100 tox|[from] psn\n|upkeep\n|turn|40\n|\n|t:|1699669465\n|switch|p1a: Rotom|Rotom-Heat|55\/100\n|switch|p2a: Scizor|Scizor, M|100\/100\n|-damage|p2a: Scizor|88\/100|[from] Stealth Rock\n|\n|upkeep\n|turn|41\n|\n|t:|1699669471\n|switch|p2a: Garchomp|Garchomp, M|85\/100\n|-damage|p2a: Garchomp|79\/100|[from] Stealth Rock\n|move|p1a: Rotom|Overheat|p2a: Garchomp\n|-resisted|p2a: Garchomp\n|-damage|p2a: Garchomp|48\/100\n|-unboost|p1a: Rotom|spa|2\n|\n|upkeep\n|turn|42\n|\n|t:|1699669480\n|switch|p1a: Enamorus|Enamorus, F|100\/100\n|move|p2a: Garchomp|Stealth Rock|p1a: Enamorus\n|-sidestart|p1: JWZ456|move: Stealth Rock\n|\n|upkeep\n|turn|43\n|\n|t:|1699669489\n|switch|p2a: Alomomola|Alomomola, M|62\/100 tox\n|-damage|p2a: Alomomola|49\/100 tox|[from] Stealth Rock\n|move|p1a: Enamorus|Mystical Fire|p2a: Alomomola\n|-resisted|p2a: Alomomola\n|-damage|p2a: Alomomola|27\/100 tox\n|-unboost|p2a: Alomomola|spa|1\n|\n|-damage|p2a: Alomomola|20\/100 tox|[from] psn\n|upkeep\n|turn|44\n|\n|t:|1699669502\n|switch|p2a: Zamazenta|Zamazenta|84\/100\n|-damage|p2a: Zamazenta|78\/100|[from] Stealth Rock\n|move|p1a: Enamorus|Mystical Fire|p2a: Zamazenta\n|-damage|p2a: Zamazenta|43\/100\n|-unboost|p2a: Zamazenta|spa|1\n|\n|upkeep\n|turn|45\n|\n|t:|1699669511\n|switch|p1a: Alomomola|Alomomola, M, shiny|59\/100 tox\n|-damage|p1a: Alomomola|46\/100 tox|[from] Stealth Rock\n|move|p2a: Zamazenta|Close Combat|p1a: Alomomola\n|-damage|p1a: Alomomola|0 fnt\n|-unboost|p2a: Zamazenta|def|1\n|-unboost|p2a: Zamazenta|spd|1\n|-damage|p2a: Zamazenta|27\/100|[from] item: Rocky Helmet|[of] p1a: Alomomola\n|faint|p1a: Alomomola\n|\n|upkeep\n|\n|t:|1699669534\n|switch|p1a: Enamorus|Enamorus, F|100\/100\n|-damage|p1a: Enamorus|76\/100|[from] Stealth Rock\n|turn|46\n|\n|t:|1699669546\n|switch|p2a: Corviknight|Corviknight, M|92\/100\n|-ability|p2a: Corviknight|Pressure\n|move|p1a: Enamorus|Moonblast|p2a: Corviknight\n|-resisted|p2a: Corviknight\n|-damage|p2a: Corviknight|65\/100\n|\n|upkeep\n|turn|47\n|\n|t:|1699669565\n|move|p1a: Enamorus|Moonblast|p2a: Corviknight\n|-resisted|p2a: Corviknight\n|-damage|p2a: Corviknight|40\/100\n|move|p2a: Corviknight|Roost|p2a: Corviknight\n|-heal|p2a: Corviknight|90\/100\n|-singleturn|p2a: Corviknight|move: Roost\n|\n|upkeep\n|turn|48\n|\n|t:|1699669570\n|move|p1a: Enamorus|Moonblast|p2a: Corviknight\n|-resisted|p2a: Corviknight\n|-damage|p2a: Corviknight|63\/100\n|move|p2a: Corviknight|U-turn|p1a: Enamorus\n|-resisted|p1a: Enamorus\n|-damage|p1a: Enamorus|71\/100\n|\n|t:|1699669573\n|switch|p2a: Scizor|Scizor, M|88\/100|[from] U-turn\n|-damage|p2a: Scizor|76\/100|[from] Stealth Rock\n|\n|upkeep\n|turn|49\n|\n|t:|1699669578\n|switch|p1a: Rotom|Rotom-Heat|55\/100\n|detailschange|p2a: Scizor|Scizor-Mega, M\n|-mega|p2a: Scizor|Scizor|Scizorite\n|move|p2a: Scizor|U-turn|p1a: Rotom\n|-resisted|p1a: Rotom\n|-damage|p1a: Rotom|37\/100\n|inactive|yunhaiyue has 120 seconds left.\n|\n|t:|1699669613\n|switch|p2a: Zamazenta|Zamazenta|27\/100|[from] U-turn\n|-damage|p2a: Zamazenta|20\/100|[from] Stealth Rock\n|\n|upkeep\n|turn|50\n|\n|t:|1699669628\n|move|p2a: Zamazenta|Stone Edge|p1a: Rotom|[miss]\n|-miss|p2a: Zamazenta|p1a: Rotom\n|move|p1a: Rotom|Overheat|p2a: Zamazenta\n|-damage|p2a: Zamazenta|0 fnt\n|-unboost|p1a: Rotom|spa|2\n|faint|p2a: Zamazenta\n|\n|upkeep\n|\n|t:|1699669633\n|switch|p2a: Alomomola|Alomomola, M|54\/100 tox\n|-damage|p2a: Alomomola|41\/100 tox|[from] Stealth Rock\n|turn|51\n|\n|t:|1699669640\n|move|p1a: Rotom|Volt Switch|p2a: Alomomola\n|-supereffective|p2a: Alomomola\n|-damage|p2a: Alomomola|12\/100 tox\n|\n|t:|1699669650\n|switch|p1a: Aegislash|Aegislash, M|81\/100|[from] Volt Switch\n|-damage|p1a: Aegislash|75\/100|[from] Stealth Rock\n|move|p2a: Alomomola|Wish|p2a: Alomomola\n|\n|-heal|p1a: Aegislash|81\/100|[from] item: Leftovers\n|-damage|p2a: Alomomola|6\/100 tox|[from] psn\n|upkeep\n|turn|52\n|\n|t:|1699669653\n|switch|p2a: Garchomp|Garchomp, M|48\/100\n|-damage|p2a: Garchomp|42\/100|[from] Stealth Rock\n|move|p1a: Aegislash|Substitute|p1a: Aegislash\n|-start|p1a: Aegislash|Substitute\n|-damage|p1a: Aegislash|57\/100\n|\n|-heal|p2a: Garchomp|100\/100|[from] move: Wish|[wisher] Alomomola\n|-heal|p1a: Aegislash|63\/100|[from] item: Leftovers\n|upkeep\n|turn|53\n|\n|t:|1699669661\n|move|p2a: Garchomp|Fire Blast|p1a: Aegislash\n|-supereffective|p1a: Aegislash\n|-end|p1a: Aegislash|Substitute\n|-damage|p2a: Garchomp|91\/100|[from] item: Life Orb\n|-formechange|p1a: Aegislash|Aegislash-Blade||[from] ability: Stance Change\n|move|p1a: Aegislash|Shadow Ball|p2a: Garchomp\n|-damage|p2a: Garchomp|44\/100\n|\n|-heal|p1a: Aegislash|69\/100|[from] item: Leftovers\n|upkeep\n|turn|54\n|\n|t:|1699669690\n|-formechange|p1a: Aegislash|Aegislash||[from] ability: Stance Change\n|move|p1a: Aegislash|King's Shield|p1a: Aegislash\n|-singleturn|p1a: Aegislash|Protect\n|move|p2a: Garchomp|Fire Blast|p1a: Aegislash\n|-activate|p1a: Aegislash|move: Protect\n|\n|-heal|p1a: Aegislash|75\/100|[from] item: Leftovers\n|upkeep\n|turn|55\n|\n|t:|1699669699\n|move|p2a: Garchomp|Earthquake|p1a: Aegislash\n|-supereffective|p1a: Aegislash\n|-damage|p1a: Aegislash|0 fnt\n|faint|p1a: Aegislash\n|-damage|p2a: Garchomp|35\/100|[from] item: Life Orb\n|\n|upkeep\n|\n|t:|1699669703\n|switch|p1a: Enamorus|Enamorus, F|71\/100\n|-damage|p1a: Enamorus|46\/100|[from] Stealth Rock\n|turn|56\n|\n|t:|1699669715\n|switch|p2a: Skeledirge|Skeledirge, F|100\/100\n|-terastallize|p1a: Enamorus|Fairy\n|move|p1a: Enamorus|Moonblast|p2a: Skeledirge\n|-resisted|p2a: Skeledirge\n|-damage|p2a: Skeledirge|63\/100\n|\n|upkeep\n|turn|57\n|\n|t:|1699669723\n|move|p1a: Enamorus|Moonblast|p2a: Skeledirge\n|-resisted|p2a: Skeledirge\n|-damage|p2a: Skeledirge|24\/100\n|move|p2a: Skeledirge|Torch Song|p1a: Enamorus\n|-crit|p1a: Enamorus\n|-damage|p1a: Enamorus|0 fnt\n|-boost|p2a: Skeledirge|spa|1\n|faint|p1a: Enamorus\n|\n|upkeep\n|\n|t:|1699669731\n|switch|p1a: Breloom|Breloom, F|100\/100\n|-damage|p1a: Breloom|94\/100|[from] Stealth Rock\n|turn|58\n|\n|t:|1699669743\n|switch|p2a: Alomomola|Alomomola, M|39\/100 tox\n|-damage|p2a: Alomomola|27\/100 tox|[from] Stealth Rock\n|move|p1a: Breloom|Bullet Seed|p2a: Alomomola\n|-supereffective|p2a: Alomomola\n|-damage|p2a: Alomomola|6\/100 tox\n|-supereffective|p2a: Alomomola\n|-damage|p2a: Alomomola|0 fnt\n|faint|p2a: Alomomola\n|-hitcount|p2: Alomomola|2\n|\n|upkeep\n|\n|t:|1699669751\n|switch|p2a: Garchomp|Garchomp, M|35\/100\n|-damage|p2a: Garchomp|29\/100|[from] Stealth Rock\n|turn|59\n|\n|t:|1699669756\n|move|p1a: Breloom|Mach Punch|p2a: Garchomp\n|-damage|p2a: Garchomp|0 fnt\n|-damage|p1a: Breloom|82\/100|[from] ability: Rough Skin|[of] p2a: Garchomp\n|faint|p2a: Garchomp\n|\n|upkeep\n|\n|t:|1699669763\n|switch|p2a: Skeledirge|Skeledirge, F|24\/100\n|turn|60\n|\n|t:|1699669767\n|-terastallize|p2a: Skeledirge|Fairy\n|move|p1a: Breloom|Bullet Seed|p2a: Skeledirge\n|-damage|p2a: Skeledirge|6\/100\n|-damage|p2a: Skeledirge|0 fnt\n|faint|p2a: Skeledirge\n|-hitcount|p2: Skeledirge|2\n|\n|upkeep\n|\n|t:|1699669771\n|switch|p2a: Corviknight|Corviknight, M|63\/100\n|-ability|p2a: Corviknight|Pressure\n|turn|61\n|\n|t:|1699669797\n|move|p1a: Breloom|Swords Dance|p1a: Breloom\n|-boost|p1a: Breloom|atk|2\n|move|p2a: Corviknight|Brave Bird|p1a: Breloom\n|-supereffective|p1a: Breloom\n|-damage|p1a: Breloom|0 fnt\n|faint|p1a: Breloom\n|-damage|p2a: Corviknight|45\/100|[from] Recoil\n|\n|upkeep\n|\n|t:|1699669800\n|switch|p1a: Rotom|Rotom-Heat|37\/100\n|turn|62\n|\n|t:|1699669808\n|move|p1a: Rotom|Overheat|p2a: Corviknight\n|-supereffective|p2a: Corviknight\n|-damage|p2a: Corviknight|0 fnt\n|-unboost|p1a: Rotom|spa|2\n|faint|p2a: Corviknight\n|\n|upkeep\n|\n|t:|1699669812\n|switch|p2a: Scizor|Scizor-Mega, M|76\/100\n|-damage|p2a: Scizor|64\/100|[from] Stealth Rock\n|turn|63\n|\n|t:|1699669822\n|move|p1a: Rotom|Overheat|p2a: Scizor|[miss]\n|-miss|p1a: Rotom|p2a: Scizor\n|move|p2a: Scizor|Swords Dance|p2a: Scizor\n|-boost|p2a: Scizor|atk|2\n|\n|upkeep\n|turn|64\n|\n|t:|1699669826\n|move|p2a: Scizor|Bullet Punch|p1a: Rotom\n|-resisted|p1a: Rotom\n|-damage|p1a: Rotom|21\/100\n|move|p1a: Rotom|Overheat|p2a: Scizor\n|-supereffective|p2a: Scizor\n|-damage|p2a: Scizor|0 fnt\n|-unboost|p1a: Rotom|spa|2\n|faint|p2a: Scizor\n|\n|win|JWZ456\n|raw|JWZ456's rating: 1463 &rarr; <strong>1485<\/strong><br \/>(+22 for winning)\n|raw|yunhaiyue's rating: 1498 &rarr; <strong>1476<\/strong><br \/>(-22 for losing)\n|l|\u2606yunhaiyue\n","uploadtime":1699669926,"views":4,"p1id":"jwz456","p2id":"yunhaiyue","formatid":"gen9nationaldex","rating":1476,"private":0,"password":""}