{"id":"gen9nationaldex-1996141187","p1":"NeoFlare2967","p2":"IceBerryCoffee","format":"[Gen 9] National Dex","log":"|html|<div class=\"broadcast-blue\"><strong>[Gen 9] National Dex is currently suspecting Sneasler! For information on how to participate check out the <a href=\"https:\/\/www.smogon.com\/forums\/threads\/sv-national-dex-suspect-8-just-dance.3731534\/\">suspect thread<\/a>.<\/strong><\/div>\n|j|\u2606NeoFlare2967\n|j|\u2606IceBerryCoffee\n|t:|1700650335\n|gametype|singles\n|player|p1|NeoFlare2967|265|1232\n|player|p2|IceBerryCoffee|266|1311\n|teamsize|p1|6\n|teamsize|p2|6\n|gen|9\n|tier|[Gen 9] National Dex\n|rated|\n|rule|HP Percentage Mod: HP is shown in percentages\n|rule|Endless Battle Clause: Forcing endless battles is banned\n|rule|OHKO Clause: OHKO moves are banned\n|rule|Evasion Clause: Evasion abilities, items, and moves are banned\n|rule|Evasion Abilities Clause: Evasion abilities are banned\n|rule|Evasion Items Clause: Evasion items are banned\n|rule|Evasion Moves Clause: Evasion moves are banned\n|rule|Species Clause: Limit one of each Pok\u00e9mon\n|rule|Sleep Clause Mod: Limit one foe put to sleep\n|clearpoke\n|poke|p1|Togedemaru, L1, F|\n|poke|p1|Moltres|\n|poke|p1|Alomomola, F|\n|poke|p1|Tsareena, F|\n|poke|p1|Sceptile, M|\n|poke|p1|Iron Jugulis|\n|poke|p2|Maushold-Four|\n|poke|p2|Empoleon, F|\n|poke|p2|Conkeldurr, M|\n|poke|p2|Typhlosion-Hisui, M|\n|poke|p2|Gyarados, M|\n|poke|p2|Hydreigon, F|\n|teampreview\n|inactive|Battle timer is ON: inactive players will automatically lose when time's up. (requested by NeoFlare2967)\n|\n|t:|1700650351\n|start\n|switch|p1a: Sceptile|Sceptile, M|100\/100\n|switch|p2a: Maushold|Maushold-Four|100\/100\n|turn|1\n|\n|t:|1700650375\n|switch|p2a: Empoleon|Empoleon, F|100\/100\n|detailschange|p1a: Sceptile|Sceptile-Mega, M\n|-mega|p1a: Sceptile|Sceptile|Sceptilite\n|move|p1a: Sceptile|Dragon Pulse|p2a: Empoleon\n|-resisted|p2a: Empoleon\n|-crit|p2a: Empoleon\n|-damage|p2a: Empoleon|72\/100\n|\n|-heal|p2a: Empoleon|78\/100|[from] item: Leftovers\n|upkeep\n|turn|2\n|\n|t:|1700650385\n|move|p1a: Sceptile|Focus Blast|p2a: Empoleon|[miss]\n|-miss|p1a: Sceptile|p2a: Empoleon\n|move|p2a: Empoleon|Flip Turn|p1a: Sceptile\n|-resisted|p1a: Sceptile\n|-damage|p1a: Sceptile|94\/100\n|inactive|IceBerryCoffee has 120 seconds left.\n|inactive|IceBerryCoffee has 90 seconds left.\n|\n|t:|1700650433\n|switch|p2a: Typhlosion|Typhlosion-Hisui, M|100\/100|[from] Flip Turn\n|-item|p1a: Sceptile|Sceptilite|[from] ability: Frisk|[of] p2a: Typhlosion|[identify]\n|\n|upkeep\n|turn|3\n|inactive|IceBerryCoffee has 90 seconds left.\n|\n|t:|1700650443\n|-terastallize|p2a: Typhlosion|Fire\n|move|p2a: Typhlosion|Eruption|p1a: Sceptile\n|-damage|p1a: Sceptile|0 fnt\n|faint|p1a: Sceptile\n|\n|upkeep\n|\n|t:|1700650454\n|switch|p1a: Togedemaru|Togedemaru, L1, F|100\/100\n|turn|4\n|\n|t:|1700650461\n|switch|p2a: Empoleon|Empoleon, F|78\/100\n|move|p1a: Togedemaru|Endeavor|p2a: Empoleon\n|-damage|p2a: Empoleon|4\/100\n|\n|-heal|p2a: Empoleon|10\/100|[from] item: Leftovers\n|upkeep\n|turn|5\n|\n|t:|1700650469\n|switch|p1a: Moltres|Moltres|100\/100\n|move|p2a: Empoleon|Knock Off|p1a: Moltres\n|-damage|p1a: Moltres|85\/100\n|-status|p2a: Empoleon|brn|[from] ability: Flame Body|[of] p1a: Moltres\n|-enditem|p1a: Moltres|Heavy-Duty Boots|[from] move: Knock Off|[of] p2a: Empoleon\n|\n|-heal|p2a: Empoleon|16\/100 brn|[from] item: Leftovers\n|-damage|p2a: Empoleon|10\/100 brn|[from] brn\n|upkeep\n|turn|6\n|\n|t:|1700650482\n|move|p1a: Moltres|Burn Up|p2a: Empoleon\n|-damage|p2a: Empoleon|0 fnt\n|-start|p1a: Moltres|typechange|???\/Flying|[from] move: Burn Up\n|faint|p2a: Empoleon\n|\n|upkeep\n|\n|t:|1700650495\n|switch|p2a: Typhlosion|Typhlosion-Hisui, M, tera:Fire|100\/100\n|turn|7\n|\n|t:|1700650504\n|-terastallize|p1a: Moltres|Fire\n|move|p2a: Typhlosion|Eruption|p1a: Moltres\n|-resisted|p1a: Moltres\n|-damage|p1a: Moltres|39\/100\n|move|p1a: Moltres|Burn Up|p2a: Typhlosion\n|-resisted|p2a: Typhlosion\n|-damage|p2a: Typhlosion|67\/100\n|-start|p1a: Moltres|typechange|Fire|[from] move: Burn Up\n|\n|upkeep\n|turn|8\n|inactive|IceBerryCoffee has 120 seconds left.\n|\n|t:|1700650513\n|move|p2a: Typhlosion|Eruption|p1a: Moltres\n|-resisted|p1a: Moltres\n|-damage|p1a: Moltres|7\/100\n|move|p1a: Moltres|Roost|p1a: Moltres\n|-heal|p1a: Moltres|58\/100\n|\n|upkeep\n|turn|9\n|\n|t:|1700650523\n|switch|p2a: Gyarados|Gyarados, M|100\/100\n|-ability|p2a: Gyarados|Intimidate|boost\n|-unboost|p1a: Moltres|atk|1\n|move|p1a: Moltres|Roost|p1a: Moltres\n|-heal|p1a: Moltres|100\/100\n|\n|upkeep\n|turn|10\n|\n|t:|1700650535\n|detailschange|p2a: Gyarados|Gyarados-Mega, M\n|-mega|p2a: Gyarados|Gyarados|Gyaradosite\n|-ability|p2a: Gyarados|Mold Breaker\n|move|p2a: Gyarados|Waterfall|p1a: Moltres\n|-supereffective|p1a: Moltres\n|-damage|p1a: Moltres|29\/100\n|cant|p1a: Moltres|flinch\n|\n|upkeep\n|turn|11\n|\n|t:|1700650549\n|switch|p1a: Alomomola|Alomomola, F|100\/100\n|move|p2a: Gyarados|Crunch|p1a: Alomomola\n|-damage|p1a: Alomomola|74\/100\n|-damage|p2a: Gyarados|84\/100|[from] item: Rocky Helmet|[of] p1a: Alomomola\n|\n|upkeep\n|turn|12\n|\n|t:|1700650558\n|move|p2a: Gyarados|Substitute|p2a: Gyarados\n|-start|p2a: Gyarados|Substitute\n|-damage|p2a: Gyarados|59\/100\n|move|p1a: Alomomola|Wish|p1a: Alomomola\n|\n|upkeep\n|turn|13\n|\n|t:|1700650562\n|move|p2a: Gyarados|Dragon Dance|p2a: Gyarados\n|-boost|p2a: Gyarados|atk|1\n|-boost|p2a: Gyarados|spe|1\n|move|p1a: Alomomola|Flip Turn|p2a: Gyarados\n|-resisted|p2a: Gyarados\n|-crit|p2a: Gyarados\n|-activate|p2a: Gyarados|move: Substitute|[damage]\n|\n|t:|1700650572\n|switch|p1a: Moltres|Moltres, tera:Fire|29\/100|[from] Flip Turn\n|\n|-heal|p1a: Moltres|100\/100|[from] move: Wish|[wisher] Alomomola\n|upkeep\n|turn|14\n|\n|t:|1700650578\n|move|p2a: Gyarados|Waterfall|p1a: Moltres\n|-supereffective|p1a: Moltres\n|-damage|p1a: Moltres|0 fnt\n|-status|p2a: Gyarados|brn|[from] ability: Flame Body|[of] p1a: Moltres\n|faint|p1a: Moltres\n|\n|-damage|p2a: Gyarados|53\/100 brn|[from] brn\n|upkeep\n|\n|t:|1700650582\n|switch|p1a: Iron Jugulis|Iron Jugulis|100\/100\n|-enditem|p1a: Iron Jugulis|Booster Energy\n|-activate|p1a: Iron Jugulis|ability: Quark Drive|[fromitem]\n|-start|p1a: Iron Jugulis|quarkdrivespe\n|turn|15\n|\n|t:|1700650589\n|move|p1a: Iron Jugulis|Hurricane|p2a: Gyarados\n|-end|p2a: Gyarados|Substitute\n|move|p2a: Gyarados|Dragon Dance|p2a: Gyarados\n|-boost|p2a: Gyarados|atk|1\n|-boost|p2a: Gyarados|spe|1\n|\n|-damage|p2a: Gyarados|47\/100 brn|[from] brn\n|upkeep\n|turn|16\n|\n|t:|1700650598\n|move|p2a: Gyarados|Waterfall|p1a: Iron Jugulis\n|-damage|p1a: Iron Jugulis|49\/100\n|cant|p1a: Iron Jugulis|flinch\n|\n|-damage|p2a: Gyarados|41\/100 brn|[from] brn\n|upkeep\n|turn|17\n|\n|t:|1700650603\n|-end|p1a: Iron Jugulis|Quark Drive|[silent]\n|switch|p1a: Alomomola|Alomomola, F|100\/100\n|move|p2a: Gyarados|Waterfall|p1a: Alomomola\n|-resisted|p1a: Alomomola\n|-damage|p1a: Alomomola|87\/100\n|-damage|p2a: Gyarados|24\/100 brn|[from] item: Rocky Helmet|[of] p1a: Alomomola\n|\n|-damage|p2a: Gyarados|18\/100 brn|[from] brn\n|upkeep\n|turn|18\n|\n|t:|1700650611\n|move|p2a: Gyarados|Crunch|p1a: Alomomola\n|-damage|p1a: Alomomola|61\/100\n|-damage|p2a: Gyarados|2\/100 brn|[from] item: Rocky Helmet|[of] p1a: Alomomola\n|move|p1a: Alomomola|Wish|p1a: Alomomola\n|\n|-damage|p2a: Gyarados|0 fnt|[from] brn\n|faint|p2a: Gyarados\n|upkeep\n|inactive|IceBerryCoffee has 120 seconds left.\n|\n|t:|1700650642\n|switch|p2a: Hydreigon|Hydreigon, F|100\/100\n|turn|19\n|\n|t:|1700650646\n|move|p2a: Hydreigon|Draco Meteor|p1a: Alomomola\n|-damage|p1a: Alomomola|0 fnt\n|-unboost|p2a: Hydreigon|spa|2\n|faint|p1a: Alomomola\n|\n|upkeep\n|\n|t:|1700650651\n|switch|p1a: Togedemaru|Togedemaru, L1, F|100\/100\n|turn|20\n|\n|t:|1700650658\n|move|p2a: Hydreigon|Draco Meteor|p1a: Togedemaru\n|-resisted|p1a: Togedemaru\n|-ability|p1a: Togedemaru|Sturdy\n|-damage|p1a: Togedemaru|9\/100\n|-unboost|p2a: Hydreigon|spa|2\n|move|p1a: Togedemaru|Endeavor|p2a: Hydreigon\n|-damage|p2a: Hydreigon|1\/100\n|-heal|p1a: Togedemaru|100\/100|[from] item: Shell Bell|[of] p2a: Hydreigon\n|\n|upkeep\n|turn|21\n|\n|t:|1700650668\n|switch|p1a: Tsareena|Tsareena, F|100\/100\n|move|p2a: Hydreigon|Draco Meteor|p1a: Tsareena\n|-damage|p1a: Tsareena|59\/100\n|-unboost|p2a: Hydreigon|spa|2\n|\n|-heal|p1a: Tsareena|65\/100|[from] item: Leftovers\n|upkeep\n|turn|22\n|\n|t:|1700650676\n|switch|p2a: Conkeldurr|Conkeldurr, M|100\/100\n|move|p1a: Tsareena|Rapid Spin|p2a: Conkeldurr\n|-damage|p2a: Conkeldurr|83\/100\n|-boost|p1a: Tsareena|spe|1\n|\n|-heal|p1a: Tsareena|71\/100|[from] item: Leftovers\n|-status|p2a: Conkeldurr|brn|[from] item: Flame Orb\n|upkeep\n|turn|23\n|\n|t:|1700650687\n|move|p1a: Tsareena|Trop Kick|p2a: Conkeldurr\n|-damage|p2a: Conkeldurr|46\/100 brn\n|-unboost|p2a: Conkeldurr|atk|1\n|move|p2a: Conkeldurr|Facade|p1a: Tsareena\n|-damage|p1a: Tsareena|20\/100\n|\n|-heal|p1a: Tsareena|26\/100|[from] item: Leftovers\n|-damage|p2a: Conkeldurr|40\/100 brn|[from] brn\n|upkeep\n|turn|24\n|\n|t:|1700650696\n|switch|p2a: Hydreigon|Hydreigon, F|1\/100\n|move|p1a: Tsareena|Trop Kick|p2a: Hydreigon\n|-resisted|p2a: Hydreigon\n|-damage|p2a: Hydreigon|0 fnt\n|faint|p2a: Hydreigon\n|\n|-heal|p1a: Tsareena|32\/100|[from] item: Leftovers\n|upkeep\n|\n|t:|1700650711\n|switch|p2a: Conkeldurr|Conkeldurr, M|40\/100 brn\n|turn|25\n|\n|t:|1700650717\n|move|p2a: Conkeldurr|Mach Punch||[still]\n|cant|p1a: Tsareena|ability: Queenly Majesty|Mach Punch|[of] p2a: Conkeldurr\n|move|p1a: Tsareena|Rapid Spin|p2a: Conkeldurr\n|-damage|p2a: Conkeldurr|23\/100 brn\n|-boost|p1a: Tsareena|spe|1\n|\n|-heal|p1a: Tsareena|38\/100|[from] item: Leftovers\n|-damage|p2a: Conkeldurr|17\/100 brn|[from] brn\n|upkeep\n|turn|26\n|\n|t:|1700650725\n|move|p1a: Tsareena|Trop Kick|p2a: Conkeldurr\n|-damage|p2a: Conkeldurr|0 fnt\n|faint|p2a: Conkeldurr\n|\n|-heal|p1a: Tsareena|44\/100|[from] item: Leftovers\n|upkeep\n|\n|t:|1700650731\n|switch|p2a: Typhlosion|Typhlosion-Hisui, M, tera:Fire|67\/100\n|-item|p1a: Tsareena|Leftovers|[from] ability: Frisk|[of] p2a: Typhlosion|[identify]\n|turn|27\n|\n|t:|1700650739\n|move|p2a: Typhlosion|Flamethrower|p1a: Tsareena\n|-supereffective|p1a: Tsareena\n|-damage|p1a: Tsareena|0 fnt\n|faint|p1a: Tsareena\n|\n|upkeep\n|\n|t:|1700650745\n|switch|p1a: Togedemaru|Togedemaru, L1, F|100\/100\n|turn|28\n|\n|t:|1700650747\n|move|p2a: Typhlosion|Flamethrower|p1a: Togedemaru\n|-supereffective|p1a: Togedemaru\n|-ability|p1a: Togedemaru|Sturdy\n|-damage|p1a: Togedemaru|9\/100\n|move|p1a: Togedemaru|Endeavor|p2a: Typhlosion\n|-damage|p2a: Typhlosion|1\/100\n|-heal|p1a: Togedemaru|100\/100|[from] item: Shell Bell|[of] p2a: Typhlosion\n|\n|upkeep\n|turn|29\n|\n|t:|1700650756\n|move|p2a: Typhlosion|Flamethrower|p1a: Togedemaru\n|-supereffective|p1a: Togedemaru\n|-ability|p1a: Togedemaru|Sturdy\n|-damage|p1a: Togedemaru|9\/100\n|move|p1a: Togedemaru|Iron Head|p2a: Typhlosion\n|-resisted|p2a: Typhlosion\n|-damage|p2a: Typhlosion|0 fnt\n|faint|p2a: Typhlosion\n|-heal|p1a: Togedemaru|17\/100|[from] item: Shell Bell|[of] p2: Typhlosion\n|\n|upkeep\n|\n|t:|1700650768\n|switch|p2a: Maushold|Maushold-Four|100\/100\n|turn|30\n|\n|t:|1700650773\n|move|p2a: Maushold|Population Bomb|p1a: Togedemaru\n|-resisted|p1a: Togedemaru\n|-damage|p1a: Togedemaru|0 fnt\n|faint|p1a: Togedemaru\n|-hitcount|p1: Togedemaru|1\n|\n|upkeep\n|\n|t:|1700650776\n|switch|p1a: Iron Jugulis|Iron Jugulis|49\/100\n|turn|31\n|\n|t:|1700650782\n|move|p2a: Maushold|Population Bomb|p1a: Iron Jugulis\n|-damage|p1a: Iron Jugulis|35\/100\n|-damage|p1a: Iron Jugulis|21\/100\n|-damage|p1a: Iron Jugulis|7\/100\n|-crit|p1a: Iron Jugulis\n|-damage|p1a: Iron Jugulis|0 fnt\n|faint|p1a: Iron Jugulis\n|-end|p1a: Iron Jugulis|Quark Drive|[silent]\n|-hitcount|p1: Iron Jugulis|4\n|\n|win|IceBerryCoffee\n|raw|NeoFlare2967's rating: 1232 &rarr; <strong>1213<\/strong><br \/>(-19 for losing)\n|raw|IceBerryCoffee's rating: 1311 &rarr; <strong>1327<\/strong><br \/>(+16 for winning)\n|l|\u2606NeoFlare2967\n","uploadtime":1700650793,"views":0,"p1id":"neoflare2967","p2id":"iceberrycoffee","formatid":"gen9nationaldex","rating":1213,"private":0,"password":""}