{"id":"gen9nationaldex-1993806159","p1":"BurritoSave","p2":"MMQZA7","format":"[Gen 9] National Dex","log":"|j|\u2606BurritoSave\n|j|\u2606MMQZA7\n|t:|1700359540\n|gametype|singles\n|player|p1|BurritoSave|101|1652\n|player|p2|MMQZA7|170|1665\n|teamsize|p1|6\n|teamsize|p2|6\n|gen|9\n|tier|[Gen 9] National Dex\n|rated|\n|rule|HP Percentage Mod: HP is shown in percentages\n|rule|Endless Battle Clause: Forcing endless battles is banned\n|rule|OHKO Clause: OHKO moves are banned\n|rule|Evasion Clause: Evasion abilities, items, and moves are banned\n|rule|Evasion Abilities Clause: Evasion abilities are banned\n|rule|Evasion Items Clause: Evasion items are banned\n|rule|Evasion Moves Clause: Evasion moves are banned\n|rule|Species Clause: Limit one of each Pok\u00e9mon\n|rule|Sleep Clause Mod: Limit one foe put to sleep\n|clearpoke\n|poke|p1|Ribombee, M|\n|poke|p1|Tyranitar, M|\n|poke|p1|Victini|\n|poke|p1|Mimikyu, F|\n|poke|p1|Dragonite, F|\n|poke|p1|Xurkitree|\n|poke|p2|Swellow, M|\n|poke|p2|Banette, F|\n|poke|p2|Urshifu-*, F|\n|poke|p2|Corviknight, F|\n|poke|p2|Clodsire, F|\n|poke|p2|Volcanion|\n|teampreview\n|\n|t:|1700359561\n|start\n|switch|p1a: Ribombee|Ribombee, M|100\/100\n|switch|p2a: Urshifu|Urshifu-Rapid-Strike, F|100\/100\n|turn|1\n|l|\u2606MMQZA7\n|player|p2|\n|j|\u2606MMQZA7\n|player|p2|MMQZA7|170\n|\n|t:|1700359621\n|-terastallize|p1a: Ribombee|Water\n|move|p2a: Urshifu|U-turn|p1a: Ribombee\n|-damage|p1a: Ribombee|53\/100\n|\n|t:|1700359634\n|switch|p2a: Volcanion|Volcanion|100\/100|[from] U-turn\n|move|p1a: Ribombee|Sticky Web|p2a: Volcanion\n|-sidestart|p2: MMQZA7|move: Sticky Web\n|\n|upkeep\n|turn|2\n|\n|t:|1700359648\n|move|p1a: Ribombee|Stun Spore|p2a: Volcanion\n|-status|p2a: Volcanion|par\n|cant|p2a: Volcanion|par\n|\n|upkeep\n|turn|3\n|\n|t:|1700359653\n|move|p1a: Ribombee|Skill Swap|p2a: Volcanion\n|-activate|p1a: Ribombee|move: Skill Swap|Water Absorb|Shield Dust|[of] p2a: Volcanion\n|move|p2a: Volcanion|Earth Power|p1a: Ribombee\n|-damage|p1a: Ribombee|0 fnt\n|faint|p1a: Ribombee\n|\n|upkeep\n|l|\u2606MMQZA7\n|player|p2|\n|j|\u2606MMQZA7\n|player|p2|MMQZA7|170\n|\n|t:|1700359695\n|switch|p1a: Xurkitree|Xurkitree|100\/100\n|turn|4\n|\n|t:|1700359705\n|switch|p2a: Clodsire|Clodsire, F|100\/100\n|-activate|p2a: Clodsire|move: Sticky Web\n|-unboost|p2a: Clodsire|spe|1\n|move|p1a: Xurkitree|Hypnosis|p2a: Clodsire\n|-status|p2a: Clodsire|slp|[from] move: Hypnosis\n|\n|upkeep\n|turn|5\n|l|\u2606MMQZA7\n|player|p2|\n|j|\u2606MMQZA7\n|player|p2|MMQZA7|170\n|inactive|Battle timer is ON: inactive players will automatically lose when time's up. (requested by MMQZA7)\n|l|\u2606MMQZA7\n|inactive|MMQZA7 disconnected and has a minute to reconnect!\n|player|p2|\n|inactive|BurritoSave has 120 seconds left.\n|j|\u2606MMQZA7\n|inactive|MMQZA7 reconnected.\n|player|p2|MMQZA7|170\n|l|\u2606MMQZA7\n|inactive|MMQZA7 disconnected and has a minute to reconnect!\n|player|p2|\n|inactive|BurritoSave has 90 seconds left.\n|j| YJLF\n|j|\u2606MMQZA7\n|inactive|MMQZA7 reconnected.\n|player|p2|MMQZA7|170\n|inactive|BurritoSave has 60 seconds left.\n|l|\u2606MMQZA7\n|inactive|MMQZA7 disconnected and has a minute to reconnect!\n|player|p2|\n|j|\u2606MMQZA7\n|inactive|MMQZA7 reconnected.\n|player|p2|MMQZA7|170\n|\n|t:|1700359885\n|move|p1a: Xurkitree|Hypnosis|p2a: Clodsire|[miss]\n|-miss|p1a: Xurkitree|p2a: Clodsire\n|-enditem|p1a: Xurkitree|Blunder Policy\n|-boost|p1a: Xurkitree|spe|2\n|cant|p2a: Clodsire|slp\n|\n|upkeep\n|turn|6\n|\n|t:|1700359903\n|move|p1a: Xurkitree|Energy Ball|p2a: Clodsire\n|-damage|p2a: Clodsire|79\/100 slp\n|-unboost|p2a: Clodsire|spd|1\n|-curestatus|p2a: Clodsire|slp|[msg]\n|move|p2a: Clodsire|Toxic|p1a: Xurkitree\n|-status|p1a: Xurkitree|tox\n|\n|-heal|p2a: Clodsire|86\/100|[from] item: Leftovers\n|-damage|p1a: Xurkitree|94\/100 tox|[from] psn\n|upkeep\n|turn|7\n|\n|t:|1700359918\n|switch|p1a: Dragonite|Dragonite, F|100\/100\n|move|p2a: Clodsire|Earthquake|p1a: Dragonite\n|-immune|p1a: Dragonite\n|\n|-heal|p2a: Clodsire|92\/100|[from] item: Leftovers\n|upkeep\n|turn|8\n|\n|t:|1700359927\n|switch|p2a: Corviknight|Corviknight, F|100\/100\n|-ability|p2a: Corviknight|Pressure\n|move|p1a: Dragonite|Earthquake|p2a: Corviknight\n|-immune|p2a: Corviknight\n|\n|upkeep\n|turn|9\n|\n|t:|1700359932\n|switch|p1a: Victini|Victini|100\/100\n|move|p2a: Corviknight|U-turn|p1a: Victini\n|-damage|p1a: Victini|85\/100\n|\n|t:|1700359937\n|switch|p2a: Volcanion|Volcanion|100\/100 par|[from] U-turn\n|\n|upkeep\n|turn|10\n|\n|t:|1700359942\n|-zpower|p1a: Victini\n|move|p1a: Victini|Z-Celebrate|p1a: Victini|[anim]Celebrate\n|-boost|p1a: Victini|atk|1|[zeffect]\n|-boost|p1a: Victini|def|1|[zeffect]\n|-boost|p1a: Victini|spa|1|[zeffect]\n|-boost|p1a: Victini|spd|1|[zeffect]\n|-boost|p1a: Victini|spe|1|[zeffect]\n|-activate|p1a: Victini|move: Celebrate\n|move|p2a: Volcanion|Defog|p1a: Victini\n|-unboost|p1a: Victini|evasion|1\n|-sideend|p2: MMQZA7|Sticky Web|[from] move: Defog|[of] p2a: Volcanion\n|\n|upkeep\n|turn|11\n|\n|t:|1700359951\n|move|p1a: Victini|Stored Power|p2a: Volcanion\n|-damage|p2a: Volcanion|27\/100 par\n|move|p2a: Volcanion|Steam Eruption|p1a: Victini\n|-supereffective|p1a: Victini\n|-damage|p1a: Victini|0 fnt\n|faint|p1a: Victini\n|\n|upkeep\n|\n|t:|1700359958\n|switch|p1a: Xurkitree|Xurkitree|94\/100 tox\n|turn|12\n|\n|t:|1700359976\n|switch|p2a: Clodsire|Clodsire, F|92\/100\n|move|p1a: Xurkitree|Energy Ball|p2a: Clodsire\n|-crit|p2a: Clodsire\n|-damage|p2a: Clodsire|62\/100\n|-unboost|p2a: Clodsire|spd|1\n|\n|-heal|p2a: Clodsire|68\/100|[from] item: Leftovers\n|-damage|p1a: Xurkitree|88\/100 tox|[from] psn\n|upkeep\n|turn|13\n|\n|t:|1700359983\n|move|p1a: Xurkitree|Hypnosis|p2a: Clodsire\n|-status|p2a: Clodsire|slp|[from] move: Hypnosis\n|cant|p2a: Clodsire|slp\n|\n|-heal|p2a: Clodsire|75\/100 slp|[from] item: Leftovers\n|-damage|p1a: Xurkitree|76\/100 tox|[from] psn\n|upkeep\n|turn|14\n|\n|t:|1700359985\n|move|p1a: Xurkitree|Energy Ball|p2a: Clodsire\n|-damage|p2a: Clodsire|46\/100 slp\n|-unboost|p2a: Clodsire|spd|1\n|cant|p2a: Clodsire|slp\n|\n|-heal|p2a: Clodsire|52\/100 slp|[from] item: Leftovers\n|-damage|p1a: Xurkitree|57\/100 tox|[from] psn\n|upkeep\n|turn|15\n|\n|t:|1700359989\n|move|p1a: Xurkitree|Energy Ball|p2a: Clodsire\n|-damage|p2a: Clodsire|15\/100 slp\n|-curestatus|p2a: Clodsire|slp|[msg]\n|move|p2a: Clodsire|Recover|p2a: Clodsire\n|-heal|p2a: Clodsire|65\/100\n|\n|-heal|p2a: Clodsire|71\/100|[from] item: Leftovers\n|-damage|p1a: Xurkitree|32\/100 tox|[from] psn\n|upkeep\n|turn|16\n|\n|t:|1700360014\n|move|p1a: Xurkitree|Hypnosis|p2a: Clodsire\n|-status|p2a: Clodsire|slp|[from] move: Hypnosis\n|cant|p2a: Clodsire|slp\n|\n|-heal|p2a: Clodsire|78\/100 slp|[from] item: Leftovers\n|-damage|p1a: Xurkitree|1\/100 tox|[from] psn\n|upkeep\n|turn|17\n|\n|t:|1700360022\n|switch|p2a: Corviknight|Corviknight, F|100\/100\n|-ability|p2a: Corviknight|Pressure\n|move|p1a: Xurkitree|Energy Ball|p2a: Corviknight\n|-resisted|p2a: Corviknight\n|-damage|p2a: Corviknight|91\/100\n|-unboost|p2a: Corviknight|spd|1\n|\n|-damage|p1a: Xurkitree|0 fnt|[from] psn\n|faint|p1a: Xurkitree\n|upkeep\n|\n|t:|1700360027\n|switch|p1a: Tyranitar|Tyranitar, M|100\/100\n|-weather|Sandstorm|[from] ability: Sand Stream|[of] p1a: Tyranitar\n|turn|18\n|\n|t:|1700360033\n|detailschange|p1a: Tyranitar|Tyranitar-Mega, M\n|-mega|p1a: Tyranitar|Tyranitar|Tyranitarite\n|move|p1a: Tyranitar|Stone Edge|p2a: Corviknight|[miss]\n|-miss|p1a: Tyranitar|p2a: Corviknight\n|move|p2a: Corviknight|Iron Defense|p2a: Corviknight\n|-boost|p2a: Corviknight|def|2\n|\n|-weather|Sandstorm|[upkeep]\n|upkeep\n|turn|19\n|\n|t:|1700360039\n|move|p1a: Tyranitar|Dragon Dance|p1a: Tyranitar\n|-boost|p1a: Tyranitar|atk|1\n|-boost|p1a: Tyranitar|spe|1\n|move|p2a: Corviknight|Iron Defense|p2a: Corviknight\n|-boost|p2a: Corviknight|def|2\n|\n|-weather|Sandstorm|[upkeep]\n|upkeep\n|turn|20\n|\n|t:|1700360041\n|move|p1a: Tyranitar|Dragon Dance|p1a: Tyranitar\n|-boost|p1a: Tyranitar|atk|1\n|-boost|p1a: Tyranitar|spe|1\n|move|p2a: Corviknight|Body Press|p1a: Tyranitar\n|-supereffective|p1a: Tyranitar\n|-damage|p1a: Tyranitar|0 fnt\n|faint|p1a: Tyranitar\n|\n|-weather|Sandstorm|[upkeep]\n|upkeep\n|\n|t:|1700360048\n|switch|p1a: Mimikyu|Mimikyu, F|100\/100\n|turn|21\n|\n|t:|1700360052\n|move|p1a: Mimikyu|Swords Dance|p1a: Mimikyu\n|-boost|p1a: Mimikyu|atk|2\n|move|p2a: Corviknight|U-turn|p1a: Mimikyu\n|-activate|p1a: Mimikyu|ability: Disguise\n|-damage|p1a: Mimikyu|100\/100\n|detailschange|p1a: Mimikyu|Mimikyu-Busted, F\n|-damage|p1a: Mimikyu|88\/100|[from] pokemon: Mimikyu-Busted\n|\n|t:|1700360064\n|switch|p2a: Swellow|Swellow, M|100\/100|[from] U-turn\n|\n|-weather|Sandstorm|[upkeep]\n|-damage|p2a: Swellow|94\/100|[from] Sandstorm\n|-damage|p1a: Mimikyu|82\/100|[from] Sandstorm\n|upkeep\n|turn|22\n|\n|t:|1700360071\n|-terastallize|p2a: Swellow|Normal\n|move|p2a: Swellow|Boomburst|p1a: Mimikyu\n|-damage|p1a: Mimikyu|0 fnt\n|faint|p1a: Mimikyu\n|\n|-weather|none\n|upkeep\n|\n|t:|1700360073\n|switch|p1a: Dragonite|Dragonite, F|100\/100\n|turn|23\n|\n|t:|1700360076\n|move|p2a: Swellow|Boomburst|p1a: Dragonite\n|-damage|p1a: Dragonite|48\/100\n|move|p1a: Dragonite|Dragon Dance|p1a: Dragonite\n|-boost|p1a: Dragonite|atk|1\n|-boost|p1a: Dragonite|spe|1\n|\n|upkeep\n|turn|24\n|\n|t:|1700360083\n|move|p1a: Dragonite|Extreme Speed|p2a: Swellow\n|-damage|p2a: Swellow|16\/100\n|move|p2a: Swellow|Boomburst|p1a: Dragonite\n|-damage|p1a: Dragonite|0 fnt\n|faint|p1a: Dragonite\n|\n|win|MMQZA7\n|raw|BurritoSave's rating: 1652 &rarr; <strong>1633<\/strong><br \/>(-19 for losing)\n|raw|MMQZA7's rating: 1665 &rarr; <strong>1684<\/strong><br \/>(+19 for winning)\n|l| YJLF\n|l|\u2606BurritoSave\n|l|\u2606MMQZA7\n|j|\u2606MMQZA7\n|player|p2|MMQZA7|170\n","uploadtime":1700360091,"views":7,"p1id":"burritosave","p2id":"mmqza7","formatid":"gen9nationaldex","rating":1633,"private":0,"password":""}