{"id":"gen9nationaldex-1990215956","p1":"Kuzwa","p2":"variares DD","format":"[Gen 9] National Dex","log":"|j|\u2606Kuzwa\n|j|\u2606variares DD\n|t:|1699938737\n|gametype|singles\n|player|p1|Kuzwa|parasollady|1358\n|player|p2|variares DD|acetrainercouple|1399\n|teamsize|p1|6\n|teamsize|p2|6\n|gen|9\n|tier|[Gen 9] National Dex\n|rated|\n|rule|HP Percentage Mod: HP is shown in percentages\n|rule|Endless Battle Clause: Forcing endless battles is banned\n|rule|OHKO Clause: OHKO moves are banned\n|rule|Evasion Clause: Evasion abilities, items, and moves are banned\n|rule|Evasion Abilities Clause: Evasion abilities are banned\n|rule|Evasion Items Clause: Evasion items are banned\n|rule|Evasion Moves Clause: Evasion moves are banned\n|rule|Species Clause: Limit one of each Pok\u00e9mon\n|rule|Sleep Clause Mod: Limit one foe put to sleep\n|clearpoke\n|poke|p1|Gallade, M|\n|poke|p1|Kartana|\n|poke|p1|Weavile, M|\n|poke|p1|Ogerpon-Wellspring, F|\n|poke|p1|Zeraora|\n|poke|p1|Glimmora, M|\n|poke|p2|Altaria, F|\n|poke|p2|Jirachi|\n|poke|p2|Heatran, F|\n|poke|p2|Landorus-Therian, M|\n|poke|p2|Greninja-*, F|\n|poke|p2|Corviknight, F|\n|teampreview\n|inactive|Battle timer is ON: inactive players will automatically lose when time's up. (requested by variares DD)\n|\n|t:|1699938745\n|start\n|switch|p1a: thing|Glimmora, M|100\/100\n|switch|p2a: Jirachi|Jirachi|100\/100\n|-item|p1a: thing|Air Balloon\n|turn|1\n|\n|t:|1699938752\n|move|p2a: Jirachi|U-turn|p1a: thing\n|-resisted|p1a: thing\n|-damage|p1a: thing|89\/100\n|-activate|p1a: thing|ability: Toxic Debris\n|-sidestart|p2: variares DD|move: Toxic Spikes\n|-enditem|p1a: thing|Air Balloon\n|\n|t:|1699938754\n|switch|p2a: Corviknight|Corviknight, F, shiny|100\/100|[from] U-turn\n|-ability|p2a: Corviknight|Pressure\n|move|p1a: thing|Earth Power|p2a: Corviknight\n|-immune|p2a: Corviknight\n|\n|upkeep\n|turn|2\n|\n|t:|1699938759\n|move|p1a: thing|Power Gem|p2a: Corviknight\n|-damage|p2a: Corviknight|57\/100\n|move|p2a: Corviknight|Defog|p1a: thing\n|-unboost|p1a: thing|evasion|1\n|-sideend|p2: variares DD|Toxic Spikes|[from] move: Defog|[of] p2a: Corviknight\n|\n|-heal|p2a: Corviknight|63\/100|[from] item: Leftovers\n|upkeep\n|turn|3\n|\n|t:|1699938763\n|switch|p2a: Landorus|Landorus-Therian, M|100\/100\n|-ability|p2a: Landorus|Intimidate|boost\n|-unboost|p1a: thing|atk|1\n|move|p1a: thing|Power Gem|p2a: Landorus\n|-damage|p2a: Landorus|42\/100\n|\n|upkeep\n|turn|4\n|\n|t:|1699938766\n|move|p2a: Landorus|Earthquake|p1a: thing\n|-supereffective|p1a: thing\n|-damage|p1a: thing|0 fnt\n|-activate|p1a: thing|ability: Toxic Debris\n|-sidestart|p2: variares DD|move: Toxic Spikes\n|faint|p1a: thing\n|\n|upkeep\n|\n|t:|1699938776\n|switch|p1a: Aigis|Ogerpon-Wellspring, F|100\/100\n|turn|5\n|\n|t:|1699938781\n|move|p1a: Aigis|Swords Dance|p1a: Aigis\n|-boost|p1a: Aigis|atk|2\n|move|p2a: Landorus|Earthquake|p1a: Aigis\n|-resisted|p1a: Aigis\n|-damage|p1a: Aigis|64\/100\n|\n|upkeep\n|turn|6\n|\n|t:|1699938800\n|switch|p2a: Greninja|Greninja, F, shiny|100\/100\n|-status|p2a: Greninja|psn\n|move|p1a: Aigis|Horn Leech|p2a: Greninja\n|-supereffective|p2a: Greninja\n|-damage|p2a: Greninja|0 fnt\n|-heal|p1a: Aigis|100\/100|[from] drain|[of] p2a: Greninja\n|faint|p2a: Greninja\n|\n|upkeep\n|\n|t:|1699938802\n|switch|p2a: Landorus|Landorus-Therian, M|42\/100\n|-ability|p2a: Landorus|Intimidate|boost\n|-unboost|p1a: Aigis|atk|1\n|turn|7\n|\n|t:|1699938808\n|move|p1a: Aigis|Ivy Cudgel|p2a: Landorus\n|-supereffective|p2a: Landorus\n|-damage|p2a: Landorus|0 fnt\n|faint|p2a: Landorus\n|\n|upkeep\n|\n|t:|1699938814\n|switch|p2a: Corviknight|Corviknight, F, shiny|63\/100\n|-ability|p2a: Corviknight|Pressure\n|turn|8\n|\n|t:|1699938816\n|move|p1a: Aigis|Ivy Cudgel|p2a: Corviknight\n|-damage|p2a: Corviknight|12\/100\n|move|p2a: Corviknight|Brave Bird|p1a: Aigis\n|-supereffective|p1a: Aigis\n|-damage|p1a: Aigis|8\/100\n|-damage|p2a: Corviknight|0 fnt|[from] Recoil\n|faint|p2a: Corviknight\n|\n|upkeep\n|\n|t:|1699938821\n|switch|p2a: Jirachi|Jirachi|100\/100\n|turn|9\n|\n|t:|1699938828\n|switch|p1a: Makoto Yuki|Kartana, shiny|100\/100\n|move|p2a: Jirachi|U-turn|p1a: Makoto Yuki\n|-damage|p1a: Makoto Yuki|79\/100\n|\n|t:|1699938831\n|switch|p2a: Altaria|Altaria, F, shiny|100\/100|[from] U-turn\n|\n|upkeep\n|turn|10\n|\n|t:|1699938843\n|detailschange|p2a: Altaria|Altaria-Mega, F, shiny\n|-mega|p2a: Altaria|Altaria|Altarianite\n|move|p1a: Makoto Yuki|Swords Dance|p1a: Makoto Yuki\n|-boost|p1a: Makoto Yuki|atk|2\n|move|p2a: Altaria|Flamethrower|p1a: Makoto Yuki\n|-supereffective|p1a: Makoto Yuki\n|-damage|p1a: Makoto Yuki|0 fnt\n|faint|p1a: Makoto Yuki\n|\n|upkeep\n|\n|t:|1699938849\n|switch|p1a: Junpei Iori|Weavile, M, shiny|100\/100\n|turn|11\n|\n|t:|1699938853\n|move|p1a: Junpei Iori|Ice Spinner|p2a: Altaria\n|-supereffective|p2a: Altaria\n|-damage|p2a: Altaria|46\/100\n|move|p2a: Altaria|Body Slam|p1a: Junpei Iori\n|-supereffective|p1a: Junpei Iori\n|-enditem|p1a: Junpei Iori|Focus Sash\n|-damage|p1a: Junpei Iori|1\/100\n|-status|p1a: Junpei Iori|par\n|\n|upkeep\n|turn|12\n|\n|t:|1699938865\n|cant|p1a: Junpei Iori|par\n|move|p2a: Altaria|Roost|p2a: Altaria\n|-heal|p2a: Altaria|96\/100\n|-singleturn|p2a: Altaria|move: Roost\n|\n|upkeep\n|turn|13\n|\n|t:|1699938872\n|switch|p2a: Heatran|Heatran, F|100\/100\n|move|p1a: Junpei Iori|Ice Spinner|p2a: Heatran\n|-resisted|p2a: Heatran\n|-crit|p2a: Heatran\n|-damage|p2a: Heatran|88\/100\n|\n|-heal|p2a: Heatran|94\/100|[from] item: Leftovers\n|upkeep\n|turn|14\n|\n|t:|1699938876\n|move|p2a: Heatran|Lava Plume|p1a: Junpei Iori\n|-supereffective|p1a: Junpei Iori\n|-damage|p1a: Junpei Iori|0 fnt\n|faint|p1a: Junpei Iori\n|\n|-heal|p2a: Heatran|99\/100|[from] item: Leftovers\n|upkeep\n|\n|t:|1699938883\n|switch|p1a: Ryoji Mochizuki|Gallade, M, shiny|100\/100\n|turn|15\n|\n|t:|1699938887\n|detailschange|p1a: Ryoji Mochizuki|Gallade-Mega, M, shiny\n|-mega|p1a: Ryoji Mochizuki|Gallade|Galladite\n|move|p1a: Ryoji Mochizuki|Swords Dance|p1a: Ryoji Mochizuki\n|-boost|p1a: Ryoji Mochizuki|atk|2\n|move|p2a: Heatran|Lava Plume|p1a: Ryoji Mochizuki\n|-damage|p1a: Ryoji Mochizuki|64\/100\n|\n|-heal|p2a: Heatran|100\/100|[from] item: Leftovers\n|upkeep\n|turn|16\n|\n|t:|1699938900\n|move|p1a: Ryoji Mochizuki|Sacred Sword|p2a: Heatran\n|-supereffective|p2a: Heatran\n|-damage|p2a: Heatran|0 fnt\n|faint|p2a: Heatran\n|\n|upkeep\n|\n|t:|1699938903\n|switch|p2a: Jirachi|Jirachi|100\/100\n|turn|17\n|\n|t:|1699938925\n|move|p2a: Jirachi|Zen Headbutt|p1a: Ryoji Mochizuki\n|-damage|p1a: Ryoji Mochizuki|21\/100\n|move|p1a: Ryoji Mochizuki|Night Slash|p2a: Jirachi\n|-supereffective|p2a: Jirachi\n|-damage|p2a: Jirachi|0 fnt\n|faint|p2a: Jirachi\n|\n|upkeep\n|\n|t:|1699938928\n|switch|p2a: Altaria|Altaria-Mega, F, shiny|96\/100\n|-status|p2a: Altaria|psn\n|turn|18\n|\n|t:|1699938932\n|move|p1a: Ryoji Mochizuki|Psycho Cut|p2a: Altaria\n|-crit|p2a: Altaria\n|-damage|p2a: Altaria|15\/100 psn\n|move|p2a: Altaria|Body Slam|p1a: Ryoji Mochizuki\n|-supereffective|p1a: Ryoji Mochizuki\n|-damage|p1a: Ryoji Mochizuki|0 fnt\n|faint|p1a: Ryoji Mochizuki\n|\n|-damage|p2a: Altaria|2\/100 psn|[from] psn\n|upkeep\n|-message|variares DD forfeited.\n|\n|win|Kuzwa\n|raw|Kuzwa's rating: 1358 &rarr; <strong>1380<\/strong><br \/>(+22 for winning)\n|raw|variares DD's rating: 1399 &rarr; <strong>1377<\/strong><br \/>(-22 for losing)\n|l|\u2606variares DD\n","uploadtime":1699938940,"views":4,"p1id":"kuzwa","p2id":"variaresdd","formatid":"gen9nationaldex","rating":1377,"private":0,"password":""}