{"id":"gen9nationaldex-1991125036","p1":"Ciaodaniii","p2":"skif1439","format":"[Gen 9] National Dex","log":"|j|\u2606Ciaodaniii\n|j|\u2606skif1439\n|t:|1700046757\n|gametype|singles\n|player|p1|Ciaodaniii|skier|1068\n|player|p2|skif1439|alder|1203\n|teamsize|p1|6\n|teamsize|p2|6\n|gen|9\n|tier|[Gen 9] National Dex\n|rated|\n|rule|HP Percentage Mod: HP is shown in percentages\n|rule|Endless Battle Clause: Forcing endless battles is banned\n|rule|OHKO Clause: OHKO moves are banned\n|rule|Evasion Clause: Evasion abilities, items, and moves are banned\n|rule|Evasion Abilities Clause: Evasion abilities are banned\n|rule|Evasion Items Clause: Evasion items are banned\n|rule|Evasion Moves Clause: Evasion moves are banned\n|rule|Species Clause: Limit one of each Pok\u00e9mon\n|rule|Sleep Clause Mod: Limit one foe put to sleep\n|clearpoke\n|poke|p1|Butterfree, M|\n|poke|p1|Garchomp, F|\n|poke|p1|Glimmora, F|\n|poke|p1|Charizard, M|\n|poke|p1|Leafeon, F|\n|poke|p1|Corviknight, F|\n|poke|p2|Whimsicott, M|\n|poke|p2|Comfey, F|\n|poke|p2|Golurk|\n|poke|p2|Garganacl, F|\n|poke|p2|Medicham, M|\n|poke|p2|Kleavor, F|\n|teampreview\n|\n|t:|1700046766\n|start\n|switch|p1a: Glimmora|Glimmora, F|100\/100\n|switch|p2a: Kleavor|Kleavor, F|100\/100\n|turn|1\n|\n|t:|1700046775\n|move|p2a: Kleavor|Stone Axe|p1a: Glimmora\n|-damage|p1a: Glimmora|50\/100\n|-activate|p1a: Glimmora|ability: Toxic Debris\n|-sidestart|p2: skif1439|move: Toxic Spikes\n|-sidestart|p1: Ciaodaniii|move: Stealth Rock\n|move|p1a: Glimmora|Toxic|p2a: Kleavor\n|-status|p2a: Kleavor|tox\n|\n|-damage|p2a: Kleavor|94\/100 tox|[from] psn\n|upkeep\n|turn|2\n|\n|t:|1700046785\n|move|p2a: Kleavor|Stone Axe|p1a: Glimmora|[miss]\n|-miss|p2a: Kleavor|p1a: Glimmora\n|move|p1a: Glimmora|Mortal Spin|p2a: Kleavor\n|-resisted|p2a: Kleavor\n|-damage|p2a: Kleavor|91\/100 tox\n|-sideend|p1: Ciaodaniii|Stealth Rock|[from] move: Mortal Spin|[of] p1a: Glimmora\n|\n|-damage|p2a: Kleavor|78\/100 tox|[from] psn\n|upkeep\n|turn|3\n|\n|t:|1700046797\n|move|p2a: Kleavor|Stone Axe|p1a: Glimmora\n|-damage|p1a: Glimmora|5\/100\n|-activate|p1a: Glimmora|ability: Toxic Debris\n|-sidestart|p2: skif1439|move: Toxic Spikes\n|-sidestart|p1: Ciaodaniii|move: Stealth Rock\n|move|p1a: Glimmora|Spikes|p2a: Kleavor\n|-sidestart|p2: skif1439|Spikes\n|\n|-damage|p2a: Kleavor|60\/100 tox|[from] psn\n|upkeep\n|turn|4\n|-enditem|p1a: Glimmora|Custap Berry|[eat]\n|-activate|p1a: Glimmora|item: Custap Berry|[consumed]\n|\n|t:|1700046813\n|move|p1a: Glimmora|Mortal Spin|p2a: Kleavor\n|-resisted|p2a: Kleavor\n|-damage|p2a: Kleavor|56\/100 tox\n|-sideend|p1: Ciaodaniii|Stealth Rock|[from] move: Mortal Spin|[of] p1a: Glimmora\n|move|p2a: Kleavor|Stone Axe|p1a: Glimmora\n|-damage|p1a: Glimmora|0 fnt\n|-sidestart|p1: Ciaodaniii|move: Stealth Rock\n|faint|p1a: Glimmora\n|\n|-damage|p2a: Kleavor|32\/100 tox|[from] psn\n|upkeep\n|\n|t:|1700046828\n|switch|p1a: Garchomp|Garchomp, F|100\/100\n|-damage|p1a: Garchomp|94\/100|[from] Stealth Rock\n|turn|5\n|\n|t:|1700046837\n|move|p1a: Garchomp|Hone Claws|p1a: Garchomp\n|-boost|p1a: Garchomp|atk|1\n|-boost|p1a: Garchomp|accuracy|1\n|move|p2a: Kleavor|Stone Axe|p1a: Garchomp\n|-resisted|p1a: Garchomp\n|-damage|p1a: Garchomp|69\/100\n|-damage|p2a: Kleavor|19\/100 tox|[from] ability: Rough Skin|[of] p1a: Garchomp\n|\n|-heal|p1a: Garchomp|76\/100|[from] item: Leftovers\n|-damage|p2a: Kleavor|0 fnt|[from] psn\n|faint|p2a: Kleavor\n|upkeep\n|\n|t:|1700046855\n|switch|p2a: Medicham|Medicham, M|100\/100\n|-status|p2a: Medicham|tox\n|-damage|p2a: Medicham|88\/100 tox|[from] Spikes\n|turn|6\n|\n|t:|1700046864\n|detailschange|p2a: Medicham|Medicham-Mega, M\n|-mega|p2a: Medicham|Medicham|Medichamite\n|move|p2a: Medicham|Fake Out|p1a: Garchomp\n|-damage|p1a: Garchomp|52\/100\n|-damage|p2a: Medicham|76\/100 tox|[from] ability: Rough Skin|[of] p1a: Garchomp\n|cant|p1a: Garchomp|flinch\n|\n|-heal|p1a: Garchomp|58\/100|[from] item: Leftovers\n|-damage|p2a: Medicham|70\/100 tox|[from] psn\n|upkeep\n|turn|7\n|\n|t:|1700046876\n|move|p2a: Medicham|Ice Punch|p1a: Garchomp\n|-supereffective|p1a: Garchomp\n|-damage|p1a: Garchomp|0 fnt\n|-damage|p2a: Medicham|58\/100 tox|[from] ability: Rough Skin|[of] p1a: Garchomp\n|faint|p1a: Garchomp\n|\n|-damage|p2a: Medicham|45\/100 tox|[from] psn\n|upkeep\n|\n|t:|1700046886\n|switch|p1a: Charizard|Charizard, M|100\/100\n|-damage|p1a: Charizard|51\/100|[from] Stealth Rock\n|turn|8\n|\n|t:|1700046893\n|detailschange|p1a: Charizard|Charizard-Mega-Y, M\n|-mega|p1a: Charizard|Charizard|Charizardite Y\n|-weather|SunnyDay|[from] ability: Drought|[of] p1a: Charizard\n|move|p2a: Medicham|Ice Punch|p1a: Charizard\n|-damage|p1a: Charizard|0 fnt\n|faint|p1a: Charizard\n|\n|-weather|SunnyDay|[upkeep]\n|-damage|p2a: Medicham|27\/100 tox|[from] psn\n|upkeep\n|\n|t:|1700046907\n|switch|p1a: Corviknight|Corviknight, F|100\/100\n|-damage|p1a: Corviknight|88\/100|[from] Stealth Rock\n|turn|9\n|\n|t:|1700046919\n|move|p2a: Medicham|Drain Punch|p1a: Corviknight\n|-damage|p1a: Corviknight|39\/100\n|-heal|p2a: Medicham|61\/100 tox|[from] drain|[of] p1a: Corviknight\n|-damage|p2a: Medicham|45\/100 tox|[from] item: Rocky Helmet|[of] p1a: Corviknight\n|move|p1a: Corviknight|Iron Defense|p1a: Corviknight\n|-boost|p1a: Corviknight|def|2\n|\n|-weather|SunnyDay|[upkeep]\n|-damage|p2a: Medicham|20\/100 tox|[from] psn\n|upkeep\n|turn|10\n|\n|t:|1700046931\n|move|p2a: Medicham|Drain Punch|p1a: Corviknight\n|-damage|p1a: Corviknight|16\/100\n|-heal|p2a: Medicham|36\/100 tox|[from] drain|[of] p1a: Corviknight\n|-damage|p2a: Medicham|20\/100 tox|[from] item: Rocky Helmet|[of] p1a: Corviknight\n|move|p1a: Corviknight|Roost|p1a: Corviknight\n|-heal|p1a: Corviknight|66\/100\n|-singleturn|p1a: Corviknight|move: Roost\n|\n|-weather|SunnyDay|[upkeep]\n|-damage|p2a: Medicham|0 fnt|[from] psn\n|faint|p2a: Medicham\n|upkeep\n|\n|t:|1700046939\n|switch|p2a: Garganacl|Garganacl, F|100\/100\n|-damage|p2a: Garganacl|88\/100|[from] Spikes\n|turn|11\n|\n|t:|1700046951\n|move|p1a: Corviknight|Body Press|p2a: Garganacl\n|-supereffective|p2a: Garganacl\n|-damage|p2a: Garganacl|40\/100\n|move|p2a: Garganacl|Salt Cure|p1a: Corviknight\n|-damage|p1a: Corviknight|60\/100\n|-start|p1a: Corviknight|Salt Cure\n|\n|-weather|SunnyDay|[upkeep]\n|-heal|p2a: Garganacl|46\/100|[from] item: Leftovers\n|-damage|p1a: Corviknight|35\/100|[from] Salt Cure\n|upkeep\n|turn|12\n|\n|t:|1700046962\n|move|p1a: Corviknight|Body Press|p2a: Garganacl\n|-supereffective|p2a: Garganacl\n|-damage|p2a: Garganacl|0 fnt\n|faint|p2a: Garganacl\n|\n|-weather|none\n|-damage|p1a: Corviknight|10\/100|[from] Salt Cure\n|upkeep\n|\n|t:|1700046976\n|switch|p2a: Whimsicott|Whimsicott, M|100\/100\n|-status|p2a: Whimsicott|tox\n|-damage|p2a: Whimsicott|88\/100 tox|[from] Spikes\n|turn|13\n|\n|t:|1700046986\n|move|p2a: Whimsicott|Moonblast|p1a: Corviknight\n|-resisted|p1a: Corviknight\n|-damage|p1a: Corviknight|0 fnt\n|faint|p1a: Corviknight\n|\n|-damage|p2a: Whimsicott|82\/100 tox|[from] psn\n|upkeep\n|\n|t:|1700046990\n|switch|p1a: Leafeon|Leafeon, F|100\/100\n|-damage|p1a: Leafeon|88\/100|[from] Stealth Rock\n|turn|14\n|\n|t:|1700047009\n|move|p2a: Whimsicott|Moonblast|p1a: Leafeon\n|-damage|p1a: Leafeon|25\/100\n|-unboost|p1a: Leafeon|spa|1\n|move|p1a: Leafeon|Knock Off|p2a: Whimsicott\n|-resisted|p2a: Whimsicott\n|-damage|p2a: Whimsicott|65\/100 tox\n|-enditem|p2a: Whimsicott|Sitrus Berry|[from] move: Knock Off|[of] p1a: Leafeon\n|\n|-damage|p2a: Whimsicott|53\/100 tox|[from] psn\n|upkeep\n|turn|15\n|\n|t:|1700047020\n|move|p2a: Whimsicott|Moonblast|p1a: Leafeon\n|-damage|p1a: Leafeon|0 fnt\n|faint|p1a: Leafeon\n|\n|-damage|p2a: Whimsicott|35\/100 tox|[from] psn\n|upkeep\n|\n|t:|1700047023\n|switch|p1a: Butterfree|Butterfree, M|100\/100\n|-damage|p1a: Butterfree|51\/100|[from] Stealth Rock\n|turn|16\n|\n|t:|1700047029\n|move|p2a: Whimsicott|Moonblast|p1a: Butterfree\n|-damage|p1a: Butterfree|0 fnt\n|faint|p1a: Butterfree\n|\n|win|skif1439\n|raw|Ciaodaniii's rating: 1068 &rarr; <strong>1055<\/strong><br \/>(-13 for losing)\n|raw|skif1439's rating: 1203 &rarr; <strong>1219<\/strong><br \/>(+16 for winning)\n|c|\u2606skif1439|ggs\n","uploadtime":1700047041,"views":5,"p1id":"ciaodaniii","p2id":"skif1439","formatid":"gen9nationaldex","rating":1055,"private":0,"password":""}