{"id":"gen9nationaldex-1988369493","p1":"d-ddkb\u771f\u65b0\u4eba","p2":"jzhuc1841","format":"[Gen 9] National Dex","log":"|j|\u2606d-ddkb\u771f\u65b0\u4eba\n|j|\u2606jzhuc1841\n|t:|1699714982\n|gametype|singles\n|player|p1|d-ddkb\u771f\u65b0\u4eba|furisodegirl-black|1723\n|player|p2|jzhuc1841|hilbert-wonderlauncher|1685\n|teamsize|p1|6\n|teamsize|p2|6\n|gen|9\n|tier|[Gen 9] National Dex\n|rated|\n|rule|HP Percentage Mod: HP is shown in percentages\n|rule|Endless Battle Clause: Forcing endless battles is banned\n|rule|OHKO Clause: OHKO moves are banned\n|rule|Evasion Clause: Evasion abilities, items, and moves are banned\n|rule|Evasion Abilities Clause: Evasion abilities are banned\n|rule|Evasion Items Clause: Evasion items are banned\n|rule|Evasion Moves Clause: Evasion moves are banned\n|rule|Species Clause: Limit one of each Pok\u00e9mon\n|rule|Sleep Clause Mod: Limit one foe put to sleep\n|clearpoke\n|poke|p1|Rillaboom, M|\n|poke|p1|Zapdos|\n|poke|p1|Diancie|\n|poke|p1|Tapu Lele|\n|poke|p1|Urshifu-*, F|\n|poke|p1|Samurott-Hisui, F|\n|poke|p2|Moltres|\n|poke|p2|Banette, F|\n|poke|p2|Sneasler, M|\n|poke|p2|Garchomp, F|\n|poke|p2|Kommo-o, F|\n|poke|p2|Bisharp, M|\n|teampreview\n|\n|t:|1699714993\n|start\n|switch|p1a: Samurott|Samurott-Hisui, F|100\/100\n|switch|p2a: Sneasler|Sneasler, M|100\/100\n|turn|1\n|\n|t:|1699715005\n|switch|p1a: \u4e3a\u4ec0\u4e48\u6211\u7684\u9e1f\u54e5\u4e24\u7279\u6027\u90fd\u662f\u767d\u677f\uff08\uff09|Zapdos|100\/100\n|move|p2a: Sneasler|U-turn|p1a: \u4e3a\u4ec0\u4e48\u6211\u7684\u9e1f\u54e5\u4e24\u7279\u6027\u90fd\u662f\u767d\u677f\uff08\uff09\n|-resisted|p1a: \u4e3a\u4ec0\u4e48\u6211\u7684\u9e1f\u54e5\u4e24\u7279\u6027\u90fd\u662f\u767d\u677f\uff08\uff09\n|-damage|p1a: \u4e3a\u4ec0\u4e48\u6211\u7684\u9e1f\u54e5\u4e24\u7279\u6027\u90fd\u662f\u767d\u677f\uff08\uff09|91\/100\n|-status|p1a: \u4e3a\u4ec0\u4e48\u6211\u7684\u9e1f\u54e5\u4e24\u7279\u6027\u90fd\u662f\u767d\u677f\uff08\uff09|psn|[from] ability: Poison Touch|[of] p2a: Sneasler\n|\n|t:|1699715015\n|switch|p2a: Garchomp|Garchomp, F|100\/100|[from] U-turn\n|\n|-damage|p1a: \u4e3a\u4ec0\u4e48\u6211\u7684\u9e1f\u54e5\u4e24\u7279\u6027\u90fd\u662f\u767d\u677f\uff08\uff09|78\/100 psn|[from] psn\n|upkeep\n|turn|2\n|\n|t:|1699715024\n|move|p2a: Garchomp|Swords Dance|p2a: Garchomp\n|-boost|p2a: Garchomp|atk|2\n|move|p1a: \u4e3a\u4ec0\u4e48\u6211\u7684\u9e1f\u54e5\u4e24\u7279\u6027\u90fd\u662f\u767d\u677f\uff08\uff09|Hurricane|p2a: Garchomp\n|-damage|p2a: Garchomp|44\/100\n|\n|-damage|p1a: \u4e3a\u4ec0\u4e48\u6211\u7684\u9e1f\u54e5\u4e24\u7279\u6027\u90fd\u662f\u767d\u677f\uff08\uff09|66\/100 psn|[from] psn\n|upkeep\n|turn|3\n|c|\u2606d-ddkb\u771f\u65b0\u4eba|1\n|l|\u2606d-ddkb\u771f\u65b0\u4eba\n|player|p1|\n|inactive|Battle timer is ON: inactive players will automatically lose when time's up. (requested by jzhuc1841)\n|j|\u2606d-ddkb\u771f\u65b0\u4eba\n|inactive|d-ddkb\u771f\u65b0\u4eba reconnected and has 140 seconds left.\n|player|p1|d-ddkb\u771f\u65b0\u4eba|furisodegirl-black\n|\n|t:|1699715115\n|switch|p1a: Diancie|Diancie|100\/100\n|move|p2a: Garchomp|Scale Shot|p1a: Diancie\n|-immune|p1a: Diancie\n|\n|upkeep\n|turn|4\n|\n|t:|1699715121\n|detailschange|p1a: Diancie|Diancie-Mega\n|-mega|p1a: Diancie|Diancie|Diancite\n|move|p1a: Diancie|Moonblast|p2a: Garchomp\n|-supereffective|p2a: Garchomp\n|-damage|p2a: Garchomp|0 fnt\n|faint|p2a: Garchomp\n|\n|upkeep\n|\n|t:|1699715128\n|switch|p2a: Sneasler|Sneasler, M|100\/100\n|turn|5\n|\n|t:|1699715139\n|switch|p1a: \u4e3a\u4ec0\u4e48\u6211\u7684\u9e1f\u54e5\u4e24\u7279\u6027\u90fd\u662f\u767d\u677f\uff08\uff09|Zapdos|66\/100 psn\n|-terastallize|p2a: Sneasler|Fighting\n|move|p2a: Sneasler|Close Combat|p1a: \u4e3a\u4ec0\u4e48\u6211\u7684\u9e1f\u54e5\u4e24\u7279\u6027\u90fd\u662f\u767d\u677f\uff08\uff09\n|-resisted|p1a: \u4e3a\u4ec0\u4e48\u6211\u7684\u9e1f\u54e5\u4e24\u7279\u6027\u90fd\u662f\u767d\u677f\uff08\uff09\n|-damage|p1a: \u4e3a\u4ec0\u4e48\u6211\u7684\u9e1f\u54e5\u4e24\u7279\u6027\u90fd\u662f\u767d\u677f\uff08\uff09|31\/100 psn\n|-unboost|p2a: Sneasler|def|1\n|-unboost|p2a: Sneasler|spd|1\n|\n|-damage|p1a: \u4e3a\u4ec0\u4e48\u6211\u7684\u9e1f\u54e5\u4e24\u7279\u6027\u90fd\u662f\u767d\u677f\uff08\uff09|19\/100 psn|[from] psn\n|upkeep\n|turn|6\n|\n|t:|1699715155\n|move|p2a: Sneasler|Close Combat|p1a: \u4e3a\u4ec0\u4e48\u6211\u7684\u9e1f\u54e5\u4e24\u7279\u6027\u90fd\u662f\u767d\u677f\uff08\uff09\n|-resisted|p1a: \u4e3a\u4ec0\u4e48\u6211\u7684\u9e1f\u54e5\u4e24\u7279\u6027\u90fd\u662f\u767d\u677f\uff08\uff09\n|-damage|p1a: \u4e3a\u4ec0\u4e48\u6211\u7684\u9e1f\u54e5\u4e24\u7279\u6027\u90fd\u662f\u767d\u677f\uff08\uff09|0 fnt\n|-unboost|p2a: Sneasler|def|1\n|-unboost|p2a: Sneasler|spd|1\n|-status|p2a: Sneasler|par|[from] ability: Static|[of] p1a: \u4e3a\u4ec0\u4e48\u6211\u7684\u9e1f\u54e5\u4e24\u7279\u6027\u90fd\u662f\u767d\u677f\uff08\uff09\n|faint|p1a: \u4e3a\u4ec0\u4e48\u6211\u7684\u9e1f\u54e5\u4e24\u7279\u6027\u90fd\u662f\u767d\u677f\uff08\uff09\n|\n|upkeep\n|\n|t:|1699715159\n|switch|p1a: \u5148\u5236\u90fd\u53ef\u4ee5\u5148\u5236|Tapu Lele|100\/100\n|-fieldstart|move: Psychic Terrain|[from] ability: Psychic Surge|[of] p1a: \u5148\u5236\u90fd\u53ef\u4ee5\u5148\u5236\n|turn|7\n|\n|t:|1699715167\n|switch|p2a: Bisharp|Bisharp, M|100\/100\n|move|p1a: \u5148\u5236\u90fd\u53ef\u4ee5\u5148\u5236|Moonblast|p2a: Bisharp\n|-damage|p2a: Bisharp|44\/100\n|\n|upkeep\n|turn|8\n|\n|t:|1699715172\n|move|p1a: \u5148\u5236\u90fd\u53ef\u4ee5\u5148\u5236|Moonblast|p2a: Bisharp\n|-damage|p2a: Bisharp|0 fnt\n|faint|p2a: Bisharp\n|\n|upkeep\n|\n|t:|1699715176\n|switch|p2a: Sneasler|Sneasler, M, tera:Fighting|100\/100 par\n|turn|9\n|\n|t:|1699715181\n|move|p2a: Sneasler|Dire Claw|p1a: \u5148\u5236\u90fd\u53ef\u4ee5\u5148\u5236\n|-supereffective|p1a: \u5148\u5236\u90fd\u53ef\u4ee5\u5148\u5236\n|-damage|p1a: \u5148\u5236\u90fd\u53ef\u4ee5\u5148\u5236|0 fnt\n|faint|p1a: \u5148\u5236\u90fd\u53ef\u4ee5\u5148\u5236\n|\n|upkeep\n|\n|t:|1699715188\n|switch|p1a: Diancie|Diancie-Mega|100\/100\n|turn|10\n|\n|t:|1699715204\n|switch|p2a: Moltres|Moltres|100\/100\n|move|p1a: Diancie|Moonblast|p2a: Moltres\n|-resisted|p2a: Moltres\n|-damage|p2a: Moltres|71\/100\n|-unboost|p2a: Moltres|spa|1\n|\n|upkeep\n|turn|11\n|\n|t:|1699715209\n|move|p1a: Diancie|Diamond Storm|p2a: Moltres\n|-supereffective|p2a: Moltres\n|-damage|p2a: Moltres|0 fnt\n|faint|p2a: Moltres\n|\n|-fieldend|move: Psychic Terrain\n|upkeep\n|\n|t:|1699715213\n|switch|p2a: Sneasler|Sneasler, M, tera:Fighting|100\/100 par\n|turn|12\n|\n|t:|1699715218\n|move|p1a: Diancie|Moonblast|p2a: Sneasler\n|-supereffective|p2a: Sneasler\n|-damage|p2a: Sneasler|0 fnt\n|faint|p2a: Sneasler\n|\n|upkeep\n|j| rowletroost\n|\n|t:|1699715227\n|switch|p2a: Banette|Banette, F|100\/100\n|turn|13\n|\n|t:|1699715234\n|switch|p1a: Samurott|Samurott-Hisui, F|100\/100\n|detailschange|p2a: Banette|Banette-Mega, F\n|-mega|p2a: Banette|Banette|Banettite\n|move|p2a: Banette|Poltergeist|p1a: Samurott\n|-activate|p1a: Samurott|move: Poltergeist|Assault Vest\n|-resisted|p1a: Samurott\n|-crit|p1a: Samurott\n|-damage|p1a: Samurott|39\/100\n|\n|upkeep\n|turn|14\n|\n|t:|1699715242\n|switch|p2a: Kommo-o|Kommo-o, F|100\/100\n|move|p1a: Samurott|Ceaseless Edge|p2a: Kommo-o\n|-resisted|p2a: Kommo-o\n|-damage|p2a: Kommo-o|76\/100\n|-sidestart|p2: jzhuc1841|Spikes\n|\n|upkeep\n|turn|15\n|\n|t:|1699715250\n|move|p1a: Samurott|Sucker Punch|p2a: Kommo-o\n|-resisted|p2a: Kommo-o\n|-damage|p2a: Kommo-o|60\/100\n|move|p2a: Kommo-o|Flash Cannon|p1a: Samurott\n|-resisted|p1a: Samurott\n|-damage|p1a: Samurott|29\/100\n|\n|upkeep\n|turn|16\n|\n|t:|1699715259\n|switch|p1a: Diancie|Diancie-Mega|100\/100\n|-zpower|p2a: Kommo-o\n|move|p2a: Kommo-o|Clangorous Soulblaze|p1a: Diancie|[zeffect]\n|-immune|p1a: Diancie\n|\n|upkeep\n|turn|17\n|\n|t:|1699715265\n|move|p1a: Diancie|Moonblast|p2a: Kommo-o\n|-supereffective|p2a: Kommo-o\n|-damage|p2a: Kommo-o|0 fnt\n|faint|p2a: Kommo-o\n|\n|upkeep\n|\n|t:|1699715267\n|switch|p2a: Banette|Banette-Mega, F|100\/100\n|-damage|p2a: Banette|88\/100|[from] Spikes\n|turn|18\n|\n|t:|1699715271\n|move|p2a: Banette|Destiny Bond|p2a: Banette\n|-singlemove|p2a: Banette|Destiny Bond\n|move|p1a: Diancie|Moonblast|p2a: Banette\n|-damage|p2a: Banette|7\/100\n|\n|upkeep\n|turn|19\n|\n|t:|1699715275\n|move|p1a: Diancie|Moonblast|p2a: Banette\n|-damage|p2a: Banette|0 fnt\n|faint|p2a: Banette\n|-activate|p2a: Banette|move: Destiny Bond\n|faint|p1a: Diancie\n|\n|win|d-ddkb\u771f\u65b0\u4eba\n|raw|d-ddkb\u771f\u65b0\u4eba's rating: 1723 &rarr; <strong>1741<\/strong><br \/>(+18 for winning)\n|raw|jzhuc1841's rating: 1685 &rarr; <strong>1667<\/strong><br \/>(-18 for losing)\n|l|\u2606jzhuc1841\n","uploadtime":1699715290,"views":4,"p1id":"dddkb","p2id":"jzhuc1841","formatid":"gen9nationaldex","rating":1667,"private":0,"password":""}