{"id":"gen9nationaldex-1996037094","p1":"NDSNEZ Losing It","p2":"GAGA233","format":"[Gen 9] National Dex","log":"|html|<div class=\"broadcast-blue\"><strong>[Gen 9] National Dex is currently suspecting Sneasler! For information on how to participate check out the <a href=\"https:\/\/www.smogon.com\/forums\/threads\/sv-national-dex-suspect-8-just-dance.3731534\/\">suspect thread<\/a>.<\/strong><\/div>\n|j|\u2606NDSNEZ Losing It\n|j|\u2606GAGA233\n|t:|1700633221\n|gametype|singles\n|player|p1|NDSNEZ Losing It|iris-masters|1588\n|player|p2|GAGA233|1|1659\n|teamsize|p1|6\n|teamsize|p2|6\n|gen|9\n|tier|[Gen 9] National Dex\n|rated|\n|rule|HP Percentage Mod: HP is shown in percentages\n|rule|Endless Battle Clause: Forcing endless battles is banned\n|rule|OHKO Clause: OHKO moves are banned\n|rule|Evasion Clause: Evasion abilities, items, and moves are banned\n|rule|Evasion Abilities Clause: Evasion abilities are banned\n|rule|Evasion Items Clause: Evasion items are banned\n|rule|Evasion Moves Clause: Evasion moves are banned\n|rule|Species Clause: Limit one of each Pok\u00e9mon\n|rule|Sleep Clause Mod: Limit one foe put to sleep\n|clearpoke\n|poke|p1|Diancie|\n|poke|p1|Dragonite, M|\n|poke|p1|Iron Valiant|\n|poke|p1|Iron Moth|\n|poke|p1|Kartana|\n|poke|p1|Urshifu-*, M|\n|poke|p2|Rabsca, F|\n|poke|p2|Hatterene, F|\n|poke|p2|Banette, F|\n|poke|p2|Porygon2|\n|poke|p2|Marowak-Alola, M|\n|poke|p2|Golem-Alola, F|\n|teampreview\n|inactive|Battle timer is ON: inactive players will automatically lose when time's up. (requested by GAGA233)\n|\n|t:|1700633231\n|start\n|switch|p1a: Diancie|Diancie|100\/100\n|switch|p2a: Banette|Banette, F|100\/100\n|turn|1\n|\n|t:|1700633235\n|detailschange|p1a: Diancie|Diancie-Mega\n|-mega|p1a: Diancie|Diancie|Diancite\n|detailschange|p2a: Banette|Banette-Mega, F\n|-mega|p2a: Banette|Banette|Banettite\n|move|p1a: Diancie|Moonblast|p2a: Banette\n|-damage|p2a: Banette|46\/100\n|move|p2a: Banette|Poltergeist|p1a: Diancie\n|-activate|p1a: Diancie|move: Poltergeist|Diancite\n|-damage|p1a: Diancie|17\/100\n|\n|upkeep\n|turn|2\n|\n|t:|1700633245\n|switch|p2a: Porygon2|Porygon2|100\/100\n|-ability|p2a: Porygon2|Magic Bounce|[from] ability: Trace|[of] p1a: Diancie\n|move|p1a: Diancie|Moonblast|p2a: Porygon2\n|-damage|p2a: Porygon2|77\/100\n|\n|upkeep\n|turn|3\n|\n|t:|1700633251\n|move|p1a: Diancie|Stealth Rock|p2a: Porygon2\n|move|p2a: Porygon2|Stealth Rock|p1a: Diancie|[from]ability: Magic Bounce\n|-sidestart|p1: NDSNEZ Losing It|move: Stealth Rock\n|move|p2a: Porygon2|Ice Beam|p1a: Diancie\n|-damage|p1a: Diancie|0 fnt\n|faint|p1a: Diancie\n|\n|upkeep\n|c|\u2606NDSNEZ Losing It|...\n|\n|t:|1700633258\n|switch|p1a: Urshifu|Urshifu-Rapid-Strike, M|100\/100\n|-damage|p1a: Urshifu|94\/100|[from] Stealth Rock\n|turn|4\n|\n|t:|1700633263\n|switch|p2a: Hatterene|Hatterene, F|100\/100\n|move|p1a: Urshifu|Close Combat|p2a: Hatterene\n|-resisted|p2a: Hatterene\n|-damage|p2a: Hatterene|84\/100\n|-unboost|p1a: Urshifu|def|1\n|-unboost|p1a: Urshifu|spd|1\n|\n|upkeep\n|turn|5\n|\n|t:|1700633285\n|switch|p1a: Kartana|Kartana|100\/100\n|-damage|p1a: Kartana|94\/100|[from] Stealth Rock\n|-terastallize|p2a: Hatterene|Water\n|move|p2a: Hatterene|Trick Room|p2a: Hatterene\n|-fieldstart|move: Trick Room|[of] p2a: Hatterene\n|\n|upkeep\n|turn|6\n|\n|t:|1700633290\n|move|p2a: Hatterene|Mystical Fire|p1a: Kartana\n|-supereffective|p1a: Kartana\n|-damage|p1a: Kartana|0 fnt\n|faint|p1a: Kartana\n|\n|upkeep\n|\n|t:|1700633296\n|switch|p1a: Dragonite|Dragonite, M|100\/100\n|-damage|p1a: Dragonite|76\/100|[from] Stealth Rock\n|turn|7\n|\n|t:|1700633301\n|switch|p1a: Iron Moth|Iron Moth|100\/100\n|-damage|p1a: Iron Moth|76\/100|[from] Stealth Rock\n|-enditem|p1a: Iron Moth|Booster Energy\n|-activate|p1a: Iron Moth|ability: Quark Drive|[fromitem]\n|-start|p1a: Iron Moth|quarkdrivespe\n|move|p2a: Hatterene|Misty Explosion|p1a: Iron Moth\n|-resisted|p1a: Iron Moth\n|-damage|p1a: Iron Moth|60\/100\n|faint|p2a: Hatterene\n|\n|upkeep\n|\n|t:|1700633315\n|switch|p2a: Golem|Golem-Alola, F|100\/100\n|turn|8\n|\n|t:|1700633319\n|move|p2a: Golem|High Horsepower|p1a: Iron Moth\n|-supereffective|p1a: Iron Moth\n|-damage|p1a: Iron Moth|0 fnt\n|faint|p1a: Iron Moth\n|-end|p1a: Iron Moth|Quark Drive|[silent]\n|\n|upkeep\n|-message|NDSNEZ Losing It forfeited.\n|\n|win|GAGA233\n|raw|NDSNEZ Losing It's rating: 1588 &rarr; <strong>1572<\/strong><br \/>(-16 for losing)\n|raw|GAGA233's rating: 1659 &rarr; <strong>1675<\/strong><br \/>(+16 for winning)\n|l|\u2606NDSNEZ Losing It\n","uploadtime":1700633331,"views":1,"p1id":"ndsnezlosingit","p2id":"gaga233","formatid":"gen9nationaldex","rating":1572,"private":0,"password":""}