{"id":"gen9nationaldex-1987841493","p1":"xiaohaokaibo","p2":"Click The X Bro","format":"[Gen 9] National Dex","log":"|j|\u2606xiaohaokaibo\n|j|\u2606Click The X Bro\n|t:|1699641785\n|gametype|singles\n|player|p1|xiaohaokaibo|101|1000\n|player|p2|Click The X Bro|ghetsis|1000\n|teamsize|p1|6\n|teamsize|p2|6\n|gen|9\n|tier|[Gen 9] National Dex\n|rated|\n|rule|HP Percentage Mod: HP is shown in percentages\n|rule|Endless Battle Clause: Forcing endless battles is banned\n|rule|OHKO Clause: OHKO moves are banned\n|rule|Evasion Clause: Evasion abilities, items, and moves are banned\n|rule|Evasion Abilities Clause: Evasion abilities are banned\n|rule|Evasion Items Clause: Evasion items are banned\n|rule|Evasion Moves Clause: Evasion moves are banned\n|rule|Species Clause: Limit one of each Pok\u00e9mon\n|rule|Sleep Clause Mod: Limit one foe put to sleep\n|clearpoke\n|poke|p1|Araquanid, F|\n|poke|p1|Deoxys-Defense|\n|poke|p1|Arcanine-Hisui, F|\n|poke|p1|Moltres-Galar|\n|poke|p1|Iron Leaves|\n|poke|p1|Beedrill, F|\n|poke|p2|Salazzle, F|\n|poke|p2|Magnemite, L1|\n|poke|p2|Probopass, L2, F|\n|poke|p2|Mandibuzz, F|\n|poke|p2|Nosepass, L1, M|\n|poke|p2|Tentacruel, M|\n|teampreview\n|inactive|Battle timer is ON: inactive players will automatically lose when time's up. (requested by xiaohaokaibo)\n|\n|t:|1699641793\n|start\n|switch|p1a: Deoxys|Deoxys-Defense|100\/100\n|switch|p2a: Sh\ud83d\udca9tsquid|Tentacruel, M|100\/100\n|-ability|p1a: Deoxys|Pressure\n|turn|1\n|\n|t:|1699641803\n|move|p2a: Sh\ud83d\udca9tsquid|Toxic|p1a: Deoxys\n|-status|p1a: Deoxys|tox\n|move|p1a: Deoxys|Stealth Rock|p2a: Sh\ud83d\udca9tsquid\n|-sidestart|p2: Click The X Bro|move: Stealth Rock\n|\n|-damage|p1a: Deoxys|94\/100 tox|[from] psn\n|upkeep\n|turn|2\n|\n|t:|1699641817\n|switch|p1a: Iron Leaves|Iron Leaves|100\/100\n|-enditem|p1a: Iron Leaves|Booster Energy\n|-activate|p1a: Iron Leaves|ability: Quark Drive|[fromitem]\n|-start|p1a: Iron Leaves|quarkdriveatk\n|move|p2a: Sh\ud83d\udca9tsquid|Rapid Spin|p1a: Iron Leaves\n|-damage|p1a: Iron Leaves|92\/100\n|-boost|p2a: Sh\ud83d\udca9tsquid|spe|1\n|-sideend|p2: Click The X Bro|Stealth Rock|[from] move: Rapid Spin|[of] p2a: Sh\ud83d\udca9tsquid\n|\n|upkeep\n|turn|3\n|c|\u2606Click The X Bro|gg bro\n|\n|t:|1699641829\n|switch|p2a: Sh\ud83d\udca9tbird|Mandibuzz, F|100\/100\n|move|p1a: Iron Leaves|Swords Dance|p1a: Iron Leaves\n|-boost|p1a: Iron Leaves|atk|2\n|\n|upkeep\n|turn|4\n|\n|t:|1699641839\n|move|p1a: Iron Leaves|Close Combat|p2a: Sh\ud83d\udca9tbird\n|-damage|p2a: Sh\ud83d\udca9tbird|44\/100\n|-unboost|p1a: Iron Leaves|def|1\n|-unboost|p1a: Iron Leaves|spd|1\n|move|p2a: Sh\ud83d\udca9tbird|Foul Play|p1a: Iron Leaves\n|-supereffective|p1a: Iron Leaves\n|-damage|p1a: Iron Leaves|0 fnt\n|faint|p1a: Iron Leaves\n|-end|p1a: Iron Leaves|Quark Drive|[silent]\n|\n|upkeep\n|c|\u2606Click The X Bro|gg\n|\n|t:|1699641860\n|switch|p1a: Arcanine|Arcanine-Hisui, F|100\/100\n|turn|5\n|\n|t:|1699641872\n|switch|p2a: Literally Level 1|Magnemite, L1|100\/100\n|-terastallize|p1a: Arcanine|Rock\n|move|p1a: Arcanine|Head Smash|p2a: Literally Level 1\n|-resisted|p2a: Literally Level 1\n|-ability|p2a: Literally Level 1|Sturdy\n|-damage|p2a: Literally Level 1|10\/100\n|-enditem|p2a: Literally Level 1|Berry Juice\n|-heal|p2a: Literally Level 1|100\/100|[from] item: Berry Juice\n|\n|upkeep\n|turn|6\n|\n|t:|1699641881\n|move|p1a: Arcanine|Head Smash|p2a: Literally Level 1\n|-resisted|p2a: Literally Level 1\n|-ability|p2a: Literally Level 1|Sturdy\n|-damage|p2a: Literally Level 1|10\/100\n|move|p2a: Literally Level 1|Recycle|p2a: Literally Level 1\n|-item|p2a: Literally Level 1|Berry Juice|[from] move: Recycle\n|-enditem|p2a: Literally Level 1|Berry Juice\n|-heal|p2a: Literally Level 1|100\/100|[from] item: Berry Juice\n|\n|upkeep\n|turn|7\n|\n|t:|1699641900\n|switch|p1a: Araquanid|Araquanid, F|100\/100\n|move|p2a: Literally Level 1|Recycle|p2a: Literally Level 1\n|-item|p2a: Literally Level 1|Berry Juice|[from] move: Recycle\n|\n|upkeep\n|turn|8\n|\n|t:|1699641912\n|move|p1a: Araquanid|Sticky Web|p2a: Literally Level 1\n|-sidestart|p2: Click The X Bro|move: Sticky Web\n|move|p2a: Literally Level 1|Toxic|p1a: Araquanid\n|-status|p1a: Araquanid|tox\n|\n|-damage|p1a: Araquanid|94\/100 tox|[from] psn\n|upkeep\n|turn|9\n|\n|t:|1699641916\n|switch|p2a: Sh\ud83d\udca9tsquid|Tentacruel, M|100\/100\n|-activate|p2a: Sh\ud83d\udca9tsquid|move: Sticky Web\n|-fail|p2a: Sh\ud83d\udca9tsquid|unboost|[from] ability: Clear Body|[of] p2a: Sh\ud83d\udca9tsquid\n|move|p1a: Araquanid|Infestation|p2a: Sh\ud83d\udca9tsquid\n|-resisted|p2a: Sh\ud83d\udca9tsquid\n|-damage|p2a: Sh\ud83d\udca9tsquid|99\/100\n|-activate|p2a: Sh\ud83d\udca9tsquid|move: Infestation|[of] p1a: Araquanid\n|\n|-heal|p2a: Sh\ud83d\udca9tsquid|100\/100|[from] item: Leftovers\n|-damage|p1a: Araquanid|82\/100 tox|[from] psn\n|-damage|p2a: Sh\ud83d\udca9tsquid|88\/100|[from] move: Infestation|[partiallytrapped]\n|upkeep\n|turn|10\n|c|\u2606Click The X Bro|greedy\n|c|\u2606Click The X Bro|shoulda just infested off rip\n|c|\u2606Click The X Bro|oh well\n|c|\u2606Click The X Bro|gg\n|\n|t:|1699641935\n|switch|p1a: Deoxys|Deoxys-Defense|94\/100 tox\n|-ability|p1a: Deoxys|Pressure\n|move|p2a: Sh\ud83d\udca9tsquid|Rapid Spin|p1a: Deoxys\n|-damage|p1a: Deoxys|88\/100 tox\n|-boost|p2a: Sh\ud83d\udca9tsquid|spe|1\n|-sideend|p2: Click The X Bro|Sticky Web|[from] move: Rapid Spin|[of] p2a: Sh\ud83d\udca9tsquid\n|-end|p2a: Sh\ud83d\udca9tsquid|Infestation|[partiallytrapped]\n|\n|-heal|p2a: Sh\ud83d\udca9tsquid|94\/100|[from] item: Leftovers\n|-heal|p1a: Deoxys|95\/100 tox|[from] item: Leftovers\n|-damage|p1a: Deoxys|88\/100 tox|[from] psn\n|upkeep\n|turn|11\n|\n|t:|1699641954\n|move|p2a: Sh\ud83d\udca9tsquid|Knock Off|p1a: Deoxys\n|-supereffective|p1a: Deoxys\n|-damage|p1a: Deoxys|67\/100 tox\n|-enditem|p1a: Deoxys|Leftovers|[from] move: Knock Off|[of] p2a: Sh\ud83d\udca9tsquid\n|move|p1a: Deoxys|Stealth Rock|p2a: Sh\ud83d\udca9tsquid\n|-sidestart|p2: Click The X Bro|move: Stealth Rock\n|\n|-heal|p2a: Sh\ud83d\udca9tsquid|99\/100|[from] item: Leftovers\n|-damage|p1a: Deoxys|54\/100 tox|[from] psn\n|upkeep\n|turn|12\n|\n|t:|1699641961\n|switch|p1a: Arcanine|Arcanine-Hisui, F, tera:Rock|100\/100\n|move|p2a: Sh\ud83d\udca9tsquid|Rapid Spin|p1a: Arcanine\n|-resisted|p1a: Arcanine\n|-damage|p1a: Arcanine|96\/100\n|-boost|p2a: Sh\ud83d\udca9tsquid|spe|1\n|-sideend|p2: Click The X Bro|Stealth Rock|[from] move: Rapid Spin|[of] p2a: Sh\ud83d\udca9tsquid\n|\n|-heal|p2a: Sh\ud83d\udca9tsquid|100\/100|[from] item: Leftovers\n|upkeep\n|turn|13\n|c|\u2606Click The X Bro|spinning again\n|c|\u2606Click The X Bro|nice rocks though\n|\n|t:|1699641969\n|switch|p2a: Literally Level 1|Magnemite, L1|100\/100\n|move|p1a: Arcanine|Head Smash|p2a: Literally Level 1\n|-resisted|p2a: Literally Level 1\n|-ability|p2a: Literally Level 1|Sturdy\n|-damage|p2a: Literally Level 1|10\/100\n|-enditem|p2a: Literally Level 1|Berry Juice\n|-heal|p2a: Literally Level 1|100\/100|[from] item: Berry Juice\n|\n|upkeep\n|turn|14\n|\n|t:|1699641987\n|switch|p1a: Araquanid|Araquanid, F|82\/100 tox\n|move|p2a: Literally Level 1|Recycle|p2a: Literally Level 1\n|-item|p2a: Literally Level 1|Berry Juice|[from] move: Recycle\n|\n|-damage|p1a: Araquanid|76\/100 tox|[from] psn\n|upkeep\n|turn|15\n|\n|t:|1699641993\n|switch|p1a: Arcanine|Arcanine-Hisui, F, tera:Rock|96\/100\n|switch|p2a: Sh\ud83d\udca9tsquid|Tentacruel, M|100\/100\n|\n|upkeep\n|turn|16\n|\n|t:|1699642000\n|switch|p2a: Literally Level 1|Magnemite, L1|100\/100\n|move|p1a: Arcanine|Head Smash|p2a: Literally Level 1\n|-resisted|p2a: Literally Level 1\n|-ability|p2a: Literally Level 1|Sturdy\n|-damage|p2a: Literally Level 1|10\/100\n|-enditem|p2a: Literally Level 1|Berry Juice\n|-heal|p2a: Literally Level 1|100\/100|[from] item: Berry Juice\n|\n|upkeep\n|turn|17\n|\n|t:|1699642011\n|move|p1a: Arcanine|Head Smash|p2a: Literally Level 1\n|-resisted|p2a: Literally Level 1\n|-ability|p2a: Literally Level 1|Sturdy\n|-damage|p2a: Literally Level 1|10\/100\n|move|p2a: Literally Level 1|Recycle|p2a: Literally Level 1\n|-item|p2a: Literally Level 1|Berry Juice|[from] move: Recycle\n|-enditem|p2a: Literally Level 1|Berry Juice\n|-heal|p2a: Literally Level 1|100\/100|[from] item: Berry Juice\n|\n|upkeep\n|turn|18\n|c|\u2606Click The X Bro|lol\n|\n|t:|1699642016\n|switch|p1a: Beedrill|Beedrill, F|100\/100\n|move|p2a: Literally Level 1|Recycle|p2a: Literally Level 1\n|-item|p2a: Literally Level 1|Berry Juice|[from] move: Recycle\n|\n|upkeep\n|turn|19\n|\n|t:|1699642022\n|detailschange|p1a: Beedrill|Beedrill-Mega, F\n|-mega|p1a: Beedrill|Beedrill|Beedrillite\n|move|p2a: Literally Level 1|Protect|p2a: Literally Level 1\n|-singleturn|p2a: Literally Level 1|Protect\n|move|p1a: Beedrill|Fell Stinger|p2a: Literally Level 1\n|-activate|p2a: Literally Level 1|move: Protect\n|\n|upkeep\n|turn|20\n|\n|t:|1699642047\n|switch|p2a: Sh\ud83d\udca9tsquid|Tentacruel, M|100\/100\n|move|p1a: Beedrill|Fell Stinger|p2a: Sh\ud83d\udca9tsquid\n|-resisted|p2a: Sh\ud83d\udca9tsquid\n|-damage|p2a: Sh\ud83d\udca9tsquid|74\/100\n|\n|-heal|p2a: Sh\ud83d\udca9tsquid|80\/100|[from] item: Leftovers\n|upkeep\n|turn|21\n|\n|t:|1699642057\n|move|p1a: Beedrill|U-turn|p2a: Sh\ud83d\udca9tsquid\n|-resisted|p2a: Sh\ud83d\udca9tsquid\n|-damage|p2a: Sh\ud83d\udca9tsquid|43\/100\n|\n|t:|1699642062\n|switch|p1a: Moltres|Moltres-Galar|100\/100|[from] U-turn\n|move|p2a: Sh\ud83d\udca9tsquid|Scald|p1a: Moltres\n|-damage|p1a: Moltres|81\/100\n|\n|-heal|p2a: Sh\ud83d\udca9tsquid|49\/100|[from] item: Leftovers\n|upkeep\n|turn|22\n|\n|t:|1699642086\n|switch|p2a: Literally Level 1|Magnemite, L1|100\/100\n|move|p1a: Moltres|Fiery Wrath|p2a: Literally Level 1\n|-ability|p2a: Literally Level 1|Sturdy\n|-damage|p2a: Literally Level 1|10\/100\n|-enditem|p2a: Literally Level 1|Berry Juice\n|-heal|p2a: Literally Level 1|100\/100|[from] item: Berry Juice\n|\n|upkeep\n|turn|23\n|\n|t:|1699642097\n|switch|p1a: Araquanid|Araquanid, F|76\/100 tox\n|move|p2a: Literally Level 1|Protect||[still]\n|-fail|p2a: Literally Level 1\n|\n|-damage|p1a: Araquanid|70\/100 tox|[from] psn\n|upkeep\n|turn|24\n|\n|t:|1699642106\n|move|p2a: Literally Level 1|Protect|p2a: Literally Level 1\n|-singleturn|p2a: Literally Level 1|Protect\n|move|p1a: Araquanid|Infestation|p2a: Literally Level 1\n|-activate|p2a: Literally Level 1|move: Protect\n|\n|-damage|p1a: Araquanid|58\/100 tox|[from] psn\n|upkeep\n|turn|25\n|\n|t:|1699642112\n|switch|p2a: Sh\ud83d\udca9tsquid|Tentacruel, M|49\/100\n|move|p1a: Araquanid|Sticky Web|p2a: Sh\ud83d\udca9tsquid\n|-sidestart|p2: Click The X Bro|move: Sticky Web\n|\n|-heal|p2a: Sh\ud83d\udca9tsquid|55\/100|[from] item: Leftovers\n|-damage|p1a: Araquanid|39\/100 tox|[from] psn\n|upkeep\n|turn|26\n|\n|t:|1699642119\n|switch|p1a: Arcanine|Arcanine-Hisui, F, tera:Rock|96\/100\n|move|p2a: Sh\ud83d\udca9tsquid|Rapid Spin|p1a: Arcanine\n|-resisted|p1a: Arcanine\n|-damage|p1a: Arcanine|91\/100\n|-boost|p2a: Sh\ud83d\udca9tsquid|spe|1\n|-sideend|p2: Click The X Bro|Sticky Web|[from] move: Rapid Spin|[of] p2a: Sh\ud83d\udca9tsquid\n|\n|-heal|p2a: Sh\ud83d\udca9tsquid|61\/100|[from] item: Leftovers\n|upkeep\n|turn|27\n|\n|t:|1699642125\n|switch|p2a: Click the \u274c|Nosepass, L1, M, shiny|100\/100\n|move|p1a: Arcanine|Head Smash|p2a: Click the \u274c\n|-ability|p2a: Click the \u274c|Sturdy\n|-damage|p2a: Click the \u274c|10\/100\n|-enditem|p2a: Click the \u274c|Berry Juice\n|-heal|p2a: Click the \u274c|100\/100|[from] item: Berry Juice\n|\n|upkeep\n|turn|28\n|\n|t:|1699642139\n|switch|p1a: Moltres|Moltres-Galar|81\/100\n|move|p2a: Click the \u274c|Pain Split|p1a: Moltres\n|-sethp|p1a: Moltres|42\/100|[from] move: Pain Split|[silent]\n|-sethp|p2a: Click the \u274c|100\/100|[from] move: Pain Split\n|\n|upkeep\n|turn|29\n|\n|t:|1699642160\n|move|p1a: Moltres|Shadow Ball|p2a: Click the \u274c\n|-ability|p2a: Click the \u274c|Sturdy\n|-damage|p2a: Click the \u274c|10\/100\n|move|p2a: Click the \u274c|Pain Split|p1a: Moltres\n|-sethp|p1a: Moltres|21\/100|[from] move: Pain Split|[silent]\n|-sethp|p2a: Click the \u274c|100\/100|[from] move: Pain Split\n|\n|upkeep\n|turn|30\n|\n|t:|1699642168\n|move|p1a: Moltres|Shadow Ball|p2a: Click the \u274c\n|-ability|p2a: Click the \u274c|Sturdy\n|-damage|p2a: Click the \u274c|10\/100\n|move|p2a: Click the \u274c|Pain Split|p1a: Moltres\n|-sethp|p1a: Moltres|11\/100|[from] move: Pain Split|[silent]\n|-sethp|p2a: Click the \u274c|100\/100|[from] move: Pain Split\n|\n|upkeep\n|turn|31\n|\n|t:|1699642186\n|move|p1a: Moltres|Shadow Ball|p2a: Click the \u274c\n|-ability|p2a: Click the \u274c|Sturdy\n|-damage|p2a: Click the \u274c|10\/100\n|move|p2a: Click the \u274c|Toxic|p1a: Moltres\n|-status|p1a: Moltres|tox\n|\n|-damage|p1a: Moltres|5\/100 tox|[from] psn\n|upkeep\n|turn|32\n|\n|t:|1699642213\n|move|p2a: Click the \u274c|Protect|p2a: Click the \u274c\n|-singleturn|p2a: Click the \u274c|Protect\n|move|p1a: Moltres|Shadow Ball|p2a: Click the \u274c\n|-activate|p2a: Click the \u274c|move: Protect\n|\n|-damage|p1a: Moltres|0 fnt|[from] psn\n|faint|p1a: Moltres\n|upkeep\n|\n|t:|1699642218\n|switch|p1a: Beedrill|Beedrill-Mega, F|100\/100\n|turn|33\n|\n|t:|1699642231\n|move|p2a: Click the \u274c|Protect|p2a: Click the \u274c\n|-singleturn|p2a: Click the \u274c|Protect\n|move|p1a: Beedrill|Drill Run|p2a: Click the \u274c\n|-activate|p2a: Click the \u274c|move: Protect\n|\n|upkeep\n|turn|34\n|\n|t:|1699642235\n|move|p1a: Beedrill|Drill Run|p2a: Click the \u274c\n|-supereffective|p2a: Click the \u274c\n|-damage|p2a: Click the \u274c|0 fnt\n|faint|p2a: Click the \u274c\n|\n|upkeep\n|\n|t:|1699642240\n|switch|p2a: No Fun Allowed|Salazzle, F|100\/100\n|turn|35\n|\n|t:|1699642243\n|move|p2a: No Fun Allowed|Protect|p2a: No Fun Allowed\n|-singleturn|p2a: No Fun Allowed|Protect\n|move|p1a: Beedrill|Drill Run|p2a: No Fun Allowed\n|-activate|p2a: No Fun Allowed|move: Protect\n|\n|upkeep\n|turn|36\n|\n|t:|1699642247\n|-terastallize|p2a: No Fun Allowed|Flying\n|move|p1a: Beedrill|Drill Run|p2a: No Fun Allowed\n|-immune|p2a: No Fun Allowed\n|move|p2a: No Fun Allowed|Flamethrower|p1a: Beedrill\n|-supereffective|p1a: Beedrill\n|-damage|p1a: Beedrill|0 fnt\n|faint|p1a: Beedrill\n|\n|upkeep\n|\n|t:|1699642252\n|switch|p1a: Arcanine|Arcanine-Hisui, F, tera:Rock|91\/100\n|turn|37\n|\n|t:|1699642256\n|move|p2a: No Fun Allowed|Protect|p2a: No Fun Allowed\n|-singleturn|p2a: No Fun Allowed|Protect\n|move|p1a: Arcanine|Head Smash|p2a: No Fun Allowed\n|-activate|p2a: No Fun Allowed|move: Protect\n|\n|upkeep\n|turn|38\n|\n|t:|1699642259\n|move|p1a: Arcanine|Head Smash|p2a: No Fun Allowed\n|-supereffective|p2a: No Fun Allowed\n|-damage|p2a: No Fun Allowed|0 fnt\n|faint|p2a: No Fun Allowed\n|\n|upkeep\n|\n|t:|1699642263\n|switch|p2a: Literally Level 1|Magnemite, L1|100\/100\n|turn|39\n|\n|t:|1699642267\n|switch|p1a: Araquanid|Araquanid, F|39\/100 tox\n|move|p2a: Literally Level 1|Recycle|p2a: Literally Level 1\n|-item|p2a: Literally Level 1|Berry Juice|[from] move: Recycle\n|\n|-damage|p1a: Araquanid|33\/100 tox|[from] psn\n|upkeep\n|turn|40\n|inactive|Click The X Bro has 120 seconds left.\n|\n|t:|1699642297\n|switch|p2a: Sh\ud83d\udca9tsquid|Tentacruel, M|61\/100\n|move|p1a: Araquanid|Sticky Web|p2a: Sh\ud83d\udca9tsquid\n|-sidestart|p2: Click The X Bro|move: Sticky Web\n|\n|-heal|p2a: Sh\ud83d\udca9tsquid|67\/100|[from] item: Leftovers\n|-damage|p1a: Araquanid|21\/100 tox|[from] psn\n|upkeep\n|turn|41\n|\n|t:|1699642308\n|move|p2a: Sh\ud83d\udca9tsquid|Rapid Spin|p1a: Araquanid\n|-damage|p1a: Araquanid|13\/100 tox\n|-boost|p2a: Sh\ud83d\udca9tsquid|spe|1\n|-sideend|p2: Click The X Bro|Sticky Web|[from] move: Rapid Spin|[of] p2a: Sh\ud83d\udca9tsquid\n|move|p1a: Araquanid|Leech Life|p2a: Sh\ud83d\udca9tsquid\n|-resisted|p2a: Sh\ud83d\udca9tsquid\n|-damage|p2a: Sh\ud83d\udca9tsquid|47\/100\n|-heal|p1a: Araquanid|26\/100 tox|[from] drain|[of] p2a: Sh\ud83d\udca9tsquid\n|\n|-heal|p2a: Sh\ud83d\udca9tsquid|53\/100|[from] item: Leftovers\n|-damage|p1a: Araquanid|8\/100 tox|[from] psn\n|upkeep\n|turn|42\n|\n|t:|1699642322\n|move|p2a: Sh\ud83d\udca9tsquid|Knock Off|p1a: Araquanid\n|-damage|p1a: Araquanid|0 fnt\n|-enditem|p1a: Araquanid|Focus Sash|[from] move: Knock Off|[of] p2a: Sh\ud83d\udca9tsquid\n|faint|p1a: Araquanid\n|\n|-heal|p2a: Sh\ud83d\udca9tsquid|59\/100|[from] item: Leftovers\n|upkeep\n|\n|t:|1699642327\n|switch|p1a: Arcanine|Arcanine-Hisui, F, tera:Rock|91\/100\n|turn|43\n|\n|t:|1699642338\n|move|p2a: Sh\ud83d\udca9tsquid|Toxic|p1a: Arcanine\n|-status|p1a: Arcanine|tox\n|move|p1a: Arcanine|Double-Edge|p2a: Sh\ud83d\udca9tsquid\n|-damage|p2a: Sh\ud83d\udca9tsquid|6\/100\n|\n|-heal|p2a: Sh\ud83d\udca9tsquid|12\/100|[from] item: Leftovers\n|-damage|p1a: Arcanine|85\/100 tox|[from] psn\n|upkeep\n|turn|44\n|\n|t:|1699642343\n|move|p2a: Sh\ud83d\udca9tsquid|Scald|p1a: Arcanine\n|-supereffective|p1a: Arcanine\n|-damage|p1a: Arcanine|25\/100 tox\n|move|p1a: Arcanine|Double-Edge|p2a: Sh\ud83d\udca9tsquid\n|-damage|p2a: Sh\ud83d\udca9tsquid|0 fnt\n|faint|p2a: Sh\ud83d\udca9tsquid\n|\n|-damage|p1a: Arcanine|13\/100 tox|[from] psn\n|upkeep\n|-message|xiaohaokaibo forfeited.\n|\n|win|Click The X Bro\n|raw|xiaohaokaibo's rating: 1000 &rarr; <strong>1000<\/strong><br \/>(+0 for losing)\n|raw|Click The X Bro's rating: 1043 &rarr; <strong>1072<\/strong><br \/>(+29 for winning)\n|l|\u2606xiaohaokaibo\n","uploadtime":1699642353,"views":7,"p1id":"xiaohaokaibo","p2id":"clickthexbro","formatid":"gen9nationaldex","rating":1000,"private":0,"password":""}