{"id":"gen9nationaldex-1988409772","p1":"Pekkapekka","p2":"Dezjaws","format":"[Gen 9] National Dex","log":"|j|\u2606Pekkapekka\n|j|\u2606Dezjaws\n|t:|1699719829\n|gametype|singles\n|player|p1|Pekkapekka|galacticgrunt|\n|player|p2|Dezjaws|ghetsis|\n|teamsize|p1|6\n|teamsize|p2|6\n|gen|9\n|tier|[Gen 9] National Dex\n|rule|HP Percentage Mod: HP is shown in percentages\n|rule|Endless Battle Clause: Forcing endless battles is banned\n|rule|OHKO Clause: OHKO moves are banned\n|rule|Evasion Clause: Evasion abilities, items, and moves are banned\n|rule|Evasion Abilities Clause: Evasion abilities are banned\n|rule|Evasion Items Clause: Evasion items are banned\n|rule|Evasion Moves Clause: Evasion moves are banned\n|rule|Species Clause: Limit one of each Pok\u00e9mon\n|rule|Sleep Clause Mod: Limit one foe put to sleep\n|clearpoke\n|poke|p1|Alomomola, M|\n|poke|p1|Blissey, F|\n|poke|p1|Gliscor, M|\n|poke|p1|Medicham, M|\n|poke|p1|Blacephalon|\n|poke|p1|Iron Valiant|\n|poke|p2|Ninetales-Alola, F|\n|poke|p2|Scizor, F|\n|poke|p2|Greninja-*, M|\n|poke|p2|Zapdos|\n|poke|p2|Clodsire, F|\n|poke|p2|Ditto|\n|teampreview\n|\n|t:|1699719843\n|start\n|switch|p1a: Alomomola|Alomomola, M, shiny|100\/100\n|switch|p2a: M\u00e9tamorph|Ditto|100\/100\n|-transform|p2a: M\u00e9tamorph|p1a: Alomomola|[from] ability: Imposter\n|turn|1\n|j| PyrobutLeGoat\n|\n|t:|1699719853\n|move|p1a: Alomomola|Protect|p1a: Alomomola\n|-singleturn|p1a: Alomomola|Protect\n|move|p2a: M\u00e9tamorph|Wish|p2a: M\u00e9tamorph\n|\n|upkeep\n|turn|2\n|\n|t:|1699719865\n|switch|p2a: Cizayox|Scizor, F|100\/100\n|move|p1a: Alomomola|Toxic|p2a: Cizayox\n|-immune|p2a: Cizayox\n|\n|upkeep\n|turn|3\n|j| MaitreDescartes\n|\n|t:|1699719876\n|detailschange|p2a: Cizayox|Scizor-Mega, F\n|-mega|p2a: Cizayox|Scizor|Scizorite\n|move|p2a: Cizayox|U-turn|p1a: Alomomola\n|-damage|p1a: Alomomola|76\/100\n|\n|t:|1699719881\n|switch|p2a: Terraiste|Clodsire, F|100\/100|[from] U-turn\n|move|p1a: Alomomola|Flip Turn|p2a: Terraiste\n|-immune|p2a: Terraiste|[from] ability: Water Absorb\n|\n|-heal|p1a: Alomomola|82\/100|[from] item: Leftovers\n|upkeep\n|turn|4\n|\n|t:|1699719896\n|switch|p1a: Medicham|Medicham, M, shiny|100\/100\n|switch|p2a: Amphinobie|Greninja, M|100\/100\n|\n|upkeep\n|turn|5\n|\n|t:|1699719907\n|detailschange|p1a: Medicham|Medicham-Mega, M, shiny\n|-mega|p1a: Medicham|Medicham|Medichamite\n|move|p1a: Medicham|Fake Out|p2a: Amphinobie\n|-damage|p2a: Amphinobie|64\/100\n|cant|p2a: Amphinobie|flinch\n|\n|upkeep\n|turn|6\n|\n|t:|1699719917\n|switch|p1a: Blissey|Blissey, F, shiny|100\/100\n|move|p2a: Amphinobie|Surf|p1a: Blissey\n|-start|p2a: Amphinobie|typechange|Water|[from] ability: Protean\n|-damage|p1a: Blissey|83\/100\n|\n|upkeep\n|turn|7\n|\n|t:|1699719927\n|switch|p2a: \u00c9lecthor|Zapdos|100\/100\n|move|p1a: Blissey|Thunder Wave|p2a: \u00c9lecthor\n|-immune|p2a: \u00c9lecthor\n|\n|upkeep\n|turn|8\n|\n|t:|1699719940\n|move|p2a: \u00c9lecthor|Heat Wave|p1a: Blissey\n|-damage|p1a: Blissey|75\/100\n|move|p1a: Blissey|Seismic Toss|p2a: \u00c9lecthor\n|-damage|p2a: \u00c9lecthor|74\/100\n|\n|upkeep\n|turn|9\n|\n|t:|1699719949\n|move|p2a: \u00c9lecthor|Heat Wave|p1a: Blissey\n|-damage|p1a: Blissey|68\/100\n|move|p1a: Blissey|Seismic Toss|p2a: \u00c9lecthor\n|-damage|p2a: \u00c9lecthor|48\/100\n|\n|upkeep\n|turn|10\n|\n|t:|1699719958\n|move|p2a: \u00c9lecthor|Roost|p2a: \u00c9lecthor\n|-heal|p2a: \u00c9lecthor|98\/100\n|-singleturn|p2a: \u00c9lecthor|move: Roost\n|move|p1a: Blissey|Teleport|p1a: Blissey\n|\n|t:|1699719964\n|switch|p1a: Gliscor|Gliscor, M, shiny|100\/100|[from] Teleport\n|\n|-status|p1a: Gliscor|tox|[from] item: Toxic Orb\n|upkeep\n|turn|11\n|\n|t:|1699719979\n|switch|p2a: M\u00e9tamorph|Ditto|100\/100\n|-transform|p2a: M\u00e9tamorph|p1a: Gliscor|[from] ability: Imposter\n|move|p1a: Gliscor|Earthquake|p2a: M\u00e9tamorph\n|-immune|p2a: M\u00e9tamorph\n|\n|upkeep\n|turn|12\n|\n|t:|1699719989\n|move|p2a: M\u00e9tamorph|Earthquake|p1a: Gliscor\n|-immune|p1a: Gliscor\n|move|p1a: Gliscor|Defog|p2a: M\u00e9tamorph\n|-unboost|p2a: M\u00e9tamorph|evasion|1\n|\n|upkeep\n|turn|13\n|\n|t:|1699719998\n|switch|p1a: Alomomola|Alomomola, M, shiny|100\/100\n|move|p2a: M\u00e9tamorph|Earthquake|p1a: Alomomola\n|-damage|p1a: Alomomola|84\/100\n|\n|-heal|p1a: Alomomola|90\/100|[from] item: Leftovers\n|upkeep\n|turn|14\n|\n|t:|1699720010\n|switch|p2a: Feunard|Ninetales-Alola, F|100\/100\n|-weather|Snow|[from] ability: Snow Warning|[of] p2a: Feunard\n|switch|p1a: Medicham|Medicham-Mega, M, shiny|100\/100\n|\n|-weather|Snow|[upkeep]\n|upkeep\n|turn|15\n|\n|t:|1699720020\n|move|p1a: Medicham|Fake Out|p2a: Feunard\n|-damage|p2a: Feunard|80\/100\n|cant|p2a: Feunard|flinch\n|\n|-weather|Snow|[upkeep]\n|upkeep\n|turn|16\n|\n|t:|1699720028\n|switch|p1a: Blacephalon|Blacephalon, shiny|100\/100\n|move|p2a: Feunard|Aurora Veil|p2a: Feunard\n|-sidestart|p2: Dezjaws|move: Aurora Veil\n|\n|-weather|Snow|[upkeep]\n|upkeep\n|turn|17\n|\n|t:|1699720053\n|switch|p2a: Terraiste|Clodsire, F|100\/100\n|move|p1a: Blacephalon|Hidden Power|p2a: Terraiste\n|-supereffective|p2a: Terraiste\n|-damage|p2a: Terraiste|88\/100\n|\n|-weather|Snow|[upkeep]\n|-heal|p2a: Terraiste|94\/100|[from] item: Leftovers\n|upkeep\n|turn|18\n|\n|t:|1699720066\n|switch|p1a: Gliscor|Gliscor, M, shiny|100\/100 tox\n|move|p2a: Terraiste|Stealth Rock|p1a: Gliscor\n|-sidestart|p1: Pekkapekka|move: Stealth Rock\n|\n|-weather|none\n|-heal|p2a: Terraiste|100\/100|[from] item: Leftovers\n|upkeep\n|turn|19\n|\n|t:|1699720078\n|switch|p2a: M\u00e9tamorph|Ditto|100\/100\n|-transform|p2a: M\u00e9tamorph|p1a: Gliscor|[from] ability: Imposter\n|move|p1a: Gliscor|Defog|p2a: M\u00e9tamorph\n|-unboost|p2a: M\u00e9tamorph|evasion|1\n|-sideend|p2: Dezjaws|move: Aurora Veil\n|-sideend|p1: Pekkapekka|Stealth Rock|[from] move: Defog|[of] p1a: Gliscor\n|\n|upkeep\n|turn|20\n|\n|t:|1699720089\n|move|p2a: M\u00e9tamorph|Toxic|p1a: Gliscor\n|-fail|p1a: Gliscor|tox\n|move|p1a: Gliscor|Defog|p2a: M\u00e9tamorph\n|-unboost|p2a: M\u00e9tamorph|evasion|1\n|\n|upkeep\n|turn|21\n|\n|t:|1699720097\n|switch|p1a: Blissey|Blissey, F, shiny|68\/100\n|move|p2a: M\u00e9tamorph|Toxic|p1a: Blissey\n|-status|p1a: Blissey|tox\n|\n|-damage|p1a: Blissey|62\/100 tox|[from] psn\n|upkeep\n|turn|22\n|\n|t:|1699720106\n|switch|p2a: \u00c9lecthor|Zapdos|98\/100\n|move|p1a: Blissey|Soft-Boiled|p1a: Blissey\n|-heal|p1a: Blissey|100\/100 tox\n|\n|-damage|p1a: Blissey|88\/100 tox|[from] psn\n|upkeep\n|turn|23\n|\n|t:|1699720115\n|move|p2a: \u00c9lecthor|Heat Wave|p1a: Blissey\n|-damage|p1a: Blissey|81\/100 tox\n|move|p1a: Blissey|Teleport|p1a: Blissey\n|\n|t:|1699720127\n|-curestatus|p1a: Blissey|tox|[from] ability: Natural Cure\n|switch|p1a: Blacephalon|Blacephalon, shiny|100\/100|[from] Teleport\n|\n|upkeep\n|turn|24\n|\n|t:|1699720136\n|switch|p2a: Terraiste|Clodsire, F|100\/100\n|move|p1a: Blacephalon|Shadow Ball|p2a: Terraiste\n|-damage|p2a: Terraiste|76\/100\n|\n|-heal|p2a: Terraiste|83\/100|[from] item: Leftovers\n|upkeep\n|turn|25\n|\n|t:|1699720158\n|switch|p1a: Iron Valiant|Iron Valiant, shiny|100\/100\n|-enditem|p1a: Iron Valiant|Booster Energy\n|-activate|p1a: Iron Valiant|ability: Quark Drive|[fromitem]\n|-start|p1a: Iron Valiant|quarkdrivespe\n|move|p2a: Terraiste|Stealth Rock|p1a: Iron Valiant\n|-sidestart|p1: Pekkapekka|move: Stealth Rock\n|\n|-heal|p2a: Terraiste|89\/100|[from] item: Leftovers\n|upkeep\n|turn|26\n|\n|t:|1699720168\n|move|p1a: Iron Valiant|Knock Off|p2a: Terraiste\n|-damage|p2a: Terraiste|56\/100\n|-enditem|p2a: Terraiste|Leftovers|[from] move: Knock Off|[of] p1a: Iron Valiant\n|move|p2a: Terraiste|Toxic|p1a: Iron Valiant\n|-status|p1a: Iron Valiant|tox\n|\n|-damage|p1a: Iron Valiant|94\/100 tox|[from] psn\n|upkeep\n|turn|27\n|\n|t:|1699720182\n|-end|p1a: Iron Valiant|Quark Drive|[silent]\n|switch|p1a: Medicham|Medicham-Mega, M, shiny|100\/100\n|-damage|p1a: Medicham|94\/100|[from] Stealth Rock\n|move|p2a: Terraiste|Recover|p2a: Terraiste\n|-heal|p2a: Terraiste|100\/100\n|\n|upkeep\n|turn|28\n|\n|t:|1699720196\n|switch|p2a: \u00c9lecthor|Zapdos|98\/100\n|move|p1a: Medicham|Close Combat|p2a: \u00c9lecthor\n|-resisted|p2a: \u00c9lecthor\n|-crit|p2a: \u00c9lecthor\n|-damage|p2a: \u00c9lecthor|44\/100\n|-unboost|p1a: Medicham|def|1\n|-unboost|p1a: Medicham|spd|1\n|-status|p1a: Medicham|par|[from] ability: Static|[of] p2a: \u00c9lecthor\n|\n|upkeep\n|turn|29\n|\n|t:|1699720208\n|move|p2a: \u00c9lecthor|Roost|p2a: \u00c9lecthor\n|-heal|p2a: \u00c9lecthor|94\/100\n|-singleturn|p2a: \u00c9lecthor|move: Roost\n|move|p1a: Medicham|Close Combat|p2a: \u00c9lecthor\n|-damage|p2a: \u00c9lecthor|19\/100\n|-unboost|p1a: Medicham|def|1\n|-unboost|p1a: Medicham|spd|1\n|\n|upkeep\n|turn|30\n|\n|t:|1699720225\n|switch|p1a: Iron Valiant|Iron Valiant, shiny|94\/100 tox\n|-damage|p1a: Iron Valiant|88\/100 tox|[from] Stealth Rock\n|move|p2a: \u00c9lecthor|Volt Switch|p1a: Iron Valiant\n|-damage|p1a: Iron Valiant|25\/100 tox\n|\n|t:|1699720240\n|switch|p2a: M\u00e9tamorph|Ditto|100\/100|[from] Volt Switch\n|-transform|p2a: M\u00e9tamorph|p1a: Iron Valiant|[from] ability: Imposter\n|\n|-damage|p1a: Iron Valiant|18\/100 tox|[from] psn\n|upkeep\n|turn|31\n|\n|t:|1699720255\n|-end|p1a: Iron Valiant|Quark Drive|[silent]\n|switch|p1a: Blissey|Blissey, F, shiny|81\/100\n|move|p2a: M\u00e9tamorph|Moonblast|p1a: Blissey\n|-damage|p1a: Blissey|69\/100\n|\n|upkeep\n|turn|32\n|\n|t:|1699720268\n|-end|p2a: M\u00e9tamorph|Quark Drive|[silent]\n|switch|p2a: Terraiste|Clodsire, F|100\/100\n|move|p1a: Blissey|Teleport|p1a: Blissey\n|\n|t:|1699720272\n|switch|p1a: Medicham|Medicham-Mega, M, shiny|94\/100 par|[from] Teleport\n|-damage|p1a: Medicham|88\/100 par|[from] Stealth Rock\n|\n|upkeep\n|turn|33\n|\n|t:|1699720291\n|switch|p2a: Feunard|Ninetales-Alola, F|80\/100\n|-weather|Snow|[from] ability: Snow Warning|[of] p2a: Feunard\n|move|p1a: Medicham|Zen Headbutt|p2a: Feunard\n|-damage|p2a: Feunard|26\/100\n|\n|-weather|Snow|[upkeep]\n|upkeep\n|turn|34\n|\n|t:|1699720302\n|switch|p1a: Blissey|Blissey, F, shiny|69\/100\n|move|p2a: Feunard|Aurora Veil|p2a: Feunard\n|-sidestart|p2: Dezjaws|move: Aurora Veil\n|\n|-weather|Snow|[upkeep]\n|upkeep\n|turn|35\n|\n|t:|1699720313\n|move|p2a: Feunard|Freeze-Dry|p1a: Blissey\n|-damage|p1a: Blissey|63\/100\n|move|p1a: Blissey|Teleport|p1a: Blissey\n|\n|t:|1699720318\n|switch|p1a: Gliscor|Gliscor, M, shiny|100\/100 tox|[from] Teleport\n|-damage|p1a: Gliscor|88\/100 tox|[from] Stealth Rock\n|\n|-weather|Snow|[upkeep]\n|-heal|p1a: Gliscor|100\/100 tox|[from] ability: Poison Heal\n|upkeep\n|turn|36\n|\n|t:|1699720331\n|-terastallize|p1a: Gliscor|Fairy\n|move|p2a: Feunard|Freeze-Dry|p1a: Gliscor\n|-damage|p1a: Gliscor|77\/100 tox\n|move|p1a: Gliscor|Defog|p2a: Feunard\n|-unboost|p2a: Feunard|evasion|1\n|-sideend|p2: Dezjaws|move: Aurora Veil\n|-sideend|p1: Pekkapekka|Stealth Rock|[from] move: Defog|[of] p1a: Gliscor\n|\n|-weather|Snow|[upkeep]\n|-heal|p1a: Gliscor|90\/100 tox|[from] ability: Poison Heal\n|upkeep\n|turn|37\n|\n|t:|1699720346\n|move|p2a: Feunard|Encore|p1a: Gliscor\n|-start|p1a: Gliscor|Encore\n|move|p1a: Gliscor|Defog|p2a: Feunard\n|-unboost|p2a: Feunard|evasion|1\n|\n|-weather|none\n|-heal|p1a: Gliscor|100\/100 tox|[from] ability: Poison Heal\n|upkeep\n|turn|38\n|\n|t:|1699720359\n|switch|p2a: \u00c9lecthor|Zapdos|19\/100\n|switch|p1a: Iron Valiant|Iron Valiant, shiny|18\/100 tox\n|\n|-damage|p1a: Iron Valiant|12\/100 tox|[from] psn\n|upkeep\n|turn|39\n|\n|t:|1699720367\n|switch|p2a: Terraiste|Clodsire, F|100\/100\n|move|p1a: Iron Valiant|Knock Off|p2a: Terraiste\n|-damage|p2a: Terraiste|79\/100\n|\n|-damage|p1a: Iron Valiant|0 fnt|[from] psn\n|faint|p1a: Iron Valiant\n|-end|p1a: Iron Valiant|Quark Drive|[silent]\n|upkeep\n|\n|t:|1699720377\n|switch|p1a: Medicham|Medicham-Mega, M, shiny|88\/100 par\n|turn|40\n|\n|t:|1699720385\n|switch|p2a: Feunard|Ninetales-Alola, F|26\/100\n|-weather|Snow|[from] ability: Snow Warning|[of] p2a: Feunard\n|cant|p1a: Medicham|par\n|\n|-weather|Snow|[upkeep]\n|upkeep\n|turn|41\n|\n|t:|1699720394\n|move|p2a: Feunard|Moonblast|p1a: Medicham\n|-supereffective|p1a: Medicham\n|-damage|p1a: Medicham|12\/100 par\n|move|p1a: Medicham|Zen Headbutt|p2a: Feunard\n|-damage|p2a: Feunard|0 fnt\n|faint|p2a: Feunard\n|\n|-weather|Snow|[upkeep]\n|upkeep\n|\n|t:|1699720410\n|switch|p2a: Cizayox|Scizor-Mega, F|100\/100\n|turn|42\n|\n|t:|1699720421\n|move|p2a: Cizayox|U-turn|p1a: Medicham\n|-damage|p1a: Medicham|0 fnt\n|faint|p1a: Medicham\n|\n|t:|1699720433\n|switch|p2a: Terraiste|Clodsire, F|79\/100|[from] U-turn\n|\n|-weather|Snow|[upkeep]\n|upkeep\n|-message|Pekkapekka forfeited.\n|\n|win|Dezjaws\n|l|\u2606Pekkapekka\n","uploadtime":1699720459,"views":7,"p1id":"pekkapekka","p2id":"dezjaws","formatid":"gen9nationaldex","rating":0,"private":0,"password":""}