{"id":"gen9nationaldex-1992011904","p1":"literally1976","p2":"Siddharth42c","format":"[Gen 9] National Dex","log":"|j|\u2606literally1976\n|j|\u2606Siddharth42c\n|t:|1700147608\n|gametype|singles\n|player|p1|literally1976|steven|1168\n|player|p2|Siddharth42c|red-gen1main|1320\n|teamsize|p1|6\n|teamsize|p2|6\n|gen|9\n|tier|[Gen 9] National Dex\n|rated|\n|rule|HP Percentage Mod: HP is shown in percentages\n|rule|Endless Battle Clause: Forcing endless battles is banned\n|rule|OHKO Clause: OHKO moves are banned\n|rule|Evasion Clause: Evasion abilities, items, and moves are banned\n|rule|Evasion Abilities Clause: Evasion abilities are banned\n|rule|Evasion Items Clause: Evasion items are banned\n|rule|Evasion Moves Clause: Evasion moves are banned\n|rule|Species Clause: Limit one of each Pok\u00e9mon\n|rule|Sleep Clause Mod: Limit one foe put to sleep\n|clearpoke\n|poke|p1|Smeargle, M|\n|poke|p1|Serperior, M|\n|poke|p1|Malamar, M|\n|poke|p1|Moltres|\n|poke|p1|Urshifu-*, F|\n|poke|p1|Cinderace, M|\n|poke|p2|Torkoal, F|\n|poke|p2|Chandelure, M|\n|poke|p2|Exeggutor-Alola, F|\n|poke|p2|Marowak-Alola, F|\n|poke|p2|Stakataka|\n|poke|p2|Hatterene, F|\n|teampreview\n|inactive|Battle timer is ON: inactive players will automatically lose when time's up. (requested by literally1976)\n|inactive|Siddharth42c also wants the timer to be on.\n|c|\u2606literally1976|hello\n|c|\u2606literally1976|glhf\n|\n|t:|1700147620\n|start\n|switch|p1a: Moltres|Moltres|100\/100\n|switch|p2a: Torkoal|Torkoal, F|100\/100\n|-weather|SunnyDay|[from] ability: Drought|[of] p2a: Torkoal\n|turn|1\n|c|\u2606Siddharth42c|glhf\n|\n|t:|1700147631\n|switch|p2a: Hatterene|Hatterene, F|100\/100\n|move|p1a: Moltres|Scorching Sands|p2a: Hatterene\n|-damage|p2a: Hatterene|75\/100\n|\n|-weather|SunnyDay|[upkeep]\n|upkeep\n|turn|2\n|\n|t:|1700147639\n|move|p1a: Moltres|Flamethrower|p2a: Hatterene\n|-damage|p2a: Hatterene|0 fnt\n|faint|p2a: Hatterene\n|\n|-weather|SunnyDay|[upkeep]\n|upkeep\n|\n|t:|1700147645\n|switch|p2a: Chandelure|Chandelure, M|100\/100\n|-item|p2a: Chandelure|Air Balloon\n|turn|3\n|\n|t:|1700147651\n|move|p1a: Moltres|Air Slash|p2a: Chandelure\n|-damage|p2a: Chandelure|51\/100\n|-enditem|p2a: Chandelure|Air Balloon\n|move|p2a: Chandelure|Trick Room|p2a: Chandelure\n|-fieldstart|move: Trick Room|[of] p2a: Chandelure\n|\n|-weather|SunnyDay|[upkeep]\n|upkeep\n|turn|4\n|\n|t:|1700147658\n|move|p2a: Chandelure|Shadow Ball|p1a: Moltres\n|-damage|p1a: Moltres|49\/100\n|move|p1a: Moltres|Scorching Sands|p2a: Chandelure\n|-supereffective|p2a: Chandelure\n|-damage|p2a: Chandelure|0 fnt\n|faint|p2a: Chandelure\n|\n|-weather|SunnyDay|[upkeep]\n|upkeep\n|\n|t:|1700147662\n|switch|p2a: Stakataka|Stakataka|100\/100\n|turn|5\n|\n|t:|1700147669\n|move|p2a: Stakataka|Stone Edge|p1a: Moltres\n|-supereffective|p1a: Moltres\n|-damage|p1a: Moltres|0 fnt\n|faint|p1a: Moltres\n|-ability|p2a: Stakataka|Beast Boost|boost\n|-boost|p2a: Stakataka|def|1\n|\n|-weather|SunnyDay|[upkeep]\n|upkeep\n|\n|t:|1700147677\n|switch|p1a: Malamar|Malamar, M|100\/100\n|turn|6\n|\n|t:|1700147683\n|-terastallize|p2a: Stakataka|Fire\n|-terastallize|p1a: Malamar|Fighting\n|move|p2a: Stakataka|Heat Crash|p1a: Malamar\n|-damage|p1a: Malamar|0 fnt\n|faint|p1a: Malamar\n|-ability|p2a: Stakataka|Beast Boost|boost\n|-boost|p2a: Stakataka|def|1\n|\n|-weather|SunnyDay|[upkeep]\n|upkeep\n|\n|t:|1700147696\n|switch|p1a: Urshifu|Urshifu-Rapid-Strike, F|100\/100\n|turn|7\n|\n|t:|1700147704\n|move|p1a: Urshifu|Aqua Jet|p2a: Stakataka\n|-supereffective|p2a: Stakataka\n|-damage|p2a: Stakataka|94\/100\n|-enditem|p2a: Stakataka|Weakness Policy\n|-boost|p2a: Stakataka|atk|2|[from] item: Weakness Policy\n|-boost|p2a: Stakataka|spa|2|[from] item: Weakness Policy\n|move|p2a: Stakataka|Gyro Ball|p1a: Urshifu\n|-resisted|p1a: Urshifu\n|-damage|p1a: Urshifu|17\/100\n|\n|-weather|SunnyDay|[upkeep]\n|-fieldend|move: Trick Room\n|upkeep\n|turn|8\n|\n|t:|1700147713\n|move|p1a: Urshifu|Surging Strikes|p2a: Stakataka\n|-supereffective|p2a: Stakataka\n|-crit|p2a: Stakataka\n|-damage|p2a: Stakataka|83\/100\n|-supereffective|p2a: Stakataka\n|-crit|p2a: Stakataka\n|-damage|p2a: Stakataka|72\/100\n|-supereffective|p2a: Stakataka\n|-crit|p2a: Stakataka\n|-damage|p2a: Stakataka|62\/100\n|-hitcount|p2a: Stakataka|3\n|move|p2a: Stakataka|Trick Room|p2a: Stakataka\n|-fieldstart|move: Trick Room|[of] p2a: Stakataka\n|\n|-weather|none\n|upkeep\n|turn|9\n|\n|t:|1700147726\n|move|p1a: Urshifu|Aqua Jet|p2a: Stakataka\n|-supereffective|p2a: Stakataka\n|-damage|p2a: Stakataka|51\/100\n|move|p2a: Stakataka|Gyro Ball|p1a: Urshifu\n|-resisted|p1a: Urshifu\n|-crit|p1a: Urshifu\n|-damage|p1a: Urshifu|0 fnt\n|faint|p1a: Urshifu\n|-ability|p2a: Stakataka|Beast Boost|boost\n|-boost|p2a: Stakataka|def|1\n|\n|upkeep\n|\n|t:|1700147740\n|switch|p1a: Smeargle|Smeargle, M|100\/100\n|turn|10\n|\n|t:|1700147745\n|move|p2a: Stakataka|Gyro Ball|p1a: Smeargle\n|-enditem|p1a: Smeargle|Focus Sash\n|-damage|p1a: Smeargle|1\/100\n|move|p1a: Smeargle|Spore|p2a: Stakataka\n|-status|p2a: Stakataka|slp|[from] move: Spore\n|\n|upkeep\n|turn|11\n|\n|t:|1700147757\n|switch|p1a: Serperior|Serperior, M|100\/100\n|cant|p2a: Stakataka|slp\n|\n|upkeep\n|turn|12\n|\n|t:|1700147763\n|-curestatus|p2a: Stakataka|slp|[msg]\n|move|p2a: Stakataka|Heat Crash|p1a: Serperior\n|-supereffective|p1a: Serperior\n|-damage|p1a: Serperior|0 fnt\n|faint|p1a: Serperior\n|-ability|p2a: Stakataka|Beast Boost|boost\n|-boost|p2a: Stakataka|def|1\n|\n|-fieldend|move: Trick Room\n|upkeep\n|c|\u2606literally1976|fair enough\n|c|\u2606literally1976|gg\n|\n|t:|1700147771\n|switch|p1a: Cinderace|Cinderace, M|100\/100\n|turn|13\n|\n|t:|1700147776\n|move|p1a: Cinderace|High Jump Kick|p2a: Stakataka\n|-start|p1a: Cinderace|typechange|Fighting|[from] ability: Libero\n|-damage|p2a: Stakataka|40\/100\n|move|p2a: Stakataka|Trick Room|p2a: Stakataka\n|-fieldstart|move: Trick Room|[of] p2a: Stakataka\n|\n|upkeep\n|turn|14\n|c|\u2606Siddharth42c|gg\n|\n|t:|1700147784\n|move|p2a: Stakataka|Heat Crash|p1a: Cinderace\n|-damage|p1a: Cinderace|0 fnt\n|faint|p1a: Cinderace\n|-ability|p2a: Stakataka|Beast Boost|boost\n|-boost|p2a: Stakataka|def|1\n|\n|upkeep\n|\n|t:|1700147790\n|switch|p1a: Smeargle|Smeargle, M|1\/100\n|turn|15\n|\n|t:|1700147794\n|move|p2a: Stakataka|Gyro Ball|p1a: Smeargle\n|-damage|p1a: Smeargle|0 fnt\n|faint|p1a: Smeargle\n|\n|win|Siddharth42c\n|raw|literally1976's rating: 1168 &rarr; <strong>1153<\/strong><br \/>(-15 for losing)\n|raw|Siddharth42c's rating: 1320 &rarr; <strong>1332<\/strong><br \/>(+12 for winning)\n|l|\u2606literally1976\n","uploadtime":1700147808,"views":5,"p1id":"literally1976","p2id":"siddharth42c","formatid":"gen9nationaldex","rating":1153,"private":0,"password":""}