{"id":"gen9nationaldex-1998331062","p1":"Drew825","p2":"Thode","format":"[Gen 9] National Dex","log":"|html|<div class=\"broadcast-blue\"><strong>[Gen 9] National Dex is currently suspecting Sneasler! For information on how to participate check out the <a href=\"https:\/\/www.smogon.com\/forums\/threads\/sv-national-dex-suspect-8-just-dance.3731534\/\">suspect thread<\/a>.<\/strong><\/div>\n|j|\u2606Drew825\n|j|\u2606Thode\n|t:|1700930321\n|gametype|singles\n|player|p1|Drew825|ethan|\n|player|p2|Thode|1|\n|teamsize|p1|6\n|teamsize|p2|6\n|gen|9\n|tier|[Gen 9] National Dex\n|rule|HP Percentage Mod: HP is shown in percentages\n|rule|Endless Battle Clause: Forcing endless battles is banned\n|rule|OHKO Clause: OHKO moves are banned\n|rule|Evasion Clause: Evasion abilities, items, and moves are banned\n|rule|Evasion Abilities Clause: Evasion abilities are banned\n|rule|Evasion Items Clause: Evasion items are banned\n|rule|Evasion Moves Clause: Evasion moves are banned\n|rule|Species Clause: Limit one of each Pok\u00e9mon\n|rule|Sleep Clause Mod: Limit one foe put to sleep\n|clearpoke\n|poke|p1|Thundurus, M|\n|poke|p1|Ogerpon-Wellspring, F|\n|poke|p1|Grimmsnarl, M|\n|poke|p1|Torterra, F|\n|poke|p1|Aerodactyl, M|\n|poke|p1|Claydol|\n|poke|p2|Tyranitar, F|\n|poke|p2|Lycanroc, F|\n|poke|p2|Houndstone, M|\n|poke|p2|Latias, F|\n|poke|p2|Heracross, F|\n|poke|p2|Starmie|\n|teampreview\n|inactive|Battle timer is ON: inactive players will automatically lose when time's up. (requested by Drew825)\n|inactiveoff|Battle timer is now OFF.\n|c|\u2606Drew825|Glhf\n|c|\u2606Thode|glhf\n|\n|t:|1700930373\n|start\n|switch|p1a: Aerodactyl|Aerodactyl, M|100\/100\n|switch|p2a: Starmie|Starmie|100\/100\n|-ability|p1a: Aerodactyl|Unnerve\n|turn|1\n|\n|t:|1700930425\n|move|p2a: Starmie|Scald|p1a: Aerodactyl\n|-supereffective|p1a: Aerodactyl\n|-enditem|p1a: Aerodactyl|Focus Sash\n|-damage|p1a: Aerodactyl|1\/100\n|-damage|p2a: Starmie|91\/100|[from] item: Life Orb\n|move|p1a: Aerodactyl|Aerial Ace|p2a: Starmie\n|-damage|p2a: Starmie|50\/100\n|\n|upkeep\n|turn|2\n|\n|t:|1700930480\n|move|p2a: Starmie|Ice Beam|p1a: Aerodactyl\n|-supereffective|p1a: Aerodactyl\n|-damage|p1a: Aerodactyl|0 fnt\n|faint|p1a: Aerodactyl\n|-damage|p2a: Starmie|40\/100|[from] item: Life Orb\n|\n|upkeep\n|\n|t:|1700930491\n|switch|p1a: Grimmsnarl|Grimmsnarl, M|100\/100\n|turn|3\n|\n|t:|1700930507\n|switch|p2a: Tyranitar|Tyranitar, F|100\/100\n|-weather|Sandstorm|[from] ability: Sand Stream|[of] p2a: Tyranitar\n|move|p1a: Grimmsnarl|Parting Shot|p2a: Tyranitar\n|-hint|Since gen 7, Dark is immune to Prankster moves.\n|-immune|p2a: Tyranitar\n|\n|-weather|Sandstorm|[upkeep]\n|-damage|p1a: Grimmsnarl|94\/100|[from] Sandstorm\n|upkeep\n|turn|4\n|\n|t:|1700930515\n|move|p1a: Grimmsnarl|Drain Punch|p2a: Tyranitar\n|-supereffective|p2a: Tyranitar\n|-damage|p2a: Tyranitar|13\/100\n|-heal|p1a: Grimmsnarl|100\/100|[from] drain|[of] p2a: Tyranitar\n|move|p2a: Tyranitar|Stealth Rock|p1a: Grimmsnarl\n|-sidestart|p1: Drew825|move: Stealth Rock\n|\n|-weather|Sandstorm|[upkeep]\n|-damage|p1a: Grimmsnarl|94\/100|[from] Sandstorm\n|upkeep\n|turn|5\n|\n|t:|1700930557\n|switch|p2a: Latias|Latias, F|100\/100\n|move|p1a: Grimmsnarl|Crunch|p2a: Latias\n|-supereffective|p2a: Latias\n|-damage|p2a: Latias|0 fnt\n|faint|p2a: Latias\n|\n|-weather|Sandstorm|[upkeep]\n|-damage|p1a: Grimmsnarl|88\/100|[from] Sandstorm\n|upkeep\n|\n|t:|1700930582\n|switch|p2a: Houndstone|Houndstone, M|100\/100\n|turn|6\n|\n|t:|1700930622\n|move|p2a: Houndstone|Substitute|p2a: Houndstone\n|-start|p2a: Houndstone|Substitute\n|-damage|p2a: Houndstone|76\/100\n|move|p1a: Grimmsnarl|Crunch|p2a: Houndstone\n|-supereffective|p2a: Houndstone\n|-end|p2a: Houndstone|Substitute\n|\n|-weather|Sandstorm|[upkeep]\n|-damage|p1a: Grimmsnarl|82\/100|[from] Sandstorm\n|upkeep\n|turn|7\n|\n|t:|1700930632\n|move|p2a: Houndstone|Destiny Bond|p2a: Houndstone\n|-singlemove|p2a: Houndstone|Destiny Bond\n|move|p1a: Grimmsnarl|Crunch|p2a: Houndstone\n|-supereffective|p2a: Houndstone\n|-damage|p2a: Houndstone|0 fnt\n|faint|p2a: Houndstone\n|-activate|p2a: Houndstone|move: Destiny Bond\n|faint|p1a: Grimmsnarl\n|\n|-weather|none\n|upkeep\n|\n|t:|1700930695\n|switch|p2a: Starmie|Starmie|40\/100\n|switch|p1a: Claydol|Claydol|100\/100\n|-damage|p1a: Claydol|94\/100|[from] Stealth Rock\n|turn|8\n|\n|t:|1700930723\n|move|p2a: Starmie|Scald|p1a: Claydol\n|-supereffective|p1a: Claydol\n|-damage|p1a: Claydol|17\/100\n|-status|p1a: Claydol|brn\n|-damage|p2a: Starmie|30\/100|[from] item: Life Orb\n|move|p1a: Claydol|Earth Power|p2a: Starmie\n|-damage|p2a: Starmie|0 fnt\n|faint|p2a: Starmie\n|\n|-heal|p1a: Claydol|23\/100 brn|[from] item: Leftovers\n|-damage|p1a: Claydol|17\/100 brn|[from] brn\n|upkeep\n|\n|t:|1700930732\n|switch|p2a: Heracross|Heracross, F|100\/100\n|turn|9\n|\n|t:|1700930746\n|detailschange|p2a: Heracross|Heracross-Mega, F\n|-mega|p2a: Heracross|Heracross|Heracronite\n|move|p2a: Heracross|Trailblaze|p1a: Claydol\n|-supereffective|p1a: Claydol\n|-damage|p1a: Claydol|0 fnt\n|-boost|p2a: Heracross|spe|1\n|faint|p1a: Claydol\n|\n|upkeep\n|\n|t:|1700930800\n|switch|p1a: Torterra|Torterra, F|100\/100\n|-damage|p1a: Torterra|94\/100|[from] Stealth Rock\n|turn|10\n|\n|t:|1700930889\n|-terastallize|p1a: Torterra|Fairy\n|move|p2a: Heracross|Pin Missile|p1a: Torterra\n|-resisted|p1a: Torterra\n|-damage|p1a: Torterra|86\/100\n|-resisted|p1a: Torterra\n|-damage|p1a: Torterra|77\/100\n|-resisted|p1a: Torterra\n|-damage|p1a: Torterra|69\/100\n|-resisted|p1a: Torterra\n|-damage|p1a: Torterra|61\/100\n|-resisted|p1a: Torterra\n|-damage|p1a: Torterra|52\/100\n|-hitcount|p1a: Torterra|5\n|move|p1a: Torterra|Shell Smash|p1a: Torterra\n|-unboost|p1a: Torterra|def|1\n|-unboost|p1a: Torterra|spd|1\n|-boost|p1a: Torterra|atk|2\n|-boost|p1a: Torterra|spa|2\n|-boost|p1a: Torterra|spe|2\n|-enditem|p1a: Torterra|White Herb\n|-clearnegativeboost|p1a: Torterra|[silent]\n|\n|upkeep\n|turn|11\n|\n|t:|1700930909\n|move|p1a: Torterra|Tera Blast|p2a: Heracross|[anim] Tera Blast Fairy\n|-supereffective|p2a: Heracross\n|-damage|p2a: Heracross|0 fnt\n|faint|p2a: Heracross\n|\n|upkeep\n|\n|t:|1700930913\n|switch|p2a: Tyranitar|Tyranitar, F|13\/100\n|-weather|Sandstorm|[from] ability: Sand Stream|[of] p2a: Tyranitar\n|turn|12\n|\n|t:|1700930940\n|move|p1a: Torterra|Tera Blast|p2a: Tyranitar|[anim] Tera Blast Fairy\n|-supereffective|p2a: Tyranitar\n|-damage|p2a: Tyranitar|0 fnt\n|faint|p2a: Tyranitar\n|\n|-weather|Sandstorm|[upkeep]\n|-damage|p1a: Torterra|46\/100|[from] Sandstorm\n|upkeep\n|\n|t:|1700930942\n|switch|p2a: Lycanroc|Lycanroc, F|100\/100\n|turn|13\n|\n|t:|1700930962\n|move|p2a: Lycanroc|Stone Edge|p1a: Torterra\n|-damage|p1a: Torterra|0 fnt\n|faint|p1a: Torterra\n|-damage|p2a: Lycanroc|91\/100|[from] item: Life Orb\n|\n|-weather|Sandstorm|[upkeep]\n|upkeep\n|\n|t:|1700930982\n|switch|p1a: Ogerpon|Ogerpon-Wellspring, F|100\/100\n|-damage|p1a: Ogerpon|88\/100|[from] Stealth Rock\n|turn|14\n|\n|t:|1700930998\n|move|p2a: Lycanroc|Stone Edge|p1a: Ogerpon\n|-damage|p1a: Ogerpon|5\/100\n|-damage|p2a: Lycanroc|81\/100|[from] item: Life Orb\n|move|p1a: Ogerpon|Ivy Cudgel|p2a: Lycanroc|[anim] Ivy Cudgel Water\n|-supereffective|p2a: Lycanroc\n|-damage|p2a: Lycanroc|0 fnt\n|faint|p2a: Lycanroc\n|\n|win|Drew825\n|c|\u2606Thode|gg\n|c|\u2606Drew825|Gg\n|c|\u2606Thode|I misplayed the torterra\n|c|\u2606Drew825|Its a menace lol\n|c|\u2606Thode|I knew you where going to tera so should just have trailblazed\n|c|\u2606Drew825|That wouldve won for sure lol\n|c|\u2606Thode|yea but only thought of it after\n|c|\u2606Drew825|Scary team for sure\n","uploadtime":1700931113,"views":15,"p1id":"drew825","p2id":"thode","formatid":"gen9nationaldex","rating":0,"private":0,"password":""}