{"id":"gen9nationaldex-1994589730","p1":"NDSNEZFurinaGaming","p2":"Roselide","format":"[Gen 9] National Dex","log":"|html|<div class=\"broadcast-blue\"><strong>[Gen 9] National Dex is currently suspecting Sneasler! For information on how to participate check out the <a href=\"https:\/\/www.smogon.com\/forums\/threads\/sv-national-dex-suspect-8-just-dance.3731534\/\">suspect thread<\/a>.<\/strong><\/div>\n|j|\u2606NDSNEZFurinaGaming\n|j|\u2606Roselide\n|t:|1700465298\n|gametype|singles\n|player|p1|NDSNEZFurinaGaming|winona|1219\n|player|p2|Roselide|1|1169\n|teamsize|p1|6\n|teamsize|p2|6\n|gen|9\n|tier|[Gen 9] National Dex\n|rated|\n|rule|HP Percentage Mod: HP is shown in percentages\n|rule|Endless Battle Clause: Forcing endless battles is banned\n|rule|OHKO Clause: OHKO moves are banned\n|rule|Evasion Clause: Evasion abilities, items, and moves are banned\n|rule|Evasion Abilities Clause: Evasion abilities are banned\n|rule|Evasion Items Clause: Evasion items are banned\n|rule|Evasion Moves Clause: Evasion moves are banned\n|rule|Species Clause: Limit one of each Pok\u00e9mon\n|rule|Sleep Clause Mod: Limit one foe put to sleep\n|clearpoke\n|poke|p1|Tapu Koko|\n|poke|p1|Smeargle, F|\n|poke|p1|Volcarona, M|\n|poke|p1|Sneasler, F|\n|poke|p1|Gyarados, F|\n|poke|p1|Tapu Lele|\n|poke|p2|Beedrill, M|\n|poke|p2|Ribombee, F|\n|poke|p2|Garchomp, M|\n|poke|p2|Torterra, F|\n|poke|p2|Blastoise, F|\n|poke|p2|Kartana|\n|teampreview\n|\n|t:|1700465308\n|start\n|switch|p1a: Tapu Koko|Tapu Koko|100\/100\n|switch|p2a: Torterra|Torterra, F|100\/100\n|-fieldstart|move: Electric Terrain|[from] ability: Electric Surge|[of] p1a: Tapu Koko\n|turn|1\n|\n|t:|1700465317\n|move|p1a: Tapu Koko|Taunt|p2a: Torterra\n|-start|p2a: Torterra|move: Taunt\n|cant|p2a: Torterra|move: Taunt|Shell Smash\n|\n|upkeep\n|turn|2\n|\n|t:|1700465322\n|switch|p1a: Smeargle|Smeargle, F|100\/100\n|move|p2a: Torterra|Headlong Rush|p1a: Smeargle\n|-enditem|p1a: Smeargle|Focus Sash\n|-damage|p1a: Smeargle|1\/100\n|-unboost|p2a: Torterra|def|1\n|-unboost|p2a: Torterra|spd|1\n|-enditem|p2a: Torterra|White Herb\n|-clearnegativeboost|p2a: Torterra|[silent]\n|\n|upkeep\n|turn|3\n|\n|t:|1700465332\n|move|p1a: Smeargle|Sticky Web|p2a: Torterra\n|-sidestart|p2: Roselide|move: Sticky Web\n|move|p2a: Torterra|Wood Hammer|p1a: Smeargle\n|-damage|p1a: Smeargle|0 fnt\n|faint|p1a: Smeargle\n|-damage|p2a: Torterra|99\/100|[from] Recoil\n|\n|-end|p2a: Torterra|move: Taunt\n|upkeep\n|\n|t:|1700465339\n|switch|p1a: Tapu Koko|Tapu Koko|100\/100\n|turn|4\n|\n|t:|1700465348\n|move|p1a: Tapu Koko|Taunt|p2a: Torterra\n|-start|p2a: Torterra|move: Taunt\n|move|p2a: Torterra|Headlong Rush|p1a: Tapu Koko\n|-supereffective|p1a: Tapu Koko\n|-damage|p1a: Tapu Koko|0 fnt\n|-unboost|p2a: Torterra|def|1\n|-unboost|p2a: Torterra|spd|1\n|faint|p1a: Tapu Koko\n|\n|upkeep\n|\n|t:|1700465355\n|switch|p1a: Sneasler|Sneasler, F|100\/100\n|-enditem|p1a: Sneasler|Electric Seed\n|-boost|p1a: Sneasler|def|1|[from] item: Electric Seed\n|turn|5\n|\n|t:|1700465361\n|-terastallize|p1a: Sneasler|Flying\n|move|p1a: Sneasler|Swords Dance|p1a: Sneasler\n|-boost|p1a: Sneasler|atk|2\n|move|p2a: Torterra|Headlong Rush|p1a: Sneasler\n|-immune|p1a: Sneasler\n|\n|-fieldend|move: Electric Terrain\n|upkeep\n|turn|6\n|\n|t:|1700465371\n|switch|p2a: Garchomp|Garchomp, M|100\/100\n|-activate|p2a: Garchomp|move: Sticky Web\n|-unboost|p2a: Garchomp|spe|1\n|move|p1a: Sneasler|Acrobatics|p2a: Garchomp\n|-damage|p2a: Garchomp|0 fnt\n|-damage|p1a: Sneasler|88\/100|[from] ability: Rough Skin|[of] p2a: Garchomp\n|-damage|p1a: Sneasler|72\/100|[from] item: Rocky Helmet|[of] p2a: Garchomp\n|faint|p2a: Garchomp\n|\n|upkeep\n|\n|t:|1700465380\n|switch|p2a: Ribombee|Ribombee, F|100\/100\n|-activate|p2a: Ribombee|move: Sticky Web\n|-unboost|p2a: Ribombee|spe|1\n|turn|7\n|\n|t:|1700465387\n|move|p1a: Sneasler|Dire Claw|p2a: Ribombee\n|-supereffective|p2a: Ribombee\n|-enditem|p2a: Ribombee|Focus Sash\n|-damage|p2a: Ribombee|1\/100\n|move|p2a: Ribombee|Defog|p1a: Sneasler\n|-unboost|p1a: Sneasler|evasion|1\n|-sideend|p2: Roselide|Sticky Web|[from] move: Defog|[of] p2a: Ribombee\n|\n|upkeep\n|turn|8\n|\n|t:|1700465395\n|move|p1a: Sneasler|Dire Claw|p2a: Ribombee\n|-supereffective|p2a: Ribombee\n|-damage|p2a: Ribombee|0 fnt\n|faint|p2a: Ribombee\n|\n|upkeep\n|\n|t:|1700465409\n|switch|p2a: Beedrill|Beedrill, M|100\/100\n|turn|9\n|\n|t:|1700465413\n|detailschange|p2a: Beedrill|Beedrill-Mega, M\n|-mega|p2a: Beedrill|Beedrill|Beedrillite\n|move|p1a: Sneasler|Acrobatics|p2a: Beedrill\n|-supereffective|p2a: Beedrill\n|-damage|p2a: Beedrill|0 fnt\n|faint|p2a: Beedrill\n|\n|upkeep\n|\n|t:|1700465419\n|switch|p2a: Kartana|Kartana|100\/100\n|turn|10\n|\n|t:|1700465422\n|move|p1a: Sneasler|Close Combat|p2a: Kartana\n|-supereffective|p2a: Kartana\n|-damage|p2a: Kartana|0 fnt\n|-unboost|p1a: Sneasler|def|1\n|-unboost|p1a: Sneasler|spd|1\n|faint|p2a: Kartana\n|\n|upkeep\n|\n|t:|1700465425\n|switch|p2a: Blastoise|Blastoise, F|100\/100\n|turn|11\n|\n|t:|1700465430\n|move|p1a: Sneasler|Acrobatics|p2a: Blastoise\n|-damage|p2a: Blastoise|0 fnt\n|faint|p2a: Blastoise\n|\n|upkeep\n|\n|t:|1700465432\n|switch|p2a: Torterra|Torterra, F|99\/100\n|turn|12\n|\n|t:|1700465436\n|move|p1a: Sneasler|Acrobatics|p2a: Torterra\n|-supereffective|p2a: Torterra\n|-damage|p2a: Torterra|0 fnt\n|faint|p2a: Torterra\n|\n|win|NDSNEZFurinaGaming\n|raw|NDSNEZFurinaGaming's rating: 1219 &rarr; <strong>1240<\/strong><br \/>(+21 for winning)\n|raw|Roselide's rating: 1169 &rarr; <strong>1148<\/strong><br \/>(-21 for losing)\n|c|\u2606NDSNEZFurinaGaming|sneazler is fair and balanced\n|c|\u2606NDSNEZFurinaGaming|yall\n|c|\u2606NDSNEZFurinaGaming|this is fair\n|c|\u2606NDSNEZFurinaGaming|this thing being capable of ohkoing most of the tier\n|l|\u2606Roselide\n","uploadtime":1700466167,"views":7,"p1id":"ndsnezfurinagaming","p2id":"roselide","formatid":"gen9nationaldex","rating":1148,"private":0,"password":""}