{"id":"gen9nationaldex-1993337468","p1":"LizzyLaMorte","p2":"csb1123","format":"[Gen 9] National Dex","log":"|j|\u2606LizzyLaMorte\n|j|\u2606csb1123\n|t:|1700301193\n|gametype|singles\n|player|p1|LizzyLaMorte|dawn|1613\n|player|p2|csb1123|265|1674\n|teamsize|p1|6\n|teamsize|p2|6\n|gen|9\n|tier|[Gen 9] National Dex\n|rated|\n|rule|HP Percentage Mod: HP is shown in percentages\n|rule|Endless Battle Clause: Forcing endless battles is banned\n|rule|OHKO Clause: OHKO moves are banned\n|rule|Evasion Clause: Evasion abilities, items, and moves are banned\n|rule|Evasion Abilities Clause: Evasion abilities are banned\n|rule|Evasion Items Clause: Evasion items are banned\n|rule|Evasion Moves Clause: Evasion moves are banned\n|rule|Species Clause: Limit one of each Pok\u00e9mon\n|rule|Sleep Clause Mod: Limit one foe put to sleep\n|clearpoke\n|poke|p1|Raichu-Alola, M|\n|poke|p1|Tapu Koko|\n|poke|p1|Iron Treads|\n|poke|p1|Araquanid, M|\n|poke|p1|Sneasler, M|\n|poke|p1|Iron Hands|\n|poke|p2|Ogerpon, F|\n|poke|p2|Corviknight, F|\n|poke|p2|Clodsire, M|\n|poke|p2|Tyranitar, F|\n|poke|p2|Tapu Fini|\n|poke|p2|Banette, M|\n|teampreview\n|inactive|Battle timer is ON: inactive players will automatically lose when time's up. (requested by LizzyLaMorte)\n|\n|t:|1700301209\n|start\n|switch|p1a: Bugg|Araquanid, M|100\/100\n|switch|p2a: Clodsire|Clodsire, M|100\/100\n|turn|1\n|\n|t:|1700301215\n|move|p1a: Bugg|Liquidation|p2a: Clodsire\n|-immune|p2a: Clodsire|[from] ability: Water Absorb\n|move|p2a: Clodsire|Stealth Rock|p1a: Bugg\n|-sidestart|p1: LizzyLaMorte|move: Stealth Rock\n|\n|upkeep\n|turn|2\n|\n|t:|1700301225\n|move|p1a: Bugg|Sticky Web|p2a: Clodsire\n|-sidestart|p2: csb1123|move: Sticky Web\n|move|p2a: Clodsire|Toxic|p1a: Bugg\n|-status|p1a: Bugg|tox\n|\n|-damage|p1a: Bugg|95\/100 tox|[from] psn\n|upkeep\n|turn|3\n|\n|t:|1700301232\n|switch|p1a: Nyoom|Iron Treads|100\/100\n|-damage|p1a: Nyoom|97\/100|[from] Stealth Rock\n|move|p2a: Clodsire|Earthquake|p1a: Nyoom\n|-supereffective|p1a: Nyoom\n|-damage|p1a: Nyoom|49\/100\n|\n|upkeep\n|turn|4\n|\n|t:|1700301247\n|move|p1a: Nyoom|Earthquake|p2a: Clodsire\n|-supereffective|p2a: Clodsire\n|-damage|p2a: Clodsire|0 fnt\n|faint|p2a: Clodsire\n|\n|upkeep\n|\n|t:|1700301254\n|switch|p2a: Banette|Banette, M|100\/100\n|-activate|p2a: Banette|move: Sticky Web\n|-unboost|p2a: Banette|spe|1\n|turn|5\n|\n|t:|1700301264\n|-end|p1a: Nyoom|Quark Drive|[silent]\n|switch|p1a: Ch'kin|Tapu Koko|100\/100\n|-damage|p1a: Ch'kin|88\/100|[from] Stealth Rock\n|-fieldstart|move: Electric Terrain|[from] ability: Electric Surge|[of] p1a: Ch'kin\n|detailschange|p2a: Banette|Banette-Mega, M\n|-mega|p2a: Banette|Banette|Banettite\n|move|p2a: Banette|Poltergeist|p1a: Ch'kin\n|-activate|p1a: Ch'kin|move: Poltergeist|Terrain Extender\n|-damage|p1a: Ch'kin|0 fnt\n|faint|p1a: Ch'kin\n|\n|upkeep\n|\n|t:|1700301281\n|switch|p1a: Bugg|Araquanid, M|95\/100 tox\n|-damage|p1a: Bugg|70\/100 tox|[from] Stealth Rock\n|turn|6\n|\n|t:|1700301292\n|switch|p2a: Ogerpon|Ogerpon, F|100\/100\n|move|p1a: Bugg|Toxic|p2a: Ogerpon\n|-status|p2a: Ogerpon|tox\n|\n|-damage|p2a: Ogerpon|95\/100 tox|[from] psn\n|-damage|p1a: Bugg|64\/100 tox|[from] psn\n|upkeep\n|turn|7\n|\n|t:|1700301314\n|move|p2a: Ogerpon|Ivy Cudgel|p1a: Bugg\n|-damage|p1a: Bugg|17\/100 tox\n|move|p1a: Bugg|Leech Life|p2a: Ogerpon\n|-supereffective|p2a: Ogerpon\n|-damage|p2a: Ogerpon|19\/100 tox\n|-heal|p1a: Bugg|55\/100 tox|[from] drain|[of] p2a: Ogerpon\n|\n|-damage|p2a: Ogerpon|7\/100 tox|[from] psn\n|-damage|p1a: Bugg|43\/100 tox|[from] psn\n|upkeep\n|turn|8\n|\n|t:|1700301335\n|move|p2a: Ogerpon|Ivy Cudgel|p1a: Bugg\n|-damage|p1a: Bugg|0 fnt\n|faint|p1a: Bugg\n|\n|-damage|p2a: Ogerpon|0 fnt|[from] psn\n|faint|p2a: Ogerpon\n|upkeep\n|\n|t:|1700301345\n|switch|p2a: Tapu Fini|Tapu Fini|100\/100\n|switch|p1a: Nyoom|Iron Treads|49\/100\n|-damage|p1a: Nyoom|46\/100|[from] Stealth Rock\n|-activate|p1a: Nyoom|ability: Quark Drive\n|-start|p1a: Nyoom|quarkdrivespe\n|-activate|p2a: Tapu Fini|move: Sticky Web\n|-unboost|p2a: Tapu Fini|spe|1\n|-fieldstart|move: Misty Terrain|[from] ability: Misty Surge|[of] p2a: Tapu Fini\n|-end|p1a: Nyoom|Quark Drive\n|turn|9\n|\n|t:|1700301358\n|switch|p2a: Banette|Banette-Mega, M|100\/100\n|-activate|p2a: Banette|move: Sticky Web\n|-unboost|p2a: Banette|spe|1\n|move|p1a: Nyoom|Rapid Spin|p2a: Banette\n|-immune|p2a: Banette\n|\n|upkeep\n|turn|10\n|\n|t:|1700301366\n|move|p1a: Nyoom|Knock Off|p2a: Banette\n|-supereffective|p2a: Banette\n|-damage|p2a: Banette|30\/100\n|move|p2a: Banette|Poltergeist|p1a: Nyoom\n|-activate|p1a: Nyoom|move: Poltergeist|Icium Z\n|-damage|p1a: Nyoom|0 fnt\n|faint|p1a: Nyoom\n|-end|p1a: Nyoom|Quark Drive|[silent]\n|\n|upkeep\n|\n|t:|1700301388\n|switch|p1a: Pankaku|Raichu-Alola, M|100\/100\n|-damage|p1a: Pankaku|88\/100|[from] Stealth Rock\n|turn|11\n|\n|t:|1700301393\n|switch|p2a: Tyranitar|Tyranitar, F|100\/100\n|-activate|p2a: Tyranitar|move: Sticky Web\n|-unboost|p2a: Tyranitar|spe|1\n|-weather|Sandstorm|[from] ability: Sand Stream|[of] p2a: Tyranitar\n|move|p1a: Pankaku|Rising Voltage|p2a: Tyranitar\n|-damage|p2a: Tyranitar|87\/100\n|\n|-weather|Sandstorm|[upkeep]\n|-damage|p1a: Pankaku|82\/100|[from] Sandstorm\n|upkeep\n|turn|12\n|\n|t:|1700301399\n|move|p1a: Pankaku|Rising Voltage|p2a: Tyranitar\n|-damage|p2a: Tyranitar|73\/100\n|move|p2a: Tyranitar|Pursuit|p1a: Pankaku\n|-supereffective|p1a: Pankaku\n|-damage|p1a: Pankaku|0 fnt\n|faint|p1a: Pankaku\n|\n|-weather|Sandstorm|[upkeep]\n|upkeep\n|\n|t:|1700301409\n|switch|p1a: Gehehe|Sneasler, M|100\/100\n|-damage|p1a: Gehehe|95\/100|[from] Stealth Rock\n|-item|p1a: Gehehe|Air Balloon\n|turn|13\n|\n|t:|1700301424\n|switch|p2a: Banette|Banette-Mega, M|30\/100\n|-activate|p2a: Banette|move: Sticky Web\n|-unboost|p2a: Banette|spe|1\n|move|p1a: Gehehe|Swords Dance|p1a: Gehehe\n|-boost|p1a: Gehehe|atk|2\n|\n|-weather|Sandstorm|[upkeep]\n|-damage|p1a: Gehehe|89\/100|[from] Sandstorm\n|-damage|p2a: Banette|24\/100|[from] Sandstorm\n|-fieldend|Misty Terrain\n|upkeep\n|turn|14\n|\n|t:|1700301433\n|move|p2a: Banette|Encore|p1a: Gehehe\n|-start|p1a: Gehehe|Encore\n|move|p1a: Gehehe|Swords Dance|p1a: Gehehe\n|-boost|p1a: Gehehe|atk|2\n|\n|-weather|Sandstorm|[upkeep]\n|-damage|p1a: Gehehe|83\/100|[from] Sandstorm\n|-damage|p2a: Banette|18\/100|[from] Sandstorm\n|upkeep\n|turn|15\n|\n|t:|1700301439\n|move|p1a: Gehehe|Swords Dance|p1a: Gehehe\n|-boost|p1a: Gehehe|atk|2\n|move|p2a: Banette|Poltergeist|p1a: Gehehe\n|-activate|p1a: Gehehe|move: Poltergeist|Air Balloon\n|-damage|p1a: Gehehe|0 fnt\n|-enditem|p1a: Gehehe|Air Balloon\n|faint|p1a: Gehehe\n|\n|-weather|none\n|upkeep\n|\n|t:|1700301450\n|switch|p1a: LittleboyBigboy|Iron Hands|100\/100\n|-damage|p1a: LittleboyBigboy|94\/100|[from] Stealth Rock\n|turn|16\n|\n|t:|1700301456\n|-terastallize|p1a: LittleboyBigboy|Dark\n|move|p2a: Banette|Destiny Bond|p2a: Banette\n|-singlemove|p2a: Banette|Destiny Bond\n|move|p1a: LittleboyBigboy|Thunder Punch|p2a: Banette\n|-damage|p2a: Banette|0 fnt\n|faint|p2a: Banette\n|-activate|p2a: Banette|move: Destiny Bond\n|faint|p1a: LittleboyBigboy\n|-end|p1a: LittleboyBigboy|Quark Drive|[silent]\n|\n|win|csb1123\n|raw|LizzyLaMorte's rating: 1613 &rarr; <strong>1596<\/strong><br \/>(-17 for losing)\n|raw|csb1123's rating: 1674 &rarr; <strong>1691<\/strong><br \/>(+17 for winning)\n","uploadtime":1700301468,"views":9,"p1id":"lizzylamorte","p2id":"csb1123","formatid":"gen9nationaldex","rating":1596,"private":0,"password":""}