{"id":"gen9nationaldex-1998770059","p1":"qazserfvgyujnko","p2":"Outlaw55","format":"[Gen 9] National Dex","log":"|html|<div class=\"broadcast-blue\"><strong>[Gen 9] National Dex is currently suspecting Sneasler! For information on how to participate check out the <a href=\"https:\/\/www.smogon.com\/forums\/threads\/sv-national-dex-suspect-8-just-dance.3731534\/\">suspect thread<\/a>.<\/strong><\/div>\n|j|\u2606qazserfvgyujnko\n|j|\u2606Outlaw55\n|t:|1700987150\n|gametype|singles\n|player|p1|qazserfvgyujnko|linebacker|1254\n|player|p2|Outlaw55|n|1266\n|teamsize|p1|6\n|teamsize|p2|6\n|gen|9\n|tier|[Gen 9] National Dex\n|rated|\n|rule|HP Percentage Mod: HP is shown in percentages\n|rule|Endless Battle Clause: Forcing endless battles is banned\n|rule|OHKO Clause: OHKO moves are banned\n|rule|Evasion Clause: Evasion abilities, items, and moves are banned\n|rule|Evasion Abilities Clause: Evasion abilities are banned\n|rule|Evasion Items Clause: Evasion items are banned\n|rule|Evasion Moves Clause: Evasion moves are banned\n|rule|Species Clause: Limit one of each Pok\u00e9mon\n|rule|Sleep Clause Mod: Limit one foe put to sleep\n|clearpoke\n|poke|p1|Hoopa-Unbound|\n|poke|p1|Lopunny, F|\n|poke|p1|Comfey, F|\n|poke|p1|Moltres|\n|poke|p1|Ninetales-Alola, F|\n|poke|p1|Urshifu-*, M|\n|poke|p2|Zapdos|\n|poke|p2|Hippowdon, F|\n|poke|p2|Samurott-Hisui, M|\n|poke|p2|Kommo-o, F|\n|poke|p2|Excadrill, F|\n|poke|p2|Clefable, F|\n|teampreview\n|inactive|Battle timer is ON: inactive players will automatically lose when time's up. (requested by Outlaw55)\n|\n|t:|1700987162\n|start\n|switch|p1a: Urshifu|Urshifu-Rapid-Strike, M|100\/100\n|switch|p2a: Hippowdon|Hippowdon, F|100\/100\n|-weather|Sandstorm|[from] ability: Sand Stream|[of] p2a: Hippowdon\n|turn|1\n|\n|t:|1700987169\n|switch|p2a: Zapdos|Zapdos|100\/100\n|move|p1a: Urshifu|Surging Strikes|p2a: Zapdos\n|-crit|p2a: Zapdos\n|-damage|p2a: Zapdos|85\/100\n|-status|p1a: Urshifu|par|[from] ability: Static|[of] p2a: Zapdos\n|-crit|p2a: Zapdos\n|-damage|p2a: Zapdos|69\/100\n|-crit|p2a: Zapdos\n|-damage|p2a: Zapdos|56\/100\n|-hitcount|p2a: Zapdos|3\n|\n|-weather|Sandstorm|[upkeep]\n|-damage|p1a: Urshifu|94\/100 par|[from] Sandstorm\n|-damage|p2a: Zapdos|49\/100|[from] Sandstorm\n|upkeep\n|turn|2\n|\n|t:|1700987177\n|switch|p1a: Ninetales|Ninetales-Alola, F|100\/100\n|-weather|Snow|[from] ability: Snow Warning|[of] p1a: Ninetales\n|move|p2a: Zapdos|Roost|p2a: Zapdos\n|-heal|p2a: Zapdos|99\/100\n|-singleturn|p2a: Zapdos|move: Roost\n|\n|-weather|Snow|[upkeep]\n|upkeep\n|turn|3\n|\n|t:|1700987185\n|switch|p2a: Clefable|Clefable, F|100\/100\n|move|p1a: Ninetales|Blizzard|p2a: Clefable\n|-damage|p2a: Clefable|74\/100\n|\n|-weather|Snow|[upkeep]\n|-heal|p2a: Clefable|80\/100|[from] item: Leftovers\n|upkeep\n|turn|4\n|\n|t:|1700987189\n|move|p1a: Ninetales|Aurora Veil|p1a: Ninetales\n|-sidestart|p1: qazserfvgyujnko|move: Aurora Veil\n|move|p2a: Clefable|Thunder Wave|p1a: Ninetales\n|-status|p1a: Ninetales|par\n|\n|-weather|Snow|[upkeep]\n|-heal|p2a: Clefable|86\/100|[from] item: Leftovers\n|upkeep\n|turn|5\n|\n|t:|1700987201\n|cant|p1a: Ninetales|par\n|move|p2a: Clefable|Flamethrower|p1a: Ninetales\n|-supereffective|p1a: Ninetales\n|-damage|p1a: Ninetales|75\/100 par\n|\n|-weather|Snow|[upkeep]\n|-heal|p2a: Clefable|92\/100|[from] item: Leftovers\n|upkeep\n|turn|6\n|\n|t:|1700987212\n|move|p1a: Ninetales|Blizzard|p2a: Clefable\n|-damage|p2a: Clefable|61\/100\n|-status|p2a: Clefable|frz\n|cant|p2a: Clefable|frz\n|\n|-weather|none\n|-heal|p2a: Clefable|68\/100 frz|[from] item: Leftovers\n|upkeep\n|turn|7\n|\n|t:|1700987221\n|switch|p1a: Comfey|Comfey, F|100\/100\n|cant|p2a: Clefable|frz\n|\n|-heal|p2a: Clefable|74\/100 frz|[from] item: Leftovers\n|upkeep\n|turn|8\n|\n|t:|1700987228\n|move|p1a: Comfey|Calm Mind|p1a: Comfey\n|-boost|p1a: Comfey|spa|1\n|-boost|p1a: Comfey|spd|1\n|-curestatus|p2a: Clefable|frz|[msg]\n|move|p2a: Clefable|Thunder Wave|p1a: Comfey|[miss]\n|-miss|p2a: Clefable|p1a: Comfey\n|\n|-heal|p2a: Clefable|80\/100|[from] item: Leftovers\n|upkeep\n|turn|9\n|\n|t:|1700987242\n|switch|p2a: Excadrill|Excadrill, F|100\/100\n|move|p1a: Comfey|Draining Kiss|p2a: Excadrill\n|-resisted|p2a: Excadrill\n|-crit|p2a: Excadrill\n|-damage|p2a: Excadrill|62\/100\n|-damage|p1a: Comfey|91\/100|[from] item: Life Orb\n|\n|upkeep\n|turn|10\n|\n|t:|1700987255\n|move|p1a: Comfey|Hidden Power|p2a: Excadrill\n|-supereffective|p2a: Excadrill\n|-damage|p2a: Excadrill|0 fnt\n|faint|p2a: Excadrill\n|-damage|p1a: Comfey|81\/100|[from] item: Life Orb\n|\n|upkeep\n|inactive|Outlaw55 has 120 seconds left.\n|l|\u2606Outlaw55\n|inactive|Outlaw55 disconnected and has a minute to reconnect!\n|player|p2|\n|inactive|Outlaw55 has 30 seconds to reconnect!\n|inactive|Outlaw55 has 20 seconds to reconnect!\n|inactive|Outlaw55 has 15 seconds to reconnect!\n|inactive|Outlaw55 has 10 seconds to reconnect!\n|inactive|Outlaw55 has 5 seconds to reconnect!\n|-message|Outlaw55 lost due to inactivity.\n|\n|win|qazserfvgyujnko\n|raw|qazserfvgyujnko's rating: 1254 &rarr; <strong>1280<\/strong><br \/>(+26 for winning)\n|raw|Outlaw55's rating: 1266 &rarr; <strong>1240<\/strong><br \/>(-26 for losing)\n|l|\u2606qazserfvgyujnko\n","uploadtime":1700987616,"views":3,"p1id":"qazserfvgyujnko","p2id":"outlaw55","formatid":"gen9nationaldex","rating":1240,"private":0,"password":""}