{"id":"gen9nationaldex-1990457757","p1":"sqrtof15","p2":"Ciaodaniii","format":"[Gen 9] National Dex","log":"|j|\u2606sqrtof15\n|j|\u2606Ciaodaniii\n|t:|1699972815\n|gametype|singles\n|player|p1|sqrtof15|red|1047\n|player|p2|Ciaodaniii|skier|1046\n|teamsize|p1|6\n|teamsize|p2|6\n|gen|9\n|tier|[Gen 9] National Dex\n|rated|\n|rule|HP Percentage Mod: HP is shown in percentages\n|rule|Endless Battle Clause: Forcing endless battles is banned\n|rule|OHKO Clause: OHKO moves are banned\n|rule|Evasion Clause: Evasion abilities, items, and moves are banned\n|rule|Evasion Abilities Clause: Evasion abilities are banned\n|rule|Evasion Items Clause: Evasion items are banned\n|rule|Evasion Moves Clause: Evasion moves are banned\n|rule|Species Clause: Limit one of each Pok\u00e9mon\n|rule|Sleep Clause Mod: Limit one foe put to sleep\n|clearpoke\n|poke|p1|Garganacl, M|\n|poke|p1|Indeedee-F, F|\n|poke|p1|Espeon, M|\n|poke|p1|Dondozo, M|\n|poke|p1|Gastrodon-East, F|\n|poke|p1|Corviknight, F|\n|poke|p2|Butterfree, F|\n|poke|p2|Garchomp, M|\n|poke|p2|Glimmora, F|\n|poke|p2|Lopunny, F|\n|poke|p2|Charizard, F|\n|poke|p2|Leafeon, F|\n|teampreview\n|\n|t:|1699972821\n|start\n|switch|p1a: Gastrodon|Gastrodon-East, F|100\/100\n|switch|p2a: Glimmora|Glimmora, F|100\/100\n|turn|1\n|\n|t:|1699972830\n|move|p2a: Glimmora|Mortal Spin|p1a: Gastrodon\n|-resisted|p1a: Gastrodon\n|-crit|p1a: Gastrodon\n|-damage|p1a: Gastrodon|94\/100\n|-status|p1a: Gastrodon|psn\n|move|p1a: Gastrodon|Sandstorm|p1a: Gastrodon\n|-weather|Sandstorm\n|\n|-weather|Sandstorm|[upkeep]\n|-damage|p1a: Gastrodon|82\/100 psn|[from] psn\n|upkeep\n|turn|2\n|\n|t:|1699972840\n|move|p2a: Glimmora|Spikes|p1a: Gastrodon\n|-sidestart|p1: sqrtof15|Spikes\n|move|p1a: Gastrodon|Earth Power|p2a: Glimmora\n|-supereffective|p2a: Glimmora\n|-damage|p2a: Glimmora|0 fnt\n|faint|p2a: Glimmora\n|\n|-weather|Sandstorm|[upkeep]\n|-damage|p1a: Gastrodon|70\/100 psn|[from] psn\n|upkeep\n|\n|t:|1699972851\n|switch|p2a: Lopunny|Lopunny, F|100\/100\n|turn|3\n|\n|t:|1699972866\n|switch|p1a: Corviknight|Corviknight, F|100\/100\n|move|p2a: Lopunny|Fake Out|p1a: Corviknight\n|-resisted|p1a: Corviknight\n|-damage|p1a: Corviknight|95\/100\n|\n|-weather|Sandstorm|[upkeep]\n|-damage|p2a: Lopunny|94\/100|[from] Sandstorm\n|upkeep\n|turn|4\n|\n|t:|1699972874\n|move|p2a: Lopunny|U-turn|p1a: Corviknight\n|-resisted|p1a: Corviknight\n|-damage|p1a: Corviknight|92\/100\n|\n|t:|1699972877\n|switch|p2a: Charizard|Charizard, F|100\/100|[from] U-turn\n|move|p1a: Corviknight|Bulk Up|p1a: Corviknight\n|-boost|p1a: Corviknight|atk|1\n|-boost|p1a: Corviknight|def|1\n|\n|-weather|Sandstorm|[upkeep]\n|-damage|p2a: Charizard|94\/100|[from] Sandstorm\n|upkeep\n|turn|5\n|\n|t:|1699972890\n|detailschange|p2a: Charizard|Charizard-Mega-Y, F\n|-mega|p2a: Charizard|Charizard|Charizardite Y\n|-weather|SunnyDay|[from] ability: Drought|[of] p2a: Charizard\n|-terastallize|p1a: Corviknight|Flying\n|move|p2a: Charizard|Dragon Dance|p2a: Charizard\n|-boost|p2a: Charizard|atk|1\n|-boost|p2a: Charizard|spe|1\n|move|p1a: Corviknight|Bulk Up|p1a: Corviknight\n|-boost|p1a: Corviknight|atk|1\n|-boost|p1a: Corviknight|def|1\n|\n|-weather|SunnyDay|[upkeep]\n|upkeep\n|turn|6\n|\n|t:|1699972909\n|move|p2a: Charizard|Dragon Claw|p1a: Corviknight\n|-damage|p1a: Corviknight|78\/100\n|move|p1a: Corviknight|Brave Bird|p2a: Charizard\n|-damage|p2a: Charizard|0 fnt\n|faint|p2a: Charizard\n|-damage|p1a: Corviknight|54\/100|[from] Recoil\n|\n|-weather|SunnyDay|[upkeep]\n|upkeep\n|\n|t:|1699972919\n|switch|p2a: Leafeon|Leafeon, F|100\/100\n|turn|7\n|\n|t:|1699972928\n|move|p2a: Leafeon|Shadow Ball|p1a: Corviknight\n|-damage|p1a: Corviknight|43\/100\n|-ability|p1a: Corviknight|Mirror Armor\n|-unboost|p2a: Leafeon|spd|1\n|move|p1a: Corviknight|Roost|p1a: Corviknight\n|-heal|p1a: Corviknight|93\/100\n|-hint|If a Flying Terastallized Pokemon uses Roost, it remains Flying-type.\n|\n|-weather|SunnyDay|[upkeep]\n|upkeep\n|turn|8\n|\n|t:|1699972936\n|move|p2a: Leafeon|Knock Off|p1a: Corviknight\n|-damage|p1a: Corviknight|84\/100\n|-enditem|p1a: Corviknight|Heavy-Duty Boots|[from] move: Knock Off|[of] p2a: Leafeon\n|move|p1a: Corviknight|Body Press|p2a: Leafeon\n|-damage|p2a: Leafeon|67\/100\n|-damage|p1a: Corviknight|67\/100|[from] item: Rocky Helmet|[of] p2a: Leafeon\n|\n|-weather|SunnyDay|[upkeep]\n|upkeep\n|turn|9\n|\n|t:|1699972943\n|move|p2a: Leafeon|Giga Drain|p1a: Corviknight\n|-resisted|p1a: Corviknight\n|-damage|p1a: Corviknight|59\/100\n|-heal|p2a: Leafeon|73\/100|[from] drain|[of] p1a: Corviknight\n|move|p1a: Corviknight|Brave Bird|p2a: Leafeon\n|-supereffective|p2a: Leafeon\n|-damage|p2a: Leafeon|0 fnt\n|-damage|p1a: Corviknight|43\/100|[from] item: Rocky Helmet|[of] p2a: Leafeon\n|faint|p2a: Leafeon\n|-damage|p1a: Corviknight|26\/100|[from] Recoil\n|\n|-weather|none\n|upkeep\n|\n|t:|1699972951\n|switch|p2a: Garchomp|Garchomp, M|100\/100\n|turn|10\n|\n|t:|1699972957\n|-terastallize|p2a: Garchomp|Dragon\n|move|p2a: Garchomp|Crunch|p1a: Corviknight\n|-damage|p1a: Corviknight|15\/100\n|move|p1a: Corviknight|Roost|p1a: Corviknight\n|-heal|p1a: Corviknight|65\/100\n|-hint|If a Flying Terastallized Pokemon uses Roost, it remains Flying-type.\n|\n|upkeep\n|turn|11\n|\n|t:|1699972965\n|move|p2a: Garchomp|Hone Claws|p2a: Garchomp\n|-boost|p2a: Garchomp|atk|1\n|-boost|p2a: Garchomp|accuracy|1\n|move|p1a: Corviknight|Brave Bird|p2a: Garchomp\n|-damage|p2a: Garchomp|10\/100\n|-damage|p1a: Corviknight|53\/100|[from] ability: Rough Skin|[of] p2a: Garchomp\n|-damage|p1a: Corviknight|26\/100|[from] Recoil\n|\n|-heal|p2a: Garchomp|16\/100|[from] item: Leftovers\n|upkeep\n|turn|12\n|\n|t:|1699972977\n|move|p2a: Garchomp|Dragon Rush|p1a: Corviknight\n|-damage|p1a: Corviknight|0 fnt\n|faint|p1a: Corviknight\n|\n|-heal|p2a: Garchomp|23\/100|[from] item: Leftovers\n|upkeep\n|\n|t:|1699972991\n|switch|p1a: Dondozo|Dondozo, M|100\/100\n|-damage|p1a: Dondozo|88\/100|[from] Spikes\n|turn|13\n|\n|t:|1699972999\n|move|p2a: Garchomp|Dragon Rush|p1a: Dondozo\n|-damage|p1a: Dondozo|50\/100\n|move|p1a: Dondozo|Avalanche|p2a: Garchomp\n|-supereffective|p2a: Garchomp\n|-damage|p2a: Garchomp|0 fnt\n|-damage|p1a: Dondozo|37\/100|[from] ability: Rough Skin|[of] p2a: Garchomp\n|faint|p2a: Garchomp\n|\n|upkeep\n|\n|t:|1699973006\n|switch|p2a: Lopunny|Lopunny, F|94\/100\n|turn|14\n|\n|t:|1699973014\n|move|p2a: Lopunny|Fake Out|p1a: Dondozo\n|-damage|p1a: Dondozo|29\/100\n|cant|p1a: Dondozo|flinch\n|\n|upkeep\n|turn|15\n|\n|t:|1699973020\n|move|p2a: Lopunny|Close Combat|p1a: Dondozo\n|-damage|p1a: Dondozo|14\/100\n|-unboost|p2a: Lopunny|def|1\n|-unboost|p2a: Lopunny|spd|1\n|move|p1a: Dondozo|Chilling Water|p2a: Lopunny\n|-damage|p2a: Lopunny|81\/100\n|-unboost|p2a: Lopunny|atk|1\n|\n|upkeep\n|turn|16\n|\n|t:|1699973031\n|switch|p1a: Espeon|Espeon, M|100\/100\n|-damage|p1a: Espeon|88\/100|[from] Spikes\n|move|p2a: Lopunny|U-turn|p1a: Espeon\n|-supereffective|p1a: Espeon\n|-damage|p1a: Espeon|69\/100\n|-damage|p2a: Lopunny|65\/100|[from] item: Rocky Helmet|[of] p1a: Espeon\n|\n|t:|1699973041\n|switch|p2a: Butterfree|Butterfree, F|100\/100|[from] U-turn\n|\n|upkeep\n|turn|17\n|\n|t:|1699973052\n|move|p1a: Espeon|Draining Kiss|p2a: Butterfree\n|-damage|p2a: Butterfree|79\/100\n|-heal|p1a: Espeon|83\/100|[from] drain|[of] p2a: Butterfree\n|move|p2a: Butterfree|Sleep Powder|p1a: Espeon\n|move|p1a: Espeon|Sleep Powder|p2a: Butterfree|[from]ability: Magic Bounce|[miss]\n|-miss|p1a: Espeon|p2a: Butterfree\n|\n|-heal|p2a: Butterfree|85\/100|[from] item: Leftovers\n|upkeep\n|turn|18\n|\n|t:|1699973063\n|move|p1a: Espeon|Psychic|p2a: Butterfree\n|-damage|p2a: Butterfree|30\/100\n|move|p2a: Butterfree|Hurricane|p1a: Espeon\n|-damage|p1a: Espeon|34\/100\n|\n|-heal|p2a: Butterfree|36\/100|[from] item: Leftovers\n|upkeep\n|turn|19\n|\n|t:|1699973069\n|move|p1a: Espeon|Psychic|p2a: Butterfree\n|-damage|p2a: Butterfree|0 fnt\n|faint|p2a: Butterfree\n|\n|upkeep\n|\n|t:|1699973071\n|switch|p2a: Lopunny|Lopunny, F|65\/100\n|turn|20\n|\n|t:|1699973079\n|switch|p1a: Indeedee|Indeedee-F, F|100\/100\n|-damage|p1a: Indeedee|88\/100|[from] Spikes\n|-fieldstart|move: Psychic Terrain|[from] ability: Psychic Surge|[of] p1a: Indeedee\n|-enditem|p1a: Indeedee|Psychic Seed\n|-boost|p1a: Indeedee|spd|1|[from] item: Psychic Seed\n|move|p2a: Lopunny|Fake Out|p1a: Indeedee\n|-activate|p1a: Indeedee|move: Psychic Terrain\n|\n|upkeep\n|turn|21\n|\n|t:|1699973091\n|move|p2a: Lopunny|Close Combat|p1a: Indeedee\n|-crit|p1a: Indeedee\n|-damage|p1a: Indeedee|40\/100\n|-unboost|p2a: Lopunny|def|1\n|-unboost|p2a: Lopunny|spd|1\n|move|p1a: Indeedee|Psychic|p2a: Lopunny\n|-damage|p2a: Lopunny|1\/100\n|\n|upkeep\n|turn|22\n|\n|t:|1699973100\n|switch|p1a: Espeon|Espeon, M|34\/100\n|-damage|p1a: Espeon|22\/100|[from] Spikes\n|move|p2a: Lopunny|Aura Sphere|p1a: Espeon\n|-resisted|p1a: Espeon\n|-damage|p1a: Espeon|16\/100\n|\n|upkeep\n|turn|23\n|\n|t:|1699973109\n|move|p2a: Lopunny|U-turn|p1a: Espeon\n|-supereffective|p1a: Espeon\n|-damage|p1a: Espeon|0 fnt\n|-damage|p2a: Lopunny|0 fnt|[from] item: Rocky Helmet|[of] p1a: Espeon\n|faint|p1a: Espeon\n|faint|p2a: Lopunny\n|\n|win|sqrtof15\n|raw|sqrtof15's rating: 1047 &rarr; <strong>1080<\/strong><br \/>(+33 for winning)\n|raw|Ciaodaniii's rating: 1046 &rarr; <strong>1029<\/strong><br \/>(-17 for losing)\n|l|\u2606Ciaodaniii\n","uploadtime":1699973117,"views":4,"p1id":"sqrtof15","p2id":"ciaodaniii","formatid":"gen9nationaldex","rating":1029,"private":0,"password":""}