{"id":"gen9nationaldex-1991001742","p1":"Nemasilla","p2":"bluenecdream","format":"[Gen 9] National Dex","log":"|j|\u2606Nemasilla\n|j|\u2606bluenecdream\n|t:|1700026025\n|gametype|singles\n|player|p1|Nemasilla|irida|1109\n|player|p2|bluenecdream|idol|1119\n|teamsize|p1|6\n|teamsize|p2|6\n|gen|9\n|tier|[Gen 9] National Dex\n|rated|\n|rule|HP Percentage Mod: HP is shown in percentages\n|rule|Endless Battle Clause: Forcing endless battles is banned\n|rule|OHKO Clause: OHKO moves are banned\n|rule|Evasion Clause: Evasion abilities, items, and moves are banned\n|rule|Evasion Abilities Clause: Evasion abilities are banned\n|rule|Evasion Items Clause: Evasion items are banned\n|rule|Evasion Moves Clause: Evasion moves are banned\n|rule|Species Clause: Limit one of each Pok\u00e9mon\n|rule|Sleep Clause Mod: Limit one foe put to sleep\n|clearpoke\n|poke|p1|Ribombee, F|\n|poke|p1|Scizor, F|\n|poke|p1|Volcarona, M|\n|poke|p1|Beedrill, M|\n|poke|p1|Buzzwole|\n|poke|p1|Vikavolt, M|\n|poke|p2|Ninetales-Alola, F|\n|poke|p2|Glalie, F|\n|poke|p2|Ribombee, M|\n|poke|p2|Deoxys-Defense|\n|poke|p2|Kyurem|\n|poke|p2|Rotom-Wash|\n|teampreview\n|inactive|Battle timer is ON: inactive players will automatically lose when time's up. (requested by Nemasilla)\n|\n|t:|1700026036\n|start\n|switch|p1a: Scizor|Scizor, F|100\/100\n|switch|p2a: Ribombee|Ribombee, M|100\/100\n|turn|1\n|\n|t:|1700026044\n|move|p1a: Scizor|Bullet Punch|p2a: Ribombee\n|-supereffective|p2a: Ribombee\n|-crit|p2a: Ribombee\n|-enditem|p2a: Ribombee|Focus Sash\n|-damage|p2a: Ribombee|1\/100\n|move|p2a: Ribombee|Sticky Web|p1a: Scizor\n|-sidestart|p1: Nemasilla|move: Sticky Web\n|\n|upkeep\n|turn|2\n|\n|t:|1700026063\n|switch|p2a: Rotom|Rotom-Wash|100\/100\n|move|p1a: Scizor|Bullet Punch|p2a: Rotom\n|-resisted|p2a: Rotom\n|-damage|p2a: Rotom|94\/100\n|\n|-heal|p2a: Rotom|99\/100|[from] item: Leftovers\n|upkeep\n|turn|3\n|\n|t:|1700026070\n|move|p2a: Rotom|Will-O-Wisp|p1a: Scizor\n|-status|p1a: Scizor|brn\n|move|p1a: Scizor|Defog|p2a: Rotom\n|-unboost|p2a: Rotom|evasion|1\n|-sideend|p1: Nemasilla|Sticky Web|[from] move: Defog|[of] p1a: Scizor\n|\n|-heal|p2a: Rotom|100\/100|[from] item: Leftovers\n|-damage|p1a: Scizor|94\/100 brn|[from] brn\n|upkeep\n|turn|4\n|\n|t:|1700026081\n|switch|p1a: Vikavolt|Vikavolt, M, shiny|100\/100\n|move|p2a: Rotom|Volt Switch|p1a: Vikavolt\n|-resisted|p1a: Vikavolt\n|-damage|p1a: Vikavolt|91\/100\n|\n|t:|1700026089\n|switch|p2a: Ninetales|Ninetales-Alola, F, shiny|100\/100|[from] Volt Switch\n|-weather|Snow|[from] ability: Snow Warning|[of] p2a: Ninetales\n|\n|-weather|Snow|[upkeep]\n|upkeep\n|turn|5\n|\n|t:|1700026100\n|move|p2a: Ninetales|Aurora Veil|p2a: Ninetales\n|-sidestart|p2: bluenecdream|move: Aurora Veil\n|move|p1a: Vikavolt|Flash Cannon|p2a: Ninetales\n|-supereffective|p2a: Ninetales\n|-damage|p2a: Ninetales|43\/100\n|\n|-weather|Snow|[upkeep]\n|upkeep\n|turn|6\n|\n|t:|1700026111\n|switch|p2a: Rotom|Rotom-Wash|100\/100\n|move|p1a: Vikavolt|Flash Cannon|p2a: Rotom\n|-resisted|p2a: Rotom\n|-crit|p2a: Rotom\n|-damage|p2a: Rotom|91\/100\n|\n|-weather|Snow|[upkeep]\n|-heal|p2a: Rotom|98\/100|[from] item: Leftovers\n|upkeep\n|turn|7\n|\n|t:|1700026121\n|move|p2a: Rotom|Volt Switch|p1a: Vikavolt\n|-resisted|p1a: Vikavolt\n|-damage|p1a: Vikavolt|83\/100\n|\n|t:|1700026129\n|switch|p2a: Kyurem|Kyurem|100\/100|[from] Volt Switch\n|-ability|p2a: Kyurem|Pressure\n|move|p1a: Vikavolt|Energy Ball|p2a: Kyurem\n|-resisted|p2a: Kyurem\n|-damage|p2a: Kyurem|95\/100\n|\n|-weather|Snow|[upkeep]\n|upkeep\n|turn|8\n|\n|t:|1700026143\n|move|p2a: Kyurem|Blizzard|p1a: Vikavolt\n|-damage|p1a: Vikavolt|49\/100\n|move|p1a: Vikavolt|Flash Cannon|p2a: Kyurem\n|-supereffective|p2a: Kyurem\n|-damage|p2a: Kyurem|77\/100\n|-unboost|p2a: Kyurem|spd|1\n|\n|-weather|none\n|upkeep\n|turn|9\n|\n|t:|1700026155\n|move|p2a: Kyurem|Draco Meteor|p1a: Vikavolt\n|-damage|p1a: Vikavolt|9\/100\n|-unboost|p2a: Kyurem|spa|2\n|move|p1a: Vikavolt|Flash Cannon|p2a: Kyurem\n|-supereffective|p2a: Kyurem\n|-damage|p2a: Kyurem|52\/100\n|-unboost|p2a: Kyurem|spd|1\n|\n|upkeep\n|turn|10\n|\n|t:|1700026165\n|-terastallize|p2a: Kyurem|Ground\n|move|p2a: Kyurem|Earth Power|p1a: Vikavolt\n|-immune|p1a: Vikavolt|[from] ability: Levitate\n|move|p1a: Vikavolt|Flash Cannon|p2a: Kyurem\n|-damage|p2a: Kyurem|33\/100\n|\n|upkeep\n|turn|11\n|\n|t:|1700026177\n|move|p2a: Kyurem|Draco Meteor|p1a: Vikavolt\n|-damage|p1a: Vikavolt|0 fnt\n|-unboost|p2a: Kyurem|spa|2\n|faint|p1a: Vikavolt\n|\n|upkeep\n|\n|t:|1700026182\n|switch|p1a: Beedrill|Beedrill, M|100\/100\n|turn|12\n|\n|t:|1700026188\n|switch|p2a: Ninetales|Ninetales-Alola, F, shiny|43\/100\n|-weather|Snow|[from] ability: Snow Warning|[of] p2a: Ninetales\n|detailschange|p1a: Beedrill|Beedrill-Mega, M\n|-mega|p1a: Beedrill|Beedrill|Beedrillite\n|move|p1a: Beedrill|U-turn|p2a: Ninetales\n|-resisted|p2a: Ninetales\n|-damage|p2a: Ninetales|32\/100\n|\n|t:|1700026198\n|switch|p1a: Volcarona|Volcarona, M, shiny|100\/100|[from] U-turn\n|\n|-weather|Snow|[upkeep]\n|-sideend|p2: bluenecdream|move: Aurora Veil\n|upkeep\n|turn|13\n|\n|t:|1700026205\n|move|p2a: Ninetales|Aurora Veil|p2a: Ninetales\n|-sidestart|p2: bluenecdream|move: Aurora Veil\n|move|p1a: Volcarona|Fiery Dance|p2a: Ninetales\n|-supereffective|p2a: Ninetales\n|-crit|p2a: Ninetales\n|-damage|p2a: Ninetales|0 fnt\n|-boost|p1a: Volcarona|spa|1\n|faint|p2a: Ninetales\n|\n|-weather|Snow|[upkeep]\n|upkeep\n|\n|t:|1700026221\n|switch|p2a: Kyurem|Kyurem, tera:Ground|33\/100\n|-ability|p2a: Kyurem|Pressure\n|turn|14\n|\n|t:|1700026231\n|move|p2a: Kyurem|Earth Power|p1a: Volcarona\n|-damage|p1a: Volcarona|53\/100\n|move|p1a: Volcarona|Bug Buzz|p2a: Kyurem\n|-damage|p2a: Kyurem|14\/100\n|\n|-weather|Snow|[upkeep]\n|upkeep\n|turn|15\n|\n|t:|1700026247\n|move|p2a: Kyurem|Draco Meteor|p1a: Volcarona\n|-damage|p1a: Volcarona|0 fnt\n|-unboost|p2a: Kyurem|spa|2\n|faint|p1a: Volcarona\n|\n|-weather|Snow|[upkeep]\n|upkeep\n|\n|t:|1700026251\n|switch|p1a: Beedrill|Beedrill-Mega, M|100\/100\n|turn|16\n|\n|t:|1700026263\n|switch|p2a: Deoxys|Deoxys-Defense|100\/100\n|-ability|p2a: Deoxys|Pressure\n|move|p1a: Beedrill|U-turn|p2a: Deoxys\n|-supereffective|p2a: Deoxys\n|-damage|p2a: Deoxys|66\/100\n|-damage|p1a: Beedrill|84\/100|[from] item: Rocky Helmet|[of] p2a: Deoxys\n|\n|t:|1700026269\n|switch|p1a: Buzzwole|Buzzwole, shiny|100\/100|[from] U-turn\n|\n|-weather|none\n|upkeep\n|turn|17\n|\n|t:|1700026286\n|move|p1a: Buzzwole|Leech Life|p2a: Deoxys\n|-supereffective|p2a: Deoxys\n|-damage|p2a: Deoxys|36\/100\n|-damage|p1a: Buzzwole|84\/100|[from] item: Rocky Helmet|[of] p2a: Deoxys\n|move|p2a: Deoxys|Stealth Rock|p1a: Buzzwole\n|-sidestart|p1: Nemasilla|move: Stealth Rock\n|\n|upkeep\n|turn|18\n|\n|t:|1700026293\n|switch|p2a: Ribombee|Ribombee, M|1\/100\n|move|p1a: Buzzwole|Leech Life|p2a: Ribombee\n|-resisted|p2a: Ribombee\n|-damage|p2a: Ribombee|0 fnt\n|-heal|p1a: Buzzwole|84\/100|[from] drain|[of] p2a: Ribombee\n|faint|p2a: Ribombee\n|-ability|p1a: Buzzwole|Beast Boost|boost\n|-boost|p1a: Buzzwole|atk|1\n|\n|upkeep\n|\n|t:|1700026314\n|switch|p2a: Rotom|Rotom-Wash|98\/100\n|turn|19\n|\n|t:|1700026323\n|switch|p1a: Scizor|Scizor, F|94\/100 brn\n|-damage|p1a: Scizor|82\/100 brn|[from] Stealth Rock\n|move|p2a: Rotom|Will-O-Wisp|p1a: Scizor|[miss]\n|-miss|p2a: Rotom|p1a: Scizor\n|\n|-heal|p2a: Rotom|100\/100|[from] item: Leftovers\n|-damage|p1a: Scizor|76\/100 brn|[from] brn\n|upkeep\n|turn|20\n|\n|t:|1700026335\n|move|p2a: Rotom|Volt Switch|p1a: Scizor\n|-damage|p1a: Scizor|41\/100 brn\n|\n|t:|1700026339\n|switch|p2a: Deoxys|Deoxys-Defense|36\/100|[from] Volt Switch\n|-ability|p2a: Deoxys|Pressure\n|move|p1a: Scizor|Defog|p2a: Deoxys\n|-unboost|p2a: Deoxys|evasion|1\n|-sideend|p2: bluenecdream|move: Aurora Veil\n|-sideend|p1: Nemasilla|Stealth Rock|[from] move: Defog|[of] p1a: Scizor\n|\n|-damage|p1a: Scizor|35\/100 brn|[from] brn\n|upkeep\n|turn|21\n|\n|t:|1700026351\n|move|p2a: Deoxys|Recover|p2a: Deoxys\n|-heal|p2a: Deoxys|86\/100\n|move|p1a: Scizor|U-turn|p2a: Deoxys\n|-supereffective|p2a: Deoxys\n|-damage|p2a: Deoxys|68\/100\n|-damage|p1a: Scizor|19\/100 brn|[from] item: Rocky Helmet|[of] p2a: Deoxys\n|\n|t:|1700026357\n|switch|p1a: Buzzwole|Buzzwole, shiny|84\/100|[from] U-turn\n|\n|upkeep\n|turn|22\n|\n|t:|1700026368\n|move|p1a: Buzzwole|Leech Life|p2a: Deoxys\n|-supereffective|p2a: Deoxys\n|-damage|p2a: Deoxys|8\/100\n|-heal|p1a: Buzzwole|100\/100|[from] drain|[of] p2a: Deoxys\n|-damage|p1a: Buzzwole|84\/100|[from] item: Rocky Helmet|[of] p2a: Deoxys\n|move|p2a: Deoxys|Stealth Rock|p1a: Buzzwole\n|-sidestart|p1: Nemasilla|move: Stealth Rock\n|\n|upkeep\n|turn|23\n|\n|t:|1700026376\n|switch|p2a: Rotom|Rotom-Wash|100\/100\n|move|p1a: Buzzwole|Leech Life|p2a: Rotom\n|-damage|p2a: Rotom|53\/100\n|-heal|p1a: Buzzwole|100\/100|[from] drain|[of] p2a: Rotom\n|\n|-heal|p2a: Rotom|59\/100|[from] item: Leftovers\n|upkeep\n|turn|24\n|\n|t:|1700026393\n|switch|p1a: Ribombee|Ribombee, F, shiny|100\/100\n|-damage|p1a: Ribombee|76\/100|[from] Stealth Rock\n|move|p2a: Rotom|Will-O-Wisp|p1a: Ribombee\n|-status|p1a: Ribombee|brn\n|\n|-heal|p2a: Rotom|65\/100|[from] item: Leftovers\n|-damage|p1a: Ribombee|70\/100 brn|[from] brn\n|upkeep\n|turn|25\n|\n|t:|1700026415\n|move|p1a: Ribombee|Switcheroo|p2a: Rotom\n|-activate|p1a: Ribombee|move: Trick|[of] p2a: Rotom\n|-item|p2a: Rotom|Choice Specs|[from] move: Switcheroo\n|-item|p1a: Ribombee|Leftovers|[from] move: Switcheroo\n|move|p2a: Rotom|Hydro Pump|p1a: Ribombee\n|-damage|p1a: Ribombee|0 fnt\n|faint|p1a: Ribombee\n|\n|upkeep\n|\n|t:|1700026424\n|switch|p1a: Buzzwole|Buzzwole, shiny|100\/100\n|-damage|p1a: Buzzwole|88\/100|[from] Stealth Rock\n|turn|26\n|\n|t:|1700026438\n|switch|p2a: Deoxys|Deoxys-Defense|8\/100\n|-ability|p2a: Deoxys|Pressure\n|move|p1a: Buzzwole|Close Combat|p2a: Deoxys\n|-resisted|p2a: Deoxys\n|-crit|p2a: Deoxys\n|-damage|p2a: Deoxys|0 fnt\n|-unboost|p1a: Buzzwole|def|1\n|-unboost|p1a: Buzzwole|spd|1\n|-damage|p1a: Buzzwole|71\/100|[from] item: Rocky Helmet|[of] p2a: Deoxys\n|faint|p2a: Deoxys\n|-ability|p1a: Buzzwole|Beast Boost|boost\n|-boost|p1a: Buzzwole|atk|1\n|\n|upkeep\n|\n|t:|1700026458\n|switch|p2a: Rotom|Rotom-Wash|65\/100\n|turn|27\n|\n|t:|1700026464\n|move|p1a: Buzzwole|Close Combat|p2a: Rotom\n|-damage|p2a: Rotom|0 fnt\n|-unboost|p1a: Buzzwole|def|1\n|-unboost|p1a: Buzzwole|spd|1\n|faint|p2a: Rotom\n|-ability|p1a: Buzzwole|Beast Boost|boost\n|-boost|p1a: Buzzwole|atk|1\n|\n|upkeep\n|\n|t:|1700026475\n|switch|p2a: Glalie|Glalie, F|100\/100\n|turn|28\n|\n|t:|1700026479\n|detailschange|p2a: Glalie|Glalie-Mega, F\n|-mega|p2a: Glalie|Glalie|Glalitite\n|move|p1a: Buzzwole|Close Combat|p2a: Glalie\n|-supereffective|p2a: Glalie\n|-damage|p2a: Glalie|0 fnt\n|-unboost|p1a: Buzzwole|def|1\n|-unboost|p1a: Buzzwole|spd|1\n|faint|p2a: Glalie\n|-ability|p1a: Buzzwole|Beast Boost|boost\n|-boost|p1a: Buzzwole|atk|1\n|\n|upkeep\n|\n|t:|1700026488\n|switch|p2a: Kyurem|Kyurem, tera:Ground|14\/100\n|-ability|p2a: Kyurem|Pressure\n|turn|29\n|\n|t:|1700026493\n|move|p1a: Buzzwole|Close Combat|p2a: Kyurem\n|-damage|p2a: Kyurem|0 fnt\n|-unboost|p1a: Buzzwole|def|1\n|-unboost|p1a: Buzzwole|spd|1\n|faint|p2a: Kyurem\n|\n|win|Nemasilla\n|raw|Nemasilla's rating: 1109 &rarr; <strong>1135<\/strong><br \/>(+26 for winning)\n|raw|bluenecdream's rating: 1119 &rarr; <strong>1093<\/strong><br \/>(-26 for losing)\n|c|\u2606Nemasilla|gg\n|l|\u2606bluenecdream\n","uploadtime":1700026506,"views":4,"p1id":"nemasilla","p2id":"bluenecdream","formatid":"gen9nationaldex","rating":1093,"private":0,"password":""}