{"id":"gen9nationaldex-1993742114","p1":"Void280","p2":"RARMolina","format":"[Gen 9] National Dex","log":"|j|\u2606Void280\n|j|\u2606RARMolina\n|t:|1700351829\n|gametype|singles\n|player|p1|Void280|cynthia-masters|\n|player|p2|RARMolina|phorus-unite|\n|teamsize|p1|6\n|teamsize|p2|6\n|gen|9\n|tier|[Gen 9] National Dex\n|rule|HP Percentage Mod: HP is shown in percentages\n|rule|Endless Battle Clause: Forcing endless battles is banned\n|rule|OHKO Clause: OHKO moves are banned\n|rule|Evasion Clause: Evasion abilities, items, and moves are banned\n|rule|Evasion Abilities Clause: Evasion abilities are banned\n|rule|Evasion Items Clause: Evasion items are banned\n|rule|Evasion Moves Clause: Evasion moves are banned\n|rule|Species Clause: Limit one of each Pok\u00e9mon\n|rule|Sleep Clause Mod: Limit one foe put to sleep\n|clearpoke\n|poke|p1|Great Tusk|\n|poke|p1|Ogerpon-Wellspring, F|\n|poke|p1|Lopunny, M|\n|poke|p1|Hydreigon, M|\n|poke|p1|Togekiss, F|\n|poke|p1|Goodra-Hisui, F|\n|poke|p2|Empoleon, M|\n|poke|p2|Garchomp, M|\n|poke|p2|Pelipper, M|\n|poke|p2|Jellicent, F|\n|poke|p2|Golisopod, M|\n|poke|p2|Swampert, F|\n|teampreview\n|j| Gamer00ooO\n|j| PeppsiAsiEs\n|c|\u2606RARMolina|Es hora de sarpar\n|c| Gamer00ooO|Hola\n|c| PeppsiAsiEs|Les deseo suerte a ambos y que tengan un buen combate.\n|j| WSoldat\n|j| Dios Typhlosion\n|c| PeppsiAsiEs|Maxi se alz\u00f3 con mi victoria porque la ten\u00eda mas dura que el acero\n|\n|t:|1700351903\n|start\n|switch|p1a: Ansel|Lopunny, M, shiny|100\/100\n|switch|p2a: Weater report|Pelipper, M|100\/100\n|-weather|RainDance|[from] ability: Drizzle|[of] p2a: Weater report\n|turn|1\n|\n|t:|1700351916\n|switch|p2a: Jatziri|Swampert, F|100\/100\n|detailschange|p1a: Ansel|Lopunny-Mega, M, shiny\n|-mega|p1a: Ansel|Lopunny|Lopunnite\n|move|p1a: Ansel|Fake Out|p2a: Jatziri\n|-damage|p2a: Jatziri|78\/100\n|\n|-weather|RainDance|[upkeep]\n|upkeep\n|turn|2\n|\n|t:|1700351924\n|switch|p1a: Yuna|Ogerpon-Wellspring, F|100\/100\n|detailschange|p2a: Jatziri|Swampert-Mega, F\n|-mega|p2a: Jatziri|Swampert|Swampertite\n|move|p2a: Jatziri|Earthquake|p1a: Yuna\n|-resisted|p1a: Yuna\n|-damage|p1a: Yuna|63\/100\n|\n|-weather|RainDance|[upkeep]\n|upkeep\n|turn|3\n|\n|t:|1700351931\n|switch|p2a: Shredder|Golisopod, M|100\/100\n|move|p1a: Yuna|Horn Leech|p2a: Shredder\n|-damage|p2a: Shredder|66\/100\n|-heal|p1a: Yuna|79\/100|[from] drain|[of] p2a: Shredder\n|\n|-weather|RainDance|[upkeep]\n|upkeep\n|turn|4\n|\n|t:|1700351940\n|move|p1a: Yuna|Spiky Shield|p1a: Yuna\n|-singleturn|p1a: Yuna|move: Protect\n|move|p2a: Shredder|First Impression|p1a: Yuna\n|-activate|p1a: Yuna|move: Protect\n|-damage|p2a: Shredder|54\/100|[from] Spiky Shield|[of] p1a: Yuna\n|\n|-weather|RainDance|[upkeep]\n|upkeep\n|turn|5\n|l| Gamer00ooO\n|j| Gamer00ooO\n|\n|t:|1700351951\n|switch|p2a: Poseidon|Empoleon, M|100\/100\n|move|p1a: Yuna|Horn Leech|p2a: Poseidon\n|-crit|p2a: Poseidon\n|-damage|p2a: Poseidon|15\/100\n|-heal|p1a: Yuna|100\/100|[from] drain|[of] p2a: Poseidon\n|\n|-weather|RainDance|[upkeep]\n|upkeep\n|turn|6\n|\n|t:|1700351965\n|move|p1a: Yuna|Horn Leech|p2a: Poseidon\n|-damage|p2a: Poseidon|0 fnt\n|faint|p2a: Poseidon\n|\n|-weather|RainDance|[upkeep]\n|upkeep\n|\n|t:|1700351972\n|switch|p2a: Bocho|Garchomp, M|100\/100\n|turn|7\n|\n|t:|1700351979\n|move|p1a: Yuna|Ivy Cudgel|p2a: Bocho|[anim] Ivy Cudgel Water\n|-damage|p2a: Bocho|13\/100\n|move|p2a: Bocho|Scale Shot|p1a: Yuna\n|-damage|p1a: Yuna|84\/100\n|-damage|p1a: Yuna|68\/100\n|-damage|p1a: Yuna|51\/100\n|-damage|p1a: Yuna|32\/100\n|-crit|p1a: Yuna\n|-damage|p1a: Yuna|6\/100\n|-hitcount|p1a: Yuna|5\n|-unboost|p2a: Bocho|def|1\n|-boost|p2a: Bocho|spe|1\n|\n|-weather|RainDance|[upkeep]\n|upkeep\n|turn|8\n|\n|t:|1700351992\n|move|p1a: Yuna|Spiky Shield|p1a: Yuna\n|-singleturn|p1a: Yuna|move: Protect\n|move|p2a: Bocho|Scale Shot|p1a: Yuna\n|-activate|p1a: Yuna|move: Protect\n|\n|-weather|none\n|upkeep\n|turn|9\n|l| WSoldat\n|\n|t:|1700352008\n|switch|p1a: Bless|Togekiss, F|100\/100\n|move|p2a: Bocho|Earthquake|p1a: Bless\n|-immune|p1a: Bless\n|\n|upkeep\n|turn|10\n|c| Dios Typhlosion|Batalla de los dos mejores tipos :v\n|j| WSoldat\n|\n|t:|1700352020\n|switch|p2a: Srta. Tess|Jellicent, F|100\/100\n|move|p1a: Bless|Tailwind|p1a: Bless\n|-sidestart|p1: Void280|move: Tailwind\n|\n|upkeep\n|turn|11\n|\n|t:|1700352031\n|switch|p1a: Hydra|Hydreigon, M|100\/100\n|move|p2a: Srta. Tess|Will-O-Wisp|p1a: Hydra\n|-status|p1a: Hydra|brn\n|\n|-damage|p1a: Hydra|94\/100 brn|[from] brn\n|upkeep\n|turn|12\n|\n|t:|1700352043\n|switch|p2a: Weater report|Pelipper, M|100\/100\n|-weather|RainDance|[from] ability: Drizzle|[of] p2a: Weater report\n|-terastallize|p1a: Hydra|Electric\n|move|p1a: Hydra|Tera Blast|p2a: Weater report|[anim] Tera Blast Electric\n|-supereffective|p2a: Weater report\n|-damage|p2a: Weater report|0 fnt\n|faint|p2a: Weater report\n|\n|-weather|RainDance|[upkeep]\n|-damage|p1a: Hydra|88\/100 brn|[from] brn\n|upkeep\n|\n|t:|1700352056\n|switch|p2a: Jatziri|Swampert-Mega, F|78\/100\n|turn|13\n|\n|t:|1700352068\n|switch|p1a: Sui|Goodra-Hisui, F|100\/100\n|move|p2a: Jatziri|Ice Punch|p1a: Sui\n|-damage|p1a: Sui|71\/100\n|-ability|p1a: Sui|Gooey\n|-unboost|p2a: Jatziri|spe|1\n|\n|-weather|RainDance|[upkeep]\n|-heal|p1a: Sui|77\/100|[from] item: Leftovers\n|-sideend|p1: Void280|move: Tailwind\n|upkeep\n|turn|14\n|c| WSoldat|XD\n|\n|t:|1700352082\n|move|p2a: Jatziri|Earthquake|p1a: Sui\n|-supereffective|p1a: Sui\n|-damage|p1a: Sui|0 fnt\n|faint|p1a: Sui\n|\n|-weather|RainDance|[upkeep]\n|upkeep\n|\n|t:|1700352103\n|switch|p1a: Yuna|Ogerpon-Wellspring, F|6\/100\n|turn|15\n|\n|t:|1700352111\n|move|p1a: Yuna|Horn Leech|p2a: Jatziri\n|-supereffective|p2a: Jatziri\n|-damage|p2a: Jatziri|0 fnt\n|-heal|p1a: Yuna|50\/100|[from] drain|[of] p2a: Jatziri\n|faint|p2a: Jatziri\n|\n|-weather|RainDance|[upkeep]\n|upkeep\n|\n|t:|1700352117\n|switch|p2a: Srta. Tess|Jellicent, F|100\/100\n|turn|16\n|\n|t:|1700352126\n|move|p1a: Yuna|U-turn|p2a: Srta. Tess\n|-resisted|p2a: Srta. Tess\n|-damage|p2a: Srta. Tess|88\/100\n|-start|p1a: Yuna|Disable|U-turn|[from] ability: Cursed Body|[of] p2a: Srta. Tess\n|\n|t:|1700352130\n|switch|p1a: Hydra|Hydreigon, M, tera:Electric|88\/100 brn|[from] U-turn\n|move|p2a: Srta. Tess|Will-O-Wisp|p1a: Hydra\n|-fail|p1a: Hydra|brn\n|\n|-weather|RainDance|[upkeep]\n|-heal|p2a: Srta. Tess|95\/100|[from] item: Leftovers\n|-damage|p1a: Hydra|82\/100 brn|[from] brn\n|upkeep\n|turn|17\n|\n|t:|1700352143\n|-terastallize|p2a: Srta. Tess|Fairy\n|move|p1a: Hydra|Flash Cannon|p2a: Srta. Tess\n|-supereffective|p2a: Srta. Tess\n|-damage|p2a: Srta. Tess|37\/100\n|move|p2a: Srta. Tess|Hex|p1a: Hydra\n|-damage|p1a: Hydra|37\/100 brn\n|\n|-weather|RainDance|[upkeep]\n|-heal|p2a: Srta. Tess|43\/100|[from] item: Leftovers\n|-damage|p1a: Hydra|31\/100 brn|[from] brn\n|upkeep\n|turn|18\n|\n|t:|1700352153\n|switch|p2a: Bocho|Garchomp, M|13\/100\n|move|p1a: Hydra|Flash Cannon|p2a: Bocho\n|-damage|p2a: Bocho|0 fnt\n|faint|p2a: Bocho\n|\n|-weather|RainDance|[upkeep]\n|-damage|p1a: Hydra|25\/100 brn|[from] brn\n|upkeep\n|\n|t:|1700352158\n|switch|p2a: Shredder|Golisopod, M|54\/100\n|turn|19\n|\n|t:|1700352169\n|switch|p1a: Bless|Togekiss, F|100\/100\n|move|p2a: Shredder|First Impression|p1a: Bless\n|-resisted|p1a: Bless\n|-damage|p1a: Bless|87\/100\n|\n|-weather|none\n|-heal|p1a: Bless|93\/100|[from] item: Leftovers\n|upkeep\n|turn|20\n|\n|t:|1700352176\n|move|p1a: Bless|Air Slash|p2a: Shredder\n|-supereffective|p2a: Shredder\n|-damage|p2a: Shredder|0 fnt\n|faint|p2a: Shredder\n|\n|-heal|p1a: Bless|99\/100|[from] item: Leftovers\n|upkeep\n|\n|t:|1700352180\n|switch|p2a: Srta. Tess|Jellicent, F, tera:Fairy|43\/100\n|turn|21\n|\n|t:|1700352186\n|move|p1a: Bless|Air Slash|p2a: Srta. Tess\n|-damage|p2a: Srta. Tess|15\/100\n|-start|p1a: Bless|Disable|Air Slash|[from] ability: Cursed Body|[of] p2a: Srta. Tess\n|cant|p2a: Srta. Tess|flinch\n|\n|-heal|p1a: Bless|100\/100|[from] item: Leftovers\n|-heal|p2a: Srta. Tess|21\/100|[from] item: Leftovers\n|upkeep\n|turn|22\n|\n|t:|1700352194\n|move|p1a: Bless|Flamethrower|p2a: Srta. Tess\n|-damage|p2a: Srta. Tess|0 fnt\n|faint|p2a: Srta. Tess\n|\n|win|Void280\n|c|\u2606Void280|ggs\n|c| PeppsiAsiEs|Gg\n|c|\u2606RARMolina|Gg\n","uploadtime":1700352202,"views":12,"p1id":"void280","p2id":"rarmolina","formatid":"gen9nationaldex","rating":0,"private":0,"password":""}