{"id":"gen9nationaldex-1993122384","p1":"Normal Happyness","p2":"cb der","format":"[Gen 9] National Dex","log":"|j|\u2606Normal Happyness\n|j|\u2606cb der\n|t:|1700267394\n|gametype|singles\n|player|p1|Normal Happyness|102|1199\n|player|p2|cb der|iono|1159\n|teamsize|p1|6\n|teamsize|p2|6\n|gen|9\n|tier|[Gen 9] National Dex\n|rated|\n|rule|HP Percentage Mod: HP is shown in percentages\n|rule|Endless Battle Clause: Forcing endless battles is banned\n|rule|OHKO Clause: OHKO moves are banned\n|rule|Evasion Clause: Evasion abilities, items, and moves are banned\n|rule|Evasion Abilities Clause: Evasion abilities are banned\n|rule|Evasion Items Clause: Evasion items are banned\n|rule|Evasion Moves Clause: Evasion moves are banned\n|rule|Species Clause: Limit one of each Pok\u00e9mon\n|rule|Sleep Clause Mod: Limit one foe put to sleep\n|clearpoke\n|poke|p1|Beedrill, M|\n|poke|p1|Zamazenta-*|\n|poke|p1|Polteageist-Antique|\n|poke|p1|Pikachu, F|\n|poke|p1|Cofagrigus, M|\n|poke|p1|Pawmot, M|\n|poke|p2|Hatterene, F|\n|poke|p2|Butterfree, F|\n|poke|p2|Heatran, F|\n|poke|p2|Hawlucha, F|\n|poke|p2|Farfetch\u2019d, F|\n|poke|p2|Leafeon, M|\n|teampreview\n|inactive|Battle timer is ON: inactive players will automatically lose when time's up. (requested by Normal Happyness)\n|\n|t:|1700267417\n|start\n|switch|p1a: Beedrill|Beedrill, M|100\/100\n|switch|p2a: Butterfree|Butterfree, F|100\/100\n|turn|1\n|\n|t:|1700267425\n|switch|p2a: Heatran|Heatran, F|100\/100\n|detailschange|p1a: Beedrill|Beedrill-Mega, M\n|-mega|p1a: Beedrill|Beedrill|Beedrillite\n|move|p1a: Beedrill|Poison Jab|p2a: Heatran\n|-immune|p2a: Heatran\n|\n|upkeep\n|turn|2\n|\n|t:|1700267437\n|switch|p2a: Farfetch\u2019d|Farfetch\u2019d, F|100\/100\n|move|p1a: Beedrill|Drill Run|p2a: Farfetch\u2019d\n|-immune|p2a: Farfetch\u2019d\n|\n|upkeep\n|turn|3\n|\n|t:|1700267446\n|move|p2a: Farfetch\u2019d|Quick Attack|p1a: Beedrill\n|-damage|p1a: Beedrill|55\/100\n|move|p1a: Beedrill|U-turn|p2a: Farfetch\u2019d\n|-resisted|p2a: Farfetch\u2019d\n|-damage|p2a: Farfetch\u2019d|54\/100\n|\n|t:|1700267456\n|switch|p1a: Pikachu|Pikachu, F|100\/100|[from] U-turn\n|\n|upkeep\n|turn|4\n|\n|t:|1700267462\n|switch|p2a: Heatran|Heatran, F|100\/100\n|move|p1a: Pikachu|Fake Out|p2a: Heatran\n|-resisted|p2a: Heatran\n|-damage|p2a: Heatran|95\/100\n|\n|-heal|p2a: Heatran|100\/100|[from] item: Leftovers\n|upkeep\n|turn|5\n|\n|t:|1700267479\n|switch|p1a: Cofagrigus|Cofagrigus, M|100\/100\n|move|p2a: Heatran|Stealth Rock|p1a: Cofagrigus\n|-sidestart|p1: Normal Happyness|move: Stealth Rock\n|\n|upkeep\n|turn|6\n|\n|t:|1700267488\n|move|p2a: Heatran|Toxic|p1a: Cofagrigus\n|-status|p1a: Cofagrigus|tox\n|move|p1a: Cofagrigus|Hex|p2a: Heatran\n|-damage|p2a: Heatran|87\/100\n|\n|-heal|p2a: Heatran|94\/100|[from] item: Leftovers\n|-damage|p1a: Cofagrigus|94\/100 tox|[from] psn\n|upkeep\n|turn|7\n|\n|t:|1700267508\n|move|p2a: Heatran|Magma Storm|p1a: Cofagrigus\n|-damage|p1a: Cofagrigus|64\/100 tox\n|-activate|p1a: Cofagrigus|move: Magma Storm|[of] p2a: Heatran\n|move|p1a: Cofagrigus|Hex|p2a: Heatran\n|-damage|p2a: Heatran|80\/100\n|\n|-heal|p2a: Heatran|86\/100|[from] item: Leftovers\n|-heal|p1a: Cofagrigus|70\/100 tox|[from] item: Leftovers\n|-damage|p1a: Cofagrigus|58\/100 tox|[from] psn\n|-damage|p1a: Cofagrigus|45\/100 tox|[from] move: Magma Storm|[partiallytrapped]\n|upkeep\n|turn|8\n|\n|t:|1700267523\n|move|p2a: Heatran|Magma Storm|p1a: Cofagrigus\n|-damage|p1a: Cofagrigus|15\/100 tox\n|move|p1a: Cofagrigus|Destiny Bond|p1a: Cofagrigus\n|-singlemove|p1a: Cofagrigus|Destiny Bond\n|\n|-heal|p2a: Heatran|92\/100|[from] item: Leftovers\n|-heal|p1a: Cofagrigus|21\/100 tox|[from] item: Leftovers\n|-damage|p1a: Cofagrigus|3\/100 tox|[from] psn\n|-damage|p1a: Cofagrigus|0 fnt|[from] move: Magma Storm|[partiallytrapped]\n|faint|p1a: Cofagrigus\n|upkeep\n|\n|t:|1700267533\n|switch|p1a: Pikachu|Pikachu, F|100\/100\n|-damage|p1a: Pikachu|88\/100|[from] Stealth Rock\n|turn|9\n|\n|t:|1700267542\n|move|p1a: Pikachu|Volt Tackle|p2a: Heatran\n|-damage|p2a: Heatran|35\/100\n|-damage|p1a: Pikachu|54\/100|[from] Recoil\n|move|p2a: Heatran|Earth Power|p1a: Pikachu\n|-supereffective|p1a: Pikachu\n|-damage|p1a: Pikachu|0 fnt\n|faint|p1a: Pikachu\n|\n|-heal|p2a: Heatran|41\/100|[from] item: Leftovers\n|upkeep\n|\n|t:|1700267550\n|switch|p1a: Zamazenta|Zamazenta|100\/100\n|-damage|p1a: Zamazenta|94\/100|[from] Stealth Rock\n|-ability|p1a: Zamazenta|Dauntless Shield|boost\n|-boost|p1a: Zamazenta|def|1\n|turn|10\n|\n|t:|1700267555\n|switch|p2a: Hawlucha|Hawlucha, F|100\/100\n|move|p1a: Zamazenta|Body Press|p2a: Hawlucha\n|-resisted|p2a: Hawlucha\n|-damage|p2a: Hawlucha|67\/100\n|\n|-heal|p1a: Zamazenta|100\/100|[from] item: Leftovers\n|upkeep\n|turn|11\n|\n|t:|1700267564\n|move|p1a: Zamazenta|Iron Defense|p1a: Zamazenta\n|-boost|p1a: Zamazenta|def|2\n|move|p2a: Hawlucha|Sky Attack||[still]\n|-prepare|p2a: Hawlucha|Sky Attack\n|-enditem|p2a: Hawlucha|Power Herb\n|-anim|p2a: Hawlucha|Sky Attack|p1a: Zamazenta\n|-supereffective|p1a: Zamazenta\n|-damage|p1a: Zamazenta|63\/100\n|\n|-heal|p1a: Zamazenta|69\/100|[from] item: Leftovers\n|upkeep\n|turn|12\n|\n|t:|1700267572\n|move|p2a: Hawlucha|Swords Dance|p2a: Hawlucha\n|-boost|p2a: Hawlucha|atk|2\n|move|p1a: Zamazenta|Iron Defense|p1a: Zamazenta\n|-boost|p1a: Zamazenta|def|2\n|\n|-heal|p1a: Zamazenta|75\/100|[from] item: Leftovers\n|upkeep\n|turn|13\n|\n|t:|1700267578\n|move|p2a: Hawlucha|Acrobatics|p1a: Zamazenta\n|-supereffective|p1a: Zamazenta\n|-damage|p1a: Zamazenta|37\/100\n|move|p1a: Zamazenta|Body Press|p2a: Hawlucha\n|-resisted|p2a: Hawlucha\n|-damage|p2a: Hawlucha|0 fnt\n|faint|p2a: Hawlucha\n|\n|-heal|p1a: Zamazenta|44\/100|[from] item: Leftovers\n|upkeep\n|\n|t:|1700267584\n|switch|p2a: Butterfree|Butterfree, F|100\/100\n|turn|14\n|\n|t:|1700267595\n|move|p1a: Zamazenta|Substitute|p1a: Zamazenta\n|-start|p1a: Zamazenta|Substitute\n|-damage|p1a: Zamazenta|19\/100\n|move|p2a: Butterfree|Quiver Dance|p2a: Butterfree\n|-boost|p2a: Butterfree|spa|1\n|-boost|p2a: Butterfree|spd|1\n|-boost|p2a: Butterfree|spe|1\n|\n|-heal|p1a: Zamazenta|25\/100|[from] item: Leftovers\n|upkeep\n|turn|15\n|\n|t:|1700267604\n|move|p1a: Zamazenta|Crunch|p2a: Butterfree\n|-damage|p2a: Butterfree|54\/100\n|move|p2a: Butterfree|Substitute|p2a: Butterfree\n|-start|p2a: Butterfree|Substitute\n|-damage|p2a: Butterfree|29\/100\n|\n|-heal|p1a: Zamazenta|31\/100|[from] item: Leftovers\n|-heal|p2a: Butterfree|35\/100|[from] item: Leftovers\n|upkeep\n|turn|16\n|\n|t:|1700267626\n|move|p1a: Zamazenta|Crunch|p2a: Butterfree\n|-end|p2a: Butterfree|Substitute\n|move|p2a: Butterfree|Hurricane|p1a: Zamazenta\n|-supereffective|p1a: Zamazenta\n|-end|p1a: Zamazenta|Substitute\n|\n|-heal|p1a: Zamazenta|37\/100|[from] item: Leftovers\n|-heal|p2a: Butterfree|41\/100|[from] item: Leftovers\n|upkeep\n|turn|17\n|\n|t:|1700267634\n|move|p1a: Zamazenta|Crunch|p2a: Butterfree\n|-damage|p2a: Butterfree|0 fnt\n|faint|p2a: Butterfree\n|\n|-heal|p1a: Zamazenta|44\/100|[from] item: Leftovers\n|upkeep\n|\n|t:|1700267638\n|switch|p2a: Hatterene|Hatterene, F|100\/100\n|turn|18\n|\n|t:|1700267645\n|-terastallize|p1a: Zamazenta|Steel\n|move|p1a: Zamazenta|Substitute|p1a: Zamazenta\n|-start|p1a: Zamazenta|Substitute\n|-damage|p1a: Zamazenta|19\/100\n|move|p2a: Hatterene|Trick Room|p2a: Hatterene\n|-fieldstart|move: Trick Room|[of] p2a: Hatterene\n|\n|-heal|p1a: Zamazenta|25\/100|[from] item: Leftovers\n|upkeep\n|turn|19\n|\n|t:|1700267653\n|move|p2a: Hatterene|Shadow Ball|p1a: Zamazenta\n|-end|p1a: Zamazenta|Substitute\n|move|p1a: Zamazenta|Crunch|p2a: Hatterene\n|-damage|p2a: Hatterene|78\/100\n|-unboost|p2a: Hatterene|def|1\n|\n|-heal|p1a: Zamazenta|31\/100|[from] item: Leftovers\n|upkeep\n|turn|20\n|\n|t:|1700267664\n|move|p2a: Hatterene|Shadow Ball|p1a: Zamazenta\n|-damage|p1a: Zamazenta|8\/100\n|move|p1a: Zamazenta|Crunch|p2a: Hatterene\n|-damage|p2a: Hatterene|39\/100\n|-unboost|p2a: Hatterene|def|1\n|\n|-heal|p1a: Zamazenta|14\/100|[from] item: Leftovers\n|upkeep\n|turn|21\n|\n|t:|1700267671\n|move|p2a: Hatterene|Shadow Ball|p1a: Zamazenta\n|-damage|p1a: Zamazenta|0 fnt\n|faint|p1a: Zamazenta\n|\n|upkeep\n|\n|t:|1700267684\n|switch|p1a: Beedrill|Beedrill-Mega, M|55\/100\n|-damage|p1a: Beedrill|30\/100|[from] Stealth Rock\n|turn|22\n|\n|t:|1700267690\n|move|p2a: Hatterene|Psychic|p1a: Beedrill\n|-supereffective|p1a: Beedrill\n|-damage|p1a: Beedrill|0 fnt\n|faint|p1a: Beedrill\n|\n|-fieldend|move: Trick Room\n|upkeep\n|\n|t:|1700267694\n|switch|p1a: Pawmot|Pawmot, M|100\/100\n|-damage|p1a: Pawmot|94\/100|[from] Stealth Rock\n|turn|23\n|\n|t:|1700267701\n|switch|p2a: Leafeon|Leafeon, M|100\/100\n|move|p1a: Pawmot|Double Shock|p2a: Leafeon\n|-resisted|p2a: Leafeon\n|-damage|p2a: Leafeon|77\/100\n|-start|p1a: Pawmot|typechange|???\/Fighting|[from] move: Double Shock\n|\n|upkeep\n|turn|24\n|\n|t:|1700267709\n|move|p1a: Pawmot|Revival Blessing|p1a: Pawmot\n|-enditem|p1a: Pawmot|Leppa Berry|[eat]\n|-activate|p1a: Pawmot|item: Leppa Berry|Revival Blessing|[consumed]\n|\n|t:|1700267718\n|-heal|p1: Zamazenta|50\/100|[from] move: Revival Blessing\n|move|p2a: Leafeon|Leaf Blade|p1a: Pawmot\n|-damage|p1a: Pawmot|39\/100\n|\n|upkeep\n|turn|25\n|\n|t:|1700267728\n|move|p1a: Pawmot|Revival Blessing|p1a: Pawmot\n|\n|t:|1700267730\n|-heal|p1: Beedrill|50\/100|[from] move: Revival Blessing\n|move|p2a: Leafeon|Leaf Blade|p1a: Pawmot\n|-damage|p1a: Pawmot|0 fnt\n|faint|p1a: Pawmot\n|\n|upkeep\n|\n|t:|1700267738\n|switch|p1a: Beedrill|Beedrill-Mega, M|50\/100\n|-damage|p1a: Beedrill|26\/100|[from] Stealth Rock\n|turn|26\n|\n|t:|1700267745\n|switch|p2a: Heatran|Heatran, F|41\/100\n|move|p1a: Beedrill|Fell Stinger|p2a: Heatran\n|-resisted|p2a: Heatran\n|-damage|p2a: Heatran|35\/100\n|\n|-heal|p2a: Heatran|41\/100|[from] item: Leftovers\n|upkeep\n|turn|27\n|\n|t:|1700267753\n|switch|p2a: Farfetch\u2019d|Farfetch\u2019d, F|54\/100\n|move|p1a: Beedrill|Drill Run|p2a: Farfetch\u2019d\n|-immune|p2a: Farfetch\u2019d\n|\n|upkeep\n|turn|28\n|\n|t:|1700267758\n|move|p2a: Farfetch\u2019d|Quick Attack|p1a: Beedrill\n|-damage|p1a: Beedrill|0 fnt\n|faint|p1a: Beedrill\n|\n|upkeep\n|\n|t:|1700267761\n|switch|p1a: Zamazenta|Zamazenta|50\/100\n|-damage|p1a: Zamazenta|44\/100|[from] Stealth Rock\n|turn|29\n|\n|t:|1700267769\n|move|p1a: Zamazenta|Iron Defense|p1a: Zamazenta\n|-boost|p1a: Zamazenta|def|2\n|move|p2a: Farfetch\u2019d|Brave Bird|p1a: Zamazenta\n|-supereffective|p1a: Zamazenta\n|-damage|p1a: Zamazenta|0 fnt\n|faint|p1a: Zamazenta\n|-damage|p2a: Farfetch\u2019d|36\/100|[from] Recoil\n|\n|upkeep\n|\n|t:|1700267774\n|switch|p1a: Polteageist|Polteageist-Antique|100\/100\n|-damage|p1a: Polteageist|88\/100|[from] Stealth Rock\n|turn|30\n|\n|t:|1700267784\n|move|p1a: Polteageist|Shell Smash|p1a: Polteageist\n|-unboost|p1a: Polteageist|def|1\n|-unboost|p1a: Polteageist|spd|1\n|-boost|p1a: Polteageist|atk|2\n|-boost|p1a: Polteageist|spa|2\n|-boost|p1a: Polteageist|spe|2\n|move|p2a: Farfetch\u2019d|Brave Bird|p1a: Polteageist\n|-crit|p1a: Polteageist\n|-damage|p1a: Polteageist|0 fnt\n|faint|p1a: Polteageist\n|-damage|p2a: Farfetch\u2019d|12\/100|[from] Recoil\n|\n|win|cb der\n|raw|Normal Happyness's rating: 1199 &rarr; <strong>1171<\/strong><br \/>(-28 for losing)\n|raw|cb der's rating: 1159 &rarr; <strong>1187<\/strong><br \/>(+28 for winning)\n|l|\u2606Normal Happyness\n","uploadtime":1700267792,"views":13,"p1id":"normalhappyness","p2id":"cbder","formatid":"gen9nationaldex","rating":1171,"private":0,"password":""}