{"id":"gen9nationaldex-1992439734","p1":"IJN Hiryuu","p2":"craftex490gx","format":"[Gen 9] National Dex","log":"|j|\u2606IJN Hiryuu\n|j|\u2606craftex490gx\n|t:|1700187781\n|gametype|singles\n|player|p1|IJN Hiryuu|iris-gen5bw2|1065\n|player|p2|craftex490gx|102|1144\n|teamsize|p1|6\n|teamsize|p2|6\n|gen|9\n|tier|[Gen 9] National Dex\n|rated|\n|rule|HP Percentage Mod: HP is shown in percentages\n|rule|Endless Battle Clause: Forcing endless battles is banned\n|rule|OHKO Clause: OHKO moves are banned\n|rule|Evasion Clause: Evasion abilities, items, and moves are banned\n|rule|Evasion Abilities Clause: Evasion abilities are banned\n|rule|Evasion Items Clause: Evasion items are banned\n|rule|Evasion Moves Clause: Evasion moves are banned\n|rule|Species Clause: Limit one of each Pok\u00e9mon\n|rule|Sleep Clause Mod: Limit one foe put to sleep\n|clearpoke\n|poke|p1|Blaziken, F|\n|poke|p1|Gliscor, F|\n|poke|p1|Greninja-*, M|\n|poke|p1|Lopunny, M|\n|poke|p1|Iron Valiant|\n|poke|p1|Urshifu-*, F|\n|poke|p2|Pelipper, M|\n|poke|p2|Meganium, M|\n|poke|p2|Iron Thorns|\n|poke|p2|Excadrill, M|\n|poke|p2|Armarouge, F|\n|poke|p2|Persian-Alola, M|\n|teampreview\n|\n|t:|1700187803\n|start\n|switch|p1a: Dusk|Gliscor, F|100\/100\n|switch|p2a: Meganium|Meganium, M|100\/100\n|turn|1\n|\n|t:|1700187807\n|move|p1a: Dusk|Stealth Rock|p2a: Meganium\n|-sidestart|p2: craftex490gx|move: Stealth Rock\n|move|p2a: Meganium|Reflect|p2a: Meganium\n|-sidestart|p2: craftex490gx|Reflect\n|\n|-status|p1a: Dusk|tox|[from] item: Toxic Orb\n|upkeep\n|turn|2\n|\n|t:|1700187813\n|move|p1a: Dusk|Toxic Spikes|p2a: Meganium\n|-sidestart|p2: craftex490gx|move: Toxic Spikes\n|move|p2a: Meganium|Light Screen|p2a: Meganium\n|-sidestart|p2: craftex490gx|move: Light Screen\n|\n|upkeep\n|turn|3\n|\n|t:|1700187817\n|switch|p2a: Excadrill|Excadrill, M|100\/100\n|-damage|p2a: Excadrill|97\/100|[from] Stealth Rock\n|-ability|p2a: Excadrill|Mold Breaker\n|move|p1a: Dusk|Toxic Spikes|p2a: Excadrill\n|-sidestart|p2: craftex490gx|move: Toxic Spikes\n|\n|upkeep\n|turn|4\n|\n|t:|1700187821\n|move|p2a: Excadrill|Rapid Spin|p1a: Dusk\n|-damage|p1a: Dusk|84\/100 tox\n|-boost|p2a: Excadrill|spe|1\n|-sideend|p2: craftex490gx|Toxic Spikes|[from] move: Rapid Spin|[of] p2a: Excadrill\n|-sideend|p2: craftex490gx|Stealth Rock|[from] move: Rapid Spin|[of] p2a: Excadrill\n|move|p1a: Dusk|U-turn|p2a: Excadrill\n|-resisted|p2a: Excadrill\n|-damage|p2a: Excadrill|92\/100\n|\n|t:|1700187828\n|switch|p1a: NiNi|Greninja, M, shiny|100\/100|[from] U-turn\n|\n|upkeep\n|turn|5\n|\n|t:|1700187834\n|move|p1a: NiNi|Water Shuriken|p2a: Excadrill\n|-start|p1a: NiNi|typechange|Water|[from] ability: Protean\n|-supereffective|p2a: Excadrill\n|-damage|p2a: Excadrill|80\/100\n|-supereffective|p2a: Excadrill\n|-damage|p2a: Excadrill|69\/100\n|-hitcount|p2a: Excadrill|2\n|-damage|p1a: NiNi|91\/100|[from] item: Life Orb\n|move|p2a: Excadrill|Iron Head|p1a: NiNi\n|-resisted|p1a: NiNi\n|-damage|p1a: NiNi|51\/100\n|\n|upkeep\n|turn|6\n|\n|t:|1700187839\n|move|p1a: NiNi|Water Shuriken|p2a: Excadrill\n|-supereffective|p2a: Excadrill\n|-damage|p2a: Excadrill|57\/100\n|-supereffective|p2a: Excadrill\n|-damage|p2a: Excadrill|46\/100\n|-hitcount|p2a: Excadrill|2\n|-damage|p1a: NiNi|41\/100|[from] item: Life Orb\n|move|p2a: Excadrill|Swords Dance|p2a: Excadrill\n|-boost|p2a: Excadrill|atk|2\n|\n|upkeep\n|turn|7\n|\n|t:|1700187842\n|move|p1a: NiNi|Water Shuriken|p2a: Excadrill\n|-supereffective|p2a: Excadrill\n|-damage|p2a: Excadrill|33\/100\n|-supereffective|p2a: Excadrill\n|-damage|p2a: Excadrill|22\/100\n|-supereffective|p2a: Excadrill\n|-damage|p2a: Excadrill|10\/100\n|-hitcount|p2a: Excadrill|3\n|-damage|p1a: NiNi|31\/100|[from] item: Life Orb\n|move|p2a: Excadrill|Earthquake|p1a: NiNi\n|-crit|p1a: NiNi\n|-damage|p1a: NiNi|0 fnt\n|faint|p1a: NiNi\n|\n|upkeep\n|\n|t:|1700187850\n|switch|p1a: CiCi|Lopunny, M|100\/100\n|turn|8\n|\n|t:|1700187853\n|detailschange|p1a: CiCi|Lopunny-Mega, M\n|-mega|p1a: CiCi|Lopunny|Lopunnite\n|move|p1a: CiCi|Fake Out|p2a: Excadrill\n|-resisted|p2a: Excadrill\n|-damage|p2a: Excadrill|2\/100\n|cant|p2a: Excadrill|flinch\n|\n|-sideend|p2: craftex490gx|Reflect\n|upkeep\n|turn|9\n|\n|t:|1700187860\n|switch|p1a: Urcher|Urshifu-Rapid-Strike, F|100\/100\n|move|p2a: Excadrill|Earthquake|p1a: Urcher\n|-damage|p1a: Urcher|0 fnt\n|faint|p1a: Urcher\n|\n|-sideend|p2: craftex490gx|move: Light Screen\n|upkeep\n|\n|t:|1700187863\n|switch|p1a: CiCi|Lopunny-Mega, M|100\/100\n|turn|10\n|\n|t:|1700187870\n|switch|p2a: Armarouge|Armarouge, F|100\/100\n|move|p1a: CiCi|Fake Out|p2a: Armarouge\n|-damage|p2a: Armarouge|80\/100\n|-ability|p2a: Armarouge|Weak Armor|boost\n|-unboost|p2a: Armarouge|def|1\n|-boost|p2a: Armarouge|spe|2\n|\n|upkeep\n|turn|11\n|\n|t:|1700187893\n|switch|p1a: Dusk|Gliscor, F|84\/100 tox\n|move|p2a: Armarouge|Endure||[still]\n|-fail|p2a: Armarouge\n|\n|-heal|p1a: Dusk|96\/100 tox|[from] ability: Poison Heal\n|upkeep\n|turn|12\n|\n|t:|1700187899\n|switch|p2a: Meganium|Meganium, M|100\/100\n|move|p1a: Dusk|Stealth Rock|p2a: Meganium\n|-sidestart|p2: craftex490gx|move: Stealth Rock\n|\n|-heal|p1a: Dusk|100\/100 tox|[from] ability: Poison Heal\n|upkeep\n|turn|13\n|\n|t:|1700187905\n|move|p1a: Dusk|U-turn|p2a: Meganium\n|-supereffective|p2a: Meganium\n|-damage|p2a: Meganium|72\/100\n|\n|t:|1700187908\n|switch|p1a: Alexis|Blaziken, F|100\/100|[from] U-turn\n|move|p2a: Meganium|Reflect|p2a: Meganium\n|-sidestart|p2: craftex490gx|Reflect\n|\n|upkeep\n|turn|14\n|\n|t:|1700187910\n|move|p1a: Alexis|Substitute|p1a: Alexis\n|-start|p1a: Alexis|Substitute\n|-damage|p1a: Alexis|76\/100\n|move|p2a: Meganium|Light Screen|p2a: Meganium\n|-sidestart|p2: craftex490gx|move: Light Screen\n|\n|-ability|p1a: Alexis|Speed Boost|boost\n|-boost|p1a: Alexis|spe|1\n|upkeep\n|turn|15\n|\n|t:|1700187916\n|switch|p2a: Pelipper|Pelipper, M|100\/100\n|-damage|p2a: Pelipper|75\/100|[from] Stealth Rock\n|-weather|RainDance|[from] ability: Drizzle|[of] p2a: Pelipper\n|move|p1a: Alexis|Swords Dance|p1a: Alexis\n|-boost|p1a: Alexis|atk|2\n|\n|-weather|RainDance|[upkeep]\n|-ability|p1a: Alexis|Speed Boost|boost\n|-boost|p1a: Alexis|spe|1\n|upkeep\n|turn|16\n|\n|t:|1700187921\n|move|p1a: Alexis|Swords Dance|p1a: Alexis\n|-boost|p1a: Alexis|atk|2\n|move|p2a: Pelipper|Hurricane|p1a: Alexis\n|-supereffective|p1a: Alexis\n|-crit|p1a: Alexis\n|-end|p1a: Alexis|Substitute\n|\n|-weather|RainDance|[upkeep]\n|-ability|p1a: Alexis|Speed Boost|boost\n|-boost|p1a: Alexis|spe|1\n|upkeep\n|turn|17\n|\n|t:|1700187926\n|move|p1a: Alexis|Substitute|p1a: Alexis\n|-start|p1a: Alexis|Substitute\n|-damage|p1a: Alexis|51\/100\n|move|p2a: Pelipper|Hurricane|p1a: Alexis\n|-supereffective|p1a: Alexis\n|-end|p1a: Alexis|Substitute\n|\n|-weather|RainDance|[upkeep]\n|-ability|p1a: Alexis|Speed Boost|boost\n|-boost|p1a: Alexis|spe|1\n|upkeep\n|turn|18\n|\n|t:|1700187935\n|move|p1a: Alexis|Substitute|p1a: Alexis\n|-start|p1a: Alexis|Substitute\n|-damage|p1a: Alexis|26\/100\n|move|p2a: Pelipper|Hurricane|p1a: Alexis\n|-supereffective|p1a: Alexis\n|-end|p1a: Alexis|Substitute\n|\n|-weather|RainDance|[upkeep]\n|-ability|p1a: Alexis|Speed Boost|boost\n|-boost|p1a: Alexis|spe|1\n|upkeep\n|turn|19\n|\n|t:|1700187944\n|-terastallize|p1a: Alexis|Fighting\n|move|p1a: Alexis|Close Combat|p2a: Pelipper\n|-resisted|p2a: Pelipper\n|-damage|p2a: Pelipper|23\/100\n|-unboost|p1a: Alexis|def|1\n|-unboost|p1a: Alexis|spd|1\n|move|p2a: Pelipper|Hurricane|p1a: Alexis\n|-supereffective|p1a: Alexis\n|-damage|p1a: Alexis|0 fnt\n|faint|p1a: Alexis\n|\n|-weather|RainDance|[upkeep]\n|upkeep\n|\n|t:|1700187951\n|switch|p1a: CiCi|Lopunny-Mega, M|100\/100\n|turn|20\n|\n|t:|1700187953\n|move|p1a: CiCi|Fake Out|p2a: Pelipper\n|-damage|p2a: Pelipper|14\/100\n|cant|p2a: Pelipper|flinch\n|\n|-weather|RainDance|[upkeep]\n|-sideend|p2: craftex490gx|Reflect\n|upkeep\n|turn|21\n|\n|t:|1700187956\n|move|p1a: CiCi|Return|p2a: Pelipper\n|-damage|p2a: Pelipper|0 fnt\n|faint|p2a: Pelipper\n|\n|-weather|RainDance|[upkeep]\n|-sideend|p2: craftex490gx|move: Light Screen\n|upkeep\n|\n|t:|1700187960\n|switch|p2a: Meganium|Meganium, M|72\/100\n|-damage|p2a: Meganium|60\/100|[from] Stealth Rock\n|turn|22\n|\n|t:|1700187962\n|move|p1a: CiCi|U-turn|p2a: Meganium\n|-supereffective|p2a: Meganium\n|-damage|p2a: Meganium|11\/100\n|\n|t:|1700187966\n|switch|p1a: Savannah|Iron Valiant|100\/100|[from] U-turn\n|-enditem|p1a: Savannah|Booster Energy\n|-activate|p1a: Savannah|ability: Quark Drive|[fromitem]\n|-start|p1a: Savannah|quarkdrivespe\n|move|p2a: Meganium|Reflect|p2a: Meganium\n|-sidestart|p2: craftex490gx|Reflect\n|\n|-weather|none\n|upkeep\n|turn|23\n|\n|t:|1700187970\n|move|p1a: Savannah|Moonblast|p2a: Meganium\n|-damage|p2a: Meganium|0 fnt\n|faint|p2a: Meganium\n|\n|upkeep\n|\n|t:|1700187977\n|switch|p2a: Armarouge|Armarouge, F|80\/100\n|-damage|p2a: Armarouge|55\/100|[from] Stealth Rock\n|turn|24\n|\n|t:|1700188001\n|-end|p1a: Savannah|Quark Drive|[silent]\n|switch|p1a: Dusk|Gliscor, F|100\/100 tox\n|move|p2a: Armarouge|Calm Mind|p2a: Armarouge\n|-boost|p2a: Armarouge|spa|1\n|-boost|p2a: Armarouge|spd|1\n|\n|upkeep\n|turn|25\n|\n|t:|1700188007\n|move|p1a: Dusk|Stealth Rock||[still]\n|-fail|p1a: Dusk\n|move|p2a: Armarouge|Calm Mind|p2a: Armarouge\n|-boost|p2a: Armarouge|spa|1\n|-boost|p2a: Armarouge|spd|1\n|\n|upkeep\n|turn|26\n|\n|t:|1700188037\n|move|p1a: Dusk|U-turn|p2a: Armarouge\n|-damage|p2a: Armarouge|48\/100\n|-ability|p2a: Armarouge|Weak Armor|boost\n|-unboost|p2a: Armarouge|def|1\n|-boost|p2a: Armarouge|spe|2\n|\n|t:|1700188042\n|switch|p1a: CiCi|Lopunny-Mega, M|100\/100|[from] U-turn\n|move|p2a: Armarouge|Stored Power|p1a: CiCi\n|-supereffective|p1a: CiCi\n|-damage|p1a: CiCi|0 fnt\n|faint|p1a: CiCi\n|\n|upkeep\n|\n|t:|1700188045\n|switch|p1a: Savannah|Iron Valiant|100\/100\n|turn|27\n|\n|t:|1700188050\n|move|p2a: Armarouge|Stored Power|p1a: Savannah\n|-supereffective|p1a: Savannah\n|-damage|p1a: Savannah|0 fnt\n|faint|p1a: Savannah\n|-end|p1a: Savannah|Quark Drive|[silent]\n|\n|upkeep\n|l|\u2606IJN Hiryuu\n|player|p1|\n|inactive|Battle timer is ON: inactive players will automatically lose when time's up. (requested by craftex490gx)\n|inactive|IJN Hiryuu has 30 seconds to reconnect!\n|inactive|IJN Hiryuu has 20 seconds to reconnect!\n|inactive|IJN Hiryuu has 15 seconds to reconnect!\n|inactive|IJN Hiryuu has 10 seconds to reconnect!\n|inactive|IJN Hiryuu has 5 seconds to reconnect!\n|-message|IJN Hiryuu lost due to inactivity.\n|\n|win|craftex490gx\n|raw|IJN Hiryuu's rating: 1065 &rarr; <strong>1050<\/strong><br \/>(-15 for losing)\n|raw|craftex490gx's rating: 1144 &rarr; <strong>1163<\/strong><br \/>(+19 for winning)\n","uploadtime":1700188140,"views":14,"p1id":"ijnhiryuu","p2id":"craftex490gx","formatid":"gen9nationaldex","rating":1050,"private":0,"password":""}