{"id":"gen9nationaldex-1997062418","p1":"BucketSlayer","p2":"Horse95","format":"[Gen 9] National Dex","log":"|html|<div class=\"broadcast-blue\"><strong>[Gen 9] National Dex is currently suspecting Sneasler! For information on how to participate check out the <a href=\"https:\/\/www.smogon.com\/forums\/threads\/sv-national-dex-suspect-8-just-dance.3731534\/\">suspect thread<\/a>.<\/strong><\/div>\n|j|\u2606BucketSlayer\n|j|\u2606Horse95\n|t:|1700760711\n|gametype|singles\n|player|p1|BucketSlayer|poppy|\n|player|p2|Horse95|colress|\n|teamsize|p1|6\n|teamsize|p2|6\n|gen|9\n|tier|[Gen 9] National Dex\n|rule|HP Percentage Mod: HP is shown in percentages\n|rule|Endless Battle Clause: Forcing endless battles is banned\n|rule|OHKO Clause: OHKO moves are banned\n|rule|Evasion Clause: Evasion abilities, items, and moves are banned\n|rule|Evasion Abilities Clause: Evasion abilities are banned\n|rule|Evasion Items Clause: Evasion items are banned\n|rule|Evasion Moves Clause: Evasion moves are banned\n|rule|Species Clause: Limit one of each Pok\u00e9mon\n|rule|Sleep Clause Mod: Limit one foe put to sleep\n|clearpoke\n|poke|p1|Minior-Blue|\n|poke|p1|Rampardos, M|\n|poke|p1|Tyranitar, M|\n|poke|p1|Shuckle, F|\n|poke|p1|Omanyte, F|\n|poke|p1|Ogerpon-Cornerstone, F|\n|poke|p2|Torterra, M|\n|poke|p2|Electrode-Hisui|\n|poke|p2|Pelipper, F|\n|poke|p2|Swampert, M|\n|poke|p2|Ludicolo, M|\n|poke|p2|Iron Valiant|\n|teampreview\n|inactive|Battle timer is ON: inactive players will automatically lose when time's up. (requested by BucketSlayer)\n|c|\u2606Horse95|glhf\n|c|\u2606BucketSlayer|U2\n|\n|t:|1700760726\n|start\n|switch|p1a: Don\u2019t Fuckle|Shuckle, F|100\/100\n|switch|p2a: Torterra|Torterra, M|100\/100\n|turn|1\n|\n|t:|1700760739\n|switch|p2a: Iron Valiant|Iron Valiant|100\/100\n|-enditem|p2a: Iron Valiant|Booster Energy\n|-activate|p2a: Iron Valiant|ability: Quark Drive|[fromitem]\n|-start|p2a: Iron Valiant|quarkdrivespe\n|move|p1a: Don\u2019t Fuckle|Encore||[still]\n|-fail|p1a: Don\u2019t Fuckle\n|\n|upkeep\n|turn|2\n|\n|t:|1700760751\n|move|p2a: Iron Valiant|Liquidation|p1a: Don\u2019t Fuckle\n|-supereffective|p1a: Don\u2019t Fuckle\n|-damage|p1a: Don\u2019t Fuckle|63\/100\n|move|p1a: Don\u2019t Fuckle|Sticky Web|p2a: Iron Valiant\n|-sidestart|p2: Horse95|move: Sticky Web\n|\n|upkeep\n|turn|3\n|\n|t:|1700760757\n|move|p2a: Iron Valiant|Liquidation|p1a: Don\u2019t Fuckle\n|-supereffective|p1a: Don\u2019t Fuckle\n|-damage|p1a: Don\u2019t Fuckle|26\/100\n|-unboost|p1a: Don\u2019t Fuckle|def|1\n|move|p1a: Don\u2019t Fuckle|Stealth Rock|p2a: Iron Valiant\n|-sidestart|p2: Horse95|move: Stealth Rock\n|\n|upkeep\n|turn|4\n|\n|t:|1700760764\n|move|p2a: Iron Valiant|Liquidation|p1a: Don\u2019t Fuckle\n|-supereffective|p1a: Don\u2019t Fuckle\n|-damage|p1a: Don\u2019t Fuckle|0 fnt\n|faint|p1a: Don\u2019t Fuckle\n|\n|upkeep\n|c|\u2606BucketSlayer|o7\n|\n|t:|1700760777\n|switch|p1a: The True Ace|Omanyte, F, shiny|100\/100\n|turn|5\n|\n|t:|1700760785\n|move|p2a: Iron Valiant|Swords Dance|p2a: Iron Valiant\n|-boost|p2a: Iron Valiant|atk|2\n|move|p1a: The True Ace|Shell Smash|p1a: The True Ace\n|-unboost|p1a: The True Ace|def|1\n|-unboost|p1a: The True Ace|spd|1\n|-boost|p1a: The True Ace|atk|2\n|-boost|p1a: The True Ace|spa|2\n|-boost|p1a: The True Ace|spe|2\n|\n|upkeep\n|turn|6\n|\n|t:|1700760794\n|move|p2a: Iron Valiant|Encore|p1a: The True Ace\n|-start|p1a: The True Ace|Encore\n|move|p1a: The True Ace|Shell Smash|p1a: The True Ace\n|-unboost|p1a: The True Ace|def|1\n|-unboost|p1a: The True Ace|spd|1\n|-boost|p1a: The True Ace|atk|2\n|-boost|p1a: The True Ace|spa|2\n|-boost|p1a: The True Ace|spe|2\n|\n|upkeep\n|turn|7\n|c|\u2606BucketSlayer|:(\n|c|\u2606Horse95|:)\n|\n|t:|1700760808\n|switch|p1a: Ogerpon|Ogerpon-Cornerstone, F|100\/100\n|move|p2a: Iron Valiant|Drain Punch|p1a: Ogerpon\n|-supereffective|p1a: Ogerpon\n|-ability|p1a: Ogerpon|Sturdy\n|-damage|p1a: Ogerpon|1\/100\n|\n|upkeep\n|turn|8\n|\n|t:|1700760817\n|move|p2a: Iron Valiant|Drain Punch|p1a: Ogerpon\n|-supereffective|p1a: Ogerpon\n|-damage|p1a: Ogerpon|0 fnt\n|faint|p1a: Ogerpon\n|\n|upkeep\n|\n|t:|1700760820\n|switch|p1a: The True Ace|Omanyte, F, shiny|100\/100\n|turn|9\n|\n|t:|1700760827\n|move|p2a: Iron Valiant|Drain Punch|p1a: The True Ace\n|-supereffective|p1a: The True Ace\n|-enditem|p1a: The True Ace|Focus Sash\n|-damage|p1a: The True Ace|1\/100\n|-ability|p1a: The True Ace|Weak Armor|boost\n|-unboost|p1a: The True Ace|def|1\n|-boost|p1a: The True Ace|spe|2\n|move|p1a: The True Ace|Shell Smash|p1a: The True Ace\n|-unboost|p1a: The True Ace|def|1\n|-unboost|p1a: The True Ace|spd|1\n|-boost|p1a: The True Ace|atk|2\n|-boost|p1a: The True Ace|spa|2\n|-boost|p1a: The True Ace|spe|2\n|\n|upkeep\n|turn|10\n|\n|t:|1700760839\n|move|p2a: Iron Valiant|Drain Punch|p1a: The True Ace\n|-supereffective|p1a: The True Ace\n|-damage|p1a: The True Ace|0 fnt\n|faint|p1a: The True Ace\n|\n|upkeep\n|c|\u2606BucketSlayer|noooooo\n|\n|t:|1700760852\n|switch|p1a: Yummy|Minior-Blue|100\/100\n|-formechange|p1a: Yummy|Minior-Meteor||[from] ability: Shields Down\n|turn|11\n|\n|t:|1700760857\n|move|p2a: Iron Valiant|Liquidation|p1a: Yummy\n|-supereffective|p1a: Yummy\n|-damage|p1a: Yummy|0 fnt\n|faint|p1a: Yummy\n|\n|upkeep\n|\n|t:|1700760861\n|switch|p1a: The Fake Ace|Tyranitar, M|100\/100\n|-weather|Sandstorm|[from] ability: Sand Stream|[of] p1a: The Fake Ace\n|turn|12\n|c|\u2606BucketSlayer|Gg\n|c|\u2606Horse95|I don't have to use trotter right\n|c|\u2606Horse95|tortterta\n|c|\u2606BucketSlayer|Nope\n|c|\u2606Horse95|just it appears\n|c|\u2606Horse95|okay good\n|\n|t:|1700760891\n|detailschange|p1a: The Fake Ace|Tyranitar-Mega, M\n|-mega|p1a: The Fake Ace|Tyranitar|Tyranitarite\n|move|p2a: Iron Valiant|Drain Punch|p1a: The Fake Ace\n|-supereffective|p1a: The Fake Ace\n|-damage|p1a: The Fake Ace|0 fnt\n|faint|p1a: The Fake Ace\n|\n|-weather|Sandstorm|[upkeep]\n|-damage|p2a: Iron Valiant|94\/100|[from] Sandstorm\n|upkeep\n|c|\u2606BucketSlayer|I\u2019m pretty sure\n|c|\u2606BucketSlayer|youre getting the badge anyways dw\n|\n|t:|1700760900\n|switch|p1a: Fluffy|Rampardos, M|100\/100\n|turn|13\n|c|\u2606Horse95|thanks\n|c|\u2606Horse95|sorry about this\n|\n|t:|1700760910\n|move|p2a: Iron Valiant|Liquidation|p1a: Fluffy\n|-supereffective|p1a: Fluffy\n|-damage|p1a: Fluffy|0 fnt\n|faint|p1a: Fluffy\n|\n|win|Horse95\n|c|\u2606Horse95|gg\n|c|\u2606BucketSlayer|Gg\n|c|\u2606BucketSlayer|gl with the rest of the challenge\n","uploadtime":1700760928,"views":12,"p1id":"bucketslayer","p2id":"horse95","formatid":"gen9nationaldex","rating":0,"private":0,"password":""}