{"id":"gen9nationaldex-1997932672","p1":"Toxic Ariados","p2":"jkljlkh","format":"[Gen 9] National Dex","log":"|html|<div class=\"broadcast-blue\"><strong>[Gen 9] National Dex is currently suspecting Sneasler! For information on how to participate check out the <a href=\"https:\/\/www.smogon.com\/forums\/threads\/sv-national-dex-suspect-8-just-dance.3731534\/\">suspect thread<\/a>.<\/strong><\/div>\n|j|\u2606Toxic Ariados\n|j|\u2606jkljlkh\n|t:|1700869039\n|gametype|singles\n|player|p1|Toxic Ariados|lucas|1693\n|player|p2|jkljlkh|1|1895\n|teamsize|p1|6\n|teamsize|p2|6\n|gen|9\n|tier|[Gen 9] National Dex\n|rated|\n|rule|HP Percentage Mod: HP is shown in percentages\n|rule|Endless Battle Clause: Forcing endless battles is banned\n|rule|OHKO Clause: OHKO moves are banned\n|rule|Evasion Clause: Evasion abilities, items, and moves are banned\n|rule|Evasion Abilities Clause: Evasion abilities are banned\n|rule|Evasion Items Clause: Evasion items are banned\n|rule|Evasion Moves Clause: Evasion moves are banned\n|rule|Species Clause: Limit one of each Pok\u00e9mon\n|rule|Sleep Clause Mod: Limit one foe put to sleep\n|clearpoke\n|poke|p1|Grimmsnarl, M|\n|poke|p1|Okidogi, M|\n|poke|p1|Volcarona, F|\n|poke|p1|Great Tusk|\n|poke|p1|Ogerpon-Cornerstone, F|\n|poke|p1|Jirachi|\n|poke|p2|Toxapex, F|\n|poke|p2|Dondozo, F|\n|poke|p2|Gliscor, M|\n|poke|p2|Blissey, F|\n|poke|p2|Corviknight, M|\n|poke|p2|Tyranitar, M|\n|teampreview\n|\n|t:|1700869045\n|start\n|switch|p1a: Ogerpon|Ogerpon-Cornerstone, F|100\/100\n|switch|p2a: Toxapex|Toxapex, F|100\/100\n|turn|1\n|\n|t:|1700869060\n|move|p1a: Ogerpon|Swords Dance|p1a: Ogerpon\n|-boost|p1a: Ogerpon|atk|2\n|move|p2a: Toxapex|Toxic|p1a: Ogerpon\n|-status|p1a: Ogerpon|tox\n|\n|-damage|p1a: Ogerpon|95\/100 tox|[from] psn\n|upkeep\n|turn|2\n|\n|t:|1700869065\n|move|p1a: Ogerpon|Ivy Cudgel|p2a: Toxapex|[anim] Ivy Cudgel Rock\n|-damage|p2a: Toxapex|29\/100\n|move|p2a: Toxapex|Knock Off|p1a: Ogerpon\n|-damage|p1a: Ogerpon|82\/100 tox\n|\n|-damage|p1a: Ogerpon|70\/100 tox|[from] psn\n|upkeep\n|turn|3\n|\n|t:|1700869069\n|move|p2a: Toxapex|Baneful Bunker|p2a: Toxapex\n|-singleturn|p2a: Toxapex|move: Protect\n|move|p1a: Ogerpon|Horn Leech|p2a: Toxapex\n|-activate|p2a: Toxapex|move: Protect\n|\n|-damage|p1a: Ogerpon|52\/100 tox|[from] psn\n|upkeep\n|turn|4\n|\n|t:|1700869075\n|switch|p2a: Dondozo|Dondozo, F|100\/100\n|move|p1a: Ogerpon|Ivy Cudgel|p2a: Dondozo|[anim] Ivy Cudgel Rock\n|-damage|p2a: Dondozo|73\/100\n|\n|-damage|p1a: Ogerpon|28\/100 tox|[from] psn\n|upkeep\n|turn|5\n|\n|t:|1700869079\n|move|p1a: Ogerpon|Horn Leech|p2a: Dondozo\n|-supereffective|p2a: Dondozo\n|-damage|p2a: Dondozo|35\/100\n|-heal|p1a: Ogerpon|60\/100 tox|[from] drain|[of] p2a: Dondozo\n|move|p2a: Dondozo|Rest|p2a: Dondozo\n|-status|p2a: Dondozo|slp|[from] move: Rest\n|-heal|p2a: Dondozo|100\/100 slp|[silent]\n|\n|-damage|p1a: Ogerpon|30\/100 tox|[from] psn\n|upkeep\n|turn|6\n|inactive|Battle timer is ON: inactive players will automatically lose when time's up. (requested by jkljlkh)\n|\n|t:|1700869096\n|switch|p1a: Diablo|Grimmsnarl, M|100\/100\n|cant|p2a: Dondozo|slp\n|move|p2a: Dondozo|Sleep Talk|p2a: Dondozo\n|move|p2a: Dondozo|Rest||[from]move: Sleep Talk|[still]\n|-fail|p2a: Dondozo\n|\n|upkeep\n|turn|7\n|\n|t:|1700869103\n|switch|p2a: Toxapex|Toxapex, F|62\/100\n|move|p1a: Diablo|Taunt|p2a: Toxapex\n|-start|p2a: Toxapex|move: Taunt\n|\n|upkeep\n|turn|8\n|\n|t:|1700869123\n|move|p1a: Diablo|Light Screen|p1a: Diablo\n|-sidestart|p1: Toxic Ariados|move: Light Screen\n|move|p2a: Toxapex|Knock Off|p1a: Diablo\n|-resisted|p1a: Diablo\n|-damage|p1a: Diablo|97\/100\n|-enditem|p1a: Diablo|Light Clay|[from] move: Knock Off|[of] p2a: Toxapex\n|\n|upkeep\n|turn|9\n|\n|t:|1700869128\n|switch|p1a: Bedrock|Great Tusk|100\/100\n|switch|p2a: Gliscor|Gliscor, M|100\/100\n|\n|-status|p2a: Gliscor|tox|[from] item: Toxic Orb\n|upkeep\n|turn|10\n|\n|t:|1700869136\n|move|p1a: Bedrock|Ice Spinner|p2a: Gliscor\n|-supereffective|p2a: Gliscor\n|-damage|p2a: Gliscor|32\/100 tox\n|move|p2a: Gliscor|Toxic|p1a: Bedrock\n|-status|p1a: Bedrock|tox\n|\n|-damage|p1a: Bedrock|94\/100 tox|[from] psn\n|-heal|p2a: Gliscor|44\/100 tox|[from] ability: Poison Heal\n|upkeep\n|turn|11\n|\n|t:|1700869139\n|-end|p1a: Bedrock|Protosynthesis|[silent]\n|switch|p1a: Solstice|Volcarona, F|100\/100\n|move|p2a: Gliscor|Protect||[still]\n|-fail|p2a: Gliscor\n|\n|-heal|p2a: Gliscor|56\/100 tox|[from] ability: Poison Heal\n|upkeep\n|turn|12\n|\n|t:|1700869145\n|switch|p2a: Tyranitar|Tyranitar, M|100\/100\n|-weather|Sandstorm|[from] ability: Sand Stream|[of] p2a: Tyranitar\n|-terastallize|p1a: Solstice|Poison\n|move|p1a: Solstice|Quiver Dance|p1a: Solstice\n|-boost|p1a: Solstice|spa|1\n|-boost|p1a: Solstice|spd|1\n|-boost|p1a: Solstice|spe|1\n|\n|-weather|Sandstorm|[upkeep]\n|-damage|p1a: Solstice|94\/100|[from] Sandstorm\n|upkeep\n|turn|13\n|\n|t:|1700869148\n|detailschange|p2a: Tyranitar|Tyranitar-Mega, M\n|-mega|p2a: Tyranitar|Tyranitar|Tyranitarite\n|move|p1a: Solstice|Giga Drain|p2a: Tyranitar\n|-supereffective|p2a: Tyranitar\n|-damage|p2a: Tyranitar|68\/100\n|-heal|p1a: Solstice|100\/100|[from] drain|[of] p2a: Tyranitar\n|move|p2a: Tyranitar|Knock Off|p1a: Solstice\n|-damage|p1a: Solstice|25\/100\n|-enditem|p1a: Solstice|Heavy-Duty Boots|[from] move: Knock Off|[of] p2a: Tyranitar\n|\n|-weather|Sandstorm|[upkeep]\n|-damage|p1a: Solstice|19\/100|[from] Sandstorm\n|upkeep\n|turn|14\n|\n|t:|1700869155\n|switch|p1a: Bedrock|Great Tusk|94\/100 tox\n|move|p2a: Tyranitar|Knock Off|p1a: Bedrock\n|-resisted|p1a: Bedrock\n|-damage|p1a: Bedrock|76\/100 tox\n|-enditem|p1a: Bedrock|Heavy-Duty Boots|[from] move: Knock Off|[of] p2a: Tyranitar\n|\n|-weather|Sandstorm|[upkeep]\n|-damage|p1a: Bedrock|70\/100 tox|[from] psn\n|upkeep\n|turn|15\n|\n|t:|1700869158\n|switch|p2a: Toxapex|Toxapex, F|96\/100\n|move|p1a: Bedrock|Close Combat|p2a: Toxapex\n|-resisted|p2a: Toxapex\n|-crit|p2a: Toxapex\n|-damage|p2a: Toxapex|68\/100\n|-unboost|p1a: Bedrock|def|1\n|-unboost|p1a: Bedrock|spd|1\n|\n|-weather|Sandstorm|[upkeep]\n|-damage|p2a: Toxapex|63\/100|[from] Sandstorm\n|-damage|p1a: Bedrock|57\/100 tox|[from] psn\n|-sideend|p1: Toxic Ariados|move: Light Screen\n|upkeep\n|turn|16\n|\n|t:|1700869163\n|-end|p1a: Bedrock|Protosynthesis|[silent]\n|switch|p1a: Wrath|Okidogi, M|100\/100\n|move|p2a: Toxapex|Baneful Bunker||[still]\n|-fail|p2a: Toxapex\n|\n|-weather|none\n|upkeep\n|turn|17\n|\n|t:|1700869165\n|move|p2a: Toxapex|Baneful Bunker|p2a: Toxapex\n|-singleturn|p2a: Toxapex|move: Protect\n|move|p1a: Wrath|Knock Off|p2a: Toxapex\n|-activate|p2a: Toxapex|move: Protect\n|\n|upkeep\n|turn|18\n|\n|t:|1700869170\n|move|p1a: Wrath|Bulk Up|p1a: Wrath\n|-boost|p1a: Wrath|atk|1\n|-boost|p1a: Wrath|def|1\n|move|p2a: Toxapex|Recover|p2a: Toxapex\n|-heal|p2a: Toxapex|100\/100\n|\n|upkeep\n|turn|19\n|\n|t:|1700869173\n|move|p1a: Wrath|Bulk Up|p1a: Wrath\n|-boost|p1a: Wrath|atk|1\n|-boost|p1a: Wrath|def|1\n|move|p2a: Toxapex|Knock Off|p1a: Wrath\n|-resisted|p1a: Wrath\n|-damage|p1a: Wrath|97\/100\n|-enditem|p1a: Wrath|Weakness Policy|[from] move: Knock Off|[of] p2a: Toxapex\n|\n|upkeep\n|turn|20\n|\n|t:|1700869178\n|switch|p2a: Dondozo|Dondozo, F|100\/100 slp\n|move|p1a: Wrath|Bulk Up|p1a: Wrath\n|-boost|p1a: Wrath|atk|1\n|-boost|p1a: Wrath|def|1\n|\n|upkeep\n|turn|21\n|\n|t:|1700869181\n|switch|p1a: Solstice|Volcarona, F, tera:Poison|19\/100\n|cant|p2a: Dondozo|slp\n|move|p2a: Dondozo|Sleep Talk|p2a: Dondozo\n|move|p2a: Dondozo|Body Press|p1a: Solstice|[from]move: Sleep Talk\n|-resisted|p1a: Solstice\n|-damage|p1a: Solstice|1\/100\n|\n|upkeep\n|turn|22\n|\n|t:|1700869185\n|switch|p2a: Tyranitar|Tyranitar-Mega, M|68\/100\n|-weather|Sandstorm|[from] ability: Sand Stream|[of] p2a: Tyranitar\n|move|p1a: Solstice|Giga Drain|p2a: Tyranitar\n|-supereffective|p2a: Tyranitar\n|-damage|p2a: Tyranitar|47\/100\n|-heal|p1a: Solstice|15\/100|[from] drain|[of] p2a: Tyranitar\n|\n|-weather|Sandstorm|[upkeep]\n|-damage|p1a: Solstice|9\/100|[from] Sandstorm\n|upkeep\n|turn|23\n|j| OfTheStars\n|\n|t:|1700869189\n|-activate|p1a: Solstice|move: Pursuit\n|move|p2a: Tyranitar|Pursuit|p1a: Solstice|[from]Pursuit\n|-damage|p1a: Solstice|0 fnt\n|faint|p1a: Solstice\n|-hint|A Pokemon can't switch between when it runs out of HP and when it faints\n|\n|-weather|Sandstorm|[upkeep]\n|upkeep\n|\n|t:|1700869193\n|switch|p1a: Ogerpon|Ogerpon-Cornerstone, F|30\/100 tox\n|turn|24\n|\n|t:|1700869198\n|switch|p2a: Gliscor|Gliscor, M|56\/100 tox\n|move|p1a: Ogerpon|Ivy Cudgel|p2a: Gliscor|[anim] Ivy Cudgel Rock\n|-damage|p2a: Gliscor|20\/100 tox\n|\n|-weather|Sandstorm|[upkeep]\n|-damage|p1a: Ogerpon|24\/100 tox|[from] psn\n|-heal|p2a: Gliscor|32\/100 tox|[from] ability: Poison Heal\n|upkeep\n|turn|25\n|\n|t:|1700869201\n|move|p2a: Gliscor|Protect|p2a: Gliscor\n|-singleturn|p2a: Gliscor|Protect\n|move|p1a: Ogerpon|Swords Dance|p1a: Ogerpon\n|-boost|p1a: Ogerpon|atk|2\n|\n|-weather|Sandstorm|[upkeep]\n|-damage|p1a: Ogerpon|12\/100 tox|[from] psn\n|-heal|p2a: Gliscor|45\/100 tox|[from] ability: Poison Heal\n|upkeep\n|turn|26\n|\n|t:|1700869205\n|switch|p2a: Toxapex|Toxapex, F|100\/100\n|move|p1a: Ogerpon|Horn Leech|p2a: Toxapex\n|-damage|p2a: Toxapex|42\/100\n|-heal|p1a: Ogerpon|42\/100 tox|[from] drain|[of] p2a: Toxapex\n|\n|-weather|none\n|-damage|p1a: Ogerpon|24\/100 tox|[from] psn\n|upkeep\n|turn|27\n|\n|t:|1700869213\n|switch|p1a: Bedrock|Great Tusk|57\/100 tox\n|move|p2a: Toxapex|Baneful Bunker||[still]\n|-fail|p2a: Toxapex\n|\n|-damage|p1a: Bedrock|51\/100 tox|[from] psn\n|upkeep\n|turn|28\n|\n|t:|1700869217\n|-end|p1a: Bedrock|Protosynthesis|[silent]\n|switch|p1a: Diablo|Grimmsnarl, M|97\/100\n|move|p2a: Toxapex|Baneful Bunker||[still]\n|-fail|p2a: Toxapex\n|\n|upkeep\n|turn|29\n|\n|t:|1700869219\n|switch|p2a: Gliscor|Gliscor, M|45\/100 tox\n|move|p1a: Diablo|Taunt|p2a: Gliscor\n|-start|p2a: Gliscor|move: Taunt\n|\n|-heal|p2a: Gliscor|57\/100 tox|[from] ability: Poison Heal\n|upkeep\n|turn|30\n|\n|t:|1700869230\n|move|p2a: Gliscor|Earthquake|p1a: Diablo\n|-damage|p1a: Diablo|59\/100\n|move|p1a: Diablo|Spirit Break|p2a: Gliscor\n|-damage|p2a: Gliscor|39\/100 tox\n|-unboost|p2a: Gliscor|spa|1\n|\n|-heal|p2a: Gliscor|52\/100 tox|[from] ability: Poison Heal\n|upkeep\n|turn|31\n|\n|t:|1700869241\n|switch|p2a: Toxapex|Toxapex, F|75\/100\n|move|p1a: Diablo|Reflect|p1a: Diablo\n|-sidestart|p1: Toxic Ariados|Reflect\n|\n|upkeep\n|turn|32\n|\n|t:|1700869245\n|switch|p2a: Gliscor|Gliscor, M|52\/100 tox\n|move|p1a: Diablo|Taunt|p2a: Gliscor\n|-start|p2a: Gliscor|move: Taunt\n|\n|-heal|p2a: Gliscor|64\/100 tox|[from] ability: Poison Heal\n|upkeep\n|turn|33\n|\n|t:|1700869258\n|move|p1a: Diablo|Light Screen|p1a: Diablo\n|-sidestart|p1: Toxic Ariados|move: Light Screen\n|move|p2a: Gliscor|Earthquake|p1a: Diablo\n|-damage|p1a: Diablo|42\/100\n|\n|-heal|p2a: Gliscor|77\/100 tox|[from] ability: Poison Heal\n|upkeep\n|turn|34\n|\n|t:|1700869262\n|switch|p2a: Toxapex|Toxapex, F|100\/100\n|switch|p1a: Bedrock|Great Tusk|51\/100 tox\n|\n|-damage|p1a: Bedrock|45\/100 tox|[from] psn\n|upkeep\n|turn|35\n|\n|t:|1700869263\n|move|p2a: Toxapex|Baneful Bunker|p2a: Toxapex\n|-singleturn|p2a: Toxapex|move: Protect\n|move|p1a: Bedrock|Headlong Rush|p2a: Toxapex\n|-activate|p2a: Toxapex|move: Protect\n|\n|-damage|p1a: Bedrock|32\/100 tox|[from] psn\n|-sideend|p1: Toxic Ariados|Reflect\n|upkeep\n|turn|36\n|\n|t:|1700869268\n|switch|p2a: Dondozo|Dondozo, F|100\/100 slp\n|move|p1a: Bedrock|Ice Spinner|p2a: Dondozo\n|-resisted|p2a: Dondozo\n|-damage|p2a: Dondozo|94\/100 slp\n|\n|-damage|p1a: Bedrock|14\/100 tox|[from] psn\n|upkeep\n|turn|37\n|\n|t:|1700869271\n|-end|p1a: Bedrock|Protosynthesis|[silent]\n|switch|p1a: Ogerpon|Ogerpon-Cornerstone, F|24\/100 tox\n|switch|p2a: Toxapex|Toxapex, F|100\/100\n|\n|-damage|p1a: Ogerpon|18\/100 tox|[from] psn\n|-sideend|p1: Toxic Ariados|move: Light Screen\n|upkeep\n|turn|38\n|\n|t:|1700869274\n|move|p1a: Ogerpon|Swords Dance|p1a: Ogerpon\n|-boost|p1a: Ogerpon|atk|2\n|move|p2a: Toxapex|Knock Off|p1a: Ogerpon\n|-damage|p1a: Ogerpon|5\/100 tox\n|\n|-damage|p1a: Ogerpon|0 fnt|[from] psn\n|faint|p1a: Ogerpon\n|upkeep\n|\n|t:|1700869277\n|switch|p1a: Stardust|Jirachi, shiny|100\/100\n|turn|39\n|\n|t:|1700869280\n|-zpower|p1a: Stardust\n|move|p1a: Stardust|Z-Happy Hour|p1a: Stardust|[anim]Happy Hour\n|-boost|p1a: Stardust|atk|1|[zeffect]\n|-boost|p1a: Stardust|def|1|[zeffect]\n|-boost|p1a: Stardust|spa|1|[zeffect]\n|-boost|p1a: Stardust|spd|1|[zeffect]\n|-boost|p1a: Stardust|spe|1|[zeffect]\n|move|p2a: Toxapex|Knock Off|p1a: Stardust\n|-supereffective|p1a: Stardust\n|-damage|p1a: Stardust|86\/100\n|\n|upkeep\n|turn|40\n|\n|t:|1700869283\n|move|p1a: Stardust|Iron Head|p2a: Toxapex\n|-resisted|p2a: Toxapex\n|-damage|p2a: Toxapex|88\/100\n|move|p2a: Toxapex|Knock Off|p1a: Stardust\n|-supereffective|p1a: Stardust\n|-damage|p1a: Stardust|71\/100\n|\n|upkeep\n|turn|41\n|\n|t:|1700869286\n|move|p2a: Toxapex|Baneful Bunker|p2a: Toxapex\n|-singleturn|p2a: Toxapex|move: Protect\n|move|p1a: Stardust|Calm Mind|p1a: Stardust\n|-boost|p1a: Stardust|spa|1\n|-boost|p1a: Stardust|spd|1\n|\n|upkeep\n|turn|42\n|\n|t:|1700869289\n|move|p1a: Stardust|Stored Power|p2a: Toxapex\n|-supereffective|p2a: Toxapex\n|-damage|p2a: Toxapex|0 fnt\n|faint|p2a: Toxapex\n|\n|upkeep\n|\n|t:|1700869292\n|switch|p2a: Gliscor|Gliscor, M|77\/100 tox\n|turn|43\n|\n|t:|1700869295\n|-terastallize|p2a: Gliscor|Steel\n|move|p1a: Stardust|Stored Power|p2a: Gliscor\n|-resisted|p2a: Gliscor\n|-damage|p2a: Gliscor|0 fnt\n|faint|p2a: Gliscor\n|\n|upkeep\n|\n|t:|1700869300\n|switch|p2a: Tyranitar|Tyranitar-Mega, M|47\/100\n|-weather|Sandstorm|[from] ability: Sand Stream|[of] p2a: Tyranitar\n|turn|44\n|\n|t:|1700869303\n|move|p1a: Stardust|Iron Head|p2a: Tyranitar\n|-supereffective|p2a: Tyranitar\n|-damage|p2a: Tyranitar|0 fnt\n|faint|p2a: Tyranitar\n|\n|-weather|Sandstorm|[upkeep]\n|upkeep\n|\n|t:|1700869305\n|switch|p2a: Corviknight|Corviknight, M|100\/100\n|-ability|p2a: Corviknight|Pressure\n|turn|45\n|\n|t:|1700869307\n|move|p1a: Stardust|Calm Mind|p1a: Stardust\n|-boost|p1a: Stardust|spa|1\n|-boost|p1a: Stardust|spd|1\n|move|p2a: Corviknight|Iron Head|p1a: Stardust\n|-resisted|p1a: Stardust\n|-damage|p1a: Stardust|63\/100\n|\n|-weather|Sandstorm|[upkeep]\n|upkeep\n|turn|46\n|\n|t:|1700869309\n|move|p2a: Corviknight|Protect|p2a: Corviknight\n|-singleturn|p2a: Corviknight|Protect\n|move|p1a: Stardust|Stored Power|p2a: Corviknight\n|-activate|p2a: Corviknight|move: Protect\n|\n|-weather|Sandstorm|[upkeep]\n|upkeep\n|turn|47\n|\n|t:|1700869317\n|move|p1a: Stardust|Stored Power|p2a: Corviknight\n|-resisted|p2a: Corviknight\n|-damage|p2a: Corviknight|21\/100\n|move|p2a: Corviknight|Roost|p2a: Corviknight\n|-heal|p2a: Corviknight|71\/100\n|-singleturn|p2a: Corviknight|move: Roost\n|\n|-weather|Sandstorm|[upkeep]\n|-heal|p2a: Corviknight|77\/100|[from] item: Leftovers\n|upkeep\n|turn|48\n|\n|t:|1700869320\n|move|p1a: Stardust|Calm Mind|p1a: Stardust\n|-boost|p1a: Stardust|spa|1\n|-boost|p1a: Stardust|spd|1\n|move|p2a: Corviknight|Iron Head|p1a: Stardust\n|-resisted|p1a: Stardust\n|-damage|p1a: Stardust|55\/100\n|\n|-weather|none\n|-heal|p2a: Corviknight|83\/100|[from] item: Leftovers\n|upkeep\n|turn|49\n|\n|t:|1700869324\n|move|p2a: Corviknight|Protect|p2a: Corviknight\n|-singleturn|p2a: Corviknight|Protect\n|move|p1a: Stardust|Calm Mind|p1a: Stardust\n|-boost|p1a: Stardust|spa|1\n|-boost|p1a: Stardust|spd|1\n|\n|-heal|p2a: Corviknight|89\/100|[from] item: Leftovers\n|upkeep\n|turn|50\n|\n|t:|1700869327\n|move|p1a: Stardust|Stored Power|p2a: Corviknight\n|-resisted|p2a: Corviknight\n|-damage|p2a: Corviknight|0 fnt\n|faint|p2a: Corviknight\n|\n|upkeep\n|-message|jkljlkh forfeited.\n|\n|win|Toxic Ariados\n|raw|Toxic Ariados's rating: 1693 &rarr; <strong>1723<\/strong><br \/>(+30 for winning)\n|raw|jkljlkh's rating: 1895 &rarr; <strong>1865<\/strong><br \/>(-30 for losing)\n|l|\u2606jkljlkh\n","uploadtime":1700869332,"views":1,"p1id":"toxicariados","p2id":"jkljlkh","formatid":"gen9nationaldex","rating":1723,"private":0,"password":""}