{"id":"gen9nationaldex-1999518598","p1":"DanjNeesan","p2":"baigu","format":"[Gen 9] National Dex","log":"|html|<div class=\"broadcast-blue\"><strong>[Gen 9] National Dex is currently suspecting Sneasler! For information on how to participate check out the <a href=\"https:\/\/www.smogon.com\/forums\/threads\/sv-national-dex-suspect-8-just-dance.3731534\/\">suspect thread<\/a>.<\/strong><\/div>\n|j|\u2606DanjNeesan\n|j|\u2606baigu\n|t:|1701091745\n|gametype|singles\n|player|p1|DanjNeesan|veteranf|1674\n|player|p2|baigu|266|1853\n|teamsize|p1|6\n|teamsize|p2|6\n|gen|9\n|tier|[Gen 9] National Dex\n|rated|\n|rule|HP Percentage Mod: HP is shown in percentages\n|rule|Endless Battle Clause: Forcing endless battles is banned\n|rule|OHKO Clause: OHKO moves are banned\n|rule|Evasion Clause: Evasion abilities, items, and moves are banned\n|rule|Evasion Abilities Clause: Evasion abilities are banned\n|rule|Evasion Items Clause: Evasion items are banned\n|rule|Evasion Moves Clause: Evasion moves are banned\n|rule|Species Clause: Limit one of each Pok\u00e9mon\n|rule|Sleep Clause Mod: Limit one foe put to sleep\n|clearpoke\n|poke|p1|Mawile, F|\n|poke|p1|Ferrothorn, M|\n|poke|p1|Slowbro, M|\n|poke|p1|Volcarona, M|\n|poke|p1|Landorus-Therian, M|\n|poke|p1|Clodsire, F|\n|poke|p2|Ursaluna, F|\n|poke|p2|Slowking, M|\n|poke|p2|Corviknight, F|\n|poke|p2|Hoopa-Unbound|\n|poke|p2|Dragonite, F|\n|poke|p2|Tapu Koko|\n|teampreview\n|\n|t:|1701091754\n|start\n|switch|p1a: Mawile|Mawile, F|100\/100\n|switch|p2a: Tapu Koko|Tapu Koko|100\/100\n|-fieldstart|move: Electric Terrain|[from] ability: Electric Surge|[of] p2a: Tapu Koko\n|-ability|p1a: Mawile|Intimidate|boost\n|-unboost|p2a: Tapu Koko|atk|1\n|turn|1\n|inactive|Battle timer is ON: inactive players will automatically lose when time's up. (requested by baigu)\n|inactive|DanjNeesan has 120 seconds left.\n|\n|t:|1701091800\n|detailschange|p1a: Mawile|Mawile-Mega, F\n|-mega|p1a: Mawile|Mawile|Mawilite\n|move|p2a: Tapu Koko|U-turn|p1a: Mawile\n|-resisted|p1a: Mawile\n|-damage|p1a: Mawile|98\/100\n|\n|t:|1701091803\n|switch|p2a: Corviknight|Corviknight, F|100\/100|[from] U-turn\n|-ability|p2a: Corviknight|Pressure\n|move|p1a: Mawile|Play Rough|p2a: Corviknight\n|-resisted|p2a: Corviknight\n|-damage|p2a: Corviknight|74\/100\n|-damage|p1a: Mawile|81\/100|[from] item: Rocky Helmet|[of] p2a: Corviknight\n|\n|upkeep\n|turn|2\n|\n|t:|1701091812\n|move|p1a: Mawile|Swords Dance|p1a: Mawile\n|-boost|p1a: Mawile|atk|2\n|move|p2a: Corviknight|Roost|p2a: Corviknight\n|-heal|p2a: Corviknight|100\/100\n|-singleturn|p2a: Corviknight|move: Roost\n|\n|upkeep\n|turn|3\n|\n|t:|1701091822\n|move|p1a: Mawile|Swords Dance|p1a: Mawile\n|-boost|p1a: Mawile|atk|2\n|move|p2a: Corviknight|U-turn|p1a: Mawile\n|-resisted|p1a: Mawile\n|-damage|p1a: Mawile|77\/100\n|\n|t:|1701091828\n|switch|p2a: Dragonite|Dragonite, F|100\/100|[from] U-turn\n|\n|upkeep\n|turn|4\n|\n|t:|1701091832\n|move|p2a: Dragonite|Fire Punch|p1a: Mawile\n|-supereffective|p1a: Mawile\n|-damage|p1a: Mawile|0 fnt\n|faint|p1a: Mawile\n|\n|upkeep\n|inactive|DanjNeesan has 120 seconds left.\n|inactive|DanjNeesan has 90 seconds left.\n|\n|t:|1701091898\n|switch|p1a: Landorus|Landorus-Therian, M|100\/100\n|-ability|p1a: Landorus|Intimidate|boost\n|-unboost|p2a: Dragonite|atk|1\n|turn|5\n|\n|t:|1701091903\n|switch|p2a: Corviknight|Corviknight, F|100\/100\n|-ability|p2a: Corviknight|Pressure\n|move|p1a: Landorus|Stone Edge|p2a: Corviknight\n|-damage|p2a: Corviknight|77\/100\n|\n|-fieldend|move: Electric Terrain\n|upkeep\n|turn|6\n|\n|t:|1701091911\n|move|p1a: Landorus|Swords Dance|p1a: Landorus\n|-boost|p1a: Landorus|atk|2\n|move|p2a: Corviknight|U-turn|p1a: Landorus\n|-resisted|p1a: Landorus\n|-damage|p1a: Landorus|92\/100\n|\n|t:|1701091918\n|switch|p2a: Dragonite|Dragonite, F|100\/100|[from] U-turn\n|\n|upkeep\n|turn|7\n|\n|t:|1701091925\n|-terastallize|p2a: Dragonite|Normal\n|move|p2a: Dragonite|Extreme Speed|p1a: Landorus\n|-damage|p1a: Landorus|14\/100\n|move|p1a: Landorus|Stone Edge|p2a: Dragonite\n|-damage|p2a: Dragonite|62\/100\n|\n|upkeep\n|turn|8\n|inactive|DanjNeesan has 120 seconds left.\n|\n|t:|1701091934\n|switch|p1a: Ferrothorn|Ferrothorn, M|100\/100\n|move|p2a: Dragonite|Extreme Speed|p1a: Ferrothorn\n|-resisted|p1a: Ferrothorn\n|-damage|p1a: Ferrothorn|75\/100\n|-damage|p2a: Dragonite|50\/100|[from] ability: Iron Barbs|[of] p1a: Ferrothorn\n|\n|-heal|p1a: Ferrothorn|82\/100|[from] item: Leftovers\n|upkeep\n|turn|9\n|inactive|DanjNeesan has 120 seconds left.\n|\n|t:|1701091944\n|switch|p2a: \u718a\u5927|Ursaluna, F|100\/100\n|-terastallize|p1a: Ferrothorn|Ghost\n|move|p1a: Ferrothorn|Stealth Rock|p2a: \u718a\u5927\n|-sidestart|p2: baigu|move: Stealth Rock\n|\n|-heal|p1a: Ferrothorn|88\/100|[from] item: Leftovers\n|-status|p2a: \u718a\u5927|brn|[from] item: Flame Orb\n|upkeep\n|turn|10\n|\n|t:|1701091956\n|move|p2a: \u718a\u5927|Throat Chop|p1a: Ferrothorn\n|-supereffective|p1a: Ferrothorn\n|-damage|p1a: Ferrothorn|23\/100\n|-start|p1a: Ferrothorn|Throat Chop|[silent]\n|-damage|p2a: \u718a\u5927|88\/100 brn|[from] ability: Iron Barbs|[of] p1a: Ferrothorn\n|move|p1a: Ferrothorn|Body Press|p2a: \u718a\u5927\n|-supereffective|p2a: \u718a\u5927\n|-damage|p2a: \u718a\u5927|46\/100 brn\n|\n|-heal|p1a: Ferrothorn|29\/100|[from] item: Leftovers\n|-damage|p2a: \u718a\u5927|40\/100 brn|[from] brn\n|upkeep\n|turn|11\n|\n|t:|1701091968\n|switch|p1a: Slowbro|Slowbro, M|100\/100\n|move|p2a: \u718a\u5927|Throat Chop|p1a: Slowbro\n|-supereffective|p1a: Slowbro\n|-crit|p1a: Slowbro\n|-damage|p1a: Slowbro|20\/100\n|-start|p1a: Slowbro|Throat Chop|[silent]\n|-damage|p2a: \u718a\u5927|23\/100 brn|[from] item: Rocky Helmet|[of] p1a: Slowbro\n|\n|-damage|p2a: \u718a\u5927|17\/100 brn|[from] brn\n|upkeep\n|turn|12\n|\n|t:|1701091978\n|switch|p1a: Ferrothorn|Ferrothorn, M, tera:Ghost|29\/100\n|move|p2a: \u718a\u5927|Facade|p1a: Ferrothorn\n|-immune|p1a: Ferrothorn\n|\n|-heal|p1a: Ferrothorn|35\/100|[from] item: Leftovers\n|-damage|p2a: \u718a\u5927|11\/100 brn|[from] brn\n|upkeep\n|turn|13\n|\n|t:|1701091987\n|switch|p1a: Slowbro|Slowbro, M|53\/100\n|move|p2a: \u718a\u5927|Throat Chop|p1a: Slowbro\n|-supereffective|p1a: Slowbro\n|-damage|p1a: Slowbro|0 fnt\n|-damage|p2a: \u718a\u5927|0 fnt|[from] item: Rocky Helmet|[of] p1a: Slowbro\n|faint|p1a: Slowbro\n|faint|p2a: \u718a\u5927\n|\n|upkeep\n|\n|t:|1701091995\n|switch|p2a: Corviknight|Corviknight, F|77\/100\n|switch|p1a: Volcarona|Volcarona, M|100\/100\n|-damage|p2a: Corviknight|64\/100|[from] Stealth Rock\n|-ability|p2a: Corviknight|Pressure\n|turn|14\n|\n|t:|1701092001\n|move|p1a: Volcarona|Flamethrower|p2a: Corviknight\n|-supereffective|p2a: Corviknight\n|-damage|p2a: Corviknight|0 fnt\n|faint|p2a: Corviknight\n|\n|upkeep\n|\n|t:|1701092012\n|switch|p2a: Tapu Koko|Tapu Koko|100\/100\n|-damage|p2a: Tapu Koko|88\/100|[from] Stealth Rock\n|-fieldstart|move: Electric Terrain|[from] ability: Electric Surge|[of] p2a: Tapu Koko\n|turn|15\n|\n|t:|1701092018\n|switch|p1a: Clodsire|Clodsire, F|100\/100\n|move|p2a: Tapu Koko|Thunderbolt|p1a: Clodsire\n|-immune|p1a: Clodsire\n|\n|upkeep\n|turn|16\n|inactive|DanjNeesan has 120 seconds left.\n|\n|t:|1701092048\n|switch|p2a: Hoopa|Hoopa-Unbound|100\/100\n|-damage|p2a: Hoopa|88\/100|[from] Stealth Rock\n|move|p1a: Clodsire|Toxic|p2a: Hoopa\n|-status|p2a: Hoopa|tox\n|\n|-damage|p2a: Hoopa|82\/100 tox|[from] psn\n|upkeep\n|turn|17\n|\n|t:|1701092056\n|move|p2a: Hoopa|Psychic|p1a: Clodsire\n|-supereffective|p1a: Clodsire\n|-damage|p1a: Clodsire|37\/100\n|move|p1a: Clodsire|Spikes|p2a: Hoopa\n|-sidestart|p2: baigu|Spikes\n|\n|-damage|p2a: Hoopa|70\/100 tox|[from] psn\n|upkeep\n|turn|18\n|\n|t:|1701092066\n|switch|p1a: Ferrothorn|Ferrothorn, M, tera:Ghost|35\/100\n|move|p2a: Hoopa|Psychic|p1a: Ferrothorn\n|-damage|p1a: Ferrothorn|0 fnt\n|faint|p1a: Ferrothorn\n|\n|-damage|p2a: Hoopa|52\/100 tox|[from] psn\n|upkeep\n|\n|t:|1701092073\n|switch|p1a: Volcarona|Volcarona, M|100\/100\n|turn|19\n|\n|t:|1701092078\n|move|p1a: Volcarona|Flamethrower|p2a: Hoopa\n|-damage|p2a: Hoopa|10\/100 tox\n|move|p2a: Hoopa|Psychic|p1a: Volcarona\n|-damage|p1a: Volcarona|37\/100\n|\n|-damage|p2a: Hoopa|0 fnt|[from] psn\n|faint|p2a: Hoopa\n|-fieldend|move: Electric Terrain\n|upkeep\n|\n|t:|1701092091\n|switch|p2a: Slowking|Slowking, M|100\/100\n|turn|20\n|\n|t:|1701092095\n|switch|p1a: Clodsire|Clodsire, F|37\/100\n|move|p2a: Slowking|Scald|p1a: Clodsire\n|-supereffective|p1a: Clodsire\n|-damage|p1a: Clodsire|7\/100\n|-status|p1a: Clodsire|brn\n|\n|-damage|p1a: Clodsire|1\/100 brn|[from] brn\n|upkeep\n|turn|21\n|\n|t:|1701092105\n|move|p2a: Slowking|Scald|p1a: Clodsire\n|-supereffective|p1a: Clodsire\n|-damage|p1a: Clodsire|0 fnt\n|faint|p1a: Clodsire\n|\n|upkeep\n|\n|t:|1701092110\n|switch|p1a: Volcarona|Volcarona, M|37\/100\n|turn|22\n|\n|t:|1701092114\n|move|p1a: Volcarona|Giga Drain|p2a: Slowking\n|-supereffective|p2a: Slowking\n|-damage|p2a: Slowking|68\/100\n|-heal|p1a: Volcarona|57\/100|[from] drain|[of] p2a: Slowking\n|move|p2a: Slowking|Trick Room|p2a: Slowking\n|-fieldstart|move: Trick Room|[of] p2a: Slowking\n|\n|upkeep\n|turn|23\n|\n|t:|1701092121\n|move|p2a: Slowking|Scald|p1a: Volcarona\n|-supereffective|p1a: Volcarona\n|-damage|p1a: Volcarona|0 fnt\n|faint|p1a: Volcarona\n|\n|upkeep\n|-message|DanjNeesan forfeited.\n|\n|win|baigu\n|raw|DanjNeesan's rating: 1674 &rarr; <strong>1663<\/strong><br \/>(-11 for losing)\n|raw|baigu's rating: 1853 &rarr; <strong>1864<\/strong><br \/>(+11 for winning)\n|l|\u2606DanjNeesan\n","uploadtime":1701092133,"views":2,"p1id":"danjneesan","p2id":"baigu","formatid":"gen9nationaldex","rating":1663,"private":0,"password":""}