{"id":"gen9nationaldex-1993244871","p1":"kslizzle","p2":"Tank Tests","format":"[Gen 9] National Dex","log":"|j|\u2606kslizzle\n|j|\u2606Tank Tests\n|t:|1700283412\n|gametype|singles\n|player|p1|kslizzle|1|1284\n|player|p2|Tank Tests|170|1330\n|teamsize|p1|6\n|teamsize|p2|6\n|gen|9\n|tier|[Gen 9] National Dex\n|rated|\n|rule|HP Percentage Mod: HP is shown in percentages\n|rule|Endless Battle Clause: Forcing endless battles is banned\n|rule|OHKO Clause: OHKO moves are banned\n|rule|Evasion Clause: Evasion abilities, items, and moves are banned\n|rule|Evasion Abilities Clause: Evasion abilities are banned\n|rule|Evasion Items Clause: Evasion items are banned\n|rule|Evasion Moves Clause: Evasion moves are banned\n|rule|Species Clause: Limit one of each Pok\u00e9mon\n|rule|Sleep Clause Mod: Limit one foe put to sleep\n|clearpoke\n|poke|p1|Gengar, M|\n|poke|p1|Trevenant, M|\n|poke|p1|Aegislash, F|\n|poke|p1|Sableye, F|\n|poke|p1|Froslass, F|\n|poke|p1|Mimikyu, F|\n|poke|p2|Pawmot, F|\n|poke|p2|Rabsca, F|\n|poke|p2|Banette, M|\n|poke|p2|Victini|\n|poke|p2|Dragonite, M|\n|poke|p2|Forretress, F|\n|teampreview\n|c|\u2606kslizzle|im here to spoook u\n|\n|t:|1700283434\n|start\n|switch|p1a: Sableye|Sableye, F|100\/100\n|switch|p2a: Victini|Victini|100\/100\n|turn|1\n|c|\u2606Tank Tests|I am spooked\n|\n|t:|1700283445\n|detailschange|p1a: Sableye|Sableye-Mega, F\n|-mega|p1a: Sableye|Sableye|Sablenite\n|move|p2a: Victini|V-create|p1a: Sableye\n|-damage|p1a: Sableye|36\/100\n|-unboost|p2a: Victini|spe|1\n|-unboost|p2a: Victini|def|1\n|-unboost|p2a: Victini|spd|1\n|move|p1a: Sableye|Knock Off|p2a: Victini\n|-supereffective|p2a: Victini\n|-damage|p2a: Victini|10\/100\n|-enditem|p2a: Victini|Choice Scarf|[from] move: Knock Off|[of] p1a: Sableye\n|\n|upkeep\n|turn|2\n|c|\u2606kslizzle|SPOOK\n|c|\u2606Tank Tests|Sableye = scary\n|\n|t:|1700283471\n|switch|p1a: Mimikyu|Mimikyu, F|100\/100\n|move|p2a: Victini|V-create|p1a: Mimikyu\n|-activate|p1a: Mimikyu|ability: Disguise\n|-damage|p1a: Mimikyu|100\/100\n|-unboost|p2a: Victini|spe|1\n|-unboost|p2a: Victini|def|1\n|-unboost|p2a: Victini|spd|1\n|detailschange|p1a: Mimikyu|Mimikyu-Busted, F\n|-damage|p1a: Mimikyu|88\/100|[from] pokemon: Mimikyu-Busted\n|\n|upkeep\n|turn|3\n|\n|t:|1700283482\n|switch|p2a: Forretress|Forretress, F|100\/100\n|move|p1a: Mimikyu|Shadow Sneak|p2a: Forretress\n|-damage|p2a: Forretress|84\/100\n|-damage|p1a: Mimikyu|78\/100|[from] item: Life Orb\n|\n|upkeep\n|turn|4\n|\n|t:|1700283489\n|switch|p1a: Sableye|Sableye-Mega, F|36\/100\n|switch|p2a: Victini|Victini|10\/100\n|\n|upkeep\n|turn|5\n|\n|t:|1700283514\n|switch|p1a: Froslass|Froslass, F|100\/100\n|move|p2a: Victini|V-create|p1a: Froslass\n|-supereffective|p1a: Froslass\n|-enditem|p1a: Froslass|Focus Sash\n|-damage|p1a: Froslass|1\/100\n|-unboost|p2a: Victini|spe|1\n|-unboost|p2a: Victini|def|1\n|-unboost|p2a: Victini|spd|1\n|\n|upkeep\n|turn|6\n|\n|t:|1700283529\n|switch|p2a: Forretress|Forretress, F|84\/100\n|move|p1a: Froslass|Shadow Ball|p2a: Forretress\n|-damage|p2a: Forretress|53\/100\n|\n|upkeep\n|turn|7\n|\n|t:|1700283541\n|switch|p1a: Sableye|Sableye-Mega, F|36\/100\n|move|p2a: Forretress|Thunder Wave|p1a: Sableye\n|move|p1a: Sableye|Thunder Wave|p2a: Forretress|[from]ability: Magic Bounce\n|-status|p2a: Forretress|par\n|\n|upkeep\n|turn|8\n|c|\u2606Tank Tests|T-T\n|c|\u2606kslizzle|NICE TYR\n|c|\u2606kslizzle|try\n|\n|t:|1700283556\n|switch|p2a: Victini|Victini|10\/100\n|move|p1a: Sableye|Recover|p1a: Sableye\n|-heal|p1a: Sableye|86\/100\n|\n|upkeep\n|turn|9\n|c|\u2606Tank Tests|Yeah you mind gamed me there\n|c|\u2606Tank Tests|Sableye >_<\n|\n|t:|1700283605\n|switch|p1a: Froslass|Froslass, F|1\/100\n|move|p2a: Victini|V-create|p1a: Froslass\n|-supereffective|p1a: Froslass\n|-damage|p1a: Froslass|0 fnt\n|-unboost|p2a: Victini|spe|1\n|-unboost|p2a: Victini|def|1\n|-unboost|p2a: Victini|spd|1\n|faint|p1a: Froslass\n|\n|upkeep\n|\n|t:|1700283633\n|switch|p1a: Gengar|Gengar, M|100\/100\n|turn|10\n|\n|t:|1700283646\n|switch|p2a: Forretress|Forretress, F|53\/100 par\n|move|p1a: Gengar|Shadow Ball|p2a: Forretress\n|-damage|p2a: Forretress|6\/100 par\n|-unboost|p2a: Forretress|spd|1\n|\n|upkeep\n|turn|11\n|\n|t:|1700283658\n|move|p1a: Gengar|Shadow Ball|p2a: Forretress\n|-damage|p2a: Forretress|0 fnt\n|faint|p2a: Forretress\n|\n|upkeep\n|\n|t:|1700283661\n|switch|p2a: Victini|Victini|10\/100\n|turn|12\n|\n|t:|1700283665\n|move|p1a: Gengar|Shadow Ball|p2a: Victini\n|-supereffective|p2a: Victini\n|-damage|p2a: Victini|0 fnt\n|faint|p2a: Victini\n|\n|upkeep\n|c|\u2606Tank Tests|Ooo scarf\n|\n|t:|1700283680\n|switch|p2a: Dragonite|Dragonite, M|100\/100\n|turn|13\n|\n|t:|1700283693\n|-terastallize|p2a: Dragonite|Normal\n|move|p1a: Gengar|Shadow Ball|p2a: Dragonite\n|-immune|p2a: Dragonite\n|move|p2a: Dragonite|Dragon Dance|p2a: Dragonite\n|-boost|p2a: Dragonite|atk|1\n|-boost|p2a: Dragonite|spe|1\n|\n|upkeep\n|turn|14\n|c|\u2606kslizzle|f\n|c|\u2606Tank Tests|>:)\n|\n|t:|1700283714\n|switch|p1a: Aegislash|Aegislash, F|100\/100\n|move|p2a: Dragonite|Dragon Dance|p2a: Dragonite\n|-boost|p2a: Dragonite|atk|1\n|-boost|p2a: Dragonite|spe|1\n|\n|upkeep\n|turn|15\n|\n|t:|1700283725\n|move|p2a: Dragonite|Earthquake|p1a: Aegislash\n|-supereffective|p1a: Aegislash\n|-damage|p1a: Aegislash|0 fnt\n|faint|p1a: Aegislash\n|\n|upkeep\n|\n|t:|1700283744\n|switch|p1a: Trevenant|Trevenant, M|100\/100\n|turn|16\n|c|\u2606Tank Tests|Btw you may have ghosts but I have zombies\n|\n|t:|1700283753\n|move|p2a: Dragonite|Dragon Claw|p1a: Trevenant\n|-damage|p1a: Trevenant|7\/100\n|move|p1a: Trevenant|Will-O-Wisp|p2a: Dragonite\n|-status|p2a: Dragonite|brn\n|\n|-heal|p1a: Trevenant|13\/100|[from] item: Leftovers\n|-damage|p2a: Dragonite|94\/100 brn|[from] brn\n|upkeep\n|turn|17\n|c|\u2606kslizzle|wym zombies\n|c|\u2606Tank Tests|You\u2019ll see\n|\n|t:|1700283781\n|move|p2a: Dragonite|Earthquake|p1a: Trevenant\n|-resisted|p1a: Trevenant\n|-damage|p1a: Trevenant|0 fnt\n|faint|p1a: Trevenant\n|\n|-damage|p2a: Dragonite|88\/100 brn|[from] brn\n|upkeep\n|\n|t:|1700283791\n|switch|p1a: Sableye|Sableye-Mega, F|86\/100\n|turn|18\n|\n|t:|1700283797\n|move|p2a: Dragonite|Dragon Dance|p2a: Dragonite\n|-boost|p2a: Dragonite|atk|1\n|-boost|p2a: Dragonite|spe|1\n|move|p1a: Sableye|Encore|p2a: Dragonite\n|-start|p2a: Dragonite|Encore\n|\n|-damage|p2a: Dragonite|82\/100 brn|[from] brn\n|upkeep\n|turn|19\n|\n|t:|1700283805\n|switch|p2a: Rabsca|Rabsca, F|100\/100\n|switch|p1a: Mimikyu|Mimikyu-Busted, F|78\/100\n|\n|upkeep\n|turn|20\n|\n|t:|1700283818\n|move|p1a: Mimikyu|Shadow Sneak|p2a: Rabsca\n|-supereffective|p2a: Rabsca\n|-damage|p2a: Rabsca|62\/100\n|-damage|p1a: Mimikyu|68\/100|[from] item: Life Orb\n|move|p2a: Rabsca|Revival Blessing|p2a: Rabsca\n|-enditem|p2a: Rabsca|Leppa Berry|[eat]\n|-activate|p2a: Rabsca|item: Leppa Berry|Revival Blessing|[consumed]\n|\n|t:|1700283820\n|-heal|p2: Victini|50\/100|[from] move: Revival Blessing\n|\n|upkeep\n|turn|21\n|c|\u2606kslizzle|WAT\n|c|\u2606Tank Tests|>:)\n|c|\u2606Tank Tests|RISE FROM YOUR GRAVE\n|\n|t:|1700283869\n|switch|p2a: Dragonite|Dragonite, M, tera:Normal|82\/100 brn\n|move|p1a: Mimikyu|Swords Dance|p1a: Mimikyu\n|-boost|p1a: Mimikyu|atk|2\n|\n|-damage|p2a: Dragonite|76\/100 brn|[from] brn\n|upkeep\n|turn|22\n|c|\u2606Tank Tests|*braaaaiiiins*\n|\n|t:|1700283878\n|move|p1a: Mimikyu|Play Rough|p2a: Dragonite|[miss]\n|-miss|p1a: Mimikyu|p2a: Dragonite\n|move|p2a: Dragonite|Earthquake|p1a: Mimikyu\n|-damage|p1a: Mimikyu|37\/100\n|\n|-damage|p2a: Dragonite|70\/100 brn|[from] brn\n|upkeep\n|turn|23\n|\n|t:|1700283889\n|move|p1a: Mimikyu|Play Rough|p2a: Dragonite\n|-damage|p2a: Dragonite|0 fnt\n|faint|p2a: Dragonite\n|-damage|p1a: Mimikyu|27\/100|[from] item: Life Orb\n|\n|upkeep\n|c|\u2606Tank Tests|Ahhh ggg\n|\n|t:|1700283907\n|switch|p2a: Banette|Banette, M|100\/100\n|turn|24\n|\n|t:|1700283916\n|detailschange|p2a: Banette|Banette-Mega, M\n|-mega|p2a: Banette|Banette|Banettite\n|move|p1a: Mimikyu|Shadow Sneak|p2a: Banette\n|-supereffective|p2a: Banette\n|-damage|p2a: Banette|0 fnt\n|faint|p2a: Banette\n|-damage|p1a: Mimikyu|17\/100|[from] item: Life Orb\n|\n|upkeep\n|\n|t:|1700283920\n|switch|p2a: Victini|Victini|50\/100\n|turn|25\n|\n|t:|1700283925\n|move|p1a: Mimikyu|Shadow Sneak|p2a: Victini\n|-supereffective|p2a: Victini\n|-damage|p2a: Victini|0 fnt\n|faint|p2a: Victini\n|-damage|p1a: Mimikyu|7\/100|[from] item: Life Orb\n|\n|upkeep\n|\n|t:|1700283927\n|switch|p2a: Rabsca|Rabsca, F|62\/100\n|turn|26\n|\n|t:|1700283939\n|move|p1a: Mimikyu|Shadow Sneak|p2a: Rabsca\n|-supereffective|p2a: Rabsca\n|-damage|p2a: Rabsca|0 fnt\n|faint|p2a: Rabsca\n|-damage|p1a: Mimikyu|0 fnt|[from] item: Life Orb\n|faint|p1a: Mimikyu\n|\n|upkeep\n|\n|t:|1700283956\n|switch|p1a: Sableye|Sableye-Mega, F|86\/100\n|switch|p2a: Pawmot|Pawmot, F|100\/100\n|turn|27\n|\n|t:|1700283961\n|move|p2a: Pawmot|Revival Blessing|p2a: Pawmot\n|-enditem|p2a: Pawmot|Leppa Berry|[eat]\n|-activate|p2a: Pawmot|item: Leppa Berry|Revival Blessing|[consumed]\n|\n|t:|1700283964\n|-heal|p2: Banette|50\/100|[from] move: Revival Blessing\n|move|p1a: Sableye|Will-O-Wisp|p2a: Pawmot\n|-status|p2a: Pawmot|brn\n|\n|-damage|p2a: Pawmot|94\/100 brn|[from] brn\n|upkeep\n|turn|28\n|c|\u2606kslizzle|STOP\n|\n|t:|1700283981\n|move|p2a: Pawmot|Revival Blessing|p2a: Pawmot\n|\n|t:|1700283991\n|-heal|p2: Victini|50\/100|[from] move: Revival Blessing\n|move|p1a: Sableye|Knock Off|p2a: Pawmot\n|-resisted|p2a: Pawmot\n|-damage|p2a: Pawmot|78\/100 brn\n|\n|-damage|p2a: Pawmot|72\/100 brn|[from] brn\n|upkeep\n|turn|29\n|c|\u2606kslizzle|IS THERE A LIMIT\n|c|\u2606Tank Tests|I got all 4\n|\n|t:|1700284022\n|switch|p1a: Gengar|Gengar, M|100\/100\n|move|p2a: Pawmot|Thunder Wave|p1a: Gengar\n|-status|p1a: Gengar|par\n|\n|-damage|p2a: Pawmot|66\/100 brn|[from] brn\n|upkeep\n|turn|30\n|c|\u2606Tank Tests|You still have a chance to beat me\n|\n|t:|1700284034\n|move|p2a: Pawmot|Double Shock|p1a: Gengar\n|-damage|p1a: Gengar|44\/100 par\n|-start|p2a: Pawmot|typechange|???\/Fighting|[from] move: Double Shock\n|move|p1a: Gengar|Shadow Ball|p2a: Pawmot\n|-damage|p2a: Pawmot|0 fnt\n|faint|p2a: Pawmot\n|\n|upkeep\n|\n|t:|1700284041\n|switch|p2a: Victini|Victini|50\/100\n|turn|31\n|\n|t:|1700284045\n|move|p2a: Victini|V-create|p1a: Gengar\n|-damage|p1a: Gengar|0 fnt\n|-unboost|p2a: Victini|spe|1\n|-unboost|p2a: Victini|def|1\n|-unboost|p2a: Victini|spd|1\n|faint|p1a: Gengar\n|\n|upkeep\n|c|\u2606kslizzle|gg\n|\n|t:|1700284050\n|switch|p1a: Sableye|Sableye-Mega, F|86\/100\n|turn|32\n|\n|t:|1700284055\n|move|p2a: Victini|V-create|p1a: Sableye\n|-damage|p1a: Sableye|17\/100\n|-unboost|p2a: Victini|spe|1\n|-unboost|p2a: Victini|def|1\n|-unboost|p2a: Victini|spd|1\n|move|p1a: Sableye|Knock Off|p2a: Victini\n|-supereffective|p2a: Victini\n|-damage|p2a: Victini|0 fnt\n|faint|p2a: Victini\n|\n|upkeep\n|c|\u2606Tank Tests|gg\n|\n|t:|1700284064\n|switch|p2a: Banette|Banette-Mega, M|50\/100\n|turn|33\n|\n|t:|1700284070\n|move|p2a: Banette|Poltergeist|p1a: Sableye\n|-activate|p1a: Sableye|move: Poltergeist|Sablenite\n|-damage|p1a: Sableye|0 fnt\n|faint|p1a: Sableye\n|\n|win|Tank Tests\n|raw|kslizzle's rating: 1284 &rarr; <strong>1262<\/strong><br \/>(-22 for losing)\n|raw|Tank Tests's rating: 1330 &rarr; <strong>1347<\/strong><br \/>(+17 for winning)\n|c|\u2606kslizzle|the zombies caught me off gaurd lmao\n|c|\u2606Tank Tests|It\u2019s a very unexpected strategy\n|c|\u2606Tank Tests|but now that you\u2019ve seen it\n|c|\u2606Tank Tests|you know what Rabsca and Pawmot are all about lol\n","uploadtime":1700284076,"views":7,"p1id":"kslizzle","p2id":"tanktests","formatid":"gen9nationaldex","rating":1262,"private":0,"password":""}