{"id":"gen9nationaldex-1988930639","p1":"UrinalHair","p2":"yaoyuanzhiyi","format":"[Gen 9] National Dex","log":"|j|\u2606UrinalHair\n|j|\u2606yaoyuanzhiyi\n|t:|1699789883\n|gametype|singles\n|player|p1|UrinalHair|169|1276\n|player|p2|yaoyuanzhiyi|unknown|1373\n|teamsize|p1|6\n|teamsize|p2|6\n|gen|9\n|tier|[Gen 9] National Dex\n|rated|\n|rule|HP Percentage Mod: HP is shown in percentages\n|rule|Endless Battle Clause: Forcing endless battles is banned\n|rule|OHKO Clause: OHKO moves are banned\n|rule|Evasion Clause: Evasion abilities, items, and moves are banned\n|rule|Evasion Abilities Clause: Evasion abilities are banned\n|rule|Evasion Items Clause: Evasion items are banned\n|rule|Evasion Moves Clause: Evasion moves are banned\n|rule|Species Clause: Limit one of each Pok\u00e9mon\n|rule|Sleep Clause Mod: Limit one foe put to sleep\n|clearpoke\n|poke|p1|Tyranitar, M|\n|poke|p1|Slowbro, F|\n|poke|p1|Excadrill, F|\n|poke|p1|Gliscor, F|\n|poke|p1|Clefable, M|\n|poke|p1|Volcarona, M|\n|poke|p2|Lopunny, M|\n|poke|p2|Hatterene, F|\n|poke|p2|Volcarona, F|\n|poke|p2|Rotom-Wash|\n|poke|p2|Weavile, M|\n|poke|p2|Ferrothorn, F|\n|teampreview\n|\n|t:|1699789912\n|start\n|switch|p1a: Clefable|Clefable, M|100\/100\n|switch|p2a: Lopunny|Lopunny, M|100\/100\n|turn|1\n|\n|t:|1699789920\n|detailschange|p2a: Lopunny|Lopunny-Mega, M\n|-mega|p2a: Lopunny|Lopunny|Lopunnite\n|move|p2a: Lopunny|Fake Out|p1a: Clefable\n|-damage|p1a: Clefable|84\/100\n|cant|p1a: Clefable|flinch\n|\n|-heal|p1a: Clefable|90\/100|[from] item: Leftovers\n|upkeep\n|turn|2\n|\n|t:|1699789929\n|move|p2a: Lopunny|U-turn|p1a: Clefable\n|-resisted|p1a: Clefable\n|-damage|p1a: Clefable|80\/100\n|\n|t:|1699789932\n|switch|p2a: Hatterene|Hatterene, F|100\/100|[from] U-turn\n|move|p1a: Clefable|Stealth Rock|p2a: Hatterene\n|move|p2a: Hatterene|Stealth Rock|p1a: Clefable|[from]ability: Magic Bounce\n|-sidestart|p1: UrinalHair|move: Stealth Rock\n|\n|-heal|p1a: Clefable|87\/100|[from] item: Leftovers\n|upkeep\n|turn|3\n|n|!UrinalHair|urinalhair\n|\n|t:|1699789955\n|switch|p1a: Gliscor|Gliscor, F|100\/100\n|-damage|p1a: Gliscor|88\/100|[from] Stealth Rock\n|switch|p2a: Volcarona|Volcarona, F|100\/100\n|\n|-status|p1a: Gliscor|tox|[from] item: Toxic Orb\n|upkeep\n|turn|4\n|\n|t:|1699789965\n|-zpower|p2a: Volcarona\n|move|p2a: Volcarona|Inferno Overdrive|p1a: Gliscor|[zeffect]\n|-damage|p1a: Gliscor|17\/100 tox\n|move|p1a: Gliscor|Earthquake|p2a: Volcarona\n|-crit|p2a: Volcarona\n|-damage|p2a: Volcarona|16\/100\n|\n|-heal|p1a: Gliscor|29\/100 tox|[from] ability: Poison Heal\n|upkeep\n|turn|5\n|\n|t:|1699789990\n|-terastallize|p1a: Gliscor|Water\n|move|p2a: Volcarona|Fiery Dance|p1a: Gliscor\n|-resisted|p1a: Gliscor\n|-damage|p1a: Gliscor|10\/100 tox\n|move|p1a: Gliscor|Roost|p1a: Gliscor\n|-heal|p1a: Gliscor|60\/100 tox\n|\n|-heal|p1a: Gliscor|72\/100 tox|[from] ability: Poison Heal\n|upkeep\n|turn|6\n|\n|t:|1699790003\n|move|p2a: Volcarona|Giga Drain|p1a: Gliscor\n|-supereffective|p1a: Gliscor\n|-damage|p1a: Gliscor|24\/100 tox\n|-heal|p2a: Volcarona|44\/100|[from] drain|[of] p1a: Gliscor\n|move|p1a: Gliscor|Defog|p2a: Volcarona\n|-unboost|p2a: Volcarona|evasion|1\n|-sideend|p1: UrinalHair|Stealth Rock|[from] move: Defog|[of] p1a: Gliscor\n|\n|-heal|p1a: Gliscor|36\/100 tox|[from] ability: Poison Heal\n|upkeep\n|turn|7\n|\n|t:|1699790045\n|switch|p1a: Volcarona|Volcarona, M|100\/100\n|move|p2a: Volcarona|Bug Buzz|p1a: Volcarona\n|-resisted|p1a: Volcarona\n|-damage|p1a: Volcarona|77\/100\n|\n|upkeep\n|turn|8\n|\n|t:|1699790071\n|move|p2a: Volcarona|Fiery Dance|p1a: Volcarona\n|-damage|p1a: Volcarona|28\/100\n|move|p1a: Volcarona|Quiver Dance|p1a: Volcarona\n|-boost|p1a: Volcarona|spa|1\n|-boost|p1a: Volcarona|spd|1\n|-boost|p1a: Volcarona|spe|1\n|\n|upkeep\n|turn|9\n|\n|t:|1699790094\n|move|p1a: Volcarona|Fiery Dance|p2a: Volcarona\n|-damage|p2a: Volcarona|0 fnt\n|-boost|p1a: Volcarona|spa|1\n|faint|p2a: Volcarona\n|\n|upkeep\n|\n|t:|1699790097\n|switch|p2a: Weavile|Weavile, M|100\/100\n|-ability|p2a: Weavile|Pressure\n|turn|10\n|\n|t:|1699790107\n|move|p1a: Volcarona|Fiery Dance|p2a: Weavile\n|-supereffective|p2a: Weavile\n|-enditem|p2a: Weavile|Focus Sash\n|-damage|p2a: Weavile|1\/100\n|-boost|p1a: Volcarona|spa|1\n|move|p2a: Weavile|Punishment|p1a: Volcarona\n|-damage|p1a: Volcarona|0 fnt\n|-status|p2a: Weavile|brn|[from] ability: Flame Body|[of] p1a: Volcarona\n|faint|p1a: Volcarona\n|\n|-damage|p2a: Weavile|0 fnt|[from] brn\n|faint|p2a: Weavile\n|upkeep\n|\n|t:|1699790129\n|switch|p2a: Rotom|Rotom-Wash|100\/100\n|switch|p1a: Clefable|Clefable, M|87\/100\n|turn|11\n|\n|t:|1699790140\n|move|p2a: Rotom|Volt Switch|p1a: Clefable\n|-damage|p1a: Clefable|54\/100\n|\n|t:|1699790145\n|switch|p2a: Hatterene|Hatterene, F|100\/100|[from] Volt Switch\n|move|p1a: Clefable|Moonblast|p2a: Hatterene\n|-damage|p2a: Hatterene|71\/100\n|\n|-heal|p1a: Clefable|60\/100|[from] item: Leftovers\n|-heal|p2a: Hatterene|77\/100|[from] item: Leftovers\n|upkeep\n|turn|12\n|\n|t:|1699790163\n|move|p1a: Clefable|Soft-Boiled|p1a: Clefable\n|-heal|p1a: Clefable|100\/100\n|move|p2a: Hatterene|Calm Mind|p2a: Hatterene\n|-boost|p2a: Hatterene|spa|1\n|-boost|p2a: Hatterene|spd|1\n|\n|-heal|p2a: Hatterene|83\/100|[from] item: Leftovers\n|upkeep\n|turn|13\n|\n|t:|1699790179\n|switch|p1a: Excadrill|Excadrill, F|100\/100\n|move|p2a: Hatterene|Draining Kiss|p1a: Excadrill\n|-resisted|p1a: Excadrill\n|-damage|p1a: Excadrill|77\/100\n|-heal|p2a: Hatterene|100\/100|[from] drain|[of] p1a: Excadrill\n|\n|upkeep\n|turn|14\n|inactive|Battle timer is ON: inactive players will automatically lose when time's up. (requested by UrinalHair)\n|\n|t:|1699790197\n|switch|p1a: Tyranitar|Tyranitar, M|100\/100\n|-weather|Sandstorm|[from] ability: Sand Stream|[of] p1a: Tyranitar\n|switch|p2a: Rotom|Rotom-Wash|100\/100\n|\n|-weather|Sandstorm|[upkeep]\n|-damage|p2a: Rotom|94\/100|[from] Sandstorm\n|upkeep\n|turn|15\n|\n|t:|1699790222\n|switch|p1a: Gliscor|Gliscor, F, tera:Water|36\/100 tox\n|move|p2a: Rotom|Volt Switch|p1a: Gliscor\n|-supereffective|p1a: Gliscor\n|-damage|p1a: Gliscor|0 fnt\n|faint|p1a: Gliscor\n|\n|t:|1699790236\n|switch|p2a: Ferrothorn|Ferrothorn, F, shiny|100\/100|[from] Volt Switch\n|\n|-weather|Sandstorm|[upkeep]\n|upkeep\n|\n|t:|1699790250\n|switch|p1a: Excadrill|Excadrill, F|77\/100\n|turn|16\n|\n|t:|1699790256\n|move|p1a: Excadrill|Swords Dance|p1a: Excadrill\n|-boost|p1a: Excadrill|atk|2\n|move|p2a: Ferrothorn|Curse|p2a: Ferrothorn\n|-unboost|p2a: Ferrothorn|spe|1\n|-boost|p2a: Ferrothorn|atk|1\n|-boost|p2a: Ferrothorn|def|1\n|\n|-weather|Sandstorm|[upkeep]\n|upkeep\n|turn|17\n|\n|t:|1699790276\n|move|p1a: Excadrill|Earthquake|p2a: Ferrothorn\n|-damage|p2a: Ferrothorn|36\/100\n|move|p2a: Ferrothorn|Body Press|p1a: Excadrill\n|-supereffective|p1a: Excadrill\n|-damage|p1a: Excadrill|0 fnt\n|faint|p1a: Excadrill\n|\n|-weather|Sandstorm|[upkeep]\n|-heal|p2a: Ferrothorn|42\/100|[from] item: Leftovers\n|upkeep\n|-message|UrinalHair forfeited.\n|\n|win|yaoyuanzhiyi\n|raw|UrinalHair's rating: 1276 &rarr; <strong>1258<\/strong><br \/>(-18 for losing)\n|raw|yaoyuanzhiyi's rating: 1373 &rarr; <strong>1388<\/strong><br \/>(+15 for winning)\n","uploadtime":1699789942,"views":6,"p1id":"urinalhair","p2id":"yaoyuanzhiyi","formatid":"gen9nationaldex","rating":1258,"private":0,"password":""}