{"id":"gen9nationaldex-1989326545","p1":"SundayCandie","p2":"brevie nicks","format":"[Gen 9] National Dex","log":"|j|\u2606SundayCandie\n|j|\u2606brevie nicks\n|t:|1699836705\n|gametype|singles\n|player|p1|SundayCandie|klara|1094\n|player|p2|brevie nicks|baker|1035\n|teamsize|p1|6\n|teamsize|p2|6\n|gen|9\n|tier|[Gen 9] National Dex\n|rated|\n|rule|HP Percentage Mod: HP is shown in percentages\n|rule|Endless Battle Clause: Forcing endless battles is banned\n|rule|OHKO Clause: OHKO moves are banned\n|rule|Evasion Clause: Evasion abilities, items, and moves are banned\n|rule|Evasion Abilities Clause: Evasion abilities are banned\n|rule|Evasion Items Clause: Evasion items are banned\n|rule|Evasion Moves Clause: Evasion moves are banned\n|rule|Species Clause: Limit one of each Pok\u00e9mon\n|rule|Sleep Clause Mod: Limit one foe put to sleep\n|clearpoke\n|poke|p1|Glimmora, M|\n|poke|p1|Toxapex, F|\n|poke|p1|Gengar, M|\n|poke|p1|Sneasler, M|\n|poke|p1|Amoonguss, M|\n|poke|p1|Overqwil, M|\n|poke|p2|Gengar, F|\n|poke|p2|Sandslash-Alola, F|\n|poke|p2|Indeedee, M|\n|poke|p2|Hatterene, F|\n|poke|p2|Vanilluxe, M|\n|poke|p2|Bisharp, F|\n|teampreview\n|c|\u2606SundayCandie|Your team\n|c|\u2606SundayCandie|Looks weak\n|c|\u2606SundayCandie|This going to be ez\n|c|\u2606SundayCandie|Fr\n|c|\u2606brevie nicks|Probablu\n|\n|t:|1699836724\n|start\n|switch|p1a: Toxapex|Toxapex, F, shiny|100\/100\n|switch|p2a: Cold Diabeetus|Vanilluxe, M|100\/100\n|-weather|Snow|[from] ability: Snow Warning|[of] p2a: Cold Diabeetus\n|turn|1\n|inactive|Battle timer is ON: inactive players will automatically lose when time's up. (requested by SundayCandie)\n|c|\u2606brevie nicks|I'm testing out for a specific tourney team\n|\n|t:|1699836740\n|switch|p2a: Too Tuff|Hatterene, F|100\/100\n|move|p1a: Toxapex|Chilling Water|p2a: Too Tuff\n|-damage|p2a: Too Tuff|90\/100\n|-unboost|p2a: Too Tuff|atk|1\n|\n|-weather|Snow|[upkeep]\n|upkeep\n|turn|2\n|c|\u2606SundayCandie|My poison types gonna eat your pomemom\n|c|\u2606SundayCandie|out like grocerries\n|\n|t:|1699836760\n|switch|p1a: Gengar|Gengar, M|100\/100\n|switch|p2a: Icy Boi|Sandslash-Alola, F|100\/100\n|\n|-weather|Snow|[upkeep]\n|upkeep\n|turn|3\n|\n|t:|1699836769\n|-terastallize|p1a: Gengar|Ghost\n|move|p2a: Icy Boi|Iron Head|p1a: Gengar\n|-damage|p1a: Gengar|30\/100\n|cant|p1a: Gengar|flinch\n|\n|-weather|Snow|[upkeep]\n|upkeep\n|turn|4\n|\n|t:|1699836774\n|move|p2a: Icy Boi|Iron Head|p1a: Gengar\n|-damage|p1a: Gengar|0 fnt\n|-start|p2a: Icy Boi|Disable|Iron Head|[from] ability: Cursed Body|[of] p1a: Gengar\n|faint|p1a: Gengar\n|\n|-weather|Snow|[upkeep]\n|upkeep\n|\n|t:|1699836779\n|switch|p1a: Overqwil|Overqwil, M|100\/100\n|-ability|p1a: Overqwil|Intimidate|boost\n|-unboost|p2a: Icy Boi|atk|1\n|-item|p1a: Overqwil|Air Balloon\n|turn|5\n|\n|t:|1699836793\n|switch|p2a: CIefable|Gengar, F|100\/100\n|move|p1a: Overqwil|Swords Dance|p1a: Overqwil\n|-boost|p1a: Overqwil|atk|2\n|\n|-weather|Snow|[upkeep]\n|upkeep\n|turn|6\n|\n|t:|1699836803\n|move|p2a: CIefable|Focus Blast|p1a: Overqwil\n|-damage|p1a: Overqwil|31\/100\n|-enditem|p1a: Overqwil|Air Balloon\n|move|p1a: Overqwil|Liquidation|p2a: CIefable\n|-damage|p2a: CIefable|0 fnt\n|-start|p1a: Overqwil|Disable|Liquidation|[from] ability: Cursed Body|[of] p2a: CIefable\n|faint|p2a: CIefable\n|\n|-weather|Snow|[upkeep]\n|upkeep\n|\n|t:|1699836810\n|switch|p2a: Too Tuff|Hatterene, F|90\/100\n|turn|7\n|\n|t:|1699836814\n|move|p1a: Overqwil|Barb Barrage|p2a: Too Tuff\n|-supereffective|p2a: Too Tuff\n|-damage|p2a: Too Tuff|0 fnt\n|faint|p2a: Too Tuff\n|\n|-weather|Snow|[upkeep]\n|upkeep\n|\n|t:|1699836816\n|switch|p2a: Santoku|Bisharp, F|100\/100\n|turn|8\n|\n|t:|1699836820\n|move|p1a: Overqwil|Aqua Jet|p2a: Santoku\n|-damage|p2a: Santoku|83\/100\n|move|p2a: Santoku|Iron Head|p1a: Overqwil\n|-damage|p1a: Overqwil|0 fnt\n|faint|p1a: Overqwil\n|\n|-weather|none\n|upkeep\n|\n|t:|1699836822\n|switch|p1a: Glimmora|Glimmora, M, shiny|100\/100\n|turn|9\n|\n|t:|1699836828\n|move|p1a: Glimmora|Earth Power|p2a: Santoku\n|-supereffective|p2a: Santoku\n|-damage|p2a: Santoku|25\/100\n|move|p2a: Santoku|Swords Dance|p2a: Santoku\n|-boost|p2a: Santoku|atk|2\n|\n|upkeep\n|turn|10\n|\n|t:|1699836834\n|move|p2a: Santoku|Sucker Punch|p1a: Glimmora\n|-damage|p1a: Glimmora|14\/100\n|-activate|p1a: Glimmora|ability: Toxic Debris\n|-sidestart|p2: brevie nicks|move: Toxic Spikes\n|move|p1a: Glimmora|Earth Power|p2a: Santoku\n|-supereffective|p2a: Santoku\n|-crit|p2a: Santoku\n|-damage|p2a: Santoku|0 fnt\n|faint|p2a: Santoku\n|\n|upkeep\n|\n|t:|1699836837\n|switch|p2a: Cold Diabeetus|Vanilluxe, M|100\/100\n|-status|p2a: Cold Diabeetus|psn\n|-weather|Snow|[from] ability: Snow Warning|[of] p2a: Cold Diabeetus\n|turn|11\n|\n|t:|1699836844\n|move|p1a: Glimmora|Power Gem|p2a: Cold Diabeetus\n|-supereffective|p2a: Cold Diabeetus\n|-damage|p2a: Cold Diabeetus|17\/100 psn\n|move|p2a: Cold Diabeetus|Blizzard|p1a: Glimmora\n|-damage|p1a: Glimmora|0 fnt\n|faint|p1a: Glimmora\n|\n|-weather|Snow|[upkeep]\n|-damage|p2a: Cold Diabeetus|5\/100 psn|[from] psn\n|upkeep\n|\n|t:|1699836851\n|switch|p1a: Sneasler|Sneasler, M|100\/100\n|turn|12\n|\n|t:|1699836855\n|move|p1a: Sneasler|Fake Out|p2a: Cold Diabeetus\n|-damage|p2a: Cold Diabeetus|0 fnt\n|faint|p2a: Cold Diabeetus\n|\n|-weather|Snow|[upkeep]\n|upkeep\n|\n|t:|1699836876\n|switch|p2a: Icy Boi|Sandslash-Alola, F|100\/100\n|turn|13\n|\n|t:|1699836883\n|switch|p1a: Toxapex|Toxapex, F, shiny|100\/100\n|move|p2a: Icy Boi|Focus Blast|p1a: Toxapex\n|-resisted|p1a: Toxapex\n|-damage|p1a: Toxapex|97\/100\n|\n|-weather|Snow|[upkeep]\n|-heal|p1a: Toxapex|100\/100|[from] item: Black Sludge\n|upkeep\n|turn|14\n|\n|t:|1699836889\n|switch|p2a: Meta Knight|Indeedee, M|100\/100\n|-status|p2a: Meta Knight|psn\n|-fieldstart|move: Psychic Terrain|[from] ability: Psychic Surge|[of] p2a: Meta Knight\n|move|p1a: Toxapex|Chilling Water|p2a: Meta Knight\n|-damage|p2a: Meta Knight|86\/100 psn\n|-unboost|p2a: Meta Knight|atk|1\n|\n|-weather|Snow|[upkeep]\n|-damage|p2a: Meta Knight|74\/100 psn|[from] psn\n|upkeep\n|turn|15\n|\n|t:|1699836894\n|move|p2a: Meta Knight|Expanding Force|p1a: Toxapex\n|-supereffective|p1a: Toxapex\n|-damage|p1a: Toxapex|0 fnt\n|faint|p1a: Toxapex\n|\n|-weather|Snow|[upkeep]\n|-damage|p2a: Meta Knight|62\/100 psn|[from] psn\n|upkeep\n|\n|t:|1699836897\n|switch|p1a: Sneasler|Sneasler, M|100\/100\n|turn|16\n|\n|t:|1699836899\n|move|p2a: Meta Knight|Expanding Force|p1a: Sneasler\n|-supereffective|p1a: Sneasler\n|-damage|p1a: Sneasler|0 fnt\n|faint|p1a: Sneasler\n|\n|-weather|Snow|[upkeep]\n|-damage|p2a: Meta Knight|50\/100 psn|[from] psn\n|upkeep\n|\n|t:|1699836902\n|switch|p1a: Amoonguss|Amoonguss, M|100\/100\n|turn|17\n|c|\u2606SundayCandie|Just wanna let you know poison\n|c|\u2606SundayCandie|Type Pokemon are serperior than you are\n|c|\u2606SundayCandie|And you can only wish to be me\n|inactive|SundayCandie has 120 seconds left.\n|c|\u2606SundayCandie|Enjoy being a bitcj\n|c|\u2606SundayCandie|Bye\n|c|\u2606brevie nicks|Doesn't seem to show here, but...\n|-message|SundayCandie forfeited.\n|\n|win|brevie nicks\n|raw|SundayCandie's rating: 1094 &rarr; <strong>1066<\/strong><br \/>(-28 for losing)\n|raw|brevie nicks's rating: 1035 &rarr; <strong>1076<\/strong><br \/>(+41 for winning)\n|l|\u2606SundayCandie\n|c|\u2606brevie nicks|LOLLLLL\n","uploadtime":1699836948,"views":7,"p1id":"sundaycandie","p2id":"brevienicks","formatid":"gen9nationaldex","rating":1066,"private":0,"password":""}