{"id":"gen9nationaldex-1998401505","p1":"Iooyan","p2":"NDSNEZyedropwhen","format":"[Gen 9] National Dex","log":"|html|<div class=\"broadcast-blue\"><strong>[Gen 9] National Dex is currently suspecting Sneasler! For information on how to participate check out the <a href=\"https:\/\/www.smogon.com\/forums\/threads\/sv-national-dex-suspect-8-just-dance.3731534\/\">suspect thread<\/a>.<\/strong><\/div>\n|j|\u2606Iooyan\n|j|\u2606NDSNEZyedropwhen\n|t:|1700938228\n|gametype|singles\n|player|p1|Iooyan|cynthia|1319\n|player|p2|NDSNEZyedropwhen|adaman|1405\n|teamsize|p1|6\n|teamsize|p2|6\n|gen|9\n|tier|[Gen 9] National Dex\n|rated|\n|rule|HP Percentage Mod: HP is shown in percentages\n|rule|Endless Battle Clause: Forcing endless battles is banned\n|rule|OHKO Clause: OHKO moves are banned\n|rule|Evasion Clause: Evasion abilities, items, and moves are banned\n|rule|Evasion Abilities Clause: Evasion abilities are banned\n|rule|Evasion Items Clause: Evasion items are banned\n|rule|Evasion Moves Clause: Evasion moves are banned\n|rule|Species Clause: Limit one of each Pok\u00e9mon\n|rule|Sleep Clause Mod: Limit one foe put to sleep\n|clearpoke\n|poke|p1|Ceruledge, M|\n|poke|p1|Iron Valiant|\n|poke|p1|Gliscor, F|\n|poke|p1|Hatterene, F|\n|poke|p1|Urshifu-*, F|\n|poke|p1|Charizard, F|\n|poke|p2|Toxapex, F|\n|poke|p2|Dondozo, F|\n|poke|p2|Gliscor, F|\n|poke|p2|Blissey, F|\n|poke|p2|Corviknight, M|\n|poke|p2|Tyranitar, M|\n|teampreview\n|inactive|Battle timer is ON: inactive players will automatically lose when time's up. (requested by Iooyan)\n|\n|t:|1700938252\n|start\n|switch|p1a: Urshifu|Urshifu-Rapid-Strike, F|100\/100\n|switch|p2a: Gliscor|Gliscor, F|100\/100\n|turn|1\n|\n|t:|1700938255\n|switch|p2a: Toxapex|Toxapex, F|100\/100\n|move|p1a: Urshifu|Surging Strikes|p2a: Toxapex\n|-resisted|p2a: Toxapex\n|-crit|p2a: Toxapex\n|-damage|p2a: Toxapex|91\/100\n|-resisted|p2a: Toxapex\n|-crit|p2a: Toxapex\n|-damage|p2a: Toxapex|81\/100\n|-resisted|p2a: Toxapex\n|-crit|p2a: Toxapex\n|-damage|p2a: Toxapex|71\/100\n|-hitcount|p2a: Toxapex|3\n|\n|upkeep\n|turn|2\n|\n|t:|1700938263\n|switch|p1a: Gliscor|Gliscor, F|100\/100\n|move|p2a: Toxapex|Knock Off|p1a: Gliscor\n|-damage|p1a: Gliscor|87\/100\n|-enditem|p1a: Gliscor|Toxic Orb|[from] move: Knock Off|[of] p2a: Toxapex\n|\n|upkeep\n|turn|3\n|\n|t:|1700938271\n|switch|p1a: Hatterene|Hatterene, F|100\/100\n|switch|p2a: Corviknight|Corviknight, M|100\/100\n|-ability|p2a: Corviknight|Pressure\n|\n|upkeep\n|turn|4\n|\n|t:|1700938279\n|move|p2a: Corviknight|Iron Head|p1a: Hatterene\n|-supereffective|p1a: Hatterene\n|-crit|p1a: Hatterene\n|-damage|p1a: Hatterene|43\/100\n|-enditem|p1a: Hatterene|Eject Button\n|\n|t:|1700938279\n|switch|p1a: Iron Valiant|Iron Valiant|100\/100\n|-enditem|p1a: Iron Valiant|Booster Energy\n|-activate|p1a: Iron Valiant|ability: Quark Drive|[fromitem]\n|-start|p1a: Iron Valiant|quarkdrivespe\n|\n|upkeep\n|turn|5\n|\n|t:|1700938288\n|-end|p1a: Iron Valiant|Quark Drive|[silent]\n|switch|p1a: Gliscor|Gliscor, F|87\/100\n|switch|p2a: Toxapex|Toxapex, F|100\/100\n|\n|upkeep\n|turn|6\n|\n|t:|1700938294\n|switch|p2a: Corviknight|Corviknight, M|100\/100\n|-ability|p2a: Corviknight|Pressure\n|move|p1a: Gliscor|Spikes|p2a: Corviknight\n|-sidestart|p2: NDSNEZyedropwhen|Spikes\n|\n|upkeep\n|turn|7\n|inactive|Iooyan has 120 seconds left.\n|\n|t:|1700938332\n|switch|p1a: Urshifu|Urshifu-Rapid-Strike, F|100\/100\n|move|p2a: Corviknight|Iron Head|p1a: Urshifu\n|-resisted|p1a: Urshifu\n|-damage|p1a: Urshifu|88\/100\n|\n|upkeep\n|turn|8\n|inactive|Iooyan has 120 seconds left.\n|\n|t:|1700938340\n|switch|p2a: Toxapex|Toxapex, F|100\/100\n|move|p1a: Urshifu|Thunder Punch|p2a: Toxapex\n|-supereffective|p2a: Toxapex\n|-damage|p2a: Toxapex|56\/100\n|\n|upkeep\n|turn|9\n|inactive|Iooyan has 120 seconds left.\n|l|\u2606Iooyan\n|inactive|Iooyan disconnected and has a minute to reconnect!\n|player|p1|\n|j|\u2606Iooyan\n|inactive|Iooyan reconnected and has 95 seconds left.\n|player|p1|Iooyan|cynthia\n|inactive|Iooyan has 90 seconds left.\n|\n|t:|1700938383\n|switch|p1a: Gliscor|Gliscor, F|87\/100\n|switch|p2a: Gliscor|Gliscor, F|100\/100\n|\n|-status|p2a: Gliscor|tox|[from] item: Toxic Orb\n|upkeep\n|turn|10\n|\n|t:|1700938394\n|switch|p1a: Hatterene|Hatterene, F|43\/100\n|switch|p2a: Corviknight|Corviknight, M|100\/100\n|-ability|p2a: Corviknight|Pressure\n|\n|upkeep\n|turn|11\n|\n|t:|1700938405\n|switch|p1a: Urshifu|Urshifu-Rapid-Strike, F|88\/100\n|move|p2a: Corviknight|Iron Head|p1a: Urshifu\n|-resisted|p1a: Urshifu\n|-damage|p1a: Urshifu|75\/100\n|\n|upkeep\n|turn|12\n|\n|t:|1700938412\n|switch|p2a: Toxapex|Toxapex, F|89\/100\n|move|p1a: Urshifu|Thunder Punch|p2a: Toxapex\n|-supereffective|p2a: Toxapex\n|-damage|p2a: Toxapex|41\/100\n|\n|upkeep\n|turn|13\n|l|\u2606Iooyan\n|inactive|Iooyan disconnected and has a minute to reconnect!\n|player|p1|\n|j|\u2606Iooyan\n|inactive|Iooyan reconnected and has 85 seconds left.\n|player|p1|Iooyan|cynthia\n|\n|t:|1700938456\n|switch|p1a: Charizard|Charizard, F|100\/100\n|switch|p2a: Gliscor|Gliscor, F|100\/100 tox\n|\n|upkeep\n|turn|14\n|inactive|Iooyan has 60 seconds left.\n|\n|t:|1700938482\n|move|p2a: Gliscor|Protect|p2a: Gliscor\n|-singleturn|p2a: Gliscor|Protect\n|move|p1a: Charizard|Flare Blitz|p2a: Gliscor\n|-activate|p2a: Gliscor|move: Protect\n|\n|upkeep\n|turn|15\n|\n|t:|1700938490\n|switch|p1a: Hatterene|Hatterene, F|43\/100\n|move|p2a: Gliscor|Toxic|p1a: Hatterene\n|move|p1a: Hatterene|Toxic|p2a: Gliscor|[from]ability: Magic Bounce\n|-fail|p2a: Gliscor|tox\n|\n|upkeep\n|turn|16\n|\n|t:|1700938501\n|switch|p2a: Corviknight|Corviknight, M|100\/100\n|-ability|p2a: Corviknight|Pressure\n|switch|p1a: Gliscor|Gliscor, F|87\/100\n|\n|upkeep\n|turn|17\n|\n|t:|1700938518\n|switch|p1a: Urshifu|Urshifu-Rapid-Strike, F|75\/100\n|switch|p2a: Toxapex|Toxapex, F|75\/100\n|\n|upkeep\n|turn|18\n|\n|t:|1700938544\n|move|p2a: Toxapex|Baneful Bunker|p2a: Toxapex\n|-singleturn|p2a: Toxapex|move: Protect\n|move|p1a: Urshifu|Surging Strikes|p2a: Toxapex\n|-resisted|p2a: Toxapex\n|-crit|p2a: Toxapex\n|-damage|p2a: Toxapex|66\/100\n|-resisted|p2a: Toxapex\n|-crit|p2a: Toxapex\n|-damage|p2a: Toxapex|57\/100\n|-resisted|p2a: Toxapex\n|-crit|p2a: Toxapex\n|-damage|p2a: Toxapex|48\/100\n|-hitcount|p2a: Toxapex|3\n|\n|upkeep\n|turn|19\n|\n|t:|1700938564\n|switch|p1a: Gliscor|Gliscor, F|87\/100\n|move|p2a: Toxapex|Recover|p2a: Toxapex\n|-heal|p2a: Toxapex|99\/100\n|\n|upkeep\n|turn|20\n|\n|t:|1700938582\n|switch|p1a: Charizard|Charizard, F|100\/100\n|switch|p2a: Corviknight|Corviknight, M|100\/100\n|-ability|p2a: Corviknight|Pressure\n|\n|upkeep\n|turn|21\n|\n|t:|1700938589\n|switch|p2a: Toxapex|Toxapex, F|100\/100\n|detailschange|p1a: Charizard|Charizard-Mega-X, F\n|-mega|p1a: Charizard|Charizard|Charizardite X\n|move|p1a: Charizard|Flare Blitz|p2a: Toxapex\n|-resisted|p2a: Toxapex\n|-damage|p2a: Toxapex|75\/100\n|-damage|p1a: Charizard|92\/100|[from] Recoil\n|\n|upkeep\n|turn|22\n|\n|t:|1700938600\n|switch|p1a: Gliscor|Gliscor, F|87\/100\n|move|p2a: Toxapex|Toxic|p1a: Gliscor\n|-status|p1a: Gliscor|tox\n|\n|-heal|p1a: Gliscor|99\/100 tox|[from] ability: Poison Heal\n|upkeep\n|turn|23\n|inactive|Iooyan has 90 seconds left.\n|\n|t:|1700938614\n|switch|p2a: Gliscor|Gliscor, F|100\/100 tox\n|move|p1a: Gliscor|Spikes|p2a: Gliscor\n|-sidestart|p2: NDSNEZyedropwhen|Spikes\n|\n|-heal|p1a: Gliscor|100\/100 tox|[from] ability: Poison Heal\n|upkeep\n|turn|24\n|inactive|Iooyan has 90 seconds left.\n|\n|t:|1700938626\n|switch|p1a: Iron Valiant|Iron Valiant|100\/100\n|move|p2a: Gliscor|Spikes|p1a: Iron Valiant\n|-sidestart|p1: Iooyan|Spikes\n|\n|upkeep\n|turn|25\n|\n|t:|1700938630\n|move|p1a: Iron Valiant|Knock Off|p2a: Gliscor\n|-damage|p2a: Gliscor|78\/100 tox\n|-enditem|p2a: Gliscor|Toxic Orb|[from] move: Knock Off|[of] p1a: Iron Valiant\n|move|p2a: Gliscor|Toxic|p1a: Iron Valiant\n|-status|p1a: Iron Valiant|tox\n|\n|-damage|p1a: Iron Valiant|94\/100 tox|[from] psn\n|-heal|p2a: Gliscor|91\/100 tox|[from] ability: Poison Heal\n|upkeep\n|turn|26\n|\n|t:|1700938635\n|-end|p1a: Iron Valiant|Quark Drive|[silent]\n|switch|p1a: Hatterene|Hatterene, F|43\/100\n|-damage|p1a: Hatterene|31\/100|[from] Spikes\n|move|p2a: Gliscor|Earthquake|p1a: Hatterene\n|-damage|p1a: Hatterene|4\/100\n|\n|-heal|p2a: Gliscor|100\/100 tox|[from] ability: Poison Heal\n|upkeep\n|turn|27\n|\n|t:|1700938643\n|move|p2a: Gliscor|Earthquake|p1a: Hatterene\n|-damage|p1a: Hatterene|0 fnt\n|faint|p1a: Hatterene\n|\n|upkeep\n|\n|t:|1700938649\n|switch|p1a: Urshifu|Urshifu-Rapid-Strike, F|75\/100\n|-damage|p1a: Urshifu|63\/100|[from] Spikes\n|turn|28\n|\n|t:|1700938652\n|switch|p1a: Iron Valiant|Iron Valiant|94\/100 tox\n|-damage|p1a: Iron Valiant|82\/100 tox|[from] Spikes\n|switch|p2a: Toxapex|Toxapex, F|100\/100\n|\n|-damage|p1a: Iron Valiant|76\/100 tox|[from] psn\n|upkeep\n|turn|29\n|\n|t:|1700938655\n|switch|p2a: Gliscor|Gliscor, F|100\/100 tox\n|move|p1a: Iron Valiant|Knock Off|p2a: Gliscor\n|-damage|p2a: Gliscor|86\/100 tox\n|\n|-damage|p1a: Iron Valiant|63\/100 tox|[from] psn\n|-heal|p2a: Gliscor|98\/100 tox|[from] ability: Poison Heal\n|upkeep\n|turn|30\n|\n|t:|1700938675\n|-end|p1a: Iron Valiant|Quark Drive|[silent]\n|switch|p1a: Urshifu|Urshifu-Rapid-Strike, F|63\/100\n|-damage|p1a: Urshifu|50\/100|[from] Spikes\n|move|p2a: Gliscor|Spikes|p1a: Urshifu\n|-sidestart|p1: Iooyan|Spikes\n|\n|-heal|p2a: Gliscor|100\/100 tox|[from] ability: Poison Heal\n|upkeep\n|turn|31\n|\n|t:|1700938681\n|switch|p2a: Toxapex|Toxapex, F|100\/100\n|move|p1a: Urshifu|Surging Strikes|p2a: Toxapex\n|-resisted|p2a: Toxapex\n|-crit|p2a: Toxapex\n|-damage|p2a: Toxapex|91\/100\n|-resisted|p2a: Toxapex\n|-crit|p2a: Toxapex\n|-damage|p2a: Toxapex|81\/100\n|-resisted|p2a: Toxapex\n|-crit|p2a: Toxapex\n|-damage|p2a: Toxapex|71\/100\n|-hitcount|p2a: Toxapex|3\n|\n|upkeep\n|turn|32\n|\n|t:|1700938704\n|move|p1a: Urshifu|Surging Strikes|p2a: Toxapex\n|-resisted|p2a: Toxapex\n|-crit|p2a: Toxapex\n|-damage|p2a: Toxapex|62\/100\n|-resisted|p2a: Toxapex\n|-crit|p2a: Toxapex\n|-damage|p2a: Toxapex|53\/100\n|-resisted|p2a: Toxapex\n|-crit|p2a: Toxapex\n|-damage|p2a: Toxapex|44\/100\n|-hitcount|p2a: Toxapex|3\n|move|p2a: Toxapex|Knock Off|p1a: Urshifu\n|-resisted|p1a: Urshifu\n|-damage|p1a: Urshifu|42\/100\n|-enditem|p1a: Urshifu|Choice Band|[from] move: Knock Off|[of] p2a: Toxapex\n|\n|upkeep\n|turn|33\n|\n|t:|1700938712\n|switch|p1a: Iron Valiant|Iron Valiant|63\/100 tox\n|-damage|p1a: Iron Valiant|47\/100 tox|[from] Spikes\n|switch|p2a: Gliscor|Gliscor, F|100\/100 tox\n|\n|-damage|p1a: Iron Valiant|40\/100 tox|[from] psn\n|upkeep\n|turn|34\n|\n|t:|1700938718\n|move|p1a: Iron Valiant|Moonblast|p2a: Gliscor\n|-damage|p2a: Gliscor|60\/100 tox\n|-unboost|p2a: Gliscor|spa|1\n|move|p2a: Gliscor|Spikes|p1a: Iron Valiant\n|-sidestart|p1: Iooyan|Spikes\n|\n|-damage|p1a: Iron Valiant|28\/100 tox|[from] psn\n|-heal|p2a: Gliscor|72\/100 tox|[from] ability: Poison Heal\n|upkeep\n|turn|35\n|\n|t:|1700938725\n|-end|p1a: Iron Valiant|Quark Drive|[silent]\n|switch|p1a: Urshifu|Urshifu-Rapid-Strike, F|42\/100\n|-damage|p1a: Urshifu|18\/100|[from] Spikes\n|move|p2a: Gliscor|Protect||[still]\n|-fail|p2a: Gliscor\n|\n|-heal|p2a: Gliscor|85\/100 tox|[from] ability: Poison Heal\n|upkeep\n|turn|36\n|\n|t:|1700938730\n|switch|p2a: Toxapex|Toxapex, F|78\/100\n|move|p1a: Urshifu|U-turn|p2a: Toxapex\n|-resisted|p2a: Toxapex\n|-damage|p2a: Toxapex|70\/100\n|\n|t:|1700938739\n|switch|p1a: Charizard|Charizard-Mega-X, F|92\/100|[from] U-turn\n|-damage|p1a: Charizard|67\/100|[from] Spikes\n|\n|upkeep\n|turn|37\n|\n|t:|1700938746\n|move|p1a: Charizard|Earthquake|p2a: Toxapex\n|-supereffective|p2a: Toxapex\n|-damage|p2a: Toxapex|23\/100\n|move|p2a: Toxapex|Toxic|p1a: Charizard\n|-status|p1a: Charizard|tox\n|\n|-damage|p1a: Charizard|61\/100 tox|[from] psn\n|upkeep\n|turn|38\n|\n|t:|1700938752\n|switch|p1a: Urshifu|Urshifu-Rapid-Strike, F|18\/100\n|-damage|p1a: Urshifu|0 fnt|[from] Spikes\n|faint|p1a: Urshifu\n|switch|p2a: Gliscor|Gliscor, F|85\/100 tox\n|\n|-heal|p2a: Gliscor|97\/100 tox|[from] ability: Poison Heal\n|upkeep\n|-message|Iooyan forfeited.\n|\n|win|NDSNEZyedropwhen\n|raw|Iooyan's rating: 1319 &rarr; <strong>1305<\/strong><br \/>(-14 for losing)\n|raw|NDSNEZyedropwhen's rating: 1432 &rarr; <strong>1446<\/strong><br \/>(+14 for winning)\n|l|\u2606Iooyan\n","uploadtime":1700938759,"views":1,"p1id":"iooyan","p2id":"ndsnezyedropwhen","formatid":"gen9nationaldex","rating":1305,"private":0,"password":""}