{"id":"gen9nationaldex-1997906133","p1":"testin5ever","p2":"Andreahell","format":"[Gen 9] National Dex","log":"|html|<div class=\"broadcast-blue\"><strong>[Gen 9] National Dex is currently suspecting Sneasler! For information on how to participate check out the <a href=\"https:\/\/www.smogon.com\/forums\/threads\/sv-national-dex-suspect-8-just-dance.3731534\/\">suspect thread<\/a>.<\/strong><\/div>\n|j|\u2606testin5ever\n|j|\u2606Andreahell\n|t:|1700865945\n|gametype|singles\n|player|p1|testin5ever|170|1250\n|player|p2|Andreahell|265|1129\n|teamsize|p1|6\n|teamsize|p2|6\n|gen|9\n|tier|[Gen 9] National Dex\n|rated|\n|rule|HP Percentage Mod: HP is shown in percentages\n|rule|Endless Battle Clause: Forcing endless battles is banned\n|rule|OHKO Clause: OHKO moves are banned\n|rule|Evasion Clause: Evasion abilities, items, and moves are banned\n|rule|Evasion Abilities Clause: Evasion abilities are banned\n|rule|Evasion Items Clause: Evasion items are banned\n|rule|Evasion Moves Clause: Evasion moves are banned\n|rule|Species Clause: Limit one of each Pok\u00e9mon\n|rule|Sleep Clause Mod: Limit one foe put to sleep\n|clearpoke\n|poke|p1|Lopunny, M|\n|poke|p1|Clefable, F|\n|poke|p1|Ninetales-Alola, M|\n|poke|p1|Arctozolt|\n|poke|p1|Slowking-Galar, M|\n|poke|p1|Tornadus-Therian, M|\n|poke|p2|Skeledirge, M|\n|poke|p2|Gliscor, M|\n|poke|p2|Glimmora, F|\n|poke|p2|Dondozo, F|\n|poke|p2|Dragonite, F|\n|poke|p2|Gardevoir, F|\n|teampreview\n|j| Wonderfire-X\n|l| Wonderfire-X\n|\n|t:|1700865967\n|start\n|switch|p1a: Lopunny|Lopunny, M|100\/100\n|switch|p2a: Cristalflor|Glimmora, F|100\/100\n|-item|p2a: Cristalflor|Air Balloon\n|turn|1\n|\n|t:|1700865972\n|detailschange|p1a: Lopunny|Lopunny-Mega, M\n|-mega|p1a: Lopunny|Lopunny|Lopunnite\n|move|p1a: Lopunny|Fake Out|p2a: Cristalflor\n|-resisted|p2a: Cristalflor\n|-damage|p2a: Cristalflor|90\/100\n|-activate|p2a: Cristalflor|ability: Toxic Debris\n|-sidestart|p1: testin5ever|move: Toxic Spikes\n|-enditem|p2a: Cristalflor|Air Balloon\n|cant|p2a: Cristalflor|flinch\n|\n|upkeep\n|turn|2\n|\n|t:|1700865976\n|move|p1a: Lopunny|U-turn|p2a: Cristalflor\n|-resisted|p2a: Cristalflor\n|-damage|p2a: Cristalflor|77\/100\n|-activate|p2a: Cristalflor|ability: Toxic Debris\n|-sidestart|p1: testin5ever|move: Toxic Spikes\n|\n|t:|1700865979\n|switch|p1a: Slowking|Slowking-Galar, M|100\/100|[from] U-turn\n|-sideend|p1: testin5ever|move: Toxic Spikes|[of] p1a: Slowking\n|move|p2a: Cristalflor|Stealth Rock|p1a: Slowking\n|-sidestart|p1: testin5ever|move: Stealth Rock\n|\n|upkeep\n|turn|3\n|\n|t:|1700865986\n|switch|p2a: Batman Who Toxics|Gliscor, M|100\/100\n|move|p1a: Slowking|Future Sight|p2a: Batman Who Toxics\n|-start|p1a: Slowking|move: Future Sight\n|\n|-status|p2a: Batman Who Toxics|tox|[from] item: Toxic Orb\n|upkeep\n|turn|4\n|inactive|Battle timer is ON: inactive players will automatically lose when time's up. (requested by Andreahell)\n|\n|t:|1700865996\n|switch|p1a: Clefable|Clefable, F|100\/100\n|move|p2a: Batman Who Toxics|Facade|p1a: Clefable\n|-damage|p1a: Clefable|68\/100\n|\n|-heal|p1a: Clefable|74\/100|[from] item: Leftovers\n|upkeep\n|turn|5\n|\n|t:|1700866010\n|move|p2a: Batman Who Toxics|Facade|p1a: Clefable\n|-damage|p1a: Clefable|40\/100\n|move|p1a: Clefable|Moonblast|p2a: Batman Who Toxics\n|-damage|p2a: Batman Who Toxics|59\/100 tox\n|-unboost|p2a: Batman Who Toxics|spa|1\n|\n|-end|p2a: Batman Who Toxics|move: Future Sight\n|-damage|p2a: Batman Who Toxics|0 fnt\n|faint|p2a: Batman Who Toxics\n|-heal|p1a: Clefable|46\/100|[from] item: Leftovers\n|upkeep\n|\n|t:|1700866027\n|switch|p2a: Cristalflor|Glimmora, F|77\/100\n|turn|6\n|\n|t:|1700866030\n|switch|p1a: Slowking|Slowking-Galar, M|100\/100\n|move|p2a: Cristalflor|Sludge Wave|p1a: Slowking\n|-resisted|p1a: Slowking\n|-damage|p1a: Slowking|88\/100\n|\n|upkeep\n|turn|7\n|\n|t:|1700866037\n|move|p2a: Cristalflor|Power Gem|p1a: Slowking\n|-damage|p1a: Slowking|64\/100\n|move|p1a: Slowking|Future Sight|p2a: Cristalflor\n|-start|p1a: Slowking|move: Future Sight\n|\n|upkeep\n|turn|8\n|\n|t:|1700866045\n|switch|p2a: Ruler|Gardevoir, F|100\/100\n|move|p1a: Slowking|Chilly Reception|p1a: Slowking\n|-weather|Snow\n|\n|t:|1700866050\n|switch|p1a: Arctozolt|Arctozolt|100\/100|[from] Chilly Reception\n|\n|-weather|Snow|[upkeep]\n|upkeep\n|turn|9\n|\n|t:|1700866057\n|switch|p2a: Coco|Skeledirge, M|100\/100\n|move|p1a: Arctozolt|Bolt Beak|p2a: Coco\n|-damage|p2a: Coco|42\/100\n|\n|-weather|Snow|[upkeep]\n|-end|p2a: Coco|move: Future Sight\n|-damage|p2a: Coco|0 fnt\n|faint|p2a: Coco\n|upkeep\n|\n|t:|1700866066\n|switch|p2a: Ruler|Gardevoir, F|100\/100\n|turn|10\n|\n|t:|1700866072\n|detailschange|p2a: Ruler|Gardevoir-Mega, F\n|-mega|p2a: Ruler|Gardevoir|Gardevoirite\n|-terastallize|p1a: Arctozolt|Electric\n|move|p1a: Arctozolt|Bolt Beak|p2a: Ruler\n|-damage|p2a: Ruler|0 fnt\n|faint|p2a: Ruler\n|\n|-weather|Snow|[upkeep]\n|upkeep\n|inactive|Andreahell has 120 seconds left.\n|-message|Andreahell forfeited.\n|\n|win|testin5ever\n|raw|testin5ever's rating: 1250 &rarr; <strong>1267<\/strong><br \/>(+17 for winning)\n|raw|Andreahell's rating: 1129 &rarr; <strong>1112<\/strong><br \/>(-17 for losing)\n|l|\u2606Andreahell\n","uploadtime":1700866199,"views":15,"p1id":"testin5ever","p2id":"andreahell","formatid":"gen9nationaldex","rating":1112,"private":0,"password":""}