{"id":"gen9nationaldex-2000421502","p1":"SqueezieChien","p2":"Halil66","format":"[Gen 9] National Dex","log":"|html|<div class=\"broadcast-blue\"><strong>[Gen 9] National Dex is currently suspecting Sneasler! For information on how to participate check out the <a href=\"https:\/\/www.smogon.com\/forums\/threads\/sv-national-dex-suspect-8-just-dance.3731534\/\">suspect thread<\/a>.<\/strong><\/div>\n|j|\u2606SqueezieChien\n|j|\u2606Halil66\n|t:|1701193414\n|gametype|singles\n|player|p1|SqueezieChien|giovanni|1000\n|player|p2|Halil66|brock|1082\n|teamsize|p1|6\n|teamsize|p2|6\n|gen|9\n|tier|[Gen 9] National Dex\n|rated|\n|rule|HP Percentage Mod: HP is shown in percentages\n|rule|Endless Battle Clause: Forcing endless battles is banned\n|rule|OHKO Clause: OHKO moves are banned\n|rule|Evasion Clause: Evasion abilities, items, and moves are banned\n|rule|Evasion Abilities Clause: Evasion abilities are banned\n|rule|Evasion Items Clause: Evasion items are banned\n|rule|Evasion Moves Clause: Evasion moves are banned\n|rule|Species Clause: Limit one of each Pok\u00e9mon\n|rule|Sleep Clause Mod: Limit one foe put to sleep\n|clearpoke\n|poke|p1|Glalie, M|\n|poke|p1|Krookodile, M|\n|poke|p1|Houndstone, M|\n|poke|p1|Avalugg, F|\n|poke|p1|Mew|\n|poke|p1|Urshifu-*, F|\n|poke|p2|Charizard, F|\n|poke|p2|Feraligatr, F|\n|poke|p2|Gengar, M|\n|poke|p2|Deoxys-Defense|\n|poke|p2|Dragonite, M|\n|poke|p2|Latios, M|\n|teampreview\n|\n|t:|1701193436\n|start\n|switch|p1a: abel31|Houndstone, M|100\/100\n|switch|p2a: Feraligatr|Feraligatr, F|100\/100\n|turn|1\n|\n|t:|1701193458\n|move|p1a: abel31|Trick|p2a: Feraligatr\n|-activate|p1a: abel31|move: Trick|[of] p2a: Feraligatr\n|-item|p2a: Feraligatr|Choice Scarf|[from] move: Trick\n|-item|p1a: abel31|Life Orb|[from] move: Trick\n|move|p2a: Feraligatr|Crunch|p1a: abel31\n|-supereffective|p1a: abel31\n|-damage|p1a: abel31|62\/100\n|\n|upkeep\n|turn|2\n|\n|t:|1701193469\n|switch|p1a: Wasting Shit|Urshifu-Rapid-Strike, F|100\/100\n|move|p2a: Feraligatr|Crunch|p1a: Wasting Shit\n|-resisted|p1a: Wasting Shit\n|-damage|p1a: Wasting Shit|83\/100\n|\n|upkeep\n|turn|3\n|\n|t:|1701193484\n|switch|p2a: Gengar|Gengar, M, shiny|100\/100\n|move|p1a: Wasting Shit|Poison Jab|p2a: Gengar\n|-resisted|p2a: Gengar\n|-damage|p2a: Gengar|76\/100\n|\n|upkeep\n|turn|4\n|\n|t:|1701193499\n|switch|p1a: abel31|Houndstone, M|62\/100\n|move|p2a: Gengar|Hypnosis|p1a: abel31\n|-status|p1a: abel31|slp|[from] move: Hypnosis\n|\n|upkeep\n|turn|5\n|\n|t:|1701193507\n|move|p2a: Gengar|Shadow Ball|p1a: abel31\n|-supereffective|p1a: abel31\n|-crit|p1a: abel31\n|-damage|p1a: abel31|0 fnt\n|faint|p1a: abel31\n|\n|upkeep\n|\n|t:|1701193525\n|switch|p1a: Selug|Krookodile, M|100\/100\n|turn|6\n|\n|t:|1701193535\n|move|p1a: Selug|Pursuit|p2a: Gengar\n|-supereffective|p2a: Gengar\n|-damage|p2a: Gengar|3\/100\n|-start|p1a: Selug|Disable|Pursuit|[from] ability: Cursed Body|[of] p2a: Gengar\n|move|p2a: Gengar|Hypnosis|p1a: Selug\n|-status|p1a: Selug|slp|[from] move: Hypnosis\n|\n|upkeep\n|turn|7\n|\n|t:|1701193551\n|switch|p1a: Ptite Soeur|Avalugg, F|100\/100\n|move|p2a: Gengar|Sludge Wave|p1a: Ptite Soeur\n|-damage|p1a: Ptite Soeur|20\/100\n|-status|p1a: Ptite Soeur|psn\n|\n|-damage|p1a: Ptite Soeur|8\/100 psn|[from] psn\n|upkeep\n|turn|8\n|\n|t:|1701193563\n|move|p2a: Gengar|Sludge Wave|p1a: Ptite Soeur\n|-damage|p1a: Ptite Soeur|0 fnt\n|faint|p1a: Ptite Soeur\n|\n|upkeep\n|\n|t:|1701193573\n|switch|p1a: SIM01|Mew|100\/100\n|turn|9\n|\n|t:|1701193587\n|move|p2a: Gengar|Shadow Ball|p1a: SIM01\n|-supereffective|p1a: SIM01\n|-damage|p1a: SIM01|32\/100\n|move|p1a: SIM01|Draining Kiss|p2a: Gengar\n|-resisted|p2a: Gengar\n|-damage|p2a: Gengar|0 fnt\n|-heal|p1a: SIM01|33\/100|[from] drain|[of] p2a: Gengar\n|faint|p2a: Gengar\n|\n|-heal|p1a: SIM01|40\/100|[from] item: Leftovers\n|upkeep\n|\n|t:|1701193604\n|switch|p2a: Deoxys|Deoxys-Defense|100\/100\n|-ability|p2a: Deoxys|Pressure\n|turn|10\n|inactive|Battle timer is ON: inactive players will automatically lose when time's up. (requested by SqueezieChien)\n|\n|t:|1701193617\n|-terastallize|p1a: SIM01|Fairy\n|move|p1a: SIM01|Calm Mind|p1a: SIM01\n|-boost|p1a: SIM01|spa|1\n|-boost|p1a: SIM01|spd|1\n|move|p2a: Deoxys|Meteor Mash|p1a: SIM01|[miss]\n|-miss|p2a: Deoxys|p1a: SIM01\n|-enditem|p2a: Deoxys|Blunder Policy\n|-boost|p2a: Deoxys|spe|2\n|\n|-heal|p1a: SIM01|46\/100|[from] item: Leftovers\n|upkeep\n|turn|11\n|\n|t:|1701193629\n|move|p2a: Deoxys|Meteor Mash|p1a: SIM01\n|-supereffective|p1a: SIM01\n|-damage|p1a: SIM01|8\/100\n|move|p1a: SIM01|Draining Kiss|p2a: Deoxys\n|-damage|p2a: Deoxys|76\/100\n|-heal|p1a: SIM01|22\/100|[from] drain|[of] p2a: Deoxys\n|\n|-heal|p1a: SIM01|28\/100|[from] item: Leftovers\n|upkeep\n|turn|12\n|\n|t:|1701193649\n|move|p2a: Deoxys|Meteor Mash|p1a: SIM01\n|-supereffective|p1a: SIM01\n|-damage|p1a: SIM01|0 fnt\n|faint|p1a: SIM01\n|\n|upkeep\n|\n|t:|1701193658\n|switch|p1a: Selug|Krookodile, M|100\/100 slp\n|turn|13\n|\n|t:|1701193666\n|cant|p1a: Selug|slp\n|move|p2a: Deoxys|Drain Punch|p1a: Selug\n|-supereffective|p1a: Selug\n|-damage|p1a: Selug|53\/100 slp\n|-heal|p2a: Deoxys|100\/100|[from] drain|[of] p1a: Selug\n|\n|upkeep\n|turn|14\n|\n|t:|1701193675\n|cant|p1a: Selug|slp\n|move|p2a: Deoxys|Drain Punch|p1a: Selug\n|-supereffective|p1a: Selug\n|-damage|p1a: Selug|9\/100 slp\n|\n|upkeep\n|turn|15\n|\n|t:|1701193688\n|-curestatus|p1a: Selug|slp|[msg]\n|move|p1a: Selug|Knock Off|p2a: Deoxys\n|-supereffective|p2a: Deoxys\n|-damage|p2a: Deoxys|56\/100\n|move|p2a: Deoxys|Drain Punch|p1a: Selug\n|-supereffective|p1a: Selug\n|-damage|p1a: Selug|0 fnt\n|-heal|p2a: Deoxys|61\/100|[from] drain|[of] p1a: Selug\n|faint|p1a: Selug\n|\n|upkeep\n|\n|t:|1701193693\n|switch|p1a: Wasting Shit|Urshifu-Rapid-Strike, F|83\/100\n|turn|16\n|\n|t:|1701193705\n|move|p2a: Deoxys|Zen Headbutt|p1a: Wasting Shit\n|-supereffective|p1a: Wasting Shit\n|-damage|p1a: Wasting Shit|26\/100\n|move|p1a: Wasting Shit|Surging Strikes|p2a: Deoxys\n|-crit|p2a: Deoxys\n|-damage|p2a: Deoxys|35\/100\n|-crit|p2a: Deoxys\n|-damage|p2a: Deoxys|11\/100\n|-crit|p2a: Deoxys\n|-damage|p2a: Deoxys|0 fnt\n|faint|p2a: Deoxys\n|-hitcount|p2: Deoxys|3\n|\n|upkeep\n|\n|t:|1701193723\n|switch|p2a: Latios|Latios, M|100\/100\n|turn|17\n|\n|t:|1701193735\n|-terastallize|p2a: Latios|Grass\n|move|p2a: Latios|Energy Ball|p1a: Wasting Shit\n|-supereffective|p1a: Wasting Shit\n|-damage|p1a: Wasting Shit|0 fnt\n|faint|p1a: Wasting Shit\n|\n|upkeep\n|\n|t:|1701193739\n|switch|p1a: DJ33Needler|Glalie, M|100\/100\n|turn|18\n|\n|t:|1701193746\n|detailschange|p1a: DJ33Needler|Glalie-Mega, M\n|-mega|p1a: DJ33Needler|Glalie|Glalitite\n|move|p2a: Latios|Mystical Fire|p1a: DJ33Needler\n|-supereffective|p1a: DJ33Needler\n|-damage|p1a: DJ33Needler|31\/100\n|-unboost|p1a: DJ33Needler|spa|1\n|move|p1a: DJ33Needler|Double-Edge|p2a: Latios\n|-supereffective|p2a: Latios\n|-damage|p2a: Latios|0 fnt\n|faint|p2a: Latios\n|-damage|p1a: DJ33Needler|0 fnt|[from] Recoil\n|faint|p1a: DJ33Needler\n|\n|win|Halil66\n|raw|SqueezieChien's rating: 1000 &rarr; <strong>1000<\/strong><br \/>(+0 for losing)\n|raw|Halil66's rating: 1082 &rarr; <strong>1103<\/strong><br \/>(+21 for winning)\n|l|\u2606SqueezieChien\n","uploadtime":1701193761,"views":2,"p1id":"squeeziechien","p2id":"halil66","formatid":"gen9nationaldex","rating":1000,"private":0,"password":""}