{"id":"gen9nationaldex-1987760061","p1":"HolyChomper","p2":"Chompmyface","format":"[Gen 9] National Dex","log":"|j|\u2606HolyChomper\n|j|\u2606Chompmyface\n|t:|1699634405\n|gametype|singles\n|player|p1|HolyChomper|byron|1049\n|player|p2|Chompmyface|ghetsis|1141\n|teamsize|p1|6\n|teamsize|p2|6\n|gen|9\n|tier|[Gen 9] National Dex\n|rated|\n|rule|HP Percentage Mod: HP is shown in percentages\n|rule|Endless Battle Clause: Forcing endless battles is banned\n|rule|OHKO Clause: OHKO moves are banned\n|rule|Evasion Clause: Evasion abilities, items, and moves are banned\n|rule|Evasion Abilities Clause: Evasion abilities are banned\n|rule|Evasion Items Clause: Evasion items are banned\n|rule|Evasion Moves Clause: Evasion moves are banned\n|rule|Species Clause: Limit one of each Pok\u00e9mon\n|rule|Sleep Clause Mod: Limit one foe put to sleep\n|clearpoke\n|poke|p1|Pelipper, M|\n|poke|p1|Swampert, M|\n|poke|p1|Barraskewda, F|\n|poke|p1|Overqwil, F|\n|poke|p1|Scizor, M|\n|poke|p1|Kilowattrel, F|\n|poke|p2|Tapu Koko|\n|poke|p2|Greninja-*, M|\n|poke|p2|Rotom-Wash|\n|poke|p2|Garchomp, M|\n|poke|p2|Charizard, F|\n|poke|p2|Jirachi|\n|teampreview\n|c|\u2606HolyChomper|Glhf\n|inactive|Battle timer is ON: inactive players will automatically lose when time's up. (requested by Chompmyface)\n|\n|t:|1699634428\n|start\n|switch|p1a: Scizor|Scizor, M|100\/100\n|switch|p2a: Garchomp|Garchomp, M|100\/100\n|turn|1\n|\n|t:|1699634439\n|move|p2a: Garchomp|Stealth Rock|p1a: Scizor\n|-sidestart|p1: HolyChomper|move: Stealth Rock\n|move|p1a: Scizor|Swords Dance|p1a: Scizor\n|-boost|p1a: Scizor|atk|2\n|\n|upkeep\n|turn|2\n|\n|t:|1699634452\n|move|p2a: Garchomp|Earthquake|p1a: Scizor\n|-damage|p1a: Scizor|49\/100\n|move|p1a: Scizor|Swords Dance|p1a: Scizor\n|-boost|p1a: Scizor|atk|2\n|\n|-heal|p1a: Scizor|55\/100|[from] item: Leftovers\n|upkeep\n|turn|3\n|\n|t:|1699634462\n|move|p1a: Scizor|Bullet Punch|p2a: Garchomp\n|-damage|p2a: Garchomp|0 fnt\n|-damage|p1a: Scizor|42\/100|[from] ability: Rough Skin|[of] p2a: Garchomp\n|faint|p2a: Garchomp\n|\n|-heal|p1a: Scizor|48\/100|[from] item: Leftovers\n|upkeep\n|\n|t:|1699634477\n|switch|p2a: Tapu Koko|Tapu Koko|100\/100\n|-fieldstart|move: Electric Terrain|[from] ability: Electric Surge|[of] p2a: Tapu Koko\n|turn|4\n|\n|t:|1699634494\n|-terastallize|p1a: Scizor|Steel\n|move|p1a: Scizor|Bullet Punch|p2a: Tapu Koko\n|-damage|p2a: Tapu Koko|0 fnt\n|faint|p2a: Tapu Koko\n|\n|-heal|p1a: Scizor|55\/100|[from] item: Leftovers\n|upkeep\n|\n|t:|1699634503\n|switch|p2a: Charizard|Charizard, F|100\/100\n|turn|5\n|\n|t:|1699634508\n|detailschange|p2a: Charizard|Charizard-Mega-X, F\n|-mega|p2a: Charizard|Charizard|Charizardite X\n|move|p1a: Scizor|Bullet Punch|p2a: Charizard\n|-resisted|p2a: Charizard\n|-damage|p2a: Charizard|26\/100\n|move|p2a: Charizard|Flare Blitz|p1a: Scizor\n|-supereffective|p1a: Scizor\n|-damage|p1a: Scizor|0 fnt\n|faint|p1a: Scizor\n|-damage|p2a: Charizard|6\/100|[from] Recoil\n|\n|upkeep\n|\n|t:|1699634525\n|switch|p1a: Pelipper|Pelipper, M|100\/100\n|-weather|RainDance|[from] ability: Drizzle|[of] p1a: Pelipper\n|turn|6\n|\n|t:|1699634543\n|switch|p2a: Jirachi|Jirachi|100\/100\n|move|p1a: Pelipper|Defog|p2a: Jirachi\n|-unboost|p2a: Jirachi|evasion|1\n|-sideend|p1: HolyChomper|Stealth Rock|[from] move: Defog|[of] p1a: Pelipper\n|-fieldend|move: Electric Terrain\n|\n|-weather|RainDance|[upkeep]\n|upkeep\n|turn|7\n|\n|t:|1699634561\n|switch|p1a: Swampert|Swampert, M|100\/100\n|move|p2a: Jirachi|U-turn|p1a: Swampert\n|-damage|p1a: Swampert|80\/100\n|c|\u2606HolyChomper|Ahhh wp\n|c|\u2606HolyChomper|Predicted the thunder punch\n|inactive|Chompmyface has 120 seconds left.\n|\n|t:|1699634586\n|switch|p2a: Greninja|Greninja, M|100\/100|[from] U-turn\n|\n|-weather|RainDance|[upkeep]\n|upkeep\n|turn|8\n|inactive|Chompmyface has 120 seconds left.\n|\n|t:|1699634608\n|detailschange|p1a: Swampert|Swampert-Mega, M\n|-mega|p1a: Swampert|Swampert|Swampertite\n|move|p1a: Swampert|Earthquake|p2a: Greninja\n|-damage|p2a: Greninja|0 fnt\n|faint|p2a: Greninja\n|\n|-weather|RainDance|[upkeep]\n|upkeep\n|\n|t:|1699634623\n|switch|p2a: Rotom|Rotom-Wash|100\/100\n|turn|9\n|\n|t:|1699634630\n|move|p1a: Swampert|Flip Turn|p2a: Rotom\n|-resisted|p2a: Rotom\n|-damage|p2a: Rotom|79\/100\n|\n|t:|1699634633\n|switch|p1a: Kilowattrel|Kilowattrel, F|100\/100|[from] Flip Turn\n|move|p2a: Rotom|Will-O-Wisp|p1a: Kilowattrel\n|-status|p1a: Kilowattrel|brn\n|\n|-weather|RainDance|[upkeep]\n|-damage|p1a: Kilowattrel|94\/100 brn|[from] brn\n|upkeep\n|turn|10\n|\n|t:|1699634646\n|move|p1a: Kilowattrel|Thunder|p2a: Rotom\n|-damage|p2a: Rotom|7\/100\n|-damage|p1a: Kilowattrel|84\/100 brn|[from] item: Life Orb\n|move|p2a: Rotom|Volt Switch|p1a: Kilowattrel\n|-heal|p1a: Kilowattrel|100\/100 brn|[from] ability: Volt Absorb|[of] p2a: Rotom\n|\n|-weather|none\n|-damage|p1a: Kilowattrel|94\/100 brn|[from] brn\n|upkeep\n|turn|11\n|\n|t:|1699634661\n|move|p1a: Kilowattrel|Volt Switch|p2a: Rotom\n|-damage|p2a: Rotom|0 fnt\n|faint|p2a: Rotom\n|-damage|p1a: Kilowattrel|84\/100 brn|[from] item: Life Orb\n|\n|t:|1699634667\n|switch|p1a: Pelipper|Pelipper, M|100\/100|[from] Volt Switch\n|-weather|RainDance|[from] ability: Drizzle|[of] p1a: Pelipper\n|\n|-weather|RainDance|[upkeep]\n|upkeep\n|\n|t:|1699634675\n|switch|p2a: Jirachi|Jirachi|100\/100\n|turn|12\n|\n|t:|1699634683\n|move|p2a: Jirachi|Iron Head|p1a: Pelipper\n|-resisted|p1a: Pelipper\n|-damage|p1a: Pelipper|87\/100\n|cant|p1a: Pelipper|flinch\n|\n|-weather|RainDance|[upkeep]\n|upkeep\n|turn|13\n|inactive|Chompmyface has 120 seconds left.\n|\n|t:|1699634691\n|move|p2a: Jirachi|Iron Head|p1a: Pelipper\n|-resisted|p1a: Pelipper\n|-damage|p1a: Pelipper|73\/100\n|move|p1a: Pelipper|U-turn|p2a: Jirachi\n|-damage|p2a: Jirachi|92\/100\n|\n|t:|1699634700\n|switch|p1a: Swampert|Swampert-Mega, M|80\/100|[from] U-turn\n|\n|-weather|RainDance|[upkeep]\n|upkeep\n|turn|14\n|\n|t:|1699634706\n|move|p2a: Jirachi|Iron Head|p1a: Swampert\n|-resisted|p1a: Swampert\n|-damage|p1a: Swampert|64\/100\n|cant|p1a: Swampert|flinch\n|\n|-weather|RainDance|[upkeep]\n|upkeep\n|turn|15\n|l|\u2606Chompmyface\n|inactive|Chompmyface disconnected and has a minute to reconnect!\n|player|p2|\n|j|\u2606Chompmyface\n|inactive|Chompmyface reconnected and has 130 seconds left.\n|player|p2|Chompmyface|ghetsis\n|\n|t:|1699634725\n|move|p2a: Jirachi|Iron Head|p1a: Swampert\n|-resisted|p1a: Swampert\n|-damage|p1a: Swampert|49\/100\n|cant|p1a: Swampert|flinch\n|\n|-weather|none\n|upkeep\n|turn|16\n|\n|t:|1699634734\n|move|p2a: Jirachi|Iron Head|p1a: Swampert\n|-resisted|p1a: Swampert\n|-damage|p1a: Swampert|32\/100\n|cant|p1a: Swampert|flinch\n|\n|upkeep\n|turn|17\n|\n|t:|1699634741\n|move|p2a: Jirachi|Iron Head|p1a: Swampert\n|-resisted|p1a: Swampert\n|-damage|p1a: Swampert|17\/100\n|move|p1a: Swampert|Earthquake|p2a: Jirachi\n|-supereffective|p2a: Jirachi\n|-damage|p2a: Jirachi|0 fnt\n|faint|p2a: Jirachi\n|\n|upkeep\n|\n|t:|1699634747\n|switch|p2a: Charizard|Charizard-Mega-X, F|6\/100\n|turn|18\n|\n|t:|1699634753\n|move|p2a: Charizard|Dragon Claw|p1a: Swampert\n|-damage|p1a: Swampert|0 fnt\n|faint|p1a: Swampert\n|\n|upkeep\n|\n|t:|1699634760\n|switch|p1a: Barraskewda|Barraskewda, F|100\/100\n|turn|19\n|\n|t:|1699634768\n|move|p1a: Barraskewda|Liquidation|p2a: Charizard\n|-damage|p2a: Charizard|0 fnt\n|faint|p2a: Charizard\n|\n|win|HolyChomper\n|raw|HolyChomper's rating: 1049 &rarr; <strong>1090<\/strong><br \/>(+41 for winning)\n|raw|Chompmyface's rating: 1141 &rarr; <strong>1110<\/strong><br \/>(-31 for losing)\n|c|\u2606HolyChomper|Gg\n|c|\u2606Chompmyface|gg\n|l|\u2606Chompmyface\n","uploadtime":1699634797,"views":4,"p1id":"holychomper","p2id":"chompmyface","formatid":"gen9nationaldex","rating":1090,"private":0,"password":""}