{"id":"gen9nationaldex-1994474091","p1":"SchmooMaster","p2":"Carrotfromkanto","format":"[Gen 9] National Dex","log":"|j|\u2606SchmooMaster\n|j|\u2606Carrotfromkanto\n|t:|1700448082\n|gametype|singles\n|player|p1|SchmooMaster|hilbert|1094\n|player|p2|Carrotfromkanto|silver-gen2|1168\n|teamsize|p1|6\n|teamsize|p2|6\n|gen|9\n|tier|[Gen 9] National Dex\n|rated|\n|rule|HP Percentage Mod: HP is shown in percentages\n|rule|Endless Battle Clause: Forcing endless battles is banned\n|rule|OHKO Clause: OHKO moves are banned\n|rule|Evasion Clause: Evasion abilities, items, and moves are banned\n|rule|Evasion Abilities Clause: Evasion abilities are banned\n|rule|Evasion Items Clause: Evasion items are banned\n|rule|Evasion Moves Clause: Evasion moves are banned\n|rule|Species Clause: Limit one of each Pok\u00e9mon\n|rule|Sleep Clause Mod: Limit one foe put to sleep\n|clearpoke\n|poke|p1|Ferrothorn, M|\n|poke|p1|Excadrill, F|\n|poke|p1|Haxorus, F|\n|poke|p1|Cloyster, M|\n|poke|p1|Hydreigon, F|\n|poke|p1|Metagross|\n|poke|p2|Wailord, M|\n|poke|p2|Kyurem|\n|poke|p2|Dondozo, F|\n|poke|p2|Amoonguss, F|\n|poke|p2|Chansey, F|\n|poke|p2|Clodsire, M|\n|teampreview\n|\n|t:|1700448095\n|start\n|switch|p1a: Ferrothorn|Ferrothorn, M|100\/100\n|switch|p2a: FENTANYL|Wailord, M|100\/100\n|-ability|p2a: FENTANYL|Pressure\n|turn|1\n|\n|t:|1700448115\n|-terastallize|p2a: FENTANYL|Ghost\n|move|p2a: FENTANYL|Block|p1a: Ferrothorn\n|-activate|p1a: Ferrothorn|trapped\n|move|p1a: Ferrothorn|Spikes|p2a: FENTANYL\n|-sidestart|p2: Carrotfromkanto|Spikes\n|\n|upkeep\n|turn|2\n|\n|t:|1700448122\n|move|p2a: FENTANYL|Noble Roar|p1a: Ferrothorn\n|-unboost|p1a: Ferrothorn|atk|1\n|-unboost|p1a: Ferrothorn|spa|1\n|move|p1a: Ferrothorn|Leech Seed|p2a: FENTANYL\n|-start|p2a: FENTANYL|move: Leech Seed\n|\n|-damage|p2a: FENTANYL|88\/100|[from] Leech Seed|[of] p1a: Ferrothorn\n|upkeep\n|turn|3\n|\n|t:|1700448141\n|move|p2a: FENTANYL|Noble Roar|p1a: Ferrothorn\n|-unboost|p1a: Ferrothorn|atk|1\n|-unboost|p1a: Ferrothorn|spa|1\n|move|p1a: Ferrothorn|Spikes|p2a: FENTANYL\n|-sidestart|p2: Carrotfromkanto|Spikes\n|\n|-heal|p2a: FENTANYL|94\/100|[from] item: Leftovers\n|-damage|p2a: FENTANYL|82\/100|[from] Leech Seed|[of] p1a: Ferrothorn\n|upkeep\n|turn|4\n|j| Ineros\n|\n|t:|1700448150\n|move|p2a: FENTANYL|Noble Roar|p1a: Ferrothorn\n|-unboost|p1a: Ferrothorn|atk|1\n|-unboost|p1a: Ferrothorn|spa|1\n|move|p1a: Ferrothorn|Spikes|p2a: FENTANYL\n|-sidestart|p2: Carrotfromkanto|Spikes\n|\n|-heal|p2a: FENTANYL|88\/100|[from] item: Leftovers\n|-damage|p2a: FENTANYL|75\/100|[from] Leech Seed|[of] p1a: Ferrothorn\n|upkeep\n|turn|5\n|\n|t:|1700448167\n|move|p2a: FENTANYL|Noble Roar|p1a: Ferrothorn\n|-unboost|p1a: Ferrothorn|atk|1\n|-unboost|p1a: Ferrothorn|spa|1\n|move|p1a: Ferrothorn|Power Whip|p2a: FENTANYL\n|-damage|p2a: FENTANYL|63\/100\n|\n|-heal|p2a: FENTANYL|69\/100|[from] item: Leftovers\n|-damage|p2a: FENTANYL|57\/100|[from] Leech Seed|[of] p1a: Ferrothorn\n|upkeep\n|turn|6\n|j| prince5\n|\n|t:|1700448178\n|move|p2a: FENTANYL|Noble Roar|p1a: Ferrothorn\n|-unboost|p1a: Ferrothorn|atk|1\n|-unboost|p1a: Ferrothorn|spa|1\n|move|p1a: Ferrothorn|Power Whip|p2a: FENTANYL|[miss]\n|-miss|p1a: Ferrothorn|p2a: FENTANYL\n|\n|-heal|p2a: FENTANYL|63\/100|[from] item: Leftovers\n|-damage|p2a: FENTANYL|51\/100|[from] Leech Seed|[of] p1a: Ferrothorn\n|upkeep\n|turn|7\n|\n|t:|1700448216\n|move|p2a: FENTANYL|Noble Roar|p1a: Ferrothorn\n|-unboost|p1a: Ferrothorn|atk|1\n|-unboost|p1a: Ferrothorn|spa|1\n|move|p1a: Ferrothorn|Power Whip|p2a: FENTANYL|[miss]\n|-miss|p1a: Ferrothorn|p2a: FENTANYL\n|\n|-heal|p2a: FENTANYL|57\/100|[from] item: Leftovers\n|-damage|p2a: FENTANYL|44\/100|[from] Leech Seed|[of] p1a: Ferrothorn\n|upkeep\n|turn|8\n|\n|t:|1700448232\n|move|p2a: FENTANYL|Defense Curl|p2a: FENTANYL\n|-boost|p2a: FENTANYL|def|1\n|move|p1a: Ferrothorn|Power Whip|p2a: FENTANYL\n|-damage|p2a: FENTANYL|38\/100\n|\n|-heal|p2a: FENTANYL|44\/100|[from] item: Leftovers\n|-damage|p2a: FENTANYL|32\/100|[from] Leech Seed|[of] p1a: Ferrothorn\n|upkeep\n|turn|9\n|\n|t:|1700448255\n|move|p2a: FENTANYL|Rest|p2a: FENTANYL\n|-status|p2a: FENTANYL|slp|[from] move: Rest\n|-heal|p2a: FENTANYL|100\/100 slp|[silent]\n|move|p1a: Ferrothorn|Power Whip|p2a: FENTANYL\n|-damage|p2a: FENTANYL|94\/100 slp\n|\n|-heal|p2a: FENTANYL|99\/100 slp|[from] item: Leftovers\n|-damage|p2a: FENTANYL|87\/100 slp|[from] Leech Seed|[of] p1a: Ferrothorn\n|upkeep\n|turn|10\n|\n|t:|1700448281\n|cant|p2a: FENTANYL|slp\n|move|p1a: Ferrothorn|Power Whip|p2a: FENTANYL|[miss]\n|-miss|p1a: Ferrothorn|p2a: FENTANYL\n|\n|-heal|p2a: FENTANYL|94\/100 slp|[from] item: Leftovers\n|-damage|p2a: FENTANYL|81\/100 slp|[from] Leech Seed|[of] p1a: Ferrothorn\n|upkeep\n|turn|11\n|c|\u2606SchmooMaster|bruh\n|c|\u2606Carrotfromkanto|hi\n|c|\u2606SchmooMaster|what is this set\n|c| Ineros|Lol\n|c| Ineros|fun right\n|c|\u2606Carrotfromkanto|This is FENTANYL\n|c|\u2606SchmooMaster|no\n|\n|t:|1700448306\n|cant|p2a: FENTANYL|slp\n|move|p1a: Ferrothorn|Power Whip|p2a: FENTANYL\n|-damage|p2a: FENTANYL|74\/100 slp\n|\n|-heal|p2a: FENTANYL|80\/100 slp|[from] item: Leftovers\n|-damage|p2a: FENTANYL|68\/100 slp|[from] Leech Seed|[of] p1a: Ferrothorn\n|upkeep\n|turn|12\n|c|\u2606Carrotfromkanto|The US drugs crisis thats killing thousands\n|c|\u2606SchmooMaster|pp stall\n|\n|t:|1700448319\n|-curestatus|p2a: FENTANYL|slp|[msg]\n|move|p2a: FENTANYL|Defense Curl|p2a: FENTANYL\n|-boost|p2a: FENTANYL|def|1\n|move|p1a: Ferrothorn|Power Whip|p2a: FENTANYL\n|-damage|p2a: FENTANYL|63\/100\n|\n|-heal|p2a: FENTANYL|69\/100|[from] item: Leftovers\n|-damage|p2a: FENTANYL|57\/100|[from] Leech Seed|[of] p1a: Ferrothorn\n|upkeep\n|turn|13\n|\n|t:|1700448334\n|move|p2a: FENTANYL|Defense Curl|p2a: FENTANYL\n|-boost|p2a: FENTANYL|def|1\n|move|p1a: Ferrothorn|Gyro Ball|p2a: FENTANYL\n|-damage|p2a: FENTANYL|53\/100\n|\n|-heal|p2a: FENTANYL|60\/100|[from] item: Leftovers\n|-damage|p2a: FENTANYL|47\/100|[from] Leech Seed|[of] p1a: Ferrothorn\n|upkeep\n|turn|14\n|c|\u2606SchmooMaster|This is the most gimmicky set ive seen\n|c|\u2606SchmooMaster|yet somehow its working\n|\n|t:|1700448363\n|move|p2a: FENTANYL|Defense Curl|p2a: FENTANYL\n|-boost|p2a: FENTANYL|def|1\n|move|p1a: Ferrothorn|Gyro Ball|p2a: FENTANYL\n|-damage|p2a: FENTANYL|44\/100\n|\n|-heal|p2a: FENTANYL|51\/100|[from] item: Leftovers\n|-damage|p2a: FENTANYL|38\/100|[from] Leech Seed|[of] p1a: Ferrothorn\n|upkeep\n|turn|15\n|c|\u2606Carrotfromkanto|oh it works alright\n|\n|t:|1700448372\n|move|p2a: FENTANYL|Defense Curl|p2a: FENTANYL\n|-boost|p2a: FENTANYL|def|1\n|move|p1a: Ferrothorn|Gyro Ball|p2a: FENTANYL\n|-damage|p2a: FENTANYL|36\/100\n|\n|-heal|p2a: FENTANYL|42\/100|[from] item: Leftovers\n|-damage|p2a: FENTANYL|29\/100|[from] Leech Seed|[of] p1a: Ferrothorn\n|upkeep\n|turn|16\n|c|\u2606SchmooMaster|are you gonna pp stall my entire team\n|\n|t:|1700448405\n|move|p2a: FENTANYL|Rest|p2a: FENTANYL\n|-status|p2a: FENTANYL|slp|[from] move: Rest\n|-heal|p2a: FENTANYL|100\/100 slp|[silent]\n|move|p1a: Ferrothorn|Gyro Ball|p2a: FENTANYL\n|-damage|p2a: FENTANYL|98\/100 slp\n|\n|-heal|p2a: FENTANYL|100\/100 slp|[from] item: Leftovers\n|-damage|p2a: FENTANYL|88\/100 slp|[from] Leech Seed|[of] p1a: Ferrothorn\n|upkeep\n|turn|17\n|c|\u2606Carrotfromkanto|well see\n|c|\u2606Carrotfromkanto|thehehe\n|\n|t:|1700448425\n|cant|p2a: FENTANYL|slp\n|move|p1a: Ferrothorn|Leech Seed||[still]\n|-fail|p1a: Ferrothorn\n|\n|-heal|p2a: FENTANYL|94\/100 slp|[from] item: Leftovers\n|-damage|p2a: FENTANYL|82\/100 slp|[from] Leech Seed|[of] p1a: Ferrothorn\n|upkeep\n|turn|18\n|\n|t:|1700448433\n|cant|p2a: FENTANYL|slp\n|move|p1a: Ferrothorn|Leech Seed||[still]\n|-fail|p1a: Ferrothorn\n|\n|-heal|p2a: FENTANYL|88\/100 slp|[from] item: Leftovers\n|-damage|p2a: FENTANYL|75\/100 slp|[from] Leech Seed|[of] p1a: Ferrothorn\n|upkeep\n|turn|19\n|c|\u2606SchmooMaster|This team was going to be my in game ou team in bw1\n|c|\u2606SchmooMaster|since you can get everything on this team there\n|c|\u2606Carrotfromkanto|Really\n|c|\u2606SchmooMaster|Yes\n|c|\u2606Carrotfromkanto|I like the pokemon but the color scheme is a little dark :(\n|c| prince5|you got this\n|c|\u2606SchmooMaster|except I realized later on that I needed bw2 for certain moves\n|\n|t:|1700448507\n|-curestatus|p2a: FENTANYL|slp|[msg]\n|move|p2a: FENTANYL|Defense Curl|p2a: FENTANYL\n|-boost|p2a: FENTANYL|def|1\n|move|p1a: Ferrothorn|Leech Seed||[still]\n|-fail|p1a: Ferrothorn\n|\n|-heal|p2a: FENTANYL|81\/100|[from] item: Leftovers\n|-damage|p2a: FENTANYL|69\/100|[from] Leech Seed|[of] p1a: Ferrothorn\n|upkeep\n|turn|20\n|\n|t:|1700448524\n|move|p2a: FENTANYL|Defense Curl|p2a: FENTANYL\n|-boost|p2a: FENTANYL|def|0\n|move|p1a: Ferrothorn|Leech Seed||[still]\n|-fail|p1a: Ferrothorn\n|\n|-heal|p2a: FENTANYL|75\/100|[from] item: Leftovers\n|-damage|p2a: FENTANYL|63\/100|[from] Leech Seed|[of] p1a: Ferrothorn\n|upkeep\n|turn|21\n|c|\u2606SchmooMaster|I do have a proper bw ou team\n|c|\u2606SchmooMaster|2 of them\n|\n|t:|1700448537\n|move|p2a: FENTANYL|Defense Curl|p2a: FENTANYL\n|-boost|p2a: FENTANYL|def|0\n|move|p1a: Ferrothorn|Leech Seed|p2a: FENTANYL|[miss]\n|-miss|p1a: Ferrothorn|p2a: FENTANYL\n|\n|-heal|p2a: FENTANYL|69\/100|[from] item: Leftovers\n|-damage|p2a: FENTANYL|56\/100|[from] Leech Seed|[of] p1a: Ferrothorn\n|upkeep\n|turn|22\n|c| prince5|proper bw team\n|c|\u2606SchmooMaster|Yes\n|c|\u2606Carrotfromkanto|I have Gen 3 team\n|c|\u2606SchmooMaster|This is just a bunch of individually good mons\n|c|\u2606SchmooMaster|No real synergy\n|\n|t:|1700448576\n|move|p2a: FENTANYL|Defense Curl|p2a: FENTANYL\n|-boost|p2a: FENTANYL|def|0\n|move|p1a: Ferrothorn|Leech Seed||[still]\n|-fail|p1a: Ferrothorn\n|\n|-heal|p2a: FENTANYL|62\/100|[from] item: Leftovers\n|-damage|p2a: FENTANYL|50\/100|[from] Leech Seed|[of] p1a: Ferrothorn\n|upkeep\n|turn|23\n|\n|t:|1700448589\n|move|p2a: FENTANYL|Defense Curl|p2a: FENTANYL\n|-boost|p2a: FENTANYL|def|0\n|move|p1a: Ferrothorn|Spikes||[still]\n|-fail|p1a: Ferrothorn\n|\n|-heal|p2a: FENTANYL|56\/100|[from] item: Leftovers\n|-damage|p2a: FENTANYL|44\/100|[from] Leech Seed|[of] p1a: Ferrothorn\n|upkeep\n|turn|24\n|\n|t:|1700448605\n|move|p2a: FENTANYL|Rest|p2a: FENTANYL\n|-status|p2a: FENTANYL|slp|[from] move: Rest\n|-heal|p2a: FENTANYL|100\/100 slp|[silent]\n|move|p1a: Ferrothorn|Leech Seed||[still]\n|-fail|p1a: Ferrothorn\n|\n|-damage|p2a: FENTANYL|88\/100 slp|[from] Leech Seed|[of] p1a: Ferrothorn\n|upkeep\n|turn|25\n|c|\u2606SchmooMaster|I have a gen 3 team too\n|c|\u2606SchmooMaster|Funnily enough the last nd ou game i played was with that team\n|\n|t:|1700448629\n|switch|p2a: Thalidomide Baby|Kyurem, shiny|100\/100\n|-damage|p2a: Thalidomide Baby|76\/100|[from] Spikes\n|-ability|p2a: Thalidomide Baby|Pressure\n|move|p1a: Ferrothorn|Spikes||[still]\n|-fail|p1a: Ferrothorn\n|\n|upkeep\n|turn|26\n|\n|t:|1700448637\n|move|p2a: Thalidomide Baby|Substitute|p2a: Thalidomide Baby\n|-start|p2a: Thalidomide Baby|Substitute\n|-damage|p2a: Thalidomide Baby|51\/100\n|move|p1a: Ferrothorn|Spikes||[still]\n|-fail|p1a: Ferrothorn\n|\n|upkeep\n|turn|27\n|\n|t:|1700448644\n|move|p2a: Thalidomide Baby|Freeze-Dry|p1a: Ferrothorn\n|-damage|p1a: Ferrothorn|75\/100\n|move|p1a: Ferrothorn|Spikes||[still]\n|-fail|p1a: Ferrothorn\n|\n|-heal|p1a: Ferrothorn|82\/100|[from] item: Leftovers\n|upkeep\n|turn|28\n|\n|t:|1700448653\n|move|p2a: Thalidomide Baby|Freeze-Dry|p1a: Ferrothorn\n|-damage|p1a: Ferrothorn|52\/100\n|move|p1a: Ferrothorn|Spikes||[still]\n|-fail|p1a: Ferrothorn\n|\n|-heal|p1a: Ferrothorn|58\/100|[from] item: Leftovers\n|upkeep\n|turn|29\n|\n|t:|1700448661\n|move|p2a: Thalidomide Baby|Freeze-Dry|p1a: Ferrothorn\n|-damage|p1a: Ferrothorn|20\/100\n|move|p1a: Ferrothorn|Spikes||[still]\n|-fail|p1a: Ferrothorn\n|\n|-heal|p1a: Ferrothorn|27\/100|[from] item: Leftovers\n|upkeep\n|turn|30\n|\n|t:|1700448669\n|move|p2a: Thalidomide Baby|Roost|p2a: Thalidomide Baby\n|-heal|p2a: Thalidomide Baby|100\/100\n|-singleturn|p2a: Thalidomide Baby|move: Roost\n|move|p1a: Ferrothorn|Spikes||[still]\n|-fail|p1a: Ferrothorn\n|\n|-heal|p1a: Ferrothorn|33\/100|[from] item: Leftovers\n|upkeep\n|turn|31\n|\n|t:|1700448677\n|move|p2a: Thalidomide Baby|Freeze-Dry|p1a: Ferrothorn\n|-damage|p1a: Ferrothorn|8\/100\n|move|p1a: Ferrothorn|Spikes||[still]\n|-fail|p1a: Ferrothorn\n|\n|-heal|p1a: Ferrothorn|14\/100|[from] item: Leftovers\n|upkeep\n|turn|32\n|\n|t:|1700448686\n|move|p2a: Thalidomide Baby|Freeze-Dry|p1a: Ferrothorn\n|-damage|p1a: Ferrothorn|0 fnt\n|faint|p1a: Ferrothorn\n|\n|upkeep\n|c|\u2606SchmooMaster|Most dedicated stall team ngl\n|\n|t:|1700448703\n|switch|p1a: Metagross|Metagross, shiny|100\/100\n|turn|33\n|\n|t:|1700448714\n|move|p2a: Thalidomide Baby|Freeze-Dry|p1a: Metagross\n|-resisted|p1a: Metagross\n|-damage|p1a: Metagross|79\/100\n|move|p1a: Metagross|Stealth Rock|p2a: Thalidomide Baby\n|-sidestart|p2: Carrotfromkanto|move: Stealth Rock\n|\n|-heal|p1a: Metagross|85\/100|[from] item: Leftovers\n|upkeep\n|turn|34\n|\n|t:|1700448725\n|move|p2a: Thalidomide Baby|Freeze-Dry|p1a: Metagross\n|-resisted|p1a: Metagross\n|-damage|p1a: Metagross|60\/100\n|move|p1a: Metagross|Meteor Mash|p2a: Thalidomide Baby\n|-supereffective|p2a: Thalidomide Baby\n|-end|p2a: Thalidomide Baby|Substitute\n|\n|-heal|p1a: Metagross|66\/100|[from] item: Leftovers\n|upkeep\n|turn|35\n|\n|t:|1700448742\n|switch|p2a: mjmjmmjjmjm|Dondozo, F|100\/100\n|move|p1a: Metagross|Meteor Mash|p2a: mjmjmmjjmjm\n|-resisted|p2a: mjmjmmjjmjm\n|-damage|p2a: mjmjmmjjmjm|91\/100\n|\n|-heal|p1a: Metagross|72\/100|[from] item: Leftovers\n|upkeep\n|turn|36\n|\n|t:|1700448756\n|switch|p1a: Haxorus|Haxorus, F, shiny|100\/100\n|-ability|p1a: Haxorus|Mold Breaker\n|move|p2a: mjmjmmjjmjm|Body Press|p1a: Haxorus\n|-damage|p1a: Haxorus|62\/100\n|\n|upkeep\n|turn|37\n|\n|t:|1700448765\n|move|p1a: Haxorus|Substitute|p1a: Haxorus\n|-start|p1a: Haxorus|Substitute\n|-damage|p1a: Haxorus|37\/100\n|move|p2a: mjmjmmjjmjm|Body Press|p1a: Haxorus\n|-crit|p1a: Haxorus\n|-end|p1a: Haxorus|Substitute\n|\n|upkeep\n|turn|38\n|\n|t:|1700448776\n|move|p1a: Haxorus|Outrage|p2a: mjmjmmjjmjm\n|-damage|p2a: mjmjmmjjmjm|45\/100\n|-damage|p1a: Haxorus|27\/100|[from] item: Life Orb\n|move|p2a: mjmjmmjjmjm|Body Press|p1a: Haxorus\n|-damage|p1a: Haxorus|0 fnt\n|faint|p1a: Haxorus\n|\n|upkeep\n|c|\u2606Carrotfromkanto|dont boost on dondozo\n|\n|t:|1700448790\n|switch|p1a: Cloyster|Cloyster, M|100\/100\n|turn|39\n|c|\u2606Carrotfromkanto|im body pressing now\n|\n|t:|1700448808\n|move|p1a: Cloyster|Icicle Spear|p2a: mjmjmmjjmjm\n|-resisted|p2a: mjmjmmjjmjm\n|-crit|p2a: mjmjmmjjmjm\n|-damage|p2a: mjmjmmjjmjm|41\/100\n|-resisted|p2a: mjmjmmjjmjm\n|-damage|p2a: mjmjmmjjmjm|38\/100\n|-resisted|p2a: mjmjmmjjmjm\n|-damage|p2a: mjmjmmjjmjm|35\/100\n|-resisted|p2a: mjmjmmjjmjm\n|-damage|p2a: mjmjmmjjmjm|32\/100\n|-resisted|p2a: mjmjmmjjmjm\n|-damage|p2a: mjmjmmjjmjm|29\/100\n|-hitcount|p2a: mjmjmmjjmjm|5\n|move|p2a: mjmjmmjjmjm|Body Press|p1a: Cloyster\n|-supereffective|p1a: Cloyster\n|-damage|p1a: Cloyster|52\/100\n|\n|upkeep\n|turn|40\n|c|\u2606Carrotfromkanto|resting as we speak\n|\n|t:|1700448818\n|move|p1a: Cloyster|Rock Blast|p2a: mjmjmmjjmjm\n|-damage|p2a: mjmjmmjjmjm|26\/100\n|-damage|p2a: mjmjmmjjmjm|23\/100\n|-damage|p2a: mjmjmmjjmjm|20\/100\n|-damage|p2a: mjmjmmjjmjm|16\/100\n|-damage|p2a: mjmjmmjjmjm|13\/100\n|-hitcount|p2a: mjmjmmjjmjm|5\n|move|p2a: mjmjmmjjmjm|Rest|p2a: mjmjmmjjmjm\n|-status|p2a: mjmjmmjjmjm|slp|[from] move: Rest\n|-heal|p2a: mjmjmmjjmjm|100\/100 slp|[silent]\n|\n|upkeep\n|turn|41\n|c|\u2606Carrotfromkanto|going to sleep talk\n|\n|t:|1700448847\n|switch|p1a: Hydreigon|Hydreigon, F|100\/100\n|cant|p2a: mjmjmmjjmjm|slp\n|move|p2a: mjmjmmjjmjm|Sleep Talk|p2a: mjmjmmjjmjm\n|move|p2a: mjmjmmjjmjm|Body Press|p1a: Hydreigon|[from]move: Sleep Talk\n|-supereffective|p1a: Hydreigon\n|-damage|p1a: Hydreigon|30\/100\n|\n|upkeep\n|turn|42\n|c|\u2606Carrotfromkanto|im going to go clodsire now\n|c|\u2606SchmooMaster|RestTalk on dondozo\n|\n|t:|1700448867\n|switch|p2a: Toord|Clodsire, M|100\/100\n|move|p1a: Hydreigon|Dark Pulse|p2a: Toord\n|-damage|p2a: Toord|67\/100\n|-damage|p1a: Hydreigon|20\/100|[from] item: Life Orb\n|\n|upkeep\n|turn|43\n|c|\u2606Carrotfromkanto|yeah genious right\n|c|\u2606Carrotfromkanto|i invented it\n|c|\u2606Carrotfromkanto|ok now im gonna toxic\n|\n|t:|1700448883\n|move|p1a: Hydreigon|Roost|p1a: Hydreigon\n|-heal|p1a: Hydreigon|71\/100\n|-singleturn|p1a: Hydreigon|move: Roost\n|move|p2a: Toord|Toxic|p1a: Hydreigon\n|-status|p1a: Hydreigon|tox\n|\n|-damage|p1a: Hydreigon|64\/100 tox|[from] psn\n|upkeep\n|turn|44\n|c|\u2606SchmooMaster|Thats a gsc thing\n|c|\u2606Carrotfromkanto|ill recover\n|j| Zachary Zorua 7\n|\n|t:|1700448897\n|move|p1a: Hydreigon|Dark Pulse|p2a: Toord\n|-damage|p2a: Toord|36\/100\n|-damage|p1a: Hydreigon|55\/100 tox|[from] item: Life Orb\n|move|p2a: Toord|Recover|p2a: Toord\n|-heal|p2a: Toord|86\/100\n|\n|-damage|p1a: Hydreigon|42\/100 tox|[from] psn\n|upkeep\n|turn|45\n|c|\u2606SchmooMaster|You dont need to do that\n|c|\u2606Carrotfromkanto|i think im gonna stealth rock just for chip\n|c|\u2606SchmooMaster|haha Excadrill go brrrr\n|\n|t:|1700448927\n|switch|p1a: Excadrill|Excadrill, F|100\/100\n|move|p2a: Toord|Stealth Rock|p1a: Excadrill\n|-sidestart|p1: SchmooMaster|move: Stealth Rock\n|\n|upkeep\n|turn|46\n|c|\u2606Carrotfromkanto|im gona go mjjmjmjmjmjmjm\n|\n|t:|1700448944\n|switch|p2a: mjmjmmjjmjm|Dondozo, F|100\/100 slp\n|move|p1a: Excadrill|Rapid Spin|p2a: mjmjmmjjmjm\n|-damage|p2a: mjmjmmjjmjm|92\/100 slp\n|-boost|p1a: Excadrill|spe|1\n|-sideend|p1: SchmooMaster|Stealth Rock|[from] move: Rapid Spin|[of] p1a: Excadrill\n|\n|upkeep\n|turn|47\n|c|\u2606Carrotfromkanto|sleep talking\n|\n|t:|1700448960\n|move|p1a: Excadrill|Earthquake|p2a: mjmjmmjjmjm\n|-damage|p2a: mjmjmmjjmjm|65\/100 slp\n|cant|p2a: mjmjmmjjmjm|slp\n|move|p2a: mjmjmmjjmjm|Sleep Talk|p2a: mjmjmmjjmjm\n|move|p2a: mjmjmmjjmjm|Liquidation|p1a: Excadrill|[from]move: Sleep Talk\n|-supereffective|p1a: Excadrill\n|-damage|p1a: Excadrill|10\/100\n|\n|-heal|p1a: Excadrill|16\/100|[from] item: Leftovers\n|upkeep\n|turn|48\n|c|\u2606Carrotfromkanto|okay so since now im gonna wake up\n|c|\u2606Carrotfromkanto|im gonna body press ok\n|\n|t:|1700448979\n|move|p1a: Excadrill|Earthquake|p2a: mjmjmmjjmjm\n|-damage|p2a: mjmjmmjjmjm|36\/100 slp\n|-curestatus|p2a: mjmjmmjjmjm|slp|[msg]\n|move|p2a: mjmjmmjjmjm|Body Press|p1a: Excadrill\n|-supereffective|p1a: Excadrill\n|-damage|p1a: Excadrill|0 fnt\n|faint|p1a: Excadrill\n|\n|upkeep\n|c|\u2606SchmooMaster|ok\n|\n|t:|1700448989\n|switch|p1a: Cloyster|Cloyster, M|52\/100\n|turn|49\n|c|\u2606Carrotfromkanto|resting again\n|\n|t:|1700448997\n|move|p1a: Cloyster|Rock Blast|p2a: mjmjmmjjmjm\n|-damage|p2a: mjmjmmjjmjm|33\/100\n|-damage|p2a: mjmjmmjjmjm|30\/100\n|-crit|p2a: mjmjmmjjmjm\n|-damage|p2a: mjmjmmjjmjm|25\/100\n|-damage|p2a: mjmjmmjjmjm|22\/100\n|-damage|p2a: mjmjmmjjmjm|19\/100\n|-hitcount|p2a: mjmjmmjjmjm|5\n|move|p2a: mjmjmmjjmjm|Rest|p2a: mjmjmmjjmjm\n|-status|p2a: mjmjmmjjmjm|slp|[from] move: Rest\n|-heal|p2a: mjmjmmjjmjm|100\/100 slp|[silent]\n|\n|upkeep\n|turn|50\n|c|\u2606Carrotfromkanto|now sleep talk\n|c|\u2606SchmooMaster|is this gsc\n|\n|t:|1700449021\n|move|p1a: Cloyster|Rock Blast|p2a: mjmjmmjjmjm\n|-damage|p2a: mjmjmmjjmjm|97\/100 slp\n|-damage|p2a: mjmjmmjjmjm|94\/100 slp\n|-damage|p2a: mjmjmmjjmjm|91\/100 slp\n|-damage|p2a: mjmjmmjjmjm|88\/100 slp\n|-damage|p2a: mjmjmmjjmjm|84\/100 slp\n|-hitcount|p2a: mjmjmmjjmjm|5\n|cant|p2a: mjmjmmjjmjm|slp\n|move|p2a: mjmjmmjjmjm|Sleep Talk|p2a: mjmjmmjjmjm\n|move|p2a: mjmjmmjjmjm|Liquidation|p1a: Cloyster|[from]move: Sleep Talk\n|-resisted|p1a: Cloyster\n|-crit|p1a: Cloyster\n|-damage|p1a: Cloyster|34\/100\n|-unboost|p1a: Cloyster|def|1\n|\n|upkeep\n|turn|51\n|c|\u2606Carrotfromkanto|sleep talk again\n|\n|t:|1700449046\n|move|p1a: Cloyster|Rock Blast|p2a: mjmjmmjjmjm\n|-damage|p2a: mjmjmmjjmjm|81\/100 slp\n|-damage|p2a: mjmjmmjjmjm|78\/100 slp\n|-damage|p2a: mjmjmmjjmjm|75\/100 slp\n|-damage|p2a: mjmjmmjjmjm|72\/100 slp\n|-damage|p2a: mjmjmmjjmjm|69\/100 slp\n|-hitcount|p2a: mjmjmmjjmjm|5\n|cant|p2a: mjmjmmjjmjm|slp\n|move|p2a: mjmjmmjjmjm|Sleep Talk|p2a: mjmjmmjjmjm\n|move|p2a: mjmjmmjjmjm|Liquidation|p1a: Cloyster|[from]move: Sleep Talk\n|-resisted|p1a: Cloyster\n|-damage|p1a: Cloyster|22\/100\n|\n|upkeep\n|turn|52\n|c|\u2606Carrotfromkanto|im going to press me body ok\n|\n|t:|1700449070\n|move|p1a: Cloyster|Rock Blast|p2a: mjmjmmjjmjm\n|-damage|p2a: mjmjmmjjmjm|66\/100 slp\n|-damage|p2a: mjmjmmjjmjm|62\/100 slp\n|-damage|p2a: mjmjmmjjmjm|59\/100 slp\n|-damage|p2a: mjmjmmjjmjm|56\/100 slp\n|-damage|p2a: mjmjmmjjmjm|52\/100 slp\n|-hitcount|p2a: mjmjmmjjmjm|5\n|-curestatus|p2a: mjmjmmjjmjm|slp|[msg]\n|move|p2a: mjmjmmjjmjm|Body Press|p1a: Cloyster\n|-supereffective|p1a: Cloyster\n|-damage|p1a: Cloyster|0 fnt\n|faint|p1a: Cloyster\n|\n|upkeep\n|\n|t:|1700449083\n|switch|p1a: Metagross|Metagross, shiny|72\/100\n|turn|53\n|c|\u2606Carrotfromkanto|i am going to rest\n|\n|t:|1700449110\n|move|p1a: Metagross|Earthquake|p2a: mjmjmmjjmjm\n|-damage|p2a: mjmjmmjjmjm|36\/100\n|move|p2a: mjmjmmjjmjm|Rest|p2a: mjmjmmjjmjm\n|-status|p2a: mjmjmmjjmjm|slp|[from] move: Rest\n|-heal|p2a: mjmjmmjjmjm|100\/100 slp|[silent]\n|\n|-heal|p1a: Metagross|78\/100|[from] item: Leftovers\n|upkeep\n|turn|54\n|c|\u2606SchmooMaster|no\n|c|\u2606SchmooMaster|Never mind\n|c|\u2606Carrotfromkanto|now im going to talk in my sleep\n|\n|t:|1700449120\n|move|p1a: Metagross|Earthquake|p2a: mjmjmmjjmjm\n|-damage|p2a: mjmjmmjjmjm|85\/100 slp\n|cant|p2a: mjmjmmjjmjm|slp\n|move|p2a: mjmjmmjjmjm|Sleep Talk|p2a: mjmjmmjjmjm\n|move|p2a: mjmjmmjjmjm|Rest||[from]move: Sleep Talk|[still]\n|-fail|p2a: mjmjmmjjmjm\n|\n|-heal|p1a: Metagross|84\/100|[from] item: Leftovers\n|upkeep\n|turn|55\n|c| Ineros|Gg\n|c|\u2606Carrotfromkanto|again\n|\n|t:|1700449136\n|move|p1a: Metagross|Meteor Mash|p2a: mjmjmmjjmjm\n|-resisted|p2a: mjmjmmjjmjm\n|-damage|p2a: mjmjmmjjmjm|74\/100 slp\n|cant|p2a: mjmjmmjjmjm|slp\n|move|p2a: mjmjmmjjmjm|Sleep Talk|p2a: mjmjmmjjmjm\n|move|p2a: mjmjmmjjmjm|Rest||[from]move: Sleep Talk|[still]\n|-fail|p2a: mjmjmmjjmjm\n|\n|-heal|p1a: Metagross|90\/100|[from] item: Leftovers\n|upkeep\n|turn|56\n|c|\u2606SchmooMaster|This feels like gsc\n|c|\u2606SchmooMaster|It really does\n|c|\u2606Carrotfromkanto|im going to liquidate\n|\n|t:|1700449151\n|move|p1a: Metagross|Earthquake|p2a: mjmjmmjjmjm\n|-damage|p2a: mjmjmmjjmjm|58\/100 slp\n|-curestatus|p2a: mjmjmmjjmjm|slp|[msg]\n|move|p2a: mjmjmmjjmjm|Liquidation|p1a: Metagross\n|-crit|p1a: Metagross\n|-damage|p1a: Metagross|57\/100\n|\n|-heal|p1a: Metagross|63\/100|[from] item: Leftovers\n|upkeep\n|turn|57\n|c|\u2606Carrotfromkanto|body press to see what deals more damage ok\n|\n|t:|1700449166\n|move|p1a: Metagross|Meteor Mash|p2a: mjmjmmjjmjm\n|-resisted|p2a: mjmjmmjjmjm\n|-damage|p2a: mjmjmmjjmjm|48\/100\n|move|p2a: mjmjmmjjmjm|Body Press|p1a: Metagross\n|-damage|p1a: Metagross|40\/100\n|\n|-heal|p1a: Metagross|46\/100|[from] item: Leftovers\n|upkeep\n|turn|58\n|c|\u2606SchmooMaster|end my suffering\n|c|\u2606SchmooMaster|just body press and win\n|\n|t:|1700449178\n|move|p1a: Metagross|Meteor Mash|p2a: mjmjmmjjmjm|[miss]\n|-miss|p1a: Metagross|p2a: mjmjmmjjmjm\n|move|p2a: mjmjmmjjmjm|Liquidation|p1a: Metagross\n|-damage|p1a: Metagross|25\/100\n|\n|-heal|p1a: Metagross|31\/100|[from] item: Leftovers\n|upkeep\n|turn|59\n|c|\u2606Carrotfromkanto|yeah body press\n|\n|t:|1700449194\n|move|p1a: Metagross|Pursuit|p2a: mjmjmmjjmjm\n|-damage|p2a: mjmjmmjjmjm|41\/100\n|move|p2a: mjmjmmjjmjm|Body Press|p1a: Metagross\n|-damage|p1a: Metagross|11\/100\n|\n|-heal|p1a: Metagross|17\/100|[from] item: Leftovers\n|upkeep\n|turn|60\n|\n|t:|1700449205\n|move|p1a: Metagross|Pursuit|p2a: mjmjmmjjmjm\n|-damage|p2a: mjmjmmjjmjm|36\/100\n|move|p2a: mjmjmmjjmjm|Body Press|p1a: Metagross\n|-damage|p1a: Metagross|0 fnt\n|faint|p1a: Metagross\n|\n|upkeep\n|\n|t:|1700449212\n|switch|p1a: Hydreigon|Hydreigon, F|42\/100 tox\n|turn|61\n|c|\u2606Carrotfromkanto|okay\n|c|\u2606Carrotfromkanto|now im going chansey\n|c|\u2606SchmooMaster|Focus Miss\n|c|\u2606Carrotfromkanto|or egg girl\n|\n|t:|1700449229\n|switch|p2a: Egg Girl|Chansey, F, shiny|100\/100\n|-damage|p2a: Egg Girl|76\/100|[from] Spikes\n|-damage|p2a: Egg Girl|63\/100|[from] Stealth Rock\n|move|p1a: Hydreigon|Focus Blast|p2a: Egg Girl|[miss]\n|-miss|p1a: Hydreigon|p2a: Egg Girl\n|\n|-damage|p1a: Hydreigon|36\/100 tox|[from] psn\n|upkeep\n|turn|62\n|c|\u2606SchmooMaster|CALLED IT\n|c| prince5|gg\n|c|\u2606Carrotfromkanto|im going to softly boil my egg\n|\n|t:|1700449250\n|move|p1a: Hydreigon|Roost|p1a: Hydreigon\n|-heal|p1a: Hydreigon|86\/100 tox\n|-singleturn|p1a: Hydreigon|move: Roost\n|move|p2a: Egg Girl|Soft-Boiled|p2a: Egg Girl\n|-heal|p2a: Egg Girl|100\/100\n|\n|-damage|p1a: Hydreigon|74\/100 tox|[from] psn\n|upkeep\n|turn|63\n|c|\u2606Carrotfromkanto|wish for hp\n|c| prince5|im surprised you didn't just forfeit\n|\n|t:|1700449260\n|move|p1a: Hydreigon|Focus Blast|p2a: Egg Girl\n|-supereffective|p2a: Egg Girl\n|-damage|p2a: Egg Girl|68\/100\n|-damage|p1a: Hydreigon|64\/100 tox|[from] item: Life Orb\n|move|p2a: Egg Girl|Wish|p2a: Egg Girl\n|\n|-damage|p1a: Hydreigon|46\/100 tox|[from] psn\n|upkeep\n|turn|64\n|c|\u2606Carrotfromkanto|im going to seismic toss\n|\n|t:|1700449277\n|move|p1a: Hydreigon|Dark Pulse|p2a: Egg Girl\n|-damage|p2a: Egg Girl|51\/100\n|-damage|p1a: Hydreigon|36\/100 tox|[from] item: Life Orb\n|move|p2a: Egg Girl|Seismic Toss|p1a: Hydreigon\n|-damage|p1a: Hydreigon|5\/100 tox\n|\n|-heal|p2a: Egg Girl|100\/100|[from] move: Wish|[wisher] Egg Girl\n|-damage|p1a: Hydreigon|0 fnt|[from] psn\n|faint|p1a: Hydreigon\n|\n|win|Carrotfromkanto\n|upkeep\n|raw|SchmooMaster's rating: 1094 &rarr; <strong>1075<\/strong><br \/>(-19 for losing)\n|raw|Carrotfromkanto's rating: 1168 &rarr; <strong>1188<\/strong><br \/>(+20 for winning)\n|l| Ineros\n|c|\u2606Carrotfromkanto|Thank you very much\n|c|\u2606SchmooMaster|well that was something alright\n","uploadtime":1700449305,"views":25,"p1id":"schmoomaster","p2id":"carrotfromkanto","formatid":"gen9nationaldex","rating":1075,"private":0,"password":""}