{"id":"gen9nationaldex-1993699039","p1":"Akihiro Nira","p2":"mqcing","format":"[Gen 9] National Dex","log":"|j|\u2606Akihiro Nira\n|j|\u2606mqcing\n|t:|1700346901\n|gametype|singles\n|player|p1|Akihiro Nira|cynthia-gen7|1377\n|player|p2|mqcing|gardenia|1271\n|teamsize|p1|6\n|teamsize|p2|6\n|gen|9\n|tier|[Gen 9] National Dex\n|rated|\n|rule|HP Percentage Mod: HP is shown in percentages\n|rule|Endless Battle Clause: Forcing endless battles is banned\n|rule|OHKO Clause: OHKO moves are banned\n|rule|Evasion Clause: Evasion abilities, items, and moves are banned\n|rule|Evasion Abilities Clause: Evasion abilities are banned\n|rule|Evasion Items Clause: Evasion items are banned\n|rule|Evasion Moves Clause: Evasion moves are banned\n|rule|Species Clause: Limit one of each Pok\u00e9mon\n|rule|Sleep Clause Mod: Limit one foe put to sleep\n|clearpoke\n|poke|p1|Toxicroak, M|\n|poke|p1|Pelipper, M|\n|poke|p1|Dragonite, M|\n|poke|p1|Basculegion, M|\n|poke|p1|Scizor, M|\n|poke|p1|Clefable, M|\n|poke|p2|Weavile, M|\n|poke|p2|Samurott-Hisui, M|\n|poke|p2|Mandibuzz, F|\n|poke|p2|Tyranitar, M|\n|poke|p2|Hoopa-Unbound|\n|poke|p2|Iron Jugulis|\n|teampreview\n|inactive|Battle timer is ON: inactive players will automatically lose when time's up. (requested by mqcing)\n|c|\u2606Akihiro Nira|Glhf\n|\n|t:|1700346910\n|start\n|switch|p1a: Pelipper|Pelipper, M|100\/100\n|switch|p2a: Samurott|Samurott-Hisui, M|100\/100\n|-weather|RainDance|[from] ability: Drizzle|[of] p1a: Pelipper\n|turn|1\n|\n|t:|1700346913\n|switch|p1a: Clefable|Clefable, M|100\/100\n|move|p2a: Samurott|Ceaseless Edge|p1a: Clefable\n|-resisted|p1a: Clefable\n|-damage|p1a: Clefable|76\/100\n|-sidestart|p1: Akihiro Nira|Spikes\n|\n|-weather|RainDance|[upkeep]\n|upkeep\n|turn|2\n|\n|t:|1700346929\n|move|p2a: Samurott|Ceaseless Edge|p1a: Clefable\n|-resisted|p1a: Clefable\n|-damage|p1a: Clefable|52\/100\n|-sidestart|p1: Akihiro Nira|Spikes\n|move|p1a: Clefable|Thunder Wave|p2a: Samurott\n|-status|p2a: Samurott|par\n|\n|-weather|RainDance|[upkeep]\n|upkeep\n|turn|3\n|\n|t:|1700346934\n|move|p2a: Samurott|Ceaseless Edge|p1a: Clefable\n|-resisted|p1a: Clefable\n|-damage|p1a: Clefable|27\/100\n|-sidestart|p1: Akihiro Nira|Spikes\n|move|p1a: Clefable|Stealth Rock|p2a: Samurott\n|-sidestart|p2: mqcing|move: Stealth Rock\n|\n|-weather|RainDance|[upkeep]\n|upkeep\n|turn|4\n|\n|t:|1700346937\n|move|p2a: Samurott|Ceaseless Edge|p1a: Clefable\n|-resisted|p1a: Clefable\n|-damage|p1a: Clefable|4\/100\n|move|p1a: Clefable|Soft-Boiled|p1a: Clefable\n|-heal|p1a: Clefable|54\/100\n|\n|-weather|RainDance|[upkeep]\n|upkeep\n|turn|5\n|\n|t:|1700346943\n|switch|p2a: Tyranitar|Tyranitar, M|100\/100\n|-damage|p2a: Tyranitar|88\/100|[from] Stealth Rock\n|-weather|Sandstorm|[from] ability: Sand Stream|[of] p2a: Tyranitar\n|move|p1a: Clefable|Soft-Boiled|p1a: Clefable\n|-heal|p1a: Clefable|100\/100\n|\n|-weather|Sandstorm|[upkeep]\n|upkeep\n|turn|6\n|\n|t:|1700346946\n|detailschange|p2a: Tyranitar|Tyranitar-Mega, M\n|-mega|p2a: Tyranitar|Tyranitar|Tyranitarite\n|move|p2a: Tyranitar|Dragon Dance|p2a: Tyranitar\n|-boost|p2a: Tyranitar|atk|1\n|-boost|p2a: Tyranitar|spe|1\n|move|p1a: Clefable|Thunder Wave|p2a: Tyranitar\n|-status|p2a: Tyranitar|par\n|\n|-weather|Sandstorm|[upkeep]\n|upkeep\n|turn|7\n|\n|t:|1700346956\n|switch|p1a: Pelipper|Pelipper, M|100\/100\n|-weather|RainDance|[from] ability: Drizzle|[of] p1a: Pelipper\n|cant|p2a: Tyranitar|par\n|\n|-weather|RainDance|[upkeep]\n|upkeep\n|turn|8\n|\n|t:|1700346960\n|move|p2a: Tyranitar|Stone Edge|p1a: Pelipper\n|-supereffective|p1a: Pelipper\n|-damage|p1a: Pelipper|0 fnt\n|faint|p1a: Pelipper\n|\n|-weather|RainDance|[upkeep]\n|upkeep\n|\n|t:|1700346964\n|switch|p1a: Toxicroak|Toxicroak, M|100\/100\n|-damage|p1a: Toxicroak|76\/100|[from] Spikes\n|turn|9\n|\n|t:|1700346969\n|move|p1a: Toxicroak|Drain Punch|p2a: Tyranitar\n|-supereffective|p2a: Tyranitar\n|-damage|p2a: Tyranitar|0 fnt\n|-heal|p1a: Toxicroak|100\/100|[from] drain|[of] p2a: Tyranitar\n|faint|p2a: Tyranitar\n|-damage|p1a: Toxicroak|91\/100|[from] item: Life Orb\n|\n|-weather|RainDance|[upkeep]\n|-heal|p1a: Toxicroak|100\/100|[from] ability: Dry Skin\n|upkeep\n|\n|t:|1700346976\n|switch|p2a: Mandibuzz|Mandibuzz, F|100\/100\n|turn|10\n|\n|t:|1700346982\n|move|p1a: Toxicroak|Substitute|p1a: Toxicroak\n|-start|p1a: Toxicroak|Substitute\n|-damage|p1a: Toxicroak|76\/100\n|move|p2a: Mandibuzz|Knock Off|p1a: Toxicroak\n|-resisted|p1a: Toxicroak\n|-activate|p1a: Toxicroak|move: Substitute|[damage]\n|\n|-weather|RainDance|[upkeep]\n|-heal|p1a: Toxicroak|88\/100|[from] ability: Dry Skin\n|upkeep\n|turn|11\n|\n|t:|1700346986\n|switch|p2a: Iron Jugulis|Iron Jugulis|100\/100\n|-damage|p2a: Iron Jugulis|76\/100|[from] Stealth Rock\n|-enditem|p2a: Iron Jugulis|Booster Energy\n|-activate|p2a: Iron Jugulis|ability: Quark Drive|[fromitem]\n|-start|p2a: Iron Jugulis|quarkdrivespe\n|move|p1a: Toxicroak|Bulk Up|p1a: Toxicroak\n|-boost|p1a: Toxicroak|atk|1\n|-boost|p1a: Toxicroak|def|1\n|\n|-weather|RainDance|[upkeep]\n|-heal|p1a: Toxicroak|100\/100|[from] ability: Dry Skin\n|upkeep\n|turn|12\n|\n|t:|1700346996\n|move|p2a: Iron Jugulis|Hurricane|p1a: Toxicroak\n|-supereffective|p1a: Toxicroak\n|-end|p1a: Toxicroak|Substitute\n|move|p1a: Toxicroak|Drain Punch|p2a: Iron Jugulis\n|-damage|p2a: Iron Jugulis|0 fnt\n|faint|p2a: Iron Jugulis\n|-end|p2a: Iron Jugulis|Quark Drive|[silent]\n|-damage|p1a: Toxicroak|91\/100|[from] item: Life Orb\n|\n|-weather|RainDance|[upkeep]\n|-heal|p1a: Toxicroak|100\/100|[from] ability: Dry Skin\n|upkeep\n|\n|t:|1700347016\n|switch|p2a: Hoopa|Hoopa-Unbound|100\/100\n|-damage|p2a: Hoopa|88\/100|[from] Stealth Rock\n|turn|13\n|\n|t:|1700347019\n|-terastallize|p1a: Toxicroak|Dark\n|-zpower|p2a: Hoopa\n|move|p2a: Hoopa|Z-Snatch|p2a: Hoopa|[anim]Snatch\n|-boost|p2a: Hoopa|spe|2|[zeffect]\n|-singleturn|p2a: Hoopa|Snatch\n|move|p1a: Toxicroak|Drain Punch|p2a: Hoopa\n|-damage|p2a: Hoopa|0 fnt\n|faint|p2a: Hoopa\n|-damage|p1a: Toxicroak|91\/100|[from] item: Life Orb\n|\n|-weather|RainDance|[upkeep]\n|-heal|p1a: Toxicroak|100\/100|[from] ability: Dry Skin\n|upkeep\n|\n|t:|1700347028\n|switch|p2a: Weavile|Weavile, M|100\/100\n|-damage|p2a: Weavile|76\/100|[from] Stealth Rock\n|-ability|p2a: Weavile|Pressure\n|turn|14\n|\n|t:|1700347031\n|move|p2a: Weavile|Low Kick|p1a: Toxicroak\n|-supereffective|p1a: Toxicroak\n|-damage|p1a: Toxicroak|42\/100\n|move|p1a: Toxicroak|Drain Punch|p2a: Weavile\n|-supereffective|p2a: Weavile\n|-damage|p2a: Weavile|0 fnt\n|-heal|p1a: Toxicroak|76\/100|[from] drain|[of] p2a: Weavile\n|faint|p2a: Weavile\n|-damage|p1a: Toxicroak|67\/100|[from] item: Life Orb\n|\n|-weather|none\n|upkeep\n|\n|t:|1700347035\n|switch|p2a: Samurott|Samurott-Hisui, M|100\/100 par\n|-damage|p2a: Samurott|88\/100 par|[from] Stealth Rock\n|turn|15\n|\n|t:|1700347036\n|move|p1a: Toxicroak|Drain Punch|p2a: Samurott\n|-supereffective|p2a: Samurott\n|-damage|p2a: Samurott|0 fnt\n|-heal|p1a: Toxicroak|100\/100|[from] drain|[of] p2a: Samurott\n|faint|p2a: Samurott\n|-damage|p1a: Toxicroak|91\/100|[from] item: Life Orb\n|\n|upkeep\n|-message|mqcing forfeited.\n|\n|win|Akihiro Nira\n|raw|Akihiro Nira's rating: 1377 &rarr; <strong>1391<\/strong><br \/>(+14 for winning)\n|raw|mqcing's rating: 1271 &rarr; <strong>1253<\/strong><br \/>(-18 for losing)\n|l|\u2606mqcing\n|c|\u2606Akihiro Nira|TOXICROAK SWEEP BOYS\n","uploadtime":1700347050,"views":11,"p1id":"akihironira","p2id":"mqcing","formatid":"gen9nationaldex","rating":1253,"private":0,"password":""}