{"id":"gen9nationaldex-1997493468","p1":"DO103","p2":"FlyingSudowoodo","format":"[Gen 9] National Dex","log":"|html|<div class=\"broadcast-blue\"><strong>[Gen 9] National Dex is currently suspecting Sneasler! For information on how to participate check out the <a href=\"https:\/\/www.smogon.com\/forums\/threads\/sv-national-dex-suspect-8-just-dance.3731534\/\">suspect thread<\/a>.<\/strong><\/div>\n|j|\u2606DO103\n|j|\u2606FlyingSudowoodo\n|t:|1700814963\n|gametype|singles\n|player|p1|DO103|preschooler|1048\n|player|p2|FlyingSudowoodo|brock|1111\n|teamsize|p1|6\n|teamsize|p2|6\n|gen|9\n|tier|[Gen 9] National Dex\n|rated|\n|rule|HP Percentage Mod: HP is shown in percentages\n|rule|Endless Battle Clause: Forcing endless battles is banned\n|rule|OHKO Clause: OHKO moves are banned\n|rule|Evasion Clause: Evasion abilities, items, and moves are banned\n|rule|Evasion Abilities Clause: Evasion abilities are banned\n|rule|Evasion Items Clause: Evasion items are banned\n|rule|Evasion Moves Clause: Evasion moves are banned\n|rule|Species Clause: Limit one of each Pok\u00e9mon\n|rule|Sleep Clause Mod: Limit one foe put to sleep\n|clearpoke\n|poke|p1|Pikachu-Original, M|\n|poke|p1|Snorlax, M|\n|poke|p1|Scizor, F|\n|poke|p1|Lapras, F|\n|poke|p1|Espeon, M|\n|poke|p1|Charizard, M|\n|poke|p2|Lopunny, F|\n|poke|p2|Glimmora, M|\n|poke|p2|Ferrothorn, F|\n|poke|p2|Hatterene, F|\n|poke|p2|Kartana|\n|poke|p2|Zapdos|\n|teampreview\n|\n|t:|1700814976\n|start\n|switch|p1a: Charizard|Charizard, M|100\/100\n|switch|p2a: Glimmora|Glimmora, M|100\/100\n|turn|1\n|inactive|Battle timer is ON: inactive players will automatically lose when time's up. (requested by FlyingSudowoodo)\n|\n|t:|1700814981\n|switch|p1a: Espeon|Espeon, M|100\/100\n|move|p2a: Glimmora|Power Gem|p1a: Espeon\n|-damage|p1a: Espeon|41\/100\n|\n|upkeep\n|turn|2\n|\n|t:|1700814986\n|move|p2a: Glimmora|Power Gem|p1a: Espeon\n|-damage|p1a: Espeon|0 fnt\n|faint|p1a: Espeon\n|\n|upkeep\n|\n|t:|1700814992\n|switch|p1a: Pikachu|Pikachu-Original, M|100\/100\n|turn|3\n|\n|t:|1700814996\n|switch|p2a: Ferrothorn|Ferrothorn, F, shiny|100\/100\n|move|p1a: Pikachu|Surf|p2a: Ferrothorn\n|-resisted|p2a: Ferrothorn\n|-damage|p2a: Ferrothorn|87\/100\n|\n|upkeep\n|turn|4\n|\n|t:|1700815005\n|switch|p1a: Charizard|Charizard, M|100\/100\n|move|p2a: Ferrothorn|Stealth Rock|p1a: Charizard\n|-sidestart|p1: DO103|move: Stealth Rock\n|\n|upkeep\n|turn|5\n|\n|t:|1700815011\n|switch|p2a: Glimmora|Glimmora, M|100\/100\n|detailschange|p1a: Charizard|Charizard-Mega-X, M\n|-mega|p1a: Charizard|Charizard|Charizardite X\n|move|p1a: Charizard|Dragon Dance|p1a: Charizard\n|-boost|p1a: Charizard|atk|1\n|-boost|p1a: Charizard|spe|1\n|\n|upkeep\n|turn|6\n|\n|t:|1700815018\n|move|p1a: Charizard|Earthquake|p2a: Glimmora\n|-supereffective|p2a: Glimmora\n|-damage|p2a: Glimmora|0 fnt\n|-activate|p2a: Glimmora|ability: Toxic Debris\n|-sidestart|p1: DO103|move: Toxic Spikes\n|faint|p2a: Glimmora\n|\n|upkeep\n|\n|t:|1700815027\n|switch|p2a: Lopunny|Lopunny, F, shiny|100\/100\n|turn|7\n|\n|t:|1700815033\n|switch|p1a: Scizor|Scizor, F|100\/100\n|-damage|p1a: Scizor|88\/100|[from] Stealth Rock\n|detailschange|p2a: Lopunny|Lopunny-Mega, F, shiny\n|-mega|p2a: Lopunny|Lopunny|Lopunnite\n|move|p2a: Lopunny|Fake Out|p1a: Scizor\n|-resisted|p1a: Scizor\n|-damage|p1a: Scizor|78\/100\n|\n|upkeep\n|turn|8\n|\n|t:|1700815041\n|switch|p2a: Ferrothorn|Ferrothorn, F, shiny|87\/100\n|move|p1a: Scizor|Dual Wingbeat|p2a: Ferrothorn\n|-damage|p2a: Ferrothorn|72\/100\n|-damage|p1a: Scizor|66\/100|[from] ability: Iron Barbs|[of] p2a: Ferrothorn\n|-damage|p1a: Scizor|49\/100|[from] item: Rocky Helmet|[of] p2a: Ferrothorn\n|-damage|p2a: Ferrothorn|55\/100\n|-damage|p1a: Scizor|37\/100|[from] ability: Iron Barbs|[of] p2a: Ferrothorn\n|-damage|p1a: Scizor|20\/100|[from] item: Rocky Helmet|[of] p2a: Ferrothorn\n|-hitcount|p2a: Ferrothorn|2\n|\n|upkeep\n|turn|9\n|\n|t:|1700815053\n|move|p1a: Scizor|Fury Cutter|p2a: Ferrothorn\n|-damage|p2a: Ferrothorn|34\/100\n|-damage|p1a: Scizor|8\/100|[from] ability: Iron Barbs|[of] p2a: Ferrothorn\n|-damage|p1a: Scizor|0 fnt|[from] item: Rocky Helmet|[of] p2a: Ferrothorn\n|faint|p1a: Scizor\n|move|p2a: Ferrothorn|Leech Seed|p1: Scizor|[notarget]\n|-fail|p2a: Ferrothorn\n|\n|upkeep\n|\n|t:|1700815058\n|switch|p1a: Pikachu|Pikachu-Original, M|100\/100\n|-damage|p1a: Pikachu|88\/100|[from] Stealth Rock\n|-status|p1a: Pikachu|psn\n|turn|10\n|\n|t:|1700815065\n|move|p1a: Pikachu|Discharge|p2a: Ferrothorn\n|-resisted|p2a: Ferrothorn\n|-crit|p2a: Ferrothorn\n|-damage|p2a: Ferrothorn|6\/100\n|-status|p2a: Ferrothorn|par\n|move|p2a: Ferrothorn|Leech Seed|p1a: Pikachu\n|-start|p1a: Pikachu|move: Leech Seed\n|\n|-damage|p1a: Pikachu|76\/100 psn|[from] Leech Seed|[of] p2a: Ferrothorn\n|-heal|p2a: Ferrothorn|13\/100 par|[silent]\n|-damage|p1a: Pikachu|64\/100 psn|[from] psn\n|upkeep\n|turn|11\n|\n|t:|1700815075\n|switch|p2a: Hatterene|Hatterene, F|100\/100\n|move|p1a: Pikachu|Discharge|p2a: Hatterene\n|-damage|p2a: Hatterene|59\/100\n|-status|p2a: Hatterene|par\n|\n|-heal|p2a: Hatterene|65\/100 par|[from] item: Leftovers\n|-damage|p1a: Pikachu|51\/100 psn|[from] Leech Seed|[of] p2a: Hatterene\n|-heal|p2a: Hatterene|73\/100 par|[silent]\n|-damage|p1a: Pikachu|39\/100 psn|[from] psn\n|upkeep\n|turn|12\n|\n|t:|1700815085\n|move|p2a: Hatterene|Protect|p2a: Hatterene\n|-singleturn|p2a: Hatterene|Protect\n|move|p1a: Pikachu|Discharge|p2a: Hatterene\n|-activate|p2a: Hatterene|move: Protect\n|\n|-heal|p2a: Hatterene|79\/100 par|[from] item: Leftovers\n|-damage|p1a: Pikachu|27\/100 psn|[from] Leech Seed|[of] p2a: Hatterene\n|-heal|p2a: Hatterene|87\/100 par|[silent]\n|-damage|p1a: Pikachu|14\/100 psn|[from] psn\n|upkeep\n|turn|13\n|\n|t:|1700815097\n|move|p1a: Pikachu|Discharge|p2a: Hatterene\n|-damage|p2a: Hatterene|50\/100 par\n|move|p2a: Hatterene|Draining Kiss|p1a: Pikachu\n|-damage|p1a: Pikachu|0 fnt\n|-heal|p2a: Hatterene|56\/100 par|[from] drain|[of] p1a: Pikachu\n|faint|p1a: Pikachu\n|\n|-heal|p2a: Hatterene|62\/100 par|[from] item: Leftovers\n|upkeep\n|\n|t:|1700815100\n|switch|p1a: Snorlax|Snorlax, M|100\/100\n|-damage|p1a: Snorlax|88\/100|[from] Stealth Rock\n|turn|14\n|\n|t:|1700815110\n|move|p1a: Snorlax|Body Slam|p2a: Hatterene\n|-damage|p2a: Hatterene|12\/100 par\n|move|p2a: Hatterene|Healing Wish|p2a: Hatterene\n|faint|p2a: Hatterene\n|\n|-heal|p1a: Snorlax|94\/100|[from] item: Leftovers\n|upkeep\n|\n|t:|1700815117\n|switch|p2a: Ferrothorn|Ferrothorn, F, shiny|13\/100 par\n|-heal|p2a: Ferrothorn|100\/100|[from] move: Healing Wish\n|turn|15\n|\n|t:|1700815123\n|switch|p1a: Charizard|Charizard-Mega-X, M|100\/100\n|-damage|p1a: Charizard|76\/100|[from] Stealth Rock\n|-status|p1a: Charizard|psn\n|move|p2a: Ferrothorn|Leech Seed|p1a: Charizard\n|-start|p1a: Charizard|move: Leech Seed\n|\n|-damage|p1a: Charizard|63\/100 psn|[from] Leech Seed|[of] p2a: Ferrothorn\n|-damage|p1a: Charizard|51\/100 psn|[from] psn\n|upkeep\n|turn|16\n|-message|DO103 forfeited.\n|\n|win|FlyingSudowoodo\n|raw|DO103's rating: 1048 &rarr; <strong>1034<\/strong><br \/>(-14 for losing)\n|raw|FlyingSudowoodo's rating: 1111 &rarr; <strong>1132<\/strong><br \/>(+21 for winning)\n|l|\u2606DO103\n","uploadtime":1700815135,"views":4,"p1id":"do103","p2id":"flyingsudowoodo","formatid":"gen9nationaldex","rating":1034,"private":0,"password":""}