{"id":"gen9nationaldex-1987272171","p1":"daniel241595","p2":"TheSerperiorSnivy","format":"[Gen 9] National Dex","log":"|j|\u2606daniel241595\n|j|\u2606TheSerperiorSnivy\n|t:|1699571754\n|gametype|singles\n|player|p1|daniel241595|turo|1505\n|player|p2|TheSerperiorSnivy|ghetsis|1402\n|teamsize|p1|6\n|teamsize|p2|6\n|gen|9\n|tier|[Gen 9] National Dex\n|rated|\n|rule|HP Percentage Mod: HP is shown in percentages\n|rule|Endless Battle Clause: Forcing endless battles is banned\n|rule|OHKO Clause: OHKO moves are banned\n|rule|Evasion Clause: Evasion abilities, items, and moves are banned\n|rule|Evasion Abilities Clause: Evasion abilities are banned\n|rule|Evasion Items Clause: Evasion items are banned\n|rule|Evasion Moves Clause: Evasion moves are banned\n|rule|Species Clause: Limit one of each Pok\u00e9mon\n|rule|Sleep Clause Mod: Limit one foe put to sleep\n|clearpoke\n|poke|p1|Arcanine, M|\n|poke|p1|Ampharos, F|\n|poke|p1|Swampert, M|\n|poke|p1|Florges, F|\n|poke|p1|Rillaboom, M|\n|poke|p1|Cetitan, F|\n|poke|p2|Serperior, M|\n|poke|p2|Ribombee, F|\n|poke|p2|Charizard, M|\n|poke|p2|Samurott-Hisui, M|\n|poke|p2|Great Tusk|\n|poke|p2|Zamazenta-*|\n|teampreview\n|inactive|Battle timer is ON: inactive players will automatically lose when time's up. (requested by daniel241595)\n|\n|t:|1699571769\n|start\n|switch|p1a: Ampharos|Ampharos, F|100\/100\n|switch|p2a: Rombus|Ribombee, F, shiny|100\/100\n|turn|1\n|inactive|TheSerperiorSnivy has 120 seconds left.\n|\n|t:|1699571808\n|detailschange|p1a: Ampharos|Ampharos-Mega, F\n|-mega|p1a: Ampharos|Ampharos|Ampharosite\n|-ability|p1a: Ampharos|Mold Breaker\n|move|p2a: Rombus|Sticky Web|p1a: Ampharos\n|-sidestart|p1: daniel241595|move: Sticky Web\n|move|p1a: Ampharos|Volt Switch|p2a: Rombus\n|-damage|p2a: Rombus|21\/100\n|\n|t:|1699571825\n|switch|p1a: Cetitan|Cetitan, F, shiny|100\/100|[from] Volt Switch\n|-activate|p1a: Cetitan|move: Sticky Web\n|-unboost|p1a: Cetitan|spe|1\n|\n|upkeep\n|turn|2\n|inactive|TheSerperiorSnivy has 120 seconds left.\n|inactive|TheSerperiorSnivy has 90 seconds left.\n|\n|t:|1699571890\n|move|p1a: Cetitan|Ice Shard|p2a: Rombus\n|-damage|p2a: Rombus|0 fnt\n|faint|p2a: Rombus\n|\n|upkeep\n|\n|t:|1699571892\n|switch|p2a: Emboarr|Charizard, M|100\/100\n|turn|3\n|\n|t:|1699571914\n|switch|p1a: Arcanine|Arcanine, M|100\/100\n|-activate|p1a: Arcanine|move: Sticky Web\n|-unboost|p1a: Arcanine|spe|1\n|-ability|p1a: Arcanine|Intimidate|boost\n|-unboost|p2a: Emboarr|atk|1\n|detailschange|p2a: Emboarr|Charizard-Mega-Y, M\n|-mega|p2a: Emboarr|Charizard|Charizardite Y\n|-weather|SunnyDay|[from] ability: Drought|[of] p2a: Emboarr\n|move|p2a: Emboarr|Solar Beam||[still]\n|-prepare|p2a: Emboarr|Solar Beam\n|-anim|p2a: Emboarr|Solar Beam|p1a: Arcanine\n|-resisted|p1a: Arcanine\n|-damage|p1a: Arcanine|76\/100\n|\n|-weather|SunnyDay|[upkeep]\n|upkeep\n|turn|4\n|\n|t:|1699571927\n|switch|p2a: above average tusk|Great Tusk|100\/100\n|-activate|p2a: above average tusk|ability: Protosynthesis\n|-start|p2a: above average tusk|protosynthesisatk\n|switch|p1a: Florges|Florges, F|100\/100\n|-activate|p1a: Florges|move: Sticky Web\n|-unboost|p1a: Florges|spe|1\n|\n|-weather|SunnyDay|[upkeep]\n|upkeep\n|turn|5\n|\n|t:|1699571942\n|-end|p2a: above average tusk|Protosynthesis|[silent]\n|switch|p2a: Emboarr|Charizard-Mega-Y, M|100\/100\n|move|p1a: Florges|Moonblast|p2a: Emboarr\n|-resisted|p2a: Emboarr\n|-damage|p2a: Emboarr|82\/100\n|\n|-weather|SunnyDay|[upkeep]\n|upkeep\n|turn|6\n|\n|t:|1699571951\n|move|p2a: Emboarr|Flamethrower|p1a: Florges\n|-damage|p1a: Florges|48\/100\n|move|p1a: Florges|Synthesis|p1a: Florges\n|-heal|p1a: Florges|100\/100\n|\n|-weather|SunnyDay|[upkeep]\n|upkeep\n|turn|7\n|inactive|TheSerperiorSnivy has 90 seconds left.\n|\n|t:|1699571957\n|move|p2a: Emboarr|Flamethrower|p1a: Florges\n|-damage|p1a: Florges|48\/100\n|-status|p1a: Florges|brn\n|move|p1a: Florges|Defog|p2a: Emboarr\n|-unboost|p2a: Emboarr|evasion|1\n|-sideend|p1: daniel241595|Sticky Web|[from] move: Defog|[of] p1a: Florges\n|\n|-weather|none\n|-heal|p1a: Florges|55\/100 brn|[from] item: Leftovers\n|-damage|p1a: Florges|48\/100 brn|[from] brn\n|upkeep\n|turn|8\n|\n|t:|1699571964\n|move|p2a: Emboarr|Flamethrower|p1a: Florges\n|-damage|p1a: Florges|13\/100 brn\n|move|p1a: Florges|Synthesis|p1a: Florges\n|-heal|p1a: Florges|63\/100 brn\n|\n|-heal|p1a: Florges|69\/100 brn|[from] item: Leftovers\n|-damage|p1a: Florges|63\/100 brn|[from] brn\n|upkeep\n|turn|9\n|inactive|TheSerperiorSnivy has 90 seconds left.\n|\n|t:|1699571981\n|move|p2a: Emboarr|Flamethrower|p1a: Florges\n|-damage|p1a: Florges|28\/100 brn\n|move|p1a: Florges|Synthesis|p1a: Florges\n|-heal|p1a: Florges|77\/100 brn\n|\n|-heal|p1a: Florges|84\/100 brn|[from] item: Leftovers\n|-damage|p1a: Florges|77\/100 brn|[from] brn\n|upkeep\n|turn|10\n|\n|t:|1699571986\n|switch|p1a: Swampert|Swampert, M|100\/100\n|move|p2a: Emboarr|Flamethrower|p1a: Swampert\n|-resisted|p1a: Swampert\n|-damage|p1a: Swampert|77\/100\n|\n|-heal|p1a: Swampert|83\/100|[from] item: Leftovers\n|upkeep\n|turn|11\n|\n|t:|1699571996\n|move|p2a: Emboarr|Solar Beam||[still]\n|-prepare|p2a: Emboarr|Solar Beam\n|move|p1a: Swampert|Stealth Rock|p2a: Emboarr\n|-sidestart|p2: TheSerperiorSnivy|move: Stealth Rock\n|\n|-heal|p1a: Swampert|89\/100|[from] item: Leftovers\n|upkeep\n|turn|12\n|\n|t:|1699572003\n|switch|p1a: Ampharos|Ampharos-Mega, F|100\/100\n|-ability|p1a: Ampharos|Mold Breaker\n|move|p2a: Emboarr|Solar Beam|p1a: Ampharos|[from]lockedmove\n|-resisted|p1a: Ampharos\n|-damage|p1a: Ampharos|81\/100\n|\n|upkeep\n|turn|13\n|\n|t:|1699572008\n|switch|p2a: above average tusk|Great Tusk|100\/100\n|-enditem|p2a: above average tusk|Booster Energy\n|-activate|p2a: above average tusk|ability: Protosynthesis|[fromitem]\n|-start|p2a: above average tusk|protosynthesisatk\n|-damage|p2a: above average tusk|98\/100|[from] Stealth Rock\n|move|p1a: Ampharos|Dragon Pulse|p2a: above average tusk\n|-damage|p2a: above average tusk|3\/100\n|\n|upkeep\n|turn|14\n|inactive|TheSerperiorSnivy has 120 seconds left.\n|\n|t:|1699572034\n|switch|p1a: Rillaboom|Rillaboom, M|100\/100\n|-fieldstart|move: Grassy Terrain|[from] ability: Grassy Surge|[of] p1a: Rillaboom\n|move|p2a: above average tusk|Rapid Spin|p1a: Rillaboom\n|-damage|p1a: Rillaboom|76\/100\n|-boost|p2a: above average tusk|spe|1\n|-sideend|p2: TheSerperiorSnivy|Stealth Rock|[from] move: Rapid Spin|[of] p2a: above average tusk\n|\n|-heal|p2a: above average tusk|9\/100|[from] Grassy Terrain\n|-heal|p1a: Rillaboom|82\/100|[from] Grassy Terrain\n|upkeep\n|turn|15\n|\n|t:|1699572044\n|-end|p2a: above average tusk|Protosynthesis|[silent]\n|switch|p2a: Emboarr|Charizard-Mega-Y, M|82\/100\n|-weather|SunnyDay|[from] ability: Drought|[of] p2a: Emboarr\n|move|p1a: Rillaboom|Grassy Glide|p2a: Emboarr\n|-resisted|p2a: Emboarr\n|-damage|p2a: Emboarr|61\/100\n|\n|-weather|SunnyDay|[upkeep]\n|-heal|p1a: Rillaboom|88\/100|[from] Grassy Terrain\n|upkeep\n|turn|16\n|inactive|TheSerperiorSnivy has 120 seconds left.\n|inactive|daniel241595 has 120 seconds left.\n|\n|t:|1699572069\n|switch|p1a: Swampert|Swampert, M|89\/100\n|move|p2a: Emboarr|Roost|p2a: Emboarr\n|-heal|p2a: Emboarr|100\/100\n|-singleturn|p2a: Emboarr|move: Roost\n|\n|-weather|SunnyDay|[upkeep]\n|-heal|p1a: Swampert|95\/100|[from] Grassy Terrain\n|-heal|p1a: Swampert|100\/100|[from] item: Leftovers\n|upkeep\n|turn|17\n|inactive|TheSerperiorSnivy has 120 seconds left.\n|inactive|daniel241595 has 120 seconds left.\n|\n|t:|1699572080\n|switch|p1a: Ampharos|Ampharos-Mega, F|81\/100\n|-ability|p1a: Ampharos|Mold Breaker\n|move|p2a: Emboarr|Solar Beam||[still]\n|-prepare|p2a: Emboarr|Solar Beam\n|-anim|p2a: Emboarr|Solar Beam|p1a: Ampharos\n|-resisted|p1a: Ampharos\n|-damage|p1a: Ampharos|61\/100\n|\n|-weather|SunnyDay|[upkeep]\n|-heal|p1a: Ampharos|67\/100|[from] Grassy Terrain\n|upkeep\n|turn|18\n|\n|t:|1699572085\n|move|p2a: Emboarr|Flamethrower|p1a: Ampharos\n|-resisted|p1a: Ampharos\n|-damage|p1a: Ampharos|34\/100\n|move|p1a: Ampharos|Power Gem|p2a: Emboarr\n|-supereffective|p2a: Emboarr\n|-damage|p2a: Emboarr|0 fnt\n|faint|p2a: Emboarr\n|\n|-weather|SunnyDay|[upkeep]\n|-heal|p1a: Ampharos|40\/100|[from] Grassy Terrain\n|-fieldend|move: Grassy Terrain\n|upkeep\n|\n|t:|1699572096\n|switch|p2a: above average tusk|Great Tusk|9\/100\n|-activate|p2a: above average tusk|ability: Protosynthesis\n|-start|p2a: above average tusk|protosynthesisatk\n|turn|19\n|\n|t:|1699572105\n|move|p2a: above average tusk|Ice Spinner|p1a: Ampharos\n|-supereffective|p1a: Ampharos\n|-damage|p1a: Ampharos|0 fnt\n|faint|p1a: Ampharos\n|\n|-weather|none\n|-end|p2a: above average tusk|Protosynthesis\n|upkeep\n|\n|t:|1699572120\n|switch|p1a: Rillaboom|Rillaboom, M|88\/100\n|-fieldstart|move: Grassy Terrain|[from] ability: Grassy Surge|[of] p1a: Rillaboom\n|turn|20\n|\n|t:|1699572129\n|move|p1a: Rillaboom|Grassy Glide|p2a: above average tusk\n|-supereffective|p2a: above average tusk\n|-damage|p2a: above average tusk|0 fnt\n|faint|p2a: above average tusk\n|-end|p2a: above average tusk|Protosynthesis|[silent]\n|\n|-heal|p1a: Rillaboom|94\/100|[from] Grassy Terrain\n|upkeep\n|\n|t:|1699572132\n|switch|p2a: leGOAT|Serperior, M|100\/100\n|turn|21\n|\n|t:|1699572150\n|switch|p1a: Cetitan|Cetitan, F, shiny|100\/100\n|move|p2a: leGOAT|Substitute|p2a: leGOAT\n|-start|p2a: leGOAT|Substitute\n|-damage|p2a: leGOAT|76\/100\n|\n|-heal|p2a: leGOAT|82\/100|[from] Grassy Terrain\n|-heal|p2a: leGOAT|88\/100|[from] item: Leftovers\n|upkeep\n|turn|22\n|\n|t:|1699572155\n|move|p1a: Cetitan|Ice Shard|p2a: leGOAT\n|-supereffective|p2a: leGOAT\n|-end|p2a: leGOAT|Substitute\n|move|p2a: leGOAT|Leaf Storm|p1a: Cetitan\n|-damage|p1a: Cetitan|34\/100\n|-boost|p2a: leGOAT|spa|2\n|\n|-heal|p2a: leGOAT|94\/100|[from] Grassy Terrain\n|-heal|p2a: leGOAT|100\/100|[from] item: Leftovers\n|-heal|p1a: Cetitan|41\/100|[from] Grassy Terrain\n|upkeep\n|turn|23\n|\n|t:|1699572170\n|-terastallize|p2a: leGOAT|Fire\n|move|p1a: Cetitan|Ice Shard|p2a: leGOAT\n|-resisted|p2a: leGOAT\n|-damage|p2a: leGOAT|90\/100\n|move|p2a: leGOAT|Leaf Storm|p1a: Cetitan\n|-damage|p1a: Cetitan|0 fnt\n|-boost|p2a: leGOAT|spa|2\n|faint|p1a: Cetitan\n|\n|-heal|p2a: leGOAT|96\/100|[from] Grassy Terrain\n|-heal|p2a: leGOAT|100\/100|[from] item: Leftovers\n|upkeep\n|\n|t:|1699572177\n|switch|p1a: Arcanine|Arcanine, M|76\/100\n|-ability|p1a: Arcanine|Intimidate|boost\n|-boost|p2a: leGOAT|atk|1\n|turn|24\n|\n|t:|1699572188\n|move|p1a: Arcanine|Extreme Speed|p2a: leGOAT\n|-damage|p2a: leGOAT|50\/100\n|move|p2a: leGOAT|Leaf Storm|p1a: Arcanine\n|-resisted|p1a: Arcanine\n|-damage|p1a: Arcanine|0 fnt\n|-boost|p2a: leGOAT|spa|2\n|faint|p1a: Arcanine\n|\n|-heal|p2a: leGOAT|56\/100|[from] Grassy Terrain\n|-heal|p2a: leGOAT|62\/100|[from] item: Leftovers\n|-fieldend|move: Grassy Terrain\n|upkeep\n|\n|t:|1699572203\n|switch|p1a: Swampert|Swampert, M|100\/100\n|turn|25\n|\n|t:|1699572210\n|-terastallize|p1a: Swampert|Poison\n|move|p2a: leGOAT|Leaf Storm|p1a: Swampert\n|-resisted|p1a: Swampert\n|-damage|p1a: Swampert|16\/100\n|move|p1a: Swampert|Scald|p2a: leGOAT\n|-supereffective|p2a: leGOAT\n|-damage|p2a: leGOAT|6\/100\n|\n|-heal|p2a: leGOAT|12\/100|[from] item: Leftovers\n|-heal|p1a: Swampert|22\/100|[from] item: Leftovers\n|upkeep\n|turn|26\n|\n|t:|1699572226\n|move|p2a: leGOAT|Hidden Power|p1a: Swampert\n|-damage|p1a: Swampert|0 fnt\n|faint|p1a: Swampert\n|\n|-heal|p2a: leGOAT|18\/100|[from] item: Leftovers\n|upkeep\n|\n|t:|1699572229\n|switch|p1a: Rillaboom|Rillaboom, M|94\/100\n|-fieldstart|move: Grassy Terrain|[from] ability: Grassy Surge|[of] p1a: Rillaboom\n|turn|27\n|inactive|TheSerperiorSnivy has 120 seconds left.\n|\n|t:|1699572264\n|switch|p2a: howl me a river|Zamazenta, shiny|100\/100\n|-ability|p2a: howl me a river|Dauntless Shield|boost\n|-boost|p2a: howl me a river|def|1\n|move|p1a: Rillaboom|Grassy Glide|p2a: howl me a river\n|-damage|p2a: howl me a river|73\/100\n|\n|-heal|p2a: howl me a river|80\/100|[from] Grassy Terrain\n|-heal|p2a: howl me a river|86\/100|[from] item: Leftovers\n|-heal|p1a: Rillaboom|100\/100|[from] Grassy Terrain\n|upkeep\n|turn|28\n|\n|t:|1699572275\n|switch|p1a: Florges|Florges, F|77\/100 brn\n|move|p2a: howl me a river|Iron Defense|p2a: howl me a river\n|-boost|p2a: howl me a river|def|2\n|\n|-heal|p2a: howl me a river|92\/100|[from] Grassy Terrain\n|-heal|p2a: howl me a river|98\/100|[from] item: Leftovers\n|-heal|p1a: Florges|84\/100 brn|[from] Grassy Terrain\n|-heal|p1a: Florges|90\/100 brn|[from] item: Leftovers\n|-damage|p1a: Florges|84\/100 brn|[from] brn\n|upkeep\n|turn|29\n|\n|t:|1699572279\n|move|p2a: howl me a river|Body Press|p1a: Florges\n|-resisted|p1a: Florges\n|-damage|p1a: Florges|48\/100 brn\n|move|p1a: Florges|Moonblast|p2a: howl me a river\n|-supereffective|p2a: howl me a river\n|-damage|p2a: howl me a river|38\/100\n|\n|-heal|p2a: howl me a river|44\/100|[from] Grassy Terrain\n|-heal|p2a: howl me a river|50\/100|[from] item: Leftovers\n|-heal|p1a: Florges|54\/100 brn|[from] Grassy Terrain\n|-heal|p1a: Florges|60\/100 brn|[from] item: Leftovers\n|-damage|p1a: Florges|54\/100 brn|[from] brn\n|upkeep\n|turn|30\n|\n|t:|1699572289\n|move|p2a: howl me a river|Body Press|p1a: Florges\n|-resisted|p1a: Florges\n|-damage|p1a: Florges|19\/100 brn\n|move|p1a: Florges|Synthesis|p1a: Florges\n|-heal|p1a: Florges|68\/100 brn\n|\n|-heal|p2a: howl me a river|56\/100|[from] Grassy Terrain\n|-heal|p2a: howl me a river|63\/100|[from] item: Leftovers\n|-heal|p1a: Florges|75\/100 brn|[from] Grassy Terrain\n|-heal|p1a: Florges|81\/100 brn|[from] item: Leftovers\n|-damage|p1a: Florges|75\/100 brn|[from] brn\n|upkeep\n|turn|31\n|\n|t:|1699572297\n|move|p2a: howl me a river|Iron Defense|p2a: howl me a river\n|-boost|p2a: howl me a river|def|2\n|move|p1a: Florges|Moonblast|p2a: howl me a river\n|-supereffective|p2a: howl me a river\n|-damage|p2a: howl me a river|4\/100\n|-unboost|p2a: howl me a river|spa|1\n|\n|-heal|p2a: howl me a river|10\/100|[from] Grassy Terrain\n|-heal|p2a: howl me a river|16\/100|[from] item: Leftovers\n|-heal|p1a: Florges|81\/100 brn|[from] Grassy Terrain\n|-heal|p1a: Florges|87\/100 brn|[from] item: Leftovers\n|-damage|p1a: Florges|81\/100 brn|[from] brn\n|-fieldend|move: Grassy Terrain\n|upkeep\n|turn|32\n|\n|t:|1699572302\n|move|p2a: howl me a river|Body Press|p1a: Florges\n|-resisted|p1a: Florges\n|-damage|p1a: Florges|32\/100 brn\n|move|p1a: Florges|Moonblast|p2a: howl me a river\n|-supereffective|p2a: howl me a river\n|-damage|p2a: howl me a river|0 fnt\n|faint|p2a: howl me a river\n|\n|-heal|p1a: Florges|38\/100 brn|[from] item: Leftovers\n|-damage|p1a: Florges|32\/100 brn|[from] brn\n|upkeep\n|\n|t:|1699572310\n|switch|p2a: leGOAT|Serperior, M, tera:Fire|18\/100\n|turn|33\n|\n|t:|1699572320\n|move|p2a: leGOAT|Leaf Storm|p1a: Florges\n|-damage|p1a: Florges|2\/100 brn\n|-boost|p2a: leGOAT|spa|2\n|move|p1a: Florges|Moonblast|p2a: leGOAT\n|-resisted|p2a: leGOAT\n|-damage|p2a: leGOAT|0 fnt\n|faint|p2a: leGOAT\n|\n|-heal|p1a: Florges|9\/100 brn|[from] item: Leftovers\n|-damage|p1a: Florges|2\/100 brn|[from] brn\n|upkeep\n|\n|t:|1699572325\n|switch|p2a: romhack mon|Samurott-Hisui, M|100\/100\n|turn|34\n|\n|t:|1699572331\n|move|p2a: romhack mon|Ceaseless Edge|p1a: Florges\n|-resisted|p1a: Florges\n|-damage|p1a: Florges|0 fnt\n|-sidestart|p1: daniel241595|Spikes\n|faint|p1a: Florges\n|\n|upkeep\n|\n|t:|1699572334\n|switch|p1a: Rillaboom|Rillaboom, M|100\/100\n|-damage|p1a: Rillaboom|88\/100|[from] Spikes\n|-fieldstart|move: Grassy Terrain|[from] ability: Grassy Surge|[of] p1a: Rillaboom\n|turn|35\n|\n|t:|1699572338\n|move|p1a: Rillaboom|Grassy Glide|p2a: romhack mon\n|-supereffective|p2a: romhack mon\n|-enditem|p2a: romhack mon|Focus Sash\n|-damage|p2a: romhack mon|1\/100\n|move|p2a: romhack mon|Knock Off|p1a: Rillaboom\n|-damage|p1a: Rillaboom|38\/100\n|-enditem|p1a: Rillaboom|Choice Band|[from] move: Knock Off|[of] p2a: romhack mon\n|\n|-heal|p1a: Rillaboom|44\/100|[from] Grassy Terrain\n|-heal|p2a: romhack mon|7\/100|[from] Grassy Terrain\n|upkeep\n|turn|36\n|c|\u2606TheSerperiorSnivy|gg\n|\n|t:|1699572344\n|move|p1a: Rillaboom|Grassy Glide|p2a: romhack mon\n|-supereffective|p2a: romhack mon\n|-damage|p2a: romhack mon|0 fnt\n|faint|p2a: romhack mon\n|\n|win|daniel241595\n|raw|daniel241595's rating: 1505 &rarr; <strong>1519<\/strong><br \/>(+14 for winning)\n|raw|TheSerperiorSnivy's rating: 1402 &rarr; <strong>1388<\/strong><br \/>(-14 for losing)\n|c|\u2606daniel241595|gg\n","uploadtime":1699572348,"views":7,"p1id":"daniel241595","p2id":"theserperiorsnivy","formatid":"gen9nationaldex","rating":1388,"private":0,"password":""}