{"id":"gen9nationaldex-1989972545","p1":"Void280","p2":"Arlo Ghost","format":"[Gen 9] National Dex","log":"|j|\u2606Void280\n|j|\u2606Arlo Ghost\n|t:|1699911471\n|gametype|singles\n|player|p1|Void280|cynthia-masters|\n|player|p2|Arlo Ghost|mars|\n|teamsize|p1|6\n|teamsize|p2|6\n|gen|9\n|tier|[Gen 9] National Dex\n|rule|HP Percentage Mod: HP is shown in percentages\n|rule|Endless Battle Clause: Forcing endless battles is banned\n|rule|OHKO Clause: OHKO moves are banned\n|rule|Evasion Clause: Evasion abilities, items, and moves are banned\n|rule|Evasion Abilities Clause: Evasion abilities are banned\n|rule|Evasion Items Clause: Evasion items are banned\n|rule|Evasion Moves Clause: Evasion moves are banned\n|rule|Species Clause: Limit one of each Pok\u00e9mon\n|rule|Sleep Clause Mod: Limit one foe put to sleep\n|clearpoke\n|poke|p1|Great Tusk|\n|poke|p1|Ogerpon-Wellspring, F|\n|poke|p1|Lopunny, M|\n|poke|p1|Hydreigon, M|\n|poke|p1|Skeledirge, M|\n|poke|p1|Espeon, F|\n|poke|p2|Mandibuzz, F|\n|poke|p2|Greninja-*, M|\n|poke|p2|Tyranitar, M|\n|poke|p2|Muk-Alola, M|\n|poke|p2|Grimmsnarl, M|\n|poke|p2|Hydreigon, M|\n|teampreview\n|c|\u2606Arlo Ghost|https:\/\/www.youtube.com\/watch?v=35pUQDrKy5A\n|j| Leviatan4\n|j| PeppsiAsiEs\n|c| PeppsiAsiEs|esto se va a volver epico papus\n|j| matu 1402\n|c|\u2606Void280|Justo de Grimm tenia que ser?\n|c| Leviatan4|Wenas\n|c|\u2606Arlo Ghost|es de la vasija pura\n|c| Leviatan4|No c que hago aqu\u00ed\n|c| matu 1402|Suerte a ambos\n|c| Leviatan4|Suerte Void :D\n|\n|t:|1699911534\n|start\n|switch|p1a: Ansel|Lopunny, M, shiny|100\/100\n|switch|p2a: Sherkemo|Grimmsnarl, M|100\/100\n|turn|1\n|c| matu 1402|Ambos me caen bien xd\n|j| Sylveon(404)\n|c| matu 1402|No s\u00e9 a quien apoyar\n|\n|t:|1699911567\n|detailschange|p1a: Ansel|Lopunny-Mega, M, shiny\n|-mega|p1a: Ansel|Lopunny|Lopunnite\n|move|p1a: Ansel|Fake Out|p2a: Sherkemo\n|-damage|p2a: Sherkemo|77\/100\n|cant|p2a: Sherkemo|flinch\n|\n|upkeep\n|turn|2\n|c| PeppsiAsiEs|Yo solo digo que esta batalla ser\u00e1 legendaria\n|\n|t:|1699911594\n|switch|p1a: Hydra|Hydreigon, M|100\/100\n|move|p2a: Sherkemo|Reflect|p2a: Sherkemo\n|-sidestart|p2: Arlo Ghost|Reflect\n|\n|upkeep\n|turn|3\n|c| matu 1402|Arlo tiene m\u00e1s posibilidades\n|l| matu 1402\n|\n|t:|1699911605\n|move|p1a: Hydra|Flash Cannon|p2a: Sherkemo\n|-supereffective|p2a: Sherkemo\n|-damage|p2a: Sherkemo|16\/100\n|-damage|p1a: Hydra|91\/100|[from] item: Life Orb\n|move|p2a: Sherkemo|Spirit Break|p1a: Hydra\n|-supereffective|p1a: Hydra\n|-damage|p1a: Hydra|0 fnt\n|faint|p1a: Hydra\n|\n|upkeep\n|\n|t:|1699911611\n|switch|p1a: Ansel|Lopunny-Mega, M, shiny|100\/100\n|turn|4\n|j| matu 1402\n|\n|t:|1699911614\n|switch|p2a: Winona|Mandibuzz, F|100\/100\n|move|p1a: Ansel|Fake Out|p2a: Winona\n|-damage|p2a: Winona|94\/100\n|-damage|p1a: Ansel|84\/100|[from] item: Rocky Helmet|[of] p2a: Winona\n|\n|upkeep\n|turn|5\n|\n|t:|1699911619\n|switch|p1a: Kilo|Great Tusk|100\/100\n|move|p2a: Winona|Toxic|p1a: Kilo\n|-status|p1a: Kilo|tox\n|\n|-damage|p1a: Kilo|94\/100 tox|[from] psn\n|upkeep\n|turn|6\n|\n|t:|1699911626\n|move|p1a: Kilo|Knock Off|p2a: Winona\n|-resisted|p2a: Winona\n|-damage|p2a: Winona|88\/100\n|-damage|p1a: Kilo|78\/100 tox|[from] item: Rocky Helmet|[of] p2a: Winona\n|-enditem|p2a: Winona|Rocky Helmet|[from] move: Knock Off|[of] p1a: Kilo\n|move|p2a: Winona|Foul Play|p1a: Kilo\n|-resisted|p1a: Kilo\n|-damage|p1a: Kilo|60\/100 tox\n|\n|-damage|p1a: Kilo|47\/100 tox|[from] psn\n|upkeep\n|turn|7\n|c| matu 1402|Arlo y yo llevamos el mismo Mandy?\n|\n|t:|1699911651\n|-end|p1a: Kilo|Protosynthesis|[silent]\n|switch|p1a: Yuna|Ogerpon-Wellspring, F|100\/100\n|move|p2a: Winona|Foul Play|p1a: Yuna\n|-damage|p1a: Yuna|44\/100\n|\n|upkeep\n|turn|8\n|c| Sylveon(404)|sis\n|c| Sylveon(404)|las mismas ratas\n|c| Sylveon(404)|:v\n|c| matu 1402|Xd\n|\n|t:|1699911665\n|move|p1a: Yuna|Spiky Shield|p1a: Yuna\n|-singleturn|p1a: Yuna|move: Protect\n|move|p2a: Winona|Foul Play|p1a: Yuna\n|-activate|p1a: Yuna|move: Protect\n|-damage|p2a: Winona|76\/100|[from] Spiky Shield|[of] p1a: Yuna\n|\n|upkeep\n|turn|9\n|\n|t:|1699911673\n|move|p1a: Yuna|Ivy Cudgel|p2a: Winona\n|-damage|p2a: Winona|60\/100\n|move|p2a: Winona|Foul Play|p1a: Yuna\n|-damage|p1a: Yuna|0 fnt\n|faint|p1a: Yuna\n|\n|-sideend|p2: Arlo Ghost|Reflect\n|upkeep\n|\n|t:|1699911682\n|switch|p1a: Rose|Espeon, F|100\/100\n|turn|10\n|\n|t:|1699911685\n|switch|p2a: Sherkemo|Grimmsnarl, M|16\/100\n|-zpower|p1a: Rose\n|move|p1a: Rose|Z-Celebrate|p1a: Rose|[anim]Celebrate\n|-boost|p1a: Rose|atk|1|[zeffect]\n|-boost|p1a: Rose|def|1|[zeffect]\n|-boost|p1a: Rose|spa|1|[zeffect]\n|-boost|p1a: Rose|spd|1|[zeffect]\n|-boost|p1a: Rose|spe|1|[zeffect]\n|-activate|p1a: Rose|move: Celebrate\n|\n|upkeep\n|turn|11\n|c| matu 1402|Que te haga llorar no quira decir que sea de rata (hablo el menos rata xd)\n|\n|t:|1699911695\n|move|p2a: Sherkemo|Light Screen|p2a: Sherkemo\n|-sidestart|p2: Arlo Ghost|move: Light Screen\n|move|p1a: Rose|Dazzling Gleam|p2a: Sherkemo\n|-supereffective|p2a: Sherkemo\n|-damage|p2a: Sherkemo|0 fnt\n|faint|p2a: Sherkemo\n|\n|upkeep\n|\n|t:|1699911698\n|switch|p2a: Marijuano|Muk-Alola, M|100\/100\n|turn|12\n|c| Sylveon(404)|no diga nada de mi umbre\n|\n|t:|1699911707\n|switch|p1a: Kilo|Great Tusk|47\/100 tox\n|move|p2a: Marijuano|Knock Off|p1a: Kilo\n|-resisted|p1a: Kilo\n|-damage|p1a: Kilo|34\/100 tox\n|-enditem|p1a: Kilo|Choice Scarf|[from] move: Knock Off|[of] p2a: Marijuano\n|\n|-damage|p1a: Kilo|28\/100 tox|[from] psn\n|upkeep\n|turn|13\n|\n|t:|1699911712\n|switch|p2a: Winona|Mandibuzz, F|60\/100\n|move|p1a: Kilo|Headlong Rush|p2a: Winona\n|-immune|p2a: Winona\n|\n|-damage|p1a: Kilo|16\/100 tox|[from] psn\n|upkeep\n|turn|14\n|\n|t:|1699911715\n|move|p1a: Kilo|Ice Spinner|p2a: Winona\n|-supereffective|p2a: Winona\n|-damage|p2a: Winona|24\/100\n|move|p2a: Winona|Roost|p2a: Winona\n|-heal|p2a: Winona|74\/100\n|-singleturn|p2a: Winona|move: Roost\n|\n|-damage|p1a: Kilo|0 fnt|[from] psn\n|faint|p1a: Kilo\n|-end|p1a: Kilo|Protosynthesis|[silent]\n|upkeep\n|\n|t:|1699911731\n|switch|p1a: Ansel|Lopunny-Mega, M, shiny|84\/100\n|turn|15\n|c|\u2606Void280|Nada nada\n|\n|t:|1699911737\n|move|p1a: Ansel|Fake Out|p2a: Winona\n|-damage|p2a: Winona|63\/100\n|cant|p2a: Winona|flinch\n|\n|upkeep\n|turn|16\n|\n|t:|1699911742\n|move|p1a: Ansel|Triple Axel|p2a: Winona\n|-supereffective|p2a: Winona\n|-damage|p2a: Winona|54\/100\n|-supereffective|p2a: Winona\n|-damage|p2a: Winona|37\/100\n|-supereffective|p2a: Winona\n|-damage|p2a: Winona|11\/100\n|-hitcount|p2a: Winona|3\n|move|p2a: Winona|Foul Play|p1a: Ansel\n|-resisted|p1a: Ansel\n|-damage|p1a: Ansel|53\/100\n|\n|upkeep\n|turn|17\n|\n|t:|1699911750\n|move|p1a: Ansel|Thunder Punch|p2a: Winona\n|-supereffective|p2a: Winona\n|-damage|p2a: Winona|0 fnt\n|faint|p2a: Winona\n|\n|upkeep\n|\n|t:|1699911756\n|switch|p2a: El Cumbia Ninja|Greninja, M|100\/100\n|turn|18\n|\n|t:|1699911761\n|move|p2a: El Cumbia Ninja|Hydro Pump|p1a: Ansel\n|-start|p2a: El Cumbia Ninja|typechange|Water|[from] ability: Protean\n|-damage|p1a: Ansel|0 fnt\n|faint|p1a: Ansel\n|\n|-sideend|p2: Arlo Ghost|move: Light Screen\n|upkeep\n|\n|t:|1699911767\n|switch|p1a: Rose|Espeon, F|100\/100\n|turn|19\n|\n|t:|1699911773\n|switch|p2a: Marijuano|Muk-Alola, M|100\/100\n|move|p1a: Rose|Dazzling Gleam|p2a: Marijuano\n|-damage|p2a: Marijuano|89\/100\n|\n|upkeep\n|turn|20\n|c| matu 1402|No eh visto fallar ni uno de ese a Arlo\n|\n|t:|1699911780\n|move|p1a: Rose|Calm Mind|p1a: Rose\n|-boost|p1a: Rose|spa|1\n|-boost|p1a: Rose|spd|1\n|move|p2a: Marijuano|Knock Off|p1a: Rose\n|-supereffective|p1a: Rose\n|-damage|p1a: Rose|12\/100\n|\n|upkeep\n|turn|21\n|\n|t:|1699911786\n|move|p2a: Marijuano|Shadow Sneak|p1a: Rose\n|-supereffective|p1a: Rose\n|-damage|p1a: Rose|0 fnt\n|faint|p1a: Rose\n|\n|upkeep\n|\n|t:|1699911788\n|switch|p1a: Ethan|Skeledirge, M|100\/100\n|turn|22\n|\n|t:|1699911800\n|-terastallize|p1a: Ethan|Grass\n|move|p1a: Ethan|Torch Song|p2a: Marijuano\n|-damage|p2a: Marijuano|73\/100\n|-boost|p1a: Ethan|spa|1\n|move|p2a: Marijuano|Knock Off|p1a: Ethan\n|-damage|p1a: Ethan|65\/100\n|-enditem|p1a: Ethan|Choice Scarf|[from] move: Knock Off|[of] p2a: Marijuano\n|\n|upkeep\n|turn|23\n|\n|t:|1699911809\n|move|p1a: Ethan|Torch Song|p2a: Marijuano\n|-damage|p2a: Marijuano|51\/100\n|-boost|p1a: Ethan|spa|1\n|move|p2a: Marijuano|Poison Jab|p1a: Ethan\n|-supereffective|p1a: Ethan\n|-damage|p1a: Ethan|9\/100\n|-status|p1a: Ethan|psn\n|\n|-damage|p1a: Ethan|0 fnt|[from] psn\n|faint|p1a: Ethan\n|\n|win|Arlo Ghost\n|upkeep\n|c|\u2606Void280|ggs\n|c|\u2606Arlo Ghost|juego, set y partido\n|c|\u2606Arlo Ghost|gg\n|c| PeppsiAsiEs|gg\n|c| matu 1402|Gg\n|l| Sylveon(404)\n|l| matu 1402\n|l|\u2606Void280\n|j| matu 1402\n|l| matu 1402\n","uploadtime":1699911823,"views":7,"p1id":"void280","p2id":"arloghost","formatid":"gen9nationaldex","rating":0,"private":0,"password":""}