{"id":"gen9nationaldex-1995247297","p1":"SpecsGastr0","p2":"DungeonTzar","format":"[Gen 9] National Dex","log":"|html|<div class=\"broadcast-blue\"><strong>[Gen 9] National Dex is currently suspecting Sneasler! For information on how to participate check out the <a href=\"https:\/\/www.smogon.com\/forums\/threads\/sv-national-dex-suspect-8-just-dance.3731534\/\">suspect thread<\/a>.<\/strong><\/div>\n|j|\u2606SpecsGastr0\n|j|\u2606DungeonTzar\n|t:|1700539746\n|gametype|singles\n|player|p1|SpecsGastr0|colress|1153\n|player|p2|DungeonTzar|linebacker|1084\n|teamsize|p1|6\n|teamsize|p2|6\n|gen|9\n|tier|[Gen 9] National Dex\n|rated|\n|rule|HP Percentage Mod: HP is shown in percentages\n|rule|Endless Battle Clause: Forcing endless battles is banned\n|rule|OHKO Clause: OHKO moves are banned\n|rule|Evasion Clause: Evasion abilities, items, and moves are banned\n|rule|Evasion Abilities Clause: Evasion abilities are banned\n|rule|Evasion Items Clause: Evasion items are banned\n|rule|Evasion Moves Clause: Evasion moves are banned\n|rule|Species Clause: Limit one of each Pok\u00e9mon\n|rule|Sleep Clause Mod: Limit one foe put to sleep\n|clearpoke\n|poke|p1|Pidgeot, M|\n|poke|p1|Raikou|\n|poke|p1|Manaphy|\n|poke|p1|Sneasel-Hisui, F|\n|poke|p1|Unfezant, M|\n|poke|p1|Drednaw, M|\n|poke|p2|Thundurus-Therian, M|\n|poke|p2|Aggron, F|\n|poke|p2|Volcanion|\n|poke|p2|Landorus-Therian, M|\n|poke|p2|Chansey, F|\n|poke|p2|Corviknight, M|\n|teampreview\n|inactive|Battle timer is ON: inactive players will automatically lose when time's up. (requested by DungeonTzar)\n|\n|t:|1700539771\n|start\n|switch|p1a: Hassan the Wag|Pidgeot, M|100\/100\n|switch|p2a: Chansey|Chansey, F|100\/100\n|turn|1\n|\n|t:|1700539776\n|move|p1a: Hassan the Wag|Rain Dance|p1a: Hassan the Wag\n|-weather|RainDance\n|move|p2a: Chansey|Stealth Rock|p1a: Hassan the Wag\n|-sidestart|p1: SpecsGastr0|move: Stealth Rock\n|\n|-weather|RainDance|[upkeep]\n|upkeep\n|turn|2\n|\n|t:|1700539785\n|move|p1a: Hassan the Wag|U-turn|p2a: Chansey\n|-damage|p2a: Chansey|92\/100\n|\n|t:|1700539807\n|switch|p1a: Voyager|Manaphy|100\/100|[from] U-turn\n|-damage|p1a: Voyager|88\/100|[from] Stealth Rock\n|move|p2a: Chansey|Seismic Toss|p1a: Voyager\n|-damage|p1a: Voyager|63\/100\n|\n|-weather|RainDance|[upkeep]\n|-heal|p1a: Voyager|70\/100|[from] item: Leftovers\n|upkeep\n|turn|3\n|\n|t:|1700539816\n|move|p1a: Voyager|Tail Glow|p1a: Voyager\n|-boost|p1a: Voyager|spa|3\n|move|p2a: Chansey|Seismic Toss|p1a: Voyager\n|-damage|p1a: Voyager|45\/100\n|\n|-weather|RainDance|[upkeep]\n|-heal|p1a: Voyager|51\/100|[from] item: Leftovers\n|upkeep\n|turn|4\n|\n|t:|1700539827\n|move|p1a: Voyager|Surf|p2a: Chansey\n|-damage|p2a: Chansey|41\/100\n|move|p2a: Chansey|Seismic Toss|p1a: Voyager\n|-damage|p1a: Voyager|26\/100\n|\n|-weather|RainDance|[upkeep]\n|-heal|p1a: Voyager|32\/100|[from] item: Leftovers\n|upkeep\n|turn|5\n|\n|t:|1700539834\n|move|p1a: Voyager|Rest|p1a: Voyager\n|-status|p1a: Voyager|slp|[from] move: Rest\n|-heal|p1a: Voyager|100\/100 slp|[silent]\n|move|p2a: Chansey|Soft-Boiled|p2a: Chansey\n|-heal|p2a: Chansey|92\/100\n|\n|-weather|RainDance|[upkeep]\n|-activate|p1a: Voyager|ability: Hydration\n|-curestatus|p1a: Voyager|slp|[msg]\n|upkeep\n|turn|6\n|l|\u2606DungeonTzar\n|inactive|DungeonTzar disconnected and has a minute to reconnect!\n|player|p2|\n|j|\u2606DungeonTzar\n|inactive|DungeonTzar reconnected and has 105 seconds left.\n|player|p2|DungeonTzar|linebacker\n|\n|t:|1700539889\n|move|p1a: Voyager|Surf|p2a: Chansey\n|-damage|p2a: Chansey|41\/100\n|move|p2a: Chansey|Seismic Toss|p1a: Voyager\n|-damage|p1a: Voyager|76\/100\n|\n|-weather|RainDance|[upkeep]\n|-heal|p1a: Voyager|82\/100|[from] item: Leftovers\n|upkeep\n|turn|7\n|\n|t:|1700539897\n|switch|p2a: Corviknight|Corviknight, M|100\/100\n|-ability|p2a: Corviknight|Pressure\n|move|p1a: Voyager|Surf|p2a: Corviknight\n|-damage|p2a: Corviknight|0 fnt\n|faint|p2a: Corviknight\n|\n|-weather|RainDance|[upkeep]\n|-heal|p1a: Voyager|88\/100|[from] item: Leftovers\n|upkeep\n|\n|t:|1700539906\n|switch|p2a: Thundurus|Thundurus-Therian, M|100\/100\n|turn|8\n|\n|t:|1700539911\n|move|p2a: Thundurus|Volt Switch|p1a: Voyager\n|-supereffective|p1a: Voyager\n|-damage|p1a: Voyager|8\/100\n|inactive|DungeonTzar has 120 seconds left.\n|\n|t:|1700539918\n|switch|p2a: Chansey|Chansey, F|41\/100|[from] Volt Switch\n|move|p1a: Voyager|Ice Beam|p2a: Chansey\n|-damage|p2a: Chansey|18\/100\n|\n|-weather|none\n|-heal|p1a: Voyager|14\/100|[from] item: Leftovers\n|upkeep\n|turn|9\n|\n|t:|1700539928\n|move|p1a: Voyager|Surf|p2a: Chansey\n|-damage|p2a: Chansey|0 fnt\n|faint|p2a: Chansey\n|\n|-heal|p1a: Voyager|20\/100|[from] item: Leftovers\n|upkeep\n|inactive|DungeonTzar has 120 seconds left.\n|\n|t:|1700539942\n|switch|p2a: Thundurus|Thundurus-Therian, M|100\/100\n|turn|10\n|\n|t:|1700539960\n|switch|p1a: Overload|Raikou|100\/100\n|-damage|p1a: Overload|88\/100|[from] Stealth Rock\n|move|p2a: Thundurus|Volt Switch|p1a: Overload\n|-resisted|p1a: Overload\n|-damage|p1a: Overload|65\/100\n|\n|t:|1700539965\n|switch|p2a: Landorus|Landorus-Therian, M|100\/100|[from] Volt Switch\n|-ability|p2a: Landorus|Intimidate|boost\n|-fail|p1a: Overload|unboost|Attack|[from] ability: Inner Focus|[of] p1a: Overload\n|\n|upkeep\n|turn|11\n|\n|t:|1700539974\n|switch|p1a: Hassan the Wag|Pidgeot, M|100\/100\n|-damage|p1a: Hassan the Wag|76\/100|[from] Stealth Rock\n|move|p2a: Landorus|Earthquake|p1a: Hassan the Wag\n|-immune|p1a: Hassan the Wag\n|\n|upkeep\n|turn|12\n|l|\u2606DungeonTzar\n|inactive|DungeonTzar disconnected and has a minute to reconnect!\n|player|p2|\n|inactive|DungeonTzar has 30 seconds to reconnect!\n|j|\u2606DungeonTzar\n|inactive|DungeonTzar reconnected and has 110 seconds left.\n|player|p2|DungeonTzar|linebacker\n|\n|t:|1700540021\n|move|p1a: Hassan the Wag|Rain Dance|p1a: Hassan the Wag\n|-weather|RainDance\n|move|p2a: Landorus|Knock Off|p1a: Hassan the Wag\n|-damage|p1a: Hassan the Wag|22\/100\n|-enditem|p1a: Hassan the Wag|Damp Rock|[from] move: Knock Off|[of] p2a: Landorus\n|\n|-weather|RainDance|[upkeep]\n|upkeep\n|turn|13\n|\n|t:|1700540042\n|move|p1a: Hassan the Wag|Hurricane|p2a: Landorus\n|-damage|p2a: Landorus|55\/100\n|move|p2a: Landorus|Knock Off|p1a: Hassan the Wag\n|-damage|p1a: Hassan the Wag|0 fnt\n|faint|p1a: Hassan the Wag\n|\n|-weather|RainDance|[upkeep]\n|-heal|p2a: Landorus|61\/100|[from] item: Leftovers\n|upkeep\n|inactive|SpecsGastr0 has 120 seconds left.\n|\n|t:|1700540075\n|switch|p1a: Killing Edge+|Unfezant, M|100\/100\n|-damage|p1a: Killing Edge+|76\/100|[from] Stealth Rock\n|turn|14\n|\n|t:|1700540082\n|move|p1a: Killing Edge+|Night Slash|p2a: Landorus\n|-crit|p2a: Landorus\n|-damage|p2a: Landorus|22\/100\n|move|p2a: Landorus|Knock Off|p1a: Killing Edge+\n|-damage|p1a: Killing Edge+|30\/100\n|-enditem|p1a: Killing Edge+|Razor Claw|[from] move: Knock Off|[of] p2a: Landorus\n|\n|-weather|RainDance|[upkeep]\n|-heal|p2a: Landorus|28\/100|[from] item: Leftovers\n|upkeep\n|turn|15\n|inactive|DungeonTzar has 120 seconds left.\n|\n|t:|1700540097\n|move|p1a: Killing Edge+|Night Slash|p2a: Landorus\n|-crit|p2a: Landorus\n|-damage|p2a: Landorus|0 fnt\n|faint|p2a: Landorus\n|\n|-weather|RainDance|[upkeep]\n|upkeep\n|inactive|DungeonTzar has 120 seconds left.\n|\n|t:|1700540102\n|switch|p2a: Thundurus|Thundurus-Therian, M|100\/100\n|turn|16\n|\n|t:|1700540108\n|move|p2a: Thundurus|Nasty Plot|p2a: Thundurus\n|-boost|p2a: Thundurus|spa|2\n|move|p1a: Killing Edge+|Return|p2a: Thundurus\n|-crit|p2a: Thundurus\n|-damage|p2a: Thundurus|0 fnt\n|faint|p2a: Thundurus\n|\n|-weather|RainDance|[upkeep]\n|upkeep\n|\n|t:|1700540112\n|switch|p2a: Volcanion|Volcanion|100\/100\n|turn|17\n|\n|t:|1700540123\n|move|p1a: Killing Edge+|Return|p2a: Volcanion\n|-damage|p2a: Volcanion|63\/100\n|move|p2a: Volcanion|Steam Eruption|p1a: Killing Edge+\n|-damage|p1a: Killing Edge+|0 fnt\n|faint|p1a: Killing Edge+\n|\n|-weather|RainDance|[upkeep]\n|upkeep\n|\n|t:|1700540132\n|switch|p1a: Overload|Raikou|65\/100\n|-damage|p1a: Overload|52\/100|[from] Stealth Rock\n|turn|18\n|\n|t:|1700540142\n|move|p1a: Overload|Thunder|p2a: Volcanion\n|-supereffective|p2a: Volcanion\n|-damage|p2a: Volcanion|0 fnt\n|faint|p2a: Volcanion\n|\n|-weather|RainDance|[upkeep]\n|upkeep\n|\n|t:|1700540153\n|switch|p2a: Aggron|Aggron, F|100\/100\n|turn|19\n|\n|t:|1700540160\n|detailschange|p2a: Aggron|Aggron-Mega, F\n|-mega|p2a: Aggron|Aggron|Aggronite\n|move|p1a: Overload|Thunder|p2a: Aggron\n|-damage|p2a: Aggron|46\/100\n|move|p2a: Aggron|Body Press|p1a: Overload\n|-damage|p1a: Overload|0 fnt\n|faint|p1a: Overload\n|\n|-weather|none\n|upkeep\n|\n|t:|1700540171\n|switch|p1a: Woundbutton|Sneasel-Hisui, F|100\/100\n|-damage|p1a: Woundbutton|95\/100|[from] Stealth Rock\n|turn|20\n|\n|t:|1700540174\n|move|p1a: Woundbutton|Close Combat|p2a: Aggron\n|-supereffective|p2a: Aggron\n|-damage|p2a: Aggron|0 fnt\n|-unboost|p1a: Woundbutton|def|1\n|-unboost|p1a: Woundbutton|spd|1\n|faint|p2a: Aggron\n|\n|win|SpecsGastr0\n|raw|SpecsGastr0's rating: 1153 &rarr; <strong>1173<\/strong><br \/>(+20 for winning)\n|raw|DungeonTzar's rating: 1084 &rarr; <strong>1066<\/strong><br \/>(-18 for losing)\n|c|\u2606DungeonTzar|gg!\n|c|\u2606SpecsGastr0|gg!\n","uploadtime":1700540188,"views":19,"p1id":"specsgastr0","p2id":"dungeontzar","formatid":"gen9nationaldex","rating":1066,"private":0,"password":""}