{"id":"gen9nationaldex-1993242431","p1":"KarmaNightraide","p2":"coolmanchew666","format":"[Gen 9] National Dex","log":"|j|\u2606KarmaNightraide\n|j|\u2606coolmanchew666\n|t:|1700283038\n|gametype|singles\n|player|p1|KarmaNightraide|unknown|1123\n|player|p2|coolmanchew666|sabrina|1054\n|teamsize|p1|6\n|teamsize|p2|6\n|gen|9\n|tier|[Gen 9] National Dex\n|rated|\n|rule|HP Percentage Mod: HP is shown in percentages\n|rule|Endless Battle Clause: Forcing endless battles is banned\n|rule|OHKO Clause: OHKO moves are banned\n|rule|Evasion Clause: Evasion abilities, items, and moves are banned\n|rule|Evasion Abilities Clause: Evasion abilities are banned\n|rule|Evasion Items Clause: Evasion items are banned\n|rule|Evasion Moves Clause: Evasion moves are banned\n|rule|Species Clause: Limit one of each Pok\u00e9mon\n|rule|Sleep Clause Mod: Limit one foe put to sleep\n|clearpoke\n|poke|p1|Drifblim, M|\n|poke|p1|Runerigus, M|\n|poke|p1|Chandelure, M|\n|poke|p1|Jellicent, M|\n|poke|p1|Mimikyu, M|\n|poke|p1|Froslass, F|\n|poke|p2|Golem, F|\n|poke|p2|Raichu, M|\n|poke|p2|Froslass, F|\n|poke|p2|Zoroark, M|\n|poke|p2|Victreebel, F|\n|poke|p2|Delphox, F|\n|teampreview\n|\n|t:|1700283044\n|start\n|switch|p1a: Icy Wifey|Froslass, F, shiny|100\/100\n|switch|p2a: Golem|Golem, F|100\/100\n|turn|1\n|inactive|Battle timer is ON: inactive players will automatically lose when time's up. (requested by coolmanchew666)\n|\n|t:|1700283051\n|move|p1a: Icy Wifey|Swagger|p2a: Golem|[miss]\n|-miss|p1a: Icy Wifey|p2a: Golem\n|move|p2a: Golem|Stealth Rock|p1a: Icy Wifey\n|-sidestart|p1: KarmaNightraide|move: Stealth Rock\n|\n|upkeep\n|turn|2\n|\n|t:|1700283059\n|-terastallize|p1a: Icy Wifey|Grass\n|move|p1a: Icy Wifey|Swagger|p2a: Golem\n|-boost|p2a: Golem|atk|2\n|-enditem|p1a: Icy Wifey|Mirror Herb\n|-boost|p1a: Icy Wifey|atk|2|[from] item: Mirror Herb\n|-start|p2a: Golem|confusion\n|-activate|p2a: Golem|confusion\n|move|p2a: Golem|Iron Defense|p2a: Golem\n|-boost|p2a: Golem|def|2\n|\n|upkeep\n|turn|3\n|\n|t:|1700283081\n|move|p1a: Icy Wifey|Trailblaze|p2a: Golem\n|-supereffective|p2a: Golem\n|-damage|p2a: Golem|30\/100\n|-boost|p1a: Icy Wifey|spe|1\n|-end|p2a: Golem|confusion\n|move|p2a: Golem|Earthquake|p1a: Icy Wifey\n|-resisted|p1a: Icy Wifey\n|-damage|p1a: Icy Wifey|14\/100\n|\n|-heal|p2a: Golem|36\/100|[from] item: Leftovers\n|upkeep\n|turn|4\n|\n|t:|1700283093\n|move|p1a: Icy Wifey|Trailblaze|p2a: Golem\n|-supereffective|p2a: Golem\n|-damage|p2a: Golem|0 fnt\n|-boost|p1a: Icy Wifey|spe|1\n|faint|p2a: Golem\n|\n|upkeep\n|\n|t:|1700283099\n|switch|p2a: Delphox|Delphox, F|100\/100\n|turn|5\n|\n|t:|1700283121\n|move|p1a: Icy Wifey|Poltergeist|p2a: Delphox\n|-activate|p2a: Delphox|move: Poltergeist|Chesto Berry\n|-supereffective|p2a: Delphox\n|-damage|p2a: Delphox|0 fnt\n|faint|p2a: Delphox\n|\n|upkeep\n|\n|t:|1700283132\n|switch|p2a: Victreebel|Victreebel, F|100\/100\n|turn|6\n|\n|t:|1700283140\n|move|p1a: Icy Wifey|Triple Axel|p2a: Victreebel\n|-supereffective|p2a: Victreebel\n|-damage|p2a: Victreebel|49\/100\n|-enditem|p2a: Victreebel|Enigma Berry|[eat]\n|-heal|p2a: Victreebel|74\/100|[from] item: Enigma Berry|[of] p1a: Icy Wifey\n|-supereffective|p2a: Victreebel\n|-damage|p2a: Victreebel|0 fnt\n|faint|p2a: Victreebel\n|-hitcount|p2: Victreebel|2\n|\n|upkeep\n|\n|t:|1700283151\n|switch|p2a: Froslass|Froslass, F|100\/100\n|turn|7\n|\n|t:|1700283156\n|move|p1a: Icy Wifey|Poltergeist|p2a: Froslass\n|-activate|p2a: Froslass|move: Poltergeist|Focus Sash\n|-supereffective|p2a: Froslass\n|-enditem|p2a: Froslass|Focus Sash\n|-damage|p2a: Froslass|1\/100\n|move|p2a: Froslass|Destiny Bond|p2a: Froslass\n|-singlemove|p2a: Froslass|Destiny Bond\n|\n|upkeep\n|turn|8\n|\n|t:|1700283173\n|move|p1a: Icy Wifey|Swagger|p2a: Froslass|[miss]\n|-miss|p1a: Icy Wifey|p2a: Froslass\n|move|p2a: Froslass|Icicle Crash|p1a: Icy Wifey\n|-supereffective|p1a: Icy Wifey\n|-damage|p1a: Icy Wifey|0 fnt\n|faint|p1a: Icy Wifey\n|\n|upkeep\n|\n|t:|1700283180\n|switch|p1a: 'Lil guy my man|Mimikyu, M|100\/100\n|-damage|p1a: 'Lil guy my man|88\/100|[from] Stealth Rock\n|turn|9\n|\n|t:|1700283188\n|move|p1a: 'Lil guy my man|Shadow Sneak|p2a: Froslass\n|-supereffective|p2a: Froslass\n|-damage|p2a: Froslass|0 fnt\n|faint|p2a: Froslass\n|\n|upkeep\n|\n|t:|1700283192\n|switch|p2a: Raichu|Raichu, M|100\/100\n|turn|10\n|\n|t:|1700283200\n|switch|p1a: Ragnar\u00f6k|Runerigus, M|100\/100\n|-damage|p1a: Ragnar\u00f6k|94\/100|[from] Stealth Rock\n|move|p2a: Raichu|Dark Pulse|p1a: Ragnar\u00f6k\n|-supereffective|p1a: Ragnar\u00f6k\n|-damage|p1a: Ragnar\u00f6k|45\/100\n|\n|-damage|p2a: Raichu|88\/100|[from] item: Black Sludge\n|upkeep\n|turn|11\n|\n|t:|1700283211\n|move|p2a: Raichu|Nasty Plot|p2a: Raichu\n|-boost|p2a: Raichu|spa|2\n|move|p1a: Ragnar\u00f6k|Earthquake|p2a: Raichu\n|-damage|p2a: Raichu|0 fnt\n|replace|p2a: Zoroark|Zoroark, M, shiny\n|-end|p2a: Zoroark|Illusion\n|faint|p2a: Zoroark\n|\n|upkeep\n|\n|t:|1700283218\n|switch|p2a: Raichu|Raichu, M|100\/100\n|-item|p2a: Raichu|Air Balloon\n|turn|12\n|\n|t:|1700283228\n|move|p2a: Raichu|Surf|p1a: Ragnar\u00f6k\n|-supereffective|p1a: Ragnar\u00f6k\n|-damage|p1a: Ragnar\u00f6k|9\/100\n|move|p1a: Ragnar\u00f6k|Poltergeist|p2a: Raichu\n|-activate|p2a: Raichu|move: Poltergeist|Air Balloon\n|-damage|p2a: Raichu|0 fnt\n|-enditem|p2a: Raichu|Air Balloon\n|faint|p2a: Raichu\n|\n|win|KarmaNightraide\n|raw|KarmaNightraide's rating: 1123 &rarr; <strong>1143<\/strong><br \/>(+20 for winning)\n|raw|coolmanchew666's rating: 1054 &rarr; <strong>1039<\/strong><br \/>(-15 for losing)\n|l|\u2606coolmanchew666\n|l|\u2606KarmaNightraide\n|j|\u2606KarmaNightraide\n|player|p1|KarmaNightraide|unknown\n","uploadtime":1700283251,"views":11,"p1id":"karmanightraide","p2id":"coolmanchew666","formatid":"gen9nationaldex","rating":1039,"private":0,"password":""}