{"id":"gen9nationaldex-1992446591","p1":"ehh21","p2":"Garchompbestpsuedo","format":"[Gen 9] National Dex","log":"|j|\u2606ehh21\n|j|\u2606Garchompbestpsuedo\n|t:|1700188614\n|gametype|singles\n|player|p1|ehh21|101|1123\n|player|p2|Garchompbestpsuedo|lyra|1058\n|teamsize|p1|6\n|teamsize|p2|6\n|gen|9\n|tier|[Gen 9] National Dex\n|rated|\n|rule|HP Percentage Mod: HP is shown in percentages\n|rule|Endless Battle Clause: Forcing endless battles is banned\n|rule|OHKO Clause: OHKO moves are banned\n|rule|Evasion Clause: Evasion abilities, items, and moves are banned\n|rule|Evasion Abilities Clause: Evasion abilities are banned\n|rule|Evasion Items Clause: Evasion items are banned\n|rule|Evasion Moves Clause: Evasion moves are banned\n|rule|Species Clause: Limit one of each Pok\u00e9mon\n|rule|Sleep Clause Mod: Limit one foe put to sleep\n|clearpoke\n|poke|p1|Swellow, M|\n|poke|p1|Kartana|\n|poke|p1|Beedrill, M|\n|poke|p1|Zapdos-Galar|\n|poke|p1|Komala, M|\n|poke|p1|Wugtrio, F|\n|poke|p2|Samurott-Hisui, F|\n|poke|p2|Breloom, M|\n|poke|p2|Rapidash, F|\n|poke|p2|Staraptor, M|\n|poke|p2|Crabominable, F|\n|poke|p2|Electivire, M|\n|teampreview\n|inactive|Battle timer is ON: inactive players will automatically lose when time's up. (requested by Garchompbestpsuedo)\n|c|\u2606ehh21|scary team\n|\n|t:|1700188662\n|start\n|switch|p1a: Beedrill|Beedrill, M, shiny|100\/100\n|switch|p2a: Samurott|Samurott-Hisui, F|100\/100\n|turn|1\n|c|\u2606Garchompbestpsuedo|Yours or mine?\n|c|\u2606ehh21|yours\n|\n|t:|1700188681\n|detailschange|p1a: Beedrill|Beedrill-Mega, M, shiny\n|-mega|p1a: Beedrill|Beedrill|Beedrillite\n|-terastallize|p2a: Samurott|Fighting\n|move|p1a: Beedrill|U-turn|p2a: Samurott\n|-resisted|p2a: Samurott\n|-damage|p2a: Samurott|69\/100\n|\n|t:|1700188690\n|switch|p1a: Swellow|Swellow, M|100\/100|[from] U-turn\n|move|p2a: Samurott|Ceaseless Edge|p1a: Swellow\n|-damage|p1a: Swellow|10\/100\n|-sidestart|p1: ehh21|Spikes\n|\n|-heal|p2a: Samurott|75\/100|[from] item: Leftovers\n|upkeep\n|turn|2\n|\n|t:|1700188700\n|-terastallize|p1a: Swellow|Normal\n|move|p2a: Samurott|Aqua Jet|p1a: Swellow\n|-damage|p1a: Swellow|0 fnt\n|faint|p1a: Swellow\n|\n|-heal|p2a: Samurott|81\/100|[from] item: Leftovers\n|upkeep\n|c|\u2606ehh21|cheater\n|c|\u2606ehh21|haha jk\n|\n|t:|1700188710\n|switch|p1a: Komala|Komala, M|100\/100\n|-damage|p1a: Komala|88\/100|[from] Spikes\n|-ability|p1a: Komala|Comatose\n|turn|3\n|\n|t:|1700188715\n|move|p2a: Samurott|Sacred Sword|p1a: Komala\n|-supereffective|p1a: Komala\n|-damage|p1a: Komala|0 fnt\n|faint|p1a: Komala\n|\n|-heal|p2a: Samurott|87\/100|[from] item: Leftovers\n|upkeep\n|\n|t:|1700188725\n|switch|p1a: Wugtrio|Wugtrio, F|100\/100\n|-damage|p1a: Wugtrio|88\/100|[from] Spikes\n|turn|4\n|\n|t:|1700188735\n|move|p1a: Wugtrio|Triple Dive|p2a: Samurott|[miss]\n|-miss|p1a: Wugtrio|p2a: Samurott\n|move|p2a: Samurott|Ceaseless Edge|p1a: Wugtrio\n|-damage|p1a: Wugtrio|0 fnt\n|-ability|p1a: Wugtrio|Gooey\n|-unboost|p2a: Samurott|spe|1\n|-sidestart|p1: ehh21|Spikes\n|faint|p1a: Wugtrio\n|\n|-heal|p2a: Samurott|94\/100|[from] item: Leftovers\n|upkeep\n|c|\u2606ehh21|okay xD\n|\n|t:|1700188746\n|switch|p1a: Zapdos|Zapdos-Galar, shiny|100\/100\n|turn|5\n|\n|t:|1700188758\n|switch|p2a: Breloom|Breloom, M|100\/100\n|-zpower|p1a: Zapdos\n|move|p1a: Zapdos|Supersonic Skystrike|p2a: Breloom|[zeffect]\n|-supereffective|p2a: Breloom\n|-damage|p2a: Breloom|0 fnt\n|faint|p2a: Breloom\n|\n|upkeep\n|\n|t:|1700188768\n|switch|p2a: Electivire|Electivire, M|100\/100\n|turn|6\n|\n|t:|1700188787\n|move|p1a: Zapdos|Thunderous Kick|p2a: Electivire\n|-damage|p2a: Electivire|24\/100\n|-unboost|p2a: Electivire|def|1\n|move|p2a: Electivire|Wild Charge|p1a: Zapdos\n|-supereffective|p1a: Zapdos\n|-damage|p1a: Zapdos|0 fnt\n|faint|p1a: Zapdos\n|-damage|p2a: Electivire|0 fnt|[from] Recoil\n|faint|p2a: Electivire\n|\n|upkeep\n|\n|t:|1700188800\n|switch|p1a: Beedrill|Beedrill-Mega, M, shiny|100\/100\n|switch|p2a: Rapidash|Rapidash, F|100\/100\n|-damage|p1a: Beedrill|84\/100|[from] Spikes\n|turn|7\n|\n|t:|1700188809\n|move|p1a: Beedrill|Poison Jab|p2a: Rapidash\n|-damage|p2a: Rapidash|0 fnt\n|faint|p2a: Rapidash\n|\n|upkeep\n|\n|t:|1700188830\n|switch|p2a: Staraptor|Staraptor, M|100\/100\n|turn|8\n|\n|t:|1700188835\n|move|p1a: Beedrill|Poison Jab|p2a: Staraptor\n|-damage|p2a: Staraptor|1\/100\n|move|p2a: Staraptor|Brave Bird|p1a: Beedrill\n|-supereffective|p1a: Beedrill\n|-damage|p1a: Beedrill|0 fnt\n|faint|p1a: Beedrill\n|-damage|p2a: Staraptor|0 fnt|[from] Recoil\n|faint|p2a: Staraptor\n|\n|upkeep\n|c|\u2606ehh21|ok -.-\n|c|\u2606ehh21|hahaha\n|\n|t:|1700188854\n|switch|p1a: Kartana|Kartana, shiny|100\/100\n|switch|p2a: Crabominable|Crabominable, F|100\/100\n|-damage|p1a: Kartana|84\/100|[from] Spikes\n|turn|9\n|\n|t:|1700188865\n|move|p1a: Kartana|Sacred Sword|p2a: Crabominable\n|-supereffective|p2a: Crabominable\n|-damage|p2a: Crabominable|0 fnt\n|faint|p2a: Crabominable\n|-ability|p1a: Kartana|Beast Boost|boost\n|-boost|p1a: Kartana|atk|1\n|\n|upkeep\n|\n|t:|1700188872\n|switch|p2a: Samurott|Samurott-Hisui, F, tera:Fighting|94\/100\n|turn|10\n|\n|t:|1700188876\n|move|p1a: Kartana|Sacred Sword|p2a: Samurott\n|-damage|p2a: Samurott|6\/100\n|move|p2a: Samurott|Sacred Sword|p1a: Kartana\n|-supereffective|p1a: Kartana\n|-damage|p1a: Kartana|0 fnt\n|faint|p1a: Kartana\n|\n|win|Garchompbestpsuedo\n|raw|ehh21's rating: 1123 &rarr; <strong>1093<\/strong><br \/>(-30 for losing)\n|raw|Garchompbestpsuedo's rating: 1058 &rarr; <strong>1095<\/strong><br \/>(+37 for winning)\n|c|\u2606ehh21|man\n|c|\u2606ehh21|fuck\n|c|\u2606ehh21|this\n|c|\u2606ehh21|game\n|c|\u2606ehh21|hahaha\n|c|\u2606Garchompbestpsuedo|GG\n|c|\u2606ehh21|no\n","uploadtime":1700188886,"views":4,"p1id":"ehh21","p2id":"garchompbestpsuedo","formatid":"gen9nationaldex","rating":1093,"private":0,"password":""}