{"id":"gen9nationaldex-1989379169","p1":"STK OTG","p2":"Champion Clade","format":"[Gen 9] National Dex","log":"|j|\u2606STK OTG\n|j|\u2606Champion Clade\n|t:|1699842839\n|gametype|singles\n|player|p1|STK OTG|boarder|1295\n|player|p2|Champion Clade|2|1325\n|teamsize|p1|6\n|teamsize|p2|6\n|gen|9\n|tier|[Gen 9] National Dex\n|rated|\n|rule|HP Percentage Mod: HP is shown in percentages\n|rule|Endless Battle Clause: Forcing endless battles is banned\n|rule|OHKO Clause: OHKO moves are banned\n|rule|Evasion Clause: Evasion abilities, items, and moves are banned\n|rule|Evasion Abilities Clause: Evasion abilities are banned\n|rule|Evasion Items Clause: Evasion items are banned\n|rule|Evasion Moves Clause: Evasion moves are banned\n|rule|Species Clause: Limit one of each Pok\u00e9mon\n|rule|Sleep Clause Mod: Limit one foe put to sleep\n|clearpoke\n|poke|p1|Lopunny, M|\n|poke|p1|Tapu Koko|\n|poke|p1|Iron Leaves|\n|poke|p1|Iron Valiant|\n|poke|p1|Samurott-Hisui, M|\n|poke|p1|Garchomp, F|\n|poke|p2|Goodra-Hisui, F|\n|poke|p2|Cinderace, F|\n|poke|p2|Arcanine-Hisui, F|\n|poke|p2|Dragalge, F|\n|poke|p2|Flygon, F|\n|poke|p2|Cetitan, M|\n|teampreview\n|\n|t:|1699842858\n|start\n|switch|p1a: Spikes curry|Samurott-Hisui, M, shiny|100\/100\n|switch|p2a: Dragalge|Dragalge, F|100\/100\n|turn|1\n|\n|t:|1699842863\n|move|p1a: Spikes curry|Ceaseless Edge|p2a: Dragalge\n|-damage|p2a: Dragalge|53\/100\n|-sidestart|p2: Champion Clade|Spikes\n|move|p2a: Dragalge|Acid Armor|p2a: Dragalge\n|-boost|p2a: Dragalge|def|2\n|\n|-heal|p2a: Dragalge|59\/100|[from] item: Black Sludge\n|upkeep\n|turn|2\n|\n|t:|1699842874\n|switch|p1a: Kyrie Ervaliant|Iron Valiant, shiny|100\/100\n|-enditem|p1a: Kyrie Ervaliant|Booster Energy\n|-activate|p1a: Kyrie Ervaliant|ability: Quark Drive|[fromitem]\n|-start|p1a: Kyrie Ervaliant|quarkdrivespe\n|move|p2a: Dragalge|Sludge Wave|p1a: Kyrie Ervaliant\n|-supereffective|p1a: Kyrie Ervaliant\n|-damage|p1a: Kyrie Ervaliant|0 fnt\n|faint|p1a: Kyrie Ervaliant\n|-end|p1a: Kyrie Ervaliant|Quark Drive|[silent]\n|\n|-heal|p2a: Dragalge|65\/100|[from] item: Black Sludge\n|upkeep\n|\n|t:|1699842885\n|switch|p1a: OG L0|Lopunny, M, shiny|100\/100\n|turn|3\n|\n|t:|1699842888\n|detailschange|p1a: OG L0|Lopunny-Mega, M, shiny\n|-mega|p1a: OG L0|Lopunny|Lopunnite\n|move|p1a: OG L0|Fake Out|p2a: Dragalge\n|-damage|p2a: Dragalge|54\/100\n|cant|p2a: Dragalge|flinch\n|\n|-heal|p2a: Dragalge|60\/100|[from] item: Black Sludge\n|upkeep\n|turn|4\n|\n|t:|1699842895\n|switch|p1a: Lechomp|Garchomp, F|100\/100\n|move|p2a: Dragalge|Sludge Wave|p1a: Lechomp\n|-resisted|p1a: Lechomp\n|-damage|p1a: Lechomp|77\/100\n|\n|-heal|p1a: Lechomp|84\/100|[from] item: Leftovers\n|-heal|p2a: Dragalge|66\/100|[from] item: Black Sludge\n|upkeep\n|turn|5\n|\n|t:|1699842903\n|move|p2a: Dragalge|Dragon Pulse|p1a: Lechomp\n|-supereffective|p1a: Lechomp\n|-damage|p1a: Lechomp|0 fnt\n|faint|p1a: Lechomp\n|\n|-heal|p2a: Dragalge|72\/100|[from] item: Black Sludge\n|upkeep\n|c|\u2606STK OTG|how were u faster\n|c|\u2606Champion Clade|i have no idea\n|c|\u2606STK OTG|my chomps speed is 259????\n|c|\u2606Champion Clade|were u gonna use dragon tail?\n|c|\u2606STK OTG|yea\n|c|\u2606Champion Clade|that's why\n|c|\u2606Champion Clade|it has minus 1 priority i think\n|c|\u2606STK OTG|what sense when\n|\n|t:|1699843009\n|switch|p1a: Joel Embleaves|Iron Leaves|100\/100\n|turn|6\n|c|\u2606Champion Clade|idk since a while at least\n|\n|t:|1699843037\n|move|p1a: Joel Embleaves|Psyblade|p2a: Dragalge\n|-supereffective|p2a: Dragalge\n|-damage|p2a: Dragalge|12\/100\n|move|p2a: Dragalge|Sludge Wave|p1a: Joel Embleaves\n|-supereffective|p1a: Joel Embleaves\n|-damage|p1a: Joel Embleaves|0 fnt\n|faint|p1a: Joel Embleaves\n|-end|p1a: Joel Embleaves|Quark Drive|[silent]\n|\n|-heal|p2a: Dragalge|18\/100|[from] item: Black Sludge\n|upkeep\n|\n|t:|1699843055\n|switch|p1a: OG L0|Lopunny-Mega, M, shiny|100\/100\n|turn|7\n|\n|t:|1699843061\n|move|p1a: OG L0|Return|p2a: Dragalge\n|-damage|p2a: Dragalge|0 fnt\n|faint|p2a: Dragalge\n|\n|upkeep\n|\n|t:|1699843086\n|switch|p2a: Goodra|Goodra-Hisui, F|100\/100\n|-damage|p2a: Goodra|88\/100|[from] Spikes\n|turn|8\n|\n|t:|1699843092\n|switch|p1a: Spikes curry|Samurott-Hisui, M, shiny|100\/100\n|-terastallize|p2a: Goodra|Dragon\n|move|p2a: Goodra|Draco Meteor|p1a: Spikes curry\n|-enditem|p1a: Spikes curry|Focus Sash\n|-damage|p1a: Spikes curry|1\/100\n|-unboost|p2a: Goodra|spa|2\n|\n|upkeep\n|turn|9\n|\n|t:|1699843101\n|switch|p2a: Cinderace|Cinderace, F|100\/100\n|move|p1a: Spikes curry|Sacred Sword|p2a: Cinderace\n|-damage|p2a: Cinderace|38\/100\n|\n|upkeep\n|turn|10\n|\n|t:|1699843110\n|move|p1a: Spikes curry|Sucker Punch|p2a: Cinderace\n|-damage|p2a: Cinderace|0 fnt\n|faint|p2a: Cinderace\n|\n|upkeep\n|\n|t:|1699843114\n|switch|p2a: Arcanine|Arcanine-Hisui, F|100\/100\n|-damage|p2a: Arcanine|88\/100|[from] Spikes\n|turn|11\n|\n|t:|1699843119\n|move|p2a: Arcanine|Extreme Speed|p1a: Spikes curry\n|-damage|p1a: Spikes curry|0 fnt\n|faint|p1a: Spikes curry\n|\n|upkeep\n|\n|t:|1699843121\n|switch|p1a: OG L0|Lopunny-Mega, M, shiny|100\/100\n|turn|12\n|\n|t:|1699843125\n|switch|p2a: Goodra|Goodra-Hisui, F, tera:Dragon|88\/100\n|-damage|p2a: Goodra|76\/100|[from] Spikes\n|move|p1a: OG L0|Close Combat|p2a: Goodra\n|-damage|p2a: Goodra|18\/100\n|-unboost|p1a: OG L0|def|1\n|-unboost|p1a: OG L0|spd|1\n|-ability|p2a: Goodra|Gooey\n|-unboost|p1a: OG L0|spe|1\n|\n|upkeep\n|turn|13\n|\n|t:|1699843137\n|move|p1a: OG L0|Close Combat|p2a: Goodra\n|-damage|p2a: Goodra|0 fnt\n|-unboost|p1a: OG L0|def|1\n|-unboost|p1a: OG L0|spd|1\n|-ability|p2a: Goodra|Gooey\n|-unboost|p1a: OG L0|spe|1\n|faint|p2a: Goodra\n|\n|upkeep\n|\n|t:|1699843145\n|switch|p2a: Flygon|Flygon, F|100\/100\n|turn|14\n|\n|t:|1699843150\n|switch|p1a: Tapola Kokic|Tapu Koko, shiny|100\/100\n|-fieldstart|move: Electric Terrain|[from] ability: Electric Surge|[of] p1a: Tapola Kokic\n|move|p2a: Flygon|Earthquake|p1a: Tapola Kokic\n|-supereffective|p1a: Tapola Kokic\n|-damage|p1a: Tapola Kokic|0 fnt\n|faint|p1a: Tapola Kokic\n|\n|upkeep\n|\n|t:|1699843152\n|switch|p1a: OG L0|Lopunny-Mega, M, shiny|100\/100\n|turn|15\n|\n|t:|1699843160\n|move|p1a: OG L0|Fake Out|p2a: Flygon\n|-damage|p2a: Flygon|71\/100\n|cant|p2a: Flygon|flinch\n|\n|upkeep\n|turn|16\n|\n|t:|1699843164\n|move|p1a: OG L0|Triple Axel|p2a: Flygon\n|-supereffective|p2a: Flygon\n|-damage|p2a: Flygon|34\/100\n|-supereffective|p2a: Flygon\n|-damage|p2a: Flygon|0 fnt\n|faint|p2a: Flygon\n|-hitcount|p2: Flygon|2\n|\n|upkeep\n|\n|t:|1699843171\n|switch|p2a: Cetitan|Cetitan, M|100\/100\n|-damage|p2a: Cetitan|88\/100|[from] Spikes\n|turn|17\n|\n|t:|1699843175\n|move|p2a: Cetitan|Ice Shard|p1a: OG L0\n|-damage|p1a: OG L0|61\/100\n|move|p1a: OG L0|Close Combat|p2a: Cetitan\n|-supereffective|p2a: Cetitan\n|-damage|p2a: Cetitan|0 fnt\n|-unboost|p1a: OG L0|def|1\n|-unboost|p1a: OG L0|spd|1\n|faint|p2a: Cetitan\n|\n|upkeep\n|\n|t:|1699843183\n|switch|p2a: Arcanine|Arcanine-Hisui, F|88\/100\n|-damage|p2a: Arcanine|76\/100|[from] Spikes\n|turn|18\n|\n|t:|1699843187\n|move|p2a: Arcanine|Extreme Speed|p1a: OG L0\n|-damage|p1a: OG L0|8\/100\n|move|p1a: OG L0|Close Combat|p2a: Arcanine\n|-supereffective|p2a: Arcanine\n|-damage|p2a: Arcanine|0 fnt\n|-unboost|p1a: OG L0|def|1\n|-unboost|p1a: OG L0|spd|1\n|faint|p2a: Arcanine\n|\n|win|STK OTG\n|raw|STK OTG's rating: 1295 &rarr; <strong>1322<\/strong><br \/>(+27 for winning)\n|raw|Champion Clade's rating: 1325 &rarr; <strong>1303<\/strong><br \/>(-22 for losing)\n|c|\u2606Champion Clade|gg\n|c|\u2606STK OTG|gg\n|c|\u2606Champion Clade|fun game\n|l|\u2606Champion Clade\n","uploadtime":1699843201,"views":29,"p1id":"stkotg","p2id":"championclade","formatid":"gen9nationaldex","rating":1303,"private":0,"password":""}