{"id":"gen9nationaldex-1999326392","p1":"readingpaper","p2":"psng","format":"[Gen 9] National Dex","log":"|html|<div class=\"broadcast-blue\"><strong>[Gen 9] National Dex is currently suspecting Sneasler! For information on how to participate check out the <a href=\"https:\/\/www.smogon.com\/forums\/threads\/sv-national-dex-suspect-8-just-dance.3731534\/\">suspect thread<\/a>.<\/strong><\/div>\n|j|\u2606readingpaper\n|j|\u2606psng\n|t:|1701060765\n|gametype|singles\n|player|p1|readingpaper|170|1341\n|player|p2|psng|wallace|1472\n|teamsize|p1|6\n|teamsize|p2|6\n|gen|9\n|tier|[Gen 9] National Dex\n|rated|\n|rule|HP Percentage Mod: HP is shown in percentages\n|rule|Endless Battle Clause: Forcing endless battles is banned\n|rule|OHKO Clause: OHKO moves are banned\n|rule|Evasion Clause: Evasion abilities, items, and moves are banned\n|rule|Evasion Abilities Clause: Evasion abilities are banned\n|rule|Evasion Items Clause: Evasion items are banned\n|rule|Evasion Moves Clause: Evasion moves are banned\n|rule|Species Clause: Limit one of each Pok\u00e9mon\n|rule|Sleep Clause Mod: Limit one foe put to sleep\n|clearpoke\n|poke|p1|Pelipper, F|\n|poke|p1|Barraskewda, M|\n|poke|p1|Swampert, F|\n|poke|p1|Kingdra, M|\n|poke|p1|Moltres|\n|poke|p1|Ferrothorn, M|\n|poke|p2|Pelipper, F|\n|poke|p2|Tapu Lele|\n|poke|p2|Swampert, M|\n|poke|p2|Greninja-*, M|\n|poke|p2|Zapdos|\n|poke|p2|Ferrothorn, M|\n|teampreview\n|inactive|Battle timer is ON: inactive players will automatically lose when time's up. (requested by psng)\n|inactive|psng has 120 seconds left.\n|\n|t:|1701060799\n|start\n|switch|p1a: Ferrothorn|Ferrothorn, M|100\/100\n|switch|p2a: Tapu Lele|Tapu Lele, shiny|100\/100\n|-fieldstart|move: Psychic Terrain|[from] ability: Psychic Surge|[of] p2a: Tapu Lele\n|turn|1\n|\n|t:|1701060807\n|switch|p2a: Ferrothorn|Ferrothorn, M, shiny|100\/100\n|move|p1a: Ferrothorn|Stealth Rock|p2a: Ferrothorn\n|-sidestart|p2: psng|move: Stealth Rock\n|\n|upkeep\n|turn|2\n|\n|t:|1701060820\n|move|p1a: Ferrothorn|Toxic|p2a: Ferrothorn\n|-immune|p2a: Ferrothorn\n|move|p2a: Ferrothorn|Stealth Rock|p1a: Ferrothorn\n|-sidestart|p1: readingpaper|move: Stealth Rock\n|\n|upkeep\n|turn|3\n|\n|t:|1701060825\n|move|p1a: Ferrothorn|Toxic|p2a: Ferrothorn\n|-immune|p2a: Ferrothorn\n|move|p2a: Ferrothorn|Leech Seed|p1a: Ferrothorn\n|-immune|p1a: Ferrothorn\n|\n|upkeep\n|turn|4\n|\n|t:|1701060831\n|move|p1a: Ferrothorn|Leech Seed|p2a: Ferrothorn\n|-immune|p2a: Ferrothorn\n|move|p2a: Ferrothorn|Gyro Ball|p1a: Ferrothorn\n|-resisted|p1a: Ferrothorn\n|-damage|p1a: Ferrothorn|97\/100\n|-damage|p2a: Ferrothorn|88\/100|[from] ability: Iron Barbs|[of] p1a: Ferrothorn\n|-damage|p2a: Ferrothorn|72\/100|[from] item: Rocky Helmet|[of] p1a: Ferrothorn\n|\n|-heal|p2a: Ferrothorn|78\/100|[from] item: Leftovers\n|upkeep\n|turn|5\n|\n|t:|1701060841\n|move|p1a: Ferrothorn|Gyro Ball|p2a: Ferrothorn\n|-resisted|p2a: Ferrothorn\n|-damage|p2a: Ferrothorn|75\/100\n|-damage|p1a: Ferrothorn|85\/100|[from] ability: Iron Barbs|[of] p2a: Ferrothorn\n|move|p2a: Ferrothorn|Stealth Rock||[still]\n|-fail|p2a: Ferrothorn\n|\n|-heal|p2a: Ferrothorn|81\/100|[from] item: Leftovers\n|-fieldend|move: Psychic Terrain\n|upkeep\n|turn|6\n|\n|t:|1701060852\n|move|p1a: Ferrothorn|Toxic|p2a: Ferrothorn\n|-immune|p2a: Ferrothorn\n|move|p2a: Ferrothorn|Leech Seed|p1a: Ferrothorn\n|-immune|p1a: Ferrothorn\n|\n|-heal|p2a: Ferrothorn|87\/100|[from] item: Leftovers\n|upkeep\n|turn|7\n|\n|t:|1701060863\n|move|p1a: Ferrothorn|Toxic|p2a: Ferrothorn\n|-immune|p2a: Ferrothorn\n|move|p2a: Ferrothorn|Stealth Rock||[still]\n|-fail|p2a: Ferrothorn\n|\n|-heal|p2a: Ferrothorn|93\/100|[from] item: Leftovers\n|upkeep\n|turn|8\n|\n|t:|1701060869\n|move|p1a: Ferrothorn|Toxic|p2a: Ferrothorn\n|-immune|p2a: Ferrothorn\n|move|p2a: Ferrothorn|Leech Seed|p1a: Ferrothorn\n|-immune|p1a: Ferrothorn\n|\n|-heal|p2a: Ferrothorn|99\/100|[from] item: Leftovers\n|upkeep\n|turn|9\n|\n|t:|1701060876\n|move|p1a: Ferrothorn|Leech Seed|p2a: Ferrothorn\n|-immune|p2a: Ferrothorn\n|move|p2a: Ferrothorn|Leech Seed|p1a: Ferrothorn\n|-immune|p1a: Ferrothorn\n|\n|-heal|p2a: Ferrothorn|100\/100|[from] item: Leftovers\n|upkeep\n|turn|10\n|\n|t:|1701060883\n|move|p1a: Ferrothorn|Leech Seed|p2a: Ferrothorn\n|-immune|p2a: Ferrothorn\n|move|p2a: Ferrothorn|Stealth Rock||[still]\n|-fail|p2a: Ferrothorn\n|\n|upkeep\n|turn|11\n|c|\u2606psng|\u771f\u65e0\u8bed\n|c|\u2606readingpaper|\u5148\u8bfb\u65e0\u538b\u529b\n|\n|t:|1701060909\n|move|p1a: Ferrothorn|Leech Seed|p2a: Ferrothorn\n|-immune|p2a: Ferrothorn\n|move|p2a: Ferrothorn|Stealth Rock||[still]\n|-fail|p2a: Ferrothorn\n|\n|upkeep\n|turn|12\n|\n|t:|1701060921\n|move|p1a: Ferrothorn|Leech Seed|p2a: Ferrothorn\n|-immune|p2a: Ferrothorn\n|move|p2a: Ferrothorn|Leech Seed|p1a: Ferrothorn\n|-immune|p1a: Ferrothorn\n|\n|upkeep\n|turn|13\n|\n|t:|1701060928\n|move|p1a: Ferrothorn|Stealth Rock||[still]\n|-fail|p1a: Ferrothorn\n|move|p2a: Ferrothorn|Stealth Rock||[still]\n|-fail|p2a: Ferrothorn\n|\n|upkeep\n|turn|14\n|c|\u2606psng|\u8fd9\u5c31\u662f\u5185\u6218\u5417\n|\n|t:|1701060943\n|move|p1a: Ferrothorn|Stealth Rock||[still]\n|-fail|p1a: Ferrothorn\n|move|p2a: Ferrothorn|Gyro Ball|p1a: Ferrothorn\n|-resisted|p1a: Ferrothorn\n|-damage|p1a: Ferrothorn|81\/100\n|-damage|p2a: Ferrothorn|88\/100|[from] ability: Iron Barbs|[of] p1a: Ferrothorn\n|-damage|p2a: Ferrothorn|72\/100|[from] item: Rocky Helmet|[of] p1a: Ferrothorn\n|\n|-heal|p2a: Ferrothorn|78\/100|[from] item: Leftovers\n|upkeep\n|turn|15\n|c|\u2606readingpaper|\u6211\u4ee5\u524d\u73a9\u53d7\u7684\n|inactive|psng has 120 seconds left.\n|\n|t:|1701060968\n|move|p1a: Ferrothorn|Stealth Rock||[still]\n|-fail|p1a: Ferrothorn\n|move|p2a: Ferrothorn|Stealth Rock||[still]\n|-fail|p2a: Ferrothorn\n|\n|-heal|p2a: Ferrothorn|84\/100|[from] item: Leftovers\n|upkeep\n|turn|16\n|\n|t:|1701060975\n|switch|p1a: Moltres|Moltres|100\/100\n|move|p2a: Ferrothorn|Gyro Ball|p1a: Moltres\n|-resisted|p1a: Moltres\n|-damage|p1a: Moltres|82\/100\n|\n|-heal|p2a: Ferrothorn|90\/100|[from] item: Leftovers\n|upkeep\n|turn|17\n|\n|t:|1701060987\n|move|p2a: Ferrothorn|Protect|p2a: Ferrothorn\n|-singleturn|p2a: Ferrothorn|Protect\n|move|p1a: Moltres|U-turn|p2a: Ferrothorn\n|-activate|p2a: Ferrothorn|move: Protect\n|\n|-heal|p2a: Ferrothorn|96\/100|[from] item: Leftovers\n|upkeep\n|turn|18\n|\n|t:|1701061000\n|move|p1a: Moltres|Defog|p2a: Ferrothorn\n|-unboost|p2a: Ferrothorn|evasion|1\n|-sideend|p2: psng|Stealth Rock|[from] move: Defog|[of] p1a: Moltres\n|-sideend|p1: readingpaper|Stealth Rock|[from] move: Defog|[of] p1a: Moltres\n|move|p2a: Ferrothorn|Leech Seed|p1a: Moltres\n|-start|p1a: Moltres|move: Leech Seed\n|\n|-heal|p2a: Ferrothorn|100\/100|[from] item: Leftovers\n|-damage|p1a: Moltres|70\/100|[from] Leech Seed|[of] p2a: Ferrothorn\n|upkeep\n|turn|19\n|c|\u2606psng|\u6ca1\u706b\u5427\n|\n|t:|1701061011\n|switch|p1a: Barraskewda|Barraskewda, M, shiny|100\/100\n|move|p2a: Ferrothorn|Stealth Rock|p1a: Barraskewda\n|-sidestart|p1: readingpaper|move: Stealth Rock\n|\n|upkeep\n|turn|20\n|\n|t:|1701061017\n|-terastallize|p1a: Barraskewda|Water\n|move|p2a: Ferrothorn|Protect|p2a: Ferrothorn\n|-singleturn|p2a: Ferrothorn|Protect\n|move|p1a: Barraskewda|Close Combat|p2a: Ferrothorn\n|-activate|p2a: Ferrothorn|move: Protect\n|\n|upkeep\n|turn|21\n|\n|t:|1701061024\n|switch|p1a: Moltres|Moltres|70\/100\n|switch|p2a: Tapu Lele|Tapu Lele, shiny|100\/100\n|-fieldstart|move: Psychic Terrain|[from] ability: Psychic Surge|[of] p2a: Tapu Lele\n|\n|upkeep\n|turn|22\n|\n|t:|1701061032\n|move|p2a: Tapu Lele|Psychic|p1a: Moltres\n|-damage|p1a: Moltres|18\/100\n|move|p1a: Moltres|Defog|p2a: Tapu Lele\n|-unboost|p2a: Tapu Lele|evasion|1\n|-sideend|p1: readingpaper|Stealth Rock|[from] move: Defog|[of] p1a: Moltres\n|-fieldend|move: Psychic Terrain\n|\n|upkeep\n|turn|23\n|\n|t:|1701061043\n|switch|p1a: Ferrothorn|Ferrothorn, M|81\/100\n|move|p2a: Tapu Lele|Psychic|p1a: Ferrothorn\n|-resisted|p1a: Ferrothorn\n|-damage|p1a: Ferrothorn|65\/100\n|\n|upkeep\n|turn|24\n|\n|t:|1701061053\n|switch|p2a: Ferrothorn|Ferrothorn, M, shiny|100\/100\n|switch|p1a: Barraskewda|Barraskewda, M, shiny, tera:Water|100\/100\n|\n|upkeep\n|turn|25\n|c|\u2606psng|\u53c8\u6765\u4e86\n|c|\u2606psng|\u5e72\n|\n|t:|1701061061\n|move|p2a: Ferrothorn|Protect|p2a: Ferrothorn\n|-singleturn|p2a: Ferrothorn|Protect\n|move|p1a: Barraskewda|Flip Turn|p2a: Ferrothorn\n|-activate|p2a: Ferrothorn|move: Protect\n|\n|upkeep\n|turn|26\n|\n|t:|1701061072\n|switch|p1a: Ferrothorn|Ferrothorn, M|65\/100\n|move|p2a: Ferrothorn|Stealth Rock|p1a: Ferrothorn\n|-sidestart|p1: readingpaper|move: Stealth Rock\n|\n|upkeep\n|turn|27\n|\n|t:|1701061079\n|move|p1a: Ferrothorn|Stealth Rock|p2a: Ferrothorn\n|-sidestart|p2: psng|move: Stealth Rock\n|move|p2a: Ferrothorn|Gyro Ball|p1a: Ferrothorn\n|-resisted|p1a: Ferrothorn\n|-damage|p1a: Ferrothorn|62\/100\n|-damage|p2a: Ferrothorn|88\/100|[from] ability: Iron Barbs|[of] p1a: Ferrothorn\n|-damage|p2a: Ferrothorn|72\/100|[from] item: Rocky Helmet|[of] p1a: Ferrothorn\n|\n|-heal|p2a: Ferrothorn|78\/100|[from] item: Leftovers\n|upkeep\n|turn|28\n|\n|t:|1701061092\n|switch|p1a: Barraskewda|Barraskewda, M, shiny, tera:Water|100\/100\n|-damage|p1a: Barraskewda|88\/100|[from] Stealth Rock\n|move|p2a: Ferrothorn|Leech Seed|p1a: Barraskewda|[miss]\n|-miss|p2a: Ferrothorn|p1a: Barraskewda\n|\n|-heal|p2a: Ferrothorn|84\/100|[from] item: Leftovers\n|upkeep\n|turn|29\n|\n|t:|1701061102\n|move|p2a: Ferrothorn|Protect|p2a: Ferrothorn\n|-singleturn|p2a: Ferrothorn|Protect\n|move|p1a: Barraskewda|Close Combat|p2a: Ferrothorn\n|-activate|p2a: Ferrothorn|move: Protect\n|\n|-heal|p2a: Ferrothorn|90\/100|[from] item: Leftovers\n|upkeep\n|turn|30\n|\n|t:|1701061124\n|switch|p2a: Tapu Lele|Tapu Lele, shiny|100\/100\n|-damage|p2a: Tapu Lele|88\/100|[from] Stealth Rock\n|-fieldstart|move: Psychic Terrain|[from] ability: Psychic Surge|[of] p2a: Tapu Lele\n|move|p1a: Barraskewda|Close Combat|p2a: Tapu Lele\n|-resisted|p2a: Tapu Lele\n|-damage|p2a: Tapu Lele|67\/100\n|-unboost|p1a: Barraskewda|def|1\n|-unboost|p1a: Barraskewda|spd|1\n|\n|upkeep\n|turn|31\n|\n|t:|1701061136\n|switch|p1a: Swampert|Swampert, F|100\/100\n|-damage|p1a: Swampert|94\/100|[from] Stealth Rock\n|move|p2a: Tapu Lele|Psychic|p1a: Swampert\n|-damage|p1a: Swampert|35\/100\n|-unboost|p1a: Swampert|spd|1\n|\n|upkeep\n|turn|32\n|\n|t:|1701061155\n|switch|p1a: Ferrothorn|Ferrothorn, M|62\/100\n|-damage|p1a: Ferrothorn|56\/100|[from] Stealth Rock\n|move|p2a: Tapu Lele|Psychic|p1a: Ferrothorn\n|-resisted|p1a: Ferrothorn\n|-damage|p1a: Ferrothorn|34\/100\n|-unboost|p1a: Ferrothorn|spd|1\n|\n|upkeep\n|turn|33\n|\n|t:|1701061164\n|move|p2a: Tapu Lele|Psychic|p1a: Ferrothorn\n|-resisted|p1a: Ferrothorn\n|-damage|p1a: Ferrothorn|0 fnt\n|faint|p1a: Ferrothorn\n|\n|upkeep\n|\n|t:|1701061170\n|switch|p1a: Pelipper|Pelipper, F|100\/100\n|-damage|p1a: Pelipper|76\/100|[from] Stealth Rock\n|-weather|RainDance|[from] ability: Drizzle|[of] p1a: Pelipper\n|turn|34\n|c|\u2606psng|\u8c22\u8c22\n|\n|t:|1701061176\n|move|p2a: Tapu Lele|Psychic|p1a: Pelipper\n|-damage|p1a: Pelipper|0 fnt\n|faint|p1a: Pelipper\n|\n|-weather|RainDance|[upkeep]\n|-fieldend|move: Psychic Terrain\n|upkeep\n|\n|t:|1701061180\n|switch|p1a: Kingdra|Kingdra, M|100\/100\n|-damage|p1a: Kingdra|88\/100|[from] Stealth Rock\n|turn|35\n|\n|t:|1701061193\n|switch|p2a: Ferrothorn|Ferrothorn, M, shiny|90\/100\n|-damage|p2a: Ferrothorn|84\/100|[from] Stealth Rock\n|move|p1a: Kingdra|Hurricane|p2a: Ferrothorn\n|-damage|p2a: Ferrothorn|55\/100\n|-start|p2a: Ferrothorn|confusion\n|\n|-weather|RainDance|[upkeep]\n|-heal|p2a: Ferrothorn|61\/100|[from] item: Leftovers\n|upkeep\n|turn|36\n|\n|t:|1701061202\n|move|p1a: Kingdra|Hurricane|p2a: Ferrothorn\n|-damage|p2a: Ferrothorn|33\/100\n|-activate|p2a: Ferrothorn|confusion\n|-damage|p2a: Ferrothorn|26\/100|[from] confusion\n|\n|-weather|RainDance|[upkeep]\n|-heal|p2a: Ferrothorn|32\/100|[from] item: Leftovers\n|upkeep\n|turn|37\n|\n|t:|1701061209\n|-activate|p2a: Ferrothorn|confusion\n|-damage|p2a: Ferrothorn|25\/100|[from] confusion\n|move|p1a: Kingdra|Hurricane|p2a: Ferrothorn\n|-damage|p2a: Ferrothorn|0 fnt\n|faint|p2a: Ferrothorn\n|\n|-weather|RainDance|[upkeep]\n|upkeep\n|\n|t:|1701061229\n|switch|p2a: Zapdos|Zapdos, shiny|100\/100\n|-damage|p2a: Zapdos|76\/100|[from] Stealth Rock\n|turn|38\n|\n|t:|1701061236\n|switch|p1a: Moltres|Moltres|18\/100\n|-zpower|p2a: Zapdos\n|move|p2a: Zapdos|Supersonic Skystrike|p1a: Moltres|[zeffect]\n|-damage|p1a: Moltres|0 fnt\n|faint|p1a: Moltres\n|\n|-weather|RainDance|[upkeep]\n|upkeep\n|\n|t:|1701061246\n|switch|p1a: Swampert|Swampert, F|35\/100\n|-damage|p1a: Swampert|29\/100|[from] Stealth Rock\n|turn|39\n|\n|t:|1701061260\n|detailschange|p1a: Swampert|Swampert-Mega, F\n|-mega|p1a: Swampert|Swampert|Swampertite\n|move|p1a: Swampert|Earthquake|p2a: Zapdos\n|-immune|p2a: Zapdos\n|move|p2a: Zapdos|Hurricane|p1a: Swampert\n|-damage|p1a: Swampert|0 fnt\n|faint|p1a: Swampert\n|\n|-weather|RainDance|[upkeep]\n|upkeep\n|-message|readingpaper forfeited.\n|\n|win|psng\n|raw|readingpaper's rating: 1341 &rarr; <strong>1328<\/strong><br \/>(-13 for losing)\n|raw|psng's rating: 1472 &rarr; <strong>1485<\/strong><br \/>(+13 for winning)\n|l|\u2606readingpaper\n","uploadtime":1701061277,"views":8,"p1id":"readingpaper","p2id":"psng","formatid":"gen9nationaldex","rating":1328,"private":0,"password":""}