{"id":"gen9nationaldex-1990566045","p1":"jruiz8142","p2":"Mex Flaxtz","format":"[Gen 9] National Dex","log":"|j|\u2606jruiz8142\n|j|\u2606Mex Flaxtz\n|t:|1699981942\n|gametype|singles\n|player|p1|jruiz8142|2|1372\n|player|p2|Mex Flaxtz|266|1478\n|teamsize|p1|6\n|teamsize|p2|6\n|gen|9\n|tier|[Gen 9] National Dex\n|rated|\n|rule|HP Percentage Mod: HP is shown in percentages\n|rule|Endless Battle Clause: Forcing endless battles is banned\n|rule|OHKO Clause: OHKO moves are banned\n|rule|Evasion Clause: Evasion abilities, items, and moves are banned\n|rule|Evasion Abilities Clause: Evasion abilities are banned\n|rule|Evasion Items Clause: Evasion items are banned\n|rule|Evasion Moves Clause: Evasion moves are banned\n|rule|Species Clause: Limit one of each Pok\u00e9mon\n|rule|Sleep Clause Mod: Limit one foe put to sleep\n|clearpoke\n|poke|p1|Crobat, M|\n|poke|p1|Inteleon, F|\n|poke|p1|Zapdos|\n|poke|p1|Rampardos, M|\n|poke|p1|Porygon2|\n|poke|p1|Zoroark-Hisui, M|\n|poke|p2|Garchomp, M|\n|poke|p2|Slowking-Galar, M|\n|poke|p2|Ferrothorn, F|\n|poke|p2|Skarmory, M|\n|poke|p2|Weavile, F|\n|poke|p2|Manaphy|\n|teampreview\n|inactive|Battle timer is ON: inactive players will automatically lose when time's up. (requested by Mex Flaxtz)\n|c|\u2606Mex Flaxtz|come on fking gay\n|n|\u203dMex Flaxtz|mexflaxtz\n|c|&|\/log Mex Flaxtz was locked from talking by Artemis. (\u2606Mex Flaxtz: come on fking gay)\n|c|&|\/raw <small>This action was done automatically. Want to learn more about the AI? <a href=\"https:\/\/www.smogon.com\/forums\/threads\/3570628\/#post-9056769\">Visit the information thread<\/a>.<\/small>\n|\n|t:|1699981997\n|start\n|switch|p1a: Crobat|Crobat, M|100\/100\n|switch|p2a: Snerasel Gaylola|Weavile, F|100\/100\n|-ability|p2a: Snerasel Gaylola|Pressure\n|turn|1\n|c|\u2606jruiz8142|lol\n|\n|t:|1699982011\n|move|p1a: Crobat|Nasty Plot|p1a: Crobat\n|-boost|p1a: Crobat|spa|2\n|move|p2a: Snerasel Gaylola|Ice Spinner|p1a: Crobat\n|-supereffective|p1a: Crobat\n|-enditem|p1a: Crobat|Focus Sash\n|-damage|p1a: Crobat|1\/100\n|\n|upkeep\n|turn|2\n|\n|t:|1699982020\n|move|p2a: Snerasel Gaylola|Ice Shard|p1a: Crobat\n|-supereffective|p1a: Crobat\n|-damage|p1a: Crobat|0 fnt\n|faint|p1a: Crobat\n|\n|upkeep\n|\n|t:|1699982042\n|switch|p1a: Porygon2|Porygon2|100\/100\n|turn|3\n|\n|t:|1699982047\n|move|p1a: Porygon2|Hyper Voice|p2a: Snerasel Gaylola\n|-damage|p2a: Snerasel Gaylola|38\/100\n|move|p2a: Snerasel Gaylola|Knock Off|p1a: Porygon2\n|-supereffective|p1a: Porygon2\n|-enditem|p1a: Porygon2|Focus Sash\n|-damage|p1a: Porygon2|1\/100\n|replace|p1a: Zoroark|Zoroark-Hisui, M\n|-end|p1a: Zoroark|Illusion\n|\n|upkeep\n|turn|4\n|\n|t:|1699982055\n|move|p2a: Snerasel Gaylola|Ice Shard|p1a: Zoroark\n|-damage|p1a: Zoroark|0 fnt\n|faint|p1a: Zoroark\n|\n|upkeep\n|\n|t:|1699982060\n|switch|p1a: Inteleon|Inteleon, F|100\/100\n|turn|5\n|\n|t:|1699982064\n|switch|p2a: Chunesey|Slowking-Galar, M, shiny|100\/100\n|move|p1a: Inteleon|Focus Energy|p1a: Inteleon\n|-start|p1a: Inteleon|move: Focus Energy\n|\n|upkeep\n|turn|6\n|\n|t:|1699982070\n|-terastallize|p1a: Inteleon|Water\n|move|p1a: Inteleon|Snipe Shot|p2a: Chunesey\n|-crit|p2a: Chunesey\n|-damage|p2a: Chunesey|22\/100\n|move|p2a: Chunesey|Thunder Wave|p1a: Inteleon\n|-status|p1a: Inteleon|par\n|\n|upkeep\n|turn|7\n|\n|t:|1699982078\n|switch|p2a: Ferrodown|Ferrothorn, F|100\/100\n|move|p1a: Inteleon|Snipe Shot|p2a: Ferrodown\n|-resisted|p2a: Ferrodown\n|-crit|p2a: Ferrodown\n|-damage|p2a: Ferrodown|60\/100\n|\n|-heal|p2a: Ferrodown|66\/100|[from] item: Leftovers\n|upkeep\n|turn|8\n|\n|t:|1699982085\n|move|p2a: Ferrodown|Protect|p2a: Ferrodown\n|-singleturn|p2a: Ferrodown|Protect\n|move|p1a: Inteleon|Ice Beam|p2a: Ferrodown\n|-activate|p2a: Ferrodown|move: Protect\n|\n|-heal|p2a: Ferrodown|73\/100|[from] item: Leftovers\n|upkeep\n|turn|9\n|\n|t:|1699982091\n|move|p1a: Inteleon|Ice Beam|p2a: Ferrodown\n|-crit|p2a: Ferrodown\n|-damage|p2a: Ferrodown|25\/100\n|move|p2a: Ferrodown|Spikes|p1a: Inteleon\n|-sidestart|p1: jruiz8142|Spikes\n|\n|-heal|p2a: Ferrodown|32\/100|[from] item: Leftovers\n|upkeep\n|turn|10\n|\n|t:|1699982098\n|move|p2a: Ferrodown|Protect|p2a: Ferrodown\n|-singleturn|p2a: Ferrodown|Protect\n|cant|p1a: Inteleon|par\n|\n|-heal|p2a: Ferrodown|38\/100|[from] item: Leftovers\n|upkeep\n|turn|11\n|\n|t:|1699982106\n|move|p1a: Inteleon|Ice Beam|p2a: Ferrodown\n|-crit|p2a: Ferrodown\n|-damage|p2a: Ferrodown|0 fnt\n|faint|p2a: Ferrodown\n|\n|upkeep\n|\n|t:|1699982114\n|switch|p2a: Snerasel Gaylola|Weavile, F|38\/100\n|-ability|p2a: Snerasel Gaylola|Pressure\n|turn|12\n|\n|t:|1699982120\n|-terastallize|p2a: Snerasel Gaylola|Dark\n|move|p2a: Snerasel Gaylola|Knock Off|p1a: Inteleon\n|-damage|p1a: Inteleon|0 fnt\n|-enditem|p1a: Inteleon|Scope Lens|[from] move: Knock Off|[of] p2a: Snerasel Gaylola\n|faint|p1a: Inteleon\n|\n|upkeep\n|\n|t:|1699982131\n|switch|p1a: Zapdos|Zapdos, shiny|100\/100\n|turn|13\n|\n|t:|1699982138\n|move|p2a: Snerasel Gaylola|Ice Spinner|p1a: Zapdos\n|-supereffective|p1a: Zapdos\n|-damage|p1a: Zapdos|0 fnt\n|faint|p1a: Zapdos\n|\n|upkeep\n|\n|t:|1699982151\n|switch|p1a: Rampardos|Rampardos, M, shiny|100\/100\n|-damage|p1a: Rampardos|88\/100|[from] Spikes\n|turn|14\n|\n|t:|1699982157\n|move|p2a: Snerasel Gaylola|Knock Off|p1a: Rampardos\n|-damage|p1a: Rampardos|0 fnt\n|-enditem|p1a: Rampardos|Choice Scarf|[from] move: Knock Off|[of] p2a: Snerasel Gaylola\n|faint|p1a: Rampardos\n|\n|upkeep\n|\n|t:|1699982162\n|switch|p1a: Porygon2|Porygon2|100\/100\n|-damage|p1a: Porygon2|88\/100|[from] Spikes\n|turn|15\n|\n|t:|1699982173\n|move|p2a: Snerasel Gaylola|Knock Off|p1a: Porygon2\n|-damage|p1a: Porygon2|48\/100\n|-enditem|p1a: Porygon2|Eviolite|[from] move: Knock Off|[of] p2a: Snerasel Gaylola\n|move|p1a: Porygon2|Thunderbolt|p2a: Snerasel Gaylola\n|-damage|p2a: Snerasel Gaylola|0 fnt\n|faint|p2a: Snerasel Gaylola\n|\n|upkeep\n|\n|t:|1699982178\n|switch|p2a: Homodown|Manaphy|100\/100\n|turn|16\n|\n|t:|1699982182\n|-zpower|p2a: Homodown\n|move|p2a: Homodown|Hydro Vortex|p1a: Porygon2|[zeffect]\n|-damage|p1a: Porygon2|0 fnt\n|faint|p1a: Porygon2\n|\n|win|Mex Flaxtz\n|raw|jruiz8142's rating: 1372 &rarr; <strong>1358<\/strong><br \/>(-14 for losing)\n|raw|Mex Flaxtz's rating: 1478 &rarr; <strong>1492<\/strong><br \/>(+14 for winning)\n","uploadtime":1699981990,"views":4,"p1id":"jruiz8142","p2id":"mexflaxtz","formatid":"gen9nationaldex","rating":1358,"private":0,"password":""}