{"id":"gen9nationaldex-1991413620","p1":"ryan_farhan","p2":"Nansral26","format":"[Gen 9] National Dex","log":"|j|\u2606ryan_farhan\n|j|\u2606Nansral26\n|t:|1700075047\n|gametype|singles\n|player|p1|ryan_farhan|1|1063\n|player|p2|Nansral26|hiker-gen4|1150\n|teamsize|p1|6\n|teamsize|p2|6\n|gen|9\n|tier|[Gen 9] National Dex\n|rated|\n|rule|HP Percentage Mod: HP is shown in percentages\n|rule|Endless Battle Clause: Forcing endless battles is banned\n|rule|OHKO Clause: OHKO moves are banned\n|rule|Evasion Clause: Evasion abilities, items, and moves are banned\n|rule|Evasion Abilities Clause: Evasion abilities are banned\n|rule|Evasion Items Clause: Evasion items are banned\n|rule|Evasion Moves Clause: Evasion moves are banned\n|rule|Species Clause: Limit one of each Pok\u00e9mon\n|rule|Sleep Clause Mod: Limit one foe put to sleep\n|clearpoke\n|poke|p1|Pikachu, M|\n|poke|p1|Bulbasaur, M|\n|poke|p1|Squirtle, M|\n|poke|p1|Charizard, M|\n|poke|p1|Lapras, M|\n|poke|p1|Snorlax, M|\n|poke|p2|Hawlucha, M|\n|poke|p2|Altaria, M|\n|poke|p2|Ferrothorn, F|\n|poke|p2|Chandelure, F|\n|poke|p2|Buzzwole|\n|poke|p2|Inteleon, M|\n|teampreview\n|inactive|Battle timer is ON: inactive players will automatically lose when time's up. (requested by Nansral26)\n|\n|t:|1700075062\n|start\n|switch|p1a: Charizard|Charizard, M|100\/100\n|switch|p2a: Buzzwole|Buzzwole|100\/100\n|turn|1\n|c|\u2606ryan_farhan|Gl\n|\n|t:|1700075073\n|switch|p1a: Squirtle|Squirtle, M|100\/100\n|switch|p2a: Chandelure|Chandelure, F|100\/100\n|\n|upkeep\n|turn|2\n|\n|t:|1700075081\n|-terastallize|p2a: Chandelure|Grass\n|move|p2a: Chandelure|Energy Ball|p1a: Squirtle\n|-supereffective|p1a: Squirtle\n|-damage|p1a: Squirtle|0 fnt\n|faint|p1a: Squirtle\n|\n|upkeep\n|\n|t:|1700075090\n|switch|p1a: Snorlax|Snorlax, M|100\/100\n|turn|3\n|\n|t:|1700075095\n|move|p2a: Chandelure|Fire Blast|p1a: Snorlax\n|-damage|p1a: Snorlax|64\/100\n|move|p1a: Snorlax|Ice Punch|p2a: Chandelure\n|-supereffective|p2a: Chandelure\n|-damage|p2a: Chandelure|43\/100\n|\n|upkeep\n|turn|4\n|\n|t:|1700075106\n|switch|p2a: Ferrothorn|Ferrothorn, F|100\/100\n|move|p1a: Snorlax|Ice Punch|p2a: Ferrothorn\n|-damage|p2a: Ferrothorn|86\/100\n|-damage|p1a: Snorlax|52\/100|[from] ability: Iron Barbs|[of] p2a: Ferrothorn\n|\n|upkeep\n|turn|5\n|\n|t:|1700075114\n|switch|p1a: Charizard|Charizard, M|100\/100\n|move|p2a: Ferrothorn|Knock Off|p1a: Charizard\n|-damage|p1a: Charizard|61\/100\n|-damage|p2a: Ferrothorn|76\/100|[from] item: Life Orb\n|\n|upkeep\n|turn|6\n|\n|t:|1700075122\n|detailschange|p1a: Charizard|Charizard-Mega-X, M\n|-mega|p1a: Charizard|Charizard|Charizardite X\n|move|p2a: Ferrothorn|Protect|p2a: Ferrothorn\n|-singleturn|p2a: Ferrothorn|Protect\n|move|p1a: Charizard|Dragon Dance|p1a: Charizard\n|-boost|p1a: Charizard|atk|1\n|-boost|p1a: Charizard|spe|1\n|\n|upkeep\n|turn|7\n|\n|t:|1700075129\n|switch|p2a: Chandelure|Chandelure, F, tera:Grass|43\/100\n|move|p1a: Charizard|Flare Blitz|p2a: Chandelure\n|-start|p2a: Chandelure|ability: Flash Fire\n|\n|upkeep\n|turn|8\n|\n|t:|1700075138\n|move|p1a: Charizard|Earthquake|p2a: Chandelure\n|-resisted|p2a: Chandelure\n|-damage|p2a: Chandelure|5\/100\n|move|p2a: Chandelure|Shadow Ball|p1a: Charizard\n|-damage|p1a: Charizard|0 fnt\n|faint|p1a: Charizard\n|\n|upkeep\n|\n|t:|1700075146\n|switch|p1a: Snorlax|Snorlax, M|52\/100\n|turn|9\n|\n|t:|1700075150\n|move|p2a: Chandelure|Fire Blast|p1a: Snorlax\n|-damage|p1a: Snorlax|0 fnt\n|faint|p1a: Snorlax\n|\n|upkeep\n|-message|ryan_farhan forfeited.\n|\n|win|Nansral26\n|raw|ryan_farhan's rating: 1063 &rarr; <strong>1048<\/strong><br \/>(-15 for losing)\n|raw|Nansral26's rating: 1150 &rarr; <strong>1169<\/strong><br \/>(+19 for winning)\n|l|\u2606ryan_farhan\n","uploadtime":1700075168,"views":4,"p1id":"ryanfarhan","p2id":"nansral26","formatid":"gen9nationaldex","rating":1048,"private":0,"password":""}