{"id":"gen9nationaldex-1995980240","p1":"kidlink7200","p2":"IC Oshawott","format":"[Gen 9] National Dex","log":"|html|<div class=\"broadcast-blue\"><strong>[Gen 9] National Dex is currently suspecting Sneasler! For information on how to participate check out the <a href=\"https:\/\/www.smogon.com\/forums\/threads\/sv-national-dex-suspect-8-just-dance.3731534\/\">suspect thread<\/a>.<\/strong><\/div>\n|j|\u2606kidlink7200\n|j|\u2606IC Oshawott\n|t:|1700624787\n|gametype|singles\n|player|p1|kidlink7200|hau-stance|1371\n|player|p2|IC Oshawott|colress|1355\n|teamsize|p1|6\n|teamsize|p2|6\n|gen|9\n|tier|[Gen 9] National Dex\n|rated|\n|rule|HP Percentage Mod: HP is shown in percentages\n|rule|Endless Battle Clause: Forcing endless battles is banned\n|rule|OHKO Clause: OHKO moves are banned\n|rule|Evasion Clause: Evasion abilities, items, and moves are banned\n|rule|Evasion Abilities Clause: Evasion abilities are banned\n|rule|Evasion Items Clause: Evasion items are banned\n|rule|Evasion Moves Clause: Evasion moves are banned\n|rule|Species Clause: Limit one of each Pok\u00e9mon\n|rule|Sleep Clause Mod: Limit one foe put to sleep\n|clearpoke\n|poke|p1|Tapu Koko|\n|poke|p1|Iron Valiant|\n|poke|p1|Hawlucha, F|\n|poke|p1|Iron Moth|\n|poke|p1|Landorus-Therian, M|\n|poke|p1|Scizor, M|\n|poke|p2|Kommo-o, F|\n|poke|p2|Rillaboom, F|\n|poke|p2|Ogerpon-Wellspring, F|\n|poke|p2|Perrserker, F|\n|poke|p2|Ceruledge, M|\n|poke|p2|Iron Treads|\n|teampreview\n|inactive|Battle timer is ON: inactive players will automatically lose when time's up. (requested by IC Oshawott)\n|\n|t:|1700624807\n|start\n|switch|p1a: Landorus|Landorus-Therian, M|100\/100\n|switch|p2a: Iron Treads|Iron Treads|100\/100\n|-ability|p1a: Landorus|Intimidate|boost\n|-unboost|p2a: Iron Treads|atk|1\n|turn|1\n|\n|t:|1700624814\n|move|p2a: Iron Treads|Stealth Rock|p1a: Landorus\n|-sidestart|p1: kidlink7200|move: Stealth Rock\n|move|p1a: Landorus|Earthquake|p2a: Iron Treads\n|-supereffective|p2a: Iron Treads\n|-damage|p2a: Iron Treads|26\/100\n|\n|upkeep\n|turn|2\n|\n|t:|1700624818\n|-end|p2a: Iron Treads|Quark Drive|[silent]\n|switch|p2a: Rillaboom|Rillaboom, F|100\/100\n|-fieldstart|move: Grassy Terrain|[from] ability: Grassy Surge|[of] p2a: Rillaboom\n|move|p1a: Landorus|Earthquake|p2a: Rillaboom\n|-resisted|p2a: Rillaboom\n|-damage|p2a: Rillaboom|88\/100\n|\n|-heal|p2a: Rillaboom|94\/100|[from] Grassy Terrain\n|upkeep\n|turn|3\n|\n|t:|1700624823\n|move|p2a: Rillaboom|High Horsepower|p1a: Landorus\n|-immune|p1a: Landorus\n|move|p1a: Landorus|Stealth Rock|p2a: Rillaboom\n|-sidestart|p2: IC Oshawott|move: Stealth Rock\n|\n|-heal|p2a: Rillaboom|100\/100|[from] Grassy Terrain\n|upkeep\n|turn|4\n|\n|t:|1700624834\n|move|p2a: Rillaboom|U-turn|p1a: Landorus\n|-resisted|p1a: Landorus\n|-damage|p1a: Landorus|90\/100\n|-enditem|p1a: Landorus|Eject Button\n|\n|t:|1700624843\n|switch|p1a: Tapu Koko|Tapu Koko|100\/100\n|-damage|p1a: Tapu Koko|88\/100|[from] Stealth Rock\n|-fieldstart|move: Electric Terrain|[from] ability: Electric Surge|[of] p1a: Tapu Koko\n|\n|upkeep\n|turn|5\n|\n|t:|1700624872\n|move|p1a: Tapu Koko|U-turn|p2a: Rillaboom\n|-supereffective|p2a: Rillaboom\n|-damage|p2a: Rillaboom|67\/100\n|\n|t:|1700624876\n|switch|p1a: Landorus|Landorus-Therian, M|90\/100|[from] U-turn\n|-damage|p1a: Landorus|78\/100|[from] Stealth Rock\n|-ability|p1a: Landorus|Intimidate|boost\n|-unboost|p2a: Rillaboom|atk|1\n|move|p2a: Rillaboom|U-turn|p1a: Landorus\n|-resisted|p1a: Landorus\n|-damage|p1a: Landorus|71\/100\n|\n|t:|1700624881\n|switch|p2a: Ogerpon|Ogerpon-Wellspring, F|100\/100|[from] U-turn\n|-damage|p2a: Ogerpon|88\/100|[from] Stealth Rock\n|\n|upkeep\n|turn|6\n|\n|t:|1700624893\n|move|p2a: Ogerpon|Ivy Cudgel|p1a: Landorus|[anim] Ivy Cudgel Water\n|-supereffective|p1a: Landorus\n|-damage|p1a: Landorus|0 fnt\n|faint|p1a: Landorus\n|\n|upkeep\n|\n|t:|1700624902\n|switch|p1a: Iron Moth|Iron Moth|100\/100\n|-activate|p1a: Iron Moth|ability: Quark Drive\n|-start|p1a: Iron Moth|quarkdrivespe\n|turn|7\n|\n|t:|1700624905\n|switch|p2a: Iron Treads|Iron Treads|26\/100\n|-activate|p2a: Iron Treads|ability: Quark Drive\n|-start|p2a: Iron Treads|quarkdrivespe\n|move|p1a: Iron Moth|Sludge Wave|p2a: Iron Treads\n|-immune|p2a: Iron Treads\n|\n|upkeep\n|turn|8\n|\n|t:|1700624912\n|-end|p2a: Iron Treads|Quark Drive|[silent]\n|switch|p2a: Ceruledge|Ceruledge, M|100\/100\n|-damage|p2a: Ceruledge|76\/100|[from] Stealth Rock\n|move|p1a: Iron Moth|Fiery Dance|p2a: Ceruledge\n|-start|p2a: Ceruledge|ability: Flash Fire\n|\n|-heal|p2a: Ceruledge|82\/100|[from] item: Leftovers\n|upkeep\n|turn|9\n|\n|t:|1700624917\n|move|p1a: Iron Moth|Fiery Dance|p2a: Ceruledge\n|-immune|p2a: Ceruledge|[from] ability: Flash Fire\n|move|p2a: Ceruledge|Bitter Blade|p1a: Iron Moth\n|-resisted|p1a: Iron Moth\n|-damage|p1a: Iron Moth|60\/100\n|-heal|p2a: Ceruledge|100\/100|[from] drain|[of] p1a: Iron Moth\n|\n|upkeep\n|turn|10\n|\n|t:|1700624920\n|move|p1a: Iron Moth|Sludge Wave|p2a: Ceruledge\n|-resisted|p2a: Ceruledge\n|-crit|p2a: Ceruledge\n|-damage|p2a: Ceruledge|57\/100\n|move|p2a: Ceruledge|Bitter Blade|p1a: Iron Moth\n|-resisted|p1a: Iron Moth\n|-damage|p1a: Iron Moth|13\/100\n|-heal|p2a: Ceruledge|84\/100|[from] drain|[of] p1a: Iron Moth\n|\n|-heal|p2a: Ceruledge|90\/100|[from] item: Leftovers\n|upkeep\n|turn|11\n|\n|t:|1700624929\n|move|p1a: Iron Moth|Sludge Wave|p2a: Ceruledge\n|-resisted|p2a: Ceruledge\n|-damage|p2a: Ceruledge|64\/100\n|move|p2a: Ceruledge|Bitter Blade|p1a: Iron Moth\n|-resisted|p1a: Iron Moth\n|-damage|p1a: Iron Moth|0 fnt\n|-heal|p2a: Ceruledge|71\/100|[from] drain|[of] p1a: Iron Moth\n|faint|p1a: Iron Moth\n|-end|p1a: Iron Moth|Quark Drive|[silent]\n|\n|-heal|p2a: Ceruledge|77\/100|[from] item: Leftovers\n|-fieldend|move: Electric Terrain\n|upkeep\n|\n|t:|1700624946\n|switch|p1a: Tapu Koko|Tapu Koko|88\/100\n|-damage|p1a: Tapu Koko|76\/100|[from] Stealth Rock\n|-fieldstart|move: Electric Terrain|[from] ability: Electric Surge|[of] p1a: Tapu Koko\n|turn|12\n|\n|t:|1700624953\n|move|p1a: Tapu Koko|Thunderbolt|p2a: Ceruledge\n|-damage|p2a: Ceruledge|20\/100\n|move|p2a: Ceruledge|Bitter Blade|p1a: Tapu Koko\n|-damage|p1a: Tapu Koko|3\/100\n|-heal|p2a: Ceruledge|55\/100|[from] drain|[of] p1a: Tapu Koko\n|\n|-heal|p2a: Ceruledge|62\/100|[from] item: Leftovers\n|upkeep\n|turn|13\n|\n|t:|1700624962\n|move|p1a: Tapu Koko|U-turn|p2a: Ceruledge\n|-resisted|p2a: Ceruledge\n|-damage|p2a: Ceruledge|58\/100\n|\n|t:|1700624968\n|switch|p1a: Iron Valiant|Iron Valiant|100\/100|[from] U-turn\n|-damage|p1a: Iron Valiant|94\/100|[from] Stealth Rock\n|-activate|p1a: Iron Valiant|ability: Quark Drive\n|-start|p1a: Iron Valiant|quarkdrivespe\n|move|p2a: Ceruledge|Bitter Blade|p1a: Iron Valiant\n|-damage|p1a: Iron Valiant|27\/100\n|-heal|p2a: Ceruledge|91\/100|[from] drain|[of] p1a: Iron Valiant\n|\n|-heal|p2a: Ceruledge|97\/100|[from] item: Leftovers\n|upkeep\n|turn|14\n|\n|t:|1700624992\n|move|p1a: Iron Valiant|Thunderbolt|p2a: Ceruledge\n|-damage|p2a: Ceruledge|42\/100\n|-damage|p1a: Iron Valiant|18\/100|[from] item: Life Orb\n|move|p2a: Ceruledge|Bitter Blade|p1a: Iron Valiant\n|-damage|p1a: Iron Valiant|0 fnt\n|-heal|p2a: Ceruledge|51\/100|[from] drain|[of] p1a: Iron Valiant\n|faint|p1a: Iron Valiant\n|-end|p1a: Iron Valiant|Quark Drive|[silent]\n|\n|-heal|p2a: Ceruledge|57\/100|[from] item: Leftovers\n|upkeep\n|\n|t:|1700624998\n|switch|p1a: Hawlucha|Hawlucha, F|100\/100\n|-damage|p1a: Hawlucha|88\/100|[from] Stealth Rock\n|-enditem|p1a: Hawlucha|Electric Seed\n|-boost|p1a: Hawlucha|def|1|[from] item: Electric Seed\n|turn|15\n|\n|t:|1700625002\n|move|p1a: Hawlucha|Swords Dance|p1a: Hawlucha\n|-boost|p1a: Hawlucha|atk|2\n|move|p2a: Ceruledge|Bitter Blade|p1a: Hawlucha\n|-damage|p1a: Hawlucha|40\/100\n|-heal|p2a: Ceruledge|84\/100|[from] drain|[of] p1a: Hawlucha\n|\n|-heal|p2a: Ceruledge|90\/100|[from] item: Leftovers\n|upkeep\n|turn|16\n|\n|t:|1700625009\n|-terastallize|p2a: Ceruledge|Steel\n|move|p1a: Hawlucha|Acrobatics|p2a: Ceruledge\n|-resisted|p2a: Ceruledge\n|-damage|p2a: Ceruledge|39\/100\n|move|p2a: Ceruledge|Bitter Blade|p1a: Hawlucha\n|-damage|p1a: Hawlucha|0 fnt\n|-heal|p2a: Ceruledge|61\/100|[from] drain|[of] p1a: Hawlucha\n|faint|p1a: Hawlucha\n|\n|-heal|p2a: Ceruledge|68\/100|[from] item: Leftovers\n|upkeep\n|c|\u2606IC Oshawott|gg\n|\n|t:|1700625017\n|switch|p1a: Scizor|Scizor, M|100\/100\n|-damage|p1a: Scizor|88\/100|[from] Stealth Rock\n|turn|17\n|\n|t:|1700625029\n|switch|p1a: Tapu Koko|Tapu Koko|3\/100\n|-damage|p1a: Tapu Koko|0 fnt|[from] Stealth Rock\n|faint|p1a: Tapu Koko\n|move|p2a: Ceruledge|Bitter Blade|p1: Tapu Koko|[notarget]\n|-fail|p2a: Ceruledge\n|\n|-heal|p2a: Ceruledge|74\/100|[from] item: Leftovers\n|upkeep\n|\n|t:|1700625036\n|switch|p1a: Scizor|Scizor, M|88\/100\n|-damage|p1a: Scizor|76\/100|[from] Stealth Rock\n|turn|18\n|\n|t:|1700625039\n|detailschange|p1a: Scizor|Scizor-Mega, M\n|-mega|p1a: Scizor|Scizor|Scizorite\n|move|p2a: Ceruledge|Bitter Blade|p1a: Scizor\n|-supereffective|p1a: Scizor\n|-damage|p1a: Scizor|0 fnt\n|-heal|p2a: Ceruledge|100\/100|[from] drain|[of] p1a: Scizor\n|faint|p1a: Scizor\n|\n|win|IC Oshawott\n|raw|kidlink7200's rating: 1371 &rarr; <strong>1350<\/strong><br \/>(-21 for losing)\n|raw|IC Oshawott's rating: 1355 &rarr; <strong>1376<\/strong><br \/>(+21 for winning)\n|l|\u2606kidlink7200\n","uploadtime":1700625047,"views":1,"p1id":"kidlink7200","p2id":"icoshawott","formatid":"gen9nationaldex","rating":1350,"private":0,"password":""}