{"id":"gen9nationaldex-1987390810","p1":"asalqfty4","p2":"Foulest","format":"[Gen 9] National Dex","log":"|j|\u2606asalqfty4\n|j|\u2606Foulest\n|t:|1699585294\n|gametype|singles\n|player|p1|asalqfty4|266|1226\n|player|p2|Foulest|2|1223\n|teamsize|p1|6\n|teamsize|p2|6\n|gen|9\n|tier|[Gen 9] National Dex\n|rated|\n|rule|HP Percentage Mod: HP is shown in percentages\n|rule|Endless Battle Clause: Forcing endless battles is banned\n|rule|OHKO Clause: OHKO moves are banned\n|rule|Evasion Clause: Evasion abilities, items, and moves are banned\n|rule|Evasion Abilities Clause: Evasion abilities are banned\n|rule|Evasion Items Clause: Evasion items are banned\n|rule|Evasion Moves Clause: Evasion moves are banned\n|rule|Species Clause: Limit one of each Pok\u00e9mon\n|rule|Sleep Clause Mod: Limit one foe put to sleep\n|clearpoke\n|poke|p1|Beedrill, F|\n|poke|p1|Clefable, M|\n|poke|p1|Toxapex, F|\n|poke|p1|Ferrothorn, F|\n|poke|p1|Heatran, M|\n|poke|p1|Zygarde-10%|\n|poke|p2|Azelf|\n|poke|p2|Gastrodon, F|\n|poke|p2|Charizard, M|\n|poke|p2|Ferrothorn, M|\n|poke|p2|Lopunny, F|\n|poke|p2|Starmie|\n|teampreview\n|inactive|Battle timer is ON: inactive players will automatically lose when time's up. (requested by Foulest)\n|\n|t:|1699585300\n|start\n|switch|p1a: Beedrill|Beedrill, F|100\/100\n|switch|p2a: Azelf|Azelf, shiny|100\/100\n|turn|1\n|\n|t:|1699585305\n|detailschange|p1a: Beedrill|Beedrill-Mega, F\n|-mega|p1a: Beedrill|Beedrill|Beedrillite\n|move|p1a: Beedrill|U-turn|p2a: Azelf\n|-supereffective|p2a: Azelf\n|-enditem|p2a: Azelf|Focus Sash\n|-damage|p2a: Azelf|1\/100\n|\n|t:|1699585315\n|switch|p1a: Ferrothorn|Ferrothorn, F|100\/100|[from] U-turn\n|move|p2a: Azelf|Psychic|p1a: Ferrothorn\n|-resisted|p1a: Ferrothorn\n|-damage|p1a: Ferrothorn|82\/100\n|\n|upkeep\n|turn|2\n|\n|t:|1699585318\n|move|p2a: Azelf|Fire Blast|p1a: Ferrothorn\n|-supereffective|p1a: Ferrothorn\n|-damage|p1a: Ferrothorn|0 fnt\n|faint|p1a: Ferrothorn\n|\n|upkeep\n|\n|t:|1699585324\n|switch|p1a: Beedrill|Beedrill-Mega, F|100\/100\n|turn|3\n|\n|t:|1699585336\n|move|p1a: Beedrill|Fell Stinger|p2a: Azelf\n|-supereffective|p2a: Azelf\n|-damage|p2a: Azelf|0 fnt\n|faint|p2a: Azelf\n|-boost|p1a: Beedrill|atk|3\n|\n|upkeep\n|\n|t:|1699585340\n|switch|p2a: Charizard|Charizard, M, shiny|100\/100\n|turn|4\n|\n|t:|1699585343\n|move|p1a: Beedrill|Poison Jab|p2a: Charizard\n|-damage|p2a: Charizard|0 fnt\n|faint|p2a: Charizard\n|\n|upkeep\n|\n|t:|1699585347\n|switch|p2a: Gastrodon|Gastrodon, F|100\/100\n|turn|5\n|\n|t:|1699585357\n|move|p1a: Beedrill|Poison Jab|p2a: Gastrodon\n|-resisted|p2a: Gastrodon\n|-damage|p2a: Gastrodon|49\/100\n|move|p2a: Gastrodon|Earth Power|p1a: Beedrill\n|-damage|p1a: Beedrill|57\/100\n|\n|-heal|p2a: Gastrodon|55\/100|[from] item: Leftovers\n|upkeep\n|turn|6\n|\n|t:|1699585366\n|move|p1a: Beedrill|Poison Jab|p2a: Gastrodon\n|-resisted|p2a: Gastrodon\n|-damage|p2a: Gastrodon|1\/100\n|move|p2a: Gastrodon|Scald|p1a: Beedrill\n|-damage|p1a: Beedrill|16\/100\n|\n|-heal|p2a: Gastrodon|8\/100|[from] item: Leftovers\n|upkeep\n|turn|7\n|\n|t:|1699585376\n|move|p1a: Beedrill|U-turn|p2a: Gastrodon\n|-damage|p2a: Gastrodon|0 fnt\n|faint|p2a: Gastrodon\n|\n|t:|1699585383\n|switch|p1a: Toxapex|Toxapex, F|100\/100|[from] U-turn\n|\n|upkeep\n|\n|t:|1699585394\n|switch|p2a: Starmie|Starmie|100\/100\n|turn|8\n|\n|t:|1699585399\n|move|p2a: Starmie|Psychic|p1a: Toxapex\n|-supereffective|p1a: Toxapex\n|-damage|p1a: Toxapex|22\/100\n|move|p1a: Toxapex|Toxic Spikes|p2a: Starmie\n|-sidestart|p2: Foulest|move: Toxic Spikes\n|\n|-heal|p1a: Toxapex|28\/100|[from] item: Leftovers\n|upkeep\n|turn|9\n|\n|t:|1699585406\n|switch|p1a: Heatran|Heatran, M|100\/100\n|move|p2a: Starmie|Psychic|p1a: Heatran\n|-resisted|p1a: Heatran\n|-damage|p1a: Heatran|82\/100\n|\n|-heal|p1a: Heatran|88\/100|[from] item: Leftovers\n|upkeep\n|turn|10\n|\n|t:|1699585412\n|move|p2a: Starmie|Surf|p1a: Heatran\n|-supereffective|p1a: Heatran\n|-damage|p1a: Heatran|0 fnt\n|faint|p1a: Heatran\n|\n|upkeep\n|\n|t:|1699585415\n|switch|p1a: Clefable|Clefable, M|100\/100\n|turn|11\n|\n|t:|1699585420\n|move|p2a: Starmie|Surf|p1a: Clefable\n|-damage|p1a: Clefable|62\/100\n|move|p1a: Clefable|Wish|p1a: Clefable\n|\n|-heal|p1a: Clefable|69\/100|[from] item: Leftovers\n|upkeep\n|turn|12\n|\n|t:|1699585425\n|move|p2a: Starmie|Psychic|p1a: Clefable\n|-damage|p1a: Clefable|33\/100\n|move|p1a: Clefable|Moonblast|p2a: Starmie\n|-crit|p2a: Starmie\n|-damage|p2a: Starmie|24\/100\n|\n|-heal|p1a: Clefable|83\/100|[from] move: Wish|[wisher] Clefable\n|-heal|p1a: Clefable|89\/100|[from] item: Leftovers\n|upkeep\n|turn|13\n|\n|t:|1699585432\n|switch|p2a: Ferrothorn|Ferrothorn, M|100\/100\n|move|p1a: Clefable|Wish|p1a: Clefable\n|\n|-heal|p1a: Clefable|95\/100|[from] item: Leftovers\n|upkeep\n|turn|14\n|\n|t:|1699585441\n|switch|p1a: Zygarde|Zygarde-10%|100\/100\n|-ability|p1a: Zygarde|Aura Break\n|move|p2a: Ferrothorn|Stealth Rock|p1a: Zygarde\n|-sidestart|p1: asalqfty4|move: Stealth Rock\n|\n|upkeep\n|turn|15\n|\n|t:|1699585447\n|move|p1a: Zygarde|Thousand Arrows|p2a: Ferrothorn\n|-damage|p2a: Ferrothorn|68\/100\n|move|p2a: Ferrothorn|Leech Seed|p1a: Zygarde\n|-start|p1a: Zygarde|move: Leech Seed\n|\n|-heal|p2a: Ferrothorn|74\/100|[from] item: Leftovers\n|-damage|p1a: Zygarde|88\/100|[from] Leech Seed|[of] p2a: Ferrothorn\n|-heal|p2a: Ferrothorn|83\/100|[silent]\n|upkeep\n|turn|16\n|\n|t:|1699585461\n|switch|p1a: Toxapex|Toxapex, F|61\/100\n|-damage|p1a: Toxapex|49\/100|[from] Stealth Rock\n|move|p2a: Ferrothorn|Power Whip|p1a: Toxapex\n|-damage|p1a: Toxapex|24\/100\n|\n|-heal|p1a: Toxapex|30\/100|[from] item: Leftovers\n|-heal|p2a: Ferrothorn|89\/100|[from] item: Leftovers\n|upkeep\n|turn|17\n|\n|t:|1699585473\n|switch|p2a: Starmie|Starmie|24\/100\n|-status|p2a: Starmie|psn\n|move|p1a: Toxapex|Recover|p1a: Toxapex\n|-heal|p1a: Toxapex|80\/100\n|\n|-heal|p1a: Toxapex|86\/100|[from] item: Leftovers\n|-damage|p2a: Starmie|12\/100 psn|[from] psn\n|upkeep\n|turn|18\n|\n|t:|1699585482\n|move|p2a: Starmie|Psychic|p1a: Toxapex\n|-supereffective|p1a: Toxapex\n|-damage|p1a: Toxapex|10\/100\n|move|p1a: Toxapex|Recover|p1a: Toxapex\n|-heal|p1a: Toxapex|60\/100\n|\n|-heal|p1a: Toxapex|66\/100|[from] item: Leftovers\n|-damage|p2a: Starmie|0 fnt|[from] psn\n|faint|p2a: Starmie\n|upkeep\n|\n|t:|1699585487\n|switch|p2a: Ferrothorn|Ferrothorn, M|89\/100\n|turn|19\n|\n|t:|1699585491\n|switch|p1a: Clefable|Clefable, M|95\/100\n|move|p2a: Ferrothorn|Leech Seed|p1a: Clefable\n|-start|p1a: Clefable|move: Leech Seed\n|\n|-heal|p1a: Clefable|100\/100|[from] item: Leftovers\n|-heal|p2a: Ferrothorn|95\/100|[from] item: Leftovers\n|upkeep\n|turn|20\n|\n|t:|1699585496\n|move|p1a: Clefable|Moonblast|p2a: Ferrothorn\n|-resisted|p2a: Ferrothorn\n|-damage|p2a: Ferrothorn|83\/100\n|move|p2a: Ferrothorn|Gyro Ball|p1a: Clefable\n|-supereffective|p1a: Clefable\n|-damage|p1a: Clefable|50\/100\n|\n|-heal|p1a: Clefable|56\/100|[from] item: Leftovers\n|-heal|p2a: Ferrothorn|89\/100|[from] item: Leftovers\n|upkeep\n|turn|21\n|\n|t:|1699585502\n|move|p1a: Clefable|Wish|p1a: Clefable\n|move|p2a: Ferrothorn|Gyro Ball|p1a: Clefable\n|-supereffective|p1a: Clefable\n|-damage|p1a: Clefable|4\/100\n|\n|-heal|p1a: Clefable|10\/100|[from] item: Leftovers\n|-heal|p2a: Ferrothorn|95\/100|[from] item: Leftovers\n|upkeep\n|turn|22\n|\n|t:|1699585505\n|move|p1a: Clefable|Protect|p1a: Clefable\n|-singleturn|p1a: Clefable|Protect\n|move|p2a: Ferrothorn|Gyro Ball|p1a: Clefable\n|-activate|p1a: Clefable|move: Protect\n|\n|-heal|p1a: Clefable|60\/100|[from] move: Wish|[wisher] Clefable\n|-heal|p1a: Clefable|66\/100|[from] item: Leftovers\n|-heal|p2a: Ferrothorn|100\/100|[from] item: Leftovers\n|upkeep\n|turn|23\n|\n|t:|1699585514\n|move|p1a: Clefable|Wish|p1a: Clefable\n|move|p2a: Ferrothorn|Gyro Ball|p1a: Clefable\n|-supereffective|p1a: Clefable\n|-damage|p1a: Clefable|15\/100\n|\n|-heal|p1a: Clefable|22\/100|[from] item: Leftovers\n|upkeep\n|turn|24\n|\n|t:|1699585519\n|move|p1a: Clefable|Protect|p1a: Clefable\n|-singleturn|p1a: Clefable|Protect\n|move|p2a: Ferrothorn|Power Whip|p1a: Clefable\n|-activate|p1a: Clefable|move: Protect\n|\n|-heal|p1a: Clefable|72\/100|[from] move: Wish|[wisher] Clefable\n|-heal|p1a: Clefable|78\/100|[from] item: Leftovers\n|upkeep\n|turn|25\n|\n|t:|1699585525\n|move|p1a: Clefable|Wish|p1a: Clefable\n|move|p2a: Ferrothorn|Gyro Ball|p1a: Clefable\n|-supereffective|p1a: Clefable\n|-damage|p1a: Clefable|30\/100\n|\n|-heal|p1a: Clefable|37\/100|[from] item: Leftovers\n|upkeep\n|turn|26\n|\n|t:|1699585531\n|move|p1a: Clefable|Protect|p1a: Clefable\n|-singleturn|p1a: Clefable|Protect\n|move|p2a: Ferrothorn|Power Whip|p1a: Clefable\n|-activate|p1a: Clefable|move: Protect\n|\n|-heal|p1a: Clefable|87\/100|[from] move: Wish|[wisher] Clefable\n|-heal|p1a: Clefable|93\/100|[from] item: Leftovers\n|upkeep\n|turn|27\n|\n|t:|1699585539\n|move|p1a: Clefable|Moonblast|p2a: Ferrothorn\n|-resisted|p2a: Ferrothorn\n|-damage|p2a: Ferrothorn|88\/100\n|-unboost|p2a: Ferrothorn|spa|1\n|move|p2a: Ferrothorn|Gyro Ball|p1a: Clefable\n|-supereffective|p1a: Clefable\n|-damage|p1a: Clefable|39\/100\n|\n|-heal|p1a: Clefable|45\/100|[from] item: Leftovers\n|-heal|p2a: Ferrothorn|95\/100|[from] item: Leftovers\n|upkeep\n|turn|28\n|\n|t:|1699585548\n|move|p1a: Clefable|Protect|p1a: Clefable\n|-singleturn|p1a: Clefable|Protect\n|move|p2a: Ferrothorn|Gyro Ball|p1a: Clefable\n|-activate|p1a: Clefable|move: Protect\n|\n|-heal|p1a: Clefable|52\/100|[from] item: Leftovers\n|-heal|p2a: Ferrothorn|100\/100|[from] item: Leftovers\n|upkeep\n|turn|29\n|\n|t:|1699585553\n|move|p1a: Clefable|Wish|p1a: Clefable\n|move|p2a: Ferrothorn|Gyro Ball|p1a: Clefable\n|-supereffective|p1a: Clefable\n|-damage|p1a: Clefable|4\/100\n|\n|-heal|p1a: Clefable|10\/100|[from] item: Leftovers\n|upkeep\n|turn|30\n|\n|t:|1699585561\n|move|p1a: Clefable|Protect|p1a: Clefable\n|-singleturn|p1a: Clefable|Protect\n|move|p2a: Ferrothorn|Stealth Rock||[still]\n|-fail|p2a: Ferrothorn\n|\n|-heal|p1a: Clefable|60\/100|[from] move: Wish|[wisher] Clefable\n|-heal|p1a: Clefable|66\/100|[from] item: Leftovers\n|upkeep\n|turn|31\n|\n|t:|1699585570\n|move|p1a: Clefable|Wish|p1a: Clefable\n|move|p2a: Ferrothorn|Power Whip|p1a: Clefable\n|-damage|p1a: Clefable|34\/100\n|\n|-heal|p1a: Clefable|40\/100|[from] item: Leftovers\n|upkeep\n|turn|32\n|\n|t:|1699585575\n|move|p1a: Clefable|Moonblast|p2a: Ferrothorn\n|-resisted|p2a: Ferrothorn\n|-damage|p2a: Ferrothorn|88\/100\n|-unboost|p2a: Ferrothorn|spa|1\n|move|p2a: Ferrothorn|Stealth Rock||[still]\n|-fail|p2a: Ferrothorn\n|\n|-heal|p1a: Clefable|90\/100|[from] move: Wish|[wisher] Clefable\n|-heal|p1a: Clefable|96\/100|[from] item: Leftovers\n|-heal|p2a: Ferrothorn|94\/100|[from] item: Leftovers\n|upkeep\n|turn|33\n|\n|t:|1699585580\n|move|p1a: Clefable|Moonblast|p2a: Ferrothorn\n|-resisted|p2a: Ferrothorn\n|-damage|p2a: Ferrothorn|81\/100\n|-unboost|p2a: Ferrothorn|spa|1\n|move|p2a: Ferrothorn|Stealth Rock||[still]\n|-fail|p2a: Ferrothorn\n|\n|-heal|p1a: Clefable|100\/100|[from] item: Leftovers\n|-heal|p2a: Ferrothorn|87\/100|[from] item: Leftovers\n|upkeep\n|turn|34\n|\n|t:|1699585584\n|move|p1a: Clefable|Moonblast|p2a: Ferrothorn\n|-resisted|p2a: Ferrothorn\n|-damage|p2a: Ferrothorn|75\/100\n|move|p2a: Ferrothorn|Stealth Rock||[still]\n|-fail|p2a: Ferrothorn\n|\n|-heal|p2a: Ferrothorn|81\/100|[from] item: Leftovers\n|upkeep\n|turn|35\n|\n|t:|1699585586\n|move|p1a: Clefable|Moonblast|p2a: Ferrothorn\n|-resisted|p2a: Ferrothorn\n|-damage|p2a: Ferrothorn|67\/100\n|move|p2a: Ferrothorn|Stealth Rock||[still]\n|-fail|p2a: Ferrothorn\n|\n|-heal|p2a: Ferrothorn|73\/100|[from] item: Leftovers\n|upkeep\n|turn|36\n|\n|t:|1699585588\n|move|p1a: Clefable|Moonblast|p2a: Ferrothorn\n|-resisted|p2a: Ferrothorn\n|-damage|p2a: Ferrothorn|60\/100\n|-unboost|p2a: Ferrothorn|spa|1\n|move|p2a: Ferrothorn|Stealth Rock||[still]\n|-fail|p2a: Ferrothorn\n|\n|-heal|p2a: Ferrothorn|66\/100|[from] item: Leftovers\n|upkeep\n|turn|37\n|\n|t:|1699585592\n|move|p1a: Clefable|Moonblast|p2a: Ferrothorn\n|-resisted|p2a: Ferrothorn\n|-damage|p2a: Ferrothorn|51\/100\n|move|p2a: Ferrothorn|Power Whip|p1a: Clefable\n|-damage|p1a: Clefable|68\/100\n|\n|-heal|p1a: Clefable|74\/100|[from] item: Leftovers\n|-heal|p2a: Ferrothorn|58\/100|[from] item: Leftovers\n|upkeep\n|turn|38\n|\n|t:|1699585595\n|move|p1a: Clefable|Moonblast|p2a: Ferrothorn\n|-resisted|p2a: Ferrothorn\n|-damage|p2a: Ferrothorn|45\/100\n|-unboost|p2a: Ferrothorn|spa|1\n|move|p2a: Ferrothorn|Power Whip|p1a: Clefable\n|-damage|p1a: Clefable|46\/100\n|\n|-heal|p1a: Clefable|52\/100|[from] item: Leftovers\n|-heal|p2a: Ferrothorn|52\/100|[from] item: Leftovers\n|upkeep\n|turn|39\n|\n|t:|1699585600\n|move|p1a: Clefable|Moonblast|p2a: Ferrothorn\n|-resisted|p2a: Ferrothorn\n|-damage|p2a: Ferrothorn|38\/100\n|move|p2a: Ferrothorn|Power Whip|p1a: Clefable\n|-damage|p1a: Clefable|22\/100\n|\n|-heal|p1a: Clefable|28\/100|[from] item: Leftovers\n|-heal|p2a: Ferrothorn|44\/100|[from] item: Leftovers\n|upkeep\n|turn|40\n|\n|t:|1699585607\n|move|p1a: Clefable|Protect|p1a: Clefable\n|-singleturn|p1a: Clefable|Protect\n|move|p2a: Ferrothorn|Power Whip|p1a: Clefable\n|-activate|p1a: Clefable|move: Protect\n|\n|-heal|p1a: Clefable|34\/100|[from] item: Leftovers\n|-heal|p2a: Ferrothorn|50\/100|[from] item: Leftovers\n|upkeep\n|turn|41\n|\n|t:|1699585611\n|move|p1a: Clefable|Wish|p1a: Clefable\n|move|p2a: Ferrothorn|Power Whip|p1a: Clefable\n|-damage|p1a: Clefable|5\/100\n|\n|-heal|p1a: Clefable|11\/100|[from] item: Leftovers\n|-heal|p2a: Ferrothorn|56\/100|[from] item: Leftovers\n|upkeep\n|turn|42\n|\n|t:|1699585615\n|move|p1a: Clefable|Protect|p1a: Clefable\n|-singleturn|p1a: Clefable|Protect\n|move|p2a: Ferrothorn|Stealth Rock||[still]\n|-fail|p2a: Ferrothorn\n|\n|-heal|p1a: Clefable|61\/100|[from] move: Wish|[wisher] Clefable\n|-heal|p1a: Clefable|67\/100|[from] item: Leftovers\n|-heal|p2a: Ferrothorn|63\/100|[from] item: Leftovers\n|upkeep\n|turn|43\n|\n|t:|1699585618\n|move|p1a: Clefable|Wish|p1a: Clefable\n|move|p2a: Ferrothorn|Power Whip|p1a: Clefable\n|-damage|p1a: Clefable|37\/100\n|\n|-heal|p1a: Clefable|43\/100|[from] item: Leftovers\n|-heal|p2a: Ferrothorn|69\/100|[from] item: Leftovers\n|upkeep\n|turn|44\n|\n|t:|1699585622\n|move|p1a: Clefable|Protect|p1a: Clefable\n|-singleturn|p1a: Clefable|Protect\n|move|p2a: Ferrothorn|Power Whip|p1a: Clefable\n|-activate|p1a: Clefable|move: Protect\n|\n|-heal|p1a: Clefable|93\/100|[from] move: Wish|[wisher] Clefable\n|-heal|p1a: Clefable|99\/100|[from] item: Leftovers\n|-heal|p2a: Ferrothorn|75\/100|[from] item: Leftovers\n|upkeep\n|turn|45\n|\n|t:|1699585625\n|move|p1a: Clefable|Moonblast|p2a: Ferrothorn\n|-resisted|p2a: Ferrothorn\n|-damage|p2a: Ferrothorn|61\/100\n|move|p2a: Ferrothorn|Power Whip|p1a: Clefable|[miss]\n|-miss|p2a: Ferrothorn|p1a: Clefable\n|\n|-heal|p1a: Clefable|100\/100|[from] item: Leftovers\n|-heal|p2a: Ferrothorn|67\/100|[from] item: Leftovers\n|upkeep\n|turn|46\n|\n|t:|1699585637\n|move|p1a: Clefable|Moonblast|p2a: Ferrothorn\n|-resisted|p2a: Ferrothorn\n|-damage|p2a: Ferrothorn|54\/100\n|move|p2a: Ferrothorn|Power Whip|p1a: Clefable\n|-damage|p1a: Clefable|72\/100\n|\n|-heal|p1a: Clefable|78\/100|[from] item: Leftovers\n|-heal|p2a: Ferrothorn|60\/100|[from] item: Leftovers\n|upkeep\n|turn|47\n|\n|t:|1699585657\n|move|p1a: Clefable|Moonblast|p2a: Ferrothorn\n|-resisted|p2a: Ferrothorn\n|-damage|p2a: Ferrothorn|48\/100\n|move|p2a: Ferrothorn|Power Whip|p1a: Clefable\n|-damage|p1a: Clefable|49\/100\n|\n|-heal|p1a: Clefable|55\/100|[from] item: Leftovers\n|-heal|p2a: Ferrothorn|54\/100|[from] item: Leftovers\n|upkeep\n|turn|48\n|\n|t:|1699585667\n|move|p1a: Clefable|Wish|p1a: Clefable\n|move|p2a: Ferrothorn|Power Whip|p1a: Clefable\n|-damage|p1a: Clefable|25\/100\n|\n|-heal|p1a: Clefable|31\/100|[from] item: Leftovers\n|-heal|p2a: Ferrothorn|60\/100|[from] item: Leftovers\n|upkeep\n|turn|49\n|\n|t:|1699585674\n|move|p1a: Clefable|Moonblast|p2a: Ferrothorn\n|-resisted|p2a: Ferrothorn\n|-damage|p2a: Ferrothorn|46\/100\n|move|p2a: Ferrothorn|Stealth Rock||[still]\n|-fail|p2a: Ferrothorn\n|\n|-heal|p1a: Clefable|81\/100|[from] move: Wish|[wisher] Clefable\n|-heal|p1a: Clefable|87\/100|[from] item: Leftovers\n|-heal|p2a: Ferrothorn|52\/100|[from] item: Leftovers\n|upkeep\n|turn|50\n|\n|t:|1699585679\n|move|p1a: Clefable|Moonblast|p2a: Ferrothorn\n|-resisted|p2a: Ferrothorn\n|-damage|p2a: Ferrothorn|39\/100\n|move|p2a: Ferrothorn|Power Whip|p1a: Clefable\n|-damage|p1a: Clefable|58\/100\n|\n|-heal|p1a: Clefable|64\/100|[from] item: Leftovers\n|-heal|p2a: Ferrothorn|45\/100|[from] item: Leftovers\n|upkeep\n|turn|51\n|\n|t:|1699585684\n|move|p1a: Clefable|Wish|p1a: Clefable\n|move|p2a: Ferrothorn|Stealth Rock||[still]\n|-fail|p2a: Ferrothorn\n|\n|-heal|p1a: Clefable|70\/100|[from] item: Leftovers\n|-heal|p2a: Ferrothorn|51\/100|[from] item: Leftovers\n|upkeep\n|turn|52\n|\n|t:|1699585687\n|move|p1a: Clefable|Moonblast|p2a: Ferrothorn\n|-resisted|p2a: Ferrothorn\n|-damage|p2a: Ferrothorn|38\/100\n|move|p2a: Ferrothorn|Stealth Rock||[still]\n|-fail|p2a: Ferrothorn\n|\n|-heal|p1a: Clefable|100\/100|[from] move: Wish|[wisher] Clefable\n|-heal|p2a: Ferrothorn|45\/100|[from] item: Leftovers\n|upkeep\n|turn|53\n|\n|t:|1699585689\n|move|p1a: Clefable|Moonblast|p2a: Ferrothorn\n|-resisted|p2a: Ferrothorn\n|-damage|p2a: Ferrothorn|31\/100\n|-unboost|p2a: Ferrothorn|spa|1\n|move|p2a: Ferrothorn|Stealth Rock||[still]\n|-fail|p2a: Ferrothorn\n|\n|-heal|p2a: Ferrothorn|37\/100|[from] item: Leftovers\n|upkeep\n|turn|54\n|\n|t:|1699585691\n|move|p1a: Clefable|Moonblast|p2a: Ferrothorn\n|-resisted|p2a: Ferrothorn\n|-damage|p2a: Ferrothorn|25\/100\n|move|p2a: Ferrothorn|Stealth Rock||[still]\n|-fail|p2a: Ferrothorn\n|\n|-heal|p2a: Ferrothorn|31\/100|[from] item: Leftovers\n|upkeep\n|turn|55\n|\n|t:|1699585693\n|move|p1a: Clefable|Moonblast|p2a: Ferrothorn\n|-resisted|p2a: Ferrothorn\n|-damage|p2a: Ferrothorn|18\/100\n|move|p2a: Ferrothorn|Stealth Rock||[still]\n|-fail|p2a: Ferrothorn\n|\n|-heal|p2a: Ferrothorn|24\/100|[from] item: Leftovers\n|upkeep\n|turn|56\n|\n|t:|1699585695\n|move|p1a: Clefable|Moonblast|p2a: Ferrothorn\n|-resisted|p2a: Ferrothorn\n|-damage|p2a: Ferrothorn|12\/100\n|move|p2a: Ferrothorn|Stealth Rock||[still]\n|-fail|p2a: Ferrothorn\n|\n|-heal|p2a: Ferrothorn|18\/100|[from] item: Leftovers\n|upkeep\n|turn|57\n|\n|t:|1699585697\n|move|p1a: Clefable|Moonblast|p2a: Ferrothorn\n|-resisted|p2a: Ferrothorn\n|-damage|p2a: Ferrothorn|4\/100\n|move|p2a: Ferrothorn|Stealth Rock||[still]\n|-fail|p2a: Ferrothorn\n|\n|-heal|p2a: Ferrothorn|11\/100|[from] item: Leftovers\n|upkeep\n|turn|58\n|\n|t:|1699585701\n|move|p1a: Clefable|Moonblast|p2a: Ferrothorn\n|-resisted|p2a: Ferrothorn\n|-damage|p2a: Ferrothorn|0 fnt\n|faint|p2a: Ferrothorn\n|\n|upkeep\n|\n|t:|1699585702\n|switch|p2a: Lopunny|Lopunny, F, shiny|100\/100\n|-status|p2a: Lopunny|psn\n|turn|59\n|\n|t:|1699585706\n|detailschange|p2a: Lopunny|Lopunny-Mega, F, shiny\n|-mega|p2a: Lopunny|Lopunny|Lopunnite\n|move|p1a: Clefable|Protect|p1a: Clefable\n|-singleturn|p1a: Clefable|Protect\n|move|p2a: Lopunny|Fake Out|p1a: Clefable\n|-activate|p1a: Clefable|move: Protect\n|\n|-damage|p2a: Lopunny|88\/100 psn|[from] psn\n|upkeep\n|turn|60\n|c|\u2606asalqfty4|gg\n|\n|t:|1699585714\n|move|p2a: Lopunny|Return|p1a: Clefable\n|-damage|p1a: Clefable|59\/100\n|move|p1a: Clefable|Moonblast|p2a: Lopunny\n|-supereffective|p2a: Lopunny\n|-damage|p2a: Lopunny|8\/100 psn\n|\n|-heal|p1a: Clefable|65\/100|[from] item: Leftovers\n|-damage|p2a: Lopunny|0 fnt|[from] psn\n|faint|p2a: Lopunny\n|\n|win|asalqfty4\n|upkeep\n|raw|asalqfty4's rating: 1226 &rarr; <strong>1251<\/strong><br \/>(+25 for winning)\n|raw|Foulest's rating: 1223 &rarr; <strong>1198<\/strong><br \/>(-25 for losing)\n|l|\u2606Foulest\n","uploadtime":1699585724,"views":4,"p1id":"asalqfty4","p2id":"foulest","formatid":"gen9nationaldex","rating":1198,"private":0,"password":""}