{"id":"gen9nationaldex-1989377565","p1":"Clawraptor","p2":"kajo_aris","format":"[Gen 9] National Dex","log":"|j|\u2606Clawraptor\n|j|\u2606kajo_aris\n|t:|1699842651\n|gametype|singles\n|player|p1|Clawraptor|nate|1438\n|player|p2|kajo_aris|169|1318\n|teamsize|p1|6\n|teamsize|p2|6\n|gen|9\n|tier|[Gen 9] National Dex\n|rated|\n|rule|HP Percentage Mod: HP is shown in percentages\n|rule|Endless Battle Clause: Forcing endless battles is banned\n|rule|OHKO Clause: OHKO moves are banned\n|rule|Evasion Clause: Evasion abilities, items, and moves are banned\n|rule|Evasion Abilities Clause: Evasion abilities are banned\n|rule|Evasion Items Clause: Evasion items are banned\n|rule|Evasion Moves Clause: Evasion moves are banned\n|rule|Species Clause: Limit one of each Pok\u00e9mon\n|rule|Sleep Clause Mod: Limit one foe put to sleep\n|clearpoke\n|poke|p1|Corsola-Galar, F|\n|poke|p1|Latios, M|\n|poke|p1|Kommo-o, M|\n|poke|p1|Espeon, F|\n|poke|p1|Clefable, M|\n|poke|p1|Corviknight, M|\n|poke|p2|Xurkitree|\n|poke|p2|Samurott-Hisui, F|\n|poke|p2|Landorus-Therian, M|\n|poke|p2|Sneasler, F|\n|poke|p2|Zoroark-Hisui, F|\n|poke|p2|Starmie|\n|teampreview\n|inactive|Battle timer is ON: inactive players will automatically lose when time's up. (requested by kajo_aris)\n|inactive|Clawraptor also wants the timer to be on.\n|\n|t:|1699842668\n|start\n|switch|p1a: Latios|Latios, M, shiny|100\/100\n|switch|p2a: Samurott|Samurott-Hisui, F|100\/100\n|turn|1\n|\n|t:|1699842674\n|move|p1a: Latios|Thunder Wave|p2a: Samurott\n|-status|p2a: Samurott|par\n|cant|p2a: Samurott|par\n|\n|upkeep\n|turn|2\n|\n|t:|1699842683\n|move|p1a: Latios|Reflect|p1a: Latios\n|-sidestart|p1: Clawraptor|Reflect\n|move|p2a: Samurott|Ceaseless Edge|p1a: Latios\n|-supereffective|p1a: Latios\n|-damage|p1a: Latios|51\/100\n|-sidestart|p1: Clawraptor|Spikes\n|\n|upkeep\n|turn|3\n|\n|t:|1699842689\n|move|p1a: Latios|Light Screen|p1a: Latios\n|-sidestart|p1: Clawraptor|move: Light Screen\n|move|p2a: Samurott|Ceaseless Edge|p1a: Latios\n|-supereffective|p1a: Latios\n|-damage|p1a: Latios|5\/100\n|-sidestart|p1: Clawraptor|Spikes\n|\n|upkeep\n|turn|4\n|\n|t:|1699842695\n|move|p1a: Latios|Memento|p2a: Samurott\n|-unboost|p2a: Samurott|atk|2\n|-unboost|p2a: Samurott|spa|2\n|faint|p1a: Latios\n|move|p2a: Samurott|Ceaseless Edge|p1: Latios|[notarget]\n|-fail|p2a: Samurott\n|\n|upkeep\n|\n|t:|1699842702\n|switch|p1a: Kommo-o|Kommo-o, M|100\/100\n|-damage|p1a: Kommo-o|84\/100|[from] Spikes\n|turn|5\n|\n|t:|1699842712\n|move|p1a: Kommo-o|Substitute|p1a: Kommo-o\n|-start|p1a: Kommo-o|Substitute\n|-damage|p1a: Kommo-o|59\/100\n|move|p2a: Samurott|Flip Turn|p1a: Kommo-o\n|-resisted|p1a: Kommo-o\n|-activate|p1a: Kommo-o|move: Substitute|[damage]\n|\n|t:|1699842728\n|switch|p2a: Sneasler|Sneasler, F|100\/100|[from] Flip Turn\n|\n|upkeep\n|turn|6\n|\n|t:|1699842732\n|move|p2a: Sneasler|Nasty Plot|p2a: Sneasler\n|-boost|p2a: Sneasler|spa|2\n|move|p1a: Kommo-o|Belly Drum|p1a: Kommo-o\n|-damage|p1a: Kommo-o|9\/100\n|-setboost|p1a: Kommo-o|atk|6|[from] move: Belly Drum\n|-enditem|p1a: Kommo-o|Salac Berry|[eat]\n|-boost|p1a: Kommo-o|spe|1|[from] item: Salac Berry\n|\n|upkeep\n|turn|7\n|\n|t:|1699842747\n|move|p1a: Kommo-o|Iron Head|p2a: Sneasler\n|-enditem|p2a: Sneasler|Focus Sash\n|-damage|p2a: Sneasler|1\/100\n|replace|p2a: Zoroark|Zoroark-Hisui, F\n|-end|p2a: Zoroark|Illusion\n|move|p2a: Zoroark|Bitter Malice|p1a: Kommo-o\n|-end|p1a: Kommo-o|Substitute\n|\n|upkeep\n|turn|8\n|\n|t:|1699842760\n|move|p1a: Kommo-o|Iron Head|p2a: Zoroark\n|-damage|p2a: Zoroark|0 fnt\n|faint|p2a: Zoroark\n|\n|upkeep\n|\n|t:|1699842769\n|switch|p2a: Sneasler|Sneasler, F|100\/100\n|turn|9\n|\n|t:|1699842772\n|move|p2a: Sneasler|Fake Out|p1a: Kommo-o\n|-damage|p1a: Kommo-o|3\/100\n|-status|p1a: Kommo-o|psn|[from] ability: Poison Touch|[of] p2a: Sneasler\n|cant|p1a: Kommo-o|flinch\n|\n|-damage|p1a: Kommo-o|0 fnt|[from] psn\n|faint|p1a: Kommo-o\n|-sideend|p1: Clawraptor|Reflect\n|upkeep\n|\n|t:|1699842782\n|switch|p1a: Corviknight|Corviknight, M, shiny|100\/100\n|turn|10\n|\n|t:|1699842793\n|switch|p2a: Xurkitree|Xurkitree|100\/100\n|move|p1a: Corviknight|Agility|p1a: Corviknight\n|-boost|p1a: Corviknight|spe|2\n|\n|-sideend|p1: Clawraptor|move: Light Screen\n|upkeep\n|turn|11\n|\n|t:|1699842802\n|switch|p1a: Espeon|Espeon, F|100\/100\n|-damage|p1a: Espeon|84\/100|[from] Spikes\n|-zpower|p2a: Xurkitree\n|move|p2a: Xurkitree|Z-Hypnosis|p1a: Espeon|[anim]Hypnosis\n|-boost|p2a: Xurkitree|spe|1|[zeffect]\n|move|p1a: Espeon|Hypnosis|p2a: Xurkitree|[from]ability: Magic Bounce|[miss]\n|-miss|p1a: Espeon|p2a: Xurkitree\n|\n|upkeep\n|turn|12\n|\n|t:|1699842815\n|move|p2a: Xurkitree|Tail Glow|p2a: Xurkitree\n|-boost|p2a: Xurkitree|spa|3\n|-zpower|p1a: Espeon\n|move|p1a: Espeon|Z-Celebrate|p1a: Espeon|[anim]Celebrate\n|-boost|p1a: Espeon|atk|1|[zeffect]\n|-boost|p1a: Espeon|def|1|[zeffect]\n|-boost|p1a: Espeon|spa|1|[zeffect]\n|-boost|p1a: Espeon|spd|1|[zeffect]\n|-boost|p1a: Espeon|spe|1|[zeffect]\n|-activate|p1a: Espeon|move: Celebrate\n|\n|upkeep\n|turn|13\n|\n|t:|1699842828\n|move|p1a: Espeon|Stored Power|p2a: Xurkitree\n|-damage|p2a: Xurkitree|0 fnt\n|faint|p2a: Xurkitree\n|\n|upkeep\n|\n|t:|1699842834\n|switch|p2a: Samurott|Samurott-Hisui, F|100\/100 par\n|turn|14\n|\n|t:|1699842838\n|move|p1a: Espeon|Calm Mind|p1a: Espeon\n|-boost|p1a: Espeon|spa|1\n|-boost|p1a: Espeon|spd|1\n|move|p2a: Samurott|Ceaseless Edge|p1a: Espeon\n|-supereffective|p1a: Espeon\n|-damage|p1a: Espeon|4\/100\n|-sidestart|p1: Clawraptor|Spikes\n|\n|upkeep\n|turn|15\n|\n|t:|1699842846\n|move|p2a: Samurott|Aqua Jet|p1a: Espeon\n|-damage|p1a: Espeon|0 fnt\n|faint|p1a: Espeon\n|\n|upkeep\n|\n|t:|1699842851\n|switch|p1a: Corviknight|Corviknight, M, shiny|100\/100\n|turn|16\n|\n|t:|1699842858\n|move|p1a: Corviknight|Agility|p1a: Corviknight\n|-boost|p1a: Corviknight|spe|2\n|move|p2a: Samurott|Aqua Cutter|p1a: Corviknight\n|-damage|p1a: Corviknight|57\/100\n|\n|upkeep\n|turn|17\n|\n|t:|1699842869\n|move|p1a: Corviknight|Bulk Up|p1a: Corviknight\n|-boost|p1a: Corviknight|atk|1\n|-boost|p1a: Corviknight|def|1\n|cant|p2a: Samurott|par\n|\n|upkeep\n|turn|18\n|inactive|Clawraptor has 120 seconds left.\n|\n|t:|1699842913\n|move|p1a: Corviknight|Bulk Up|p1a: Corviknight\n|-boost|p1a: Corviknight|atk|1\n|-boost|p1a: Corviknight|def|1\n|move|p2a: Samurott|Aqua Cutter|p1a: Corviknight\n|-damage|p1a: Corviknight|33\/100\n|\n|upkeep\n|turn|19\n|\n|t:|1699842924\n|move|p1a: Corviknight|Agility|p1a: Corviknight\n|-boost|p1a: Corviknight|spe|2\n|move|p2a: Samurott|Ceaseless Edge|p1a: Corviknight|[miss]\n|-miss|p2a: Samurott|p1a: Corviknight\n|\n|upkeep\n|turn|20\n|inactive|Clawraptor has 120 seconds left.\n|\n|t:|1699842931\n|move|p1a: Corviknight|Bulk Up|p1a: Corviknight\n|-boost|p1a: Corviknight|atk|1\n|-boost|p1a: Corviknight|def|1\n|cant|p2a: Samurott|par\n|\n|upkeep\n|turn|21\n|\n|t:|1699842937\n|move|p1a: Corviknight|Bulk Up|p1a: Corviknight\n|-boost|p1a: Corviknight|atk|1\n|-boost|p1a: Corviknight|def|1\n|move|p2a: Samurott|Aqua Cutter|p1a: Corviknight\n|-damage|p1a: Corviknight|16\/100\n|\n|upkeep\n|turn|22\n|\n|t:|1699842946\n|move|p1a: Corviknight|Power Trip|p2a: Samurott\n|-resisted|p2a: Samurott\n|-enditem|p2a: Samurott|Focus Sash\n|-damage|p2a: Samurott|1\/100 par\n|move|p2a: Samurott|Aqua Cutter|p1a: Corviknight\n|-damage|p1a: Corviknight|1\/100\n|\n|upkeep\n|turn|23\n|\n|t:|1699842955\n|move|p2a: Samurott|Aqua Jet|p1a: Corviknight\n|-damage|p1a: Corviknight|0 fnt\n|faint|p1a: Corviknight\n|\n|upkeep\n|\n|t:|1699842962\n|switch|p1a: Corsola|Corsola-Galar, F, shiny|100\/100\n|-damage|p1a: Corsola|75\/100|[from] Spikes\n|turn|24\n|\n|t:|1699842966\n|move|p2a: Samurott|Ceaseless Edge|p1a: Corsola\n|-supereffective|p1a: Corsola\n|-damage|p1a: Corsola|20\/100\n|-start|p2a: Samurott|Disable|Ceaseless Edge|[from] ability: Cursed Body|[of] p1a: Corsola\n|move|p1a: Corsola|Strength Sap|p2a: Samurott\n|-unboost|p2a: Samurott|atk|1\n|-heal|p1a: Corsola|100\/100\n|\n|upkeep\n|turn|25\n|\n|t:|1699842976\n|move|p2a: Samurott|Aqua Cutter|p1a: Corsola\n|-damage|p1a: Corsola|79\/100\n|move|p1a: Corsola|Calm Mind|p1a: Corsola\n|-boost|p1a: Corsola|spa|1\n|-boost|p1a: Corsola|spd|1\n|\n|upkeep\n|turn|26\n|\n|t:|1699842983\n|move|p2a: Samurott|Aqua Cutter|p1a: Corsola\n|-damage|p1a: Corsola|59\/100\n|move|p1a: Corsola|Calm Mind|p1a: Corsola\n|-boost|p1a: Corsola|spa|1\n|-boost|p1a: Corsola|spd|1\n|\n|upkeep\n|turn|27\n|\n|t:|1699842991\n|move|p2a: Samurott|Aqua Cutter|p1a: Corsola\n|-damage|p1a: Corsola|37\/100\n|move|p1a: Corsola|Strength Sap|p2a: Samurott\n|-unboost|p2a: Samurott|atk|1\n|-heal|p1a: Corsola|100\/100\n|\n|-end|p2a: Samurott|Disable\n|upkeep\n|turn|28\n|\n|t:|1699843002\n|move|p2a: Samurott|Ceaseless Edge|p1a: Corsola|[miss]\n|-miss|p2a: Samurott|p1a: Corsola\n|move|p1a: Corsola|Calm Mind|p1a: Corsola\n|-boost|p1a: Corsola|spa|1\n|-boost|p1a: Corsola|spd|1\n|\n|upkeep\n|turn|29\n|\n|t:|1699843008\n|move|p2a: Samurott|Ceaseless Edge|p1a: Corsola\n|-supereffective|p1a: Corsola\n|-damage|p1a: Corsola|75\/100\n|move|p1a: Corsola|Calm Mind|p1a: Corsola\n|-boost|p1a: Corsola|spa|1\n|-boost|p1a: Corsola|spd|1\n|\n|upkeep\n|turn|30\n|\n|t:|1699843017\n|move|p2a: Samurott|Ceaseless Edge|p1a: Corsola\n|-supereffective|p1a: Corsola\n|-damage|p1a: Corsola|48\/100\n|-start|p2a: Samurott|Disable|Ceaseless Edge|[from] ability: Cursed Body|[of] p1a: Corsola\n|move|p1a: Corsola|Calm Mind|p1a: Corsola\n|-boost|p1a: Corsola|spa|1\n|-boost|p1a: Corsola|spd|1\n|\n|upkeep\n|turn|31\n|\n|t:|1699843025\n|move|p2a: Samurott|Aqua Cutter|p1a: Corsola\n|-damage|p1a: Corsola|33\/100\n|move|p1a: Corsola|Strength Sap|p2a: Samurott\n|-unboost|p2a: Samurott|atk|1\n|-heal|p1a: Corsola|82\/100\n|\n|upkeep\n|turn|32\n|\n|t:|1699843041\n|move|p2a: Samurott|Aqua Cutter|p1a: Corsola\n|-damage|p1a: Corsola|70\/100\n|move|p1a: Corsola|Strength Sap|p2a: Samurott\n|-unboost|p2a: Samurott|atk|1\n|-heal|p1a: Corsola|100\/100\n|\n|upkeep\n|turn|33\n|\n|t:|1699843049\n|-terastallize|p2a: Samurott|Water\n|move|p2a: Samurott|Aqua Cutter|p1a: Corsola\n|-damage|p1a: Corsola|86\/100\n|move|p1a: Corsola|Calm Mind|p1a: Corsola\n|-boost|p1a: Corsola|spa|1\n|-boost|p1a: Corsola|spd|1\n|\n|-end|p2a: Samurott|Disable\n|upkeep\n|turn|34\n|\n|t:|1699843059\n|move|p2a: Samurott|Ceaseless Edge|p1a: Corsola\n|-supereffective|p1a: Corsola\n|-damage|p1a: Corsola|67\/100\n|-start|p2a: Samurott|Disable|Ceaseless Edge|[from] ability: Cursed Body|[of] p1a: Corsola\n|move|p1a: Corsola|Giga Drain|p2a: Samurott\n|-supereffective|p2a: Samurott\n|-damage|p2a: Samurott|0 fnt\n|-heal|p1a: Corsola|67\/100|[from] drain|[of] p2a: Samurott\n|faint|p2a: Samurott\n|\n|upkeep\n|\n|t:|1699843074\n|switch|p2a: Sneasler|Sneasler, F|100\/100\n|turn|35\n|\n|t:|1699843077\n|move|p2a: Sneasler|Dire Claw|p1a: Corsola\n|-resisted|p1a: Corsola\n|-damage|p1a: Corsola|54\/100\n|move|p1a: Corsola|Strength Sap|p2a: Sneasler\n|-unboost|p2a: Sneasler|atk|1\n|-heal|p1a: Corsola|100\/100\n|\n|upkeep\n|turn|36\n|\n|t:|1699843085\n|move|p2a: Sneasler|Dire Claw|p1a: Corsola\n|-resisted|p1a: Corsola\n|-damage|p1a: Corsola|92\/100\n|-start|p2a: Sneasler|Disable|Dire Claw|[from] ability: Cursed Body|[of] p1a: Corsola\n|-status|p1a: Corsola|psn|[from] ability: Poison Touch|[of] p2a: Sneasler\n|move|p1a: Corsola|Will-O-Wisp|p2a: Sneasler|[miss]\n|-miss|p1a: Corsola|p2a: Sneasler\n|\n|-damage|p1a: Corsola|80\/100 psn|[from] psn\n|upkeep\n|turn|37\n|\n|t:|1699843096\n|move|p2a: Sneasler|U-turn|p1a: Corsola\n|-resisted|p1a: Corsola\n|-damage|p1a: Corsola|75\/100 psn\n|\n|t:|1699843099\n|switch|p2a: Landorus|Landorus-Therian, M|100\/100|[from] U-turn\n|-ability|p2a: Landorus|Intimidate|boost\n|-unboost|p1a: Corsola|atk|1\n|move|p1a: Corsola|Will-O-Wisp|p2a: Landorus|[miss]\n|-miss|p1a: Corsola|p2a: Landorus\n|\n|-damage|p1a: Corsola|63\/100 psn|[from] psn\n|upkeep\n|turn|38\n|\n|t:|1699843109\n|move|p2a: Landorus|Knock Off|p1a: Corsola\n|-supereffective|p1a: Corsola\n|-damage|p1a: Corsola|18\/100 psn\n|-enditem|p1a: Corsola|Eviolite|[from] move: Knock Off|[of] p2a: Landorus\n|move|p1a: Corsola|Strength Sap|p2a: Landorus\n|-unboost|p2a: Landorus|atk|1\n|-heal|p1a: Corsola|100\/100 psn\n|\n|-damage|p1a: Corsola|88\/100 psn|[from] psn\n|upkeep\n|turn|39\n|\n|t:|1699843120\n|move|p2a: Landorus|Earthquake|p1a: Corsola\n|-damage|p1a: Corsola|52\/100 psn\n|-start|p2a: Landorus|Disable|Earthquake|[from] ability: Cursed Body|[of] p1a: Corsola\n|move|p1a: Corsola|Giga Drain|p2a: Landorus\n|-damage|p2a: Landorus|38\/100\n|-heal|p1a: Corsola|82\/100 psn|[from] drain|[of] p2a: Landorus\n|\n|-damage|p1a: Corsola|70\/100 psn|[from] psn\n|upkeep\n|turn|40\n|\n|t:|1699843131\n|move|p2a: Landorus|Knock Off|p1a: Corsola\n|-supereffective|p1a: Corsola\n|-damage|p1a: Corsola|42\/100 psn\n|move|p1a: Corsola|Strength Sap|p2a: Landorus\n|-unboost|p2a: Landorus|atk|1\n|-heal|p1a: Corsola|100\/100 psn\n|\n|-damage|p1a: Corsola|88\/100 psn|[from] psn\n|upkeep\n|turn|41\n|\n|t:|1699843142\n|switch|p2a: Starmie|Starmie|100\/100\n|move|p1a: Corsola|Giga Drain|p2a: Starmie\n|-supereffective|p2a: Starmie\n|-damage|p2a: Starmie|0 fnt\n|-heal|p1a: Corsola|100\/100 psn|[from] drain|[of] p2a: Starmie\n|faint|p2a: Starmie\n|\n|-damage|p1a: Corsola|88\/100 psn|[from] psn\n|upkeep\n|\n|t:|1699843148\n|switch|p2a: Landorus|Landorus-Therian, M|38\/100\n|-ability|p2a: Landorus|Intimidate|boost\n|-unboost|p1a: Corsola|atk|1\n|turn|42\n|\n|t:|1699843167\n|move|p2a: Landorus|Knock Off|p1a: Corsola\n|-supereffective|p1a: Corsola\n|-damage|p1a: Corsola|41\/100 psn\n|move|p1a: Corsola|Strength Sap|p2a: Landorus\n|-unboost|p2a: Landorus|atk|1\n|-heal|p1a: Corsola|100\/100 psn\n|\n|-damage|p1a: Corsola|88\/100 psn|[from] psn\n|upkeep\n|turn|43\n|\n|t:|1699843179\n|move|p2a: Landorus|Earthquake|p1a: Corsola\n|-damage|p1a: Corsola|55\/100 psn\n|move|p1a: Corsola|Strength Sap|p2a: Landorus\n|-unboost|p2a: Landorus|atk|1\n|-heal|p1a: Corsola|100\/100 psn\n|\n|-damage|p1a: Corsola|88\/100 psn|[from] psn\n|upkeep\n|turn|44\n|\n|t:|1699843196\n|move|p2a: Landorus|Earthquake|p1a: Corsola\n|-damage|p1a: Corsola|61\/100 psn\n|move|p1a: Corsola|Giga Drain|p2a: Landorus\n|-damage|p2a: Landorus|0 fnt\n|-heal|p1a: Corsola|80\/100 psn|[from] drain|[of] p2a: Landorus\n|faint|p2a: Landorus\n|\n|-damage|p1a: Corsola|68\/100 psn|[from] psn\n|upkeep\n|\n|t:|1699843206\n|switch|p2a: Sneasler|Sneasler, F|100\/100\n|turn|45\n|\n|t:|1699843213\n|move|p2a: Sneasler|Dire Claw|p1a: Corsola\n|-resisted|p1a: Corsola\n|-damage|p1a: Corsola|47\/100 psn\n|move|p1a: Corsola|Strength Sap|p2a: Sneasler\n|-unboost|p2a: Sneasler|atk|1\n|-heal|p1a: Corsola|100\/100 psn\n|\n|-damage|p1a: Corsola|88\/100 psn|[from] psn\n|upkeep\n|turn|46\n|-message|kajo_aris forfeited.\n|\n|win|Clawraptor\n|raw|Clawraptor's rating: 1438 &rarr; <strong>1451<\/strong><br \/>(+13 for winning)\n|raw|kajo_aris's rating: 1318 &rarr; <strong>1305<\/strong><br \/>(-13 for losing)\n|l|\u2606kajo_aris\n","uploadtime":1699843227,"views":4,"p1id":"clawraptor","p2id":"kajoaris","formatid":"gen9nationaldex","rating":1305,"private":0,"password":""}