{"id":"gen9nationaldex-1991736962","p1":"oodinosaurking","p2":"Krokorockin","format":"[Gen 9] National Dex","log":"|j|\u2606oodinosaurking\n|j|\u2606Krokorockin\n|t:|1700108919\n|gametype|singles\n|player|p1|oodinosaurking|265|1086\n|player|p2|Krokorockin|guitarist-gen4|1121\n|teamsize|p1|6\n|teamsize|p2|6\n|gen|9\n|tier|[Gen 9] National Dex\n|rated|\n|rule|HP Percentage Mod: HP is shown in percentages\n|rule|Endless Battle Clause: Forcing endless battles is banned\n|rule|OHKO Clause: OHKO moves are banned\n|rule|Evasion Clause: Evasion abilities, items, and moves are banned\n|rule|Evasion Abilities Clause: Evasion abilities are banned\n|rule|Evasion Items Clause: Evasion items are banned\n|rule|Evasion Moves Clause: Evasion moves are banned\n|rule|Species Clause: Limit one of each Pok\u00e9mon\n|rule|Sleep Clause Mod: Limit one foe put to sleep\n|clearpoke\n|poke|p1|Serperior, F|\n|poke|p1|Krookodile, M|\n|poke|p1|Carracosta, M|\n|poke|p1|Eelektross, M|\n|poke|p1|Mienshao, F|\n|poke|p1|Haxorus, M|\n|poke|p2|Sneasler, M|\n|poke|p2|Crobat, F|\n|poke|p2|Muk-Alola, M|\n|poke|p2|Beedrill, M|\n|poke|p2|Nidoking, M|\n|poke|p2|Clodsire, M|\n|teampreview\n|inactive|Battle timer is ON: inactive players will automatically lose when time's up. (requested by oodinosaurking)\n|\n|t:|1700108941\n|start\n|switch|p1a: Eelektross|Eelektross, M|100\/100\n|switch|p2a: Beedrill|Beedrill, M|100\/100\n|turn|1\n|c|\u2606Krokorockin|Nice gen 5 team\n|\n|t:|1700108951\n|detailschange|p2a: Beedrill|Beedrill-Mega, M\n|-mega|p2a: Beedrill|Beedrill|Beedrillite\n|move|p2a: Beedrill|U-turn|p1a: Eelektross\n|-damage|p1a: Eelektross|44\/100\n|\n|t:|1700108955\n|switch|p2a: Clodsire|Clodsire, M|100\/100|[from] U-turn\n|move|p1a: Eelektross|Flamethrower|p2a: Clodsire\n|-damage|p2a: Clodsire|85\/100\n|\n|-heal|p2a: Clodsire|91\/100|[from] item: Black Sludge\n|upkeep\n|turn|2\n|c|\u2606oodinosaurking|Thx!\n|\n|t:|1700108969\n|move|p1a: Eelektross|Giga Drain|p2a: Clodsire\n|-damage|p2a: Clodsire|77\/100\n|-heal|p1a: Eelektross|53\/100|[from] drain|[of] p2a: Clodsire\n|move|p2a: Clodsire|Toxic|p1a: Eelektross\n|-status|p1a: Eelektross|tox\n|\n|-heal|p2a: Clodsire|83\/100|[from] item: Black Sludge\n|-damage|p1a: Eelektross|47\/100 tox|[from] psn\n|upkeep\n|turn|3\n|\n|t:|1700108983\n|switch|p1a: Serperior|Serperior, F|100\/100\n|move|p2a: Clodsire|Recover|p2a: Clodsire\n|-heal|p2a: Clodsire|100\/100\n|\n|upkeep\n|turn|4\n|\n|t:|1700108990\n|switch|p2a: Crobat|Crobat, F|100\/100\n|move|p1a: Serperior|Substitute|p1a: Serperior\n|-start|p1a: Serperior|Substitute\n|-damage|p1a: Serperior|76\/100\n|\n|-heal|p1a: Serperior|82\/100|[from] item: Leftovers\n|upkeep\n|turn|5\n|\n|t:|1700109000\n|move|p1a: Serperior|Leaf Storm|p2a: Crobat|[miss]\n|-miss|p1a: Serperior|p2a: Crobat\n|move|p2a: Crobat|Cross Poison|p1a: Serperior\n|-supereffective|p1a: Serperior\n|-damage|p1a: Serperior|9\/100\n|-status|p1a: Serperior|psn\n|\n|-heal|p1a: Serperior|15\/100 psn|[from] item: Leftovers\n|-damage|p1a: Serperior|3\/100 psn|[from] psn\n|upkeep\n|turn|6\n|\n|t:|1700109012\n|move|p1a: Serperior|Glare|p2a: Crobat\n|-status|p2a: Crobat|par\n|move|p2a: Crobat|Roost||[still]\n|-fail|p2a: Crobat|heal\n|\n|-heal|p1a: Serperior|9\/100 psn|[from] item: Leftovers\n|-damage|p1a: Serperior|0 fnt|[from] psn\n|faint|p1a: Serperior\n|upkeep\n|\n|t:|1700109023\n|switch|p1a: Eelektross|Eelektross, M|47\/100 tox\n|turn|7\n|\n|t:|1700109034\n|switch|p2a: Clodsire|Clodsire, M|100\/100\n|move|p1a: Eelektross|Giga Drain|p2a: Clodsire\n|-damage|p2a: Clodsire|88\/100\n|-heal|p1a: Eelektross|55\/100 tox|[from] drain|[of] p2a: Clodsire\n|\n|-heal|p2a: Clodsire|94\/100|[from] item: Black Sludge\n|-damage|p1a: Eelektross|49\/100 tox|[from] psn\n|upkeep\n|turn|8\n|\n|t:|1700109045\n|move|p1a: Eelektross|Superpower|p2a: Clodsire\n|-resisted|p2a: Clodsire\n|-damage|p2a: Clodsire|76\/100\n|-unboost|p1a: Eelektross|atk|1\n|-unboost|p1a: Eelektross|def|1\n|move|p2a: Clodsire|Stealth Rock|p1a: Eelektross\n|-sidestart|p1: oodinosaurking|move: Stealth Rock\n|\n|-heal|p2a: Clodsire|83\/100|[from] item: Black Sludge\n|-damage|p1a: Eelektross|37\/100 tox|[from] psn\n|upkeep\n|turn|9\n|\n|t:|1700109061\n|switch|p2a: Muk|Muk-Alola, M|100\/100\n|move|p1a: Eelektross|Giga Drain|p2a: Muk\n|-resisted|p2a: Muk\n|-damage|p2a: Muk|91\/100\n|-heal|p1a: Eelektross|42\/100 tox|[from] drain|[of] p2a: Muk\n|\n|-heal|p2a: Muk|97\/100|[from] item: Black Sludge\n|-damage|p1a: Eelektross|24\/100 tox|[from] psn\n|upkeep\n|turn|10\n|\n|t:|1700109073\n|move|p2a: Muk|Curse|p2a: Muk\n|-unboost|p2a: Muk|spe|1\n|-boost|p2a: Muk|atk|1\n|-boost|p2a: Muk|def|1\n|move|p1a: Eelektross|Thunderbolt|p2a: Muk\n|-damage|p2a: Muk|61\/100\n|\n|-heal|p2a: Muk|67\/100|[from] item: Black Sludge\n|-damage|p1a: Eelektross|0 fnt|[from] psn\n|faint|p1a: Eelektross\n|upkeep\n|\n|t:|1700109083\n|switch|p1a: Krookodile|Krookodile, M|100\/100\n|-damage|p1a: Krookodile|94\/100|[from] Stealth Rock\n|-ability|p1a: Krookodile|Intimidate|boost\n|-unboost|p2a: Muk|atk|1\n|turn|11\n|\n|t:|1700109093\n|switch|p2a: Crobat|Crobat, F|100\/100 par\n|-terastallize|p1a: Krookodile|Dark\n|move|p1a: Krookodile|Crunch|p2a: Crobat\n|-damage|p2a: Crobat|42\/100 par\n|\n|upkeep\n|turn|12\n|\n|t:|1700109102\n|move|p1a: Krookodile|Crunch|p2a: Crobat\n|-damage|p2a: Crobat|0 fnt\n|faint|p2a: Crobat\n|\n|upkeep\n|\n|t:|1700109105\n|switch|p2a: Beedrill|Beedrill-Mega, M|100\/100\n|turn|13\n|\n|t:|1700109109\n|move|p1a: Krookodile|Crunch|p2a: Beedrill\n|-damage|p2a: Beedrill|0 fnt\n|faint|p2a: Beedrill\n|\n|upkeep\n|c|\u2606Krokorockin|If you\u2019re gonna run scarf krook then you should put it on moxie instead of intimidate\n|inactive|Krokorockin has 120 seconds left.\n|\n|t:|1700109139\n|switch|p2a: Sneasler|Sneasler, M|100\/100\n|turn|14\n|\n|t:|1700109143\n|move|p1a: Krookodile|Crunch|p2a: Sneasler\n|-resisted|p2a: Sneasler\n|-damage|p2a: Sneasler|54\/100\n|move|p2a: Sneasler|Close Combat|p1a: Krookodile\n|-supereffective|p1a: Krookodile\n|-damage|p1a: Krookodile|0 fnt\n|-unboost|p2a: Sneasler|def|1\n|-unboost|p2a: Sneasler|spd|1\n|-enditem|p2a: Sneasler|White Herb\n|-clearnegativeboost|p2a: Sneasler|[silent]\n|faint|p1a: Krookodile\n|\n|upkeep\n|\n|t:|1700109158\n|switch|p1a: Mienshao|Mienshao, F|100\/100\n|-damage|p1a: Mienshao|95\/100|[from] Stealth Rock\n|turn|15\n|\n|t:|1700109164\n|-terastallize|p2a: Sneasler|Flying\n|move|p2a: Sneasler|Acrobatics|p1a: Mienshao\n|-supereffective|p1a: Mienshao\n|-damage|p1a: Mienshao|0 fnt\n|faint|p1a: Mienshao\n|\n|upkeep\n|\n|t:|1700109171\n|switch|p1a: Carracosta|Carracosta, M|100\/100\n|-damage|p1a: Carracosta|88\/100|[from] Stealth Rock\n|turn|16\n|\n|t:|1700109175\n|move|p2a: Sneasler|Close Combat|p1a: Carracosta\n|-supereffective|p1a: Carracosta\n|-damage|p1a: Carracosta|0 fnt\n|-unboost|p2a: Sneasler|def|1\n|-unboost|p2a: Sneasler|spd|1\n|faint|p1a: Carracosta\n|\n|upkeep\n|\n|t:|1700109182\n|switch|p1a: Haxorus|Haxorus, M, shiny|100\/100\n|-damage|p1a: Haxorus|88\/100|[from] Stealth Rock\n|-ability|p1a: Haxorus|Mold Breaker\n|turn|17\n|\n|t:|1700109190\n|move|p2a: Sneasler|U-turn|p1a: Haxorus\n|-damage|p1a: Haxorus|52\/100\n|\n|t:|1700109194\n|switch|p2a: Nidoking|Nidoking, M|100\/100|[from] U-turn\n|move|p1a: Haxorus|Outrage|p2a: Nidoking\n|-damage|p2a: Nidoking|0 fnt\n|faint|p2a: Nidoking\n|\n|upkeep\n|\n|t:|1700109202\n|switch|p2a: Clodsire|Clodsire, M|83\/100\n|turn|18\n|\n|t:|1700109205\n|move|p1a: Haxorus|Outrage|p2a: Clodsire|[from]lockedmove\n|-damage|p2a: Clodsire|1\/100\n|-start|p1a: Haxorus|confusion|[fatigue]\n|-enditem|p1a: Haxorus|Lum Berry|[eat]\n|-end|p1a: Haxorus|confusion\n|move|p2a: Clodsire|Toxic|p1a: Haxorus\n|-status|p1a: Haxorus|tox\n|\n|-heal|p2a: Clodsire|7\/100|[from] item: Black Sludge\n|-damage|p1a: Haxorus|46\/100 tox|[from] psn\n|upkeep\n|turn|19\n|\n|t:|1700109219\n|move|p1a: Haxorus|Outrage|p2a: Clodsire\n|-damage|p2a: Clodsire|0 fnt\n|faint|p2a: Clodsire\n|\n|-damage|p1a: Haxorus|33\/100 tox|[from] psn\n|upkeep\n|\n|t:|1700109222\n|switch|p2a: Sneasler|Sneasler, M, tera:Flying|54\/100\n|turn|20\n|\n|t:|1700109228\n|move|p2a: Sneasler|Acrobatics|p1a: Haxorus\n|-damage|p1a: Haxorus|0 fnt\n|faint|p1a: Haxorus\n|\n|win|Krokorockin\n|raw|oodinosaurking's rating: 1086 &rarr; <strong>1065<\/strong><br \/>(-21 for losing)\n|raw|Krokorockin's rating: 1121 &rarr; <strong>1143<\/strong><br \/>(+22 for winning)\n|c|\u2606oodinosaurking|Gg\n|c|\u2606Krokorockin|Gg\n|l|\u2606oodinosaurking\n","uploadtime":1700109240,"views":32,"p1id":"oodinosaurking","p2id":"krokorockin","formatid":"gen9nationaldex","rating":1065,"private":0,"password":""}