{"id":"gen9nationaldex-1999065078","p1":"MunchingPatato","p2":"tobiasnl","format":"[Gen 9] National Dex","log":"|html|<div class=\"broadcast-blue\"><strong>[Gen 9] National Dex is currently suspecting Sneasler! For information on how to participate check out the <a href=\"https:\/\/www.smogon.com\/forums\/threads\/sv-national-dex-suspect-8-just-dance.3731534\/\">suspect thread<\/a>.<\/strong><\/div>\n|j|\u2606MunchingPatato\n|j|\u2606tobiasnl\n|t:|1701029415\n|gametype|singles\n|player|p1|MunchingPatato|preschooler|\n|player|p2|tobiasnl|2|\n|teamsize|p1|6\n|teamsize|p2|6\n|gen|9\n|tier|[Gen 9] National Dex\n|rule|HP Percentage Mod: HP is shown in percentages\n|rule|Endless Battle Clause: Forcing endless battles is banned\n|rule|OHKO Clause: OHKO moves are banned\n|rule|Evasion Clause: Evasion abilities, items, and moves are banned\n|rule|Evasion Abilities Clause: Evasion abilities are banned\n|rule|Evasion Items Clause: Evasion items are banned\n|rule|Evasion Moves Clause: Evasion moves are banned\n|rule|Species Clause: Limit one of each Pok\u00e9mon\n|rule|Sleep Clause Mod: Limit one foe put to sleep\n|clearpoke\n|poke|p1|Pelipper, F|\n|poke|p1|Barraskewda, M|\n|poke|p1|Floatzel, F|\n|poke|p1|Zapdos|\n|poke|p1|Clodsire, M|\n|poke|p1|Corviknight, M|\n|poke|p2|Blaziken, F|\n|poke|p2|Gallade, M|\n|poke|p2|Breloom, F|\n|poke|p2|Conkeldurr, F|\n|poke|p2|Quaquaval, M|\n|poke|p2|Lucario, M|\n|teampreview\n|\n|t:|1701029429\n|start\n|switch|p1a: Pelipper|Pelipper, F|100\/100\n|switch|p2a: Blaziken|Blaziken, F|100\/100\n|-weather|RainDance|[from] ability: Drizzle|[of] p1a: Pelipper\n|turn|1\n|\n|t:|1701029441\n|switch|p2a: Conkeldurr|Conkeldurr, F, shiny|100\/100\n|move|p1a: Pelipper|U-turn|p2a: Conkeldurr\n|-resisted|p2a: Conkeldurr\n|-damage|p2a: Conkeldurr|97\/100\n|\n|t:|1701029445\n|switch|p1a: Barraskewda|Barraskewda, M|100\/100|[from] U-turn\n|\n|-weather|RainDance|[upkeep]\n|upkeep\n|turn|2\n|\n|t:|1701029451\n|move|p1a: Barraskewda|Psychic Fangs|p2a: Conkeldurr\n|-supereffective|p2a: Conkeldurr\n|-damage|p2a: Conkeldurr|3\/100\n|move|p2a: Conkeldurr|Ice Punch|p1a: Barraskewda\n|-resisted|p1a: Barraskewda\n|-damage|p1a: Barraskewda|64\/100\n|\n|-weather|RainDance|[upkeep]\n|upkeep\n|turn|3\n|c|\u2606tobiasnl|I MISSCL|ICKED\n|c|\u2606tobiasnl|i ment to click the move next to it, thunder punch :(((\n|\n|t:|1701029472\n|move|p1a: Barraskewda|Psychic Fangs|p2a: Conkeldurr\n|-supereffective|p2a: Conkeldurr\n|-damage|p2a: Conkeldurr|0 fnt\n|faint|p2a: Conkeldurr\n|\n|-weather|RainDance|[upkeep]\n|upkeep\n|\n|t:|1701029480\n|switch|p2a: Gallade|Gallade, M, shiny|100\/100\n|turn|4\n|\n|t:|1701029488\n|switch|p1a: Corviknight|Corviknight, M|100\/100\n|-ability|p1a: Corviknight|Pressure\n|move|p2a: Gallade|Leaf Blade|p1a: Corviknight\n|-resisted|p1a: Corviknight\n|-damage|p1a: Corviknight|94\/100\n|-damage|p2a: Gallade|84\/100|[from] item: Rocky Helmet|[of] p1a: Corviknight\n|\n|-weather|RainDance|[upkeep]\n|upkeep\n|turn|5\n|\n|t:|1701029508\n|switch|p2a: Blaziken|Blaziken, F|100\/100\n|move|p1a: Corviknight|Brave Bird|p2a: Blaziken\n|-supereffective|p2a: Blaziken\n|-damage|p2a: Blaziken|0 fnt\n|faint|p2a: Blaziken\n|-damage|p1a: Corviknight|69\/100|[from] Recoil\n|\n|-weather|none\n|upkeep\n|\n|t:|1701029517\n|switch|p2a: Breloom|Breloom, F, shiny|100\/100\n|turn|6\n|\n|t:|1701029525\n|move|p2a: Breloom|Spore|p1a: Corviknight\n|-status|p1a: Corviknight|slp|[from] move: Spore\n|cant|p1a: Corviknight|slp\n|\n|upkeep\n|turn|7\n|\n|t:|1701029532\n|switch|p1a: Pelipper|Pelipper, F|100\/100\n|-weather|RainDance|[from] ability: Drizzle|[of] p1a: Pelipper\n|move|p2a: Breloom|Leech Seed|p1a: Pelipper\n|-start|p1a: Pelipper|move: Leech Seed\n|\n|-weather|RainDance|[upkeep]\n|-damage|p1a: Pelipper|88\/100|[from] Leech Seed|[of] p2a: Breloom\n|upkeep\n|turn|8\n|c|\u2606MunchingPatato|F\n|\n|t:|1701029542\n|move|p2a: Breloom|Substitute|p2a: Breloom\n|-start|p2a: Breloom|Substitute\n|-damage|p2a: Breloom|76\/100\n|move|p1a: Pelipper|U-turn|p2a: Breloom\n|-activate|p2a: Breloom|move: Substitute|[damage]\n|\n|t:|1701029552\n|switch|p1a: Clodsire|Clodsire, M|100\/100|[from] U-turn\n|\n|-weather|RainDance|[upkeep]\n|-heal|p2a: Breloom|82\/100|[from] item: Leftovers\n|upkeep\n|turn|9\n|\n|t:|1701029569\n|move|p2a: Breloom|Leech Seed|p1a: Clodsire\n|-start|p1a: Clodsire|move: Leech Seed\n|move|p1a: Clodsire|Earthquake|p2a: Breloom\n|-resisted|p2a: Breloom\n|-end|p2a: Breloom|Substitute\n|\n|-weather|RainDance|[upkeep]\n|-heal|p2a: Breloom|88\/100|[from] item: Leftovers\n|-damage|p1a: Clodsire|88\/100|[from] Leech Seed|[of] p2a: Breloom\n|-heal|p2a: Breloom|100\/100|[silent]\n|upkeep\n|turn|10\n|\n|t:|1701029580\n|move|p2a: Breloom|Substitute|p2a: Breloom\n|-start|p2a: Breloom|Substitute\n|-damage|p2a: Breloom|76\/100\n|move|p1a: Clodsire|Toxic||[still]\n|-fail|p1a: Clodsire\n|\n|-weather|RainDance|[upkeep]\n|-heal|p2a: Breloom|82\/100|[from] item: Leftovers\n|-heal|p1a: Clodsire|94\/100|[from] item: Leftovers\n|-damage|p1a: Clodsire|82\/100|[from] Leech Seed|[of] p2a: Breloom\n|-heal|p2a: Breloom|99\/100|[silent]\n|upkeep\n|turn|11\n|\n|t:|1701029589\n|-singleturn|p2a: Breloom|move: Focus Punch\n|move|p1a: Clodsire|Earthquake|p2a: Breloom\n|-resisted|p2a: Breloom\n|-activate|p2a: Breloom|move: Substitute|[damage]\n|move|p2a: Breloom|Focus Punch|p1a: Clodsire\n|-resisted|p1a: Clodsire\n|-damage|p1a: Clodsire|46\/100\n|\n|-weather|none\n|-heal|p2a: Breloom|100\/100|[from] item: Leftovers\n|-heal|p1a: Clodsire|52\/100|[from] item: Leftovers\n|-damage|p1a: Clodsire|40\/100|[from] Leech Seed|[of] p2a: Breloom\n|upkeep\n|turn|12\n|\n|t:|1701029604\n|switch|p1a: Pelipper|Pelipper, F|88\/100\n|-weather|RainDance|[from] ability: Drizzle|[of] p1a: Pelipper\n|move|p2a: Breloom|Substitute|p2a: Breloom\n|-fail|p2a: Breloom|move: Substitute\n|\n|-weather|RainDance|[upkeep]\n|-heal|p1a: Pelipper|94\/100|[from] item: Leftovers\n|upkeep\n|turn|13\n|c|\u2606tobiasnl|oh i thought my sub broke from earthhquake i didnt look lol\n|\n|t:|1701029631\n|move|p2a: Breloom|Leech Seed|p1a: Pelipper\n|-start|p1a: Pelipper|move: Leech Seed\n|move|p1a: Pelipper|U-turn|p2a: Breloom\n|-end|p2a: Breloom|Substitute\n|c|\u2606MunchingPatato|LMAO\n|\n|t:|1701029646\n|switch|p1a: Zapdos|Zapdos|100\/100|[from] U-turn\n|\n|-weather|RainDance|[upkeep]\n|upkeep\n|turn|14\n|\n|t:|1701029653\n|switch|p2a: Gallade|Gallade, M, shiny|84\/100\n|move|p1a: Zapdos|Hurricane|p2a: Gallade\n|-supereffective|p2a: Gallade\n|-damage|p2a: Gallade|0 fnt\n|faint|p2a: Gallade\n|\n|-weather|RainDance|[upkeep]\n|upkeep\n|c|\u2606tobiasnl|rip\n|\n|t:|1701029673\n|switch|p2a: Lucario|Lucario, M, shiny|100\/100\n|turn|15\n|c|\u2606tobiasnl|now i have nothing cause i fucked up conkeldurr\n|c|\u2606tobiasnl|thats all it takes\n|\n|t:|1701029727\n|switch|p1a: Corviknight|Corviknight, M|69\/100 slp\n|-ability|p1a: Corviknight|Pressure\n|move|p2a: Lucario|Close Combat|p1a: Corviknight\n|-damage|p1a: Corviknight|32\/100 slp\n|-unboost|p2a: Lucario|def|1\n|-unboost|p2a: Lucario|spd|1\n|-damage|p2a: Lucario|84\/100|[from] item: Rocky Helmet|[of] p1a: Corviknight\n|\n|-weather|RainDance|[upkeep]\n|-heal|p2a: Lucario|90\/100|[from] item: Leftovers\n|upkeep\n|turn|16\n|\n|t:|1701029748\n|switch|p1a: Pelipper|Pelipper, F|94\/100\n|move|p2a: Lucario|Swords Dance|p2a: Lucario\n|-boost|p2a: Lucario|atk|2\n|\n|-weather|none\n|-heal|p2a: Lucario|96\/100|[from] item: Leftovers\n|-heal|p1a: Pelipper|100\/100|[from] item: Leftovers\n|upkeep\n|turn|17\n|\n|t:|1701029757\n|switch|p1a: Corviknight|Corviknight, M|32\/100 slp\n|-ability|p1a: Corviknight|Pressure\n|move|p2a: Lucario|Swords Dance|p2a: Lucario\n|-boost|p2a: Lucario|atk|2\n|\n|-heal|p2a: Lucario|100\/100|[from] item: Leftovers\n|upkeep\n|turn|18\n|\n|t:|1701029769\n|move|p2a: Lucario|Close Combat|p1a: Corviknight\n|-damage|p1a: Corviknight|0 fnt\n|-unboost|p2a: Lucario|def|1\n|-unboost|p2a: Lucario|spd|1\n|-damage|p2a: Lucario|84\/100|[from] item: Rocky Helmet|[of] p1a: Corviknight\n|faint|p1a: Corviknight\n|\n|-heal|p2a: Lucario|90\/100|[from] item: Leftovers\n|upkeep\n|\n|t:|1701029779\n|switch|p1a: Pelipper|Pelipper, F|100\/100\n|-weather|RainDance|[from] ability: Drizzle|[of] p1a: Pelipper\n|turn|19\n|\n|t:|1701029784\n|move|p2a: Lucario|Meteor Mash|p1a: Pelipper\n|-resisted|p1a: Pelipper\n|-damage|p1a: Pelipper|55\/100\n|move|p1a: Pelipper|U-turn|p2a: Lucario\n|-resisted|p2a: Lucario\n|-damage|p2a: Lucario|84\/100\n|\n|t:|1701029789\n|switch|p1a: Floatzel|Floatzel, F|100\/100|[from] U-turn\n|\n|-weather|RainDance|[upkeep]\n|-heal|p2a: Lucario|90\/100|[from] item: Leftovers\n|upkeep\n|turn|20\n|\n|t:|1701029797\n|move|p1a: Floatzel|Wave Crash|p2a: Lucario\n|-damage|p2a: Lucario|0 fnt\n|faint|p2a: Lucario\n|-damage|p1a: Floatzel|74\/100|[from] Recoil\n|\n|-weather|RainDance|[upkeep]\n|upkeep\n|\n|t:|1701029802\n|switch|p2a: Breloom|Breloom, F, shiny|100\/100\n|turn|21\n|\n|t:|1701029810\n|switch|p1a: Clodsire|Clodsire, M|40\/100\n|move|p2a: Breloom|Spore|p1a: Clodsire\n|-status|p1a: Clodsire|slp|[from] move: Spore\n|\n|-weather|RainDance|[upkeep]\n|-heal|p1a: Clodsire|46\/100 slp|[from] item: Leftovers\n|upkeep\n|turn|22\n|\n|t:|1701029818\n|switch|p1a: Pelipper|Pelipper, F|55\/100\n|move|p2a: Breloom|Leech Seed|p1a: Pelipper\n|-start|p1a: Pelipper|move: Leech Seed\n|\n|-weather|RainDance|[upkeep]\n|-heal|p1a: Pelipper|61\/100|[from] item: Leftovers\n|-damage|p1a: Pelipper|49\/100|[from] Leech Seed|[of] p2a: Breloom\n|upkeep\n|turn|23\n|\n|t:|1701029825\n|move|p2a: Breloom|Substitute|p2a: Breloom\n|-start|p2a: Breloom|Substitute\n|-damage|p2a: Breloom|76\/100\n|move|p1a: Pelipper|U-turn|p2a: Breloom\n|-activate|p2a: Breloom|move: Substitute|[damage]\n|\n|t:|1701029831\n|switch|p1a: Zapdos|Zapdos|100\/100|[from] U-turn\n|\n|-weather|none\n|-heal|p2a: Breloom|82\/100|[from] item: Leftovers\n|upkeep\n|turn|24\n|\n|t:|1701029840\n|switch|p1a: Pelipper|Pelipper, F|49\/100\n|-weather|RainDance|[from] ability: Drizzle|[of] p1a: Pelipper\n|move|p2a: Breloom|Leech Seed|p1a: Pelipper\n|-start|p1a: Pelipper|move: Leech Seed\n|\n|-weather|RainDance|[upkeep]\n|-heal|p2a: Breloom|88\/100|[from] item: Leftovers\n|-heal|p1a: Pelipper|55\/100|[from] item: Leftovers\n|-damage|p1a: Pelipper|43\/100|[from] Leech Seed|[of] p2a: Breloom\n|-heal|p2a: Breloom|100\/100|[silent]\n|upkeep\n|turn|25\n|\n|t:|1701029851\n|-singleturn|p2a: Breloom|move: Focus Punch\n|move|p1a: Pelipper|U-turn|p2a: Breloom\n|-activate|p2a: Breloom|move: Substitute|[damage]\n|\n|t:|1701029862\n|switch|p1a: Zapdos|Zapdos|100\/100|[from] U-turn\n|move|p2a: Breloom|Focus Punch|p1a: Zapdos\n|-resisted|p1a: Zapdos\n|-damage|p1a: Zapdos|60\/100\n|-status|p2a: Breloom|par|[from] ability: Static|[of] p1a: Zapdos\n|\n|-weather|RainDance|[upkeep]\n|upkeep\n|turn|26\n|\n|t:|1701029878\n|move|p1a: Zapdos|Hurricane|p2a: Breloom\n|-supereffective|p2a: Breloom\n|-end|p2a: Breloom|Substitute\n|cant|p2a: Breloom|par\n|\n|-weather|RainDance|[upkeep]\n|upkeep\n|turn|27\n|c|\u2606MunchingPatato|F\n|\n|t:|1701029887\n|move|p1a: Zapdos|Hurricane|p2a: Breloom\n|-supereffective|p2a: Breloom\n|-damage|p2a: Breloom|0 fnt\n|faint|p2a: Breloom\n|\n|-weather|RainDance|[upkeep]\n|upkeep\n|c|\u2606tobiasnl|rip\n|\n|t:|1701029894\n|switch|p2a: Quaquaval|Quaquaval, M, shiny|100\/100\n|turn|28\n|c|\u2606tobiasnl|man if i just still had my conkeldurr and didnt missclick on barraskewda\n|\n|t:|1701029925\n|move|p1a: Zapdos|Thunder|p2a: Quaquaval\n|-supereffective|p2a: Quaquaval\n|-damage|p2a: Quaquaval|0 fnt\n|faint|p2a: Quaquaval\n|\n|win|MunchingPatato\n|c|\u2606tobiasnl|gg\n|c|\u2606MunchingPatato|gg\n|l|\u2606tobiasnl\n","uploadtime":1701029968,"views":20,"p1id":"munchingpatato","p2id":"tobiasnl","formatid":"gen9nationaldex","rating":0,"private":0,"password":""}