{"id":"gen9nationaldex-1993223951","p1":"TruckSenpaiii","p2":"aquaman terrestre","format":"[Gen 9] National Dex","log":"|j|\u2606TruckSenpaiii\n|j|\u2606aquaman terrestre\n|t:|1700280330\n|gametype|singles\n|player|p1|TruckSenpaiii|scientistf|1056\n|player|p2|aquaman terrestre|eusine|1082\n|teamsize|p1|6\n|teamsize|p2|6\n|gen|9\n|tier|[Gen 9] National Dex\n|rated|\n|rule|HP Percentage Mod: HP is shown in percentages\n|rule|Endless Battle Clause: Forcing endless battles is banned\n|rule|OHKO Clause: OHKO moves are banned\n|rule|Evasion Clause: Evasion abilities, items, and moves are banned\n|rule|Evasion Abilities Clause: Evasion abilities are banned\n|rule|Evasion Items Clause: Evasion items are banned\n|rule|Evasion Moves Clause: Evasion moves are banned\n|rule|Species Clause: Limit one of each Pok\u00e9mon\n|rule|Sleep Clause Mod: Limit one foe put to sleep\n|clearpoke\n|poke|p1|Tauros-Paldea-Aqua, M|\n|poke|p1|Kleavor, M|\n|poke|p1|Mandibuzz, F|\n|poke|p1|Zamazenta-*|\n|poke|p1|Sandslash-Alola, M|\n|poke|p1|Ninetales-Alola, M|\n|poke|p2|Typhlosion, M|\n|poke|p2|Froslass, F|\n|poke|p2|Toxicroak, M|\n|poke|p2|Zangoose, M|\n|poke|p2|Heracross, M|\n|poke|p2|Salamence, M|\n|teampreview\n|inactive|Battle timer is ON: inactive players will automatically lose when time's up. (requested by aquaman terrestre)\n|\n|t:|1700280367\n|start\n|switch|p1a: Kleavor|Kleavor, M|100\/100\n|switch|p2a: Froslass|Froslass, F|100\/100\n|turn|1\n|c|\u2606TruckSenpaiii|nice zangoose\n|inactive|aquaman terrestre has 120 seconds left.\n|c|\u2606aquaman terrestre|cool af\n|\n|t:|1700280409\n|switch|p2a: Toxicroak|Toxicroak, M|100\/100\n|move|p1a: Kleavor|Trailblaze|p2a: Toxicroak\n|-resisted|p2a: Toxicroak\n|-damage|p2a: Toxicroak|86\/100\n|-boost|p1a: Kleavor|spe|1\n|\n|-heal|p2a: Toxicroak|93\/100|[from] item: Leftovers\n|upkeep\n|turn|2\n|c|\u2606TruckSenpaiii|you using the poison technique?\n|\n|t:|1700280427\n|switch|p1a: Mandibuzz|Mandibuzz, F|100\/100\n|move|p2a: Toxicroak|Swords Dance|p2a: Toxicroak\n|-boost|p2a: Toxicroak|atk|2\n|\n|-heal|p2a: Toxicroak|99\/100|[from] item: Leftovers\n|upkeep\n|turn|3\n|\n|t:|1700280437\n|move|p2a: Toxicroak|Gunk Shot|p1a: Mandibuzz\n|-damage|p1a: Mandibuzz|11\/100\n|-ability|p1a: Mandibuzz|Weak Armor|boost\n|-unboost|p1a: Mandibuzz|def|1\n|-boost|p1a: Mandibuzz|spe|2\n|move|p1a: Mandibuzz|Tailwind|p1a: Mandibuzz\n|-sidestart|p1: TruckSenpaiii|move: Tailwind\n|\n|-heal|p2a: Toxicroak|100\/100|[from] item: Leftovers\n|upkeep\n|turn|4\n|\n|t:|1700280448\n|-terastallize|p1a: Mandibuzz|Dark\n|move|p2a: Toxicroak|Sucker Punch|p1a: Mandibuzz\n|-resisted|p1a: Mandibuzz\n|-damage|p1a: Mandibuzz|0 fnt\n|faint|p1a: Mandibuzz\n|\n|upkeep\n|\n|t:|1700280454\n|switch|p1a: Ninetales|Ninetales-Alola, M|100\/100\n|-weather|Snow|[from] ability: Snow Warning|[of] p1a: Ninetales\n|turn|5\n|\n|t:|1700280462\n|move|p1a: Ninetales|Aurora Veil|p1a: Ninetales\n|-sidestart|p1: TruckSenpaiii|move: Aurora Veil\n|move|p2a: Toxicroak|Gunk Shot|p1a: Ninetales\n|-supereffective|p1a: Ninetales\n|-damage|p1a: Ninetales|0 fnt\n|faint|p1a: Ninetales\n|\n|-weather|Snow|[upkeep]\n|upkeep\n|\n|t:|1700280481\n|switch|p1a: Sandslash|Sandslash-Alola, M|100\/100\n|turn|6\n|\n|t:|1700280494\n|move|p1a: Sandslash|Rapid Spin|p2a: Toxicroak\n|-damage|p2a: Toxicroak|77\/100\n|-boost|p1a: Sandslash|spe|1\n|move|p2a: Toxicroak|Close Combat|p1a: Sandslash\n|-supereffective|p1a: Sandslash\n|-damage|p1a: Sandslash|0 fnt\n|-unboost|p2a: Toxicroak|def|1\n|-unboost|p2a: Toxicroak|spd|1\n|-damage|p2a: Toxicroak|60\/100|[from] item: Rocky Helmet|[of] p1a: Sandslash\n|faint|p1a: Sandslash\n|\n|-weather|Snow|[upkeep]\n|-heal|p2a: Toxicroak|66\/100|[from] item: Leftovers\n|-sideend|p1: TruckSenpaiii|move: Tailwind\n|upkeep\n|\n|t:|1700280506\n|switch|p1a: Kleavor|Kleavor, M|100\/100\n|turn|7\n|\n|t:|1700280513\n|move|p2a: Toxicroak|Close Combat|p1a: Kleavor\n|-damage|p1a: Kleavor|31\/100\n|-unboost|p2a: Toxicroak|def|1\n|-unboost|p2a: Toxicroak|spd|1\n|move|p1a: Kleavor|Stone Axe|p2a: Toxicroak\n|-resisted|p2a: Toxicroak\n|-damage|p2a: Toxicroak|0 fnt\n|-sidestart|p2: aquaman terrestre|move: Stealth Rock\n|faint|p2a: Toxicroak\n|\n|-weather|Snow|[upkeep]\n|upkeep\n|\n|t:|1700280527\n|switch|p2a: Heracross|Heracross, M|100\/100\n|-damage|p2a: Heracross|88\/100|[from] Stealth Rock\n|turn|8\n|\n|t:|1700280535\n|detailschange|p2a: Heracross|Heracross-Mega, M\n|-mega|p2a: Heracross|Heracross|Heracronite\n|move|p1a: Kleavor|Dual Wingbeat|p2a: Heracross\n|-supereffective|p2a: Heracross\n|-crit|p2a: Heracross\n|-damage|p2a: Heracross|0 fnt\n|faint|p2a: Heracross\n|-hitcount|p2: Heracross|1\n|\n|-weather|Snow|[upkeep]\n|upkeep\n|\n|t:|1700280543\n|switch|p2a: Salamence|Salamence, M|100\/100\n|-damage|p2a: Salamence|76\/100|[from] Stealth Rock\n|-ability|p2a: Salamence|Intimidate|boost\n|-unboost|p1a: Kleavor|atk|1\n|turn|9\n|\n|t:|1700280551\n|move|p2a: Salamence|Dragon Claw|p1a: Kleavor\n|-damage|p1a: Kleavor|1\/100\n|move|p1a: Kleavor|Fury Cutter|p2a: Salamence\n|-resisted|p2a: Salamence\n|-crit|p2a: Salamence\n|-damage|p2a: Salamence|45\/100\n|-damage|p1a: Kleavor|0 fnt|[from] item: Rocky Helmet|[of] p2a: Salamence\n|faint|p1a: Kleavor\n|\n|-weather|none\n|-sideend|p1: TruckSenpaiii|move: Aurora Veil\n|upkeep\n|\n|t:|1700280560\n|switch|p1a: Zamazenta|Zamazenta|100\/100\n|-ability|p1a: Zamazenta|Dauntless Shield|boost\n|-boost|p1a: Zamazenta|def|1\n|turn|10\n|\n|t:|1700280570\n|move|p1a: Zamazenta|Close Combat|p2a: Salamence\n|-resisted|p2a: Salamence\n|-damage|p2a: Salamence|13\/100\n|-unboost|p1a: Zamazenta|def|1\n|-unboost|p1a: Zamazenta|spd|1\n|-damage|p1a: Zamazenta|84\/100|[from] item: Rocky Helmet|[of] p2a: Salamence\n|move|p2a: Salamence|Roost|p2a: Salamence\n|-heal|p2a: Salamence|63\/100\n|-singleturn|p2a: Salamence|move: Roost\n|\n|upkeep\n|turn|11\n|\n|t:|1700280589\n|move|p1a: Zamazenta|Wild Charge|p2a: Salamence\n|-damage|p2a: Salamence|28\/100\n|-damage|p1a: Zamazenta|67\/100|[from] item: Rocky Helmet|[of] p2a: Salamence\n|-damage|p1a: Zamazenta|58\/100|[from] Recoil\n|move|p2a: Salamence|Heat Wave|p1a: Zamazenta\n|-damage|p1a: Zamazenta|41\/100\n|\n|upkeep\n|turn|12\n|\n|t:|1700280598\n|move|p1a: Zamazenta|Wild Charge|p2a: Salamence\n|-damage|p2a: Salamence|0 fnt\n|-damage|p1a: Zamazenta|24\/100|[from] item: Rocky Helmet|[of] p2a: Salamence\n|faint|p2a: Salamence\n|-damage|p1a: Zamazenta|17\/100|[from] Recoil\n|\n|upkeep\n|\n|t:|1700280605\n|switch|p2a: Typhlosion|Typhlosion, M|100\/100\n|-damage|p2a: Typhlosion|76\/100|[from] Stealth Rock\n|turn|13\n|\n|t:|1700280612\n|move|p1a: Zamazenta|Close Combat|p2a: Typhlosion\n|-damage|p2a: Typhlosion|0 fnt\n|-unboost|p1a: Zamazenta|def|1\n|-unboost|p1a: Zamazenta|spd|1\n|faint|p2a: Typhlosion\n|\n|upkeep\n|\n|t:|1700280619\n|switch|p2a: Zangoose|Zangoose, M|100\/100\n|-damage|p2a: Zangoose|88\/100|[from] Stealth Rock\n|turn|14\n|\n|t:|1700280624\n|move|p2a: Zangoose|Quick Attack|p1a: Zamazenta\n|-damage|p1a: Zamazenta|0 fnt\n|faint|p1a: Zamazenta\n|\n|-status|p2a: Zangoose|tox|[from] item: Toxic Orb\n|upkeep\n|\n|t:|1700280630\n|switch|p1a: Tauros|Tauros-Paldea-Aqua, M|100\/100\n|-ability|p1a: Tauros|Intimidate|boost\n|-unboost|p2a: Zangoose|atk|1\n|turn|15\n|c|\u2606TruckSenpaiii|I USE THAT STRAT TOO\n|\n|t:|1700280643\n|move|p2a: Zangoose|Quick Attack|p1a: Tauros\n|-damage|p1a: Tauros|82\/100\n|move|p1a: Tauros|Raging Bull|p2a: Zangoose\n|-damage|p2a: Zangoose|16\/100 tox\n|\n|-damage|p2a: Zangoose|10\/100 tox|[from] psn\n|upkeep\n|turn|16\n|c|\u2606aquaman terrestre|it's basic\n|c|\u2606aquaman terrestre|and useful\n|c|\u2606TruckSenpaiii|I didnt know that lol\n|\n|t:|1700280653\n|move|p2a: Zangoose|Quick Attack|p1a: Tauros\n|-damage|p1a: Tauros|64\/100\n|move|p1a: Tauros|Chilling Water|p2a: Zangoose\n|-damage|p2a: Zangoose|0 fnt\n|faint|p2a: Zangoose\n|\n|upkeep\n|c|\u2606TruckSenpaiii|I use facade tho\n|\n|t:|1700280660\n|switch|p2a: Froslass|Froslass, F|100\/100\n|turn|17\n|c|\u2606aquaman terrestre|me too\n|c|\u2606TruckSenpaiii|NO WAY\n|c|\u2606aquaman terrestre|but now you where faster so I couldn't have hit\n|inactive|aquaman terrestre has 120 seconds left.\n|\n|t:|1700280696\n|move|p2a: Froslass|Ice Beam|p1a: Tauros\n|-resisted|p1a: Tauros\n|-damage|p1a: Tauros|52\/100\n|move|p1a: Tauros|Raging Bull|p2a: Froslass\n|-damage|p2a: Froslass|47\/100\n|-start|p1a: Tauros|Disable|Raging Bull|[from] ability: Cursed Body|[of] p2a: Froslass\n|\n|upkeep\n|turn|18\n|inactive|aquaman terrestre has 120 seconds left.\n|c|\u2606TruckSenpaiii|NOOO\n|\n|t:|1700280707\n|move|p2a: Froslass|Shadow Ball|p1a: Tauros\n|-damage|p1a: Tauros|32\/100\n|move|p1a: Tauros|Liquidation|p2a: Froslass\n|-damage|p2a: Froslass|0 fnt\n|faint|p2a: Froslass\n|\n|win|TruckSenpaiii\n|raw|TruckSenpaiii's rating: 1056 &rarr; <strong>1090<\/strong><br \/>(+34 for winning)\n|raw|aquaman terrestre's rating: 1082 &rarr; <strong>1058<\/strong><br \/>(-24 for losing)\n|c|\u2606TruckSenpaiii|gg\n|c|\u2606aquaman terrestre|nooo frosslass\n|c|\u2606aquaman terrestre|gg\n","uploadtime":1700280720,"views":6,"p1id":"trucksenpaiii","p2id":"aquamanterrestre","formatid":"gen9nationaldex","rating":1058,"private":0,"password":""}