{"id":"gen9nationaldex-1988388573","p1":"jzhuc1841","p2":"OuoouoouO","format":"[Gen 9] National Dex","log":"|j|\u2606jzhuc1841\n|j|\u2606OuoouoouO\n|t:|1699717344\n|gametype|singles\n|player|p1|jzhuc1841|hilbert-wonderlauncher|\n|player|p2|OuoouoouO|elesa|\n|teamsize|p1|6\n|teamsize|p2|6\n|gen|9\n|tier|[Gen 9] National Dex\n|rule|HP Percentage Mod: HP is shown in percentages\n|rule|Endless Battle Clause: Forcing endless battles is banned\n|rule|OHKO Clause: OHKO moves are banned\n|rule|Evasion Clause: Evasion abilities, items, and moves are banned\n|rule|Evasion Abilities Clause: Evasion abilities are banned\n|rule|Evasion Items Clause: Evasion items are banned\n|rule|Evasion Moves Clause: Evasion moves are banned\n|rule|Species Clause: Limit one of each Pok\u00e9mon\n|rule|Sleep Clause Mod: Limit one foe put to sleep\n|clearpoke\n|poke|p1|Ninetales-Alola, F|\n|poke|p1|Gyarados, F|\n|poke|p1|Torterra, M|\n|poke|p1|Moltres-Galar|\n|poke|p1|Ting-Lu|\n|poke|p1|Dragonite, F|\n|poke|p2|Ampharos, M|\n|poke|p2|Victini|\n|poke|p2|Iron Valiant|\n|poke|p2|Alakazam, F|\n|poke|p2|Heatran, M|\n|poke|p2|Salamence, F|\n|teampreview\n|inactive|Battle timer is ON: inactive players will automatically lose when time's up. (requested by OuoouoouO)\n|c|\u2606jzhuc1841|\u770b\u770b\u6211\u7684\u7ec8\u6781\u6298\u78e8\u5927\u961f\n|\n|t:|1699717361\n|start\n|switch|p1a: Ninetales|Ninetales-Alola, F|100\/100\n|switch|p2a: Iron Valiant|Iron Valiant|100\/100\n|-weather|Snow|[from] ability: Snow Warning|[of] p1a: Ninetales\n|-enditem|p2a: Iron Valiant|Booster Energy\n|-activate|p2a: Iron Valiant|ability: Quark Drive|[fromitem]\n|-start|p2a: Iron Valiant|quarkdrivespe\n|turn|1\n|\n|t:|1699717368\n|move|p2a: Iron Valiant|Hypnosis|p1a: Ninetales|[miss]\n|-miss|p2a: Iron Valiant|p1a: Ninetales\n|move|p1a: Ninetales|Aurora Veil|p1a: Ninetales\n|-sidestart|p1: jzhuc1841|move: Aurora Veil\n|\n|-weather|Snow|[upkeep]\n|upkeep\n|turn|2\n|c|\u2606OuoouoouO|\ud83d\ude21\n|c|\u2606jzhuc1841|\u5636\n|\n|t:|1699717386\n|switch|p1a: Ting-Lu|Ting-Lu|100\/100\n|-ability|p1a: Ting-Lu|Vessel of Ruin\n|move|p2a: Iron Valiant|Hypnosis|p1a: Ting-Lu\n|-status|p1a: Ting-Lu|slp|[from] move: Hypnosis\n|\n|-weather|Snow|[upkeep]\n|upkeep\n|turn|3\n|\n|t:|1699717412\n|move|p2a: Iron Valiant|Swords Dance|p2a: Iron Valiant\n|-boost|p2a: Iron Valiant|atk|2\n|cant|p1a: Ting-Lu|slp\n|\n|-weather|Snow|[upkeep]\n|upkeep\n|turn|4\n|\n|t:|1699717432\n|-terastallize|p1a: Ting-Lu|Poison\n|move|p2a: Iron Valiant|Close Combat|p1a: Ting-Lu\n|-resisted|p1a: Ting-Lu\n|-damage|p1a: Ting-Lu|81\/100 slp\n|-unboost|p2a: Iron Valiant|def|1\n|-unboost|p2a: Iron Valiant|spd|1\n|cant|p1a: Ting-Lu|slp\n|\n|-weather|Snow|[upkeep]\n|upkeep\n|turn|5\n|inactive|jzhuc1841 has 270 seconds left.\n|\n|t:|1699717454\n|move|p2a: Iron Valiant|Psycho Cut|p1a: Ting-Lu\n|-supereffective|p1a: Ting-Lu\n|-damage|p1a: Ting-Lu|52\/100 slp\n|-curestatus|p1a: Ting-Lu|slp|[msg]\n|move|p1a: Ting-Lu|Whirlwind|p2a: Iron Valiant\n|-end|p2a: Iron Valiant|Quark Drive|[silent]\n|drag|p2a: Salamence|Salamence, F|100\/100\n|-ability|p2a: Salamence|Intimidate|boost\n|-unboost|p1a: Ting-Lu|atk|1\n|\n|-weather|none\n|upkeep\n|turn|6\n|inactive|jzhuc1841 has 270 seconds left.\n|c|\u2606jzhuc1841|\u5e26\u9519\u9053\u5177\u4e86\n|\n|t:|1699717471\n|move|p2a: Salamence|Hurricane|p1a: Ting-Lu\n|-damage|p1a: Ting-Lu|36\/100\n|-start|p1a: Ting-Lu|confusion\n|-activate|p1a: Ting-Lu|confusion\n|-damage|p1a: Ting-Lu|31\/100|[from] confusion\n|\n|upkeep\n|turn|7\n|l|\u2606jzhuc1841\n|inactive|jzhuc1841 disconnected and has 300 seconds to reconnect!\n|player|p1|\n|j|\u2606jzhuc1841\n|inactive|jzhuc1841 reconnected and has 270 seconds left.\n|player|p1|jzhuc1841|hilbert-wonderlauncher\n|inactive|OuoouoouO has 270 seconds left.\n|\n|t:|1699717501\n|move|p2a: Salamence|Hurricane|p1a: Ting-Lu\n|-damage|p1a: Ting-Lu|14\/100\n|-activate|p1a: Ting-Lu|confusion\n|move|p1a: Ting-Lu|Stealth Rock|p2a: Salamence\n|-sidestart|p2: OuoouoouO|move: Stealth Rock\n|\n|upkeep\n|turn|8\n|inactive|jzhuc1841 has 270 seconds left.\n|\n|t:|1699717506\n|move|p2a: Salamence|Hurricane|p1a: Ting-Lu\n|-damage|p1a: Ting-Lu|0 fnt\n|faint|p1a: Ting-Lu\n|\n|-sideend|p1: jzhuc1841|move: Aurora Veil\n|upkeep\n|inactive|jzhuc1841 has 270 seconds left.\n|\n|t:|1699717515\n|switch|p1a: Ninetales|Ninetales-Alola, F|100\/100\n|-weather|Snow|[from] ability: Snow Warning|[of] p1a: Ninetales\n|turn|9\n|c|\u2606OuoouoouO|\u76f8\u4fe1\u66b4\u98ce\u7684\u4eba\n|c|\u2606OuoouoouO|\u76f8\u4fe1\u66b4\u98ce\n|inactive|jzhuc1841 has 270 seconds left.\n|\n|t:|1699717531\n|switch|p2a: Heatran|Heatran, M|100\/100\n|-damage|p2a: Heatran|88\/100|[from] Stealth Rock\n|move|p1a: Ninetales|Aurora Veil|p1a: Ninetales\n|-sidestart|p1: jzhuc1841|move: Aurora Veil\n|\n|-weather|Snow|[upkeep]\n|-heal|p2a: Heatran|94\/100|[from] item: Leftovers\n|upkeep\n|turn|10\n|\n|t:|1699717540\n|switch|p1a: Dragonite|Dragonite, F|100\/100\n|move|p2a: Heatran|Magma Storm|p1a: Dragonite\n|-resisted|p1a: Dragonite\n|-damage|p1a: Dragonite|95\/100\n|-activate|p1a: Dragonite|move: Magma Storm|[of] p2a: Heatran\n|\n|-weather|Snow|[upkeep]\n|-heal|p2a: Heatran|100\/100|[from] item: Leftovers\n|-damage|p1a: Dragonite|83\/100|[from] move: Magma Storm|[partiallytrapped]\n|upkeep\n|turn|11\n|\n|t:|1699717547\n|move|p1a: Dragonite|Dragon Dance|p1a: Dragonite\n|-boost|p1a: Dragonite|atk|1\n|-boost|p1a: Dragonite|spe|1\n|move|p2a: Heatran|Toxic|p1a: Dragonite\n|-status|p1a: Dragonite|tox\n|\n|-weather|Snow|[upkeep]\n|-damage|p1a: Dragonite|76\/100 tox|[from] psn\n|-damage|p1a: Dragonite|64\/100 tox|[from] move: Magma Storm|[partiallytrapped]\n|upkeep\n|turn|12\n|\n|t:|1699717553\n|-terastallize|p2a: Heatran|Grass\n|move|p1a: Dragonite|Earthquake|p2a: Heatran\n|-resisted|p2a: Heatran\n|-damage|p2a: Heatran|79\/100\n|move|p2a: Heatran|Magma Storm|p1a: Dragonite\n|-resisted|p1a: Dragonite\n|-damage|p1a: Dragonite|54\/100 tox\n|\n|-weather|Snow|[upkeep]\n|-heal|p2a: Heatran|85\/100|[from] item: Leftovers\n|-damage|p1a: Dragonite|41\/100 tox|[from] psn\n|-damage|p1a: Dragonite|29\/100 tox|[from] move: Magma Storm|[partiallytrapped]\n|upkeep\n|turn|13\n|\n|t:|1699717561\n|-zpower|p1a: Dragonite\n|move|p1a: Dragonite|Devastating Drake|p2a: Heatran|[zeffect]\n|-damage|p2a: Heatran|0 fnt\n|faint|p2a: Heatran\n|\n|-weather|none\n|-damage|p1a: Dragonite|10\/100 tox|[from] psn\n|-end|p1a: Dragonite|Magma Storm|[partiallytrapped]|[silent]\n|upkeep\n|c|\u2606OuoouoouO|\u597d\u597d\u597d\n|\n|t:|1699717577\n|switch|p2a: Salamence|Salamence, F|100\/100\n|-damage|p2a: Salamence|76\/100|[from] Stealth Rock\n|-ability|p2a: Salamence|Intimidate|boost\n|-unboost|p1a: Dragonite|atk|1\n|turn|14\n|\n|t:|1699717582\n|move|p1a: Dragonite|Extreme Speed|p2a: Salamence\n|-damage|p2a: Salamence|41\/100\n|move|p2a: Salamence|Hurricane|p1a: Dragonite\n|-damage|p1a: Dragonite|0 fnt\n|faint|p1a: Dragonite\n|\n|upkeep\n|\n|t:|1699717591\n|switch|p1a: Gyarados|Gyarados, F|100\/100\n|-ability|p1a: Gyarados|Intimidate|boost\n|-unboost|p2a: Salamence|atk|1\n|turn|15\n|\n|t:|1699717597\n|move|p2a: Salamence|Hurricane|p1a: Gyarados\n|-damage|p1a: Gyarados|59\/100\n|-start|p1a: Gyarados|confusion\n|-activate|p1a: Gyarados|confusion\n|move|p1a: Gyarados|Substitute|p1a: Gyarados\n|-start|p1a: Gyarados|Substitute\n|-damage|p1a: Gyarados|34\/100\n|\n|upkeep\n|turn|16\n|j| lchx\n|\n|t:|1699717605\n|detailschange|p1a: Gyarados|Gyarados-Mega, F\n|-mega|p1a: Gyarados|Gyarados|Gyaradosite\n|-ability|p1a: Gyarados|Mold Breaker\n|move|p2a: Salamence|Hurricane|p1a: Gyarados\n|-end|p1a: Gyarados|Substitute\n|-activate|p1a: Gyarados|confusion\n|move|p1a: Gyarados|Dragon Dance|p1a: Gyarados\n|-boost|p1a: Gyarados|atk|1\n|-boost|p1a: Gyarados|spe|1\n|\n|-sideend|p1: jzhuc1841|move: Aurora Veil\n|upkeep\n|turn|17\n|c|\u2606OuoouoouO|\u6df7\u4e71\n|c|\u2606jzhuc1841|\u8fd9\u4ec0\u4e48\u66b4\u98de\u9f99\u554a\n|c|\u2606jzhuc1841|\u53ef\u6076\u554a\n|\n|t:|1699717629\n|-activate|p1a: Gyarados|confusion\n|-damage|p1a: Gyarados|10\/100|[from] confusion\n|move|p2a: Salamence|Hurricane|p1a: Gyarados\n|-damage|p1a: Gyarados|0 fnt\n|faint|p1a: Gyarados\n|\n|upkeep\n|\n|t:|1699717635\n|switch|p1a: Torterra|Torterra, M|100\/100\n|turn|18\n|\n|t:|1699717639\n|move|p2a: Salamence|Hurricane|p1a: Torterra\n|-supereffective|p1a: Torterra\n|-damage|p1a: Torterra|0 fnt\n|faint|p1a: Torterra\n|\n|upkeep\n|\n|t:|1699717646\n|switch|p1a: Moltres|Moltres-Galar|100\/100\n|turn|19\n|c|\u2606jzhuc1841|\u8fd9\u5e26\u4e86\u4ec0\u4e48\u9053\u5177\u554a\uff01\n|c|\u2606OuoouoouO|\u66b4\u98ce-\u547d\u4e2d100\n|\n|t:|1699717659\n|move|p2a: Salamence|Hurricane|p1a: Moltres\n|-damage|p1a: Moltres|37\/100\n|-ability|p1a: Moltres|Berserk|boost\n|-boost|p1a: Moltres|spa|1\n|-enditem|p1a: Moltres|Sitrus Berry|[eat]\n|-heal|p1a: Moltres|62\/100|[from] item: Sitrus Berry\n|move|p1a: Moltres|Agility|p1a: Moltres\n|-boost|p1a: Moltres|spe|2\n|\n|upkeep\n|turn|20\n|c|\u2606OuoouoouO|\u773c\u955c\n|j| NDAG was banned\n|\n|t:|1699717669\n|move|p1a: Moltres|Fiery Wrath|p2a: Salamence\n|-damage|p2a: Salamence|0 fnt\n|faint|p2a: Salamence\n|\n|upkeep\n|\n|t:|1699717674\n|switch|p2a: Ampharos|Ampharos, M|100\/100\n|-damage|p2a: Ampharos|88\/100|[from] Stealth Rock\n|turn|21\n|c| NDAG was banned|nb\n|\n|t:|1699717678\n|detailschange|p2a: Ampharos|Ampharos-Mega, M\n|-mega|p2a: Ampharos|Ampharos|Ampharosite\n|-ability|p2a: Ampharos|Mold Breaker\n|move|p1a: Moltres|Fiery Wrath|p2a: Ampharos\n|-damage|p2a: Ampharos|53\/100\n|cant|p2a: Ampharos|flinch\n|\n|upkeep\n|turn|22\n|c|\u2606OuoouoouO|\u554a?\n|\n|t:|1699717688\n|move|p1a: Moltres|Fiery Wrath|p2a: Ampharos\n|-damage|p2a: Ampharos|15\/100\n|move|p2a: Ampharos|Volt Switch|p1a: Moltres\n|-supereffective|p1a: Moltres\n|-damage|p1a: Moltres|0 fnt\n|faint|p1a: Moltres\n|\n|t:|1699717693\n|switch|p2a: Victini|Victini|100\/100|[from] Volt Switch\n|-damage|p2a: Victini|76\/100|[from] Stealth Rock\n|\n|upkeep\n|c|\u2606jzhuc1841|\u5bc4\u4e86\n|c| NDAG was banned|\ud83c\udf6c\n|-message|jzhuc1841 forfeited.\n|\n|win|OuoouoouO\n|l|\u2606jzhuc1841\n|j| dddzdddq\n|j| shoubi123\n|l| NDAG was banned\n|l|\u2606OuoouoouO\n|j|\u2606OuoouoouO\n|player|p2|OuoouoouO|elesa\n","uploadtime":1699717803,"views":24,"p1id":"jzhuc1841","p2id":"ouoouoouo","formatid":"gen9nationaldex","rating":0,"private":0,"password":""}