{"id":"gen9nationaldex-1999930833","p1":"jazzynazzy","p2":"sgt_kalimba","format":"[Gen 9] National Dex","log":"|html|<div class=\"broadcast-blue\"><strong>[Gen 9] National Dex is currently suspecting Sneasler! For information on how to participate check out the <a href=\"https:\/\/www.smogon.com\/forums\/threads\/sv-national-dex-suspect-8-just-dance.3731534\/\">suspect thread<\/a>.<\/strong><\/div>\n|j|\u2606jazzynazzy\n|j|\u2606sgt_kalimba\n|inactive|Battle timer is ON: inactive players will automatically lose when time's up.\n|t:|1701131417\n|gametype|singles\n|player|p1|jazzynazzy|170|\n|player|p2|sgt_kalimba|backersf|\n|teamsize|p1|6\n|teamsize|p2|6\n|gen|9\n|tier|[Gen 9] National Dex\n|rated|Tournament battle\n|rule|HP Percentage Mod: HP is shown in percentages\n|rule|Endless Battle Clause: Forcing endless battles is banned\n|rule|OHKO Clause: OHKO moves are banned\n|rule|Evasion Clause: Evasion abilities, items, and moves are banned\n|rule|Evasion Abilities Clause: Evasion abilities are banned\n|rule|Evasion Items Clause: Evasion items are banned\n|rule|Evasion Moves Clause: Evasion moves are banned\n|rule|Species Clause: Limit one of each Pok\u00e9mon\n|rule|Sleep Clause Mod: Limit one foe put to sleep\n|clearpoke\n|poke|p1|Glastrier|\n|poke|p1|Landorus-Therian, M|\n|poke|p1|Iron Valiant|\n|poke|p1|Toxapex, M|\n|poke|p1|Tornadus-Therian, M|\n|poke|p1|Latias, F|\n|poke|p2|Torkoal, F|\n|poke|p2|Comfey, M|\n|poke|p2|Heatran, M|\n|poke|p2|Kommo-o, M|\n|poke|p2|Rillaboom, M|\n|poke|p2|Sneasler, F|\n|teampreview\n|inactive|sgt_kalimba also wants the timer to be on.\n|j| Spookycooke\n|\n|t:|1701131429\n|start\n|switch|p1a: Tornadus|Tornadus-Therian, M|100\/100\n|switch|p2a: Torkoal|Torkoal, F|100\/100\n|-weather|SunnyDay|[from] ability: Drought|[of] p2a: Torkoal\n|turn|1\n|\n|t:|1701131431\n|move|p1a: Tornadus|Bleakwind Storm|p2a: Torkoal\n|-damage|p2a: Torkoal|56\/100\n|move|p2a: Torkoal|Stealth Rock|p1a: Tornadus\n|-sidestart|p1: jazzynazzy|move: Stealth Rock\n|\n|-weather|SunnyDay|[upkeep]\n|upkeep\n|turn|2\n|\n|t:|1701131442\n|move|p1a: Tornadus|Knock Off|p2a: Torkoal\n|-crit|p2a: Torkoal\n|-damage|p2a: Torkoal|32\/100\n|-enditem|p2a: Torkoal|Heat Rock|[from] move: Knock Off|[of] p1a: Tornadus\n|move|p2a: Torkoal|Yawn|p1a: Tornadus\n|-start|p1a: Tornadus|move: Yawn|[of] p2a: Torkoal\n|\n|-weather|SunnyDay|[upkeep]\n|upkeep\n|turn|3\n|\n|t:|1701131451\n|move|p1a: Tornadus|U-turn|p2a: Torkoal\n|-resisted|p2a: Torkoal\n|-damage|p2a: Torkoal|27\/100\n|\n|t:|1701131458\n|switch|p1a: Toxapex|Toxapex, M|100\/100|[from] U-turn\n|-damage|p1a: Toxapex|88\/100|[from] Stealth Rock\n|move|p2a: Torkoal|Lava Plume|p1a: Toxapex\n|-resisted|p1a: Toxapex\n|-damage|p1a: Toxapex|73\/100\n|-status|p1a: Toxapex|brn\n|\n|-weather|SunnyDay|[upkeep]\n|-heal|p1a: Toxapex|79\/100 brn|[from] item: Leftovers\n|-damage|p1a: Toxapex|73\/100 brn|[from] brn\n|upkeep\n|turn|4\n|\n|t:|1701131460\n|switch|p2a: Heatran|Heatran, M|100\/100\n|move|p1a: Toxapex|Scald|p2a: Heatran\n|-supereffective|p2a: Heatran\n|-damage|p2a: Heatran|86\/100\n|\n|-weather|SunnyDay|[upkeep]\n|-heal|p1a: Toxapex|79\/100 brn|[from] item: Leftovers\n|-damage|p1a: Toxapex|73\/100 brn|[from] brn\n|upkeep\n|turn|5\n|\n|t:|1701131470\n|move|p2a: Heatran|Eruption|p1a: Toxapex\n|-resisted|p1a: Toxapex\n|-damage|p1a: Toxapex|35\/100 brn\n|move|p1a: Toxapex|Recover|p1a: Toxapex\n|-heal|p1a: Toxapex|85\/100 brn\n|\n|-weather|SunnyDay|[upkeep]\n|-heal|p1a: Toxapex|91\/100 brn|[from] item: Leftovers\n|-damage|p1a: Toxapex|85\/100 brn|[from] brn\n|upkeep\n|turn|6\n|\n|t:|1701131481\n|switch|p2a: Kommo-o|Kommo-o, M|100\/100\n|move|p1a: Toxapex|Scald|p2a: Kommo-o\n|-resisted|p2a: Kommo-o\n|-damage|p2a: Kommo-o|96\/100\n|-status|p2a: Kommo-o|brn\n|\n|-weather|SunnyDay|[upkeep]\n|-heal|p1a: Toxapex|91\/100 brn|[from] item: Leftovers\n|-damage|p2a: Kommo-o|90\/100 brn|[from] brn\n|-damage|p1a: Toxapex|85\/100 brn|[from] brn\n|upkeep\n|turn|7\n|j| Klawf Up A Lung\n|\n|t:|1701131486\n|-zpower|p2a: Kommo-o\n|move|p2a: Kommo-o|Clangorous Soulblaze|p1a: Toxapex|[zeffect]\n|-damage|p1a: Toxapex|17\/100 brn\n|-boost|p2a: Kommo-o|atk|1\n|-boost|p2a: Kommo-o|def|1\n|-boost|p2a: Kommo-o|spa|1\n|-boost|p2a: Kommo-o|spd|1\n|-boost|p2a: Kommo-o|spe|1\n|move|p1a: Toxapex|Haze|p1a: Toxapex\n|-clearallboost\n|\n|-weather|SunnyDay|[upkeep]\n|-heal|p1a: Toxapex|23\/100 brn|[from] item: Leftovers\n|-damage|p2a: Kommo-o|84\/100 brn|[from] brn\n|-damage|p1a: Toxapex|17\/100 brn|[from] brn\n|upkeep\n|turn|8\n|\n|t:|1701131491\n|switch|p1a: Tornadus|Tornadus-Therian, M|100\/100\n|-damage|p1a: Tornadus|75\/100|[from] Stealth Rock\n|move|p2a: Kommo-o|Clangorous Soul|p2a: Kommo-o\n|-boost|p2a: Kommo-o|atk|1\n|-boost|p2a: Kommo-o|def|1\n|-boost|p2a: Kommo-o|spa|1\n|-boost|p2a: Kommo-o|spd|1\n|-boost|p2a: Kommo-o|spe|1\n|-damage|p2a: Kommo-o|51\/100 brn\n|\n|-weather|none\n|-damage|p2a: Kommo-o|45\/100 brn|[from] brn\n|upkeep\n|turn|9\n|\n|t:|1701131516\n|switch|p1a: Glastrier|Glastrier|100\/100\n|move|p2a: Kommo-o|Clanging Scales|p1a: Glastrier\n|-damage|p1a: Glastrier|43\/100\n|-unboost|p2a: Kommo-o|def|1\n|\n|-damage|p2a: Kommo-o|39\/100 brn|[from] brn\n|upkeep\n|turn|10\n|inactive|sgt_kalimba has 120 seconds left.\n|\n|t:|1701131547\n|move|p2a: Kommo-o|Clanging Scales|p1a: Glastrier\n|-damage|p1a: Glastrier|0 fnt\n|faint|p1a: Glastrier\n|-unboost|p2a: Kommo-o|def|1\n|\n|-damage|p2a: Kommo-o|32\/100 brn|[from] brn\n|upkeep\n|\n|t:|1701131551\n|switch|p1a: Iron Valiant|Iron Valiant|100\/100\n|-damage|p1a: Iron Valiant|94\/100|[from] Stealth Rock\n|-enditem|p1a: Iron Valiant|Booster Energy\n|-activate|p1a: Iron Valiant|ability: Quark Drive|[fromitem]\n|-start|p1a: Iron Valiant|quarkdrivespe\n|turn|11\n|\n|t:|1701131570\n|move|p1a: Iron Valiant|Encore|p2a: Kommo-o\n|-start|p2a: Kommo-o|Encore\n|move|p2a: Kommo-o|Clanging Scales|p1a: Iron Valiant\n|-immune|p1a: Iron Valiant\n|\n|-damage|p2a: Kommo-o|26\/100 brn|[from] brn\n|upkeep\n|turn|12\n|\n|t:|1701131573\n|switch|p2a: Torkoal|Torkoal, F|27\/100\n|-weather|SunnyDay|[from] ability: Drought|[of] p2a: Torkoal\n|move|p1a: Iron Valiant|Swords Dance|p1a: Iron Valiant\n|-boost|p1a: Iron Valiant|atk|2\n|\n|-weather|SunnyDay|[upkeep]\n|upkeep\n|turn|13\n|l| Spookycooke\n|\n|t:|1701131601\n|switch|p2a: Kommo-o|Kommo-o, M|26\/100 brn\n|move|p1a: Iron Valiant|Close Combat|p2a: Kommo-o\n|-damage|p2a: Kommo-o|0 fnt\n|-unboost|p1a: Iron Valiant|def|1\n|-unboost|p1a: Iron Valiant|spd|1\n|faint|p2a: Kommo-o\n|\n|-weather|SunnyDay|[upkeep]\n|upkeep\n|\n|t:|1701131609\n|switch|p2a: Comfey|Comfey, M|100\/100\n|turn|14\n|j| Spookycooke\n|\n|t:|1701131617\n|-end|p1a: Iron Valiant|Quark Drive|[silent]\n|switch|p1a: Tornadus|Tornadus-Therian, M|100\/100\n|-damage|p1a: Tornadus|75\/100|[from] Stealth Rock\n|move|p2a: Comfey|Growth|p2a: Comfey\n|-boost|p2a: Comfey|atk|2\n|-boost|p2a: Comfey|spa|2\n|\n|-weather|SunnyDay|[upkeep]\n|upkeep\n|turn|15\n|\n|t:|1701131628\n|move|p1a: Tornadus|U-turn|p2a: Comfey\n|-resisted|p2a: Comfey\n|-damage|p2a: Comfey|91\/100\n|\n|t:|1701131632\n|switch|p1a: Toxapex|Toxapex, M|50\/100 brn|[from] U-turn\n|-damage|p1a: Toxapex|37\/100 brn|[from] Stealth Rock\n|move|p2a: Comfey|Growth|p2a: Comfey\n|-boost|p2a: Comfey|atk|2\n|-boost|p2a: Comfey|spa|2\n|\n|-weather|SunnyDay|[upkeep]\n|-heal|p1a: Toxapex|44\/100 brn|[from] item: Leftovers\n|-damage|p1a: Toxapex|37\/100 brn|[from] brn\n|upkeep\n|turn|16\n|c| Spookycooke|first time i saw a comfey being used\n|\n|t:|1701131640\n|switch|p1a: Tornadus|Tornadus-Therian, M|100\/100\n|-damage|p1a: Tornadus|75\/100|[from] Stealth Rock\n|move|p2a: Comfey|Hidden Power|p1a: Tornadus\n|-immune|p1a: Tornadus\n|\n|-weather|none\n|upkeep\n|turn|17\n|\n|t:|1701131653\n|-terastallize|p1a: Tornadus|Steel\n|move|p2a: Comfey|Draining Kiss|p1a: Tornadus\n|-resisted|p1a: Tornadus\n|-damage|p1a: Tornadus|41\/100\n|-heal|p2a: Comfey|100\/100|[from] drain|[of] p1a: Tornadus\n|-damage|p2a: Comfey|91\/100|[from] item: Life Orb\n|move|p1a: Tornadus|Bleakwind Storm|p2a: Comfey|[miss]\n|-miss|p1a: Tornadus|p2a: Comfey\n|\n|upkeep\n|turn|18\n|\n|t:|1701131663\n|move|p1a: Tornadus|U-turn|p2a: Comfey\n|-resisted|p2a: Comfey\n|-damage|p2a: Comfey|82\/100\n|\n|t:|1701131664\n|switch|p1a: Toxapex|Toxapex, M|71\/100 brn|[from] U-turn\n|-damage|p1a: Toxapex|58\/100 brn|[from] Stealth Rock\n|move|p2a: Comfey|Growth|p2a: Comfey\n|-boost|p2a: Comfey|atk|1\n|-boost|p2a: Comfey|spa|1\n|\n|-heal|p1a: Toxapex|64\/100 brn|[from] item: Leftovers\n|-damage|p1a: Toxapex|58\/100 brn|[from] brn\n|upkeep\n|turn|19\n|\n|t:|1701131668\n|move|p2a: Comfey|Hidden Power|p1a: Toxapex\n|-supereffective|p1a: Toxapex\n|-damage|p1a: Toxapex|0 fnt\n|faint|p1a: Toxapex\n|-damage|p2a: Comfey|72\/100|[from] item: Life Orb\n|\n|upkeep\n|\n|t:|1701131674\n|switch|p1a: Tornadus|Tornadus-Therian, M, tera:Steel|74\/100\n|-damage|p1a: Tornadus|68\/100|[from] Stealth Rock\n|turn|20\n|\n|t:|1701131676\n|move|p1a: Tornadus|Bleakwind Storm|p2a: Comfey\n|-damage|p2a: Comfey|26\/100\n|move|p2a: Comfey|Hidden Power|p1a: Tornadus\n|-supereffective|p1a: Tornadus\n|-damage|p1a: Tornadus|0 fnt\n|faint|p1a: Tornadus\n|-damage|p2a: Comfey|16\/100|[from] item: Life Orb\n|\n|upkeep\n|j| Potatofromsinnoh\n|\n|t:|1701131688\n|switch|p1a: Landorus|Landorus-Therian, M|100\/100\n|-damage|p1a: Landorus|88\/100|[from] Stealth Rock\n|-ability|p1a: Landorus|Intimidate|boost\n|-unboost|p2a: Comfey|atk|1\n|turn|21\n|c| Potatofromsinnoh|holy shit comfey\n|\n|t:|1701131691\n|move|p2a: Comfey|Draining Kiss|p1a: Landorus\n|-damage|p1a: Landorus|16\/100\n|-heal|p2a: Comfey|83\/100|[from] drain|[of] p1a: Landorus\n|-damage|p2a: Comfey|73\/100|[from] item: Life Orb\n|move|p1a: Landorus|Earthquake|p2a: Comfey\n|-damage|p2a: Comfey|18\/100\n|\n|-heal|p1a: Landorus|22\/100|[from] item: Leftovers\n|upkeep\n|turn|22\n|c| Potatofromsinnoh|love that little guy\n|\n|t:|1701131698\n|move|p2a: Comfey|Draining Kiss|p1a: Landorus\n|-damage|p1a: Landorus|0 fnt\n|-heal|p2a: Comfey|39\/100|[from] drain|[of] p1a: Landorus\n|faint|p1a: Landorus\n|-damage|p2a: Comfey|29\/100|[from] item: Life Orb\n|\n|upkeep\n|c|\u2606jazzynazzy|i got giga packed\n|\n|t:|1701131702\n|switch|p1a: Iron Valiant|Iron Valiant|94\/100\n|-damage|p1a: Iron Valiant|88\/100|[from] Stealth Rock\n|turn|23\n|\n|t:|1701131705\n|move|p2a: Comfey|Draining Kiss|p1a: Iron Valiant\n|-supereffective|p1a: Iron Valiant\n|-damage|p1a: Iron Valiant|0 fnt\n|-heal|p2a: Comfey|91\/100|[from] drain|[of] p1a: Iron Valiant\n|faint|p1a: Iron Valiant\n|-end|p1a: Iron Valiant|Quark Drive|[silent]\n|-damage|p2a: Comfey|82\/100|[from] item: Life Orb\n|\n|upkeep\n|c|\u2606jazzynazzy|Jesus\n|\n|t:|1701131707\n|switch|p1a: Latias|Latias, F|100\/100\n|-damage|p1a: Latias|88\/100|[from] Stealth Rock\n|turn|24\n|c| Spookycooke|...\n|c|\u2606sgt_kalimba|today we will comfey\n|\n|t:|1701131712\n|detailschange|p1a: Latias|Latias-Mega, F\n|-mega|p1a: Latias|Latias|Latiasite\n|move|p2a: Comfey|Draining Kiss|p1a: Latias\n|-supereffective|p1a: Latias\n|-damage|p1a: Latias|0 fnt\n|-heal|p2a: Comfey|100\/100|[from] drain|[of] p1a: Latias\n|faint|p1a: Latias\n|-damage|p2a: Comfey|91\/100|[from] item: Life Orb\n|\n|win|sgt_kalimba\n|n|\u2606jazzynazzy|jazzynazzy\n|n|\u2606sgt_kalimba|sgtkalimba\n|n| Klawf Up A Lung|klawfupalung\n|n| Spookycooke|spookycooke\n|n| Potatofromsinnoh|potatofromsinnoh\n","uploadtime":1701131716,"views":1,"p1id":"jazzynazzy","p2id":"sgtkalimba","formatid":"gen9nationaldex","rating":0,"private":0,"password":""}