{"id":"gen9nationaldex-1994757846","p1":"shfeha","p2":"Czarofiks","format":"[Gen 9] National Dex","log":"|html|<div class=\"broadcast-blue\"><strong>[Gen 9] National Dex is currently suspecting Sneasler! For information on how to participate check out the <a href=\"https:\/\/www.smogon.com\/forums\/threads\/sv-national-dex-suspect-8-just-dance.3731534\/\">suspect thread<\/a>.<\/strong><\/div>\n|j|\u2606shfeha\n|j|\u2606Czarofiks\n|t:|1700489769\n|gametype|singles\n|player|p1|shfeha|cyclist|1191\n|player|p2|Czarofiks|1|1105\n|teamsize|p1|6\n|teamsize|p2|6\n|gen|9\n|tier|[Gen 9] National Dex\n|rated|\n|rule|HP Percentage Mod: HP is shown in percentages\n|rule|Endless Battle Clause: Forcing endless battles is banned\n|rule|OHKO Clause: OHKO moves are banned\n|rule|Evasion Clause: Evasion abilities, items, and moves are banned\n|rule|Evasion Abilities Clause: Evasion abilities are banned\n|rule|Evasion Items Clause: Evasion items are banned\n|rule|Evasion Moves Clause: Evasion moves are banned\n|rule|Species Clause: Limit one of each Pok\u00e9mon\n|rule|Sleep Clause Mod: Limit one foe put to sleep\n|clearpoke\n|poke|p1|Bisharp, F|\n|poke|p1|Grimmsnarl, M|\n|poke|p1|Tornadus-Therian, M|\n|poke|p1|Tapu Koko|\n|poke|p1|Iron Valiant|\n|poke|p1|Medicham, M|\n|poke|p2|Sneasler, M|\n|poke|p2|Iron Thorns|\n|poke|p2|Gliscor, M|\n|poke|p2|Ceruledge, M|\n|poke|p2|Scizor, M|\n|poke|p2|Volcarona, F|\n|teampreview\n|inactive|Battle timer is ON: inactive players will automatically lose when time's up. (requested by shfeha)\n|\n|t:|1700489779\n|start\n|switch|p1a: Grimmsnarl|Grimmsnarl, M|100\/100\n|switch|p2a: Gliscor|Gliscor, M|100\/100\n|turn|1\n|\n|t:|1700489784\n|move|p1a: Grimmsnarl|Taunt|p2a: Gliscor\n|-start|p2a: Gliscor|move: Taunt\n|cant|p2a: Gliscor|move: Taunt|Stealth Rock\n|\n|-status|p2a: Gliscor|tox|[from] item: Toxic Orb\n|upkeep\n|turn|2\n|\n|t:|1700489790\n|move|p1a: Grimmsnarl|Reflect|p1a: Grimmsnarl\n|-sidestart|p1: shfeha|Reflect\n|move|p2a: Gliscor|Crabhammer|p1a: Grimmsnarl\n|-damage|p1a: Grimmsnarl|82\/100\n|\n|upkeep\n|turn|3\n|\n|t:|1700489797\n|move|p1a: Grimmsnarl|Light Screen|p1a: Grimmsnarl\n|-sidestart|p1: shfeha|move: Light Screen\n|move|p2a: Gliscor|Earthquake|p1a: Grimmsnarl\n|-damage|p1a: Grimmsnarl|56\/100\n|\n|-end|p2a: Gliscor|move: Taunt\n|upkeep\n|turn|4\n|\n|t:|1700489804\n|move|p1a: Grimmsnarl|Taunt|p2a: Gliscor\n|-start|p2a: Gliscor|move: Taunt\n|cant|p2a: Gliscor|move: Taunt|Stealth Rock\n|\n|upkeep\n|turn|5\n|\n|t:|1700489813\n|switch|p1a: Bisharp|Bisharp, F, shiny|100\/100\n|move|p2a: Gliscor|Earthquake|p1a: Bisharp\n|-supereffective|p1a: Bisharp\n|-damage|p1a: Bisharp|56\/100\n|\n|upkeep\n|turn|6\n|\n|t:|1700489820\n|move|p2a: Gliscor|Earthquake|p1a: Bisharp\n|-supereffective|p1a: Bisharp\n|-damage|p1a: Bisharp|10\/100\n|move|p1a: Bisharp|Swords Dance|p1a: Bisharp\n|-boost|p1a: Bisharp|atk|2\n|\n|-end|p2a: Gliscor|move: Taunt\n|upkeep\n|turn|7\n|\n|t:|1700489827\n|move|p2a: Gliscor|Stealth Rock|p1a: Bisharp\n|-sidestart|p1: shfeha|move: Stealth Rock\n|move|p1a: Bisharp|Knock Off|p2a: Gliscor\n|-damage|p2a: Gliscor|0 fnt\n|-enditem|p2a: Gliscor|Toxic Orb|[from] move: Knock Off|[of] p1a: Bisharp\n|faint|p2a: Gliscor\n|\n|upkeep\n|\n|t:|1700489835\n|switch|p2a: Scizor|Scizor, M|100\/100\n|turn|8\n|\n|t:|1700489840\n|move|p1a: Bisharp|Sucker Punch|p2a: Scizor\n|-crit|p2a: Scizor\n|-damage|p2a: Scizor|0 fnt\n|faint|p2a: Scizor\n|\n|upkeep\n|\n|t:|1700489845\n|switch|p2a: Sneasler|Sneasler, M|100\/100\n|turn|9\n|\n|t:|1700489847\n|move|p2a: Sneasler|Fake Out|p1a: Bisharp\n|-resisted|p1a: Bisharp\n|-damage|p1a: Bisharp|6\/100\n|cant|p1a: Bisharp|flinch\n|\n|-sideend|p1: shfeha|Reflect\n|upkeep\n|turn|10\n|\n|t:|1700489852\n|move|p2a: Sneasler|Endure|p2a: Sneasler\n|-singleturn|p2a: Sneasler|move: Endure\n|move|p1a: Bisharp|Sucker Punch||[still]\n|-fail|p1a: Bisharp\n|\n|-sideend|p1: shfeha|move: Light Screen\n|upkeep\n|turn|11\n|\n|t:|1700489856\n|move|p1a: Bisharp|Sucker Punch|p2a: Sneasler\n|-resisted|p2a: Sneasler\n|-damage|p2a: Sneasler|15\/100\n|-enditem|p2a: Sneasler|Liechi Berry|[eat]\n|-boost|p2a: Sneasler|atk|1|[from] item: Liechi Berry\n|move|p2a: Sneasler|Dire Claw|p1a: Bisharp\n|-immune|p1a: Bisharp\n|\n|upkeep\n|turn|12\n|\n|t:|1700489866\n|move|p2a: Sneasler|Endure|p2a: Sneasler\n|-singleturn|p2a: Sneasler|move: Endure\n|move|p1a: Bisharp|Sucker Punch||[still]\n|-fail|p1a: Bisharp\n|\n|upkeep\n|turn|13\n|\n|t:|1700489871\n|move|p2a: Sneasler|Endure||[still]\n|-fail|p2a: Sneasler\n|move|p1a: Bisharp|Sucker Punch||[still]\n|-fail|p1a: Bisharp\n|\n|upkeep\n|turn|14\n|\n|t:|1700489878\n|move|p2a: Sneasler|Endure|p2a: Sneasler\n|-singleturn|p2a: Sneasler|move: Endure\n|move|p1a: Bisharp|Sucker Punch||[still]\n|-fail|p1a: Bisharp\n|\n|upkeep\n|turn|15\n|\n|t:|1700489882\n|move|p2a: Sneasler|Endure||[still]\n|-fail|p2a: Sneasler\n|move|p1a: Bisharp|Knock Off|p2a: Sneasler\n|-resisted|p2a: Sneasler\n|-damage|p2a: Sneasler|0 fnt\n|faint|p2a: Sneasler\n|\n|upkeep\n|\n|t:|1700489887\n|switch|p2a: Ceruledge|Ceruledge, M|100\/100\n|turn|16\n|\n|t:|1700489890\n|move|p2a: Ceruledge|Shadow Sneak|p1a: Bisharp\n|-resisted|p1a: Bisharp\n|-damage|p1a: Bisharp|0 fnt\n|faint|p1a: Bisharp\n|\n|upkeep\n|\n|t:|1700489903\n|switch|p1a: Tornadus|Tornadus-Therian, M|100\/100\n|-damage|p1a: Tornadus|76\/100|[from] Stealth Rock\n|turn|17\n|\n|t:|1700489909\n|move|p1a: Tornadus|Hurricane|p2a: Ceruledge\n|-damage|p2a: Ceruledge|44\/100\n|move|p2a: Ceruledge|Bitter Blade|p1a: Tornadus\n|-damage|p1a: Tornadus|9\/100\n|-heal|p2a: Ceruledge|79\/100|[from] drain|[of] p1a: Tornadus\n|-enditem|p1a: Tornadus|Eject Button\n|\n|t:|1700489915\n|switch|p1a: Medicham|Medicham, M|100\/100\n|-damage|p1a: Medicham|94\/100|[from] Stealth Rock\n|\n|upkeep\n|turn|18\n|\n|t:|1700489925\n|detailschange|p1a: Medicham|Medicham-Mega, M\n|-mega|p1a: Medicham|Medicham|Medichamite\n|move|p1a: Medicham|Zen Headbutt|p2a: Ceruledge\n|-damage|p2a: Ceruledge|0 fnt\n|faint|p2a: Ceruledge\n|\n|upkeep\n|\n|t:|1700489930\n|switch|p2a: Volcarona|Volcarona, F|100\/100\n|turn|19\n|\n|t:|1700489937\n|move|p1a: Medicham|Zen Headbutt|p2a: Volcarona\n|-damage|p2a: Volcarona|0 fnt\n|faint|p2a: Volcarona\n|\n|upkeep\n|\n|t:|1700489941\n|switch|p2a: Iron Thorns|Iron Thorns|100\/100\n|turn|20\n|\n|t:|1700489949\n|move|p1a: Medicham|Close Combat|p2a: Iron Thorns\n|-supereffective|p2a: Iron Thorns\n|-damage|p2a: Iron Thorns|0 fnt\n|-unboost|p1a: Medicham|def|1\n|-unboost|p1a: Medicham|spd|1\n|faint|p2a: Iron Thorns\n|-end|p2a: Iron Thorns|Quark Drive|[silent]\n|\n|win|shfeha\n|raw|shfeha's rating: 1191 &rarr; <strong>1210<\/strong><br \/>(+19 for winning)\n|raw|Czarofiks's rating: 1105 &rarr; <strong>1086<\/strong><br \/>(-19 for losing)\n","uploadtime":1700489953,"views":2,"p1id":"shfeha","p2id":"czarofiks","formatid":"gen9nationaldex","rating":1086,"private":0,"password":""}