{"id":"gen9nationaldex-1990224418","p1":"168lmy","p2":"Patar136","format":"[Gen 9] National Dex","log":"|j|\u2606168lmy\n|j|\u2606Patar136\n|t:|1699940075\n|gametype|singles\n|player|p1|168lmy|2|1470\n|player|p2|Patar136|misty|1410\n|teamsize|p1|6\n|teamsize|p2|6\n|gen|9\n|tier|[Gen 9] National Dex\n|rated|\n|rule|HP Percentage Mod: HP is shown in percentages\n|rule|Endless Battle Clause: Forcing endless battles is banned\n|rule|OHKO Clause: OHKO moves are banned\n|rule|Evasion Clause: Evasion abilities, items, and moves are banned\n|rule|Evasion Abilities Clause: Evasion abilities are banned\n|rule|Evasion Items Clause: Evasion items are banned\n|rule|Evasion Moves Clause: Evasion moves are banned\n|rule|Species Clause: Limit one of each Pok\u00e9mon\n|rule|Sleep Clause Mod: Limit one foe put to sleep\n|clearpoke\n|poke|p1|Moltres|\n|poke|p1|Rillaboom, M|\n|poke|p1|Clodsire, F|\n|poke|p1|Scizor, F|\n|poke|p1|Slowbro, M|\n|poke|p1|Sneasler, F|\n|poke|p2|Pelipper, M|\n|poke|p2|Poliwrath, M|\n|poke|p2|Swampert, F|\n|poke|p2|Rillaboom, F|\n|poke|p2|Zapdos|\n|poke|p2|Tapu Lele|\n|teampreview\n|\n|t:|1699940096\n|start\n|switch|p1a: Rillaboom|Rillaboom, M|100\/100\n|switch|p2a: Pelipper|Pelipper, M|100\/100\n|-fieldstart|move: Grassy Terrain|[from] ability: Grassy Surge|[of] p1a: Rillaboom\n|-weather|RainDance|[from] ability: Drizzle|[of] p2a: Pelipper\n|turn|1\n|\n|t:|1699940123\n|move|p1a: Rillaboom|U-turn|p2a: Pelipper\n|-resisted|p2a: Pelipper\n|-damage|p2a: Pelipper|87\/100\n|\n|t:|1699940150\n|switch|p1a: Slowbro|Slowbro, M|100\/100|[from] U-turn\n|move|p2a: Pelipper|Hurricane|p1a: Slowbro\n|-crit|p1a: Slowbro\n|-damage|p1a: Slowbro|45\/100\n|\n|-weather|RainDance|[upkeep]\n|-heal|p1a: Slowbro|52\/100|[from] Grassy Terrain\n|upkeep\n|turn|2\n|\n|t:|1699940165\n|switch|p1a: Clodsire|Clodsire, F|100\/100\n|move|p2a: Pelipper|U-turn|p1a: Clodsire\n|-resisted|p1a: Clodsire\n|-damage|p1a: Clodsire|97\/100\n|\n|t:|1699940170\n|switch|p2a: Swampert|Swampert, F|100\/100|[from] U-turn\n|\n|-weather|RainDance|[upkeep]\n|-heal|p1a: Clodsire|100\/100|[from] Grassy Terrain\n|upkeep\n|turn|3\n|\n|t:|1699940192\n|switch|p1a: Rillaboom|Rillaboom, M|100\/100\n|detailschange|p2a: Swampert|Swampert-Mega, F\n|-mega|p2a: Swampert|Swampert|Swampertite\n|move|p2a: Swampert|Flip Turn|p1a: Rillaboom\n|-resisted|p1a: Rillaboom\n|-damage|p1a: Rillaboom|76\/100\n|\n|t:|1699940199\n|switch|p2a: Tapu Lele|Tapu Lele|100\/100|[from] Flip Turn\n|-fieldstart|move: Psychic Terrain|[from] ability: Psychic Surge|[of] p2a: Tapu Lele\n|\n|-weather|RainDance|[upkeep]\n|upkeep\n|turn|4\n|inactive|Battle timer is ON: inactive players will automatically lose when time's up. (requested by Patar136)\n|\n|t:|1699940228\n|switch|p1a: Slowbro|Slowbro, M|85\/100\n|move|p2a: Tapu Lele|Psychic|p1a: Slowbro\n|-resisted|p1a: Slowbro\n|-damage|p1a: Slowbro|55\/100\n|\n|-weather|RainDance|[upkeep]\n|upkeep\n|turn|5\n|\n|t:|1699940241\n|switch|p2a: Zapdos|Zapdos|100\/100\n|move|p1a: Slowbro|Teleport|p1a: Slowbro\n|\n|t:|1699940250\n|switch|p1a: Clodsire|Clodsire, F|100\/100|[from] Teleport\n|\n|-weather|RainDance|[upkeep]\n|upkeep\n|turn|6\n|\n|t:|1699940255\n|move|p2a: Zapdos|Hurricane|p1a: Clodsire\n|-damage|p1a: Clodsire|71\/100\n|-start|p1a: Clodsire|confusion\n|-activate|p1a: Clodsire|confusion\n|move|p1a: Clodsire|Toxic|p2a: Zapdos\n|-status|p2a: Zapdos|tox\n|\n|-weather|RainDance|[upkeep]\n|-heal|p1a: Clodsire|77\/100|[from] item: Leftovers\n|-damage|p2a: Zapdos|94\/100 tox|[from] psn\n|upkeep\n|turn|7\n|\n|t:|1699940268\n|switch|p2a: Rillaboom|Rillaboom, F|100\/100\n|-fieldstart|move: Grassy Terrain|[from] ability: Grassy Surge|[of] p2a: Rillaboom\n|-end|p1a: Clodsire|confusion\n|move|p1a: Clodsire|Toxic|p2a: Rillaboom\n|-status|p2a: Rillaboom|tox\n|\n|-weather|RainDance|[upkeep]\n|-heal|p1a: Clodsire|84\/100|[from] Grassy Terrain\n|-heal|p1a: Clodsire|90\/100|[from] item: Leftovers\n|-damage|p2a: Rillaboom|94\/100 tox|[from] psn\n|upkeep\n|turn|8\n|\n|t:|1699940287\n|move|p2a: Rillaboom|Knock Off|p1a: Clodsire\n|-damage|p1a: Clodsire|49\/100\n|-enditem|p1a: Clodsire|Leftovers|[from] move: Knock Off|[of] p2a: Rillaboom\n|move|p1a: Clodsire|Recover|p1a: Clodsire\n|-heal|p1a: Clodsire|99\/100\n|\n|-weather|none\n|-heal|p2a: Rillaboom|100\/100 tox|[from] Grassy Terrain\n|-heal|p1a: Clodsire|100\/100|[from] Grassy Terrain\n|-damage|p2a: Rillaboom|88\/100 tox|[from] psn\n|upkeep\n|turn|9\n|inactive|168lmy has 120 seconds left.\n|\n|t:|1699940314\n|switch|p2a: Pelipper|Pelipper, M|87\/100\n|-weather|RainDance|[from] ability: Drizzle|[of] p2a: Pelipper\n|switch|p1a: Moltres|Moltres, shiny|100\/100\n|\n|-weather|RainDance|[upkeep]\n|upkeep\n|turn|10\n|inactive|168lmy has 120 seconds left.\n|\n|t:|1699940328\n|move|p1a: Moltres|U-turn|p2a: Pelipper\n|-resisted|p2a: Pelipper\n|-damage|p2a: Pelipper|80\/100\n|inactive|168lmy has 120 seconds left.\n|\n|t:|1699940341\n|switch|p1a: Rillaboom|Rillaboom, M|76\/100|[from] U-turn\n|move|p2a: Pelipper|Scald|p1a: Rillaboom\n|-resisted|p1a: Rillaboom\n|-damage|p1a: Rillaboom|55\/100\n|\n|-weather|RainDance|[upkeep]\n|-heal|p1a: Rillaboom|61\/100|[from] Grassy Terrain\n|upkeep\n|turn|11\n|inactive|168lmy has 120 seconds left.\n|\n|t:|1699940355\n|-terastallize|p1a: Rillaboom|Grass\n|move|p1a: Rillaboom|Grassy Glide|p2a: Pelipper\n|-damage|p2a: Pelipper|25\/100\n|move|p2a: Pelipper|Hurricane|p1a: Rillaboom\n|-supereffective|p1a: Rillaboom\n|-damage|p1a: Rillaboom|0 fnt\n|faint|p1a: Rillaboom\n|\n|-weather|RainDance|[upkeep]\n|-fieldend|move: Grassy Terrain\n|upkeep\n|\n|t:|1699940372\n|switch|p1a: Sneasler|Sneasler, F|100\/100\n|turn|12\n|inactive|168lmy has 90 seconds left.\n|\n|t:|1699940400\n|switch|p2a: Zapdos|Zapdos|94\/100 tox\n|move|p1a: Sneasler|Dire Claw|p2a: Zapdos\n|-damage|p2a: Zapdos|57\/100 tox\n|-status|p1a: Sneasler|par|[from] ability: Static|[of] p2a: Zapdos\n|\n|-weather|RainDance|[upkeep]\n|-damage|p2a: Zapdos|51\/100 tox|[from] psn\n|upkeep\n|turn|13\n|inactive|168lmy has 90 seconds left.\n|\n|t:|1699940425\n|switch|p1a: Clodsire|Clodsire, F|100\/100\n|move|p2a: Zapdos|Hurricane|p1a: Clodsire\n|-damage|p1a: Clodsire|71\/100\n|\n|-weather|RainDance|[upkeep]\n|-damage|p2a: Zapdos|39\/100 tox|[from] psn\n|upkeep\n|turn|14\n|\n|t:|1699940436\n|move|p2a: Zapdos|Roost|p2a: Zapdos\n|-heal|p2a: Zapdos|90\/100 tox\n|-singleturn|p2a: Zapdos|move: Roost\n|move|p1a: Clodsire|Stealth Rock|p2a: Zapdos\n|-sidestart|p2: Patar136|move: Stealth Rock\n|\n|-weather|RainDance|[upkeep]\n|-damage|p2a: Zapdos|72\/100 tox|[from] psn\n|upkeep\n|turn|15\n|\n|t:|1699940447\n|switch|p2a: Rillaboom|Rillaboom, F|88\/100 tox\n|-damage|p2a: Rillaboom|76\/100 tox|[from] Stealth Rock\n|-fieldstart|move: Grassy Terrain|[from] ability: Grassy Surge|[of] p2a: Rillaboom\n|move|p1a: Clodsire|Recover|p1a: Clodsire\n|-heal|p1a: Clodsire|100\/100\n|\n|-weather|RainDance|[upkeep]\n|-heal|p2a: Rillaboom|82\/100 tox|[from] Grassy Terrain\n|-damage|p2a: Rillaboom|76\/100 tox|[from] psn\n|upkeep\n|turn|16\n|\n|t:|1699940462\n|switch|p1a: Moltres|Moltres, shiny|100\/100\n|move|p2a: Rillaboom|Wood Hammer|p1a: Moltres\n|-resisted|p1a: Moltres\n|-damage|p1a: Moltres|79\/100\n|-damage|p2a: Rillaboom|68\/100 tox|[from] Recoil\n|\n|-weather|none\n|-heal|p2a: Rillaboom|74\/100 tox|[from] Grassy Terrain\n|-damage|p2a: Rillaboom|62\/100 tox|[from] psn\n|upkeep\n|turn|17\n|\n|t:|1699940480\n|switch|p2a: Tapu Lele|Tapu Lele|100\/100\n|-damage|p2a: Tapu Lele|88\/100|[from] Stealth Rock\n|-fieldstart|move: Psychic Terrain|[from] ability: Psychic Surge|[of] p2a: Tapu Lele\n|move|p1a: Moltres|U-turn|p2a: Tapu Lele\n|-crit|p2a: Tapu Lele\n|-damage|p2a: Tapu Lele|51\/100\n|c|\u2606Patar136|Why can't you just stand and fight\n|\n|t:|1699940491\n|switch|p1a: Scizor|Scizor, F|100\/100|[from] U-turn\n|\n|upkeep\n|turn|18\n|\n|t:|1699940500\n|detailschange|p1a: Scizor|Scizor-Mega, F\n|-mega|p1a: Scizor|Scizor|Scizorite\n|move|p2a: Tapu Lele|Psychic|p1a: Scizor\n|-resisted|p1a: Scizor\n|-damage|p1a: Scizor|72\/100\n|move|p1a: Scizor|U-turn|p2a: Tapu Lele\n|-damage|p2a: Tapu Lele|0 fnt\n|faint|p2a: Tapu Lele\n|inactive|168lmy has 60 seconds left.\n|\n|t:|1699940517\n|switch|p1a: Slowbro|Slowbro, M|89\/100|[from] U-turn\n|\n|upkeep\n|\n|t:|1699940520\n|switch|p2a: Zapdos|Zapdos|72\/100 tox\n|turn|19\n|\n|t:|1699940527\n|switch|p1a: Clodsire|Clodsire, F|100\/100\n|move|p2a: Zapdos|Defog|p1a: Clodsire\n|-unboost|p1a: Clodsire|evasion|1\n|-sideend|p2: Patar136|Stealth Rock|[from] move: Defog|[of] p2a: Zapdos\n|-fieldend|move: Psychic Terrain\n|\n|-damage|p2a: Zapdos|66\/100 tox|[from] psn\n|upkeep\n|turn|20\n|\n|t:|1699940535\n|switch|p2a: Swampert|Swampert-Mega, F|100\/100\n|move|p1a: Clodsire|Stealth Rock|p2a: Swampert\n|-sidestart|p2: Patar136|move: Stealth Rock\n|\n|upkeep\n|turn|21\n|\n|t:|1699940549\n|switch|p1a: Slowbro|Slowbro, M|100\/100\n|move|p2a: Swampert|Earthquake|p1a: Slowbro\n|-damage|p1a: Slowbro|62\/100\n|\n|upkeep\n|turn|22\n|\n|t:|1699940557\n|move|p2a: Swampert|Earthquake|p1a: Slowbro\n|-damage|p1a: Slowbro|21\/100\n|move|p1a: Slowbro|Future Sight|p2a: Swampert\n|-start|p1a: Slowbro|move: Future Sight\n|\n|upkeep\n|turn|23\n|\n|t:|1699940577\n|switch|p1a: Moltres|Moltres, shiny|79\/100\n|move|p2a: Swampert|Waterfall|p1a: Moltres\n|-supereffective|p1a: Moltres\n|-damage|p1a: Moltres|7\/100\n|-status|p2a: Swampert|brn|[from] ability: Flame Body|[of] p1a: Moltres\n|\n|-damage|p2a: Swampert|94\/100 brn|[from] brn\n|upkeep\n|turn|24\n|c|\u2606Patar136|this is so re\n|\n|t:|1699940592\n|switch|p1a: Slowbro|Slowbro, M|54\/100\n|move|p2a: Swampert|Flip Turn|p1a: Slowbro\n|-resisted|p1a: Slowbro\n|-damage|p1a: Slowbro|49\/100\n|-damage|p2a: Swampert|78\/100 brn|[from] item: Rocky Helmet|[of] p1a: Slowbro\n|\n|t:|1699940595\n|switch|p2a: Rillaboom|Rillaboom, F|62\/100 tox|[from] Flip Turn\n|-damage|p2a: Rillaboom|49\/100 tox|[from] Stealth Rock\n|-fieldstart|move: Grassy Terrain|[from] ability: Grassy Surge|[of] p2a: Rillaboom\n|\n|-end|p2a: Rillaboom|move: Future Sight\n|-damage|p2a: Rillaboom|0 fnt\n|faint|p2a: Rillaboom\n|-heal|p1a: Slowbro|55\/100|[from] Grassy Terrain\n|upkeep\n|\n|t:|1699940601\n|switch|p2a: Zapdos|Zapdos|66\/100 tox\n|turn|25\n|inactive|168lmy has 90 seconds left.\n|-message|Patar136 forfeited.\n|\n|win|168lmy\n|raw|168lmy's rating: 1470 &rarr; <strong>1487<\/strong><br \/>(+17 for winning)\n|raw|Patar136's rating: 1410 &rarr; <strong>1393<\/strong><br \/>(-17 for losing)\n|l|\u2606Patar136\n","uploadtime":1699940615,"views":9,"p1id":"168lmy","p2id":"patar136","formatid":"gen9nationaldex","rating":1393,"private":0,"password":""}