{"id":"gen9nationaldex-1996564180","p1":"moxix_00","p2":"Herengay","format":"[Gen 9] National Dex","log":"|html|<div class=\"broadcast-blue\"><strong>[Gen 9] National Dex is currently suspecting Sneasler! For information on how to participate check out the <a href=\"https:\/\/www.smogon.com\/forums\/threads\/sv-national-dex-suspect-8-just-dance.3731534\/\">suspect thread<\/a>.<\/strong><\/div>\n|j|\u2606moxix_00\n|j|\u2606Herengay\n|t:|1700694804\n|gametype|singles\n|player|p1|moxix_00|silver|1327\n|player|p2|Herengay|allister|1395\n|teamsize|p1|6\n|teamsize|p2|6\n|gen|9\n|tier|[Gen 9] National Dex\n|rated|\n|rule|HP Percentage Mod: HP is shown in percentages\n|rule|Endless Battle Clause: Forcing endless battles is banned\n|rule|OHKO Clause: OHKO moves are banned\n|rule|Evasion Clause: Evasion abilities, items, and moves are banned\n|rule|Evasion Abilities Clause: Evasion abilities are banned\n|rule|Evasion Items Clause: Evasion items are banned\n|rule|Evasion Moves Clause: Evasion moves are banned\n|rule|Species Clause: Limit one of each Pok\u00e9mon\n|rule|Sleep Clause Mod: Limit one foe put to sleep\n|clearpoke\n|poke|p1|Mawile, F|\n|poke|p1|Basculegion, M|\n|poke|p1|Dragonite, M|\n|poke|p1|Kleavor, M|\n|poke|p1|Heracross, M|\n|poke|p1|Incineroar, M|\n|poke|p2|Aegislash, M|\n|poke|p2|Zapdos|\n|poke|p2|Ting-Lu|\n|poke|p2|Lopunny, M|\n|poke|p2|Landorus-Therian, M|\n|poke|p2|Zeraora|\n|teampreview\n|inactive|Battle timer is ON: inactive players will automatically lose when time's up. (requested by Herengay)\n|\n|t:|1700694816\n|start\n|switch|p1a: Kleavor|Kleavor, M, shiny|100\/100\n|switch|p2a: Landorus|Landorus-Therian, M|100\/100\n|-ability|p2a: Landorus|Intimidate|boost\n|-unboost|p1a: Kleavor|atk|1\n|turn|1\n|\n|t:|1700694825\n|move|p2a: Landorus|Stealth Rock|p1a: Kleavor\n|-sidestart|p1: moxix_00|move: Stealth Rock\n|move|p1a: Kleavor|Stone Axe|p2a: Landorus\n|-damage|p2a: Landorus|71\/100\n|-sidestart|p2: Herengay|move: Stealth Rock\n|\n|-heal|p2a: Landorus|77\/100|[from] item: Leftovers\n|upkeep\n|turn|2\n|\n|t:|1700694838\n|move|p2a: Landorus|Earthquake|p1a: Kleavor\n|-damage|p1a: Kleavor|64\/100\n|move|p1a: Kleavor|Stone Axe|p2a: Landorus|[miss]\n|-miss|p1a: Kleavor|p2a: Landorus\n|-enditem|p1a: Kleavor|Blunder Policy\n|-boost|p1a: Kleavor|spe|2\n|\n|-heal|p2a: Landorus|83\/100|[from] item: Leftovers\n|upkeep\n|turn|3\n|c|\u2606Herengay|heat?\n|\n|t:|1700694850\n|switch|p1a: Dragonite|Dragonite, M, shiny|100\/100\n|-damage|p1a: Dragonite|75\/100|[from] Stealth Rock\n|move|p2a: Landorus|Earthquake|p1a: Dragonite\n|-immune|p1a: Dragonite\n|\n|-heal|p2a: Landorus|89\/100|[from] item: Leftovers\n|upkeep\n|turn|4\n|\n|t:|1700694868\n|move|p1a: Dragonite|Aqua Jet|p2a: Landorus\n|-supereffective|p2a: Landorus\n|-damage|p2a: Landorus|60\/100\n|move|p2a: Landorus|Knock Off|p1a: Dragonite\n|-damage|p1a: Dragonite|50\/100\n|-enditem|p1a: Dragonite|Assault Vest|[from] move: Knock Off|[of] p2a: Landorus\n|\n|-heal|p2a: Landorus|66\/100|[from] item: Leftovers\n|upkeep\n|turn|5\n|\n|t:|1700694886\n|-terastallize|p1a: Dragonite|Normal\n|move|p1a: Dragonite|Extreme Speed|p2a: Landorus\n|-damage|p2a: Landorus|27\/100\n|move|p2a: Landorus|U-turn|p1a: Dragonite\n|-crit|p1a: Dragonite\n|-damage|p1a: Dragonite|21\/100\n|\n|t:|1700694892\n|switch|p2a: Zapdos|Zapdos|100\/100|[from] U-turn\n|\n|upkeep\n|turn|6\n|\n|t:|1700694898\n|move|p1a: Dragonite|Extreme Speed|p2a: Zapdos\n|-damage|p2a: Zapdos|55\/100\n|move|p2a: Zapdos|Discharge|p1a: Dragonite\n|-damage|p1a: Dragonite|0 fnt\n|faint|p1a: Dragonite\n|\n|upkeep\n|\n|t:|1700694919\n|switch|p1a: Basculegion|Basculegion, M, shiny|100\/100\n|-damage|p1a: Basculegion|88\/100|[from] Stealth Rock\n|turn|7\n|\n|t:|1700694940\n|switch|p2a: Aegislash|Aegislash, M|100\/100\n|-damage|p2a: Aegislash|94\/100|[from] Stealth Rock\n|move|p1a: Basculegion|Wave Crash|p2a: Aegislash\n|-damage|p2a: Aegislash|27\/100\n|-damage|p1a: Basculegion|69\/100|[from] Recoil\n|\n|upkeep\n|turn|8\n|inactive|Herengay has 120 seconds left.\n|\n|t:|1700694961\n|-formechange|p2a: Aegislash|Aegislash-Blade||[from] ability: Stance Change\n|move|p2a: Aegislash|Shadow Sneak|p1a: Basculegion\n|-supereffective|p1a: Basculegion\n|-damage|p1a: Basculegion|0 fnt\n|faint|p1a: Basculegion\n|\n|upkeep\n|inactive|moxix_00 has 120 seconds left.\n|\n|t:|1700694977\n|switch|p1a: Mawile|Mawile, F, shiny|100\/100\n|-damage|p1a: Mawile|94\/100|[from] Stealth Rock\n|-ability|p1a: Mawile|Intimidate|boost\n|-unboost|p2a: Aegislash|atk|1\n|turn|9\n|inactive|moxix_00 has 120 seconds left.\n|\n|t:|1700694992\n|detailschange|p1a: Mawile|Mawile-Mega, F, shiny\n|-mega|p1a: Mawile|Mawile|Mawilite\n|move|p1a: Mawile|Protect|p1a: Mawile\n|-singleturn|p1a: Mawile|Protect\n|move|p2a: Aegislash|Swords Dance|p2a: Aegislash\n|-boost|p2a: Aegislash|atk|2\n|\n|upkeep\n|turn|10\n|\n|t:|1700695009\n|-formechange|p2a: Aegislash|Aegislash||[from] ability: Stance Change\n|move|p2a: Aegislash|King's Shield|p2a: Aegislash\n|-singleturn|p2a: Aegislash|Protect\n|move|p1a: Mawile|Fire Fang|p2a: Aegislash\n|-activate|p2a: Aegislash|move: Protect\n|-unboost|p1a: Mawile|atk|1\n|\n|upkeep\n|turn|11\n|inactive|moxix_00 has 120 seconds left.\n|\n|t:|1700695020\n|-formechange|p2a: Aegislash|Aegislash-Blade||[from] ability: Stance Change\n|move|p2a: Aegislash|Iron Head|p1a: Mawile\n|-damage|p1a: Mawile|29\/100\n|cant|p1a: Mawile|flinch\n|\n|upkeep\n|turn|12\n|inactive|moxix_00 has 120 seconds left.\n|c|\u2606Herengay|oof\n|\n|t:|1700695030\n|move|p2a: Aegislash|Shadow Sneak|p1a: Mawile\n|-damage|p1a: Mawile|0 fnt\n|faint|p1a: Mawile\n|\n|upkeep\n|\n|t:|1700695038\n|switch|p1a: Heracross|Heracross, M, shiny|100\/100\n|-damage|p1a: Heracross|88\/100|[from] Stealth Rock\n|turn|13\n|inactive|moxix_00 has 120 seconds left.\n|\n|t:|1700695061\n|move|p2a: Aegislash|Shadow Sneak|p1a: Heracross\n|-damage|p1a: Heracross|28\/100\n|move|p1a: Heracross|Lunge|p2a: Aegislash\n|-resisted|p2a: Aegislash\n|-damage|p2a: Aegislash|8\/100\n|-unboost|p2a: Aegislash|atk|1\n|\n|upkeep\n|turn|14\n|\n|t:|1700695069\n|move|p2a: Aegislash|Shadow Sneak|p1a: Heracross\n|-damage|p1a: Heracross|0 fnt\n|faint|p1a: Heracross\n|\n|upkeep\n|\n|t:|1700695074\n|switch|p1a: Kleavor|Kleavor, M, shiny|64\/100\n|-damage|p1a: Kleavor|39\/100|[from] Stealth Rock\n|turn|15\n|\n|t:|1700695083\n|move|p2a: Aegislash|Shadow Sneak|p1a: Kleavor\n|-damage|p1a: Kleavor|16\/100\n|move|p1a: Kleavor|X-Scissor|p2a: Aegislash\n|-resisted|p2a: Aegislash\n|-damage|p2a: Aegislash|0 fnt\n|faint|p2a: Aegislash\n|\n|upkeep\n|\n|t:|1700695090\n|switch|p2a: Landorus|Landorus-Therian, M|27\/100\n|-damage|p2a: Landorus|15\/100|[from] Stealth Rock\n|-ability|p2a: Landorus|Intimidate|boost\n|-unboost|p1a: Kleavor|atk|1\n|turn|16\n|\n|t:|1700695097\n|move|p2a: Landorus|Earthquake|p1a: Kleavor\n|-damage|p1a: Kleavor|0 fnt\n|faint|p1a: Kleavor\n|\n|-heal|p2a: Landorus|21\/100|[from] item: Leftovers\n|upkeep\n|\n|t:|1700695104\n|switch|p1a: Incineroar|Incineroar, M, shiny|100\/100\n|-damage|p1a: Incineroar|75\/100|[from] Stealth Rock\n|-ability|p1a: Incineroar|Intimidate|boost\n|-unboost|p2a: Landorus|atk|1\n|turn|17\n|\n|t:|1700695111\n|move|p1a: Incineroar|Fake Out|p2a: Landorus\n|-damage|p2a: Landorus|7\/100\n|cant|p2a: Landorus|flinch\n|\n|-heal|p2a: Landorus|13\/100|[from] item: Leftovers\n|upkeep\n|turn|18\n|\n|t:|1700695123\n|move|p2a: Landorus|U-turn|p1a: Incineroar\n|-damage|p1a: Incineroar|64\/100\n|\n|t:|1700695125\n|switch|p2a: Zapdos|Zapdos|55\/100|[from] U-turn\n|move|p1a: Incineroar|Brick Break|p2a: Zapdos\n|-resisted|p2a: Zapdos\n|-damage|p2a: Zapdos|42\/100\n|\n|upkeep\n|turn|19\n|\n|t:|1700695135\n|move|p2a: Zapdos|Discharge|p1a: Incineroar\n|-damage|p1a: Incineroar|37\/100\n|-status|p1a: Incineroar|par\n|move|p1a: Incineroar|Flare Blitz|p2a: Zapdos\n|-damage|p2a: Zapdos|0 fnt\n|faint|p2a: Zapdos\n|-damage|p1a: Incineroar|21\/100 par|[from] Recoil\n|\n|upkeep\n|\n|t:|1700695143\n|switch|p2a: Landorus|Landorus-Therian, M|13\/100\n|-damage|p2a: Landorus|1\/100|[from] Stealth Rock\n|-ability|p2a: Landorus|Intimidate|boost\n|-unboost|p1a: Incineroar|atk|1\n|turn|20\n|\n|t:|1700695153\n|move|p2a: Landorus|Knock Off|p1a: Incineroar\n|-resisted|p1a: Incineroar\n|-damage|p1a: Incineroar|9\/100 par\n|-enditem|p1a: Incineroar|Assault Vest|[from] move: Knock Off|[of] p2a: Landorus\n|move|p1a: Incineroar|Darkest Lariat|p2a: Landorus\n|-damage|p2a: Landorus|0 fnt\n|faint|p2a: Landorus\n|\n|upkeep\n|\n|t:|1700695158\n|switch|p2a: Ting-Lu|Ting-Lu|100\/100\n|-damage|p2a: Ting-Lu|94\/100|[from] Stealth Rock\n|-ability|p2a: Ting-Lu|Vessel of Ruin\n|turn|21\n|\n|t:|1700695167\n|move|p2a: Ting-Lu|Spikes|p1a: Incineroar\n|-sidestart|p1: moxix_00|Spikes\n|move|p1a: Incineroar|Brick Break|p2a: Ting-Lu\n|-supereffective|p2a: Ting-Lu\n|-damage|p2a: Ting-Lu|76\/100\n|\n|-heal|p2a: Ting-Lu|82\/100|[from] item: Leftovers\n|upkeep\n|turn|22\n|\n|t:|1700695177\n|-terastallize|p2a: Ting-Lu|Poison\n|move|p2a: Ting-Lu|Spikes|p1a: Incineroar\n|-sidestart|p1: moxix_00|Spikes\n|cant|p1a: Incineroar|par\n|\n|-heal|p2a: Ting-Lu|88\/100|[from] item: Leftovers\n|upkeep\n|turn|23\n|\n|t:|1700695186\n|move|p2a: Ting-Lu|Spikes|p1a: Incineroar\n|-sidestart|p1: moxix_00|Spikes\n|move|p1a: Incineroar|Flare Blitz|p2a: Ting-Lu\n|-damage|p2a: Ting-Lu|65\/100\n|-damage|p1a: Incineroar|0 fnt|[from] Recoil\n|faint|p1a: Incineroar\n|\n|win|Herengay\n|raw|moxix_00's rating: 1327 &rarr; <strong>1311<\/strong><br \/>(-16 for losing)\n|raw|Herengay's rating: 1395 &rarr; <strong>1411<\/strong><br \/>(+16 for winning)\n|c|\u2606Herengay|gg\n|l|\u2606moxix_00\n","uploadtime":1700695316,"views":3,"p1id":"moxix00","p2id":"herengay","formatid":"gen9nationaldex","rating":1311,"private":0,"password":""}