{"id":"gen9nationaldex-1990693738","p1":"Ghostops","p2":"sosorbx","format":"[Gen 9] National Dex","log":"|j|\u2606Ghostops\n|j|\u2606sosorbx\n|t:|1699992351\n|gametype|singles\n|player|p1|Ghostops|101|1108\n|player|p2|sosorbx|2|1107\n|teamsize|p1|6\n|teamsize|p2|6\n|gen|9\n|tier|[Gen 9] National Dex\n|rated|\n|rule|HP Percentage Mod: HP is shown in percentages\n|rule|Endless Battle Clause: Forcing endless battles is banned\n|rule|OHKO Clause: OHKO moves are banned\n|rule|Evasion Clause: Evasion abilities, items, and moves are banned\n|rule|Evasion Abilities Clause: Evasion abilities are banned\n|rule|Evasion Items Clause: Evasion items are banned\n|rule|Evasion Moves Clause: Evasion moves are banned\n|rule|Species Clause: Limit one of each Pok\u00e9mon\n|rule|Sleep Clause Mod: Limit one foe put to sleep\n|clearpoke\n|poke|p1|Espeon, F|\n|poke|p1|Flareon, F|\n|poke|p1|Umbreon, F|\n|poke|p1|Leafeon, F|\n|poke|p1|Jolteon, M|\n|poke|p1|Vaporeon, M|\n|poke|p2|Infernape, M|\n|poke|p2|Gastrodon, F|\n|poke|p2|Celesteela|\n|poke|p2|Tapu Lele|\n|poke|p2|Zapdos|\n|poke|p2|Excadrill, M|\n|teampreview\n|\n|t:|1699992364\n|start\n|switch|p1a: Flareon|Flareon, F, shiny|100\/100\n|switch|p2a: Excadrill|Excadrill, M|100\/100\n|-ability|p2a: Excadrill|Mold Breaker\n|turn|1\n|\n|t:|1699992376\n|switch|p1a: Vaporeon|Vaporeon, M, shiny|100\/100\n|move|p2a: Excadrill|Swords Dance|p2a: Excadrill\n|-boost|p2a: Excadrill|atk|2\n|\n|upkeep\n|turn|2\n|\n|t:|1699992384\n|move|p2a: Excadrill|Earthquake|p1a: Vaporeon\n|-damage|p1a: Vaporeon|0 fnt\n|faint|p1a: Vaporeon\n|\n|upkeep\n|\n|t:|1699992392\n|switch|p1a: Umbreon|Umbreon, F, shiny|100\/100\n|turn|3\n|\n|t:|1699992395\n|move|p2a: Excadrill|Earthquake|p1a: Umbreon\n|-damage|p1a: Umbreon|23\/100\n|move|p1a: Umbreon|Foul Play|p2a: Excadrill\n|-enditem|p2a: Excadrill|Focus Sash\n|-damage|p2a: Excadrill|1\/100\n|\n|-heal|p1a: Umbreon|30\/100|[from] item: Leftovers\n|upkeep\n|turn|4\n|\n|t:|1699992405\n|switch|p1a: Leafeon|Leafeon, F, shiny|100\/100\n|move|p2a: Excadrill|Earthquake|p1a: Leafeon\n|-resisted|p1a: Leafeon\n|-damage|p1a: Leafeon|47\/100\n|\n|upkeep\n|turn|5\n|\n|t:|1699992412\n|move|p1a: Leafeon|Quick Attack|p2a: Excadrill\n|-resisted|p2a: Excadrill\n|-damage|p2a: Excadrill|0 fnt\n|faint|p2a: Excadrill\n|\n|upkeep\n|\n|t:|1699992416\n|switch|p2a: Infernape|Infernape, M|100\/100\n|turn|6\n|\n|t:|1699992422\n|switch|p1a: Flareon|Flareon, F, shiny|100\/100\n|move|p2a: Infernape|U-turn|p1a: Flareon\n|-resisted|p1a: Flareon\n|-damage|p1a: Flareon|82\/100\n|\n|t:|1699992426\n|switch|p2a: Gastrodon|Gastrodon, F|100\/100|[from] U-turn\n|\n|-status|p1a: Flareon|tox|[from] item: Toxic Orb\n|upkeep\n|turn|7\n|\n|t:|1699992433\n|-terastallize|p1a: Flareon|Normal\n|move|p1a: Flareon|Facade|p2a: Gastrodon\n|-damage|p2a: Gastrodon|0 fnt\n|faint|p2a: Gastrodon\n|\n|-damage|p1a: Flareon|76\/100 tox|[from] psn\n|upkeep\n|\n|t:|1699992439\n|switch|p2a: Infernape|Infernape, M|100\/100\n|turn|8\n|\n|t:|1699992446\n|switch|p1a: Leafeon|Leafeon, F, shiny|47\/100\n|move|p2a: Infernape|Close Combat|p1a: Leafeon\n|-damage|p1a: Leafeon|0 fnt\n|-unboost|p2a: Infernape|def|1\n|-unboost|p2a: Infernape|spd|1\n|faint|p1a: Leafeon\n|\n|upkeep\n|c|\u2606sosorbx|BAH ALORS ON PERD SES COUILLES PTITE SALOPE\n|c|\u2606sosorbx|HEIN\n|\n|t:|1699992460\n|switch|p1a: Espeon|Espeon, F, shiny|100\/100\n|turn|9\n|c|\u2606sosorbx|BAH ALORS\n|\n|t:|1699992465\n|switch|p2a: Celesteela|Celesteela|100\/100\n|move|p1a: Espeon|Psychic|p2a: Celesteela\n|-resisted|p2a: Celesteela\n|-damage|p2a: Celesteela|82\/100\n|\n|-heal|p2a: Celesteela|88\/100|[from] item: Leftovers\n|upkeep\n|turn|10\n|\n|t:|1699992483\n|switch|p1a: Umbreon|Umbreon, F, shiny|30\/100\n|move|p2a: Celesteela|Heavy Slam|p1a: Umbreon\n|-damage|p1a: Umbreon|0 fnt\n|faint|p1a: Umbreon\n|-ability|p2a: Celesteela|Beast Boost|boost\n|-boost|p2a: Celesteela|def|1\n|\n|-heal|p2a: Celesteela|94\/100|[from] item: Leftovers\n|upkeep\n|inactive|Battle timer is ON: inactive players will automatically lose when time's up. (requested by sosorbx)\n|c|\u2606sosorbx|JOUE TA M2RE\n|\n|t:|1699992492\n|switch|p1a: Flareon|Flareon, F, shiny, tera:Normal|76\/100 tox\n|turn|11\n|\n|t:|1699992499\n|move|p2a: Celesteela|Protect|p2a: Celesteela\n|-singleturn|p2a: Celesteela|Protect\n|move|p1a: Flareon|Flame Charge|p2a: Celesteela\n|-activate|p2a: Celesteela|move: Protect\n|\n|-heal|p2a: Celesteela|99\/100|[from] item: Leftovers\n|-damage|p1a: Flareon|70\/100 tox|[from] psn\n|upkeep\n|turn|12\n|\n|t:|1699992508\n|move|p1a: Flareon|Flame Charge|p2a: Celesteela\n|-supereffective|p2a: Celesteela\n|-damage|p2a: Celesteela|55\/100\n|-boost|p1a: Flareon|spe|1\n|move|p2a: Celesteela|Heavy Slam|p1a: Flareon\n|-damage|p1a: Flareon|0 fnt\n|faint|p1a: Flareon\n|-ability|p2a: Celesteela|Beast Boost|boost\n|-boost|p2a: Celesteela|def|1\n|\n|-heal|p2a: Celesteela|61\/100|[from] item: Leftovers\n|upkeep\n|\n|t:|1699992519\n|switch|p1a: Jolteon|Jolteon, M, shiny|100\/100\n|turn|13\n|\n|t:|1699992522\n|move|p2a: Celesteela|Protect|p2a: Celesteela\n|-singleturn|p2a: Celesteela|Protect\n|move|p1a: Jolteon|Thunderbolt|p2a: Celesteela\n|-activate|p2a: Celesteela|move: Protect\n|\n|-heal|p2a: Celesteela|67\/100|[from] item: Leftovers\n|upkeep\n|turn|14\n|\n|t:|1699992534\n|move|p1a: Jolteon|Thunderbolt|p2a: Celesteela\n|-supereffective|p2a: Celesteela\n|-damage|p2a: Celesteela|0 fnt\n|faint|p2a: Celesteela\n|\n|upkeep\n|\n|t:|1699992537\n|switch|p2a: Infernape|Infernape, M|100\/100\n|turn|15\n|\n|t:|1699992551\n|-terastallize|p2a: Infernape|Fire\n|move|p2a: Infernape|Flare Blitz|p1a: Jolteon\n|-damage|p1a: Jolteon|0 fnt\n|faint|p1a: Jolteon\n|-damage|p2a: Infernape|70\/100|[from] Recoil\n|\n|upkeep\n|\n|t:|1699992559\n|switch|p1a: Espeon|Espeon, F, shiny|100\/100\n|turn|16\n|c|\u2606sosorbx|JE TE BZ TA MERE LA DAHWA\n|n|\u203dsosorbx|sosorbx\n|c|&|\/log sosorbx was locked from talking by Artemis. (\u2606sosorbx: JE TE BZ TA MERE LA DAHWA)\n|c|&|\/raw <small>This action was done automatically. Want to learn more about the AI? <a href=\"https:\/\/www.smogon.com\/forums\/threads\/3570628\/#post-9056769\">Visit the information thread<\/a>.<\/small>\n|\n|t:|1699992572\n|move|p2a: Infernape|Flare Blitz|p1a: Espeon\n|-damage|p1a: Espeon|0 fnt\n|faint|p1a: Espeon\n|-damage|p2a: Infernape|39\/100|[from] Recoil\n|\n|win|sosorbx\n|raw|Ghostops's rating: 1108 &rarr; <strong>1083<\/strong><br \/>(-25 for losing)\n|raw|sosorbx's rating: 1107 &rarr; <strong>1132<\/strong><br \/>(+25 for winning)\n","uploadtime":1699992458,"views":4,"p1id":"ghostops","p2id":"sosorbx","formatid":"gen9nationaldex","rating":1083,"private":0,"password":""}