{"id":"gen9nationaldex-1992288117","p1":"blizard2137","p2":"maysonhhh","format":"[Gen 9] National Dex","log":"|j|\u2606blizard2137\n|j|\u2606maysonhhh\n|t:|1700171197\n|gametype|singles\n|player|p1|blizard2137|karen|1046\n|player|p2|maysonhhh|2|1155\n|teamsize|p1|6\n|teamsize|p2|6\n|gen|9\n|tier|[Gen 9] National Dex\n|rated|\n|rule|HP Percentage Mod: HP is shown in percentages\n|rule|Endless Battle Clause: Forcing endless battles is banned\n|rule|OHKO Clause: OHKO moves are banned\n|rule|Evasion Clause: Evasion abilities, items, and moves are banned\n|rule|Evasion Abilities Clause: Evasion abilities are banned\n|rule|Evasion Items Clause: Evasion items are banned\n|rule|Evasion Moves Clause: Evasion moves are banned\n|rule|Species Clause: Limit one of each Pok\u00e9mon\n|rule|Sleep Clause Mod: Limit one foe put to sleep\n|clearpoke\n|poke|p1|Ogerpon-Wellspring, F|\n|poke|p1|Blacephalon|\n|poke|p1|Great Tusk|\n|poke|p1|Zapdos|\n|poke|p1|Tapu Lele|\n|poke|p1|Mawile, M|\n|poke|p2|Weavile, F|\n|poke|p2|Landorus-Therian, M|\n|poke|p2|Zapdos|\n|poke|p2|Volcanion|\n|poke|p2|Ursaluna, F|\n|poke|p2|Kartana|\n|teampreview\n|\n|t:|1700171211\n|start\n|switch|p1a: Mawile|Mawile, M|100\/100\n|switch|p2a: Landorus|Landorus-Therian, M|100\/100\n|-ability|p2a: Landorus|Intimidate|boost\n|-unboost|p1a: Mawile|atk|1\n|-ability|p1a: Mawile|Intimidate|boost\n|-unboost|p2a: Landorus|atk|1\n|turn|1\n|\n|t:|1700171242\n|switch|p1a: Ogerpon|Ogerpon-Wellspring, F|100\/100\n|move|p2a: Landorus|Earthquake|p1a: Ogerpon\n|-resisted|p1a: Ogerpon\n|-damage|p1a: Ogerpon|78\/100\n|\n|upkeep\n|turn|2\n|inactive|Battle timer is ON: inactive players will automatically lose when time's up. (requested by maysonhhh)\n|\n|t:|1700171253\n|switch|p2a: Volcanion|Volcanion|100\/100\n|move|p1a: Ogerpon|Swords Dance|p1a: Ogerpon\n|-boost|p1a: Ogerpon|atk|2\n|\n|upkeep\n|turn|3\n|\n|t:|1700171269\n|move|p1a: Ogerpon|Ivy Cudgel|p2a: Volcanion|[anim] Ivy Cudgel Water\n|-immune|p2a: Volcanion|[from] ability: Water Absorb\n|move|p2a: Volcanion|Body Press|p1a: Ogerpon\n|-damage|p1a: Ogerpon|40\/100\n|\n|upkeep\n|turn|4\n|\n|t:|1700171287\n|move|p1a: Ogerpon|Horn Leech|p2a: Volcanion\n|-damage|p2a: Volcanion|47\/100\n|-heal|p1a: Ogerpon|72\/100|[from] drain|[of] p2a: Volcanion\n|move|p2a: Volcanion|Flamethrower|p1a: Ogerpon\n|-damage|p1a: Ogerpon|27\/100\n|\n|upkeep\n|turn|5\n|\n|t:|1700171297\n|switch|p2a: Zapdos|Zapdos|100\/100\n|move|p1a: Ogerpon|Horn Leech|p2a: Zapdos\n|-resisted|p2a: Zapdos\n|-damage|p2a: Zapdos|69\/100\n|-heal|p1a: Ogerpon|47\/100|[from] drain|[of] p2a: Zapdos\n|\n|upkeep\n|turn|6\n|\n|t:|1700171302\n|move|p1a: Ogerpon|Spiky Shield|p1a: Ogerpon\n|-singleturn|p1a: Ogerpon|move: Protect\n|move|p2a: Zapdos|Discharge|p1a: Ogerpon\n|-activate|p1a: Ogerpon|move: Protect\n|\n|upkeep\n|turn|7\n|\n|t:|1700171314\n|switch|p1a: Great Tusk|Great Tusk|100\/100\n|-enditem|p1a: Great Tusk|Booster Energy\n|-activate|p1a: Great Tusk|ability: Protosynthesis|[fromitem]\n|-start|p1a: Great Tusk|protosynthesisatk\n|move|p2a: Zapdos|Discharge|p1a: Great Tusk\n|-immune|p1a: Great Tusk\n|\n|upkeep\n|turn|8\n|\n|t:|1700171321\n|move|p1a: Great Tusk|Rapid Spin|p2a: Zapdos\n|-damage|p2a: Zapdos|52\/100\n|-boost|p1a: Great Tusk|spe|1\n|-status|p1a: Great Tusk|par|[from] ability: Static|[of] p2a: Zapdos\n|move|p2a: Zapdos|Roost|p2a: Zapdos\n|-heal|p2a: Zapdos|100\/100\n|-singleturn|p2a: Zapdos|move: Roost\n|\n|upkeep\n|turn|9\n|\n|t:|1700171333\n|move|p2a: Zapdos|Hurricane|p1a: Great Tusk\n|-supereffective|p1a: Great Tusk\n|-crit|p1a: Great Tusk\n|-damage|p1a: Great Tusk|0 fnt\n|faint|p1a: Great Tusk\n|-end|p1a: Great Tusk|Protosynthesis|[silent]\n|\n|upkeep\n|\n|t:|1700171353\n|switch|p1a: Tapu Lele|Tapu Lele|100\/100\n|-fieldstart|move: Psychic Terrain|[from] ability: Psychic Surge|[of] p1a: Tapu Lele\n|turn|10\n|\n|t:|1700171366\n|move|p1a: Tapu Lele|Calm Mind|p1a: Tapu Lele\n|-boost|p1a: Tapu Lele|spa|1\n|-boost|p1a: Tapu Lele|spd|1\n|move|p2a: Zapdos|U-turn|p1a: Tapu Lele\n|-crit|p1a: Tapu Lele\n|-damage|p1a: Tapu Lele|68\/100\n|\n|t:|1700171374\n|switch|p2a: Weavile|Weavile, F|100\/100|[from] U-turn\n|-ability|p2a: Weavile|Pressure\n|\n|-heal|p1a: Tapu Lele|74\/100|[from] item: Leftovers\n|upkeep\n|turn|11\n|\n|t:|1700171395\n|-terastallize|p1a: Tapu Lele|Grass\n|move|p2a: Weavile|Triple Axel|p1a: Tapu Lele\n|-supereffective|p1a: Tapu Lele\n|-damage|p1a: Tapu Lele|25\/100\n|-supereffective|p1a: Tapu Lele\n|-damage|p1a: Tapu Lele|0 fnt\n|faint|p1a: Tapu Lele\n|-hitcount|p1: Tapu Lele|2\n|\n|upkeep\n|\n|t:|1700171405\n|switch|p1a: Blacephalon|Blacephalon|100\/100\n|turn|12\n|\n|t:|1700171423\n|switch|p2a: Landorus|Landorus-Therian, M|100\/100\n|-ability|p2a: Landorus|Intimidate|boost\n|-unboost|p1a: Blacephalon|atk|1\n|switch|p1a: Mawile|Mawile, M|100\/100\n|-ability|p1a: Mawile|Intimidate|boost\n|-unboost|p2a: Landorus|atk|1\n|\n|upkeep\n|turn|13\n|\n|t:|1700171433\n|detailschange|p1a: Mawile|Mawile-Mega, M\n|-mega|p1a: Mawile|Mawile|Mawilite\n|move|p2a: Landorus|Earthquake|p1a: Mawile\n|-supereffective|p1a: Mawile\n|-damage|p1a: Mawile|41\/100\n|move|p1a: Mawile|Play Rough|p2a: Landorus\n|-damage|p2a: Landorus|15\/100\n|\n|-heal|p2a: Landorus|21\/100|[from] item: Leftovers\n|upkeep\n|turn|14\n|\n|t:|1700171453\n|switch|p2a: Ursaluna|Ursaluna, F|100\/100\n|move|p1a: Mawile|Sucker Punch||[still]\n|-fail|p1a: Mawile\n|\n|-fieldend|move: Psychic Terrain\n|-status|p2a: Ursaluna|brn|[from] item: Flame Orb\n|upkeep\n|turn|15\n|\n|t:|1700171465\n|move|p2a: Ursaluna|Fire Punch|p1a: Mawile\n|-supereffective|p1a: Mawile\n|-damage|p1a: Mawile|0 fnt\n|faint|p1a: Mawile\n|\n|-damage|p2a: Ursaluna|94\/100 brn|[from] brn\n|upkeep\n|\n|t:|1700171472\n|switch|p1a: Ogerpon|Ogerpon-Wellspring, F|47\/100\n|turn|16\n|\n|t:|1700171480\n|-terastallize|p2a: Ursaluna|Grass\n|move|p1a: Ogerpon|Horn Leech|p2a: Ursaluna\n|-resisted|p2a: Ursaluna\n|-damage|p2a: Ursaluna|76\/100 brn\n|-heal|p1a: Ogerpon|59\/100|[from] drain|[of] p2a: Ursaluna\n|move|p2a: Ursaluna|Facade|p1a: Ogerpon\n|-damage|p1a: Ogerpon|0 fnt\n|faint|p1a: Ogerpon\n|\n|-damage|p2a: Ursaluna|70\/100 brn|[from] brn\n|upkeep\n|\n|t:|1700171490\n|switch|p1a: Blacephalon|Blacephalon|100\/100\n|turn|17\n|\n|t:|1700171499\n|move|p1a: Blacephalon|Heat Wave|p2a: Ursaluna\n|-supereffective|p2a: Ursaluna\n|-damage|p2a: Ursaluna|0 fnt\n|faint|p2a: Ursaluna\n|-ability|p1a: Blacephalon|Beast Boost|boost\n|-boost|p1a: Blacephalon|spa|1\n|\n|upkeep\n|\n|t:|1700171508\n|switch|p2a: Kartana|Kartana|100\/100\n|turn|18\n|\n|t:|1700171516\n|move|p2a: Kartana|Knock Off|p1a: Blacephalon\n|-supereffective|p1a: Blacephalon\n|-damage|p1a: Blacephalon|0 fnt\n|-enditem|p1a: Blacephalon|Assault Vest|[from] move: Knock Off|[of] p2a: Kartana\n|faint|p1a: Blacephalon\n|-ability|p2a: Kartana|Beast Boost|boost\n|-boost|p2a: Kartana|atk|1\n|\n|upkeep\n|\n|t:|1700171519\n|switch|p1a: Zapdos|Zapdos|100\/100\n|turn|19\n|\n|t:|1700171524\n|move|p2a: Kartana|Knock Off|p1a: Zapdos\n|-damage|p1a: Zapdos|5\/100\n|-enditem|p1a: Zapdos|Choice Scarf|[from] move: Knock Off|[of] p2a: Kartana\n|move|p1a: Zapdos|Brave Bird|p2a: Kartana\n|-damage|p2a: Kartana|61\/100\n|-damage|p1a: Zapdos|0 fnt|[from] Recoil\n|faint|p1a: Zapdos\n|\n|win|maysonhhh\n|raw|blizard2137's rating: 1046 &rarr; <strong>1034<\/strong><br \/>(-12 for losing)\n|raw|maysonhhh's rating: 1155 &rarr; <strong>1172<\/strong><br \/>(+17 for winning)\n|l|\u2606blizard2137\n","uploadtime":1700171540,"views":4,"p1id":"blizard2137","p2id":"maysonhhh","formatid":"gen9nationaldex","rating":1034,"private":0,"password":""}