{"id":"gen9nationaldex-1988386363","p1":"Dezjaws","p2":"TheWhitebrim","format":"[Gen 9] National Dex","log":"|j|\u2606Dezjaws\n|j|\u2606TheWhitebrim\n|t:|1699717091\n|gametype|singles\n|player|p1|Dezjaws|ghetsis|\n|player|p2|TheWhitebrim|102|\n|teamsize|p1|6\n|teamsize|p2|6\n|gen|9\n|tier|[Gen 9] National Dex\n|rule|HP Percentage Mod: HP is shown in percentages\n|rule|Endless Battle Clause: Forcing endless battles is banned\n|rule|OHKO Clause: OHKO moves are banned\n|rule|Evasion Clause: Evasion abilities, items, and moves are banned\n|rule|Evasion Abilities Clause: Evasion abilities are banned\n|rule|Evasion Items Clause: Evasion items are banned\n|rule|Evasion Moves Clause: Evasion moves are banned\n|rule|Species Clause: Limit one of each Pok\u00e9mon\n|rule|Sleep Clause Mod: Limit one foe put to sleep\n|clearpoke\n|poke|p1|Ninetales-Alola, F|\n|poke|p1|Scizor, F|\n|poke|p1|Greninja-*, M|\n|poke|p1|Zapdos|\n|poke|p1|Clodsire, F|\n|poke|p1|Ditto|\n|poke|p2|Azumarill, M|\n|poke|p2|Volcarona, F|\n|poke|p2|Tapu Lele|\n|poke|p2|Tornadus-Therian, M|\n|poke|p2|Ferrothorn, M|\n|poke|p2|Iron Hands|\n|teampreview\n|j| PyrobutLeGoat\n|\n|t:|1699717134\n|start\n|switch|p1a: Cizayox|Scizor, F|100\/100\n|switch|p2a: Ferrothorn|Ferrothorn, M|100\/100\n|turn|1\n|\n|t:|1699717159\n|switch|p2a: Iron Hands|Iron Hands|100\/100\n|detailschange|p1a: Cizayox|Scizor-Mega, F\n|-mega|p1a: Cizayox|Scizor|Scizorite\n|move|p1a: Cizayox|Close Combat|p2a: Iron Hands\n|-damage|p2a: Iron Hands|69\/100\n|-unboost|p1a: Cizayox|def|1\n|-unboost|p1a: Cizayox|spd|1\n|\n|-heal|p2a: Iron Hands|76\/100|[from] item: Leftovers\n|upkeep\n|turn|2\n|\n|t:|1699717177\n|move|p1a: Cizayox|U-turn|p2a: Iron Hands\n|-resisted|p2a: Iron Hands\n|-damage|p2a: Iron Hands|61\/100\n|j| MaitreDescartes\n|\n|t:|1699717180\n|switch|p1a: Feunard|Ninetales-Alola, F|100\/100|[from] U-turn\n|-weather|Snow|[from] ability: Snow Warning|[of] p1a: Feunard\n|move|p2a: Iron Hands|Drain Punch|p1a: Feunard\n|-crit|p1a: Feunard\n|-damage|p1a: Feunard|41\/100\n|-heal|p2a: Iron Hands|82\/100|[from] drain|[of] p1a: Feunard\n|\n|-weather|Snow|[upkeep]\n|-heal|p2a: Iron Hands|88\/100|[from] item: Leftovers\n|upkeep\n|turn|3\n|\n|t:|1699717193\n|-end|p2a: Iron Hands|Quark Drive|[silent]\n|switch|p2a: Ferrothorn|Ferrothorn, M|100\/100\n|move|p1a: Feunard|Aurora Veil|p1a: Feunard\n|-sidestart|p1: Dezjaws|move: Aurora Veil\n|\n|-weather|Snow|[upkeep]\n|upkeep\n|turn|4\n|\n|t:|1699717204\n|switch|p1a: \u00c9lecthor|Zapdos|100\/100\n|move|p2a: Ferrothorn|Leech Seed|p1a: \u00c9lecthor\n|-start|p1a: \u00c9lecthor|move: Leech Seed\n|\n|-weather|Snow|[upkeep]\n|-damage|p1a: \u00c9lecthor|88\/100|[from] Leech Seed|[of] p2a: Ferrothorn\n|upkeep\n|turn|5\n|\n|t:|1699717216\n|switch|p2a: Iron Hands|Iron Hands|88\/100\n|move|p1a: \u00c9lecthor|Volt Switch|p2a: Iron Hands\n|-resisted|p2a: Iron Hands\n|-damage|p2a: Iron Hands|75\/100\n|\n|t:|1699717223\n|switch|p1a: Amphinobie|Greninja, M|100\/100|[from] Volt Switch\n|\n|-weather|Snow|[upkeep]\n|-heal|p2a: Iron Hands|81\/100|[from] item: Leftovers\n|upkeep\n|turn|6\n|\n|t:|1699717242\n|move|p1a: Amphinobie|Surf|p2a: Iron Hands\n|-start|p1a: Amphinobie|typechange|Water|[from] ability: Protean\n|-crit|p2a: Iron Hands\n|-damage|p2a: Iron Hands|0 fnt\n|faint|p2a: Iron Hands\n|-end|p2a: Iron Hands|Quark Drive|[silent]\n|\n|-weather|none\n|upkeep\n|c|\u2606TheWhitebrim|triste x3\n|\n|t:|1699717261\n|switch|p2a: Ferrothorn|Ferrothorn, M|100\/100\n|turn|7\n|\n|t:|1699717268\n|switch|p1a: \u00c9lecthor|Zapdos|88\/100\n|move|p2a: Ferrothorn|Power Whip|p1a: \u00c9lecthor\n|-resisted|p1a: \u00c9lecthor\n|-damage|p1a: \u00c9lecthor|81\/100\n|-status|p2a: Ferrothorn|par|[from] ability: Static|[of] p1a: \u00c9lecthor\n|\n|upkeep\n|turn|8\n|\n|t:|1699717295\n|switch|p2a: needo mo powa|Volcarona, F|100\/100\n|move|p1a: \u00c9lecthor|Heat Wave|p2a: needo mo powa\n|-damage|p2a: needo mo powa|77\/100\n|\n|upkeep\n|turn|9\n|\n|t:|1699717306\n|move|p2a: needo mo powa|Quiver Dance|p2a: needo mo powa\n|-boost|p2a: needo mo powa|spa|1\n|-boost|p2a: needo mo powa|spd|1\n|-boost|p2a: needo mo powa|spe|1\n|move|p1a: \u00c9lecthor|Volt Switch|p2a: needo mo powa\n|-damage|p2a: needo mo powa|59\/100\n|\n|t:|1699717313\n|switch|p1a: Amphinobie|Greninja, M|100\/100|[from] Volt Switch\n|\n|upkeep\n|turn|10\n|\n|t:|1699717338\n|-terastallize|p1a: Amphinobie|Water\n|move|p1a: Amphinobie|Water Shuriken|p2a: needo mo powa\n|-supereffective|p2a: needo mo powa\n|-damage|p2a: needo mo powa|44\/100\n|-supereffective|p2a: needo mo powa\n|-damage|p2a: needo mo powa|27\/100\n|-supereffective|p2a: needo mo powa\n|-damage|p2a: needo mo powa|9\/100\n|-hitcount|p2a: needo mo powa|3\n|-zpower|p2a: needo mo powa\n|move|p2a: needo mo powa|Savage Spin-Out|p1a: Amphinobie|[zeffect]\n|-damage|p1a: Amphinobie|16\/100\n|\n|-sideend|p1: Dezjaws|move: Aurora Veil\n|upkeep\n|turn|11\n|\n|t:|1699717355\n|switch|p2a: BunnybandSenpai|Azumarill, M|100\/100\n|move|p1a: Amphinobie|Water Shuriken|p2a: BunnybandSenpai\n|-resisted|p2a: BunnybandSenpai\n|-damage|p2a: BunnybandSenpai|96\/100\n|-resisted|p2a: BunnybandSenpai\n|-damage|p2a: BunnybandSenpai|92\/100\n|-hitcount|p2a: BunnybandSenpai|2\n|\n|upkeep\n|turn|12\n|\n|t:|1699717364\n|switch|p1a: \u00c9lecthor|Zapdos|81\/100\n|move|p2a: BunnybandSenpai|Play Rough|p1a: \u00c9lecthor\n|-damage|p1a: \u00c9lecthor|42\/100\n|\n|upkeep\n|turn|13\n|\n|t:|1699717375\n|move|p1a: \u00c9lecthor|Roost|p1a: \u00c9lecthor\n|-heal|p1a: \u00c9lecthor|92\/100\n|-singleturn|p1a: \u00c9lecthor|move: Roost\n|move|p2a: BunnybandSenpai|Ice Spinner|p1a: \u00c9lecthor\n|-damage|p1a: \u00c9lecthor|65\/100\n|\n|upkeep\n|turn|14\n|\n|t:|1699717386\n|switch|p2a: Ferrothorn|Ferrothorn, M|100\/100 par\n|move|p1a: \u00c9lecthor|Roost|p1a: \u00c9lecthor\n|-heal|p1a: \u00c9lecthor|100\/100\n|-singleturn|p1a: \u00c9lecthor|move: Roost\n|\n|upkeep\n|turn|15\n|\n|t:|1699717393\n|switch|p2a: needo mo powa|Volcarona, F|9\/100\n|move|p1a: \u00c9lecthor|Heat Wave|p2a: needo mo powa\n|-damage|p2a: needo mo powa|0 fnt\n|faint|p2a: needo mo powa\n|\n|upkeep\n|\n|t:|1699717401\n|switch|p2a: Tapu Lele|Tapu Lele|100\/100\n|-fieldstart|move: Psychic Terrain|[from] ability: Psychic Surge|[of] p2a: Tapu Lele\n|turn|16\n|\n|t:|1699717411\n|switch|p1a: Feunard|Ninetales-Alola, F|41\/100\n|-weather|Snow|[from] ability: Snow Warning|[of] p1a: Feunard\n|move|p2a: Tapu Lele|Psychic|p1a: Feunard\n|-damage|p1a: Feunard|0 fnt\n|faint|p1a: Feunard\n|\n|-weather|Snow|[upkeep]\n|upkeep\n|\n|t:|1699717422\n|switch|p1a: Amphinobie|Greninja, M, tera:Water|16\/100\n|turn|17\n|\n|t:|1699717434\n|move|p2a: Tapu Lele|Psychic|p1a: Amphinobie\n|-damage|p1a: Amphinobie|0 fnt\n|faint|p1a: Amphinobie\n|\n|-weather|Snow|[upkeep]\n|upkeep\n|\n|t:|1699717440\n|switch|p1a: Cizayox|Scizor-Mega, F|100\/100\n|turn|18\n|\n|t:|1699717452\n|switch|p2a: Ferrothorn|Ferrothorn, M|100\/100 par\n|move|p1a: Cizayox|Swords Dance|p1a: Cizayox\n|-boost|p1a: Cizayox|atk|2\n|\n|-weather|Snow|[upkeep]\n|upkeep\n|turn|19\n|\n|t:|1699717468\n|-terastallize|p2a: Ferrothorn|Ghost\n|move|p1a: Cizayox|Close Combat|p2a: Ferrothorn\n|-immune|p2a: Ferrothorn\n|move|p2a: Ferrothorn|Leech Seed|p1a: Cizayox|[miss]\n|-miss|p2a: Ferrothorn|p1a: Cizayox\n|\n|-weather|Snow|[upkeep]\n|upkeep\n|turn|20\n|\n|t:|1699717484\n|move|p1a: Cizayox|U-turn|p2a: Ferrothorn\n|-resisted|p2a: Ferrothorn\n|-damage|p2a: Ferrothorn|77\/100 par\n|-damage|p1a: Cizayox|88\/100|[from] ability: Iron Barbs|[of] p2a: Ferrothorn\n|-damage|p1a: Cizayox|72\/100|[from] item: Rocky Helmet|[of] p2a: Ferrothorn\n|\n|t:|1699717491\n|switch|p1a: M\u00e9tamorph|Ditto|100\/100|[from] U-turn\n|-transform|p1a: M\u00e9tamorph|p2a: Ferrothorn|[from] ability: Imposter\n|move|p2a: Ferrothorn|Spikes|p1a: M\u00e9tamorph\n|-sidestart|p1: Dezjaws|Spikes\n|\n|-weather|none\n|-fieldend|move: Psychic Terrain\n|upkeep\n|-start|p1a: M\u00e9tamorph|typechange|Grass\/Steel|[silent]\n|turn|21\n|\n|t:|1699717504\n|switch|p2a: Tapu Lele|Tapu Lele|100\/100\n|-fieldstart|move: Psychic Terrain|[from] ability: Psychic Surge|[of] p2a: Tapu Lele\n|move|p1a: M\u00e9tamorph|Leech Seed|p2a: Tapu Lele\n|-start|p2a: Tapu Lele|move: Leech Seed\n|\n|-damage|p2a: Tapu Lele|88\/100|[from] Leech Seed|[of] p1a: M\u00e9tamorph\n|upkeep\n|turn|22\n|\n|t:|1699717514\n|switch|p2a: Tornadus|Tornadus-Therian, M|100\/100\n|switch|p1a: Terraiste|Clodsire, F|100\/100\n|-damage|p1a: Terraiste|88\/100|[from] Spikes\n|\n|-heal|p1a: Terraiste|94\/100|[from] item: Leftovers\n|upkeep\n|turn|23\n|\n|t:|1699717524\n|move|p2a: Tornadus|Knock Off|p1a: Terraiste\n|-damage|p1a: Terraiste|71\/100\n|-enditem|p1a: Terraiste|Leftovers|[from] move: Knock Off|[of] p2a: Tornadus\n|move|p1a: Terraiste|Toxic|p2a: Tornadus\n|-status|p2a: Tornadus|tox\n|\n|-damage|p2a: Tornadus|94\/100 tox|[from] psn\n|upkeep\n|turn|24\n|\n|t:|1699717538\n|move|p2a: Tornadus|Hurricane|p1a: Terraiste\n|-damage|p1a: Terraiste|50\/100\n|move|p1a: Terraiste|Stealth Rock|p2a: Tornadus\n|-sidestart|p2: TheWhitebrim|move: Stealth Rock\n|\n|-damage|p2a: Tornadus|82\/100 tox|[from] psn\n|upkeep\n|turn|25\n|\n|t:|1699717547\n|move|p2a: Tornadus|U-turn|p1a: Terraiste\n|-resisted|p1a: Terraiste\n|-damage|p1a: Terraiste|41\/100\n|\n|t:|1699717554\n|switch|p2a: Tapu Lele|Tapu Lele|88\/100|[from] U-turn\n|-damage|p2a: Tapu Lele|76\/100|[from] Stealth Rock\n|move|p1a: Terraiste|Recover|p1a: Terraiste\n|-heal|p1a: Terraiste|91\/100\n|\n|-fieldend|move: Psychic Terrain\n|upkeep\n|turn|26\n|\n|t:|1699717571\n|switch|p2a: Tornadus|Tornadus-Therian, M|100\/100 tox\n|switch|p1a: M\u00e9tamorph|Ditto|100\/100\n|-damage|p1a: M\u00e9tamorph|88\/100|[from] Spikes\n|-transform|p1a: M\u00e9tamorph|p2a: Tornadus|[from] ability: Imposter\n|\n|-damage|p2a: Tornadus|94\/100 tox|[from] psn\n|upkeep\n|turn|27\n|\n|t:|1699717584\n|move|p1a: M\u00e9tamorph|U-turn|p2a: Tornadus\n|-resisted|p2a: Tornadus\n|-damage|p2a: Tornadus|87\/100 tox\n|\n|t:|1699717589\n|switch|p1a: Cizayox|Scizor-Mega, F|72\/100|[from] U-turn\n|-damage|p1a: Cizayox|59\/100|[from] Spikes\n|move|p2a: Tornadus|Hurricane|p1a: Cizayox\n|-damage|p1a: Cizayox|8\/100\n|\n|-damage|p2a: Tornadus|75\/100 tox|[from] psn\n|upkeep\n|turn|28\n|\n|t:|1699717602\n|move|p1a: Cizayox|Bullet Punch|p2a: Tornadus\n|-damage|p2a: Tornadus|32\/100 tox\n|move|p2a: Tornadus|Knock Off|p1a: Cizayox\n|-damage|p1a: Cizayox|0 fnt\n|faint|p1a: Cizayox\n|\n|-damage|p2a: Tornadus|14\/100 tox|[from] psn\n|upkeep\n|\n|t:|1699717611\n|switch|p1a: M\u00e9tamorph|Ditto|100\/100\n|-damage|p1a: M\u00e9tamorph|88\/100|[from] Spikes\n|-transform|p1a: M\u00e9tamorph|p2a: Tornadus|[from] ability: Imposter\n|turn|29\n|\n|t:|1699717618\n|switch|p2a: Ferrothorn|Ferrothorn, M, tera:Ghost|77\/100 par\n|-damage|p2a: Ferrothorn|64\/100 par|[from] Stealth Rock\n|move|p1a: M\u00e9tamorph|Knock Off|p2a: Ferrothorn\n|-supereffective|p2a: Ferrothorn\n|-damage|p2a: Ferrothorn|41\/100 par\n|-damage|p1a: M\u00e9tamorph|76\/100|[from] ability: Iron Barbs|[of] p2a: Ferrothorn\n|-damage|p1a: M\u00e9tamorph|59\/100|[from] item: Rocky Helmet|[of] p2a: Ferrothorn\n|-enditem|p2a: Ferrothorn|Rocky Helmet|[from] move: Knock Off|[of] p1a: M\u00e9tamorph\n|\n|upkeep\n|turn|30\n|\n|t:|1699717631\n|switch|p1a: \u00c9lecthor|Zapdos|100\/100\n|cant|p2a: Ferrothorn|par\n|\n|upkeep\n|turn|31\n|\n|t:|1699717643\n|move|p1a: \u00c9lecthor|Heat Wave|p2a: Ferrothorn\n|-damage|p2a: Ferrothorn|18\/100 par\n|move|p2a: Ferrothorn|Leech Seed|p1a: \u00c9lecthor|[miss]\n|-miss|p2a: Ferrothorn|p1a: \u00c9lecthor\n|\n|upkeep\n|turn|32\n|\n|t:|1699717650\n|move|p1a: \u00c9lecthor|Heat Wave|p2a: Ferrothorn\n|-damage|p2a: Ferrothorn|0 fnt\n|faint|p2a: Ferrothorn\n|\n|upkeep\n|\n|t:|1699717656\n|switch|p2a: Tapu Lele|Tapu Lele|76\/100\n|-damage|p2a: Tapu Lele|63\/100|[from] Stealth Rock\n|-fieldstart|move: Psychic Terrain|[from] ability: Psychic Surge|[of] p2a: Tapu Lele\n|turn|33\n|\n|t:|1699717679\n|switch|p1a: M\u00e9tamorph|Ditto|92\/100\n|-damage|p1a: M\u00e9tamorph|80\/100|[from] Spikes\n|-transform|p1a: M\u00e9tamorph|p2a: Tapu Lele|[from] ability: Imposter\n|move|p2a: Tapu Lele|Psychic|p1a: M\u00e9tamorph\n|-resisted|p1a: M\u00e9tamorph\n|-damage|p1a: M\u00e9tamorph|50\/100\n|\n|upkeep\n|turn|34\n|\n|t:|1699717693\n|switch|p2a: Tornadus|Tornadus-Therian, M|47\/100 tox\n|move|p1a: M\u00e9tamorph|Thunderbolt|p2a: Tornadus\n|-supereffective|p2a: Tornadus\n|-damage|p2a: Tornadus|0 fnt\n|faint|p2a: Tornadus\n|\n|upkeep\n|\n|t:|1699717710\n|switch|p2a: Tapu Lele|Tapu Lele|63\/100\n|-damage|p2a: Tapu Lele|51\/100|[from] Stealth Rock\n|turn|35\n|\n|t:|1699717722\n|switch|p1a: Terraiste|Clodsire, F|91\/100\n|-damage|p1a: Terraiste|79\/100|[from] Spikes\n|move|p2a: Tapu Lele|Moonblast|p1a: Terraiste\n|-resisted|p1a: Terraiste\n|-damage|p1a: Terraiste|67\/100\n|-unboost|p1a: Terraiste|spa|1\n|\n|upkeep\n|turn|36\n|\n|t:|1699717734\n|switch|p2a: BunnybandSenpai|Azumarill, M|92\/100\n|-damage|p2a: BunnybandSenpai|79\/100|[from] Stealth Rock\n|move|p1a: Terraiste|Toxic|p2a: BunnybandSenpai\n|-status|p2a: BunnybandSenpai|tox\n|\n|-damage|p2a: BunnybandSenpai|73\/100 tox|[from] psn\n|upkeep\n|turn|37\n|\n|t:|1699717743\n|move|p2a: BunnybandSenpai|Liquidation|p1a: Terraiste\n|-heal|p1a: Terraiste|92\/100|[from] ability: Water Absorb|[of] p2a: BunnybandSenpai\n|move|p1a: Terraiste|Recover|p1a: Terraiste\n|-heal|p1a: Terraiste|100\/100\n|\n|-damage|p2a: BunnybandSenpai|61\/100 tox|[from] psn\n|-fieldend|move: Psychic Terrain\n|upkeep\n|turn|38\n|\n|t:|1699717763\n|move|p2a: BunnybandSenpai|Ice Spinner|p1a: Terraiste\n|-supereffective|p1a: Terraiste\n|-damage|p1a: Terraiste|20\/100\n|move|p1a: Terraiste|Earthquake|p2a: BunnybandSenpai\n|-damage|p2a: BunnybandSenpai|34\/100 tox\n|\n|-damage|p2a: BunnybandSenpai|15\/100 tox|[from] psn\n|upkeep\n|turn|39\n|\n|t:|1699717776\n|move|p2a: BunnybandSenpai|Ice Spinner|p1a: Terraiste\n|-supereffective|p1a: Terraiste\n|-damage|p1a: Terraiste|0 fnt\n|faint|p1a: Terraiste\n|\n|-damage|p2a: BunnybandSenpai|0 fnt|[from] psn\n|faint|p2a: BunnybandSenpai\n|upkeep\n|\n|t:|1699717784\n|switch|p2a: Tapu Lele|Tapu Lele|51\/100\n|switch|p1a: \u00c9lecthor|Zapdos|100\/100\n|-damage|p2a: Tapu Lele|38\/100|[from] Stealth Rock\n|-fieldstart|move: Psychic Terrain|[from] ability: Psychic Surge|[of] p2a: Tapu Lele\n|turn|40\n|\n|t:|1699717792\n|move|p2a: Tapu Lele|Moonblast|p1a: \u00c9lecthor\n|-damage|p1a: \u00c9lecthor|54\/100\n|move|p1a: \u00c9lecthor|Volt Switch|p2a: Tapu Lele\n|-damage|p2a: Tapu Lele|6\/100\n|\n|t:|1699717798\n|switch|p1a: M\u00e9tamorph|Ditto|50\/100|[from] Volt Switch\n|-damage|p1a: M\u00e9tamorph|38\/100|[from] Spikes\n|-transform|p1a: M\u00e9tamorph|p2a: Tapu Lele|[from] ability: Imposter\n|\n|upkeep\n|turn|41\n|\n|t:|1699717806\n|move|p1a: M\u00e9tamorph|Thunderbolt|p2a: Tapu Lele\n|-damage|p2a: Tapu Lele|0 fnt\n|faint|p2a: Tapu Lele\n|\n|win|Dezjaws\n|c|\u2606TheWhitebrim|gg\n","uploadtime":1699717816,"views":5,"p1id":"dezjaws","p2id":"thewhitebrim","formatid":"gen9nationaldex","rating":0,"private":0,"password":""}