{"id":"gen9nationaldex-1992264679","p1":"NidoKyng","p2":"testing a funni3","format":"[Gen 9] National Dex","log":"|j|\u2606NidoKyng\n|j|\u2606testing a funni3\n|t:|1700168999\n|gametype|singles\n|player|p1|NidoKyng|nate|1384\n|player|p2|testing a funni3|unknownf|1463\n|teamsize|p1|6\n|teamsize|p2|6\n|gen|9\n|tier|[Gen 9] National Dex\n|rated|\n|rule|HP Percentage Mod: HP is shown in percentages\n|rule|Endless Battle Clause: Forcing endless battles is banned\n|rule|OHKO Clause: OHKO moves are banned\n|rule|Evasion Clause: Evasion abilities, items, and moves are banned\n|rule|Evasion Abilities Clause: Evasion abilities are banned\n|rule|Evasion Items Clause: Evasion items are banned\n|rule|Evasion Moves Clause: Evasion moves are banned\n|rule|Species Clause: Limit one of each Pok\u00e9mon\n|rule|Sleep Clause Mod: Limit one foe put to sleep\n|clearpoke\n|poke|p1|Volcarona, F|\n|poke|p1|Serperior, M|\n|poke|p1|Manaphy|\n|poke|p1|Clefable, F|\n|poke|p1|Skarmory, F|\n|poke|p1|Charizard, F|\n|poke|p2|Latios, M|\n|poke|p2|Buzzwole|\n|poke|p2|Gliscor, F|\n|poke|p2|Weavile, F|\n|poke|p2|Heatran, F|\n|poke|p2|Ogerpon-Wellspring, F|\n|teampreview\n|inactive|Battle timer is ON: inactive players will automatically lose when time's up. (requested by NidoKyng)\n|\n|t:|1700169009\n|start\n|switch|p1a: Skarmory|Skarmory, F, shiny|100\/100\n|switch|p2a: Heatran|Heatran, F|100\/100\n|turn|1\n|\n|t:|1700169015\n|move|p2a: Heatran|Stealth Rock|p1a: Skarmory\n|-sidestart|p1: NidoKyng|move: Stealth Rock\n|move|p1a: Skarmory|Stealth Rock|p2a: Heatran\n|-sidestart|p2: testing a funni3|move: Stealth Rock\n|\n|upkeep\n|turn|2\n|\n|t:|1700169019\n|move|p2a: Heatran|Magma Storm|p1a: Skarmory\n|-supereffective|p1a: Skarmory\n|-ability|p1a: Skarmory|Sturdy\n|-damage|p1a: Skarmory|1\/100\n|-activate|p1a: Skarmory|move: Magma Storm|[of] p2a: Heatran\n|move|p1a: Skarmory|Spikes|p2a: Heatran\n|-sidestart|p2: testing a funni3|Spikes\n|\n|-damage|p1a: Skarmory|0 fnt|[from] move: Magma Storm|[partiallytrapped]\n|faint|p1a: Skarmory\n|upkeep\n|\n|t:|1700169033\n|switch|p1a: Manaphy|Manaphy, shiny|100\/100\n|-damage|p1a: Manaphy|88\/100|[from] Stealth Rock\n|turn|3\n|\n|t:|1700169038\n|switch|p1a: Serperior|Serperior, M, shiny|100\/100\n|-damage|p1a: Serperior|88\/100|[from] Stealth Rock\n|move|p2a: Heatran|Taunt|p1a: Serperior\n|-start|p1a: Serperior|move: Taunt\n|\n|upkeep\n|turn|4\n|\n|t:|1700169044\n|switch|p1a: Manaphy|Manaphy, shiny|88\/100\n|-damage|p1a: Manaphy|76\/100|[from] Stealth Rock\n|move|p2a: Heatran|Magma Storm|p1a: Manaphy\n|-resisted|p1a: Manaphy\n|-damage|p1a: Manaphy|57\/100\n|-activate|p1a: Manaphy|move: Magma Storm|[of] p2a: Heatran\n|\n|-heal|p1a: Manaphy|63\/100|[from] item: Leftovers\n|-damage|p1a: Manaphy|51\/100|[from] move: Magma Storm|[partiallytrapped]\n|upkeep\n|turn|5\n|\n|t:|1700169048\n|move|p1a: Manaphy|Take Heart|p1a: Manaphy\n|-boost|p1a: Manaphy|spa|1\n|-boost|p1a: Manaphy|spd|1\n|move|p2a: Heatran|Taunt|p1a: Manaphy\n|-start|p1a: Manaphy|move: Taunt\n|\n|-heal|p1a: Manaphy|57\/100|[from] item: Leftovers\n|-damage|p1a: Manaphy|45\/100|[from] move: Magma Storm|[partiallytrapped]\n|upkeep\n|turn|6\n|\n|t:|1700169054\n|switch|p2a: Ogerpon|Ogerpon-Wellspring, F|100\/100\n|-damage|p2a: Ogerpon|88\/100|[from] Stealth Rock\n|-damage|p2a: Ogerpon|76\/100|[from] Spikes\n|move|p1a: Manaphy|Scald|p2a: Ogerpon\n|-heal|p2a: Ogerpon|100\/100|[from] ability: Water Absorb|[of] p1a: Manaphy\n|\n|-heal|p1a: Manaphy|51\/100|[from] item: Leftovers\n|-end|p1a: Manaphy|Magma Storm|[partiallytrapped]|[silent]\n|upkeep\n|turn|7\n|inactive|NidoKyng has 120 seconds left.\n|\n|t:|1700169094\n|switch|p1a: Serperior|Serperior, M, shiny|88\/100\n|-damage|p1a: Serperior|76\/100|[from] Stealth Rock\n|move|p2a: Ogerpon|Swords Dance|p2a: Ogerpon\n|-boost|p2a: Ogerpon|atk|2\n|\n|upkeep\n|turn|8\n|inactive|NidoKyng has 120 seconds left.\n|\n|t:|1700169112\n|move|p1a: Serperior|Leaf Storm|p2a: Ogerpon\n|-damage|p2a: Ogerpon|45\/100\n|-boost|p1a: Serperior|spa|2\n|move|p2a: Ogerpon|Play Rough|p1a: Serperior\n|-damage|p1a: Serperior|0 fnt\n|faint|p1a: Serperior\n|\n|upkeep\n|inactive|NidoKyng has 120 seconds left.\n|\n|t:|1700169145\n|switch|p1a: Clefable|Clefable, F|100\/100\n|turn|9\n|\n|t:|1700169153\n|-terastallize|p2a: Ogerpon|Water\n|detailschange|p2a: Ogerpon|Ogerpon-Wellspring-Tera, F, tera:Water\n|-ability|p2a: Ogerpon|Embody Aspect (Wellspring)|boost\n|-boost|p2a: Ogerpon|spd|1\n|move|p2a: Ogerpon|Ivy Cudgel|p1a: Clefable|[anim] Ivy Cudgel Water\n|-damage|p1a: Clefable|15\/100\n|move|p1a: Clefable|Cosmic Power|p1a: Clefable\n|-boost|p1a: Clefable|def|1\n|-boost|p1a: Clefable|spd|1\n|\n|upkeep\n|turn|10\n|\n|t:|1700169160\n|move|p2a: Ogerpon|Ivy Cudgel|p1a: Clefable|[anim] Ivy Cudgel Water\n|-damage|p1a: Clefable|0 fnt\n|faint|p1a: Clefable\n|\n|upkeep\n|\n|t:|1700169167\n|switch|p1a: Volcarona|Volcarona, F, shiny|100\/100\n|-damage|p1a: Volcarona|51\/100|[from] Stealth Rock\n|turn|11\n|\n|t:|1700169172\n|-terastallize|p1a: Volcarona|Grass\n|move|p2a: Ogerpon|Ivy Cudgel|p1a: Volcarona|[anim] Ivy Cudgel Water\n|-resisted|p1a: Volcarona\n|-damage|p1a: Volcarona|0 fnt\n|faint|p1a: Volcarona\n|\n|upkeep\n|\n|t:|1700169175\n|switch|p1a: Charizard|Charizard, F, shiny|100\/100\n|-damage|p1a: Charizard|51\/100|[from] Stealth Rock\n|turn|12\n|\n|t:|1700169178\n|detailschange|p1a: Charizard|Charizard-Mega-X, F, shiny\n|-mega|p1a: Charizard|Charizard|Charizardite X\n|move|p2a: Ogerpon|Ivy Cudgel|p1a: Charizard|[anim] Ivy Cudgel Water\n|-damage|p1a: Charizard|0 fnt\n|faint|p1a: Charizard\n|\n|upkeep\n|\n|t:|1700169180\n|switch|p1a: Manaphy|Manaphy, shiny|51\/100\n|-damage|p1a: Manaphy|39\/100|[from] Stealth Rock\n|turn|13\n|-message|NidoKyng forfeited.\n|\n|win|testing a funni3\n|raw|NidoKyng's rating: 1384 &rarr; <strong>1368<\/strong><br \/>(-16 for losing)\n|raw|testing a funni3's rating: 1463 &rarr; <strong>1479<\/strong><br \/>(+16 for winning)\n|l|\u2606NidoKyng\n","uploadtime":1700169189,"views":11,"p1id":"nidokyng","p2id":"testingafunni3","formatid":"gen9nationaldex","rating":1368,"private":0,"password":""}