{"id":"gen9nationaldex-1993831736","p1":"qedpob","p2":"soriano2003","format":"[Gen 9] National Dex","log":"|j|\u2606qedpob\n|j|\u2606soriano2003\n|t:|1700362741\n|gametype|singles\n|player|p1|qedpob|lucas|1109\n|player|p2|soriano2003|policeman-gen4|1080\n|teamsize|p1|6\n|teamsize|p2|6\n|gen|9\n|tier|[Gen 9] National Dex\n|rated|\n|rule|HP Percentage Mod: HP is shown in percentages\n|rule|Endless Battle Clause: Forcing endless battles is banned\n|rule|OHKO Clause: OHKO moves are banned\n|rule|Evasion Clause: Evasion abilities, items, and moves are banned\n|rule|Evasion Abilities Clause: Evasion abilities are banned\n|rule|Evasion Items Clause: Evasion items are banned\n|rule|Evasion Moves Clause: Evasion moves are banned\n|rule|Species Clause: Limit one of each Pok\u00e9mon\n|rule|Sleep Clause Mod: Limit one foe put to sleep\n|clearpoke\n|poke|p1|Hoopa-Unbound|\n|poke|p1|Sneasler, M|\n|poke|p1|Landorus-Therian, M|\n|poke|p1|Kommo-o, M|\n|poke|p1|Tapu Koko|\n|poke|p1|Scizor, M|\n|poke|p2|Hatterene, F|\n|poke|p2|Gallade, M|\n|poke|p2|Jirachi|\n|poke|p2|Farigiraf, M|\n|poke|p2|Wobbuffet, M|\n|poke|p2|Braviary-Hisui, M|\n|teampreview\n|\n|t:|1700362760\n|start\n|switch|p1a: Sneasler|Sneasler, M|100\/100\n|switch|p2a: Hatterene|Hatterene, F, shiny|100\/100\n|turn|1\n|\n|t:|1700362767\n|move|p1a: Sneasler|Dire Claw|p2a: Hatterene\n|-supereffective|p2a: Hatterene\n|-damage|p2a: Hatterene|25\/100\n|move|p2a: Hatterene|Psyshock|p1a: Sneasler\n|-supereffective|p1a: Sneasler\n|-crit|p1a: Sneasler\n|-damage|p1a: Sneasler|0 fnt\n|faint|p1a: Sneasler\n|\n|-heal|p2a: Hatterene|31\/100|[from] item: Leftovers\n|upkeep\n|\n|t:|1700362777\n|switch|p1a: Hoopa|Hoopa-Unbound|100\/100\n|turn|2\n|\n|t:|1700362782\n|move|p1a: Hoopa|Knock Off|p2a: Hatterene\n|-damage|p2a: Hatterene|0 fnt\n|-enditem|p2a: Hatterene|Leftovers|[from] move: Knock Off|[of] p1a: Hoopa\n|faint|p2a: Hatterene\n|-damage|p1a: Hoopa|91\/100|[from] item: Life Orb\n|\n|upkeep\n|\n|t:|1700362805\n|switch|p2a: Wobbuffet|Wobbuffet, M|100\/100\n|turn|3\n|\n|t:|1700362811\n|move|p1a: Hoopa|Knock Off|p2a: Wobbuffet\n|-supereffective|p2a: Wobbuffet\n|-damage|p2a: Wobbuffet|0 fnt\n|-enditem|p2a: Wobbuffet|Leftovers|[from] move: Knock Off|[of] p1a: Hoopa\n|faint|p2a: Wobbuffet\n|-damage|p1a: Hoopa|81\/100|[from] item: Life Orb\n|\n|upkeep\n|\n|t:|1700362819\n|switch|p2a: Gallade|Gallade, M, shiny|100\/100\n|turn|4\n|\n|t:|1700362824\n|detailschange|p2a: Gallade|Gallade-Mega, M, shiny\n|-mega|p2a: Gallade|Gallade|Galladite\n|move|p2a: Gallade|Drain Punch|p1a: Hoopa\n|-damage|p1a: Hoopa|0 fnt\n|faint|p1a: Hoopa\n|\n|upkeep\n|\n|t:|1700362845\n|switch|p1a: Tapu Koko|Tapu Koko|100\/100\n|-fieldstart|move: Electric Terrain|[from] ability: Electric Surge|[of] p1a: Tapu Koko\n|turn|5\n|\n|t:|1700362853\n|switch|p2a: Jirachi|Jirachi|100\/100\n|move|p1a: Tapu Koko|Dazzling Gleam|p2a: Jirachi\n|-resisted|p2a: Jirachi\n|-damage|p2a: Jirachi|84\/100\n|\n|upkeep\n|turn|6\n|\n|t:|1700362867\n|switch|p1a: Landorus|Landorus-Therian, M|100\/100\n|-ability|p1a: Landorus|Intimidate|boost\n|-unboost|p2a: Jirachi|atk|1\n|-zpower|p2a: Jirachi\n|move|p2a: Jirachi|Corkscrew Crash|p1a: Landorus|[zeffect]\n|-damage|p1a: Landorus|70\/100\n|\n|upkeep\n|turn|7\n|\n|t:|1700362882\n|move|p2a: Jirachi|Zen Headbutt|p1a: Landorus\n|-damage|p1a: Landorus|54\/100\n|-damage|p2a: Jirachi|67\/100|[from] item: Rocky Helmet|[of] p1a: Landorus\n|cant|p1a: Landorus|flinch\n|\n|upkeep\n|turn|8\n|\n|t:|1700362892\n|switch|p2a: Braviary|Braviary-Hisui, M|100\/100\n|move|p1a: Landorus|Earthquake|p2a: Braviary\n|-immune|p2a: Braviary\n|\n|upkeep\n|turn|9\n|\n|t:|1700362901\n|move|p2a: Braviary|Agility|p2a: Braviary\n|-boost|p2a: Braviary|spe|2\n|move|p1a: Landorus|U-turn|p2a: Braviary\n|-damage|p2a: Braviary|70\/100\n|\n|t:|1700362911\n|switch|p1a: Kommo-o|Kommo-o, M|100\/100|[from] U-turn\n|\n|-fieldend|move: Electric Terrain\n|upkeep\n|turn|10\n|\n|t:|1700362919\n|-terastallize|p2a: Braviary|Psychic\n|move|p2a: Braviary|Psychic|p1a: Kommo-o\n|-supereffective|p1a: Kommo-o\n|-damage|p1a: Kommo-o|0 fnt\n|faint|p1a: Kommo-o\n|\n|upkeep\n|\n|t:|1700362930\n|switch|p1a: Scizor|Scizor, M|100\/100\n|turn|11\n|\n|t:|1700362934\n|detailschange|p1a: Scizor|Scizor-Mega, M\n|-mega|p1a: Scizor|Scizor|Scizorite\n|move|p2a: Braviary|Heat Wave|p1a: Scizor\n|-supereffective|p1a: Scizor\n|-damage|p1a: Scizor|0 fnt\n|faint|p1a: Scizor\n|\n|upkeep\n|\n|t:|1700362939\n|switch|p1a: Tapu Koko|Tapu Koko|100\/100\n|-fieldstart|move: Electric Terrain|[from] ability: Electric Surge|[of] p1a: Tapu Koko\n|turn|12\n|\n|t:|1700362944\n|move|p2a: Braviary|Psychic|p1a: Tapu Koko\n|-damage|p1a: Tapu Koko|0 fnt\n|faint|p1a: Tapu Koko\n|\n|upkeep\n|\n|t:|1700362950\n|switch|p1a: Landorus|Landorus-Therian, M|54\/100\n|-ability|p1a: Landorus|Intimidate|boost\n|-unboost|p2a: Braviary|atk|1\n|turn|13\n|\n|t:|1700362954\n|move|p2a: Braviary|Psychic|p1a: Landorus\n|-damage|p1a: Landorus|0 fnt\n|faint|p1a: Landorus\n|\n|win|soriano2003\n|raw|qedpob's rating: 1109 &rarr; <strong>1082<\/strong><br \/>(-27 for losing)\n|raw|soriano2003's rating: 1080 &rarr; <strong>1110<\/strong><br \/>(+30 for winning)\n","uploadtime":1700362966,"views":7,"p1id":"qedpob","p2id":"soriano2003","formatid":"gen9nationaldex","rating":1082,"private":0,"password":""}