{"id":"gen9nationaldex-1988875204","p1":"Rankuroi","p2":"Impact star\u5c51\u62bf\u6212","format":"[Gen 9] National Dex","log":"|j|\u2606Rankuroi\n|j|\u2606Impact star\u5c51\u62bf\u6212\n|t:|1699778872\n|gametype|singles\n|player|p1|Rankuroi|erika|1173\n|player|p2|Impact star\u5c51\u62bf\u6212|courtney|1263\n|teamsize|p1|6\n|teamsize|p2|6\n|gen|9\n|tier|[Gen 9] National Dex\n|rated|\n|rule|HP Percentage Mod: HP is shown in percentages\n|rule|Endless Battle Clause: Forcing endless battles is banned\n|rule|OHKO Clause: OHKO moves are banned\n|rule|Evasion Clause: Evasion abilities, items, and moves are banned\n|rule|Evasion Abilities Clause: Evasion abilities are banned\n|rule|Evasion Items Clause: Evasion items are banned\n|rule|Evasion Moves Clause: Evasion moves are banned\n|rule|Species Clause: Limit one of each Pok\u00e9mon\n|rule|Sleep Clause Mod: Limit one foe put to sleep\n|clearpoke\n|poke|p1|Victreebel, M|\n|poke|p1|Torkoal, F|\n|poke|p1|Seaking, M|\n|poke|p1|Octillery, F|\n|poke|p1|Spiritomb, F|\n|poke|p1|Sunflora, M|\n|poke|p2|Iron Valiant|\n|poke|p2|Iron Leaves|\n|poke|p2|Rotom-Wash|\n|poke|p2|Tapu Koko|\n|poke|p2|Moltres|\n|poke|p2|Lopunny, M|\n|teampreview\n|inactive|Battle timer is ON: inactive players will automatically lose when time's up. (requested by Rankuroi)\n|inactive|Impact star\u5c51\u62bf\u6212 also wants the timer to be on.\n|\n|t:|1699778879\n|start\n|switch|p1a: Octillery|Octillery, F|100\/100\n|switch|p2a: Tapu Koko|Tapu Koko, shiny|100\/100\n|-fieldstart|move: Electric Terrain|[from] ability: Electric Surge|[of] p2a: Tapu Koko\n|turn|1\n|\n|t:|1699778887\n|switch|p1a: Seaking|Seaking, M|100\/100\n|move|p2a: Tapu Koko|Taunt|p1a: Seaking\n|-start|p1a: Seaking|move: Taunt\n|\n|upkeep\n|turn|2\n|\n|t:|1699778894\n|-zpower|p2a: Tapu Koko\n|move|p2a: Tapu Koko|Gigavolt Havoc|p1a: Seaking|[zeffect]\n|-ability|p1a: Seaking|Lightning Rod|boost\n|-boost|p1a: Seaking|spa|1\n|move|p1a: Seaking|Poison Jab|p2a: Tapu Koko\n|-supereffective|p2a: Tapu Koko\n|-damage|p2a: Tapu Koko|5\/100\n|-status|p2a: Tapu Koko|psn\n|-damage|p1a: Seaking|91\/100|[from] item: Life Orb\n|\n|-damage|p2a: Tapu Koko|0 fnt|[from] psn\n|faint|p2a: Tapu Koko\n|upkeep\n|\n|t:|1699778905\n|switch|p2a: Iron Leaves|Iron Leaves|100\/100\n|-activate|p2a: Iron Leaves|ability: Quark Drive\n|-start|p2a: Iron Leaves|quarkdriveatk\n|turn|3\n|\n|t:|1699778915\n|switch|p1a: Spiritomb|Spiritomb, F, shiny|100\/100\n|-terastallize|p2a: Iron Leaves|Steel\n|move|p2a: Iron Leaves|Trailblaze|p1a: Spiritomb\n|-damage|p1a: Spiritomb|55\/100\n|-boost|p2a: Iron Leaves|spe|1\n|-damage|p2a: Iron Leaves|91\/100|[from] item: Life Orb\n|\n|upkeep\n|turn|4\n|\n|t:|1699778925\n|move|p2a: Iron Leaves|Psyblade|p1a: Spiritomb\n|-immune|p1a: Spiritomb\n|move|p1a: Spiritomb|Foul Play|p2a: Iron Leaves\n|-damage|p2a: Iron Leaves|36\/100\n|\n|upkeep\n|turn|5\n|\n|t:|1699778931\n|move|p2a: Iron Leaves|Trailblaze|p1a: Spiritomb\n|-damage|p1a: Spiritomb|5\/100\n|-boost|p2a: Iron Leaves|spe|1\n|-damage|p2a: Iron Leaves|26\/100|[from] item: Life Orb\n|move|p1a: Spiritomb|Foul Play|p2a: Iron Leaves\n|-damage|p2a: Iron Leaves|0 fnt\n|faint|p2a: Iron Leaves\n|-end|p2a: Iron Leaves|Quark Drive|[silent]\n|\n|-fieldend|move: Electric Terrain\n|upkeep\n|\n|t:|1699778937\n|switch|p2a: Lopunny|Lopunny, M|100\/100\n|turn|6\n|\n|t:|1699778946\n|switch|p1a: Seaking|Seaking, M|91\/100\n|detailschange|p2a: Lopunny|Lopunny-Mega, M\n|-mega|p2a: Lopunny|Lopunny|Lopunnite\n|move|p2a: Lopunny|Fake Out|p1a: Seaking\n|-damage|p1a: Seaking|62\/100\n|\n|upkeep\n|turn|7\n|\n|t:|1699778955\n|move|p2a: Lopunny|Close Combat|p1a: Seaking\n|-damage|p1a: Seaking|0 fnt\n|-unboost|p2a: Lopunny|def|1\n|-unboost|p2a: Lopunny|spd|1\n|faint|p1a: Seaking\n|\n|upkeep\n|\n|t:|1699778961\n|switch|p1a: Sunflora|Sunflora, M, shiny|100\/100\n|turn|8\n|\n|t:|1699778970\n|-terastallize|p1a: Sunflora|Fairy\n|move|p2a: Lopunny|Triple Axel|p1a: Sunflora\n|-damage|p1a: Sunflora|91\/100\n|-damage|p1a: Sunflora|70\/100\n|-damage|p1a: Sunflora|40\/100\n|-hitcount|p1a: Sunflora|3\n|move|p1a: Sunflora|Dazzling Gleam|p2a: Lopunny\n|-supereffective|p2a: Lopunny\n|-damage|p2a: Lopunny|0 fnt\n|faint|p2a: Lopunny\n|\n|upkeep\n|\n|t:|1699778979\n|switch|p2a: Moltres|Moltres|100\/100\n|turn|9\n|\n|t:|1699778988\n|switch|p1a: Spiritomb|Spiritomb, F, shiny|5\/100\n|move|p2a: Moltres|Mystical Fire|p1a: Spiritomb\n|-damage|p1a: Spiritomb|0 fnt\n|faint|p1a: Spiritomb\n|\n|upkeep\n|\n|t:|1699778996\n|switch|p1a: Octillery|Octillery, F|100\/100\n|turn|10\n|\n|t:|1699779000\n|switch|p2a: Rotom|Rotom-Wash, shiny|100\/100\n|move|p1a: Octillery|Surf|p2a: Rotom\n|-resisted|p2a: Rotom\n|-damage|p2a: Rotom|80\/100\n|\n|-heal|p2a: Rotom|87\/100|[from] item: Leftovers\n|upkeep\n|turn|11\n|\n|t:|1699779008\n|move|p2a: Rotom|Will-O-Wisp|p1a: Octillery\n|-status|p1a: Octillery|brn\n|move|p1a: Octillery|Sludge Wave|p2a: Rotom\n|-crit|p2a: Rotom\n|-damage|p2a: Rotom|23\/100\n|\n|-heal|p2a: Rotom|29\/100|[from] item: Leftovers\n|-damage|p1a: Octillery|94\/100 brn|[from] brn\n|upkeep\n|turn|12\n|\n|t:|1699779018\n|switch|p1a: Torkoal|Torkoal, F, shiny|100\/100\n|-weather|SunnyDay|[from] ability: Drought|[of] p1a: Torkoal\n|move|p2a: Rotom|Volt Switch|p1a: Torkoal\n|-damage|p1a: Torkoal|72\/100\n|\n|t:|1699779023\n|switch|p2a: Moltres|Moltres|100\/100|[from] Volt Switch\n|\n|-weather|SunnyDay|[upkeep]\n|upkeep\n|turn|13\n|\n|t:|1699779030\n|move|p2a: Moltres|Scorching Sands|p1a: Torkoal\n|-supereffective|p1a: Torkoal\n|-damage|p1a: Torkoal|25\/100\n|move|p1a: Torkoal|Explosion|p2a: Moltres\n|-damage|p2a: Moltres|56\/100\n|faint|p1a: Torkoal\n|\n|-weather|SunnyDay|[upkeep]\n|upkeep\n|\n|t:|1699779040\n|switch|p1a: Victreebel|Victreebel, M, shiny|100\/100\n|turn|14\n|\n|t:|1699779044\n|move|p1a: Victreebel|Growth|p1a: Victreebel\n|-boost|p1a: Victreebel|atk|2\n|-boost|p1a: Victreebel|spa|2\n|move|p2a: Moltres|Roost|p2a: Moltres\n|-heal|p2a: Moltres|100\/100\n|-singleturn|p2a: Moltres|move: Roost\n|\n|-weather|SunnyDay|[upkeep]\n|upkeep\n|turn|15\n|\n|t:|1699779053\n|move|p1a: Victreebel|Sludge Bomb|p2a: Moltres\n|-damage|p2a: Moltres|22\/100\n|move|p2a: Moltres|Whirlwind|p1a: Victreebel\n|drag|p1a: Sunflora|Sunflora, M, shiny, tera:Fairy|40\/100\n|\n|-weather|SunnyDay|[upkeep]\n|-damage|p1a: Sunflora|28\/100|[from] ability: Solar Power|[of] p1a: Sunflora\n|upkeep\n|turn|16\n|\n|t:|1699779062\n|move|p2a: Moltres|Roost|p2a: Moltres\n|-heal|p2a: Moltres|72\/100\n|-singleturn|p2a: Moltres|move: Roost\n|move|p1a: Sunflora|Earth Power|p2a: Moltres\n|-supereffective|p2a: Moltres\n|-damage|p2a: Moltres|0 fnt\n|faint|p2a: Moltres\n|\n|-weather|SunnyDay|[upkeep]\n|-damage|p1a: Sunflora|16\/100|[from] ability: Solar Power|[of] p1a: Sunflora\n|upkeep\n|\n|t:|1699779067\n|switch|p2a: Rotom|Rotom-Wash, shiny|29\/100\n|turn|17\n|\n|t:|1699779078\n|move|p2a: Rotom|Hydro Pump|p1a: Sunflora\n|-damage|p1a: Sunflora|0 fnt\n|faint|p1a: Sunflora\n|\n|-weather|SunnyDay|[upkeep]\n|-heal|p2a: Rotom|36\/100|[from] item: Leftovers\n|upkeep\n|\n|t:|1699779085\n|switch|p1a: Victreebel|Victreebel, M, shiny|100\/100\n|turn|18\n|\n|t:|1699779089\n|move|p1a: Victreebel|Giga Drain|p2a: Rotom\n|-supereffective|p2a: Rotom\n|-damage|p2a: Rotom|0 fnt\n|faint|p2a: Rotom\n|\n|-weather|SunnyDay|[upkeep]\n|upkeep\n|\n|t:|1699779092\n|switch|p2a: Iron Valiant|Iron Valiant|100\/100\n|turn|19\n|\n|t:|1699779097\n|move|p1a: Victreebel|Sludge Bomb|p2a: Iron Valiant\n|-supereffective|p2a: Iron Valiant\n|-damage|p2a: Iron Valiant|0 fnt\n|faint|p2a: Iron Valiant\n|-end|p2a: Iron Valiant|Quark Drive|[silent]\n|\n|win|Rankuroi\n|raw|Rankuroi's rating: 1173 &rarr; <strong>1204<\/strong><br \/>(+31 for winning)\n|raw|Impact star\u5c51\u62bf\u6212's rating: 1263 &rarr; <strong>1232<\/strong><br \/>(-31 for losing)\n|l|\u2606Impact star\u5c51\u62bf\u6212\n|c|\u2606Rankuroi|Gg\n","uploadtime":1699779119,"views":6,"p1id":"rankuroi","p2id":"impactstar","formatid":"gen9nationaldex","rating":1204,"private":0,"password":""}