{"id":"gen9nationaldex-1993711406","p1":"bulbaboo","p2":"Arthandis","format":"[Gen 9] National Dex","log":"|j|\u2606bulbaboo\n|j|\u2606Arthandis\n|t:|1700348289\n|gametype|singles\n|player|p1|bulbaboo|265|1048\n|player|p2|Arthandis|drayden|1017\n|teamsize|p1|6\n|teamsize|p2|6\n|gen|9\n|tier|[Gen 9] National Dex\n|rated|\n|rule|HP Percentage Mod: HP is shown in percentages\n|rule|Endless Battle Clause: Forcing endless battles is banned\n|rule|OHKO Clause: OHKO moves are banned\n|rule|Evasion Clause: Evasion abilities, items, and moves are banned\n|rule|Evasion Abilities Clause: Evasion abilities are banned\n|rule|Evasion Items Clause: Evasion items are banned\n|rule|Evasion Moves Clause: Evasion moves are banned\n|rule|Species Clause: Limit one of each Pok\u00e9mon\n|rule|Sleep Clause Mod: Limit one foe put to sleep\n|clearpoke\n|poke|p1|Munkidori, M|\n|poke|p1|Slaking, M|\n|poke|p1|Venusaur, M|\n|poke|p1|Slowbro, M|\n|poke|p1|Snorlax, M|\n|poke|p1|Weezing, M|\n|poke|p2|Sandaconda, M|\n|poke|p2|Orthworm, M|\n|poke|p2|Serperior, F|\n|poke|p2|Gyarados, F|\n|poke|p2|Eelektross, M|\n|poke|p2|Dudunsparce-*, F|\n|teampreview\n|\n|t:|1700348303\n|start\n|switch|p1a: Chumlee|Snorlax, M|100\/100\n|switch|p2a: Orthworm|Orthworm, M|100\/100\n|turn|1\n|inactive|Battle timer is ON: inactive players will automatically lose when time's up. (requested by Arthandis)\n|\n|t:|1700348313\n|move|p2a: Orthworm|Iron Defense|p2a: Orthworm\n|-boost|p2a: Orthworm|def|2\n|move|p1a: Chumlee|Yawn|p2a: Orthworm\n|-start|p2a: Orthworm|move: Yawn|[of] p1a: Chumlee\n|\n|upkeep\n|turn|2\n|\n|t:|1700348323\n|switch|p1a: Carl Wheezer|Weezing, M, shiny|100\/100\n|move|p2a: Orthworm|Stealth Rock|p1a: Carl Wheezer\n|-sidestart|p1: bulbaboo|move: Stealth Rock\n|\n|-end|p2a: Orthworm|move: Yawn|[silent]\n|-status|p2a: Orthworm|slp\n|upkeep\n|turn|3\n|\n|t:|1700348336\n|cant|p2a: Orthworm|slp\n|move|p1a: Carl Wheezer|Haze|p1a: Carl Wheezer\n|-clearallboost\n|\n|upkeep\n|turn|4\n|\n|t:|1700348342\n|cant|p2a: Orthworm|slp\n|move|p1a: Carl Wheezer|Taunt|p2a: Orthworm\n|-start|p2a: Orthworm|move: Taunt\n|\n|upkeep\n|turn|5\n|\n|t:|1700348355\n|switch|p1a: Barney|Slowbro, M, shiny|100\/100\n|-damage|p1a: Barney|88\/100|[from] Stealth Rock\n|cant|p2a: Orthworm|slp\n|\n|-heal|p1a: Barney|94\/100|[from] item: Leftovers\n|upkeep\n|turn|6\n|\n|t:|1700348363\n|-curestatus|p2a: Orthworm|slp|[msg]\n|move|p2a: Orthworm|Iron Head|p1a: Barney\n|-resisted|p1a: Barney\n|-damage|p1a: Barney|84\/100\n|cant|p1a: Barney|flinch\n|\n|-heal|p1a: Barney|90\/100|[from] item: Leftovers\n|upkeep\n|turn|7\n|\n|t:|1700348371\n|switch|p2a: Eelektross|Eelektross, M|100\/100\n|move|p1a: Barney|Iron Defense|p1a: Barney\n|-boost|p1a: Barney|def|2\n|\n|-heal|p1a: Barney|96\/100|[from] item: Leftovers\n|upkeep\n|turn|8\n|\n|t:|1700348383\n|move|p2a: Eelektross|Volt Switch|p1a: Barney\n|-supereffective|p1a: Barney\n|-damage|p1a: Barney|28\/100\n|\n|t:|1700348391\n|switch|p2a: Gyarados|Gyarados, F|100\/100|[from] Volt Switch\n|-ability|p2a: Gyarados|Intimidate|boost\n|-unboost|p1a: Barney|atk|1\n|move|p1a: Barney|Body Press|p2a: Gyarados\n|-resisted|p2a: Gyarados\n|-damage|p2a: Gyarados|76\/100\n|\n|-heal|p1a: Barney|34\/100|[from] item: Leftovers\n|upkeep\n|turn|9\n|\n|t:|1700348409\n|-terastallize|p1a: Barney|Water\n|move|p2a: Gyarados|Crunch|p1a: Barney\n|-damage|p1a: Barney|22\/100\n|move|p1a: Barney|Thunder Wave|p2a: Gyarados\n|-status|p2a: Gyarados|par\n|\n|-heal|p1a: Barney|28\/100|[from] item: Leftovers\n|upkeep\n|turn|10\n|\n|t:|1700348422\n|move|p2a: Gyarados|Taunt|p1a: Barney\n|-start|p1a: Barney|move: Taunt\n|cant|p1a: Barney|move: Taunt|Iron Defense\n|\n|-heal|p1a: Barney|34\/100|[from] item: Leftovers\n|upkeep\n|turn|11\n|\n|t:|1700348444\n|switch|p2a: Serperior|Serperior, F|100\/100\n|move|p1a: Barney|Body Press|p2a: Serperior\n|-damage|p2a: Serperior|48\/100\n|\n|-heal|p2a: Serperior|54\/100|[from] item: Leftovers\n|-heal|p1a: Barney|40\/100|[from] item: Leftovers\n|upkeep\n|turn|12\n|\n|t:|1700348460\n|switch|p1a: Carl Wheezer|Weezing, M, shiny|100\/100\n|-damage|p1a: Carl Wheezer|88\/100|[from] Stealth Rock\n|move|p2a: Serperior|Leaf Storm|p1a: Carl Wheezer\n|-resisted|p1a: Carl Wheezer\n|-damage|p1a: Carl Wheezer|58\/100\n|-boost|p2a: Serperior|spa|2\n|\n|-heal|p2a: Serperior|61\/100|[from] item: Leftovers\n|-heal|p1a: Carl Wheezer|64\/100|[from] item: Black Sludge\n|upkeep\n|turn|13\n|\n|t:|1700348471\n|move|p2a: Serperior|Leaf Storm|p1a: Carl Wheezer\n|-resisted|p1a: Carl Wheezer\n|-damage|p1a: Carl Wheezer|4\/100\n|-boost|p2a: Serperior|spa|2\n|move|p1a: Carl Wheezer|Haze|p1a: Carl Wheezer\n|-clearallboost\n|\n|-heal|p2a: Serperior|67\/100|[from] item: Leftovers\n|-heal|p1a: Carl Wheezer|10\/100|[from] item: Black Sludge\n|upkeep\n|turn|14\n|\n|t:|1700348486\n|move|p2a: Serperior|Hidden Power|p1a: Carl Wheezer\n|-damage|p1a: Carl Wheezer|0 fnt\n|faint|p1a: Carl Wheezer\n|\n|-heal|p2a: Serperior|73\/100|[from] item: Leftovers\n|upkeep\n|\n|t:|1700348493\n|switch|p1a: Sunspots|Venusaur, M, shiny|100\/100\n|-damage|p1a: Sunspots|88\/100|[from] Stealth Rock\n|turn|15\n|\n|t:|1700348501\n|detailschange|p1a: Sunspots|Venusaur-Mega, M, shiny\n|-mega|p1a: Sunspots|Venusaur|Venusaurite\n|move|p2a: Serperior|Substitute|p2a: Serperior\n|-start|p2a: Serperior|Substitute\n|-damage|p2a: Serperior|48\/100\n|move|p1a: Sunspots|Earth Power|p2a: Serperior\n|-resisted|p2a: Serperior\n|-activate|p2a: Serperior|move: Substitute|[damage]\n|\n|-heal|p2a: Serperior|54\/100|[from] item: Leftovers\n|upkeep\n|turn|16\n|\n|t:|1700348517\n|switch|p1a: Mr. Mackey|Munkidori, M|100\/100\n|move|p2a: Serperior|Leaf Storm|p1a: Mr. Mackey\n|-resisted|p1a: Mr. Mackey\n|-damage|p1a: Mr. Mackey|71\/100\n|-boost|p2a: Serperior|spa|2\n|\n|-heal|p2a: Serperior|61\/100|[from] item: Leftovers\n|upkeep\n|turn|17\n|\n|t:|1700348527\n|move|p2a: Serperior|Glare|p1a: Mr. Mackey\n|-status|p1a: Mr. Mackey|par\n|move|p1a: Mr. Mackey|Sludge Wave|p2a: Serperior\n|-supereffective|p2a: Serperior\n|-end|p2a: Serperior|Substitute\n|\n|-heal|p2a: Serperior|67\/100|[from] item: Leftovers\n|upkeep\n|turn|18\n|\n|t:|1700348535\n|-terastallize|p2a: Serperior|Water\n|move|p2a: Serperior|Leaf Storm|p1a: Mr. Mackey\n|-resisted|p1a: Mr. Mackey\n|-damage|p1a: Mr. Mackey|15\/100 par\n|-boost|p2a: Serperior|spa|2\n|move|p1a: Mr. Mackey|Sludge Wave|p2a: Serperior\n|-damage|p2a: Serperior|10\/100\n|-status|p2a: Serperior|tox|[from] ability: Toxic Chain|[of] p1a: Mr. Mackey\n|\n|-heal|p2a: Serperior|16\/100 tox|[from] item: Leftovers\n|-damage|p2a: Serperior|10\/100 tox|[from] psn\n|upkeep\n|turn|19\n|\n|t:|1700348549\n|move|p2a: Serperior|Leaf Storm|p1a: Mr. Mackey\n|-resisted|p1a: Mr. Mackey\n|-damage|p1a: Mr. Mackey|0 fnt\n|-boost|p2a: Serperior|spa|2\n|faint|p1a: Mr. Mackey\n|\n|-heal|p2a: Serperior|16\/100 tox|[from] item: Leftovers\n|-damage|p2a: Serperior|4\/100 tox|[from] psn\n|upkeep\n|\n|t:|1700348564\n|switch|p1a: Sunspots|Venusaur-Mega, M, shiny|88\/100\n|-damage|p1a: Sunspots|76\/100|[from] Stealth Rock\n|turn|20\n|\n|t:|1700348569\n|move|p2a: Serperior|Hidden Power|p1a: Sunspots\n|-supereffective|p1a: Sunspots\n|-damage|p1a: Sunspots|17\/100\n|move|p1a: Sunspots|Synthesis|p1a: Sunspots\n|-heal|p1a: Sunspots|67\/100\n|\n|-heal|p2a: Serperior|10\/100 tox|[from] item: Leftovers\n|-damage|p2a: Serperior|0 fnt|[from] psn\n|faint|p2a: Serperior\n|upkeep\n|\n|t:|1700348594\n|switch|p2a: Dudunsparce|Dudunsparce, F|100\/100\n|turn|21\n|\n|t:|1700348601\n|switch|p2a: Gyarados|Gyarados, F|76\/100 par\n|-ability|p2a: Gyarados|Intimidate|boost\n|-unboost|p1a: Sunspots|atk|1\n|move|p1a: Sunspots|Leech Seed|p2a: Gyarados\n|-start|p2a: Gyarados|move: Leech Seed\n|\n|-damage|p2a: Gyarados|64\/100 par|[from] Leech Seed|[of] p1a: Sunspots\n|-heal|p1a: Sunspots|80\/100|[silent]\n|upkeep\n|turn|22\n|\n|t:|1700348616\n|move|p1a: Sunspots|Giga Drain|p2a: Gyarados\n|-damage|p2a: Gyarados|24\/100 par\n|-heal|p1a: Sunspots|100\/100|[from] drain|[of] p2a: Gyarados\n|move|p2a: Gyarados|Taunt|p1a: Sunspots\n|-start|p1a: Sunspots|move: Taunt\n|\n|-damage|p2a: Gyarados|12\/100 par|[from] Leech Seed|[of] p1a: Sunspots\n|upkeep\n|turn|23\n|\n|t:|1700348625\n|move|p1a: Sunspots|Giga Drain|p2a: Gyarados\n|-damage|p2a: Gyarados|0 fnt\n|faint|p2a: Gyarados\n|\n|upkeep\n|\n|t:|1700348632\n|switch|p2a: Dudunsparce|Dudunsparce, F|100\/100\n|turn|24\n|\n|t:|1700348637\n|move|p1a: Sunspots|Giga Drain|p2a: Dudunsparce\n|-damage|p2a: Dudunsparce|64\/100\n|move|p2a: Dudunsparce|Calm Mind|p2a: Dudunsparce\n|-boost|p2a: Dudunsparce|spa|1\n|-boost|p2a: Dudunsparce|spd|1\n|\n|-heal|p2a: Dudunsparce|70\/100|[from] item: Leftovers\n|upkeep\n|turn|25\n|\n|t:|1700348646\n|move|p1a: Sunspots|Giga Drain|p2a: Dudunsparce\n|-damage|p2a: Dudunsparce|48\/100\n|move|p2a: Dudunsparce|Calm Mind|p2a: Dudunsparce\n|-boost|p2a: Dudunsparce|spa|1\n|-boost|p2a: Dudunsparce|spd|1\n|\n|-heal|p2a: Dudunsparce|54\/100|[from] item: Leftovers\n|-end|p1a: Sunspots|move: Taunt\n|upkeep\n|turn|26\n|\n|t:|1700348656\n|move|p1a: Sunspots|Leech Seed|p2a: Dudunsparce\n|-start|p2a: Dudunsparce|move: Leech Seed\n|move|p2a: Dudunsparce|Roost|p2a: Dudunsparce\n|-heal|p2a: Dudunsparce|100\/100\n|-singleturn|p2a: Dudunsparce|move: Roost\n|\n|-damage|p2a: Dudunsparce|88\/100|[from] Leech Seed|[of] p1a: Sunspots\n|upkeep\n|turn|27\n|\n|t:|1700348668\n|move|p1a: Sunspots|Giga Drain|p2a: Dudunsparce\n|-damage|p2a: Dudunsparce|69\/100\n|move|p2a: Dudunsparce|Calm Mind|p2a: Dudunsparce\n|-boost|p2a: Dudunsparce|spa|1\n|-boost|p2a: Dudunsparce|spd|1\n|\n|-heal|p2a: Dudunsparce|76\/100|[from] item: Leftovers\n|-damage|p2a: Dudunsparce|63\/100|[from] Leech Seed|[of] p1a: Sunspots\n|upkeep\n|turn|28\n|\n|t:|1700348678\n|switch|p1a: Chumlee|Snorlax, M|100\/100\n|-damage|p1a: Chumlee|88\/100|[from] Stealth Rock\n|move|p2a: Dudunsparce|Boomburst|p1a: Chumlee\n|-damage|p1a: Chumlee|44\/100\n|-enditem|p1a: Chumlee|Ganlon Berry|[eat]\n|-boost|p1a: Chumlee|def|1|[from] item: Ganlon Berry\n|\n|-heal|p2a: Dudunsparce|69\/100|[from] item: Leftovers\n|-damage|p2a: Dudunsparce|57\/100|[from] Leech Seed|[of] p1a: Chumlee\n|-heal|p1a: Chumlee|55\/100|[silent]\n|upkeep\n|turn|29\n|\n|t:|1700348694\n|move|p2a: Dudunsparce|Boomburst|p1a: Chumlee\n|-damage|p1a: Chumlee|12\/100\n|move|p1a: Chumlee|Yawn|p2a: Dudunsparce\n|-start|p2a: Dudunsparce|move: Yawn|[of] p1a: Chumlee\n|\n|-heal|p2a: Dudunsparce|63\/100|[from] item: Leftovers\n|-damage|p2a: Dudunsparce|51\/100|[from] Leech Seed|[of] p1a: Chumlee\n|-heal|p1a: Chumlee|22\/100|[silent]\n|upkeep\n|turn|30\n|\n|t:|1700348704\n|switch|p1a: Barney|Slowbro, M, shiny, tera:Water|74\/100\n|-damage|p1a: Barney|61\/100|[from] Stealth Rock\n|move|p2a: Dudunsparce|Boomburst|p1a: Barney\n|-damage|p1a: Barney|0 fnt\n|faint|p1a: Barney\n|\n|-heal|p2a: Dudunsparce|57\/100|[from] item: Leftovers\n|-end|p2a: Dudunsparce|move: Yawn|[silent]\n|-status|p2a: Dudunsparce|slp\n|upkeep\n|\n|t:|1700348714\n|switch|p1a: Chumlee|Snorlax, M|22\/100\n|-damage|p1a: Chumlee|10\/100|[from] Stealth Rock\n|turn|31\n|\n|t:|1700348719\n|switch|p2a: Eelektross|Eelektross, M|100\/100\n|move|p1a: Chumlee|Body Press|p2a: Eelektross\n|-damage|p2a: Eelektross|86\/100\n|\n|upkeep\n|turn|32\n|\n|t:|1700348725\n|move|p2a: Eelektross|Volt Switch|p1a: Chumlee\n|-damage|p1a: Chumlee|0 fnt\n|faint|p1a: Chumlee\n|\n|t:|1700348734\n|switch|p2a: Orthworm|Orthworm, M|100\/100|[from] Volt Switch\n|\n|upkeep\n|\n|t:|1700348738\n|switch|p1a: Big \u2018Un|Slaking, M|100\/100\n|-damage|p1a: Big \u2018Un|88\/100|[from] Stealth Rock\n|turn|33\n|\n|t:|1700348745\n|move|p1a: Big \u2018Un|Drain Punch|p2a: Orthworm\n|-supereffective|p2a: Orthworm\n|-damage|p2a: Orthworm|47\/100\n|-heal|p1a: Big \u2018Un|100\/100|[from] drain|[of] p2a: Orthworm\n|-enditem|p2a: Orthworm|Sitrus Berry|[eat]\n|-heal|p2a: Orthworm|72\/100|[from] item: Sitrus Berry\n|move|p2a: Orthworm|Body Press|p1a: Big \u2018Un\n|-supereffective|p1a: Big \u2018Un\n|-damage|p1a: Big \u2018Un|51\/100\n|\n|upkeep\n|turn|34\n|\n|t:|1700348756\n|cant|p1a: Big \u2018Un|ability: Truant\n|move|p2a: Orthworm|Iron Defense|p2a: Orthworm\n|-boost|p2a: Orthworm|def|2\n|\n|upkeep\n|turn|35\n|\n|t:|1700348761\n|move|p1a: Big \u2018Un|Drain Punch|p2a: Orthworm\n|-supereffective|p2a: Orthworm\n|-damage|p2a: Orthworm|44\/100\n|-heal|p1a: Big \u2018Un|61\/100|[from] drain|[of] p2a: Orthworm\n|move|p2a: Orthworm|Body Press|p1a: Big \u2018Un\n|-supereffective|p1a: Big \u2018Un\n|-damage|p1a: Big \u2018Un|0 fnt\n|faint|p1a: Big \u2018Un\n|\n|upkeep\n|\n|t:|1700348770\n|switch|p1a: Sunspots|Venusaur-Mega, M, shiny|100\/100\n|-damage|p1a: Sunspots|88\/100|[from] Stealth Rock\n|turn|36\n|\n|t:|1700348775\n|move|p1a: Sunspots|Earth Power|p2a: Orthworm\n|-heal|p2a: Orthworm|69\/100|[from] ability: Earth Eater|[of] p1a: Sunspots\n|move|p2a: Orthworm|Body Press|p1a: Sunspots\n|-resisted|p1a: Sunspots\n|-damage|p1a: Sunspots|54\/100\n|\n|upkeep\n|turn|37\n|\n|t:|1700348784\n|move|p1a: Sunspots|Leech Seed|p2a: Orthworm\n|-start|p2a: Orthworm|move: Leech Seed\n|move|p2a: Orthworm|Body Press|p1a: Sunspots\n|-resisted|p1a: Sunspots\n|-damage|p1a: Sunspots|22\/100\n|\n|-damage|p2a: Orthworm|57\/100|[from] Leech Seed|[of] p1a: Sunspots\n|-heal|p1a: Sunspots|36\/100|[silent]\n|upkeep\n|turn|38\n|\n|t:|1700348792\n|move|p1a: Sunspots|Synthesis|p1a: Sunspots\n|-heal|p1a: Sunspots|86\/100\n|move|p2a: Orthworm|Iron Defense|p2a: Orthworm\n|-boost|p2a: Orthworm|def|2\n|\n|-damage|p2a: Orthworm|45\/100|[from] Leech Seed|[of] p1a: Sunspots\n|-heal|p1a: Sunspots|99\/100|[silent]\n|upkeep\n|turn|39\n|\n|t:|1700348799\n|move|p1a: Sunspots|Giga Drain|p2a: Orthworm\n|-resisted|p2a: Orthworm\n|-damage|p2a: Orthworm|14\/100\n|-heal|p1a: Sunspots|100\/100|[from] drain|[of] p2a: Orthworm\n|move|p2a: Orthworm|Body Press|p1a: Sunspots\n|-resisted|p1a: Sunspots\n|-damage|p1a: Sunspots|52\/100\n|\n|-damage|p2a: Orthworm|1\/100|[from] Leech Seed|[of] p1a: Sunspots\n|-heal|p1a: Sunspots|66\/100|[silent]\n|upkeep\n|turn|40\n|\n|t:|1700348812\n|move|p1a: Sunspots|Synthesis|p1a: Sunspots\n|-heal|p1a: Sunspots|100\/100\n|move|p2a: Orthworm|Body Press|p1a: Sunspots\n|-resisted|p1a: Sunspots\n|-damage|p1a: Sunspots|54\/100\n|\n|-damage|p2a: Orthworm|0 fnt|[from] Leech Seed|[of] p1a: Sunspots\n|-heal|p1a: Sunspots|55\/100|[silent]\n|faint|p2a: Orthworm\n|upkeep\n|\n|t:|1700348822\n|switch|p2a: Eelektross|Eelektross, M|86\/100\n|turn|41\n|\n|t:|1700348830\n|move|p1a: Sunspots|Giga Drain|p2a: Eelektross\n|-damage|p2a: Eelektross|46\/100\n|-heal|p1a: Sunspots|79\/100|[from] drain|[of] p2a: Eelektross\n|move|p2a: Eelektross|Flamethrower|p1a: Sunspots\n|-supereffective|p1a: Sunspots\n|-damage|p1a: Sunspots|36\/100\n|\n|upkeep\n|turn|42\n|\n|t:|1700348838\n|move|p1a: Sunspots|Giga Drain|p2a: Eelektross\n|-damage|p2a: Eelektross|6\/100\n|-heal|p1a: Sunspots|62\/100|[from] drain|[of] p2a: Eelektross\n|move|p2a: Eelektross|Flamethrower|p1a: Sunspots\n|-supereffective|p1a: Sunspots\n|-damage|p1a: Sunspots|17\/100\n|\n|upkeep\n|turn|43\n|\n|t:|1700348846\n|move|p1a: Sunspots|Giga Drain|p2a: Eelektross\n|-damage|p2a: Eelektross|0 fnt\n|-heal|p1a: Sunspots|20\/100|[from] drain|[of] p2a: Eelektross\n|faint|p2a: Eelektross\n|\n|upkeep\n|\n|t:|1700348852\n|switch|p2a: Dudunsparce|Dudunsparce, F|57\/100 slp\n|turn|44\n|\n|t:|1700348855\n|move|p1a: Sunspots|Synthesis|p1a: Sunspots\n|-heal|p1a: Sunspots|70\/100\n|cant|p2a: Dudunsparce|slp\n|\n|-heal|p2a: Dudunsparce|63\/100 slp|[from] item: Leftovers\n|upkeep\n|turn|45\n|\n|t:|1700348862\n|move|p1a: Sunspots|Leech Seed|p2a: Dudunsparce\n|-start|p2a: Dudunsparce|move: Leech Seed\n|cant|p2a: Dudunsparce|slp\n|\n|-heal|p2a: Dudunsparce|69\/100 slp|[from] item: Leftovers\n|-damage|p2a: Dudunsparce|57\/100 slp|[from] Leech Seed|[of] p1a: Sunspots\n|-heal|p1a: Sunspots|89\/100|[silent]\n|upkeep\n|turn|46\n|\n|t:|1700348870\n|move|p1a: Sunspots|Giga Drain|p2a: Dudunsparce\n|-crit|p2a: Dudunsparce\n|-damage|p2a: Dudunsparce|7\/100 slp\n|-heal|p1a: Sunspots|100\/100|[from] drain|[of] p2a: Dudunsparce\n|-curestatus|p2a: Dudunsparce|slp|[msg]\n|move|p2a: Dudunsparce|Roost|p2a: Dudunsparce\n|-heal|p2a: Dudunsparce|57\/100\n|-singleturn|p2a: Dudunsparce|move: Roost\n|\n|-heal|p2a: Dudunsparce|63\/100|[from] item: Leftovers\n|-damage|p2a: Dudunsparce|51\/100|[from] Leech Seed|[of] p1a: Sunspots\n|upkeep\n|turn|47\n|\n|t:|1700348881\n|move|p1a: Sunspots|Giga Drain|p2a: Dudunsparce\n|-damage|p2a: Dudunsparce|13\/100\n|move|p2a: Dudunsparce|Roost|p2a: Dudunsparce\n|-heal|p2a: Dudunsparce|63\/100\n|-singleturn|p2a: Dudunsparce|move: Roost\n|\n|-heal|p2a: Dudunsparce|69\/100|[from] item: Leftovers\n|-damage|p2a: Dudunsparce|57\/100|[from] Leech Seed|[of] p1a: Sunspots\n|upkeep\n|turn|48\n|\n|t:|1700348891\n|move|p1a: Sunspots|Earth Power|p2a: Dudunsparce\n|-damage|p2a: Dudunsparce|27\/100\n|-unboost|p2a: Dudunsparce|spd|1\n|move|p2a: Dudunsparce|Roost|p2a: Dudunsparce\n|-heal|p2a: Dudunsparce|77\/100\n|-singleturn|p2a: Dudunsparce|move: Roost\n|\n|-heal|p2a: Dudunsparce|84\/100|[from] item: Leftovers\n|-damage|p2a: Dudunsparce|71\/100|[from] Leech Seed|[of] p1a: Sunspots\n|upkeep\n|turn|49\n|\n|t:|1700348901\n|switch|p2a: Sandaconda|Sandaconda, M|100\/100\n|move|p1a: Sunspots|Earth Power|p2a: Sandaconda\n|-damage|p2a: Sandaconda|60\/100\n|-unboost|p2a: Sandaconda|spd|1\n|\n|-heal|p2a: Sandaconda|66\/100|[from] item: Leftovers\n|upkeep\n|turn|50\n|\n|t:|1700348911\n|move|p1a: Sunspots|Giga Drain|p2a: Sandaconda\n|-supereffective|p2a: Sandaconda\n|-damage|p2a: Sandaconda|0 fnt\n|faint|p2a: Sandaconda\n|\n|upkeep\n|\n|t:|1700348915\n|switch|p2a: Dudunsparce|Dudunsparce, F|71\/100\n|turn|51\n|\n|t:|1700348919\n|move|p1a: Sunspots|Earth Power|p2a: Dudunsparce\n|-damage|p2a: Dudunsparce|41\/100\n|move|p2a: Dudunsparce|Calm Mind|p2a: Dudunsparce\n|-boost|p2a: Dudunsparce|spa|1\n|-boost|p2a: Dudunsparce|spd|1\n|\n|-heal|p2a: Dudunsparce|48\/100|[from] item: Leftovers\n|upkeep\n|turn|52\n|\n|t:|1700348927\n|move|p1a: Sunspots|Leech Seed|p2a: Dudunsparce\n|-start|p2a: Dudunsparce|move: Leech Seed\n|move|p2a: Dudunsparce|Roost|p2a: Dudunsparce\n|-heal|p2a: Dudunsparce|98\/100\n|-singleturn|p2a: Dudunsparce|move: Roost\n|\n|-heal|p2a: Dudunsparce|100\/100|[from] item: Leftovers\n|-damage|p2a: Dudunsparce|88\/100|[from] Leech Seed|[of] p1a: Sunspots\n|upkeep\n|turn|53\n|\n|t:|1700348935\n|move|p1a: Sunspots|Earth Power|p2a: Dudunsparce\n|-damage|p2a: Dudunsparce|70\/100\n|move|p2a: Dudunsparce|Calm Mind|p2a: Dudunsparce\n|-boost|p2a: Dudunsparce|spa|1\n|-boost|p2a: Dudunsparce|spd|1\n|\n|-heal|p2a: Dudunsparce|76\/100|[from] item: Leftovers\n|-damage|p2a: Dudunsparce|64\/100|[from] Leech Seed|[of] p1a: Sunspots\n|upkeep\n|turn|54\n|\n|t:|1700348944\n|move|p1a: Sunspots|Earth Power|p2a: Dudunsparce\n|-damage|p2a: Dudunsparce|49\/100\n|move|p2a: Dudunsparce|Calm Mind|p2a: Dudunsparce\n|-boost|p2a: Dudunsparce|spa|1\n|-boost|p2a: Dudunsparce|spd|1\n|\n|-heal|p2a: Dudunsparce|55\/100|[from] item: Leftovers\n|-damage|p2a: Dudunsparce|43\/100|[from] Leech Seed|[of] p1a: Sunspots\n|upkeep\n|turn|55\n|\n|t:|1700348953\n|move|p1a: Sunspots|Earth Power|p2a: Dudunsparce\n|-damage|p2a: Dudunsparce|31\/100\n|move|p2a: Dudunsparce|Roost|p2a: Dudunsparce\n|-heal|p2a: Dudunsparce|81\/100\n|-singleturn|p2a: Dudunsparce|move: Roost\n|\n|-heal|p2a: Dudunsparce|88\/100|[from] item: Leftovers\n|-damage|p2a: Dudunsparce|75\/100|[from] Leech Seed|[of] p1a: Sunspots\n|upkeep\n|turn|56\n|\n|t:|1700348962\n|move|p1a: Sunspots|Earth Power|p2a: Dudunsparce\n|-damage|p2a: Dudunsparce|63\/100\n|-unboost|p2a: Dudunsparce|spd|1\n|move|p2a: Dudunsparce|Calm Mind|p2a: Dudunsparce\n|-boost|p2a: Dudunsparce|spa|1\n|-boost|p2a: Dudunsparce|spd|1\n|\n|-heal|p2a: Dudunsparce|69\/100|[from] item: Leftovers\n|-damage|p2a: Dudunsparce|57\/100|[from] Leech Seed|[of] p1a: Sunspots\n|upkeep\n|turn|57\n|\n|t:|1700348972\n|move|p1a: Sunspots|Earth Power|p2a: Dudunsparce\n|-damage|p2a: Dudunsparce|46\/100\n|move|p2a: Dudunsparce|Calm Mind|p2a: Dudunsparce\n|-boost|p2a: Dudunsparce|spa|1\n|-boost|p2a: Dudunsparce|spd|1\n|\n|-heal|p2a: Dudunsparce|52\/100|[from] item: Leftovers\n|-damage|p2a: Dudunsparce|40\/100|[from] Leech Seed|[of] p1a: Sunspots\n|upkeep\n|turn|58\n|\n|t:|1700348981\n|move|p1a: Sunspots|Earth Power|p2a: Dudunsparce\n|-damage|p2a: Dudunsparce|30\/100\n|move|p2a: Dudunsparce|Roost|p2a: Dudunsparce\n|-heal|p2a: Dudunsparce|80\/100\n|-singleturn|p2a: Dudunsparce|move: Roost\n|\n|-heal|p2a: Dudunsparce|87\/100|[from] item: Leftovers\n|-damage|p2a: Dudunsparce|74\/100|[from] Leech Seed|[of] p1a: Sunspots\n|upkeep\n|turn|59\n|\n|t:|1700348990\n|move|p1a: Sunspots|Earth Power|p2a: Dudunsparce\n|-damage|p2a: Dudunsparce|65\/100\n|move|p2a: Dudunsparce|Boomburst|p1a: Sunspots\n|-damage|p1a: Sunspots|0 fnt\n|faint|p1a: Sunspots\n|\n|win|Arthandis\n|raw|bulbaboo's rating: 1048 &rarr; <strong>1029<\/strong><br \/>(-19 for losing)\n|raw|Arthandis's rating: 1017 &rarr; <strong>1058<\/strong><br \/>(+41 for winning)\n|c|\u2606Arthandis|gg\n|c|\u2606bulbaboo|gg\n","uploadtime":1700349004,"views":7,"p1id":"bulbaboo","p2id":"arthandis","formatid":"gen9nationaldex","rating":1029,"private":0,"password":""}