{"id":"gen9nationaldex-1996819301","p1":"AbattaMondialBeton","p2":"weijinkedaya","format":"[Gen 9] National Dex","log":"|html|<div class=\"broadcast-blue\"><strong>[Gen 9] National Dex is currently suspecting Sneasler! For information on how to participate check out the <a href=\"https:\/\/www.smogon.com\/forums\/threads\/sv-national-dex-suspect-8-just-dance.3731534\/\">suspect thread<\/a>.<\/strong><\/div>\n|j|\u2606AbattaMondialBeton\n|j|\u2606weijinkedaya\n|t:|1700730483\n|gametype|singles\n|player|p1|AbattaMondialBeton|pokekid|1798\n|player|p2|weijinkedaya|misty-masters|1894\n|teamsize|p1|6\n|teamsize|p2|6\n|gen|9\n|tier|[Gen 9] National Dex\n|rated|\n|rule|HP Percentage Mod: HP is shown in percentages\n|rule|Endless Battle Clause: Forcing endless battles is banned\n|rule|OHKO Clause: OHKO moves are banned\n|rule|Evasion Clause: Evasion abilities, items, and moves are banned\n|rule|Evasion Abilities Clause: Evasion abilities are banned\n|rule|Evasion Items Clause: Evasion items are banned\n|rule|Evasion Moves Clause: Evasion moves are banned\n|rule|Species Clause: Limit one of each Pok\u00e9mon\n|rule|Sleep Clause Mod: Limit one foe put to sleep\n|clearpoke\n|poke|p1|Chansey, F|\n|poke|p1|Greninja-*, M|\n|poke|p1|Corviknight, F|\n|poke|p1|Diggersby, F|\n|poke|p1|Garchomp, F|\n|poke|p1|Dondozo, F|\n|poke|p2|Latias, F|\n|poke|p2|Grimmsnarl, M|\n|poke|p2|Jirachi|\n|poke|p2|Garchomp, M|\n|poke|p2|Ogerpon-Wellspring, F|\n|poke|p2|Tornadus-Therian, M|\n|teampreview\n|inactive|Battle timer is ON: inactive players will automatically lose when time's up. (requested by AbattaMondialBeton)\n|\n|t:|1700730498\n|start\n|switch|p1a: Diggersby|Diggersby, F, shiny|100\/100\n|switch|p2a: \u6076\u884c\u6613\u65bd|Grimmsnarl, M|100\/100\n|turn|1\n|\n|t:|1700730506\n|-terastallize|p1a: Diggersby|Normal\n|move|p2a: \u6076\u884c\u6613\u65bd|Reflect|p2a: \u6076\u884c\u6613\u65bd\n|-sidestart|p2: weijinkedaya|Reflect\n|move|p1a: Diggersby|Frustration|p2a: \u6076\u884c\u6613\u65bd\n|-damage|p2a: \u6076\u884c\u6613\u65bd|48\/100\n|\n|upkeep\n|turn|2\n|\n|t:|1700730513\n|switch|p2a: \u9a87\u4eba\u6076\u517d|Garchomp, M|100\/100\n|move|p1a: Diggersby|Frustration|p2a: \u9a87\u4eba\u6076\u517d\n|-damage|p2a: \u9a87\u4eba\u6076\u517d|47\/100\n|-damage|p1a: Diggersby|88\/100|[from] ability: Rough Skin|[of] p2a: \u9a87\u4eba\u6076\u517d\n|-damage|p1a: Diggersby|71\/100|[from] item: Rocky Helmet|[of] p2a: \u9a87\u4eba\u6076\u517d\n|\n|upkeep\n|turn|3\n|\n|t:|1700730529\n|switch|p1a: Corviknight|Corviknight, F|100\/100\n|-ability|p1a: Corviknight|Pressure\n|move|p2a: \u9a87\u4eba\u6076\u517d|Stealth Rock|p1a: Corviknight\n|-sidestart|p1: AbattaMondialBeton|move: Stealth Rock\n|\n|upkeep\n|turn|4\n|\n|t:|1700730537\n|switch|p2a: \u76d6\u5e03\u795e|Ogerpon-Wellspring, F|100\/100\n|move|p1a: Corviknight|Defog|p2a: \u76d6\u5e03\u795e\n|-unboost|p2a: \u76d6\u5e03\u795e|evasion|1\n|-sideend|p2: weijinkedaya|Reflect\n|-sideend|p1: AbattaMondialBeton|Stealth Rock|[from] move: Defog|[of] p1a: Corviknight\n|\n|upkeep\n|turn|5\n|\n|t:|1700730546\n|move|p2a: \u76d6\u5e03\u795e|Substitute|p2a: \u76d6\u5e03\u795e\n|-start|p2a: \u76d6\u5e03\u795e|Substitute\n|-damage|p2a: \u76d6\u5e03\u795e|76\/100\n|move|p1a: Corviknight|U-turn|p2a: \u76d6\u5e03\u795e\n|-supereffective|p2a: \u76d6\u5e03\u795e\n|-end|p2a: \u76d6\u5e03\u795e|Substitute\n|\n|t:|1700730554\n|switch|p1a: Garchomp|Garchomp, F, shiny|100\/100|[from] U-turn\n|\n|upkeep\n|turn|6\n|\n|t:|1700730568\n|switch|p1a: Corviknight|Corviknight, F|100\/100\n|-ability|p1a: Corviknight|Pressure\n|switch|p2a: \u5ba1\u5224|Jirachi, shiny|100\/100\n|\n|upkeep\n|turn|7\n|j| xuxiansheng\n|\n|t:|1700730576\n|move|p2a: \u5ba1\u5224|Trick|p1a: Corviknight\n|-activate|p2a: \u5ba1\u5224|move: Trick|[of] p1a: Corviknight\n|-item|p1a: Corviknight|Choice Scarf|[from] move: Trick\n|-item|p2a: \u5ba1\u5224|Rocky Helmet|[from] move: Trick\n|move|p1a: Corviknight|Body Press|p2a: \u5ba1\u5224\n|-damage|p2a: \u5ba1\u5224|72\/100\n|-damage|p1a: Corviknight|84\/100|[from] item: Rocky Helmet|[of] p2a: \u5ba1\u5224\n|\n|upkeep\n|turn|8\n|\n|t:|1700730590\n|switch|p2a: \u6076\u884c\u6613\u65bd|Grimmsnarl, M|48\/100\n|switch|p1a: Diggersby|Diggersby, F, shiny, tera:Normal|71\/100\n|\n|upkeep\n|turn|9\n|\n|t:|1700730598\n|move|p2a: \u6076\u884c\u6613\u65bd|Reflect|p2a: \u6076\u884c\u6613\u65bd\n|-sidestart|p2: weijinkedaya|Reflect\n|move|p1a: Diggersby|Frustration|p2a: \u6076\u884c\u6613\u65bd\n|-damage|p2a: \u6076\u884c\u6613\u65bd|0 fnt\n|faint|p2a: \u6076\u884c\u6613\u65bd\n|\n|upkeep\n|j| hainiumm\n|\n|t:|1700730621\n|switch|p2a: \u534e\u4e3d\u631a\u7231|Latias, F|100\/100\n|turn|10\n|\n|t:|1700730635\n|switch|p1a: Corviknight|Corviknight, F|84\/100\n|-ability|p1a: Corviknight|Pressure\n|-terastallize|p2a: \u534e\u4e3d\u631a\u7231|Steel\n|move|p2a: \u534e\u4e3d\u631a\u7231|Calm Mind|p2a: \u534e\u4e3d\u631a\u7231\n|-boost|p2a: \u534e\u4e3d\u631a\u7231|spa|1\n|-boost|p2a: \u534e\u4e3d\u631a\u7231|spd|1\n|\n|upkeep\n|turn|11\n|\n|t:|1700730646\n|move|p2a: \u534e\u4e3d\u631a\u7231|Agility|p2a: \u534e\u4e3d\u631a\u7231\n|-boost|p2a: \u534e\u4e3d\u631a\u7231|spe|2\n|move|p1a: Corviknight|Defog|p2a: \u534e\u4e3d\u631a\u7231\n|-unboost|p2a: \u534e\u4e3d\u631a\u7231|evasion|1\n|-sideend|p2: weijinkedaya|Reflect\n|\n|upkeep\n|turn|12\n|\n|t:|1700730658\n|switch|p1a: Chansey|Chansey, F|100\/100\n|move|p2a: \u534e\u4e3d\u631a\u7231|Calm Mind|p2a: \u534e\u4e3d\u631a\u7231\n|-boost|p2a: \u534e\u4e3d\u631a\u7231|spa|1\n|-boost|p2a: \u534e\u4e3d\u631a\u7231|spd|1\n|\n|upkeep\n|turn|13\n|\n|t:|1700730670\n|move|p2a: \u534e\u4e3d\u631a\u7231|Stored Power|p1a: Chansey\n|-damage|p1a: Chansey|69\/100\n|move|p1a: Chansey|Seismic Toss|p2a: \u534e\u4e3d\u631a\u7231\n|-damage|p2a: \u534e\u4e3d\u631a\u7231|73\/100\n|\n|upkeep\n|turn|14\n|\n|t:|1700730682\n|move|p2a: \u534e\u4e3d\u631a\u7231|Calm Mind|p2a: \u534e\u4e3d\u631a\u7231\n|-boost|p2a: \u534e\u4e3d\u631a\u7231|spa|1\n|-boost|p2a: \u534e\u4e3d\u631a\u7231|spd|1\n|move|p1a: Chansey|Seismic Toss|p2a: \u534e\u4e3d\u631a\u7231\n|-damage|p2a: \u534e\u4e3d\u631a\u7231|46\/100\n|\n|upkeep\n|turn|15\n|\n|t:|1700730692\n|switch|p1a: Greninja|Greninja, M|100\/100\n|move|p2a: \u534e\u4e3d\u631a\u7231|Stored Power|p1a: Greninja\n|-immune|p1a: Greninja\n|\n|upkeep\n|turn|16\n|\n|t:|1700730702\n|switch|p1a: Chansey|Chansey, F|69\/100\n|move|p2a: \u534e\u4e3d\u631a\u7231|Aura Sphere|p1a: Chansey\n|-supereffective|p1a: Chansey\n|-damage|p1a: Chansey|39\/100\n|\n|upkeep\n|turn|17\n|\n|t:|1700730711\n|move|p2a: \u534e\u4e3d\u631a\u7231|Stored Power|p1a: Chansey\n|-damage|p1a: Chansey|0 fnt\n|faint|p1a: Chansey\n|\n|upkeep\n|\n|t:|1700730725\n|switch|p1a: Corviknight|Corviknight, F|84\/100\n|-ability|p1a: Corviknight|Pressure\n|turn|18\n|\n|t:|1700730733\n|move|p2a: \u534e\u4e3d\u631a\u7231|Stored Power|p1a: Corviknight\n|-resisted|p1a: Corviknight\n|-damage|p1a: Corviknight|7\/100\n|move|p1a: Corviknight|Body Press|p2a: \u534e\u4e3d\u631a\u7231\n|-supereffective|p2a: \u534e\u4e3d\u631a\u7231\n|-damage|p2a: \u534e\u4e3d\u631a\u7231|2\/100\n|-enditem|p2a: \u534e\u4e3d\u631a\u7231|Weakness Policy\n|-boost|p2a: \u534e\u4e3d\u631a\u7231|atk|2|[from] item: Weakness Policy\n|-boost|p2a: \u534e\u4e3d\u631a\u7231|spa|2|[from] item: Weakness Policy\n|\n|upkeep\n|turn|19\n|\n|t:|1700730743\n|switch|p2a: \u5ba1\u5224|Jirachi, shiny|72\/100\n|move|p1a: Corviknight|Body Press|p2a: \u5ba1\u5224\n|-damage|p2a: \u5ba1\u5224|44\/100\n|-damage|p1a: Corviknight|0 fnt|[from] item: Rocky Helmet|[of] p2a: \u5ba1\u5224\n|faint|p1a: Corviknight\n|\n|upkeep\n|\n|t:|1700730757\n|switch|p1a: Greninja|Greninja, M|100\/100\n|turn|20\n|\n|t:|1700730778\n|switch|p2a: \u9a87\u4eba\u6076\u517d|Garchomp, M|47\/100\n|move|p1a: Greninja|Dark Pulse|p2a: \u9a87\u4eba\u6076\u517d\n|-damage|p2a: \u9a87\u4eba\u6076\u517d|0 fnt\n|faint|p2a: \u9a87\u4eba\u6076\u517d\n|-ability|p1a: Greninja|Battle Bond|boost\n|-boost|p1a: Greninja|atk|1\n|-boost|p1a: Greninja|spa|1\n|-boost|p1a: Greninja|spe|1\n|-activate|p1a: Greninja|ability: Battle Bond\n|\n|upkeep\n|\n|t:|1700730782\n|switch|p2a: \u76d6\u5e03\u795e|Ogerpon-Wellspring, F|76\/100\n|turn|21\n|\n|t:|1700730791\n|move|p1a: Greninja|Dark Pulse|p2a: \u76d6\u5e03\u795e\n|-damage|p2a: \u76d6\u5e03\u795e|0 fnt\n|faint|p2a: \u76d6\u5e03\u795e\n|\n|upkeep\n|-message|weijinkedaya forfeited.\n|\n|win|AbattaMondialBeton\n|raw|AbattaMondialBeton's rating: 1798 &rarr; <strong>1823<\/strong><br \/>(+25 for winning)\n|raw|weijinkedaya's rating: 1894 &rarr; <strong>1869<\/strong><br \/>(-25 for losing)\n|l|\u2606weijinkedaya\n|l| xuxiansheng\n","uploadtime":1700730818,"views":2,"p1id":"abattamondialbeton","p2id":"weijinkedaya","formatid":"gen9nationaldex","rating":1823,"private":0,"password":""}