{"id":"gen9nationaldex-1999550630","p1":"ykkhalil","p2":"Ay Cheu","format":"[Gen 9] National Dex","log":"|html|<div class=\"broadcast-blue\"><strong>[Gen 9] National Dex is currently suspecting Sneasler! For information on how to participate check out the <a href=\"https:\/\/www.smogon.com\/forums\/threads\/sv-national-dex-suspect-8-just-dance.3731534\/\">suspect thread<\/a>.<\/strong><\/div>\n|j|\u2606ykkhalil\n|j|\u2606Ay Cheu\n|t:|1701095211\n|gametype|singles\n|player|p1|ykkhalil|volo|1610\n|player|p2|Ay Cheu|officeworker|1633\n|teamsize|p1|6\n|teamsize|p2|6\n|gen|9\n|tier|[Gen 9] National Dex\n|rated|\n|rule|HP Percentage Mod: HP is shown in percentages\n|rule|Endless Battle Clause: Forcing endless battles is banned\n|rule|OHKO Clause: OHKO moves are banned\n|rule|Evasion Clause: Evasion abilities, items, and moves are banned\n|rule|Evasion Abilities Clause: Evasion abilities are banned\n|rule|Evasion Items Clause: Evasion items are banned\n|rule|Evasion Moves Clause: Evasion moves are banned\n|rule|Species Clause: Limit one of each Pok\u00e9mon\n|rule|Sleep Clause Mod: Limit one foe put to sleep\n|clearpoke\n|poke|p1|Mawile, M|\n|poke|p1|Tapu Lele|\n|poke|p1|Ogerpon-Wellspring, F|\n|poke|p1|Zamazenta-*|\n|poke|p1|Landorus-Therian, M|\n|poke|p1|Heatran, F|\n|poke|p2|Arcanine-Hisui, M|\n|poke|p2|Snorlax, M|\n|poke|p2|Corviknight, M|\n|poke|p2|Greninja-*, M|\n|poke|p2|Sylveon, F|\n|poke|p2|Torterra, M|\n|teampreview\n|c|\u2606ykkhalil|glhf\n|j| burnpoke\n|c| burnpoke|im watch this\n|inactive|Battle timer is ON: inactive players will automatically lose when time's up. (requested by Ay Cheu)\n|\n|t:|1701095228\n|start\n|switch|p1a: Heatran|Heatran, F|100\/100\n|switch|p2a: \u963f\u80a5|Snorlax, M|100\/100\n|turn|1\n|\n|t:|1701095241\n|switch|p1a: Landorus|Landorus-Therian, M, shiny|100\/100\n|-ability|p1a: Landorus|Intimidate|boost\n|-unboost|p2a: \u963f\u80a5|atk|1\n|move|p2a: \u963f\u80a5|Earthquake|p1a: Landorus\n|-immune|p1a: Landorus\n|\n|upkeep\n|turn|2\n|\n|t:|1701095250\n|switch|p2a: \u4e0d\u52a8\u5982\u5c71|Torterra, M|100\/100\n|move|p1a: Landorus|Taunt|p2a: \u4e0d\u52a8\u5982\u5c71\n|-start|p2a: \u4e0d\u52a8\u5982\u5c71|move: Taunt\n|\n|upkeep\n|turn|3\n|\n|t:|1701095259\n|move|p1a: Landorus|U-turn|p2a: \u4e0d\u52a8\u5982\u5c71\n|-supereffective|p2a: \u4e0d\u52a8\u5982\u5c71\n|-damage|p2a: \u4e0d\u52a8\u5982\u5c71|74\/100\n|-damage|p1a: Landorus|84\/100|[from] item: Rocky Helmet|[of] p2a: \u4e0d\u52a8\u5982\u5c71\n|\n|t:|1701095267\n|switch|p1a: Ogerpon|Ogerpon-Wellspring, F|100\/100|[from] U-turn\n|move|p2a: \u4e0d\u52a8\u5982\u5c71|Seed Bomb|p1a: Ogerpon\n|-damage|p1a: Ogerpon|61\/100\n|\n|upkeep\n|turn|4\n|\n|t:|1701095282\n|move|p1a: Ogerpon|Swords Dance|p1a: Ogerpon\n|-boost|p1a: Ogerpon|atk|2\n|move|p2a: \u4e0d\u52a8\u5982\u5c71|Seed Bomb|p1a: Ogerpon\n|-damage|p1a: Ogerpon|24\/100\n|\n|-end|p2a: \u4e0d\u52a8\u5982\u5c71|move: Taunt\n|upkeep\n|turn|5\n|\n|t:|1701095301\n|move|p1a: Ogerpon|Horn Leech|p2a: \u4e0d\u52a8\u5982\u5c71\n|-damage|p2a: \u4e0d\u52a8\u5982\u5c71|21\/100\n|-heal|p1a: Ogerpon|59\/100|[from] drain|[of] p2a: \u4e0d\u52a8\u5982\u5c71\n|-damage|p1a: Ogerpon|42\/100|[from] item: Rocky Helmet|[of] p2a: \u4e0d\u52a8\u5982\u5c71\n|move|p2a: \u4e0d\u52a8\u5982\u5c71|Stealth Rock|p1a: Ogerpon\n|-sidestart|p1: ykkhalil|move: Stealth Rock\n|\n|upkeep\n|turn|6\n|c|\u2606ykkhalil|huh it tanked.\n|\n|t:|1701095308\n|move|p1a: Ogerpon|Horn Leech|p2a: \u4e0d\u52a8\u5982\u5c71\n|-damage|p2a: \u4e0d\u52a8\u5982\u5c71|0 fnt\n|-heal|p1a: Ogerpon|56\/100|[from] drain|[of] p2a: \u4e0d\u52a8\u5982\u5c71\n|-damage|p1a: Ogerpon|39\/100|[from] item: Rocky Helmet|[of] p2a: \u4e0d\u52a8\u5982\u5c71\n|faint|p2a: \u4e0d\u52a8\u5982\u5c71\n|\n|upkeep\n|c|\u2606ykkhalil|full on phys def?\n|\n|t:|1701095312\n|switch|p2a: \u7070\u7070|Arcanine-Hisui, M|100\/100\n|turn|7\n|\n|t:|1701095321\n|switch|p1a: Landorus|Landorus-Therian, M, shiny|84\/100\n|-damage|p1a: Landorus|72\/100|[from] Stealth Rock\n|-ability|p1a: Landorus|Intimidate|boost\n|-unboost|p2a: \u7070\u7070|atk|1\n|move|p2a: \u7070\u7070|Flare Blitz|p1a: Landorus\n|-crit|p1a: Landorus\n|-damage|p1a: Landorus|0 fnt\n|faint|p1a: Landorus\n|-damage|p2a: \u7070\u7070|91\/100|[from] item: Life Orb\n|\n|upkeep\n|c|\u2606ykkhalil|the crit..\n|\n|t:|1701095332\n|switch|p1a: Ogerpon|Ogerpon-Wellspring, F|39\/100\n|-damage|p1a: Ogerpon|27\/100|[from] Stealth Rock\n|turn|8\n|\n|t:|1701095336\n|move|p2a: \u7070\u7070|Extreme Speed|p1a: Ogerpon\n|-damage|p1a: Ogerpon|0 fnt\n|faint|p1a: Ogerpon\n|-damage|p2a: \u7070\u7070|81\/100|[from] item: Life Orb\n|\n|upkeep\n|\n|t:|1701095345\n|switch|p1a: Zamazenta|Zamazenta|100\/100\n|-ability|p1a: Zamazenta|Dauntless Shield|boost\n|-boost|p1a: Zamazenta|def|1\n|turn|9\n|\n|t:|1701095351\n|switch|p2a: \u56e1\u56e1|Sylveon, F|100\/100\n|move|p1a: Zamazenta|Close Combat|p2a: \u56e1\u56e1\n|-resisted|p2a: \u56e1\u56e1\n|-damage|p2a: \u56e1\u56e1|78\/100\n|-unboost|p1a: Zamazenta|def|1\n|-unboost|p1a: Zamazenta|spd|1\n|\n|upkeep\n|turn|10\n|\n|t:|1701095360\n|move|p1a: Zamazenta|Heavy Slam|p2a: \u56e1\u56e1\n|-supereffective|p2a: \u56e1\u56e1\n|-damage|p2a: \u56e1\u56e1|16\/100\n|-enditem|p2a: \u56e1\u56e1|Sitrus Berry|[eat]\n|-heal|p2a: \u56e1\u56e1|41\/100|[from] item: Sitrus Berry\n|move|p2a: \u56e1\u56e1|Wish|p2a: \u56e1\u56e1\n|\n|upkeep\n|turn|11\n|c|\u2606ykkhalil|ur team is so thik oof\n|\n|t:|1701095370\n|-terastallize|p2a: \u56e1\u56e1|Water\n|move|p1a: Zamazenta|Heavy Slam|p2a: \u56e1\u56e1\n|-resisted|p2a: \u56e1\u56e1\n|-damage|p2a: \u56e1\u56e1|25\/100\n|move|p2a: \u56e1\u56e1|Hyper Voice|p1a: Zamazenta\n|-supereffective|p1a: Zamazenta\n|-damage|p1a: Zamazenta|0 fnt\n|faint|p1a: Zamazenta\n|\n|-heal|p2a: \u56e1\u56e1|75\/100|[from] move: Wish|[wisher] \u56e1\u56e1\n|upkeep\n|\n|t:|1701095382\n|switch|p1a: Mawile|Mawile, M|100\/100\n|-damage|p1a: Mawile|94\/100|[from] Stealth Rock\n|-ability|p1a: Mawile|Intimidate|boost\n|-unboost|p2a: \u56e1\u56e1|atk|1\n|turn|12\n|\n|t:|1701095389\n|detailschange|p1a: Mawile|Mawile-Mega, M\n|-mega|p1a: Mawile|Mawile|Mawilite\n|move|p1a: Mawile|Thunder Punch|p2a: \u56e1\u56e1\n|-supereffective|p2a: \u56e1\u56e1\n|-damage|p2a: \u56e1\u56e1|0 fnt\n|faint|p2a: \u56e1\u56e1\n|\n|upkeep\n|\n|t:|1701095395\n|switch|p2a: \u7070\u7070|Arcanine-Hisui, M|81\/100\n|turn|13\n|\n|t:|1701095398\n|switch|p1a: Heatran|Heatran, F|100\/100\n|-damage|p1a: Heatran|88\/100|[from] Stealth Rock\n|move|p2a: \u7070\u7070|Head Smash|p1a: Heatran\n|-damage|p1a: Heatran|9\/100\n|-damage|p2a: \u7070\u7070|71\/100|[from] item: Life Orb\n|\n|-heal|p1a: Heatran|15\/100|[from] item: Leftovers\n|upkeep\n|turn|14\n|c|\u2606ykkhalil|need One misss\n|\n|t:|1701095411\n|switch|p2a: \u963f\u80a5|Snorlax, M|100\/100\n|move|p1a: Heatran|Earth Power|p2a: \u963f\u80a5\n|-crit|p2a: \u963f\u80a5\n|-damage|p2a: \u963f\u80a5|82\/100\n|\n|-heal|p1a: Heatran|21\/100|[from] item: Leftovers\n|upkeep\n|turn|15\n|\n|t:|1701095422\n|move|p1a: Heatran|Stealth Rock|p2a: \u963f\u80a5\n|-sidestart|p2: Ay Cheu|move: Stealth Rock\n|move|p2a: \u963f\u80a5|Earthquake|p1a: Heatran\n|-supereffective|p1a: Heatran\n|-damage|p1a: Heatran|0 fnt\n|faint|p1a: Heatran\n|\n|upkeep\n|\n|t:|1701095429\n|switch|p1a: Mawile|Mawile-Mega, M|94\/100\n|-damage|p1a: Mawile|88\/100|[from] Stealth Rock\n|turn|16\n|\n|t:|1701095435\n|move|p1a: Mawile|Play Rough|p2a: \u963f\u80a5\n|-damage|p2a: \u963f\u80a5|18\/100\n|move|p2a: \u963f\u80a5|Heat Crash|p1a: Mawile\n|-supereffective|p1a: Mawile\n|-damage|p1a: Mawile|0 fnt\n|faint|p1a: Mawile\n|\n|upkeep\n|\n|t:|1701095443\n|switch|p1a: Tapu Lele|Tapu Lele|100\/100\n|-damage|p1a: Tapu Lele|88\/100|[from] Stealth Rock\n|-fieldstart|move: Psychic Terrain|[from] ability: Psychic Surge|[of] p1a: Tapu Lele\n|turn|17\n|\n|t:|1701095461\n|move|p1a: Tapu Lele|Moonblast|p2a: \u963f\u80a5\n|-damage|p2a: \u963f\u80a5|0 fnt\n|faint|p2a: \u963f\u80a5\n|\n|upkeep\n|\n|t:|1701095463\n|switch|p2a: Corviknight|Corviknight, M, shiny|100\/100\n|-damage|p2a: Corviknight|88\/100|[from] Stealth Rock\n|-ability|p2a: Corviknight|Pressure\n|turn|18\n|c|\u2606ykkhalil|gg.\n|\n|t:|1701095470\n|move|p1a: Tapu Lele|Moonblast|p2a: Corviknight\n|-resisted|p2a: Corviknight\n|-damage|p2a: Corviknight|72\/100\n|-unboost|p2a: Corviknight|spa|1\n|move|p2a: Corviknight|Roost|p2a: Corviknight\n|-heal|p2a: Corviknight|100\/100\n|-singleturn|p2a: Corviknight|move: Roost\n|\n|upkeep\n|turn|19\n|-message|ykkhalil forfeited.\n|\n|win|Ay Cheu\n|raw|ykkhalil's rating: 1610 &rarr; <strong>1591<\/strong><br \/>(-19 for losing)\n|raw|Ay Cheu's rating: 1633 &rarr; <strong>1652<\/strong><br \/>(+19 for winning)\n|l|\u2606ykkhalil\n","uploadtime":1701095486,"views":8,"p1id":"ykkhalil","p2id":"aycheu","formatid":"gen9nationaldex","rating":1591,"private":0,"password":""}