{"id":"gen9nationaldex-1998599519","p1":"Heroadrix","p2":"Smalish beans","format":"[Gen 9] National Dex","log":"|html|<div class=\"broadcast-blue\"><strong>[Gen 9] National Dex is currently suspecting Sneasler! For information on how to participate check out the <a href=\"https:\/\/www.smogon.com\/forums\/threads\/sv-national-dex-suspect-8-just-dance.3731534\/\">suspect thread<\/a>.<\/strong><\/div>\n|j|\u2606Heroadrix\n|j|\u2606Smalish beans\n|t:|1700961303\n|gametype|singles\n|player|p1|Heroadrix|265|1311\n|player|p2|Smalish beans|giovanni|1320\n|teamsize|p1|6\n|teamsize|p2|6\n|gen|9\n|tier|[Gen 9] National Dex\n|rated|\n|rule|HP Percentage Mod: HP is shown in percentages\n|rule|Endless Battle Clause: Forcing endless battles is banned\n|rule|OHKO Clause: OHKO moves are banned\n|rule|Evasion Clause: Evasion abilities, items, and moves are banned\n|rule|Evasion Abilities Clause: Evasion abilities are banned\n|rule|Evasion Items Clause: Evasion items are banned\n|rule|Evasion Moves Clause: Evasion moves are banned\n|rule|Species Clause: Limit one of each Pok\u00e9mon\n|rule|Sleep Clause Mod: Limit one foe put to sleep\n|clearpoke\n|poke|p1|Sandaconda, F|\n|poke|p1|Excadrill, M|\n|poke|p1|Garchomp, M|\n|poke|p1|Hippowdon, F|\n|poke|p1|Nidoking, M|\n|poke|p1|Clodsire, F|\n|poke|p2|Lopunny, M|\n|poke|p2|Garganacl, M|\n|poke|p2|Gliscor, M|\n|poke|p2|Ogerpon, F|\n|poke|p2|Volcarona, M|\n|poke|p2|Toxapex, M|\n|teampreview\n|inactive|Battle timer is ON: inactive players will automatically lose when time's up. (requested by Smalish beans)\n|inactive|Heroadrix also wants the timer to be on.\n|\n|t:|1700961319\n|start\n|switch|p1a: Hippowdon|Hippowdon, F|100\/100\n|switch|p2a: Lopunny|Lopunny, M|100\/100\n|-weather|Sandstorm|[from] ability: Sand Stream|[of] p1a: Hippowdon\n|turn|1\n|\n|t:|1700961325\n|switch|p1a: Excadrill|Excadrill, M|100\/100\n|detailschange|p2a: Lopunny|Lopunny-Mega, M\n|-mega|p2a: Lopunny|Lopunny|Lopunnite\n|move|p2a: Lopunny|U-turn|p1a: Excadrill\n|-resisted|p1a: Excadrill\n|-damage|p1a: Excadrill|82\/100\n|\n|t:|1700961344\n|switch|p2a: Ogerpon|Ogerpon, F|100\/100|[from] U-turn\n|\n|-weather|Sandstorm|[upkeep]\n|-damage|p2a: Ogerpon|95\/100|[from] Sandstorm\n|upkeep\n|turn|2\n|\n|t:|1700961351\n|move|p1a: Excadrill|Iron Head|p2a: Ogerpon\n|-damage|p2a: Ogerpon|27\/100\n|-damage|p1a: Excadrill|72\/100|[from] item: Life Orb\n|cant|p2a: Ogerpon|flinch\n|\n|-weather|Sandstorm|[upkeep]\n|-damage|p2a: Ogerpon|21\/100|[from] Sandstorm\n|upkeep\n|turn|3\n|\n|t:|1700961368\n|switch|p2a: Gliscor|Gliscor, M|100\/100\n|move|p1a: Excadrill|Rock Slide|p2a: Gliscor\n|-damage|p2a: Gliscor|73\/100\n|-damage|p1a: Excadrill|62\/100|[from] item: Life Orb\n|\n|-weather|Sandstorm|[upkeep]\n|-status|p2a: Gliscor|tox|[from] item: Toxic Orb\n|upkeep\n|turn|4\n|\n|t:|1700961382\n|switch|p1a: Clodsire|Clodsire, F|100\/100\n|move|p2a: Gliscor|Earthquake|p1a: Clodsire\n|-supereffective|p1a: Clodsire\n|-damage|p1a: Clodsire|0 fnt\n|faint|p1a: Clodsire\n|\n|-weather|Sandstorm|[upkeep]\n|-heal|p2a: Gliscor|86\/100 tox|[from] ability: Poison Heal\n|upkeep\n|\n|t:|1700961387\n|switch|p1a: Hippowdon|Hippowdon, F|100\/100\n|turn|5\n|\n|t:|1700961397\n|switch|p2a: Ogerpon|Ogerpon, F|21\/100\n|move|p1a: Hippowdon|Stealth Rock|p2a: Ogerpon\n|-sidestart|p2: Smalish beans|move: Stealth Rock\n|\n|-weather|Sandstorm|[upkeep]\n|-damage|p2a: Ogerpon|15\/100|[from] Sandstorm\n|upkeep\n|turn|6\n|\n|t:|1700961412\n|switch|p1a: Garchomp|Garchomp, M|100\/100\n|move|p2a: Ogerpon|Knock Off|p1a: Garchomp\n|-damage|p1a: Garchomp|74\/100\n|-damage|p2a: Ogerpon|3\/100|[from] ability: Rough Skin|[of] p1a: Garchomp\n|-damage|p2a: Ogerpon|0 fnt|[from] item: Life Orb\n|faint|p2a: Ogerpon\n|\n|-weather|Sandstorm|[upkeep]\n|upkeep\n|\n|t:|1700961422\n|switch|p2a: Gliscor|Gliscor, M|86\/100 tox\n|-damage|p2a: Gliscor|73\/100 tox|[from] Stealth Rock\n|turn|7\n|\n|t:|1700961426\n|move|p1a: Garchomp|Swords Dance|p1a: Garchomp\n|-boost|p1a: Garchomp|atk|2\n|move|p2a: Gliscor|Ice Fang|p1a: Garchomp\n|-supereffective|p1a: Garchomp\n|-damage|p1a: Garchomp|0 fnt\n|-damage|p2a: Gliscor|61\/100 tox|[from] ability: Rough Skin|[of] p1a: Garchomp\n|faint|p1a: Garchomp\n|\n|-weather|Sandstorm|[upkeep]\n|-heal|p2a: Gliscor|73\/100 tox|[from] ability: Poison Heal\n|upkeep\n|\n|t:|1700961435\n|switch|p1a: Sandaconda|Sandaconda, F|100\/100\n|turn|8\n|\n|t:|1700961457\n|switch|p2a: Garganacl|Garganacl, M|100\/100\n|-damage|p2a: Garganacl|88\/100|[from] Stealth Rock\n|move|p1a: Sandaconda|Coil|p1a: Sandaconda\n|-boost|p1a: Sandaconda|atk|1\n|-boost|p1a: Sandaconda|def|1\n|-boost|p1a: Sandaconda|accuracy|1\n|\n|-weather|none\n|-heal|p2a: Garganacl|94\/100|[from] item: Leftovers\n|upkeep\n|turn|9\n|\n|t:|1700961464\n|switch|p1a: Hippowdon|Hippowdon, F|100\/100\n|-weather|Sandstorm|[from] ability: Sand Stream|[of] p1a: Hippowdon\n|-terastallize|p2a: Garganacl|Fairy\n|move|p2a: Garganacl|Iron Defense|p2a: Garganacl\n|-boost|p2a: Garganacl|def|2\n|\n|-weather|Sandstorm|[upkeep]\n|-damage|p2a: Garganacl|88\/100|[from] Sandstorm\n|-heal|p2a: Garganacl|94\/100|[from] item: Leftovers\n|upkeep\n|turn|10\n|\n|t:|1700961480\n|move|p1a: Hippowdon|Body Slam|p2a: Garganacl\n|-damage|p2a: Garganacl|87\/100\n|move|p2a: Garganacl|Salt Cure|p1a: Hippowdon\n|-resisted|p1a: Hippowdon\n|-damage|p1a: Hippowdon|97\/100\n|-start|p1a: Hippowdon|Salt Cure\n|\n|-weather|Sandstorm|[upkeep]\n|-damage|p2a: Garganacl|81\/100|[from] Sandstorm\n|-heal|p2a: Garganacl|87\/100|[from] item: Leftovers\n|-damage|p1a: Hippowdon|85\/100|[from] Salt Cure\n|upkeep\n|turn|11\n|\n|t:|1700961483\n|switch|p1a: Nidoking|Nidoking, M|100\/100\n|move|p2a: Garganacl|Iron Defense|p2a: Garganacl\n|-boost|p2a: Garganacl|def|2\n|\n|-weather|Sandstorm|[upkeep]\n|-damage|p2a: Garganacl|81\/100|[from] Sandstorm\n|-heal|p2a: Garganacl|87\/100|[from] item: Leftovers\n|upkeep\n|turn|12\n|\n|t:|1700961492\n|switch|p2a: Toxapex|Toxapex, M|100\/100\n|-damage|p2a: Toxapex|88\/100|[from] Stealth Rock\n|move|p1a: Nidoking|Sludge Wave|p2a: Toxapex\n|-resisted|p2a: Toxapex\n|-damage|p2a: Toxapex|65\/100\n|\n|-weather|Sandstorm|[upkeep]\n|-damage|p2a: Toxapex|58\/100|[from] Sandstorm\n|-heal|p2a: Toxapex|65\/100|[from] item: Leftovers\n|upkeep\n|turn|13\n|\n|t:|1700961501\n|move|p1a: Nidoking|Flamethrower|p2a: Toxapex\n|-resisted|p2a: Toxapex\n|-damage|p2a: Toxapex|50\/100\n|move|p2a: Toxapex|Scald|p1a: Nidoking\n|-supereffective|p1a: Nidoking\n|-damage|p1a: Nidoking|51\/100\n|\n|-weather|Sandstorm|[upkeep]\n|-damage|p2a: Toxapex|44\/100|[from] Sandstorm\n|-heal|p2a: Toxapex|50\/100|[from] item: Leftovers\n|upkeep\n|turn|14\n|\n|t:|1700961508\n|move|p1a: Nidoking|Earth Power|p2a: Toxapex\n|-supereffective|p2a: Toxapex\n|-damage|p2a: Toxapex|0 fnt\n|faint|p2a: Toxapex\n|\n|-weather|Sandstorm|[upkeep]\n|upkeep\n|\n|t:|1700961511\n|switch|p2a: Lopunny|Lopunny-Mega, M|100\/100\n|-damage|p2a: Lopunny|95\/100|[from] Stealth Rock\n|turn|15\n|\n|t:|1700961521\n|switch|p1a: Hippowdon|Hippowdon, F|85\/100\n|move|p2a: Lopunny|Frustration|p1a: Hippowdon\n|-damage|p1a: Hippowdon|55\/100\n|\n|-weather|Sandstorm|[upkeep]\n|-damage|p2a: Lopunny|89\/100|[from] Sandstorm\n|upkeep\n|turn|16\n|\n|t:|1700961528\n|move|p2a: Lopunny|U-turn|p1a: Hippowdon\n|-damage|p1a: Hippowdon|42\/100\n|\n|t:|1700961530\n|switch|p2a: Volcarona|Volcarona, M|100\/100|[from] U-turn\n|-damage|p2a: Volcarona|50\/100|[from] Stealth Rock\n|move|p1a: Hippowdon|Body Slam|p2a: Volcarona\n|-damage|p2a: Volcarona|32\/100\n|-status|p1a: Hippowdon|brn|[from] ability: Flame Body|[of] p2a: Volcarona\n|\n|-weather|none\n|-heal|p2a: Volcarona|38\/100|[from] item: Leftovers\n|-damage|p1a: Hippowdon|36\/100 brn|[from] brn\n|upkeep\n|turn|17\n|\n|t:|1700961535\n|move|p2a: Volcarona|Roost|p2a: Volcarona\n|-heal|p2a: Volcarona|88\/100\n|-singleturn|p2a: Volcarona|move: Roost\n|move|p1a: Hippowdon|Yawn|p2a: Volcarona\n|-start|p2a: Volcarona|move: Yawn|[of] p1a: Hippowdon\n|\n|-heal|p2a: Volcarona|95\/100|[from] item: Leftovers\n|-damage|p1a: Hippowdon|30\/100 brn|[from] brn\n|upkeep\n|turn|18\n|\n|t:|1700961542\n|move|p2a: Volcarona|Bug Buzz|p1a: Hippowdon\n|-damage|p1a: Hippowdon|0 fnt\n|faint|p1a: Hippowdon\n|\n|-heal|p2a: Volcarona|100\/100|[from] item: Leftovers\n|-end|p2a: Volcarona|move: Yawn|[silent]\n|-status|p2a: Volcarona|slp\n|upkeep\n|\n|t:|1700961545\n|switch|p1a: Sandaconda|Sandaconda, F|100\/100\n|turn|19\n|\n|t:|1700961550\n|switch|p2a: Gliscor|Gliscor, M|73\/100 tox\n|-damage|p2a: Gliscor|61\/100 tox|[from] Stealth Rock\n|move|p1a: Sandaconda|Coil|p1a: Sandaconda\n|-boost|p1a: Sandaconda|atk|1\n|-boost|p1a: Sandaconda|def|1\n|-boost|p1a: Sandaconda|accuracy|1\n|\n|-heal|p2a: Gliscor|73\/100 tox|[from] ability: Poison Heal\n|upkeep\n|turn|20\n|\n|t:|1700961553\n|move|p1a: Sandaconda|Coil|p1a: Sandaconda\n|-boost|p1a: Sandaconda|atk|1\n|-boost|p1a: Sandaconda|def|1\n|-boost|p1a: Sandaconda|accuracy|1\n|move|p2a: Gliscor|Ice Fang|p1a: Sandaconda\n|-supereffective|p1a: Sandaconda\n|-damage|p1a: Sandaconda|79\/100\n|-weather|Sandstorm|[from] ability: Sand Spit|[of] p1a: Sandaconda\n|\n|-weather|Sandstorm|[upkeep]\n|-heal|p1a: Sandaconda|85\/100|[from] item: Leftovers\n|-heal|p2a: Gliscor|86\/100 tox|[from] ability: Poison Heal\n|upkeep\n|turn|21\n|\n|t:|1700961559\n|switch|p2a: Garganacl|Garganacl, M, tera:Fairy|87\/100\n|-damage|p2a: Garganacl|75\/100|[from] Stealth Rock\n|move|p1a: Sandaconda|Coil|p1a: Sandaconda\n|-boost|p1a: Sandaconda|atk|1\n|-boost|p1a: Sandaconda|def|1\n|-boost|p1a: Sandaconda|accuracy|1\n|\n|-weather|Sandstorm|[upkeep]\n|-damage|p2a: Garganacl|69\/100|[from] Sandstorm\n|-heal|p1a: Sandaconda|91\/100|[from] item: Leftovers\n|-heal|p2a: Garganacl|75\/100|[from] item: Leftovers\n|upkeep\n|turn|22\n|\n|t:|1700961566\n|-terastallize|p1a: Sandaconda|Ground\n|move|p1a: Sandaconda|Earthquake|p2a: Garganacl\n|-damage|p2a: Garganacl|0 fnt\n|faint|p2a: Garganacl\n|\n|-weather|Sandstorm|[upkeep]\n|-heal|p1a: Sandaconda|97\/100|[from] item: Leftovers\n|upkeep\n|-message|Smalish beans forfeited.\n|\n|win|Heroadrix\n|raw|Heroadrix's rating: 1327 &rarr; <strong>1347<\/strong><br \/>(+20 for winning)\n|raw|Smalish beans's rating: 1320 &rarr; <strong>1300<\/strong><br \/>(-20 for losing)\n|l|\u2606Smalish beans\n|l|\u2606Heroadrix\n|j|\u2606Heroadrix\n|player|p1|Heroadrix|265\n","uploadtime":1700961617,"views":2,"p1id":"heroadrix","p2id":"smalishbeans","formatid":"gen9nationaldex","rating":1300,"private":0,"password":""}