{"id":"gen9nationaldex-1994149739","p1":"Shabooya1","p2":"SkyStriker14","format":"[Gen 9] National Dex","log":"|j|\u2606Shabooya1\n|j|\u2606SkyStriker14\n|t:|1700412672\n|gametype|singles\n|player|p1|Shabooya1|2|1092\n|player|p2|SkyStriker14|iris|1000\n|teamsize|p1|6\n|teamsize|p2|6\n|gen|9\n|tier|[Gen 9] National Dex\n|rated|\n|rule|HP Percentage Mod: HP is shown in percentages\n|rule|Endless Battle Clause: Forcing endless battles is banned\n|rule|OHKO Clause: OHKO moves are banned\n|rule|Evasion Clause: Evasion abilities, items, and moves are banned\n|rule|Evasion Abilities Clause: Evasion abilities are banned\n|rule|Evasion Items Clause: Evasion items are banned\n|rule|Evasion Moves Clause: Evasion moves are banned\n|rule|Species Clause: Limit one of each Pok\u00e9mon\n|rule|Sleep Clause Mod: Limit one foe put to sleep\n|clearpoke\n|poke|p1|Lycanroc-Dusk, M|\n|poke|p1|Hypno, M|\n|poke|p1|Arcanine-Hisui, M|\n|poke|p1|Excadrill, M|\n|poke|p1|Toxtricity-Low-Key, M|\n|poke|p1|Swellow, M|\n|poke|p2|Minior-Violet|\n|poke|p2|Urshifu-*, M|\n|poke|p2|Maushold-Four|\n|poke|p2|Lurantis, M|\n|poke|p2|Blaziken, F|\n|poke|p2|Zeraora|\n|teampreview\n|inactive|Battle timer is ON: inactive players will automatically lose when time's up. (requested by Shabooya1)\n|\n|t:|1700412694\n|start\n|switch|p1a: Dusk till Dawn|Lycanroc-Dusk, M|100\/100\n|switch|p2a: Urshifu|Urshifu-Rapid-Strike, M|100\/100\n|turn|1\n|\n|t:|1700412713\n|move|p1a: Dusk till Dawn|Stealth Rock|p2a: Urshifu\n|-sidestart|p2: SkyStriker14|move: Stealth Rock\n|move|p2a: Urshifu|Surging Strikes|p1a: Dusk till Dawn\n|-supereffective|p1a: Dusk till Dawn\n|-crit|p1a: Dusk till Dawn\n|-damage|p1a: Dusk till Dawn|47\/100\n|-supereffective|p1a: Dusk till Dawn\n|-crit|p1a: Dusk till Dawn\n|-damage|p1a: Dusk till Dawn|0 fnt\n|faint|p1a: Dusk till Dawn\n|-hitcount|p1: Dusk till Dawn|2\n|\n|upkeep\n|\n|t:|1700412726\n|switch|p1a: Are ya lost kid|Hypno, M|100\/100\n|turn|2\n|\n|t:|1700412734\n|move|p2a: Urshifu|Surging Strikes|p1a: Are ya lost kid\n|-crit|p1a: Are ya lost kid\n|-damage|p1a: Are ya lost kid|83\/100\n|-crit|p1a: Are ya lost kid\n|-damage|p1a: Are ya lost kid|68\/100\n|-crit|p1a: Are ya lost kid\n|-damage|p1a: Are ya lost kid|53\/100\n|-hitcount|p1a: Are ya lost kid|3\n|move|p1a: Are ya lost kid|Magic Room|p1a: Are ya lost kid\n|-fieldstart|move: Magic Room|[of] p1a: Are ya lost kid\n|\n|upkeep\n|turn|3\n|\n|t:|1700412750\n|move|p2a: Urshifu|Stone Edge|p1a: Are ya lost kid\n|-crit|p1a: Are ya lost kid\n|-damage|p1a: Are ya lost kid|8\/100\n|move|p1a: Are ya lost kid|Psychic|p2a: Urshifu\n|-supereffective|p2a: Urshifu\n|-damage|p2a: Urshifu|30\/100\n|\n|upkeep\n|turn|4\n|\n|t:|1700412758\n|move|p2a: Urshifu|Aqua Jet|p1a: Are ya lost kid\n|-damage|p1a: Are ya lost kid|0 fnt\n|faint|p1a: Are ya lost kid\n|\n|upkeep\n|\n|t:|1700412765\n|switch|p1a: Dog Statu\u00e9|Arcanine-Hisui, M|100\/100\n|turn|5\n|\n|t:|1700412771\n|-terastallize|p1a: Dog Statu\u00e9|Grass\n|move|p2a: Urshifu|Surging Strikes|p1a: Dog Statu\u00e9\n|-resisted|p1a: Dog Statu\u00e9\n|-crit|p1a: Dog Statu\u00e9\n|-damage|p1a: Dog Statu\u00e9|88\/100\n|-resisted|p1a: Dog Statu\u00e9\n|-crit|p1a: Dog Statu\u00e9\n|-damage|p1a: Dog Statu\u00e9|74\/100\n|-resisted|p1a: Dog Statu\u00e9\n|-crit|p1a: Dog Statu\u00e9\n|-damage|p1a: Dog Statu\u00e9|62\/100\n|-hitcount|p1a: Dog Statu\u00e9|3\n|move|p1a: Dog Statu\u00e9|Agility|p1a: Dog Statu\u00e9\n|-boost|p1a: Dog Statu\u00e9|spe|2\n|\n|upkeep\n|turn|6\n|\n|t:|1700412787\n|move|p1a: Dog Statu\u00e9|Head Smash|p2a: Urshifu\n|-resisted|p2a: Urshifu\n|-damage|p2a: Urshifu|0 fnt\n|faint|p2a: Urshifu\n|\n|-fieldend|move: Magic Room|[of] p1: Are ya lost kid\n|upkeep\n|\n|t:|1700412793\n|switch|p2a: Blaziken|Blaziken, F|100\/100\n|-damage|p2a: Blaziken|88\/100|[from] Stealth Rock\n|turn|7\n|\n|t:|1700412800\n|move|p1a: Dog Statu\u00e9|Head Smash|p2a: Blaziken\n|-damage|p2a: Blaziken|0 fnt\n|faint|p2a: Blaziken\n|\n|upkeep\n|\n|t:|1700412811\n|switch|p2a: Lurantis|Lurantis, M|100\/100\n|-damage|p2a: Lurantis|88\/100|[from] Stealth Rock\n|turn|8\n|\n|t:|1700412815\n|move|p1a: Dog Statu\u00e9|Head Smash|p2a: Lurantis\n|-damage|p2a: Lurantis|0 fnt\n|faint|p2a: Lurantis\n|\n|upkeep\n|\n|t:|1700412819\n|switch|p2a: Minior|Minior-Violet|100\/100\n|-damage|p2a: Minior|76\/100|[from] Stealth Rock\n|-formechange|p2a: Minior|Minior-Meteor||[from] ability: Shields Down\n|turn|9\n|\n|t:|1700412832\n|-terastallize|p2a: Minior|Ground\n|move|p1a: Dog Statu\u00e9|Head Smash|p2a: Minior\n|-resisted|p2a: Minior\n|-damage|p2a: Minior|0 fnt\n|faint|p2a: Minior\n|\n|upkeep\n|\n|t:|1700412839\n|switch|p2a: Maushold|Maushold-Four|100\/100\n|-damage|p2a: Maushold|88\/100|[from] Stealth Rock\n|turn|10\n|c|\u2606Shabooya1|Gg\n|\n|t:|1700412845\n|move|p1a: Dog Statu\u00e9|Head Smash|p2a: Maushold\n|-damage|p2a: Maushold|0 fnt\n|faint|p2a: Maushold\n|\n|upkeep\n|\n|t:|1700412849\n|switch|p2a: Zeus incarnate|Zeraora, shiny|100\/100\n|-damage|p2a: Zeus incarnate|88\/100|[from] Stealth Rock\n|turn|11\n|\n|t:|1700412860\n|move|p1a: Dog Statu\u00e9|Head Smash|p2a: Zeus incarnate\n|-damage|p2a: Zeus incarnate|0 fnt\n|faint|p2a: Zeus incarnate\n|\n|win|Shabooya1\n|raw|Shabooya1's rating: 1092 &rarr; <strong>1111<\/strong><br \/>(+19 for winning)\n|raw|SkyStriker14's rating: 1000 &rarr; <strong>1000<\/strong><br \/>(+0 for losing)\n","uploadtime":1700412866,"views":5,"p1id":"shabooya1","p2id":"skystriker14","formatid":"gen9nationaldex","rating":1000,"private":0,"password":""}