{"id":"gen9nationaldex-1999936741","p1":"PhantomXenos","p2":"HaggenDaz","format":"[Gen 9] National Dex","log":"|html|<div class=\"broadcast-blue\"><strong>[Gen 9] National Dex is currently suspecting Sneasler! For information on how to participate check out the <a href=\"https:\/\/www.smogon.com\/forums\/threads\/sv-national-dex-suspect-8-just-dance.3731534\/\">suspect thread<\/a>.<\/strong><\/div>\n|j|\u2606PhantomXenos\n|j|\u2606HaggenDaz\n|t:|1701132096\n|gametype|singles\n|player|p1|PhantomXenos|biker-gen4|\n|player|p2|HaggenDaz|266|\n|teamsize|p1|6\n|teamsize|p2|6\n|gen|9\n|tier|[Gen 9] National Dex\n|rule|HP Percentage Mod: HP is shown in percentages\n|rule|Endless Battle Clause: Forcing endless battles is banned\n|rule|OHKO Clause: OHKO moves are banned\n|rule|Evasion Clause: Evasion abilities, items, and moves are banned\n|rule|Evasion Abilities Clause: Evasion abilities are banned\n|rule|Evasion Items Clause: Evasion items are banned\n|rule|Evasion Moves Clause: Evasion moves are banned\n|rule|Species Clause: Limit one of each Pok\u00e9mon\n|rule|Sleep Clause Mod: Limit one foe put to sleep\n|clearpoke\n|poke|p1|Slowbro, F|\n|poke|p1|Honchkrow, F|\n|poke|p1|Raticate-Alola, M|\n|poke|p1|Serperior, F|\n|poke|p1|Meowscarada, M|\n|poke|p1|Metagross|\n|poke|p2|Kleavor, M|\n|poke|p2|Araquanid, M|\n|poke|p2|Volcarona, M|\n|poke|p2|Scizor, M|\n|poke|p2|Yanmega, M|\n|poke|p2|Centiskorch, M|\n|teampreview\n|inactive|Battle timer is ON: inactive players will automatically lose when time's up. (requested by HaggenDaz)\n|c|\u2606HaggenDaz|good luck!\n|c|\u2606HaggenDaz|oh my goodness. he has mr bombastic\n|inactive|PhantomXenos has 270 seconds left.\n|\n|t:|1701132135\n|start\n|switch|p1a: Metagross|Metagross|100\/100\n|switch|p2a: Kleavor|Kleavor, M|100\/100\n|turn|1\n|\n|t:|1701132140\n|move|p2a: Kleavor|Stone Axe|p1a: Metagross\n|-resisted|p1a: Metagross\n|-damage|p1a: Metagross|78\/100\n|-sidestart|p1: PhantomXenos|move: Stealth Rock\n|move|p1a: Metagross|Stealth Rock|p2a: Kleavor\n|-sidestart|p2: HaggenDaz|move: Stealth Rock\n|\n|-heal|p1a: Metagross|84\/100|[from] item: Leftovers\n|upkeep\n|turn|2\n|\n|t:|1701132149\n|move|p2a: Kleavor|U-turn|p1a: Metagross\n|-damage|p1a: Metagross|54\/100\n|\n|t:|1701132155\n|switch|p2a: Araquanid|Araquanid, M|100\/100|[from] U-turn\n|-damage|p2a: Araquanid|76\/100|[from] Stealth Rock\n|move|p1a: Metagross|Meteor Mash|p2a: Araquanid\n|-resisted|p2a: Araquanid\n|-damage|p2a: Araquanid|49\/100\n|-boost|p1a: Metagross|atk|1\n|\n|-heal|p1a: Metagross|60\/100|[from] item: Leftovers\n|-heal|p2a: Araquanid|56\/100|[from] item: Leftovers\n|upkeep\n|turn|3\n|\n|t:|1701132165\n|move|p1a: Metagross|Rock Slide|p2a: Araquanid\n|-supereffective|p2a: Araquanid\n|-damage|p2a: Araquanid|0 fnt\n|faint|p2a: Araquanid\n|\n|-heal|p1a: Metagross|66\/100|[from] item: Leftovers\n|upkeep\n|\n|t:|1701132174\n|switch|p2a: Centiskorch|Centiskorch, M|100\/100\n|-damage|p2a: Centiskorch|51\/100|[from] Stealth Rock\n|turn|4\n|\n|t:|1701132180\n|move|p1a: Metagross|Earthquake|p2a: Centiskorch\n|-damage|p2a: Centiskorch|0 fnt\n|faint|p2a: Centiskorch\n|\n|-heal|p1a: Metagross|72\/100|[from] item: Leftovers\n|upkeep\n|\n|t:|1701132186\n|switch|p2a: Yanmega|Yanmega, M|100\/100\n|-damage|p2a: Yanmega|51\/100|[from] Stealth Rock\n|turn|5\n|\n|t:|1701132189\n|move|p2a: Yanmega|Shadow Ball|p1a: Metagross\n|-supereffective|p1a: Metagross\n|-damage|p1a: Metagross|0 fnt\n|faint|p1a: Metagross\n|\n|upkeep\n|\n|t:|1701132206\n|switch|p1a: Meowscarada|Meowscarada, M|100\/100\n|-damage|p1a: Meowscarada|88\/100|[from] Stealth Rock\n|turn|6\n|\n|t:|1701132219\n|switch|p2a: Volcarona|Volcarona, M|100\/100\n|-damage|p2a: Volcarona|51\/100|[from] Stealth Rock\n|move|p1a: Meowscarada|Acrobatics|p2a: Volcarona\n|-start|p1a: Meowscarada|typechange|Flying|[from] ability: Protean\n|-supereffective|p2a: Volcarona\n|-damage|p2a: Volcarona|0 fnt\n|faint|p2a: Volcarona\n|\n|upkeep\n|\n|t:|1701132229\n|switch|p2a: Scizor|Scizor, M|100\/100\n|-damage|p2a: Scizor|88\/100|[from] Stealth Rock\n|turn|7\n|\n|t:|1701132235\n|move|p1a: Meowscarada|Knock Off|p2a: Scizor\n|-damage|p2a: Scizor|59\/100\n|-enditem|p2a: Scizor|Muscle Band|[from] move: Knock Off|[of] p1a: Meowscarada\n|move|p2a: Scizor|Swords Dance|p2a: Scizor\n|-boost|p2a: Scizor|atk|2\n|\n|upkeep\n|turn|8\n|c|\u2606HaggenDaz|i was told knock off was not allowed\n|c|\u2606HaggenDaz|D:\n|c|\u2606PhantomXenos|you right i did not mean to use it\n|c|\u2606HaggenDaz|T^T\n|inactive|HaggenDaz has 270 seconds left.\n|\n|t:|1701132267\n|move|p1a: Meowscarada|U-turn|p2a: Scizor\n|-resisted|p2a: Scizor\n|-damage|p2a: Scizor|48\/100\n|\n|t:|1701132270\n|switch|p1a: Honchkrow|Honchkrow, F|100\/100|[from] U-turn\n|move|p2a: Scizor|Swords Dance|p2a: Scizor\n|-boost|p2a: Scizor|atk|2\n|\n|upkeep\n|turn|9\n|c|\u2606HaggenDaz|no worries tho\n|\n|t:|1701132275\n|move|p2a: Scizor|Bullet Punch|p1a: Honchkrow\n|-damage|p1a: Honchkrow|0 fnt\n|faint|p1a: Honchkrow\n|\n|upkeep\n|\n|t:|1701132286\n|switch|p1a: Slowbro|Slowbro, F|100\/100\n|-damage|p1a: Slowbro|88\/100|[from] Stealth Rock\n|turn|10\n|\n|t:|1701132292\n|move|p2a: Scizor|Bullet Punch|p1a: Slowbro\n|-resisted|p1a: Slowbro\n|-damage|p1a: Slowbro|58\/100\n|move|p1a: Slowbro|Fire Blast|p2a: Scizor\n|-supereffective|p2a: Scizor\n|-crit|p2a: Scizor\n|-damage|p2a: Scizor|0 fnt\n|faint|p2a: Scizor\n|\n|-heal|p1a: Slowbro|64\/100|[from] item: Leftovers\n|upkeep\n|\n|t:|1701132299\n|switch|p2a: Yanmega|Yanmega, M|51\/100\n|-damage|p2a: Yanmega|1\/100|[from] Stealth Rock\n|turn|11\n|\n|t:|1701132313\n|switch|p1a: Raticate|Raticate-Alola, M|100\/100\n|-damage|p1a: Raticate|88\/100|[from] Stealth Rock\n|move|p2a: Yanmega|Bug Buzz|p1a: Raticate\n|-supereffective|p1a: Raticate\n|-damage|p1a: Raticate|0 fnt\n|faint|p1a: Raticate\n|\n|upkeep\n|\n|t:|1701132316\n|switch|p1a: Meowscarada|Meowscarada, M|88\/100\n|-damage|p1a: Meowscarada|76\/100|[from] Stealth Rock\n|turn|12\n|\n|t:|1701132319\n|move|p1a: Meowscarada|U-turn|p2a: Yanmega\n|-start|p1a: Meowscarada|typechange|Bug|[from] ability: Protean\n|-resisted|p2a: Yanmega\n|-damage|p2a: Yanmega|0 fnt\n|faint|p2a: Yanmega\n|\n|t:|1701132322\n|switch|p1a: Slowbro|Slowbro, F|98\/100|[from] U-turn\n|-damage|p1a: Slowbro|85\/100|[from] Stealth Rock\n|\n|-heal|p1a: Slowbro|91\/100|[from] item: Leftovers\n|upkeep\n|\n|t:|1701132323\n|switch|p2a: Kleavor|Kleavor, M|100\/100\n|-damage|p2a: Kleavor|75\/100|[from] Stealth Rock\n|turn|13\n|\n|t:|1701132330\n|move|p2a: Kleavor|U-turn|p1a: Slowbro\n|-supereffective|p1a: Slowbro\n|-damage|p1a: Slowbro|44\/100\n|move|p1a: Slowbro|Scald|p2a: Kleavor\n|-supereffective|p2a: Kleavor\n|-damage|p2a: Kleavor|30\/100\n|\n|-heal|p1a: Slowbro|50\/100|[from] item: Leftovers\n|upkeep\n|turn|14\n|\n|t:|1701132334\n|move|p2a: Kleavor|U-turn|p1a: Slowbro\n|-supereffective|p1a: Slowbro\n|-damage|p1a: Slowbro|4\/100\n|move|p1a: Slowbro|Scald|p2a: Kleavor\n|-supereffective|p2a: Kleavor\n|-damage|p2a: Kleavor|0 fnt\n|faint|p2a: Kleavor\n|\n|win|PhantomXenos\n","uploadtime":1701132338,"views":3,"p1id":"phantomxenos","p2id":"haggendaz","formatid":"gen9nationaldex","rating":0,"private":0,"password":""}