{"id":"gen9nationaldex-1999001648","p1":"lighteater24","p2":"NovembersEve","format":"[Gen 9] National Dex","log":"|html|<div class=\"broadcast-blue\"><strong>[Gen 9] National Dex is currently suspecting Sneasler! For information on how to participate check out the <a href=\"https:\/\/www.smogon.com\/forums\/threads\/sv-national-dex-suspect-8-just-dance.3731534\/\">suspect thread<\/a>.<\/strong><\/div>\n|j|\u2606lighteater24\n|j|\u2606NovembersEve\n|t:|1701022635\n|gametype|singles\n|player|p1|lighteater24|grimsley|1253\n|player|p2|NovembersEve|dawn|1190\n|teamsize|p1|6\n|teamsize|p2|6\n|gen|9\n|tier|[Gen 9] National Dex\n|rated|\n|rule|HP Percentage Mod: HP is shown in percentages\n|rule|Endless Battle Clause: Forcing endless battles is banned\n|rule|OHKO Clause: OHKO moves are banned\n|rule|Evasion Clause: Evasion abilities, items, and moves are banned\n|rule|Evasion Abilities Clause: Evasion abilities are banned\n|rule|Evasion Items Clause: Evasion items are banned\n|rule|Evasion Moves Clause: Evasion moves are banned\n|rule|Species Clause: Limit one of each Pok\u00e9mon\n|rule|Sleep Clause Mod: Limit one foe put to sleep\n|clearpoke\n|poke|p1|Mimikyu, F|\n|poke|p1|Decidueye, M|\n|poke|p1|Ceruledge, F|\n|poke|p1|Runerigus, F|\n|poke|p1|Chandelure, F|\n|poke|p1|Froslass, F|\n|poke|p2|Vaporeon, M|\n|poke|p2|Cradily, F|\n|poke|p2|Arcanine-Hisui, F|\n|poke|p2|Nihilego|\n|poke|p2|Flygon, M|\n|poke|p2|Serperior, F|\n|teampreview\n|inactive|Battle timer is ON: inactive players will automatically lose when time's up. (requested by NovembersEve)\n|inactive|lighteater24 also wants the timer to be on.\n|\n|t:|1701022639\n|start\n|switch|p1a: Runerigus|Runerigus, F|100\/100\n|switch|p2a: Snek|Serperior, F|100\/100\n|turn|1\n|\n|t:|1701022647\n|switch|p1a: Decidueye|Decidueye, M|100\/100\n|move|p2a: Snek|Leaf Storm|p1a: Decidueye|[miss]\n|-miss|p2a: Snek|p1a: Decidueye\n|\n|upkeep\n|turn|2\n|\n|t:|1701022656\n|move|p2a: Snek|Substitute|p2a: Snek\n|-start|p2a: Snek|Substitute\n|-damage|p2a: Snek|76\/100\n|move|p1a: Decidueye|Spirit Shackle|p2a: Snek\n|-end|p2a: Snek|Substitute\n|\n|-heal|p2a: Snek|82\/100|[from] item: Leftovers\n|upkeep\n|turn|3\n|\n|t:|1701022665\n|move|p2a: Snek|Leaf Storm|p1a: Decidueye\n|-resisted|p1a: Decidueye\n|-damage|p1a: Decidueye|81\/100\n|-boost|p2a: Snek|spa|2\n|move|p1a: Decidueye|Spirit Shackle|p2a: Snek\n|-damage|p2a: Snek|32\/100\n|-activate|p2a: Snek|trapped\n|\n|-heal|p2a: Snek|38\/100|[from] item: Leftovers\n|upkeep\n|turn|4\n|\n|t:|1701022676\n|move|p2a: Snek|Hidden Power|p1a: Decidueye\n|-supereffective|p1a: Decidueye\n|-damage|p1a: Decidueye|28\/100\n|move|p1a: Decidueye|Spirit Shackle|p2a: Snek\n|-damage|p2a: Snek|0 fnt\n|faint|p2a: Snek\n|\n|upkeep\n|\n|t:|1701022686\n|switch|p2a: Rawr|Arcanine-Hisui, F|100\/100\n|turn|5\n|\n|t:|1701022693\n|move|p2a: Rawr|Flare Blitz|p1a: Decidueye\n|-supereffective|p1a: Decidueye\n|-damage|p1a: Decidueye|0 fnt\n|faint|p1a: Decidueye\n|\n|upkeep\n|\n|t:|1701022700\n|switch|p1a: Runerigus|Runerigus, F|100\/100\n|turn|6\n|\n|t:|1701022711\n|switch|p2a: Flaps|Flygon, M|100\/100\n|move|p1a: Runerigus|Will-O-Wisp|p2a: Flaps|[miss]\n|-miss|p1a: Runerigus|p2a: Flaps\n|\n|upkeep\n|turn|7\n|\n|t:|1701022719\n|move|p2a: Flaps|Toxic|p1a: Runerigus\n|-status|p1a: Runerigus|tox\n|move|p1a: Runerigus|Will-O-Wisp|p2a: Flaps|[miss]\n|-miss|p1a: Runerigus|p2a: Flaps\n|\n|-damage|p1a: Runerigus|95\/100 tox|[from] psn\n|upkeep\n|turn|8\n|\n|t:|1701022727\n|move|p2a: Flaps|Earthquake|p1a: Runerigus\n|-damage|p1a: Runerigus|66\/100 tox\n|move|p1a: Runerigus|Will-O-Wisp|p2a: Flaps\n|-status|p2a: Flaps|brn\n|\n|-damage|p1a: Runerigus|54\/100 tox|[from] psn\n|-damage|p2a: Flaps|94\/100 brn|[from] brn\n|upkeep\n|turn|9\n|c|\u2606lighteater24|Should I give glasses to my runerigus or what?\n|\n|t:|1701022750\n|move|p2a: Flaps|Earthquake|p1a: Runerigus\n|-damage|p1a: Runerigus|39\/100 tox\n|move|p1a: Runerigus|Toxic Spikes|p2a: Flaps\n|-sidestart|p2: NovembersEve|move: Toxic Spikes\n|\n|-heal|p2a: Flaps|100\/100 brn|[from] item: Leftovers\n|-damage|p1a: Runerigus|21\/100 tox|[from] psn\n|-damage|p2a: Flaps|94\/100 brn|[from] brn\n|upkeep\n|-enditem|p1a: Runerigus|Wiki Berry|[eat]\n|-heal|p1a: Runerigus|54\/100 tox|[from] item: Wiki Berry\n|-start|p1a: Runerigus|confusion\n|turn|10\n|\n|t:|1701022764\n|move|p2a: Flaps|Earthquake|p1a: Runerigus\n|-damage|p1a: Runerigus|40\/100 tox\n|-activate|p1a: Runerigus|confusion\n|move|p1a: Runerigus|Stealth Rock|p2a: Flaps\n|-sidestart|p2: NovembersEve|move: Stealth Rock\n|\n|-heal|p2a: Flaps|100\/100 brn|[from] item: Leftovers\n|-damage|p1a: Runerigus|16\/100 tox|[from] psn\n|-damage|p2a: Flaps|94\/100 brn|[from] brn\n|upkeep\n|turn|11\n|\n|t:|1701022778\n|move|p2a: Flaps|Defog|p1a: Runerigus\n|-unboost|p1a: Runerigus|evasion|1\n|-sideend|p2: NovembersEve|Toxic Spikes|[from] move: Defog|[of] p2a: Flaps\n|-sideend|p2: NovembersEve|Stealth Rock|[from] move: Defog|[of] p2a: Flaps\n|-activate|p1a: Runerigus|confusion\n|-damage|p1a: Runerigus|10\/100 tox|[from] confusion\n|\n|-heal|p2a: Flaps|100\/100 brn|[from] item: Leftovers\n|-damage|p1a: Runerigus|0 fnt|[from] psn\n|faint|p1a: Runerigus\n|-damage|p2a: Flaps|94\/100 brn|[from] brn\n|upkeep\n|\n|t:|1701022792\n|switch|p1a: Froslass|Froslass, F|100\/100\n|turn|12\n|\n|t:|1701022798\n|switch|p2a: Rawr|Arcanine-Hisui, F|100\/100\n|move|p1a: Froslass|Will-O-Wisp|p2a: Rawr\n|-immune|p2a: Rawr\n|\n|upkeep\n|turn|13\n|\n|t:|1701022808\n|switch|p1a: Ceruledge|Ceruledge, F|100\/100\n|move|p2a: Rawr|Head Smash|p1a: Ceruledge\n|-supereffective|p1a: Ceruledge\n|-damage|p1a: Ceruledge|0 fnt\n|faint|p1a: Ceruledge\n|\n|upkeep\n|\n|t:|1701022817\n|switch|p1a: Mimikyu|Mimikyu, F|100\/100\n|turn|14\n|\n|t:|1701022820\n|move|p1a: Mimikyu|Swords Dance|p1a: Mimikyu\n|-boost|p1a: Mimikyu|atk|2\n|move|p2a: Rawr|Flare Blitz|p1a: Mimikyu\n|-activate|p1a: Mimikyu|ability: Disguise\n|-damage|p1a: Mimikyu|100\/100\n|-status|p1a: Mimikyu|brn\n|detailschange|p1a: Mimikyu|Mimikyu-Busted, F\n|-damage|p1a: Mimikyu|88\/100 brn|[from] pokemon: Mimikyu-Busted\n|\n|-damage|p1a: Mimikyu|82\/100 brn|[from] brn\n|upkeep\n|turn|15\n|\n|t:|1701022837\n|move|p1a: Mimikyu|Drain Punch|p2a: Rawr\n|-supereffective|p2a: Rawr\n|-damage|p2a: Rawr|30\/100\n|-heal|p1a: Mimikyu|100\/100 brn|[from] drain|[of] p2a: Rawr\n|-damage|p1a: Mimikyu|91\/100 brn|[from] item: Life Orb\n|move|p2a: Rawr|Head Smash|p1a: Mimikyu|[miss]\n|-miss|p2a: Rawr|p1a: Mimikyu\n|\n|-damage|p1a: Mimikyu|85\/100 brn|[from] brn\n|upkeep\n|turn|16\n|\n|t:|1701022853\n|switch|p2a: Tenticles|Cradily, F|100\/100\n|move|p1a: Mimikyu|Drain Punch|p2a: Tenticles\n|-supereffective|p2a: Tenticles\n|-damage|p2a: Tenticles|66\/100\n|-heal|p1a: Mimikyu|100\/100 brn|[from] drain|[of] p2a: Tenticles\n|-damage|p1a: Mimikyu|91\/100 brn|[from] item: Life Orb\n|\n|-heal|p2a: Tenticles|72\/100|[from] item: Leftovers\n|-damage|p1a: Mimikyu|85\/100 brn|[from] brn\n|upkeep\n|turn|17\n|\n|t:|1701022866\n|move|p1a: Mimikyu|Swords Dance|p1a: Mimikyu\n|-boost|p1a: Mimikyu|atk|2\n|move|p2a: Tenticles|Leech Seed|p1a: Mimikyu\n|-start|p1a: Mimikyu|move: Leech Seed\n|\n|-heal|p2a: Tenticles|78\/100|[from] item: Leftovers\n|-damage|p1a: Mimikyu|72\/100 brn|[from] Leech Seed|[of] p2a: Tenticles\n|-heal|p2a: Tenticles|87\/100|[silent]\n|-damage|p1a: Mimikyu|66\/100 brn|[from] brn\n|upkeep\n|turn|18\n|\n|t:|1701022876\n|move|p1a: Mimikyu|Swords Dance|p1a: Mimikyu\n|-boost|p1a: Mimikyu|atk|2\n|move|p2a: Tenticles|Stockpile|p2a: Tenticles\n|-start|p2a: Tenticles|stockpile1\n|-boost|p2a: Tenticles|def|1\n|-boost|p2a: Tenticles|spd|1\n|\n|-heal|p2a: Tenticles|93\/100|[from] item: Leftovers\n|-damage|p1a: Mimikyu|54\/100 brn|[from] Leech Seed|[of] p2a: Tenticles\n|-heal|p2a: Tenticles|100\/100|[silent]\n|-damage|p1a: Mimikyu|48\/100 brn|[from] brn\n|upkeep\n|turn|19\n|\n|t:|1701022888\n|move|p1a: Mimikyu|Drain Punch|p2a: Tenticles\n|-supereffective|p2a: Tenticles\n|-damage|p2a: Tenticles|50\/100\n|-heal|p1a: Mimikyu|86\/100 brn|[from] drain|[of] p2a: Tenticles\n|-damage|p1a: Mimikyu|76\/100 brn|[from] item: Life Orb\n|move|p2a: Tenticles|Stockpile|p2a: Tenticles\n|-start|p2a: Tenticles|stockpile2\n|-boost|p2a: Tenticles|def|1\n|-boost|p2a: Tenticles|spd|1\n|\n|-heal|p2a: Tenticles|56\/100|[from] item: Leftovers\n|-damage|p1a: Mimikyu|64\/100 brn|[from] Leech Seed|[of] p2a: Tenticles\n|-heal|p2a: Tenticles|64\/100|[silent]\n|-damage|p1a: Mimikyu|58\/100 brn|[from] brn\n|upkeep\n|turn|20\n|\n|t:|1701022903\n|move|p1a: Mimikyu|Drain Punch|p2a: Tenticles\n|-supereffective|p2a: Tenticles\n|-damage|p2a: Tenticles|27\/100\n|-heal|p1a: Mimikyu|85\/100 brn|[from] drain|[of] p2a: Tenticles\n|-damage|p1a: Mimikyu|75\/100 brn|[from] item: Life Orb\n|move|p2a: Tenticles|Stockpile|p2a: Tenticles\n|-start|p2a: Tenticles|stockpile3\n|-boost|p2a: Tenticles|def|1\n|-boost|p2a: Tenticles|spd|1\n|\n|-heal|p2a: Tenticles|33\/100|[from] item: Leftovers\n|-damage|p1a: Mimikyu|63\/100 brn|[from] Leech Seed|[of] p2a: Tenticles\n|-heal|p2a: Tenticles|42\/100|[silent]\n|-damage|p1a: Mimikyu|57\/100 brn|[from] brn\n|upkeep\n|turn|21\n|\n|t:|1701022919\n|move|p1a: Mimikyu|Drain Punch|p2a: Tenticles\n|-supereffective|p2a: Tenticles\n|-damage|p2a: Tenticles|11\/100\n|-heal|p1a: Mimikyu|80\/100 brn|[from] drain|[of] p2a: Tenticles\n|-damage|p1a: Mimikyu|70\/100 brn|[from] item: Life Orb\n|move|p2a: Tenticles|Rest|p2a: Tenticles\n|-status|p2a: Tenticles|slp|[from] move: Rest\n|-heal|p2a: Tenticles|100\/100 slp|[silent]\n|\n|-damage|p1a: Mimikyu|58\/100 brn|[from] Leech Seed|[of] p2a: Tenticles\n|-damage|p1a: Mimikyu|52\/100 brn|[from] brn\n|upkeep\n|turn|22\n|\n|t:|1701022932\n|move|p1a: Mimikyu|Drain Punch|p2a: Tenticles\n|-supereffective|p2a: Tenticles\n|-crit|p2a: Tenticles\n|-damage|p2a: Tenticles|0 fnt\n|-heal|p1a: Mimikyu|100\/100 brn|[from] drain|[of] p2a: Tenticles\n|faint|p2a: Tenticles\n|-damage|p1a: Mimikyu|91\/100 brn|[from] item: Life Orb\n|\n|-damage|p1a: Mimikyu|85\/100 brn|[from] brn\n|upkeep\n|\n|t:|1701022940\n|switch|p2a: Hat|Nihilego|100\/100\n|turn|23\n|\n|t:|1701022946\n|move|p2a: Hat|Sludge Wave|p1a: Mimikyu\n|-damage|p1a: Mimikyu|29\/100 brn\n|move|p1a: Mimikyu|Drain Punch|p2a: Hat\n|-damage|p2a: Hat|20\/100\n|-heal|p1a: Mimikyu|87\/100 brn|[from] drain|[of] p2a: Hat\n|-damage|p1a: Mimikyu|77\/100 brn|[from] item: Life Orb\n|\n|-damage|p1a: Mimikyu|65\/100 brn|[from] Leech Seed|[of] p2a: Hat\n|-heal|p2a: Hat|28\/100|[silent]\n|-damage|p1a: Mimikyu|59\/100 brn|[from] brn\n|upkeep\n|turn|24\n|\n|t:|1701022959\n|move|p1a: Mimikyu|Shadow Sneak|p2a: Hat\n|-damage|p2a: Hat|0 fnt\n|faint|p2a: Hat\n|-damage|p1a: Mimikyu|49\/100 brn|[from] item: Life Orb\n|\n|-damage|p1a: Mimikyu|43\/100 brn|[from] brn\n|upkeep\n|\n|t:|1701022964\n|switch|p2a: Flaps|Flygon, M|94\/100 brn\n|turn|25\n|c|\u2606lighteater24|Nice hat\n|\n|t:|1701022972\n|move|p2a: Flaps|Earthquake|p1a: Mimikyu\n|-damage|p1a: Mimikyu|13\/100 brn\n|move|p1a: Mimikyu|Play Rough|p2a: Flaps\n|-supereffective|p2a: Flaps\n|-damage|p2a: Flaps|0 fnt\n|faint|p2a: Flaps\n|-damage|p1a: Mimikyu|3\/100 brn|[from] item: Life Orb\n|\n|-damage|p1a: Mimikyu|0 fnt|[from] brn\n|faint|p1a: Mimikyu\n|upkeep\n|\n|t:|1701022985\n|switch|p2a: Rawr|Arcanine-Hisui, F|30\/100\n|switch|p1a: Froslass|Froslass, F|100\/100\n|turn|26\n|\n|t:|1701022991\n|move|p1a: Froslass|Hex|p2a: Rawr\n|-damage|p2a: Rawr|1\/100\n|move|p2a: Rawr|Flare Blitz|p1a: Froslass\n|-supereffective|p1a: Froslass\n|-damage|p1a: Froslass|0 fnt\n|faint|p1a: Froslass\n|\n|upkeep\n|\n|t:|1701022999\n|switch|p1a: Chandelure|Chandelure, F|100\/100\n|turn|27\n|\n|t:|1701023002\n|move|p1a: Chandelure|Energy Ball|p2a: Rawr\n|-damage|p2a: Rawr|0 fnt\n|faint|p2a: Rawr\n|\n|upkeep\n|\n|t:|1701023007\n|switch|p2a: Copypasta|Vaporeon, M|100\/100\n|turn|28\n|c|\u2606lighteater24|Your team is good\n|c|\u2606lighteater24|I like it\n|\n|t:|1701023017\n|-terastallize|p2a: Copypasta|Poison\n|move|p1a: Chandelure|Energy Ball|p2a: Copypasta\n|-resisted|p2a: Copypasta\n|-damage|p2a: Copypasta|88\/100\n|move|p2a: Copypasta|Calm Mind|p2a: Copypasta\n|-boost|p2a: Copypasta|spa|1\n|-boost|p2a: Copypasta|spd|1\n|\n|-heal|p2a: Copypasta|94\/100|[from] item: Leftovers\n|upkeep\n|turn|29\n|c|\u2606lighteater24|Gg\n|-message|lighteater24 forfeited.\n|\n|win|NovembersEve\n|raw|lighteater24's rating: 1253 &rarr; <strong>1224<\/strong><br \/>(-29 for losing)\n|raw|NovembersEve's rating: 1190 &rarr; <strong>1219<\/strong><br \/>(+29 for winning)\n|l|\u2606lighteater24\n|c|\u2606NovembersEve|thanks\n|c|\u2606NovembersEve|gg\n","uploadtime":1701023057,"views":1,"p1id":"lighteater24","p2id":"novemberseve","formatid":"gen9nationaldex","rating":1219,"private":0,"password":""}