{"id":"gen9nationaldex-1993511717","p1":"Will Of Hope","p2":"Neji-4K","format":"[Gen 9] National Dex","log":"|j|\u2606Will Of Hope\n|j|\u2606Neji-4K\n|inactive|Battle timer is ON: inactive players will automatically lose when time's up.\n|t:|1700326519\n|gametype|singles\n|player|p1|Will Of Hope|steven|\n|player|p2|Neji-4K|cress|\n|teamsize|p1|6\n|teamsize|p2|6\n|gen|9\n|tier|[Gen 9] National Dex\n|rated|Tournament battle\n|rule|HP Percentage Mod: HP is shown in percentages\n|rule|Endless Battle Clause: Forcing endless battles is banned\n|rule|OHKO Clause: OHKO moves are banned\n|rule|Evasion Clause: Evasion abilities, items, and moves are banned\n|rule|Evasion Abilities Clause: Evasion abilities are banned\n|rule|Evasion Items Clause: Evasion items are banned\n|rule|Evasion Moves Clause: Evasion moves are banned\n|rule|Species Clause: Limit one of each Pok\u00e9mon\n|rule|Sleep Clause Mod: Limit one foe put to sleep\n|clearpoke\n|poke|p1|Ting-Lu|\n|poke|p1|Pawmot, M|\n|poke|p1|Tapu Lele|\n|poke|p1|Latias, F|\n|poke|p1|Blissey, F|\n|poke|p1|Great Tusk|\n|poke|p2|Hydreigon, M|\n|poke|p2|Lopunny, M|\n|poke|p2|Ferrothorn, M|\n|poke|p2|Tornadus-Therian, M|\n|poke|p2|Heatran, F|\n|poke|p2|Gastrodon, F|\n|teampreview\n|inactive|Neji-4K also wants the timer to be on.\n|j| The power of ROCK\n|j| Dark Umbreon 08\n|j| CuriousStraightGuy\n|l| Dark Umbreon 08\n|c|\u2606Will Of Hope|yeah I might as well quit\n|c| The power of ROCK|bruh\n|c| The power of ROCK|dont u dare\n|c|\u2606Will Of Hope|this team is too strong\n|c| CuriousStraightGuy|i hope thats klutz lopunny no mega\n|\n|t:|1700326539\n|start\n|switch|p1a: Mega Unexpected|Latias, F|100\/100\n|switch|p2a: Tornadus|Tornadus-Therian, M|100\/100\n|turn|1\n|\n|t:|1700326548\n|detailschange|p1a: Mega Unexpected|Latias-Mega, F\n|-mega|p1a: Mega Unexpected|Latias|Latiasite\n|move|p2a: Tornadus|Knock Off|p1a: Mega Unexpected\n|-supereffective|p1a: Mega Unexpected\n|-damage|p1a: Mega Unexpected|76\/100\n|move|p1a: Mega Unexpected|Draco Meteor|p2a: Tornadus\n|-damage|p2a: Tornadus|22\/100\n|-unboost|p1a: Mega Unexpected|spa|2\n|\n|upkeep\n|turn|2\n|\n|t:|1700326562\n|switch|p2a: Heatran|Heatran, F|100\/100\n|move|p1a: Mega Unexpected|Psyshock|p2a: Heatran\n|-resisted|p2a: Heatran\n|-damage|p2a: Heatran|91\/100\n|\n|-heal|p2a: Heatran|98\/100|[from] item: Leftovers\n|upkeep\n|turn|3\n|\n|t:|1700326565\n|switch|p1a: Dark Moose Man|Ting-Lu|100\/100\n|-ability|p1a: Dark Moose Man|Vessel of Ruin\n|move|p2a: Heatran|Toxic|p1a: Dark Moose Man\n|-status|p1a: Dark Moose Man|tox\n|\n|-heal|p2a: Heatran|100\/100|[from] item: Leftovers\n|-damage|p1a: Dark Moose Man|94\/100 tox|[from] psn\n|upkeep\n|turn|4\n|\n|t:|1700326570\n|switch|p2a: Tornadus|Tornadus-Therian, M|55\/100\n|move|p1a: Dark Moose Man|Stealth Rock|p2a: Tornadus\n|-sidestart|p2: Neji-4K|move: Stealth Rock\n|\n|-heal|p1a: Dark Moose Man|100\/100 tox|[from] item: Leftovers\n|-damage|p1a: Dark Moose Man|88\/100 tox|[from] psn\n|upkeep\n|turn|5\n|\n|t:|1700326574\n|move|p2a: Tornadus|Knock Off|p1a: Dark Moose Man\n|-resisted|p1a: Dark Moose Man\n|-damage|p1a: Dark Moose Man|83\/100 tox\n|-enditem|p1a: Dark Moose Man|Leftovers|[from] move: Knock Off|[of] p2a: Tornadus\n|move|p1a: Dark Moose Man|Payback|p2a: Tornadus\n|-damage|p2a: Tornadus|14\/100\n|\n|-damage|p1a: Dark Moose Man|65\/100 tox|[from] psn\n|upkeep\n|turn|6\n|\n|t:|1700326599\n|switch|p2a: Lopunny|Lopunny, M|100\/100\n|-damage|p2a: Lopunny|88\/100|[from] Stealth Rock\n|switch|p1a: Nurse Joy|Blissey, F|100\/100\n|\n|upkeep\n|turn|7\n|c|\u2606Will Of Hope|man I am shaking\n|\n|t:|1700326611\n|switch|p1a: Independant Tapu|Tapu Lele|100\/100\n|-fieldstart|move: Psychic Terrain|[from] ability: Psychic Surge|[of] p1a: Independant Tapu\n|detailschange|p2a: Lopunny|Lopunny-Mega, M\n|-mega|p2a: Lopunny|Lopunny|Lopunnite\n|move|p2a: Lopunny|Triple Axel|p1a: Independant Tapu\n|-damage|p1a: Independant Tapu|90\/100\n|-damage|p1a: Independant Tapu|68\/100\n|-damage|p1a: Independant Tapu|33\/100\n|-hitcount|p1a: Independant Tapu|3\n|\n|upkeep\n|turn|8\n|\n|t:|1700326630\n|switch|p2a: Heatran|Heatran, F|100\/100\n|-damage|p2a: Heatran|88\/100|[from] Stealth Rock\n|move|p1a: Independant Tapu|Psychic|p2a: Heatran\n|-resisted|p2a: Heatran\n|-damage|p2a: Heatran|70\/100\n|\n|-heal|p2a: Heatran|76\/100|[from] item: Leftovers\n|upkeep\n|turn|9\n|\n|t:|1700326638\n|switch|p1a: Nurse Joy|Blissey, F|100\/100\n|move|p2a: Heatran|Magma Storm|p1a: Nurse Joy\n|-damage|p1a: Nurse Joy|86\/100\n|-activate|p1a: Nurse Joy|move: Magma Storm|[of] p2a: Heatran\n|\n|-heal|p2a: Heatran|82\/100|[from] item: Leftovers\n|-heal|p1a: Nurse Joy|92\/100|[from] item: Leftovers\n|-damage|p1a: Nurse Joy|80\/100|[from] move: Magma Storm|[partiallytrapped]\n|upkeep\n|turn|10\n|\n|t:|1700326646\n|move|p2a: Heatran|Toxic|p1a: Nurse Joy\n|-status|p1a: Nurse Joy|tox\n|move|p1a: Nurse Joy|Wish|p1a: Nurse Joy\n|\n|-heal|p2a: Heatran|89\/100|[from] item: Leftovers\n|-heal|p1a: Nurse Joy|86\/100 tox|[from] item: Leftovers\n|-damage|p1a: Nurse Joy|80\/100 tox|[from] psn\n|-damage|p1a: Nurse Joy|67\/100 tox|[from] move: Magma Storm|[partiallytrapped]\n|upkeep\n|turn|11\n|\n|t:|1700326655\n|move|p2a: Heatran|Earth Power|p1a: Nurse Joy\n|-damage|p1a: Nurse Joy|58\/100 tox\n|move|p1a: Nurse Joy|Aromatherapy|p1a: Nurse Joy\n|-activate|p1a: Nurse Joy|move: Aromatherapy\n|-curestatus|p1a: Nurse Joy|tox|[msg]\n|-curestatus|p1: Dark Moose Man|tox|[msg]\n|\n|-heal|p1a: Nurse Joy|100\/100|[from] move: Wish|[wisher] Nurse Joy\n|-heal|p2a: Heatran|95\/100|[from] item: Leftovers\n|-damage|p1a: Nurse Joy|88\/100|[from] move: Magma Storm|[partiallytrapped]\n|-fieldend|move: Psychic Terrain\n|upkeep\n|turn|12\n|\n|t:|1700326662\n|move|p2a: Heatran|Toxic|p1a: Nurse Joy\n|-status|p1a: Nurse Joy|tox\n|move|p1a: Nurse Joy|Wish|p1a: Nurse Joy\n|\n|-heal|p2a: Heatran|100\/100|[from] item: Leftovers\n|-heal|p1a: Nurse Joy|94\/100 tox|[from] item: Leftovers\n|-damage|p1a: Nurse Joy|88\/100 tox|[from] psn\n|-damage|p1a: Nurse Joy|76\/100 tox|[from] move: Magma Storm|[partiallytrapped]\n|upkeep\n|turn|13\n|\n|t:|1700326668\n|switch|p2a: Lopunny|Lopunny-Mega, M|88\/100\n|-damage|p2a: Lopunny|82\/100|[from] Stealth Rock\n|move|p1a: Nurse Joy|Seismic Toss|p2a: Lopunny\n|-damage|p2a: Lopunny|46\/100\n|\n|-heal|p1a: Nurse Joy|100\/100 tox|[from] move: Wish|[wisher] Nurse Joy\n|-damage|p1a: Nurse Joy|88\/100 tox|[from] psn\n|-end|p1a: Nurse Joy|Magma Storm|[partiallytrapped]|[silent]\n|upkeep\n|turn|14\n|\n|t:|1700326674\n|-curestatus|p1a: Nurse Joy|tox|[from] ability: Natural Cure\n|switch|p1a: Independant Tapu|Tapu Lele|33\/100\n|-fieldstart|move: Psychic Terrain|[from] ability: Psychic Surge|[of] p1a: Independant Tapu\n|move|p2a: Lopunny|Close Combat|p1a: Independant Tapu\n|-resisted|p1a: Independant Tapu\n|-damage|p1a: Independant Tapu|10\/100\n|-unboost|p2a: Lopunny|def|1\n|-unboost|p2a: Lopunny|spd|1\n|\n|upkeep\n|turn|15\n|\n|t:|1700326682\n|switch|p2a: Heatran|Heatran, F|100\/100\n|-damage|p2a: Heatran|88\/100|[from] Stealth Rock\n|move|p1a: Independant Tapu|Psychic|p2a: Heatran\n|-resisted|p2a: Heatran\n|-damage|p2a: Heatran|69\/100\n|\n|-heal|p2a: Heatran|75\/100|[from] item: Leftovers\n|upkeep\n|turn|16\n|\n|t:|1700326689\n|move|p1a: Independant Tapu|Psychic|p2a: Heatran\n|-resisted|p2a: Heatran\n|-damage|p2a: Heatran|54\/100\n|move|p2a: Heatran|Magma Storm|p1a: Independant Tapu|[miss]\n|-miss|p2a: Heatran|p1a: Independant Tapu\n|\n|-heal|p2a: Heatran|60\/100|[from] item: Leftovers\n|upkeep\n|turn|17\n|\n|t:|1700326694\n|switch|p2a: Hydreigon|Hydreigon, M|100\/100\n|-damage|p2a: Hydreigon|88\/100|[from] Stealth Rock\n|move|p1a: Independant Tapu|Psychic|p2a: Hydreigon\n|-immune|p2a: Hydreigon\n|\n|upkeep\n|turn|18\n|\n|t:|1700326700\n|switch|p1a: Nurse Joy|Blissey, F|88\/100\n|move|p2a: Hydreigon|U-turn|p1a: Nurse Joy\n|-damage|p1a: Nurse Joy|74\/100\n|\n|t:|1700326703\n|switch|p2a: Tornadus|Tornadus-Therian, M|47\/100|[from] U-turn\n|\n|-heal|p1a: Nurse Joy|80\/100|[from] item: Leftovers\n|-fieldend|move: Psychic Terrain\n|upkeep\n|turn|19\n|\n|t:|1700326707\n|switch|p1a: Dark Moose Man|Ting-Lu|65\/100\n|-ability|p1a: Dark Moose Man|Vessel of Ruin\n|move|p2a: Tornadus|Defog|p1a: Dark Moose Man\n|-unboost|p1a: Dark Moose Man|evasion|1\n|-sideend|p2: Neji-4K|Stealth Rock|[from] move: Defog|[of] p2a: Tornadus\n|\n|upkeep\n|turn|20\n|\n|t:|1700326715\n|move|p2a: Tornadus|Taunt|p1a: Dark Moose Man\n|-start|p1a: Dark Moose Man|move: Taunt\n|move|p1a: Dark Moose Man|Payback|p2a: Tornadus\n|-damage|p2a: Tornadus|1\/100\n|\n|upkeep\n|turn|21\n|c|\u2606Will Of Hope|BRUH\n|\n|t:|1700326728\n|switch|p2a: Gastrodon|Gastrodon, F|100\/100\n|switch|p1a: Independant Tapu|Tapu Lele|10\/100\n|-fieldstart|move: Psychic Terrain|[from] ability: Psychic Surge|[of] p1a: Independant Tapu\n|\n|upkeep\n|turn|22\n|\n|t:|1700326748\n|move|p1a: Independant Tapu|Energy Ball|p2a: Gastrodon\n|-supereffective|p2a: Gastrodon\n|-damage|p2a: Gastrodon|0 fnt\n|faint|p2a: Gastrodon\n|\n|upkeep\n|c|\u2606Will Of Hope|thank god\n|\n|t:|1700326756\n|switch|p2a: Ferrothorn|Ferrothorn, M|100\/100\n|turn|23\n|c|\u2606Will Of Hope|I was so scared of a switch\n|\n|t:|1700326767\n|switch|p1a: Dark Moose Man|Ting-Lu|65\/100\n|-ability|p1a: Dark Moose Man|Vessel of Ruin\n|move|p2a: Ferrothorn|Spikes|p1a: Dark Moose Man\n|-sidestart|p1: Will Of Hope|Spikes\n|\n|upkeep\n|turn|24\n|\n|t:|1700326771\n|move|p1a: Dark Moose Man|Stealth Rock|p2a: Ferrothorn\n|-sidestart|p2: Neji-4K|move: Stealth Rock\n|move|p2a: Ferrothorn|Leech Seed|p1a: Dark Moose Man\n|-start|p1a: Dark Moose Man|move: Leech Seed\n|\n|-damage|p1a: Dark Moose Man|52\/100|[from] Leech Seed|[of] p2a: Ferrothorn\n|upkeep\n|turn|25\n|\n|t:|1700326778\n|switch|p1a: Independant Tapu|Tapu Lele|10\/100\n|-damage|p1a: Independant Tapu|0 fnt|[from] Spikes\n|faint|p1a: Independant Tapu\n|switch|p2a: Lopunny|Lopunny-Mega, M|46\/100\n|-damage|p2a: Lopunny|40\/100|[from] Stealth Rock\n|\n|-fieldend|move: Psychic Terrain\n|upkeep\n|j|@Wildfiree\n|j| goopypiggys\n|j| Dozkek\n|\n|t:|1700326790\n|switch|p1a: Mega Unexpected|Latias-Mega, F|76\/100\n|turn|26\n|\n|t:|1700326797\n|switch|p2a: Ferrothorn|Ferrothorn, M|100\/100\n|-damage|p2a: Ferrothorn|94\/100|[from] Stealth Rock\n|move|p1a: Mega Unexpected|Psyshock|p2a: Ferrothorn\n|-resisted|p2a: Ferrothorn\n|-damage|p2a: Ferrothorn|79\/100\n|\n|-heal|p2a: Ferrothorn|85\/100|[from] item: Leftovers\n|upkeep\n|turn|27\n|c|\u2606Will Of Hope|triple axel pls miss\n|\n|t:|1700326805\n|move|p1a: Mega Unexpected|Mystical Fire|p2a: Ferrothorn\n|-supereffective|p2a: Ferrothorn\n|-damage|p2a: Ferrothorn|18\/100\n|-unboost|p2a: Ferrothorn|spa|1\n|move|p2a: Ferrothorn|Leech Seed|p1a: Mega Unexpected\n|-start|p1a: Mega Unexpected|move: Leech Seed\n|\n|-heal|p2a: Ferrothorn|24\/100|[from] item: Leftovers\n|-damage|p1a: Mega Unexpected|64\/100|[from] Leech Seed|[of] p2a: Ferrothorn\n|-heal|p2a: Ferrothorn|35\/100|[silent]\n|upkeep\n|turn|28\n|c|\u2606Will Of Hope|this chip is all I need\n|j| stall@!\n|\n|t:|1700326816\n|switch|p1a: Grandpa Donphan|Great Tusk|100\/100\n|-damage|p1a: Grandpa Donphan|88\/100|[from] Spikes\n|switch|p2a: Heatran|Heatran, F|60\/100\n|-damage|p2a: Heatran|48\/100|[from] Stealth Rock\n|\n|-heal|p2a: Heatran|54\/100|[from] item: Leftovers\n|upkeep\n|turn|29\n|l| stall\n|\n|t:|1700326825\n|switch|p2a: Tornadus|Tornadus-Therian, M|34\/100\n|move|p1a: Grandpa Donphan|Rapid Spin|p2a: Tornadus\n|-damage|p2a: Tornadus|10\/100\n|-boost|p1a: Grandpa Donphan|spe|1\n|-sideend|p1: Will Of Hope|Spikes|[from] move: Rapid Spin|[of] p1a: Grandpa Donphan\n|-damage|p1a: Grandpa Donphan|78\/100|[from] item: Life Orb\n|\n|upkeep\n|turn|30\n|\n|t:|1700326834\n|switch|p2a: Ferrothorn|Ferrothorn, M|35\/100\n|-damage|p2a: Ferrothorn|29\/100|[from] Stealth Rock\n|move|p1a: Grandpa Donphan|Rapid Spin|p2a: Ferrothorn\n|-resisted|p2a: Ferrothorn\n|-damage|p2a: Ferrothorn|20\/100\n|-boost|p1a: Grandpa Donphan|spe|1\n|-damage|p1a: Grandpa Donphan|66\/100|[from] ability: Iron Barbs|[of] p2a: Ferrothorn\n|-damage|p1a: Grandpa Donphan|56\/100|[from] item: Life Orb\n|\n|-heal|p2a: Ferrothorn|26\/100|[from] item: Leftovers\n|upkeep\n|turn|31\n|c|\u2606Will Of Hope|now I can spam cc\n|\n|t:|1700326852\n|move|p1a: Grandpa Donphan|Close Combat|p2a: Ferrothorn\n|-supereffective|p2a: Ferrothorn\n|-damage|p2a: Ferrothorn|0 fnt\n|-unboost|p1a: Grandpa Donphan|def|1\n|-unboost|p1a: Grandpa Donphan|spd|1\n|-damage|p1a: Grandpa Donphan|43\/100|[from] ability: Iron Barbs|[of] p2a: Ferrothorn\n|faint|p2a: Ferrothorn\n|-damage|p1a: Grandpa Donphan|33\/100|[from] item: Life Orb\n|\n|upkeep\n|\n|t:|1700326855\n|switch|p2a: Lopunny|Lopunny-Mega, M|40\/100\n|-damage|p2a: Lopunny|34\/100|[from] Stealth Rock\n|turn|32\n|c|\u2606Will Of Hope|thanks for the speed boost\n|c| The power of ROCK|lol\n|\n|t:|1700326861\n|move|p2a: Lopunny|Fake Out|p1a: Grandpa Donphan\n|-damage|p1a: Grandpa Donphan|10\/100\n|cant|p1a: Grandpa Donphan|flinch\n|\n|upkeep\n|turn|33\n|j| Octavioth3second\n|\n|t:|1700326873\n|switch|p2a: Tornadus|Tornadus-Therian, M|43\/100\n|move|p1a: Grandpa Donphan|Ice Spinner|p2a: Tornadus\n|-supereffective|p2a: Tornadus\n|-damage|p2a: Tornadus|0 fnt\n|faint|p2a: Tornadus\n|-damage|p1a: Grandpa Donphan|0 fnt|[from] item: Life Orb\n|faint|p1a: Grandpa Donphan\n|-end|p1a: Grandpa Donphan|Protosynthesis|[silent]\n|\n|upkeep\n|c| Dozkek|Imagine getting killed by lopunny fake out\n|j| Elena Rybakina\n|c| Dozkek|Actually life orb tusk is crazy\n|inactive|Will Of Hope has 120 seconds left.\n|c|\u2606Neji-4K|Max speed mega lati?\n|j| Cheli_007\n|\n|t:|1700326930\n|switch|p2a: Lopunny|Lopunny-Mega, M|34\/100\n|switch|p1a: 1000 steps|Pawmot, M|100\/100\n|-damage|p2a: Lopunny|28\/100|[from] Stealth Rock\n|turn|34\n|\n|t:|1700326937\n|move|p2a: Lopunny|Fake Out|p1a: 1000 steps\n|-damage|p1a: 1000 steps|65\/100\n|cant|p1a: 1000 steps|flinch\n|\n|upkeep\n|turn|35\n|c| The power of ROCK|that did 35%\n|c| The power of ROCK|jeez\n|\n|t:|1700326948\n|switch|p2a: Hydreigon|Hydreigon, M|88\/100\n|-damage|p2a: Hydreigon|76\/100|[from] Stealth Rock\n|move|p1a: 1000 steps|Revival Blessing|p1a: 1000 steps\n|n| CuriousStraightGuy|curiousstraightguy\n|\n|t:|1700326954\n|-heal|p1: Independant Tapu|50\/100|[from] move: Revival Blessing\n|\n|upkeep\n|turn|36\n|l| Elena Rybakina\n|\n|t:|1700326965\n|move|p1a: 1000 steps|Close Combat|p2a: Hydreigon\n|-supereffective|p2a: Hydreigon\n|-damage|p2a: Hydreigon|0 fnt\n|-unboost|p1a: 1000 steps|def|1\n|-unboost|p1a: 1000 steps|spd|1\n|faint|p2a: Hydreigon\n|\n|upkeep\n|\n|t:|1700326972\n|switch|p2a: Lopunny|Lopunny-Mega, M|28\/100\n|-damage|p2a: Lopunny|22\/100|[from] Stealth Rock\n|turn|37\n|c|\u2606Will Of Hope|bro....\n|c|\u2606Will Of Hope|I might win\n|\n|t:|1700326987\n|switch|p1a: Independant Tapu|Tapu Lele|50\/100\n|-fieldstart|move: Psychic Terrain|[from] ability: Psychic Surge|[of] p1a: Independant Tapu\n|move|p2a: Lopunny|Fake Out|p1a: Independant Tapu\n|-activate|p1a: Independant Tapu|move: Psychic Terrain\n|\n|upkeep\n|turn|38\n|\n|t:|1700326997\n|switch|p1a: Dark Moose Man|Ting-Lu|52\/100\n|-ability|p1a: Dark Moose Man|Vessel of Ruin\n|switch|p2a: Heatran|Heatran, F|54\/100\n|-damage|p2a: Heatran|42\/100|[from] Stealth Rock\n|\n|-heal|p2a: Heatran|48\/100|[from] item: Leftovers\n|upkeep\n|turn|39\n|l| Octavioth3second\n|\n|t:|1700327006\n|-terastallize|p2a: Heatran|Grass\n|move|p2a: Heatran|Magma Storm|p1a: Dark Moose Man\n|-damage|p1a: Dark Moose Man|30\/100\n|-activate|p1a: Dark Moose Man|move: Magma Storm|[of] p2a: Heatran\n|move|p1a: Dark Moose Man|Earthquake|p2a: Heatran\n|-resisted|p2a: Heatran\n|-damage|p2a: Heatran|30\/100\n|\n|-heal|p2a: Heatran|36\/100|[from] item: Leftovers\n|-damage|p1a: Dark Moose Man|17\/100|[from] move: Magma Storm|[partiallytrapped]\n|upkeep\n|turn|40\n|l| Cheli_007\n|c| Dozkek|Cool you won a room tour\n|\n|t:|1700327016\n|move|p2a: Heatran|Magma Storm|p1a: Dark Moose Man\n|-damage|p1a: Dark Moose Man|0 fnt\n|faint|p1a: Dark Moose Man\n|\n|-heal|p2a: Heatran|42\/100|[from] item: Leftovers\n|upkeep\n|c|\u2606Will Of Hope|bro pls appreciate it this is my first win\n|\n|t:|1700327030\n|switch|p1a: Independant Tapu|Tapu Lele|50\/100\n|turn|41\n|\n|t:|1700327035\n|-terastallize|p1a: Independant Tapu|Psychic\n|move|p1a: Independant Tapu|Psychic|p2a: Heatran\n|-crit|p2a: Heatran\n|-damage|p2a: Heatran|0 fnt\n|faint|p2a: Heatran\n|\n|-fieldend|move: Psychic Terrain\n|upkeep\n|c|\u2606Will Of Hope|I am scarf\n|l| goopypiggys\n|c|\u2606Neji-4K|gg wp\n|\n|t:|1700327047\n|switch|p2a: Lopunny|Lopunny-Mega, M|22\/100\n|-damage|p2a: Lopunny|16\/100|[from] Stealth Rock\n|turn|42\n|c|\u2606Will Of Hope|I am forfeiting\n|c|\u2606Will Of Hope|gg\n|l| Dozkek\n|c|\u2606Will Of Hope|SIKE\n|\n|t:|1700327075\n|move|p1a: Independant Tapu|Psychic|p2a: Lopunny\n|-supereffective|p2a: Lopunny\n|-damage|p2a: Lopunny|0 fnt\n|faint|p2a: Lopunny\n|\n|win|Will Of Hope\n|n|\u2606Will Of Hope|willofhope\n|n|\u2606Neji-4K|neji4k\n|n| The power of ROCK|thepowerofrock\n|n|+Wildfiree|wildfiree\n|n| CuriousStraightGuy|curiousstraightguy\n","uploadtime":1700327076,"views":8,"p1id":"willofhope","p2id":"neji4k","formatid":"gen9nationaldex","rating":0,"private":0,"password":""}