{"id":"gen9nationaldex-2000212159","p1":"TMLester","p2":"crumplecrumpet","format":"[Gen 9] National Dex","log":"|html|<div class=\"broadcast-blue\"><strong>[Gen 9] National Dex is currently suspecting Sneasler! For information on how to participate check out the <a href=\"https:\/\/www.smogon.com\/forums\/threads\/sv-national-dex-suspect-8-just-dance.3731534\/\">suspect thread<\/a>.<\/strong><\/div>\n|j|\u2606TMLester\n|j|\u2606crumplecrumpet\n|t:|1701172800\n|gametype|singles\n|player|p1|TMLester|169|1441\n|player|p2|crumplecrumpet|102|1424\n|teamsize|p1|6\n|teamsize|p2|6\n|gen|9\n|tier|[Gen 9] National Dex\n|rated|\n|rule|HP Percentage Mod: HP is shown in percentages\n|rule|Endless Battle Clause: Forcing endless battles is banned\n|rule|OHKO Clause: OHKO moves are banned\n|rule|Evasion Clause: Evasion abilities, items, and moves are banned\n|rule|Evasion Abilities Clause: Evasion abilities are banned\n|rule|Evasion Items Clause: Evasion items are banned\n|rule|Evasion Moves Clause: Evasion moves are banned\n|rule|Species Clause: Limit one of each Pok\u00e9mon\n|rule|Sleep Clause Mod: Limit one foe put to sleep\n|clearpoke\n|poke|p1|Gliscor, F|\n|poke|p1|Dragonite, F|\n|poke|p1|Rotom-Wash|\n|poke|p1|Dondozo, F|\n|poke|p1|Volcarona, F|\n|poke|p1|Banette, F|\n|poke|p2|Slowking-Galar, F|\n|poke|p2|Slowbro, M|\n|poke|p2|Solosis, L1, F|\n|poke|p2|Ursaluna, M|\n|poke|p2|Goodra-Hisui, F|\n|poke|p2|Buzzwole|\n|teampreview\n|\n|t:|1701172809\n|start\n|switch|p1a: Rotom|Rotom-Wash|100\/100\n|switch|p2a: Slowking|Slowking-Galar, F|100\/100\n|turn|1\n|\n|t:|1701172811\n|move|p1a: Rotom|Volt Switch|p2a: Slowking\n|-damage|p2a: Slowking|81\/100\n|\n|t:|1701172813\n|switch|p1a: Gliscor|Gliscor, F|100\/100|[from] Volt Switch\n|move|p2a: Slowking|Trick Room|p2a: Slowking\n|-fieldstart|move: Trick Room|[of] p2a: Slowking\n|\n|-status|p1a: Gliscor|tox|[from] item: Toxic Orb\n|upkeep\n|turn|2\n|\n|t:|1701172816\n|move|p2a: Slowking|Ice Beam|p1a: Gliscor\n|-supereffective|p1a: Gliscor\n|-damage|p1a: Gliscor|0 fnt\n|faint|p1a: Gliscor\n|\n|upkeep\n|\n|t:|1701172822\n|switch|p1a: Volcarona|Volcarona, F|100\/100\n|turn|3\n|\n|t:|1701172829\n|switch|p2a: Ursaluna|Ursaluna, M|100\/100\n|move|p1a: Volcarona|Quiver Dance|p1a: Volcarona\n|-boost|p1a: Volcarona|spa|1\n|-boost|p1a: Volcarona|spd|1\n|-boost|p1a: Volcarona|spe|1\n|\n|-status|p2a: Ursaluna|brn|[from] item: Flame Orb\n|upkeep\n|turn|4\n|\n|t:|1701172839\n|switch|p1a: Banette|Banette, F|100\/100\n|-item|p2a: Ursaluna|Flame Orb|[from] ability: Frisk|[of] p1a: Banette|[identify]\n|move|p2a: Ursaluna|Facade|p1a: Banette\n|-immune|p1a: Banette\n|\n|-damage|p2a: Ursaluna|94\/100 brn|[from] brn\n|upkeep\n|turn|5\n|\n|t:|1701172847\n|detailschange|p1a: Banette|Banette-Mega, F\n|-mega|p1a: Banette|Banette|Banettite\n|move|p1a: Banette|Encore|p2a: Ursaluna\n|-start|p2a: Ursaluna|Encore\n|move|p2a: Ursaluna|Facade|p1a: Banette\n|-immune|p1a: Banette\n|\n|-damage|p2a: Ursaluna|88\/100 brn|[from] brn\n|-fieldend|move: Trick Room\n|upkeep\n|turn|6\n|inactive|Battle timer is ON: inactive players will automatically lose when time's up. (requested by crumplecrumpet)\n|\n|t:|1701172889\n|switch|p2a: Buzzwole|Buzzwole|100\/100\n|move|p1a: Banette|Swords Dance|p1a: Banette\n|-boost|p1a: Banette|atk|2\n|\n|upkeep\n|turn|7\n|\n|t:|1701172895\n|move|p1a: Banette|Throat Chop|p2a: Buzzwole\n|-resisted|p2a: Buzzwole\n|-damage|p2a: Buzzwole|78\/100\n|-start|p2a: Buzzwole|Throat Chop|[silent]\n|move|p2a: Buzzwole|Earthquake|p1a: Banette\n|-damage|p1a: Banette|47\/100\n|\n|upkeep\n|turn|8\n|\n|t:|1701172901\n|move|p1a: Banette|Destiny Bond|p1a: Banette\n|-singlemove|p1a: Banette|Destiny Bond\n|move|p2a: Buzzwole|Earthquake|p1a: Banette\n|-damage|p1a: Banette|0 fnt\n|faint|p1a: Banette\n|-activate|p1a: Banette|move: Destiny Bond\n|faint|p2a: Buzzwole\n|\n|upkeep\n|\n|t:|1701172910\n|switch|p1a: Dragonite|Dragonite, F|100\/100\n|switch|p2a: Slowking|Slowking-Galar, F|100\/100\n|turn|9\n|\n|t:|1701172912\n|switch|p2a: Slowbro|Slowbro, M|100\/100\n|move|p1a: Dragonite|Earthquake|p2a: Slowbro\n|-damage|p2a: Slowbro|69\/100\n|\n|upkeep\n|turn|10\n|\n|t:|1701172919\n|switch|p1a: Rotom|Rotom-Wash|100\/100\n|detailschange|p2a: Slowbro|Slowbro-Mega, M\n|-mega|p2a: Slowbro|Slowbro|Slowbronite\n|move|p2a: Slowbro|Trick Room|p2a: Slowbro\n|-fieldstart|move: Trick Room|[of] p2a: Slowbro\n|\n|upkeep\n|turn|11\n|\n|t:|1701172922\n|switch|p2a: Ursaluna|Ursaluna, M|88\/100 brn\n|move|p1a: Rotom|Will-O-Wisp|p2a: Ursaluna\n|-fail|p2a: Ursaluna|brn\n|\n|-damage|p2a: Ursaluna|82\/100 brn|[from] brn\n|upkeep\n|turn|12\n|\n|t:|1701172925\n|move|p2a: Ursaluna|Facade|p1a: Rotom\n|-damage|p1a: Rotom|0 fnt\n|faint|p1a: Rotom\n|\n|-damage|p2a: Ursaluna|76\/100 brn|[from] brn\n|upkeep\n|\n|t:|1701172933\n|switch|p1a: Dragonite|Dragonite, F|100\/100\n|turn|13\n|\n|t:|1701172937\n|move|p2a: Ursaluna|Ice Punch|p1a: Dragonite\n|-supereffective|p1a: Dragonite\n|-damage|p1a: Dragonite|0 fnt\n|faint|p1a: Dragonite\n|\n|-damage|p2a: Ursaluna|69\/100 brn|[from] brn\n|upkeep\n|\n|t:|1701172942\n|switch|p1a: Dondozo|Dondozo, F|100\/100\n|turn|14\n|\n|t:|1701172945\n|-terastallize|p2a: Ursaluna|Ground\n|move|p2a: Ursaluna|Earthquake|p1a: Dondozo\n|-crit|p1a: Dondozo\n|-damage|p1a: Dondozo|0 fnt\n|faint|p1a: Dondozo\n|\n|-damage|p2a: Ursaluna|63\/100 brn|[from] brn\n|-fieldend|move: Trick Room\n|upkeep\n|-message|TMLester forfeited.\n|\n|win|crumplecrumpet\n|raw|TMLester's rating: 1441 &rarr; <strong>1420<\/strong><br \/>(-21 for losing)\n|raw|crumplecrumpet's rating: 1424 &rarr; <strong>1445<\/strong><br \/>(+21 for winning)\n|l|\u2606TMLester\n","uploadtime":1701172954,"views":6,"p1id":"tmlester","p2id":"crumplecrumpet","formatid":"gen9nationaldex","rating":1420,"private":0,"password":""}