{"id":"gen9nationaldex-1987201302","p1":"TrojantheTank","p2":"stormflypirateskin","format":"[Gen 9] National Dex","log":"|j|\u2606TrojantheTank\n|j|\u2606stormflypirateskin\n|t:|1699564739\n|gametype|singles\n|player|p1|TrojantheTank|linebacker|\n|player|p2|stormflypirateskin|skierf|\n|teamsize|p1|6\n|teamsize|p2|6\n|gen|9\n|tier|[Gen 9] National Dex\n|rule|HP Percentage Mod: HP is shown in percentages\n|rule|Endless Battle Clause: Forcing endless battles is banned\n|rule|OHKO Clause: OHKO moves are banned\n|rule|Evasion Clause: Evasion abilities, items, and moves are banned\n|rule|Evasion Abilities Clause: Evasion abilities are banned\n|rule|Evasion Items Clause: Evasion items are banned\n|rule|Evasion Moves Clause: Evasion moves are banned\n|rule|Species Clause: Limit one of each Pok\u00e9mon\n|rule|Sleep Clause Mod: Limit one foe put to sleep\n|clearpoke\n|poke|p1|Aggron, M|\n|poke|p1|Haxorus, M|\n|poke|p1|Golisopod, M|\n|poke|p1|Scizor, F|\n|poke|p1|Hydreigon, M|\n|poke|p1|Buzzwole|\n|poke|p2|Charizard, M|\n|poke|p2|Salamence, M|\n|poke|p2|Tyranitar, M|\n|poke|p2|Marowak, F|\n|poke|p2|Aerodactyl, M|\n|poke|p2|Dragonite, M|\n|teampreview\n|\n|t:|1699564751\n|start\n|switch|p1a: Axe|Haxorus, M, shiny|100\/100\n|switch|p2a: \u0388\u03be\u03b1\u03c8\u03b7|Salamence, M|100\/100\n|-ability|p1a: Axe|Mold Breaker\n|turn|1\n|\n|t:|1699564765\n|-terastallize|p1a: Axe|Fighting\n|-zpower|p2a: \u0388\u03be\u03b1\u03c8\u03b7\n|move|p2a: \u0388\u03be\u03b1\u03c8\u03b7|Supersonic Skystrike|p1a: Axe|[zeffect]\n|-supereffective|p1a: Axe\n|-damage|p1a: Axe|0 fnt\n|faint|p1a: Axe\n|-ability|p2a: \u0388\u03be\u03b1\u03c8\u03b7|Moxie|boost\n|-boost|p2a: \u0388\u03be\u03b1\u03c8\u03b7|atk|1\n|\n|upkeep\n|c|\u2606TrojantheTank|oop\n|c|\u2606TrojantheTank|Can't catch you with the same trick twice ay?\n|\n|t:|1699564794\n|switch|p1a: King Ghidora|Hydreigon, M|100\/100\n|turn|2\n|c|\u2606stormflypirateskin|AJDHANDBA\n|\n|t:|1699564801\n|move|p1a: King Ghidora|Draco Meteor|p2a: \u0388\u03be\u03b1\u03c8\u03b7\n|-supereffective|p2a: \u0388\u03be\u03b1\u03c8\u03b7\n|-damage|p2a: \u0388\u03be\u03b1\u03c8\u03b7|0 fnt\n|-unboost|p1a: King Ghidora|spa|2\n|faint|p2a: \u0388\u03be\u03b1\u03c8\u03b7\n|\n|upkeep\n|\n|t:|1699564812\n|switch|p2a: \u039c\u03b1\u03c7\u03ae\u03c4\u03c1\u03b9\u03b1|Marowak, F|100\/100\n|turn|3\n|\n|t:|1699564816\n|switch|p1a: Wammu|Buzzwole|100\/100\n|move|p2a: \u039c\u03b1\u03c7\u03ae\u03c4\u03c1\u03b9\u03b1|Brick Break|p1a: Wammu\n|-resisted|p1a: Wammu\n|-damage|p1a: Wammu|88\/100\n|\n|-heal|p1a: Wammu|94\/100|[from] item: Leftovers\n|upkeep\n|turn|4\n|\n|t:|1699564829\n|switch|p2a: \u0391\u03b3\u03ac\u03c0\u03b9\u03bf\u03c2|Charizard, M|100\/100\n|move|p1a: Wammu|Leech Life|p2a: \u0391\u03b3\u03ac\u03c0\u03b9\u03bf\u03c2\n|-resisted|p2a: \u0391\u03b3\u03ac\u03c0\u03b9\u03bf\u03c2\n|-damage|p2a: \u0391\u03b3\u03ac\u03c0\u03b9\u03bf\u03c2|84\/100\n|-heal|p1a: Wammu|99\/100|[from] drain|[of] p2a: \u0391\u03b3\u03ac\u03c0\u03b9\u03bf\u03c2\n|\n|-heal|p1a: Wammu|100\/100|[from] item: Leftovers\n|upkeep\n|turn|5\n|\n|t:|1699564845\n|switch|p1a: Smackaroo|Golisopod, M, shiny|100\/100\n|detailschange|p2a: \u0391\u03b3\u03ac\u03c0\u03b9\u03bf\u03c2|Charizard-Mega-Y, M\n|-mega|p2a: \u0391\u03b3\u03ac\u03c0\u03b9\u03bf\u03c2|Charizard|Charizardite Y\n|-weather|SunnyDay|[from] ability: Drought|[of] p2a: \u0391\u03b3\u03ac\u03c0\u03b9\u03bf\u03c2\n|move|p2a: \u0391\u03b3\u03ac\u03c0\u03b9\u03bf\u03c2|Air Slash|p1a: Smackaroo\n|-supereffective|p1a: Smackaroo\n|-damage|p1a: Smackaroo|0 fnt\n|faint|p1a: Smackaroo\n|\n|-weather|SunnyDay|[upkeep]\n|upkeep\n|\n|t:|1699564854\n|switch|p1a: Goliath|Aggron, M|100\/100\n|turn|6\n|\n|t:|1699564860\n|switch|p2a: \u039c\u03b1\u03c7\u03ae\u03c4\u03c1\u03b9\u03b1|Marowak, F|100\/100\n|move|p1a: Goliath|Head Smash|p2a: \u039c\u03b1\u03c7\u03ae\u03c4\u03c1\u03b9\u03b1\n|-resisted|p2a: \u039c\u03b1\u03c7\u03ae\u03c4\u03c1\u03b9\u03b1\n|-damage|p2a: \u039c\u03b1\u03c7\u03ae\u03c4\u03c1\u03b9\u03b1|58\/100\n|\n|-weather|SunnyDay|[upkeep]\n|upkeep\n|turn|7\n|\n|t:|1699564870\n|move|p2a: \u039c\u03b1\u03c7\u03ae\u03c4\u03c1\u03b9\u03b1|Bonemerang|p1a: Goliath\n|-supereffective|p1a: Goliath\n|-damage|p1a: Goliath|6\/100\n|-supereffective|p1a: Goliath\n|-damage|p1a: Goliath|0 fnt\n|faint|p1a: Goliath\n|-hitcount|p1: Goliath|2\n|\n|-weather|SunnyDay|[upkeep]\n|upkeep\n|c|\u2606TrojantheTank|OH LORD\n|\n|t:|1699564879\n|switch|p1a: Wammu|Buzzwole|100\/100\n|turn|8\n|\n|t:|1699564887\n|move|p1a: Wammu|Hammer Arm|p2a: \u039c\u03b1\u03c7\u03ae\u03c4\u03c1\u03b9\u03b1\n|-damage|p2a: \u039c\u03b1\u03c7\u03ae\u03c4\u03c1\u03b9\u03b1|0 fnt\n|-unboost|p1a: Wammu|spe|1\n|faint|p2a: \u039c\u03b1\u03c7\u03ae\u03c4\u03c1\u03b9\u03b1\n|-ability|p1a: Wammu|Beast Boost|boost\n|-boost|p1a: Wammu|atk|1\n|\n|-weather|SunnyDay|[upkeep]\n|upkeep\n|\n|t:|1699564897\n|switch|p2a: \u0391\u03b3\u03ac\u03c0\u03b9\u03bf\u03c2|Charizard-Mega-Y, M|84\/100\n|turn|9\n|\n|t:|1699564902\n|move|p2a: \u0391\u03b3\u03ac\u03c0\u03b9\u03bf\u03c2|Air Slash|p1a: Wammu\n|-supereffective|p1a: Wammu\n|-damage|p1a: Wammu|0 fnt\n|faint|p1a: Wammu\n|\n|-weather|none\n|upkeep\n|\n|t:|1699564907\n|switch|p1a: King Ghidora|Hydreigon, M|100\/100\n|turn|10\n|\n|t:|1699564914\n|switch|p2a: \u0395\u03c5\u03c4\u03cd\u03c7\u03b9\u03bf\u03c2|Aerodactyl, M|100\/100\n|-ability|p2a: \u0395\u03c5\u03c4\u03cd\u03c7\u03b9\u03bf\u03c2|Unnerve\n|move|p1a: King Ghidora|Draco Meteor|p2a: \u0395\u03c5\u03c4\u03cd\u03c7\u03b9\u03bf\u03c2\n|-damage|p2a: \u0395\u03c5\u03c4\u03cd\u03c7\u03b9\u03bf\u03c2|11\/100\n|-unboost|p1a: King Ghidora|spa|2\n|\n|upkeep\n|turn|11\n|\n|t:|1699564924\n|switch|p1a: Chainsaw|Scizor, F|100\/100\n|move|p2a: \u0395\u03c5\u03c4\u03cd\u03c7\u03b9\u03bf\u03c2|Iron Head|p1a: Chainsaw\n|-resisted|p1a: Chainsaw\n|-damage|p1a: Chainsaw|87\/100\n|\n|upkeep\n|turn|12\n|\n|t:|1699564937\n|move|p1a: Chainsaw|Bullet Punch|p2a: \u0395\u03c5\u03c4\u03cd\u03c7\u03b9\u03bf\u03c2\n|-supereffective|p2a: \u0395\u03c5\u03c4\u03cd\u03c7\u03b9\u03bf\u03c2\n|-damage|p2a: \u0395\u03c5\u03c4\u03cd\u03c7\u03b9\u03bf\u03c2|0 fnt\n|faint|p2a: \u0395\u03c5\u03c4\u03cd\u03c7\u03b9\u03bf\u03c2\n|\n|upkeep\n|\n|t:|1699564942\n|switch|p2a: \u0391\u03b3\u03ac\u03c0\u03b9\u03bf\u03c2|Charizard-Mega-Y, M|84\/100\n|-weather|SunnyDay|[from] ability: Drought|[of] p2a: \u0391\u03b3\u03ac\u03c0\u03b9\u03bf\u03c2\n|turn|13\n|\n|t:|1699564950\n|detailschange|p1a: Chainsaw|Scizor-Mega, F\n|-mega|p1a: Chainsaw|Scizor|Scizorite\n|move|p1a: Chainsaw|Bullet Punch|p2a: \u0391\u03b3\u03ac\u03c0\u03b9\u03bf\u03c2\n|-resisted|p2a: \u0391\u03b3\u03ac\u03c0\u03b9\u03bf\u03c2\n|-damage|p2a: \u0391\u03b3\u03ac\u03c0\u03b9\u03bf\u03c2|58\/100\n|move|p2a: \u0391\u03b3\u03ac\u03c0\u03b9\u03bf\u03c2|Flamethrower|p1a: Chainsaw\n|-supereffective|p1a: Chainsaw\n|-damage|p1a: Chainsaw|0 fnt\n|faint|p1a: Chainsaw\n|\n|-weather|SunnyDay|[upkeep]\n|upkeep\n|\n|t:|1699564959\n|switch|p1a: King Ghidora|Hydreigon, M|100\/100\n|turn|14\n|\n|t:|1699564964\n|move|p1a: King Ghidora|Draco Meteor|p2a: \u0391\u03b3\u03ac\u03c0\u03b9\u03bf\u03c2\n|-damage|p2a: \u0391\u03b3\u03ac\u03c0\u03b9\u03bf\u03c2|0 fnt\n|-unboost|p1a: King Ghidora|spa|2\n|faint|p2a: \u0391\u03b3\u03ac\u03c0\u03b9\u03bf\u03c2\n|\n|-weather|SunnyDay|[upkeep]\n|upkeep\n|\n|t:|1699564972\n|switch|p2a: \u0395\u03c5\u03b5\u03bb\u03c0\u03af\u03bf\u03c2|Tyranitar, M|100\/100\n|-weather|Sandstorm|[from] ability: Sand Stream|[of] p2a: \u0395\u03c5\u03b5\u03bb\u03c0\u03af\u03bf\u03c2\n|turn|15\n|\n|t:|1699564977\n|move|p1a: King Ghidora|Draco Meteor|p2a: \u0395\u03c5\u03b5\u03bb\u03c0\u03af\u03bf\u03c2|[miss]\n|-miss|p1a: King Ghidora|p2a: \u0395\u03c5\u03b5\u03bb\u03c0\u03af\u03bf\u03c2\n|move|p2a: \u0395\u03c5\u03b5\u03bb\u03c0\u03af\u03bf\u03c2|Avalanche|p1a: King Ghidora\n|-supereffective|p1a: King Ghidora\n|-damage|p1a: King Ghidora|44\/100\n|\n|-weather|Sandstorm|[upkeep]\n|-damage|p1a: King Ghidora|38\/100|[from] Sandstorm\n|upkeep\n|turn|16\n|c|\u2606stormflypirateskin|Oop andba\n|\n|t:|1699564988\n|move|p1a: King Ghidora|Draco Meteor|p2a: \u0395\u03c5\u03b5\u03bb\u03c0\u03af\u03bf\u03c2\n|-damage|p2a: \u0395\u03c5\u03b5\u03bb\u03c0\u03af\u03bf\u03c2|89\/100\n|-unboost|p1a: King Ghidora|spa|2\n|move|p2a: \u0395\u03c5\u03b5\u03bb\u03c0\u03af\u03bf\u03c2|Stone Edge|p1a: King Ghidora\n|-crit|p1a: King Ghidora\n|-damage|p1a: King Ghidora|0 fnt\n|faint|p1a: King Ghidora\n|\n|win|stormflypirateskin\n|c|\u2606TrojantheTank|GG\n|c|\u2606stormflypirateskin|Gg!\n|c|\u2606TrojantheTank|DAMN\n|c|\u2606TrojantheTank|that was another crit\n|c|\u2606stormflypirateskin|I'm scared of my own team AMDBAJD\n","uploadtime":1699565020,"views":5,"p1id":"trojanthetank","p2id":"stormflypirateskin","formatid":"gen9nationaldex","rating":0,"private":0,"password":""}