{"id":"gen9nationaldex-1996451031","p1":"tuenhi","p2":"221savage","format":"[Gen 9] National Dex","log":"|html|<div class=\"broadcast-blue\"><strong>[Gen 9] National Dex is currently suspecting Sneasler! For information on how to participate check out the <a href=\"https:\/\/www.smogon.com\/forums\/threads\/sv-national-dex-suspect-8-just-dance.3731534\/\">suspect thread<\/a>.<\/strong><\/div>\n|j|\u2606tuenhi\n|j|\u2606221savage\n|t:|1700683250\n|gametype|singles\n|player|p1|tuenhi|bruno|1424\n|player|p2|221savage|266|1413\n|teamsize|p1|6\n|teamsize|p2|6\n|gen|9\n|tier|[Gen 9] National Dex\n|rated|\n|rule|HP Percentage Mod: HP is shown in percentages\n|rule|Endless Battle Clause: Forcing endless battles is banned\n|rule|OHKO Clause: OHKO moves are banned\n|rule|Evasion Clause: Evasion abilities, items, and moves are banned\n|rule|Evasion Abilities Clause: Evasion abilities are banned\n|rule|Evasion Items Clause: Evasion items are banned\n|rule|Evasion Moves Clause: Evasion moves are banned\n|rule|Species Clause: Limit one of each Pok\u00e9mon\n|rule|Sleep Clause Mod: Limit one foe put to sleep\n|clearpoke\n|poke|p1|Dondozo, F|\n|poke|p1|Clefable, M|\n|poke|p1|Pinsir, M|\n|poke|p1|Blissey, F|\n|poke|p1|Tapu Koko|\n|poke|p1|Skeledirge, F|\n|poke|p2|Blastoise, F|\n|poke|p2|Banette, M|\n|poke|p2|Machamp, F|\n|poke|p2|Darmanitan, F|\n|poke|p2|Tsareena, F|\n|poke|p2|Toxtricity, F|\n|teampreview\n|inactive|Battle timer is ON: inactive players will automatically lose when time's up. (requested by tuenhi)\n|\n|t:|1700683257\n|start\n|switch|p1a: Tapu Koko|Tapu Koko|100\/100\n|switch|p2a: Toxtricity|Toxtricity, F|100\/100\n|-fieldstart|move: Electric Terrain|[from] ability: Electric Surge|[of] p1a: Tapu Koko\n|turn|1\n|\n|t:|1700683265\n|move|p1a: Tapu Koko|Volt Switch|p2a: Toxtricity\n|-resisted|p2a: Toxtricity\n|-damage|p2a: Toxtricity|74\/100\n|\n|t:|1700683269\n|switch|p1a: Blissey|Blissey, F|100\/100|[from] Volt Switch\n|move|p2a: Toxtricity|Volt Switch|p1a: Blissey\n|-damage|p1a: Blissey|79\/100\n|\n|t:|1700683272\n|switch|p2a: Darmanitan|Darmanitan, F|100\/100|[from] Volt Switch\n|\n|-heal|p1a: Blissey|86\/100|[from] item: Leftovers\n|upkeep\n|turn|2\n|\n|t:|1700683283\n|switch|p1a: Dondozo|Dondozo, F|100\/100\n|move|p2a: Darmanitan|U-turn|p1a: Dondozo\n|-damage|p1a: Dondozo|87\/100\n|\n|t:|1700683286\n|switch|p2a: Toxtricity|Toxtricity, F|74\/100|[from] U-turn\n|\n|-heal|p1a: Dondozo|94\/100|[from] item: Leftovers\n|upkeep\n|turn|3\n|\n|t:|1700683294\n|switch|p1a: Blissey|Blissey, F|86\/100\n|move|p2a: Toxtricity|Volt Switch|p1a: Blissey\n|-damage|p1a: Blissey|65\/100\n|\n|t:|1700683299\n|switch|p2a: Machamp|Machamp, F|100\/100|[from] Volt Switch\n|\n|-heal|p1a: Blissey|71\/100|[from] item: Leftovers\n|upkeep\n|turn|4\n|\n|t:|1700683306\n|switch|p1a: Skeledirge|Skeledirge, F|100\/100\n|move|p2a: Machamp|Dynamic Punch|p1a: Skeledirge\n|-immune|p1a: Skeledirge\n|\n|upkeep\n|turn|5\n|\n|t:|1700683313\n|move|p1a: Skeledirge|Will-O-Wisp|p2a: Machamp\n|-status|p2a: Machamp|brn\n|move|p2a: Machamp|Stone Edge|p1a: Skeledirge\n|-supereffective|p1a: Skeledirge\n|-damage|p1a: Skeledirge|69\/100\n|-damage|p2a: Machamp|91\/100 brn|[from] item: Life Orb\n|\n|-heal|p1a: Skeledirge|75\/100|[from] item: Leftovers\n|-damage|p2a: Machamp|84\/100 brn|[from] brn\n|-fieldend|move: Electric Terrain\n|upkeep\n|turn|6\n|\n|t:|1700683330\n|switch|p2a: Darmanitan|Darmanitan, F|100\/100\n|move|p1a: Skeledirge|Torch Song|p2a: Darmanitan\n|-resisted|p2a: Darmanitan\n|-damage|p2a: Darmanitan|75\/100\n|-boost|p1a: Skeledirge|spa|1\n|\n|-heal|p1a: Skeledirge|81\/100|[from] item: Leftovers\n|upkeep\n|turn|7\n|\n|t:|1700683341\n|switch|p1a: Dondozo|Dondozo, F|94\/100\n|move|p2a: Darmanitan|U-turn|p1a: Dondozo\n|-damage|p1a: Dondozo|82\/100\n|\n|t:|1700683343\n|switch|p2a: Toxtricity|Toxtricity, F|74\/100|[from] U-turn\n|\n|-heal|p1a: Dondozo|88\/100|[from] item: Leftovers\n|upkeep\n|turn|8\n|\n|t:|1700683361\n|-terastallize|p1a: Dondozo|Ground\n|move|p2a: Toxtricity|Volt Switch|p1a: Dondozo\n|-immune|p1a: Dondozo\n|move|p1a: Dondozo|Body Press|p2a: Toxtricity\n|-resisted|p2a: Toxtricity\n|-damage|p2a: Toxtricity|56\/100\n|\n|-heal|p1a: Dondozo|94\/100|[from] item: Leftovers\n|upkeep\n|turn|9\n|\n|t:|1700683382\n|switch|p2a: Blastoise|Blastoise, F|100\/100\n|switch|p1a: Blissey|Blissey, F|71\/100\n|\n|-heal|p1a: Blissey|77\/100|[from] item: Leftovers\n|upkeep\n|turn|10\n|\n|t:|1700683393\n|switch|p1a: Tapu Koko|Tapu Koko|100\/100\n|-fieldstart|move: Electric Terrain|[from] ability: Electric Surge|[of] p1a: Tapu Koko\n|move|p2a: Blastoise|Shell Smash|p2a: Blastoise\n|-unboost|p2a: Blastoise|def|1\n|-unboost|p2a: Blastoise|spd|1\n|-boost|p2a: Blastoise|atk|2\n|-boost|p2a: Blastoise|spa|2\n|-boost|p2a: Blastoise|spe|2\n|\n|upkeep\n|turn|11\n|\n|t:|1700683403\n|move|p2a: Blastoise|Hydro Pump|p1a: Tapu Koko\n|-damage|p1a: Tapu Koko|0 fnt\n|faint|p1a: Tapu Koko\n|\n|upkeep\n|\n|t:|1700683408\n|switch|p1a: Blissey|Blissey, F|77\/100\n|turn|12\n|\n|t:|1700683418\n|-zpower|p2a: Blastoise\n|move|p2a: Blastoise|All-Out Pummeling|p1a: Blissey|[zeffect]\n|-supereffective|p1a: Blissey\n|-damage|p1a: Blissey|16\/100\n|move|p1a: Blissey|Toxic|p2a: Blastoise|[miss]\n|-miss|p1a: Blissey|p2a: Blastoise\n|\n|-heal|p1a: Blissey|23\/100|[from] item: Leftovers\n|upkeep\n|turn|13\n|\n|t:|1700683431\n|move|p2a: Blastoise|Focus Blast|p1a: Blissey|[miss]\n|-miss|p2a: Blastoise|p1a: Blissey\n|move|p1a: Blissey|Soft-Boiled|p1a: Blissey\n|-heal|p1a: Blissey|73\/100\n|\n|-heal|p1a: Blissey|79\/100|[from] item: Leftovers\n|upkeep\n|turn|14\n|\n|t:|1700683441\n|move|p2a: Blastoise|Shell Smash|p2a: Blastoise\n|-unboost|p2a: Blastoise|def|1\n|-unboost|p2a: Blastoise|spd|1\n|-boost|p2a: Blastoise|atk|2\n|-boost|p2a: Blastoise|spa|2\n|-boost|p2a: Blastoise|spe|2\n|move|p1a: Blissey|Toxic|p2a: Blastoise\n|-status|p2a: Blastoise|tox\n|\n|-heal|p1a: Blissey|85\/100|[from] item: Leftovers\n|-damage|p2a: Blastoise|94\/100 tox|[from] psn\n|-fieldend|move: Electric Terrain\n|upkeep\n|turn|15\n|\n|t:|1700683452\n|move|p2a: Blastoise|Shell Smash|p2a: Blastoise\n|-unboost|p2a: Blastoise|def|1\n|-unboost|p2a: Blastoise|spd|1\n|-boost|p2a: Blastoise|atk|2\n|-boost|p2a: Blastoise|spa|2\n|-boost|p2a: Blastoise|spe|2\n|move|p1a: Blissey|Seismic Toss|p2a: Blastoise\n|-damage|p2a: Blastoise|63\/100 tox\n|\n|-heal|p1a: Blissey|91\/100|[from] item: Leftovers\n|-damage|p2a: Blastoise|51\/100 tox|[from] psn\n|upkeep\n|turn|16\n|\n|t:|1700683469\n|move|p2a: Blastoise|Focus Blast|p1a: Blissey\n|-supereffective|p1a: Blissey\n|-damage|p1a: Blissey|13\/100\n|move|p1a: Blissey|Soft-Boiled|p1a: Blissey\n|-heal|p1a: Blissey|63\/100\n|\n|-heal|p1a: Blissey|69\/100|[from] item: Leftovers\n|-damage|p2a: Blastoise|33\/100 tox|[from] psn\n|upkeep\n|turn|17\n|\n|t:|1700683492\n|switch|p1a: Dondozo|Dondozo, F, tera:Ground|94\/100\n|move|p2a: Blastoise|Hydro Pump|p1a: Dondozo\n|-supereffective|p1a: Dondozo\n|-damage|p1a: Dondozo|0 fnt\n|faint|p1a: Dondozo\n|\n|-damage|p2a: Blastoise|8\/100 tox|[from] psn\n|upkeep\n|\n|t:|1700683502\n|switch|p1a: Pinsir|Pinsir, M|100\/100\n|turn|18\n|\n|t:|1700683510\n|move|p1a: Pinsir|Quick Attack|p2a: Blastoise\n|-damage|p2a: Blastoise|0 fnt\n|faint|p2a: Blastoise\n|-ability|p1a: Pinsir|Moxie|boost\n|-boost|p1a: Pinsir|atk|1\n|\n|upkeep\n|\n|t:|1700683514\n|switch|p2a: Banette|Banette, M|100\/100\n|turn|19\n|\n|t:|1700683526\n|detailschange|p1a: Pinsir|Pinsir-Mega, M\n|-mega|p1a: Pinsir|Pinsir|Pinsirite\n|detailschange|p2a: Banette|Banette-Mega, M\n|-mega|p2a: Banette|Banette|Banettite\n|move|p2a: Banette|Destiny Bond|p2a: Banette\n|-singlemove|p2a: Banette|Destiny Bond\n|move|p1a: Pinsir|Return|p2a: Banette\n|-damage|p2a: Banette|0 fnt\n|faint|p2a: Banette\n|-activate|p2a: Banette|move: Destiny Bond\n|faint|p1a: Pinsir\n|\n|upkeep\n|\n|t:|1700683546\n|switch|p1a: Blissey|Blissey, F|69\/100\n|switch|p2a: Darmanitan|Darmanitan, F|75\/100\n|turn|20\n|\n|t:|1700683555\n|switch|p1a: Skeledirge|Skeledirge, F|81\/100\n|-terastallize|p2a: Darmanitan|Fire\n|move|p2a: Darmanitan|Flare Blitz|p1a: Skeledirge\n|-resisted|p1a: Skeledirge\n|-damage|p1a: Skeledirge|41\/100\n|-damage|p2a: Darmanitan|60\/100|[from] Recoil\n|\n|-heal|p1a: Skeledirge|47\/100|[from] item: Leftovers\n|upkeep\n|turn|21\n|\n|t:|1700683566\n|switch|p2a: Toxtricity|Toxtricity, F|56\/100\n|move|p1a: Skeledirge|Slack Off|p1a: Skeledirge\n|-heal|p1a: Skeledirge|97\/100\n|\n|-heal|p1a: Skeledirge|100\/100|[from] item: Leftovers\n|upkeep\n|turn|22\n|\n|t:|1700683580\n|switch|p1a: Blissey|Blissey, F|69\/100\n|move|p2a: Toxtricity|Volt Switch|p1a: Blissey\n|-damage|p1a: Blissey|52\/100\n|\n|t:|1700683583\n|switch|p2a: Darmanitan|Darmanitan, F, tera:Fire|60\/100|[from] Volt Switch\n|\n|-heal|p1a: Blissey|58\/100|[from] item: Leftovers\n|upkeep\n|turn|23\n|\n|t:|1700683591\n|switch|p1a: Skeledirge|Skeledirge, F|100\/100\n|move|p2a: Darmanitan|Rock Slide|p1a: Skeledirge\n|-supereffective|p1a: Skeledirge\n|-damage|p1a: Skeledirge|56\/100\n|\n|-heal|p1a: Skeledirge|62\/100|[from] item: Leftovers\n|upkeep\n|turn|24\n|\n|t:|1700683604\n|move|p2a: Darmanitan|Rock Slide|p1a: Skeledirge\n|-supereffective|p1a: Skeledirge\n|-damage|p1a: Skeledirge|17\/100\n|move|p1a: Skeledirge|Torch Song|p2a: Darmanitan\n|-resisted|p2a: Darmanitan\n|-damage|p2a: Darmanitan|38\/100\n|-boost|p1a: Skeledirge|spa|1\n|\n|-heal|p1a: Skeledirge|23\/100|[from] item: Leftovers\n|upkeep\n|turn|25\n|\n|t:|1700683616\n|move|p2a: Darmanitan|Rock Slide|p1a: Skeledirge\n|-supereffective|p1a: Skeledirge\n|-damage|p1a: Skeledirge|0 fnt\n|faint|p1a: Skeledirge\n|\n|upkeep\n|\n|t:|1700683622\n|switch|p1a: Clefable|Clefable, M|100\/100\n|turn|26\n|\n|t:|1700683642\n|switch|p2a: Toxtricity|Toxtricity, F|56\/100\n|move|p1a: Clefable|Cosmic Power|p1a: Clefable\n|-boost|p1a: Clefable|def|1\n|-boost|p1a: Clefable|spd|1\n|\n|upkeep\n|turn|27\n|\n|t:|1700683649\n|move|p2a: Toxtricity|Sludge Wave|p1a: Clefable\n|-supereffective|p1a: Clefable\n|-damage|p1a: Clefable|20\/100\n|move|p1a: Clefable|Soft-Boiled|p1a: Clefable\n|-heal|p1a: Clefable|70\/100\n|\n|-heal|p1a: Clefable|76\/100|[from] item: Leftovers\n|upkeep\n|turn|28\n|\n|t:|1700683658\n|move|p2a: Toxtricity|Sludge Wave|p1a: Clefable\n|-supereffective|p1a: Clefable\n|-damage|p1a: Clefable|0 fnt\n|faint|p1a: Clefable\n|\n|upkeep\n|\n|t:|1700683663\n|switch|p1a: Blissey|Blissey, F|58\/100\n|turn|29\n|\n|t:|1700683670\n|move|p2a: Toxtricity|Sludge Wave|p1a: Blissey\n|-damage|p1a: Blissey|39\/100\n|-status|p1a: Blissey|psn\n|move|p1a: Blissey|Seismic Toss|p2a: Toxtricity\n|-damage|p2a: Toxtricity|28\/100\n|\n|-heal|p1a: Blissey|46\/100 psn|[from] item: Leftovers\n|-damage|p1a: Blissey|33\/100 psn|[from] psn\n|upkeep\n|turn|30\n|\n|t:|1700683680\n|move|p2a: Toxtricity|Sludge Wave|p1a: Blissey\n|-damage|p1a: Blissey|14\/100 psn\n|move|p1a: Blissey|Soft-Boiled|p1a: Blissey\n|-heal|p1a: Blissey|64\/100 psn\n|\n|-heal|p1a: Blissey|70\/100 psn|[from] item: Leftovers\n|-damage|p1a: Blissey|58\/100 psn|[from] psn\n|upkeep\n|turn|31\n|\n|t:|1700683691\n|move|p2a: Toxtricity|Sludge Wave|p1a: Blissey\n|-damage|p1a: Blissey|37\/100 psn\n|move|p1a: Blissey|Heal Bell|p1a: Blissey\n|-activate|p1a: Blissey|move: Heal Bell\n|-curestatus|p1a: Blissey|psn|[msg]\n|\n|-heal|p1a: Blissey|43\/100|[from] item: Leftovers\n|upkeep\n|turn|32\n|\n|t:|1700683700\n|move|p2a: Toxtricity|Sludge Wave|p1a: Blissey\n|-damage|p1a: Blissey|24\/100\n|-status|p1a: Blissey|psn\n|move|p1a: Blissey|Soft-Boiled|p1a: Blissey\n|-heal|p1a: Blissey|74\/100 psn\n|\n|-heal|p1a: Blissey|80\/100 psn|[from] item: Leftovers\n|-damage|p1a: Blissey|67\/100 psn|[from] psn\n|upkeep\n|turn|33\n|\n|t:|1700683711\n|move|p2a: Toxtricity|Sludge Wave|p1a: Blissey\n|-damage|p1a: Blissey|47\/100 psn\n|move|p1a: Blissey|Heal Bell|p1a: Blissey\n|-activate|p1a: Blissey|move: Heal Bell\n|-curestatus|p1a: Blissey|psn|[msg]\n|\n|-heal|p1a: Blissey|53\/100|[from] item: Leftovers\n|upkeep\n|turn|34\n|\n|t:|1700683721\n|switch|p2a: Darmanitan|Darmanitan, F, tera:Fire|38\/100\n|move|p1a: Blissey|Soft-Boiled|p1a: Blissey\n|-heal|p1a: Blissey|100\/100\n|\n|upkeep\n|turn|35\n|\n|t:|1700683728\n|move|p2a: Darmanitan|U-turn|p1a: Blissey\n|-damage|p1a: Blissey|40\/100\n|\n|t:|1700683730\n|switch|p2a: Toxtricity|Toxtricity, F|28\/100|[from] U-turn\n|move|p1a: Blissey|Seismic Toss|p2a: Toxtricity\n|-damage|p2a: Toxtricity|0 fnt\n|faint|p2a: Toxtricity\n|\n|-heal|p1a: Blissey|47\/100|[from] item: Leftovers\n|upkeep\n|\n|t:|1700683736\n|switch|p2a: Darmanitan|Darmanitan, F, tera:Fire|38\/100\n|turn|36\n|\n|t:|1700683744\n|move|p2a: Darmanitan|Flare Blitz|p1a: Blissey\n|-damage|p1a: Blissey|0 fnt\n|faint|p1a: Blissey\n|-damage|p2a: Darmanitan|7\/100|[from] Recoil\n|\n|win|221savage\n|raw|tuenhi's rating: 1424 &rarr; <strong>1403<\/strong><br \/>(-21 for losing)\n|raw|221savage's rating: 1413 &rarr; <strong>1434<\/strong><br \/>(+21 for winning)\n","uploadtime":1700683750,"views":2,"p1id":"tuenhi","p2id":"221savage","formatid":"gen9nationaldex","rating":1403,"private":0,"password":""}