{"id":"gen9nationaldex-1997181725","p1":"hugoo171","p2":"purple skitty","format":"[Gen 9] National Dex","log":"|html|<div class=\"broadcast-blue\"><strong>[Gen 9] National Dex is currently suspecting Sneasler! For information on how to participate check out the <a href=\"https:\/\/www.smogon.com\/forums\/threads\/sv-national-dex-suspect-8-just-dance.3731534\/\">suspect thread<\/a>.<\/strong><\/div>\n|j|\u2606hugoo171\n|j|\u2606purple skitty\n|t:|1700772900\n|gametype|singles\n|player|p1|hugoo171|ltsurge|1463\n|player|p2|purple skitty|bugcatcher-gen4dp|1562\n|teamsize|p1|6\n|teamsize|p2|6\n|gen|9\n|tier|[Gen 9] National Dex\n|rated|\n|rule|HP Percentage Mod: HP is shown in percentages\n|rule|Endless Battle Clause: Forcing endless battles is banned\n|rule|OHKO Clause: OHKO moves are banned\n|rule|Evasion Clause: Evasion abilities, items, and moves are banned\n|rule|Evasion Abilities Clause: Evasion abilities are banned\n|rule|Evasion Items Clause: Evasion items are banned\n|rule|Evasion Moves Clause: Evasion moves are banned\n|rule|Species Clause: Limit one of each Pok\u00e9mon\n|rule|Sleep Clause Mod: Limit one foe put to sleep\n|clearpoke\n|poke|p1|Great Tusk|\n|poke|p1|Serperior, M|\n|poke|p1|Dragonite, M|\n|poke|p1|Tapu Koko|\n|poke|p1|Medicham, M|\n|poke|p1|Volcarona, M|\n|poke|p2|Rillaboom, F|\n|poke|p2|Serperior, M|\n|poke|p2|Victini|\n|poke|p2|Kommo-o, F|\n|poke|p2|Zeraora|\n|poke|p2|Corviknight, M|\n|teampreview\n|inactive|Battle timer is ON: inactive players will automatically lose when time's up. (requested by hugoo171)\n|\n|t:|1700772916\n|start\n|switch|p1a: Tapu Koko|Tapu Koko|100\/100\n|switch|p2a: Rillaboom|Rillaboom, F|100\/100\n|-fieldstart|move: Electric Terrain|[from] ability: Electric Surge|[of] p1a: Tapu Koko\n|-fieldstart|move: Grassy Terrain|[from] ability: Grassy Surge|[of] p2a: Rillaboom\n|turn|1\n|\n|t:|1700772928\n|switch|p1a: Serperior|Serperior, M|100\/100\n|move|p2a: Rillaboom|U-turn|p1a: Serperior\n|-supereffective|p1a: Serperior\n|-damage|p1a: Serperior|10\/100\n|\n|t:|1700772935\n|switch|p2a: Zeraora|Zeraora|100\/100|[from] U-turn\n|\n|-heal|p1a: Serperior|17\/100|[from] Grassy Terrain\n|upkeep\n|turn|2\n|\n|t:|1700772944\n|move|p2a: Zeraora|Aura Sphere|p1a: Serperior\n|-crit|p1a: Serperior\n|-damage|p1a: Serperior|0 fnt\n|faint|p1a: Serperior\n|\n|upkeep\n|\n|t:|1700772952\n|switch|p1a: Tapu Koko|Tapu Koko|100\/100\n|-fieldstart|move: Electric Terrain|[from] ability: Electric Surge|[of] p1a: Tapu Koko\n|turn|3\n|\n|t:|1700772959\n|switch|p2a: Rillaboom|Rillaboom, F|100\/100\n|-fieldstart|move: Grassy Terrain|[from] ability: Grassy Surge|[of] p2a: Rillaboom\n|move|p1a: Tapu Koko|Reflect|p1a: Tapu Koko\n|-sidestart|p1: hugoo171|Reflect\n|\n|upkeep\n|turn|4\n|\n|t:|1700772964\n|move|p2a: Rillaboom|Grassy Glide|p1a: Tapu Koko\n|-damage|p1a: Tapu Koko|59\/100\n|move|p1a: Tapu Koko|Light Screen|p1a: Tapu Koko\n|-sidestart|p1: hugoo171|move: Light Screen\n|\n|-heal|p1a: Tapu Koko|65\/100|[from] Grassy Terrain\n|upkeep\n|turn|5\n|\n|t:|1700772972\n|switch|p2a: Zeraora|Zeraora|100\/100\n|move|p1a: Tapu Koko|U-turn|p2a: Zeraora\n|-damage|p2a: Zeraora|69\/100\n|\n|t:|1700772977\n|switch|p1a: Medicham|Medicham, M|100\/100|[from] U-turn\n|\n|-heal|p2a: Zeraora|75\/100|[from] Grassy Terrain\n|upkeep\n|turn|6\n|\n|t:|1700772987\n|detailschange|p1a: Medicham|Medicham-Mega, M\n|-mega|p1a: Medicham|Medicham|Medichamite\n|move|p2a: Zeraora|Volt Switch|p1a: Medicham\n|-crit|p1a: Medicham\n|-damage|p1a: Medicham|0 fnt\n|faint|p1a: Medicham\n|c|\u2606purple skitty|Unfortunate\n|c|\u2606hugoo171|......................................\n|c|\u2606purple skitty|Does that even begin to describe your series?\n|\n|t:|1700773014\n|switch|p2a: Kommo-o|Kommo-o, F|100\/100|[from] Volt Switch\n|\n|upkeep\n|\n|t:|1700773020\n|switch|p1a: Volcarona|Volcarona, M|100\/100\n|turn|7\n|\n|t:|1700773028\n|move|p1a: Volcarona|Psychic|p2a: Kommo-o\n|-supereffective|p2a: Kommo-o\n|-damage|p2a: Kommo-o|57\/100\n|move|p2a: Kommo-o|Dragon Tail|p1a: Volcarona\n|-damage|p1a: Volcarona|83\/100\n|-status|p2a: Kommo-o|brn|[from] ability: Flame Body|[of] p1a: Volcarona\n|drag|p1a: Dragonite|Dragonite, M|100\/100\n|\n|-heal|p2a: Kommo-o|63\/100 brn|[from] Grassy Terrain\n|-heal|p2a: Kommo-o|69\/100 brn|[from] item: Leftovers\n|-damage|p2a: Kommo-o|63\/100 brn|[from] brn\n|-fieldend|move: Grassy Terrain\n|upkeep\n|turn|8\n|\n|t:|1700773040\n|move|p1a: Dragonite|Dragon Dance|p1a: Dragonite\n|-boost|p1a: Dragonite|atk|1\n|-boost|p1a: Dragonite|spe|1\n|move|p2a: Kommo-o|Dragon Tail|p1a: Dragonite\n|-supereffective|p1a: Dragonite\n|-damage|p1a: Dragonite|95\/100\n|drag|p1a: Tapu Koko|Tapu Koko|65\/100\n|-fieldstart|move: Electric Terrain|[from] ability: Electric Surge|[of] p1a: Tapu Koko\n|\n|-heal|p2a: Kommo-o|69\/100 brn|[from] item: Leftovers\n|-damage|p2a: Kommo-o|63\/100 brn|[from] brn\n|upkeep\n|turn|9\n|\n|t:|1700773052\n|move|p1a: Tapu Koko|U-turn|p2a: Kommo-o\n|-resisted|p2a: Kommo-o\n|-damage|p2a: Kommo-o|54\/100 brn\n|\n|t:|1700773056\n|switch|p1a: Volcarona|Volcarona, M|83\/100|[from] U-turn\n|move|p2a: Kommo-o|Stealth Rock|p1a: Volcarona\n|-sidestart|p1: hugoo171|move: Stealth Rock\n|\n|-heal|p2a: Kommo-o|61\/100 brn|[from] item: Leftovers\n|-damage|p2a: Kommo-o|54\/100 brn|[from] brn\n|upkeep\n|turn|10\n|\n|t:|1700773064\n|move|p1a: Volcarona|Psychic|p2a: Kommo-o\n|-supereffective|p2a: Kommo-o\n|-damage|p2a: Kommo-o|14\/100 brn\n|move|p2a: Kommo-o|Dragon Tail|p1a: Volcarona|[miss]\n|-miss|p2a: Kommo-o|p1a: Volcarona\n|\n|-heal|p2a: Kommo-o|21\/100 brn|[from] item: Leftovers\n|-damage|p2a: Kommo-o|14\/100 brn|[from] brn\n|-sideend|p1: hugoo171|Reflect\n|upkeep\n|turn|11\n|\n|t:|1700773075\n|move|p1a: Volcarona|Psychic|p2a: Kommo-o\n|-supereffective|p2a: Kommo-o\n|-damage|p2a: Kommo-o|0 fnt\n|faint|p2a: Kommo-o\n|\n|-sideend|p1: hugoo171|move: Light Screen\n|upkeep\n|\n|t:|1700773079\n|switch|p2a: Zeraora|Zeraora|75\/100\n|turn|12\n|\n|t:|1700773084\n|switch|p1a: Giant Tusk|Great Tusk|100\/100\n|-damage|p1a: Giant Tusk|98\/100|[from] Stealth Rock\n|-enditem|p1a: Giant Tusk|Booster Energy\n|-activate|p1a: Giant Tusk|ability: Protosynthesis|[fromitem]\n|-start|p1a: Giant Tusk|protosynthesisatk\n|move|p2a: Zeraora|Thunderbolt|p1a: Giant Tusk\n|-immune|p1a: Giant Tusk\n|\n|-fieldend|move: Electric Terrain\n|upkeep\n|turn|13\n|\n|t:|1700773092\n|switch|p2a: Corviknight|Corviknight, M|100\/100\n|-ability|p2a: Corviknight|Pressure\n|move|p1a: Giant Tusk|Rapid Spin|p2a: Corviknight\n|-resisted|p2a: Corviknight\n|-damage|p2a: Corviknight|93\/100\n|-boost|p1a: Giant Tusk|spe|1\n|-damage|p1a: Giant Tusk|81\/100|[from] item: Rocky Helmet|[of] p2a: Corviknight\n|-sideend|p1: hugoo171|Stealth Rock|[from] move: Rapid Spin|[of] p1a: Giant Tusk\n|\n|upkeep\n|turn|14\n|\n|t:|1700773103\n|-end|p1a: Giant Tusk|Protosynthesis|[silent]\n|switch|p1a: Tapu Koko|Tapu Koko|65\/100\n|-fieldstart|move: Electric Terrain|[from] ability: Electric Surge|[of] p1a: Tapu Koko\n|move|p2a: Corviknight|U-turn|p1a: Tapu Koko\n|-resisted|p1a: Tapu Koko\n|-damage|p1a: Tapu Koko|55\/100\n|\n|t:|1700773107\n|switch|p2a: Rillaboom|Rillaboom, F|100\/100|[from] U-turn\n|-fieldstart|move: Grassy Terrain|[from] ability: Grassy Surge|[of] p2a: Rillaboom\n|\n|-heal|p1a: Tapu Koko|61\/100|[from] Grassy Terrain\n|upkeep\n|turn|15\n|\n|t:|1700773115\n|move|p2a: Rillaboom|Grassy Glide|p1a: Tapu Koko\n|-crit|p1a: Tapu Koko\n|-damage|p1a: Tapu Koko|0 fnt\n|faint|p1a: Tapu Koko\n|\n|upkeep\n|\n|t:|1700773121\n|switch|p1a: Volcarona|Volcarona, M|83\/100\n|turn|16\n|\n|t:|1700773127\n|switch|p2a: Zeraora|Zeraora|75\/100\n|move|p1a: Volcarona|Quiver Dance|p1a: Volcarona\n|-boost|p1a: Volcarona|spa|1\n|-boost|p1a: Volcarona|spd|1\n|-boost|p1a: Volcarona|spe|1\n|\n|-heal|p1a: Volcarona|89\/100|[from] Grassy Terrain\n|-heal|p2a: Zeraora|81\/100|[from] Grassy Terrain\n|upkeep\n|turn|17\n|\n|t:|1700773135\n|move|p1a: Volcarona|Fiery Dance|p2a: Zeraora\n|-damage|p2a: Zeraora|0 fnt\n|faint|p2a: Zeraora\n|\n|-heal|p1a: Volcarona|95\/100|[from] Grassy Terrain\n|upkeep\n|\n|t:|1700773143\n|switch|p2a: Victini|Victini|100\/100\n|turn|18\n|\n|t:|1700773146\n|move|p1a: Volcarona|Hidden Power|p2a: Victini\n|-supereffective|p2a: Victini\n|-damage|p2a: Victini|35\/100\n|-zpower|p2a: Victini\n|move|p2a: Victini|Z-Celebrate|p2a: Victini|[anim]Celebrate\n|-boost|p2a: Victini|atk|1|[zeffect]\n|-boost|p2a: Victini|def|1|[zeffect]\n|-boost|p2a: Victini|spa|1|[zeffect]\n|-boost|p2a: Victini|spd|1|[zeffect]\n|-boost|p2a: Victini|spe|1|[zeffect]\n|-activate|p2a: Victini|move: Celebrate\n|\n|-heal|p1a: Volcarona|100\/100|[from] Grassy Terrain\n|-heal|p2a: Victini|42\/100|[from] Grassy Terrain\n|-fieldend|move: Grassy Terrain\n|upkeep\n|turn|19\n|\n|t:|1700773157\n|move|p2a: Victini|Stored Power|p1a: Volcarona\n|-damage|p1a: Volcarona|44\/100\n|move|p1a: Volcarona|Hidden Power|p2a: Victini\n|-supereffective|p2a: Victini\n|-crit|p2a: Victini\n|-damage|p2a: Victini|0 fnt\n|faint|p2a: Victini\n|\n|upkeep\n|\n|t:|1700773161\n|switch|p2a: Corviknight|Corviknight, M|93\/100\n|-ability|p2a: Corviknight|Pressure\n|turn|20\n|\n|t:|1700773169\n|-terastallize|p2a: Corviknight|Dragon\n|move|p1a: Volcarona|Fiery Dance|p2a: Corviknight\n|-resisted|p2a: Corviknight\n|-damage|p2a: Corviknight|64\/100\n|-boost|p1a: Volcarona|spa|1\n|move|p2a: Corviknight|Brave Bird|p1a: Volcarona\n|-supereffective|p1a: Volcarona\n|-damage|p1a: Volcarona|0 fnt\n|-status|p2a: Corviknight|brn|[from] ability: Flame Body|[of] p1a: Volcarona\n|faint|p1a: Volcarona\n|-damage|p2a: Corviknight|53\/100 brn|[from] Recoil\n|\n|-damage|p2a: Corviknight|47\/100 brn|[from] brn\n|upkeep\n|\n|t:|1700773183\n|switch|p1a: Giant Tusk|Great Tusk|81\/100\n|turn|21\n|\n|t:|1700773186\n|move|p1a: Giant Tusk|Ice Spinner|p2a: Corviknight\n|-supereffective|p2a: Corviknight\n|-damage|p2a: Corviknight|13\/100 brn\n|-damage|p1a: Giant Tusk|65\/100|[from] item: Rocky Helmet|[of] p2a: Corviknight\n|move|p2a: Corviknight|Roost|p2a: Corviknight\n|-heal|p2a: Corviknight|63\/100 brn\n|\n|-damage|p2a: Corviknight|57\/100 brn|[from] brn\n|upkeep\n|turn|22\n|\n|t:|1700773194\n|move|p1a: Giant Tusk|Rapid Spin|p2a: Corviknight\n|-damage|p2a: Corviknight|46\/100 brn\n|-boost|p1a: Giant Tusk|spe|1\n|-damage|p1a: Giant Tusk|48\/100|[from] item: Rocky Helmet|[of] p2a: Corviknight\n|move|p2a: Corviknight|Roost|p2a: Corviknight\n|-heal|p2a: Corviknight|96\/100 brn\n|\n|-damage|p2a: Corviknight|90\/100 brn|[from] brn\n|upkeep\n|turn|23\n|\n|t:|1700773203\n|move|p1a: Giant Tusk|Headlong Rush|p2a: Corviknight\n|-damage|p2a: Corviknight|51\/100 brn\n|-unboost|p1a: Giant Tusk|def|1\n|-unboost|p1a: Giant Tusk|spd|1\n|-damage|p1a: Giant Tusk|32\/100|[from] item: Rocky Helmet|[of] p2a: Corviknight\n|move|p2a: Corviknight|U-turn|p1a: Giant Tusk\n|-resisted|p1a: Giant Tusk\n|-damage|p1a: Giant Tusk|28\/100\n|\n|t:|1700773206\n|switch|p2a: Rillaboom|Rillaboom, F|100\/100|[from] U-turn\n|-fieldstart|move: Grassy Terrain|[from] ability: Grassy Surge|[of] p2a: Rillaboom\n|\n|-heal|p1a: Giant Tusk|34\/100|[from] Grassy Terrain\n|upkeep\n|turn|24\n|\n|t:|1700773216\n|move|p1a: Giant Tusk|Ice Spinner|p2a: Rillaboom\n|-supereffective|p2a: Rillaboom\n|-damage|p2a: Rillaboom|51\/100\n|-fieldend|move: Grassy Terrain\n|move|p2a: Rillaboom|U-turn|p1a: Giant Tusk\n|-resisted|p1a: Giant Tusk\n|-damage|p1a: Giant Tusk|12\/100\n|\n|t:|1700773218\n|switch|p2a: Serperior|Serperior, M|100\/100|[from] U-turn\n|\n|upkeep\n|turn|25\n|\n|t:|1700773226\n|move|p2a: Serperior|Hidden Power|p1a: Giant Tusk\n|-supereffective|p1a: Giant Tusk\n|-crit|p1a: Giant Tusk\n|-damage|p1a: Giant Tusk|0 fnt\n|faint|p1a: Giant Tusk\n|-end|p1a: Giant Tusk|Protosynthesis|[silent]\n|\n|upkeep\n|\n|t:|1700773230\n|switch|p1a: Dragonite|Dragonite, M|95\/100\n|turn|26\n|\n|t:|1700773235\n|move|p2a: Serperior|Hidden Power|p1a: Dragonite\n|-supereffective|p1a: Dragonite\n|-damage|p1a: Dragonite|34\/100\n|move|p1a: Dragonite|Dragon Dance|p1a: Dragonite\n|-boost|p1a: Dragonite|atk|1\n|-boost|p1a: Dragonite|spe|1\n|\n|upkeep\n|turn|27\n|\n|t:|1700773245\n|-terastallize|p1a: Dragonite|Normal\n|move|p1a: Dragonite|Extreme Speed|p2a: Serperior\n|-damage|p2a: Serperior|14\/100\n|move|p2a: Serperior|Hidden Power|p1a: Dragonite\n|-damage|p1a: Dragonite|18\/100\n|\n|upkeep\n|turn|28\n|\n|t:|1700773252\n|switch|p2a: Corviknight|Corviknight, M, tera:Dragon|51\/100 brn\n|-ability|p2a: Corviknight|Pressure\n|move|p1a: Dragonite|Extreme Speed|p2a: Corviknight\n|-damage|p2a: Corviknight|3\/100 brn\n|-damage|p1a: Dragonite|2\/100|[from] item: Rocky Helmet|[of] p2a: Corviknight\n|\n|-damage|p2a: Corviknight|0 fnt|[from] brn\n|faint|p2a: Corviknight\n|upkeep\n|\n|t:|1700773255\n|switch|p2a: Rillaboom|Rillaboom, F|51\/100\n|-fieldstart|move: Grassy Terrain|[from] ability: Grassy Surge|[of] p2a: Rillaboom\n|turn|29\n|\n|t:|1700773265\n|move|p1a: Dragonite|Extreme Speed|p2a: Rillaboom\n|-damage|p2a: Rillaboom|0 fnt\n|faint|p2a: Rillaboom\n|\n|-heal|p1a: Dragonite|8\/100|[from] Grassy Terrain\n|upkeep\n|\n|t:|1700773268\n|switch|p2a: Serperior|Serperior, M|14\/100\n|turn|30\n|c|\u2606purple skitty|Gg\n|\n|t:|1700773272\n|move|p1a: Dragonite|Extreme Speed|p2a: Serperior\n|-damage|p2a: Serperior|0 fnt\n|faint|p2a: Serperior\n|\n|win|hugoo171\n|raw|hugoo171's rating: 1463 &rarr; <strong>1489<\/strong><br \/>(+26 for winning)\n|raw|purple skitty's rating: 1562 &rarr; <strong>1536<\/strong><br \/>(-26 for losing)\n|c|\u2606hugoo171|gg\n|l|\u2606purple skitty\n","uploadtime":1700773284,"views":8,"p1id":"hugoo171","p2id":"purpleskitty","formatid":"gen9nationaldex","rating":1489,"private":0,"password":""}