{"id":"gen9nationaldex-1988597251","p1":"help support","p2":"female charizard","format":"[Gen 9] National Dex","log":"|j|\u2606help support\n|j|\u2606female charizard\n|t:|1699740232\n|gametype|singles\n|player|p1|help support|102|1219\n|player|p2|female charizard|170|1170\n|teamsize|p1|6\n|teamsize|p2|6\n|gen|9\n|tier|[Gen 9] National Dex\n|rated|\n|rule|HP Percentage Mod: HP is shown in percentages\n|rule|Endless Battle Clause: Forcing endless battles is banned\n|rule|OHKO Clause: OHKO moves are banned\n|rule|Evasion Clause: Evasion abilities, items, and moves are banned\n|rule|Evasion Abilities Clause: Evasion abilities are banned\n|rule|Evasion Items Clause: Evasion items are banned\n|rule|Evasion Moves Clause: Evasion moves are banned\n|rule|Species Clause: Limit one of each Pok\u00e9mon\n|rule|Sleep Clause Mod: Limit one foe put to sleep\n|clearpoke\n|poke|p1|Abomasnow, M|\n|poke|p1|Arcanine, F|\n|poke|p1|Uxie|\n|poke|p1|Rotom-Wash|\n|poke|p1|Enamorus, F|\n|poke|p1|Eiscue, F|\n|poke|p2|Kyurem|\n|poke|p2|Abomasnow, M|\n|poke|p2|Breloom, F|\n|poke|p2|Rhyperior, F|\n|poke|p2|Ogerpon-Wellspring, F|\n|poke|p2|Ekans, F|\n|teampreview\n|j| snugglesnfluff\n|\n|t:|1699740242\n|start\n|switch|p1a: Uxie|Uxie, shiny|100\/100\n|switch|p2a: thanks|Ekans, F|100\/100\n|-ability|p2a: thanks|Intimidate|boost\n|-unboost|p1a: Uxie|atk|1\n|turn|1\n|j| less might be more\n|j| kung fu pokechu\n|\n|t:|1699740251\n|move|p1a: Uxie|Stealth Rock|p2a: thanks\n|-sidestart|p2: female charizard|move: Stealth Rock\n|move|p2a: thanks|Glare|p1a: Uxie\n|-status|p1a: Uxie|par\n|\n|upkeep\n|turn|2\n|\n|t:|1699740262\n|move|p2a: thanks|Toxic Spikes|p1a: Uxie\n|-sidestart|p1: help support|move: Toxic Spikes\n|move|p1a: Uxie|Yawn|p2a: thanks\n|-start|p2a: thanks|move: Yawn|[of] p1a: Uxie\n|\n|upkeep\n|turn|3\n|\n|t:|1699740267\n|move|p2a: thanks|Toxic Spikes|p1a: Uxie\n|-sidestart|p1: help support|move: Toxic Spikes\n|cant|p1a: Uxie|par\n|\n|-end|p2a: thanks|move: Yawn|[silent]\n|-status|p2a: thanks|slp\n|upkeep\n|turn|4\n|\n|t:|1699740273\n|switch|p2a: A subtle joke|Abomasnow, M|100\/100\n|-damage|p2a: A subtle joke|75\/100|[from] Stealth Rock\n|-weather|Snow|[from] ability: Snow Warning|[of] p2a: A subtle joke\n|move|p1a: Uxie|U-turn|p2a: A subtle joke\n|-supereffective|p2a: A subtle joke\n|-crit|p2a: A subtle joke\n|-damage|p2a: A subtle joke|49\/100\n|\n|t:|1699740282\n|switch|p1a: Arcanine|Arcanine, F, shiny|100\/100|[from] U-turn\n|\n|-weather|Snow|[upkeep]\n|upkeep\n|turn|5\n|\n|t:|1699740290\n|switch|p2a: thanks|Ekans, F|100\/100 slp\n|-damage|p2a: thanks|88\/100 slp|[from] Stealth Rock\n|-ability|p2a: thanks|Intimidate|boost\n|-unboost|p1a: Arcanine|atk|1\n|move|p1a: Arcanine|Overheat|p2a: thanks\n|-damage|p2a: thanks|0 fnt\n|-unboost|p1a: Arcanine|spa|2\n|faint|p2a: thanks\n|\n|-weather|Snow|[upkeep]\n|upkeep\n|\n|t:|1699740305\n|switch|p2a: SOLID SUGGESTER|Rhyperior, F|100\/100\n|-damage|p2a: SOLID SUGGESTER|94\/100|[from] Stealth Rock\n|turn|6\n|\n|t:|1699740310\n|move|p1a: Arcanine|Will-O-Wisp|p2a: SOLID SUGGESTER\n|-status|p2a: SOLID SUGGESTER|brn\n|move|p2a: SOLID SUGGESTER|Rock Polish|p2a: SOLID SUGGESTER\n|-boost|p2a: SOLID SUGGESTER|spe|2\n|\n|-weather|Snow|[upkeep]\n|-damage|p2a: SOLID SUGGESTER|88\/100 brn|[from] brn\n|upkeep\n|turn|7\n|\n|t:|1699740322\n|switch|p1a: Rotom|Rotom-Wash, shiny|100\/100\n|move|p2a: SOLID SUGGESTER|Earthquake|p1a: Rotom\n|-immune|p1a: Rotom|[from] ability: Levitate\n|\n|-weather|Snow|[upkeep]\n|-damage|p2a: SOLID SUGGESTER|82\/100 brn|[from] brn\n|upkeep\n|turn|8\n|\n|t:|1699740327\n|switch|p2a: A subtle joke|Abomasnow, M|49\/100\n|-damage|p2a: A subtle joke|24\/100|[from] Stealth Rock\n|move|p1a: Rotom|Defog|p2a: A subtle joke\n|-unboost|p2a: A subtle joke|evasion|1\n|-sideend|p2: female charizard|Stealth Rock|[from] move: Defog|[of] p1a: Rotom\n|-sideend|p1: help support|Toxic Spikes|[from] move: Defog|[of] p1a: Rotom\n|\n|-weather|none\n|upkeep\n|turn|9\n|j| imbleach\n|\n|t:|1699740344\n|switch|p1a: Uxie|Uxie, shiny|100\/100 par\n|move|p2a: A subtle joke|Aurora Veil||[still]\n|-fail|p2a: A subtle joke\n|\n|upkeep\n|turn|10\n|\n|t:|1699740349\n|switch|p2a: pressure friends|Kyurem|100\/100\n|-ability|p2a: pressure friends|Pressure\n|move|p1a: Uxie|Stealth Rock|p2a: pressure friends\n|-sidestart|p2: female charizard|move: Stealth Rock\n|\n|upkeep\n|turn|11\n|\n|t:|1699740358\n|move|p2a: pressure friends|Substitute|p2a: pressure friends\n|-start|p2a: pressure friends|Substitute\n|-damage|p2a: pressure friends|76\/100\n|move|p1a: Uxie|Yawn||[still]\n|-fail|p1a: Uxie\n|\n|-heal|p2a: pressure friends|82\/100|[from] item: Leftovers\n|upkeep\n|turn|12\n|\n|t:|1699740364\n|move|p2a: pressure friends|Freeze-Dry|p1a: Uxie\n|-damage|p1a: Uxie|81\/100 par\n|move|p1a: Uxie|U-turn|p2a: pressure friends\n|-activate|p2a: pressure friends|move: Substitute|[damage]\n|\n|t:|1699740383\n|switch|p1a: Eiscue|Eiscue, F, shiny|100\/100|[from] U-turn\n|\n|-heal|p2a: pressure friends|88\/100|[from] item: Leftovers\n|upkeep\n|turn|13\n|\n|t:|1699740406\n|move|p2a: pressure friends|Freeze-Dry|p1a: Eiscue\n|-resisted|p1a: Eiscue\n|-damage|p1a: Eiscue|83\/100\n|-enditem|p1a: Eiscue|Red Card|[of] p2a: pressure friends\n|drag|p2a: A subtle joke|Abomasnow, M|24\/100\n|-damage|p2a: A subtle joke|0 fnt|[from] Stealth Rock\n|faint|p2a: A subtle joke\n|move|p1a: Eiscue|Ice Punch|p2: A subtle joke|[notarget]\n|-fail|p1a: Eiscue\n|\n|upkeep\n|\n|t:|1699740423\n|switch|p2a: bisexual|Breloom, F|100\/100\n|-damage|p2a: bisexual|94\/100|[from] Stealth Rock\n|turn|14\n|\n|t:|1699740432\n|switch|p1a: Uxie|Uxie, shiny|81\/100 par\n|move|p2a: bisexual|Spore||[still]\n|-fail|p2a: bisexual\n|\n|-heal|p1a: Uxie|87\/100 par|[from] item: Leftovers\n|upkeep\n|turn|15\n|\n|t:|1699740439\n|switch|p2a: mods annoy me|Ogerpon-Wellspring, F|100\/100\n|-damage|p2a: mods annoy me|88\/100|[from] Stealth Rock\n|move|p1a: Uxie|U-turn|p2a: mods annoy me\n|-supereffective|p2a: mods annoy me\n|-damage|p2a: mods annoy me|56\/100\n|\n|t:|1699740451\n|switch|p1a: Enamorus|Enamorus, F, shiny|100\/100|[from] U-turn\n|\n|upkeep\n|turn|16\n|\n|t:|1699740462\n|move|p2a: mods annoy me|Ivy Cudgel|p1a: Enamorus\n|-damage|p1a: Enamorus|30\/100\n|move|p1a: Enamorus|Superpower|p2a: mods annoy me\n|-damage|p2a: mods annoy me|11\/100\n|-boost|p1a: Enamorus|atk|1\n|-boost|p1a: Enamorus|def|1\n|\n|-heal|p1a: Enamorus|36\/100|[from] item: Leftovers\n|upkeep\n|turn|17\n|\n|t:|1699740469\n|switch|p1a: Abomasnow|Abomasnow, M, shiny|100\/100\n|-weather|Snow|[from] ability: Snow Warning|[of] p1a: Abomasnow\n|move|p2a: mods annoy me|Ivy Cudgel|p1a: Abomasnow\n|-resisted|p1a: Abomasnow\n|-damage|p1a: Abomasnow|80\/100\n|\n|-weather|Snow|[upkeep]\n|upkeep\n|turn|18\n|\n|t:|1699740479\n|move|p1a: Abomasnow|Ice Shard|p2a: mods annoy me\n|-damage|p2a: mods annoy me|0 fnt\n|faint|p2a: mods annoy me\n|\n|-weather|Snow|[upkeep]\n|upkeep\n|\n|t:|1699740482\n|switch|p2a: pressure friends|Kyurem|88\/100\n|-damage|p2a: pressure friends|63\/100|[from] Stealth Rock\n|-ability|p2a: pressure friends|Pressure\n|turn|19\n|\n|t:|1699740490\n|switch|p1a: Enamorus|Enamorus, F, shiny|36\/100\n|move|p2a: pressure friends|Substitute|p2a: pressure friends\n|-start|p2a: pressure friends|Substitute\n|-damage|p2a: pressure friends|38\/100\n|\n|-weather|Snow|[upkeep]\n|-heal|p1a: Enamorus|42\/100|[from] item: Leftovers\n|-heal|p2a: pressure friends|44\/100|[from] item: Leftovers\n|upkeep\n|turn|20\n|\n|t:|1699740494\n|move|p1a: Enamorus|Superpower|p2a: pressure friends\n|-supereffective|p2a: pressure friends\n|-end|p2a: pressure friends|Substitute\n|-boost|p1a: Enamorus|atk|1\n|-boost|p1a: Enamorus|def|1\n|move|p2a: pressure friends|Freeze-Dry|p1a: Enamorus\n|-supereffective|p1a: Enamorus\n|-damage|p1a: Enamorus|0 fnt\n|faint|p1a: Enamorus\n|\n|-weather|Snow|[upkeep]\n|-heal|p2a: pressure friends|50\/100|[from] item: Leftovers\n|upkeep\n|\n|t:|1699740524\n|switch|p1a: Arcanine|Arcanine, F, shiny|100\/100\n|turn|21\n|\n|t:|1699740536\n|move|p2a: pressure friends|Protect|p2a: pressure friends\n|-singleturn|p2a: pressure friends|Protect\n|move|p1a: Arcanine|Overheat|p2a: pressure friends\n|-activate|p2a: pressure friends|move: Protect\n|\n|-weather|none\n|-heal|p2a: pressure friends|57\/100|[from] item: Leftovers\n|upkeep\n|turn|22\n|\n|t:|1699740542\n|move|p2a: pressure friends|Roost|p2a: pressure friends\n|-heal|p2a: pressure friends|100\/100\n|-singleturn|p2a: pressure friends|move: Roost\n|move|p1a: Arcanine|Overheat|p2a: pressure friends\n|-damage|p2a: pressure friends|67\/100\n|-unboost|p1a: Arcanine|spa|2\n|\n|-heal|p2a: pressure friends|73\/100|[from] item: Leftovers\n|upkeep\n|turn|23\n|\n|t:|1699740549\n|move|p2a: pressure friends|Substitute|p2a: pressure friends\n|-start|p2a: pressure friends|Substitute\n|-damage|p2a: pressure friends|48\/100\n|move|p1a: Arcanine|Teleport|p1a: Arcanine\n|\n|t:|1699740564\n|switch|p1a: Eiscue|Eiscue, F, shiny|83\/100|[from] Teleport\n|\n|-heal|p2a: pressure friends|54\/100|[from] item: Leftovers\n|upkeep\n|turn|24\n|\n|t:|1699740576\n|move|p2a: pressure friends|Freeze-Dry|p1a: Eiscue\n|-resisted|p1a: Eiscue\n|-damage|p1a: Eiscue|65\/100\n|move|p1a: Eiscue|Ice Punch|p2a: pressure friends\n|-activate|p2a: pressure friends|move: Substitute|[damage]\n|\n|-heal|p2a: pressure friends|60\/100|[from] item: Leftovers\n|upkeep\n|turn|25\n|\n|t:|1699740581\n|move|p2a: pressure friends|Roost|p2a: pressure friends\n|-heal|p2a: pressure friends|100\/100\n|-singleturn|p2a: pressure friends|move: Roost\n|move|p1a: Eiscue|Ice Punch|p2a: pressure friends\n|-end|p2a: pressure friends|Substitute\n|\n|upkeep\n|turn|26\n|-message|help support forfeited.\n|\n|win|female charizard\n|raw|help support's rating: 1219 &rarr; <strong>1189<\/strong><br \/>(-30 for losing)\n|raw|female charizard's rating: 1146 &rarr; <strong>1176<\/strong><br \/>(+30 for winning)\n|l|\u2606help support\n","uploadtime":1699740621,"views":4,"p1id":"helpsupport","p2id":"femalecharizard","formatid":"gen9nationaldex","rating":1176,"private":0,"password":""}