{"id":"gen9nationaldex-1991473599","p1":"Knight-Umbreon","p2":"oscarlord","format":"[Gen 9] National Dex","log":"|j|\u2606Knight-Umbreon\n|j|\u2606oscarlord\n|t:|1700080208\n|gametype|singles\n|player|p1|Knight-Umbreon|266|\n|player|p2|oscarlord|169|\n|teamsize|p1|6\n|teamsize|p2|6\n|gen|9\n|tier|[Gen 9] National Dex\n|rule|HP Percentage Mod: HP is shown in percentages\n|rule|Endless Battle Clause: Forcing endless battles is banned\n|rule|OHKO Clause: OHKO moves are banned\n|rule|Evasion Clause: Evasion abilities, items, and moves are banned\n|rule|Evasion Abilities Clause: Evasion abilities are banned\n|rule|Evasion Items Clause: Evasion items are banned\n|rule|Evasion Moves Clause: Evasion moves are banned\n|rule|Species Clause: Limit one of each Pok\u00e9mon\n|rule|Sleep Clause Mod: Limit one foe put to sleep\n|clearpoke\n|poke|p1|Vivillon-Pokeball, M|\n|poke|p1|Gengar, F|\n|poke|p1|Crobat, F|\n|poke|p1|Mamoswine, M|\n|poke|p1|Metagross|\n|poke|p1|Tatsugiri, F|\n|poke|p2|Rotom-Frost|\n|poke|p2|Vivillon-Fancy, F|\n|poke|p2|Crobat, M|\n|poke|p2|Metagross|\n|poke|p2|Gengar, M|\n|poke|p2|Cyclizar, M|\n|teampreview\n|c|\u2606oscarlord|Vaya vaya\n|c|\u2606Knight-Umbreon|esto es muy interesante\n|c|\u2606Knight-Umbreon|Es muy intenso parce!!\n|c|\u2606Knight-Umbreon|cr\u00e9ame que este torneo me emociona mucho\n|c|\u2606oscarlord|me gustan las alas\n|c|\u2606Knight-Umbreon|se siente diferente esta batalla a un showdown normal\n|c|\u2606oscarlord|en forma de pokebola\n|c|\u2606Knight-Umbreon|Gracias parce\n|c|\u2606Knight-Umbreon|le damos ca\u00f1a?\n|c|\u2606oscarlord|de one\n|\n|t:|1700080275\n|start\n|switch|p1a: Mamoswine|Mamoswine, M|100\/100\n|switch|p2a: Rotom|Rotom-Frost|100\/100\n|turn|1\n|\n|t:|1700080296\n|switch|p2a: Crobat|Crobat, M|100\/100\n|move|p1a: Mamoswine|Stealth Rock|p2a: Crobat\n|-sidestart|p2: oscarlord|move: Stealth Rock\n|\n|upkeep\n|turn|2\n|\n|t:|1700080301\n|move|p1a: Mamoswine|Ice Shard|p2a: Crobat\n|-supereffective|p2a: Crobat\n|-damage|p2a: Crobat|58\/100\n|move|p2a: Crobat|Taunt|p1a: Mamoswine\n|-immune|p1a: Mamoswine|[from] ability: Oblivious\n|\n|-heal|p2a: Crobat|64\/100|[from] item: Black Sludge\n|upkeep\n|turn|3\n|\n|t:|1700080329\n|switch|p2a: Metagross|Metagross|100\/100\n|-damage|p2a: Metagross|94\/100|[from] Stealth Rock\n|move|p1a: Mamoswine|Ice Shard|p2a: Metagross\n|-resisted|p2a: Metagross\n|-damage|p2a: Metagross|87\/100\n|\n|upkeep\n|turn|4\n|\n|t:|1700080339\n|move|p1a: Mamoswine|Earthquake|p2a: Metagross\n|-supereffective|p2a: Metagross\n|-damage|p2a: Metagross|8\/100\n|move|p2a: Metagross|Pursuit|p1a: Mamoswine\n|-damage|p1a: Mamoswine|82\/100\n|\n|upkeep\n|turn|5\n|\n|t:|1700080354\n|switch|p2a: Vivillon|Vivillon-Fancy, F|100\/100\n|-damage|p2a: Vivillon|51\/100|[from] Stealth Rock\n|move|p1a: Mamoswine|Earthquake|p2a: Vivillon\n|-immune|p2a: Vivillon\n|\n|upkeep\n|turn|6\n|\n|t:|1700080364\n|move|p1a: Mamoswine|Ice Shard|p2a: Vivillon\n|-supereffective|p2a: Vivillon\n|-damage|p2a: Vivillon|0 fnt\n|faint|p2a: Vivillon\n|\n|upkeep\n|\n|t:|1700080391\n|switch|p2a: Crobat|Crobat, M|64\/100\n|-damage|p2a: Crobat|40\/100|[from] Stealth Rock\n|turn|7\n|\n|t:|1700080398\n|-terastallize|p2a: Crobat|Electric\n|move|p1a: Mamoswine|Ice Shard|p2a: Crobat\n|-damage|p2a: Crobat|17\/100\n|move|p2a: Crobat|Roost|p2a: Crobat\n|-heal|p2a: Crobat|67\/100\n|\n|-damage|p2a: Crobat|55\/100|[from] item: Black Sludge\n|upkeep\n|turn|8\n|\n|t:|1700080412\n|move|p2a: Crobat|Roost|p2a: Crobat\n|-heal|p2a: Crobat|100\/100\n|move|p1a: Mamoswine|Earthquake|p2a: Crobat\n|-supereffective|p2a: Crobat\n|-damage|p2a: Crobat|0 fnt\n|faint|p2a: Crobat\n|\n|upkeep\n|\n|t:|1700080425\n|switch|p2a: Rotom|Rotom-Frost|100\/100\n|-damage|p2a: Rotom|76\/100|[from] Stealth Rock\n|turn|9\n|\n|t:|1700080434\n|move|p1a: Mamoswine|Ice Shard|p2a: Rotom\n|-resisted|p2a: Rotom\n|-damage|p2a: Rotom|62\/100\n|move|p2a: Rotom|Trick|p1a: Mamoswine\n|-activate|p2a: Rotom|move: Trick|[of] p1a: Mamoswine\n|-item|p1a: Mamoswine|Choice Scarf|[from] move: Trick\n|-item|p2a: Rotom|Focus Sash|[from] move: Trick\n|\n|upkeep\n|turn|10\n|\n|t:|1700080467\n|switch|p1a: Gengar|Gengar, F|100\/100\n|move|p2a: Rotom|Blizzard|p1a: Gengar|[miss]\n|-miss|p2a: Rotom|p1a: Gengar\n|\n|upkeep\n|turn|11\n|\n|t:|1700080480\n|move|p1a: Gengar|Shadow Ball|p2a: Rotom\n|-damage|p2a: Rotom|0 fnt\n|faint|p2a: Rotom\n|-damage|p1a: Gengar|91\/100|[from] item: Life Orb\n|\n|upkeep\n|\n|t:|1700080492\n|switch|p2a: Gengar|Gengar, M, shiny|100\/100\n|-damage|p2a: Gengar|88\/100|[from] Stealth Rock\n|turn|12\n|\n|t:|1700080504\n|-terastallize|p1a: Gengar|Normal\n|move|p2a: Gengar|Dazzling Gleam|p1a: Gengar\n|-damage|p1a: Gengar|20\/100\n|move|p1a: Gengar|Shadow Ball|p2a: Gengar\n|-supereffective|p2a: Gengar\n|-damage|p2a: Gengar|0 fnt\n|-start|p1a: Gengar|Disable|Shadow Ball|[from] ability: Cursed Body|[of] p2a: Gengar\n|faint|p2a: Gengar\n|-damage|p1a: Gengar|10\/100|[from] item: Life Orb\n|\n|upkeep\n|\n|t:|1700080515\n|switch|p2a: Cyclizar|Cyclizar, M|100\/100\n|-damage|p2a: Cyclizar|88\/100|[from] Stealth Rock\n|turn|13\n|\n|t:|1700080521\n|move|p2a: Cyclizar|Knock Off|p1a: Gengar\n|-damage|p1a: Gengar|0 fnt\n|-enditem|p1a: Gengar|Life Orb|[from] move: Knock Off|[of] p2a: Cyclizar\n|faint|p1a: Gengar\n|-damage|p2a: Cyclizar|78\/100|[from] item: Life Orb\n|\n|upkeep\n|\n|t:|1700080527\n|switch|p1a: Mamoswine|Mamoswine, M|82\/100\n|turn|14\n|\n|t:|1700080539\n|move|p1a: Mamoswine|Ice Shard|p2a: Cyclizar\n|-supereffective|p2a: Cyclizar\n|-damage|p2a: Cyclizar|3\/100\n|move|p2a: Cyclizar|Shift Gear|p2a: Cyclizar\n|-boost|p2a: Cyclizar|spe|2\n|-boost|p2a: Cyclizar|atk|1\n|\n|upkeep\n|turn|15\n|\n|t:|1700080548\n|move|p1a: Mamoswine|Ice Shard|p2a: Cyclizar\n|-supereffective|p2a: Cyclizar\n|-damage|p2a: Cyclizar|0 fnt\n|faint|p2a: Cyclizar\n|\n|upkeep\n|\n|t:|1700080551\n|switch|p2a: Metagross|Metagross|8\/100\n|-damage|p2a: Metagross|2\/100|[from] Stealth Rock\n|turn|16\n|\n|t:|1700080559\n|move|p1a: Mamoswine|Ice Shard|p2a: Metagross\n|-resisted|p2a: Metagross\n|-damage|p2a: Metagross|0 fnt\n|faint|p2a: Metagross\n|\n|win|Knight-Umbreon\n","uploadtime":1700080565,"views":5,"p1id":"knightumbreon","p2id":"oscarlord","formatid":"gen9nationaldex","rating":0,"private":0,"password":""}