{"id":"gen9nationaldex-1999045193","p1":"Frmojifrmoji","p2":"Gonquical","format":"[Gen 9] National Dex","log":"|html|<div class=\"broadcast-blue\"><strong>[Gen 9] National Dex is currently suspecting Sneasler! For information on how to participate check out the <a href=\"https:\/\/www.smogon.com\/forums\/threads\/sv-national-dex-suspect-8-just-dance.3731534\/\">suspect thread<\/a>.<\/strong><\/div>\n|j|\u2606Frmojifrmoji\n|j|\u2606Gonquical\n|t:|1701027270\n|gametype|singles\n|player|p1|Frmojifrmoji|dawn-gen4pt|\n|player|p2|Gonquical|n|\n|teamsize|p1|6\n|teamsize|p2|6\n|gen|9\n|tier|[Gen 9] National Dex\n|rule|HP Percentage Mod: HP is shown in percentages\n|rule|Endless Battle Clause: Forcing endless battles is banned\n|rule|OHKO Clause: OHKO moves are banned\n|rule|Evasion Clause: Evasion abilities, items, and moves are banned\n|rule|Evasion Abilities Clause: Evasion abilities are banned\n|rule|Evasion Items Clause: Evasion items are banned\n|rule|Evasion Moves Clause: Evasion moves are banned\n|rule|Species Clause: Limit one of each Pok\u00e9mon\n|rule|Sleep Clause Mod: Limit one foe put to sleep\n|clearpoke\n|poke|p1|Charizard, M|\n|poke|p1|Venusaur, M|\n|poke|p1|Salazzle, F|\n|poke|p1|Seismitoad, M|\n|poke|p1|Clodsire, M|\n|poke|p1|Quagsire, M|\n|poke|p2|Ursaluna, M|\n|poke|p2|Zoroark, M|\n|poke|p2|Delphox, F|\n|poke|p2|Lycanroc, F|\n|poke|p2|Okidogi, M|\n|poke|p2|Manectric, M|\n|teampreview\n|c|\u2606Frmojifrmoji|prepara el anel\n|\n|t:|1701027317\n|start\n|switch|p1a: Charizard|Charizard, M|100\/100\n|switch|p2a: Delphox|Delphox, F|100\/100\n|turn|1\n|\n|t:|1701027344\n|detailschange|p1a: Charizard|Charizard-Mega-Y, M\n|-mega|p1a: Charizard|Charizard|Charizardite Y\n|-weather|SunnyDay|[from] ability: Drought|[of] p1a: Charizard\n|move|p1a: Charizard|Air Slash|p2a: Delphox\n|-damage|p2a: Delphox|71\/100\n|move|p2a: Delphox|Trick Room|p2a: Delphox\n|-fieldstart|move: Trick Room|[of] p2a: Delphox\n|\n|-weather|SunnyDay|[upkeep]\n|upkeep\n|turn|2\n|\n|t:|1701027356\n|switch|p1a: Seismitoad|Seismitoad, M|100\/100\n|move|p2a: Delphox|Will-O-Wisp|p1a: Seismitoad\n|-status|p1a: Seismitoad|brn\n|\n|-weather|SunnyDay|[upkeep]\n|-damage|p1a: Seismitoad|94\/100 brn|[from] brn\n|upkeep\n|turn|3\n|\n|t:|1701027375\n|switch|p2a: Okidogi|Okidogi, M|100\/100\n|move|p1a: Seismitoad|Stealth Rock|p2a: Okidogi\n|-sidestart|p2: Gonquical|move: Stealth Rock\n|\n|-weather|SunnyDay|[upkeep]\n|-heal|p1a: Seismitoad|100\/100 brn|[from] item: Leftovers\n|-damage|p1a: Seismitoad|94\/100 brn|[from] brn\n|upkeep\n|turn|4\n|inactive|Battle timer is ON: inactive players will automatically lose when time's up. (requested by Frmojifrmoji)\n|\n|t:|1701027387\n|move|p1a: Seismitoad|Knock Off|p2a: Okidogi\n|-resisted|p2a: Okidogi\n|-damage|p2a: Okidogi|96\/100\n|-enditem|p2a: Okidogi|Leftovers|[from] move: Knock Off|[of] p1a: Seismitoad\n|move|p2a: Okidogi|Bulk Up|p2a: Okidogi\n|-boost|p2a: Okidogi|atk|1\n|-boost|p2a: Okidogi|def|1\n|\n|-weather|SunnyDay|[upkeep]\n|-heal|p1a: Seismitoad|100\/100 brn|[from] item: Leftovers\n|-damage|p1a: Seismitoad|94\/100 brn|[from] brn\n|upkeep\n|turn|5\n|\n|t:|1701027406\n|switch|p1a: Clodsire|Clodsire, M|100\/100\n|move|p2a: Okidogi|Bulk Up|p2a: Okidogi\n|-boost|p2a: Okidogi|atk|1\n|-boost|p2a: Okidogi|def|1\n|\n|-weather|none\n|-fieldend|move: Trick Room\n|upkeep\n|turn|6\n|c|\u2606Frmojifrmoji|chetate mas\n|\n|t:|1701027418\n|move|p2a: Okidogi|Iron Head|p1a: Clodsire\n|-damage|p1a: Clodsire|66\/100\n|cant|p1a: Clodsire|flinch\n|\n|-heal|p1a: Clodsire|73\/100|[from] item: Leftovers\n|upkeep\n|turn|7\n|\n|t:|1701027425\n|move|p2a: Okidogi|Iron Head|p1a: Clodsire\n|-damage|p1a: Clodsire|38\/100\n|move|p1a: Clodsire|Recover|p1a: Clodsire\n|-heal|p1a: Clodsire|88\/100\n|\n|-heal|p1a: Clodsire|94\/100|[from] item: Leftovers\n|upkeep\n|turn|8\n|\n|t:|1701027435\n|move|p2a: Okidogi|Bulk Up|p2a: Okidogi\n|-boost|p2a: Okidogi|atk|1\n|-boost|p2a: Okidogi|def|1\n|move|p1a: Clodsire|Earthquake|p2a: Okidogi\n|-supereffective|p2a: Okidogi\n|-damage|p2a: Okidogi|50\/100\n|\n|-heal|p1a: Clodsire|99\/100|[from] item: Leftovers\n|upkeep\n|turn|9\n|c|\u2606Frmojifrmoji|soy uneware bruh:V\n|\n|t:|1701027445\n|move|p2a: Okidogi|Drain Punch|p1a: Clodsire\n|-resisted|p1a: Clodsire\n|-damage|p1a: Clodsire|74\/100\n|-heal|p2a: Okidogi|66\/100|[from] drain|[of] p1a: Clodsire\n|move|p1a: Clodsire|Earthquake|p2a: Okidogi\n|-supereffective|p2a: Okidogi\n|-damage|p2a: Okidogi|24\/100\n|\n|-heal|p1a: Clodsire|81\/100|[from] item: Leftovers\n|upkeep\n|turn|10\n|\n|t:|1701027462\n|move|p2a: Okidogi|Iron Head|p1a: Clodsire\n|-damage|p1a: Clodsire|45\/100\n|move|p1a: Clodsire|Earthquake|p2a: Okidogi\n|-supereffective|p2a: Okidogi\n|-damage|p2a: Okidogi|0 fnt\n|faint|p2a: Okidogi\n|\n|-heal|p1a: Clodsire|52\/100|[from] item: Leftovers\n|upkeep\n|inactive|Gonquical has 270 seconds left.\n|inactive|Gonquical has 240 seconds left.\n|\n|t:|1701027516\n|switch|p2a: Ursaluna|Ursaluna, M|100\/100\n|-damage|p2a: Ursaluna|94\/100|[from] Stealth Rock\n|turn|11\n|\n|t:|1701027521\n|switch|p1a: Quagsire|Quagsire, M, shiny|100\/100\n|move|p2a: Ursaluna|Protect||[still]\n|-fail|p2a: Ursaluna\n|\n|-status|p2a: Ursaluna|brn|[from] item: Flame Orb\n|upkeep\n|turn|12\n|\n|t:|1701027533\n|-terastallize|p2a: Ursaluna|Normal\n|move|p2a: Ursaluna|Facade|p1a: Quagsire\n|-damage|p1a: Quagsire|0 fnt\n|faint|p1a: Quagsire\n|\n|-damage|p2a: Ursaluna|88\/100 brn|[from] brn\n|upkeep\n|c|\u2606Frmojifrmoji|dios XD\n|\n|t:|1701027541\n|switch|p1a: Charizard|Charizard-Mega-Y, M|100\/100\n|-weather|SunnyDay|[from] ability: Drought|[of] p1a: Charizard\n|turn|13\n|\n|t:|1701027548\n|move|p1a: Charizard|Air Slash|p2a: Ursaluna\n|-damage|p2a: Ursaluna|49\/100 brn\n|move|p2a: Ursaluna|Facade|p1a: Charizard\n|-damage|p1a: Charizard|0 fnt\n|faint|p1a: Charizard\n|\n|-weather|SunnyDay|[upkeep]\n|-damage|p2a: Ursaluna|43\/100 brn|[from] brn\n|upkeep\n|\n|t:|1701027556\n|switch|p1a: Venusaur|Venusaur, M|100\/100\n|turn|14\n|\n|t:|1701027560\n|move|p1a: Venusaur|Giga Drain|p2a: Ursaluna\n|-damage|p2a: Ursaluna|0 fnt\n|faint|p2a: Ursaluna\n|-damage|p1a: Venusaur|91\/100|[from] item: Life Orb\n|\n|-weather|SunnyDay|[upkeep]\n|upkeep\n|inactive|Gonquical has 270 seconds left.\n|\n|t:|1701027579\n|switch|p2a: Manectric|Manectric, M|100\/100\n|-damage|p2a: Manectric|88\/100|[from] Stealth Rock\n|turn|15\n|c|\u2606Frmojifrmoji|encima el quagsire era fisico\n|inactive|Gonquical has 270 seconds left.\n|\n|t:|1701027588\n|detailschange|p2a: Manectric|Manectric-Mega, M\n|-mega|p2a: Manectric|Manectric|Manectite\n|-ability|p2a: Manectric|Intimidate|boost\n|-unboost|p1a: Venusaur|atk|1\n|-terastallize|p1a: Venusaur|Fire\n|move|p1a: Venusaur|Growth|p1a: Venusaur\n|-boost|p1a: Venusaur|atk|2\n|-boost|p1a: Venusaur|spa|2\n|move|p2a: Manectric|Flamethrower|p1a: Venusaur\n|-resisted|p1a: Venusaur\n|-damage|p1a: Venusaur|62\/100\n|\n|-weather|SunnyDay|[upkeep]\n|upkeep\n|turn|16\n|inactive|Gonquical has 270 seconds left.\n|\n|t:|1701027602\n|move|p1a: Venusaur|Weather Ball|p2a: Manectric\n|-damage|p2a: Manectric|0 fnt\n|faint|p2a: Manectric\n|-damage|p1a: Venusaur|52\/100|[from] item: Life Orb\n|\n|-weather|SunnyDay|[upkeep]\n|upkeep\n|inactive|Gonquical has 270 seconds left.\n|\n|t:|1701027624\n|switch|p2a: Lycanroc|Lycanroc, F|100\/100\n|-damage|p2a: Lycanroc|88\/100|[from] Stealth Rock\n|turn|17\n|\n|t:|1701027646\n|move|p2a: Lycanroc|Accelerock|p1a: Venusaur\n|-supereffective|p1a: Venusaur\n|-crit|p1a: Venusaur\n|-damage|p1a: Venusaur|0 fnt\n|faint|p1a: Venusaur\n|\n|-weather|none\n|upkeep\n|\n|t:|1701027658\n|switch|p1a: Seismitoad|Seismitoad, M|94\/100 brn\n|turn|18\n|inactive|Gonquical has 240 seconds left.\n|c|\u2606Frmojifrmoji|na critico que suerte\n|\n|t:|1701027688\n|switch|p2a: Delphox|Delphox, F|71\/100\n|-damage|p2a: Delphox|46\/100|[from] Stealth Rock\n|-enditem|p2a: Delphox|Sitrus Berry|[eat]\n|-heal|p2a: Delphox|71\/100|[from] item: Sitrus Berry\n|move|p1a: Seismitoad|Drain Punch|p2a: Delphox\n|-resisted|p2a: Delphox\n|-damage|p2a: Delphox|65\/100\n|-heal|p1a: Seismitoad|97\/100 brn|[from] drain|[of] p2a: Delphox\n|\n|-heal|p1a: Seismitoad|100\/100 brn|[from] item: Leftovers\n|-damage|p1a: Seismitoad|94\/100 brn|[from] brn\n|upkeep\n|turn|19\n|inactive|Gonquical has 240 seconds left.\n|\n|t:|1701027713\n|move|p2a: Delphox|Psychic|p1a: Seismitoad\n|-damage|p1a: Seismitoad|57\/100 brn\n|-unboost|p1a: Seismitoad|spd|1\n|-item|p2a: Delphox|Leftovers|[from] ability: Magician|[of] p1a: Seismitoad\n|move|p1a: Seismitoad|Earthquake|p2a: Delphox\n|-supereffective|p2a: Delphox\n|-damage|p2a: Delphox|23\/100\n|\n|-heal|p2a: Delphox|29\/100|[from] item: Leftovers\n|-damage|p1a: Seismitoad|50\/100 brn|[from] brn\n|upkeep\n|turn|20\n|\n|t:|1701027725\n|move|p2a: Delphox|Psychic|p1a: Seismitoad\n|-crit|p1a: Seismitoad\n|-damage|p1a: Seismitoad|0 fnt\n|faint|p1a: Seismitoad\n|\n|-heal|p2a: Delphox|36\/100|[from] item: Leftovers\n|upkeep\n|c|\u2606Frmojifrmoji|NA OTRO CRITICO\n|\n|t:|1701027738\n|switch|p1a: Clodsire|Clodsire, M|52\/100\n|turn|21\n|\n|t:|1701027744\n|move|p2a: Delphox|Psychic|p1a: Clodsire\n|-supereffective|p1a: Clodsire\n|-damage|p1a: Clodsire|11\/100\n|move|p1a: Clodsire|Earthquake|p2a: Delphox\n|-supereffective|p2a: Delphox\n|-damage|p2a: Delphox|0 fnt\n|faint|p2a: Delphox\n|\n|-heal|p1a: Clodsire|17\/100|[from] item: Leftovers\n|upkeep\n|c|\u2606Frmojifrmoji|na si es que dos critico que puedo hacer\n|inactive|Gonquical has 210 seconds left.\n|\n|t:|1701027777\n|switch|p2a: Lycanroc|Lycanroc, F|88\/100\n|-damage|p2a: Lycanroc|76\/100|[from] Stealth Rock\n|turn|22\n|inactive|Gonquical has 210 seconds left.\n|\n|t:|1701027799\n|move|p2a: Lycanroc|Drill Run|p1a: Clodsire\n|-supereffective|p1a: Clodsire\n|-damage|p1a: Clodsire|0 fnt\n|faint|p1a: Clodsire\n|\n|upkeep\n|\n|t:|1701027820\n|switch|p1a: Salazzle|Salazzle, F, shiny|100\/100\n|turn|23\n|\n|t:|1701027827\n|move|p1a: Salazzle|Protect|p1a: Salazzle\n|-singleturn|p1a: Salazzle|Protect\n|move|p2a: Lycanroc|Accelerock|p1a: Salazzle\n|-activate|p1a: Salazzle|move: Protect\n|\n|upkeep\n|turn|24\n|inactive|Gonquical has 210 seconds left.\n|\n|t:|1701027850\n|move|p2a: Lycanroc|Accelerock|p1a: Salazzle\n|-supereffective|p1a: Salazzle\n|-damage|p1a: Salazzle|23\/100\n|move|p1a: Salazzle|Flamethrower|p2a: Lycanroc\n|-resisted|p2a: Lycanroc\n|-crit|p2a: Lycanroc\n|-damage|p2a: Lycanroc|25\/100\n|\n|upkeep\n|turn|25\n|inactive|Gonquical has 210 seconds left.\n|c|\u2606Frmojifrmoji|ya esta gg dos criticos que me pegas en los momentos mas necesitados\n|\n|t:|1701027867\n|move|p2a: Lycanroc|Accelerock|p1a: Salazzle\n|-supereffective|p1a: Salazzle\n|-damage|p1a: Salazzle|0 fnt\n|faint|p1a: Salazzle\n|\n|win|Gonquical\n|l|\u2606Frmojifrmoji\n","uploadtime":1701027891,"views":8,"p1id":"frmojifrmoji","p2id":"gonquical","formatid":"gen9nationaldex","rating":0,"private":0,"password":""}