{"id":"gen9nationaldex-1997984476","p1":"eusoufael","p2":"NDSNEZyedropwhen","format":"[Gen 9] National Dex","log":"|html|<div class=\"broadcast-blue\"><strong>[Gen 9] National Dex is currently suspecting Sneasler! For information on how to participate check out the <a href=\"https:\/\/www.smogon.com\/forums\/threads\/sv-national-dex-suspect-8-just-dance.3731534\/\">suspect thread<\/a>.<\/strong><\/div>\n|j|\u2606eusoufael\n|j|\u2606NDSNEZyedropwhen\n|t:|1700875381\n|gametype|singles\n|player|p1|eusoufael|1|1058\n|player|p2|NDSNEZyedropwhen|adaman|1147\n|teamsize|p1|6\n|teamsize|p2|6\n|gen|9\n|tier|[Gen 9] National Dex\n|rated|\n|rule|HP Percentage Mod: HP is shown in percentages\n|rule|Endless Battle Clause: Forcing endless battles is banned\n|rule|OHKO Clause: OHKO moves are banned\n|rule|Evasion Clause: Evasion abilities, items, and moves are banned\n|rule|Evasion Abilities Clause: Evasion abilities are banned\n|rule|Evasion Items Clause: Evasion items are banned\n|rule|Evasion Moves Clause: Evasion moves are banned\n|rule|Species Clause: Limit one of each Pok\u00e9mon\n|rule|Sleep Clause Mod: Limit one foe put to sleep\n|clearpoke\n|poke|p1|Electivire, F|\n|poke|p1|Charizard, F|\n|poke|p1|Torterra, F|\n|poke|p1|Gengar, F|\n|poke|p1|Dragonite, M|\n|poke|p1|Lucario, M|\n|poke|p2|Toxapex, M|\n|poke|p2|Dondozo, F|\n|poke|p2|Gliscor, M|\n|poke|p2|Blissey, F|\n|poke|p2|Corviknight, F|\n|poke|p2|Tyranitar, M|\n|teampreview\n|inactive|Battle timer is ON: inactive players will automatically lose when time's up. (requested by NDSNEZyedropwhen)\n|\n|t:|1700875403\n|start\n|switch|p1a: Torterra|Torterra, F|100\/100\n|switch|p2a: Gliscor|Gliscor, M|100\/100\n|turn|1\n|\n|t:|1700875416\n|move|p2a: Gliscor|Toxic|p1a: Torterra\n|-status|p1a: Torterra|tox\n|move|p1a: Torterra|Stealth Rock|p2a: Gliscor\n|-sidestart|p2: NDSNEZyedropwhen|move: Stealth Rock\n|\n|-damage|p1a: Torterra|94\/100 tox|[from] psn\n|-status|p2a: Gliscor|tox|[from] item: Toxic Orb\n|upkeep\n|turn|2\n|\n|t:|1700875429\n|move|p2a: Gliscor|Spikes|p1a: Torterra\n|-sidestart|p1: eusoufael|Spikes\n|move|p1a: Torterra|Leech Seed|p2a: Gliscor\n|-start|p2a: Gliscor|move: Leech Seed\n|\n|-heal|p1a: Torterra|100\/100 tox|[from] item: Leftovers\n|-damage|p2a: Gliscor|88\/100 tox|[from] Leech Seed|[of] p1a: Torterra\n|-heal|p2a: Gliscor|100\/100 tox|[from] ability: Poison Heal\n|-damage|p1a: Torterra|88\/100 tox|[from] psn\n|upkeep\n|turn|3\n|\n|t:|1700875451\n|move|p2a: Gliscor|Protect|p2a: Gliscor\n|-singleturn|p2a: Gliscor|Protect\n|move|p1a: Torterra|Giga Drain|p2a: Gliscor\n|-activate|p2a: Gliscor|move: Protect\n|\n|-heal|p1a: Torterra|94\/100 tox|[from] item: Leftovers\n|-damage|p2a: Gliscor|88\/100 tox|[from] Leech Seed|[of] p1a: Torterra\n|-heal|p1a: Torterra|100\/100 tox|[silent]\n|-heal|p2a: Gliscor|100\/100 tox|[from] ability: Poison Heal\n|-damage|p1a: Torterra|82\/100 tox|[from] psn\n|upkeep\n|turn|4\n|\n|t:|1700875458\n|switch|p2a: Corviknight|Corviknight, F|100\/100\n|-damage|p2a: Corviknight|88\/100|[from] Stealth Rock\n|-ability|p2a: Corviknight|Pressure\n|move|p1a: Torterra|Giga Drain|p2a: Corviknight\n|-resisted|p2a: Corviknight\n|-damage|p2a: Corviknight|84\/100\n|-heal|p1a: Torterra|84\/100 tox|[from] drain|[of] p2a: Corviknight\n|\n|-heal|p2a: Corviknight|90\/100|[from] item: Leftovers\n|-heal|p1a: Torterra|90\/100 tox|[from] item: Leftovers\n|-damage|p1a: Torterra|66\/100 tox|[from] psn\n|upkeep\n|turn|5\n|\n|t:|1700875470\n|move|p2a: Corviknight|Protect|p2a: Corviknight\n|-singleturn|p2a: Corviknight|Protect\n|move|p1a: Torterra|Leech Seed|p2a: Corviknight\n|-activate|p2a: Corviknight|move: Protect\n|\n|-heal|p2a: Corviknight|97\/100|[from] item: Leftovers\n|-heal|p1a: Torterra|72\/100 tox|[from] item: Leftovers\n|-damage|p1a: Torterra|42\/100 tox|[from] psn\n|upkeep\n|turn|6\n|\n|t:|1700875482\n|switch|p1a: Charizard|Charizard, F|100\/100\n|move|p2a: Corviknight|Defog|p1a: Charizard\n|-unboost|p1a: Charizard|evasion|1\n|-sideend|p1: eusoufael|Spikes|[from] move: Defog|[of] p2a: Corviknight\n|-sideend|p2: NDSNEZyedropwhen|Stealth Rock|[from] move: Defog|[of] p2a: Corviknight\n|\n|-heal|p2a: Corviknight|100\/100|[from] item: Leftovers\n|upkeep\n|turn|7\n|\n|t:|1700875491\n|switch|p2a: Tyranitar|Tyranitar, M|100\/100\n|-weather|Sandstorm|[from] ability: Sand Stream|[of] p2a: Tyranitar\n|detailschange|p1a: Charizard|Charizard-Mega-Y, F\n|-mega|p1a: Charizard|Charizard|Charizardite Y\n|-weather|SunnyDay|[from] ability: Drought|[of] p1a: Charizard\n|move|p1a: Charizard|Flamethrower|p2a: Tyranitar\n|-resisted|p2a: Tyranitar\n|-damage|p2a: Tyranitar|71\/100\n|\n|-weather|SunnyDay|[upkeep]\n|upkeep\n|turn|8\n|\n|t:|1700875503\n|detailschange|p2a: Tyranitar|Tyranitar-Mega, M\n|-mega|p2a: Tyranitar|Tyranitar|Tyranitarite\n|-weather|Sandstorm|[from] ability: Sand Stream|[of] p2a: Tyranitar\n|move|p1a: Charizard|Solar Beam||[still]\n|-prepare|p1a: Charizard|Solar Beam\n|move|p2a: Tyranitar|Knock Off|p1a: Charizard\n|-damage|p1a: Charizard|43\/100\n|\n|-weather|Sandstorm|[upkeep]\n|-damage|p1a: Charizard|37\/100|[from] Sandstorm\n|upkeep\n|turn|9\n|\n|t:|1700875517\n|switch|p2a: Toxapex|Toxapex, M|100\/100\n|move|p1a: Charizard|Solar Beam|p2a: Toxapex|[from]lockedmove\n|-damage|p2a: Toxapex|81\/100\n|\n|-weather|Sandstorm|[upkeep]\n|-damage|p1a: Charizard|31\/100|[from] Sandstorm\n|-damage|p2a: Toxapex|75\/100|[from] Sandstorm\n|upkeep\n|turn|10\n|\n|t:|1700875525\n|switch|p2a: Tyranitar|Tyranitar-Mega, M|71\/100\n|move|p1a: Charizard|Thunder Punch|p2a: Tyranitar\n|-damage|p2a: Tyranitar|60\/100\n|\n|-weather|Sandstorm|[upkeep]\n|-damage|p1a: Charizard|25\/100|[from] Sandstorm\n|upkeep\n|turn|11\n|\n|t:|1700875532\n|move|p1a: Charizard|Solar Beam||[still]\n|-prepare|p1a: Charizard|Solar Beam\n|move|p2a: Tyranitar|Pursuit|p1a: Charizard\n|-damage|p1a: Charizard|0 fnt\n|faint|p1a: Charizard\n|\n|-weather|Sandstorm|[upkeep]\n|upkeep\n|\n|t:|1700875540\n|switch|p1a: Torterra|Torterra, F|42\/100 tox\n|turn|12\n|\n|t:|1700875558\n|move|p2a: Tyranitar|Ice Punch|p1a: Torterra\n|-supereffective|p1a: Torterra\n|-damage|p1a: Torterra|0 fnt\n|faint|p1a: Torterra\n|\n|-weather|none\n|upkeep\n|\n|t:|1700875563\n|switch|p1a: Gengar|Gengar, F|100\/100\n|turn|13\n|\n|t:|1700875567\n|switch|p2a: Blissey|Blissey, F|100\/100\n|move|p1a: Gengar|Curse|p2a: Blissey\n|-start|p2a: Blissey|Curse|[of] p1a: Gengar\n|-damage|p1a: Gengar|50\/100\n|\n|-heal|p1a: Gengar|57\/100|[from] item: Leftovers\n|-damage|p2a: Blissey|76\/100|[from] Curse\n|upkeep\n|turn|14\n|\n|t:|1700875576\n|switch|p2a: Tyranitar|Tyranitar-Mega, M|60\/100\n|-weather|Sandstorm|[from] ability: Sand Stream|[of] p2a: Tyranitar\n|move|p1a: Gengar|Rest|p1a: Gengar\n|-status|p1a: Gengar|slp|[from] move: Rest\n|-heal|p1a: Gengar|100\/100 slp|[silent]\n|\n|-weather|Sandstorm|[upkeep]\n|-damage|p1a: Gengar|94\/100 slp|[from] Sandstorm\n|-heal|p1a: Gengar|100\/100 slp|[from] item: Leftovers\n|upkeep\n|turn|15\n|inactive|NDSNEZyedropwhen has 120 seconds left.\n|\n|t:|1700875616\n|cant|p1a: Gengar|slp\n|move|p1a: Gengar|Sleep Talk|p1a: Gengar\n|move|p1a: Gengar|Curse|p2a: Tyranitar|[from]move: Sleep Talk\n|-start|p2a: Tyranitar|Curse|[of] p1a: Gengar\n|-damage|p1a: Gengar|50\/100 slp\n|move|p2a: Tyranitar|Knock Off|p1a: Gengar\n|-supereffective|p1a: Gengar\n|-damage|p1a: Gengar|0 fnt\n|-start|p2a: Tyranitar|Disable|Knock Off|[from] ability: Cursed Body|[of] p1a: Gengar\n|-enditem|p1a: Gengar|Leftovers|[from] move: Knock Off|[of] p2a: Tyranitar\n|faint|p1a: Gengar\n|\n|-weather|Sandstorm|[upkeep]\n|-damage|p2a: Tyranitar|35\/100|[from] Curse\n|upkeep\n|\n|t:|1700875636\n|switch|p1a: Dragonite|Dragonite, M|100\/100\n|turn|16\n|\n|t:|1700875640\n|switch|p2a: Gliscor|Gliscor, M|100\/100 tox\n|move|p1a: Dragonite|Dragon Claw|p2a: Gliscor\n|-damage|p2a: Gliscor|69\/100 tox\n|\n|-weather|Sandstorm|[upkeep]\n|-damage|p1a: Dragonite|94\/100|[from] Sandstorm\n|-heal|p2a: Gliscor|82\/100 tox|[from] ability: Poison Heal\n|upkeep\n|turn|17\n|\n|t:|1700875650\n|move|p2a: Gliscor|Toxic|p1a: Dragonite\n|-status|p1a: Dragonite|tox\n|move|p1a: Dragonite|Waterfall|p2a: Gliscor\n|-supereffective|p2a: Gliscor\n|-damage|p2a: Gliscor|43\/100 tox\n|\n|-weather|Sandstorm|[upkeep]\n|-damage|p1a: Dragonite|88\/100 tox|[from] Sandstorm\n|-heal|p2a: Gliscor|56\/100 tox|[from] ability: Poison Heal\n|-damage|p1a: Dragonite|82\/100 tox|[from] psn\n|upkeep\n|turn|18\n|\n|t:|1700875673\n|move|p2a: Gliscor|Protect|p2a: Gliscor\n|-singleturn|p2a: Gliscor|Protect\n|move|p1a: Dragonite|Waterfall|p2a: Gliscor\n|-activate|p2a: Gliscor|move: Protect\n|\n|-weather|none\n|-heal|p2a: Gliscor|68\/100 tox|[from] ability: Poison Heal\n|-damage|p1a: Dragonite|69\/100 tox|[from] psn\n|upkeep\n|turn|19\n|\n|t:|1700875690\n|move|p2a: Gliscor|Spikes|p1a: Dragonite\n|-sidestart|p1: eusoufael|Spikes\n|move|p1a: Dragonite|Waterfall|p2a: Gliscor\n|-supereffective|p2a: Gliscor\n|-damage|p2a: Gliscor|27\/100 tox\n|\n|-heal|p2a: Gliscor|40\/100 tox|[from] ability: Poison Heal\n|-damage|p1a: Dragonite|51\/100 tox|[from] psn\n|upkeep\n|turn|20\n|\n|t:|1700875703\n|move|p2a: Gliscor|Protect|p2a: Gliscor\n|-singleturn|p2a: Gliscor|Protect\n|move|p1a: Dragonite|Waterfall|p2a: Gliscor\n|-activate|p2a: Gliscor|move: Protect\n|\n|-heal|p2a: Gliscor|52\/100 tox|[from] ability: Poison Heal\n|-damage|p1a: Dragonite|26\/100 tox|[from] psn\n|upkeep\n|turn|21\n|\n|t:|1700875712\n|move|p2a: Gliscor|Spikes|p1a: Dragonite\n|-sidestart|p1: eusoufael|Spikes\n|move|p1a: Dragonite|Roost|p1a: Dragonite\n|-heal|p1a: Dragonite|76\/100 tox\n|-singleturn|p1a: Dragonite|move: Roost\n|\n|-heal|p2a: Gliscor|65\/100 tox|[from] ability: Poison Heal\n|-damage|p1a: Dragonite|45\/100 tox|[from] psn\n|upkeep\n|turn|22\n|\n|t:|1700875718\n|move|p2a: Gliscor|Protect|p2a: Gliscor\n|-singleturn|p2a: Gliscor|Protect\n|move|p1a: Dragonite|Waterfall|p2a: Gliscor\n|-activate|p2a: Gliscor|move: Protect\n|\n|-heal|p2a: Gliscor|77\/100 tox|[from] ability: Poison Heal\n|-damage|p1a: Dragonite|7\/100 tox|[from] psn\n|upkeep\n|turn|23\n|\n|t:|1700875723\n|move|p2a: Gliscor|Spikes|p1a: Dragonite\n|-sidestart|p1: eusoufael|Spikes\n|move|p1a: Dragonite|Roost|p1a: Dragonite\n|-heal|p1a: Dragonite|57\/100 tox\n|-singleturn|p1a: Dragonite|move: Roost\n|\n|-heal|p2a: Gliscor|89\/100 tox|[from] ability: Poison Heal\n|-damage|p1a: Dragonite|14\/100 tox|[from] psn\n|upkeep\n|turn|24\n|\n|t:|1700875731\n|move|p2a: Gliscor|Protect|p2a: Gliscor\n|-singleturn|p2a: Gliscor|Protect\n|move|p1a: Dragonite|Roost|p1a: Dragonite\n|-heal|p1a: Dragonite|64\/100 tox\n|-singleturn|p1a: Dragonite|move: Roost\n|\n|-heal|p2a: Gliscor|100\/100 tox|[from] ability: Poison Heal\n|-damage|p1a: Dragonite|14\/100 tox|[from] psn\n|upkeep\n|turn|25\n|\n|t:|1700875746\n|move|p2a: Gliscor|Toxic|p1a: Dragonite\n|-fail|p1a: Dragonite|tox\n|move|p1a: Dragonite|Waterfall|p2a: Gliscor\n|-supereffective|p2a: Gliscor\n|-damage|p2a: Gliscor|62\/100 tox\n|\n|-heal|p2a: Gliscor|74\/100 tox|[from] ability: Poison Heal\n|-damage|p1a: Dragonite|0 fnt|[from] psn\n|faint|p1a: Dragonite\n|upkeep\n|\n|t:|1700875758\n|switch|p1a: Electivire|Electivire, F|100\/100\n|-damage|p1a: Electivire|76\/100|[from] Spikes\n|turn|26\n|\n|t:|1700875763\n|move|p2a: Gliscor|Protect|p2a: Gliscor\n|-singleturn|p2a: Gliscor|Protect\n|move|p1a: Electivire|Ice Punch|p2a: Gliscor\n|-activate|p2a: Gliscor|move: Protect\n|\n|-heal|p1a: Electivire|82\/100|[from] item: Leftovers\n|-heal|p2a: Gliscor|86\/100 tox|[from] ability: Poison Heal\n|upkeep\n|turn|27\n|\n|t:|1700875768\n|switch|p2a: Toxapex|Toxapex, M|100\/100\n|move|p1a: Electivire|Ice Punch|p2a: Toxapex\n|-resisted|p2a: Toxapex\n|-crit|p2a: Toxapex\n|-damage|p2a: Toxapex|88\/100\n|\n|-heal|p1a: Electivire|88\/100|[from] item: Leftovers\n|upkeep\n|turn|28\n|\n|t:|1700875778\n|move|p1a: Electivire|Ice Punch|p2a: Toxapex\n|-resisted|p2a: Toxapex\n|-damage|p2a: Toxapex|80\/100\n|move|p2a: Toxapex|Toxic|p1a: Electivire\n|-status|p1a: Electivire|tox\n|\n|-heal|p1a: Electivire|94\/100 tox|[from] item: Leftovers\n|-damage|p1a: Electivire|88\/100 tox|[from] psn\n|upkeep\n|turn|29\n|\n|t:|1700875783\n|move|p2a: Toxapex|Baneful Bunker|p2a: Toxapex\n|-singleturn|p2a: Toxapex|move: Protect\n|move|p1a: Electivire|Thunder Punch|p2a: Toxapex\n|-activate|p2a: Toxapex|move: Protect\n|\n|-heal|p1a: Electivire|94\/100 tox|[from] item: Leftovers\n|-damage|p1a: Electivire|82\/100 tox|[from] psn\n|upkeep\n|turn|30\n|\n|t:|1700875802\n|switch|p2a: Gliscor|Gliscor, M|86\/100 tox\n|move|p1a: Electivire|Thunder Punch|p2a: Gliscor\n|-immune|p2a: Gliscor\n|\n|-heal|p1a: Electivire|88\/100 tox|[from] item: Leftovers\n|-damage|p1a: Electivire|70\/100 tox|[from] psn\n|-heal|p2a: Gliscor|99\/100 tox|[from] ability: Poison Heal\n|upkeep\n|turn|31\n|\n|t:|1700875812\n|move|p2a: Gliscor|Protect|p2a: Gliscor\n|-singleturn|p2a: Gliscor|Protect\n|move|p1a: Electivire|Thunder Punch|p2a: Gliscor\n|-activate|p2a: Gliscor|move: Protect\n|\n|-heal|p1a: Electivire|76\/100 tox|[from] item: Leftovers\n|-damage|p1a: Electivire|51\/100 tox|[from] psn\n|-heal|p2a: Gliscor|100\/100 tox|[from] ability: Poison Heal\n|upkeep\n|turn|32\n|\n|t:|1700875824\n|move|p1a: Electivire|Ice Punch|p2a: Gliscor\n|-supereffective|p2a: Gliscor\n|-damage|p2a: Gliscor|34\/100 tox\n|move|p2a: Gliscor|Earthquake|p1a: Electivire\n|-supereffective|p1a: Electivire\n|-damage|p1a: Electivire|0 fnt\n|faint|p1a: Electivire\n|\n|-heal|p2a: Gliscor|46\/100 tox|[from] ability: Poison Heal\n|upkeep\n|\n|t:|1700875846\n|switch|p1a: Lucario|Lucario, M|100\/100\n|-damage|p1a: Lucario|76\/100|[from] Spikes\n|turn|33\n|\n|t:|1700875851\n|move|p2a: Gliscor|Protect|p2a: Gliscor\n|-singleturn|p2a: Gliscor|Protect\n|move|p1a: Lucario|Iron Tail|p2a: Gliscor\n|-activate|p2a: Gliscor|move: Protect\n|\n|-heal|p2a: Gliscor|59\/100 tox|[from] ability: Poison Heal\n|upkeep\n|turn|34\n|\n|t:|1700875856\n|move|p1a: Lucario|Iron Tail|p2a: Gliscor\n|-damage|p2a: Gliscor|37\/100 tox\n|move|p2a: Gliscor|Earthquake|p1a: Lucario\n|-supereffective|p1a: Lucario\n|-damage|p1a: Lucario|0 fnt\n|faint|p1a: Lucario\n|\n|win|NDSNEZyedropwhen\n|raw|eusoufael's rating: 1058 &rarr; <strong>1044<\/strong><br \/>(-14 for losing)\n|raw|NDSNEZyedropwhen's rating: 1147 &rarr; <strong>1166<\/strong><br \/>(+19 for winning)\n","uploadtime":1700875860,"views":1,"p1id":"eusoufael","p2id":"ndsnezyedropwhen","formatid":"gen9nationaldex","rating":1044,"private":0,"password":""}