{"id":"gen9nationaldex-1991049930","p1":"yanami-go","p2":"abusuoliute","format":"[Gen 9] National Dex","log":"|j|\u2606yanami-go\n|j|\u2606abusuoliute\n|t:|1700034641\n|gametype|singles\n|player|p1|yanami-go|dawn-masters3|1568\n|player|p2|abusuoliute|giovanni|1558\n|teamsize|p1|6\n|teamsize|p2|6\n|gen|9\n|tier|[Gen 9] National Dex\n|rated|\n|rule|HP Percentage Mod: HP is shown in percentages\n|rule|Endless Battle Clause: Forcing endless battles is banned\n|rule|OHKO Clause: OHKO moves are banned\n|rule|Evasion Clause: Evasion abilities, items, and moves are banned\n|rule|Evasion Abilities Clause: Evasion abilities are banned\n|rule|Evasion Items Clause: Evasion items are banned\n|rule|Evasion Moves Clause: Evasion moves are banned\n|rule|Species Clause: Limit one of each Pok\u00e9mon\n|rule|Sleep Clause Mod: Limit one foe put to sleep\n|clearpoke\n|poke|p1|Ditto|\n|poke|p1|Tapu Koko|\n|poke|p1|Sinistcha-Masterpiece|\n|poke|p1|Great Tusk|\n|poke|p1|Celesteela|\n|poke|p1|Ting-Lu|\n|poke|p2|Landorus-Therian, M|\n|poke|p2|Heatran, M|\n|poke|p2|Corviknight, M|\n|poke|p2|Garganacl, F|\n|poke|p2|Ogerpon-Wellspring, F|\n|poke|p2|Hydreigon, F|\n|teampreview\n|\n|t:|1700034655\n|start\n|switch|p1a: Great Tusk|Great Tusk|100\/100\n|switch|p2a: Landorus|Landorus-Therian, M|100\/100\n|-ability|p2a: Landorus|Intimidate|boost\n|-unboost|p1a: Great Tusk|atk|1\n|-enditem|p1a: Great Tusk|Booster Energy\n|-activate|p1a: Great Tusk|ability: Protosynthesis|[fromitem]\n|-start|p1a: Great Tusk|protosynthesisdef\n|turn|1\n|\n|t:|1700034661\n|move|p2a: Landorus|U-turn|p1a: Great Tusk\n|-resisted|p1a: Great Tusk\n|-damage|p1a: Great Tusk|92\/100\n|\n|t:|1700034664\n|switch|p2a: Corviknight|Corviknight, M|100\/100|[from] U-turn\n|move|p1a: Great Tusk|Ice Spinner|p2a: Corviknight\n|-damage|p2a: Corviknight|88\/100\n|-damage|p1a: Great Tusk|76\/100|[from] item: Rocky Helmet|[of] p2a: Corviknight\n|\n|upkeep\n|turn|2\n|\n|t:|1700034670\n|-end|p1a: Great Tusk|Protosynthesis|[silent]\n|switch|p1a: Tapu Koko|Tapu Koko|100\/100\n|-fieldstart|move: Electric Terrain|[from] ability: Electric Surge|[of] p1a: Tapu Koko\n|move|p2a: Corviknight|U-turn|p1a: Tapu Koko\n|-resisted|p1a: Tapu Koko\n|-damage|p1a: Tapu Koko|91\/100\n|\n|t:|1700034673\n|switch|p2a: Landorus|Landorus-Therian, M|100\/100|[from] U-turn\n|-ability|p2a: Landorus|Intimidate|boost\n|-unboost|p1a: Tapu Koko|atk|1\n|\n|upkeep\n|turn|3\n|\n|t:|1700034678\n|switch|p1a: Celesteela|Celesteela|100\/100\n|move|p2a: Landorus|U-turn|p1a: Celesteela\n|-resisted|p1a: Celesteela\n|-damage|p1a: Celesteela|96\/100\n|\n|t:|1700034680\n|switch|p2a: Heatran|Heatran, M|100\/100|[from] U-turn\n|\n|-heal|p1a: Celesteela|100\/100|[from] item: Leftovers\n|upkeep\n|turn|4\n|\n|t:|1700034687\n|switch|p1a: Ting-Lu|Ting-Lu|100\/100\n|-ability|p1a: Ting-Lu|Vessel of Ruin\n|move|p2a: Heatran|Earth Power|p1a: Ting-Lu\n|-damage|p1a: Ting-Lu|86\/100\n|\n|-heal|p1a: Ting-Lu|93\/100|[from] item: Leftovers\n|upkeep\n|turn|5\n|\n|t:|1700034703\n|switch|p2a: Landorus|Landorus-Therian, M|100\/100\n|-ability|p2a: Landorus|Intimidate|boost\n|-unboost|p1a: Ting-Lu|atk|1\n|move|p1a: Ting-Lu|Ruination|p2a: Landorus\n|-damage|p2a: Landorus|50\/100\n|\n|-heal|p1a: Ting-Lu|99\/100|[from] item: Leftovers\n|upkeep\n|turn|6\n|\n|t:|1700034709\n|move|p2a: Landorus|Knock Off|p1a: Ting-Lu\n|-resisted|p1a: Ting-Lu\n|-damage|p1a: Ting-Lu|88\/100\n|-enditem|p1a: Ting-Lu|Leftovers|[from] move: Knock Off|[of] p2a: Landorus\n|move|p1a: Ting-Lu|Stealth Rock|p2a: Landorus\n|-sidestart|p2: abusuoliute|move: Stealth Rock\n|\n|-fieldend|move: Electric Terrain\n|upkeep\n|turn|7\n|\n|t:|1700034718\n|switch|p2a: Corviknight|Corviknight, M|88\/100\n|-damage|p2a: Corviknight|75\/100|[from] Stealth Rock\n|switch|p1a: Celesteela|Celesteela|100\/100\n|\n|upkeep\n|turn|8\n|\n|t:|1700034725\n|switch|p2a: Heatran|Heatran, M|100\/100\n|-damage|p2a: Heatran|88\/100|[from] Stealth Rock\n|move|p1a: Celesteela|Flamethrower|p2a: Heatran\n|-start|p2a: Heatran|ability: Flash Fire\n|\n|-heal|p2a: Heatran|94\/100|[from] item: Leftovers\n|upkeep\n|turn|9\n|\n|t:|1700034730\n|switch|p1a: Ting-Lu|Ting-Lu|88\/100\n|-ability|p1a: Ting-Lu|Vessel of Ruin\n|move|p2a: Heatran|Stealth Rock|p1a: Ting-Lu\n|-sidestart|p1: yanami-go|move: Stealth Rock\n|\n|-heal|p2a: Heatran|100\/100|[from] item: Leftovers\n|upkeep\n|turn|10\n|\n|t:|1700034749\n|-end|p2a: Heatran|ability: Flash Fire|[silent]\n|switch|p2a: Corviknight|Corviknight, M|75\/100\n|-damage|p2a: Corviknight|63\/100|[from] Stealth Rock\n|move|p1a: Ting-Lu|Earthquake|p2a: Corviknight\n|-immune|p2a: Corviknight\n|\n|upkeep\n|turn|11\n|\n|t:|1700034755\n|switch|p1a: Sinistcha|Sinistcha-Masterpiece|100\/100\n|-damage|p1a: Sinistcha|88\/100|[from] Stealth Rock\n|move|p2a: Corviknight|Roost|p2a: Corviknight\n|-heal|p2a: Corviknight|100\/100\n|-singleturn|p2a: Corviknight|move: Roost\n|\n|-heal|p1a: Sinistcha|94\/100|[from] item: Leftovers\n|upkeep\n|turn|12\n|\n|t:|1700034761\n|move|p1a: Sinistcha|Strength Sap|p2a: Corviknight\n|-ability|p2a: Corviknight|Mirror Armor\n|-unboost|p1a: Sinistcha|atk|1\n|-heal|p1a: Sinistcha|100\/100\n|move|p2a: Corviknight|U-turn|p1a: Sinistcha\n|-damage|p1a: Sinistcha|91\/100\n|\n|t:|1700034780\n|switch|p2a: Hydreigon|Hydreigon, F|100\/100|[from] U-turn\n|-damage|p2a: Hydreigon|88\/100|[from] Stealth Rock\n|\n|-heal|p1a: Sinistcha|97\/100|[from] item: Leftovers\n|upkeep\n|turn|13\n|\n|t:|1700034787\n|switch|p1a: Ting-Lu|Ting-Lu|88\/100\n|-damage|p1a: Ting-Lu|82\/100|[from] Stealth Rock\n|-ability|p1a: Ting-Lu|Vessel of Ruin\n|move|p2a: Hydreigon|U-turn|p1a: Ting-Lu\n|-supereffective|p1a: Ting-Lu\n|-damage|p1a: Ting-Lu|65\/100\n|\n|t:|1700034795\n|switch|p2a: Ogerpon|Ogerpon-Wellspring, F|100\/100|[from] U-turn\n|-damage|p2a: Ogerpon|88\/100|[from] Stealth Rock\n|\n|upkeep\n|turn|14\n|\n|t:|1700034802\n|switch|p1a: Celesteela|Celesteela|100\/100\n|-damage|p1a: Celesteela|88\/100|[from] Stealth Rock\n|move|p2a: Ogerpon|U-turn|p1a: Celesteela\n|-resisted|p1a: Celesteela\n|-damage|p1a: Celesteela|84\/100\n|\n|t:|1700034814\n|switch|p2a: Heatran|Heatran, M|100\/100|[from] U-turn\n|-damage|p2a: Heatran|88\/100|[from] Stealth Rock\n|\n|-heal|p2a: Heatran|94\/100|[from] item: Leftovers\n|-heal|p1a: Celesteela|90\/100|[from] item: Leftovers\n|upkeep\n|turn|15\n|\n|t:|1700034819\n|switch|p1a: Ting-Lu|Ting-Lu|65\/100\n|-damage|p1a: Ting-Lu|59\/100|[from] Stealth Rock\n|-ability|p1a: Ting-Lu|Vessel of Ruin\n|move|p2a: Heatran|Fire Blast|p1a: Ting-Lu\n|-damage|p1a: Ting-Lu|32\/100\n|\n|-heal|p2a: Heatran|100\/100|[from] item: Leftovers\n|upkeep\n|turn|16\n|\n|t:|1700034831\n|switch|p2a: Corviknight|Corviknight, M|100\/100\n|-damage|p2a: Corviknight|88\/100|[from] Stealth Rock\n|move|p1a: Ting-Lu|Ruination|p2a: Corviknight\n|-damage|p2a: Corviknight|44\/100\n|\n|upkeep\n|turn|17\n|\n|t:|1700034836\n|switch|p1a: Tapu Koko|Tapu Koko|91\/100\n|-damage|p1a: Tapu Koko|79\/100|[from] Stealth Rock\n|-fieldstart|move: Electric Terrain|[from] ability: Electric Surge|[of] p1a: Tapu Koko\n|move|p2a: Corviknight|Roost|p2a: Corviknight\n|-heal|p2a: Corviknight|94\/100\n|-singleturn|p2a: Corviknight|move: Roost\n|\n|upkeep\n|turn|18\n|\n|t:|1700034848\n|switch|p2a: Landorus|Landorus-Therian, M|50\/100\n|-damage|p2a: Landorus|38\/100|[from] Stealth Rock\n|-ability|p2a: Landorus|Intimidate|boost\n|-unboost|p1a: Tapu Koko|atk|1\n|move|p1a: Tapu Koko|Hidden Power|p2a: Landorus\n|-supereffective|p2a: Landorus\n|-damage|p2a: Landorus|0 fnt\n|faint|p2a: Landorus\n|\n|upkeep\n|\n|t:|1700034855\n|switch|p2a: Heatran|Heatran, M|100\/100\n|-damage|p2a: Heatran|88\/100|[from] Stealth Rock\n|turn|19\n|\n|t:|1700034862\n|move|p1a: Tapu Koko|Volt Switch|p2a: Heatran\n|-damage|p2a: Heatran|55\/100\n|\n|t:|1700034866\n|switch|p1a: Ditto|Ditto|100\/100|[from] Volt Switch\n|-damage|p1a: Ditto|88\/100|[from] Stealth Rock\n|-transform|p1a: Ditto|p2a: Heatran|[from] ability: Imposter\n|move|p2a: Heatran|Fire Blast|p1a: Ditto\n|-start|p1a: Ditto|ability: Flash Fire\n|\n|-heal|p2a: Heatran|61\/100|[from] item: Leftovers\n|upkeep\n|turn|20\n|\n|t:|1700034875\n|switch|p2a: Ogerpon|Ogerpon-Wellspring, F|88\/100\n|-damage|p2a: Ogerpon|76\/100|[from] Stealth Rock\n|move|p1a: Ditto|Earth Power|p2a: Ogerpon\n|-resisted|p2a: Ogerpon\n|-damage|p2a: Ogerpon|55\/100\n|\n|upkeep\n|turn|21\n|\n|t:|1700034886\n|-end|p1a: Ditto|ability: Flash Fire|[silent]\n|switch|p1a: Sinistcha|Sinistcha-Masterpiece|97\/100\n|-damage|p1a: Sinistcha|84\/100|[from] Stealth Rock\n|move|p2a: Ogerpon|Ivy Cudgel|p1a: Sinistcha|[anim] Ivy Cudgel Water\n|-resisted|p1a: Sinistcha\n|-damage|p1a: Sinistcha|65\/100\n|\n|-heal|p1a: Sinistcha|71\/100|[from] item: Leftovers\n|-fieldend|move: Electric Terrain\n|upkeep\n|turn|22\n|\n|t:|1700034894\n|switch|p2a: Corviknight|Corviknight, M|94\/100\n|-damage|p2a: Corviknight|82\/100|[from] Stealth Rock\n|move|p1a: Sinistcha|Shadow Ball|p2a: Corviknight\n|-damage|p2a: Corviknight|51\/100\n|-ability|p2a: Corviknight|Mirror Armor\n|-unboost|p1a: Sinistcha|spd|1\n|\n|-heal|p1a: Sinistcha|77\/100|[from] item: Leftovers\n|upkeep\n|turn|23\n|\n|t:|1700034899\n|move|p1a: Sinistcha|Strength Sap|p2a: Corviknight\n|-ability|p2a: Corviknight|Mirror Armor\n|-unboost|p1a: Sinistcha|atk|1\n|-heal|p1a: Sinistcha|100\/100\n|move|p2a: Corviknight|Roost|p2a: Corviknight\n|-heal|p2a: Corviknight|100\/100\n|-singleturn|p2a: Corviknight|move: Roost\n|\n|upkeep\n|turn|24\n|\n|t:|1700034904\n|switch|p2a: Hydreigon|Hydreigon, F|88\/100\n|-damage|p2a: Hydreigon|76\/100|[from] Stealth Rock\n|move|p1a: Sinistcha|Calm Mind|p1a: Sinistcha\n|-boost|p1a: Sinistcha|spa|1\n|-boost|p1a: Sinistcha|spd|1\n|\n|upkeep\n|turn|25\n|\n|t:|1700034912\n|switch|p1a: Celesteela|Celesteela|90\/100\n|-damage|p1a: Celesteela|78\/100|[from] Stealth Rock\n|move|p2a: Hydreigon|Dark Pulse|p1a: Celesteela\n|-damage|p1a: Celesteela|42\/100\n|\n|-heal|p1a: Celesteela|48\/100|[from] item: Leftovers\n|upkeep\n|turn|26\n|\n|t:|1700034918\n|move|p2a: Hydreigon|Dark Pulse|p1a: Celesteela\n|-damage|p1a: Celesteela|7\/100\n|move|p1a: Celesteela|Explosion|p2a: Hydreigon\n|-damage|p2a: Hydreigon|14\/100\n|faint|p1a: Celesteela\n|\n|upkeep\n|\n|t:|1700034925\n|switch|p1a: Tapu Koko|Tapu Koko|79\/100\n|-damage|p1a: Tapu Koko|66\/100|[from] Stealth Rock\n|-fieldstart|move: Electric Terrain|[from] ability: Electric Surge|[of] p1a: Tapu Koko\n|turn|27\n|\n|t:|1700034935\n|move|p2a: Hydreigon|Dark Pulse|p1a: Tapu Koko\n|-resisted|p1a: Tapu Koko\n|-damage|p1a: Tapu Koko|29\/100\n|move|p1a: Tapu Koko|Dazzling Gleam|p2a: Hydreigon\n|-supereffective|p2a: Hydreigon\n|-damage|p2a: Hydreigon|0 fnt\n|faint|p2a: Hydreigon\n|\n|upkeep\n|j| snivy ye \u53f6\u86c7\n|\n|t:|1700034952\n|switch|p2a: Garganacl|Garganacl, F|100\/100\n|-damage|p2a: Garganacl|88\/100|[from] Stealth Rock\n|turn|28\n|\n|t:|1700034960\n|move|p1a: Tapu Koko|Volt Switch|p2a: Garganacl\n|-crit|p2a: Garganacl\n|-damage|p2a: Garganacl|39\/100\n|\n|t:|1700034961\n|switch|p1a: Sinistcha|Sinistcha-Masterpiece|100\/100|[from] Volt Switch\n|-damage|p1a: Sinistcha|88\/100|[from] Stealth Rock\n|move|p2a: Garganacl|Salt Cure|p1a: Sinistcha\n|-damage|p1a: Sinistcha|78\/100\n|-start|p1a: Sinistcha|Salt Cure\n|\n|-heal|p1a: Sinistcha|84\/100|[from] item: Leftovers\n|-heal|p2a: Garganacl|45\/100|[from] item: Leftovers\n|-damage|p1a: Sinistcha|71\/100|[from] Salt Cure\n|upkeep\n|turn|29\n|\n|t:|1700034973\n|switch|p2a: Heatran|Heatran, M|61\/100\n|-damage|p2a: Heatran|49\/100|[from] Stealth Rock\n|move|p1a: Sinistcha|Shadow Ball|p2a: Heatran\n|-damage|p2a: Heatran|23\/100\n|-unboost|p2a: Heatran|spd|1\n|\n|-heal|p2a: Heatran|30\/100|[from] item: Leftovers\n|-heal|p1a: Sinistcha|77\/100|[from] item: Leftovers\n|-damage|p1a: Sinistcha|65\/100|[from] Salt Cure\n|upkeep\n|turn|30\n|\n|t:|1700034980\n|switch|p1a: Ting-Lu|Ting-Lu|32\/100\n|-damage|p1a: Ting-Lu|26\/100|[from] Stealth Rock\n|-ability|p1a: Ting-Lu|Vessel of Ruin\n|move|p2a: Heatran|Fire Blast|p1a: Ting-Lu\n|-damage|p1a: Ting-Lu|0 fnt\n|faint|p1a: Ting-Lu\n|\n|-heal|p2a: Heatran|36\/100|[from] item: Leftovers\n|upkeep\n|\n|t:|1700034985\n|switch|p1a: Tapu Koko|Tapu Koko|29\/100\n|-damage|p1a: Tapu Koko|17\/100|[from] Stealth Rock\n|turn|31\n|\n|t:|1700035003\n|switch|p2a: Ogerpon|Ogerpon-Wellspring, F|55\/100\n|-damage|p2a: Ogerpon|43\/100|[from] Stealth Rock\n|move|p1a: Tapu Koko|Thunderbolt|p2a: Ogerpon\n|-damage|p2a: Ogerpon|0 fnt\n|faint|p2a: Ogerpon\n|\n|-fieldend|move: Electric Terrain\n|upkeep\n|\n|t:|1700035015\n|switch|p2a: Heatran|Heatran, M|36\/100\n|-damage|p2a: Heatran|23\/100|[from] Stealth Rock\n|turn|32\n|\n|t:|1700035018\n|-zpower|p1a: Tapu Koko\n|move|p1a: Tapu Koko|Gigavolt Havoc|p2a: Heatran|[zeffect]\n|-damage|p2a: Heatran|0 fnt\n|faint|p2a: Heatran\n|\n|upkeep\n|\n|t:|1700035032\n|switch|p2a: Garganacl|Garganacl, F|45\/100\n|-damage|p2a: Garganacl|33\/100|[from] Stealth Rock\n|turn|33\n|\n|t:|1700035035\n|move|p1a: Tapu Koko|Volt Switch|p2a: Garganacl\n|-damage|p2a: Garganacl|7\/100\n|\n|t:|1700035037\n|switch|p1a: Great Tusk|Great Tusk|76\/100|[from] Volt Switch\n|-damage|p1a: Great Tusk|73\/100|[from] Stealth Rock\n|move|p2a: Garganacl|Body Press|p1a: Great Tusk\n|-damage|p1a: Great Tusk|52\/100\n|\n|-heal|p2a: Garganacl|13\/100|[from] item: Leftovers\n|upkeep\n|turn|34\n|\n|t:|1700035043\n|-terastallize|p2a: Garganacl|Ghost\n|move|p1a: Great Tusk|Close Combat|p2a: Garganacl\n|-immune|p2a: Garganacl\n|move|p2a: Garganacl|Recover|p2a: Garganacl\n|-heal|p2a: Garganacl|63\/100\n|\n|-heal|p2a: Garganacl|69\/100|[from] item: Leftovers\n|upkeep\n|turn|35\n|\n|t:|1700035052\n|-end|p1a: Great Tusk|Protosynthesis|[silent]\n|switch|p1a: Sinistcha|Sinistcha-Masterpiece|65\/100\n|-damage|p1a: Sinistcha|53\/100|[from] Stealth Rock\n|move|p2a: Garganacl|Recover|p2a: Garganacl\n|-heal|p2a: Garganacl|100\/100\n|\n|-heal|p1a: Sinistcha|59\/100|[from] item: Leftovers\n|upkeep\n|turn|36\n|\n|t:|1700035056\n|move|p1a: Sinistcha|Strength Sap|p2a: Garganacl\n|-unboost|p2a: Garganacl|atk|1\n|-heal|p1a: Sinistcha|100\/100\n|move|p2a: Garganacl|Salt Cure|p1a: Sinistcha\n|-damage|p1a: Sinistcha|93\/100\n|-start|p1a: Sinistcha|Salt Cure\n|\n|-heal|p1a: Sinistcha|99\/100|[from] item: Leftovers\n|-damage|p1a: Sinistcha|87\/100|[from] Salt Cure\n|upkeep\n|turn|37\n|\n|t:|1700035062\n|switch|p2a: Corviknight|Corviknight, M|100\/100\n|-damage|p2a: Corviknight|88\/100|[from] Stealth Rock\n|move|p1a: Sinistcha|Calm Mind|p1a: Sinistcha\n|-boost|p1a: Sinistcha|spa|1\n|-boost|p1a: Sinistcha|spd|1\n|\n|-heal|p1a: Sinistcha|93\/100|[from] item: Leftovers\n|-damage|p1a: Sinistcha|81\/100|[from] Salt Cure\n|upkeep\n|turn|38\n|\n|t:|1700035066\n|move|p1a: Sinistcha|Shadow Ball|p2a: Corviknight\n|-damage|p2a: Corviknight|36\/100\n|move|p2a: Corviknight|U-turn|p1a: Sinistcha\n|-damage|p1a: Sinistcha|70\/100\n|\n|t:|1700035072\n|switch|p2a: Garganacl|Garganacl, F, tera:Ghost|100\/100|[from] U-turn\n|-damage|p2a: Garganacl|88\/100|[from] Stealth Rock\n|\n|-heal|p1a: Sinistcha|77\/100|[from] item: Leftovers\n|-heal|p2a: Garganacl|94\/100|[from] item: Leftovers\n|-damage|p1a: Sinistcha|64\/100|[from] Salt Cure\n|upkeep\n|turn|39\n|\n|t:|1700035074\n|move|p1a: Sinistcha|Calm Mind|p1a: Sinistcha\n|-boost|p1a: Sinistcha|spa|1\n|-boost|p1a: Sinistcha|spd|1\n|move|p2a: Garganacl|Salt Cure|p1a: Sinistcha\n|-damage|p1a: Sinistcha|55\/100\n|\n|-heal|p1a: Sinistcha|61\/100|[from] item: Leftovers\n|-heal|p2a: Garganacl|100\/100|[from] item: Leftovers\n|-damage|p1a: Sinistcha|48\/100|[from] Salt Cure\n|upkeep\n|turn|40\n|\n|t:|1700035077\n|move|p1a: Sinistcha|Strength Sap|p2a: Garganacl\n|-unboost|p2a: Garganacl|atk|1\n|-heal|p1a: Sinistcha|100\/100\n|move|p2a: Garganacl|Salt Cure|p1a: Sinistcha\n|-damage|p1a: Sinistcha|94\/100\n|\n|-heal|p1a: Sinistcha|100\/100|[from] item: Leftovers\n|-damage|p1a: Sinistcha|88\/100|[from] Salt Cure\n|upkeep\n|turn|41\n|-message|abusuoliute forfeited.\n|\n|win|yanami-go\n|raw|yanami-go's rating: 1568 &rarr; <strong>1587<\/strong><br \/>(+19 for winning)\n|raw|abusuoliute's rating: 1558 &rarr; <strong>1539<\/strong><br \/>(-19 for losing)\n|l|\u2606abusuoliute\n|l| snivy ye \u53f6\u86c7\n","uploadtime":1700035295,"views":4,"p1id":"yanamigo","p2id":"abusuoliute","formatid":"gen9nationaldex","rating":1539,"private":0,"password":""}