{"id":"gen9nationaldex-1995387241","p1":"chuntaro-kun","p2":"NDSNEZ ROCK","format":"[Gen 9] National Dex","log":"|html|<div class=\"broadcast-blue\"><strong>[Gen 9] National Dex is currently suspecting Sneasler! For information on how to participate check out the <a href=\"https:\/\/www.smogon.com\/forums\/threads\/sv-national-dex-suspect-8-just-dance.3731534\/\">suspect thread<\/a>.<\/strong><\/div>\n|j|\u2606chuntaro-kun\n|j|\u2606NDSNEZ ROCK\n|t:|1700563874\n|gametype|singles\n|player|p1|chuntaro-kun|nessa|1319\n|player|p2|NDSNEZ ROCK|roark|1366\n|teamsize|p1|6\n|teamsize|p2|6\n|gen|9\n|tier|[Gen 9] National Dex\n|rated|\n|rule|HP Percentage Mod: HP is shown in percentages\n|rule|Endless Battle Clause: Forcing endless battles is banned\n|rule|OHKO Clause: OHKO moves are banned\n|rule|Evasion Clause: Evasion abilities, items, and moves are banned\n|rule|Evasion Abilities Clause: Evasion abilities are banned\n|rule|Evasion Items Clause: Evasion items are banned\n|rule|Evasion Moves Clause: Evasion moves are banned\n|rule|Species Clause: Limit one of each Pok\u00e9mon\n|rule|Sleep Clause Mod: Limit one foe put to sleep\n|clearpoke\n|poke|p1|Ogerpon, F|\n|poke|p1|Heatran, F|\n|poke|p1|Zamazenta-*|\n|poke|p1|Tapu Lele|\n|poke|p1|Samurott-Hisui, M|\n|poke|p1|Landorus-Therian, M|\n|poke|p2|Tyranitar, F|\n|poke|p2|Garganacl, M|\n|poke|p2|Aggron, F|\n|poke|p2|Cradily, M|\n|poke|p2|Glimmora, F|\n|poke|p2|Aurorus, M|\n|teampreview\n|inactive|Battle timer is ON: inactive players will automatically lose when time's up. (requested by chuntaro-kun)\n|c|\u2606chuntaro-kun|go away rock\n|c|\u2606chuntaro-kun|go away\n|c|\u2606chuntaro-kun|pls forfeit\n|c|\u2606NDSNEZ ROCK|I need sneasler banned\n|c|\u2606NDSNEZ ROCK|im sorry\n|inactive|chuntaro-kun has 120 seconds left.\n|c|\u2606NDSNEZ ROCK|also i like how\n|c|\u2606NDSNEZ ROCK|u knew it was me xD\n|c|\u2606chuntaro-kun|i met most of my freinds\n|c|\u2606chuntaro-kun|hahahaha\n|c|\u2606NDSNEZ ROCK|lol\n|c|\u2606chuntaro-kun|i saw that gragnacl\n|c|\u2606chuntaro-kun|im like\n|c|\u2606chuntaro-kun|yea\n|inactive|chuntaro-kun has 90 seconds left.\n|c|\u2606chuntaro-kun|then i saw the aggron\n|c|\u2606NDSNEZ ROCK|loool\n|c|\u2606chuntaro-kun|okie confrim it you\n|c|\u2606NDSNEZ ROCK|xD\n|c|\u2606chuntaro-kun|then if a player has a litrally cradily in the team\n|c|\u2606chuntaro-kun|1 milion is you\n|\n|t:|1700563961\n|start\n|switch|p1a: Tapu Lele|Tapu Lele, shiny|100\/100\n|switch|p2a: Aurorus|Aurorus, M|100\/100\n|-fieldstart|move: Psychic Terrain|[from] ability: Psychic Surge|[of] p1a: Tapu Lele\n|-weather|Snow|[from] ability: Snow Warning|[of] p2a: Aurorus\n|turn|1\n|c|\u2606NDSNEZ ROCK|lol fair point, no one has cradily xD\n|inactive|chuntaro-kun has 120 seconds left.\n|\n|t:|1700563990\n|switch|p2a: Cradily|Cradily, M|100\/100\n|move|p1a: Tapu Lele|Moonblast|p2a: Cradily\n|-damage|p2a: Cradily|56\/100\n|-unboost|p2a: Cradily|spa|1\n|\n|-weather|Snow|[upkeep]\n|upkeep\n|turn|2\n|\n|t:|1700563996\n|move|p1a: Tapu Lele|Moonblast|p2a: Cradily\n|-damage|p2a: Cradily|16\/100\n|-unboost|p2a: Cradily|spa|1\n|move|p2a: Cradily|Leech Seed|p1a: Tapu Lele\n|-start|p1a: Tapu Lele|move: Leech Seed\n|\n|-weather|Snow|[upkeep]\n|-damage|p1a: Tapu Lele|88\/100|[from] Leech Seed|[of] p2a: Cradily\n|-heal|p2a: Cradily|26\/100|[silent]\n|upkeep\n|turn|3\n|inactive|chuntaro-kun has 120 seconds left.\n|\n|t:|1700564016\n|move|p1a: Tapu Lele|Moonblast|p2a: Cradily\n|-damage|p2a: Cradily|0 fnt\n|faint|p2a: Cradily\n|\n|-weather|Snow|[upkeep]\n|upkeep\n|\n|t:|1700564027\n|switch|p2a: Tyranitar|Tyranitar, F|100\/100\n|-weather|Sandstorm|[from] ability: Sand Stream|[of] p2a: Tyranitar\n|turn|4\n|inactive|chuntaro-kun has 120 seconds left.\n|\n|t:|1700564039\n|-activate|p1a: Tapu Lele|move: Pursuit\n|move|p2a: Tyranitar|Pursuit|p1a: Tapu Lele|[from]Pursuit\n|-damage|p1a: Tapu Lele|30\/100\n|switch|p1a: Landorus|Landorus-Therian, M|100\/100\n|-ability|p1a: Landorus|Intimidate|boost\n|-unboost|p2a: Tyranitar|atk|1\n|\n|-weather|Sandstorm|[upkeep]\n|upkeep\n|turn|5\n|inactive|chuntaro-kun has 120 seconds left.\n|c|\u2606chuntaro-kun|oh that crazy\n|\n|t:|1700564054\n|switch|p2a: Glimmora|Glimmora, F|100\/100\n|move|p1a: Landorus|U-turn|p2a: Glimmora\n|-resisted|p2a: Glimmora\n|-damage|p2a: Glimmora|87\/100\n|-activate|p2a: Glimmora|ability: Toxic Debris\n|-sidestart|p1: chuntaro-kun|move: Toxic Spikes\n|inactive|chuntaro-kun has 120 seconds left.\n|\n|t:|1700564061\n|switch|p1a: Heatran|Heatran, F, shiny|100\/100|[from] U-turn\n|\n|-weather|Sandstorm|[upkeep]\n|-fieldend|move: Psychic Terrain\n|upkeep\n|turn|6\n|\n|t:|1700564068\n|move|p2a: Glimmora|Earth Power|p1a: Heatran\n|-supereffective|p1a: Heatran\n|-damage|p1a: Heatran|19\/100\n|move|p1a: Heatran|Earth Power|p2a: Glimmora\n|-supereffective|p2a: Glimmora\n|-damage|p2a: Glimmora|1\/100\n|\n|-weather|Sandstorm|[upkeep]\n|-heal|p1a: Heatran|25\/100|[from] item: Leftovers\n|upkeep\n|turn|7\n|c|\u2606chuntaro-kun|CMON !\n|\n|t:|1700564088\n|switch|p1a: Landorus|Landorus-Therian, M|100\/100\n|-ability|p1a: Landorus|Intimidate|boost\n|-unboost|p2a: Glimmora|atk|1\n|move|p2a: Glimmora|Earth Power|p1a: Landorus\n|-immune|p1a: Landorus\n|\n|-weather|Sandstorm|[upkeep]\n|upkeep\n|turn|8\n|\n|t:|1700564097\n|move|p2a: Glimmora|Earth Power|p1a: Landorus\n|-immune|p1a: Landorus\n|move|p1a: Landorus|U-turn|p2a: Glimmora\n|-resisted|p2a: Glimmora\n|-damage|p2a: Glimmora|0 fnt\n|-activate|p2a: Glimmora|ability: Toxic Debris\n|-sidestart|p1: chuntaro-kun|move: Toxic Spikes\n|faint|p2a: Glimmora\n|\n|t:|1700564103\n|switch|p1a: Heatran|Heatran, F, shiny|25\/100|[from] U-turn\n|\n|-weather|none\n|-heal|p1a: Heatran|31\/100|[from] item: Leftovers\n|upkeep\n|c|\u2606chuntaro-kun|pls lose\n|c|\u2606chuntaro-kun|dropped a lot\n|\n|t:|1700564114\n|switch|p2a: Aurorus|Aurorus, M|100\/100\n|-weather|Snow|[from] ability: Snow Warning|[of] p2a: Aurorus\n|turn|9\n|c|\u2606chuntaro-kun|from like 1433\n|c|\u2606chuntaro-kun|to now being 1319\n|\n|t:|1700564128\n|move|p1a: Heatran|Magma Storm|p2a: Aurorus\n|-damage|p2a: Aurorus|67\/100\n|-activate|p2a: Aurorus|move: Magma Storm|[of] p1a: Heatran\n|move|p2a: Aurorus|Aurora Veil|p2a: Aurorus\n|-sidestart|p2: NDSNEZ ROCK|move: Aurora Veil\n|\n|-weather|Snow|[upkeep]\n|-heal|p1a: Heatran|37\/100|[from] item: Leftovers\n|-damage|p2a: Aurorus|54\/100|[from] move: Magma Storm|[partiallytrapped]\n|upkeep\n|turn|10\n|\n|t:|1700564141\n|move|p1a: Heatran|Earth Power|p2a: Aurorus\n|-supereffective|p2a: Aurorus\n|-damage|p2a: Aurorus|32\/100\n|move|p2a: Aurorus|Stealth Rock|p1a: Heatran\n|-sidestart|p1: chuntaro-kun|move: Stealth Rock\n|\n|-weather|Snow|[upkeep]\n|-heal|p1a: Heatran|44\/100|[from] item: Leftovers\n|-damage|p2a: Aurorus|20\/100|[from] move: Magma Storm|[partiallytrapped]\n|upkeep\n|turn|11\n|\n|t:|1700564145\n|move|p1a: Heatran|Stealth Rock|p2a: Aurorus\n|-sidestart|p2: NDSNEZ ROCK|move: Stealth Rock\n|move|p2a: Aurorus|Freeze-Dry|p1a: Heatran\n|-resisted|p1a: Heatran\n|-damage|p1a: Heatran|39\/100\n|\n|-weather|Snow|[upkeep]\n|-heal|p1a: Heatran|46\/100|[from] item: Leftovers\n|-damage|p2a: Aurorus|7\/100|[from] move: Magma Storm|[partiallytrapped]\n|upkeep\n|turn|12\n|\n|t:|1700564148\n|move|p1a: Heatran|Taunt|p2a: Aurorus\n|-start|p2a: Aurorus|move: Taunt\n|move|p2a: Aurorus|Freeze-Dry|p1a: Heatran\n|-resisted|p1a: Heatran\n|-damage|p1a: Heatran|42\/100\n|\n|-weather|Snow|[upkeep]\n|-heal|p1a: Heatran|48\/100|[from] item: Leftovers\n|-damage|p2a: Aurorus|0 fnt|[from] move: Magma Storm|[partiallytrapped]\n|faint|p2a: Aurorus\n|upkeep\n|\n|t:|1700564151\n|switch|p2a: Tyranitar|Tyranitar, F|100\/100\n|-damage|p2a: Tyranitar|88\/100|[from] Stealth Rock\n|-weather|Sandstorm|[from] ability: Sand Stream|[of] p2a: Tyranitar\n|turn|13\n|\n|t:|1700564156\n|switch|p1a: Landorus|Landorus-Therian, M|100\/100\n|-damage|p1a: Landorus|88\/100|[from] Stealth Rock\n|-ability|p1a: Landorus|Intimidate|boost\n|-unboost|p2a: Tyranitar|atk|1\n|move|p2a: Tyranitar|Knock Off|p1a: Landorus\n|-damage|p1a: Landorus|69\/100\n|-damage|p2a: Tyranitar|72\/100|[from] item: Rocky Helmet|[of] p1a: Landorus\n|-enditem|p1a: Landorus|Rocky Helmet|[from] move: Knock Off|[of] p2a: Tyranitar\n|\n|-weather|Sandstorm|[upkeep]\n|upkeep\n|turn|14\n|\n|t:|1700564164\n|switch|p2a: Aggron|Aggron, F|100\/100\n|-damage|p2a: Aggron|94\/100|[from] Stealth Rock\n|move|p1a: Landorus|Defog|p2a: Aggron\n|-unboost|p2a: Aggron|evasion|1\n|-sideend|p2: NDSNEZ ROCK|move: Aurora Veil\n|-sideend|p2: NDSNEZ ROCK|Stealth Rock|[from] move: Defog|[of] p1a: Landorus\n|-sideend|p1: chuntaro-kun|Toxic Spikes|[from] move: Defog|[of] p1a: Landorus\n|-sideend|p1: chuntaro-kun|Stealth Rock|[from] move: Defog|[of] p1a: Landorus\n|\n|-weather|Sandstorm|[upkeep]\n|upkeep\n|turn|15\n|c|\u2606chuntaro-kun|okie im screwed\n|\n|t:|1700564169\n|detailschange|p2a: Aggron|Aggron-Mega, F\n|-mega|p2a: Aggron|Aggron|Aggronite\n|move|p1a: Landorus|U-turn|p2a: Aggron\n|-resisted|p2a: Aggron\n|-damage|p2a: Aggron|90\/100\n|\n|t:|1700564178\n|switch|p1a: Zamazenta|Zamazenta|100\/100|[from] U-turn\n|-ability|p1a: Zamazenta|Dauntless Shield|boost\n|-boost|p1a: Zamazenta|def|1\n|move|p2a: Aggron|Iron Defense|p2a: Aggron\n|-boost|p2a: Aggron|def|2\n|\n|-weather|Sandstorm|[upkeep]\n|-damage|p1a: Zamazenta|94\/100|[from] Sandstorm\n|upkeep\n|turn|16\n|\n|t:|1700564185\n|-terastallize|p1a: Zamazenta|Fighting\n|move|p1a: Zamazenta|Close Combat|p2a: Aggron\n|-supereffective|p2a: Aggron\n|-damage|p2a: Aggron|54\/100\n|-unboost|p1a: Zamazenta|def|1\n|-unboost|p1a: Zamazenta|spd|1\n|move|p2a: Aggron|Iron Defense|p2a: Aggron\n|-boost|p2a: Aggron|def|2\n|\n|-weather|Sandstorm|[upkeep]\n|-damage|p1a: Zamazenta|88\/100|[from] Sandstorm\n|upkeep\n|turn|17\n|c|\u2606chuntaro-kun|that was like nothing\n|\n|t:|1700564196\n|switch|p1a: Tapu Lele|Tapu Lele, shiny|30\/100\n|-fieldstart|move: Psychic Terrain|[from] ability: Psychic Surge|[of] p1a: Tapu Lele\n|move|p2a: Aggron|Body Press|p1a: Tapu Lele\n|-resisted|p1a: Tapu Lele\n|-damage|p1a: Tapu Lele|0 fnt\n|faint|p1a: Tapu Lele\n|\n|-weather|none\n|upkeep\n|\n|t:|1700564201\n|switch|p1a: Heatran|Heatran, F, shiny|48\/100\n|turn|18\n|\n|t:|1700564205\n|switch|p2a: Tyranitar|Tyranitar, F|72\/100\n|-weather|Sandstorm|[from] ability: Sand Stream|[of] p2a: Tyranitar\n|move|p1a: Heatran|Magma Storm|p2a: Tyranitar\n|-resisted|p2a: Tyranitar\n|-damage|p2a: Tyranitar|66\/100\n|-activate|p2a: Tyranitar|move: Magma Storm|[of] p1a: Heatran\n|\n|-weather|Sandstorm|[upkeep]\n|-heal|p1a: Heatran|55\/100|[from] item: Leftovers\n|-damage|p2a: Tyranitar|53\/100|[from] move: Magma Storm|[partiallytrapped]\n|upkeep\n|turn|19\n|\n|t:|1700564207\n|move|p1a: Heatran|Earth Power|p2a: Tyranitar\n|-supereffective|p2a: Tyranitar\n|-damage|p2a: Tyranitar|38\/100\n|move|p2a: Tyranitar|Knock Off|p1a: Heatran\n|-damage|p1a: Heatran|19\/100\n|-enditem|p1a: Heatran|Leftovers|[from] move: Knock Off|[of] p2a: Tyranitar\n|\n|-weather|Sandstorm|[upkeep]\n|-damage|p2a: Tyranitar|26\/100|[from] move: Magma Storm|[partiallytrapped]\n|upkeep\n|turn|20\n|\n|t:|1700564210\n|-activate|p1a: Heatran|move: Pursuit\n|move|p2a: Tyranitar|Pursuit|p1a: Heatran|[from]Pursuit\n|-damage|p1a: Heatran|0 fnt\n|faint|p1a: Heatran\n|-hint|A Pokemon can't switch between when it runs out of HP and when it faints\n|\n|-weather|Sandstorm|[upkeep]\n|-end|p2a: Tyranitar|Magma Storm|[partiallytrapped]|[silent]\n|upkeep\n|\n|t:|1700564214\n|switch|p1a: Zamazenta|Zamazenta, tera:Fighting|88\/100\n|turn|21\n|\n|t:|1700564217\n|move|p1a: Zamazenta|Close Combat|p2a: Tyranitar\n|-supereffective|p2a: Tyranitar\n|-damage|p2a: Tyranitar|0 fnt\n|-unboost|p1a: Zamazenta|def|1\n|-unboost|p1a: Zamazenta|spd|1\n|faint|p2a: Tyranitar\n|\n|-weather|Sandstorm|[upkeep]\n|-damage|p1a: Zamazenta|82\/100|[from] Sandstorm\n|-fieldend|move: Psychic Terrain\n|upkeep\n|\n|t:|1700564220\n|switch|p2a: Garganacl|Garganacl, M|100\/100\n|turn|22\n|c|\u2606chuntaro-kun|...\n|c|\u2606chuntaro-kun|it inevitable\n|\n|t:|1700564233\n|switch|p1a: Ogerpon|Ogerpon, F|100\/100\n|-terastallize|p2a: Garganacl|Ghost\n|move|p2a: Garganacl|Iron Defense|p2a: Garganacl\n|-boost|p2a: Garganacl|def|2\n|\n|-weather|none\n|upkeep\n|turn|23\n|\n|t:|1700564240\n|switch|p2a: Aggron|Aggron-Mega, F|54\/100\n|move|p1a: Ogerpon|Swords Dance|p1a: Ogerpon\n|-boost|p1a: Ogerpon|atk|2\n|\n|upkeep\n|turn|24\n|\n|t:|1700564243\n|move|p1a: Ogerpon|Knock Off|p2a: Aggron\n|-damage|p2a: Aggron|32\/100\n|-damage|p1a: Ogerpon|91\/100|[from] item: Life Orb\n|move|p2a: Aggron|Iron Defense|p2a: Aggron\n|-boost|p2a: Aggron|def|2\n|\n|upkeep\n|turn|25\n|\n|t:|1700564246\n|move|p1a: Ogerpon|Swords Dance|p1a: Ogerpon\n|-boost|p1a: Ogerpon|atk|2\n|move|p2a: Aggron|Body Press|p1a: Ogerpon\n|-damage|p1a: Ogerpon|0 fnt\n|faint|p1a: Ogerpon\n|\n|upkeep\n|\n|t:|1700564255\n|switch|p1a: Zamazenta|Zamazenta, tera:Fighting|82\/100\n|turn|26\n|c|\u2606chuntaro-kun|i bet that thing has like recover or smt\n|\n|t:|1700564265\n|move|p1a: Zamazenta|Close Combat|p2a: Aggron\n|-supereffective|p2a: Aggron\n|-damage|p2a: Aggron|0 fnt\n|-unboost|p1a: Zamazenta|def|1\n|-unboost|p1a: Zamazenta|spd|1\n|faint|p2a: Aggron\n|\n|upkeep\n|\n|t:|1700564268\n|switch|p2a: Garganacl|Garganacl, M, tera:Ghost|100\/100\n|turn|27\n|\n|t:|1700564270\n|switch|p1a: Landorus|Landorus-Therian, M|69\/100\n|-ability|p1a: Landorus|Intimidate|boost\n|-unboost|p2a: Garganacl|atk|1\n|move|p2a: Garganacl|Iron Defense|p2a: Garganacl\n|-boost|p2a: Garganacl|def|2\n|\n|upkeep\n|turn|28\n|\n|t:|1700564272\n|move|p1a: Landorus|U-turn|p2a: Garganacl\n|-resisted|p2a: Garganacl\n|-damage|p2a: Garganacl|97\/100\n|\n|t:|1700564274\n|switch|p1a: Samurott|Samurott-Hisui, M|100\/100|[from] U-turn\n|move|p2a: Garganacl|Salt Cure|p1a: Samurott\n|-damage|p1a: Samurott|88\/100\n|-start|p1a: Samurott|Salt Cure\n|\n|-damage|p1a: Samurott|63\/100|[from] Salt Cure\n|upkeep\n|turn|29\n|\n|t:|1700564278\n|move|p1a: Samurott|Ceaseless Edge|p2a: Garganacl\n|-supereffective|p2a: Garganacl\n|-damage|p2a: Garganacl|60\/100\n|-sidestart|p2: NDSNEZ ROCK|Spikes\n|move|p2a: Garganacl|Iron Defense|p2a: Garganacl\n|-boost|p2a: Garganacl|def|2\n|\n|-damage|p1a: Samurott|39\/100|[from] Salt Cure\n|upkeep\n|turn|30\n|\n|t:|1700564283\n|move|p1a: Samurott|Ceaseless Edge|p2a: Garganacl\n|-supereffective|p2a: Garganacl\n|-damage|p2a: Garganacl|34\/100\n|-sidestart|p2: NDSNEZ ROCK|Spikes\n|move|p2a: Garganacl|Recover|p2a: Garganacl\n|-heal|p2a: Garganacl|84\/100\n|\n|-damage|p1a: Samurott|14\/100|[from] Salt Cure\n|upkeep\n|turn|31\n|\n|t:|1700564289\n|move|p1a: Samurott|Sucker Punch||[still]\n|-fail|p1a: Samurott\n|move|p2a: Garganacl|Recover|p2a: Garganacl\n|-heal|p2a: Garganacl|100\/100\n|\n|-damage|p1a: Samurott|0 fnt|[from] Salt Cure\n|faint|p1a: Samurott\n|upkeep\n|\n|t:|1700564293\n|switch|p1a: Landorus|Landorus-Therian, M|69\/100\n|-ability|p1a: Landorus|Intimidate|boost\n|-unboost|p2a: Garganacl|atk|1\n|turn|32\n|\n|t:|1700564297\n|move|p1a: Landorus|Earthquake|p2a: Garganacl\n|-damage|p2a: Garganacl|91\/100\n|move|p2a: Garganacl|Salt Cure|p1a: Landorus\n|-damage|p1a: Landorus|64\/100\n|-start|p1a: Landorus|Salt Cure\n|\n|-damage|p1a: Landorus|52\/100|[from] Salt Cure\n|upkeep\n|turn|33\n|\n|t:|1700564301\n|move|p1a: Landorus|Earthquake|p2a: Garganacl\n|-damage|p2a: Garganacl|81\/100\n|move|p2a: Garganacl|Iron Defense|p2a: Garganacl\n|-boost|p2a: Garganacl|def|2\n|\n|-damage|p1a: Landorus|40\/100|[from] Salt Cure\n|upkeep\n|turn|34\n|\n|t:|1700564304\n|move|p1a: Landorus|Hidden Power|p2a: Garganacl\n|-damage|p2a: Garganacl|72\/100\n|-enditem|p2a: Garganacl|Maranga Berry|[eat]\n|-boost|p2a: Garganacl|spd|1|[from] item: Maranga Berry\n|move|p2a: Garganacl|Recover|p2a: Garganacl\n|-heal|p2a: Garganacl|100\/100\n|\n|-damage|p1a: Landorus|27\/100|[from] Salt Cure\n|upkeep\n|turn|35\n|\n|t:|1700564306\n|move|p1a: Landorus|Earthquake|p2a: Garganacl\n|-damage|p2a: Garganacl|92\/100\n|move|p2a: Garganacl|Body Press|p1a: Landorus\n|-resisted|p1a: Landorus\n|-damage|p1a: Landorus|0 fnt\n|faint|p1a: Landorus\n|\n|upkeep\n|\n|t:|1700564311\n|switch|p1a: Zamazenta|Zamazenta, tera:Fighting|82\/100\n|turn|36\n|\n|t:|1700564314\n|move|p1a: Zamazenta|Crunch|p2a: Garganacl\n|-supereffective|p2a: Garganacl\n|-damage|p2a: Garganacl|79\/100\n|move|p2a: Garganacl|Salt Cure|p1a: Zamazenta\n|-resisted|p1a: Zamazenta\n|-damage|p1a: Zamazenta|79\/100\n|-start|p1a: Zamazenta|Salt Cure\n|\n|-damage|p1a: Zamazenta|67\/100|[from] Salt Cure\n|upkeep\n|turn|37\n|\n|t:|1700564317\n|move|p1a: Zamazenta|Crunch|p2a: Garganacl\n|-supereffective|p2a: Garganacl\n|-damage|p2a: Garganacl|65\/100\n|move|p2a: Garganacl|Body Press|p1a: Zamazenta\n|-damage|p1a: Zamazenta|0 fnt\n|faint|p1a: Zamazenta\n|\n|win|NDSNEZ ROCK\n|raw|chuntaro-kun's rating: 1319 &rarr; <strong>1302<\/strong><br \/>(-17 for losing)\n|raw|NDSNEZ ROCK's rating: 1366 &rarr; <strong>1383<\/strong><br \/>(+17 for winning)\n|c|\u2606NDSNEZ ROCK|gg xD\n|c|\u2606chuntaro-kun|sih*\n","uploadtime":1700564324,"views":3,"p1id":"chuntarokun","p2id":"ndsnezrock","formatid":"gen9nationaldex","rating":1302,"private":0,"password":""}