{"id":"gen9nationaldex-1990181674","p1":"IceBerryCoffee","p2":"zqtp","format":"[Gen 9] National Dex","log":"|j|\u2606IceBerryCoffee\n|j|\u2606zqtp\n|t:|1699933878\n|gametype|singles\n|player|p1|IceBerryCoffee|266|1287\n|player|p2|zqtp|leon|1400\n|teamsize|p1|6\n|teamsize|p2|6\n|gen|9\n|tier|[Gen 9] National Dex\n|rated|\n|rule|HP Percentage Mod: HP is shown in percentages\n|rule|Endless Battle Clause: Forcing endless battles is banned\n|rule|OHKO Clause: OHKO moves are banned\n|rule|Evasion Clause: Evasion abilities, items, and moves are banned\n|rule|Evasion Abilities Clause: Evasion abilities are banned\n|rule|Evasion Items Clause: Evasion items are banned\n|rule|Evasion Moves Clause: Evasion moves are banned\n|rule|Species Clause: Limit one of each Pok\u00e9mon\n|rule|Sleep Clause Mod: Limit one foe put to sleep\n|clearpoke\n|poke|p1|Slowking-Galar, F|\n|poke|p1|Pelipper, F|\n|poke|p1|Barraskewda, F|\n|poke|p1|Swampert, M|\n|poke|p1|Ferrothorn, F|\n|poke|p1|Zapdos|\n|poke|p2|Weavile, M|\n|poke|p2|Great Tusk|\n|poke|p2|Alomomola, M|\n|poke|p2|Lopunny, F|\n|poke|p2|Magnezone|\n|poke|p2|Enamorus, F|\n|teampreview\n|inactive|Battle timer is ON: inactive players will automatically lose when time's up. (requested by zqtp)\n|\n|t:|1699933901\n|start\n|switch|p1a: Pelipper|Pelipper, F|100\/100\n|switch|p2a: Intel?|Magnezone|100\/100\n|-weather|RainDance|[from] ability: Drizzle|[of] p1a: Pelipper\n|turn|1\n|\n|t:|1699933924\n|switch|p1a: Swampert|Swampert, M|100\/100\n|move|p2a: Intel?|Flash Cannon|p1a: Swampert\n|-resisted|p1a: Swampert\n|-damage|p1a: Swampert|79\/100\n|\n|-weather|RainDance|[upkeep]\n|upkeep\n|turn|2\n|\n|t:|1699933933\n|switch|p2a: Bass Pro?|Alomomola, M, shiny|100\/100\n|detailschange|p1a: Swampert|Swampert-Mega, M\n|-mega|p1a: Swampert|Swampert|Swampertite\n|move|p1a: Swampert|Waterfall|p2a: Bass Pro?\n|-resisted|p2a: Bass Pro?\n|-damage|p2a: Bass Pro?|79\/100\n|\n|-weather|RainDance|[upkeep]\n|upkeep\n|turn|3\n|\n|t:|1699933942\n|switch|p1a: Ferrothorn|Ferrothorn, F|100\/100\n|move|p2a: Bass Pro?|Toxic|p1a: Ferrothorn\n|-immune|p1a: Ferrothorn\n|\n|-weather|RainDance|[upkeep]\n|upkeep\n|turn|4\n|\n|t:|1699933948\n|move|p2a: Bass Pro?|Flip Turn|p1a: Ferrothorn\n|-resisted|p1a: Ferrothorn\n|-damage|p1a: Ferrothorn|93\/100\n|-damage|p2a: Bass Pro?|66\/100|[from] ability: Iron Barbs|[of] p1a: Ferrothorn\n|\n|t:|1699933961\n|switch|p2a: Africa?|Great Tusk|100\/100|[from] Flip Turn\n|move|p1a: Ferrothorn|Stealth Rock|p2a: Africa?\n|-sidestart|p2: zqtp|move: Stealth Rock\n|\n|-weather|RainDance|[upkeep]\n|-heal|p1a: Ferrothorn|99\/100|[from] item: Leftovers\n|upkeep\n|turn|5\n|\n|t:|1699933978\n|move|p2a: Africa?|Stealth Rock|p1a: Ferrothorn\n|-sidestart|p1: IceBerryCoffee|move: Stealth Rock\n|move|p1a: Ferrothorn|Leech Seed|p2a: Africa?\n|-start|p2a: Africa?|move: Leech Seed\n|\n|-weather|RainDance|[upkeep]\n|-heal|p1a: Ferrothorn|100\/100|[from] item: Leftovers\n|-damage|p2a: Africa?|88\/100|[from] Leech Seed|[of] p1a: Ferrothorn\n|upkeep\n|turn|6\n|\n|t:|1699933990\n|-end|p2a: Africa?|Protosynthesis|[silent]\n|switch|p2a: Gucci?|Enamorus, F|100\/100\n|move|p1a: Ferrothorn|Power Whip|p2a: Gucci?\n|-resisted|p2a: Gucci?\n|-damage|p2a: Gucci?|72\/100\n|\n|-weather|RainDance|[upkeep]\n|upkeep\n|turn|7\n|\n|t:|1699934000\n|move|p2a: Gucci?|Calm Mind|p2a: Gucci?\n|-boost|p2a: Gucci?|spa|1\n|-boost|p2a: Gucci?|spd|1\n|move|p1a: Ferrothorn|Leech Seed|p2a: Gucci?\n|-start|p2a: Gucci?|move: Leech Seed\n|\n|-weather|RainDance|[upkeep]\n|-damage|p2a: Gucci?|59\/100|[from] Leech Seed|[of] p1a: Ferrothorn\n|upkeep\n|turn|8\n|\n|t:|1699934007\n|move|p2a: Gucci?|Calm Mind|p2a: Gucci?\n|-boost|p2a: Gucci?|spa|1\n|-boost|p2a: Gucci?|spd|1\n|move|p1a: Ferrothorn|Gyro Ball|p2a: Gucci?\n|-supereffective|p2a: Gucci?\n|-damage|p2a: Gucci?|0 fnt\n|faint|p2a: Gucci?\n|\n|-weather|none\n|upkeep\n|c|\u2606zqtp|why u running 2a ferro\n|c|\u2606zqtp|just use one and some more utilities\n|\n|t:|1699934031\n|switch|p2a: Prada?|Lopunny, F|100\/100\n|-damage|p2a: Prada?|88\/100|[from] Stealth Rock\n|turn|9\n|\n|t:|1699934038\n|detailschange|p2a: Prada?|Lopunny-Mega, F\n|-mega|p2a: Prada?|Lopunny|Lopunnite\n|move|p2a: Prada?|Close Combat|p1a: Ferrothorn\n|-supereffective|p1a: Ferrothorn\n|-damage|p1a: Ferrothorn|17\/100\n|-unboost|p2a: Prada?|def|1\n|-unboost|p2a: Prada?|spd|1\n|-damage|p2a: Prada?|76\/100|[from] ability: Iron Barbs|[of] p1a: Ferrothorn\n|move|p1a: Ferrothorn|Leech Seed|p2a: Prada?\n|-start|p2a: Prada?|move: Leech Seed\n|\n|-heal|p1a: Ferrothorn|23\/100|[from] item: Leftovers\n|-damage|p2a: Prada?|64\/100|[from] Leech Seed|[of] p1a: Ferrothorn\n|-heal|p1a: Ferrothorn|33\/100|[silent]\n|upkeep\n|turn|10\n|\n|t:|1699934051\n|-terastallize|p1a: Ferrothorn|Ghost\n|move|p2a: Prada?|Close Combat|p1a: Ferrothorn\n|-damage|p1a: Ferrothorn|0 fnt\n|-unboost|p2a: Prada?|def|1\n|-unboost|p2a: Prada?|spd|1\n|-damage|p2a: Prada?|52\/100|[from] ability: Iron Barbs|[of] p1a: Ferrothorn\n|faint|p1a: Ferrothorn\n|\n|upkeep\n|\n|t:|1699934060\n|switch|p1a: Pelipper|Pelipper, F|100\/100\n|-damage|p1a: Pelipper|76\/100|[from] Stealth Rock\n|-weather|RainDance|[from] ability: Drizzle|[of] p1a: Pelipper\n|turn|11\n|\n|t:|1699934077\n|move|p2a: Prada?|U-turn|p1a: Pelipper\n|-resisted|p1a: Pelipper\n|-damage|p1a: Pelipper|66\/100\n|\n|t:|1699934086\n|switch|p2a: Intel?|Magnezone|100\/100|[from] U-turn\n|-damage|p2a: Intel?|94\/100|[from] Stealth Rock\n|move|p1a: Pelipper|Scald|p2a: Intel?\n|-damage|p2a: Intel?|39\/100\n|\n|-weather|RainDance|[upkeep]\n|upkeep\n|turn|12\n|\n|t:|1699934100\n|switch|p1a: Slowking|Slowking-Galar, F|100\/100\n|-damage|p1a: Slowking|88\/100|[from] Stealth Rock\n|move|p2a: Intel?|Hidden Power|p1a: Slowking\n|-damage|p1a: Slowking|79\/100\n|\n|-weather|RainDance|[upkeep]\n|upkeep\n|turn|13\n|\n|t:|1699934110\n|switch|p2a: Ninja?|Weavile, M, shiny|100\/100\n|-damage|p2a: Ninja?|76\/100|[from] Stealth Rock\n|-ability|p2a: Ninja?|Pressure\n|move|p1a: Slowking|Surf|p2a: Ninja?\n|-damage|p2a: Ninja?|27\/100\n|\n|-weather|RainDance|[upkeep]\n|upkeep\n|turn|14\n|\n|t:|1699934129\n|switch|p1a: Zapdos|Zapdos|100\/100\n|move|p2a: Ninja?|Knock Off|p1a: Zapdos\n|-damage|p1a: Zapdos|14\/100\n|-enditem|p1a: Zapdos|Heavy-Duty Boots|[from] move: Knock Off|[of] p2a: Ninja?\n|\n|-weather|RainDance|[upkeep]\n|upkeep\n|turn|15\n|\n|t:|1699934136\n|move|p2a: Ninja?|Knock Off|p1a: Zapdos\n|-damage|p1a: Zapdos|0 fnt\n|-status|p2a: Ninja?|par|[from] ability: Static|[of] p1a: Zapdos\n|faint|p1a: Zapdos\n|\n|-weather|RainDance|[upkeep]\n|upkeep\n|\n|t:|1699934142\n|switch|p1a: Swampert|Swampert-Mega, M|79\/100\n|-damage|p1a: Swampert|73\/100|[from] Stealth Rock\n|turn|16\n|\n|t:|1699934147\n|move|p1a: Swampert|Earthquake|p2a: Ninja?\n|-damage|p2a: Ninja?|0 fnt\n|faint|p2a: Ninja?\n|\n|-weather|RainDance|[upkeep]\n|upkeep\n|\n|t:|1699934151\n|switch|p2a: Prada?|Lopunny-Mega, F|52\/100\n|-damage|p2a: Prada?|46\/100|[from] Stealth Rock\n|turn|17\n|\n|t:|1699934158\n|move|p2a: Prada?|Fake Out|p1a: Swampert\n|-damage|p1a: Swampert|52\/100\n|cant|p1a: Swampert|flinch\n|\n|-weather|RainDance|[upkeep]\n|upkeep\n|turn|18\n|\n|t:|1699934168\n|switch|p2a: Bass Pro?|Alomomola, M, shiny|99\/100\n|move|p1a: Swampert|Earthquake|p2a: Bass Pro?\n|-damage|p2a: Bass Pro?|66\/100\n|\n|-weather|none\n|upkeep\n|turn|19\n|\n|t:|1699934191\n|switch|p1a: Slowking|Slowking-Galar, F|100\/100\n|-damage|p1a: Slowking|88\/100|[from] Stealth Rock\n|move|p2a: Bass Pro?|Toxic|p1a: Slowking\n|-immune|p1a: Slowking\n|\n|upkeep\n|turn|20\n|j| Shotokekipurin\n|\n|t:|1699934198\n|move|p2a: Bass Pro?|Wish|p2a: Bass Pro?\n|move|p1a: Slowking|Future Sight|p2a: Bass Pro?\n|-start|p1a: Slowking|move: Future Sight\n|\n|upkeep\n|turn|21\n|\n|t:|1699934213\n|move|p2a: Bass Pro?|Flip Turn|p1a: Slowking\n|-damage|p1a: Slowking|71\/100\n|\n|t:|1699934215\n|switch|p2a: Intel?|Magnezone|39\/100|[from] Flip Turn\n|-damage|p2a: Intel?|33\/100|[from] Stealth Rock\n|move|p1a: Slowking|Sludge Bomb|p2a: Intel?\n|-immune|p2a: Intel?\n|\n|-heal|p2a: Intel?|100\/100|[from] move: Wish|[wisher] Bass Pro?\n|upkeep\n|turn|22\n|\n|t:|1699934225\n|move|p2a: Intel?|Volt Switch|p1a: Slowking\n|-damage|p1a: Slowking|56\/100\n|\n|t:|1699934231\n|switch|p2a: Bass Pro?|Alomomola, M, shiny|99\/100|[from] Volt Switch\n|move|p1a: Slowking|Flamethrower|p2a: Bass Pro?\n|-resisted|p2a: Bass Pro?\n|-damage|p2a: Bass Pro?|89\/100\n|\n|-end|p2a: Bass Pro?|move: Future Sight\n|-damage|p2a: Bass Pro?|46\/100\n|upkeep\n|turn|23\n|\n|t:|1699934240\n|move|p2a: Bass Pro?|Flip Turn|p1a: Slowking\n|-damage|p1a: Slowking|40\/100\n|\n|t:|1699934242\n|switch|p2a: Intel?|Magnezone|100\/100|[from] Flip Turn\n|-damage|p2a: Intel?|94\/100|[from] Stealth Rock\n|move|p1a: Slowking|Future Sight|p2a: Intel?\n|-start|p1a: Slowking|move: Future Sight\n|\n|upkeep\n|turn|24\n|\n|t:|1699934252\n|switch|p1a: Swampert|Swampert-Mega, M|52\/100\n|-damage|p1a: Swampert|46\/100|[from] Stealth Rock\n|move|p2a: Intel?|Flash Cannon|p1a: Swampert\n|-resisted|p1a: Swampert\n|-damage|p1a: Swampert|27\/100\n|\n|upkeep\n|turn|25\n|l| Shotokekipurin\n|\n|t:|1699934265\n|-terastallize|p2a: Intel?|Grass\n|move|p2a: Intel?|Flash Cannon|p1a: Swampert\n|-resisted|p1a: Swampert\n|-damage|p1a: Swampert|7\/100\n|move|p1a: Swampert|Earthquake|p2a: Intel?\n|-resisted|p2a: Intel?\n|-damage|p2a: Intel?|61\/100\n|\n|-end|p2a: Intel?|move: Future Sight\n|-damage|p2a: Intel?|0 fnt\n|faint|p2a: Intel?\n|upkeep\n|\n|t:|1699934278\n|switch|p2a: Prada?|Lopunny-Mega, F|46\/100\n|-damage|p2a: Prada?|40\/100|[from] Stealth Rock\n|turn|26\n|\n|t:|1699934283\n|move|p2a: Prada?|Return|p1a: Swampert\n|-crit|p1a: Swampert\n|-damage|p1a: Swampert|0 fnt\n|faint|p1a: Swampert\n|\n|upkeep\n|\n|t:|1699934289\n|switch|p1a: Pelipper|Pelipper, F|66\/100\n|-damage|p1a: Pelipper|42\/100|[from] Stealth Rock\n|-weather|RainDance|[from] ability: Drizzle|[of] p1a: Pelipper\n|turn|27\n|\n|t:|1699934301\n|move|p2a: Prada?|U-turn|p1a: Pelipper\n|-resisted|p1a: Pelipper\n|-damage|p1a: Pelipper|32\/100\n|\n|t:|1699934304\n|switch|p2a: Bass Pro?|Alomomola, M, shiny|79\/100|[from] U-turn\n|move|p1a: Pelipper|Scald|p2a: Bass Pro?\n|-resisted|p2a: Bass Pro?\n|-damage|p2a: Bass Pro?|62\/100\n|\n|-weather|RainDance|[upkeep]\n|upkeep\n|turn|28\n|\n|t:|1699934311\n|switch|p1a: Slowking|Slowking-Galar, F|73\/100\n|-damage|p1a: Slowking|60\/100|[from] Stealth Rock\n|move|p2a: Bass Pro?|Wish|p2a: Bass Pro?\n|\n|-weather|RainDance|[upkeep]\n|upkeep\n|turn|29\n|\n|t:|1699934318\n|move|p2a: Bass Pro?|Protect|p2a: Bass Pro?\n|-singleturn|p2a: Bass Pro?|Protect\n|move|p1a: Slowking|Future Sight|p2a: Bass Pro?\n|-start|p1a: Slowking|move: Future Sight\n|\n|-weather|RainDance|[upkeep]\n|-heal|p2a: Bass Pro?|100\/100|[from] move: Wish|[wisher] Bass Pro?\n|upkeep\n|turn|30\n|\n|t:|1699934326\n|move|p2a: Bass Pro?|Wish|p2a: Bass Pro?\n|move|p1a: Slowking|Sludge Bomb|p2a: Bass Pro?\n|-damage|p2a: Bass Pro?|69\/100\n|-status|p2a: Bass Pro?|psn\n|\n|-weather|RainDance|[upkeep]\n|-damage|p2a: Bass Pro?|57\/100 psn|[from] psn\n|upkeep\n|turn|31\n|\n|t:|1699934335\n|move|p2a: Bass Pro?|Protect|p2a: Bass Pro?\n|-singleturn|p2a: Bass Pro?|Protect\n|move|p1a: Slowking|Sludge Bomb|p2a: Bass Pro?\n|-activate|p2a: Bass Pro?|move: Protect\n|\n|-weather|RainDance|[upkeep]\n|-end|p2a: Bass Pro?|move: Future Sight\n|-damage|p2a: Bass Pro?|13\/100 psn\n|-heal|p2a: Bass Pro?|63\/100 psn|[from] move: Wish|[wisher] Bass Pro?\n|-damage|p2a: Bass Pro?|50\/100 psn|[from] psn\n|upkeep\n|turn|32\n|\n|t:|1699934345\n|move|p2a: Bass Pro?|Wish|p2a: Bass Pro?\n|move|p1a: Slowking|Future Sight|p2a: Bass Pro?\n|-start|p1a: Slowking|move: Future Sight\n|\n|-weather|RainDance|[upkeep]\n|-damage|p2a: Bass Pro?|38\/100 psn|[from] psn\n|upkeep\n|turn|33\n|\n|t:|1699934354\n|move|p2a: Bass Pro?|Flip Turn|p1a: Slowking\n|-damage|p1a: Slowking|34\/100\n|\n|t:|1699934357\n|switch|p2a: Africa?|Great Tusk|88\/100|[from] Flip Turn\n|move|p1a: Slowking|Sludge Bomb|p2a: Africa?\n|-resisted|p2a: Africa?\n|-damage|p2a: Africa?|60\/100\n|\n|-weather|RainDance|[upkeep]\n|-heal|p2a: Africa?|100\/100|[from] move: Wish|[wisher] Bass Pro?\n|upkeep\n|turn|34\n|\n|t:|1699934367\n|switch|p1a: Pelipper|Pelipper, F|32\/100\n|-damage|p1a: Pelipper|7\/100|[from] Stealth Rock\n|move|p2a: Africa?|Rapid Spin|p1a: Pelipper\n|-damage|p1a: Pelipper|0 fnt\n|-boost|p2a: Africa?|spe|1\n|-sideend|p2: zqtp|Stealth Rock|[from] move: Rapid Spin|[of] p2a: Africa?\n|faint|p1a: Pelipper\n|\n|-weather|none\n|-end|p2a: Africa?|move: Future Sight\n|-supereffective|p2a: Africa?\n|-damage|p2a: Africa?|0 fnt\n|faint|p2a: Africa?\n|-end|p2a: Africa?|Protosynthesis|[silent]\n|upkeep\n|\n|t:|1699934387\n|switch|p2a: Prada?|Lopunny-Mega, F|40\/100\n|switch|p1a: Barraskewda|Barraskewda, F|100\/100\n|-damage|p1a: Barraskewda|88\/100|[from] Stealth Rock\n|turn|35\n|\n|t:|1699934394\n|move|p1a: Barraskewda|Aqua Jet|p2a: Prada?\n|-damage|p2a: Prada?|0 fnt\n|faint|p2a: Prada?\n|\n|upkeep\n|\n|t:|1699934397\n|switch|p2a: Bass Pro?|Alomomola, M, shiny|71\/100 psn\n|turn|36\n|c|\u2606zqtp|gg\n|\n|t:|1699934403\n|switch|p1a: Slowking|Slowking-Galar, F|67\/100\n|-damage|p1a: Slowking|55\/100|[from] Stealth Rock\n|move|p2a: Bass Pro?|Toxic|p1a: Slowking\n|-immune|p1a: Slowking\n|\n|-damage|p2a: Bass Pro?|59\/100 psn|[from] psn\n|upkeep\n|turn|37\n|\n|t:|1699934411\n|move|p2a: Bass Pro?|Wish|p2a: Bass Pro?\n|move|p1a: Slowking|Future Sight|p2a: Bass Pro?\n|-start|p1a: Slowking|move: Future Sight\n|\n|-damage|p2a: Bass Pro?|46\/100 psn|[from] psn\n|upkeep\n|turn|38\n|\n|t:|1699934415\n|move|p2a: Bass Pro?|Flip Turn|p1a: Slowking\n|-damage|p1a: Slowking|37\/100\n|move|p1a: Slowking|Sludge Bomb|p2a: Bass Pro?\n|-damage|p2a: Bass Pro?|10\/100 psn\n|\n|-heal|p2a: Bass Pro?|60\/100 psn|[from] move: Wish|[wisher] Bass Pro?\n|-damage|p2a: Bass Pro?|48\/100 psn|[from] psn\n|upkeep\n|turn|39\n|\n|t:|1699934425\n|move|p2a: Bass Pro?|Protect|p2a: Bass Pro?\n|-singleturn|p2a: Bass Pro?|Protect\n|move|p1a: Slowking|Sludge Bomb|p2a: Bass Pro?\n|-activate|p2a: Bass Pro?|move: Protect\n|\n|-end|p2a: Bass Pro?|move: Future Sight\n|-damage|p2a: Bass Pro?|4\/100 psn\n|-damage|p2a: Bass Pro?|0 fnt|[from] psn\n|faint|p2a: Bass Pro?\n|\n|win|IceBerryCoffee\n|upkeep\n|raw|IceBerryCoffee's rating: 1287 &rarr; <strong>1320<\/strong><br \/>(+33 for winning)\n|raw|zqtp's rating: 1400 &rarr; <strong>1374<\/strong><br \/>(-26 for losing)\n|l|\u2606zqtp\n","uploadtime":1699934435,"views":4,"p1id":"iceberrycoffee","p2id":"zqtp","formatid":"gen9nationaldex","rating":1320,"private":0,"password":""}