{"id":"gen9nationaldex-1990599365","p1":"Slapping Kids","p2":"SegaSunnyD","format":"[Gen 9] National Dex","log":"|j|\u2606Slapping Kids\n|j|\u2606SegaSunnyD\n|t:|1699984640\n|gametype|singles\n|player|p1|Slapping Kids|fisherman-gen4|1101\n|player|p2|SegaSunnyD|caitlin|1098\n|teamsize|p1|6\n|teamsize|p2|6\n|gen|9\n|tier|[Gen 9] National Dex\n|rated|\n|rule|HP Percentage Mod: HP is shown in percentages\n|rule|Endless Battle Clause: Forcing endless battles is banned\n|rule|OHKO Clause: OHKO moves are banned\n|rule|Evasion Clause: Evasion abilities, items, and moves are banned\n|rule|Evasion Abilities Clause: Evasion abilities are banned\n|rule|Evasion Items Clause: Evasion items are banned\n|rule|Evasion Moves Clause: Evasion moves are banned\n|rule|Species Clause: Limit one of each Pok\u00e9mon\n|rule|Sleep Clause Mod: Limit one foe put to sleep\n|clearpoke\n|poke|p1|Diancie|\n|poke|p1|Kartana|\n|poke|p1|Garchomp, F|\n|poke|p1|Clefable, M|\n|poke|p1|Iron Valiant|\n|poke|p1|Murkrow, F|\n|poke|p2|Gardevoir, F|\n|poke|p2|Venomoth, F|\n|poke|p2|Gengar, F|\n|poke|p2|Araquanid, F|\n|poke|p2|Lucario, F|\n|poke|p2|Greninja-*, M|\n|teampreview\n|\n|t:|1699984645\n|start\n|switch|p1a: Diancie|Diancie|100\/100\n|switch|p2a: Araquanid|Araquanid, F, shiny|100\/100\n|turn|1\n|\n|t:|1699984657\n|detailschange|p1a: Diancie|Diancie-Mega\n|-mega|p1a: Diancie|Diancie|Diancite\n|move|p1a: Diancie|Stealth Rock|p2a: Araquanid\n|-sidestart|p2: SegaSunnyD|move: Stealth Rock\n|move|p2a: Araquanid|Sticky Web|p1a: Diancie\n|move|p1a: Diancie|Sticky Web|p2a: Araquanid|[from]ability: Magic Bounce\n|-sidestart|p2: SegaSunnyD|move: Sticky Web\n|\n|upkeep\n|turn|2\n|\n|t:|1699984667\n|move|p1a: Diancie|Moonblast|p2a: Araquanid\n|-damage|p2a: Araquanid|52\/100\n|move|p2a: Araquanid|Liquidation|p1a: Diancie\n|-supereffective|p1a: Diancie\n|-damage|p1a: Diancie|0 fnt\n|faint|p1a: Diancie\n|\n|upkeep\n|\n|t:|1699984688\n|switch|p1a: Clefable|Clefable, M|100\/100\n|turn|3\n|\n|t:|1699984697\n|move|p1a: Clefable|Flamethrower|p2a: Araquanid\n|-damage|p2a: Araquanid|41\/100\n|move|p2a: Araquanid|Liquidation|p1a: Clefable\n|-damage|p1a: Clefable|53\/100\n|\n|upkeep\n|turn|4\n|\n|t:|1699984706\n|move|p1a: Clefable|Moonblast|p2a: Araquanid\n|-damage|p2a: Araquanid|11\/100\n|-unboost|p2a: Araquanid|spa|1\n|move|p2a: Araquanid|Sticky Web|p1a: Clefable\n|-sidestart|p1: Slapping Kids|move: Sticky Web\n|\n|upkeep\n|turn|5\n|\n|t:|1699984713\n|move|p1a: Clefable|Soft-Boiled|p1a: Clefable\n|-heal|p1a: Clefable|100\/100\n|move|p2a: Araquanid|Liquidation|p1a: Clefable\n|-damage|p1a: Clefable|48\/100\n|\n|upkeep\n|turn|6\n|\n|t:|1699984720\n|move|p1a: Clefable|Moonblast|p2a: Araquanid\n|-damage|p2a: Araquanid|0 fnt\n|faint|p2a: Araquanid\n|\n|upkeep\n|\n|t:|1699984729\n|switch|p2a: Gengar|Gengar, F|100\/100\n|-damage|p2a: Gengar|88\/100|[from] Stealth Rock\n|-activate|p2a: Gengar|move: Sticky Web\n|-unboost|p2a: Gengar|spe|1\n|turn|7\n|\n|t:|1699984746\n|move|p2a: Gengar|Shadow Ball|p1a: Clefable\n|-damage|p1a: Clefable|0 fnt\n|faint|p1a: Clefable\n|-damage|p2a: Gengar|78\/100|[from] item: Life Orb\n|\n|upkeep\n|\n|t:|1699984753\n|switch|p1a: Murkrow|Murkrow, F|100\/100\n|turn|8\n|\n|t:|1699984762\n|move|p1a: Murkrow|Defog|p2a: Gengar\n|-unboost|p2a: Gengar|evasion|1\n|-sideend|p2: SegaSunnyD|Stealth Rock|[from] move: Defog|[of] p1a: Murkrow\n|-sideend|p2: SegaSunnyD|Sticky Web|[from] move: Defog|[of] p1a: Murkrow\n|-sideend|p1: Slapping Kids|Sticky Web|[from] move: Defog|[of] p1a: Murkrow\n|move|p2a: Gengar|Sludge Wave|p1a: Murkrow\n|-damage|p1a: Murkrow|29\/100\n|-damage|p2a: Gengar|68\/100|[from] item: Life Orb\n|\n|upkeep\n|turn|9\n|\n|t:|1699984773\n|move|p1a: Murkrow|Tailwind|p1a: Murkrow\n|-sidestart|p1: Slapping Kids|move: Tailwind\n|move|p2a: Gengar|Sludge Wave|p1a: Murkrow\n|-damage|p1a: Murkrow|0 fnt\n|faint|p1a: Murkrow\n|-damage|p2a: Gengar|58\/100|[from] item: Life Orb\n|\n|upkeep\n|\n|t:|1699984781\n|switch|p1a: Garchomp|Garchomp, F|100\/100\n|turn|10\n|\n|t:|1699984787\n|move|p1a: Garchomp|Swords Dance|p1a: Garchomp\n|-boost|p1a: Garchomp|atk|2\n|move|p2a: Gengar|Shadow Ball|p1a: Garchomp\n|-damage|p1a: Garchomp|34\/100\n|-unboost|p1a: Garchomp|spd|1\n|-damage|p2a: Gengar|48\/100|[from] item: Life Orb\n|\n|upkeep\n|turn|11\n|\n|t:|1699984796\n|move|p1a: Garchomp|Earthquake|p2a: Gengar\n|-supereffective|p2a: Gengar\n|-damage|p2a: Gengar|0 fnt\n|-start|p1a: Garchomp|Disable|Earthquake|[from] ability: Cursed Body|[of] p2a: Gengar\n|faint|p2a: Gengar\n|\n|upkeep\n|\n|t:|1699984800\n|switch|p2a: Venomoth|Venomoth, F, shiny|100\/100\n|turn|12\n|\n|t:|1699984805\n|move|p1a: Garchomp|Fire Fang|p2a: Venomoth\n|-supereffective|p2a: Venomoth\n|-enditem|p2a: Venomoth|Focus Sash\n|-damage|p2a: Venomoth|1\/100\n|move|p2a: Venomoth|Sleep Powder|p1a: Garchomp\n|-status|p1a: Garchomp|slp|[from] move: Sleep Powder\n|\n|-sideend|p1: Slapping Kids|move: Tailwind\n|upkeep\n|turn|13\n|\n|t:|1699984816\n|cant|p1a: Garchomp|slp\n|move|p2a: Venomoth|Quiver Dance|p2a: Venomoth\n|-boost|p2a: Venomoth|spa|1\n|-boost|p2a: Venomoth|spd|1\n|-boost|p2a: Venomoth|spe|1\n|\n|upkeep\n|turn|14\n|\n|t:|1699984832\n|move|p2a: Venomoth|Bug Buzz|p1a: Garchomp\n|-damage|p1a: Garchomp|0 fnt\n|faint|p1a: Garchomp\n|\n|upkeep\n|\n|t:|1699984838\n|switch|p1a: Iron Valiant|Iron Valiant|100\/100\n|-enditem|p1a: Iron Valiant|Booster Energy\n|-activate|p1a: Iron Valiant|ability: Quark Drive|[fromitem]\n|-start|p1a: Iron Valiant|quarkdrivespe\n|turn|15\n|\n|t:|1699984847\n|move|p1a: Iron Valiant|Spirit Break|p2a: Venomoth\n|-resisted|p2a: Venomoth\n|-damage|p2a: Venomoth|0 fnt\n|faint|p2a: Venomoth\n|\n|upkeep\n|\n|t:|1699984852\n|switch|p2a: Lucario|Lucario, F, shiny|100\/100\n|turn|16\n|\n|t:|1699984862\n|-terastallize|p1a: Iron Valiant|Normal\n|move|p2a: Lucario|Bullet Punch|p1a: Iron Valiant\n|-damage|p1a: Iron Valiant|71\/100\n|-damage|p2a: Lucario|91\/100|[from] item: Life Orb\n|move|p1a: Iron Valiant|Swords Dance|p1a: Iron Valiant\n|-boost|p1a: Iron Valiant|atk|2\n|\n|upkeep\n|turn|17\n|\n|t:|1699984871\n|move|p1a: Iron Valiant|Drain Punch|p2a: Lucario\n|-supereffective|p2a: Lucario\n|-damage|p2a: Lucario|0 fnt\n|-heal|p1a: Iron Valiant|100\/100|[from] drain|[of] p2a: Lucario\n|faint|p2a: Lucario\n|\n|upkeep\n|\n|t:|1699984875\n|switch|p2a: Gardevoir|Gardevoir, F, shiny|100\/100\n|turn|18\n|\n|t:|1699984882\n|detailschange|p2a: Gardevoir|Gardevoir-Mega, F, shiny\n|-mega|p2a: Gardevoir|Gardevoir|Gardevoirite\n|move|p1a: Iron Valiant|Substitute|p1a: Iron Valiant\n|-start|p1a: Iron Valiant|Substitute\n|-damage|p1a: Iron Valiant|76\/100\n|move|p2a: Gardevoir|Hyper Voice|p1a: Iron Valiant\n|-damage|p1a: Iron Valiant|0 fnt\n|faint|p1a: Iron Valiant\n|-end|p1a: Iron Valiant|Quark Drive|[silent]\n|\n|upkeep\n|\n|t:|1699984892\n|switch|p1a: Kartana|Kartana|100\/100\n|turn|19\n|\n|t:|1699984897\n|-zpower|p1a: Kartana\n|move|p1a: Kartana|Breakneck Blitz|p2a: Gardevoir|[zeffect]\n|-damage|p2a: Gardevoir|0 fnt\n|faint|p2a: Gardevoir\n|-ability|p1a: Kartana|Beast Boost|boost\n|-boost|p1a: Kartana|atk|1\n|\n|upkeep\n|\n|t:|1699984900\n|switch|p2a: Greninja|Greninja, M|100\/100\n|turn|20\n|\n|t:|1699984909\n|-terastallize|p2a: Greninja|Water\n|move|p2a: Greninja|Hydro Pump|p1a: Kartana\n|-resisted|p1a: Kartana\n|-damage|p1a: Kartana|0 fnt\n|faint|p1a: Kartana\n|\n|win|SegaSunnyD\n|raw|Slapping Kids's rating: 1101 &rarr; <strong>1076<\/strong><br \/>(-25 for losing)\n|raw|SegaSunnyD's rating: 1098 &rarr; <strong>1124<\/strong><br \/>(+26 for winning)\n|l|\u2606Slapping Kids\n","uploadtime":1699984928,"views":14,"p1id":"slappingkids","p2id":"segasunnyd","formatid":"gen9nationaldex","rating":1076,"private":0,"password":""}