{"id":"gen9nationaldex-1989949283","p1":"PearlHarbor1996","p2":"PeculiarPossum","format":"[Gen 9] National Dex","log":"|j|\u2606PearlHarbor1996\n|j|\u2606PeculiarPossum\n|t:|1699909370\n|gametype|singles\n|player|p1|PearlHarbor1996|rocketgrunt|1256\n|player|p2|PeculiarPossum|harlequin|1198\n|teamsize|p1|6\n|teamsize|p2|6\n|gen|9\n|tier|[Gen 9] National Dex\n|rated|\n|rule|HP Percentage Mod: HP is shown in percentages\n|rule|Endless Battle Clause: Forcing endless battles is banned\n|rule|OHKO Clause: OHKO moves are banned\n|rule|Evasion Clause: Evasion abilities, items, and moves are banned\n|rule|Evasion Abilities Clause: Evasion abilities are banned\n|rule|Evasion Items Clause: Evasion items are banned\n|rule|Evasion Moves Clause: Evasion moves are banned\n|rule|Species Clause: Limit one of each Pok\u00e9mon\n|rule|Sleep Clause Mod: Limit one foe put to sleep\n|clearpoke\n|poke|p1|Garganacl, M|\n|poke|p1|Hydreigon, M|\n|poke|p1|Gardevoir, F|\n|poke|p1|Roserade, M|\n|poke|p1|Gastrodon, F|\n|poke|p1|Gliscor, F|\n|poke|p2|Mawile, F|\n|poke|p2|Blacephalon|\n|poke|p2|Venusaur, M|\n|poke|p2|Cramorant, F|\n|poke|p2|Gliscor, M|\n|poke|p2|Garganacl, F|\n|teampreview\n|inactive|Battle timer is ON: inactive players will automatically lose when time's up. (requested by PeculiarPossum)\n|\n|t:|1699909377\n|start\n|switch|p1a: Garganacl|Garganacl, M|100\/100\n|switch|p2a: Discordance|Mawile, F, shiny|100\/100\n|turn|1\n|\n|t:|1699909387\n|switch|p1a: Gliscor|Gliscor, F|100\/100\n|detailschange|p2a: Discordance|Mawile-Mega, F, shiny\n|-mega|p2a: Discordance|Mawile|Mawilite\n|move|p2a: Discordance|Swords Dance|p2a: Discordance\n|-boost|p2a: Discordance|atk|2\n|\n|-status|p1a: Gliscor|tox|[from] item: Toxic Orb\n|upkeep\n|turn|2\n|\n|t:|1699909399\n|switch|p2a: Gulpy|Cramorant, F|100\/100\n|move|p1a: Gliscor|Earthquake|p2a: Gulpy\n|-immune|p2a: Gulpy\n|\n|upkeep\n|turn|3\n|\n|t:|1699909404\n|switch|p1a: Gastrodon|Gastrodon, F|100\/100\n|move|p2a: Gulpy|Surf|p1a: Gastrodon\n|-ability|p1a: Gastrodon|Storm Drain|boost\n|-boost|p1a: Gastrodon|spa|1\n|\n|upkeep\n|turn|4\n|\n|t:|1699909413\n|move|p2a: Gulpy|Hurricane|p1a: Gastrodon\n|-damage|p1a: Gastrodon|67\/100\n|move|p1a: Gastrodon|Earthquake|p2a: Gulpy\n|-immune|p2a: Gulpy\n|\n|-heal|p1a: Gastrodon|74\/100|[from] item: Leftovers\n|upkeep\n|turn|5\n|\n|t:|1699909419\n|move|p2a: Gulpy|Hurricane|p1a: Gastrodon\n|-damage|p1a: Gastrodon|43\/100\n|move|p1a: Gastrodon|Recover|p1a: Gastrodon\n|-heal|p1a: Gastrodon|93\/100\n|\n|-heal|p1a: Gastrodon|99\/100|[from] item: Leftovers\n|upkeep\n|turn|6\n|\n|t:|1699909427\n|move|p2a: Gulpy|Hurricane|p1a: Gastrodon|[miss]\n|-miss|p2a: Gulpy|p1a: Gastrodon\n|move|p1a: Gastrodon|Scald|p2a: Gulpy\n|-resisted|p2a: Gulpy\n|-damage|p2a: Gulpy|81\/100\n|\n|-heal|p1a: Gastrodon|100\/100|[from] item: Leftovers\n|upkeep\n|turn|7\n|\n|t:|1699909435\n|move|p2a: Gulpy|Hurricane|p1a: Gastrodon\n|-damage|p1a: Gastrodon|68\/100\n|move|p1a: Gastrodon|Scald|p2a: Gulpy\n|-resisted|p2a: Gulpy\n|-damage|p2a: Gulpy|60\/100\n|\n|-heal|p1a: Gastrodon|74\/100|[from] item: Leftovers\n|upkeep\n|turn|8\n|\n|t:|1699909441\n|move|p2a: Gulpy|Hurricane|p1a: Gastrodon\n|-damage|p1a: Gastrodon|42\/100\n|move|p1a: Gastrodon|Recover|p1a: Gastrodon\n|-heal|p1a: Gastrodon|92\/100\n|\n|-heal|p1a: Gastrodon|98\/100|[from] item: Leftovers\n|upkeep\n|turn|9\n|\n|t:|1699909446\n|move|p2a: Gulpy|Hurricane|p1a: Gastrodon\n|-damage|p1a: Gastrodon|67\/100\n|-start|p1a: Gastrodon|confusion\n|-activate|p1a: Gastrodon|confusion\n|-damage|p1a: Gastrodon|62\/100|[from] confusion\n|\n|-heal|p1a: Gastrodon|68\/100|[from] item: Leftovers\n|upkeep\n|turn|10\n|\n|t:|1699909452\n|move|p2a: Gulpy|Hurricane|p1a: Gastrodon\n|-damage|p1a: Gastrodon|35\/100\n|-end|p1a: Gastrodon|confusion\n|move|p1a: Gastrodon|Recover|p1a: Gastrodon\n|-heal|p1a: Gastrodon|85\/100\n|\n|-heal|p1a: Gastrodon|91\/100|[from] item: Leftovers\n|upkeep\n|turn|11\n|\n|t:|1699909459\n|switch|p2a: The plug|Venusaur, M|100\/100\n|move|p1a: Gastrodon|Scald|p2a: The plug\n|-resisted|p2a: The plug\n|-damage|p2a: The plug|79\/100\n|\n|-heal|p1a: Gastrodon|97\/100|[from] item: Leftovers\n|upkeep\n|turn|12\n|\n|t:|1699909467\n|switch|p1a: Gliscor|Gliscor, F|100\/100 tox\n|move|p2a: The plug|Sleep Powder||[still]\n|-fail|p2a: The plug\n|\n|upkeep\n|turn|13\n|\n|t:|1699909472\n|move|p2a: The plug|Giga Drain|p1a: Gliscor\n|-damage|p1a: Gliscor|39\/100 tox\n|-heal|p2a: The plug|100\/100|[from] drain|[of] p1a: Gliscor\n|-damage|p2a: The plug|91\/100|[from] item: Life Orb\n|move|p1a: Gliscor|Earthquake|p2a: The plug\n|-damage|p2a: The plug|50\/100\n|\n|-heal|p1a: Gliscor|52\/100 tox|[from] ability: Poison Heal\n|upkeep\n|turn|14\n|\n|t:|1699909482\n|switch|p1a: Roserade|Roserade, M|100\/100\n|move|p2a: The plug|Giga Drain|p1a: Roserade\n|-resisted|p1a: Roserade\n|-damage|p1a: Roserade|91\/100\n|-heal|p2a: The plug|55\/100|[from] drain|[of] p1a: Roserade\n|-damage|p2a: The plug|45\/100|[from] item: Life Orb\n|\n|-heal|p1a: Roserade|97\/100|[from] item: Leftovers\n|upkeep\n|turn|15\n|\n|t:|1699909489\n|move|p2a: The plug|Sludge Bomb|p1a: Roserade\n|-damage|p1a: Roserade|56\/100\n|-damage|p2a: The plug|35\/100|[from] item: Life Orb\n|move|p1a: Roserade|Leech Seed|p2a: The plug\n|-immune|p2a: The plug\n|\n|-heal|p1a: Roserade|63\/100|[from] item: Leftovers\n|upkeep\n|turn|16\n|\n|t:|1699909499\n|move|p2a: The plug|Sludge Bomb|p1a: Roserade\n|-damage|p1a: Roserade|19\/100\n|-damage|p2a: The plug|25\/100|[from] item: Life Orb\n|move|p1a: Roserade|Rest|p1a: Roserade\n|-status|p1a: Roserade|slp|[from] move: Rest\n|-heal|p1a: Roserade|100\/100 slp|[silent]\n|\n|upkeep\n|turn|17\n|\n|t:|1699909529\n|-curestatus|p1a: Roserade|slp|[from] ability: Natural Cure\n|switch|p1a: Gastrodon|Gastrodon, F|97\/100\n|move|p2a: The plug|Sludge Bomb|p1a: Gastrodon\n|-resisted|p1a: Gastrodon\n|-damage|p1a: Gastrodon|73\/100\n|-damage|p2a: The plug|15\/100|[from] item: Life Orb\n|\n|-heal|p1a: Gastrodon|79\/100|[from] item: Leftovers\n|upkeep\n|turn|18\n|\n|t:|1699909536\n|switch|p1a: Roserade|Roserade, M|100\/100\n|move|p2a: The plug|Giga Drain|p1a: Roserade\n|-resisted|p1a: Roserade\n|-damage|p1a: Roserade|92\/100\n|-heal|p2a: The plug|20\/100|[from] drain|[of] p1a: Roserade\n|-damage|p2a: The plug|10\/100|[from] item: Life Orb\n|\n|-heal|p1a: Roserade|98\/100|[from] item: Leftovers\n|upkeep\n|turn|19\n|\n|t:|1699909552\n|move|p2a: The plug|Sludge Bomb|p1a: Roserade\n|-damage|p1a: Roserade|57\/100\n|-damage|p2a: The plug|0 fnt|[from] item: Life Orb\n|faint|p2a: The plug\n|move|p1a: Roserade|Sludge Bomb|p2: The plug|[notarget]\n|-fail|p1a: Roserade\n|\n|-heal|p1a: Roserade|63\/100|[from] item: Leftovers\n|upkeep\n|\n|t:|1699909559\n|switch|p2a: Cacophony|Blacephalon|100\/100\n|turn|20\n|\n|t:|1699909563\n|switch|p1a: Hydreigon|Hydreigon, M|100\/100\n|move|p2a: Cacophony|Flamethrower|p1a: Hydreigon\n|-resisted|p1a: Hydreigon\n|-damage|p1a: Hydreigon|72\/100\n|\n|-heal|p1a: Hydreigon|78\/100|[from] item: Leftovers\n|upkeep\n|turn|21\n|\n|t:|1699909572\n|switch|p2a: Discordance|Mawile-Mega, F, shiny|100\/100\n|move|p1a: Hydreigon|Dragon Dance|p1a: Hydreigon\n|-boost|p1a: Hydreigon|atk|1\n|-boost|p1a: Hydreigon|spe|1\n|\n|-heal|p1a: Hydreigon|84\/100|[from] item: Leftovers\n|upkeep\n|turn|22\n|\n|t:|1699909596\n|-terastallize|p1a: Hydreigon|Poison\n|move|p1a: Hydreigon|Earthquake|p2a: Discordance\n|-supereffective|p2a: Discordance\n|-damage|p2a: Discordance|15\/100\n|move|p2a: Discordance|Play Rough|p1a: Hydreigon\n|-resisted|p1a: Hydreigon\n|-damage|p1a: Hydreigon|25\/100\n|\n|-heal|p1a: Hydreigon|31\/100|[from] item: Leftovers\n|upkeep\n|turn|23\n|\n|t:|1699909609\n|move|p2a: Discordance|Sucker Punch||[still]\n|-fail|p2a: Discordance\n|move|p1a: Hydreigon|Dragon Dance|p1a: Hydreigon\n|-boost|p1a: Hydreigon|atk|1\n|-boost|p1a: Hydreigon|spe|1\n|\n|-heal|p1a: Hydreigon|37\/100|[from] item: Leftovers\n|upkeep\n|turn|24\n|\n|t:|1699909617\n|move|p2a: Discordance|Sucker Punch||[still]\n|-fail|p2a: Discordance\n|move|p1a: Hydreigon|Dragon Dance|p1a: Hydreigon\n|-boost|p1a: Hydreigon|atk|1\n|-boost|p1a: Hydreigon|spe|1\n|\n|-heal|p1a: Hydreigon|43\/100|[from] item: Leftovers\n|upkeep\n|turn|25\n|\n|t:|1699909624\n|move|p2a: Discordance|Sucker Punch||[still]\n|-fail|p2a: Discordance\n|move|p1a: Hydreigon|Dragon Dance|p1a: Hydreigon\n|-boost|p1a: Hydreigon|atk|1\n|-boost|p1a: Hydreigon|spe|1\n|\n|-heal|p1a: Hydreigon|49\/100|[from] item: Leftovers\n|upkeep\n|turn|26\n|\n|t:|1699909632\n|move|p2a: Discordance|Sucker Punch||[still]\n|-fail|p2a: Discordance\n|move|p1a: Hydreigon|Dragon Dance|p1a: Hydreigon\n|-boost|p1a: Hydreigon|atk|1\n|-boost|p1a: Hydreigon|spe|1\n|\n|-heal|p1a: Hydreigon|56\/100|[from] item: Leftovers\n|upkeep\n|turn|27\n|\n|t:|1699909639\n|move|p1a: Hydreigon|Earthquake|p2a: Discordance\n|-supereffective|p2a: Discordance\n|-damage|p2a: Discordance|0 fnt\n|faint|p2a: Discordance\n|\n|-heal|p1a: Hydreigon|62\/100|[from] item: Leftovers\n|upkeep\n|\n|t:|1699909646\n|switch|p2a: Meaty Claws|Gliscor, M|100\/100\n|turn|28\n|\n|t:|1699909650\n|move|p1a: Hydreigon|Crunch|p2a: Meaty Claws\n|-damage|p2a: Meaty Claws|15\/100\n|move|p2a: Meaty Claws|Earthquake|p1a: Hydreigon\n|-immune|p1a: Hydreigon|[from] ability: Levitate\n|\n|-heal|p1a: Hydreigon|68\/100|[from] item: Leftovers\n|-status|p2a: Meaty Claws|tox|[from] item: Toxic Orb\n|upkeep\n|turn|29\n|\n|t:|1699909659\n|move|p1a: Hydreigon|Crunch|p2a: Meaty Claws\n|-damage|p2a: Meaty Claws|0 fnt\n|faint|p2a: Meaty Claws\n|\n|-heal|p1a: Hydreigon|74\/100|[from] item: Leftovers\n|upkeep\n|\n|t:|1699909676\n|switch|p2a: AHHH STAIRS|Garganacl, F|100\/100\n|turn|30\n|\n|t:|1699909681\n|-terastallize|p2a: AHHH STAIRS|Flying\n|move|p1a: Hydreigon|Earthquake|p2a: AHHH STAIRS\n|-immune|p2a: AHHH STAIRS\n|move|p2a: AHHH STAIRS|Salt Cure|p1a: Hydreigon\n|-damage|p1a: Hydreigon|57\/100\n|-start|p1a: Hydreigon|Salt Cure\n|\n|-heal|p1a: Hydreigon|63\/100|[from] item: Leftovers\n|-damage|p1a: Hydreigon|50\/100|[from] Salt Cure\n|upkeep\n|turn|31\n|\n|t:|1699909686\n|move|p1a: Hydreigon|Crunch|p2a: AHHH STAIRS\n|-damage|p2a: AHHH STAIRS|18\/100\n|move|p2a: AHHH STAIRS|Iron Defense|p2a: AHHH STAIRS\n|-boost|p2a: AHHH STAIRS|def|2\n|\n|-heal|p1a: Hydreigon|57\/100|[from] item: Leftovers\n|-heal|p2a: AHHH STAIRS|24\/100|[from] item: Leftovers\n|-damage|p1a: Hydreigon|44\/100|[from] Salt Cure\n|upkeep\n|turn|32\n|\n|t:|1699909693\n|move|p1a: Hydreigon|Crunch|p2a: AHHH STAIRS\n|-damage|p2a: AHHH STAIRS|0 fnt\n|faint|p2a: AHHH STAIRS\n|\n|-heal|p1a: Hydreigon|50\/100|[from] item: Leftovers\n|-damage|p1a: Hydreigon|38\/100|[from] Salt Cure\n|upkeep\n|\n|t:|1699909697\n|switch|p2a: Gulpy|Cramorant, F|60\/100\n|turn|33\n|\n|t:|1699909701\n|move|p1a: Hydreigon|Crunch|p2a: Gulpy\n|-damage|p2a: Gulpy|0 fnt\n|faint|p2a: Gulpy\n|\n|-heal|p1a: Hydreigon|44\/100|[from] item: Leftovers\n|-damage|p1a: Hydreigon|32\/100|[from] Salt Cure\n|upkeep\n|\n|t:|1699909703\n|switch|p2a: Cacophony|Blacephalon|100\/100\n|turn|34\n|\n|t:|1699909707\n|move|p1a: Hydreigon|Crunch|p2a: Cacophony\n|-supereffective|p2a: Cacophony\n|-damage|p2a: Cacophony|0 fnt\n|faint|p2a: Cacophony\n|\n|win|PearlHarbor1996\n|raw|PearlHarbor1996's rating: 1256 &rarr; <strong>1277<\/strong><br \/>(+21 for winning)\n|raw|PeculiarPossum's rating: 1198 &rarr; <strong>1177<\/strong><br \/>(-21 for losing)\n|l|\u2606PeculiarPossum\n|c|\u2606PearlHarbor1996|gg\n","uploadtime":1699909715,"views":26,"p1id":"pearlharbor1996","p2id":"peculiarpossum","formatid":"gen9nationaldex","rating":1177,"private":0,"password":""}