{"id":"gen9nationaldex-1993625582","p1":"Thom.zip","p2":"AiraAira","format":"[Gen 9] National Dex","log":"|j|\u2606Thom.zip\n|j|\u2606AiraAira\n|t:|1700338870\n|gametype|singles\n|player|p1|Thom.zip|buck|\n|player|p2|AiraAira|170|\n|teamsize|p1|6\n|teamsize|p2|6\n|gen|9\n|tier|[Gen 9] National Dex\n|rule|HP Percentage Mod: HP is shown in percentages\n|rule|Endless Battle Clause: Forcing endless battles is banned\n|rule|OHKO Clause: OHKO moves are banned\n|rule|Evasion Clause: Evasion abilities, items, and moves are banned\n|rule|Evasion Abilities Clause: Evasion abilities are banned\n|rule|Evasion Items Clause: Evasion items are banned\n|rule|Evasion Moves Clause: Evasion moves are banned\n|rule|Species Clause: Limit one of each Pok\u00e9mon\n|rule|Sleep Clause Mod: Limit one foe put to sleep\n|clearpoke\n|poke|p1|Cinderace, M|\n|poke|p1|Centiskorch, M|\n|poke|p1|Coalossal, M|\n|poke|p1|Skeledirge, M|\n|poke|p1|Marowak-Alola, F|\n|poke|p1|Torkoal, M|\n|poke|p2|Flareon, F|\n|poke|p2|Centiskorch, M|\n|poke|p2|Arcanine, M|\n|poke|p2|Heatmor, F|\n|poke|p2|Magmortar, F|\n|poke|p2|Darmanitan, M|\n|teampreview\n|c|\u2606Thom.zip|Que time diferente. Amei kkk\n|inactive|Battle timer is ON: inactive players will automatically lose when time's up. (requested by Thom.zip)\n|\n|t:|1700338890\n|start\n|switch|p1a: Cinderace|Cinderace, M|100\/100\n|switch|p2a: Heatmor|Heatmor, F, shiny|100\/100\n|turn|1\n|\n|t:|1700338899\n|move|p1a: Cinderace|Gunk Shot|p2a: Heatmor\n|-damage|p2a: Heatmor|29\/100\n|-enditem|p2a: Heatmor|Aguav Berry|[eat]\n|-heal|p2a: Heatmor|62\/100|[from] item: Aguav Berry\n|move|p2a: Heatmor|Hidden Power|p1a: Cinderace\n|-supereffective|p1a: Cinderace\n|-damage|p1a: Cinderace|45\/100\n|\n|upkeep\n|turn|2\n|\n|t:|1700338909\n|move|p1a: Cinderace|Gunk Shot|p2a: Heatmor\n|-damage|p2a: Heatmor|0 fnt\n|faint|p2a: Heatmor\n|\n|upkeep\n|\n|t:|1700338921\n|switch|p2a: Flareon|Flareon, F|100\/100\n|turn|3\n|\n|t:|1700338925\n|move|p1a: Cinderace|Gunk Shot|p2a: Flareon\n|-damage|p2a: Flareon|14\/100\n|-status|p2a: Flareon|psn\n|move|p2a: Flareon|Dig||[still]\n|-prepare|p2a: Flareon|Dig\n|\n|-damage|p2a: Flareon|2\/100 psn|[from] psn\n|upkeep\n|turn|4\n|\n|t:|1700338933\n|switch|p1a: Coalossal|Coalossal, M|100\/100\n|-item|p1a: Coalossal|Air Balloon\n|move|p2a: Flareon|Dig|p1a: Coalossal|[from]lockedmove\n|-immune|p1a: Coalossal\n|\n|-damage|p2a: Flareon|0 fnt|[from] psn\n|faint|p2a: Flareon\n|upkeep\n|\n|t:|1700338945\n|switch|p2a: Magmortar|Magmortar, F, shiny|100\/100\n|turn|5\n|\n|t:|1700338953\n|move|p2a: Magmortar|Thunderbolt|p1a: Coalossal\n|-damage|p1a: Coalossal|60\/100\n|-enditem|p1a: Coalossal|Air Balloon\n|move|p1a: Coalossal|Stealth Rock|p2a: Magmortar\n|-sidestart|p2: AiraAira|move: Stealth Rock\n|\n|upkeep\n|turn|6\n|\n|t:|1700338964\n|switch|p2a: Arcanine|Arcanine, M, shiny|100\/100\n|-damage|p2a: Arcanine|76\/100|[from] Stealth Rock\n|-ability|p2a: Arcanine|Intimidate|boost\n|-unboost|p1a: Coalossal|atk|1\n|move|p1a: Coalossal|Earth Power|p2a: Arcanine\n|-supereffective|p2a: Arcanine\n|-damage|p2a: Arcanine|16\/100\n|-enditem|p2a: Arcanine|Weakness Policy\n|-boost|p2a: Arcanine|atk|2|[from] item: Weakness Policy\n|-boost|p2a: Arcanine|spa|2|[from] item: Weakness Policy\n|\n|upkeep\n|turn|7\n|\n|t:|1700338978\n|move|p2a: Arcanine|Close Combat|p1a: Coalossal\n|-supereffective|p1a: Coalossal\n|-damage|p1a: Coalossal|0 fnt\n|-unboost|p2a: Arcanine|def|1\n|-unboost|p2a: Arcanine|spd|1\n|faint|p1a: Coalossal\n|\n|upkeep\n|\n|t:|1700338981\n|switch|p1a: Cinderace|Cinderace, M|45\/100\n|turn|8\n|\n|t:|1700338987\n|move|p2a: Arcanine|Extreme Speed|p1a: Cinderace\n|-damage|p1a: Cinderace|0 fnt\n|faint|p1a: Cinderace\n|\n|upkeep\n|\n|t:|1700338998\n|switch|p1a: Skeledirge|Skeledirge, M|100\/100\n|turn|9\n|\n|t:|1700339010\n|move|p2a: Arcanine|Flare Blitz|p1a: Skeledirge\n|-resisted|p1a: Skeledirge\n|-damage|p1a: Skeledirge|78\/100\n|-damage|p2a: Arcanine|6\/100|[from] Recoil\n|move|p1a: Skeledirge|Earth Power|p2a: Arcanine\n|-supereffective|p2a: Arcanine\n|-damage|p2a: Arcanine|0 fnt\n|faint|p2a: Arcanine\n|\n|-heal|p1a: Skeledirge|84\/100|[from] item: Leftovers\n|upkeep\n|\n|t:|1700339024\n|switch|p2a: Magmortar|Magmortar, F, shiny|100\/100\n|-damage|p2a: Magmortar|76\/100|[from] Stealth Rock\n|turn|10\n|\n|t:|1700339032\n|move|p2a: Magmortar|Scorching Sands|p1a: Skeledirge\n|-supereffective|p1a: Skeledirge\n|-damage|p1a: Skeledirge|11\/100\n|move|p1a: Skeledirge|Earth Power|p2a: Magmortar\n|-supereffective|p2a: Magmortar\n|-damage|p2a: Magmortar|0 fnt\n|faint|p2a: Magmortar\n|\n|-heal|p1a: Skeledirge|17\/100|[from] item: Leftovers\n|upkeep\n|\n|t:|1700339043\n|switch|p2a: Centiskorch|Centiskorch, M, shiny|100\/100\n|-damage|p2a: Centiskorch|51\/100|[from] Stealth Rock\n|turn|11\n|\n|t:|1700339051\n|move|p1a: Skeledirge|Slack Off|p1a: Skeledirge\n|-heal|p1a: Skeledirge|67\/100\n|move|p2a: Centiskorch|Scald|p1a: Skeledirge\n|-supereffective|p1a: Skeledirge\n|-damage|p1a: Skeledirge|29\/100\n|\n|-heal|p1a: Skeledirge|35\/100|[from] item: Leftovers\n|-heal|p2a: Centiskorch|57\/100|[from] item: Leftovers\n|upkeep\n|turn|12\n|\n|t:|1700339065\n|move|p1a: Skeledirge|Slack Off|p1a: Skeledirge\n|-heal|p1a: Skeledirge|85\/100\n|move|p2a: Centiskorch|Scald|p1a: Skeledirge\n|-supereffective|p1a: Skeledirge\n|-damage|p1a: Skeledirge|48\/100\n|\n|-heal|p1a: Skeledirge|54\/100|[from] item: Leftovers\n|-heal|p2a: Centiskorch|63\/100|[from] item: Leftovers\n|upkeep\n|turn|13\n|\n|t:|1700339075\n|move|p1a: Skeledirge|Earth Power|p2a: Centiskorch\n|-damage|p2a: Centiskorch|34\/100\n|move|p2a: Centiskorch|Scald|p1a: Skeledirge\n|-supereffective|p1a: Skeledirge\n|-crit|p1a: Skeledirge\n|-damage|p1a: Skeledirge|4\/100\n|\n|-heal|p1a: Skeledirge|10\/100|[from] item: Leftovers\n|-heal|p2a: Centiskorch|41\/100|[from] item: Leftovers\n|upkeep\n|turn|14\n|j| FernandaCoxta\n|\n|t:|1700339085\n|move|p1a: Skeledirge|Slack Off|p1a: Skeledirge\n|-heal|p1a: Skeledirge|60\/100\n|move|p2a: Centiskorch|Scald|p1a: Skeledirge\n|-supereffective|p1a: Skeledirge\n|-damage|p1a: Skeledirge|26\/100\n|\n|-heal|p1a: Skeledirge|32\/100|[from] item: Leftovers\n|-heal|p2a: Centiskorch|47\/100|[from] item: Leftovers\n|upkeep\n|turn|15\n|\n|t:|1700339095\n|move|p1a: Skeledirge|Slack Off|p1a: Skeledirge\n|-heal|p1a: Skeledirge|82\/100\n|move|p2a: Centiskorch|Scald|p1a: Skeledirge\n|-supereffective|p1a: Skeledirge\n|-damage|p1a: Skeledirge|45\/100\n|\n|-heal|p1a: Skeledirge|51\/100|[from] item: Leftovers\n|-heal|p2a: Centiskorch|53\/100|[from] item: Leftovers\n|upkeep\n|turn|16\n|\n|t:|1700339107\n|move|p1a: Skeledirge|Shadow Ball|p2a: Centiskorch\n|-damage|p2a: Centiskorch|16\/100\n|move|p2a: Centiskorch|Struggle Bug|p1a: Skeledirge\n|-resisted|p1a: Skeledirge\n|-damage|p1a: Skeledirge|48\/100\n|-unboost|p1a: Skeledirge|spa|1\n|\n|-heal|p1a: Skeledirge|54\/100|[from] item: Leftovers\n|-heal|p2a: Centiskorch|22\/100|[from] item: Leftovers\n|upkeep\n|turn|17\n|\n|t:|1700339117\n|move|p1a: Skeledirge|Shadow Ball|p2a: Centiskorch\n|-damage|p2a: Centiskorch|0 fnt\n|faint|p2a: Centiskorch\n|\n|-heal|p1a: Skeledirge|60\/100|[from] item: Leftovers\n|upkeep\n|\n|t:|1700339124\n|switch|p2a: Darmanitan|Darmanitan, M, shiny|100\/100\n|-damage|p2a: Darmanitan|76\/100|[from] Stealth Rock\n|turn|18\n|\n|t:|1700339130\n|move|p2a: Darmanitan|Rock Slide|p1a: Skeledirge\n|-supereffective|p1a: Skeledirge\n|-damage|p1a: Skeledirge|0 fnt\n|faint|p1a: Skeledirge\n|\n|upkeep\n|\n|t:|1700339140\n|switch|p1a: Centiskorch|Centiskorch, M|100\/100\n|turn|19\n|\n|t:|1700339144\n|move|p2a: Darmanitan|Rock Slide|p1a: Centiskorch\n|-supereffective|p1a: Centiskorch\n|-damage|p1a: Centiskorch|0 fnt\n|faint|p1a: Centiskorch\n|\n|upkeep\n|\n|t:|1700339150\n|switch|p1a: Torkoal|Torkoal, M|100\/100\n|turn|20\n|\n|t:|1700339155\n|move|p2a: Darmanitan|Rock Slide|p1a: Torkoal\n|-supereffective|p1a: Torkoal\n|-damage|p1a: Torkoal|40\/100\n|move|p1a: Torkoal|Earth Power|p2a: Darmanitan\n|-supereffective|p2a: Darmanitan\n|-damage|p2a: Darmanitan|0 fnt\n|faint|p2a: Darmanitan\n|\n|win|Thom.zip\n","uploadtime":1700339166,"views":15,"p1id":"thomzip","p2id":"airaaira","formatid":"gen9nationaldex","rating":0,"private":0,"password":""}