{"id":"gen9nationaldex-1987631535","p1":"Bohabi","p2":"caibi107","format":"[Gen 9] National Dex","log":"|j|\u2606Bohabi\n|j|\u2606caibi107\n|t:|1699621884\n|gametype|singles\n|player|p1|Bohabi|cyrus|1595\n|player|p2|caibi107|hilbert|1675\n|teamsize|p1|6\n|teamsize|p2|6\n|gen|9\n|tier|[Gen 9] National Dex\n|rated|\n|rule|HP Percentage Mod: HP is shown in percentages\n|rule|Endless Battle Clause: Forcing endless battles is banned\n|rule|OHKO Clause: OHKO moves are banned\n|rule|Evasion Clause: Evasion abilities, items, and moves are banned\n|rule|Evasion Abilities Clause: Evasion abilities are banned\n|rule|Evasion Items Clause: Evasion items are banned\n|rule|Evasion Moves Clause: Evasion moves are banned\n|rule|Species Clause: Limit one of each Pok\u00e9mon\n|rule|Sleep Clause Mod: Limit one foe put to sleep\n|clearpoke\n|poke|p1|Mawile, F|\n|poke|p1|Heatran, F|\n|poke|p1|Tapu Koko|\n|poke|p1|Iron Valiant|\n|poke|p1|Landorus-Therian, M|\n|poke|p1|Ferrothorn, F|\n|poke|p2|Feraligatr, M|\n|poke|p2|Manectric, M|\n|poke|p2|Ferrothorn, F|\n|poke|p2|Tornadus-Therian, M|\n|poke|p2|Rillaboom, F|\n|poke|p2|Dragonite, F|\n|teampreview\n|inactive|Battle timer is ON: inactive players will automatically lose when time's up. (requested by Bohabi)\n|\n|t:|1699621896\n|start\n|switch|p1a: Landorus|Landorus-Therian, M|100\/100\n|switch|p2a: Manectric|Manectric, M|100\/100\n|-ability|p1a: Landorus|Intimidate|boost\n|-unboost|p2a: Manectric|atk|1\n|turn|1\n|\n|t:|1699621914\n|detailschange|p2a: Manectric|Manectric-Mega, M\n|-mega|p2a: Manectric|Manectric|Manectite\n|-ability|p2a: Manectric|Intimidate|boost\n|-unboost|p1a: Landorus|atk|1\n|move|p1a: Landorus|Earthquake|p2a: Manectric\n|-supereffective|p2a: Manectric\n|-damage|p2a: Manectric|0 fnt\n|faint|p2a: Manectric\n|\n|upkeep\n|\n|t:|1699621921\n|switch|p2a: Feraligatr|Feraligatr, M|100\/100\n|turn|2\n|\n|t:|1699621925\n|switch|p1a: Ferrothorn|Ferrothorn, F|100\/100\n|move|p2a: Feraligatr|Dragon Dance|p2a: Feraligatr\n|-boost|p2a: Feraligatr|atk|1\n|-boost|p2a: Feraligatr|spe|1\n|\n|upkeep\n|turn|3\n|\n|t:|1699621933\n|move|p2a: Feraligatr|Superpower|p1a: Ferrothorn\n|-supereffective|p1a: Ferrothorn\n|-crit|p1a: Ferrothorn\n|-damage|p1a: Ferrothorn|0 fnt\n|-unboost|p2a: Feraligatr|atk|1\n|-unboost|p2a: Feraligatr|def|1\n|-damage|p2a: Feraligatr|88\/100|[from] ability: Iron Barbs|[of] p1a: Ferrothorn\n|-damage|p2a: Feraligatr|71\/100|[from] item: Rocky Helmet|[of] p1a: Ferrothorn\n|faint|p1a: Ferrothorn\n|-damage|p2a: Feraligatr|61\/100|[from] item: Life Orb\n|\n|upkeep\n|\n|t:|1699621946\n|switch|p1a: Landorus|Landorus-Therian, M|100\/100\n|-ability|p1a: Landorus|Intimidate|boost\n|-unboost|p2a: Feraligatr|atk|1\n|turn|4\n|\n|t:|1699621951\n|move|p1a: Landorus|U-turn|p2a: Feraligatr\n|-damage|p2a: Feraligatr|15\/100\n|\n|t:|1699621954\n|switch|p1a: Mawile|Mawile, F|100\/100|[from] U-turn\n|-ability|p1a: Mawile|Intimidate|boost\n|-unboost|p2a: Feraligatr|atk|1\n|move|p2a: Feraligatr|Ice Punch|p1a: Mawile\n|-resisted|p1a: Mawile\n|-damage|p1a: Mawile|87\/100\n|\n|upkeep\n|turn|5\n|\n|t:|1699621972\n|switch|p2a: Ferrothorn|Ferrothorn, F|100\/100\n|switch|p1a: Landorus|Landorus-Therian, M|100\/100\n|-ability|p1a: Landorus|Intimidate|boost\n|-unboost|p2a: Ferrothorn|atk|1\n|\n|upkeep\n|turn|6\n|\n|t:|1699621980\n|switch|p1a: Heatran|Heatran, F|100\/100\n|move|p2a: Ferrothorn|Stealth Rock|p1a: Heatran\n|-sidestart|p1: Bohabi|move: Stealth Rock\n|\n|upkeep\n|turn|7\n|\n|t:|1699621999\n|move|p2a: Ferrothorn|Protect|p2a: Ferrothorn\n|-singleturn|p2a: Ferrothorn|Protect\n|move|p1a: Heatran|Magma Storm|p2a: Ferrothorn\n|-activate|p2a: Ferrothorn|move: Protect\n|\n|upkeep\n|turn|8\n|\n|t:|1699622006\n|switch|p2a: Dragonite|Dragonite, F|100\/100\n|move|p1a: Heatran|Toxic|p2a: Dragonite\n|-status|p2a: Dragonite|tox\n|\n|-damage|p2a: Dragonite|94\/100 tox|[from] psn\n|upkeep\n|turn|9\n|\n|t:|1699622014\n|switch|p1a: Landorus|Landorus-Therian, M|100\/100\n|-damage|p1a: Landorus|88\/100|[from] Stealth Rock\n|-ability|p1a: Landorus|Intimidate|boost\n|-unboost|p2a: Dragonite|atk|1\n|switch|p2a: Feraligatr|Feraligatr, M|15\/100\n|\n|upkeep\n|turn|10\n|\n|t:|1699622023\n|switch|p2a: Tornadus|Tornadus-Therian, M|100\/100\n|move|p1a: Landorus|U-turn|p2a: Tornadus\n|-resisted|p2a: Tornadus\n|-damage|p2a: Tornadus|86\/100\n|\n|t:|1699622028\n|switch|p1a: Tapu Koko|Tapu Koko|100\/100|[from] U-turn\n|-damage|p1a: Tapu Koko|88\/100|[from] Stealth Rock\n|-fieldstart|move: Electric Terrain|[from] ability: Electric Surge|[of] p1a: Tapu Koko\n|\n|upkeep\n|turn|11\n|\n|t:|1699622039\n|switch|p2a: Dragonite|Dragonite, F|94\/100 tox\n|move|p1a: Tapu Koko|U-turn|p2a: Dragonite\n|-resisted|p2a: Dragonite\n|-damage|p2a: Dragonite|87\/100 tox\n|\n|t:|1699622045\n|switch|p1a: Iron Valiant|Iron Valiant|100\/100|[from] U-turn\n|-damage|p1a: Iron Valiant|94\/100|[from] Stealth Rock\n|-activate|p1a: Iron Valiant|ability: Quark Drive\n|-start|p1a: Iron Valiant|quarkdrivespe\n|\n|-damage|p2a: Dragonite|80\/100 tox|[from] psn\n|upkeep\n|turn|12\n|\n|t:|1699622056\n|move|p1a: Iron Valiant|Moonblast|p2a: Dragonite\n|-supereffective|p2a: Dragonite\n|-damage|p2a: Dragonite|0 fnt\n|faint|p2a: Dragonite\n|-damage|p1a: Iron Valiant|85\/100|[from] item: Life Orb\n|\n|upkeep\n|\n|t:|1699622060\n|switch|p2a: Rillaboom|Rillaboom, F|100\/100\n|-fieldstart|move: Grassy Terrain|[from] ability: Grassy Surge|[of] p2a: Rillaboom\n|-end|p1a: Iron Valiant|Quark Drive\n|turn|13\n|\n|t:|1699622074\n|-end|p1a: Iron Valiant|Quark Drive|[silent]\n|switch|p1a: Heatran|Heatran, F|100\/100\n|-damage|p1a: Heatran|88\/100|[from] Stealth Rock\n|switch|p2a: Feraligatr|Feraligatr, M|15\/100\n|\n|-heal|p2a: Feraligatr|21\/100|[from] Grassy Terrain\n|-heal|p1a: Heatran|94\/100|[from] Grassy Terrain\n|-heal|p1a: Heatran|99\/100|[from] item: Leftovers\n|upkeep\n|turn|14\n|\n|t:|1699622086\n|switch|p1a: Landorus|Landorus-Therian, M|88\/100\n|-damage|p1a: Landorus|76\/100|[from] Stealth Rock\n|-ability|p1a: Landorus|Intimidate|boost\n|-unboost|p2a: Feraligatr|atk|1\n|move|p2a: Feraligatr|Liquidation|p1a: Landorus\n|-supereffective|p1a: Landorus\n|-crit|p1a: Landorus\n|-damage|p1a: Landorus|0 fnt\n|faint|p1a: Landorus\n|\n|-heal|p2a: Feraligatr|27\/100|[from] Grassy Terrain\n|upkeep\n|\n|t:|1699622098\n|switch|p1a: Tapu Koko|Tapu Koko|88\/100\n|-damage|p1a: Tapu Koko|76\/100|[from] Stealth Rock\n|-fieldstart|move: Electric Terrain|[from] ability: Electric Surge|[of] p1a: Tapu Koko\n|turn|15\n|\n|t:|1699622107\n|switch|p2a: Rillaboom|Rillaboom, F|100\/100\n|-fieldstart|move: Grassy Terrain|[from] ability: Grassy Surge|[of] p2a: Rillaboom\n|move|p1a: Tapu Koko|Thunderbolt|p2a: Rillaboom\n|-resisted|p2a: Rillaboom\n|-damage|p2a: Rillaboom|75\/100\n|\n|-heal|p1a: Tapu Koko|82\/100|[from] Grassy Terrain\n|-heal|p2a: Rillaboom|82\/100|[from] Grassy Terrain\n|upkeep\n|turn|16\n|\n|t:|1699622129\n|switch|p1a: Heatran|Heatran, F|99\/100\n|-damage|p1a: Heatran|88\/100|[from] Stealth Rock\n|move|p2a: Rillaboom|Wood Hammer|p1a: Heatran\n|-resisted|p1a: Heatran\n|-damage|p1a: Heatran|61\/100\n|-damage|p2a: Rillaboom|73\/100|[from] Recoil\n|\n|-heal|p2a: Rillaboom|79\/100|[from] Grassy Terrain\n|-heal|p1a: Heatran|67\/100|[from] Grassy Terrain\n|-heal|p1a: Heatran|73\/100|[from] item: Leftovers\n|upkeep\n|turn|17\n|\n|t:|1699622149\n|switch|p2a: Tornadus|Tornadus-Therian, M|100\/100\n|move|p1a: Heatran|Magma Storm|p2a: Tornadus\n|-damage|p2a: Tornadus|61\/100\n|-activate|p2a: Tornadus|move: Magma Storm|[of] p1a: Heatran\n|\n|-heal|p1a: Heatran|79\/100|[from] Grassy Terrain\n|-heal|p1a: Heatran|85\/100|[from] item: Leftovers\n|-damage|p2a: Tornadus|48\/100|[from] move: Magma Storm|[partiallytrapped]\n|upkeep\n|turn|18\n|\n|t:|1699622161\n|move|p2a: Tornadus|Bleakwind Storm|p1a: Heatran\n|-resisted|p1a: Heatran\n|-crit|p1a: Heatran\n|-damage|p1a: Heatran|65\/100\n|-unboost|p1a: Heatran|spe|1\n|move|p1a: Heatran|Toxic|p2a: Tornadus\n|-status|p2a: Tornadus|tox\n|\n|-heal|p1a: Heatran|71\/100|[from] Grassy Terrain\n|-heal|p1a: Heatran|77\/100|[from] item: Leftovers\n|-damage|p2a: Tornadus|42\/100 tox|[from] psn\n|-damage|p2a: Tornadus|30\/100 tox|[from] move: Magma Storm|[partiallytrapped]\n|upkeep\n|turn|19\n|\n|t:|1699622174\n|move|p2a: Tornadus|Bleakwind Storm|p1a: Heatran\n|-resisted|p1a: Heatran\n|-damage|p1a: Heatran|65\/100\n|move|p1a: Heatran|Magma Storm|p2a: Tornadus|[miss]\n|-miss|p1a: Heatran|p2a: Tornadus\n|\n|-heal|p1a: Heatran|71\/100|[from] Grassy Terrain\n|-heal|p1a: Heatran|77\/100|[from] item: Leftovers\n|-damage|p2a: Tornadus|18\/100 tox|[from] psn\n|-damage|p2a: Tornadus|5\/100 tox|[from] move: Magma Storm|[partiallytrapped]\n|-fieldend|move: Grassy Terrain\n|upkeep\n|turn|20\n|\n|t:|1699622188\n|switch|p1a: Tapu Koko|Tapu Koko|82\/100\n|-damage|p1a: Tapu Koko|69\/100|[from] Stealth Rock\n|-fieldstart|move: Electric Terrain|[from] ability: Electric Surge|[of] p1a: Tapu Koko\n|move|p2a: Tornadus|Bleakwind Storm|p1a: Tapu Koko\n|-resisted|p1a: Tapu Koko\n|-crit|p1a: Tapu Koko\n|-damage|p1a: Tapu Koko|24\/100\n|\n|-damage|p2a: Tornadus|0 fnt|[from] psn\n|faint|p2a: Tornadus\n|upkeep\n|\n|t:|1699622208\n|switch|p2a: Rillaboom|Rillaboom, F|79\/100\n|-fieldstart|move: Grassy Terrain|[from] ability: Grassy Surge|[of] p2a: Rillaboom\n|turn|21\n|\n|t:|1699622238\n|switch|p1a: Heatran|Heatran, F|77\/100\n|-damage|p1a: Heatran|64\/100|[from] Stealth Rock\n|move|p2a: Rillaboom|U-turn|p1a: Heatran\n|-resisted|p1a: Heatran\n|-damage|p1a: Heatran|56\/100\n|\n|t:|1699622250\n|switch|p2a: Feraligatr|Feraligatr, M|27\/100|[from] U-turn\n|\n|-heal|p2a: Feraligatr|34\/100|[from] Grassy Terrain\n|-heal|p1a: Heatran|62\/100|[from] Grassy Terrain\n|-heal|p1a: Heatran|68\/100|[from] item: Leftovers\n|upkeep\n|turn|22\n|\n|t:|1699622259\n|switch|p1a: Mawile|Mawile, F|87\/100\n|-damage|p1a: Mawile|81\/100|[from] Stealth Rock\n|-ability|p1a: Mawile|Intimidate|boost\n|-unboost|p2a: Feraligatr|atk|1\n|move|p2a: Feraligatr|Liquidation|p1a: Mawile\n|-crit|p1a: Mawile\n|-damage|p1a: Mawile|0 fnt\n|faint|p1a: Mawile\n|\n|-heal|p2a: Feraligatr|40\/100|[from] Grassy Terrain\n|upkeep\n|\n|t:|1699622273\n|switch|p1a: Iron Valiant|Iron Valiant|85\/100\n|-damage|p1a: Iron Valiant|78\/100|[from] Stealth Rock\n|turn|23\n|\n|t:|1699622279\n|switch|p2a: Ferrothorn|Ferrothorn, F|100\/100\n|move|p1a: Iron Valiant|Close Combat|p2a: Ferrothorn\n|-supereffective|p2a: Ferrothorn\n|-damage|p2a: Ferrothorn|23\/100\n|-unboost|p1a: Iron Valiant|def|1\n|-unboost|p1a: Iron Valiant|spd|1\n|-damage|p1a: Iron Valiant|66\/100|[from] ability: Iron Barbs|[of] p2a: Ferrothorn\n|-damage|p1a: Iron Valiant|56\/100|[from] item: Life Orb\n|\n|-heal|p1a: Iron Valiant|62\/100|[from] Grassy Terrain\n|-heal|p2a: Ferrothorn|29\/100|[from] Grassy Terrain\n|-heal|p2a: Ferrothorn|35\/100|[from] item: Leftovers\n|upkeep\n|turn|24\n|\n|t:|1699622295\n|-terastallize|p2a: Ferrothorn|Ghost\n|move|p1a: Iron Valiant|Close Combat|p2a: Ferrothorn\n|-immune|p2a: Ferrothorn\n|move|p2a: Ferrothorn|Gyro Ball|p1a: Iron Valiant\n|-supereffective|p1a: Iron Valiant\n|-damage|p1a: Iron Valiant|0 fnt\n|faint|p1a: Iron Valiant\n|-end|p1a: Iron Valiant|Quark Drive|[silent]\n|\n|-heal|p2a: Ferrothorn|42\/100|[from] Grassy Terrain\n|-heal|p2a: Ferrothorn|48\/100|[from] item: Leftovers\n|upkeep\n|\n|t:|1699622308\n|switch|p1a: Heatran|Heatran, F|68\/100\n|-damage|p1a: Heatran|55\/100|[from] Stealth Rock\n|turn|25\n|\n|t:|1699622316\n|-terastallize|p1a: Heatran|Grass\n|move|p1a: Heatran|Magma Storm|p2a: Ferrothorn\n|-damage|p2a: Ferrothorn|7\/100\n|-activate|p2a: Ferrothorn|move: Magma Storm|[of] p1a: Heatran\n|move|p2a: Ferrothorn|Leech Seed|p1a: Heatran\n|-immune|p1a: Heatran\n|\n|-heal|p1a: Heatran|61\/100|[from] Grassy Terrain\n|-heal|p1a: Heatran|68\/100|[from] item: Leftovers\n|-heal|p2a: Ferrothorn|13\/100|[from] Grassy Terrain\n|-heal|p2a: Ferrothorn|20\/100|[from] item: Leftovers\n|-damage|p2a: Ferrothorn|7\/100|[from] move: Magma Storm|[partiallytrapped]\n|-fieldend|move: Grassy Terrain\n|upkeep\n|turn|26\n|\n|t:|1699622333\n|move|p1a: Heatran|Taunt|p2a: Ferrothorn\n|-start|p2a: Ferrothorn|move: Taunt\n|move|p2a: Ferrothorn|Gyro Ball|p1a: Heatran\n|-crit|p1a: Heatran\n|-damage|p1a: Heatran|18\/100\n|\n|-heal|p1a: Heatran|24\/100|[from] item: Leftovers\n|-heal|p2a: Ferrothorn|13\/100|[from] item: Leftovers\n|-damage|p2a: Ferrothorn|1\/100|[from] move: Magma Storm|[partiallytrapped]\n|upkeep\n|turn|27\n|\n|t:|1699622343\n|move|p1a: Heatran|Earth Power|p2a: Ferrothorn\n|-damage|p2a: Ferrothorn|0 fnt\n|faint|p2a: Ferrothorn\n|\n|-heal|p1a: Heatran|30\/100|[from] item: Leftovers\n|upkeep\n|\n|t:|1699622348\n|switch|p2a: Feraligatr|Feraligatr, M|40\/100\n|turn|28\n|\n|t:|1699622357\n|move|p2a: Feraligatr|Ice Punch|p1a: Heatran\n|-supereffective|p1a: Heatran\n|-damage|p1a: Heatran|0 fnt\n|faint|p1a: Heatran\n|\n|upkeep\n|\n|t:|1699622362\n|switch|p1a: Tapu Koko|Tapu Koko|24\/100\n|-damage|p1a: Tapu Koko|12\/100|[from] Stealth Rock\n|-fieldstart|move: Electric Terrain|[from] ability: Electric Surge|[of] p1a: Tapu Koko\n|turn|29\n|c|\u2606Bohabi|That crit on mawile kill me\n|\n|t:|1699622392\n|move|p1a: Tapu Koko|Thunderbolt|p2a: Feraligatr\n|-supereffective|p2a: Feraligatr\n|-damage|p2a: Feraligatr|0 fnt\n|faint|p2a: Feraligatr\n|\n|upkeep\n|\n|t:|1699622404\n|switch|p2a: Rillaboom|Rillaboom, F|79\/100\n|-fieldstart|move: Grassy Terrain|[from] ability: Grassy Surge|[of] p2a: Rillaboom\n|turn|30\n|\n|t:|1699622410\n|move|p2a: Rillaboom|Grassy Glide|p1a: Tapu Koko\n|-damage|p1a: Tapu Koko|0 fnt\n|faint|p1a: Tapu Koko\n|\n|win|caibi107\n|raw|Bohabi's rating: 1595 &rarr; <strong>1580<\/strong><br \/>(-15 for losing)\n|raw|caibi107's rating: 1675 &rarr; <strong>1690<\/strong><br \/>(+15 for winning)\n|l|\u2606Bohabi\n|c|\u2606caibi107|gg\n","uploadtime":1699622438,"views":6,"p1id":"bohabi","p2id":"caibi107","formatid":"gen9nationaldex","rating":1580,"private":0,"password":""}