{"id":"gen9nationaldex-1988086253","p1":"December guy","p2":"fsdfsDIXdfsd","format":"[Gen 9] National Dex","log":"|j|\u2606December guy\n|j|\u203dfsdfsDIXdfsd\n|t:|1699667835\n|gametype|singles\n|player|p1|December guy|silver|1266\n|player|p2|fsdfsDIXdfsd|ghetsis|1165\n|teamsize|p1|6\n|teamsize|p2|6\n|gen|9\n|tier|[Gen 9] National Dex\n|rated|\n|rule|HP Percentage Mod: HP is shown in percentages\n|rule|Endless Battle Clause: Forcing endless battles is banned\n|rule|OHKO Clause: OHKO moves are banned\n|rule|Evasion Clause: Evasion abilities, items, and moves are banned\n|rule|Evasion Abilities Clause: Evasion abilities are banned\n|rule|Evasion Items Clause: Evasion items are banned\n|rule|Evasion Moves Clause: Evasion moves are banned\n|rule|Species Clause: Limit one of each Pok\u00e9mon\n|rule|Sleep Clause Mod: Limit one foe put to sleep\n|clearpoke\n|poke|p1|Gyarados, F|\n|poke|p1|Heatran, M|\n|poke|p1|Ogerpon-Wellspring, F|\n|poke|p1|Iron Valiant|\n|poke|p1|Corviknight, F|\n|poke|p1|Dragonite, F|\n|poke|p2|Salazzle, F|\n|poke|p2|Magnemite, L1|\n|poke|p2|Probopass, L2, F|\n|poke|p2|Mandibuzz, F|\n|poke|p2|Nosepass, L1, F|\n|poke|p2|Tentacruel, F|\n|teampreview\n|inactive|Battle timer is ON: inactive players will automatically lose when time's up. (requested by December guy)\n|inactive|fsdfsDIXdfsd has 120 seconds left.\n|\n|t:|1699667888\n|start\n|switch|p1a: Heatran|Heatran, M|100\/100\n|switch|p2a: Salazzle|Salazzle, F|100\/100\n|turn|1\n|\n|t:|1699667895\n|move|p2a: Salazzle|Substitute|p2a: Salazzle\n|-start|p2a: Salazzle|Substitute\n|-damage|p2a: Salazzle|76\/100\n|move|p1a: Heatran|Stealth Rock|p2a: Salazzle\n|-sidestart|p2: fsdfsDIXdfsd|move: Stealth Rock\n|\n|-heal|p2a: Salazzle|82\/100|[from] item: Leftovers\n|upkeep\n|turn|2\n|inactive|fsdfsDIXdfsd has 120 seconds left.\n|c|\u2606December guy|...\n|\n|t:|1699667946\n|move|p2a: Salazzle|Toxic|p1a: Heatran\n|-status|p1a: Heatran|tox\n|move|p1a: Heatran|Earth Power|p2a: Salazzle\n|-supereffective|p2a: Salazzle\n|-end|p2a: Salazzle|Substitute\n|\n|-heal|p2a: Salazzle|88\/100|[from] item: Leftovers\n|-damage|p1a: Heatran|94\/100 tox|[from] psn\n|upkeep\n|turn|3\n|\n|t:|1699667957\n|move|p2a: Salazzle|Protect|p2a: Salazzle\n|-singleturn|p2a: Salazzle|Protect\n|move|p1a: Heatran|Earth Power|p2a: Salazzle\n|-activate|p2a: Salazzle|move: Protect\n|\n|-heal|p2a: Salazzle|94\/100|[from] item: Leftovers\n|-heal|p1a: Heatran|100\/100 tox|[from] item: Leftovers\n|-damage|p1a: Heatran|88\/100 tox|[from] psn\n|upkeep\n|turn|4\n|\n|t:|1699667969\n|move|p2a: Salazzle|Substitute|p2a: Salazzle\n|-start|p2a: Salazzle|Substitute\n|-damage|p2a: Salazzle|69\/100\n|move|p1a: Heatran|Earth Power|p2a: Salazzle\n|-supereffective|p2a: Salazzle\n|-end|p2a: Salazzle|Substitute\n|\n|-heal|p2a: Salazzle|75\/100|[from] item: Leftovers\n|-heal|p1a: Heatran|94\/100 tox|[from] item: Leftovers\n|-damage|p1a: Heatran|76\/100 tox|[from] psn\n|upkeep\n|turn|5\n|\n|t:|1699667981\n|-terastallize|p2a: Salazzle|Flying\n|move|p2a: Salazzle|Substitute|p2a: Salazzle\n|-start|p2a: Salazzle|Substitute\n|-damage|p2a: Salazzle|50\/100\n|move|p1a: Heatran|Earth Power|p2a: Salazzle\n|-immune|p2a: Salazzle\n|\n|-heal|p2a: Salazzle|56\/100|[from] item: Leftovers\n|-heal|p1a: Heatran|82\/100 tox|[from] item: Leftovers\n|-damage|p1a: Heatran|57\/100 tox|[from] psn\n|upkeep\n|turn|6\n|inactive|fsdfsDIXdfsd has 120 seconds left.\n|\n|t:|1699668004\n|switch|p1a: Iron Valiant|Iron Valiant|100\/100\n|move|p2a: Salazzle|Protect||[still]\n|-fail|p2a: Salazzle\n|\n|-heal|p2a: Salazzle|63\/100|[from] item: Leftovers\n|upkeep\n|turn|7\n|\n|t:|1699668015\n|move|p2a: Salazzle|Protect|p2a: Salazzle\n|-singleturn|p2a: Salazzle|Protect\n|move|p1a: Iron Valiant|Ice Punch|p2a: Salazzle\n|-activate|p2a: Salazzle|move: Protect\n|\n|-heal|p2a: Salazzle|69\/100|[from] item: Leftovers\n|upkeep\n|turn|8\n|\n|t:|1699668025\n|move|p2a: Salazzle|Toxic|p1a: Iron Valiant\n|-status|p1a: Iron Valiant|tox\n|move|p1a: Iron Valiant|Ice Punch|p2a: Salazzle\n|-supereffective|p2a: Salazzle\n|-end|p2a: Salazzle|Substitute\n|\n|-heal|p2a: Salazzle|75\/100|[from] item: Leftovers\n|-damage|p1a: Iron Valiant|94\/100 tox|[from] psn\n|upkeep\n|turn|9\n|\n|t:|1699668043\n|move|p2a: Salazzle|Protect|p2a: Salazzle\n|-singleturn|p2a: Salazzle|Protect\n|move|p1a: Iron Valiant|Ice Punch|p2a: Salazzle\n|-activate|p2a: Salazzle|move: Protect\n|\n|-heal|p2a: Salazzle|81\/100|[from] item: Leftovers\n|-damage|p1a: Iron Valiant|82\/100 tox|[from] psn\n|upkeep\n|turn|10\n|\n|t:|1699668054\n|move|p2a: Salazzle|Substitute|p2a: Salazzle\n|-start|p2a: Salazzle|Substitute\n|-damage|p2a: Salazzle|56\/100\n|move|p1a: Iron Valiant|Ice Punch|p2a: Salazzle\n|-supereffective|p2a: Salazzle\n|-crit|p2a: Salazzle\n|-end|p2a: Salazzle|Substitute\n|\n|-heal|p2a: Salazzle|62\/100|[from] item: Leftovers\n|-damage|p1a: Iron Valiant|63\/100 tox|[from] psn\n|upkeep\n|turn|11\n|\n|t:|1699668067\n|move|p2a: Salazzle|Protect|p2a: Salazzle\n|-singleturn|p2a: Salazzle|Protect\n|move|p1a: Iron Valiant|Ice Punch|p2a: Salazzle\n|-activate|p2a: Salazzle|move: Protect\n|\n|-heal|p2a: Salazzle|68\/100|[from] item: Leftovers\n|-damage|p1a: Iron Valiant|38\/100 tox|[from] psn\n|upkeep\n|turn|12\n|\n|t:|1699668082\n|move|p2a: Salazzle|Flamethrower|p1a: Iron Valiant\n|-damage|p1a: Iron Valiant|0 fnt\n|faint|p1a: Iron Valiant\n|-end|p1a: Iron Valiant|Quark Drive|[silent]\n|\n|-heal|p2a: Salazzle|75\/100|[from] item: Leftovers\n|upkeep\n|\n|t:|1699668090\n|switch|p1a: Dragonite|Dragonite, F|100\/100\n|turn|13\n|\n|t:|1699668103\n|switch|p2a: Mandibuzz|Mandibuzz, F|100\/100\n|-terastallize|p1a: Dragonite|Normal\n|move|p1a: Dragonite|Dragon Dance|p1a: Dragonite\n|-boost|p1a: Dragonite|atk|1\n|-boost|p1a: Dragonite|spe|1\n|\n|upkeep\n|turn|14\n|\n|t:|1699668113\n|move|p1a: Dragonite|Extreme Speed|p2a: Mandibuzz\n|-damage|p2a: Mandibuzz|64\/100\n|move|p2a: Mandibuzz|Toxic|p1a: Dragonite\n|-status|p1a: Dragonite|tox\n|\n|-damage|p1a: Dragonite|94\/100 tox|[from] psn\n|upkeep\n|turn|15\n|\n|t:|1699668125\n|switch|p1a: Corviknight|Corviknight, F|100\/100\n|-ability|p1a: Corviknight|Pressure\n|move|p2a: Mandibuzz|Roost|p2a: Mandibuzz\n|-heal|p2a: Mandibuzz|100\/100\n|-singleturn|p2a: Mandibuzz|move: Roost\n|\n|upkeep\n|turn|16\n|\n|t:|1699668135\n|move|p2a: Mandibuzz|Defog|p1a: Corviknight\n|-unboost|p1a: Corviknight|evasion|1\n|-sideend|p2: fsdfsDIXdfsd|Stealth Rock|[from] move: Defog|[of] p2a: Mandibuzz\n|move|p1a: Corviknight|Iron Defense|p1a: Corviknight\n|-boost|p1a: Corviknight|def|2\n|\n|upkeep\n|turn|17\n|\n|t:|1699668144\n|switch|p2a: Salazzle|Salazzle, F, tera:Flying|75\/100\n|move|p1a: Corviknight|Iron Defense|p1a: Corviknight\n|-boost|p1a: Corviknight|def|2\n|\n|-heal|p2a: Salazzle|81\/100|[from] item: Leftovers\n|upkeep\n|turn|18\n|\n|t:|1699668153\n|move|p2a: Salazzle|Substitute|p2a: Salazzle\n|-start|p2a: Salazzle|Substitute\n|-damage|p2a: Salazzle|56\/100\n|move|p1a: Corviknight|Body Press|p2a: Salazzle\n|-resisted|p2a: Salazzle\n|-end|p2a: Salazzle|Substitute\n|\n|-heal|p2a: Salazzle|62\/100|[from] item: Leftovers\n|upkeep\n|turn|19\n|\n|t:|1699668168\n|move|p2a: Salazzle|Protect|p2a: Salazzle\n|-singleturn|p2a: Salazzle|Protect\n|move|p1a: Corviknight|Body Press|p2a: Salazzle\n|-activate|p2a: Salazzle|move: Protect\n|\n|-heal|p2a: Salazzle|68\/100|[from] item: Leftovers\n|upkeep\n|turn|20\n|\n|t:|1699668177\n|move|p2a: Salazzle|Toxic|p1a: Corviknight\n|-status|p1a: Corviknight|tox\n|move|p1a: Corviknight|Body Press|p2a: Salazzle\n|-resisted|p2a: Salazzle\n|-damage|p2a: Salazzle|15\/100\n|\n|-heal|p2a: Salazzle|21\/100|[from] item: Leftovers\n|-damage|p1a: Corviknight|94\/100 tox|[from] psn\n|upkeep\n|turn|21\n|\n|t:|1699668187\n|move|p2a: Salazzle|Protect|p2a: Salazzle\n|-singleturn|p2a: Salazzle|Protect\n|move|p1a: Corviknight|Body Press|p2a: Salazzle\n|-activate|p2a: Salazzle|move: Protect\n|\n|-heal|p2a: Salazzle|27\/100|[from] item: Leftovers\n|-damage|p1a: Corviknight|82\/100 tox|[from] psn\n|upkeep\n|turn|22\n|\n|t:|1699668198\n|move|p2a: Salazzle|Flamethrower|p1a: Corviknight\n|-supereffective|p1a: Corviknight\n|-damage|p1a: Corviknight|23\/100 tox\n|move|p1a: Corviknight|Body Press|p2a: Salazzle\n|-resisted|p2a: Salazzle\n|-damage|p2a: Salazzle|0 fnt\n|faint|p2a: Salazzle\n|\n|-damage|p1a: Corviknight|5\/100 tox|[from] psn\n|upkeep\n|\n|t:|1699668203\n|switch|p2a: Tentacruel|Tentacruel, F|100\/100\n|turn|23\n|\n|t:|1699668211\n|move|p2a: Tentacruel|Scald|p1a: Corviknight\n|-damage|p1a: Corviknight|0 fnt\n|faint|p1a: Corviknight\n|\n|upkeep\n|\n|t:|1699668221\n|switch|p1a: Dragonite|Dragonite, F, tera:Normal|94\/100 tox\n|turn|24\n|\n|t:|1699668226\n|switch|p2a: Mandibuzz|Mandibuzz, F|100\/100\n|move|p1a: Dragonite|Dragon Dance|p1a: Dragonite\n|-boost|p1a: Dragonite|atk|1\n|-boost|p1a: Dragonite|spe|1\n|\n|-heal|p1a: Dragonite|100\/100 tox|[from] item: Leftovers\n|-damage|p1a: Dragonite|94\/100 tox|[from] psn\n|upkeep\n|turn|25\n|\n|t:|1699668236\n|switch|p2a: Nosepass|Nosepass, L1, F, shiny|100\/100\n|move|p1a: Dragonite|Extreme Speed|p2a: Nosepass\n|-resisted|p2a: Nosepass\n|-ability|p2a: Nosepass|Sturdy\n|-damage|p2a: Nosepass|10\/100\n|-enditem|p2a: Nosepass|Berry Juice\n|-heal|p2a: Nosepass|100\/100|[from] item: Berry Juice\n|\n|-heal|p1a: Dragonite|100\/100 tox|[from] item: Leftovers\n|-damage|p1a: Dragonite|88\/100 tox|[from] psn\n|upkeep\n|turn|26\n|\n|t:|1699668250\n|switch|p1a: Heatran|Heatran, M|57\/100 tox\n|move|p2a: Nosepass|Pain Split|p1a: Heatran\n|-sethp|p1a: Heatran|30\/100 tox|[from] move: Pain Split|[silent]\n|-sethp|p2a: Nosepass|100\/100|[from] move: Pain Split\n|\n|-heal|p1a: Heatran|36\/100 tox|[from] item: Leftovers\n|-damage|p1a: Heatran|30\/100 tox|[from] psn\n|upkeep\n|turn|27\n|\n|t:|1699668261\n|move|p2a: Nosepass|Magic Coat|p2a: Nosepass\n|-singleturn|p2a: Nosepass|move: Magic Coat\n|move|p1a: Heatran|Magma Storm|p2a: Nosepass\n|-resisted|p2a: Nosepass\n|-ability|p2a: Nosepass|Sturdy\n|-damage|p2a: Nosepass|10\/100\n|-activate|p2a: Nosepass|move: Magma Storm|[of] p1a: Heatran\n|\n|-heal|p1a: Heatran|36\/100 tox|[from] item: Leftovers\n|-damage|p1a: Heatran|24\/100 tox|[from] psn\n|-damage|p2a: Nosepass|0 fnt|[from] move: Magma Storm|[partiallytrapped]\n|faint|p2a: Nosepass\n|upkeep\n|\n|t:|1699668265\n|switch|p2a: Tentacruel|Tentacruel, F|100\/100\n|turn|28\n|\n|t:|1699668281\n|switch|p1a: Ogerpon|Ogerpon-Wellspring, F|100\/100\n|move|p2a: Tentacruel|Scald|p1a: Ogerpon\n|-immune|p1a: Ogerpon|[from] ability: Water Absorb\n|\n|upkeep\n|turn|29\n|\n|t:|1699668292\n|move|p1a: Ogerpon|Knock Off|p2a: Tentacruel\n|-damage|p2a: Tentacruel|51\/100\n|-enditem|p2a: Tentacruel|Leftovers|[from] move: Knock Off|[of] p1a: Ogerpon\n|move|p2a: Tentacruel|Toxic|p1a: Ogerpon\n|-status|p1a: Ogerpon|tox\n|\n|-damage|p1a: Ogerpon|95\/100 tox|[from] psn\n|upkeep\n|turn|30\n|\n|t:|1699668303\n|switch|p2a: Mandibuzz|Mandibuzz, F|100\/100\n|move|p1a: Ogerpon|Horn Leech|p2a: Mandibuzz\n|-resisted|p2a: Mandibuzz\n|-damage|p2a: Mandibuzz|88\/100\n|-heal|p1a: Ogerpon|100\/100 tox|[from] drain|[of] p2a: Mandibuzz\n|\n|-damage|p1a: Ogerpon|89\/100 tox|[from] psn\n|upkeep\n|turn|31\n|\n|t:|1699668313\n|move|p1a: Ogerpon|Play Rough|p2a: Mandibuzz|[miss]\n|-miss|p1a: Ogerpon|p2a: Mandibuzz\n|move|p2a: Mandibuzz|Foul Play|p1a: Ogerpon\n|-damage|p1a: Ogerpon|30\/100 tox\n|\n|-damage|p1a: Ogerpon|12\/100 tox|[from] psn\n|upkeep\n|turn|32\n|\n|t:|1699668324\n|switch|p1a: Gyarados|Gyarados, F|100\/100\n|-ability|p1a: Gyarados|Intimidate|boost\n|-unboost|p2a: Mandibuzz|atk|1\n|move|p2a: Mandibuzz|Roost|p2a: Mandibuzz\n|-heal|p2a: Mandibuzz|100\/100\n|-singleturn|p2a: Mandibuzz|move: Roost\n|\n|upkeep\n|turn|33\n|\n|t:|1699668335\n|detailschange|p1a: Gyarados|Gyarados-Mega, F\n|-mega|p1a: Gyarados|Gyarados|Gyaradosite\n|-ability|p1a: Gyarados|Mold Breaker\n|move|p1a: Gyarados|Dragon Dance|p1a: Gyarados\n|-boost|p1a: Gyarados|atk|1\n|-boost|p1a: Gyarados|spe|1\n|move|p2a: Mandibuzz|Toxic|p1a: Gyarados\n|-status|p1a: Gyarados|tox\n|\n|-damage|p1a: Gyarados|94\/100 tox|[from] psn\n|upkeep\n|turn|34\n|\n|t:|1699668348\n|move|p1a: Gyarados|Waterfall|p2a: Mandibuzz\n|-damage|p2a: Mandibuzz|64\/100\n|cant|p2a: Mandibuzz|flinch\n|\n|-damage|p1a: Gyarados|82\/100 tox|[from] psn\n|upkeep\n|turn|35\n|\n|t:|1699668359\n|move|p1a: Gyarados|Dragon Dance|p1a: Gyarados\n|-boost|p1a: Gyarados|atk|1\n|-boost|p1a: Gyarados|spe|1\n|move|p2a: Mandibuzz|Roost|p2a: Mandibuzz\n|-heal|p2a: Mandibuzz|100\/100\n|-singleturn|p2a: Mandibuzz|move: Roost\n|\n|-damage|p1a: Gyarados|64\/100 tox|[from] psn\n|upkeep\n|turn|36\n|\n|t:|1699668370\n|move|p1a: Gyarados|Waterfall|p2a: Mandibuzz\n|-damage|p2a: Mandibuzz|49\/100\n|move|p2a: Mandibuzz|Foul Play|p1a: Gyarados\n|-resisted|p1a: Gyarados\n|-damage|p1a: Gyarados|13\/100 tox\n|\n|-damage|p1a: Gyarados|0 fnt|[from] psn\n|faint|p1a: Gyarados\n|upkeep\n|\n|t:|1699668380\n|switch|p1a: Heatran|Heatran, M|24\/100 tox\n|turn|37\n|\n|t:|1699668385\n|move|p2a: Mandibuzz|Foul Play|p1a: Heatran\n|-damage|p1a: Heatran|5\/100 tox\n|move|p1a: Heatran|Magma Storm|p2a: Mandibuzz\n|-damage|p2a: Mandibuzz|15\/100\n|-activate|p2a: Mandibuzz|move: Magma Storm|[of] p1a: Heatran\n|\n|-heal|p1a: Heatran|11\/100 tox|[from] item: Leftovers\n|-damage|p1a: Heatran|5\/100 tox|[from] psn\n|-damage|p2a: Mandibuzz|3\/100|[from] move: Magma Storm|[partiallytrapped]\n|upkeep\n|turn|38\n|\n|t:|1699668397\n|move|p1a: Heatran|Protect|p1a: Heatran\n|-singleturn|p1a: Heatran|Protect\n|move|p2a: Mandibuzz|Foul Play|p1a: Heatran\n|-activate|p1a: Heatran|move: Protect\n|\n|-heal|p1a: Heatran|11\/100 tox|[from] item: Leftovers\n|-damage|p1a: Heatran|0 fnt|[from] psn\n|faint|p1a: Heatran\n|-end|p2a: Mandibuzz|Magma Storm|[partiallytrapped]|[silent]\n|upkeep\n|\n|t:|1699668409\n|switch|p1a: Dragonite|Dragonite, F, tera:Normal|88\/100 tox\n|turn|39\n|\n|t:|1699668416\n|switch|p2a: Probopass|Probopass, L2, F, shiny|100\/100\n|move|p1a: Dragonite|Extreme Speed|p2a: Probopass\n|-resisted|p2a: Probopass\n|-ability|p2a: Probopass|Sturdy\n|-damage|p2a: Probopass|8\/100\n|-enditem|p2a: Probopass|Berry Juice\n|-heal|p2a: Probopass|100\/100|[from] item: Berry Juice\n|\n|-heal|p1a: Dragonite|94\/100 tox|[from] item: Leftovers\n|-damage|p1a: Dragonite|88\/100 tox|[from] psn\n|upkeep\n|turn|40\n|\n|t:|1699668433\n|move|p1a: Dragonite|Extreme Speed|p2a: Probopass\n|-resisted|p2a: Probopass\n|-ability|p2a: Probopass|Sturdy\n|-damage|p2a: Probopass|8\/100\n|move|p2a: Probopass|Pain Split|p1a: Dragonite\n|-sethp|p1a: Dragonite|44\/100 tox|[from] move: Pain Split|[silent]\n|-sethp|p2a: Probopass|100\/100|[from] move: Pain Split\n|\n|-heal|p1a: Dragonite|50\/100 tox|[from] item: Leftovers\n|-damage|p1a: Dragonite|38\/100 tox|[from] psn\n|upkeep\n|turn|41\n|\n|t:|1699668445\n|move|p1a: Dragonite|Extreme Speed|p2a: Probopass\n|-resisted|p2a: Probopass\n|-ability|p2a: Probopass|Sturdy\n|-damage|p2a: Probopass|8\/100\n|move|p2a: Probopass|Pain Split|p1a: Dragonite\n|-sethp|p1a: Dragonite|19\/100 tox|[from] move: Pain Split|[silent]\n|-sethp|p2a: Probopass|100\/100|[from] move: Pain Split\n|\n|-heal|p1a: Dragonite|25\/100 tox|[from] item: Leftovers\n|-damage|p1a: Dragonite|7\/100 tox|[from] psn\n|upkeep\n|turn|42\n|l|\u2606December guy\n|inactive|December guy disconnected and has a minute to reconnect!\n|player|p1|\n|inactive|December guy has 30 seconds to reconnect!\n|inactive|December guy has 20 seconds to reconnect!\n|inactive|December guy has 15 seconds to reconnect!\n|inactive|December guy has 10 seconds to reconnect!\n|inactive|December guy has 5 seconds to reconnect!\n|-message|December guy lost due to inactivity.\n|\n|win|fsdfsDIXdfsd\n|raw|December guy's rating: 1266 &rarr; <strong>1236<\/strong><br \/>(-30 for losing)\n|raw|fsdfsDIXdfsd's rating: 1191 &rarr; <strong>1221<\/strong><br \/>(+30 for winning)\n","uploadtime":1699668572,"views":4,"p1id":"decemberguy","p2id":"fsdfsdixdfsd","formatid":"gen9nationaldex","rating":1221,"private":0,"password":""}