{"id":"gen9nationaldex-1992707274","p1":"xiaoheizi114514","p2":"jyhfcgdghgfy","format":"[Gen 9] National Dex","log":"|j|\u2606xiaoheizi114514\n|j|\u2606jyhfcgdghgfy\n|t:|1700227558\n|gametype|singles\n|player|p1|xiaoheizi114514|cyclist|\n|player|p2|jyhfcgdghgfy|candice|\n|teamsize|p1|6\n|teamsize|p2|6\n|gen|9\n|tier|[Gen 9] National Dex\n|rated|Tournament battle\n|rule|HP Percentage Mod: HP is shown in percentages\n|rule|Endless Battle Clause: Forcing endless battles is banned\n|rule|OHKO Clause: OHKO moves are banned\n|rule|Evasion Clause: Evasion abilities, items, and moves are banned\n|rule|Evasion Abilities Clause: Evasion abilities are banned\n|rule|Evasion Items Clause: Evasion items are banned\n|rule|Evasion Moves Clause: Evasion moves are banned\n|rule|Species Clause: Limit one of each Pok\u00e9mon\n|rule|Sleep Clause Mod: Limit one foe put to sleep\n|clearpoke\n|poke|p1|Dondozo, F|\n|poke|p1|Corviknight, F|\n|poke|p1|Blissey, F|\n|poke|p1|Clefable, M|\n|poke|p1|Tornadus-Therian, M|\n|poke|p1|Gliscor, M|\n|poke|p2|Alomomola, M|\n|poke|p2|Moltres|\n|poke|p2|Ogerpon, F|\n|poke|p2|Garganacl, F|\n|poke|p2|Ursaluna, M|\n|poke|p2|Aerodactyl, M|\n|teampreview\n|j| stpruty\n|j| qingche\n|j| sadnessi\n|j| Forever1506\n|inactive|Battle timer is ON: inactive players will automatically lose when time's up. (requested by xiaoheizi114514)\n|\n|t:|1700227577\n|start\n|switch|p1a: Tornadus|Tornadus-Therian, M|100\/100\n|switch|p2a: Garganacl|Garganacl, F|100\/100\n|turn|1\n|\n|t:|1700227584\n|move|p1a: Tornadus|Knock Off|p2a: Garganacl\n|-damage|p2a: Garganacl|87\/100\n|-enditem|p2a: Garganacl|Leftovers|[from] move: Knock Off|[of] p1a: Tornadus\n|move|p2a: Garganacl|Salt Cure|p1a: Tornadus\n|-supereffective|p1a: Tornadus\n|-damage|p1a: Tornadus|62\/100\n|-start|p1a: Tornadus|Salt Cure\n|\n|-damage|p1a: Tornadus|49\/100|[from] Salt Cure\n|upkeep\n|turn|2\n|j|@taoke\n|\n|t:|1700227594\n|switch|p1a: Clefable|Clefable, M|100\/100\n|move|p2a: Garganacl|Salt Cure|p1a: Clefable\n|-damage|p1a: Clefable|84\/100\n|-start|p1a: Clefable|Salt Cure\n|\n|-heal|p1a: Clefable|90\/100|[from] item: Leftovers\n|upkeep\n|turn|3\n|\n|t:|1700227612\n|switch|p2a: Ursaluna|Ursaluna, M|100\/100\n|move|p1a: Clefable|Stealth Rock|p2a: Ursaluna\n|-sidestart|p2: jyhfcgdghgfy|move: Stealth Rock\n|\n|-heal|p1a: Clefable|96\/100|[from] item: Leftovers\n|-status|p2a: Ursaluna|brn|[from] item: Flame Orb\n|upkeep\n|turn|4\n|\n|t:|1700227619\n|switch|p1a: Corviknight|Corviknight, F|100\/100\n|-ability|p1a: Corviknight|Pressure\n|move|p2a: Ursaluna|Facade|p1a: Corviknight\n|-resisted|p1a: Corviknight\n|-damage|p1a: Corviknight|64\/100\n|\n|-heal|p1a: Corviknight|70\/100|[from] item: Leftovers\n|-damage|p2a: Ursaluna|94\/100 brn|[from] brn\n|upkeep\n|turn|5\n|inactive|jyhfcgdghgfy has 120 seconds left.\n|\n|t:|1700227654\n|move|p2a: Ursaluna|Thunder Punch|p1a: Corviknight\n|-supereffective|p1a: Corviknight\n|-damage|p1a: Corviknight|20\/100\n|move|p1a: Corviknight|Body Press|p2a: Ursaluna\n|-supereffective|p2a: Ursaluna\n|-damage|p2a: Ursaluna|49\/100 brn\n|\n|-heal|p1a: Corviknight|27\/100|[from] item: Leftovers\n|-damage|p2a: Ursaluna|42\/100 brn|[from] brn\n|upkeep\n|turn|6\n|\n|t:|1700227663\n|move|p2a: Ursaluna|Facade|p1a: Corviknight\n|-resisted|p1a: Corviknight\n|-damage|p1a: Corviknight|0 fnt\n|faint|p1a: Corviknight\n|\n|-damage|p2a: Ursaluna|36\/100 brn|[from] brn\n|upkeep\n|\n|t:|1700227666\n|switch|p1a: Tornadus|Tornadus-Therian, M|82\/100\n|turn|7\n|\n|t:|1700227671\n|switch|p2a: Garganacl|Garganacl, F|87\/100\n|-damage|p2a: Garganacl|74\/100|[from] Stealth Rock\n|-terastallize|p1a: Tornadus|Flying\n|move|p1a: Tornadus|Bleakwind Storm|p2a: Garganacl\n|-resisted|p2a: Garganacl\n|-damage|p2a: Garganacl|53\/100\n|\n|upkeep\n|turn|8\n|j| Exp666\n|\n|t:|1700227679\n|move|p1a: Tornadus|U-turn|p2a: Garganacl\n|-damage|p2a: Garganacl|43\/100\n|\n|t:|1700227681\n|switch|p1a: Gliscor|Gliscor, M|100\/100|[from] U-turn\n|move|p2a: Garganacl|Salt Cure|p1a: Gliscor\n|-damage|p1a: Gliscor|89\/100\n|-start|p1a: Gliscor|Salt Cure\n|\n|-damage|p1a: Gliscor|76\/100|[from] Salt Cure\n|-status|p1a: Gliscor|tox|[from] item: Toxic Orb\n|upkeep\n|turn|9\n|\n|t:|1700227687\n|switch|p2a: Alomomola|Alomomola, M|100\/100\n|move|p1a: Gliscor|Spikes|p2a: Alomomola\n|-sidestart|p2: jyhfcgdghgfy|Spikes\n|\n|-heal|p1a: Gliscor|89\/100 tox|[from] ability: Poison Heal\n|-damage|p1a: Gliscor|76\/100 tox|[from] Salt Cure\n|upkeep\n|turn|10\n|\n|t:|1700227696\n|move|p1a: Gliscor|Toxic|p2a: Alomomola\n|-status|p2a: Alomomola|tox\n|move|p2a: Alomomola|Wish|p2a: Alomomola\n|\n|-heal|p1a: Gliscor|89\/100 tox|[from] ability: Poison Heal\n|-damage|p2a: Alomomola|94\/100 tox|[from] psn\n|-damage|p1a: Gliscor|76\/100 tox|[from] Salt Cure\n|upkeep\n|turn|11\n|\n|t:|1700227703\n|switch|p1a: Tornadus|Tornadus-Therian, M, tera:Flying|100\/100\n|move|p2a: Alomomola|Flip Turn|p1a: Tornadus\n|-damage|p1a: Tornadus|79\/100\n|j| THBD differents\n|inactive|jyhfcgdghgfy has 120 seconds left.\n|\n|t:|1700227741\n|switch|p2a: Ursaluna|Ursaluna, M|36\/100 brn|[from] Flip Turn\n|-damage|p2a: Ursaluna|30\/100 brn|[from] Stealth Rock\n|-damage|p2a: Ursaluna|17\/100 brn|[from] Spikes\n|\n|-heal|p2a: Ursaluna|84\/100 brn|[from] move: Wish|[wisher] Alomomola\n|-damage|p2a: Ursaluna|78\/100 brn|[from] brn\n|upkeep\n|turn|12\n|\n|t:|1700227746\n|switch|p2a: Garganacl|Garganacl, F|43\/100\n|-damage|p2a: Garganacl|31\/100|[from] Stealth Rock\n|-damage|p2a: Garganacl|18\/100|[from] Spikes\n|move|p1a: Tornadus|Bleakwind Storm|p2a: Garganacl\n|-resisted|p2a: Garganacl\n|-damage|p2a: Garganacl|0 fnt\n|faint|p2a: Garganacl\n|\n|upkeep\n|inactive|jyhfcgdghgfy has 120 seconds left.\n|\n|t:|1700227772\n|switch|p2a: Moltres|Moltres|100\/100\n|turn|13\n|\n|t:|1700227775\n|move|p1a: Tornadus|Knock Off|p2a: Moltres\n|-crit|p2a: Moltres\n|-damage|p2a: Moltres|78\/100\n|-status|p1a: Tornadus|brn|[from] ability: Flame Body|[of] p2a: Moltres\n|-enditem|p2a: Moltres|Heavy-Duty Boots|[from] move: Knock Off|[of] p1a: Tornadus\n|move|p2a: Moltres|Defog|p1a: Tornadus\n|-unboost|p1a: Tornadus|evasion|1\n|-sideend|p2: jyhfcgdghgfy|Spikes|[from] move: Defog|[of] p2a: Moltres\n|-sideend|p2: jyhfcgdghgfy|Stealth Rock|[from] move: Defog|[of] p2a: Moltres\n|\n|-damage|p1a: Tornadus|73\/100 brn|[from] brn\n|upkeep\n|turn|14\n|inactive|jyhfcgdghgfy has 120 seconds left.\n|\n|t:|1700227784\n|switch|p1a: Dondozo|Dondozo, F|100\/100\n|switch|p2a: Aerodactyl|Aerodactyl, M|100\/100\n|-ability|p2a: Aerodactyl|Unnerve\n|\n|upkeep\n|turn|15\n|j| Xin is op\n|\n|t:|1700227792\n|switch|p2a: Ogerpon|Ogerpon, F|100\/100\n|move|p1a: Dondozo|Curse|p1a: Dondozo\n|-unboost|p1a: Dondozo|spe|1\n|-boost|p1a: Dondozo|atk|1\n|-boost|p1a: Dondozo|def|1\n|\n|upkeep\n|turn|16\n|\n|t:|1700227797\n|move|p2a: Ogerpon|Encore|p1a: Dondozo\n|-start|p1a: Dondozo|Encore\n|move|p1a: Dondozo|Curse|p1a: Dondozo\n|-unboost|p1a: Dondozo|spe|1\n|-boost|p1a: Dondozo|atk|1\n|-boost|p1a: Dondozo|def|1\n|\n|upkeep\n|turn|17\n|\n|t:|1700227803\n|switch|p1a: Tornadus|Tornadus-Therian, M, tera:Flying|100\/100 brn\n|move|p2a: Ogerpon|Swords Dance|p2a: Ogerpon\n|-boost|p2a: Ogerpon|atk|2\n|\n|-damage|p1a: Tornadus|94\/100 brn|[from] brn\n|upkeep\n|turn|18\n|l|@taoke\n|\n|t:|1700227810\n|-terastallize|p2a: Ogerpon|Grass\n|detailschange|p2a: Ogerpon|Ogerpon-Teal-Tera, F, tera:Grass\n|-ability|p2a: Ogerpon|Embody Aspect (Teal)|boost\n|-boost|p2a: Ogerpon|spe|1\n|move|p2a: Ogerpon|Play Rough|p1a: Tornadus\n|-damage|p1a: Tornadus|7\/100 brn\n|move|p1a: Tornadus|Bleakwind Storm|p2a: Ogerpon\n|-supereffective|p2a: Ogerpon\n|-enditem|p2a: Ogerpon|Focus Sash\n|-damage|p2a: Ogerpon|1\/100\n|-unboost|p2a: Ogerpon|spe|1\n|\n|-damage|p1a: Tornadus|0 fnt|[from] brn\n|faint|p1a: Tornadus\n|upkeep\n|\n|t:|1700227816\n|switch|p1a: Dondozo|Dondozo, F|100\/100\n|turn|19\n|j|@taoke\n|j| hbgzd\n|c| Exp666|\u5b8c\u86cb\n|\n|t:|1700227833\n|switch|p1a: Blissey|Blissey, F|100\/100\n|move|p2a: Ogerpon|Ivy Cudgel|p1a: Blissey\n|-damage|p1a: Blissey|0 fnt\n|faint|p1a: Blissey\n|\n|upkeep\n|\n|t:|1700227835\n|switch|p1a: Gliscor|Gliscor, M|76\/100 tox\n|turn|20\n|\n|t:|1700227837\n|move|p2a: Ogerpon|Ivy Cudgel|p1a: Gliscor\n|-damage|p1a: Gliscor|0 fnt\n|faint|p1a: Gliscor\n|\n|upkeep\n|\n|t:|1700227840\n|switch|p1a: Dondozo|Dondozo, F|100\/100\n|turn|21\n|\n|t:|1700227842\n|move|p2a: Ogerpon|Ivy Cudgel|p1a: Dondozo\n|-supereffective|p1a: Dondozo\n|-crit|p1a: Dondozo\n|-damage|p1a: Dondozo|12\/100\n|move|p1a: Dondozo|Wave Crash|p2a: Ogerpon\n|-resisted|p2a: Ogerpon\n|-damage|p2a: Ogerpon|0 fnt\n|faint|p2a: Ogerpon\n|-damage|p1a: Dondozo|12\/100|[from] Recoil\n|\n|-heal|p1a: Dondozo|18\/100|[from] item: Leftovers\n|upkeep\n|\n|t:|1700227847\n|switch|p2a: Ursaluna|Ursaluna, M|78\/100 brn\n|turn|22\n|\n|t:|1700227856\n|switch|p1a: Clefable|Clefable, M|96\/100\n|move|p2a: Ursaluna|Facade|p1a: Clefable\n|-damage|p1a: Clefable|0 fnt\n|faint|p1a: Clefable\n|\n|-damage|p2a: Ursaluna|71\/100 brn|[from] brn\n|upkeep\n|\n|t:|1700227859\n|switch|p1a: Dondozo|Dondozo, F|18\/100\n|turn|23\n|j| Naive160\n|c|\u2606jyhfcgdghgfy|\u6211\u8ba8\u538c\u53d7\u961f\n|\n|t:|1700227869\n|move|p2a: Ursaluna|Facade|p1a: Dondozo\n|-damage|p1a: Dondozo|0 fnt\n|faint|p1a: Dondozo\n|\n|win|jyhfcgdghgfy\n|n|\u2606xiaoheizi114514|xiaoheizi114514\n|n|\u2606jyhfcgdghgfy|jyhfcgdghgfy\n|n| stpruty|stpruty\n|n| qingche|qingche\n|n| sadnessi|sadnessi\n|n| Forever1506|forever1506\n|n| Exp666|exp666\n|n| THBD differents|thbddifferents\n|n| Xin is op|xinisop\n|n|+taoke|taoke\n|n| hbgzd|hbgzd\n|n| Naive160|naive160\n","uploadtime":1700227870,"views":6,"p1id":"xiaoheizi114514","p2id":"jyhfcgdghgfy","formatid":"gen9nationaldex","rating":0,"private":0,"password":""}