{"id":"gen9nationaldex-1999557679","p1":"runeatest","p2":"alakaii","format":"[Gen 9] National Dex","log":"|html|<div class=\"broadcast-blue\"><strong>[Gen 9] National Dex is currently suspecting Sneasler! For information on how to participate check out the <a href=\"https:\/\/www.smogon.com\/forums\/threads\/sv-national-dex-suspect-8-just-dance.3731534\/\">suspect thread<\/a>.<\/strong><\/div>\n|j|\u2606runeatest\n|j|\u2606alakaii\n|t:|1701095936\n|gametype|singles\n|player|p1|runeatest|fisherman-gen4|1146\n|player|p2|alakaii|1|1175\n|teamsize|p1|6\n|teamsize|p2|6\n|gen|9\n|tier|[Gen 9] National Dex\n|rated|\n|rule|HP Percentage Mod: HP is shown in percentages\n|rule|Endless Battle Clause: Forcing endless battles is banned\n|rule|OHKO Clause: OHKO moves are banned\n|rule|Evasion Clause: Evasion abilities, items, and moves are banned\n|rule|Evasion Abilities Clause: Evasion abilities are banned\n|rule|Evasion Items Clause: Evasion items are banned\n|rule|Evasion Moves Clause: Evasion moves are banned\n|rule|Species Clause: Limit one of each Pok\u00e9mon\n|rule|Sleep Clause Mod: Limit one foe put to sleep\n|clearpoke\n|poke|p1|Vaporeon, M|\n|poke|p1|Salamence, M|\n|poke|p1|Hitmontop, M|\n|poke|p1|Electivire, M|\n|poke|p1|Togekiss, M|\n|poke|p1|Houndoom, M|\n|poke|p2|Toxapex, F|\n|poke|p2|Kartana|\n|poke|p2|Rotom-Wash|\n|poke|p2|Volcarona, F|\n|poke|p2|Ting-Lu|\n|poke|p2|Diancie|\n|teampreview\n|inactive|Battle timer is ON: inactive players will automatically lose when time's up. (requested by runeatest)\n|\n|t:|1701095948\n|start\n|switch|p1a: Vaporeon|Vaporeon, M|100\/100\n|switch|p2a: Toxapex|Toxapex, F|100\/100\n|turn|1\n|\n|t:|1701095956\n|switch|p1a: Togekiss|Togekiss, M, shiny|100\/100\n|move|p2a: Toxapex|Toxic Spikes|p1a: Togekiss\n|-sidestart|p1: runeatest|move: Toxic Spikes\n|\n|upkeep\n|turn|2\n|\n|t:|1701095968\n|move|p1a: Togekiss|Thunder Wave|p2a: Toxapex\n|-status|p2a: Toxapex|par\n|cant|p2a: Toxapex|par\n|\n|upkeep\n|turn|3\n|\n|t:|1701095974\n|move|p1a: Togekiss|Air Slash|p2a: Toxapex\n|-damage|p2a: Toxapex|72\/100 par\n|move|p2a: Toxapex|Scald|p1a: Togekiss\n|-damage|p1a: Togekiss|85\/100\n|-status|p1a: Togekiss|brn\n|-enditem|p1a: Togekiss|Lum Berry|[eat]\n|-curestatus|p1a: Togekiss|brn|[msg]\n|\n|-heal|p2a: Toxapex|78\/100 par|[from] item: Black Sludge\n|upkeep\n|turn|4\n|\n|t:|1701095986\n|move|p1a: Togekiss|Air Slash|p2a: Toxapex\n|-damage|p2a: Toxapex|48\/100 par\n|cant|p2a: Toxapex|par\n|\n|-heal|p2a: Toxapex|54\/100 par|[from] item: Black Sludge\n|upkeep\n|turn|5\n|\n|t:|1701095992\n|move|p1a: Togekiss|Air Slash|p2a: Toxapex\n|-damage|p2a: Toxapex|25\/100 par\n|cant|p2a: Toxapex|par\n|\n|-heal|p2a: Toxapex|31\/100 par|[from] item: Black Sludge\n|upkeep\n|turn|6\n|\n|t:|1701095999\n|move|p1a: Togekiss|Air Slash|p2a: Toxapex\n|-damage|p2a: Toxapex|0 fnt\n|faint|p2a: Toxapex\n|\n|upkeep\n|\n|t:|1701096010\n|switch|p2a: Rotom|Rotom-Wash|100\/100\n|turn|7\n|\n|t:|1701096016\n|switch|p1a: Electivire|Electivire, M, shiny|100\/100\n|-item|p1a: Electivire|Air Balloon\n|move|p2a: Rotom|Thunderbolt|p1a: Electivire\n|-ability|p1a: Electivire|Motor Drive|boost\n|-boost|p1a: Electivire|spe|1\n|\n|upkeep\n|turn|8\n|\n|t:|1701096027\n|switch|p2a: Ting-Lu|Ting-Lu|100\/100\n|-ability|p2a: Ting-Lu|Vessel of Ruin\n|move|p1a: Electivire|Thunder Punch|p2a: Ting-Lu\n|-immune|p2a: Ting-Lu\n|\n|upkeep\n|turn|9\n|\n|t:|1701096038\n|switch|p1a: Hitmontop|Hitmontop, M|100\/100\n|-status|p1a: Hitmontop|psn\n|move|p2a: Ting-Lu|Whirlwind|p1a: Hitmontop\n|drag|p1a: Togekiss|Togekiss, M, shiny|85\/100\n|\n|upkeep\n|turn|10\n|\n|t:|1701096049\n|move|p1a: Togekiss|Dazzling Gleam|p2a: Ting-Lu\n|-supereffective|p2a: Ting-Lu\n|-crit|p2a: Ting-Lu\n|-damage|p2a: Ting-Lu|30\/100\n|move|p2a: Ting-Lu|Heavy Slam|p1a: Togekiss\n|-supereffective|p1a: Togekiss\n|-damage|p1a: Togekiss|13\/100\n|\n|-heal|p2a: Ting-Lu|36\/100|[from] item: Leftovers\n|upkeep\n|turn|11\n|\n|t:|1701096064\n|move|p1a: Togekiss|Dazzling Gleam|p2a: Ting-Lu\n|-supereffective|p2a: Ting-Lu\n|-damage|p2a: Ting-Lu|0 fnt\n|faint|p2a: Ting-Lu\n|\n|upkeep\n|\n|t:|1701096073\n|switch|p2a: Kartana|Kartana|100\/100\n|turn|12\n|\n|t:|1701096076\n|switch|p1a: Salamence|Salamence, M|100\/100\n|-ability|p1a: Salamence|Intimidate|boost\n|-unboost|p2a: Kartana|atk|1\n|move|p2a: Kartana|Smart Strike|p1a: Salamence\n|-damage|p1a: Salamence|63\/100\n|\n|upkeep\n|turn|13\n|\n|t:|1701096096\n|switch|p2a: Rotom|Rotom-Wash|100\/100\n|move|p1a: Salamence|Hydro Pump|p2a: Rotom\n|-resisted|p2a: Rotom\n|-damage|p2a: Rotom|64\/100\n|\n|upkeep\n|turn|14\n|\n|t:|1701096105\n|switch|p1a: Electivire|Electivire, M, shiny|100\/100\n|-item|p1a: Electivire|Air Balloon\n|move|p2a: Rotom|Thunderbolt|p1a: Electivire\n|-ability|p1a: Electivire|Motor Drive|boost\n|-boost|p1a: Electivire|spe|1\n|\n|upkeep\n|turn|15\n|\n|t:|1701096119\n|switch|p2a: Diancie|Diancie|100\/100\n|move|p1a: Electivire|Thunder Punch|p2a: Diancie\n|-crit|p2a: Diancie\n|-damage|p2a: Diancie|38\/100\n|\n|upkeep\n|turn|16\n|\n|t:|1701096131\n|detailschange|p2a: Diancie|Diancie-Mega\n|-mega|p2a: Diancie|Diancie|Diancite\n|move|p1a: Electivire|Earthquake|p2a: Diancie\n|-supereffective|p2a: Diancie\n|-damage|p2a: Diancie|0 fnt\n|faint|p2a: Diancie\n|\n|upkeep\n|\n|t:|1701096140\n|switch|p2a: Kartana|Kartana|100\/100\n|turn|17\n|\n|t:|1701096146\n|move|p2a: Kartana|Sacred Sword|p1a: Electivire\n|-damage|p1a: Electivire|41\/100\n|-enditem|p1a: Electivire|Air Balloon\n|move|p1a: Electivire|Fire Punch|p2a: Kartana\n|-supereffective|p2a: Kartana\n|-damage|p2a: Kartana|0 fnt\n|faint|p2a: Kartana\n|\n|upkeep\n|\n|t:|1701096154\n|switch|p2a: Volcarona|Volcarona, F|100\/100\n|turn|18\n|\n|t:|1701096159\n|move|p2a: Volcarona|Fiery Dance|p1a: Electivire\n|-damage|p1a: Electivire|0 fnt\n|faint|p1a: Electivire\n|\n|upkeep\n|\n|t:|1701096163\n|switch|p1a: Hitmontop|Hitmontop, M|100\/100 psn\n|turn|19\n|\n|t:|1701096166\n|move|p2a: Volcarona|Fiery Dance|p1a: Hitmontop\n|-crit|p1a: Hitmontop\n|-damage|p1a: Hitmontop|13\/100 psn\n|move|p1a: Hitmontop|Rapid Spin|p2a: Volcarona\n|-damage|p2a: Volcarona|64\/100\n|-boost|p1a: Hitmontop|spe|1\n|-sideend|p1: runeatest|Toxic Spikes|[from] move: Rapid Spin|[of] p1a: Hitmontop\n|\n|-damage|p1a: Hitmontop|1\/100 psn|[from] psn\n|upkeep\n|turn|20\n|\n|t:|1701096174\n|move|p2a: Volcarona|Fiery Dance|p1a: Hitmontop\n|-damage|p1a: Hitmontop|0 fnt\n|faint|p1a: Hitmontop\n|\n|upkeep\n|\n|t:|1701096178\n|switch|p1a: Salamence|Salamence, M|63\/100\n|-ability|p1a: Salamence|Intimidate|boost\n|-unboost|p2a: Volcarona|atk|1\n|turn|21\n|\n|t:|1701096184\n|switch|p2a: Rotom|Rotom-Wash|64\/100\n|move|p1a: Salamence|Air Slash|p2a: Rotom\n|-resisted|p2a: Rotom\n|-damage|p2a: Rotom|30\/100\n|\n|upkeep\n|turn|22\n|\n|t:|1701096190\n|move|p1a: Salamence|Air Slash|p2a: Rotom\n|-resisted|p2a: Rotom\n|-damage|p2a: Rotom|0 fnt\n|faint|p2a: Rotom\n|\n|upkeep\n|\n|t:|1701096194\n|switch|p2a: Volcarona|Volcarona, F|64\/100\n|turn|23\n|\n|t:|1701096211\n|move|p2a: Volcarona|Bug Buzz|p1a: Salamence\n|-resisted|p1a: Salamence\n|-damage|p1a: Salamence|32\/100\n|move|p1a: Salamence|Air Slash|p2a: Volcarona\n|-supereffective|p2a: Volcarona\n|-damage|p2a: Volcarona|0 fnt\n|faint|p2a: Volcarona\n|\n|win|runeatest\n|raw|runeatest's rating: 1146 &rarr; <strong>1173<\/strong><br \/>(+27 for winning)\n|raw|alakaii's rating: 1175 &rarr; <strong>1148<\/strong><br \/>(-27 for losing)\n|c|\u2606alakaii|gg\n","uploadtime":1701096225,"views":2,"p1id":"runeatest","p2id":"alakaii","formatid":"gen9nationaldex","rating":1148,"private":0,"password":""}