{"id":"gen9nationaldex-1990359096","p1":"MRI007","p2":"Tokiwakano","format":"[Gen 9] National Dex","log":"|j|\u2606MRI007\n|j|\u203dTokiwakano\n|t:|1699961865\n|gametype|singles\n|player|p1|MRI007|1|1575\n|player|p2|Tokiwakano|caitlin|1687\n|teamsize|p1|6\n|teamsize|p2|6\n|gen|9\n|tier|[Gen 9] National Dex\n|rated|\n|rule|HP Percentage Mod: HP is shown in percentages\n|rule|Endless Battle Clause: Forcing endless battles is banned\n|rule|OHKO Clause: OHKO moves are banned\n|rule|Evasion Clause: Evasion abilities, items, and moves are banned\n|rule|Evasion Abilities Clause: Evasion abilities are banned\n|rule|Evasion Items Clause: Evasion items are banned\n|rule|Evasion Moves Clause: Evasion moves are banned\n|rule|Species Clause: Limit one of each Pok\u00e9mon\n|rule|Sleep Clause Mod: Limit one foe put to sleep\n|clearpoke\n|poke|p1|Alomomola, M|\n|poke|p1|Skeledirge, M|\n|poke|p1|Tapu Lele|\n|poke|p1|Cinderace, F|\n|poke|p1|Glimmora, M|\n|poke|p1|Tyranitar, F|\n|poke|p2|Tapu Koko|\n|poke|p2|Iron Valiant|\n|poke|p2|Garchomp, F|\n|poke|p2|Ferrothorn, M|\n|poke|p2|Scizor, F|\n|poke|p2|Tornadus-Therian, M|\n|teampreview\n|inactive|Battle timer is ON: inactive players will automatically lose when time's up. (requested by Tokiwakano)\n|\n|t:|1699961873\n|start\n|switch|p1a: Tyranitar|Tyranitar, F|100\/100\n|switch|p2a: Garchomp|Garchomp, F|100\/100\n|-weather|Sandstorm|[from] ability: Sand Stream|[of] p1a: Tyranitar\n|turn|1\n|\n|t:|1699961881\n|detailschange|p1a: Tyranitar|Tyranitar-Mega, F\n|-mega|p1a: Tyranitar|Tyranitar|Tyranitarite\n|move|p2a: Garchomp|Earthquake|p1a: Tyranitar\n|-supereffective|p1a: Tyranitar\n|-damage|p1a: Tyranitar|48\/100\n|move|p1a: Tyranitar|Ice Beam|p2a: Garchomp\n|-supereffective|p2a: Garchomp\n|-damage|p2a: Garchomp|5\/100\n|\n|-weather|Sandstorm|[upkeep]\n|upkeep\n|turn|2\n|\n|t:|1699961893\n|switch|p1a: Glimmora|Glimmora, M|100\/100\n|move|p2a: Garchomp|Earthquake|p1a: Glimmora\n|-supereffective|p1a: Glimmora\n|-enditem|p1a: Glimmora|Focus Sash\n|-damage|p1a: Glimmora|1\/100\n|-activate|p1a: Glimmora|ability: Toxic Debris\n|-sidestart|p2: Tokiwakano|move: Toxic Spikes\n|\n|-weather|Sandstorm|[upkeep]\n|upkeep\n|turn|3\n|\n|t:|1699961903\n|move|p2a: Garchomp|Earthquake|p1a: Glimmora\n|-supereffective|p1a: Glimmora\n|-damage|p1a: Glimmora|0 fnt\n|-activate|p1a: Glimmora|ability: Toxic Debris\n|-sidestart|p2: Tokiwakano|move: Toxic Spikes\n|faint|p1a: Glimmora\n|\n|-weather|Sandstorm|[upkeep]\n|upkeep\n|\n|t:|1699961912\n|switch|p1a: Cinderace|Cinderace, F|100\/100\n|turn|4\n|\n|t:|1699961921\n|move|p1a: Cinderace|Low Kick|p2a: Garchomp\n|-start|p1a: Cinderace|typechange|Fighting|[from] ability: Libero\n|-damage|p2a: Garchomp|0 fnt\n|-damage|p1a: Cinderace|88\/100|[from] ability: Rough Skin|[of] p2a: Garchomp\n|faint|p2a: Garchomp\n|\n|-weather|Sandstorm|[upkeep]\n|-damage|p1a: Cinderace|82\/100|[from] Sandstorm\n|upkeep\n|\n|t:|1699961924\n|switch|p2a: Tapu Koko|Tapu Koko|100\/100\n|-fieldstart|move: Electric Terrain|[from] ability: Electric Surge|[of] p2a: Tapu Koko\n|turn|5\n|\n|t:|1699961949\n|switch|p1a: Skeledirge|Skeledirge, M|100\/100\n|move|p2a: Tapu Koko|Toxic|p1a: Skeledirge|[miss]\n|-miss|p2a: Tapu Koko|p1a: Skeledirge\n|\n|-weather|none\n|upkeep\n|turn|6\n|\n|t:|1699961960\n|switch|p1a: Tyranitar|Tyranitar-Mega, F|48\/100\n|-weather|Sandstorm|[from] ability: Sand Stream|[of] p1a: Tyranitar\n|move|p2a: Tapu Koko|Toxic|p1a: Tyranitar\n|-status|p1a: Tyranitar|tox\n|\n|-weather|Sandstorm|[upkeep]\n|-damage|p2a: Tapu Koko|94\/100|[from] Sandstorm\n|-damage|p1a: Tyranitar|42\/100 tox|[from] psn\n|upkeep\n|turn|7\n|\n|t:|1699961973\n|move|p2a: Tapu Koko|Volt Switch|p1a: Tyranitar\n|-damage|p1a: Tyranitar|22\/100 tox\n|-activate|p2a: Tapu Koko|move: Pursuit\n|move|p1a: Tyranitar|Pursuit|p2a: Tapu Koko|[from]Pursuit\n|-resisted|p2a: Tapu Koko\n|-crit|p2a: Tapu Koko\n|-damage|p2a: Tapu Koko|57\/100\n|\n|t:|1699961980\n|switch|p2a: Tornadus|Tornadus-Therian, M|100\/100|[from] Volt Switch\n|\n|-weather|Sandstorm|[upkeep]\n|-damage|p2a: Tornadus|94\/100|[from] Sandstorm\n|-damage|p1a: Tyranitar|9\/100 tox|[from] psn\n|upkeep\n|turn|8\n|\n|t:|1699961987\n|move|p2a: Tornadus|U-turn|p1a: Tyranitar\n|-supereffective|p1a: Tyranitar\n|-damage|p1a: Tyranitar|0 fnt\n|faint|p1a: Tyranitar\n|\n|t:|1699961995\n|switch|p2a: Tapu Koko|Tapu Koko|57\/100|[from] U-turn\n|\n|-weather|Sandstorm|[upkeep]\n|-damage|p2a: Tapu Koko|51\/100|[from] Sandstorm\n|upkeep\n|\n|t:|1699962004\n|switch|p1a: Tapu Lele|Tapu Lele|100\/100\n|-fieldstart|move: Psychic Terrain|[from] ability: Psychic Surge|[of] p1a: Tapu Lele\n|turn|9\n|\n|t:|1699962012\n|switch|p2a: Tornadus|Tornadus-Therian, M|100\/100\n|move|p1a: Tapu Lele|Hidden Power|p2a: Tornadus\n|-damage|p2a: Tornadus|71\/100\n|\n|-weather|Sandstorm|[upkeep]\n|-damage|p2a: Tornadus|65\/100|[from] Sandstorm\n|-damage|p1a: Tapu Lele|94\/100|[from] Sandstorm\n|upkeep\n|turn|10\n|\n|t:|1699962023\n|switch|p1a: Skeledirge|Skeledirge, M|100\/100\n|move|p2a: Tornadus|Defog|p1a: Skeledirge\n|-unboost|p1a: Skeledirge|evasion|1\n|-sideend|p2: Tokiwakano|Toxic Spikes|[from] move: Defog|[of] p2a: Tornadus\n|-fieldend|move: Psychic Terrain\n|\n|-weather|none\n|upkeep\n|turn|11\n|\n|t:|1699962035\n|move|p2a: Tornadus|Taunt|p1a: Skeledirge\n|-start|p1a: Skeledirge|move: Taunt\n|cant|p1a: Skeledirge|move: Taunt|Will-O-Wisp\n|\n|upkeep\n|turn|12\n|\n|t:|1699962042\n|move|p2a: Tornadus|U-turn|p1a: Skeledirge\n|-resisted|p1a: Skeledirge\n|-damage|p1a: Skeledirge|98\/100\n|\n|t:|1699962044\n|switch|p2a: Tapu Koko|Tapu Koko|51\/100|[from] U-turn\n|-fieldstart|move: Electric Terrain|[from] ability: Electric Surge|[of] p2a: Tapu Koko\n|move|p1a: Skeledirge|Torch Song|p2a: Tapu Koko\n|-damage|p2a: Tapu Koko|4\/100\n|-boost|p1a: Skeledirge|spa|1\n|\n|upkeep\n|turn|13\n|\n|t:|1699962061\n|switch|p1a: Tapu Lele|Tapu Lele|94\/100\n|-fieldstart|move: Psychic Terrain|[from] ability: Psychic Surge|[of] p1a: Tapu Lele\n|move|p2a: Tapu Koko|Volt Switch|p1a: Tapu Lele\n|-crit|p1a: Tapu Lele\n|-damage|p1a: Tapu Lele|46\/100\n|\n|t:|1699962067\n|switch|p2a: Tornadus|Tornadus-Therian, M|98\/100|[from] Volt Switch\n|\n|upkeep\n|turn|14\n|\n|t:|1699962073\n|switch|p2a: Ferrothorn|Ferrothorn, M|100\/100\n|switch|p1a: Alomomola|Alomomola, M|100\/100\n|\n|upkeep\n|turn|15\n|\n|t:|1699962081\n|move|p1a: Alomomola|Wish|p1a: Alomomola\n|move|p2a: Ferrothorn|Stealth Rock|p1a: Alomomola\n|-sidestart|p1: MRI007|move: Stealth Rock\n|\n|upkeep\n|turn|16\n|\n|t:|1699962088\n|switch|p1a: Cinderace|Cinderace, F|82\/100\n|-damage|p1a: Cinderace|57\/100|[from] Stealth Rock\n|move|p2a: Ferrothorn|Knock Off|p1a: Cinderace\n|-damage|p1a: Cinderace|37\/100\n|\n|-heal|p1a: Cinderace|100\/100|[from] move: Wish|[wisher] Alomomola\n|upkeep\n|turn|17\n|\n|t:|1699962100\n|-terastallize|p2a: Ferrothorn|Ghost\n|move|p1a: Cinderace|Swords Dance|p1a: Cinderace\n|-start|p1a: Cinderace|typechange|Normal|[from] ability: Libero\n|-boost|p1a: Cinderace|atk|2\n|move|p2a: Ferrothorn|Leech Seed|p1a: Cinderace\n|-start|p1a: Cinderace|move: Leech Seed\n|\n|-damage|p1a: Cinderace|88\/100|[from] Leech Seed|[of] p2a: Ferrothorn\n|-fieldend|move: Psychic Terrain\n|upkeep\n|turn|18\n|\n|t:|1699962119\n|move|p1a: Cinderace|Pyro Ball|p2a: Ferrothorn\n|-damage|p2a: Ferrothorn|56\/100\n|-status|p2a: Ferrothorn|brn\n|move|p2a: Ferrothorn|Gyro Ball|p1a: Cinderace\n|-damage|p1a: Cinderace|51\/100\n|\n|-heal|p2a: Ferrothorn|62\/100 brn|[from] item: Leftovers\n|-damage|p1a: Cinderace|38\/100|[from] Leech Seed|[of] p2a: Ferrothorn\n|-heal|p2a: Ferrothorn|72\/100 brn|[silent]\n|-damage|p2a: Ferrothorn|66\/100 brn|[from] brn\n|upkeep\n|turn|19\n|\n|t:|1699962132\n|switch|p1a: Alomomola|Alomomola, M|100\/100\n|-damage|p1a: Alomomola|88\/100|[from] Stealth Rock\n|move|p2a: Ferrothorn|Gyro Ball|p1a: Alomomola\n|-resisted|p1a: Alomomola\n|-damage|p1a: Alomomola|84\/100\n|-damage|p2a: Ferrothorn|50\/100 brn|[from] item: Rocky Helmet|[of] p1a: Alomomola\n|\n|-heal|p2a: Ferrothorn|56\/100 brn|[from] item: Leftovers\n|-damage|p2a: Ferrothorn|50\/100 brn|[from] brn\n|upkeep\n|turn|20\n|l|\u203dTokiwakano\n|inactive|Tokiwakano disconnected and has a minute to reconnect!\n|player|p2|\n|\n|t:|1699962143\n|move|p1a: Alomomola|Wish|p1a: Alomomola\n|move|p2a: Ferrothorn|Leech Seed|p1a: Alomomola\n|-start|p1a: Alomomola|move: Leech Seed\n|\n|-heal|p2a: Ferrothorn|56\/100 brn|[from] item: Leftovers\n|-damage|p1a: Alomomola|71\/100|[from] Leech Seed|[of] p2a: Ferrothorn\n|-heal|p2a: Ferrothorn|73\/100 brn|[silent]\n|-damage|p2a: Ferrothorn|66\/100 brn|[from] brn\n|upkeep\n|turn|21\n|j|\u203dTokiwakano\n|inactive|Tokiwakano reconnected and has 145 seconds left.\n|player|p2|Tokiwakano|caitlin\n|n|\u203dTokiwakano|tokiwakano\n|\n|t:|1699962157\n|switch|p1a: Skeledirge|Skeledirge, M|98\/100\n|move|p2a: Ferrothorn|Gyro Ball|p1a: Skeledirge\n|-resisted|p1a: Skeledirge\n|-damage|p1a: Skeledirge|94\/100\n|\n|-heal|p1a: Skeledirge|100\/100|[from] move: Wish|[wisher] Alomomola\n|-heal|p2a: Ferrothorn|73\/100 brn|[from] item: Leftovers\n|-damage|p2a: Ferrothorn|66\/100 brn|[from] brn\n|upkeep\n|turn|22\n|\n|t:|1699962171\n|move|p1a: Skeledirge|Hex|p2a: Ferrothorn\n|-supereffective|p2a: Ferrothorn\n|-damage|p2a: Ferrothorn|0 fnt\n|faint|p2a: Ferrothorn\n|\n|upkeep\n|\n|t:|1699962175\n|switch|p2a: Tapu Koko|Tapu Koko|4\/100\n|-fieldstart|move: Electric Terrain|[from] ability: Electric Surge|[of] p2a: Tapu Koko\n|turn|23\n|\n|t:|1699962179\n|move|p2a: Tapu Koko|Volt Switch|p1a: Skeledirge\n|-damage|p1a: Skeledirge|57\/100\n|\n|t:|1699962182\n|switch|p2a: Tornadus|Tornadus-Therian, M|100\/100|[from] Volt Switch\n|move|p1a: Skeledirge|Torch Song|p2a: Tornadus\n|-damage|p2a: Tornadus|72\/100\n|-boost|p1a: Skeledirge|spa|1\n|\n|upkeep\n|turn|24\n|\n|t:|1699962194\n|move|p2a: Tornadus|Hurricane|p1a: Skeledirge|[miss]\n|-miss|p2a: Tornadus|p1a: Skeledirge\n|move|p1a: Skeledirge|Torch Song|p2a: Tornadus\n|-crit|p2a: Tornadus\n|-damage|p2a: Tornadus|0 fnt\n|-boost|p1a: Skeledirge|spa|1\n|faint|p2a: Tornadus\n|\n|upkeep\n|\n|t:|1699962202\n|switch|p2a: Iron Valiant|Iron Valiant|100\/100\n|-activate|p2a: Iron Valiant|ability: Quark Drive\n|-start|p2a: Iron Valiant|quarkdrivespe\n|turn|25\n|\n|t:|1699962212\n|move|p2a: Iron Valiant|Thunderbolt|p1a: Skeledirge\n|-damage|p1a: Skeledirge|0 fnt\n|faint|p1a: Skeledirge\n|\n|upkeep\n|\n|t:|1699962218\n|switch|p1a: Tapu Lele|Tapu Lele|46\/100\n|-damage|p1a: Tapu Lele|34\/100|[from] Stealth Rock\n|-fieldstart|move: Psychic Terrain|[from] ability: Psychic Surge|[of] p1a: Tapu Lele\n|-end|p2a: Iron Valiant|Quark Drive\n|turn|26\n|\n|t:|1699962228\n|-end|p2a: Iron Valiant|Quark Drive|[silent]\n|switch|p2a: Scizor|Scizor, F|100\/100\n|move|p1a: Tapu Lele|Psyshock|p2a: Scizor\n|-resisted|p2a: Scizor\n|-damage|p2a: Scizor|64\/100\n|\n|upkeep\n|turn|27\n|\n|t:|1699962235\n|switch|p1a: Alomomola|Alomomola, M|100\/100\n|-damage|p1a: Alomomola|88\/100|[from] Stealth Rock\n|detailschange|p2a: Scizor|Scizor-Mega, F\n|-mega|p2a: Scizor|Scizor|Scizorite\n|move|p2a: Scizor|U-turn|p1a: Alomomola\n|-damage|p1a: Alomomola|64\/100\n|-damage|p2a: Scizor|47\/100|[from] item: Rocky Helmet|[of] p1a: Alomomola\n|\n|t:|1699962239\n|switch|p2a: Tapu Koko|Tapu Koko|4\/100|[from] U-turn\n|-fieldstart|move: Electric Terrain|[from] ability: Electric Surge|[of] p2a: Tapu Koko\n|\n|upkeep\n|turn|28\n|\n|t:|1699962250\n|move|p1a: Alomomola|Protect|p1a: Alomomola\n|-singleturn|p1a: Alomomola|Protect\n|move|p2a: Tapu Koko|Volt Switch|p1a: Alomomola\n|-activate|p1a: Alomomola|move: Protect\n|\n|upkeep\n|turn|29\n|\n|t:|1699962260\n|-terastallize|p1a: Alomomola|Fairy\n|move|p2a: Tapu Koko|Volt Switch|p1a: Alomomola\n|-damage|p1a: Alomomola|31\/100\n|\n|t:|1699962265\n|switch|p2a: Scizor|Scizor-Mega, F|47\/100|[from] Volt Switch\n|move|p1a: Alomomola|Wish|p1a: Alomomola\n|\n|upkeep\n|turn|30\n|\n|t:|1699962275\n|switch|p1a: Cinderace|Cinderace, F|38\/100\n|-damage|p1a: Cinderace|13\/100|[from] Stealth Rock\n|move|p2a: Scizor|Knock Off|p1a: Cinderace\n|-damage|p1a: Cinderace|0 fnt\n|faint|p1a: Cinderace\n|\n|upkeep\n|-message|MRI007 forfeited.\n|\n|win|Tokiwakano\n|raw|MRI007's rating: 1575 &rarr; <strong>1561<\/strong><br \/>(-14 for losing)\n|raw|Tokiwakano's rating: 1687 &rarr; <strong>1701<\/strong><br \/>(+14 for winning)\n|l|\u2606MRI007\n","uploadtime":1699962289,"views":8,"p1id":"mri007","p2id":"tokiwakano","formatid":"gen9nationaldex","rating":1561,"private":0,"password":""}