{"id":"gen9nationaldex-2000329132","p1":"lilpeski","p2":"Manuel_hdz15","format":"[Gen 9] National Dex","log":"|html|<div class=\"broadcast-blue\"><strong>[Gen 9] National Dex is currently suspecting Sneasler! For information on how to participate check out the <a href=\"https:\/\/www.smogon.com\/forums\/threads\/sv-national-dex-suspect-8-just-dance.3731534\/\">suspect thread<\/a>.<\/strong><\/div>\n|j|\u2606lilpeski\n|j|\u2606Manuel_hdz15\n|t:|1701185452\n|gametype|singles\n|player|p1|lilpeski|hugh|1229\n|player|p2|Manuel_hdz15|265|1370\n|teamsize|p1|6\n|teamsize|p2|6\n|gen|9\n|tier|[Gen 9] National Dex\n|rated|\n|rule|HP Percentage Mod: HP is shown in percentages\n|rule|Endless Battle Clause: Forcing endless battles is banned\n|rule|OHKO Clause: OHKO moves are banned\n|rule|Evasion Clause: Evasion abilities, items, and moves are banned\n|rule|Evasion Abilities Clause: Evasion abilities are banned\n|rule|Evasion Items Clause: Evasion items are banned\n|rule|Evasion Moves Clause: Evasion moves are banned\n|rule|Species Clause: Limit one of each Pok\u00e9mon\n|rule|Sleep Clause Mod: Limit one foe put to sleep\n|clearpoke\n|poke|p1|Venusaur, M|\n|poke|p1|Jirachi|\n|poke|p1|Zapdos|\n|poke|p1|Blastoise, F|\n|poke|p1|Dragonite, M|\n|poke|p1|Mew|\n|poke|p2|Gyarados, M|\n|poke|p2|Latios, M|\n|poke|p2|Zapdos|\n|poke|p2|Zoroark-Hisui, F|\n|poke|p2|Grimmsnarl, M|\n|poke|p2|Mew|\n|teampreview\n|\n|t:|1701185471\n|start\n|switch|p1a: Glock|Zapdos, shiny|100\/100\n|switch|p2a: Grimmsnarl|Grimmsnarl, M|100\/100\n|turn|1\n|\n|t:|1701185477\n|move|p2a: Grimmsnarl|Hyper Voice|p1a: Glock\n|-damage|p1a: Glock|55\/100\n|move|p1a: Glock|Thunder Wave|p2a: Grimmsnarl\n|-status|p2a: Grimmsnarl|par\n|\n|upkeep\n|turn|2\n|\n|t:|1701185483\n|switch|p1a: Uzi|Jirachi, shiny|100\/100\n|move|p2a: Grimmsnarl|Hyper Voice|p1a: Uzi\n|-resisted|p1a: Uzi\n|-damage|p1a: Uzi|76\/100\n|\n|upkeep\n|turn|3\n|\n|t:|1701185488\n|switch|p2a: Zapdos|Zapdos|100\/100\n|move|p1a: Uzi|Iron Head|p2a: Zapdos\n|-resisted|p2a: Zapdos\n|-damage|p2a: Zapdos|81\/100\n|\n|upkeep\n|turn|4\n|\n|t:|1701185497\n|switch|p1a: Wok|Mew, shiny|100\/100\n|move|p2a: Zapdos|Thunderbolt|p1a: Wok\n|-damage|p1a: Wok|71\/100\n|\n|-heal|p1a: Wok|77\/100|[from] item: Leftovers\n|upkeep\n|turn|5\n|\n|t:|1701185506\n|move|p2a: Zapdos|Hurricane|p1a: Wok\n|-damage|p1a: Wok|42\/100\n|move|p1a: Wok|Toxic|p2a: Zapdos\n|-status|p2a: Zapdos|tox\n|\n|-heal|p1a: Wok|48\/100|[from] item: Leftovers\n|-damage|p2a: Zapdos|75\/100 tox|[from] psn\n|upkeep\n|turn|6\n|\n|t:|1701185513\n|move|p2a: Zapdos|Volt Switch|p1a: Wok\n|-crit|p1a: Wok\n|-damage|p1a: Wok|17\/100\n|\n|t:|1701185521\n|switch|p2a: Latios|Latios, M|100\/100|[from] Volt Switch\n|move|p1a: Wok|Soft-Boiled|p1a: Wok\n|-heal|p1a: Wok|67\/100\n|\n|-heal|p1a: Wok|73\/100|[from] item: Leftovers\n|upkeep\n|turn|7\n|\n|t:|1701185536\n|switch|p2a: Grimmsnarl|Grimmsnarl, M|100\/100 par\n|-terastallize|p1a: Wok|Steel\n|move|p1a: Wok|Toxic||[still]\n|-fail|p1a: Wok\n|\n|-heal|p1a: Wok|79\/100|[from] item: Leftovers\n|upkeep\n|turn|8\n|\n|t:|1701185551\n|cant|p2a: Grimmsnarl|par\n|move|p1a: Wok|Ice Beam|p2a: Grimmsnarl\n|-damage|p2a: Grimmsnarl|55\/100 par\n|replace|p2a: Zoroark|Zoroark-Hisui, F\n|-end|p2a: Zoroark|Illusion\n|\n|-heal|p1a: Wok|85\/100|[from] item: Leftovers\n|upkeep\n|turn|9\n|\n|t:|1701185573\n|switch|p1a: Codeine|Blastoise, F, shiny|100\/100\n|move|p2a: Zoroark|Flamethrower|p1a: Codeine\n|-resisted|p1a: Codeine\n|-damage|p1a: Codeine|85\/100\n|\n|-heal|p1a: Codeine|91\/100|[from] item: Leftovers\n|upkeep\n|turn|10\n|\n|t:|1701185580\n|switch|p2a: Zapdos|Zapdos|75\/100 tox\n|move|p1a: Codeine|Rain Dance|p1a: Codeine\n|-weather|RainDance\n|\n|-weather|RainDance|[upkeep]\n|-heal|p1a: Codeine|97\/100|[from] ability: Rain Dish\n|-heal|p1a: Codeine|100\/100|[from] item: Leftovers\n|-damage|p2a: Zapdos|68\/100 tox|[from] psn\n|upkeep\n|turn|11\n|\n|t:|1701185587\n|move|p1a: Codeine|Protect|p1a: Codeine\n|-singleturn|p1a: Codeine|Protect\n|move|p2a: Zapdos|Thunderbolt|p1a: Codeine\n|-activate|p1a: Codeine|move: Protect\n|\n|-weather|RainDance|[upkeep]\n|-damage|p2a: Zapdos|56\/100 tox|[from] psn\n|upkeep\n|turn|12\n|\n|t:|1701185597\n|switch|p1a: Subway|Venusaur, M, shiny|100\/100\n|move|p2a: Zapdos|Thunderbolt|p1a: Subway\n|-resisted|p1a: Subway\n|-damage|p1a: Subway|85\/100\n|\n|-weather|RainDance|[upkeep]\n|-heal|p1a: Subway|91\/100|[from] item: Leftovers\n|-damage|p2a: Zapdos|37\/100 tox|[from] psn\n|upkeep\n|turn|13\n|\n|t:|1701185607\n|move|p1a: Subway|Protect|p1a: Subway\n|-singleturn|p1a: Subway|Protect\n|move|p2a: Zapdos|Hurricane|p1a: Subway\n|-activate|p1a: Subway|move: Protect\n|\n|-weather|RainDance|[upkeep]\n|-heal|p1a: Subway|97\/100|[from] item: Leftovers\n|-damage|p2a: Zapdos|12\/100 tox|[from] psn\n|upkeep\n|turn|14\n|\n|t:|1701185620\n|switch|p1a: Sprite|Dragonite, M, shiny|100\/100\n|move|p2a: Zapdos|Volt Switch|p1a: Sprite\n|-damage|p1a: Sprite|60\/100\n|\n|t:|1701185629\n|switch|p2a: Mew|Mew|100\/100|[from] Volt Switch\n|\n|-weather|none\n|-heal|p1a: Sprite|66\/100|[from] item: Leftovers\n|upkeep\n|turn|15\n|\n|t:|1701185639\n|switch|p1a: Wok|Mew, shiny, tera:Steel|85\/100\n|move|p2a: Mew|Block|p1a: Wok\n|-activate|p1a: Wok|trapped\n|\n|-heal|p1a: Wok|91\/100|[from] item: Leftovers\n|upkeep\n|turn|16\n|\n|t:|1701185655\n|-terastallize|p2a: Mew|Poison\n|move|p1a: Wok|Toxic|p2a: Mew\n|-immune|p2a: Mew\n|move|p2a: Mew|Imprison|p2a: Mew\n|-start|p2a: Mew|move: Imprison\n|\n|-heal|p1a: Wok|98\/100|[from] item: Leftovers\n|upkeep\n|turn|17\n|\n|t:|1701185665\n|move|p1a: Wok|Ice Beam|p2a: Mew\n|-damage|p2a: Mew|87\/100\n|move|p2a: Mew|Transform|p1a: Wok\n|-transform|p2a: Mew|p1a: Wok\n|\n|-heal|p1a: Wok|100\/100|[from] item: Leftovers\n|-heal|p2a: Mew|93\/100|[from] item: Leftovers\n|upkeep\n|turn|18\n|\n|t:|1701185682\n|-activate|p1a: Wok|move: Struggle\n|move|p1a: Wok|Struggle|p2a: Mew\n|-damage|p2a: Mew|85\/100\n|-damage|p1a: Wok|75\/100|[from] recoil\n|move|p2a: Mew|Heal Bell|p2a: Mew\n|-activate|p2a: Mew|move: Heal Bell\n|-curestatus|p2: Zoroark|par|[msg]\n|-curestatus|p2: Zapdos|tox|[msg]\n|\n|-heal|p2a: Mew|91\/100|[from] item: Leftovers\n|-heal|p1a: Wok|82\/100|[from] item: Leftovers\n|upkeep\n|turn|19\n|\n|t:|1701185699\n|-activate|p1a: Wok|move: Struggle\n|move|p1a: Wok|Struggle|p2a: Mew\n|-damage|p2a: Mew|84\/100\n|-damage|p1a: Wok|57\/100|[from] recoil\n|move|p2a: Mew|Ice Beam|p1a: Wok\n|-resisted|p1a: Wok\n|-damage|p1a: Wok|50\/100\n|\n|-heal|p2a: Mew|90\/100|[from] item: Leftovers\n|-heal|p1a: Wok|57\/100|[from] item: Leftovers\n|upkeep\n|turn|20\n|\n|t:|1701185711\n|move|p2a: Mew|Ice Beam|p1a: Wok\n|-resisted|p1a: Wok\n|-damage|p1a: Wok|50\/100\n|-activate|p1a: Wok|move: Struggle\n|move|p1a: Wok|Struggle|p2a: Mew\n|-damage|p2a: Mew|82\/100\n|-damage|p1a: Wok|25\/100|[from] recoil\n|\n|-heal|p1a: Wok|32\/100|[from] item: Leftovers\n|-heal|p2a: Mew|88\/100|[from] item: Leftovers\n|upkeep\n|turn|21\n|\n|t:|1701185725\n|-activate|p1a: Wok|move: Struggle\n|move|p1a: Wok|Struggle|p2a: Mew\n|-damage|p2a: Mew|80\/100\n|-damage|p1a: Wok|7\/100|[from] recoil\n|move|p2a: Mew|Ice Beam|p1a: Wok\n|-resisted|p1a: Wok\n|-damage|p1a: Wok|0 fnt\n|faint|p1a: Wok\n|\n|-heal|p2a: Mew|87\/100|[from] item: Leftovers\n|upkeep\n|\n|t:|1701185728\n|switch|p1a: Uzi|Jirachi, shiny|76\/100\n|turn|22\n|\n|t:|1701185738\n|switch|p2a: Zapdos|Zapdos|12\/100\n|move|p1a: Uzi|Iron Head|p2a: Zapdos\n|-resisted|p2a: Zapdos\n|-damage|p2a: Zapdos|0 fnt\n|faint|p2a: Zapdos\n|\n|upkeep\n|\n|t:|1701185745\n|switch|p2a: Grimmsnarl|Grimmsnarl, M|100\/100\n|turn|23\n|\n|t:|1701185748\n|move|p2a: Grimmsnarl|Thunder Wave|p1a: Uzi\n|-status|p1a: Uzi|par\n|move|p1a: Uzi|Iron Head|p2a: Grimmsnarl\n|-supereffective|p2a: Grimmsnarl\n|-damage|p2a: Grimmsnarl|36\/100\n|\n|upkeep\n|turn|24\n|\n|t:|1701185755\n|move|p2a: Grimmsnarl|Reflect|p2a: Grimmsnarl\n|-sidestart|p2: Manuel_hdz15|Reflect\n|cant|p1a: Uzi|par\n|\n|upkeep\n|turn|25\n|\n|t:|1701185761\n|move|p2a: Grimmsnarl|Parting Shot|p1a: Uzi\n|-unboost|p1a: Uzi|atk|1\n|-unboost|p1a: Uzi|spa|1\n|\n|t:|1701185766\n|switch|p2a: Gyarados|Gyarados, M|100\/100|[from] Parting Shot\n|move|p1a: Uzi|Iron Head|p2a: Gyarados\n|-resisted|p2a: Gyarados\n|-damage|p2a: Gyarados|94\/100\n|\n|upkeep\n|turn|26\n|\n|t:|1701185773\n|switch|p1a: Codeine|Blastoise, F, shiny|100\/100\n|move|p2a: Gyarados|Dragon Dance|p2a: Gyarados\n|-boost|p2a: Gyarados|atk|1\n|-boost|p2a: Gyarados|spe|1\n|\n|upkeep\n|turn|27\n|\n|t:|1701185777\n|move|p2a: Gyarados|Dragon Dance|p2a: Gyarados\n|-boost|p2a: Gyarados|atk|1\n|-boost|p2a: Gyarados|spe|1\n|move|p1a: Codeine|Toxic|p2a: Gyarados\n|-status|p2a: Gyarados|tox\n|\n|-damage|p2a: Gyarados|88\/100 tox|[from] psn\n|upkeep\n|turn|28\n|\n|t:|1701185786\n|move|p1a: Codeine|Protect|p1a: Codeine\n|-singleturn|p1a: Codeine|Protect\n|move|p2a: Gyarados|Earthquake|p1a: Codeine\n|-activate|p1a: Codeine|move: Protect\n|\n|-damage|p2a: Gyarados|76\/100 tox|[from] psn\n|upkeep\n|turn|29\n|\n|t:|1701185794\n|switch|p2a: Mew|Mew, tera:Poison|87\/100\n|move|p1a: Codeine|Rain Dance|p1a: Codeine\n|-weather|RainDance\n|\n|-weather|RainDance|[upkeep]\n|-heal|p2a: Mew|93\/100|[from] item: Leftovers\n|upkeep\n|turn|30\n|\n|t:|1701185804\n|switch|p1a: Subway|Venusaur, M, shiny|97\/100\n|move|p2a: Mew|Block|p1a: Subway\n|-activate|p1a: Subway|trapped\n|\n|-weather|RainDance|[upkeep]\n|-heal|p2a: Mew|99\/100|[from] item: Leftovers\n|-heal|p1a: Subway|100\/100|[from] item: Leftovers\n|upkeep\n|turn|31\n|\n|t:|1701185811\n|move|p2a: Mew|Imprison|p2a: Mew\n|-start|p2a: Mew|move: Imprison\n|move|p1a: Subway|Sleep Powder|p2a: Mew\n|-status|p2a: Mew|slp|[from] move: Sleep Powder\n|\n|-weather|RainDance|[upkeep]\n|-heal|p2a: Mew|100\/100 slp|[from] item: Leftovers\n|-sideend|p2: Manuel_hdz15|Reflect\n|upkeep\n|turn|32\n|\n|t:|1701185818\n|cant|p2a: Mew|slp\n|move|p1a: Subway|Leech Seed|p2a: Mew\n|-start|p2a: Mew|move: Leech Seed\n|\n|-weather|RainDance|[upkeep]\n|-damage|p2a: Mew|88\/100 slp|[from] Leech Seed|[of] p1a: Subway\n|upkeep\n|turn|33\n|\n|t:|1701185830\n|cant|p2a: Mew|slp\n|move|p1a: Subway|Giga Drain|p2a: Mew\n|-resisted|p2a: Mew\n|-damage|p2a: Mew|78\/100 slp\n|\n|-weather|none\n|-heal|p2a: Mew|85\/100 slp|[from] item: Leftovers\n|-damage|p2a: Mew|72\/100 slp|[from] Leech Seed|[of] p1a: Subway\n|upkeep\n|turn|34\n|\n|t:|1701185841\n|move|p1a: Subway|Protect|p1a: Subway\n|-singleturn|p1a: Subway|Protect\n|cant|p2a: Mew|slp\n|\n|-heal|p2a: Mew|78\/100 slp|[from] item: Leftovers\n|-damage|p2a: Mew|66\/100 slp|[from] Leech Seed|[of] p1a: Subway\n|upkeep\n|turn|35\n|\n|t:|1701185846\n|-curestatus|p2a: Mew|slp|[msg]\n|move|p2a: Mew|Roost|p2a: Mew\n|-heal|p2a: Mew|100\/100\n|move|p1a: Subway|Giga Drain|p2a: Mew\n|-resisted|p2a: Mew\n|-damage|p2a: Mew|91\/100\n|\n|-heal|p2a: Mew|97\/100|[from] item: Leftovers\n|-damage|p2a: Mew|85\/100|[from] Leech Seed|[of] p1a: Subway\n|upkeep\n|turn|36\n|\n|t:|1701185854\n|move|p2a: Mew|Transform|p1a: Subway\n|-transform|p2a: Mew|p1a: Subway\n|cant|p1a: Subway|move: Imprison|Sleep Powder\n|\n|-heal|p2a: Mew|91\/100|[from] item: Leftovers\n|-damage|p2a: Mew|78\/100|[from] Leech Seed|[of] p1a: Subway\n|upkeep\n|turn|37\n|\n|t:|1701185865\n|-activate|p1a: Subway|move: Struggle\n|move|p1a: Subway|Struggle|p2a: Mew\n|-damage|p2a: Mew|71\/100\n|-damage|p1a: Subway|75\/100|[from] recoil\n|move|p2a: Mew|Giga Drain|p1a: Subway\n|-resisted|p1a: Subway\n|-damage|p1a: Subway|71\/100\n|-heal|p2a: Mew|73\/100|[from] drain|[of] p1a: Subway\n|\n|-heal|p2a: Mew|79\/100|[from] item: Leftovers\n|-heal|p1a: Subway|77\/100|[from] item: Leftovers\n|-damage|p2a: Mew|66\/100|[from] Leech Seed|[of] p1a: Subway\n|-heal|p1a: Subway|91\/100|[silent]\n|upkeep\n|turn|38\n|\n|t:|1701185881\n|switch|p2a: Latios|Latios, M|100\/100\n|-activate|p1a: Subway|move: Struggle\n|move|p1a: Subway|Struggle|p2a: Latios\n|-damage|p2a: Latios|90\/100\n|-damage|p1a: Subway|66\/100|[from] recoil\n|\n|-heal|p1a: Subway|72\/100|[from] item: Leftovers\n|upkeep\n|turn|39\n|\n|t:|1701185886\n|switch|p1a: Codeine|Blastoise, F, shiny|100\/100\n|detailschange|p2a: Latios|Latios-Mega, M\n|-mega|p2a: Latios|Latios|Latiosite\n|move|p2a: Latios|Psyshock|p1a: Codeine\n|-damage|p1a: Codeine|69\/100\n|\n|-heal|p1a: Codeine|75\/100|[from] item: Leftovers\n|upkeep\n|turn|40\n|\n|t:|1701185894\n|move|p2a: Latios|Draco Meteor|p1a: Codeine\n|-damage|p1a: Codeine|6\/100\n|-unboost|p2a: Latios|spa|2\n|move|p1a: Codeine|Toxic|p2a: Latios\n|-status|p2a: Latios|tox\n|\n|-heal|p1a: Codeine|12\/100|[from] item: Leftovers\n|-damage|p2a: Latios|84\/100 tox|[from] psn\n|upkeep\n|turn|41\n|\n|t:|1701185904\n|move|p1a: Codeine|Protect|p1a: Codeine\n|-singleturn|p1a: Codeine|Protect\n|move|p2a: Latios|Draco Meteor|p1a: Codeine\n|-activate|p1a: Codeine|move: Protect\n|\n|-heal|p1a: Codeine|18\/100|[from] item: Leftovers\n|-damage|p2a: Latios|72\/100 tox|[from] psn\n|upkeep\n|turn|42\n|\n|t:|1701185915\n|switch|p1a: Subway|Venusaur, M, shiny|72\/100\n|move|p2a: Latios|Draco Meteor|p1a: Subway|[miss]\n|-miss|p2a: Latios|p1a: Subway\n|\n|-heal|p1a: Subway|78\/100|[from] item: Leftovers\n|-damage|p2a: Latios|54\/100 tox|[from] psn\n|upkeep\n|turn|43\n|\n|t:|1701185924\n|switch|p2a: Grimmsnarl|Grimmsnarl, M|36\/100\n|move|p1a: Subway|Protect||[still]\n|-fail|p1a: Subway\n|\n|-heal|p1a: Subway|84\/100|[from] item: Leftovers\n|upkeep\n|turn|44\n|\n|t:|1701185931\n|switch|p1a: Uzi|Jirachi, shiny|76\/100 par\n|move|p2a: Grimmsnarl|Thunder Wave|p1a: Uzi\n|-fail|p1a: Uzi|par\n|\n|upkeep\n|turn|45\n|\n|t:|1701185941\n|move|p2a: Grimmsnarl|Reflect|p2a: Grimmsnarl\n|-sidestart|p2: Manuel_hdz15|Reflect\n|move|p1a: Uzi|Iron Head|p2a: Grimmsnarl\n|-supereffective|p2a: Grimmsnarl\n|-damage|p2a: Grimmsnarl|2\/100\n|\n|upkeep\n|turn|46\n|\n|t:|1701185945\n|move|p2a: Grimmsnarl|Parting Shot|p1a: Uzi\n|-unboost|p1a: Uzi|atk|1\n|-unboost|p1a: Uzi|spa|1\n|\n|t:|1701185948\n|switch|p2a: Gyarados|Gyarados, M|76\/100 tox|[from] Parting Shot\n|move|p1a: Uzi|Iron Head|p2a: Gyarados\n|-resisted|p2a: Gyarados\n|-damage|p2a: Gyarados|69\/100 tox\n|\n|-damage|p2a: Gyarados|63\/100 tox|[from] psn\n|upkeep\n|turn|47\n|\n|t:|1701185955\n|switch|p1a: Glock|Zapdos, shiny|55\/100\n|move|p2a: Gyarados|Dragon Dance|p2a: Gyarados\n|-boost|p2a: Gyarados|atk|1\n|-boost|p2a: Gyarados|spe|1\n|\n|-damage|p2a: Gyarados|51\/100 tox|[from] psn\n|upkeep\n|turn|48\n|\n|t:|1701185962\n|-zpower|p2a: Gyarados\n|move|p2a: Gyarados|Hydro Vortex|p1a: Glock|[zeffect]\n|-damage|p1a: Glock|0 fnt\n|faint|p1a: Glock\n|-ability|p2a: Gyarados|Moxie|boost\n|-boost|p2a: Gyarados|atk|1\n|\n|-damage|p2a: Gyarados|33\/100 tox|[from] psn\n|upkeep\n|\n|t:|1701185973\n|switch|p1a: Codeine|Blastoise, F, shiny|18\/100\n|turn|49\n|\n|t:|1701185985\n|move|p1a: Codeine|Protect|p1a: Codeine\n|-singleturn|p1a: Codeine|Protect\n|move|p2a: Gyarados|Earthquake|p1a: Codeine\n|-activate|p1a: Codeine|move: Protect\n|\n|-heal|p1a: Codeine|25\/100|[from] item: Leftovers\n|-damage|p2a: Gyarados|9\/100 tox|[from] psn\n|upkeep\n|turn|50\n|\n|t:|1701185994\n|move|p1a: Codeine|Protect||[still]\n|-fail|p1a: Codeine\n|move|p2a: Gyarados|Waterfall|p1a: Codeine\n|-resisted|p1a: Codeine\n|-damage|p1a: Codeine|0 fnt\n|faint|p1a: Codeine\n|-ability|p2a: Gyarados|Moxie|boost\n|-boost|p2a: Gyarados|atk|1\n|\n|-damage|p2a: Gyarados|0 fnt|[from] psn\n|faint|p2a: Gyarados\n|upkeep\n|\n|t:|1701186005\n|switch|p2a: Latios|Latios-Mega, M|54\/100 tox\n|switch|p1a: Subway|Venusaur, M, shiny|84\/100\n|turn|51\n|\n|t:|1701186011\n|move|p1a: Subway|Protect|p1a: Subway\n|-singleturn|p1a: Subway|Protect\n|move|p2a: Latios|Psyshock|p1a: Subway\n|-activate|p1a: Subway|move: Protect\n|\n|-heal|p1a: Subway|90\/100|[from] item: Leftovers\n|-damage|p2a: Latios|48\/100 tox|[from] psn\n|upkeep\n|turn|52\n|\n|t:|1701186023\n|switch|p1a: Uzi|Jirachi, shiny|76\/100 par\n|move|p2a: Latios|Mystical Fire|p1a: Uzi\n|-supereffective|p1a: Uzi\n|-damage|p1a: Uzi|13\/100 par\n|-unboost|p1a: Uzi|spa|1\n|\n|-damage|p2a: Latios|36\/100 tox|[from] psn\n|-sideend|p2: Manuel_hdz15|Reflect\n|upkeep\n|turn|53\n|\n|t:|1701186035\n|move|p2a: Latios|Mystical Fire|p1a: Uzi\n|-supereffective|p1a: Uzi\n|-damage|p1a: Uzi|0 fnt\n|faint|p1a: Uzi\n|\n|-damage|p2a: Latios|18\/100 tox|[from] psn\n|upkeep\n|\n|t:|1701186042\n|switch|p1a: Subway|Venusaur, M, shiny|90\/100\n|turn|54\n|\n|t:|1701186046\n|switch|p2a: Grimmsnarl|Grimmsnarl, M|2\/100\n|move|p1a: Subway|Protect||[still]\n|-fail|p1a: Subway\n|\n|-heal|p1a: Subway|96\/100|[from] item: Leftovers\n|upkeep\n|turn|55\n|\n|t:|1701186049\n|move|p2a: Grimmsnarl|Thunder Wave|p1a: Subway\n|-status|p1a: Subway|par\n|move|p1a: Subway|Giga Drain|p2a: Grimmsnarl\n|-damage|p2a: Grimmsnarl|0 fnt\n|-heal|p1a: Subway|97\/100 par|[from] drain|[of] p2a: Grimmsnarl\n|faint|p2a: Grimmsnarl\n|\n|-heal|p1a: Subway|100\/100 par|[from] item: Leftovers\n|upkeep\n|\n|t:|1701186057\n|switch|p2a: Mew|Mew, tera:Poison|66\/100\n|turn|56\n|\n|t:|1701186064\n|move|p2a: Mew|Imprison|p2a: Mew\n|-start|p2a: Mew|move: Imprison\n|move|p1a: Subway|Leech Seed|p2a: Mew\n|-start|p2a: Mew|move: Leech Seed\n|\n|-heal|p2a: Mew|73\/100|[from] item: Leftovers\n|-damage|p2a: Mew|60\/100|[from] Leech Seed|[of] p1a: Subway\n|upkeep\n|turn|57\n|\n|t:|1701186074\n|move|p2a: Mew|Roost|p2a: Mew\n|-heal|p2a: Mew|100\/100\n|move|p1a: Subway|Sleep Powder|p2a: Mew|[miss]\n|-miss|p1a: Subway|p2a: Mew\n|\n|-damage|p2a: Mew|88\/100|[from] Leech Seed|[of] p1a: Subway\n|upkeep\n|turn|58\n|\n|t:|1701186080\n|move|p2a: Mew|Transform|p1a: Subway\n|-transform|p2a: Mew|p1a: Subway\n|cant|p1a: Subway|move: Imprison|Sleep Powder\n|\n|-heal|p2a: Mew|94\/100|[from] item: Leftovers\n|-damage|p2a: Mew|82\/100|[from] Leech Seed|[of] p1a: Subway\n|upkeep\n|turn|59\n|\n|t:|1701186088\n|move|p2a: Mew|Giga Drain|p1a: Subway\n|-resisted|p1a: Subway\n|-damage|p1a: Subway|96\/100 par\n|-heal|p2a: Mew|84\/100|[from] drain|[of] p1a: Subway\n|-activate|p1a: Subway|move: Struggle\n|move|p1a: Subway|Struggle|p2a: Mew\n|-damage|p2a: Mew|76\/100\n|-damage|p1a: Subway|71\/100 par|[from] recoil\n|\n|-heal|p2a: Mew|83\/100|[from] item: Leftovers\n|-heal|p1a: Subway|77\/100 par|[from] item: Leftovers\n|-damage|p2a: Mew|70\/100|[from] Leech Seed|[of] p1a: Subway\n|-heal|p1a: Subway|91\/100 par|[silent]\n|upkeep\n|turn|60\n|\n|t:|1701186101\n|move|p2a: Mew|Giga Drain|p1a: Subway\n|-resisted|p1a: Subway\n|-damage|p1a: Subway|87\/100 par\n|-heal|p2a: Mew|72\/100|[from] drain|[of] p1a: Subway\n|-activate|p1a: Subway|move: Struggle\n|move|p1a: Subway|Struggle|p2a: Mew\n|-damage|p2a: Mew|65\/100\n|-damage|p1a: Subway|62\/100 par|[from] recoil\n|\n|-heal|p2a: Mew|72\/100|[from] item: Leftovers\n|-heal|p1a: Subway|68\/100 par|[from] item: Leftovers\n|-damage|p2a: Mew|59\/100|[from] Leech Seed|[of] p1a: Subway\n|-heal|p1a: Subway|82\/100 par|[silent]\n|upkeep\n|turn|61\n|\n|t:|1701186114\n|switch|p2a: Latios|Latios-Mega, M|55\/100\n|-activate|p1a: Subway|move: Struggle\n|move|p1a: Subway|Struggle|p2a: Latios\n|-damage|p2a: Latios|39\/100\n|replace|p2a: Zoroark|Zoroark-Hisui, F\n|-end|p2a: Zoroark|Illusion\n|-damage|p1a: Subway|57\/100 par|[from] recoil\n|\n|-heal|p1a: Subway|63\/100 par|[from] item: Leftovers\n|upkeep\n|turn|62\n|\n|t:|1701186123\n|move|p2a: Zoroark|Trick|p1a: Subway\n|-activate|p2a: Zoroark|move: Trick|[of] p1a: Subway\n|-item|p1a: Subway|Choice Scarf|[from] move: Trick\n|-item|p2a: Zoroark|Leftovers|[from] move: Trick\n|move|p1a: Subway|Sleep Powder|p2a: Zoroark|[miss]\n|-miss|p1a: Subway|p2a: Zoroark\n|\n|-heal|p2a: Zoroark|45\/100|[from] item: Leftovers\n|upkeep\n|turn|63\n|\n|t:|1701186130\n|switch|p2a: Latios|Latios-Mega, M|18\/100 tox\n|switch|p1a: Sprite|Dragonite, M, shiny|66\/100\n|\n|-heal|p1a: Sprite|72\/100|[from] item: Leftovers\n|-damage|p2a: Latios|12\/100 tox|[from] psn\n|upkeep\n|turn|64\n|\n|t:|1701186138\n|switch|p1a: Subway|Venusaur, M, shiny|63\/100 par\n|move|p2a: Latios|Draco Meteor|p1a: Subway\n|-damage|p1a: Subway|6\/100 par\n|-unboost|p2a: Latios|spa|2\n|\n|-damage|p2a: Latios|0 fnt|[from] psn\n|faint|p2a: Latios\n|upkeep\n|\n|t:|1701186146\n|switch|p2a: Mew|Mew|45\/100\n|-start|p2a: Mew|typechange|Poison|[silent]\n|turn|65\n|\n|t:|1701186152\n|move|p2a: Mew|Hyper Voice|p1a: Subway\n|-damage|p1a: Subway|0 fnt\n|faint|p1a: Subway\n|\n|-heal|p2a: Mew|51\/100|[from] item: Leftovers\n|upkeep\n|\n|t:|1701186155\n|switch|p1a: Sprite|Dragonite, M, shiny|72\/100\n|turn|66\n|\n|t:|1701186162\n|move|p2a: Mew|Hyper Voice|p1a: Sprite\n|-damage|p1a: Sprite|21\/100\n|move|p1a: Sprite|Outrage|p2a: Mew\n|-damage|p2a: Mew|0 fnt\n|replace|p2a: Zoroark|Zoroark-Hisui, F\n|-end|p2a: Zoroark|Illusion\n|faint|p2a: Zoroark\n|\n|-heal|p1a: Sprite|27\/100|[from] item: Leftovers\n|upkeep\n|\n|t:|1701186168\n|switch|p2a: Mew|Mew, tera:Poison|59\/100\n|turn|67\n|\n|t:|1701186170\n|move|p1a: Sprite|Outrage|p2a: Mew|[from]lockedmove\n|-damage|p2a: Mew|7\/100\n|-start|p1a: Sprite|confusion|[fatigue]\n|move|p2a: Mew|Roost|p2a: Mew\n|-heal|p2a: Mew|57\/100\n|\n|-heal|p1a: Sprite|33\/100|[from] item: Leftovers\n|-heal|p2a: Mew|63\/100|[from] item: Leftovers\n|upkeep\n|turn|68\n|\n|t:|1701186176\n|-activate|p1a: Sprite|confusion\n|move|p1a: Sprite|Outrage|p2a: Mew\n|-damage|p2a: Mew|16\/100\n|move|p2a: Mew|Roost|p2a: Mew\n|-heal|p2a: Mew|66\/100\n|\n|-heal|p1a: Sprite|39\/100|[from] item: Leftovers\n|-heal|p2a: Mew|72\/100|[from] item: Leftovers\n|upkeep\n|turn|69\n|\n|t:|1701186181\n|-activate|p1a: Sprite|confusion\n|move|p1a: Sprite|Outrage|p2a: Mew|[from]lockedmove\n|-damage|p2a: Mew|22\/100\n|move|p2a: Mew|Roost|p2a: Mew\n|-heal|p2a: Mew|72\/100\n|\n|-heal|p1a: Sprite|45\/100|[from] item: Leftovers\n|-heal|p2a: Mew|78\/100|[from] item: Leftovers\n|upkeep\n|turn|70\n|\n|t:|1701186187\n|-activate|p1a: Sprite|confusion\n|move|p1a: Sprite|Outrage|p2a: Mew|[from]lockedmove\n|-damage|p2a: Mew|25\/100\n|move|p2a: Mew|Roost|p2a: Mew\n|-heal|p2a: Mew|75\/100\n|\n|-heal|p1a: Sprite|52\/100|[from] item: Leftovers\n|-heal|p2a: Mew|82\/100|[from] item: Leftovers\n|upkeep\n|turn|71\n|\n|t:|1701186198\n|-end|p1a: Sprite|confusion\n|move|p1a: Sprite|Roost|p1a: Sprite\n|-heal|p1a: Sprite|100\/100\n|-singleturn|p1a: Sprite|move: Roost\n|move|p2a: Mew|Roost|p2a: Mew\n|-heal|p2a: Mew|100\/100\n|\n|upkeep\n|turn|72\n|\n|t:|1701186205\n|move|p1a: Sprite|Dragon Dance|p1a: Sprite\n|-boost|p1a: Sprite|atk|1\n|-boost|p1a: Sprite|spe|1\n|move|p2a: Mew|Imprison|p2a: Mew\n|-start|p2a: Mew|move: Imprison\n|\n|upkeep\n|turn|73\n|\n|t:|1701186211\n|move|p1a: Sprite|Outrage|p2a: Mew\n|-damage|p2a: Mew|30\/100\n|move|p2a: Mew|Transform|p1a: Sprite\n|-transform|p2a: Mew|p1a: Sprite\n|\n|-heal|p2a: Mew|37\/100|[from] item: Leftovers\n|upkeep\n|turn|74\n|\n|t:|1701186217\n|move|p2a: Mew|Roost|p2a: Mew\n|-heal|p2a: Mew|87\/100\n|cant|p1a: Sprite|move: Imprison|Outrage\n|\n|-heal|p2a: Mew|93\/100|[from] item: Leftovers\n|-start|p1a: Sprite|confusion|[fatigue]\n|upkeep\n|turn|75\n|\n|t:|1701186225\n|-activate|p1a: Sprite|confusion\n|-activate|p1a: Sprite|move: Struggle\n|move|p1a: Sprite|Struggle|p2a: Mew\n|-damage|p2a: Mew|66\/100\n|-damage|p1a: Sprite|75\/100|[from] recoil\n|move|p2a: Mew|Dragon Dance|p2a: Mew\n|-boost|p2a: Mew|atk|1\n|-boost|p2a: Mew|spe|1\n|\n|-heal|p2a: Mew|72\/100|[from] item: Leftovers\n|-heal|p1a: Sprite|82\/100|[from] item: Leftovers\n|upkeep\n|turn|76\n|\n|t:|1701186230\n|move|p2a: Mew|Outrage|p1a: Sprite\n|-supereffective|p1a: Sprite\n|-damage|p1a: Sprite|0 fnt\n|faint|p1a: Sprite\n|\n|win|Manuel_hdz15\n|raw|lilpeski's rating: 1229 &rarr; <strong>1214<\/strong><br \/>(-15 for losing)\n|raw|Manuel_hdz15's rating: 1370 &rarr; <strong>1382<\/strong><br \/>(+12 for winning)\n|l|\u2606lilpeski\n","uploadtime":1701186255,"views":3,"p1id":"lilpeski","p2id":"manuelhdz15","formatid":"gen9nationaldex","rating":1214,"private":0,"password":""}