{"id":"gen9nationaldex-1988521362","p1":"female charizard","p2":"SeriousSnorlax","format":"[Gen 9] National Dex","log":"|j|\u2606female charizard\n|j|\u203dSeriousSnorlax\n|t:|1699731850\n|gametype|singles\n|player|p1|female charizard|170|1134\n|player|p2|SeriousSnorlax|shadowtriad|1101\n|teamsize|p1|6\n|teamsize|p2|6\n|gen|9\n|tier|[Gen 9] National Dex\n|rated|\n|rule|HP Percentage Mod: HP is shown in percentages\n|rule|Endless Battle Clause: Forcing endless battles is banned\n|rule|OHKO Clause: OHKO moves are banned\n|rule|Evasion Clause: Evasion abilities, items, and moves are banned\n|rule|Evasion Abilities Clause: Evasion abilities are banned\n|rule|Evasion Items Clause: Evasion items are banned\n|rule|Evasion Moves Clause: Evasion moves are banned\n|rule|Species Clause: Limit one of each Pok\u00e9mon\n|rule|Sleep Clause Mod: Limit one foe put to sleep\n|clearpoke\n|poke|p1|Tinkaton, F|\n|poke|p1|Jynx, F|\n|poke|p1|Corviknight, F|\n|poke|p1|Shuckle, L1, M|\n|poke|p1|Breloom, M|\n|poke|p1|Xurkitree|\n|poke|p2|Pelipper, F|\n|poke|p2|Zapdos|\n|poke|p2|Floatzel, M|\n|poke|p2|Pikachu, F|\n|poke|p2|Wartortle, M|\n|poke|p2|Braviary-Hisui, M|\n|teampreview\n|inactive|Battle timer is ON: inactive players will automatically lose when time's up. (requested by SeriousSnorlax)\n|\n|t:|1699731855\n|start\n|switch|p1a: not shrekle|Shuckle, L1, M|100\/100\n|switch|p2a: Pelipper|Pelipper, F|100\/100\n|-weather|RainDance|[from] ability: Drizzle|[of] p2a: Pelipper\n|turn|1\n|j| magikarpfisherman\n|j| Zangoosefriend96\n|j| imbleach\n|j| Lonsol\n|j| mistahmerrikuu\n|inactive|SeriousSnorlax has 120 seconds left.\n|\n|t:|1699731900\n|move|p2a: Pelipper|Scald|p1a: not shrekle\n|-supereffective|p1a: not shrekle\n|-ability|p1a: not shrekle|Sturdy\n|-damage|p1a: not shrekle|10\/100\n|move|p1a: not shrekle|Stealth Rock|p2a: Pelipper\n|-sidestart|p2: SeriousSnorlax|move: Stealth Rock\n|\n|-weather|RainDance|[upkeep]\n|upkeep\n|turn|2\n|-enditem|p1a: not shrekle|Custap Berry|[eat]\n|-activate|p1a: not shrekle|item: Custap Berry|[consumed]\n|\n|t:|1699731908\n|move|p1a: not shrekle|Sticky Web|p2a: Pelipper\n|-sidestart|p2: SeriousSnorlax|move: Sticky Web\n|move|p2a: Pelipper|Scald|p1a: not shrekle\n|-supereffective|p1a: not shrekle\n|-damage|p1a: not shrekle|0 fnt\n|faint|p1a: not shrekle\n|\n|-weather|RainDance|[upkeep]\n|upkeep\n|\n|t:|1699731915\n|switch|p1a: daytonaaaaaa|Xurkitree|100\/100\n|turn|3\n|\n|t:|1699731918\n|move|p1a: daytonaaaaaa|Thunderbolt|p2a: Pelipper\n|-supereffective|p2a: Pelipper\n|-crit|p2a: Pelipper\n|-damage|p2a: Pelipper|0 fnt\n|faint|p2a: Pelipper\n|-ability|p1a: daytonaaaaaa|Beast Boost|boost\n|-boost|p1a: daytonaaaaaa|spa|1\n|\n|-weather|RainDance|[upkeep]\n|upkeep\n|\n|t:|1699731921\n|switch|p2a: Pikachu|Pikachu, F|100\/100\n|-damage|p2a: Pikachu|88\/100|[from] Stealth Rock\n|-activate|p2a: Pikachu|move: Sticky Web\n|-unboost|p2a: Pikachu|spe|1\n|turn|4\n|\n|t:|1699731927\n|-terastallize|p2a: Pikachu|Normal\n|move|p2a: Pikachu|Fake Out|p1a: daytonaaaaaa\n|-damage|p1a: daytonaaaaaa|62\/100\n|cant|p1a: daytonaaaaaa|flinch\n|\n|-weather|RainDance|[upkeep]\n|upkeep\n|turn|5\n|\n|t:|1699731939\n|switch|p1a: dangerous uuoohh|Tinkaton, F|100\/100\n|-item|p1a: dangerous uuoohh|Air Balloon\n|move|p2a: Pikachu|Extreme Speed|p1a: dangerous uuoohh\n|-resisted|p1a: dangerous uuoohh\n|-crit|p1a: dangerous uuoohh\n|-damage|p1a: dangerous uuoohh|44\/100\n|-enditem|p1a: dangerous uuoohh|Air Balloon\n|-enditem|p2a: Pikachu|Light Ball|[silent]|[from] ability: Pickpocket|[of] p2a: Pikachu\n|-item|p1a: dangerous uuoohh|Light Ball|[from] ability: Pickpocket|[of] p2a: Pikachu\n|\n|-weather|RainDance|[upkeep]\n|upkeep\n|turn|6\n|\n|t:|1699731953\n|switch|p2a: Floatzel|Floatzel, M|100\/100\n|-damage|p2a: Floatzel|88\/100|[from] Stealth Rock\n|-activate|p2a: Floatzel|move: Sticky Web\n|-unboost|p2a: Floatzel|spe|1\n|move|p1a: dangerous uuoohh|Gigaton Hammer|p2a: Floatzel\n|-resisted|p2a: Floatzel\n|-damage|p2a: Floatzel|40\/100\n|\n|-weather|RainDance|[upkeep]\n|upkeep\n|turn|7\n|\n|t:|1699731962\n|switch|p1a: ur girlfriend XD|Jynx, F|100\/100\n|move|p2a: Floatzel|Wave Crash|p1a: ur girlfriend XD\n|-immune|p1a: ur girlfriend XD|[from] ability: Dry Skin\n|\n|-weather|RainDance|[upkeep]\n|-status|p1a: ur girlfriend XD|brn|[from] item: Flame Orb\n|upkeep\n|turn|8\n|inactive|SeriousSnorlax has 120 seconds left.\n|\n|t:|1699732020\n|move|p2a: Floatzel|Wave Crash|p1a: ur girlfriend XD\n|-immune|p1a: ur girlfriend XD|[from] ability: Dry Skin\n|move|p1a: ur girlfriend XD|Trick|p2a: Floatzel\n|-activate|p1a: ur girlfriend XD|move: Trick|[of] p2a: Floatzel\n|-item|p2a: Floatzel|Flame Orb|[from] move: Trick\n|-item|p1a: ur girlfriend XD|Choice Band|[from] move: Trick\n|\n|-weather|none\n|-damage|p1a: ur girlfriend XD|95\/100 brn|[from] brn\n|-status|p2a: Floatzel|brn|[from] item: Flame Orb\n|upkeep\n|turn|9\n|\n|t:|1699732045\n|move|p1a: ur girlfriend XD|Trick|p2a: Floatzel\n|-activate|p1a: ur girlfriend XD|move: Trick|[of] p2a: Floatzel\n|-item|p2a: Floatzel|Choice Band|[from] move: Trick\n|-item|p1a: ur girlfriend XD|Flame Orb|[from] move: Trick\n|move|p2a: Floatzel|Iron Tail|p1a: ur girlfriend XD|[miss]\n|-miss|p2a: Floatzel|p1a: ur girlfriend XD\n|\n|-damage|p1a: ur girlfriend XD|89\/100 brn|[from] brn\n|-damage|p2a: Floatzel|34\/100 brn|[from] brn\n|upkeep\n|turn|10\n|\n|t:|1699732054\n|switch|p1a: jet fuel|Corviknight, F|100\/100\n|move|p2a: Floatzel|Iron Tail|p1a: jet fuel|[miss]\n|-miss|p2a: Floatzel|p1a: jet fuel\n|\n|-damage|p2a: Floatzel|28\/100 brn|[from] brn\n|upkeep\n|turn|11\n|inactive|SeriousSnorlax has 90 seconds left.\n|\n|t:|1699732076\n|switch|p1a: I synergize|Breloom, M|100\/100\n|move|p2a: Floatzel|Iron Tail|p1a: I synergize\n|-damage|p1a: I synergize|65\/100\n|\n|-damage|p2a: Floatzel|22\/100 brn|[from] brn\n|upkeep\n|turn|12\n|\n|t:|1699732081\n|move|p1a: I synergize|Dynamic Punch|p2a: Floatzel|[miss]\n|-miss|p1a: I synergize|p2a: Floatzel\n|-enditem|p1a: I synergize|Blunder Policy\n|-boost|p1a: I synergize|spe|2\n|move|p2a: Floatzel|Iron Tail|p1a: I synergize\n|-damage|p1a: I synergize|28\/100\n|-unboost|p1a: I synergize|def|1\n|\n|-damage|p2a: Floatzel|16\/100 brn|[from] brn\n|upkeep\n|turn|13\n|\n|t:|1699732084\n|move|p1a: I synergize|Bullet Seed|p2a: Floatzel\n|-supereffective|p2a: Floatzel\n|-damage|p2a: Floatzel|0 fnt\n|faint|p2a: Floatzel\n|-hitcount|p2: Floatzel|1\n|\n|upkeep\n|\n|t:|1699732096\n|switch|p2a: Pikachu|Pikachu, F, tera:Normal|88\/100\n|-damage|p2a: Pikachu|76\/100|[from] Stealth Rock\n|-activate|p2a: Pikachu|move: Sticky Web\n|-unboost|p2a: Pikachu|spe|1\n|turn|14\n|\n|t:|1699732102\n|switch|p1a: jet fuel|Corviknight, F|100\/100\n|move|p2a: Pikachu|Extreme Speed|p1a: jet fuel\n|-resisted|p1a: jet fuel\n|-damage|p1a: jet fuel|89\/100\n|\n|-heal|p1a: jet fuel|95\/100|[from] item: Leftovers\n|upkeep\n|turn|15\n|inactive|SeriousSnorlax has 120 seconds left.\n|\n|t:|1699732109\n|move|p2a: Pikachu|Volt Tackle|p1a: jet fuel\n|-supereffective|p1a: jet fuel\n|-damage|p1a: jet fuel|26\/100\n|-damage|p2a: Pikachu|32\/100|[from] Recoil\n|move|p1a: jet fuel|Air Slash|p2a: Pikachu\n|-damage|p2a: Pikachu|0 fnt\n|faint|p2a: Pikachu\n|\n|-heal|p1a: jet fuel|32\/100|[from] item: Leftovers\n|upkeep\n|inactive|SeriousSnorlax has 120 seconds left.\n|\n|t:|1699732116\n|switch|p2a: Wartortle|Wartortle, M|100\/100\n|-damage|p2a: Wartortle|88\/100|[from] Stealth Rock\n|-activate|p2a: Wartortle|move: Sticky Web\n|-unboost|p2a: Wartortle|spe|1\n|turn|16\n|\n|t:|1699732120\n|move|p1a: jet fuel|Air Slash|p2a: Wartortle\n|-damage|p2a: Wartortle|63\/100\n|move|p2a: Wartortle|Shell Smash|p2a: Wartortle\n|-unboost|p2a: Wartortle|def|1\n|-unboost|p2a: Wartortle|spd|1\n|-boost|p2a: Wartortle|atk|2\n|-boost|p2a: Wartortle|spa|2\n|-boost|p2a: Wartortle|spe|2\n|\n|-heal|p1a: jet fuel|38\/100|[from] item: Leftovers\n|upkeep\n|turn|17\n|j| kung fu pokechu\n|\n|t:|1699732129\n|move|p2a: Wartortle|Shell Smash|p2a: Wartortle\n|-unboost|p2a: Wartortle|def|1\n|-unboost|p2a: Wartortle|spd|1\n|-boost|p2a: Wartortle|atk|2\n|-boost|p2a: Wartortle|spa|2\n|-boost|p2a: Wartortle|spe|2\n|move|p1a: jet fuel|Air Slash|p2a: Wartortle\n|-damage|p2a: Wartortle|15\/100\n|\n|-heal|p1a: jet fuel|44\/100|[from] item: Leftovers\n|upkeep\n|turn|18\n|inactive|SeriousSnorlax has 120 seconds left.\n|\n|t:|1699732164\n|move|p2a: Wartortle|Aura Sphere|p1a: jet fuel\n|-damage|p1a: jet fuel|0 fnt\n|faint|p1a: jet fuel\n|\n|upkeep\n|\n|t:|1699732186\n|switch|p1a: dangerous uuoohh|Tinkaton, F|44\/100\n|turn|19\n|inactive|SeriousSnorlax has 120 seconds left.\n|\n|t:|1699732231\n|switch|p1a: ur girlfriend XD|Jynx, F|89\/100 brn\n|move|p2a: Wartortle|Aura Sphere|p1a: ur girlfriend XD\n|-damage|p1a: ur girlfriend XD|6\/100 brn\n|\n|-damage|p1a: ur girlfriend XD|0 fnt|[from] brn\n|faint|p1a: ur girlfriend XD\n|upkeep\n|\n|t:|1699732240\n|switch|p1a: I synergize|Breloom, M|28\/100\n|turn|20\n|c|\u2606female charizard|i cant shes locked\n|\n|t:|1699732253\n|move|p2a: Wartortle|Ice Beam|p1a: I synergize\n|-supereffective|p1a: I synergize\n|-damage|p1a: I synergize|0 fnt\n|faint|p1a: I synergize\n|\n|upkeep\n|\n|t:|1699732256\n|switch|p1a: dangerous uuoohh|Tinkaton, F|44\/100\n|turn|21\n|\n|t:|1699732264\n|move|p2a: Wartortle|Aura Sphere|p1a: dangerous uuoohh\n|-damage|p1a: dangerous uuoohh|0 fnt\n|faint|p1a: dangerous uuoohh\n|\n|upkeep\n|\n|t:|1699732266\n|switch|p1a: daytonaaaaaa|Xurkitree|62\/100\n|turn|22\n|\n|t:|1699732268\n|move|p2a: Wartortle|Aura Sphere|p1a: daytonaaaaaa\n|-damage|p1a: daytonaaaaaa|0 fnt\n|faint|p1a: daytonaaaaaa\n|\n|win|SeriousSnorlax\n|raw|female charizard's rating: 1105 &rarr; <strong>1078<\/strong><br \/>(-27 for losing)\n|raw|SeriousSnorlax's rating: 1071 &rarr; <strong>1103<\/strong><br \/>(+32 for winning)\n|l|\u203dSeriousSnorlax\n","uploadtime":1699732272,"views":4,"p1id":"femalecharizard","p2id":"serioussnorlax","formatid":"gen9nationaldex","rating":1078,"private":0,"password":""}