{"id":"gen9nationaldex-1992246225","p1":"UserJexx","p2":"The Np sweep","format":"[Gen 9] National Dex","log":"|j|\u2606UserJexx\n|j|\u203dThe Np sweep\n|t:|1700167327\n|gametype|singles\n|player|p1|UserJexx|1|1730\n|player|p2|The Np sweep|hilbert|1638\n|teamsize|p1|6\n|teamsize|p2|6\n|gen|9\n|tier|[Gen 9] National Dex\n|rated|\n|rule|HP Percentage Mod: HP is shown in percentages\n|rule|Endless Battle Clause: Forcing endless battles is banned\n|rule|OHKO Clause: OHKO moves are banned\n|rule|Evasion Clause: Evasion abilities, items, and moves are banned\n|rule|Evasion Abilities Clause: Evasion abilities are banned\n|rule|Evasion Items Clause: Evasion items are banned\n|rule|Evasion Moves Clause: Evasion moves are banned\n|rule|Species Clause: Limit one of each Pok\u00e9mon\n|rule|Sleep Clause Mod: Limit one foe put to sleep\n|clearpoke\n|poke|p1|Goodra-Hisui, F|\n|poke|p1|Ceruledge, M|\n|poke|p1|Gliscor, F|\n|poke|p1|Hatterene, F|\n|poke|p1|Gastrodon-East, M|\n|poke|p1|Ditto|\n|poke|p2|Tapu Lele|\n|poke|p2|Iron Valiant|\n|poke|p2|Tapu Fini|\n|poke|p2|Tapu Bulu|\n|poke|p2|Ribombee, M|\n|poke|p2|Mawile, F|\n|teampreview\n|\n|t:|1700167331\n|start\n|switch|p1a: Nerites|Goodra-Hisui, F|100\/100\n|switch|p2a: Ribombee|Ribombee, M|100\/100\n|turn|1\n|\n|t:|1700167335\n|move|p2a: Ribombee|Sticky Web|p1a: Nerites\n|-sidestart|p1: UserJexx|move: Sticky Web\n|move|p1a: Nerites|Heavy Slam|p2a: Ribombee\n|-supereffective|p2a: Ribombee\n|-enditem|p2a: Ribombee|Focus Sash\n|-damage|p2a: Ribombee|1\/100\n|\n|upkeep\n|turn|2\n|\n|t:|1700167339\n|move|p2a: Ribombee|Stun Spore|p1a: Nerites\n|-ability|p1a: Nerites|Sap Sipper|boost\n|-boost|p1a: Nerites|atk|1\n|move|p1a: Nerites|Draco Meteor|p2a: Ribombee\n|-immune|p2a: Ribombee\n|\n|upkeep\n|turn|3\n|\n|t:|1700167344\n|move|p2a: Ribombee|Moonblast|p1a: Nerites\n|-damage|p1a: Nerites|82\/100\n|move|p1a: Nerites|Earthquake|p2a: Ribombee\n|-resisted|p2a: Ribombee\n|-damage|p2a: Ribombee|0 fnt\n|faint|p2a: Ribombee\n|\n|upkeep\n|\n|t:|1700167347\n|switch|p2a: Iron Valiant|Iron Valiant|100\/100\n|turn|4\n|\n|t:|1700167351\n|-terastallize|p1a: Nerites|Flying\n|move|p2a: Iron Valiant|Close Combat|p1a: Nerites\n|-resisted|p1a: Nerites\n|-damage|p1a: Nerites|46\/100\n|-unboost|p2a: Iron Valiant|def|1\n|-unboost|p2a: Iron Valiant|spd|1\n|-damage|p2a: Iron Valiant|91\/100|[from] item: Life Orb\n|move|p1a: Nerites|Heavy Slam|p2a: Iron Valiant\n|-supereffective|p2a: Iron Valiant\n|-damage|p2a: Iron Valiant|0 fnt\n|faint|p2a: Iron Valiant\n|-end|p2a: Iron Valiant|Quark Drive|[silent]\n|\n|upkeep\n|\n|t:|1700167358\n|switch|p2a: Tapu Fini|Tapu Fini, shiny|100\/100\n|-fieldstart|move: Misty Terrain|[from] ability: Misty Surge|[of] p2a: Tapu Fini\n|turn|5\n|\n|t:|1700167362\n|move|p2a: Tapu Fini|Calm Mind|p2a: Tapu Fini\n|-boost|p2a: Tapu Fini|spa|1\n|-boost|p2a: Tapu Fini|spd|1\n|move|p1a: Nerites|Heavy Slam|p2a: Tapu Fini\n|-damage|p2a: Tapu Fini|45\/100\n|\n|-heal|p2a: Tapu Fini|51\/100|[from] item: Leftovers\n|upkeep\n|turn|6\n|\n|t:|1700167368\n|switch|p2a: Mawile|Mawile, F|100\/100\n|-ability|p2a: Mawile|Intimidate|boost\n|-unboost|p1a: Nerites|atk|1\n|move|p1a: Nerites|Heavy Slam|p2a: Mawile\n|-damage|p2a: Mawile|3\/100\n|\n|upkeep\n|turn|7\n|\n|t:|1700167373\n|detailschange|p2a: Mawile|Mawile-Mega, F\n|-mega|p2a: Mawile|Mawile|Mawilite\n|move|p2a: Mawile|Play Rough|p1a: Nerites\n|-damage|p1a: Nerites|0 fnt\n|faint|p1a: Nerites\n|\n|upkeep\n|inactive|Battle timer is ON: inactive players will automatically lose when time's up. (requested by The Np sweep)\n|\n|t:|1700167378\n|switch|p1a: Orion|Gliscor, F, shiny|100\/100\n|turn|8\n|\n|t:|1700167381\n|switch|p2a: Tapu Bulu|Tapu Bulu, shiny|100\/100\n|-fieldstart|move: Grassy Terrain|[from] ability: Grassy Surge|[of] p2a: Tapu Bulu\n|move|p1a: Orion|Earthquake|p2a: Tapu Bulu\n|-resisted|p2a: Tapu Bulu\n|-crit|p2a: Tapu Bulu\n|-damage|p2a: Tapu Bulu|87\/100\n|\n|-heal|p2a: Tapu Bulu|93\/100|[from] Grassy Terrain\n|-status|p1a: Orion|tox|[from] item: Toxic Orb\n|upkeep\n|turn|9\n|\n|t:|1700167385\n|move|p2a: Tapu Bulu|Horn Leech|p1a: Orion\n|-crit|p1a: Orion\n|-damage|p1a: Orion|36\/100 tox\n|-heal|p2a: Tapu Bulu|100\/100|[from] drain|[of] p1a: Orion\n|-damage|p2a: Tapu Bulu|91\/100|[from] item: Life Orb\n|move|p1a: Orion|Toxic|p2a: Tapu Bulu\n|-status|p2a: Tapu Bulu|tox\n|\n|-heal|p2a: Tapu Bulu|97\/100 tox|[from] Grassy Terrain\n|-damage|p2a: Tapu Bulu|91\/100 tox|[from] psn\n|-heal|p1a: Orion|49\/100 tox|[from] ability: Poison Heal\n|upkeep\n|turn|10\n|\n|t:|1700167388\n|switch|p1a: Hephaestus|Ceruledge, M, shiny|100\/100\n|-activate|p1a: Hephaestus|move: Sticky Web\n|-unboost|p1a: Hephaestus|spe|1\n|move|p2a: Tapu Bulu|Horn Leech|p1a: Hephaestus\n|-resisted|p1a: Hephaestus\n|-damage|p1a: Hephaestus|39\/100\n|-heal|p2a: Tapu Bulu|100\/100 tox|[from] drain|[of] p1a: Hephaestus\n|-damage|p2a: Tapu Bulu|91\/100 tox|[from] item: Life Orb\n|\n|-heal|p1a: Hephaestus|45\/100|[from] Grassy Terrain\n|-heal|p2a: Tapu Bulu|97\/100 tox|[from] Grassy Terrain\n|-damage|p2a: Tapu Bulu|84\/100 tox|[from] psn\n|upkeep\n|turn|11\n|\n|t:|1700167403\n|switch|p1a: Orion|Gliscor, F, shiny|49\/100 tox\n|move|p2a: Tapu Bulu|Horn Leech|p1a: Orion\n|-damage|p1a: Orion|4\/100 tox\n|-heal|p2a: Tapu Bulu|100\/100 tox|[from] drain|[of] p1a: Orion\n|-damage|p2a: Tapu Bulu|91\/100 tox|[from] item: Life Orb\n|\n|-heal|p2a: Tapu Bulu|97\/100 tox|[from] Grassy Terrain\n|-damage|p2a: Tapu Bulu|78\/100 tox|[from] psn\n|-heal|p1a: Orion|16\/100 tox|[from] ability: Poison Heal\n|upkeep\n|turn|12\n|\n|t:|1700167420\n|move|p2a: Tapu Bulu|Horn Leech|p1a: Orion\n|-damage|p1a: Orion|0 fnt\n|-heal|p2a: Tapu Bulu|88\/100 tox|[from] drain|[of] p1a: Orion\n|faint|p1a: Orion\n|-damage|p2a: Tapu Bulu|78\/100 tox|[from] item: Life Orb\n|\n|-heal|p2a: Tapu Bulu|84\/100 tox|[from] Grassy Terrain\n|-damage|p2a: Tapu Bulu|60\/100 tox|[from] psn\n|-fieldend|move: Grassy Terrain\n|upkeep\n|\n|t:|1700167427\n|switch|p1a: Medusa|Hatterene, F, shiny|100\/100\n|-activate|p1a: Medusa|move: Sticky Web\n|-unboost|p1a: Medusa|spe|1\n|turn|13\n|\n|t:|1700167430\n|switch|p2a: Mawile|Mawile-Mega, F|3\/100\n|move|p1a: Medusa|Mystical Fire|p2a: Mawile\n|-supereffective|p2a: Mawile\n|-damage|p2a: Mawile|0 fnt\n|faint|p2a: Mawile\n|\n|upkeep\n|\n|t:|1700167434\n|switch|p2a: Tapu Bulu|Tapu Bulu, shiny|60\/100 tox\n|-fieldstart|move: Grassy Terrain|[from] ability: Grassy Surge|[of] p2a: Tapu Bulu\n|turn|14\n|\n|t:|1700167437\n|move|p2a: Tapu Bulu|Horn Leech|p1a: Medusa\n|-damage|p1a: Medusa|17\/100\n|-heal|p2a: Tapu Bulu|100\/100 tox|[from] drain|[of] p1a: Medusa\n|-damage|p2a: Tapu Bulu|91\/100 tox|[from] item: Life Orb\n|move|p1a: Medusa|Mystical Fire|p2a: Tapu Bulu\n|-supereffective|p2a: Tapu Bulu\n|-damage|p2a: Tapu Bulu|17\/100 tox\n|-unboost|p2a: Tapu Bulu|spa|1\n|\n|-heal|p2a: Tapu Bulu|23\/100 tox|[from] Grassy Terrain\n|-heal|p1a: Medusa|23\/100|[from] Grassy Terrain\n|-damage|p2a: Tapu Bulu|17\/100 tox|[from] psn\n|upkeep\n|turn|15\n|\n|t:|1700167441\n|move|p2a: Tapu Bulu|Horn Leech|p1a: Medusa\n|-damage|p1a: Medusa|0 fnt\n|-heal|p2a: Tapu Bulu|29\/100 tox|[from] drain|[of] p1a: Medusa\n|faint|p1a: Medusa\n|-damage|p2a: Tapu Bulu|19\/100 tox|[from] item: Life Orb\n|\n|-heal|p2a: Tapu Bulu|25\/100 tox|[from] Grassy Terrain\n|-damage|p2a: Tapu Bulu|13\/100 tox|[from] psn\n|upkeep\n|\n|t:|1700167443\n|switch|p1a: Dolos|Ditto|100\/100\n|-activate|p1a: Dolos|move: Sticky Web\n|-unboost|p1a: Dolos|spe|1\n|-transform|p1a: Dolos|p2a: Tapu Bulu|[from] ability: Imposter\n|turn|16\n|\n|t:|1700167448\n|move|p1a: Dolos|Horn Leech|p2a: Tapu Bulu\n|-resisted|p2a: Tapu Bulu\n|-damage|p2a: Tapu Bulu|0 fnt\n|faint|p2a: Tapu Bulu\n|\n|upkeep\n|\n|t:|1700167449\n|switch|p2a: Tapu Lele|Tapu Lele, shiny|100\/100\n|-fieldstart|move: Psychic Terrain|[from] ability: Psychic Surge|[of] p2a: Tapu Lele\n|turn|17\n|\n|t:|1700167455\n|move|p2a: Tapu Lele|Psychic|p1a: Dolos\n|-damage|p1a: Dolos|26\/100\n|move|p1a: Dolos|Horn Leech|p2a: Tapu Lele\n|-damage|p2a: Tapu Lele|34\/100\n|-heal|p1a: Dolos|57\/100|[from] drain|[of] p2a: Tapu Lele\n|\n|upkeep\n|turn|18\n|\n|t:|1700167463\n|switch|p1a: Hephaestus|Ceruledge, M, shiny|45\/100\n|-activate|p1a: Hephaestus|move: Sticky Web\n|-unboost|p1a: Hephaestus|spe|1\n|move|p2a: Tapu Lele|Psychic|p1a: Hephaestus\n|-damage|p1a: Hephaestus|0 fnt\n|faint|p1a: Hephaestus\n|\n|upkeep\n|\n|t:|1700167469\n|switch|p1a: Dolos|Ditto|57\/100\n|-activate|p1a: Dolos|move: Sticky Web\n|-unboost|p1a: Dolos|spe|1\n|-transform|p1a: Dolos|p2a: Tapu Lele|[from] ability: Imposter\n|turn|19\n|\n|t:|1700167475\n|move|p2a: Tapu Lele|Psychic|p1a: Dolos\n|-resisted|p1a: Dolos\n|-damage|p1a: Dolos|25\/100\n|move|p1a: Dolos|Psychic|p2a: Tapu Lele\n|-resisted|p2a: Tapu Lele\n|-damage|p2a: Tapu Lele|1\/100\n|\n|upkeep\n|turn|20\n|\n|t:|1700167488\n|move|p1a: Dolos|Psychic|p2a: Tapu Lele\n|-resisted|p2a: Tapu Lele\n|-damage|p2a: Tapu Lele|0 fnt\n|faint|p2a: Tapu Lele\n|\n|upkeep\n|\n|t:|1700167489\n|switch|p2a: Tapu Fini|Tapu Fini, shiny|51\/100\n|-fieldstart|move: Misty Terrain|[from] ability: Misty Surge|[of] p2a: Tapu Fini\n|turn|21\n|\n|t:|1700167496\n|switch|p1a: Poseidon|Gastrodon-East, M|100\/100\n|-activate|p1a: Poseidon|move: Sticky Web\n|-unboost|p1a: Poseidon|spe|1\n|move|p2a: Tapu Fini|Surf|p1a: Poseidon\n|-ability|p1a: Poseidon|Storm Drain|boost\n|-boost|p1a: Poseidon|spa|1\n|\n|-heal|p2a: Tapu Fini|57\/100|[from] item: Leftovers\n|upkeep\n|turn|22\n|\n|t:|1700167499\n|move|p2a: Tapu Fini|Calm Mind|p2a: Tapu Fini\n|-boost|p2a: Tapu Fini|spa|1\n|-boost|p2a: Tapu Fini|spd|1\n|move|p1a: Poseidon|Earth Power|p2a: Tapu Fini\n|-damage|p2a: Tapu Fini|28\/100\n|\n|-heal|p2a: Tapu Fini|34\/100|[from] item: Leftovers\n|upkeep\n|turn|23\n|\n|t:|1700167502\n|move|p2a: Tapu Fini|Draining Kiss|p1a: Poseidon\n|-damage|p1a: Poseidon|75\/100\n|-heal|p2a: Tapu Fini|58\/100|[from] drain|[of] p1a: Poseidon\n|move|p1a: Poseidon|Clear Smog|p2a: Tapu Fini\n|-supereffective|p2a: Tapu Fini\n|-damage|p2a: Tapu Fini|33\/100\n|-clearboost|p2a: Tapu Fini\n|\n|-heal|p2a: Tapu Fini|39\/100|[from] item: Leftovers\n|-heal|p1a: Poseidon|81\/100|[from] item: Leftovers\n|upkeep\n|turn|24\n|\n|t:|1700167506\n|move|p2a: Tapu Fini|Draining Kiss|p1a: Poseidon\n|-damage|p1a: Poseidon|65\/100\n|-heal|p2a: Tapu Fini|54\/100|[from] drain|[of] p1a: Poseidon\n|move|p1a: Poseidon|Earth Power|p2a: Tapu Fini\n|-damage|p2a: Tapu Fini|8\/100\n|\n|-heal|p2a: Tapu Fini|14\/100|[from] item: Leftovers\n|-heal|p1a: Poseidon|71\/100|[from] item: Leftovers\n|upkeep\n|turn|25\n|\n|t:|1700167510\n|move|p2a: Tapu Fini|Draining Kiss|p1a: Poseidon\n|-crit|p1a: Poseidon\n|-damage|p1a: Poseidon|47\/100\n|-heal|p2a: Tapu Fini|36\/100|[from] drain|[of] p1a: Poseidon\n|move|p1a: Poseidon|Earth Power|p2a: Tapu Fini\n|-damage|p2a: Tapu Fini|0 fnt\n|faint|p2a: Tapu Fini\n|\n|win|UserJexx\n|raw|UserJexx's rating: 1730 &rarr; <strong>1745<\/strong><br \/>(+15 for winning)\n|raw|The Np sweep's rating: 1638 &rarr; <strong>1623<\/strong><br \/>(-15 for losing)\n|l|\u203dThe Np sweep\n|player|p1|UserJexx|1\n","uploadtime":1700167544,"views":11,"p1id":"userjexx","p2id":"thenpsweep","formatid":"gen9nationaldex","rating":1623,"private":0,"password":""}