{"id":"gen9nationaldex-1988993882","p1":"TAP_ORI23","p2":"potw13_snake","format":"[Gen 9] National Dex","log":"|j|\u2606TAP_ORI23\n|j|\u2606potw13_snake\n|t:|1699799687\n|gametype|singles\n|player|p1|TAP_ORI23|acetrainerf|1073\n|player|p2|potw13_snake|red|1080\n|teamsize|p1|6\n|teamsize|p2|6\n|gen|9\n|tier|[Gen 9] National Dex\n|rated|\n|rule|HP Percentage Mod: HP is shown in percentages\n|rule|Endless Battle Clause: Forcing endless battles is banned\n|rule|OHKO Clause: OHKO moves are banned\n|rule|Evasion Clause: Evasion abilities, items, and moves are banned\n|rule|Evasion Abilities Clause: Evasion abilities are banned\n|rule|Evasion Items Clause: Evasion items are banned\n|rule|Evasion Moves Clause: Evasion moves are banned\n|rule|Species Clause: Limit one of each Pok\u00e9mon\n|rule|Sleep Clause Mod: Limit one foe put to sleep\n|clearpoke\n|poke|p1|Quaquaval, M|\n|poke|p1|Lucario, M|\n|poke|p1|Luxray, F|\n|poke|p1|Meowscarada, F|\n|poke|p1|Altaria, F|\n|poke|p1|Gengar, M|\n|poke|p2|Perrserker, M|\n|poke|p2|Ferrothorn, F|\n|poke|p2|Dodrio, M|\n|poke|p2|Salamence, M|\n|poke|p2|Terrakion|\n|poke|p2|Ninetales-Alola, F|\n|teampreview\n|\n|t:|1699799705\n|start\n|switch|p1a: Altaria|Altaria, F|100\/100\n|switch|p2a: Dodrio|Dodrio, M|100\/100\n|turn|1\n|\n|t:|1699799712\n|switch|p2a: Ninetales|Ninetales-Alola, F|100\/100\n|-weather|Snow|[from] ability: Snow Warning|[of] p2a: Ninetales\n|detailschange|p1a: Altaria|Altaria-Mega, F\n|-mega|p1a: Altaria|Altaria|Altarianite\n|move|p1a: Altaria|Air Cutter|p2a: Ninetales\n|-damage|p2a: Ninetales|82\/100\n|\n|-weather|Snow|[upkeep]\n|upkeep\n|turn|2\n|\n|t:|1699799728\n|switch|p1a: Luxray|Luxray, F|100\/100\n|move|p2a: Ninetales|Blizzard|p1a: Luxray\n|-damage|p1a: Luxray|19\/100\n|-damage|p2a: Ninetales|72\/100|[from] item: Life Orb\n|\n|-weather|Snow|[upkeep]\n|-heal|p1a: Luxray|25\/100|[from] item: Leftovers\n|upkeep\n|turn|3\n|\n|t:|1699799739\n|move|p2a: Ninetales|Blizzard|p1a: Luxray\n|-damage|p1a: Luxray|0 fnt\n|faint|p1a: Luxray\n|-damage|p2a: Ninetales|63\/100|[from] item: Life Orb\n|\n|-weather|Snow|[upkeep]\n|upkeep\n|\n|t:|1699799746\n|switch|p1a: Gengar|Gengar, M|100\/100\n|turn|4\n|\n|t:|1699799752\n|switch|p2a: Perrserker|Perrserker, M|100\/100\n|move|p1a: Gengar|Toxic|p2a: Perrserker\n|-immune|p2a: Perrserker\n|\n|-weather|Snow|[upkeep]\n|upkeep\n|turn|5\n|\n|t:|1699799761\n|move|p1a: Gengar|Poltergeist|p2a: Perrserker\n|-activate|p2a: Perrserker|move: Poltergeist|Choice Band\n|-damage|p2a: Perrserker|70\/100\n|move|p2a: Perrserker|Knock Off|p1a: Gengar\n|-supereffective|p1a: Gengar\n|-damage|p1a: Gengar|0 fnt\n|-enditem|p1a: Gengar|Leftovers|[from] move: Knock Off|[of] p2a: Perrserker\n|faint|p1a: Gengar\n|\n|-weather|none\n|upkeep\n|\n|t:|1699799776\n|switch|p1a: Lucario|Lucario, M|100\/100\n|turn|6\n|\n|t:|1699799786\n|switch|p2a: Ninetales|Ninetales-Alola, F|63\/100\n|-weather|Snow|[from] ability: Snow Warning|[of] p2a: Ninetales\n|move|p1a: Lucario|Extreme Speed|p2a: Ninetales\n|-damage|p2a: Ninetales|42\/100\n|\n|-weather|Snow|[upkeep]\n|upkeep\n|turn|7\n|\n|t:|1699799796\n|move|p2a: Ninetales|Chilling Water|p1a: Lucario\n|-damage|p1a: Lucario|75\/100\n|-unboost|p1a: Lucario|atk|1\n|-damage|p2a: Ninetales|32\/100|[from] item: Life Orb\n|move|p1a: Lucario|Blaze Kick|p2a: Ninetales\n|-supereffective|p2a: Ninetales\n|-damage|p2a: Ninetales|3\/100\n|\n|-weather|Snow|[upkeep]\n|-heal|p1a: Lucario|81\/100|[from] item: Leftovers\n|upkeep\n|turn|8\n|\n|t:|1699799810\n|switch|p2a: Ferrothorn|Ferrothorn, F|100\/100\n|-terastallize|p1a: Lucario|Fighting\n|move|p1a: Lucario|Cross Chop|p2a: Ferrothorn\n|-supereffective|p2a: Ferrothorn\n|-damage|p2a: Ferrothorn|61\/100\n|-damage|p1a: Lucario|68\/100|[from] ability: Iron Barbs|[of] p2a: Ferrothorn\n|\n|-weather|Snow|[upkeep]\n|-heal|p1a: Lucario|74\/100|[from] item: Leftovers\n|-heal|p2a: Ferrothorn|67\/100|[from] item: Leftovers\n|upkeep\n|turn|9\n|\n|t:|1699799832\n|switch|p2a: Salamence|Salamence, M|100\/100\n|move|p1a: Lucario|Aura Sphere|p2a: Salamence\n|-resisted|p2a: Salamence\n|-damage|p2a: Salamence|77\/100\n|\n|-weather|Snow|[upkeep]\n|-heal|p2a: Salamence|83\/100|[from] item: Leftovers\n|-heal|p1a: Lucario|80\/100|[from] item: Leftovers\n|upkeep\n|turn|10\n|\n|t:|1699799843\n|switch|p1a: Meowscarada|Meowscarada, F, shiny|100\/100\n|move|p2a: Salamence|Dragon Dance|p2a: Salamence\n|-boost|p2a: Salamence|atk|1\n|-boost|p2a: Salamence|spe|1\n|\n|-weather|none\n|-heal|p2a: Salamence|89\/100|[from] item: Leftovers\n|upkeep\n|turn|11\n|\n|t:|1699799853\n|move|p2a: Salamence|Dual Wingbeat|p1a: Meowscarada|[miss]\n|-miss|p2a: Salamence|p1a: Meowscarada\n|move|p1a: Meowscarada|Grass Knot|p2a: Salamence\n|-resisted|p2a: Salamence\n|-damage|p2a: Salamence|81\/100\n|\n|-heal|p2a: Salamence|87\/100|[from] item: Leftovers\n|upkeep\n|turn|12\n|\n|t:|1699799862\n|move|p2a: Salamence|Dual Wingbeat|p1a: Meowscarada\n|-supereffective|p1a: Meowscarada\n|-damage|p1a: Meowscarada|2\/100\n|-supereffective|p1a: Meowscarada\n|-damage|p1a: Meowscarada|0 fnt\n|faint|p1a: Meowscarada\n|-ability|p2a: Salamence|Moxie|boost\n|-boost|p2a: Salamence|atk|1\n|-hitcount|p1: Meowscarada|2\n|\n|-heal|p2a: Salamence|93\/100|[from] item: Leftovers\n|upkeep\n|\n|t:|1699799873\n|switch|p1a: Altaria|Altaria-Mega, F|100\/100\n|turn|13\n|\n|t:|1699799879\n|move|p2a: Salamence|Dual Wingbeat|p1a: Altaria\n|-damage|p1a: Altaria|50\/100\n|-damage|p1a: Altaria|3\/100\n|-hitcount|p1a: Altaria|2\n|move|p1a: Altaria|Air Cutter|p2a: Salamence\n|-damage|p2a: Salamence|71\/100\n|\n|-heal|p2a: Salamence|78\/100|[from] item: Leftovers\n|upkeep\n|turn|14\n|\n|t:|1699799889\n|move|p2a: Salamence|Earthquake|p1a: Altaria\n|-damage|p1a: Altaria|0 fnt\n|faint|p1a: Altaria\n|-ability|p2a: Salamence|Moxie|boost\n|-boost|p2a: Salamence|atk|1\n|\n|-heal|p2a: Salamence|84\/100|[from] item: Leftovers\n|upkeep\n|\n|t:|1699799897\n|switch|p1a: Quaquaval|Quaquaval, M|100\/100\n|turn|15\n|\n|t:|1699799901\n|move|p2a: Salamence|Dual Wingbeat|p1a: Quaquaval\n|-supereffective|p1a: Quaquaval\n|-damage|p1a: Quaquaval|0 fnt\n|faint|p1a: Quaquaval\n|-ability|p2a: Salamence|Moxie|boost\n|-boost|p2a: Salamence|atk|1\n|-hitcount|p1: Quaquaval|1\n|\n|-heal|p2a: Salamence|90\/100|[from] item: Leftovers\n|upkeep\n|inactive|Battle timer is ON: inactive players will automatically lose when time's up. (requested by potw13_snake)\n|c|\u2606TAP_ORI23|I hatr\n|\n|t:|1699799943\n|switch|p1a: Lucario|Lucario, M, tera:Fighting|80\/100\n|turn|16\n|\n|t:|1699799960\n|move|p2a: Salamence|Dual Wingbeat|p1a: Lucario\n|-supereffective|p1a: Lucario\n|-damage|p1a: Lucario|0 fnt\n|faint|p1a: Lucario\n|-hitcount|p1: Lucario|1\n|\n|win|potw13_snake\n|raw|TAP_ORI23's rating: 1073 &rarr; <strong>1052<\/strong><br \/>(-21 for losing)\n|raw|potw13_snake's rating: 1080 &rarr; <strong>1107<\/strong><br \/>(+27 for winning)\n|c|\u2606potw13_snake|Gg\n","uploadtime":1699800003,"views":13,"p1id":"tapori23","p2id":"potw13snake","formatid":"gen9nationaldex","rating":1052,"private":0,"password":""}