{"id":"gen9nationaldex-1993078743","p1":"Fealieya","p2":"Over158","format":"[Gen 9] National Dex","log":"|j|\u2606Fealieya\n|j|\u2606Over158\n|t:|1700262308\n|gametype|singles\n|player|p1|Fealieya|266|1121\n|player|p2|Over158|colress|1195\n|teamsize|p1|6\n|teamsize|p2|6\n|gen|9\n|tier|[Gen 9] National Dex\n|rated|\n|rule|HP Percentage Mod: HP is shown in percentages\n|rule|Endless Battle Clause: Forcing endless battles is banned\n|rule|OHKO Clause: OHKO moves are banned\n|rule|Evasion Clause: Evasion abilities, items, and moves are banned\n|rule|Evasion Abilities Clause: Evasion abilities are banned\n|rule|Evasion Items Clause: Evasion items are banned\n|rule|Evasion Moves Clause: Evasion moves are banned\n|rule|Species Clause: Limit one of each Pok\u00e9mon\n|rule|Sleep Clause Mod: Limit one foe put to sleep\n|clearpoke\n|poke|p1|Alomomola, M|\n|poke|p1|Toxapex, M|\n|poke|p1|Moltres|\n|poke|p1|Pikachu, F|\n|poke|p1|Mawile, F|\n|poke|p1|Corviknight, F|\n|poke|p2|Tyrantrum, M|\n|poke|p2|Minior|\n|poke|p2|Diancie|\n|poke|p2|Nihilego|\n|poke|p2|Ogerpon-Cornerstone, F|\n|poke|p2|Kleavor, M|\n|teampreview\n|inactive|Battle timer is ON: inactive players will automatically lose when time's up. (requested by Over158)\n|\n|t:|1700262326\n|start\n|switch|p1a: Alomomola|Alomomola, M|100\/100\n|switch|p2a: Kleavor|Kleavor, M|100\/100\n|turn|1\n|\n|t:|1700262332\n|move|p2a: Kleavor|Stone Axe|p1a: Alomomola\n|-damage|p1a: Alomomola|67\/100\n|-sidestart|p1: Fealieya|move: Stealth Rock\n|-damage|p2a: Kleavor|91\/100|[from] item: Life Orb\n|move|p1a: Alomomola|Flip Turn|p2a: Kleavor\n|-supereffective|p2a: Kleavor\n|-damage|p2a: Kleavor|49\/100\n|\n|t:|1700262344\n|switch|p1a: Mawile|Mawile, F|100\/100|[from] Flip Turn\n|-damage|p1a: Mawile|94\/100|[from] Stealth Rock\n|-ability|p1a: Mawile|Intimidate|boost\n|-unboost|p2a: Kleavor|atk|1\n|\n|upkeep\n|turn|2\n|\n|t:|1700262362\n|detailschange|p1a: Mawile|Mawile-Mega, F\n|-mega|p1a: Mawile|Mawile|Mawilite\n|move|p2a: Kleavor|Close Combat|p1a: Mawile\n|-crit|p1a: Mawile\n|-damage|p1a: Mawile|8\/100\n|-unboost|p2a: Kleavor|def|1\n|-unboost|p2a: Kleavor|spd|1\n|-damage|p2a: Kleavor|39\/100|[from] item: Life Orb\n|move|p1a: Mawile|Swords Dance|p1a: Mawile\n|-boost|p1a: Mawile|atk|2\n|\n|upkeep\n|turn|3\n|\n|t:|1700262373\n|move|p1a: Mawile|Sucker Punch|p2a: Kleavor\n|-damage|p2a: Kleavor|0 fnt\n|faint|p2a: Kleavor\n|\n|upkeep\n|\n|t:|1700262376\n|switch|p2a: Ogerpon|Ogerpon-Cornerstone, F|100\/100\n|turn|4\n|\n|t:|1700262380\n|move|p2a: Ogerpon|Spiky Shield|p2a: Ogerpon\n|-singleturn|p2a: Ogerpon|move: Protect\n|move|p1a: Mawile|Sucker Punch||[still]\n|-fail|p1a: Mawile\n|\n|upkeep\n|turn|5\n|\n|t:|1700262389\n|-singleturn|p1a: Mawile|move: Focus Punch\n|move|p2a: Ogerpon|Spiky Shield|p2a: Ogerpon\n|-singleturn|p2a: Ogerpon|move: Protect\n|move|p1a: Mawile|Focus Punch|p2a: Ogerpon\n|-activate|p2a: Ogerpon|move: Protect\n|-damage|p1a: Mawile|0 fnt|[from] Spiky Shield|[of] p2a: Ogerpon\n|faint|p1a: Mawile\n|\n|upkeep\n|\n|t:|1700262408\n|switch|p1a: Corviknight|Corviknight, F|100\/100\n|-damage|p1a: Corviknight|88\/100|[from] Stealth Rock\n|turn|6\n|\n|t:|1700262419\n|switch|p2a: Tyrantrum|Tyrantrum, M, shiny|100\/100\n|move|p1a: Corviknight|Iron Defense|p1a: Corviknight\n|-boost|p1a: Corviknight|def|2\n|\n|upkeep\n|turn|7\n|\n|t:|1700262424\n|move|p2a: Tyrantrum|Fire Fang|p1a: Corviknight\n|-supereffective|p1a: Corviknight\n|-damage|p1a: Corviknight|57\/100\n|-damage|p2a: Tyrantrum|84\/100|[from] item: Rocky Helmet|[of] p1a: Corviknight\n|move|p1a: Corviknight|Iron Defense|p1a: Corviknight\n|-boost|p1a: Corviknight|def|2\n|\n|upkeep\n|turn|8\n|\n|t:|1700262430\n|move|p2a: Tyrantrum|Fire Fang|p1a: Corviknight\n|-supereffective|p1a: Corviknight\n|-damage|p1a: Corviknight|37\/100\n|-damage|p2a: Tyrantrum|67\/100|[from] item: Rocky Helmet|[of] p1a: Corviknight\n|move|p1a: Corviknight|Roost|p1a: Corviknight\n|-heal|p1a: Corviknight|87\/100\n|-singleturn|p1a: Corviknight|move: Roost\n|\n|upkeep\n|turn|9\n|\n|t:|1700262435\n|move|p2a: Tyrantrum|Fire Fang|p1a: Corviknight\n|-supereffective|p1a: Corviknight\n|-damage|p1a: Corviknight|67\/100\n|-damage|p2a: Tyrantrum|51\/100|[from] item: Rocky Helmet|[of] p1a: Corviknight\n|move|p1a: Corviknight|Iron Defense|p1a: Corviknight\n|-boost|p1a: Corviknight|def|2\n|\n|upkeep\n|turn|10\n|\n|t:|1700262451\n|move|p2a: Tyrantrum|Fire Fang|p1a: Corviknight|[miss]\n|-miss|p2a: Tyrantrum|p1a: Corviknight\n|move|p1a: Corviknight|Roost|p1a: Corviknight\n|-heal|p1a: Corviknight|100\/100\n|-singleturn|p1a: Corviknight|move: Roost\n|\n|upkeep\n|turn|11\n|\n|t:|1700262456\n|move|p2a: Tyrantrum|Fire Fang|p1a: Corviknight\n|-supereffective|p1a: Corviknight\n|-damage|p1a: Corviknight|84\/100\n|-damage|p2a: Tyrantrum|34\/100|[from] item: Rocky Helmet|[of] p1a: Corviknight\n|move|p1a: Corviknight|Body Press|p2a: Tyrantrum\n|-supereffective|p2a: Tyrantrum\n|-damage|p2a: Tyrantrum|0 fnt\n|faint|p2a: Tyrantrum\n|\n|upkeep\n|inactive|Over158 has 120 seconds left.\n|\n|t:|1700262484\n|switch|p2a: Nihilego|Nihilego, shiny|100\/100\n|turn|12\n|\n|t:|1700262496\n|-terastallize|p1a: Corviknight|Ground\n|move|p2a: Nihilego|Thunderbolt|p1a: Corviknight\n|-immune|p1a: Corviknight\n|move|p1a: Corviknight|Body Press|p2a: Nihilego\n|-damage|p2a: Nihilego|0 fnt\n|faint|p2a: Nihilego\n|\n|upkeep\n|\n|t:|1700262501\n|switch|p2a: Diancie|Diancie|100\/100\n|turn|13\n|-message|Over158 forfeited.\n|\n|win|Fealieya\n|raw|Fealieya's rating: 1121 &rarr; <strong>1151<\/strong><br \/>(+30 for winning)\n|raw|Over158's rating: 1195 &rarr; <strong>1165<\/strong><br \/>(-30 for losing)\n|l|\u2606Over158\n","uploadtime":1700262507,"views":6,"p1id":"fealieya","p2id":"over158","formatid":"gen9nationaldex","rating":1151,"private":0,"password":""}