{"id":"gen9nationaldex-1989854236","p1":"SansBadTime16","p2":"Fakesmurferrr","format":"[Gen 9] National Dex","log":"|j|\u2606SansBadTime16\n|j|\u2606Fakesmurferrr\n|t:|1699901266\n|gametype|singles\n|player|p1|SansBadTime16|brycen|1292\n|player|p2|Fakesmurferrr|psychicf-gen4|1260\n|teamsize|p1|6\n|teamsize|p2|6\n|gen|9\n|tier|[Gen 9] National Dex\n|rated|\n|rule|HP Percentage Mod: HP is shown in percentages\n|rule|Endless Battle Clause: Forcing endless battles is banned\n|rule|OHKO Clause: OHKO moves are banned\n|rule|Evasion Clause: Evasion abilities, items, and moves are banned\n|rule|Evasion Abilities Clause: Evasion abilities are banned\n|rule|Evasion Items Clause: Evasion items are banned\n|rule|Evasion Moves Clause: Evasion moves are banned\n|rule|Species Clause: Limit one of each Pok\u00e9mon\n|rule|Sleep Clause Mod: Limit one foe put to sleep\n|clearpoke\n|poke|p1|Serperior, M|\n|poke|p1|Greninja-*, M|\n|poke|p1|Scizor, M|\n|poke|p1|Skeledirge, F|\n|poke|p1|Cryogonal|\n|poke|p1|Diancie|\n|poke|p2|Cresselia, F|\n|poke|p2|Mew|\n|poke|p2|Scizor, M|\n|poke|p2|Cyclizar, M|\n|poke|p2|Torterra, M|\n|poke|p2|Munkidori, M|\n|teampreview\n|inactive|Battle timer is ON: inactive players will automatically lose when time's up. (requested by Fakesmurferrr)\n|\n|t:|1699901289\n|start\n|switch|p1a: Skeledirge|Skeledirge, F|100\/100\n|switch|p2a: Cyclizar|Cyclizar, M|100\/100\n|turn|1\n|\n|t:|1699901301\n|move|p2a: Cyclizar|Taunt|p1a: Skeledirge\n|-start|p1a: Skeledirge|move: Taunt\n|move|p1a: Skeledirge|Torch Song|p2a: Cyclizar\n|-resisted|p2a: Cyclizar\n|-damage|p2a: Cyclizar|72\/100\n|-boost|p1a: Skeledirge|spa|1\n|\n|upkeep\n|turn|2\n|\n|t:|1699901306\n|move|p2a: Cyclizar|U-turn|p1a: Skeledirge\n|-resisted|p1a: Skeledirge\n|-damage|p1a: Skeledirge|97\/100\n|-damage|p2a: Cyclizar|63\/100|[from] item: Life Orb\n|\n|t:|1699901325\n|switch|p2a: Munkidori|Munkidori, M|100\/100|[from] U-turn\n|move|p1a: Skeledirge|Torch Song|p2a: Munkidori\n|-damage|p2a: Munkidori|47\/100\n|-boost|p1a: Skeledirge|spa|1\n|\n|-heal|p2a: Munkidori|53\/100|[from] item: Black Sludge\n|upkeep\n|turn|3\n|\n|t:|1699901336\n|-terastallize|p1a: Skeledirge|Poison\n|move|p2a: Munkidori|Sludge Wave|p1a: Skeledirge\n|-resisted|p1a: Skeledirge\n|-damage|p1a: Skeledirge|75\/100\n|move|p1a: Skeledirge|Shadow Ball|p2a: Munkidori\n|-supereffective|p2a: Munkidori\n|-crit|p2a: Munkidori\n|-damage|p2a: Munkidori|0 fnt\n|faint|p2a: Munkidori\n|\n|-end|p1a: Skeledirge|move: Taunt\n|upkeep\n|\n|t:|1699901343\n|switch|p2a: Mew|Mew|100\/100\n|turn|4\n|\n|t:|1699901348\n|move|p2a: Mew|Cosmic Power|p2a: Mew\n|-boost|p2a: Mew|def|1\n|-boost|p2a: Mew|spd|1\n|move|p1a: Skeledirge|Shadow Ball|p2a: Mew\n|-supereffective|p2a: Mew\n|-damage|p2a: Mew|0 fnt\n|faint|p2a: Mew\n|\n|upkeep\n|\n|t:|1699901353\n|switch|p2a: Cresselia|Cresselia, F, shiny|100\/100\n|turn|5\n|\n|t:|1699901360\n|move|p2a: Cresselia|Calm Mind|p2a: Cresselia\n|-boost|p2a: Cresselia|spa|1\n|-boost|p2a: Cresselia|spd|1\n|move|p1a: Skeledirge|Shadow Ball|p2a: Cresselia\n|-supereffective|p2a: Cresselia\n|-damage|p2a: Cresselia|15\/100\n|\n|-heal|p2a: Cresselia|21\/100|[from] item: Leftovers\n|upkeep\n|turn|6\n|\n|t:|1699901367\n|move|p2a: Cresselia|Stored Power|p1a: Skeledirge\n|-supereffective|p1a: Skeledirge\n|-damage|p1a: Skeledirge|46\/100\n|-enditem|p1a: Skeledirge|Sitrus Berry|[eat]\n|-heal|p1a: Skeledirge|71\/100|[from] item: Sitrus Berry\n|move|p1a: Skeledirge|Shadow Ball|p2a: Cresselia\n|-supereffective|p2a: Cresselia\n|-damage|p2a: Cresselia|0 fnt\n|faint|p2a: Cresselia\n|\n|upkeep\n|-message|Fakesmurferrr forfeited.\n|\n|win|SansBadTime16\n|raw|SansBadTime16's rating: 1292 &rarr; <strong>1315<\/strong><br \/>(+23 for winning)\n|raw|Fakesmurferrr's rating: 1260 &rarr; <strong>1237<\/strong><br \/>(-23 for losing)\n|l|\u2606Fakesmurferrr\n|c|\u2606SansBadTime16|ha\n","uploadtime":1699901380,"views":5,"p1id":"sansbadtime16","p2id":"fakesmurferrr","formatid":"gen9nationaldex","rating":1237,"private":0,"password":""}