{"id":"gen9nationaldex-1994773359","p1":"Chadecules","p2":"TheFinalCrusader","format":"[Gen 9] National Dex","log":"|html|<div class=\"broadcast-blue\"><strong>[Gen 9] National Dex is currently suspecting Sneasler! For information on how to participate check out the <a href=\"https:\/\/www.smogon.com\/forums\/threads\/sv-national-dex-suspect-8-just-dance.3731534\/\">suspect thread<\/a>.<\/strong><\/div>\n|j|\u2606Chadecules\n|j|\u2606TheFinalCrusader\n|t:|1700491366\n|gametype|singles\n|player|p1|Chadecules|riley|1079\n|player|p2|TheFinalCrusader|ingo|1000\n|teamsize|p1|6\n|teamsize|p2|6\n|gen|9\n|tier|[Gen 9] National Dex\n|rated|\n|rule|HP Percentage Mod: HP is shown in percentages\n|rule|Endless Battle Clause: Forcing endless battles is banned\n|rule|OHKO Clause: OHKO moves are banned\n|rule|Evasion Clause: Evasion abilities, items, and moves are banned\n|rule|Evasion Abilities Clause: Evasion abilities are banned\n|rule|Evasion Items Clause: Evasion items are banned\n|rule|Evasion Moves Clause: Evasion moves are banned\n|rule|Species Clause: Limit one of each Pok\u00e9mon\n|rule|Sleep Clause Mod: Limit one foe put to sleep\n|clearpoke\n|poke|p1|Diggersby, F|\n|poke|p1|Heliolisk, F|\n|poke|p1|Ditto|\n|poke|p1|Staraptor, M|\n|poke|p1|Indeedee, M|\n|poke|p1|Lopunny, F|\n|poke|p2|Pangoro, F|\n|poke|p2|Machamp, F|\n|poke|p2|Buzzwole|\n|poke|p2|Suicune|\n|poke|p2|Gyarados, F|\n|poke|p2|Garchomp, M|\n|teampreview\n|inactive|Battle timer is ON: inactive players will automatically lose when time's up. (requested by TheFinalCrusader)\n|\n|t:|1700491397\n|start\n|switch|p1a: Indeedee|Indeedee, M|100\/100\n|switch|p2a: Garchomp|Garchomp, M|100\/100\n|-fieldstart|move: Psychic Terrain|[from] ability: Psychic Surge|[of] p1a: Indeedee\n|turn|1\n|\n|t:|1700491406\n|switch|p1a: Staraptor|Staraptor, M|100\/100\n|-ability|p1a: Staraptor|Intimidate|boost\n|-unboost|p2a: Garchomp|atk|1\n|move|p2a: Garchomp|Stealth Rock|p1a: Staraptor\n|-sidestart|p1: Chadecules|move: Stealth Rock\n|\n|upkeep\n|turn|2\n|\n|t:|1700491414\n|move|p2a: Garchomp|Poison Jab|p1a: Staraptor\n|-damage|p1a: Staraptor|75\/100\n|-status|p1a: Staraptor|psn\n|move|p1a: Staraptor|Defog|p2a: Garchomp\n|-unboost|p2a: Garchomp|evasion|1\n|-sideend|p1: Chadecules|Stealth Rock|[from] move: Defog|[of] p1a: Staraptor\n|-fieldend|move: Psychic Terrain\n|\n|-damage|p1a: Staraptor|62\/100 psn|[from] psn\n|upkeep\n|turn|3\n|\n|t:|1700491425\n|switch|p1a: Diggersby|Diggersby, F, shiny|100\/100\n|move|p2a: Garchomp|Stealth Rock|p1a: Diggersby\n|-sidestart|p1: Chadecules|move: Stealth Rock\n|\n|upkeep\n|turn|4\n|\n|t:|1700491432\n|switch|p2a: Suicune|Suicune|100\/100\n|-ability|p2a: Suicune|Pressure\n|move|p1a: Diggersby|Swords Dance|p1a: Diggersby\n|-boost|p1a: Diggersby|atk|2\n|\n|upkeep\n|turn|5\n|\n|t:|1700491440\n|-terastallize|p1a: Diggersby|Normal\n|move|p1a: Diggersby|Earthquake|p2a: Suicune\n|-damage|p2a: Suicune|12\/100\n|move|p2a: Suicune|Surf|p1a: Diggersby\n|-damage|p1a: Diggersby|43\/100\n|\n|-heal|p1a: Diggersby|49\/100|[from] item: Leftovers\n|upkeep\n|turn|6\n|\n|t:|1700491450\n|move|p1a: Diggersby|Quick Attack|p2a: Suicune\n|-damage|p2a: Suicune|0 fnt\n|faint|p2a: Suicune\n|\n|-heal|p1a: Diggersby|55\/100|[from] item: Leftovers\n|upkeep\n|\n|t:|1700491458\n|switch|p2a: Buzzwole|Buzzwole|100\/100\n|turn|7\n|\n|t:|1700491462\n|switch|p1a: Staraptor|Staraptor, M|62\/100 psn\n|-ability|p1a: Staraptor|Intimidate|boost\n|-unboost|p2a: Buzzwole|atk|1\n|move|p2a: Buzzwole|Drain Punch|p1a: Staraptor\n|-damage|p1a: Staraptor|27\/100 psn\n|\n|-damage|p1a: Staraptor|15\/100 psn|[from] psn\n|upkeep\n|turn|8\n|\n|t:|1700491472\n|switch|p2a: Garchomp|Garchomp, M|100\/100\n|move|p1a: Staraptor|Brave Bird|p2a: Garchomp\n|-damage|p2a: Garchomp|44\/100\n|-damage|p1a: Staraptor|2\/100 psn|[from] ability: Rough Skin|[of] p2a: Garchomp\n|-damage|p1a: Staraptor|0 fnt|[from] Recoil\n|faint|p1a: Staraptor\n|\n|upkeep\n|\n|t:|1700491486\n|switch|p1a: Ditto|Ditto|100\/100\n|-damage|p1a: Ditto|88\/100|[from] Stealth Rock\n|-transform|p1a: Ditto|p2a: Garchomp|[from] ability: Imposter\n|turn|9\n|\n|t:|1700491493\n|switch|p2a: Gyarados|Gyarados, F|100\/100\n|move|p1a: Ditto|Dragon Claw|p2a: Gyarados\n|-damage|p2a: Gyarados|51\/100\n|\n|-heal|p1a: Ditto|94\/100|[from] item: Leftovers\n|upkeep\n|turn|10\n|\n|t:|1700491504\n|move|p1a: Ditto|Dragon Claw|p2a: Gyarados\n|-damage|p2a: Gyarados|0 fnt\n|faint|p2a: Gyarados\n|\n|-heal|p1a: Ditto|99\/100|[from] item: Leftovers\n|upkeep\n|\n|t:|1700491520\n|switch|p2a: Pangoro|Pangoro, F|100\/100\n|turn|11\n|inactive|Chadecules has 120 seconds left.\n|\n|t:|1700491575\n|switch|p1a: Diggersby|Diggersby, F, shiny, tera:Normal|55\/100\n|-damage|p1a: Diggersby|43\/100|[from] Stealth Rock\n|move|p2a: Pangoro|Circle Throw|p1a: Diggersby\n|-supereffective|p1a: Diggersby\n|-damage|p1a: Diggersby|0 fnt\n|faint|p1a: Diggersby\n|\n|upkeep\n|inactive|Chadecules has 90 seconds left.\n|\n|t:|1700491588\n|switch|p1a: Lopunny|Lopunny, F|100\/100\n|-damage|p1a: Lopunny|88\/100|[from] Stealth Rock\n|turn|12\n|\n|t:|1700491598\n|switch|p2a: Garchomp|Garchomp, M|44\/100\n|detailschange|p1a: Lopunny|Lopunny-Mega, F\n|-mega|p1a: Lopunny|Lopunny|Lopunnite\n|move|p1a: Lopunny|High Jump Kick|p2a: Garchomp\n|-damage|p2a: Garchomp|0 fnt\n|-damage|p1a: Lopunny|76\/100|[from] ability: Rough Skin|[of] p2a: Garchomp\n|faint|p2a: Garchomp\n|\n|upkeep\n|\n|t:|1700491615\n|switch|p2a: Buzzwole|Buzzwole|100\/100\n|turn|13\n|inactive|Chadecules has 90 seconds left.\n|inactive|Chadecules has 60 seconds left.\n|\n|t:|1700491686\n|switch|p1a: Indeedee|Indeedee, M|100\/100\n|-damage|p1a: Indeedee|88\/100|[from] Stealth Rock\n|-fieldstart|move: Psychic Terrain|[from] ability: Psychic Surge|[of] p1a: Indeedee\n|move|p2a: Buzzwole|Drain Punch|p1a: Indeedee\n|-damage|p1a: Indeedee|7\/100\n|\n|upkeep\n|turn|14\n|\n|t:|1700491696\n|switch|p2a: Pangoro|Pangoro, F|100\/100\n|move|p1a: Indeedee|Expanding Force|p2a: Pangoro\n|-immune|p2a: Pangoro\n|\n|upkeep\n|turn|15\n|\n|t:|1700491705\n|move|p1a: Indeedee|Mystical Fire|p2a: Pangoro\n|-damage|p2a: Pangoro|78\/100\n|-unboost|p2a: Pangoro|spa|1\n|-damage|p1a: Indeedee|0 fnt|[from] item: Life Orb\n|faint|p1a: Indeedee\n|move|p2a: Pangoro|Circle Throw|p1: Indeedee|[notarget]\n|-fail|p2a: Pangoro\n|\n|upkeep\n|\n|t:|1700491724\n|switch|p1a: Heliolisk|Heliolisk, F, shiny|100\/100\n|-damage|p1a: Heliolisk|88\/100|[from] Stealth Rock\n|turn|16\n|\n|t:|1700491731\n|move|p1a: Heliolisk|Glare|p2a: Pangoro\n|-status|p2a: Pangoro|par\n|move|p2a: Pangoro|Drain Punch|p1a: Heliolisk\n|-supereffective|p1a: Heliolisk\n|-damage|p1a: Heliolisk|0 fnt\n|-heal|p2a: Pangoro|100\/100 par|[from] drain|[of] p1a: Heliolisk\n|faint|p1a: Heliolisk\n|\n|upkeep\n|\n|t:|1700491741\n|switch|p1a: Ditto|Ditto|99\/100\n|-damage|p1a: Ditto|88\/100|[from] Stealth Rock\n|-transform|p1a: Ditto|p2a: Pangoro|[from] ability: Imposter\n|turn|17\n|\n|t:|1700491752\n|move|p1a: Ditto|Circle Throw|p2a: Pangoro\n|-supereffective|p2a: Pangoro\n|-damage|p2a: Pangoro|55\/100 par\n|drag|p2a: Buzzwole|Buzzwole|100\/100\n|\n|-heal|p1a: Ditto|94\/100|[from] item: Leftovers\n|-fieldend|move: Psychic Terrain\n|upkeep\n|turn|18\n|\n|t:|1700491763\n|switch|p1a: Lopunny|Lopunny-Mega, F|76\/100\n|-damage|p1a: Lopunny|70\/100|[from] Stealth Rock\n|move|p2a: Buzzwole|Lunge|p1a: Lopunny\n|-resisted|p1a: Lopunny\n|-damage|p1a: Lopunny|45\/100\n|-unboost|p1a: Lopunny|atk|1\n|\n|upkeep\n|turn|19\n|-message|Chadecules forfeited.\n|\n|win|TheFinalCrusader\n|raw|Chadecules's rating: 1079 &rarr; <strong>1052<\/strong><br \/>(-27 for losing)\n|raw|TheFinalCrusader's rating: 1000 &rarr; <strong>1049<\/strong><br \/>(+49 for winning)\n|l|\u2606Chadecules\n","uploadtime":1700491779,"views":2,"p1id":"chadecules","p2id":"thefinalcrusader","formatid":"gen9nationaldex","rating":1049,"private":0,"password":""}