{"id":"gen9nationaldex-1987444792","p1":"AwesomenessX","p2":"ss580","format":"[Gen 9] National Dex","log":"|j|\u2606AwesomenessX\n|j|\u2606ss580\n|t:|1699592528\n|gametype|singles\n|player|p1|AwesomenessX|101|1027\n|player|p2|ss580|265|1000\n|teamsize|p1|6\n|teamsize|p2|6\n|gen|9\n|tier|[Gen 9] National Dex\n|rated|\n|rule|HP Percentage Mod: HP is shown in percentages\n|rule|Endless Battle Clause: Forcing endless battles is banned\n|rule|OHKO Clause: OHKO moves are banned\n|rule|Evasion Clause: Evasion abilities, items, and moves are banned\n|rule|Evasion Abilities Clause: Evasion abilities are banned\n|rule|Evasion Items Clause: Evasion items are banned\n|rule|Evasion Moves Clause: Evasion moves are banned\n|rule|Species Clause: Limit one of each Pok\u00e9mon\n|rule|Sleep Clause Mod: Limit one foe put to sleep\n|clearpoke\n|poke|p1|Stunfisk, M|\n|poke|p1|Escavalier, M|\n|poke|p1|Reuniclus, M|\n|poke|p1|Cofagrigus, F|\n|poke|p1|Alomomola, F|\n|poke|p1|Scolipede, M|\n|poke|p2|Golurk|\n|poke|p2|Tyranitar, M|\n|poke|p2|Golisopod, F|\n|poke|p2|Zapdos|\n|poke|p2|Slowking-Galar, M|\n|poke|p2|Meowscarada, F|\n|teampreview\n|\n|t:|1699592541\n|start\n|switch|p1a: Flunder|Stunfisk, M|100\/100\n|switch|p2a: Golurk|Golurk, shiny|100\/100\n|turn|1\n|\n|t:|1699592556\n|move|p2a: Golurk|Earthquake|p1a: Flunder\n|-supereffective|p1a: Flunder\n|-damage|p1a: Flunder|0 fnt\n|faint|p1a: Flunder\n|\n|upkeep\n|\n|t:|1699592579\n|switch|p1a: Pestilence|Alomomola, F|100\/100\n|turn|2\n|\n|t:|1699592583\n|move|p2a: Golurk|Earthquake|p1a: Pestilence\n|-damage|p1a: Pestilence|49\/100\n|move|p1a: Pestilence|Aqua Ring|p1a: Pestilence\n|-start|p1a: Pestilence|Aqua Ring\n|\n|-heal|p1a: Pestilence|55\/100|[from] item: Leftovers\n|-heal|p1a: Pestilence|62\/100|[from] Aqua Ring\n|upkeep\n|turn|3\n|\n|t:|1699592594\n|move|p2a: Golurk|Earthquake|p1a: Pestilence\n|-damage|p1a: Pestilence|2\/100\n|move|p1a: Pestilence|Wish|p1a: Pestilence\n|\n|-heal|p1a: Pestilence|8\/100|[from] item: Leftovers\n|-heal|p1a: Pestilence|14\/100|[from] Aqua Ring\n|upkeep\n|turn|4\n|\n|t:|1699592620\n|switch|p2a: Tyranitar|Tyranitar, M, shiny|100\/100\n|-weather|Sandstorm|[from] ability: Sand Stream|[of] p2a: Tyranitar\n|switch|p1a: Landsknecht|Escavalier, M|100\/100\n|\n|-weather|Sandstorm|[upkeep]\n|upkeep\n|turn|5\n|\n|t:|1699592635\n|switch|p2a: Golurk|Golurk, shiny|100\/100\n|move|p1a: Landsknecht|Close Combat|p2a: Golurk\n|-immune|p2a: Golurk\n|\n|-weather|Sandstorm|[upkeep]\n|upkeep\n|turn|6\n|\n|t:|1699592649\n|switch|p1a: Nucleus|Reuniclus, M|100\/100\n|move|p2a: Golurk|Poltergeist|p1a: Nucleus\n|-activate|p1a: Nucleus|move: Poltergeist|Leftovers\n|-supereffective|p1a: Nucleus\n|-damage|p1a: Nucleus|0 fnt\n|faint|p1a: Nucleus\n|\n|-weather|Sandstorm|[upkeep]\n|upkeep\n|\n|t:|1699592662\n|switch|p1a: Alphapede|Scolipede, M|100\/100\n|turn|7\n|\n|t:|1699592668\n|move|p1a: Alphapede|Swords Dance|p1a: Alphapede\n|-boost|p1a: Alphapede|atk|2\n|move|p2a: Golurk|Poltergeist|p1a: Alphapede\n|-activate|p1a: Alphapede|move: Poltergeist|Focus Sash\n|-enditem|p1a: Alphapede|Focus Sash\n|-damage|p1a: Alphapede|1\/100\n|\n|-weather|Sandstorm|[upkeep]\n|-damage|p1a: Alphapede|0 fnt|[from] Sandstorm\n|faint|p1a: Alphapede\n|upkeep\n|\n|t:|1699592681\n|switch|p1a: Pestilence|Alomomola, F|48\/100\n|turn|8\n|\n|t:|1699592686\n|move|p2a: Golurk|Poltergeist|p1a: Pestilence\n|-activate|p1a: Pestilence|move: Poltergeist|Leftovers\n|-damage|p1a: Pestilence|0 fnt\n|faint|p1a: Pestilence\n|\n|-weather|none\n|upkeep\n|\n|t:|1699592696\n|switch|p1a: Landsknecht|Escavalier, M|100\/100\n|turn|9\n|\n|t:|1699592703\n|move|p2a: Golurk|Poltergeist|p1a: Landsknecht\n|-activate|p1a: Landsknecht|move: Poltergeist|Life Orb\n|-damage|p1a: Landsknecht|12\/100\n|move|p1a: Landsknecht|Iron Head|p2a: Golurk\n|-damage|p2a: Golurk|21\/100\n|-damage|p1a: Landsknecht|3\/100|[from] item: Life Orb\n|\n|upkeep\n|turn|10\n|\n|t:|1699592713\n|move|p2a: Golurk|Poltergeist|p1a: Landsknecht\n|-activate|p1a: Landsknecht|move: Poltergeist|Life Orb\n|-damage|p1a: Landsknecht|0 fnt\n|faint|p1a: Landsknecht\n|\n|upkeep\n|\n|t:|1699592719\n|switch|p1a: Entombed|Cofagrigus, F|100\/100\n|turn|11\n|\n|t:|1699592722\n|move|p2a: Golurk|Poltergeist|p1a: Entombed\n|-activate|p1a: Entombed|move: Poltergeist|Leftovers\n|-supereffective|p1a: Entombed\n|-damage|p1a: Entombed|0 fnt\n|faint|p1a: Entombed\n|\n|win|ss580\n|raw|AwesomenessX's rating: 1027 &rarr; <strong>1012<\/strong><br \/>(-15 for losing)\n|raw|ss580's rating: 1000 &rarr; <strong>1043<\/strong><br \/>(+43 for winning)\n|l|\u2606AwesomenessX\n","uploadtime":1699592731,"views":4,"p1id":"awesomenessx","p2id":"ss580","formatid":"gen9nationaldex","rating":1012,"private":0,"password":""}