{"id":"gen9nationaldex-1992487168","p1":"RustySoupCan","p2":"ShinyScarfy","format":"[Gen 9] National Dex","log":"|j|\u2606RustySoupCan\n|j|\u2606ShinyScarfy\n|t:|1700193754\n|gametype|singles\n|player|p1|RustySoupCan|bugsy|1288\n|player|p2|ShinyScarfy|alec-anime|1295\n|teamsize|p1|6\n|teamsize|p2|6\n|gen|9\n|tier|[Gen 9] National Dex\n|rated|\n|rule|HP Percentage Mod: HP is shown in percentages\n|rule|Endless Battle Clause: Forcing endless battles is banned\n|rule|OHKO Clause: OHKO moves are banned\n|rule|Evasion Clause: Evasion abilities, items, and moves are banned\n|rule|Evasion Abilities Clause: Evasion abilities are banned\n|rule|Evasion Items Clause: Evasion items are banned\n|rule|Evasion Moves Clause: Evasion moves are banned\n|rule|Species Clause: Limit one of each Pok\u00e9mon\n|rule|Sleep Clause Mod: Limit one foe put to sleep\n|clearpoke\n|poke|p1|Lopunny, M|\n|poke|p1|Landorus-Therian, M|\n|poke|p1|Heatran, F|\n|poke|p1|Tapu Lele|\n|poke|p1|Sneasler, M|\n|poke|p1|Rotom-Wash|\n|poke|p2|Porygon2|\n|poke|p2|Ferrothorn, F|\n|poke|p2|Tentacruel, F|\n|poke|p2|Camerupt, M|\n|poke|p2|Skarmory, M|\n|poke|p2|Lycanroc-Dusk, M|\n|teampreview\n|inactive|Battle timer is ON: inactive players will automatically lose when time's up. (requested by ShinyScarfy)\n|\n|t:|1700193762\n|start\n|switch|p1a: Lopunny|Lopunny, M|100\/100\n|switch|p2a: Ferrothorn|Ferrothorn, F, shiny|100\/100\n|turn|1\n|\n|t:|1700193767\n|detailschange|p1a: Lopunny|Lopunny-Mega, M\n|-mega|p1a: Lopunny|Lopunny|Lopunnite\n|move|p1a: Lopunny|U-turn|p2a: Ferrothorn\n|-damage|p2a: Ferrothorn|79\/100\n|-damage|p1a: Lopunny|88\/100|[from] ability: Iron Barbs|[of] p2a: Ferrothorn\n|-damage|p1a: Lopunny|72\/100|[from] item: Rocky Helmet|[of] p2a: Ferrothorn\n|\n|t:|1700193770\n|switch|p1a: Heatran|Heatran, F|100\/100|[from] U-turn\n|move|p2a: Ferrothorn|Swords Dance|p2a: Ferrothorn\n|-boost|p2a: Ferrothorn|atk|2\n|\n|upkeep\n|turn|2\n|\n|t:|1700193786\n|switch|p2a: Camerupt|Camerupt, M|100\/100\n|move|p1a: Heatran|Magma Storm|p2a: Camerupt\n|-resisted|p2a: Camerupt\n|-damage|p2a: Camerupt|71\/100\n|-activate|p2a: Camerupt|move: Magma Storm|[of] p1a: Heatran\n|\n|-damage|p2a: Camerupt|59\/100|[from] move: Magma Storm|[partiallytrapped]\n|upkeep\n|turn|3\n|\n|t:|1700193800\n|detailschange|p2a: Camerupt|Camerupt-Mega, M\n|-mega|p2a: Camerupt|Camerupt|Cameruptite\n|move|p1a: Heatran|Earth Power|p2a: Camerupt\n|-supereffective|p2a: Camerupt\n|-damage|p2a: Camerupt|8\/100\n|move|p2a: Camerupt|Stealth Rock|p1a: Heatran\n|-sidestart|p1: RustySoupCan|move: Stealth Rock\n|\n|-damage|p2a: Camerupt|0 fnt|[from] move: Magma Storm|[partiallytrapped]\n|faint|p2a: Camerupt\n|upkeep\n|\n|t:|1700193811\n|switch|p2a: Lycanroc|Lycanroc-Dusk, M, shiny|100\/100\n|turn|4\n|\n|t:|1700193818\n|switch|p1a: Landorus|Landorus-Therian, M|100\/100\n|-damage|p1a: Landorus|88\/100|[from] Stealth Rock\n|-ability|p1a: Landorus|Intimidate|boost\n|-unboost|p2a: Lycanroc|atk|1\n|move|p2a: Lycanroc|Drill Run|p1a: Landorus\n|-immune|p1a: Landorus\n|\n|upkeep\n|turn|5\n|\n|t:|1700193822\n|switch|p2a: Porygon2|Porygon2, shiny|100\/100\n|move|p1a: Landorus|Stealth Rock|p2a: Porygon2\n|-sidestart|p2: ShinyScarfy|move: Stealth Rock\n|\n|upkeep\n|turn|6\n|\n|t:|1700193827\n|move|p1a: Landorus|Toxic|p2a: Porygon2\n|-status|p2a: Porygon2|tox\n|move|p2a: Porygon2|Ice Beam|p1a: Landorus\n|-supereffective|p1a: Landorus\n|-damage|p1a: Landorus|0 fnt\n|faint|p1a: Landorus\n|\n|-damage|p2a: Porygon2|94\/100 tox|[from] psn\n|upkeep\n|\n|t:|1700193847\n|switch|p1a: Lopunny|Lopunny-Mega, M|72\/100\n|-damage|p1a: Lopunny|66\/100|[from] Stealth Rock\n|turn|7\n|\n|t:|1700193850\n|move|p1a: Lopunny|Fake Out|p2a: Porygon2\n|-crit|p2a: Porygon2\n|-damage|p2a: Porygon2|72\/100 tox\n|cant|p2a: Porygon2|flinch\n|\n|-damage|p2a: Porygon2|60\/100 tox|[from] psn\n|upkeep\n|turn|8\n|\n|t:|1700193853\n|move|p1a: Lopunny|Close Combat|p2a: Porygon2\n|-supereffective|p2a: Porygon2\n|-damage|p2a: Porygon2|0 fnt\n|-unboost|p1a: Lopunny|def|1\n|-unboost|p1a: Lopunny|spd|1\n|faint|p2a: Porygon2\n|\n|upkeep\n|\n|t:|1700193857\n|switch|p2a: Tentacruel|Tentacruel, F|100\/100\n|-damage|p2a: Tentacruel|88\/100|[from] Stealth Rock\n|turn|9\n|\n|t:|1700193862\n|switch|p1a: Rotom|Rotom-Wash|100\/100\n|-damage|p1a: Rotom|88\/100|[from] Stealth Rock\n|move|p2a: Tentacruel|Rapid Spin|p1a: Rotom\n|-damage|p1a: Rotom|81\/100\n|-boost|p2a: Tentacruel|spe|1\n|-sideend|p2: ShinyScarfy|Stealth Rock|[from] move: Rapid Spin|[of] p2a: Tentacruel\n|\n|-heal|p1a: Rotom|87\/100|[from] item: Leftovers\n|upkeep\n|turn|10\n|\n|t:|1700193870\n|move|p2a: Tentacruel|Rapid Spin|p1a: Rotom\n|-damage|p1a: Rotom|81\/100\n|-boost|p2a: Tentacruel|spe|1\n|move|p1a: Rotom|Defog|p2a: Tentacruel\n|-unboost|p2a: Tentacruel|evasion|1\n|-sideend|p1: RustySoupCan|Stealth Rock|[from] move: Defog|[of] p1a: Rotom\n|\n|-heal|p1a: Rotom|87\/100|[from] item: Leftovers\n|upkeep\n|turn|11\n|\n|t:|1700193899\n|switch|p2a: Ferrothorn|Ferrothorn, F, shiny|79\/100\n|move|p1a: Rotom|Volt Switch|p2a: Ferrothorn\n|-resisted|p2a: Ferrothorn\n|-damage|p2a: Ferrothorn|68\/100\n|\n|t:|1700193902\n|switch|p1a: Heatran|Heatran, F|100\/100|[from] Volt Switch\n|\n|upkeep\n|turn|12\n|\n|t:|1700193911\n|move|p1a: Heatran|Magma Storm|p2a: Ferrothorn|[miss]\n|-miss|p1a: Heatran|p2a: Ferrothorn\n|move|p2a: Ferrothorn|Leech Seed|p1a: Heatran\n|-start|p1a: Heatran|move: Leech Seed\n|\n|-damage|p1a: Heatran|88\/100|[from] Leech Seed|[of] p2a: Ferrothorn\n|-heal|p2a: Ferrothorn|84\/100|[silent]\n|upkeep\n|turn|13\n|\n|t:|1700193920\n|-terastallize|p2a: Ferrothorn|Water\n|move|p1a: Heatran|Magma Storm|p2a: Ferrothorn|[miss]\n|-miss|p1a: Heatran|p2a: Ferrothorn\n|move|p2a: Ferrothorn|Swords Dance|p2a: Ferrothorn\n|-boost|p2a: Ferrothorn|atk|2\n|\n|-heal|p1a: Heatran|94\/100|[from] item: Leftovers\n|-damage|p1a: Heatran|82\/100|[from] Leech Seed|[of] p2a: Ferrothorn\n|-heal|p2a: Ferrothorn|100\/100|[silent]\n|upkeep\n|turn|14\n|\n|t:|1700193926\n|move|p1a: Heatran|Taunt|p2a: Ferrothorn\n|-start|p2a: Ferrothorn|move: Taunt\n|move|p2a: Ferrothorn|Gyro Ball|p1a: Heatran\n|-resisted|p1a: Heatran\n|-damage|p1a: Heatran|57\/100\n|\n|-heal|p1a: Heatran|64\/100|[from] item: Leftovers\n|-damage|p1a: Heatran|51\/100|[from] Leech Seed|[of] p2a: Ferrothorn\n|upkeep\n|turn|15\n|\n|t:|1700193939\n|switch|p1a: Rotom|Rotom-Wash|87\/100\n|move|p2a: Ferrothorn|Power Whip|p1a: Rotom\n|-supereffective|p1a: Rotom\n|-damage|p1a: Rotom|0 fnt\n|faint|p1a: Rotom\n|\n|upkeep\n|\n|t:|1700193958\n|switch|p1a: Tapu Lele|Tapu Lele|100\/100\n|-fieldstart|move: Psychic Terrain|[from] ability: Psychic Surge|[of] p1a: Tapu Lele\n|turn|16\n|\n|t:|1700193960\n|move|p1a: Tapu Lele|Psychic|p2a: Ferrothorn\n|-damage|p2a: Ferrothorn|47\/100\n|move|p2a: Ferrothorn|Gyro Ball|p1a: Tapu Lele\n|-supereffective|p1a: Tapu Lele\n|-damage|p1a: Tapu Lele|0 fnt\n|faint|p1a: Tapu Lele\n|\n|-end|p2a: Ferrothorn|move: Taunt\n|upkeep\n|\n|t:|1700193972\n|switch|p1a: Sneasler|Sneasler, M|100\/100\n|-enditem|p1a: Sneasler|Psychic Seed\n|-boost|p1a: Sneasler|spd|1|[from] item: Psychic Seed\n|turn|17\n|\n|t:|1700193977\n|move|p1a: Sneasler|Dire Claw|p2a: Ferrothorn\n|-damage|p2a: Ferrothorn|4\/100\n|-status|p2a: Ferrothorn|psn\n|-damage|p1a: Sneasler|88\/100|[from] ability: Iron Barbs|[of] p2a: Ferrothorn\n|-damage|p1a: Sneasler|72\/100|[from] item: Rocky Helmet|[of] p2a: Ferrothorn\n|move|p2a: Ferrothorn|Gyro Ball|p1a: Sneasler\n|-damage|p1a: Sneasler|0 fnt\n|faint|p1a: Sneasler\n|\n|-damage|p2a: Ferrothorn|0 fnt|[from] psn\n|faint|p2a: Ferrothorn\n|upkeep\n|\n|t:|1700193992\n|switch|p1a: Heatran|Heatran, F|51\/100\n|switch|p2a: Tentacruel|Tentacruel, F|88\/100\n|turn|18\n|\n|t:|1700194000\n|-terastallize|p1a: Heatran|Grass\n|move|p2a: Tentacruel|Surf|p1a: Heatran\n|-resisted|p1a: Heatran\n|-damage|p1a: Heatran|41\/100\n|move|p1a: Heatran|Earth Power|p2a: Tentacruel\n|-supereffective|p2a: Tentacruel\n|-damage|p2a: Tentacruel|38\/100\n|\n|-heal|p1a: Heatran|47\/100|[from] item: Leftovers\n|upkeep\n|turn|19\n|\n|t:|1700194007\n|switch|p2a: Skarmory|Skarmory, M|100\/100\n|move|p1a: Heatran|Earth Power|p2a: Skarmory\n|-immune|p2a: Skarmory\n|\n|-heal|p1a: Heatran|53\/100|[from] item: Leftovers\n|upkeep\n|turn|20\n|\n|t:|1700194016\n|move|p2a: Skarmory|Brave Bird|p1a: Heatran\n|-supereffective|p1a: Heatran\n|-damage|p1a: Heatran|0 fnt\n|faint|p1a: Heatran\n|-damage|p2a: Skarmory|76\/100|[from] Recoil\n|\n|-fieldend|move: Psychic Terrain\n|upkeep\n|\n|t:|1700194019\n|switch|p1a: Lopunny|Lopunny-Mega, M|66\/100\n|turn|21\n|\n|t:|1700194021\n|move|p1a: Lopunny|Fake Out|p2a: Skarmory\n|-resisted|p2a: Skarmory\n|-damage|p2a: Skarmory|66\/100\n|-ability|p2a: Skarmory|Weak Armor|boost\n|-unboost|p2a: Skarmory|def|1\n|-boost|p2a: Skarmory|spe|2\n|cant|p2a: Skarmory|flinch\n|\n|upkeep\n|turn|22\n|\n|t:|1700194028\n|move|p2a: Skarmory|Brave Bird|p1a: Lopunny\n|-supereffective|p1a: Lopunny\n|-damage|p1a: Lopunny|0 fnt\n|faint|p1a: Lopunny\n|-damage|p2a: Skarmory|45\/100|[from] Recoil\n|\n|win|ShinyScarfy\n|raw|RustySoupCan's rating: 1288 &rarr; <strong>1264<\/strong><br \/>(-24 for losing)\n|raw|ShinyScarfy's rating: 1295 &rarr; <strong>1319<\/strong><br \/>(+24 for winning)\n|c|\u2606ShinyScarfy|Gg\n","uploadtime":1700194056,"views":4,"p1id":"rustysoupcan","p2id":"shinyscarfy","formatid":"gen9nationaldex","rating":1264,"private":0,"password":""}