{"id":"gen9nationaldex-1997931213","p1":"famus123","p2":"Corazonmorado27","format":"[Gen 9] National Dex","log":"|html|<div class=\"broadcast-blue\"><strong>[Gen 9] National Dex is currently suspecting Sneasler! For information on how to participate check out the <a href=\"https:\/\/www.smogon.com\/forums\/threads\/sv-national-dex-suspect-8-just-dance.3731534\/\">suspect thread<\/a>.<\/strong><\/div>\n|j|\u2606famus123\n|j|\u2606Corazonmorado27\n|t:|1700868862\n|gametype|singles\n|player|p1|famus123|kukui|\n|player|p2|Corazonmorado27|parasollady|\n|teamsize|p1|6\n|teamsize|p2|6\n|gen|9\n|tier|[Gen 9] National Dex\n|rule|HP Percentage Mod: HP is shown in percentages\n|rule|Endless Battle Clause: Forcing endless battles is banned\n|rule|OHKO Clause: OHKO moves are banned\n|rule|Evasion Clause: Evasion abilities, items, and moves are banned\n|rule|Evasion Abilities Clause: Evasion abilities are banned\n|rule|Evasion Items Clause: Evasion items are banned\n|rule|Evasion Moves Clause: Evasion moves are banned\n|rule|Species Clause: Limit one of each Pok\u00e9mon\n|rule|Sleep Clause Mod: Limit one foe put to sleep\n|clearpoke\n|poke|p1|Cinderace, F|\n|poke|p1|Corviknight, F|\n|poke|p1|Slowking-Galar, M|\n|poke|p1|Dragonite, F|\n|poke|p1|Mawile, F|\n|poke|p1|Arctozolt|\n|poke|p2|Delphox, M|\n|poke|p2|Blastoise, M|\n|poke|p2|Gogoat, F|\n|poke|p2|Gardevoir, F|\n|poke|p2|Raichu, M|\n|poke|p2|Lucario, M|\n|teampreview\n|c|\u2606Corazonmorado27|suerte de nuevo\n|j| mixco\n|inactive|Battle timer is ON: inactive players will automatically lose when time's up. (requested by famus123)\n|j| OnlyPyper\n|j| JuzOzuj\n|\n|t:|1700868929\n|start\n|switch|p1a: Slowking|Slowking-Galar, M|100\/100\n|switch|p2a: Mr. Blastoise|Blastoise, M|100\/100\n|turn|1\n|\n|t:|1700868952\n|move|p2a: Mr. Blastoise|Liquidation|p1a: Slowking\n|-damage|p1a: Slowking|69\/100\n|move|p1a: Slowking|Thunder Wave|p2a: Mr. Blastoise\n|-status|p2a: Mr. Blastoise|par\n|\n|upkeep\n|turn|2\n|\n|t:|1700868965\n|move|p2a: Mr. Blastoise|Flip Turn|p1a: Slowking\n|-damage|p1a: Slowking|45\/100\n|inactive|Corazonmorado27 has 270 seconds left.\n|\n|t:|1700868995\n|switch|p2a: Mr. Raichu|Raichu, M|100\/100|[from] Flip Turn\n|move|p1a: Slowking|Future Sight|p2a: Mr. Raichu\n|-start|p1a: Slowking|move: Future Sight\n|\n|upkeep\n|turn|3\n|\n|t:|1700869006\n|move|p2a: Mr. Raichu|Volt Switch|p1a: Slowking\n|-damage|p1a: Slowking|21\/100\n|\n|t:|1700869011\n|switch|p2a: Mr. Blastoise|Blastoise, M|100\/100 par|[from] Volt Switch\n|move|p1a: Slowking|Chilly Reception|p1a: Slowking\n|-weather|Snow\n|\n|t:|1700869022\n|switch|p1a: Mawile|Mawile, F|100\/100|[from] Chilly Reception\n|-ability|p1a: Mawile|Intimidate|boost\n|-unboost|p2a: Mr. Blastoise|atk|1\n|\n|-weather|Snow|[upkeep]\n|upkeep\n|turn|4\n|inactive|Corazonmorado27 has 240 seconds left.\n|\n|t:|1700869068\n|detailschange|p1a: Mawile|Mawile-Mega, F\n|-mega|p1a: Mawile|Mawile|Mawilite\n|move|p1a: Mawile|Swords Dance|p1a: Mawile\n|-boost|p1a: Mawile|atk|2\n|move|p2a: Mr. Blastoise|Flip Turn|p1a: Mawile\n|-damage|p1a: Mawile|85\/100\n|\n|t:|1700869080\n|switch|p2a: Mr. Lucario|Lucario, M|100\/100|[from] Flip Turn\n|\n|-weather|Snow|[upkeep]\n|-end|p2a: Mr. Lucario|move: Future Sight\n|-damage|p2a: Mr. Lucario|23\/100\n|upkeep\n|turn|5\n|inactive|Corazonmorado27 has 210 seconds left.\n|\n|t:|1700869108\n|move|p2a: Mr. Lucario|Bullet Punch|p1a: Mawile\n|-damage|p1a: Mawile|64\/100\n|move|p1a: Mawile|Knock Off|p2a: Mr. Lucario\n|-resisted|p2a: Mr. Lucario\n|-damage|p2a: Mr. Lucario|0 fnt\n|-enditem|p2a: Mr. Lucario|Focus Sash|[from] move: Knock Off|[of] p1a: Mawile\n|faint|p2a: Mr. Lucario\n|\n|-weather|Snow|[upkeep]\n|upkeep\n|l| JuzOzuj\n|\n|t:|1700869132\n|switch|p2a: Miss. Gogoat|Gogoat, F|100\/100\n|turn|6\n|\n|t:|1700869147\n|move|p1a: Mawile|Play Rough|p2a: Miss. Gogoat|[miss]\n|-miss|p1a: Mawile|p2a: Miss. Gogoat\n|move|p2a: Miss. Gogoat|Bulk Up|p2a: Miss. Gogoat\n|-boost|p2a: Miss. Gogoat|atk|1\n|-boost|p2a: Miss. Gogoat|def|1\n|\n|-weather|Snow|[upkeep]\n|upkeep\n|turn|7\n|\n|t:|1700869160\n|move|p1a: Mawile|Play Rough|p2a: Miss. Gogoat\n|-crit|p2a: Miss. Gogoat\n|-damage|p2a: Miss. Gogoat|0 fnt\n|faint|p2a: Miss. Gogoat\n|\n|-weather|none\n|upkeep\n|inactive|Corazonmorado27 has 180 seconds left.\n|c| mixco|Andate alm x\n|c|\u2606Corazonmorado27|auch\n|c| mixco|D\n|c|\u2606Corazonmorado27|nah gg\n|\n|t:|1700869184\n|switch|p2a: Miss. Gardevoir|Gardevoir, F|100\/100\n|-ability|p2a: Miss. Gardevoir|Huge Power|[from] ability: Trace|[of] p1a: Mawile\n|turn|8\n|\n|t:|1700869196\n|detailschange|p2a: Miss. Gardevoir|Gardevoir-Mega, F\n|-mega|p2a: Miss. Gardevoir|Gardevoir|Gardevoirite\n|move|p1a: Mawile|Sucker Punch|p2a: Miss. Gardevoir\n|-damage|p2a: Miss. Gardevoir|0 fnt\n|faint|p2a: Miss. Gardevoir\n|\n|upkeep\n|\n|t:|1700869213\n|switch|p2a: Mr. Delphox|Delphox, M|100\/100\n|turn|9\n|\n|t:|1700869226\n|switch|p2a: Mr. Blastoise|Blastoise, M|100\/100 par\n|move|p1a: Mawile|Sucker Punch||[still]\n|-fail|p1a: Mawile\n|\n|upkeep\n|turn|10\n|\n|t:|1700869236\n|move|p1a: Mawile|Knock Off|p2a: Mr. Blastoise\n|-damage|p2a: Mr. Blastoise|0 fnt\n|-enditem|p2a: Mr. Blastoise|Assault Vest|[from] move: Knock Off|[of] p1a: Mawile\n|faint|p2a: Mr. Blastoise\n|\n|upkeep\n|c|\u2606Corazonmorado27|gg\n|\n|t:|1700869245\n|switch|p2a: Mr. Raichu|Raichu, M|100\/100\n|turn|11\n|\n|t:|1700869255\n|move|p1a: Mawile|Sucker Punch|p2a: Mr. Raichu\n|-damage|p2a: Mr. Raichu|0 fnt\n|faint|p2a: Mr. Raichu\n|\n|upkeep\n|\n|t:|1700869259\n|switch|p2a: Mr. Delphox|Delphox, M|100\/100\n|turn|12\n|inactive|Corazonmorado27 has 180 seconds left.\n|\n|t:|1700869272\n|move|p2a: Mr. Delphox|Flamethrower|p1a: Mawile\n|-supereffective|p1a: Mawile\n|-damage|p1a: Mawile|0 fnt\n|faint|p1a: Mawile\n|\n|upkeep\n|\n|t:|1700869275\n|switch|p1a: Cinderace|Cinderace, F|100\/100\n|turn|13\n|\n|t:|1700869280\n|move|p2a: Mr. Delphox|Flamethrower|p1a: Cinderace\n|-resisted|p1a: Cinderace\n|-crit|p1a: Cinderace\n|-damage|p1a: Cinderace|54\/100\n|-zpower|p1a: Cinderace\n|move|p1a: Cinderace|Breakneck Blitz|p2a: Mr. Delphox|[zeffect]\n|-start|p1a: Cinderace|typechange|Normal|[from] ability: Libero\n|-damage|p2a: Mr. Delphox|0 fnt\n|faint|p2a: Mr. Delphox\n|\n|win|famus123\n|c|\u2606famus123|gg\n|c|\u2606Corazonmorado27|gg\n|l| mixco\n|l| OnlyPyper\n","uploadtime":1700869290,"views":2,"p1id":"famus123","p2id":"corazonmorado27","formatid":"gen9nationaldex","rating":0,"private":0,"password":""}