{"id":"gen9nationaldex-1988131722","p1":"potential paradox","p2":"alcatel999","format":"[Gen 9] National Dex","log":"|j|\u2606potential paradox\n|j|\u2606alcatel999\n|t:|1699673521\n|gametype|singles\n|player|p1|potential paradox|ingo|1353\n|player|p2|alcatel999|rocketgrunt|1372\n|teamsize|p1|6\n|teamsize|p2|6\n|gen|9\n|tier|[Gen 9] National Dex\n|rated|\n|rule|HP Percentage Mod: HP is shown in percentages\n|rule|Endless Battle Clause: Forcing endless battles is banned\n|rule|OHKO Clause: OHKO moves are banned\n|rule|Evasion Clause: Evasion abilities, items, and moves are banned\n|rule|Evasion Abilities Clause: Evasion abilities are banned\n|rule|Evasion Items Clause: Evasion items are banned\n|rule|Evasion Moves Clause: Evasion moves are banned\n|rule|Species Clause: Limit one of each Pok\u00e9mon\n|rule|Sleep Clause Mod: Limit one foe put to sleep\n|clearpoke\n|poke|p1|Ogerpon, F|\n|poke|p1|Zamazenta-*|\n|poke|p1|Greninja-*, M|\n|poke|p1|Landorus-Therian, M|\n|poke|p1|Glimmora, M|\n|poke|p1|Blacephalon|\n|poke|p2|Dragonite, M|\n|poke|p2|Blaziken, M|\n|poke|p2|Tangrowth, F|\n|poke|p2|Snorlax, F|\n|poke|p2|Zoroark-Hisui, M|\n|poke|p2|Starmie|\n|teampreview\n|c|\u2606alcatel999|GL HF\n|inactive|Battle timer is ON: inactive players will automatically lose when time's up. (requested by alcatel999)\n|inactive|potential paradox has 120 seconds left.\n|\n|t:|1699673582\n|start\n|switch|p1a: Glimmora|Glimmora, M|100\/100\n|switch|p2a: PatricioEstrella|Starmie|100\/100\n|turn|1\n|\n|t:|1699673590\n|move|p2a: PatricioEstrella|Psychic|p1a: Glimmora\n|-supereffective|p1a: Glimmora\n|-enditem|p1a: Glimmora|Focus Sash\n|-damage|p1a: Glimmora|1\/100\n|move|p1a: Glimmora|Power Gem|p2a: PatricioEstrella\n|-crit|p2a: PatricioEstrella\n|-damage|p2a: PatricioEstrella|5\/100\n|\n|upkeep\n|turn|2\n|\n|t:|1699673597\n|switch|p1a: Greninja|Greninja, M|100\/100\n|move|p2a: PatricioEstrella|Thunderbolt|p1a: Greninja\n|-supereffective|p1a: Greninja\n|-damage|p1a: Greninja|0 fnt\n|faint|p1a: Greninja\n|\n|upkeep\n|\n|t:|1699673600\n|switch|p1a: Landorus|Landorus-Therian, M|100\/100\n|-ability|p1a: Landorus|Intimidate|boost\n|-unboost|p2a: PatricioEstrella|atk|1\n|turn|3\n|\n|t:|1699673603\n|move|p1a: Landorus|U-turn|p2a: PatricioEstrella\n|-supereffective|p2a: PatricioEstrella\n|-damage|p2a: PatricioEstrella|0 fnt\n|faint|p2a: PatricioEstrella\n|\n|t:|1699673607\n|switch|p1a: Blacephalon|Blacephalon|100\/100|[from] U-turn\n|\n|upkeep\n|\n|t:|1699673613\n|switch|p2a: Mariposon|Dragonite, M|100\/100\n|turn|4\n|\n|t:|1699673619\n|move|p1a: Blacephalon|Trick|p2a: Mariposon\n|-activate|p1a: Blacephalon|move: Trick|[of] p2a: Mariposon\n|-item|p2a: Mariposon|Choice Scarf|[from] move: Trick\n|-item|p1a: Blacephalon|Focus Sash|[from] move: Trick\n|move|p2a: Mariposon|Bitter Malice|p1a: Blacephalon\n|-supereffective|p1a: Blacephalon\n|-enditem|p1a: Blacephalon|Focus Sash\n|-damage|p1a: Blacephalon|1\/100\n|-unboost|p1a: Blacephalon|atk|1\n|\n|upkeep\n|turn|5\n|\n|t:|1699673628\n|switch|p1a: Glimmora|Glimmora, M|1\/100\n|move|p2a: Mariposon|Bitter Malice|p1a: Glimmora\n|-damage|p1a: Glimmora|0 fnt\n|faint|p1a: Glimmora\n|\n|upkeep\n|\n|t:|1699673631\n|switch|p1a: Landorus|Landorus-Therian, M|100\/100\n|-ability|p1a: Landorus|Intimidate|boost\n|-unboost|p2a: Mariposon|atk|1\n|turn|6\n|\n|t:|1699673636\n|move|p2a: Mariposon|Bitter Malice|p1a: Landorus\n|-damage|p1a: Landorus|53\/100\n|-unboost|p1a: Landorus|atk|1\n|move|p1a: Landorus|Knock Off|p2a: Mariposon\n|-supereffective|p2a: Mariposon\n|-damage|p2a: Mariposon|4\/100\n|replace|p2a: Amongus|Zoroark-Hisui, M\n|-end|p2a: Amongus|Illusion\n|-enditem|p2a: Amongus|Choice Scarf|[from] move: Knock Off|[of] p1a: Landorus\n|\n|upkeep\n|turn|7\n|\n|t:|1699673644\n|move|p1a: Landorus|Knock Off|p2a: Amongus\n|-supereffective|p2a: Amongus\n|-damage|p2a: Amongus|0 fnt\n|faint|p2a: Amongus\n|\n|upkeep\n|inactive|alcatel999 has 120 seconds left.\n|\n|t:|1699673676\n|switch|p2a: Mariposon|Dragonite, M|100\/100\n|turn|8\n|\n|t:|1699673682\n|move|p1a: Landorus|Knock Off|p2a: Mariposon\n|-damage|p2a: Mariposon|86\/100\n|-enditem|p2a: Mariposon|Leftovers|[from] move: Knock Off|[of] p1a: Landorus\n|move|p2a: Mariposon|Ice Spinner|p1a: Landorus\n|-supereffective|p1a: Landorus\n|-damage|p1a: Landorus|0 fnt\n|faint|p1a: Landorus\n|\n|upkeep\n|\n|t:|1699673687\n|switch|p1a: Blacephalon|Blacephalon|1\/100\n|turn|9\n|c|\u2606alcatel999|Scarf?\n|\n|t:|1699673704\n|move|p1a: Blacephalon|Shadow Ball|p2a: Mariposon\n|-damage|p2a: Mariposon|36\/100\n|move|p2a: Mariposon|Earthquake|p1a: Blacephalon\n|-supereffective|p1a: Blacephalon\n|-damage|p1a: Blacephalon|0 fnt\n|faint|p1a: Blacephalon\n|\n|upkeep\n|c|\u2606potential paradox|ye\n|\n|t:|1699673710\n|switch|p1a: Zamazenta|Zamazenta|100\/100\n|-ability|p1a: Zamazenta|Dauntless Shield|boost\n|-boost|p1a: Zamazenta|def|1\n|turn|10\n|\n|t:|1699673722\n|move|p2a: Mariposon|Extreme Speed|p1a: Zamazenta\n|-damage|p1a: Zamazenta|79\/100\n|move|p1a: Zamazenta|Ice Fang|p2a: Mariposon\n|-supereffective|p2a: Mariposon\n|-damage|p2a: Mariposon|0 fnt\n|faint|p2a: Mariposon\n|\n|upkeep\n|\n|t:|1699673731\n|switch|p2a: KFC|Blaziken, M|100\/100\n|turn|11\n|\n|t:|1699673734\n|move|p2a: KFC|Protect|p2a: KFC\n|-singleturn|p2a: KFC|Protect\n|move|p1a: Zamazenta|Howl|p1a: Zamazenta\n|-boost|p1a: Zamazenta|atk|1\n|\n|-ability|p2a: KFC|Speed Boost|boost\n|-boost|p2a: KFC|spe|1\n|upkeep\n|turn|12\n|\n|t:|1699673741\n|move|p1a: Zamazenta|Close Combat|p2a: KFC\n|-damage|p2a: KFC|0 fnt\n|-unboost|p1a: Zamazenta|def|1\n|-unboost|p1a: Zamazenta|spd|1\n|faint|p2a: KFC\n|\n|upkeep\n|\n|t:|1699673745\n|switch|p2a: HuevoPeludo|Tangrowth, F|100\/100\n|turn|13\n|\n|t:|1699673749\n|-zpower|p1a: Zamazenta\n|move|p1a: Zamazenta|Subzero Slammer|p2a: HuevoPeludo|[zeffect]\n|-supereffective|p2a: HuevoPeludo\n|-damage|p2a: HuevoPeludo|40\/100\n|move|p2a: HuevoPeludo|Leech Seed|p1a: Zamazenta\n|-start|p1a: Zamazenta|move: Leech Seed\n|\n|-damage|p1a: Zamazenta|67\/100|[from] Leech Seed|[of] p2a: HuevoPeludo\n|-heal|p2a: HuevoPeludo|50\/100|[silent]\n|upkeep\n|turn|14\n|\n|t:|1699673754\n|move|p1a: Zamazenta|Ice Fang|p2a: HuevoPeludo\n|-supereffective|p2a: HuevoPeludo\n|-damage|p2a: HuevoPeludo|14\/100\n|-damage|p1a: Zamazenta|50\/100|[from] item: Rocky Helmet|[of] p2a: HuevoPeludo\n|move|p2a: HuevoPeludo|Synthesis|p2a: HuevoPeludo\n|-heal|p2a: HuevoPeludo|64\/100\n|\n|-damage|p1a: Zamazenta|38\/100|[from] Leech Seed|[of] p2a: HuevoPeludo\n|-heal|p2a: HuevoPeludo|74\/100|[silent]\n|upkeep\n|turn|15\n|\n|t:|1699673761\n|switch|p1a: Ogerpon|Ogerpon, F|100\/100\n|move|p2a: HuevoPeludo|Knock Off|p1a: Ogerpon\n|-damage|p1a: Ogerpon|72\/100\n|-enditem|p1a: Ogerpon|Choice Band|[from] move: Knock Off|[of] p2a: HuevoPeludo\n|\n|upkeep\n|turn|16\n|\n|t:|1699673766\n|switch|p2a: RellenitoDeAmor|Snorlax, F|100\/100\n|move|p1a: Ogerpon|Knock Off|p2a: RellenitoDeAmor\n|-damage|p2a: RellenitoDeAmor|71\/100\n|-enditem|p2a: RellenitoDeAmor|Leftovers|[from] move: Knock Off|[of] p1a: Ogerpon\n|\n|upkeep\n|turn|17\n|\n|t:|1699673774\n|-terastallize|p1a: Ogerpon|Grass\n|detailschange|p1a: Ogerpon|Ogerpon-Teal-Tera, F, tera:Grass\n|-ability|p1a: Ogerpon|Embody Aspect (Teal)|boost\n|-boost|p1a: Ogerpon|spe|1\n|move|p1a: Ogerpon|Ivy Cudgel|p2a: RellenitoDeAmor\n|-damage|p2a: RellenitoDeAmor|15\/100\n|move|p2a: RellenitoDeAmor|Toxic|p1a: Ogerpon\n|-status|p1a: Ogerpon|tox\n|\n|-damage|p1a: Ogerpon|66\/100 tox|[from] psn\n|upkeep\n|turn|18\n|c|\u2606alcatel999|!dt ivy cudgel\n|raw|<ul class=\"utilichart\"><li class=\"result\"><span class=\"col movenamecol\"><a href=\"https:\/\/dex.pokemonshowdown.com\/moves\/ivycudgel\">Ivy Cudgel<\/a><\/span> <span class=\"col typecol\"><img src=\"\/\/play.pokemonshowdown.com\/sprites\/types\/Grass.png\" alt=\"Grass\" width=\"32\" height=\"14\"><img src=\"\/\/play.pokemonshowdown.com\/sprites\/categories\/Physical.png\" alt=\"Physical\" width=\"32\" height=\"14\"><\/span> <span class=\"col labelcol\"><em>Power<\/em><br>100<\/span> <span class=\"col widelabelcol\"><em>Accuracy<\/em><br>100%<\/span> <span class=\"col pplabelcol\"><em>PP<\/em><br>16<\/span> <span class=\"col movedesccol\">High critical hit ratio. Type depends on user's form.<\/span> <\/li><li style=\"clear:both\"><\/li><\/ul>\n|raw|<font size=\"1\"><font color=\"#686868\">Priority:<\/font> 0&nbsp;|&ThickSpace;<font color=\"#686868\">Gen:<\/font> 9&nbsp;|&ThickSpace;<font color=\"#686868\">Z-Power:<\/font> 180&nbsp;|&ThickSpace;<font color=\"#686868\">Dynamax Power:<\/font> 130&nbsp;|&ThickSpace;<font color=\"#686868\">Target:<\/font> One Adjacent Pok\u00e9mon<\/font>\n\n|\n|t:|1699673797\n|move|p1a: Ogerpon|Ivy Cudgel|p2a: RellenitoDeAmor\n|-crit|p2a: RellenitoDeAmor\n|-damage|p2a: RellenitoDeAmor|0 fnt\n|faint|p2a: RellenitoDeAmor\n|\n|-damage|p1a: Ogerpon|54\/100 tox|[from] psn\n|upkeep\n|\n|t:|1699673799\n|switch|p2a: HuevoPeludo|Tangrowth, F|100\/100\n|turn|19\n|\n|t:|1699673814\n|move|p2a: HuevoPeludo|Protect|p2a: HuevoPeludo\n|-singleturn|p2a: HuevoPeludo|Protect\n|move|p1a: Ogerpon|Knock Off|p2a: HuevoPeludo\n|-activate|p2a: HuevoPeludo|move: Protect\n|\n|-damage|p1a: Ogerpon|36\/100 tox|[from] psn\n|upkeep\n|turn|20\n|\n|t:|1699673826\n|move|p1a: Ogerpon|Knock Off|p2a: HuevoPeludo\n|-damage|p2a: HuevoPeludo|82\/100\n|-damage|p1a: Ogerpon|19\/100 tox|[from] item: Rocky Helmet|[of] p2a: HuevoPeludo\n|-enditem|p2a: HuevoPeludo|Rocky Helmet|[from] move: Knock Off|[of] p1a: Ogerpon\n|move|p2a: HuevoPeludo|Knock Off|p1a: Ogerpon\n|-damage|p1a: Ogerpon|1\/100 tox\n|\n|-damage|p1a: Ogerpon|0 fnt|[from] psn\n|faint|p1a: Ogerpon\n|upkeep\n|\n|t:|1699673837\n|switch|p1a: Zamazenta|Zamazenta|38\/100\n|turn|21\n|\n|t:|1699673840\n|move|p1a: Zamazenta|Ice Fang|p2a: HuevoPeludo\n|-supereffective|p2a: HuevoPeludo\n|-damage|p2a: HuevoPeludo|61\/100\n|cant|p2a: HuevoPeludo|flinch\n|\n|upkeep\n|turn|22\n|\n|t:|1699673847\n|move|p1a: Zamazenta|Ice Fang|p2a: HuevoPeludo\n|-supereffective|p2a: HuevoPeludo\n|-damage|p2a: HuevoPeludo|40\/100\n|move|p2a: HuevoPeludo|Leech Seed|p1a: Zamazenta\n|-start|p1a: Zamazenta|move: Leech Seed\n|\n|-damage|p1a: Zamazenta|26\/100|[from] Leech Seed|[of] p2a: HuevoPeludo\n|-heal|p2a: HuevoPeludo|50\/100|[silent]\n|upkeep\n|turn|23\n|\n|t:|1699673854\n|move|p1a: Zamazenta|Close Combat|p2a: HuevoPeludo\n|-damage|p2a: HuevoPeludo|16\/100\n|-unboost|p1a: Zamazenta|def|1\n|-unboost|p1a: Zamazenta|spd|1\n|move|p2a: HuevoPeludo|Synthesis|p2a: HuevoPeludo\n|-heal|p2a: HuevoPeludo|66\/100\n|\n|-damage|p1a: Zamazenta|13\/100|[from] Leech Seed|[of] p2a: HuevoPeludo\n|-heal|p2a: HuevoPeludo|76\/100|[silent]\n|upkeep\n|turn|24\n|\n|t:|1699673859\n|move|p2a: HuevoPeludo|Protect|p2a: HuevoPeludo\n|-singleturn|p2a: HuevoPeludo|Protect\n|move|p1a: Zamazenta|Close Combat|p2a: HuevoPeludo\n|-activate|p2a: HuevoPeludo|move: Protect\n|\n|-damage|p1a: Zamazenta|1\/100|[from] Leech Seed|[of] p2a: HuevoPeludo\n|-heal|p2a: HuevoPeludo|86\/100|[silent]\n|upkeep\n|turn|25\n|-message|potential paradox forfeited.\n|\n|win|alcatel999\n|raw|potential paradox's rating: 1353 &rarr; <strong>1334<\/strong><br \/>(-19 for losing)\n|raw|alcatel999's rating: 1372 &rarr; <strong>1391<\/strong><br \/>(+19 for winning)\n|l|\u2606potential paradox\n|c|\u2606alcatel999|Gg\n","uploadtime":1699674022,"views":4,"p1id":"potentialparadox","p2id":"alcatel999","formatid":"gen9nationaldex","rating":1334,"private":0,"password":""}