{"id":"gen9nationaldex-1988836674","p1":"Foulest","p2":"wobuqi","format":"[Gen 9] National Dex","log":"|j|\u2606Foulest\n|j|\u2606wobuqi\n|t:|1699770822\n|gametype|singles\n|player|p1|Foulest|102|1219\n|player|p2|wobuqi|cynthia|1211\n|teamsize|p1|6\n|teamsize|p2|6\n|gen|9\n|tier|[Gen 9] National Dex\n|rated|\n|rule|HP Percentage Mod: HP is shown in percentages\n|rule|Endless Battle Clause: Forcing endless battles is banned\n|rule|OHKO Clause: OHKO moves are banned\n|rule|Evasion Clause: Evasion abilities, items, and moves are banned\n|rule|Evasion Abilities Clause: Evasion abilities are banned\n|rule|Evasion Items Clause: Evasion items are banned\n|rule|Evasion Moves Clause: Evasion moves are banned\n|rule|Species Clause: Limit one of each Pok\u00e9mon\n|rule|Sleep Clause Mod: Limit one foe put to sleep\n|clearpoke\n|poke|p1|Azelf|\n|poke|p1|Ferrothorn, M|\n|poke|p1|Gastrodon, M|\n|poke|p1|Linoone, F|\n|poke|p1|Aerodactyl, M|\n|poke|p1|Volcanion|\n|poke|p2|Garchomp, F|\n|poke|p2|Samurott-Hisui, M|\n|poke|p2|Scizor, M|\n|poke|p2|Zapdos|\n|poke|p2|Alomomola, F|\n|poke|p2|Urshifu-*, F|\n|teampreview\n|inactive|Battle timer is ON: inactive players will automatically lose when time's up. (requested by Foulest)\n|inactive|wobuqi also wants the timer to be on.\n|\n|t:|1699770851\n|start\n|switch|p1a: Ferrothorn|Ferrothorn, M, shiny|100\/100\n|switch|p2a: Zapdos|Zapdos|100\/100\n|turn|1\n|\n|t:|1699770855\n|switch|p1a: Volcanion|Volcanion|100\/100\n|move|p2a: Zapdos|Hurricane|p1a: Volcanion|[miss]\n|-miss|p2a: Zapdos|p1a: Volcanion\n|\n|upkeep\n|turn|2\n|\n|t:|1699770866\n|switch|p2a: Alomomola|Alomomola, F|100\/100\n|-terastallize|p1a: Volcanion|Ground\n|move|p1a: Volcanion|Steam Eruption|p2a: Alomomola\n|-resisted|p2a: Alomomola\n|-damage|p2a: Alomomola|70\/100\n|\n|upkeep\n|turn|3\n|\n|t:|1699770875\n|switch|p1a: Gastrodon|Gastrodon, M|100\/100\n|move|p2a: Alomomola|Toxic|p1a: Gastrodon\n|-status|p1a: Gastrodon|tox\n|\n|-damage|p1a: Gastrodon|94\/100 tox|[from] psn\n|upkeep\n|turn|4\n|\n|t:|1699770880\n|move|p2a: Alomomola|Wish|p2a: Alomomola\n|move|p1a: Gastrodon|Toxic|p2a: Alomomola\n|-status|p2a: Alomomola|tox\n|\n|-heal|p1a: Gastrodon|100\/100 tox|[from] item: Leftovers\n|-damage|p2a: Alomomola|64\/100 tox|[from] psn\n|-damage|p1a: Gastrodon|88\/100 tox|[from] psn\n|upkeep\n|turn|5\n|\n|t:|1699770887\n|switch|p1a: Azelf|Azelf, shiny|100\/100\n|move|p2a: Alomomola|Flip Turn|p1a: Azelf\n|-damage|p1a: Azelf|74\/100\n|\n|t:|1699770894\n|switch|p2a: Samurott|Samurott-Hisui, M|100\/100|[from] Flip Turn\n|\n|upkeep\n|turn|6\n|\n|t:|1699770903\n|switch|p1a: Ferrothorn|Ferrothorn, M, shiny|100\/100\n|move|p2a: Samurott|Knock Off|p1a: Ferrothorn\n|-damage|p1a: Ferrothorn|68\/100\n|-damage|p2a: Samurott|88\/100|[from] ability: Iron Barbs|[of] p1a: Ferrothorn\n|-enditem|p1a: Ferrothorn|Leftovers|[from] move: Knock Off|[of] p2a: Samurott\n|\n|upkeep\n|turn|7\n|\n|t:|1699770917\n|switch|p2a: Zapdos|Zapdos|100\/100\n|move|p1a: Ferrothorn|Leech Seed|p2a: Zapdos\n|-start|p2a: Zapdos|move: Leech Seed\n|\n|-damage|p2a: Zapdos|88\/100|[from] Leech Seed|[of] p1a: Ferrothorn\n|-heal|p1a: Ferrothorn|81\/100|[silent]\n|upkeep\n|turn|8\n|\n|t:|1699770924\n|switch|p1a: Gastrodon|Gastrodon, M|88\/100 tox\n|move|p2a: Zapdos|Volt Switch|p1a: Gastrodon\n|-immune|p1a: Gastrodon\n|\n|-heal|p1a: Gastrodon|94\/100 tox|[from] item: Leftovers\n|-damage|p2a: Zapdos|76\/100|[from] Leech Seed|[of] p1a: Gastrodon\n|-heal|p1a: Gastrodon|100\/100 tox|[silent]\n|-damage|p1a: Gastrodon|94\/100 tox|[from] psn\n|upkeep\n|turn|9\n|\n|t:|1699770929\n|switch|p2a: Alomomola|Alomomola, F|97\/100 tox\n|move|p1a: Gastrodon|Toxic|p2a: Alomomola|[miss]\n|-miss|p1a: Gastrodon|p2a: Alomomola\n|\n|-heal|p1a: Gastrodon|100\/100 tox|[from] item: Leftovers\n|-damage|p2a: Alomomola|91\/100 tox|[from] psn\n|-damage|p1a: Gastrodon|88\/100 tox|[from] psn\n|upkeep\n|turn|10\n|\n|t:|1699770940\n|move|p2a: Alomomola|Wish|p2a: Alomomola\n|move|p1a: Gastrodon|Earth Power|p2a: Alomomola\n|-damage|p2a: Alomomola|65\/100 tox\n|\n|-heal|p1a: Gastrodon|94\/100 tox|[from] item: Leftovers\n|-damage|p2a: Alomomola|53\/100 tox|[from] psn\n|-damage|p1a: Gastrodon|76\/100 tox|[from] psn\n|upkeep\n|turn|11\n|\n|t:|1699770956\n|switch|p2a: Zapdos|Zapdos|76\/100\n|switch|p1a: Linoone|Linoone, F|100\/100\n|\n|-heal|p2a: Zapdos|100\/100|[from] move: Wish|[wisher] Alomomola\n|upkeep\n|turn|12\n|\n|t:|1699770965\n|switch|p1a: Volcanion|Volcanion, tera:Ground|100\/100\n|move|p2a: Zapdos|Hurricane|p1a: Volcanion\n|-damage|p1a: Volcanion|68\/100\n|\n|upkeep\n|turn|13\n|inactive|wobuqi has 120 seconds left.\n|\n|t:|1699771009\n|switch|p2a: Alomomola|Alomomola, F|86\/100 tox\n|move|p1a: Volcanion|Steam Eruption|p2a: Alomomola\n|-resisted|p2a: Alomomola\n|-damage|p2a: Alomomola|59\/100 tox\n|\n|-damage|p2a: Alomomola|52\/100 tox|[from] psn\n|upkeep\n|turn|14\n|\n|t:|1699771019\n|move|p1a: Volcanion|Hidden Power|p2a: Alomomola\n|-supereffective|p2a: Alomomola\n|-damage|p2a: Alomomola|13\/100 tox\n|move|p2a: Alomomola|Toxic|p1a: Volcanion\n|-status|p1a: Volcanion|tox\n|\n|-damage|p1a: Volcanion|62\/100 tox|[from] psn\n|-damage|p2a: Alomomola|0 fnt|[from] psn\n|faint|p2a: Alomomola\n|upkeep\n|\n|t:|1699771035\n|switch|p2a: Garchomp|Garchomp, F|100\/100\n|turn|15\n|\n|t:|1699771048\n|move|p2a: Garchomp|Earthquake|p1a: Volcanion\n|-damage|p1a: Volcanion|20\/100 tox\n|move|p1a: Volcanion|Steam Eruption|p2a: Garchomp\n|-damage|p2a: Garchomp|30\/100\n|\n|-damage|p1a: Volcanion|8\/100 tox|[from] psn\n|upkeep\n|turn|16\n|\n|t:|1699771061\n|move|p2a: Garchomp|Earthquake|p1a: Volcanion\n|-damage|p1a: Volcanion|0 fnt\n|faint|p1a: Volcanion\n|\n|upkeep\n|\n|t:|1699771065\n|switch|p1a: Azelf|Azelf, shiny|74\/100\n|turn|17\n|inactive|wobuqi has 90 seconds left.\n|\n|t:|1699771097\n|move|p1a: Azelf|Dazzling Gleam|p2a: Garchomp\n|-supereffective|p2a: Garchomp\n|-damage|p2a: Garchomp|0 fnt\n|faint|p2a: Garchomp\n|\n|upkeep\n|inactive|wobuqi has 90 seconds left.\n|\n|t:|1699771103\n|switch|p2a: Samurott|Samurott-Hisui, M|88\/100\n|turn|18\n|\n|t:|1699771108\n|switch|p1a: Ferrothorn|Ferrothorn, M, shiny|81\/100\n|move|p2a: Samurott|Sacred Sword|p1a: Ferrothorn\n|-supereffective|p1a: Ferrothorn\n|-damage|p1a: Ferrothorn|19\/100\n|-damage|p2a: Samurott|76\/100|[from] ability: Iron Barbs|[of] p1a: Ferrothorn\n|\n|upkeep\n|turn|19\n|\n|t:|1699771117\n|move|p2a: Samurott|Sacred Sword|p1a: Ferrothorn\n|-supereffective|p1a: Ferrothorn\n|-damage|p1a: Ferrothorn|0 fnt\n|-damage|p2a: Samurott|63\/100|[from] ability: Iron Barbs|[of] p1a: Ferrothorn\n|faint|p1a: Ferrothorn\n|\n|upkeep\n|\n|t:|1699771127\n|switch|p1a: Azelf|Azelf, shiny|74\/100\n|turn|20\n|\n|t:|1699771133\n|switch|p2a: Scizor|Scizor, M|100\/100\n|move|p1a: Azelf|Dazzling Gleam|p2a: Scizor\n|-resisted|p2a: Scizor\n|-damage|p2a: Scizor|86\/100\n|\n|upkeep\n|turn|21\n|inactive|wobuqi has 120 seconds left.\n|\n|t:|1699771140\n|detailschange|p2a: Scizor|Scizor-Mega, M\n|-mega|p2a: Scizor|Scizor|Scizorite\n|move|p1a: Azelf|Fire Blast|p2a: Scizor\n|-supereffective|p2a: Scizor\n|-damage|p2a: Scizor|0 fnt\n|faint|p2a: Scizor\n|\n|upkeep\n|inactive|wobuqi has 120 seconds left.\n|\n|t:|1699771146\n|switch|p2a: Samurott|Samurott-Hisui, M|63\/100\n|turn|22\n|\n|t:|1699771152\n|switch|p1a: Gastrodon|Gastrodon, M|76\/100 tox\n|move|p2a: Samurott|Ceaseless Edge|p1a: Gastrodon\n|-damage|p1a: Gastrodon|42\/100 tox\n|-sidestart|p1: Foulest|Spikes\n|\n|-heal|p1a: Gastrodon|48\/100 tox|[from] item: Leftovers\n|-damage|p1a: Gastrodon|42\/100 tox|[from] psn\n|upkeep\n|turn|23\n|\n|t:|1699771164\n|move|p2a: Samurott|Ceaseless Edge|p1a: Gastrodon\n|-damage|p1a: Gastrodon|9\/100 tox\n|-sidestart|p1: Foulest|Spikes\n|move|p1a: Gastrodon|Toxic|p2a: Samurott\n|-status|p2a: Samurott|tox\n|\n|-heal|p1a: Gastrodon|15\/100 tox|[from] item: Leftovers\n|-damage|p2a: Samurott|57\/100 tox|[from] psn\n|-damage|p1a: Gastrodon|3\/100 tox|[from] psn\n|upkeep\n|turn|24\n|\n|t:|1699771172\n|move|p2a: Samurott|Ceaseless Edge|p1a: Gastrodon\n|-damage|p1a: Gastrodon|0 fnt\n|-sidestart|p1: Foulest|Spikes\n|faint|p1a: Gastrodon\n|\n|-damage|p2a: Samurott|44\/100 tox|[from] psn\n|upkeep\n|\n|t:|1699771176\n|switch|p1a: Aerodactyl|Aerodactyl, M|100\/100\n|turn|25\n|\n|t:|1699771186\n|switch|p2a: Urshifu|Urshifu-Rapid-Strike, F|100\/100\n|detailschange|p1a: Aerodactyl|Aerodactyl-Mega, M\n|-mega|p1a: Aerodactyl|Aerodactyl|Aerodactylite\n|move|p1a: Aerodactyl|Stone Edge|p2a: Urshifu\n|-resisted|p2a: Urshifu\n|-damage|p2a: Urshifu|69\/100\n|\n|upkeep\n|turn|26\n|\n|t:|1699771195\n|-terastallize|p2a: Urshifu|Water\n|move|p1a: Aerodactyl|Dual Wingbeat|p2a: Urshifu\n|-damage|p2a: Urshifu|37\/100\n|-damage|p2a: Urshifu|4\/100\n|-hitcount|p2a: Urshifu|2\n|move|p2a: Urshifu|Surging Strikes|p1a: Aerodactyl\n|-supereffective|p1a: Aerodactyl\n|-crit|p1a: Aerodactyl\n|-damage|p1a: Aerodactyl|22\/100\n|-supereffective|p1a: Aerodactyl\n|-crit|p1a: Aerodactyl\n|-damage|p1a: Aerodactyl|0 fnt\n|faint|p1a: Aerodactyl\n|-hitcount|p1: Aerodactyl|2\n|\n|upkeep\n|\n|t:|1699771206\n|switch|p1a: Azelf|Azelf, shiny|74\/100\n|turn|27\n|\n|t:|1699771213\n|move|p1a: Azelf|Dazzling Gleam|p2a: Urshifu\n|-damage|p2a: Urshifu|0 fnt\n|faint|p2a: Urshifu\n|\n|upkeep\n|\n|t:|1699771220\n|switch|p2a: Samurott|Samurott-Hisui, M|44\/100 tox\n|turn|28\n|\n|t:|1699771228\n|move|p2a: Samurott|Knock Off|p1a: Azelf\n|-supereffective|p1a: Azelf\n|-damage|p1a: Azelf|0 fnt\n|-enditem|p1a: Azelf|Focus Sash|[from] move: Knock Off|[of] p2a: Samurott\n|faint|p1a: Azelf\n|\n|-damage|p2a: Samurott|38\/100 tox|[from] psn\n|upkeep\n|\n|t:|1699771230\n|switch|p1a: Linoone|Linoone, F|100\/100\n|-damage|p1a: Linoone|76\/100|[from] Spikes\n|turn|29\n|\n|t:|1699771233\n|switch|p2a: Zapdos|Zapdos|100\/100\n|move|p1a: Linoone|Extreme Speed|p2a: Zapdos\n|-damage|p2a: Zapdos|79\/100\n|\n|upkeep\n|turn|30\n|\n|t:|1699771253\n|move|p1a: Linoone|Belly Drum|p1a: Linoone\n|-damage|p1a: Linoone|26\/100\n|-setboost|p1a: Linoone|atk|6|[from] move: Belly Drum\n|-enditem|p1a: Linoone|Aguav Berry|[eat]\n|-heal|p1a: Linoone|59\/100|[from] item: Aguav Berry\n|move|p2a: Zapdos|Volt Switch|p1a: Linoone\n|-damage|p1a: Linoone|6\/100\n|\n|t:|1699771263\n|switch|p2a: Samurott|Samurott-Hisui, M|38\/100 tox|[from] Volt Switch\n|\n|-damage|p2a: Samurott|32\/100 tox|[from] psn\n|upkeep\n|turn|31\n|\n|t:|1699771272\n|move|p1a: Linoone|Extreme Speed|p2a: Samurott\n|-damage|p2a: Samurott|0 fnt\n|faint|p2a: Samurott\n|\n|upkeep\n|\n|t:|1699771277\n|switch|p2a: Zapdos|Zapdos|79\/100\n|turn|32\n|\n|t:|1699771279\n|move|p1a: Linoone|Extreme Speed|p2a: Zapdos\n|-damage|p2a: Zapdos|0 fnt\n|-status|p1a: Linoone|par|[from] ability: Static|[of] p2a: Zapdos\n|faint|p2a: Zapdos\n|\n|win|Foulest\n|raw|Foulest's rating: 1219 &rarr; <strong>1243<\/strong><br \/>(+24 for winning)\n|raw|wobuqi's rating: 1211 &rarr; <strong>1187<\/strong><br \/>(-24 for losing)\n","uploadtime":1699771291,"views":5,"p1id":"foulest","p2id":"wobuqi","formatid":"gen9nationaldex","rating":1187,"private":0,"password":""}