{"id":"gen9nationaldex-1988462430","p1":"homogayhomo","p2":"Maxer59","format":"[Gen 9] National Dex","log":"|j|\u2606homogayhomo\n|j|\u2606Maxer59\n|t:|1699725533\n|gametype|singles\n|player|p1|homogayhomo|veteran|1158\n|player|p2|Maxer59|lucas|1207\n|teamsize|p1|6\n|teamsize|p2|6\n|gen|9\n|tier|[Gen 9] National Dex\n|rated|\n|rule|HP Percentage Mod: HP is shown in percentages\n|rule|Endless Battle Clause: Forcing endless battles is banned\n|rule|OHKO Clause: OHKO moves are banned\n|rule|Evasion Clause: Evasion abilities, items, and moves are banned\n|rule|Evasion Abilities Clause: Evasion abilities are banned\n|rule|Evasion Items Clause: Evasion items are banned\n|rule|Evasion Moves Clause: Evasion moves are banned\n|rule|Species Clause: Limit one of each Pok\u00e9mon\n|rule|Sleep Clause Mod: Limit one foe put to sleep\n|clearpoke\n|poke|p1|Armarouge, F|\n|poke|p1|Indeedee, M|\n|poke|p1|Slowbro, F|\n|poke|p1|Gallade, M|\n|poke|p1|Alakazam, M|\n|poke|p1|Claydol|\n|poke|p2|Pelipper, M|\n|poke|p2|Floatzel, M|\n|poke|p2|Greninja-*, M|\n|poke|p2|Samurott-Hisui, M|\n|poke|p2|Politoed, F|\n|poke|p2|Bruxish, F|\n|teampreview\n|inactive|Battle timer is ON: inactive players will automatically lose when time's up. (requested by Maxer59)\n|\n|t:|1699725544\n|start\n|switch|p1a: Indeedee|Indeedee, M|100\/100\n|switch|p2a: Pelipper|Pelipper, M|100\/100\n|-fieldstart|move: Psychic Terrain|[from] ability: Psychic Surge|[of] p1a: Indeedee\n|-weather|RainDance|[from] ability: Drizzle|[of] p2a: Pelipper\n|turn|1\n|\n|t:|1699725554\n|switch|p1a: Armarouge|Armarouge, F|100\/100\n|move|p2a: Pelipper|Tailwind|p2a: Pelipper\n|-sidestart|p2: Maxer59|move: Tailwind\n|\n|-weather|RainDance|[upkeep]\n|upkeep\n|turn|2\n|\n|t:|1699725564\n|move|p1a: Armarouge|Expanding Force|p2a: Pelipper\n|-damage|p2a: Pelipper|0 fnt\n|faint|p2a: Pelipper\n|\n|-weather|RainDance|[upkeep]\n|upkeep\n|\n|t:|1699725570\n|switch|p2a: Samurott|Samurott-Hisui, M|100\/100\n|turn|3\n|\n|t:|1699725577\n|switch|p1a: Gallade|Gallade, M|100\/100\n|move|p2a: Samurott|Ceaseless Edge|p1a: Gallade\n|-damage|p1a: Gallade|26\/100\n|-sidestart|p1: homogayhomo|Spikes\n|\n|-weather|RainDance|[upkeep]\n|upkeep\n|turn|4\n|\n|t:|1699725587\n|move|p2a: Samurott|Ceaseless Edge|p1a: Gallade\n|-damage|p1a: Gallade|0 fnt\n|-sidestart|p1: homogayhomo|Spikes\n|faint|p1a: Gallade\n|\n|-weather|RainDance|[upkeep]\n|-sideend|p2: Maxer59|move: Tailwind\n|upkeep\n|\n|t:|1699725594\n|switch|p1a: Alakazam|Alakazam, M|100\/100\n|turn|5\n|\n|t:|1699725607\n|move|p1a: Alakazam|Nasty Plot|p1a: Alakazam\n|-boost|p1a: Alakazam|spa|2\n|move|p2a: Samurott|Ceaseless Edge|p1a: Alakazam\n|-supereffective|p1a: Alakazam\n|-enditem|p1a: Alakazam|Focus Sash\n|-damage|p1a: Alakazam|1\/100\n|-sidestart|p1: homogayhomo|Spikes\n|\n|-weather|none\n|upkeep\n|turn|6\n|\n|t:|1699725617\n|move|p1a: Alakazam|Dazzling Gleam|p2a: Samurott\n|-supereffective|p2a: Samurott\n|-crit|p2a: Samurott\n|-damage|p2a: Samurott|0 fnt\n|faint|p2a: Samurott\n|\n|upkeep\n|\n|t:|1699725630\n|switch|p2a: Politoed|Politoed, F|100\/100\n|-weather|RainDance|[from] ability: Drizzle|[of] p2a: Politoed\n|turn|7\n|\n|t:|1699725636\n|move|p1a: Alakazam|Expanding Force|p2a: Politoed\n|-damage|p2a: Politoed|0 fnt\n|faint|p2a: Politoed\n|\n|-weather|RainDance|[upkeep]\n|upkeep\n|\n|t:|1699725640\n|switch|p2a: Floatzel|Floatzel, M|100\/100\n|turn|8\n|\n|t:|1699725657\n|move|p2a: Floatzel|Wave Crash|p1a: Alakazam\n|-damage|p1a: Alakazam|0 fnt\n|faint|p1a: Alakazam\n|-damage|p2a: Floatzel|99\/100|[from] Recoil\n|\n|-weather|RainDance|[upkeep]\n|-fieldend|move: Psychic Terrain\n|upkeep\n|\n|t:|1699725674\n|switch|p1a: P\u00f3ker|Slowbro, F, shiny|100\/100\n|-damage|p1a: P\u00f3ker|76\/100|[from] Spikes\n|turn|9\n|\n|t:|1699725681\n|-terastallize|p2a: Floatzel|Water\n|move|p2a: Floatzel|Wave Crash|p1a: P\u00f3ker\n|-resisted|p1a: P\u00f3ker\n|-damage|p1a: P\u00f3ker|6\/100\n|-damage|p2a: Floatzel|76\/100|[from] Recoil\n|move|p1a: P\u00f3ker|Slack Off|p1a: P\u00f3ker\n|-heal|p1a: P\u00f3ker|56\/100\n|\n|-weather|RainDance|[upkeep]\n|-heal|p1a: P\u00f3ker|62\/100|[from] item: Leftovers\n|upkeep\n|turn|10\n|\n|t:|1699725697\n|move|p2a: Floatzel|Wave Crash|p1a: P\u00f3ker\n|-resisted|p1a: P\u00f3ker\n|-damage|p1a: P\u00f3ker|0 fnt\n|faint|p1a: P\u00f3ker\n|-damage|p2a: Floatzel|55\/100|[from] Recoil\n|\n|-weather|RainDance|[upkeep]\n|upkeep\n|inactive|homogayhomo has 120 seconds left.\n|\n|t:|1699725714\n|switch|p1a: Indeedee|Indeedee, M|100\/100\n|-damage|p1a: Indeedee|76\/100|[from] Spikes\n|-fieldstart|move: Psychic Terrain|[from] ability: Psychic Surge|[of] p1a: Indeedee\n|turn|11\n|inactive|homogayhomo has 120 seconds left.\n|\n|t:|1699725722\n|move|p2a: Floatzel|Wave Crash|p1a: Indeedee\n|-damage|p1a: Indeedee|0 fnt\n|faint|p1a: Indeedee\n|-damage|p2a: Floatzel|37\/100|[from] Recoil\n|\n|-weather|none\n|upkeep\n|inactive|homogayhomo has 120 seconds left.\n|\n|t:|1699725729\n|switch|p1a: Claydol|Claydol|100\/100\n|turn|12\n|\n|t:|1699725735\n|move|p2a: Floatzel|Wave Crash|p1a: Claydol\n|-supereffective|p1a: Claydol\n|-damage|p1a: Claydol|0 fnt\n|faint|p1a: Claydol\n|-damage|p2a: Floatzel|14\/100|[from] Recoil\n|\n|upkeep\n|\n|t:|1699725742\n|switch|p1a: Armarouge|Armarouge, F|100\/100\n|-damage|p1a: Armarouge|75\/100|[from] Spikes\n|turn|13\n|\n|t:|1699725748\n|move|p2a: Floatzel|Wave Crash|p1a: Armarouge\n|-supereffective|p1a: Armarouge\n|-damage|p1a: Armarouge|0 fnt\n|faint|p1a: Armarouge\n|-damage|p2a: Floatzel|0 fnt|[from] Recoil\n|faint|p2a: Floatzel\n|\n|win|Maxer59\n|raw|homogayhomo's rating: 1158 &rarr; <strong>1137<\/strong><br \/>(-21 for losing)\n|raw|Maxer59's rating: 1207 &rarr; <strong>1228<\/strong><br \/>(+21 for winning)\n|l|\u2606homogayhomo\n","uploadtime":1699725759,"views":11,"p1id":"homogayhomo","p2id":"maxer59","formatid":"gen9nationaldex","rating":1137,"private":0,"password":""}