{"id":"gen9nationaldex-1993947770","p1":"K. Repola","p2":"Larrea000","format":"[Gen 9] National Dex","log":"|j|\u2606K. Repola\n|j|\u2606Larrea000\n|t:|1700380768\n|gametype|singles\n|player|p1|K. Repola|gentleman|1438\n|player|p2|Larrea000|lenora|1453\n|teamsize|p1|6\n|teamsize|p2|6\n|gen|9\n|tier|[Gen 9] National Dex\n|rated|\n|rule|HP Percentage Mod: HP is shown in percentages\n|rule|Endless Battle Clause: Forcing endless battles is banned\n|rule|OHKO Clause: OHKO moves are banned\n|rule|Evasion Clause: Evasion abilities, items, and moves are banned\n|rule|Evasion Abilities Clause: Evasion abilities are banned\n|rule|Evasion Items Clause: Evasion items are banned\n|rule|Evasion Moves Clause: Evasion moves are banned\n|rule|Species Clause: Limit one of each Pok\u00e9mon\n|rule|Sleep Clause Mod: Limit one foe put to sleep\n|clearpoke\n|poke|p1|Koffing, F|\n|poke|p1|Corsola-Galar, M|\n|poke|p1|Whimsicott, M|\n|poke|p1|Toxapex, M|\n|poke|p1|Gliscor, M|\n|poke|p1|Blissey, F|\n|poke|p2|Sneasler, F|\n|poke|p2|Tapu Lele|\n|poke|p2|Ribombee, M|\n|poke|p2|Samurott-Hisui, M|\n|poke|p2|Charizard, F|\n|poke|p2|Landorus-Therian, M|\n|teampreview\n|c|\u2606K. Repola|greetings\n|inactive|Battle timer is ON: inactive players will automatically lose when time's up. (requested by Larrea000)\n|\n|t:|1700380796\n|start\n|switch|p1a: Lumu|Whimsicott, M|100\/100\n|switch|p2a: Samurott|Samurott-Hisui, M|100\/100\n|turn|1\n|\n|t:|1700380817\n|move|p1a: Lumu|U-turn|p2a: Samurott\n|-supereffective|p2a: Samurott\n|-damage|p2a: Samurott|76\/100\n|\n|t:|1700380824\n|switch|p1a: T\u00e4ht\u00f6|Toxapex, M|100\/100|[from] U-turn\n|move|p2a: Samurott|Ceaseless Edge|p1a: T\u00e4ht\u00f6\n|-damage|p1a: T\u00e4ht\u00f6|74\/100\n|-damage|p2a: Samurott|60\/100|[from] item: Rocky Helmet|[of] p1a: T\u00e4ht\u00f6\n|-sidestart|p1: K. Repola|Spikes\n|\n|upkeep\n|turn|2\n|\n|t:|1700380838\n|move|p2a: Samurott|Knock Off|p1a: T\u00e4ht\u00f6\n|-damage|p1a: T\u00e4ht\u00f6|46\/100\n|-damage|p2a: Samurott|43\/100|[from] item: Rocky Helmet|[of] p1a: T\u00e4ht\u00f6\n|-enditem|p1a: T\u00e4ht\u00f6|Rocky Helmet|[from] move: Knock Off|[of] p2a: Samurott\n|move|p1a: T\u00e4ht\u00f6|Poison Jab|p2a: Samurott\n|-damage|p2a: Samurott|14\/100\n|\n|upkeep\n|turn|3\n|\n|t:|1700380851\n|move|p2a: Samurott|Ceaseless Edge|p1a: T\u00e4ht\u00f6\n|-damage|p1a: T\u00e4ht\u00f6|18\/100\n|-sidestart|p1: K. Repola|Spikes\n|move|p1a: T\u00e4ht\u00f6|Poison Jab|p2a: Samurott\n|-damage|p2a: Samurott|0 fnt\n|faint|p2a: Samurott\n|\n|upkeep\n|\n|t:|1700380859\n|switch|p2a: Landorus|Landorus-Therian, M|100\/100\n|-ability|p2a: Landorus|Intimidate|boost\n|-unboost|p1a: T\u00e4ht\u00f6|atk|1\n|turn|4\n|\n|t:|1700380865\n|switch|p1a: Slepe|Gliscor, M|100\/100\n|move|p2a: Landorus|Stealth Rock|p1a: Slepe\n|-sidestart|p1: K. Repola|move: Stealth Rock\n|\n|-status|p1a: Slepe|tox|[from] item: Toxic Orb\n|upkeep\n|turn|5\n|\n|t:|1700380870\n|move|p1a: Slepe|Defog|p2a: Landorus\n|-unboost|p2a: Landorus|evasion|1\n|-sideend|p1: K. Repola|Spikes|[from] move: Defog|[of] p1a: Slepe\n|-sideend|p1: K. Repola|Stealth Rock|[from] move: Defog|[of] p1a: Slepe\n|move|p2a: Landorus|U-turn|p1a: Slepe\n|-resisted|p1a: Slepe\n|-damage|p1a: Slepe|94\/100 tox\n|\n|t:|1700380873\n|switch|p2a: Tapu Lele|Tapu Lele|100\/100|[from] U-turn\n|-fieldstart|move: Psychic Terrain|[from] ability: Psychic Surge|[of] p2a: Tapu Lele\n|\n|-heal|p1a: Slepe|100\/100 tox|[from] ability: Poison Heal\n|upkeep\n|turn|6\n|\n|t:|1700380889\n|switch|p1a: Korkki|Corsola-Galar, M|100\/100\n|-terastallize|p2a: Tapu Lele|Psychic\n|move|p2a: Tapu Lele|Future Sight|p1a: Korkki\n|-start|p2a: Tapu Lele|move: Future Sight\n|\n|upkeep\n|turn|7\n|\n|t:|1700380899\n|switch|p2a: Landorus|Landorus-Therian, M|100\/100\n|-ability|p2a: Landorus|Intimidate|boost\n|-unboost|p1a: Korkki|atk|1\n|move|p1a: Korkki|Calm Mind|p1a: Korkki\n|-boost|p1a: Korkki|spa|1\n|-boost|p1a: Korkki|spd|1\n|\n|upkeep\n|turn|8\n|\n|t:|1700380905\n|move|p2a: Landorus|Toxic|p1a: Korkki\n|-status|p1a: Korkki|tox\n|move|p1a: Korkki|Ice Beam|p2a: Landorus\n|-supereffective|p2a: Landorus\n|-damage|p2a: Landorus|9\/100\n|\n|-end|p1a: Korkki|move: Future Sight\n|-damage|p1a: Korkki|46\/100 tox\n|-damage|p1a: Korkki|40\/100 tox|[from] psn\n|upkeep\n|turn|9\n|\n|t:|1700380914\n|move|p2a: Landorus|Stealth Rock|p1a: Korkki\n|-sidestart|p1: K. Repola|move: Stealth Rock\n|move|p1a: Korkki|Strength Sap|p2a: Landorus\n|-unboost|p2a: Landorus|atk|1\n|-heal|p1a: Korkki|100\/100 tox\n|\n|-damage|p1a: Korkki|88\/100 tox|[from] psn\n|-fieldend|move: Psychic Terrain\n|upkeep\n|turn|10\n|\n|t:|1700380922\n|move|p2a: Landorus|U-turn|p1a: Korkki\n|-resisted|p1a: Korkki\n|-damage|p1a: Korkki|84\/100 tox\n|-start|p2a: Landorus|Disable|U-turn|[from] ability: Cursed Body|[of] p1a: Korkki\n|\n|t:|1700380926\n|switch|p2a: Tapu Lele|Tapu Lele, tera:Psychic|100\/100|[from] U-turn\n|-fieldstart|move: Psychic Terrain|[from] ability: Psychic Surge|[of] p2a: Tapu Lele\n|move|p1a: Korkki|Hex|p2a: Tapu Lele\n|-supereffective|p2a: Tapu Lele\n|-crit|p2a: Tapu Lele\n|-damage|p2a: Tapu Lele|13\/100\n|\n|-damage|p1a: Korkki|66\/100 tox|[from] psn\n|upkeep\n|turn|11\n|\n|t:|1700380935\n|move|p2a: Tapu Lele|Psychic|p1a: Korkki\n|-damage|p1a: Korkki|9\/100 tox\n|-start|p2a: Tapu Lele|Disable|Psychic|[from] ability: Cursed Body|[of] p1a: Korkki\n|move|p1a: Korkki|Hex|p2a: Tapu Lele\n|-supereffective|p2a: Tapu Lele\n|-damage|p2a: Tapu Lele|0 fnt\n|faint|p2a: Tapu Lele\n|\n|-damage|p1a: Korkki|0 fnt|[from] psn\n|faint|p1a: Korkki\n|upkeep\n|inactive|K. Repola has 120 seconds left.\n|\n|t:|1700380972\n|switch|p2a: Sneasler|Sneasler, F|100\/100\n|switch|p1a: Slepe|Gliscor, M|100\/100 tox\n|-enditem|p2a: Sneasler|Psychic Seed\n|-boost|p2a: Sneasler|spd|1|[from] item: Psychic Seed\n|-damage|p1a: Slepe|88\/100 tox|[from] Stealth Rock\n|turn|12\n|inactive|K. Repola has 120 seconds left.\n|\n|t:|1700380983\n|move|p2a: Sneasler|Swords Dance|p2a: Sneasler\n|-boost|p2a: Sneasler|atk|2\n|move|p1a: Slepe|Swords Dance|p1a: Slepe\n|-boost|p1a: Slepe|atk|2\n|\n|-heal|p1a: Slepe|100\/100 tox|[from] ability: Poison Heal\n|upkeep\n|turn|13\n|\n|t:|1700380990\n|move|p2a: Sneasler|Acrobatics|p1a: Slepe\n|-damage|p1a: Slepe|47\/100 tox\n|move|p1a: Slepe|Dual Wingbeat|p2a: Sneasler\n|-supereffective|p2a: Sneasler\n|-damage|p2a: Sneasler|10\/100\n|-supereffective|p2a: Sneasler\n|-damage|p2a: Sneasler|0 fnt\n|faint|p2a: Sneasler\n|-hitcount|p2: Sneasler|2\n|\n|-heal|p1a: Slepe|60\/100 tox|[from] ability: Poison Heal\n|upkeep\n|\n|t:|1700380997\n|switch|p2a: Charizard|Charizard, F|100\/100\n|turn|14\n|\n|t:|1700381002\n|switch|p1a: Emmi|Blissey, F|100\/100\n|-damage|p1a: Emmi|88\/100|[from] Stealth Rock\n|move|p2a: Charizard|Dragon Dance|p2a: Charizard\n|-boost|p2a: Charizard|atk|1\n|-boost|p2a: Charizard|spe|1\n|\n|-heal|p1a: Emmi|94\/100|[from] item: Leftovers\n|-fieldend|move: Psychic Terrain\n|upkeep\n|turn|15\n|\n|t:|1700381011\n|detailschange|p2a: Charizard|Charizard-Mega-X, F\n|-mega|p2a: Charizard|Charizard|Charizardite X\n|move|p2a: Charizard|Flare Blitz|p1a: Emmi\n|-damage|p1a: Emmi|0 fnt\n|faint|p1a: Emmi\n|-damage|p2a: Charizard|26\/100|[from] Recoil\n|\n|upkeep\n|\n|t:|1700381018\n|switch|p1a: Lumu|Whimsicott, M|100\/100\n|-damage|p1a: Lumu|88\/100|[from] Stealth Rock\n|turn|16\n|\n|t:|1700381023\n|move|p1a: Lumu|Moonblast|p2a: Charizard\n|-damage|p2a: Charizard|0 fnt\n|faint|p2a: Charizard\n|\n|upkeep\n|-message|Larrea000 forfeited.\n|\n|win|K. Repola\n|raw|K. Repola's rating: 1438 &rarr; <strong>1459<\/strong><br \/>(+21 for winning)\n|raw|Larrea000's rating: 1453 &rarr; <strong>1432<\/strong><br \/>(-21 for losing)\n|l|\u2606Larrea000\n|c|\u2606K. Repola|gg\n","uploadtime":1700381037,"views":26,"p1id":"krepola","p2id":"larrea000","formatid":"gen9nationaldex","rating":1432,"private":0,"password":""}