{"id":"gen9nationaldex-1990317003","p1":"lemon1119","p2":"GAGA233","format":"[Gen 9] National Dex","log":"|j|\u2606lemon1119\n|j|\u2606GAGA233\n|t:|1699955751\n|gametype|singles\n|player|p1|lemon1119|lillie-masters2|1616\n|player|p2|GAGA233|red|1487\n|teamsize|p1|6\n|teamsize|p2|6\n|gen|9\n|tier|[Gen 9] National Dex\n|rated|\n|rule|HP Percentage Mod: HP is shown in percentages\n|rule|Endless Battle Clause: Forcing endless battles is banned\n|rule|OHKO Clause: OHKO moves are banned\n|rule|Evasion Clause: Evasion abilities, items, and moves are banned\n|rule|Evasion Abilities Clause: Evasion abilities are banned\n|rule|Evasion Items Clause: Evasion items are banned\n|rule|Evasion Moves Clause: Evasion moves are banned\n|rule|Species Clause: Limit one of each Pok\u00e9mon\n|rule|Sleep Clause Mod: Limit one foe put to sleep\n|clearpoke\n|poke|p1|Maushold|\n|poke|p1|Alomomola, M|\n|poke|p1|Great Tusk|\n|poke|p1|Volcarona, M|\n|poke|p1|Beedrill, M|\n|poke|p1|Heatran, F|\n|poke|p2|Ogerpon, F|\n|poke|p2|Corviknight, M|\n|poke|p2|Clodsire, F|\n|poke|p2|Tyranitar, F|\n|poke|p2|Alomomola, M|\n|poke|p2|Banette, F|\n|teampreview\n|inactive|Battle timer is ON: inactive players will automatically lose when time's up. (requested by lemon1119)\n|\n|t:|1699955775\n|start\n|switch|p1a: Beedrill|Beedrill, M|100\/100\n|switch|p2a: Ogerpon|Ogerpon, F|100\/100\n|turn|1\n|\n|t:|1699955784\n|switch|p2a: Corviknight|Corviknight, M|100\/100\n|-ability|p2a: Corviknight|Pressure\n|detailschange|p1a: Beedrill|Beedrill-Mega, M\n|-mega|p1a: Beedrill|Beedrill|Beedrillite\n|move|p1a: Beedrill|U-turn|p2a: Corviknight\n|-resisted|p2a: Corviknight\n|-damage|p2a: Corviknight|93\/100\n|\n|t:|1699955797\n|switch|p1a: Heatran|Heatran, F|100\/100|[from] U-turn\n|\n|-heal|p2a: Corviknight|99\/100|[from] item: Leftovers\n|upkeep\n|turn|2\n|\n|t:|1699955801\n|switch|p2a: Tyranitar|Tyranitar, F|100\/100\n|-weather|Sandstorm|[from] ability: Sand Stream|[of] p2a: Tyranitar\n|move|p1a: Heatran|Toxic|p2a: Tyranitar|[miss]\n|-miss|p1a: Heatran|p2a: Tyranitar\n|\n|-weather|Sandstorm|[upkeep]\n|upkeep\n|turn|3\n|\n|t:|1699955808\n|switch|p1a: Great Tusk|Great Tusk|100\/100\n|move|p2a: Tyranitar|Earthquake|p1a: Great Tusk\n|-damage|p1a: Great Tusk|85\/100\n|\n|-weather|Sandstorm|[upkeep]\n|-heal|p1a: Great Tusk|92\/100|[from] item: Leftovers\n|upkeep\n|turn|4\n|\n|t:|1699955819\n|switch|p2a: Corviknight|Corviknight, M|99\/100\n|-ability|p2a: Corviknight|Pressure\n|move|p1a: Great Tusk|Stealth Rock|p2a: Corviknight\n|-sidestart|p2: GAGA233|move: Stealth Rock\n|\n|-weather|Sandstorm|[upkeep]\n|-heal|p1a: Great Tusk|98\/100|[from] item: Leftovers\n|-heal|p2a: Corviknight|100\/100|[from] item: Leftovers\n|upkeep\n|turn|5\n|\n|t:|1699955827\n|move|p1a: Great Tusk|Knock Off|p2a: Corviknight\n|-damage|p2a: Corviknight|85\/100\n|-enditem|p2a: Corviknight|Leftovers|[from] move: Knock Off|[of] p1a: Great Tusk\n|move|p2a: Corviknight|U-turn|p1a: Great Tusk\n|-resisted|p1a: Great Tusk\n|-damage|p1a: Great Tusk|94\/100\n|\n|t:|1699955830\n|switch|p2a: Ogerpon|Ogerpon, F|100\/100|[from] U-turn\n|\n|-weather|Sandstorm|[upkeep]\n|-damage|p2a: Ogerpon|95\/100|[from] Sandstorm\n|-heal|p1a: Great Tusk|100\/100|[from] item: Leftovers\n|upkeep\n|turn|6\n|\n|t:|1699955836\n|-end|p1a: Great Tusk|Protosynthesis|[silent]\n|switch|p1a: Volcarona|Volcarona, M|100\/100\n|move|p2a: Ogerpon|Swords Dance|p2a: Ogerpon\n|-boost|p2a: Ogerpon|atk|2\n|\n|-weather|none\n|upkeep\n|turn|7\n|\n|t:|1699955839\n|move|p2a: Ogerpon|Rock Tomb|p1a: Volcarona\n|-supereffective|p1a: Volcarona\n|-crit|p1a: Volcarona\n|-damage|p1a: Volcarona|0 fnt\n|faint|p1a: Volcarona\n|\n|upkeep\n|\n|t:|1699955843\n|switch|p1a: Beedrill|Beedrill-Mega, M|100\/100\n|turn|8\n|\n|t:|1699955847\n|-terastallize|p2a: Ogerpon|Grass\n|detailschange|p2a: Ogerpon|Ogerpon-Teal-Tera, F, tera:Grass\n|-ability|p2a: Ogerpon|Embody Aspect (Teal)|boost\n|-boost|p2a: Ogerpon|spe|1\n|move|p2a: Ogerpon|Rock Tomb|p1a: Beedrill\n|-supereffective|p1a: Beedrill\n|-damage|p1a: Beedrill|0 fnt\n|faint|p1a: Beedrill\n|\n|upkeep\n|\n|t:|1699955856\n|switch|p1a: Heatran|Heatran, F|100\/100\n|turn|9\n|\n|t:|1699955861\n|-terastallize|p1a: Heatran|Steel\n|move|p2a: Ogerpon|Knock Off|p1a: Heatran\n|-damage|p1a: Heatran|51\/100\n|-enditem|p1a: Heatran|Leftovers|[from] move: Knock Off|[of] p2a: Ogerpon\n|move|p1a: Heatran|Magma Storm|p2a: Ogerpon\n|-supereffective|p2a: Ogerpon\n|-damage|p2a: Ogerpon|0 fnt\n|faint|p2a: Ogerpon\n|\n|upkeep\n|\n|t:|1699955887\n|switch|p2a: Tyranitar|Tyranitar, F|100\/100\n|-damage|p2a: Tyranitar|88\/100|[from] Stealth Rock\n|-weather|Sandstorm|[from] ability: Sand Stream|[of] p2a: Tyranitar\n|turn|10\n|\n|t:|1699955900\n|switch|p1a: Alomomola|Alomomola, M|100\/100\n|move|p2a: Tyranitar|Ice Beam|p1a: Alomomola\n|-resisted|p1a: Alomomola\n|-damage|p1a: Alomomola|85\/100\n|\n|-weather|Sandstorm|[upkeep]\n|-damage|p1a: Alomomola|79\/100|[from] Sandstorm\n|upkeep\n|turn|11\n|\n|t:|1699955906\n|switch|p2a: Clodsire|Clodsire, F|100\/100\n|-damage|p2a: Clodsire|94\/100|[from] Stealth Rock\n|move|p1a: Alomomola|Flip Turn|p2a: Clodsire\n|-heal|p2a: Clodsire|100\/100|[from] ability: Water Absorb|[of] p1a: Alomomola\n|\n|-weather|Sandstorm|[upkeep]\n|-damage|p1a: Alomomola|73\/100|[from] Sandstorm\n|upkeep\n|turn|12\n|\n|t:|1699955912\n|switch|p1a: Heatran|Heatran, F, tera:Steel|51\/100\n|move|p2a: Clodsire|Stealth Rock|p1a: Heatran\n|-sidestart|p1: lemon1119|move: Stealth Rock\n|\n|-weather|Sandstorm|[upkeep]\n|upkeep\n|turn|13\n|\n|t:|1699955919\n|move|p1a: Heatran|Magma Storm|p2a: Clodsire|[miss]\n|-miss|p1a: Heatran|p2a: Clodsire\n|move|p2a: Clodsire|Earthquake|p1a: Heatran\n|-supereffective|p1a: Heatran\n|-damage|p1a: Heatran|3\/100\n|\n|-weather|Sandstorm|[upkeep]\n|upkeep\n|turn|14\n|\n|t:|1699955922\n|move|p1a: Heatran|Earth Power|p2a: Clodsire\n|-supereffective|p2a: Clodsire\n|-damage|p2a: Clodsire|74\/100\n|move|p2a: Clodsire|Earthquake|p1a: Heatran\n|-supereffective|p1a: Heatran\n|-damage|p1a: Heatran|0 fnt\n|faint|p1a: Heatran\n|\n|-weather|none\n|-heal|p2a: Clodsire|80\/100|[from] item: Black Sludge\n|upkeep\n|\n|t:|1699955926\n|switch|p1a: Maushold|Maushold|100\/100\n|-damage|p1a: Maushold|88\/100|[from] Stealth Rock\n|turn|15\n|\n|t:|1699955929\n|move|p1a: Maushold|Tidy Up|p1a: Maushold\n|-sideend|p1: lemon1119|Stealth Rock\n|-sideend|p2: GAGA233|Stealth Rock\n|-activate|p1a: Maushold|move: Tidy Up\n|-boost|p1a: Maushold|atk|1\n|-boost|p1a: Maushold|spe|1\n|move|p2a: Clodsire|Yawn|p1a: Maushold\n|-start|p1a: Maushold|move: Yawn|[of] p2a: Clodsire\n|\n|-heal|p2a: Clodsire|86\/100|[from] item: Black Sludge\n|upkeep\n|turn|16\n|\n|t:|1699955936\n|switch|p1a: Great Tusk|Great Tusk|100\/100\n|switch|p2a: Corviknight|Corviknight, M|85\/100\n|-ability|p2a: Corviknight|Pressure\n|\n|upkeep\n|turn|17\n|\n|t:|1699955939\n|move|p1a: Great Tusk|Stealth Rock|p2a: Corviknight\n|-sidestart|p2: GAGA233|move: Stealth Rock\n|move|p2a: Corviknight|Iron Defense|p2a: Corviknight\n|-boost|p2a: Corviknight|def|2\n|\n|upkeep\n|turn|18\n|\n|t:|1699955945\n|-end|p1a: Great Tusk|Protosynthesis|[silent]\n|switch|p1a: Maushold|Maushold|88\/100\n|move|p2a: Corviknight|Iron Defense|p2a: Corviknight\n|-boost|p2a: Corviknight|def|2\n|\n|upkeep\n|turn|19\n|\n|t:|1699955947\n|move|p1a: Maushold|Encore|p2a: Corviknight\n|-start|p2a: Corviknight|Encore\n|move|p2a: Corviknight|Iron Defense|p2a: Corviknight\n|-boost|p2a: Corviknight|def|2\n|\n|upkeep\n|turn|20\n|\n|t:|1699955958\n|switch|p2a: Banette|Banette, F|100\/100\n|-damage|p2a: Banette|88\/100|[from] Stealth Rock\n|move|p1a: Maushold|Tidy Up|p1a: Maushold\n|-sideend|p2: GAGA233|Stealth Rock\n|-activate|p1a: Maushold|move: Tidy Up\n|-boost|p1a: Maushold|atk|1\n|-boost|p1a: Maushold|spe|1\n|\n|upkeep\n|turn|21\n|\n|t:|1699955968\n|switch|p1a: Alomomola|Alomomola, M|100\/100\n|detailschange|p2a: Banette|Banette-Mega, F\n|-mega|p2a: Banette|Banette|Banettite\n|move|p2a: Banette|Encore||[still]\n|-fail|p2a: Banette\n|\n|upkeep\n|turn|22\n|\n|t:|1699955975\n|switch|p2a: Clodsire|Clodsire, F|86\/100\n|move|p1a: Alomomola|Flip Turn|p2a: Clodsire\n|-heal|p2a: Clodsire|100\/100|[from] ability: Water Absorb|[of] p1a: Alomomola\n|\n|upkeep\n|turn|23\n|\n|t:|1699955981\n|switch|p1a: Maushold|Maushold|88\/100\n|move|p2a: Clodsire|Stealth Rock|p1a: Maushold\n|-sidestart|p1: lemon1119|move: Stealth Rock\n|\n|upkeep\n|turn|24\n|\n|t:|1699955991\n|switch|p2a: Alomomola|Alomomola, M|100\/100\n|move|p1a: Maushold|Population Bomb|p2a: Alomomola\n|-damage|p2a: Alomomola|94\/100\n|-damage|p1a: Maushold|71\/100|[from] item: Rocky Helmet|[of] p2a: Alomomola\n|-damage|p2a: Alomomola|88\/100\n|-damage|p1a: Maushold|55\/100|[from] item: Rocky Helmet|[of] p2a: Alomomola\n|-damage|p2a: Alomomola|83\/100\n|-damage|p1a: Maushold|38\/100|[from] item: Rocky Helmet|[of] p2a: Alomomola\n|-damage|p2a: Alomomola|77\/100\n|-damage|p1a: Maushold|22\/100|[from] item: Rocky Helmet|[of] p2a: Alomomola\n|-damage|p2a: Alomomola|71\/100\n|-damage|p1a: Maushold|5\/100|[from] item: Rocky Helmet|[of] p2a: Alomomola\n|-damage|p2a: Alomomola|65\/100\n|-damage|p1a: Maushold|0 fnt|[from] item: Rocky Helmet|[of] p2a: Alomomola\n|faint|p1a: Maushold\n|-hitcount|p2a: Alomomola|6\n|\n|upkeep\n|-message|lemon1119 forfeited.\n|\n|win|GAGA233\n|raw|lemon1119's rating: 1616 &rarr; <strong>1589<\/strong><br \/>(-27 for losing)\n|raw|GAGA233's rating: 1487 &rarr; <strong>1514<\/strong><br \/>(+27 for winning)\n|l|\u2606lemon1119\n","uploadtime":1699955999,"views":5,"p1id":"lemon1119","p2id":"gaga233","formatid":"gen9nationaldex","rating":1514,"private":0,"password":""}