{"id":"gen9nationaldex-1993367492","p1":"xfy A black","p2":"YuleDaMacaxeira","format":"[Gen 9] National Dex","log":"|j|\u2606xfy A black\n|j|\u2606YuleDaMacaxeira\n|t:|1700307093\n|gametype|singles\n|player|p1|xfy A black|zinzolin|1095\n|player|p2|YuleDaMacaxeira|iris-gen5bw2|1145\n|teamsize|p1|6\n|teamsize|p2|6\n|gen|9\n|tier|[Gen 9] National Dex\n|rated|\n|rule|HP Percentage Mod: HP is shown in percentages\n|rule|Endless Battle Clause: Forcing endless battles is banned\n|rule|OHKO Clause: OHKO moves are banned\n|rule|Evasion Clause: Evasion abilities, items, and moves are banned\n|rule|Evasion Abilities Clause: Evasion abilities are banned\n|rule|Evasion Items Clause: Evasion items are banned\n|rule|Evasion Moves Clause: Evasion moves are banned\n|rule|Species Clause: Limit one of each Pok\u00e9mon\n|rule|Sleep Clause Mod: Limit one foe put to sleep\n|clearpoke\n|poke|p1|Tornadus-Therian, M|\n|poke|p1|Gliscor, M|\n|poke|p1|Alomomola, M|\n|poke|p1|Charizard, M|\n|poke|p1|Great Tusk|\n|poke|p1|Torkoal, M|\n|poke|p2|Pidgeot, F|\n|poke|p2|Gliscor, F|\n|poke|p2|Tapu Koko|\n|poke|p2|Sneasler, F|\n|poke|p2|Garchomp, F|\n|poke|p2|Toxapex, F|\n|teampreview\n|inactive|Battle timer is ON: inactive players will automatically lose when time's up. (requested by YuleDaMacaxeira)\n|\n|t:|1700307116\n|start\n|switch|p1a: Gliscor|Gliscor, M|100\/100\n|switch|p2a: Garchomp|Garchomp, F|100\/100\n|turn|1\n|\n|t:|1700307130\n|switch|p2a: Toxapex|Toxapex, F, shiny|100\/100\n|move|p1a: Gliscor|U-turn|p2a: Toxapex\n|-resisted|p2a: Toxapex\n|-damage|p2a: Toxapex|95\/100\n|-enditem|p2a: Toxapex|Eject Button\n|\n|t:|1700307136\n|switch|p2a: Garchomp|Garchomp, F|100\/100\n|\n|-status|p1a: Gliscor|tox|[from] item: Toxic Orb\n|upkeep\n|turn|2\n|\n|t:|1700307152\n|move|p1a: Gliscor|Protect|p1a: Gliscor\n|-singleturn|p1a: Gliscor|Protect\n|move|p2a: Garchomp|Stealth Rock|p1a: Gliscor\n|-sidestart|p1: xfy A black|move: Stealth Rock\n|\n|upkeep\n|turn|3\n|\n|t:|1700307160\n|switch|p2a: Tapu Koko|Tapu Koko, shiny|100\/100\n|-fieldstart|move: Electric Terrain|[from] ability: Electric Surge|[of] p2a: Tapu Koko\n|move|p1a: Gliscor|U-turn|p2a: Tapu Koko\n|-resisted|p2a: Tapu Koko\n|-damage|p2a: Tapu Koko|92\/100\n|\n|t:|1700307168\n|switch|p1a: Torkoal|Torkoal, M|100\/100|[from] U-turn\n|-damage|p1a: Torkoal|75\/100|[from] Stealth Rock\n|-weather|SunnyDay|[from] ability: Drought|[of] p1a: Torkoal\n|\n|-weather|SunnyDay|[upkeep]\n|upkeep\n|turn|4\n|\n|t:|1700307180\n|move|p2a: Tapu Koko|Light Screen|p2a: Tapu Koko\n|-sidestart|p2: YuleDaMacaxeira|move: Light Screen\n|move|p1a: Torkoal|Stealth Rock|p2a: Tapu Koko\n|-sidestart|p2: YuleDaMacaxeira|move: Stealth Rock\n|\n|-weather|SunnyDay|[upkeep]\n|upkeep\n|turn|5\n|\n|t:|1700307186\n|move|p2a: Tapu Koko|Thunder Punch|p1a: Torkoal\n|-damage|p1a: Torkoal|51\/100\n|move|p1a: Torkoal|Rapid Spin|p2a: Tapu Koko\n|-damage|p2a: Tapu Koko|81\/100\n|-boost|p1a: Torkoal|spe|1\n|-sideend|p1: xfy A black|Stealth Rock|[from] move: Rapid Spin|[of] p1a: Torkoal\n|\n|-weather|SunnyDay|[upkeep]\n|upkeep\n|turn|6\n|\n|t:|1700307196\n|switch|p1a: Gliscor|Gliscor, M|100\/100 tox\n|move|p2a: Tapu Koko|U-turn|p1a: Gliscor\n|-resisted|p1a: Gliscor\n|-damage|p1a: Gliscor|93\/100 tox\n|\n|t:|1700307202\n|switch|p2a: Gliscor|Gliscor, F|100\/100|[from] U-turn\n|-damage|p2a: Gliscor|88\/100|[from] Stealth Rock\n|\n|-weather|SunnyDay|[upkeep]\n|-heal|p1a: Gliscor|100\/100 tox|[from] ability: Poison Heal\n|-status|p2a: Gliscor|tox|[from] item: Toxic Orb\n|upkeep\n|turn|7\n|\n|t:|1700307213\n|move|p2a: Gliscor|Defog|p1a: Gliscor\n|-unboost|p1a: Gliscor|evasion|1\n|-sideend|p2: YuleDaMacaxeira|Stealth Rock|[from] move: Defog|[of] p2a: Gliscor\n|-fieldend|move: Electric Terrain\n|move|p1a: Gliscor|U-turn|p2a: Gliscor\n|-resisted|p2a: Gliscor\n|-damage|p2a: Gliscor|82\/100 tox\n|\n|t:|1700307223\n|switch|p1a: Charizard|Charizard, M|100\/100|[from] U-turn\n|\n|-weather|SunnyDay|[upkeep]\n|-heal|p2a: Gliscor|94\/100 tox|[from] ability: Poison Heal\n|upkeep\n|turn|8\n|\n|t:|1700307239\n|switch|p1a: Torkoal|Torkoal, M|51\/100\n|move|p2a: Gliscor|Toxic|p1a: Torkoal\n|-status|p1a: Torkoal|tox\n|\n|-weather|SunnyDay|[upkeep]\n|-heal|p2a: Gliscor|100\/100 tox|[from] ability: Poison Heal\n|-damage|p1a: Torkoal|45\/100 tox|[from] psn\n|upkeep\n|turn|9\n|\n|t:|1700307255\n|switch|p1a: Gliscor|Gliscor, M|100\/100 tox\n|move|p2a: Gliscor|Knock Off|p1a: Gliscor\n|-damage|p1a: Gliscor|84\/100 tox\n|-enditem|p1a: Gliscor|Toxic Orb|[from] move: Knock Off|[of] p2a: Gliscor\n|\n|-weather|SunnyDay|[upkeep]\n|-heal|p1a: Gliscor|96\/100 tox|[from] ability: Poison Heal\n|upkeep\n|turn|10\n|\n|t:|1700307268\n|switch|p2a: Garchomp|Garchomp, F|100\/100\n|move|p1a: Gliscor|Roost|p1a: Gliscor\n|-heal|p1a: Gliscor|100\/100 tox\n|-singleturn|p1a: Gliscor|move: Roost\n|\n|-weather|none\n|upkeep\n|turn|11\n|\n|t:|1700307277\n|move|p2a: Garchomp|Stealth Rock|p1a: Gliscor\n|-sidestart|p1: xfy A black|move: Stealth Rock\n|move|p1a: Gliscor|Earthquake|p2a: Garchomp\n|-damage|p2a: Garchomp|70\/100\n|\n|-sideend|p2: YuleDaMacaxeira|move: Light Screen\n|upkeep\n|turn|12\n|\n|t:|1700307297\n|move|p2a: Garchomp|Outrage|p1a: Gliscor\n|-damage|p1a: Gliscor|53\/100 tox\n|move|p1a: Gliscor|Earthquake|p2a: Garchomp\n|-damage|p2a: Garchomp|37\/100\n|\n|-heal|p1a: Gliscor|65\/100 tox|[from] ability: Poison Heal\n|upkeep\n|turn|13\n|\n|t:|1700307310\n|move|p2a: Garchomp|Outrage|p1a: Gliscor|[from]lockedmove\n|-damage|p1a: Gliscor|13\/100 tox\n|move|p1a: Gliscor|Roost|p1a: Gliscor\n|-heal|p1a: Gliscor|63\/100 tox\n|-singleturn|p1a: Gliscor|move: Roost\n|\n|-heal|p1a: Gliscor|76\/100 tox|[from] ability: Poison Heal\n|upkeep\n|turn|14\n|\n|t:|1700307329\n|move|p2a: Garchomp|Outrage|p1a: Gliscor|[from]lockedmove\n|-damage|p1a: Gliscor|31\/100 tox\n|-start|p2a: Garchomp|confusion|[fatigue]\n|move|p1a: Gliscor|Roost|p1a: Gliscor\n|-heal|p1a: Gliscor|81\/100 tox\n|-singleturn|p1a: Gliscor|move: Roost\n|\n|-heal|p1a: Gliscor|93\/100 tox|[from] ability: Poison Heal\n|upkeep\n|turn|15\n|\n|t:|1700307357\n|switch|p2a: Pidgeot|Pidgeot, F|100\/100\n|move|p1a: Gliscor|Earthquake|p2a: Pidgeot\n|-immune|p2a: Pidgeot\n|\n|-heal|p1a: Gliscor|100\/100 tox|[from] ability: Poison Heal\n|upkeep\n|turn|16\n|\n|t:|1700307369\n|switch|p1a: Tornadus|Tornadus-Therian, M, shiny|100\/100\n|detailschange|p2a: Pidgeot|Pidgeot-Mega, F\n|-mega|p2a: Pidgeot|Pidgeot|Pidgeotite\n|move|p2a: Pidgeot|Ominous Wind|p1a: Tornadus\n|-damage|p1a: Tornadus|80\/100\n|\n|upkeep\n|turn|17\n|\n|t:|1700307383\n|move|p2a: Pidgeot|U-turn|p1a: Tornadus\n|-resisted|p1a: Tornadus\n|-damage|p1a: Tornadus|73\/100\n|\n|t:|1700307388\n|switch|p2a: Gliscor|Gliscor, F|100\/100 tox|[from] U-turn\n|move|p1a: Tornadus|U-turn|p2a: Gliscor\n|-resisted|p2a: Gliscor\n|-damage|p2a: Gliscor|94\/100 tox\n|\n|t:|1700307400\n|switch|p1a: Great Tusk|Great Tusk|100\/100|[from] U-turn\n|-damage|p1a: Great Tusk|98\/100|[from] Stealth Rock\n|\n|-heal|p2a: Gliscor|100\/100 tox|[from] ability: Poison Heal\n|upkeep\n|turn|18\n|\n|t:|1700307411\n|move|p2a: Gliscor|Toxic|p1a: Great Tusk\n|-status|p1a: Great Tusk|tox\n|move|p1a: Great Tusk|Rapid Spin|p2a: Gliscor\n|-damage|p2a: Gliscor|84\/100 tox\n|-boost|p1a: Great Tusk|spe|1\n|-sideend|p1: xfy A black|Stealth Rock|[from] move: Rapid Spin|[of] p1a: Great Tusk\n|\n|-damage|p1a: Great Tusk|91\/100 tox|[from] psn\n|-heal|p2a: Gliscor|97\/100 tox|[from] ability: Poison Heal\n|upkeep\n|turn|19\n|\n|t:|1700307421\n|move|p1a: Great Tusk|Ice Spinner|p2a: Gliscor\n|-supereffective|p2a: Gliscor\n|-damage|p2a: Gliscor|6\/100 tox\n|move|p2a: Gliscor|Knock Off|p1a: Great Tusk\n|-resisted|p1a: Great Tusk\n|-damage|p1a: Great Tusk|84\/100 tox\n|-enditem|p1a: Great Tusk|Assault Vest|[from] move: Knock Off|[of] p2a: Gliscor\n|\n|-damage|p1a: Great Tusk|71\/100 tox|[from] psn\n|-heal|p2a: Gliscor|19\/100 tox|[from] ability: Poison Heal\n|upkeep\n|turn|20\n|\n|t:|1700307434\n|move|p2a: Gliscor|Protect|p2a: Gliscor\n|-singleturn|p2a: Gliscor|Protect\n|move|p1a: Great Tusk|Headlong Rush|p2a: Gliscor\n|-activate|p2a: Gliscor|move: Protect\n|\n|-damage|p1a: Great Tusk|53\/100 tox|[from] psn\n|-heal|p2a: Gliscor|31\/100 tox|[from] ability: Poison Heal\n|upkeep\n|turn|21\n|\n|t:|1700307447\n|switch|p2a: Pidgeot|Pidgeot-Mega, F|100\/100\n|move|p1a: Great Tusk|Close Combat|p2a: Pidgeot\n|-damage|p2a: Pidgeot|19\/100\n|-unboost|p1a: Great Tusk|def|1\n|-unboost|p1a: Great Tusk|spd|1\n|\n|-damage|p1a: Great Tusk|28\/100 tox|[from] psn\n|upkeep\n|turn|22\n|\n|t:|1700307464\n|move|p1a: Great Tusk|Ice Spinner|p2a: Pidgeot\n|-supereffective|p2a: Pidgeot\n|-damage|p2a: Pidgeot|0 fnt\n|faint|p2a: Pidgeot\n|\n|-damage|p1a: Great Tusk|0 fnt|[from] psn\n|faint|p1a: Great Tusk\n|-end|p1a: Great Tusk|Protosynthesis|[silent]\n|upkeep\n|\n|t:|1700307477\n|switch|p2a: Garchomp|Garchomp, F|37\/100\n|switch|p1a: Charizard|Charizard, M|100\/100\n|turn|23\n|\n|t:|1700307486\n|switch|p2a: Toxapex|Toxapex, F, shiny|100\/100\n|detailschange|p1a: Charizard|Charizard-Mega-Y, M\n|-mega|p1a: Charizard|Charizard|Charizardite Y\n|-weather|SunnyDay|[from] ability: Drought|[of] p1a: Charizard\n|move|p1a: Charizard|Weather Ball|p2a: Toxapex\n|-resisted|p2a: Toxapex\n|-damage|p2a: Toxapex|68\/100\n|\n|-weather|SunnyDay|[upkeep]\n|upkeep\n|turn|24\n|\n|t:|1700307500\n|switch|p1a: Gliscor|Gliscor, M|100\/100 tox\n|move|p2a: Toxapex|Scald|p1a: Gliscor\n|-supereffective|p1a: Gliscor\n|-damage|p1a: Gliscor|85\/100 tox\n|\n|-weather|SunnyDay|[upkeep]\n|-heal|p1a: Gliscor|97\/100 tox|[from] ability: Poison Heal\n|upkeep\n|turn|25\n|\n|t:|1700307519\n|switch|p2a: Tapu Koko|Tapu Koko, shiny|81\/100\n|-fieldstart|move: Electric Terrain|[from] ability: Electric Surge|[of] p2a: Tapu Koko\n|move|p1a: Gliscor|U-turn|p2a: Tapu Koko\n|-resisted|p2a: Tapu Koko\n|-damage|p2a: Tapu Koko|72\/100\n|\n|t:|1700307528\n|switch|p1a: Torkoal|Torkoal, M|45\/100 tox|[from] U-turn\n|\n|-weather|SunnyDay|[upkeep]\n|-damage|p1a: Torkoal|39\/100 tox|[from] psn\n|upkeep\n|turn|26\n|\n|t:|1700307541\n|move|p2a: Tapu Koko|Light Screen|p2a: Tapu Koko\n|-sidestart|p2: YuleDaMacaxeira|move: Light Screen\n|move|p1a: Torkoal|Stealth Rock|p2a: Tapu Koko\n|-sidestart|p2: YuleDaMacaxeira|move: Stealth Rock\n|\n|-weather|SunnyDay|[upkeep]\n|-damage|p1a: Torkoal|27\/100 tox|[from] psn\n|upkeep\n|turn|27\n|\n|t:|1700307553\n|switch|p1a: Tornadus|Tornadus-Therian, M, shiny|100\/100\n|move|p2a: Tapu Koko|U-turn|p1a: Tornadus\n|-resisted|p1a: Tornadus\n|-damage|p1a: Tornadus|89\/100\n|\n|t:|1700307568\n|switch|p2a: Gliscor|Gliscor, F|31\/100 tox|[from] U-turn\n|-damage|p2a: Gliscor|19\/100 tox|[from] Stealth Rock\n|\n|-weather|none\n|-heal|p2a: Gliscor|31\/100 tox|[from] ability: Poison Heal\n|upkeep\n|turn|28\n|\n|t:|1700307587\n|move|p2a: Gliscor|Protect|p2a: Gliscor\n|-singleturn|p2a: Gliscor|Protect\n|move|p1a: Tornadus|Knock Off|p2a: Gliscor\n|-activate|p2a: Gliscor|move: Protect\n|\n|-heal|p2a: Gliscor|43\/100 tox|[from] ability: Poison Heal\n|upkeep\n|turn|29\n|\n|t:|1700307601\n|move|p1a: Tornadus|Knock Off|p2a: Gliscor\n|-damage|p2a: Gliscor|25\/100 tox\n|-enditem|p2a: Gliscor|Toxic Orb|[from] move: Knock Off|[of] p1a: Tornadus\n|move|p2a: Gliscor|Knock Off|p1a: Tornadus\n|-crit|p1a: Tornadus\n|-damage|p1a: Tornadus|51\/100\n|-enditem|p1a: Tornadus|Heavy-Duty Boots|[from] move: Knock Off|[of] p2a: Gliscor\n|\n|-heal|p2a: Gliscor|37\/100 tox|[from] ability: Poison Heal\n|-fieldend|move: Electric Terrain\n|upkeep\n|turn|30\n|\n|t:|1700307616\n|switch|p1a: Alomomola|Alomomola, M|100\/100\n|move|p2a: Gliscor|Protect||[still]\n|-fail|p2a: Gliscor\n|\n|-heal|p2a: Gliscor|50\/100 tox|[from] ability: Poison Heal\n|upkeep\n|turn|31\n|\n|t:|1700307629\n|-terastallize|p2a: Gliscor|Water\n|move|p2a: Gliscor|Toxic|p1a: Alomomola\n|-status|p1a: Alomomola|tox\n|move|p1a: Alomomola|Wish|p1a: Alomomola\n|\n|-heal|p2a: Gliscor|62\/100 tox|[from] ability: Poison Heal\n|-damage|p1a: Alomomola|94\/100 tox|[from] psn\n|upkeep\n|turn|32\n|\n|t:|1700307645\n|switch|p2a: Garchomp|Garchomp, F|37\/100\n|-damage|p2a: Garchomp|31\/100|[from] Stealth Rock\n|move|p1a: Alomomola|Flip Turn|p2a: Garchomp\n|-damage|p2a: Garchomp|14\/100\n|-damage|p1a: Alomomola|82\/100 tox|[from] ability: Rough Skin|[of] p2a: Garchomp\n|\n|t:|1700307658\n|switch|p1a: Torkoal|Torkoal, M|27\/100 tox|[from] Flip Turn\n|-weather|SunnyDay|[from] ability: Drought|[of] p1a: Torkoal\n|\n|-weather|SunnyDay|[upkeep]\n|-heal|p1a: Torkoal|95\/100 tox|[from] move: Wish|[wisher] Alomomola\n|-damage|p1a: Torkoal|89\/100 tox|[from] psn\n|upkeep\n|turn|33\n|inactive|xfy A black has 120 seconds left.\n|\n|t:|1700307686\n|switch|p2a: Toxapex|Toxapex, F, shiny|100\/100\n|-damage|p2a: Toxapex|88\/100|[from] Stealth Rock\n|move|p1a: Torkoal|Lava Plume|p2a: Toxapex\n|-resisted|p2a: Toxapex\n|-damage|p2a: Toxapex|81\/100\n|-status|p2a: Toxapex|brn\n|\n|-weather|SunnyDay|[upkeep]\n|-damage|p1a: Torkoal|77\/100 tox|[from] psn\n|-damage|p2a: Toxapex|75\/100 brn|[from] brn\n|-sideend|p2: YuleDaMacaxeira|move: Light Screen\n|upkeep\n|turn|34\n|inactive|xfy A black has 120 seconds left.\n|inactive|YuleDaMacaxeira has 120 seconds left.\n|\n|t:|1700307701\n|switch|p1a: Gliscor|Gliscor, M|97\/100 tox\n|move|p2a: Toxapex|Knock Off|p1a: Gliscor\n|-damage|p1a: Gliscor|93\/100 tox\n|\n|-weather|SunnyDay|[upkeep]\n|-heal|p1a: Gliscor|100\/100 tox|[from] ability: Poison Heal\n|-damage|p2a: Toxapex|68\/100 brn|[from] brn\n|upkeep\n|turn|35\n|inactive|xfy A black has 120 seconds left.\n|\n|t:|1700307713\n|move|p1a: Gliscor|U-turn|p2a: Toxapex\n|-resisted|p2a: Toxapex\n|-damage|p2a: Toxapex|62\/100 brn\n|inactive|xfy A black has 120 seconds left.\n|\n|t:|1700307719\n|switch|p1a: Alomomola|Alomomola, M|100\/100 tox|[from] U-turn\n|move|p2a: Toxapex|Recover|p2a: Toxapex\n|-heal|p2a: Toxapex|100\/100 brn\n|\n|-weather|SunnyDay|[upkeep]\n|-damage|p1a: Alomomola|94\/100 tox|[from] psn\n|-damage|p2a: Toxapex|94\/100 brn|[from] brn\n|upkeep\n|turn|36\n|inactive|xfy A black has 120 seconds left.\n|\n|t:|1700307734\n|switch|p1a: Gliscor|Gliscor, M|100\/100 tox\n|switch|p2a: Tapu Koko|Tapu Koko, shiny|72\/100\n|-damage|p2a: Tapu Koko|59\/100|[from] Stealth Rock\n|-fieldstart|move: Electric Terrain|[from] ability: Electric Surge|[of] p2a: Tapu Koko\n|\n|-weather|SunnyDay|[upkeep]\n|upkeep\n|turn|37\n|inactive|xfy A black has 120 seconds left.\n|\n|t:|1700307747\n|switch|p2a: Gliscor|Gliscor, F, tera:Water|62\/100 tox\n|-damage|p2a: Gliscor|50\/100 tox|[from] Stealth Rock\n|move|p1a: Gliscor|Earthquake|p2a: Gliscor\n|-damage|p2a: Gliscor|23\/100 tox\n|\n|-weather|SunnyDay|[upkeep]\n|-heal|p2a: Gliscor|36\/100 tox|[from] ability: Poison Heal\n|upkeep\n|turn|38\n|inactive|xfy A black has 120 seconds left.\n|\n|t:|1700307767\n|move|p2a: Gliscor|Defog|p1a: Gliscor\n|-unboost|p1a: Gliscor|evasion|1\n|-sideend|p2: YuleDaMacaxeira|Stealth Rock|[from] move: Defog|[of] p2a: Gliscor\n|-fieldend|move: Electric Terrain\n|move|p1a: Gliscor|U-turn|p2a: Gliscor\n|-damage|p2a: Gliscor|23\/100 tox\n|\n|t:|1700307776\n|switch|p1a: Charizard|Charizard-Mega-Y, M|100\/100|[from] U-turn\n|\n|-weather|SunnyDay|[upkeep]\n|-heal|p2a: Gliscor|35\/100 tox|[from] ability: Poison Heal\n|upkeep\n|turn|39\n|inactive|xfy A black has 120 seconds left.\n|\n|t:|1700307787\n|move|p2a: Gliscor|Protect|p2a: Gliscor\n|-singleturn|p2a: Gliscor|Protect\n|move|p1a: Charizard|Scorching Sands|p2a: Gliscor\n|-activate|p2a: Gliscor|move: Protect\n|\n|-weather|none\n|-heal|p2a: Gliscor|47\/100 tox|[from] ability: Poison Heal\n|upkeep\n|turn|40\n|inactive|xfy A black has 120 seconds left.\n|\n|t:|1700307800\n|switch|p1a: Torkoal|Torkoal, M|77\/100 tox\n|-weather|SunnyDay|[from] ability: Drought|[of] p1a: Torkoal\n|switch|p2a: Tapu Koko|Tapu Koko, shiny|59\/100\n|-fieldstart|move: Electric Terrain|[from] ability: Electric Surge|[of] p2a: Tapu Koko\n|\n|-weather|SunnyDay|[upkeep]\n|-damage|p1a: Torkoal|71\/100 tox|[from] psn\n|upkeep\n|turn|41\n|inactive|xfy A black has 120 seconds left.\n|\n|t:|1700307814\n|move|p2a: Tapu Koko|U-turn|p1a: Torkoal\n|-resisted|p1a: Torkoal\n|-damage|p1a: Torkoal|65\/100 tox\n|\n|t:|1700307821\n|switch|p2a: Gliscor|Gliscor, F, tera:Water|47\/100 tox|[from] U-turn\n|move|p1a: Torkoal|Stealth Rock|p2a: Gliscor\n|-sidestart|p2: YuleDaMacaxeira|move: Stealth Rock\n|\n|-weather|SunnyDay|[upkeep]\n|-heal|p2a: Gliscor|60\/100 tox|[from] ability: Poison Heal\n|-damage|p1a: Torkoal|53\/100 tox|[from] psn\n|upkeep\n|turn|42\n|\n|t:|1700307834\n|switch|p1a: Charizard|Charizard-Mega-Y, M|100\/100\n|move|p2a: Gliscor|Defog|p1a: Charizard\n|-unboost|p1a: Charizard|evasion|1\n|-sideend|p2: YuleDaMacaxeira|Stealth Rock|[from] move: Defog|[of] p2a: Gliscor\n|-fieldend|move: Electric Terrain\n|\n|-weather|SunnyDay|[upkeep]\n|-heal|p2a: Gliscor|72\/100 tox|[from] ability: Poison Heal\n|upkeep\n|turn|43\n|\n|t:|1700307850\n|move|p2a: Gliscor|Protect|p2a: Gliscor\n|-singleturn|p2a: Gliscor|Protect\n|move|p1a: Charizard|Solar Beam||[still]\n|-prepare|p1a: Charizard|Solar Beam\n|-anim|p1a: Charizard|Solar Beam|p2a: Gliscor\n|-activate|p2a: Gliscor|move: Protect\n|\n|-weather|SunnyDay|[upkeep]\n|-heal|p2a: Gliscor|85\/100 tox|[from] ability: Poison Heal\n|upkeep\n|turn|44\n|inactive|YuleDaMacaxeira has 120 seconds left.\n|\n|t:|1700307876\n|switch|p2a: Tapu Koko|Tapu Koko, shiny|59\/100\n|-fieldstart|move: Electric Terrain|[from] ability: Electric Surge|[of] p2a: Tapu Koko\n|move|p1a: Charizard|Solar Beam||[still]\n|-prepare|p1a: Charizard|Solar Beam\n|-anim|p1a: Charizard|Solar Beam|p2a: Tapu Koko\n|-crit|p2a: Tapu Koko\n|-damage|p2a: Tapu Koko|0 fnt\n|faint|p2a: Tapu Koko\n|\n|-weather|SunnyDay|[upkeep]\n|upkeep\n|inactive|YuleDaMacaxeira has 120 seconds left.\n|\n|t:|1700307883\n|switch|p2a: Garchomp|Garchomp, F|14\/100\n|turn|45\n|\n|t:|1700307893\n|switch|p1a: Alomomola|Alomomola, M|100\/100 tox\n|-zpower|p2a: Garchomp\n|move|p2a: Garchomp|Continental Crush|p1a: Alomomola|[zeffect]\n|-damage|p1a: Alomomola|66\/100 tox\n|\n|-weather|SunnyDay|[upkeep]\n|-damage|p1a: Alomomola|60\/100 tox|[from] psn\n|upkeep\n|turn|46\n|\n|t:|1700307908\n|move|p2a: Garchomp|Stealth Rock|p1a: Alomomola\n|-sidestart|p1: xfy A black|move: Stealth Rock\n|move|p1a: Alomomola|Wish|p1a: Alomomola\n|\n|-weather|SunnyDay|[upkeep]\n|-damage|p1a: Alomomola|48\/100 tox|[from] psn\n|upkeep\n|turn|47\n|\n|t:|1700307915\n|move|p2a: Garchomp|Earthquake|p1a: Alomomola\n|-damage|p1a: Alomomola|16\/100 tox\n|move|p1a: Alomomola|Flip Turn|p2a: Garchomp\n|-damage|p2a: Garchomp|6\/100\n|-damage|p1a: Alomomola|4\/100 tox|[from] ability: Rough Skin|[of] p2a: Garchomp\n|\n|t:|1700307924\n|switch|p1a: Torkoal|Torkoal, M|53\/100 tox|[from] Flip Turn\n|-damage|p1a: Torkoal|28\/100 tox|[from] Stealth Rock\n|\n|-weather|none\n|-heal|p1a: Torkoal|97\/100 tox|[from] move: Wish|[wisher] Alomomola\n|-damage|p1a: Torkoal|91\/100 tox|[from] psn\n|upkeep\n|turn|48\n|\n|t:|1700307945\n|switch|p2a: Sneasler|Sneasler, F, shiny|100\/100\n|-enditem|p2a: Sneasler|Electric Seed\n|-boost|p2a: Sneasler|def|1|[from] item: Electric Seed\n|move|p1a: Torkoal|Stealth Rock|p2a: Sneasler\n|-sidestart|p2: YuleDaMacaxeira|move: Stealth Rock\n|\n|-damage|p1a: Torkoal|78\/100 tox|[from] psn\n|-fieldend|move: Electric Terrain\n|upkeep\n|turn|49\n|\n|t:|1700307957\n|move|p2a: Sneasler|Bulk Up|p2a: Sneasler\n|-boost|p2a: Sneasler|atk|1\n|-boost|p2a: Sneasler|def|1\n|move|p1a: Torkoal|Clear Smog|p2a: Sneasler\n|-resisted|p2a: Sneasler\n|-damage|p2a: Sneasler|94\/100\n|-clearboost|p2a: Sneasler\n|\n|-damage|p1a: Torkoal|60\/100 tox|[from] psn\n|upkeep\n|turn|50\n|\n|t:|1700307972\n|move|p2a: Sneasler|Dire Claw|p1a: Torkoal\n|-damage|p1a: Torkoal|35\/100 tox\n|move|p1a: Torkoal|Rapid Spin|p2a: Sneasler\n|-damage|p2a: Sneasler|77\/100\n|-boost|p1a: Torkoal|spe|1\n|-sideend|p1: xfy A black|Stealth Rock|[from] move: Rapid Spin|[of] p1a: Torkoal\n|\n|-damage|p1a: Torkoal|10\/100 tox|[from] psn\n|upkeep\n|turn|51\n|\n|t:|1700307985\n|switch|p1a: Gliscor|Gliscor, M|100\/100 tox\n|move|p2a: Sneasler|Bulk Up|p2a: Sneasler\n|-boost|p2a: Sneasler|atk|1\n|-boost|p2a: Sneasler|def|1\n|\n|upkeep\n|turn|52\n|\n|t:|1700308012\n|switch|p2a: Gliscor|Gliscor, F, tera:Water|85\/100 tox\n|-damage|p2a: Gliscor|72\/100 tox|[from] Stealth Rock\n|move|p1a: Gliscor|Earthquake|p2a: Gliscor\n|-damage|p2a: Gliscor|46\/100 tox\n|\n|-heal|p2a: Gliscor|59\/100 tox|[from] ability: Poison Heal\n|upkeep\n|turn|53\n|\n|t:|1700308023\n|switch|p1a: Alomomola|Alomomola, M|37\/100 tox\n|move|p2a: Gliscor|Defog|p1a: Alomomola\n|-unboost|p1a: Alomomola|evasion|1\n|-sideend|p2: YuleDaMacaxeira|Stealth Rock|[from] move: Defog|[of] p2a: Gliscor\n|\n|-heal|p2a: Gliscor|71\/100 tox|[from] ability: Poison Heal\n|-damage|p1a: Alomomola|31\/100 tox|[from] psn\n|upkeep\n|turn|54\n|\n|t:|1700308035\n|switch|p2a: Garchomp|Garchomp, F|6\/100\n|move|p1a: Alomomola|Flip Turn|p2a: Garchomp\n|-damage|p2a: Garchomp|0 fnt\n|-damage|p1a: Alomomola|18\/100 tox|[from] ability: Rough Skin|[of] p2a: Garchomp\n|faint|p2a: Garchomp\n|\n|t:|1700308052\n|switch|p1a: Gliscor|Gliscor, M|100\/100 tox|[from] Flip Turn\n|\n|upkeep\n|inactive|YuleDaMacaxeira has 120 seconds left.\n|inactive|YuleDaMacaxeira has 90 seconds left.\n|inactive|YuleDaMacaxeira has 60 seconds left.\n|inactive|YuleDaMacaxeira has 30 seconds left.\n|inactive|YuleDaMacaxeira has 20 seconds left.\n|inactive|YuleDaMacaxeira has 15 seconds left.\n|inactive|YuleDaMacaxeira has 10 seconds left.\n|inactive|YuleDaMacaxeira has 5 seconds left.\n|-message|YuleDaMacaxeira lost due to inactivity.\n|\n|win|xfy A black\n|raw|xfy A black's rating: 1095 &rarr; <strong>1124<\/strong><br \/>(+29 for winning)\n|raw|YuleDaMacaxeira's rating: 1145 &rarr; <strong>1116<\/strong><br \/>(-29 for losing)\n|l|\u2606xfy A black\n|j|\u2606xfy A black\n|player|p1|xfy A black|zinzolin\n","uploadtime":1700308350,"views":10,"p1id":"xfyablack","p2id":"yuledamacaxeira","formatid":"gen9nationaldex","rating":1116,"private":0,"password":""}