{"id":"gen9nationaldex-1994792806","p1":"Treeckoguy1","p2":"nice ct","format":"[Gen 9] National Dex","log":"|html|<div class=\"broadcast-blue\"><strong>[Gen 9] National Dex is currently suspecting Sneasler! For information on how to participate check out the <a href=\"https:\/\/www.smogon.com\/forums\/threads\/sv-national-dex-suspect-8-just-dance.3731534\/\">suspect thread<\/a>.<\/strong><\/div>\n|j|\u2606Treeckoguy1\n|j|\u2606nice ct\n|t:|1700493268\n|gametype|singles\n|player|p1|Treeckoguy1|102|1350\n|player|p2|nice ct|dawn|1495\n|teamsize|p1|6\n|teamsize|p2|6\n|gen|9\n|tier|[Gen 9] National Dex\n|rated|\n|rule|HP Percentage Mod: HP is shown in percentages\n|rule|Endless Battle Clause: Forcing endless battles is banned\n|rule|OHKO Clause: OHKO moves are banned\n|rule|Evasion Clause: Evasion abilities, items, and moves are banned\n|rule|Evasion Abilities Clause: Evasion abilities are banned\n|rule|Evasion Items Clause: Evasion items are banned\n|rule|Evasion Moves Clause: Evasion moves are banned\n|rule|Species Clause: Limit one of each Pok\u00e9mon\n|rule|Sleep Clause Mod: Limit one foe put to sleep\n|clearpoke\n|poke|p1|Smeargle, M|\n|poke|p1|Tapu Bulu|\n|poke|p1|Aggron, F|\n|poke|p1|Magmortar, M|\n|poke|p1|Zamazenta-*|\n|poke|p1|Morpeko, F|\n|poke|p2|Tapu Lele|\n|poke|p2|Scizor, M|\n|poke|p2|Great Tusk|\n|poke|p2|Cresselia, F|\n|poke|p2|Alomomola, M|\n|poke|p2|Sneasler, F|\n|teampreview\n|inactive|Battle timer is ON: inactive players will automatically lose when time's up. (requested by nice ct)\n|\n|t:|1700493284\n|start\n|switch|p1a: Tapu Bulu|Tapu Bulu|100\/100\n|switch|p2a: Great Tusk|Great Tusk|100\/100\n|-fieldstart|move: Grassy Terrain|[from] ability: Grassy Surge|[of] p1a: Tapu Bulu\n|turn|1\n|\n|t:|1700493291\n|move|p2a: Great Tusk|Stealth Rock|p1a: Tapu Bulu\n|-sidestart|p1: Treeckoguy1|move: Stealth Rock\n|move|p1a: Tapu Bulu|Bullet Seed|p2a: Great Tusk\n|-supereffective|p2a: Great Tusk\n|-damage|p2a: Great Tusk|71\/100\n|-supereffective|p2a: Great Tusk\n|-damage|p2a: Great Tusk|45\/100\n|-supereffective|p2a: Great Tusk\n|-damage|p2a: Great Tusk|17\/100\n|-supereffective|p2a: Great Tusk\n|-damage|p2a: Great Tusk|0 fnt\n|faint|p2a: Great Tusk\n|-end|p2a: Great Tusk|Protosynthesis|[silent]\n|-hitcount|p2: Great Tusk|4\n|\n|upkeep\n|\n|t:|1700493296\n|switch|p2a: Scizor|Scizor, M|100\/100\n|turn|2\n|\n|t:|1700493303\n|switch|p1a: Morpeko|Morpeko, F|100\/100\n|detailschange|p2a: Scizor|Scizor-Mega, M\n|-mega|p2a: Scizor|Scizor|Scizorite\n|move|p2a: Scizor|Swords Dance|p2a: Scizor\n|-boost|p2a: Scizor|atk|2\n|\n|-formechange|p1a: Morpeko|Morpeko-Hangry||[from] ability: Hunger Switch\n|upkeep\n|turn|3\n|\n|t:|1700493308\n|move|p1a: Morpeko|Rapid Spin|p2a: Scizor\n|-resisted|p2a: Scizor\n|-damage|p2a: Scizor|96\/100\n|-boost|p1a: Morpeko|spe|1\n|-sideend|p1: Treeckoguy1|Stealth Rock|[from] move: Rapid Spin|[of] p1a: Morpeko\n|move|p2a: Scizor|U-turn|p1a: Morpeko\n|-supereffective|p1a: Morpeko\n|-damage|p1a: Morpeko|0 fnt\n|faint|p1a: Morpeko\n|\n|t:|1700493313\n|switch|p2a: Tapu Lele|Tapu Lele|100\/100|[from] U-turn\n|-fieldstart|move: Psychic Terrain|[from] ability: Psychic Surge|[of] p2a: Tapu Lele\n|\n|upkeep\n|\n|t:|1700493317\n|switch|p1a: Tapu Bulu|Tapu Bulu|100\/100\n|-fieldstart|move: Grassy Terrain|[from] ability: Grassy Surge|[of] p1a: Tapu Bulu\n|turn|4\n|\n|t:|1700493323\n|switch|p2a: Scizor|Scizor-Mega, M|96\/100\n|switch|p1a: Magmortar|Magmortar, M|100\/100\n|\n|-heal|p2a: Scizor|100\/100|[from] Grassy Terrain\n|upkeep\n|turn|5\n|\n|t:|1700493331\n|switch|p2a: Alomomola|Alomomola, M|100\/100\n|move|p1a: Magmortar|Thunderbolt|p2a: Alomomola\n|-supereffective|p2a: Alomomola\n|-damage|p2a: Alomomola|0 fnt\n|faint|p2a: Alomomola\n|\n|upkeep\n|\n|t:|1700493333\n|switch|p2a: Cresselia|Cresselia, F|100\/100\n|turn|6\n|\n|t:|1700493336\n|switch|p1a: Smeargle|Smeargle, M|100\/100\n|move|p2a: Cresselia|Calm Mind|p2a: Cresselia\n|-boost|p2a: Cresselia|spa|1\n|-boost|p2a: Cresselia|spd|1\n|\n|upkeep\n|turn|7\n|\n|t:|1700493339\n|-terastallize|p2a: Cresselia|Poison\n|move|p1a: Smeargle|Spore|p2a: Cresselia\n|-status|p2a: Cresselia|slp|[from] move: Spore\n|cant|p2a: Cresselia|slp\n|\n|upkeep\n|turn|8\n|\n|t:|1700493348\n|switch|p1a: Magmortar|Magmortar, M|100\/100\n|cant|p2a: Cresselia|slp\n|\n|-fieldend|move: Grassy Terrain\n|upkeep\n|turn|9\n|\n|t:|1700493351\n|-curestatus|p2a: Cresselia|slp|[msg]\n|move|p2a: Cresselia|Calm Mind|p2a: Cresselia\n|-boost|p2a: Cresselia|spa|1\n|-boost|p2a: Cresselia|spd|1\n|move|p1a: Magmortar|Psychic|p2a: Cresselia\n|-supereffective|p2a: Cresselia\n|-damage|p2a: Cresselia|75\/100\n|\n|-heal|p2a: Cresselia|81\/100|[from] item: Leftovers\n|upkeep\n|turn|10\n|\n|t:|1700493356\n|-terastallize|p1a: Magmortar|Psychic\n|move|p2a: Cresselia|Substitute|p2a: Cresselia\n|-start|p2a: Cresselia|Substitute\n|-damage|p2a: Cresselia|56\/100\n|move|p1a: Magmortar|Psychic|p2a: Cresselia\n|-supereffective|p2a: Cresselia\n|-end|p2a: Cresselia|Substitute\n|\n|-heal|p2a: Cresselia|63\/100|[from] item: Leftovers\n|upkeep\n|turn|11\n|\n|t:|1700493359\n|move|p2a: Cresselia|Calm Mind|p2a: Cresselia\n|-boost|p2a: Cresselia|spa|1\n|-boost|p2a: Cresselia|spd|1\n|move|p1a: Magmortar|Psychic|p2a: Cresselia\n|-supereffective|p2a: Cresselia\n|-damage|p2a: Cresselia|33\/100\n|\n|-heal|p2a: Cresselia|39\/100|[from] item: Leftovers\n|upkeep\n|turn|12\n|\n|t:|1700493360\n|move|p2a: Cresselia|Moonlight|p2a: Cresselia\n|-heal|p2a: Cresselia|89\/100\n|move|p1a: Magmortar|Psychic|p2a: Cresselia\n|-supereffective|p2a: Cresselia\n|-damage|p2a: Cresselia|59\/100\n|-unboost|p2a: Cresselia|spd|1\n|\n|-heal|p2a: Cresselia|65\/100|[from] item: Leftovers\n|upkeep\n|turn|13\n|\n|t:|1700493363\n|move|p2a: Cresselia|Calm Mind|p2a: Cresselia\n|-boost|p2a: Cresselia|spa|1\n|-boost|p2a: Cresselia|spd|1\n|move|p1a: Magmortar|Psychic|p2a: Cresselia\n|-supereffective|p2a: Cresselia\n|-damage|p2a: Cresselia|32\/100\n|\n|-heal|p2a: Cresselia|38\/100|[from] item: Leftovers\n|upkeep\n|turn|14\n|\n|t:|1700493365\n|move|p2a: Cresselia|Moonlight|p2a: Cresselia\n|-heal|p2a: Cresselia|88\/100\n|move|p1a: Magmortar|Psychic|p2a: Cresselia\n|-supereffective|p2a: Cresselia\n|-damage|p2a: Cresselia|56\/100\n|\n|-heal|p2a: Cresselia|62\/100|[from] item: Leftovers\n|upkeep\n|turn|15\n|\n|t:|1700493371\n|move|p2a: Cresselia|Calm Mind|p2a: Cresselia\n|-boost|p2a: Cresselia|spa|1\n|-boost|p2a: Cresselia|spd|1\n|move|p1a: Magmortar|Psychic|p2a: Cresselia\n|-supereffective|p2a: Cresselia\n|-damage|p2a: Cresselia|35\/100\n|-unboost|p2a: Cresselia|spd|1\n|\n|-heal|p2a: Cresselia|41\/100|[from] item: Leftovers\n|upkeep\n|turn|16\n|\n|t:|1700493374\n|move|p2a: Cresselia|Moonlight|p2a: Cresselia\n|-heal|p2a: Cresselia|91\/100\n|move|p1a: Magmortar|Psychic|p2a: Cresselia\n|-supereffective|p2a: Cresselia\n|-damage|p2a: Cresselia|62\/100\n|\n|-heal|p2a: Cresselia|68\/100|[from] item: Leftovers\n|upkeep\n|turn|17\n|\n|t:|1700493376\n|move|p2a: Cresselia|Calm Mind|p2a: Cresselia\n|-boost|p2a: Cresselia|spa|1\n|-boost|p2a: Cresselia|spd|1\n|move|p1a: Magmortar|Psychic|p2a: Cresselia\n|-supereffective|p2a: Cresselia\n|-damage|p2a: Cresselia|45\/100\n|-unboost|p2a: Cresselia|spd|1\n|\n|-heal|p2a: Cresselia|51\/100|[from] item: Leftovers\n|upkeep\n|turn|18\n|\n|t:|1700493378\n|move|p2a: Cresselia|Calm Mind|p2a: Cresselia\n|-boost|p2a: Cresselia|spa|0\n|-boost|p2a: Cresselia|spd|1\n|move|p1a: Magmortar|Psychic|p2a: Cresselia\n|-supereffective|p2a: Cresselia\n|-crit|p2a: Cresselia\n|-damage|p2a: Cresselia|0 fnt\n|faint|p2a: Cresselia\n|\n|upkeep\n|\n|t:|1700493381\n|switch|p2a: Tapu Lele|Tapu Lele|100\/100\n|-fieldstart|move: Psychic Terrain|[from] ability: Psychic Surge|[of] p2a: Tapu Lele\n|turn|19\n|\n|t:|1700493391\n|switch|p1a: Tapu Bulu|Tapu Bulu|100\/100\n|-fieldstart|move: Grassy Terrain|[from] ability: Grassy Surge|[of] p1a: Tapu Bulu\n|move|p2a: Tapu Lele|Psychic|p1a: Tapu Bulu\n|-damage|p1a: Tapu Bulu|47\/100\n|\n|-heal|p1a: Tapu Bulu|54\/100|[from] Grassy Terrain\n|upkeep\n|turn|20\n|\n|t:|1700493400\n|switch|p2a: Scizor|Scizor-Mega, M|100\/100\n|switch|p1a: Magmortar|Magmortar, M, tera:Psychic|100\/100\n|\n|upkeep\n|turn|21\n|\n|t:|1700493405\n|move|p1a: Magmortar|Fire Blast|p2a: Scizor\n|-supereffective|p2a: Scizor\n|-damage|p2a: Scizor|0 fnt\n|faint|p2a: Scizor\n|\n|upkeep\n|\n|t:|1700493408\n|switch|p2a: Tapu Lele|Tapu Lele|100\/100\n|-fieldstart|move: Psychic Terrain|[from] ability: Psychic Surge|[of] p2a: Tapu Lele\n|turn|22\n|\n|t:|1700493412\n|switch|p1a: Tapu Bulu|Tapu Bulu|54\/100\n|-fieldstart|move: Grassy Terrain|[from] ability: Grassy Surge|[of] p1a: Tapu Bulu\n|move|p2a: Tapu Lele|Psychic|p1a: Tapu Bulu\n|-damage|p1a: Tapu Bulu|0 fnt\n|faint|p1a: Tapu Bulu\n|\n|upkeep\n|\n|t:|1700493416\n|switch|p1a: Magmortar|Magmortar, M, tera:Psychic|100\/100\n|turn|23\n|\n|t:|1700493419\n|move|p2a: Tapu Lele|Psychic|p1a: Magmortar\n|-resisted|p1a: Magmortar\n|-damage|p1a: Magmortar|76\/100\n|move|p1a: Magmortar|Psychic|p2a: Tapu Lele\n|-resisted|p2a: Tapu Lele\n|-damage|p2a: Tapu Lele|60\/100\n|\n|-heal|p2a: Tapu Lele|66\/100|[from] Grassy Terrain\n|-heal|p1a: Magmortar|82\/100|[from] Grassy Terrain\n|upkeep\n|turn|24\n|\n|t:|1700493424\n|move|p2a: Tapu Lele|Psychic|p1a: Magmortar\n|-resisted|p1a: Magmortar\n|-damage|p1a: Magmortar|58\/100\n|move|p1a: Magmortar|Psychic|p2a: Tapu Lele\n|-resisted|p2a: Tapu Lele\n|-damage|p2a: Tapu Lele|29\/100\n|\n|-heal|p2a: Tapu Lele|35\/100|[from] Grassy Terrain\n|-heal|p1a: Magmortar|65\/100|[from] Grassy Terrain\n|upkeep\n|turn|25\n|\n|t:|1700493429\n|switch|p1a: Aggron|Aggron, F|100\/100\n|move|p2a: Tapu Lele|Psychic|p1a: Aggron\n|-resisted|p1a: Aggron\n|-damage|p1a: Aggron|77\/100\n|\n|-heal|p2a: Tapu Lele|41\/100|[from] Grassy Terrain\n|-heal|p1a: Aggron|83\/100|[from] Grassy Terrain\n|upkeep\n|turn|26\n|\n|t:|1700493432\n|switch|p2a: Sneasler|Sneasler, F|100\/100\n|detailschange|p1a: Aggron|Aggron-Mega, F\n|-mega|p1a: Aggron|Aggron|Aggronite\n|move|p1a: Aggron|Iron Defense|p1a: Aggron\n|-boost|p1a: Aggron|def|2\n|\n|-heal|p1a: Aggron|89\/100|[from] Grassy Terrain\n|-fieldend|move: Grassy Terrain\n|upkeep\n|turn|27\n|\n|t:|1700493437\n|switch|p2a: Tapu Lele|Tapu Lele|41\/100\n|-fieldstart|move: Psychic Terrain|[from] ability: Psychic Surge|[of] p2a: Tapu Lele\n|move|p1a: Aggron|Heavy Slam|p2a: Tapu Lele\n|-supereffective|p2a: Tapu Lele\n|-damage|p2a: Tapu Lele|0 fnt\n|faint|p2a: Tapu Lele\n|\n|upkeep\n|\n|t:|1700493440\n|switch|p2a: Sneasler|Sneasler, F|100\/100\n|-enditem|p2a: Sneasler|Psychic Seed\n|-boost|p2a: Sneasler|spd|1|[from] item: Psychic Seed\n|turn|28\n|\n|t:|1700493444\n|move|p2a: Sneasler|Swords Dance|p2a: Sneasler\n|-boost|p2a: Sneasler|atk|2\n|move|p1a: Aggron|Heavy Slam|p2a: Sneasler\n|-damage|p2a: Sneasler|11\/100\n|\n|upkeep\n|turn|29\n|\n|t:|1700493446\n|move|p2a: Sneasler|Close Combat|p1a: Aggron\n|-supereffective|p1a: Aggron\n|-damage|p1a: Aggron|41\/100\n|-unboost|p2a: Sneasler|def|1\n|-unboost|p2a: Sneasler|spd|1\n|move|p1a: Aggron|Heavy Slam|p2a: Sneasler\n|-damage|p2a: Sneasler|0 fnt\n|faint|p2a: Sneasler\n|\n|win|Treeckoguy1\n|raw|Treeckoguy1's rating: 1350 &rarr; <strong>1378<\/strong><br \/>(+28 for winning)\n|raw|nice ct's rating: 1495 &rarr; <strong>1467<\/strong><br \/>(-28 for losing)\n|l|\u2606nice ct\n","uploadtime":1700493750,"views":16,"p1id":"treeckoguy1","p2id":"nicect","formatid":"gen9nationaldex","rating":1378,"private":0,"password":""}