{"id":"gen9nationaldex-1991972654","p1":"Tomo_Limo","p2":"MorganDexter","format":"[Gen 9] National Dex","log":"|j|\u2606Tomo_Limo\n|j|\u2606MorganDexter\n|t:|1700143979\n|gametype|singles\n|player|p1|Tomo_Limo|mira|1553\n|player|p2|MorganDexter|burglar|1532\n|teamsize|p1|6\n|teamsize|p2|6\n|gen|9\n|tier|[Gen 9] National Dex\n|rated|\n|rule|HP Percentage Mod: HP is shown in percentages\n|rule|Endless Battle Clause: Forcing endless battles is banned\n|rule|OHKO Clause: OHKO moves are banned\n|rule|Evasion Clause: Evasion abilities, items, and moves are banned\n|rule|Evasion Abilities Clause: Evasion abilities are banned\n|rule|Evasion Items Clause: Evasion items are banned\n|rule|Evasion Moves Clause: Evasion moves are banned\n|rule|Species Clause: Limit one of each Pok\u00e9mon\n|rule|Sleep Clause Mod: Limit one foe put to sleep\n|clearpoke\n|poke|p1|Ampharos, F|\n|poke|p1|Klefki, M|\n|poke|p1|Starmie|\n|poke|p1|Misdreavus, M|\n|poke|p1|Volcarona, F|\n|poke|p1|Goodra-Hisui, M|\n|poke|p2|Naclstack, F|\n|poke|p2|Garganacl, M|\n|poke|p2|Chansey, F|\n|poke|p2|Clefable, M|\n|poke|p2|Gliscor, F|\n|poke|p2|Medicham, M|\n|teampreview\n|inactive|Battle timer is ON: inactive players will automatically lose when time's up. (requested by MorganDexter)\n|\n|t:|1700143992\n|start\n|switch|p1a: Goodra|Goodra-Hisui, M|100\/100\n|switch|p2a: Garganacl|Garganacl, M, shiny|100\/100\n|turn|1\n|\n|t:|1700144012\n|-terastallize|p2a: Garganacl|Ghost\n|move|p2a: Garganacl|Salt Cure|p1a: Goodra\n|-resisted|p1a: Goodra\n|-damage|p1a: Goodra|95\/100\n|move|p1a: Goodra|Dragon Tail|p2a: Garganacl\n|-damage|p2a: Garganacl|83\/100\n|drag|p2a: Clefable|Clefable, M|100\/100\n|\n|upkeep\n|turn|2\n|\n|t:|1700144025\n|move|p2a: Clefable|Cosmic Power|p2a: Clefable\n|-boost|p2a: Clefable|def|1\n|-boost|p2a: Clefable|spd|1\n|move|p1a: Goodra|Heavy Slam|p2a: Clefable\n|-supereffective|p2a: Clefable\n|-damage|p2a: Clefable|43\/100\n|-enditem|p2a: Clefable|Sitrus Berry|[eat]\n|-heal|p2a: Clefable|68\/100|[from] item: Sitrus Berry\n|\n|upkeep\n|turn|3\n|\n|t:|1700144047\n|switch|p1a: Misdreavus|Misdreavus, M|100\/100\n|move|p2a: Clefable|Cosmic Power|p2a: Clefable\n|-boost|p2a: Clefable|def|1\n|-boost|p2a: Clefable|spd|1\n|\n|upkeep\n|turn|4\n|\n|t:|1700144061\n|move|p1a: Misdreavus|Toxic|p2a: Clefable\n|-status|p2a: Clefable|tox\n|move|p2a: Clefable|Cosmic Power|p2a: Clefable\n|-boost|p2a: Clefable|def|1\n|-boost|p2a: Clefable|spd|1\n|\n|upkeep\n|turn|5\n|\n|t:|1700144070\n|move|p1a: Misdreavus|Night Shade|p2a: Clefable\n|-damage|p2a: Clefable|42\/100 tox\n|move|p2a: Clefable|Cosmic Power|p2a: Clefable\n|-boost|p2a: Clefable|def|1\n|-boost|p2a: Clefable|spd|1\n|\n|upkeep\n|turn|6\n|\n|t:|1700144083\n|move|p1a: Misdreavus|Night Shade|p2a: Clefable\n|-damage|p2a: Clefable|17\/100 tox\n|move|p2a: Clefable|Moonlight|p2a: Clefable\n|-heal|p2a: Clefable|67\/100 tox\n|\n|upkeep\n|turn|7\n|\n|t:|1700144090\n|move|p1a: Misdreavus|Night Shade|p2a: Clefable\n|-damage|p2a: Clefable|41\/100 tox\n|move|p2a: Clefable|Moonblast|p1a: Misdreavus\n|-damage|p1a: Misdreavus|82\/100\n|\n|upkeep\n|turn|8\n|\n|t:|1700144100\n|move|p1a: Misdreavus|Night Shade|p2a: Clefable\n|-damage|p2a: Clefable|16\/100 tox\n|move|p2a: Clefable|Moonblast|p1a: Misdreavus\n|-damage|p1a: Misdreavus|63\/100\n|-unboost|p1a: Misdreavus|spa|1\n|\n|upkeep\n|turn|9\n|\n|t:|1700144110\n|move|p1a: Misdreavus|Night Shade|p2a: Clefable\n|-damage|p2a: Clefable|0 fnt\n|faint|p2a: Clefable\n|\n|upkeep\n|\n|t:|1700144117\n|switch|p2a: Gliscor|Gliscor, F|100\/100\n|turn|10\n|\n|t:|1700144129\n|switch|p1a: Klefki|Klefki, M|100\/100\n|move|p2a: Gliscor|Knock Off|p1a: Klefki\n|-resisted|p1a: Klefki\n|-damage|p1a: Klefki|93\/100\n|-enditem|p1a: Klefki|Light Clay|[from] move: Knock Off|[of] p2a: Gliscor\n|\n|-status|p2a: Gliscor|tox|[from] item: Toxic Orb\n|upkeep\n|turn|11\n|\n|t:|1700144140\n|move|p1a: Klefki|Reflect|p1a: Klefki\n|-sidestart|p1: Tomo_Limo|Reflect\n|move|p2a: Gliscor|Earthquake|p1a: Klefki\n|-supereffective|p1a: Klefki\n|-damage|p1a: Klefki|65\/100\n|\n|upkeep\n|turn|12\n|\n|t:|1700144150\n|move|p2a: Gliscor|Swords Dance|p2a: Gliscor\n|-boost|p2a: Gliscor|atk|2\n|move|p1a: Klefki|Steel Beam|p2a: Gliscor\n|-damage|p2a: Gliscor|64\/100 tox\n|-damage|p1a: Klefki|15\/100|[from] steelbeam\n|\n|-heal|p2a: Gliscor|76\/100 tox|[from] ability: Poison Heal\n|upkeep\n|turn|13\n|\n|t:|1700144160\n|move|p2a: Gliscor|Earthquake|p1a: Klefki\n|-supereffective|p1a: Klefki\n|-damage|p1a: Klefki|0 fnt\n|faint|p1a: Klefki\n|\n|-heal|p2a: Gliscor|89\/100 tox|[from] ability: Poison Heal\n|upkeep\n|\n|t:|1700144168\n|switch|p1a: Starmie|Starmie|100\/100\n|turn|14\n|\n|t:|1700144173\n|move|p1a: Starmie|Surf|p2a: Gliscor\n|-supereffective|p2a: Gliscor\n|-damage|p2a: Gliscor|0 fnt\n|faint|p2a: Gliscor\n|\n|upkeep\n|\n|t:|1700144179\n|switch|p2a: Garganacl|Garganacl, M, shiny, tera:Ghost|83\/100\n|turn|15\n|\n|t:|1700144190\n|move|p1a: Starmie|Surf|p2a: Garganacl\n|-damage|p2a: Garganacl|53\/100\n|move|p2a: Garganacl|Salt Cure|p1a: Starmie\n|-crit|p1a: Starmie\n|-damage|p1a: Starmie|68\/100\n|-start|p1a: Starmie|Salt Cure\n|\n|-heal|p2a: Garganacl|59\/100|[from] item: Leftovers\n|-damage|p1a: Starmie|43\/100|[from] Salt Cure\n|-sideend|p1: Tomo_Limo|Reflect\n|upkeep\n|turn|16\n|\n|t:|1700144207\n|switch|p1a: Goodra|Goodra-Hisui, M|95\/100\n|move|p2a: Garganacl|Recover|p2a: Garganacl\n|-heal|p2a: Garganacl|100\/100\n|\n|upkeep\n|turn|17\n|\n|t:|1700144229\n|move|p1a: Goodra|Acid Armor|p1a: Goodra\n|-boost|p1a: Goodra|def|2\n|move|p2a: Garganacl|Salt Cure|p1a: Goodra\n|-resisted|p1a: Goodra\n|-damage|p1a: Goodra|92\/100\n|\n|upkeep\n|turn|18\n|inactive|MorganDexter has 120 seconds left.\n|\n|t:|1700144275\n|move|p1a: Goodra|Acid Armor|p1a: Goodra\n|-boost|p1a: Goodra|def|2\n|move|p2a: Garganacl|Salt Cure|p1a: Goodra\n|-resisted|p1a: Goodra\n|-damage|p1a: Goodra|89\/100\n|\n|upkeep\n|turn|19\n|\n|t:|1700144288\n|move|p1a: Goodra|Acid Armor|p1a: Goodra\n|-boost|p1a: Goodra|def|2\n|move|p2a: Garganacl|Iron Defense|p2a: Garganacl\n|-boost|p2a: Garganacl|def|2\n|\n|upkeep\n|turn|20\n|\n|t:|1700144295\n|move|p2a: Garganacl|Iron Defense|p2a: Garganacl\n|-boost|p2a: Garganacl|def|2\n|move|p1a: Goodra|Dragon Tail|p2a: Garganacl\n|-damage|p2a: Garganacl|94\/100\n|drag|p2a: Chansey|Chansey, F|100\/100\n|\n|upkeep\n|turn|21\n|\n|t:|1700144306\n|move|p1a: Goodra|Body Press|p2a: Chansey\n|-supereffective|p2a: Chansey\n|-damage|p2a: Chansey|9\/100\n|move|p2a: Chansey|Seismic Toss|p1a: Goodra\n|-damage|p1a: Goodra|62\/100\n|\n|upkeep\n|turn|22\n|\n|t:|1700144315\n|move|p1a: Goodra|Heavy Slam|p2a: Chansey\n|-damage|p2a: Chansey|0 fnt\n|faint|p2a: Chansey\n|\n|upkeep\n|\n|t:|1700144321\n|switch|p2a: Garganacl|Garganacl, M, shiny, tera:Ghost|94\/100\n|turn|23\n|\n|t:|1700144328\n|move|p2a: Garganacl|Iron Defense|p2a: Garganacl\n|-boost|p2a: Garganacl|def|2\n|move|p1a: Goodra|Dragon Tail|p2a: Garganacl\n|-damage|p2a: Garganacl|85\/100\n|drag|p2a: Medicham|Medicham, M, shiny|100\/100\n|\n|upkeep\n|turn|24\n|inactive|MorganDexter has 120 seconds left.\n|\n|t:|1700144339\n|detailschange|p2a: Medicham|Medicham-Mega, M, shiny\n|-mega|p2a: Medicham|Medicham|Medichamite\n|move|p2a: Medicham|Fake Out|p1a: Goodra\n|-resisted|p1a: Goodra\n|-damage|p1a: Goodra|59\/100\n|move|p1a: Goodra|Body Press|p2a: Medicham\n|-resisted|p2a: Medicham\n|-damage|p2a: Medicham|44\/100\n|\n|upkeep\n|turn|25\n|inactive|MorganDexter has 120 seconds left.\n|\n|t:|1700144350\n|switch|p1a: Misdreavus|Misdreavus, M|63\/100\n|move|p2a: Medicham|Close Combat|p1a: Misdreavus\n|-immune|p1a: Misdreavus\n|\n|upkeep\n|turn|26\n|inactive|MorganDexter has 120 seconds left.\n|\n|t:|1700144362\n|move|p2a: Medicham|Psycho Cut|p1a: Misdreavus\n|-damage|p1a: Misdreavus|2\/100\n|move|p1a: Misdreavus|Night Shade|p2a: Medicham\n|-damage|p2a: Medicham|6\/100\n|\n|upkeep\n|turn|27\n|\n|t:|1700144368\n|move|p2a: Medicham|Bullet Punch|p1a: Misdreavus\n|-damage|p1a: Misdreavus|0 fnt\n|faint|p1a: Misdreavus\n|\n|upkeep\n|\n|t:|1700144374\n|switch|p1a: Volcarona|Volcarona, F|100\/100\n|turn|28\n|\n|t:|1700144388\n|move|p2a: Medicham|Close Combat|p1a: Volcarona\n|-resisted|p1a: Volcarona\n|-damage|p1a: Volcarona|25\/100\n|-unboost|p2a: Medicham|def|1\n|-unboost|p2a: Medicham|spd|1\n|move|p1a: Volcarona|Fiery Dance|p2a: Medicham\n|-damage|p2a: Medicham|0 fnt\n|-boost|p1a: Volcarona|spa|1\n|faint|p2a: Medicham\n|\n|upkeep\n|\n|t:|1700144402\n|switch|p2a: Naclstack|Naclstack, F, shiny|100\/100\n|turn|29\n|\n|t:|1700144415\n|switch|p1a: Goodra|Goodra-Hisui, M|59\/100\n|move|p2a: Naclstack|Salt Cure|p1a: Goodra\n|-resisted|p1a: Goodra\n|-damage|p1a: Goodra|55\/100\n|\n|upkeep\n|turn|30\n|\n|t:|1700144426\n|move|p1a: Goodra|Acid Armor|p1a: Goodra\n|-boost|p1a: Goodra|def|2\n|move|p2a: Naclstack|Iron Defense|p2a: Naclstack\n|-boost|p2a: Naclstack|def|2\n|\n|upkeep\n|turn|31\n|\n|t:|1700144433\n|switch|p2a: Garganacl|Garganacl, M, shiny, tera:Ghost|85\/100\n|move|p1a: Goodra|Dragon Tail|p2a: Garganacl\n|-damage|p2a: Garganacl|68\/100\n|drag|p2a: Naclstack|Naclstack, F, shiny|100\/100\n|\n|upkeep\n|turn|32\n|\n|t:|1700144442\n|move|p1a: Goodra|Body Press|p2a: Naclstack\n|-supereffective|p2a: Naclstack\n|-damage|p2a: Naclstack|49\/100\n|move|p2a: Naclstack|Iron Defense|p2a: Naclstack\n|-boost|p2a: Naclstack|def|2\n|\n|upkeep\n|turn|33\n|\n|t:|1700144450\n|move|p2a: Naclstack|Recover|p2a: Naclstack\n|-heal|p2a: Naclstack|99\/100\n|move|p1a: Goodra|Dragon Tail|p2a: Naclstack\n|-damage|p2a: Naclstack|88\/100\n|drag|p2a: Garganacl|Garganacl, M, shiny, tera:Ghost|68\/100\n|\n|-heal|p2a: Garganacl|74\/100|[from] item: Leftovers\n|upkeep\n|turn|34\n|\n|t:|1700144461\n|move|p2a: Garganacl|Body Press|p1a: Goodra\n|-supereffective|p1a: Goodra\n|-damage|p1a: Goodra|30\/100\n|move|p1a: Goodra|Dragon Tail|p2a: Garganacl|[miss]\n|-miss|p1a: Goodra|p2a: Garganacl\n|\n|-heal|p2a: Garganacl|80\/100|[from] item: Leftovers\n|upkeep\n|turn|35\n|\n|t:|1700144491\n|move|p2a: Garganacl|Body Press|p1a: Goodra\n|-supereffective|p1a: Goodra\n|-damage|p1a: Goodra|4\/100\n|move|p1a: Goodra|Dragon Tail|p2a: Garganacl\n|-damage|p2a: Garganacl|63\/100\n|drag|p2a: Naclstack|Naclstack, F, shiny|88\/100\n|\n|upkeep\n|turn|36\n|\n|t:|1700144501\n|move|p1a: Goodra|Body Press|p2a: Naclstack\n|-supereffective|p2a: Naclstack\n|-damage|p2a: Naclstack|37\/100\n|move|p2a: Naclstack|Body Press|p1a: Goodra\n|-supereffective|p1a: Goodra\n|-damage|p1a: Goodra|0 fnt\n|faint|p1a: Goodra\n|\n|upkeep\n|\n|t:|1700144510\n|switch|p1a: Volcarona|Volcarona, F|25\/100\n|turn|37\n|\n|t:|1700144514\n|-terastallize|p1a: Volcarona|Ground\n|move|p1a: Volcarona|Hidden Power|p2a: Naclstack\n|-supereffective|p2a: Naclstack\n|-damage|p2a: Naclstack|0 fnt\n|faint|p2a: Naclstack\n|\n|upkeep\n|\n|t:|1700144521\n|switch|p2a: Garganacl|Garganacl, M, shiny, tera:Ghost|63\/100\n|turn|38\n|\n|t:|1700144525\n|move|p1a: Volcarona|Quiver Dance|p1a: Volcarona\n|-boost|p1a: Volcarona|spa|1\n|-boost|p1a: Volcarona|spd|1\n|-boost|p1a: Volcarona|spe|1\n|move|p2a: Garganacl|Recover|p2a: Garganacl\n|-heal|p2a: Garganacl|100\/100\n|\n|upkeep\n|turn|39\n|\n|t:|1700144537\n|move|p1a: Volcarona|Fiery Dance|p2a: Garganacl\n|-damage|p2a: Garganacl|47\/100\n|-boost|p1a: Volcarona|spa|1\n|move|p2a: Garganacl|Salt Cure|p1a: Volcarona\n|-resisted|p1a: Volcarona\n|-damage|p1a: Volcarona|14\/100\n|-start|p1a: Volcarona|Salt Cure\n|\n|-heal|p2a: Garganacl|53\/100|[from] item: Leftovers\n|-damage|p1a: Volcarona|1\/100|[from] Salt Cure\n|upkeep\n|turn|40\n|\n|t:|1700144550\n|move|p1a: Volcarona|Fiery Dance|p2a: Garganacl\n|-damage|p2a: Garganacl|0 fnt\n|faint|p2a: Garganacl\n|\n|win|Tomo_Limo\n|raw|Tomo_Limo's rating: 1553 &rarr; <strong>1572<\/strong><br \/>(+19 for winning)\n|raw|MorganDexter's rating: 1532 &rarr; <strong>1513<\/strong><br \/>(-19 for losing)\n|l|\u2606MorganDexter\n","uploadtime":1700144560,"views":5,"p1id":"tomolimo","p2id":"morgandexter","formatid":"gen9nationaldex","rating":1513,"private":0,"password":""}