{"id":"gen9nationaldex-2000184762","p1":"Vvbttij","p2":"Nilubro","format":"[Gen 9] National Dex","log":"|html|<div class=\"broadcast-blue\"><strong>[Gen 9] National Dex is currently suspecting Sneasler! For information on how to participate check out the <a href=\"https:\/\/www.smogon.com\/forums\/threads\/sv-national-dex-suspect-8-just-dance.3731534\/\">suspect thread<\/a>.<\/strong><\/div>\n|j|\u2606Vvbttij\n|j|\u2606Nilubro\n|t:|1701168918\n|gametype|singles\n|player|p1|Vvbttij|red|1077\n|player|p2|Nilubro|1|1000\n|teamsize|p1|6\n|teamsize|p2|6\n|gen|9\n|tier|[Gen 9] National Dex\n|rated|\n|rule|HP Percentage Mod: HP is shown in percentages\n|rule|Endless Battle Clause: Forcing endless battles is banned\n|rule|OHKO Clause: OHKO moves are banned\n|rule|Evasion Clause: Evasion abilities, items, and moves are banned\n|rule|Evasion Abilities Clause: Evasion abilities are banned\n|rule|Evasion Items Clause: Evasion items are banned\n|rule|Evasion Moves Clause: Evasion moves are banned\n|rule|Species Clause: Limit one of each Pok\u00e9mon\n|rule|Sleep Clause Mod: Limit one foe put to sleep\n|clearpoke\n|poke|p1|Charizard, M|\n|poke|p1|Blastoise, M|\n|poke|p1|Venusaur, F|\n|poke|p1|Snorlax, M|\n|poke|p1|Lapras, F|\n|poke|p1|Pikachu, M|\n|poke|p2|Kommo-o, M|\n|poke|p2|Clefable, F|\n|poke|p2|Gliscor, M|\n|poke|p2|Tornadus-Therian, M|\n|poke|p2|Aron, L1, M|\n|poke|p2|Latias, F|\n|teampreview\n|\n|t:|1701168934\n|start\n|switch|p1a: Charizard|Charizard, M|100\/100\n|switch|p2a: Aron|Aron, L1, M, shiny|100\/100\n|turn|1\n|\n|t:|1701168945\n|move|p1a: Charizard|Belly Drum|p1a: Charizard\n|-damage|p1a: Charizard|50\/100\n|-setboost|p1a: Charizard|atk|6|[from] move: Belly Drum\n|move|p2a: Aron|Endeavor|p1a: Charizard\n|-damage|p1a: Charizard|5\/100\n|-enditem|p1a: Charizard|Salac Berry|[eat]\n|-boost|p1a: Charizard|spe|1|[from] item: Salac Berry\n|\n|upkeep\n|turn|2\n|\n|t:|1701168955\n|move|p2a: Aron|Protect|p2a: Aron\n|-singleturn|p2a: Aron|Protect\n|move|p1a: Charizard|Dual Wingbeat|p2a: Aron\n|-activate|p2a: Aron|move: Protect\n|\n|upkeep\n|turn|3\n|\n|t:|1701168963\n|move|p1a: Charizard|Dual Wingbeat|p2a: Aron\n|-resisted|p2a: Aron\n|-ability|p2a: Aron|Sturdy\n|-damage|p2a: Aron|9\/100\n|-resisted|p2a: Aron\n|-damage|p2a: Aron|0 fnt\n|faint|p2a: Aron\n|-hitcount|p2: Aron|2\n|\n|upkeep\n|\n|t:|1701168998\n|switch|p2a: Clefable|Clefable, F, shiny|100\/100\n|turn|4\n|\n|t:|1701169007\n|move|p1a: Charizard|Dual Wingbeat|p2a: Clefable\n|-crit|p2a: Clefable\n|-damage|p2a: Clefable|33\/100\n|-damage|p1a: Charizard|0 fnt|[from] item: Rocky Helmet|[of] p2a: Clefable\n|faint|p1a: Charizard\n|-hitcount|p2a: Clefable|1\n|move|p2a: Clefable|Moonblast|p1: Charizard|[notarget]\n|-fail|p2a: Clefable\n|\n|upkeep\n|inactive|Battle timer is ON: inactive players will automatically lose when time's up. (requested by Nilubro)\n|\n|t:|1701169022\n|switch|p1a: Lapras|Lapras, F|100\/100\n|turn|5\n|\n|t:|1701169029\n|move|p1a: Lapras|Dragon Dance|p1a: Lapras\n|-boost|p1a: Lapras|atk|1\n|-boost|p1a: Lapras|spe|1\n|move|p2a: Clefable|Knock Off|p1a: Lapras\n|-damage|p1a: Lapras|86\/100\n|-enditem|p1a: Lapras|Mystic Water|[from] move: Knock Off|[of] p2a: Clefable\n|\n|upkeep\n|turn|6\n|\n|t:|1701169037\n|move|p1a: Lapras|Dragon Dance|p1a: Lapras\n|-boost|p1a: Lapras|atk|1\n|-boost|p1a: Lapras|spe|1\n|move|p2a: Clefable|Soft-Boiled|p2a: Clefable\n|-heal|p2a: Clefable|83\/100\n|\n|upkeep\n|turn|7\n|\n|t:|1701169046\n|move|p1a: Lapras|Waterfall|p2a: Clefable\n|-damage|p2a: Clefable|26\/100\n|-damage|p1a: Lapras|70\/100|[from] item: Rocky Helmet|[of] p2a: Clefable\n|cant|p2a: Clefable|flinch\n|\n|upkeep\n|turn|8\n|\n|t:|1701169055\n|move|p1a: Lapras|Waterfall|p2a: Clefable\n|-damage|p2a: Clefable|0 fnt\n|-damage|p1a: Lapras|53\/100|[from] item: Rocky Helmet|[of] p2a: Clefable\n|faint|p2a: Clefable\n|\n|upkeep\n|\n|t:|1701169070\n|switch|p2a: Latias|Latias, F|100\/100\n|turn|9\n|\n|t:|1701169082\n|move|p1a: Lapras|Waterfall|p2a: Latias\n|-resisted|p2a: Latias\n|-damage|p2a: Latias|68\/100\n|move|p2a: Latias|Aura Sphere|p1a: Lapras\n|-supereffective|p1a: Lapras\n|-damage|p1a: Lapras|18\/100\n|\n|upkeep\n|turn|10\n|\n|t:|1701169091\n|move|p1a: Lapras|Ice Shard|p2a: Latias\n|-supereffective|p2a: Latias\n|-damage|p2a: Latias|0 fnt\n|faint|p2a: Latias\n|\n|upkeep\n|\n|t:|1701169099\n|switch|p2a: Kommo-o|Kommo-o, M|100\/100\n|turn|11\n|\n|t:|1701169116\n|move|p1a: Lapras|Ice Shard|p2a: Kommo-o\n|-supereffective|p2a: Kommo-o\n|-crit|p2a: Kommo-o\n|-damage|p2a: Kommo-o|0 fnt\n|faint|p2a: Kommo-o\n|\n|upkeep\n|\n|t:|1701169123\n|switch|p2a: Tornadus|Tornadus-Therian, M|100\/100\n|turn|12\n|\n|t:|1701169138\n|move|p1a: Lapras|Ice Shard|p2a: Tornadus\n|-supereffective|p2a: Tornadus\n|-damage|p2a: Tornadus|8\/100\n|move|p2a: Tornadus|Hurricane|p1a: Lapras\n|-damage|p1a: Lapras|0 fnt\n|faint|p1a: Lapras\n|\n|upkeep\n|\n|t:|1701169145\n|switch|p1a: Blastoise|Blastoise, M|100\/100\n|turn|13\n|\n|t:|1701169158\n|move|p2a: Tornadus|Knock Off|p1a: Blastoise\n|-damage|p1a: Blastoise|86\/100\n|move|p1a: Blastoise|Shell Smash|p1a: Blastoise\n|-unboost|p1a: Blastoise|def|1\n|-unboost|p1a: Blastoise|spd|1\n|-boost|p1a: Blastoise|atk|2\n|-boost|p1a: Blastoise|spa|2\n|-boost|p1a: Blastoise|spe|2\n|\n|upkeep\n|turn|14\n|\n|t:|1701169168\n|move|p1a: Blastoise|Scald|p2a: Tornadus\n|-damage|p2a: Tornadus|0 fnt\n|faint|p2a: Tornadus\n|\n|upkeep\n|\n|t:|1701169173\n|switch|p2a: Gliscor|Gliscor, M|100\/100\n|turn|15\n|\n|t:|1701169197\n|-zpower|p1a: Blastoise\n|move|p1a: Blastoise|Hydro Vortex|p2a: Gliscor|[zeffect]\n|-supereffective|p2a: Gliscor\n|-damage|p2a: Gliscor|0 fnt\n|faint|p2a: Gliscor\n|\n|win|Vvbttij\n|raw|Vvbttij's rating: 1077 &rarr; <strong>1099<\/strong><br \/>(+22 for winning)\n|raw|Nilubro's rating: 1000 &rarr; <strong>1000<\/strong><br \/>(+0 for losing)\n|c|\u2606Vvbttij|Gg\n","uploadtime":1701169206,"views":1,"p1id":"vvbttij","p2id":"nilubro","formatid":"gen9nationaldex","rating":1000,"private":0,"password":""}