{"id":"gen9nationaldex-1993047883","p1":"HighSchoolHeroine","p2":"kdsigdsuobg","format":"[Gen 9] National Dex","log":"|j|\u2606HighSchoolHeroine\n|j|\u2606kdsigdsuobg\n|t:|1700258995\n|gametype|singles\n|player|p1|HighSchoolHeroine|caitlin|1128\n|player|p2|kdsigdsuobg|169|1040\n|teamsize|p1|6\n|teamsize|p2|6\n|gen|9\n|tier|[Gen 9] National Dex\n|rated|\n|rule|HP Percentage Mod: HP is shown in percentages\n|rule|Endless Battle Clause: Forcing endless battles is banned\n|rule|OHKO Clause: OHKO moves are banned\n|rule|Evasion Clause: Evasion abilities, items, and moves are banned\n|rule|Evasion Abilities Clause: Evasion abilities are banned\n|rule|Evasion Items Clause: Evasion items are banned\n|rule|Evasion Moves Clause: Evasion moves are banned\n|rule|Species Clause: Limit one of each Pok\u00e9mon\n|rule|Sleep Clause Mod: Limit one foe put to sleep\n|clearpoke\n|poke|p1|Blacephalon|\n|poke|p1|Tapu Lele|\n|poke|p1|Ribombee, F|\n|poke|p1|Great Tusk|\n|poke|p1|Beedrill, F|\n|poke|p1|Porygon-Z|\n|poke|p2|Pelipper, F|\n|poke|p2|Urshifu-*, F|\n|poke|p2|Ferrothorn, F|\n|poke|p2|Manaphy|\n|poke|p2|Toxapex, M|\n|poke|p2|Enamorus, F|\n|teampreview\n|\n|t:|1700258999\n|start\n|switch|p1a: i love ribee!!!|Ribombee, F, shiny|100\/100\n|switch|p2a: Pelipper|Pelipper, F|100\/100\n|-weather|RainDance|[from] ability: Drizzle|[of] p2a: Pelipper\n|turn|1\n|\n|t:|1700259006\n|move|p1a: i love ribee!!!|Sticky Web|p2a: Pelipper\n|-sidestart|p2: kdsigdsuobg|move: Sticky Web\n|move|p2a: Pelipper|Hurricane|p1a: i love ribee!!!\n|-supereffective|p1a: i love ribee!!!\n|-enditem|p1a: i love ribee!!!|Focus Sash\n|-damage|p1a: i love ribee!!!|1\/100\n|\n|-weather|RainDance|[upkeep]\n|upkeep\n|turn|2\n|\n|t:|1700259011\n|move|p1a: i love ribee!!!|Moonblast|p2a: Pelipper\n|-damage|p2a: Pelipper|42\/100\n|move|p2a: Pelipper|Hurricane|p1a: i love ribee!!!\n|-supereffective|p1a: i love ribee!!!\n|-damage|p1a: i love ribee!!!|0 fnt\n|faint|p1a: i love ribee!!!\n|\n|-weather|RainDance|[upkeep]\n|upkeep\n|\n|t:|1700259018\n|switch|p1a: conversion therapy|Porygon-Z|100\/100\n|turn|3\n|\n|t:|1700259020\n|-zpower|p1a: conversion therapy\n|move|p1a: conversion therapy|Z-Conversion|p1a: conversion therapy|[anim]Conversion\n|-boost|p1a: conversion therapy|atk|1|[zeffect]\n|-boost|p1a: conversion therapy|def|1|[zeffect]\n|-boost|p1a: conversion therapy|spa|1|[zeffect]\n|-boost|p1a: conversion therapy|spd|1|[zeffect]\n|-boost|p1a: conversion therapy|spe|1|[zeffect]\n|-start|p1a: conversion therapy|typechange|Electric\n|move|p2a: Pelipper|Roost|p2a: Pelipper\n|-heal|p2a: Pelipper|92\/100\n|-singleturn|p2a: Pelipper|move: Roost\n|\n|-weather|RainDance|[upkeep]\n|upkeep\n|turn|4\n|\n|t:|1700259029\n|move|p1a: conversion therapy|Thunderbolt|p2a: Pelipper\n|-supereffective|p2a: Pelipper\n|-damage|p2a: Pelipper|0 fnt\n|faint|p2a: Pelipper\n|\n|-weather|RainDance|[upkeep]\n|upkeep\n|\n|t:|1700259032\n|switch|p2a: Urshifu|Urshifu-Rapid-Strike, F|100\/100\n|-activate|p2a: Urshifu|move: Sticky Web\n|-unboost|p2a: Urshifu|spe|1\n|turn|5\n|\n|t:|1700259035\n|move|p1a: conversion therapy|Thunderbolt|p2a: Urshifu\n|-supereffective|p2a: Urshifu\n|-damage|p2a: Urshifu|0 fnt\n|faint|p2a: Urshifu\n|\n|-weather|RainDance|[upkeep]\n|upkeep\n|\n|t:|1700259038\n|switch|p2a: Enamorus|Enamorus, F|100\/100\n|turn|6\n|\n|t:|1700259041\n|move|p1a: conversion therapy|Thunderbolt|p2a: Enamorus\n|-supereffective|p2a: Enamorus\n|-damage|p2a: Enamorus|0 fnt\n|faint|p2a: Enamorus\n|\n|-weather|RainDance|[upkeep]\n|upkeep\n|-message|kdsigdsuobg forfeited.\n|\n|win|HighSchoolHeroine\n|raw|HighSchoolHeroine's rating: 1128 &rarr; <strong>1147<\/strong><br \/>(+19 for winning)\n|raw|kdsigdsuobg's rating: 1040 &rarr; <strong>1028<\/strong><br \/>(-12 for losing)\n|l|\u2606kdsigdsuobg\n|c|\u2606HighSchoolHeroine|gg\n","uploadtime":1700259057,"views":7,"p1id":"highschoolheroine","p2id":"kdsigdsuobg","formatid":"gen9nationaldex","rating":1028,"private":0,"password":""}