{"id":"gen9nationaldex-1999612466","p1":"AesirEcho","p2":"Bulka4000","format":"[Gen 9] National Dex","log":"|html|<div class=\"broadcast-blue\"><strong>[Gen 9] National Dex is currently suspecting Sneasler! For information on how to participate check out the <a href=\"https:\/\/www.smogon.com\/forums\/threads\/sv-national-dex-suspect-8-just-dance.3731534\/\">suspect thread<\/a>.<\/strong><\/div>\n|j|\u2606AesirEcho\n|j|\u2606Bulka4000\n|t:|1701101160\n|gametype|singles\n|player|p1|AesirEcho|ethan-masters|\n|player|p2|Bulka4000|265|\n|teamsize|p1|6\n|teamsize|p2|6\n|gen|9\n|tier|[Gen 9] National Dex\n|rule|HP Percentage Mod: HP is shown in percentages\n|rule|Endless Battle Clause: Forcing endless battles is banned\n|rule|OHKO Clause: OHKO moves are banned\n|rule|Evasion Clause: Evasion abilities, items, and moves are banned\n|rule|Evasion Abilities Clause: Evasion abilities are banned\n|rule|Evasion Items Clause: Evasion items are banned\n|rule|Evasion Moves Clause: Evasion moves are banned\n|rule|Species Clause: Limit one of each Pok\u00e9mon\n|rule|Sleep Clause Mod: Limit one foe put to sleep\n|clearpoke\n|poke|p1|Blissey, F|\n|poke|p1|Dondozo, F|\n|poke|p1|Garganacl, F|\n|poke|p1|Gliscor, M|\n|poke|p1|Urshifu-*, M|\n|poke|p1|Scizor, F|\n|poke|p2|Gengar, F|\n|poke|p2|Zamazenta-*|\n|poke|p2|Garchomp, F|\n|poke|p2|Ting-Lu|\n|poke|p2|Skeledirge, F|\n|poke|p2|Rotom-Wash|\n|teampreview\n|\n|t:|1701101176\n|start\n|switch|p1a: Garganacl|Garganacl, F|100\/100\n|switch|p2a: Rotom|Rotom-Wash|100\/100\n|turn|1\n|\n|t:|1701101182\n|move|p2a: Rotom|Hydro Pump|p1a: Garganacl|[miss]\n|-miss|p2a: Rotom|p1a: Garganacl\n|move|p1a: Garganacl|Salt Cure|p2a: Rotom\n|-damage|p2a: Rotom|88\/100\n|-start|p2a: Rotom|Salt Cure\n|\n|-heal|p2a: Rotom|95\/100|[from] item: Leftovers\n|-damage|p2a: Rotom|70\/100|[from] Salt Cure\n|upkeep\n|turn|2\n|\n|t:|1701101192\n|move|p2a: Rotom|Hydro Pump|p1a: Garganacl|[miss]\n|-miss|p2a: Rotom|p1a: Garganacl\n|move|p1a: Garganacl|Stealth Rock|p2a: Rotom\n|-sidestart|p2: Bulka4000|move: Stealth Rock\n|\n|-heal|p2a: Rotom|76\/100|[from] item: Leftovers\n|-damage|p2a: Rotom|51\/100|[from] Salt Cure\n|upkeep\n|turn|3\n|\n|t:|1701101206\n|move|p1a: Garganacl|Protect|p1a: Garganacl\n|-singleturn|p1a: Garganacl|Protect\n|move|p2a: Rotom|Hydro Pump|p1a: Garganacl\n|-activate|p1a: Garganacl|move: Protect\n|\n|-heal|p2a: Rotom|57\/100|[from] item: Leftovers\n|-damage|p2a: Rotom|32\/100|[from] Salt Cure\n|upkeep\n|turn|4\n|\n|t:|1701101214\n|move|p2a: Rotom|Hydro Pump|p1a: Garganacl\n|-supereffective|p1a: Garganacl\n|-damage|p1a: Garganacl|50\/100\n|move|p1a: Garganacl|Recover|p1a: Garganacl\n|-heal|p1a: Garganacl|99\/100\n|\n|-heal|p2a: Rotom|38\/100|[from] item: Leftovers\n|-heal|p1a: Garganacl|100\/100|[from] item: Leftovers\n|-damage|p2a: Rotom|13\/100|[from] Salt Cure\n|upkeep\n|turn|5\n|\n|t:|1701101224\n|move|p1a: Garganacl|Protect|p1a: Garganacl\n|-singleturn|p1a: Garganacl|Protect\n|move|p2a: Rotom|Hydro Pump|p1a: Garganacl\n|-activate|p1a: Garganacl|move: Protect\n|\n|-heal|p2a: Rotom|20\/100|[from] item: Leftovers\n|-damage|p2a: Rotom|0 fnt|[from] Salt Cure\n|faint|p2a: Rotom\n|upkeep\n|\n|t:|1701101237\n|switch|p2a: Zamazenta|Zamazenta|100\/100\n|-damage|p2a: Zamazenta|94\/100|[from] Stealth Rock\n|-ability|p2a: Zamazenta|Dauntless Shield|boost\n|-boost|p2a: Zamazenta|def|1\n|turn|6\n|\n|t:|1701101250\n|switch|p1a: Dondozo|Dondozo, F|100\/100\n|move|p2a: Zamazenta|Ice Fang|p1a: Dondozo\n|-resisted|p1a: Dondozo\n|-damage|p1a: Dondozo|96\/100\n|\n|-heal|p1a: Dondozo|100\/100|[from] item: Leftovers\n|upkeep\n|turn|7\n|\n|t:|1701101258\n|move|p2a: Zamazenta|Wild Charge|p1a: Dondozo\n|-supereffective|p1a: Dondozo\n|-damage|p1a: Dondozo|75\/100\n|-damage|p2a: Zamazenta|84\/100|[from] Recoil\n|move|p1a: Dondozo|Liquidation|p2a: Zamazenta\n|-damage|p2a: Zamazenta|57\/100\n|-unboost|p2a: Zamazenta|def|1\n|\n|-heal|p1a: Dondozo|81\/100|[from] item: Leftovers\n|upkeep\n|turn|8\n|\n|t:|1701101267\n|move|p2a: Zamazenta|Wild Charge|p1a: Dondozo\n|-supereffective|p1a: Dondozo\n|-damage|p1a: Dondozo|53\/100\n|-damage|p2a: Zamazenta|46\/100|[from] Recoil\n|move|p1a: Dondozo|Liquidation|p2a: Zamazenta\n|-damage|p2a: Zamazenta|19\/100\n|-enditem|p2a: Zamazenta|Aguav Berry|[eat]\n|-heal|p2a: Zamazenta|52\/100|[from] item: Aguav Berry\n|\n|-heal|p1a: Dondozo|59\/100|[from] item: Leftovers\n|upkeep\n|turn|9\n|\n|t:|1701101279\n|move|p2a: Zamazenta|Wild Charge|p1a: Dondozo\n|-supereffective|p1a: Dondozo\n|-damage|p1a: Dondozo|34\/100\n|-damage|p2a: Zamazenta|42\/100|[from] Recoil\n|move|p1a: Dondozo|Rest|p1a: Dondozo\n|-status|p1a: Dondozo|slp|[from] move: Rest\n|-heal|p1a: Dondozo|100\/100 slp|[silent]\n|\n|upkeep\n|turn|10\n|\n|t:|1701101290\n|move|p2a: Zamazenta|Wild Charge|p1a: Dondozo\n|-supereffective|p1a: Dondozo\n|-damage|p1a: Dondozo|74\/100 slp\n|-damage|p2a: Zamazenta|32\/100|[from] Recoil\n|cant|p1a: Dondozo|slp\n|move|p1a: Dondozo|Sleep Talk|p1a: Dondozo\n|move|p1a: Dondozo|Liquidation|p2a: Zamazenta|[from]move: Sleep Talk\n|-damage|p2a: Zamazenta|2\/100\n|\n|-heal|p1a: Dondozo|80\/100 slp|[from] item: Leftovers\n|upkeep\n|turn|11\n|\n|t:|1701101301\n|move|p2a: Zamazenta|Wild Charge|p1a: Dondozo\n|-supereffective|p1a: Dondozo\n|-damage|p1a: Dondozo|54\/100 slp\n|-damage|p2a: Zamazenta|0 fnt|[from] Recoil\n|faint|p2a: Zamazenta\n|cant|p1a: Dondozo|slp\n|move|p1a: Dondozo|Sleep Talk|p1a: Dondozo\n|move|p1a: Dondozo|Liquidation|p2: Zamazenta|[from]move: Sleep Talk|[notarget]\n|-fail|p1a: Dondozo\n|\n|-heal|p1a: Dondozo|60\/100 slp|[from] item: Leftovers\n|upkeep\n|\n|t:|1701101321\n|switch|p2a: Ting-Lu|Ting-Lu|100\/100\n|-damage|p2a: Ting-Lu|94\/100|[from] Stealth Rock\n|-ability|p2a: Ting-Lu|Vessel of Ruin\n|turn|12\n|\n|t:|1701101327\n|move|p2a: Ting-Lu|Ruination|p1a: Dondozo\n|-damage|p1a: Dondozo|30\/100 slp\n|-curestatus|p1a: Dondozo|slp|[msg]\n|move|p1a: Dondozo|Body Press|p2a: Ting-Lu\n|-supereffective|p2a: Ting-Lu\n|-damage|p2a: Ting-Lu|65\/100\n|\n|-heal|p2a: Ting-Lu|71\/100|[from] item: Leftovers\n|-heal|p1a: Dondozo|36\/100|[from] item: Leftovers\n|upkeep\n|turn|13\n|\n|t:|1701101337\n|switch|p1a: Gliscor|Gliscor, M|100\/100\n|move|p2a: Ting-Lu|Earthquake|p1a: Gliscor\n|-immune|p1a: Gliscor\n|\n|-heal|p2a: Ting-Lu|78\/100|[from] item: Leftovers\n|-status|p1a: Gliscor|tox|[from] item: Toxic Orb\n|upkeep\n|turn|14\n|\n|t:|1701101345\n|move|p1a: Gliscor|Toxic|p2a: Ting-Lu\n|-status|p2a: Ting-Lu|tox\n|move|p2a: Ting-Lu|Ruination|p1a: Gliscor\n|-damage|p1a: Gliscor|50\/100 tox\n|\n|-heal|p2a: Ting-Lu|84\/100 tox|[from] item: Leftovers\n|-heal|p1a: Gliscor|63\/100 tox|[from] ability: Poison Heal\n|-damage|p2a: Ting-Lu|78\/100 tox|[from] psn\n|upkeep\n|turn|15\n|\n|t:|1701101355\n|move|p1a: Gliscor|Earthquake|p2a: Ting-Lu\n|-damage|p2a: Ting-Lu|58\/100 tox\n|move|p2a: Ting-Lu|Ruination|p1a: Gliscor\n|-damage|p1a: Gliscor|32\/100 tox\n|\n|-heal|p2a: Ting-Lu|65\/100 tox|[from] item: Leftovers\n|-heal|p1a: Gliscor|44\/100 tox|[from] ability: Poison Heal\n|-damage|p2a: Ting-Lu|52\/100 tox|[from] psn\n|upkeep\n|turn|16\n|\n|t:|1701101367\n|move|p1a: Gliscor|U-turn|p2a: Ting-Lu\n|-supereffective|p2a: Ting-Lu\n|-damage|p2a: Ting-Lu|34\/100 tox\n|\n|t:|1701101370\n|switch|p1a: Urshifu|Urshifu-Rapid-Strike, M|100\/100|[from] U-turn\n|move|p2a: Ting-Lu|Whirlwind|p1a: Urshifu\n|drag|p1a: Dondozo|Dondozo, F|36\/100\n|\n|-heal|p2a: Ting-Lu|40\/100 tox|[from] item: Leftovers\n|-heal|p1a: Dondozo|43\/100|[from] item: Leftovers\n|-damage|p2a: Ting-Lu|21\/100 tox|[from] psn\n|upkeep\n|turn|17\n|\n|t:|1701101381\n|move|p2a: Ting-Lu|Stealth Rock|p1a: Dondozo\n|-sidestart|p1: AesirEcho|move: Stealth Rock\n|move|p1a: Dondozo|Rest|p1a: Dondozo\n|-status|p1a: Dondozo|slp|[from] move: Rest\n|-heal|p1a: Dondozo|100\/100 slp|[silent]\n|\n|-heal|p2a: Ting-Lu|28\/100 tox|[from] item: Leftovers\n|-damage|p2a: Ting-Lu|3\/100 tox|[from] psn\n|upkeep\n|turn|18\n|\n|t:|1701101406\n|move|p2a: Ting-Lu|Ruination|p1a: Dondozo\n|-damage|p1a: Dondozo|50\/100 slp\n|cant|p1a: Dondozo|slp\n|move|p1a: Dondozo|Sleep Talk|p1a: Dondozo\n|move|p1a: Dondozo|Rest||[from]move: Sleep Talk|[still]\n|-fail|p1a: Dondozo\n|\n|-heal|p2a: Ting-Lu|9\/100 tox|[from] item: Leftovers\n|-heal|p1a: Dondozo|57\/100 slp|[from] item: Leftovers\n|-damage|p2a: Ting-Lu|0 fnt|[from] psn\n|faint|p2a: Ting-Lu\n|upkeep\n|\n|t:|1701101419\n|switch|p2a: Garchomp|Garchomp, F|100\/100\n|-damage|p2a: Garchomp|94\/100|[from] Stealth Rock\n|turn|19\n|\n|t:|1701101427\n|-terastallize|p2a: Garchomp|Water\n|move|p2a: Garchomp|Swords Dance|p2a: Garchomp\n|-boost|p2a: Garchomp|atk|2\n|cant|p1a: Dondozo|slp\n|move|p1a: Dondozo|Sleep Talk|p1a: Dondozo\n|move|p1a: Dondozo|Body Press|p2a: Garchomp|[from]move: Sleep Talk\n|-damage|p2a: Garchomp|68\/100\n|-damage|p1a: Dondozo|44\/100 slp|[from] ability: Rough Skin|[of] p2a: Garchomp\n|-damage|p1a: Dondozo|27\/100 slp|[from] item: Rocky Helmet|[of] p2a: Garchomp\n|\n|-heal|p1a: Dondozo|34\/100 slp|[from] item: Leftovers\n|upkeep\n|turn|20\n|\n|t:|1701101439\n|move|p2a: Garchomp|Dragon Claw|p1a: Dondozo\n|-damage|p1a: Dondozo|15\/100 slp\n|-curestatus|p1a: Dondozo|slp|[msg]\n|move|p1a: Dondozo|Rest|p1a: Dondozo\n|-status|p1a: Dondozo|slp|[from] move: Rest\n|-heal|p1a: Dondozo|100\/100 slp|[silent]\n|\n|upkeep\n|turn|21\n|\n|t:|1701101452\n|switch|p2a: Gengar|Gengar, F|100\/100\n|-damage|p2a: Gengar|88\/100|[from] Stealth Rock\n|cant|p1a: Dondozo|slp\n|move|p1a: Dondozo|Sleep Talk|p1a: Dondozo\n|move|p1a: Dondozo|Body Press|p2a: Gengar|[from]move: Sleep Talk\n|-immune|p2a: Gengar\n|\n|upkeep\n|turn|22\n|\n|t:|1701101467\n|switch|p1a: Scizor|Scizor, F|100\/100\n|-damage|p1a: Scizor|88\/100|[from] Stealth Rock\n|move|p2a: Gengar|Trick||[still]\n|-fail|p2a: Gengar\n|\n|upkeep\n|turn|23\n|\n|t:|1701101477\n|switch|p2a: Skeledirge|Skeledirge, F|100\/100\n|detailschange|p1a: Scizor|Scizor-Mega, F\n|-mega|p1a: Scizor|Scizor|Scizorite\n|move|p1a: Scizor|U-turn|p2a: Skeledirge\n|-resisted|p2a: Skeledirge\n|-damage|p2a: Skeledirge|96\/100\n|\n|t:|1701101480\n|switch|p1a: Blissey|Blissey, F|100\/100|[from] U-turn\n|\n|upkeep\n|turn|24\n|\n|t:|1701101492\n|move|p2a: Skeledirge|Will-O-Wisp|p1a: Blissey\n|-status|p1a: Blissey|brn\n|move|p1a: Blissey|Toxic|p2a: Skeledirge\n|-status|p2a: Skeledirge|tox\n|\n|-damage|p2a: Skeledirge|90\/100 tox|[from] psn\n|-damage|p1a: Blissey|94\/100 brn|[from] brn\n|upkeep\n|turn|25\n|\n|t:|1701101507\n|move|p2a: Skeledirge|Torch Song|p1a: Blissey\n|-damage|p1a: Blissey|83\/100 brn\n|-boost|p2a: Skeledirge|spa|1\n|move|p1a: Blissey|Teleport|p1a: Blissey\n|\n|t:|1701101514\n|-curestatus|p1a: Blissey|brn|[from] ability: Natural Cure\n|switch|p1a: Garganacl|Garganacl, F|100\/100|[from] Teleport\n|-damage|p1a: Garganacl|88\/100|[from] Stealth Rock\n|\n|-heal|p1a: Garganacl|94\/100|[from] item: Leftovers\n|-damage|p2a: Skeledirge|77\/100 tox|[from] psn\n|upkeep\n|turn|26\n|\n|t:|1701101525\n|move|p2a: Skeledirge|Hex|p1a: Garganacl\n|-damage|p1a: Garganacl|82\/100\n|move|p1a: Garganacl|Salt Cure|p2a: Skeledirge\n|-supereffective|p2a: Skeledirge\n|-damage|p2a: Skeledirge|61\/100 tox\n|-start|p2a: Skeledirge|Salt Cure\n|\n|-heal|p1a: Garganacl|88\/100|[from] item: Leftovers\n|-damage|p2a: Skeledirge|43\/100 tox|[from] psn\n|-damage|p2a: Skeledirge|30\/100 tox|[from] Salt Cure\n|upkeep\n|turn|27\n|\n|t:|1701101538\n|move|p1a: Garganacl|Protect|p1a: Garganacl\n|-singleturn|p1a: Garganacl|Protect\n|move|p2a: Skeledirge|Slack Off|p2a: Skeledirge\n|-heal|p2a: Skeledirge|80\/100 tox\n|\n|-heal|p1a: Garganacl|94\/100|[from] item: Leftovers\n|-damage|p2a: Skeledirge|56\/100 tox|[from] psn\n|-damage|p2a: Skeledirge|44\/100 tox|[from] Salt Cure\n|upkeep\n|turn|28\n|\n|t:|1701101559\n|move|p2a: Skeledirge|Slack Off|p2a: Skeledirge\n|-heal|p2a: Skeledirge|94\/100 tox\n|move|p1a: Garganacl|Salt Cure|p2a: Skeledirge\n|-supereffective|p2a: Skeledirge\n|-crit|p2a: Skeledirge\n|-damage|p2a: Skeledirge|67\/100 tox\n|\n|-heal|p1a: Garganacl|99\/100|[from] item: Leftovers\n|-damage|p2a: Skeledirge|37\/100 tox|[from] psn\n|-damage|p2a: Skeledirge|24\/100 tox|[from] Salt Cure\n|upkeep\n|turn|29\n|\n|t:|1701101574\n|move|p2a: Skeledirge|Will-O-Wisp|p1a: Garganacl\n|-immune|p1a: Garganacl|[from] ability: Purifying Salt\n|move|p1a: Garganacl|Salt Cure|p2a: Skeledirge\n|-supereffective|p2a: Skeledirge\n|-crit|p2a: Skeledirge\n|-damage|p2a: Skeledirge|0 fnt\n|faint|p2a: Skeledirge\n|\n|-heal|p1a: Garganacl|100\/100|[from] item: Leftovers\n|upkeep\n|\n|t:|1701101599\n|switch|p2a: Garchomp|Garchomp, F, tera:Water|68\/100\n|-damage|p2a: Garchomp|56\/100|[from] Stealth Rock\n|turn|30\n|\n|t:|1701101627\n|move|p2a: Garchomp|Swords Dance|p2a: Garchomp\n|-boost|p2a: Garchomp|atk|2\n|move|p1a: Garganacl|Salt Cure|p2a: Garchomp\n|-damage|p2a: Garchomp|43\/100\n|-start|p2a: Garchomp|Salt Cure\n|\n|-damage|p2a: Garchomp|18\/100|[from] Salt Cure\n|upkeep\n|turn|31\n|\n|t:|1701101635\n|move|p1a: Garganacl|Protect|p1a: Garganacl\n|-singleturn|p1a: Garganacl|Protect\n|move|p2a: Garchomp|Dragon Claw|p1a: Garganacl\n|-activate|p1a: Garganacl|move: Protect\n|\n|-damage|p2a: Garchomp|0 fnt|[from] Salt Cure\n|faint|p2a: Garchomp\n|upkeep\n|-message|Bulka4000 forfeited.\n|\n|win|AesirEcho\n|l|\u2606Bulka4000\n","uploadtime":1701101658,"views":1,"p1id":"aesirecho","p2id":"bulka4000","formatid":"gen9nationaldex","rating":0,"private":0,"password":""}