{"id":"gen9nationaldex-1997788439","p1":"L ghul","p2":"K. Repola","format":"[Gen 9] National Dex","log":"|html|<div class=\"broadcast-blue\"><strong>[Gen 9] National Dex is currently suspecting Sneasler! For information on how to participate check out the <a href=\"https:\/\/www.smogon.com\/forums\/threads\/sv-national-dex-suspect-8-just-dance.3731534\/\">suspect thread<\/a>.<\/strong><\/div>\n|j|\u2606L ghul\n|j|\u2606K. Repola\n|t:|1700852772\n|gametype|singles\n|player|p1|L ghul|101|1362\n|player|p2|K. Repola|gentleman|1393\n|teamsize|p1|6\n|teamsize|p2|6\n|gen|9\n|tier|[Gen 9] National Dex\n|rated|\n|rule|HP Percentage Mod: HP is shown in percentages\n|rule|Endless Battle Clause: Forcing endless battles is banned\n|rule|OHKO Clause: OHKO moves are banned\n|rule|Evasion Clause: Evasion abilities, items, and moves are banned\n|rule|Evasion Abilities Clause: Evasion abilities are banned\n|rule|Evasion Items Clause: Evasion items are banned\n|rule|Evasion Moves Clause: Evasion moves are banned\n|rule|Species Clause: Limit one of each Pok\u00e9mon\n|rule|Sleep Clause Mod: Limit one foe put to sleep\n|clearpoke\n|poke|p1|Rillaboom, M|\n|poke|p1|Tapu Koko|\n|poke|p1|Iron Moth|\n|poke|p1|Iron Treads|\n|poke|p1|Greninja-*, M|\n|poke|p1|Lopunny, M|\n|poke|p2|Koffing, F|\n|poke|p2|Ninjask, M|\n|poke|p2|Glimmora, F|\n|poke|p2|Toxapex, M|\n|poke|p2|Gliscor, M|\n|poke|p2|Blissey, F|\n|teampreview\n|c|\u2606K. Repola|greetings\n|\n|t:|1700852789\n|start\n|switch|p1a: Greninja|Greninja, M|100\/100\n|switch|p2a: Kimalle|Glimmora, F|100\/100\n|turn|1\n|\n|t:|1700852801\n|switch|p2a: T\u00e4ht\u00f6|Toxapex, M|100\/100\n|move|p1a: Greninja|Spikes|p2a: T\u00e4ht\u00f6\n|-start|p1a: Greninja|typechange|Ground|[from] ability: Protean\n|-sidestart|p2: K. Repola|Spikes\n|\n|upkeep\n|turn|2\n|\n|t:|1700852823\n|move|p1a: Greninja|U-turn|p2a: T\u00e4ht\u00f6\n|-resisted|p2a: T\u00e4ht\u00f6\n|-damage|p2a: T\u00e4ht\u00f6|94\/100\n|-damage|p1a: Greninja|84\/100|[from] item: Rocky Helmet|[of] p2a: T\u00e4ht\u00f6\n|-damage|p1a: Greninja|74\/100|[from] item: Life Orb\n|\n|t:|1700852835\n|switch|p1a: Rillaboom|Rillaboom, M|100\/100|[from] U-turn\n|-fieldstart|move: Grassy Terrain|[from] ability: Grassy Surge|[of] p1a: Rillaboom\n|move|p2a: T\u00e4ht\u00f6|Ice Spinner|p1a: Rillaboom\n|-supereffective|p1a: Rillaboom\n|-damage|p1a: Rillaboom|71\/100\n|-fieldend|move: Grassy Terrain\n|\n|upkeep\n|turn|3\n|\n|t:|1700852848\n|move|p1a: Rillaboom|Knock Off|p2a: T\u00e4ht\u00f6\n|-damage|p2a: T\u00e4ht\u00f6|64\/100\n|-damage|p1a: Rillaboom|54\/100|[from] item: Rocky Helmet|[of] p2a: T\u00e4ht\u00f6\n|-enditem|p2a: T\u00e4ht\u00f6|Rocky Helmet|[from] move: Knock Off|[of] p1a: Rillaboom\n|move|p2a: T\u00e4ht\u00f6|Poison Jab|p1a: Rillaboom\n|-supereffective|p1a: Rillaboom\n|-damage|p1a: Rillaboom|6\/100\n|\n|upkeep\n|turn|4\n|\n|t:|1700852858\n|switch|p1a: Tapu Koko|Tapu Koko|100\/100\n|-fieldstart|move: Electric Terrain|[from] ability: Electric Surge|[of] p1a: Tapu Koko\n|move|p2a: T\u00e4ht\u00f6|Ice Spinner|p1a: Tapu Koko\n|-crit|p1a: Tapu Koko\n|-damage|p1a: Tapu Koko|68\/100\n|-fieldend|move: Electric Terrain\n|\n|upkeep\n|turn|5\n|\n|t:|1700852874\n|switch|p2a: Emmi|Blissey, F|100\/100\n|-damage|p2a: Emmi|88\/100|[from] Spikes\n|move|p1a: Tapu Koko|Hidden Power|p2a: Emmi\n|-damage|p2a: Emmi|79\/100\n|\n|-heal|p2a: Emmi|85\/100|[from] item: Leftovers\n|upkeep\n|turn|6\n|\n|t:|1700852890\n|switch|p1a: Lopunny|Lopunny, M|100\/100\n|move|p2a: Emmi|Teleport|p2a: Emmi\n|\n|t:|1700852893\n|switch|p2a: J\u00f6rri|Ninjask, M|100\/100|[from] Teleport\n|\n|upkeep\n|turn|7\n|\n|t:|1700852898\n|detailschange|p1a: Lopunny|Lopunny-Mega, M\n|-mega|p1a: Lopunny|Lopunny|Lopunnite\n|move|p2a: J\u00f6rri|Protect|p2a: J\u00f6rri\n|-singleturn|p2a: J\u00f6rri|Protect\n|move|p1a: Lopunny|Fake Out|p2a: J\u00f6rri\n|-activate|p2a: J\u00f6rri|move: Protect\n|\n|-ability|p2a: J\u00f6rri|Speed Boost|boost\n|-boost|p2a: J\u00f6rri|spe|1\n|upkeep\n|turn|8\n|\n|t:|1700852919\n|move|p2a: J\u00f6rri|U-turn|p1a: Lopunny\n|-resisted|p1a: Lopunny\n|-damage|p1a: Lopunny|81\/100\n|\n|t:|1700852928\n|switch|p2a: T\u00e4ht\u00f6|Toxapex, M|97\/100|[from] U-turn\n|-damage|p2a: T\u00e4ht\u00f6|85\/100|[from] Spikes\n|move|p1a: Lopunny|Frustration|p2a: T\u00e4ht\u00f6\n|-damage|p2a: T\u00e4ht\u00f6|51\/100\n|\n|upkeep\n|turn|9\n|\n|t:|1700852939\n|move|p1a: Lopunny|Frustration|p2a: T\u00e4ht\u00f6\n|-damage|p2a: T\u00e4ht\u00f6|16\/100\n|move|p2a: T\u00e4ht\u00f6|Poison Jab|p1a: Lopunny\n|-damage|p1a: Lopunny|52\/100\n|-status|p1a: Lopunny|psn\n|\n|-damage|p1a: Lopunny|40\/100 psn|[from] psn\n|upkeep\n|turn|10\n|\n|t:|1700852954\n|switch|p2a: Slepe|Gliscor, M|100\/100\n|move|p1a: Lopunny|U-turn|p2a: Slepe\n|-resisted|p2a: Slepe\n|-damage|p2a: Slepe|92\/100\n|\n|t:|1700852963\n|switch|p1a: Greninja|Greninja, M|74\/100|[from] U-turn\n|\n|-status|p2a: Slepe|tox|[from] item: Toxic Orb\n|upkeep\n|turn|11\n|\n|t:|1700852977\n|switch|p2a: Emmi|Blissey, F|85\/100\n|-damage|p2a: Emmi|73\/100|[from] Spikes\n|move|p1a: Greninja|Ice Beam|p2a: Emmi\n|-start|p1a: Greninja|typechange|Ice|[from] ability: Protean\n|-damage|p2a: Emmi|55\/100\n|-damage|p1a: Greninja|64\/100|[from] item: Life Orb\n|\n|-heal|p2a: Emmi|61\/100|[from] item: Leftovers\n|upkeep\n|turn|12\n|\n|t:|1700852987\n|move|p1a: Greninja|U-turn|p2a: Emmi\n|-damage|p2a: Emmi|47\/100\n|-damage|p1a: Greninja|55\/100|[from] item: Life Orb\n|\n|t:|1700852994\n|switch|p1a: Iron Treads|Iron Treads|100\/100|[from] U-turn\n|-enditem|p1a: Iron Treads|Booster Energy\n|-activate|p1a: Iron Treads|ability: Quark Drive|[fromitem]\n|-start|p1a: Iron Treads|quarkdrivespe\n|move|p2a: Emmi|Teleport|p2a: Emmi\n|\n|t:|1700853003\n|switch|p2a: Slepe|Gliscor, M|92\/100 tox|[from] Teleport\n|\n|-heal|p2a: Slepe|100\/100 tox|[from] ability: Poison Heal\n|upkeep\n|turn|13\n|\n|t:|1700853011\n|move|p1a: Iron Treads|Stealth Rock|p2a: Slepe\n|-sidestart|p2: K. Repola|move: Stealth Rock\n|move|p2a: Slepe|Earthquake|p1a: Iron Treads\n|-supereffective|p1a: Iron Treads\n|-damage|p1a: Iron Treads|41\/100\n|\n|upkeep\n|turn|14\n|\n|t:|1700853020\n|-terastallize|p1a: Iron Treads|Ghost\n|move|p1a: Iron Treads|Stone Edge|p2a: Slepe\n|-damage|p2a: Slepe|80\/100 tox\n|move|p2a: Slepe|Defog|p1a: Iron Treads\n|-unboost|p1a: Iron Treads|evasion|1\n|-sideend|p2: K. Repola|Spikes|[from] move: Defog|[of] p2a: Slepe\n|-sideend|p2: K. Repola|Stealth Rock|[from] move: Defog|[of] p2a: Slepe\n|\n|-heal|p2a: Slepe|93\/100 tox|[from] ability: Poison Heal\n|upkeep\n|turn|15\n|\n|t:|1700853031\n|move|p1a: Iron Treads|Stealth Rock|p2a: Slepe\n|-sidestart|p2: K. Repola|move: Stealth Rock\n|move|p2a: Slepe|Earthquake|p1a: Iron Treads\n|-damage|p1a: Iron Treads|8\/100\n|\n|-heal|p2a: Slepe|100\/100 tox|[from] ability: Poison Heal\n|upkeep\n|turn|16\n|\n|t:|1700853039\n|move|p1a: Iron Treads|Stone Edge|p2a: Slepe\n|-damage|p2a: Slepe|82\/100 tox\n|move|p2a: Slepe|Defog|p1a: Iron Treads\n|-unboost|p1a: Iron Treads|evasion|1\n|-sideend|p2: K. Repola|Stealth Rock|[from] move: Defog|[of] p2a: Slepe\n|\n|-heal|p2a: Slepe|94\/100 tox|[from] ability: Poison Heal\n|upkeep\n|turn|17\n|\n|t:|1700853048\n|move|p1a: Iron Treads|Stealth Rock|p2a: Slepe\n|-sidestart|p2: K. Repola|move: Stealth Rock\n|move|p2a: Slepe|Swords Dance|p2a: Slepe\n|-boost|p2a: Slepe|atk|2\n|\n|-heal|p2a: Slepe|100\/100 tox|[from] ability: Poison Heal\n|upkeep\n|turn|18\n|\n|t:|1700853056\n|move|p1a: Iron Treads|Stone Edge|p2a: Slepe|[miss]\n|-miss|p1a: Iron Treads|p2a: Slepe\n|move|p2a: Slepe|Defog|p1a: Iron Treads\n|-unboost|p1a: Iron Treads|evasion|1\n|-sideend|p2: K. Repola|Stealth Rock|[from] move: Defog|[of] p2a: Slepe\n|\n|upkeep\n|turn|19\n|\n|t:|1700853065\n|move|p1a: Iron Treads|Stealth Rock|p2a: Slepe\n|-sidestart|p2: K. Repola|move: Stealth Rock\n|move|p2a: Slepe|Dual Wingbeat|p1a: Iron Treads\n|-damage|p1a: Iron Treads|0 fnt\n|faint|p1a: Iron Treads\n|-end|p1a: Iron Treads|Quark Drive|[silent]\n|-hitcount|p1: Iron Treads|1\n|\n|upkeep\n|\n|t:|1700853074\n|switch|p1a: Greninja|Greninja, M|55\/100\n|turn|20\n|\n|t:|1700853081\n|switch|p2a: T\u00e4ht\u00f6|Toxapex, M|49\/100\n|-damage|p2a: T\u00e4ht\u00f6|37\/100|[from] Stealth Rock\n|move|p1a: Greninja|Ice Beam|p2a: T\u00e4ht\u00f6\n|-start|p1a: Greninja|typechange|Ice|[from] ability: Protean\n|-resisted|p2a: T\u00e4ht\u00f6\n|-damage|p2a: T\u00e4ht\u00f6|14\/100\n|-damage|p1a: Greninja|45\/100|[from] item: Life Orb\n|\n|upkeep\n|turn|21\n|\n|t:|1700853096\n|move|p1a: Greninja|Ice Beam|p2a: T\u00e4ht\u00f6\n|-resisted|p2a: T\u00e4ht\u00f6\n|-damage|p2a: T\u00e4ht\u00f6|0 fnt\n|faint|p2a: T\u00e4ht\u00f6\n|-damage|p1a: Greninja|35\/100|[from] item: Life Orb\n|\n|upkeep\n|\n|t:|1700853112\n|switch|p2a: J\u00f6rri|Ninjask, M|100\/100\n|turn|22\n|\n|t:|1700853119\n|switch|p1a: Tapu Koko|Tapu Koko|68\/100\n|-fieldstart|move: Electric Terrain|[from] ability: Electric Surge|[of] p1a: Tapu Koko\n|move|p2a: J\u00f6rri|Protect||[still]\n|-fail|p2a: J\u00f6rri\n|\n|-ability|p2a: J\u00f6rri|Speed Boost|boost\n|-boost|p2a: J\u00f6rri|spe|1\n|upkeep\n|turn|23\n|\n|t:|1700853129\n|move|p2a: J\u00f6rri|Protect|p2a: J\u00f6rri\n|-singleturn|p2a: J\u00f6rri|Protect\n|move|p1a: Tapu Koko|Hidden Power|p2a: J\u00f6rri\n|-activate|p2a: J\u00f6rri|move: Protect\n|\n|-ability|p2a: J\u00f6rri|Speed Boost|boost\n|-boost|p2a: J\u00f6rri|spe|1\n|upkeep\n|turn|24\n|\n|t:|1700853138\n|move|p2a: J\u00f6rri|U-turn|p1a: Tapu Koko\n|-resisted|p1a: Tapu Koko\n|-damage|p1a: Tapu Koko|45\/100\n|\n|t:|1700853146\n|switch|p2a: Emmi|Blissey, F|47\/100|[from] U-turn\n|-damage|p2a: Emmi|34\/100|[from] Stealth Rock\n|move|p1a: Tapu Koko|Hidden Power|p2a: Emmi\n|-damage|p2a: Emmi|25\/100\n|\n|-heal|p2a: Emmi|31\/100|[from] item: Leftovers\n|upkeep\n|turn|25\n|\n|t:|1700853155\n|switch|p1a: Lopunny|Lopunny-Mega, M|40\/100 psn\n|move|p2a: Emmi|Soft-Boiled|p2a: Emmi\n|-heal|p2a: Emmi|81\/100\n|\n|-heal|p2a: Emmi|87\/100|[from] item: Leftovers\n|-damage|p1a: Lopunny|28\/100 psn|[from] psn\n|upkeep\n|turn|26\n|\n|t:|1700853173\n|switch|p2a: Slepe|Gliscor, M|100\/100 tox\n|-damage|p2a: Slepe|88\/100 tox|[from] Stealth Rock\n|move|p1a: Lopunny|Close Combat|p2a: Slepe\n|-resisted|p2a: Slepe\n|-crit|p2a: Slepe\n|-damage|p2a: Slepe|61\/100 tox\n|-unboost|p1a: Lopunny|def|1\n|-unboost|p1a: Lopunny|spd|1\n|\n|-damage|p1a: Lopunny|16\/100 psn|[from] psn\n|-heal|p2a: Slepe|74\/100 tox|[from] ability: Poison Heal\n|-fieldend|move: Electric Terrain\n|upkeep\n|turn|27\n|\n|t:|1700853185\n|move|p1a: Lopunny|U-turn|p2a: Slepe\n|-resisted|p2a: Slepe\n|-damage|p2a: Slepe|66\/100 tox\n|\n|t:|1700853198\n|switch|p1a: Rillaboom|Rillaboom, M|6\/100|[from] U-turn\n|-fieldstart|move: Grassy Terrain|[from] ability: Grassy Surge|[of] p1a: Rillaboom\n|move|p2a: Slepe|Defog|p1a: Rillaboom\n|-unboost|p1a: Rillaboom|evasion|1\n|-sideend|p2: K. Repola|Stealth Rock|[from] move: Defog|[of] p2a: Slepe\n|-fieldend|move: Grassy Terrain\n|\n|-heal|p2a: Slepe|78\/100 tox|[from] ability: Poison Heal\n|upkeep\n|turn|28\n|\n|t:|1700853210\n|move|p1a: Rillaboom|Wood Hammer|p2a: Slepe\n|-damage|p2a: Slepe|22\/100 tox\n|-damage|p1a: Rillaboom|0 fnt|[from] Recoil\n|faint|p1a: Rillaboom\n|move|p2a: Slepe|Earthquake|p1: Rillaboom|[notarget]\n|-fail|p2a: Slepe\n|\n|-heal|p2a: Slepe|34\/100 tox|[from] ability: Poison Heal\n|upkeep\n|\n|t:|1700853225\n|switch|p1a: Greninja|Greninja, M|35\/100\n|turn|29\n|\n|t:|1700853229\n|switch|p2a: Emmi|Blissey, F|87\/100\n|move|p1a: Greninja|Ice Beam|p2a: Emmi\n|-start|p1a: Greninja|typechange|Ice|[from] ability: Protean\n|-damage|p2a: Emmi|69\/100\n|-damage|p1a: Greninja|25\/100|[from] item: Life Orb\n|\n|-heal|p2a: Emmi|75\/100|[from] item: Leftovers\n|upkeep\n|turn|30\n|\n|t:|1700853242\n|move|p1a: Greninja|Ice Beam|p2a: Emmi\n|-damage|p2a: Emmi|56\/100\n|-damage|p1a: Greninja|15\/100|[from] item: Life Orb\n|move|p2a: Emmi|Seismic Toss|p1a: Greninja\n|-damage|p1a: Greninja|0 fnt\n|faint|p1a: Greninja\n|\n|-heal|p2a: Emmi|62\/100|[from] item: Leftovers\n|upkeep\n|\n|t:|1700853253\n|switch|p1a: Lopunny|Lopunny-Mega, M|16\/100 psn\n|turn|31\n|\n|t:|1700853269\n|switch|p2a: Slepe|Gliscor, M|34\/100 tox\n|move|p1a: Lopunny|U-turn|p2a: Slepe\n|-resisted|p2a: Slepe\n|-damage|p2a: Slepe|27\/100 tox\n|\n|t:|1700853276\n|switch|p1a: Tapu Koko|Tapu Koko|45\/100|[from] U-turn\n|-fieldstart|move: Electric Terrain|[from] ability: Electric Surge|[of] p1a: Tapu Koko\n|\n|-heal|p2a: Slepe|39\/100 tox|[from] ability: Poison Heal\n|upkeep\n|turn|32\n|\n|t:|1700853298\n|move|p1a: Tapu Koko|Hidden Power|p2a: Slepe\n|-supereffective|p2a: Slepe\n|-damage|p2a: Slepe|0 fnt\n|faint|p2a: Slepe\n|\n|upkeep\n|\n|t:|1700853303\n|switch|p2a: Kimalle|Glimmora, F|100\/100\n|turn|33\n|\n|t:|1700853308\n|switch|p1a: Iron Moth|Iron Moth|100\/100\n|-activate|p1a: Iron Moth|ability: Quark Drive\n|-start|p1a: Iron Moth|quarkdrivespa\n|move|p2a: Kimalle|Sludge Wave|p1a: Iron Moth\n|-resisted|p1a: Iron Moth\n|-damage|p1a: Iron Moth|72\/100\n|\n|upkeep\n|turn|34\n|\n|t:|1700853323\n|switch|p2a: Emmi|Blissey, F|62\/100\n|move|p1a: Iron Moth|Fire Blast|p2a: Emmi|[miss]\n|-miss|p1a: Iron Moth|p2a: Emmi\n|\n|-heal|p2a: Emmi|69\/100|[from] item: Leftovers\n|upkeep\n|turn|35\n|\n|t:|1700853331\n|move|p1a: Iron Moth|U-turn|p2a: Emmi\n|-damage|p2a: Emmi|58\/100\n|\n|t:|1700853334\n|-end|p1a: Iron Moth|Quark Drive|[silent]\n|switch|p1a: Lopunny|Lopunny-Mega, M|16\/100 psn|[from] U-turn\n|move|p2a: Emmi|Teleport|p2a: Emmi\n|\n|t:|1700853338\n|switch|p2a: J\u00f6rri|Ninjask, M|100\/100|[from] Teleport\n|\n|-damage|p1a: Lopunny|3\/100 psn|[from] psn\n|-fieldend|move: Electric Terrain\n|upkeep\n|turn|36\n|\n|t:|1700853346\n|switch|p1a: Tapu Koko|Tapu Koko|45\/100\n|-fieldstart|move: Electric Terrain|[from] ability: Electric Surge|[of] p1a: Tapu Koko\n|move|p2a: J\u00f6rri|Protect||[still]\n|-fail|p2a: J\u00f6rri\n|\n|-ability|p2a: J\u00f6rri|Speed Boost|boost\n|-boost|p2a: J\u00f6rri|spe|1\n|upkeep\n|turn|37\n|\n|t:|1700853357\n|move|p2a: J\u00f6rri|U-turn|p1a: Tapu Koko\n|-resisted|p1a: Tapu Koko\n|-damage|p1a: Tapu Koko|21\/100\n|\n|t:|1700853361\n|switch|p2a: Emmi|Blissey, F|58\/100|[from] U-turn\n|move|p1a: Tapu Koko|Volt Switch|p2a: Emmi\n|-damage|p2a: Emmi|37\/100\n|\n|t:|1700853367\n|switch|p1a: Lopunny|Lopunny-Mega, M|3\/100 psn|[from] Volt Switch\n|\n|-heal|p2a: Emmi|43\/100|[from] item: Leftovers\n|-damage|p1a: Lopunny|0 fnt|[from] psn\n|faint|p1a: Lopunny\n|upkeep\n|\n|t:|1700853373\n|switch|p1a: Iron Moth|Iron Moth|72\/100\n|-activate|p1a: Iron Moth|ability: Quark Drive\n|-start|p1a: Iron Moth|quarkdrivespa\n|turn|38\n|\n|t:|1700853383\n|move|p1a: Iron Moth|Fire Blast|p2a: Emmi\n|-damage|p2a: Emmi|11\/100\n|move|p2a: Emmi|Soft-Boiled|p2a: Emmi\n|-heal|p2a: Emmi|61\/100\n|\n|-heal|p2a: Emmi|67\/100|[from] item: Leftovers\n|upkeep\n|turn|39\n|-message|L ghul forfeited.\n|\n|win|K. Repola\n|raw|L ghul's rating: 1362 &rarr; <strong>1344<\/strong><br \/>(-18 for losing)\n|raw|K. Repola's rating: 1393 &rarr; <strong>1411<\/strong><br \/>(+18 for winning)\n|l|\u2606L ghul\n|c|\u2606K. Repola|gg\n","uploadtime":1700853410,"views":9,"p1id":"lghul","p2id":"krepola","formatid":"gen9nationaldex","rating":1344,"private":0,"password":""}