{"id":"gen9nationaldex-1987291921","p1":"ayic","p2":"Neilan","format":"[Gen 9] National Dex","log":"|j|\u2606ayic\n|j|\u2606Neilan\n|t:|1699573916\n|gametype|singles\n|player|p1|ayic|byron|1107\n|player|p2|Neilan|gambler|1047\n|teamsize|p1|6\n|teamsize|p2|6\n|gen|9\n|tier|[Gen 9] National Dex\n|rated|\n|rule|HP Percentage Mod: HP is shown in percentages\n|rule|Endless Battle Clause: Forcing endless battles is banned\n|rule|OHKO Clause: OHKO moves are banned\n|rule|Evasion Clause: Evasion abilities, items, and moves are banned\n|rule|Evasion Abilities Clause: Evasion abilities are banned\n|rule|Evasion Items Clause: Evasion items are banned\n|rule|Evasion Moves Clause: Evasion moves are banned\n|rule|Species Clause: Limit one of each Pok\u00e9mon\n|rule|Sleep Clause Mod: Limit one foe put to sleep\n|clearpoke\n|poke|p1|Jirachi|\n|poke|p1|Salamence, F|\n|poke|p1|Latias, F|\n|poke|p1|Xurkitree|\n|poke|p1|Dusclops, M|\n|poke|p1|Swampert, F|\n|poke|p2|Typhlosion, M|\n|poke|p2|Milotic, F|\n|poke|p2|Amoonguss, M|\n|poke|p2|Kilowattrel, F|\n|poke|p2|Gallade, M|\n|poke|p2|Excadrill, M|\n|teampreview\n|\n|t:|1699573924\n|start\n|switch|p1a: Jirachi|Jirachi|100\/100\n|switch|p2a: Chispas|Kilowattrel, F|100\/100\n|turn|1\n|\n|t:|1699573937\n|move|p2a: Chispas|Volt Switch|p1a: Jirachi\n|-damage|p1a: Jirachi|74\/100\n|\n|t:|1699573945\n|switch|p2a: Ocean|Milotic, F|100\/100|[from] Volt Switch\n|move|p1a: Jirachi|Trick|p2a: Ocean\n|-activate|p1a: Jirachi|move: Trick|[of] p2a: Ocean\n|-item|p2a: Ocean|Flame Orb|[from] move: Trick\n|-item|p1a: Jirachi|Leftovers|[from] move: Trick\n|\n|-heal|p1a: Jirachi|80\/100|[from] item: Leftovers\n|-status|p2a: Ocean|brn|[from] item: Flame Orb\n|upkeep\n|turn|2\n|\n|t:|1699573954\n|move|p1a: Jirachi|Reflect|p1a: Jirachi\n|-sidestart|p1: ayic|Reflect\n|move|p2a: Ocean|Scald|p1a: Jirachi\n|-damage|p1a: Jirachi|62\/100\n|\n|-heal|p1a: Jirachi|68\/100|[from] item: Leftovers\n|-damage|p2a: Ocean|94\/100 brn|[from] brn\n|upkeep\n|turn|3\n|\n|t:|1699573964\n|move|p1a: Jirachi|Light Screen|p1a: Jirachi\n|-sidestart|p1: ayic|move: Light Screen\n|move|p2a: Ocean|Scald|p1a: Jirachi\n|-damage|p1a: Jirachi|60\/100\n|-status|p1a: Jirachi|brn\n|\n|-heal|p1a: Jirachi|66\/100 brn|[from] item: Leftovers\n|-damage|p1a: Jirachi|60\/100 brn|[from] brn\n|-damage|p2a: Ocean|88\/100 brn|[from] brn\n|upkeep\n|turn|4\n|\n|t:|1699573980\n|switch|p1a: Salamence|Salamence, F|100\/100\n|move|p2a: Ocean|Scald|p1a: Salamence\n|-resisted|p1a: Salamence\n|-damage|p1a: Salamence|93\/100\n|\n|-damage|p2a: Ocean|82\/100 brn|[from] brn\n|upkeep\n|turn|5\n|\n|t:|1699573989\n|move|p1a: Salamence|Dragon Dance|p1a: Salamence\n|-boost|p1a: Salamence|atk|1\n|-boost|p1a: Salamence|spe|1\n|move|p2a: Ocean|Scald|p1a: Salamence\n|-resisted|p1a: Salamence\n|-damage|p1a: Salamence|85\/100\n|\n|-damage|p2a: Ocean|76\/100 brn|[from] brn\n|upkeep\n|turn|6\n|\n|t:|1699573999\n|move|p1a: Salamence|Dragon Dance|p1a: Salamence\n|-boost|p1a: Salamence|atk|1\n|-boost|p1a: Salamence|spe|1\n|move|p2a: Ocean|Haze|p2a: Ocean\n|-clearallboost\n|\n|-damage|p2a: Ocean|70\/100 brn|[from] brn\n|-sideend|p1: ayic|Reflect\n|upkeep\n|turn|7\n|\n|t:|1699574006\n|move|p1a: Salamence|Dragon Dance|p1a: Salamence\n|-boost|p1a: Salamence|atk|1\n|-boost|p1a: Salamence|spe|1\n|move|p2a: Ocean|Recover|p2a: Ocean\n|-heal|p2a: Ocean|100\/100 brn\n|\n|-damage|p2a: Ocean|94\/100 brn|[from] brn\n|-sideend|p1: ayic|move: Light Screen\n|upkeep\n|turn|8\n|\n|t:|1699574017\n|move|p1a: Salamence|Earthquake|p2a: Ocean\n|-damage|p2a: Ocean|38\/100 brn\n|-damage|p1a: Salamence|75\/100|[from] item: Life Orb\n|move|p2a: Ocean|Haze|p2a: Ocean\n|-clearallboost\n|\n|-damage|p2a: Ocean|31\/100 brn|[from] brn\n|upkeep\n|turn|9\n|\n|t:|1699574025\n|switch|p2a: Chispas|Kilowattrel, F|100\/100\n|move|p1a: Salamence|Earthquake|p2a: Chispas\n|-immune|p2a: Chispas\n|\n|upkeep\n|turn|10\n|\n|t:|1699574038\n|switch|p1a: Swampert|Swampert, F|100\/100\n|move|p2a: Chispas|Air Slash|p1a: Swampert\n|-damage|p1a: Swampert|55\/100\n|\n|upkeep\n|turn|11\n|\n|t:|1699574045\n|move|p2a: Chispas|Air Slash|p1a: Swampert\n|-damage|p1a: Swampert|7\/100\n|move|p1a: Swampert|Ice Punch|p2a: Chispas\n|-supereffective|p2a: Chispas\n|-crit|p2a: Chispas\n|-damage|p2a: Chispas|0 fnt\n|faint|p2a: Chispas\n|\n|upkeep\n|\n|t:|1699574055\n|switch|p2a: Ray|Gallade, M|100\/100\n|turn|12\n|\n|t:|1699574068\n|move|p2a: Ray|Psycho Cut|p1a: Swampert\n|-damage|p1a: Swampert|0 fnt\n|faint|p1a: Swampert\n|-damage|p2a: Ray|91\/100|[from] item: Life Orb\n|\n|upkeep\n|\n|t:|1699574072\n|switch|p1a: Dusclops|Dusclops, M|100\/100\n|-item|p2a: Ray|Life Orb|[from] ability: Frisk|[of] p1a: Dusclops|[identify]\n|turn|13\n|\n|t:|1699574079\n|move|p2a: Ray|Psycho Cut|p1a: Dusclops\n|-damage|p1a: Dusclops|54\/100\n|-damage|p2a: Ray|81\/100|[from] item: Life Orb\n|move|p1a: Dusclops|Will-O-Wisp|p2a: Ray\n|-status|p2a: Ray|brn\n|\n|-damage|p2a: Ray|75\/100 brn|[from] brn\n|upkeep\n|turn|14\n|\n|t:|1699574089\n|move|p2a: Ray|Psycho Cut|p1a: Dusclops\n|-damage|p1a: Dusclops|30\/100\n|-damage|p2a: Ray|65\/100 brn|[from] item: Life Orb\n|move|p1a: Dusclops|Poltergeist|p2a: Ray\n|-activate|p2a: Ray|move: Poltergeist|Life Orb\n|-supereffective|p2a: Ray\n|-damage|p2a: Ray|0 fnt\n|faint|p2a: Ray\n|\n|upkeep\n|\n|t:|1699574100\n|switch|p2a: Claws|Excadrill, M|100\/100\n|-ability|p2a: Claws|Mold Breaker\n|turn|15\n|\n|t:|1699574111\n|move|p2a: Claws|Iron Head|p1a: Dusclops\n|-damage|p1a: Dusclops|0 fnt\n|faint|p1a: Dusclops\n|-damage|p2a: Claws|91\/100|[from] item: Life Orb\n|\n|upkeep\n|\n|t:|1699574127\n|switch|p1a: Jirachi|Jirachi|60\/100 brn\n|turn|16\n|\n|t:|1699574135\n|move|p2a: Claws|Earthquake|p1a: Jirachi\n|-supereffective|p1a: Jirachi\n|-damage|p1a: Jirachi|0 fnt\n|faint|p1a: Jirachi\n|-damage|p2a: Claws|81\/100|[from] item: Life Orb\n|\n|upkeep\n|\n|t:|1699574140\n|switch|p1a: Salamence|Salamence, F|75\/100\n|turn|17\n|\n|t:|1699574152\n|-terastallize|p2a: Claws|Ghost\n|move|p2a: Claws|Iron Head|p1a: Salamence\n|-damage|p1a: Salamence|11\/100\n|-damage|p2a: Claws|71\/100|[from] item: Life Orb\n|move|p1a: Salamence|Double-Edge|p2a: Claws\n|-immune|p2a: Claws\n|\n|upkeep\n|turn|18\n|\n|t:|1699574166\n|move|p2a: Claws|Iron Head|p1a: Salamence\n|-damage|p1a: Salamence|0 fnt\n|faint|p1a: Salamence\n|-damage|p2a: Claws|61\/100|[from] item: Life Orb\n|\n|upkeep\n|-message|ayic forfeited.\n|\n|win|Neilan\n|raw|ayic's rating: 1107 &rarr; <strong>1078<\/strong><br \/>(-29 for losing)\n|raw|Neilan's rating: 1047 &rarr; <strong>1086<\/strong><br \/>(+39 for winning)\n|l|\u2606ayic\n","uploadtime":1699574177,"views":6,"p1id":"ayic","p2id":"neilan","formatid":"gen9nationaldex","rating":1078,"private":0,"password":""}