{"id":"gen9nationaldex-1991434181","p1":"Schadenfreude06","p2":"Evora_Spyder","format":"[Gen 9] National Dex","log":"|j|\u2606Schadenfreude06\n|j|\u2606Evora_Spyder\n|t:|1700076773\n|gametype|singles\n|player|p1|Schadenfreude06|silver|1031\n|player|p2|Evora_Spyder|wicke|1042\n|teamsize|p1|6\n|teamsize|p2|6\n|gen|9\n|tier|[Gen 9] National Dex\n|rated|\n|rule|HP Percentage Mod: HP is shown in percentages\n|rule|Endless Battle Clause: Forcing endless battles is banned\n|rule|OHKO Clause: OHKO moves are banned\n|rule|Evasion Clause: Evasion abilities, items, and moves are banned\n|rule|Evasion Abilities Clause: Evasion abilities are banned\n|rule|Evasion Items Clause: Evasion items are banned\n|rule|Evasion Moves Clause: Evasion moves are banned\n|rule|Species Clause: Limit one of each Pok\u00e9mon\n|rule|Sleep Clause Mod: Limit one foe put to sleep\n|clearpoke\n|poke|p1|Gengar, F|\n|poke|p1|Ariados, F|\n|poke|p1|Tyrantrum, M|\n|poke|p1|Urshifu-*, F|\n|poke|p1|Zapdos|\n|poke|p1|Arbok, F|\n|poke|p2|Houndoom, F|\n|poke|p2|Torkoal, M|\n|poke|p2|Heatran, M|\n|poke|p2|Slowking-Galar, M|\n|poke|p2|Bisharp, M|\n|poke|p2|Lilligant-Hisui, F|\n|teampreview\n|\n|t:|1700076782\n|start\n|switch|p1a: Zapdos|Zapdos, shiny|100\/100\n|switch|p2a: Torkoal|Torkoal, M|100\/100\n|-ability|p1a: Zapdos|Pressure\n|-weather|SunnyDay|[from] ability: Drought|[of] p2a: Torkoal\n|turn|1\n|\n|t:|1700076805\n|switch|p2a: Houndoom|Houndoom, F|100\/100\n|move|p1a: Zapdos|Rain Dance|p1a: Zapdos\n|-weather|RainDance\n|\n|-weather|RainDance|[upkeep]\n|upkeep\n|turn|2\n|\n|t:|1700076817\n|detailschange|p2a: Houndoom|Houndoom-Mega, F\n|-mega|p2a: Houndoom|Houndoom|Houndoominite\n|move|p2a: Houndoom|Dark Pulse|p1a: Zapdos\n|-damage|p1a: Zapdos|52\/100\n|move|p1a: Zapdos|Thunder|p2a: Houndoom\n|-damage|p2a: Houndoom|31\/100\n|\n|-weather|RainDance|[upkeep]\n|-heal|p1a: Zapdos|58\/100|[from] item: Leftovers\n|upkeep\n|turn|3\n|j| cheezerrat\n|\n|t:|1700076831\n|switch|p2a: Torkoal|Torkoal, M|100\/100\n|-weather|SunnyDay|[from] ability: Drought|[of] p2a: Torkoal\n|move|p1a: Zapdos|Thunder|p2a: Torkoal|[miss]\n|-miss|p1a: Zapdos|p2a: Torkoal\n|\n|-weather|SunnyDay|[upkeep]\n|-heal|p1a: Zapdos|64\/100|[from] item: Leftovers\n|upkeep\n|turn|4\n|\n|t:|1700076842\n|move|p1a: Zapdos|Roost|p1a: Zapdos\n|-heal|p1a: Zapdos|100\/100\n|-singleturn|p1a: Zapdos|move: Roost\n|move|p2a: Torkoal|Flamethrower|p1a: Zapdos\n|-crit|p1a: Zapdos\n|-damage|p1a: Zapdos|32\/100\n|\n|-weather|SunnyDay|[upkeep]\n|-heal|p1a: Zapdos|38\/100|[from] item: Leftovers\n|upkeep\n|turn|5\n|\n|t:|1700076852\n|move|p1a: Zapdos|Rain Dance|p1a: Zapdos\n|-weather|RainDance\n|move|p2a: Torkoal|Flamethrower|p1a: Zapdos\n|-damage|p1a: Zapdos|22\/100\n|\n|-weather|RainDance|[upkeep]\n|-heal|p1a: Zapdos|29\/100|[from] item: Leftovers\n|upkeep\n|turn|6\n|\n|t:|1700076863\n|switch|p2a: Slowking|Slowking-Galar, M|100\/100\n|move|p1a: Zapdos|Brave Bird|p2a: Slowking\n|-damage|p2a: Slowking|61\/100\n|-damage|p1a: Zapdos|13\/100|[from] Recoil\n|\n|-weather|RainDance|[upkeep]\n|-heal|p1a: Zapdos|19\/100|[from] item: Leftovers\n|-heal|p2a: Slowking|67\/100|[from] item: Leftovers\n|upkeep\n|turn|7\n|\n|t:|1700076873\n|move|p1a: Zapdos|Roost|p1a: Zapdos\n|-heal|p1a: Zapdos|69\/100\n|-singleturn|p1a: Zapdos|move: Roost\n|move|p2a: Slowking|Sunny Day|p2a: Slowking\n|-weather|SunnyDay\n|\n|-weather|SunnyDay|[upkeep]\n|-heal|p1a: Zapdos|76\/100|[from] item: Leftovers\n|-heal|p2a: Slowking|73\/100|[from] item: Leftovers\n|upkeep\n|turn|8\n|c|\u2606Schadenfreude06|Funny number\n|\n|t:|1700076893\n|move|p1a: Zapdos|Rain Dance|p1a: Zapdos\n|-weather|RainDance\n|move|p2a: Slowking|Future Sight|p1a: Zapdos\n|-start|p2a: Slowking|move: Future Sight\n|\n|-weather|RainDance|[upkeep]\n|-heal|p1a: Zapdos|82\/100|[from] item: Leftovers\n|-heal|p2a: Slowking|79\/100|[from] item: Leftovers\n|upkeep\n|turn|9\n|\n|t:|1700076903\n|switch|p1a: Gengar|Gengar, F, shiny|100\/100\n|move|p2a: Slowking|Sunny Day|p2a: Slowking\n|-weather|SunnyDay\n|\n|-weather|SunnyDay|[upkeep]\n|-heal|p2a: Slowking|85\/100|[from] item: Leftovers\n|upkeep\n|turn|10\n|\n|t:|1700076914\n|switch|p2a: Bisharp|Bisharp, M|100\/100\n|move|p1a: Gengar|Hypnosis|p2a: Bisharp\n|-status|p2a: Bisharp|slp|[from] move: Hypnosis\n|\n|-weather|SunnyDay|[upkeep]\n|-end|p1a: Gengar|move: Future Sight\n|-supereffective|p1a: Gengar\n|-damage|p1a: Gengar|0 fnt\n|faint|p1a: Gengar\n|upkeep\n|\n|t:|1700076924\n|switch|p1a: Zapdos|Zapdos, shiny|82\/100\n|-ability|p1a: Zapdos|Pressure\n|turn|11\n|\n|t:|1700076931\n|move|p1a: Zapdos|Rain Dance|p1a: Zapdos\n|-weather|RainDance\n|cant|p2a: Bisharp|slp\n|\n|-weather|RainDance|[upkeep]\n|-heal|p1a: Zapdos|88\/100|[from] item: Leftovers\n|upkeep\n|turn|12\n|\n|t:|1700076938\n|cant|p2a: Bisharp|slp\n|move|p1a: Zapdos|Thunder|p2a: Bisharp\n|-damage|p2a: Bisharp|48\/100 slp\n|\n|-weather|RainDance|[upkeep]\n|-heal|p1a: Zapdos|94\/100|[from] item: Leftovers\n|upkeep\n|turn|13\n|\n|t:|1700076953\n|cant|p2a: Bisharp|slp\n|move|p1a: Zapdos|Thunder|p2a: Bisharp\n|-damage|p2a: Bisharp|0 fnt\n|faint|p2a: Bisharp\n|\n|-weather|RainDance|[upkeep]\n|-heal|p1a: Zapdos|100\/100|[from] item: Leftovers\n|upkeep\n|\n|t:|1700076955\n|switch|p2a: Torkoal|Torkoal, M|100\/100\n|-weather|SunnyDay|[from] ability: Drought|[of] p2a: Torkoal\n|turn|14\n|\n|t:|1700076968\n|switch|p2a: Slowking|Slowking-Galar, M|100\/100\n|move|p1a: Zapdos|Rain Dance|p1a: Zapdos\n|-weather|RainDance\n|\n|-weather|RainDance|[upkeep]\n|upkeep\n|turn|15\n|\n|t:|1700076982\n|switch|p1a: Let him cook|Arbok, F, shiny|100\/100\n|-ability|p1a: Let him cook|Intimidate|boost\n|-unboost|p2a: Slowking|atk|1\n|move|p2a: Slowking|Sunny Day|p2a: Slowking\n|-weather|SunnyDay\n|\n|-weather|SunnyDay|[upkeep]\n|upkeep\n|turn|16\n|\n|t:|1700076990\n|move|p1a: Let him cook|Coil|p1a: Let him cook\n|-boost|p1a: Let him cook|atk|1\n|-boost|p1a: Let him cook|def|1\n|-boost|p1a: Let him cook|accuracy|1\n|move|p2a: Slowking|Future Sight|p1a: Let him cook\n|-start|p2a: Slowking|move: Future Sight\n|\n|-weather|SunnyDay|[upkeep]\n|upkeep\n|turn|17\n|\n|t:|1700077005\n|move|p1a: Let him cook|Crunch|p2a: Slowking\n|-supereffective|p2a: Slowking\n|-damage|p2a: Slowking|25\/100\n|move|p2a: Slowking|Flamethrower|p1a: Let him cook\n|-damage|p1a: Let him cook|37\/100\n|\n|-weather|SunnyDay|[upkeep]\n|-heal|p2a: Slowking|31\/100|[from] item: Leftovers\n|upkeep\n|turn|18\n|\n|t:|1700077027\n|switch|p2a: Lilligant|Lilligant-Hisui, F|100\/100\n|move|p1a: Let him cook|Crunch|p2a: Lilligant\n|-resisted|p2a: Lilligant\n|-damage|p2a: Lilligant|70\/100\n|\n|-weather|SunnyDay|[upkeep]\n|-end|p1a: Let him cook|move: Future Sight\n|-supereffective|p1a: Let him cook\n|-damage|p1a: Let him cook|0 fnt\n|faint|p1a: Let him cook\n|upkeep\n|\n|t:|1700077037\n|switch|p1a: Ariados|Ariados, F, shiny|100\/100\n|turn|19\n|\n|t:|1700077046\n|move|p2a: Lilligant|Solar Blade||[still]\n|-prepare|p2a: Lilligant|Solar Blade\n|-anim|p2a: Lilligant|Solar Blade|p1a: Ariados\n|-resisted|p1a: Ariados\n|-damage|p1a: Ariados|71\/100\n|move|p1a: Ariados|Leech Life|p2a: Lilligant\n|-damage|p2a: Lilligant|26\/100\n|-heal|p1a: Ariados|89\/100|[from] drain|[of] p2a: Lilligant\n|\n|-weather|none\n|upkeep\n|turn|20\n|\n|t:|1700077059\n|switch|p2a: Torkoal|Torkoal, M|100\/100\n|-weather|SunnyDay|[from] ability: Drought|[of] p2a: Torkoal\n|move|p1a: Ariados|Bug Buzz|p2a: Torkoal\n|-resisted|p2a: Torkoal\n|-damage|p2a: Torkoal|87\/100\n|\n|-weather|SunnyDay|[upkeep]\n|upkeep\n|turn|21\n|\n|t:|1700077068\n|switch|p2a: Slowking|Slowking-Galar, M|64\/100\n|move|p1a: Ariados|Sticky Web|p2a: Slowking\n|-sidestart|p2: Evora_Spyder|move: Sticky Web\n|\n|-weather|SunnyDay|[upkeep]\n|-heal|p2a: Slowking|70\/100|[from] item: Leftovers\n|upkeep\n|turn|22\n|\n|t:|1700077080\n|move|p1a: Ariados|Leech Life|p2a: Slowking\n|-damage|p2a: Slowking|43\/100\n|-heal|p1a: Ariados|100\/100|[from] drain|[of] p2a: Slowking\n|move|p2a: Slowking|Future Sight|p1a: Ariados\n|-start|p2a: Slowking|move: Future Sight\n|\n|-weather|SunnyDay|[upkeep]\n|-heal|p2a: Slowking|49\/100|[from] item: Leftovers\n|upkeep\n|turn|23\n|\n|t:|1700077094\n|switch|p2a: Torkoal|Torkoal, M|87\/100\n|-activate|p2a: Torkoal|move: Sticky Web\n|-unboost|p2a: Torkoal|spe|1\n|move|p1a: Ariados|Lunge|p2a: Torkoal\n|-resisted|p2a: Torkoal\n|-damage|p2a: Torkoal|80\/100\n|-unboost|p2a: Torkoal|atk|1\n|\n|-weather|SunnyDay|[upkeep]\n|upkeep\n|turn|24\n|\n|t:|1700077106\n|move|p1a: Ariados|Leech Life|p2a: Torkoal\n|-resisted|p2a: Torkoal\n|-damage|p2a: Torkoal|72\/100\n|move|p2a: Torkoal|Rapid Spin|p1a: Ariados\n|-damage|p1a: Ariados|91\/100\n|-boost|p2a: Torkoal|spe|1\n|-sideend|p2: Evora_Spyder|Sticky Web|[from] move: Rapid Spin|[of] p2a: Torkoal\n|\n|-weather|SunnyDay|[upkeep]\n|-end|p1a: Ariados|move: Future Sight\n|-supereffective|p1a: Ariados\n|-damage|p1a: Ariados|0 fnt\n|faint|p1a: Ariados\n|upkeep\n|\n|t:|1700077118\n|switch|p1a: Zapdos|Zapdos, shiny|100\/100\n|-ability|p1a: Zapdos|Pressure\n|turn|25\n|\n|t:|1700077123\n|switch|p2a: Slowking|Slowking-Galar, M|83\/100\n|move|p1a: Zapdos|Rain Dance|p1a: Zapdos\n|-weather|RainDance\n|\n|-weather|RainDance|[upkeep]\n|-heal|p2a: Slowking|89\/100|[from] item: Leftovers\n|upkeep\n|turn|26\n|\n|t:|1700077131\n|move|p1a: Zapdos|Brave Bird|p2a: Slowking\n|-damage|p2a: Slowking|44\/100\n|-damage|p1a: Zapdos|83\/100|[from] Recoil\n|move|p2a: Slowking|Sunny Day|p2a: Slowking\n|-weather|SunnyDay\n|\n|-weather|SunnyDay|[upkeep]\n|-heal|p1a: Zapdos|89\/100|[from] item: Leftovers\n|-heal|p2a: Slowking|50\/100|[from] item: Leftovers\n|upkeep\n|turn|27\n|\n|t:|1700077143\n|move|p1a: Zapdos|Brave Bird|p2a: Slowking\n|-damage|p2a: Slowking|10\/100\n|-damage|p1a: Zapdos|74\/100|[from] Recoil\n|move|p2a: Slowking|Future Sight|p1a: Zapdos\n|-start|p2a: Slowking|move: Future Sight\n|\n|-weather|SunnyDay|[upkeep]\n|-heal|p1a: Zapdos|80\/100|[from] item: Leftovers\n|-heal|p2a: Slowking|16\/100|[from] item: Leftovers\n|upkeep\n|turn|28\n|\n|t:|1700077153\n|switch|p2a: Heatran|Heatran, M|100\/100\n|-item|p2a: Heatran|Air Balloon\n|move|p1a: Zapdos|Brave Bird|p2a: Heatran\n|-resisted|p2a: Heatran\n|-damage|p2a: Heatran|83\/100\n|-enditem|p2a: Heatran|Air Balloon\n|-damage|p1a: Zapdos|73\/100|[from] Recoil\n|\n|-weather|SunnyDay|[upkeep]\n|-heal|p1a: Zapdos|79\/100|[from] item: Leftovers\n|upkeep\n|turn|29\n|\n|t:|1700077167\n|move|p1a: Zapdos|Rain Dance|p1a: Zapdos\n|-weather|RainDance\n|move|p2a: Heatran|Will-O-Wisp|p1a: Zapdos\n|-status|p1a: Zapdos|brn\n|\n|-weather|RainDance|[upkeep]\n|-end|p1a: Zapdos|move: Future Sight\n|-damage|p1a: Zapdos|13\/100 brn\n|-heal|p1a: Zapdos|19\/100 brn|[from] item: Leftovers\n|-damage|p1a: Zapdos|13\/100 brn|[from] brn\n|upkeep\n|turn|30\n|\n|t:|1700077180\n|switch|p2a: Torkoal|Torkoal, M|72\/100\n|-weather|SunnyDay|[from] ability: Drought|[of] p2a: Torkoal\n|move|p1a: Zapdos|Thunder|p2a: Torkoal|[miss]\n|-miss|p1a: Zapdos|p2a: Torkoal\n|\n|-weather|SunnyDay|[upkeep]\n|-heal|p1a: Zapdos|19\/100 brn|[from] item: Leftovers\n|-damage|p1a: Zapdos|13\/100 brn|[from] brn\n|upkeep\n|turn|31\n|\n|t:|1700077196\n|move|p1a: Zapdos|Rain Dance|p1a: Zapdos\n|-weather|RainDance\n|move|p2a: Torkoal|Flamethrower|p1a: Zapdos\n|-damage|p1a: Zapdos|0 fnt\n|faint|p1a: Zapdos\n|\n|-weather|RainDance|[upkeep]\n|upkeep\n|\n|t:|1700077204\n|switch|p1a: Urshifu|Urshifu-Rapid-Strike, F|100\/100\n|turn|32\n|\n|t:|1700077208\n|switch|p2a: Lilligant|Lilligant-Hisui, F|26\/100\n|move|p1a: Urshifu|Surging Strikes|p2a: Lilligant\n|-resisted|p2a: Lilligant\n|-crit|p2a: Lilligant\n|-damage|p2a: Lilligant|0 fnt\n|faint|p2a: Lilligant\n|-hitcount|p2: Lilligant|1\n|\n|-weather|RainDance|[upkeep]\n|upkeep\n|\n|t:|1700077214\n|switch|p2a: Torkoal|Torkoal, M|72\/100\n|-weather|SunnyDay|[from] ability: Drought|[of] p2a: Torkoal\n|turn|33\n|\n|t:|1700077228\n|-terastallize|p2a: Torkoal|Grass\n|move|p1a: Urshifu|Surging Strikes|p2a: Torkoal\n|-resisted|p2a: Torkoal\n|-crit|p2a: Torkoal\n|-damage|p2a: Torkoal|69\/100\n|-resisted|p2a: Torkoal\n|-crit|p2a: Torkoal\n|-damage|p2a: Torkoal|66\/100\n|-resisted|p2a: Torkoal\n|-crit|p2a: Torkoal\n|-damage|p2a: Torkoal|64\/100\n|-hitcount|p2a: Torkoal|3\n|move|p2a: Torkoal|Solar Beam||[still]\n|-prepare|p2a: Torkoal|Solar Beam\n|-anim|p2a: Torkoal|Solar Beam|p1a: Urshifu\n|-supereffective|p1a: Urshifu\n|-damage|p1a: Urshifu|0 fnt\n|faint|p1a: Urshifu\n|\n|-weather|SunnyDay|[upkeep]\n|upkeep\n|\n|t:|1700077245\n|switch|p1a: Tyrantrum|Tyrantrum, M, shiny|100\/100\n|turn|34\n|\n|t:|1700077254\n|move|p1a: Tyrantrum|Head Smash|p2a: Torkoal\n|-damage|p2a: Torkoal|24\/100\n|move|p2a: Torkoal|Solar Beam||[still]\n|-prepare|p2a: Torkoal|Solar Beam\n|-anim|p2a: Torkoal|Solar Beam|p1a: Tyrantrum\n|-damage|p1a: Tyrantrum|35\/100\n|\n|-weather|SunnyDay|[upkeep]\n|upkeep\n|turn|35\n|\n|t:|1700077263\n|move|p1a: Tyrantrum|Head Smash|p2a: Torkoal\n|-damage|p2a: Torkoal|0 fnt\n|faint|p2a: Torkoal\n|\n|-weather|SunnyDay|[upkeep]\n|upkeep\n|\n|t:|1700077267\n|switch|p2a: Houndoom|Houndoom-Mega, F|31\/100\n|turn|36\n|\n|t:|1700077273\n|-terastallize|p1a: Tyrantrum|Rock\n|move|p2a: Houndoom|Sucker Punch|p1a: Tyrantrum\n|-damage|p1a: Tyrantrum|12\/100\n|move|p1a: Tyrantrum|Head Smash|p2a: Houndoom\n|-supereffective|p2a: Houndoom\n|-damage|p2a: Houndoom|0 fnt\n|faint|p2a: Houndoom\n|\n|-weather|SunnyDay|[upkeep]\n|upkeep\n|\n|t:|1700077275\n|switch|p2a: Slowking|Slowking-Galar, M|50\/100\n|turn|37\n|\n|t:|1700077287\n|move|p1a: Tyrantrum|Head Smash|p2a: Slowking\n|-damage|p2a: Slowking|0 fnt\n|faint|p2a: Slowking\n|\n|-weather|SunnyDay|[upkeep]\n|upkeep\n|\n|t:|1700077289\n|switch|p2a: Heatran|Heatran, M|83\/100\n|turn|38\n|\n|t:|1700077302\n|move|p1a: Tyrantrum|Close Combat|p2a: Heatran\n|-supereffective|p2a: Heatran\n|-crit|p2a: Heatran\n|-damage|p2a: Heatran|0 fnt\n|-unboost|p1a: Tyrantrum|def|1\n|-unboost|p1a: Tyrantrum|spd|1\n|faint|p2a: Heatran\n|\n|win|Schadenfreude06\n|raw|Schadenfreude06's rating: 1031 &rarr; <strong>1067<\/strong><br \/>(+36 for winning)\n|raw|Evora_Spyder's rating: 1042 &rarr; <strong>1025<\/strong><br \/>(-17 for losing)\n|c|\u2606Schadenfreude06|A jurrasic sized sweep\n|c|\u2606Evora_Spyder|GG\n|c|\u2606Schadenfreude06|Gg :)\n|c|\u2606Evora_Spyder|for certain lol\n|l|\u2606Evora_Spyder\n|c|\u2606Schadenfreude06|That was a long fight\n|l| cheezerrat\n|c|\u2606Schadenfreude06|I was hoping for an urshifu water sweep but that sun definitely wouldn\u2019t let it happen\n|c|\u2606Schadenfreude06|I guess Arbok isn\u2019t that good outside of lower scaled battles either\n|c|\u2606Schadenfreude06|Ariados would sticky web and let Arbok coil twice, then Tera dragon and use scale shot\n","uploadtime":1700077675,"views":13,"p1id":"schadenfreude06","p2id":"evoraspyder","formatid":"gen9nationaldex","rating":1025,"private":0,"password":""}