{"id":"gen9nationaldex-1987441910","p1":"xxyyzlu","p2":"MMQZA2","format":"[Gen 9] National Dex","log":"|j|\u2606xxyyzlu\n|j|\u2606MMQZA2\n|t:|1699592094\n|gametype|singles\n|player|p1|xxyyzlu|170|1724\n|player|p2|MMQZA2|265|1606\n|teamsize|p1|6\n|teamsize|p2|6\n|gen|9\n|tier|[Gen 9] National Dex\n|rated|\n|rule|HP Percentage Mod: HP is shown in percentages\n|rule|Endless Battle Clause: Forcing endless battles is banned\n|rule|OHKO Clause: OHKO moves are banned\n|rule|Evasion Clause: Evasion abilities, items, and moves are banned\n|rule|Evasion Abilities Clause: Evasion abilities are banned\n|rule|Evasion Items Clause: Evasion items are banned\n|rule|Evasion Moves Clause: Evasion moves are banned\n|rule|Species Clause: Limit one of each Pok\u00e9mon\n|rule|Sleep Clause Mod: Limit one foe put to sleep\n|clearpoke\n|poke|p1|Kingdra, F|\n|poke|p1|Ninetales-Alola, M|\n|poke|p1|Heatran, M|\n|poke|p1|Blaziken, F|\n|poke|p1|Salamence, M|\n|poke|p1|Unfezant, F|\n|poke|p2|Tapu Lele|\n|poke|p2|Hatterene, F|\n|poke|p2|Alakazam, F|\n|poke|p2|Polteageist|\n|poke|p2|Hawlucha, M|\n|poke|p2|Armarouge, F|\n|teampreview\n|j| TheBattleBard\n|\n|t:|1699592120\n|start\n|switch|p1a: Unfezant|Unfezant, F|100\/100\n|switch|p2a: Tapu Lele|Tapu Lele|100\/100\n|-fieldstart|move: Psychic Terrain|[from] ability: Psychic Surge|[of] p2a: Tapu Lele\n|turn|1\n|l|\u2606MMQZA2\n|player|p2|\n|inactive|Battle timer is ON: inactive players will automatically lose when time's up. (requested by xxyyzlu)\n|j|\u2606MMQZA2\n|inactive|MMQZA2 reconnected and has 145 seconds left.\n|player|p2|MMQZA2|265\n|\n|t:|1699592163\n|switch|p2a: Armarouge|Armarouge, F|100\/100\n|switch|p1a: Heatran|Heatran, M|100\/100\n|\n|upkeep\n|turn|2\n|\n|t:|1699592183\n|move|p2a: Armarouge|Expanding Force|p1a: Heatran\n|-resisted|p1a: Heatran\n|-damage|p1a: Heatran|75\/100\n|move|p1a: Heatran|Magma Storm|p2a: Armarouge\n|-resisted|p2a: Armarouge\n|-damage|p2a: Armarouge|74\/100\n|-activate|p2a: Armarouge|move: Magma Storm|[of] p1a: Heatran\n|\n|-heal|p1a: Heatran|82\/100|[from] item: Leftovers\n|-damage|p2a: Armarouge|62\/100|[from] move: Magma Storm|[partiallytrapped]\n|upkeep\n|turn|3\n|l|\u2606MMQZA2\n|inactive|MMQZA2 disconnected and has a minute to reconnect!\n|player|p2|\n|j|\u2606MMQZA2\n|inactive|MMQZA2 reconnected and has 120 seconds left.\n|player|p2|MMQZA2|265\n|\n|t:|1699592214\n|move|p1a: Heatran|Protect|p1a: Heatran\n|-singleturn|p1a: Heatran|Protect\n|move|p2a: Armarouge|Destiny Bond|p2a: Armarouge\n|-singlemove|p2a: Armarouge|Destiny Bond\n|\n|-heal|p1a: Heatran|88\/100|[from] item: Leftovers\n|-damage|p2a: Armarouge|50\/100|[from] move: Magma Storm|[partiallytrapped]\n|upkeep\n|turn|4\n|\n|t:|1699592224\n|move|p2a: Armarouge|Expanding Force|p1a: Heatran\n|-resisted|p1a: Heatran\n|-damage|p1a: Heatran|65\/100\n|move|p1a: Heatran|Taunt|p2a: Armarouge\n|-start|p2a: Armarouge|move: Taunt\n|\n|-heal|p1a: Heatran|71\/100|[from] item: Leftovers\n|-damage|p2a: Armarouge|37\/100|[from] move: Magma Storm|[partiallytrapped]\n|upkeep\n|turn|5\n|\n|t:|1699592231\n|move|p2a: Armarouge|Expanding Force|p1a: Heatran\n|-resisted|p1a: Heatran\n|-damage|p1a: Heatran|47\/100\n|move|p1a: Heatran|Earth Power|p2a: Armarouge\n|-supereffective|p2a: Armarouge\n|-damage|p2a: Armarouge|0 fnt\n|faint|p2a: Armarouge\n|\n|-heal|p1a: Heatran|54\/100|[from] item: Leftovers\n|upkeep\n|\n|t:|1699592243\n|switch|p2a: Hawlucha|Hawlucha, M|100\/100\n|-enditem|p2a: Hawlucha|Psychic Seed\n|-boost|p2a: Hawlucha|spd|1|[from] item: Psychic Seed\n|turn|6\n|\n|t:|1699592255\n|switch|p1a: Ninetales|Ninetales-Alola, M|100\/100\n|-weather|Snow|[from] ability: Snow Warning|[of] p1a: Ninetales\n|move|p2a: Hawlucha|Substitute|p2a: Hawlucha\n|-start|p2a: Hawlucha|Substitute\n|-damage|p2a: Hawlucha|76\/100\n|\n|-weather|Snow|[upkeep]\n|upkeep\n|turn|7\n|inactive|MMQZA2 has 120 seconds left.\n|\n|t:|1699592281\n|move|p2a: Hawlucha|Acrobatics|p1a: Ninetales\n|-damage|p1a: Ninetales|46\/100\n|move|p1a: Ninetales|Aurora Veil|p1a: Ninetales\n|-sidestart|p1: xxyyzlu|move: Aurora Veil\n|\n|-weather|Snow|[upkeep]\n|upkeep\n|turn|8\n|\n|t:|1699592288\n|move|p2a: Hawlucha|Swords Dance|p2a: Hawlucha\n|-boost|p2a: Hawlucha|atk|2\n|move|p1a: Ninetales|Blizzard|p2a: Hawlucha\n|-supereffective|p2a: Hawlucha\n|-end|p2a: Hawlucha|Substitute\n|\n|-weather|Snow|[upkeep]\n|-fieldend|move: Psychic Terrain\n|upkeep\n|turn|9\n|\n|t:|1699592298\n|move|p2a: Hawlucha|Acrobatics|p1a: Ninetales\n|-damage|p1a: Ninetales|0 fnt\n|faint|p1a: Ninetales\n|\n|-weather|Snow|[upkeep]\n|upkeep\n|\n|t:|1699592305\n|switch|p1a: Unfezant|Unfezant, F|100\/100\n|turn|10\n|\n|t:|1699592311\n|move|p2a: Hawlucha|Substitute|p2a: Hawlucha\n|-start|p2a: Hawlucha|Substitute\n|-damage|p2a: Hawlucha|51\/100\n|move|p1a: Unfezant|Focus Energy|p1a: Unfezant\n|-start|p1a: Unfezant|move: Focus Energy\n|\n|-weather|none\n|upkeep\n|turn|11\n|\n|t:|1699592325\n|move|p2a: Hawlucha|Acrobatics|p1a: Unfezant\n|-damage|p1a: Unfezant|30\/100\n|move|p1a: Unfezant|Dual Wingbeat|p2a: Hawlucha\n|-supereffective|p2a: Hawlucha\n|-crit|p2a: Hawlucha\n|-end|p2a: Hawlucha|Substitute\n|-supereffective|p2a: Hawlucha\n|-crit|p2a: Hawlucha\n|-damage|p2a: Hawlucha|0 fnt\n|faint|p2a: Hawlucha\n|-hitcount|p2: Hawlucha|2\n|\n|upkeep\n|inactive|MMQZA2 has 120 seconds left.\n|\n|t:|1699592351\n|switch|p2a: Tapu Lele|Tapu Lele|100\/100\n|-fieldstart|move: Psychic Terrain|[from] ability: Psychic Surge|[of] p2a: Tapu Lele\n|turn|12\n|\n|t:|1699592355\n|move|p2a: Tapu Lele|Psychic|p1a: Unfezant\n|-damage|p1a: Unfezant|0 fnt\n|faint|p1a: Unfezant\n|\n|upkeep\n|\n|t:|1699592364\n|switch|p1a: Heatran|Heatran, M|54\/100\n|turn|13\n|\n|t:|1699592372\n|switch|p2a: Hatterene|Hatterene, F, shiny|100\/100\n|move|p1a: Heatran|Magma Storm|p2a: Hatterene\n|-damage|p2a: Hatterene|53\/100\n|-activate|p2a: Hatterene|move: Magma Storm|[of] p1a: Heatran\n|-enditem|p2a: Hatterene|Eject Button\n|inactive|MMQZA2 has 120 seconds left.\n|\n|t:|1699592396\n|switch|p2a: Alakazam|Alakazam, F|100\/100\n|\n|-heal|p1a: Heatran|60\/100|[from] item: Leftovers\n|upkeep\n|turn|14\n|\n|t:|1699592400\n|move|p2a: Alakazam|Nasty Plot|p2a: Alakazam\n|-boost|p2a: Alakazam|spa|2\n|move|p1a: Heatran|Magma Storm|p2a: Alakazam\n|-damage|p2a: Alakazam|40\/100\n|-activate|p2a: Alakazam|move: Magma Storm|[of] p1a: Heatran\n|\n|-heal|p1a: Heatran|66\/100|[from] item: Leftovers\n|-sideend|p1: xxyyzlu|move: Aurora Veil\n|upkeep\n|turn|15\n|\n|t:|1699592408\n|move|p1a: Heatran|Protect|p1a: Heatran\n|-singleturn|p1a: Heatran|Protect\n|move|p2a: Alakazam|Focus Blast|p1a: Heatran\n|-activate|p1a: Heatran|move: Protect\n|\n|-heal|p1a: Heatran|72\/100|[from] item: Leftovers\n|upkeep\n|turn|16\n|\n|t:|1699592416\n|move|p2a: Alakazam|Focus Blast|p1a: Heatran\n|-supereffective|p1a: Heatran\n|-damage|p1a: Heatran|0 fnt\n|faint|p1a: Heatran\n|\n|-end|p2a: Alakazam|Magma Storm|[partiallytrapped]|[silent]\n|upkeep\n|\n|t:|1699592428\n|switch|p1a: Kingdra|Kingdra, F|100\/100\n|turn|17\n|\n|t:|1699592433\n|move|p2a: Alakazam|Expanding Force|p1a: Kingdra\n|-damage|p1a: Kingdra|0 fnt\n|faint|p1a: Kingdra\n|\n|upkeep\n|\n|t:|1699592439\n|switch|p1a: Blaziken|Blaziken, F|100\/100\n|turn|18\n|\n|t:|1699592456\n|switch|p2a: Hatterene|Hatterene, F, shiny|53\/100\n|move|p1a: Blaziken|Protect||[still]\n|-fail|p1a: Blaziken\n|\n|-ability|p1a: Blaziken|Speed Boost|boost\n|-boost|p1a: Blaziken|spe|1\n|upkeep\n|turn|19\n|\n|t:|1699592467\n|-terastallize|p1a: Blaziken|Fire\n|move|p1a: Blaziken|Focus Energy|p1a: Blaziken\n|-start|p1a: Blaziken|move: Focus Energy\n|move|p2a: Hatterene|Healing Wish|p2a: Hatterene\n|faint|p2a: Hatterene\n|\n|-fieldend|move: Psychic Terrain\n|-ability|p1a: Blaziken|Speed Boost|boost\n|-boost|p1a: Blaziken|spe|1\n|upkeep\n|\n|t:|1699592480\n|switch|p2a: Tapu Lele|Tapu Lele|100\/100\n|-fieldstart|move: Psychic Terrain|[from] ability: Psychic Surge|[of] p2a: Tapu Lele\n|turn|20\n|\n|t:|1699592488\n|move|p1a: Blaziken|Protect|p1a: Blaziken\n|-singleturn|p1a: Blaziken|Protect\n|move|p2a: Tapu Lele|Psychic|p1a: Blaziken\n|-activate|p1a: Blaziken|move: Protect\n|\n|-ability|p1a: Blaziken|Speed Boost|boost\n|-boost|p1a: Blaziken|spe|1\n|upkeep\n|turn|21\n|\n|t:|1699592494\n|move|p1a: Blaziken|Overheat|p2a: Tapu Lele\n|-crit|p2a: Tapu Lele\n|-damage|p2a: Tapu Lele|0 fnt\n|-unboost|p1a: Blaziken|spa|2\n|faint|p2a: Tapu Lele\n|\n|-ability|p1a: Blaziken|Speed Boost|boost\n|-boost|p1a: Blaziken|spe|1\n|upkeep\n|\n|t:|1699592502\n|switch|p2a: Alakazam|Alakazam, F|40\/100\n|-heal|p2a: Alakazam|100\/100|[from] move: Healing Wish\n|turn|22\n|\n|t:|1699592506\n|move|p1a: Blaziken|Overheat|p2a: Alakazam\n|-crit|p2a: Alakazam\n|-enditem|p2a: Alakazam|Focus Sash\n|-damage|p2a: Alakazam|1\/100\n|-unboost|p1a: Blaziken|spa|2\n|move|p2a: Alakazam|Expanding Force|p1a: Blaziken\n|-damage|p1a: Blaziken|7\/100\n|\n|-ability|p1a: Blaziken|Speed Boost|boost\n|-boost|p1a: Blaziken|spe|1\n|upkeep\n|turn|23\n|\n|t:|1699592517\n|move|p1a: Blaziken|Close Combat|p2a: Alakazam\n|-resisted|p2a: Alakazam\n|-crit|p2a: Alakazam\n|-damage|p2a: Alakazam|0 fnt\n|-unboost|p1a: Blaziken|def|1\n|-unboost|p1a: Blaziken|spd|1\n|faint|p2a: Alakazam\n|\n|-ability|p1a: Blaziken|Speed Boost|boost\n|-boost|p1a: Blaziken|spe|1\n|upkeep\n|\n|t:|1699592520\n|switch|p2a: Polteageist|Polteageist, shiny|100\/100\n|turn|24\n|j| Duragonite\n|\n|t:|1699592535\n|move|p1a: Blaziken|Overheat|p2a: Polteageist|[miss]\n|-miss|p1a: Blaziken|p2a: Polteageist\n|move|p2a: Polteageist|Shadow Ball|p1a: Blaziken\n|-damage|p1a: Blaziken|0 fnt\n|faint|p1a: Blaziken\n|\n|upkeep\n|\n|t:|1699592537\n|switch|p1a: Salamence|Salamence, M|100\/100\n|-ability|p1a: Salamence|Intimidate|boost\n|-unboost|p2a: Polteageist|atk|1\n|turn|25\n|\n|t:|1699592543\n|move|p1a: Salamence|Draco Meteor|p2a: Polteageist\n|-damage|p2a: Polteageist|28\/100\n|-unboost|p1a: Salamence|spa|2\n|move|p2a: Polteageist|Shell Smash|p2a: Polteageist\n|-unboost|p2a: Polteageist|def|1\n|-unboost|p2a: Polteageist|spd|1\n|-boost|p2a: Polteageist|atk|2\n|-boost|p2a: Polteageist|spa|2\n|-boost|p2a: Polteageist|spe|2\n|\n|upkeep\n|turn|26\n|\n|t:|1699592548\n|move|p2a: Polteageist|Stored Power|p1a: Salamence\n|-damage|p1a: Salamence|0 fnt\n|faint|p1a: Salamence\n|\n|win|MMQZA2\n|raw|xxyyzlu's rating: 1724 &rarr; <strong>1697<\/strong><br \/>(-27 for losing)\n|raw|MMQZA2's rating: 1606 &rarr; <strong>1633<\/strong><br \/>(+27 for winning)\n|l|\u2606xxyyzlu\n","uploadtime":1699592556,"views":4,"p1id":"xxyyzlu","p2id":"mmqza2","formatid":"gen9nationaldex","rating":1633,"private":0,"password":""}