{"id":"gen9nationaldex-1995547986","p1":"Red Ragnor","p2":"Ivan9plus","format":"[Gen 9] National Dex","log":"|html|<div class=\"broadcast-blue\"><strong>[Gen 9] National Dex is currently suspecting Sneasler! For information on how to participate check out the <a href=\"https:\/\/www.smogon.com\/forums\/threads\/sv-national-dex-suspect-8-just-dance.3731534\/\">suspect thread<\/a>.<\/strong><\/div>\n|j|\u2606Red Ragnor\n|j|\u2606Ivan9plus\n|t:|1700581835\n|gametype|singles\n|player|p1|Red Ragnor|101|\n|player|p2|Ivan9plus|lucas|\n|teamsize|p1|6\n|teamsize|p2|6\n|gen|9\n|tier|[Gen 9] National Dex\n|rule|HP Percentage Mod: HP is shown in percentages\n|rule|Endless Battle Clause: Forcing endless battles is banned\n|rule|OHKO Clause: OHKO moves are banned\n|rule|Evasion Clause: Evasion abilities, items, and moves are banned\n|rule|Evasion Abilities Clause: Evasion abilities are banned\n|rule|Evasion Items Clause: Evasion items are banned\n|rule|Evasion Moves Clause: Evasion moves are banned\n|rule|Species Clause: Limit one of each Pok\u00e9mon\n|rule|Sleep Clause Mod: Limit one foe put to sleep\n|clearpoke\n|poke|p1|Appletun, F|\n|poke|p1|Braviary, M|\n|poke|p1|Golem-Alola, M|\n|poke|p1|Dachsbun, F|\n|poke|p1|Volbeat, M|\n|poke|p1|Gurdurr, M|\n|poke|p2|Gliscor, F|\n|poke|p2|Goodra-Hisui, F|\n|poke|p2|Sylveon, M|\n|poke|p2|Meowscarada, F|\n|poke|p2|Skeledirge, F|\n|poke|p2|Quaquaval, F|\n|teampreview\n|\n|t:|1700581851\n|start\n|switch|p1a: Golem|Golem-Alola, M|100\/100\n|switch|p2a: Gliscor|Gliscor, F, shiny|100\/100\n|turn|1\n|\n|t:|1700581864\n|switch|p1a: Gurdurr|Gurdurr, M|100\/100\n|move|p2a: Gliscor|Earthquake|p1a: Gurdurr\n|-damage|p1a: Gurdurr|76\/100\n|\n|-status|p2a: Gliscor|tox|[from] item: Toxic Orb\n|upkeep\n|turn|2\n|\n|t:|1700581875\n|move|p2a: Gliscor|Stealth Rock|p1a: Gurdurr\n|-sidestart|p1: Red Ragnor|move: Stealth Rock\n|move|p1a: Gurdurr|Ice Punch|p2a: Gliscor\n|-supereffective|p2a: Gliscor\n|-damage|p2a: Gliscor|28\/100 tox\n|\n|-heal|p2a: Gliscor|41\/100 tox|[from] ability: Poison Heal\n|upkeep\n|turn|3\n|\n|t:|1700581891\n|switch|p2a: Skeledirge|Skeledirge, F|100\/100\n|move|p1a: Gurdurr|Defog|p2a: Skeledirge\n|-unboost|p2a: Skeledirge|evasion|1\n|-sideend|p1: Red Ragnor|Stealth Rock|[from] move: Defog|[of] p1a: Gurdurr\n|\n|upkeep\n|turn|4\n|\n|t:|1700581911\n|switch|p1a: Appletun|Appletun, F|100\/100\n|move|p2a: Skeledirge|Yawn|p1a: Appletun\n|-start|p1a: Appletun|move: Yawn|[of] p2a: Skeledirge\n|\n|upkeep\n|turn|5\n|\n|t:|1700581928\n|switch|p1a: Dachsbun|Dachsbun, F|100\/100\n|move|p2a: Skeledirge|Torch Song|p1a: Dachsbun\n|-ability|p1a: Dachsbun|Well-Baked Body|boost\n|-boost|p1a: Dachsbun|def|2\n|\n|upkeep\n|turn|6\n|\n|t:|1700581949\n|move|p1a: Dachsbun|Yawn|p2a: Skeledirge\n|-start|p2a: Skeledirge|move: Yawn|[of] p1a: Dachsbun\n|move|p2a: Skeledirge|Yawn|p1a: Dachsbun\n|-start|p1a: Dachsbun|move: Yawn|[of] p2a: Skeledirge\n|\n|upkeep\n|turn|7\n|\n|t:|1700581976\n|switch|p1a: Volbeat|Volbeat, M|100\/100\n|switch|p2a: Sylveon|Sylveon, M, shiny|100\/100\n|\n|upkeep\n|turn|8\n|\n|t:|1700581987\n|move|p1a: Volbeat|Thunder Wave|p2a: Sylveon\n|-status|p2a: Sylveon|par\n|move|p2a: Sylveon|Calm Mind|p2a: Sylveon\n|-boost|p2a: Sylveon|spa|1\n|-boost|p2a: Sylveon|spd|1\n|\n|upkeep\n|turn|9\n|\n|t:|1700581996\n|move|p1a: Volbeat|Encore|p2a: Sylveon\n|-start|p2a: Sylveon|Encore\n|move|p2a: Sylveon|Calm Mind|p2a: Sylveon\n|-boost|p2a: Sylveon|spa|1\n|-boost|p2a: Sylveon|spd|1\n|\n|upkeep\n|turn|10\n|\n|t:|1700582006\n|switch|p1a: Golem|Golem-Alola, M|100\/100\n|move|p2a: Sylveon|Calm Mind|p2a: Sylveon\n|-boost|p2a: Sylveon|spa|1\n|-boost|p2a: Sylveon|spd|1\n|\n|upkeep\n|turn|11\n|\n|t:|1700582015\n|move|p1a: Golem|Stealth Rock|p2a: Sylveon\n|-sidestart|p2: Ivan9plus|move: Stealth Rock\n|move|p2a: Sylveon|Calm Mind|p2a: Sylveon\n|-boost|p2a: Sylveon|spa|1\n|-boost|p2a: Sylveon|spd|1\n|\n|-end|p2a: Sylveon|Encore\n|upkeep\n|turn|12\n|\n|t:|1700582029\n|move|p1a: Golem|Explosion|p2a: Sylveon\n|-damage|p2a: Sylveon|0 fnt\n|faint|p1a: Golem\n|faint|p2a: Sylveon\n|\n|upkeep\n|\n|t:|1700582049\n|switch|p2a: Quaquaval|Quaquaval, F|100\/100\n|switch|p1a: Braviary|Braviary, M|100\/100\n|-damage|p2a: Quaquaval|94\/100|[from] Stealth Rock\n|turn|13\n|\n|t:|1700582066\n|move|p1a: Braviary|Brave Bird|p2a: Quaquaval\n|-supereffective|p2a: Quaquaval\n|-damage|p2a: Quaquaval|0 fnt\n|faint|p2a: Quaquaval\n|-damage|p1a: Braviary|72\/100|[from] Recoil\n|\n|upkeep\n|\n|t:|1700582074\n|switch|p2a: Goodra|Goodra-Hisui, F|100\/100\n|-damage|p2a: Goodra|94\/100|[from] Stealth Rock\n|turn|14\n|\n|t:|1700582084\n|switch|p1a: Volbeat|Volbeat, M|100\/100\n|move|p2a: Goodra|Ice Spinner|p1a: Volbeat\n|-damage|p1a: Volbeat|84\/100\n|\n|-heal|p1a: Volbeat|90\/100|[from] item: Leftovers\n|-heal|p2a: Goodra|100\/100|[from] item: Leftovers\n|upkeep\n|turn|15\n|\n|t:|1700582096\n|move|p1a: Volbeat|Thunder Wave|p2a: Goodra\n|-status|p2a: Goodra|par\n|move|p2a: Goodra|Heavy Slam|p1a: Volbeat\n|-damage|p1a: Volbeat|56\/100\n|\n|-heal|p1a: Volbeat|62\/100|[from] item: Leftovers\n|upkeep\n|turn|16\n|\n|t:|1700582115\n|move|p1a: Volbeat|Ice Punch|p2a: Goodra\n|-crit|p2a: Goodra\n|-damage|p2a: Goodra|84\/100 par\n|-ability|p2a: Goodra|Gooey\n|-unboost|p1a: Volbeat|spe|1\n|move|p2a: Goodra|Knock Off|p1a: Volbeat\n|-damage|p1a: Volbeat|44\/100\n|-enditem|p1a: Volbeat|Leftovers|[from] move: Knock Off|[of] p2a: Goodra\n|\n|-heal|p2a: Goodra|90\/100 par|[from] item: Leftovers\n|upkeep\n|turn|17\n|\n|t:|1700582132\n|move|p1a: Volbeat|Roost|p1a: Volbeat\n|-heal|p1a: Volbeat|94\/100\n|-singleturn|p1a: Volbeat|move: Roost\n|cant|p2a: Goodra|par\n|\n|-heal|p2a: Goodra|96\/100 par|[from] item: Leftovers\n|upkeep\n|turn|18\n|\n|t:|1700582141\n|switch|p1a: Gurdurr|Gurdurr, M|76\/100\n|cant|p2a: Goodra|par\n|\n|-heal|p2a: Goodra|100\/100 par|[from] item: Leftovers\n|upkeep\n|turn|19\n|\n|t:|1700582151\n|switch|p2a: Skeledirge|Skeledirge, F|100\/100\n|-damage|p2a: Skeledirge|76\/100|[from] Stealth Rock\n|move|p1a: Gurdurr|Ice Punch|p2a: Skeledirge\n|-resisted|p2a: Skeledirge\n|-damage|p2a: Skeledirge|64\/100\n|\n|-heal|p2a: Skeledirge|70\/100|[from] item: Leftovers\n|upkeep\n|turn|20\n|\n|t:|1700582181\n|switch|p1a: Appletun|Appletun, F|100\/100\n|move|p2a: Skeledirge|Shadow Ball|p1a: Appletun\n|-damage|p1a: Appletun|72\/100\n|\n|-heal|p2a: Skeledirge|76\/100|[from] item: Leftovers\n|-heal|p1a: Appletun|78\/100|[from] item: Leftovers\n|upkeep\n|turn|21\n|\n|t:|1700582194\n|move|p2a: Skeledirge|Yawn|p1a: Appletun\n|-start|p1a: Appletun|move: Yawn|[of] p2a: Skeledirge\n|move|p1a: Appletun|Leech Seed|p2a: Skeledirge|[miss]\n|-miss|p1a: Appletun|p2a: Skeledirge\n|\n|-heal|p2a: Skeledirge|82\/100|[from] item: Leftovers\n|-heal|p1a: Appletun|84\/100|[from] item: Leftovers\n|upkeep\n|turn|22\n|\n|t:|1700582207\n|switch|p1a: Dachsbun|Dachsbun, F|100\/100\n|move|p2a: Skeledirge|Torch Song|p1a: Dachsbun\n|-ability|p1a: Dachsbun|Well-Baked Body|boost\n|-boost|p1a: Dachsbun|def|2\n|\n|-heal|p2a: Skeledirge|88\/100|[from] item: Leftovers\n|upkeep\n|turn|23\n|\n|t:|1700582222\n|move|p1a: Dachsbun|Yawn|p2a: Skeledirge\n|-start|p2a: Skeledirge|move: Yawn|[of] p1a: Dachsbun\n|move|p2a: Skeledirge|Yawn|p1a: Dachsbun\n|-start|p1a: Dachsbun|move: Yawn|[of] p2a: Skeledirge\n|\n|-heal|p2a: Skeledirge|94\/100|[from] item: Leftovers\n|upkeep\n|turn|24\n|\n|t:|1700582245\n|switch|p1a: Volbeat|Volbeat, M|94\/100\n|switch|p2a: Gliscor|Gliscor, F, shiny|41\/100 tox\n|-damage|p2a: Gliscor|28\/100 tox|[from] Stealth Rock\n|\n|-heal|p2a: Gliscor|41\/100 tox|[from] ability: Poison Heal\n|upkeep\n|turn|25\n|\n|t:|1700582259\n|move|p2a: Gliscor|Stealth Rock|p1a: Volbeat\n|-sidestart|p1: Red Ragnor|move: Stealth Rock\n|move|p1a: Volbeat|Ice Punch|p2a: Gliscor\n|-supereffective|p2a: Gliscor\n|-damage|p2a: Gliscor|4\/100 tox\n|\n|-heal|p2a: Gliscor|17\/100 tox|[from] ability: Poison Heal\n|upkeep\n|turn|26\n|\n|t:|1700582292\n|move|p1a: Volbeat|Encore|p2a: Gliscor\n|-start|p2a: Gliscor|Encore\n|move|p2a: Gliscor|Stealth Rock||[still]\n|-fail|p2a: Gliscor\n|\n|-heal|p2a: Gliscor|29\/100 tox|[from] ability: Poison Heal\n|upkeep\n|turn|27\n|\n|t:|1700582320\n|switch|p2a: Goodra|Goodra-Hisui, F|100\/100 par\n|-damage|p2a: Goodra|94\/100 par|[from] Stealth Rock\n|switch|p1a: Braviary|Braviary, M|72\/100\n|-damage|p1a: Braviary|47\/100|[from] Stealth Rock\n|\n|-heal|p2a: Goodra|100\/100 par|[from] item: Leftovers\n|upkeep\n|turn|28\n|\n|t:|1700582333\n|move|p1a: Braviary|U-turn|p2a: Goodra\n|-resisted|p2a: Goodra\n|-damage|p2a: Goodra|91\/100 par\n|-ability|p2a: Goodra|Gooey\n|-unboost|p1a: Braviary|spe|1\n|-ability|p1a: Braviary|Defiant|boost\n|-boost|p1a: Braviary|atk|2\n|\n|t:|1700582348\n|switch|p1a: Gurdurr|Gurdurr, M|76\/100|[from] U-turn\n|-damage|p1a: Gurdurr|69\/100|[from] Stealth Rock\n|move|p2a: Goodra|Knock Off|p1a: Gurdurr\n|-resisted|p1a: Gurdurr\n|-damage|p1a: Gurdurr|62\/100\n|-enditem|p1a: Gurdurr|Eviolite|[from] move: Knock Off|[of] p2a: Goodra\n|\n|-heal|p2a: Goodra|97\/100 par|[from] item: Leftovers\n|upkeep\n|turn|29\n|\n|t:|1700582363\n|switch|p2a: Skeledirge|Skeledirge, F|94\/100\n|-damage|p2a: Skeledirge|69\/100|[from] Stealth Rock\n|move|p1a: Gurdurr|Defog|p2a: Skeledirge\n|-unboost|p2a: Skeledirge|evasion|1\n|-sideend|p2: Ivan9plus|Stealth Rock|[from] move: Defog|[of] p1a: Gurdurr\n|-sideend|p1: Red Ragnor|Stealth Rock|[from] move: Defog|[of] p1a: Gurdurr\n|\n|-heal|p2a: Skeledirge|75\/100|[from] item: Leftovers\n|upkeep\n|turn|30\n|\n|t:|1700582383\n|switch|p1a: Appletun|Appletun, F|84\/100\n|move|p2a: Skeledirge|Yawn|p1a: Appletun\n|-start|p1a: Appletun|move: Yawn|[of] p2a: Skeledirge\n|\n|-heal|p2a: Skeledirge|81\/100|[from] item: Leftovers\n|-heal|p1a: Appletun|90\/100|[from] item: Leftovers\n|upkeep\n|turn|31\n|\n|t:|1700582403\n|switch|p1a: Dachsbun|Dachsbun, F|100\/100\n|move|p2a: Skeledirge|Torch Song|p1a: Dachsbun\n|-ability|p1a: Dachsbun|Well-Baked Body|boost\n|-boost|p1a: Dachsbun|def|2\n|\n|-heal|p2a: Skeledirge|87\/100|[from] item: Leftovers\n|upkeep\n|turn|32\n|\n|t:|1700582416\n|move|p1a: Dachsbun|Yawn|p2a: Skeledirge\n|-start|p2a: Skeledirge|move: Yawn|[of] p1a: Dachsbun\n|move|p2a: Skeledirge|Yawn|p1a: Dachsbun\n|-start|p1a: Dachsbun|move: Yawn|[of] p2a: Skeledirge\n|\n|-heal|p2a: Skeledirge|93\/100|[from] item: Leftovers\n|upkeep\n|turn|33\n|\n|t:|1700582443\n|switch|p1a: Braviary|Braviary, M|47\/100\n|switch|p2a: Gliscor|Gliscor, F, shiny|29\/100 tox\n|\n|-heal|p2a: Gliscor|42\/100 tox|[from] ability: Poison Heal\n|upkeep\n|turn|34\n|\n|t:|1700582462\n|move|p1a: Braviary|Brave Bird|p2a: Gliscor\n|-damage|p2a: Gliscor|0 fnt\n|faint|p2a: Gliscor\n|-damage|p1a: Braviary|33\/100|[from] Recoil\n|\n|upkeep\n|\n|t:|1700582475\n|switch|p2a: Goodra|Goodra-Hisui, F|97\/100 par\n|turn|35\n|\n|t:|1700582487\n|switch|p1a: Gurdurr|Gurdurr, M|62\/100\n|move|p2a: Goodra|Heavy Slam|p1a: Gurdurr\n|-damage|p1a: Gurdurr|18\/100\n|\n|-heal|p2a: Goodra|100\/100 par|[from] item: Leftovers\n|upkeep\n|turn|36\n|\n|t:|1700582518\n|switch|p2a: Skeledirge|Skeledirge, F|93\/100\n|move|p1a: Gurdurr|Drain Punch|p2a: Skeledirge\n|-immune|p2a: Skeledirge\n|\n|-heal|p2a: Skeledirge|99\/100|[from] item: Leftovers\n|upkeep\n|turn|37\n|\n|t:|1700582531\n|switch|p1a: Appletun|Appletun, F|90\/100\n|move|p2a: Skeledirge|Shadow Ball|p1a: Appletun\n|-damage|p1a: Appletun|63\/100\n|\n|-heal|p2a: Skeledirge|100\/100|[from] item: Leftovers\n|-heal|p1a: Appletun|70\/100|[from] item: Leftovers\n|upkeep\n|turn|38\n|\n|t:|1700582549\n|move|p2a: Skeledirge|Torch Song|p1a: Appletun\n|-damage|p1a: Appletun|57\/100\n|-boost|p2a: Skeledirge|spa|1\n|move|p1a: Appletun|Leech Seed|p2a: Skeledirge\n|-start|p2a: Skeledirge|move: Leech Seed\n|\n|-heal|p1a: Appletun|63\/100|[from] item: Leftovers\n|-damage|p2a: Skeledirge|88\/100|[from] Leech Seed|[of] p1a: Appletun\n|-heal|p1a: Appletun|74\/100|[silent]\n|upkeep\n|turn|39\n|\n|t:|1700582568\n|move|p2a: Skeledirge|Yawn|p1a: Appletun\n|-start|p1a: Appletun|move: Yawn|[of] p2a: Skeledirge\n|move|p1a: Appletun|Recover|p1a: Appletun\n|-heal|p1a: Appletun|100\/100\n|\n|-heal|p2a: Skeledirge|94\/100|[from] item: Leftovers\n|-damage|p2a: Skeledirge|82\/100|[from] Leech Seed|[of] p1a: Appletun\n|upkeep\n|turn|40\n|\n|t:|1700582579\n|switch|p1a: Dachsbun|Dachsbun, F|100\/100\n|move|p2a: Skeledirge|Yawn|p1a: Dachsbun\n|-start|p1a: Dachsbun|move: Yawn|[of] p2a: Skeledirge\n|\n|-heal|p2a: Skeledirge|88\/100|[from] item: Leftovers\n|-damage|p2a: Skeledirge|76\/100|[from] Leech Seed|[of] p1a: Dachsbun\n|upkeep\n|turn|41\n|\n|t:|1700582595\n|switch|p1a: Appletun|Appletun, F|100\/100\n|move|p2a: Skeledirge|Shadow Ball|p1a: Appletun\n|-damage|p1a: Appletun|59\/100\n|\n|-heal|p2a: Skeledirge|82\/100|[from] item: Leftovers\n|-heal|p1a: Appletun|65\/100|[from] item: Leftovers\n|-damage|p2a: Skeledirge|69\/100|[from] Leech Seed|[of] p1a: Appletun\n|-heal|p1a: Appletun|76\/100|[silent]\n|upkeep\n|turn|42\n|\n|t:|1700582609\n|move|p2a: Skeledirge|Yawn|p1a: Appletun\n|-start|p1a: Appletun|move: Yawn|[of] p2a: Skeledirge\n|move|p1a: Appletun|Apple Acid|p2a: Skeledirge\n|-resisted|p2a: Skeledirge\n|-damage|p2a: Skeledirge|57\/100\n|-unboost|p2a: Skeledirge|spd|1\n|\n|-heal|p2a: Skeledirge|63\/100|[from] item: Leftovers\n|-heal|p1a: Appletun|82\/100|[from] item: Leftovers\n|-damage|p2a: Skeledirge|51\/100|[from] Leech Seed|[of] p1a: Appletun\n|-heal|p1a: Appletun|94\/100|[silent]\n|upkeep\n|turn|43\n|\n|t:|1700582626\n|switch|p1a: Dachsbun|Dachsbun, F|100\/100\n|move|p2a: Skeledirge|Slack Off|p2a: Skeledirge\n|-heal|p2a: Skeledirge|100\/100\n|\n|-damage|p2a: Skeledirge|88\/100|[from] Leech Seed|[of] p1a: Dachsbun\n|upkeep\n|turn|44\n|\n|t:|1700582641\n|switch|p2a: Meowscarada|Meowscarada, F|100\/100\n|move|p1a: Dachsbun|Yawn|p2a: Meowscarada\n|-start|p2a: Meowscarada|move: Yawn|[of] p1a: Dachsbun\n|\n|upkeep\n|turn|45\n|\n|t:|1700582651\n|move|p2a: Meowscarada|U-turn|p1a: Dachsbun\n|-start|p2a: Meowscarada|typechange|Bug|[from] ability: Protean\n|-resisted|p1a: Dachsbun\n|-damage|p1a: Dachsbun|89\/100\n|\n|t:|1700582660\n|switch|p2a: Goodra|Goodra-Hisui, F|100\/100 par|[from] U-turn\n|move|p1a: Dachsbun|Wish|p1a: Dachsbun\n|\n|-heal|p1a: Dachsbun|95\/100|[from] item: Leftovers\n|upkeep\n|turn|46\n|\n|t:|1700582673\n|switch|p1a: Braviary|Braviary, M|33\/100\n|cant|p2a: Goodra|par\n|\n|-heal|p1a: Braviary|80\/100|[from] move: Wish|[wisher] Dachsbun\n|upkeep\n|turn|47\n|\n|t:|1700582686\n|move|p1a: Braviary|Close Combat|p2a: Goodra\n|-supereffective|p2a: Goodra\n|-damage|p2a: Goodra|41\/100 par\n|-unboost|p1a: Braviary|def|1\n|-unboost|p1a: Braviary|spd|1\n|-ability|p2a: Goodra|Gooey\n|-unboost|p1a: Braviary|spe|1\n|-ability|p1a: Braviary|Defiant|boost\n|-boost|p1a: Braviary|atk|2\n|move|p2a: Goodra|Heavy Slam|p1a: Braviary\n|-damage|p1a: Braviary|4\/100\n|\n|-heal|p2a: Goodra|47\/100 par|[from] item: Leftovers\n|upkeep\n|turn|48\n|\n|t:|1700582726\n|switch|p1a: Dachsbun|Dachsbun, F|95\/100\n|switch|p2a: Meowscarada|Meowscarada, F|100\/100\n|\n|-heal|p1a: Dachsbun|100\/100|[from] item: Leftovers\n|upkeep\n|turn|49\n|\n|t:|1700582750\n|move|p2a: Meowscarada|Flower Trick|p1a: Dachsbun\n|-start|p2a: Meowscarada|typechange|Grass|[from] ability: Protean\n|-crit|p1a: Dachsbun\n|-damage|p1a: Dachsbun|62\/100\n|move|p1a: Dachsbun|Yawn|p2a: Meowscarada\n|-start|p2a: Meowscarada|move: Yawn|[of] p1a: Dachsbun\n|\n|-heal|p1a: Dachsbun|68\/100|[from] item: Leftovers\n|upkeep\n|turn|50\n|\n|t:|1700582766\n|switch|p2a: Goodra|Goodra-Hisui, F|47\/100 par\n|move|p1a: Dachsbun|Wish|p1a: Dachsbun\n|\n|-heal|p1a: Dachsbun|74\/100|[from] item: Leftovers\n|-heal|p2a: Goodra|53\/100 par|[from] item: Leftovers\n|upkeep\n|turn|51\n|\n|t:|1700582807\n|switch|p1a: Appletun|Appletun, F|94\/100\n|move|p2a: Goodra|Heavy Slam|p1a: Appletun\n|-damage|p1a: Appletun|55\/100\n|\n|-heal|p1a: Appletun|92\/100|[from] move: Wish|[wisher] Dachsbun\n|-heal|p1a: Appletun|98\/100|[from] item: Leftovers\n|-heal|p2a: Goodra|59\/100 par|[from] item: Leftovers\n|upkeep\n|turn|52\n|\n|t:|1700582823\n|move|p1a: Appletun|Iron Defense|p1a: Appletun\n|-boost|p1a: Appletun|def|2\n|move|p2a: Goodra|Ice Spinner|p1a: Appletun\n|-supereffective|p1a: Appletun\n|-damage|p1a: Appletun|79\/100\n|\n|-heal|p1a: Appletun|85\/100|[from] item: Leftovers\n|-heal|p2a: Goodra|65\/100 par|[from] item: Leftovers\n|upkeep\n|turn|53\n|\n|t:|1700582846\n|-terastallize|p2a: Goodra|Steel\n|move|p1a: Appletun|Apple Acid|p2a: Goodra\n|-resisted|p2a: Goodra\n|-damage|p2a: Goodra|56\/100 par\n|-unboost|p2a: Goodra|spd|1\n|move|p2a: Goodra|Heavy Slam|p1a: Appletun\n|-damage|p1a: Appletun|56\/100\n|\n|-heal|p1a: Appletun|62\/100|[from] item: Leftovers\n|-heal|p2a: Goodra|62\/100 par|[from] item: Leftovers\n|upkeep\n|turn|54\n|\n|t:|1700582861\n|move|p1a: Appletun|Iron Defense|p1a: Appletun\n|-boost|p1a: Appletun|def|2\n|move|p2a: Goodra|Ice Spinner|p1a: Appletun\n|-supereffective|p1a: Appletun\n|-damage|p1a: Appletun|48\/100\n|\n|-heal|p1a: Appletun|54\/100|[from] item: Leftovers\n|-heal|p2a: Goodra|69\/100 par|[from] item: Leftovers\n|upkeep\n|turn|55\n|\n|t:|1700582874\n|move|p1a: Appletun|Iron Defense|p1a: Appletun\n|-boost|p1a: Appletun|def|2\n|move|p2a: Goodra|Shelter|p2a: Goodra\n|-boost|p2a: Goodra|def|2\n|\n|-heal|p1a: Appletun|60\/100|[from] item: Leftovers\n|-heal|p2a: Goodra|75\/100 par|[from] item: Leftovers\n|upkeep\n|turn|56\n|\n|t:|1700582885\n|move|p1a: Appletun|Leech Seed|p2a: Goodra\n|-start|p2a: Goodra|move: Leech Seed\n|cant|p2a: Goodra|par\n|\n|-heal|p1a: Appletun|66\/100|[from] item: Leftovers\n|-heal|p2a: Goodra|81\/100 par|[from] item: Leftovers\n|-damage|p2a: Goodra|68\/100 par|[from] Leech Seed|[of] p1a: Appletun\n|-heal|p1a: Appletun|76\/100|[silent]\n|upkeep\n|turn|57\n|\n|t:|1700582897\n|switch|p2a: Skeledirge|Skeledirge, F|88\/100\n|move|p1a: Appletun|Apple Acid|p2a: Skeledirge\n|-resisted|p2a: Skeledirge\n|-damage|p2a: Skeledirge|74\/100\n|-unboost|p2a: Skeledirge|spd|1\n|\n|-heal|p2a: Skeledirge|80\/100|[from] item: Leftovers\n|-heal|p1a: Appletun|83\/100|[from] item: Leftovers\n|upkeep\n|turn|58\n|\n|t:|1700582912\n|move|p2a: Skeledirge|Yawn|p1a: Appletun\n|-start|p1a: Appletun|move: Yawn|[of] p2a: Skeledirge\n|move|p1a: Appletun|Leech Seed|p2a: Skeledirge\n|-start|p2a: Skeledirge|move: Leech Seed\n|\n|-heal|p2a: Skeledirge|86\/100|[from] item: Leftovers\n|-heal|p1a: Appletun|89\/100|[from] item: Leftovers\n|-damage|p2a: Skeledirge|73\/100|[from] Leech Seed|[of] p1a: Appletun\n|-heal|p1a: Appletun|99\/100|[silent]\n|upkeep\n|turn|59\n|\n|t:|1700582928\n|switch|p2a: Goodra|Goodra-Hisui, F, tera:Steel|68\/100 par\n|switch|p1a: Dachsbun|Dachsbun, F|74\/100\n|\n|-heal|p1a: Dachsbun|80\/100|[from] item: Leftovers\n|-heal|p2a: Goodra|74\/100 par|[from] item: Leftovers\n|upkeep\n|turn|60\n|\n|t:|1700582957\n|-terastallize|p1a: Dachsbun|Steel\n|move|p1a: Dachsbun|Wish|p1a: Dachsbun\n|move|p2a: Goodra|Shelter|p2a: Goodra\n|-boost|p2a: Goodra|def|2\n|\n|-heal|p1a: Dachsbun|86\/100|[from] item: Leftovers\n|-heal|p2a: Goodra|80\/100 par|[from] item: Leftovers\n|upkeep\n|turn|61\n|\n|t:|1700582974\n|move|p1a: Dachsbun|Body Press|p2a: Goodra\n|-supereffective|p2a: Goodra\n|-damage|p2a: Goodra|57\/100 par\n|-ability|p2a: Goodra|Gooey\n|-unboost|p1a: Dachsbun|spe|1\n|move|p2a: Goodra|Knock Off|p1a: Dachsbun\n|-damage|p1a: Dachsbun|72\/100\n|-enditem|p1a: Dachsbun|Leftovers|[from] move: Knock Off|[of] p2a: Goodra\n|\n|-heal|p1a: Dachsbun|100\/100|[from] move: Wish|[wisher] Dachsbun\n|-heal|p2a: Goodra|63\/100 par|[from] item: Leftovers\n|upkeep\n|turn|62\n|\n|t:|1700582990\n|move|p1a: Dachsbun|Wish|p1a: Dachsbun\n|move|p2a: Goodra|Shelter|p2a: Goodra\n|-boost|p2a: Goodra|def|2\n|\n|-heal|p2a: Goodra|69\/100 par|[from] item: Leftovers\n|upkeep\n|turn|63\n|\n|t:|1700582998\n|switch|p1a: Gurdurr|Gurdurr, M|18\/100\n|move|p2a: Goodra|Ice Spinner|p1a: Gurdurr\n|-damage|p1a: Gurdurr|0 fnt\n|faint|p1a: Gurdurr\n|\n|-heal|p2a: Goodra|75\/100 par|[from] item: Leftovers\n|upkeep\n|\n|t:|1700583021\n|switch|p1a: Appletun|Appletun, F|99\/100\n|turn|64\n|\n|t:|1700583027\n|move|p1a: Appletun|Iron Defense|p1a: Appletun\n|-boost|p1a: Appletun|def|2\n|move|p2a: Goodra|Ice Spinner|p1a: Appletun\n|-supereffective|p1a: Appletun\n|-damage|p1a: Appletun|81\/100\n|\n|-heal|p1a: Appletun|88\/100|[from] item: Leftovers\n|-heal|p2a: Goodra|82\/100 par|[from] item: Leftovers\n|upkeep\n|turn|65\n|\n|t:|1700583049\n|move|p1a: Appletun|Leech Seed|p2a: Goodra\n|-start|p2a: Goodra|move: Leech Seed\n|cant|p2a: Goodra|par\n|\n|-heal|p1a: Appletun|94\/100|[from] item: Leftovers\n|-heal|p2a: Goodra|88\/100 par|[from] item: Leftovers\n|-damage|p2a: Goodra|75\/100 par|[from] Leech Seed|[of] p1a: Appletun\n|-heal|p1a: Appletun|100\/100|[silent]\n|upkeep\n|turn|66\n|\n|t:|1700583062\n|move|p1a: Appletun|Apple Acid|p2a: Goodra\n|-resisted|p2a: Goodra\n|-damage|p2a: Goodra|67\/100 par\n|-unboost|p2a: Goodra|spd|1\n|cant|p2a: Goodra|par\n|\n|-heal|p2a: Goodra|73\/100 par|[from] item: Leftovers\n|-damage|p2a: Goodra|61\/100 par|[from] Leech Seed|[of] p1a: Appletun\n|upkeep\n|turn|67\n|\n|t:|1700583076\n|switch|p2a: Skeledirge|Skeledirge, F|73\/100\n|move|p1a: Appletun|Apple Acid|p2a: Skeledirge\n|-resisted|p2a: Skeledirge\n|-damage|p2a: Skeledirge|61\/100\n|-unboost|p2a: Skeledirge|spd|1\n|\n|-heal|p2a: Skeledirge|67\/100|[from] item: Leftovers\n|upkeep\n|turn|68\n|\n|t:|1700583090\n|move|p2a: Skeledirge|Yawn|p1a: Appletun\n|-start|p1a: Appletun|move: Yawn|[of] p2a: Skeledirge\n|move|p1a: Appletun|Leech Seed|p2a: Skeledirge\n|-start|p2a: Skeledirge|move: Leech Seed\n|\n|-heal|p2a: Skeledirge|73\/100|[from] item: Leftovers\n|-damage|p2a: Skeledirge|60\/100|[from] Leech Seed|[of] p1a: Appletun\n|upkeep\n|turn|69\n|\n|t:|1700583105\n|switch|p1a: Dachsbun|Dachsbun, F, tera:Steel|100\/100\n|move|p2a: Skeledirge|Slack Off|p2a: Skeledirge\n|-heal|p2a: Skeledirge|100\/100\n|\n|-damage|p2a: Skeledirge|88\/100|[from] Leech Seed|[of] p1a: Dachsbun\n|upkeep\n|turn|70\n|\n|t:|1700583122\n|switch|p2a: Meowscarada|Meowscarada, F|100\/100\n|move|p1a: Dachsbun|Yawn|p2a: Meowscarada\n|-start|p2a: Meowscarada|move: Yawn|[of] p1a: Dachsbun\n|\n|upkeep\n|turn|71\n|\n|t:|1700583135\n|move|p2a: Meowscarada|U-turn|p1a: Dachsbun\n|-start|p2a: Meowscarada|typechange|Bug|[from] ability: Protean\n|-resisted|p1a: Dachsbun\n|-crit|p1a: Dachsbun\n|-damage|p1a: Dachsbun|82\/100\n|\n|t:|1700583143\n|switch|p2a: Goodra|Goodra-Hisui, F, tera:Steel|61\/100 par|[from] U-turn\n|move|p1a: Dachsbun|Yawn||[still]\n|-fail|p1a: Dachsbun\n|\n|-heal|p2a: Goodra|67\/100 par|[from] item: Leftovers\n|upkeep\n|turn|72\n|\n|t:|1700583159\n|move|p1a: Dachsbun|Wish|p1a: Dachsbun\n|move|p2a: Goodra|Shelter|p2a: Goodra\n|-boost|p2a: Goodra|def|2\n|\n|-heal|p2a: Goodra|73\/100 par|[from] item: Leftovers\n|upkeep\n|turn|73\n|\n|t:|1700583169\n|move|p1a: Dachsbun|Body Press|p2a: Goodra\n|-supereffective|p2a: Goodra\n|-damage|p2a: Goodra|52\/100 par\n|-ability|p2a: Goodra|Gooey\n|-unboost|p1a: Dachsbun|spe|1\n|move|p2a: Goodra|Heavy Slam|p1a: Dachsbun\n|-resisted|p1a: Dachsbun\n|-damage|p1a: Dachsbun|62\/100\n|\n|-heal|p1a: Dachsbun|100\/100|[from] move: Wish|[wisher] Dachsbun\n|-heal|p2a: Goodra|58\/100 par|[from] item: Leftovers\n|upkeep\n|turn|74\n|\n|t:|1700583187\n|switch|p1a: Appletun|Appletun, F|100\/100\n|move|p2a: Goodra|Shelter|p2a: Goodra\n|-boost|p2a: Goodra|def|2\n|\n|-heal|p2a: Goodra|64\/100 par|[from] item: Leftovers\n|upkeep\n|turn|75\n|\n|t:|1700583198\n|move|p1a: Appletun|Leech Seed|p2a: Goodra\n|-start|p2a: Goodra|move: Leech Seed\n|move|p2a: Goodra|Ice Spinner|p1a: Appletun\n|-supereffective|p1a: Appletun\n|-damage|p1a: Appletun|65\/100\n|\n|-heal|p1a: Appletun|71\/100|[from] item: Leftovers\n|-heal|p2a: Goodra|71\/100 par|[from] item: Leftovers\n|-damage|p2a: Goodra|58\/100 par|[from] Leech Seed|[of] p1a: Appletun\n|-heal|p1a: Appletun|81\/100|[silent]\n|upkeep\n|turn|76\n|\n|t:|1700583220\n|move|p1a: Appletun|Iron Defense|p1a: Appletun\n|-boost|p1a: Appletun|def|2\n|cant|p2a: Goodra|par\n|\n|-heal|p1a: Appletun|87\/100|[from] item: Leftovers\n|-heal|p2a: Goodra|64\/100 par|[from] item: Leftovers\n|-damage|p2a: Goodra|52\/100 par|[from] Leech Seed|[of] p1a: Appletun\n|-heal|p1a: Appletun|97\/100|[silent]\n|upkeep\n|turn|77\n|\n|t:|1700583235\n|switch|p2a: Meowscarada|Meowscarada, F|100\/100\n|move|p1a: Appletun|Leech Seed|p2a: Meowscarada\n|-immune|p2a: Meowscarada\n|\n|-heal|p1a: Appletun|100\/100|[from] item: Leftovers\n|upkeep\n|turn|78\n|\n|t:|1700583273\n|move|p2a: Meowscarada|Flower Trick|p1a: Appletun\n|-start|p2a: Meowscarada|typechange|Grass|[from] ability: Protean\n|-resisted|p1a: Appletun\n|-crit|p1a: Appletun\n|-damage|p1a: Appletun|88\/100\n|move|p1a: Appletun|Leech Seed|p2a: Meowscarada\n|-immune|p2a: Meowscarada\n|\n|-heal|p1a: Appletun|94\/100|[from] item: Leftovers\n|upkeep\n|turn|79\n|\n|t:|1700583287\n|move|p2a: Meowscarada|Flower Trick|p1a: Appletun\n|-resisted|p1a: Appletun\n|-crit|p1a: Appletun\n|-damage|p1a: Appletun|81\/100\n|move|p1a: Appletun|Apple Acid|p2a: Meowscarada\n|-resisted|p2a: Meowscarada\n|-crit|p2a: Meowscarada\n|-damage|p2a: Meowscarada|69\/100\n|-unboost|p2a: Meowscarada|spd|1\n|\n|-heal|p1a: Appletun|87\/100|[from] item: Leftovers\n|upkeep\n|turn|80\n|\n|t:|1700583301\n|switch|p2a: Skeledirge|Skeledirge, F|88\/100\n|move|p1a: Appletun|Apple Acid|p2a: Skeledirge\n|-resisted|p2a: Skeledirge\n|-damage|p2a: Skeledirge|74\/100\n|-unboost|p2a: Skeledirge|spd|1\n|\n|-heal|p2a: Skeledirge|80\/100|[from] item: Leftovers\n|-heal|p1a: Appletun|93\/100|[from] item: Leftovers\n|upkeep\n|turn|81\n|\n|t:|1700583319\n|move|p2a: Skeledirge|Yawn|p1a: Appletun\n|-start|p1a: Appletun|move: Yawn|[of] p2a: Skeledirge\n|move|p1a: Appletun|Leech Seed|p2a: Skeledirge|[miss]\n|-miss|p1a: Appletun|p2a: Skeledirge\n|\n|-heal|p2a: Skeledirge|86\/100|[from] item: Leftovers\n|-heal|p1a: Appletun|99\/100|[from] item: Leftovers\n|upkeep\n|turn|82\n|\n|t:|1700583334\n|switch|p1a: Dachsbun|Dachsbun, F, tera:Steel|100\/100\n|move|p2a: Skeledirge|Torch Song|p1a: Dachsbun\n|-ability|p1a: Dachsbun|Well-Baked Body|boost\n|-boost|p1a: Dachsbun|def|2\n|\n|-heal|p2a: Skeledirge|92\/100|[from] item: Leftovers\n|upkeep\n|turn|83\n|\n|t:|1700583344\n|move|p1a: Dachsbun|Yawn|p2a: Skeledirge\n|-start|p2a: Skeledirge|move: Yawn|[of] p1a: Dachsbun\n|move|p2a: Skeledirge|Yawn|p1a: Dachsbun\n|-start|p1a: Dachsbun|move: Yawn|[of] p2a: Skeledirge\n|\n|-heal|p2a: Skeledirge|98\/100|[from] item: Leftovers\n|upkeep\n|turn|84\n|\n|t:|1700583366\n|switch|p1a: Braviary|Braviary, M|4\/100\n|switch|p2a: Meowscarada|Meowscarada, F|69\/100\n|\n|upkeep\n|turn|85\n|\n|t:|1700583378\n|move|p2a: Meowscarada|Play Rough|p1a: Braviary|[miss]\n|-start|p2a: Meowscarada|typechange|Fairy|[from] ability: Protean\n|-miss|p2a: Meowscarada|p1a: Braviary\n|move|p1a: Braviary|Close Combat|p2a: Meowscarada\n|-resisted|p2a: Meowscarada\n|-damage|p2a: Meowscarada|37\/100\n|-unboost|p1a: Braviary|def|1\n|-unboost|p1a: Braviary|spd|1\n|\n|upkeep\n|turn|86\n|\n|t:|1700583398\n|switch|p1a: Dachsbun|Dachsbun, F, tera:Steel|100\/100\n|move|p2a: Meowscarada|Play Rough|p1a: Dachsbun\n|-resisted|p1a: Dachsbun\n|-damage|p1a: Dachsbun|84\/100\n|-unboost|p1a: Dachsbun|atk|1\n|\n|upkeep\n|turn|87\n|\n|t:|1700583409\n|switch|p2a: Goodra|Goodra-Hisui, F, tera:Steel|52\/100 par\n|move|p1a: Dachsbun|Yawn||[still]\n|-fail|p1a: Dachsbun\n|\n|-heal|p2a: Goodra|58\/100 par|[from] item: Leftovers\n|upkeep\n|turn|88\n|\n|t:|1700583420\n|switch|p2a: Skeledirge|Skeledirge, F|98\/100\n|move|p1a: Dachsbun|Body Press|p2a: Skeledirge\n|-immune|p2a: Skeledirge\n|\n|-heal|p2a: Skeledirge|100\/100|[from] item: Leftovers\n|upkeep\n|turn|89\n|\n|t:|1700583430\n|move|p1a: Dachsbun|Yawn|p2a: Skeledirge\n|-start|p2a: Skeledirge|move: Yawn|[of] p1a: Dachsbun\n|move|p2a: Skeledirge|Yawn|p1a: Dachsbun\n|-start|p1a: Dachsbun|move: Yawn|[of] p2a: Skeledirge\n|\n|upkeep\n|turn|90\n|\n|t:|1700583446\n|switch|p1a: Volbeat|Volbeat, M|94\/100\n|switch|p2a: Meowscarada|Meowscarada, F|37\/100\n|\n|upkeep\n|turn|91\n|\n|t:|1700583461\n|move|p2a: Meowscarada|U-turn|p1a: Volbeat\n|-start|p2a: Meowscarada|typechange|Bug|[from] ability: Protean\n|-damage|p1a: Volbeat|65\/100\n|\n|t:|1700583467\n|switch|p2a: Goodra|Goodra-Hisui, F, tera:Steel|58\/100 par|[from] U-turn\n|move|p1a: Volbeat|Ice Punch|p2a: Goodra\n|-resisted|p2a: Goodra\n|-damage|p2a: Goodra|53\/100 par\n|-ability|p2a: Goodra|Gooey\n|-unboost|p1a: Volbeat|spe|1\n|\n|-heal|p2a: Goodra|59\/100 par|[from] item: Leftovers\n|upkeep\n|turn|92\n|\n|t:|1700583489\n|move|p1a: Volbeat|Roost|p1a: Volbeat\n|-heal|p1a: Volbeat|100\/100\n|-singleturn|p1a: Volbeat|move: Roost\n|cant|p2a: Goodra|par\n|\n|-heal|p2a: Goodra|65\/100 par|[from] item: Leftovers\n|upkeep\n|turn|93\n|\n|t:|1700583505\n|move|p1a: Volbeat|Ice Punch|p2a: Goodra\n|-resisted|p2a: Goodra\n|-damage|p2a: Goodra|60\/100 par\n|-ability|p2a: Goodra|Gooey\n|-unboost|p1a: Volbeat|spe|1\n|move|p2a: Goodra|Heavy Slam|p1a: Volbeat\n|-damage|p1a: Volbeat|54\/100\n|\n|-heal|p2a: Goodra|66\/100 par|[from] item: Leftovers\n|upkeep\n|turn|94\n|\n|t:|1700583519\n|move|p1a: Volbeat|Roost|p1a: Volbeat\n|-heal|p1a: Volbeat|100\/100\n|-singleturn|p1a: Volbeat|move: Roost\n|move|p2a: Goodra|Shelter|p2a: Goodra\n|-boost|p2a: Goodra|def|2\n|\n|-heal|p2a: Goodra|72\/100 par|[from] item: Leftovers\n|upkeep\n|turn|95\n|\n|t:|1700583531\n|switch|p2a: Meowscarada|Meowscarada, F|37\/100\n|move|p1a: Volbeat|Encore|p2a: Meowscarada\n|-hint|Since gen 7, Dark is immune to Prankster moves.\n|-immune|p2a: Meowscarada\n|\n|upkeep\n|turn|96\n|\n|t:|1700583548\n|move|p2a: Meowscarada|U-turn|p1a: Volbeat\n|-start|p2a: Meowscarada|typechange|Bug|[from] ability: Protean\n|-damage|p1a: Volbeat|71\/100\n|\n|t:|1700583556\n|switch|p2a: Goodra|Goodra-Hisui, F, tera:Steel|72\/100 par|[from] U-turn\n|move|p1a: Volbeat|Ice Punch|p2a: Goodra\n|-resisted|p2a: Goodra\n|-damage|p2a: Goodra|67\/100 par\n|-ability|p2a: Goodra|Gooey\n|-unboost|p1a: Volbeat|spe|1\n|\n|-heal|p2a: Goodra|73\/100 par|[from] item: Leftovers\n|upkeep\n|turn|97\n|\n|t:|1700583579\n|switch|p1a: Appletun|Appletun, F|99\/100\n|move|p2a: Goodra|Heavy Slam|p1a: Appletun\n|-damage|p1a: Appletun|49\/100\n|\n|-heal|p1a: Appletun|55\/100|[from] item: Leftovers\n|-heal|p2a: Goodra|80\/100 par|[from] item: Leftovers\n|upkeep\n|turn|98\n|\n|t:|1700583591\n|move|p1a: Appletun|Iron Defense|p1a: Appletun\n|-boost|p1a: Appletun|def|2\n|move|p2a: Goodra|Heavy Slam|p1a: Appletun\n|-damage|p1a: Appletun|28\/100\n|\n|-heal|p1a: Appletun|34\/100|[from] item: Leftovers\n|-heal|p2a: Goodra|86\/100 par|[from] item: Leftovers\n|upkeep\n|turn|99\n|\n|t:|1700583603\n|switch|p2a: Meowscarada|Meowscarada, F|37\/100\n|move|p1a: Appletun|Recover|p1a: Appletun\n|-heal|p1a: Appletun|84\/100\n|\n|-heal|p1a: Appletun|90\/100|[from] item: Leftovers\n|upkeep\n|turn|100\n|\n|t:|1700583614\n|move|p2a: Meowscarada|Play Rough|p1a: Appletun\n|-start|p2a: Meowscarada|typechange|Fairy|[from] ability: Protean\n|-supereffective|p1a: Appletun\n|-damage|p1a: Appletun|43\/100\n|move|p1a: Appletun|Leech Seed|p2a: Meowscarada\n|-start|p2a: Meowscarada|move: Leech Seed\n|\n|-heal|p1a: Appletun|50\/100|[from] item: Leftovers\n|-damage|p2a: Meowscarada|25\/100|[from] Leech Seed|[of] p1a: Appletun\n|-heal|p1a: Appletun|58\/100|[silent]\n|upkeep\n|turn|101\n|\n|t:|1700583632\n|switch|p2a: Skeledirge|Skeledirge, F|100\/100\n|move|p1a: Appletun|Recover|p1a: Appletun\n|-heal|p1a: Appletun|100\/100\n|\n|upkeep\n|turn|102\n|\n|t:|1700583643\n|move|p2a: Skeledirge|Yawn|p1a: Appletun\n|-start|p1a: Appletun|move: Yawn|[of] p2a: Skeledirge\n|move|p1a: Appletun|Leech Seed|p2a: Skeledirge\n|-start|p2a: Skeledirge|move: Leech Seed\n|\n|-damage|p2a: Skeledirge|88\/100|[from] Leech Seed|[of] p1a: Appletun\n|upkeep\n|turn|103\n|\n|t:|1700583654\n|switch|p1a: Dachsbun|Dachsbun, F, tera:Steel|84\/100\n|move|p2a: Skeledirge|Shadow Ball|p1a: Dachsbun\n|-damage|p1a: Dachsbun|33\/100\n|\n|-heal|p2a: Skeledirge|94\/100|[from] item: Leftovers\n|-damage|p2a: Skeledirge|82\/100|[from] Leech Seed|[of] p1a: Dachsbun\n|-heal|p1a: Dachsbun|48\/100|[silent]\n|upkeep\n|turn|104\n|\n|t:|1700583667\n|switch|p1a: Braviary|Braviary, M|4\/100\n|move|p2a: Skeledirge|Yawn|p1a: Braviary\n|-start|p1a: Braviary|move: Yawn|[of] p2a: Skeledirge\n|\n|-heal|p2a: Skeledirge|88\/100|[from] item: Leftovers\n|-damage|p2a: Skeledirge|76\/100|[from] Leech Seed|[of] p1a: Braviary\n|-heal|p1a: Braviary|18\/100|[silent]\n|upkeep\n|turn|105\n|\n|t:|1700583680\n|move|p1a: Braviary|U-turn|p2a: Skeledirge\n|-resisted|p2a: Skeledirge\n|-damage|p2a: Skeledirge|70\/100\n|\n|t:|1700583683\n|switch|p1a: Dachsbun|Dachsbun, F, tera:Steel|48\/100|[from] U-turn\n|move|p2a: Skeledirge|Slack Off|p2a: Skeledirge\n|-heal|p2a: Skeledirge|100\/100\n|\n|-damage|p2a: Skeledirge|88\/100|[from] Leech Seed|[of] p1a: Dachsbun\n|-heal|p1a: Dachsbun|63\/100|[silent]\n|upkeep\n|turn|106\n|\n|t:|1700583704\n|switch|p2a: Goodra|Goodra-Hisui, F, tera:Steel|86\/100 par\n|move|p1a: Dachsbun|Yawn||[still]\n|-fail|p1a: Dachsbun\n|\n|-heal|p2a: Goodra|92\/100 par|[from] item: Leftovers\n|upkeep\n|turn|107\n|\n|t:|1700583715\n|move|p1a: Dachsbun|Wish|p1a: Dachsbun\n|cant|p2a: Goodra|par\n|\n|-heal|p2a: Goodra|98\/100 par|[from] item: Leftovers\n|upkeep\n|turn|108\n|\n|t:|1700583738\n|switch|p2a: Meowscarada|Meowscarada, F|25\/100\n|move|p1a: Dachsbun|Body Press|p2a: Meowscarada\n|-supereffective|p2a: Meowscarada\n|-damage|p2a: Meowscarada|0 fnt\n|faint|p2a: Meowscarada\n|\n|-heal|p1a: Dachsbun|100\/100|[from] move: Wish|[wisher] Dachsbun\n|upkeep\n|\n|t:|1700583758\n|switch|p2a: Goodra|Goodra-Hisui, F, tera:Steel|98\/100 par\n|turn|109\n|\n|t:|1700583781\n|switch|p1a: Appletun|Appletun, F|100\/100\n|cant|p2a: Goodra|par\n|\n|-heal|p2a: Goodra|100\/100 par|[from] item: Leftovers\n|upkeep\n|turn|110\n|\n|t:|1700583794\n|move|p1a: Appletun|Leech Seed|p2a: Goodra\n|-start|p2a: Goodra|move: Leech Seed\n|move|p2a: Goodra|Heavy Slam|p1a: Appletun\n|-damage|p1a: Appletun|51\/100\n|\n|-heal|p1a: Appletun|58\/100|[from] item: Leftovers\n|-damage|p2a: Goodra|88\/100 par|[from] Leech Seed|[of] p1a: Appletun\n|-heal|p1a: Appletun|68\/100|[silent]\n|upkeep\n|turn|111\n|\n|t:|1700583825\n|move|p1a: Appletun|Iron Defense|p1a: Appletun\n|-boost|p1a: Appletun|def|2\n|move|p2a: Goodra|Shelter|p2a: Goodra\n|-boost|p2a: Goodra|def|2\n|\n|-heal|p1a: Appletun|74\/100|[from] item: Leftovers\n|-heal|p2a: Goodra|94\/100 par|[from] item: Leftovers\n|-damage|p2a: Goodra|82\/100 par|[from] Leech Seed|[of] p1a: Appletun\n|-heal|p1a: Appletun|84\/100|[silent]\n|upkeep\n|turn|112\n|\n|t:|1700583846\n|move|p1a: Appletun|Iron Defense|p1a: Appletun\n|-boost|p1a: Appletun|def|2\n|cant|p2a: Goodra|par\n|\n|-heal|p1a: Appletun|90\/100|[from] item: Leftovers\n|-heal|p2a: Goodra|88\/100 par|[from] item: Leftovers\n|-damage|p2a: Goodra|75\/100 par|[from] Leech Seed|[of] p1a: Appletun\n|-heal|p1a: Appletun|99\/100|[silent]\n|upkeep\n|turn|113\n|\n|t:|1700583860\n|switch|p2a: Skeledirge|Skeledirge, F|88\/100\n|move|p1a: Appletun|Apple Acid|p2a: Skeledirge\n|-resisted|p2a: Skeledirge\n|-damage|p2a: Skeledirge|75\/100\n|-unboost|p2a: Skeledirge|spd|1\n|\n|-heal|p2a: Skeledirge|81\/100|[from] item: Leftovers\n|-heal|p1a: Appletun|100\/100|[from] item: Leftovers\n|upkeep\n|turn|114\n|\n|t:|1700583882\n|move|p2a: Skeledirge|Shadow Ball|p1a: Appletun\n|-damage|p1a: Appletun|73\/100\n|move|p1a: Appletun|Leech Seed|p2a: Skeledirge\n|-start|p2a: Skeledirge|move: Leech Seed\n|\n|-heal|p2a: Skeledirge|87\/100|[from] item: Leftovers\n|-heal|p1a: Appletun|80\/100|[from] item: Leftovers\n|-damage|p2a: Skeledirge|74\/100|[from] Leech Seed|[of] p1a: Appletun\n|-heal|p1a: Appletun|91\/100|[silent]\n|upkeep\n|turn|115\n|\n|t:|1700583896\n|move|p2a: Skeledirge|Torch Song|p1a: Appletun\n|-damage|p1a: Appletun|78\/100\n|-boost|p2a: Skeledirge|spa|1\n|move|p1a: Appletun|Apple Acid|p2a: Skeledirge\n|-resisted|p2a: Skeledirge\n|-damage|p2a: Skeledirge|55\/100\n|-unboost|p2a: Skeledirge|spd|1\n|\n|-heal|p2a: Skeledirge|61\/100|[from] item: Leftovers\n|-heal|p1a: Appletun|84\/100|[from] item: Leftovers\n|-damage|p2a: Skeledirge|48\/100|[from] Leech Seed|[of] p1a: Appletun\n|-heal|p1a: Appletun|96\/100|[silent]\n|upkeep\n|turn|116\n|\n|t:|1700583914\n|move|p2a: Skeledirge|Torch Song|p1a: Appletun\n|-damage|p1a: Appletun|77\/100\n|-boost|p2a: Skeledirge|spa|1\n|move|p1a: Appletun|Apple Acid|p2a: Skeledirge\n|-resisted|p2a: Skeledirge\n|-damage|p2a: Skeledirge|22\/100\n|-unboost|p2a: Skeledirge|spd|1\n|\n|-heal|p2a: Skeledirge|28\/100|[from] item: Leftovers\n|-heal|p1a: Appletun|83\/100|[from] item: Leftovers\n|-damage|p2a: Skeledirge|16\/100|[from] Leech Seed|[of] p1a: Appletun\n|-heal|p1a: Appletun|94\/100|[silent]\n|upkeep\n|turn|117\n|\n|t:|1700583931\n|move|p2a: Skeledirge|Slack Off|p2a: Skeledirge\n|-heal|p2a: Skeledirge|66\/100\n|move|p1a: Appletun|Apple Acid|p2a: Skeledirge\n|-resisted|p2a: Skeledirge\n|-damage|p2a: Skeledirge|35\/100\n|-unboost|p2a: Skeledirge|spd|1\n|\n|-heal|p2a: Skeledirge|41\/100|[from] item: Leftovers\n|-heal|p1a: Appletun|100\/100|[from] item: Leftovers\n|-damage|p2a: Skeledirge|29\/100|[from] Leech Seed|[of] p1a: Appletun\n|upkeep\n|turn|118\n|\n|t:|1700583946\n|move|p2a: Skeledirge|Slack Off|p2a: Skeledirge\n|-heal|p2a: Skeledirge|79\/100\n|move|p1a: Appletun|Apple Acid|p2a: Skeledirge\n|-resisted|p2a: Skeledirge\n|-damage|p2a: Skeledirge|40\/100\n|-unboost|p2a: Skeledirge|spd|1\n|\n|-heal|p2a: Skeledirge|46\/100|[from] item: Leftovers\n|-damage|p2a: Skeledirge|34\/100|[from] Leech Seed|[of] p1a: Appletun\n|upkeep\n|turn|119\n|\n|t:|1700583960\n|move|p2a: Skeledirge|Slack Off|p2a: Skeledirge\n|-heal|p2a: Skeledirge|84\/100\n|move|p1a: Appletun|Apple Acid|p2a: Skeledirge\n|-resisted|p2a: Skeledirge\n|-damage|p2a: Skeledirge|34\/100\n|-unboost|p2a: Skeledirge|spd|1\n|\n|-heal|p2a: Skeledirge|40\/100|[from] item: Leftovers\n|-damage|p2a: Skeledirge|28\/100|[from] Leech Seed|[of] p1a: Appletun\n|upkeep\n|turn|120\n|\n|t:|1700583975\n|switch|p2a: Goodra|Goodra-Hisui, F, tera:Steel|75\/100 par\n|move|p1a: Appletun|Apple Acid|p2a: Goodra\n|-resisted|p2a: Goodra\n|-damage|p2a: Goodra|66\/100 par\n|-unboost|p2a: Goodra|spd|1\n|\n|-heal|p2a: Goodra|73\/100 par|[from] item: Leftovers\n|upkeep\n|turn|121\n|\n|t:|1700583988\n|move|p1a: Appletun|Leech Seed|p2a: Goodra\n|-start|p2a: Goodra|move: Leech Seed\n|cant|p2a: Goodra|par\n|\n|-heal|p2a: Goodra|79\/100 par|[from] item: Leftovers\n|-damage|p2a: Goodra|66\/100 par|[from] Leech Seed|[of] p1a: Appletun\n|upkeep\n|turn|122\n|\n|t:|1700584014\n|move|p1a: Appletun|Iron Defense|p1a: Appletun\n|-boost|p1a: Appletun|def|2\n|move|p2a: Goodra|Heavy Slam|p1a: Appletun\n|-damage|p1a: Appletun|87\/100\n|\n|-heal|p1a: Appletun|93\/100|[from] item: Leftovers\n|-heal|p2a: Goodra|72\/100 par|[from] item: Leftovers\n|-damage|p2a: Goodra|60\/100 par|[from] Leech Seed|[of] p1a: Appletun\n|-heal|p1a: Appletun|100\/100|[silent]\n|upkeep\n|turn|123\n|\n|t:|1700584031\n|move|p1a: Appletun|Iron Defense|p1a: Appletun\n|-boost|p1a: Appletun|def|0\n|move|p2a: Goodra|Ice Spinner|p1a: Appletun\n|-supereffective|p1a: Appletun\n|-damage|p1a: Appletun|91\/100\n|\n|-heal|p1a: Appletun|97\/100|[from] item: Leftovers\n|-heal|p2a: Goodra|66\/100 par|[from] item: Leftovers\n|-damage|p2a: Goodra|53\/100 par|[from] Leech Seed|[of] p1a: Appletun\n|-heal|p1a: Appletun|100\/100|[silent]\n|upkeep\n|turn|124\n|\n|t:|1700584048\n|move|p1a: Appletun|Iron Defense|p1a: Appletun\n|-boost|p1a: Appletun|def|0\n|move|p2a: Goodra|Heavy Slam|p1a: Appletun\n|-damage|p1a: Appletun|87\/100\n|\n|-heal|p1a: Appletun|93\/100|[from] item: Leftovers\n|-heal|p2a: Goodra|60\/100 par|[from] item: Leftovers\n|-damage|p2a: Goodra|47\/100 par|[from] Leech Seed|[of] p1a: Appletun\n|-heal|p1a: Appletun|100\/100|[silent]\n|upkeep\n|turn|125\n|\n|t:|1700584064\n|switch|p2a: Skeledirge|Skeledirge, F|28\/100\n|move|p1a: Appletun|Iron Defense|p1a: Appletun\n|-boost|p1a: Appletun|def|0\n|\n|-heal|p2a: Skeledirge|34\/100|[from] item: Leftovers\n|upkeep\n|turn|126\n|\n|t:|1700584077\n|switch|p1a: Braviary|Braviary, M|18\/100\n|move|p2a: Skeledirge|Slack Off|p2a: Skeledirge\n|-heal|p2a: Skeledirge|84\/100\n|\n|-heal|p2a: Skeledirge|90\/100|[from] item: Leftovers\n|upkeep\n|turn|127\n|\n|t:|1700584090\n|move|p1a: Braviary|Brave Bird|p2a: Skeledirge\n|-damage|p2a: Skeledirge|36\/100\n|-damage|p1a: Braviary|0 fnt|[from] Recoil\n|faint|p1a: Braviary\n|move|p2a: Skeledirge|Torch Song|p1: Braviary|[notarget]\n|-fail|p2a: Skeledirge\n|\n|-heal|p2a: Skeledirge|42\/100|[from] item: Leftovers\n|upkeep\n|\n|t:|1700584117\n|switch|p1a: Dachsbun|Dachsbun, F, tera:Steel|100\/100\n|turn|128\n|\n|t:|1700584123\n|move|p1a: Dachsbun|Yawn|p2a: Skeledirge\n|-start|p2a: Skeledirge|move: Yawn|[of] p1a: Dachsbun\n|move|p2a: Skeledirge|Slack Off|p2a: Skeledirge\n|-heal|p2a: Skeledirge|92\/100\n|\n|-heal|p2a: Skeledirge|98\/100|[from] item: Leftovers\n|upkeep\n|turn|129\n|\n|t:|1700584135\n|switch|p2a: Goodra|Goodra-Hisui, F, tera:Steel|47\/100 par\n|move|p1a: Dachsbun|Body Press|p2a: Goodra\n|-supereffective|p2a: Goodra\n|-damage|p2a: Goodra|1\/100 par\n|-ability|p2a: Goodra|Gooey\n|-unboost|p1a: Dachsbun|spe|1\n|\n|-heal|p2a: Goodra|7\/100 par|[from] item: Leftovers\n|upkeep\n|turn|130\n|\n|t:|1700584152\n|switch|p2a: Skeledirge|Skeledirge, F|98\/100\n|move|p1a: Dachsbun|Yawn|p2a: Skeledirge\n|-start|p2a: Skeledirge|move: Yawn|[of] p1a: Dachsbun\n|\n|-heal|p2a: Skeledirge|100\/100|[from] item: Leftovers\n|upkeep\n|turn|131\n|\n|t:|1700584164\n|switch|p2a: Goodra|Goodra-Hisui, F, tera:Steel|7\/100 par\n|move|p1a: Dachsbun|Body Press|p2a: Goodra\n|-supereffective|p2a: Goodra\n|-damage|p2a: Goodra|0 fnt\n|-ability|p2a: Goodra|Gooey\n|-unboost|p1a: Dachsbun|spe|1\n|faint|p2a: Goodra\n|\n|upkeep\n|\n|t:|1700584176\n|switch|p2a: Skeledirge|Skeledirge, F|100\/100\n|turn|132\n|\n|t:|1700584180\n|move|p2a: Skeledirge|Shadow Ball|p1a: Dachsbun\n|-damage|p1a: Dachsbun|52\/100\n|move|p1a: Dachsbun|Yawn|p2a: Skeledirge\n|-start|p2a: Skeledirge|move: Yawn|[of] p1a: Dachsbun\n|\n|upkeep\n|turn|133\n|\n|t:|1700584189\n|move|p2a: Skeledirge|Shadow Ball|p1a: Dachsbun\n|-damage|p1a: Dachsbun|0 fnt\n|faint|p1a: Dachsbun\n|\n|-end|p2a: Skeledirge|move: Yawn|[silent]\n|-status|p2a: Skeledirge|slp\n|upkeep\n|\n|t:|1700584197\n|switch|p1a: Appletun|Appletun, F|100\/100\n|turn|134\n|\n|t:|1700584212\n|cant|p2a: Skeledirge|slp\n|move|p1a: Appletun|Leech Seed|p2a: Skeledirge\n|-start|p2a: Skeledirge|move: Leech Seed\n|\n|-damage|p2a: Skeledirge|88\/100 slp|[from] Leech Seed|[of] p1a: Appletun\n|upkeep\n|turn|135\n|\n|t:|1700584236\n|cant|p2a: Skeledirge|slp\n|move|p1a: Appletun|Apple Acid|p2a: Skeledirge\n|-resisted|p2a: Skeledirge\n|-damage|p2a: Skeledirge|75\/100 slp\n|-unboost|p2a: Skeledirge|spd|1\n|\n|-heal|p2a: Skeledirge|81\/100 slp|[from] item: Leftovers\n|-damage|p2a: Skeledirge|69\/100 slp|[from] Leech Seed|[of] p1a: Appletun\n|upkeep\n|turn|136\n|\n|t:|1700584249\n|cant|p2a: Skeledirge|slp\n|move|p1a: Appletun|Apple Acid|p2a: Skeledirge\n|-resisted|p2a: Skeledirge\n|-damage|p2a: Skeledirge|51\/100 slp\n|-unboost|p2a: Skeledirge|spd|1\n|\n|-heal|p2a: Skeledirge|57\/100 slp|[from] item: Leftovers\n|-damage|p2a: Skeledirge|44\/100 slp|[from] Leech Seed|[of] p1a: Appletun\n|upkeep\n|turn|137\n|\n|t:|1700584261\n|switch|p1a: Volbeat|Volbeat, M|71\/100\n|-curestatus|p2a: Skeledirge|slp|[msg]\n|move|p2a: Skeledirge|Torch Song|p1a: Volbeat\n|-supereffective|p1a: Volbeat\n|-damage|p1a: Volbeat|0 fnt\n|-boost|p2a: Skeledirge|spa|1\n|faint|p1a: Volbeat\n|\n|-heal|p2a: Skeledirge|50\/100|[from] item: Leftovers\n|upkeep\n|\n|t:|1700584273\n|switch|p1a: Appletun|Appletun, F|100\/100\n|turn|138\n|\n|t:|1700584280\n|move|p2a: Skeledirge|Torch Song|p1a: Appletun\n|-damage|p1a: Appletun|82\/100\n|-boost|p2a: Skeledirge|spa|1\n|move|p1a: Appletun|Iron Defense|p1a: Appletun\n|-boost|p1a: Appletun|def|2\n|\n|-heal|p2a: Skeledirge|56\/100|[from] item: Leftovers\n|-heal|p1a: Appletun|88\/100|[from] item: Leftovers\n|-damage|p2a: Skeledirge|44\/100|[from] Leech Seed|[of] p1a: Appletun\n|-heal|p1a: Appletun|99\/100|[silent]\n|upkeep\n|turn|139\n|\n|t:|1700584297\n|move|p2a: Skeledirge|Torch Song|p1a: Appletun\n|-crit|p1a: Appletun\n|-damage|p1a: Appletun|62\/100\n|-boost|p2a: Skeledirge|spa|1\n|move|p1a: Appletun|Recover|p1a: Appletun\n|-heal|p1a: Appletun|100\/100\n|\n|-heal|p2a: Skeledirge|50\/100|[from] item: Leftovers\n|-damage|p2a: Skeledirge|38\/100|[from] Leech Seed|[of] p1a: Appletun\n|upkeep\n|turn|140\n|\n|t:|1700584312\n|move|p2a: Skeledirge|Shadow Ball|p1a: Appletun\n|-damage|p1a: Appletun|33\/100\n|-unboost|p1a: Appletun|spd|1\n|move|p1a: Appletun|Recover|p1a: Appletun\n|-heal|p1a: Appletun|83\/100\n|\n|-heal|p2a: Skeledirge|44\/100|[from] item: Leftovers\n|-heal|p1a: Appletun|89\/100|[from] item: Leftovers\n|-damage|p2a: Skeledirge|32\/100|[from] Leech Seed|[of] p1a: Appletun\n|-heal|p1a: Appletun|99\/100|[silent]\n|upkeep\n|turn|141\n|\n|t:|1700584327\n|move|p2a: Skeledirge|Shadow Ball|p1a: Appletun\n|-damage|p1a: Appletun|39\/100\n|move|p1a: Appletun|Recover|p1a: Appletun\n|-heal|p1a: Appletun|89\/100\n|\n|-heal|p2a: Skeledirge|38\/100|[from] item: Leftovers\n|-heal|p1a: Appletun|95\/100|[from] item: Leftovers\n|-damage|p2a: Skeledirge|25\/100|[from] Leech Seed|[of] p1a: Appletun\n|-heal|p1a: Appletun|100\/100|[silent]\n|upkeep\n|turn|142\n|\n|t:|1700584342\n|move|p2a: Skeledirge|Torch Song|p1a: Appletun\n|-damage|p1a: Appletun|66\/100\n|-boost|p2a: Skeledirge|spa|1\n|move|p1a: Appletun|Recover|p1a: Appletun\n|-heal|p1a: Appletun|100\/100\n|\n|-heal|p2a: Skeledirge|31\/100|[from] item: Leftovers\n|-damage|p2a: Skeledirge|19\/100|[from] Leech Seed|[of] p1a: Appletun\n|upkeep\n|turn|143\n|\n|t:|1700584363\n|move|p2a: Skeledirge|Shadow Ball|p1a: Appletun\n|-damage|p1a: Appletun|14\/100\n|move|p1a: Appletun|Recover|p1a: Appletun\n|-heal|p1a: Appletun|64\/100\n|\n|-heal|p2a: Skeledirge|25\/100|[from] item: Leftovers\n|-heal|p1a: Appletun|70\/100|[from] item: Leftovers\n|-damage|p2a: Skeledirge|13\/100|[from] Leech Seed|[of] p1a: Appletun\n|-heal|p1a: Appletun|82\/100|[silent]\n|upkeep\n|turn|144\n|\n|t:|1700584377\n|move|p2a: Skeledirge|Shadow Ball|p1a: Appletun\n|-damage|p1a: Appletun|0 fnt\n|faint|p1a: Appletun\n|\n|win|Ivan9plus\n|l|\u2606Red Ragnor\n","uploadtime":1700584424,"views":8,"p1id":"redragnor","p2id":"ivan9plus","formatid":"gen9nationaldex","rating":0,"private":0,"password":""}