{"id":"gen9nationaldex-1987563460","p1":"The_Gaiser","p2":"Faiz Kediri Butuh","format":"[Gen 9] National Dex","log":"|j|\u2606The_Gaiser\n|j|\u2606Faiz Kediri Butuh\n|t:|1699612622\n|gametype|singles\n|player|p1|The_Gaiser|102|1395\n|player|p2|Faiz Kediri Butuh|preschoolerf-gen7|1336\n|teamsize|p1|6\n|teamsize|p2|6\n|gen|9\n|tier|[Gen 9] National Dex\n|rated|\n|rule|HP Percentage Mod: HP is shown in percentages\n|rule|Endless Battle Clause: Forcing endless battles is banned\n|rule|OHKO Clause: OHKO moves are banned\n|rule|Evasion Clause: Evasion abilities, items, and moves are banned\n|rule|Evasion Abilities Clause: Evasion abilities are banned\n|rule|Evasion Items Clause: Evasion items are banned\n|rule|Evasion Moves Clause: Evasion moves are banned\n|rule|Species Clause: Limit one of each Pok\u00e9mon\n|rule|Sleep Clause Mod: Limit one foe put to sleep\n|clearpoke\n|poke|p1|Lopunny, F|\n|poke|p1|Tapu Lele|\n|poke|p1|Heatran, F|\n|poke|p1|Ferrothorn, M|\n|poke|p1|Landorus-Therian, M|\n|poke|p1|Great Tusk|\n|poke|p2|Malamar, F|\n|poke|p2|Quagsire, F|\n|poke|p2|Clefable, F|\n|poke|p2|Manectric, F|\n|poke|p2|Sandaconda, F|\n|poke|p2|Gyarados, F|\n|teampreview\n|inactive|Battle timer is ON: inactive players will automatically lose when time's up. (requested by Faiz Kediri Butuh)\n|c|\u2606The_Gaiser|hello there\n|c|\u2606The_Gaiser|gl, hf\n|\n|t:|1699612650\n|start\n|switch|p1a: Lopunny|Lopunny, F|100\/100\n|switch|p2a: Thicc Snake|Sandaconda, F|100\/100\n|turn|1\n|c|\u2606Faiz Kediri Butuh|hello\n|c|\u2606Faiz Kediri Butuh|glhf\n|\n|t:|1699612671\n|detailschange|p1a: Lopunny|Lopunny-Mega, F\n|-mega|p1a: Lopunny|Lopunny|Lopunnite\n|move|p1a: Lopunny|Fake Out|p2a: Thicc Snake\n|-damage|p2a: Thicc Snake|84\/100\n|cant|p2a: Thicc Snake|flinch\n|\n|upkeep\n|turn|2\n|\n|t:|1699612685\n|move|p1a: Lopunny|U-turn|p2a: Thicc Snake\n|-damage|p2a: Thicc Snake|65\/100\n|\n|t:|1699612695\n|switch|p1a: Landorus|Landorus-Therian, M|100\/100|[from] U-turn\n|-ability|p1a: Landorus|Intimidate|boost\n|-unboost|p2a: Thicc Snake|atk|1\n|move|p2a: Thicc Snake|Glare|p1a: Landorus\n|-status|p1a: Landorus|par\n|\n|upkeep\n|turn|3\n|inactive|The_Gaiser has 120 seconds left.\n|\n|t:|1699612726\n|move|p2a: Thicc Snake|Stealth Rock|p1a: Landorus\n|-sidestart|p1: The_Gaiser|move: Stealth Rock\n|move|p1a: Landorus|Toxic|p2a: Thicc Snake\n|-status|p2a: Thicc Snake|tox\n|\n|-damage|p2a: Thicc Snake|59\/100 tox|[from] psn\n|upkeep\n|turn|4\n|\n|t:|1699612738\n|move|p2a: Thicc Snake|Iron Head|p1a: Landorus\n|-damage|p1a: Landorus|88\/100 par\n|-damage|p2a: Thicc Snake|42\/100 tox|[from] item: Rocky Helmet|[of] p1a: Landorus\n|move|p1a: Landorus|Stealth Rock|p2a: Thicc Snake\n|-sidestart|p2: Faiz Kediri Butuh|move: Stealth Rock\n|\n|-damage|p2a: Thicc Snake|30\/100 tox|[from] psn\n|upkeep\n|turn|5\n|\n|t:|1699612752\n|move|p2a: Thicc Snake|Iron Head|p1a: Landorus\n|-damage|p1a: Landorus|77\/100 par\n|-damage|p2a: Thicc Snake|14\/100 tox|[from] item: Rocky Helmet|[of] p1a: Landorus\n|cant|p1a: Landorus|flinch\n|\n|-damage|p2a: Thicc Snake|0 fnt|[from] psn\n|faint|p2a: Thicc Snake\n|upkeep\n|\n|t:|1699612764\n|switch|p2a: Dark Squidward|Malamar, F|100\/100\n|-damage|p2a: Dark Squidward|88\/100|[from] Stealth Rock\n|turn|6\n|\n|t:|1699612775\n|move|p2a: Dark Squidward|Knock Off|p1a: Landorus\n|-damage|p1a: Landorus|45\/100 par\n|-damage|p2a: Dark Squidward|71\/100|[from] item: Rocky Helmet|[of] p1a: Landorus\n|-enditem|p1a: Landorus|Rocky Helmet|[from] move: Knock Off|[of] p2a: Dark Squidward\n|-heal|p2a: Dark Squidward|76\/100|[from] item: Shell Bell|[of] p1a: Landorus\n|move|p1a: Landorus|U-turn|p2a: Dark Squidward\n|-supereffective|p2a: Dark Squidward\n|-damage|p2a: Dark Squidward|0 fnt\n|faint|p2a: Dark Squidward\n|\n|t:|1699612784\n|switch|p1a: Lopunny|Lopunny-Mega, F|100\/100|[from] U-turn\n|-damage|p1a: Lopunny|95\/100|[from] Stealth Rock\n|\n|upkeep\n|\n|t:|1699612794\n|switch|p2a: Cute Gengar|Clefable, F|100\/100\n|turn|7\n|\n|t:|1699612799\n|move|p1a: Lopunny|Fake Out|p2a: Cute Gengar\n|-damage|p2a: Cute Gengar|78\/100\n|cant|p2a: Cute Gengar|flinch\n|\n|upkeep\n|turn|8\n|\n|t:|1699612805\n|move|p1a: Lopunny|U-turn|p2a: Cute Gengar\n|-resisted|p2a: Cute Gengar\n|-damage|p2a: Cute Gengar|65\/100\n|\n|t:|1699612817\n|switch|p1a: Heatran|Heatran, F|100\/100|[from] U-turn\n|-damage|p1a: Heatran|88\/100|[from] Stealth Rock\n|move|p2a: Cute Gengar|Thunder Wave|p1a: Heatran\n|-status|p1a: Heatran|par\n|\n|-heal|p1a: Heatran|94\/100 par|[from] item: Leftovers\n|upkeep\n|turn|9\n|\n|t:|1699612828\n|move|p2a: Cute Gengar|Soft-Boiled|p2a: Cute Gengar\n|-heal|p2a: Cute Gengar|100\/100\n|cant|p1a: Heatran|par\n|\n|-heal|p1a: Heatran|100\/100 par|[from] item: Leftovers\n|upkeep\n|turn|10\n|c|\u2606The_Gaiser|damn it your team has lots of para\n|\n|t:|1699612842\n|move|p2a: Cute Gengar|Moonblast|p1a: Heatran\n|-resisted|p1a: Heatran\n|-damage|p1a: Heatran|95\/100 par\n|move|p1a: Heatran|Taunt|p2a: Cute Gengar\n|-start|p2a: Cute Gengar|move: Taunt\n|\n|-heal|p1a: Heatran|100\/100 par|[from] item: Leftovers\n|upkeep\n|turn|11\n|\n|t:|1699612852\n|move|p2a: Cute Gengar|Moonblast|p1a: Heatran\n|-resisted|p1a: Heatran\n|-damage|p1a: Heatran|95\/100 par\n|move|p1a: Heatran|Magma Storm|p2a: Cute Gengar\n|-damage|p2a: Cute Gengar|63\/100\n|-activate|p2a: Cute Gengar|move: Magma Storm|[of] p1a: Heatran\n|\n|-heal|p1a: Heatran|100\/100 par|[from] item: Leftovers\n|upkeep\n|turn|12\n|\n|t:|1699612863\n|move|p2a: Cute Gengar|Moonblast|p1a: Heatran\n|-resisted|p1a: Heatran\n|-damage|p1a: Heatran|95\/100 par\n|-unboost|p1a: Heatran|spa|1\n|cant|p1a: Heatran|par\n|\n|-heal|p1a: Heatran|100\/100 par|[from] item: Leftovers\n|upkeep\n|turn|13\n|\n|t:|1699612873\n|move|p2a: Cute Gengar|Moonblast|p1a: Heatran\n|-resisted|p1a: Heatran\n|-damage|p1a: Heatran|95\/100 par\n|move|p1a: Heatran|Magma Storm|p2a: Cute Gengar|[miss]\n|-miss|p1a: Heatran|p2a: Cute Gengar\n|\n|-heal|p1a: Heatran|100\/100 par|[from] item: Leftovers\n|-end|p2a: Cute Gengar|move: Taunt\n|upkeep\n|turn|14\n|c|\u2606The_Gaiser|you know you can't break heatran?\n|\n|t:|1699612884\n|move|p2a: Cute Gengar|Soft-Boiled|p2a: Cute Gengar\n|-heal|p2a: Cute Gengar|100\/100\n|move|p1a: Heatran|Taunt|p2a: Cute Gengar\n|-start|p2a: Cute Gengar|move: Taunt\n|\n|upkeep\n|turn|15\n|c|\u2606Faiz Kediri Butuh|i know\n|\n|t:|1699612896\n|move|p2a: Cute Gengar|Moonblast|p1a: Heatran\n|-resisted|p1a: Heatran\n|-damage|p1a: Heatran|95\/100 par\n|move|p1a: Heatran|Earth Power|p2a: Cute Gengar\n|-damage|p2a: Cute Gengar|84\/100\n|\n|-heal|p1a: Heatran|100\/100 par|[from] item: Leftovers\n|upkeep\n|turn|16\n|c|\u2606The_Gaiser|I forgot you can't switch out lol\n|c|\u2606The_Gaiser|sorry ahahah\n|\n|t:|1699612909\n|move|p2a: Cute Gengar|Moonblast|p1a: Heatran\n|-resisted|p1a: Heatran\n|-damage|p1a: Heatran|96\/100 par\n|-unboost|p1a: Heatran|spa|1\n|move|p1a: Heatran|Earth Power|p2a: Cute Gengar\n|-damage|p2a: Cute Gengar|73\/100\n|\n|-heal|p1a: Heatran|100\/100 par|[from] item: Leftovers\n|-end|p2a: Cute Gengar|Magma Storm|[partiallytrapped]\n|upkeep\n|turn|17\n|\n|t:|1699612923\n|move|p2a: Cute Gengar|Moonblast|p1a: Heatran\n|-resisted|p1a: Heatran\n|-damage|p1a: Heatran|95\/100 par\n|cant|p1a: Heatran|par\n|\n|-heal|p1a: Heatran|100\/100 par|[from] item: Leftovers\n|-end|p2a: Cute Gengar|move: Taunt\n|upkeep\n|turn|18\n|\n|t:|1699612932\n|move|p2a: Cute Gengar|Moonblast|p1a: Heatran\n|-resisted|p1a: Heatran\n|-damage|p1a: Heatran|95\/100 par\n|cant|p1a: Heatran|par\n|\n|-heal|p1a: Heatran|100\/100 par|[from] item: Leftovers\n|upkeep\n|turn|19\n|\n|t:|1699612940\n|move|p2a: Cute Gengar|Moonblast|p1a: Heatran\n|-resisted|p1a: Heatran\n|-damage|p1a: Heatran|95\/100 par\n|cant|p1a: Heatran|par\n|\n|-heal|p1a: Heatran|100\/100 par|[from] item: Leftovers\n|upkeep\n|turn|20\n|\n|t:|1699612950\n|move|p2a: Cute Gengar|Moonblast|p1a: Heatran\n|-resisted|p1a: Heatran\n|-damage|p1a: Heatran|95\/100 par\n|move|p1a: Heatran|Taunt|p2a: Cute Gengar\n|-start|p2a: Cute Gengar|move: Taunt\n|\n|-heal|p1a: Heatran|100\/100 par|[from] item: Leftovers\n|upkeep\n|turn|21\n|\n|t:|1699612960\n|move|p2a: Cute Gengar|Moonblast|p1a: Heatran\n|-resisted|p1a: Heatran\n|-damage|p1a: Heatran|95\/100 par\n|-unboost|p1a: Heatran|spa|1\n|move|p1a: Heatran|Magma Storm|p2a: Cute Gengar\n|-damage|p2a: Cute Gengar|57\/100\n|-activate|p2a: Cute Gengar|move: Magma Storm|[of] p1a: Heatran\n|\n|-heal|p1a: Heatran|100\/100 par|[from] item: Leftovers\n|upkeep\n|turn|22\n|c|\u2606The_Gaiser|yeah imma wait til you can't moonblast lol\n|\n|t:|1699612971\n|move|p2a: Cute Gengar|Moonblast|p1a: Heatran\n|-resisted|p1a: Heatran\n|-damage|p1a: Heatran|95\/100 par\n|-unboost|p1a: Heatran|spa|1\n|cant|p1a: Heatran|par\n|\n|-heal|p1a: Heatran|100\/100 par|[from] item: Leftovers\n|upkeep\n|turn|23\n|\n|t:|1699612982\n|move|p2a: Cute Gengar|Moonblast|p1a: Heatran\n|-resisted|p1a: Heatran\n|-damage|p1a: Heatran|95\/100 par\n|move|p1a: Heatran|Magma Storm|p2a: Cute Gengar|[miss]\n|-miss|p1a: Heatran|p2a: Cute Gengar\n|\n|-heal|p1a: Heatran|100\/100 par|[from] item: Leftovers\n|-end|p2a: Cute Gengar|move: Taunt\n|upkeep\n|turn|24\n|\n|t:|1699612993\n|move|p2a: Cute Gengar|Soft-Boiled|p2a: Cute Gengar\n|-heal|p2a: Cute Gengar|100\/100\n|move|p1a: Heatran|Taunt|p2a: Cute Gengar\n|-start|p2a: Cute Gengar|move: Taunt\n|\n|upkeep\n|turn|25\n|\n|t:|1699613002\n|move|p2a: Cute Gengar|Moonblast|p1a: Heatran\n|-resisted|p1a: Heatran\n|-damage|p1a: Heatran|95\/100 par\n|move|p1a: Heatran|Earth Power|p2a: Cute Gengar\n|-damage|p2a: Cute Gengar|93\/100\n|\n|-heal|p1a: Heatran|100\/100 par|[from] item: Leftovers\n|-end|p2a: Cute Gengar|Magma Storm|[partiallytrapped]\n|upkeep\n|turn|26\n|\n|t:|1699613016\n|switch|p2a: Leviathan|Gyarados, F|100\/100\n|cant|p1a: Heatran|par\n|\n|upkeep\n|turn|27\n|\n|t:|1699613025\n|switch|p2a: Cute Gengar|Clefable, F|93\/100\n|move|p1a: Heatran|Taunt|p2a: Cute Gengar\n|-start|p2a: Cute Gengar|move: Taunt\n|\n|upkeep\n|turn|28\n|\n|t:|1699613032\n|switch|p1a: Ferrothorn|Ferrothorn, M|100\/100\n|-damage|p1a: Ferrothorn|94\/100|[from] Stealth Rock\n|move|p2a: Cute Gengar|Moonblast|p1a: Ferrothorn\n|-resisted|p1a: Ferrothorn\n|-damage|p1a: Ferrothorn|80\/100\n|\n|-heal|p1a: Ferrothorn|86\/100|[from] item: Leftovers\n|upkeep\n|turn|29\n|\n|t:|1699613043\n|move|p2a: Cute Gengar|Flamethrower|p1a: Ferrothorn\n|-supereffective|p1a: Ferrothorn\n|-damage|p1a: Ferrothorn|10\/100\n|-status|p1a: Ferrothorn|brn\n|move|p1a: Ferrothorn|Knock Off|p2a: Cute Gengar\n|-resisted|p2a: Cute Gengar\n|-damage|p2a: Cute Gengar|88\/100\n|-enditem|p2a: Cute Gengar|Focus Sash|[from] move: Knock Off|[of] p1a: Ferrothorn\n|\n|-heal|p1a: Ferrothorn|16\/100 brn|[from] item: Leftovers\n|-damage|p1a: Ferrothorn|10\/100 brn|[from] brn\n|-end|p2a: Cute Gengar|move: Taunt\n|upkeep\n|turn|30\n|c|\u2606The_Gaiser|jesus\n|\n|t:|1699613064\n|switch|p1a: Landorus|Landorus-Therian, M|45\/100 par\n|-damage|p1a: Landorus|33\/100 par|[from] Stealth Rock\n|-ability|p1a: Landorus|Intimidate|boost\n|-unboost|p2a: Cute Gengar|atk|1\n|move|p2a: Cute Gengar|Moonblast|p1a: Landorus\n|-crit|p1a: Landorus\n|-damage|p1a: Landorus|0 fnt\n|faint|p1a: Landorus\n|\n|upkeep\n|\n|t:|1699613071\n|switch|p1a: Tapu Lele|Tapu Lele|100\/100\n|-damage|p1a: Tapu Lele|88\/100|[from] Stealth Rock\n|-fieldstart|move: Psychic Terrain|[from] ability: Psychic Surge|[of] p1a: Tapu Lele\n|turn|31\n|\n|t:|1699613079\n|move|p1a: Tapu Lele|Psyshock|p2a: Cute Gengar\n|-damage|p2a: Cute Gengar|0 fnt\n|faint|p2a: Cute Gengar\n|\n|upkeep\n|c|\u2606The_Gaiser|this clefable was hella annoying\n|c|\u2606Faiz Kediri Butuh|i stll have quagsire\n|inactive|Faiz Kediri Butuh has 120 seconds left.\n|\n|t:|1699613112\n|switch|p2a: Paw Patrol|Manectric, F|100\/100\n|-damage|p2a: Paw Patrol|88\/100|[from] Stealth Rock\n|turn|32\n|c|\u2606The_Gaiser|i know\n|inactive|Faiz Kediri Butuh has 120 seconds left.\n|c|\u2606The_Gaiser|that's the worst part\n|\n|t:|1699613136\n|switch|p1a: Heatran|Heatran, F|100\/100 par\n|-damage|p1a: Heatran|88\/100 par|[from] Stealth Rock\n|detailschange|p2a: Paw Patrol|Manectric-Mega, F\n|-mega|p2a: Paw Patrol|Manectric|Manectite\n|-ability|p2a: Paw Patrol|Intimidate|boost\n|-unboost|p1a: Heatran|atk|1\n|move|p2a: Paw Patrol|Thunder Wave|p1a: Heatran\n|-fail|p1a: Heatran|par\n|\n|-heal|p1a: Heatran|94\/100 par|[from] item: Leftovers\n|upkeep\n|turn|33\n|\n|t:|1699613150\n|switch|p2a: Leviathan|Gyarados, F|100\/100\n|cant|p1a: Heatran|par\n|\n|-heal|p1a: Heatran|100\/100 par|[from] item: Leftovers\n|upkeep\n|turn|34\n|\n|t:|1699613164\n|switch|p2a: Masbro|Quagsire, F|100\/100\n|-damage|p2a: Masbro|94\/100|[from] Stealth Rock\n|switch|p1a: Ferrothorn|Ferrothorn, M|10\/100 brn\n|-damage|p1a: Ferrothorn|4\/100 brn|[from] Stealth Rock\n|\n|-heal|p2a: Masbro|100\/100|[from] item: Leftovers\n|-heal|p1a: Ferrothorn|10\/100 brn|[from] item: Leftovers\n|-damage|p1a: Ferrothorn|4\/100 brn|[from] brn\n|upkeep\n|turn|35\n|\n|t:|1699613177\n|move|p2a: Masbro|Earthquake|p1a: Ferrothorn\n|-damage|p1a: Ferrothorn|0 fnt\n|faint|p1a: Ferrothorn\n|\n|-fieldend|move: Psychic Terrain\n|upkeep\n|c|\u2606The_Gaiser|but it's funny cause your team doesn't really look like the classic stall team\n|c|\u2606Faiz Kediri Butuh|nope\n|c|\u2606The_Gaiser|i mean, it isn't anyway with Gyarados and Manecrtic\n|inactive|The_Gaiser has 120 seconds left.\n|c|\u2606The_Gaiser|but it has quite the stall capacity\n|\n|t:|1699613212\n|switch|p1a: Great Tusk|Great Tusk|100\/100\n|-damage|p1a: Great Tusk|98\/100|[from] Stealth Rock\n|turn|36\n|inactive|Faiz Kediri Butuh has 120 seconds left.\n|c|\u2606Faiz Kediri Butuh|but that's not really stall\n|c|\u2606The_Gaiser|yeah I know\n|c|\u2606The_Gaiser|it's less stally than mine lol\n|c|\u2606Faiz Kediri Butuh|i mean like dondozo and gliscor\n|\n|t:|1699613245\n|move|p1a: Great Tusk|Rapid Spin|p2a: Masbro\n|-damage|p2a: Masbro|86\/100\n|-boost|p1a: Great Tusk|spe|1\n|-sideend|p1: The_Gaiser|Stealth Rock|[from] move: Rapid Spin|[of] p1a: Great Tusk\n|move|p2a: Masbro|Toxic|p1a: Great Tusk\n|-status|p1a: Great Tusk|tox\n|\n|-heal|p1a: Great Tusk|100\/100 tox|[from] item: Leftovers\n|-heal|p2a: Masbro|92\/100|[from] item: Leftovers\n|-damage|p1a: Great Tusk|94\/100 tox|[from] psn\n|upkeep\n|turn|37\n|c|\u2606The_Gaiser|Dondozo is fun though ahaha\n|inactive|Faiz Kediri Butuh has 90 seconds left.\n|inactive|The_Gaiser has 120 seconds left.\n|c|\u2606Faiz Kediri Butuh|unaware dondozo is really annoying\n|\n|t:|1699613274\n|move|p1a: Great Tusk|Close Combat|p2a: Masbro\n|-damage|p2a: Masbro|37\/100\n|-unboost|p1a: Great Tusk|def|1\n|-unboost|p1a: Great Tusk|spd|1\n|move|p2a: Masbro|Recover|p2a: Masbro\n|-heal|p2a: Masbro|87\/100\n|\n|-heal|p1a: Great Tusk|100\/100 tox|[from] item: Leftovers\n|-heal|p2a: Masbro|93\/100|[from] item: Leftovers\n|-damage|p1a: Great Tusk|88\/100 tox|[from] psn\n|upkeep\n|turn|38\n|inactive|The_Gaiser has 120 seconds left.\n|c|\u2606The_Gaiser|jesus this quagsire might actually kill me lmao\n|inactive|The_Gaiser has 90 seconds left.\n|\n|t:|1699613312\n|-end|p1a: Great Tusk|Protosynthesis|[silent]\n|switch|p1a: Tapu Lele|Tapu Lele|88\/100\n|-fieldstart|move: Psychic Terrain|[from] ability: Psychic Surge|[of] p1a: Tapu Lele\n|move|p2a: Masbro|Earthquake|p1a: Tapu Lele\n|-damage|p1a: Tapu Lele|39\/100\n|\n|-heal|p2a: Masbro|99\/100|[from] item: Leftovers\n|upkeep\n|turn|39\n|c|\u2606The_Gaiser|although\n|c|\u2606The_Gaiser|Lele might do the trick tbh\n|c|\u2606Faiz Kediri Butuh|my team is eligible for national dex uu, until gyarados become uu bl\n|inactive|Faiz Kediri Butuh has 60 seconds left.\n|\n|t:|1699613347\n|-terastallize|p1a: Tapu Lele|Fairy\n|move|p1a: Tapu Lele|Moonblast|p2a: Masbro\n|-damage|p2a: Masbro|0 fnt\n|faint|p2a: Masbro\n|\n|upkeep\n|c|\u2606The_Gaiser|lol\n|inactive|Faiz Kediri Butuh has 60 seconds left.\n|\n|t:|1699613355\n|switch|p2a: Paw Patrol|Manectric-Mega, F|88\/100\n|-damage|p2a: Paw Patrol|76\/100|[from] Stealth Rock\n|-ability|p2a: Paw Patrol|Intimidate|boost\n|-unboost|p1a: Tapu Lele|atk|1\n|turn|40\n|c|\u2606The_Gaiser|but yeah makes sense\n|c|\u2606The_Gaiser|but then UU doesn't mean the mons are bad\n|inactive|The_Gaiser has 90 seconds left.\n|\n|t:|1699613382\n|switch|p1a: Heatran|Heatran, F|100\/100 par\n|move|p2a: Paw Patrol|Hidden Power|p1a: Heatran\n|-resisted|p1a: Heatran\n|-damage|p1a: Heatran|97\/100 par\n|\n|-heal|p1a: Heatran|100\/100 par|[from] item: Leftovers\n|upkeep\n|turn|41\n|\n|t:|1699613392\n|move|p2a: Paw Patrol|Thunderbolt|p1a: Heatran\n|-damage|p1a: Heatran|64\/100 par\n|move|p1a: Heatran|Taunt|p2a: Paw Patrol\n|-start|p2a: Paw Patrol|move: Taunt\n|\n|-heal|p1a: Heatran|71\/100 par|[from] item: Leftovers\n|upkeep\n|turn|42\n|\n|t:|1699613401\n|move|p2a: Paw Patrol|Thunderbolt|p1a: Heatran\n|-damage|p1a: Heatran|34\/100 par\n|move|p1a: Heatran|Magma Storm|p2a: Paw Patrol\n|-damage|p2a: Paw Patrol|9\/100\n|-activate|p2a: Paw Patrol|move: Magma Storm|[of] p1a: Heatran\n|\n|-heal|p1a: Heatran|40\/100 par|[from] item: Leftovers\n|-damage|p2a: Paw Patrol|0 fnt|[from] move: Magma Storm|[partiallytrapped]\n|faint|p2a: Paw Patrol\n|-fieldend|move: Psychic Terrain\n|upkeep\n|c|\u2606The_Gaiser|gg my man\n|\n|t:|1699613414\n|switch|p2a: Leviathan|Gyarados, F|100\/100\n|turn|43\n|c|\u2606Faiz Kediri Butuh|gg dudr\n|\n|t:|1699613439\n|move|p2a: Leviathan|Dragon Dance|p2a: Leviathan\n|-boost|p2a: Leviathan|atk|1\n|-boost|p2a: Leviathan|spe|1\n|move|p1a: Heatran|Taunt|p2a: Leviathan\n|-start|p2a: Leviathan|move: Taunt\n|\n|-heal|p1a: Heatran|47\/100 par|[from] item: Leftovers\n|upkeep\n|turn|44\n|\n|t:|1699613449\n|move|p2a: Leviathan|Earthquake|p1a: Heatran\n|-supereffective|p1a: Heatran\n|-damage|p1a: Heatran|0 fnt\n|faint|p1a: Heatran\n|-ability|p2a: Leviathan|Moxie|boost\n|-boost|p2a: Leviathan|atk|1\n|\n|upkeep\n|\n|t:|1699613452\n|switch|p1a: Lopunny|Lopunny-Mega, F|95\/100\n|turn|45\n|\n|t:|1699613460\n|move|p1a: Lopunny|Fake Out|p2a: Leviathan\n|-damage|p2a: Leviathan|75\/100\n|cant|p2a: Leviathan|flinch\n|\n|upkeep\n|turn|46\n|c|\u2606The_Gaiser|hmmm\n|inactive|The_Gaiser has 120 seconds left.\n|c|\u2606The_Gaiser|this won't work damn\n|c|\u2606Faiz Kediri Butuh|i win\n|c|\u2606Faiz Kediri Butuh|maybe\n|c|\u2606The_Gaiser|yeah likely\n|c|\u2606The_Gaiser|should've switched to lopunny immedeatly\n|c|\u2606Faiz Kediri Butuh|you mean fake out\n|inactive|The_Gaiser has 90 seconds left.\n|c|\u2606The_Gaiser|i'd need for fake outs\n|c|\u2606The_Gaiser|and don't have QA\n|c|\u2606Faiz Kediri Butuh|i hope your lele isn't scarfed\n|c|\u2606The_Gaiser|and I can only get one more fakeout\n|c|\u2606The_Gaiser|specs\n|inactive|The_Gaiser has 60 seconds left.\n|c|\u2606The_Gaiser|otherwise I'd just sack lopnny\n|c|\u2606Faiz Kediri Butuh|you know you can't fake out\n|c|\u2606The_Gaiser|yeah I know\n|c|\u2606Faiz Kediri Butuh|in psychic terrain right\n|c|\u2606The_Gaiser|I have one in after Tusk oes down\n|inactive|The_Gaiser has 30 seconds left.\n|c|\u2606The_Gaiser|but that is it\n|\n|t:|1699613565\n|move|p2a: Leviathan|Earthquake|p1a: Lopunny\n|-damage|p1a: Lopunny|6\/100\n|move|p1a: Lopunny|Frustration|p2a: Leviathan\n|-damage|p2a: Leviathan|11\/100\n|\n|-end|p2a: Leviathan|move: Taunt\n|upkeep\n|turn|47\n|inactive|The_Gaiser has 30 seconds left.\n|c|\u2606The_Gaiser|oh my god\n|c|\u2606The_Gaiser|Lopunny my love\n|c|\u2606The_Gaiser|gg man\n|c|\u2606Faiz Kediri Butuh|don't tell me\n|inactive|Faiz Kediri Butuh has 90 seconds left.\n|c|\u2606Faiz Kediri Butuh|quick attack\n|c|\u2606The_Gaiser|no\n|c|\u2606Faiz Kediri Butuh|damn\n|c|\u2606The_Gaiser|but still it kills\n|c|\u2606Faiz Kediri Butuh|i forgot\n|inactive|Faiz Kediri Butuh has 60 seconds left.\n|c|\u2606Faiz Kediri Butuh|my gyarados is tera ground\n|c|\u2606The_Gaiser|no way\n|\n|t:|1699613624\n|switch|p1a: Great Tusk|Great Tusk|88\/100 tox\n|-terastallize|p2a: Leviathan|Ground\n|move|p2a: Leviathan|Dragon Dance|p2a: Leviathan\n|-boost|p2a: Leviathan|atk|1\n|-boost|p2a: Leviathan|spe|1\n|\n|-heal|p1a: Great Tusk|94\/100 tox|[from] item: Leftovers\n|-damage|p1a: Great Tusk|88\/100 tox|[from] psn\n|upkeep\n|turn|48\n|c|\u2606The_Gaiser|that would have been game\n|inactive|The_Gaiser has 30 seconds left.\n|inactive|Faiz Kediri Butuh has 60 seconds left.\n|\n|t:|1699613637\n|move|p2a: Leviathan|Waterfall|p1a: Great Tusk\n|-supereffective|p1a: Great Tusk\n|-damage|p1a: Great Tusk|0 fnt\n|faint|p1a: Great Tusk\n|-end|p1a: Great Tusk|Protosynthesis|[silent]\n|-ability|p2a: Leviathan|Moxie|boost\n|-boost|p2a: Leviathan|atk|1\n|\n|upkeep\n|inactive|The_Gaiser has 30 seconds left this turn.\n|c|\u2606The_Gaiser|gg\n|\n|t:|1699613641\n|switch|p1a: Lopunny|Lopunny-Mega, F|6\/100\n|turn|49\n|c|\u2606Faiz Kediri Butuh|you win\n|c|\u2606The_Gaiser|yee\n|inactive|Faiz Kediri Butuh has 60 seconds left.\n|c|\u2606The_Gaiser|classic lopunny cheese strat\n|\n|t:|1699613654\n|move|p1a: Lopunny|Fake Out|p2a: Leviathan\n|-damage|p2a: Leviathan|0 fnt\n|faint|p2a: Leviathan\n|\n|win|The_Gaiser\n|raw|The_Gaiser's rating: 1395 &rarr; <strong>1412<\/strong><br \/>(+17 for winning)\n|raw|Faiz Kediri Butuh's rating: 1336 &rarr; <strong>1319<\/strong><br \/>(-17 for losing)\n|c|\u2606The_Gaiser|wp\n|c|\u2606Faiz Kediri Butuh|damn\n|c|\u2606Faiz Kediri Butuh|how could i\n|c|\u2606The_Gaiser|exciting match right till the end\n|c|\u2606Faiz Kediri Butuh|my tera is ground\n|c|\u2606The_Gaiser|but yeah, you tera, you win there\n|c|\u2606Faiz Kediri Butuh|gg anyway\n|c|\u2606The_Gaiser|happens to the best of us ahaha - the games I lost forgetting about my own psychic terrain lol\n|c|\u2606The_Gaiser|gg\n|l|\u2606The_Gaiser\n","uploadtime":1699613765,"views":5,"p1id":"thegaiser","p2id":"faizkediributuh","formatid":"gen9nationaldex","rating":1319,"private":0,"password":""}