{"id":"gen9nationaldex-1991620685","p1":"Lewoise","p2":"idiotpokemoner","format":"[Gen 9] National Dex","log":"|j|\u2606Lewoise\n|j|\u2606idiotpokemoner\n|t:|1700095105\n|gametype|singles\n|player|p1|Lewoise|acerola-masters|1119\n|player|p2|idiotpokemoner|265|1095\n|teamsize|p1|6\n|teamsize|p2|6\n|gen|9\n|tier|[Gen 9] National Dex\n|rated|\n|rule|HP Percentage Mod: HP is shown in percentages\n|rule|Endless Battle Clause: Forcing endless battles is banned\n|rule|OHKO Clause: OHKO moves are banned\n|rule|Evasion Clause: Evasion abilities, items, and moves are banned\n|rule|Evasion Abilities Clause: Evasion abilities are banned\n|rule|Evasion Items Clause: Evasion items are banned\n|rule|Evasion Moves Clause: Evasion moves are banned\n|rule|Species Clause: Limit one of each Pok\u00e9mon\n|rule|Sleep Clause Mod: Limit one foe put to sleep\n|clearpoke\n|poke|p1|Polteageist|\n|poke|p1|Garganacl, F|\n|poke|p1|Minior|\n|poke|p1|Grimmsnarl, M|\n|poke|p1|Rotom-Wash|\n|poke|p1|Gourgeist-*, F|\n|poke|p2|Zeraora|\n|poke|p2|Sneasler, F|\n|poke|p2|Kartana|\n|poke|p2|Ribombee, M|\n|poke|p2|Lopunny, F|\n|poke|p2|Serperior, M|\n|teampreview\n|\n|t:|1700095128\n|start\n|switch|p1a: Grimmsnarl|Grimmsnarl, M|100\/100\n|switch|p2a: Lopunny|Lopunny, F, shiny|100\/100\n|turn|1\n|inactive|Battle timer is ON: inactive players will automatically lose when time's up. (requested by idiotpokemoner)\n|\n|t:|1700095135\n|detailschange|p2a: Lopunny|Lopunny-Mega, F, shiny\n|-mega|p2a: Lopunny|Lopunny|Lopunnite\n|move|p2a: Lopunny|Fake Out|p1a: Grimmsnarl\n|-damage|p1a: Grimmsnarl|72\/100\n|-enditem|p1a: Grimmsnarl|Red Card|[of] p2a: Lopunny\n|drag|p2a: Kartana|Kartana|100\/100\n|cant|p1a: Grimmsnarl|flinch\n|\n|upkeep\n|turn|2\n|\n|t:|1700095145\n|move|p1a: Grimmsnarl|Reflect|p1a: Grimmsnarl\n|-sidestart|p1: Lewoise|Reflect\n|move|p2a: Kartana|Smart Strike|p1a: Grimmsnarl\n|-supereffective|p1a: Grimmsnarl\n|-damage|p1a: Grimmsnarl|18\/100\n|\n|upkeep\n|turn|3\n|\n|t:|1700095155\n|switch|p2a: Lopunny|Lopunny-Mega, F, shiny|100\/100\n|move|p1a: Grimmsnarl|Parting Shot|p2a: Lopunny\n|-unboost|p2a: Lopunny|atk|1\n|-unboost|p2a: Lopunny|spa|1\n|\n|t:|1700095165\n|switch|p1a: Gourgeist|Gourgeist, F, shiny|100\/100|[from] Parting Shot\n|\n|upkeep\n|turn|4\n|\n|t:|1700095172\n|move|p2a: Lopunny|Fake Out|p1a: Gourgeist\n|-damage|p1a: Gourgeist|94\/100\n|cant|p1a: Gourgeist|flinch\n|\n|upkeep\n|turn|5\n|\n|t:|1700095179\n|move|p2a: Lopunny|High Jump Kick|p1a: Gourgeist\n|-damage|p1a: Gourgeist|74\/100\n|-zpower|p1a: Gourgeist\n|move|p1a: Gourgeist|Z-Trick-or-Treat|p2a: Lopunny|[anim]Trick-or-Treat\n|-boost|p1a: Gourgeist|atk|1|[zeffect]\n|-boost|p1a: Gourgeist|def|1|[zeffect]\n|-boost|p1a: Gourgeist|spa|1|[zeffect]\n|-boost|p1a: Gourgeist|spd|1|[zeffect]\n|-boost|p1a: Gourgeist|spe|1|[zeffect]\n|-start|p2a: Lopunny|typeadd|Ghost|[from] move: Trick-or-Treat\n|\n|upkeep\n|turn|6\n|\n|t:|1700095193\n|move|p2a: Lopunny|U-turn|p1a: Gourgeist\n|-damage|p1a: Gourgeist|69\/100\n|\n|t:|1700095202\n|switch|p2a: Kartana|Kartana|100\/100|[from] U-turn\n|move|p1a: Gourgeist|Phantom Force||[still]\n|-prepare|p1a: Gourgeist|Phantom Force\n|\n|-sideend|p1: Lewoise|Reflect\n|upkeep\n|turn|7\n|\n|t:|1700095208\n|move|p2a: Kartana|Swords Dance|p2a: Kartana\n|-boost|p2a: Kartana|atk|2\n|move|p1a: Gourgeist|Phantom Force|p2a: Kartana|[from]lockedmove\n|-damage|p2a: Kartana|48\/100\n|\n|upkeep\n|turn|8\n|\n|t:|1700095215\n|move|p2a: Kartana|Smart Strike|p1a: Gourgeist\n|-damage|p1a: Gourgeist|11\/100\n|move|p1a: Gourgeist|Phantom Force||[still]\n|-prepare|p1a: Gourgeist|Phantom Force\n|\n|upkeep\n|turn|9\n|\n|t:|1700095220\n|move|p2a: Kartana|Smart Strike|p1a: Gourgeist|[miss]\n|-miss|p2a: Kartana|p1a: Gourgeist\n|move|p1a: Gourgeist|Phantom Force|p2a: Kartana|[from]lockedmove\n|-damage|p2a: Kartana|0 fnt\n|faint|p2a: Kartana\n|\n|upkeep\n|\n|t:|1700095225\n|switch|p2a: Sneasler|Sneasler, F|100\/100\n|turn|10\n|\n|t:|1700095234\n|move|p2a: Sneasler|Protect|p2a: Sneasler\n|-singleturn|p2a: Sneasler|Protect\n|move|p1a: Gourgeist|Explosion|p2a: Sneasler\n|-activate|p2a: Sneasler|move: Protect\n|faint|p1a: Gourgeist\n|\n|upkeep\n|\n|t:|1700095246\n|switch|p1a: Minior|Minior, shiny|100\/100\n|-formechange|p1a: Minior|Minior-Meteor||[from] ability: Shields Down\n|turn|11\n|\n|t:|1700095253\n|switch|p2a: Zeraora|Zeraora|100\/100\n|move|p1a: Minior|Shell Smash|p1a: Minior\n|-unboost|p1a: Minior|def|1\n|-unboost|p1a: Minior|spd|1\n|-boost|p1a: Minior|atk|2\n|-boost|p1a: Minior|spa|2\n|-boost|p1a: Minior|spe|2\n|-enditem|p1a: Minior|White Herb\n|-clearnegativeboost|p1a: Minior|[silent]\n|\n|upkeep\n|turn|12\n|\n|t:|1700095269\n|move|p1a: Minior|Power Gem|p2a: Zeraora\n|-damage|p2a: Zeraora|57\/100\n|move|p2a: Zeraora|Plasma Fists|p1a: Minior\n|-supereffective|p1a: Minior\n|-damage|p1a: Minior|0 fnt\n|-fieldactivate|move: Ion Deluge\n|-hint|Normal-type moves become Electric-type after using Plasma Fists.\n|faint|p1a: Minior\n|\n|upkeep\n|\n|t:|1700095278\n|switch|p1a: Grimmsnarl|Grimmsnarl, M|18\/100\n|turn|13\n|\n|t:|1700095290\n|switch|p2a: Lopunny|Lopunny-Mega, F, shiny|100\/100\n|move|p1a: Grimmsnarl|Reflect|p1a: Grimmsnarl\n|-sidestart|p1: Lewoise|Reflect\n|\n|upkeep\n|turn|14\n|\n|t:|1700095296\n|move|p2a: Lopunny|Fake Out|p1a: Grimmsnarl\n|-damage|p1a: Grimmsnarl|5\/100\n|cant|p1a: Grimmsnarl|flinch\n|\n|upkeep\n|turn|15\n|\n|t:|1700095300\n|move|p1a: Grimmsnarl|Light Screen|p1a: Grimmsnarl\n|-sidestart|p1: Lewoise|move: Light Screen\n|move|p2a: Lopunny|U-turn|p1a: Grimmsnarl\n|-damage|p1a: Grimmsnarl|0 fnt\n|faint|p1a: Grimmsnarl\n|\n|t:|1700095306\n|switch|p2a: Ribombee|Ribombee, M|100\/100|[from] U-turn\n|\n|upkeep\n|\n|t:|1700095310\n|switch|p1a: Polteageist|Polteageist, shiny|100\/100\n|turn|16\n|\n|t:|1700095319\n|move|p2a: Ribombee|Quiver Dance|p2a: Ribombee\n|-boost|p2a: Ribombee|spa|1\n|-boost|p2a: Ribombee|spd|1\n|-boost|p2a: Ribombee|spe|1\n|move|p1a: Polteageist|Shell Smash|p1a: Polteageist\n|-unboost|p1a: Polteageist|def|1\n|-unboost|p1a: Polteageist|spd|1\n|-boost|p1a: Polteageist|atk|2\n|-boost|p1a: Polteageist|spa|2\n|-boost|p1a: Polteageist|spe|2\n|\n|upkeep\n|turn|17\n|\n|t:|1700095327\n|move|p2a: Ribombee|Quiver Dance|p2a: Ribombee\n|-boost|p2a: Ribombee|spa|1\n|-boost|p2a: Ribombee|spd|1\n|-boost|p2a: Ribombee|spe|1\n|move|p1a: Polteageist|Shell Smash|p1a: Polteageist\n|-unboost|p1a: Polteageist|def|1\n|-unboost|p1a: Polteageist|spd|1\n|-boost|p1a: Polteageist|atk|2\n|-boost|p1a: Polteageist|spa|2\n|-boost|p1a: Polteageist|spe|2\n|\n|-sideend|p1: Lewoise|Reflect\n|upkeep\n|turn|18\n|\n|t:|1700095338\n|move|p1a: Polteageist|Stored Power|p2a: Ribombee\n|-enditem|p2a: Ribombee|Focus Sash\n|-damage|p2a: Ribombee|1\/100\n|move|p2a: Ribombee|Quiver Dance|p2a: Ribombee\n|-boost|p2a: Ribombee|spa|1\n|-boost|p2a: Ribombee|spd|1\n|-boost|p2a: Ribombee|spe|1\n|\n|upkeep\n|turn|19\n|\n|t:|1700095352\n|move|p2a: Ribombee|Moonblast|p1a: Polteageist\n|-enditem|p1a: Polteageist|Focus Sash\n|-damage|p1a: Polteageist|1\/100\n|move|p1a: Polteageist|Stored Power|p2a: Ribombee\n|-damage|p2a: Ribombee|0 fnt\n|faint|p2a: Ribombee\n|\n|-sideend|p1: Lewoise|move: Light Screen\n|upkeep\n|\n|t:|1700095356\n|switch|p2a: Lopunny|Lopunny-Mega, F, shiny|100\/100\n|turn|20\n|\n|t:|1700095378\n|move|p2a: Lopunny|Fake Out|p1a: Polteageist\n|-damage|p1a: Polteageist|0 fnt\n|faint|p1a: Polteageist\n|\n|upkeep\n|\n|t:|1700095387\n|switch|p1a: Rotom|Rotom-Wash|100\/100\n|turn|21\n|\n|t:|1700095396\n|switch|p2a: Serperior|Serperior, M|100\/100\n|move|p1a: Rotom|Hydro Pump|p2a: Serperior\n|-resisted|p2a: Serperior\n|-damage|p2a: Serperior|59\/100\n|\n|-heal|p2a: Serperior|65\/100|[from] item: Leftovers\n|upkeep\n|turn|22\n|\n|t:|1700095406\n|switch|p1a: Garganacl|Garganacl, F|100\/100\n|move|p2a: Serperior|Leaf Storm|p1a: Garganacl\n|-supereffective|p1a: Garganacl\n|-damage|p1a: Garganacl|42\/100\n|-boost|p2a: Serperior|spa|2\n|\n|-heal|p2a: Serperior|72\/100|[from] item: Leftovers\n|-heal|p1a: Garganacl|48\/100|[from] item: Leftovers\n|upkeep\n|turn|23\n|\n|t:|1700095419\n|move|p2a: Serperior|Leaf Storm|p1a: Garganacl\n|-supereffective|p1a: Garganacl\n|-damage|p1a: Garganacl|0 fnt\n|-boost|p2a: Serperior|spa|2\n|faint|p1a: Garganacl\n|\n|-heal|p2a: Serperior|78\/100|[from] item: Leftovers\n|upkeep\n|\n|t:|1700095426\n|switch|p1a: Rotom|Rotom-Wash|100\/100\n|turn|24\n|\n|t:|1700095437\n|-terastallize|p1a: Rotom|Electric\n|move|p2a: Serperior|Leaf Storm|p1a: Rotom\n|-damage|p1a: Rotom|0 fnt\n|-boost|p2a: Serperior|spa|2\n|faint|p1a: Rotom\n|\n|win|idiotpokemoner\n|raw|Lewoise's rating: 1119 &rarr; <strong>1092<\/strong><br \/>(-27 for losing)\n|raw|idiotpokemoner's rating: 1095 &rarr; <strong>1123<\/strong><br \/>(+28 for winning)\n|l|\u2606Lewoise\n","uploadtime":1700096144,"views":6,"p1id":"lewoise","p2id":"idiotpokemoner","formatid":"gen9nationaldex","rating":1092,"private":0,"password":""}