{"id":"gen9nationaldex-1999478178","p1":"snivy ye \u53f6\u86c7","p2":"lawrenceyu","format":"[Gen 9] National Dex","log":"|html|<div class=\"broadcast-blue\"><strong>[Gen 9] National Dex is currently suspecting Sneasler! For information on how to participate check out the <a href=\"https:\/\/www.smogon.com\/forums\/threads\/sv-national-dex-suspect-8-just-dance.3731534\/\">suspect thread<\/a>.<\/strong><\/div>\n|j|\u2606snivy ye \u53f6\u86c7\n|j|\u2606lawrenceyu\n|t:|1701086620\n|gametype|singles\n|player|p1|snivy ye \u53f6\u86c7|winona|1652\n|player|p2|lawrenceyu|266|1679\n|teamsize|p1|6\n|teamsize|p2|6\n|gen|9\n|tier|[Gen 9] National Dex\n|rated|\n|rule|HP Percentage Mod: HP is shown in percentages\n|rule|Endless Battle Clause: Forcing endless battles is banned\n|rule|OHKO Clause: OHKO moves are banned\n|rule|Evasion Clause: Evasion abilities, items, and moves are banned\n|rule|Evasion Abilities Clause: Evasion abilities are banned\n|rule|Evasion Items Clause: Evasion items are banned\n|rule|Evasion Moves Clause: Evasion moves are banned\n|rule|Species Clause: Limit one of each Pok\u00e9mon\n|rule|Sleep Clause Mod: Limit one foe put to sleep\n|clearpoke\n|poke|p1|Ursaluna, F|\n|poke|p1|Alomomola, M|\n|poke|p1|Serperior, M|\n|poke|p1|Victini|\n|poke|p1|Gyarados, M|\n|poke|p1|Kommo-o, M|\n|poke|p2|Toxapex, M|\n|poke|p2|Sirfetch\u2019d, M|\n|poke|p2|Tapu Lele|\n|poke|p2|Ferrothorn, F|\n|poke|p2|Landorus-Therian, M|\n|poke|p2|Diancie|\n|teampreview\n|inactive|Battle timer is ON: inactive players will automatically lose when time's up. (requested by snivy ye \u53f6\u86c7)\n|\n|t:|1701086627\n|start\n|switch|p1a: Alomomola|Alomomola, M|100\/100\n|switch|p2a: Sirfetch\u2019d|Sirfetch\u2019d, M|100\/100\n|turn|1\n|\n|t:|1701086633\n|move|p2a: Sirfetch\u2019d|Knock Off|p1a: Alomomola\n|-damage|p1a: Alomomola|77\/100\n|-damage|p2a: Sirfetch\u2019d|84\/100|[from] item: Rocky Helmet|[of] p1a: Alomomola\n|-enditem|p1a: Alomomola|Rocky Helmet|[from] move: Knock Off|[of] p2a: Sirfetch\u2019d\n|move|p1a: Alomomola|Flip Turn|p2a: Sirfetch\u2019d\n|-damage|p2a: Sirfetch\u2019d|66\/100\n|\n|t:|1701086641\n|switch|p1a: Kommo-o|Kommo-o, M|100\/100|[from] Flip Turn\n|\n|upkeep\n|turn|2\n|\n|t:|1701086651\n|switch|p2a: Tapu Lele|Tapu Lele|100\/100\n|-fieldstart|move: Psychic Terrain|[from] ability: Psychic Surge|[of] p2a: Tapu Lele\n|move|p1a: Kommo-o|Clanging Scales|p2a: Tapu Lele\n|-immune|p2a: Tapu Lele\n|\n|upkeep\n|turn|3\n|\n|t:|1701086658\n|switch|p1a: Victini|Victini|100\/100\n|move|p2a: Tapu Lele|Moonblast|p1a: Victini\n|-resisted|p1a: Victini\n|-damage|p1a: Victini|79\/100\n|-unboost|p1a: Victini|spa|1\n|\n|upkeep\n|turn|4\n|\n|t:|1701086666\n|switch|p2a: Toxapex|Toxapex, M|100\/100\n|move|p1a: Victini|U-turn|p2a: Toxapex\n|-resisted|p2a: Toxapex\n|-damage|p2a: Toxapex|94\/100\n|-damage|p1a: Victini|62\/100|[from] item: Rocky Helmet|[of] p2a: Toxapex\n|\n|t:|1701086673\n|switch|p1a: Ursaluna|Ursaluna, F|100\/100|[from] U-turn\n|\n|-status|p1a: Ursaluna|brn|[from] item: Flame Orb\n|upkeep\n|turn|5\n|\n|t:|1701086682\n|move|p2a: Toxapex|Baneful Bunker|p2a: Toxapex\n|-singleturn|p2a: Toxapex|move: Protect\n|move|p1a: Ursaluna|Swords Dance|p1a: Ursaluna\n|-boost|p1a: Ursaluna|atk|2\n|\n|-damage|p1a: Ursaluna|94\/100 brn|[from] brn\n|upkeep\n|turn|6\n|\n|t:|1701086691\n|switch|p2a: Ferrothorn|Ferrothorn, F|100\/100\n|move|p1a: Ursaluna|Facade|p2a: Ferrothorn\n|-resisted|p2a: Ferrothorn\n|-damage|p2a: Ferrothorn|8\/100\n|-damage|p1a: Ursaluna|82\/100 brn|[from] ability: Iron Barbs|[of] p2a: Ferrothorn\n|\n|-heal|p2a: Ferrothorn|14\/100|[from] item: Leftovers\n|-damage|p1a: Ursaluna|75\/100 brn|[from] brn\n|-fieldend|move: Psychic Terrain\n|upkeep\n|turn|7\n|\n|t:|1701086701\n|move|p2a: Ferrothorn|Protect|p2a: Ferrothorn\n|-singleturn|p2a: Ferrothorn|Protect\n|move|p1a: Ursaluna|Facade|p2a: Ferrothorn\n|-activate|p2a: Ferrothorn|move: Protect\n|\n|-heal|p2a: Ferrothorn|20\/100|[from] item: Leftovers\n|-damage|p1a: Ursaluna|69\/100 brn|[from] brn\n|upkeep\n|turn|8\n|\n|t:|1701086717\n|move|p2a: Ferrothorn|Protect|p2a: Ferrothorn\n|-singleturn|p2a: Ferrothorn|Protect\n|move|p1a: Ursaluna|Facade|p2a: Ferrothorn\n|-activate|p2a: Ferrothorn|move: Protect\n|\n|-heal|p2a: Ferrothorn|27\/100|[from] item: Leftovers\n|-damage|p1a: Ursaluna|63\/100 brn|[from] brn\n|upkeep\n|turn|9\n|\n|t:|1701086726\n|switch|p2a: Landorus|Landorus-Therian, M|100\/100\n|-ability|p2a: Landorus|Intimidate|boost\n|-unboost|p1a: Ursaluna|atk|1\n|move|p1a: Ursaluna|Facade|p2a: Landorus\n|-damage|p2a: Landorus|0 fnt\n|faint|p2a: Landorus\n|\n|-damage|p1a: Ursaluna|57\/100 brn|[from] brn\n|upkeep\n|\n|t:|1701086736\n|switch|p2a: Sirfetch\u2019d|Sirfetch\u2019d, M|66\/100\n|turn|10\n|\n|t:|1701086741\n|switch|p1a: Alomomola|Alomomola, M|100\/100\n|move|p2a: Sirfetch\u2019d|Leaf Blade|p1a: Alomomola\n|-supereffective|p1a: Alomomola\n|-crit|p1a: Alomomola\n|-damage|p1a: Alomomola|37\/100\n|\n|upkeep\n|turn|11\n|\n|t:|1701086749\n|switch|p1a: Victini|Victini|62\/100\n|move|p2a: Sirfetch\u2019d|Close Combat|p1a: Victini\n|-resisted|p1a: Victini\n|-crit|p1a: Victini\n|-damage|p1a: Victini|15\/100\n|-unboost|p2a: Sirfetch\u2019d|def|1\n|-unboost|p2a: Sirfetch\u2019d|spd|1\n|\n|upkeep\n|turn|12\n|\n|t:|1701086758\n|switch|p1a: Kommo-o|Kommo-o, M|100\/100\n|switch|p2a: Toxapex|Toxapex, M|100\/100\n|\n|upkeep\n|turn|13\n|j| scraftron\n|l| scraftron\n|\n|t:|1701086764\n|switch|p1a: Ursaluna|Ursaluna, F|57\/100 brn\n|switch|p2a: Tapu Lele|Tapu Lele|100\/100\n|-fieldstart|move: Psychic Terrain|[from] ability: Psychic Surge|[of] p2a: Tapu Lele\n|\n|-damage|p1a: Ursaluna|50\/100 brn|[from] brn\n|upkeep\n|turn|14\n|\n|t:|1701086782\n|switch|p2a: Ferrothorn|Ferrothorn, F|27\/100\n|switch|p1a: Victini|Victini|15\/100\n|\n|-heal|p2a: Ferrothorn|33\/100|[from] item: Leftovers\n|upkeep\n|turn|15\n|\n|t:|1701086788\n|move|p2a: Ferrothorn|Protect|p2a: Ferrothorn\n|-singleturn|p2a: Ferrothorn|Protect\n|move|p1a: Victini|V-create|p2a: Ferrothorn\n|-activate|p2a: Ferrothorn|move: Protect\n|\n|-heal|p2a: Ferrothorn|39\/100|[from] item: Leftovers\n|upkeep\n|turn|16\n|\n|t:|1701086798\n|move|p1a: Victini|U-turn|p2a: Ferrothorn\n|-damage|p2a: Ferrothorn|21\/100\n|-damage|p1a: Victini|3\/100|[from] ability: Iron Barbs|[of] p2a: Ferrothorn\n|\n|t:|1701086806\n|switch|p1a: Kommo-o|Kommo-o, M|100\/100|[from] U-turn\n|move|p2a: Ferrothorn|Spikes|p1a: Kommo-o\n|-sidestart|p1: snivy ye \u53f6\u86c7|Spikes\n|\n|-heal|p2a: Ferrothorn|27\/100|[from] item: Leftovers\n|upkeep\n|turn|17\n|\n|t:|1701086813\n|move|p2a: Ferrothorn|Protect|p2a: Ferrothorn\n|-singleturn|p2a: Ferrothorn|Protect\n|move|p1a: Kommo-o|Clangorous Soul|p1a: Kommo-o\n|-boost|p1a: Kommo-o|atk|1\n|-boost|p1a: Kommo-o|def|1\n|-boost|p1a: Kommo-o|spa|1\n|-boost|p1a: Kommo-o|spd|1\n|-boost|p1a: Kommo-o|spe|1\n|-damage|p1a: Kommo-o|68\/100\n|\n|-heal|p2a: Ferrothorn|33\/100|[from] item: Leftovers\n|-fieldend|move: Psychic Terrain\n|upkeep\n|turn|18\n|\n|t:|1701086823\n|move|p1a: Kommo-o|Clangorous Soul|p1a: Kommo-o\n|-boost|p1a: Kommo-o|atk|1\n|-boost|p1a: Kommo-o|def|1\n|-boost|p1a: Kommo-o|spa|1\n|-boost|p1a: Kommo-o|spd|1\n|-boost|p1a: Kommo-o|spe|1\n|-damage|p1a: Kommo-o|35\/100\n|move|p2a: Ferrothorn|Leech Seed|p1a: Kommo-o\n|-start|p1a: Kommo-o|move: Leech Seed\n|\n|-heal|p2a: Ferrothorn|39\/100|[from] item: Leftovers\n|-damage|p1a: Kommo-o|22\/100|[from] Leech Seed|[of] p2a: Ferrothorn\n|-heal|p2a: Ferrothorn|50\/100|[silent]\n|upkeep\n|turn|19\n|\n|t:|1701086834\n|move|p2a: Ferrothorn|Protect|p2a: Ferrothorn\n|-singleturn|p2a: Ferrothorn|Protect\n|-zpower|p1a: Kommo-o\n|move|p1a: Kommo-o|Clangorous Soulblaze|p2a: Ferrothorn|[zeffect]\n|-resisted|p2a: Ferrothorn\n|-zbroken|p2a: Ferrothorn\n|-damage|p2a: Ferrothorn|36\/100\n|-boost|p1a: Kommo-o|atk|1\n|-boost|p1a: Kommo-o|def|1\n|-boost|p1a: Kommo-o|spa|1\n|-boost|p1a: Kommo-o|spd|1\n|-boost|p1a: Kommo-o|spe|1\n|\n|-heal|p2a: Ferrothorn|42\/100|[from] item: Leftovers\n|-damage|p1a: Kommo-o|10\/100|[from] Leech Seed|[of] p2a: Ferrothorn\n|-heal|p2a: Ferrothorn|53\/100|[silent]\n|upkeep\n|turn|20\n|\n|t:|1701086855\n|move|p2a: Ferrothorn|Protect||[still]\n|-fail|p2a: Ferrothorn\n|move|p1a: Kommo-o|Boomburst|p2a: Ferrothorn\n|-resisted|p2a: Ferrothorn\n|-damage|p2a: Ferrothorn|21\/100\n|\n|-heal|p2a: Ferrothorn|27\/100|[from] item: Leftovers\n|-damage|p1a: Kommo-o|0 fnt|[from] Leech Seed|[of] p2a: Ferrothorn\n|-heal|p2a: Ferrothorn|35\/100|[silent]\n|faint|p1a: Kommo-o\n|upkeep\n|\n|t:|1701086864\n|switch|p1a: Gyarados|Gyarados, M|100\/100\n|-ability|p1a: Gyarados|Intimidate|boost\n|-unboost|p2a: Ferrothorn|atk|1\n|turn|21\n|\n|t:|1701086870\n|move|p1a: Gyarados|Taunt|p2a: Ferrothorn\n|-start|p2a: Ferrothorn|move: Taunt\n|cant|p2a: Ferrothorn|move: Taunt|Leech Seed\n|\n|-heal|p2a: Ferrothorn|41\/100|[from] item: Leftovers\n|upkeep\n|turn|22\n|\n|t:|1701086876\n|switch|p2a: Tapu Lele|Tapu Lele|100\/100\n|-fieldstart|move: Psychic Terrain|[from] ability: Psychic Surge|[of] p2a: Tapu Lele\n|move|p1a: Gyarados|Dragon Dance|p1a: Gyarados\n|-boost|p1a: Gyarados|atk|1\n|-boost|p1a: Gyarados|spe|1\n|\n|upkeep\n|turn|23\n|\n|t:|1701086883\n|move|p2a: Tapu Lele|Thunderbolt|p1a: Gyarados\n|-supereffective|p1a: Gyarados\n|-damage|p1a: Gyarados|0 fnt\n|faint|p1a: Gyarados\n|\n|upkeep\n|\n|t:|1701086888\n|switch|p1a: Ursaluna|Ursaluna, F|50\/100 brn\n|-damage|p1a: Ursaluna|38\/100 brn|[from] Spikes\n|turn|24\n|\n|t:|1701086893\n|switch|p2a: Ferrothorn|Ferrothorn, F|41\/100\n|move|p1a: Ursaluna|Facade|p2a: Ferrothorn\n|-resisted|p2a: Ferrothorn\n|-damage|p2a: Ferrothorn|0 fnt\n|-damage|p1a: Ursaluna|25\/100 brn|[from] ability: Iron Barbs|[of] p2a: Ferrothorn\n|faint|p2a: Ferrothorn\n|\n|-damage|p1a: Ursaluna|19\/100 brn|[from] brn\n|upkeep\n|\n|t:|1701086913\n|switch|p2a: Tapu Lele|Tapu Lele|100\/100\n|turn|25\n|\n|t:|1701086920\n|switch|p1a: Victini|Victini|3\/100\n|move|p2a: Tapu Lele|Moonblast|p1a: Victini\n|-resisted|p1a: Victini\n|-damage|p1a: Victini|0 fnt\n|faint|p1a: Victini\n|\n|upkeep\n|\n|t:|1701086927\n|switch|p1a: Serperior|Serperior, M|100\/100\n|-damage|p1a: Serperior|88\/100|[from] Spikes\n|turn|26\n|\n|t:|1701086932\n|-terastallize|p1a: Serperior|Grass\n|move|p1a: Serperior|Leaf Storm|p2a: Tapu Lele|[miss]\n|-miss|p1a: Serperior|p2a: Tapu Lele\n|move|p2a: Tapu Lele|Moonblast|p1a: Serperior\n|-damage|p1a: Serperior|31\/100\n|\n|-fieldend|move: Psychic Terrain\n|upkeep\n|turn|27\n|\n|t:|1701086941\n|move|p1a: Serperior|Leaf Storm|p2a: Tapu Lele\n|-damage|p2a: Tapu Lele|35\/100\n|-boost|p1a: Serperior|spa|2\n|move|p2a: Tapu Lele|Moonblast|p1a: Serperior\n|-damage|p1a: Serperior|0 fnt\n|faint|p1a: Serperior\n|\n|upkeep\n|-message|snivy ye \u53f6\u86c7 forfeited.\n|\n|win|lawrenceyu\n|raw|snivy ye \u53f6\u86c7's rating: 1652 &rarr; <strong>1634<\/strong><br \/>(-18 for losing)\n|raw|lawrenceyu's rating: 1679 &rarr; <strong>1697<\/strong><br \/>(+18 for winning)\n|l|\u2606snivy ye \u53f6\u86c7\n","uploadtime":1701086952,"views":26,"p1id":"snivyye","p2id":"lawrenceyu","formatid":"gen9nationaldex","rating":1634,"private":0,"password":""}