{"id":"gen9nationaldex-1989308516","p1":"mergency\u4e71\u821e","p2":"SaschaCara","format":"[Gen 9] National Dex","log":"|j|\u2606mergency\u4e71\u821e\n|j|\u2606SaschaCara\n|t:|1699834616\n|gametype|singles\n|player|p1|mergency\u4e71\u821e|unknown|1309\n|player|p2|SaschaCara|youngster-gen4dp|1219\n|teamsize|p1|6\n|teamsize|p2|6\n|gen|9\n|tier|[Gen 9] National Dex\n|rated|\n|rule|HP Percentage Mod: HP is shown in percentages\n|rule|Endless Battle Clause: Forcing endless battles is banned\n|rule|OHKO Clause: OHKO moves are banned\n|rule|Evasion Clause: Evasion abilities, items, and moves are banned\n|rule|Evasion Abilities Clause: Evasion abilities are banned\n|rule|Evasion Items Clause: Evasion items are banned\n|rule|Evasion Moves Clause: Evasion moves are banned\n|rule|Species Clause: Limit one of each Pok\u00e9mon\n|rule|Sleep Clause Mod: Limit one foe put to sleep\n|clearpoke\n|poke|p1|Pelipper, M|\n|poke|p1|Ferrothorn, F|\n|poke|p1|Barraskewda, M|\n|poke|p1|Kingdra, M|\n|poke|p1|Scizor, F|\n|poke|p1|Rotom-Wash|\n|poke|p2|Jynx, F|\n|poke|p2|Tapu Koko|\n|poke|p2|Lopunny, M|\n|poke|p2|Landorus-Therian, M|\n|poke|p2|Ferrothorn, F|\n|poke|p2|Hoopa-Unbound|\n|teampreview\n|\n|t:|1699834631\n|start\n|switch|p1a: \u76d6\u6b27\u5361|Pelipper, M, shiny|100\/100\n|switch|p2a: Tapu Koko|Tapu Koko|100\/100\n|-fieldstart|move: Electric Terrain|[from] ability: Electric Surge|[of] p2a: Tapu Koko\n|-weather|RainDance|[from] ability: Drizzle|[of] p1a: \u76d6\u6b27\u5361\n|turn|1\n|inactive|Battle timer is ON: inactive players will automatically lose when time's up. (requested by mergency\u4e71\u821e)\n|\n|t:|1699834649\n|switch|p1a: Rotom|Rotom-Wash|100\/100\n|move|p2a: Tapu Koko|Wild Charge|p1a: Rotom\n|-damage|p1a: Rotom|55\/100\n|-damage|p2a: Tapu Koko|88\/100|[from] Recoil\n|\n|-weather|RainDance|[upkeep]\n|-heal|p1a: Rotom|61\/100|[from] item: Leftovers\n|upkeep\n|turn|2\n|\n|t:|1699834659\n|-zpower|p2a: Tapu Koko\n|move|p2a: Tapu Koko|Gigavolt Havoc|p1a: Rotom|[zeffect]\n|-damage|p1a: Rotom|0 fnt\n|faint|p1a: Rotom\n|\n|-weather|RainDance|[upkeep]\n|upkeep\n|\n|t:|1699834664\n|switch|p1a: Barraskewda|Barraskewda, M, shiny|100\/100\n|turn|3\n|\n|t:|1699834670\n|-terastallize|p1a: Barraskewda|Water\n|move|p1a: Barraskewda|Liquidation|p2a: Tapu Koko\n|-damage|p2a: Tapu Koko|0 fnt\n|faint|p2a: Tapu Koko\n|\n|-weather|RainDance|[upkeep]\n|upkeep\n|\n|t:|1699834676\n|switch|p2a: Ferrothorn|Ferrothorn, F|100\/100\n|turn|4\n|\n|t:|1699834693\n|switch|p1a: Kingdra|Kingdra, M|100\/100\n|move|p2a: Ferrothorn|Power Whip|p1a: Kingdra\n|-damage|p1a: Kingdra|52\/100\n|\n|-weather|RainDance|[upkeep]\n|upkeep\n|turn|5\n|inactive|SaschaCara has 120 seconds left.\n|\n|t:|1699834719\n|move|p1a: Kingdra|Hurricane|p2a: Ferrothorn\n|-damage|p2a: Ferrothorn|68\/100\n|-start|p2a: Ferrothorn|confusion\n|-damage|p1a: Kingdra|42\/100|[from] item: Life Orb\n|-activate|p2a: Ferrothorn|confusion\n|move|p2a: Ferrothorn|Knock Off|p1a: Kingdra\n|-damage|p1a: Kingdra|18\/100\n|-enditem|p1a: Kingdra|Life Orb|[from] move: Knock Off|[of] p2a: Ferrothorn\n|\n|-weather|RainDance|[upkeep]\n|-heal|p2a: Ferrothorn|75\/100|[from] item: Leftovers\n|-fieldend|move: Electric Terrain\n|upkeep\n|turn|6\n|inactive|SaschaCara has 120 seconds left.\n|\n|t:|1699834743\n|move|p1a: Kingdra|Hurricane|p2a: Ferrothorn\n|-damage|p2a: Ferrothorn|51\/100\n|-activate|p2a: Ferrothorn|confusion\n|move|p2a: Ferrothorn|Power Whip|p1a: Kingdra\n|-damage|p1a: Kingdra|0 fnt\n|faint|p1a: Kingdra\n|\n|-weather|RainDance|[upkeep]\n|-heal|p2a: Ferrothorn|57\/100|[from] item: Leftovers\n|upkeep\n|\n|t:|1699834747\n|switch|p1a: Barraskewda|Barraskewda, M, shiny, tera:Water|100\/100\n|turn|7\n|inactive|SaschaCara has 120 seconds left.\n|\n|t:|1699834778\n|move|p1a: Barraskewda|Close Combat|p2a: Ferrothorn\n|-supereffective|p2a: Ferrothorn\n|-damage|p2a: Ferrothorn|0 fnt\n|-unboost|p1a: Barraskewda|def|1\n|-unboost|p1a: Barraskewda|spd|1\n|-damage|p1a: Barraskewda|88\/100|[from] ability: Iron Barbs|[of] p2a: Ferrothorn\n|faint|p2a: Ferrothorn\n|\n|-weather|RainDance|[upkeep]\n|upkeep\n|inactive|SaschaCara has 90 seconds left.\n|\n|t:|1699834816\n|switch|p2a: Landorus|Landorus-Therian, M|100\/100\n|-ability|p2a: Landorus|Intimidate|boost\n|-unboost|p1a: Barraskewda|atk|1\n|turn|8\n|\n|t:|1699834830\n|switch|p1a: Scizor|Scizor, F|100\/100\n|switch|p2a: Jynx|Jynx, F|100\/100\n|\n|-weather|none\n|upkeep\n|turn|9\n|\n|t:|1699834838\n|switch|p2a: Landorus|Landorus-Therian, M|100\/100\n|-ability|p2a: Landorus|Intimidate|boost\n|-unboost|p1a: Scizor|atk|1\n|detailschange|p1a: Scizor|Scizor-Mega, F\n|-mega|p1a: Scizor|Scizor|Scizorite\n|move|p1a: Scizor|Knock Off|p2a: Landorus\n|-damage|p2a: Landorus|76\/100\n|-enditem|p2a: Landorus|Earth Plate|[from] move: Knock Off|[of] p1a: Scizor\n|\n|upkeep\n|turn|10\n|inactive|SaschaCara has 60 seconds left.\n|\n|t:|1699834861\n|switch|p1a: \u76d6\u6b27\u5361|Pelipper, M, shiny|100\/100\n|-weather|RainDance|[from] ability: Drizzle|[of] p1a: \u76d6\u6b27\u5361\n|-terastallize|p2a: Landorus|Ground\n|move|p2a: Landorus|Smack Down|p1a: \u76d6\u6b27\u5361\n|-supereffective|p1a: \u76d6\u6b27\u5361\n|-damage|p1a: \u76d6\u6b27\u5361|68\/100\n|-start|p1a: \u76d6\u6b27\u5361|Smack Down\n|\n|-weather|RainDance|[upkeep]\n|upkeep\n|turn|11\n|inactive|SaschaCara has 60 seconds left.\n|\n|t:|1699834872\n|move|p2a: Landorus|Earthquake|p1a: \u76d6\u6b27\u5361\n|-damage|p1a: \u76d6\u6b27\u5361|0 fnt\n|faint|p1a: \u76d6\u6b27\u5361\n|\n|-weather|RainDance|[upkeep]\n|upkeep\n|\n|t:|1699834876\n|switch|p1a: Barraskewda|Barraskewda, M, shiny, tera:Water|88\/100\n|turn|12\n|\n|t:|1699834881\n|switch|p2a: Jynx|Jynx, F|100\/100\n|move|p1a: Barraskewda|Liquidation|p2a: Jynx\n|-immune|p2a: Jynx|[from] ability: Dry Skin\n|\n|-weather|RainDance|[upkeep]\n|upkeep\n|turn|13\n|\n|t:|1699834888\n|switch|p1a: Scizor|Scizor-Mega, F|100\/100\n|move|p2a: Jynx|Lovely Kiss|p1a: Scizor\n|-status|p1a: Scizor|slp|[from] move: Lovely Kiss\n|\n|-weather|RainDance|[upkeep]\n|upkeep\n|turn|14\n|\n|t:|1699834903\n|switch|p2a: Hoopa|Hoopa-Unbound|100\/100\n|cant|p1a: Scizor|slp\n|\n|-weather|RainDance|[upkeep]\n|upkeep\n|turn|15\n|\n|t:|1699834912\n|move|p2a: Hoopa|Fire Punch|p1a: Scizor\n|-supereffective|p1a: Scizor\n|-damage|p1a: Scizor|29\/100 slp\n|-curestatus|p1a: Scizor|slp|[msg]\n|move|p1a: Scizor|Knock Off|p2a: Hoopa\n|-damage|p2a: Hoopa|50\/100\n|-enditem|p2a: Hoopa|Choice Band|[from] move: Knock Off|[of] p1a: Scizor\n|\n|-weather|RainDance|[upkeep]\n|upkeep\n|turn|16\n|\n|t:|1699834921\n|move|p1a: Scizor|Bullet Punch|p2a: Hoopa\n|-damage|p2a: Hoopa|5\/100\n|move|p2a: Hoopa|Fire Punch|p1a: Scizor\n|-supereffective|p1a: Scizor\n|-damage|p1a: Scizor|0 fnt\n|faint|p1a: Scizor\n|\n|-weather|RainDance|[upkeep]\n|upkeep\n|-message|mergency\u4e71\u821e forfeited.\n|\n|win|SaschaCara\n|raw|mergency\u4e71\u821e's rating: 1309 &rarr; <strong>1284<\/strong><br \/>(-25 for losing)\n|raw|SaschaCara's rating: 1219 &rarr; <strong>1250<\/strong><br \/>(+31 for winning)\n|l|\u2606mergency\u4e71\u821e\n","uploadtime":1699835187,"views":7,"p1id":"mergency","p2id":"saschacara","formatid":"gen9nationaldex","rating":1250,"private":0,"password":""}