{"id":"gen9nationaldex-1994774753","p1":"slim36936","p2":"iosuhga","format":"[Gen 9] National Dex","log":"|html|<div class=\"broadcast-blue\"><strong>[Gen 9] National Dex is currently suspecting Sneasler! For information on how to participate check out the <a href=\"https:\/\/www.smogon.com\/forums\/threads\/sv-national-dex-suspect-8-just-dance.3731534\/\">suspect thread<\/a>.<\/strong><\/div>\n|j|\u2606slim36936\n|j|\u2606iosuhga\n|t:|1700491506\n|gametype|singles\n|player|p1|slim36936|cynthia-gen4|1334\n|player|p2|iosuhga|swimmer-gen4dp|1324\n|teamsize|p1|6\n|teamsize|p2|6\n|gen|9\n|tier|[Gen 9] National Dex\n|rated|\n|rule|HP Percentage Mod: HP is shown in percentages\n|rule|Endless Battle Clause: Forcing endless battles is banned\n|rule|OHKO Clause: OHKO moves are banned\n|rule|Evasion Clause: Evasion abilities, items, and moves are banned\n|rule|Evasion Abilities Clause: Evasion abilities are banned\n|rule|Evasion Items Clause: Evasion items are banned\n|rule|Evasion Moves Clause: Evasion moves are banned\n|rule|Species Clause: Limit one of each Pok\u00e9mon\n|rule|Sleep Clause Mod: Limit one foe put to sleep\n|clearpoke\n|poke|p1|Rillaboom, F|\n|poke|p1|Glimmora, F|\n|poke|p1|Sneasler, F|\n|poke|p1|Moltres|\n|poke|p1|Gyarados, M|\n|poke|p1|Garchomp, M|\n|poke|p2|Banette, M|\n|poke|p2|Kleavor, M|\n|poke|p2|Sinistcha-Masterpiece|\n|poke|p2|Urshifu-*, F|\n|poke|p2|Iron Valiant|\n|poke|p2|Rotom-Wash|\n|teampreview\n|\n|t:|1700491522\n|start\n|switch|p1a: Glimmora|Glimmora, F|100\/100\n|switch|p2a: Rotom|Rotom-Wash|100\/100\n|turn|1\n|inactive|Battle timer is ON: inactive players will automatically lose when time's up. (requested by iosuhga)\n|\n|t:|1700491538\n|move|p1a: Glimmora|Mortal Spin|p2a: Rotom\n|-damage|p2a: Rotom|95\/100\n|-status|p2a: Rotom|psn\n|move|p2a: Rotom|Hydro Pump|p1a: Glimmora\n|-supereffective|p1a: Glimmora\n|-enditem|p1a: Glimmora|Focus Sash\n|-damage|p1a: Glimmora|1\/100\n|\n|-heal|p2a: Rotom|100\/100 psn|[from] item: Leftovers\n|-damage|p2a: Rotom|88\/100 psn|[from] psn\n|upkeep\n|turn|2\n|\n|t:|1700491557\n|move|p1a: Glimmora|Stealth Rock|p2a: Rotom\n|-sidestart|p2: iosuhga|move: Stealth Rock\n|move|p2a: Rotom|Volt Switch|p1a: Glimmora\n|-damage|p1a: Glimmora|0 fnt\n|faint|p1a: Glimmora\n|\n|t:|1700491565\n|switch|p2a: Banette|Banette, M|100\/100|[from] Volt Switch\n|-damage|p2a: Banette|88\/100|[from] Stealth Rock\n|\n|upkeep\n|inactive|slim36936 has 120 seconds left.\n|\n|t:|1700491595\n|switch|p1a: Gyarados|Gyarados, M, shiny|100\/100\n|-ability|p1a: Gyarados|Intimidate|boost\n|-unboost|p2a: Banette|atk|1\n|turn|3\n|inactive|slim36936 has 120 seconds left.\n|\n|t:|1700491610\n|detailschange|p1a: Gyarados|Gyarados-Mega, M, shiny\n|-mega|p1a: Gyarados|Gyarados|Gyaradosite\n|-ability|p1a: Gyarados|Mold Breaker\n|move|p1a: Gyarados|Crunch|p2a: Banette\n|-supereffective|p2a: Banette\n|-damage|p2a: Banette|0 fnt\n|faint|p2a: Banette\n|\n|upkeep\n|\n|t:|1700491620\n|switch|p2a: Kleavor|Kleavor, M|100\/100\n|-damage|p2a: Kleavor|76\/100|[from] Stealth Rock\n|turn|4\n|inactive|slim36936 has 120 seconds left.\n|\n|t:|1700491630\n|move|p2a: Kleavor|Stone Axe|p1a: Gyarados\n|-damage|p1a: Gyarados|30\/100\n|-sidestart|p1: slim36936|move: Stealth Rock\n|move|p1a: Gyarados|Substitute|p1a: Gyarados\n|-start|p1a: Gyarados|Substitute\n|-damage|p1a: Gyarados|5\/100\n|\n|upkeep\n|turn|5\n|\n|t:|1700491638\n|move|p2a: Kleavor|Stone Axe|p1a: Gyarados\n|-end|p1a: Gyarados|Substitute\n|move|p1a: Gyarados|Waterfall|p2a: Kleavor\n|-supereffective|p2a: Kleavor\n|-damage|p2a: Kleavor|0 fnt\n|faint|p2a: Kleavor\n|\n|upkeep\n|\n|t:|1700491654\n|switch|p2a: Urshifu|Urshifu-Rapid-Strike, F|100\/100\n|-damage|p2a: Urshifu|94\/100|[from] Stealth Rock\n|turn|6\n|\n|t:|1700491667\n|move|p2a: Urshifu|Ice Spinner|p1a: Gyarados\n|-resisted|p1a: Gyarados\n|-damage|p1a: Gyarados|0 fnt\n|faint|p1a: Gyarados\n|\n|upkeep\n|\n|t:|1700491679\n|switch|p1a: Rillaboom|Rillaboom, F|100\/100\n|-damage|p1a: Rillaboom|88\/100|[from] Stealth Rock\n|-fieldstart|move: Grassy Terrain|[from] ability: Grassy Surge|[of] p1a: Rillaboom\n|turn|7\n|inactive|slim36936 has 120 seconds left.\n|\n|t:|1700491694\n|switch|p2a: Sinistcha|Sinistcha-Masterpiece|100\/100\n|-damage|p2a: Sinistcha|88\/100|[from] Stealth Rock\n|move|p1a: Rillaboom|Grassy Glide|p2a: Sinistcha\n|-resisted|p2a: Sinistcha\n|-damage|p2a: Sinistcha|67\/100\n|\n|-heal|p1a: Rillaboom|94\/100|[from] Grassy Terrain\n|-heal|p2a: Sinistcha|73\/100|[from] Grassy Terrain\n|-heal|p2a: Sinistcha|79\/100|[from] item: Leftovers\n|upkeep\n|turn|8\n|inactive|slim36936 has 120 seconds left.\n|\n|t:|1700491714\n|switch|p1a: Moltres|Moltres|100\/100\n|move|p2a: Sinistcha|Strength Sap|p1a: Moltres\n|-unboost|p1a: Moltres|atk|1\n|-heal|p2a: Sinistcha|100\/100\n|\n|upkeep\n|turn|9\n|inactive|slim36936 has 120 seconds left.\n|\n|t:|1700491728\n|move|p1a: Moltres|Flamethrower|p2a: Sinistcha\n|-supereffective|p2a: Sinistcha\n|-damage|p2a: Sinistcha|54\/100\n|move|p2a: Sinistcha|Stun Spore|p1a: Moltres\n|-status|p1a: Moltres|par\n|\n|-heal|p2a: Sinistcha|60\/100|[from] Grassy Terrain\n|-heal|p2a: Sinistcha|66\/100|[from] item: Leftovers\n|upkeep\n|turn|10\n|inactive|slim36936 has 120 seconds left.\n|\n|t:|1700491745\n|move|p2a: Sinistcha|Strength Sap|p1a: Moltres\n|-unboost|p1a: Moltres|atk|1\n|-heal|p2a: Sinistcha|100\/100\n|move|p1a: Moltres|Flamethrower|p2a: Sinistcha\n|-supereffective|p2a: Sinistcha\n|-damage|p2a: Sinistcha|57\/100\n|\n|-heal|p2a: Sinistcha|63\/100|[from] Grassy Terrain\n|-heal|p2a: Sinistcha|69\/100|[from] item: Leftovers\n|upkeep\n|turn|11\n|\n|t:|1700491763\n|move|p2a: Sinistcha|Hex|p1a: Moltres\n|-damage|p1a: Moltres|40\/100 par\n|move|p1a: Moltres|U-turn|p2a: Sinistcha\n|-damage|p2a: Sinistcha|64\/100\n|\n|t:|1700491779\n|switch|p1a: Sneasler|Sneasler, F|100\/100|[from] U-turn\n|-damage|p1a: Sneasler|95\/100|[from] Stealth Rock\n|-enditem|p1a: Sneasler|Grassy Seed\n|-boost|p1a: Sneasler|def|1|[from] item: Grassy Seed\n|\n|-heal|p1a: Sneasler|100\/100|[from] Grassy Terrain\n|-heal|p2a: Sinistcha|70\/100|[from] Grassy Terrain\n|-heal|p2a: Sinistcha|76\/100|[from] item: Leftovers\n|-fieldend|move: Grassy Terrain\n|upkeep\n|turn|12\n|inactive|slim36936 has 90 seconds left.\n|\n|t:|1700491814\n|move|p1a: Sneasler|Dire Claw|p2a: Sinistcha\n|-damage|p2a: Sinistcha|40\/100\n|-status|p2a: Sinistcha|slp\n|cant|p2a: Sinistcha|slp\n|\n|-heal|p2a: Sinistcha|46\/100 slp|[from] item: Leftovers\n|upkeep\n|turn|13\n|\n|t:|1700491824\n|move|p1a: Sneasler|Swords Dance|p1a: Sneasler\n|-boost|p1a: Sneasler|atk|2\n|cant|p2a: Sinistcha|slp\n|\n|-heal|p2a: Sinistcha|53\/100 slp|[from] item: Leftovers\n|upkeep\n|turn|14\n|\n|t:|1700491833\n|move|p1a: Sneasler|Dire Claw|p2a: Sinistcha\n|-damage|p2a: Sinistcha|0 fnt\n|faint|p2a: Sinistcha\n|\n|upkeep\n|\n|t:|1700491837\n|switch|p2a: Urshifu|Urshifu-Rapid-Strike, F|94\/100\n|-damage|p2a: Urshifu|88\/100|[from] Stealth Rock\n|turn|15\n|inactive|slim36936 has 90 seconds left.\n|\n|t:|1700491855\n|move|p1a: Sneasler|Dire Claw|p2a: Urshifu\n|-damage|p2a: Urshifu|0 fnt\n|faint|p2a: Urshifu\n|\n|upkeep\n|\n|t:|1700491860\n|switch|p2a: Rotom|Rotom-Wash|88\/100 psn\n|-damage|p2a: Rotom|75\/100 psn|[from] Stealth Rock\n|turn|16\n|inactive|slim36936 has 90 seconds left.\n|l|\u2606slim36936\n|inactive|slim36936 disconnected and has a minute to reconnect!\n|player|p1|\n|j|\u2606slim36936\n|inactive|slim36936 reconnected and has 65 seconds left.\n|player|p1|slim36936|cynthia-gen4\n|inactive|slim36936 has 60 seconds left.\n|\n|t:|1700491908\n|move|p1a: Sneasler|Swords Dance|p1a: Sneasler\n|-boost|p1a: Sneasler|atk|2\n|move|p2a: Rotom|Will-O-Wisp|p1a: Sneasler\n|-status|p1a: Sneasler|brn\n|\n|-heal|p2a: Rotom|82\/100 psn|[from] item: Leftovers\n|-damage|p2a: Rotom|69\/100 psn|[from] psn\n|-damage|p1a: Sneasler|95\/100 brn|[from] brn\n|upkeep\n|turn|17\n|inactive|iosuhga has 120 seconds left.\n|\n|t:|1700491945\n|move|p1a: Sneasler|Dire Claw|p2a: Rotom\n|-damage|p2a: Rotom|8\/100 psn\n|move|p2a: Rotom|Hydro Pump|p1a: Sneasler\n|-damage|p1a: Sneasler|38\/100 brn\n|\n|-heal|p2a: Rotom|14\/100 psn|[from] item: Leftovers\n|-damage|p2a: Rotom|1\/100 psn|[from] psn\n|-damage|p1a: Sneasler|32\/100 brn|[from] brn\n|upkeep\n|turn|18\n|inactive|iosuhga has 120 seconds left.\n|-message|iosuhga forfeited.\n|\n|win|slim36936\n|raw|slim36936's rating: 1334 &rarr; <strong>1353<\/strong><br \/>(+19 for winning)\n|raw|iosuhga's rating: 1324 &rarr; <strong>1305<\/strong><br \/>(-19 for losing)\n|l|\u2606iosuhga\n","uploadtime":1700491961,"views":1,"p1id":"slim36936","p2id":"iosuhga","formatid":"gen9nationaldex","rating":1305,"private":0,"password":""}