{"id":"gen9nationaldex-1990388222","p1":"starlitbox","p2":"clementh","format":"[Gen 9] National Dex","log":"|j|\u2606starlitbox\n|j|\u2606clementh\n|t:|1699965628\n|gametype|singles\n|player|p1|starlitbox|silver|1286\n|player|p2|clementh|nate|1372\n|teamsize|p1|6\n|teamsize|p2|6\n|gen|9\n|tier|[Gen 9] National Dex\n|rated|\n|rule|HP Percentage Mod: HP is shown in percentages\n|rule|Endless Battle Clause: Forcing endless battles is banned\n|rule|OHKO Clause: OHKO moves are banned\n|rule|Evasion Clause: Evasion abilities, items, and moves are banned\n|rule|Evasion Abilities Clause: Evasion abilities are banned\n|rule|Evasion Items Clause: Evasion items are banned\n|rule|Evasion Moves Clause: Evasion moves are banned\n|rule|Species Clause: Limit one of each Pok\u00e9mon\n|rule|Sleep Clause Mod: Limit one foe put to sleep\n|clearpoke\n|poke|p1|Landorus-Therian, M|\n|poke|p1|Greninja-*, M|\n|poke|p1|Volcarona, M|\n|poke|p1|Iron Valiant|\n|poke|p1|Ogerpon-Wellspring, F|\n|poke|p1|Tapu Koko|\n|poke|p2|Charizard, F|\n|poke|p2|Serperior, M|\n|poke|p2|Tyranitar, M|\n|poke|p2|Great Tusk|\n|poke|p2|Doublade, M|\n|poke|p2|Alomomola, M|\n|teampreview\n|\n|t:|1699965638\n|start\n|switch|p1a: Tapu Koko|Tapu Koko|100\/100\n|switch|p2a: Serperior|Serperior, M|100\/100\n|-fieldstart|move: Electric Terrain|[from] ability: Electric Surge|[of] p1a: Tapu Koko\n|turn|1\n|\n|t:|1699965647\n|switch|p2a: Tyranitar|Tyranitar, M|100\/100\n|-weather|Sandstorm|[from] ability: Sand Stream|[of] p2a: Tyranitar\n|move|p1a: Tapu Koko|Volt Switch|p2a: Tyranitar\n|-damage|p2a: Tyranitar|80\/100\n|\n|t:|1699965656\n|switch|p1a: Landorus|Landorus-Therian, M|100\/100|[from] Volt Switch\n|-ability|p1a: Landorus|Intimidate|boost\n|-unboost|p2a: Tyranitar|atk|1\n|\n|-weather|Sandstorm|[upkeep]\n|upkeep\n|turn|2\n|inactive|Battle timer is ON: inactive players will automatically lose when time's up. (requested by clementh)\n|\n|t:|1699965663\n|move|p1a: Landorus|U-turn|p2a: Tyranitar\n|-supereffective|p2a: Tyranitar\n|-damage|p2a: Tyranitar|32\/100\n|\n|t:|1699965673\n|switch|p1a: Volcarona|Volcarona, M|100\/100|[from] U-turn\n|move|p2a: Tyranitar|Ice Beam|p1a: Volcarona\n|-resisted|p1a: Volcarona\n|-damage|p1a: Volcarona|86\/100\n|\n|-weather|Sandstorm|[upkeep]\n|-damage|p1a: Volcarona|80\/100|[from] Sandstorm\n|upkeep\n|turn|3\n|\n|t:|1699965700\n|switch|p1a: Ogerpon|Ogerpon-Wellspring, F|100\/100\n|switch|p2a: Doublade|Doublade, M|100\/100\n|\n|-weather|Sandstorm|[upkeep]\n|-damage|p1a: Ogerpon|95\/100|[from] Sandstorm\n|upkeep\n|turn|4\n|\n|t:|1699965711\n|switch|p2a: Alomomola|Alomomola, M, shiny|100\/100\n|move|p1a: Ogerpon|Swords Dance|p1a: Ogerpon\n|-boost|p1a: Ogerpon|atk|2\n|\n|-weather|Sandstorm|[upkeep]\n|-damage|p1a: Ogerpon|89\/100|[from] Sandstorm\n|-damage|p2a: Alomomola|94\/100|[from] Sandstorm\n|upkeep\n|turn|5\n|\n|t:|1699965720\n|move|p1a: Ogerpon|Horn Leech|p2a: Alomomola\n|-supereffective|p2a: Alomomola\n|-damage|p2a: Alomomola|0 fnt\n|-heal|p1a: Ogerpon|100\/100|[from] drain|[of] p2a: Alomomola\n|faint|p2a: Alomomola\n|\n|-weather|none\n|-fieldend|move: Electric Terrain\n|upkeep\n|\n|t:|1699965729\n|switch|p2a: Serperior|Serperior, M|100\/100\n|turn|6\n|\n|t:|1699965733\n|move|p2a: Serperior|Leaf Storm|p1a: Ogerpon\n|-damage|p1a: Ogerpon|44\/100\n|-boost|p2a: Serperior|spa|2\n|move|p1a: Ogerpon|U-turn|p2a: Serperior\n|-supereffective|p2a: Serperior\n|-damage|p2a: Serperior|0 fnt\n|faint|p2a: Serperior\n|\n|t:|1699965742\n|switch|p1a: Tapu Koko|Tapu Koko|100\/100|[from] U-turn\n|-fieldstart|move: Electric Terrain|[from] ability: Electric Surge|[of] p1a: Tapu Koko\n|\n|upkeep\n|\n|t:|1699965756\n|switch|p2a: Tyranitar|Tyranitar, M|32\/100\n|-weather|Sandstorm|[from] ability: Sand Stream|[of] p2a: Tyranitar\n|turn|7\n|\n|t:|1699965761\n|move|p1a: Tapu Koko|Dazzling Gleam|p2a: Tyranitar\n|-supereffective|p2a: Tyranitar\n|-damage|p2a: Tyranitar|0 fnt\n|faint|p2a: Tyranitar\n|\n|-weather|Sandstorm|[upkeep]\n|-damage|p1a: Tapu Koko|94\/100|[from] Sandstorm\n|upkeep\n|\n|t:|1699965769\n|switch|p2a: Great Tusk|Great Tusk|100\/100\n|turn|8\n|\n|t:|1699965778\n|switch|p1a: Landorus|Landorus-Therian, M|100\/100\n|-ability|p1a: Landorus|Intimidate|boost\n|-unboost|p2a: Great Tusk|atk|1\n|move|p2a: Great Tusk|Rapid Spin|p1a: Landorus\n|-damage|p1a: Landorus|90\/100\n|-boost|p2a: Great Tusk|spe|1\n|\n|-weather|Sandstorm|[upkeep]\n|-heal|p1a: Landorus|96\/100|[from] item: Leftovers\n|upkeep\n|turn|9\n|\n|t:|1699965789\n|-end|p2a: Great Tusk|Protosynthesis|[silent]\n|switch|p2a: Charizard|Charizard, F|100\/100\n|move|p1a: Landorus|Earthquake|p2a: Charizard\n|-immune|p2a: Charizard\n|\n|-weather|Sandstorm|[upkeep]\n|-damage|p2a: Charizard|94\/100|[from] Sandstorm\n|-heal|p1a: Landorus|100\/100|[from] item: Leftovers\n|upkeep\n|turn|10\n|inactive|clementh has 120 seconds left.\n|\n|t:|1699965821\n|detailschange|p2a: Charizard|Charizard-Mega-Y, F\n|-mega|p2a: Charizard|Charizard|Charizardite Y\n|-weather|SunnyDay|[from] ability: Drought|[of] p2a: Charizard\n|move|p2a: Charizard|Weather Ball|p1a: Landorus\n|-damage|p1a: Landorus|4\/100\n|move|p1a: Landorus|U-turn|p2a: Charizard\n|-resisted|p2a: Charizard\n|-damage|p2a: Charizard|84\/100\n|\n|t:|1699965833\n|switch|p1a: Ogerpon|Ogerpon-Wellspring, F|44\/100|[from] U-turn\n|\n|-weather|SunnyDay|[upkeep]\n|-fieldend|move: Electric Terrain\n|upkeep\n|turn|11\n|\n|t:|1699965840\n|switch|p2a: Doublade|Doublade, M|100\/100\n|move|p1a: Ogerpon|Ivy Cudgel|p2a: Doublade|[anim] Ivy Cudgel Water\n|-crit|p2a: Doublade\n|-damage|p2a: Doublade|80\/100\n|\n|-weather|SunnyDay|[upkeep]\n|upkeep\n|turn|12\n|\n|t:|1699965852\n|move|p2a: Doublade|Shadow Sneak|p1a: Ogerpon\n|-damage|p1a: Ogerpon|16\/100\n|move|p1a: Ogerpon|U-turn|p2a: Doublade\n|-resisted|p2a: Doublade\n|-damage|p2a: Doublade|77\/100\n|\n|t:|1699965858\n|switch|p1a: Greninja|Greninja, M|100\/100|[from] U-turn\n|\n|-weather|SunnyDay|[upkeep]\n|upkeep\n|turn|13\n|\n|t:|1699965864\n|move|p1a: Greninja|Dark Pulse|p2a: Doublade\n|-supereffective|p2a: Doublade\n|-damage|p2a: Doublade|0 fnt\n|faint|p2a: Doublade\n|-ability|p1a: Greninja|Battle Bond|boost\n|-boost|p1a: Greninja|atk|1\n|-boost|p1a: Greninja|spa|1\n|-boost|p1a: Greninja|spe|1\n|-activate|p1a: Greninja|ability: Battle Bond\n|\n|-weather|SunnyDay|[upkeep]\n|upkeep\n|\n|t:|1699965869\n|switch|p2a: Charizard|Charizard-Mega-Y, F|84\/100\n|turn|14\n|\n|t:|1699965879\n|-zpower|p1a: Greninja\n|move|p1a: Greninja|Hydro Vortex|p2a: Charizard|[zeffect]\n|-supereffective|p2a: Charizard\n|-crit|p2a: Charizard\n|-damage|p2a: Charizard|0 fnt\n|faint|p2a: Charizard\n|\n|-weather|none\n|upkeep\n|\n|t:|1699965889\n|switch|p2a: Great Tusk|Great Tusk|100\/100\n|turn|15\n|\n|t:|1699965892\n|move|p1a: Greninja|Hydro Pump|p2a: Great Tusk\n|-supereffective|p2a: Great Tusk\n|-damage|p2a: Great Tusk|0 fnt\n|faint|p2a: Great Tusk\n|-end|p2a: Great Tusk|Protosynthesis|[silent]\n|\n|win|starlitbox\n|raw|starlitbox's rating: 1286 &rarr; <strong>1317<\/strong><br \/>(+31 for winning)\n|raw|clementh's rating: 1372 &rarr; <strong>1347<\/strong><br \/>(-25 for losing)\n","uploadtime":1699965904,"views":5,"p1id":"starlitbox","p2id":"clementh","formatid":"gen9nationaldex","rating":1317,"private":0,"password":""}