{"id":"gen9nationaldex-1994874909","p1":"omega7050","p2":"Whitebit09","format":"[Gen 9] National Dex","log":"|html|<div class=\"broadcast-blue\"><strong>[Gen 9] National Dex is currently suspecting Sneasler! For information on how to participate check out the <a href=\"https:\/\/www.smogon.com\/forums\/threads\/sv-national-dex-suspect-8-just-dance.3731534\/\">suspect thread<\/a>.<\/strong><\/div>\n|j|\u2606omega7050\n|j|\u2606Whitebit09\n|t:|1700500728\n|gametype|singles\n|player|p1|omega7050|ingo|1526\n|player|p2|Whitebit09|102|1579\n|teamsize|p1|6\n|teamsize|p2|6\n|gen|9\n|tier|[Gen 9] National Dex\n|rated|\n|rule|HP Percentage Mod: HP is shown in percentages\n|rule|Endless Battle Clause: Forcing endless battles is banned\n|rule|OHKO Clause: OHKO moves are banned\n|rule|Evasion Clause: Evasion abilities, items, and moves are banned\n|rule|Evasion Abilities Clause: Evasion abilities are banned\n|rule|Evasion Items Clause: Evasion items are banned\n|rule|Evasion Moves Clause: Evasion moves are banned\n|rule|Species Clause: Limit one of each Pok\u00e9mon\n|rule|Sleep Clause Mod: Limit one foe put to sleep\n|clearpoke\n|poke|p1|Metagross|\n|poke|p1|Bisharp, M|\n|poke|p1|Decidueye-Hisui, M|\n|poke|p1|Kleavor, F|\n|poke|p1|Zapdos|\n|poke|p1|Skeledirge, M|\n|poke|p2|Lopunny, M|\n|poke|p2|Clefable, M|\n|poke|p2|Landorus-Therian, M|\n|poke|p2|Urshifu-*, M|\n|poke|p2|Kyurem|\n|poke|p2|Cinderace, F|\n|teampreview\n|\n|t:|1700500750\n|start\n|switch|p1a: Skeledirge|Skeledirge, M|100\/100\n|switch|p2a: Kyurem|Kyurem|100\/100\n|-ability|p2a: Kyurem|Pressure\n|turn|1\n|inactive|Battle timer is ON: inactive players will automatically lose when time's up. (requested by Whitebit09)\n|\n|t:|1700500769\n|move|p2a: Kyurem|Earth Power|p1a: Skeledirge\n|-supereffective|p1a: Skeledirge\n|-damage|p1a: Skeledirge|55\/100\n|move|p1a: Skeledirge|Will-O-Wisp|p2a: Kyurem\n|-status|p2a: Kyurem|brn\n|\n|-damage|p2a: Kyurem|94\/100 brn|[from] brn\n|upkeep\n|turn|2\n|\n|t:|1700500782\n|switch|p1a: Decidueye|Decidueye-Hisui, M|100\/100\n|-terastallize|p2a: Kyurem|Ground\n|move|p2a: Kyurem|Earth Power|p1a: Decidueye\n|-resisted|p1a: Decidueye\n|-damage|p1a: Decidueye|72\/100\n|\n|-damage|p2a: Kyurem|88\/100 brn|[from] brn\n|upkeep\n|turn|3\n|\n|t:|1700500785\n|move|p2a: Kyurem|Ice Beam|p1a: Decidueye\n|-supereffective|p1a: Decidueye\n|-damage|p1a: Decidueye|0 fnt\n|faint|p1a: Decidueye\n|\n|-damage|p2a: Kyurem|82\/100 brn|[from] brn\n|upkeep\n|\n|t:|1700500796\n|switch|p1a: Bisharp|Bisharp, M|100\/100\n|turn|4\n|\n|t:|1700500809\n|switch|p2a: Lopunny|Lopunny, M|100\/100\n|move|p1a: Bisharp|Knock Off|p2a: Lopunny\n|-damage|p2a: Lopunny|52\/100\n|\n|upkeep\n|turn|5\n|\n|t:|1700500827\n|switch|p1a: Zapdos|Zapdos|100\/100\n|detailschange|p2a: Lopunny|Lopunny-Mega, M\n|-mega|p2a: Lopunny|Lopunny|Lopunnite\n|move|p2a: Lopunny|Triple Axel|p1a: Zapdos\n|-supereffective|p1a: Zapdos\n|-damage|p1a: Zapdos|82\/100\n|-damage|p2a: Lopunny|35\/100|[from] item: Rocky Helmet|[of] p1a: Zapdos\n|-status|p2a: Lopunny|par|[from] ability: Static|[of] p1a: Zapdos\n|-hitcount|p1a: Zapdos|1\n|\n|upkeep\n|turn|6\n|\n|t:|1700500837\n|move|p1a: Zapdos|Heat Wave|p2a: Lopunny\n|-damage|p2a: Lopunny|0 fnt\n|faint|p2a: Lopunny\n|\n|upkeep\n|\n|t:|1700500841\n|switch|p2a: Kyurem|Kyurem, tera:Ground|82\/100 brn\n|-ability|p2a: Kyurem|Pressure\n|turn|7\n|\n|t:|1700500845\n|move|p1a: Zapdos|Hurricane|p2a: Kyurem\n|-damage|p2a: Kyurem|31\/100 brn\n|move|p2a: Kyurem|Ice Beam|p1a: Zapdos\n|-supereffective|p1a: Zapdos\n|-damage|p1a: Zapdos|0 fnt\n|faint|p1a: Zapdos\n|\n|-damage|p2a: Kyurem|25\/100 brn|[from] brn\n|upkeep\n|\n|t:|1700500855\n|switch|p1a: Bisharp|Bisharp, M|100\/100\n|turn|8\n|\n|t:|1700500864\n|move|p2a: Kyurem|Earth Power|p1a: Bisharp\n|-supereffective|p1a: Bisharp\n|-damage|p1a: Bisharp|14\/100\n|move|p1a: Bisharp|Knock Off|p2a: Kyurem\n|-damage|p2a: Kyurem|0 fnt\n|-enditem|p2a: Kyurem|Never-Melt Ice|[from] move: Knock Off|[of] p1a: Bisharp\n|faint|p2a: Kyurem\n|\n|upkeep\n|\n|t:|1700500878\n|switch|p2a: Urshifu|Urshifu-Rapid-Strike, M|100\/100\n|turn|9\n|\n|t:|1700500882\n|move|p1a: Bisharp|Sucker Punch|p2a: Urshifu\n|-resisted|p2a: Urshifu\n|-damage|p2a: Urshifu|82\/100\n|move|p2a: Urshifu|U-turn|p1a: Bisharp\n|-damage|p1a: Bisharp|0 fnt\n|faint|p1a: Bisharp\n|\n|t:|1700500887\n|switch|p2a: Landorus|Landorus-Therian, M|100\/100|[from] U-turn\n|\n|upkeep\n|\n|t:|1700500892\n|switch|p1a: Metagross|Metagross|100\/100\n|turn|10\n|\n|t:|1700500896\n|move|p1a: Metagross|Agility|p1a: Metagross\n|-boost|p1a: Metagross|spe|2\n|move|p2a: Landorus|Earthquake|p1a: Metagross\n|-supereffective|p1a: Metagross\n|-damage|p1a: Metagross|12\/100\n|\n|upkeep\n|turn|11\n|\n|t:|1700500903\n|move|p1a: Metagross|Ice Punch|p2a: Landorus\n|-supereffective|p2a: Landorus\n|-damage|p2a: Landorus|0 fnt\n|faint|p2a: Landorus\n|\n|upkeep\n|\n|t:|1700500907\n|switch|p2a: Cinderace|Cinderace, F|100\/100\n|turn|12\n|\n|t:|1700500909\n|move|p2a: Cinderace|Sucker Punch|p1a: Metagross\n|-start|p2a: Cinderace|typechange|Dark|[from] ability: Libero\n|-supereffective|p1a: Metagross\n|-damage|p1a: Metagross|0 fnt\n|faint|p1a: Metagross\n|\n|upkeep\n|\n|t:|1700500912\n|switch|p1a: Kleavor|Kleavor, F|100\/100\n|turn|13\n|\n|t:|1700500916\n|switch|p2a: Urshifu|Urshifu-Rapid-Strike, M|82\/100\n|move|p1a: Kleavor|X-Scissor|p2a: Urshifu\n|-resisted|p2a: Urshifu\n|-crit|p2a: Urshifu\n|-damage|p2a: Urshifu|33\/100\n|\n|upkeep\n|turn|14\n|\n|t:|1700500921\n|move|p2a: Urshifu|Surging Strikes|p1a: Kleavor\n|-supereffective|p1a: Kleavor\n|-crit|p1a: Kleavor\n|-damage|p1a: Kleavor|51\/100\n|-supereffective|p1a: Kleavor\n|-crit|p1a: Kleavor\n|-damage|p1a: Kleavor|4\/100\n|-supereffective|p1a: Kleavor\n|-crit|p1a: Kleavor\n|-damage|p1a: Kleavor|0 fnt\n|faint|p1a: Kleavor\n|-hitcount|p1: Kleavor|3\n|\n|upkeep\n|\n|t:|1700500923\n|switch|p1a: Skeledirge|Skeledirge, M|55\/100\n|turn|15\n|\n|t:|1700500930\n|-terastallize|p1a: Skeledirge|Water\n|move|p2a: Urshifu|Surging Strikes|p1a: Skeledirge\n|-resisted|p1a: Skeledirge\n|-crit|p1a: Skeledirge\n|-damage|p1a: Skeledirge|46\/100\n|-resisted|p1a: Skeledirge\n|-crit|p1a: Skeledirge\n|-damage|p1a: Skeledirge|39\/100\n|-resisted|p1a: Skeledirge\n|-crit|p1a: Skeledirge\n|-damage|p1a: Skeledirge|30\/100\n|-hitcount|p1a: Skeledirge|3\n|move|p1a: Skeledirge|Slack Off|p1a: Skeledirge\n|-heal|p1a: Skeledirge|80\/100\n|\n|upkeep\n|turn|16\n|\n|t:|1700500934\n|switch|p2a: Clefable|Clefable, M|100\/100\n|move|p1a: Skeledirge|Will-O-Wisp|p2a: Clefable\n|-status|p2a: Clefable|brn\n|\n|-damage|p2a: Clefable|94\/100 brn|[from] brn\n|upkeep\n|turn|17\n|\n|t:|1700500938\n|move|p1a: Skeledirge|Torch Song|p2a: Clefable\n|-damage|p2a: Clefable|70\/100 brn\n|-boost|p1a: Skeledirge|spa|1\n|move|p2a: Clefable|Thunder Wave|p1a: Skeledirge\n|-status|p1a: Skeledirge|par\n|\n|-heal|p2a: Clefable|76\/100 brn|[from] item: Leftovers\n|-damage|p2a: Clefable|70\/100 brn|[from] brn\n|upkeep\n|turn|18\n|\n|t:|1700500941\n|move|p2a: Clefable|Moonblast|p1a: Skeledirge\n|-damage|p1a: Skeledirge|56\/100 par\n|move|p1a: Skeledirge|Torch Song|p2a: Clefable\n|-damage|p2a: Clefable|47\/100 brn\n|-boost|p1a: Skeledirge|spa|1\n|\n|-heal|p2a: Clefable|53\/100 brn|[from] item: Leftovers\n|-damage|p2a: Clefable|47\/100 brn|[from] brn\n|upkeep\n|turn|19\n|\n|t:|1700500945\n|move|p2a: Clefable|Moonblast|p1a: Skeledirge\n|-damage|p1a: Skeledirge|31\/100 par\n|move|p1a: Skeledirge|Slack Off|p1a: Skeledirge\n|-heal|p1a: Skeledirge|81\/100 par\n|\n|-heal|p2a: Clefable|53\/100 brn|[from] item: Leftovers\n|-damage|p2a: Clefable|47\/100 brn|[from] brn\n|upkeep\n|turn|20\n|\n|t:|1700500954\n|move|p2a: Clefable|Moonblast|p1a: Skeledirge\n|-damage|p1a: Skeledirge|58\/100 par\n|cant|p1a: Skeledirge|par\n|\n|-heal|p2a: Clefable|53\/100 brn|[from] item: Leftovers\n|-damage|p2a: Clefable|47\/100 brn|[from] brn\n|upkeep\n|turn|21\n|\n|t:|1700500958\n|move|p2a: Clefable|Moonblast|p1a: Skeledirge\n|-damage|p1a: Skeledirge|35\/100 par\n|cant|p1a: Skeledirge|par\n|\n|-heal|p2a: Clefable|53\/100 brn|[from] item: Leftovers\n|-damage|p2a: Clefable|47\/100 brn|[from] brn\n|upkeep\n|turn|22\n|\n|t:|1700500963\n|move|p2a: Clefable|Moonblast|p1a: Skeledirge\n|-damage|p1a: Skeledirge|13\/100 par\n|cant|p1a: Skeledirge|par\n|\n|-heal|p2a: Clefable|53\/100 brn|[from] item: Leftovers\n|-damage|p2a: Clefable|47\/100 brn|[from] brn\n|upkeep\n|turn|23\n|\n|t:|1700500968\n|move|p2a: Clefable|Moonblast|p1a: Skeledirge\n|-damage|p1a: Skeledirge|0 fnt\n|faint|p1a: Skeledirge\n|\n|win|Whitebit09\n|raw|omega7050's rating: 1526 &rarr; <strong>1509<\/strong><br \/>(-17 for losing)\n|raw|Whitebit09's rating: 1579 &rarr; <strong>1596<\/strong><br \/>(+17 for winning)\n|l|\u2606omega7050\n","uploadtime":1700500980,"views":3,"p1id":"omega7050","p2id":"whitebit09","formatid":"gen9nationaldex","rating":1509,"private":0,"password":""}