{"id":"gen9nationaldex-1996539365","p1":"Pure Hackmons","p2":"Actively Aria","format":"[Gen 9] National Dex","log":"|j|\u2606Pure Hackmons\n|j|\u2606Actively Aria\n|t:|1700692073\n|gametype|singles\n|player|p1|Pure Hackmons|ethan|\n|player|p2|Actively Aria|lusamine-nihilego|\n|teamsize|p1|6\n|teamsize|p2|6\n|gen|9\n|tier|[Gen 9] National Dex\n|rated|Tournament battle\n|rule|HP Percentage Mod: HP is shown in percentages\n|rule|Endless Battle Clause: Forcing endless battles is banned\n|rule|OHKO Clause: OHKO moves are banned\n|rule|Evasion Clause: Evasion abilities, items, and moves are banned\n|rule|Evasion Abilities Clause: Evasion abilities are banned\n|rule|Evasion Items Clause: Evasion items are banned\n|rule|Evasion Moves Clause: Evasion moves are banned\n|rule|Species Clause: Limit one of each Pok\u00e9mon\n|rule|Sleep Clause Mod: Limit one foe put to sleep\n|rule|Camomons Mod: Pok\u00e9mon have their types set to match their first two moves.\n|rule|CFZ Clause: Crystal-free Z-Moves are banned\n|rule|Sleep Moves Clause: Sleep-inducing moves are banned\n|rule|Terastal Clause: You cannot Terastallize\n|clearpoke\n|poke|p1|Mabosstiff, F|\n|poke|p1|Basculegion, M|\n|poke|p1|Darmanitan, M|\n|poke|p1|Alomomola, F|\n|poke|p1|Blissey, F|\n|poke|p1|Ditto|\n|poke|p2|Gyarados, M|\n|poke|p2|Landorus-Therian, M|\n|poke|p2|Blacephalon|\n|poke|p2|Blissey, F|\n|poke|p2|Greninja-*, M|\n|poke|p2|Iron Valiant|\n|teampreview\n|j|%Iolanthe\n|inactive|Battle timer is ON: inactive players will automatically lose when time's up. (requested by Actively Aria)\n|c|\u2606Pure Hackmons|hf\n|c|\u2606Actively Aria|grand finals again\n|\n|t:|1700692082\n|start\n|switch|p1a: Darmanitan|Darmanitan, M|100\/100\n|switch|p2a: Greninja|Greninja, M|100\/100\n|-start|p1a: Darmanitan|typechange|Steel\/Electric|[silent]\n|-start|p2a: Greninja|typechange|Water\/Dark|[silent]\n|-start|p1a: Darmanitan|typechange|Steel\/Electric|[silent]\n|turn|1\n|l|%Iolanthe\n|\n|t:|1700692092\n|move|p1a: Darmanitan|Bolt Strike|p2a: Greninja|[miss]\n|-miss|p1a: Darmanitan|p2a: Greninja\n|-zpower|p2a: Greninja\n|move|p2a: Greninja|Hydro Vortex|p1a: Darmanitan|[zeffect]\n|-damage|p1a: Darmanitan|0 fnt\n|faint|p1a: Darmanitan\n|-ability|p2a: Greninja|Battle Bond|boost\n|-boost|p2a: Greninja|atk|1\n|-boost|p2a: Greninja|spa|1\n|-boost|p2a: Greninja|spe|1\n|-activate|p2a: Greninja|ability: Battle Bond\n|\n|upkeep\n|\n|t:|1700692097\n|switch|p1a: Ditto|Ditto|100\/100\n|-start|p1a: Ditto|typechange|Ground\/Flying|[silent]\n|-transform|p1a: Ditto|p2a: Greninja|[from] ability: Imposter\n|turn|2\n|c|\u2606Actively Aria|mb\n|\n|t:|1700692101\n|move|p1a: Ditto|U-turn|p2a: Greninja\n|-supereffective|p2a: Greninja\n|-damage|p2a: Greninja|38\/100\n|\n|t:|1700692104\n|switch|p1a: Blissey|Blissey, F|100\/100|[from] U-turn\n|-start|p1a: Blissey|typechange|Ghost\/Normal|[silent]\n|move|p2a: Greninja|U-turn|p1a: Blissey\n|-resisted|p1a: Blissey\n|-damage|p1a: Blissey|90\/100\n|j|%TheTrueLtaker\n|\n|t:|1700692127\n|switch|p2a: Landorus|Landorus-Therian, M|100\/100|[from] U-turn\n|-start|p2a: Landorus|typechange|Ground\/Dark|[silent]\n|-ability|p2a: Landorus|Intimidate|boost\n|-unboost|p1a: Blissey|atk|1\n|\n|upkeep\n|-start|p1a: Blissey|typechange|Ghost\/Normal|[silent]\n|-start|p2a: Landorus|typechange|Ground\/Dark|[silent]\n|turn|3\n|\n|t:|1700692131\n|switch|p1a: Alomomola|Alomomola, F|100\/100\n|-start|p1a: Alomomola|typechange|Bug\/Steel|[silent]\n|move|p2a: Landorus|Knock Off|p1a: Alomomola\n|-damage|p1a: Alomomola|77\/100\n|-enditem|p1a: Alomomola|Iron Ball|[from] move: Knock Off|[of] p2a: Landorus\n|\n|upkeep\n|-start|p1a: Alomomola|typechange|Bug\/Steel|[silent]\n|turn|4\n|\n|t:|1700692140\n|move|p2a: Landorus|Earthquake|p1a: Alomomola\n|-damage|p1a: Alomomola|50\/100\n|move|p1a: Alomomola|U-turn|p2a: Landorus\n|-supereffective|p2a: Landorus\n|-damage|p2a: Landorus|62\/100\n|\n|t:|1700692145\n|switch|p1a: Ditto|Ditto|100\/100|[from] U-turn\n|-start|p1a: Ditto|typechange|Ground\/Flying|[silent]\n|-transform|p1a: Ditto|p2a: Landorus|[from] ability: Imposter\n|-ability|p1a: Ditto|Intimidate|boost\n|-unboost|p2a: Landorus|atk|1\n|\n|-heal|p2a: Landorus|68\/100|[from] item: Leftovers\n|upkeep\n|turn|5\n|\n|t:|1700692150\n|move|p1a: Ditto|U-turn|p2a: Landorus\n|-supereffective|p2a: Landorus\n|-damage|p2a: Landorus|29\/100\n|\n|t:|1700692152\n|switch|p1a: Alomomola|Alomomola, F|83\/100|[from] U-turn\n|-start|p1a: Alomomola|typechange|Bug\/Steel|[silent]\n|move|p2a: Landorus|Toxic|p1a: Alomomola\n|-immune|p1a: Alomomola\n|\n|-heal|p2a: Landorus|35\/100|[from] item: Leftovers\n|upkeep\n|-start|p1a: Alomomola|typechange|Bug\/Steel|[silent]\n|turn|6\n|\n|t:|1700692162\n|move|p2a: Landorus|Earthquake|p1a: Alomomola\n|-damage|p1a: Alomomola|66\/100\n|move|p1a: Alomomola|Spikes|p2a: Landorus\n|-sidestart|p2: Actively Aria|Spikes\n|\n|-heal|p2a: Landorus|41\/100|[from] item: Leftovers\n|upkeep\n|turn|7\n|\n|t:|1700692165\n|move|p2a: Landorus|U-turn|p1a: Alomomola\n|-resisted|p1a: Alomomola\n|-damage|p1a: Alomomola|62\/100\n|\n|t:|1700692168\n|switch|p2a: Iron Valiant|Iron Valiant|100\/100|[from] U-turn\n|-start|p2a: Iron Valiant|typechange|Fairy\/Ghost|[silent]\n|-damage|p2a: Iron Valiant|88\/100|[from] Spikes\n|-enditem|p2a: Iron Valiant|Booster Energy\n|-activate|p2a: Iron Valiant|ability: Quark Drive|[fromitem]\n|-start|p2a: Iron Valiant|quarkdrivespe\n|move|p1a: Alomomola|U-turn|p2a: Iron Valiant\n|-resisted|p2a: Iron Valiant\n|-damage|p2a: Iron Valiant|82\/100\n|\n|t:|1700692173\n|switch|p1a: Ditto|Ditto|100\/100|[from] U-turn\n|-start|p1a: Ditto|typechange|Ground\/Flying|[silent]\n|-transform|p1a: Ditto|p2a: Iron Valiant|[from] ability: Imposter\n|\n|upkeep\n|-start|p1a: Ditto|typechange|Fairy\/Ghost|[silent]\n|-start|p2a: Iron Valiant|typechange|Fairy\/Ghost|[silent]\n|turn|8\n|\n|t:|1700692181\n|-end|p1a: Ditto|Quark Drive|[silent]\n|switch|p1a: Blissey|Blissey, F|90\/100\n|-start|p1a: Blissey|typechange|Ghost\/Normal|[silent]\n|move|p2a: Iron Valiant|Shadow Ball|p1a: Blissey\n|-immune|p1a: Blissey\n|\n|upkeep\n|-start|p1a: Blissey|typechange|Ghost\/Normal|[silent]\n|turn|9\n|\n|t:|1700692185\n|move|p2a: Iron Valiant|Substitute|p2a: Iron Valiant\n|-start|p2a: Iron Valiant|Substitute\n|-damage|p2a: Iron Valiant|57\/100\n|move|p1a: Blissey|Parting Shot|p2a: Iron Valiant\n|-unboost|p2a: Iron Valiant|atk|1\n|-unboost|p2a: Iron Valiant|spa|1\n|\n|t:|1700692188\n|switch|p1a: Alomomola|Alomomola, F|95\/100|[from] Parting Shot\n|-start|p1a: Alomomola|typechange|Bug\/Steel|[silent]\n|\n|upkeep\n|-start|p1a: Alomomola|typechange|Bug\/Steel|[silent]\n|turn|10\n|\n|t:|1700692191\n|move|p2a: Iron Valiant|Shadow Ball|p1a: Alomomola\n|-damage|p1a: Alomomola|62\/100\n|move|p1a: Alomomola|Spikes|p2a: Iron Valiant\n|-sidestart|p2: Actively Aria|Spikes\n|\n|upkeep\n|turn|11\n|\n|t:|1700692195\n|switch|p1a: Blissey|Blissey, F|90\/100\n|-start|p1a: Blissey|typechange|Ghost\/Normal|[silent]\n|move|p2a: Iron Valiant|Shadow Ball|p1a: Blissey\n|-immune|p1a: Blissey\n|\n|upkeep\n|-start|p1a: Blissey|typechange|Ghost\/Normal|[silent]\n|turn|12\n|\n|t:|1700692204\n|-end|p2a: Iron Valiant|Quark Drive|[silent]\n|switch|p2a: Landorus|Landorus-Therian, M|41\/100\n|-start|p2a: Landorus|typechange|Ground\/Dark|[silent]\n|-damage|p2a: Landorus|24\/100|[from] Spikes\n|-ability|p2a: Landorus|Intimidate|boost\n|-unboost|p1a: Blissey|atk|1\n|switch|p1a: Alomomola|Alomomola, F|95\/100\n|-start|p1a: Alomomola|typechange|Bug\/Steel|[silent]\n|\n|-heal|p2a: Landorus|30\/100|[from] item: Leftovers\n|upkeep\n|-start|p1a: Alomomola|typechange|Bug\/Steel|[silent]\n|-start|p2a: Landorus|typechange|Ground\/Dark|[silent]\n|turn|13\n|\n|t:|1700692206\n|move|p2a: Landorus|Knock Off|p1a: Alomomola\n|-damage|p1a: Alomomola|78\/100\n|move|p1a: Alomomola|U-turn|p2a: Landorus\n|-supereffective|p2a: Landorus\n|-damage|p2a: Landorus|0 fnt\n|faint|p2a: Landorus\n|\n|t:|1700692210\n|switch|p1a: Basculegion|Basculegion, M|100\/100|[from] U-turn\n|-start|p1a: Basculegion|typechange|Steel\/Ice|[silent]\n|\n|upkeep\n|\n|t:|1700692225\n|switch|p2a: Blacephalon|Blacephalon|100\/100\n|-start|p2a: Blacephalon|typechange|Fire\/Ghost|[silent]\n|-damage|p2a: Blacephalon|84\/100|[from] Spikes\n|-start|p1a: Basculegion|typechange|Steel\/Ice|[silent]\n|turn|14\n|\n|t:|1700692230\n|switch|p1a: Blissey|Blissey, F|90\/100\n|-start|p1a: Blissey|typechange|Ghost\/Normal|[silent]\n|move|p2a: Blacephalon|Mind Blown|p1a: Blissey\n|-crit|p1a: Blissey\n|-damage|p1a: Blissey|50\/100\n|-damage|p2a: Blacephalon|34\/100|[from] mindblown\n|\n|upkeep\n|-start|p1a: Blissey|typechange|Ghost\/Normal|[silent]\n|turn|15\n|c|\u2606Actively Aria|wrong move\n|c|\u2606Actively Aria|it isnt supposed to have mind blown\n|\n|t:|1700692246\n|move|p2a: Blacephalon|Mind Blown|p1a: Blissey\n|-damage|p1a: Blissey|24\/100\n|-damage|p2a: Blacephalon|0 fnt|[from] mindblown\n|faint|p2a: Blacephalon\n|move|p1a: Blissey|Recover|p1a: Blissey\n|-heal|p1a: Blissey|74\/100\n|\n|upkeep\n|c|\u2606Pure Hackmons|rip\n|\n|t:|1700692252\n|switch|p2a: Greninja|Greninja, M|38\/100\n|-start|p2a: Greninja|typechange|Water\/Dark|[silent]\n|-damage|p2a: Greninja|21\/100|[from] Spikes\n|turn|16\n|\n|t:|1700692255\n|move|p2a: Greninja|Dark Pulse|p1a: Blissey\n|-supereffective|p1a: Blissey\n|-damage|p1a: Blissey|53\/100\n|move|p1a: Blissey|Recover|p1a: Blissey\n|-heal|p1a: Blissey|100\/100\n|\n|upkeep\n|turn|17\n|\n|t:|1700692260\n|move|p2a: Greninja|Dark Pulse|p1a: Blissey\n|-supereffective|p1a: Blissey\n|-damage|p1a: Blissey|80\/100\n|move|p1a: Blissey|Parting Shot|p2a: Greninja\n|-unboost|p2a: Greninja|atk|1\n|-unboost|p2a: Greninja|spa|1\n|\n|t:|1700692262\n|switch|p1a: Ditto|Ditto|100\/100|[from] Parting Shot\n|-start|p1a: Ditto|typechange|Ground\/Flying|[silent]\n|-transform|p1a: Ditto|p2a: Greninja|[from] ability: Imposter\n|\n|upkeep\n|turn|18\n|\n|t:|1700692266\n|move|p1a: Ditto|U-turn|p2a: Greninja\n|-supereffective|p2a: Greninja\n|-damage|p2a: Greninja|0 fnt\n|faint|p2a: Greninja\n|\n|t:|1700692269\n|switch|p1a: Alomomola|Alomomola, F|100\/100|[from] U-turn\n|-start|p1a: Alomomola|typechange|Bug\/Steel|[silent]\n|\n|upkeep\n|c|\u2606Pure Hackmons|ngl i might experiment with ditto stall\n|c|%TheTrueLtaker|no please\n|\n|t:|1700692283\n|switch|p2a: Gyarados|Gyarados, M|100\/100\n|-start|p2a: Gyarados|typechange|Ground\/Water|[silent]\n|-damage|p2a: Gyarados|84\/100|[from] Spikes\n|-ability|p2a: Gyarados|Intimidate|boost\n|-unboost|p1a: Alomomola|atk|1\n|-start|p1a: Alomomola|typechange|Bug\/Steel|[silent]\n|-start|p2a: Gyarados|typechange|Ground\/Water|[silent]\n|turn|19\n|c|\u2606Pure Hackmons|does a lot of what pory z already does\n|\n|t:|1700692295\n|move|p2a: Gyarados|Dragon Dance|p2a: Gyarados\n|-boost|p2a: Gyarados|atk|1\n|-boost|p2a: Gyarados|spe|1\n|move|p1a: Alomomola|U-turn|p2a: Gyarados\n|-damage|p2a: Gyarados|68\/100\n|\n|t:|1700692303\n|switch|p1a: Blissey|Blissey, F|80\/100|[from] U-turn\n|-start|p1a: Blissey|typechange|Ghost\/Normal|[silent]\n|\n|upkeep\n|-start|p1a: Blissey|typechange|Ghost\/Normal|[silent]\n|turn|20\n|c|\u2606Pure Hackmons|wrong mon\n|\n|t:|1700692313\n|switch|p1a: Alomomola|Alomomola, F|100\/100\n|-start|p1a: Alomomola|typechange|Bug\/Steel|[silent]\n|detailschange|p2a: Gyarados|Gyarados-Mega, M\n|-mega|p2a: Gyarados|Gyarados|Gyaradosite\n|-ability|p2a: Gyarados|Mold Breaker\n|-start|p2a: Gyarados|typechange|Ground\/Water|[silent]\n|move|p2a: Gyarados|Dragon Dance|p2a: Gyarados\n|-boost|p2a: Gyarados|atk|1\n|-boost|p2a: Gyarados|spe|1\n|\n|upkeep\n|-start|p1a: Alomomola|typechange|Bug\/Steel|[silent]\n|-start|p2a: Gyarados|typechange|Ground\/Water|[silent]\n|turn|21\n|\n|t:|1700692327\n|move|p2a: Gyarados|Earthquake|p1a: Alomomola\n|-damage|p1a: Alomomola|36\/100\n|move|p1a: Alomomola|U-turn|p2a: Gyarados\n|-damage|p2a: Gyarados|49\/100\n|\n|t:|1700692329\n|switch|p1a: Ditto|Ditto|100\/100|[from] U-turn\n|-start|p1a: Ditto|typechange|Ground\/Flying|[silent]\n|-transform|p1a: Ditto|p2a: Gyarados|[from] ability: Imposter\n|-ability|p1a: Ditto|Mold Breaker\n|\n|upkeep\n|turn|22\n|\n|t:|1700692332\n|move|p1a: Ditto|Earthquake|p2a: Gyarados\n|-damage|p2a: Gyarados|0 fnt\n|faint|p2a: Gyarados\n|\n|upkeep\n|\n|t:|1700692336\n|switch|p2a: Blissey|Blissey, F|100\/100\n|-start|p2a: Blissey|typechange|Ghost\/Normal|[silent]\n|-start|p2a: Blissey|typechange|Ghost\/Normal|[silent]\n|turn|23\n|\n|t:|1700692340\n|move|p1a: Ditto|Earthquake|p2a: Blissey\n|-damage|p2a: Blissey|0 fnt\n|faint|p2a: Blissey\n|\n|upkeep\n|c|\u2606Actively Aria|gg\n|\n|t:|1700692345\n|switch|p2a: Iron Valiant|Iron Valiant|57\/100\n|-start|p2a: Iron Valiant|typechange|Fairy\/Ghost|[silent]\n|-damage|p2a: Iron Valiant|41\/100|[from] Spikes\n|-start|p2a: Iron Valiant|typechange|Fairy\/Ghost|[silent]\n|turn|24\n|c|\u2606Pure Hackmons|gg\n|c|\u2606Actively Aria|was not expecting ditto stall\n|\n|t:|1700692359\n|move|p1a: Ditto|Earthquake|p2a: Iron Valiant\n|-damage|p2a: Iron Valiant|0 fnt\n|faint|p2a: Iron Valiant\n|-end|p2a: Iron Valiant|Quark Drive|[silent]\n|\n|win|Pure Hackmons\n|n|\u2606Pure Hackmons|purehackmons\n|n|\u2606Actively Aria|activelyaria\n|n| TheTrueLtaker|thetrueltaker\n","uploadtime":1700692360,"views":1,"p1id":"purehackmons","p2id":"activelyaria","formatid":"gen9nationaldex","rating":0,"private":0,"password":""}