{"id":"gen9nationaldex-1992298040","p1":"Mothday_delta","p2":"Blockodile","format":"[Gen 9] National Dex","log":"|j|\u2606Mothday_delta\n|j|\u2606Blockodile\n|t:|1700172151\n|gametype|singles\n|player|p1|Mothday_delta|noland|\n|player|p2|Blockodile|rocketgrunt|\n|teamsize|p1|6\n|teamsize|p2|6\n|gen|9\n|tier|[Gen 9] National Dex\n|rule|HP Percentage Mod: HP is shown in percentages\n|rule|Endless Battle Clause: Forcing endless battles is banned\n|rule|OHKO Clause: OHKO moves are banned\n|rule|Evasion Clause: Evasion abilities, items, and moves are banned\n|rule|Evasion Abilities Clause: Evasion abilities are banned\n|rule|Evasion Items Clause: Evasion items are banned\n|rule|Evasion Moves Clause: Evasion moves are banned\n|rule|Species Clause: Limit one of each Pok\u00e9mon\n|rule|Sleep Clause Mod: Limit one foe put to sleep\n|clearpoke\n|poke|p1|Sneasler, M|\n|poke|p1|Weezing-Galar, M|\n|poke|p1|Toxapex, F|\n|poke|p1|Muk-Alola, M|\n|poke|p1|Salazzle, F|\n|poke|p1|Glimmora, F|\n|poke|p2|Slowbro, M|\n|poke|p2|Corviknight, M|\n|poke|p2|Clodsire, M|\n|poke|p2|Alakazam, M|\n|poke|p2|Great Tusk|\n|poke|p2|Dragonite, F|\n|teampreview\n|inactive|Battle timer is ON: inactive players will automatically lose when time's up. (requested by Blockodile)\n|c|\u2606Mothday_delta|glhf\n|c|\u2606Blockodile|glhf\n|c|\u2606Mothday_delta|oh sneasler has animations now\n|c|\u2606Blockodile|yeah same with kleavor\n|c|\u2606Blockodile|it was all updated\n|c|\u2606Mothday_delta|clodsire not so much\n|inactive|Mothday_delta has 270 seconds left.\n|inactive|Blockodile has 270 seconds left.\n|c|\u2606Blockodile|or tusk\/glimmora\n|\n|t:|1700172204\n|start\n|switch|p1a: Sneasler|Sneasler, M|100\/100\n|switch|p2a: Corviknight|Corviknight, M|100\/100\n|turn|1\n|\n|t:|1700172212\n|move|p1a: Sneasler|U-turn|p2a: Corviknight\n|-resisted|p2a: Corviknight\n|-damage|p2a: Corviknight|97\/100\n|\n|t:|1700172215\n|switch|p1a: Muk|Muk-Alola, M|100\/100|[from] U-turn\n|move|p2a: Corviknight|Bulk Up|p2a: Corviknight\n|-boost|p2a: Corviknight|atk|1\n|-boost|p2a: Corviknight|def|1\n|\n|upkeep\n|turn|2\n|\n|t:|1700172225\n|move|p2a: Corviknight|Brave Bird|p1a: Muk\n|-damage|p1a: Muk|47\/100\n|-damage|p2a: Corviknight|78\/100|[from] Recoil\n|move|p1a: Muk|Knock Off|p2a: Corviknight\n|-damage|p2a: Corviknight|59\/100\n|-damage|p1a: Muk|31\/100|[from] item: Rocky Helmet|[of] p2a: Corviknight\n|-enditem|p2a: Corviknight|Rocky Helmet|[from] move: Knock Off|[of] p1a: Muk\n|\n|upkeep\n|turn|3\n|c|\u2606Mothday_delta|huh, no more rocky helmet message with prot pads\n|\n|t:|1700172253\n|switch|p1a: Toxapex|Toxapex, F|100\/100\n|move|p2a: Corviknight|Brave Bird|p1a: Toxapex\n|-damage|p1a: Toxapex|66\/100\n|-damage|p2a: Corviknight|42\/100|[from] item: Rocky Helmet|[of] p1a: Toxapex\n|-damage|p2a: Corviknight|33\/100|[from] Recoil\n|\n|upkeep\n|turn|4\n|c|\u2606Blockodile|ah\n|\n|t:|1700172267\n|move|p2a: Corviknight|Roost|p2a: Corviknight\n|-heal|p2a: Corviknight|83\/100\n|-singleturn|p2a: Corviknight|move: Roost\n|move|p1a: Toxapex|Recover|p1a: Toxapex\n|-heal|p1a: Toxapex|100\/100\n|\n|upkeep\n|turn|5\n|\n|t:|1700172274\n|move|p2a: Corviknight|Bulk Up|p2a: Corviknight\n|-boost|p2a: Corviknight|atk|1\n|-boost|p2a: Corviknight|def|1\n|move|p1a: Toxapex|Haze|p1a: Toxapex\n|-clearallboost\n|\n|upkeep\n|turn|6\n|c|\u2606Blockodile|oh\n|c|\u2606Blockodile|duh\n|inactive|Blockodile has 270 seconds left.\n|\n|t:|1700172328\n|switch|p2a: Clodsire|Clodsire, M|100\/100\n|move|p1a: Toxapex|Scald|p2a: Clodsire\n|-supereffective|p2a: Clodsire\n|-damage|p2a: Clodsire|83\/100\n|-status|p2a: Clodsire|brn\n|\n|-heal|p2a: Clodsire|90\/100 brn|[from] item: Leftovers\n|-damage|p2a: Clodsire|83\/100 brn|[from] brn\n|upkeep\n|turn|7\n|c|\u2606Blockodile|shoot\n|\n|t:|1700172347\n|switch|p1a: Weezing|Weezing-Galar, M|100\/100\n|move|p2a: Clodsire|Earthquake|p1a: Weezing\n|-immune|p1a: Weezing|[from] ability: Levitate\n|\n|-heal|p2a: Clodsire|90\/100 brn|[from] item: Leftovers\n|-damage|p2a: Clodsire|83\/100 brn|[from] brn\n|upkeep\n|turn|8\n|\n|t:|1700172361\n|switch|p2a: Corviknight|Corviknight, M|83\/100\n|move|p1a: Weezing|Pain Split|p2a: Corviknight\n|-sethp|p2a: Corviknight|84\/100|[from] move: Pain Split|[silent]\n|-sethp|p1a: Weezing|99\/100|[from] move: Pain Split\n|\n|-heal|p1a: Weezing|100\/100|[from] item: Leftovers\n|upkeep\n|turn|9\n|\n|t:|1700172372\n|move|p2a: Corviknight|Brave Bird|p1a: Weezing\n|-damage|p1a: Weezing|66\/100\n|-damage|p2a: Corviknight|74\/100|[from] Recoil\n|move|p1a: Weezing|Will-O-Wisp|p2a: Corviknight\n|-status|p2a: Corviknight|brn\n|\n|-heal|p1a: Weezing|72\/100|[from] item: Leftovers\n|-damage|p2a: Corviknight|68\/100 brn|[from] brn\n|upkeep\n|turn|10\n|\n|t:|1700172385\n|move|p2a: Corviknight|Iron Head|p1a: Weezing\n|-supereffective|p1a: Weezing\n|-damage|p1a: Weezing|52\/100\n|cant|p1a: Weezing|flinch\n|\n|-heal|p1a: Weezing|58\/100|[from] item: Leftovers\n|-damage|p2a: Corviknight|62\/100 brn|[from] brn\n|upkeep\n|turn|11\n|\n|t:|1700172393\n|switch|p1a: Toxapex|Toxapex, F|100\/100\n|move|p2a: Corviknight|Bulk Up|p2a: Corviknight\n|-boost|p2a: Corviknight|atk|1\n|-boost|p2a: Corviknight|def|1\n|\n|-damage|p2a: Corviknight|56\/100 brn|[from] brn\n|upkeep\n|turn|12\n|\n|t:|1700172404\n|move|p2a: Corviknight|Roost|p2a: Corviknight\n|-heal|p2a: Corviknight|100\/100 brn\n|-singleturn|p2a: Corviknight|move: Roost\n|move|p1a: Toxapex|Scald|p2a: Corviknight\n|-damage|p2a: Corviknight|85\/100 brn\n|\n|-damage|p2a: Corviknight|79\/100 brn|[from] brn\n|upkeep\n|turn|13\n|\n|t:|1700172412\n|switch|p2a: Alakazam|Alakazam, M|100\/100\n|move|p1a: Toxapex|Haze|p1a: Toxapex\n|-clearallboost\n|\n|upkeep\n|turn|14\n|\n|t:|1700172421\n|switch|p1a: Muk|Muk-Alola, M|31\/100\n|move|p2a: Alakazam|Nasty Plot|p2a: Alakazam\n|-boost|p2a: Alakazam|spa|2\n|\n|upkeep\n|turn|15\n|\n|t:|1700172440\n|move|p2a: Alakazam|Focus Blast|p1a: Muk\n|-damage|p1a: Muk|0 fnt\n|faint|p1a: Muk\n|\n|upkeep\n|\n|t:|1700172448\n|switch|p1a: Sneasler|Sneasler, M|100\/100\n|turn|16\n|\n|t:|1700172476\n|switch|p2a: Slowbro|Slowbro, M|100\/100\n|move|p1a: Sneasler|Fake Out|p2a: Slowbro\n|-damage|p2a: Slowbro|93\/100\n|\n|upkeep\n|turn|17\n|\n|t:|1700172484\n|detailschange|p2a: Slowbro|Slowbro-Mega, M\n|-mega|p2a: Slowbro|Slowbro|Slowbronite\n|move|p1a: Sneasler|U-turn|p2a: Slowbro\n|-supereffective|p2a: Slowbro\n|-damage|p2a: Slowbro|73\/100\n|\n|t:|1700172489\n|switch|p1a: Toxapex|Toxapex, F|100\/100|[from] U-turn\n|move|p2a: Slowbro|Psychic|p1a: Toxapex\n|-supereffective|p1a: Toxapex\n|-damage|p1a: Toxapex|38\/100\n|\n|upkeep\n|turn|18\n|\n|t:|1700172496\n|move|p1a: Toxapex|Toxic|p2a: Slowbro\n|-status|p2a: Slowbro|tox\n|move|p2a: Slowbro|Psychic|p1a: Toxapex\n|-supereffective|p1a: Toxapex\n|-damage|p1a: Toxapex|0 fnt\n|faint|p1a: Toxapex\n|\n|-damage|p2a: Slowbro|66\/100 tox|[from] psn\n|upkeep\n|\n|t:|1700172500\n|switch|p1a: Salazzle|Salazzle, F|100\/100\n|turn|19\n|inactive|Blockodile has 270 seconds left.\n|\n|t:|1700172509\n|move|p1a: Salazzle|Substitute|p1a: Salazzle\n|-start|p1a: Salazzle|Substitute\n|-damage|p1a: Salazzle|76\/100\n|move|p2a: Slowbro|Psychic|p1a: Salazzle\n|-supereffective|p1a: Salazzle\n|-end|p1a: Salazzle|Substitute\n|\n|-heal|p1a: Salazzle|82\/100|[from] item: Black Sludge\n|-damage|p2a: Slowbro|54\/100 tox|[from] psn\n|upkeep\n|turn|20\n|inactive|Blockodile has 270 seconds left.\n|\n|t:|1700172538\n|switch|p2a: Alakazam|Alakazam, M|100\/100\n|move|p1a: Salazzle|Protect||[still]\n|-fail|p1a: Salazzle\n|\n|-heal|p1a: Salazzle|88\/100|[from] item: Black Sludge\n|upkeep\n|turn|21\n|\n|t:|1700172550\n|move|p2a: Alakazam|Psychic|p1a: Salazzle\n|-supereffective|p1a: Salazzle\n|-damage|p1a: Salazzle|0 fnt\n|faint|p1a: Salazzle\n|\n|upkeep\n|\n|t:|1700172553\n|switch|p1a: Sneasler|Sneasler, M|100\/100\n|turn|22\n|inactive|Blockodile has 270 seconds left.\n|\n|t:|1700172562\n|switch|p2a: Corviknight|Corviknight, M|79\/100 brn\n|move|p1a: Sneasler|U-turn|p2a: Corviknight\n|-resisted|p2a: Corviknight\n|-damage|p2a: Corviknight|75\/100 brn\n|\n|t:|1700172565\n|switch|p1a: Weezing|Weezing-Galar, M|58\/100|[from] U-turn\n|\n|-heal|p1a: Weezing|64\/100|[from] item: Leftovers\n|-damage|p2a: Corviknight|69\/100 brn|[from] brn\n|upkeep\n|turn|23\n|\n|t:|1700172577\n|move|p2a: Corviknight|Bulk Up|p2a: Corviknight\n|-boost|p2a: Corviknight|atk|1\n|-boost|p2a: Corviknight|def|1\n|move|p1a: Weezing|Heat Wave|p2a: Corviknight\n|-supereffective|p2a: Corviknight\n|-damage|p2a: Corviknight|29\/100 brn\n|\n|-heal|p1a: Weezing|70\/100|[from] item: Leftovers\n|-damage|p2a: Corviknight|23\/100 brn|[from] brn\n|upkeep\n|turn|24\n|\n|t:|1700172588\n|move|p2a: Corviknight|Iron Head|p1a: Weezing\n|-supereffective|p1a: Weezing\n|-damage|p1a: Weezing|38\/100\n|cant|p1a: Weezing|flinch\n|\n|-heal|p1a: Weezing|44\/100|[from] item: Leftovers\n|-damage|p2a: Corviknight|17\/100 brn|[from] brn\n|upkeep\n|turn|25\n|\n|t:|1700172595\n|move|p2a: Corviknight|Iron Head|p1a: Weezing\n|-supereffective|p1a: Weezing\n|-damage|p1a: Weezing|11\/100\n|move|p1a: Weezing|Heat Wave|p2a: Corviknight\n|-supereffective|p2a: Corviknight\n|-damage|p2a: Corviknight|0 fnt\n|faint|p2a: Corviknight\n|\n|-heal|p1a: Weezing|17\/100|[from] item: Leftovers\n|upkeep\n|\n|t:|1700172604\n|switch|p2a: Alakazam|Alakazam, M|100\/100\n|turn|26\n|\n|t:|1700172607\n|move|p2a: Alakazam|Psychic|p1a: Weezing\n|-supereffective|p1a: Weezing\n|-damage|p1a: Weezing|0 fnt\n|faint|p1a: Weezing\n|\n|upkeep\n|\n|t:|1700172610\n|switch|p1a: Sneasler|Sneasler, M|100\/100\n|turn|27\n|\n|t:|1700172617\n|move|p2a: Alakazam|Psychic|p1a: Sneasler\n|-supereffective|p1a: Sneasler\n|-damage|p1a: Sneasler|0 fnt\n|faint|p1a: Sneasler\n|\n|upkeep\n|c|\u2606Mothday_delta|gg\n|\n|t:|1700172621\n|switch|p1a: Glimmora|Glimmora, F|100\/100\n|turn|28\n|c|\u2606Blockodile|gg\n|c|\u2606Blockodile|wp\n|c|\u2606Blockodile|love this team\n|c|\u2606Blockodile|it's like the perfect poison team\n|c|\u2606Blockodile|cool and bulky\n|c|\u2606Blockodile|i love poison\n|c|\u2606Blockodile|love this team\n|c|\u2606Mothday_delta|I sacked muk too early\n|inactive|Mothday_delta has 270 seconds left.\n|c|\u2606Blockodile|i just got lucky\n|c|\u2606Blockodile|i didn't play great\n|\n|t:|1700172671\n|-terastallize|p2a: Alakazam|Psychic\n|-terastallize|p1a: Glimmora|Ground\n|move|p2a: Alakazam|Psychic|p1a: Glimmora\n|-damage|p1a: Glimmora|1\/100\n|move|p1a: Glimmora|Sludge Wave|p2a: Alakazam\n|-damage|p2a: Alakazam|34\/100\n|\n|upkeep\n|turn|29\n|\n|t:|1700172683\n|move|p2a: Alakazam|Psychic|p1a: Glimmora\n|-damage|p1a: Glimmora|0 fnt\n|faint|p1a: Glimmora\n|\n|win|Blockodile\n","uploadtime":1700172693,"views":5,"p1id":"mothdaydelta","p2id":"blockodile","formatid":"gen9nationaldex","rating":0,"private":0,"password":""}