{"id":"gen9nationaldex-1988454908","p1":"carlossbr04","p2":"Maxer59","format":"[Gen 9] National Dex","log":"|j|\u2606carlossbr04\n|j|\u2606Maxer59\n|t:|1699724739\n|gametype|singles\n|player|p1|carlossbr04|169|1202\n|player|p2|Maxer59|lucas|1252\n|teamsize|p1|6\n|teamsize|p2|6\n|gen|9\n|tier|[Gen 9] National Dex\n|rated|\n|rule|HP Percentage Mod: HP is shown in percentages\n|rule|Endless Battle Clause: Forcing endless battles is banned\n|rule|OHKO Clause: OHKO moves are banned\n|rule|Evasion Clause: Evasion abilities, items, and moves are banned\n|rule|Evasion Abilities Clause: Evasion abilities are banned\n|rule|Evasion Items Clause: Evasion items are banned\n|rule|Evasion Moves Clause: Evasion moves are banned\n|rule|Species Clause: Limit one of each Pok\u00e9mon\n|rule|Sleep Clause Mod: Limit one foe put to sleep\n|clearpoke\n|poke|p1|Infernape, F|\n|poke|p1|Grimmsnarl, M|\n|poke|p1|Toxapex, M|\n|poke|p1|Garchomp, F|\n|poke|p1|Rotom-Wash|\n|poke|p1|Diancie|\n|poke|p2|Pelipper, F|\n|poke|p2|Floatzel, M|\n|poke|p2|Greninja-*, M|\n|poke|p2|Samurott-Hisui, F|\n|poke|p2|Politoed, M|\n|poke|p2|Bruxish, M|\n|teampreview\n|inactive|Battle timer is ON: inactive players will automatically lose when time's up. (requested by Maxer59)\n|\n|t:|1699724760\n|start\n|switch|p1a: Grimmsnarl|Grimmsnarl, M, shiny|100\/100\n|switch|p2a: Bruxish|Bruxish, M|100\/100\n|turn|1\n|\n|t:|1699724773\n|switch|p2a: Pelipper|Pelipper, F|100\/100\n|-weather|RainDance|[from] ability: Drizzle|[of] p2a: Pelipper\n|move|p1a: Grimmsnarl|Reflect|p1a: Grimmsnarl\n|-sidestart|p1: carlossbr04|Reflect\n|\n|-weather|RainDance|[upkeep]\n|upkeep\n|turn|2\n|\n|t:|1699724782\n|move|p1a: Grimmsnarl|Light Screen|p1a: Grimmsnarl\n|-sidestart|p1: carlossbr04|move: Light Screen\n|move|p2a: Pelipper|Weather Ball|p1a: Grimmsnarl\n|-damage|p1a: Grimmsnarl|66\/100\n|\n|-weather|RainDance|[upkeep]\n|upkeep\n|turn|3\n|\n|t:|1699724793\n|move|p1a: Grimmsnarl|Parting Shot|p2a: Pelipper\n|-unboost|p2a: Pelipper|atk|1\n|-unboost|p2a: Pelipper|spa|1\n|\n|t:|1699724796\n|switch|p1a: Rotom|Rotom-Wash, shiny|100\/100|[from] Parting Shot\n|move|p2a: Pelipper|Tailwind|p2a: Pelipper\n|-sidestart|p2: Maxer59|move: Tailwind\n|\n|-weather|RainDance|[upkeep]\n|upkeep\n|turn|4\n|\n|t:|1699724820\n|-terastallize|p1a: Rotom|Electric\n|move|p2a: Pelipper|Hurricane|p1a: Rotom\n|-resisted|p1a: Rotom\n|-damage|p1a: Rotom|92\/100\n|move|p1a: Rotom|Thunderbolt|p2a: Pelipper\n|-supereffective|p2a: Pelipper\n|-enditem|p2a: Pelipper|Wacan Berry|[eat]\n|-enditem|p2a: Pelipper|Wacan Berry|[weaken]\n|-damage|p2a: Pelipper|0 fnt\n|faint|p2a: Pelipper\n|\n|-weather|RainDance|[upkeep]\n|-heal|p1a: Rotom|98\/100|[from] item: Leftovers\n|upkeep\n|inactive|Maxer59 has 120 seconds left.\n|\n|t:|1699724841\n|switch|p2a: Samurott|Samurott-Hisui, F|100\/100\n|turn|5\n|\n|t:|1699724846\n|move|p2a: Samurott|Ceaseless Edge|p1a: Rotom\n|-damage|p1a: Rotom|77\/100\n|-sidestart|p1: carlossbr04|Spikes\n|move|p1a: Rotom|Thunderbolt|p2a: Samurott\n|-supereffective|p2a: Samurott\n|-damage|p2a: Samurott|29\/100\n|\n|-weather|none\n|-heal|p1a: Rotom|83\/100|[from] item: Leftovers\n|upkeep\n|turn|6\n|\n|t:|1699724857\n|move|p2a: Samurott|Ceaseless Edge|p1a: Rotom\n|-damage|p1a: Rotom|63\/100\n|-sidestart|p1: carlossbr04|Spikes\n|move|p1a: Rotom|Thunderbolt|p2a: Samurott\n|-supereffective|p2a: Samurott\n|-damage|p2a: Samurott|0 fnt\n|faint|p2a: Samurott\n|\n|-heal|p1a: Rotom|69\/100|[from] item: Leftovers\n|-sideend|p2: Maxer59|move: Tailwind\n|upkeep\n|\n|t:|1699724867\n|switch|p2a: Politoed|Politoed, M|100\/100\n|-weather|RainDance|[from] ability: Drizzle|[of] p2a: Politoed\n|turn|7\n|\n|t:|1699724873\n|move|p1a: Rotom|Thunderbolt|p2a: Politoed\n|-supereffective|p2a: Politoed\n|-damage|p2a: Politoed|17\/100\n|move|p2a: Politoed|Weather Ball|p1a: Rotom\n|-damage|p1a: Rotom|32\/100\n|\n|-weather|RainDance|[upkeep]\n|-heal|p1a: Rotom|39\/100|[from] item: Leftovers\n|upkeep\n|turn|8\n|\n|t:|1699724878\n|move|p1a: Rotom|Thunderbolt|p2a: Politoed\n|-supereffective|p2a: Politoed\n|-damage|p2a: Politoed|0 fnt\n|faint|p2a: Politoed\n|\n|-weather|RainDance|[upkeep]\n|-heal|p1a: Rotom|45\/100|[from] item: Leftovers\n|-sideend|p1: carlossbr04|Reflect\n|upkeep\n|\n|t:|1699724884\n|switch|p2a: Floatzel|Floatzel, M|100\/100\n|turn|9\n|\n|t:|1699724896\n|move|p2a: Floatzel|Wave Crash|p1a: Rotom\n|-damage|p1a: Rotom|0 fnt\n|faint|p1a: Rotom\n|-damage|p2a: Floatzel|88\/100|[from] Recoil\n|\n|-weather|RainDance|[upkeep]\n|-sideend|p1: carlossbr04|move: Light Screen\n|upkeep\n|\n|t:|1699724906\n|switch|p1a: Grimmsnarl|Grimmsnarl, M, shiny|66\/100\n|-damage|p1a: Grimmsnarl|49\/100|[from] Spikes\n|turn|10\n|\n|t:|1699724918\n|-terastallize|p2a: Floatzel|Water\n|move|p1a: Grimmsnarl|Reflect|p1a: Grimmsnarl\n|-sidestart|p1: carlossbr04|Reflect\n|move|p2a: Floatzel|Wave Crash|p1a: Grimmsnarl\n|-damage|p1a: Grimmsnarl|0 fnt\n|faint|p1a: Grimmsnarl\n|-damage|p2a: Floatzel|71\/100|[from] Recoil\n|\n|-weather|RainDance|[upkeep]\n|upkeep\n|\n|t:|1699724935\n|switch|p1a: Toxapex|Toxapex, M|100\/100\n|-damage|p1a: Toxapex|84\/100|[from] Spikes\n|turn|11\n|\n|t:|1699724940\n|move|p2a: Floatzel|Wave Crash|p1a: Toxapex\n|-resisted|p1a: Toxapex\n|-crit|p1a: Toxapex\n|-damage|p1a: Toxapex|0 fnt\n|faint|p1a: Toxapex\n|-damage|p2a: Floatzel|49\/100|[from] Recoil\n|\n|-weather|none\n|upkeep\n|\n|t:|1699724962\n|switch|p1a: Infernape|Infernape, F|100\/100\n|-damage|p1a: Infernape|84\/100|[from] Spikes\n|turn|12\n|\n|t:|1699724967\n|move|p1a: Infernape|Power-Up Punch|p2a: Floatzel\n|-damage|p2a: Floatzel|17\/100\n|-boost|p1a: Infernape|atk|1\n|move|p2a: Floatzel|Wave Crash|p1a: Infernape\n|-supereffective|p1a: Infernape\n|-damage|p1a: Infernape|0 fnt\n|faint|p1a: Infernape\n|-damage|p2a: Floatzel|0 fnt|[from] Recoil\n|faint|p2a: Floatzel\n|\n|upkeep\n|\n|t:|1699724982\n|switch|p1a: Garchomp|Garchomp, F|100\/100\n|switch|p2a: Bruxish|Bruxish, M|100\/100\n|-damage|p1a: Garchomp|84\/100|[from] Spikes\n|turn|13\n|\n|t:|1699724998\n|move|p1a: Garchomp|Dragon Claw|p2a: Bruxish\n|-damage|p2a: Bruxish|29\/100\n|move|p2a: Bruxish|Ice Fang|p1a: Garchomp\n|-supereffective|p1a: Garchomp\n|-damage|p1a: Garchomp|20\/100\n|-status|p1a: Garchomp|frz\n|-damage|p2a: Bruxish|17\/100|[from] ability: Rough Skin|[of] p1a: Garchomp\n|\n|-heal|p1a: Garchomp|26\/100 frz|[from] item: Leftovers\n|upkeep\n|turn|14\n|\n|t:|1699725006\n|cant|p1a: Garchomp|frz\n|move|p2a: Bruxish|Ice Fang|p1a: Garchomp\n|-supereffective|p1a: Garchomp\n|-damage|p1a: Garchomp|0 fnt\n|-damage|p2a: Bruxish|5\/100|[from] ability: Rough Skin|[of] p1a: Garchomp\n|faint|p1a: Garchomp\n|\n|upkeep\n|\n|t:|1699725013\n|switch|p1a: Diancie|Diancie, shiny|100\/100\n|-damage|p1a: Diancie|84\/100|[from] Spikes\n|turn|15\n|\n|t:|1699725019\n|detailschange|p1a: Diancie|Diancie-Mega, shiny\n|-mega|p1a: Diancie|Diancie|Diancite\n|move|p1a: Diancie|Moonblast|p2a: Bruxish\n|-damage|p2a: Bruxish|0 fnt\n|faint|p2a: Bruxish\n|\n|upkeep\n|\n|t:|1699725026\n|switch|p2a: Greninja|Greninja, M|100\/100\n|turn|16\n|\n|t:|1699725049\n|move|p1a: Diancie|Moonblast|p2a: Greninja\n|-supereffective|p2a: Greninja\n|-damage|p2a: Greninja|0 fnt\n|faint|p2a: Greninja\n|\n|win|carlossbr04\n|raw|carlossbr04's rating: 1202 &rarr; <strong>1231<\/strong><br \/>(+29 for winning)\n|raw|Maxer59's rating: 1252 &rarr; <strong>1223<\/strong><br \/>(-29 for losing)\n|l|\u2606carlossbr04\n","uploadtime":1699725056,"views":7,"p1id":"carlossbr04","p2id":"maxer59","formatid":"gen9nationaldex","rating":1223,"private":0,"password":""}