{"id":"gen9nationaldex-1994566574","p1":"NDSNEZ test2","p2":"mtyqjltz6","format":"[Gen 9] National Dex","log":"|html|<div class=\"broadcast-blue\"><strong>[Gen 9] National Dex is currently suspecting Sneasler! For information on how to participate check out the <a href=\"https:\/\/www.smogon.com\/forums\/threads\/sv-national-dex-suspect-8-just-dance.3731534\/\">suspect thread<\/a>.<\/strong><\/div>\n|j|\u2606NDSNEZ test2\n|j|\u2606mtyqjltz6\n|t:|1700461033\n|gametype|singles\n|player|p1|NDSNEZ test2|penny|1442\n|player|p2|mtyqjltz6|elesa|1398\n|teamsize|p1|6\n|teamsize|p2|6\n|gen|9\n|tier|[Gen 9] National Dex\n|rated|\n|rule|HP Percentage Mod: HP is shown in percentages\n|rule|Endless Battle Clause: Forcing endless battles is banned\n|rule|OHKO Clause: OHKO moves are banned\n|rule|Evasion Clause: Evasion abilities, items, and moves are banned\n|rule|Evasion Abilities Clause: Evasion abilities are banned\n|rule|Evasion Items Clause: Evasion items are banned\n|rule|Evasion Moves Clause: Evasion moves are banned\n|rule|Species Clause: Limit one of each Pok\u00e9mon\n|rule|Sleep Clause Mod: Limit one foe put to sleep\n|clearpoke\n|poke|p1|Landorus-Therian, M|\n|poke|p1|Tapu Lele|\n|poke|p1|Sneasler, F|\n|poke|p1|Garchomp, M|\n|poke|p1|Kartana|\n|poke|p1|Gyarados, F|\n|poke|p2|Raticate, M|\n|poke|p2|Ribombee, F|\n|poke|p2|Nidoking, M|\n|poke|p2|Bisharp, M|\n|poke|p2|Medicham, F|\n|poke|p2|Thundurus-Therian, M|\n|teampreview\n|inactive|Battle timer is ON: inactive players will automatically lose when time's up. (requested by NDSNEZ test2)\n|\n|t:|1700461040\n|start\n|switch|p1a: Landorus|Landorus-Therian, M|100\/100\n|switch|p2a: Ribombee|Ribombee, F, shiny|100\/100\n|-ability|p1a: Landorus|Intimidate|boost\n|-unboost|p2a: Ribombee|atk|1\n|turn|1\n|\n|t:|1700461047\n|move|p2a: Ribombee|Sticky Web|p1a: Landorus\n|-sidestart|p1: NDSNEZ test2|move: Sticky Web\n|move|p1a: Landorus|Stealth Rock|p2a: Ribombee\n|-sidestart|p2: mtyqjltz6|move: Stealth Rock\n|\n|upkeep\n|turn|2\n|\n|t:|1700461054\n|move|p2a: Ribombee|Moonblast|p1a: Landorus\n|-damage|p1a: Landorus|53\/100\n|-unboost|p1a: Landorus|spa|1\n|move|p1a: Landorus|Earthquake|p2a: Ribombee\n|-resisted|p2a: Ribombee\n|-damage|p2a: Ribombee|45\/100\n|\n|upkeep\n|turn|3\n|\n|t:|1700461064\n|move|p2a: Ribombee|Moonblast|p1a: Landorus\n|-damage|p1a: Landorus|4\/100\n|-unboost|p1a: Landorus|spa|1\n|move|p1a: Landorus|Earthquake|p2a: Ribombee\n|-resisted|p2a: Ribombee\n|-damage|p2a: Ribombee|0 fnt\n|faint|p2a: Ribombee\n|\n|upkeep\n|\n|t:|1700461078\n|switch|p2a: Bisharp|Bisharp, M, shiny|100\/100\n|-damage|p2a: Bisharp|94\/100|[from] Stealth Rock\n|turn|4\n|\n|t:|1700461082\n|move|p1a: Landorus|Taunt|p2a: Bisharp\n|-start|p2a: Bisharp|move: Taunt\n|move|p2a: Bisharp|Knock Off|p1a: Landorus\n|-damage|p1a: Landorus|0 fnt\n|-enditem|p1a: Landorus|Focus Sash|[from] move: Knock Off|[of] p2a: Bisharp\n|faint|p1a: Landorus\n|\n|upkeep\n|\n|t:|1700461087\n|switch|p1a: Kartana|Kartana|100\/100\n|-activate|p1a: Kartana|move: Sticky Web\n|-unboost|p1a: Kartana|spe|1\n|turn|5\n|\n|t:|1700461102\n|-terastallize|p2a: Bisharp|Flying\n|move|p2a: Bisharp|Iron Head|p1a: Kartana\n|-resisted|p1a: Kartana\n|-damage|p1a: Kartana|78\/100\n|cant|p1a: Kartana|flinch\n|\n|upkeep\n|turn|6\n|\n|t:|1700461125\n|move|p2a: Bisharp|Iron Head|p1a: Kartana\n|-resisted|p1a: Kartana\n|-damage|p1a: Kartana|55\/100\n|cant|p1a: Kartana|flinch\n|\n|-end|p2a: Bisharp|move: Taunt\n|upkeep\n|turn|7\n|\n|t:|1700461133\n|move|p2a: Bisharp|Iron Head|p1a: Kartana\n|-resisted|p1a: Kartana\n|-damage|p1a: Kartana|33\/100\n|cant|p1a: Kartana|flinch\n|\n|upkeep\n|turn|8\n|\n|t:|1700461140\n|move|p2a: Bisharp|Knock Off|p1a: Kartana\n|-damage|p1a: Kartana|0 fnt\n|-enditem|p1a: Kartana|Life Orb|[from] move: Knock Off|[of] p2a: Bisharp\n|faint|p1a: Kartana\n|\n|upkeep\n|\n|t:|1700461148\n|switch|p1a: Gyarados|Gyarados, F|100\/100\n|-ability|p1a: Gyarados|Intimidate|boost\n|-unboost|p2a: Bisharp|atk|1\n|-ability|p2a: Bisharp|Defiant|boost\n|-boost|p2a: Bisharp|atk|2\n|turn|9\n|\n|t:|1700461176\n|detailschange|p1a: Gyarados|Gyarados-Mega, F\n|-mega|p1a: Gyarados|Gyarados|Gyaradosite\n|-ability|p1a: Gyarados|Mold Breaker\n|move|p1a: Gyarados|Waterfall|p2a: Bisharp\n|-damage|p2a: Bisharp|58\/100\n|move|p2a: Bisharp|Iron Head|p1a: Gyarados\n|-resisted|p1a: Gyarados\n|-damage|p1a: Gyarados|67\/100\n|\n|upkeep\n|turn|10\n|\n|t:|1700461193\n|move|p1a: Gyarados|Waterfall|p2a: Bisharp\n|-damage|p2a: Bisharp|19\/100\n|move|p2a: Bisharp|Iron Head|p1a: Gyarados\n|-resisted|p1a: Gyarados\n|-damage|p1a: Gyarados|36\/100\n|\n|upkeep\n|turn|11\n|\n|t:|1700461200\n|move|p2a: Bisharp|Sucker Punch|p1a: Gyarados\n|-resisted|p1a: Gyarados\n|-damage|p1a: Gyarados|7\/100\n|move|p1a: Gyarados|Waterfall|p2a: Bisharp\n|-damage|p2a: Bisharp|0 fnt\n|faint|p2a: Bisharp\n|\n|upkeep\n|\n|t:|1700461214\n|switch|p2a: Raticate|Raticate, M|100\/100\n|-damage|p2a: Raticate|88\/100|[from] Stealth Rock\n|turn|12\n|\n|t:|1700461221\n|move|p2a: Raticate|Facade|p1a: Gyarados\n|-damage|p1a: Gyarados|0 fnt\n|faint|p1a: Gyarados\n|\n|-status|p2a: Raticate|brn|[from] item: Flame Orb\n|upkeep\n|\n|t:|1700461223\n|switch|p1a: Garchomp|Garchomp, M|100\/100\n|-activate|p1a: Garchomp|move: Sticky Web\n|-unboost|p1a: Garchomp|spe|1\n|turn|13\n|\n|t:|1700461230\n|move|p2a: Raticate|Facade|p1a: Garchomp\n|-damage|p1a: Garchomp|22\/100\n|-damage|p2a: Raticate|76\/100 brn|[from] ability: Rough Skin|[of] p1a: Garchomp\n|move|p1a: Garchomp|Scale Shot|p2a: Raticate|[miss]\n|-miss|p1a: Garchomp|p2a: Raticate\n|\n|-damage|p2a: Raticate|70\/100 brn|[from] brn\n|upkeep\n|turn|14\n|\n|t:|1700461241\n|move|p2a: Raticate|Facade|p1a: Garchomp\n|-damage|p1a: Garchomp|0 fnt\n|-damage|p2a: Raticate|57\/100 brn|[from] ability: Rough Skin|[of] p1a: Garchomp\n|faint|p1a: Garchomp\n|\n|-damage|p2a: Raticate|51\/100 brn|[from] brn\n|upkeep\n|\n|t:|1700461243\n|switch|p1a: Tapu Lele|Tapu Lele|100\/100\n|-activate|p1a: Tapu Lele|move: Sticky Web\n|-unboost|p1a: Tapu Lele|spe|1\n|-fieldstart|move: Psychic Terrain|[from] ability: Psychic Surge|[of] p1a: Tapu Lele\n|turn|15\n|\n|t:|1700461256\n|move|p2a: Raticate|Facade|p1a: Tapu Lele\n|-damage|p1a: Tapu Lele|0 fnt\n|faint|p1a: Tapu Lele\n|\n|-damage|p2a: Raticate|46\/100 brn|[from] brn\n|upkeep\n|\n|t:|1700461267\n|switch|p1a: Sneasler|Sneasler, F|100\/100\n|-activate|p1a: Sneasler|move: Sticky Web\n|-unboost|p1a: Sneasler|spe|1\n|-enditem|p1a: Sneasler|Psychic Seed\n|-boost|p1a: Sneasler|spd|1|[from] item: Psychic Seed\n|turn|16\n|\n|t:|1700461289\n|move|p1a: Sneasler|Dire Claw|p2a: Raticate\n|-damage|p2a: Raticate|0 fnt\n|faint|p2a: Raticate\n|\n|upkeep\n|inactive|mtyqjltz6 has 120 seconds left.\n|\n|t:|1700461309\n|switch|p2a: Nidoking|Nidoking, M|100\/100\n|-damage|p2a: Nidoking|95\/100|[from] Stealth Rock\n|turn|17\n|inactive|mtyqjltz6 has 120 seconds left.\n|\n|t:|1700461328\n|-terastallize|p1a: Sneasler|Flying\n|move|p1a: Sneasler|Swords Dance|p1a: Sneasler\n|-boost|p1a: Sneasler|atk|2\n|move|p2a: Nidoking|Ice Beam|p1a: Sneasler\n|-supereffective|p1a: Sneasler\n|-damage|p1a: Sneasler|24\/100\n|\n|upkeep\n|turn|18\n|inactive|mtyqjltz6 has 120 seconds left.\n|\n|t:|1700461338\n|move|p1a: Sneasler|Acrobatics|p2a: Nidoking\n|-damage|p2a: Nidoking|0 fnt\n|faint|p2a: Nidoking\n|\n|upkeep\n|\n|t:|1700461341\n|switch|p2a: Thundurus|Thundurus-Therian, M|100\/100\n|-damage|p2a: Thundurus|76\/100|[from] Stealth Rock\n|turn|19\n|\n|t:|1700461343\n|move|p2a: Thundurus|Hidden Power|p1a: Sneasler\n|-supereffective|p1a: Sneasler\n|-damage|p1a: Sneasler|0 fnt\n|faint|p1a: Sneasler\n|\n|win|mtyqjltz6\n|raw|NDSNEZ test2's rating: 1442 &rarr; <strong>1419<\/strong><br \/>(-23 for losing)\n|raw|mtyqjltz6's rating: 1398 &rarr; <strong>1421<\/strong><br \/>(+23 for winning)\n|l|\u2606NDSNEZ test2\n","uploadtime":1700461350,"views":8,"p1id":"ndsneztest2","p2id":"mtyqjltz6","formatid":"gen9nationaldex","rating":1419,"private":0,"password":""}