{"id":"gen9nationaldex-1993261509","p1":"huasheng51","p2":"Tank Tests","format":"[Gen 9] National Dex","log":"|j|\u2606huasheng51\n|j|\u2606Tank Tests\n|t:|1700286064\n|gametype|singles\n|player|p1|huasheng51|265|1438\n|player|p2|Tank Tests|170|1358\n|teamsize|p1|6\n|teamsize|p2|6\n|gen|9\n|tier|[Gen 9] National Dex\n|rated|\n|rule|HP Percentage Mod: HP is shown in percentages\n|rule|Endless Battle Clause: Forcing endless battles is banned\n|rule|OHKO Clause: OHKO moves are banned\n|rule|Evasion Clause: Evasion abilities, items, and moves are banned\n|rule|Evasion Abilities Clause: Evasion abilities are banned\n|rule|Evasion Items Clause: Evasion items are banned\n|rule|Evasion Moves Clause: Evasion moves are banned\n|rule|Species Clause: Limit one of each Pok\u00e9mon\n|rule|Sleep Clause Mod: Limit one foe put to sleep\n|clearpoke\n|poke|p1|Latias, F|\n|poke|p1|Dragonite, M|\n|poke|p1|Milotic, F|\n|poke|p1|Excadrill, F|\n|poke|p1|Ninetales-Alola, F|\n|poke|p1|Banette, M|\n|poke|p2|Pawmot, F|\n|poke|p2|Rabsca, M|\n|poke|p2|Banette, M|\n|poke|p2|Victini|\n|poke|p2|Dragonite, F|\n|poke|p2|Forretress, M|\n|teampreview\n|\n|t:|1700286072\n|start\n|switch|p1a: Banette|Banette, M|100\/100\n|switch|p2a: Victini|Victini|100\/100\n|turn|1\n|\n|t:|1700286076\n|detailschange|p1a: Banette|Banette-Mega, M\n|-mega|p1a: Banette|Banette|Banettite\n|move|p1a: Banette|Destiny Bond|p1a: Banette\n|-singlemove|p1a: Banette|Destiny Bond\n|move|p2a: Victini|V-create|p1a: Banette\n|-damage|p1a: Banette|0 fnt\n|-unboost|p2a: Victini|spe|1\n|-unboost|p2a: Victini|def|1\n|-unboost|p2a: Victini|spd|1\n|faint|p1a: Banette\n|-activate|p1a: Banette|move: Destiny Bond\n|faint|p2a: Victini\n|\n|upkeep\n|\n|t:|1700286095\n|switch|p2a: Banette|Banette, M|100\/100\n|switch|p1a: Excadrill|Excadrill, F|100\/100\n|-ability|p1a: Excadrill|Mold Breaker\n|turn|2\n|\n|t:|1700286101\n|detailschange|p2a: Banette|Banette-Mega, M\n|-mega|p2a: Banette|Banette|Banettite\n|move|p1a: Excadrill|Iron Head|p2a: Banette\n|-crit|p2a: Banette\n|-damage|p2a: Banette|0 fnt\n|faint|p2a: Banette\n|\n|upkeep\n|\n|t:|1700286109\n|switch|p2a: Rabsca|Rabsca, M|100\/100\n|turn|3\n|\n|t:|1700286113\n|move|p1a: Excadrill|Stealth Rock|p2a: Rabsca\n|-sidestart|p2: Tank Tests|move: Stealth Rock\n|move|p2a: Rabsca|Revival Blessing|p2a: Rabsca\n|-enditem|p2a: Rabsca|Leppa Berry|[eat]\n|-activate|p2a: Rabsca|item: Leppa Berry|Revival Blessing|[consumed]\n|\n|t:|1700286115\n|-heal|p2: Banette|50\/100|[from] move: Revival Blessing\n|\n|upkeep\n|turn|4\n|\n|t:|1700286119\n|move|p1a: Excadrill|Iron Head|p2a: Rabsca\n|-damage|p2a: Rabsca|65\/100\n|move|p2a: Rabsca|Revival Blessing|p2a: Rabsca\n|\n|t:|1700286122\n|-heal|p2: Victini|50\/100|[from] move: Revival Blessing\n|\n|upkeep\n|turn|5\n|\n|t:|1700286125\n|move|p1a: Excadrill|Rock Tomb|p2a: Rabsca|[miss]\n|-miss|p1a: Excadrill|p2a: Rabsca\n|move|p2a: Rabsca|Memento|p1a: Excadrill\n|-unboost|p1a: Excadrill|atk|2\n|-unboost|p1a: Excadrill|spa|2\n|faint|p2a: Rabsca\n|\n|upkeep\n|\n|t:|1700286128\n|switch|p2a: Forretress|Forretress, M|100\/100\n|turn|6\n|\n|t:|1700286137\n|switch|p1a: Milotic|Milotic, F|100\/100\n|move|p2a: Forretress|Rapid Spin|p1a: Milotic\n|-damage|p1a: Milotic|92\/100\n|-boost|p2a: Forretress|spe|1\n|-sideend|p2: Tank Tests|Stealth Rock|[from] move: Rapid Spin|[of] p2a: Forretress\n|\n|upkeep\n|turn|7\n|\n|t:|1700286143\n|move|p1a: Milotic|Scald|p2a: Forretress\n|-damage|p2a: Forretress|75\/100\n|-status|p2a: Forretress|brn\n|move|p2a: Forretress|Thunder Wave|p1a: Milotic\n|-status|p1a: Milotic|par\n|\n|-damage|p2a: Forretress|69\/100 brn|[from] brn\n|upkeep\n|turn|8\n|\n|t:|1700286153\n|move|p2a: Forretress|Stealth Rock|p1a: Milotic\n|-sidestart|p1: huasheng51|move: Stealth Rock\n|move|p1a: Milotic|Toxic||[still]\n|-fail|p1a: Milotic\n|\n|-damage|p2a: Forretress|63\/100 brn|[from] brn\n|upkeep\n|turn|9\n|\n|t:|1700286162\n|move|p2a: Forretress|Explosion|p1a: Milotic\n|-damage|p1a: Milotic|70\/100 par\n|faint|p2a: Forretress\n|move|p1a: Milotic|Toxic|p2: Forretress|[notarget]\n|-fail|p1a: Milotic\n|\n|upkeep\n|\n|t:|1700286171\n|switch|p2a: Banette|Banette-Mega, M|50\/100\n|turn|10\n|\n|t:|1700286182\n|switch|p1a: Ninetales|Ninetales-Alola, F|100\/100\n|-damage|p1a: Ninetales|76\/100|[from] Stealth Rock\n|-weather|Snow|[from] ability: Snow Warning|[of] p1a: Ninetales\n|move|p2a: Banette|Taunt|p1a: Ninetales\n|-start|p1a: Ninetales|move: Taunt\n|\n|-weather|Snow|[upkeep]\n|upkeep\n|turn|11\n|\n|t:|1700286187\n|move|p2a: Banette|Destiny Bond|p2a: Banette\n|-singlemove|p2a: Banette|Destiny Bond\n|move|p1a: Ninetales|Freeze-Dry|p2a: Banette\n|-damage|p2a: Banette|8\/100\n|\n|-weather|Snow|[upkeep]\n|upkeep\n|turn|12\n|\n|t:|1700286194\n|move|p1a: Ninetales|Freeze-Dry|p2a: Banette\n|-damage|p2a: Banette|0 fnt\n|faint|p2a: Banette\n|-activate|p2a: Banette|move: Destiny Bond\n|faint|p1a: Ninetales\n|\n|-weather|Snow|[upkeep]\n|upkeep\n|\n|t:|1700286203\n|switch|p1a: Excadrill|Excadrill, F|100\/100\n|switch|p2a: Victini|Victini|50\/100\n|-damage|p1a: Excadrill|97\/100|[from] Stealth Rock\n|-ability|p1a: Excadrill|Mold Breaker\n|turn|13\n|\n|t:|1700286211\n|switch|p1a: Milotic|Milotic, F|70\/100 par\n|move|p2a: Victini|V-create|p1a: Milotic\n|-resisted|p1a: Milotic\n|-crit|p1a: Milotic\n|-damage|p1a: Milotic|21\/100 par\n|-unboost|p2a: Victini|spe|1\n|-unboost|p2a: Victini|def|1\n|-unboost|p2a: Victini|spd|1\n|\n|-weather|Snow|[upkeep]\n|upkeep\n|turn|14\n|\n|t:|1700286217\n|switch|p1a: Latias|Latias, F|100\/100\n|-damage|p1a: Latias|88\/100|[from] Stealth Rock\n|move|p2a: Victini|V-create|p1a: Latias\n|-resisted|p1a: Latias\n|-damage|p1a: Latias|46\/100\n|-unboost|p2a: Victini|spe|1\n|-unboost|p2a: Victini|def|1\n|-unboost|p2a: Victini|spd|1\n|\n|-weather|none\n|-heal|p1a: Latias|52\/100|[from] item: Leftovers\n|upkeep\n|turn|15\n|\n|t:|1700286228\n|switch|p2a: Dragonite|Dragonite, F|100\/100\n|move|p1a: Latias|Roost|p1a: Latias\n|-heal|p1a: Latias|100\/100\n|-singleturn|p1a: Latias|move: Roost\n|\n|upkeep\n|turn|16\n|\n|t:|1700286234\n|move|p1a: Latias|Calm Mind|p1a: Latias\n|-boost|p1a: Latias|spa|1\n|-boost|p1a: Latias|spd|1\n|move|p2a: Dragonite|Dragon Dance|p2a: Dragonite\n|-boost|p2a: Dragonite|atk|1\n|-boost|p2a: Dragonite|spe|1\n|\n|upkeep\n|turn|17\n|\n|t:|1700286244\n|move|p2a: Dragonite|Dragon Claw|p1a: Latias\n|-supereffective|p1a: Latias\n|-damage|p1a: Latias|0 fnt\n|faint|p1a: Latias\n|\n|upkeep\n|\n|t:|1700286254\n|switch|p1a: Excadrill|Excadrill, F|97\/100\n|-damage|p1a: Excadrill|94\/100|[from] Stealth Rock\n|-ability|p1a: Excadrill|Mold Breaker\n|turn|18\n|\n|t:|1700286258\n|-terastallize|p1a: Excadrill|Ghost\n|move|p2a: Dragonite|Earthquake|p1a: Excadrill\n|-damage|p1a: Excadrill|12\/100\n|move|p1a: Excadrill|Rock Tomb|p2a: Dragonite\n|-supereffective|p2a: Dragonite\n|-damage|p2a: Dragonite|52\/100\n|-unboost|p2a: Dragonite|spe|1\n|-enditem|p2a: Dragonite|Weakness Policy\n|-boost|p2a: Dragonite|atk|2|[from] item: Weakness Policy\n|-boost|p2a: Dragonite|spa|2|[from] item: Weakness Policy\n|\n|upkeep\n|turn|19\n|\n|t:|1700286271\n|move|p1a: Excadrill|Rock Tomb|p2a: Dragonite\n|-supereffective|p2a: Dragonite\n|-damage|p2a: Dragonite|1\/100\n|-unboost|p2a: Dragonite|spe|1\n|move|p2a: Dragonite|Dragon Claw|p1a: Excadrill\n|-damage|p1a: Excadrill|0 fnt\n|faint|p1a: Excadrill\n|\n|upkeep\n|\n|t:|1700286277\n|switch|p1a: Dragonite|Dragonite, M|100\/100\n|-damage|p1a: Dragonite|76\/100|[from] Stealth Rock\n|turn|20\n|\n|t:|1700286282\n|move|p1a: Dragonite|Extreme Speed|p2a: Dragonite\n|-damage|p2a: Dragonite|0 fnt\n|faint|p2a: Dragonite\n|\n|upkeep\n|\n|t:|1700286287\n|switch|p2a: Pawmot|Pawmot, F|100\/100\n|turn|21\n|\n|t:|1700286301\n|move|p2a: Pawmot|Revival Blessing|p2a: Pawmot\n|-enditem|p2a: Pawmot|Leppa Berry|[eat]\n|-activate|p2a: Pawmot|item: Leppa Berry|Revival Blessing|[consumed]\n|\n|t:|1700286305\n|-heal|p2: Banette|50\/100|[from] move: Revival Blessing\n|move|p1a: Dragonite|Dragon Dance|p1a: Dragonite\n|-boost|p1a: Dragonite|atk|1\n|-boost|p1a: Dragonite|spe|1\n|\n|upkeep\n|turn|22\n|\n|t:|1700286312\n|move|p1a: Dragonite|Earthquake|p2a: Pawmot\n|-supereffective|p2a: Pawmot\n|-damage|p2a: Pawmot|0 fnt\n|faint|p2a: Pawmot\n|\n|upkeep\n|\n|t:|1700286316\n|switch|p2a: Banette|Banette-Mega, M|50\/100\n|turn|23\n|\n|t:|1700286322\n|move|p2a: Banette|Destiny Bond|p2a: Banette\n|-singlemove|p2a: Banette|Destiny Bond\n|-zpower|p1a: Dragonite\n|move|p1a: Dragonite|Supersonic Skystrike|p2a: Banette|[zeffect]\n|-damage|p2a: Banette|0 fnt\n|faint|p2a: Banette\n|-activate|p2a: Banette|move: Destiny Bond\n|faint|p1a: Dragonite\n|\n|upkeep\n|-message|huasheng51 forfeited.\n|\n|win|Tank Tests\n|raw|huasheng51's rating: 1438 &rarr; <strong>1413<\/strong><br \/>(-25 for losing)\n|raw|Tank Tests's rating: 1358 &rarr; <strong>1383<\/strong><br \/>(+25 for winning)\n|l|\u2606huasheng51\n","uploadtime":1700286333,"views":23,"p1id":"huasheng51","p2id":"tanktests","formatid":"gen9nationaldex","rating":1383,"private":0,"password":""}