{"id":"gen9nationaldex-1992108915","p1":"Prestigouspenguin7","p2":"NahImtheotherguy","format":"[Gen 9] National Dex","log":"|j|\u2606Prestigouspenguin7\n|j|\u203dNahImtheotherguy\n|t:|1700155822\n|gametype|singles\n|player|p1|Prestigouspenguin7|lucas|1284\n|player|p2|NahImtheotherguy|bea|1326\n|teamsize|p1|6\n|teamsize|p2|6\n|gen|9\n|tier|[Gen 9] National Dex\n|rated|\n|rule|HP Percentage Mod: HP is shown in percentages\n|rule|Endless Battle Clause: Forcing endless battles is banned\n|rule|OHKO Clause: OHKO moves are banned\n|rule|Evasion Clause: Evasion abilities, items, and moves are banned\n|rule|Evasion Abilities Clause: Evasion abilities are banned\n|rule|Evasion Items Clause: Evasion items are banned\n|rule|Evasion Moves Clause: Evasion moves are banned\n|rule|Species Clause: Limit one of each Pok\u00e9mon\n|rule|Sleep Clause Mod: Limit one foe put to sleep\n|clearpoke\n|poke|p1|Volcarona, F|\n|poke|p1|Tapu Lele|\n|poke|p1|Urshifu-*, M|\n|poke|p1|Zapdos|\n|poke|p1|Gyarados, M|\n|poke|p1|Landorus-Therian, M|\n|poke|p2|Ninetales-Alola, M|\n|poke|p2|Indeedee-F, F|\n|poke|p2|Diancie|\n|poke|p2|Sneasler, M|\n|poke|p2|Tapu Koko|\n|poke|p2|Great Tusk|\n|teampreview\n|\n|t:|1700155826\n|start\n|switch|p1a: Lando|Landorus-Therian, M|100\/100\n|switch|p2a: Ninetales|Ninetales-Alola, M|100\/100\n|-weather|Snow|[from] ability: Snow Warning|[of] p2a: Ninetales\n|-ability|p1a: Lando|Intimidate|boost\n|-unboost|p2a: Ninetales|atk|1\n|turn|1\n|inactive|Battle timer is ON: inactive players will automatically lose when time's up. (requested by NahImtheotherguy)\n|\n|t:|1700155836\n|move|p2a: Ninetales|Aurora Veil|p2a: Ninetales\n|-sidestart|p2: NahImtheotherguy|move: Aurora Veil\n|move|p1a: Lando|Stealth Rock|p2a: Ninetales\n|-sidestart|p2: NahImtheotherguy|move: Stealth Rock\n|\n|-weather|Snow|[upkeep]\n|upkeep\n|turn|2\n|\n|t:|1700155841\n|move|p2a: Ninetales|Freeze-Dry|p1a: Lando\n|-supereffective|p1a: Lando\n|-damage|p1a: Lando|10\/100\n|move|p1a: Lando|U-turn|p2a: Ninetales\n|-resisted|p2a: Ninetales\n|-damage|p2a: Ninetales|95\/100\n|\n|t:|1700155851\n|switch|p1a: Volcarona|Volcarona, F|100\/100|[from] U-turn\n|\n|-weather|Snow|[upkeep]\n|upkeep\n|turn|3\n|\n|t:|1700155856\n|move|p2a: Ninetales|Safeguard|p2a: Ninetales\n|-sidestart|p2: NahImtheotherguy|Safeguard\n|move|p1a: Volcarona|Quiver Dance|p1a: Volcarona\n|-boost|p1a: Volcarona|spa|1\n|-boost|p1a: Volcarona|spd|1\n|-boost|p1a: Volcarona|spe|1\n|\n|-weather|Snow|[upkeep]\n|upkeep\n|turn|4\n|\n|t:|1700155861\n|move|p1a: Volcarona|Fiery Dance|p2a: Ninetales\n|-supereffective|p2a: Ninetales\n|-damage|p2a: Ninetales|22\/100\n|-boost|p1a: Volcarona|spa|1\n|move|p2a: Ninetales|Encore|p1a: Volcarona\n|-start|p1a: Volcarona|Encore\n|\n|-weather|Snow|[upkeep]\n|upkeep\n|turn|5\n|\n|t:|1700155865\n|move|p1a: Volcarona|Fiery Dance|p2a: Ninetales\n|-supereffective|p2a: Ninetales\n|-damage|p2a: Ninetales|0 fnt\n|-boost|p1a: Volcarona|spa|1\n|faint|p2a: Ninetales\n|\n|-weather|none\n|upkeep\n|\n|t:|1700155869\n|switch|p2a: Diancie|Diancie|100\/100\n|-damage|p2a: Diancie|88\/100|[from] Stealth Rock\n|turn|6\n|\n|t:|1700155874\n|detailschange|p2a: Diancie|Diancie-Mega\n|-mega|p2a: Diancie|Diancie|Diancite\n|-terastallize|p1a: Volcarona|Grass\n|move|p1a: Volcarona|Fiery Dance|p2a: Diancie\n|-resisted|p2a: Diancie\n|-damage|p2a: Diancie|49\/100\n|-boost|p1a: Volcarona|spa|1\n|move|p2a: Diancie|Diamond Storm|p1a: Volcarona\n|-damage|p1a: Volcarona|18\/100\n|-boost|p2a: Diancie|def|2\n|\n|upkeep\n|turn|7\n|\n|t:|1700155889\n|move|p1a: Volcarona|Fiery Dance|p2a: Diancie\n|-resisted|p2a: Diancie\n|-damage|p2a: Diancie|1\/100\n|move|p2a: Diancie|Mystical Fire|p1a: Volcarona\n|-supereffective|p1a: Volcarona\n|-damage|p1a: Volcarona|0 fnt\n|faint|p1a: Volcarona\n|\n|-sideend|p2: NahImtheotherguy|Safeguard\n|upkeep\n|\n|t:|1700155909\n|switch|p1a: Gya|Gyarados, M|100\/100\n|-ability|p1a: Gya|Intimidate|boost\n|-unboost|p2a: Diancie|atk|1\n|turn|8\n|\n|t:|1700155922\n|detailschange|p1a: Gya|Gyarados-Mega, M\n|-mega|p1a: Gya|Gyarados|Gyaradosite\n|-ability|p1a: Gya|Mold Breaker\n|move|p2a: Diancie|Moonblast|p1a: Gya\n|-supereffective|p1a: Gya\n|-damage|p1a: Gya|11\/100\n|move|p1a: Gya|Dragon Dance|p1a: Gya\n|-boost|p1a: Gya|atk|1\n|-boost|p1a: Gya|spe|1\n|\n|-sideend|p2: NahImtheotherguy|move: Aurora Veil\n|upkeep\n|turn|9\n|\n|t:|1700155930\n|move|p1a: Gya|Waterfall|p2a: Diancie\n|-supereffective|p2a: Diancie\n|-damage|p2a: Diancie|0 fnt\n|faint|p2a: Diancie\n|\n|upkeep\n|\n|t:|1700155934\n|switch|p2a: Indeedee|Indeedee-F, F|100\/100\n|-damage|p2a: Indeedee|88\/100|[from] Stealth Rock\n|-fieldstart|move: Psychic Terrain|[from] ability: Psychic Surge|[of] p2a: Indeedee\n|turn|10\n|\n|t:|1700155940\n|move|p1a: Gya|Crunch|p2a: Indeedee\n|-supereffective|p2a: Indeedee\n|-damage|p2a: Indeedee|0 fnt\n|faint|p2a: Indeedee\n|\n|upkeep\n|\n|t:|1700155942\n|switch|p2a: Sneasler|Sneasler, M|100\/100\n|-damage|p2a: Sneasler|95\/100|[from] Stealth Rock\n|-enditem|p2a: Sneasler|Psychic Seed\n|-boost|p2a: Sneasler|spd|1|[from] item: Psychic Seed\n|turn|11\n|\n|t:|1700155949\n|move|p2a: Sneasler|Dire Claw|p1a: Gya\n|-damage|p1a: Gya|0 fnt\n|faint|p1a: Gya\n|\n|upkeep\n|\n|t:|1700155952\n|switch|p1a: Lando|Landorus-Therian, M|10\/100\n|-ability|p1a: Lando|Intimidate|boost\n|-unboost|p2a: Sneasler|atk|1\n|turn|12\n|\n|t:|1700155958\n|-terastallize|p2a: Sneasler|Dark\n|move|p2a: Sneasler|Swords Dance|p2a: Sneasler\n|-boost|p2a: Sneasler|atk|2\n|move|p1a: Lando|Earthquake|p2a: Sneasler\n|-damage|p2a: Sneasler|8\/100\n|\n|-heal|p1a: Lando|16\/100|[from] item: Leftovers\n|upkeep\n|turn|13\n|\n|t:|1700155970\n|move|p2a: Sneasler|Tera Blast|p1a: Lando|[anim] Tera Blast Dark\n|-damage|p1a: Lando|0 fnt\n|faint|p1a: Lando\n|\n|upkeep\n|\n|t:|1700155972\n|switch|p1a: Funny looking Bear|Urshifu-Rapid-Strike, M|100\/100\n|turn|14\n|\n|t:|1700155985\n|move|p2a: Sneasler|Close Combat|p1a: Funny looking Bear\n|-damage|p1a: Funny looking Bear|0 fnt\n|-unboost|p2a: Sneasler|def|1\n|-unboost|p2a: Sneasler|spd|1\n|faint|p1a: Funny looking Bear\n|\n|-fieldend|move: Psychic Terrain\n|upkeep\n|\n|t:|1700155989\n|switch|p1a: Tapu Lele|Tapu Lele|100\/100\n|-fieldstart|move: Psychic Terrain|[from] ability: Psychic Surge|[of] p1a: Tapu Lele\n|turn|15\n|\n|t:|1700155993\n|move|p2a: Sneasler|Dire Claw|p1a: Tapu Lele\n|-supereffective|p1a: Tapu Lele\n|-damage|p1a: Tapu Lele|0 fnt\n|faint|p1a: Tapu Lele\n|\n|upkeep\n|\n|t:|1700155995\n|switch|p1a: Uno|Zapdos|100\/100\n|turn|16\n|\n|t:|1700155997\n|move|p2a: Sneasler|Tera Blast|p1a: Uno|[anim] Tera Blast Dark\n|-crit|p1a: Uno\n|-damage|p1a: Uno|6\/100\n|move|p1a: Uno|Volt Switch|p2a: Sneasler\n|-damage|p2a: Sneasler|0 fnt\n|faint|p2a: Sneasler\n|\n|upkeep\n|\n|t:|1700156001\n|switch|p2a: Tapu Koko|Tapu Koko|100\/100\n|-damage|p2a: Tapu Koko|88\/100|[from] Stealth Rock\n|-fieldstart|move: Electric Terrain|[from] ability: Electric Surge|[of] p2a: Tapu Koko\n|turn|17\n|\n|t:|1700156013\n|move|p2a: Tapu Koko|Volt Switch|p1a: Uno\n|-damage|p1a: Uno|0 fnt\n|faint|p1a: Uno\n|-damage|p2a: Tapu Koko|78\/100|[from] item: Life Orb\n|\n|win|NahImtheotherguy\n|raw|Prestigouspenguin7's rating: 1284 &rarr; <strong>1262<\/strong><br \/>(-22 for losing)\n|raw|NahImtheotherguy's rating: 1326 &rarr; <strong>1344<\/strong><br \/>(+18 for winning)\n|l|\u2606Prestigouspenguin7\n","uploadtime":1700156229,"views":5,"p1id":"prestigouspenguin7","p2id":"nahimtheotherguy","formatid":"gen9nationaldex","rating":1262,"private":0,"password":""}