{"id":"gen9nationaldex-1989549425","p1":"Jaspo","p2":"Showdown-Shelgon","format":"[Gen 9] National Dex","log":"|j|\u2606Jaspo\n|j|\u2606Showdown-Shelgon\n|t:|1699869640\n|gametype|singles\n|player|p1|Jaspo|clair|1136\n|player|p2|Showdown-Shelgon|acetrainer-gen4dp|1049\n|teamsize|p1|6\n|teamsize|p2|6\n|gen|9\n|tier|[Gen 9] National Dex\n|rated|\n|rule|HP Percentage Mod: HP is shown in percentages\n|rule|Endless Battle Clause: Forcing endless battles is banned\n|rule|OHKO Clause: OHKO moves are banned\n|rule|Evasion Clause: Evasion abilities, items, and moves are banned\n|rule|Evasion Abilities Clause: Evasion abilities are banned\n|rule|Evasion Items Clause: Evasion items are banned\n|rule|Evasion Moves Clause: Evasion moves are banned\n|rule|Species Clause: Limit one of each Pok\u00e9mon\n|rule|Sleep Clause Mod: Limit one foe put to sleep\n|clearpoke\n|poke|p1|Kingdra, M|\n|poke|p1|Luxray, M|\n|poke|p1|Scolipede, F|\n|poke|p1|Typhlosion-Hisui, M|\n|poke|p1|Hydreigon, F|\n|poke|p1|Absol, M|\n|poke|p2|Gliscor, F|\n|poke|p2|Pyukumuku, M|\n|poke|p2|Goodra, M|\n|poke|p2|Greninja-*, M|\n|poke|p2|Seismitoad, M|\n|poke|p2|Zygarde-10%|\n|teampreview\n|\n|t:|1699869646\n|start\n|switch|p1a: Hydreigon|Hydreigon, F|100\/100\n|switch|p2a: Poison-Frog|Greninja, M|100\/100\n|turn|1\n|inactive|Battle timer is ON: inactive players will automatically lose when time's up. (requested by Jaspo)\n|\n|t:|1699869654\n|move|p2a: Poison-Frog|U-turn|p1a: Hydreigon\n|-supereffective|p1a: Hydreigon\n|-damage|p1a: Hydreigon|68\/100\n|-damage|p2a: Poison-Frog|84\/100|[from] item: Rocky Helmet|[of] p1a: Hydreigon\n|-damage|p2a: Poison-Frog|74\/100|[from] item: Life Orb\n|c|\u2606Showdown-Shelgon|Hey \ud83d\ude01 a good friend of mine has a small YT channel where there are Pok\u00e9mon videos. I would be happy if you take a look \u263a\ufe0f\n|c|\u2606Showdown-Shelgon|https:\/\/youtu.be\/g0JrcNRKkYY?si=HKCdwIw1a-GVcdzj\n|\n|t:|1699869661\n|switch|p2a: Poison Frog|Seismitoad, M|100\/100|[from] U-turn\n|move|p1a: Hydreigon|Dragon Pulse|p2a: Poison Frog\n|-damage|p2a: Poison Frog|64\/100\n|\n|-heal|p2a: Poison Frog|70\/100|[from] item: Leftovers\n|upkeep\n|turn|2\n|\n|t:|1699869674\n|-terastallize|p1a: Hydreigon|Steel\n|move|p1a: Hydreigon|Dragon Pulse|p2a: Poison Frog\n|-damage|p2a: Poison Frog|32\/100\n|move|p2a: Poison Frog|Stealth Rock|p1a: Hydreigon\n|-sidestart|p1: Jaspo|move: Stealth Rock\n|\n|-heal|p2a: Poison Frog|38\/100|[from] item: Leftovers\n|upkeep\n|turn|3\n|\n|t:|1699869684\n|move|p1a: Hydreigon|Dragon Pulse|p2a: Poison Frog\n|-damage|p2a: Poison Frog|1\/100\n|move|p2a: Poison Frog|Knock Off|p1a: Hydreigon\n|-damage|p1a: Hydreigon|47\/100\n|-damage|p2a: Poison Frog|0 fnt|[from] item: Rocky Helmet|[of] p1a: Hydreigon\n|faint|p2a: Poison Frog\n|\n|upkeep\n|\n|t:|1699869691\n|switch|p2a: Poison Fly|Gliscor, F|100\/100\n|turn|4\n|\n|t:|1699869694\n|move|p1a: Hydreigon|Roost|p1a: Hydreigon\n|-heal|p1a: Hydreigon|97\/100\n|move|p2a: Poison Fly|Curse|p2a: Poison Fly\n|-unboost|p2a: Poison Fly|spe|1\n|-boost|p2a: Poison Fly|atk|1\n|-boost|p2a: Poison Fly|def|1\n|\n|-status|p2a: Poison Fly|tox|[from] item: Toxic Orb\n|upkeep\n|turn|5\n|\n|t:|1699869708\n|move|p1a: Hydreigon|Dragon Pulse|p2a: Poison Fly\n|-damage|p2a: Poison Fly|63\/100 tox\n|move|p2a: Poison Fly|Curse|p2a: Poison Fly\n|-unboost|p2a: Poison Fly|spe|1\n|-boost|p2a: Poison Fly|atk|1\n|-boost|p2a: Poison Fly|def|1\n|\n|-heal|p2a: Poison Fly|76\/100 tox|[from] ability: Poison Heal\n|upkeep\n|turn|6\n|inactive|Showdown-Shelgon has 120 seconds left.\n|\n|t:|1699869754\n|move|p1a: Hydreigon|Dragon Pulse|p2a: Poison Fly\n|-damage|p2a: Poison Fly|40\/100 tox\n|move|p2a: Poison Fly|Curse|p2a: Poison Fly\n|-unboost|p2a: Poison Fly|spe|1\n|-boost|p2a: Poison Fly|atk|1\n|-boost|p2a: Poison Fly|def|1\n|\n|-heal|p2a: Poison Fly|52\/100 tox|[from] ability: Poison Heal\n|upkeep\n|turn|7\n|\n|t:|1699869763\n|move|p1a: Hydreigon|Dragon Pulse|p2a: Poison Fly\n|-damage|p2a: Poison Fly|19\/100 tox\n|move|p2a: Poison Fly|Roost|p2a: Poison Fly\n|-heal|p2a: Poison Fly|69\/100 tox\n|-singleturn|p2a: Poison Fly|move: Roost\n|\n|-heal|p2a: Poison Fly|81\/100 tox|[from] ability: Poison Heal\n|upkeep\n|turn|8\n|\n|t:|1699869779\n|switch|p1a: Luxray|Luxray, M|100\/100\n|-ability|p1a: Luxray|Intimidate|boost\n|-unboost|p2a: Poison Fly|atk|1\n|move|p2a: Poison Fly|Curse|p2a: Poison Fly\n|-unboost|p2a: Poison Fly|spe|1\n|-boost|p2a: Poison Fly|atk|1\n|-boost|p2a: Poison Fly|def|1\n|\n|-heal|p2a: Poison Fly|94\/100 tox|[from] ability: Poison Heal\n|upkeep\n|turn|9\n|inactive|Showdown-Shelgon has 120 seconds left.\n|\n|t:|1699869799\n|move|p2a: Poison Fly|Earthquake|p1a: Luxray\n|-supereffective|p1a: Luxray\n|-damage|p1a: Luxray|0 fnt\n|faint|p1a: Luxray\n|\n|-heal|p2a: Poison Fly|100\/100 tox|[from] ability: Poison Heal\n|upkeep\n|\n|t:|1699869806\n|switch|p1a: Kingdra|Kingdra, M|100\/100\n|-damage|p1a: Kingdra|88\/100|[from] Stealth Rock\n|turn|10\n|\n|t:|1699869811\n|-terastallize|p2a: Poison Fly|Water\n|move|p1a: Kingdra|Clear Smog|p2a: Poison Fly\n|-damage|p2a: Poison Fly|91\/100 tox\n|-clearboost|p2a: Poison Fly\n|move|p2a: Poison Fly|Earthquake|p1a: Kingdra\n|-damage|p1a: Kingdra|55\/100\n|\n|-heal|p2a: Poison Fly|100\/100 tox|[from] ability: Poison Heal\n|upkeep\n|turn|11\n|\n|t:|1699869821\n|move|p1a: Kingdra|Scale Shot|p2a: Poison Fly\n|-crit|p2a: Poison Fly\n|-damage|p2a: Poison Fly|82\/100 tox\n|-damage|p2a: Poison Fly|75\/100 tox\n|-damage|p2a: Poison Fly|67\/100 tox\n|-damage|p2a: Poison Fly|60\/100 tox\n|-hitcount|p2a: Poison Fly|4\n|-unboost|p1a: Kingdra|def|1\n|-boost|p1a: Kingdra|spe|1\n|move|p2a: Poison Fly|Knock Off|p1a: Kingdra\n|-damage|p1a: Kingdra|23\/100\n|-enditem|p1a: Kingdra|Loaded Dice|[from] move: Knock Off|[of] p2a: Poison Fly\n|\n|-heal|p2a: Poison Fly|72\/100 tox|[from] ability: Poison Heal\n|upkeep\n|turn|12\n|\n|t:|1699869836\n|move|p1a: Kingdra|Scale Shot|p2a: Poison Fly\n|-damage|p2a: Poison Fly|63\/100 tox\n|-damage|p2a: Poison Fly|56\/100 tox\n|-damage|p2a: Poison Fly|47\/100 tox\n|-hitcount|p2a: Poison Fly|3\n|-unboost|p1a: Kingdra|def|1\n|-boost|p1a: Kingdra|spe|1\n|move|p2a: Poison Fly|Roost|p2a: Poison Fly\n|-heal|p2a: Poison Fly|97\/100 tox\n|\n|-heal|p2a: Poison Fly|100\/100 tox|[from] ability: Poison Heal\n|upkeep\n|turn|13\n|\n|t:|1699869848\n|move|p1a: Kingdra|Focus Energy|p1a: Kingdra\n|-start|p1a: Kingdra|move: Focus Energy\n|move|p2a: Poison Fly|Earthquake|p1a: Kingdra\n|-damage|p1a: Kingdra|0 fnt\n|faint|p1a: Kingdra\n|\n|upkeep\n|\n|t:|1699869861\n|switch|p1a: Hydreigon|Hydreigon, F, tera:Steel|97\/100\n|-damage|p1a: Hydreigon|91\/100|[from] Stealth Rock\n|turn|14\n|\n|t:|1699869869\n|move|p1a: Hydreigon|Dragon Pulse|p2a: Poison Fly\n|-damage|p2a: Poison Fly|63\/100 tox\n|move|p2a: Poison Fly|Curse|p2a: Poison Fly\n|-unboost|p2a: Poison Fly|spe|1\n|-boost|p2a: Poison Fly|atk|1\n|-boost|p2a: Poison Fly|def|1\n|\n|-heal|p2a: Poison Fly|76\/100 tox|[from] ability: Poison Heal\n|upkeep\n|turn|15\n|\n|t:|1699869877\n|move|p1a: Hydreigon|Dragon Pulse|p2a: Poison Fly\n|-damage|p2a: Poison Fly|38\/100 tox\n|move|p2a: Poison Fly|Curse|p2a: Poison Fly\n|-unboost|p2a: Poison Fly|spe|1\n|-boost|p2a: Poison Fly|atk|1\n|-boost|p2a: Poison Fly|def|1\n|\n|-heal|p2a: Poison Fly|51\/100 tox|[from] ability: Poison Heal\n|upkeep\n|turn|16\n|\n|t:|1699869885\n|move|p1a: Hydreigon|Dragon Pulse|p2a: Poison Fly\n|-damage|p2a: Poison Fly|16\/100 tox\n|move|p2a: Poison Fly|Roost|p2a: Poison Fly\n|-heal|p2a: Poison Fly|66\/100 tox\n|\n|-heal|p2a: Poison Fly|78\/100 tox|[from] ability: Poison Heal\n|upkeep\n|turn|17\n|\n|t:|1699869892\n|move|p1a: Hydreigon|Dragon Pulse|p2a: Poison Fly\n|-damage|p2a: Poison Fly|44\/100 tox\n|move|p2a: Poison Fly|Curse|p2a: Poison Fly\n|-unboost|p2a: Poison Fly|spe|1\n|-boost|p2a: Poison Fly|atk|1\n|-boost|p2a: Poison Fly|def|1\n|\n|-heal|p2a: Poison Fly|57\/100 tox|[from] ability: Poison Heal\n|upkeep\n|turn|18\n|\n|t:|1699869900\n|move|p1a: Hydreigon|Dragon Pulse|p2a: Poison Fly\n|-damage|p2a: Poison Fly|23\/100 tox\n|move|p2a: Poison Fly|Roost|p2a: Poison Fly\n|-heal|p2a: Poison Fly|73\/100 tox\n|\n|-heal|p2a: Poison Fly|85\/100 tox|[from] ability: Poison Heal\n|upkeep\n|turn|19\n|\n|t:|1699869906\n|move|p1a: Hydreigon|Dragon Pulse|p2a: Poison Fly\n|-damage|p2a: Poison Fly|51\/100 tox\n|move|p2a: Poison Fly|Curse|p2a: Poison Fly\n|-unboost|p2a: Poison Fly|spe|1\n|-boost|p2a: Poison Fly|atk|1\n|-boost|p2a: Poison Fly|def|1\n|\n|-heal|p2a: Poison Fly|64\/100 tox|[from] ability: Poison Heal\n|upkeep\n|turn|20\n|\n|t:|1699869914\n|move|p1a: Hydreigon|Dragon Pulse|p2a: Poison Fly\n|-damage|p2a: Poison Fly|26\/100 tox\n|move|p2a: Poison Fly|Roost|p2a: Poison Fly\n|-heal|p2a: Poison Fly|76\/100 tox\n|\n|-heal|p2a: Poison Fly|89\/100 tox|[from] ability: Poison Heal\n|upkeep\n|turn|21\n|c|\u2606Jaspo|ur a piece of S H ! T\n|-message|Jaspo forfeited.\n|\n|win|Showdown-Shelgon\n|raw|Jaspo's rating: 1136 &rarr; <strong>1105<\/strong><br \/>(-31 for losing)\n|raw|Showdown-Shelgon's rating: 1049 &rarr; <strong>1090<\/strong><br \/>(+41 for winning)\n|l|\u2606Jaspo\n","uploadtime":1699869931,"views":9,"p1id":"jaspo","p2id":"showdownshelgon","formatid":"gen9nationaldex","rating":1090,"private":0,"password":""}