{"id":"gen9nationaldex-1993386991","p1":"haoyouganjue","p2":"zhiwa1","format":"[Gen 9] National Dex","log":"|j|\u2606haoyouganjue\n|j|\u2606zhiwa1\n|t:|1700310452\n|gametype|singles\n|player|p1|haoyouganjue|marnie-masters3|1559\n|player|p2|zhiwa1|170|1466\n|teamsize|p1|6\n|teamsize|p2|6\n|gen|9\n|tier|[Gen 9] National Dex\n|rated|\n|rule|HP Percentage Mod: HP is shown in percentages\n|rule|Endless Battle Clause: Forcing endless battles is banned\n|rule|OHKO Clause: OHKO moves are banned\n|rule|Evasion Clause: Evasion abilities, items, and moves are banned\n|rule|Evasion Abilities Clause: Evasion abilities are banned\n|rule|Evasion Items Clause: Evasion items are banned\n|rule|Evasion Moves Clause: Evasion moves are banned\n|rule|Species Clause: Limit one of each Pok\u00e9mon\n|rule|Sleep Clause Mod: Limit one foe put to sleep\n|clearpoke\n|poke|p1|Weavile, M|\n|poke|p1|Ursaluna, F|\n|poke|p1|Scizor, M|\n|poke|p1|Zapdos|\n|poke|p1|Alomomola, M|\n|poke|p1|Kyurem|\n|poke|p2|Landorus-Therian, M|\n|poke|p2|Gallade, M|\n|poke|p2|Sneasler, F|\n|poke|p2|Rillaboom, M|\n|poke|p2|Zapdos|\n|poke|p2|Heatran, M|\n|teampreview\n|inactive|Battle timer is ON: inactive players will automatically lose when time's up. (requested by haoyouganjue)\n|\n|t:|1700310470\n|start\n|switch|p1a: \u770b\u8d77\u6765\u6ca1\u5565\u4f24\u5bb3\u4f46\u4f24\u5bb3\u7206\u70b8\u7684\u72b8\u7ebd\u62c9|Weavile, M|100\/100\n|switch|p2a: Landorus|Landorus-Therian, M|100\/100\n|-ability|p1a: \u770b\u8d77\u6765\u6ca1\u5565\u4f24\u5bb3\u4f46\u4f24\u5bb3\u7206\u70b8\u7684\u72b8\u7ebd\u62c9|Pressure\n|-ability|p2a: Landorus|Intimidate|boost\n|-unboost|p1a: \u770b\u8d77\u6765\u6ca1\u5565\u4f24\u5bb3\u4f46\u4f24\u5bb3\u7206\u70b8\u7684\u72b8\u7ebd\u62c9|atk|1\n|turn|1\n|\n|t:|1700310493\n|switch|p2a: Heatran|Heatran, M|100\/100\n|move|p1a: \u770b\u8d77\u6765\u6ca1\u5565\u4f24\u5bb3\u4f46\u4f24\u5bb3\u7206\u70b8\u7684\u72b8\u7ebd\u62c9|Triple Axel|p2a: Heatran\n|-resisted|p2a: Heatran\n|-damage|p2a: Heatran|99\/100\n|-resisted|p2a: Heatran\n|-damage|p2a: Heatran|95\/100\n|-resisted|p2a: Heatran\n|-damage|p2a: Heatran|88\/100\n|-hitcount|p2a: Heatran|3\n|\n|-heal|p2a: Heatran|94\/100|[from] item: Leftovers\n|upkeep\n|turn|2\n|\n|t:|1700310509\n|switch|p1a: \u6298\u8fd4\u6298\u8fd4|Alomomola, M|100\/100\n|move|p2a: Heatran|Magma Storm|p1a: \u6298\u8fd4\u6298\u8fd4\n|-resisted|p1a: \u6298\u8fd4\u6298\u8fd4\n|-damage|p1a: \u6298\u8fd4\u6298\u8fd4|75\/100\n|-activate|p1a: \u6298\u8fd4\u6298\u8fd4|move: Magma Storm|[of] p2a: Heatran\n|\n|-heal|p2a: Heatran|100\/100|[from] item: Leftovers\n|-damage|p1a: \u6298\u8fd4\u6298\u8fd4|63\/100|[from] move: Magma Storm|[partiallytrapped]\n|upkeep\n|turn|3\n|\n|t:|1700310523\n|move|p2a: Heatran|Protect|p2a: Heatran\n|-singleturn|p2a: Heatran|Protect\n|move|p1a: \u6298\u8fd4\u6298\u8fd4|Flip Turn|p2a: Heatran\n|-activate|p2a: Heatran|move: Protect\n|\n|-damage|p1a: \u6298\u8fd4\u6298\u8fd4|50\/100|[from] move: Magma Storm|[partiallytrapped]\n|upkeep\n|turn|4\n|\n|t:|1700310536\n|switch|p2a: Zapdos|Zapdos|100\/100\n|move|p1a: \u6298\u8fd4\u6298\u8fd4|Flip Turn|p2a: Zapdos\n|-damage|p2a: Zapdos|89\/100\n|-status|p1a: \u6298\u8fd4\u6298\u8fd4|par|[from] ability: Static|[of] p2a: Zapdos\n|\n|t:|1700310544\n|switch|p1a: \u731c\u731c\u6211\u4ec0\u4e48\u914d\u7f6e|Kyurem|100\/100|[from] Flip Turn\n|-ability|p1a: \u731c\u731c\u6211\u4ec0\u4e48\u914d\u7f6e|Pressure\n|\n|upkeep\n|turn|5\n|c|\u2606zhiwa1|\u9e1f\u54e5\uff0c\u4f60\u662f\u6211\u7684\u795e\n|inactive|zhiwa1 has 120 seconds left.\n|\n|t:|1700310572\n|switch|p2a: Heatran|Heatran, M|100\/100\n|move|p1a: \u731c\u731c\u6211\u4ec0\u4e48\u914d\u7f6e|Substitute|p1a: \u731c\u731c\u6211\u4ec0\u4e48\u914d\u7f6e\n|-start|p1a: \u731c\u731c\u6211\u4ec0\u4e48\u914d\u7f6e|Substitute\n|-damage|p1a: \u731c\u731c\u6211\u4ec0\u4e48\u914d\u7f6e|76\/100\n|\n|-heal|p1a: \u731c\u731c\u6211\u4ec0\u4e48\u914d\u7f6e|82\/100|[from] item: Leftovers\n|upkeep\n|turn|6\n|inactive|zhiwa1 has 120 seconds left.\n|\n|t:|1700310597\n|move|p2a: Heatran|Protect|p2a: Heatran\n|-singleturn|p2a: Heatran|Protect\n|move|p1a: \u731c\u731c\u6211\u4ec0\u4e48\u914d\u7f6e|Substitute|p1a: \u731c\u731c\u6211\u4ec0\u4e48\u914d\u7f6e\n|-fail|p1a: \u731c\u731c\u6211\u4ec0\u4e48\u914d\u7f6e|move: Substitute\n|\n|-heal|p1a: \u731c\u731c\u6211\u4ec0\u4e48\u914d\u7f6e|88\/100|[from] item: Leftovers\n|upkeep\n|turn|7\n|\n|t:|1700310617\n|move|p1a: \u731c\u731c\u6211\u4ec0\u4e48\u914d\u7f6e|Substitute|p1a: \u731c\u731c\u6211\u4ec0\u4e48\u914d\u7f6e\n|-fail|p1a: \u731c\u731c\u6211\u4ec0\u4e48\u914d\u7f6e|move: Substitute\n|move|p2a: Heatran|Magma Storm|p1a: \u731c\u731c\u6211\u4ec0\u4e48\u914d\u7f6e\n|-end|p1a: \u731c\u731c\u6211\u4ec0\u4e48\u914d\u7f6e|Substitute\n|\n|-heal|p1a: \u731c\u731c\u6211\u4ec0\u4e48\u914d\u7f6e|94\/100|[from] item: Leftovers\n|upkeep\n|turn|8\n|inactive|zhiwa1 has 90 seconds left.\n|\n|t:|1700310634\n|move|p1a: \u731c\u731c\u6211\u4ec0\u4e48\u914d\u7f6e|Substitute|p1a: \u731c\u731c\u6211\u4ec0\u4e48\u914d\u7f6e\n|-start|p1a: \u731c\u731c\u6211\u4ec0\u4e48\u914d\u7f6e|Substitute\n|-damage|p1a: \u731c\u731c\u6211\u4ec0\u4e48\u914d\u7f6e|69\/100\n|move|p2a: Heatran|Magma Storm|p1a: \u731c\u731c\u6211\u4ec0\u4e48\u914d\u7f6e\n|-end|p1a: \u731c\u731c\u6211\u4ec0\u4e48\u914d\u7f6e|Substitute\n|\n|-heal|p1a: \u731c\u731c\u6211\u4ec0\u4e48\u914d\u7f6e|75\/100|[from] item: Leftovers\n|upkeep\n|turn|9\n|inactive|zhiwa1 has 90 seconds left.\n|\n|t:|1700310663\n|switch|p2a: Gallade|Gallade, M, shiny|100\/100\n|move|p1a: \u731c\u731c\u6211\u4ec0\u4e48\u914d\u7f6e|Substitute|p1a: \u731c\u731c\u6211\u4ec0\u4e48\u914d\u7f6e\n|-start|p1a: \u731c\u731c\u6211\u4ec0\u4e48\u914d\u7f6e|Substitute\n|-damage|p1a: \u731c\u731c\u6211\u4ec0\u4e48\u914d\u7f6e|50\/100\n|\n|-heal|p1a: \u731c\u731c\u6211\u4ec0\u4e48\u914d\u7f6e|57\/100|[from] item: Leftovers\n|upkeep\n|turn|10\n|\n|t:|1700310673\n|detailschange|p2a: Gallade|Gallade-Mega, M, shiny\n|-mega|p2a: Gallade|Gallade|Galladite\n|move|p2a: Gallade|Zen Headbutt|p1a: \u731c\u731c\u6211\u4ec0\u4e48\u914d\u7f6e\n|-end|p1a: \u731c\u731c\u6211\u4ec0\u4e48\u914d\u7f6e|Substitute\n|move|p1a: \u731c\u731c\u6211\u4ec0\u4e48\u914d\u7f6e|Dragon Dance|p1a: \u731c\u731c\u6211\u4ec0\u4e48\u914d\u7f6e\n|-boost|p1a: \u731c\u731c\u6211\u4ec0\u4e48\u914d\u7f6e|atk|1\n|-boost|p1a: \u731c\u731c\u6211\u4ec0\u4e48\u914d\u7f6e|spe|1\n|\n|-heal|p1a: \u731c\u731c\u6211\u4ec0\u4e48\u914d\u7f6e|63\/100|[from] item: Leftovers\n|upkeep\n|turn|11\n|\n|t:|1700310690\n|switch|p2a: Heatran|Heatran, M|100\/100\n|move|p1a: \u731c\u731c\u6211\u4ec0\u4e48\u914d\u7f6e|Icicle Spear|p2a: Heatran\n|-resisted|p2a: Heatran\n|-damage|p2a: Heatran|96\/100\n|-resisted|p2a: Heatran\n|-damage|p2a: Heatran|92\/100\n|-resisted|p2a: Heatran\n|-crit|p2a: Heatran\n|-damage|p2a: Heatran|85\/100\n|-resisted|p2a: Heatran\n|-damage|p2a: Heatran|81\/100\n|-hitcount|p2a: Heatran|4\n|\n|-heal|p1a: \u731c\u731c\u6211\u4ec0\u4e48\u914d\u7f6e|69\/100|[from] item: Leftovers\n|-heal|p2a: Heatran|87\/100|[from] item: Leftovers\n|upkeep\n|turn|12\n|\n|t:|1700310699\n|move|p1a: \u731c\u731c\u6211\u4ec0\u4e48\u914d\u7f6e|Substitute|p1a: \u731c\u731c\u6211\u4ec0\u4e48\u914d\u7f6e\n|-start|p1a: \u731c\u731c\u6211\u4ec0\u4e48\u914d\u7f6e|Substitute\n|-damage|p1a: \u731c\u731c\u6211\u4ec0\u4e48\u914d\u7f6e|44\/100\n|move|p2a: Heatran|Earth Power|p1a: \u731c\u731c\u6211\u4ec0\u4e48\u914d\u7f6e\n|-crit|p1a: \u731c\u731c\u6211\u4ec0\u4e48\u914d\u7f6e\n|-end|p1a: \u731c\u731c\u6211\u4ec0\u4e48\u914d\u7f6e|Substitute\n|\n|-heal|p1a: \u731c\u731c\u6211\u4ec0\u4e48\u914d\u7f6e|50\/100|[from] item: Leftovers\n|-heal|p2a: Heatran|93\/100|[from] item: Leftovers\n|upkeep\n|turn|13\n|\n|t:|1700310726\n|move|p1a: \u731c\u731c\u6211\u4ec0\u4e48\u914d\u7f6e|Substitute|p1a: \u731c\u731c\u6211\u4ec0\u4e48\u914d\u7f6e\n|-start|p1a: \u731c\u731c\u6211\u4ec0\u4e48\u914d\u7f6e|Substitute\n|-damage|p1a: \u731c\u731c\u6211\u4ec0\u4e48\u914d\u7f6e|25\/100\n|move|p2a: Heatran|Earth Power|p1a: \u731c\u731c\u6211\u4ec0\u4e48\u914d\u7f6e\n|-crit|p1a: \u731c\u731c\u6211\u4ec0\u4e48\u914d\u7f6e\n|-end|p1a: \u731c\u731c\u6211\u4ec0\u4e48\u914d\u7f6e|Substitute\n|\n|-heal|p1a: \u731c\u731c\u6211\u4ec0\u4e48\u914d\u7f6e|31\/100|[from] item: Leftovers\n|-heal|p2a: Heatran|99\/100|[from] item: Leftovers\n|upkeep\n|turn|14\n|\n|t:|1700310741\n|move|p1a: \u731c\u731c\u6211\u4ec0\u4e48\u914d\u7f6e|Roost|p1a: \u731c\u731c\u6211\u4ec0\u4e48\u914d\u7f6e\n|-heal|p1a: \u731c\u731c\u6211\u4ec0\u4e48\u914d\u7f6e|81\/100\n|-singleturn|p1a: \u731c\u731c\u6211\u4ec0\u4e48\u914d\u7f6e|move: Roost\n|move|p2a: Heatran|Earth Power|p1a: \u731c\u731c\u6211\u4ec0\u4e48\u914d\u7f6e\n|-damage|p1a: \u731c\u731c\u6211\u4ec0\u4e48\u914d\u7f6e|62\/100\n|\n|-heal|p1a: \u731c\u731c\u6211\u4ec0\u4e48\u914d\u7f6e|68\/100|[from] item: Leftovers\n|-heal|p2a: Heatran|100\/100|[from] item: Leftovers\n|upkeep\n|turn|15\n|\n|t:|1700310751\n|move|p1a: \u731c\u731c\u6211\u4ec0\u4e48\u914d\u7f6e|Substitute|p1a: \u731c\u731c\u6211\u4ec0\u4e48\u914d\u7f6e\n|-start|p1a: \u731c\u731c\u6211\u4ec0\u4e48\u914d\u7f6e|Substitute\n|-damage|p1a: \u731c\u731c\u6211\u4ec0\u4e48\u914d\u7f6e|43\/100\n|move|p2a: Heatran|Earth Power|p1a: \u731c\u731c\u6211\u4ec0\u4e48\u914d\u7f6e\n|-activate|p1a: \u731c\u731c\u6211\u4ec0\u4e48\u914d\u7f6e|move: Substitute|[damage]\n|\n|-heal|p1a: \u731c\u731c\u6211\u4ec0\u4e48\u914d\u7f6e|50\/100|[from] item: Leftovers\n|upkeep\n|turn|16\n|\n|t:|1700310761\n|move|p1a: \u731c\u731c\u6211\u4ec0\u4e48\u914d\u7f6e|Roost|p1a: \u731c\u731c\u6211\u4ec0\u4e48\u914d\u7f6e\n|-heal|p1a: \u731c\u731c\u6211\u4ec0\u4e48\u914d\u7f6e|99\/100\n|-singleturn|p1a: \u731c\u731c\u6211\u4ec0\u4e48\u914d\u7f6e|move: Roost\n|move|p2a: Heatran|Magma Storm|p1a: \u731c\u731c\u6211\u4ec0\u4e48\u914d\u7f6e\n|-end|p1a: \u731c\u731c\u6211\u4ec0\u4e48\u914d\u7f6e|Substitute\n|\n|-heal|p1a: \u731c\u731c\u6211\u4ec0\u4e48\u914d\u7f6e|100\/100|[from] item: Leftovers\n|upkeep\n|turn|17\n|\n|t:|1700310775\n|move|p1a: \u731c\u731c\u6211\u4ec0\u4e48\u914d\u7f6e|Substitute|p1a: \u731c\u731c\u6211\u4ec0\u4e48\u914d\u7f6e\n|-start|p1a: \u731c\u731c\u6211\u4ec0\u4e48\u914d\u7f6e|Substitute\n|-damage|p1a: \u731c\u731c\u6211\u4ec0\u4e48\u914d\u7f6e|76\/100\n|move|p2a: Heatran|Earth Power|p1a: \u731c\u731c\u6211\u4ec0\u4e48\u914d\u7f6e\n|-activate|p1a: \u731c\u731c\u6211\u4ec0\u4e48\u914d\u7f6e|move: Substitute|[damage]\n|\n|-heal|p1a: \u731c\u731c\u6211\u4ec0\u4e48\u914d\u7f6e|82\/100|[from] item: Leftovers\n|upkeep\n|turn|18\n|\n|t:|1700310784\n|move|p1a: \u731c\u731c\u6211\u4ec0\u4e48\u914d\u7f6e|Dragon Dance|p1a: \u731c\u731c\u6211\u4ec0\u4e48\u914d\u7f6e\n|-boost|p1a: \u731c\u731c\u6211\u4ec0\u4e48\u914d\u7f6e|atk|1\n|-boost|p1a: \u731c\u731c\u6211\u4ec0\u4e48\u914d\u7f6e|spe|1\n|move|p2a: Heatran|Earth Power|p1a: \u731c\u731c\u6211\u4ec0\u4e48\u914d\u7f6e\n|-end|p1a: \u731c\u731c\u6211\u4ec0\u4e48\u914d\u7f6e|Substitute\n|\n|-heal|p1a: \u731c\u731c\u6211\u4ec0\u4e48\u914d\u7f6e|88\/100|[from] item: Leftovers\n|upkeep\n|turn|19\n|\n|t:|1700310807\n|switch|p2a: Rillaboom|Rillaboom, M|100\/100\n|-fieldstart|move: Grassy Terrain|[from] ability: Grassy Surge|[of] p2a: Rillaboom\n|move|p1a: \u731c\u731c\u6211\u4ec0\u4e48\u914d\u7f6e|Substitute|p1a: \u731c\u731c\u6211\u4ec0\u4e48\u914d\u7f6e\n|-start|p1a: \u731c\u731c\u6211\u4ec0\u4e48\u914d\u7f6e|Substitute\n|-damage|p1a: \u731c\u731c\u6211\u4ec0\u4e48\u914d\u7f6e|63\/100\n|\n|-heal|p1a: \u731c\u731c\u6211\u4ec0\u4e48\u914d\u7f6e|69\/100|[from] Grassy Terrain\n|-heal|p1a: \u731c\u731c\u6211\u4ec0\u4e48\u914d\u7f6e|75\/100|[from] item: Leftovers\n|upkeep\n|turn|20\n|\n|t:|1700310821\n|move|p2a: Rillaboom|Grassy Glide|p1a: \u731c\u731c\u6211\u4ec0\u4e48\u914d\u7f6e\n|-resisted|p1a: \u731c\u731c\u6211\u4ec0\u4e48\u914d\u7f6e\n|-end|p1a: \u731c\u731c\u6211\u4ec0\u4e48\u914d\u7f6e|Substitute\n|move|p1a: \u731c\u731c\u6211\u4ec0\u4e48\u914d\u7f6e|Icicle Spear|p2a: Rillaboom\n|-supereffective|p2a: Rillaboom\n|-damage|p2a: Rillaboom|49\/100\n|-supereffective|p2a: Rillaboom\n|-damage|p2a: Rillaboom|0 fnt\n|faint|p2a: Rillaboom\n|-hitcount|p2: Rillaboom|2\n|\n|-heal|p1a: \u731c\u731c\u6211\u4ec0\u4e48\u914d\u7f6e|81\/100|[from] Grassy Terrain\n|-heal|p1a: \u731c\u731c\u6211\u4ec0\u4e48\u914d\u7f6e|88\/100|[from] item: Leftovers\n|upkeep\n|\n|t:|1700310828\n|switch|p2a: Sneasler|Sneasler, F|100\/100\n|-enditem|p2a: Sneasler|Grassy Seed\n|-boost|p2a: Sneasler|def|1|[from] item: Grassy Seed\n|turn|21\n|\n|t:|1700310841\n|move|p2a: Sneasler|Close Combat|p1a: \u731c\u731c\u6211\u4ec0\u4e48\u914d\u7f6e\n|-supereffective|p1a: \u731c\u731c\u6211\u4ec0\u4e48\u914d\u7f6e\n|-damage|p1a: \u731c\u731c\u6211\u4ec0\u4e48\u914d\u7f6e|0 fnt\n|-unboost|p2a: Sneasler|def|1\n|-unboost|p2a: Sneasler|spd|1\n|faint|p1a: \u731c\u731c\u6211\u4ec0\u4e48\u914d\u7f6e\n|\n|upkeep\n|\n|t:|1700310854\n|switch|p1a: \u4e0d\u9760\u8c31\u7684\u9e1f\u54e5|Zapdos|100\/100\n|turn|22\n|\n|t:|1700310865\n|move|p2a: Sneasler|Swords Dance|p2a: Sneasler\n|-boost|p2a: Sneasler|atk|2\n|-zpower|p1a: \u4e0d\u9760\u8c31\u7684\u9e1f\u54e5\n|move|p1a: \u4e0d\u9760\u8c31\u7684\u9e1f\u54e5|Supersonic Skystrike|p2a: Sneasler|[zeffect]\n|-supereffective|p2a: Sneasler\n|-damage|p2a: Sneasler|0 fnt\n|faint|p2a: Sneasler\n|\n|upkeep\n|\n|t:|1700310888\n|switch|p2a: Gallade|Gallade-Mega, M, shiny|100\/100\n|turn|23\n|\n|t:|1700310897\n|move|p2a: Gallade|Triple Axel|p1a: \u4e0d\u9760\u8c31\u7684\u9e1f\u54e5\n|-supereffective|p1a: \u4e0d\u9760\u8c31\u7684\u9e1f\u54e5\n|-damage|p1a: \u4e0d\u9760\u8c31\u7684\u9e1f\u54e5|76\/100\n|-supereffective|p1a: \u4e0d\u9760\u8c31\u7684\u9e1f\u54e5\n|-damage|p1a: \u4e0d\u9760\u8c31\u7684\u9e1f\u54e5|31\/100\n|-supereffective|p1a: \u4e0d\u9760\u8c31\u7684\u9e1f\u54e5\n|-damage|p1a: \u4e0d\u9760\u8c31\u7684\u9e1f\u54e5|0 fnt\n|faint|p1a: \u4e0d\u9760\u8c31\u7684\u9e1f\u54e5\n|-hitcount|p1: \u4e0d\u9760\u8c31\u7684\u9e1f\u54e5|3\n|\n|-fieldend|move: Grassy Terrain\n|upkeep\n|\n|t:|1700310910\n|switch|p1a: \u4ee4\u4eba\u5b89\u5fc3\u7684\u87b3\u8782|Scizor, M|100\/100\n|turn|24\n|\n|t:|1700310923\n|switch|p2a: Heatran|Heatran, M|100\/100\n|detailschange|p1a: \u4ee4\u4eba\u5b89\u5fc3\u7684\u87b3\u8782|Scizor-Mega, M\n|-mega|p1a: \u4ee4\u4eba\u5b89\u5fc3\u7684\u87b3\u8782|Scizor|Scizorite\n|move|p1a: \u4ee4\u4eba\u5b89\u5fc3\u7684\u87b3\u8782|U-turn|p2a: Heatran\n|-resisted|p2a: Heatran\n|-damage|p2a: Heatran|94\/100\n|\n|t:|1700310929\n|switch|p1a: \u770b\u8d77\u6765\u6ca1\u5565\u4f24\u5bb3\u4f46\u4f24\u5bb3\u7206\u70b8\u7684\u72b8\u7ebd\u62c9|Weavile, M|100\/100|[from] U-turn\n|-ability|p1a: \u770b\u8d77\u6765\u6ca1\u5565\u4f24\u5bb3\u4f46\u4f24\u5bb3\u7206\u70b8\u7684\u72b8\u7ebd\u62c9|Pressure\n|\n|-heal|p2a: Heatran|99\/100|[from] item: Leftovers\n|upkeep\n|turn|25\n|\n|t:|1700310952\n|-terastallize|p1a: \u770b\u8d77\u6765\u6ca1\u5565\u4f24\u5bb3\u4f46\u4f24\u5bb3\u7206\u70b8\u7684\u72b8\u7ebd\u62c9|Dark\n|move|p1a: \u770b\u8d77\u6765\u6ca1\u5565\u4f24\u5bb3\u4f46\u4f24\u5bb3\u7206\u70b8\u7684\u72b8\u7ebd\u62c9|Knock Off|p2a: Heatran\n|-damage|p2a: Heatran|24\/100\n|-enditem|p2a: Heatran|Leftovers|[from] move: Knock Off|[of] p1a: \u770b\u8d77\u6765\u6ca1\u5565\u4f24\u5bb3\u4f46\u4f24\u5bb3\u7206\u70b8\u7684\u72b8\u7ebd\u62c9\n|move|p2a: Heatran|Magma Storm|p1a: \u770b\u8d77\u6765\u6ca1\u5565\u4f24\u5bb3\u4f46\u4f24\u5bb3\u7206\u70b8\u7684\u72b8\u7ebd\u62c9\n|-damage|p1a: \u770b\u8d77\u6765\u6ca1\u5565\u4f24\u5bb3\u4f46\u4f24\u5bb3\u7206\u70b8\u7684\u72b8\u7ebd\u62c9|36\/100\n|-activate|p1a: \u770b\u8d77\u6765\u6ca1\u5565\u4f24\u5bb3\u4f46\u4f24\u5bb3\u7206\u70b8\u7684\u72b8\u7ebd\u62c9|move: Magma Storm|[of] p2a: Heatran\n|\n|-damage|p1a: \u770b\u8d77\u6765\u6ca1\u5565\u4f24\u5bb3\u4f46\u4f24\u5bb3\u7206\u70b8\u7684\u72b8\u7ebd\u62c9|24\/100|[from] move: Magma Storm|[partiallytrapped]\n|upkeep\n|turn|26\n|\n|t:|1700310971\n|move|p2a: Heatran|Protect|p2a: Heatran\n|-singleturn|p2a: Heatran|Protect\n|move|p1a: \u770b\u8d77\u6765\u6ca1\u5565\u4f24\u5bb3\u4f46\u4f24\u5bb3\u7206\u70b8\u7684\u72b8\u7ebd\u62c9|Knock Off|p2a: Heatran\n|-activate|p2a: Heatran|move: Protect\n|\n|-damage|p1a: \u770b\u8d77\u6765\u6ca1\u5565\u4f24\u5bb3\u4f46\u4f24\u5bb3\u7206\u70b8\u7684\u72b8\u7ebd\u62c9|12\/100|[from] move: Magma Storm|[partiallytrapped]\n|upkeep\n|turn|27\n|\n|t:|1700310978\n|move|p2a: Heatran|Protect||[still]\n|-fail|p2a: Heatran\n|move|p1a: \u770b\u8d77\u6765\u6ca1\u5565\u4f24\u5bb3\u4f46\u4f24\u5bb3\u7206\u70b8\u7684\u72b8\u7ebd\u62c9|Knock Off|p2a: Heatran\n|-damage|p2a: Heatran|0 fnt\n|faint|p2a: Heatran\n|\n|-end|p1a: \u770b\u8d77\u6765\u6ca1\u5565\u4f24\u5bb3\u4f46\u4f24\u5bb3\u7206\u70b8\u7684\u72b8\u7ebd\u62c9|Magma Storm|[partiallytrapped]|[silent]\n|upkeep\n|inactive|zhiwa1 has 60 seconds left.\n|\n|t:|1700310998\n|switch|p2a: Landorus|Landorus-Therian, M|100\/100\n|-ability|p2a: Landorus|Intimidate|boost\n|-unboost|p1a: \u770b\u8d77\u6765\u6ca1\u5565\u4f24\u5bb3\u4f46\u4f24\u5bb3\u7206\u70b8\u7684\u72b8\u7ebd\u62c9|atk|1\n|turn|28\n|inactive|zhiwa1 has 60 seconds left.\n|\n|t:|1700311010\n|switch|p1a: \u6298\u8fd4\u6298\u8fd4|Alomomola, M|83\/100 par\n|-terastallize|p2a: Landorus|Water\n|move|p2a: Landorus|U-turn|p1a: \u6298\u8fd4\u6298\u8fd4\n|-damage|p1a: \u6298\u8fd4\u6298\u8fd4|71\/100 par\n|\n|t:|1700311023\n|switch|p2a: Zapdos|Zapdos|89\/100|[from] U-turn\n|\n|upkeep\n|turn|29\n|\n|t:|1700311030\n|switch|p1a: \u7a7a\u6709\u529b\u5ea6\u6253\u4e0d\u51fa\u4f24\u5bb3\u7684fw|Ursaluna, F|100\/100\n|move|p2a: Zapdos|Volt Switch|p1a: \u7a7a\u6709\u529b\u5ea6\u6253\u4e0d\u51fa\u4f24\u5bb3\u7684fw\n|-immune|p1a: \u7a7a\u6709\u529b\u5ea6\u6253\u4e0d\u51fa\u4f24\u5bb3\u7684fw\n|\n|-status|p1a: \u7a7a\u6709\u529b\u5ea6\u6253\u4e0d\u51fa\u4f24\u5bb3\u7684fw|brn|[from] item: Flame Orb\n|upkeep\n|turn|30\n|inactive|zhiwa1 has 60 seconds left.\n|\n|t:|1700311056\n|move|p2a: Zapdos|Roost|p2a: Zapdos\n|-heal|p2a: Zapdos|100\/100\n|-singleturn|p2a: Zapdos|move: Roost\n|move|p1a: \u7a7a\u6709\u529b\u5ea6\u6253\u4e0d\u51fa\u4f24\u5bb3\u7684fw|Facade|p2a: Zapdos\n|-damage|p2a: Zapdos|7\/100\n|\n|-damage|p1a: \u7a7a\u6709\u529b\u5ea6\u6253\u4e0d\u51fa\u4f24\u5bb3\u7684fw|94\/100 brn|[from] brn\n|upkeep\n|turn|31\n|\n|t:|1700311068\n|move|p2a: Zapdos|Hidden Power|p1a: \u7a7a\u6709\u529b\u5ea6\u6253\u4e0d\u51fa\u4f24\u5bb3\u7684fw\n|-supereffective|p1a: \u7a7a\u6709\u529b\u5ea6\u6253\u4e0d\u51fa\u4f24\u5bb3\u7684fw\n|-damage|p1a: \u7a7a\u6709\u529b\u5ea6\u6253\u4e0d\u51fa\u4f24\u5bb3\u7684fw|62\/100 brn\n|move|p1a: \u7a7a\u6709\u529b\u5ea6\u6253\u4e0d\u51fa\u4f24\u5bb3\u7684fw|Facade|p2a: Zapdos\n|-damage|p2a: Zapdos|0 fnt\n|faint|p2a: Zapdos\n|\n|-damage|p1a: \u7a7a\u6709\u529b\u5ea6\u6253\u4e0d\u51fa\u4f24\u5bb3\u7684fw|56\/100 brn|[from] brn\n|upkeep\n|\n|t:|1700311078\n|switch|p2a: Gallade|Gallade-Mega, M, shiny|100\/100\n|turn|32\n|\n|t:|1700311086\n|move|p2a: Gallade|Close Combat|p1a: \u7a7a\u6709\u529b\u5ea6\u6253\u4e0d\u51fa\u4f24\u5bb3\u7684fw\n|-supereffective|p1a: \u7a7a\u6709\u529b\u5ea6\u6253\u4e0d\u51fa\u4f24\u5bb3\u7684fw\n|-damage|p1a: \u7a7a\u6709\u529b\u5ea6\u6253\u4e0d\u51fa\u4f24\u5bb3\u7684fw|0 fnt\n|-unboost|p2a: Gallade|def|1\n|-unboost|p2a: Gallade|spd|1\n|faint|p1a: \u7a7a\u6709\u529b\u5ea6\u6253\u4e0d\u51fa\u4f24\u5bb3\u7684fw\n|\n|upkeep\n|\n|t:|1700311090\n|switch|p1a: \u4ee4\u4eba\u5b89\u5fc3\u7684\u87b3\u8782|Scizor-Mega, M|100\/100\n|turn|33\n|\n|t:|1700311095\n|switch|p2a: Landorus|Landorus-Therian, M, tera:Water|100\/100\n|-ability|p2a: Landorus|Intimidate|boost\n|-unboost|p1a: \u4ee4\u4eba\u5b89\u5fc3\u7684\u87b3\u8782|atk|1\n|move|p1a: \u4ee4\u4eba\u5b89\u5fc3\u7684\u87b3\u8782|U-turn|p2a: Landorus\n|-damage|p2a: Landorus|83\/100\n|-damage|p1a: \u4ee4\u4eba\u5b89\u5fc3\u7684\u87b3\u8782|84\/100|[from] item: Rocky Helmet|[of] p2a: Landorus\n|\n|t:|1700311101\n|switch|p1a: \u770b\u8d77\u6765\u6ca1\u5565\u4f24\u5bb3\u4f46\u4f24\u5bb3\u7206\u70b8\u7684\u72b8\u7ebd\u62c9|Weavile, M, tera:Dark|12\/100|[from] U-turn\n|-ability|p1a: \u770b\u8d77\u6765\u6ca1\u5565\u4f24\u5bb3\u4f46\u4f24\u5bb3\u7206\u70b8\u7684\u72b8\u7ebd\u62c9|Pressure\n|\n|upkeep\n|turn|34\n|inactive|zhiwa1 has 60 seconds left.\n|\n|t:|1700311112\n|move|p1a: \u770b\u8d77\u6765\u6ca1\u5565\u4f24\u5bb3\u4f46\u4f24\u5bb3\u7206\u70b8\u7684\u72b8\u7ebd\u62c9|Knock Off|p2a: Landorus\n|-damage|p2a: Landorus|13\/100\n|-damage|p1a: \u770b\u8d77\u6765\u6ca1\u5565\u4f24\u5bb3\u4f46\u4f24\u5bb3\u7206\u70b8\u7684\u72b8\u7ebd\u62c9|0 fnt|[from] item: Rocky Helmet|[of] p2a: Landorus\n|faint|p1a: \u770b\u8d77\u6765\u6ca1\u5565\u4f24\u5bb3\u4f46\u4f24\u5bb3\u7206\u70b8\u7684\u72b8\u7ebd\u62c9\n|move|p2a: Landorus|Stealth Rock|p1: \u770b\u8d77\u6765\u6ca1\u5565\u4f24\u5bb3\u4f46\u4f24\u5bb3\u7206\u70b8\u7684\u72b8\u7ebd\u62c9\n|-sidestart|p1: haoyouganjue|move: Stealth Rock\n|\n|upkeep\n|\n|t:|1700311115\n|switch|p1a: \u4ee4\u4eba\u5b89\u5fc3\u7684\u87b3\u8782|Scizor-Mega, M|84\/100\n|-damage|p1a: \u4ee4\u4eba\u5b89\u5fc3\u7684\u87b3\u8782|72\/100|[from] Stealth Rock\n|turn|35\n|\n|t:|1700311125\n|move|p1a: \u4ee4\u4eba\u5b89\u5fc3\u7684\u87b3\u8782|Bullet Punch|p2a: Landorus\n|-resisted|p2a: Landorus\n|-damage|p2a: Landorus|2\/100\n|-damage|p1a: \u4ee4\u4eba\u5b89\u5fc3\u7684\u87b3\u8782|55\/100|[from] item: Rocky Helmet|[of] p2a: Landorus\n|move|p2a: Landorus|Earthquake|p1a: \u4ee4\u4eba\u5b89\u5fc3\u7684\u87b3\u8782\n|-damage|p1a: \u4ee4\u4eba\u5b89\u5fc3\u7684\u87b3\u8782|25\/100\n|\n|upkeep\n|turn|36\n|\n|t:|1700311138\n|move|p2a: Landorus|Earthquake|p1a: \u4ee4\u4eba\u5b89\u5fc3\u7684\u87b3\u8782\n|-damage|p1a: \u4ee4\u4eba\u5b89\u5fc3\u7684\u87b3\u8782|0 fnt\n|faint|p1a: \u4ee4\u4eba\u5b89\u5fc3\u7684\u87b3\u8782\n|\n|upkeep\n|\n|t:|1700311142\n|switch|p1a: \u6298\u8fd4\u6298\u8fd4|Alomomola, M|100\/100 par\n|turn|37\n|\n|t:|1700311148\n|move|p2a: Landorus|Earthquake|p1a: \u6298\u8fd4\u6298\u8fd4\n|-damage|p1a: \u6298\u8fd4\u6298\u8fd4|76\/100 par\n|cant|p1a: \u6298\u8fd4\u6298\u8fd4|par\n|\n|upkeep\n|turn|38\n|\n|t:|1700311157\n|move|p2a: Landorus|Earthquake|p1a: \u6298\u8fd4\u6298\u8fd4\n|-damage|p1a: \u6298\u8fd4\u6298\u8fd4|49\/100 par\n|move|p1a: \u6298\u8fd4\u6298\u8fd4|Wish|p1a: \u6298\u8fd4\u6298\u8fd4\n|\n|upkeep\n|turn|39\n|\n|t:|1700311165\n|move|p1a: \u6298\u8fd4\u6298\u8fd4|Protect|p1a: \u6298\u8fd4\u6298\u8fd4\n|-singleturn|p1a: \u6298\u8fd4\u6298\u8fd4|Protect\n|move|p2a: Landorus|Earthquake|p1a: \u6298\u8fd4\u6298\u8fd4\n|-activate|p1a: \u6298\u8fd4\u6298\u8fd4|move: Protect\n|\n|-heal|p1a: \u6298\u8fd4\u6298\u8fd4|99\/100 par|[from] move: Wish|[wisher] \u6298\u8fd4\u6298\u8fd4\n|upkeep\n|turn|40\n|\n|t:|1700311170\n|move|p2a: Landorus|Earthquake|p1a: \u6298\u8fd4\u6298\u8fd4\n|-damage|p1a: \u6298\u8fd4\u6298\u8fd4|72\/100 par\n|move|p1a: \u6298\u8fd4\u6298\u8fd4|Flip Turn|p2a: Landorus\n|-resisted|p2a: Landorus\n|-damage|p2a: Landorus|0 fnt\n|-damage|p1a: \u6298\u8fd4\u6298\u8fd4|56\/100 par|[from] item: Rocky Helmet|[of] p2a: Landorus\n|faint|p2a: Landorus\n|\n|upkeep\n|\n|t:|1700311179\n|switch|p2a: Gallade|Gallade-Mega, M, shiny|100\/100\n|turn|41\n|\n|t:|1700311187\n|move|p2a: Gallade|Zen Headbutt|p1a: \u6298\u8fd4\u6298\u8fd4\n|-damage|p1a: \u6298\u8fd4\u6298\u8fd4|28\/100 par\n|move|p1a: \u6298\u8fd4\u6298\u8fd4|Wish|p1a: \u6298\u8fd4\u6298\u8fd4\n|\n|upkeep\n|turn|42\n|\n|t:|1700311193\n|move|p1a: \u6298\u8fd4\u6298\u8fd4|Protect|p1a: \u6298\u8fd4\u6298\u8fd4\n|-singleturn|p1a: \u6298\u8fd4\u6298\u8fd4|Protect\n|move|p2a: Gallade|Swords Dance|p2a: Gallade\n|-boost|p2a: Gallade|atk|2\n|\n|-heal|p1a: \u6298\u8fd4\u6298\u8fd4|77\/100 par|[from] move: Wish|[wisher] \u6298\u8fd4\u6298\u8fd4\n|upkeep\n|turn|43\n|\n|t:|1700311201\n|move|p2a: Gallade|Zen Headbutt|p1a: \u6298\u8fd4\u6298\u8fd4\n|-damage|p1a: \u6298\u8fd4\u6298\u8fd4|23\/100 par\n|cant|p1a: \u6298\u8fd4\u6298\u8fd4|par\n|\n|upkeep\n|turn|44\n|-message|haoyouganjue forfeited.\n|\n|win|zhiwa1\n|raw|haoyouganjue's rating: 1559 &rarr; <strong>1534<\/strong><br \/>(-25 for losing)\n|raw|zhiwa1's rating: 1466 &rarr; <strong>1491<\/strong><br \/>(+25 for winning)\n|l|\u2606haoyouganjue\n","uploadtime":1700311248,"views":17,"p1id":"haoyouganjue","p2id":"zhiwa1","formatid":"gen9nationaldex","rating":1491,"private":0,"password":""}