{"id":"gen9nationaldex-1997957743","p1":"RealMobileGamer","p2":"SeanboyQ","format":"[Gen 9] National Dex","log":"|html|<div class=\"broadcast-blue\"><strong>[Gen 9] National Dex is currently suspecting Sneasler! For information on how to participate check out the <a href=\"https:\/\/www.smogon.com\/forums\/threads\/sv-national-dex-suspect-8-just-dance.3731534\/\">suspect thread<\/a>.<\/strong><\/div>\n|j|\u2606RealMobileGamer\n|j|\u2606SeanboyQ\n|t:|1700872101\n|gametype|singles\n|player|p1|RealMobileGamer|riley|1263\n|player|p2|SeanboyQ|1|1231\n|teamsize|p1|6\n|teamsize|p2|6\n|gen|9\n|tier|[Gen 9] National Dex\n|rated|\n|rule|HP Percentage Mod: HP is shown in percentages\n|rule|Endless Battle Clause: Forcing endless battles is banned\n|rule|OHKO Clause: OHKO moves are banned\n|rule|Evasion Clause: Evasion abilities, items, and moves are banned\n|rule|Evasion Abilities Clause: Evasion abilities are banned\n|rule|Evasion Items Clause: Evasion items are banned\n|rule|Evasion Moves Clause: Evasion moves are banned\n|rule|Species Clause: Limit one of each Pok\u00e9mon\n|rule|Sleep Clause Mod: Limit one foe put to sleep\n|clearpoke\n|poke|p1|Lopunny, M|\n|poke|p1|Ninetales-Alola, F|\n|poke|p1|Great Tusk|\n|poke|p1|Garganacl, F|\n|poke|p1|Toxapex, M|\n|poke|p1|Iron Valiant|\n|poke|p2|Tapu Lele|\n|poke|p2|Iron Treads|\n|poke|p2|Volcarona, M|\n|poke|p2|Milotic, M|\n|poke|p2|Hoopa-Unbound|\n|poke|p2|Miltank, F|\n|teampreview\n|inactive|Battle timer is ON: inactive players will automatically lose when time's up. (requested by RealMobileGamer)\n|\n|t:|1700872113\n|start\n|switch|p1a: Ninetales|Ninetales-Alola, F|100\/100\n|switch|p2a: Tapu Lele|Tapu Lele|100\/100\n|-weather|Snow|[from] ability: Snow Warning|[of] p1a: Ninetales\n|-fieldstart|move: Psychic Terrain|[from] ability: Psychic Surge|[of] p2a: Tapu Lele\n|turn|1\n|\n|t:|1700872131\n|move|p1a: Ninetales|Aurora Veil|p1a: Ninetales\n|-sidestart|p1: RealMobileGamer|move: Aurora Veil\n|move|p2a: Tapu Lele|Psyshock|p1a: Ninetales\n|-damage|p1a: Ninetales|58\/100\n|\n|-weather|Snow|[upkeep]\n|upkeep\n|turn|2\n|\n|t:|1700872150\n|switch|p1a: Garganacl|Garganacl, F|100\/100\n|move|p2a: Tapu Lele|Psyshock|p1a: Garganacl\n|-damage|p1a: Garganacl|75\/100\n|\n|-weather|Snow|[upkeep]\n|-heal|p1a: Garganacl|81\/100|[from] item: Leftovers\n|upkeep\n|turn|3\n|\n|t:|1700872173\n|move|p2a: Tapu Lele|Psyshock|p1a: Garganacl\n|-damage|p1a: Garganacl|55\/100\n|move|p1a: Garganacl|Salt Cure|p2a: Tapu Lele\n|-damage|p2a: Tapu Lele|78\/100\n|-start|p2a: Tapu Lele|Salt Cure\n|\n|-weather|Snow|[upkeep]\n|-heal|p1a: Garganacl|62\/100|[from] item: Leftovers\n|-damage|p2a: Tapu Lele|66\/100|[from] Salt Cure\n|upkeep\n|turn|4\n|inactive|SeanboyQ has 120 seconds left.\n|\n|t:|1700872194\n|switch|p2a: Iron Treads|Iron Treads|100\/100\n|move|p1a: Garganacl|Iron Defense|p1a: Garganacl\n|-boost|p1a: Garganacl|def|2\n|\n|-weather|Snow|[upkeep]\n|-heal|p1a: Garganacl|68\/100|[from] item: Leftovers\n|upkeep\n|turn|5\n|\n|t:|1700872204\n|move|p2a: Iron Treads|Earthquake|p1a: Garganacl\n|-supereffective|p1a: Garganacl\n|-damage|p1a: Garganacl|52\/100\n|move|p1a: Garganacl|Salt Cure|p2a: Iron Treads\n|-resisted|p2a: Iron Treads\n|-damage|p2a: Iron Treads|98\/100\n|-start|p2a: Iron Treads|Salt Cure\n|\n|-weather|none\n|-heal|p1a: Garganacl|58\/100|[from] item: Leftovers\n|-damage|p2a: Iron Treads|73\/100|[from] Salt Cure\n|-fieldend|move: Psychic Terrain\n|upkeep\n|turn|6\n|\n|t:|1700872215\n|-end|p2a: Iron Treads|Quark Drive|[silent]\n|switch|p2a: Miltank|Miltank, F|100\/100\n|move|p1a: Garganacl|Salt Cure|p2a: Miltank\n|-damage|p2a: Miltank|92\/100\n|-start|p2a: Miltank|Salt Cure\n|\n|-heal|p2a: Miltank|98\/100|[from] item: Leftovers\n|-heal|p1a: Garganacl|64\/100|[from] item: Leftovers\n|-damage|p2a: Miltank|86\/100|[from] Salt Cure\n|upkeep\n|turn|7\n|\n|t:|1700872225\n|move|p1a: Garganacl|Protect|p1a: Garganacl\n|-singleturn|p1a: Garganacl|Protect\n|move|p2a: Miltank|Toxic|p1a: Garganacl\n|-activate|p1a: Garganacl|move: Protect\n|\n|-heal|p2a: Miltank|92\/100|[from] item: Leftovers\n|-heal|p1a: Garganacl|71\/100|[from] item: Leftovers\n|-damage|p2a: Miltank|79\/100|[from] Salt Cure\n|upkeep\n|turn|8\n|\n|t:|1700872235\n|switch|p2a: Hoopa|Hoopa-Unbound|100\/100\n|move|p1a: Garganacl|Iron Defense|p1a: Garganacl\n|-boost|p1a: Garganacl|def|2\n|\n|-heal|p1a: Garganacl|77\/100|[from] item: Leftovers\n|-sideend|p1: RealMobileGamer|move: Aurora Veil\n|upkeep\n|turn|9\n|\n|t:|1700872243\n|move|p2a: Hoopa|Focus Blast|p1a: Garganacl|[miss]\n|-miss|p2a: Hoopa|p1a: Garganacl\n|move|p1a: Garganacl|Salt Cure|p2a: Hoopa\n|-damage|p2a: Hoopa|77\/100\n|-start|p2a: Hoopa|Salt Cure\n|\n|-heal|p1a: Garganacl|83\/100|[from] item: Leftovers\n|-damage|p2a: Hoopa|65\/100|[from] Salt Cure\n|upkeep\n|turn|10\n|\n|t:|1700872255\n|move|p1a: Garganacl|Protect|p1a: Garganacl\n|-singleturn|p1a: Garganacl|Protect\n|move|p2a: Hoopa|Focus Blast|p1a: Garganacl\n|-activate|p1a: Garganacl|move: Protect\n|\n|-heal|p1a: Garganacl|89\/100|[from] item: Leftovers\n|-damage|p2a: Hoopa|53\/100|[from] Salt Cure\n|upkeep\n|turn|11\n|\n|t:|1700872263\n|switch|p1a: Toxapex|Toxapex, M|100\/100\n|move|p2a: Hoopa|Focus Blast|p1a: Toxapex\n|-resisted|p1a: Toxapex\n|-damage|p1a: Toxapex|80\/100\n|\n|-heal|p1a: Toxapex|86\/100|[from] item: Black Sludge\n|-damage|p2a: Hoopa|40\/100|[from] Salt Cure\n|upkeep\n|turn|12\n|\n|t:|1700872274\n|switch|p2a: Iron Treads|Iron Treads|73\/100\n|move|p1a: Toxapex|Toxic|p2a: Iron Treads\n|-immune|p2a: Iron Treads\n|\n|-heal|p1a: Toxapex|93\/100|[from] item: Black Sludge\n|upkeep\n|turn|13\n|\n|t:|1700872283\n|-end|p2a: Iron Treads|Quark Drive|[silent]\n|switch|p2a: Tapu Lele|Tapu Lele|66\/100\n|-fieldstart|move: Psychic Terrain|[from] ability: Psychic Surge|[of] p2a: Tapu Lele\n|switch|p1a: Great Tusk|Great Tusk|100\/100\n|\n|upkeep\n|turn|14\n|\n|t:|1700872290\n|-end|p1a: Great Tusk|Protosynthesis|[silent]\n|switch|p1a: Garganacl|Garganacl, F|89\/100\n|move|p2a: Tapu Lele|Moonblast|p1a: Garganacl\n|-damage|p1a: Garganacl|41\/100\n|\n|-heal|p1a: Garganacl|47\/100|[from] item: Leftovers\n|upkeep\n|turn|15\n|\n|t:|1700872297\n|move|p1a: Garganacl|Protect|p1a: Garganacl\n|-singleturn|p1a: Garganacl|Protect\n|move|p2a: Tapu Lele|Moonblast|p1a: Garganacl\n|-activate|p1a: Garganacl|move: Protect\n|\n|-heal|p1a: Garganacl|53\/100|[from] item: Leftovers\n|upkeep\n|turn|16\n|\n|t:|1700872305\n|move|p2a: Tapu Lele|Moonblast|p1a: Garganacl\n|-damage|p1a: Garganacl|0 fnt\n|faint|p1a: Garganacl\n|\n|upkeep\n|\n|t:|1700872313\n|switch|p1a: Lopunny|Lopunny, M|100\/100\n|turn|17\n|\n|t:|1700872320\n|detailschange|p1a: Lopunny|Lopunny-Mega, M\n|-mega|p1a: Lopunny|Lopunny|Lopunnite\n|move|p1a: Lopunny|U-turn|p2a: Tapu Lele\n|-damage|p2a: Tapu Lele|26\/100\n|\n|t:|1700872328\n|switch|p1a: Toxapex|Toxapex, M|100\/100|[from] U-turn\n|move|p2a: Tapu Lele|Moonblast|p1a: Toxapex\n|-resisted|p1a: Toxapex\n|-damage|p1a: Toxapex|70\/100\n|-unboost|p1a: Toxapex|spa|1\n|\n|-heal|p1a: Toxapex|76\/100|[from] item: Black Sludge\n|-fieldend|move: Psychic Terrain\n|upkeep\n|turn|18\n|\n|t:|1700872342\n|switch|p2a: Hoopa|Hoopa-Unbound|40\/100\n|switch|p1a: Great Tusk|Great Tusk|100\/100\n|\n|upkeep\n|turn|19\n|\n|t:|1700872354\n|move|p2a: Hoopa|Psychic|p1a: Great Tusk\n|-supereffective|p1a: Great Tusk\n|-damage|p1a: Great Tusk|1\/100\n|move|p1a: Great Tusk|Close Combat|p2a: Hoopa\n|-damage|p2a: Hoopa|0 fnt\n|-unboost|p1a: Great Tusk|def|1\n|-unboost|p1a: Great Tusk|spd|1\n|faint|p2a: Hoopa\n|\n|upkeep\n|\n|t:|1700872369\n|switch|p2a: Iron Treads|Iron Treads|73\/100\n|turn|20\n|\n|t:|1700872375\n|move|p2a: Iron Treads|Earthquake|p1a: Great Tusk\n|-damage|p1a: Great Tusk|0 fnt\n|faint|p1a: Great Tusk\n|-end|p1a: Great Tusk|Protosynthesis|[silent]\n|\n|upkeep\n|\n|t:|1700872380\n|switch|p1a: Iron Valiant|Iron Valiant|100\/100\n|-enditem|p1a: Iron Valiant|Booster Energy\n|-activate|p1a: Iron Valiant|ability: Quark Drive|[fromitem]\n|-start|p1a: Iron Valiant|quarkdrivespe\n|turn|21\n|\n|t:|1700872396\n|-end|p2a: Iron Treads|Quark Drive|[silent]\n|switch|p2a: Volcarona|Volcarona, M|100\/100\n|move|p1a: Iron Valiant|Moonblast|p2a: Volcarona\n|-resisted|p2a: Volcarona\n|-damage|p2a: Volcarona|79\/100\n|-unboost|p2a: Volcarona|spa|1\n|\n|upkeep\n|turn|22\n|\n|t:|1700872422\n|move|p1a: Iron Valiant|Psyshock|p2a: Volcarona\n|-damage|p2a: Volcarona|50\/100\n|move|p2a: Volcarona|Quiver Dance|p2a: Volcarona\n|-boost|p2a: Volcarona|spa|1\n|-boost|p2a: Volcarona|spd|1\n|-boost|p2a: Volcarona|spe|1\n|\n|upkeep\n|turn|23\n|\n|t:|1700872436\n|-end|p1a: Iron Valiant|Quark Drive|[silent]\n|switch|p1a: Toxapex|Toxapex, M|100\/100\n|move|p2a: Volcarona|Roost|p2a: Volcarona\n|-heal|p2a: Volcarona|99\/100\n|-singleturn|p2a: Volcarona|move: Roost\n|\n|upkeep\n|turn|24\n|\n|t:|1700872460\n|switch|p2a: Tapu Lele|Tapu Lele|26\/100\n|-fieldstart|move: Psychic Terrain|[from] ability: Psychic Surge|[of] p2a: Tapu Lele\n|move|p1a: Toxapex|Scald|p2a: Tapu Lele\n|-damage|p2a: Tapu Lele|9\/100\n|-status|p2a: Tapu Lele|brn\n|\n|-damage|p2a: Tapu Lele|3\/100 brn|[from] brn\n|upkeep\n|turn|25\n|\n|t:|1700872473\n|move|p1a: Toxapex|Baneful Bunker|p1a: Toxapex\n|-singleturn|p1a: Toxapex|move: Protect\n|move|p2a: Tapu Lele|Psychic|p1a: Toxapex\n|-activate|p1a: Toxapex|move: Protect\n|\n|-damage|p2a: Tapu Lele|0 fnt|[from] brn\n|faint|p2a: Tapu Lele\n|upkeep\n|inactive|SeanboyQ has 120 seconds left.\n|\n|t:|1700872487\n|switch|p2a: Iron Treads|Iron Treads|73\/100\n|turn|26\n|\n|t:|1700872492\n|switch|p1a: Ninetales|Ninetales-Alola, F|58\/100\n|-weather|Snow|[from] ability: Snow Warning|[of] p1a: Ninetales\n|move|p2a: Iron Treads|Earthquake|p1a: Ninetales\n|-damage|p1a: Ninetales|7\/100\n|\n|-weather|Snow|[upkeep]\n|upkeep\n|turn|27\n|\n|t:|1700872502\n|move|p1a: Ninetales|Aurora Veil|p1a: Ninetales\n|-sidestart|p1: RealMobileGamer|move: Aurora Veil\n|move|p2a: Iron Treads|Stealth Rock|p1a: Ninetales\n|-sidestart|p1: RealMobileGamer|move: Stealth Rock\n|\n|-weather|Snow|[upkeep]\n|upkeep\n|turn|28\n|\n|t:|1700872510\n|move|p1a: Ninetales|Blizzard|p2a: Iron Treads\n|-damage|p2a: Iron Treads|13\/100\n|move|p2a: Iron Treads|Rapid Spin|p1a: Ninetales\n|-damage|p1a: Ninetales|0 fnt\n|-boost|p2a: Iron Treads|spe|1\n|faint|p1a: Ninetales\n|\n|-weather|Snow|[upkeep]\n|-fieldend|move: Psychic Terrain\n|upkeep\n|\n|t:|1700872517\n|switch|p1a: Lopunny|Lopunny-Mega, M|100\/100\n|-damage|p1a: Lopunny|95\/100|[from] Stealth Rock\n|turn|29\n|\n|t:|1700872528\n|move|p1a: Lopunny|Fake Out|p2a: Iron Treads\n|-resisted|p2a: Iron Treads\n|-damage|p2a: Iron Treads|2\/100\n|cant|p2a: Iron Treads|flinch\n|\n|-weather|Snow|[upkeep]\n|upkeep\n|turn|30\n|\n|t:|1700872536\n|move|p2a: Iron Treads|Earthquake|p1a: Lopunny\n|-damage|p1a: Lopunny|64\/100\n|move|p1a: Lopunny|U-turn|p2a: Iron Treads\n|-resisted|p2a: Iron Treads\n|-damage|p2a: Iron Treads|0 fnt\n|faint|p2a: Iron Treads\n|-end|p2a: Iron Treads|Quark Drive|[silent]\n|\n|t:|1700872539\n|switch|p1a: Toxapex|Toxapex, M|100\/100|[from] U-turn\n|-damage|p1a: Toxapex|88\/100|[from] Stealth Rock\n|\n|-weather|none\n|-heal|p1a: Toxapex|94\/100|[from] item: Black Sludge\n|upkeep\n|\n|t:|1700872548\n|switch|p2a: Milotic|Milotic, M|100\/100\n|turn|31\n|\n|t:|1700872552\n|move|p2a: Milotic|Scald|p1a: Toxapex\n|-resisted|p1a: Toxapex\n|-damage|p1a: Toxapex|88\/100\n|-status|p1a: Toxapex|brn\n|move|p1a: Toxapex|Toxic|p2a: Milotic\n|-status|p2a: Milotic|tox\n|\n|-heal|p1a: Toxapex|95\/100 brn|[from] item: Black Sludge\n|-damage|p2a: Milotic|94\/100 tox|[from] psn\n|-damage|p1a: Toxapex|88\/100 brn|[from] brn\n|upkeep\n|turn|32\n|\n|t:|1700872562\n|move|p2a: Milotic|Refresh|p2a: Milotic\n|-curestatus|p2a: Milotic|tox|[msg]\n|move|p1a: Toxapex|Scald|p2a: Milotic\n|-resisted|p2a: Milotic\n|-damage|p2a: Milotic|90\/100\n|\n|-heal|p2a: Milotic|96\/100|[from] item: Leftovers\n|-heal|p1a: Toxapex|95\/100 brn|[from] item: Black Sludge\n|-damage|p1a: Toxapex|88\/100 brn|[from] brn\n|upkeep\n|turn|33\n|\n|t:|1700872575\n|move|p2a: Milotic|Scald|p1a: Toxapex\n|-resisted|p1a: Toxapex\n|-damage|p1a: Toxapex|83\/100 brn\n|move|p1a: Toxapex|Toxic|p2a: Milotic\n|-status|p2a: Milotic|tox\n|\n|-heal|p2a: Milotic|100\/100 tox|[from] item: Leftovers\n|-heal|p1a: Toxapex|89\/100 brn|[from] item: Black Sludge\n|-damage|p2a: Milotic|94\/100 tox|[from] psn\n|-damage|p1a: Toxapex|83\/100 brn|[from] brn\n|upkeep\n|turn|34\n|\n|t:|1700872586\n|move|p2a: Milotic|Refresh|p2a: Milotic\n|-curestatus|p2a: Milotic|tox|[msg]\n|move|p1a: Toxapex|Toxic|p2a: Milotic\n|-status|p2a: Milotic|tox\n|\n|-heal|p2a: Milotic|100\/100 tox|[from] item: Leftovers\n|-heal|p1a: Toxapex|89\/100 brn|[from] item: Black Sludge\n|-damage|p2a: Milotic|94\/100 tox|[from] psn\n|-damage|p1a: Toxapex|83\/100 brn|[from] brn\n|-sideend|p1: RealMobileGamer|move: Aurora Veil\n|upkeep\n|turn|35\n|\n|t:|1700872593\n|switch|p1a: Iron Valiant|Iron Valiant|100\/100\n|-damage|p1a: Iron Valiant|94\/100|[from] Stealth Rock\n|move|p2a: Milotic|Refresh|p2a: Milotic\n|-curestatus|p2a: Milotic|tox|[msg]\n|\n|-heal|p2a: Milotic|100\/100|[from] item: Leftovers\n|upkeep\n|turn|36\n|\n|t:|1700872598\n|move|p1a: Iron Valiant|Thunderbolt|p2a: Milotic\n|-supereffective|p2a: Milotic\n|-damage|p2a: Milotic|65\/100\n|move|p2a: Milotic|Toxic|p1a: Iron Valiant\n|-status|p1a: Iron Valiant|tox\n|\n|-heal|p2a: Milotic|72\/100|[from] item: Leftovers\n|-damage|p1a: Iron Valiant|88\/100 tox|[from] psn\n|upkeep\n|turn|37\n|\n|t:|1700872606\n|-end|p1a: Iron Valiant|Quark Drive|[silent]\n|switch|p1a: Toxapex|Toxapex, M|100\/100 brn\n|-damage|p1a: Toxapex|88\/100 brn|[from] Stealth Rock\n|move|p2a: Milotic|Recover|p2a: Milotic\n|-heal|p2a: Milotic|100\/100\n|\n|-heal|p1a: Toxapex|94\/100 brn|[from] item: Black Sludge\n|-damage|p1a: Toxapex|88\/100 brn|[from] brn\n|upkeep\n|turn|38\n|\n|t:|1700872620\n|move|p2a: Milotic|Scald|p1a: Toxapex\n|-resisted|p1a: Toxapex\n|-damage|p1a: Toxapex|77\/100 brn\n|move|p1a: Toxapex|Toxic|p2a: Milotic\n|-status|p2a: Milotic|tox\n|\n|-heal|p1a: Toxapex|83\/100 brn|[from] item: Black Sludge\n|-damage|p2a: Milotic|94\/100 tox|[from] psn\n|-damage|p1a: Toxapex|77\/100 brn|[from] brn\n|upkeep\n|turn|39\n|\n|t:|1700872630\n|move|p2a: Milotic|Refresh|p2a: Milotic\n|-curestatus|p2a: Milotic|tox|[msg]\n|move|p1a: Toxapex|Scald|p2a: Milotic\n|-resisted|p2a: Milotic\n|-damage|p2a: Milotic|90\/100\n|-status|p2a: Milotic|brn\n|\n|-heal|p2a: Milotic|96\/100 brn|[from] item: Leftovers\n|-heal|p1a: Toxapex|83\/100 brn|[from] item: Black Sludge\n|-damage|p2a: Milotic|90\/100 brn|[from] brn\n|-damage|p1a: Toxapex|77\/100 brn|[from] brn\n|upkeep\n|turn|40\n|\n|t:|1700872641\n|switch|p1a: Lopunny|Lopunny-Mega, M|64\/100\n|-damage|p1a: Lopunny|58\/100|[from] Stealth Rock\n|move|p2a: Milotic|Scald|p1a: Lopunny\n|-damage|p1a: Lopunny|19\/100\n|-status|p1a: Lopunny|brn\n|\n|-heal|p2a: Milotic|96\/100 brn|[from] item: Leftovers\n|-damage|p1a: Lopunny|13\/100 brn|[from] brn\n|-damage|p2a: Milotic|90\/100 brn|[from] brn\n|upkeep\n|turn|41\n|\n|t:|1700872651\n|move|p1a: Lopunny|Fake Out|p2a: Milotic\n|-damage|p2a: Milotic|83\/100 brn\n|cant|p2a: Milotic|flinch\n|\n|-heal|p2a: Milotic|89\/100 brn|[from] item: Leftovers\n|-damage|p1a: Lopunny|8\/100 brn|[from] brn\n|-damage|p2a: Milotic|83\/100 brn|[from] brn\n|upkeep\n|turn|42\n|\n|t:|1700872660\n|move|p1a: Lopunny|Close Combat|p2a: Milotic\n|-damage|p2a: Milotic|64\/100 brn\n|-unboost|p1a: Lopunny|def|1\n|-unboost|p1a: Lopunny|spd|1\n|move|p2a: Milotic|Scald|p1a: Lopunny\n|-damage|p1a: Lopunny|0 fnt\n|faint|p1a: Lopunny\n|\n|-heal|p2a: Milotic|71\/100 brn|[from] item: Leftovers\n|-damage|p2a: Milotic|64\/100 brn|[from] brn\n|upkeep\n|\n|t:|1700872662\n|switch|p1a: Iron Valiant|Iron Valiant|88\/100 tox\n|-damage|p1a: Iron Valiant|82\/100 tox|[from] Stealth Rock\n|turn|43\n|\n|t:|1700872673\n|-terastallize|p1a: Iron Valiant|Electric\n|move|p1a: Iron Valiant|Thunderbolt|p2a: Milotic\n|-supereffective|p2a: Milotic\n|-damage|p2a: Milotic|13\/100 brn\n|move|p2a: Milotic|Recover|p2a: Milotic\n|-heal|p2a: Milotic|63\/100 brn\n|\n|-heal|p2a: Milotic|69\/100 brn|[from] item: Leftovers\n|-damage|p1a: Iron Valiant|76\/100 tox|[from] psn\n|-damage|p2a: Milotic|63\/100 brn|[from] brn\n|upkeep\n|turn|44\n|\n|t:|1700872690\n|move|p1a: Iron Valiant|Thunderbolt|p2a: Milotic\n|-supereffective|p2a: Milotic\n|-damage|p2a: Milotic|14\/100 brn\n|move|p2a: Milotic|Recover|p2a: Milotic\n|-heal|p2a: Milotic|64\/100 brn\n|\n|-heal|p2a: Milotic|70\/100 brn|[from] item: Leftovers\n|-damage|p1a: Iron Valiant|63\/100 tox|[from] psn\n|-damage|p2a: Milotic|64\/100 brn|[from] brn\n|upkeep\n|turn|45\n|\n|t:|1700872699\n|move|p1a: Iron Valiant|Thunderbolt|p2a: Milotic\n|-supereffective|p2a: Milotic\n|-damage|p2a: Milotic|17\/100 brn\n|move|p2a: Milotic|Recover|p2a: Milotic\n|-heal|p2a: Milotic|67\/100 brn\n|\n|-heal|p2a: Milotic|73\/100 brn|[from] item: Leftovers\n|-damage|p1a: Iron Valiant|44\/100 tox|[from] psn\n|-damage|p2a: Milotic|67\/100 brn|[from] brn\n|upkeep\n|turn|46\n|\n|t:|1700872709\n|-end|p1a: Iron Valiant|Quark Drive|[silent]\n|switch|p1a: Toxapex|Toxapex, M|100\/100 brn\n|-damage|p1a: Toxapex|88\/100 brn|[from] Stealth Rock\n|move|p2a: Milotic|Recover|p2a: Milotic\n|-heal|p2a: Milotic|100\/100 brn\n|\n|-heal|p1a: Toxapex|94\/100 brn|[from] item: Black Sludge\n|-damage|p2a: Milotic|94\/100 brn|[from] brn\n|-damage|p1a: Toxapex|88\/100 brn|[from] brn\n|upkeep\n|turn|47\n|\n|t:|1700872718\n|move|p2a: Milotic|Refresh|p2a: Milotic\n|-curestatus|p2a: Milotic|brn|[msg]\n|move|p1a: Toxapex|Scald|p2a: Milotic\n|-resisted|p2a: Milotic\n|-damage|p2a: Milotic|90\/100\n|-status|p2a: Milotic|brn\n|\n|-heal|p2a: Milotic|96\/100 brn|[from] item: Leftovers\n|-heal|p1a: Toxapex|94\/100 brn|[from] item: Black Sludge\n|-damage|p2a: Milotic|90\/100 brn|[from] brn\n|-damage|p1a: Toxapex|88\/100 brn|[from] brn\n|upkeep\n|turn|48\n|\n|t:|1700872730\n|move|p2a: Milotic|Refresh|p2a: Milotic\n|-curestatus|p2a: Milotic|brn|[msg]\n|move|p1a: Toxapex|Scald|p2a: Milotic\n|-resisted|p2a: Milotic\n|-damage|p2a: Milotic|85\/100\n|\n|-heal|p2a: Milotic|91\/100|[from] item: Leftovers\n|-heal|p1a: Toxapex|94\/100 brn|[from] item: Black Sludge\n|-damage|p1a: Toxapex|88\/100 brn|[from] brn\n|upkeep\n|turn|49\n|\n|t:|1700872744\n|switch|p2a: Miltank|Miltank, F|79\/100\n|move|p1a: Toxapex|Toxic|p2a: Miltank\n|-status|p2a: Miltank|tox\n|\n|-heal|p2a: Miltank|86\/100 tox|[from] item: Leftovers\n|-heal|p1a: Toxapex|94\/100 brn|[from] item: Black Sludge\n|-damage|p2a: Miltank|79\/100 tox|[from] psn\n|-damage|p1a: Toxapex|88\/100 brn|[from] brn\n|upkeep\n|turn|50\n|\n|t:|1700872756\n|move|p1a: Toxapex|Baneful Bunker|p1a: Toxapex\n|-singleturn|p1a: Toxapex|move: Protect\n|move|p2a: Miltank|Heal Bell|p2a: Miltank\n|-activate|p2a: Miltank|move: Heal Bell\n|-curestatus|p2a: Miltank|tox|[msg]\n|\n|-heal|p2a: Miltank|86\/100|[from] item: Leftovers\n|-heal|p1a: Toxapex|94\/100 brn|[from] item: Black Sludge\n|-damage|p1a: Toxapex|88\/100 brn|[from] brn\n|upkeep\n|turn|51\n|\n|t:|1700872766\n|move|p2a: Miltank|Return|p1a: Toxapex\n|-damage|p1a: Toxapex|69\/100 brn\n|move|p1a: Toxapex|Toxic|p2a: Miltank\n|-status|p2a: Miltank|tox\n|\n|-heal|p2a: Miltank|92\/100 tox|[from] item: Leftovers\n|-heal|p1a: Toxapex|75\/100 brn|[from] item: Black Sludge\n|-damage|p2a: Miltank|86\/100 tox|[from] psn\n|-damage|p1a: Toxapex|69\/100 brn|[from] brn\n|upkeep\n|turn|52\n|\n|t:|1700872777\n|move|p2a: Miltank|Heal Bell|p2a: Miltank\n|-activate|p2a: Miltank|move: Heal Bell\n|-curestatus|p2a: Miltank|tox|[msg]\n|move|p1a: Toxapex|Scald|p2a: Miltank\n|-damage|p2a: Miltank|67\/100\n|-status|p2a: Miltank|brn\n|\n|-heal|p2a: Miltank|73\/100 brn|[from] item: Leftovers\n|-heal|p1a: Toxapex|75\/100 brn|[from] item: Black Sludge\n|-damage|p2a: Miltank|67\/100 brn|[from] brn\n|-damage|p1a: Toxapex|69\/100 brn|[from] brn\n|upkeep\n|turn|53\n|\n|t:|1700872790\n|move|p2a: Miltank|Milk Drink|p2a: Miltank\n|-heal|p2a: Miltank|100\/100 brn\n|move|p1a: Toxapex|Scald|p2a: Miltank\n|-damage|p2a: Miltank|82\/100 brn\n|\n|-heal|p2a: Miltank|88\/100 brn|[from] item: Leftovers\n|-heal|p1a: Toxapex|75\/100 brn|[from] item: Black Sludge\n|-damage|p2a: Miltank|82\/100 brn|[from] brn\n|-damage|p1a: Toxapex|69\/100 brn|[from] brn\n|upkeep\n|turn|54\n|\n|t:|1700872800\n|move|p1a: Toxapex|Baneful Bunker|p1a: Toxapex\n|-singleturn|p1a: Toxapex|move: Protect\n|move|p2a: Miltank|Heal Bell|p2a: Miltank\n|-activate|p2a: Miltank|move: Heal Bell\n|-curestatus|p2a: Miltank|brn|[msg]\n|\n|-heal|p2a: Miltank|88\/100|[from] item: Leftovers\n|-heal|p1a: Toxapex|75\/100 brn|[from] item: Black Sludge\n|-damage|p1a: Toxapex|69\/100 brn|[from] brn\n|upkeep\n|turn|55\n|\n|t:|1700872812\n|move|p2a: Miltank|Return|p1a: Toxapex\n|-damage|p1a: Toxapex|52\/100 brn\n|move|p1a: Toxapex|Scald|p2a: Miltank\n|-damage|p2a: Miltank|70\/100\n|-status|p2a: Miltank|brn\n|\n|-heal|p2a: Miltank|76\/100 brn|[from] item: Leftovers\n|-heal|p1a: Toxapex|59\/100 brn|[from] item: Black Sludge\n|-damage|p2a: Miltank|70\/100 brn|[from] brn\n|-damage|p1a: Toxapex|52\/100 brn|[from] brn\n|upkeep\n|turn|56\n|\n|t:|1700872824\n|move|p2a: Miltank|Return|p1a: Toxapex\n|-damage|p1a: Toxapex|44\/100 brn\n|move|p1a: Toxapex|Scald|p2a: Miltank\n|-damage|p2a: Miltank|51\/100 brn\n|\n|-heal|p2a: Miltank|57\/100 brn|[from] item: Leftovers\n|-heal|p1a: Toxapex|50\/100 brn|[from] item: Black Sludge\n|-damage|p2a: Miltank|51\/100 brn|[from] brn\n|-damage|p1a: Toxapex|44\/100 brn|[from] brn\n|upkeep\n|turn|57\n|\n|t:|1700872834\n|move|p1a: Toxapex|Baneful Bunker|p1a: Toxapex\n|-singleturn|p1a: Toxapex|move: Protect\n|move|p2a: Miltank|Milk Drink|p2a: Miltank\n|-heal|p2a: Miltank|100\/100 brn\n|\n|-heal|p1a: Toxapex|50\/100 brn|[from] item: Black Sludge\n|-damage|p2a: Miltank|94\/100 brn|[from] brn\n|-damage|p1a: Toxapex|44\/100 brn|[from] brn\n|upkeep\n|turn|58\n|\n|t:|1700872844\n|move|p1a: Toxapex|Baneful Bunker||[still]\n|-fail|p1a: Toxapex\n|move|p2a: Miltank|Heal Bell|p2a: Miltank\n|-activate|p2a: Miltank|move: Heal Bell\n|-curestatus|p2a: Miltank|brn|[msg]\n|\n|-heal|p2a: Miltank|100\/100|[from] item: Leftovers\n|-heal|p1a: Toxapex|50\/100 brn|[from] item: Black Sludge\n|-damage|p1a: Toxapex|44\/100 brn|[from] brn\n|upkeep\n|turn|59\n|\n|t:|1700872853\n|move|p2a: Miltank|Return|p1a: Toxapex\n|-damage|p1a: Toxapex|26\/100 brn\n|move|p1a: Toxapex|Scald|p2a: Miltank\n|-damage|p2a: Miltank|81\/100\n|-status|p2a: Miltank|brn\n|\n|-heal|p2a: Miltank|88\/100 brn|[from] item: Leftovers\n|-heal|p1a: Toxapex|33\/100 brn|[from] item: Black Sludge\n|-damage|p2a: Miltank|81\/100 brn|[from] brn\n|-damage|p1a: Toxapex|26\/100 brn|[from] brn\n|upkeep\n|turn|60\n|\n|t:|1700872858\n|move|p2a: Miltank|Heal Bell|p2a: Miltank\n|-activate|p2a: Miltank|move: Heal Bell\n|-curestatus|p2a: Miltank|brn|[msg]\n|move|p1a: Toxapex|Scald|p2a: Miltank\n|-damage|p2a: Miltank|60\/100\n|-status|p2a: Miltank|brn\n|\n|-heal|p2a: Miltank|66\/100 brn|[from] item: Leftovers\n|-heal|p1a: Toxapex|33\/100 brn|[from] item: Black Sludge\n|-damage|p2a: Miltank|60\/100 brn|[from] brn\n|-damage|p1a: Toxapex|26\/100 brn|[from] brn\n|upkeep\n|turn|61\n|\n|t:|1700872869\n|move|p2a: Miltank|Heal Bell|p2a: Miltank\n|-activate|p2a: Miltank|move: Heal Bell\n|-curestatus|p2a: Miltank|brn|[msg]\n|move|p1a: Toxapex|Scald|p2a: Miltank\n|-damage|p2a: Miltank|42\/100\n|-status|p2a: Miltank|brn\n|\n|-heal|p2a: Miltank|48\/100 brn|[from] item: Leftovers\n|-heal|p1a: Toxapex|33\/100 brn|[from] item: Black Sludge\n|-damage|p2a: Miltank|42\/100 brn|[from] brn\n|-damage|p1a: Toxapex|26\/100 brn|[from] brn\n|upkeep\n|turn|62\n|\n|t:|1700872872\n|move|p2a: Miltank|Heal Bell|p2a: Miltank\n|-activate|p2a: Miltank|move: Heal Bell\n|-curestatus|p2a: Miltank|brn|[msg]\n|move|p1a: Toxapex|Scald|p2a: Miltank\n|-damage|p2a: Miltank|23\/100\n|-status|p2a: Miltank|brn\n|\n|-heal|p2a: Miltank|29\/100 brn|[from] item: Leftovers\n|-heal|p1a: Toxapex|33\/100 brn|[from] item: Black Sludge\n|-damage|p2a: Miltank|23\/100 brn|[from] brn\n|-damage|p1a: Toxapex|26\/100 brn|[from] brn\n|upkeep\n|turn|63\n|\n|t:|1700872884\n|switch|p1a: Iron Valiant|Iron Valiant, tera:Electric|44\/100 tox\n|-damage|p1a: Iron Valiant|32\/100 tox|[from] Stealth Rock\n|move|p2a: Miltank|Milk Drink|p2a: Miltank\n|-heal|p2a: Miltank|73\/100 brn\n|\n|-heal|p2a: Miltank|79\/100 brn|[from] item: Leftovers\n|-damage|p1a: Iron Valiant|26\/100 tox|[from] psn\n|-damage|p2a: Miltank|73\/100 brn|[from] brn\n|upkeep\n|turn|64\n|\n|t:|1700872899\n|switch|p2a: Milotic|Milotic, M|91\/100\n|move|p1a: Iron Valiant|Thunderbolt|p2a: Milotic\n|-supereffective|p2a: Milotic\n|-damage|p2a: Milotic|40\/100\n|\n|-heal|p2a: Milotic|46\/100|[from] item: Leftovers\n|-damage|p1a: Iron Valiant|13\/100 tox|[from] psn\n|upkeep\n|turn|65\n|\n|t:|1700872910\n|switch|p2a: Miltank|Miltank, F|73\/100 brn\n|move|p1a: Iron Valiant|Thunderbolt|p2a: Miltank\n|-crit|p2a: Miltank\n|-damage|p2a: Miltank|0 fnt\n|faint|p2a: Miltank\n|\n|-damage|p1a: Iron Valiant|0 fnt|[from] psn\n|faint|p1a: Iron Valiant\n|-end|p1a: Iron Valiant|Quark Drive|[silent]\n|upkeep\n|\n|t:|1700872920\n|switch|p1a: Toxapex|Toxapex, M|60\/100 brn\n|switch|p2a: Milotic|Milotic, M|46\/100\n|-damage|p1a: Toxapex|47\/100 brn|[from] Stealth Rock\n|turn|66\n|\n|t:|1700872928\n|move|p2a: Milotic|Recover|p2a: Milotic\n|-heal|p2a: Milotic|96\/100\n|move|p1a: Toxapex|Toxic|p2a: Milotic\n|-status|p2a: Milotic|tox\n|\n|-heal|p2a: Milotic|100\/100 tox|[from] item: Leftovers\n|-heal|p1a: Toxapex|53\/100 brn|[from] item: Black Sludge\n|-damage|p2a: Milotic|94\/100 tox|[from] psn\n|-damage|p1a: Toxapex|47\/100 brn|[from] brn\n|upkeep\n|turn|67\n|\n|t:|1700872933\n|move|p2a: Milotic|Refresh|p2a: Milotic\n|-curestatus|p2a: Milotic|tox|[msg]\n|move|p1a: Toxapex|Scald|p2a: Milotic\n|-resisted|p2a: Milotic\n|-damage|p2a: Milotic|90\/100\n|\n|-heal|p2a: Milotic|96\/100|[from] item: Leftovers\n|-heal|p1a: Toxapex|53\/100 brn|[from] item: Black Sludge\n|-damage|p1a: Toxapex|47\/100 brn|[from] brn\n|upkeep\n|turn|68\n|\n|t:|1700872946\n|move|p2a: Milotic|Scald|p1a: Toxapex\n|-resisted|p1a: Toxapex\n|-damage|p1a: Toxapex|37\/100 brn\n|move|p1a: Toxapex|Toxic|p2a: Milotic\n|-status|p2a: Milotic|tox\n|\n|-heal|p2a: Milotic|100\/100 tox|[from] item: Leftovers\n|-heal|p1a: Toxapex|43\/100 brn|[from] item: Black Sludge\n|-damage|p2a: Milotic|94\/100 tox|[from] psn\n|-damage|p1a: Toxapex|37\/100 brn|[from] brn\n|upkeep\n|turn|69\n|\n|t:|1700872957\n|move|p2a: Milotic|Refresh|p2a: Milotic\n|-curestatus|p2a: Milotic|tox|[msg]\n|move|p1a: Toxapex|Scald|p2a: Milotic\n|-resisted|p2a: Milotic\n|-damage|p2a: Milotic|90\/100\n|-status|p2a: Milotic|brn\n|\n|-heal|p2a: Milotic|96\/100 brn|[from] item: Leftovers\n|-heal|p1a: Toxapex|43\/100 brn|[from] item: Black Sludge\n|-damage|p2a: Milotic|90\/100 brn|[from] brn\n|-damage|p1a: Toxapex|37\/100 brn|[from] brn\n|upkeep\n|turn|70\n|\n|t:|1700872968\n|move|p2a: Milotic|Refresh|p2a: Milotic\n|-curestatus|p2a: Milotic|brn|[msg]\n|move|p1a: Toxapex|Toxic|p2a: Milotic\n|-status|p2a: Milotic|tox\n|\n|-heal|p2a: Milotic|96\/100 tox|[from] item: Leftovers\n|-heal|p1a: Toxapex|43\/100 brn|[from] item: Black Sludge\n|-damage|p2a: Milotic|90\/100 tox|[from] psn\n|-damage|p1a: Toxapex|37\/100 brn|[from] brn\n|upkeep\n|turn|71\n|\n|t:|1700872977\n|move|p2a: Milotic|Refresh|p2a: Milotic\n|-curestatus|p2a: Milotic|tox|[msg]\n|move|p1a: Toxapex|Toxic|p2a: Milotic\n|-status|p2a: Milotic|tox\n|\n|-heal|p2a: Milotic|96\/100 tox|[from] item: Leftovers\n|-heal|p1a: Toxapex|43\/100 brn|[from] item: Black Sludge\n|-damage|p2a: Milotic|90\/100 tox|[from] psn\n|-damage|p1a: Toxapex|37\/100 brn|[from] brn\n|upkeep\n|turn|72\n|\n|t:|1700872987\n|move|p2a: Milotic|Refresh|p2a: Milotic\n|-curestatus|p2a: Milotic|tox|[msg]\n|move|p1a: Toxapex|Scald|p2a: Milotic\n|-resisted|p2a: Milotic\n|-damage|p2a: Milotic|85\/100\n|\n|-heal|p2a: Milotic|91\/100|[from] item: Leftovers\n|-heal|p1a: Toxapex|43\/100 brn|[from] item: Black Sludge\n|-damage|p1a: Toxapex|37\/100 brn|[from] brn\n|upkeep\n|turn|73\n|\n|t:|1700872996\n|move|p2a: Milotic|Scald|p1a: Toxapex\n|-resisted|p1a: Toxapex\n|-damage|p1a: Toxapex|26\/100 brn\n|move|p1a: Toxapex|Scald|p2a: Milotic\n|-resisted|p2a: Milotic\n|-damage|p2a: Milotic|86\/100\n|-status|p2a: Milotic|brn\n|\n|-heal|p2a: Milotic|92\/100 brn|[from] item: Leftovers\n|-heal|p1a: Toxapex|32\/100 brn|[from] item: Black Sludge\n|-damage|p2a: Milotic|86\/100 brn|[from] brn\n|-damage|p1a: Toxapex|26\/100 brn|[from] brn\n|upkeep\n|turn|74\n|\n|t:|1700873008\n|move|p2a: Milotic|Scald|p1a: Toxapex\n|-resisted|p1a: Toxapex\n|-damage|p1a: Toxapex|13\/100 brn\n|move|p1a: Toxapex|Toxic||[still]\n|-fail|p1a: Toxapex\n|\n|-heal|p2a: Milotic|92\/100 brn|[from] item: Leftovers\n|-heal|p1a: Toxapex|20\/100 brn|[from] item: Black Sludge\n|-damage|p2a: Milotic|86\/100 brn|[from] brn\n|-damage|p1a: Toxapex|13\/100 brn|[from] brn\n|upkeep\n|turn|75\n|-message|RealMobileGamer forfeited.\n|\n|win|SeanboyQ\n|raw|RealMobileGamer's rating: 1263 &rarr; <strong>1236<\/strong><br \/>(-27 for losing)\n|raw|SeanboyQ's rating: 1231 &rarr; <strong>1258<\/strong><br \/>(+27 for winning)\n|l|\u2606RealMobileGamer\n","uploadtime":1700873020,"views":3,"p1id":"realmobilegamer","p2id":"seanboyq","formatid":"gen9nationaldex","rating":1236,"private":0,"password":""}