{"id":"gen9nationaldex-1999086518","p1":"KdSSSSSSSSSSSS","p2":"Shido464","format":"[Gen 9] National Dex","log":"|html|<div class=\"broadcast-blue\"><strong>[Gen 9] National Dex is currently suspecting Sneasler! For information on how to participate check out the <a href=\"https:\/\/www.smogon.com\/forums\/threads\/sv-national-dex-suspect-8-just-dance.3731534\/\">suspect thread<\/a>.<\/strong><\/div>\n|j|\u2606KdSSSSSSSSSSSS\n|j|\u2606Shido464\n|t:|1701031692\n|gametype|singles\n|player|p1|KdSSSSSSSSSSSS|veteran|\n|player|p2|Shido464|shadowtriad|\n|teamsize|p1|6\n|teamsize|p2|6\n|gen|9\n|tier|[Gen 9] National Dex\n|rule|HP Percentage Mod: HP is shown in percentages\n|rule|Endless Battle Clause: Forcing endless battles is banned\n|rule|OHKO Clause: OHKO moves are banned\n|rule|Evasion Clause: Evasion abilities, items, and moves are banned\n|rule|Evasion Abilities Clause: Evasion abilities are banned\n|rule|Evasion Items Clause: Evasion items are banned\n|rule|Evasion Moves Clause: Evasion moves are banned\n|rule|Species Clause: Limit one of each Pok\u00e9mon\n|rule|Sleep Clause Mod: Limit one foe put to sleep\n|clearpoke\n|poke|p1|Goodra-Hisui, F|\n|poke|p1|Articuno-Galar|\n|poke|p1|Great Tusk|\n|poke|p1|Gengar, F|\n|poke|p1|Cloyster, M|\n|poke|p1|Sableye, F|\n|poke|p2|Volcanion|\n|poke|p2|Kleavor, M|\n|poke|p2|Vivillon-Pokeball, M|\n|poke|p2|Farigiraf, M|\n|poke|p2|Krookodile, F|\n|poke|p2|Aegislash, M|\n|teampreview\n|\n|t:|1701031738\n|start\n|switch|p1a: Sableye|Sableye, F, shiny|100\/100\n|switch|p2a: Minecraft|Kleavor, M|100\/100\n|turn|1\n|inactive|Battle timer is ON: inactive players will automatically lose when time's up. (requested by KdSSSSSSSSSSSS)\n|\n|t:|1701031762\n|detailschange|p1a: Sableye|Sableye-Mega, F, shiny\n|-mega|p1a: Sableye|Sableye|Sablenite\n|move|p2a: Minecraft|Stone Axe|p1a: Sableye|[miss]\n|-miss|p2a: Minecraft|p1a: Sableye\n|move|p1a: Sableye|Will-O-Wisp|p2a: Minecraft\n|-status|p2a: Minecraft|brn\n|\n|-damage|p2a: Minecraft|94\/100 brn|[from] brn\n|upkeep\n|turn|2\n|inactive|Shido464 has 270 seconds left.\n|\n|t:|1701031796\n|switch|p1a: Great Tusk|Great Tusk|100\/100\n|move|p2a: Minecraft|Stone Axe|p1a: Great Tusk\n|-resisted|p1a: Great Tusk\n|-crit|p1a: Great Tusk\n|-damage|p1a: Great Tusk|96\/100\n|-sidestart|p1: KdSSSSSSSSSSSS|move: Stealth Rock\n|\n|-heal|p1a: Great Tusk|100\/100|[from] item: Leftovers\n|-damage|p2a: Minecraft|88\/100 brn|[from] brn\n|upkeep\n|turn|3\n|inactive|Shido464 has 270 seconds left.\n|inactive|KdSSSSSSSSSSSS has 270 seconds left.\n|\n|t:|1701031838\n|switch|p2a: Beba agua fio|Volcanion|100\/100\n|move|p1a: Great Tusk|Stealth Rock|p2a: Beba agua fio\n|-sidestart|p2: Shido464|move: Stealth Rock\n|\n|upkeep\n|turn|4\n|inactive|KdSSSSSSSSSSSS has 270 seconds left.\n|\n|t:|1701031848\n|-end|p1a: Great Tusk|Protosynthesis|[silent]\n|switch|p1a: Sableye|Sableye-Mega, F, shiny|100\/100\n|-damage|p1a: Sableye|88\/100|[from] Stealth Rock\n|move|p2a: Beba agua fio|Steam Eruption|p1a: Sableye\n|-damage|p1a: Sableye|33\/100\n|\n|upkeep\n|turn|5\n|inactive|Shido464 has 240 seconds left.\n|\n|t:|1701031871\n|move|p1a: Sableye|Protect|p1a: Sableye\n|-singleturn|p1a: Sableye|Protect\n|move|p2a: Beba agua fio|Steam Eruption|p1a: Sableye\n|-activate|p1a: Sableye|move: Protect\n|\n|upkeep\n|turn|6\n|inactive|Shido464 has 240 seconds left.\n|inactive|KdSSSSSSSSSSSS has 270 seconds left.\n|\n|t:|1701031892\n|move|p2a: Beba agua fio|Fire Blast|p1a: Sableye|[miss]\n|-miss|p2a: Beba agua fio|p1a: Sableye\n|move|p1a: Sableye|Recover|p1a: Sableye\n|-heal|p1a: Sableye|83\/100\n|\n|upkeep\n|turn|7\n|inactive|KdSSSSSSSSSSSS has 270 seconds left.\n|inactive|Shido464 has 240 seconds left.\n|\n|t:|1701031922\n|move|p2a: Beba agua fio|Steam Eruption|p1a: Sableye\n|-damage|p1a: Sableye|35\/100\n|-status|p1a: Sableye|brn\n|move|p1a: Sableye|Knock Off|p2a: Beba agua fio\n|-damage|p2a: Beba agua fio|90\/100\n|-enditem|p2a: Beba agua fio|Heavy-Duty Boots|[from] move: Knock Off|[of] p1a: Sableye\n|\n|-damage|p1a: Sableye|30\/100 brn|[from] brn\n|upkeep\n|turn|8\n|inactive|KdSSSSSSSSSSSS has 270 seconds left.\n|inactive|Shido464 has 210 seconds left.\n|\n|t:|1701031948\n|move|p2a: Beba agua fio|Earth Power|p1a: Sableye\n|-damage|p1a: Sableye|1\/100 brn\n|move|p1a: Sableye|Will-O-Wisp|p2a: Beba agua fio|[miss]\n|-miss|p1a: Sableye|p2a: Beba agua fio\n|\n|-damage|p1a: Sableye|0 fnt|[from] brn\n|faint|p1a: Sableye\n|upkeep\n|inactive|KdSSSSSSSSSSSS has 270 seconds left.\n|\n|t:|1701031971\n|switch|p1a: Gengar|Gengar, F|100\/100\n|-damage|p1a: Gengar|88\/100|[from] Stealth Rock\n|turn|9\n|inactive|Shido464 has 210 seconds left.\n|inactive|KdSSSSSSSSSSSS has 240 seconds left.\n|inactive|Shido464 has 180 seconds left.\n|l|\u2606Shido464\n|inactive|Shido464 disconnected and has 300 seconds to reconnect!\n|player|p2|\n|inactive|Shido464 has 270 seconds to reconnect!\n|j|\u2606Shido464\n|inactive|Shido464 reconnected and has 175 seconds left.\n|player|p2|Shido464|shadowtriad\n|\n|t:|1701032079\n|move|p1a: Gengar|Thunderbolt|p2a: Beba agua fio\n|-supereffective|p2a: Beba agua fio\n|-damage|p2a: Beba agua fio|0 fnt\n|faint|p2a: Beba agua fio\n|\n|upkeep\n|\n|t:|1701032086\n|switch|p2a: Minecraft|Kleavor, M|88\/100 brn\n|-damage|p2a: Minecraft|63\/100 brn|[from] Stealth Rock\n|turn|10\n|\n|t:|1701032091\n|switch|p1a: Great Tusk|Great Tusk|100\/100\n|-damage|p1a: Great Tusk|98\/100|[from] Stealth Rock\n|move|p2a: Minecraft|Psycho Cut|p1a: Great Tusk\n|-supereffective|p1a: Great Tusk\n|-damage|p1a: Great Tusk|79\/100\n|\n|-heal|p1a: Great Tusk|85\/100|[from] item: Leftovers\n|-damage|p2a: Minecraft|57\/100 brn|[from] brn\n|upkeep\n|turn|11\n|\n|t:|1701032106\n|move|p2a: Minecraft|Psycho Cut|p1a: Great Tusk\n|-supereffective|p1a: Great Tusk\n|-damage|p1a: Great Tusk|64\/100\n|move|p1a: Great Tusk|Earthquake|p2a: Minecraft\n|-damage|p2a: Minecraft|2\/100 brn\n|\n|-heal|p1a: Great Tusk|71\/100|[from] item: Leftovers\n|-damage|p2a: Minecraft|0 fnt|[from] brn\n|faint|p2a: Minecraft\n|upkeep\n|\n|t:|1701032114\n|switch|p2a: Pokebola|Vivillon-Pokeball, M|100\/100\n|-damage|p2a: Pokebola|51\/100|[from] Stealth Rock\n|turn|12\n|inactive|KdSSSSSSSSSSSS has 240 seconds left.\n|\n|t:|1701032132\n|-end|p1a: Great Tusk|Protosynthesis|[silent]\n|switch|p1a: Goodra|Goodra-Hisui, F, shiny|100\/100\n|-damage|p1a: Goodra|94\/100|[from] Stealth Rock\n|move|p2a: Pokebola|Quiver Dance|p2a: Pokebola\n|-boost|p2a: Pokebola|spa|1\n|-boost|p2a: Pokebola|spd|1\n|-boost|p2a: Pokebola|spe|1\n|\n|upkeep\n|turn|13\n|\n|t:|1701032142\n|move|p2a: Pokebola|Quiver Dance|p2a: Pokebola\n|-boost|p2a: Pokebola|spa|1\n|-boost|p2a: Pokebola|spd|1\n|-boost|p2a: Pokebola|spe|1\n|move|p1a: Goodra|Acid Armor|p1a: Goodra\n|-boost|p1a: Goodra|def|2\n|\n|upkeep\n|turn|14\n|\n|t:|1701032148\n|move|p2a: Pokebola|Draining Kiss|p1a: Goodra\n|-damage|p1a: Goodra|79\/100\n|-heal|p2a: Pokebola|65\/100|[from] drain|[of] p1a: Goodra\n|move|p1a: Goodra|Acid Armor|p1a: Goodra\n|-boost|p1a: Goodra|def|2\n|\n|upkeep\n|turn|15\n|inactive|KdSSSSSSSSSSSS has 240 seconds left.\n|inactive|Shido464 has 210 seconds left.\n|\n|t:|1701032154\n|move|p2a: Pokebola|Quiver Dance|p2a: Pokebola\n|-boost|p2a: Pokebola|spa|1\n|-boost|p2a: Pokebola|spd|1\n|-boost|p2a: Pokebola|spe|1\n|move|p1a: Goodra|Acid Armor|p1a: Goodra\n|-boost|p1a: Goodra|def|2\n|\n|upkeep\n|turn|16\n|\n|t:|1701032162\n|move|p2a: Pokebola|Bug Buzz|p1a: Goodra\n|-resisted|p1a: Goodra\n|-damage|p1a: Goodra|50\/100\n|move|p1a: Goodra|Acid Armor|p1a: Goodra\n|-boost|p1a: Goodra|def|0\n|\n|upkeep\n|turn|17\n|\n|t:|1701032176\n|move|p2a: Pokebola|Quiver Dance|p2a: Pokebola\n|-boost|p2a: Pokebola|spa|1\n|-boost|p2a: Pokebola|spd|1\n|-boost|p2a: Pokebola|spe|1\n|move|p1a: Goodra|Body Press|p2a: Pokebola\n|-resisted|p2a: Pokebola\n|-damage|p2a: Pokebola|24\/100\n|-enditem|p2a: Pokebola|Aguav Berry|[eat]\n|-heal|p2a: Pokebola|58\/100|[from] item: Aguav Berry\n|\n|upkeep\n|turn|18\n|inactive|KdSSSSSSSSSSSS has 240 seconds left.\n|\n|t:|1701032196\n|move|p2a: Pokebola|Draining Kiss|p1a: Goodra\n|-damage|p1a: Goodra|27\/100\n|-heal|p2a: Pokebola|79\/100|[from] drain|[of] p1a: Goodra\n|move|p1a: Goodra|Rest|p1a: Goodra\n|-status|p1a: Goodra|slp|[from] move: Rest\n|-heal|p1a: Goodra|100\/100 slp|[silent]\n|-enditem|p1a: Goodra|Chesto Berry|[eat]\n|-curestatus|p1a: Goodra|slp|[msg]\n|\n|upkeep\n|turn|19\n|inactive|KdSSSSSSSSSSSS has 240 seconds left.\n|\n|t:|1701032211\n|move|p2a: Pokebola|Air Slash|p1a: Goodra\n|-resisted|p1a: Goodra\n|-damage|p1a: Goodra|72\/100\n|move|p1a: Goodra|Heavy Slam|p2a: Pokebola\n|-damage|p2a: Pokebola|2\/100\n|\n|upkeep\n|turn|20\n|inactive|KdSSSSSSSSSSSS has 240 seconds left.\n|\n|t:|1701032220\n|move|p2a: Pokebola|Bug Buzz|p1a: Goodra\n|-resisted|p1a: Goodra\n|-damage|p1a: Goodra|43\/100\n|move|p1a: Goodra|Heavy Slam|p2a: Pokebola\n|-damage|p2a: Pokebola|0 fnt\n|faint|p2a: Pokebola\n|\n|upkeep\n|\n|t:|1701032225\n|switch|p2a: MAJORAZIN|Krookodile, F|100\/100\n|-damage|p2a: MAJORAZIN|94\/100|[from] Stealth Rock\n|turn|21\n|\n|t:|1701032231\n|switch|p1a: Great Tusk|Great Tusk|71\/100\n|-damage|p1a: Great Tusk|68\/100|[from] Stealth Rock\n|move|p2a: MAJORAZIN|Earthquake|p1a: Great Tusk\n|-damage|p1a: Great Tusk|42\/100\n|\n|-heal|p1a: Great Tusk|48\/100|[from] item: Leftovers\n|upkeep\n|turn|22\n|\n|t:|1701032242\n|move|p2a: MAJORAZIN|Power-Up Punch|p1a: Great Tusk\n|-damage|p1a: Great Tusk|41\/100\n|-boost|p2a: MAJORAZIN|atk|1\n|move|p1a: Great Tusk|Ice Spinner|p2a: MAJORAZIN\n|-supereffective|p2a: MAJORAZIN\n|-damage|p2a: MAJORAZIN|41\/100\n|\n|-heal|p1a: Great Tusk|47\/100|[from] item: Leftovers\n|upkeep\n|turn|23\n|\n|t:|1701032250\n|move|p2a: MAJORAZIN|Scale Shot|p1a: Great Tusk\n|-damage|p1a: Great Tusk|41\/100\n|-damage|p1a: Great Tusk|35\/100\n|-damage|p1a: Great Tusk|28\/100\n|-damage|p1a: Great Tusk|22\/100\n|-hitcount|p1a: Great Tusk|4\n|-unboost|p2a: MAJORAZIN|def|1\n|-boost|p2a: MAJORAZIN|spe|1\n|move|p1a: Great Tusk|Ice Spinner|p2a: MAJORAZIN\n|-supereffective|p2a: MAJORAZIN\n|-damage|p2a: MAJORAZIN|0 fnt\n|faint|p2a: MAJORAZIN\n|\n|-heal|p1a: Great Tusk|28\/100|[from] item: Leftovers\n|upkeep\n|\n|t:|1701032255\n|switch|p2a: Primo raginbolt|Farigiraf, M|100\/100\n|-damage|p2a: Primo raginbolt|88\/100|[from] Stealth Rock\n|turn|24\n|\n|t:|1701032270\n|move|p1a: Great Tusk|Rapid Spin|p2a: Primo raginbolt\n|-damage|p2a: Primo raginbolt|74\/100\n|-boost|p1a: Great Tusk|spe|1\n|-sideend|p1: KdSSSSSSSSSSSS|Stealth Rock|[from] move: Rapid Spin|[of] p1a: Great Tusk\n|-enditem|p2a: Primo raginbolt|Eject Button\n|\n|t:|1701032275\n|switch|p2a: Aegislash|Aegislash, M|100\/100\n|-damage|p2a: Aegislash|94\/100|[from] Stealth Rock\n|\n|-heal|p1a: Great Tusk|34\/100|[from] item: Leftovers\n|-heal|p2a: Aegislash|100\/100|[from] item: Leftovers\n|upkeep\n|turn|25\n|inactive|KdSSSSSSSSSSSS has 270 seconds left.\n|\n|t:|1701032283\n|move|p1a: Great Tusk|Earthquake|p2a: Aegislash\n|-supereffective|p2a: Aegislash\n|-damage|p2a: Aegislash|30\/100\n|move|p2a: Aegislash|Swords Dance|p2a: Aegislash\n|-boost|p2a: Aegislash|atk|2\n|\n|-heal|p1a: Great Tusk|40\/100|[from] item: Leftovers\n|-heal|p2a: Aegislash|36\/100|[from] item: Leftovers\n|upkeep\n|turn|26\n|\n|t:|1701032292\n|-formechange|p2a: Aegislash|Aegislash-Blade||[from] ability: Stance Change\n|move|p2a: Aegislash|Shadow Sneak|p1a: Great Tusk\n|-damage|p1a: Great Tusk|15\/100\n|move|p1a: Great Tusk|Earthquake|p2a: Aegislash\n|-supereffective|p2a: Aegislash\n|-damage|p2a: Aegislash|0 fnt\n|faint|p2a: Aegislash\n|\n|-heal|p1a: Great Tusk|21\/100|[from] item: Leftovers\n|upkeep\n|\n|t:|1701032297\n|switch|p2a: Primo raginbolt|Farigiraf, M|74\/100\n|-damage|p2a: Primo raginbolt|61\/100|[from] Stealth Rock\n|turn|27\n|\n|t:|1701032304\n|move|p1a: Great Tusk|Earthquake|p2a: Primo raginbolt\n|-damage|p2a: Primo raginbolt|16\/100\n|move|p2a: Primo raginbolt|Twin Beam|p1a: Great Tusk\n|-supereffective|p1a: Great Tusk\n|-damage|p1a: Great Tusk|0 fnt\n|faint|p1a: Great Tusk\n|-end|p1a: Great Tusk|Protosynthesis|[silent]\n|-hitcount|p1: Great Tusk|1\n|\n|upkeep\n|\n|t:|1701032311\n|switch|p1a: Gengar|Gengar, F|88\/100\n|turn|28\n|\n|t:|1701032315\n|move|p1a: Gengar|Shadow Ball|p2a: Primo raginbolt\n|-immune|p2a: Primo raginbolt\n|move|p2a: Primo raginbolt|Twin Beam|p1a: Gengar\n|-supereffective|p1a: Gengar\n|-damage|p1a: Gengar|19\/100\n|-supereffective|p1a: Gengar\n|-damage|p1a: Gengar|0 fnt\n|-start|p2a: Primo raginbolt|Disable|Twin Beam|[from] ability: Cursed Body|[of] p1a: Gengar\n|faint|p1a: Gengar\n|-hitcount|p1: Gengar|2\n|\n|upkeep\n|\n|t:|1701032331\n|switch|p1a: Cloyster|Cloyster, M|100\/100\n|turn|29\n|\n|t:|1701032338\n|move|p1a: Cloyster|Icicle Spear|p2a: Primo raginbolt\n|-damage|p2a: Primo raginbolt|3\/100\n|-damage|p2a: Primo raginbolt|0 fnt\n|faint|p2a: Primo raginbolt\n|-hitcount|p2: Primo raginbolt|2\n|\n|win|KdSSSSSSSSSSSS\n|l|\u2606Shido464\n","uploadtime":1701032345,"views":10,"p1id":"kdssssssssssss","p2id":"shido464","formatid":"gen9nationaldex","rating":0,"private":0,"password":""}