{"id":"gen9nationaldex-1991389923","p1":"PWA Wright","p2":"NDLT4DBZ Cupcake","format":"[Gen 9] National Dex","log":"|j|\u2606PWA Wright\n|j|\u2606NDLT4DBZ Cupcake\n|t:|1700073085\n|gametype|singles\n|player|p1|PWA Wright|cynthia|1731\n|player|p2|NDLT4DBZ Cupcake|lass|1640\n|teamsize|p1|6\n|teamsize|p2|6\n|gen|9\n|tier|[Gen 9] National Dex\n|rated|\n|rule|HP Percentage Mod: HP is shown in percentages\n|rule|Endless Battle Clause: Forcing endless battles is banned\n|rule|OHKO Clause: OHKO moves are banned\n|rule|Evasion Clause: Evasion abilities, items, and moves are banned\n|rule|Evasion Abilities Clause: Evasion abilities are banned\n|rule|Evasion Items Clause: Evasion items are banned\n|rule|Evasion Moves Clause: Evasion moves are banned\n|rule|Species Clause: Limit one of each Pok\u00e9mon\n|rule|Sleep Clause Mod: Limit one foe put to sleep\n|clearpoke\n|poke|p1|Garchomp, M|\n|poke|p1|Dondozo, M|\n|poke|p1|Tyranitar, F|\n|poke|p1|Charizard, F|\n|poke|p1|Clodsire, F|\n|poke|p1|Corviknight, M|\n|poke|p2|Landorus-Therian, M|\n|poke|p2|Samurott-Hisui, F|\n|poke|p2|Ferrothorn, F|\n|poke|p2|Hatterene, F|\n|poke|p2|Iron Hands|\n|poke|p2|Tapu Koko|\n|teampreview\n|\n|t:|1700073106\n|start\n|switch|p1a: Charizard|Charizard, F|100\/100\n|switch|p2a: Samurott|Samurott-Hisui, F|100\/100\n|turn|1\n|inactive|Battle timer is ON: inactive players will automatically lose when time's up. (requested by PWA Wright)\n|\n|t:|1700073129\n|detailschange|p1a: Charizard|Charizard-Mega-Y, F\n|-mega|p1a: Charizard|Charizard|Charizardite Y\n|-weather|SunnyDay|[from] ability: Drought|[of] p1a: Charizard\n|move|p1a: Charizard|Solar Beam||[still]\n|-prepare|p1a: Charizard|Solar Beam\n|-anim|p1a: Charizard|Solar Beam|p2a: Samurott\n|-supereffective|p2a: Samurott\n|-damage|p2a: Samurott|10\/100\n|move|p2a: Samurott|Ceaseless Edge|p1a: Charizard|[miss]\n|-miss|p2a: Samurott|p1a: Charizard\n|\n|-weather|SunnyDay|[upkeep]\n|upkeep\n|turn|2\n|\n|t:|1700073150\n|switch|p2a: Hatterene|Hatterene, F|100\/100\n|move|p1a: Charizard|Weather Ball|p2a: Hatterene\n|-damage|p2a: Hatterene|1\/100\n|\n|-weather|SunnyDay|[upkeep]\n|-heal|p2a: Hatterene|7\/100|[from] item: Leftovers\n|upkeep\n|turn|3\n|\n|t:|1700073166\n|move|p1a: Charizard|Weather Ball|p2a: Hatterene\n|-damage|p2a: Hatterene|0 fnt\n|faint|p2a: Hatterene\n|\n|-weather|SunnyDay|[upkeep]\n|upkeep\n|\n|t:|1700073168\n|switch|p2a: Tapu Koko|Tapu Koko|100\/100\n|-fieldstart|move: Electric Terrain|[from] ability: Electric Surge|[of] p2a: Tapu Koko\n|turn|4\n|\n|t:|1700073174\n|switch|p2a: Landorus|Landorus-Therian, M|100\/100\n|-ability|p2a: Landorus|Intimidate|boost\n|-unboost|p1a: Charizard|atk|1\n|move|p1a: Charizard|Weather Ball|p2a: Landorus\n|-damage|p2a: Landorus|0 fnt\n|faint|p2a: Landorus\n|\n|-weather|SunnyDay|[upkeep]\n|upkeep\n|c|\u2606PWA Wright|No thoughts\n|c|\u2606PWA Wright|Head Empty.\n|\n|t:|1700073190\n|switch|p2a: Iron Hands|Iron Hands|100\/100\n|-activate|p2a: Iron Hands|ability: Quark Drive\n|-start|p2a: Iron Hands|quarkdriveatk\n|turn|5\n|\n|t:|1700073199\n|move|p1a: Charizard|Weather Ball|p2a: Iron Hands\n|-crit|p2a: Iron Hands\n|-damage|p2a: Iron Hands|0 fnt\n|faint|p2a: Iron Hands\n|-end|p2a: Iron Hands|Quark Drive|[silent]\n|\n|-weather|none\n|upkeep\n|\n|t:|1700073203\n|switch|p2a: Tapu Koko|Tapu Koko|100\/100\n|turn|6\n|c|\u2606PWA Wright|NO THOUGHTS HEAD EMPTY\n|\n|t:|1700073208\n|switch|p1a: Clodsire|Clodsire, F|100\/100\n|move|p2a: Tapu Koko|Calm Mind|p2a: Tapu Koko\n|-boost|p2a: Tapu Koko|spa|1\n|-boost|p2a: Tapu Koko|spd|1\n|\n|upkeep\n|turn|7\n|\n|t:|1700073213\n|switch|p2a: Ferrothorn|Ferrothorn, F|100\/100\n|move|p1a: Clodsire|Toxic|p2a: Ferrothorn\n|-immune|p2a: Ferrothorn\n|\n|upkeep\n|turn|8\n|\n|t:|1700073219\n|switch|p1a: Corviknight|Corviknight, M|100\/100\n|-ability|p1a: Corviknight|Pressure\n|move|p2a: Ferrothorn|Leech Seed|p1a: Corviknight\n|-start|p1a: Corviknight|move: Leech Seed\n|\n|-damage|p1a: Corviknight|88\/100|[from] Leech Seed|[of] p2a: Ferrothorn\n|-fieldend|move: Electric Terrain\n|upkeep\n|turn|9\n|\n|t:|1700073222\n|move|p1a: Corviknight|U-turn|p2a: Ferrothorn\n|-damage|p2a: Ferrothorn|92\/100\n|-damage|p1a: Corviknight|76\/100|[from] ability: Iron Barbs|[of] p2a: Ferrothorn\n|-damage|p1a: Corviknight|59\/100|[from] item: Rocky Helmet|[of] p2a: Ferrothorn\n|\n|t:|1700073224\n|switch|p1a: Charizard|Charizard-Mega-Y, F|100\/100|[from] U-turn\n|-weather|SunnyDay|[from] ability: Drought|[of] p1a: Charizard\n|move|p2a: Ferrothorn|Stealth Rock|p1a: Charizard\n|-sidestart|p1: PWA Wright|move: Stealth Rock\n|\n|-weather|SunnyDay|[upkeep]\n|upkeep\n|turn|10\n|\n|t:|1700073226\n|move|p1a: Charizard|Weather Ball|p2a: Ferrothorn\n|-supereffective|p2a: Ferrothorn\n|-damage|p2a: Ferrothorn|0 fnt\n|faint|p2a: Ferrothorn\n|\n|-weather|SunnyDay|[upkeep]\n|upkeep\n|\n|t:|1700073227\n|switch|p2a: Tapu Koko|Tapu Koko|100\/100\n|-fieldstart|move: Electric Terrain|[from] ability: Electric Surge|[of] p2a: Tapu Koko\n|turn|11\n|\n|t:|1700073231\n|switch|p1a: Clodsire|Clodsire, F|100\/100\n|-damage|p1a: Clodsire|94\/100|[from] Stealth Rock\n|move|p2a: Tapu Koko|Thunderbolt|p1a: Clodsire\n|-immune|p1a: Clodsire\n|\n|-weather|SunnyDay|[upkeep]\n|-heal|p1a: Clodsire|100\/100|[from] item: Leftovers\n|upkeep\n|turn|12\n|\n|t:|1700073234\n|move|p2a: Tapu Koko|Calm Mind|p2a: Tapu Koko\n|-boost|p2a: Tapu Koko|spa|1\n|-boost|p2a: Tapu Koko|spd|1\n|move|p1a: Clodsire|Toxic|p2a: Tapu Koko\n|-status|p2a: Tapu Koko|tox\n|\n|-weather|SunnyDay|[upkeep]\n|-damage|p2a: Tapu Koko|94\/100 tox|[from] psn\n|upkeep\n|turn|13\n|\n|t:|1700073237\n|move|p2a: Tapu Koko|Calm Mind|p2a: Tapu Koko\n|-boost|p2a: Tapu Koko|spa|1\n|-boost|p2a: Tapu Koko|spd|1\n|move|p1a: Clodsire|Stealth Rock|p2a: Tapu Koko\n|-sidestart|p2: NDLT4DBZ Cupcake|move: Stealth Rock\n|\n|-weather|none\n|-damage|p2a: Tapu Koko|82\/100 tox|[from] psn\n|upkeep\n|turn|14\n|\n|t:|1700073239\n|move|p2a: Tapu Koko|Roost|p2a: Tapu Koko\n|-heal|p2a: Tapu Koko|100\/100 tox\n|-singleturn|p2a: Tapu Koko|move: Roost\n|move|p1a: Clodsire|Earthquake|p2a: Tapu Koko\n|-supereffective|p2a: Tapu Koko\n|-damage|p2a: Tapu Koko|26\/100 tox\n|\n|-damage|p2a: Tapu Koko|8\/100 tox|[from] psn\n|upkeep\n|turn|15\n|\n|t:|1700073243\n|move|p2a: Tapu Koko|Thunderbolt|p1a: Clodsire\n|-immune|p1a: Clodsire\n|move|p1a: Clodsire|Earthquake|p2a: Tapu Koko\n|-supereffective|p2a: Tapu Koko\n|-damage|p2a: Tapu Koko|0 fnt\n|faint|p2a: Tapu Koko\n|\n|-fieldend|move: Electric Terrain\n|upkeep\n|\n|t:|1700073244\n|switch|p2a: Samurott|Samurott-Hisui, F|10\/100\n|-damage|p2a: Samurott|0 fnt|[from] Stealth Rock\n|faint|p2a: Samurott\n|\n|win|PWA Wright\n|raw|PWA Wright's rating: 1731 &rarr; <strong>1745<\/strong><br \/>(+14 for winning)\n|raw|NDLT4DBZ Cupcake's rating: 1617 &rarr; <strong>1603<\/strong><br \/>(-14 for losing)\n|l|\u2606NDLT4DBZ Cupcake\n","uploadtime":1700073252,"views":8,"p1id":"pwawright","p2id":"ndlt4dbzcupcake","formatid":"gen9nationaldex","rating":1603,"private":0,"password":""}