{"id":"gen9nationaldex-1995304262","p1":"TeaAndSandwiches","p2":"geliyundou","format":"[Gen 9] National Dex","log":"|html|<div class=\"broadcast-blue\"><strong>[Gen 9] National Dex is currently suspecting Sneasler! For information on how to participate check out the <a href=\"https:\/\/www.smogon.com\/forums\/threads\/sv-national-dex-suspect-8-just-dance.3731534\/\">suspect thread<\/a>.<\/strong><\/div>\n|j|\u2606TeaAndSandwiches\n|j|\u2606geliyundou\n|t:|1700550283\n|gametype|singles\n|player|p1|TeaAndSandwiches|waitress|1298\n|player|p2|geliyundou|steven|1314\n|teamsize|p1|6\n|teamsize|p2|6\n|gen|9\n|tier|[Gen 9] National Dex\n|rated|\n|rule|HP Percentage Mod: HP is shown in percentages\n|rule|Endless Battle Clause: Forcing endless battles is banned\n|rule|OHKO Clause: OHKO moves are banned\n|rule|Evasion Clause: Evasion abilities, items, and moves are banned\n|rule|Evasion Abilities Clause: Evasion abilities are banned\n|rule|Evasion Items Clause: Evasion items are banned\n|rule|Evasion Moves Clause: Evasion moves are banned\n|rule|Species Clause: Limit one of each Pok\u00e9mon\n|rule|Sleep Clause Mod: Limit one foe put to sleep\n|clearpoke\n|poke|p1|Eevee, M|\n|poke|p1|Ninetales-Alola, M|\n|poke|p1|Magnezone|\n|poke|p1|Gyarados, F|\n|poke|p1|Volcarona, F|\n|poke|p1|Glimmora, F|\n|poke|p2|Venusaur, M|\n|poke|p2|Rotom-Wash|\n|poke|p2|Tornadus-Therian, M|\n|poke|p2|Ting-Lu|\n|poke|p2|Tapu Lele|\n|poke|p2|Cloyster, F|\n|teampreview\n|\n|t:|1700550295\n|start\n|switch|p1a: Volcarona|Volcarona, F|100\/100\n|switch|p2a: Ting-Lu|Ting-Lu|100\/100\n|-ability|p2a: Ting-Lu|Vessel of Ruin\n|turn|1\n|\n|t:|1700550304\n|move|p1a: Volcarona|Bug Buzz|p2a: Ting-Lu\n|-supereffective|p2a: Ting-Lu\n|-damage|p2a: Ting-Lu|55\/100\n|move|p2a: Ting-Lu|Stealth Rock|p1a: Volcarona\n|-sidestart|p1: TeaAndSandwiches|move: Stealth Rock\n|\n|-heal|p2a: Ting-Lu|61\/100|[from] item: Leftovers\n|upkeep\n|turn|2\n|\n|t:|1700550322\n|switch|p2a: Tornadus|Tornadus-Therian, M|100\/100\n|move|p1a: Volcarona|Fiery Dance|p2a: Tornadus\n|-crit|p2a: Tornadus\n|-damage|p2a: Tornadus|23\/100\n|\n|upkeep\n|turn|3\n|\n|t:|1700550331\n|-terastallize|p1a: Volcarona|Ground\n|move|p2a: Tornadus|U-turn|p1a: Volcarona\n|-damage|p1a: Volcarona|77\/100\n|\n|t:|1700550336\n|switch|p2a: Ting-Lu|Ting-Lu|61\/100|[from] U-turn\n|-ability|p2a: Ting-Lu|Vessel of Ruin\n|move|p1a: Volcarona|Quiver Dance|p1a: Volcarona\n|-boost|p1a: Volcarona|spa|1\n|-boost|p1a: Volcarona|spd|1\n|-boost|p1a: Volcarona|spe|1\n|\n|-heal|p2a: Ting-Lu|67\/100|[from] item: Leftovers\n|upkeep\n|turn|4\n|\n|t:|1700550351\n|-terastallize|p2a: Ting-Lu|Poison\n|move|p1a: Volcarona|Fiery Dance|p2a: Ting-Lu\n|-damage|p2a: Ting-Lu|37\/100\n|move|p2a: Ting-Lu|Whirlwind|p1a: Volcarona\n|drag|p1a: Magnezone|Magnezone|100\/100\n|-damage|p1a: Magnezone|94\/100|[from] Stealth Rock\n|\n|-heal|p2a: Ting-Lu|43\/100|[from] item: Leftovers\n|upkeep\n|turn|5\n|\n|t:|1700550365\n|move|p1a: Magnezone|Thunderbolt|p2a: Ting-Lu\n|-damage|p2a: Ting-Lu|18\/100\n|move|p2a: Ting-Lu|Earthquake|p1a: Magnezone\n|-supereffective|p1a: Magnezone\n|-damage|p1a: Magnezone|0 fnt\n|faint|p1a: Magnezone\n|\n|-heal|p2a: Ting-Lu|24\/100|[from] item: Leftovers\n|upkeep\n|\n|t:|1700550380\n|switch|p1a: Glimmora|Glimmora, F|100\/100\n|-damage|p1a: Glimmora|88\/100|[from] Stealth Rock\n|turn|6\n|\n|t:|1700550387\n|move|p1a: Glimmora|Mortal Spin|p2a: Ting-Lu\n|-resisted|p2a: Ting-Lu\n|-crit|p2a: Ting-Lu\n|-damage|p2a: Ting-Lu|21\/100\n|-sideend|p1: TeaAndSandwiches|Stealth Rock|[from] move: Mortal Spin|[of] p1a: Glimmora\n|move|p2a: Ting-Lu|Earthquake|p1a: Glimmora\n|-supereffective|p1a: Glimmora\n|-damage|p1a: Glimmora|0 fnt\n|-activate|p1a: Glimmora|ability: Toxic Debris\n|-sidestart|p2: geliyundou|move: Toxic Spikes\n|faint|p1a: Glimmora\n|\n|-heal|p2a: Ting-Lu|27\/100|[from] item: Leftovers\n|upkeep\n|\n|t:|1700550399\n|switch|p1a: Gyarados|Gyarados, F|100\/100\n|-ability|p1a: Gyarados|Intimidate|boost\n|-unboost|p2a: Ting-Lu|atk|1\n|turn|7\n|\n|t:|1700550408\n|move|p1a: Gyarados|Waterfall|p2a: Ting-Lu\n|-damage|p2a: Ting-Lu|1\/100\n|move|p2a: Ting-Lu|Whirlwind|p1a: Gyarados\n|drag|p1a: Eevee|Eevee, M|100\/100\n|\n|-heal|p2a: Ting-Lu|8\/100|[from] item: Leftovers\n|upkeep\n|turn|8\n|\n|t:|1700550417\n|move|p1a: Eevee|Stored Power|p2a: Ting-Lu\n|-supereffective|p2a: Ting-Lu\n|-damage|p2a: Ting-Lu|5\/100\n|move|p2a: Ting-Lu|Stealth Rock|p1a: Eevee\n|-sidestart|p1: TeaAndSandwiches|move: Stealth Rock\n|\n|-heal|p2a: Ting-Lu|12\/100|[from] item: Leftovers\n|upkeep\n|turn|9\n|\n|t:|1700550428\n|-zpower|p1a: Eevee\n|move|p1a: Eevee|Extreme Evoboost|p1a: Eevee\n|-boost|p1a: Eevee|atk|2\n|-boost|p1a: Eevee|def|2\n|-boost|p1a: Eevee|spa|2\n|-boost|p1a: Eevee|spd|2\n|-boost|p1a: Eevee|spe|2\n|move|p2a: Ting-Lu|Earthquake|p1a: Eevee\n|-damage|p1a: Eevee|68\/100\n|\n|-heal|p2a: Ting-Lu|18\/100|[from] item: Leftovers\n|upkeep\n|turn|10\n|\n|t:|1700550440\n|move|p1a: Eevee|Stored Power|p2a: Ting-Lu\n|-supereffective|p2a: Ting-Lu\n|-damage|p2a: Ting-Lu|0 fnt\n|faint|p2a: Ting-Lu\n|\n|upkeep\n|\n|t:|1700550449\n|switch|p2a: Venusaur|Venusaur, M|100\/100\n|-sideend|p2: geliyundou|move: Toxic Spikes|[of] p2a: Venusaur\n|turn|11\n|\n|t:|1700550457\n|switch|p2a: Rotom|Rotom-Wash|100\/100\n|move|p1a: Eevee|Protect||[still]\n|-fail|p1a: Eevee\n|\n|upkeep\n|turn|12\n|\n|t:|1700550466\n|move|p1a: Eevee|Wish|p1a: Eevee\n|move|p2a: Rotom|Will-O-Wisp|p1a: Eevee\n|-status|p1a: Eevee|brn\n|\n|-damage|p1a: Eevee|62\/100 brn|[from] brn\n|upkeep\n|turn|13\n|\n|t:|1700550476\n|move|p1a: Eevee|Last Resort|p2a: Rotom\n|-damage|p2a: Rotom|52\/100\n|move|p2a: Rotom|Hydro Pump|p1a: Eevee|[miss]\n|-miss|p2a: Rotom|p1a: Eevee\n|\n|-heal|p1a: Eevee|100\/100 brn|[from] move: Wish|[wisher] Eevee\n|-heal|p2a: Rotom|59\/100|[from] item: Leftovers\n|-damage|p1a: Eevee|95\/100 brn|[from] brn\n|upkeep\n|turn|14\n|\n|t:|1700550487\n|move|p1a: Eevee|Stored Power|p2a: Rotom\n|-damage|p2a: Rotom|0 fnt\n|faint|p2a: Rotom\n|\n|-damage|p1a: Eevee|89\/100 brn|[from] brn\n|upkeep\n|\n|t:|1700550497\n|switch|p2a: Cloyster|Cloyster, F|100\/100\n|turn|15\n|\n|t:|1700550502\n|move|p1a: Eevee|Stored Power|p2a: Cloyster\n|-damage|p2a: Cloyster|0 fnt\n|faint|p2a: Cloyster\n|\n|-damage|p1a: Eevee|83\/100 brn|[from] brn\n|upkeep\n|\n|t:|1700550510\n|switch|p2a: Tapu Lele|Tapu Lele|100\/100\n|-fieldstart|move: Psychic Terrain|[from] ability: Psychic Surge|[of] p2a: Tapu Lele\n|turn|16\n|\n|t:|1700550518\n|move|p2a: Tapu Lele|Psychic|p1a: Eevee\n|-damage|p1a: Eevee|28\/100 brn\n|move|p1a: Eevee|Last Resort|p2a: Tapu Lele\n|-damage|p2a: Tapu Lele|4\/100\n|\n|-damage|p1a: Eevee|22\/100 brn|[from] brn\n|upkeep\n|turn|17\n|\n|t:|1700550532\n|move|p2a: Tapu Lele|Psychic|p1a: Eevee\n|-damage|p1a: Eevee|0 fnt\n|faint|p1a: Eevee\n|\n|upkeep\n|\n|t:|1700550537\n|switch|p1a: Gyarados|Gyarados, F|100\/100\n|-damage|p1a: Gyarados|76\/100|[from] Stealth Rock\n|-ability|p1a: Gyarados|Intimidate|boost\n|-unboost|p2a: Tapu Lele|atk|1\n|turn|18\n|\n|t:|1700550545\n|switch|p2a: Tornadus|Tornadus-Therian, M|57\/100\n|detailschange|p1a: Gyarados|Gyarados-Mega, F\n|-mega|p1a: Gyarados|Gyarados|Gyaradosite\n|-ability|p1a: Gyarados|Mold Breaker\n|move|p1a: Gyarados|Dragon Dance|p1a: Gyarados\n|-boost|p1a: Gyarados|atk|1\n|-boost|p1a: Gyarados|spe|1\n|\n|upkeep\n|turn|19\n|\n|t:|1700550556\n|move|p1a: Gyarados|Dragon Dance|p1a: Gyarados\n|-boost|p1a: Gyarados|atk|1\n|-boost|p1a: Gyarados|spe|1\n|move|p2a: Tornadus|Hurricane|p1a: Gyarados\n|-damage|p1a: Gyarados|45\/100\n|\n|upkeep\n|turn|20\n|\n|t:|1700550563\n|move|p1a: Gyarados|Waterfall|p2a: Tornadus\n|-damage|p2a: Tornadus|0 fnt\n|faint|p2a: Tornadus\n|\n|-fieldend|move: Psychic Terrain\n|upkeep\n|\n|t:|1700550569\n|switch|p2a: Venusaur|Venusaur, M|100\/100\n|turn|21\n|\n|t:|1700550574\n|detailschange|p2a: Venusaur|Venusaur-Mega, M\n|-mega|p2a: Venusaur|Venusaur|Venusaurite\n|move|p1a: Gyarados|Crunch|p2a: Venusaur\n|-damage|p2a: Venusaur|32\/100\n|move|p2a: Venusaur|Leech Seed|p1a: Gyarados\n|-start|p1a: Gyarados|move: Leech Seed\n|\n|-damage|p1a: Gyarados|33\/100|[from] Leech Seed|[of] p2a: Venusaur\n|-heal|p2a: Venusaur|43\/100|[silent]\n|upkeep\n|turn|22\n|-message|geliyundou forfeited.\n|\n|win|TeaAndSandwiches\n|raw|TeaAndSandwiches's rating: 1298 &rarr; <strong>1324<\/strong><br \/>(+26 for winning)\n|raw|geliyundou's rating: 1314 &rarr; <strong>1293<\/strong><br \/>(-21 for losing)\n|l|\u2606geliyundou\n","uploadtime":1700550591,"views":31,"p1id":"teaandsandwiches","p2id":"geliyundou","formatid":"gen9nationaldex","rating":1293,"private":0,"password":""}