{"id":"gen9nationaldex-1993292525","p1":"TheGrassKing1","p2":"False Swipeing\u70b9\u8001\u5e08","format":"[Gen 9] National Dex","log":"|j|\u2606TheGrassKing1\n|j|\u2606False Swipeing\u70b9\u8001\u5e08\n|t:|1700291832\n|gametype|singles\n|player|p1|TheGrassKing1|morty-masters2|1649\n|player|p2|False Swipeing\u70b9\u8001\u5e08|2|1781\n|teamsize|p1|6\n|teamsize|p2|6\n|gen|9\n|tier|[Gen 9] National Dex\n|rated|\n|rule|HP Percentage Mod: HP is shown in percentages\n|rule|Endless Battle Clause: Forcing endless battles is banned\n|rule|OHKO Clause: OHKO moves are banned\n|rule|Evasion Clause: Evasion abilities, items, and moves are banned\n|rule|Evasion Abilities Clause: Evasion abilities are banned\n|rule|Evasion Items Clause: Evasion items are banned\n|rule|Evasion Moves Clause: Evasion moves are banned\n|rule|Species Clause: Limit one of each Pok\u00e9mon\n|rule|Sleep Clause Mod: Limit one foe put to sleep\n|clearpoke\n|poke|p1|Torkoal, F|\n|poke|p1|Kartana|\n|poke|p1|Heatran, M|\n|poke|p1|Dragonite, M|\n|poke|p1|Aegislash, F|\n|poke|p1|Landorus-Therian, M|\n|poke|p2|Hatterene, F|\n|poke|p2|Porygon2|\n|poke|p2|Cresselia, F|\n|poke|p2|Marowak-Alola, F|\n|poke|p2|Ursaluna, F|\n|poke|p2|Mawile, F|\n|teampreview\n|\n|t:|1700291857\n|start\n|switch|p1a: Torkoal|Torkoal, F|100\/100\n|switch|p2a: Hatterene|Hatterene, F|100\/100\n|-weather|SunnyDay|[from] ability: Drought|[of] p1a: Torkoal\n|turn|1\n|\n|t:|1700291873\n|move|p1a: Torkoal|Overheat|p2a: Hatterene\n|-damage|p2a: Hatterene|34\/100\n|-unboost|p1a: Torkoal|spa|2\n|move|p2a: Hatterene|Trick Room|p2a: Hatterene\n|-fieldstart|move: Trick Room|[of] p2a: Hatterene\n|\n|-weather|SunnyDay|[upkeep]\n|upkeep\n|turn|2\n|\n|t:|1700291882\n|move|p1a: Torkoal|Stealth Rock|p2a: Hatterene\n|move|p2a: Hatterene|Stealth Rock|p1a: Torkoal|[from]ability: Magic Bounce\n|-sidestart|p1: TheGrassKing1|move: Stealth Rock\n|move|p2a: Hatterene|Healing Wish|p2a: Hatterene\n|faint|p2a: Hatterene\n|\n|-weather|SunnyDay|[upkeep]\n|upkeep\n|\n|t:|1700291891\n|switch|p2a: Marowak|Marowak-Alola, F|100\/100\n|turn|3\n|\n|t:|1700291898\n|move|p1a: Torkoal|Stealth Rock|p2a: Marowak\n|-sidestart|p2: False Swipeing\u70b9\u8001\u5e08|move: Stealth Rock\n|move|p2a: Marowak|Swords Dance|p2a: Marowak\n|-boost|p2a: Marowak|atk|2\n|\n|-weather|SunnyDay|[upkeep]\n|upkeep\n|turn|4\n|\n|t:|1700291905\n|move|p1a: Torkoal|Toxic|p2a: Marowak\n|-status|p2a: Marowak|tox\n|move|p2a: Marowak|Poltergeist|p1a: Torkoal\n|-activate|p1a: Torkoal|move: Poltergeist|Heat Rock\n|-damage|p1a: Torkoal|0 fnt\n|faint|p1a: Torkoal\n|\n|-weather|SunnyDay|[upkeep]\n|-damage|p2a: Marowak|94\/100 tox|[from] psn\n|upkeep\n|\n|t:|1700291918\n|switch|p1a: Aegislash|Aegislash, F|100\/100\n|-damage|p1a: Aegislash|94\/100|[from] Stealth Rock\n|turn|5\n|j| DRAKESOOR\n|\n|t:|1700291925\n|move|p1a: Aegislash|King's Shield|p1a: Aegislash\n|-singleturn|p1a: Aegislash|Protect\n|move|p2a: Marowak|Flare Blitz|p1a: Aegislash\n|-activate|p1a: Aegislash|move: Protect\n|-unboost|p2a: Marowak|atk|1\n|\n|-weather|SunnyDay|[upkeep]\n|-damage|p2a: Marowak|82\/100 tox|[from] psn\n|-fieldend|move: Trick Room\n|upkeep\n|turn|6\n|l| DRAKESOOR\n|\n|t:|1700291932\n|switch|p2a: Porygon2|Porygon2|100\/100\n|-damage|p2a: Porygon2|88\/100|[from] Stealth Rock\n|-ability|p2a: Porygon2|Download|boost\n|-boost|p2a: Porygon2|atk|1\n|-formechange|p1a: Aegislash|Aegislash-Blade||[from] ability: Stance Change\n|move|p1a: Aegislash|Shadow Ball|p2a: Porygon2\n|-immune|p2a: Porygon2\n|\n|-weather|SunnyDay|[upkeep]\n|upkeep\n|turn|7\n|\n|t:|1700291937\n|move|p1a: Aegislash|Close Combat|p2a: Porygon2\n|-supereffective|p2a: Porygon2\n|-damage|p2a: Porygon2|39\/100\n|-unboost|p1a: Aegislash|def|1\n|-unboost|p1a: Aegislash|spd|1\n|move|p2a: Porygon2|Trick Room|p2a: Porygon2\n|-fieldstart|move: Trick Room|[of] p2a: Porygon2\n|\n|-weather|SunnyDay|[upkeep]\n|upkeep\n|turn|8\n|\n|t:|1700291944\n|switch|p2a: Mawile|Mawile, F|100\/100\n|-damage|p2a: Mawile|95\/100|[from] Stealth Rock\n|-ability|p2a: Mawile|Intimidate|boost\n|-unboost|p1a: Aegislash|atk|1\n|move|p1a: Aegislash|Close Combat|p2a: Mawile\n|-damage|p2a: Mawile|62\/100\n|-unboost|p1a: Aegislash|def|1\n|-unboost|p1a: Aegislash|spd|1\n|\n|-weather|none\n|upkeep\n|turn|9\n|\n|t:|1700291960\n|switch|p1a: Landorus|Landorus-Therian, M|100\/100\n|-damage|p1a: Landorus|88\/100|[from] Stealth Rock\n|-ability|p1a: Landorus|Intimidate|boost\n|-unboost|p2a: Mawile|atk|1\n|detailschange|p2a: Mawile|Mawile-Mega, F\n|-mega|p2a: Mawile|Mawile|Mawilite\n|move|p2a: Mawile|Swords Dance|p2a: Mawile\n|-boost|p2a: Mawile|atk|2\n|\n|upkeep\n|turn|10\n|j| zhiyinge\n|\n|t:|1700291981\n|switch|p1a: Dragonite|Dragonite, M|100\/100\n|move|p2a: Mawile|Play Rough|p1a: Dragonite\n|-supereffective|p1a: Dragonite\n|-damage|p1a: Dragonite|0 fnt\n|faint|p1a: Dragonite\n|\n|upkeep\n|\n|t:|1700291983\n|switch|p1a: Landorus|Landorus-Therian, M|88\/100\n|-damage|p1a: Landorus|76\/100|[from] Stealth Rock\n|-ability|p1a: Landorus|Intimidate|boost\n|-unboost|p2a: Mawile|atk|1\n|turn|11\n|j| Loserest Testing\n|\n|t:|1700291991\n|move|p2a: Mawile|Play Rough|p1a: Landorus|[miss]\n|-miss|p2a: Mawile|p1a: Landorus\n|move|p1a: Landorus|Earth Power|p2a: Mawile\n|-supereffective|p2a: Mawile\n|-damage|p2a: Mawile|0 fnt\n|faint|p2a: Mawile\n|\n|-fieldend|move: Trick Room\n|upkeep\n|\n|t:|1700291995\n|switch|p2a: Porygon2|Porygon2|39\/100\n|-heal|p2a: Porygon2|100\/100|[from] move: Healing Wish\n|-damage|p2a: Porygon2|88\/100|[from] Stealth Rock\n|-ability|p2a: Porygon2|Download|boost\n|-boost|p2a: Porygon2|spa|1\n|turn|12\n|\n|t:|1700292006\n|move|p1a: Landorus|Toxic|p2a: Porygon2\n|-status|p2a: Porygon2|tox\n|move|p2a: Porygon2|Ice Beam|p1a: Landorus\n|-supereffective|p1a: Landorus\n|-damage|p1a: Landorus|0 fnt\n|faint|p1a: Landorus\n|\n|-damage|p2a: Porygon2|82\/100 tox|[from] psn\n|upkeep\n|\n|t:|1700292016\n|switch|p1a: Heatran|Heatran, M|100\/100\n|-damage|p1a: Heatran|88\/100|[from] Stealth Rock\n|-item|p1a: Heatran|Air Balloon\n|turn|13\n|j| YomiIzu\n|\n|t:|1700292035\n|move|p1a: Heatran|Taunt|p2a: Porygon2\n|-start|p2a: Porygon2|move: Taunt\n|move|p2a: Porygon2|Ice Beam|p1a: Heatran\n|-resisted|p1a: Heatran\n|-damage|p1a: Heatran|79\/100\n|-enditem|p1a: Heatran|Air Balloon\n|\n|-damage|p2a: Porygon2|70\/100 tox|[from] psn\n|upkeep\n|turn|14\n|\n|t:|1700292042\n|switch|p2a: Marowak|Marowak-Alola, F|82\/100 tox\n|-damage|p2a: Marowak|57\/100 tox|[from] Stealth Rock\n|move|p1a: Heatran|Magma Storm|p2a: Marowak|[miss]\n|-miss|p1a: Heatran|p2a: Marowak\n|\n|-damage|p2a: Marowak|51\/100 tox|[from] psn\n|upkeep\n|turn|15\n|\n|t:|1700292048\n|move|p1a: Heatran|Earth Power|p2a: Marowak\n|-supereffective|p2a: Marowak\n|-damage|p2a: Marowak|0 fnt\n|faint|p2a: Marowak\n|\n|upkeep\n|\n|t:|1700292052\n|switch|p2a: Cresselia|Cresselia, F|100\/100\n|-damage|p2a: Cresselia|88\/100|[from] Stealth Rock\n|turn|16\n|\n|t:|1700292066\n|move|p1a: Heatran|Toxic|p2a: Cresselia\n|-status|p2a: Cresselia|tox\n|move|p2a: Cresselia|Trick Room|p2a: Cresselia\n|-fieldstart|move: Trick Room|[of] p2a: Cresselia\n|\n|-damage|p2a: Cresselia|82\/100 tox|[from] psn\n|upkeep\n|turn|17\n|\n|t:|1700292078\n|switch|p2a: Ursaluna|Ursaluna, F|100\/100\n|-damage|p2a: Ursaluna|94\/100|[from] Stealth Rock\n|move|p1a: Heatran|Magma Storm|p2a: Ursaluna\n|-damage|p2a: Ursaluna|49\/100\n|-activate|p2a: Ursaluna|move: Magma Storm|[of] p1a: Heatran\n|\n|-damage|p2a: Ursaluna|37\/100|[from] move: Magma Storm|[partiallytrapped]\n|-status|p2a: Ursaluna|brn|[from] item: Flame Orb\n|upkeep\n|turn|18\n|\n|t:|1700292106\n|switch|p1a: Kartana|Kartana|100\/100\n|-damage|p1a: Kartana|94\/100|[from] Stealth Rock\n|move|p2a: Ursaluna|Facade|p1a: Kartana\n|-resisted|p1a: Kartana\n|-damage|p1a: Kartana|24\/100\n|\n|-damage|p2a: Ursaluna|31\/100 brn|[from] brn\n|-end|p2a: Ursaluna|Magma Storm|[partiallytrapped]|[silent]\n|upkeep\n|turn|19\n|\n|t:|1700292123\n|move|p2a: Ursaluna|Earthquake|p1a: Kartana\n|-damage|p1a: Kartana|0 fnt\n|faint|p1a: Kartana\n|\n|-damage|p2a: Ursaluna|24\/100 brn|[from] brn\n|upkeep\n|\n|t:|1700292125\n|switch|p1a: Aegislash|Aegislash, F|94\/100\n|-damage|p1a: Aegislash|88\/100|[from] Stealth Rock\n|turn|20\n|\n|t:|1700292135\n|switch|p2a: Porygon2|Porygon2|70\/100 tox\n|-damage|p2a: Porygon2|57\/100 tox|[from] Stealth Rock\n|-ability|p2a: Porygon2|Download|boost\n|-boost|p2a: Porygon2|atk|1\n|move|p1a: Aegislash|King's Shield||[still]\n|-fail|p1a: Aegislash\n|\n|-damage|p2a: Porygon2|51\/100 tox|[from] psn\n|-fieldend|move: Trick Room\n|upkeep\n|turn|21\n|\n|t:|1700292147\n|-formechange|p1a: Aegislash|Aegislash-Blade||[from] ability: Stance Change\n|move|p1a: Aegislash|Close Combat|p2a: Porygon2\n|-supereffective|p2a: Porygon2\n|-damage|p2a: Porygon2|5\/100 tox\n|-unboost|p1a: Aegislash|def|1\n|-unboost|p1a: Aegislash|spd|1\n|move|p2a: Porygon2|Trick Room|p2a: Porygon2\n|-fieldstart|move: Trick Room|[of] p2a: Porygon2\n|\n|-damage|p2a: Porygon2|0 fnt|[from] psn\n|faint|p2a: Porygon2\n|upkeep\n|\n|t:|1700292153\n|switch|p2a: Ursaluna|Ursaluna, F|24\/100 brn\n|-damage|p2a: Ursaluna|18\/100 brn|[from] Stealth Rock\n|turn|22\n|\n|t:|1700292161\n|-formechange|p1a: Aegislash|Aegislash||[from] ability: Stance Change\n|move|p1a: Aegislash|King's Shield|p1a: Aegislash\n|-singleturn|p1a: Aegislash|Protect\n|move|p2a: Ursaluna|Earthquake|p1a: Aegislash\n|-activate|p1a: Aegislash|move: Protect\n|\n|-damage|p2a: Ursaluna|12\/100 brn|[from] brn\n|upkeep\n|turn|23\n|\n|t:|1700292178\n|switch|p1a: Heatran|Heatran, M|79\/100\n|-damage|p1a: Heatran|67\/100|[from] Stealth Rock\n|move|p2a: Ursaluna|Facade|p1a: Heatran\n|-resisted|p1a: Heatran\n|-damage|p1a: Heatran|0 fnt\n|faint|p1a: Heatran\n|\n|-damage|p2a: Ursaluna|6\/100 brn|[from] brn\n|upkeep\n|\n|t:|1700292184\n|switch|p1a: Aegislash|Aegislash, F|88\/100\n|-damage|p1a: Aegislash|82\/100|[from] Stealth Rock\n|turn|24\n|\n|t:|1700292187\n|switch|p2a: Cresselia|Cresselia, F|82\/100 tox\n|-damage|p2a: Cresselia|70\/100 tox|[from] Stealth Rock\n|move|p1a: Aegislash|King's Shield||[still]\n|-fail|p1a: Aegislash\n|\n|-damage|p2a: Cresselia|64\/100 tox|[from] psn\n|upkeep\n|turn|25\n|inactive|Battle timer is ON: inactive players will automatically lose when time's up. (requested by False Swipeing\u70b9\u8001\u5e08)\n|j| KoKohs\n|inactive|TheGrassKing1 has 120 seconds left.\n|l| KoKohs\n|\n|t:|1700292260\n|-terastallize|p2a: Cresselia|Fairy\n|-terastallize|p1a: Aegislash|Ghost\n|move|p2a: Cresselia|Moonlight|p2a: Cresselia\n|-heal|p2a: Cresselia|100\/100 tox\n|-formechange|p1a: Aegislash|Aegislash-Blade||[from] ability: Stance Change\n|move|p1a: Aegislash|Shadow Ball|p2a: Cresselia\n|-damage|p2a: Cresselia|52\/100 tox\n|\n|-damage|p2a: Cresselia|40\/100 tox|[from] psn\n|-fieldend|move: Trick Room\n|upkeep\n|turn|26\n|\n|t:|1700292274\n|move|p1a: Aegislash|Shadow Ball|p2a: Cresselia\n|-damage|p2a: Cresselia|0 fnt\n|faint|p2a: Cresselia\n|\n|upkeep\n|-message|False Swipeing\u70b9\u8001\u5e08 forfeited.\n|\n|win|TheGrassKing1\n|raw|TheGrassKing1's rating: 1649 &rarr; <strong>1676<\/strong><br \/>(+27 for winning)\n|raw|False Swipeing\u70b9\u8001\u5e08's rating: 1781 &rarr; <strong>1754<\/strong><br \/>(-27 for losing)\n|l|\u2606False Swipeing\u70b9\u8001\u5e08\n|l| zhiyinge\n","uploadtime":1700292335,"views":6,"p1id":"thegrassking1","p2id":"falseswipeing","formatid":"gen9nationaldex","rating":1676,"private":0,"password":""}