{"id":"gen9nationaldex-1995286382","p1":"Spartan929","p2":"Equinox Flower11","format":"[Gen 9] National Dex","log":"|html|<div class=\"broadcast-blue\"><strong>[Gen 9] National Dex is currently suspecting Sneasler! For information on how to participate check out the <a href=\"https:\/\/www.smogon.com\/forums\/threads\/sv-national-dex-suspect-8-just-dance.3731534\/\">suspect thread<\/a>.<\/strong><\/div>\n|j|\u2606Spartan929\n|j|\u2606Equinox Flower11\n|t:|1700547060\n|gametype|singles\n|player|p1|Spartan929|ltsurge|1116\n|player|p2|Equinox Flower11|pokemonbreederf|1133\n|teamsize|p1|6\n|teamsize|p2|6\n|gen|9\n|tier|[Gen 9] National Dex\n|rated|\n|rule|HP Percentage Mod: HP is shown in percentages\n|rule|Endless Battle Clause: Forcing endless battles is banned\n|rule|OHKO Clause: OHKO moves are banned\n|rule|Evasion Clause: Evasion abilities, items, and moves are banned\n|rule|Evasion Abilities Clause: Evasion abilities are banned\n|rule|Evasion Items Clause: Evasion items are banned\n|rule|Evasion Moves Clause: Evasion moves are banned\n|rule|Species Clause: Limit one of each Pok\u00e9mon\n|rule|Sleep Clause Mod: Limit one foe put to sleep\n|clearpoke\n|poke|p1|Blastoise, M|\n|poke|p1|Raichu-Alola, M|\n|poke|p1|Houndoom, M|\n|poke|p1|Victreebel, F|\n|poke|p1|Heracross, F|\n|poke|p1|Sandslash-Alola, M|\n|poke|p2|Sableye, F|\n|poke|p2|Clodsire, F|\n|poke|p2|Toxapex, F|\n|poke|p2|Garganacl, M|\n|poke|p2|Gliscor, M|\n|poke|p2|Dondozo, F|\n|teampreview\n|inactive|Battle timer is ON: inactive players will automatically lose when time's up. (requested by Equinox Flower11)\n|\n|t:|1700547073\n|start\n|switch|p1a: Slurpee|Sandslash-Alola, M, shiny|100\/100\n|switch|p2a: Garganacl|Garganacl, M|100\/100\n|turn|1\n|\n|t:|1700547083\n|move|p1a: Slurpee|Iron Head|p2a: Garganacl\n|-supereffective|p2a: Garganacl\n|-damage|p2a: Garganacl|52\/100\n|cant|p2a: Garganacl|flinch\n|\n|-heal|p2a: Garganacl|59\/100|[from] item: Leftovers\n|upkeep\n|turn|2\n|\n|t:|1700547090\n|move|p2a: Garganacl|Protect|p2a: Garganacl\n|-singleturn|p2a: Garganacl|Protect\n|move|p1a: Slurpee|Iron Head|p2a: Garganacl\n|-activate|p2a: Garganacl|move: Protect\n|\n|-heal|p2a: Garganacl|65\/100|[from] item: Leftovers\n|upkeep\n|turn|3\n|\n|t:|1700547099\n|-terastallize|p2a: Garganacl|Water\n|move|p1a: Slurpee|Iron Head|p2a: Garganacl\n|-resisted|p2a: Garganacl\n|-damage|p2a: Garganacl|53\/100\n|move|p2a: Garganacl|Iron Defense|p2a: Garganacl\n|-boost|p2a: Garganacl|def|2\n|\n|-heal|p2a: Garganacl|59\/100|[from] item: Leftovers\n|upkeep\n|turn|4\n|\n|t:|1700547107\n|switch|p1a: Turbo|Raichu-Alola, M|100\/100\n|move|p2a: Garganacl|Recover|p2a: Garganacl\n|-heal|p2a: Garganacl|100\/100\n|\n|upkeep\n|turn|5\n|\n|t:|1700547113\n|move|p1a: Turbo|Thunderbolt|p2a: Garganacl\n|-supereffective|p2a: Garganacl\n|-damage|p2a: Garganacl|51\/100\n|move|p2a: Garganacl|Salt Cure|p1a: Turbo\n|-damage|p1a: Turbo|68\/100\n|-start|p1a: Turbo|Salt Cure\n|\n|-heal|p2a: Garganacl|58\/100|[from] item: Leftovers\n|-damage|p1a: Turbo|56\/100|[from] Salt Cure\n|upkeep\n|turn|6\n|\n|t:|1700547118\n|move|p2a: Garganacl|Protect|p2a: Garganacl\n|-singleturn|p2a: Garganacl|Protect\n|move|p1a: Turbo|Thunderbolt|p2a: Garganacl\n|-activate|p2a: Garganacl|move: Protect\n|\n|-heal|p2a: Garganacl|64\/100|[from] item: Leftovers\n|-damage|p1a: Turbo|43\/100|[from] Salt Cure\n|upkeep\n|turn|7\n|\n|t:|1700547127\n|move|p1a: Turbo|Thunderbolt|p2a: Garganacl\n|-supereffective|p2a: Garganacl\n|-damage|p2a: Garganacl|16\/100\n|move|p2a: Garganacl|Recover|p2a: Garganacl\n|-heal|p2a: Garganacl|66\/100\n|\n|-heal|p2a: Garganacl|72\/100|[from] item: Leftovers\n|-damage|p1a: Turbo|31\/100|[from] Salt Cure\n|upkeep\n|turn|8\n|\n|t:|1700547134\n|switch|p1a: Roxy|Victreebel, F, shiny|100\/100\n|move|p2a: Garganacl|Protect||[still]\n|-fail|p2a: Garganacl\n|\n|-heal|p2a: Garganacl|78\/100|[from] item: Leftovers\n|upkeep\n|turn|9\n|\n|t:|1700547139\n|move|p1a: Roxy|Leaf Blade|p2a: Garganacl\n|-supereffective|p2a: Garganacl\n|-damage|p2a: Garganacl|48\/100\n|move|p2a: Garganacl|Recover|p2a: Garganacl\n|-heal|p2a: Garganacl|98\/100\n|\n|-heal|p2a: Garganacl|100\/100|[from] item: Leftovers\n|upkeep\n|turn|10\n|\n|t:|1700547146\n|move|p1a: Roxy|Leaf Blade|p2a: Garganacl\n|-supereffective|p2a: Garganacl\n|-damage|p2a: Garganacl|74\/100\n|move|p2a: Garganacl|Salt Cure|p1a: Roxy\n|-damage|p1a: Roxy|79\/100\n|-start|p1a: Roxy|Salt Cure\n|\n|-heal|p2a: Garganacl|80\/100|[from] item: Leftovers\n|-damage|p1a: Roxy|66\/100|[from] Salt Cure\n|upkeep\n|turn|11\n|\n|t:|1700547150\n|move|p1a: Roxy|Poison Jab|p2a: Garganacl\n|-damage|p2a: Garganacl|67\/100\n|move|p2a: Garganacl|Iron Defense|p2a: Garganacl\n|-boost|p2a: Garganacl|def|2\n|\n|-heal|p2a: Garganacl|73\/100|[from] item: Leftovers\n|-damage|p1a: Roxy|54\/100|[from] Salt Cure\n|upkeep\n|turn|12\n|\n|t:|1700547156\n|move|p1a: Roxy|Leaf Blade|p2a: Garganacl\n|-supereffective|p2a: Garganacl\n|-damage|p2a: Garganacl|54\/100\n|move|p2a: Garganacl|Recover|p2a: Garganacl\n|-heal|p2a: Garganacl|100\/100\n|\n|-damage|p1a: Roxy|42\/100|[from] Salt Cure\n|upkeep\n|-enditem|p1a: Roxy|Salac Berry|[eat]\n|-boost|p1a: Roxy|spe|1|[from] item: Salac Berry\n|turn|13\n|\n|t:|1700547160\n|move|p1a: Roxy|Leaf Blade|p2a: Garganacl\n|-supereffective|p2a: Garganacl\n|-damage|p2a: Garganacl|81\/100\n|move|p2a: Garganacl|Salt Cure|p1a: Roxy\n|-damage|p1a: Roxy|21\/100\n|\n|-heal|p2a: Garganacl|87\/100|[from] item: Leftovers\n|-damage|p1a: Roxy|9\/100|[from] Salt Cure\n|upkeep\n|turn|14\n|\n|t:|1700547164\n|move|p2a: Garganacl|Protect|p2a: Garganacl\n|-singleturn|p2a: Garganacl|Protect\n|move|p1a: Roxy|Leaf Blade|p2a: Garganacl\n|-activate|p2a: Garganacl|move: Protect\n|\n|-heal|p2a: Garganacl|94\/100|[from] item: Leftovers\n|-damage|p1a: Roxy|0 fnt|[from] Salt Cure\n|faint|p1a: Roxy\n|upkeep\n|\n|t:|1700547173\n|switch|p1a: Turbo|Raichu-Alola, M|31\/100\n|turn|15\n|\n|t:|1700547180\n|move|p1a: Turbo|Thunderbolt|p2a: Garganacl\n|-supereffective|p2a: Garganacl\n|-damage|p2a: Garganacl|44\/100\n|move|p2a: Garganacl|Salt Cure|p1a: Turbo\n|-damage|p1a: Turbo|0 fnt\n|faint|p1a: Turbo\n|\n|-heal|p2a: Garganacl|50\/100|[from] item: Leftovers\n|upkeep\n|\n|t:|1700547193\n|switch|p1a: Houndoom|Houndoom, M|100\/100\n|turn|16\n|\n|t:|1700547200\n|detailschange|p1a: Houndoom|Houndoom-Mega, M\n|-mega|p1a: Houndoom|Houndoom|Houndoominite\n|move|p2a: Garganacl|Protect|p2a: Garganacl\n|-singleturn|p2a: Garganacl|Protect\n|move|p1a: Houndoom|Dark Pulse|p2a: Garganacl\n|-activate|p2a: Garganacl|move: Protect\n|\n|-heal|p2a: Garganacl|56\/100|[from] item: Leftovers\n|upkeep\n|turn|17\n|\n|t:|1700547208\n|move|p1a: Houndoom|Dark Pulse|p2a: Garganacl\n|-damage|p2a: Garganacl|27\/100\n|cant|p2a: Garganacl|flinch\n|\n|-heal|p2a: Garganacl|34\/100|[from] item: Leftovers\n|upkeep\n|turn|18\n|\n|t:|1700547218\n|move|p2a: Garganacl|Protect|p2a: Garganacl\n|-singleturn|p2a: Garganacl|Protect\n|move|p1a: Houndoom|Dark Pulse|p2a: Garganacl\n|-activate|p2a: Garganacl|move: Protect\n|\n|-heal|p2a: Garganacl|40\/100|[from] item: Leftovers\n|upkeep\n|turn|19\n|\n|t:|1700547223\n|move|p1a: Houndoom|Dark Pulse|p2a: Garganacl\n|-damage|p2a: Garganacl|12\/100\n|move|p2a: Garganacl|Recover|p2a: Garganacl\n|-heal|p2a: Garganacl|62\/100\n|\n|-heal|p2a: Garganacl|68\/100|[from] item: Leftovers\n|upkeep\n|turn|20\n|\n|t:|1700547232\n|switch|p1a: HydroThunder|Blastoise, M|100\/100\n|move|p2a: Garganacl|Recover|p2a: Garganacl\n|-heal|p2a: Garganacl|100\/100\n|\n|upkeep\n|turn|21\n|\n|t:|1700547235\n|move|p1a: HydroThunder|Shell Smash|p1a: HydroThunder\n|-unboost|p1a: HydroThunder|def|1\n|-unboost|p1a: HydroThunder|spd|1\n|-boost|p1a: HydroThunder|atk|2\n|-boost|p1a: HydroThunder|spa|2\n|-boost|p1a: HydroThunder|spe|2\n|-enditem|p1a: HydroThunder|White Herb\n|-clearnegativeboost|p1a: HydroThunder|[silent]\n|move|p2a: Garganacl|Salt Cure|p1a: HydroThunder\n|-damage|p1a: HydroThunder|83\/100\n|-start|p1a: HydroThunder|Salt Cure\n|\n|-damage|p1a: HydroThunder|58\/100|[from] Salt Cure\n|upkeep\n|turn|22\n|\n|t:|1700547244\n|move|p1a: HydroThunder|Dark Pulse|p2a: Garganacl\n|-damage|p2a: Garganacl|69\/100\n|cant|p2a: Garganacl|flinch\n|\n|-heal|p2a: Garganacl|75\/100|[from] item: Leftovers\n|-damage|p1a: HydroThunder|34\/100|[from] Salt Cure\n|upkeep\n|turn|23\n|\n|t:|1700547249\n|move|p2a: Garganacl|Protect|p2a: Garganacl\n|-singleturn|p2a: Garganacl|Protect\n|move|p1a: HydroThunder|Dark Pulse|p2a: Garganacl\n|-activate|p2a: Garganacl|move: Protect\n|\n|-heal|p2a: Garganacl|81\/100|[from] item: Leftovers\n|-damage|p1a: HydroThunder|9\/100|[from] Salt Cure\n|upkeep\n|turn|24\n|\n|t:|1700547258\n|move|p1a: HydroThunder|Dark Pulse|p2a: Garganacl\n|-damage|p2a: Garganacl|51\/100\n|move|p2a: Garganacl|Recover|p2a: Garganacl\n|-heal|p2a: Garganacl|100\/100\n|\n|-damage|p1a: HydroThunder|0 fnt|[from] Salt Cure\n|faint|p1a: HydroThunder\n|upkeep\n|\n|t:|1700547264\n|switch|p1a: Houndoom|Houndoom-Mega, M|100\/100\n|turn|25\n|\n|t:|1700547269\n|move|p1a: Houndoom|Dark Pulse|p2a: Garganacl\n|-damage|p2a: Garganacl|72\/100\n|cant|p2a: Garganacl|flinch\n|\n|-heal|p2a: Garganacl|78\/100|[from] item: Leftovers\n|upkeep\n|turn|26\n|\n|t:|1700547275\n|move|p1a: Houndoom|Dark Pulse|p2a: Garganacl\n|-damage|p2a: Garganacl|49\/100\n|move|p2a: Garganacl|Salt Cure|p1a: Houndoom\n|-supereffective|p1a: Houndoom\n|-damage|p1a: Houndoom|67\/100\n|-start|p1a: Houndoom|Salt Cure\n|\n|-heal|p2a: Garganacl|55\/100|[from] item: Leftovers\n|-damage|p1a: Houndoom|54\/100|[from] Salt Cure\n|upkeep\n|turn|27\n|\n|t:|1700547280\n|move|p1a: Houndoom|Destiny Bond|p1a: Houndoom\n|-singlemove|p1a: Houndoom|Destiny Bond\n|move|p2a: Garganacl|Recover|p2a: Garganacl\n|-heal|p2a: Garganacl|100\/100\n|\n|-damage|p1a: Houndoom|42\/100|[from] Salt Cure\n|upkeep\n|turn|28\n|\n|t:|1700547286\n|move|p1a: Houndoom|Dark Pulse|p2a: Garganacl\n|-damage|p2a: Garganacl|72\/100\n|move|p2a: Garganacl|Salt Cure|p1a: Houndoom\n|-supereffective|p1a: Houndoom\n|-damage|p1a: Houndoom|3\/100\n|\n|-heal|p2a: Garganacl|78\/100|[from] item: Leftovers\n|-damage|p1a: Houndoom|0 fnt|[from] Salt Cure\n|faint|p1a: Houndoom\n|upkeep\n|\n|t:|1700547300\n|switch|p1a: Phobia|Heracross, F|100\/100\n|turn|29\n|\n|t:|1700547307\n|move|p2a: Garganacl|Protect|p2a: Garganacl\n|-singleturn|p2a: Garganacl|Protect\n|move|p1a: Phobia|Trailblaze|p2a: Garganacl\n|-activate|p2a: Garganacl|move: Protect\n|\n|-heal|p2a: Garganacl|84\/100|[from] item: Leftovers\n|upkeep\n|turn|30\n|\n|t:|1700547313\n|move|p1a: Phobia|Trailblaze|p2a: Garganacl\n|-supereffective|p2a: Garganacl\n|-damage|p2a: Garganacl|76\/100\n|-boost|p1a: Phobia|spe|1\n|move|p2a: Garganacl|Salt Cure|p1a: Phobia\n|-damage|p1a: Phobia|82\/100\n|-start|p1a: Phobia|Salt Cure\n|\n|-heal|p1a: Phobia|88\/100|[from] item: Leftovers\n|-heal|p2a: Garganacl|83\/100|[from] item: Leftovers\n|-damage|p1a: Phobia|75\/100|[from] Salt Cure\n|upkeep\n|turn|31\n|-message|Spartan929 forfeited.\n|\n|win|Equinox Flower11\n|raw|Spartan929's rating: 1116 &rarr; <strong>1092<\/strong><br \/>(-24 for losing)\n|raw|Equinox Flower11's rating: 1133 &rarr; <strong>1157<\/strong><br \/>(+24 for winning)\n|l|\u2606Spartan929\n","uploadtime":1700547325,"views":1,"p1id":"spartan929","p2id":"equinoxflower11","formatid":"gen9nationaldex","rating":1092,"private":0,"password":""}