{"id":"gen9nationaldex-1992205446","p1":"bwill243","p2":"StormWitch","format":"[Gen 9] National Dex","log":"|j|\u2606bwill243\n|j|\u2606StormWitch\n|t:|1700163751\n|gametype|singles\n|player|p1|bwill243|pokemonranger-gen4|\n|player|p2|StormWitch|serena-masters2|\n|teamsize|p1|6\n|teamsize|p2|6\n|gen|9\n|tier|[Gen 9] National Dex\n|rule|HP Percentage Mod: HP is shown in percentages\n|rule|Endless Battle Clause: Forcing endless battles is banned\n|rule|OHKO Clause: OHKO moves are banned\n|rule|Evasion Clause: Evasion abilities, items, and moves are banned\n|rule|Evasion Abilities Clause: Evasion abilities are banned\n|rule|Evasion Items Clause: Evasion items are banned\n|rule|Evasion Moves Clause: Evasion moves are banned\n|rule|Species Clause: Limit one of each Pok\u00e9mon\n|rule|Sleep Clause Mod: Limit one foe put to sleep\n|clearpoke\n|poke|p1|Delphox, F|\n|poke|p1|Ninjask, F|\n|poke|p1|Qwilfish-Hisui, M|\n|poke|p1|Wishiwashi, F|\n|poke|p1|Decidueye, F|\n|poke|p1|Bellibolt, M|\n|poke|p2|Ribombee, F|\n|poke|p2|Porygon2|\n|poke|p2|Bronzong|\n|poke|p2|Hitmonlee, M|\n|poke|p2|Toedscruel, M|\n|poke|p2|Rotom-Fan|\n|teampreview\n|j| MrTGY\n|c|\u2606bwill243|glhf\n|c|\u2606StormWitch|glhf!\n|c|\u2606bwill243|can u post in revcord\n|c|\u2606StormWitch|sure\n|c|\u2606StormWitch|want me to ping mean lookers?\n|c|\u2606bwill243|yea\n|l| MrTGY\n|\n|t:|1700163816\n|start\n|switch|p1a: john pm7|Bellibolt, M|100\/100\n|switch|p2a: Rotom|Rotom-Fan|100\/100\n|turn|1\n|\n|t:|1700163825\n|move|p2a: Rotom|Toxic|p1a: john pm7\n|-status|p1a: john pm7|tox\n|move|p1a: john pm7|Light Screen|p1a: john pm7\n|-sidestart|p1: bwill243|move: Light Screen\n|\n|-damage|p1a: john pm7|94\/100 tox|[from] psn\n|upkeep\n|turn|2\n|j| troon stomper\n|\n|t:|1700163836\n|switch|p2a: Bronzong|Bronzong|100\/100\n|move|p1a: john pm7|Toxic|p2a: Bronzong\n|-immune|p2a: Bronzong\n|\n|-damage|p1a: john pm7|82\/100 tox|[from] psn\n|upkeep\n|turn|3\n|\n|t:|1700163873\n|switch|p1a: Hood Classic|Decidueye, F|100\/100\n|move|p2a: Bronzong|Light Screen|p2a: Bronzong\n|-sidestart|p2: StormWitch|move: Light Screen\n|\n|upkeep\n|turn|4\n|l| troon stomper\n|j| Sheepie03\n|\n|t:|1700163897\n|switch|p2a: Porygon2|Porygon2|100\/100\n|-ability|p2a: Porygon2|Download|boost\n|-boost|p2a: Porygon2|atk|1\n|move|p1a: Hood Classic|Shadow Ball|p2a: Porygon2\n|-immune|p2a: Porygon2\n|\n|upkeep\n|turn|5\n|\n|t:|1700163905\n|move|p1a: Hood Classic|Toxic|p2a: Porygon2\n|-status|p2a: Porygon2|tox\n|move|p2a: Porygon2|Shadow Ball|p1a: Hood Classic\n|-supereffective|p1a: Hood Classic\n|-damage|p1a: Hood Classic|79\/100\n|\n|-damage|p2a: Porygon2|94\/100 tox|[from] psn\n|upkeep\n|turn|6\n|\n|t:|1700163964\n|switch|p1a: Gordo Gurt|Qwilfish-Hisui, M|100\/100\n|-ability|p1a: Gordo Gurt|Intimidate|boost\n|-unboost|p2a: Porygon2|atk|1\n|move|p2a: Porygon2|Shadow Ball|p1a: Gordo Gurt\n|-resisted|p1a: Gordo Gurt\n|-damage|p1a: Gordo Gurt|89\/100\n|\n|-damage|p2a: Porygon2|82\/100 tox|[from] psn\n|upkeep\n|turn|7\n|j| Dephe\n|\n|t:|1700163977\n|switch|p2a: Bronzong|Bronzong|100\/100\n|move|p1a: Gordo Gurt|Swords Dance|p1a: Gordo Gurt\n|-boost|p1a: Gordo Gurt|atk|2\n|\n|upkeep\n|turn|8\n|\n|t:|1700164042\n|move|p1a: Gordo Gurt|Crunch|p2a: Bronzong\n|-supereffective|p2a: Bronzong\n|-damage|p2a: Bronzong|0 fnt\n|faint|p2a: Bronzong\n|\n|-sideend|p1: bwill243|move: Light Screen\n|upkeep\n|j| sonyhawkproskater\n|\n|t:|1700164069\n|switch|p2a: Toedscruel|Toedscruel, M|100\/100\n|turn|9\n|\n|t:|1700164100\n|move|p2a: Toedscruel|Rapid Spin|p1a: Gordo Gurt\n|-damage|p1a: Gordo Gurt|81\/100\n|-boost|p2a: Toedscruel|spe|1\n|move|p1a: Gordo Gurt|Crunch|p2a: Toedscruel\n|-damage|p2a: Toedscruel|0 fnt\n|faint|p2a: Toedscruel\n|\n|upkeep\n|c|\u2606StormWitch|so someone fucked up their calcs real bad\n|c|\u2606bwill243|lol\n|\n|t:|1700164173\n|switch|p2a: Hitmonlee|Hitmonlee, M|100\/100\n|turn|10\n|\n|t:|1700164176\n|move|p2a: Hitmonlee|Close Combat|p1a: Gordo Gurt\n|-damage|p1a: Gordo Gurt|10\/100\n|-unboost|p2a: Hitmonlee|def|1\n|-unboost|p2a: Hitmonlee|spd|1\n|-enditem|p2a: Hitmonlee|White Herb\n|-clearnegativeboost|p2a: Hitmonlee|[silent]\n|move|p1a: Gordo Gurt|Gunk Shot|p2a: Hitmonlee\n|-damage|p2a: Hitmonlee|0 fnt\n|faint|p2a: Hitmonlee\n|\n|-sideend|p2: StormWitch|move: Light Screen\n|upkeep\n|-message|StormWitch forfeited.\n|\n|win|bwill243\n|c|\u2606bwill243|gg\n|c|\u2606StormWitch|ggs\n","uploadtime":1700164198,"views":32,"p1id":"bwill243","p2id":"stormwitch","formatid":"gen9nationaldex","rating":0,"private":0,"password":""}