{"id":"gen9nationaldex-1988842120","p1":"Maxbar82","p2":"Da1ba Nana","format":"[Gen 9] National Dex","log":"|j|\u2606Maxbar82\n|j|\u2606Da1ba Nana\n|t:|1699771776\n|gametype|singles\n|player|p1|Maxbar82|1|1181\n|player|p2|Da1ba Nana|baker|1267\n|teamsize|p1|6\n|teamsize|p2|6\n|gen|9\n|tier|[Gen 9] National Dex\n|rated|\n|rule|HP Percentage Mod: HP is shown in percentages\n|rule|Endless Battle Clause: Forcing endless battles is banned\n|rule|OHKO Clause: OHKO moves are banned\n|rule|Evasion Clause: Evasion abilities, items, and moves are banned\n|rule|Evasion Abilities Clause: Evasion abilities are banned\n|rule|Evasion Items Clause: Evasion items are banned\n|rule|Evasion Moves Clause: Evasion moves are banned\n|rule|Species Clause: Limit one of each Pok\u00e9mon\n|rule|Sleep Clause Mod: Limit one foe put to sleep\n|clearpoke\n|poke|p1|Galvantula, M|\n|poke|p1|Uxie|\n|poke|p1|Altaria, M|\n|poke|p1|Garganacl, M|\n|poke|p1|Skeledirge, M|\n|poke|p1|Greninja-*, M|\n|poke|p2|Slurpuff, F|\n|poke|p2|Aegislash, F|\n|poke|p2|Charizard, M|\n|poke|p2|Flygon, F|\n|poke|p2|Nidoking, M|\n|poke|p2|Milotic, F|\n|teampreview\n|\n|t:|1699771784\n|start\n|switch|p1a: Galvantula|Galvantula, M, shiny|100\/100\n|switch|p2a: Nidoking|Nidoking, M|100\/100\n|turn|1\n|inactive|Battle timer is ON: inactive players will automatically lose when time's up. (requested by Maxbar82)\n|\n|t:|1699771791\n|move|p1a: Galvantula|Sticky Web|p2a: Nidoking\n|-sidestart|p2: Da1ba Nana|move: Sticky Web\n|move|p2a: Nidoking|Flamethrower|p1a: Galvantula\n|-supereffective|p1a: Galvantula\n|-enditem|p1a: Galvantula|Focus Sash\n|-damage|p1a: Galvantula|1\/100\n|\n|upkeep\n|turn|2\n|\n|t:|1699771800\n|switch|p1a: Uxie|Uxie, shiny|100\/100\n|move|p2a: Nidoking|Sludge Bomb|p1a: Uxie\n|-damage|p1a: Uxie|50\/100\n|\n|upkeep\n|turn|3\n|\n|t:|1699771808\n|move|p1a: Uxie|Trick|p2a: Nidoking\n|-activate|p1a: Uxie|move: Trick|[of] p2a: Nidoking\n|-item|p2a: Nidoking|Choice Scarf|[from] move: Trick\n|-item|p1a: Uxie|Life Orb|[from] move: Trick\n|move|p2a: Nidoking|Sludge Bomb|p1a: Uxie\n|-damage|p1a: Uxie|12\/100\n|\n|upkeep\n|turn|4\n|\n|t:|1699771819\n|move|p2a: Nidoking|Sludge Bomb|p1a: Uxie\n|-damage|p1a: Uxie|0 fnt\n|faint|p1a: Uxie\n|\n|upkeep\n|\n|t:|1699771824\n|switch|p1a: Garganacl|Garganacl, M, shiny|100\/100\n|turn|5\n|\n|t:|1699771830\n|switch|p2a: Flygon|Flygon, F|100\/100\n|move|p1a: Garganacl|Iron Defense|p1a: Garganacl\n|-boost|p1a: Garganacl|def|2\n|\n|upkeep\n|turn|6\n|\n|t:|1699771836\n|move|p2a: Flygon|Defog|p1a: Garganacl\n|-unboost|p1a: Garganacl|evasion|1\n|-sideend|p2: Da1ba Nana|Sticky Web|[from] move: Defog|[of] p2a: Flygon\n|move|p1a: Garganacl|Iron Defense|p1a: Garganacl\n|-boost|p1a: Garganacl|def|2\n|\n|upkeep\n|turn|7\n|\n|t:|1699771843\n|move|p2a: Flygon|U-turn|p1a: Garganacl\n|-damage|p1a: Garganacl|97\/100\n|\n|t:|1699771845\n|switch|p2a: Nidoking|Nidoking, M|100\/100|[from] U-turn\n|move|p1a: Garganacl|Iron Defense|p1a: Garganacl\n|-boost|p1a: Garganacl|def|2\n|\n|-heal|p1a: Garganacl|100\/100|[from] item: Leftovers\n|upkeep\n|turn|8\n|\n|t:|1699771854\n|move|p2a: Nidoking|Earth Power|p1a: Garganacl\n|-supereffective|p1a: Garganacl\n|-damage|p1a: Garganacl|9\/100\n|move|p1a: Garganacl|Body Press|p2a: Nidoking\n|-resisted|p2a: Nidoking\n|-damage|p2a: Nidoking|11\/100\n|\n|-heal|p1a: Garganacl|16\/100|[from] item: Leftovers\n|upkeep\n|turn|9\n|\n|t:|1699771876\n|switch|p1a: Galvantula|Galvantula, M, shiny|1\/100\n|move|p2a: Nidoking|Earth Power|p1a: Galvantula\n|-damage|p1a: Galvantula|0 fnt\n|faint|p1a: Galvantula\n|\n|upkeep\n|\n|t:|1699771886\n|switch|p1a: Skeledirge|Skeledirge, M, shiny|100\/100\n|turn|10\n|\n|t:|1699771890\n|move|p2a: Nidoking|Earth Power|p1a: Skeledirge\n|-supereffective|p1a: Skeledirge\n|-damage|p1a: Skeledirge|42\/100\n|move|p1a: Skeledirge|Torch Song|p2a: Nidoking\n|-damage|p2a: Nidoking|0 fnt\n|-boost|p1a: Skeledirge|spa|1\n|faint|p2a: Nidoking\n|\n|upkeep\n|\n|t:|1699771897\n|switch|p2a: Flygon|Flygon, F|100\/100\n|turn|11\n|\n|t:|1699771916\n|-terastallize|p1a: Skeledirge|Grass\n|move|p2a: Flygon|Earthquake|p1a: Skeledirge\n|-resisted|p1a: Skeledirge\n|-damage|p1a: Skeledirge|23\/100\n|move|p1a: Skeledirge|Tera Blast|p2a: Flygon|[anim] Tera Blast Grass\n|-damage|p2a: Flygon|23\/100\n|\n|upkeep\n|turn|12\n|\n|t:|1699771924\n|move|p2a: Flygon|Dual Wingbeat|p1a: Skeledirge\n|-supereffective|p1a: Skeledirge\n|-damage|p1a: Skeledirge|4\/100\n|-supereffective|p1a: Skeledirge\n|-damage|p1a: Skeledirge|0 fnt\n|faint|p1a: Skeledirge\n|-hitcount|p1: Skeledirge|2\n|\n|upkeep\n|\n|t:|1699771934\n|switch|p1a: Garganacl|Garganacl, M, shiny|16\/100\n|turn|13\n|\n|t:|1699771939\n|move|p2a: Flygon|Earthquake|p1a: Garganacl\n|-supereffective|p1a: Garganacl\n|-damage|p1a: Garganacl|0 fnt\n|faint|p1a: Garganacl\n|\n|upkeep\n|\n|t:|1699771942\n|switch|p1a: Altaria|Altaria, M, shiny|100\/100\n|turn|14\n|\n|t:|1699771947\n|detailschange|p1a: Altaria|Altaria-Mega, M, shiny\n|-mega|p1a: Altaria|Altaria|Altarianite\n|move|p2a: Flygon|U-turn|p1a: Altaria\n|-resisted|p1a: Altaria\n|-damage|p1a: Altaria|90\/100\n|\n|t:|1699771953\n|switch|p2a: Aegislash|Aegislash, F|100\/100|[from] U-turn\n|move|p1a: Altaria|Dragon Dance|p1a: Altaria\n|-boost|p1a: Altaria|atk|1\n|-boost|p1a: Altaria|spe|1\n|\n|upkeep\n|turn|15\n|\n|t:|1699771967\n|-terastallize|p2a: Aegislash|Steel\n|move|p1a: Altaria|Dragon Dance|p1a: Altaria\n|-boost|p1a: Altaria|atk|1\n|-boost|p1a: Altaria|spe|1\n|-formechange|p2a: Aegislash|Aegislash-Blade||[from] ability: Stance Change\n|move|p2a: Aegislash|Gyro Ball|p1a: Altaria\n|-supereffective|p1a: Altaria\n|-damage|p1a: Altaria|0 fnt\n|faint|p1a: Altaria\n|\n|upkeep\n|\n|t:|1699771970\n|switch|p1a: Greninja|Greninja, M|100\/100\n|turn|16\n|-message|Maxbar82 forfeited.\n|\n|win|Da1ba Nana\n|raw|Maxbar82's rating: 1181 &rarr; <strong>1162<\/strong><br \/>(-19 for losing)\n|raw|Da1ba Nana's rating: 1267 &rarr; <strong>1286<\/strong><br \/>(+19 for winning)\n|l|\u2606Maxbar82\n","uploadtime":1699771989,"views":8,"p1id":"maxbar82","p2id":"da1banana","formatid":"gen9nationaldex","rating":1162,"private":0,"password":""}