{"id":"gen9nationaldex-1993349355","p1":"luis1019","p2":"wzzma","format":"[Gen 9] National Dex","log":"|j|\u2606luis1019\n|j|\u2606wzzma\n|t:|1700303625\n|gametype|singles\n|player|p1|luis1019|265|1637\n|player|p2|wzzma|archer|1741\n|teamsize|p1|6\n|teamsize|p2|6\n|gen|9\n|tier|[Gen 9] National Dex\n|rated|\n|rule|HP Percentage Mod: HP is shown in percentages\n|rule|Endless Battle Clause: Forcing endless battles is banned\n|rule|OHKO Clause: OHKO moves are banned\n|rule|Evasion Clause: Evasion abilities, items, and moves are banned\n|rule|Evasion Abilities Clause: Evasion abilities are banned\n|rule|Evasion Items Clause: Evasion items are banned\n|rule|Evasion Moves Clause: Evasion moves are banned\n|rule|Species Clause: Limit one of each Pok\u00e9mon\n|rule|Sleep Clause Mod: Limit one foe put to sleep\n|clearpoke\n|poke|p1|Charizard, M|\n|poke|p1|Hippowdon, F|\n|poke|p1|Dragonite, F|\n|poke|p1|Excadrill, M|\n|poke|p1|Heatran, F|\n|poke|p1|Keldeo-Resolute|\n|poke|p2|Rillaboom, F|\n|poke|p2|Scizor, M|\n|poke|p2|Blaziken, F|\n|poke|p2|Ting-Lu|\n|poke|p2|Dragonite, F|\n|poke|p2|Tapu Lele|\n|teampreview\n|\n|t:|1700303633\n|start\n|switch|p1a: Charizard|Charizard, M|100\/100\n|switch|p2a: Rillaboom|Rillaboom, F|100\/100\n|-fieldstart|move: Grassy Terrain|[from] ability: Grassy Surge|[of] p2a: Rillaboom\n|turn|1\n|\n|t:|1700303643\n|switch|p2a: Ting-Lu|Ting-Lu|100\/100\n|-ability|p2a: Ting-Lu|Vessel of Ruin\n|detailschange|p1a: Charizard|Charizard-Mega-Y, M\n|-mega|p1a: Charizard|Charizard|Charizardite Y\n|-weather|SunnyDay|[from] ability: Drought|[of] p1a: Charizard\n|move|p1a: Charizard|Weather Ball|p2a: Ting-Lu\n|-damage|p2a: Ting-Lu|64\/100\n|\n|-weather|SunnyDay|[upkeep]\n|-heal|p2a: Ting-Lu|70\/100|[from] Grassy Terrain\n|-heal|p2a: Ting-Lu|77\/100|[from] item: Leftovers\n|upkeep\n|turn|2\n|\n|t:|1700303652\n|switch|p1a: Keldeo|Keldeo-Resolute|100\/100\n|move|p2a: Ting-Lu|Stone Edge|p1a: Keldeo\n|-resisted|p1a: Keldeo\n|-damage|p1a: Keldeo|86\/100\n|\n|-weather|SunnyDay|[upkeep]\n|-heal|p1a: Keldeo|92\/100|[from] Grassy Terrain\n|-heal|p2a: Ting-Lu|83\/100|[from] Grassy Terrain\n|-heal|p2a: Ting-Lu|89\/100|[from] item: Leftovers\n|upkeep\n|turn|3\n|\n|t:|1700303664\n|switch|p1a: Heatran|Heatran, F|100\/100\n|-item|p1a: Heatran|Air Balloon\n|switch|p2a: Rillaboom|Rillaboom, F|100\/100\n|\n|-weather|SunnyDay|[upkeep]\n|upkeep\n|turn|4\n|\n|t:|1700303669\n|move|p2a: Rillaboom|Superpower|p1a: Heatran\n|-supereffective|p1a: Heatran\n|-damage|p1a: Heatran|0 fnt\n|-unboost|p2a: Rillaboom|atk|1\n|-unboost|p2a: Rillaboom|def|1\n|-enditem|p1a: Heatran|Air Balloon\n|faint|p1a: Heatran\n|\n|-weather|SunnyDay|[upkeep]\n|upkeep\n|\n|t:|1700303691\n|switch|p1a: Dragonite|Dragonite, F|100\/100\n|turn|5\n|\n|t:|1700303696\n|switch|p2a: Ting-Lu|Ting-Lu|89\/100\n|-ability|p2a: Ting-Lu|Vessel of Ruin\n|move|p1a: Dragonite|Dragon Dance|p1a: Dragonite\n|-boost|p1a: Dragonite|atk|1\n|-boost|p1a: Dragonite|spe|1\n|\n|-weather|none\n|-heal|p2a: Ting-Lu|95\/100|[from] Grassy Terrain\n|-heal|p2a: Ting-Lu|100\/100|[from] item: Leftovers\n|-fieldend|move: Grassy Terrain\n|upkeep\n|turn|6\n|\n|t:|1700303702\n|-terastallize|p1a: Dragonite|Normal\n|move|p1a: Dragonite|Dragon Dance|p1a: Dragonite\n|-boost|p1a: Dragonite|atk|1\n|-boost|p1a: Dragonite|spe|1\n|move|p2a: Ting-Lu|Whirlwind|p1a: Dragonite\n|drag|p1a: Charizard|Charizard-Mega-Y, M|100\/100\n|-weather|SunnyDay|[from] ability: Drought|[of] p1a: Charizard\n|\n|-weather|SunnyDay|[upkeep]\n|upkeep\n|turn|7\n|\n|t:|1700303711\n|move|p1a: Charizard|Solar Beam||[still]\n|-prepare|p1a: Charizard|Solar Beam\n|-anim|p1a: Charizard|Solar Beam|p2a: Ting-Lu\n|-supereffective|p2a: Ting-Lu\n|-damage|p2a: Ting-Lu|57\/100\n|move|p2a: Ting-Lu|Stealth Rock|p1a: Charizard\n|-sidestart|p1: luis1019|move: Stealth Rock\n|\n|-weather|SunnyDay|[upkeep]\n|-heal|p2a: Ting-Lu|63\/100|[from] item: Leftovers\n|upkeep\n|turn|8\n|\n|t:|1700303719\n|switch|p1a: Keldeo|Keldeo-Resolute|92\/100\n|-damage|p1a: Keldeo|86\/100|[from] Stealth Rock\n|move|p2a: Ting-Lu|Stone Edge|p1a: Keldeo\n|-resisted|p1a: Keldeo\n|-damage|p1a: Keldeo|72\/100\n|\n|-weather|SunnyDay|[upkeep]\n|-heal|p2a: Ting-Lu|69\/100|[from] item: Leftovers\n|upkeep\n|turn|9\n|\n|t:|1700303721\n|switch|p2a: Rillaboom|Rillaboom, F|100\/100\n|-fieldstart|move: Grassy Terrain|[from] ability: Grassy Surge|[of] p2a: Rillaboom\n|move|p1a: Keldeo|Scald|p2a: Rillaboom\n|-resisted|p2a: Rillaboom\n|-damage|p2a: Rillaboom|88\/100\n|\n|-weather|SunnyDay|[upkeep]\n|-heal|p1a: Keldeo|78\/100|[from] Grassy Terrain\n|-heal|p2a: Rillaboom|94\/100|[from] Grassy Terrain\n|upkeep\n|turn|10\n|l|\u2606luis1019\n|player|p1|\n|inactive|Battle timer is ON: inactive players will automatically lose when time's up. (requested by wzzma)\n|j| Ghha\n|inactive|luis1019 has 30 seconds to reconnect!\n|inactive|luis1019 has 20 seconds to reconnect!\n|inactive|luis1019 has 15 seconds to reconnect!\n|inactive|luis1019 has 10 seconds to reconnect!\n|inactive|luis1019 has 5 seconds to reconnect!\n|-message|luis1019 lost due to inactivity.\n|\n|win|wzzma\n|raw|luis1019's rating: 1637 &rarr; <strong>1623<\/strong><br \/>(-14 for losing)\n|raw|wzzma's rating: 1741 &rarr; <strong>1755<\/strong><br \/>(+14 for winning)\n","uploadtime":1700303854,"views":6,"p1id":"luis1019","p2id":"wzzma","formatid":"gen9nationaldex","rating":1623,"private":0,"password":""}