{"id":"gen9nationaldex-1996232462","p1":"kingcow_thegoat","p2":"Chaoss150","format":"[Gen 9] National Dex","log":"|html|<div class=\"broadcast-blue\"><strong>[Gen 9] National Dex is currently suspecting Sneasler! For information on how to participate check out the <a href=\"https:\/\/www.smogon.com\/forums\/threads\/sv-national-dex-suspect-8-just-dance.3731534\/\">suspect thread<\/a>.<\/strong><\/div>\n|j|\u2606kingcow_thegoat\n|j|\u2606Chaoss150\n|t:|1700662096\n|gametype|singles\n|player|p1|kingcow_thegoat|2|\n|player|p2|Chaoss150|266|\n|teamsize|p1|6\n|teamsize|p2|6\n|gen|9\n|tier|[Gen 9] National Dex\n|rule|HP Percentage Mod: HP is shown in percentages\n|rule|Endless Battle Clause: Forcing endless battles is banned\n|rule|OHKO Clause: OHKO moves are banned\n|rule|Evasion Clause: Evasion abilities, items, and moves are banned\n|rule|Evasion Abilities Clause: Evasion abilities are banned\n|rule|Evasion Items Clause: Evasion items are banned\n|rule|Evasion Moves Clause: Evasion moves are banned\n|rule|Species Clause: Limit one of each Pok\u00e9mon\n|rule|Sleep Clause Mod: Limit one foe put to sleep\n|clearpoke\n|poke|p1|Tapu Bulu|\n|poke|p1|Sneasler, F|\n|poke|p1|Milotic, F|\n|poke|p1|Ninetales-Alola, M|\n|poke|p1|Toxapex, F|\n|poke|p1|Lopunny, M|\n|poke|p2|Hatterene, F|\n|poke|p2|Clefable, F|\n|poke|p2|Ninetales-Alola, M|\n|poke|p2|Iron Valiant|\n|poke|p2|Tapu Koko|\n|poke|p2|Mawile, F|\n|teampreview\n|c|\u2606Chaoss150|glhf\n|c|\u2606kingcow_thegoat|you too\n|inactive|Battle timer is ON: inactive players will automatically lose when time's up. (requested by Chaoss150)\n|\n|t:|1700662116\n|start\n|switch|p1a: Ninetales|Ninetales-Alola, M|100\/100\n|switch|p2a: Mawile|Mawile, F|100\/100\n|-weather|Snow|[from] ability: Snow Warning|[of] p1a: Ninetales\n|-ability|p2a: Mawile|Intimidate|boost\n|-unboost|p1a: Ninetales|atk|1\n|turn|1\n|\n|t:|1700662126\n|switch|p1a: Toxapex|Toxapex, F|100\/100\n|detailschange|p2a: Mawile|Mawile-Mega, F\n|-mega|p2a: Mawile|Mawile|Mawilite\n|move|p2a: Mawile|Substitute|p2a: Mawile\n|-start|p2a: Mawile|Substitute\n|-damage|p2a: Mawile|76\/100\n|\n|-weather|Snow|[upkeep]\n|upkeep\n|turn|2\n|\n|t:|1700662130\n|-singleturn|p2a: Mawile|move: Focus Punch\n|move|p1a: Toxapex|Scald|p2a: Mawile\n|-end|p2a: Mawile|Substitute\n|move|p2a: Mawile|Focus Punch|p1a: Toxapex\n|-resisted|p1a: Toxapex\n|-damage|p1a: Toxapex|69\/100\n|\n|-weather|Snow|[upkeep]\n|-heal|p1a: Toxapex|75\/100|[from] item: Leftovers\n|upkeep\n|turn|3\n|\n|t:|1700662142\n|switch|p2a: Hatterene|Hatterene, F|100\/100\n|move|p1a: Toxapex|Scald|p2a: Hatterene\n|-damage|p2a: Hatterene|82\/100\n|-status|p2a: Hatterene|brn\n|\n|-weather|Snow|[upkeep]\n|-heal|p1a: Toxapex|81\/100|[from] item: Leftovers\n|-damage|p2a: Hatterene|76\/100 brn|[from] brn\n|upkeep\n|turn|4\n|\n|t:|1700662152\n|switch|p1a: Tapu Bulu|Tapu Bulu|100\/100\n|-fieldstart|move: Grassy Terrain|[from] ability: Grassy Surge|[of] p1a: Tapu Bulu\n|move|p2a: Hatterene|Calm Mind|p2a: Hatterene\n|-boost|p2a: Hatterene|spa|1\n|-boost|p2a: Hatterene|spd|1\n|\n|-weather|Snow|[upkeep]\n|-heal|p2a: Hatterene|82\/100 brn|[from] Grassy Terrain\n|-damage|p2a: Hatterene|76\/100 brn|[from] brn\n|upkeep\n|turn|5\n|\n|t:|1700662158\n|move|p1a: Tapu Bulu|Horn Leech|p2a: Hatterene\n|-damage|p2a: Hatterene|0 fnt\n|faint|p2a: Hatterene\n|\n|-weather|Snow|[upkeep]\n|upkeep\n|\n|t:|1700662162\n|switch|p2a: Mawile|Mawile-Mega, F|76\/100\n|turn|6\n|\n|t:|1700662165\n|switch|p2a: Tapu Koko|Tapu Koko|100\/100\n|-fieldstart|move: Electric Terrain|[from] ability: Electric Surge|[of] p2a: Tapu Koko\n|switch|p1a: Toxapex|Toxapex, F|100\/100\n|\n|-weather|Snow|[upkeep]\n|upkeep\n|turn|7\n|\n|t:|1700662169\n|switch|p1a: Tapu Bulu|Tapu Bulu|100\/100\n|-fieldstart|move: Grassy Terrain|[from] ability: Grassy Surge|[of] p1a: Tapu Bulu\n|move|p2a: Tapu Koko|Thunderbolt|p1a: Tapu Bulu\n|-resisted|p1a: Tapu Bulu\n|-damage|p1a: Tapu Bulu|81\/100\n|\n|-weather|Snow|[upkeep]\n|-heal|p1a: Tapu Bulu|87\/100|[from] Grassy Terrain\n|upkeep\n|turn|8\n|\n|t:|1700662173\n|move|p2a: Tapu Koko|U-turn|p1a: Tapu Bulu\n|-damage|p1a: Tapu Bulu|73\/100\n|\n|t:|1700662176\n|switch|p2a: Mawile|Mawile-Mega, F|76\/100|[from] U-turn\n|move|p1a: Tapu Bulu|Horn Leech|p2a: Mawile\n|-resisted|p2a: Mawile\n|-damage|p2a: Mawile|28\/100\n|-heal|p1a: Tapu Bulu|91\/100|[from] drain|[of] p2a: Mawile\n|\n|-weather|none\n|-heal|p2a: Mawile|34\/100|[from] Grassy Terrain\n|-heal|p1a: Tapu Bulu|97\/100|[from] Grassy Terrain\n|upkeep\n|turn|9\n|\n|t:|1700662189\n|switch|p1a: Toxapex|Toxapex, F|100\/100\n|move|p2a: Mawile|Sucker Punch||[still]\n|-fail|p2a: Mawile\n|\n|-heal|p2a: Mawile|39\/100|[from] Grassy Terrain\n|upkeep\n|turn|10\n|\n|t:|1700662192\n|move|p2a: Mawile|Play Rough|p1a: Toxapex\n|-resisted|p1a: Toxapex\n|-damage|p1a: Toxapex|72\/100\n|move|p1a: Toxapex|Scald|p2a: Mawile\n|-damage|p2a: Mawile|16\/100\n|\n|-heal|p2a: Mawile|22\/100|[from] Grassy Terrain\n|-heal|p1a: Toxapex|78\/100|[from] Grassy Terrain\n|-heal|p1a: Toxapex|84\/100|[from] item: Leftovers\n|upkeep\n|turn|11\n|\n|t:|1700662196\n|move|p2a: Mawile|Play Rough|p1a: Toxapex\n|-resisted|p1a: Toxapex\n|-damage|p1a: Toxapex|59\/100\n|move|p1a: Toxapex|Scald|p2a: Mawile\n|-damage|p2a: Mawile|0 fnt\n|faint|p2a: Mawile\n|\n|-heal|p1a: Toxapex|65\/100|[from] Grassy Terrain\n|-heal|p1a: Toxapex|71\/100|[from] item: Leftovers\n|-fieldend|move: Grassy Terrain\n|upkeep\n|\n|t:|1700662208\n|switch|p2a: Tapu Koko|Tapu Koko|100\/100\n|-fieldstart|move: Electric Terrain|[from] ability: Electric Surge|[of] p2a: Tapu Koko\n|turn|12\n|\n|t:|1700662211\n|switch|p1a: Tapu Bulu|Tapu Bulu|97\/100\n|-fieldstart|move: Grassy Terrain|[from] ability: Grassy Surge|[of] p1a: Tapu Bulu\n|move|p2a: Tapu Koko|U-turn|p1a: Tapu Bulu\n|-damage|p1a: Tapu Bulu|82\/100\n|\n|t:|1700662213\n|switch|p2a: Ninetales|Ninetales-Alola, M|100\/100|[from] U-turn\n|-weather|Snow|[from] ability: Snow Warning|[of] p2a: Ninetales\n|\n|-weather|Snow|[upkeep]\n|-heal|p1a: Tapu Bulu|89\/100|[from] Grassy Terrain\n|upkeep\n|turn|13\n|\n|t:|1700662233\n|switch|p1a: Ninetales|Ninetales-Alola, M|100\/100\n|move|p2a: Ninetales|Aurora Veil|p2a: Ninetales\n|-sidestart|p2: Chaoss150|move: Aurora Veil\n|\n|-weather|Snow|[upkeep]\n|upkeep\n|turn|14\n|\n|t:|1700662238\n|move|p2a: Ninetales|Moonblast|p1a: Ninetales\n|-damage|p1a: Ninetales|58\/100\n|move|p1a: Ninetales|Aurora Veil|p1a: Ninetales\n|-sidestart|p1: kingcow_thegoat|move: Aurora Veil\n|\n|-weather|Snow|[upkeep]\n|-heal|p1a: Ninetales|64\/100|[from] Grassy Terrain\n|upkeep\n|turn|15\n|\n|t:|1700662244\n|switch|p1a: Toxapex|Toxapex, F|100\/100\n|move|p2a: Ninetales|Encore||[still]\n|-fail|p2a: Ninetales\n|\n|-weather|Snow|[upkeep]\n|upkeep\n|turn|16\n|\n|t:|1700662249\n|move|p2a: Ninetales|Freeze-Dry|p1a: Toxapex\n|-supereffective|p1a: Toxapex\n|-damage|p1a: Toxapex|79\/100\n|move|p1a: Toxapex|Toxic|p2a: Ninetales\n|-status|p2a: Ninetales|tox\n|\n|-weather|none\n|-heal|p1a: Toxapex|85\/100|[from] Grassy Terrain\n|-heal|p1a: Toxapex|91\/100|[from] item: Leftovers\n|-damage|p2a: Ninetales|95\/100 tox|[from] psn\n|-fieldend|move: Grassy Terrain\n|upkeep\n|turn|17\n|\n|t:|1700662257\n|move|p1a: Toxapex|Baneful Bunker|p1a: Toxapex\n|-singleturn|p1a: Toxapex|move: Protect\n|move|p2a: Ninetales|Freeze-Dry|p1a: Toxapex\n|-activate|p1a: Toxapex|move: Protect\n|\n|-heal|p1a: Toxapex|98\/100|[from] item: Leftovers\n|-damage|p2a: Ninetales|83\/100 tox|[from] psn\n|upkeep\n|turn|18\n|\n|t:|1700662264\n|switch|p2a: Tapu Koko|Tapu Koko|100\/100\n|-fieldstart|move: Electric Terrain|[from] ability: Electric Surge|[of] p2a: Tapu Koko\n|switch|p1a: Ninetales|Ninetales-Alola, M|64\/100\n|-weather|Snow|[from] ability: Snow Warning|[of] p1a: Ninetales\n|\n|-weather|Snow|[upkeep]\n|-sideend|p1: kingcow_thegoat|move: Aurora Veil\n|upkeep\n|turn|19\n|\n|t:|1700662270\n|switch|p1a: Tapu Bulu|Tapu Bulu|89\/100\n|-fieldstart|move: Grassy Terrain|[from] ability: Grassy Surge|[of] p1a: Tapu Bulu\n|move|p2a: Tapu Koko|Thunderbolt|p1a: Tapu Bulu\n|-resisted|p1a: Tapu Bulu\n|-damage|p1a: Tapu Bulu|69\/100\n|\n|-weather|Snow|[upkeep]\n|-heal|p1a: Tapu Bulu|75\/100|[from] Grassy Terrain\n|upkeep\n|turn|20\n|\n|t:|1700662275\n|move|p2a: Tapu Koko|U-turn|p1a: Tapu Bulu\n|-damage|p1a: Tapu Bulu|61\/100\n|\n|t:|1700662277\n|switch|p2a: Ninetales|Ninetales-Alola, M|83\/100 tox|[from] U-turn\n|move|p1a: Tapu Bulu|Horn Leech|p2a: Ninetales\n|-damage|p2a: Ninetales|41\/100 tox\n|-heal|p1a: Tapu Bulu|79\/100|[from] drain|[of] p2a: Ninetales\n|\n|-weather|Snow|[upkeep]\n|-heal|p2a: Ninetales|47\/100 tox|[from] Grassy Terrain\n|-heal|p1a: Tapu Bulu|85\/100|[from] Grassy Terrain\n|-damage|p2a: Ninetales|41\/100 tox|[from] psn\n|-sideend|p2: Chaoss150|move: Aurora Veil\n|upkeep\n|turn|21\n|\n|t:|1700662288\n|switch|p1a: Sneasler|Sneasler, F|100\/100\n|-enditem|p1a: Sneasler|Grassy Seed\n|-boost|p1a: Sneasler|def|1|[from] item: Grassy Seed\n|move|p2a: Ninetales|Aurora Veil|p2a: Ninetales\n|-sidestart|p2: Chaoss150|move: Aurora Veil\n|\n|-weather|Snow|[upkeep]\n|-heal|p2a: Ninetales|47\/100 tox|[from] Grassy Terrain\n|-damage|p2a: Ninetales|35\/100 tox|[from] psn\n|upkeep\n|turn|22\n|\n|t:|1700662293\n|move|p1a: Sneasler|Swords Dance|p1a: Sneasler\n|-boost|p1a: Sneasler|atk|2\n|move|p2a: Ninetales|Moonblast|p1a: Sneasler\n|-damage|p1a: Sneasler|52\/100\n|\n|-weather|Snow|[upkeep]\n|-heal|p1a: Sneasler|58\/100|[from] Grassy Terrain\n|-heal|p2a: Ninetales|41\/100 tox|[from] Grassy Terrain\n|-damage|p2a: Ninetales|23\/100 tox|[from] psn\n|upkeep\n|turn|23\n|\n|t:|1700662296\n|move|p1a: Sneasler|Acrobatics|p2a: Ninetales\n|-damage|p2a: Ninetales|0 fnt\n|faint|p2a: Ninetales\n|\n|-weather|Snow|[upkeep]\n|-heal|p1a: Sneasler|64\/100|[from] Grassy Terrain\n|-fieldend|move: Grassy Terrain\n|upkeep\n|\n|t:|1700662299\n|switch|p2a: Clefable|Clefable, F|100\/100\n|turn|24\n|\n|t:|1700662302\n|move|p1a: Sneasler|Dire Claw|p2a: Clefable\n|-supereffective|p2a: Clefable\n|-damage|p2a: Clefable|65\/100\n|-status|p2a: Clefable|psn\n|move|p2a: Clefable|Moonblast|p1a: Sneasler\n|-damage|p1a: Sneasler|19\/100\n|\n|-weather|Snow|[upkeep]\n|-heal|p2a: Clefable|71\/100 psn|[from] item: Leftovers\n|-damage|p2a: Clefable|58\/100 psn|[from] psn\n|upkeep\n|turn|25\n|\n|t:|1700662310\n|move|p1a: Sneasler|Dire Claw|p2a: Clefable\n|-supereffective|p2a: Clefable\n|-damage|p2a: Clefable|24\/100 psn\n|move|p2a: Clefable|Moonblast|p1a: Sneasler\n|-crit|p1a: Sneasler\n|-damage|p1a: Sneasler|0 fnt\n|faint|p1a: Sneasler\n|\n|-weather|none\n|-heal|p2a: Clefable|30\/100 psn|[from] item: Leftovers\n|-damage|p2a: Clefable|18\/100 psn|[from] psn\n|upkeep\n|\n|t:|1700662314\n|switch|p1a: Tapu Bulu|Tapu Bulu|85\/100\n|-fieldstart|move: Grassy Terrain|[from] ability: Grassy Surge|[of] p1a: Tapu Bulu\n|turn|26\n|\n|t:|1700662317\n|move|p1a: Tapu Bulu|Horn Leech|p2a: Clefable\n|-damage|p2a: Clefable|0 fnt\n|-heal|p1a: Tapu Bulu|95\/100|[from] drain|[of] p2a: Clefable\n|faint|p2a: Clefable\n|\n|-heal|p1a: Tapu Bulu|100\/100|[from] Grassy Terrain\n|upkeep\n|\n|t:|1700662319\n|switch|p2a: Tapu Koko|Tapu Koko|100\/100\n|-fieldstart|move: Electric Terrain|[from] ability: Electric Surge|[of] p2a: Tapu Koko\n|turn|27\n|\n|t:|1700662324\n|switch|p1a: Ninetales|Ninetales-Alola, M|64\/100\n|-weather|Snow|[from] ability: Snow Warning|[of] p1a: Ninetales\n|move|p2a: Tapu Koko|U-turn|p1a: Ninetales\n|-resisted|p1a: Ninetales\n|-damage|p1a: Ninetales|55\/100\n|\n|t:|1700662326\n|switch|p2a: Iron Valiant|Iron Valiant|100\/100|[from] U-turn\n|-activate|p2a: Iron Valiant|ability: Quark Drive\n|-start|p2a: Iron Valiant|quarkdrivespe\n|\n|-weather|Snow|[upkeep]\n|upkeep\n|turn|28\n|\n|t:|1700662335\n|move|p2a: Iron Valiant|Thunderbolt|p1a: Ninetales\n|-damage|p1a: Ninetales|0 fnt\n|faint|p1a: Ninetales\n|\n|-weather|Snow|[upkeep]\n|-sideend|p2: Chaoss150|move: Aurora Veil\n|upkeep\n|\n|t:|1700662338\n|switch|p1a: Tapu Bulu|Tapu Bulu|100\/100\n|-fieldstart|move: Grassy Terrain|[from] ability: Grassy Surge|[of] p1a: Tapu Bulu\n|-end|p2a: Iron Valiant|Quark Drive\n|turn|29\n|\n|t:|1700662343\n|-end|p2a: Iron Valiant|Quark Drive|[silent]\n|switch|p2a: Tapu Koko|Tapu Koko|100\/100\n|-fieldstart|move: Electric Terrain|[from] ability: Electric Surge|[of] p2a: Tapu Koko\n|move|p1a: Tapu Bulu|Horn Leech|p2a: Tapu Koko\n|-damage|p2a: Tapu Koko|14\/100\n|\n|-weather|Snow|[upkeep]\n|upkeep\n|turn|30\n|\n|t:|1700662347\n|switch|p1a: Lopunny|Lopunny, M|100\/100\n|move|p2a: Tapu Koko|Dazzling Gleam|p1a: Lopunny\n|-damage|p1a: Lopunny|56\/100\n|\n|-weather|Snow|[upkeep]\n|upkeep\n|turn|31\n|\n|t:|1700662350\n|move|p1a: Lopunny|Fake Out|p2a: Tapu Koko\n|-damage|p2a: Tapu Koko|0 fnt\n|faint|p2a: Tapu Koko\n|\n|-weather|Snow|[upkeep]\n|upkeep\n|\n|t:|1700662352\n|switch|p2a: Iron Valiant|Iron Valiant|100\/100\n|-activate|p2a: Iron Valiant|ability: Quark Drive\n|-start|p2a: Iron Valiant|quarkdrivespe\n|turn|32\n|\n|t:|1700662356\n|switch|p1a: Tapu Bulu|Tapu Bulu|100\/100\n|-fieldstart|move: Grassy Terrain|[from] ability: Grassy Surge|[of] p1a: Tapu Bulu\n|-end|p2a: Iron Valiant|Quark Drive\n|move|p2a: Iron Valiant|Moonblast|p1a: Tapu Bulu\n|-damage|p1a: Tapu Bulu|26\/100\n|\n|-weather|Snow|[upkeep]\n|-heal|p1a: Tapu Bulu|32\/100|[from] Grassy Terrain\n|upkeep\n|turn|33\n|\n|t:|1700662364\n|move|p2a: Iron Valiant|Moonblast|p1a: Tapu Bulu\n|-damage|p1a: Tapu Bulu|0 fnt\n|faint|p1a: Tapu Bulu\n|\n|-weather|Snow|[upkeep]\n|upkeep\n|\n|t:|1700662366\n|switch|p1a: Lopunny|Lopunny, M|56\/100\n|turn|34\n|\n|t:|1700662369\n|detailschange|p1a: Lopunny|Lopunny-Mega, M\n|-mega|p1a: Lopunny|Lopunny|Lopunnite\n|move|p1a: Lopunny|Fake Out|p2a: Iron Valiant\n|-damage|p2a: Iron Valiant|75\/100\n|cant|p2a: Iron Valiant|flinch\n|\n|-weather|none\n|-heal|p1a: Lopunny|62\/100|[from] Grassy Terrain\n|-heal|p2a: Iron Valiant|81\/100|[from] Grassy Terrain\n|upkeep\n|turn|35\n|\n|t:|1700662372\n|move|p1a: Lopunny|Return|p2a: Iron Valiant\n|-damage|p2a: Iron Valiant|11\/100\n|move|p2a: Iron Valiant|Moonblast|p1a: Lopunny\n|-supereffective|p1a: Lopunny\n|-damage|p1a: Lopunny|0 fnt\n|faint|p1a: Lopunny\n|\n|-heal|p2a: Iron Valiant|17\/100|[from] Grassy Terrain\n|upkeep\n|\n|t:|1700662383\n|switch|p1a: Toxapex|Toxapex, F|100\/100\n|turn|36\n|\n|t:|1700662386\n|move|p1a: Toxapex|Baneful Bunker|p1a: Toxapex\n|-singleturn|p1a: Toxapex|move: Protect\n|move|p2a: Iron Valiant|Moonblast|p1a: Toxapex\n|-activate|p1a: Toxapex|move: Protect\n|\n|-heal|p2a: Iron Valiant|24\/100|[from] Grassy Terrain\n|-fieldend|move: Grassy Terrain\n|upkeep\n|turn|37\n|\n|t:|1700662389\n|move|p2a: Iron Valiant|Moonblast|p1a: Toxapex\n|-resisted|p1a: Toxapex\n|-damage|p1a: Toxapex|69\/100\n|-unboost|p1a: Toxapex|spa|1\n|move|p1a: Toxapex|Scald|p2a: Iron Valiant\n|-damage|p2a: Iron Valiant|4\/100\n|-status|p2a: Iron Valiant|brn\n|\n|-heal|p1a: Toxapex|75\/100|[from] item: Leftovers\n|-damage|p2a: Iron Valiant|0 fnt|[from] brn\n|faint|p2a: Iron Valiant\n|-end|p2a: Iron Valiant|Quark Drive|[silent]\n|\n|win|kingcow_thegoat\n|upkeep\n|c|\u2606Chaoss150|gg\n|c|\u2606kingcow_thegoat|gg\n|l|\u2606Chaoss150\n","uploadtime":1700662399,"views":11,"p1id":"kingcowthegoat","p2id":"chaoss150","formatid":"gen9nationaldex","rating":0,"private":0,"password":""}