{"id":"gen9nationaldex-1993369015","p1":"DJRRRR","p2":"RandoTestAccount","format":"[Gen 9] National Dex","log":"|j|\u2606DJRRRR\n|j|\u2606RandoTestAccount\n|t:|1700307367\n|gametype|singles\n|player|p1|DJRRRR|roxie|1387\n|player|p2|RandoTestAccount|pokemonrangerf|1317\n|teamsize|p1|6\n|teamsize|p2|6\n|gen|9\n|tier|[Gen 9] National Dex\n|rated|\n|rule|HP Percentage Mod: HP is shown in percentages\n|rule|Endless Battle Clause: Forcing endless battles is banned\n|rule|OHKO Clause: OHKO moves are banned\n|rule|Evasion Clause: Evasion abilities, items, and moves are banned\n|rule|Evasion Abilities Clause: Evasion abilities are banned\n|rule|Evasion Items Clause: Evasion items are banned\n|rule|Evasion Moves Clause: Evasion moves are banned\n|rule|Species Clause: Limit one of each Pok\u00e9mon\n|rule|Sleep Clause Mod: Limit one foe put to sleep\n|clearpoke\n|poke|p1|Greninja-*, M|\n|poke|p1|Pelipper, F|\n|poke|p1|Barraskewda, M|\n|poke|p1|Scizor, M|\n|poke|p1|Dragonite, M|\n|poke|p1|Zapdos|\n|poke|p2|Umbreon, F|\n|poke|p2|Excadrill, F|\n|poke|p2|Corviknight, F|\n|poke|p2|Sableye, F|\n|poke|p2|Tapu Fini|\n|poke|p2|Dragalge, F|\n|teampreview\n|inactive|Battle timer is ON: inactive players will automatically lose when time's up. (requested by RandoTestAccount)\n|\n|t:|1700307375\n|start\n|switch|p1a: Pelipper|Pelipper, F|100\/100\n|switch|p2a: The Droplet Tear|Tapu Fini, shiny|100\/100\n|-fieldstart|move: Misty Terrain|[from] ability: Misty Surge|[of] p2a: The Droplet Tear\n|-weather|RainDance|[from] ability: Drizzle|[of] p1a: Pelipper\n|turn|1\n|\n|t:|1700307384\n|move|p2a: The Droplet Tear|Substitute|p2a: The Droplet Tear\n|-start|p2a: The Droplet Tear|Substitute\n|-damage|p2a: The Droplet Tear|76\/100\n|move|p1a: Pelipper|U-turn|p2a: The Droplet Tear\n|-resisted|p2a: The Droplet Tear\n|-activate|p2a: The Droplet Tear|move: Substitute|[damage]\n|\n|t:|1700307400\n|switch|p1a: Zapdos|Zapdos|100\/100|[from] U-turn\n|\n|-weather|RainDance|[upkeep]\n|-heal|p2a: The Droplet Tear|82\/100|[from] item: Leftovers\n|upkeep\n|turn|2\n|\n|t:|1700307410\n|move|p1a: Zapdos|Thunder|p2a: The Droplet Tear\n|-supereffective|p2a: The Droplet Tear\n|-crit|p2a: The Droplet Tear\n|-end|p2a: The Droplet Tear|Substitute\n|move|p2a: The Droplet Tear|Substitute|p2a: The Droplet Tear\n|-start|p2a: The Droplet Tear|Substitute\n|-damage|p2a: The Droplet Tear|57\/100\n|\n|-weather|RainDance|[upkeep]\n|-heal|p2a: The Droplet Tear|63\/100|[from] item: Leftovers\n|upkeep\n|turn|3\n|\n|t:|1700307419\n|move|p1a: Zapdos|Thunder|p2a: The Droplet Tear\n|-supereffective|p2a: The Droplet Tear\n|-end|p2a: The Droplet Tear|Substitute\n|move|p2a: The Droplet Tear|Scald|p1a: Zapdos\n|-damage|p1a: Zapdos|54\/100\n|\n|-weather|RainDance|[upkeep]\n|-heal|p2a: The Droplet Tear|69\/100|[from] item: Leftovers\n|upkeep\n|turn|4\n|\n|t:|1700307427\n|switch|p2a: The Lonesome One|Excadrill, F, shiny|100\/100\n|-ability|p2a: The Lonesome One|Mold Breaker\n|move|p1a: Zapdos|Hurricane|p2a: The Lonesome One\n|-resisted|p2a: The Lonesome One\n|-damage|p2a: The Lonesome One|68\/100\n|\n|-weather|RainDance|[upkeep]\n|-heal|p2a: The Lonesome One|75\/100|[from] item: Leftovers\n|upkeep\n|turn|5\n|\n|t:|1700307440\n|switch|p1a: Scizor|Scizor, M|100\/100\n|switch|p2a: Nika Reanukko|Umbreon, F, shiny|100\/100\n|\n|-weather|RainDance|[upkeep]\n|-fieldend|Misty Terrain\n|upkeep\n|turn|6\n|\n|t:|1700307450\n|switch|p2a: Ephialtes Keeper|Corviknight, F, shiny|100\/100\n|-ability|p2a: Ephialtes Keeper|Pressure\n|detailschange|p1a: Scizor|Scizor-Mega, M\n|-mega|p1a: Scizor|Scizor|Scizorite\n|move|p1a: Scizor|Swords Dance|p1a: Scizor\n|-boost|p1a: Scizor|atk|2\n|\n|-weather|RainDance|[upkeep]\n|upkeep\n|turn|7\n|\n|t:|1700307461\n|move|p1a: Scizor|Swords Dance|p1a: Scizor\n|-boost|p1a: Scizor|atk|2\n|move|p2a: Ephialtes Keeper|U-turn|p1a: Scizor\n|-resisted|p1a: Scizor\n|-damage|p1a: Scizor|95\/100\n|\n|t:|1700307464\n|switch|p2a: Spectre of Emerald|Sableye, F, shiny|100\/100|[from] U-turn\n|\n|-weather|RainDance|[upkeep]\n|upkeep\n|turn|8\n|\n|t:|1700307476\n|detailschange|p2a: Spectre of Emerald|Sableye-Mega, F, shiny\n|-mega|p2a: Spectre of Emerald|Sableye|Sablenite\n|move|p1a: Scizor|Bullet Punch|p2a: Spectre of Emerald\n|-damage|p2a: Spectre of Emerald|23\/100\n|move|p2a: Spectre of Emerald|Will-O-Wisp|p1a: Scizor\n|-status|p1a: Scizor|brn\n|\n|-weather|none\n|-damage|p1a: Scizor|89\/100 brn|[from] brn\n|upkeep\n|turn|9\n|\n|t:|1700307491\n|switch|p2a: Ephialtes Keeper|Corviknight, F, shiny|100\/100\n|-ability|p2a: Ephialtes Keeper|Pressure\n|move|p1a: Scizor|U-turn|p2a: Ephialtes Keeper\n|-resisted|p2a: Ephialtes Keeper\n|-damage|p2a: Ephialtes Keeper|89\/100\n|-damage|p1a: Scizor|73\/100 brn|[from] item: Rocky Helmet|[of] p2a: Ephialtes Keeper\n|\n|t:|1700307497\n|switch|p1a: Pelipper|Pelipper, F|100\/100|[from] U-turn\n|-weather|RainDance|[from] ability: Drizzle|[of] p1a: Pelipper\n|\n|-weather|RainDance|[upkeep]\n|upkeep\n|turn|10\n|\n|t:|1700307500\n|move|p1a: Pelipper|U-turn|p2a: Ephialtes Keeper\n|-resisted|p2a: Ephialtes Keeper\n|-damage|p2a: Ephialtes Keeper|87\/100\n|-damage|p1a: Pelipper|84\/100|[from] item: Rocky Helmet|[of] p2a: Ephialtes Keeper\n|\n|t:|1700307524\n|switch|p1a: Barraskewda|Barraskewda, M|100\/100|[from] U-turn\n|move|p2a: Ephialtes Keeper|U-turn|p1a: Barraskewda\n|-damage|p1a: Barraskewda|70\/100\n|\n|t:|1700307538\n|switch|p2a: Agony Steelheart|Dragalge, F, shiny|100\/100|[from] U-turn\n|\n|-weather|RainDance|[upkeep]\n|upkeep\n|turn|11\n|\n|t:|1700307544\n|move|p1a: Barraskewda|Flip Turn|p2a: Agony Steelheart\n|-resisted|p2a: Agony Steelheart\n|-damage|p2a: Agony Steelheart|64\/100\n|\n|t:|1700307548\n|switch|p1a: Scizor|Scizor-Mega, M|73\/100 brn|[from] Flip Turn\n|move|p2a: Agony Steelheart|Dragon Pulse|p1a: Scizor\n|-resisted|p1a: Scizor\n|-damage|p1a: Scizor|56\/100 brn\n|\n|-weather|RainDance|[upkeep]\n|-heal|p2a: Agony Steelheart|70\/100|[from] item: Black Sludge\n|-damage|p1a: Scizor|50\/100 brn|[from] brn\n|upkeep\n|turn|12\n|\n|t:|1700307560\n|move|p1a: Scizor|U-turn|p2a: Agony Steelheart\n|-resisted|p2a: Agony Steelheart\n|-damage|p2a: Agony Steelheart|59\/100\n|\n|t:|1700307584\n|switch|p1a: Zapdos|Zapdos|54\/100|[from] U-turn\n|move|p2a: Agony Steelheart|Hidden Power|p1a: Zapdos\n|-damage|p1a: Zapdos|46\/100\n|\n|-weather|RainDance|[upkeep]\n|-heal|p2a: Agony Steelheart|65\/100|[from] item: Black Sludge\n|upkeep\n|turn|13\n|\n|t:|1700307591\n|-zpower|p1a: Zapdos\n|move|p1a: Zapdos|Supersonic Skystrike|p2a: Agony Steelheart|[zeffect]\n|-damage|p2a: Agony Steelheart|6\/100\n|move|p2a: Agony Steelheart|Toxic|p1a: Zapdos\n|-status|p1a: Zapdos|tox\n|\n|-weather|RainDance|[upkeep]\n|-heal|p2a: Agony Steelheart|12\/100|[from] item: Black Sludge\n|-damage|p1a: Zapdos|40\/100 tox|[from] psn\n|upkeep\n|turn|14\n|\n|t:|1700307604\n|switch|p2a: Nika Reanukko|Umbreon, F, shiny|100\/100\n|move|p1a: Zapdos|Volt Switch|p2a: Nika Reanukko\n|-damage|p2a: Nika Reanukko|80\/100\n|\n|t:|1700307621\n|switch|p1a: Barraskewda|Barraskewda, M|70\/100|[from] Volt Switch\n|\n|-weather|RainDance|[upkeep]\n|-heal|p2a: Nika Reanukko|87\/100|[from] item: Leftovers\n|upkeep\n|turn|15\n|\n|t:|1700307630\n|switch|p2a: Spectre of Emerald|Sableye-Mega, F, shiny|23\/100\n|-terastallize|p1a: Barraskewda|Water\n|move|p1a: Barraskewda|Waterfall|p2a: Spectre of Emerald\n|-damage|p2a: Spectre of Emerald|0 fnt\n|faint|p2a: Spectre of Emerald\n|\n|-weather|RainDance|[upkeep]\n|upkeep\n|\n|t:|1700307635\n|switch|p2a: The Droplet Tear|Tapu Fini, shiny|69\/100\n|-fieldstart|move: Misty Terrain|[from] ability: Misty Surge|[of] p2a: The Droplet Tear\n|turn|16\n|\n|t:|1700307640\n|move|p1a: Barraskewda|Waterfall|p2a: The Droplet Tear\n|-resisted|p2a: The Droplet Tear\n|-damage|p2a: The Droplet Tear|27\/100\n|cant|p2a: The Droplet Tear|flinch\n|\n|-weather|none\n|-heal|p2a: The Droplet Tear|33\/100|[from] item: Leftovers\n|upkeep\n|turn|17\n|\n|t:|1700307649\n|move|p1a: Barraskewda|Waterfall|p2a: The Droplet Tear\n|-resisted|p2a: The Droplet Tear\n|-damage|p2a: The Droplet Tear|1\/100\n|move|p2a: The Droplet Tear|Moonblast|p1a: Barraskewda\n|-damage|p1a: Barraskewda|2\/100\n|-unboost|p1a: Barraskewda|spa|1\n|\n|-heal|p2a: The Droplet Tear|8\/100|[from] item: Leftovers\n|upkeep\n|turn|18\n|\n|t:|1700307654\n|switch|p2a: Ephialtes Keeper|Corviknight, F, shiny|87\/100\n|-ability|p2a: Ephialtes Keeper|Pressure\n|move|p1a: Barraskewda|Waterfall|p2a: Ephialtes Keeper\n|-damage|p2a: Ephialtes Keeper|23\/100\n|-damage|p1a: Barraskewda|0 fnt|[from] item: Rocky Helmet|[of] p2a: Ephialtes Keeper\n|faint|p1a: Barraskewda\n|\n|upkeep\n|\n|t:|1700307661\n|switch|p1a: Zapdos|Zapdos|40\/100 tox\n|turn|19\n|\n|t:|1700307673\n|move|p1a: Zapdos|Heat Wave|p2a: Ephialtes Keeper\n|-supereffective|p2a: Ephialtes Keeper\n|-damage|p2a: Ephialtes Keeper|0 fnt\n|faint|p2a: Ephialtes Keeper\n|\n|-damage|p1a: Zapdos|34\/100 tox|[from] psn\n|upkeep\n|\n|t:|1700307682\n|switch|p2a: The Lonesome One|Excadrill, F, shiny|75\/100\n|-ability|p2a: The Lonesome One|Mold Breaker\n|turn|20\n|\n|t:|1700307688\n|move|p1a: Zapdos|Heat Wave|p2a: The Lonesome One\n|-supereffective|p2a: The Lonesome One\n|-damage|p2a: The Lonesome One|1\/100\n|move|p2a: The Lonesome One|Rapid Spin|p1a: Zapdos\n|-damage|p1a: Zapdos|10\/100 tox\n|-boost|p2a: The Lonesome One|spe|1\n|\n|-heal|p2a: The Lonesome One|7\/100|[from] item: Leftovers\n|-damage|p1a: Zapdos|0 fnt|[from] psn\n|faint|p1a: Zapdos\n|-fieldend|Misty Terrain\n|upkeep\n|\n|t:|1700307695\n|switch|p1a: Greninja|Greninja, M|100\/100\n|turn|21\n|\n|t:|1700307699\n|switch|p2a: Nika Reanukko|Umbreon, F, shiny|87\/100\n|move|p1a: Greninja|Water Shuriken|p2a: Nika Reanukko\n|-damage|p2a: Nika Reanukko|82\/100\n|-damage|p2a: Nika Reanukko|78\/100\n|-damage|p2a: Nika Reanukko|73\/100\n|-hitcount|p2a: Nika Reanukko|3\n|-damage|p1a: Greninja|91\/100|[from] item: Life Orb\n|\n|-heal|p2a: Nika Reanukko|79\/100|[from] item: Leftovers\n|upkeep\n|turn|22\n|\n|t:|1700307703\n|switch|p1a: Pelipper|Pelipper, F|84\/100\n|-weather|RainDance|[from] ability: Drizzle|[of] p1a: Pelipper\n|move|p2a: Nika Reanukko|Wish|p2a: Nika Reanukko\n|\n|-weather|RainDance|[upkeep]\n|-heal|p2a: Nika Reanukko|85\/100|[from] item: Leftovers\n|upkeep\n|turn|23\n|\n|t:|1700307717\n|switch|p2a: The Droplet Tear|Tapu Fini, shiny|8\/100\n|-fieldstart|move: Misty Terrain|[from] ability: Misty Surge|[of] p2a: The Droplet Tear\n|move|p1a: Pelipper|Toxic|p2a: The Droplet Tear\n|-activate|p2a: The Droplet Tear|move: Misty Terrain\n|\n|-weather|RainDance|[upkeep]\n|-heal|p2a: The Droplet Tear|70\/100|[from] move: Wish|[wisher] Nika Reanukko\n|-heal|p2a: The Droplet Tear|77\/100|[from] item: Leftovers\n|upkeep\n|turn|24\n|\n|t:|1700307726\n|move|p2a: The Droplet Tear|Substitute|p2a: The Droplet Tear\n|-start|p2a: The Droplet Tear|Substitute\n|-damage|p2a: The Droplet Tear|52\/100\n|move|p1a: Pelipper|U-turn|p2a: The Droplet Tear\n|-resisted|p2a: The Droplet Tear\n|-activate|p2a: The Droplet Tear|move: Substitute|[damage]\n|\n|t:|1700307731\n|switch|p1a: Scizor|Scizor-Mega, M|50\/100 brn|[from] U-turn\n|\n|-weather|RainDance|[upkeep]\n|-heal|p2a: The Droplet Tear|58\/100|[from] item: Leftovers\n|-damage|p1a: Scizor|44\/100 brn|[from] brn\n|upkeep\n|turn|25\n|\n|t:|1700307742\n|move|p2a: The Droplet Tear|Calm Mind|p2a: The Droplet Tear\n|-boost|p2a: The Droplet Tear|spa|1\n|-boost|p2a: The Droplet Tear|spd|1\n|move|p1a: Scizor|Roost|p1a: Scizor\n|-heal|p1a: Scizor|94\/100 brn\n|-singleturn|p1a: Scizor|move: Roost\n|\n|-weather|RainDance|[upkeep]\n|-heal|p2a: The Droplet Tear|64\/100|[from] item: Leftovers\n|-damage|p1a: Scizor|88\/100 brn|[from] brn\n|upkeep\n|turn|26\n|\n|t:|1700307746\n|move|p2a: The Droplet Tear|Scald|p1a: Scizor\n|-damage|p1a: Scizor|33\/100 brn\n|move|p1a: Scizor|Swords Dance|p1a: Scizor\n|-boost|p1a: Scizor|atk|2\n|\n|-weather|RainDance|[upkeep]\n|-heal|p2a: The Droplet Tear|70\/100|[from] item: Leftovers\n|-damage|p1a: Scizor|27\/100 brn|[from] brn\n|upkeep\n|turn|27\n|\n|t:|1700307750\n|move|p1a: Scizor|Bullet Punch|p2a: The Droplet Tear\n|-end|p2a: The Droplet Tear|Substitute\n|move|p2a: The Droplet Tear|Scald|p1a: Scizor\n|-damage|p1a: Scizor|0 fnt\n|faint|p1a: Scizor\n|\n|-weather|RainDance|[upkeep]\n|-heal|p2a: The Droplet Tear|76\/100|[from] item: Leftovers\n|-fieldend|Misty Terrain\n|upkeep\n|\n|t:|1700307759\n|switch|p1a: Dragonite|Dragonite, M|100\/100\n|turn|28\n|\n|t:|1700307764\n|move|p2a: The Droplet Tear|Scald|p1a: Dragonite\n|-resisted|p1a: Dragonite\n|-damage|p1a: Dragonite|88\/100\n|move|p1a: Dragonite|Curse|p1a: Dragonite\n|-unboost|p1a: Dragonite|spe|1\n|-boost|p1a: Dragonite|atk|1\n|-boost|p1a: Dragonite|def|1\n|\n|-weather|RainDance|[upkeep]\n|-heal|p2a: The Droplet Tear|82\/100|[from] item: Leftovers\n|upkeep\n|turn|29\n|\n|t:|1700307769\n|move|p2a: The Droplet Tear|Moonblast|p1a: Dragonite\n|-supereffective|p1a: Dragonite\n|-damage|p1a: Dragonite|10\/100\n|-unboost|p1a: Dragonite|spa|1\n|move|p1a: Dragonite|Curse|p1a: Dragonite\n|-unboost|p1a: Dragonite|spe|1\n|-boost|p1a: Dragonite|atk|1\n|-boost|p1a: Dragonite|def|1\n|\n|-weather|none\n|-heal|p2a: The Droplet Tear|88\/100|[from] item: Leftovers\n|upkeep\n|turn|30\n|\n|t:|1700307776\n|move|p1a: Dragonite|Extreme Speed|p2a: The Droplet Tear\n|-damage|p2a: The Droplet Tear|44\/100\n|move|p2a: The Droplet Tear|Moonblast|p1a: Dragonite\n|-supereffective|p1a: Dragonite\n|-damage|p1a: Dragonite|0 fnt\n|faint|p1a: Dragonite\n|\n|-heal|p2a: The Droplet Tear|50\/100|[from] item: Leftovers\n|upkeep\n|\n|t:|1700307779\n|switch|p1a: Pelipper|Pelipper, F|84\/100\n|-weather|RainDance|[from] ability: Drizzle|[of] p1a: Pelipper\n|turn|31\n|\n|t:|1700307781\n|move|p2a: The Droplet Tear|Substitute|p2a: The Droplet Tear\n|-start|p2a: The Droplet Tear|Substitute\n|-damage|p2a: The Droplet Tear|25\/100\n|move|p1a: Pelipper|Toxic||[still]\n|-fail|p1a: Pelipper\n|\n|-weather|RainDance|[upkeep]\n|-heal|p2a: The Droplet Tear|31\/100|[from] item: Leftovers\n|upkeep\n|turn|32\n|-message|DJRRRR forfeited.\n|\n|win|RandoTestAccount\n|raw|DJRRRR's rating: 1387 &rarr; <strong>1362<\/strong><br \/>(-25 for losing)\n|raw|RandoTestAccount's rating: 1295 &rarr; <strong>1326<\/strong><br \/>(+31 for winning)\n|l|\u2606DJRRRR\n","uploadtime":1700307790,"views":6,"p1id":"djrrrr","p2id":"randotestaccount","formatid":"gen9nationaldex","rating":1326,"private":0,"password":""}