{"id":"gen9nationaldex-1993348895","p1":"Clayanto","p2":"ldsadsadcsf","format":"[Gen 9] National Dex","log":"|j|\u2606Clayanto\n|j|\u2606ldsadsadcsf\n|t:|1700303532\n|gametype|singles\n|player|p1|Clayanto|ariana|1435\n|player|p2|ldsadsadcsf|unknown|1469\n|teamsize|p1|6\n|teamsize|p2|6\n|gen|9\n|tier|[Gen 9] National Dex\n|rated|\n|rule|HP Percentage Mod: HP is shown in percentages\n|rule|Endless Battle Clause: Forcing endless battles is banned\n|rule|OHKO Clause: OHKO moves are banned\n|rule|Evasion Clause: Evasion abilities, items, and moves are banned\n|rule|Evasion Abilities Clause: Evasion abilities are banned\n|rule|Evasion Items Clause: Evasion items are banned\n|rule|Evasion Moves Clause: Evasion moves are banned\n|rule|Species Clause: Limit one of each Pok\u00e9mon\n|rule|Sleep Clause Mod: Limit one foe put to sleep\n|clearpoke\n|poke|p1|Ceruledge, M|\n|poke|p1|Scizor, M|\n|poke|p1|Landorus-Therian, M|\n|poke|p1|Gyarados, F|\n|poke|p1|Tapu Lele|\n|poke|p1|Ribombee, M|\n|poke|p2|Weavile, F|\n|poke|p2|Kartana|\n|poke|p2|Landorus-Therian, M|\n|poke|p2|Ursaluna, M|\n|poke|p2|Volcanion|\n|poke|p2|Zapdos|\n|teampreview\n|inactive|Battle timer is ON: inactive players will automatically lose when time's up. (requested by ldsadsadcsf)\n|inactive|Clayanto also wants the timer to be on.\n|\n|t:|1700303542\n|start\n|switch|p1a: Gyarados|Gyarados, F|100\/100\n|switch|p2a: \u88f4\u64d2\u864e|Landorus-Therian, M, shiny|100\/100\n|-ability|p1a: Gyarados|Intimidate|boost\n|-unboost|p2a: \u88f4\u64d2\u864e|atk|1\n|-ability|p2a: \u88f4\u64d2\u864e|Intimidate|boost\n|-unboost|p1a: Gyarados|atk|1\n|turn|1\n|\n|t:|1700303548\n|move|p1a: Gyarados|Dragon Dance|p1a: Gyarados\n|-boost|p1a: Gyarados|atk|1\n|-boost|p1a: Gyarados|spe|1\n|move|p2a: \u88f4\u64d2\u864e|Stealth Rock|p1a: Gyarados\n|-sidestart|p1: Clayanto|move: Stealth Rock\n|\n|upkeep\n|turn|2\n|\n|t:|1700303559\n|switch|p2a: \u53f8\u7a7a\u9707|Zapdos, shiny|100\/100\n|move|p1a: Gyarados|Waterfall|p2a: \u53f8\u7a7a\u9707\n|-damage|p2a: \u53f8\u7a7a\u9707|71\/100\n|-status|p1a: Gyarados|par|[from] ability: Static|[of] p2a: \u53f8\u7a7a\u9707\n|\n|upkeep\n|turn|3\n|\n|t:|1700303566\n|switch|p1a: Landorus|Landorus-Therian, M|100\/100\n|-damage|p1a: Landorus|88\/100|[from] Stealth Rock\n|-ability|p1a: Landorus|Intimidate|boost\n|-unboost|p2a: \u53f8\u7a7a\u9707|atk|1\n|move|p2a: \u53f8\u7a7a\u9707|Discharge|p1a: Landorus\n|-immune|p1a: Landorus\n|\n|upkeep\n|turn|4\n|\n|t:|1700303575\n|switch|p2a: \u82cf\u70c8|Ursaluna, M, shiny|100\/100\n|move|p1a: Landorus|Knock Off|p2a: \u82cf\u70c8\n|-damage|p2a: \u82cf\u70c8|75\/100\n|-enditem|p2a: \u82cf\u70c8|Flame Orb|[from] move: Knock Off|[of] p1a: Landorus\n|\n|upkeep\n|turn|5\n|\n|t:|1700303582\n|switch|p1a: Gyarados|Gyarados, F|100\/100 par\n|-damage|p1a: Gyarados|76\/100 par|[from] Stealth Rock\n|-ability|p1a: Gyarados|Intimidate|boost\n|-unboost|p2a: \u82cf\u70c8|atk|1\n|move|p2a: \u82cf\u70c8|Swords Dance|p2a: \u82cf\u70c8\n|-boost|p2a: \u82cf\u70c8|atk|2\n|-enditem|p1a: Gyarados|Mirror Herb\n|-boost|p1a: Gyarados|atk|2|[from] item: Mirror Herb\n|\n|upkeep\n|turn|6\n|\n|t:|1700303604\n|move|p1a: Gyarados|Earthquake|p2a: \u82cf\u70c8\n|-damage|p2a: \u82cf\u70c8|28\/100\n|move|p2a: \u82cf\u70c8|Facade|p1a: Gyarados\n|-damage|p1a: Gyarados|0 fnt\n|faint|p1a: Gyarados\n|\n|upkeep\n|\n|t:|1700303615\n|switch|p1a: Scizor|Scizor, M|100\/100\n|-damage|p1a: Scizor|88\/100|[from] Stealth Rock\n|turn|7\n|\n|t:|1700303619\n|detailschange|p1a: Scizor|Scizor-Mega, M\n|-mega|p1a: Scizor|Scizor|Scizorite\n|move|p1a: Scizor|U-turn|p2a: \u82cf\u70c8\n|-damage|p2a: \u82cf\u70c8|0 fnt\n|faint|p2a: \u82cf\u70c8\n|\n|t:|1700303623\n|switch|p1a: Landorus|Landorus-Therian, M|88\/100|[from] U-turn\n|-damage|p1a: Landorus|76\/100|[from] Stealth Rock\n|\n|upkeep\n|\n|t:|1700303627\n|switch|p2a: \u963f\u8f72|Weavile, F, shiny|100\/100\n|-ability|p2a: \u963f\u8f72|Pressure\n|turn|8\n|\n|t:|1700303632\n|switch|p1a: Ceruledge|Ceruledge, M|100\/100\n|move|p2a: \u963f\u8f72|Knock Off|p1a: Ceruledge\n|-supereffective|p1a: Ceruledge\n|-damage|p1a: Ceruledge|0 fnt\n|-enditem|p1a: Ceruledge|Heavy-Duty Boots|[from] move: Knock Off|[of] p2a: \u963f\u8f72\n|faint|p1a: Ceruledge\n|\n|upkeep\n|\n|t:|1700303640\n|switch|p1a: Ribombee|Ribombee, M|100\/100\n|-damage|p1a: Ribombee|76\/100|[from] Stealth Rock\n|turn|9\n|\n|t:|1700303646\n|switch|p2a: \u88f4\u64d2\u864e|Landorus-Therian, M, shiny|100\/100\n|-ability|p2a: \u88f4\u64d2\u864e|Intimidate|boost\n|-unboost|p1a: Ribombee|atk|1\n|move|p1a: Ribombee|Moonblast|p2a: \u88f4\u64d2\u864e\n|-damage|p2a: \u88f4\u64d2\u864e|70\/100\n|-unboost|p2a: \u88f4\u64d2\u864e|spa|1\n|\n|-heal|p2a: \u88f4\u64d2\u864e|76\/100|[from] item: Leftovers\n|upkeep\n|turn|10\n|\n|t:|1700303652\n|move|p1a: Ribombee|Stun Spore|p2a: \u88f4\u64d2\u864e\n|-status|p2a: \u88f4\u64d2\u864e|par\n|move|p2a: \u88f4\u64d2\u864e|Earthquake|p1a: Ribombee\n|-resisted|p1a: Ribombee\n|-damage|p1a: Ribombee|28\/100\n|\n|-heal|p2a: \u88f4\u64d2\u864e|82\/100 par|[from] item: Leftovers\n|upkeep\n|turn|11\n|\n|t:|1700303656\n|move|p1a: Ribombee|Sticky Web|p2a: \u88f4\u64d2\u864e\n|-sidestart|p2: ldsadsadcsf|move: Sticky Web\n|move|p2a: \u88f4\u64d2\u864e|Earthquake|p1a: Ribombee\n|-resisted|p1a: Ribombee\n|-damage|p1a: Ribombee|0 fnt\n|faint|p1a: Ribombee\n|\n|-heal|p2a: \u88f4\u64d2\u864e|88\/100 par|[from] item: Leftovers\n|upkeep\n|\n|t:|1700303659\n|switch|p1a: Tapu Lele|Tapu Lele|100\/100\n|-damage|p1a: Tapu Lele|88\/100|[from] Stealth Rock\n|-fieldstart|move: Psychic Terrain|[from] ability: Psychic Surge|[of] p1a: Tapu Lele\n|turn|12\n|\n|t:|1700303661\n|move|p1a: Tapu Lele|Psychic|p2a: \u88f4\u64d2\u864e\n|-damage|p2a: \u88f4\u64d2\u864e|21\/100 par\n|move|p2a: \u88f4\u64d2\u864e|Defog|p1a: Tapu Lele\n|-unboost|p1a: Tapu Lele|evasion|1\n|-sideend|p1: Clayanto|Stealth Rock|[from] move: Defog|[of] p2a: \u88f4\u64d2\u864e\n|-sideend|p2: ldsadsadcsf|Sticky Web|[from] move: Defog|[of] p2a: \u88f4\u64d2\u864e\n|-fieldend|move: Psychic Terrain\n|\n|-heal|p2a: \u88f4\u64d2\u864e|27\/100 par|[from] item: Leftovers\n|upkeep\n|turn|13\n|\n|t:|1700303669\n|switch|p2a: \u963f\u8f72|Weavile, F, shiny|100\/100\n|-ability|p2a: \u963f\u8f72|Pressure\n|move|p1a: Tapu Lele|Psychic|p2a: \u963f\u8f72\n|-immune|p2a: \u963f\u8f72\n|\n|upkeep\n|turn|14\n|\n|t:|1700303682\n|switch|p1a: Scizor|Scizor-Mega, M|88\/100\n|move|p2a: \u963f\u8f72|Knock Off|p1a: Scizor\n|-damage|p1a: Scizor|56\/100\n|\n|upkeep\n|turn|15\n|\n|t:|1700303688\n|switch|p2a: \u88f4\u64d2\u864e|Landorus-Therian, M, shiny|27\/100 par\n|-ability|p2a: \u88f4\u64d2\u864e|Intimidate|boost\n|-unboost|p1a: Scizor|atk|1\n|move|p1a: Scizor|Roost|p1a: Scizor\n|-heal|p1a: Scizor|100\/100\n|-singleturn|p1a: Scizor|move: Roost\n|\n|-heal|p2a: \u88f4\u64d2\u864e|33\/100 par|[from] item: Leftovers\n|upkeep\n|turn|16\n|\n|t:|1700303693\n|move|p2a: \u88f4\u64d2\u864e|Stealth Rock|p1a: Scizor\n|-sidestart|p1: Clayanto|move: Stealth Rock\n|move|p1a: Scizor|Counter||[still]\n|-fail|p1a: Scizor\n|\n|-heal|p2a: \u88f4\u64d2\u864e|39\/100 par|[from] item: Leftovers\n|upkeep\n|turn|17\n|\n|t:|1700303698\n|move|p1a: Scizor|U-turn|p2a: \u88f4\u64d2\u864e\n|-resisted|p2a: \u88f4\u64d2\u864e\n|-damage|p2a: \u88f4\u64d2\u864e|26\/100 par\n|\n|t:|1700303701\n|switch|p1a: Landorus|Landorus-Therian, M|76\/100|[from] U-turn\n|-damage|p1a: Landorus|64\/100|[from] Stealth Rock\n|-ability|p1a: Landorus|Intimidate|boost\n|-unboost|p2a: \u88f4\u64d2\u864e|atk|1\n|move|p2a: \u88f4\u64d2\u864e|U-turn|p1a: Landorus\n|-resisted|p1a: Landorus\n|-damage|p1a: Landorus|55\/100\n|\n|t:|1700303707\n|switch|p2a: \u963f\u8f72|Weavile, F, shiny|100\/100|[from] U-turn\n|-ability|p2a: \u963f\u8f72|Pressure\n|\n|upkeep\n|turn|18\n|\n|t:|1700303711\n|move|p2a: \u963f\u8f72|Triple Axel|p1a: Landorus\n|-supereffective|p1a: Landorus\n|-damage|p1a: Landorus|0 fnt\n|faint|p1a: Landorus\n|-hitcount|p1: Landorus|1\n|\n|upkeep\n|\n|t:|1700303714\n|switch|p1a: Scizor|Scizor-Mega, M|100\/100\n|-damage|p1a: Scizor|88\/100|[from] Stealth Rock\n|turn|19\n|\n|t:|1700303719\n|switch|p2a: \u674e\u4fe1|Volcanion|100\/100\n|move|p1a: Scizor|U-turn|p2a: \u674e\u4fe1\n|-resisted|p2a: \u674e\u4fe1\n|-damage|p2a: \u674e\u4fe1|87\/100\n|\n|t:|1700303721\n|switch|p1a: Tapu Lele|Tapu Lele|88\/100|[from] U-turn\n|-damage|p1a: Tapu Lele|76\/100|[from] Stealth Rock\n|-fieldstart|move: Psychic Terrain|[from] ability: Psychic Surge|[of] p1a: Tapu Lele\n|\n|upkeep\n|turn|20\n|\n|t:|1700303726\n|move|p1a: Tapu Lele|Hidden Power|p2a: \u674e\u4fe1\n|-resisted|p2a: \u674e\u4fe1\n|-damage|p2a: \u674e\u4fe1|79\/100\n|move|p2a: \u674e\u4fe1|Steam Eruption|p1a: Tapu Lele\n|-damage|p1a: Tapu Lele|29\/100\n|\n|upkeep\n|turn|21\n|-message|Clayanto forfeited.\n|\n|win|ldsadsadcsf\n|raw|Clayanto's rating: 1435 &rarr; <strong>1417<\/strong><br \/>(-18 for losing)\n|raw|ldsadsadcsf's rating: 1469 &rarr; <strong>1487<\/strong><br \/>(+18 for winning)\n|l|\u2606Clayanto\n","uploadtime":1700303737,"views":7,"p1id":"clayanto","p2id":"ldsadsadcsf","formatid":"gen9nationaldex","rating":1417,"private":0,"password":""}