{"id":"gen9nationaldex-1995004035","p1":"spurious george","p2":"Oxxo_ntsm","format":"[Gen 9] National Dex","log":"|html|<div class=\"broadcast-blue\"><strong>[Gen 9] National Dex is currently suspecting Sneasler! For information on how to participate check out the <a href=\"https:\/\/www.smogon.com\/forums\/threads\/sv-national-dex-suspect-8-just-dance.3731534\/\">suspect thread<\/a>.<\/strong><\/div>\n|j|\u2606spurious george\n|j|\u2606Oxxo_ntsm\n|t:|1700512469\n|gametype|singles\n|player|p1|spurious george|clay|1089\n|player|p2|Oxxo_ntsm|hilbert-wonderlauncher|1047\n|teamsize|p1|6\n|teamsize|p2|6\n|gen|9\n|tier|[Gen 9] National Dex\n|rated|\n|rule|HP Percentage Mod: HP is shown in percentages\n|rule|Endless Battle Clause: Forcing endless battles is banned\n|rule|OHKO Clause: OHKO moves are banned\n|rule|Evasion Clause: Evasion abilities, items, and moves are banned\n|rule|Evasion Abilities Clause: Evasion abilities are banned\n|rule|Evasion Items Clause: Evasion items are banned\n|rule|Evasion Moves Clause: Evasion moves are banned\n|rule|Species Clause: Limit one of each Pok\u00e9mon\n|rule|Sleep Clause Mod: Limit one foe put to sleep\n|clearpoke\n|poke|p1|Arboliva, F|\n|poke|p1|Porygon2|\n|poke|p1|Comfey, M|\n|poke|p1|Hitmontop, M|\n|poke|p1|Marowak, F|\n|poke|p1|Diancie|\n|poke|p2|Charizard, M|\n|poke|p2|Volcarona, F|\n|poke|p2|Victini|\n|poke|p2|Ceruledge, M|\n|poke|p2|Chandelure, F|\n|poke|p2|Flareon, M|\n|teampreview\n|inactive|Battle timer is ON: inactive players will automatically lose when time's up. (requested by Oxxo_ntsm)\n|\n|t:|1700512484\n|start\n|switch|p1a: Marowak|Marowak, F|100\/100\n|switch|p2a: Mothra|Volcarona, F|100\/100\n|turn|1\n|\n|t:|1700512497\n|-terastallize|p2a: Mothra|Ground\n|move|p2a: Mothra|Quiver Dance|p2a: Mothra\n|-boost|p2a: Mothra|spa|1\n|-boost|p2a: Mothra|spd|1\n|-boost|p2a: Mothra|spe|1\n|move|p1a: Marowak|Bonemerang|p2a: Mothra\n|-damage|p2a: Mothra|39\/100\n|-damage|p2a: Mothra|0 fnt\n|faint|p2a: Mothra\n|-hitcount|p2: Mothra|2\n|\n|upkeep\n|\n|t:|1700512524\n|switch|p2a: Destripachorizo|Charizard, M, shiny|100\/100\n|turn|2\n|\n|t:|1700512530\n|detailschange|p2a: Destripachorizo|Charizard-Mega-Y, M, shiny\n|-mega|p2a: Destripachorizo|Charizard|Charizardite Y\n|-weather|SunnyDay|[from] ability: Drought|[of] p2a: Destripachorizo\n|move|p2a: Destripachorizo|Solar Beam||[still]\n|-prepare|p2a: Destripachorizo|Solar Beam\n|-anim|p2a: Destripachorizo|Solar Beam|p1a: Marowak\n|-supereffective|p1a: Marowak\n|-damage|p1a: Marowak|0 fnt\n|faint|p1a: Marowak\n|\n|-weather|SunnyDay|[upkeep]\n|upkeep\n|\n|t:|1700512541\n|switch|p1a: Diancie|Diancie|100\/100\n|turn|3\n|\n|t:|1700512557\n|move|p2a: Destripachorizo|Solar Beam||[still]\n|-prepare|p2a: Destripachorizo|Solar Beam\n|-anim|p2a: Destripachorizo|Solar Beam|p1a: Diancie\n|-supereffective|p1a: Diancie\n|-damage|p1a: Diancie|45\/100\n|move|p1a: Diancie|Diamond Storm|p2a: Destripachorizo\n|-supereffective|p2a: Destripachorizo\n|-damage|p2a: Destripachorizo|0 fnt\n|faint|p2a: Destripachorizo\n|\n|-weather|SunnyDay|[upkeep]\n|upkeep\n|\n|t:|1700512568\n|switch|p2a: Shin Chan|Chandelure, F|100\/100\n|turn|4\n|\n|t:|1700512576\n|move|p2a: Shin Chan|Hidden Power|p1a: Diancie\n|-supereffective|p1a: Diancie\n|-damage|p1a: Diancie|32\/100\n|move|p1a: Diancie|Diamond Storm|p2a: Shin Chan\n|-supereffective|p2a: Shin Chan\n|-damage|p2a: Shin Chan|0 fnt\n|faint|p2a: Shin Chan\n|\n|-weather|SunnyDay|[upkeep]\n|upkeep\n|\n|t:|1700512591\n|switch|p2a: Vic|Victini|100\/100\n|turn|5\n|\n|t:|1700512603\n|move|p2a: Vic|Zen Headbutt|p1a: Diancie\n|-damage|p1a: Diancie|3\/100\n|cant|p1a: Diancie|flinch\n|\n|-weather|SunnyDay|[upkeep]\n|upkeep\n|turn|6\n|\n|t:|1700512612\n|move|p2a: Vic|U-turn|p1a: Diancie\n|-resisted|p1a: Diancie\n|-damage|p1a: Diancie|0 fnt\n|faint|p1a: Diancie\n|\n|t:|1700512620\n|switch|p2a: Anakin|Ceruledge, M|100\/100|[from] U-turn\n|\n|-weather|none\n|upkeep\n|\n|t:|1700512630\n|switch|p1a: Hitmontop|Hitmontop, M|100\/100\n|turn|7\n|\n|t:|1700512647\n|move|p1a: Hitmontop|Sucker Punch||[still]\n|-fail|p1a: Hitmontop\n|move|p2a: Anakin|Swords Dance|p2a: Anakin\n|-boost|p2a: Anakin|atk|2\n|\n|upkeep\n|turn|8\n|\n|t:|1700512657\n|move|p1a: Hitmontop|Sucker Punch|p2a: Anakin\n|-supereffective|p2a: Anakin\n|-damage|p2a: Anakin|43\/100\n|-ability|p2a: Anakin|Weak Armor|boost\n|-unboost|p2a: Anakin|def|1\n|-boost|p2a: Anakin|spe|2\n|move|p2a: Anakin|Psycho Cut|p1a: Hitmontop\n|-supereffective|p1a: Hitmontop\n|-damage|p1a: Hitmontop|0 fnt\n|faint|p1a: Hitmontop\n|\n|upkeep\n|\n|t:|1700512668\n|switch|p1a: Porygon2|Porygon2|100\/100\n|-ability|p1a: Porygon2|Download|boost\n|-boost|p1a: Porygon2|atk|1\n|turn|9\n|\n|t:|1700512677\n|move|p2a: Anakin|Bitter Blade|p1a: Porygon2\n|-damage|p1a: Porygon2|48\/100\n|-heal|p2a: Anakin|77\/100|[from] drain|[of] p1a: Porygon2\n|move|p1a: Porygon2|Speed Swap|p2a: Anakin\n|-activate|p1a: Porygon2|move: Speed Swap|[of] p2a: Anakin\n|\n|upkeep\n|turn|10\n|\n|t:|1700512685\n|move|p1a: Porygon2|Thunderbolt|p2a: Anakin\n|-damage|p2a: Anakin|45\/100\n|move|p2a: Anakin|Bitter Blade|p1a: Porygon2\n|-damage|p1a: Porygon2|0 fnt\n|-heal|p2a: Anakin|75\/100|[from] drain|[of] p1a: Porygon2\n|faint|p1a: Porygon2\n|\n|upkeep\n|\n|t:|1700512691\n|switch|p1a: Comfey|Comfey, M|100\/100\n|turn|11\n|\n|t:|1700512700\n|move|p1a: Comfey|Leech Seed|p2a: Anakin\n|-start|p2a: Anakin|move: Leech Seed\n|move|p2a: Anakin|Bitter Blade|p1a: Comfey\n|-damage|p1a: Comfey|0 fnt\n|-heal|p2a: Anakin|100\/100|[from] drain|[of] p1a: Comfey\n|faint|p1a: Comfey\n|\n|upkeep\n|\n|t:|1700512705\n|switch|p1a: Arboliva|Arboliva, F|100\/100\n|turn|12\n|\n|t:|1700512711\n|move|p2a: Anakin|Bitter Blade|p1a: Arboliva\n|-supereffective|p1a: Arboliva\n|-damage|p1a: Arboliva|0 fnt\n|faint|p1a: Arboliva\n|\n|win|Oxxo_ntsm\n|raw|spurious george's rating: 1089 &rarr; <strong>1063<\/strong><br \/>(-26 for losing)\n|raw|Oxxo_ntsm's rating: 1047 &rarr; <strong>1084<\/strong><br \/>(+37 for winning)\n|l|\u2606spurious george\n","uploadtime":1700512730,"views":5,"p1id":"spuriousgeorge","p2id":"oxxontsm","formatid":"gen9nationaldex","rating":1063,"private":0,"password":""}