{"id":"gen9nationaldex-1988597493","p1":"Prtbl_Trash","p2":"Prepaniki","format":"[Gen 9] National Dex","log":"|j|\u2606Prtbl_Trash\n|j|\u2606Prepaniki\n|t:|1699740259\n|gametype|singles\n|player|p1|Prtbl_Trash|rosa|1381\n|player|p2|Prepaniki|1|1312\n|teamsize|p1|6\n|teamsize|p2|6\n|gen|9\n|tier|[Gen 9] National Dex\n|rated|\n|rule|HP Percentage Mod: HP is shown in percentages\n|rule|Endless Battle Clause: Forcing endless battles is banned\n|rule|OHKO Clause: OHKO moves are banned\n|rule|Evasion Clause: Evasion abilities, items, and moves are banned\n|rule|Evasion Abilities Clause: Evasion abilities are banned\n|rule|Evasion Items Clause: Evasion items are banned\n|rule|Evasion Moves Clause: Evasion moves are banned\n|rule|Species Clause: Limit one of each Pok\u00e9mon\n|rule|Sleep Clause Mod: Limit one foe put to sleep\n|clearpoke\n|poke|p1|Thundurus-Therian, M|\n|poke|p1|Toxapex, F|\n|poke|p1|Excadrill, M|\n|poke|p1|Skeledirge, M|\n|poke|p1|Meowscarada, F|\n|poke|p1|Lopunny, F|\n|poke|p2|Lopunny, M|\n|poke|p2|Tapu Lele|\n|poke|p2|Ogerpon-Wellspring, F|\n|poke|p2|Landorus-Therian, M|\n|poke|p2|Zapdos|\n|poke|p2|Volcarona, F|\n|teampreview\n|inactive|Battle timer is ON: inactive players will automatically lose when time's up. (requested by Prtbl_Trash)\n|inactive|Prepaniki has 120 seconds left.\n|\n|t:|1699740291\n|start\n|switch|p1a: Excadrill|Excadrill, M|100\/100\n|switch|p2a: Landorus|Landorus-Therian, M|100\/100\n|-ability|p2a: Landorus|Intimidate|boost\n|-unboost|p1a: Excadrill|atk|1\n|-ability|p1a: Excadrill|Mold Breaker\n|turn|1\n|\n|t:|1699740297\n|move|p2a: Landorus|Earthquake|p1a: Excadrill\n|-supereffective|p1a: Excadrill\n|-enditem|p1a: Excadrill|Focus Sash\n|-damage|p1a: Excadrill|1\/100\n|move|p1a: Excadrill|Stealth Rock|p2a: Landorus\n|-sidestart|p2: Prepaniki|move: Stealth Rock\n|\n|upkeep\n|turn|2\n|\n|t:|1699740304\n|switch|p1a: Thundurus|Thundurus-Therian, M|100\/100\n|move|p2a: Landorus|Earthquake|p1a: Thundurus\n|-immune|p1a: Thundurus\n|\n|upkeep\n|turn|3\n|\n|t:|1699740321\n|-terastallize|p1a: Thundurus|Ice\n|move|p1a: Thundurus|Tera Blast|p2a: Landorus|[anim] Tera Blast Ice\n|-supereffective|p2a: Landorus\n|-enditem|p2a: Landorus|Focus Sash\n|-damage|p2a: Landorus|1\/100\n|move|p2a: Landorus|Stealth Rock|p1a: Thundurus\n|-sidestart|p1: Prtbl_Trash|move: Stealth Rock\n|\n|upkeep\n|turn|4\n|\n|t:|1699740328\n|move|p1a: Thundurus|Tera Blast|p2a: Landorus|[anim] Tera Blast Ice\n|-supereffective|p2a: Landorus\n|-damage|p2a: Landorus|0 fnt\n|faint|p2a: Landorus\n|\n|upkeep\n|\n|t:|1699740340\n|switch|p2a: Zapdos|Zapdos|100\/100\n|turn|5\n|\n|t:|1699740342\n|move|p1a: Thundurus|Tera Blast|p2a: Zapdos|[anim] Tera Blast Ice\n|-supereffective|p2a: Zapdos\n|-damage|p2a: Zapdos|7\/100\n|move|p2a: Zapdos|Defog|p1a: Thundurus\n|-unboost|p1a: Thundurus|evasion|1\n|-sideend|p1: Prtbl_Trash|Stealth Rock|[from] move: Defog|[of] p2a: Zapdos\n|-sideend|p2: Prepaniki|Stealth Rock|[from] move: Defog|[of] p2a: Zapdos\n|\n|upkeep\n|turn|6\n|\n|t:|1699740347\n|move|p1a: Thundurus|Tera Blast|p2a: Zapdos|[anim] Tera Blast Ice\n|-supereffective|p2a: Zapdos\n|-damage|p2a: Zapdos|0 fnt\n|faint|p2a: Zapdos\n|\n|upkeep\n|\n|t:|1699740352\n|switch|p2a: Volcarona|Volcarona, F|100\/100\n|turn|7\n|\n|t:|1699740356\n|switch|p1a: Skeledirge|Skeledirge, M|100\/100\n|move|p2a: Volcarona|Quiver Dance|p2a: Volcarona\n|-boost|p2a: Volcarona|spa|1\n|-boost|p2a: Volcarona|spd|1\n|-boost|p2a: Volcarona|spe|1\n|\n|upkeep\n|turn|8\n|\n|t:|1699740368\n|move|p2a: Volcarona|Fiery Dance|p1a: Skeledirge\n|-resisted|p1a: Skeledirge\n|-damage|p1a: Skeledirge|84\/100\n|move|p1a: Skeledirge|Torch Song|p2a: Volcarona\n|-damage|p2a: Volcarona|66\/100\n|-boost|p1a: Skeledirge|spa|1\n|\n|upkeep\n|turn|9\n|\n|t:|1699740374\n|switch|p2a: Ogerpon|Ogerpon-Wellspring, F|100\/100\n|move|p1a: Skeledirge|Slack Off|p1a: Skeledirge\n|-heal|p1a: Skeledirge|100\/100\n|\n|upkeep\n|turn|10\n|inactive|Prepaniki has 120 seconds left.\n|\n|t:|1699740427\n|move|p2a: Ogerpon|Ivy Cudgel|p1a: Skeledirge\n|-supereffective|p1a: Skeledirge\n|-damage|p1a: Skeledirge|0 fnt\n|faint|p1a: Skeledirge\n|\n|upkeep\n|\n|t:|1699740436\n|switch|p1a: Meowscarada|Meowscarada, F|100\/100\n|turn|11\n|\n|t:|1699740453\n|switch|p2a: Volcarona|Volcarona, F|66\/100\n|move|p1a: Meowscarada|U-turn|p2a: Volcarona\n|-start|p1a: Meowscarada|typechange|Bug|[from] ability: Protean\n|-resisted|p2a: Volcarona\n|-damage|p2a: Volcarona|25\/100\n|\n|t:|1699740469\n|switch|p1a: Thundurus|Thundurus-Therian, M, tera:Ice|100\/100|[from] U-turn\n|\n|upkeep\n|turn|12\n|inactive|Prepaniki has 90 seconds left.\n|inactive|Prepaniki has 60 seconds left.\n|\n|t:|1699740525\n|move|p1a: Thundurus|Volt Switch|p2a: Volcarona\n|-damage|p2a: Volcarona|0 fnt\n|faint|p2a: Volcarona\n|\n|t:|1699740535\n|switch|p1a: Meowscarada|Meowscarada, F|100\/100|[from] Volt Switch\n|\n|upkeep\n|inactive|Prepaniki has 60 seconds left.\n|\n|t:|1699740557\n|switch|p2a: Tapu Lele|Tapu Lele|100\/100\n|-fieldstart|move: Psychic Terrain|[from] ability: Psychic Surge|[of] p2a: Tapu Lele\n|turn|13\n|\n|t:|1699740561\n|switch|p1a: Toxapex|Toxapex, F|100\/100\n|move|p2a: Tapu Lele|Moonblast|p1a: Toxapex\n|-resisted|p1a: Toxapex\n|-damage|p1a: Toxapex|80\/100\n|-unboost|p1a: Toxapex|spa|1\n|\n|upkeep\n|turn|14\n|inactive|Prepaniki has 60 seconds left.\n|inactive|Prepaniki has 30 seconds left.\n|inactive|Prepaniki has 20 seconds left.\n|\n|t:|1699740612\n|switch|p2a: Ogerpon|Ogerpon-Wellspring, F|100\/100\n|move|p1a: Toxapex|Toxic|p2a: Ogerpon\n|-status|p2a: Ogerpon|tox\n|\n|-damage|p2a: Ogerpon|95\/100 tox|[from] psn\n|upkeep\n|turn|15\n|inactive|Prepaniki has 30 seconds left this turn.\n|\n|t:|1699740619\n|move|p2a: Ogerpon|Swords Dance|p2a: Ogerpon\n|-boost|p2a: Ogerpon|atk|2\n|move|p1a: Toxapex|Haze|p1a: Toxapex\n|-clearallboost\n|\n|-damage|p2a: Ogerpon|83\/100 tox|[from] psn\n|upkeep\n|turn|16\n|\n|t:|1699740624\n|move|p2a: Ogerpon|Trailblaze|p1a: Toxapex\n|-damage|p1a: Toxapex|61\/100\n|-boost|p2a: Ogerpon|spe|1\n|move|p1a: Toxapex|Recover|p1a: Toxapex\n|-heal|p1a: Toxapex|100\/100\n|\n|-damage|p2a: Ogerpon|65\/100 tox|[from] psn\n|upkeep\n|turn|17\n|\n|t:|1699740630\n|move|p2a: Ogerpon|Horn Leech|p1a: Toxapex\n|-damage|p1a: Toxapex|74\/100\n|-heal|p2a: Ogerpon|78\/100 tox|[from] drain|[of] p1a: Toxapex\n|move|p1a: Toxapex|Haze|p1a: Toxapex\n|-clearallboost\n|\n|-damage|p2a: Ogerpon|54\/100 tox|[from] psn\n|-fieldend|move: Psychic Terrain\n|upkeep\n|turn|18\n|\n|t:|1699740639\n|move|p2a: Ogerpon|Horn Leech|p1a: Toxapex\n|-damage|p1a: Toxapex|47\/100\n|-heal|p2a: Ogerpon|68\/100 tox|[from] drain|[of] p1a: Toxapex\n|move|p1a: Toxapex|Haze|p1a: Toxapex\n|-clearallboost\n|\n|-damage|p2a: Ogerpon|38\/100 tox|[from] psn\n|upkeep\n|turn|19\n|\n|t:|1699740642\n|switch|p2a: Tapu Lele|Tapu Lele|100\/100\n|-fieldstart|move: Psychic Terrain|[from] ability: Psychic Surge|[of] p2a: Tapu Lele\n|move|p1a: Toxapex|Recover|p1a: Toxapex\n|-heal|p1a: Toxapex|97\/100\n|\n|upkeep\n|turn|20\n|\n|t:|1699740646\n|switch|p1a: Excadrill|Excadrill, M|1\/100\n|-ability|p1a: Excadrill|Mold Breaker\n|move|p2a: Tapu Lele|Psychic|p1a: Excadrill\n|-resisted|p1a: Excadrill\n|-damage|p1a: Excadrill|0 fnt\n|faint|p1a: Excadrill\n|\n|upkeep\n|\n|t:|1699740652\n|switch|p1a: Meowscarada|Meowscarada, F|100\/100\n|turn|21\n|\n|t:|1699740663\n|switch|p2a: Ogerpon|Ogerpon-Wellspring, F|38\/100 tox\n|move|p1a: Meowscarada|Flower Trick|p2a: Ogerpon\n|-start|p1a: Meowscarada|typechange|Grass|[from] ability: Protean\n|-crit|p2a: Ogerpon\n|-damage|p2a: Ogerpon|0 fnt\n|faint|p2a: Ogerpon\n|\n|upkeep\n|\n|t:|1699740677\n|switch|p2a: Lopunny|Lopunny, M|100\/100\n|turn|22\n|\n|t:|1699740687\n|detailschange|p2a: Lopunny|Lopunny-Mega, M\n|-mega|p2a: Lopunny|Lopunny|Lopunnite\n|move|p2a: Lopunny|Triple Axel|p1a: Meowscarada|[miss]\n|-miss|p2a: Lopunny|p1a: Meowscarada\n|move|p1a: Meowscarada|Flower Trick|p2a: Lopunny\n|-crit|p2a: Lopunny\n|-damage|p2a: Lopunny|2\/100\n|\n|upkeep\n|turn|23\n|inactive|Prepaniki has 90 seconds left.\n|inactive|Prepaniki has 60 seconds left.\n|inactive|Prepaniki has 30 seconds left.\n|inactive|Prepaniki has 20 seconds left.\n|inactive|Prepaniki has 15 seconds left.\n|inactive|Prepaniki has 10 seconds left.\n|inactive|Prepaniki has 5 seconds left.\n|-message|Prepaniki lost due to inactivity.\n|\n|win|Prtbl_Trash\n|raw|Prtbl_Trash's rating: 1381 &rarr; <strong>1397<\/strong><br \/>(+16 for winning)\n|raw|Prepaniki's rating: 1312 &rarr; <strong>1296<\/strong><br \/>(-16 for losing)\n","uploadtime":1699740842,"views":17,"p1id":"prtbltrash","p2id":"prepaniki","formatid":"gen9nationaldex","rating":1296,"private":0,"password":""}