{"id":"gen9nationaldex-1987716756","p1":"PestyPotato","p2":"zhaoyunkai","format":"[Gen 9] National Dex","log":"|j|\u2606PestyPotato\n|j|\u2606zhaoyunkai\n|t:|1699630442\n|gametype|singles\n|player|p1|PestyPotato|pokemaniac|1000\n|player|p2|zhaoyunkai|266|1029\n|teamsize|p1|6\n|teamsize|p2|6\n|gen|9\n|tier|[Gen 9] National Dex\n|rated|\n|rule|HP Percentage Mod: HP is shown in percentages\n|rule|Endless Battle Clause: Forcing endless battles is banned\n|rule|OHKO Clause: OHKO moves are banned\n|rule|Evasion Clause: Evasion abilities, items, and moves are banned\n|rule|Evasion Abilities Clause: Evasion abilities are banned\n|rule|Evasion Items Clause: Evasion items are banned\n|rule|Evasion Moves Clause: Evasion moves are banned\n|rule|Species Clause: Limit one of each Pok\u00e9mon\n|rule|Sleep Clause Mod: Limit one foe put to sleep\n|clearpoke\n|poke|p1|Cramorant, F|\n|poke|p1|Morpeko, M|\n|poke|p1|Eiscue, M|\n|poke|p1|Minior-Orange|\n|poke|p1|Darmanitan, F|\n|poke|p1|Castform, M|\n|poke|p2|Dragonite, M|\n|poke|p2|Ninetales-Alola, M|\n|poke|p2|Garganacl, M|\n|poke|p2|Iron Valiant|\n|poke|p2|Corviknight, F|\n|poke|p2|Toxapex, F|\n|teampreview\n|\n|t:|1699630450\n|start\n|switch|p1a: Pingo|Eiscue, M|100\/100\n|switch|p2a: Ninetales|Ninetales-Alola, M|100\/100\n|-weather|Snow|[from] ability: Snow Warning|[of] p2a: Ninetales\n|turn|1\n|\n|t:|1699630459\n|move|p2a: Ninetales|Aurora Veil|p2a: Ninetales\n|-sidestart|p2: zhaoyunkai|move: Aurora Veil\n|move|p1a: Pingo|Aurora Veil|p1a: Pingo\n|-sidestart|p1: PestyPotato|move: Aurora Veil\n|\n|-weather|Snow|[upkeep]\n|upkeep\n|turn|2\n|\n|t:|1699630467\n|move|p2a: Ninetales|Toxic|p1a: Pingo\n|-status|p1a: Pingo|tox\n|move|p1a: Pingo|Flip Turn|p2a: Ninetales\n|-damage|p2a: Ninetales|95\/100\n|inactive|Battle timer is ON: inactive players will automatically lose when time's up. (requested by zhaoyunkai)\n|\n|t:|1699630489\n|switch|p1a: Eyebrows|Darmanitan, F|100\/100|[from] Flip Turn\n|\n|-weather|Snow|[upkeep]\n|upkeep\n|turn|3\n|\n|t:|1699630497\n|move|p2a: Ninetales|Protect|p2a: Ninetales\n|-singleturn|p2a: Ninetales|Protect\n|move|p1a: Eyebrows|Flare Blitz|p2a: Ninetales\n|-activate|p2a: Ninetales|move: Protect\n|\n|-weather|Snow|[upkeep]\n|upkeep\n|turn|4\n|\n|t:|1699630508\n|switch|p2a: Toxapex|Toxapex, F|100\/100\n|move|p1a: Eyebrows|Flare Blitz|p2a: Toxapex\n|-resisted|p2a: Toxapex\n|-damage|p2a: Toxapex|88\/100\n|-damage|p1a: Eyebrows|97\/100|[from] Recoil\n|-damage|p1a: Eyebrows|87\/100|[from] item: Life Orb\n|\n|-weather|Snow|[upkeep]\n|-heal|p2a: Toxapex|94\/100|[from] item: Black Sludge\n|upkeep\n|turn|5\n|\n|t:|1699630523\n|move|p1a: Eyebrows|Earthquake|p2a: Toxapex\n|-supereffective|p2a: Toxapex\n|-damage|p2a: Toxapex|63\/100\n|-damage|p1a: Eyebrows|77\/100|[from] item: Life Orb\n|move|p2a: Toxapex|Toxic Spikes|p1a: Eyebrows\n|-sidestart|p1: PestyPotato|move: Toxic Spikes\n|\n|-weather|none\n|-heal|p2a: Toxapex|70\/100|[from] item: Black Sludge\n|-sideend|p1: PestyPotato|move: Aurora Veil\n|upkeep\n|turn|6\n|\n|t:|1699630538\n|move|p1a: Eyebrows|Earthquake|p2a: Toxapex\n|-supereffective|p2a: Toxapex\n|-damage|p2a: Toxapex|41\/100\n|-damage|p1a: Eyebrows|67\/100|[from] item: Life Orb\n|move|p2a: Toxapex|Toxic Spikes|p1a: Eyebrows\n|-sidestart|p1: PestyPotato|move: Toxic Spikes\n|\n|-heal|p2a: Toxapex|48\/100|[from] item: Black Sludge\n|upkeep\n|turn|7\n|\n|t:|1699630556\n|switch|p2a: Dragonite|Dragonite, M|100\/100\n|move|p1a: Eyebrows|Earthquake|p2a: Dragonite\n|-immune|p2a: Dragonite\n|\n|upkeep\n|turn|8\n|\n|t:|1699630576\n|switch|p1a: Pingo|Eiscue, M|100\/100 tox\n|move|p2a: Dragonite|Dragon Dance|p2a: Dragonite\n|-boost|p2a: Dragonite|atk|1\n|-boost|p2a: Dragonite|spe|1\n|\n|-damage|p1a: Pingo|94\/100 tox|[from] psn\n|-sideend|p2: zhaoyunkai|move: Aurora Veil\n|upkeep\n|turn|9\n|\n|t:|1699630589\n|-terastallize|p2a: Dragonite|Steel\n|move|p2a: Dragonite|Dragon Dance|p2a: Dragonite\n|-boost|p2a: Dragonite|atk|1\n|-boost|p2a: Dragonite|spe|1\n|move|p1a: Pingo|Blizzard|p2a: Dragonite\n|-resisted|p2a: Dragonite\n|-damage|p2a: Dragonite|93\/100\n|\n|-damage|p1a: Pingo|82\/100 tox|[from] psn\n|upkeep\n|turn|10\n|\n|t:|1699630601\n|move|p2a: Dragonite|Dragon Dance|p2a: Dragonite\n|-boost|p2a: Dragonite|atk|1\n|-boost|p2a: Dragonite|spe|1\n|move|p1a: Pingo|Hail|p1a: Pingo\n|-weather|Hail\n|\n|-weather|Hail|[upkeep]\n|-damage|p2a: Dragonite|87\/100|[from] Hail\n|-damage|p1a: Pingo|64\/100 tox|[from] psn\n|upkeep\n|turn|11\n|\n|t:|1699630611\n|move|p2a: Dragonite|Dragon Dance|p2a: Dragonite\n|-boost|p2a: Dragonite|atk|1\n|-boost|p2a: Dragonite|spe|1\n|move|p1a: Pingo|Aurora Veil|p1a: Pingo\n|-sidestart|p1: PestyPotato|move: Aurora Veil\n|\n|-weather|Hail|[upkeep]\n|-damage|p2a: Dragonite|80\/100|[from] Hail\n|-damage|p1a: Pingo|39\/100 tox|[from] psn\n|upkeep\n|turn|12\n|\n|t:|1699630620\n|move|p2a: Dragonite|Dragon Dance|p2a: Dragonite\n|-boost|p2a: Dragonite|atk|1\n|-boost|p2a: Dragonite|spe|1\n|move|p1a: Pingo|Flip Turn|p2a: Dragonite\n|-damage|p2a: Dragonite|70\/100\n|inactive|PestyPotato has 120 seconds left.\n|\n|t:|1699630645\n|switch|p1a: Eyebrows|Darmanitan, F|67\/100|[from] Flip Turn\n|-status|p1a: Eyebrows|tox\n|\n|-weather|Hail|[upkeep]\n|-damage|p2a: Dragonite|64\/100|[from] Hail\n|-damage|p1a: Eyebrows|61\/100 tox|[from] Hail\n|-damage|p1a: Eyebrows|54\/100 tox|[from] psn\n|upkeep\n|turn|13\n|inactive|PestyPotato has 120 seconds left.\n|\n|t:|1699630657\n|move|p1a: Eyebrows|Flare Blitz|p2a: Dragonite\n|-supereffective|p2a: Dragonite\n|-damage|p2a: Dragonite|0 fnt\n|faint|p2a: Dragonite\n|-damage|p1a: Eyebrows|31\/100 tox|[from] Recoil\n|-damage|p1a: Eyebrows|22\/100 tox|[from] item: Life Orb\n|\n|-weather|Hail|[upkeep]\n|-damage|p1a: Eyebrows|15\/100 tox|[from] Hail\n|-damage|p1a: Eyebrows|3\/100 tox|[from] psn\n|-formechange|p1a: Eyebrows|Darmanitan-Zen|\n|upkeep\n|\n|t:|1699630672\n|switch|p2a: Garganacl|Garganacl, M|100\/100\n|turn|14\n|\n|t:|1699630684\n|move|p1a: Eyebrows|Psychic|p2a: Garganacl\n|-damage|p2a: Garganacl|51\/100\n|-damage|p1a: Eyebrows|0 fnt|[from] item: Life Orb\n|faint|p1a: Eyebrows\n|move|p2a: Garganacl|Iron Defense|p2a: Garganacl\n|-boost|p2a: Garganacl|def|2\n|\n|-weather|Hail|[upkeep]\n|-damage|p2a: Garganacl|45\/100|[from] Hail\n|-heal|p2a: Garganacl|51\/100|[from] item: Leftovers\n|upkeep\n|inactive|PestyPotato has 120 seconds left.\n|\n|t:|1699630699\n|switch|p1a: Fisherman|Cramorant, F|100\/100\n|turn|15\n|\n|t:|1699630706\n|move|p1a: Fisherman|Surf|p2a: Garganacl\n|-formechange|p1a: Fisherman|Cramorant-Gulping|\n|-supereffective|p2a: Garganacl\n|-damage|p2a: Garganacl|9\/100\n|move|p2a: Garganacl|Salt Cure|p1a: Fisherman\n|-supereffective|p1a: Fisherman\n|-damage|p1a: Fisherman|82\/100\n|-start|p1a: Fisherman|Salt Cure\n|-damage|p2a: Garganacl|0 fnt|[from] ability: Gulp Missile|[of] p1a: Fisherman\n|-formechange|p1a: Fisherman|Cramorant|\n|faint|p2a: Garganacl\n|\n|-weather|Hail|[upkeep]\n|-damage|p1a: Fisherman|76\/100|[from] Hail\n|-heal|p1a: Fisherman|82\/100|[from] item: Leftovers\n|-damage|p1a: Fisherman|58\/100|[from] Salt Cure\n|-sideend|p1: PestyPotato|move: Aurora Veil\n|upkeep\n|\n|t:|1699630724\n|switch|p2a: Ninetales|Ninetales-Alola, M|95\/100\n|-weather|Snow|[from] ability: Snow Warning|[of] p2a: Ninetales\n|turn|16\n|\n|t:|1699630735\n|switch|p1a: Pingo|Eiscue, M|39\/100 tox\n|move|p2a: Ninetales|Protect||[still]\n|-fail|p2a: Ninetales\n|\n|-weather|Snow|[upkeep]\n|-damage|p1a: Pingo|33\/100 tox|[from] psn\n|upkeep\n|turn|17\n|\n|t:|1699630747\n|move|p2a: Ninetales|Aurora Veil|p2a: Ninetales\n|-sidestart|p2: zhaoyunkai|move: Aurora Veil\n|move|p1a: Pingo|Aurora Veil|p1a: Pingo\n|-sidestart|p1: PestyPotato|move: Aurora Veil\n|\n|-weather|Snow|[upkeep]\n|-damage|p1a: Pingo|20\/100 tox|[from] psn\n|upkeep\n|turn|18\n|\n|t:|1699630758\n|switch|p2a: Toxapex|Toxapex, F|81\/100\n|move|p1a: Pingo|Flip Turn|p2a: Toxapex\n|-resisted|p2a: Toxapex\n|-damage|p2a: Toxapex|79\/100\n|\n|t:|1699630771\n|switch|p1a: Hampter|Morpeko, M|100\/100|[from] Flip Turn\n|\n|-weather|Snow|[upkeep]\n|-heal|p2a: Toxapex|85\/100|[from] item: Black Sludge\n|-formechange|p1a: Hampter|Morpeko-Hangry||[from] ability: Hunger Switch\n|upkeep\n|turn|19\n|\n|t:|1699630789\n|move|p2a: Toxapex|Baneful Bunker|p2a: Toxapex\n|-singleturn|p2a: Toxapex|move: Protect\n|move|p1a: Hampter|Wild Charge|p2a: Toxapex\n|-activate|p2a: Toxapex|move: Protect\n|-status|p1a: Hampter|psn\n|\n|-weather|Snow|[upkeep]\n|-heal|p2a: Toxapex|92\/100|[from] item: Black Sludge\n|-damage|p1a: Hampter|88\/100 psn|[from] psn\n|-formechange|p1a: Hampter|Morpeko||[from] ability: Hunger Switch\n|upkeep\n|turn|20\n|inactive|PestyPotato has 120 seconds left.\n|\n|t:|1699630806\n|switch|p2a: Ninetales|Ninetales-Alola, M|95\/100\n|move|p1a: Hampter|Aura Wheel|p2a: Ninetales\n|-damage|p2a: Ninetales|70\/100\n|-boost|p1a: Hampter|spe|1\n|\n|-weather|none\n|-damage|p1a: Hampter|76\/100 psn|[from] psn\n|-formechange|p1a: Hampter|Morpeko-Hangry||[from] ability: Hunger Switch\n|upkeep\n|turn|21\n|inactive|PestyPotato has 120 seconds left.\n|\n|t:|1699630820\n|move|p2a: Ninetales|Protect|p2a: Ninetales\n|-singleturn|p2a: Ninetales|Protect\n|move|p1a: Hampter|Rapid Spin|p2a: Ninetales\n|-activate|p2a: Ninetales|move: Protect\n|\n|-damage|p1a: Hampter|63\/100 psn|[from] psn\n|-sideend|p1: PestyPotato|move: Aurora Veil\n|-formechange|p1a: Hampter|Morpeko||[from] ability: Hunger Switch\n|upkeep\n|turn|22\n|inactive|PestyPotato has 120 seconds left.\n|\n|t:|1699630833\n|move|p1a: Hampter|Rapid Spin|p2a: Ninetales\n|-damage|p2a: Ninetales|58\/100\n|-boost|p1a: Hampter|spe|1\n|-sideend|p1: PestyPotato|Toxic Spikes|[from] move: Rapid Spin|[of] p1a: Hampter\n|move|p2a: Ninetales|Encore|p1a: Hampter\n|-start|p1a: Hampter|Encore\n|\n|-damage|p1a: Hampter|51\/100 psn|[from] psn\n|-formechange|p1a: Hampter|Morpeko-Hangry||[from] ability: Hunger Switch\n|upkeep\n|turn|23\n|inactive|PestyPotato has 120 seconds left.\n|\n|t:|1699630847\n|switch|p1a: Pingo|Eiscue, M|20\/100 tox\n|move|p2a: Ninetales|Protect||[still]\n|-fail|p2a: Ninetales\n|\n|-damage|p1a: Pingo|14\/100 tox|[from] psn\n|upkeep\n|turn|24\n|inactive|PestyPotato has 120 seconds left.\n|\n|t:|1699630869\n|switch|p2a: Iron Valiant|Iron Valiant|100\/100\n|move|p1a: Pingo|Flip Turn|p2a: Iron Valiant\n|-damage|p2a: Iron Valiant|94\/100\n|\n|t:|1699630881\n|switch|p1a: Orbitz|Minior-Orange|100\/100|[from] Flip Turn\n|-formechange|p1a: Orbitz|Minior-Meteor||[from] ability: Shields Down\n|\n|-sideend|p2: zhaoyunkai|move: Aurora Veil\n|upkeep\n|turn|25\n|\n|t:|1699630900\n|move|p2a: Iron Valiant|Trick|p1a: Orbitz\n|-activate|p2a: Iron Valiant|move: Trick|[of] p1a: Orbitz\n|-item|p1a: Orbitz|Choice Band|[from] move: Trick\n|-item|p2a: Iron Valiant|White Herb|[from] move: Trick\n|move|p1a: Orbitz|Shell Smash|p1a: Orbitz\n|-unboost|p1a: Orbitz|def|1\n|-unboost|p1a: Orbitz|spd|1\n|-boost|p1a: Orbitz|atk|2\n|-boost|p1a: Orbitz|spa|2\n|-boost|p1a: Orbitz|spe|2\n|\n|upkeep\n|turn|26\n|\n|t:|1699630916\n|switch|p1a: Pingo|Eiscue, M|14\/100 tox\n|move|p2a: Iron Valiant|Hypnosis|p1a: Pingo|[miss]\n|-miss|p2a: Iron Valiant|p1a: Pingo\n|\n|-damage|p1a: Pingo|8\/100 tox|[from] psn\n|upkeep\n|turn|27\n|\n|t:|1699630929\n|move|p2a: Iron Valiant|Hypnosis|p1a: Pingo|[miss]\n|-miss|p2a: Iron Valiant|p1a: Pingo\n|move|p1a: Pingo|Blizzard|p2a: Iron Valiant\n|-damage|p2a: Iron Valiant|32\/100\n|\n|-damage|p1a: Pingo|0 fnt|[from] psn\n|faint|p1a: Pingo\n|upkeep\n|inactive|PestyPotato has 90 seconds left.\n|\n|t:|1699630966\n|switch|p1a: Hampter|Morpeko, M|51\/100 psn\n|turn|28\n|\n|t:|1699630974\n|move|p2a: Iron Valiant|Destiny Bond|p2a: Iron Valiant\n|-singlemove|p2a: Iron Valiant|Destiny Bond\n|move|p1a: Hampter|Aura Wheel|p2a: Iron Valiant\n|-damage|p2a: Iron Valiant|0 fnt\n|-boost|p1a: Hampter|spe|1\n|faint|p2a: Iron Valiant\n|-activate|p2a: Iron Valiant|move: Destiny Bond\n|-end|p2a: Iron Valiant|Quark Drive|[silent]\n|faint|p1a: Hampter\n|\n|upkeep\n|\n|t:|1699630989\n|switch|p2a: Ninetales|Ninetales-Alola, M|58\/100\n|switch|p1a: Weather Man|Castform, M|100\/100\n|-weather|Snow|[from] ability: Snow Warning|[of] p2a: Ninetales\n|-formechange|p1a: Weather Man|Castform-Snowy|[msg]|[from] ability: Forecast\n|turn|29\n|\n|t:|1699631009\n|move|p2a: Ninetales|Aurora Veil|p2a: Ninetales\n|-sidestart|p2: zhaoyunkai|move: Aurora Veil\n|move|p1a: Weather Man|Thunder|p2a: Ninetales|[miss]\n|-miss|p1a: Weather Man|p2a: Ninetales\n|\n|-weather|Snow|[upkeep]\n|upkeep\n|turn|30\n|\n|t:|1699631017\n|move|p2a: Ninetales|Toxic|p1a: Weather Man\n|-status|p1a: Weather Man|tox\n|move|p1a: Weather Man|Thunder|p2a: Ninetales\n|-damage|p2a: Ninetales|47\/100\n|-status|p2a: Ninetales|par\n|\n|-weather|Snow|[upkeep]\n|-damage|p1a: Weather Man|94\/100 tox|[from] psn\n|upkeep\n|turn|31\n|inactive|PestyPotato has 60 seconds left.\n|\n|t:|1699631052\n|move|p2a: Ninetales|Protect|p2a: Ninetales\n|-singleturn|p2a: Ninetales|Protect\n|move|p1a: Weather Man|Thunder|p2a: Ninetales\n|-activate|p2a: Ninetales|move: Protect\n|\n|-weather|Snow|[upkeep]\n|-damage|p1a: Weather Man|82\/100 tox|[from] psn\n|upkeep\n|turn|32\n|\n|t:|1699631070\n|cant|p2a: Ninetales|par\n|move|p1a: Weather Man|Thunder|p2a: Ninetales|[miss]\n|-miss|p1a: Weather Man|p2a: Ninetales\n|\n|-weather|Snow|[upkeep]\n|-damage|p1a: Weather Man|64\/100 tox|[from] psn\n|upkeep\n|turn|33\n|\n|t:|1699631079\n|switch|p1a: Orbitz|Minior-Orange|100\/100\n|-formechange|p1a: Orbitz|Minior-Meteor||[from] ability: Shields Down\n|move|p2a: Ninetales|Protect||[still]\n|-fail|p2a: Ninetales\n|\n|-weather|none\n|upkeep\n|turn|34\n|inactive|PestyPotato has 60 seconds left.\n|\n|t:|1699631102\n|switch|p2a: Toxapex|Toxapex, F|100\/100\n|move|p1a: Orbitz|Rock Slide|p2a: Toxapex\n|-damage|p2a: Toxapex|85\/100\n|\n|-heal|p2a: Toxapex|91\/100|[from] item: Black Sludge\n|upkeep\n|turn|35\n|\n|t:|1699631117\n|switch|p1a: Weather Man|Castform, M|64\/100 tox\n|move|p2a: Toxapex|Toxic Spikes|p1a: Weather Man\n|-sidestart|p1: PestyPotato|move: Toxic Spikes\n|\n|-heal|p2a: Toxapex|98\/100|[from] item: Black Sludge\n|-damage|p1a: Weather Man|58\/100 tox|[from] psn\n|upkeep\n|turn|36\n|\n|t:|1699631132\n|move|p1a: Weather Man|Thunder|p2a: Toxapex\n|-supereffective|p2a: Toxapex\n|-damage|p2a: Toxapex|81\/100\n|-status|p2a: Toxapex|par\n|-heal|p1a: Weather Man|60\/100 tox|[from] item: Shell Bell|[of] p2a: Toxapex\n|cant|p2a: Toxapex|par\n|\n|-heal|p2a: Toxapex|88\/100 par|[from] item: Black Sludge\n|-damage|p1a: Weather Man|48\/100 tox|[from] psn\n|-sideend|p2: zhaoyunkai|move: Aurora Veil\n|upkeep\n|turn|37\n|inactive|PestyPotato has 30 seconds left.\n|\n|t:|1699631154\n|move|p1a: Weather Man|Thunder|p2a: Toxapex\n|-supereffective|p2a: Toxapex\n|-damage|p2a: Toxapex|55\/100 par\n|-heal|p1a: Weather Man|53\/100 tox|[from] item: Shell Bell|[of] p2a: Toxapex\n|cant|p2a: Toxapex|par\n|\n|-heal|p2a: Toxapex|61\/100 par|[from] item: Black Sludge\n|-damage|p1a: Weather Man|35\/100 tox|[from] psn\n|upkeep\n|turn|38\n|inactive|PestyPotato has 30 seconds left.\n|\n|t:|1699631164\n|move|p1a: Weather Man|Thunder|p2a: Toxapex\n|-supereffective|p2a: Toxapex\n|-damage|p2a: Toxapex|27\/100 par\n|-heal|p1a: Weather Man|39\/100 tox|[from] item: Shell Bell|[of] p2a: Toxapex\n|move|p2a: Toxapex|Recover|p2a: Toxapex\n|-heal|p2a: Toxapex|77\/100 par\n|\n|-heal|p2a: Toxapex|84\/100 par|[from] item: Black Sludge\n|-damage|p1a: Weather Man|15\/100 tox|[from] psn\n|upkeep\n|turn|39\n|inactive|PestyPotato has 30 seconds left.\n|\n|t:|1699631178\n|move|p1a: Weather Man|Thunder|p2a: Toxapex\n|-supereffective|p2a: Toxapex\n|-damage|p2a: Toxapex|51\/100 par\n|-heal|p1a: Weather Man|19\/100 tox|[from] item: Shell Bell|[of] p2a: Toxapex\n|move|p2a: Toxapex|Toxic Spikes|p1a: Weather Man\n|-sidestart|p1: PestyPotato|move: Toxic Spikes\n|\n|-heal|p2a: Toxapex|58\/100 par|[from] item: Black Sludge\n|-damage|p1a: Weather Man|0 fnt|[from] psn\n|faint|p1a: Weather Man\n|upkeep\n|inactive|PestyPotato has 30 seconds left.\n|inactive|PestyPotato has 20 seconds left.\n|inactive|PestyPotato has 15 seconds left.\n|inactive|PestyPotato has 10 seconds left.\n|\n|t:|1699631203\n|switch|p1a: Orbitz|Minior-Orange|100\/100\n|-formechange|p1a: Orbitz|Minior-Meteor||[from] ability: Shields Down\n|turn|40\n|inactive|PestyPotato has 20 seconds left this turn.\n|inactive|PestyPotato has 15 seconds left.\n|inactive|PestyPotato has 10 seconds left.\n|\n|t:|1699631218\n|move|p2a: Toxapex|Baneful Bunker|p2a: Toxapex\n|-singleturn|p2a: Toxapex|move: Protect\n|move|p1a: Orbitz|Earthquake|p2a: Toxapex\n|-activate|p2a: Toxapex|move: Protect\n|\n|-heal|p2a: Toxapex|64\/100 par|[from] item: Black Sludge\n|upkeep\n|turn|41\n|inactive|PestyPotato has 20 seconds left this turn.\n|inactive|PestyPotato has 15 seconds left.\n|\n|t:|1699631232\n|switch|p1a: Fisherman|Cramorant, F|58\/100\n|switch|p2a: Corviknight|Corviknight, F|100\/100\n|-ability|p2a: Corviknight|Pressure\n|\n|-heal|p1a: Fisherman|64\/100|[from] item: Leftovers\n|upkeep\n|turn|42\n|inactive|PestyPotato has 25 seconds left this turn.\n|inactive|PestyPotato has 20 seconds left.\n|inactive|PestyPotato has 15 seconds left.\n|\n|t:|1699631246\n|move|p1a: Fisherman|Surf|p2a: Corviknight\n|-formechange|p1a: Fisherman|Cramorant-Gulping|\n|-damage|p2a: Corviknight|76\/100\n|move|p2a: Corviknight|Light Screen|p2a: Corviknight\n|-sidestart|p2: zhaoyunkai|move: Light Screen\n|\n|-heal|p1a: Fisherman|70\/100|[from] item: Leftovers\n|-heal|p2a: Corviknight|82\/100|[from] item: Leftovers\n|upkeep\n|turn|43\n|inactive|PestyPotato has 25 seconds left this turn.\n|inactive|PestyPotato has 20 seconds left.\n|inactive|PestyPotato has 15 seconds left.\n|\n|t:|1699631260\n|move|p1a: Fisherman|Surf|p2a: Corviknight\n|-damage|p2a: Corviknight|69\/100\n|move|p2a: Corviknight|U-turn|p1a: Fisherman\n|-resisted|p1a: Fisherman\n|-damage|p1a: Fisherman|61\/100\n|-damage|p2a: Corviknight|44\/100|[from] ability: Gulp Missile|[of] p1a: Fisherman\n|-unboost|p2a: Corviknight|def|1\n|-formechange|p1a: Fisherman|Cramorant|\n|inactive|PestyPotato has 20 seconds left this turn.\n|\n|t:|1699631268\n|switch|p2a: Ninetales|Ninetales-Alola, M|47\/100 par|[from] U-turn\n|-weather|Snow|[from] ability: Snow Warning|[of] p2a: Ninetales\n|\n|-weather|Snow|[upkeep]\n|-heal|p1a: Fisherman|67\/100|[from] item: Leftovers\n|upkeep\n|turn|44\n|inactive|PestyPotato has 30 seconds left this turn.\n|inactive|PestyPotato has 20 seconds left.\n|\n|t:|1699631281\n|move|p1a: Fisherman|Surf|p2a: Ninetales\n|-formechange|p1a: Fisherman|Cramorant-Gulping|\n|-damage|p2a: Ninetales|35\/100 par\n|move|p2a: Ninetales|Toxic|p1a: Fisherman\n|-status|p1a: Fisherman|tox\n|\n|-weather|Snow|[upkeep]\n|-heal|p1a: Fisherman|73\/100 tox|[from] item: Leftovers\n|-damage|p1a: Fisherman|67\/100 tox|[from] psn\n|upkeep\n|turn|45\n|inactive|PestyPotato has 30 seconds left this turn.\n|inactive|PestyPotato has 20 seconds left.\n|inactive|PestyPotato has 15 seconds left.\n|\n|t:|1699631297\n|switch|p1a: Orbitz|Minior-Orange|100\/100\n|-formechange|p1a: Orbitz|Minior-Meteor||[from] ability: Shields Down\n|move|p2a: Ninetales|Protect||[still]\n|-fail|p2a: Ninetales\n|\n|-weather|Snow|[upkeep]\n|upkeep\n|turn|46\n|inactive|PestyPotato has 25 seconds left this turn.\n|inactive|PestyPotato has 20 seconds left.\n|inactive|PestyPotato has 15 seconds left.\n|inactive|PestyPotato has 10 seconds left.\n|\n|t:|1699631312\n|move|p1a: Orbitz|Rock Slide|p2a: Ninetales\n|-supereffective|p2a: Ninetales\n|-damage|p2a: Ninetales|0 fnt\n|faint|p2a: Ninetales\n|\n|-weather|Snow|[upkeep]\n|-sideend|p2: zhaoyunkai|move: Light Screen\n|upkeep\n|inactive|PestyPotato has 15 seconds left this turn.\n|\n|t:|1699631320\n|switch|p2a: Corviknight|Corviknight, F|44\/100\n|-ability|p2a: Corviknight|Pressure\n|turn|47\n|inactive|PestyPotato has 25 seconds left this turn.\n|\n|t:|1699631327\n|switch|p1a: Fisherman|Cramorant, F|67\/100 tox\n|move|p2a: Corviknight|Roost|p2a: Corviknight\n|-heal|p2a: Corviknight|94\/100\n|-singleturn|p2a: Corviknight|move: Roost\n|\n|-weather|none\n|-heal|p1a: Fisherman|73\/100 tox|[from] item: Leftovers\n|-heal|p2a: Corviknight|99\/100|[from] item: Leftovers\n|-damage|p1a: Fisherman|67\/100 tox|[from] psn\n|upkeep\n|turn|48\n|inactive|PestyPotato has 30 seconds left.\n|\n|t:|1699631340\n|move|p1a: Fisherman|Surf|p2a: Corviknight\n|-formechange|p1a: Fisherman|Cramorant-Gulping|\n|-damage|p2a: Corviknight|75\/100\n|move|p2a: Corviknight|U-turn|p1a: Fisherman\n|-resisted|p1a: Fisherman\n|-damage|p1a: Fisherman|58\/100 tox\n|-damage|p2a: Corviknight|50\/100|[from] ability: Gulp Missile|[of] p1a: Fisherman\n|-unboost|p2a: Corviknight|def|1\n|-formechange|p1a: Fisherman|Cramorant|\n|inactive|PestyPotato has 30 seconds left this turn.\n|\n|t:|1699631349\n|switch|p2a: Toxapex|Toxapex, F|97\/100 par|[from] U-turn\n|\n|-heal|p1a: Fisherman|64\/100 tox|[from] item: Leftovers\n|-heal|p2a: Toxapex|100\/100 par|[from] item: Black Sludge\n|-damage|p1a: Fisherman|52\/100 tox|[from] psn\n|upkeep\n|turn|49\n|inactive|PestyPotato has 30 seconds left.\n|\n|t:|1699631367\n|move|p2a: Toxapex|Baneful Bunker|p2a: Toxapex\n|-singleturn|p2a: Toxapex|move: Protect\n|move|p1a: Fisherman|Roost|p1a: Fisherman\n|-heal|p1a: Fisherman|100\/100 tox\n|-singleturn|p1a: Fisherman|move: Roost\n|\n|-damage|p1a: Fisherman|82\/100 tox|[from] psn\n|upkeep\n|turn|50\n|inactive|PestyPotato has 30 seconds left.\n|\n|t:|1699631379\n|switch|p1a: Orbitz|Minior-Orange|100\/100\n|-formechange|p1a: Orbitz|Minior-Meteor||[from] ability: Shields Down\n|move|p2a: Toxapex|Toxic Spikes||[still]\n|-fail|p2a: Toxapex\n|\n|upkeep\n|turn|51\n|inactive|PestyPotato has 30 seconds left.\n|\n|t:|1699631391\n|move|p1a: Orbitz|Rock Slide|p2a: Toxapex\n|-damage|p2a: Toxapex|69\/100 par\n|cant|p2a: Toxapex|flinch\n|\n|-heal|p2a: Toxapex|75\/100 par|[from] item: Black Sludge\n|upkeep\n|turn|52\n|inactive|PestyPotato has 30 seconds left.\n|\n|t:|1699631402\n|move|p1a: Orbitz|Rock Slide|p2a: Toxapex\n|-damage|p2a: Toxapex|45\/100 par\n|cant|p2a: Toxapex|flinch\n|\n|-heal|p2a: Toxapex|51\/100 par|[from] item: Black Sludge\n|upkeep\n|turn|53\n|\n|t:|1699631413\n|move|p1a: Orbitz|Rock Slide|p2a: Toxapex\n|-damage|p2a: Toxapex|19\/100 par\n|move|p2a: Toxapex|Haze|p2a: Toxapex\n|-clearallboost\n|\n|-heal|p2a: Toxapex|25\/100 par|[from] item: Black Sludge\n|upkeep\n|turn|54\n|\n|t:|1699631424\n|switch|p2a: Corviknight|Corviknight, F|50\/100\n|-ability|p2a: Corviknight|Pressure\n|move|p1a: Orbitz|Rock Slide|p2a: Corviknight\n|-damage|p2a: Corviknight|27\/100\n|\n|-heal|p2a: Corviknight|33\/100|[from] item: Leftovers\n|upkeep\n|turn|55\n|\n|t:|1699631435\n|move|p1a: Orbitz|Rock Slide|p2a: Corviknight|[miss]\n|-miss|p1a: Orbitz|p2a: Corviknight\n|move|p2a: Corviknight|Roost|p2a: Corviknight\n|-heal|p2a: Corviknight|83\/100\n|-singleturn|p2a: Corviknight|move: Roost\n|\n|-heal|p2a: Corviknight|90\/100|[from] item: Leftovers\n|upkeep\n|turn|56\n|\n|t:|1699631446\n|move|p1a: Orbitz|Rock Slide|p2a: Corviknight\n|-damage|p2a: Corviknight|68\/100\n|move|p2a: Corviknight|Light Screen|p2a: Corviknight\n|-sidestart|p2: zhaoyunkai|move: Light Screen\n|\n|-heal|p2a: Corviknight|74\/100|[from] item: Leftovers\n|upkeep\n|turn|57\n|-message|zhaoyunkai forfeited.\n|\n|win|PestyPotato\n|raw|PestyPotato's rating: 1000 &rarr; <strong>1043<\/strong><br \/>(+43 for winning)\n|raw|zhaoyunkai's rating: 1029 &rarr; <strong>1013<\/strong><br \/>(-16 for losing)\n|l|\u2606zhaoyunkai\n","uploadtime":1699631478,"views":5,"p1id":"pestypotato","p2id":"zhaoyunkai","formatid":"gen9nationaldex","rating":1013,"private":0,"password":""}