{"id":"gen9nationaldex-1990829382","p1":"gojo2223","p2":"Chili D Dewd","format":"[Gen 9] National Dex","log":"|j|\u2606gojo2223\n|j|\u2606Chili D Dewd\n|t:|1700005148\n|gametype|singles\n|player|p1|gojo2223|266|\n|player|p2|Chili D Dewd|flint|\n|teamsize|p1|6\n|teamsize|p2|6\n|gen|9\n|tier|[Gen 9] National Dex\n|rule|HP Percentage Mod: HP is shown in percentages\n|rule|Endless Battle Clause: Forcing endless battles is banned\n|rule|OHKO Clause: OHKO moves are banned\n|rule|Evasion Clause: Evasion abilities, items, and moves are banned\n|rule|Evasion Abilities Clause: Evasion abilities are banned\n|rule|Evasion Items Clause: Evasion items are banned\n|rule|Evasion Moves Clause: Evasion moves are banned\n|rule|Species Clause: Limit one of each Pok\u00e9mon\n|rule|Sleep Clause Mod: Limit one foe put to sleep\n|clearpoke\n|poke|p1|Latias, F|\n|poke|p1|Kartana|\n|poke|p1|Metagross|\n|poke|p1|Zamazenta-*|\n|poke|p1|Garchomp, M|\n|poke|p1|Cinderace, M|\n|poke|p2|Infernape, M|\n|poke|p2|Scizor, F|\n|poke|p2|Alomomola, M|\n|poke|p2|Gliscor, F|\n|poke|p2|Tapu Koko|\n|poke|p2|Tornadus-Therian, M|\n|teampreview\n|c|\u2606Chili D Dewd|Glhf\n|c|\u2606gojo2223|u2\n|\n|t:|1700005168\n|start\n|switch|p1a: Garchomp|Garchomp, M|100\/100\n|switch|p2a: Gliscor|Gliscor, F|100\/100\n|turn|1\n|\n|t:|1700005182\n|move|p1a: Garchomp|Stealth Rock|p2a: Gliscor\n|-sidestart|p2: Chili D Dewd|move: Stealth Rock\n|move|p2a: Gliscor|Stealth Rock|p1a: Garchomp\n|-sidestart|p1: gojo2223|move: Stealth Rock\n|\n|-status|p2a: Gliscor|tox|[from] item: Toxic Orb\n|upkeep\n|turn|2\n|\n|t:|1700005190\n|-zpower|p1a: Garchomp\n|move|p1a: Garchomp|Devastating Drake|p2a: Gliscor|[zeffect]\n|-damage|p2a: Gliscor|20\/100 tox\n|move|p2a: Gliscor|U-turn|p1a: Garchomp\n|-damage|p1a: Garchomp|84\/100\n|-damage|p2a: Gliscor|8\/100 tox|[from] ability: Rough Skin|[of] p1a: Garchomp\n|\n|t:|1700005200\n|switch|p2a: Tapu Koko|Tapu Koko|100\/100|[from] U-turn\n|-damage|p2a: Tapu Koko|88\/100|[from] Stealth Rock\n|-fieldstart|move: Electric Terrain|[from] ability: Electric Surge|[of] p2a: Tapu Koko\n|\n|upkeep\n|turn|3\n|\n|t:|1700005207\n|switch|p1a: Metagross|Metagross|100\/100\n|-damage|p1a: Metagross|94\/100|[from] Stealth Rock\n|move|p2a: Tapu Koko|Hidden Power|p1a: Metagross\n|-resisted|p1a: Metagross\n|-damage|p1a: Metagross|86\/100\n|\n|upkeep\n|turn|4\n|\n|t:|1700005214\n|switch|p2a: Scizor|Scizor, F|100\/100\n|-damage|p2a: Scizor|88\/100|[from] Stealth Rock\n|move|p1a: Metagross|Meteor Mash|p2a: Scizor\n|-resisted|p2a: Scizor\n|-damage|p2a: Scizor|67\/100\n|\n|upkeep\n|turn|5\n|\n|t:|1700005221\n|detailschange|p2a: Scizor|Scizor-Mega, F\n|-mega|p2a: Scizor|Scizor|Scizorite\n|move|p2a: Scizor|U-turn|p1a: Metagross\n|-damage|p1a: Metagross|59\/100\n|\n|t:|1700005224\n|switch|p2a: Tornadus|Tornadus-Therian, M|100\/100|[from] U-turn\n|move|p1a: Metagross|Earthquake|p2a: Tornadus\n|-immune|p2a: Tornadus\n|\n|upkeep\n|turn|6\n|\n|t:|1700005233\n|switch|p1a: Latias|Latias, F|100\/100\n|-damage|p1a: Latias|88\/100|[from] Stealth Rock\n|move|p2a: Tornadus|Defog|p1a: Latias\n|-unboost|p1a: Latias|evasion|1\n|-sideend|p1: gojo2223|Stealth Rock|[from] move: Defog|[of] p2a: Tornadus\n|-sideend|p2: Chili D Dewd|Stealth Rock|[from] move: Defog|[of] p2a: Tornadus\n|-fieldend|move: Electric Terrain\n|\n|upkeep\n|turn|7\n|\n|t:|1700005243\n|detailschange|p1a: Latias|Latias-Mega, F\n|-mega|p1a: Latias|Latias|Latiasite\n|move|p2a: Tornadus|U-turn|p1a: Latias\n|-supereffective|p1a: Latias\n|-damage|p1a: Latias|73\/100\n|\n|t:|1700005247\n|switch|p2a: Scizor|Scizor-Mega, F|67\/100|[from] U-turn\n|move|p1a: Latias|Psyshock|p2a: Scizor\n|-resisted|p2a: Scizor\n|-damage|p2a: Scizor|55\/100\n|\n|upkeep\n|turn|8\n|\n|t:|1700005259\n|switch|p1a: Zamazenta|Zamazenta|100\/100\n|-ability|p1a: Zamazenta|Dauntless Shield|boost\n|-boost|p1a: Zamazenta|def|1\n|move|p2a: Scizor|Roost|p2a: Scizor\n|-heal|p2a: Scizor|100\/100\n|-singleturn|p2a: Scizor|move: Roost\n|\n|upkeep\n|turn|9\n|\n|t:|1700005267\n|move|p1a: Zamazenta|Crunch|p2a: Scizor\n|-damage|p2a: Scizor|87\/100\n|move|p2a: Scizor|U-turn|p1a: Zamazenta\n|-resisted|p1a: Zamazenta\n|-damage|p1a: Zamazenta|92\/100\n|\n|t:|1700005271\n|switch|p2a: Alomomola|Alomomola, M|100\/100|[from] U-turn\n|\n|-heal|p1a: Zamazenta|98\/100|[from] item: Leftovers\n|upkeep\n|turn|10\n|\n|t:|1700005275\n|move|p1a: Zamazenta|Body Press|p2a: Alomomola\n|-damage|p2a: Alomomola|72\/100\n|move|p2a: Alomomola|Wish|p2a: Alomomola\n|\n|-heal|p1a: Zamazenta|100\/100|[from] item: Leftovers\n|upkeep\n|turn|11\n|\n|t:|1700005281\n|move|p1a: Zamazenta|Body Press|p2a: Alomomola\n|-damage|p2a: Alomomola|44\/100\n|move|p2a: Alomomola|Flip Turn|p1a: Zamazenta\n|-damage|p1a: Zamazenta|92\/100\n|\n|t:|1700005283\n|switch|p2a: Gliscor|Gliscor, F|8\/100 tox|[from] Flip Turn\n|\n|-heal|p2a: Gliscor|75\/100 tox|[from] move: Wish|[wisher] Alomomola\n|-heal|p1a: Zamazenta|98\/100|[from] item: Leftovers\n|-heal|p2a: Gliscor|87\/100 tox|[from] ability: Poison Heal\n|upkeep\n|turn|12\n|\n|t:|1700005287\n|move|p1a: Zamazenta|Crunch|p2a: Gliscor\n|-damage|p2a: Gliscor|70\/100 tox\n|move|p2a: Gliscor|U-turn|p1a: Zamazenta\n|-resisted|p1a: Zamazenta\n|-damage|p1a: Zamazenta|94\/100\n|\n|t:|1700005289\n|switch|p2a: Alomomola|Alomomola, M|77\/100|[from] U-turn\n|\n|-heal|p1a: Zamazenta|99\/100|[from] item: Leftovers\n|upkeep\n|turn|13\n|\n|t:|1700005292\n|move|p1a: Zamazenta|Body Press|p2a: Alomomola\n|-damage|p2a: Alomomola|49\/100\n|move|p2a: Alomomola|Toxic|p1a: Zamazenta\n|-status|p1a: Zamazenta|tox\n|\n|-heal|p1a: Zamazenta|100\/100 tox|[from] item: Leftovers\n|-damage|p1a: Zamazenta|94\/100 tox|[from] psn\n|upkeep\n|turn|14\n|\n|t:|1700005298\n|move|p1a: Zamazenta|Body Press|p2a: Alomomola\n|-damage|p2a: Alomomola|22\/100\n|move|p2a: Alomomola|Wish|p2a: Alomomola\n|\n|-heal|p1a: Zamazenta|100\/100 tox|[from] item: Leftovers\n|-damage|p1a: Zamazenta|88\/100 tox|[from] psn\n|upkeep\n|turn|15\n|\n|t:|1700005303\n|move|p2a: Alomomola|Protect|p2a: Alomomola\n|-singleturn|p2a: Alomomola|Protect\n|move|p1a: Zamazenta|Body Press|p2a: Alomomola\n|-activate|p2a: Alomomola|move: Protect\n|\n|-heal|p2a: Alomomola|72\/100|[from] move: Wish|[wisher] Alomomola\n|-heal|p1a: Zamazenta|94\/100 tox|[from] item: Leftovers\n|-damage|p1a: Zamazenta|76\/100 tox|[from] psn\n|upkeep\n|turn|16\n|\n|t:|1700005306\n|move|p1a: Zamazenta|Body Press|p2a: Alomomola\n|-damage|p2a: Alomomola|44\/100\n|move|p2a: Alomomola|Wish|p2a: Alomomola\n|\n|-heal|p1a: Zamazenta|82\/100 tox|[from] item: Leftovers\n|-damage|p1a: Zamazenta|57\/100 tox|[from] psn\n|upkeep\n|turn|17\n|\n|t:|1700005320\n|move|p2a: Alomomola|Protect|p2a: Alomomola\n|-singleturn|p2a: Alomomola|Protect\n|move|p1a: Zamazenta|Rest|p1a: Zamazenta\n|-status|p1a: Zamazenta|slp|[from] move: Rest\n|-heal|p1a: Zamazenta|100\/100 slp|[silent]\n|\n|-heal|p2a: Alomomola|94\/100|[from] move: Wish|[wisher] Alomomola\n|upkeep\n|turn|18\n|\n|t:|1700005332\n|cant|p1a: Zamazenta|slp\n|move|p2a: Alomomola|Flip Turn|p1a: Zamazenta\n|-damage|p1a: Zamazenta|91\/100 slp\n|\n|t:|1700005336\n|switch|p2a: Tapu Koko|Tapu Koko|88\/100|[from] Flip Turn\n|-fieldstart|move: Electric Terrain|[from] ability: Electric Surge|[of] p2a: Tapu Koko\n|\n|-heal|p1a: Zamazenta|97\/100 slp|[from] item: Leftovers\n|upkeep\n|turn|19\n|\n|t:|1700005345\n|switch|p1a: Cinderace|Cinderace, M|100\/100\n|move|p2a: Tapu Koko|Volt Switch|p1a: Cinderace\n|-crit|p1a: Cinderace\n|-damage|p1a: Cinderace|0 fnt\n|faint|p1a: Cinderace\n|\n|t:|1700005351\n|switch|p2a: Scizor|Scizor-Mega, F|87\/100|[from] Volt Switch\n|\n|upkeep\n|\n|t:|1700005358\n|switch|p1a: Garchomp|Garchomp, M|84\/100\n|turn|20\n|\n|t:|1700005363\n|move|p1a: Garchomp|Earthquake|p2a: Scizor\n|-damage|p2a: Scizor|54\/100\n|move|p2a: Scizor|Swords Dance|p2a: Scizor\n|-boost|p2a: Scizor|atk|2\n|\n|upkeep\n|turn|21\n|\n|t:|1700005367\n|move|p1a: Garchomp|Earthquake|p2a: Scizor\n|-damage|p2a: Scizor|24\/100\n|move|p2a: Scizor|Roost|p2a: Scizor\n|-heal|p2a: Scizor|74\/100\n|-singleturn|p2a: Scizor|move: Roost\n|\n|upkeep\n|turn|22\n|\n|t:|1700005372\n|move|p1a: Garchomp|Outrage|p2a: Scizor\n|-resisted|p2a: Scizor\n|-damage|p2a: Scizor|54\/100\n|move|p2a: Scizor|Roost|p2a: Scizor\n|-heal|p2a: Scizor|100\/100\n|-singleturn|p2a: Scizor|move: Roost\n|\n|-fieldend|move: Electric Terrain\n|upkeep\n|turn|23\n|\n|t:|1700005376\n|move|p1a: Garchomp|Outrage|p2a: Scizor|[from]lockedmove\n|-resisted|p2a: Scizor\n|-damage|p2a: Scizor|80\/100\n|-start|p1a: Garchomp|confusion|[fatigue]\n|move|p2a: Scizor|Swords Dance|p2a: Scizor\n|-boost|p2a: Scizor|atk|2\n|\n|upkeep\n|turn|24\n|\n|t:|1700005381\n|switch|p1a: Metagross|Metagross|59\/100\n|move|p2a: Scizor|Bullet Punch|p1a: Metagross\n|-resisted|p1a: Metagross\n|-damage|p1a: Metagross|25\/100\n|\n|upkeep\n|turn|25\n|\n|t:|1700005387\n|move|p2a: Scizor|Bullet Punch|p1a: Metagross\n|-resisted|p1a: Metagross\n|-damage|p1a: Metagross|0 fnt\n|faint|p1a: Metagross\n|\n|upkeep\n|\n|t:|1700005394\n|switch|p1a: Kartana|Kartana|100\/100\n|turn|26\n|\n|t:|1700005418\n|move|p1a: Kartana|Sacred Sword|p2a: Scizor\n|-damage|p2a: Scizor|55\/100\n|move|p2a: Scizor|U-turn|p1a: Kartana\n|-damage|p1a: Kartana|0 fnt\n|faint|p1a: Kartana\n|\n|t:|1700005425\n|switch|p2a: Alomomola|Alomomola, M|100\/100|[from] U-turn\n|\n|upkeep\n|\n|t:|1700005430\n|switch|p1a: Latias|Latias-Mega, F|73\/100\n|turn|27\n|\n|t:|1700005432\n|move|p1a: Latias|Psyshock|p2a: Alomomola\n|-damage|p2a: Alomomola|77\/100\n|move|p2a: Alomomola|Toxic|p1a: Latias\n|-status|p1a: Latias|tox\n|\n|-damage|p1a: Latias|67\/100 tox|[from] psn\n|upkeep\n|turn|28\n|\n|t:|1700005436\n|move|p2a: Alomomola|Protect|p2a: Alomomola\n|-singleturn|p2a: Alomomola|Protect\n|move|p1a: Latias|Aura Sphere|p2a: Alomomola\n|-activate|p2a: Alomomola|move: Protect\n|\n|-damage|p1a: Latias|55\/100 tox|[from] psn\n|upkeep\n|turn|29\n|\n|t:|1700005439\n|move|p1a: Latias|Calm Mind|p1a: Latias\n|-boost|p1a: Latias|spa|1\n|-boost|p1a: Latias|spd|1\n|move|p2a: Alomomola|Wish|p2a: Alomomola\n|\n|-damage|p1a: Latias|36\/100 tox|[from] psn\n|upkeep\n|turn|30\n|\n|t:|1700005441\n|move|p1a: Latias|Calm Mind|p1a: Latias\n|-boost|p1a: Latias|spa|1\n|-boost|p1a: Latias|spd|1\n|move|p2a: Alomomola|Flip Turn|p1a: Latias\n|-resisted|p1a: Latias\n|-damage|p1a: Latias|32\/100 tox\n|\n|t:|1700005443\n|switch|p2a: Scizor|Scizor-Mega, F|55\/100|[from] Flip Turn\n|\n|-heal|p2a: Scizor|100\/100|[from] move: Wish|[wisher] Alomomola\n|-damage|p1a: Latias|7\/100 tox|[from] psn\n|upkeep\n|turn|31\n|\n|t:|1700005451\n|move|p2a: Scizor|Bullet Punch|p1a: Latias\n|-damage|p1a: Latias|0 fnt\n|faint|p1a: Latias\n|\n|upkeep\n|\n|t:|1700005454\n|switch|p1a: Zamazenta|Zamazenta|97\/100 slp\n|turn|32\n|\n|t:|1700005457\n|cant|p1a: Zamazenta|slp\n|move|p2a: Scizor|Swords Dance|p2a: Scizor\n|-boost|p2a: Scizor|atk|2\n|\n|-heal|p1a: Zamazenta|100\/100 slp|[from] item: Leftovers\n|upkeep\n|turn|33\n|\n|t:|1700005459\n|-curestatus|p1a: Zamazenta|slp|[msg]\n|move|p1a: Zamazenta|Body Press|p2a: Scizor\n|-damage|p2a: Scizor|80\/100\n|move|p2a: Scizor|Swords Dance|p2a: Scizor\n|-boost|p2a: Scizor|atk|2\n|\n|upkeep\n|turn|34\n|\n|t:|1700005464\n|move|p1a: Zamazenta|Iron Defense|p1a: Zamazenta\n|-boost|p1a: Zamazenta|def|2\n|move|p2a: Scizor|Swords Dance|p2a: Scizor\n|-boost|p2a: Scizor|atk|2\n|\n|upkeep\n|turn|35\n|\n|t:|1700005466\n|move|p2a: Scizor|Bullet Punch|p1a: Zamazenta\n|-damage|p1a: Zamazenta|59\/100\n|move|p1a: Zamazenta|Iron Defense|p1a: Zamazenta\n|-boost|p1a: Zamazenta|def|2\n|\n|-heal|p1a: Zamazenta|65\/100|[from] item: Leftovers\n|upkeep\n|turn|36\n|\n|t:|1700005469\n|move|p2a: Scizor|Bullet Punch|p1a: Zamazenta\n|-damage|p1a: Zamazenta|36\/100\n|move|p1a: Zamazenta|Iron Defense|p1a: Zamazenta\n|-boost|p1a: Zamazenta|def|2\n|\n|-heal|p1a: Zamazenta|42\/100|[from] item: Leftovers\n|upkeep\n|turn|37\n|\n|t:|1700005473\n|move|p2a: Scizor|Bullet Punch|p1a: Zamazenta\n|-damage|p1a: Zamazenta|20\/100\n|move|p1a: Zamazenta|Body Press|p2a: Scizor\n|-damage|p2a: Scizor|9\/100\n|\n|-heal|p1a: Zamazenta|26\/100|[from] item: Leftovers\n|upkeep\n|turn|38\n|\n|t:|1700005480\n|move|p2a: Scizor|Bullet Punch|p1a: Zamazenta\n|-damage|p1a: Zamazenta|2\/100\n|move|p1a: Zamazenta|Body Press|p2a: Scizor\n|-damage|p2a: Scizor|0 fnt\n|faint|p2a: Scizor\n|\n|-heal|p1a: Zamazenta|8\/100|[from] item: Leftovers\n|upkeep\n|\n|t:|1700005498\n|switch|p2a: Alomomola|Alomomola, M|100\/100\n|turn|39\n|\n|t:|1700005501\n|move|p1a: Zamazenta|Body Press|p2a: Alomomola\n|-damage|p2a: Alomomola|25\/100\n|move|p2a: Alomomola|Toxic|p1a: Zamazenta\n|-status|p1a: Zamazenta|tox\n|\n|-heal|p1a: Zamazenta|14\/100 tox|[from] item: Leftovers\n|-damage|p1a: Zamazenta|8\/100 tox|[from] psn\n|upkeep\n|turn|40\n|\n|t:|1700005507\n|move|p1a: Zamazenta|Rest|p1a: Zamazenta\n|-status|p1a: Zamazenta|slp|[from] move: Rest\n|-heal|p1a: Zamazenta|100\/100 slp|[silent]\n|move|p2a: Alomomola|Wish|p2a: Alomomola\n|\n|upkeep\n|turn|41\n|\n|t:|1700005513\n|cant|p1a: Zamazenta|slp\n|move|p2a: Alomomola|Flip Turn|p1a: Zamazenta\n|-damage|p1a: Zamazenta|97\/100 slp\n|\n|t:|1700005517\n|switch|p2a: Tornadus|Tornadus-Therian, M|100\/100|[from] Flip Turn\n|\n|-heal|p1a: Zamazenta|100\/100 slp|[from] item: Leftovers\n|upkeep\n|turn|42\n|\n|t:|1700005523\n|cant|p1a: Zamazenta|slp\n|move|p2a: Tornadus|Hurricane|p1a: Zamazenta\n|-supereffective|p1a: Zamazenta\n|-damage|p1a: Zamazenta|39\/100 slp\n|-start|p1a: Zamazenta|confusion\n|\n|-heal|p1a: Zamazenta|45\/100 slp|[from] item: Leftovers\n|upkeep\n|turn|43\n|\n|t:|1700005526\n|-curestatus|p1a: Zamazenta|slp|[msg]\n|-activate|p1a: Zamazenta|confusion\n|move|p1a: Zamazenta|Body Press|p2a: Tornadus\n|-resisted|p2a: Tornadus\n|-damage|p2a: Tornadus|38\/100\n|move|p2a: Tornadus|Hurricane|p1a: Zamazenta\n|-supereffective|p1a: Zamazenta\n|-damage|p1a: Zamazenta|0 fnt\n|faint|p1a: Zamazenta\n|\n|upkeep\n|\n|t:|1700005534\n|switch|p1a: Garchomp|Garchomp, M|84\/100\n|turn|44\n|\n|t:|1700005537\n|move|p2a: Tornadus|Hurricane|p1a: Garchomp|[miss]\n|-miss|p2a: Tornadus|p1a: Garchomp\n|move|p1a: Garchomp|Outrage|p2a: Tornadus\n|-damage|p2a: Tornadus|0 fnt\n|faint|p2a: Tornadus\n|\n|upkeep\n|\n|t:|1700005542\n|switch|p2a: Alomomola|Alomomola, M|59\/100\n|turn|45\n|\n|t:|1700005545\n|move|p1a: Garchomp|Outrage|p2a: Alomomola|[from]lockedmove\n|-damage|p2a: Alomomola|21\/100\n|move|p2a: Alomomola|Toxic|p1a: Garchomp\n|-status|p1a: Garchomp|tox\n|\n|-damage|p1a: Garchomp|78\/100 tox|[from] psn\n|upkeep\n|turn|46\n|\n|t:|1700005550\n|move|p2a: Alomomola|Protect|p2a: Alomomola\n|-singleturn|p2a: Alomomola|Protect\n|move|p1a: Garchomp|Outrage|p2a: Alomomola|[from]lockedmove\n|-activate|p2a: Alomomola|move: Protect\n|-start|p1a: Garchomp|confusion|[fatigue]\n|\n|-damage|p1a: Garchomp|66\/100 tox|[from] psn\n|upkeep\n|turn|47\n|\n|t:|1700005554\n|switch|p2a: Tapu Koko|Tapu Koko|88\/100\n|-fieldstart|move: Electric Terrain|[from] ability: Electric Surge|[of] p2a: Tapu Koko\n|-activate|p1a: Garchomp|confusion\n|move|p1a: Garchomp|Earthquake|p2a: Tapu Koko\n|-supereffective|p2a: Tapu Koko\n|-damage|p2a: Tapu Koko|0 fnt\n|faint|p2a: Tapu Koko\n|\n|-damage|p1a: Garchomp|47\/100 tox|[from] psn\n|upkeep\n|\n|t:|1700005557\n|switch|p2a: Infernape|Infernape, M|100\/100\n|turn|48\n|c|\u2606Chili D Dewd|gg\n|\n|t:|1700005567\n|-terastallize|p2a: Infernape|Fighting\n|move|p2a: Infernape|Close Combat|p1a: Garchomp\n|-crit|p1a: Garchomp\n|-damage|p1a: Garchomp|0 fnt\n|-unboost|p2a: Infernape|def|1\n|-unboost|p2a: Infernape|spd|1\n|-damage|p2a: Infernape|88\/100|[from] ability: Rough Skin|[of] p1a: Garchomp\n|faint|p1a: Garchomp\n|\n|win|Chili D Dewd\n|c|\u2606gojo2223|gg\n|c|\u2606gojo2223|what are your thoughts on my team\n","uploadtime":1700005579,"views":10,"p1id":"gojo2223","p2id":"chiliddewd","formatid":"gen9nationaldex","rating":0,"private":0,"password":""}