{"id":"gen9nationaldex-2000576528","p1":"ChillLanturnYT","p2":"1312lol","format":"[Gen 9] National Dex","log":"|html|<div class=\"broadcast-blue\"><strong>[Gen 9] National Dex is currently suspecting Sneasler! For information on how to participate check out the <a href=\"https:\/\/www.smogon.com\/forums\/threads\/sv-national-dex-suspect-8-just-dance.3731534\/\">suspect thread<\/a>.<\/strong><\/div>\n|j|\u2606ChillLanturnYT\n|j|\u26061312lol\n|t:|1701206901\n|gametype|singles\n|player|p1|ChillLanturnYT|palmer|1048\n|player|p2|1312lol|pokemonranger-gen4|1098\n|teamsize|p1|6\n|teamsize|p2|6\n|gen|9\n|tier|[Gen 9] National Dex\n|rated|\n|rule|HP Percentage Mod: HP is shown in percentages\n|rule|Endless Battle Clause: Forcing endless battles is banned\n|rule|OHKO Clause: OHKO moves are banned\n|rule|Evasion Clause: Evasion abilities, items, and moves are banned\n|rule|Evasion Abilities Clause: Evasion abilities are banned\n|rule|Evasion Items Clause: Evasion items are banned\n|rule|Evasion Moves Clause: Evasion moves are banned\n|rule|Species Clause: Limit one of each Pok\u00e9mon\n|rule|Sleep Clause Mod: Limit one foe put to sleep\n|clearpoke\n|poke|p1|Blastoise, F|\n|poke|p1|Feraligatr, F|\n|poke|p1|Swampert, F|\n|poke|p1|Empoleon, F|\n|poke|p1|Samurott-Hisui, M|\n|poke|p1|Greninja-*, M|\n|poke|p2|Talonflame, F|\n|poke|p2|Clodsire, M|\n|poke|p2|Sceptile, F|\n|poke|p2|Cloyster, F|\n|poke|p2|Iron Valiant|\n|poke|p2|Farigiraf, M|\n|teampreview\n|\n|t:|1701206918\n|start\n|switch|p1a: Swampert|Swampert, F|100\/100\n|switch|p2a: Cloyster|Cloyster, F, shiny|100\/100\n|turn|1\n|\n|t:|1701206949\n|-terastallize|p2a: Cloyster|Water\n|move|p2a: Cloyster|Shell Smash|p2a: Cloyster\n|-unboost|p2a: Cloyster|def|1\n|-unboost|p2a: Cloyster|spd|1\n|-boost|p2a: Cloyster|atk|2\n|-boost|p2a: Cloyster|spa|2\n|-boost|p2a: Cloyster|spe|2\n|-enditem|p2a: Cloyster|White Herb\n|-clearnegativeboost|p2a: Cloyster|[silent]\n|move|p1a: Swampert|Toxic|p2a: Cloyster\n|-status|p2a: Cloyster|tox\n|\n|-damage|p2a: Cloyster|94\/100 tox|[from] psn\n|upkeep\n|turn|2\n|\n|t:|1701206963\n|switch|p1a: Empoleon|Empoleon, F|100\/100\n|move|p2a: Cloyster|Icicle Spear|p1a: Empoleon\n|-resisted|p1a: Empoleon\n|-damage|p1a: Empoleon|96\/100\n|-resisted|p1a: Empoleon\n|-damage|p1a: Empoleon|91\/100\n|-resisted|p1a: Empoleon\n|-damage|p1a: Empoleon|87\/100\n|-resisted|p1a: Empoleon\n|-damage|p1a: Empoleon|82\/100\n|-resisted|p1a: Empoleon\n|-damage|p1a: Empoleon|78\/100\n|-hitcount|p1a: Empoleon|5\n|\n|-heal|p1a: Empoleon|84\/100|[from] item: Leftovers\n|-damage|p2a: Cloyster|82\/100 tox|[from] psn\n|upkeep\n|turn|3\n|\n|t:|1701206981\n|move|p2a: Cloyster|Rock Blast|p1a: Empoleon\n|-resisted|p1a: Empoleon\n|-damage|p1a: Empoleon|78\/100\n|-resisted|p1a: Empoleon\n|-damage|p1a: Empoleon|72\/100\n|-resisted|p1a: Empoleon\n|-damage|p1a: Empoleon|66\/100\n|-resisted|p1a: Empoleon\n|-damage|p1a: Empoleon|60\/100\n|-resisted|p1a: Empoleon\n|-damage|p1a: Empoleon|53\/100\n|-hitcount|p1a: Empoleon|5\n|move|p1a: Empoleon|Roost|p1a: Empoleon\n|-heal|p1a: Empoleon|100\/100\n|-singleturn|p1a: Empoleon|move: Roost\n|\n|-damage|p2a: Cloyster|63\/100 tox|[from] psn\n|upkeep\n|turn|4\n|\n|t:|1701207004\n|switch|p2a: Clodsire|Clodsire, M|100\/100\n|move|p1a: Empoleon|Surf|p2a: Clodsire\n|-immune|p2a: Clodsire|[from] ability: Water Absorb\n|\n|upkeep\n|turn|5\n|\n|t:|1701207025\n|move|p1a: Empoleon|Ice Beam|p2a: Clodsire\n|-supereffective|p2a: Clodsire\n|-damage|p2a: Clodsire|71\/100\n|move|p2a: Clodsire|Stealth Rock|p1a: Empoleon\n|-sidestart|p1: ChillLanturnYT|move: Stealth Rock\n|\n|upkeep\n|turn|6\n|\n|t:|1701207046\n|switch|p1a: Swampert|Swampert, F|100\/100\n|-damage|p1a: Swampert|94\/100|[from] Stealth Rock\n|move|p2a: Clodsire|Spikes|p1a: Swampert\n|-sidestart|p1: ChillLanturnYT|Spikes\n|\n|upkeep\n|turn|7\n|\n|t:|1701207059\n|move|p1a: Swampert|Earthquake|p2a: Clodsire\n|-supereffective|p2a: Clodsire\n|-damage|p2a: Clodsire|0 fnt\n|faint|p2a: Clodsire\n|\n|upkeep\n|\n|t:|1701207070\n|switch|p2a: Talonflame|Talonflame, F, shiny|100\/100\n|turn|8\n|\n|t:|1701207076\n|move|p2a: Talonflame|Dual Wingbeat|p1a: Swampert\n|-damage|p1a: Swampert|82\/100\n|-damage|p1a: Swampert|71\/100\n|-hitcount|p1a: Swampert|2\n|move|p1a: Swampert|Liquidation|p2a: Talonflame\n|-supereffective|p2a: Talonflame\n|-damage|p2a: Talonflame|22\/100\n|\n|upkeep\n|turn|9\n|\n|t:|1701207086\n|detailschange|p1a: Swampert|Swampert-Mega, F\n|-mega|p1a: Swampert|Swampert|Swampertite\n|move|p2a: Talonflame|Dual Wingbeat|p1a: Swampert\n|-damage|p1a: Swampert|61\/100\n|-damage|p1a: Swampert|50\/100\n|-hitcount|p1a: Swampert|2\n|move|p1a: Swampert|Stealth Rock|p2a: Talonflame\n|-sidestart|p2: 1312lol|move: Stealth Rock\n|\n|upkeep\n|turn|10\n|\n|t:|1701207095\n|move|p2a: Talonflame|Defog|p1a: Swampert\n|-unboost|p1a: Swampert|evasion|1\n|-sideend|p1: ChillLanturnYT|Spikes|[from] move: Defog|[of] p2a: Talonflame\n|-sideend|p1: ChillLanturnYT|Stealth Rock|[from] move: Defog|[of] p2a: Talonflame\n|-sideend|p2: 1312lol|Stealth Rock|[from] move: Defog|[of] p2a: Talonflame\n|move|p1a: Swampert|Liquidation|p2a: Talonflame\n|-supereffective|p2a: Talonflame\n|-damage|p2a: Talonflame|0 fnt\n|faint|p2a: Talonflame\n|\n|upkeep\n|\n|t:|1701207102\n|switch|p2a: Sceptile|Sceptile, F, shiny|100\/100\n|turn|11\n|\n|t:|1701207107\n|detailschange|p2a: Sceptile|Sceptile-Mega, F, shiny\n|-mega|p2a: Sceptile|Sceptile|Sceptilite\n|move|p2a: Sceptile|Dragon Dance|p2a: Sceptile\n|-boost|p2a: Sceptile|atk|1\n|-boost|p2a: Sceptile|spe|1\n|move|p1a: Swampert|Stealth Rock|p2a: Sceptile\n|-sidestart|p2: 1312lol|move: Stealth Rock\n|\n|upkeep\n|turn|12\n|\n|t:|1701207115\n|move|p2a: Sceptile|Drain Punch|p1a: Swampert\n|-damage|p1a: Swampert|28\/100\n|move|p1a: Swampert|Toxic|p2a: Sceptile\n|-status|p2a: Sceptile|tox\n|\n|-damage|p2a: Sceptile|94\/100 tox|[from] psn\n|upkeep\n|turn|13\n|\n|t:|1701207131\n|move|p2a: Sceptile|Dragon Claw|p1a: Swampert\n|-damage|p1a: Swampert|0 fnt\n|faint|p1a: Swampert\n|\n|-damage|p2a: Sceptile|82\/100 tox|[from] psn\n|upkeep\n|\n|t:|1701207149\n|switch|p1a: Greninja|Greninja, M|100\/100\n|turn|14\n|\n|t:|1701207153\n|move|p2a: Sceptile|Drain Punch|p1a: Greninja\n|-supereffective|p1a: Greninja\n|-enditem|p1a: Greninja|Focus Sash\n|-damage|p1a: Greninja|1\/100\n|-heal|p2a: Sceptile|100\/100 tox|[from] drain|[of] p1a: Greninja\n|move|p1a: Greninja|Ice Beam|p2a: Sceptile\n|-supereffective|p2a: Sceptile\n|-damage|p2a: Sceptile|0 fnt\n|faint|p2a: Sceptile\n|-ability|p1a: Greninja|Battle Bond|boost\n|-boost|p1a: Greninja|atk|1\n|-boost|p1a: Greninja|spa|1\n|-boost|p1a: Greninja|spe|1\n|-activate|p1a: Greninja|ability: Battle Bond\n|\n|upkeep\n|\n|t:|1701207168\n|switch|p2a: Cloyster|Cloyster, F, shiny, tera:Water|63\/100 tox\n|-damage|p2a: Cloyster|51\/100 tox|[from] Stealth Rock\n|turn|15\n|\n|t:|1701207172\n|move|p1a: Greninja|Dark Pulse|p2a: Cloyster\n|-damage|p2a: Cloyster|0 fnt\n|faint|p2a: Cloyster\n|\n|upkeep\n|\n|t:|1701207183\n|switch|p2a: Iron Valiant|Iron Valiant|100\/100\n|-damage|p2a: Iron Valiant|94\/100|[from] Stealth Rock\n|-enditem|p2a: Iron Valiant|Booster Energy\n|-activate|p2a: Iron Valiant|ability: Quark Drive|[fromitem]\n|-start|p2a: Iron Valiant|quarkdriveatk\n|turn|16\n|\n|t:|1701207194\n|move|p1a: Greninja|Surf|p2a: Iron Valiant\n|-damage|p2a: Iron Valiant|2\/100\n|move|p2a: Iron Valiant|Drain Punch|p1a: Greninja\n|-supereffective|p1a: Greninja\n|-damage|p1a: Greninja|0 fnt\n|-heal|p2a: Iron Valiant|2\/100|[from] drain|[of] p1a: Greninja\n|faint|p1a: Greninja\n|\n|upkeep\n|\n|t:|1701207202\n|switch|p1a: Blastoise|Blastoise, F|100\/100\n|turn|17\n|\n|t:|1701207209\n|move|p1a: Blastoise|Aqua Jet|p2a: Iron Valiant\n|-damage|p2a: Iron Valiant|0 fnt\n|faint|p2a: Iron Valiant\n|-end|p2a: Iron Valiant|Quark Drive|[silent]\n|\n|upkeep\n|\n|t:|1701207214\n|switch|p2a: Farigiraf|Farigiraf, M|100\/100\n|-damage|p2a: Farigiraf|88\/100|[from] Stealth Rock\n|turn|18\n|\n|t:|1701207219\n|move|p2a: Farigiraf|Energy Ball|p1a: Blastoise\n|-supereffective|p1a: Blastoise\n|-damage|p1a: Blastoise|57\/100\n|move|p1a: Blastoise|Curse|p1a: Blastoise\n|-unboost|p1a: Blastoise|spe|1\n|-boost|p1a: Blastoise|atk|1\n|-boost|p1a: Blastoise|def|1\n|\n|upkeep\n|turn|19\n|\n|t:|1701207228\n|move|p2a: Farigiraf|Nasty Plot|p2a: Farigiraf\n|-boost|p2a: Farigiraf|spa|2\n|move|p1a: Blastoise|Body Press|p2a: Farigiraf\n|-damage|p2a: Farigiraf|54\/100\n|\n|upkeep\n|turn|20\n|\n|t:|1701207238\n|move|p1a: Blastoise|Aqua Jet|p2a: Farigiraf\n|-damage|p2a: Farigiraf|35\/100\n|move|p2a: Farigiraf|Energy Ball|p1a: Blastoise\n|-supereffective|p1a: Blastoise\n|-damage|p1a: Blastoise|0 fnt\n|faint|p1a: Blastoise\n|\n|upkeep\n|\n|t:|1701207242\n|switch|p1a: Feraligatr|Feraligatr, F, shiny|100\/100\n|turn|21\n|\n|t:|1701207247\n|move|p1a: Feraligatr|Crunch|p2a: Farigiraf\n|-supereffective|p2a: Farigiraf\n|-damage|p2a: Farigiraf|0 fnt\n|faint|p2a: Farigiraf\n|\n|win|ChillLanturnYT\n|raw|ChillLanturnYT's rating: 1048 &rarr; <strong>1085<\/strong><br \/>(+37 for winning)\n|raw|1312lol's rating: 1098 &rarr; <strong>1070<\/strong><br \/>(-28 for losing)\n","uploadtime":1701207253,"views":2,"p1id":"chilllanturnyt","p2id":"1312lol","formatid":"gen9nationaldex","rating":1070,"private":0,"password":""}