{"id":"gen9nationaldex-1990585654","p1":"Dark Umbreon 08","p2":"Z-owc","format":"[Gen 9] National Dex","log":"|j|\u2606Dark Umbreon 08\n|j|\u2606Z-owc\n|t:|1699983534\n|gametype|singles\n|player|p1|Dark Umbreon 08|lass-gen4dp|1079\n|player|p2|Z-owc|265|1051\n|teamsize|p1|2\n|teamsize|p2|6\n|gen|9\n|tier|[Gen 9] National Dex\n|rated|\n|rule|HP Percentage Mod: HP is shown in percentages\n|rule|Endless Battle Clause: Forcing endless battles is banned\n|rule|OHKO Clause: OHKO moves are banned\n|rule|Evasion Clause: Evasion abilities, items, and moves are banned\n|rule|Evasion Abilities Clause: Evasion abilities are banned\n|rule|Evasion Items Clause: Evasion items are banned\n|rule|Evasion Moves Clause: Evasion moves are banned\n|rule|Species Clause: Limit one of each Pok\u00e9mon\n|rule|Sleep Clause Mod: Limit one foe put to sleep\n|clearpoke\n|poke|p1|Blaziken, F|\n|poke|p1|Torterra, F|\n|poke|p2|Aggron, M|\n|poke|p2|Blaziken, M|\n|poke|p2|Great Tusk|\n|poke|p2|Tropius, F|\n|poke|p2|Gallade, M|\n|poke|p2|Relicanth, M|\n|teampreview\n|inactive|Battle timer is ON: inactive players will automatically lose when time's up. (requested by Dark Umbreon 08)\n|\n|t:|1699983548\n|start\n|switch|p1a: Torterra|Torterra, F|100\/100\n|switch|p2a: \u827e\u8def\u8def|Gallade, M|100\/100\n|turn|1\n|\n|t:|1699983559\n|move|p2a: \u827e\u8def\u8def|Knock Off|p1a: Torterra\n|-damage|p1a: Torterra|70\/100\n|-enditem|p1a: Torterra|Loaded Dice|[from] move: Knock Off|[of] p2a: \u827e\u8def\u8def\n|move|p1a: Torterra|Shell Smash|p1a: Torterra\n|-unboost|p1a: Torterra|def|1\n|-unboost|p1a: Torterra|spd|1\n|-boost|p1a: Torterra|atk|2\n|-boost|p1a: Torterra|spa|2\n|-boost|p1a: Torterra|spe|2\n|\n|upkeep\n|turn|2\n|\n|t:|1699983573\n|switch|p2a: \u591a\u62c9\u62c9|Aggron, M|100\/100\n|move|p1a: Torterra|Bullet Seed|p2a: \u591a\u62c9\u62c9\n|-damage|p2a: \u591a\u62c9\u62c9|87\/100\n|-damage|p2a: \u591a\u62c9\u62c9|71\/100\n|-damage|p2a: \u591a\u62c9\u62c9|56\/100\n|-damage|p2a: \u591a\u62c9\u62c9|41\/100\n|-hitcount|p2a: \u591a\u62c9\u62c9|4\n|\n|upkeep\n|turn|3\n|\n|t:|1699983590\n|detailschange|p2a: \u591a\u62c9\u62c9|Aggron-Mega, M\n|-mega|p2a: \u591a\u62c9\u62c9|Aggron|Aggronite\n|move|p1a: Torterra|Headlong Rush|p2a: \u591a\u62c9\u62c9\n|-supereffective|p2a: \u591a\u62c9\u62c9\n|-damage|p2a: \u591a\u62c9\u62c9|0 fnt\n|-unboost|p1a: Torterra|def|1\n|-unboost|p1a: Torterra|spd|1\n|faint|p2a: \u591a\u62c9\u62c9\n|\n|upkeep\n|\n|t:|1699983598\n|switch|p2a: \u7a1a\u7a1a|Blaziken, M|100\/100\n|turn|4\n|\n|t:|1699983602\n|move|p2a: \u7a1a\u7a1a|Protect|p2a: \u7a1a\u7a1a\n|-singleturn|p2a: \u7a1a\u7a1a|Protect\n|move|p1a: Torterra|Rock Blast|p2a: \u7a1a\u7a1a\n|-activate|p2a: \u7a1a\u7a1a|move: Protect\n|\n|-ability|p2a: \u7a1a\u7a1a|Speed Boost|boost\n|-boost|p2a: \u7a1a\u7a1a|spe|1\n|upkeep\n|turn|5\n|\n|t:|1699983616\n|-terastallize|p1a: Torterra|Rock\n|move|p1a: Torterra|Rock Blast|p2a: \u7a1a\u7a1a\n|-damage|p2a: \u7a1a\u7a1a|61\/100\n|-damage|p2a: \u7a1a\u7a1a|22\/100\n|-damage|p2a: \u7a1a\u7a1a|0 fnt\n|faint|p2a: \u7a1a\u7a1a\n|-hitcount|p2: \u7a1a\u7a1a|3\n|\n|upkeep\n|\n|t:|1699983638\n|switch|p2a: \u7279\u7f57\u7f57|Tropius, F|100\/100\n|turn|6\n|\n|t:|1699983643\n|-terastallize|p2a: \u7279\u7f57\u7f57|Ground\n|move|p1a: Torterra|Rock Blast|p2a: \u7279\u7f57\u7f57|[miss]\n|-miss|p1a: Torterra|p2a: \u7279\u7f57\u7f57\n|move|p2a: \u7279\u7f57\u7f57|Whirlwind|p1a: Torterra\n|drag|p1a: Blaziken|Blaziken, F|100\/100\n|\n|upkeep\n|turn|7\n|\n|t:|1699983653\n|move|p1a: Blaziken|Swagger|p2a: \u7279\u7f57\u7f57\n|-boost|p2a: \u7279\u7f57\u7f57|atk|2\n|-enditem|p1a: Blaziken|Mirror Herb\n|-boost|p1a: Blaziken|atk|2|[from] item: Mirror Herb\n|-start|p2a: \u7279\u7f57\u7f57|confusion\n|-activate|p2a: \u7279\u7f57\u7f57|confusion\n|-damage|p2a: \u7279\u7f57\u7f57|88\/100|[from] confusion\n|\n|-ability|p1a: Blaziken|Speed Boost|boost\n|-boost|p1a: Blaziken|spe|1\n|upkeep\n|turn|8\n|\n|t:|1699983662\n|move|p1a: Blaziken|Close Combat|p2a: \u7279\u7f57\u7f57\n|-crit|p2a: \u7279\u7f57\u7f57\n|-damage|p2a: \u7279\u7f57\u7f57|0 fnt\n|-unboost|p1a: Blaziken|def|1\n|-unboost|p1a: Blaziken|spd|1\n|faint|p2a: \u7279\u7f57\u7f57\n|\n|-ability|p1a: Blaziken|Speed Boost|boost\n|-boost|p1a: Blaziken|spe|1\n|upkeep\n|\n|t:|1699983672\n|switch|p2a: \u827e\u8def\u8def|Gallade, M|100\/100\n|turn|9\n|\n|t:|1699983677\n|move|p1a: Blaziken|Blaze Kick|p2a: \u827e\u8def\u8def\n|-damage|p2a: \u827e\u8def\u8def|0 fnt\n|faint|p2a: \u827e\u8def\u8def\n|\n|-ability|p1a: Blaziken|Speed Boost|boost\n|-boost|p1a: Blaziken|spe|1\n|upkeep\n|-message|Z-owc forfeited.\n|\n|win|Dark Umbreon 08\n|raw|Dark Umbreon 08's rating: 1059 &rarr; <strong>1089<\/strong><br \/>(+30 for winning)\n|raw|Z-owc's rating: 1051 &rarr; <strong>1034<\/strong><br \/>(-17 for losing)\n|l|\u2606Z-owc\n","uploadtime":1699983697,"views":4,"p1id":"darkumbreon08","p2id":"zowc","formatid":"gen9nationaldex","rating":1034,"private":0,"password":""}