{"id":"gen9nationaldex-1987915454","p1":"TheMrNebby","p2":"COG_Emogalaxyy","format":"[Gen 9] National Dex","log":"|j|\u2606TheMrNebby\n|j|\u2606COG_Emogalaxyy\n|t:|1699648777\n|gametype|singles\n|player|p1|TheMrNebby|depotagent|\n|player|p2|COG_Emogalaxyy|riley|\n|teamsize|p1|3\n|teamsize|p2|3\n|gen|9\n|tier|[Gen 9] National Dex\n|rule|HP Percentage Mod: HP is shown in percentages\n|rule|Endless Battle Clause: Forcing endless battles is banned\n|rule|OHKO Clause: OHKO moves are banned\n|rule|Evasion Clause: Evasion abilities, items, and moves are banned\n|rule|Evasion Abilities Clause: Evasion abilities are banned\n|rule|Evasion Items Clause: Evasion items are banned\n|rule|Evasion Moves Clause: Evasion moves are banned\n|rule|Species Clause: Limit one of each Pok\u00e9mon\n|rule|Sleep Clause Mod: Limit one foe put to sleep\n|clearpoke\n|poke|p1|Suicune|\n|poke|p1|Blastoise, F|\n|poke|p1|Swampert, M|\n|poke|p2|Abomasnow, F|\n|poke|p2|Glastrier|\n|poke|p2|Mamoswine, F|\n|teampreview\n|c|\u2606COG_Emogalaxyy|abomasnow lead\n|\n|t:|1699648794\n|start\n|switch|p1a: Swampert|Swampert, M|100\/100\n|switch|p2a: Abomasnow|Abomasnow, F|100\/100\n|-weather|Snow|[from] ability: Snow Warning|[of] p2a: Abomasnow\n|turn|1\n|\n|t:|1699648806\n|detailschange|p1a: Swampert|Swampert-Mega, M\n|-mega|p1a: Swampert|Swampert|Swampertite\n|detailschange|p2a: Abomasnow|Abomasnow-Mega, F\n|-mega|p2a: Abomasnow|Abomasnow|Abomasite\n|move|p1a: Swampert|Hammer Arm|p2a: Abomasnow|[miss]\n|-miss|p1a: Swampert|p2a: Abomasnow\n|move|p2a: Abomasnow|Leaf Storm|p1a: Swampert\n|-supereffective|p1a: Swampert\n|-damage|p1a: Swampert|0 fnt\n|-unboost|p2a: Abomasnow|spa|2\n|faint|p1a: Swampert\n|\n|-weather|Snow|[upkeep]\n|upkeep\n|\n|t:|1699648820\n|switch|p1a: Blastoise|Blastoise, F|100\/100\n|turn|2\n|c|\u2606TheMrNebby|that was a shame\n|\n|t:|1699648832\n|move|p1a: Blastoise|Skull Bash||[still]\n|-prepare|p1a: Blastoise|Skull Bash\n|-boost|p1a: Blastoise|def|1\n|move|p2a: Abomasnow|Leaf Storm|p1a: Blastoise\n|-supereffective|p1a: Blastoise\n|-crit|p1a: Blastoise\n|-damage|p1a: Blastoise|0 fnt\n|-unboost|p2a: Abomasnow|spa|2\n|faint|p1a: Blastoise\n|\n|-weather|Snow|[upkeep]\n|upkeep\n|\n|t:|1699648843\n|switch|p1a: Suicune|Suicune, shiny|100\/100\n|-ability|p1a: Suicune|Pressure\n|turn|3\n|\n|t:|1699648852\n|move|p1a: Suicune|Surf|p2a: Abomasnow\n|-resisted|p2a: Abomasnow\n|-damage|p2a: Abomasnow|82\/100\n|move|p2a: Abomasnow|Leaf Storm|p1a: Suicune\n|-supereffective|p1a: Suicune\n|-damage|p1a: Suicune|58\/100\n|-unboost|p2a: Abomasnow|spa|2\n|\n|-weather|Snow|[upkeep]\n|upkeep\n|turn|4\n|\n|t:|1699648859\n|move|p1a: Suicune|Extreme Speed|p2a: Abomasnow\n|-damage|p2a: Abomasnow|75\/100\n|move|p2a: Abomasnow|Leaf Storm|p1a: Suicune\n|-supereffective|p1a: Suicune\n|-damage|p1a: Suicune|26\/100\n|\n|-weather|Snow|[upkeep]\n|upkeep\n|turn|5\n|\n|t:|1699648869\n|move|p1a: Suicune|Surf|p2a: Abomasnow\n|-resisted|p2a: Abomasnow\n|-damage|p2a: Abomasnow|57\/100\n|move|p2a: Abomasnow|Leaf Storm|p1a: Suicune\n|-supereffective|p1a: Suicune\n|-damage|p1a: Suicune|0 fnt\n|faint|p1a: Suicune\n|\n|win|COG_Emogalaxyy\n|c|\u2606TheMrNebby|gg\n|c|\u2606COG_Emogalaxyy|ggs\n|l|\u2606TheMrNebby\n|c|\u2606COG_Emogalaxyy|2 more to lose\n","uploadtime":1699648883,"views":8,"p1id":"themrnebby","p2id":"cogemogalaxyy","formatid":"gen9nationaldex","rating":0,"private":0,"password":""}