{"id":"gen9nationaldex-1990735374","p1":"kia008","p2":"Sly Killdex 2","format":"[Gen 9] National Dex","log":"|j|\u2606kia008\n|j|\u2606Sly Killdex 2\n|t:|1699995973\n|gametype|singles\n|player|p1|kia008|1|1045\n|player|p2|Sly Killdex 2|volkner|1126\n|teamsize|p1|6\n|teamsize|p2|6\n|gen|9\n|tier|[Gen 9] National Dex\n|rated|\n|rule|HP Percentage Mod: HP is shown in percentages\n|rule|Endless Battle Clause: Forcing endless battles is banned\n|rule|OHKO Clause: OHKO moves are banned\n|rule|Evasion Clause: Evasion abilities, items, and moves are banned\n|rule|Evasion Abilities Clause: Evasion abilities are banned\n|rule|Evasion Items Clause: Evasion items are banned\n|rule|Evasion Moves Clause: Evasion moves are banned\n|rule|Species Clause: Limit one of each Pok\u00e9mon\n|rule|Sleep Clause Mod: Limit one foe put to sleep\n|clearpoke\n|poke|p1|Zoroark-Hisui, F|\n|poke|p1|Scizor, M|\n|poke|p1|Milotic, M|\n|poke|p1|Luxray, F|\n|poke|p1|Gardevoir, M|\n|poke|p1|Sceptile, F|\n|poke|p2|Goomy, M|\n|poke|p2|Tyrantrum, M|\n|poke|p2|Helioptile, F|\n|poke|p2|Clauncher, M|\n|poke|p2|Skrelp, M|\n|poke|p2|Binacle, F|\n|teampreview\n|inactive|Battle timer is ON: inactive players will automatically lose when time's up. (requested by kia008)\n|\n|t:|1699996001\n|start\n|switch|p1a: Sceptile|Sceptile, F|100\/100\n|switch|p2a: Skrelp|Skrelp, M|100\/100\n|turn|1\n|\n|t:|1699996010\n|move|p1a: Sceptile|Bitter Malice|p2a: Skrelp\n|-damage|p2a: Skrelp|58\/100\n|-unboost|p2a: Skrelp|atk|1\n|move|p2a: Skrelp|Sludge Bomb|p1a: Sceptile\n|-resisted|p1a: Sceptile\n|-damage|p1a: Sceptile|58\/100\n|-status|p1a: Sceptile|psn\n|replace|p1a: Zoroark|Zoroark-Hisui, F\n|-end|p1a: Zoroark|Illusion\n|\n|-damage|p1a: Zoroark|46\/100 psn|[from] psn\n|upkeep\n|turn|2\n|\n|t:|1699996031\n|move|p1a: Zoroark|Bitter Malice|p2a: Skrelp\n|-damage|p2a: Skrelp|17\/100\n|-unboost|p2a: Skrelp|atk|1\n|move|p2a: Skrelp|Sludge Bomb|p1a: Zoroark\n|-resisted|p1a: Zoroark\n|-damage|p1a: Zoroark|0 fnt\n|faint|p1a: Zoroark\n|\n|upkeep\n|\n|t:|1699996042\n|switch|p1a: Scizor|Scizor, M|100\/100\n|turn|3\n|inactive|Sly Killdex 2 has 120 seconds left.\n|\n|t:|1699996101\n|move|p1a: Scizor|Bullet Punch|p2a: Skrelp\n|-resisted|p2a: Skrelp\n|-damage|p2a: Skrelp|0 fnt\n|faint|p2a: Skrelp\n|\n|upkeep\n|\n|t:|1699996109\n|switch|p2a: Goomy|Goomy, M|100\/100\n|turn|4\n|\n|t:|1699996115\n|move|p1a: Scizor|U-turn|p2a: Goomy\n|-damage|p2a: Goomy|28\/100\n|\n|t:|1699996122\n|switch|p1a: Gardevoir|Gardevoir, M|100\/100|[from] U-turn\n|move|p2a: Goomy|Counter|p1a: Gardevoir\n|-damage|p1a: Gardevoir|0 fnt\n|faint|p1a: Gardevoir\n|\n|upkeep\n|\n|t:|1699996144\n|switch|p1a: Scizor|Scizor, M|100\/100\n|turn|5\n|inactive|Sly Killdex 2 has 120 seconds left.\n|\n|t:|1699996149\n|move|p1a: Scizor|Bug Bite|p2a: Goomy\n|-damage|p2a: Goomy|0 fnt\n|faint|p2a: Goomy\n|\n|upkeep\n|inactive|Sly Killdex 2 has 120 seconds left.\n|\n|t:|1699996156\n|switch|p2a: Clauncher|Clauncher, M|100\/100\n|turn|6\n|\n|t:|1699996159\n|move|p1a: Scizor|U-turn|p2a: Clauncher\n|-damage|p2a: Clauncher|35\/100\n|\n|t:|1699996163\n|switch|p1a: Luxray|Luxray, F|100\/100|[from] U-turn\n|-ability|p1a: Luxray|Intimidate|boost\n|-unboost|p2a: Clauncher|atk|1\n|-item|p1a: Luxray|Air Balloon\n|move|p2a: Clauncher|Water Pulse|p1a: Luxray\n|-damage|p1a: Luxray|66\/100\n|-enditem|p1a: Luxray|Air Balloon\n|\n|upkeep\n|turn|7\n|\n|t:|1699996175\n|move|p1a: Luxray|Thunder Fang|p2a: Clauncher\n|-supereffective|p2a: Clauncher\n|-damage|p2a: Clauncher|0 fnt\n|faint|p2a: Clauncher\n|\n|upkeep\n|\n|t:|1699996192\n|switch|p2a: Binacle|Binacle, F|100\/100\n|turn|8\n|\n|t:|1699996195\n|move|p2a: Binacle|Shell Smash|p2a: Binacle\n|-unboost|p2a: Binacle|def|1\n|-unboost|p2a: Binacle|spd|1\n|-boost|p2a: Binacle|atk|2\n|-boost|p2a: Binacle|spa|2\n|-boost|p2a: Binacle|spe|2\n|move|p1a: Luxray|Thunder Fang|p2a: Binacle\n|-supereffective|p2a: Binacle\n|-enditem|p2a: Binacle|Focus Sash\n|-damage|p2a: Binacle|1\/100\n|\n|upkeep\n|turn|9\n|\n|t:|1699996213\n|move|p2a: Binacle|Earthquake|p1a: Luxray\n|-supereffective|p1a: Luxray\n|-damage|p1a: Luxray|0 fnt\n|faint|p1a: Luxray\n|\n|upkeep\n|\n|t:|1699996222\n|switch|p1a: Milotic|Milotic, M|100\/100\n|turn|10\n|\n|t:|1699996249\n|move|p2a: Binacle|Stone Edge|p1a: Milotic\n|-damage|p1a: Milotic|39\/100\n|move|p1a: Milotic|Scald|p2a: Binacle\n|-damage|p2a: Binacle|0 fnt\n|faint|p2a: Binacle\n|\n|upkeep\n|inactive|Sly Killdex 2 has 120 seconds left.\n|\n|t:|1699996261\n|switch|p2a: Helioptile|Helioptile, F|100\/100\n|turn|11\n|\n|t:|1699996266\n|move|p2a: Helioptile|Thunderbolt|p1a: Milotic\n|-supereffective|p1a: Milotic\n|-damage|p1a: Milotic|0 fnt\n|faint|p1a: Milotic\n|\n|upkeep\n|\n|t:|1699996277\n|switch|p1a: Scizor|Scizor, M|100\/100\n|turn|12\n|\n|t:|1699996282\n|move|p2a: Helioptile|Glare|p1a: Scizor\n|-status|p1a: Scizor|par\n|move|p1a: Scizor|Bug Bite|p2a: Helioptile\n|-enditem|p2a: Helioptile|Focus Sash\n|-damage|p2a: Helioptile|1\/100\n|\n|upkeep\n|turn|13\n|\n|t:|1699996290\n|move|p1a: Scizor|Bullet Punch|p2a: Helioptile\n|-resisted|p2a: Helioptile\n|-damage|p2a: Helioptile|0 fnt\n|faint|p2a: Helioptile\n|\n|upkeep\n|\n|t:|1699996292\n|switch|p2a: Tyrantrum|Tyrantrum, M|100\/100\n|turn|14\n|\n|t:|1699996299\n|move|p2a: Tyrantrum|Head Smash|p1a: Scizor\n|-damage|p1a: Scizor|0 fnt\n|faint|p1a: Scizor\n|\n|upkeep\n|\n|t:|1699996306\n|switch|p1a: Sceptile|Sceptile, F|100\/100\n|turn|15\n|\n|t:|1699996331\n|detailschange|p1a: Sceptile|Sceptile-Mega, F\n|-mega|p1a: Sceptile|Sceptile|Sceptilite\n|move|p1a: Sceptile|Dragon Pulse|p2a: Tyrantrum\n|-supereffective|p2a: Tyrantrum\n|-damage|p2a: Tyrantrum|0 fnt\n|faint|p2a: Tyrantrum\n|\n|win|kia008\n|raw|kia008's rating: 1045 &rarr; <strong>1086<\/strong><br \/>(+41 for winning)\n|raw|Sly Killdex 2's rating: 1126 &rarr; <strong>1095<\/strong><br \/>(-31 for losing)\n","uploadtime":1699996335,"views":4,"p1id":"kia008","p2id":"slykilldex2","formatid":"gen9nationaldex","rating":1086,"private":0,"password":""}