{"id":"gen9nationaldex-1988226698","p1":"Rankuroi","p2":"xiaozhubuaida","format":"[Gen 9] National Dex","log":"|j|\u2606Rankuroi\n|j|\u2606xiaozhubuaida\n|t:|1699689270\n|gametype|singles\n|player|p1|Rankuroi|erika|1192\n|player|p2|xiaozhubuaida|steven|1326\n|teamsize|p1|6\n|teamsize|p2|6\n|gen|9\n|tier|[Gen 9] National Dex\n|rated|\n|rule|HP Percentage Mod: HP is shown in percentages\n|rule|Endless Battle Clause: Forcing endless battles is banned\n|rule|OHKO Clause: OHKO moves are banned\n|rule|Evasion Clause: Evasion abilities, items, and moves are banned\n|rule|Evasion Abilities Clause: Evasion abilities are banned\n|rule|Evasion Items Clause: Evasion items are banned\n|rule|Evasion Moves Clause: Evasion moves are banned\n|rule|Species Clause: Limit one of each Pok\u00e9mon\n|rule|Sleep Clause Mod: Limit one foe put to sleep\n|clearpoke\n|poke|p1|Victreebel, M|\n|poke|p1|Torkoal, F|\n|poke|p1|Seaking, F|\n|poke|p1|Octillery, M|\n|poke|p1|Spiritomb, F|\n|poke|p1|Sunflora, M|\n|poke|p2|Gliscor, M|\n|poke|p2|Ceruledge, M|\n|poke|p2|Ogerpon-Wellspring, F|\n|poke|p2|Banette, M|\n|poke|p2|Garganacl, M|\n|poke|p2|Moltres|\n|teampreview\n|inactive|Battle timer is ON: inactive players will automatically lose when time's up. (requested by Rankuroi)\n|\n|t:|1699689283\n|start\n|switch|p1a: Octillery|Octillery, M|100\/100\n|switch|p2a: Gliscor|Gliscor, M, shiny|100\/100\n|turn|1\n|\n|t:|1699689298\n|move|p2a: Gliscor|Protect|p2a: Gliscor\n|-singleturn|p2a: Gliscor|Protect\n|move|p1a: Octillery|Ice Beam|p2a: Gliscor\n|-activate|p2a: Gliscor|move: Protect\n|\n|-status|p2a: Gliscor|tox|[from] item: Toxic Orb\n|upkeep\n|turn|2\n|\n|t:|1699689320\n|switch|p2a: Ogerpon|Ogerpon-Wellspring, F|100\/100\n|move|p1a: Octillery|Sludge Wave|p2a: Ogerpon\n|-supereffective|p2a: Ogerpon\n|-damage|p2a: Ogerpon|23\/100\n|\n|upkeep\n|turn|3\n|\n|t:|1699689327\n|switch|p1a: Sunflora|Sunflora, M, shiny|100\/100\n|move|p2a: Ogerpon|Horn Leech|p1a: Sunflora\n|-resisted|p1a: Sunflora\n|-damage|p1a: Sunflora|71\/100\n|-heal|p2a: Ogerpon|38\/100|[from] drain|[of] p1a: Sunflora\n|\n|upkeep\n|turn|4\n|\n|t:|1699689337\n|switch|p2a: Moltres|Moltres|100\/100\n|move|p1a: Sunflora|Sludge Bomb|p2a: Moltres\n|-damage|p2a: Moltres|70\/100\n|\n|upkeep\n|turn|5\n|\n|t:|1699689345\n|switch|p1a: Octillery|Octillery, M|100\/100\n|move|p2a: Moltres|Flamethrower|p1a: Octillery\n|-resisted|p1a: Octillery\n|-damage|p1a: Octillery|79\/100\n|\n|upkeep\n|turn|6\n|inactive|xiaozhubuaida has 120 seconds left.\n|\n|t:|1699689390\n|-terastallize|p2a: Moltres|Water\n|move|p2a: Moltres|Hurricane|p1a: Octillery\n|-damage|p1a: Octillery|28\/100\n|-start|p1a: Octillery|confusion\n|-activate|p1a: Octillery|confusion\n|move|p1a: Octillery|Surf|p2a: Moltres\n|-resisted|p2a: Moltres\n|-damage|p2a: Moltres|48\/100\n|\n|upkeep\n|turn|7\n|\n|t:|1699689401\n|move|p2a: Moltres|Roost|p2a: Moltres\n|-heal|p2a: Moltres|98\/100\n|-activate|p1a: Octillery|confusion\n|move|p1a: Octillery|Sludge Wave|p2a: Moltres\n|-damage|p2a: Moltres|64\/100\n|\n|upkeep\n|turn|8\n|\n|t:|1699689407\n|move|p2a: Moltres|Hurricane|p1a: Octillery\n|-damage|p1a: Octillery|0 fnt\n|faint|p1a: Octillery\n|\n|upkeep\n|\n|t:|1699689414\n|switch|p1a: Torkoal|Torkoal, F, shiny|100\/100\n|-weather|SunnyDay|[from] ability: Drought|[of] p1a: Torkoal\n|turn|9\n|\n|t:|1699689422\n|switch|p1a: Sunflora|Sunflora, M, shiny|71\/100\n|move|p2a: Moltres|Roost|p2a: Moltres\n|-heal|p2a: Moltres|100\/100\n|\n|-weather|SunnyDay|[upkeep]\n|-damage|p1a: Sunflora|58\/100|[from] ability: Solar Power|[of] p1a: Sunflora\n|upkeep\n|turn|10\n|\n|t:|1699689434\n|switch|p2a: Banette|Banette, M|100\/100\n|-item|p1a: Sunflora|Assault Vest|[from] ability: Frisk|[of] p2a: Banette|[identify]\n|-terastallize|p1a: Sunflora|Fairy\n|move|p1a: Sunflora|Giga Drain|p2a: Banette\n|-damage|p2a: Banette|0 fnt\n|-heal|p1a: Sunflora|100\/100|[from] drain|[of] p2a: Banette\n|faint|p2a: Banette\n|\n|-weather|SunnyDay|[upkeep]\n|-damage|p1a: Sunflora|88\/100|[from] ability: Solar Power|[of] p1a: Sunflora\n|upkeep\n|\n|t:|1699689449\n|switch|p2a: Ceruledge|Ceruledge, M|100\/100\n|turn|11\n|\n|t:|1699689453\n|move|p2a: Ceruledge|Bitter Blade|p1a: Sunflora\n|-damage|p1a: Sunflora|0 fnt\n|faint|p1a: Sunflora\n|\n|-weather|SunnyDay|[upkeep]\n|upkeep\n|\n|t:|1699689460\n|switch|p1a: Spiritomb|Spiritomb, F, shiny|100\/100\n|turn|12\n|\n|t:|1699689470\n|move|p2a: Ceruledge|Poltergeist|p1a: Spiritomb\n|-activate|p1a: Spiritomb|move: Poltergeist|Assault Vest\n|-damage|p1a: Spiritomb|37\/100\n|move|p1a: Spiritomb|Foul Play|p2a: Ceruledge\n|-supereffective|p2a: Ceruledge\n|-enditem|p2a: Ceruledge|Focus Sash\n|-damage|p2a: Ceruledge|1\/100\n|-ability|p2a: Ceruledge|Weak Armor|boost\n|-unboost|p2a: Ceruledge|def|1\n|-boost|p2a: Ceruledge|spe|2\n|\n|-weather|SunnyDay|[upkeep]\n|upkeep\n|turn|13\n|\n|t:|1699689483\n|move|p1a: Spiritomb|Sucker Punch|p2a: Ceruledge\n|-supereffective|p2a: Ceruledge\n|-damage|p2a: Ceruledge|0 fnt\n|faint|p2a: Ceruledge\n|\n|-weather|SunnyDay|[upkeep]\n|upkeep\n|\n|t:|1699689489\n|switch|p2a: Ogerpon|Ogerpon-Wellspring, F|38\/100\n|turn|14\n|\n|t:|1699689493\n|move|p1a: Spiritomb|Sucker Punch|p2a: Ogerpon\n|-damage|p2a: Ogerpon|0 fnt\n|faint|p2a: Ogerpon\n|\n|-weather|SunnyDay|[upkeep]\n|upkeep\n|\n|t:|1699689498\n|switch|p2a: Garganacl|Garganacl, M|100\/100\n|turn|15\n|\n|t:|1699689502\n|switch|p1a: Seaking|Seaking, F|100\/100\n|move|p2a: Garganacl|Stealth Rock|p1a: Seaking\n|-sidestart|p1: Rankuroi|move: Stealth Rock\n|\n|-weather|SunnyDay|[upkeep]\n|upkeep\n|turn|16\n|\n|t:|1699689509\n|switch|p2a: Moltres|Moltres, tera:Water|100\/100\n|move|p1a: Seaking|Waterfall|p2a: Moltres\n|-resisted|p2a: Moltres\n|-damage|p2a: Moltres|91\/100\n|-damage|p1a: Seaking|91\/100|[from] item: Life Orb\n|\n|-weather|none\n|upkeep\n|turn|17\n|\n|t:|1699689518\n|move|p2a: Moltres|Hurricane|p1a: Seaking\n|-damage|p1a: Seaking|24\/100\n|move|p1a: Seaking|Poison Jab|p2a: Moltres\n|-damage|p2a: Moltres|68\/100\n|-status|p2a: Moltres|psn\n|-status|p1a: Seaking|brn|[from] ability: Flame Body|[of] p2a: Moltres\n|-damage|p1a: Seaking|14\/100 brn|[from] item: Life Orb\n|\n|-damage|p2a: Moltres|56\/100 psn|[from] psn\n|-damage|p1a: Seaking|8\/100 brn|[from] brn\n|upkeep\n|turn|18\n|\n|t:|1699689532\n|move|p2a: Moltres|Flamethrower|p1a: Seaking\n|-resisted|p1a: Seaking\n|-damage|p1a: Seaking|0 fnt\n|faint|p1a: Seaking\n|\n|-damage|p2a: Moltres|43\/100 psn|[from] psn\n|upkeep\n|\n|t:|1699689540\n|switch|p1a: Torkoal|Torkoal, F, shiny|100\/100\n|-damage|p1a: Torkoal|76\/100|[from] Stealth Rock\n|-weather|SunnyDay|[from] ability: Drought|[of] p1a: Torkoal\n|turn|19\n|\n|t:|1699689545\n|switch|p2a: Gliscor|Gliscor, M, shiny|100\/100 tox\n|move|p1a: Torkoal|Rapid Spin|p2a: Gliscor\n|-damage|p2a: Gliscor|93\/100 tox\n|-boost|p1a: Torkoal|spe|1\n|-sideend|p1: Rankuroi|Stealth Rock|[from] move: Rapid Spin|[of] p1a: Torkoal\n|\n|-weather|SunnyDay|[upkeep]\n|-heal|p2a: Gliscor|100\/100 tox|[from] ability: Poison Heal\n|upkeep\n|turn|20\n|\n|t:|1699689555\n|move|p2a: Gliscor|Toxic|p1a: Torkoal|[miss]\n|-miss|p2a: Gliscor|p1a: Torkoal\n|move|p1a: Torkoal|Explosion|p2a: Gliscor\n|-damage|p2a: Gliscor|61\/100 tox\n|faint|p1a: Torkoal\n|\n|-weather|SunnyDay|[upkeep]\n|-heal|p2a: Gliscor|73\/100 tox|[from] ability: Poison Heal\n|upkeep\n|\n|t:|1699689565\n|switch|p1a: Victreebel|Victreebel, M, shiny|100\/100\n|turn|21\n|\n|t:|1699689569\n|move|p2a: Gliscor|Protect|p2a: Gliscor\n|-singleturn|p2a: Gliscor|Protect\n|move|p1a: Victreebel|Growth|p1a: Victreebel\n|-boost|p1a: Victreebel|atk|2\n|-boost|p1a: Victreebel|spa|2\n|\n|-weather|SunnyDay|[upkeep]\n|-heal|p2a: Gliscor|86\/100 tox|[from] ability: Poison Heal\n|upkeep\n|turn|22\n|\n|t:|1699689580\n|move|p1a: Victreebel|Weather Ball|p2a: Gliscor\n|-damage|p2a: Gliscor|0 fnt\n|faint|p2a: Gliscor\n|\n|-weather|SunnyDay|[upkeep]\n|upkeep\n|\n|t:|1699689587\n|switch|p2a: Garganacl|Garganacl, M|100\/100\n|turn|23\n|\n|t:|1699689590\n|move|p2a: Garganacl|Protect|p2a: Garganacl\n|-singleturn|p2a: Garganacl|Protect\n|move|p1a: Victreebel|Giga Drain|p2a: Garganacl\n|-activate|p2a: Garganacl|move: Protect\n|\n|-weather|SunnyDay|[upkeep]\n|upkeep\n|turn|24\n|\n|t:|1699689598\n|move|p1a: Victreebel|Giga Drain|p2a: Garganacl\n|-supereffective|p2a: Garganacl\n|-damage|p2a: Garganacl|0 fnt\n|faint|p2a: Garganacl\n|\n|-weather|SunnyDay|[upkeep]\n|upkeep\n|\n|t:|1699689600\n|switch|p2a: Moltres|Moltres, tera:Water|43\/100 psn\n|turn|25\n|\n|t:|1699689606\n|move|p1a: Victreebel|Giga Drain|p2a: Moltres\n|-supereffective|p2a: Moltres\n|-damage|p2a: Moltres|0 fnt\n|faint|p2a: Moltres\n|\n|win|Rankuroi\n|raw|Rankuroi's rating: 1192 &rarr; <strong>1226<\/strong><br \/>(+34 for winning)\n|raw|xiaozhubuaida's rating: 1326 &rarr; <strong>1299<\/strong><br \/>(-27 for losing)\n|l|\u2606xiaozhubuaida\n|c|\u2606Rankuroi|Gg\n","uploadtime":1699689629,"views":4,"p1id":"rankuroi","p2id":"xiaozhubuaida","formatid":"gen9nationaldex","rating":1226,"private":0,"password":""}