{"id":"gen9nationaldex-1988452702","p1":"sprayreal","p2":"nbdg","format":"[Gen 9] National Dex","log":"|j|\u2606sprayreal\n|j|\u2606nbdg\n|t:|1699724504\n|gametype|singles\n|player|p1|sprayreal|pokemonranger-gen4|\n|player|p2|nbdg|102|\n|teamsize|p1|3\n|teamsize|p2|3\n|gen|9\n|tier|[Gen 9] National Dex\n|rule|HP Percentage Mod: HP is shown in percentages\n|rule|Endless Battle Clause: Forcing endless battles is banned\n|rule|OHKO Clause: OHKO moves are banned\n|rule|Evasion Clause: Evasion abilities, items, and moves are banned\n|rule|Evasion Abilities Clause: Evasion abilities are banned\n|rule|Evasion Items Clause: Evasion items are banned\n|rule|Evasion Moves Clause: Evasion moves are banned\n|rule|Species Clause: Limit one of each Pok\u00e9mon\n|rule|Sleep Clause Mod: Limit one foe put to sleep\n|clearpoke\n|poke|p1|Mudkip, L5, F|\n|poke|p1|Ogerpon-Cornerstone, F|\n|poke|p1|Noivern, F|\n|poke|p2|Cloyster, M|\n|poke|p2|Pelipper, F|\n|poke|p2|Klefki, F|\n|teampreview\n|c|\u2606sprayreal|LOL\n|c|\u2606sprayreal|WHAT IS THIS\n|c|\u2606nbdg|hello.\n|c|\u2606sprayreal|did you bring a counter\n|c|\u2606sprayreal|for each of my pokemon\n|c|\u2606nbdg|say hello to my key\n|\n|t:|1699724520\n|start\n|switch|p1a: wolfie|Mudkip, L5, F|100\/100\n|switch|p2a: Key|Klefki, F|100\/100\n|turn|1\n|\n|t:|1699724526\n|move|p1a: wolfie|Endeavor|p2a: Key\n|-damage|p2a: Key|8\/100\n|move|p2a: Key|Trick Room|p2a: Key\n|-fieldstart|move: Trick Room|[of] p2a: Key\n|\n|-heal|p2a: Key|14\/100|[from] item: Leftovers\n|upkeep\n|turn|2\n|\n|t:|1699724536\n|move|p1a: wolfie|Protect|p1a: wolfie\n|-singleturn|p1a: wolfie|Protect\n|move|p2a: Key|Light Screen|p2a: Key\n|-sidestart|p2: nbdg|move: Light Screen\n|\n|-heal|p2a: Key|20\/100|[from] item: Leftovers\n|upkeep\n|turn|3\n|\n|t:|1699724542\n|move|p1a: wolfie|Toxic|p2a: Key\n|-immune|p2a: Key\n|move|p2a: Key|Dazzling Gleam|p1a: wolfie\n|-enditem|p1a: wolfie|Focus Sash\n|-damage|p1a: wolfie|5\/100\n|\n|-heal|p2a: Key|26\/100|[from] item: Leftovers\n|upkeep\n|turn|4\n|c|\u2606sprayreal|oh\n|c|\u2606sprayreal|rihgt\n|c|\u2606nbdg|LOL\n|\n|t:|1699724551\n|move|p1a: wolfie|Endeavor|p2a: Key\n|-damage|p2a: Key|1\/100\n|move|p2a: Key|Dazzling Gleam|p1a: wolfie\n|-damage|p1a: wolfie|0 fnt\n|faint|p1a: wolfie\n|\n|-heal|p2a: Key|7\/100|[from] item: Leftovers\n|upkeep\n|\n|t:|1699724566\n|switch|p1a: noob|Ogerpon-Cornerstone, F|100\/100\n|turn|5\n|c|\u2606nbdg|the happy music!\n|\n|t:|1699724573\n|move|p2a: Key|Dazzling Gleam|p1a: noob\n|-damage|p1a: noob|72\/100\n|move|p1a: noob|Horn Leech|p2a: Key\n|-resisted|p2a: Key\n|-damage|p2a: Key|0 fnt\n|-heal|p1a: noob|76\/100|[from] drain|[of] p2a: Key\n|faint|p2a: Key\n|\n|-fieldend|move: Trick Room\n|upkeep\n|\n|t:|1699724581\n|switch|p2a: rainy boy|Pelipper, F|100\/100\n|turn|6\n|\n|t:|1699724591\n|-terastallize|p1a: noob|Rock\n|detailschange|p1a: noob|Ogerpon-Cornerstone-Tera, F, tera:Rock\n|-ability|p1a: noob|Embody Aspect (Cornerstone)|boost\n|-boost|p1a: noob|def|1\n|move|p1a: noob|Swords Dance|p1a: noob\n|-boost|p1a: noob|atk|2\n|move|p2a: rainy boy|Snowscape|p2a: rainy boy\n|-weather|Snow\n|\n|-weather|Snow|[upkeep]\n|-sideend|p2: nbdg|move: Light Screen\n|upkeep\n|turn|7\n|\n|t:|1699724602\n|move|p2a: rainy boy|Protect|p2a: rainy boy\n|-singleturn|p2a: rainy boy|Protect\n|move|p1a: noob|Ivy Cudgel|p2a: rainy boy\n|-activate|p2a: rainy boy|move: Protect\n|\n|-weather|Snow|[upkeep]\n|upkeep\n|turn|8\n|c|\u2606sprayreal|:3\n|c|\u2606sprayreal|damn it\n|\n|t:|1699724608\n|move|p1a: noob|Ivy Cudgel|p2a: rainy boy\n|-supereffective|p2a: rainy boy\n|-damage|p2a: rainy boy|0 fnt\n|faint|p2a: rainy boy\n|\n|-weather|Snow|[upkeep]\n|upkeep\n|c|\u2606sprayreal|there\n|\n|t:|1699724612\n|switch|p2a: Drill|Cloyster, M|100\/100\n|turn|9\n|c|\u2606sprayreal|uh oh !!! you only have one left\n|c|\u2606sprayreal|:p\n|\n|t:|1699724621\n|move|p1a: noob|Superpower|p2a: Drill\n|-supereffective|p2a: Drill\n|-damage|p2a: Drill|13\/100\n|-unboost|p1a: noob|atk|1\n|-unboost|p1a: noob|def|1\n|move|p2a: Drill|Icicle Spear|p1a: noob\n|-damage|p1a: noob|65\/100\n|-damage|p1a: noob|54\/100\n|-damage|p1a: noob|42\/100\n|-damage|p1a: noob|31\/100\n|-damage|p1a: noob|20\/100\n|-hitcount|p1a: noob|5\n|\n|-weather|Snow|[upkeep]\n|upkeep\n|turn|10\n|c|\u2606sprayreal|WHAT\n|c|\u2606sprayreal|NO\n|c|\u2606sprayreal|NO\n|c|\u2606sprayreal|YESS\n|c|\u2606nbdg|sigh\n|c|\u2606nbdg|if only i sent out earlier with trick room\n|c|\u2606nbdg|you win\n|\n|t:|1699724645\n|move|p1a: noob|Superpower|p2a: Drill\n|-supereffective|p2a: Drill\n|-damage|p2a: Drill|0 fnt\n|-unboost|p1a: noob|atk|1\n|-unboost|p1a: noob|def|1\n|faint|p2a: Drill\n|\n|win|sprayreal\n|c|\u2606sprayreal|lol\n|c|\u2606nbdg|idk why trick room was so short\n","uploadtime":1699724659,"views":4,"p1id":"sprayreal","p2id":"nbdg","formatid":"gen9nationaldex","rating":0,"private":0,"password":""}