{"id":"gen9nationaldex-1989133940","p1":"Gamer00ooO","p2":"RARMolina","format":"[Gen 9] National Dex","log":"|j|\u2606Gamer00ooO\n|j|\u2606RARMolina\n|t:|1699815863\n|gametype|singles\n|player|p1|Gamer00ooO|hilbert|\n|player|p2|RARMolina|nessa|\n|teamsize|p1|6\n|teamsize|p2|6\n|gen|9\n|tier|[Gen 9] National Dex\n|rule|HP Percentage Mod: HP is shown in percentages\n|rule|Endless Battle Clause: Forcing endless battles is banned\n|rule|OHKO Clause: OHKO moves are banned\n|rule|Evasion Clause: Evasion abilities, items, and moves are banned\n|rule|Evasion Abilities Clause: Evasion abilities are banned\n|rule|Evasion Items Clause: Evasion items are banned\n|rule|Evasion Moves Clause: Evasion moves are banned\n|rule|Species Clause: Limit one of each Pok\u00e9mon\n|rule|Sleep Clause Mod: Limit one foe put to sleep\n|clearpoke\n|poke|p1|Weezing-Galar, F|\n|poke|p1|Diancie|\n|poke|p1|Gliscor, M|\n|poke|p1|Gardevoir, M|\n|poke|p1|Klefki, M|\n|poke|p1|Togekiss, M|\n|poke|p2|Empoleon, M|\n|poke|p2|Garchomp, M|\n|poke|p2|Pelipper, M|\n|poke|p2|Jellicent, F|\n|poke|p2|Golisopod, M|\n|poke|p2|Swampert, F|\n|teampreview\n|\n|t:|1699815870\n|start\n|switch|p1a: Llaveros|Klefki, M|100\/100\n|switch|p2a: Weater report|Pelipper, M|100\/100\n|-weather|RainDance|[from] ability: Drizzle|[of] p2a: Weater report\n|turn|1\n|\n|t:|1699815881\n|move|p1a: Llaveros|Light Screen|p1a: Llaveros\n|-sidestart|p1: Gamer00ooO|move: Light Screen\n|move|p2a: Weater report|Knock Off|p1a: Llaveros\n|-resisted|p1a: Llaveros\n|-damage|p1a: Llaveros|95\/100\n|-enditem|p1a: Llaveros|Light Clay|[from] move: Knock Off|[of] p2a: Weater report\n|\n|-weather|RainDance|[upkeep]\n|upkeep\n|turn|2\n|\n|t:|1699815891\n|switch|p1a: Togekiss|Togekiss, M|100\/100\n|move|p2a: Weater report|Defog|p1a: Togekiss\n|-unboost|p1a: Togekiss|evasion|1\n|-sideend|p1: Gamer00ooO|move: Light Screen\n|\n|-weather|RainDance|[upkeep]\n|upkeep\n|turn|3\n|\n|t:|1699815905\n|move|p1a: Togekiss|Ancient Power|p2a: Weater report\n|-supereffective|p2a: Weater report\n|-damage|p2a: Weater report|38\/100\n|move|p2a: Weater report|U-turn|p1a: Togekiss\n|-resisted|p1a: Togekiss\n|-damage|p1a: Togekiss|99\/100\n|\n|t:|1699815915\n|switch|p2a: Poseidon|Empoleon, M|100\/100|[from] U-turn\n|\n|-weather|RainDance|[upkeep]\n|upkeep\n|turn|4\n|\n|t:|1699815927\n|switch|p1a: Llaveros|Klefki, M|95\/100\n|move|p2a: Poseidon|Agility|p2a: Poseidon\n|-boost|p2a: Poseidon|spe|2\n|\n|-weather|RainDance|[upkeep]\n|upkeep\n|turn|5\n|\n|t:|1699815932\n|move|p1a: Llaveros|Thunder Wave|p2a: Poseidon\n|-status|p2a: Poseidon|par\n|move|p2a: Poseidon|Surf|p1a: Llaveros\n|-damage|p1a: Llaveros|29\/100\n|\n|-weather|RainDance|[upkeep]\n|upkeep\n|turn|6\n|\n|t:|1699815938\n|move|p1a: Llaveros|Light Screen|p1a: Llaveros\n|-sidestart|p1: Gamer00ooO|move: Light Screen\n|move|p2a: Poseidon|Surf|p1a: Llaveros\n|-damage|p1a: Llaveros|0 fnt\n|faint|p1a: Llaveros\n|\n|-weather|RainDance|[upkeep]\n|upkeep\n|\n|t:|1699815947\n|switch|p1a: Steven|Diancie|100\/100\n|turn|7\n|\n|t:|1699815951\n|-terastallize|p1a: Steven|Electric\n|move|p2a: Poseidon|Surf|p1a: Steven\n|-damage|p1a: Steven|77\/100\n|move|p1a: Steven|Body Press|p2a: Poseidon\n|-supereffective|p2a: Poseidon\n|-damage|p2a: Poseidon|31\/100 par\n|-enditem|p2a: Poseidon|Weakness Policy\n|-boost|p2a: Poseidon|atk|2|[from] item: Weakness Policy\n|-boost|p2a: Poseidon|spa|2|[from] item: Weakness Policy\n|\n|-weather|RainDance|[upkeep]\n|-heal|p1a: Steven|83\/100|[from] item: Leftovers\n|upkeep\n|turn|8\n|\n|t:|1699815961\n|cant|p2a: Poseidon|par\n|move|p1a: Steven|Body Press|p2a: Poseidon\n|-supereffective|p2a: Poseidon\n|-damage|p2a: Poseidon|0 fnt\n|faint|p2a: Poseidon\n|\n|-weather|none\n|-heal|p1a: Steven|89\/100|[from] item: Leftovers\n|upkeep\n|\n|t:|1699815967\n|switch|p2a: Weater report|Pelipper, M|38\/100\n|-weather|RainDance|[from] ability: Drizzle|[of] p2a: Weater report\n|turn|9\n|\n|t:|1699815972\n|switch|p2a: Jatziri|Swampert, F|100\/100\n|move|p1a: Steven|Diamond Storm|p2a: Jatziri\n|-resisted|p2a: Jatziri\n|-damage|p2a: Jatziri|82\/100\n|-boost|p1a: Steven|def|2\n|\n|-weather|RainDance|[upkeep]\n|-heal|p1a: Steven|95\/100|[from] item: Leftovers\n|upkeep\n|turn|10\n|\n|t:|1699815979\n|detailschange|p2a: Jatziri|Swampert-Mega, F\n|-mega|p2a: Jatziri|Swampert|Swampertite\n|move|p2a: Jatziri|Earthquake|p1a: Steven\n|-supereffective|p1a: Steven\n|-crit|p1a: Steven\n|-damage|p1a: Steven|0 fnt\n|faint|p1a: Steven\n|\n|-weather|RainDance|[upkeep]\n|-sideend|p1: Gamer00ooO|move: Light Screen\n|upkeep\n|l|\u2606Gamer00ooO\n|player|p1|\n|c|\u2606RARMolina|._.\n|c|\u2606RARMolina|We\n|j|\u2606Gamer00ooO\n|player|p1|Gamer00ooO|hilbert\n|l|\u2606Gamer00ooO\n|player|p1|\n|j|\u2606Gamer00ooO\n|player|p1|Gamer00ooO|hilbert\n|\n|t:|1699816035\n|switch|p1a: Togekiss|Togekiss, M|99\/100\n|turn|11\n|\n|t:|1699816063\n|move|p2a: Jatziri|Waterfall|p1a: Togekiss\n|-damage|p1a: Togekiss|37\/100\n|move|p1a: Togekiss|Air Slash|p2a: Jatziri\n|-damage|p2a: Jatziri|39\/100\n|\n|-weather|RainDance|[upkeep]\n|upkeep\n|turn|12\n|\n|t:|1699816076\n|move|p2a: Jatziri|Flip Turn|p1a: Togekiss\n|-damage|p1a: Togekiss|0 fnt\n|faint|p1a: Togekiss\n|\n|t:|1699816088\n|switch|p2a: Srta. Tess|Jellicent, F|100\/100|[from] Flip Turn\n|\n|-weather|RainDance|[upkeep]\n|upkeep\n|\n|t:|1699816099\n|switch|p1a: Eco Eco|Gardevoir, M|100\/100\n|-ability|p1a: Eco Eco|Cursed Body|[from] ability: Trace|[of] p2a: Srta. Tess\n|turn|13\n|\n|t:|1699816124\n|detailschange|p1a: Eco Eco|Gardevoir-Mega, M\n|-mega|p1a: Eco Eco|Gardevoir|Gardevoirite\n|move|p1a: Eco Eco|Psyshock|p2a: Srta. Tess\n|-damage|p2a: Srta. Tess|64\/100\n|move|p2a: Srta. Tess|Shadow Ball|p1a: Eco Eco\n|-supereffective|p1a: Eco Eco\n|-damage|p1a: Eco Eco|53\/100\n|-unboost|p1a: Eco Eco|spd|1\n|\n|-weather|RainDance|[upkeep]\n|-heal|p2a: Srta. Tess|70\/100|[from] item: Leftovers\n|upkeep\n|turn|14\n|\n|t:|1699816134\n|switch|p1a: Scorp corp|Gliscor, M|100\/100\n|move|p2a: Srta. Tess|Shadow Ball|p1a: Scorp corp\n|-damage|p1a: Scorp corp|75\/100\n|\n|-weather|RainDance|[upkeep]\n|-heal|p2a: Srta. Tess|76\/100|[from] item: Leftovers\n|-status|p1a: Scorp corp|tox|[from] item: Toxic Orb\n|upkeep\n|turn|15\n|\n|t:|1699816148\n|move|p1a: Scorp corp|Earthquake|p2a: Srta. Tess\n|-damage|p2a: Srta. Tess|42\/100\n|move|p2a: Srta. Tess|Scald|p1a: Scorp corp\n|-supereffective|p1a: Scorp corp\n|-damage|p1a: Scorp corp|0 fnt\n|faint|p1a: Scorp corp\n|\n|-weather|RainDance|[upkeep]\n|-heal|p2a: Srta. Tess|48\/100|[from] item: Leftovers\n|upkeep\n|\n|t:|1699816154\n|switch|p1a: Eco Eco|Gardevoir-Mega, M|53\/100\n|turn|16\n|\n|t:|1699816160\n|move|p1a: Eco Eco|Psyshock|p2a: Srta. Tess\n|-damage|p2a: Srta. Tess|6\/100\n|-start|p1a: Eco Eco|Disable|Psyshock|[from] ability: Cursed Body|[of] p2a: Srta. Tess\n|move|p2a: Srta. Tess|Shadow Ball|p1a: Eco Eco\n|-supereffective|p1a: Eco Eco\n|-damage|p1a: Eco Eco|7\/100\n|\n|-weather|none\n|-heal|p2a: Srta. Tess|13\/100|[from] item: Leftovers\n|upkeep\n|turn|17\n|\n|t:|1699816168\n|move|p1a: Eco Eco|Hyper Voice|p2a: Srta. Tess\n|-damage|p2a: Srta. Tess|0 fnt\n|faint|p2a: Srta. Tess\n|\n|upkeep\n|\n|t:|1699816172\n|switch|p2a: Shredder|Golisopod, M|100\/100\n|turn|18\n|\n|t:|1699816181\n|move|p2a: Shredder|First Impression|p1a: Eco Eco\n|-damage|p1a: Eco Eco|0 fnt\n|faint|p1a: Eco Eco\n|\n|upkeep\n|\n|t:|1699816187\n|switch|p1a: Sr de carb\u00f3n|Weezing-Galar, F|100\/100\n|-fieldstart|move: Misty Terrain|[from] ability: Misty Surge|[of] p1a: Sr de carb\u00f3n\n|turn|19\n|\n|t:|1699816198\n|move|p1a: Sr de carb\u00f3n|Flamethrower|p2a: Shredder\n|-damage|p2a: Shredder|87\/100\n|move|p2a: Shredder|Razor Shell|p1a: Sr de carb\u00f3n\n|-damage|p1a: Sr de carb\u00f3n|67\/100\n|-unboost|p1a: Sr de carb\u00f3n|def|1\n|\n|upkeep\n|turn|20\n|\n|t:|1699816213\n|move|p1a: Sr de carb\u00f3n|Flamethrower|p2a: Shredder\n|-damage|p2a: Shredder|73\/100\n|move|p2a: Shredder|Razor Shell|p1a: Sr de carb\u00f3n\n|-crit|p1a: Sr de carb\u00f3n\n|-damage|p1a: Sr de carb\u00f3n|0 fnt\n|faint|p1a: Sr de carb\u00f3n\n|\n|win|RARMolina\n|j| Sylveon(404)\n|c|\u2606RARMolina|Gg\n|c| Sylveon(404)|BIG SHOT\n|l|\u2606RARMolina\n|c|\u2606Gamer00ooO|Gg\n|l| Sylveon(404)\n","uploadtime":1699816525,"views":13,"p1id":"gamer00ooo","p2id":"rarmolina","formatid":"gen9nationaldex","rating":0,"private":0,"password":""}