{"id":"gen9nationaldex-1997804416","p1":"akakPUMPKIN","p2":"The power of ROCK","format":"[Gen 9] National Dex","log":"|html|<div class=\"broadcast-blue\"><strong>[Gen 9] National Dex is currently suspecting Sneasler! For information on how to participate check out the <a href=\"https:\/\/www.smogon.com\/forums\/threads\/sv-national-dex-suspect-8-just-dance.3731534\/\">suspect thread<\/a>.<\/strong><\/div>\n|j|\u2606akakPUMPKIN\n|j|\u2606The power of ROCK\n|inactive|Battle timer is ON: inactive players will automatically lose when time's up.\n|t:|1700854510\n|gametype|singles\n|player|p1|akakPUMPKIN|doubleteam|\n|player|p2|The power of ROCK|roark|\n|teamsize|p1|6\n|teamsize|p2|6\n|gen|9\n|tier|[Gen 9] National Dex\n|rated|Tournament battle\n|rule|HP Percentage Mod: HP is shown in percentages\n|rule|Endless Battle Clause: Forcing endless battles is banned\n|rule|OHKO Clause: OHKO moves are banned\n|rule|Evasion Clause: Evasion abilities, items, and moves are banned\n|rule|Evasion Abilities Clause: Evasion abilities are banned\n|rule|Evasion Items Clause: Evasion items are banned\n|rule|Evasion Moves Clause: Evasion moves are banned\n|rule|Species Clause: Limit one of each Pok\u00e9mon\n|rule|Sleep Clause Mod: Limit one foe put to sleep\n|clearpoke\n|poke|p1|Alomomola, M|\n|poke|p1|Slowking-Galar, F|\n|poke|p1|Tyranitar, M|\n|poke|p1|Ferrothorn, F|\n|poke|p1|Tornadus-Therian, M|\n|poke|p1|Clefable, F|\n|poke|p2|Tyranitar, F|\n|poke|p2|Garganacl, F|\n|poke|p2|Aggron, M|\n|poke|p2|Glimmora, F|\n|poke|p2|Stakataka|\n|poke|p2|Rampardos, M|\n|teampreview\n|inactive|akakPUMPKIN also wants the timer to be on.\n|c|\u2606The power of ROCK|Welcome to the ROCK gym\n|c|\u2606The power of ROCK|5 mins plz\n|j| Ineros\n|c| Ineros|Oh no clef about to go wild after that magg is dead\n|inactive|The power of ROCK has 120 seconds left.\n|j| Sei~Karma\n|\n|t:|1700854562\n|start\n|switch|p1a: Tyranitar|Tyranitar, M|100\/100\n|switch|p2a: Rampardos|Rampardos, M|100\/100\n|-ability|p2a: Rampardos|Mold Breaker\n|-weather|Sandstorm|[from] ability: Sand Stream|[of] p1a: Tyranitar\n|turn|1\n|j| Sheep Liver\n|l| Sei~Karma\n|\n|t:|1700854570\n|detailschange|p1a: Tyranitar|Tyranitar-Mega, M\n|-mega|p1a: Tyranitar|Tyranitar|Tyranitarite\n|move|p1a: Tyranitar|Stealth Rock|p2a: Rampardos\n|-sidestart|p2: The power of ROCK|move: Stealth Rock\n|move|p2a: Rampardos|Superpower|p1a: Tyranitar\n|-supereffective|p1a: Tyranitar\n|-damage|p1a: Tyranitar|0 fnt\n|-unboost|p2a: Rampardos|atk|1\n|-unboost|p2a: Rampardos|def|1\n|faint|p1a: Tyranitar\n|\n|-weather|Sandstorm|[upkeep]\n|upkeep\n|\n|t:|1700854579\n|switch|p1a: Alomomola|Alomomola, M|100\/100\n|turn|2\n|\n|t:|1700854586\n|switch|p2a: Glimmora|Glimmora, F|100\/100\n|-damage|p2a: Glimmora|88\/100|[from] Stealth Rock\n|move|p1a: Alomomola|Flip Turn|p2a: Glimmora\n|-supereffective|p2a: Glimmora\n|-crit|p2a: Glimmora\n|-damage|p2a: Glimmora|24\/100\n|-activate|p2a: Glimmora|ability: Toxic Debris\n|-sidestart|p1: akakPUMPKIN|move: Toxic Spikes\n|\n|t:|1700854592\n|switch|p1a: Slowking|Slowking-Galar, F|100\/100|[from] Flip Turn\n|-sideend|p1: akakPUMPKIN|move: Toxic Spikes|[of] p1a: Slowking\n|\n|-weather|Sandstorm|[upkeep]\n|-damage|p1a: Slowking|94\/100|[from] Sandstorm\n|upkeep\n|turn|3\n|\n|t:|1700854602\n|move|p2a: Glimmora|Spikes|p1a: Slowking\n|-sidestart|p1: akakPUMPKIN|Spikes\n|move|p1a: Slowking|Sludge Bomb|p2a: Glimmora\n|-resisted|p2a: Glimmora\n|-damage|p2a: Glimmora|16\/100\n|\n|-weather|Sandstorm|[upkeep]\n|-damage|p1a: Slowking|88\/100|[from] Sandstorm\n|upkeep\n|turn|4\n|\n|t:|1700854607\n|move|p2a: Glimmora|Spikes|p1a: Slowking\n|-sidestart|p1: akakPUMPKIN|Spikes\n|move|p1a: Slowking|Future Sight|p2a: Glimmora\n|-start|p1a: Slowking|move: Future Sight\n|\n|-weather|Sandstorm|[upkeep]\n|-damage|p1a: Slowking|82\/100|[from] Sandstorm\n|upkeep\n|turn|5\n|\n|t:|1700854610\n|switch|p2a: Tyranitar|Tyranitar, F|100\/100\n|-damage|p2a: Tyranitar|88\/100|[from] Stealth Rock\n|move|p1a: Slowking|Chilly Reception|p1a: Slowking\n|-weather|Snow\n|j| pokemontrainer456\n|\n|t:|1700854615\n|switch|p1a: Clefable|Clefable, F|100\/100|[from] Chilly Reception\n|\n|-weather|Snow|[upkeep]\n|upkeep\n|turn|6\n|\n|t:|1700854618\n|move|p1a: Clefable|Moonblast|p2a: Tyranitar\n|-supereffective|p2a: Tyranitar\n|-damage|p2a: Tyranitar|38\/100\n|move|p2a: Tyranitar|Knock Off|p1a: Clefable\n|-resisted|p1a: Clefable\n|-damage|p1a: Clefable|72\/100\n|-enditem|p1a: Clefable|Life Orb|[from] move: Knock Off|[of] p2a: Tyranitar\n|\n|-weather|Snow|[upkeep]\n|-end|p2a: Tyranitar|move: Future Sight\n|-immune|p2a: Tyranitar\n|upkeep\n|turn|7\n|l| pokemontrainer456\n|inactive|The power of ROCK has 120 seconds left.\n|j| Patar136\n|c|\u2606The power of ROCK|sorry i was in another match\n|c|\u2606The power of ROCK|now you have my full attention\n|inactive|The power of ROCK has 90 seconds left.\n|\n|t:|1700854689\n|switch|p2a: Stakataka|Stakataka|100\/100\n|-damage|p2a: Stakataka|94\/100|[from] Stealth Rock\n|move|p1a: Clefable|Moonblast|p2a: Stakataka\n|-resisted|p2a: Stakataka\n|-damage|p2a: Stakataka|71\/100\n|\n|-weather|Snow|[upkeep]\n|upkeep\n|turn|8\n|j| batmanga\n|\n|t:|1700854703\n|switch|p1a: Alomomola|Alomomola, M|100\/100\n|move|p2a: Stakataka|Gyro Ball|p1a: Alomomola\n|-resisted|p1a: Alomomola\n|-damage|p1a: Alomomola|85\/100\n|\n|-weather|Snow|[upkeep]\n|upkeep\n|turn|9\n|inactive|The power of ROCK has 90 seconds left.\n|\n|t:|1700854713\n|switch|p2a: Aggron|Aggron, M|100\/100\n|-damage|p2a: Aggron|94\/100|[from] Stealth Rock\n|move|p1a: Alomomola|Flip Turn|p2a: Aggron\n|-supereffective|p2a: Aggron\n|-damage|p2a: Aggron|80\/100\n|\n|t:|1700854719\n|switch|p1a: Ferrothorn|Ferrothorn, F|100\/100|[from] Flip Turn\n|-damage|p1a: Ferrothorn|84\/100|[from] Spikes\n|\n|-weather|none\n|-heal|p1a: Ferrothorn|90\/100|[from] item: Leftovers\n|upkeep\n|turn|10\n|\n|t:|1700854723\n|detailschange|p2a: Aggron|Aggron-Mega, M\n|-mega|p2a: Aggron|Aggron|Aggronite\n|move|p2a: Aggron|Body Press|p1a: Ferrothorn\n|-supereffective|p1a: Ferrothorn\n|-damage|p1a: Ferrothorn|28\/100\n|-damage|p2a: Aggron|67\/100|[from] ability: Iron Barbs|[of] p1a: Ferrothorn\n|move|p1a: Ferrothorn|Leech Seed|p2a: Aggron\n|-start|p2a: Aggron|move: Leech Seed\n|\n|-heal|p1a: Ferrothorn|35\/100|[from] item: Leftovers\n|-damage|p2a: Aggron|55\/100|[from] Leech Seed|[of] p1a: Ferrothorn\n|-heal|p1a: Ferrothorn|47\/100|[silent]\n|upkeep\n|turn|11\n|j| Sei~Karma\n|\n|t:|1700854736\n|switch|p2a: Stakataka|Stakataka|71\/100\n|-damage|p2a: Stakataka|65\/100|[from] Stealth Rock\n|switch|p1a: Alomomola|Alomomola, M|100\/100\n|\n|upkeep\n|turn|12\n|\n|t:|1700854744\n|switch|p2a: Aggron|Aggron-Mega, M|55\/100\n|-damage|p2a: Aggron|49\/100|[from] Stealth Rock\n|move|p1a: Alomomola|Flip Turn|p2a: Aggron\n|-damage|p2a: Aggron|43\/100\n|\n|t:|1700854749\n|switch|p1a: Tornadus|Tornadus-Therian, M|100\/100|[from] Flip Turn\n|\n|upkeep\n|turn|13\n|j| pokemontrainer456\n|\n|t:|1700854765\n|move|p1a: Tornadus|Nasty Plot|p1a: Tornadus\n|-boost|p1a: Tornadus|spa|2\n|move|p2a: Aggron|Rest|p2a: Aggron\n|-status|p2a: Aggron|slp|[from] move: Rest\n|-heal|p2a: Aggron|100\/100 slp|[silent]\n|\n|upkeep\n|turn|14\n|l| Sheep Liver\n|\n|t:|1700854774\n|switch|p2a: Tyranitar|Tyranitar, F|38\/100\n|-damage|p2a: Tyranitar|25\/100|[from] Stealth Rock\n|-weather|Sandstorm|[from] ability: Sand Stream|[of] p2a: Tyranitar\n|move|p1a: Tornadus|Nasty Plot|p1a: Tornadus\n|-boost|p1a: Tornadus|spa|2\n|\n|-weather|Sandstorm|[upkeep]\n|-damage|p1a: Tornadus|94\/100|[from] Sandstorm\n|upkeep\n|turn|15\n|\n|t:|1700854777\n|move|p1a: Tornadus|Focus Blast|p2a: Tyranitar\n|-supereffective|p2a: Tyranitar\n|-damage|p2a: Tyranitar|0 fnt\n|faint|p2a: Tyranitar\n|\n|-weather|Sandstorm|[upkeep]\n|-damage|p1a: Tornadus|88\/100|[from] Sandstorm\n|upkeep\n|\n|t:|1700854780\n|switch|p2a: Glimmora|Glimmora, F|16\/100\n|-damage|p2a: Glimmora|4\/100|[from] Stealth Rock\n|turn|16\n|\n|t:|1700854785\n|move|p2a: Glimmora|Mortal Spin|p1a: Tornadus\n|-damage|p1a: Tornadus|80\/100\n|-status|p1a: Tornadus|psn\n|-sideend|p2: The power of ROCK|Stealth Rock|[from] move: Mortal Spin|[of] p2a: Glimmora\n|move|p1a: Tornadus|Focus Blast|p2a: Glimmora\n|-damage|p2a: Glimmora|0 fnt\n|faint|p2a: Glimmora\n|\n|-weather|Sandstorm|[upkeep]\n|-damage|p1a: Tornadus|74\/100 psn|[from] Sandstorm\n|-damage|p1a: Tornadus|62\/100 psn|[from] psn\n|upkeep\n|c|\u2606The power of ROCK|uh ok\n|\n|t:|1700854801\n|switch|p2a: Garganacl|Garganacl, F|100\/100\n|turn|17\n|\n|t:|1700854808\n|-terastallize|p2a: Garganacl|Ghost\n|move|p1a: Tornadus|Focus Blast|p2a: Garganacl\n|-immune|p2a: Garganacl\n|move|p2a: Garganacl|Salt Cure|p1a: Tornadus\n|-supereffective|p1a: Tornadus\n|-damage|p1a: Tornadus|24\/100 psn\n|-start|p1a: Tornadus|Salt Cure\n|\n|-weather|Sandstorm|[upkeep]\n|-damage|p1a: Tornadus|18\/100 psn|[from] Sandstorm\n|-damage|p2a: Garganacl|94\/100|[from] Sandstorm\n|-damage|p1a: Tornadus|5\/100 psn|[from] psn\n|-damage|p1a: Tornadus|0 fnt|[from] Salt Cure\n|faint|p1a: Tornadus\n|upkeep\n|inactive|akakPUMPKIN has 120 seconds left.\n|\n|t:|1700854841\n|switch|p1a: Clefable|Clefable, F|72\/100\n|turn|18\n|j| Sheep Liver\n|\n|t:|1700854846\n|switch|p2a: Rampardos|Rampardos, M|100\/100\n|-ability|p2a: Rampardos|Mold Breaker\n|move|p1a: Clefable|Calm Mind|p1a: Clefable\n|-boost|p1a: Clefable|spa|1\n|-boost|p1a: Clefable|spd|1\n|\n|-weather|none\n|upkeep\n|turn|19\n|\n|t:|1700854860\n|switch|p1a: Alomomola|Alomomola, M|100\/100\n|-zpower|p2a: Rampardos\n|move|p2a: Rampardos|Continental Crush|p1a: Alomomola|[zeffect]\n|-damage|p1a: Alomomola|16\/100\n|\n|upkeep\n|turn|20\n|\n|t:|1700854874\n|switch|p1a: Slowking|Slowking-Galar, F|100\/100\n|move|p2a: Rampardos|Substitute|p2a: Rampardos\n|-start|p2a: Rampardos|Substitute\n|-damage|p2a: Rampardos|75\/100\n|\n|upkeep\n|turn|21\n|\n|t:|1700854881\n|move|p2a: Rampardos|Head Smash|p1a: Slowking|[miss]\n|-miss|p2a: Rampardos|p1a: Slowking\n|move|p1a: Slowking|Sludge Bomb|p2a: Rampardos\n|-resisted|p2a: Rampardos\n|-end|p2a: Rampardos|Substitute\n|\n|upkeep\n|turn|22\n|\n|t:|1700854889\n|move|p2a: Rampardos|Head Smash|p1a: Slowking\n|-damage|p1a: Slowking|0 fnt\n|faint|p1a: Slowking\n|-damage|p2a: Rampardos|17\/100|[from] Recoil\n|\n|upkeep\n|\n|t:|1700854896\n|switch|p1a: Ferrothorn|Ferrothorn, F|47\/100\n|-damage|p1a: Ferrothorn|30\/100|[from] Spikes\n|turn|23\n|c|\u2606The power of ROCK|i love him so much\n|\n|t:|1700854902\n|switch|p2a: Stakataka|Stakataka|65\/100\n|move|p1a: Ferrothorn|Leech Seed|p2a: Stakataka|[miss]\n|-miss|p1a: Ferrothorn|p2a: Stakataka\n|\n|-heal|p1a: Ferrothorn|37\/100|[from] item: Leftovers\n|upkeep\n|turn|24\n|\n|t:|1700854909\n|switch|p1a: Alomomola|Alomomola, M|49\/100\n|move|p2a: Stakataka|Heat Crash|p1a: Alomomola\n|-resisted|p1a: Alomomola\n|-damage|p1a: Alomomola|36\/100\n|\n|upkeep\n|turn|25\n|\n|t:|1700854914\n|switch|p2a: Garganacl|Garganacl, F, tera:Ghost|94\/100\n|move|p1a: Alomomola|Wish|p1a: Alomomola\n|\n|upkeep\n|turn|26\n|\n|t:|1700854918\n|move|p1a: Alomomola|Flip Turn|p2a: Garganacl\n|-damage|p2a: Garganacl|82\/100\n|\n|t:|1700854919\n|switch|p1a: Ferrothorn|Ferrothorn, F|37\/100|[from] Flip Turn\n|-damage|p1a: Ferrothorn|20\/100|[from] Spikes\n|move|p2a: Garganacl|Body Press|p1a: Ferrothorn\n|-supereffective|p1a: Ferrothorn\n|-damage|p1a: Ferrothorn|0 fnt\n|-damage|p2a: Garganacl|70\/100|[from] ability: Iron Barbs|[of] p1a: Ferrothorn\n|faint|p1a: Ferrothorn\n|\n|upkeep\n|-message|akakPUMPKIN forfeited.\n|\n|win|The power of ROCK\n|n|\u2606akakPUMPKIN|akakpumpkin\n|n|\u2606The power of ROCK|thepowerofrock\n|n| Ineros|ineros\n|n| Patar136|patar136\n|n| batmanga|batmanga\n|n| Sei~Karma|seikarma\n|n| pokemontrainer456|pokemontrainer456\n|n| Sheep Liver|sheepliver\n|c|\u2606The power of ROCK|gg :)\n|l| batmanga\n|l| Sei~Karma\n|l|\u2606akakPUMPKIN\n|l| pokemontrainer456\n|l| Ineros\n|l| Sheep Liver\n|l| Patar136\n","uploadtime":1700854932,"views":6,"p1id":"akakpumpkin","p2id":"thepowerofrock","formatid":"gen9nationaldex","rating":0,"private":0,"password":""}