{"id":"gen9nationaldex-1987520687","p1":"daowang","p2":"sheep1","format":"[Gen 9] National Dex","log":"|j|\u2606daowang\n|j|\u2606sheep1\n|t:|1699605774\n|gametype|singles\n|player|p1|daowang|2|1288\n|player|p2|sheep1|swimmer-gen4|1183\n|teamsize|p1|6\n|teamsize|p2|6\n|gen|9\n|tier|[Gen 9] National Dex\n|rated|\n|rule|HP Percentage Mod: HP is shown in percentages\n|rule|Endless Battle Clause: Forcing endless battles is banned\n|rule|OHKO Clause: OHKO moves are banned\n|rule|Evasion Clause: Evasion abilities, items, and moves are banned\n|rule|Evasion Abilities Clause: Evasion abilities are banned\n|rule|Evasion Items Clause: Evasion items are banned\n|rule|Evasion Moves Clause: Evasion moves are banned\n|rule|Species Clause: Limit one of each Pok\u00e9mon\n|rule|Sleep Clause Mod: Limit one foe put to sleep\n|clearpoke\n|poke|p1|Aerodactyl, M|\n|poke|p1|Gigalith, F|\n|poke|p1|Dracozolt|\n|poke|p1|Empoleon, F|\n|poke|p1|Magnezone|\n|poke|p1|Landorus-Therian, M|\n|poke|p2|Gengar, M|\n|poke|p2|Dragonite, M|\n|poke|p2|Tyranitar, M|\n|poke|p2|Snorlax, F|\n|poke|p2|Volcarona, F|\n|poke|p2|Slowbro, M|\n|teampreview\n|inactive|Battle timer is ON: inactive players will automatically lose when time's up. (requested by sheep1)\n|inactive|sheep1 has 120 seconds left.\n|\n|t:|1699605816\n|start\n|switch|p1a: Magnezone|Magnezone|100\/100\n|switch|p2a: \u80a5\u9b3c|Gengar, M|100\/100\n|turn|1\n|\n|t:|1699605822\n|move|p2a: \u80a5\u9b3c|Focus Blast|p1a: Magnezone\n|-supereffective|p1a: Magnezone\n|-crit|p1a: Magnezone\n|-damage|p1a: Magnezone|0 fnt\n|faint|p1a: Magnezone\n|\n|upkeep\n|\n|t:|1699605830\n|switch|p1a: \u770b\u6211\u7684\u540e\u5907\u9690\u85cf\u80fd\u6e90|Gigalith, F|100\/100\n|-weather|Sandstorm|[from] ability: Sand Stream|[of] p1a: \u770b\u6211\u7684\u540e\u5907\u9690\u85cf\u80fd\u6e90\n|turn|2\n|\n|t:|1699605836\n|switch|p1a: \u540e\u5907\u9690\u85cf\u80fd\u6e902|Landorus-Therian, M|100\/100\n|-ability|p1a: \u540e\u5907\u9690\u85cf\u80fd\u6e902|Intimidate|boost\n|-unboost|p2a: \u80a5\u9b3c|atk|1\n|move|p2a: \u80a5\u9b3c|Destiny Bond|p2a: \u80a5\u9b3c\n|-singlemove|p2a: \u80a5\u9b3c|Destiny Bond\n|\n|-weather|Sandstorm|[upkeep]\n|-damage|p2a: \u80a5\u9b3c|94\/100|[from] Sandstorm\n|upkeep\n|turn|3\n|\n|t:|1699605852\n|switch|p2a: \u80a5\u5427|Slowbro, M|100\/100\n|move|p1a: \u540e\u5907\u9690\u85cf\u80fd\u6e902|U-turn|p2a: \u80a5\u5427\n|-supereffective|p2a: \u80a5\u5427\n|-damage|p2a: \u80a5\u5427|27\/100\n|\n|t:|1699605856\n|switch|p1a: Dracozolt|Dracozolt|100\/100|[from] U-turn\n|\n|-weather|Sandstorm|[upkeep]\n|-damage|p2a: \u80a5\u5427|21\/100|[from] Sandstorm\n|-heal|p2a: \u80a5\u5427|27\/100|[from] item: Leftovers\n|upkeep\n|turn|4\n|\n|t:|1699605864\n|switch|p2a: \u80a5\u6bd4|Snorlax, F|100\/100\n|move|p1a: Dracozolt|Bolt Beak|p2a: \u80a5\u6bd4\n|-damage|p2a: \u80a5\u6bd4|15\/100\n|\n|-weather|Sandstorm|[upkeep]\n|-damage|p2a: \u80a5\u6bd4|9\/100|[from] Sandstorm\n|upkeep\n|turn|5\n|-enditem|p2a: \u80a5\u6bd4|Custap Berry|[eat]\n|-activate|p2a: \u80a5\u6bd4|item: Custap Berry|[consumed]\n|\n|t:|1699605872\n|move|p2a: \u80a5\u6bd4|Self-Destruct|p1a: Dracozolt\n|-damage|p1a: Dracozolt|0 fnt\n|faint|p2a: \u80a5\u6bd4\n|faint|p1a: Dracozolt\n|\n|-weather|Sandstorm|[upkeep]\n|upkeep\n|c|\u2606daowang|\u542f\u52a8\u540e\u5907\u9690\u85cf\u80fd\u6e90\u662f\u5427\n|\n|t:|1699605897\n|switch|p1a: \u540e\u5907\u9690\u85cf\u80fd\u6e902|Landorus-Therian, M|100\/100\n|switch|p2a: \u80a5\u5427|Slowbro, M|61\/100\n|-ability|p1a: \u540e\u5907\u9690\u85cf\u80fd\u6e902|Intimidate|boost\n|-unboost|p2a: \u80a5\u5427|atk|1\n|turn|6\n|\n|t:|1699605904\n|-terastallize|p2a: \u80a5\u5427|Steel\n|move|p1a: \u540e\u5907\u9690\u85cf\u80fd\u6e902|U-turn|p2a: \u80a5\u5427\n|-resisted|p2a: \u80a5\u5427\n|-damage|p2a: \u80a5\u5427|45\/100\n|\n|t:|1699605912\n|switch|p1a: Empoleon|Empoleon, F|100\/100|[from] U-turn\n|move|p2a: \u80a5\u5427|Scald|p1a: Empoleon\n|-resisted|p1a: Empoleon\n|-damage|p1a: Empoleon|85\/100\n|\n|-weather|Sandstorm|[upkeep]\n|-heal|p1a: Empoleon|91\/100|[from] item: Leftovers\n|-heal|p2a: \u80a5\u5427|51\/100|[from] item: Leftovers\n|upkeep\n|turn|7\n|\n|t:|1699605923\n|move|p1a: Empoleon|Scald|p2a: \u80a5\u5427\n|-damage|p2a: \u80a5\u5427|27\/100\n|move|p2a: \u80a5\u5427|Future Sight|p1a: Empoleon\n|-start|p2a: \u80a5\u5427|move: Future Sight\n|\n|-weather|Sandstorm|[upkeep]\n|-heal|p1a: Empoleon|98\/100|[from] item: Leftovers\n|-heal|p2a: \u80a5\u5427|33\/100|[from] item: Leftovers\n|upkeep\n|turn|8\n|\n|t:|1699605931\n|move|p2a: \u80a5\u5427|Protect|p2a: \u80a5\u5427\n|-singleturn|p2a: \u80a5\u5427|Protect\n|move|p1a: Empoleon|Scald|p2a: \u80a5\u5427\n|-activate|p2a: \u80a5\u5427|move: Protect\n|\n|-weather|Sandstorm|[upkeep]\n|-heal|p1a: Empoleon|100\/100|[from] item: Leftovers\n|-heal|p2a: \u80a5\u5427|39\/100|[from] item: Leftovers\n|upkeep\n|turn|9\n|\n|t:|1699605942\n|switch|p2a: \u80a5\u73ed|Tyranitar, M|100\/100\n|move|p1a: Empoleon|Scald|p2a: \u80a5\u73ed\n|-supereffective|p2a: \u80a5\u73ed\n|-damage|p2a: \u80a5\u73ed|63\/100\n|-status|p2a: \u80a5\u73ed|brn\n|\n|-weather|none\n|-end|p1a: Empoleon|move: Future Sight\n|-resisted|p1a: Empoleon\n|-damage|p1a: Empoleon|79\/100\n|-heal|p1a: Empoleon|85\/100|[from] item: Leftovers\n|-damage|p2a: \u80a5\u73ed|57\/100 brn|[from] brn\n|upkeep\n|turn|10\n|\n|t:|1699605953\n|detailschange|p2a: \u80a5\u73ed|Tyranitar-Mega, M\n|-mega|p2a: \u80a5\u73ed|Tyranitar|Tyranitarite\n|-weather|Sandstorm|[from] ability: Sand Stream|[of] p2a: \u80a5\u73ed\n|move|p2a: \u80a5\u73ed|Earthquake|p1a: Empoleon\n|-supereffective|p1a: Empoleon\n|-damage|p1a: Empoleon|54\/100\n|move|p1a: Empoleon|Scald|p2a: \u80a5\u73ed\n|-supereffective|p2a: \u80a5\u73ed\n|-damage|p2a: \u80a5\u73ed|27\/100 brn\n|\n|-weather|Sandstorm|[upkeep]\n|-heal|p1a: Empoleon|60\/100|[from] item: Leftovers\n|-damage|p2a: \u80a5\u73ed|21\/100 brn|[from] brn\n|upkeep\n|turn|11\n|\n|t:|1699605963\n|move|p2a: \u80a5\u73ed|Thunder Punch|p1a: Empoleon\n|-supereffective|p1a: Empoleon\n|-damage|p1a: Empoleon|39\/100\n|move|p1a: Empoleon|Roost|p1a: Empoleon\n|-heal|p1a: Empoleon|89\/100\n|-singleturn|p1a: Empoleon|move: Roost\n|\n|-weather|Sandstorm|[upkeep]\n|-heal|p1a: Empoleon|95\/100|[from] item: Leftovers\n|-damage|p2a: \u80a5\u73ed|15\/100 brn|[from] brn\n|upkeep\n|turn|12\n|\n|t:|1699605968\n|move|p2a: \u80a5\u73ed|Knock Off|p1a: Empoleon\n|-damage|p1a: Empoleon|73\/100\n|-enditem|p1a: Empoleon|Leftovers|[from] move: Knock Off|[of] p2a: \u80a5\u73ed\n|move|p1a: Empoleon|Flip Turn|p2a: \u80a5\u73ed\n|-supereffective|p2a: \u80a5\u73ed\n|-damage|p2a: \u80a5\u73ed|0 fnt\n|faint|p2a: \u80a5\u73ed\n|\n|t:|1699605978\n|switch|p1a: \u770b\u6211\u7684\u540e\u5907\u9690\u85cf\u80fd\u6e90|Gigalith, F|100\/100|[from] Flip Turn\n|\n|-weather|Sandstorm|[upkeep]\n|upkeep\n|\n|t:|1699605985\n|switch|p2a: \u80a5\u5427|Slowbro, M, tera:Steel|72\/100\n|turn|13\n|\n|t:|1699605991\n|move|p2a: \u80a5\u5427|Scald|p1a: \u770b\u6211\u7684\u540e\u5907\u9690\u85cf\u80fd\u6e90\n|-supereffective|p1a: \u770b\u6211\u7684\u540e\u5907\u9690\u85cf\u80fd\u6e90\n|-damage|p1a: \u770b\u6211\u7684\u540e\u5907\u9690\u85cf\u80fd\u6e90|56\/100\n|move|p1a: \u770b\u6211\u7684\u540e\u5907\u9690\u85cf\u80fd\u6e90|Bulldoze|p2a: \u80a5\u5427\n|-supereffective|p2a: \u80a5\u5427\n|-damage|p2a: \u80a5\u5427|42\/100\n|-unboost|p2a: \u80a5\u5427|spe|1\n|\n|-weather|Sandstorm|[upkeep]\n|-heal|p2a: \u80a5\u5427|48\/100|[from] item: Leftovers\n|upkeep\n|turn|14\n|\n|t:|1699605999\n|move|p1a: \u770b\u6211\u7684\u540e\u5907\u9690\u85cf\u80fd\u6e90|Bulldoze|p2a: \u80a5\u5427\n|-supereffective|p2a: \u80a5\u5427\n|-damage|p2a: \u80a5\u5427|17\/100\n|-unboost|p2a: \u80a5\u5427|spe|1\n|move|p2a: \u80a5\u5427|Toxic|p1a: \u770b\u6211\u7684\u540e\u5907\u9690\u85cf\u80fd\u6e90\n|-status|p1a: \u770b\u6211\u7684\u540e\u5907\u9690\u85cf\u80fd\u6e90|tox\n|\n|-weather|none\n|-heal|p2a: \u80a5\u5427|23\/100|[from] item: Leftovers\n|-damage|p1a: \u770b\u6211\u7684\u540e\u5907\u9690\u85cf\u80fd\u6e90|49\/100 tox|[from] psn\n|upkeep\n|turn|15\n|\n|t:|1699606005\n|move|p2a: \u80a5\u5427|Protect|p2a: \u80a5\u5427\n|-singleturn|p2a: \u80a5\u5427|Protect\n|move|p1a: \u770b\u6211\u7684\u540e\u5907\u9690\u85cf\u80fd\u6e90|Bulldoze|p2a: \u80a5\u5427\n|-activate|p2a: \u80a5\u5427|move: Protect\n|\n|-heal|p2a: \u80a5\u5427|30\/100|[from] item: Leftovers\n|-damage|p1a: \u770b\u6211\u7684\u540e\u5907\u9690\u85cf\u80fd\u6e90|37\/100 tox|[from] psn\n|upkeep\n|turn|16\n|\n|t:|1699606014\n|switch|p1a: Empoleon|Empoleon, F|73\/100\n|switch|p2a: \u80a5\u5927|Dragonite, M|100\/100\n|\n|upkeep\n|turn|17\n|\n|t:|1699606022\n|move|p2a: \u80a5\u5927|Dragon Dance|p2a: \u80a5\u5927\n|-boost|p2a: \u80a5\u5927|atk|1\n|-boost|p2a: \u80a5\u5927|spe|1\n|move|p1a: Empoleon|Flip Turn|p2a: \u80a5\u5927\n|-resisted|p2a: \u80a5\u5927\n|-damage|p2a: \u80a5\u5927|97\/100\n|\n|t:|1699606026\n|switch|p1a: \u770b\u6211\u7684\u540e\u5907\u9690\u85cf\u80fd\u6e90|Gigalith, F|37\/100 tox|[from] Flip Turn\n|-weather|Sandstorm|[from] ability: Sand Stream|[of] p1a: \u770b\u6211\u7684\u540e\u5907\u9690\u85cf\u80fd\u6e90\n|\n|-weather|Sandstorm|[upkeep]\n|-damage|p2a: \u80a5\u5927|91\/100|[from] Sandstorm\n|-damage|p1a: \u770b\u6211\u7684\u540e\u5907\u9690\u85cf\u80fd\u6e90|31\/100 tox|[from] psn\n|upkeep\n|turn|18\n|\n|t:|1699606031\n|-terastallize|p1a: \u770b\u6211\u7684\u540e\u5907\u9690\u85cf\u80fd\u6e90|Normal\n|move|p2a: \u80a5\u5927|Extreme Speed|p1a: \u770b\u6211\u7684\u540e\u5907\u9690\u85cf\u80fd\u6e90\n|-damage|p1a: \u770b\u6211\u7684\u540e\u5907\u9690\u85cf\u80fd\u6e90|5\/100 tox\n|move|p1a: \u770b\u6211\u7684\u540e\u5907\u9690\u85cf\u80fd\u6e90|Explosion|p2a: \u80a5\u5927\n|-damage|p2a: \u80a5\u5927|0 fnt\n|faint|p1a: \u770b\u6211\u7684\u540e\u5907\u9690\u85cf\u80fd\u6e90\n|faint|p2a: \u80a5\u5927\n|\n|-weather|Sandstorm|[upkeep]\n|upkeep\n|\n|t:|1699606047\n|switch|p2a: \u80a5\u9b3c|Gengar, M|94\/100\n|switch|p1a: Aerodactyl|Aerodactyl, M|100\/100\n|-ability|p1a: Aerodactyl|Unnerve\n|turn|19\n|\n|t:|1699606060\n|detailschange|p1a: Aerodactyl|Aerodactyl-Mega, M\n|-mega|p1a: Aerodactyl|Aerodactyl|Aerodactylite\n|move|p1a: Aerodactyl|Dual Wingbeat|p2a: \u80a5\u9b3c\n|-damage|p2a: \u80a5\u9b3c|38\/100\n|-damage|p2a: \u80a5\u9b3c|0 fnt\n|faint|p2a: \u80a5\u9b3c\n|-hitcount|p2: \u80a5\u9b3c|2\n|\n|-weather|Sandstorm|[upkeep]\n|upkeep\n|\n|t:|1699606065\n|switch|p2a: \u80a5\u5427|Slowbro, M, tera:Steel|63\/100\n|turn|20\n|\n|t:|1699606071\n|move|p1a: Aerodactyl|Earthquake|p2a: \u80a5\u5427\n|-supereffective|p2a: \u80a5\u5427\n|-damage|p2a: \u80a5\u5427|0 fnt\n|faint|p2a: \u80a5\u5427\n|\n|-weather|Sandstorm|[upkeep]\n|upkeep\n|\n|t:|1699606073\n|switch|p2a: \u80a5\u86fe|Volcarona, F|100\/100\n|turn|21\n|\n|t:|1699606077\n|switch|p1a: \u540e\u5907\u9690\u85cf\u80fd\u6e902|Landorus-Therian, M|100\/100\n|-ability|p1a: \u540e\u5907\u9690\u85cf\u80fd\u6e902|Intimidate|boost\n|-unboost|p2a: \u80a5\u86fe|atk|1\n|move|p2a: \u80a5\u86fe|Air Slash|p1a: \u540e\u5907\u9690\u85cf\u80fd\u6e902\n|-damage|p1a: \u540e\u5907\u9690\u85cf\u80fd\u6e902|64\/100\n|\n|-weather|Sandstorm|[upkeep]\n|-damage|p2a: \u80a5\u86fe|94\/100|[from] Sandstorm\n|upkeep\n|turn|22\n|\n|t:|1699606089\n|move|p1a: \u540e\u5907\u9690\u85cf\u80fd\u6e902|Explosion|p2a: \u80a5\u86fe\n|-damage|p2a: \u80a5\u86fe|0 fnt\n|faint|p1a: \u540e\u5907\u9690\u85cf\u80fd\u6e902\n|faint|p2a: \u80a5\u86fe\n|\n|win|daowang\n|raw|daowang's rating: 1288 &rarr; <strong>1306<\/strong><br \/>(+18 for winning)\n|raw|sheep1's rating: 1183 &rarr; <strong>1165<\/strong><br \/>(-18 for losing)\n|l|\u2606sheep1\n|l|\u2606daowang\n","uploadtime":1699606151,"views":4,"p1id":"daowang","p2id":"sheep1","formatid":"gen9nationaldex","rating":1165,"private":0,"password":""}