{"id":"gen9nationaldex-1996358217","p1":"dagger4275","p2":"ihiahbeviae","format":"[Gen 9] National Dex","log":"|html|<div class=\"broadcast-blue\"><strong>[Gen 9] National Dex is currently suspecting Sneasler! For information on how to participate check out the <a href=\"https:\/\/www.smogon.com\/forums\/threads\/sv-national-dex-suspect-8-just-dance.3731534\/\">suspect thread<\/a>.<\/strong><\/div>\n|j|\u2606dagger4275\n|j|\u2606ihiahbeviae\n|t:|1700674423\n|gametype|singles\n|player|p1|dagger4275|fisherman-gen4|1100\n|player|p2|ihiahbeviae|hilda|1000\n|teamsize|p1|6\n|teamsize|p2|6\n|gen|9\n|tier|[Gen 9] National Dex\n|rated|\n|rule|HP Percentage Mod: HP is shown in percentages\n|rule|Endless Battle Clause: Forcing endless battles is banned\n|rule|OHKO Clause: OHKO moves are banned\n|rule|Evasion Clause: Evasion abilities, items, and moves are banned\n|rule|Evasion Abilities Clause: Evasion abilities are banned\n|rule|Evasion Items Clause: Evasion items are banned\n|rule|Evasion Moves Clause: Evasion moves are banned\n|rule|Species Clause: Limit one of each Pok\u00e9mon\n|rule|Sleep Clause Mod: Limit one foe put to sleep\n|clearpoke\n|poke|p1|Heliolisk, F|\n|poke|p1|Pelipper, M|\n|poke|p1|Beartic, M|\n|poke|p1|Jolteon, M|\n|poke|p1|Kabutops, F|\n|poke|p1|Rotom-Wash|\n|poke|p2|Swellow, F|\n|poke|p2|Umbreon, F|\n|poke|p2|Toxapex, F|\n|poke|p2|Silvally-*|\n|poke|p2|Salazzle, F|\n|poke|p2|Ferrothorn, M|\n|teampreview\n|inactive|Battle timer is ON: inactive players will automatically lose when time's up. (requested by dagger4275)\n|\n|t:|1700674447\n|start\n|switch|p1a: Rotom|Rotom-Wash|100\/100\n|switch|p2a: Salazzle|Salazzle, F|100\/100\n|turn|1\n|\n|t:|1700674454\n|switch|p2a: Ferrothorn|Ferrothorn, M|100\/100\n|move|p1a: Rotom|Trick|p2a: Ferrothorn\n|-activate|p1a: Rotom|move: Trick|[of] p2a: Ferrothorn\n|-item|p2a: Ferrothorn|Choice Scarf|[from] move: Trick\n|-item|p1a: Rotom|Rocky Helmet|[from] move: Trick\n|\n|upkeep\n|turn|2\n|\n|t:|1700674462\n|move|p1a: Rotom|Volt Switch|p2a: Ferrothorn\n|-resisted|p2a: Ferrothorn\n|-damage|p2a: Ferrothorn|89\/100\n|\n|t:|1700674470\n|switch|p1a: Beartic|Beartic, M|100\/100|[from] Volt Switch\n|move|p2a: Ferrothorn|Stealth Rock|p1a: Beartic\n|-sidestart|p1: dagger4275|move: Stealth Rock\n|\n|upkeep\n|turn|3\n|\n|t:|1700674479\n|switch|p2a: Salazzle|Salazzle, F|100\/100\n|move|p1a: Beartic|Close Combat|p2a: Salazzle\n|-resisted|p2a: Salazzle\n|-damage|p2a: Salazzle|50\/100\n|-unboost|p1a: Beartic|def|1\n|-unboost|p1a: Beartic|spd|1\n|-damage|p1a: Beartic|91\/100|[from] item: Life Orb\n|\n|upkeep\n|turn|4\n|\n|t:|1700674492\n|move|p2a: Salazzle|Toxic|p1a: Beartic\n|-status|p1a: Beartic|tox\n|move|p1a: Beartic|Liquidation|p2a: Salazzle\n|-supereffective|p2a: Salazzle\n|-damage|p2a: Salazzle|0 fnt\n|faint|p2a: Salazzle\n|-damage|p1a: Beartic|81\/100 tox|[from] item: Life Orb\n|\n|-damage|p1a: Beartic|75\/100 tox|[from] psn\n|upkeep\n|\n|t:|1700674498\n|switch|p2a: Toxapex|Toxapex, F|100\/100\n|turn|5\n|\n|t:|1700674503\n|switch|p1a: Pelipper|Pelipper, M|100\/100\n|-damage|p1a: Pelipper|76\/100|[from] Stealth Rock\n|-weather|RainDance|[from] ability: Drizzle|[of] p1a: Pelipper\n|move|p2a: Toxapex|Toxic Spikes|p1a: Pelipper\n|-sidestart|p1: dagger4275|move: Toxic Spikes\n|\n|-weather|RainDance|[upkeep]\n|upkeep\n|turn|6\n|\n|t:|1700674520\n|switch|p2a: Umbreon|Umbreon, F|100\/100\n|move|p1a: Pelipper|Defog|p2a: Umbreon\n|-unboost|p2a: Umbreon|evasion|1\n|-sideend|p1: dagger4275|Toxic Spikes|[from] move: Defog|[of] p1a: Pelipper\n|-sideend|p1: dagger4275|Stealth Rock|[from] move: Defog|[of] p1a: Pelipper\n|\n|-weather|RainDance|[upkeep]\n|upkeep\n|turn|7\n|\n|t:|1700674525\n|move|p1a: Pelipper|U-turn|p2a: Umbreon\n|-supereffective|p2a: Umbreon\n|-damage|p2a: Umbreon|89\/100\n|c|\u2606ihiahbeviae|bruh\n|\n|t:|1700674536\n|switch|p1a: Beartic|Beartic, M|75\/100 tox|[from] U-turn\n|move|p2a: Umbreon|Toxic|p1a: Beartic\n|-fail|p1a: Beartic|tox\n|\n|-weather|RainDance|[upkeep]\n|-heal|p2a: Umbreon|95\/100|[from] item: Leftovers\n|-damage|p1a: Beartic|68\/100 tox|[from] psn\n|upkeep\n|turn|8\n|\n|t:|1700674542\n|move|p1a: Beartic|Earthquake|p2a: Umbreon\n|-damage|p2a: Umbreon|67\/100\n|-damage|p1a: Beartic|59\/100 tox|[from] item: Life Orb\n|move|p2a: Umbreon|Substitute|p2a: Umbreon\n|-start|p2a: Umbreon|Substitute\n|-damage|p2a: Umbreon|42\/100\n|\n|-weather|RainDance|[upkeep]\n|-heal|p2a: Umbreon|48\/100|[from] item: Leftovers\n|-damage|p1a: Beartic|46\/100 tox|[from] psn\n|upkeep\n|turn|9\n|\n|t:|1700674547\n|move|p2a: Umbreon|Protect|p2a: Umbreon\n|-singleturn|p2a: Umbreon|Protect\n|move|p1a: Beartic|Icicle Crash|p2a: Umbreon\n|-activate|p2a: Umbreon|move: Protect\n|\n|-weather|RainDance|[upkeep]\n|-heal|p2a: Umbreon|54\/100|[from] item: Leftovers\n|-damage|p1a: Beartic|28\/100 tox|[from] psn\n|upkeep\n|turn|10\n|\n|t:|1700674561\n|move|p1a: Beartic|Liquidation|p2a: Umbreon\n|-end|p2a: Umbreon|Substitute\n|-damage|p1a: Beartic|18\/100 tox|[from] item: Life Orb\n|move|p2a: Umbreon|Substitute|p2a: Umbreon\n|-start|p2a: Umbreon|Substitute\n|-damage|p2a: Umbreon|29\/100\n|\n|-weather|RainDance|[upkeep]\n|-heal|p2a: Umbreon|36\/100|[from] item: Leftovers\n|-damage|p1a: Beartic|0 fnt|[from] psn\n|faint|p1a: Beartic\n|upkeep\n|\n|t:|1700674581\n|switch|p1a: Heliolisk|Heliolisk, F|100\/100\n|turn|11\n|\n|t:|1700674585\n|move|p1a: Heliolisk|Hyper Voice|p2a: Umbreon\n|-damage|p2a: Umbreon|0 fnt\n|faint|p2a: Umbreon\n|-damage|p1a: Heliolisk|91\/100|[from] item: Life Orb\n|\n|-weather|RainDance|[upkeep]\n|-heal|p1a: Heliolisk|100\/100|[from] ability: Dry Skin\n|upkeep\n|c|\u2606ihiahbeviae|!dt heliolisk\n|raw|<div class=\"message\"><ul class=\"utilichart\"><li class=\"result\"><span class=\"col numcol\">RU<\/span> <span class=\"col iconcol\"><psicon pokemon=\"heliolisk\"\/><\/span> <span class=\"col pokemonnamecol\" style=\"white-space:nowrap\"><a href=\"https:\/\/dex.pokemonshowdown.com\/pokemon\/heliolisk\" target=\"_blank\">Heliolisk<\/a><\/span> <span class=\"col typecol\"><img src=\"https:\/\/play.pokemonshowdown.com\/sprites\/types\/Electric.png\" alt=\"Electric\" height=\"14\" width=\"32\"><img src=\"https:\/\/play.pokemonshowdown.com\/sprites\/types\/Normal.png\" alt=\"Normal\" height=\"14\" width=\"32\"><\/span> <span style=\"float:left;min-height:26px\"><span class=\"col twoabilitycol\">Dry Skin<br \/>Sand Veil<\/span><span class=\"col abilitycol\"><em>Solar Power<\/em><\/span><\/span><span style=\"float:left;min-height:26px\"><span class=\"col statcol\"><em>HP<\/em><br \/>62<\/span> <span class=\"col statcol\"><em>Atk<\/em><br \/>55<\/span> <span class=\"col statcol\"><em>Def<\/em><br \/>52<\/span> <span class=\"col statcol\"><em>SpA<\/em><br \/>109<\/span> <span class=\"col statcol\"><em>SpD<\/em><br \/>94<\/span> <span class=\"col statcol\"><em>Spe<\/em><br \/>109<\/span> <span class=\"col bstcol\"><em>BST<br \/>481<\/em><\/span> <\/span><\/li><li style=\"clear:both\"><\/li><\/ul><\/div>\n|raw|<font size=\"1\"><font color=\"#686868\">Dex#:<\/font> 695&nbsp;|&ThickSpace;<font color=\"#686868\">Gen:<\/font> 6&nbsp;|&ThickSpace;<font color=\"#686868\">Height:<\/font> 1 m&nbsp;|&ThickSpace;<font color=\"#686868\">Weight:<\/font> 21 kg <em>(40 BP)<\/em>&nbsp;|&ThickSpace;<font color=\"#686868\">Dex Colour:<\/font> Yellow&nbsp;|&ThickSpace;<font color=\"#686868\">Egg Group(s):<\/font> Monster, Dragon&nbsp;|&ThickSpace;<font color=\"#686868\">Pre-Evolution:<\/font> Helioptile&nbsp;|&ThickSpace;<font color=\"#686868\">Does Not Evolve<\/font><\/font>\n\n|\n|t:|1700674605\n|switch|p2a: Silvally|Silvally-Fairy|100\/100\n|turn|12\n|\n|t:|1700674614\n|move|p1a: Heliolisk|Thunder|p2a: Silvally\n|-damage|p2a: Silvally|29\/100\n|-damage|p1a: Heliolisk|91\/100|[from] item: Life Orb\n|move|p2a: Silvally|Multi-Attack|p1a: Heliolisk\n|-damage|p1a: Heliolisk|0 fnt\n|faint|p1a: Heliolisk\n|\n|-weather|none\n|upkeep\n|\n|t:|1700674619\n|switch|p1a: Rotom|Rotom-Wash|100\/100\n|turn|13\n|\n|t:|1700674628\n|move|p2a: Silvally|Multi-Attack|p1a: Rotom\n|-damage|p1a: Rotom|33\/100\n|-damage|p2a: Silvally|12\/100|[from] item: Rocky Helmet|[of] p1a: Rotom\n|move|p1a: Rotom|Volt Switch|p2a: Silvally\n|-damage|p2a: Silvally|0 fnt\n|faint|p2a: Silvally\n|\n|t:|1700674632\n|switch|p1a: Pelipper|Pelipper, M|76\/100|[from] Volt Switch\n|-weather|RainDance|[from] ability: Drizzle|[of] p1a: Pelipper\n|\n|-weather|RainDance|[upkeep]\n|upkeep\n|\n|t:|1700674643\n|switch|p2a: Ferrothorn|Ferrothorn, M|89\/100\n|turn|14\n|\n|t:|1700674650\n|move|p1a: Pelipper|Hurricane|p2a: Ferrothorn\n|-damage|p2a: Ferrothorn|65\/100\n|-start|p2a: Ferrothorn|confusion\n|-activate|p2a: Ferrothorn|confusion\n|-damage|p2a: Ferrothorn|60\/100|[from] confusion\n|\n|-weather|RainDance|[upkeep]\n|upkeep\n|turn|15\n|\n|t:|1700674656\n|move|p1a: Pelipper|Hurricane|p2a: Ferrothorn\n|-damage|p2a: Ferrothorn|33\/100\n|-end|p2a: Ferrothorn|confusion\n|move|p2a: Ferrothorn|Leech Seed|p1a: Pelipper\n|-start|p1a: Pelipper|move: Leech Seed\n|\n|-weather|RainDance|[upkeep]\n|-damage|p1a: Pelipper|63\/100|[from] Leech Seed|[of] p2a: Ferrothorn\n|-heal|p2a: Ferrothorn|44\/100|[silent]\n|upkeep\n|turn|16\n|\n|t:|1700674664\n|switch|p2a: Toxapex|Toxapex, F|100\/100\n|move|p1a: Pelipper|Hurricane|p2a: Toxapex\n|-damage|p2a: Toxapex|73\/100\n|\n|-weather|RainDance|[upkeep]\n|-heal|p2a: Toxapex|79\/100|[from] item: Black Sludge\n|-damage|p1a: Pelipper|51\/100|[from] Leech Seed|[of] p2a: Toxapex\n|-heal|p2a: Toxapex|92\/100|[silent]\n|upkeep\n|turn|17\n|\n|t:|1700674670\n|move|p1a: Pelipper|Roost|p1a: Pelipper\n|-heal|p1a: Pelipper|100\/100\n|-singleturn|p1a: Pelipper|move: Roost\n|move|p2a: Toxapex|Toxic Spikes|p1a: Pelipper\n|-sidestart|p1: dagger4275|move: Toxic Spikes\n|\n|-weather|RainDance|[upkeep]\n|-heal|p2a: Toxapex|99\/100|[from] item: Black Sludge\n|-damage|p1a: Pelipper|88\/100|[from] Leech Seed|[of] p2a: Toxapex\n|-heal|p2a: Toxapex|100\/100|[silent]\n|upkeep\n|turn|18\n|\n|t:|1700674687\n|switch|p2a: Swellow|Swellow, F|100\/100\n|move|p1a: Pelipper|Hurricane|p2a: Swellow\n|-damage|p2a: Swellow|23\/100\n|-start|p2a: Swellow|confusion\n|\n|-weather|RainDance|[upkeep]\n|-damage|p1a: Pelipper|76\/100|[from] Leech Seed|[of] p2a: Swellow\n|-heal|p2a: Swellow|39\/100|[silent]\n|-status|p2a: Swellow|brn|[from] item: Flame Orb\n|upkeep\n|turn|19\n|\n|t:|1700674699\n|-activate|p2a: Swellow|confusion\n|-damage|p2a: Swellow|17\/100 brn|[from] confusion\n|move|p1a: Pelipper|Hurricane|p2a: Swellow\n|-damage|p2a: Swellow|0 fnt\n|faint|p2a: Swellow\n|\n|-weather|RainDance|[upkeep]\n|upkeep\n|n|!ihiahbeviae|ihiahbeviae\n|inactive|ihiahbeviae has 120 seconds left.\n|inactive|ihiahbeviae has 90 seconds left.\n|\n|t:|1700674754\n|switch|p2a: Toxapex|Toxapex, F|100\/100\n|turn|20\n|\n|t:|1700674759\n|move|p1a: Pelipper|Defog|p2a: Toxapex\n|-unboost|p2a: Toxapex|evasion|1\n|-sideend|p1: dagger4275|Toxic Spikes|[from] move: Defog|[of] p1a: Pelipper\n|move|p2a: Toxapex|Toxic Spikes|p1a: Pelipper\n|-sidestart|p1: dagger4275|move: Toxic Spikes\n|\n|-weather|none\n|-damage|p1a: Pelipper|63\/100|[from] Leech Seed|[of] p2a: Toxapex\n|upkeep\n|turn|21\n|\n|t:|1700674765\n|move|p1a: Pelipper|Roost|p1a: Pelipper\n|-heal|p1a: Pelipper|100\/100\n|-singleturn|p1a: Pelipper|move: Roost\n|move|p2a: Toxapex|Toxic Spikes|p1a: Pelipper\n|-sidestart|p1: dagger4275|move: Toxic Spikes\n|\n|-damage|p1a: Pelipper|88\/100|[from] Leech Seed|[of] p2a: Toxapex\n|upkeep\n|turn|22\n|\n|t:|1700674773\n|move|p1a: Pelipper|Hurricane|p2a: Toxapex\n|-damage|p2a: Toxapex|73\/100\n|move|p2a: Toxapex|Toxic Spikes||[still]\n|-fail|p2a: Toxapex\n|\n|-heal|p2a: Toxapex|79\/100|[from] item: Black Sludge\n|-damage|p1a: Pelipper|76\/100|[from] Leech Seed|[of] p2a: Toxapex\n|-heal|p2a: Toxapex|92\/100|[silent]\n|upkeep\n|turn|23\n|\n|t:|1700674777\n|move|p1a: Pelipper|Hurricane|p2a: Toxapex\n|-damage|p2a: Toxapex|63\/100\n|-start|p2a: Toxapex|confusion\n|-activate|p2a: Toxapex|confusion\n|-damage|p2a: Toxapex|60\/100|[from] confusion\n|\n|-heal|p2a: Toxapex|66\/100|[from] item: Black Sludge\n|-damage|p1a: Pelipper|63\/100|[from] Leech Seed|[of] p2a: Toxapex\n|-heal|p2a: Toxapex|79\/100|[silent]\n|upkeep\n|turn|24\n|inactive|ihiahbeviae has 120 seconds left.\n|\n|t:|1700674784\n|move|p1a: Pelipper|Roost|p1a: Pelipper\n|-heal|p1a: Pelipper|100\/100\n|-singleturn|p1a: Pelipper|move: Roost\n|-activate|p2a: Toxapex|confusion\n|-damage|p2a: Toxapex|75\/100|[from] confusion\n|\n|-heal|p2a: Toxapex|82\/100|[from] item: Black Sludge\n|-damage|p1a: Pelipper|88\/100|[from] Leech Seed|[of] p2a: Toxapex\n|-heal|p2a: Toxapex|95\/100|[silent]\n|upkeep\n|turn|25\n|\n|t:|1700674791\n|switch|p2a: Ferrothorn|Ferrothorn, M|44\/100\n|move|p1a: Pelipper|Defog|p2a: Ferrothorn\n|-unboost|p2a: Ferrothorn|evasion|1\n|-sideend|p1: dagger4275|Toxic Spikes|[from] move: Defog|[of] p1a: Pelipper\n|\n|-damage|p1a: Pelipper|76\/100|[from] Leech Seed|[of] p2a: Ferrothorn\n|-heal|p2a: Ferrothorn|56\/100|[silent]\n|upkeep\n|turn|26\n|\n|t:|1700674800\n|move|p2a: Ferrothorn|Protect|p2a: Ferrothorn\n|-singleturn|p2a: Ferrothorn|Protect\n|move|p1a: Pelipper|U-turn|p2a: Ferrothorn\n|-activate|p2a: Ferrothorn|move: Protect\n|\n|-damage|p1a: Pelipper|63\/100|[from] Leech Seed|[of] p2a: Ferrothorn\n|-heal|p2a: Ferrothorn|67\/100|[silent]\n|upkeep\n|turn|27\n|\n|t:|1700674809\n|switch|p2a: Toxapex|Toxapex, F|95\/100\n|move|p1a: Pelipper|U-turn|p2a: Toxapex\n|-resisted|p2a: Toxapex\n|-damage|p2a: Toxapex|92\/100\n|\n|t:|1700674812\n|switch|p1a: Rotom|Rotom-Wash|33\/100|[from] U-turn\n|\n|-heal|p2a: Toxapex|98\/100|[from] item: Black Sludge\n|upkeep\n|turn|28\n|\n|t:|1700674820\n|move|p1a: Rotom|Thunder|p2a: Toxapex\n|-supereffective|p2a: Toxapex\n|-damage|p2a: Toxapex|19\/100\n|move|p2a: Toxapex|Venoshock|p1a: Rotom\n|-damage|p1a: Rotom|16\/100\n|\n|-heal|p2a: Toxapex|25\/100|[from] item: Black Sludge\n|upkeep\n|turn|29\n|\n|t:|1700674825\n|move|p2a: Toxapex|Protect|p2a: Toxapex\n|-singleturn|p2a: Toxapex|Protect\n|move|p1a: Rotom|Thunder|p2a: Toxapex\n|-activate|p2a: Toxapex|move: Protect\n|\n|-heal|p2a: Toxapex|32\/100|[from] item: Black Sludge\n|upkeep\n|turn|30\n|\n|t:|1700674831\n|-terastallize|p2a: Toxapex|Poison\n|move|p1a: Rotom|Thunder|p2a: Toxapex\n|-damage|p2a: Toxapex|0 fnt\n|faint|p2a: Toxapex\n|\n|upkeep\n|\n|t:|1700674835\n|switch|p2a: Ferrothorn|Ferrothorn, M|67\/100\n|turn|31\n|\n|t:|1700674842\n|move|p1a: Rotom|Thunder|p2a: Ferrothorn|[miss]\n|-miss|p1a: Rotom|p2a: Ferrothorn\n|move|p2a: Ferrothorn|Grass Knot|p1a: Rotom\n|-supereffective|p1a: Rotom\n|-damage|p1a: Rotom|5\/100\n|-damage|p2a: Ferrothorn|50\/100|[from] item: Rocky Helmet|[of] p1a: Rotom\n|\n|upkeep\n|turn|32\n|\n|t:|1700674849\n|move|p1a: Rotom|Thunder|p2a: Ferrothorn\n|-resisted|p2a: Ferrothorn\n|-damage|p2a: Ferrothorn|30\/100\n|move|p2a: Ferrothorn|Grass Knot|p1a: Rotom\n|-supereffective|p1a: Rotom\n|-damage|p1a: Rotom|0 fnt\n|-damage|p2a: Ferrothorn|14\/100|[from] item: Rocky Helmet|[of] p1a: Rotom\n|faint|p1a: Rotom\n|\n|upkeep\n|-message|ihiahbeviae forfeited.\n|\n|win|dagger4275\n|raw|dagger4275's rating: 1100 &rarr; <strong>1118<\/strong><br \/>(+18 for winning)\n|raw|ihiahbeviae's rating: 1000 &rarr; <strong>1000<\/strong><br \/>(+0 for losing)\n","uploadtime":1700674711,"views":1,"p1id":"dagger4275","p2id":"ihiahbeviae","formatid":"gen9nationaldex","rating":1000,"private":0,"password":""}