{"id":"gen9nationaldex-1992975735","p1":"PyroGaleZX","p2":"Jam20Jam","format":"[Gen 9] National Dex","log":"|j|\u2606PyroGaleZX\n|j|\u2606Jam20Jam\n|t:|1700251909\n|gametype|singles\n|player|p1|PyroGaleZX|grusha|\n|player|p2|Jam20Jam|carmine|\n|teamsize|p1|6\n|teamsize|p2|6\n|gen|9\n|tier|[Gen 9] National Dex\n|rule|HP Percentage Mod: HP is shown in percentages\n|rule|Endless Battle Clause: Forcing endless battles is banned\n|rule|OHKO Clause: OHKO moves are banned\n|rule|Evasion Clause: Evasion abilities, items, and moves are banned\n|rule|Evasion Abilities Clause: Evasion abilities are banned\n|rule|Evasion Items Clause: Evasion items are banned\n|rule|Evasion Moves Clause: Evasion moves are banned\n|rule|Species Clause: Limit one of each Pok\u00e9mon\n|rule|Sleep Clause Mod: Limit one foe put to sleep\n|clearpoke\n|poke|p1|Enamorus-Therian, F|\n|poke|p1|Arcanine, F|\n|poke|p1|Spiritomb, M|\n|poke|p1|Pawmo, M|\n|poke|p1|Articuno-Galar|\n|poke|p1|Dragonite, M|\n|poke|p2|Skeledirge, F|\n|poke|p2|Grimer-Alola, F|\n|poke|p2|Coalossal, M|\n|poke|p2|Veluza, F|\n|poke|p2|Cetitan, F|\n|poke|p2|Great Tusk|\n|teampreview\n|\n|t:|1700251929\n|start\n|switch|p1a: Articuno|Articuno-Galar|100\/100\n|switch|p2a: Grimer|Grimer-Alola, F|100\/100\n|turn|1\n|\n|t:|1700251943\n|switch|p1a: Enamorus|Enamorus-Therian, F|100\/100\n|move|p2a: Grimer|Knock Off|p1a: Enamorus\n|-resisted|p1a: Enamorus\n|-damage|p1a: Enamorus|88\/100\n|-enditem|p1a: Enamorus|Big Root|[from] move: Knock Off|[of] p2a: Grimer\n|\n|upkeep\n|turn|2\n|\n|t:|1700251958\n|move|p1a: Enamorus|Iron Defense|p1a: Enamorus\n|-boost|p1a: Enamorus|def|2\n|move|p2a: Grimer|Toxic|p1a: Enamorus\n|-status|p1a: Enamorus|tox\n|\n|-damage|p1a: Enamorus|82\/100 tox|[from] psn\n|upkeep\n|turn|3\n|j| HeirEhm\n|\n|t:|1700251971\n|move|p1a: Enamorus|Earth Power|p2a: Grimer\n|-supereffective|p2a: Grimer\n|-damage|p2a: Grimer|49\/100\n|move|p2a: Grimer|Disable|p1a: Enamorus\n|-start|p1a: Enamorus|Disable|Earth Power\n|\n|-damage|p1a: Enamorus|70\/100 tox|[from] psn\n|upkeep\n|turn|4\n|\n|t:|1700251985\n|switch|p2a: Skeledirge|Skeledirge, F|100\/100\n|move|p1a: Enamorus|Draining Kiss|p2a: Skeledirge\n|-resisted|p2a: Skeledirge\n|-damage|p2a: Skeledirge|90\/100\n|-heal|p1a: Enamorus|79\/100 tox|[from] drain|[of] p2a: Skeledirge\n|\n|-heal|p2a: Skeledirge|96\/100|[from] item: Leftovers\n|-damage|p1a: Enamorus|61\/100 tox|[from] psn\n|upkeep\n|turn|5\n|\n|t:|1700252003\n|move|p2a: Skeledirge|Torch Song|p1a: Enamorus\n|-damage|p1a: Enamorus|37\/100 tox\n|-boost|p2a: Skeledirge|spa|1\n|move|p1a: Enamorus|Draining Kiss|p2a: Skeledirge\n|-resisted|p2a: Skeledirge\n|-damage|p2a: Skeledirge|86\/100\n|-heal|p1a: Enamorus|46\/100 tox|[from] drain|[of] p2a: Skeledirge\n|\n|-heal|p2a: Skeledirge|92\/100|[from] item: Leftovers\n|-damage|p1a: Enamorus|22\/100 tox|[from] psn\n|upkeep\n|turn|6\n|\n|t:|1700252015\n|move|p2a: Skeledirge|Torch Song|p1a: Enamorus\n|-damage|p1a: Enamorus|0 fnt\n|-boost|p2a: Skeledirge|spa|1\n|faint|p1a: Enamorus\n|\n|-heal|p2a: Skeledirge|98\/100|[from] item: Leftovers\n|upkeep\n|\n|t:|1700252018\n|switch|p1a: Arcanine|Arcanine, F|100\/100\n|-ability|p1a: Arcanine|Intimidate|boost\n|-unboost|p2a: Skeledirge|atk|1\n|turn|7\n|\n|t:|1700252033\n|move|p2a: Skeledirge|Torch Song|p1a: Arcanine\n|-resisted|p1a: Arcanine\n|-damage|p1a: Arcanine|68\/100\n|-boost|p2a: Skeledirge|spa|1\n|move|p1a: Arcanine|Roar|p2a: Skeledirge\n|drag|p2a: I BELIVE|Cetitan, F|100\/100\n|\n|upkeep\n|turn|8\n|\n|t:|1700252044\n|switch|p2a: SpanishInquisition|Coalossal, M|100\/100\n|move|p1a: Arcanine|Flare Blitz|p2a: SpanishInquisition\n|-resisted|p2a: SpanishInquisition\n|-damage|p2a: SpanishInquisition|91\/100\n|-damage|p1a: Arcanine|64\/100|[from] Recoil\n|\n|upkeep\n|turn|9\n|\n|t:|1700252055\n|switch|p1a: Spiritomb|Spiritomb, M, shiny|100\/100\n|-ability|p1a: Spiritomb|Pressure\n|move|p2a: SpanishInquisition|Stone Edge|p1a: Spiritomb\n|-damage|p1a: Spiritomb|58\/100\n|\n|upkeep\n|turn|10\n|\n|t:|1700252071\n|switch|p1a: Pawmo|Pawmo, M|100\/100\n|move|p2a: SpanishInquisition|Heat Crash|p1a: Pawmo\n|-damage|p1a: Pawmo|24\/100\n|\n|upkeep\n|turn|11\n|\n|t:|1700252086\n|move|p1a: Pawmo|Knock Off|p2a: SpanishInquisition\n|-damage|p2a: SpanishInquisition|78\/100\n|-enditem|p2a: SpanishInquisition|Assault Vest|[from] move: Knock Off|[of] p1a: Pawmo\n|move|p2a: SpanishInquisition|Stone Edge|p1a: Pawmo|[miss]\n|-miss|p2a: SpanishInquisition|p1a: Pawmo\n|\n|upkeep\n|turn|12\n|\n|t:|1700252096\n|move|p1a: Pawmo|Wish|p1a: Pawmo\n|move|p2a: SpanishInquisition|Gyro Ball|p1a: Pawmo\n|-resisted|p1a: Pawmo\n|-damage|p1a: Pawmo|5\/100\n|\n|upkeep\n|turn|13\n|\n|t:|1700252103\n|move|p1a: Pawmo|Super Fang|p2a: SpanishInquisition\n|-damage|p2a: SpanishInquisition|39\/100\n|move|p2a: SpanishInquisition|Heat Crash|p1a: Pawmo\n|-damage|p1a: Pawmo|0 fnt\n|faint|p1a: Pawmo\n|\n|upkeep\n|\n|t:|1700252109\n|switch|p1a: Dragonite|Dragonite, M|100\/100\n|turn|14\n|\n|t:|1700252135\n|-terastallize|p1a: Dragonite|Normal\n|move|p1a: Dragonite|Dragon Dance|p1a: Dragonite\n|-boost|p1a: Dragonite|atk|1\n|-boost|p1a: Dragonite|spe|1\n|move|p2a: SpanishInquisition|Gyro Ball|p1a: Dragonite\n|-damage|p1a: Dragonite|79\/100\n|\n|upkeep\n|turn|15\n|\n|t:|1700252175\n|move|p1a: Dragonite|Scale Shot|p2a: SpanishInquisition\n|-damage|p2a: SpanishInquisition|24\/100\n|-damage|p2a: SpanishInquisition|8\/100\n|-damage|p2a: SpanishInquisition|0 fnt\n|faint|p2a: SpanishInquisition\n|-hitcount|p2: SpanishInquisition|3\n|-unboost|p1a: Dragonite|def|1\n|-boost|p1a: Dragonite|spe|1\n|\n|upkeep\n|\n|t:|1700252194\n|switch|p2a: Great Tusk|Great Tusk|100\/100\n|-enditem|p2a: Great Tusk|Booster Energy\n|-activate|p2a: Great Tusk|ability: Protosynthesis|[fromitem]\n|-start|p2a: Great Tusk|protosynthesisatk\n|turn|16\n|\n|t:|1700252241\n|switch|p1a: Spiritomb|Spiritomb, M, shiny|58\/100\n|-ability|p1a: Spiritomb|Pressure\n|move|p2a: Great Tusk|Close Combat|p1a: Spiritomb\n|-immune|p1a: Spiritomb\n|\n|upkeep\n|turn|17\n|\n|t:|1700252257\n|move|p2a: Great Tusk|Ice Spinner|p1a: Spiritomb\n|-damage|p1a: Spiritomb|22\/100\n|-damage|p2a: Great Tusk|84\/100|[from] item: Rocky Helmet|[of] p1a: Spiritomb\n|move|p1a: Spiritomb|Calm Mind|p1a: Spiritomb\n|-boost|p1a: Spiritomb|spa|1\n|-boost|p1a: Spiritomb|spd|1\n|\n|upkeep\n|turn|18\n|\n|t:|1700252266\n|move|p2a: Great Tusk|Rapid Spin|p1a: Spiritomb\n|-immune|p1a: Spiritomb\n|move|p1a: Spiritomb|Stored Power|p2a: Great Tusk\n|-supereffective|p2a: Great Tusk\n|-damage|p2a: Great Tusk|25\/100\n|\n|upkeep\n|turn|19\n|\n|t:|1700252277\n|move|p2a: Great Tusk|Ice Spinner|p1a: Spiritomb\n|-damage|p1a: Spiritomb|0 fnt\n|-damage|p2a: Great Tusk|9\/100|[from] item: Rocky Helmet|[of] p1a: Spiritomb\n|faint|p1a: Spiritomb\n|\n|upkeep\n|\n|t:|1700252289\n|switch|p1a: Articuno|Articuno-Galar|100\/100\n|turn|20\n|\n|t:|1700252302\n|-end|p2a: Great Tusk|Protosynthesis|[silent]\n|switch|p2a: Grimer|Grimer-Alola, F|49\/100\n|move|p1a: Articuno|Stored Power|p2a: Grimer\n|-immune|p2a: Grimer\n|\n|upkeep\n|turn|21\n|\n|t:|1700252311\n|switch|p1a: Arcanine|Arcanine, F|64\/100\n|-ability|p1a: Arcanine|Intimidate|boost\n|-unboost|p2a: Grimer|atk|1\n|move|p2a: Grimer|Knock Off|p1a: Arcanine\n|-damage|p1a: Arcanine|35\/100\n|-enditem|p1a: Arcanine|Heavy-Duty Boots|[from] move: Knock Off|[of] p2a: Grimer\n|\n|upkeep\n|turn|22\n|\n|t:|1700252328\n|move|p1a: Arcanine|Flare Blitz|p2a: Grimer\n|-damage|p2a: Grimer|0 fnt\n|faint|p2a: Grimer\n|-damage|p1a: Arcanine|17\/100|[from] Recoil\n|\n|upkeep\n|\n|t:|1700252334\n|switch|p2a: Veluza|Veluza, F|100\/100\n|-ability|p2a: Veluza|Mold Breaker\n|turn|23\n|\n|t:|1700252342\n|move|p1a: Arcanine|Flare Blitz|p2a: Veluza\n|-resisted|p2a: Veluza\n|-damage|p2a: Veluza|65\/100\n|-damage|p1a: Arcanine|5\/100|[from] Recoil\n|move|p2a: Veluza|Snowscape|p2a: Veluza\n|-weather|Snow\n|\n|-weather|Snow|[upkeep]\n|upkeep\n|turn|24\n|\n|t:|1700252358\n|move|p1a: Arcanine|Morning Sun|p1a: Arcanine\n|-heal|p1a: Arcanine|30\/100\n|move|p2a: Veluza|Flip Turn|p1a: Arcanine\n|-supereffective|p1a: Arcanine\n|-damage|p1a: Arcanine|0 fnt\n|faint|p1a: Arcanine\n|\n|t:|1700252365\n|switch|p2a: I BELIVE|Cetitan, F|100\/100|[from] Flip Turn\n|\n|-weather|Snow|[upkeep]\n|upkeep\n|\n|t:|1700252371\n|switch|p1a: Articuno|Articuno-Galar|100\/100\n|turn|25\n|\n|t:|1700252387\n|move|p2a: I BELIVE|Icicle Crash|p1a: Articuno\n|-supereffective|p1a: Articuno\n|-damage|p1a: Articuno|22\/100\n|move|p1a: Articuno|Agility|p1a: Articuno\n|-boost|p1a: Articuno|spe|2\n|\n|-weather|Snow|[upkeep]\n|-heal|p1a: Articuno|29\/100|[from] item: Leftovers\n|upkeep\n|turn|26\n|\n|t:|1700252399\n|move|p2a: I BELIVE|Ice Shard|p1a: Articuno\n|-supereffective|p1a: Articuno\n|-damage|p1a: Articuno|0 fnt\n|faint|p1a: Articuno\n|\n|-weather|Snow|[upkeep]\n|upkeep\n|\n|t:|1700252401\n|switch|p1a: Dragonite|Dragonite, M, tera:Normal|79\/100\n|turn|27\n|\n|t:|1700252413\n|move|p2a: I BELIVE|Icicle Crash|p1a: Dragonite\n|-damage|p1a: Dragonite|31\/100\n|move|p1a: Dragonite|Dragon Dance|p1a: Dragonite\n|-boost|p1a: Dragonite|atk|1\n|-boost|p1a: Dragonite|spe|1\n|\n|-weather|Snow|[upkeep]\n|upkeep\n|turn|28\n|\n|t:|1700252421\n|move|p2a: I BELIVE|Ice Shard|p1a: Dragonite\n|-damage|p1a: Dragonite|8\/100\n|move|p1a: Dragonite|Scale Shot|p2a: I BELIVE\n|-damage|p2a: I BELIVE|88\/100\n|-damage|p2a: I BELIVE|76\/100\n|-damage|p2a: I BELIVE|63\/100\n|-damage|p2a: I BELIVE|50\/100\n|-enditem|p2a: I BELIVE|Sitrus Berry|[eat]\n|-heal|p2a: I BELIVE|75\/100|[from] item: Sitrus Berry\n|-hitcount|p2a: I BELIVE|4\n|-unboost|p1a: Dragonite|def|1\n|-boost|p1a: Dragonite|spe|1\n|\n|-weather|Snow|[upkeep]\n|upkeep\n|turn|29\n|\n|t:|1700252436\n|move|p1a: Dragonite|Extreme Speed|p2a: I BELIVE\n|-damage|p2a: I BELIVE|33\/100\n|move|p2a: I BELIVE|Ice Shard|p1a: Dragonite\n|-damage|p1a: Dragonite|0 fnt\n|faint|p1a: Dragonite\n|\n|win|Jam20Jam\n","uploadtime":1700252440,"views":6,"p1id":"pyrogalezx","p2id":"jam20jam","formatid":"gen9nationaldex","rating":0,"private":0,"password":""}