{"id":"gen9nationaldex-1997974858","p1":"SrPorquet","p2":"2665xg","format":"[Gen 9] National Dex","log":"|html|<div class=\"broadcast-blue\"><strong>[Gen 9] National Dex is currently suspecting Sneasler! For information on how to participate check out the <a href=\"https:\/\/www.smogon.com\/forums\/threads\/sv-national-dex-suspect-8-just-dance.3731534\/\">suspect thread<\/a>.<\/strong><\/div>\n|j|\u203dSrPorquet\n|j|\u26062665xg\n|t:|1700874190\n|gametype|singles\n|player|p1|SrPorquet|falkner|1276\n|player|p2|2665xg|elesa-masters|1358\n|teamsize|p1|6\n|teamsize|p2|6\n|gen|9\n|tier|[Gen 9] National Dex\n|rated|\n|rule|HP Percentage Mod: HP is shown in percentages\n|rule|Endless Battle Clause: Forcing endless battles is banned\n|rule|OHKO Clause: OHKO moves are banned\n|rule|Evasion Clause: Evasion abilities, items, and moves are banned\n|rule|Evasion Abilities Clause: Evasion abilities are banned\n|rule|Evasion Items Clause: Evasion items are banned\n|rule|Evasion Moves Clause: Evasion moves are banned\n|rule|Species Clause: Limit one of each Pok\u00e9mon\n|rule|Sleep Clause Mod: Limit one foe put to sleep\n|clearpoke\n|poke|p1|Pidgeot, M|\n|poke|p1|Magmortar, M|\n|poke|p1|Raichu, F|\n|poke|p1|Clefable, M|\n|poke|p1|Vileplume, M|\n|poke|p1|Politoed, M|\n|poke|p2|Great Tusk|\n|poke|p2|Charizard, M|\n|poke|p2|Venusaur, F|\n|poke|p2|Victini|\n|poke|p2|Sableye, M|\n|poke|p2|Heatran, M|\n|teampreview\n|\n|t:|1700874226\n|start\n|switch|p1a: Pidgeot|Pidgeot, M|100\/100\n|switch|p2a: Sableye|Sableye, M|100\/100\n|turn|1\n|\n|t:|1700874235\n|detailschange|p1a: Pidgeot|Pidgeot-Mega, M\n|-mega|p1a: Pidgeot|Pidgeot|Pidgeotite\n|move|p2a: Sableye|Fake Out|p1a: Pidgeot\n|-damage|p1a: Pidgeot|91\/100\n|cant|p1a: Pidgeot|flinch\n|\n|upkeep\n|turn|2\n|\n|t:|1700874241\n|move|p2a: Sableye|Sunny Day|p2a: Sableye\n|-weather|SunnyDay\n|move|p1a: Pidgeot|Hurricane|p2a: Sableye\n|-damage|p2a: Sableye|14\/100\n|\n|-weather|SunnyDay|[upkeep]\n|upkeep\n|turn|3\n|\n|t:|1700874254\n|move|p2a: Sableye|Recover|p2a: Sableye\n|-heal|p2a: Sableye|64\/100\n|move|p1a: Pidgeot|Ominous Wind|p2a: Sableye\n|-damage|p2a: Sableye|28\/100\n|\n|-weather|SunnyDay|[upkeep]\n|upkeep\n|turn|4\n|\n|t:|1700874256\n|move|p2a: Sableye|Recover|p2a: Sableye\n|-heal|p2a: Sableye|78\/100\n|move|p1a: Pidgeot|Ominous Wind|p2a: Sableye\n|-damage|p2a: Sableye|43\/100\n|\n|-weather|SunnyDay|[upkeep]\n|upkeep\n|turn|5\n|\n|t:|1700874262\n|switch|p2a: Heatran|Heatran, M|100\/100\n|move|p1a: Pidgeot|Ominous Wind|p2a: Heatran\n|-damage|p2a: Heatran|78\/100\n|\n|-weather|SunnyDay|[upkeep]\n|upkeep\n|turn|6\n|\n|t:|1700874268\n|switch|p1a: Politoed|Politoed, M|100\/100\n|-terastallize|p2a: Heatran|Fire\n|move|p2a: Heatran|Eruption|p1a: Politoed\n|-resisted|p1a: Politoed\n|-damage|p1a: Politoed|40\/100\n|\n|-weather|none\n|-heal|p1a: Politoed|46\/100|[from] item: Leftovers\n|upkeep\n|turn|7\n|\n|t:|1700874271\n|move|p2a: Heatran|Eruption|p1a: Politoed\n|-resisted|p1a: Politoed\n|-damage|p1a: Politoed|7\/100\n|move|p1a: Politoed|Surf|p2a: Heatran\n|-supereffective|p2a: Heatran\n|-damage|p2a: Heatran|10\/100\n|\n|-heal|p1a: Politoed|13\/100|[from] item: Leftovers\n|upkeep\n|turn|8\n|\n|t:|1700874277\n|move|p2a: Heatran|Eruption|p1a: Politoed\n|-resisted|p1a: Politoed\n|-damage|p1a: Politoed|8\/100\n|move|p1a: Politoed|Ice Beam|p2a: Heatran\n|-resisted|p2a: Heatran\n|-damage|p2a: Heatran|0 fnt\n|faint|p2a: Heatran\n|\n|-heal|p1a: Politoed|14\/100|[from] item: Leftovers\n|upkeep\n|\n|t:|1700874282\n|switch|p2a: x\u55b7|Charizard, M|100\/100\n|turn|9\n|\n|t:|1700874288\n|detailschange|p2a: x\u55b7|Charizard-Mega-Y, M\n|-mega|p2a: x\u55b7|Charizard|Charizardite Y\n|-weather|SunnyDay|[from] ability: Drought|[of] p2a: x\u55b7\n|move|p2a: x\u55b7|Air Slash|p1a: Politoed\n|-damage|p1a: Politoed|0 fnt\n|faint|p1a: Politoed\n|\n|-weather|SunnyDay|[upkeep]\n|upkeep\n|\n|t:|1700874291\n|switch|p1a: Raichu|Raichu, F|100\/100\n|turn|10\n|\n|t:|1700874296\n|switch|p2a: \u6211\u4eecg9\u81ea\u5df1\u7684\u571f\u732b|Great Tusk|100\/100\n|-activate|p2a: \u6211\u4eecg9\u81ea\u5df1\u7684\u571f\u732b|ability: Protosynthesis\n|-start|p2a: \u6211\u4eecg9\u81ea\u5df1\u7684\u571f\u732b|protosynthesisatk\n|move|p1a: Raichu|Play Rough|p2a: \u6211\u4eecg9\u81ea\u5df1\u7684\u571f\u732b\n|-supereffective|p2a: \u6211\u4eecg9\u81ea\u5df1\u7684\u571f\u732b\n|-crit|p2a: \u6211\u4eecg9\u81ea\u5df1\u7684\u571f\u732b\n|-damage|p2a: \u6211\u4eecg9\u81ea\u5df1\u7684\u571f\u732b|37\/100\n|-damage|p1a: Raichu|91\/100|[from] item: Life Orb\n|\n|-weather|SunnyDay|[upkeep]\n|upkeep\n|turn|11\n|\n|t:|1700874302\n|move|p1a: Raichu|Play Rough|p2a: \u6211\u4eecg9\u81ea\u5df1\u7684\u571f\u732b\n|-supereffective|p2a: \u6211\u4eecg9\u81ea\u5df1\u7684\u571f\u732b\n|-damage|p2a: \u6211\u4eecg9\u81ea\u5df1\u7684\u571f\u732b|0 fnt\n|faint|p2a: \u6211\u4eecg9\u81ea\u5df1\u7684\u571f\u732b\n|-end|p2a: \u6211\u4eecg9\u81ea\u5df1\u7684\u571f\u732b|Protosynthesis|[silent]\n|-damage|p1a: Raichu|81\/100|[from] item: Life Orb\n|\n|-weather|SunnyDay|[upkeep]\n|upkeep\n|\n|t:|1700874305\n|switch|p2a: Victini|Victini|100\/100\n|turn|12\n|\n|t:|1700874317\n|switch|p1a: Vileplume|Vileplume, M|100\/100\n|move|p2a: Victini|V-create|p1a: Vileplume\n|-supereffective|p1a: Vileplume\n|-damage|p1a: Vileplume|0 fnt\n|-unboost|p2a: Victini|spe|1\n|-unboost|p2a: Victini|def|1\n|-unboost|p2a: Victini|spd|1\n|faint|p1a: Vileplume\n|\n|-weather|SunnyDay|[upkeep]\n|upkeep\n|\n|t:|1700874333\n|switch|p1a: Magmortar|Magmortar, M|100\/100\n|turn|13\n|\n|t:|1700874340\n|move|p2a: Victini|V-create|p1a: Magmortar\n|-resisted|p1a: Magmortar\n|-crit|p1a: Magmortar\n|-damage|p1a: Magmortar|0 fnt\n|-unboost|p2a: Victini|spe|1\n|-unboost|p2a: Victini|def|1\n|-unboost|p2a: Victini|spd|1\n|faint|p1a: Magmortar\n|\n|-weather|none\n|upkeep\n|\n|t:|1700874346\n|switch|p1a: Pidgeot|Pidgeot-Mega, M|91\/100\n|turn|14\n|\n|t:|1700874353\n|switch|p2a: \u7ed3\u5b9e\u7684\u80cc\u5f71|Venusaur, F|100\/100\n|move|p1a: Pidgeot|Hurricane|p2a: \u7ed3\u5b9e\u7684\u80cc\u5f71\n|-supereffective|p2a: \u7ed3\u5b9e\u7684\u80cc\u5f71\n|-damage|p2a: \u7ed3\u5b9e\u7684\u80cc\u5f71|0 fnt\n|faint|p2a: \u7ed3\u5b9e\u7684\u80cc\u5f71\n|\n|upkeep\n|\n|t:|1700874355\n|switch|p2a: Sableye|Sableye, M|43\/100\n|turn|15\n|\n|t:|1700874359\n|move|p2a: Sableye|Fake Out|p1a: Pidgeot\n|-damage|p1a: Pidgeot|82\/100\n|cant|p1a: Pidgeot|flinch\n|\n|upkeep\n|turn|16\n|\n|t:|1700874363\n|move|p2a: Sableye|Sunny Day|p2a: Sableye\n|-weather|SunnyDay\n|move|p1a: Pidgeot|Ominous Wind|p2a: Sableye\n|-damage|p2a: Sableye|10\/100\n|\n|-weather|SunnyDay|[upkeep]\n|upkeep\n|turn|17\n|\n|t:|1700874368\n|move|p2a: Sableye|Will-O-Wisp|p1a: Pidgeot\n|-status|p1a: Pidgeot|brn\n|move|p1a: Pidgeot|Ominous Wind|p2a: Sableye\n|-crit|p2a: Sableye\n|-damage|p2a: Sableye|0 fnt\n|faint|p2a: Sableye\n|\n|-weather|SunnyDay|[upkeep]\n|-damage|p1a: Pidgeot|76\/100 brn|[from] brn\n|upkeep\n|\n|t:|1700874371\n|switch|p2a: Victini|Victini|100\/100\n|turn|18\n|\n|t:|1700874378\n|switch|p1a: Clefable|Clefable, M|100\/100\n|move|p2a: Victini|V-create|p1a: Clefable\n|-damage|p1a: Clefable|0 fnt\n|-unboost|p2a: Victini|spe|1\n|-unboost|p2a: Victini|def|1\n|-unboost|p2a: Victini|spd|1\n|faint|p1a: Clefable\n|\n|-weather|SunnyDay|[upkeep]\n|upkeep\n|\n|t:|1700874380\n|switch|p1a: Pidgeot|Pidgeot-Mega, M|76\/100 brn\n|turn|19\n|\n|t:|1700874383\n|switch|p2a: x\u55b7|Charizard-Mega-Y, M|100\/100\n|move|p1a: Pidgeot|Hurricane|p2a: x\u55b7\n|-damage|p2a: x\u55b7|41\/100\n|-start|p2a: x\u55b7|confusion\n|\n|-weather|SunnyDay|[upkeep]\n|-damage|p1a: Pidgeot|70\/100 brn|[from] brn\n|upkeep\n|turn|20\n|\n|t:|1700874390\n|move|p1a: Pidgeot|Hurricane|p2a: x\u55b7\n|-damage|p2a: x\u55b7|0 fnt\n|faint|p2a: x\u55b7\n|\n|-weather|none\n|-damage|p1a: Pidgeot|64\/100 brn|[from] brn\n|upkeep\n|\n|t:|1700874392\n|switch|p2a: Victini|Victini|100\/100\n|turn|21\n|\n|t:|1700874396\n|move|p2a: Victini|V-create|p1a: Pidgeot\n|-damage|p1a: Pidgeot|0 fnt\n|-unboost|p2a: Victini|spe|1\n|-unboost|p2a: Victini|def|1\n|-unboost|p2a: Victini|spd|1\n|faint|p1a: Pidgeot\n|\n|upkeep\n|\n|t:|1700874398\n|switch|p1a: Raichu|Raichu, F|81\/100\n|turn|22\n|\n|t:|1700874400\n|-terastallize|p1a: Raichu|Electric\n|move|p1a: Raichu|Volt Tackle|p2a: Victini\n|-damage|p2a: Victini|0 fnt\n|faint|p2a: Victini\n|-damage|p1a: Raichu|37\/100|[from] Recoil\n|-damage|p1a: Raichu|27\/100|[from] item: Life Orb\n|\n|win|SrPorquet\n|raw|SrPorquet's rating: 1257 &rarr; <strong>1289<\/strong><br \/>(+32 for winning)\n|raw|2665xg's rating: 1358 &rarr; <strong>1332<\/strong><br \/>(-26 for losing)\n","uploadtime":1700874406,"views":9,"p1id":"srporquet","p2id":"2665xg","formatid":"gen9nationaldex","rating":1289,"private":0,"password":""}