{"id":"gen9nationaldex-1987446391","p1":"loch2009","p2":"900hao","format":"[Gen 9] National Dex","log":"|j|\u2606loch2009\n|j|\u2606900hao\n|t:|1699592781\n|gametype|singles\n|player|p1|loch2009|lance|1087\n|player|p2|900hao|nate|1000\n|teamsize|p1|6\n|teamsize|p2|6\n|gen|9\n|tier|[Gen 9] National Dex\n|rated|\n|rule|HP Percentage Mod: HP is shown in percentages\n|rule|Endless Battle Clause: Forcing endless battles is banned\n|rule|OHKO Clause: OHKO moves are banned\n|rule|Evasion Clause: Evasion abilities, items, and moves are banned\n|rule|Evasion Abilities Clause: Evasion abilities are banned\n|rule|Evasion Items Clause: Evasion items are banned\n|rule|Evasion Moves Clause: Evasion moves are banned\n|rule|Species Clause: Limit one of each Pok\u00e9mon\n|rule|Sleep Clause Mod: Limit one foe put to sleep\n|clearpoke\n|poke|p1|Milotic, F|\n|poke|p1|Lopunny, F|\n|poke|p1|Gardevoir, F|\n|poke|p1|Absol, F|\n|poke|p1|Lilligant-Hisui, F|\n|poke|p1|Lycanroc, F|\n|poke|p2|Charizard, F|\n|poke|p2|Serperior, M|\n|poke|p2|Tyranitar, F|\n|poke|p2|Great Tusk|\n|poke|p2|Doublade, F|\n|poke|p2|Alomomola, M|\n|teampreview\n|\n|t:|1699592793\n|start\n|switch|p1a: Lycanroc|Lycanroc, F, shiny|100\/100\n|switch|p2a: Alomomola|Alomomola, M, shiny|100\/100\n|turn|1\n|inactive|Battle timer is ON: inactive players will automatically lose when time's up. (requested by 900hao)\n|\n|t:|1699592805\n|switch|p1a: Lilligant|Lilligant-Hisui, F, shiny|100\/100\n|move|p2a: Alomomola|Toxic|p1a: Lilligant\n|-status|p1a: Lilligant|tox\n|\n|-damage|p1a: Lilligant|94\/100 tox|[from] psn\n|upkeep\n|turn|2\n|\n|t:|1699592816\n|move|p2a: Alomomola|Protect|p2a: Alomomola\n|-singleturn|p2a: Alomomola|Protect\n|move|p1a: Lilligant|Victory Dance|p1a: Lilligant\n|-boost|p1a: Lilligant|atk|1\n|-boost|p1a: Lilligant|def|1\n|-boost|p1a: Lilligant|spe|1\n|\n|-damage|p1a: Lilligant|82\/100 tox|[from] psn\n|upkeep\n|turn|3\n|\n|t:|1699592832\n|switch|p2a: Charizard|Charizard, F|100\/100\n|move|p1a: Lilligant|Axe Kick|p2a: Charizard\n|-resisted|p2a: Charizard\n|-damage|p2a: Charizard|40\/100\n|\n|-damage|p1a: Lilligant|64\/100 tox|[from] psn\n|upkeep\n|turn|4\n|\n|t:|1699592848\n|detailschange|p2a: Charizard|Charizard-Mega-Y, F\n|-mega|p2a: Charizard|Charizard|Charizardite Y\n|-weather|SunnyDay|[from] ability: Drought|[of] p2a: Charizard\n|move|p1a: Lilligant|Ice Spinner|p2a: Charizard\n|-damage|p2a: Charizard|0 fnt\n|faint|p2a: Charizard\n|\n|-weather|SunnyDay|[upkeep]\n|-damage|p1a: Lilligant|40\/100 tox|[from] psn\n|upkeep\n|\n|t:|1699592853\n|switch|p2a: Tyranitar|Tyranitar, F|100\/100\n|-weather|Sandstorm|[from] ability: Sand Stream|[of] p2a: Tyranitar\n|turn|5\n|\n|t:|1699592867\n|move|p1a: Lilligant|Axe Kick|p2a: Tyranitar\n|-supereffective|p2a: Tyranitar\n|-damage|p2a: Tyranitar|0 fnt\n|faint|p2a: Tyranitar\n|\n|-weather|Sandstorm|[upkeep]\n|-damage|p1a: Lilligant|34\/100 tox|[from] Sandstorm\n|-damage|p1a: Lilligant|4\/100 tox|[from] psn\n|upkeep\n|\n|t:|1699592875\n|switch|p2a: Alomomola|Alomomola, M, shiny|100\/100\n|turn|6\n|\n|t:|1699592880\n|move|p2a: Alomomola|Protect|p2a: Alomomola\n|-singleturn|p2a: Alomomola|Protect\n|move|p1a: Lilligant|Acrobatics|p2a: Alomomola\n|-activate|p2a: Alomomola|move: Protect\n|\n|-weather|Sandstorm|[upkeep]\n|-damage|p1a: Lilligant|0 fnt|[from] Sandstorm\n|-damage|p2a: Alomomola|94\/100|[from] Sandstorm\n|faint|p1a: Lilligant\n|upkeep\n|\n|t:|1699592889\n|switch|p1a: Absol|Absol, F, shiny|100\/100\n|turn|7\n|\n|t:|1699592893\n|move|p1a: Absol|Night Slash|p2a: Alomomola\n|-crit|p2a: Alomomola\n|-damage|p2a: Alomomola|67\/100\n|move|p2a: Alomomola|Toxic|p1a: Absol\n|-status|p1a: Absol|tox\n|\n|-weather|Sandstorm|[upkeep]\n|-damage|p1a: Absol|95\/100 tox|[from] Sandstorm\n|-damage|p2a: Alomomola|60\/100|[from] Sandstorm\n|-damage|p1a: Absol|89\/100 tox|[from] psn\n|upkeep\n|turn|8\n|\n|t:|1699592899\n|move|p1a: Absol|Night Slash|p2a: Alomomola\n|-damage|p2a: Alomomola|41\/100\n|move|p2a: Alomomola|Wish|p2a: Alomomola\n|\n|-weather|Sandstorm|[upkeep]\n|-damage|p1a: Absol|83\/100 tox|[from] Sandstorm\n|-damage|p2a: Alomomola|34\/100|[from] Sandstorm\n|-damage|p1a: Absol|71\/100 tox|[from] psn\n|upkeep\n|turn|9\n|\n|t:|1699592903\n|move|p2a: Alomomola|Protect|p2a: Alomomola\n|-singleturn|p2a: Alomomola|Protect\n|move|p1a: Absol|Night Slash|p2a: Alomomola\n|-activate|p2a: Alomomola|move: Protect\n|\n|-weather|none\n|-heal|p2a: Alomomola|84\/100|[from] move: Wish|[wisher] Alomomola\n|-damage|p1a: Absol|53\/100 tox|[from] psn\n|upkeep\n|turn|10\n|\n|t:|1699592912\n|switch|p1a: Gardevoir|Gardevoir, F, shiny|100\/100\n|-ability|p1a: Gardevoir|Regenerator|[from] ability: Trace|[of] p2a: Alomomola\n|move|p2a: Alomomola|Wish|p2a: Alomomola\n|\n|upkeep\n|turn|11\n|\n|t:|1699592918\n|move|p1a: Gardevoir|Moonblast|p2a: Alomomola\n|-damage|p2a: Alomomola|29\/100\n|move|p2a: Alomomola|Toxic|p1a: Gardevoir|[miss]\n|-miss|p2a: Alomomola|p1a: Gardevoir\n|\n|-heal|p2a: Alomomola|79\/100|[from] move: Wish|[wisher] Alomomola\n|upkeep\n|turn|12\n|\n|t:|1699592923\n|move|p1a: Gardevoir|Moonblast|p2a: Alomomola\n|-damage|p2a: Alomomola|26\/100\n|-unboost|p2a: Alomomola|spa|1\n|move|p2a: Alomomola|Toxic|p1a: Gardevoir\n|-status|p1a: Gardevoir|tox\n|\n|-damage|p1a: Gardevoir|94\/100 tox|[from] psn\n|upkeep\n|turn|13\n|\n|t:|1699592931\n|move|p2a: Alomomola|Protect|p2a: Alomomola\n|-singleturn|p2a: Alomomola|Protect\n|move|p1a: Gardevoir|Moonblast|p2a: Alomomola\n|-activate|p2a: Alomomola|move: Protect\n|\n|-damage|p1a: Gardevoir|82\/100 tox|[from] psn\n|upkeep\n|turn|14\n|\n|t:|1699592940\n|move|p1a: Gardevoir|Moonblast|p2a: Alomomola\n|-damage|p2a: Alomomola|0 fnt\n|faint|p2a: Alomomola\n|\n|-damage|p1a: Gardevoir|64\/100 tox|[from] psn\n|upkeep\n|\n|t:|1699592943\n|switch|p2a: Doublade|Doublade, F|100\/100\n|turn|15\n|\n|t:|1699592947\n|switch|p1a: Absol|Absol, F, shiny|53\/100 tox\n|move|p2a: Doublade|Gyro Ball|p1a: Absol\n|-damage|p1a: Absol|0 fnt\n|faint|p1a: Absol\n|\n|upkeep\n|\n|t:|1699592955\n|switch|p1a: Gardevoir|Gardevoir, F, shiny|97\/100 tox\n|-ability|p1a: Gardevoir|No Guard|[from] ability: Trace|[of] p2a: Doublade\n|turn|16\n|\n|t:|1699592964\n|move|p1a: Gardevoir|Mystical Fire|p2a: Doublade\n|-supereffective|p2a: Doublade\n|-damage|p2a: Doublade|36\/100\n|-unboost|p2a: Doublade|spa|1\n|move|p2a: Doublade|Gyro Ball|p1a: Gardevoir\n|-supereffective|p1a: Gardevoir\n|-damage|p1a: Gardevoir|0 fnt\n|faint|p1a: Gardevoir\n|\n|upkeep\n|\n|t:|1699592974\n|switch|p1a: Milotic|Milotic, F, shiny|100\/100\n|turn|17\n|\n|t:|1699592982\n|move|p1a: Milotic|Scald|p2a: Doublade\n|-damage|p2a: Doublade|4\/100\n|-status|p2a: Doublade|brn\n|move|p2a: Doublade|Gyro Ball|p1a: Milotic\n|-resisted|p1a: Milotic\n|-damage|p1a: Milotic|91\/100\n|\n|-heal|p1a: Milotic|97\/100|[from] item: Leftovers\n|-damage|p2a: Doublade|0 fnt|[from] brn\n|faint|p2a: Doublade\n|upkeep\n|\n|t:|1699592987\n|switch|p2a: Serperior|Serperior, M|100\/100\n|turn|18\n|\n|t:|1699592991\n|-terastallize|p1a: Milotic|Dragon\n|move|p2a: Serperior|Glare|p1a: Milotic\n|-status|p1a: Milotic|par\n|move|p1a: Milotic|Scald|p2a: Serperior\n|-resisted|p2a: Serperior\n|-damage|p2a: Serperior|84\/100\n|\n|-heal|p2a: Serperior|90\/100|[from] item: Leftovers\n|-heal|p1a: Milotic|100\/100 par|[from] item: Leftovers\n|upkeep\n|turn|19\n|\n|t:|1699593000\n|move|p2a: Serperior|Leaf Storm|p1a: Milotic\n|-resisted|p1a: Milotic\n|-damage|p1a: Milotic|88\/100 par\n|-boost|p2a: Serperior|spa|2\n|cant|p1a: Milotic|par\n|\n|-heal|p2a: Serperior|96\/100|[from] item: Leftovers\n|-heal|p1a: Milotic|94\/100 par|[from] item: Leftovers\n|upkeep\n|turn|20\n|\n|t:|1699593008\n|move|p2a: Serperior|Leaf Storm|p1a: Milotic\n|-resisted|p1a: Milotic\n|-damage|p1a: Milotic|72\/100 par\n|-boost|p2a: Serperior|spa|2\n|move|p1a: Milotic|Mirror Coat|p2a: Serperior\n|-damage|p2a: Serperior|37\/100\n|\n|-heal|p2a: Serperior|43\/100|[from] item: Leftovers\n|-heal|p1a: Milotic|78\/100 par|[from] item: Leftovers\n|upkeep\n|turn|21\n|\n|t:|1699593018\n|move|p2a: Serperior|Substitute|p2a: Serperior\n|-start|p2a: Serperior|Substitute\n|-damage|p2a: Serperior|19\/100\n|move|p1a: Milotic|Mirror Coat||[still]\n|-fail|p1a: Milotic\n|\n|-heal|p2a: Serperior|25\/100|[from] item: Leftovers\n|-heal|p1a: Milotic|84\/100 par|[from] item: Leftovers\n|upkeep\n|turn|22\n|\n|t:|1699593026\n|move|p2a: Serperior|Leaf Storm|p1a: Milotic\n|-resisted|p1a: Milotic\n|-damage|p1a: Milotic|48\/100 par\n|-boost|p2a: Serperior|spa|2\n|move|p1a: Milotic|Haze|p1a: Milotic\n|-clearallboost\n|\n|-heal|p2a: Serperior|31\/100|[from] item: Leftovers\n|-heal|p1a: Milotic|54\/100 par|[from] item: Leftovers\n|upkeep\n|turn|23\n|\n|t:|1699593036\n|move|p2a: Serperior|Leaf Storm|p1a: Milotic\n|-resisted|p1a: Milotic\n|-damage|p1a: Milotic|41\/100 par\n|-boost|p2a: Serperior|spa|2\n|move|p1a: Milotic|Scald|p2a: Serperior\n|-resisted|p2a: Serperior\n|-activate|p2a: Serperior|move: Substitute|[damage]\n|\n|-heal|p2a: Serperior|37\/100|[from] item: Leftovers\n|-heal|p1a: Milotic|47\/100 par|[from] item: Leftovers\n|upkeep\n|turn|24\n|\n|t:|1699593046\n|move|p2a: Serperior|Leaf Storm|p1a: Milotic\n|-resisted|p1a: Milotic\n|-damage|p1a: Milotic|25\/100 par\n|-boost|p2a: Serperior|spa|2\n|move|p1a: Milotic|Recover|p1a: Milotic\n|-heal|p1a: Milotic|75\/100 par\n|\n|-heal|p2a: Serperior|43\/100|[from] item: Leftovers\n|-heal|p1a: Milotic|81\/100 par|[from] item: Leftovers\n|upkeep\n|turn|25\n|\n|t:|1699593053\n|move|p2a: Serperior|Leaf Storm|p1a: Milotic\n|-resisted|p1a: Milotic\n|-damage|p1a: Milotic|43\/100 par\n|-boost|p2a: Serperior|spa|2\n|move|p1a: Milotic|Haze|p1a: Milotic\n|-clearallboost\n|\n|-heal|p2a: Serperior|50\/100|[from] item: Leftovers\n|-heal|p1a: Milotic|49\/100 par|[from] item: Leftovers\n|upkeep\n|turn|26\n|\n|t:|1699593058\n|move|p2a: Serperior|Leaf Storm|p1a: Milotic\n|-resisted|p1a: Milotic\n|-damage|p1a: Milotic|37\/100 par\n|-boost|p2a: Serperior|spa|2\n|move|p1a: Milotic|Recover|p1a: Milotic\n|-heal|p1a: Milotic|87\/100 par\n|\n|-heal|p2a: Serperior|56\/100|[from] item: Leftovers\n|-heal|p1a: Milotic|93\/100 par|[from] item: Leftovers\n|upkeep\n|turn|27\n|\n|t:|1699593069\n|move|p2a: Serperior|Hidden Power|p1a: Milotic\n|-resisted|p1a: Milotic\n|-damage|p1a: Milotic|86\/100 par\n|move|p1a: Milotic|Haze|p1a: Milotic\n|-clearallboost\n|\n|-heal|p2a: Serperior|62\/100|[from] item: Leftovers\n|-heal|p1a: Milotic|92\/100 par|[from] item: Leftovers\n|upkeep\n|turn|28\n|\n|t:|1699593087\n|move|p2a: Serperior|Leaf Storm|p1a: Milotic\n|-resisted|p1a: Milotic\n|-damage|p1a: Milotic|81\/100 par\n|-boost|p2a: Serperior|spa|2\n|cant|p1a: Milotic|par\n|\n|-heal|p2a: Serperior|68\/100|[from] item: Leftovers\n|-heal|p1a: Milotic|87\/100 par|[from] item: Leftovers\n|upkeep\n|turn|29\n|\n|t:|1699593095\n|move|p2a: Serperior|Hidden Power|p1a: Milotic\n|-resisted|p1a: Milotic\n|-damage|p1a: Milotic|80\/100 par\n|move|p1a: Milotic|Haze|p1a: Milotic\n|-clearallboost\n|\n|-heal|p2a: Serperior|75\/100|[from] item: Leftovers\n|-heal|p1a: Milotic|86\/100 par|[from] item: Leftovers\n|upkeep\n|turn|30\n|-message|900hao forfeited.\n|\n|win|loch2009\n|raw|loch2009's rating: 1087 &rarr; <strong>1107<\/strong><br \/>(+20 for winning)\n|raw|900hao's rating: 1000 &rarr; <strong>1000<\/strong><br \/>(+0 for losing)\n|l|\u2606900hao\n|c|\u2606loch2009|gg\n","uploadtime":1699593117,"views":7,"p1id":"loch2009","p2id":"900hao","formatid":"gen9nationaldex","rating":1000,"private":0,"password":""}