{"id":"gen9nationaldex-1989623518","p1":"Shabooya1","p2":"chase demons","format":"[Gen 9] National Dex","log":"|j|\u2606Shabooya1\n|j|\u2606chase demons\n|t:|1699880149\n|gametype|singles\n|player|p1|Shabooya1|265|1229\n|player|p2|chase demons|265|1073\n|teamsize|p1|6\n|teamsize|p2|6\n|gen|9\n|tier|[Gen 9] National Dex\n|rated|\n|rule|HP Percentage Mod: HP is shown in percentages\n|rule|Endless Battle Clause: Forcing endless battles is banned\n|rule|OHKO Clause: OHKO moves are banned\n|rule|Evasion Clause: Evasion abilities, items, and moves are banned\n|rule|Evasion Abilities Clause: Evasion abilities are banned\n|rule|Evasion Items Clause: Evasion items are banned\n|rule|Evasion Moves Clause: Evasion moves are banned\n|rule|Species Clause: Limit one of each Pok\u00e9mon\n|rule|Sleep Clause Mod: Limit one foe put to sleep\n|clearpoke\n|poke|p1|Regidrago|\n|poke|p1|Swellow, M|\n|poke|p1|Sandy Shocks|\n|poke|p1|Grimmsnarl, M|\n|poke|p1|Lopunny, M|\n|poke|p1|Ditto|\n|poke|p2|Samurott-Hisui, F|\n|poke|p2|Unfezant, F|\n|poke|p2|Sawk, M|\n|poke|p2|Beartic, M|\n|poke|p2|Golurk|\n|poke|p2|Bisharp, F|\n|teampreview\n|inactive|Battle timer is ON: inactive players will automatically lose when time's up. (requested by Shabooya1)\n|\n|t:|1699880163\n|start\n|switch|p1a: Grimmsnarl|Grimmsnarl, M, shiny|100\/100\n|switch|p2a: Bisharp|Bisharp, F|100\/100\n|turn|1\n|\n|t:|1699880169\n|move|p1a: Grimmsnarl|Reflect|p1a: Grimmsnarl\n|-sidestart|p1: Shabooya1|Reflect\n|move|p2a: Bisharp|Swords Dance|p2a: Bisharp\n|-boost|p2a: Bisharp|atk|2\n|\n|upkeep\n|turn|2\n|inactive|Shabooya1 has 120 seconds left.\n|\n|t:|1699880201\n|switch|p1a: Sandy Shocks|Sandy Shocks|100\/100\n|-enditem|p1a: Sandy Shocks|Booster Energy\n|-activate|p1a: Sandy Shocks|ability: Protosynthesis|[fromitem]\n|-start|p1a: Sandy Shocks|protosynthesisspa\n|move|p2a: Bisharp|Swords Dance|p2a: Bisharp\n|-boost|p2a: Bisharp|atk|2\n|\n|upkeep\n|turn|3\n|\n|t:|1699880217\n|move|p2a: Bisharp|Sucker Punch|p1a: Sandy Shocks\n|-damage|p1a: Sandy Shocks|40\/100\n|move|p1a: Sandy Shocks|Earth Power|p2a: Bisharp\n|-supereffective|p2a: Bisharp\n|-damage|p2a: Bisharp|7\/100\n|\n|upkeep\n|turn|4\n|\n|t:|1699880225\n|move|p2a: Bisharp|Sucker Punch|p1a: Sandy Shocks\n|-damage|p1a: Sandy Shocks|0 fnt\n|faint|p1a: Sandy Shocks\n|-end|p1a: Sandy Shocks|Protosynthesis|[silent]\n|\n|upkeep\n|\n|t:|1699880227\n|switch|p1a: Ditto|Ditto|100\/100\n|-transform|p1a: Ditto|p2a: Bisharp|[from] ability: Imposter\n|turn|5\n|\n|t:|1699880250\n|move|p1a: Ditto|Sucker Punch|p2a: Bisharp\n|-resisted|p2a: Bisharp\n|-damage|p2a: Bisharp|0 fnt\n|faint|p2a: Bisharp\n|\n|upkeep\n|inactive|chase demons has 120 seconds left.\n|\n|t:|1699880278\n|switch|p2a: Samurott|Samurott-Hisui, F, shiny|100\/100\n|turn|6\n|\n|t:|1699880285\n|move|p1a: Ditto|Sucker Punch|p2a: Samurott\n|-resisted|p2a: Samurott\n|-damage|p2a: Samurott|25\/100\n|move|p2a: Samurott|Sacred Sword|p1a: Ditto\n|-supereffective|p1a: Ditto\n|-damage|p1a: Ditto|0 fnt\n|faint|p1a: Ditto\n|\n|upkeep\n|\n|t:|1699880290\n|switch|p1a: Lopunny|Lopunny, M, shiny|100\/100\n|turn|7\n|\n|t:|1699880300\n|switch|p2a: Golurk|Golurk, shiny|100\/100\n|detailschange|p1a: Lopunny|Lopunny-Mega, M, shiny\n|-mega|p1a: Lopunny|Lopunny|Lopunnite\n|move|p1a: Lopunny|Fake Out|p2a: Golurk\n|-damage|p2a: Golurk|79\/100\n|\n|upkeep\n|turn|8\n|\n|t:|1699880315\n|move|p1a: Lopunny|U-turn|p2a: Golurk\n|-resisted|p2a: Golurk\n|-damage|p2a: Golurk|66\/100\n|\n|t:|1699880317\n|switch|p1a: Grimmsnarl|Grimmsnarl, M, shiny|100\/100|[from] U-turn\n|move|p2a: Golurk|Poltergeist|p1a: Grimmsnarl\n|-activate|p1a: Grimmsnarl|move: Poltergeist|Light Clay\n|-resisted|p1a: Grimmsnarl\n|-damage|p1a: Grimmsnarl|82\/100\n|\n|-sideend|p1: Shabooya1|Reflect\n|upkeep\n|turn|9\n|\n|t:|1699880329\n|switch|p2a: Samurott|Samurott-Hisui, F, shiny|25\/100\n|move|p1a: Grimmsnarl|Reflect|p1a: Grimmsnarl\n|-sidestart|p1: Shabooya1|Reflect\n|\n|upkeep\n|turn|10\n|\n|t:|1699880337\n|switch|p1a: Lopunny|Lopunny-Mega, M, shiny|100\/100\n|move|p2a: Samurott|Razor Shell|p1a: Lopunny\n|-damage|p1a: Lopunny|63\/100\n|-unboost|p1a: Lopunny|def|1\n|\n|upkeep\n|turn|11\n|\n|t:|1699880354\n|switch|p2a: Golurk|Golurk, shiny|66\/100\n|move|p1a: Lopunny|Fake Out|p2a: Golurk\n|-damage|p2a: Golurk|45\/100\n|\n|upkeep\n|turn|12\n|\n|t:|1699880360\n|move|p1a: Lopunny|Frustration|p2a: Golurk\n|-damage|p2a: Golurk|0 fnt\n|faint|p2a: Golurk\n|\n|upkeep\n|\n|t:|1699880381\n|switch|p2a: Samurott|Samurott-Hisui, F, shiny|25\/100\n|turn|13\n|\n|t:|1699880393\n|move|p1a: Lopunny|Frustration|p2a: Samurott\n|-damage|p2a: Samurott|0 fnt\n|faint|p2a: Samurott\n|\n|upkeep\n|\n|t:|1699880403\n|switch|p2a: Sawk|Sawk, M, shiny|100\/100\n|turn|14\n|\n|t:|1699880417\n|move|p1a: Lopunny|U-turn|p2a: Sawk\n|-resisted|p2a: Sawk\n|-damage|p2a: Sawk|81\/100\n|\n|t:|1699880424\n|switch|p1a: Grimmsnarl|Grimmsnarl, M, shiny|82\/100|[from] U-turn\n|move|p2a: Sawk|Reversal|p1a: Grimmsnarl\n|-damage|p1a: Grimmsnarl|75\/100\n|\n|upkeep\n|turn|15\n|\n|t:|1699880431\n|move|p1a: Grimmsnarl|Taunt|p2a: Sawk\n|-start|p2a: Sawk|move: Taunt\n|move|p2a: Sawk|Power-Up Punch|p1a: Grimmsnarl\n|-damage|p1a: Grimmsnarl|61\/100\n|-boost|p2a: Sawk|atk|1\n|\n|upkeep\n|turn|16\n|\n|t:|1699880436\n|move|p1a: Grimmsnarl|Light Screen|p1a: Grimmsnarl\n|-sidestart|p1: Shabooya1|move: Light Screen\n|move|p2a: Sawk|Power-Up Punch|p1a: Grimmsnarl\n|-damage|p1a: Grimmsnarl|40\/100\n|-boost|p2a: Sawk|atk|1\n|\n|-sideend|p1: Shabooya1|Reflect\n|upkeep\n|turn|17\n|\n|t:|1699880442\n|move|p1a: Grimmsnarl|Reflect|p1a: Grimmsnarl\n|-sidestart|p1: Shabooya1|Reflect\n|move|p2a: Sawk|Knock Off|p1a: Grimmsnarl\n|-resisted|p1a: Grimmsnarl\n|-damage|p1a: Grimmsnarl|29\/100\n|-enditem|p1a: Grimmsnarl|Light Clay|[from] move: Knock Off|[of] p2a: Sawk\n|\n|-end|p2a: Sawk|move: Taunt\n|upkeep\n|turn|18\n|\n|t:|1699880446\n|move|p1a: Grimmsnarl|Parting Shot|p2a: Sawk\n|-unboost|p2a: Sawk|atk|1\n|-unboost|p2a: Sawk|spa|1\n|\n|t:|1699880450\n|switch|p1a: Lopunny|Lopunny-Mega, M, shiny|63\/100|[from] Parting Shot\n|move|p2a: Sawk|Power-Up Punch|p1a: Lopunny\n|-supereffective|p1a: Lopunny\n|-damage|p1a: Lopunny|17\/100\n|-boost|p2a: Sawk|atk|1\n|\n|upkeep\n|turn|19\n|\n|t:|1699880465\n|move|p1a: Lopunny|Frustration|p2a: Sawk\n|-damage|p2a: Sawk|4\/100\n|-enditem|p2a: Sawk|Salac Berry|[eat]\n|-boost|p2a: Sawk|spe|1|[from] item: Salac Berry\n|move|p2a: Sawk|Power-Up Punch|p1a: Lopunny\n|-supereffective|p1a: Lopunny\n|-damage|p1a: Lopunny|0 fnt\n|-boost|p2a: Sawk|atk|1\n|faint|p1a: Lopunny\n|\n|upkeep\n|\n|t:|1699880477\n|switch|p1a: Regidrago|Regidrago, shiny|100\/100\n|turn|20\n|\n|t:|1699880486\n|move|p2a: Sawk|Reversal|p1a: Regidrago\n|-damage|p1a: Regidrago|0 fnt\n|faint|p1a: Regidrago\n|\n|upkeep\n|\n|t:|1699880490\n|switch|p1a: Swellow|Swellow, M, shiny|100\/100\n|turn|21\n|\n|t:|1699880495\n|-terastallize|p1a: Swellow|Normal\n|move|p2a: Sawk|Reversal|p1a: Swellow\n|-supereffective|p1a: Swellow\n|-damage|p1a: Swellow|0 fnt\n|faint|p1a: Swellow\n|\n|upkeep\n|inactive|Shabooya1 has 120 seconds left.\n|inactive|Shabooya1 has 90 seconds left.\n|inactive|Shabooya1 has 60 seconds left.\n|c|\u2606chase demons|I WIN\n|inactive|Shabooya1 has 30 seconds left.\n|inactive|Shabooya1 has 20 seconds left.\n|inactive|Shabooya1 has 15 seconds left.\n|inactive|Shabooya1 has 10 seconds left.\n|inactive|Shabooya1 has 5 seconds left.\n|-message|Shabooya1 lost due to inactivity.\n|\n|win|chase demons\n|raw|Shabooya1's rating: 1229 &rarr; <strong>1193<\/strong><br \/>(-36 for losing)\n|raw|chase demons's rating: 1073 &rarr; <strong>1114<\/strong><br \/>(+41 for winning)\n","uploadtime":1699880650,"views":4,"p1id":"shabooya1","p2id":"chasedemons","formatid":"gen9nationaldex","rating":1114,"private":0,"password":""}