{"id":"gen9nationaldex-1995530255","p1":"llxli","p2":"RandoTestAccount","format":"[Gen 9] National Dex","log":"|html|<div class=\"broadcast-blue\"><strong>[Gen 9] National Dex is currently suspecting Sneasler! For information on how to participate check out the <a href=\"https:\/\/www.smogon.com\/forums\/threads\/sv-national-dex-suspect-8-just-dance.3731534\/\">suspect thread<\/a>.<\/strong><\/div>\n|j|\u2606llxli\n|j|\u2606RandoTestAccount\n|t:|1700580262\n|gametype|singles\n|player|p1|llxli|102|1331\n|player|p2|RandoTestAccount|pokemonrangerf|1309\n|teamsize|p1|6\n|teamsize|p2|6\n|gen|9\n|tier|[Gen 9] National Dex\n|rated|\n|rule|HP Percentage Mod: HP is shown in percentages\n|rule|Endless Battle Clause: Forcing endless battles is banned\n|rule|OHKO Clause: OHKO moves are banned\n|rule|Evasion Clause: Evasion abilities, items, and moves are banned\n|rule|Evasion Abilities Clause: Evasion abilities are banned\n|rule|Evasion Items Clause: Evasion items are banned\n|rule|Evasion Moves Clause: Evasion moves are banned\n|rule|Species Clause: Limit one of each Pok\u00e9mon\n|rule|Sleep Clause Mod: Limit one foe put to sleep\n|clearpoke\n|poke|p1|Charizard, M|\n|poke|p1|Sandy Shocks|\n|poke|p1|Hatterene, F|\n|poke|p1|Ogerpon-Wellspring, F|\n|poke|p1|Clodsire, M|\n|poke|p1|Great Tusk|\n|poke|p2|Umbreon, F|\n|poke|p2|Excadrill, F|\n|poke|p2|Corviknight, F|\n|poke|p2|Sableye, F|\n|poke|p2|Tapu Fini|\n|poke|p2|Dragalge, F|\n|teampreview\n|inactive|Battle timer is ON: inactive players will automatically lose when time's up. (requested by RandoTestAccount)\n|\n|t:|1700580273\n|start\n|switch|p1a: Charizard|Charizard, M|100\/100\n|switch|p2a: Agony Steelheart|Dragalge, F, shiny|100\/100\n|turn|1\n|\n|t:|1700580281\n|detailschange|p1a: Charizard|Charizard-Mega-Y, M\n|-mega|p1a: Charizard|Charizard|Charizardite Y\n|-weather|SunnyDay|[from] ability: Drought|[of] p1a: Charizard\n|move|p1a: Charizard|Scorching Sands|p2a: Agony Steelheart\n|-supereffective|p2a: Agony Steelheart\n|-damage|p2a: Agony Steelheart|65\/100\n|-status|p2a: Agony Steelheart|brn\n|move|p2a: Agony Steelheart|Toxic|p1a: Charizard\n|-status|p1a: Charizard|tox\n|\n|-weather|SunnyDay|[upkeep]\n|-heal|p2a: Agony Steelheart|71\/100 brn|[from] item: Black Sludge\n|-damage|p1a: Charizard|94\/100 tox|[from] psn\n|-damage|p2a: Agony Steelheart|65\/100 brn|[from] brn\n|upkeep\n|turn|2\n|\n|t:|1700580293\n|switch|p1a: Hatterene|Hatterene, F|100\/100\n|move|p2a: Agony Steelheart|Acid Spray|p1a: Hatterene\n|-supereffective|p1a: Hatterene\n|-damage|p1a: Hatterene|67\/100\n|-unboost|p1a: Hatterene|spd|2\n|\n|-weather|SunnyDay|[upkeep]\n|-heal|p2a: Agony Steelheart|71\/100 brn|[from] item: Black Sludge\n|-heal|p1a: Hatterene|73\/100|[from] item: Leftovers\n|-damage|p2a: Agony Steelheart|65\/100 brn|[from] brn\n|upkeep\n|turn|3\n|\n|t:|1700580302\n|switch|p2a: Ephialtes Keeper|Corviknight, F, shiny|100\/100\n|-ability|p2a: Ephialtes Keeper|Pressure\n|switch|p1a: Sandy Shocks|Sandy Shocks|100\/100\n|-activate|p1a: Sandy Shocks|ability: Protosynthesis\n|-start|p1a: Sandy Shocks|protosynthesisspe\n|\n|-weather|SunnyDay|[upkeep]\n|upkeep\n|turn|4\n|\n|t:|1700580316\n|switch|p2a: Nika Reanukko|Umbreon, F, shiny|100\/100\n|move|p1a: Sandy Shocks|Thunderbolt|p2a: Nika Reanukko\n|-damage|p2a: Nika Reanukko|78\/100\n|\n|-weather|SunnyDay|[upkeep]\n|-heal|p2a: Nika Reanukko|85\/100|[from] item: Leftovers\n|upkeep\n|turn|5\n|\n|t:|1700580324\n|move|p1a: Sandy Shocks|Volt Switch|p2a: Nika Reanukko\n|-crit|p2a: Nika Reanukko\n|-damage|p2a: Nika Reanukko|58\/100\n|\n|t:|1700580330\n|-end|p1a: Sandy Shocks|Protosynthesis|[silent]\n|switch|p1a: Hatterene|Hatterene, F|73\/100|[from] Volt Switch\n|move|p2a: Nika Reanukko|Wish|p2a: Nika Reanukko\n|\n|-weather|none\n|-heal|p2a: Nika Reanukko|64\/100|[from] item: Leftovers\n|-heal|p1a: Hatterene|78\/100|[from] item: Leftovers\n|upkeep\n|turn|6\n|\n|t:|1700580338\n|move|p2a: Nika Reanukko|Heal Bell|p2a: Nika Reanukko\n|-activate|p2a: Nika Reanukko|move: Heal Bell\n|-curestatus|p2: Agony Steelheart|brn|[msg]\n|move|p1a: Hatterene|Draining Kiss|p2a: Nika Reanukko\n|-supereffective|p2a: Nika Reanukko\n|-damage|p2a: Nika Reanukko|41\/100\n|-heal|p1a: Hatterene|99\/100|[from] drain|[of] p2a: Nika Reanukko\n|\n|-heal|p2a: Nika Reanukko|91\/100|[from] move: Wish|[wisher] Nika Reanukko\n|-heal|p2a: Nika Reanukko|97\/100|[from] item: Leftovers\n|-heal|p1a: Hatterene|100\/100|[from] item: Leftovers\n|upkeep\n|turn|7\n|\n|t:|1700580347\n|move|p2a: Nika Reanukko|Wish|p2a: Nika Reanukko\n|move|p1a: Hatterene|Calm Mind|p1a: Hatterene\n|-boost|p1a: Hatterene|spa|1\n|-boost|p1a: Hatterene|spd|1\n|\n|-heal|p2a: Nika Reanukko|100\/100|[from] item: Leftovers\n|upkeep\n|turn|8\n|\n|t:|1700580353\n|switch|p2a: The Lonesome One|Excadrill, F, shiny|100\/100\n|-ability|p2a: The Lonesome One|Mold Breaker\n|move|p1a: Hatterene|Draining Kiss|p2a: The Lonesome One\n|-resisted|p2a: The Lonesome One\n|-damage|p2a: The Lonesome One|81\/100\n|\n|-heal|p2a: The Lonesome One|100\/100|[from] move: Wish|[wisher] Nika Reanukko\n|upkeep\n|turn|9\n|\n|t:|1700580368\n|-terastallize|p1a: Hatterene|Water\n|move|p2a: The Lonesome One|Iron Head|p1a: Hatterene\n|-resisted|p1a: Hatterene\n|-damage|p1a: Hatterene|81\/100\n|cant|p1a: Hatterene|flinch\n|\n|-heal|p1a: Hatterene|87\/100|[from] item: Leftovers\n|upkeep\n|turn|10\n|\n|t:|1700580378\n|move|p2a: The Lonesome One|Swords Dance|p2a: The Lonesome One\n|-boost|p2a: The Lonesome One|atk|2\n|move|p1a: Hatterene|Mystical Fire|p2a: The Lonesome One\n|-supereffective|p2a: The Lonesome One\n|-damage|p2a: The Lonesome One|19\/100\n|-unboost|p2a: The Lonesome One|spa|1\n|\n|-heal|p2a: The Lonesome One|25\/100|[from] item: Leftovers\n|-heal|p1a: Hatterene|93\/100|[from] item: Leftovers\n|upkeep\n|turn|11\n|\n|t:|1700580383\n|move|p2a: The Lonesome One|Earthquake|p1a: Hatterene\n|-damage|p1a: Hatterene|5\/100\n|move|p1a: Hatterene|Draining Kiss|p2a: The Lonesome One\n|-resisted|p2a: The Lonesome One\n|-damage|p2a: The Lonesome One|4\/100\n|-heal|p1a: Hatterene|24\/100|[from] drain|[of] p2a: The Lonesome One\n|\n|-heal|p2a: The Lonesome One|11\/100|[from] item: Leftovers\n|-heal|p1a: Hatterene|30\/100|[from] item: Leftovers\n|upkeep\n|turn|12\n|\n|t:|1700580391\n|switch|p1a: Charizard|Charizard-Mega-Y, M|94\/100 tox\n|-weather|SunnyDay|[from] ability: Drought|[of] p1a: Charizard\n|move|p2a: The Lonesome One|Rapid Spin|p1a: Charizard\n|-damage|p1a: Charizard|42\/100 tox\n|-boost|p2a: The Lonesome One|spe|1\n|\n|-weather|SunnyDay|[upkeep]\n|-heal|p2a: The Lonesome One|17\/100|[from] item: Leftovers\n|-damage|p1a: Charizard|36\/100 tox|[from] psn\n|upkeep\n|turn|13\n|\n|t:|1700580399\n|move|p2a: The Lonesome One|Rapid Spin|p1a: Charizard\n|-damage|p1a: Charizard|0 fnt\n|-boost|p2a: The Lonesome One|spe|1\n|faint|p1a: Charizard\n|\n|-weather|SunnyDay|[upkeep]\n|-heal|p2a: The Lonesome One|23\/100|[from] item: Leftovers\n|upkeep\n|\n|t:|1700580402\n|switch|p1a: Clodsire|Clodsire, M|100\/100\n|turn|14\n|\n|t:|1700580405\n|move|p2a: The Lonesome One|Earthquake|p1a: Clodsire\n|-supereffective|p1a: Clodsire\n|-damage|p1a: Clodsire|0 fnt\n|faint|p1a: Clodsire\n|\n|-weather|SunnyDay|[upkeep]\n|-heal|p2a: The Lonesome One|29\/100|[from] item: Leftovers\n|upkeep\n|-message|llxli forfeited.\n|\n|win|RandoTestAccount\n|raw|llxli's rating: 1331 &rarr; <strong>1310<\/strong><br \/>(-21 for losing)\n|raw|RandoTestAccount's rating: 1309 &rarr; <strong>1330<\/strong><br \/>(+21 for winning)\n|l|\u2606llxli\n","uploadtime":1700580414,"views":0,"p1id":"llxli","p2id":"randotestaccount","formatid":"gen9nationaldex","rating":1310,"private":0,"password":""}