{"id":"gen9nationaldex-1992396696","p1":"Jor99fran","p2":"SebasTrainer2461","format":"[Gen 9] National Dex","log":"|j|\u2606Jor99fran\n|j|\u2606SebasTrainer2461\n|t:|1700182757\n|gametype|singles\n|player|p1|Jor99fran|ghetsis|\n|player|p2|SebasTrainer2461|lucas|\n|teamsize|p1|6\n|teamsize|p2|6\n|gen|9\n|tier|[Gen 9] National Dex\n|rule|HP Percentage Mod: HP is shown in percentages\n|rule|Endless Battle Clause: Forcing endless battles is banned\n|rule|OHKO Clause: OHKO moves are banned\n|rule|Evasion Clause: Evasion abilities, items, and moves are banned\n|rule|Evasion Abilities Clause: Evasion abilities are banned\n|rule|Evasion Items Clause: Evasion items are banned\n|rule|Evasion Moves Clause: Evasion moves are banned\n|rule|Species Clause: Limit one of each Pok\u00e9mon\n|rule|Sleep Clause Mod: Limit one foe put to sleep\n|clearpoke\n|poke|p1|Basculegion-F, F|\n|poke|p1|Chandelure, F|\n|poke|p1|Gengar, M|\n|poke|p1|Decidueye, F|\n|poke|p1|Palossand, M|\n|poke|p1|Skeledirge, M|\n|poke|p2|Charizard, M|\n|poke|p2|Gengar, M|\n|poke|p2|Gyarados, M|\n|poke|p2|Jolteon, M|\n|poke|p2|Dragonite, M|\n|poke|p2|Snorlax, M|\n|teampreview\n|c|\u2606Jor99fran|buena suerte\n|\n|t:|1700182771\n|start\n|switch|p1a: Gengar|Gengar, M, shiny|100\/100\n|switch|p2a: Gyarados|Gyarados, M|100\/100\n|-ability|p2a: Gyarados|Intimidate|boost\n|-unboost|p1a: Gengar|atk|1\n|turn|1\n|\n|t:|1700182785\n|move|p1a: Gengar|Toxic Spikes|p2a: Gyarados\n|-sidestart|p2: SebasTrainer2461|move: Toxic Spikes\n|move|p2a: Gyarados|Surf|p1a: Gengar\n|-damage|p1a: Gengar|53\/100\n|\n|-heal|p1a: Gengar|59\/100|[from] item: Leftovers\n|upkeep\n|turn|2\n|\n|t:|1700182799\n|move|p1a: Gengar|Toxic Spikes|p2a: Gyarados\n|-sidestart|p2: SebasTrainer2461|move: Toxic Spikes\n|move|p2a: Gyarados|Hydro Pump|p1a: Gengar\n|-damage|p1a: Gengar|5\/100\n|-start|p2a: Gyarados|Disable|Hydro Pump|[from] ability: Cursed Body|[of] p1a: Gengar\n|\n|-heal|p1a: Gengar|11\/100|[from] item: Leftovers\n|upkeep\n|turn|3\n|\n|t:|1700182818\n|move|p1a: Gengar|Sludge Bomb|p2a: Gyarados\n|-damage|p2a: Gyarados|61\/100\n|move|p2a: Gyarados|Surf|p1a: Gengar\n|-damage|p1a: Gengar|0 fnt\n|faint|p1a: Gengar\n|\n|upkeep\n|\n|t:|1700182823\n|switch|p1a: Decidueye|Decidueye, F|100\/100\n|turn|4\n|j| Cooltrainer Shin\n|\n|t:|1700182831\n|move|p1a: Decidueye|Leaf Blade|p2a: Gyarados\n|-damage|p2a: Gyarados|11\/100\n|move|p2a: Gyarados|Hyper Beam|p1a: Decidueye\n|-immune|p1a: Decidueye\n|\n|upkeep\n|turn|5\n|\n|t:|1700182849\n|switch|p2a: Snorlax|Snorlax, M|100\/100\n|move|p1a: Decidueye|Shadow Sneak|p2a: Snorlax\n|-immune|p2a: Snorlax\n|\n|upkeep\n|turn|6\n|\n|t:|1700182862\n|move|p1a: Decidueye|Swords Dance|p1a: Decidueye\n|-boost|p1a: Decidueye|atk|2\n|move|p2a: Snorlax|Yawn|p1a: Decidueye\n|-start|p1a: Decidueye|move: Yawn|[of] p2a: Snorlax\n|\n|upkeep\n|turn|7\n|\n|t:|1700182872\n|move|p1a: Decidueye|Leaf Blade|p2a: Snorlax\n|-damage|p2a: Snorlax|16\/100\n|move|p2a: Snorlax|Blizzard|p1a: Decidueye|[miss]\n|-miss|p2a: Snorlax|p1a: Decidueye\n|\n|-heal|p2a: Snorlax|22\/100|[from] item: Leftovers\n|-end|p1a: Decidueye|move: Yawn|[silent]\n|-status|p1a: Decidueye|slp\n|upkeep\n|turn|8\n|\n|t:|1700182890\n|cant|p1a: Decidueye|slp\n|move|p2a: Snorlax|Body Slam|p1a: Decidueye\n|-immune|p1a: Decidueye\n|\n|-heal|p2a: Snorlax|29\/100|[from] item: Leftovers\n|upkeep\n|turn|9\n|c| Cooltrainer Shin|Snorlax con Blizzard?\n|\n|t:|1700182916\n|switch|p2a: Dragonite|Dragonite, M|100\/100\n|cant|p1a: Decidueye|slp\n|\n|upkeep\n|turn|10\n|\n|t:|1700182924\n|cant|p1a: Decidueye|slp\n|move|p2a: Dragonite|Earthquake|p1a: Decidueye\n|-resisted|p1a: Decidueye\n|-damage|p1a: Decidueye|76\/100 slp\n|\n|upkeep\n|turn|11\n|c| Cooltrainer Shin|Gyarados con movimientos especiales?\n|\n|t:|1700182933\n|-curestatus|p1a: Decidueye|slp|[msg]\n|move|p1a: Decidueye|Leaf Blade|p2a: Dragonite\n|-resisted|p2a: Dragonite\n|-damage|p2a: Dragonite|78\/100\n|move|p2a: Dragonite|Draco Meteor|p1a: Decidueye\n|-damage|p1a: Decidueye|17\/100\n|-unboost|p2a: Dragonite|spa|2\n|\n|upkeep\n|turn|12\n|\n|t:|1700182946\n|move|p1a: Decidueye|Poltergeist|p2a: Dragonite\n|-activate|p2a: Dragonite|move: Poltergeist|Aguav Berry\n|-damage|p2a: Dragonite|0 fnt\n|faint|p2a: Dragonite\n|\n|upkeep\n|\n|t:|1700182958\n|switch|p2a: Gengar|Gengar, M|100\/100\n|-sideend|p2: SebasTrainer2461|move: Toxic Spikes|[of] p2a: Gengar\n|turn|13\n|\n|t:|1700182969\n|move|p2a: Gengar|Shadow Ball|p1a: Decidueye\n|-supereffective|p1a: Decidueye\n|-damage|p1a: Decidueye|0 fnt\n|faint|p1a: Decidueye\n|\n|upkeep\n|\n|t:|1700182978\n|switch|p1a: Palossand|Palossand, M|100\/100\n|turn|14\n|\n|t:|1700182986\n|-terastallize|p1a: Palossand|Water\n|move|p2a: Gengar|Shadow Ball|p1a: Palossand\n|-damage|p1a: Palossand|56\/100\n|-unboost|p1a: Palossand|spd|1\n|move|p1a: Palossand|Shadow Ball|p2a: Gengar\n|-supereffective|p2a: Gengar\n|-damage|p2a: Gengar|22\/100\n|-enditem|p2a: Gengar|Aguav Berry|[eat]\n|-heal|p2a: Gengar|55\/100|[from] item: Aguav Berry\n|\n|upkeep\n|turn|15\n|\n|t:|1700183005\n|move|p2a: Gengar|Shadow Ball|p1a: Palossand\n|-crit|p1a: Palossand\n|-damage|p1a: Palossand|0 fnt\n|faint|p1a: Palossand\n|\n|upkeep\n|c|\u2606Jor99fran|QUE\n|\n|t:|1700183017\n|switch|p1a: Chandelure|Chandelure, F|100\/100\n|turn|16\n|\n|t:|1700183030\n|move|p1a: Chandelure|Shadow Ball|p2a: Gengar\n|-supereffective|p2a: Gengar\n|-damage|p2a: Gengar|0 fnt\n|faint|p2a: Gengar\n|\n|upkeep\n|\n|t:|1700183042\n|switch|p2a: Jolteon|Jolteon, M|100\/100\n|turn|17\n|\n|t:|1700183050\n|move|p2a: Jolteon|Thunderbolt|p1a: Chandelure\n|-damage|p1a: Chandelure|50\/100\n|move|p1a: Chandelure|Substitute|p1a: Chandelure\n|-start|p1a: Chandelure|Substitute\n|-damage|p1a: Chandelure|25\/100\n|\n|upkeep\n|turn|18\n|\n|t:|1700183063\n|move|p2a: Jolteon|Bite|p1a: Chandelure\n|-supereffective|p1a: Chandelure\n|-end|p1a: Chandelure|Substitute\n|move|p1a: Chandelure|Flamethrower|p2a: Jolteon\n|-damage|p2a: Jolteon|40\/100\n|\n|-heal|p2a: Jolteon|46\/100|[from] item: Leftovers\n|upkeep\n|turn|19\n|\n|t:|1700183075\n|move|p2a: Jolteon|Thunderbolt|p1a: Chandelure\n|-damage|p1a: Chandelure|0 fnt\n|faint|p1a: Chandelure\n|\n|-heal|p2a: Jolteon|52\/100|[from] item: Leftovers\n|upkeep\n|\n|t:|1700183078\n|switch|p1a: Skeledirge|Skeledirge, M|100\/100\n|turn|20\n|\n|t:|1700183090\n|move|p2a: Jolteon|Thunder|p1a: Skeledirge|[miss]\n|-miss|p2a: Jolteon|p1a: Skeledirge\n|move|p1a: Skeledirge|Earth Power|p2a: Jolteon\n|-supereffective|p2a: Jolteon\n|-damage|p2a: Jolteon|5\/100\n|\n|-heal|p2a: Jolteon|11\/100|[from] item: Leftovers\n|upkeep\n|turn|21\n|\n|t:|1700183105\n|move|p2a: Jolteon|Thunder|p1a: Skeledirge\n|-damage|p1a: Skeledirge|63\/100\n|-status|p1a: Skeledirge|par\n|move|p1a: Skeledirge|Earth Power|p2a: Jolteon\n|-supereffective|p2a: Jolteon\n|-damage|p2a: Jolteon|0 fnt\n|faint|p2a: Jolteon\n|\n|upkeep\n|\n|t:|1700183122\n|switch|p2a: Gyarados|Gyarados, M|11\/100\n|-ability|p2a: Gyarados|Intimidate|boost\n|-unboost|p1a: Skeledirge|atk|1\n|turn|22\n|\n|t:|1700183142\n|move|p2a: Gyarados|Surf|p1a: Skeledirge\n|-supereffective|p1a: Skeledirge\n|-damage|p1a: Skeledirge|19\/100 par\n|cant|p1a: Skeledirge|par\n|\n|upkeep\n|turn|23\n|\n|t:|1700183149\n|move|p2a: Gyarados|Surf|p1a: Skeledirge\n|-supereffective|p1a: Skeledirge\n|-damage|p1a: Skeledirge|0 fnt\n|faint|p1a: Skeledirge\n|\n|upkeep\n|\n|t:|1700183151\n|switch|p1a: Basculegion|Basculegion-F, F, shiny|100\/100\n|turn|24\n|\n|t:|1700183161\n|move|p1a: Basculegion|Ice Beam|p2a: Gyarados\n|-damage|p2a: Gyarados|0 fnt\n|faint|p2a: Gyarados\n|\n|upkeep\n|\n|t:|1700183168\n|switch|p2a: Snorlax|Snorlax, M|29\/100\n|turn|25\n|\n|t:|1700183198\n|move|p1a: Basculegion|Surf|p2a: Snorlax\n|-damage|p2a: Snorlax|0 fnt\n|faint|p2a: Snorlax\n|\n|upkeep\n|\n|t:|1700183204\n|switch|p2a: Charizard|Charizard, M|100\/100\n|turn|26\n|\n|t:|1700183215\n|move|p1a: Basculegion|Surf|p2a: Charizard\n|-supereffective|p2a: Charizard\n|-damage|p2a: Charizard|0 fnt\n|faint|p2a: Charizard\n|\n|win|Jor99fran\n|c|\u2606Jor99fran|gg\n","uploadtime":1700183221,"views":18,"p1id":"jor99fran","p2id":"sebastrainer2461","formatid":"gen9nationaldex","rating":0,"private":0,"password":""}