{"id":"gen9nationaldex-1998278884","p1":"josefjosda","p2":"Tylermcduck","format":"[Gen 9] National Dex","log":"|html|<div class=\"broadcast-blue\"><strong>[Gen 9] National Dex is currently suspecting Sneasler! For information on how to participate check out the <a href=\"https:\/\/www.smogon.com\/forums\/threads\/sv-national-dex-suspect-8-just-dance.3731534\/\">suspect thread<\/a>.<\/strong><\/div>\n|j|\u2606josefjosda\n|j|\u2606Tylermcduck\n|t:|1700923861\n|gametype|singles\n|player|p1|josefjosda|red|1090\n|player|p2|Tylermcduck|gambler|1164\n|teamsize|p1|6\n|teamsize|p2|6\n|gen|9\n|tier|[Gen 9] National Dex\n|rated|\n|rule|HP Percentage Mod: HP is shown in percentages\n|rule|Endless Battle Clause: Forcing endless battles is banned\n|rule|OHKO Clause: OHKO moves are banned\n|rule|Evasion Clause: Evasion abilities, items, and moves are banned\n|rule|Evasion Abilities Clause: Evasion abilities are banned\n|rule|Evasion Items Clause: Evasion items are banned\n|rule|Evasion Moves Clause: Evasion moves are banned\n|rule|Species Clause: Limit one of each Pok\u00e9mon\n|rule|Sleep Clause Mod: Limit one foe put to sleep\n|clearpoke\n|poke|p1|Glimmora, F|\n|poke|p1|Grimmsnarl, M|\n|poke|p1|Greedent, M|\n|poke|p1|Diancie|\n|poke|p1|Shuckle, M|\n|poke|p1|Goodra-Hisui, F|\n|poke|p2|Delibird, M|\n|poke|p2|Stantler, F|\n|poke|p2|Jynx, F|\n|poke|p2|Wyrdeer, M|\n|poke|p2|Sawsbuck-Winter, M|\n|poke|p2|Cryogonal|\n|teampreview\n|\n|t:|1700923874\n|start\n|switch|p1a: Grimmsnarl|Grimmsnarl, M|100\/100\n|switch|p2a: Cryogonal|Cryogonal|100\/100\n|turn|1\n|\n|t:|1700923883\n|move|p1a: Grimmsnarl|Light Screen|p1a: Grimmsnarl\n|-sidestart|p1: josefjosda|move: Light Screen\n|move|p2a: Cryogonal|Hail|p2a: Cryogonal\n|-weather|Hail\n|\n|-weather|Hail|[upkeep]\n|-damage|p1a: Grimmsnarl|94\/100|[from] Hail\n|upkeep\n|turn|2\n|\n|t:|1700923889\n|move|p1a: Grimmsnarl|Reflect|p1a: Grimmsnarl\n|-sidestart|p1: josefjosda|Reflect\n|move|p2a: Cryogonal|Flash Cannon|p1a: Grimmsnarl\n|-supereffective|p1a: Grimmsnarl\n|-damage|p1a: Grimmsnarl|74\/100\n|\n|-weather|Hail|[upkeep]\n|-damage|p1a: Grimmsnarl|68\/100|[from] Hail\n|upkeep\n|turn|3\n|\n|t:|1700923896\n|move|p1a: Grimmsnarl|Parting Shot|p2a: Cryogonal\n|-unboost|p2a: Cryogonal|atk|1\n|-unboost|p2a: Cryogonal|spa|1\n|\n|t:|1700923900\n|switch|p1a: Shuckle|Shuckle, M|100\/100|[from] Parting Shot\n|move|p2a: Cryogonal|Flash Cannon|p1a: Shuckle\n|-supereffective|p1a: Shuckle\n|-damage|p1a: Shuckle|92\/100\n|-boost|p1a: Shuckle|spd|1\n|\n|-weather|Hail|[upkeep]\n|-damage|p1a: Shuckle|86\/100|[from] Hail\n|upkeep\n|turn|4\n|\n|t:|1700923918\n|switch|p2a: Jynx|Jynx, F|100\/100\n|-activate|p2a: Jynx|ability: Forewarn|Infestation|[of] p1a: Shuckle\n|move|p1a: Shuckle|Infestation|p2a: Jynx\n|-supereffective|p2a: Jynx\n|-damage|p2a: Jynx|96\/100\n|-activate|p2a: Jynx|move: Infestation|[of] p1a: Shuckle\n|\n|-weather|Hail|[upkeep]\n|-damage|p1a: Shuckle|80\/100|[from] Hail\n|-damage|p2a: Jynx|80\/100|[from] move: Infestation|[partiallytrapped]\n|upkeep\n|turn|5\n|\n|t:|1700923927\n|move|p1a: Shuckle|Power Split|p2a: Jynx\n|-activate|p1a: Shuckle|move: Power Split|[of] p2a: Jynx\n|move|p2a: Jynx|Trick Room|p2a: Jynx\n|-fieldstart|move: Trick Room|[of] p2a: Jynx\n|\n|-weather|none\n|-damage|p2a: Jynx|63\/100|[from] move: Infestation|[partiallytrapped]\n|upkeep\n|turn|6\n|\n|t:|1700923936\n|move|p1a: Shuckle|Stealth Rock|p2a: Jynx\n|-sidestart|p2: Tylermcduck|move: Stealth Rock\n|move|p2a: Jynx|Psychic|p1a: Shuckle\n|-damage|p1a: Shuckle|72\/100\n|-damage|p2a: Jynx|53\/100|[from] item: Life Orb\n|\n|-damage|p2a: Jynx|37\/100|[from] move: Infestation|[partiallytrapped]\n|upkeep\n|turn|7\n|\n|t:|1700923946\n|move|p1a: Shuckle|Toxic|p2a: Jynx\n|-status|p2a: Jynx|tox\n|move|p2a: Jynx|Draining Kiss|p1a: Shuckle\n|-damage|p1a: Shuckle|70\/100\n|-heal|p2a: Jynx|39\/100 tox|[from] drain|[of] p1a: Shuckle\n|-damage|p2a: Jynx|29\/100 tox|[from] item: Life Orb\n|\n|-damage|p2a: Jynx|23\/100 tox|[from] psn\n|-damage|p2a: Jynx|6\/100 tox|[from] move: Infestation|[partiallytrapped]\n|upkeep\n|turn|8\n|\n|t:|1700923958\n|move|p1a: Shuckle|Infestation|p2a: Jynx\n|-supereffective|p2a: Jynx\n|-damage|p2a: Jynx|0 fnt\n|faint|p2a: Jynx\n|\n|-sideend|p1: josefjosda|move: Light Screen\n|upkeep\n|\n|t:|1700923964\n|switch|p2a: Cryogonal|Cryogonal|100\/100\n|-damage|p2a: Cryogonal|76\/100|[from] Stealth Rock\n|turn|9\n|\n|t:|1700923969\n|-terastallize|p2a: Cryogonal|Steel\n|move|p1a: Shuckle|Power Split|p2a: Cryogonal\n|-activate|p1a: Shuckle|move: Power Split|[of] p2a: Cryogonal\n|move|p2a: Cryogonal|Rapid Spin|p1a: Shuckle\n|-resisted|p1a: Shuckle\n|-damage|p1a: Shuckle|69\/100\n|-boost|p2a: Cryogonal|spe|1\n|-sideend|p2: Tylermcduck|Stealth Rock|[from] move: Rapid Spin|[of] p2a: Cryogonal\n|\n|-heal|p2a: Cryogonal|82\/100|[from] item: Leftovers\n|-sideend|p1: josefjosda|Reflect\n|-fieldend|move: Trick Room\n|upkeep\n|turn|10\n|\n|t:|1700923981\n|move|p2a: Cryogonal|Flash Cannon|p1a: Shuckle\n|-supereffective|p1a: Shuckle\n|-damage|p1a: Shuckle|44\/100\n|move|p1a: Shuckle|Infestation|p2a: Cryogonal\n|-resisted|p2a: Cryogonal\n|-damage|p2a: Cryogonal|79\/100\n|-activate|p2a: Cryogonal|move: Infestation|[of] p1a: Shuckle\n|\n|-heal|p2a: Cryogonal|85\/100|[from] item: Leftovers\n|-damage|p2a: Cryogonal|68\/100|[from] move: Infestation|[partiallytrapped]\n|upkeep\n|turn|11\n|\n|t:|1700924001\n|move|p2a: Cryogonal|Flash Cannon|p1a: Shuckle\n|-supereffective|p1a: Shuckle\n|-damage|p1a: Shuckle|17\/100\n|move|p1a: Shuckle|Stealth Rock|p2a: Cryogonal\n|-sidestart|p2: Tylermcduck|move: Stealth Rock\n|\n|-heal|p2a: Cryogonal|74\/100|[from] item: Leftovers\n|-damage|p2a: Cryogonal|57\/100|[from] move: Infestation|[partiallytrapped]\n|upkeep\n|turn|12\n|\n|t:|1700924011\n|move|p2a: Cryogonal|Rapid Spin|p1a: Shuckle\n|-resisted|p1a: Shuckle\n|-damage|p1a: Shuckle|16\/100\n|-boost|p2a: Cryogonal|spe|1\n|-sideend|p2: Tylermcduck|Stealth Rock|[from] move: Rapid Spin|[of] p2a: Cryogonal\n|-end|p2a: Cryogonal|Infestation|[partiallytrapped]\n|move|p1a: Shuckle|Infestation|p2a: Cryogonal\n|-resisted|p2a: Cryogonal\n|-damage|p2a: Cryogonal|54\/100\n|-activate|p2a: Cryogonal|move: Infestation|[of] p1a: Shuckle\n|\n|-heal|p2a: Cryogonal|60\/100|[from] item: Leftovers\n|-damage|p2a: Cryogonal|44\/100|[from] move: Infestation|[partiallytrapped]\n|upkeep\n|turn|13\n|\n|t:|1700924024\n|move|p2a: Cryogonal|Flash Cannon|p1a: Shuckle\n|-supereffective|p1a: Shuckle\n|-damage|p1a: Shuckle|0 fnt\n|faint|p1a: Shuckle\n|\n|-heal|p2a: Cryogonal|50\/100|[from] item: Leftovers\n|-end|p2a: Cryogonal|Infestation|[partiallytrapped]|[silent]\n|upkeep\n|\n|t:|1700924035\n|switch|p1a: Goodra|Goodra-Hisui, F|100\/100\n|turn|14\n|\n|t:|1700924040\n|move|p2a: Cryogonal|Hail|p2a: Cryogonal\n|-weather|Hail\n|move|p1a: Goodra|Fire Blast|p2a: Cryogonal\n|-supereffective|p2a: Cryogonal\n|-damage|p2a: Cryogonal|0 fnt\n|faint|p2a: Cryogonal\n|\n|-weather|Hail|[upkeep]\n|-damage|p1a: Goodra|94\/100|[from] Hail\n|upkeep\n|\n|t:|1700924046\n|switch|p2a: Delibird|Delibird, M|100\/100\n|turn|15\n|\n|t:|1700924058\n|move|p2a: Delibird|Fake Out|p1a: Goodra\n|-resisted|p1a: Goodra\n|-damage|p1a: Goodra|92\/100\n|cant|p1a: Goodra|flinch\n|\n|-weather|Hail|[upkeep]\n|-damage|p1a: Goodra|86\/100|[from] Hail\n|upkeep\n|turn|16\n|\n|t:|1700924067\n|move|p2a: Delibird|Memento|p1a: Goodra\n|-unboost|p1a: Goodra|atk|2\n|-unboost|p1a: Goodra|spa|2\n|faint|p2a: Delibird\n|move|p1a: Goodra|Fire Blast|p2: Delibird|[notarget]\n|-fail|p1a: Goodra\n|\n|-weather|Hail|[upkeep]\n|-damage|p1a: Goodra|80\/100|[from] Hail\n|upkeep\n|\n|t:|1700924078\n|switch|p2a: Wyrdeer|Wyrdeer, M|100\/100\n|-ability|p2a: Wyrdeer|Intimidate|boost\n|-unboost|p1a: Goodra|atk|1\n|turn|17\n|\n|t:|1700924088\n|switch|p1a: Glimmora|Glimmora, F|100\/100\n|move|p2a: Wyrdeer|Calm Mind|p2a: Wyrdeer\n|-boost|p2a: Wyrdeer|spa|1\n|-boost|p2a: Wyrdeer|spd|1\n|\n|-weather|Hail|[upkeep]\n|-damage|p1a: Glimmora|94\/100|[from] Hail\n|-damage|p2a: Wyrdeer|94\/100|[from] Hail\n|upkeep\n|turn|18\n|\n|t:|1700924099\n|move|p1a: Glimmora|Stealth Rock|p2a: Wyrdeer\n|-sidestart|p2: Tylermcduck|move: Stealth Rock\n|move|p2a: Wyrdeer|Calm Mind|p2a: Wyrdeer\n|-boost|p2a: Wyrdeer|spa|1\n|-boost|p2a: Wyrdeer|spd|1\n|\n|-weather|none\n|upkeep\n|turn|19\n|\n|t:|1700924105\n|move|p1a: Glimmora|Mortal Spin|p2a: Wyrdeer\n|-damage|p2a: Wyrdeer|88\/100\n|-status|p2a: Wyrdeer|psn\n|-enditem|p2a: Wyrdeer|Red Card|[of] p1a: Glimmora\n|drag|p1a: Diancie|Diancie|100\/100\n|move|p2a: Wyrdeer|Calm Mind|p2a: Wyrdeer\n|-boost|p2a: Wyrdeer|spa|1\n|-boost|p2a: Wyrdeer|spd|1\n|\n|-damage|p2a: Wyrdeer|75\/100 psn|[from] psn\n|upkeep\n|turn|20\n|\n|t:|1700924122\n|move|p2a: Wyrdeer|Curse|p2a: Wyrdeer\n|-unboost|p2a: Wyrdeer|spe|1\n|-boost|p2a: Wyrdeer|atk|1\n|-boost|p2a: Wyrdeer|def|1\n|move|p1a: Diancie|Trick Room|p1a: Diancie\n|-fieldstart|move: Trick Room|[of] p1a: Diancie\n|\n|-damage|p2a: Wyrdeer|63\/100 psn|[from] psn\n|upkeep\n|turn|21\n|\n|t:|1700924131\n|move|p1a: Diancie|Diamond Storm|p2a: Wyrdeer\n|-crit|p2a: Wyrdeer\n|-damage|p2a: Wyrdeer|0 fnt\n|-boost|p1a: Diancie|def|2\n|faint|p2a: Wyrdeer\n|\n|upkeep\n|\n|t:|1700924139\n|switch|p2a: Sawsbuck|Sawsbuck-Winter, M|100\/100\n|-damage|p2a: Sawsbuck|88\/100|[from] Stealth Rock\n|turn|22\n|\n|t:|1700924147\n|-terastallize|p1a: Diancie|Fighting\n|move|p1a: Diancie|Body Press|p2a: Sawsbuck\n|-supereffective|p2a: Sawsbuck\n|-damage|p2a: Sawsbuck|0 fnt\n|faint|p2a: Sawsbuck\n|\n|upkeep\n|\n|t:|1700924151\n|switch|p2a: Stantler|Stantler, F|100\/100\n|-damage|p2a: Stantler|88\/100|[from] Stealth Rock\n|-ability|p2a: Stantler|Intimidate|boost\n|-fail|p1a: Diancie|unboost|[from] ability: Clear Body|[of] p1a: Diancie\n|turn|23\n|\n|t:|1700924157\n|move|p1a: Diancie|Body Press|p2a: Stantler\n|-supereffective|p2a: Stantler\n|-damage|p2a: Stantler|0 fnt\n|faint|p2a: Stantler\n|\n|win|josefjosda\n|raw|josefjosda's rating: 1090 &rarr; <strong>1122<\/strong><br \/>(+32 for winning)\n|raw|Tylermcduck's rating: 1164 &rarr; <strong>1134<\/strong><br \/>(-30 for losing)\n|l|\u2606Tylermcduck\n","uploadtime":1700924182,"views":0,"p1id":"josefjosda","p2id":"tylermcduck","formatid":"gen9nationaldex","rating":1122,"private":0,"password":""}