{"id":"gen9nationaldex-1988752064","p1":"mixco","p2":"Cooolth","format":"[Gen 9] National Dex","log":"|j|\u2606mixco\n|j|\u2606Cooolth\n|t:|1699758572\n|gametype|singles\n|player|p1|mixco|penny|1458\n|player|p2|Cooolth|clown|1486\n|teamsize|p1|6\n|teamsize|p2|6\n|gen|9\n|tier|[Gen 9] National Dex\n|rated|\n|rule|HP Percentage Mod: HP is shown in percentages\n|rule|Endless Battle Clause: Forcing endless battles is banned\n|rule|OHKO Clause: OHKO moves are banned\n|rule|Evasion Clause: Evasion abilities, items, and moves are banned\n|rule|Evasion Abilities Clause: Evasion abilities are banned\n|rule|Evasion Items Clause: Evasion items are banned\n|rule|Evasion Moves Clause: Evasion moves are banned\n|rule|Species Clause: Limit one of each Pok\u00e9mon\n|rule|Sleep Clause Mod: Limit one foe put to sleep\n|clearpoke\n|poke|p1|Ribombee, F|\n|poke|p1|Ting-Lu|\n|poke|p1|Iron Treads|\n|poke|p1|Sinistcha-Masterpiece|\n|poke|p1|Zapdos-Galar|\n|poke|p1|Heatran, F|\n|poke|p2|Tapu Lele|\n|poke|p2|Zapdos|\n|poke|p2|Ferrothorn, F|\n|poke|p2|Heatran, F|\n|poke|p2|Urshifu-*, M|\n|poke|p2|Ogerpon-Wellspring, F|\n|teampreview\n|\n|t:|1699758593\n|start\n|switch|p1a: Hokae|Ribombee, F|100\/100\n|switch|p2a: Ferrothorn|Ferrothorn, F|100\/100\n|turn|1\n|\n|t:|1699758598\n|move|p1a: Hokae|Sticky Web|p2a: Ferrothorn\n|-sidestart|p2: Cooolth|move: Sticky Web\n|move|p2a: Ferrothorn|Spikes|p1a: Hokae\n|-sidestart|p1: mixco|Spikes\n|\n|upkeep\n|turn|2\n|\n|t:|1699758603\n|switch|p1a: Heatran|Heatran, F|100\/100\n|-damage|p1a: Heatran|88\/100|[from] Spikes\n|move|p2a: Ferrothorn|Leech Seed|p1a: Heatran\n|-start|p1a: Heatran|move: Leech Seed\n|\n|-heal|p1a: Heatran|94\/100|[from] item: Leftovers\n|-damage|p1a: Heatran|82\/100|[from] Leech Seed|[of] p2a: Ferrothorn\n|upkeep\n|turn|3\n|j| JuzOzuj\n|\n|t:|1699758618\n|switch|p2a: Zapdos|Zapdos|100\/100\n|move|p1a: Heatran|Magma Storm|p2a: Zapdos|[miss]\n|-miss|p1a: Heatran|p2a: Zapdos\n|\n|-heal|p1a: Heatran|88\/100|[from] item: Leftovers\n|-damage|p1a: Heatran|75\/100|[from] Leech Seed|[of] p2a: Zapdos\n|upkeep\n|turn|4\n|\n|t:|1699758625\n|switch|p1a: Iron Treads|Iron Treads|100\/100\n|-damage|p1a: Iron Treads|88\/100|[from] Spikes\n|move|p2a: Zapdos|Hurricane|p1a: Iron Treads|[miss]\n|-miss|p2a: Zapdos|p1a: Iron Treads\n|\n|-heal|p1a: Iron Treads|94\/100|[from] item: Leftovers\n|upkeep\n|turn|5\n|\n|t:|1699758631\n|move|p1a: Iron Treads|Rapid Spin|p2a: Zapdos\n|-damage|p2a: Zapdos|87\/100\n|-boost|p1a: Iron Treads|spe|1\n|-sideend|p1: mixco|Spikes|[from] move: Rapid Spin|[of] p1a: Iron Treads\n|move|p2a: Zapdos|Defog|p1a: Iron Treads\n|-unboost|p1a: Iron Treads|evasion|1\n|-sideend|p2: Cooolth|Sticky Web|[from] move: Defog|[of] p2a: Zapdos\n|\n|-heal|p1a: Iron Treads|100\/100|[from] item: Leftovers\n|upkeep\n|turn|6\n|\n|t:|1699758640\n|move|p1a: Iron Treads|Ice Spinner|p2a: Zapdos\n|-supereffective|p2a: Zapdos\n|-damage|p2a: Zapdos|45\/100\n|move|p2a: Zapdos|Hurricane|p1a: Iron Treads\n|-resisted|p1a: Iron Treads\n|-damage|p1a: Iron Treads|73\/100\n|-start|p1a: Iron Treads|confusion\n|\n|-heal|p1a: Iron Treads|79\/100|[from] item: Leftovers\n|upkeep\n|turn|7\n|\n|t:|1699758647\n|-activate|p1a: Iron Treads|confusion\n|move|p1a: Iron Treads|Volt Switch|p2a: Zapdos\n|-damage|p2a: Zapdos|37\/100\n|\n|t:|1699758651\n|-end|p1a: Iron Treads|Quark Drive|[silent]\n|switch|p1a: Chef-lu|Ting-Lu|100\/100|[from] Volt Switch\n|-ability|p1a: Chef-lu|Vessel of Ruin\n|move|p2a: Zapdos|Roost|p2a: Zapdos\n|-heal|p2a: Zapdos|87\/100\n|-singleturn|p2a: Zapdos|move: Roost\n|\n|upkeep\n|turn|8\n|\n|t:|1699758663\n|switch|p2a: Ferrothorn|Ferrothorn, F|100\/100\n|move|p1a: Chef-lu|Stealth Rock|p2a: Ferrothorn\n|-sidestart|p2: Cooolth|move: Stealth Rock\n|\n|upkeep\n|turn|9\n|\n|t:|1699758669\n|move|p2a: Ferrothorn|Spikes|p1a: Chef-lu\n|-sidestart|p1: mixco|Spikes\n|move|p1a: Chef-lu|Whirlwind|p2a: Ferrothorn\n|drag|p2a: Zapdos|Zapdos|87\/100\n|\n|upkeep\n|turn|10\n|\n|t:|1699758677\n|switch|p2a: Ferrothorn|Ferrothorn, F|100\/100\n|-damage|p2a: Ferrothorn|94\/100|[from] Stealth Rock\n|move|p1a: Chef-lu|Spikes|p2a: Ferrothorn\n|-sidestart|p2: Cooolth|Spikes\n|\n|upkeep\n|turn|11\n|\n|t:|1699758683\n|move|p2a: Ferrothorn|Leech Seed|p1a: Chef-lu\n|-start|p1a: Chef-lu|move: Leech Seed\n|move|p1a: Chef-lu|Whirlwind|p2a: Ferrothorn\n|drag|p2a: Tapu Lele|Tapu Lele|100\/100\n|-damage|p2a: Tapu Lele|88\/100|[from] Stealth Rock\n|-damage|p2a: Tapu Lele|76\/100|[from] Spikes\n|-fieldstart|move: Psychic Terrain|[from] ability: Psychic Surge|[of] p2a: Tapu Lele\n|\n|-damage|p1a: Chef-lu|88\/100|[from] Leech Seed|[of] p2a: Tapu Lele\n|-heal|p2a: Tapu Lele|98\/100|[silent]\n|upkeep\n|turn|12\n|\n|t:|1699758691\n|switch|p1a: Iron Treads|Iron Treads|79\/100\n|-damage|p1a: Iron Treads|67\/100|[from] Spikes\n|move|p2a: Tapu Lele|Focus Blast|p1a: Iron Treads|[miss]\n|-miss|p2a: Tapu Lele|p1a: Iron Treads\n|\n|-heal|p1a: Iron Treads|73\/100|[from] item: Leftovers\n|upkeep\n|turn|13\n|\n|t:|1699758699\n|switch|p2a: Zapdos|Zapdos|87\/100\n|move|p1a: Iron Treads|Rapid Spin|p2a: Zapdos\n|-damage|p2a: Zapdos|73\/100\n|-boost|p1a: Iron Treads|spe|1\n|-sideend|p1: mixco|Spikes|[from] move: Rapid Spin|[of] p1a: Iron Treads\n|\n|-heal|p1a: Iron Treads|79\/100|[from] item: Leftovers\n|upkeep\n|turn|14\n|\n|t:|1699758705\n|move|p1a: Iron Treads|Ice Spinner|p2a: Zapdos\n|-supereffective|p2a: Zapdos\n|-damage|p2a: Zapdos|32\/100\n|-fieldend|move: Psychic Terrain\n|move|p2a: Zapdos|Roost|p2a: Zapdos\n|-heal|p2a: Zapdos|82\/100\n|-singleturn|p2a: Zapdos|move: Roost\n|\n|-heal|p1a: Iron Treads|85\/100|[from] item: Leftovers\n|upkeep\n|turn|15\n|\n|t:|1699758712\n|move|p1a: Iron Treads|Ice Spinner|p2a: Zapdos\n|-supereffective|p2a: Zapdos\n|-damage|p2a: Zapdos|38\/100\n|move|p2a: Zapdos|Defog|p1a: Iron Treads\n|-unboost|p1a: Iron Treads|evasion|1\n|-sideend|p2: Cooolth|Spikes|[from] move: Defog|[of] p2a: Zapdos\n|-sideend|p2: Cooolth|Stealth Rock|[from] move: Defog|[of] p2a: Zapdos\n|\n|-heal|p1a: Iron Treads|92\/100|[from] item: Leftovers\n|upkeep\n|turn|16\n|\n|t:|1699758719\n|move|p1a: Iron Treads|Ice Spinner|p2a: Zapdos\n|-supereffective|p2a: Zapdos\n|-damage|p2a: Zapdos|0 fnt\n|-status|p1a: Iron Treads|par|[from] ability: Static|[of] p2a: Zapdos\n|faint|p2a: Zapdos\n|\n|-heal|p1a: Iron Treads|98\/100 par|[from] item: Leftovers\n|upkeep\n|\n|t:|1699758723\n|switch|p2a: Urshifu|Urshifu-Rapid-Strike, M|100\/100\n|turn|17\n|\n|t:|1699758729\n|-end|p1a: Iron Treads|Quark Drive|[silent]\n|switch|p1a: Sinistcha|Sinistcha-Masterpiece|100\/100\n|move|p2a: Urshifu|Surging Strikes|p1a: Sinistcha\n|-resisted|p1a: Sinistcha\n|-crit|p1a: Sinistcha\n|-damage|p1a: Sinistcha|94\/100\n|-resisted|p1a: Sinistcha\n|-crit|p1a: Sinistcha\n|-damage|p1a: Sinistcha|87\/100\n|-resisted|p1a: Sinistcha\n|-crit|p1a: Sinistcha\n|-damage|p1a: Sinistcha|81\/100\n|-hitcount|p1a: Sinistcha|3\n|\n|upkeep\n|turn|18\n|\n|t:|1699758738\n|switch|p2a: Tapu Lele|Tapu Lele|98\/100\n|-fieldstart|move: Psychic Terrain|[from] ability: Psychic Surge|[of] p2a: Tapu Lele\n|move|p1a: Sinistcha|Calm Mind|p1a: Sinistcha\n|-boost|p1a: Sinistcha|spa|1\n|-boost|p1a: Sinistcha|spd|1\n|\n|upkeep\n|turn|19\n|\n|t:|1699758741\n|move|p2a: Tapu Lele|Psyshock|p1a: Sinistcha\n|-damage|p1a: Sinistcha|44\/100\n|move|p1a: Sinistcha|Calm Mind|p1a: Sinistcha\n|-boost|p1a: Sinistcha|spa|1\n|-boost|p1a: Sinistcha|spd|1\n|\n|upkeep\n|turn|20\n|\n|t:|1699758755\n|-terastallize|p2a: Tapu Lele|Psychic\n|move|p2a: Tapu Lele|Psyshock|p1a: Sinistcha\n|-damage|p1a: Sinistcha|0 fnt\n|faint|p1a: Sinistcha\n|\n|upkeep\n|inactive|Battle timer is ON: inactive players will automatically lose when time's up. (requested by Cooolth)\n|\n|t:|1699758783\n|switch|p1a: Hokae|Ribombee, F|100\/100\n|turn|21\n|\n|t:|1699758791\n|move|p2a: Tapu Lele|Psyshock|p1a: Hokae\n|-enditem|p1a: Hokae|Focus Sash\n|-damage|p1a: Hokae|1\/100\n|move|p1a: Hokae|Sticky Web|p2a: Tapu Lele\n|-sidestart|p2: Cooolth|move: Sticky Web\n|\n|upkeep\n|turn|22\n|\n|t:|1699758797\n|switch|p2a: Ferrothorn|Ferrothorn, F|94\/100\n|-activate|p2a: Ferrothorn|move: Sticky Web\n|-unboost|p2a: Ferrothorn|spe|1\n|switch|p1a: Chef-lu|Ting-Lu|88\/100\n|-ability|p1a: Chef-lu|Vessel of Ruin\n|\n|-heal|p1a: Chef-lu|94\/100|[from] item: Leftovers\n|-fieldend|move: Psychic Terrain\n|upkeep\n|turn|23\n|\n|t:|1699758801\n|move|p1a: Chef-lu|Stealth Rock|p2a: Ferrothorn\n|-sidestart|p2: Cooolth|move: Stealth Rock\n|move|p2a: Ferrothorn|Spikes|p1a: Chef-lu\n|-sidestart|p1: mixco|Spikes\n|\n|-heal|p1a: Chef-lu|100\/100|[from] item: Leftovers\n|upkeep\n|turn|24\n|\n|t:|1699758807\n|move|p2a: Ferrothorn|Spikes|p1a: Chef-lu\n|-sidestart|p1: mixco|Spikes\n|move|p1a: Chef-lu|Whirlwind|p2a: Ferrothorn\n|drag|p2a: Tapu Lele|Tapu Lele, tera:Psychic|98\/100\n|-activate|p2a: Tapu Lele|move: Sticky Web\n|-unboost|p2a: Tapu Lele|spe|1\n|-damage|p2a: Tapu Lele|86\/100|[from] Stealth Rock\n|-fieldstart|move: Psychic Terrain|[from] ability: Psychic Surge|[of] p2a: Tapu Lele\n|\n|upkeep\n|turn|25\n|\n|t:|1699758816\n|switch|p1a: Iron Treads|Iron Treads|98\/100 par\n|-damage|p1a: Iron Treads|81\/100 par|[from] Spikes\n|move|p2a: Tapu Lele|Future Sight|p1a: Iron Treads\n|-start|p2a: Tapu Lele|move: Future Sight\n|\n|-heal|p1a: Iron Treads|87\/100 par|[from] item: Leftovers\n|upkeep\n|turn|26\n|\n|t:|1699758822\n|switch|p2a: Heatran|Heatran, F|100\/100\n|-activate|p2a: Heatran|move: Sticky Web\n|-unboost|p2a: Heatran|spe|1\n|-damage|p2a: Heatran|88\/100|[from] Stealth Rock\n|move|p1a: Iron Treads|Rapid Spin|p2a: Heatran\n|-resisted|p2a: Heatran\n|-damage|p2a: Heatran|82\/100\n|-boost|p1a: Iron Treads|spe|1\n|-sideend|p1: mixco|Spikes|[from] move: Rapid Spin|[of] p1a: Iron Treads\n|\n|-heal|p1a: Iron Treads|94\/100 par|[from] item: Leftovers\n|-heal|p2a: Heatran|88\/100|[from] item: Leftovers\n|upkeep\n|turn|27\n|\n|t:|1699758843\n|move|p1a: Iron Treads|Earthquake|p2a: Heatran\n|-supereffective|p2a: Heatran\n|-crit|p2a: Heatran\n|-damage|p2a: Heatran|0 fnt\n|faint|p2a: Heatran\n|\n|-end|p1a: Iron Treads|move: Future Sight\n|-resisted|p1a: Iron Treads\n|-damage|p1a: Iron Treads|34\/100 par\n|-heal|p1a: Iron Treads|40\/100 par|[from] item: Leftovers\n|upkeep\n|\n|t:|1699758849\n|switch|p2a: Ferrothorn|Ferrothorn, F|94\/100\n|-activate|p2a: Ferrothorn|move: Sticky Web\n|-unboost|p2a: Ferrothorn|spe|1\n|-damage|p2a: Ferrothorn|88\/100|[from] Stealth Rock\n|turn|28\n|\n|t:|1699758856\n|-end|p1a: Iron Treads|Quark Drive|[silent]\n|switch|p1a: Chef-lu|Ting-Lu|100\/100\n|-ability|p1a: Chef-lu|Vessel of Ruin\n|move|p2a: Ferrothorn|Knock Off|p1a: Chef-lu\n|-resisted|p1a: Chef-lu\n|-damage|p1a: Chef-lu|95\/100\n|-enditem|p1a: Chef-lu|Leftovers|[from] move: Knock Off|[of] p2a: Ferrothorn\n|\n|-fieldend|move: Psychic Terrain\n|upkeep\n|turn|29\n|\n|t:|1699758864\n|move|p1a: Chef-lu|Spikes|p2a: Ferrothorn\n|-sidestart|p2: Cooolth|Spikes\n|move|p2a: Ferrothorn|Spikes|p1a: Chef-lu\n|-sidestart|p1: mixco|Spikes\n|\n|upkeep\n|turn|30\n|\n|t:|1699758867\n|move|p2a: Ferrothorn|Spikes|p1a: Chef-lu\n|-sidestart|p1: mixco|Spikes\n|move|p1a: Chef-lu|Whirlwind|p2a: Ferrothorn\n|drag|p2a: Tapu Lele|Tapu Lele, tera:Psychic|86\/100\n|-activate|p2a: Tapu Lele|move: Sticky Web\n|-unboost|p2a: Tapu Lele|spe|1\n|-damage|p2a: Tapu Lele|73\/100|[from] Stealth Rock\n|-damage|p2a: Tapu Lele|61\/100|[from] Spikes\n|-fieldstart|move: Psychic Terrain|[from] ability: Psychic Surge|[of] p2a: Tapu Lele\n|\n|upkeep\n|turn|31\n|\n|t:|1699758871\n|switch|p1a: Iron Treads|Iron Treads|40\/100 par\n|-damage|p1a: Iron Treads|23\/100 par|[from] Spikes\n|move|p2a: Tapu Lele|Focus Blast|p1a: Iron Treads|[miss]\n|-miss|p2a: Tapu Lele|p1a: Iron Treads\n|\n|-heal|p1a: Iron Treads|29\/100 par|[from] item: Leftovers\n|upkeep\n|turn|32\n|\n|t:|1699758877\n|move|p2a: Tapu Lele|Focus Blast|p1a: Iron Treads\n|-supereffective|p1a: Iron Treads\n|-damage|p1a: Iron Treads|0 fnt\n|faint|p1a: Iron Treads\n|-end|p1a: Iron Treads|Quark Drive|[silent]\n|\n|upkeep\n|\n|t:|1699758882\n|switch|p1a: Zapatos|Zapdos-Galar|100\/100\n|turn|33\n|\n|t:|1699758895\n|switch|p2a: Ferrothorn|Ferrothorn, F|88\/100\n|-activate|p2a: Ferrothorn|move: Sticky Web\n|-unboost|p2a: Ferrothorn|spe|1\n|-damage|p2a: Ferrothorn|82\/100|[from] Stealth Rock\n|-damage|p2a: Ferrothorn|69\/100|[from] Spikes\n|move|p1a: Zapatos|Knock Off|p2a: Ferrothorn\n|-damage|p2a: Ferrothorn|39\/100\n|-damage|p1a: Zapatos|88\/100|[from] ability: Iron Barbs|[of] p2a: Ferrothorn\n|-damage|p1a: Zapatos|72\/100|[from] item: Rocky Helmet|[of] p2a: Ferrothorn\n|-enditem|p2a: Ferrothorn|Rocky Helmet|[from] move: Knock Off|[of] p1a: Zapatos\n|\n|upkeep\n|turn|34\n|\n|t:|1699758910\n|switch|p1a: Hokae|Ribombee, F|1\/100\n|-damage|p1a: Hokae|0 fnt|[from] Spikes\n|faint|p1a: Hokae\n|move|p2a: Ferrothorn|Gyro Ball|p1: Hokae|[notarget]\n|-fail|p2a: Ferrothorn\n|\n|-fieldend|move: Psychic Terrain\n|upkeep\n|inactive|mixco has 120 seconds left.\n|\n|t:|1699758946\n|switch|p1a: Chef-lu|Ting-Lu|95\/100\n|-damage|p1a: Chef-lu|79\/100|[from] Spikes\n|-ability|p1a: Chef-lu|Vessel of Ruin\n|turn|35\n|\n|t:|1699758953\n|move|p1a: Chef-lu|Spikes|p2a: Ferrothorn\n|-sidestart|p2: Cooolth|Spikes\n|move|p2a: Ferrothorn|Leech Seed|p1a: Chef-lu\n|-start|p1a: Chef-lu|move: Leech Seed\n|\n|-damage|p1a: Chef-lu|66\/100|[from] Leech Seed|[of] p2a: Ferrothorn\n|-heal|p2a: Ferrothorn|57\/100|[silent]\n|upkeep\n|turn|36\n|inactive|mixco has 120 seconds left.\n|\n|t:|1699758958\n|move|p2a: Ferrothorn|Spikes|p1a: Chef-lu\n|-sidestart|p1: mixco|Spikes\n|move|p1a: Chef-lu|Whirlwind|p2a: Ferrothorn\n|drag|p2a: Tapu Lele|Tapu Lele, tera:Psychic|61\/100\n|-activate|p2a: Tapu Lele|move: Sticky Web\n|-unboost|p2a: Tapu Lele|spe|1\n|-damage|p2a: Tapu Lele|49\/100|[from] Stealth Rock\n|-damage|p2a: Tapu Lele|32\/100|[from] Spikes\n|-fieldstart|move: Psychic Terrain|[from] ability: Psychic Surge|[of] p2a: Tapu Lele\n|\n|-damage|p1a: Chef-lu|54\/100|[from] Leech Seed|[of] p2a: Tapu Lele\n|-heal|p2a: Tapu Lele|55\/100|[silent]\n|upkeep\n|turn|37\n|inactive|mixco has 120 seconds left.\n|\n|t:|1699758977\n|switch|p1a: Heatran|Heatran, F|75\/100\n|-damage|p1a: Heatran|50\/100|[from] Spikes\n|move|p2a: Tapu Lele|Moonblast|p1a: Heatran\n|-resisted|p1a: Heatran\n|-damage|p1a: Heatran|40\/100\n|-unboost|p1a: Heatran|spa|1\n|\n|-heal|p1a: Heatran|46\/100|[from] item: Leftovers\n|upkeep\n|turn|38\n|inactive|mixco has 120 seconds left.\n|\n|t:|1699758989\n|switch|p2a: Ogerpon|Ogerpon-Wellspring, F|100\/100\n|-activate|p2a: Ogerpon|move: Sticky Web\n|-unboost|p2a: Ogerpon|spe|1\n|-damage|p2a: Ogerpon|88\/100|[from] Stealth Rock\n|-damage|p2a: Ogerpon|72\/100|[from] Spikes\n|move|p1a: Heatran|Magma Storm|p2a: Ogerpon\n|-damage|p2a: Ogerpon|36\/100\n|-activate|p2a: Ogerpon|move: Magma Storm|[of] p1a: Heatran\n|\n|-heal|p1a: Heatran|52\/100|[from] item: Leftovers\n|-damage|p2a: Ogerpon|24\/100|[from] move: Magma Storm|[partiallytrapped]\n|upkeep\n|turn|39\n|inactive|mixco has 120 seconds left.\n|\n|t:|1699759004\n|move|p1a: Heatran|Protect|p1a: Heatran\n|-singleturn|p1a: Heatran|Protect\n|move|p2a: Ogerpon|Ivy Cudgel|p1a: Heatran\n|-activate|p1a: Heatran|move: Protect\n|\n|-heal|p1a: Heatran|58\/100|[from] item: Leftovers\n|-damage|p2a: Ogerpon|12\/100|[from] move: Magma Storm|[partiallytrapped]\n|upkeep\n|turn|40\n|inactive|mixco has 120 seconds left.\n|inactive|mixco has 90 seconds left.\n|\n|t:|1699759050\n|-terastallize|p1a: Heatran|Grass\n|move|p2a: Ogerpon|Ivy Cudgel|p1a: Heatran\n|-resisted|p1a: Heatran\n|-damage|p1a: Heatran|38\/100\n|move|p1a: Heatran|Magma Storm|p2a: Ogerpon\n|-damage|p2a: Ogerpon|0 fnt\n|faint|p2a: Ogerpon\n|\n|-heal|p1a: Heatran|44\/100|[from] item: Leftovers\n|-fieldend|move: Psychic Terrain\n|upkeep\n|\n|t:|1699759065\n|switch|p2a: Urshifu|Urshifu-Rapid-Strike, M|100\/100\n|-activate|p2a: Urshifu|move: Sticky Web\n|-unboost|p2a: Urshifu|spe|1\n|-damage|p2a: Urshifu|94\/100|[from] Stealth Rock\n|-damage|p2a: Urshifu|78\/100|[from] Spikes\n|turn|41\n|\n|t:|1699759072\n|move|p2a: Urshifu|Drain Punch|p1a: Heatran\n|-damage|p1a: Heatran|18\/100\n|-heal|p2a: Urshifu|93\/100|[from] drain|[of] p1a: Heatran\n|move|p1a: Heatran|Magma Storm|p2a: Urshifu|[miss]\n|-miss|p1a: Heatran|p2a: Urshifu\n|\n|-heal|p1a: Heatran|24\/100|[from] item: Leftovers\n|upkeep\n|turn|42\n|\n|t:|1699759081\n|move|p1a: Heatran|Protect|p1a: Heatran\n|-singleturn|p1a: Heatran|Protect\n|move|p2a: Urshifu|Drain Punch|p1a: Heatran\n|-damage|p1a: Heatran|1\/100\n|-heal|p2a: Urshifu|100\/100|[from] drain|[of] p1a: Heatran\n|\n|-heal|p1a: Heatran|7\/100|[from] item: Leftovers\n|upkeep\n|turn|43\n|\n|t:|1699759087\n|move|p2a: Urshifu|Surging Strikes|p1a: Heatran\n|-resisted|p1a: Heatran\n|-crit|p1a: Heatran\n|-damage|p1a: Heatran|1\/100\n|-resisted|p1a: Heatran\n|-crit|p1a: Heatran\n|-damage|p1a: Heatran|0 fnt\n|faint|p1a: Heatran\n|-hitcount|p1: Heatran|2\n|\n|upkeep\n|\n|t:|1699759090\n|switch|p1a: Zapatos|Zapdos-Galar|72\/100\n|turn|44\n|\n|t:|1699759098\n|move|p1a: Zapatos|Brave Bird|p2a: Urshifu\n|-supereffective|p2a: Urshifu\n|-damage|p2a: Urshifu|0 fnt\n|faint|p2a: Urshifu\n|-damage|p1a: Zapatos|36\/100|[from] Recoil\n|\n|upkeep\n|\n|t:|1699759101\n|switch|p2a: Ferrothorn|Ferrothorn, F|57\/100\n|-activate|p2a: Ferrothorn|move: Sticky Web\n|-unboost|p2a: Ferrothorn|spe|1\n|-damage|p2a: Ferrothorn|51\/100|[from] Stealth Rock\n|-damage|p2a: Ferrothorn|34\/100|[from] Spikes\n|turn|45\n|\n|t:|1699759114\n|move|p1a: Zapatos|Brave Bird|p2a: Ferrothorn\n|-damage|p2a: Ferrothorn|0 fnt\n|-damage|p1a: Zapatos|24\/100|[from] ability: Iron Barbs|[of] p2a: Ferrothorn\n|faint|p2a: Ferrothorn\n|-damage|p1a: Zapatos|12\/100|[from] Recoil\n|\n|upkeep\n|\n|t:|1699759117\n|switch|p2a: Tapu Lele|Tapu Lele, tera:Psychic|55\/100\n|-activate|p2a: Tapu Lele|move: Sticky Web\n|-unboost|p2a: Tapu Lele|spe|1\n|-damage|p2a: Tapu Lele|42\/100|[from] Stealth Rock\n|-damage|p2a: Tapu Lele|26\/100|[from] Spikes\n|-fieldstart|move: Psychic Terrain|[from] ability: Psychic Surge|[of] p2a: Tapu Lele\n|turn|46\n|\n|t:|1699759120\n|move|p1a: Zapatos|Brave Bird|p2a: Tapu Lele\n|-damage|p2a: Tapu Lele|0 fnt\n|faint|p2a: Tapu Lele\n|-damage|p1a: Zapatos|4\/100|[from] Recoil\n|\n|win|mixco\n|raw|mixco's rating: 1458 &rarr; <strong>1480<\/strong><br \/>(+22 for winning)\n|raw|Cooolth's rating: 1486 &rarr; <strong>1464<\/strong><br \/>(-22 for losing)\n|l|\u2606Cooolth\n|l|\u2606mixco\n","uploadtime":1699759414,"views":6,"p1id":"mixco","p2id":"cooolth","formatid":"gen9nationaldex","rating":1464,"private":0,"password":""}