{"id":"gen9nationaldex-2000399870","p1":"Beta1m","p2":"viiicey","format":"[Gen 9] National Dex","log":"|html|<div class=\"broadcast-blue\"><strong>[Gen 9] National Dex is currently suspecting Sneasler! For information on how to participate check out the <a href=\"https:\/\/www.smogon.com\/forums\/threads\/sv-national-dex-suspect-8-just-dance.3731534\/\">suspect thread<\/a>.<\/strong><\/div>\n|j|\u2606Beta1m\n|j|\u2606viiicey\n|t:|1701191600\n|gametype|singles\n|player|p1|Beta1m|veteran|1233\n|player|p2|viiicey|2|1217\n|teamsize|p1|6\n|teamsize|p2|6\n|gen|9\n|tier|[Gen 9] National Dex\n|rated|\n|rule|HP Percentage Mod: HP is shown in percentages\n|rule|Endless Battle Clause: Forcing endless battles is banned\n|rule|OHKO Clause: OHKO moves are banned\n|rule|Evasion Clause: Evasion abilities, items, and moves are banned\n|rule|Evasion Abilities Clause: Evasion abilities are banned\n|rule|Evasion Items Clause: Evasion items are banned\n|rule|Evasion Moves Clause: Evasion moves are banned\n|rule|Species Clause: Limit one of each Pok\u00e9mon\n|rule|Sleep Clause Mod: Limit one foe put to sleep\n|clearpoke\n|poke|p1|Ferrothorn, F|\n|poke|p1|Great Tusk|\n|poke|p1|Sneasler, F|\n|poke|p1|Weavile, F|\n|poke|p1|Heatran, M|\n|poke|p1|Latias, F|\n|poke|p2|Slaking, M|\n|poke|p2|Mew|\n|poke|p2|Venusaur, M|\n|poke|p2|Cobalion|\n|poke|p2|Grafaiai, M|\n|poke|p2|Hippowdon, M|\n|teampreview\n|\n|t:|1701191611\n|start\n|switch|p1a: Ferrothorn|Ferrothorn, F|100\/100\n|switch|p2a: Hafthor|Slaking, M|100\/100\n|turn|1\n|inactive|Battle timer is ON: inactive players will automatically lose when time's up. (requested by viiicey)\n|\n|t:|1701191619\n|move|p2a: Hafthor|Fire Punch|p1a: Ferrothorn\n|-supereffective|p1a: Ferrothorn\n|-damage|p1a: Ferrothorn|0 fnt\n|-damage|p2a: Hafthor|88\/100|[from] ability: Iron Barbs|[of] p1a: Ferrothorn\n|faint|p1a: Ferrothorn\n|\n|upkeep\n|\n|t:|1701191624\n|switch|p1a: Sneasler|Sneasler, F|100\/100\n|turn|2\n|\n|t:|1701191629\n|switch|p2a: Licis|Mew|100\/100\n|move|p1a: Sneasler|Swords Dance|p1a: Sneasler\n|-boost|p1a: Sneasler|atk|2\n|\n|upkeep\n|turn|3\n|\n|t:|1701191633\n|-terastallize|p1a: Sneasler|Flying\n|move|p1a: Sneasler|Close Combat|p2a: Licis\n|-resisted|p2a: Licis\n|-damage|p2a: Licis|51\/100\n|-unboost|p1a: Sneasler|def|1\n|-unboost|p1a: Sneasler|spd|1\n|-enditem|p1a: Sneasler|White Herb\n|-clearnegativeboost|p1a: Sneasler|[silent]\n|move|p2a: Licis|Psychic|p1a: Sneasler\n|-damage|p1a: Sneasler|61\/100\n|\n|upkeep\n|turn|4\n|\n|t:|1701191643\n|move|p1a: Sneasler|Acrobatics|p2a: Licis\n|-damage|p2a: Licis|0 fnt\n|faint|p2a: Licis\n|\n|upkeep\n|\n|t:|1701191651\n|switch|p2a: Big Z|Grafaiai, M|100\/100\n|turn|5\n|\n|t:|1701191656\n|move|p2a: Big Z|Toxic|p1a: Sneasler\n|-status|p1a: Sneasler|tox\n|move|p1a: Sneasler|Acrobatics|p2a: Big Z\n|-damage|p2a: Big Z|0 fnt\n|faint|p2a: Big Z\n|\n|-damage|p1a: Sneasler|55\/100 tox|[from] psn\n|upkeep\n|\n|t:|1701191666\n|switch|p2a: Hafthor|Slaking, M|88\/100\n|turn|6\n|\n|t:|1701191676\n|move|p2a: Hafthor|Sucker Punch|p1a: Sneasler\n|-damage|p1a: Sneasler|0 fnt\n|faint|p1a: Sneasler\n|\n|upkeep\n|\n|t:|1701191681\n|switch|p1a: Great Tusk|Great Tusk|100\/100\n|turn|7\n|\n|t:|1701191695\n|switch|p2a: Shaw|Hippowdon, M|100\/100\n|-weather|Sandstorm|[from] ability: Sand Stream|[of] p2a: Shaw\n|move|p1a: Great Tusk|Stealth Rock|p2a: Shaw\n|-sidestart|p2: viiicey|move: Stealth Rock\n|\n|-weather|Sandstorm|[upkeep]\n|upkeep\n|turn|8\n|\n|t:|1701191703\n|move|p1a: Great Tusk|Ice Spinner|p2a: Shaw\n|-supereffective|p2a: Shaw\n|-crit|p2a: Shaw\n|-damage|p2a: Shaw|66\/100\n|move|p2a: Shaw|Yawn|p1a: Great Tusk\n|-start|p1a: Great Tusk|move: Yawn|[of] p2a: Shaw\n|\n|-weather|Sandstorm|[upkeep]\n|-heal|p2a: Shaw|72\/100|[from] item: Leftovers\n|upkeep\n|turn|9\n|\n|t:|1701191712\n|move|p1a: Great Tusk|Ice Spinner|p2a: Shaw\n|-supereffective|p2a: Shaw\n|-damage|p2a: Shaw|46\/100\n|move|p2a: Shaw|Stealth Rock|p1a: Great Tusk\n|-sidestart|p1: Beta1m|move: Stealth Rock\n|\n|-weather|Sandstorm|[upkeep]\n|-heal|p2a: Shaw|52\/100|[from] item: Leftovers\n|-end|p1a: Great Tusk|move: Yawn|[silent]\n|-status|p1a: Great Tusk|slp\n|upkeep\n|turn|10\n|\n|t:|1701191721\n|-end|p1a: Great Tusk|Protosynthesis|[silent]\n|switch|p1a: Latias|Latias, F|100\/100\n|-damage|p1a: Latias|88\/100|[from] Stealth Rock\n|move|p2a: Shaw|Slack Off|p2a: Shaw\n|-heal|p2a: Shaw|100\/100\n|\n|-weather|Sandstorm|[upkeep]\n|-damage|p1a: Latias|82\/100|[from] Sandstorm\n|upkeep\n|turn|11\n|\n|t:|1701191734\n|switch|p2a: Hafthor|Slaking, M|88\/100\n|-damage|p2a: Hafthor|76\/100|[from] Stealth Rock\n|detailschange|p1a: Latias|Latias-Mega, F\n|-mega|p1a: Latias|Latias|Latiasite\n|move|p1a: Latias|Draco Meteor|p2a: Hafthor|[miss]\n|-miss|p1a: Latias|p2a: Hafthor\n|\n|-weather|none\n|upkeep\n|turn|12\n|\n|t:|1701191745\n|move|p2a: Hafthor|Sucker Punch||[still]\n|-fail|p2a: Hafthor\n|move|p1a: Latias|Thunder Wave|p2a: Hafthor\n|-status|p2a: Hafthor|par\n|\n|upkeep\n|turn|13\n|\n|t:|1701191755\n|switch|p1a: Weavile|Weavile, F|100\/100\n|-ability|p1a: Weavile|Pressure\n|switch|p2a: Shaw|Hippowdon, M|100\/100\n|-damage|p2a: Shaw|94\/100|[from] Stealth Rock\n|-weather|Sandstorm|[from] ability: Sand Stream|[of] p2a: Shaw\n|\n|-weather|Sandstorm|[upkeep]\n|-damage|p1a: Weavile|94\/100|[from] Sandstorm\n|-heal|p2a: Shaw|100\/100|[from] item: Leftovers\n|upkeep\n|turn|14\n|\n|t:|1701191771\n|move|p1a: Weavile|Triple Axel|p2a: Shaw\n|-supereffective|p2a: Shaw\n|-damage|p2a: Shaw|90\/100\n|-supereffective|p2a: Shaw\n|-damage|p2a: Shaw|68\/100\n|-supereffective|p2a: Shaw\n|-damage|p2a: Shaw|37\/100\n|-hitcount|p2a: Shaw|3\n|move|p2a: Shaw|Earthquake|p1a: Weavile\n|-damage|p1a: Weavile|25\/100\n|\n|-weather|Sandstorm|[upkeep]\n|-damage|p1a: Weavile|19\/100|[from] Sandstorm\n|-heal|p2a: Shaw|43\/100|[from] item: Leftovers\n|upkeep\n|turn|15\n|\n|t:|1701191783\n|move|p1a: Weavile|Triple Axel|p2a: Shaw\n|-supereffective|p2a: Shaw\n|-damage|p2a: Shaw|31\/100\n|-supereffective|p2a: Shaw\n|-damage|p2a: Shaw|12\/100\n|-supereffective|p2a: Shaw\n|-damage|p2a: Shaw|0 fnt\n|faint|p2a: Shaw\n|-hitcount|p2: Shaw|3\n|\n|-weather|Sandstorm|[upkeep]\n|-damage|p1a: Weavile|13\/100|[from] Sandstorm\n|upkeep\n|\n|t:|1701191793\n|switch|p2a: Nakonechnyy|Venusaur, M|100\/100\n|-damage|p2a: Nakonechnyy|88\/100|[from] Stealth Rock\n|turn|16\n|\n|t:|1701191802\n|detailschange|p2a: Nakonechnyy|Venusaur-Mega, M\n|-mega|p2a: Nakonechnyy|Venusaur|Venusaurite\n|move|p1a: Weavile|Triple Axel|p2a: Nakonechnyy\n|-supereffective|p2a: Nakonechnyy\n|-damage|p2a: Nakonechnyy|79\/100\n|-supereffective|p2a: Nakonechnyy\n|-crit|p2a: Nakonechnyy\n|-damage|p2a: Nakonechnyy|54\/100\n|-supereffective|p2a: Nakonechnyy\n|-damage|p2a: Nakonechnyy|29\/100\n|-hitcount|p2a: Nakonechnyy|3\n|move|p2a: Nakonechnyy|Giga Drain|p1a: Weavile\n|-damage|p1a: Weavile|0 fnt\n|-heal|p2a: Nakonechnyy|34\/100|[from] drain|[of] p1a: Weavile\n|faint|p1a: Weavile\n|\n|-weather|Sandstorm|[upkeep]\n|-damage|p2a: Nakonechnyy|28\/100|[from] Sandstorm\n|upkeep\n|\n|t:|1701191812\n|switch|p1a: Heatran|Heatran, M|100\/100\n|-damage|p1a: Heatran|88\/100|[from] Stealth Rock\n|turn|17\n|\n|t:|1701191821\n|switch|p2a: Stoltman|Cobalion|100\/100\n|-damage|p2a: Stoltman|97\/100|[from] Stealth Rock\n|move|p1a: Heatran|Magma Storm|p2a: Stoltman|[miss]\n|-miss|p1a: Heatran|p2a: Stoltman\n|\n|-weather|none\n|-heal|p1a: Heatran|94\/100|[from] item: Leftovers\n|upkeep\n|turn|18\n|\n|t:|1701191830\n|switch|p1a: Great Tusk|Great Tusk|100\/100 slp\n|-damage|p1a: Great Tusk|98\/100 slp|[from] Stealth Rock\n|-zpower|p2a: Stoltman\n|move|p2a: Stoltman|All-Out Pummeling|p1a: Great Tusk|[zeffect]\n|-damage|p1a: Great Tusk|0 fnt\n|faint|p1a: Great Tusk\n|-end|p1a: Great Tusk|Protosynthesis|[silent]\n|\n|upkeep\n|\n|t:|1701191838\n|switch|p1a: Latias|Latias-Mega, F|82\/100\n|-damage|p1a: Latias|70\/100|[from] Stealth Rock\n|turn|19\n|\n|t:|1701191849\n|move|p2a: Stoltman|Volt Switch|p1a: Latias\n|-resisted|p1a: Latias\n|-damage|p1a: Latias|64\/100\n|\n|t:|1701191853\n|switch|p2a: Hafthor|Slaking, M|76\/100 par|[from] Volt Switch\n|-damage|p2a: Hafthor|63\/100 par|[from] Stealth Rock\n|move|p1a: Latias|Thunder Wave|p2a: Hafthor\n|-fail|p2a: Hafthor|par\n|\n|upkeep\n|turn|20\n|\n|t:|1701191860\n|-terastallize|p2a: Hafthor|Normal\n|move|p1a: Latias|Wish|p1a: Latias\n|cant|p2a: Hafthor|par\n|\n|upkeep\n|turn|21\n|\n|t:|1701191867\n|move|p1a: Latias|Draco Meteor|p2a: Hafthor\n|-damage|p2a: Hafthor|0 fnt\n|-unboost|p1a: Latias|spa|2\n|faint|p2a: Hafthor\n|\n|-heal|p1a: Latias|100\/100|[from] move: Wish|[wisher] Latias\n|upkeep\n|\n|t:|1701191871\n|switch|p2a: Stoltman|Cobalion|97\/100\n|-damage|p2a: Stoltman|94\/100|[from] Stealth Rock\n|turn|22\n|\n|t:|1701191874\n|move|p2a: Stoltman|Calm Mind|p2a: Stoltman\n|-boost|p2a: Stoltman|spa|1\n|-boost|p2a: Stoltman|spd|1\n|move|p1a: Latias|Thunder Wave|p2a: Stoltman\n|-status|p2a: Stoltman|par\n|\n|upkeep\n|turn|23\n|\n|t:|1701191879\n|switch|p1a: Heatran|Heatran, M|94\/100\n|-damage|p1a: Heatran|82\/100|[from] Stealth Rock\n|cant|p2a: Stoltman|par\n|\n|-heal|p1a: Heatran|88\/100|[from] item: Leftovers\n|upkeep\n|turn|24\n|\n|t:|1701191884\n|move|p1a: Heatran|Magma Storm|p2a: Stoltman|[miss]\n|-miss|p1a: Heatran|p2a: Stoltman\n|move|p2a: Stoltman|Focus Blast|p1a: Heatran\n|-supereffective|p1a: Heatran\n|-damage|p1a: Heatran|0 fnt\n|faint|p1a: Heatran\n|\n|upkeep\n|\n|t:|1701191888\n|switch|p1a: Latias|Latias-Mega, F|100\/100\n|-damage|p1a: Latias|88\/100|[from] Stealth Rock\n|turn|25\n|\n|t:|1701191899\n|move|p1a: Latias|Thunderbolt|p2a: Stoltman\n|-damage|p2a: Stoltman|69\/100 par\n|move|p2a: Stoltman|Flash Cannon|p1a: Latias\n|-damage|p1a: Latias|60\/100\n|-unboost|p1a: Latias|spd|1\n|\n|upkeep\n|turn|26\n|\n|t:|1701191905\n|move|p1a: Latias|Wish|p1a: Latias\n|move|p2a: Stoltman|Flash Cannon|p1a: Latias\n|-damage|p1a: Latias|18\/100\n|\n|upkeep\n|turn|27\n|\n|t:|1701191909\n|move|p1a: Latias|Thunderbolt|p2a: Stoltman\n|-damage|p2a: Stoltman|42\/100 par\n|move|p2a: Stoltman|Flash Cannon|p1a: Latias\n|-damage|p1a: Latias|0 fnt\n|faint|p1a: Latias\n|\n|win|viiicey\n|raw|Beta1m's rating: 1233 &rarr; <strong>1207<\/strong><br \/>(-26 for losing)\n|raw|viiicey's rating: 1217 &rarr; <strong>1243<\/strong><br \/>(+26 for winning)\n|l|\u2606Beta1m\n","uploadtime":1701191918,"views":1,"p1id":"beta1m","p2id":"viiicey","formatid":"gen9nationaldex","rating":1207,"private":0,"password":""}