{"id":"gen9nationaldex-2000434725","p1":"takemistoquente","p2":"NahImtheotherguy","format":"[Gen 9] National Dex","log":"|html|<div class=\"broadcast-blue\"><strong>[Gen 9] National Dex is currently suspecting Sneasler! For information on how to participate check out the <a href=\"https:\/\/www.smogon.com\/forums\/threads\/sv-national-dex-suspect-8-just-dance.3731534\/\">suspect thread<\/a>.<\/strong><\/div>\n|j|\u2606takemistoquente\n|j|\u203dNahImtheotherguy\n|t:|1701194523\n|gametype|singles\n|player|p1|takemistoquente|101|1291\n|player|p2|NahImtheotherguy|bea|1412\n|teamsize|p1|6\n|teamsize|p2|6\n|gen|9\n|tier|[Gen 9] National Dex\n|rated|\n|rule|HP Percentage Mod: HP is shown in percentages\n|rule|Endless Battle Clause: Forcing endless battles is banned\n|rule|OHKO Clause: OHKO moves are banned\n|rule|Evasion Clause: Evasion abilities, items, and moves are banned\n|rule|Evasion Abilities Clause: Evasion abilities are banned\n|rule|Evasion Items Clause: Evasion items are banned\n|rule|Evasion Moves Clause: Evasion moves are banned\n|rule|Species Clause: Limit one of each Pok\u00e9mon\n|rule|Sleep Clause Mod: Limit one foe put to sleep\n|clearpoke\n|poke|p1|Alomomola, F|\n|poke|p1|Dragonite, M|\n|poke|p1|Scizor, M|\n|poke|p1|Ninetales-Alola, F|\n|poke|p1|Rillaboom, M|\n|poke|p1|Skeledirge, M|\n|poke|p2|Ninetales-Alola, F|\n|poke|p2|Tapu Lele|\n|poke|p2|Diancie|\n|poke|p2|Sneasler, M|\n|poke|p2|Tapu Koko|\n|poke|p2|Great Tusk|\n|teampreview\n|inactive|Battle timer is ON: inactive players will automatically lose when time's up. (requested by NahImtheotherguy)\n|inactive|takemistoquente has 120 seconds left.\n|\n|t:|1701194565\n|start\n|switch|p1a: Scizor|Scizor, M|100\/100\n|switch|p2a: Ninetales|Ninetales-Alola, F|100\/100\n|-weather|Snow|[from] ability: Snow Warning|[of] p2a: Ninetales\n|turn|1\n|inactive|takemistoquente has 120 seconds left.\n|\n|t:|1701194611\n|switch|p2a: Tapu Lele|Tapu Lele|100\/100\n|-fieldstart|move: Psychic Terrain|[from] ability: Psychic Surge|[of] p2a: Tapu Lele\n|detailschange|p1a: Scizor|Scizor-Mega, M\n|-mega|p1a: Scizor|Scizor|Scizorite\n|move|p1a: Scizor|Bullet Punch|p2a: Tapu Lele\n|-activate|p2a: Tapu Lele|move: Psychic Terrain\n|\n|-weather|Snow|[upkeep]\n|upkeep\n|turn|2\n|\n|t:|1701194619\n|switch|p1a: Skeledirge|Skeledirge, M|100\/100\n|move|p2a: Tapu Lele|Hidden Power|p1a: Skeledirge\n|-resisted|p1a: Skeledirge\n|-damage|p1a: Skeledirge|93\/100\n|\n|-weather|Snow|[upkeep]\n|-heal|p1a: Skeledirge|99\/100|[from] item: Leftovers\n|upkeep\n|turn|3\n|\n|t:|1701194626\n|move|p2a: Tapu Lele|Psyshock|p1a: Skeledirge\n|-damage|p1a: Skeledirge|57\/100\n|move|p1a: Skeledirge|Will-O-Wisp|p2a: Tapu Lele\n|-status|p2a: Tapu Lele|brn\n|\n|-weather|Snow|[upkeep]\n|-heal|p1a: Skeledirge|63\/100|[from] item: Leftovers\n|-damage|p2a: Tapu Lele|94\/100 brn|[from] brn\n|upkeep\n|turn|4\n|\n|t:|1701194633\n|move|p2a: Tapu Lele|Psyshock|p1a: Skeledirge\n|-damage|p1a: Skeledirge|18\/100\n|move|p1a: Skeledirge|Slack Off|p1a: Skeledirge\n|-heal|p1a: Skeledirge|68\/100\n|\n|-weather|Snow|[upkeep]\n|-heal|p1a: Skeledirge|74\/100|[from] item: Leftovers\n|-damage|p2a: Tapu Lele|88\/100 brn|[from] brn\n|upkeep\n|turn|5\n|\n|t:|1701194648\n|switch|p1a: Rillaboom|Rillaboom, M|100\/100\n|-fieldstart|move: Grassy Terrain|[from] ability: Grassy Surge|[of] p1a: Rillaboom\n|move|p2a: Tapu Lele|Psyshock|p1a: Rillaboom\n|-damage|p1a: Rillaboom|64\/100\n|\n|-weather|none\n|-heal|p2a: Tapu Lele|94\/100 brn|[from] Grassy Terrain\n|-heal|p1a: Rillaboom|70\/100|[from] Grassy Terrain\n|-damage|p2a: Tapu Lele|88\/100 brn|[from] brn\n|upkeep\n|turn|6\n|\n|t:|1701194655\n|switch|p2a: Ninetales|Ninetales-Alola, F|100\/100\n|-weather|Snow|[from] ability: Snow Warning|[of] p2a: Ninetales\n|move|p1a: Rillaboom|U-turn|p2a: Ninetales\n|-resisted|p2a: Ninetales\n|-damage|p2a: Ninetales|87\/100\n|\n|t:|1701194660\n|switch|p1a: Scizor|Scizor-Mega, M|100\/100|[from] U-turn\n|\n|-weather|Snow|[upkeep]\n|-heal|p2a: Ninetales|93\/100|[from] Grassy Terrain\n|upkeep\n|turn|7\n|\n|t:|1701194667\n|switch|p2a: Tapu Lele|Tapu Lele|88\/100 brn\n|-fieldstart|move: Psychic Terrain|[from] ability: Psychic Surge|[of] p2a: Tapu Lele\n|move|p1a: Scizor|Dual Wingbeat|p2a: Tapu Lele\n|-damage|p2a: Tapu Lele|53\/100 brn\n|-damage|p2a: Tapu Lele|21\/100 brn\n|-hitcount|p2a: Tapu Lele|2\n|-enditem|p2a: Tapu Lele|Eject Button\n|\n|t:|1701194672\n|switch|p2a: Sneasler|Sneasler, M|100\/100\n|-enditem|p2a: Sneasler|Psychic Seed\n|-boost|p2a: Sneasler|spd|1|[from] item: Psychic Seed\n|\n|-weather|Snow|[upkeep]\n|upkeep\n|turn|8\n|\n|t:|1701194680\n|-terastallize|p2a: Sneasler|Dark\n|move|p2a: Sneasler|Swords Dance|p2a: Sneasler\n|-boost|p2a: Sneasler|atk|2\n|move|p1a: Scizor|Dual Wingbeat|p2a: Sneasler\n|-damage|p2a: Sneasler|61\/100\n|-damage|p2a: Sneasler|23\/100\n|-hitcount|p2a: Sneasler|2\n|\n|-weather|Snow|[upkeep]\n|upkeep\n|turn|9\n|\n|t:|1701194685\n|move|p2a: Sneasler|Close Combat|p1a: Scizor\n|-damage|p1a: Scizor|1\/100\n|-unboost|p2a: Sneasler|def|1\n|-unboost|p2a: Sneasler|spd|1\n|move|p1a: Scizor|Dual Wingbeat|p2a: Sneasler\n|-damage|p2a: Sneasler|0 fnt\n|faint|p2a: Sneasler\n|-hitcount|p2: Sneasler|1\n|\n|-weather|Snow|[upkeep]\n|upkeep\n|\n|t:|1701194692\n|switch|p2a: Ninetales|Ninetales-Alola, F|93\/100\n|turn|10\n|\n|t:|1701194716\n|switch|p1a: Ninetales|Ninetales-Alola, F|100\/100\n|move|p2a: Ninetales|Freeze-Dry|p1a: Ninetales\n|-resisted|p1a: Ninetales\n|-damage|p1a: Ninetales|88\/100\n|\n|-weather|none\n|upkeep\n|turn|11\n|c|\u2606takemistoquente|lol\n|inactive|takemistoquente has 120 seconds left.\n|\n|t:|1701194741\n|switch|p1a: Rillaboom|Rillaboom, M|70\/100\n|-fieldstart|move: Grassy Terrain|[from] ability: Grassy Surge|[of] p1a: Rillaboom\n|move|p2a: Ninetales|Aurora Veil||[still]\n|-fail|p2a: Ninetales\n|\n|-heal|p2a: Ninetales|99\/100|[from] Grassy Terrain\n|-heal|p1a: Rillaboom|76\/100|[from] Grassy Terrain\n|upkeep\n|turn|12\n|inactive|takemistoquente has 120 seconds left.\n|\n|t:|1701194753\n|switch|p2a: Tapu Koko|Tapu Koko|100\/100\n|-fieldstart|move: Electric Terrain|[from] ability: Electric Surge|[of] p2a: Tapu Koko\n|switch|p1a: Skeledirge|Skeledirge, M|74\/100\n|\n|-heal|p1a: Skeledirge|80\/100|[from] item: Leftovers\n|upkeep\n|turn|13\n|\n|t:|1701194762\n|move|p2a: Tapu Koko|Volt Switch|p1a: Skeledirge\n|-damage|p1a: Skeledirge|46\/100\n|-damage|p2a: Tapu Koko|91\/100|[from] item: Life Orb\n|\n|t:|1701194768\n|switch|p2a: Tapu Lele|Tapu Lele|21\/100 brn|[from] Volt Switch\n|-fieldstart|move: Psychic Terrain|[from] ability: Psychic Surge|[of] p2a: Tapu Lele\n|move|p1a: Skeledirge|Will-O-Wisp|p2a: Tapu Lele\n|-fail|p2a: Tapu Lele|brn\n|\n|-heal|p1a: Skeledirge|52\/100|[from] item: Leftovers\n|-damage|p2a: Tapu Lele|15\/100 brn|[from] brn\n|upkeep\n|turn|14\n|\n|t:|1701194774\n|switch|p1a: Rillaboom|Rillaboom, M|76\/100\n|-fieldstart|move: Grassy Terrain|[from] ability: Grassy Surge|[of] p1a: Rillaboom\n|move|p2a: Tapu Lele|Calm Mind|p2a: Tapu Lele\n|-boost|p2a: Tapu Lele|spa|1\n|-boost|p2a: Tapu Lele|spd|1\n|\n|-heal|p2a: Tapu Lele|21\/100 brn|[from] Grassy Terrain\n|-heal|p1a: Rillaboom|82\/100|[from] Grassy Terrain\n|-damage|p2a: Tapu Lele|15\/100 brn|[from] brn\n|upkeep\n|turn|15\n|\n|t:|1701194800\n|switch|p2a: Ninetales|Ninetales-Alola, F|99\/100\n|-weather|Snow|[from] ability: Snow Warning|[of] p2a: Ninetales\n|move|p1a: Rillaboom|High Horsepower|p2a: Ninetales\n|-damage|p2a: Ninetales|59\/100\n|\n|-weather|Snow|[upkeep]\n|-heal|p2a: Ninetales|65\/100|[from] Grassy Terrain\n|-heal|p1a: Rillaboom|88\/100|[from] Grassy Terrain\n|upkeep\n|turn|16\n|\n|t:|1701194809\n|switch|p1a: Scizor|Scizor-Mega, M|1\/100\n|move|p2a: Ninetales|Aurora Veil|p2a: Ninetales\n|-sidestart|p2: NahImtheotherguy|move: Aurora Veil\n|\n|-weather|Snow|[upkeep]\n|-heal|p2a: Ninetales|71\/100|[from] Grassy Terrain\n|-heal|p1a: Scizor|8\/100|[from] Grassy Terrain\n|upkeep\n|turn|17\n|\n|t:|1701194813\n|switch|p2a: Great Tusk|Great Tusk|100\/100\n|-enditem|p2a: Great Tusk|Booster Energy\n|-activate|p2a: Great Tusk|ability: Protosynthesis|[fromitem]\n|-start|p2a: Great Tusk|protosynthesisspe\n|move|p1a: Scizor|Dual Wingbeat|p2a: Great Tusk\n|-supereffective|p2a: Great Tusk\n|-damage|p2a: Great Tusk|87\/100\n|-supereffective|p2a: Great Tusk\n|-damage|p2a: Great Tusk|73\/100\n|-hitcount|p2a: Great Tusk|2\n|\n|-weather|Snow|[upkeep]\n|-heal|p2a: Great Tusk|79\/100|[from] Grassy Terrain\n|-heal|p1a: Scizor|14\/100|[from] Grassy Terrain\n|upkeep\n|turn|18\n|\n|t:|1701194825\n|move|p2a: Great Tusk|Bulk Up|p2a: Great Tusk\n|-boost|p2a: Great Tusk|atk|1\n|-boost|p2a: Great Tusk|def|1\n|move|p1a: Scizor|Dual Wingbeat|p2a: Great Tusk\n|-supereffective|p2a: Great Tusk\n|-damage|p2a: Great Tusk|69\/100\n|-supereffective|p2a: Great Tusk\n|-damage|p2a: Great Tusk|59\/100\n|-hitcount|p2a: Great Tusk|2\n|\n|-weather|Snow|[upkeep]\n|-heal|p2a: Great Tusk|65\/100|[from] Grassy Terrain\n|-heal|p1a: Scizor|20\/100|[from] Grassy Terrain\n|-fieldend|move: Grassy Terrain\n|upkeep\n|turn|19\n|\n|t:|1701194829\n|switch|p1a: Alomomola|Alomomola, F|100\/100\n|move|p2a: Great Tusk|Bulk Up|p2a: Great Tusk\n|-boost|p2a: Great Tusk|atk|1\n|-boost|p2a: Great Tusk|def|1\n|\n|-weather|none\n|upkeep\n|turn|20\n|\n|t:|1701194841\n|-terastallize|p1a: Alomomola|Ghost\n|move|p2a: Great Tusk|Close Combat|p1a: Alomomola\n|-immune|p1a: Alomomola\n|move|p1a: Alomomola|Toxic|p2a: Great Tusk\n|-status|p2a: Great Tusk|tox\n|\n|-damage|p2a: Great Tusk|59\/100 tox|[from] psn\n|upkeep\n|turn|21\n|inactive|NahImtheotherguy has 120 seconds left.\n|l|\u2606takemistoquente\n|inactive|takemistoquente disconnected and has a minute to reconnect!\n|player|p1|\n|inactive|takemistoquente has 30 seconds to reconnect!\n|inactive|NahImtheotherguy has 90 seconds left.\n|inactive|takemistoquente has 20 seconds to reconnect!\n|j|\u2606takemistoquente\n|inactive|takemistoquente reconnected and has 100 seconds left.\n|player|p1|takemistoquente|101\n|inactive|takemistoquente has 90 seconds left.\n|\n|t:|1701194933\n|move|p2a: Great Tusk|Earthquake|p1a: Alomomola\n|-crit|p1a: Alomomola\n|-damage|p1a: Alomomola|35\/100\n|move|p1a: Alomomola|Flip Turn|p2a: Great Tusk\n|-supereffective|p2a: Great Tusk\n|-damage|p2a: Great Tusk|54\/100 tox\n|\n|t:|1701194940\n|switch|p1a: Rillaboom|Rillaboom, M|88\/100|[from] Flip Turn\n|-fieldstart|move: Grassy Terrain|[from] ability: Grassy Surge|[of] p1a: Rillaboom\n|\n|-heal|p2a: Great Tusk|60\/100 tox|[from] Grassy Terrain\n|-heal|p1a: Rillaboom|94\/100|[from] Grassy Terrain\n|-damage|p2a: Great Tusk|48\/100 tox|[from] psn\n|upkeep\n|turn|22\n|\n|t:|1701194944\n|move|p1a: Rillaboom|Grassy Glide|p2a: Great Tusk\n|-supereffective|p2a: Great Tusk\n|-damage|p2a: Great Tusk|31\/100 tox\n|move|p2a: Great Tusk|Ice Spinner|p1a: Rillaboom\n|-supereffective|p1a: Rillaboom\n|-damage|p1a: Rillaboom|11\/100\n|-fieldend|move: Grassy Terrain\n|\n|-damage|p2a: Great Tusk|12\/100 tox|[from] psn\n|upkeep\n|turn|23\n|inactive|takemistoquente has 90 seconds left.\n|l|\u2606takemistoquente\n|inactive|takemistoquente disconnected and has a minute to reconnect!\n|player|p1|\n|inactive|takemistoquente has 30 seconds to reconnect!\n|inactive|takemistoquente has 20 seconds to reconnect!\n|j|\u2606takemistoquente\n|inactive|takemistoquente reconnected and has 35 seconds left.\n|player|p1|takemistoquente|101\n|inactive|takemistoquente has 30 seconds left.\n|\n|t:|1701195019\n|switch|p1a: Alomomola|Alomomola, F, tera:Ghost|68\/100\n|move|p2a: Great Tusk|Earthquake|p1a: Alomomola\n|-damage|p1a: Alomomola|26\/100\n|\n|-heal|p1a: Alomomola|32\/100|[from] item: Leftovers\n|-damage|p2a: Great Tusk|0 fnt|[from] psn\n|faint|p2a: Great Tusk\n|-end|p2a: Great Tusk|Protosynthesis|[silent]\n|-sideend|p2: NahImtheotherguy|move: Aurora Veil\n|upkeep\n|inactive|takemistoquente has 30 seconds left this turn.\n|\n|t:|1701195022\n|switch|p2a: Tapu Koko|Tapu Koko|91\/100\n|-fieldstart|move: Electric Terrain|[from] ability: Electric Surge|[of] p2a: Tapu Koko\n|turn|24\n|inactive|takemistoquente has 30 seconds left.\n|inactive|takemistoquente has 20 seconds left.\n|inactive|takemistoquente has 15 seconds left.\n|inactive|takemistoquente has 10 seconds left.\n|inactive|takemistoquente has 5 seconds left.\n|\n|t:|1701195061\n|move|p2a: Tapu Koko|Volt Switch|p1a: Alomomola\n|-damage|p1a: Alomomola|0 fnt\n|faint|p1a: Alomomola\n|-damage|p2a: Tapu Koko|81\/100|[from] item: Life Orb\n|inactive|takemistoquente has 10 seconds left this turn.\n|inactive|NahImtheotherguy has 120 seconds left.\n|\n|t:|1701195068\n|switch|p2a: Ninetales|Ninetales-Alola, F|71\/100|[from] Volt Switch\n|-weather|Snow|[from] ability: Snow Warning|[of] p2a: Ninetales\n|\n|-weather|Snow|[upkeep]\n|upkeep\n|inactive|takemistoquente has 15 seconds left this turn.\n|\n|t:|1701195072\n|switch|p1a: Scizor|Scizor-Mega, M|20\/100\n|turn|25\n|inactive|takemistoquente has 25 seconds left this turn.\n|inactive|takemistoquente has 20 seconds left.\n|\n|t:|1701195078\n|move|p2a: Ninetales|Aurora Veil|p2a: Ninetales\n|-sidestart|p2: NahImtheotherguy|move: Aurora Veil\n|move|p1a: Scizor|Dual Wingbeat|p2a: Ninetales\n|-damage|p2a: Ninetales|62\/100\n|-damage|p2a: Ninetales|53\/100\n|-hitcount|p2a: Ninetales|2\n|\n|-weather|Snow|[upkeep]\n|upkeep\n|turn|26\n|inactive|takemistoquente has 30 seconds left this turn.\n|\n|t:|1701195083\n|move|p2a: Ninetales|Encore|p1a: Scizor\n|-start|p1a: Scizor|Encore\n|move|p1a: Scizor|Dual Wingbeat|p2a: Ninetales\n|-damage|p2a: Ninetales|44\/100\n|-damage|p2a: Ninetales|35\/100\n|-hitcount|p2a: Ninetales|2\n|\n|-weather|Snow|[upkeep]\n|upkeep\n|turn|27\n|\n|t:|1701195088\n|move|p2a: Ninetales|Freeze-Dry|p1a: Scizor\n|-resisted|p1a: Scizor\n|-damage|p1a: Scizor|11\/100\n|move|p1a: Scizor|Dual Wingbeat|p2a: Ninetales|[miss]\n|-miss|p1a: Scizor|p2a: Ninetales\n|\n|-weather|Snow|[upkeep]\n|upkeep\n|turn|28\n|\n|t:|1701195094\n|move|p2a: Ninetales|Freeze-Dry|p1a: Scizor\n|-resisted|p1a: Scizor\n|-crit|p1a: Scizor\n|-damage|p1a: Scizor|0 fnt\n|faint|p1a: Scizor\n|\n|-weather|none\n|-fieldend|move: Electric Terrain\n|upkeep\n|inactive|takemistoquente has 30 seconds left.\n|\n|t:|1701195120\n|switch|p1a: Skeledirge|Skeledirge, M|52\/100\n|turn|29\n|\n|t:|1701195123\n|move|p2a: Ninetales|Safeguard|p2a: Ninetales\n|-sidestart|p2: NahImtheotherguy|Safeguard\n|move|p1a: Skeledirge|Slack Off|p1a: Skeledirge\n|-heal|p1a: Skeledirge|100\/100\n|\n|upkeep\n|turn|30\n|inactive|takemistoquente has 30 seconds left.\n|inactive|takemistoquente has 20 seconds left.\n|\n|t:|1701195156\n|switch|p2a: Diancie|Diancie|100\/100\n|move|p1a: Skeledirge|Torch Song|p2a: Diancie\n|-resisted|p2a: Diancie\n|-damage|p2a: Diancie|94\/100\n|-boost|p1a: Skeledirge|spa|1\n|\n|upkeep\n|turn|31\n|inactive|takemistoquente has 30 seconds left this turn.\n|inactive|takemistoquente has 20 seconds left.\n|\n|t:|1701195170\n|detailschange|p2a: Diancie|Diancie-Mega\n|-mega|p2a: Diancie|Diancie|Diancite\n|move|p2a: Diancie|Diamond Storm|p1a: Skeledirge\n|-supereffective|p1a: Skeledirge\n|-damage|p1a: Skeledirge|21\/100\n|move|p1a: Skeledirge|Will-O-Wisp|p2a: Diancie\n|move|p2a: Diancie|Will-O-Wisp|p1a: Skeledirge|[from]ability: Magic Bounce\n|-immune|p1a: Skeledirge\n|\n|-heal|p1a: Skeledirge|27\/100|[from] item: Leftovers\n|upkeep\n|turn|32\n|inactive|takemistoquente has 30 seconds left this turn.\n|\n|t:|1701195179\n|move|p2a: Diancie|Earth Power|p1a: Skeledirge\n|-supereffective|p1a: Skeledirge\n|-damage|p1a: Skeledirge|0 fnt\n|faint|p1a: Skeledirge\n|\n|-sideend|p2: NahImtheotherguy|move: Aurora Veil\n|upkeep\n|inactive|takemistoquente has 30 seconds left this turn.\n|\n|t:|1701195182\n|switch|p1a: Dragonite|Dragonite, M|100\/100\n|turn|33\n|\n|t:|1701195186\n|move|p2a: Diancie|Diamond Storm|p1a: Dragonite\n|-supereffective|p1a: Dragonite\n|-damage|p1a: Dragonite|45\/100\n|move|p1a: Dragonite|Dragon Dance|p1a: Dragonite\n|-boost|p1a: Dragonite|atk|1\n|-boost|p1a: Dragonite|spe|1\n|\n|-sideend|p2: NahImtheotherguy|Safeguard\n|upkeep\n|turn|34\n|\n|t:|1701195194\n|move|p1a: Dragonite|Dual Wingbeat|p2a: Diancie|[miss]\n|-miss|p1a: Dragonite|p2a: Diancie\n|move|p2a: Diancie|Moonblast|p1a: Dragonite\n|-supereffective|p1a: Dragonite\n|-damage|p1a: Dragonite|0 fnt\n|faint|p1a: Dragonite\n|\n|upkeep\n|\n|t:|1701195200\n|switch|p1a: Rillaboom|Rillaboom, M|11\/100\n|-fieldstart|move: Grassy Terrain|[from] ability: Grassy Surge|[of] p1a: Rillaboom\n|turn|35\n|\n|t:|1701195209\n|switch|p2a: Tapu Koko|Tapu Koko|81\/100\n|-fieldstart|move: Electric Terrain|[from] ability: Electric Surge|[of] p2a: Tapu Koko\n|move|p1a: Rillaboom|High Horsepower|p2a: Tapu Koko\n|-supereffective|p2a: Tapu Koko\n|-damage|p2a: Tapu Koko|0 fnt\n|faint|p2a: Tapu Koko\n|\n|upkeep\n|\n|t:|1701195214\n|switch|p2a: Diancie|Diancie-Mega|94\/100\n|turn|36\n|\n|t:|1701195218\n|switch|p1a: Ninetales|Ninetales-Alola, F|88\/100\n|-weather|Snow|[from] ability: Snow Warning|[of] p1a: Ninetales\n|move|p2a: Diancie|Moonblast|p1a: Ninetales\n|-damage|p1a: Ninetales|17\/100\n|\n|-weather|Snow|[upkeep]\n|upkeep\n|turn|37\n|\n|t:|1701195227\n|move|p2a: Diancie|Mystical Fire|p1a: Ninetales\n|-supereffective|p1a: Ninetales\n|-crit|p1a: Ninetales\n|-damage|p1a: Ninetales|0 fnt\n|faint|p1a: Ninetales\n|\n|-weather|Snow|[upkeep]\n|upkeep\n|\n|t:|1701195230\n|switch|p1a: Rillaboom|Rillaboom, M|11\/100\n|-fieldstart|move: Grassy Terrain|[from] ability: Grassy Surge|[of] p1a: Rillaboom\n|turn|38\n|\n|t:|1701195236\n|switch|p2a: Tapu Lele|Tapu Lele|15\/100 brn\n|-fieldstart|move: Psychic Terrain|[from] ability: Psychic Surge|[of] p2a: Tapu Lele\n|move|p1a: Rillaboom|Grassy Glide|p2a: Tapu Lele\n|-damage|p2a: Tapu Lele|0 fnt\n|faint|p2a: Tapu Lele\n|\n|-weather|Snow|[upkeep]\n|upkeep\n|\n|t:|1701195238\n|switch|p2a: Diancie|Diancie-Mega|94\/100\n|turn|39\n|inactive|takemistoquente has 90 seconds left.\n|inactive|takemistoquente has 60 seconds left.\n|c|\u2606takemistoquente|f#ck you ; ]\n|-message|takemistoquente forfeited.\n|\n|win|NahImtheotherguy\n|raw|takemistoquente's rating: 1291 &rarr; <strong>1274<\/strong><br \/>(-17 for losing)\n|raw|NahImtheotherguy's rating: 1412 &rarr; <strong>1425<\/strong><br \/>(+13 for winning)\n|l|\u2606takemistoquente\n","uploadtime":1701195292,"views":1,"p1id":"takemistoquente","p2id":"nahimtheotherguy","formatid":"gen9nationaldex","rating":1274,"private":0,"password":""}