{"id":"gen9nationaldex-1987532345","p1":"Sirrawrzy","p2":"icesuki","format":"[Gen 9] National Dex","log":"|j|\u2606Sirrawrzy\n|j|\u2606icesuki\n|t:|1699607745\n|gametype|singles\n|player|p1|Sirrawrzy|emmet|1581\n|player|p2|icesuki|jasmine|1452\n|teamsize|p1|6\n|teamsize|p2|6\n|gen|9\n|tier|[Gen 9] National Dex\n|rated|\n|rule|HP Percentage Mod: HP is shown in percentages\n|rule|Endless Battle Clause: Forcing endless battles is banned\n|rule|OHKO Clause: OHKO moves are banned\n|rule|Evasion Clause: Evasion abilities, items, and moves are banned\n|rule|Evasion Abilities Clause: Evasion abilities are banned\n|rule|Evasion Items Clause: Evasion items are banned\n|rule|Evasion Moves Clause: Evasion moves are banned\n|rule|Species Clause: Limit one of each Pok\u00e9mon\n|rule|Sleep Clause Mod: Limit one foe put to sleep\n|clearpoke\n|poke|p1|Ninetales, M|\n|poke|p1|Venusaur, M|\n|poke|p1|Jolteon, F|\n|poke|p1|Blastoise, M|\n|poke|p1|Rhydon, F|\n|poke|p1|Dragonite, M|\n|poke|p2|Dragonite, M|\n|poke|p2|Ursaluna, F|\n|poke|p2|Tapu Koko|\n|poke|p2|Garchomp, M|\n|poke|p2|Hoopa-Unbound|\n|poke|p2|Moltres|\n|teampreview\n|\n|t:|1699607759\n|start\n|switch|p1a: Ninetales|Ninetales, M, shiny|100\/100\n|switch|p2a: Garchomp|Garchomp, M|100\/100\n|-weather|SunnyDay|[from] ability: Drought|[of] p1a: Ninetales\n|turn|1\n|\n|t:|1699607766\n|switch|p1a: Rhydon|Rhydon, F, shiny|100\/100\n|move|p2a: Garchomp|Earthquake|p1a: Rhydon\n|-supereffective|p1a: Rhydon\n|-damage|p1a: Rhydon|54\/100\n|\n|-weather|SunnyDay|[upkeep]\n|upkeep\n|turn|2\n|\n|t:|1699607773\n|move|p2a: Garchomp|Earthquake|p1a: Rhydon\n|-supereffective|p1a: Rhydon\n|-damage|p1a: Rhydon|8\/100\n|move|p1a: Rhydon|Avalanche|p2a: Garchomp\n|-supereffective|p2a: Garchomp\n|-damage|p2a: Garchomp|0 fnt\n|-damage|p1a: Rhydon|0 fnt|[from] ability: Rough Skin|[of] p2a: Garchomp\n|faint|p2a: Garchomp\n|faint|p1a: Rhydon\n|\n|-weather|SunnyDay|[upkeep]\n|upkeep\n|inactive|Battle timer is ON: inactive players will automatically lose when time's up. (requested by icesuki)\n|\n|t:|1699607795\n|switch|p2a: Moltres|Moltres|100\/100\n|switch|p1a: Venusaur|Venusaur, M, shiny|100\/100\n|turn|3\n|\n|t:|1699607801\n|-terastallize|p1a: Venusaur|Fire\n|move|p1a: Venusaur|Sludge Bomb|p2a: Moltres\n|-damage|p2a: Moltres|43\/100\n|-damage|p1a: Venusaur|91\/100|[from] item: Life Orb\n|move|p2a: Moltres|Flamethrower|p1a: Venusaur\n|-resisted|p1a: Venusaur\n|-damage|p1a: Venusaur|61\/100\n|\n|-weather|SunnyDay|[upkeep]\n|upkeep\n|turn|4\n|\n|t:|1699607823\n|switch|p2a: Ursaluna|Ursaluna, F|100\/100\n|move|p1a: Venusaur|Sludge Bomb|p2a: Ursaluna\n|-immune|p2a: Ursaluna|[from] ability: Bulletproof\n|\n|-weather|SunnyDay|[upkeep]\n|upkeep\n|turn|5\n|\n|t:|1699607832\n|move|p1a: Venusaur|Giga Drain|p2a: Ursaluna\n|-supereffective|p2a: Ursaluna\n|-damage|p2a: Ursaluna|44\/100\n|-heal|p1a: Venusaur|100\/100|[from] drain|[of] p2a: Ursaluna\n|-damage|p1a: Venusaur|91\/100|[from] item: Life Orb\n|move|p2a: Ursaluna|Headlong Rush|p1a: Venusaur\n|-supereffective|p1a: Venusaur\n|-damage|p1a: Venusaur|0 fnt\n|-unboost|p2a: Ursaluna|def|1\n|-unboost|p2a: Ursaluna|spd|1\n|faint|p1a: Venusaur\n|\n|-weather|none\n|upkeep\n|\n|t:|1699607852\n|switch|p1a: Dragonite|Dragonite, M, shiny|100\/100\n|turn|6\n|\n|t:|1699607859\n|-terastallize|p2a: Ursaluna|Ghost\n|move|p1a: Dragonite|Curse|p1a: Dragonite\n|-unboost|p1a: Dragonite|spe|1\n|-boost|p1a: Dragonite|atk|1\n|-boost|p1a: Dragonite|def|1\n|move|p2a: Ursaluna|Stone Edge|p1a: Dragonite\n|-supereffective|p1a: Dragonite\n|-damage|p1a: Dragonite|76\/100\n|\n|-heal|p1a: Dragonite|82\/100|[from] item: Leftovers\n|upkeep\n|turn|7\n|\n|t:|1699607869\n|move|p2a: Ursaluna|Stone Edge|p1a: Dragonite\n|-supereffective|p1a: Dragonite\n|-damage|p1a: Dragonite|34\/100\n|move|p1a: Dragonite|Earthquake|p2a: Ursaluna\n|-damage|p2a: Ursaluna|0 fnt\n|faint|p2a: Ursaluna\n|\n|-heal|p1a: Dragonite|40\/100|[from] item: Leftovers\n|upkeep\n|\n|t:|1699607885\n|switch|p2a: Dragonite|Dragonite, M|100\/100\n|turn|8\n|\n|t:|1699607900\n|move|p2a: Dragonite|Extreme Speed|p1a: Dragonite\n|-damage|p1a: Dragonite|12\/100\n|move|p1a: Dragonite|Dual Wingbeat|p2a: Dragonite\n|-damage|p2a: Dragonite|81\/100\n|-damage|p2a: Dragonite|42\/100\n|-hitcount|p2a: Dragonite|2\n|\n|-heal|p1a: Dragonite|18\/100|[from] item: Leftovers\n|upkeep\n|turn|9\n|\n|t:|1699607912\n|switch|p1a: Blastoise|Blastoise, M, shiny|100\/100\n|move|p2a: Dragonite|Extreme Speed|p1a: Blastoise\n|-damage|p1a: Blastoise|71\/100\n|\n|upkeep\n|turn|10\n|\n|t:|1699607918\n|move|p2a: Dragonite|Extreme Speed|p1a: Blastoise\n|-damage|p1a: Blastoise|37\/100\n|move|p1a: Blastoise|Flip Turn|p2a: Dragonite\n|-resisted|p2a: Dragonite\n|-damage|p2a: Dragonite|32\/100\n|\n|t:|1699607924\n|switch|p1a: Ninetales|Ninetales, M, shiny|100\/100|[from] Flip Turn\n|-weather|SunnyDay|[from] ability: Drought|[of] p1a: Ninetales\n|\n|-weather|SunnyDay|[upkeep]\n|upkeep\n|turn|11\n|\n|t:|1699607941\n|switch|p2a: Tapu Koko|Tapu Koko|100\/100\n|-fieldstart|move: Electric Terrain|[from] ability: Electric Surge|[of] p2a: Tapu Koko\n|move|p1a: Ninetales|Healing Wish|p1a: Ninetales\n|faint|p1a: Ninetales\n|\n|-weather|SunnyDay|[upkeep]\n|upkeep\n|\n|t:|1699607948\n|switch|p1a: Jolteon|Jolteon, F, shiny|100\/100\n|turn|12\n|\n|t:|1699607954\n|move|p1a: Jolteon|Weather Ball|p2a: Tapu Koko\n|-damage|p2a: Tapu Koko|29\/100\n|move|p2a: Tapu Koko|Thunderbolt|p1a: Jolteon\n|-resisted|p1a: Jolteon\n|-crit|p1a: Jolteon\n|-damage|p1a: Jolteon|25\/100\n|\n|-weather|SunnyDay|[upkeep]\n|-status|p1a: Jolteon|brn|[from] item: Flame Orb\n|upkeep\n|turn|13\n|\n|t:|1699607966\n|switch|p2a: Moltres|Moltres|43\/100\n|move|p1a: Jolteon|Copycat|p1a: Jolteon\n|move|p1a: Jolteon|Thunderbolt|p2a: Moltres|[from]move: Copycat\n|-supereffective|p2a: Moltres\n|-damage|p2a: Moltres|0 fnt\n|faint|p2a: Moltres\n|\n|-weather|SunnyDay|[upkeep]\n|-damage|p1a: Jolteon|19\/100 brn|[from] brn\n|upkeep\n|\n|t:|1699607972\n|switch|p2a: Dragonite|Dragonite, M|32\/100\n|turn|14\n|\n|t:|1699607984\n|switch|p1a: Dragonite|Dragonite, M, shiny|18\/100\n|-heal|p1a: Dragonite|100\/100|[from] move: Healing Wish\n|move|p2a: Dragonite|Extreme Speed|p1a: Dragonite\n|-damage|p1a: Dragonite|78\/100\n|\n|-weather|none\n|-heal|p1a: Dragonite|85\/100|[from] item: Leftovers\n|upkeep\n|turn|15\n|\n|t:|1699607993\n|move|p2a: Dragonite|Extreme Speed|p1a: Dragonite\n|-damage|p1a: Dragonite|43\/100\n|move|p1a: Dragonite|Curse|p1a: Dragonite\n|-unboost|p1a: Dragonite|spe|1\n|-boost|p1a: Dragonite|atk|1\n|-boost|p1a: Dragonite|def|1\n|\n|-heal|p1a: Dragonite|49\/100|[from] item: Leftovers\n|-fieldend|move: Electric Terrain\n|upkeep\n|turn|16\n|\n|t:|1699608002\n|move|p2a: Dragonite|Extreme Speed|p1a: Dragonite\n|-damage|p1a: Dragonite|21\/100\n|move|p1a: Dragonite|Extreme Speed|p2a: Dragonite\n|-damage|p2a: Dragonite|0 fnt\n|faint|p2a: Dragonite\n|\n|-heal|p1a: Dragonite|27\/100|[from] item: Leftovers\n|upkeep\n|\n|t:|1699608014\n|switch|p2a: Hoopa|Hoopa-Unbound|100\/100\n|turn|17\n|\n|t:|1699608020\n|move|p1a: Dragonite|Extreme Speed|p2a: Hoopa\n|-damage|p2a: Hoopa|18\/100\n|move|p2a: Hoopa|Dark Pulse|p1a: Dragonite\n|-crit|p1a: Dragonite\n|-damage|p1a: Dragonite|0 fnt\n|faint|p1a: Dragonite\n|\n|upkeep\n|\n|t:|1699608028\n|switch|p1a: Jolteon|Jolteon, F, shiny|19\/100 brn\n|turn|18\n|\n|t:|1699608037\n|move|p1a: Jolteon|Copycat|p1a: Jolteon\n|move|p1a: Jolteon|Dark Pulse|p2a: Hoopa|[from]move: Copycat\n|-damage|p2a: Hoopa|0 fnt\n|faint|p2a: Hoopa\n|\n|-damage|p1a: Jolteon|13\/100 brn|[from] brn\n|upkeep\n|\n|t:|1699608042\n|switch|p2a: Tapu Koko|Tapu Koko|29\/100\n|-fieldstart|move: Electric Terrain|[from] ability: Electric Surge|[of] p2a: Tapu Koko\n|turn|19\n|\n|t:|1699608047\n|move|p1a: Jolteon|Tera Blast|p2a: Tapu Koko\n|-damage|p2a: Tapu Koko|0 fnt\n|faint|p2a: Tapu Koko\n|\n|win|Sirrawrzy\n|raw|Sirrawrzy's rating: 1581 &rarr; <strong>1594<\/strong><br \/>(+13 for winning)\n|raw|icesuki's rating: 1452 &rarr; <strong>1439<\/strong><br \/>(-13 for losing)\n|c|\u2606Sirrawrzy|ggwp\n|l|\u2606icesuki\n","uploadtime":1699608060,"views":4,"p1id":"sirrawrzy","p2id":"icesuki","formatid":"gen9nationaldex","rating":1439,"private":0,"password":""}