{"id":"gen9nationaldex-1994506484","p1":"Frmojifrmoji","p2":"JasperSDx","format":"[Gen 9] National Dex","log":"|j|\u2606Frmojifrmoji\n|j|\u2606JasperSDx\n|t:|1700452051\n|gametype|singles\n|player|p1|Frmojifrmoji|dawn-gen4pt|\n|player|p2|JasperSDx|266|\n|teamsize|p1|6\n|teamsize|p2|6\n|gen|9\n|tier|[Gen 9] National Dex\n|rule|HP Percentage Mod: HP is shown in percentages\n|rule|Endless Battle Clause: Forcing endless battles is banned\n|rule|OHKO Clause: OHKO moves are banned\n|rule|Evasion Clause: Evasion abilities, items, and moves are banned\n|rule|Evasion Abilities Clause: Evasion abilities are banned\n|rule|Evasion Items Clause: Evasion items are banned\n|rule|Evasion Moves Clause: Evasion moves are banned\n|rule|Species Clause: Limit one of each Pok\u00e9mon\n|rule|Sleep Clause Mod: Limit one foe put to sleep\n|clearpoke\n|poke|p1|Clodsire, M|\n|poke|p1|Skeledirge, M|\n|poke|p1|Lechonk, M|\n|poke|p1|Meowscarada, M|\n|poke|p1|Farigiraf, F|\n|poke|p1|Revavroom, M|\n|poke|p2|Tapu Bulu|\n|poke|p2|Charjabug, F|\n|poke|p2|Celesteela|\n|poke|p2|Palossand, M|\n|poke|p2|Necrozma|\n|poke|p2|Zeraora|\n|teampreview\n|\n|t:|1700452068\n|start\n|switch|p1a: Farigiraf|Farigiraf, F|100\/100\n|switch|p2a: Palossand|Palossand, M|100\/100\n|turn|1\n|\n|t:|1700452081\n|move|p1a: Farigiraf|Calm Mind|p1a: Farigiraf\n|-boost|p1a: Farigiraf|spa|1\n|-boost|p1a: Farigiraf|spd|1\n|move|p2a: Palossand|Stealth Rock|p1a: Farigiraf\n|-sidestart|p1: Frmojifrmoji|move: Stealth Rock\n|\n|upkeep\n|turn|2\n|\n|t:|1700452092\n|switch|p2a: Zeraora|Zeraora|100\/100\n|move|p1a: Farigiraf|Agility|p1a: Farigiraf\n|-boost|p1a: Farigiraf|spe|2\n|\n|upkeep\n|turn|3\n|\n|t:|1700452106\n|-terastallize|p1a: Farigiraf|Fairy\n|move|p1a: Farigiraf|Calm Mind|p1a: Farigiraf\n|-boost|p1a: Farigiraf|spa|1\n|-boost|p1a: Farigiraf|spd|1\n|-zpower|p2a: Zeraora\n|move|p2a: Zeraora|Black Hole Eclipse|p1a: Farigiraf|[zeffect]\n|-resisted|p1a: Farigiraf\n|-damage|p1a: Farigiraf|77\/100\n|\n|upkeep\n|turn|4\n|\n|t:|1700452116\n|switch|p2a: Charjabug|Charjabug, F|100\/100\n|move|p1a: Farigiraf|Stored Power|p2a: Charjabug\n|-damage|p2a: Charjabug|0 fnt\n|faint|p2a: Charjabug\n|\n|upkeep\n|\n|t:|1700452122\n|switch|p2a: Necrozma|Necrozma|100\/100\n|turn|5\n|\n|t:|1700452126\n|move|p1a: Farigiraf|Tera Blast|p2a: Necrozma|[anim] Tera Blast Fairy\n|-damage|p2a: Necrozma|31\/100\n|move|p2a: Necrozma|Calm Mind|p2a: Necrozma\n|-boost|p2a: Necrozma|spa|1\n|-boost|p2a: Necrozma|spd|1\n|\n|upkeep\n|turn|6\n|\n|t:|1700452132\n|move|p1a: Farigiraf|Tera Blast|p2a: Necrozma|[anim] Tera Blast Fairy\n|-damage|p2a: Necrozma|0 fnt\n|faint|p2a: Necrozma\n|\n|upkeep\n|\n|t:|1700452136\n|switch|p2a: Celesteela|Celesteela|100\/100\n|turn|7\n|\n|t:|1700452141\n|move|p1a: Farigiraf|Calm Mind|p1a: Farigiraf\n|-boost|p1a: Farigiraf|spa|1\n|-boost|p1a: Farigiraf|spd|1\n|move|p2a: Celesteela|Heavy Slam|p1a: Farigiraf\n|-supereffective|p1a: Farigiraf\n|-damage|p1a: Farigiraf|0 fnt\n|faint|p1a: Farigiraf\n|-ability|p2a: Celesteela|Beast Boost|boost\n|-boost|p2a: Celesteela|spd|1\n|\n|upkeep\n|\n|t:|1700452159\n|switch|p1a: Skeledirge|Skeledirge, M|100\/100\n|turn|8\n|\n|t:|1700452164\n|switch|p2a: Palossand|Palossand, M|100\/100\n|move|p1a: Skeledirge|Will-O-Wisp|p2a: Palossand\n|-status|p2a: Palossand|brn\n|\n|-damage|p2a: Palossand|94\/100 brn|[from] brn\n|upkeep\n|turn|9\n|\n|t:|1700452174\n|move|p1a: Skeledirge|Hex|p2a: Palossand\n|-supereffective|p2a: Palossand\n|-crit|p2a: Palossand\n|-damage|p2a: Palossand|0 fnt\n|faint|p2a: Palossand\n|\n|upkeep\n|\n|t:|1700452179\n|switch|p2a: Zeraora|Zeraora|100\/100\n|turn|10\n|\n|t:|1700452182\n|move|p2a: Zeraora|Knock Off|p1a: Skeledirge\n|-supereffective|p1a: Skeledirge\n|-damage|p1a: Skeledirge|56\/100\n|-enditem|p1a: Skeledirge|Heavy-Duty Boots|[from] move: Knock Off|[of] p2a: Zeraora\n|move|p1a: Skeledirge|Will-O-Wisp|p2a: Zeraora\n|-status|p2a: Zeraora|brn\n|\n|-damage|p2a: Zeraora|95\/100 brn|[from] brn\n|upkeep\n|turn|11\n|\n|t:|1700452191\n|switch|p2a: Tapu Bulu|Tapu Bulu|100\/100\n|-fieldstart|move: Grassy Terrain|[from] ability: Grassy Surge|[of] p2a: Tapu Bulu\n|move|p1a: Skeledirge|Slack Off|p1a: Skeledirge\n|-heal|p1a: Skeledirge|100\/100\n|\n|upkeep\n|turn|12\n|\n|t:|1700452199\n|move|p2a: Tapu Bulu|Stone Edge|p1a: Skeledirge\n|-supereffective|p1a: Skeledirge\n|-damage|p1a: Skeledirge|13\/100\n|move|p1a: Skeledirge|Will-O-Wisp|p2a: Tapu Bulu\n|-status|p2a: Tapu Bulu|brn\n|\n|-heal|p1a: Skeledirge|19\/100|[from] Grassy Terrain\n|-damage|p2a: Tapu Bulu|94\/100 brn|[from] brn\n|upkeep\n|turn|13\n|\n|t:|1700452211\n|move|p2a: Tapu Bulu|Stone Edge|p1a: Skeledirge\n|-supereffective|p1a: Skeledirge\n|-damage|p1a: Skeledirge|0 fnt\n|faint|p1a: Skeledirge\n|\n|-heal|p2a: Tapu Bulu|100\/100 brn|[from] Grassy Terrain\n|-damage|p2a: Tapu Bulu|94\/100 brn|[from] brn\n|upkeep\n|\n|t:|1700452218\n|switch|p1a: Revavroom|Revavroom, M|100\/100\n|-damage|p1a: Revavroom|95\/100|[from] Stealth Rock\n|turn|14\n|\n|t:|1700452223\n|switch|p2a: Celesteela|Celesteela|100\/100\n|move|p1a: Revavroom|Shift Gear|p1a: Revavroom\n|-boost|p1a: Revavroom|spe|2\n|-boost|p1a: Revavroom|atk|1\n|\n|-heal|p1a: Revavroom|100\/100|[from] Grassy Terrain\n|upkeep\n|turn|15\n|\n|t:|1700452230\n|move|p1a: Revavroom|Shift Gear|p1a: Revavroom\n|-boost|p1a: Revavroom|spe|2\n|-boost|p1a: Revavroom|atk|1\n|move|p2a: Celesteela|Heavy Slam|p1a: Revavroom\n|-resisted|p1a: Revavroom\n|-damage|p1a: Revavroom|77\/100\n|\n|-heal|p1a: Revavroom|83\/100|[from] Grassy Terrain\n|-fieldend|move: Grassy Terrain\n|upkeep\n|turn|16\n|\n|t:|1700452241\n|move|p1a: Revavroom|Shift Gear|p1a: Revavroom\n|-boost|p1a: Revavroom|spe|2\n|-boost|p1a: Revavroom|atk|1\n|move|p2a: Celesteela|Leech Seed|p1a: Revavroom\n|-start|p1a: Revavroom|move: Leech Seed\n|\n|-damage|p1a: Revavroom|70\/100|[from] Leech Seed|[of] p2a: Celesteela\n|upkeep\n|turn|17\n|\n|t:|1700452249\n|move|p1a: Revavroom|Iron Head|p2a: Celesteela\n|-resisted|p2a: Celesteela\n|-damage|p2a: Celesteela|45\/100\n|-damage|p1a: Revavroom|60\/100|[from] item: Life Orb\n|cant|p2a: Celesteela|flinch\n|\n|-heal|p2a: Celesteela|51\/100|[from] item: Leftovers\n|-damage|p1a: Revavroom|48\/100|[from] Leech Seed|[of] p2a: Celesteela\n|-heal|p2a: Celesteela|61\/100|[silent]\n|upkeep\n|turn|18\n|\n|t:|1700452258\n|move|p2a: Celesteela|Protect|p2a: Celesteela\n|-singleturn|p2a: Celesteela|Protect\n|move|p1a: Revavroom|Iron Head|p2a: Celesteela\n|-activate|p2a: Celesteela|move: Protect\n|\n|-heal|p2a: Celesteela|67\/100|[from] item: Leftovers\n|-damage|p1a: Revavroom|36\/100|[from] Leech Seed|[of] p2a: Celesteela\n|-heal|p2a: Celesteela|76\/100|[silent]\n|upkeep\n|turn|19\n|\n|t:|1700452270\n|move|p1a: Revavroom|Iron Head|p2a: Celesteela\n|-resisted|p2a: Celesteela\n|-damage|p2a: Celesteela|19\/100\n|-damage|p1a: Revavroom|26\/100|[from] item: Life Orb\n|cant|p2a: Celesteela|flinch\n|\n|-heal|p2a: Celesteela|25\/100|[from] item: Leftovers\n|-damage|p1a: Revavroom|13\/100|[from] Leech Seed|[of] p2a: Celesteela\n|-heal|p2a: Celesteela|35\/100|[silent]\n|upkeep\n|turn|20\n|\n|t:|1700452280\n|move|p2a: Celesteela|Protect|p2a: Celesteela\n|-singleturn|p2a: Celesteela|Protect\n|move|p1a: Revavroom|Iron Head|p2a: Celesteela\n|-activate|p2a: Celesteela|move: Protect\n|\n|-heal|p2a: Celesteela|41\/100|[from] item: Leftovers\n|-damage|p1a: Revavroom|1\/100|[from] Leech Seed|[of] p2a: Celesteela\n|-heal|p2a: Celesteela|50\/100|[silent]\n|upkeep\n|turn|21\n|\n|t:|1700452293\n|switch|p2a: Tapu Bulu|Tapu Bulu|94\/100 brn\n|-fieldstart|move: Grassy Terrain|[from] ability: Grassy Surge|[of] p2a: Tapu Bulu\n|move|p1a: Revavroom|Iron Head|p2a: Tapu Bulu\n|-supereffective|p2a: Tapu Bulu\n|-damage|p2a: Tapu Bulu|0 fnt\n|faint|p2a: Tapu Bulu\n|-damage|p1a: Revavroom|0 fnt|[from] item: Life Orb\n|faint|p1a: Revavroom\n|\n|upkeep\n|\n|t:|1700452308\n|switch|p1a: Clodsire|Clodsire, M|100\/100\n|switch|p2a: Zeraora|Zeraora|95\/100 brn\n|-damage|p1a: Clodsire|94\/100|[from] Stealth Rock\n|turn|22\n|\n|t:|1700452315\n|switch|p2a: Celesteela|Celesteela|50\/100\n|move|p1a: Clodsire|Stealth Rock|p2a: Celesteela\n|-sidestart|p2: JasperSDx|move: Stealth Rock\n|\n|-heal|p2a: Celesteela|56\/100|[from] item: Leftovers\n|-heal|p1a: Clodsire|100\/100|[from] Grassy Terrain\n|upkeep\n|turn|23\n|\n|t:|1700452324\n|switch|p1a: Meowscarada|Meowscarada, M|100\/100\n|-damage|p1a: Meowscarada|88\/100|[from] Stealth Rock\n|move|p2a: Celesteela|Leech Seed|p1a: Meowscarada\n|-immune|p1a: Meowscarada\n|\n|-heal|p1a: Meowscarada|94\/100|[from] Grassy Terrain\n|-heal|p2a: Celesteela|62\/100|[from] item: Leftovers\n|upkeep\n|turn|24\n|\n|t:|1700452334\n|move|p2a: Celesteela|Protect|p2a: Celesteela\n|-singleturn|p2a: Celesteela|Protect\n|move|p1a: Meowscarada|Knock Off|p2a: Celesteela\n|-start|p1a: Meowscarada|typechange|Dark|[from] ability: Protean\n|-activate|p2a: Celesteela|move: Protect\n|\n|-heal|p1a: Meowscarada|100\/100|[from] Grassy Terrain\n|-heal|p2a: Celesteela|68\/100|[from] item: Leftovers\n|upkeep\n|turn|25\n|\n|t:|1700452350\n|move|p1a: Meowscarada|Knock Off|p2a: Celesteela\n|-damage|p2a: Celesteela|16\/100\n|-enditem|p2a: Celesteela|Leftovers|[from] move: Knock Off|[of] p1a: Meowscarada\n|move|p2a: Celesteela|Leech Seed|p1a: Meowscarada\n|-start|p1a: Meowscarada|move: Leech Seed\n|\n|-damage|p1a: Meowscarada|88\/100|[from] Leech Seed|[of] p2a: Celesteela\n|-heal|p2a: Celesteela|25\/100|[silent]\n|-fieldend|move: Grassy Terrain\n|upkeep\n|turn|26\n|\n|t:|1700452358\n|move|p2a: Celesteela|Protect|p2a: Celesteela\n|-singleturn|p2a: Celesteela|Protect\n|move|p1a: Meowscarada|Knock Off|p2a: Celesteela\n|-activate|p2a: Celesteela|move: Protect\n|\n|-damage|p1a: Meowscarada|76\/100|[from] Leech Seed|[of] p2a: Celesteela\n|-heal|p2a: Celesteela|34\/100|[silent]\n|upkeep\n|turn|27\n|\n|t:|1700452365\n|switch|p2a: Zeraora|Zeraora|95\/100 brn\n|-damage|p2a: Zeraora|82\/100 brn|[from] Stealth Rock\n|move|p1a: Meowscarada|Knock Off|p2a: Zeraora\n|-damage|p2a: Zeraora|22\/100 brn\n|\n|-damage|p1a: Meowscarada|64\/100|[from] Leech Seed|[of] p2a: Zeraora\n|-heal|p2a: Zeraora|33\/100 brn|[silent]\n|-damage|p2a: Zeraora|27\/100 brn|[from] brn\n|upkeep\n|turn|28\n|\n|t:|1700452373\n|move|p2a: Zeraora|Close Combat|p1a: Meowscarada\n|-supereffective|p1a: Meowscarada\n|-damage|p1a: Meowscarada|9\/100\n|-unboost|p2a: Zeraora|def|1\n|-unboost|p2a: Zeraora|spd|1\n|move|p1a: Meowscarada|Knock Off|p2a: Zeraora\n|-crit|p2a: Zeraora\n|-damage|p2a: Zeraora|0 fnt\n|faint|p2a: Zeraora\n|\n|upkeep\n|\n|t:|1700452377\n|switch|p2a: Celesteela|Celesteela|34\/100\n|-damage|p2a: Celesteela|22\/100|[from] Stealth Rock\n|turn|29\n|c|\u2606Frmojifrmoji|mr\n|\n|t:|1700452396\n|switch|p1a: Lechonk|Lechonk, M|100\/100\n|-damage|p1a: Lechonk|88\/100|[from] Stealth Rock\n|move|p2a: Celesteela|Protect||[still]\n|-fail|p2a: Celesteela\n|\n|upkeep\n|turn|30\n|\n|t:|1700452419\n|move|p1a: Lechonk|Endeavor|p2a: Celesteela\n|-immune|p2a: Celesteela\n|move|p2a: Celesteela|Heavy Slam|p1a: Lechonk\n|-crit|p1a: Lechonk\n|-damage|p1a: Lechonk|0 fnt\n|faint|p1a: Lechonk\n|-ability|p2a: Celesteela|Beast Boost|boost\n|-boost|p2a: Celesteela|spd|1\n|\n|upkeep\n|\n|t:|1700452427\n|switch|p1a: Meowscarada|Meowscarada, M|9\/100\n|-damage|p1a: Meowscarada|0 fnt|[from] Stealth Rock\n|faint|p1a: Meowscarada\n|\n|t:|1700452431\n|switch|p1a: Clodsire|Clodsire, M|100\/100\n|-damage|p1a: Clodsire|94\/100|[from] Stealth Rock\n|turn|31\n|\n|t:|1700452438\n|move|p2a: Celesteela|Leech Seed|p1a: Clodsire|[miss]\n|-miss|p2a: Celesteela|p1a: Clodsire\n|move|p1a: Clodsire|Stealth Rock||[still]\n|-fail|p1a: Clodsire\n|\n|-heal|p1a: Clodsire|100\/100|[from] item: Leftovers\n|upkeep\n|turn|32\n|c|\u2606JasperSDx|Gg\n|\n|t:|1700452451\n|move|p2a: Celesteela|Leech Seed|p1a: Clodsire\n|-start|p1a: Clodsire|move: Leech Seed\n|move|p1a: Clodsire|Stealth Rock||[still]\n|-fail|p1a: Clodsire\n|\n|-damage|p1a: Clodsire|88\/100|[from] Leech Seed|[of] p2a: Celesteela\n|-heal|p2a: Celesteela|36\/100|[silent]\n|upkeep\n|turn|33\n|\n|t:|1700452462\n|move|p2a: Celesteela|Protect|p2a: Celesteela\n|-singleturn|p2a: Celesteela|Protect\n|move|p1a: Clodsire|Earthquake|p2a: Celesteela\n|-activate|p2a: Celesteela|move: Protect\n|\n|-heal|p1a: Clodsire|94\/100|[from] item: Leftovers\n|-damage|p1a: Clodsire|82\/100|[from] Leech Seed|[of] p2a: Celesteela\n|-heal|p2a: Celesteela|51\/100|[silent]\n|upkeep\n|turn|34\n|c|\u2606Frmojifrmoji|toca aguantar hasta que se acaben los pp\n|\n|t:|1700452476\n|move|p2a: Celesteela|Flamethrower|p1a: Clodsire\n|-damage|p1a: Clodsire|70\/100\n|move|p1a: Clodsire|Stealth Rock||[still]\n|-fail|p1a: Clodsire\n|\n|-heal|p1a: Clodsire|76\/100|[from] item: Leftovers\n|-damage|p1a: Clodsire|64\/100|[from] Leech Seed|[of] p2a: Celesteela\n|-heal|p2a: Celesteela|65\/100|[silent]\n|upkeep\n|turn|35\n|\n|t:|1700452488\n|move|p2a: Celesteela|Flamethrower|p1a: Clodsire\n|-damage|p1a: Clodsire|52\/100\n|move|p1a: Clodsire|Toxic|p2a: Celesteela\n|-immune|p2a: Celesteela\n|\n|-heal|p1a: Clodsire|58\/100|[from] item: Leftovers\n|-damage|p1a: Clodsire|46\/100|[from] Leech Seed|[of] p2a: Celesteela\n|-heal|p2a: Celesteela|80\/100|[silent]\n|upkeep\n|turn|36\n|\n|t:|1700452496\n|move|p2a: Celesteela|Flamethrower|p1a: Clodsire\n|-damage|p1a: Clodsire|33\/100\n|move|p1a: Clodsire|Recover|p1a: Clodsire\n|-heal|p1a: Clodsire|83\/100\n|\n|-heal|p1a: Clodsire|90\/100|[from] item: Leftovers\n|-damage|p1a: Clodsire|77\/100|[from] Leech Seed|[of] p2a: Celesteela\n|-heal|p2a: Celesteela|94\/100|[silent]\n|upkeep\n|turn|37\n|\n|t:|1700452504\n|move|p2a: Celesteela|Flamethrower|p1a: Clodsire\n|-damage|p1a: Clodsire|66\/100\n|move|p1a: Clodsire|Earthquake|p2a: Celesteela\n|-immune|p2a: Celesteela\n|\n|-heal|p1a: Clodsire|72\/100|[from] item: Leftovers\n|-damage|p1a: Clodsire|60\/100|[from] Leech Seed|[of] p2a: Celesteela\n|-heal|p2a: Celesteela|100\/100|[silent]\n|upkeep\n|turn|38\n|\n|t:|1700452512\n|move|p2a: Celesteela|Flamethrower|p1a: Clodsire\n|-damage|p1a: Clodsire|48\/100\n|move|p1a: Clodsire|Stealth Rock||[still]\n|-fail|p1a: Clodsire\n|\n|-heal|p1a: Clodsire|54\/100|[from] item: Leftovers\n|-damage|p1a: Clodsire|42\/100|[from] Leech Seed|[of] p2a: Celesteela\n|upkeep\n|turn|39\n|\n|t:|1700452520\n|move|p2a: Celesteela|Flamethrower|p1a: Clodsire\n|-damage|p1a: Clodsire|30\/100\n|move|p1a: Clodsire|Stealth Rock||[still]\n|-fail|p1a: Clodsire\n|\n|-heal|p1a: Clodsire|37\/100|[from] item: Leftovers\n|-damage|p1a: Clodsire|24\/100|[from] Leech Seed|[of] p2a: Celesteela\n|upkeep\n|turn|40\n|\n|t:|1700452528\n|move|p2a: Celesteela|Heavy Slam|p1a: Clodsire\n|-damage|p1a: Clodsire|0 fnt\n|faint|p1a: Clodsire\n|\n|win|JasperSDx\n|c|\u2606Frmojifrmoji|gg\n|c|\u2606Frmojifrmoji|f\n|c|\u2606JasperSDx|Gg\n","uploadtime":1700452542,"views":13,"p1id":"frmojifrmoji","p2id":"jaspersdx","formatid":"gen9nationaldex","rating":0,"private":0,"password":""}