{"id":"gen9nationaldex-1999487793","p1":"ikun321","p2":"sasadd","format":"[Gen 9] National Dex","log":"|html|<div class=\"broadcast-blue\"><strong>[Gen 9] National Dex is currently suspecting Sneasler! For information on how to participate check out the <a href=\"https:\/\/www.smogon.com\/forums\/threads\/sv-national-dex-suspect-8-just-dance.3731534\/\">suspect thread<\/a>.<\/strong><\/div>\n|j|\u2606ikun321\n|j|\u2606sasadd\n|t:|1701087953\n|gametype|singles\n|player|p1|ikun321|2|1467\n|player|p2|sasadd|caitlin|1485\n|teamsize|p1|6\n|teamsize|p2|6\n|gen|9\n|tier|[Gen 9] National Dex\n|rated|\n|rule|HP Percentage Mod: HP is shown in percentages\n|rule|Endless Battle Clause: Forcing endless battles is banned\n|rule|OHKO Clause: OHKO moves are banned\n|rule|Evasion Clause: Evasion abilities, items, and moves are banned\n|rule|Evasion Abilities Clause: Evasion abilities are banned\n|rule|Evasion Items Clause: Evasion items are banned\n|rule|Evasion Moves Clause: Evasion moves are banned\n|rule|Species Clause: Limit one of each Pok\u00e9mon\n|rule|Sleep Clause Mod: Limit one foe put to sleep\n|clearpoke\n|poke|p1|Corviknight, M|\n|poke|p1|Banette, F|\n|poke|p1|Rillaboom, M|\n|poke|p1|Slowking-Galar, F|\n|poke|p1|Garganacl, F|\n|poke|p1|Great Tusk|\n|poke|p2|Mawile, M|\n|poke|p2|Marowak-Alola, F|\n|poke|p2|Hatterene, F|\n|poke|p2|Cresselia, F|\n|poke|p2|Porygon2|\n|poke|p2|Ursaluna, M|\n|teampreview\n|inactive|Battle timer is ON: inactive players will automatically lose when time's up. (requested by ikun321)\n|\n|t:|1701087964\n|start\n|switch|p1a: Rillaboom|Rillaboom, M|100\/100\n|switch|p2a: Porygon2|Porygon2|100\/100\n|-fieldstart|move: Grassy Terrain|[from] ability: Grassy Surge|[of] p1a: Rillaboom\n|-ability|p2a: Porygon2|Grassy Surge|[from] ability: Trace|[of] p1a: Rillaboom\n|turn|1\n|\n|t:|1701087973\n|move|p1a: Rillaboom|Superpower|p2a: Porygon2\n|-supereffective|p2a: Porygon2\n|-damage|p2a: Porygon2|35\/100\n|-unboost|p1a: Rillaboom|atk|1\n|-unboost|p1a: Rillaboom|def|1\n|move|p2a: Porygon2|Trick Room|p2a: Porygon2\n|-fieldstart|move: Trick Room|[of] p2a: Porygon2\n|\n|-heal|p2a: Porygon2|41\/100|[from] Grassy Terrain\n|upkeep\n|turn|2\n|\n|t:|1701087979\n|switch|p2a: Marowak|Marowak-Alola, F|100\/100\n|move|p1a: Rillaboom|Superpower|p2a: Marowak\n|-immune|p2a: Marowak\n|\n|upkeep\n|turn|3\n|\n|t:|1701087984\n|switch|p1a: Garganacl|Garganacl, F|100\/100\n|move|p2a: Marowak|Flare Blitz|p1a: Garganacl\n|-resisted|p1a: Garganacl\n|-damage|p1a: Garganacl|67\/100\n|\n|-heal|p1a: Garganacl|73\/100|[from] Grassy Terrain\n|-heal|p1a: Garganacl|79\/100|[from] item: Leftovers\n|upkeep\n|turn|4\n|\n|t:|1701087988\n|move|p1a: Garganacl|Protect|p1a: Garganacl\n|-singleturn|p1a: Garganacl|Protect\n|move|p2a: Marowak|Low Kick|p1a: Garganacl\n|-activate|p1a: Garganacl|move: Protect\n|\n|-heal|p1a: Garganacl|85\/100|[from] Grassy Terrain\n|-heal|p1a: Garganacl|92\/100|[from] item: Leftovers\n|upkeep\n|turn|5\n|\n|t:|1701087993\n|move|p2a: Marowak|Poltergeist|p1a: Garganacl\n|-activate|p1a: Garganacl|move: Poltergeist|Leftovers\n|-damage|p1a: Garganacl|59\/100\n|move|p1a: Garganacl|Stealth Rock|p2a: Marowak\n|-sidestart|p2: sasadd|move: Stealth Rock\n|\n|-heal|p1a: Garganacl|65\/100|[from] Grassy Terrain\n|-heal|p1a: Garganacl|71\/100|[from] item: Leftovers\n|-fieldend|move: Trick Room\n|-fieldend|move: Grassy Terrain\n|upkeep\n|turn|6\n|\n|t:|1701087998\n|move|p1a: Garganacl|Salt Cure|p2a: Marowak\n|-supereffective|p2a: Marowak\n|-damage|p2a: Marowak|76\/100\n|-start|p2a: Marowak|Salt Cure\n|move|p2a: Marowak|Low Kick|p1a: Garganacl\n|-supereffective|p1a: Garganacl\n|-damage|p1a: Garganacl|0 fnt\n|faint|p1a: Garganacl\n|\n|-damage|p2a: Marowak|63\/100|[from] Salt Cure\n|upkeep\n|\n|t:|1701088001\n|switch|p1a: Banette|Banette, F|100\/100\n|-item|p2a: Marowak|Thick Club|[from] ability: Frisk|[of] p1a: Banette|[identify]\n|turn|7\n|\n|t:|1701088004\n|-activate|p2a: Marowak|move: Pursuit\n|detailschange|p1a: Banette|Banette-Mega, F\n|-mega|p1a: Banette|Banette|Banettite\n|move|p1a: Banette|Pursuit|p2a: Marowak|[from]Pursuit\n|-supereffective|p2a: Marowak\n|-damage|p2a: Marowak|0 fnt\n|faint|p2a: Marowak\n|-hint|A Pokemon can't switch between when it runs out of HP and when it faints\n|\n|upkeep\n|\n|t:|1701088007\n|switch|p2a: Porygon2|Porygon2|41\/100\n|-damage|p2a: Porygon2|29\/100|[from] Stealth Rock\n|-ability|p2a: Porygon2|Prankster|[from] ability: Trace|[of] p1a: Banette\n|turn|8\n|\n|t:|1701088018\n|move|p1a: Banette|Pursuit|p2a: Porygon2\n|-damage|p2a: Porygon2|19\/100\n|move|p2a: Porygon2|Trick Room|p2a: Porygon2\n|-fieldstart|move: Trick Room|[of] p2a: Porygon2\n|\n|upkeep\n|turn|9\n|\n|t:|1701088024\n|move|p1a: Banette|Encore|p2a: Porygon2\n|-start|p2a: Porygon2|Encore\n|move|p2a: Porygon2|Trick Room|p2a: Porygon2\n|-fieldend|move: Trick Room\n|\n|upkeep\n|turn|10\n|\n|t:|1701088029\n|move|p1a: Banette|Pursuit|p2a: Porygon2\n|-damage|p2a: Porygon2|9\/100\n|move|p2a: Porygon2|Trick Room|p2a: Porygon2\n|-fieldstart|move: Trick Room|[of] p2a: Porygon2\n|\n|upkeep\n|turn|11\n|\n|t:|1701088035\n|-activate|p2a: Porygon2|move: Pursuit\n|move|p1a: Banette|Pursuit|p2a: Porygon2|[from]Pursuit\n|-damage|p2a: Porygon2|0 fnt\n|faint|p2a: Porygon2\n|-hint|A Pokemon can't switch between when it runs out of HP and when it faints\n|\n|upkeep\n|\n|t:|1701088037\n|switch|p2a: Mawile|Mawile, M|100\/100\n|-damage|p2a: Mawile|95\/100|[from] Stealth Rock\n|-ability|p2a: Mawile|Intimidate|boost\n|-unboost|p1a: Banette|atk|1\n|turn|12\n|\n|t:|1701088040\n|detailschange|p2a: Mawile|Mawile-Mega, M\n|-mega|p2a: Mawile|Mawile|Mawilite\n|move|p1a: Banette|Destiny Bond|p1a: Banette\n|-singlemove|p1a: Banette|Destiny Bond\n|move|p2a: Mawile|Fire Fang|p1a: Banette\n|-damage|p1a: Banette|32\/100\n|\n|upkeep\n|turn|13\n|\n|t:|1701088049\n|move|p2a: Mawile|Sucker Punch|p1a: Banette\n|-supereffective|p1a: Banette\n|-damage|p1a: Banette|0 fnt\n|faint|p1a: Banette\n|-activate|p1a: Banette|move: Destiny Bond\n|faint|p2a: Mawile\n|\n|upkeep\n|\n|t:|1701088053\n|switch|p2a: Ursaluna|Ursaluna, M|100\/100\n|switch|p1a: Rillaboom|Rillaboom, M|100\/100\n|-damage|p2a: Ursaluna|94\/100|[from] Stealth Rock\n|-fieldstart|move: Grassy Terrain|[from] ability: Grassy Surge|[of] p1a: Rillaboom\n|turn|14\n|\n|t:|1701088060\n|switch|p1a: Slowking|Slowking-Galar, F|100\/100\n|-terastallize|p2a: Ursaluna|Normal\n|move|p2a: Ursaluna|Facade|p1a: Slowking\n|-damage|p1a: Slowking|38\/100\n|\n|-heal|p1a: Slowking|44\/100|[from] Grassy Terrain\n|-heal|p2a: Ursaluna|100\/100|[from] Grassy Terrain\n|-fieldend|move: Trick Room\n|-status|p2a: Ursaluna|brn|[from] item: Flame Orb\n|upkeep\n|turn|15\n|\n|t:|1701088073\n|move|p2a: Ursaluna|Facade|p1a: Slowking\n|-damage|p1a: Slowking|0 fnt\n|faint|p1a: Slowking\n|\n|-damage|p2a: Ursaluna|94\/100 brn|[from] brn\n|upkeep\n|\n|t:|1701088075\n|switch|p1a: Great Tusk|Great Tusk|100\/100\n|turn|16\n|\n|t:|1701088082\n|-end|p1a: Great Tusk|Protosynthesis|[silent]\n|switch|p1a: Rillaboom|Rillaboom, M|100\/100\n|switch|p2a: Cresselia|Cresselia, F|100\/100\n|-damage|p2a: Cresselia|88\/100|[from] Stealth Rock\n|\n|upkeep\n|turn|17\n|\n|t:|1701088087\n|-terastallize|p1a: Rillaboom|Grass\n|move|p1a: Rillaboom|Wood Hammer|p2a: Cresselia\n|-damage|p2a: Cresselia|0 fnt\n|faint|p2a: Cresselia\n|-damage|p1a: Rillaboom|65\/100|[from] Recoil\n|\n|-heal|p1a: Rillaboom|71\/100|[from] Grassy Terrain\n|upkeep\n|\n|t:|1701088089\n|switch|p2a: Hatterene|Hatterene, F|100\/100\n|-damage|p2a: Hatterene|88\/100|[from] Stealth Rock\n|turn|18\n|\n|t:|1701088096\n|move|p1a: Rillaboom|Wood Hammer|p2a: Hatterene\n|-damage|p2a: Hatterene|0 fnt\n|faint|p2a: Hatterene\n|-damage|p1a: Rillaboom|46\/100|[from] Recoil\n|\n|-heal|p1a: Rillaboom|52\/100|[from] Grassy Terrain\n|-fieldend|move: Grassy Terrain\n|upkeep\n|\n|t:|1701088098\n|switch|p2a: Ursaluna|Ursaluna, M, tera:Normal|94\/100 brn\n|-damage|p2a: Ursaluna|82\/100 brn|[from] Stealth Rock\n|turn|19\n|\n|t:|1701088102\n|switch|p1a: Great Tusk|Great Tusk|100\/100\n|move|p2a: Ursaluna|Facade|p1a: Great Tusk\n|-damage|p1a: Great Tusk|0 fnt\n|faint|p1a: Great Tusk\n|-end|p1a: Great Tusk|Protosynthesis|[silent]\n|\n|-damage|p2a: Ursaluna|76\/100 brn|[from] brn\n|upkeep\n|\n|t:|1701088109\n|switch|p1a: Rillaboom|Rillaboom, M, tera:Grass|52\/100\n|-fieldstart|move: Grassy Terrain|[from] ability: Grassy Surge|[of] p1a: Rillaboom\n|turn|20\n|\n|t:|1701088111\n|move|p1a: Rillaboom|Superpower|p2a: Ursaluna\n|-supereffective|p2a: Ursaluna\n|-damage|p2a: Ursaluna|0 fnt\n|-unboost|p1a: Rillaboom|atk|1\n|-unboost|p1a: Rillaboom|def|1\n|faint|p2a: Ursaluna\n|\n|win|ikun321\n|raw|ikun321's rating: 1467 &rarr; <strong>1488<\/strong><br \/>(+21 for winning)\n|raw|sasadd's rating: 1485 &rarr; <strong>1464<\/strong><br \/>(-21 for losing)\n","uploadtime":1701088120,"views":10,"p1id":"ikun321","p2id":"sasadd","formatid":"gen9nationaldex","rating":1464,"private":0,"password":""}