{"id":"gen9nationaldex-1991399163","p1":"slainrook202","p2":"rwktwkwtkstlst","format":"[Gen 9] National Dex","log":"|j|\u2606slainrook202\n|j|\u2606rwktwkwtkstlst\n|t:|1700073834\n|gametype|singles\n|player|p1|slainrook202|dulse|1022\n|player|p2|rwktwkwtkstlst|170|1076\n|teamsize|p1|6\n|teamsize|p2|6\n|gen|9\n|tier|[Gen 9] National Dex\n|rated|\n|rule|HP Percentage Mod: HP is shown in percentages\n|rule|Endless Battle Clause: Forcing endless battles is banned\n|rule|OHKO Clause: OHKO moves are banned\n|rule|Evasion Clause: Evasion abilities, items, and moves are banned\n|rule|Evasion Abilities Clause: Evasion abilities are banned\n|rule|Evasion Items Clause: Evasion items are banned\n|rule|Evasion Moves Clause: Evasion moves are banned\n|rule|Species Clause: Limit one of each Pok\u00e9mon\n|rule|Sleep Clause Mod: Limit one foe put to sleep\n|clearpoke\n|poke|p1|Vikavolt, M|\n|poke|p1|Beedrill, F|\n|poke|p1|Bewear, F|\n|poke|p1|Garganacl, M|\n|poke|p1|Ferrothorn, M|\n|poke|p1|Buzzwole|\n|poke|p2|Ting-Lu|\n|poke|p2|Samurott-Hisui, F|\n|poke|p2|Moltres|\n|poke|p2|Iron Hands|\n|poke|p2|Shuckle, M|\n|poke|p2|Sneasler, F|\n|teampreview\n|\n|t:|1700073846\n|start\n|switch|p1a: Bewear|Bewear, F|100\/100\n|switch|p2a: samurotthisui|Samurott-Hisui, F|100\/100\n|turn|1\n|\n|t:|1700073856\n|move|p2a: samurotthisui|Ceaseless Edge|p1a: Bewear|[miss]\n|-miss|p2a: samurotthisui|p1a: Bewear\n|move|p1a: Bewear|Body Press|p2a: samurotthisui\n|-supereffective|p2a: samurotthisui\n|-damage|p2a: samurotthisui|16\/100\n|\n|upkeep\n|turn|2\n|\n|t:|1700073870\n|move|p2a: samurotthisui|Ceaseless Edge|p1a: Bewear\n|-resisted|p1a: Bewear\n|-damage|p1a: Bewear|93\/100\n|-sidestart|p1: slainrook202|Spikes\n|move|p1a: Bewear|Body Press|p2a: samurotthisui\n|-supereffective|p2a: samurotthisui\n|-damage|p2a: samurotthisui|0 fnt\n|faint|p2a: samurotthisui\n|\n|upkeep\n|\n|t:|1700073874\n|switch|p2a: tinglu|Ting-Lu|100\/100\n|-ability|p2a: tinglu|Vessel of Ruin\n|turn|3\n|\n|t:|1700073888\n|move|p1a: Bewear|Body Press|p2a: tinglu\n|-supereffective|p2a: tinglu\n|-damage|p2a: tinglu|74\/100\n|move|p2a: tinglu|Stealth Rock|p1a: Bewear\n|-sidestart|p1: slainrook202|move: Stealth Rock\n|\n|-heal|p2a: tinglu|80\/100|[from] item: Leftovers\n|upkeep\n|turn|4\n|\n|t:|1700073896\n|move|p1a: Bewear|Darkest Lariat|p2a: tinglu\n|-resisted|p2a: tinglu\n|-damage|p2a: tinglu|75\/100\n|move|p2a: tinglu|Spikes|p1a: Bewear\n|-sidestart|p1: slainrook202|Spikes\n|\n|-heal|p2a: tinglu|81\/100|[from] item: Leftovers\n|upkeep\n|turn|5\n|\n|t:|1700073904\n|move|p1a: Bewear|Body Press|p2a: tinglu\n|-supereffective|p2a: tinglu\n|-damage|p2a: tinglu|55\/100\n|move|p2a: tinglu|Spikes|p1a: Bewear\n|-sidestart|p1: slainrook202|Spikes\n|\n|-heal|p2a: tinglu|61\/100|[from] item: Leftovers\n|upkeep\n|turn|6\n|\n|t:|1700073911\n|move|p1a: Bewear|Body Press|p2a: tinglu\n|-supereffective|p2a: tinglu\n|-damage|p2a: tinglu|34\/100\n|move|p2a: tinglu|Whirlwind|p1a: Bewear\n|drag|p1a: Vikavolt|Vikavolt, M|100\/100\n|-damage|p1a: Vikavolt|76\/100|[from] Stealth Rock\n|\n|-heal|p2a: tinglu|40\/100|[from] item: Leftovers\n|-heal|p1a: Vikavolt|82\/100|[from] item: Leftovers\n|upkeep\n|turn|7\n|\n|t:|1700073931\n|move|p1a: Vikavolt|Discharge|p2a: tinglu\n|-immune|p2a: tinglu\n|move|p2a: tinglu|Whirlwind|p1a: Vikavolt\n|drag|p1a: Ferrothorn|Ferrothorn, M|100\/100\n|-damage|p1a: Ferrothorn|76\/100|[from] Spikes\n|-damage|p1a: Ferrothorn|70\/100|[from] Stealth Rock\n|\n|-heal|p2a: tinglu|46\/100|[from] item: Leftovers\n|upkeep\n|turn|8\n|c|\u2606slainrook202|bruh whirlwind spammer\n|c|\u2606slainrook202|how original\n|\n|t:|1700073960\n|move|p1a: Ferrothorn|Spikes|p2a: tinglu\n|-sidestart|p2: rwktwkwtkstlst|Spikes\n|move|p2a: tinglu|Whirlwind|p1a: Ferrothorn\n|drag|p1a: Bewear|Bewear, F|93\/100\n|\n|-heal|p2a: tinglu|52\/100|[from] item: Leftovers\n|upkeep\n|turn|9\n|\n|t:|1700073969\n|move|p1a: Bewear|Body Press|p2a: tinglu\n|-supereffective|p2a: tinglu\n|-damage|p2a: tinglu|27\/100\n|move|p2a: tinglu|Whirlwind|p1a: Bewear\n|drag|p1a: Beedrill|Beedrill, F|100\/100\n|-damage|p1a: Beedrill|76\/100|[from] Spikes\n|-damage|p1a: Beedrill|51\/100|[from] Stealth Rock\n|\n|-heal|p2a: tinglu|33\/100|[from] item: Leftovers\n|upkeep\n|turn|10\n|c|\u2606slainrook202|DUDE\n|\n|t:|1700073988\n|switch|p2a: Moltres|Moltres|100\/100\n|detailschange|p1a: Beedrill|Beedrill-Mega, F\n|-mega|p1a: Beedrill|Beedrill|Beedrillite\n|move|p1a: Beedrill|Drill Run|p2a: Moltres\n|-immune|p2a: Moltres\n|\n|upkeep\n|turn|11\n|\n|t:|1700074017\n|switch|p1a: Garganacl|Garganacl, M|100\/100\n|-damage|p1a: Garganacl|75\/100|[from] Spikes\n|-damage|p1a: Garganacl|63\/100|[from] Stealth Rock\n|move|p2a: Moltres|Air Slash|p1a: Garganacl\n|-resisted|p1a: Garganacl\n|-damage|p1a: Garganacl|44\/100\n|\n|upkeep\n|turn|12\n|\n|t:|1700074049\n|switch|p2a: tinglu|Ting-Lu|33\/100\n|-damage|p2a: tinglu|20\/100|[from] Spikes\n|-ability|p2a: tinglu|Vessel of Ruin\n|move|p1a: Garganacl|Salt Cure|p2a: tinglu\n|-resisted|p2a: tinglu\n|-damage|p2a: tinglu|16\/100\n|-start|p2a: tinglu|Salt Cure\n|\n|-heal|p2a: tinglu|22\/100|[from] item: Leftovers\n|-damage|p2a: tinglu|10\/100|[from] Salt Cure\n|upkeep\n|turn|13\n|c|\u2606slainrook202|you gotta have some sort of braincell deficency to think this is a good strat\n|\n|t:|1700074078\n|move|p1a: Garganacl|Recover|p1a: Garganacl\n|-heal|p1a: Garganacl|94\/100\n|move|p2a: tinglu|Whirlwind|p1a: Garganacl\n|drag|p1a: Ferrothorn|Ferrothorn, M|70\/100\n|-damage|p1a: Ferrothorn|45\/100|[from] Spikes\n|-damage|p1a: Ferrothorn|39\/100|[from] Stealth Rock\n|\n|-heal|p2a: tinglu|16\/100|[from] item: Leftovers\n|-damage|p2a: tinglu|4\/100|[from] Salt Cure\n|upkeep\n|turn|14\n|\n|t:|1700074090\n|move|p1a: Ferrothorn|Spikes|p2a: tinglu\n|-sidestart|p2: rwktwkwtkstlst|Spikes\n|move|p2a: tinglu|Whirlwind|p1a: Ferrothorn\n|drag|p1a: Garganacl|Garganacl, M|94\/100\n|-damage|p1a: Garganacl|69\/100|[from] Spikes\n|-damage|p1a: Garganacl|56\/100|[from] Stealth Rock\n|\n|-heal|p2a: tinglu|10\/100|[from] item: Leftovers\n|-damage|p2a: tinglu|0 fnt|[from] Salt Cure\n|faint|p2a: tinglu\n|upkeep\n|\n|t:|1700074101\n|switch|p2a: Shuckle|Shuckle, M|100\/100\n|-damage|p2a: Shuckle|84\/100|[from] Spikes\n|turn|15\n|\n|t:|1700074111\n|move|p1a: Garganacl|Salt Cure|p2a: Shuckle\n|-supereffective|p2a: Shuckle\n|-damage|p2a: Shuckle|59\/100\n|-start|p2a: Shuckle|Salt Cure\n|-enditem|p2a: Shuckle|Red Card|[of] p1a: Garganacl\n|drag|p1a: Buzzwole|Buzzwole, shiny|100\/100\n|-damage|p1a: Buzzwole|76\/100|[from] Spikes\n|-damage|p1a: Buzzwole|63\/100|[from] Stealth Rock\n|move|p2a: Shuckle|Sticky Web|p1a: Buzzwole\n|-sidestart|p1: slainrook202|move: Sticky Web\n|\n|-damage|p2a: Shuckle|47\/100|[from] Salt Cure\n|upkeep\n|turn|16\n|\n|t:|1700074129\n|move|p1a: Buzzwole|Earthquake|p2a: Shuckle\n|-damage|p2a: Shuckle|19\/100\n|move|p2a: Shuckle|Encore|p1a: Buzzwole\n|-start|p1a: Buzzwole|Encore\n|\n|-damage|p2a: Shuckle|7\/100|[from] Salt Cure\n|upkeep\n|turn|17\n|\n|t:|1700074183\n|move|p1a: Buzzwole|Earthquake|p2a: Shuckle\n|-damage|p2a: Shuckle|0 fnt\n|faint|p2a: Shuckle\n|-ability|p1a: Buzzwole|Beast Boost|boost\n|-boost|p1a: Buzzwole|atk|1\n|\n|upkeep\n|\n|t:|1700074186\n|switch|p2a: Moltres|Moltres|100\/100\n|turn|18\n|\n|t:|1700074205\n|switch|p1a: Garganacl|Garganacl, M|56\/100\n|-damage|p1a: Garganacl|31\/100|[from] Spikes\n|-damage|p1a: Garganacl|19\/100|[from] Stealth Rock\n|-activate|p1a: Garganacl|move: Sticky Web\n|-unboost|p1a: Garganacl|spe|1\n|-enditem|p1a: Garganacl|Aguav Berry|[eat]\n|-heal|p1a: Garganacl|52\/100|[from] item: Aguav Berry\n|move|p2a: Moltres|Air Slash|p1a: Garganacl\n|-resisted|p1a: Garganacl\n|-damage|p1a: Garganacl|34\/100\n|\n|upkeep\n|turn|19\n|\n|t:|1700074233\n|switch|p2a: Sneasler|Sneasler, F|100\/100\n|-item|p2a: Sneasler|Air Balloon\n|move|p1a: Garganacl|Salt Cure|p2a: Sneasler\n|-resisted|p2a: Sneasler\n|-damage|p2a: Sneasler|84\/100\n|-start|p2a: Sneasler|Salt Cure\n|-enditem|p2a: Sneasler|Air Balloon\n|\n|-damage|p2a: Sneasler|71\/100|[from] Salt Cure\n|upkeep\n|turn|20\n|\n|t:|1700074247\n|move|p2a: Sneasler|Swords Dance|p2a: Sneasler\n|-boost|p2a: Sneasler|atk|2\n|move|p1a: Garganacl|Recover|p1a: Garganacl\n|-heal|p1a: Garganacl|84\/100\n|\n|-damage|p2a: Sneasler|59\/100|[from] Salt Cure\n|upkeep\n|turn|21\n|\n|t:|1700074256\n|move|p2a: Sneasler|Close Combat|p1a: Garganacl\n|-supereffective|p1a: Garganacl\n|-damage|p1a: Garganacl|0 fnt\n|-unboost|p2a: Sneasler|def|1\n|-unboost|p2a: Sneasler|spd|1\n|faint|p1a: Garganacl\n|\n|-damage|p2a: Sneasler|47\/100|[from] Salt Cure\n|upkeep\n|\n|t:|1700074267\n|switch|p1a: Bewear|Bewear, F|93\/100\n|turn|22\n|\n|t:|1700074275\n|move|p2a: Sneasler|Acrobatics|p1a: Bewear\n|-supereffective|p1a: Bewear\n|-damage|p1a: Bewear|39\/100\n|move|p1a: Bewear|Body Press|p2a: Sneasler\n|-resisted|p2a: Sneasler\n|-damage|p2a: Sneasler|6\/100\n|\n|-damage|p2a: Sneasler|0 fnt|[from] Salt Cure\n|faint|p2a: Sneasler\n|upkeep\n|\n|t:|1700074279\n|switch|p2a: Moltres|Moltres|100\/100\n|turn|23\n|\n|t:|1700074294\n|move|p2a: Moltres|Air Slash|p1a: Bewear\n|-supereffective|p1a: Bewear\n|-damage|p1a: Bewear|0 fnt\n|faint|p1a: Bewear\n|\n|upkeep\n|\n|t:|1700074299\n|switch|p1a: Beedrill|Beedrill-Mega, F|51\/100\n|-damage|p1a: Beedrill|26\/100|[from] Spikes\n|-damage|p1a: Beedrill|1\/100|[from] Stealth Rock\n|-activate|p1a: Beedrill|move: Sticky Web\n|-unboost|p1a: Beedrill|spe|1\n|turn|24\n|\n|t:|1700074312\n|move|p1a: Beedrill|Protect|p1a: Beedrill\n|-singleturn|p1a: Beedrill|Protect\n|move|p2a: Moltres|Roost||[still]\n|-fail|p2a: Moltres|heal\n|\n|upkeep\n|turn|25\n|\n|t:|1700074319\n|move|p1a: Beedrill|Drill Run|p2a: Moltres\n|-immune|p2a: Moltres\n|move|p2a: Moltres|Roost||[still]\n|-fail|p2a: Moltres|heal\n|\n|upkeep\n|turn|26\n|\n|t:|1700074326\n|switch|p1a: Vikavolt|Vikavolt, M|82\/100\n|-damage|p1a: Vikavolt|57\/100|[from] Stealth Rock\n|move|p2a: Moltres|Roost||[still]\n|-fail|p2a: Moltres|heal\n|\n|-heal|p1a: Vikavolt|63\/100|[from] item: Leftovers\n|upkeep\n|turn|27\n|\n|t:|1700074352\n|move|p2a: Moltres|Burn Up|p1a: Vikavolt\n|-supereffective|p1a: Vikavolt\n|-damage|p1a: Vikavolt|0 fnt\n|-start|p2a: Moltres|typechange|???\/Flying|[from] move: Burn Up\n|faint|p1a: Vikavolt\n|\n|upkeep\n|\n|t:|1700074360\n|switch|p1a: Buzzwole|Buzzwole, shiny|63\/100\n|-damage|p1a: Buzzwole|38\/100|[from] Spikes\n|-damage|p1a: Buzzwole|26\/100|[from] Stealth Rock\n|-activate|p1a: Buzzwole|move: Sticky Web\n|-unboost|p1a: Buzzwole|spe|1\n|turn|28\n|c|\u2606slainrook202|lil bros mad\n|\n|t:|1700074378\n|move|p2a: Moltres|Air Slash|p1a: Buzzwole\n|-supereffective|p1a: Buzzwole\n|-damage|p1a: Buzzwole|0 fnt\n|faint|p1a: Buzzwole\n|\n|upkeep\n|c|\u2606slainrook202|BRO\n|n|\u2606rwktwkwtkstlst|rwktwkwtkstlst\n|c|\u2606slainrook202|BRAINCELL DEFICENCY\n|\n|t:|1700074387\n|switch|p1a: Ferrothorn|Ferrothorn, M|39\/100\n|-damage|p1a: Ferrothorn|14\/100|[from] Spikes\n|-damage|p1a: Ferrothorn|8\/100|[from] Stealth Rock\n|-activate|p1a: Ferrothorn|move: Sticky Web\n|-unboost|p1a: Ferrothorn|spe|1\n|turn|29\n|c|\u2606rwktwkwtkstlst|Who?\n|c|\u2606rwktwkwtkstlst|Yours?\n|c|\u2606slainrook202|i take it back goddamn\n|c|\u2606slainrook202|bros tryna sweep witrh moltres\n|c|\u2606rwktwkwtkstlst|I don't try\n|\n|t:|1700074417\n|move|p2a: Moltres|Air Slash|p1a: Ferrothorn\n|-damage|p1a: Ferrothorn|0 fnt\n|faint|p1a: Ferrothorn\n|\n|upkeep\n|c|\u2606slainrook202|what does trying have to do with anything?\n|c|\u2606slainrook202|theres a difference between trying and tryharding\n|c|\u2606slainrook202|and im trying\n|c|\u2606rwktwkwtkstlst|Ez win\n|\n|t:|1700074435\n|switch|p1a: Beedrill|Beedrill-Mega, F|1\/100\n|-damage|p1a: Beedrill|0 fnt|[from] Spikes\n|-activate|p1a: Beedrill|move: Sticky Web\n|faint|p1a: Beedrill\n|\n|win|rwktwkwtkstlst\n|raw|slainrook202's rating: 1022 &rarr; <strong>1011<\/strong><br \/>(-11 for losing)\n|raw|rwktwkwtkstlst's rating: 1076 &rarr; <strong>1100<\/strong><br \/>(+24 for winning)\n|l|\u2606rwktwkwtkstlst\n|c|\u2606slainrook202|GODDAMN\n","uploadtime":1700074454,"views":4,"p1id":"slainrook202","p2id":"rwktwkwtkstlst","formatid":"gen9nationaldex","rating":1011,"private":0,"password":""}