{"id":"gen9nationaldex-1994480785","p1":"Crown oji","p2":"Dregone","format":"[Gen 9] National Dex","log":"|j|\u2606Crown oji\n|j|\u2606Dregone\n|inactive|Battle timer is ON: inactive players will automatically lose when time's up.\n|t:|1700448877\n|gametype|singles\n|player|p1|Crown oji|benga|\n|player|p2|Dregone|cynthia-masters|\n|teamsize|p1|6\n|teamsize|p2|6\n|gen|9\n|tier|[Gen 9] National Dex\n|rated|Tournament battle\n|rule|HP Percentage Mod: HP is shown in percentages\n|rule|Endless Battle Clause: Forcing endless battles is banned\n|rule|OHKO Clause: OHKO moves are banned\n|rule|Evasion Clause: Evasion abilities, items, and moves are banned\n|rule|Evasion Abilities Clause: Evasion abilities are banned\n|rule|Evasion Items Clause: Evasion items are banned\n|rule|Evasion Moves Clause: Evasion moves are banned\n|rule|Species Clause: Limit one of each Pok\u00e9mon\n|rule|Sleep Clause Mod: Limit one foe put to sleep\n|rule|No Switching: All Pok\u00e9mon are trapped\n|clearpoke\n|poke|p1|Latios, M|\n|poke|p1|Buzzwole|\n|poke|p1|Gliscor, M|\n|poke|p1|Weavile, M|\n|poke|p1|Heatran, F|\n|poke|p1|Ogerpon-Wellspring, F|\n|poke|p2|Dragonite, F|\n|poke|p2|Smeargle, M|\n|poke|p2|Gyarados, M|\n|poke|p2|Iron Valiant|\n|poke|p2|Corviknight, M|\n|poke|p2|Garchomp, M|\n|teampreview\n|j|*Lady Monita \u2746\n|inactive|Dregone also wants the timer to be on.\n|c|\u2606Dregone|glhf\n|j| Windwalker475\n|\n|t:|1700448886\n|start\n|switch|p1a: Weavile|Weavile, M|100\/100\n|switch|p2a: Smeargle|Smeargle, M|100\/100\n|-ability|p1a: Weavile|Pressure\n|turn|1\n|c|\u2606Crown oji|u2\n|\n|t:|1700448893\n|move|p2a: Smeargle|Trick|p1a: Weavile\n|-activate|p2a: Smeargle|move: Trick|[of] p1a: Weavile\n|-item|p1a: Weavile|Choice Scarf|[from] move: Trick\n|-item|p2a: Smeargle|Choice Band|[from] move: Trick\n|move|p1a: Weavile|Triple Axel|p2a: Smeargle\n|-damage|p2a: Smeargle|69\/100\n|-hitcount|p2a: Smeargle|1\n|\n|upkeep\n|turn|2\n|\n|t:|1700448901\n|move|p1a: Weavile|Triple Axel|p2a: Smeargle\n|-damage|p2a: Smeargle|37\/100\n|-crit|p2a: Smeargle\n|-damage|p2a: Smeargle|0 fnt\n|faint|p2a: Smeargle\n|-hitcount|p2: Smeargle|2\n|\n|upkeep\n|\n|t:|1700448916\n|switch|p2a: Gyarados|Gyarados, M|100\/100\n|-ability|p2a: Gyarados|Intimidate|boost\n|-unboost|p1a: Weavile|atk|1\n|turn|3\n|\n|t:|1700448921\n|detailschange|p2a: Gyarados|Gyarados-Mega, M\n|-mega|p2a: Gyarados|Gyarados|Gyaradosite\n|-ability|p2a: Gyarados|Mold Breaker\n|move|p1a: Weavile|Triple Axel|p2a: Gyarados\n|-resisted|p2a: Gyarados\n|-damage|p2a: Gyarados|97\/100\n|-resisted|p2a: Gyarados\n|-damage|p2a: Gyarados|91\/100\n|-resisted|p2a: Gyarados\n|-damage|p2a: Gyarados|83\/100\n|-hitcount|p2a: Gyarados|3\n|move|p2a: Gyarados|Dragon Dance|p2a: Gyarados\n|-boost|p2a: Gyarados|atk|1\n|-boost|p2a: Gyarados|spe|1\n|\n|upkeep\n|turn|4\n|\n|t:|1700448930\n|move|p1a: Weavile|Triple Axel|p2a: Gyarados|[miss]\n|-miss|p1a: Weavile|p2a: Gyarados\n|move|p2a: Gyarados|Dragon Dance|p2a: Gyarados\n|-boost|p2a: Gyarados|atk|1\n|-boost|p2a: Gyarados|spe|1\n|\n|upkeep\n|turn|5\n|\n|t:|1700448933\n|move|p1a: Weavile|Triple Axel|p2a: Gyarados\n|-resisted|p2a: Gyarados\n|-damage|p2a: Gyarados|80\/100\n|-resisted|p2a: Gyarados\n|-damage|p2a: Gyarados|73\/100\n|-resisted|p2a: Gyarados\n|-damage|p2a: Gyarados|63\/100\n|-hitcount|p2a: Gyarados|3\n|move|p2a: Gyarados|Dragon Dance|p2a: Gyarados\n|-boost|p2a: Gyarados|atk|1\n|-boost|p2a: Gyarados|spe|1\n|\n|upkeep\n|turn|6\n|\n|t:|1700448937\n|move|p2a: Gyarados|Dragon Dance|p2a: Gyarados\n|-boost|p2a: Gyarados|atk|1\n|-boost|p2a: Gyarados|spe|1\n|move|p1a: Weavile|Triple Axel|p2a: Gyarados|[miss]\n|-miss|p1a: Weavile|p2a: Gyarados\n|\n|upkeep\n|turn|7\n|\n|t:|1700448947\n|move|p2a: Gyarados|Substitute|p2a: Gyarados\n|-start|p2a: Gyarados|Substitute\n|-damage|p2a: Gyarados|38\/100\n|move|p1a: Weavile|Triple Axel|p2a: Gyarados\n|-resisted|p2a: Gyarados\n|-activate|p2a: Gyarados|move: Substitute|[damage]\n|-resisted|p2a: Gyarados\n|-activate|p2a: Gyarados|move: Substitute|[damage]\n|-resisted|p2a: Gyarados\n|-activate|p2a: Gyarados|move: Substitute|[damage]\n|-hitcount|p2a: Gyarados|3\n|\n|upkeep\n|turn|8\n|\n|t:|1700448951\n|move|p2a: Gyarados|Waterfall|p1a: Weavile\n|-damage|p1a: Weavile|0 fnt\n|faint|p1a: Weavile\n|\n|upkeep\n|\n|t:|1700448955\n|switch|p1a: Ogerpon|Ogerpon-Wellspring, F|100\/100\n|turn|9\n|\n|t:|1700448960\n|move|p2a: Gyarados|Earthquake|p1a: Ogerpon\n|-resisted|p1a: Ogerpon\n|-damage|p1a: Ogerpon|15\/100\n|move|p1a: Ogerpon|Power Whip|p2a: Gyarados\n|-supereffective|p2a: Gyarados\n|-end|p2a: Gyarados|Substitute\n|\n|upkeep\n|turn|10\n|\n|t:|1700448966\n|move|p2a: Gyarados|Earthquake|p1a: Ogerpon\n|-resisted|p1a: Ogerpon\n|-damage|p1a: Ogerpon|0 fnt\n|faint|p1a: Ogerpon\n|\n|upkeep\n|\n|t:|1700448972\n|switch|p1a: Buzzwole|Buzzwole|100\/100\n|turn|11\n|l| Windwalker475\n|\n|t:|1700448985\n|-terastallize|p1a: Buzzwole|Water\n|move|p2a: Gyarados|Waterfall|p1a: Buzzwole\n|-resisted|p1a: Buzzwole\n|-damage|p1a: Buzzwole|67\/100\n|move|p1a: Buzzwole|Drain Punch|p2a: Gyarados\n|-supereffective|p2a: Gyarados\n|-damage|p2a: Gyarados|0 fnt\n|-heal|p1a: Buzzwole|82\/100|[from] drain|[of] p2a: Gyarados\n|faint|p2a: Gyarados\n|-ability|p1a: Buzzwole|Beast Boost|boost\n|-boost|p1a: Buzzwole|def|1\n|\n|upkeep\n|\n|t:|1700449010\n|switch|p2a: Iron Valiant|Iron Valiant|100\/100\n|-enditem|p2a: Iron Valiant|Booster Energy\n|-activate|p2a: Iron Valiant|ability: Quark Drive|[fromitem]\n|-start|p2a: Iron Valiant|quarkdrivespe\n|turn|12\n|inactive|Crown oji has 120 seconds left.\n|\n|t:|1700449041\n|move|p2a: Iron Valiant|Encore|p1a: Buzzwole\n|-start|p1a: Buzzwole|Encore\n|move|p1a: Buzzwole|Drain Punch|p2a: Iron Valiant\n|-resisted|p2a: Iron Valiant\n|-damage|p2a: Iron Valiant|82\/100\n|-heal|p1a: Buzzwole|90\/100|[from] drain|[of] p2a: Iron Valiant\n|\n|upkeep\n|turn|13\n|\n|t:|1700449044\n|move|p2a: Iron Valiant|Disable|p1a: Buzzwole\n|-start|p1a: Buzzwole|Disable|Drain Punch\n|cant|p1a: Buzzwole|Disable|Drain Punch\n|\n|upkeep\n|turn|14\n|\n|t:|1700449050\n|move|p2a: Iron Valiant|Moonblast|p1a: Buzzwole\n|-damage|p1a: Buzzwole|42\/100\n|-activate|p1a: Buzzwole|move: Struggle\n|move|p1a: Buzzwole|Struggle|p2a: Iron Valiant\n|-damage|p2a: Iron Valiant|66\/100\n|-damage|p1a: Buzzwole|17\/100|[from] recoil\n|\n|-end|p1a: Buzzwole|Encore\n|upkeep\n|turn|15\n|\n|t:|1700449054\n|move|p2a: Iron Valiant|Moonblast|p1a: Buzzwole\n|-damage|p1a: Buzzwole|0 fnt\n|faint|p1a: Buzzwole\n|\n|upkeep\n|\n|t:|1700449064\n|switch|p1a: Latios|Latios, M|100\/100\n|turn|16\n|-message|Crown oji forfeited.\n|\n|win|Dregone\n|n|\u2606Crown oji|crownoji\n|n|\u2606Dregone|dregone\n|n|*Lady Monita \u2746|ladymonita\n|l|*Lady Monita \u2746\n|l|\u2606Crown oji\n","uploadtime":1700449069,"views":6,"p1id":"crownoji","p2id":"dregone","formatid":"gen9nationaldex","rating":0,"private":0,"password":""}