{"id":"gen9nationaldex-1992188615","p1":"Bafantuculo","p2":"wildflower13","format":"[Gen 9] National Dex","log":"|j|\u2606Bafantuculo\n|j|\u2606wildflower13\n|t:|1700162328\n|gametype|singles\n|player|p1|Bafantuculo|170|1582\n|player|p2|wildflower13|wallace|1729\n|teamsize|p1|6\n|teamsize|p2|6\n|gen|9\n|tier|[Gen 9] National Dex\n|rated|\n|rule|HP Percentage Mod: HP is shown in percentages\n|rule|Endless Battle Clause: Forcing endless battles is banned\n|rule|OHKO Clause: OHKO moves are banned\n|rule|Evasion Clause: Evasion abilities, items, and moves are banned\n|rule|Evasion Abilities Clause: Evasion abilities are banned\n|rule|Evasion Items Clause: Evasion items are banned\n|rule|Evasion Moves Clause: Evasion moves are banned\n|rule|Species Clause: Limit one of each Pok\u00e9mon\n|rule|Sleep Clause Mod: Limit one foe put to sleep\n|clearpoke\n|poke|p1|Slowbro, F|\n|poke|p1|Hatterene, F|\n|poke|p1|Heatran, M|\n|poke|p1|Charizard, F|\n|poke|p1|Urshifu-*, F|\n|poke|p1|Clodsire, M|\n|poke|p2|Ferrothorn, F|\n|poke|p2|Primarina, M|\n|poke|p2|Iron Valiant|\n|poke|p2|Mawile, M|\n|poke|p2|Landorus-Therian, M|\n|poke|p2|Latias, F|\n|teampreview\n|inactive|Battle timer is ON: inactive players will automatically lose when time's up. (requested by wildflower13)\n|\n|t:|1700162351\n|start\n|switch|p1a: Heatran|Heatran, M|100\/100\n|switch|p2a: Primarina|Primarina, M|100\/100\n|turn|1\n|\n|t:|1700162364\n|switch|p1a: Clodsire|Clodsire, M, shiny|100\/100\n|move|p2a: Primarina|Sparkling Aria|p1a: Clodsire\n|-immune|p1a: Clodsire|[from] ability: Water Absorb\n|\n|upkeep\n|turn|2\n|\n|t:|1700162371\n|switch|p2a: Ferrothorn|Ferrothorn, F|100\/100\n|move|p1a: Clodsire|Spikes|p2a: Ferrothorn\n|-sidestart|p2: wildflower13|Spikes\n|\n|upkeep\n|turn|3\n|\n|t:|1700162377\n|switch|p1a: Hatterene|Hatterene, F|100\/100\n|move|p2a: Ferrothorn|Knock Off|p1a: Hatterene\n|-damage|p1a: Hatterene|83\/100\n|-enditem|p1a: Hatterene|Choice Scarf|[from] move: Knock Off|[of] p2a: Ferrothorn\n|\n|upkeep\n|turn|4\n|\n|t:|1700162384\n|switch|p2a: Landorus|Landorus-Therian, M|100\/100\n|-ability|p2a: Landorus|Intimidate|boost\n|-unboost|p1a: Hatterene|atk|1\n|move|p1a: Hatterene|Future Sight|p2a: Landorus\n|-start|p1a: Hatterene|move: Future Sight\n|\n|upkeep\n|turn|5\n|\n|t:|1700162394\n|switch|p1a: Slowbro|Slowbro, F, shiny|100\/100\n|move|p2a: Landorus|U-turn|p1a: Slowbro\n|-supereffective|p1a: Slowbro\n|-damage|p1a: Slowbro|73\/100\n|-damage|p2a: Landorus|84\/100|[from] item: Rocky Helmet|[of] p1a: Slowbro\n|\n|t:|1700162400\n|switch|p2a: Ferrothorn|Ferrothorn, F|100\/100|[from] U-turn\n|-damage|p2a: Ferrothorn|88\/100|[from] Spikes\n|\n|-heal|p2a: Ferrothorn|94\/100|[from] item: Leftovers\n|upkeep\n|turn|6\n|\n|t:|1700162408\n|switch|p1a: Hatterene|Hatterene, F|83\/100\n|move|p2a: Ferrothorn|Power Whip|p1a: Hatterene\n|-damage|p1a: Hatterene|45\/100\n|\n|-end|p2a: Ferrothorn|move: Future Sight\n|-resisted|p2a: Ferrothorn\n|-damage|p2a: Ferrothorn|78\/100\n|-heal|p2a: Ferrothorn|84\/100|[from] item: Leftovers\n|upkeep\n|turn|7\n|\n|t:|1700162420\n|switch|p2a: Landorus|Landorus-Therian, M|84\/100\n|-ability|p2a: Landorus|Intimidate|boost\n|-unboost|p1a: Hatterene|atk|1\n|move|p1a: Hatterene|Trick|p2a: Landorus\n|-activate|p1a: Hatterene|move: Trick|[of] p2a: Landorus\n|-enditem|p2a: Landorus|Rocky Helmet|[silent]|[from] move: Trick\n|-item|p1a: Hatterene|Rocky Helmet|[from] move: Trick\n|\n|upkeep\n|turn|8\n|\n|t:|1700162429\n|switch|p1a: Slowbro|Slowbro, F, shiny|100\/100\n|move|p2a: Landorus|Defog|p1a: Slowbro\n|-unboost|p1a: Slowbro|evasion|1\n|-sideend|p2: wildflower13|Spikes|[from] move: Defog|[of] p2a: Landorus\n|\n|upkeep\n|turn|9\n|\n|t:|1700162435\n|move|p2a: Landorus|Toxic|p1a: Slowbro\n|-status|p1a: Slowbro|tox\n|move|p1a: Slowbro|Teleport|p1a: Slowbro\n|\n|t:|1700162439\n|switch|p1a: Charizard|Charizard, F|100\/100|[from] Teleport\n|\n|upkeep\n|turn|10\n|\n|t:|1700162443\n|switch|p1a: Hatterene|Hatterene, F|45\/100\n|switch|p2a: Latias|Latias, F|100\/100\n|\n|upkeep\n|turn|11\n|\n|t:|1700162450\n|switch|p2a: Landorus|Landorus-Therian, M|84\/100\n|-ability|p2a: Landorus|Intimidate|boost\n|-unboost|p1a: Hatterene|atk|1\n|move|p1a: Hatterene|Draining Kiss|p2a: Landorus\n|-damage|p2a: Landorus|58\/100\n|-heal|p1a: Hatterene|69\/100|[from] drain|[of] p2a: Landorus\n|\n|upkeep\n|turn|12\n|\n|t:|1700162458\n|switch|p1a: Slowbro|Slowbro, F, shiny|100\/100 tox\n|move|p2a: Landorus|U-turn|p1a: Slowbro\n|-supereffective|p1a: Slowbro\n|-damage|p1a: Slowbro|73\/100 tox\n|-damage|p2a: Landorus|41\/100|[from] item: Rocky Helmet|[of] p1a: Slowbro\n|\n|t:|1700162465\n|switch|p2a: Primarina|Primarina, M|100\/100|[from] U-turn\n|\n|-damage|p1a: Slowbro|67\/100 tox|[from] psn\n|upkeep\n|turn|13\n|\n|t:|1700162472\n|move|p2a: Primarina|Moonblast|p1a: Slowbro\n|-damage|p1a: Slowbro|0 fnt\n|faint|p1a: Slowbro\n|\n|upkeep\n|\n|t:|1700162479\n|switch|p1a: Charizard|Charizard, F|100\/100\n|turn|14\n|\n|t:|1700162484\n|switch|p2a: Latias|Latias, F|100\/100\n|move|p1a: Charizard|Dragon Dance|p1a: Charizard\n|-boost|p1a: Charizard|atk|1\n|-boost|p1a: Charizard|spe|1\n|\n|upkeep\n|turn|15\n|\n|t:|1700162492\n|switch|p2a: Landorus|Landorus-Therian, M|41\/100\n|-ability|p2a: Landorus|Intimidate|boost\n|-unboost|p1a: Charizard|atk|1\n|detailschange|p1a: Charizard|Charizard-Mega-X, F\n|-mega|p1a: Charizard|Charizard|Charizardite X\n|move|p1a: Charizard|Dragon Dance|p1a: Charizard\n|-boost|p1a: Charizard|atk|1\n|-boost|p1a: Charizard|spe|1\n|\n|upkeep\n|turn|16\n|\n|t:|1700162504\n|move|p1a: Charizard|Blaze Kick|p2a: Landorus\n|-damage|p2a: Landorus|0 fnt\n|faint|p2a: Landorus\n|\n|upkeep\n|\n|t:|1700162515\n|switch|p2a: Mawile|Mawile, M|100\/100\n|-ability|p2a: Mawile|Intimidate|boost\n|-unboost|p1a: Charizard|atk|1\n|turn|17\n|\n|t:|1700162522\n|switch|p2a: Ferrothorn|Ferrothorn, F|84\/100\n|move|p1a: Charizard|Blaze Kick|p2a: Ferrothorn\n|-supereffective|p2a: Ferrothorn\n|-damage|p2a: Ferrothorn|0 fnt\n|-damage|p1a: Charizard|88\/100|[from] ability: Iron Barbs|[of] p2a: Ferrothorn\n|faint|p2a: Ferrothorn\n|\n|upkeep\n|\n|t:|1700162530\n|switch|p2a: Primarina|Primarina, M|100\/100\n|turn|18\n|\n|t:|1700162534\n|switch|p1a: Clodsire|Clodsire, M, shiny|100\/100\n|move|p2a: Primarina|Moonblast|p1a: Clodsire\n|-resisted|p1a: Clodsire\n|-damage|p1a: Clodsire|80\/100\n|\n|-heal|p1a: Clodsire|87\/100|[from] item: Leftovers\n|upkeep\n|turn|19\n|\n|t:|1700162543\n|switch|p2a: Latias|Latias, F|100\/100\n|move|p1a: Clodsire|Earthquake|p2a: Latias\n|-immune|p2a: Latias|[from] ability: Levitate\n|\n|-heal|p1a: Clodsire|93\/100|[from] item: Leftovers\n|upkeep\n|turn|20\n|\n|t:|1700162552\n|move|p2a: Latias|Mystical Fire|p1a: Clodsire\n|-crit|p1a: Clodsire\n|-damage|p1a: Clodsire|69\/100\n|-unboost|p1a: Clodsire|spa|1\n|-damage|p2a: Latias|91\/100|[from] item: Life Orb\n|move|p1a: Clodsire|Toxic|p2a: Latias\n|-status|p2a: Latias|tox\n|\n|-heal|p1a: Clodsire|76\/100|[from] item: Leftovers\n|-damage|p2a: Latias|85\/100 tox|[from] psn\n|upkeep\n|turn|21\n|\n|t:|1700162563\n|switch|p2a: Mawile|Mawile, M|100\/100\n|-ability|p2a: Mawile|Intimidate|boost\n|-unboost|p1a: Clodsire|atk|1\n|move|p1a: Clodsire|Recover|p1a: Clodsire\n|-heal|p1a: Clodsire|100\/100\n|\n|upkeep\n|turn|22\n|\n|t:|1700162575\n|switch|p1a: Hatterene|Hatterene, F|69\/100\n|detailschange|p2a: Mawile|Mawile-Mega, M\n|-mega|p2a: Mawile|Mawile|Mawilite\n|move|p2a: Mawile|Play Rough|p1a: Hatterene\n|-damage|p1a: Hatterene|0 fnt\n|-damage|p2a: Mawile|84\/100|[from] item: Rocky Helmet|[of] p1a: Hatterene\n|faint|p1a: Hatterene\n|\n|upkeep\n|\n|t:|1700162582\n|switch|p1a: Heatran|Heatran, M|100\/100\n|turn|23\n|inactive|wildflower13 has 120 seconds left.\n|\n|t:|1700162614\n|switch|p2a: Latias|Latias, F|85\/100 tox\n|move|p1a: Heatran|Eruption|p2a: Latias\n|-resisted|p2a: Latias\n|-damage|p2a: Latias|47\/100 tox\n|\n|-damage|p2a: Latias|41\/100 tox|[from] psn\n|upkeep\n|turn|24\n|\n|t:|1700162622\n|-terastallize|p1a: Heatran|Fire\n|move|p1a: Heatran|Eruption|p2a: Latias\n|-resisted|p2a: Latias\n|-damage|p2a: Latias|0 fnt\n|faint|p2a: Latias\n|\n|upkeep\n|\n|t:|1700162629\n|switch|p2a: Primarina|Primarina, M|100\/100\n|turn|25\n|\n|t:|1700162636\n|switch|p1a: Clodsire|Clodsire, M, shiny|100\/100\n|move|p2a: Primarina|Psychic|p1a: Clodsire\n|-supereffective|p1a: Clodsire\n|-damage|p1a: Clodsire|47\/100\n|\n|-heal|p1a: Clodsire|54\/100|[from] item: Leftovers\n|upkeep\n|turn|26\n|\n|t:|1700162643\n|move|p2a: Primarina|Psychic|p1a: Clodsire\n|-supereffective|p1a: Clodsire\n|-damage|p1a: Clodsire|3\/100\n|move|p1a: Clodsire|Recover|p1a: Clodsire\n|-heal|p1a: Clodsire|53\/100\n|\n|-heal|p1a: Clodsire|60\/100|[from] item: Leftovers\n|upkeep\n|turn|27\n|\n|t:|1700162650\n|move|p2a: Primarina|Psychic|p1a: Clodsire\n|-supereffective|p1a: Clodsire\n|-damage|p1a: Clodsire|7\/100\n|move|p1a: Clodsire|Recover|p1a: Clodsire\n|-heal|p1a: Clodsire|57\/100\n|\n|-heal|p1a: Clodsire|64\/100|[from] item: Leftovers\n|upkeep\n|turn|28\n|\n|t:|1700162657\n|move|p2a: Primarina|Psychic|p1a: Clodsire\n|-supereffective|p1a: Clodsire\n|-damage|p1a: Clodsire|7\/100\n|move|p1a: Clodsire|Toxic|p2a: Primarina\n|-status|p2a: Primarina|tox\n|\n|-heal|p1a: Clodsire|13\/100|[from] item: Leftovers\n|-damage|p2a: Primarina|94\/100 tox|[from] psn\n|upkeep\n|turn|29\n|\n|t:|1700162666\n|move|p2a: Primarina|Psychic|p1a: Clodsire\n|-supereffective|p1a: Clodsire\n|-damage|p1a: Clodsire|0 fnt\n|faint|p1a: Clodsire\n|\n|-damage|p2a: Primarina|82\/100 tox|[from] psn\n|upkeep\n|\n|t:|1700162678\n|switch|p1a: Charizard|Charizard-Mega-X, F|88\/100\n|turn|30\n|\n|t:|1700162688\n|move|p1a: Charizard|Dragon Dance|p1a: Charizard\n|-boost|p1a: Charizard|atk|1\n|-boost|p1a: Charizard|spe|1\n|move|p2a: Primarina|Psychic|p1a: Charizard\n|-damage|p1a: Charizard|35\/100\n|\n|-damage|p2a: Primarina|64\/100 tox|[from] psn\n|upkeep\n|turn|31\n|\n|t:|1700162695\n|move|p1a: Charizard|Roost|p1a: Charizard\n|-heal|p1a: Charizard|85\/100\n|-singleturn|p1a: Charizard|move: Roost\n|move|p2a: Primarina|Psychic|p1a: Charizard\n|-damage|p1a: Charizard|33\/100\n|\n|-damage|p2a: Primarina|40\/100 tox|[from] psn\n|upkeep\n|turn|32\n|\n|t:|1700162702\n|move|p1a: Charizard|Roost|p1a: Charizard\n|-heal|p1a: Charizard|83\/100\n|-singleturn|p1a: Charizard|move: Roost\n|move|p2a: Primarina|Psychic|p1a: Charizard\n|-damage|p1a: Charizard|28\/100\n|\n|-damage|p2a: Primarina|10\/100 tox|[from] psn\n|upkeep\n|turn|33\n|\n|t:|1700162710\n|move|p1a: Charizard|Roost|p1a: Charizard\n|-heal|p1a: Charizard|78\/100\n|-singleturn|p1a: Charizard|move: Roost\n|move|p2a: Primarina|Psychic|p1a: Charizard\n|-crit|p1a: Charizard\n|-damage|p1a: Charizard|0 fnt\n|faint|p1a: Charizard\n|\n|-damage|p2a: Primarina|0 fnt|[from] psn\n|faint|p2a: Primarina\n|upkeep\n|\n|t:|1700162720\n|switch|p1a: Urshifu|Urshifu-Rapid-Strike, F|100\/100\n|switch|p2a: Mawile|Mawile-Mega, M|84\/100\n|turn|34\n|\n|t:|1700162726\n|move|p1a: Urshifu|Surging Strikes|p2a: Mawile\n|-crit|p2a: Mawile\n|-damage|p2a: Mawile|65\/100\n|-crit|p2a: Mawile\n|-damage|p2a: Mawile|47\/100\n|-crit|p2a: Mawile\n|-damage|p2a: Mawile|30\/100\n|-hitcount|p2a: Mawile|3\n|move|p2a: Mawile|Play Rough|p1a: Urshifu\n|-supereffective|p1a: Urshifu\n|-damage|p1a: Urshifu|0 fnt\n|faint|p1a: Urshifu\n|\n|upkeep\n|\n|t:|1700162728\n|switch|p1a: Heatran|Heatran, M, tera:Fire|100\/100\n|turn|35\n|\n|t:|1700162738\n|move|p2a: Mawile|Sucker Punch|p1a: Heatran\n|-damage|p1a: Heatran|59\/100\n|move|p1a: Heatran|Flash Cannon|p2a: Mawile\n|-damage|p2a: Mawile|0 fnt\n|faint|p2a: Mawile\n|\n|upkeep\n|\n|t:|1700162744\n|switch|p2a: Iron Valiant|Iron Valiant, shiny|100\/100\n|-enditem|p2a: Iron Valiant|Booster Energy\n|-activate|p2a: Iron Valiant|ability: Quark Drive|[fromitem]\n|-start|p2a: Iron Valiant|quarkdrivespe\n|turn|36\n|\n|t:|1700162751\n|-terastallize|p2a: Iron Valiant|Ghost\n|move|p2a: Iron Valiant|Shadow Ball|p1a: Heatran\n|-damage|p1a: Heatran|17\/100\n|move|p1a: Heatran|Flash Cannon|p2a: Iron Valiant\n|-damage|p2a: Iron Valiant|21\/100\n|\n|upkeep\n|turn|37\n|\n|t:|1700162758\n|move|p2a: Iron Valiant|Shadow Ball|p1a: Heatran\n|-damage|p1a: Heatran|0 fnt\n|faint|p1a: Heatran\n|\n|win|wildflower13\n|raw|Bafantuculo's rating: 1582 &rarr; <strong>1570<\/strong><br \/>(-12 for losing)\n|raw|wildflower13's rating: 1729 &rarr; <strong>1741<\/strong><br \/>(+12 for winning)\n","uploadtime":1700162767,"views":9,"p1id":"bafantuculo","p2id":"wildflower13","formatid":"gen9nationaldex","rating":1570,"private":0,"password":""}