{"id":"gen9nationaldex-1990321273","p1":"Elite four lai","p2":"Martinez2077","format":"[Gen 9] National Dex","log":"|j|\u2606Elite four lai\n|j|\u2606Martinez2077\n|t:|1699956403\n|gametype|singles\n|player|p1|Elite four lai|lady|\n|player|p2|Martinez2077|2|\n|teamsize|p1|6\n|teamsize|p2|6\n|gen|9\n|tier|[Gen 9] National Dex\n|rule|HP Percentage Mod: HP is shown in percentages\n|rule|Endless Battle Clause: Forcing endless battles is banned\n|rule|OHKO Clause: OHKO moves are banned\n|rule|Evasion Clause: Evasion abilities, items, and moves are banned\n|rule|Evasion Abilities Clause: Evasion abilities are banned\n|rule|Evasion Items Clause: Evasion items are banned\n|rule|Evasion Moves Clause: Evasion moves are banned\n|rule|Species Clause: Limit one of each Pok\u00e9mon\n|rule|Sleep Clause Mod: Limit one foe put to sleep\n|clearpoke\n|poke|p1|Togetic, F|\n|poke|p1|Probopass, M|\n|poke|p1|Cryogonal|\n|poke|p1|Conkeldurr, M|\n|poke|p1|Ampharos, M|\n|poke|p1|Muk, M|\n|poke|p2|Wyrdeer, M|\n|poke|p2|Conkeldurr, F|\n|poke|p2|Glalie, F|\n|poke|p2|Bronzong|\n|poke|p2|Regidrago|\n|poke|p2|Vaporeon, M|\n|teampreview\n|c|\u2606Elite four lai|Uh, gro\u017anie\n|\n|t:|1699956435\n|start\n|switch|p1a: Brock(en)|Probopass, M, shiny|100\/100\n|switch|p2a: Bellmere|Bronzong|100\/100\n|turn|1\n|\n|t:|1699956443\n|move|p1a: Brock(en)|Stealth Rock|p2a: Bellmere\n|-sidestart|p2: Martinez2077|move: Stealth Rock\n|move|p2a: Bellmere|Stealth Rock|p1a: Brock(en)\n|-sidestart|p1: Elite four lai|move: Stealth Rock\n|\n|upkeep\n|turn|2\n|\n|t:|1699956456\n|move|p1a: Brock(en)|Hidden Power|p2a: Bellmere\n|-supereffective|p2a: Bellmere\n|-damage|p2a: Bellmere|81\/100\n|move|p2a: Bellmere|Heavy Slam|p1a: Brock(en)\n|-damage|p1a: Brock(en)|91\/100\n|\n|upkeep\n|turn|3\n|\n|t:|1699956466\n|move|p1a: Brock(en)|Earth Power|p2a: Bellmere\n|-immune|p2a: Bellmere|[from] ability: Levitate\n|move|p2a: Bellmere|Heavy Slam|p1a: Brock(en)\n|-damage|p1a: Brock(en)|82\/100\n|\n|upkeep\n|turn|4\n|c|\u2606Martinez2077|mog\u0142em mu da\u0107 gyro  ball\n|\n|t:|1699956478\n|move|p1a: Brock(en)|Hidden Power|p2a: Bellmere\n|-supereffective|p2a: Bellmere\n|-damage|p2a: Bellmere|60\/100\n|move|p2a: Bellmere|Heavy Slam|p1a: Brock(en)\n|-damage|p1a: Brock(en)|71\/100\n|\n|upkeep\n|turn|5\n|\n|t:|1699956486\n|move|p1a: Brock(en)|Hidden Power|p2a: Bellmere\n|-supereffective|p2a: Bellmere\n|-damage|p2a: Bellmere|38\/100\n|move|p2a: Bellmere|Heavy Slam|p1a: Brock(en)\n|-damage|p1a: Brock(en)|62\/100\n|\n|upkeep\n|turn|6\n|\n|t:|1699956494\n|move|p1a: Brock(en)|Hidden Power|p2a: Bellmere\n|-supereffective|p2a: Bellmere\n|-damage|p2a: Bellmere|16\/100\n|move|p2a: Bellmere|Heavy Slam|p1a: Brock(en)\n|-damage|p1a: Brock(en)|51\/100\n|\n|upkeep\n|turn|7\n|\n|t:|1699956501\n|move|p1a: Brock(en)|Hidden Power|p2a: Bellmere\n|-supereffective|p2a: Bellmere\n|-damage|p2a: Bellmere|0 fnt\n|faint|p2a: Bellmere\n|\n|upkeep\n|\n|t:|1699956508\n|switch|p2a: Did you know|Vaporeon, M|100\/100\n|-damage|p2a: Did you know|88\/100|[from] Stealth Rock\n|turn|8\n|\n|t:|1699956521\n|move|p2a: Did you know|Wish|p2a: Did you know\n|move|p1a: Brock(en)|Volt Switch|p2a: Did you know\n|-supereffective|p2a: Did you know\n|-damage|p2a: Did you know|58\/100\n|\n|t:|1699956526\n|switch|p1a: Beyblade|Cryogonal, shiny|100\/100|[from] Volt Switch\n|\n|-heal|p2a: Did you know|65\/100|[from] item: Leftovers\n|upkeep\n|turn|9\n|\n|t:|1699956532\n|move|p2a: Did you know|Protect|p2a: Did you know\n|-singleturn|p2a: Did you know|Protect\n|move|p1a: Beyblade|Rapid Spin|p2a: Did you know\n|-activate|p2a: Did you know|move: Protect\n|\n|-heal|p2a: Did you know|100\/100|[from] move: Wish|[wisher] Did you know\n|upkeep\n|turn|10\n|\n|t:|1699956558\n|move|p1a: Beyblade|Rapid Spin|p2a: Did you know\n|-damage|p2a: Did you know|96\/100\n|-boost|p1a: Beyblade|spe|1\n|-sideend|p1: Elite four lai|Stealth Rock|[from] move: Rapid Spin|[of] p1a: Beyblade\n|move|p2a: Did you know|Scald|p1a: Beyblade\n|-damage|p1a: Beyblade|80\/100\n|\n|-heal|p2a: Did you know|100\/100|[from] item: Leftovers\n|upkeep\n|turn|11\n|\n|t:|1699956569\n|move|p1a: Beyblade|Toxic|p2a: Did you know\n|-status|p2a: Did you know|tox\n|move|p2a: Did you know|Scald|p1a: Beyblade\n|-damage|p1a: Beyblade|59\/100\n|\n|-damage|p2a: Did you know|94\/100 tox|[from] psn\n|upkeep\n|turn|12\n|\n|t:|1699956590\n|move|p1a: Beyblade|Freeze-Dry|p2a: Did you know\n|-supereffective|p2a: Did you know\n|-damage|p2a: Did you know|57\/100 tox\n|move|p2a: Did you know|Scald|p1a: Beyblade\n|-damage|p1a: Beyblade|35\/100\n|\n|-heal|p2a: Did you know|63\/100 tox|[from] item: Leftovers\n|-damage|p2a: Did you know|50\/100 tox|[from] psn\n|upkeep\n|turn|13\n|\n|t:|1699956602\n|switch|p2a: Toji|Conkeldurr, F|100\/100\n|-damage|p2a: Toji|94\/100|[from] Stealth Rock\n|move|p1a: Beyblade|Recover|p1a: Beyblade\n|-heal|p1a: Beyblade|85\/100\n|\n|-status|p2a: Toji|brn|[from] item: Flame Orb\n|upkeep\n|turn|14\n|\n|t:|1699956618\n|switch|p1a: Muk|Muk, M, shiny|100\/100\n|move|p2a: Toji|Mach Punch|p1a: Muk\n|-resisted|p1a: Muk\n|-damage|p1a: Muk|82\/100\n|\n|-heal|p1a: Muk|88\/100|[from] item: Black Sludge\n|-damage|p2a: Toji|88\/100 brn|[from] brn\n|upkeep\n|turn|15\n|\n|t:|1699956631\n|move|p2a: Toji|Facade|p1a: Muk\n|-damage|p1a: Muk|3\/100\n|move|p1a: Muk|Substitute|p1a: Muk\n|-fail|p1a: Muk|move: Substitute|[weak]\n|\n|-heal|p1a: Muk|9\/100|[from] item: Black Sludge\n|-damage|p2a: Toji|82\/100 brn|[from] brn\n|upkeep\n|turn|16\n|\n|t:|1699956664\n|switch|p1a: Kinder Joy|Togetic, F, shiny|100\/100\n|move|p2a: Toji|Mach Punch|p1a: Kinder Joy\n|-resisted|p1a: Kinder Joy\n|-crit|p1a: Kinder Joy\n|-damage|p1a: Kinder Joy|90\/100\n|\n|-damage|p2a: Toji|76\/100 brn|[from] brn\n|upkeep\n|turn|17\n|\n|t:|1699956677\n|-terastallize|p1a: Kinder Joy|Fairy\n|move|p2a: Toji|Facade|p1a: Kinder Joy\n|-damage|p1a: Kinder Joy|22\/100\n|move|p1a: Kinder Joy|Draining Kiss|p2a: Toji\n|-supereffective|p2a: Toji\n|-damage|p2a: Toji|0 fnt\n|-heal|p1a: Kinder Joy|92\/100|[from] drain|[of] p2a: Toji\n|faint|p2a: Toji\n|\n|upkeep\n|\n|t:|1699956691\n|switch|p2a: Regidrago|Regidrago|100\/100\n|-damage|p2a: Regidrago|88\/100|[from] Stealth Rock\n|turn|18\n|\n|t:|1699956712\n|-terastallize|p2a: Regidrago|Steel\n|move|p2a: Regidrago|Tera Blast|p1a: Kinder Joy|[anim] Tera Blast Steel\n|-supereffective|p1a: Kinder Joy\n|-damage|p1a: Kinder Joy|9\/100\n|move|p1a: Kinder Joy|Draining Kiss|p2a: Regidrago\n|-resisted|p2a: Regidrago\n|-damage|p2a: Regidrago|69\/100\n|-heal|p1a: Kinder Joy|34\/100|[from] drain|[of] p2a: Regidrago\n|\n|upkeep\n|turn|19\n|c|\u2606Elite four lai|Ekhm, wiesz \u017ce mo\u017cna tylko na stab?\n|c|\u2606Martinez2077|fuck\n|c|\u2606Martinez2077|walkover\n|c|\u2606Elite four lai|Terastalizowa\u0107\n|c|\u2606Elite four lai|Nom\n|-message|Martinez2077 forfeited.\n|\n|win|Elite four lai\n","uploadtime":1699956766,"views":20,"p1id":"elitefourlai","p2id":"martinez2077","formatid":"gen9nationaldex","rating":0,"private":0,"password":""}