{"id":"gen9nationaldex-1993485684","p1":"Bekie","p2":"nonight","format":"[Gen 9] National Dex","log":"|j|\u2606Bekie\n|j|\u2606nonight\n|t:|1700323606\n|gametype|singles\n|player|p1|Bekie|preschooler|1150\n|player|p2|nonight|mira|1233\n|teamsize|p1|6\n|teamsize|p2|6\n|gen|9\n|tier|[Gen 9] National Dex\n|rated|\n|rule|HP Percentage Mod: HP is shown in percentages\n|rule|Endless Battle Clause: Forcing endless battles is banned\n|rule|OHKO Clause: OHKO moves are banned\n|rule|Evasion Clause: Evasion abilities, items, and moves are banned\n|rule|Evasion Abilities Clause: Evasion abilities are banned\n|rule|Evasion Items Clause: Evasion items are banned\n|rule|Evasion Moves Clause: Evasion moves are banned\n|rule|Species Clause: Limit one of each Pok\u00e9mon\n|rule|Sleep Clause Mod: Limit one foe put to sleep\n|clearpoke\n|poke|p1|Lopunny, F|\n|poke|p1|Dragonite, M|\n|poke|p1|Glimmora, M|\n|poke|p1|Empoleon, F|\n|poke|p1|Landorus-Therian, M|\n|poke|p1|Heatran, M|\n|poke|p2|Beedrill, M|\n|poke|p2|Corviknight, M|\n|poke|p2|Slowking-Galar, F|\n|poke|p2|Celesteela|\n|poke|p2|Ninetales-Alola, F|\n|poke|p2|Heatran, F|\n|teampreview\n|inactive|Battle timer is ON: inactive players will automatically lose when time's up. (requested by nonight)\n|inactive|nonight has 120 seconds left.\n|\n|t:|1700323649\n|start\n|switch|p1a: Glimmora|Glimmora, M, shiny|100\/100\n|switch|p2a: Ninetales|Ninetales-Alola, F|100\/100\n|-weather|Snow|[from] ability: Snow Warning|[of] p2a: Ninetales\n|turn|1\n|\n|t:|1700323658\n|move|p2a: Ninetales|Aurora Veil|p2a: Ninetales\n|-sidestart|p2: nonight|move: Aurora Veil\n|move|p1a: Glimmora|Mortal Spin|p2a: Ninetales\n|-supereffective|p2a: Ninetales\n|-damage|p2a: Ninetales|95\/100\n|-status|p2a: Ninetales|psn\n|\n|-weather|Snow|[upkeep]\n|-damage|p2a: Ninetales|83\/100 psn|[from] psn\n|upkeep\n|turn|2\n|\n|t:|1700323665\n|move|p2a: Ninetales|Encore|p1a: Glimmora\n|-start|p1a: Glimmora|Encore\n|move|p1a: Glimmora|Mortal Spin|p2a: Ninetales\n|-supereffective|p2a: Ninetales\n|-damage|p2a: Ninetales|78\/100 psn\n|\n|-weather|Snow|[upkeep]\n|-damage|p2a: Ninetales|66\/100 psn|[from] psn\n|upkeep\n|turn|3\n|\n|t:|1700323677\n|switch|p2a: Celesteela|Celesteela, shiny|100\/100\n|switch|p1a: Lopunny|Lopunny, F, shiny|100\/100\n|\n|-weather|Snow|[upkeep]\n|upkeep\n|turn|4\n|\n|t:|1700323706\n|detailschange|p1a: Lopunny|Lopunny-Mega, F, shiny\n|-mega|p1a: Lopunny|Lopunny|Lopunnite\n|move|p1a: Lopunny|Fake Out|p2a: Celesteela\n|-resisted|p2a: Celesteela\n|-damage|p2a: Celesteela|95\/100\n|cant|p2a: Celesteela|flinch\n|\n|-weather|Snow|[upkeep]\n|upkeep\n|turn|5\n|\n|t:|1700323721\n|move|p1a: Lopunny|U-turn|p2a: Celesteela\n|-resisted|p2a: Celesteela\n|-damage|p2a: Celesteela|92\/100\n|\n|t:|1700323725\n|switch|p1a: Heatran|Heatran, M|100\/100|[from] U-turn\n|move|p2a: Celesteela|Autotomize|p2a: Celesteela\n|-boost|p2a: Celesteela|spe|2\n|-start|p2a: Celesteela|Autotomize\n|\n|-weather|none\n|upkeep\n|turn|6\n|inactive|nonight has 120 seconds left.\n|\n|t:|1700323757\n|switch|p2a: \u706b\u94a2\u5927\u5c0f\u59d0\u60f3\u8981\u98de|Heatran, F, shiny|100\/100\n|move|p1a: Heatran|Earth Power|p2a: \u706b\u94a2\u5927\u5c0f\u59d0\u60f3\u8981\u98de\n|-supereffective|p2a: \u706b\u94a2\u5927\u5c0f\u59d0\u60f3\u8981\u98de\n|-damage|p2a: \u706b\u94a2\u5927\u5c0f\u59d0\u60f3\u8981\u98de|58\/100\n|\n|-heal|p2a: \u706b\u94a2\u5927\u5c0f\u59d0\u60f3\u8981\u98de|64\/100|[from] item: Leftovers\n|upkeep\n|turn|7\n|inactive|nonight has 120 seconds left.\n|\n|t:|1700323771\n|-terastallize|p2a: \u706b\u94a2\u5927\u5c0f\u59d0\u60f3\u8981\u98de|Grass\n|move|p1a: Heatran|Earth Power|p2a: \u706b\u94a2\u5927\u5c0f\u59d0\u60f3\u8981\u98de\n|-resisted|p2a: \u706b\u94a2\u5927\u5c0f\u59d0\u60f3\u8981\u98de\n|-damage|p2a: \u706b\u94a2\u5927\u5c0f\u59d0\u60f3\u8981\u98de|59\/100\n|-unboost|p2a: \u706b\u94a2\u5927\u5c0f\u59d0\u60f3\u8981\u98de|spd|1\n|move|p2a: \u706b\u94a2\u5927\u5c0f\u59d0\u60f3\u8981\u98de|Earth Power|p1a: Heatran\n|-supereffective|p1a: Heatran\n|-damage|p1a: Heatran|24\/100\n|\n|-heal|p2a: \u706b\u94a2\u5927\u5c0f\u59d0\u60f3\u8981\u98de|66\/100|[from] item: Leftovers\n|upkeep\n|turn|8\n|\n|t:|1700323800\n|switch|p1a: Glimmora|Glimmora, M, shiny|100\/100\n|move|p2a: \u706b\u94a2\u5927\u5c0f\u59d0\u60f3\u8981\u98de|Toxic|p1a: Glimmora\n|-immune|p1a: Glimmora\n|\n|-heal|p2a: \u706b\u94a2\u5927\u5c0f\u59d0\u60f3\u8981\u98de|72\/100|[from] item: Leftovers\n|-sideend|p2: nonight|move: Aurora Veil\n|upkeep\n|turn|9\n|inactive|nonight has 120 seconds left.\n|\n|t:|1700323832\n|switch|p2a: Ninetales|Ninetales-Alola, F|66\/100 psn\n|-weather|Snow|[from] ability: Snow Warning|[of] p2a: Ninetales\n|move|p1a: Glimmora|Stealth Rock|p2a: Ninetales\n|-sidestart|p2: nonight|move: Stealth Rock\n|\n|-weather|Snow|[upkeep]\n|-damage|p2a: Ninetales|54\/100 psn|[from] psn\n|upkeep\n|turn|10\n|\n|t:|1700323847\n|move|p2a: Ninetales|Encore|p1a: Glimmora\n|-start|p1a: Glimmora|Encore\n|move|p1a: Glimmora|Stealth Rock||[still]\n|-fail|p1a: Glimmora\n|\n|-weather|Snow|[upkeep]\n|-damage|p2a: Ninetales|42\/100 psn|[from] psn\n|upkeep\n|turn|11\n|\n|t:|1700323859\n|switch|p1a: Lopunny|Lopunny-Mega, F, shiny|100\/100\n|move|p2a: Ninetales|Aurora Veil|p2a: Ninetales\n|-sidestart|p2: nonight|move: Aurora Veil\n|\n|-weather|Snow|[upkeep]\n|-damage|p2a: Ninetales|29\/100 psn|[from] psn\n|upkeep\n|turn|12\n|\n|t:|1700323869\n|switch|p2a: Corviknight|Corviknight, M, shiny|100\/100\n|-damage|p2a: Corviknight|88\/100|[from] Stealth Rock\n|move|p1a: Lopunny|Fake Out|p2a: Corviknight\n|-resisted|p2a: Corviknight\n|-damage|p2a: Corviknight|85\/100\n|-damage|p1a: Lopunny|84\/100|[from] item: Rocky Helmet|[of] p2a: Corviknight\n|\n|-weather|Snow|[upkeep]\n|upkeep\n|turn|13\n|inactive|nonight has 120 seconds left.\n|\n|t:|1700323901\n|switch|p1a: Dragonite|Dragonite, M, shiny|100\/100\n|move|p2a: Corviknight|U-turn|p1a: Dragonite\n|-resisted|p1a: Dragonite\n|-damage|p1a: Dragonite|97\/100\n|\n|t:|1700323910\n|switch|p2a: Celesteela|Celesteela, shiny|92\/100|[from] U-turn\n|-damage|p2a: Celesteela|80\/100|[from] Stealth Rock\n|\n|-weather|none\n|-heal|p1a: Dragonite|100\/100|[from] item: Leftovers\n|upkeep\n|turn|14\n|\n|t:|1700323926\n|move|p2a: Celesteela|Meteor Beam||[still]\n|-prepare|p2a: Celesteela|Meteor Beam\n|-boost|p2a: Celesteela|spa|1\n|-enditem|p2a: Celesteela|Power Herb\n|-anim|p2a: Celesteela|Meteor Beam|p1a: Dragonite\n|-supereffective|p1a: Dragonite\n|-damage|p1a: Dragonite|50\/100\n|move|p1a: Dragonite|Roar|p2a: Celesteela\n|drag|p2a: Ninetales|Ninetales-Alola, F|29\/100 psn\n|-damage|p2a: Ninetales|4\/100 psn|[from] Stealth Rock\n|-weather|Snow|[from] ability: Snow Warning|[of] p2a: Ninetales\n|\n|-weather|Snow|[upkeep]\n|-heal|p1a: Dragonite|57\/100|[from] item: Leftovers\n|-damage|p2a: Ninetales|0 fnt|[from] psn\n|faint|p2a: Ninetales\n|upkeep\n|inactive|nonight has 90 seconds left.\n|\n|t:|1700323937\n|switch|p2a: \u5927\u9488\u8702\u7684\u9006\u88ad\uff01|Beedrill, M|100\/100\n|-damage|p2a: \u5927\u9488\u8702\u7684\u9006\u88ad\uff01|76\/100|[from] Stealth Rock\n|turn|15\n|\n|t:|1700323946\n|switch|p1a: Empoleon|Empoleon, F, shiny|100\/100\n|detailschange|p2a: \u5927\u9488\u8702\u7684\u9006\u88ad\uff01|Beedrill-Mega, M\n|-mega|p2a: \u5927\u9488\u8702\u7684\u9006\u88ad\uff01|Beedrill|Beedrillite\n|move|p2a: \u5927\u9488\u8702\u7684\u9006\u88ad\uff01|Knock Off|p1a: Empoleon\n|-crit|p1a: Empoleon\n|-damage|p1a: Empoleon|52\/100\n|-damage|p2a: \u5927\u9488\u8702\u7684\u9006\u88ad\uff01|59\/100|[from] item: Rocky Helmet|[of] p1a: Empoleon\n|-enditem|p1a: Empoleon|Rocky Helmet|[from] move: Knock Off|[of] p2a: \u5927\u9488\u8702\u7684\u9006\u88ad\uff01\n|\n|-weather|Snow|[upkeep]\n|upkeep\n|turn|16\n|\n|t:|1700323967\n|move|p2a: \u5927\u9488\u8702\u7684\u9006\u88ad\uff01|Drill Run|p1a: Empoleon\n|-supereffective|p1a: Empoleon\n|-damage|p1a: Empoleon|0 fnt\n|faint|p1a: Empoleon\n|\n|-weather|Snow|[upkeep]\n|upkeep\n|\n|t:|1700323972\n|switch|p1a: Landorus|Landorus-Therian, M|100\/100\n|-ability|p1a: Landorus|Intimidate|boost\n|-unboost|p2a: \u5927\u9488\u8702\u7684\u9006\u88ad\uff01|atk|1\n|turn|17\n|\n|t:|1700323987\n|move|p2a: \u5927\u9488\u8702\u7684\u9006\u88ad\uff01|U-turn|p1a: Landorus\n|-resisted|p1a: Landorus\n|-damage|p1a: Landorus|83\/100\n|\n|t:|1700323995\n|switch|p2a: Corviknight|Corviknight, M, shiny|85\/100|[from] U-turn\n|-damage|p2a: Corviknight|72\/100|[from] Stealth Rock\n|move|p1a: Landorus|U-turn|p2a: Corviknight\n|-resisted|p2a: Corviknight\n|-damage|p2a: Corviknight|70\/100\n|-damage|p1a: Landorus|67\/100|[from] item: Rocky Helmet|[of] p2a: Corviknight\n|\n|t:|1700324003\n|switch|p1a: Dragonite|Dragonite, M, shiny|57\/100|[from] U-turn\n|\n|-weather|Snow|[upkeep]\n|-heal|p1a: Dragonite|63\/100|[from] item: Leftovers\n|upkeep\n|turn|18\n|\n|t:|1700324009\n|move|p1a: Dragonite|Fire Spin|p2a: Corviknight\n|-supereffective|p2a: Corviknight\n|-damage|p2a: Corviknight|63\/100\n|-activate|p2a: Corviknight|move: Fire Spin|[of] p1a: Dragonite\n|move|p2a: Corviknight|Defog|p1a: Dragonite\n|-unboost|p1a: Dragonite|evasion|1\n|-sideend|p2: nonight|Stealth Rock|[from] move: Defog|[of] p2a: Corviknight\n|\n|-weather|none\n|-heal|p1a: Dragonite|69\/100|[from] item: Leftovers\n|-damage|p2a: Corviknight|50\/100|[from] move: Fire Spin|[partiallytrapped]\n|-sideend|p2: nonight|move: Aurora Veil\n|upkeep\n|turn|19\n|inactive|nonight has 120 seconds left.\n|\n|t:|1700324020\n|move|p1a: Dragonite|Air Slash|p2a: Corviknight\n|-resisted|p2a: Corviknight\n|-damage|p2a: Corviknight|40\/100\n|move|p2a: Corviknight|U-turn|p1a: Dragonite\n|-resisted|p1a: Dragonite\n|-damage|p1a: Dragonite|62\/100\n|inactive|nonight has 120 seconds left.\n|\n|t:|1700324029\n|switch|p2a: \u5927\u9488\u8702\u7684\u9006\u88ad\uff01|Beedrill-Mega, M|59\/100|[from] U-turn\n|\n|-heal|p1a: Dragonite|69\/100|[from] item: Leftovers\n|upkeep\n|turn|20\n|\n|t:|1700324037\n|switch|p1a: Landorus|Landorus-Therian, M|67\/100\n|-ability|p1a: Landorus|Intimidate|boost\n|-unboost|p2a: \u5927\u9488\u8702\u7684\u9006\u88ad\uff01|atk|1\n|move|p2a: \u5927\u9488\u8702\u7684\u9006\u88ad\uff01|Knock Off|p1a: Landorus\n|-damage|p1a: Landorus|48\/100\n|\n|upkeep\n|turn|21\n|\n|t:|1700324052\n|switch|p1a: Glimmora|Glimmora, M, shiny|100\/100\n|move|p2a: \u5927\u9488\u8702\u7684\u9006\u88ad\uff01|U-turn|p1a: Glimmora\n|-resisted|p1a: Glimmora\n|-damage|p1a: Glimmora|78\/100\n|-activate|p1a: Glimmora|ability: Toxic Debris\n|-sidestart|p2: nonight|move: Toxic Spikes\n|\n|t:|1700324063\n|switch|p2a: Corviknight|Corviknight, M, shiny|40\/100|[from] U-turn\n|\n|upkeep\n|turn|22\n|\n|t:|1700324069\n|-terastallize|p1a: Glimmora|Fire\n|move|p1a: Glimmora|Tera Blast|p2a: Corviknight|[anim] Tera Blast Fire\n|-supereffective|p2a: Corviknight\n|-damage|p2a: Corviknight|0 fnt\n|faint|p2a: Corviknight\n|\n|upkeep\n|\n|t:|1700324074\n|switch|p2a: \u5927\u9488\u8702\u7684\u9006\u88ad\uff01|Beedrill-Mega, M|59\/100\n|-sideend|p2: nonight|move: Toxic Spikes|[of] p2a: \u5927\u9488\u8702\u7684\u9006\u88ad\uff01\n|turn|23\n|l|\u2606Bekie\n|inactive|Bekie disconnected and has a minute to reconnect!\n|player|p1|\n|inactive|Bekie has 30 seconds to reconnect!\n|j|\u2606Bekie\n|inactive|Bekie reconnected and has 105 seconds left.\n|player|p1|Bekie|preschooler\n|inactive|Bekie has 90 seconds left.\n|\n|t:|1700324145\n|move|p2a: \u5927\u9488\u8702\u7684\u9006\u88ad\uff01|Knock Off|p1a: Glimmora\n|-crit|p1a: Glimmora\n|-damage|p1a: Glimmora|9\/100\n|-activate|p1a: Glimmora|ability: Toxic Debris\n|-sidestart|p2: nonight|move: Toxic Spikes\n|-enditem|p1a: Glimmora|Focus Sash|[from] move: Knock Off|[of] p2a: \u5927\u9488\u8702\u7684\u9006\u88ad\uff01\n|move|p1a: Glimmora|Stealth Rock|p2a: \u5927\u9488\u8702\u7684\u9006\u88ad\uff01\n|-sidestart|p2: nonight|move: Stealth Rock\n|\n|upkeep\n|turn|24\n|\n|t:|1700324163\n|move|p2a: \u5927\u9488\u8702\u7684\u9006\u88ad\uff01|Knock Off|p1a: Glimmora\n|-damage|p1a: Glimmora|0 fnt\n|-activate|p1a: Glimmora|ability: Toxic Debris\n|-sidestart|p2: nonight|move: Toxic Spikes\n|faint|p1a: Glimmora\n|\n|upkeep\n|\n|t:|1700324171\n|switch|p1a: Landorus|Landorus-Therian, M|48\/100\n|-ability|p1a: Landorus|Intimidate|boost\n|-unboost|p2a: \u5927\u9488\u8702\u7684\u9006\u88ad\uff01|atk|1\n|turn|25\n|\n|t:|1700324180\n|move|p2a: \u5927\u9488\u8702\u7684\u9006\u88ad\uff01|U-turn|p1a: Landorus\n|-resisted|p1a: Landorus\n|-damage|p1a: Landorus|29\/100\n|\n|t:|1700324199\n|switch|p2a: Celesteela|Celesteela, shiny|80\/100|[from] U-turn\n|-damage|p2a: Celesteela|67\/100|[from] Stealth Rock\n|-zpower|p1a: Landorus\n|move|p1a: Landorus|Supersonic Skystrike|p2a: Celesteela|[zeffect]\n|-resisted|p2a: Celesteela\n|-damage|p2a: Celesteela|22\/100\n|\n|upkeep\n|turn|26\n|l|\u2606Bekie\n|inactive|Bekie disconnected and has a minute to reconnect!\n|player|p1|\n|inactive|Bekie has 30 seconds to reconnect!\n|inactive|Bekie has 20 seconds to reconnect!\n|inactive|Bekie has 15 seconds to reconnect!\n|j|\u2606Bekie\n|inactive|Bekie reconnected and has 50 seconds left.\n|player|p1|Bekie|preschooler\n|\n|t:|1700324254\n|move|p1a: Landorus|U-turn|p2a: Celesteela\n|-resisted|p2a: Celesteela\n|-damage|p2a: Celesteela|16\/100\n|\n|t:|1700324261\n|switch|p1a: Dragonite|Dragonite, M, shiny|69\/100|[from] U-turn\n|move|p2a: Celesteela|Autotomize|p2a: Celesteela\n|-boost|p2a: Celesteela|spe|2\n|-start|p2a: Celesteela|Autotomize\n|\n|-heal|p1a: Dragonite|75\/100|[from] item: Leftovers\n|upkeep\n|turn|27\n|\n|t:|1700324282\n|move|p2a: Celesteela|Air Slash|p1a: Dragonite\n|-damage|p1a: Dragonite|39\/100\n|move|p1a: Dragonite|Fire Spin|p2a: Celesteela\n|-supereffective|p2a: Celesteela\n|-damage|p2a: Celesteela|0 fnt\n|faint|p2a: Celesteela\n|\n|-heal|p1a: Dragonite|45\/100|[from] item: Leftovers\n|upkeep\n|\n|t:|1700324289\n|switch|p2a: \u706b\u94a2\u5927\u5c0f\u59d0\u60f3\u8981\u98de|Heatran, F, shiny, tera:Grass|72\/100\n|-status|p2a: \u706b\u94a2\u5927\u5c0f\u59d0\u60f3\u8981\u98de|tox\n|-damage|p2a: \u706b\u94a2\u5927\u5c0f\u59d0\u60f3\u8981\u98de|59\/100 tox|[from] Stealth Rock\n|turn|28\n|inactive|Bekie has 60 seconds left.\n|\n|t:|1700324295\n|move|p1a: Dragonite|Protect|p1a: Dragonite\n|-singleturn|p1a: Dragonite|Protect\n|move|p2a: \u706b\u94a2\u5927\u5c0f\u59d0\u60f3\u8981\u98de|Toxic|p1a: Dragonite\n|-activate|p1a: Dragonite|move: Protect\n|\n|-heal|p1a: Dragonite|52\/100|[from] item: Leftovers\n|-heal|p2a: \u706b\u94a2\u5927\u5c0f\u59d0\u60f3\u8981\u98de|66\/100 tox|[from] item: Leftovers\n|-damage|p2a: \u706b\u94a2\u5927\u5c0f\u59d0\u60f3\u8981\u98de|59\/100 tox|[from] psn\n|upkeep\n|turn|29\n|inactive|Bekie has 60 seconds left.\n|\n|t:|1700324305\n|move|p1a: Dragonite|Air Slash|p2a: \u706b\u94a2\u5927\u5c0f\u59d0\u60f3\u8981\u98de\n|-supereffective|p2a: \u706b\u94a2\u5927\u5c0f\u59d0\u60f3\u8981\u98de\n|-damage|p2a: \u706b\u94a2\u5927\u5c0f\u59d0\u60f3\u8981\u98de|23\/100 tox\n|cant|p2a: \u706b\u94a2\u5927\u5c0f\u59d0\u60f3\u8981\u98de|flinch\n|\n|-heal|p1a: Dragonite|58\/100|[from] item: Leftovers\n|-heal|p2a: \u706b\u94a2\u5927\u5c0f\u59d0\u60f3\u8981\u98de|29\/100 tox|[from] item: Leftovers\n|-damage|p2a: \u706b\u94a2\u5927\u5c0f\u59d0\u60f3\u8981\u98de|17\/100 tox|[from] psn\n|upkeep\n|turn|30\n|inactive|Bekie has 60 seconds left.\n|\n|t:|1700324330\n|switch|p2a: Slowking|Slowking-Galar, F, shiny|100\/100\n|-sideend|p2: nonight|move: Toxic Spikes|[of] p2a: Slowking\n|move|p1a: Dragonite|Air Slash|p2a: Slowking\n|-damage|p2a: Slowking|86\/100\n|\n|-heal|p1a: Dragonite|64\/100|[from] item: Leftovers\n|upkeep\n|turn|31\n|\n|t:|1700324338\n|move|p1a: Dragonite|Fire Spin|p2a: Slowking\n|-damage|p2a: Slowking|81\/100\n|-activate|p2a: Slowking|move: Fire Spin|[of] p1a: Dragonite\n|move|p2a: Slowking|Future Sight|p1a: Dragonite\n|-start|p2a: Slowking|move: Future Sight\n|\n|-heal|p1a: Dragonite|70\/100|[from] item: Leftovers\n|-damage|p2a: Slowking|69\/100|[from] move: Fire Spin|[partiallytrapped]\n|upkeep\n|turn|32\n|inactive|Bekie has 60 seconds left.\n|\n|t:|1700324346\n|move|p1a: Dragonite|Air Slash|p2a: Slowking\n|-damage|p2a: Slowking|54\/100\n|cant|p2a: Slowking|flinch\n|\n|-heal|p1a: Dragonite|76\/100|[from] item: Leftovers\n|-damage|p2a: Slowking|42\/100|[from] move: Fire Spin|[partiallytrapped]\n|upkeep\n|turn|33\n|\n|t:|1700324353\n|move|p1a: Dragonite|Protect|p1a: Dragonite\n|-singleturn|p1a: Dragonite|Protect\n|move|p2a: Slowking|Slack Off|p2a: Slowking\n|-heal|p2a: Slowking|92\/100\n|\n|-end|p1a: Dragonite|move: Future Sight\n|-damage|p1a: Dragonite|37\/100\n|-heal|p1a: Dragonite|43\/100|[from] item: Leftovers\n|-damage|p2a: Slowking|79\/100|[from] move: Fire Spin|[partiallytrapped]\n|upkeep\n|turn|34\n|inactive|Bekie has 60 seconds left.\n|\n|t:|1700324369\n|move|p1a: Dragonite|Air Slash|p2a: Slowking\n|-damage|p2a: Slowking|64\/100\n|cant|p2a: Slowking|flinch\n|\n|-heal|p1a: Dragonite|49\/100|[from] item: Leftovers\n|-damage|p2a: Slowking|52\/100|[from] move: Fire Spin|[partiallytrapped]\n|upkeep\n|turn|35\n|\n|t:|1700324379\n|move|p1a: Dragonite|Air Slash|p2a: Slowking\n|-damage|p2a: Slowking|36\/100\n|move|p2a: Slowking|Slack Off|p2a: Slowking\n|-heal|p2a: Slowking|86\/100\n|\n|-heal|p1a: Dragonite|55\/100|[from] item: Leftovers\n|-damage|p2a: Slowking|74\/100|[from] move: Fire Spin|[partiallytrapped]\n|upkeep\n|turn|36\n|\n|t:|1700324387\n|move|p1a: Dragonite|Air Slash|p2a: Slowking\n|-damage|p2a: Slowking|59\/100\n|cant|p2a: Slowking|flinch\n|\n|-heal|p1a: Dragonite|62\/100|[from] item: Leftovers\n|-end|p2a: Slowking|Fire Spin|[partiallytrapped]\n|upkeep\n|turn|37\n|\n|t:|1700324400\n|switch|p1a: Landorus|Landorus-Therian, M|29\/100\n|-ability|p1a: Landorus|Intimidate|boost\n|-unboost|p2a: Slowking|atk|1\n|move|p2a: Slowking|Slack Off|p2a: Slowking\n|-heal|p2a: Slowking|100\/100\n|\n|upkeep\n|turn|38\n|\n|t:|1700324409\n|move|p1a: Landorus|Earthquake|p2a: Slowking\n|-supereffective|p2a: Slowking\n|-damage|p2a: Slowking|0 fnt\n|faint|p2a: Slowking\n|\n|upkeep\n|\n|t:|1700324417\n|switch|p2a: \u5927\u9488\u8702\u7684\u9006\u88ad\uff01|Beedrill-Mega, M|59\/100\n|-damage|p2a: \u5927\u9488\u8702\u7684\u9006\u88ad\uff01|34\/100|[from] Stealth Rock\n|turn|39\n|inactive|Bekie has 90 seconds left.\n|\n|t:|1700324424\n|switch|p1a: Dragonite|Dragonite, M, shiny|62\/100\n|move|p2a: \u5927\u9488\u8702\u7684\u9006\u88ad\uff01|Knock Off|p1a: Dragonite\n|-damage|p1a: Dragonite|28\/100\n|-enditem|p1a: Dragonite|Leftovers|[from] move: Knock Off|[of] p2a: \u5927\u9488\u8702\u7684\u9006\u88ad\uff01\n|\n|upkeep\n|turn|40\n|\n|t:|1700324439\n|move|p2a: \u5927\u9488\u8702\u7684\u9006\u88ad\uff01|U-turn|p1a: Dragonite\n|-resisted|p1a: Dragonite\n|-damage|p1a: Dragonite|1\/100\n|\n|t:|1700324443\n|switch|p2a: \u706b\u94a2\u5927\u5c0f\u59d0\u60f3\u8981\u98de|Heatran, F, shiny, tera:Grass|17\/100 tox|[from] U-turn\n|-damage|p2a: \u706b\u94a2\u5927\u5c0f\u59d0\u60f3\u8981\u98de|4\/100 tox|[from] Stealth Rock\n|move|p1a: Dragonite|Air Slash|p2a: \u706b\u94a2\u5927\u5c0f\u59d0\u60f3\u8981\u98de\n|-supereffective|p2a: \u706b\u94a2\u5927\u5c0f\u59d0\u60f3\u8981\u98de\n|-damage|p2a: \u706b\u94a2\u5927\u5c0f\u59d0\u60f3\u8981\u98de|0 fnt\n|faint|p2a: \u706b\u94a2\u5927\u5c0f\u59d0\u60f3\u8981\u98de\n|\n|upkeep\n|-message|nonight forfeited.\n|\n|win|Bekie\n|raw|Bekie's rating: 1150 &rarr; <strong>1181<\/strong><br \/>(+31 for winning)\n|raw|nonight's rating: 1233 &rarr; <strong>1202<\/strong><br \/>(-31 for losing)\n|l|\u2606nonight\n","uploadtime":1700324460,"views":6,"p1id":"bekie","p2id":"nonight","formatid":"gen9nationaldex","rating":1181,"private":0,"password":""}