{"id":"gen9nationaldex-1987956457","p1":"lolowtf09","p2":"Danwine","format":"[Gen 9] National Dex","log":"|j|\u2606lolowtf09\n|j|\u2606Danwine\n|t:|1699652953\n|gametype|singles\n|player|p1|lolowtf09|burgh|\n|player|p2|Danwine|brycen|\n|teamsize|p1|6\n|teamsize|p2|6\n|gen|9\n|tier|[Gen 9] National Dex\n|rule|HP Percentage Mod: HP is shown in percentages\n|rule|Endless Battle Clause: Forcing endless battles is banned\n|rule|OHKO Clause: OHKO moves are banned\n|rule|Evasion Clause: Evasion abilities, items, and moves are banned\n|rule|Evasion Abilities Clause: Evasion abilities are banned\n|rule|Evasion Items Clause: Evasion items are banned\n|rule|Evasion Moves Clause: Evasion moves are banned\n|rule|Species Clause: Limit one of each Pok\u00e9mon\n|rule|Sleep Clause Mod: Limit one foe put to sleep\n|clearpoke\n|poke|p1|Flygon, F|\n|poke|p1|Forretress, M|\n|poke|p1|Pinsir, F|\n|poke|p1|Heracross, M|\n|poke|p1|Rabsca, M|\n|poke|p1|Galvantula, F|\n|poke|p2|Clodsire, F|\n|poke|p2|Volcarona, M|\n|poke|p2|Pelipper, M|\n|poke|p2|Bellibolt, F|\n|poke|p2|Sinistcha|\n|poke|p2|Eiscue, F|\n|teampreview\n|c|\u2606lolowtf09|o no\n|c|\u2606lolowtf09|viene counter\n|c|\u2606Danwine|perdi mi baxcalibur pipipi\n|\n|t:|1699652998\n|start\n|switch|p1a: ManoloPajitas|Forretress, M|100\/100\n|switch|p2a: Nito|Clodsire, F, shiny|100\/100\n|turn|1\n|c|\u2606lolowtf09|jejejejeje\n|\n|t:|1699653006\n|move|p1a: ManoloPajitas|Stealth Rock|p2a: Nito\n|-sidestart|p2: Danwine|move: Stealth Rock\n|move|p2a: Nito|Stealth Rock|p1a: ManoloPajitas\n|-sidestart|p1: lolowtf09|move: Stealth Rock\n|\n|upkeep\n|turn|2\n|\n|t:|1699653011\n|move|p2a: Nito|Earthquake|p1a: ManoloPajitas\n|-damage|p1a: ManoloPajitas|85\/100\n|move|p1a: ManoloPajitas|Rapid Spin|p2a: Nito\n|-damage|p2a: Nito|89\/100\n|-boost|p1a: ManoloPajitas|spe|1\n|-sideend|p1: lolowtf09|Stealth Rock|[from] move: Rapid Spin|[of] p1a: ManoloPajitas\n|\n|-heal|p2a: Nito|95\/100|[from] item: Black Sludge\n|upkeep\n|turn|3\n|j| Sylveon(404)\n|\n|t:|1699653022\n|move|p1a: ManoloPajitas|Rapid Spin|p2a: Nito\n|-damage|p2a: Nito|85\/100\n|-boost|p1a: ManoloPajitas|spe|1\n|move|p2a: Nito|Stealth Rock|p1a: ManoloPajitas\n|-sidestart|p1: lolowtf09|move: Stealth Rock\n|\n|-heal|p2a: Nito|91\/100|[from] item: Black Sludge\n|upkeep\n|turn|4\n|c| Sylveon(404)|vamo pinsir\n|c| Sylveon(404)|tu puedes\n|\n|t:|1699653031\n|move|p1a: ManoloPajitas|Rapid Spin|p2a: Nito\n|-damage|p2a: Nito|80\/100\n|-boost|p1a: ManoloPajitas|spe|1\n|-sideend|p1: lolowtf09|Stealth Rock|[from] move: Rapid Spin|[of] p1a: ManoloPajitas\n|move|p2a: Nito|Earthquake|p1a: ManoloPajitas\n|-damage|p1a: ManoloPajitas|71\/100\n|\n|-heal|p2a: Nito|86\/100|[from] item: Black Sludge\n|upkeep\n|turn|5\n|\n|t:|1699653039\n|move|p1a: ManoloPajitas|Rapid Spin|p2a: Nito\n|-damage|p2a: Nito|76\/100\n|-boost|p1a: ManoloPajitas|spe|1\n|move|p2a: Nito|Stealth Rock|p1a: ManoloPajitas\n|-sidestart|p1: lolowtf09|move: Stealth Rock\n|\n|-heal|p2a: Nito|82\/100|[from] item: Black Sludge\n|upkeep\n|turn|6\n|\n|t:|1699653048\n|move|p1a: ManoloPajitas|Rapid Spin|p2a: Nito\n|-damage|p2a: Nito|70\/100\n|-boost|p1a: ManoloPajitas|spe|1\n|-sideend|p1: lolowtf09|Stealth Rock|[from] move: Rapid Spin|[of] p1a: ManoloPajitas\n|move|p2a: Nito|Earthquake|p1a: ManoloPajitas\n|-damage|p1a: ManoloPajitas|56\/100\n|\n|-heal|p2a: Nito|76\/100|[from] item: Black Sludge\n|upkeep\n|turn|7\n|c|\u2606lolowtf09|a la tercera ira la vencida?\n|\n|t:|1699653059\n|move|p1a: ManoloPajitas|Rapid Spin|p2a: Nito\n|-damage|p2a: Nito|66\/100\n|-boost|p1a: ManoloPajitas|spe|1\n|move|p2a: Nito|Stealth Rock|p1a: ManoloPajitas\n|-sidestart|p1: lolowtf09|move: Stealth Rock\n|\n|-heal|p2a: Nito|72\/100|[from] item: Black Sludge\n|upkeep\n|turn|8\n|\n|t:|1699653066\n|move|p1a: ManoloPajitas|Rapid Spin|p2a: Nito\n|-damage|p2a: Nito|60\/100\n|-sideend|p1: lolowtf09|Stealth Rock|[from] move: Rapid Spin|[of] p1a: ManoloPajitas\n|move|p2a: Nito|Recover|p2a: Nito\n|-heal|p2a: Nito|100\/100\n|\n|upkeep\n|turn|9\n|c|\u2606Danwine|vamos cambia\n|\n|t:|1699653077\n|move|p1a: ManoloPajitas|Rapid Spin|p2a: Nito\n|-damage|p2a: Nito|89\/100\n|move|p2a: Nito|Stealth Rock|p1a: ManoloPajitas\n|-sidestart|p1: lolowtf09|move: Stealth Rock\n|\n|-heal|p2a: Nito|95\/100|[from] item: Black Sludge\n|upkeep\n|turn|10\n|c|\u2606lolowtf09|nop\n|c|\u2606lolowtf09|cambia tu\n|\n|t:|1699653089\n|switch|p2a: Papu|Pelipper, M, shiny|100\/100\n|-weather|RainDance|[from] ability: Drizzle|[of] p2a: Papu\n|move|p1a: ManoloPajitas|Rapid Spin|p2a: Papu\n|-damage|p2a: Papu|86\/100\n|-sideend|p1: lolowtf09|Stealth Rock|[from] move: Rapid Spin|[of] p1a: ManoloPajitas\n|\n|-weather|RainDance|[upkeep]\n|upkeep\n|turn|11\n|\n|t:|1699653098\n|-terastallize|p2a: Papu|Ground\n|move|p1a: ManoloPajitas|Volt Switch|p2a: Papu\n|-immune|p2a: Papu\n|move|p2a: Papu|Defog|p1a: ManoloPajitas\n|-unboost|p1a: ManoloPajitas|evasion|1\n|-sideend|p2: Danwine|Stealth Rock|[from] move: Defog|[of] p2a: Papu\n|\n|-weather|RainDance|[upkeep]\n|upkeep\n|turn|12\n|\n|t:|1699653109\n|move|p1a: ManoloPajitas|Stealth Rock|p2a: Papu\n|-sidestart|p2: Danwine|move: Stealth Rock\n|move|p2a: Papu|Hurricane|p1a: ManoloPajitas\n|-damage|p1a: ManoloPajitas|0 fnt\n|faint|p1a: ManoloPajitas\n|\n|-weather|RainDance|[upkeep]\n|upkeep\n|c| Sylveon(404)|se aprendia todo de memoria jjajaja\n|c| Sylveon(404)|:       b\n|c|\u2606Danwine|de por si lo tengo con esa tera\n|\n|t:|1699653137\n|switch|p1a: Galvantula|Galvantula, F|100\/100\n|turn|13\n|\n|t:|1699653146\n|move|p1a: Galvantula|Giga Drain|p2a: Papu\n|-supereffective|p2a: Papu\n|-damage|p2a: Papu|17\/100\n|move|p2a: Papu|Hurricane|p1a: Galvantula\n|-damage|p1a: Galvantula|11\/100\n|\n|-weather|RainDance|[upkeep]\n|upkeep\n|turn|14\n|j| WSoldat\n|\n|t:|1699653170\n|move|p1a: Galvantula|Giga Drain|p2a: Papu\n|-supereffective|p2a: Papu\n|-damage|p2a: Papu|0 fnt\n|-heal|p1a: Galvantula|18\/100|[from] drain|[of] p2a: Papu\n|faint|p2a: Papu\n|\n|-weather|none\n|upkeep\n|c| WSoldat|Hostia galvan Tula\n|\n|t:|1699653186\n|switch|p2a: Sammy|Eiscue, F, shiny|100\/100\n|-damage|p2a: Sammy|75\/100|[from] Stealth Rock\n|turn|15\n|\n|t:|1699653193\n|move|p1a: Galvantula|Giga Drain|p2a: Sammy\n|-damage|p2a: Sammy|49\/100\n|-heal|p1a: Galvantula|32\/100|[from] drain|[of] p2a: Sammy\n|-enditem|p2a: Sammy|Sitrus Berry|[eat]\n|-heal|p2a: Sammy|74\/100|[from] item: Sitrus Berry\n|move|p2a: Sammy|Belly Drum|p2a: Sammy\n|-damage|p2a: Sammy|24\/100\n|-setboost|p2a: Sammy|atk|6|[from] move: Belly Drum\n|\n|upkeep\n|turn|16\n|\n|t:|1699653205\n|move|p1a: Galvantula|Giga Drain|p2a: Sammy\n|-damage|p2a: Sammy|0 fnt\n|-heal|p1a: Galvantula|44\/100|[from] drain|[of] p2a: Sammy\n|faint|p2a: Sammy\n|\n|upkeep\n|\n|t:|1699653213\n|switch|p2a: Nito|Clodsire, F, shiny|95\/100\n|-damage|p2a: Nito|89\/100|[from] Stealth Rock\n|turn|17\n|c| Sylveon(404)|pendejo no dura nada\n|\n|t:|1699653220\n|move|p1a: Galvantula|Giga Drain|p2a: Nito\n|-damage|p2a: Nito|77\/100\n|-heal|p1a: Galvantula|54\/100|[from] drain|[of] p2a: Nito\n|move|p2a: Nito|Toxic|p1a: Galvantula\n|-status|p1a: Galvantula|tox\n|\n|-heal|p2a: Nito|83\/100|[from] item: Black Sludge\n|-damage|p1a: Galvantula|48\/100 tox|[from] psn\n|upkeep\n|turn|18\n|\n|t:|1699653229\n|move|p1a: Galvantula|Giga Drain|p2a: Nito\n|-damage|p2a: Nito|71\/100\n|-heal|p1a: Galvantula|58\/100 tox|[from] drain|[of] p2a: Nito\n|move|p2a: Nito|Stealth Rock|p1a: Galvantula\n|-sidestart|p1: lolowtf09|move: Stealth Rock\n|\n|-heal|p2a: Nito|77\/100|[from] item: Black Sludge\n|-damage|p1a: Galvantula|46\/100 tox|[from] psn\n|upkeep\n|turn|19\n|c|\u2606lolowtf09|mi flygon con defog .-.\n|\n|t:|1699653247\n|move|p1a: Galvantula|Giga Drain|p2a: Nito\n|-damage|p2a: Nito|66\/100\n|-heal|p1a: Galvantula|56\/100 tox|[from] drain|[of] p2a: Nito\n|move|p2a: Nito|Recover|p2a: Nito\n|-heal|p2a: Nito|100\/100\n|\n|-damage|p1a: Galvantula|38\/100 tox|[from] psn\n|upkeep\n|turn|20\n|c|\u2606Danwine|pos sacalo\n|\n|t:|1699653260\n|move|p1a: Galvantula|Giga Drain|p2a: Nito\n|-damage|p2a: Nito|89\/100\n|-heal|p1a: Galvantula|47\/100 tox|[from] drain|[of] p2a: Nito\n|move|p2a: Nito|Toxic|p1a: Galvantula\n|-fail|p1a: Galvantula|tox\n|\n|-heal|p2a: Nito|95\/100|[from] item: Black Sludge\n|-damage|p1a: Galvantula|23\/100 tox|[from] psn\n|upkeep\n|turn|21\n|c|\u2606lolowtf09|nop\n|\n|t:|1699653271\n|move|p1a: Galvantula|Giga Drain|p2a: Nito\n|-damage|p2a: Nito|85\/100\n|-heal|p1a: Galvantula|32\/100 tox|[from] drain|[of] p2a: Nito\n|move|p2a: Nito|Toxic|p1a: Galvantula\n|-fail|p1a: Galvantula|tox\n|\n|-heal|p2a: Nito|91\/100|[from] item: Black Sludge\n|-damage|p1a: Galvantula|2\/100 tox|[from] psn\n|upkeep\n|turn|22\n|c| WSoldat|Flygon aprende defog?\n|c|\u2606lolowtf09|gasta recover\n|\n|t:|1699653281\n|move|p1a: Galvantula|Giga Drain|p2a: Nito\n|-damage|p2a: Nito|78\/100\n|-heal|p1a: Galvantula|12\/100 tox|[from] drain|[of] p2a: Nito\n|move|p2a: Nito|Recover|p2a: Nito\n|-heal|p2a: Nito|100\/100\n|\n|-damage|p1a: Galvantula|0 fnt|[from] psn\n|faint|p1a: Galvantula\n|upkeep\n|c| Sylveon(404)|no\n|c| Sylveon(404)|creo\n|\n|t:|1699653294\n|switch|p1a: \u00d1ami|Pinsir, F|100\/100\n|-damage|p1a: \u00d1ami|76\/100|[from] Stealth Rock\n|turn|23\n|\n|t:|1699653298\n|detailschange|p1a: \u00d1ami|Pinsir-Mega, F\n|-mega|p1a: \u00d1ami|Pinsir|Pinsirite\n|move|p1a: \u00d1ami|Swords Dance|p1a: \u00d1ami\n|-boost|p1a: \u00d1ami|atk|2\n|move|p2a: Nito|Toxic|p1a: \u00d1ami\n|-status|p1a: \u00d1ami|tox\n|\n|-damage|p1a: \u00d1ami|70\/100 tox|[from] psn\n|upkeep\n|turn|24\n|\n|t:|1699653308\n|move|p1a: \u00d1ami|Earthquake|p2a: Nito\n|-supereffective|p2a: Nito\n|-damage|p2a: Nito|0 fnt\n|faint|p2a: Nito\n|\n|-damage|p1a: \u00d1ami|58\/100 tox|[from] psn\n|upkeep\n|\n|t:|1699653315\n|switch|p2a: Pozolito|Sinistcha, shiny|100\/100\n|-damage|p2a: Pozolito|88\/100|[from] Stealth Rock\n|turn|25\n|\n|t:|1699653321\n|move|p1a: \u00d1ami|Frustration|p2a: Pozolito\n|-supereffective|p2a: Pozolito\n|-damage|p2a: Pozolito|0 fnt\n|faint|p2a: Pozolito\n|\n|-damage|p1a: \u00d1ami|40\/100 tox|[from] psn\n|upkeep\n|c|\u2606lolowtf09|oops\n|c|\u2606Danwine|no debi gastar la tera\n|c|\u2606Danwine|que se repita\n|\n|t:|1699653334\n|switch|p2a: Aguadios|Bellibolt, F|100\/100\n|-damage|p2a: Aguadios|88\/100|[from] Stealth Rock\n|turn|26\n|\n|t:|1699653340\n|move|p1a: \u00d1ami|Earthquake|p2a: Aguadios\n|-supereffective|p2a: Aguadios\n|-damage|p2a: Aguadios|0 fnt\n|faint|p2a: Aguadios\n|\n|-damage|p1a: \u00d1ami|17\/100 tox|[from] psn\n|upkeep\n|\n|t:|1699653347\n|switch|p2a: Barb|Volcarona, M, shiny|100\/100\n|-damage|p2a: Barb|51\/100|[from] Stealth Rock\n|turn|27\n|c| Sylveon(404)|ggs\n|\n|t:|1699653353\n|move|p1a: \u00d1ami|Frustration|p2a: Barb\n|-supereffective|p2a: Barb\n|-damage|p2a: Barb|0 fnt\n|faint|p2a: Barb\n|\n|win|lolowtf09\n|c| WSoldat|\u00d1ami carreando como siempre\n|c|\u2606lolowtf09|gg\n","uploadtime":1699653365,"views":12,"p1id":"lolowtf09","p2id":"danwine","formatid":"gen9nationaldex","rating":0,"private":0,"password":""}