{"id":"gen9nationaldex-1987764923","p1":"Escaliburito","p2":"Guillarco28","format":"[Gen 9] National Dex","log":"|j|\u2606Escaliburito\n|j|\u2606Guillarco28\n|t:|1699634829\n|gametype|singles\n|player|p1|Escaliburito|swimmerf-gen4|\n|player|p2|Guillarco28|acetrainer|\n|teamsize|p1|6\n|teamsize|p2|6\n|gen|9\n|tier|[Gen 9] National Dex\n|rule|HP Percentage Mod: HP is shown in percentages\n|rule|Endless Battle Clause: Forcing endless battles is banned\n|rule|OHKO Clause: OHKO moves are banned\n|rule|Evasion Clause: Evasion abilities, items, and moves are banned\n|rule|Evasion Abilities Clause: Evasion abilities are banned\n|rule|Evasion Items Clause: Evasion items are banned\n|rule|Evasion Moves Clause: Evasion moves are banned\n|rule|Species Clause: Limit one of each Pok\u00e9mon\n|rule|Sleep Clause Mod: Limit one foe put to sleep\n|clearpoke\n|poke|p1|Sceptile, M|\n|poke|p1|Garganacl, M|\n|poke|p1|Landorus-Therian, M|\n|poke|p1|Greninja-*, M|\n|poke|p1|Iron Moth|\n|poke|p1|Dragonite, F|\n|poke|p2|Dondozo, M|\n|poke|p2|Maushold-Four|\n|poke|p2|Cinderace, F|\n|poke|p2|Gliscor, M|\n|poke|p2|Eiscue, F|\n|poke|p2|Diancie|\n|teampreview\n|j| hideyourpineapples\n|\n|t:|1699634859\n|start\n|switch|p1a: \u041f\u0443\u0446\u0435\u043b\u0430 \u049b\u0430\u043d\u0448\u044b\u049b|Iron Moth, shiny|100\/100\n|switch|p2a: Bad Bunny|Cinderace, F|100\/100\n|-enditem|p1a: \u041f\u0443\u0446\u0435\u043b\u0430 \u049b\u0430\u043d\u0448\u044b\u049b|Booster Energy\n|-activate|p1a: \u041f\u0443\u0446\u0435\u043b\u0430 \u049b\u0430\u043d\u0448\u044b\u049b|ability: Quark Drive|[fromitem]\n|-start|p1a: \u041f\u0443\u0446\u0435\u043b\u0430 \u049b\u0430\u043d\u0448\u044b\u049b|quarkdrivespa\n|turn|1\n|\n|t:|1699634905\n|move|p2a: Bad Bunny|U-turn|p1a: \u041f\u0443\u0446\u0435\u043b\u0430 \u049b\u0430\u043d\u0448\u044b\u049b\n|-start|p2a: Bad Bunny|typechange|Bug|[from] ability: Libero\n|-resisted|p1a: \u041f\u0443\u0446\u0435\u043b\u0430 \u049b\u0430\u043d\u0448\u044b\u049b\n|-damage|p1a: \u041f\u0443\u0446\u0435\u043b\u0430 \u049b\u0430\u043d\u0448\u044b\u049b|87\/100\n|\n|t:|1699634949\n|switch|p2a: Ariana Grande|Diancie|100\/100|[from] U-turn\n|move|p1a: \u041f\u0443\u0446\u0435\u043b\u0430 \u049b\u0430\u043d\u0448\u044b\u049b|Sludge Wave|p2a: Ariana Grande\n|-damage|p2a: Ariana Grande|30\/100\n|\n|upkeep\n|turn|2\n|\n|t:|1699634972\n|detailschange|p2a: Ariana Grande|Diancie-Mega\n|-mega|p2a: Ariana Grande|Diancie|Diancite\n|move|p2a: Ariana Grande|Diamond Storm|p1a: \u041f\u0443\u0446\u0435\u043b\u0430 \u049b\u0430\u043d\u0448\u044b\u049b\n|-supereffective|p1a: \u041f\u0443\u0446\u0435\u043b\u0430 \u049b\u0430\u043d\u0448\u044b\u049b\n|-damage|p1a: \u041f\u0443\u0446\u0435\u043b\u0430 \u049b\u0430\u043d\u0448\u044b\u049b|0 fnt\n|-boost|p2a: Ariana Grande|def|2\n|faint|p1a: \u041f\u0443\u0446\u0435\u043b\u0430 \u049b\u0430\u043d\u0448\u044b\u049b\n|-end|p1a: \u041f\u0443\u0446\u0435\u043b\u0430 \u049b\u0430\u043d\u0448\u044b\u049b|Quark Drive|[silent]\n|\n|upkeep\n|c|\u2606Escaliburito|ya empiezo\n|c|\u2606Guillarco28|que locura\n|\n|t:|1699635003\n|switch|p1a: ElRichMc|Greninja, M, shiny|100\/100\n|turn|3\n|\n|t:|1699635051\n|switch|p2a: Ballenato|Dondozo, M|100\/100\n|move|p1a: ElRichMc|U-turn|p2a: Ballenato\n|-start|p1a: ElRichMc|typechange|Bug|[from] ability: Protean\n|-damage|p2a: Ballenato|88\/100\n|-damage|p1a: ElRichMc|91\/100|[from] item: Life Orb\n|\n|t:|1699635059\n|switch|p1a: Beb\u00e9|Sceptile, M|100\/100|[from] U-turn\n|\n|-heal|p2a: Ballenato|94\/100|[from] item: Leftovers\n|upkeep\n|turn|4\n|\n|t:|1699635069\n|switch|p2a: Bad Bunny|Cinderace, F|100\/100\n|detailschange|p1a: Beb\u00e9|Sceptile-Mega, M\n|-mega|p1a: Beb\u00e9|Sceptile|Sceptilite\n|move|p1a: Beb\u00e9|Giga Drain|p2a: Bad Bunny\n|-resisted|p2a: Bad Bunny\n|-damage|p2a: Bad Bunny|80\/100\n|\n|upkeep\n|turn|5\n|\n|t:|1699635093\n|move|p1a: Beb\u00e9|Dragon Pulse|p2a: Bad Bunny\n|-damage|p2a: Bad Bunny|31\/100\n|move|p2a: Bad Bunny|Pyro Ball|p1a: Beb\u00e9\n|-damage|p1a: Beb\u00e9|10\/100\n|\n|upkeep\n|turn|6\n|\n|t:|1699635099\n|move|p2a: Bad Bunny|Sucker Punch|p1a: Beb\u00e9\n|-start|p2a: Bad Bunny|typechange|Dark|[from] ability: Libero\n|-damage|p1a: Beb\u00e9|0 fnt\n|faint|p1a: Beb\u00e9\n|\n|upkeep\n|\n|t:|1699635121\n|switch|p1a: ElRichMc|Greninja, M, shiny|91\/100\n|turn|7\n|\n|t:|1699635141\n|switch|p2a: Ballenato|Dondozo, M|94\/100\n|move|p1a: ElRichMc|U-turn|p2a: Ballenato\n|-start|p1a: ElRichMc|typechange|Bug|[from] ability: Protean\n|-damage|p2a: Ballenato|82\/100\n|-damage|p1a: ElRichMc|81\/100|[from] item: Life Orb\n|\n|t:|1699635167\n|switch|p1a: Blaze|Landorus-Therian, M, shiny|100\/100|[from] U-turn\n|-ability|p1a: Blaze|Intimidate|boost\n|-unboost|p2a: Ballenato|atk|1\n|\n|-heal|p2a: Ballenato|88\/100|[from] item: Leftovers\n|upkeep\n|turn|8\n|\n|t:|1699635179\n|move|p1a: Blaze|Stealth Rock|p2a: Ballenato\n|-sidestart|p2: Guillarco28|move: Stealth Rock\n|move|p2a: Ballenato|Wave Crash|p1a: Blaze\n|-supereffective|p1a: Blaze\n|-damage|p1a: Blaze|40\/100\n|-damage|p2a: Ballenato|71\/100|[from] item: Rocky Helmet|[of] p1a: Blaze\n|-damage|p2a: Ballenato|59\/100|[from] Recoil\n|\n|-heal|p2a: Ballenato|65\/100|[from] item: Leftovers\n|upkeep\n|turn|9\n|\n|t:|1699635223\n|move|p1a: Blaze|Earthquake|p2a: Ballenato\n|-damage|p2a: Ballenato|40\/100\n|move|p2a: Ballenato|Wave Crash|p1a: Blaze\n|-supereffective|p1a: Blaze\n|-damage|p1a: Blaze|0 fnt\n|-damage|p2a: Ballenato|23\/100|[from] item: Rocky Helmet|[of] p1a: Blaze\n|faint|p1a: Blaze\n|-damage|p2a: Ballenato|15\/100|[from] Recoil\n|\n|-heal|p2a: Ballenato|21\/100|[from] item: Leftovers\n|upkeep\n|\n|t:|1699635268\n|switch|p1a: Yoshi De Hacendado|Dragonite, F, shiny|100\/100\n|turn|10\n|\n|t:|1699635283\n|move|p1a: Yoshi De Hacendado|Earthquake|p2a: Ballenato\n|-damage|p2a: Ballenato|5\/100\n|move|p2a: Ballenato|Rest|p2a: Ballenato\n|-status|p2a: Ballenato|slp|[from] move: Rest\n|-heal|p2a: Ballenato|100\/100 slp|[silent]\n|\n|upkeep\n|turn|11\n|c|\u2606Escaliburito|PERO CUANTO TANQUEA ESE BICHO\n|c|\u2606Escaliburito|venusaur2\n|\n|t:|1699635317\n|move|p1a: Yoshi De Hacendado|Dual Wingbeat|p2a: Ballenato\n|-damage|p2a: Ballenato|89\/100 slp\n|-damage|p2a: Ballenato|78\/100 slp\n|-hitcount|p2a: Ballenato|2\n|cant|p2a: Ballenato|slp\n|move|p2a: Ballenato|Sleep Talk|p2a: Ballenato\n|move|p2a: Ballenato|Rest||[from]move: Sleep Talk|[still]\n|-fail|p2a: Ballenato\n|\n|-heal|p2a: Ballenato|85\/100 slp|[from] item: Leftovers\n|upkeep\n|turn|12\n|\n|t:|1699635333\n|move|p1a: Yoshi De Hacendado|Outrage|p2a: Ballenato\n|-damage|p2a: Ballenato|54\/100 slp\n|cant|p2a: Ballenato|slp\n|move|p2a: Ballenato|Sleep Talk|p2a: Ballenato\n|move|p2a: Ballenato|Wave Crash|p1a: Yoshi De Hacendado|[from]move: Sleep Talk\n|-resisted|p1a: Yoshi De Hacendado\n|-damage|p1a: Yoshi De Hacendado|94\/100\n|-damage|p2a: Ballenato|52\/100 slp|[from] Recoil\n|\n|-heal|p2a: Ballenato|58\/100 slp|[from] item: Leftovers\n|upkeep\n|turn|13\n|\n|t:|1699635369\n|switch|p2a: Ariana Grande|Diancie-Mega|30\/100\n|-damage|p2a: Ariana Grande|18\/100|[from] Stealth Rock\n|move|p1a: Yoshi De Hacendado|Outrage|p2a: Ariana Grande|[from]lockedmove\n|-immune|p2a: Ariana Grande\n|\n|upkeep\n|turn|14\n|\n|t:|1699635391\n|-terastallize|p1a: Yoshi De Hacendado|Normal\n|move|p1a: Yoshi De Hacendado|Extreme Speed|p2a: Ariana Grande\n|-resisted|p2a: Ariana Grande\n|-damage|p2a: Ariana Grande|0 fnt\n|faint|p2a: Ariana Grande\n|\n|upkeep\n|\n|t:|1699635397\n|switch|p2a: mi ex t\u00f3xica|Gliscor, M, shiny|100\/100\n|-damage|p2a: mi ex t\u00f3xica|88\/100|[from] Stealth Rock\n|turn|15\n|c|\u2606Escaliburito|solo dura 1 ataque eso\n|c|\u2606Escaliburito|creo\n|c|\u2606Escaliburito|no se xd\n|\n|t:|1699635441\n|switch|p1a: ElRichMc|Greninja, M, shiny|81\/100\n|move|p2a: mi ex t\u00f3xica|Knock Off|p1a: ElRichMc\n|-resisted|p1a: ElRichMc\n|-damage|p1a: ElRichMc|62\/100\n|-enditem|p1a: ElRichMc|Life Orb|[from] move: Knock Off|[of] p2a: mi ex t\u00f3xica\n|\n|-status|p2a: mi ex t\u00f3xica|tox|[from] item: Toxic Orb\n|upkeep\n|turn|16\n|\n|t:|1699635497\n|switch|p2a: Vin Diesel|Maushold-Four|100\/100\n|-damage|p2a: Vin Diesel|88\/100|[from] Stealth Rock\n|move|p1a: ElRichMc|Hydro Pump|p2a: Vin Diesel\n|-start|p1a: ElRichMc|typechange|Water|[from] ability: Protean\n|-crit|p2a: Vin Diesel\n|-damage|p2a: Vin Diesel|0 fnt\n|faint|p2a: Vin Diesel\n|\n|upkeep\n|c|\u2606Escaliburito|VAMOS SUERTE\n|c|\u2606Escaliburito|NO PUEDE SER\n|\n|t:|1699635526\n|switch|p2a: Ballenato|Dondozo, M|58\/100 slp\n|-damage|p2a: Ballenato|46\/100 slp|[from] Stealth Rock\n|turn|17\n|\n|t:|1699635568\n|move|p1a: ElRichMc|Dark Pulse|p2a: Ballenato\n|-damage|p2a: Ballenato|23\/100 slp\n|-curestatus|p2a: Ballenato|slp|[msg]\n|move|p2a: Ballenato|Sleep Talk||[still]\n|-fail|p2a: Ballenato\n|\n|-heal|p2a: Ballenato|29\/100|[from] item: Leftovers\n|upkeep\n|turn|18\n|c|\u2606Guillarco28|hice missclick queria dormirme xd\n|\n|t:|1699635595\n|move|p1a: ElRichMc|Hydro Pump|p2a: Ballenato\n|-resisted|p2a: Ballenato\n|-damage|p2a: Ballenato|5\/100\n|move|p2a: Ballenato|Rest|p2a: Ballenato\n|-status|p2a: Ballenato|slp|[from] move: Rest\n|-heal|p2a: Ballenato|100\/100 slp|[silent]\n|\n|upkeep\n|turn|19\n|c|\u2606Escaliburito|:\/\n|\n|t:|1699635612\n|move|p1a: ElRichMc|Dark Pulse|p2a: Ballenato\n|-damage|p2a: Ballenato|76\/100 slp\n|cant|p2a: Ballenato|slp\n|move|p2a: Ballenato|Sleep Talk|p2a: Ballenato\n|move|p2a: Ballenato|Rest||[from]move: Sleep Talk|[still]\n|-fail|p2a: Ballenato\n|\n|-heal|p2a: Ballenato|82\/100 slp|[from] item: Leftovers\n|upkeep\n|turn|20\n|\n|t:|1699635634\n|move|p1a: ElRichMc|Tera Blast|p2a: Ballenato\n|-damage|p2a: Ballenato|60\/100 slp\n|cant|p2a: Ballenato|slp\n|move|p2a: Ballenato|Sleep Talk|p2a: Ballenato\n|move|p2a: Ballenato|Curse|p2a: Ballenato|[from]move: Sleep Talk\n|-unboost|p2a: Ballenato|spe|1\n|-boost|p2a: Ballenato|atk|1\n|-boost|p2a: Ballenato|def|1\n|\n|-heal|p2a: Ballenato|66\/100 slp|[from] item: Leftovers\n|upkeep\n|turn|21\n|\n|t:|1699635666\n|move|p1a: ElRichMc|U-turn|p2a: Ballenato\n|-damage|p2a: Ballenato|62\/100 slp\n|\n|t:|1699635669\n|switch|p1a: Yoshi De Hacendado|Dragonite, F, shiny, tera:Normal|94\/100|[from] U-turn\n|-curestatus|p2a: Ballenato|slp|[msg]\n|move|p2a: Ballenato|Wave Crash|p1a: Yoshi De Hacendado\n|-damage|p1a: Yoshi De Hacendado|36\/100\n|-damage|p2a: Ballenato|47\/100|[from] Recoil\n|\n|-heal|p2a: Ballenato|53\/100|[from] item: Leftovers\n|upkeep\n|turn|22\n|\n|t:|1699635722\n|move|p1a: Yoshi De Hacendado|Extreme Speed|p2a: Ballenato\n|-damage|p2a: Ballenato|40\/100\n|move|p2a: Ballenato|Wave Crash|p1a: Yoshi De Hacendado\n|-damage|p1a: Yoshi De Hacendado|0 fnt\n|faint|p1a: Yoshi De Hacendado\n|-damage|p2a: Ballenato|31\/100|[from] Recoil\n|\n|-heal|p2a: Ballenato|37\/100|[from] item: Leftovers\n|upkeep\n|\n|t:|1699635756\n|switch|p1a: ElRichMc|Greninja, M, shiny|62\/100\n|turn|23\n|\n|t:|1699635766\n|move|p1a: ElRichMc|Dark Pulse|p2a: Ballenato\n|-start|p1a: ElRichMc|typechange|Dark|[from] ability: Protean\n|-damage|p2a: Ballenato|3\/100\n|move|p2a: Ballenato|Rest|p2a: Ballenato\n|-status|p2a: Ballenato|slp|[from] move: Rest\n|-heal|p2a: Ballenato|100\/100 slp|[silent]\n|\n|upkeep\n|turn|24\n|c|\u2606Escaliburito|ME QUIERO MORIR\n|\n|t:|1699635780\n|move|p1a: ElRichMc|Dark Pulse|p2a: Ballenato\n|-damage|p2a: Ballenato|66\/100 slp\n|cant|p2a: Ballenato|slp\n|move|p2a: Ballenato|Sleep Talk|p2a: Ballenato\n|move|p2a: Ballenato|Rest||[from]move: Sleep Talk|[still]\n|-fail|p2a: Ballenato\n|\n|-heal|p2a: Ballenato|72\/100 slp|[from] item: Leftovers\n|upkeep\n|turn|25\n|c|\u2606Guillarco28|la suerte tiene un precio\n|c|\u2606Escaliburito|pero si he tenido suerte en una cosa\n|\n|t:|1699635802\n|move|p1a: ElRichMc|Dark Pulse|p2a: Ballenato\n|-damage|p2a: Ballenato|37\/100 slp\n|cant|p2a: Ballenato|slp\n|move|p2a: Ballenato|Sleep Talk|p2a: Ballenato\n|move|p2a: Ballenato|Wave Crash|p1a: ElRichMc|[from]move: Sleep Talk\n|-damage|p1a: ElRichMc|0 fnt\n|faint|p1a: ElRichMc\n|-damage|p2a: Ballenato|26\/100 slp|[from] Recoil\n|\n|-heal|p2a: Ballenato|32\/100 slp|[from] item: Leftovers\n|upkeep\n|\n|t:|1699635813\n|switch|p1a: Jijijija|Garganacl, M|100\/100\n|turn|26\n|\n|t:|1699635837\n|move|p1a: Jijijija|Salt Cure|p2a: Ballenato\n|-damage|p2a: Ballenato|28\/100 slp\n|-start|p2a: Ballenato|Salt Cure\n|-curestatus|p2a: Ballenato|slp|[msg]\n|move|p2a: Ballenato|Wave Crash|p1a: Jijijija\n|-supereffective|p1a: Jijijija\n|-damage|p1a: Jijijija|40\/100\n|-damage|p2a: Ballenato|12\/100|[from] Recoil\n|\n|-heal|p1a: Jijijija|46\/100|[from] item: Leftovers\n|-heal|p2a: Ballenato|18\/100|[from] item: Leftovers\n|-damage|p2a: Ballenato|0 fnt|[from] Salt Cure\n|faint|p2a: Ballenato\n|upkeep\n|c|\u2606Escaliburito|ya he ganado con eso\n|\n|t:|1699635864\n|switch|p2a: Bad Bunny|Cinderace, F|31\/100\n|-damage|p2a: Bad Bunny|6\/100|[from] Stealth Rock\n|turn|27\n|\n|t:|1699635885\n|move|p2a: Bad Bunny|Pyro Ball|p1a: Jijijija\n|-resisted|p1a: Jijijija\n|-damage|p1a: Jijijija|31\/100\n|move|p1a: Jijijija|Recover|p1a: Jijijija\n|-heal|p1a: Jijijija|81\/100\n|\n|-heal|p1a: Jijijija|87\/100|[from] item: Leftovers\n|upkeep\n|turn|28\n|c|\u2606Guillarco28|huh?\n|c|\u2606Guillarco28|a co\u00f1o soy gilipolaas\n|c|\u2606Guillarco28|estaba mirando el ataque en vez d la defensa\n|\n|t:|1699635921\n|move|p2a: Bad Bunny|High Jump Kick|p1a: Jijijija\n|-start|p2a: Bad Bunny|typechange|Fighting|[from] ability: Libero\n|-supereffective|p1a: Jijijija\n|-damage|p1a: Jijijija|25\/100\n|move|p1a: Jijijija|Salt Cure|p2a: Bad Bunny\n|-resisted|p2a: Bad Bunny\n|-damage|p2a: Bad Bunny|0 fnt\n|faint|p2a: Bad Bunny\n|\n|-heal|p1a: Jijijija|31\/100|[from] item: Leftovers\n|upkeep\n|\n|t:|1699635930\n|switch|p2a: mi ex t\u00f3xica|Gliscor, M, shiny|88\/100 tox\n|-damage|p2a: mi ex t\u00f3xica|76\/100 tox|[from] Stealth Rock\n|turn|29\n|\n|t:|1699635940\n|move|p2a: mi ex t\u00f3xica|Earthquake|p1a: Jijijija\n|-supereffective|p1a: Jijijija\n|-damage|p1a: Jijijija|0 fnt\n|faint|p1a: Jijijija\n|\n|win|Guillarco28\n|c|\u2606Escaliburito|:(\n|c|\u2606Guillarco28|gg\n","uploadtime":1699636008,"views":8,"p1id":"escaliburito","p2id":"guillarco28","formatid":"gen9nationaldex","rating":0,"private":0,"password":""}