{"id":"gen9nationaldex-1990427567","p1":"JoaKingDex(GR)","p2":"A Classic Gengar","format":"[Gen 9] National Dex","log":"|j|\u2606JoaKingDex(GR)\n|j|\u2606A Classic Gengar\n|t:|1699969911\n|gametype|singles\n|player|p1|JoaKingDex(GR)|red-masters|1411\n|player|p2|A Classic Gengar|102|1419\n|teamsize|p1|6\n|teamsize|p2|6\n|gen|9\n|tier|[Gen 9] National Dex\n|rated|\n|rule|HP Percentage Mod: HP is shown in percentages\n|rule|Endless Battle Clause: Forcing endless battles is banned\n|rule|OHKO Clause: OHKO moves are banned\n|rule|Evasion Clause: Evasion abilities, items, and moves are banned\n|rule|Evasion Abilities Clause: Evasion abilities are banned\n|rule|Evasion Items Clause: Evasion items are banned\n|rule|Evasion Moves Clause: Evasion moves are banned\n|rule|Species Clause: Limit one of each Pok\u00e9mon\n|rule|Sleep Clause Mod: Limit one foe put to sleep\n|clearpoke\n|poke|p1|Greninja-*, M|\n|poke|p1|Volcarona, F|\n|poke|p1|Lopunny, F|\n|poke|p1|Corviknight, M|\n|poke|p1|Garchomp, M|\n|poke|p1|Goodra-Hisui, F|\n|poke|p2|Banette, F|\n|poke|p2|Ferrothorn, M|\n|poke|p2|Greninja-*, M|\n|poke|p2|Porygon-Z|\n|poke|p2|Gliscor, F|\n|poke|p2|Gengar, M|\n|teampreview\n|\n|t:|1699969930\n|start\n|switch|p1a: Lopunny|Lopunny, F|100\/100\n|switch|p2a: Don't be Shocked|Porygon-Z|100\/100\n|turn|1\n|inactive|Battle timer is ON: inactive players will automatically lose when time's up. (requested by JoaKingDex(GR))\n|\n|t:|1699969937\n|detailschange|p1a: Lopunny|Lopunny-Mega, F\n|-mega|p1a: Lopunny|Lopunny|Lopunnite\n|move|p1a: Lopunny|Fake Out|p2a: Don't be Shocked\n|-damage|p2a: Don't be Shocked|74\/100\n|cant|p2a: Don't be Shocked|flinch\n|\n|upkeep\n|turn|2\n|\n|t:|1699969945\n|switch|p2a: GrandmasHugs|Ferrothorn, M|100\/100\n|move|p1a: Lopunny|Close Combat|p2a: GrandmasHugs\n|-supereffective|p2a: GrandmasHugs\n|-damage|p2a: GrandmasHugs|18\/100\n|-unboost|p1a: Lopunny|def|1\n|-unboost|p1a: Lopunny|spd|1\n|-damage|p1a: Lopunny|88\/100|[from] ability: Iron Barbs|[of] p2a: GrandmasHugs\n|-damage|p1a: Lopunny|71\/100|[from] item: Rocky Helmet|[of] p2a: GrandmasHugs\n|\n|upkeep\n|turn|3\n|\n|t:|1699969956\n|move|p1a: Lopunny|Close Combat|p2a: GrandmasHugs\n|-supereffective|p2a: GrandmasHugs\n|-damage|p2a: GrandmasHugs|0 fnt\n|-unboost|p1a: Lopunny|def|1\n|-unboost|p1a: Lopunny|spd|1\n|-damage|p1a: Lopunny|59\/100|[from] ability: Iron Barbs|[of] p2a: GrandmasHugs\n|-damage|p1a: Lopunny|42\/100|[from] item: Rocky Helmet|[of] p2a: GrandmasHugs\n|faint|p2a: GrandmasHugs\n|\n|upkeep\n|\n|t:|1699969969\n|switch|p2a: No Stat Boosting|Banette, F|100\/100\n|turn|4\n|\n|t:|1699969973\n|detailschange|p2a: No Stat Boosting|Banette-Mega, F\n|-mega|p2a: No Stat Boosting|Banette|Banettite\n|move|p2a: No Stat Boosting|Sucker Punch|p1a: Lopunny\n|-resisted|p1a: Lopunny\n|-damage|p1a: Lopunny|1\/100\n|move|p1a: Lopunny|U-turn|p2a: No Stat Boosting\n|-resisted|p2a: No Stat Boosting\n|-damage|p2a: No Stat Boosting|83\/100\n|c|\u2606A Classic Gengar|what a thorn\n|\n|t:|1699969990\n|switch|p1a: Greninja|Greninja, M|100\/100|[from] U-turn\n|\n|upkeep\n|turn|5\n|\n|t:|1699970001\n|switch|p2a: Shit-Stirrer|Gengar, M|100\/100\n|move|p1a: Greninja|Dark Pulse|p2a: Shit-Stirrer\n|-start|p1a: Greninja|typechange|Dark|[from] ability: Protean\n|-supereffective|p2a: Shit-Stirrer\n|-enditem|p2a: Shit-Stirrer|Focus Sash\n|-damage|p2a: Shit-Stirrer|1\/100\n|-start|p1a: Greninja|Disable|Dark Pulse|[from] ability: Cursed Body|[of] p2a: Shit-Stirrer\n|\n|upkeep\n|turn|6\n|\n|t:|1699970009\n|move|p1a: Greninja|Water Shuriken|p2a: Shit-Stirrer\n|-damage|p2a: Shit-Stirrer|0 fnt\n|faint|p2a: Shit-Stirrer\n|-hitcount|p2: Shit-Stirrer|1\n|\n|upkeep\n|\n|t:|1699970016\n|switch|p2a: Don't be Shocked|Porygon-Z|74\/100\n|turn|7\n|\n|t:|1699970024\n|move|p1a: Greninja|Ice Beam|p2a: Don't be Shocked\n|-damage|p2a: Don't be Shocked|44\/100\n|-zpower|p2a: Don't be Shocked\n|move|p2a: Don't be Shocked|Z-Conversion|p2a: Don't be Shocked|[anim]Conversion\n|-boost|p2a: Don't be Shocked|atk|1|[zeffect]\n|-boost|p2a: Don't be Shocked|def|1|[zeffect]\n|-boost|p2a: Don't be Shocked|spa|1|[zeffect]\n|-boost|p2a: Don't be Shocked|spd|1|[zeffect]\n|-boost|p2a: Don't be Shocked|spe|1|[zeffect]\n|-start|p2a: Don't be Shocked|typechange|Electric\n|\n|upkeep\n|turn|8\n|\n|t:|1699970031\n|move|p1a: Greninja|Water Shuriken|p2a: Don't be Shocked\n|-damage|p2a: Don't be Shocked|40\/100\n|-damage|p2a: Don't be Shocked|36\/100\n|-damage|p2a: Don't be Shocked|32\/100\n|-damage|p2a: Don't be Shocked|28\/100\n|-damage|p2a: Don't be Shocked|25\/100\n|-hitcount|p2a: Don't be Shocked|5\n|move|p2a: Don't be Shocked|Recover|p2a: Don't be Shocked\n|-heal|p2a: Don't be Shocked|75\/100\n|\n|-end|p1a: Greninja|Disable\n|upkeep\n|turn|9\n|\n|t:|1699970046\n|switch|p1a: Goodra|Goodra-Hisui, F|100\/100\n|move|p2a: Don't be Shocked|Recover|p2a: Don't be Shocked\n|-heal|p2a: Don't be Shocked|100\/100\n|\n|upkeep\n|turn|10\n|\n|t:|1699970053\n|move|p2a: Don't be Shocked|Ice Beam|p1a: Goodra\n|-damage|p1a: Goodra|86\/100\n|move|p1a: Goodra|Flamethrower|p2a: Don't be Shocked\n|-damage|p2a: Don't be Shocked|80\/100\n|\n|upkeep\n|turn|11\n|\n|t:|1699970064\n|move|p2a: Don't be Shocked|Thunderbolt|p1a: Goodra\n|-resisted|p1a: Goodra\n|-damage|p1a: Goodra|70\/100\n|-status|p1a: Goodra|par\n|move|p1a: Goodra|Flash Cannon|p2a: Don't be Shocked\n|-resisted|p2a: Don't be Shocked\n|-damage|p2a: Don't be Shocked|67\/100\n|\n|upkeep\n|turn|12\n|\n|t:|1699970070\n|move|p2a: Don't be Shocked|Thunderbolt|p1a: Goodra\n|-resisted|p1a: Goodra\n|-crit|p1a: Goodra\n|-damage|p1a: Goodra|45\/100 par\n|move|p1a: Goodra|Flash Cannon|p2a: Don't be Shocked\n|-resisted|p2a: Don't be Shocked\n|-damage|p2a: Don't be Shocked|54\/100\n|\n|upkeep\n|turn|13\n|\n|t:|1699970075\n|move|p2a: Don't be Shocked|Recover|p2a: Don't be Shocked\n|-heal|p2a: Don't be Shocked|100\/100\n|cant|p1a: Goodra|par\n|\n|upkeep\n|turn|14\n|\n|t:|1699970078\n|move|p2a: Don't be Shocked|Thunderbolt|p1a: Goodra\n|-resisted|p1a: Goodra\n|-damage|p1a: Goodra|29\/100 par\n|cant|p1a: Goodra|par\n|\n|upkeep\n|turn|15\n|\n|t:|1699970084\n|move|p2a: Don't be Shocked|Ice Beam|p1a: Goodra\n|-damage|p1a: Goodra|14\/100 par\n|move|p1a: Goodra|Draco Meteor|p2a: Don't be Shocked\n|-damage|p2a: Don't be Shocked|57\/100\n|-unboost|p1a: Goodra|spa|2\n|\n|upkeep\n|turn|16\n|\n|t:|1699970090\n|move|p2a: Don't be Shocked|Recover|p2a: Don't be Shocked\n|-heal|p2a: Don't be Shocked|100\/100\n|move|p1a: Goodra|Draco Meteor|p2a: Don't be Shocked\n|-damage|p2a: Don't be Shocked|76\/100\n|-unboost|p1a: Goodra|spa|2\n|\n|upkeep\n|turn|17\n|\n|t:|1699970097\n|move|p2a: Don't be Shocked|Recover|p2a: Don't be Shocked\n|-heal|p2a: Don't be Shocked|100\/100\n|move|p1a: Goodra|Flamethrower|p2a: Don't be Shocked\n|-damage|p2a: Don't be Shocked|93\/100\n|\n|upkeep\n|turn|18\n|\n|t:|1699970101\n|move|p2a: Don't be Shocked|Ice Beam|p1a: Goodra\n|-damage|p1a: Goodra|0 fnt\n|faint|p1a: Goodra\n|\n|upkeep\n|\n|t:|1699970107\n|switch|p1a: Lopunny|Lopunny-Mega, F|1\/100\n|turn|19\n|\n|t:|1699970111\n|move|p1a: Lopunny|Fake Out|p2a: Don't be Shocked\n|-damage|p2a: Don't be Shocked|75\/100\n|cant|p2a: Don't be Shocked|flinch\n|\n|upkeep\n|turn|20\n|\n|t:|1699970138\n|switch|p1a: Mothra|Volcarona, F|100\/100\n|move|p2a: Don't be Shocked|Thunderbolt|p1a: Mothra\n|-damage|p1a: Mothra|10\/100\n|-status|p1a: Mothra|par\n|\n|upkeep\n|turn|21\n|\n|t:|1699970145\n|move|p2a: Don't be Shocked|Thunderbolt|p1a: Mothra\n|-damage|p1a: Mothra|0 fnt\n|faint|p1a: Mothra\n|\n|upkeep\n|\n|t:|1699970149\n|switch|p1a: Garchomp|Garchomp, M|100\/100\n|turn|22\n|\n|t:|1699970152\n|-terastallize|p1a: Garchomp|Fire\n|move|p2a: Don't be Shocked|Ice Beam|p1a: Garchomp\n|-resisted|p1a: Garchomp\n|-damage|p1a: Garchomp|80\/100\n|move|p1a: Garchomp|Earthquake|p2a: Don't be Shocked\n|-supereffective|p2a: Don't be Shocked\n|-damage|p2a: Don't be Shocked|0 fnt\n|faint|p2a: Don't be Shocked\n|\n|upkeep\n|c|\u2606A Classic Gengar|wp\n|\n|t:|1699970167\n|switch|p2a: End Game|Greninja, M|100\/100\n|turn|23\n|\n|t:|1699970182\n|switch|p1a: Greninja|Greninja, M|100\/100\n|move|p2a: End Game|Hydro Pump|p1a: Greninja\n|-resisted|p1a: Greninja\n|-damage|p1a: Greninja|50\/100\n|-damage|p2a: End Game|91\/100|[from] item: Life Orb\n|\n|upkeep\n|turn|24\n|\n|t:|1699970188\n|move|p2a: End Game|Hydro Pump|p1a: Greninja\n|-resisted|p1a: Greninja\n|-damage|p1a: Greninja|2\/100\n|-damage|p2a: End Game|81\/100|[from] item: Life Orb\n|move|p1a: Greninja|Grass Knot|p2a: End Game\n|-start|p1a: Greninja|typechange|Grass|[from] ability: Protean\n|-supereffective|p2a: End Game\n|-damage|p2a: End Game|0 fnt\n|faint|p2a: End Game\n|\n|upkeep\n|\n|t:|1699970193\n|switch|p2a: No Stat Boosting|Banette-Mega, F|83\/100\n|turn|25\n|\n|t:|1699970198\n|move|p1a: Greninja|Water Shuriken|p2a: No Stat Boosting\n|-damage|p2a: No Stat Boosting|78\/100\n|-crit|p2a: No Stat Boosting\n|-damage|p2a: No Stat Boosting|70\/100\n|-damage|p2a: No Stat Boosting|64\/100\n|-damage|p2a: No Stat Boosting|58\/100\n|-hitcount|p2a: No Stat Boosting|4\n|move|p2a: No Stat Boosting|Sucker Punch||[still]\n|-fail|p2a: No Stat Boosting\n|\n|upkeep\n|turn|26\n|\n|t:|1699970210\n|switch|p1a: Garchomp|Garchomp, M, tera:Fire|80\/100\n|move|p2a: No Stat Boosting|Sucker Punch||[still]\n|-fail|p2a: No Stat Boosting\n|\n|upkeep\n|turn|27\n|\n|t:|1699970215\n|move|p2a: No Stat Boosting|Destiny Bond|p2a: No Stat Boosting\n|-singlemove|p2a: No Stat Boosting|Destiny Bond\n|move|p1a: Garchomp|Scale Shot|p2a: No Stat Boosting\n|-damage|p2a: No Stat Boosting|41\/100\n|-damage|p2a: No Stat Boosting|23\/100\n|-damage|p2a: No Stat Boosting|6\/100\n|-damage|p2a: No Stat Boosting|0 fnt\n|faint|p2a: No Stat Boosting\n|-activate|p2a: No Stat Boosting|move: Destiny Bond\n|faint|p1a: Garchomp\n|-hitcount|p2: No Stat Boosting|4\n|\n|upkeep\n|\n|t:|1699970217\n|switch|p1a: Greninja|Greninja, M|2\/100\n|switch|p2a: BatBanned|Gliscor, F|100\/100\n|turn|28\n|\n|t:|1699970224\n|move|p1a: Greninja|Ice Beam|p2a: BatBanned\n|-start|p1a: Greninja|typechange|Ice|[from] ability: Protean\n|-supereffective|p2a: BatBanned\n|-damage|p2a: BatBanned|0 fnt\n|faint|p2a: BatBanned\n|\n|win|JoaKingDex(GR)\n|raw|JoaKingDex(GR)'s rating: 1411 &rarr; <strong>1431<\/strong><br \/>(+20 for winning)\n|raw|A Classic Gengar's rating: 1419 &rarr; <strong>1399<\/strong><br \/>(-20 for losing)\n|c|\u2606A Classic Gengar|gg\n|l|\u2606A Classic Gengar\n","uploadtime":1699970237,"views":4,"p1id":"joakingdexgr","p2id":"aclassicgengar","formatid":"gen9nationaldex","rating":1399,"private":0,"password":""}