{"id":"gen9nationaldex-1988611751","p1":"leon lp","p2":"fishuu","format":"[Gen 9] National Dex","log":"|j|\u2606leon lp\n|j|\u2606fishuu\n|t:|1699741842\n|gametype|singles\n|player|p1|leon lp|2|1237\n|player|p2|fishuu|akari|1307\n|teamsize|p1|6\n|teamsize|p2|6\n|gen|9\n|tier|[Gen 9] National Dex\n|rated|\n|rule|HP Percentage Mod: HP is shown in percentages\n|rule|Endless Battle Clause: Forcing endless battles is banned\n|rule|OHKO Clause: OHKO moves are banned\n|rule|Evasion Clause: Evasion abilities, items, and moves are banned\n|rule|Evasion Abilities Clause: Evasion abilities are banned\n|rule|Evasion Items Clause: Evasion items are banned\n|rule|Evasion Moves Clause: Evasion moves are banned\n|rule|Species Clause: Limit one of each Pok\u00e9mon\n|rule|Sleep Clause Mod: Limit one foe put to sleep\n|clearpoke\n|poke|p1|Greninja-*, M|\n|poke|p1|Aegislash, F|\n|poke|p1|Charizard, F|\n|poke|p1|Hoopa-Unbound|\n|poke|p1|Hitmonlee, M|\n|poke|p1|Gourgeist-*, F|\n|poke|p2|Sableye, F|\n|poke|p2|Chansey, F|\n|poke|p2|Gliscor, M|\n|poke|p2|Clefable, F|\n|poke|p2|Dondozo, M|\n|poke|p2|Skarmory, F|\n|teampreview\n|inactive|Battle timer is ON: inactive players will automatically lose when time's up. (requested by fishuu)\n|inactive|leon lp has 120 seconds left.\n|\n|t:|1699741879\n|start\n|switch|p1a: Hitmonlee|Hitmonlee, M|100\/100\n|switch|p2a: Gliscor|Gliscor, M|100\/100\n|turn|1\n|\n|t:|1699741885\n|move|p2a: Gliscor|Protect|p2a: Gliscor\n|-singleturn|p2a: Gliscor|Protect\n|move|p1a: Hitmonlee|Fake Out|p2a: Gliscor\n|-activate|p2a: Gliscor|move: Protect\n|\n|-status|p2a: Gliscor|tox|[from] item: Toxic Orb\n|upkeep\n|turn|2\n|\n|t:|1699741905\n|switch|p1a: Hoopa|Hoopa-Unbound|100\/100\n|switch|p2a: Sableye|Sableye, F|100\/100\n|\n|upkeep\n|turn|3\n|\n|t:|1699741915\n|detailschange|p2a: Sableye|Sableye-Mega, F\n|-mega|p2a: Sableye|Sableye|Sablenite\n|move|p1a: Hoopa|Hyperspace Fury|p2a: Sableye\n|-damage|p2a: Sableye|11\/100\n|-unboost|p1a: Hoopa|def|1\n|move|p2a: Sableye|Will-O-Wisp|p1a: Hoopa\n|-status|p1a: Hoopa|brn\n|\n|-damage|p1a: Hoopa|95\/100 brn|[from] brn\n|upkeep\n|turn|4\n|\n|t:|1699741927\n|switch|p2a: Gliscor|Gliscor, M|100\/100 tox\n|move|p1a: Hoopa|Hyperspace Fury|p2a: Gliscor\n|-damage|p2a: Gliscor|66\/100 tox\n|-unboost|p1a: Hoopa|def|1\n|\n|-heal|p2a: Gliscor|79\/100 tox|[from] ability: Poison Heal\n|-damage|p1a: Hoopa|89\/100 brn|[from] brn\n|upkeep\n|turn|5\n|\n|t:|1699741937\n|switch|p1a: chalenger 123|Charizard, F|100\/100\n|move|p2a: Gliscor|Spikes|p1a: chalenger 123\n|-sidestart|p1: leon lp|Spikes\n|\n|-heal|p2a: Gliscor|91\/100 tox|[from] ability: Poison Heal\n|upkeep\n|turn|6\n|\n|t:|1699741944\n|detailschange|p1a: chalenger 123|Charizard-Mega-Y, F\n|-mega|p1a: chalenger 123|Charizard|Charizardite Y\n|-weather|SunnyDay|[from] ability: Drought|[of] p1a: chalenger 123\n|move|p2a: Gliscor|Protect|p2a: Gliscor\n|-singleturn|p2a: Gliscor|Protect\n|move|p1a: chalenger 123|Overheat|p2a: Gliscor\n|-activate|p2a: Gliscor|move: Protect\n|\n|-weather|SunnyDay|[upkeep]\n|-heal|p2a: Gliscor|100\/100 tox|[from] ability: Poison Heal\n|upkeep\n|turn|7\n|\n|t:|1699741954\n|switch|p2a: Chansey|Chansey, F|100\/100\n|move|p1a: chalenger 123|Overheat|p2a: Chansey\n|-damage|p2a: Chansey|63\/100\n|-unboost|p1a: chalenger 123|spa|2\n|\n|-weather|SunnyDay|[upkeep]\n|upkeep\n|turn|8\n|\n|t:|1699741962\n|switch|p1a: Hoopa|Hoopa-Unbound|89\/100 brn\n|-damage|p1a: Hoopa|76\/100 brn|[from] Spikes\n|move|p2a: Chansey|Wish|p2a: Chansey\n|\n|-weather|SunnyDay|[upkeep]\n|-damage|p1a: Hoopa|70\/100 brn|[from] brn\n|upkeep\n|turn|9\n|\n|t:|1699741969\n|move|p2a: Chansey|Protect|p2a: Chansey\n|-singleturn|p2a: Chansey|Protect\n|move|p1a: Hoopa|Gunk Shot|p2a: Chansey\n|-activate|p2a: Chansey|move: Protect\n|\n|-weather|SunnyDay|[upkeep]\n|-heal|p2a: Chansey|100\/100|[from] move: Wish|[wisher] Chansey\n|-damage|p1a: Hoopa|64\/100 brn|[from] brn\n|upkeep\n|turn|10\n|\n|t:|1699741978\n|move|p1a: Hoopa|Gunk Shot|p2a: Chansey\n|-damage|p2a: Chansey|74\/100\n|move|p2a: Chansey|Wish|p2a: Chansey\n|\n|-weather|none\n|-damage|p1a: Hoopa|58\/100 brn|[from] brn\n|upkeep\n|turn|11\n|\n|t:|1699741989\n|switch|p1a: Muramasa|Aegislash, F|100\/100\n|-damage|p1a: Muramasa|88\/100|[from] Spikes\n|move|p2a: Chansey|Seismic Toss|p1a: Muramasa\n|-immune|p1a: Muramasa\n|\n|-heal|p2a: Chansey|100\/100|[from] move: Wish|[wisher] Chansey\n|upkeep\n|turn|12\n|\n|t:|1699742010\n|switch|p1a: Hoopa|Hoopa-Unbound|58\/100 brn\n|-damage|p1a: Hoopa|46\/100 brn|[from] Spikes\n|move|p2a: Chansey|Wish|p2a: Chansey\n|\n|-damage|p1a: Hoopa|40\/100 brn|[from] brn\n|upkeep\n|turn|13\n|\n|t:|1699742021\n|move|p1a: Hoopa|Gunk Shot|p2a: Chansey\n|-damage|p2a: Chansey|73\/100\n|move|p2a: Chansey|Seismic Toss|p1a: Hoopa\n|-damage|p1a: Hoopa|7\/100 brn\n|\n|-heal|p2a: Chansey|100\/100|[from] move: Wish|[wisher] Chansey\n|-damage|p1a: Hoopa|1\/100 brn|[from] brn\n|upkeep\n|turn|14\n|\n|t:|1699742029\n|move|p2a: Chansey|Protect|p2a: Chansey\n|-singleturn|p2a: Chansey|Protect\n|move|p1a: Hoopa|Gunk Shot|p2a: Chansey\n|-activate|p2a: Chansey|move: Protect\n|\n|-damage|p1a: Hoopa|0 fnt|[from] brn\n|faint|p1a: Hoopa\n|upkeep\n|\n|t:|1699742038\n|switch|p1a: Muramasa|Aegislash, F|88\/100\n|-damage|p1a: Muramasa|76\/100|[from] Spikes\n|turn|15\n|\n|t:|1699742055\n|switch|p2a: Sableye|Sableye-Mega, F|11\/100\n|move|p1a: Muramasa|Swords Dance|p1a: Muramasa\n|-boost|p1a: Muramasa|atk|2\n|\n|upkeep\n|turn|16\n|\n|t:|1699742078\n|switch|p2a: Skarmory|Skarmory, F|100\/100\n|-formechange|p1a: Muramasa|Aegislash-Blade||[from] ability: Stance Change\n|move|p1a: Muramasa|Shadow Sneak|p2a: Skarmory\n|-damage|p2a: Skarmory|60\/100\n|-damage|p1a: Muramasa|66\/100|[from] item: Life Orb\n|\n|-heal|p2a: Skarmory|66\/100|[from] item: Leftovers\n|upkeep\n|turn|17\n|\n|t:|1699742090\n|-formechange|p1a: Muramasa|Aegislash||[from] ability: Stance Change\n|move|p1a: Muramasa|King's Shield|p1a: Muramasa\n|-singleturn|p1a: Muramasa|Protect\n|move|p2a: Skarmory|Roost|p2a: Skarmory\n|-heal|p2a: Skarmory|100\/100\n|-singleturn|p2a: Skarmory|move: Roost\n|\n|upkeep\n|turn|18\n|\n|t:|1699742098\n|move|p1a: Muramasa|Swords Dance|p1a: Muramasa\n|-boost|p1a: Muramasa|atk|2\n|move|p2a: Skarmory|Whirlwind|p1a: Muramasa\n|drag|p1a: Hitmonlee|Hitmonlee, M|100\/100\n|-damage|p1a: Hitmonlee|88\/100|[from] Spikes\n|\n|upkeep\n|turn|19\n|\n|t:|1699742106\n|switch|p2a: Chansey|Chansey, F|100\/100\n|move|p1a: Hitmonlee|Fake Out|p2a: Chansey\n|-enditem|p1a: Hitmonlee|Normal Gem|[from] gem\n|-damage|p2a: Chansey|88\/100\n|\n|upkeep\n|turn|20\n|\n|t:|1699742112\n|move|p1a: Hitmonlee|Bulk Up|p1a: Hitmonlee\n|-boost|p1a: Hitmonlee|atk|1\n|-boost|p1a: Hitmonlee|def|1\n|move|p2a: Chansey|Wish|p2a: Chansey\n|\n|upkeep\n|turn|21\n|\n|t:|1699742117\n|switch|p2a: Sableye|Sableye-Mega, F|11\/100\n|move|p1a: Hitmonlee|Bulk Up|p1a: Hitmonlee\n|-boost|p1a: Hitmonlee|atk|1\n|-boost|p1a: Hitmonlee|def|1\n|\n|-heal|p2a: Sableye|100\/100|[from] move: Wish|[wisher] Chansey\n|upkeep\n|turn|22\n|\n|t:|1699742125\n|move|p1a: Hitmonlee|Bulk Up|p1a: Hitmonlee\n|-boost|p1a: Hitmonlee|atk|1\n|-boost|p1a: Hitmonlee|def|1\n|move|p2a: Sableye|Will-O-Wisp|p1a: Hitmonlee\n|-status|p1a: Hitmonlee|brn\n|\n|-damage|p1a: Hitmonlee|82\/100 brn|[from] brn\n|upkeep\n|turn|23\n|\n|t:|1699742133\n|switch|p2a: Dondozo|Dondozo, M|100\/100\n|move|p1a: Hitmonlee|Bulk Up|p1a: Hitmonlee\n|-boost|p1a: Hitmonlee|atk|1\n|-boost|p1a: Hitmonlee|def|1\n|\n|-damage|p1a: Hitmonlee|76\/100 brn|[from] brn\n|upkeep\n|turn|24\n|\n|t:|1699742140\n|move|p1a: Hitmonlee|Close Combat|p2a: Dondozo\n|-damage|p2a: Dondozo|83\/100\n|-unboost|p1a: Hitmonlee|def|1\n|-unboost|p1a: Hitmonlee|spd|1\n|move|p2a: Dondozo|Liquidation|p1a: Hitmonlee\n|-damage|p1a: Hitmonlee|12\/100 brn\n|\n|-heal|p2a: Dondozo|89\/100|[from] item: Leftovers\n|-damage|p1a: Hitmonlee|6\/100 brn|[from] brn\n|upkeep\n|turn|25\n|c|\u2606leon lp|unaware\n|c|\u2606leon lp|im need a haxorus\n|\n|t:|1699742156\n|switch|p1a: Candy|Gourgeist-Small, F|100\/100\n|-damage|p1a: Candy|88\/100|[from] Spikes\n|-item|p2a: Dondozo|Leftovers|[from] ability: Frisk|[of] p1a: Candy|[identify]\n|move|p2a: Dondozo|Body Press|p1a: Candy\n|-immune|p1a: Candy\n|\n|-heal|p2a: Dondozo|95\/100|[from] item: Leftovers\n|upkeep\n|turn|26\n|\n|t:|1699742167\n|switch|p2a: Gliscor|Gliscor, M|100\/100 tox\n|move|p1a: Candy|Seed Bomb|p2a: Gliscor\n|-damage|p2a: Gliscor|80\/100 tox\n|\n|-heal|p2a: Gliscor|92\/100 tox|[from] ability: Poison Heal\n|upkeep\n|turn|27\n|\n|t:|1699742182\n|-zpower|p1a: Candy\n|move|p1a: Candy|Z-Trick-or-Treat|p2a: Gliscor|[anim]Trick-or-Treat\n|-boost|p1a: Candy|atk|1|[zeffect]\n|-boost|p1a: Candy|def|1|[zeffect]\n|-boost|p1a: Candy|spa|1|[zeffect]\n|-boost|p1a: Candy|spd|1|[zeffect]\n|-boost|p1a: Candy|spe|1|[zeffect]\n|-start|p2a: Gliscor|typeadd|Ghost|[from] move: Trick-or-Treat\n|move|p2a: Gliscor|Spikes|p1a: Candy\n|-sidestart|p1: leon lp|Spikes\n|\n|-heal|p2a: Gliscor|100\/100 tox|[from] ability: Poison Heal\n|upkeep\n|turn|28\n|\n|t:|1699742194\n|switch|p2a: Chansey|Chansey, F|88\/100\n|move|p1a: Candy|Poltergeist|p2a: Chansey\n|-immune|p2a: Chansey\n|\n|upkeep\n|turn|29\n|\n|t:|1699742203\n|move|p1a: Candy|Seed Bomb|p2a: Chansey\n|-damage|p2a: Chansey|59\/100\n|move|p2a: Chansey|Toxic|p1a: Candy\n|-status|p1a: Candy|tox\n|\n|-damage|p1a: Candy|82\/100 tox|[from] psn\n|upkeep\n|turn|30\n|\n|t:|1699742215\n|move|p1a: Candy|Seed Bomb|p2a: Chansey\n|-damage|p2a: Chansey|27\/100\n|move|p2a: Chansey|Wish|p2a: Chansey\n|\n|-damage|p1a: Candy|70\/100 tox|[from] psn\n|upkeep\n|turn|31\n|\n|t:|1699742222\n|move|p2a: Chansey|Protect|p2a: Chansey\n|-singleturn|p2a: Chansey|Protect\n|move|p1a: Candy|Seed Bomb|p2a: Chansey\n|-activate|p2a: Chansey|move: Protect\n|\n|-heal|p2a: Chansey|77\/100|[from] move: Wish|[wisher] Chansey\n|-damage|p1a: Candy|52\/100 tox|[from] psn\n|upkeep\n|turn|32\n|\n|t:|1699742232\n|switch|p2a: Gliscor|Gliscor, M|100\/100 tox\n|move|p1a: Candy|Seed Bomb|p2a: Gliscor\n|-damage|p2a: Gliscor|67\/100 tox\n|\n|-damage|p1a: Candy|28\/100 tox|[from] psn\n|-heal|p2a: Gliscor|80\/100 tox|[from] ability: Poison Heal\n|upkeep\n|turn|33\n|\n|t:|1699742240\n|move|p2a: Gliscor|Protect|p2a: Gliscor\n|-singleturn|p2a: Gliscor|Protect\n|move|p1a: Candy|Poltergeist|p2a: Gliscor\n|-activate|p2a: Gliscor|move: Protect\n|\n|-damage|p1a: Candy|0 fnt|[from] psn\n|faint|p1a: Candy\n|-heal|p2a: Gliscor|92\/100 tox|[from] ability: Poison Heal\n|upkeep\n|\n|t:|1699742252\n|switch|p1a: Hitmonlee|Hitmonlee, M|6\/100 brn\n|-damage|p1a: Hitmonlee|0 fnt|[from] Spikes\n|faint|p1a: Hitmonlee\n|\n|t:|1699742257\n|switch|p1a: chalenger 123|Charizard-Mega-Y, F|100\/100\n|-weather|SunnyDay|[from] ability: Drought|[of] p1a: chalenger 123\n|turn|34\n|\n|t:|1699742261\n|switch|p2a: Chansey|Chansey, F|77\/100\n|move|p1a: chalenger 123|Solar Beam||[still]\n|-prepare|p1a: chalenger 123|Solar Beam\n|-anim|p1a: chalenger 123|Solar Beam|p2a: Chansey\n|-damage|p2a: Chansey|62\/100\n|\n|-weather|SunnyDay|[upkeep]\n|upkeep\n|turn|35\n|\n|t:|1699742268\n|move|p1a: chalenger 123|Focus Blast|p2a: Chansey\n|-supereffective|p2a: Chansey\n|-damage|p2a: Chansey|31\/100\n|move|p2a: Chansey|Wish|p2a: Chansey\n|\n|-weather|SunnyDay|[upkeep]\n|upkeep\n|turn|36\n|\n|t:|1699742275\n|move|p2a: Chansey|Protect|p2a: Chansey\n|-singleturn|p2a: Chansey|Protect\n|move|p1a: chalenger 123|Hurricane|p2a: Chansey\n|-activate|p2a: Chansey|move: Protect\n|\n|-weather|SunnyDay|[upkeep]\n|-heal|p2a: Chansey|81\/100|[from] move: Wish|[wisher] Chansey\n|upkeep\n|turn|37\n|\n|t:|1699742285\n|move|p1a: chalenger 123|Focus Blast|p2a: Chansey|[miss]\n|-miss|p1a: chalenger 123|p2a: Chansey\n|move|p2a: Chansey|Wish|p2a: Chansey\n|\n|-weather|SunnyDay|[upkeep]\n|upkeep\n|turn|38\n|\n|t:|1699742291\n|move|p1a: chalenger 123|Focus Blast|p2a: Chansey\n|-supereffective|p2a: Chansey\n|-damage|p2a: Chansey|52\/100\n|-unboost|p2a: Chansey|spd|1\n|move|p2a: Chansey|Toxic|p1a: chalenger 123\n|-status|p1a: chalenger 123|tox\n|\n|-weather|none\n|-heal|p2a: Chansey|100\/100|[from] move: Wish|[wisher] Chansey\n|-damage|p1a: chalenger 123|94\/100 tox|[from] psn\n|upkeep\n|turn|39\n|\n|t:|1699742303\n|switch|p2a: Clefable|Clefable, F|100\/100\n|move|p1a: chalenger 123|Focus Blast|p2a: Clefable\n|-resisted|p2a: Clefable\n|-damage|p2a: Clefable|79\/100\n|\n|-heal|p2a: Clefable|85\/100|[from] item: Leftovers\n|-damage|p1a: chalenger 123|82\/100 tox|[from] psn\n|upkeep\n|turn|40\n|\n|t:|1699742313\n|move|p1a: chalenger 123|Hurricane|p2a: Clefable\n|-damage|p2a: Clefable|27\/100\n|-start|p2a: Clefable|confusion\n|-activate|p2a: Clefable|confusion\n|move|p2a: Clefable|Stealth Rock|p1a: chalenger 123\n|-sidestart|p1: leon lp|move: Stealth Rock\n|\n|-heal|p2a: Clefable|33\/100|[from] item: Leftovers\n|-damage|p1a: chalenger 123|64\/100 tox|[from] psn\n|upkeep\n|turn|41\n|\n|t:|1699742321\n|switch|p2a: Chansey|Chansey, F|100\/100\n|move|p1a: chalenger 123|Hurricane|p2a: Chansey\n|-damage|p2a: Chansey|79\/100\n|\n|-damage|p1a: chalenger 123|40\/100 tox|[from] psn\n|upkeep\n|turn|42\n|\n|t:|1699742328\n|move|p1a: chalenger 123|Hurricane|p2a: Chansey\n|-damage|p2a: Chansey|57\/100\n|-start|p2a: Chansey|confusion\n|-activate|p2a: Chansey|confusion\n|move|p2a: Chansey|Wish|p2a: Chansey\n|\n|-damage|p1a: chalenger 123|10\/100 tox|[from] psn\n|upkeep\n|turn|43\n|\n|t:|1699742335\n|switch|p2a: Clefable|Clefable, F|33\/100\n|move|p1a: chalenger 123|Overheat|p2a: Clefable\n|-damage|p2a: Clefable|0 fnt\n|-unboost|p1a: chalenger 123|spa|2\n|faint|p2a: Clefable\n|\n|-damage|p1a: chalenger 123|0 fnt|[from] psn\n|faint|p1a: chalenger 123\n|upkeep\n|\n|t:|1699742348\n|switch|p1a: tobit|Greninja, M|100\/100\n|switch|p2a: Sableye|Sableye-Mega, F|100\/100\n|-damage|p1a: tobit|84\/100|[from] Spikes\n|-damage|p1a: tobit|72\/100|[from] Stealth Rock\n|turn|44\n|\n|t:|1699742356\n|-terastallize|p1a: tobit|Water\n|move|p1a: tobit|Water Shuriken|p2a: Sableye\n|-damage|p2a: Sableye|88\/100\n|-damage|p2a: Sableye|77\/100\n|-damage|p2a: Sableye|65\/100\n|-hitcount|p2a: Sableye|3\n|move|p2a: Sableye|Will-O-Wisp|p1a: tobit\n|-status|p1a: tobit|brn\n|\n|-damage|p1a: tobit|66\/100 brn|[from] brn\n|upkeep\n|turn|45\n|\n|t:|1699742367\n|switch|p2a: Chansey|Chansey, F|57\/100\n|move|p1a: tobit|Water Shuriken|p2a: Chansey\n|-damage|p2a: Chansey|52\/100\n|-damage|p2a: Chansey|48\/100\n|-hitcount|p2a: Chansey|2\n|\n|-damage|p1a: tobit|60\/100 brn|[from] brn\n|upkeep\n|turn|46\n|\n|t:|1699742375\n|move|p1a: tobit|Water Shuriken|p2a: Chansey\n|-damage|p2a: Chansey|43\/100\n|-damage|p2a: Chansey|39\/100\n|-damage|p2a: Chansey|34\/100\n|-damage|p2a: Chansey|30\/100\n|-damage|p2a: Chansey|26\/100\n|-hitcount|p2a: Chansey|5\n|move|p2a: Chansey|Wish|p2a: Chansey\n|\n|-damage|p1a: tobit|54\/100 brn|[from] brn\n|upkeep\n|turn|47\n|\n|t:|1699742385\n|move|p2a: Chansey|Protect|p2a: Chansey\n|-singleturn|p2a: Chansey|Protect\n|move|p1a: tobit|Water Shuriken|p2a: Chansey\n|-activate|p2a: Chansey|move: Protect\n|\n|-heal|p2a: Chansey|76\/100|[from] move: Wish|[wisher] Chansey\n|-damage|p1a: tobit|48\/100 brn|[from] brn\n|upkeep\n|turn|48\n|\n|t:|1699742405\n|move|p1a: tobit|Water Shuriken|p2a: Chansey\n|-damage|p2a: Chansey|72\/100\n|-damage|p2a: Chansey|68\/100\n|-hitcount|p2a: Chansey|2\n|move|p2a: Chansey|Wish|p2a: Chansey\n|\n|-damage|p1a: tobit|42\/100 brn|[from] brn\n|upkeep\n|turn|49\n|\n|t:|1699742419\n|move|p1a: tobit|Water Shuriken|p2a: Chansey\n|-damage|p2a: Chansey|63\/100\n|-damage|p2a: Chansey|59\/100\n|-crit|p2a: Chansey\n|-damage|p2a: Chansey|52\/100\n|-hitcount|p2a: Chansey|3\n|move|p2a: Chansey|Seismic Toss|p1a: tobit\n|-damage|p1a: tobit|7\/100 brn\n|\n|-heal|p2a: Chansey|100\/100|[from] move: Wish|[wisher] Chansey\n|-damage|p1a: tobit|1\/100 brn|[from] brn\n|upkeep\n|turn|50\n|\n|t:|1699742434\n|move|p2a: Chansey|Protect|p2a: Chansey\n|-singleturn|p2a: Chansey|Protect\n|move|p1a: tobit|Water Shuriken|p2a: Chansey\n|-activate|p2a: Chansey|move: Protect\n|\n|-damage|p1a: tobit|0 fnt|[from] brn\n|faint|p1a: tobit\n|upkeep\n|\n|t:|1699742442\n|switch|p1a: Muramasa|Aegislash, F|66\/100\n|-damage|p1a: Muramasa|49\/100|[from] Spikes\n|-damage|p1a: Muramasa|43\/100|[from] Stealth Rock\n|turn|51\n|\n|t:|1699742460\n|move|p1a: Muramasa|King's Shield|p1a: Muramasa\n|-singleturn|p1a: Muramasa|Protect\n|move|p2a: Chansey|Wish|p2a: Chansey\n|\n|upkeep\n|turn|52\n|\n|t:|1699742464\n|switch|p2a: Sableye|Sableye-Mega, F|65\/100\n|move|p1a: Muramasa|Swords Dance|p1a: Muramasa\n|-boost|p1a: Muramasa|atk|2\n|\n|-heal|p2a: Sableye|100\/100|[from] move: Wish|[wisher] Chansey\n|upkeep\n|turn|53\n|c|\u2606leon lp|To use a stall team you need patience\n|inactive|leon lp has 120 seconds left.\n|c|\u2606leon lp|Now lets test your patience!\n|c|\u2606leon lp|good luck\n|inactive|leon lp has 90 seconds left.\n|inactive|leon lp has 60 seconds left.\n|inactive|leon lp has 30 seconds left.\n|inactive|leon lp has 20 seconds left.\n|inactive|leon lp has 15 seconds left.\n|inactive|leon lp has 10 seconds left.\n|inactive|leon lp has 5 seconds left.\n|\n|t:|1699742608\n|move|p1a: Muramasa|King's Shield|p1a: Muramasa\n|-singleturn|p1a: Muramasa|Protect\n|move|p2a: Sableye|Will-O-Wisp|p1a: Muramasa\n|-status|p1a: Muramasa|brn\n|\n|-damage|p1a: Muramasa|37\/100 brn|[from] brn\n|upkeep\n|turn|54\n|inactive|leon lp has 15 seconds left this turn.\n|inactive|leon lp has 10 seconds left.\n|inactive|leon lp has 5 seconds left.\n|\n|t:|1699742622\n|move|p1a: Muramasa|King's Shield|p1a: Muramasa\n|-singleturn|p1a: Muramasa|Protect\n|move|p2a: Sableye|Knock Off|p1a: Muramasa\n|-activate|p1a: Muramasa|move: Protect\n|-unboost|p2a: Sableye|atk|1\n|\n|-damage|p1a: Muramasa|31\/100 brn|[from] brn\n|upkeep\n|turn|55\n|inactive|leon lp has 15 seconds left this turn.\n|inactive|leon lp has 10 seconds left.\n|inactive|leon lp has 5 seconds left.\n|\n|t:|1699742637\n|-formechange|p1a: Muramasa|Aegislash-Blade||[from] ability: Stance Change\n|move|p1a: Muramasa|Iron Head|p2a: Sableye\n|-damage|p2a: Sableye|40\/100\n|-damage|p1a: Muramasa|21\/100 brn|[from] item: Life Orb\n|cant|p2a: Sableye|flinch\n|\n|-damage|p1a: Muramasa|15\/100 brn|[from] brn\n|upkeep\n|turn|56\n|inactive|leon lp has 15 seconds left this turn.\n|inactive|leon lp has 10 seconds left.\n|inactive|leon lp has 5 seconds left.\n|\n|t:|1699742651\n|switch|p2a: Skarmory|Skarmory, F|100\/100\n|-formechange|p1a: Muramasa|Aegislash||[from] ability: Stance Change\n|move|p1a: Muramasa|King's Shield||[still]\n|-fail|p1a: Muramasa\n|\n|-damage|p1a: Muramasa|9\/100 brn|[from] brn\n|upkeep\n|turn|57\n|inactive|leon lp has 15 seconds left this turn.\n|inactive|leon lp has 10 seconds left.\n|inactive|leon lp has 5 seconds left.\n|\n|t:|1699742670\n|move|p1a: Muramasa|King's Shield|p1a: Muramasa\n|-singleturn|p1a: Muramasa|Protect\n|move|p2a: Skarmory|Roost||[still]\n|-fail|p2a: Skarmory|heal\n|\n|-damage|p1a: Muramasa|2\/100 brn|[from] brn\n|upkeep\n|turn|58\n|inactive|leon lp has 15 seconds left this turn.\n|inactive|leon lp has 10 seconds left.\n|inactive|leon lp has 5 seconds left.\n|\n|t:|1699742685\n|move|p1a: Muramasa|King's Shield||[still]\n|-fail|p1a: Muramasa\n|move|p2a: Skarmory|Roost||[still]\n|-fail|p2a: Skarmory|heal\n|\n|-damage|p1a: Muramasa|0 fnt|[from] brn\n|faint|p1a: Muramasa\n|\n|win|fishuu\n|upkeep\n|inactive|leon lp has 10 seconds left this turn.\n|raw|leon lp's rating: 1237 &rarr; <strong>1217<\/strong><br \/>(-20 for losing)\n|raw|fishuu's rating: 1307 &rarr; <strong>1323<\/strong><br \/>(+16 for winning)\n|l|\u2606fishuu\n","uploadtime":1699742712,"views":6,"p1id":"leonlp","p2id":"fishuu","formatid":"gen9nationaldex","rating":1217,"private":0,"password":""}