{"id":"gen9nationaldex-1988768480","p1":"Dove6","p2":"siak678","format":"[Gen 9] National Dex","log":"|j|\u2606Dove6\n|j|\u2606siak678\n|t:|1699760655\n|gametype|singles\n|player|p1|Dove6|hero2-conquest|1613\n|player|p2|siak678|caitlin|1535\n|teamsize|p1|6\n|teamsize|p2|6\n|gen|9\n|tier|[Gen 9] National Dex\n|rated|\n|rule|HP Percentage Mod: HP is shown in percentages\n|rule|Endless Battle Clause: Forcing endless battles is banned\n|rule|OHKO Clause: OHKO moves are banned\n|rule|Evasion Clause: Evasion abilities, items, and moves are banned\n|rule|Evasion Abilities Clause: Evasion abilities are banned\n|rule|Evasion Items Clause: Evasion items are banned\n|rule|Evasion Moves Clause: Evasion moves are banned\n|rule|Species Clause: Limit one of each Pok\u00e9mon\n|rule|Sleep Clause Mod: Limit one foe put to sleep\n|clearpoke\n|poke|p1|Garchomp, M|\n|poke|p1|Glimmora, F|\n|poke|p1|Scizor, M|\n|poke|p1|Ogerpon-Wellspring, F|\n|poke|p1|Hatterene, F|\n|poke|p1|Skeledirge, M|\n|poke|p2|Charizard, M|\n|poke|p2|Serperior, F|\n|poke|p2|Tyranitar, M|\n|poke|p2|Alomomola, M|\n|poke|p2|Zapdos|\n|poke|p2|Blacephalon|\n|teampreview\n|\n|t:|1699760696\n|start\n|switch|p1a: Glimmora|Glimmora, F|100\/100\n|switch|p2a: Zapdos|Zapdos|100\/100\n|turn|1\n|inactive|Battle timer is ON: inactive players will automatically lose when time's up. (requested by Dove6)\n|\n|t:|1699760700\n|move|p2a: Zapdos|Volt Switch|p1a: Glimmora\n|-crit|p1a: Glimmora\n|-damage|p1a: Glimmora|24\/100\n|\n|t:|1699760704\n|switch|p2a: Tyranitar|Tyranitar, M|100\/100|[from] Volt Switch\n|-weather|Sandstorm|[from] ability: Sand Stream|[of] p2a: Tyranitar\n|move|p1a: Glimmora|Power Gem|p2a: Tyranitar\n|-damage|p2a: Tyranitar|76\/100\n|\n|-weather|Sandstorm|[upkeep]\n|upkeep\n|turn|2\n|\n|t:|1699760714\n|move|p1a: Glimmora|Stealth Rock|p2a: Tyranitar\n|-sidestart|p2: siak678|move: Stealth Rock\n|move|p2a: Tyranitar|Ice Beam|p1a: Glimmora\n|-damage|p1a: Glimmora|0 fnt\n|faint|p1a: Glimmora\n|-damage|p2a: Tyranitar|67\/100|[from] item: Life Orb\n|\n|-weather|Sandstorm|[upkeep]\n|upkeep\n|\n|t:|1699760723\n|switch|p1a: Garchomp|Garchomp, M, shiny|100\/100\n|turn|3\n|\n|t:|1699760732\n|switch|p1a: Scizor|Scizor, M, shiny|100\/100\n|-terastallize|p2a: Tyranitar|Flying\n|move|p2a: Tyranitar|Ice Beam|p1a: Scizor\n|-resisted|p1a: Scizor\n|-damage|p1a: Scizor|84\/100\n|-damage|p2a: Tyranitar|57\/100|[from] item: Life Orb\n|\n|-weather|Sandstorm|[upkeep]\n|-damage|p2a: Tyranitar|50\/100|[from] Sandstorm\n|upkeep\n|turn|4\n|\n|t:|1699760742\n|detailschange|p1a: Scizor|Scizor-Mega, M, shiny\n|-mega|p1a: Scizor|Scizor|Scizorite\n|move|p1a: Scizor|U-turn|p2a: Tyranitar\n|-resisted|p2a: Tyranitar\n|-damage|p2a: Tyranitar|38\/100\n|\n|t:|1699760748\n|switch|p1a: Ogerpon|Ogerpon-Wellspring, F|100\/100|[from] U-turn\n|move|p2a: Tyranitar|Fire Blast|p1a: Ogerpon\n|-damage|p1a: Ogerpon|52\/100\n|-damage|p2a: Tyranitar|28\/100|[from] item: Life Orb\n|\n|-weather|Sandstorm|[upkeep]\n|-damage|p1a: Ogerpon|46\/100|[from] Sandstorm\n|-damage|p2a: Tyranitar|22\/100|[from] Sandstorm\n|upkeep\n|turn|5\n|\n|t:|1699760760\n|move|p1a: Ogerpon|Ivy Cudgel|p2a: Tyranitar\n|-damage|p2a: Tyranitar|0 fnt\n|faint|p2a: Tyranitar\n|\n|-weather|none\n|upkeep\n|\n|t:|1699760769\n|switch|p2a: Blacephalon|Blacephalon|100\/100\n|-damage|p2a: Blacephalon|75\/100|[from] Stealth Rock\n|turn|6\n|\n|t:|1699760776\n|move|p2a: Blacephalon|Flamethrower|p1a: Ogerpon\n|-damage|p1a: Ogerpon|0 fnt\n|faint|p1a: Ogerpon\n|-ability|p2a: Blacephalon|Beast Boost|boost\n|-boost|p2a: Blacephalon|spa|1\n|\n|upkeep\n|\n|t:|1699760782\n|switch|p1a: Garchomp|Garchomp, M, shiny|100\/100\n|turn|7\n|\n|t:|1699760785\n|switch|p2a: Zapdos|Zapdos|100\/100\n|-damage|p2a: Zapdos|76\/100|[from] Stealth Rock\n|move|p1a: Garchomp|Scale Shot|p2a: Zapdos\n|-damage|p2a: Zapdos|61\/100\n|-damage|p2a: Zapdos|44\/100\n|-damage|p2a: Zapdos|29\/100\n|-damage|p2a: Zapdos|12\/100\n|-damage|p2a: Zapdos|0 fnt\n|faint|p2a: Zapdos\n|-hitcount|p2: Zapdos|5\n|-unboost|p1a: Garchomp|def|1\n|-boost|p1a: Garchomp|spe|1\n|\n|upkeep\n|\n|t:|1699760795\n|switch|p2a: Serperior|Serperior, F|100\/100\n|-damage|p2a: Serperior|88\/100|[from] Stealth Rock\n|turn|8\n|\n|t:|1699760799\n|-terastallize|p1a: Garchomp|Dragon\n|move|p1a: Garchomp|Scale Shot|p2a: Serperior\n|-damage|p2a: Serperior|68\/100\n|-damage|p2a: Serperior|49\/100\n|-damage|p2a: Serperior|28\/100\n|-damage|p2a: Serperior|7\/100\n|-hitcount|p2a: Serperior|4\n|-unboost|p1a: Garchomp|def|1\n|-boost|p1a: Garchomp|spe|1\n|move|p2a: Serperior|Leaf Storm|p1a: Garchomp|[miss]\n|-miss|p2a: Serperior|p1a: Garchomp\n|\n|-heal|p2a: Serperior|14\/100|[from] item: Leftovers\n|upkeep\n|turn|9\n|\n|t:|1699760811\n|move|p1a: Garchomp|Earthquake|p2a: Serperior\n|-resisted|p2a: Serperior\n|-damage|p2a: Serperior|0 fnt\n|faint|p2a: Serperior\n|\n|upkeep\n|\n|t:|1699760818\n|switch|p2a: Alomomola|Alomomola, M, shiny|100\/100\n|turn|10\n|\n|t:|1699760829\n|switch|p1a: Hatterene|Hatterene, F, shiny|100\/100\n|move|p2a: Alomomola|Wish|p2a: Alomomola\n|\n|upkeep\n|turn|11\n|\n|t:|1699760835\n|move|p2a: Alomomola|Flip Turn|p1a: Hatterene\n|-damage|p1a: Hatterene|86\/100\n|\n|t:|1699760838\n|switch|p2a: Charizard|Charizard, M|100\/100|[from] Flip Turn\n|-damage|p2a: Charizard|51\/100|[from] Stealth Rock\n|move|p1a: Hatterene|Future Sight|p2a: Charizard\n|-start|p1a: Hatterene|move: Future Sight\n|\n|-heal|p2a: Charizard|100\/100|[from] move: Wish|[wisher] Alomomola\n|-heal|p1a: Hatterene|92\/100|[from] item: Leftovers\n|upkeep\n|turn|12\n|\n|t:|1699760853\n|detailschange|p2a: Charizard|Charizard-Mega-Y, M\n|-mega|p2a: Charizard|Charizard|Charizardite Y\n|-weather|SunnyDay|[from] ability: Drought|[of] p2a: Charizard\n|move|p2a: Charizard|Weather Ball|p1a: Hatterene\n|-damage|p1a: Hatterene|0 fnt\n|faint|p1a: Hatterene\n|\n|-weather|SunnyDay|[upkeep]\n|upkeep\n|\n|t:|1699760862\n|switch|p1a: Garchomp|Garchomp, M, shiny, tera:Dragon|100\/100\n|turn|13\n|\n|t:|1699760884\n|switch|p2a: Blacephalon|Blacephalon|75\/100\n|-damage|p2a: Blacephalon|50\/100|[from] Stealth Rock\n|move|p1a: Garchomp|Scale Shot|p2a: Blacephalon\n|-damage|p2a: Blacephalon|9\/100\n|-damage|p2a: Blacephalon|0 fnt\n|faint|p2a: Blacephalon\n|-hitcount|p2: Blacephalon|2\n|-unboost|p1a: Garchomp|def|1\n|-boost|p1a: Garchomp|spe|1\n|\n|-weather|SunnyDay|[upkeep]\n|-hint|Future Sight did not hit because the target is fainted.\n|upkeep\n|\n|t:|1699760888\n|switch|p2a: Alomomola|Alomomola, M, shiny|100\/100\n|turn|14\n|\n|t:|1699760899\n|move|p1a: Garchomp|Swords Dance|p1a: Garchomp\n|-boost|p1a: Garchomp|atk|2\n|move|p2a: Alomomola|Toxic|p1a: Garchomp\n|-status|p1a: Garchomp|tox\n|\n|-weather|SunnyDay|[upkeep]\n|-damage|p1a: Garchomp|94\/100 tox|[from] psn\n|upkeep\n|turn|15\n|\n|t:|1699760905\n|move|p1a: Garchomp|Scale Shot|p2a: Alomomola\n|-damage|p2a: Alomomola|81\/100\n|-damage|p2a: Alomomola|63\/100\n|-damage|p2a: Alomomola|46\/100\n|-damage|p2a: Alomomola|27\/100\n|-hitcount|p2a: Alomomola|4\n|-unboost|p1a: Garchomp|def|1\n|-boost|p1a: Garchomp|spe|1\n|move|p2a: Alomomola|Wish|p2a: Alomomola\n|\n|-weather|SunnyDay|[upkeep]\n|-damage|p1a: Garchomp|82\/100 tox|[from] psn\n|upkeep\n|turn|16\n|\n|t:|1699760911\n|move|p2a: Alomomola|Protect|p2a: Alomomola\n|-singleturn|p2a: Alomomola|Protect\n|move|p1a: Garchomp|Swords Dance|p1a: Garchomp\n|-boost|p1a: Garchomp|atk|2\n|\n|-weather|none\n|-heal|p2a: Alomomola|77\/100|[from] move: Wish|[wisher] Alomomola\n|-damage|p1a: Garchomp|64\/100 tox|[from] psn\n|upkeep\n|turn|17\n|\n|t:|1699760916\n|move|p1a: Garchomp|Scale Shot|p2a: Alomomola\n|-damage|p2a: Alomomola|49\/100\n|-damage|p2a: Alomomola|20\/100\n|-damage|p2a: Alomomola|0 fnt\n|faint|p2a: Alomomola\n|-hitcount|p2: Alomomola|3\n|-unboost|p1a: Garchomp|def|1\n|-boost|p1a: Garchomp|spe|1\n|\n|-damage|p1a: Garchomp|39\/100 tox|[from] psn\n|upkeep\n|\n|t:|1699760920\n|switch|p2a: Charizard|Charizard-Mega-Y, M|100\/100\n|-damage|p2a: Charizard|51\/100|[from] Stealth Rock\n|-weather|SunnyDay|[from] ability: Drought|[of] p2a: Charizard\n|turn|18\n|-message|siak678 forfeited.\n|\n|win|Dove6\n|raw|Dove6's rating: 1613 &rarr; <strong>1629<\/strong><br \/>(+16 for winning)\n|raw|siak678's rating: 1535 &rarr; <strong>1519<\/strong><br \/>(-16 for losing)\n|l|\u2606siak678\n","uploadtime":1699760926,"views":5,"p1id":"dove6","p2id":"siak678","formatid":"gen9nationaldex","rating":1519,"private":0,"password":""}