{"id":"gen9nationaldex-1989960772","p1":"KyosukeKamijou","p2":"lateleepod","format":"[Gen 9] National Dex","log":"|j|\u2606KyosukeKamijou\n|j|\u2606lateleepod\n|t:|1699910410\n|gametype|singles\n|player|p1|KyosukeKamijou|ghetsis|1321\n|player|p2|lateleepod|juggler|1240\n|teamsize|p1|6\n|teamsize|p2|6\n|gen|9\n|tier|[Gen 9] National Dex\n|rated|\n|rule|HP Percentage Mod: HP is shown in percentages\n|rule|Endless Battle Clause: Forcing endless battles is banned\n|rule|OHKO Clause: OHKO moves are banned\n|rule|Evasion Clause: Evasion abilities, items, and moves are banned\n|rule|Evasion Abilities Clause: Evasion abilities are banned\n|rule|Evasion Items Clause: Evasion items are banned\n|rule|Evasion Moves Clause: Evasion moves are banned\n|rule|Species Clause: Limit one of each Pok\u00e9mon\n|rule|Sleep Clause Mod: Limit one foe put to sleep\n|clearpoke\n|poke|p1|Kommo-o, M|\n|poke|p1|Great Tusk|\n|poke|p1|Ogerpon-Cornerstone, F|\n|poke|p1|Charizard, M|\n|poke|p1|Greninja-*, M|\n|poke|p1|Volcarona, F|\n|poke|p2|Cobalion|\n|poke|p2|Haxorus, M|\n|poke|p2|Chandelure, M|\n|poke|p2|Clefable, F|\n|poke|p2|Rotom-Wash|\n|poke|p2|Weavile, F|\n|teampreview\n|inactive|Battle timer is ON: inactive players will automatically lose when time's up. (requested by lateleepod)\n|\n|t:|1699910440\n|start\n|switch|p1a: Change Dragon|Charizard, M|100\/100\n|switch|p2a: Weavile|Weavile, F|100\/100\n|-ability|p2a: Weavile|Pressure\n|turn|1\n|\n|t:|1699910447\n|switch|p2a: Chandelure|Chandelure, M|100\/100\n|detailschange|p1a: Change Dragon|Charizard-Mega-Y, M\n|-mega|p1a: Change Dragon|Charizard|Charizardite Y\n|-weather|SunnyDay|[from] ability: Drought|[of] p1a: Change Dragon\n|move|p1a: Change Dragon|Flamethrower|p2a: Chandelure\n|-start|p2a: Chandelure|ability: Flash Fire\n|\n|-weather|SunnyDay|[upkeep]\n|upkeep\n|turn|2\n|\n|t:|1699910460\n|move|p2a: Chandelure|Heat Wave|p1a: Change Dragon\n|-resisted|p1a: Change Dragon\n|-damage|p1a: Change Dragon|36\/100\n|move|p1a: Change Dragon|Air Slash|p2a: Chandelure\n|-damage|p2a: Chandelure|33\/100\n|\n|-weather|SunnyDay|[upkeep]\n|upkeep\n|turn|3\n|\n|t:|1699910468\n|switch|p1a: PapillonOhger|Volcarona, F, shiny|100\/100\n|move|p2a: Chandelure|Heat Wave|p1a: PapillonOhger\n|-damage|p1a: PapillonOhger|0 fnt\n|faint|p1a: PapillonOhger\n|\n|-weather|SunnyDay|[upkeep]\n|upkeep\n|\n|t:|1699910475\n|switch|p1a: Ninja Black|Greninja, M, shiny|100\/100\n|turn|4\n|inactive|lateleepod has 120 seconds left.\n|inactive|lateleepod has 90 seconds left.\n|\n|t:|1699910542\n|move|p1a: Ninja Black|Water Shuriken|p2a: Chandelure\n|-start|p1a: Ninja Black|typechange|Water|[from] ability: Protean\n|-supereffective|p2a: Chandelure\n|-damage|p2a: Chandelure|19\/100\n|-supereffective|p2a: Chandelure\n|-damage|p2a: Chandelure|4\/100\n|-hitcount|p2a: Chandelure|2\n|move|p2a: Chandelure|Heat Wave|p1a: Ninja Black\n|-resisted|p1a: Ninja Black\n|-damage|p1a: Ninja Black|6\/100\n|\n|-weather|SunnyDay|[upkeep]\n|upkeep\n|turn|5\n|inactive|lateleepod has 90 seconds left.\n|\n|t:|1699910555\n|-end|p2a: Chandelure|ability: Flash Fire|[silent]\n|switch|p2a: Rotom|Rotom-Wash|100\/100\n|move|p1a: Ninja Black|Water Shuriken|p2a: Rotom\n|-resisted|p2a: Rotom\n|-damage|p2a: Rotom|98\/100\n|-resisted|p2a: Rotom\n|-damage|p2a: Rotom|96\/100\n|-resisted|p2a: Rotom\n|-damage|p2a: Rotom|93\/100\n|-hitcount|p2a: Rotom|3\n|\n|-weather|none\n|-heal|p2a: Rotom|99\/100|[from] item: Leftovers\n|upkeep\n|turn|6\n|inactive|lateleepod has 90 seconds left.\n|\n|t:|1699910566\n|switch|p1a: Change Dragon|Charizard-Mega-Y, M|36\/100\n|-weather|SunnyDay|[from] ability: Drought|[of] p1a: Change Dragon\n|move|p2a: Rotom|Volt Switch|p1a: Change Dragon\n|-supereffective|p1a: Change Dragon\n|-damage|p1a: Change Dragon|0 fnt\n|faint|p1a: Change Dragon\n|inactive|lateleepod has 90 seconds left.\n|\n|t:|1699910574\n|switch|p2a: Cobalion|Cobalion|100\/100|[from] Volt Switch\n|\n|-weather|SunnyDay|[upkeep]\n|upkeep\n|\n|t:|1699910580\n|switch|p1a: Mammothranger|Great Tusk|100\/100\n|-activate|p1a: Mammothranger|ability: Protosynthesis\n|-start|p1a: Mammothranger|protosynthesisatk\n|turn|7\n|\n|t:|1699910587\n|switch|p2a: Rotom|Rotom-Wash|99\/100\n|move|p1a: Mammothranger|Body Press|p2a: Rotom\n|-damage|p2a: Rotom|64\/100\n|\n|-weather|SunnyDay|[upkeep]\n|-heal|p2a: Rotom|70\/100|[from] item: Leftovers\n|upkeep\n|turn|8\n|\n|t:|1699910596\n|-end|p1a: Mammothranger|Protosynthesis|[silent]\n|switch|p1a: Ryuranger|Kommo-o, M|100\/100\n|move|p2a: Rotom|Hydro Pump|p1a: Ryuranger\n|-resisted|p1a: Ryuranger\n|-crit|p1a: Ryuranger\n|-damage|p1a: Ryuranger|85\/100\n|\n|-weather|SunnyDay|[upkeep]\n|-heal|p2a: Rotom|76\/100|[from] item: Leftovers\n|upkeep\n|turn|9\n|\n|t:|1699910605\n|-zpower|p1a: Ryuranger\n|move|p1a: Ryuranger|Clangorous Soulblaze|p2a: Rotom|[zeffect]\n|-damage|p2a: Rotom|0 fnt\n|faint|p2a: Rotom\n|-boost|p1a: Ryuranger|atk|1\n|-boost|p1a: Ryuranger|def|1\n|-boost|p1a: Ryuranger|spa|1\n|-boost|p1a: Ryuranger|spd|1\n|-boost|p1a: Ryuranger|spe|1\n|\n|-weather|SunnyDay|[upkeep]\n|upkeep\n|\n|t:|1699910620\n|switch|p2a: Clefable|Clefable, F|100\/100\n|turn|10\n|\n|t:|1699910622\n|move|p2a: Clefable|Protect|p2a: Clefable\n|-singleturn|p2a: Clefable|Protect\n|move|p1a: Ryuranger|Flash Cannon|p2a: Clefable\n|-activate|p2a: Clefable|move: Protect\n|\n|-weather|none\n|upkeep\n|turn|11\n|\n|t:|1699910629\n|switch|p2a: Chandelure|Chandelure, M|4\/100\n|move|p1a: Ryuranger|Flash Cannon|p2a: Chandelure\n|-resisted|p2a: Chandelure\n|-damage|p2a: Chandelure|0 fnt\n|faint|p2a: Chandelure\n|\n|upkeep\n|\n|t:|1699910634\n|switch|p2a: Clefable|Clefable, F|100\/100\n|turn|12\n|\n|t:|1699910638\n|move|p2a: Clefable|Protect|p2a: Clefable\n|-singleturn|p2a: Clefable|Protect\n|move|p1a: Ryuranger|Flash Cannon|p2a: Clefable\n|-activate|p2a: Clefable|move: Protect\n|\n|upkeep\n|turn|13\n|\n|t:|1699910645\n|switch|p2a: Cobalion|Cobalion|100\/100\n|move|p1a: Ryuranger|Flash Cannon|p2a: Cobalion\n|-resisted|p2a: Cobalion\n|-damage|p2a: Cobalion|83\/100\n|\n|-heal|p2a: Cobalion|89\/100|[from] item: Leftovers\n|upkeep\n|turn|14\n|\n|t:|1699910651\n|move|p1a: Ryuranger|Aura Sphere|p2a: Cobalion\n|-supereffective|p2a: Cobalion\n|-damage|p2a: Cobalion|0 fnt\n|faint|p2a: Cobalion\n|\n|upkeep\n|\n|t:|1699910655\n|switch|p2a: Weavile|Weavile, F|100\/100\n|-ability|p2a: Weavile|Pressure\n|turn|15\n|l|\u2606lateleepod\n|inactive|lateleepod disconnected and has a minute to reconnect!\n|player|p2|\n|j|\u2606lateleepod\n|inactive|lateleepod reconnected and has 130 seconds left.\n|player|p2|lateleepod|juggler\n|\n|t:|1699910681\n|move|p1a: Ryuranger|Aura Sphere|p2a: Weavile\n|-supereffective|p2a: Weavile\n|-damage|p2a: Weavile|0 fnt\n|faint|p2a: Weavile\n|\n|upkeep\n|-message|lateleepod forfeited.\n|\n|win|KyosukeKamijou\n|raw|KyosukeKamijou's rating: 1321 &rarr; <strong>1336<\/strong><br \/>(+15 for winning)\n|raw|lateleepod's rating: 1240 &rarr; <strong>1221<\/strong><br \/>(-19 for losing)\n|l|\u2606lateleepod\n","uploadtime":1699910690,"views":17,"p1id":"kyosukekamijou","p2id":"lateleepod","formatid":"gen9nationaldex","rating":1221,"private":0,"password":""}