{"id":"gen9nationaldex-1996935264","p1":"Joey Mojuice","p2":"Aragmar","format":"[Gen 9] National Dex","log":"|html|<div class=\"broadcast-blue\"><strong>[Gen 9] National Dex is currently suspecting Sneasler! For information on how to participate check out the <a href=\"https:\/\/www.smogon.com\/forums\/threads\/sv-national-dex-suspect-8-just-dance.3731534\/\">suspect thread<\/a>.<\/strong><\/div>\n|j|\u2606Joey Mojuice\n|j|\u2606Aragmar\n|t:|1700746835\n|gametype|singles\n|player|p1|Joey Mojuice|2|1143\n|player|p2|Aragmar|red|1106\n|teamsize|p1|6\n|teamsize|p2|6\n|gen|9\n|tier|[Gen 9] National Dex\n|rated|\n|rule|HP Percentage Mod: HP is shown in percentages\n|rule|Endless Battle Clause: Forcing endless battles is banned\n|rule|OHKO Clause: OHKO moves are banned\n|rule|Evasion Clause: Evasion abilities, items, and moves are banned\n|rule|Evasion Abilities Clause: Evasion abilities are banned\n|rule|Evasion Items Clause: Evasion items are banned\n|rule|Evasion Moves Clause: Evasion moves are banned\n|rule|Species Clause: Limit one of each Pok\u00e9mon\n|rule|Sleep Clause Mod: Limit one foe put to sleep\n|clearpoke\n|poke|p1|Scizor, M|\n|poke|p1|Urshifu-*, F|\n|poke|p1|Glimmora, M|\n|poke|p1|Sinistcha|\n|poke|p1|Thundurus, M|\n|poke|p1|Maushold|\n|poke|p2|Glimmora, M|\n|poke|p2|Iron Moth|\n|poke|p2|Garganacl, M|\n|poke|p2|Aggron, M|\n|poke|p2|Latias, F|\n|poke|p2|Froslass, F|\n|teampreview\n|\n|t:|1700746853\n|start\n|switch|p1a: Sinistcha|Sinistcha|100\/100\n|switch|p2a: Garganacl|Garganacl, M|100\/100\n|turn|1\n|\n|t:|1700746861\n|move|p1a: Sinistcha|Matcha Gotcha|p2a: Garganacl\n|-supereffective|p2a: Garganacl\n|-damage|p2a: Garganacl|46\/100\n|move|p2a: Garganacl|Salt Cure|p1a: Sinistcha\n|-damage|p1a: Sinistcha|87\/100\n|-start|p1a: Sinistcha|Salt Cure\n|\n|-heal|p1a: Sinistcha|93\/100|[from] item: Leftovers\n|-heal|p2a: Garganacl|52\/100|[from] item: Leftovers\n|-damage|p1a: Sinistcha|80\/100|[from] Salt Cure\n|upkeep\n|turn|2\n|\n|t:|1700746873\n|switch|p2a: Latias|Latias, F|100\/100\n|move|p1a: Sinistcha|Matcha Gotcha|p2a: Latias\n|-resisted|p2a: Latias\n|-crit|p2a: Latias\n|-damage|p2a: Latias|69\/100\n|-heal|p1a: Sinistcha|94\/100|[from] drain|[of] p2a: Latias\n|\n|-heal|p1a: Sinistcha|99\/100|[from] item: Leftovers\n|-damage|p1a: Sinistcha|87\/100|[from] Salt Cure\n|upkeep\n|turn|3\n|\n|t:|1700746886\n|move|p2a: Latias|Mystical Fire|p1a: Sinistcha\n|-supereffective|p1a: Sinistcha\n|-damage|p1a: Sinistcha|66\/100\n|-unboost|p1a: Sinistcha|spa|1\n|move|p1a: Sinistcha|Trick Room|p1a: Sinistcha\n|-fieldstart|move: Trick Room|[of] p1a: Sinistcha\n|\n|-heal|p1a: Sinistcha|72\/100|[from] item: Leftovers\n|-damage|p1a: Sinistcha|59\/100|[from] Salt Cure\n|upkeep\n|turn|4\n|\n|t:|1700746897\n|switch|p2a: Garganacl|Garganacl, M|52\/100\n|move|p1a: Sinistcha|Hex|p2a: Garganacl\n|-damage|p2a: Garganacl|44\/100\n|\n|-heal|p2a: Garganacl|50\/100|[from] item: Leftovers\n|-heal|p1a: Sinistcha|65\/100|[from] item: Leftovers\n|-damage|p1a: Sinistcha|53\/100|[from] Salt Cure\n|upkeep\n|turn|5\n|\n|t:|1700746909\n|move|p2a: Garganacl|Recover|p2a: Garganacl\n|-heal|p2a: Garganacl|100\/100\n|move|p1a: Sinistcha|Strength Sap|p2a: Garganacl\n|-unboost|p2a: Garganacl|atk|1\n|-heal|p1a: Sinistcha|100\/100\n|\n|-damage|p1a: Sinistcha|88\/100|[from] Salt Cure\n|upkeep\n|turn|6\n|\n|t:|1700746921\n|switch|p1a: Glimmora|Glimmora, M|100\/100\n|move|p2a: Garganacl|Stealth Rock|p1a: Glimmora\n|-sidestart|p1: Joey Mojuice|move: Stealth Rock\n|\n|upkeep\n|turn|7\n|\n|t:|1700746927\n|move|p2a: Garganacl|Salt Cure|p1a: Glimmora\n|-damage|p1a: Glimmora|89\/100\n|-start|p1a: Glimmora|Salt Cure\n|-activate|p1a: Glimmora|ability: Toxic Debris\n|-sidestart|p2: Aragmar|move: Toxic Spikes\n|-enditem|p1a: Glimmora|Red Card|[of] p2a: Garganacl\n|drag|p2a: Glimmora|Glimmora, M|100\/100\n|-sideend|p2: Aragmar|move: Toxic Spikes|[of] p2a: Glimmora\n|move|p1a: Glimmora|Stealth Rock|p2a: Glimmora\n|-sidestart|p2: Aragmar|move: Stealth Rock\n|\n|-damage|p1a: Glimmora|76\/100|[from] Salt Cure\n|-fieldend|move: Trick Room\n|upkeep\n|turn|8\n|\n|t:|1700746940\n|move|p2a: Glimmora|Spikes|p1a: Glimmora\n|-sidestart|p1: Joey Mojuice|Spikes\n|move|p1a: Glimmora|Power Gem|p2a: Glimmora\n|-damage|p2a: Glimmora|55\/100\n|\n|-damage|p1a: Glimmora|64\/100|[from] Salt Cure\n|upkeep\n|turn|9\n|\n|t:|1700746949\n|move|p1a: Glimmora|Power Gem|p2a: Glimmora\n|-damage|p2a: Glimmora|11\/100\n|move|p2a: Glimmora|Toxic Spikes|p1a: Glimmora\n|-sidestart|p1: Joey Mojuice|move: Toxic Spikes\n|\n|-damage|p1a: Glimmora|52\/100|[from] Salt Cure\n|upkeep\n|turn|10\n|\n|t:|1700746957\n|move|p2a: Glimmora|Spiky Shield|p2a: Glimmora\n|-singleturn|p2a: Glimmora|move: Protect\n|move|p1a: Glimmora|Power Gem|p2a: Glimmora\n|-activate|p2a: Glimmora|move: Protect\n|\n|-damage|p1a: Glimmora|39\/100|[from] Salt Cure\n|upkeep\n|turn|11\n|\n|t:|1700746965\n|switch|p2a: Garganacl|Garganacl, M|100\/100\n|-damage|p2a: Garganacl|88\/100|[from] Stealth Rock\n|move|p1a: Glimmora|Power Gem|p2a: Garganacl\n|-damage|p2a: Garganacl|62\/100\n|\n|-heal|p2a: Garganacl|68\/100|[from] item: Leftovers\n|-damage|p1a: Glimmora|27\/100|[from] Salt Cure\n|upkeep\n|turn|12\n|\n|t:|1700746976\n|move|p1a: Glimmora|Mortal Spin|p2a: Garganacl\n|-resisted|p2a: Garganacl\n|-damage|p2a: Garganacl|66\/100\n|-sideend|p1: Joey Mojuice|Spikes|[from] move: Mortal Spin|[of] p1a: Glimmora\n|-sideend|p1: Joey Mojuice|Toxic Spikes|[from] move: Mortal Spin|[of] p1a: Glimmora\n|-sideend|p1: Joey Mojuice|Stealth Rock|[from] move: Mortal Spin|[of] p1a: Glimmora\n|move|p2a: Garganacl|Recover|p2a: Garganacl\n|-heal|p2a: Garganacl|100\/100\n|\n|-damage|p1a: Glimmora|15\/100|[from] Salt Cure\n|upkeep\n|turn|13\n|\n|t:|1700746986\n|switch|p2a: Glimmora|Glimmora, M|11\/100\n|-damage|p2a: Glimmora|0 fnt|[from] Stealth Rock\n|faint|p2a: Glimmora\n|move|p1a: Glimmora|Energy Ball|p2: Glimmora|[notarget]\n|-fail|p1a: Glimmora\n|\n|-damage|p1a: Glimmora|2\/100|[from] Salt Cure\n|upkeep\n|\n|t:|1700746999\n|switch|p2a: Garganacl|Garganacl, M|100\/100\n|-damage|p2a: Garganacl|88\/100|[from] Stealth Rock\n|turn|14\n|\n|t:|1700747008\n|move|p1a: Glimmora|Energy Ball|p2a: Garganacl\n|-supereffective|p2a: Garganacl\n|-damage|p2a: Garganacl|46\/100\n|move|p2a: Garganacl|Stealth Rock|p1a: Glimmora\n|-sidestart|p1: Joey Mojuice|move: Stealth Rock\n|\n|-heal|p2a: Garganacl|52\/100|[from] item: Leftovers\n|-damage|p1a: Glimmora|0 fnt|[from] Salt Cure\n|faint|p1a: Glimmora\n|upkeep\n|\n|t:|1700747020\n|switch|p1a: Maushold|Maushold|100\/100\n|-damage|p1a: Maushold|88\/100|[from] Stealth Rock\n|turn|15\n|\n|t:|1700747027\n|-terastallize|p2a: Garganacl|Ghost\n|move|p1a: Maushold|Tidy Up|p1a: Maushold\n|-sideend|p1: Joey Mojuice|Stealth Rock\n|-sideend|p2: Aragmar|Stealth Rock\n|-activate|p1a: Maushold|move: Tidy Up\n|-boost|p1a: Maushold|atk|1\n|-boost|p1a: Maushold|spe|1\n|move|p2a: Garganacl|Salt Cure|p1a: Maushold\n|-damage|p1a: Maushold|66\/100\n|-start|p1a: Maushold|Salt Cure\n|\n|-heal|p2a: Garganacl|58\/100|[from] item: Leftovers\n|-damage|p1a: Maushold|54\/100|[from] Salt Cure\n|upkeep\n|turn|16\n|\n|t:|1700747041\n|move|p1a: Maushold|Bite|p2a: Garganacl\n|-supereffective|p2a: Garganacl\n|-damage|p2a: Garganacl|18\/100\n|cant|p2a: Garganacl|flinch\n|\n|-heal|p2a: Garganacl|25\/100|[from] item: Leftovers\n|-damage|p1a: Maushold|41\/100|[from] Salt Cure\n|upkeep\n|turn|17\n|\n|t:|1700747051\n|switch|p2a: Aggron|Aggron, M|100\/100\n|move|p1a: Maushold|Bite|p2a: Aggron\n|-damage|p2a: Aggron|82\/100\n|\n|-damage|p1a: Maushold|29\/100|[from] Salt Cure\n|upkeep\n|turn|18\n|\n|t:|1700747060\n|detailschange|p2a: Aggron|Aggron-Mega, M\n|-mega|p2a: Aggron|Aggron|Aggronite\n|move|p1a: Maushold|Population Bomb|p2a: Aggron\n|-resisted|p2a: Aggron\n|-damage|p2a: Aggron|78\/100\n|-resisted|p2a: Aggron\n|-damage|p2a: Aggron|74\/100\n|-resisted|p2a: Aggron\n|-damage|p2a: Aggron|70\/100\n|-resisted|p2a: Aggron\n|-damage|p2a: Aggron|66\/100\n|-resisted|p2a: Aggron\n|-damage|p2a: Aggron|62\/100\n|-resisted|p2a: Aggron\n|-damage|p2a: Aggron|58\/100\n|-resisted|p2a: Aggron\n|-damage|p2a: Aggron|54\/100\n|-resisted|p2a: Aggron\n|-damage|p2a: Aggron|50\/100\n|-resisted|p2a: Aggron\n|-damage|p2a: Aggron|46\/100\n|-resisted|p2a: Aggron\n|-damage|p2a: Aggron|43\/100\n|-hitcount|p2a: Aggron|10\n|move|p2a: Aggron|Dragon Tail|p1a: Maushold|[miss]\n|-miss|p2a: Aggron|p1a: Maushold\n|\n|-damage|p1a: Maushold|16\/100|[from] Salt Cure\n|upkeep\n|turn|19\n|\n|t:|1700747083\n|move|p1a: Maushold|Population Bomb|p2a: Aggron\n|-resisted|p2a: Aggron\n|-damage|p2a: Aggron|39\/100\n|-resisted|p2a: Aggron\n|-damage|p2a: Aggron|35\/100\n|-resisted|p2a: Aggron\n|-damage|p2a: Aggron|31\/100\n|-resisted|p2a: Aggron\n|-damage|p2a: Aggron|27\/100\n|-resisted|p2a: Aggron\n|-damage|p2a: Aggron|23\/100\n|-resisted|p2a: Aggron\n|-damage|p2a: Aggron|20\/100\n|-resisted|p2a: Aggron\n|-damage|p2a: Aggron|16\/100\n|-resisted|p2a: Aggron\n|-damage|p2a: Aggron|12\/100\n|-resisted|p2a: Aggron\n|-crit|p2a: Aggron\n|-damage|p2a: Aggron|6\/100\n|-resisted|p2a: Aggron\n|-damage|p2a: Aggron|2\/100\n|-hitcount|p2a: Aggron|10\n|move|p2a: Aggron|Rest|p2a: Aggron\n|-status|p2a: Aggron|slp|[from] move: Rest\n|-heal|p2a: Aggron|100\/100 slp|[silent]\n|\n|-damage|p1a: Maushold|4\/100|[from] Salt Cure\n|upkeep\n|turn|20\n|\n|t:|1700747109\n|switch|p2a: Froslass|Froslass, F|100\/100\n|move|p1a: Maushold|Population Bomb|p2a: Froslass\n|-immune|p2a: Froslass\n|\n|-damage|p1a: Maushold|0 fnt|[from] Salt Cure\n|faint|p1a: Maushold\n|upkeep\n|\n|t:|1700747123\n|switch|p1a: Scizor|Scizor, M|100\/100\n|turn|21\n|\n|t:|1700747130\n|detailschange|p1a: Scizor|Scizor-Mega, M\n|-mega|p1a: Scizor|Scizor|Scizorite\n|move|p1a: Scizor|Bullet Punch|p2a: Froslass\n|-supereffective|p2a: Froslass\n|-damage|p2a: Froslass|0 fnt\n|faint|p2a: Froslass\n|\n|upkeep\n|\n|t:|1700747139\n|switch|p2a: Latias|Latias, F|69\/100\n|turn|22\n|\n|t:|1700747147\n|move|p1a: Scizor|Bullet Punch|p2a: Latias\n|-damage|p2a: Latias|32\/100\n|move|p2a: Latias|Mystical Fire|p1a: Scizor\n|-supereffective|p1a: Scizor\n|-crit|p1a: Scizor\n|-damage|p1a: Scizor|0 fnt\n|faint|p1a: Scizor\n|\n|upkeep\n|\n|t:|1700747158\n|switch|p1a: Sinistcha|Sinistcha|88\/100\n|turn|23\n|\n|t:|1700747164\n|move|p2a: Latias|Recover|p2a: Latias\n|-heal|p2a: Latias|83\/100\n|move|p1a: Sinistcha|Hex|p2a: Latias\n|-supereffective|p2a: Latias\n|-damage|p2a: Latias|12\/100\n|\n|-heal|p1a: Sinistcha|94\/100|[from] item: Leftovers\n|upkeep\n|turn|24\n|\n|t:|1700747175\n|switch|p2a: Aggron|Aggron-Mega, M|100\/100 slp\n|move|p1a: Sinistcha|Matcha Gotcha|p2a: Aggron\n|-resisted|p2a: Aggron\n|-damage|p2a: Aggron|83\/100 slp\n|-heal|p1a: Sinistcha|100\/100|[from] drain|[of] p2a: Aggron\n|\n|upkeep\n|turn|25\n|\n|t:|1700747184\n|move|p1a: Sinistcha|Strength Sap|p2a: Aggron\n|-unboost|p2a: Aggron|atk|1\n|cant|p2a: Aggron|slp\n|move|p2a: Aggron|Sleep Talk|p2a: Aggron\n|move|p2a: Aggron|Dragon Tail|p1a: Sinistcha|[from]move: Sleep Talk\n|-damage|p1a: Sinistcha|89\/100\n|drag|p1a: Thundurus|Thundurus, M|100\/100\n|\n|upkeep\n|turn|26\n|\n|t:|1700747201\n|switch|p1a: Sinistcha|Sinistcha|89\/100\n|cant|p2a: Aggron|slp\n|move|p2a: Aggron|Sleep Talk|p2a: Aggron\n|move|p2a: Aggron|Rest||[from]move: Sleep Talk|[still]\n|-fail|p2a: Aggron\n|\n|-heal|p1a: Sinistcha|95\/100|[from] item: Leftovers\n|upkeep\n|turn|27\n|\n|t:|1700747214\n|move|p1a: Sinistcha|Hex|p2a: Aggron\n|-damage|p2a: Aggron|22\/100 slp\n|-curestatus|p2a: Aggron|slp|[msg]\n|move|p2a: Aggron|Dragon Tail|p1a: Sinistcha\n|-damage|p1a: Sinistcha|83\/100\n|drag|p1a: Urshifu|Urshifu-Rapid-Strike, F|100\/100\n|\n|upkeep\n|turn|28\n|\n|t:|1700747226\n|move|p1a: Urshifu|Surging Strikes|p2a: Aggron\n|-crit|p2a: Aggron\n|-damage|p2a: Aggron|12\/100\n|-crit|p2a: Aggron\n|-damage|p2a: Aggron|1\/100\n|-crit|p2a: Aggron\n|-damage|p2a: Aggron|0 fnt\n|faint|p2a: Aggron\n|-hitcount|p2: Aggron|3\n|\n|upkeep\n|\n|t:|1700747240\n|switch|p2a: Latias|Latias, F|12\/100\n|turn|29\n|\n|t:|1700747243\n|move|p1a: Urshifu|Aqua Jet|p2a: Latias\n|-resisted|p2a: Latias\n|-damage|p2a: Latias|2\/100\n|move|p2a: Latias|Psychic|p1a: Urshifu\n|-supereffective|p1a: Urshifu\n|-damage|p1a: Urshifu|0 fnt\n|faint|p1a: Urshifu\n|\n|upkeep\n|\n|t:|1700747254\n|switch|p1a: Thundurus|Thundurus, M|100\/100\n|turn|30\n|\n|t:|1700747265\n|move|p2a: Latias|Draco Meteor|p1a: Thundurus\n|-damage|p1a: Thundurus|56\/100\n|-unboost|p2a: Latias|spa|2\n|move|p1a: Thundurus|Thunderbolt|p2a: Latias\n|-resisted|p2a: Latias\n|-damage|p2a: Latias|0 fnt\n|faint|p2a: Latias\n|\n|upkeep\n|\n|t:|1700747275\n|switch|p2a: Garganacl|Garganacl, M, tera:Ghost|25\/100\n|turn|31\n|\n|t:|1700747281\n|move|p1a: Thundurus|Taunt|p2a: Garganacl\n|-start|p2a: Garganacl|move: Taunt\n|cant|p2a: Garganacl|move: Taunt|Recover\n|\n|-heal|p2a: Garganacl|31\/100|[from] item: Leftovers\n|upkeep\n|turn|32\n|\n|t:|1700747288\n|switch|p2a: Iron Moth|Iron Moth|100\/100\n|move|p1a: Thundurus|Thunder Wave|p2a: Iron Moth\n|-status|p2a: Iron Moth|par\n|\n|upkeep\n|turn|33\n|\n|t:|1700747296\n|-end|p2a: Iron Moth|Quark Drive|[silent]\n|switch|p2a: Garganacl|Garganacl, M, tera:Ghost|31\/100\n|move|p1a: Thundurus|Eerie Impulse|p2a: Garganacl\n|-unboost|p2a: Garganacl|spa|2\n|\n|-heal|p2a: Garganacl|37\/100|[from] item: Leftovers\n|upkeep\n|turn|34\n|\n|t:|1700747307\n|move|p1a: Thundurus|Thunder Wave|p2a: Garganacl\n|-immune|p2a: Garganacl|[from] ability: Purifying Salt\n|move|p2a: Garganacl|Salt Cure|p1a: Thundurus\n|-supereffective|p1a: Thundurus\n|-damage|p1a: Thundurus|21\/100\n|-start|p1a: Thundurus|Salt Cure\n|-enditem|p1a: Thundurus|Sitrus Berry|[eat]\n|-heal|p1a: Thundurus|46\/100|[from] item: Sitrus Berry\n|\n|-heal|p2a: Garganacl|43\/100|[from] item: Leftovers\n|-damage|p1a: Thundurus|33\/100|[from] Salt Cure\n|upkeep\n|turn|35\n|\n|t:|1700747321\n|move|p1a: Thundurus|Thunderbolt|p2a: Garganacl\n|-damage|p2a: Garganacl|16\/100\n|move|p2a: Garganacl|Recover|p2a: Garganacl\n|-heal|p2a: Garganacl|66\/100\n|\n|-heal|p2a: Garganacl|72\/100|[from] item: Leftovers\n|-damage|p1a: Thundurus|21\/100|[from] Salt Cure\n|upkeep\n|turn|36\n|\n|t:|1700747330\n|switch|p2a: Iron Moth|Iron Moth|100\/100 par\n|move|p1a: Thundurus|Thunderbolt|p2a: Iron Moth\n|-damage|p2a: Iron Moth|60\/100 par\n|\n|-damage|p1a: Thundurus|9\/100|[from] Salt Cure\n|upkeep\n|turn|37\n|\n|t:|1700747341\n|-end|p2a: Iron Moth|Quark Drive|[silent]\n|switch|p2a: Garganacl|Garganacl, M, tera:Ghost|72\/100\n|move|p1a: Thundurus|Thunderbolt|p2a: Garganacl\n|-damage|p2a: Garganacl|46\/100\n|\n|-heal|p2a: Garganacl|52\/100|[from] item: Leftovers\n|-damage|p1a: Thundurus|0 fnt|[from] Salt Cure\n|faint|p1a: Thundurus\n|upkeep\n|\n|t:|1700747351\n|switch|p1a: Sinistcha|Sinistcha|83\/100\n|turn|38\n|\n|t:|1700747356\n|move|p1a: Sinistcha|Hex|p2a: Garganacl\n|-supereffective|p2a: Garganacl\n|-damage|p2a: Garganacl|27\/100\n|move|p2a: Garganacl|Curse|p1a: Sinistcha\n|-start|p1a: Sinistcha|Curse|[of] p2a: Garganacl\n|-damage|p2a: Garganacl|0 fnt\n|faint|p2a: Garganacl\n|\n|-heal|p1a: Sinistcha|89\/100|[from] item: Leftovers\n|-damage|p1a: Sinistcha|64\/100|[from] Curse\n|upkeep\n|\n|t:|1700747368\n|switch|p2a: Iron Moth|Iron Moth|60\/100 par\n|turn|39\n|\n|t:|1700747371\n|move|p2a: Iron Moth|Fiery Dance|p1a: Sinistcha\n|-supereffective|p1a: Sinistcha\n|-damage|p1a: Sinistcha|7\/100\n|move|p1a: Sinistcha|Hex|p2a: Iron Moth\n|-damage|p2a: Iron Moth|0 fnt\n|faint|p2a: Iron Moth\n|-end|p2a: Iron Moth|Quark Drive|[silent]\n|\n|win|Joey Mojuice\n|raw|Joey Mojuice's rating: 1143 &rarr; <strong>1165<\/strong><br \/>(+22 for winning)\n|raw|Aragmar's rating: 1106 &rarr; <strong>1084<\/strong><br \/>(-22 for losing)\n|c|\u2606Aragmar|Gg\n|c|\u2606Aragmar|Wp\n","uploadtime":1700747393,"views":8,"p1id":"joeymojuice","p2id":"aragmar","formatid":"gen9nationaldex","rating":1084,"private":0,"password":""}