{"id":"gen9nationaldex-2000087447","p1":"DRxM4CH1N4","p2":"yopierdo","format":"[Gen 9] National Dex","log":"|html|<div class=\"broadcast-blue\"><strong>[Gen 9] National Dex is currently suspecting Sneasler! For information on how to participate check out the <a href=\"https:\/\/www.smogon.com\/forums\/threads\/sv-national-dex-suspect-8-just-dance.3731534\/\">suspect thread<\/a>.<\/strong><\/div>\n|j|\u2606DRxM4CH1N4\n|j|\u2606yopierdo\n|t:|1701152394\n|gametype|singles\n|player|p1|DRxM4CH1N4|265|1054\n|player|p2|yopierdo|cheren-gen5bw2|1000\n|teamsize|p1|6\n|teamsize|p2|6\n|gen|9\n|tier|[Gen 9] National Dex\n|rated|\n|rule|HP Percentage Mod: HP is shown in percentages\n|rule|Endless Battle Clause: Forcing endless battles is banned\n|rule|OHKO Clause: OHKO moves are banned\n|rule|Evasion Clause: Evasion abilities, items, and moves are banned\n|rule|Evasion Abilities Clause: Evasion abilities are banned\n|rule|Evasion Items Clause: Evasion items are banned\n|rule|Evasion Moves Clause: Evasion moves are banned\n|rule|Species Clause: Limit one of each Pok\u00e9mon\n|rule|Sleep Clause Mod: Limit one foe put to sleep\n|clearpoke\n|poke|p1|Buzzwole|\n|poke|p1|Houndoom, M|\n|poke|p1|Celesteela|\n|poke|p1|Trevenant, F|\n|poke|p1|Ampharos, F|\n|poke|p1|Skeledirge, F|\n|poke|p2|Jellicent, M|\n|poke|p2|Amoonguss, M|\n|poke|p2|Chandelure, F|\n|poke|p2|Terrakion|\n|poke|p2|Tornadus, M|\n|poke|p2|Thundurus, M|\n|teampreview\n|\n|t:|1701152407\n|start\n|switch|p1a: Galactica|Celesteela|100\/100\n|switch|p2a: Tornadus|Tornadus, M|100\/100\n|turn|1\n|\n|t:|1701152415\n|move|p2a: Tornadus|Taunt|p1a: Galactica\n|-start|p1a: Galactica|move: Taunt\n|cant|p1a: Galactica|move: Taunt|Leech Seed\n|\n|upkeep\n|turn|2\n|\n|t:|1701152422\n|move|p2a: Tornadus|Tailwind|p2a: Tornadus\n|-sidestart|p2: yopierdo|move: Tailwind\n|move|p1a: Galactica|Air Slash|p2a: Tornadus\n|-damage|p2a: Tornadus|64\/100\n|\n|upkeep\n|turn|3\n|\n|t:|1701152429\n|move|p2a: Tornadus|Bulk Up|p2a: Tornadus\n|-boost|p2a: Tornadus|atk|1\n|-boost|p2a: Tornadus|def|1\n|move|p1a: Galactica|Air Slash|p2a: Tornadus\n|-damage|p2a: Tornadus|27\/100\n|-enditem|p2a: Tornadus|Sitrus Berry|[eat]\n|-heal|p2a: Tornadus|52\/100|[from] item: Sitrus Berry\n|\n|-end|p1a: Galactica|move: Taunt\n|upkeep\n|turn|4\n|\n|t:|1701152444\n|switch|p1a: The Smiler|Ampharos, F|100\/100\n|move|p2a: Tornadus|Acrobatics|p1a: The Smiler\n|-resisted|p1a: The Smiler\n|-damage|p1a: The Smiler|58\/100\n|-status|p2a: Tornadus|par|[from] ability: Static|[of] p1a: The Smiler\n|\n|upkeep\n|turn|5\n|\n|t:|1701152457\n|detailschange|p1a: The Smiler|Ampharos-Mega, F\n|-mega|p1a: The Smiler|Ampharos|Ampharosite\n|-ability|p1a: The Smiler|Mold Breaker\n|move|p2a: Tornadus|Acrobatics|p1a: The Smiler\n|-resisted|p1a: The Smiler\n|-damage|p1a: The Smiler|25\/100\n|move|p1a: The Smiler|Thunderbolt|p2a: Tornadus\n|-supereffective|p2a: Tornadus\n|-damage|p2a: Tornadus|0 fnt\n|faint|p2a: Tornadus\n|\n|-sideend|p2: yopierdo|move: Tailwind\n|upkeep\n|\n|t:|1701152469\n|switch|p2a: Thundurus|Thundurus, M|100\/100\n|turn|6\n|\n|t:|1701152477\n|move|p2a: Thundurus|Hidden Power|p1a: The Smiler\n|-supereffective|p1a: The Smiler\n|-damage|p1a: The Smiler|0 fnt\n|faint|p1a: The Smiler\n|\n|upkeep\n|\n|t:|1701152486\n|switch|p1a: Oblivion|Houndoom, M|100\/100\n|turn|7\n|\n|t:|1701152513\n|switch|p2a: Terrakion|Terrakion|100\/100\n|move|p1a: Oblivion|Dark Pulse|p2a: Terrakion\n|-resisted|p2a: Terrakion\n|-damage|p2a: Terrakion|80\/100\n|-ability|p2a: Terrakion|Justified|boost\n|-boost|p2a: Terrakion|atk|1\n|\n|upkeep\n|turn|8\n|\n|t:|1701152533\n|switch|p1a: Nemesis|Buzzwole|100\/100\n|move|p2a: Terrakion|Rock Slide|p1a: Nemesis\n|-damage|p1a: Nemesis|59\/100\n|\n|upkeep\n|turn|9\n|\n|t:|1701152542\n|move|p2a: Terrakion|Rock Slide|p1a: Nemesis\n|-damage|p1a: Nemesis|18\/100\n|move|p1a: Nemesis|Power-Up Punch|p2a: Terrakion\n|-supereffective|p2a: Terrakion\n|-damage|p2a: Terrakion|26\/100\n|-boost|p1a: Nemesis|atk|1\n|\n|upkeep\n|turn|10\n|\n|t:|1701152550\n|move|p2a: Terrakion|Rock Slide|p1a: Nemesis\n|-damage|p1a: Nemesis|0 fnt\n|faint|p1a: Nemesis\n|\n|upkeep\n|\n|t:|1701152553\n|switch|p1a: Th13teen|Trevenant, F|100\/100\n|turn|11\n|\n|t:|1701152561\n|switch|p2a: Amoonguss|Amoonguss, M|100\/100\n|move|p1a: Th13teen|Leech Seed|p2a: Amoonguss\n|-immune|p2a: Amoonguss\n|\n|upkeep\n|turn|12\n|\n|t:|1701152576\n|move|p1a: Th13teen|Power-Up Punch|p2a: Amoonguss\n|-resisted|p2a: Amoonguss\n|-damage|p2a: Amoonguss|97\/100\n|-boost|p1a: Th13teen|atk|1\n|move|p2a: Amoonguss|Foul Play|p1a: Th13teen\n|-supereffective|p1a: Th13teen\n|-damage|p1a: Th13teen|19\/100\n|-enditem|p1a: Th13teen|Sitrus Berry|[eat]\n|-heal|p1a: Th13teen|44\/100|[from] item: Sitrus Berry\n|\n|upkeep\n|turn|13\n|\n|t:|1701152588\n|move|p1a: Th13teen|Protect|p1a: Th13teen\n|-singleturn|p1a: Th13teen|Protect\n|move|p2a: Amoonguss|Foul Play|p1a: Th13teen\n|-activate|p1a: Th13teen|move: Protect\n|\n|-item|p1a: Th13teen|Sitrus Berry|[from] ability: Harvest\n|upkeep\n|-enditem|p1a: Th13teen|Sitrus Berry|[eat]\n|-heal|p1a: Th13teen|68\/100|[from] item: Sitrus Berry\n|turn|14\n|\n|t:|1701152598\n|move|p1a: Th13teen|Power-Up Punch|p2a: Amoonguss\n|-resisted|p2a: Amoonguss\n|-damage|p2a: Amoonguss|92\/100\n|-boost|p1a: Th13teen|atk|1\n|move|p2a: Amoonguss|Foul Play|p1a: Th13teen\n|-supereffective|p1a: Th13teen\n|-damage|p1a: Th13teen|0 fnt\n|faint|p1a: Th13teen\n|\n|upkeep\n|-message|DRxM4CH1N4 forfeited.\n|\n|win|yopierdo\n|raw|DRxM4CH1N4's rating: 1054 &rarr; <strong>1033<\/strong><br \/>(-21 for losing)\n|raw|yopierdo's rating: 1000 &rarr; <strong>1046<\/strong><br \/>(+46 for winning)\n|l|\u2606DRxM4CH1N4\n","uploadtime":1701152614,"views":2,"p1id":"drxm4ch1n4","p2id":"yopierdo","formatid":"gen9nationaldex","rating":1033,"private":0,"password":""}