{"id":"gen9nationaldex-1990249108","p1":"FlyingSudowoodo","p2":"LVGLO","format":"[Gen 9] National Dex","log":"|j|\u2606FlyingSudowoodo\n|j|\u2606LVGLO\n|t:|1699944370\n|gametype|singles\n|player|p1|FlyingSudowoodo|cheren|1447\n|player|p2|LVGLO|2|1497\n|teamsize|p1|6\n|teamsize|p2|6\n|gen|9\n|tier|[Gen 9] National Dex\n|rated|\n|rule|HP Percentage Mod: HP is shown in percentages\n|rule|Endless Battle Clause: Forcing endless battles is banned\n|rule|OHKO Clause: OHKO moves are banned\n|rule|Evasion Clause: Evasion abilities, items, and moves are banned\n|rule|Evasion Abilities Clause: Evasion abilities are banned\n|rule|Evasion Items Clause: Evasion items are banned\n|rule|Evasion Moves Clause: Evasion moves are banned\n|rule|Species Clause: Limit one of each Pok\u00e9mon\n|rule|Sleep Clause Mod: Limit one foe put to sleep\n|clearpoke\n|poke|p1|Ferrothorn, F|\n|poke|p1|Tyranitar, M|\n|poke|p1|Landorus-Therian, M|\n|poke|p1|Excadrill, M|\n|poke|p1|Hippowdon, F|\n|poke|p1|Rotom-Wash|\n|poke|p2|Mew|\n|poke|p2|Victini|\n|poke|p2|Xatu, F|\n|poke|p2|Togekiss, M|\n|poke|p2|Tapu Fini|\n|poke|p2|Grimmsnarl, M|\n|teampreview\n|inactive|Battle timer is ON: inactive players will automatically lose when time's up. (requested by FlyingSudowoodo)\n|\n|t:|1699944380\n|start\n|switch|p1a: Ferrothorn|Ferrothorn, F|100\/100\n|switch|p2a: Victini|Victini|100\/100\n|turn|1\n|\n|t:|1699944388\n|switch|p1a: Hippowdon|Hippowdon, F, shiny|100\/100\n|-weather|Sandstorm|[from] ability: Sand Stream|[of] p1a: Hippowdon\n|move|p2a: Victini|Final Gambit|p1a: Hippowdon\n|-damage|p1a: Hippowdon|4\/100\n|faint|p2a: Victini\n|\n|-weather|Sandstorm|[upkeep]\n|upkeep\n|\n|t:|1699944401\n|switch|p2a: Grimmsnarl|Grimmsnarl, M|100\/100\n|turn|2\n|\n|t:|1699944413\n|switch|p1a: Excadrill|Excadrill, M, shiny|100\/100\n|move|p2a: Grimmsnarl|Parting Shot|p1a: Excadrill\n|-unboost|p1a: Excadrill|atk|1\n|-unboost|p1a: Excadrill|spa|1\n|\n|t:|1699944426\n|switch|p2a: Tapu Fini|Tapu Fini|100\/100|[from] Parting Shot\n|-fieldstart|move: Misty Terrain|[from] ability: Misty Surge|[of] p2a: Tapu Fini\n|\n|-weather|Sandstorm|[upkeep]\n|-damage|p2a: Tapu Fini|94\/100|[from] Sandstorm\n|-heal|p2a: Tapu Fini|100\/100|[from] item: Leftovers\n|upkeep\n|turn|3\n|\n|t:|1699944434\n|switch|p1a: Rotom|Rotom-Wash|100\/100\n|switch|p2a: Mew|Mew|100\/100\n|\n|-weather|Sandstorm|[upkeep]\n|-damage|p2a: Mew|94\/100|[from] Sandstorm\n|-damage|p1a: Rotom|94\/100|[from] Sandstorm\n|-heal|p2a: Mew|100\/100|[from] item: Leftovers\n|-heal|p1a: Rotom|100\/100|[from] item: Leftovers\n|upkeep\n|turn|4\n|\n|t:|1699944447\n|move|p2a: Mew|Imprison|p2a: Mew\n|-start|p2a: Mew|move: Imprison\n|move|p1a: Rotom|Volt Switch|p2a: Mew\n|-damage|p2a: Mew|84\/100\n|\n|t:|1699944454\n|switch|p1a: Hippowdon|Hippowdon, F, shiny|4\/100|[from] Volt Switch\n|\n|-weather|Sandstorm|[upkeep]\n|-damage|p2a: Mew|78\/100|[from] Sandstorm\n|-heal|p2a: Mew|84\/100|[from] item: Leftovers\n|upkeep\n|turn|5\n|\n|t:|1699944474\n|move|p2a: Mew|Transform|p1a: Hippowdon\n|-transform|p2a: Mew|p1a: Hippowdon\n|cant|p1a: Hippowdon|move: Imprison|Whirlwind\n|\n|-weather|none\n|-heal|p2a: Mew|90\/100|[from] item: Leftovers\n|upkeep\n|turn|6\n|\n|t:|1699944485\n|switch|p1a: Rotom|Rotom-Wash|100\/100\n|move|p2a: Mew|Stealth Rock|p1a: Rotom\n|-sidestart|p1: FlyingSudowoodo|move: Stealth Rock\n|\n|-heal|p2a: Mew|97\/100|[from] item: Leftovers\n|-fieldend|Misty Terrain\n|upkeep\n|turn|7\n|\n|t:|1699944498\n|move|p1a: Rotom|Toxic|p2a: Mew\n|-status|p2a: Mew|tox\n|move|p2a: Mew|Whirlwind|p1a: Rotom\n|drag|p1a: Ferrothorn|Ferrothorn, F|100\/100\n|-damage|p1a: Ferrothorn|94\/100|[from] Stealth Rock\n|\n|-heal|p2a: Mew|100\/100 tox|[from] item: Leftovers\n|-damage|p2a: Mew|94\/100 tox|[from] psn\n|upkeep\n|turn|8\n|\n|t:|1699944518\n|switch|p2a: Grimmsnarl|Grimmsnarl, M|100\/100\n|move|p1a: Ferrothorn|Knock Off|p2a: Grimmsnarl\n|-resisted|p2a: Grimmsnarl\n|-damage|p2a: Grimmsnarl|96\/100\n|-enditem|p2a: Grimmsnarl|Light Clay|[from] move: Knock Off|[of] p1a: Ferrothorn\n|\n|upkeep\n|turn|9\n|\n|t:|1699944527\n|move|p2a: Grimmsnarl|Reflect|p2a: Grimmsnarl\n|-sidestart|p2: LVGLO|Reflect\n|move|p1a: Ferrothorn|Spikes|p2a: Grimmsnarl\n|-sidestart|p2: LVGLO|Spikes\n|\n|upkeep\n|turn|10\n|\n|t:|1699944542\n|switch|p1a: Tyranitar|Tyranitar, M, shiny|100\/100\n|-damage|p1a: Tyranitar|88\/100|[from] Stealth Rock\n|-weather|Sandstorm|[from] ability: Sand Stream|[of] p1a: Tyranitar\n|move|p2a: Grimmsnarl|Light Screen|p2a: Grimmsnarl\n|-sidestart|p2: LVGLO|move: Light Screen\n|\n|-weather|Sandstorm|[upkeep]\n|-damage|p2a: Grimmsnarl|90\/100|[from] Sandstorm\n|upkeep\n|turn|11\n|\n|t:|1699944553\n|move|p1a: Tyranitar|Stone Edge|p2a: Grimmsnarl\n|-crit|p2a: Grimmsnarl\n|-damage|p2a: Grimmsnarl|16\/100\n|move|p2a: Grimmsnarl|Superpower|p1a: Tyranitar\n|-supereffective|p1a: Tyranitar\n|-damage|p1a: Tyranitar|0 fnt\n|-unboost|p2a: Grimmsnarl|atk|1\n|-unboost|p2a: Grimmsnarl|def|1\n|faint|p1a: Tyranitar\n|\n|-weather|Sandstorm|[upkeep]\n|-damage|p2a: Grimmsnarl|10\/100|[from] Sandstorm\n|upkeep\n|inactive|FlyingSudowoodo has 120 seconds left.\n|\n|t:|1699944585\n|switch|p1a: Excadrill|Excadrill, M, shiny|100\/100\n|turn|12\n|\n|t:|1699944589\n|move|p2a: Grimmsnarl|Parting Shot|p1a: Excadrill\n|-unboost|p1a: Excadrill|atk|1\n|-unboost|p1a: Excadrill|spa|1\n|\n|t:|1699944594\n|switch|p2a: Tapu Fini|Tapu Fini|100\/100|[from] Parting Shot\n|-damage|p2a: Tapu Fini|88\/100|[from] Spikes\n|-fieldstart|move: Misty Terrain|[from] ability: Misty Surge|[of] p2a: Tapu Fini\n|move|p1a: Excadrill|Rapid Spin|p2a: Tapu Fini\n|-damage|p2a: Tapu Fini|84\/100\n|-boost|p1a: Excadrill|spe|1\n|-sideend|p1: FlyingSudowoodo|Stealth Rock|[from] move: Rapid Spin|[of] p1a: Excadrill\n|\n|-weather|Sandstorm|[upkeep]\n|-damage|p2a: Tapu Fini|78\/100|[from] Sandstorm\n|-heal|p2a: Tapu Fini|84\/100|[from] item: Leftovers\n|upkeep\n|turn|13\n|inactive|FlyingSudowoodo has 120 seconds left.\n|\n|t:|1699944610\n|switch|p1a: Rotom|Rotom-Wash|100\/100\n|move|p2a: Tapu Fini|Iron Defense|p2a: Tapu Fini\n|-boost|p2a: Tapu Fini|def|2\n|\n|-weather|Sandstorm|[upkeep]\n|-damage|p1a: Rotom|94\/100|[from] Sandstorm\n|-damage|p2a: Tapu Fini|78\/100|[from] Sandstorm\n|-heal|p1a: Rotom|100\/100|[from] item: Leftovers\n|-heal|p2a: Tapu Fini|84\/100|[from] item: Leftovers\n|-sideend|p2: LVGLO|Reflect\n|upkeep\n|turn|14\n|inactive|FlyingSudowoodo has 120 seconds left.\n|\n|t:|1699944620\n|move|p1a: Rotom|Volt Switch|p2a: Tapu Fini\n|-supereffective|p2a: Tapu Fini\n|-damage|p2a: Tapu Fini|63\/100\n|inactive|FlyingSudowoodo has 120 seconds left.\n|\n|t:|1699944626\n|switch|p1a: Ferrothorn|Ferrothorn, F|94\/100|[from] Volt Switch\n|move|p2a: Tapu Fini|Calm Mind|p2a: Tapu Fini\n|-boost|p2a: Tapu Fini|spa|1\n|-boost|p2a: Tapu Fini|spd|1\n|\n|-weather|none\n|-heal|p2a: Tapu Fini|69\/100|[from] item: Leftovers\n|-sideend|p2: LVGLO|move: Light Screen\n|upkeep\n|turn|15\n|\n|t:|1699944635\n|switch|p2a: Grimmsnarl|Grimmsnarl, M|10\/100\n|-damage|p2a: Grimmsnarl|0 fnt|[from] Spikes\n|faint|p2a: Grimmsnarl\n|move|p1a: Ferrothorn|Leech Seed|p2: Grimmsnarl|[notarget]\n|-fail|p1a: Ferrothorn\n|\n|upkeep\n|\n|t:|1699944639\n|switch|p2a: Xatu|Xatu, F|100\/100\n|turn|16\n|\n|t:|1699944644\n|move|p2a: Xatu|Cosmic Power|p2a: Xatu\n|-boost|p2a: Xatu|def|1\n|-boost|p2a: Xatu|spd|1\n|move|p1a: Ferrothorn|Knock Off|p2a: Xatu\n|-supereffective|p2a: Xatu\n|-crit|p2a: Xatu\n|-damage|p2a: Xatu|29\/100\n|-enditem|p2a: Xatu|Mirror Herb|[from] move: Knock Off|[of] p1a: Ferrothorn\n|\n|-fieldend|Misty Terrain\n|upkeep\n|turn|17\n|\n|t:|1699944657\n|switch|p1a: Hippowdon|Hippowdon, F, shiny|4\/100\n|-weather|Sandstorm|[from] ability: Sand Stream|[of] p1a: Hippowdon\n|move|p2a: Xatu|Roost|p2a: Xatu\n|-heal|p2a: Xatu|79\/100\n|-singleturn|p2a: Xatu|move: Roost\n|\n|-weather|Sandstorm|[upkeep]\n|-damage|p2a: Xatu|73\/100|[from] Sandstorm\n|upkeep\n|turn|18\n|\n|t:|1699944667\n|move|p2a: Xatu|Night Shade|p1a: Hippowdon\n|-damage|p1a: Hippowdon|0 fnt\n|faint|p1a: Hippowdon\n|\n|-weather|Sandstorm|[upkeep]\n|-damage|p2a: Xatu|67\/100|[from] Sandstorm\n|upkeep\n|\n|t:|1699944677\n|switch|p1a: Excadrill|Excadrill, M, shiny|100\/100\n|turn|19\n|\n|t:|1699944682\n|-terastallize|p2a: Xatu|Normal\n|move|p1a: Excadrill|Iron Head|p2a: Xatu\n|-damage|p2a: Xatu|30\/100\n|cant|p2a: Xatu|flinch\n|\n|-weather|Sandstorm|[upkeep]\n|-damage|p2a: Xatu|24\/100|[from] Sandstorm\n|upkeep\n|turn|20\n|\n|t:|1699944690\n|move|p1a: Excadrill|Iron Head|p2a: Xatu\n|-damage|p2a: Xatu|0 fnt\n|faint|p2a: Xatu\n|\n|-weather|Sandstorm|[upkeep]\n|upkeep\n|\n|t:|1699944700\n|switch|p2a: Tapu Fini|Tapu Fini|69\/100\n|-damage|p2a: Tapu Fini|57\/100|[from] Spikes\n|-fieldstart|move: Misty Terrain|[from] ability: Misty Surge|[of] p2a: Tapu Fini\n|turn|21\n|\n|t:|1699944710\n|switch|p1a: Rotom|Rotom-Wash|100\/100\n|move|p2a: Tapu Fini|Iron Defense|p2a: Tapu Fini\n|-boost|p2a: Tapu Fini|def|2\n|\n|-weather|none\n|-heal|p2a: Tapu Fini|63\/100|[from] item: Leftovers\n|upkeep\n|turn|22\n|\n|t:|1699944717\n|switch|p2a: Togekiss|Togekiss, M|100\/100\n|move|p1a: Rotom|Volt Switch|p2a: Togekiss\n|-supereffective|p2a: Togekiss\n|-damage|p2a: Togekiss|54\/100\n|\n|t:|1699944722\n|switch|p1a: Landorus|Landorus-Therian, M, shiny|100\/100|[from] Volt Switch\n|-ability|p1a: Landorus|Intimidate|boost\n|-unboost|p2a: Togekiss|atk|1\n|\n|upkeep\n|turn|23\n|\n|t:|1699944733\n|move|p2a: Togekiss|Air Slash|p1a: Landorus\n|-damage|p1a: Landorus|53\/100\n|move|p1a: Landorus|Stone Edge|p2a: Togekiss\n|-supereffective|p2a: Togekiss\n|-damage|p2a: Togekiss|0 fnt\n|faint|p2a: Togekiss\n|\n|upkeep\n|\n|t:|1699944741\n|switch|p2a: Tapu Fini|Tapu Fini|63\/100\n|-damage|p2a: Tapu Fini|50\/100|[from] Spikes\n|turn|24\n|\n|t:|1699944746\n|-zpower|p1a: Landorus\n|move|p1a: Landorus|Continental Crush|p2a: Tapu Fini|[zeffect]\n|-damage|p2a: Tapu Fini|0 fnt\n|faint|p2a: Tapu Fini\n|\n|upkeep\n|\n|t:|1699944748\n|switch|p2a: Mew|Mew|94\/100 tox\n|-damage|p2a: Mew|82\/100 tox|[from] Spikes\n|turn|25\n|\n|t:|1699944758\n|move|p1a: Landorus|Knock Off|p2a: Mew\n|-supereffective|p2a: Mew\n|-damage|p2a: Mew|17\/100 tox\n|-enditem|p2a: Mew|Leftovers|[from] move: Knock Off|[of] p1a: Landorus\n|move|p2a: Mew|Imprison|p2a: Mew\n|-start|p2a: Mew|move: Imprison\n|\n|-damage|p2a: Mew|10\/100 tox|[from] psn\n|-fieldend|Misty Terrain\n|upkeep\n|turn|26\n|\n|t:|1699944767\n|move|p1a: Landorus|U-turn|p2a: Mew\n|-supereffective|p2a: Mew\n|-crit|p2a: Mew\n|-damage|p2a: Mew|0 fnt\n|faint|p2a: Mew\n|\n|win|FlyingSudowoodo\n|raw|FlyingSudowoodo's rating: 1447 &rarr; <strong>1470<\/strong><br \/>(+23 for winning)\n|raw|LVGLO's rating: 1497 &rarr; <strong>1474<\/strong><br \/>(-23 for losing)\n|c|\u2606LVGLO|Gg\n|c|\u2606FlyingSudowoodo|gg\n|c|\u2606LVGLO|Wp.\n|l|\u2606LVGLO\n","uploadtime":1699944779,"views":4,"p1id":"flyingsudowoodo","p2id":"lvglo","formatid":"gen9nationaldex","rating":1470,"private":0,"password":""}