{"id":"gen9nationaldex-1994315170","p1":"DraconyxRising","p2":"God_Tawh","format":"[Gen 9] National Dex","log":"|j|\u2606DraconyxRising\n|j|\u2606God_Tawh\n|t:|1700430209\n|gametype|singles\n|player|p1|DraconyxRising|guitarist|1071\n|player|p2|God_Tawh|hilbert|1066\n|teamsize|p1|6\n|teamsize|p2|6\n|gen|9\n|tier|[Gen 9] National Dex\n|rated|\n|rule|HP Percentage Mod: HP is shown in percentages\n|rule|Endless Battle Clause: Forcing endless battles is banned\n|rule|OHKO Clause: OHKO moves are banned\n|rule|Evasion Clause: Evasion abilities, items, and moves are banned\n|rule|Evasion Abilities Clause: Evasion abilities are banned\n|rule|Evasion Items Clause: Evasion items are banned\n|rule|Evasion Moves Clause: Evasion moves are banned\n|rule|Species Clause: Limit one of each Pok\u00e9mon\n|rule|Sleep Clause Mod: Limit one foe put to sleep\n|clearpoke\n|poke|p1|Golisopod, M|\n|poke|p1|Skeledirge, M|\n|poke|p1|Kommo-o, F|\n|poke|p1|Corviknight, M|\n|poke|p1|Mamoswine, F|\n|poke|p1|Hatterene, F|\n|poke|p2|Skeledirge, M|\n|poke|p2|Corviknight, F|\n|poke|p2|Nidoking, M|\n|poke|p2|Garganacl, M|\n|poke|p2|Aron, F|\n|poke|p2|Togedemaru, F|\n|teampreview\n|inactive|Battle timer is ON: inactive players will automatically lose when time's up. (requested by DraconyxRising)\n|\n|t:|1700430220\n|start\n|switch|p1a: Golisopod|Golisopod, M|100\/100\n|switch|p2a: Nidoking|Nidoking, M, shiny|100\/100\n|turn|1\n|\n|t:|1700430227\n|move|p1a: Golisopod|First Impression|p2a: Nidoking\n|-resisted|p2a: Nidoking\n|-damage|p2a: Nidoking|57\/100\n|-damage|p1a: Golisopod|84\/100|[from] item: Rocky Helmet|[of] p2a: Nidoking\n|-damage|p1a: Golisopod|74\/100|[from] item: Life Orb\n|move|p2a: Nidoking|Stealth Rock|p1a: Golisopod\n|-sidestart|p1: DraconyxRising|move: Stealth Rock\n|\n|upkeep\n|turn|2\n|\n|t:|1700430243\n|move|p1a: Golisopod|Liquidation|p2a: Nidoking\n|-supereffective|p2a: Nidoking\n|-damage|p2a: Nidoking|0 fnt\n|-damage|p1a: Golisopod|57\/100|[from] item: Rocky Helmet|[of] p2a: Nidoking\n|-status|p1a: Golisopod|psn|[from] ability: Poison Point|[of] p2a: Nidoking\n|faint|p2a: Nidoking\n|-damage|p1a: Golisopod|47\/100 psn|[from] item: Life Orb\n|-activate|p1a: Golisopod|ability: Emergency Exit\n|\n|t:|1700430258\n|switch|p1a: Kommo-o|Kommo-o, F|100\/100\n|-damage|p1a: Kommo-o|94\/100|[from] Stealth Rock\n|\n|upkeep\n|\n|t:|1700430262\n|switch|p2a: Aron|Aron, F|100\/100\n|turn|3\n|\n|t:|1700430288\n|switch|p1a: Mamoswine|Mamoswine, F|100\/100\n|-damage|p1a: Mamoswine|88\/100|[from] Stealth Rock\n|move|p2a: Aron|Endeavor|p1a: Mamoswine\n|-damage|p1a: Mamoswine|84\/100\n|\n|upkeep\n|turn|4\n|\n|t:|1700430298\n|move|p1a: Mamoswine|Icicle Spear|p2a: Aron\n|-resisted|p2a: Aron\n|-damage|p2a: Aron|94\/100\n|-resisted|p2a: Aron\n|-damage|p2a: Aron|87\/100\n|-resisted|p2a: Aron\n|-damage|p2a: Aron|79\/100\n|-resisted|p2a: Aron\n|-damage|p2a: Aron|71\/100\n|-resisted|p2a: Aron\n|-damage|p2a: Aron|64\/100\n|-hitcount|p2a: Aron|5\n|move|p2a: Aron|Endeavor|p1a: Mamoswine\n|-damage|p1a: Mamoswine|53\/100\n|-heal|p2a: Aron|68\/100|[from] item: Shell Bell|[of] p1a: Mamoswine\n|\n|upkeep\n|turn|5\n|\n|t:|1700430312\n|move|p1a: Mamoswine|Earthquake|p2a: Aron\n|-supereffective|p2a: Aron\n|-damage|p2a: Aron|0 fnt\n|faint|p2a: Aron\n|\n|upkeep\n|\n|t:|1700430322\n|switch|p2a: Corviknight|Corviknight, F, shiny|100\/100\n|-ability|p2a: Corviknight|Unnerve\n|turn|6\n|\n|t:|1700430337\n|switch|p1a: Skeledirge|Skeledirge, M|100\/100\n|-damage|p1a: Skeledirge|76\/100|[from] Stealth Rock\n|move|p2a: Corviknight|Brave Bird|p1a: Skeledirge\n|-damage|p1a: Skeledirge|39\/100\n|-damage|p2a: Corviknight|88\/100|[from] Recoil\n|\n|-heal|p2a: Corviknight|94\/100|[from] item: Leftovers\n|upkeep\n|turn|7\n|\n|t:|1700430350\n|move|p2a: Corviknight|U-turn|p1a: Skeledirge\n|-resisted|p1a: Skeledirge\n|-damage|p1a: Skeledirge|36\/100\n|\n|t:|1700430356\n|switch|p2a: Garganacl|Garganacl, M, shiny|100\/100|[from] U-turn\n|move|p1a: Skeledirge|Torch Song|p2a: Garganacl\n|-resisted|p2a: Garganacl\n|-damage|p2a: Garganacl|82\/100\n|-boost|p1a: Skeledirge|spa|1\n|-enditem|p1a: Skeledirge|Throat Spray\n|-boost|p1a: Skeledirge|spa|1|[from] item: Throat Spray\n|\n|-heal|p2a: Garganacl|88\/100|[from] item: Leftovers\n|upkeep\n|turn|8\n|\n|t:|1700430366\n|move|p1a: Skeledirge|Hex|p2a: Garganacl\n|-damage|p2a: Garganacl|29\/100\n|move|p2a: Garganacl|Power Gem|p1a: Skeledirge\n|-supereffective|p1a: Skeledirge\n|-damage|p1a: Skeledirge|5\/100\n|\n|-heal|p2a: Garganacl|35\/100|[from] item: Leftovers\n|upkeep\n|turn|9\n|\n|t:|1700430392\n|move|p1a: Skeledirge|Hex|p2a: Garganacl\n|-damage|p2a: Garganacl|0 fnt\n|faint|p2a: Garganacl\n|\n|upkeep\n|\n|t:|1700430397\n|switch|p2a: Skeledirge|Skeledirge, M, shiny|100\/100\n|turn|10\n|\n|t:|1700430401\n|move|p1a: Skeledirge|Hex|p2a: Skeledirge\n|-supereffective|p2a: Skeledirge\n|-damage|p2a: Skeledirge|27\/100\n|move|p2a: Skeledirge|Shadow Ball|p1a: Skeledirge\n|-supereffective|p1a: Skeledirge\n|-damage|p1a: Skeledirge|0 fnt\n|faint|p1a: Skeledirge\n|\n|upkeep\n|\n|t:|1700430411\n|switch|p1a: Golisopod|Golisopod, M|47\/100 psn\n|-damage|p1a: Golisopod|23\/100 psn|[from] Stealth Rock\n|turn|11\n|\n|t:|1700430418\n|move|p1a: Golisopod|First Impression|p2a: Skeledirge\n|-resisted|p2a: Skeledirge\n|-damage|p2a: Skeledirge|14\/100\n|-damage|p1a: Golisopod|13\/100 psn|[from] item: Life Orb\n|move|p2a: Skeledirge|Torch Song|p1a: Golisopod\n|-crit|p1a: Golisopod\n|-damage|p1a: Golisopod|0 fnt\n|-boost|p2a: Skeledirge|spa|1\n|faint|p1a: Golisopod\n|\n|upkeep\n|\n|t:|1700430431\n|switch|p1a: Mamoswine|Mamoswine, F|53\/100\n|-damage|p1a: Mamoswine|41\/100|[from] Stealth Rock\n|turn|12\n|\n|t:|1700430436\n|switch|p2a: Corviknight|Corviknight, F, shiny|94\/100\n|-ability|p2a: Corviknight|Unnerve\n|move|p1a: Mamoswine|Rock Blast|p2a: Corviknight\n|-damage|p2a: Corviknight|87\/100\n|-damage|p2a: Corviknight|81\/100\n|-damage|p2a: Corviknight|74\/100\n|-damage|p2a: Corviknight|67\/100\n|-hitcount|p2a: Corviknight|4\n|\n|-heal|p2a: Corviknight|73\/100|[from] item: Leftovers\n|upkeep\n|turn|13\n|\n|t:|1700430456\n|move|p1a: Mamoswine|Icicle Spear|p2a: Corviknight\n|-damage|p2a: Corviknight|63\/100\n|-damage|p2a: Corviknight|53\/100\n|-damage|p2a: Corviknight|42\/100\n|-damage|p2a: Corviknight|33\/100\n|-hitcount|p2a: Corviknight|4\n|move|p2a: Corviknight|Body Press|p1a: Mamoswine\n|-supereffective|p1a: Mamoswine\n|-damage|p1a: Mamoswine|0 fnt\n|faint|p1a: Mamoswine\n|\n|-heal|p2a: Corviknight|39\/100|[from] item: Leftovers\n|upkeep\n|\n|t:|1700430465\n|switch|p1a: Kommo-o|Kommo-o, F|94\/100\n|-damage|p1a: Kommo-o|88\/100|[from] Stealth Rock\n|turn|14\n|\n|t:|1700430479\n|-zpower|p1a: Kommo-o\n|move|p1a: Kommo-o|Clangorous Soulblaze|p2a: Corviknight|[zeffect]\n|-resisted|p2a: Corviknight\n|-damage|p2a: Corviknight|0 fnt\n|faint|p2a: Corviknight\n|-boost|p1a: Kommo-o|atk|1\n|-boost|p1a: Kommo-o|def|1\n|-boost|p1a: Kommo-o|spa|1\n|-boost|p1a: Kommo-o|spd|1\n|-boost|p1a: Kommo-o|spe|1\n|\n|upkeep\n|\n|t:|1700430489\n|switch|p2a: Togedemaru|Togedemaru, F|100\/100\n|turn|15\n|\n|t:|1700430497\n|move|p2a: Togedemaru|Fake Out|p1a: Kommo-o\n|-damage|p1a: Kommo-o|81\/100\n|cant|p1a: Kommo-o|flinch\n|\n|upkeep\n|turn|16\n|\n|t:|1700430502\n|move|p1a: Kommo-o|Aura Sphere|p2a: Togedemaru\n|-supereffective|p2a: Togedemaru\n|-ability|p2a: Togedemaru|Sturdy\n|-damage|p2a: Togedemaru|1\/100\n|move|p2a: Togedemaru|Endeavor|p1a: Kommo-o\n|-damage|p1a: Kommo-o|1\/100\n|-heal|p2a: Togedemaru|12\/100|[from] item: Shell Bell|[of] p1a: Kommo-o\n|\n|upkeep\n|turn|17\n|\n|t:|1700430511\n|move|p2a: Togedemaru|Spiky Shield|p2a: Togedemaru\n|-singleturn|p2a: Togedemaru|move: Protect\n|move|p1a: Kommo-o|Aura Sphere|p2a: Togedemaru\n|-activate|p2a: Togedemaru|move: Protect\n|\n|upkeep\n|turn|18\n|\n|t:|1700430519\n|move|p1a: Kommo-o|Aura Sphere|p2a: Togedemaru\n|-supereffective|p2a: Togedemaru\n|-damage|p2a: Togedemaru|0 fnt\n|faint|p2a: Togedemaru\n|\n|upkeep\n|\n|t:|1700430523\n|switch|p2a: Skeledirge|Skeledirge, M, shiny|14\/100\n|turn|19\n|\n|t:|1700430530\n|move|p1a: Kommo-o|Clanging Scales|p2a: Skeledirge\n|-damage|p2a: Skeledirge|0 fnt\n|faint|p2a: Skeledirge\n|\n|win|DraconyxRising\n|raw|DraconyxRising's rating: 1071 &rarr; <strong>1100<\/strong><br \/>(+29 for winning)\n|raw|God_Tawh's rating: 1066 &rarr; <strong>1046<\/strong><br \/>(-20 for losing)\n|l|\u2606God_Tawh\n|l|\u2606DraconyxRising\n|j|\u2606DraconyxRising\n|player|p1|DraconyxRising|guitarist\n","uploadtime":1700430802,"views":6,"p1id":"draconyxrising","p2id":"godtawh","formatid":"gen9nationaldex","rating":1046,"private":0,"password":""}