{"id":"gen9nationaldex-1992369438","p1":"keahi","p2":"fywoo","format":"[Gen 9] National Dex","log":"|j|\u2606keahi\n|j|\u2606fywoo\n|inactive|Battle timer is ON: inactive players will automatically lose when time's up.\n|t:|1700179640\n|gametype|singles\n|player|p1|keahi|265|\n|player|p2|fywoo|169|\n|teamsize|p1|6\n|teamsize|p2|6\n|gen|9\n|tier|[Gen 9] National Dex\n|rated|Tournament battle\n|rule|HP Percentage Mod: HP is shown in percentages\n|rule|Endless Battle Clause: Forcing endless battles is banned\n|rule|OHKO Clause: OHKO moves are banned\n|rule|Evasion Clause: Evasion abilities, items, and moves are banned\n|rule|Evasion Abilities Clause: Evasion abilities are banned\n|rule|Evasion Items Clause: Evasion items are banned\n|rule|Evasion Moves Clause: Evasion moves are banned\n|rule|Species Clause: Limit one of each Pok\u00e9mon\n|rule|Sleep Clause Mod: Limit one foe put to sleep\n|clearpoke\n|poke|p1|Gliscor, M|\n|poke|p1|Garchomp, F|\n|poke|p1|Gastrodon-East, M|\n|poke|p1|Ferrothorn, F|\n|poke|p1|Zapdos|\n|poke|p1|Hoopa-Unbound|\n|poke|p2|Urshifu-*, M|\n|poke|p2|Glimmora, M|\n|poke|p2|Clodsire, M|\n|poke|p2|Zapdos|\n|poke|p2|Tapu Lele|\n|poke|p2|Sneasler, M|\n|teampreview\n|inactive|keahi has 120 seconds left.\n|inactive|keahi has 90 seconds left.\n|\n|t:|1700179705\n|start\n|switch|p1a: Garchomp|Garchomp, F|100\/100\n|switch|p2a: Tapu Lele|Tapu Lele, shiny|100\/100\n|-fieldstart|move: Psychic Terrain|[from] ability: Psychic Surge|[of] p2a: Tapu Lele\n|turn|1\n|\n|t:|1700179714\n|switch|p1a: Ferrothorn|Ferrothorn, F|100\/100\n|move|p2a: Tapu Lele|Moonblast|p1a: Ferrothorn\n|-resisted|p1a: Ferrothorn\n|-damage|p1a: Ferrothorn|82\/100\n|\n|-heal|p1a: Ferrothorn|88\/100|[from] item: Leftovers\n|upkeep\n|turn|2\n|\n|t:|1700179741\n|switch|p2a: Zapdos|Zapdos, shiny|100\/100\n|move|p1a: Ferrothorn|Spikes|p2a: Zapdos\n|-sidestart|p2: fywoo|Spikes\n|\n|-heal|p1a: Ferrothorn|94\/100|[from] item: Leftovers\n|upkeep\n|turn|3\n|\n|t:|1700179756\n|move|p2a: Zapdos|Hurricane|p1a: Ferrothorn\n|-damage|p1a: Ferrothorn|61\/100\n|move|p1a: Ferrothorn|Leech Seed|p2a: Zapdos\n|-start|p2a: Zapdos|move: Leech Seed\n|\n|-heal|p1a: Ferrothorn|67\/100|[from] item: Leftovers\n|-damage|p2a: Zapdos|88\/100|[from] Leech Seed|[of] p1a: Ferrothorn\n|-heal|p1a: Ferrothorn|81\/100|[silent]\n|upkeep\n|turn|4\n|\n|t:|1700179766\n|move|p2a: Zapdos|Defog|p1a: Ferrothorn\n|-unboost|p1a: Ferrothorn|evasion|1\n|-sideend|p2: fywoo|Spikes|[from] move: Defog|[of] p2a: Zapdos\n|-fieldend|move: Psychic Terrain\n|move|p1a: Ferrothorn|Spikes|p2a: Zapdos\n|-sidestart|p2: fywoo|Spikes\n|\n|-heal|p1a: Ferrothorn|87\/100|[from] item: Leftovers\n|-damage|p2a: Zapdos|76\/100|[from] Leech Seed|[of] p1a: Ferrothorn\n|-heal|p1a: Ferrothorn|99\/100|[silent]\n|upkeep\n|turn|5\n|\n|t:|1700179788\n|switch|p2a: Clodsire|Clodsire, M, shiny|100\/100\n|-damage|p2a: Clodsire|88\/100|[from] Spikes\n|move|p1a: Ferrothorn|Spikes|p2a: Clodsire\n|-sidestart|p2: fywoo|Spikes\n|\n|-heal|p1a: Ferrothorn|100\/100|[from] item: Leftovers\n|upkeep\n|turn|6\n|\n|t:|1700179805\n|switch|p2a: Zapdos|Zapdos, shiny|76\/100\n|move|p1a: Ferrothorn|Leech Seed|p2a: Zapdos\n|-start|p2a: Zapdos|move: Leech Seed\n|\n|-damage|p2a: Zapdos|64\/100|[from] Leech Seed|[of] p1a: Ferrothorn\n|upkeep\n|turn|7\n|\n|t:|1700179810\n|move|p2a: Zapdos|Hurricane|p1a: Ferrothorn\n|-damage|p1a: Ferrothorn|68\/100\n|move|p1a: Ferrothorn|Spikes|p2a: Zapdos\n|-sidestart|p2: fywoo|Spikes\n|\n|-heal|p1a: Ferrothorn|74\/100|[from] item: Leftovers\n|-damage|p2a: Zapdos|51\/100|[from] Leech Seed|[of] p1a: Ferrothorn\n|-heal|p1a: Ferrothorn|87\/100|[silent]\n|upkeep\n|turn|8\n|\n|t:|1700179836\n|switch|p1a: Hoopa|Hoopa-Unbound|100\/100\n|move|p2a: Zapdos|Defog|p1a: Hoopa\n|-unboost|p1a: Hoopa|evasion|1\n|-sideend|p2: fywoo|Spikes|[from] move: Defog|[of] p2a: Zapdos\n|\n|-damage|p2a: Zapdos|39\/100|[from] Leech Seed|[of] p1a: Hoopa\n|upkeep\n|turn|9\n|\n|t:|1700179843\n|move|p1a: Hoopa|Psychic|p2a: Zapdos\n|-damage|p2a: Zapdos|0 fnt\n|faint|p2a: Zapdos\n|\n|upkeep\n|\n|t:|1700179847\n|switch|p2a: Tapu Lele|Tapu Lele, shiny|100\/100\n|-fieldstart|move: Psychic Terrain|[from] ability: Psychic Surge|[of] p2a: Tapu Lele\n|turn|10\n|\n|t:|1700179853\n|switch|p2a: Sneasler|Sneasler, M|100\/100\n|-enditem|p2a: Sneasler|Psychic Seed\n|-boost|p2a: Sneasler|spd|1|[from] item: Psychic Seed\n|switch|p1a: Ferrothorn|Ferrothorn, F|87\/100\n|\n|-heal|p1a: Ferrothorn|94\/100|[from] item: Leftovers\n|upkeep\n|turn|11\n|\n|t:|1700179859\n|move|p2a: Sneasler|Swords Dance|p2a: Sneasler\n|-boost|p2a: Sneasler|atk|2\n|move|p1a: Ferrothorn|Thunder Wave|p2a: Sneasler\n|-status|p2a: Sneasler|par\n|\n|-heal|p1a: Ferrothorn|99\/100|[from] item: Leftovers\n|upkeep\n|turn|12\n|\n|t:|1700179866\n|switch|p1a: Zapdos|Zapdos|100\/100\n|move|p2a: Sneasler|Swords Dance|p2a: Sneasler\n|-boost|p2a: Sneasler|atk|2\n|\n|upkeep\n|turn|13\n|\n|t:|1700179884\n|move|p2a: Sneasler|Gunk Shot|p1a: Zapdos\n|-damage|p1a: Zapdos|0 fnt\n|faint|p1a: Zapdos\n|\n|upkeep\n|\n|t:|1700179893\n|switch|p1a: Gliscor|Gliscor, M|100\/100\n|turn|14\n|\n|t:|1700179898\n|-terastallize|p2a: Sneasler|Flying\n|move|p2a: Sneasler|Acrobatics|p1a: Gliscor\n|-damage|p1a: Gliscor|0 fnt\n|faint|p1a: Gliscor\n|\n|-fieldend|move: Psychic Terrain\n|upkeep\n|\n|t:|1700179903\n|switch|p1a: Hoopa|Hoopa-Unbound|100\/100\n|turn|15\n|\n|t:|1700179909\n|move|p2a: Sneasler|Acrobatics|p1a: Hoopa\n|-damage|p1a: Hoopa|0 fnt\n|faint|p1a: Hoopa\n|\n|upkeep\n|-message|keahi forfeited.\n|\n|win|fywoo\n|n|\u2606keahi|keahi\n|n|\u2606fywoo|fywoo\n|l|\u2606keahi\n","uploadtime":1700179917,"views":4,"p1id":"keahi","p2id":"fywoo","formatid":"gen9nationaldex","rating":0,"private":0,"password":""}