{"id":"gen9nationaldex-1987641426","p1":"Sirrawrzy","p2":"ookainu","format":"[Gen 9] National Dex","log":"|j|\u2606Sirrawrzy\n|j|\u2606ookainu\n|t:|1699623007\n|gametype|singles\n|player|p1|Sirrawrzy|emmet|1592\n|player|p2|ookainu|cynthia|1672\n|teamsize|p1|6\n|teamsize|p2|6\n|gen|9\n|tier|[Gen 9] National Dex\n|rated|\n|rule|HP Percentage Mod: HP is shown in percentages\n|rule|Endless Battle Clause: Forcing endless battles is banned\n|rule|OHKO Clause: OHKO moves are banned\n|rule|Evasion Clause: Evasion abilities, items, and moves are banned\n|rule|Evasion Abilities Clause: Evasion abilities are banned\n|rule|Evasion Items Clause: Evasion items are banned\n|rule|Evasion Moves Clause: Evasion moves are banned\n|rule|Species Clause: Limit one of each Pok\u00e9mon\n|rule|Sleep Clause Mod: Limit one foe put to sleep\n|clearpoke\n|poke|p1|Ninetales, M|\n|poke|p1|Venusaur, M|\n|poke|p1|Jolteon, F|\n|poke|p1|Blastoise, F|\n|poke|p1|Rhydon, F|\n|poke|p1|Dragonite, M|\n|poke|p2|Greninja-*, M|\n|poke|p2|Pelipper, M|\n|poke|p2|Urshifu-*, M|\n|poke|p2|Moltres|\n|poke|p2|Diancie|\n|poke|p2|Ferrothorn, M|\n|teampreview\n|\n|t:|1699623015\n|start\n|switch|p1a: Jolteon|Jolteon, F, shiny|100\/100\n|switch|p2a: Diancie|Diancie, shiny|100\/100\n|turn|1\n|\n|t:|1699623032\n|move|p1a: Jolteon|Volt Switch|p2a: Diancie\n|-damage|p2a: Diancie|65\/100\n|\n|t:|1699623035\n|switch|p1a: Rhydon|Rhydon, F, shiny|100\/100|[from] Volt Switch\n|move|p2a: Diancie|Stealth Rock|p1a: Rhydon\n|-sidestart|p1: Sirrawrzy|move: Stealth Rock\n|\n|upkeep\n|turn|2\n|\n|t:|1699623041\n|detailschange|p2a: Diancie|Diancie-Mega, shiny\n|-mega|p2a: Diancie|Diancie|Diancite\n|move|p2a: Diancie|Earth Power|p1a: Rhydon\n|-supereffective|p1a: Rhydon\n|-damage|p1a: Rhydon|46\/100\n|move|p1a: Rhydon|Earthquake|p2a: Diancie\n|-supereffective|p2a: Diancie\n|-crit|p2a: Diancie\n|-damage|p2a: Diancie|0 fnt\n|faint|p2a: Diancie\n|\n|upkeep\n|\n|t:|1699623047\n|switch|p2a: \u8fd8\u80fd\u53d8\u5f97\u66f4\u5f3a\uff0c\u7532\u8d3a\u5fcd\u86d9\uff01|Greninja, M|100\/100\n|turn|3\n|\n|t:|1699623051\n|switch|p1a: Blastoise|Blastoise, F, shiny|100\/100\n|-damage|p1a: Blastoise|88\/100|[from] Stealth Rock\n|move|p2a: \u8fd8\u80fd\u53d8\u5f97\u66f4\u5f3a\uff0c\u7532\u8d3a\u5fcd\u86d9\uff01|Water Shuriken|p1a: Blastoise\n|-resisted|p1a: Blastoise\n|-damage|p1a: Blastoise|85\/100\n|-resisted|p1a: Blastoise\n|-damage|p1a: Blastoise|83\/100\n|-resisted|p1a: Blastoise\n|-damage|p1a: Blastoise|80\/100\n|-hitcount|p1a: Blastoise|3\n|-damage|p2a: \u8fd8\u80fd\u53d8\u5f97\u66f4\u5f3a\uff0c\u7532\u8d3a\u5fcd\u86d9\uff01|91\/100|[from] item: Life Orb\n|\n|upkeep\n|turn|4\n|\n|t:|1699623055\n|move|p2a: \u8fd8\u80fd\u53d8\u5f97\u66f4\u5f3a\uff0c\u7532\u8d3a\u5fcd\u86d9\uff01|Grass Knot|p1a: Blastoise\n|-supereffective|p1a: Blastoise\n|-damage|p1a: Blastoise|40\/100\n|-damage|p2a: \u8fd8\u80fd\u53d8\u5f97\u66f4\u5f3a\uff0c\u7532\u8d3a\u5fcd\u86d9\uff01|81\/100|[from] item: Life Orb\n|move|p1a: Blastoise|Rapid Spin|p2a: \u8fd8\u80fd\u53d8\u5f97\u66f4\u5f3a\uff0c\u7532\u8d3a\u5fcd\u86d9\uff01\n|-damage|p2a: \u8fd8\u80fd\u53d8\u5f97\u66f4\u5f3a\uff0c\u7532\u8d3a\u5fcd\u86d9\uff01|64\/100\n|-boost|p1a: Blastoise|spe|1\n|-sideend|p1: Sirrawrzy|Stealth Rock|[from] move: Rapid Spin|[of] p1a: Blastoise\n|\n|upkeep\n|turn|5\n|\n|t:|1699623068\n|-terastallize|p1a: Blastoise|Fighting\n|move|p2a: \u8fd8\u80fd\u53d8\u5f97\u66f4\u5f3a\uff0c\u7532\u8d3a\u5fcd\u86d9\uff01|Grass Knot|p1a: Blastoise\n|-damage|p1a: Blastoise|21\/100\n|-damage|p2a: \u8fd8\u80fd\u53d8\u5f97\u66f4\u5f3a\uff0c\u7532\u8d3a\u5fcd\u86d9\uff01|55\/100|[from] item: Life Orb\n|move|p1a: Blastoise|Body Press|p2a: \u8fd8\u80fd\u53d8\u5f97\u66f4\u5f3a\uff0c\u7532\u8d3a\u5fcd\u86d9\uff01\n|-supereffective|p2a: \u8fd8\u80fd\u53d8\u5f97\u66f4\u5f3a\uff0c\u7532\u8d3a\u5fcd\u86d9\uff01\n|-damage|p2a: \u8fd8\u80fd\u53d8\u5f97\u66f4\u5f3a\uff0c\u7532\u8d3a\u5fcd\u86d9\uff01|0 fnt\n|faint|p2a: \u8fd8\u80fd\u53d8\u5f97\u66f4\u5f3a\uff0c\u7532\u8d3a\u5fcd\u86d9\uff01\n|\n|upkeep\n|\n|t:|1699623079\n|switch|p2a: Moltres|Moltres, shiny|100\/100\n|turn|6\n|\n|t:|1699623083\n|move|p1a: Blastoise|Flip Turn|p2a: Moltres\n|-supereffective|p2a: Moltres\n|-damage|p2a: Moltres|69\/100\n|\n|t:|1699623089\n|switch|p1a: Dragonite|Dragonite, M, shiny|100\/100|[from] Flip Turn\n|move|p2a: Moltres|Fire Blast|p1a: Dragonite\n|-resisted|p1a: Dragonite\n|-damage|p1a: Dragonite|89\/100\n|\n|-heal|p1a: Dragonite|95\/100|[from] item: Leftovers\n|upkeep\n|turn|7\n|\n|t:|1699623096\n|move|p2a: Moltres|Toxic|p1a: Dragonite\n|-status|p1a: Dragonite|tox\n|move|p1a: Dragonite|Curse|p1a: Dragonite\n|-unboost|p1a: Dragonite|spe|1\n|-boost|p1a: Dragonite|atk|1\n|-boost|p1a: Dragonite|def|1\n|\n|-heal|p1a: Dragonite|100\/100 tox|[from] item: Leftovers\n|-damage|p1a: Dragonite|94\/100 tox|[from] psn\n|upkeep\n|turn|8\n|\n|t:|1699623103\n|move|p2a: Moltres|Roost|p2a: Moltres\n|-heal|p2a: Moltres|100\/100\n|-singleturn|p2a: Moltres|move: Roost\n|move|p1a: Dragonite|Dual Wingbeat|p2a: Moltres\n|-damage|p2a: Moltres|71\/100\n|-damage|p2a: Moltres|42\/100\n|-hitcount|p2a: Moltres|2\n|\n|-heal|p1a: Dragonite|100\/100 tox|[from] item: Leftovers\n|-damage|p1a: Dragonite|88\/100 tox|[from] psn\n|upkeep\n|turn|9\n|\n|t:|1699623115\n|switch|p2a: Ferrothorn|Ferrothorn, M, shiny|100\/100\n|move|p1a: Dragonite|Extreme Speed|p2a: Ferrothorn\n|-resisted|p2a: Ferrothorn\n|-damage|p2a: Ferrothorn|82\/100\n|-damage|p1a: Dragonite|76\/100 tox|[from] ability: Iron Barbs|[of] p2a: Ferrothorn\n|\n|-heal|p1a: Dragonite|82\/100 tox|[from] item: Leftovers\n|-damage|p1a: Dragonite|63\/100 tox|[from] psn\n|upkeep\n|turn|10\n|\n|t:|1699623124\n|switch|p1a: Ninetales|Ninetales, M, shiny|100\/100\n|-weather|SunnyDay|[from] ability: Drought|[of] p1a: Ninetales\n|move|p2a: Ferrothorn|Knock Off|p1a: Ninetales\n|-damage|p1a: Ninetales|38\/100\n|-enditem|p1a: Ninetales|Choice Scarf|[from] move: Knock Off|[of] p2a: Ferrothorn\n|\n|-weather|SunnyDay|[upkeep]\n|upkeep\n|turn|11\n|\n|t:|1699623129\n|switch|p1a: Jolteon|Jolteon, F, shiny|100\/100\n|switch|p2a: Moltres|Moltres, shiny|42\/100\n|\n|-weather|SunnyDay|[upkeep]\n|-status|p1a: Jolteon|brn|[from] item: Flame Orb\n|upkeep\n|turn|12\n|\n|t:|1699623139\n|-terastallize|p2a: Moltres|Ghost\n|move|p1a: Jolteon|Weather Ball|p2a: Moltres\n|-damage|p2a: Moltres|0 fnt\n|faint|p2a: Moltres\n|\n|-weather|SunnyDay|[upkeep]\n|-damage|p1a: Jolteon|94\/100 brn|[from] brn\n|upkeep\n|\n|t:|1699623147\n|switch|p2a: \u6211\u6765\u964d\u4e2a\u96e8|Pelipper, M, shiny|100\/100\n|-weather|RainDance|[from] ability: Drizzle|[of] p2a: \u6211\u6765\u964d\u4e2a\u96e8\n|turn|13\n|\n|t:|1699623151\n|switch|p2a: Ferrothorn|Ferrothorn, M, shiny|82\/100\n|move|p1a: Jolteon|Volt Switch|p2a: Ferrothorn\n|-resisted|p2a: Ferrothorn\n|-damage|p2a: Ferrothorn|67\/100\n|\n|t:|1699623153\n|switch|p1a: Ninetales|Ninetales, M, shiny|38\/100|[from] Volt Switch\n|-weather|SunnyDay|[from] ability: Drought|[of] p1a: Ninetales\n|\n|-weather|SunnyDay|[upkeep]\n|upkeep\n|turn|14\n|-message|ookainu forfeited.\n|\n|win|Sirrawrzy\n|raw|Sirrawrzy's rating: 1592 &rarr; <strong>1617<\/strong><br \/>(+25 for winning)\n|raw|ookainu's rating: 1672 &rarr; <strong>1647<\/strong><br \/>(-25 for losing)\n|l|\u2606ookainu\n","uploadtime":1699623162,"views":4,"p1id":"sirrawrzy","p2id":"ookainu","formatid":"gen9nationaldex","rating":1617,"private":0,"password":""}