{"id":"gen9nationaldex-1989391214","p1":"Poofjr","p2":"NguyenKhoa19042011","format":"[Gen 9] National Dex","log":"|j|\u2606Poofjr\n|j|\u2606NguyenKhoa19042011\n|t:|1699844291\n|gametype|singles\n|player|p1|Poofjr|169|1279\n|player|p2|NguyenKhoa19042011|nate|1320\n|teamsize|p1|6\n|teamsize|p2|6\n|gen|9\n|tier|[Gen 9] National Dex\n|rated|\n|rule|HP Percentage Mod: HP is shown in percentages\n|rule|Endless Battle Clause: Forcing endless battles is banned\n|rule|OHKO Clause: OHKO moves are banned\n|rule|Evasion Clause: Evasion abilities, items, and moves are banned\n|rule|Evasion Abilities Clause: Evasion abilities are banned\n|rule|Evasion Items Clause: Evasion items are banned\n|rule|Evasion Moves Clause: Evasion moves are banned\n|rule|Species Clause: Limit one of each Pok\u00e9mon\n|rule|Sleep Clause Mod: Limit one foe put to sleep\n|clearpoke\n|poke|p1|Dragonite, F|\n|poke|p1|Dracozolt|\n|poke|p1|Tyranitar, M|\n|poke|p1|Cinderace, M|\n|poke|p1|Toxapex, F|\n|poke|p1|Zamazenta-*|\n|poke|p2|Tapu Koko|\n|poke|p2|Raichu-Alola, M|\n|poke|p2|Meowscarada, F|\n|poke|p2|Sneasler, M|\n|poke|p2|Xurkitree|\n|poke|p2|Charizard, M|\n|teampreview\n|inactive|Battle timer is ON: inactive players will automatically lose when time's up. (requested by Poofjr)\n|inactive|NguyenKhoa19042011 also wants the timer to be on.\n|\n|t:|1699844307\n|start\n|switch|p1a: Toxapex|Toxapex, F|100\/100\n|switch|p2a: Forstenad|Tapu Koko, shiny|100\/100\n|-fieldstart|move: Electric Terrain|[from] ability: Electric Surge|[of] p2a: Forstenad\n|turn|1\n|\n|t:|1699844319\n|move|p1a: Toxapex|Baneful Bunker|p1a: Toxapex\n|-singleturn|p1a: Toxapex|move: Protect\n|move|p2a: Forstenad|U-turn|p1a: Toxapex\n|-activate|p1a: Toxapex|move: Protect\n|-status|p2a: Forstenad|psn\n|\n|-damage|p2a: Forstenad|88\/100 psn|[from] psn\n|upkeep\n|turn|2\n|\n|t:|1699844337\n|switch|p1a: Tyranitar|Tyranitar, M|100\/100\n|-weather|Sandstorm|[from] ability: Sand Stream|[of] p1a: Tyranitar\n|move|p2a: Forstenad|U-turn|p1a: Tyranitar\n|-supereffective|p1a: Tyranitar\n|-damage|p1a: Tyranitar|64\/100\n|\n|t:|1699844347\n|switch|p2a: Night Claw|Sneasler, M|100\/100|[from] U-turn\n|-enditem|p2a: Night Claw|Electric Seed\n|-boost|p2a: Night Claw|def|1|[from] item: Electric Seed\n|\n|-weather|Sandstorm|[upkeep]\n|-damage|p2a: Night Claw|95\/100|[from] Sandstorm\n|upkeep\n|turn|3\n|\n|t:|1699844362\n|switch|p1a: Toxapex|Toxapex, F|100\/100\n|-terastallize|p2a: Night Claw|Flying\n|move|p2a: Night Claw|Swords Dance|p2a: Night Claw\n|-boost|p2a: Night Claw|atk|2\n|\n|-weather|Sandstorm|[upkeep]\n|-damage|p2a: Night Claw|89\/100|[from] Sandstorm\n|-damage|p1a: Toxapex|94\/100|[from] Sandstorm\n|-heal|p1a: Toxapex|100\/100|[from] item: Black Sludge\n|upkeep\n|turn|4\n|\n|t:|1699844374\n|move|p2a: Night Claw|Acrobatics|p1a: Toxapex\n|-damage|p1a: Toxapex|26\/100\n|move|p1a: Toxapex|Toxic|p2a: Night Claw\n|-status|p2a: Night Claw|tox\n|\n|-weather|Sandstorm|[upkeep]\n|-damage|p2a: Night Claw|83\/100 tox|[from] Sandstorm\n|-damage|p1a: Toxapex|20\/100|[from] Sandstorm\n|-heal|p1a: Toxapex|26\/100|[from] item: Black Sludge\n|-damage|p2a: Night Claw|77\/100 tox|[from] psn\n|upkeep\n|turn|5\n|\n|t:|1699844385\n|move|p1a: Toxapex|Baneful Bunker|p1a: Toxapex\n|-singleturn|p1a: Toxapex|move: Protect\n|move|p2a: Night Claw|Acrobatics|p1a: Toxapex\n|-activate|p1a: Toxapex|move: Protect\n|\n|-weather|Sandstorm|[upkeep]\n|-damage|p2a: Night Claw|71\/100 tox|[from] Sandstorm\n|-damage|p1a: Toxapex|20\/100|[from] Sandstorm\n|-heal|p1a: Toxapex|26\/100|[from] item: Black Sludge\n|-damage|p2a: Night Claw|59\/100 tox|[from] psn\n|upkeep\n|turn|6\n|\n|t:|1699844401\n|switch|p1a: Dracozolt|Dracozolt|100\/100\n|move|p2a: Night Claw|Acrobatics|p1a: Dracozolt\n|-resisted|p1a: Dracozolt\n|-damage|p1a: Dracozolt|32\/100\n|\n|-weather|none\n|-damage|p2a: Night Claw|41\/100 tox|[from] psn\n|upkeep\n|turn|7\n|\n|t:|1699844419\n|switch|p1a: Tyranitar|Tyranitar, M|64\/100\n|-weather|Sandstorm|[from] ability: Sand Stream|[of] p1a: Tyranitar\n|move|p2a: Night Claw|Acrobatics|p1a: Tyranitar\n|-resisted|p1a: Tyranitar\n|-damage|p1a: Tyranitar|16\/100\n|\n|-weather|Sandstorm|[upkeep]\n|-damage|p2a: Night Claw|35\/100 tox|[from] Sandstorm\n|-damage|p2a: Night Claw|11\/100 tox|[from] psn\n|upkeep\n|turn|8\n|inactive|Poofjr has 120 seconds left.\n|inactive|NguyenKhoa19042011 has 120 seconds left.\n|\n|t:|1699844447\n|switch|p1a: Dragonite|Dragonite, F|100\/100\n|move|p2a: Night Claw|Close Combat|p1a: Dragonite\n|-resisted|p1a: Dragonite\n|-damage|p1a: Dragonite|70\/100\n|-unboost|p2a: Night Claw|def|1\n|-unboost|p2a: Night Claw|spd|1\n|\n|-weather|Sandstorm|[upkeep]\n|-damage|p2a: Night Claw|5\/100 tox|[from] Sandstorm\n|-damage|p1a: Dragonite|64\/100|[from] Sandstorm\n|-damage|p2a: Night Claw|0 fnt|[from] psn\n|faint|p2a: Night Claw\n|-fieldend|move: Electric Terrain\n|upkeep\n|inactive|NguyenKhoa19042011 has 120 seconds left.\n|\n|t:|1699844454\n|switch|p2a: Hellfire Warrior|Charizard, M|100\/100\n|turn|9\n|\n|t:|1699844465\n|detailschange|p2a: Hellfire Warrior|Charizard-Mega-X, M\n|-mega|p2a: Hellfire Warrior|Charizard|Charizardite X\n|move|p2a: Hellfire Warrior|Dragon Dance|p2a: Hellfire Warrior\n|-boost|p2a: Hellfire Warrior|atk|1\n|-boost|p2a: Hellfire Warrior|spe|1\n|move|p1a: Dragonite|Curse|p1a: Dragonite\n|-unboost|p1a: Dragonite|spe|1\n|-boost|p1a: Dragonite|atk|1\n|-boost|p1a: Dragonite|def|1\n|\n|-weather|Sandstorm|[upkeep]\n|-damage|p2a: Hellfire Warrior|94\/100|[from] Sandstorm\n|-damage|p1a: Dragonite|58\/100|[from] Sandstorm\n|upkeep\n|turn|10\n|\n|t:|1699844477\n|move|p2a: Hellfire Warrior|Flare Blitz|p1a: Dragonite\n|-resisted|p1a: Dragonite\n|-damage|p1a: Dragonite|15\/100\n|-damage|p2a: Hellfire Warrior|76\/100|[from] Recoil\n|move|p1a: Dragonite|Curse|p1a: Dragonite\n|-unboost|p1a: Dragonite|spe|1\n|-boost|p1a: Dragonite|atk|1\n|-boost|p1a: Dragonite|def|1\n|\n|-weather|Sandstorm|[upkeep]\n|-damage|p2a: Hellfire Warrior|70\/100|[from] Sandstorm\n|-damage|p1a: Dragonite|9\/100|[from] Sandstorm\n|upkeep\n|turn|11\n|\n|t:|1699844490\n|move|p1a: Dragonite|Extreme Speed|p2a: Hellfire Warrior\n|-damage|p2a: Hellfire Warrior|10\/100\n|move|p2a: Hellfire Warrior|Dragon Claw|p1a: Dragonite\n|-supereffective|p1a: Dragonite\n|-damage|p1a: Dragonite|0 fnt\n|faint|p1a: Dragonite\n|\n|-weather|none\n|upkeep\n|inactive|Poofjr has 120 seconds left.\n|\n|t:|1699844500\n|switch|p1a: Toxapex|Toxapex, F|59\/100\n|turn|12\n|\n|t:|1699844507\n|move|p1a: Toxapex|Baneful Bunker|p1a: Toxapex\n|-singleturn|p1a: Toxapex|move: Protect\n|move|p2a: Hellfire Warrior|Dragon Dance|p2a: Hellfire Warrior\n|-boost|p2a: Hellfire Warrior|atk|1\n|-boost|p2a: Hellfire Warrior|spe|1\n|\n|-heal|p1a: Toxapex|66\/100|[from] item: Black Sludge\n|upkeep\n|turn|13\n|\n|t:|1699844517\n|switch|p1a: Tyranitar|Tyranitar, M|16\/100\n|-weather|Sandstorm|[from] ability: Sand Stream|[of] p1a: Tyranitar\n|move|p2a: Hellfire Warrior|Earthquake|p1a: Tyranitar\n|-supereffective|p1a: Tyranitar\n|-damage|p1a: Tyranitar|0 fnt\n|faint|p1a: Tyranitar\n|\n|-weather|Sandstorm|[upkeep]\n|-damage|p2a: Hellfire Warrior|4\/100|[from] Sandstorm\n|upkeep\n|\n|t:|1699844531\n|switch|p1a: Dracozolt|Dracozolt|32\/100\n|turn|14\n|\n|t:|1699844537\n|move|p2a: Hellfire Warrior|Dragon Claw|p1a: Dracozolt\n|-supereffective|p1a: Dracozolt\n|-damage|p1a: Dracozolt|0 fnt\n|faint|p1a: Dracozolt\n|\n|-weather|Sandstorm|[upkeep]\n|-damage|p2a: Hellfire Warrior|0 fnt|[from] Sandstorm\n|faint|p2a: Hellfire Warrior\n|upkeep\n|\n|t:|1699844562\n|switch|p2a: Forstenad|Tapu Koko, shiny|88\/100 psn\n|switch|p1a: Cinderace|Cinderace, M|100\/100\n|-fieldstart|move: Electric Terrain|[from] ability: Electric Surge|[of] p2a: Forstenad\n|turn|15\n|inactive|Poofjr has 120 seconds left.\n|\n|t:|1699844598\n|move|p1a: Cinderace|Gunk Shot|p2a: Forstenad\n|-start|p1a: Cinderace|typechange|Poison|[from] ability: Libero\n|-supereffective|p2a: Forstenad\n|-damage|p2a: Forstenad|0 fnt\n|faint|p2a: Forstenad\n|\n|-weather|Sandstorm|[upkeep]\n|-damage|p1a: Cinderace|95\/100|[from] Sandstorm\n|upkeep\n|\n|t:|1699844616\n|switch|p2a: Electro|Xurkitree|100\/100\n|turn|16\n|\n|t:|1699844639\n|-terastallize|p1a: Cinderace|Fire\n|move|p2a: Electro|Rising Voltage|p1a: Cinderace\n|-hint|Rising Voltage's BP doubled on grounded target.\n|-damage|p1a: Cinderace|0 fnt\n|faint|p1a: Cinderace\n|-ability|p2a: Electro|Beast Boost|boost\n|-boost|p2a: Electro|spa|1\n|\n|-weather|Sandstorm|[upkeep]\n|-damage|p2a: Electro|94\/100|[from] Sandstorm\n|upkeep\n|inactive|Poofjr has 90 seconds left.\n|\n|t:|1699844655\n|switch|p1a: Zamazenta|Zamazenta|100\/100\n|-ability|p1a: Zamazenta|Dauntless Shield|boost\n|-boost|p1a: Zamazenta|def|1\n|turn|17\n|inactive|Poofjr has 90 seconds left.\n|\n|t:|1699844662\n|move|p2a: Electro|Rising Voltage|p1a: Zamazenta\n|-hint|Rising Voltage's BP doubled on grounded target.\n|-damage|p1a: Zamazenta|0 fnt\n|faint|p1a: Zamazenta\n|-ability|p2a: Electro|Beast Boost|boost\n|-boost|p2a: Electro|spa|1\n|\n|-weather|none\n|upkeep\n|c|\u2606NguyenKhoa19042011|gg\n|inactive|Poofjr has 90 seconds left.\n|inactive|Poofjr has 60 seconds left.\n|\n|t:|1699844719\n|switch|p1a: Toxapex|Toxapex, F|99\/100\n|turn|18\n|\n|t:|1699844727\n|move|p1a: Toxapex|Baneful Bunker|p1a: Toxapex\n|-singleturn|p1a: Toxapex|move: Protect\n|move|p2a: Electro|Rising Voltage|p1a: Toxapex\n|-activate|p1a: Toxapex|move: Protect\n|\n|-heal|p1a: Toxapex|100\/100|[from] item: Black Sludge\n|upkeep\n|turn|19\n|\n|t:|1699844736\n|move|p2a: Electro|Rising Voltage|p1a: Toxapex\n|-hint|Rising Voltage's BP doubled on grounded target.\n|-supereffective|p1a: Toxapex\n|-damage|p1a: Toxapex|0 fnt\n|faint|p1a: Toxapex\n|\n|win|NguyenKhoa19042011\n|raw|Poofjr's rating: 1279 &rarr; <strong>1257<\/strong><br \/>(-22 for losing)\n|raw|NguyenKhoa19042011's rating: 1320 &rarr; <strong>1338<\/strong><br \/>(+18 for winning)\n|l|\u2606NguyenKhoa19042011\n","uploadtime":1699844812,"views":5,"p1id":"poofjr","p2id":"nguyenkhoa19042011","formatid":"gen9nationaldex","rating":1257,"private":0,"password":""}