{"id":"gen9nationaldex-1991671266","p1":"AquaWaves","p2":"des121","format":"[Gen 9] National Dex","log":"|j|\u2606AquaWaves\n|j|\u2606des121\n|t:|1700100847\n|gametype|singles\n|player|p1|AquaWaves|nessa-masters|\n|player|p2|des121|teammagmagruntf-gen3|\n|teamsize|p1|6\n|teamsize|p2|6\n|gen|9\n|tier|[Gen 9] National Dex\n|rule|HP Percentage Mod: HP is shown in percentages\n|rule|Endless Battle Clause: Forcing endless battles is banned\n|rule|OHKO Clause: OHKO moves are banned\n|rule|Evasion Clause: Evasion abilities, items, and moves are banned\n|rule|Evasion Abilities Clause: Evasion abilities are banned\n|rule|Evasion Items Clause: Evasion items are banned\n|rule|Evasion Moves Clause: Evasion moves are banned\n|rule|Species Clause: Limit one of each Pok\u00e9mon\n|rule|Sleep Clause Mod: Limit one foe put to sleep\n|clearpoke\n|poke|p1|Corviknight, F|\n|poke|p1|Ribombee, F|\n|poke|p1|Ceruledge, F|\n|poke|p1|Great Tusk|\n|poke|p1|Tapu Lele|\n|poke|p1|Moltres|\n|poke|p2|Tapu Koko|\n|poke|p2|Iron Valiant|\n|poke|p2|Serperior, M|\n|poke|p2|Garchomp, M|\n|poke|p2|Great Tusk|\n|poke|p2|Urshifu-*, F|\n|teampreview\n|inactive|Battle timer is ON: inactive players will automatically lose when time's up. (requested by AquaWaves)\n|c|\u2606des121|first time i play this team on u\n|c|\u2606des121|first is u then ben\n|\n|t:|1700100876\n|start\n|switch|p1a: Gomorrah.FLA|Ceruledge, F|100\/100\n|switch|p2a: Tapu Koko|Tapu Koko|100\/100\n|-fieldstart|move: Electric Terrain|[from] ability: Electric Surge|[of] p2a: Tapu Koko\n|turn|1\n|\n|t:|1700100900\n|move|p2a: Tapu Koko|Light Screen|p2a: Tapu Koko\n|-sidestart|p2: des121|move: Light Screen\n|move|p1a: Gomorrah.FLA|Swords Dance|p1a: Gomorrah.FLA\n|-boost|p1a: Gomorrah.FLA|atk|2\n|\n|upkeep\n|turn|2\n|\n|t:|1700100915\n|move|p2a: Tapu Koko|Reflect|p2a: Tapu Koko\n|-sidestart|p2: des121|Reflect\n|move|p1a: Gomorrah.FLA|Bitter Blade|p2a: Tapu Koko\n|-damage|p2a: Tapu Koko|41\/100\n|\n|upkeep\n|turn|3\n|\n|t:|1700100920\n|move|p2a: Tapu Koko|U-turn|p1a: Gomorrah.FLA\n|-resisted|p1a: Gomorrah.FLA\n|-damage|p1a: Gomorrah.FLA|95\/100\n|-ability|p1a: Gomorrah.FLA|Weak Armor|boost\n|-unboost|p1a: Gomorrah.FLA|def|1\n|-boost|p1a: Gomorrah.FLA|spe|2\n|\n|t:|1700100922\n|switch|p2a: Iron Valiant|Iron Valiant|100\/100|[from] U-turn\n|-activate|p2a: Iron Valiant|ability: Quark Drive\n|-start|p2a: Iron Valiant|quarkdrivespe\n|move|p1a: Gomorrah.FLA|Bitter Blade|p2a: Iron Valiant\n|-damage|p2a: Iron Valiant|37\/100\n|-heal|p1a: Gomorrah.FLA|100\/100|[from] drain|[of] p2a: Iron Valiant\n|\n|upkeep\n|turn|4\n|\n|t:|1700100935\n|-terastallize|p1a: Gomorrah.FLA|Ghost\n|move|p1a: Gomorrah.FLA|Shadow Sneak|p2a: Iron Valiant\n|-damage|p2a: Iron Valiant|2\/100\n|-zpower|p2a: Iron Valiant\n|move|p2a: Iron Valiant|Twinkle Tackle|p1a: Gomorrah.FLA|[zeffect]\n|-enditem|p1a: Gomorrah.FLA|Focus Sash\n|-damage|p1a: Gomorrah.FLA|1\/100\n|-ability|p1a: Gomorrah.FLA|Weak Armor|boost\n|-unboost|p1a: Gomorrah.FLA|def|1\n|-boost|p1a: Gomorrah.FLA|spe|2\n|\n|upkeep\n|turn|5\n|\n|t:|1700100944\n|move|p1a: Gomorrah.FLA|Shadow Sneak|p2a: Iron Valiant\n|-damage|p2a: Iron Valiant|0 fnt\n|faint|p2a: Iron Valiant\n|-end|p2a: Iron Valiant|Quark Drive|[silent]\n|\n|-fieldend|move: Electric Terrain\n|upkeep\n|\n|t:|1700100947\n|switch|p2a: Tapu Koko|Tapu Koko|41\/100\n|-fieldstart|move: Electric Terrain|[from] ability: Electric Surge|[of] p2a: Tapu Koko\n|turn|6\n|j| Spectro Latios8\n|c| Spectro Latios8|i literally got on as i mentioned that XD\n|\n|t:|1700100971\n|move|p1a: Gomorrah.FLA|Bitter Blade|p2a: Tapu Koko\n|-damage|p2a: Tapu Koko|0 fnt\n|-heal|p1a: Gomorrah.FLA|23\/100|[from] drain|[of] p2a: Tapu Koko\n|faint|p2a: Tapu Koko\n|\n|upkeep\n|\n|t:|1700101001\n|switch|p2a: Serperior|Serperior, M|100\/100\n|turn|7\n|\n|t:|1700101004\n|move|p1a: Gomorrah.FLA|Bitter Blade|p2a: Serperior\n|-supereffective|p2a: Serperior\n|-damage|p2a: Serperior|0 fnt\n|-heal|p1a: Gomorrah.FLA|79\/100|[from] drain|[of] p2a: Serperior\n|-damage|p1a: Gomorrah.FLA|63\/100|[from] item: Rocky Helmet|[of] p2a: Serperior\n|faint|p2a: Serperior\n|\n|upkeep\n|\n|t:|1700101009\n|switch|p2a: Garchomp|Garchomp, M|100\/100\n|turn|8\n|\n|t:|1700101018\n|detailschange|p2a: Garchomp|Garchomp-Mega, M\n|-mega|p2a: Garchomp|Garchomp|Garchompite\n|move|p1a: Gomorrah.FLA|Bitter Blade|p2a: Garchomp\n|-resisted|p2a: Garchomp\n|-damage|p2a: Garchomp|78\/100\n|-heal|p1a: Gomorrah.FLA|76\/100|[from] drain|[of] p2a: Garchomp\n|move|p2a: Garchomp|Earthquake|p1a: Gomorrah.FLA\n|-damage|p1a: Gomorrah.FLA|0 fnt\n|faint|p1a: Gomorrah.FLA\n|\n|-sideend|p2: des121|move: Light Screen\n|upkeep\n|c|\u2606des121|ben have u seen this team or nah\n|c| Spectro Latios8|not this one no\n|\n|t:|1700101037\n|switch|p1a: Reverb|Tapu Lele, shiny|100\/100\n|-fieldstart|move: Psychic Terrain|[from] ability: Psychic Surge|[of] p1a: Reverb\n|turn|9\n|c| Spectro Latios8|aqua changes teams all the time XD\n|c|\u2606AquaWaves|do i just win this\n|\n|t:|1700101055\n|move|p1a: Reverb|Moonblast|p2a: Garchomp\n|-supereffective|p2a: Garchomp\n|-damage|p2a: Garchomp|0 fnt\n|faint|p2a: Garchomp\n|\n|-sideend|p2: des121|Reflect\n|upkeep\n|\n|t:|1700101057\n|switch|p2a: Great Tusk|Great Tusk|100\/100\n|turn|10\n|\n|t:|1700101062\n|-terastallize|p2a: Great Tusk|Ground\n|move|p1a: Reverb|Moonblast|p2a: Great Tusk\n|-damage|p2a: Great Tusk|0 fnt\n|faint|p2a: Great Tusk\n|-end|p2a: Great Tusk|Protosynthesis|[silent]\n|\n|upkeep\n|\n|t:|1700101069\n|switch|p2a: Urshifu|Urshifu-Rapid-Strike, F|100\/100\n|turn|11\n|\n|t:|1700101073\n|move|p2a: Urshifu|Surging Strikes|p1a: Reverb\n|-crit|p1a: Reverb\n|-damage|p1a: Reverb|67\/100\n|-crit|p1a: Reverb\n|-damage|p1a: Reverb|37\/100\n|-crit|p1a: Reverb\n|-damage|p1a: Reverb|5\/100\n|-hitcount|p1a: Reverb|3\n|move|p1a: Reverb|Moonblast|p2a: Urshifu\n|-supereffective|p2a: Urshifu\n|-damage|p2a: Urshifu|0 fnt\n|faint|p2a: Urshifu\n|\n|win|AquaWaves\n|c|\u2606des121|gg\n|c|\u2606AquaWaves|i infact do\n|c|\u2606AquaWaves|gg\n","uploadtime":1700101084,"views":4,"p1id":"aquawaves","p2id":"des121","formatid":"gen9nationaldex","rating":0,"private":0,"password":""}