{"id":"gen9nationaldex-1999870807","p1":"Garry97","p2":"taxxquagsires","format":"[Gen 9] National Dex","log":"|html|<div class=\"broadcast-blue\"><strong>[Gen 9] National Dex is currently suspecting Sneasler! For information on how to participate check out the <a href=\"https:\/\/www.smogon.com\/forums\/threads\/sv-national-dex-suspect-8-just-dance.3731534\/\">suspect thread<\/a>.<\/strong><\/div>\n|j|\u2606Garry97\n|j|\u2606taxxquagsires\n|t:|1701124752\n|gametype|singles\n|player|p1|Garry97|eri|1508\n|player|p2|taxxquagsires|102|1517\n|teamsize|p1|6\n|teamsize|p2|6\n|gen|9\n|tier|[Gen 9] National Dex\n|rated|\n|rule|HP Percentage Mod: HP is shown in percentages\n|rule|Endless Battle Clause: Forcing endless battles is banned\n|rule|OHKO Clause: OHKO moves are banned\n|rule|Evasion Clause: Evasion abilities, items, and moves are banned\n|rule|Evasion Abilities Clause: Evasion abilities are banned\n|rule|Evasion Items Clause: Evasion items are banned\n|rule|Evasion Moves Clause: Evasion moves are banned\n|rule|Species Clause: Limit one of each Pok\u00e9mon\n|rule|Sleep Clause Mod: Limit one foe put to sleep\n|clearpoke\n|poke|p1|Houndstone, F|\n|poke|p1|Absol, M|\n|poke|p1|Rotom-Heat|\n|poke|p1|Breloom, M|\n|poke|p1|Blissey, F|\n|poke|p1|Primarina, F|\n|poke|p2|Alomomola, F|\n|poke|p2|Ogerpon-Wellspring, F|\n|poke|p2|Zapdos|\n|poke|p2|Chansey, F|\n|poke|p2|Tapu Lele|\n|poke|p2|Heatran, F|\n|teampreview\n|inactive|Battle timer is ON: inactive players will automatically lose when time's up. (requested by taxxquagsires)\n|\n|t:|1701124772\n|start\n|switch|p1a: Rotom|Rotom-Heat|100\/100\n|switch|p2a: Zapdos|Zapdos, shiny|100\/100\n|turn|1\n|\n|t:|1701124780\n|move|p1a: Rotom|Volt Switch|p2a: Zapdos\n|-damage|p2a: Zapdos|67\/100\n|\n|t:|1701124786\n|switch|p1a: Blissey|Blissey, F|100\/100|[from] Volt Switch\n|move|p2a: Zapdos|Volt Switch|p1a: Blissey\n|-damage|p1a: Blissey|89\/100\n|\n|t:|1701124792\n|switch|p2a: Ogerpon|Ogerpon-Wellspring, F|100\/100|[from] Volt Switch\n|\n|-heal|p1a: Blissey|95\/100|[from] item: Leftovers\n|upkeep\n|turn|2\n|\n|t:|1701124799\n|move|p2a: Ogerpon|Ivy Cudgel|p1a: Blissey|[anim] Ivy Cudgel Water\n|-damage|p1a: Blissey|0 fnt\n|faint|p1a: Blissey\n|\n|upkeep\n|\n|t:|1701124804\n|switch|p1a: Breloom|Breloom, M|100\/100\n|turn|3\n|\n|t:|1701124809\n|switch|p2a: Chansey|Chansey, F, shiny|100\/100\n|move|p1a: Breloom|Spore|p2a: Chansey\n|-status|p2a: Chansey|slp|[from] move: Spore\n|\n|upkeep\n|turn|4\n|\n|t:|1701124816\n|-curestatus|p2a: Chansey|slp|[from] ability: Natural Cure\n|switch|p2a: Tapu Lele|Tapu Lele|100\/100\n|-fieldstart|move: Psychic Terrain|[from] ability: Psychic Surge|[of] p2a: Tapu Lele\n|move|p1a: Breloom|Bullet Seed|p2a: Tapu Lele\n|-damage|p2a: Tapu Lele|70\/100\n|-damage|p2a: Tapu Lele|39\/100\n|-damage|p2a: Tapu Lele|8\/100\n|-damage|p2a: Tapu Lele|0 fnt\n|faint|p2a: Tapu Lele\n|-hitcount|p2: Tapu Lele|4\n|\n|upkeep\n|\n|t:|1701124831\n|switch|p2a: Heatran|Heatran, F, shiny|100\/100\n|turn|5\n|inactive|Garry97 has 120 seconds left.\n|\n|t:|1701124865\n|switch|p1a: Primarina|Primarina, F|100\/100\n|-terastallize|p2a: Heatran|Grass\n|move|p2a: Heatran|Magma Storm|p1a: Primarina|[miss]\n|-miss|p2a: Heatran|p1a: Primarina\n|\n|upkeep\n|turn|6\n|\n|t:|1701124874\n|move|p2a: Heatran|Stealth Rock|p1a: Primarina\n|-sidestart|p1: Garry97|move: Stealth Rock\n|move|p1a: Primarina|Moonblast|p2a: Heatran\n|-damage|p2a: Heatran|48\/100\n|-unboost|p2a: Heatran|spa|1\n|\n|-heal|p2a: Heatran|55\/100|[from] item: Leftovers\n|upkeep\n|turn|7\n|\n|t:|1701124883\n|switch|p2a: Chansey|Chansey, F, shiny|100\/100\n|move|p1a: Primarina|Moonblast|p2a: Chansey\n|-damage|p2a: Chansey|75\/100\n|\n|upkeep\n|turn|8\n|\n|t:|1701124890\n|move|p1a: Primarina|Moonblast|p2a: Chansey\n|-damage|p2a: Chansey|50\/100\n|-unboost|p2a: Chansey|spa|1\n|move|p2a: Chansey|Toxic|p1a: Primarina\n|-status|p1a: Primarina|tox\n|\n|-damage|p1a: Primarina|94\/100 tox|[from] psn\n|-fieldend|move: Psychic Terrain\n|upkeep\n|turn|9\n|\n|t:|1701124900\n|switch|p1a: Absol|Absol, M|100\/100\n|-damage|p1a: Absol|88\/100|[from] Stealth Rock\n|move|p2a: Chansey|Soft-Boiled|p2a: Chansey\n|-heal|p2a: Chansey|99\/100\n|\n|upkeep\n|turn|10\n|\n|t:|1701124908\n|switch|p2a: Alomomola|Alomomola, F, shiny|100\/100\n|detailschange|p1a: Absol|Absol-Mega, M\n|-mega|p1a: Absol|Absol|Absolite\n|move|p1a: Absol|Swords Dance|p1a: Absol\n|-boost|p1a: Absol|atk|2\n|\n|upkeep\n|turn|11\n|\n|t:|1701124916\n|move|p1a: Absol|Swords Dance|p1a: Absol\n|-boost|p1a: Absol|atk|2\n|move|p2a: Alomomola|Flip Turn|p1a: Absol\n|-damage|p1a: Absol|57\/100\n|\n|t:|1701124927\n|switch|p2a: Ogerpon|Ogerpon-Wellspring, F|100\/100|[from] Flip Turn\n|\n|upkeep\n|turn|12\n|\n|t:|1701124933\n|move|p1a: Absol|Sucker Punch|p2a: Ogerpon\n|-damage|p2a: Ogerpon|0 fnt\n|faint|p2a: Ogerpon\n|\n|upkeep\n|\n|t:|1701124945\n|switch|p2a: Alomomola|Alomomola, F, shiny|100\/100\n|turn|13\n|\n|t:|1701124949\n|move|p1a: Absol|Knock Off|p2a: Alomomola\n|-damage|p2a: Alomomola|9\/100\n|-enditem|p2a: Alomomola|Leftovers|[from] move: Knock Off|[of] p1a: Absol\n|move|p2a: Alomomola|Flip Turn|p1a: Absol\n|-damage|p1a: Absol|25\/100\n|\n|t:|1701124954\n|switch|p2a: Chansey|Chansey, F, shiny|99\/100|[from] Flip Turn\n|\n|upkeep\n|turn|14\n|\n|t:|1701124959\n|move|p1a: Absol|Knock Off|p2a: Chansey\n|-damage|p2a: Chansey|0 fnt\n|-enditem|p2a: Chansey|Eviolite|[from] move: Knock Off|[of] p1a: Absol\n|faint|p2a: Chansey\n|\n|upkeep\n|\n|t:|1701124961\n|switch|p2a: Zapdos|Zapdos, shiny|67\/100\n|turn|15\n|\n|t:|1701124967\n|move|p1a: Absol|Knock Off|p2a: Zapdos\n|-damage|p2a: Zapdos|0 fnt\n|-enditem|p2a: Zapdos|Heavy-Duty Boots|[from] move: Knock Off|[of] p1a: Absol\n|faint|p2a: Zapdos\n|\n|upkeep\n|-message|taxxquagsires forfeited.\n|\n|win|Garry97\n|raw|Garry97's rating: 1508 &rarr; <strong>1529<\/strong><br \/>(+21 for winning)\n|raw|taxxquagsires's rating: 1517 &rarr; <strong>1496<\/strong><br \/>(-21 for losing)\n|l|\u2606taxxquagsires\n","uploadtime":1701124979,"views":17,"p1id":"garry97","p2id":"taxxquagsires","formatid":"gen9nationaldex","rating":1496,"private":0,"password":""}