{"id":"gen9nationaldex-1997444744","p1":"sdsslsy","p2":"fart dealer","format":"[Gen 9] National Dex","log":"|html|<div class=\"broadcast-blue\"><strong>[Gen 9] National Dex is currently suspecting Sneasler! For information on how to participate check out the <a href=\"https:\/\/www.smogon.com\/forums\/threads\/sv-national-dex-suspect-8-just-dance.3731534\/\">suspect thread<\/a>.<\/strong><\/div>\n|j|\u2606sdsslsy\n|j|\u2606fart dealer\n|t:|1700806349\n|gametype|singles\n|player|p1|sdsslsy|ethan|1411\n|player|p2|fart dealer|roxie|1387\n|teamsize|p1|6\n|teamsize|p2|6\n|gen|9\n|tier|[Gen 9] National Dex\n|rated|\n|rule|HP Percentage Mod: HP is shown in percentages\n|rule|Endless Battle Clause: Forcing endless battles is banned\n|rule|OHKO Clause: OHKO moves are banned\n|rule|Evasion Clause: Evasion abilities, items, and moves are banned\n|rule|Evasion Abilities Clause: Evasion abilities are banned\n|rule|Evasion Items Clause: Evasion items are banned\n|rule|Evasion Moves Clause: Evasion moves are banned\n|rule|Species Clause: Limit one of each Pok\u00e9mon\n|rule|Sleep Clause Mod: Limit one foe put to sleep\n|clearpoke\n|poke|p1|Zeraora|\n|poke|p1|Ribombee, M|\n|poke|p1|Venusaur, F|\n|poke|p1|Great Tusk|\n|poke|p1|Aegislash, F|\n|poke|p1|Manaphy|\n|poke|p2|Mawile, F|\n|poke|p2|Zamazenta-*|\n|poke|p2|Chansey, F|\n|poke|p2|Slowbro, F|\n|poke|p2|Gliscor, M|\n|poke|p2|Ogerpon-Wellspring, F|\n|teampreview\n|inactive|Battle timer is ON: inactive players will automatically lose when time's up. (requested by sdsslsy)\n|\n|t:|1700806361\n|start\n|switch|p1a: Zeraora|Zeraora|100\/100\n|switch|p2a: eg|Chansey, F|100\/100\n|turn|1\n|\n|t:|1700806376\n|move|p1a: Zeraora|Knock Off|p2a: eg\n|-damage|p2a: eg|72\/100\n|-enditem|p2a: eg|Eviolite|[from] move: Knock Off|[of] p1a: Zeraora\n|move|p2a: eg|Stealth Rock|p1a: Zeraora\n|-sidestart|p1: sdsslsy|move: Stealth Rock\n|\n|upkeep\n|turn|2\n|\n|t:|1700806390\n|switch|p1a: Great Tusk|Great Tusk|100\/100\n|-damage|p1a: Great Tusk|98\/100|[from] Stealth Rock\n|switch|p2a: rawr :3|Mawile, F, shiny|100\/100\n|-ability|p2a: rawr :3|Intimidate|boost\n|-unboost|p1a: Great Tusk|atk|1\n|\n|-heal|p1a: Great Tusk|100\/100|[from] item: Leftovers\n|upkeep\n|turn|3\n|\n|t:|1700806411\n|switch|p2a: baman|Gliscor, M|100\/100\n|move|p1a: Great Tusk|Rapid Spin|p2a: baman\n|-damage|p2a: baman|93\/100\n|-boost|p1a: Great Tusk|spe|1\n|-sideend|p1: sdsslsy|Stealth Rock|[from] move: Rapid Spin|[of] p1a: Great Tusk\n|\n|-status|p2a: baman|tox|[from] item: Toxic Orb\n|upkeep\n|turn|4\n|\n|t:|1700806429\n|-end|p1a: Great Tusk|Protosynthesis|[silent]\n|switch|p1a: Venusaur|Venusaur, F|100\/100\n|move|p2a: baman|U-turn|p1a: Venusaur\n|-damage|p1a: Venusaur|88\/100\n|\n|t:|1700806445\n|switch|p2a: woof!|Zamazenta, shiny|100\/100|[from] U-turn\n|-ability|p2a: woof!|Dauntless Shield|boost\n|-boost|p2a: woof!|def|1\n|\n|upkeep\n|turn|5\n|inactive|fart dealer has 120 seconds left.\n|\n|t:|1700806462\n|detailschange|p1a: Venusaur|Venusaur-Mega, F\n|-mega|p1a: Venusaur|Venusaur|Venusaurite\n|move|p2a: woof!|Ice Fang|p1a: Venusaur\n|-supereffective|p1a: Venusaur\n|-damage|p1a: Venusaur|74\/100\n|-status|p1a: Venusaur|frz\n|cant|p1a: Venusaur|frz\n|\n|upkeep\n|turn|6\n|inactive|fart dealer has 120 seconds left.\n|\n|t:|1700806474\n|switch|p2a: rawr :3|Mawile, F, shiny|100\/100\n|-ability|p2a: rawr :3|Intimidate|boost\n|-unboost|p1a: Venusaur|atk|1\n|cant|p1a: Venusaur|frz\n|\n|upkeep\n|turn|7\n|\n|t:|1700806480\n|switch|p1a: Aegislash|Aegislash, F|100\/100\n|-item|p1a: Aegislash|Air Balloon\n|detailschange|p2a: rawr :3|Mawile-Mega, F, shiny\n|-mega|p2a: rawr :3|Mawile|Mawilite\n|move|p2a: rawr :3|Swords Dance|p2a: rawr :3\n|-boost|p2a: rawr :3|atk|2\n|\n|upkeep\n|turn|8\n|\n|t:|1700806486\n|move|p1a: Aegislash|King's Shield|p1a: Aegislash\n|-singleturn|p1a: Aegislash|Protect\n|move|p2a: rawr :3|Knock Off|p1a: Aegislash\n|-activate|p1a: Aegislash|move: Protect\n|-unboost|p2a: rawr :3|atk|1\n|\n|upkeep\n|turn|9\n|\n|t:|1700806502\n|switch|p1a: Venusaur|Venusaur-Mega, F|74\/100 frz\n|move|p2a: rawr :3|Knock Off|p1a: Venusaur\n|-damage|p1a: Venusaur|34\/100 frz\n|\n|upkeep\n|turn|10\n|\n|t:|1700806510\n|-curestatus|p1a: Venusaur|frz|[msg]\n|move|p1a: Venusaur|Synthesis|p1a: Venusaur\n|-heal|p1a: Venusaur|84\/100\n|move|p2a: rawr :3|Swords Dance|p2a: rawr :3\n|-boost|p2a: rawr :3|atk|2\n|\n|upkeep\n|turn|11\n|\n|t:|1700806532\n|move|p1a: Venusaur|Earth Power|p2a: rawr :3\n|-supereffective|p2a: rawr :3\n|-damage|p2a: rawr :3|39\/100\n|move|p2a: rawr :3|Swords Dance|p2a: rawr :3\n|-boost|p2a: rawr :3|atk|2\n|\n|upkeep\n|turn|12\n|\n|t:|1700806537\n|move|p2a: rawr :3|Sucker Punch|p1a: Venusaur\n|-damage|p1a: Venusaur|0 fnt\n|faint|p1a: Venusaur\n|\n|upkeep\n|\n|t:|1700806541\n|switch|p1a: Great Tusk|Great Tusk|100\/100\n|turn|13\n|\n|t:|1700806547\n|move|p2a: rawr :3|Sucker Punch|p1a: Great Tusk\n|-resisted|p1a: Great Tusk\n|-damage|p1a: Great Tusk|58\/100\n|move|p1a: Great Tusk|Headlong Rush|p2a: rawr :3\n|-supereffective|p2a: rawr :3\n|-damage|p2a: rawr :3|0 fnt\n|-unboost|p1a: Great Tusk|def|1\n|-unboost|p1a: Great Tusk|spd|1\n|faint|p2a: rawr :3\n|\n|-heal|p1a: Great Tusk|64\/100|[from] item: Leftovers\n|upkeep\n|\n|t:|1700806560\n|switch|p2a: woof!|Zamazenta, shiny|100\/100\n|turn|14\n|\n|t:|1700806567\n|-end|p1a: Great Tusk|Protosynthesis|[silent]\n|switch|p1a: Manaphy|Manaphy|100\/100\n|move|p2a: woof!|Crunch|p1a: Manaphy\n|-damage|p1a: Manaphy|76\/100\n|-unboost|p1a: Manaphy|def|1\n|\n|-heal|p1a: Manaphy|82\/100|[from] item: Leftovers\n|upkeep\n|turn|15\n|\n|t:|1700806575\n|switch|p1a: Great Tusk|Great Tusk|64\/100\n|move|p2a: woof!|Close Combat|p1a: Great Tusk\n|-damage|p1a: Great Tusk|34\/100\n|-unboost|p2a: woof!|def|1\n|-unboost|p2a: woof!|spd|1\n|\n|-heal|p1a: Great Tusk|40\/100|[from] item: Leftovers\n|upkeep\n|turn|16\n|\n|t:|1700806591\n|switch|p2a: bing chillin|Slowbro, F|100\/100\n|-terastallize|p1a: Great Tusk|Steel\n|move|p1a: Great Tusk|Headlong Rush|p2a: bing chillin\n|-damage|p2a: bing chillin|71\/100\n|-unboost|p1a: Great Tusk|def|1\n|-unboost|p1a: Great Tusk|spd|1\n|\n|-heal|p1a: Great Tusk|46\/100|[from] item: Leftovers\n|upkeep\n|turn|17\n|\n|t:|1700806613\n|-end|p1a: Great Tusk|Protosynthesis|[silent]\n|switch|p1a: Ribombee|Ribombee, M|100\/100\n|move|p2a: bing chillin|Future Sight|p1a: Ribombee\n|-start|p2a: bing chillin|move: Future Sight\n|\n|upkeep\n|turn|18\n|\n|t:|1700806623\n|move|p1a: Ribombee|Sticky Web|p2a: bing chillin\n|-sidestart|p2: fart dealer|move: Sticky Web\n|move|p2a: bing chillin|Scald|p1a: Ribombee\n|-damage|p1a: Ribombee|55\/100\n|\n|upkeep\n|turn|19\n|\n|t:|1700806639\n|move|p1a: Ribombee|Toxic|p2a: bing chillin|[miss]\n|-miss|p1a: Ribombee|p2a: bing chillin\n|move|p2a: bing chillin|Teleport|p2a: bing chillin\n|\n|t:|1700806644\n|switch|p2a: baman|Gliscor, M|93\/100 tox|[from] Teleport\n|\n|-end|p1a: Ribombee|move: Future Sight\n|-damage|p1a: Ribombee|0 fnt\n|faint|p1a: Ribombee\n|-heal|p2a: baman|100\/100 tox|[from] ability: Poison Heal\n|upkeep\n|\n|t:|1700806660\n|switch|p1a: Manaphy|Manaphy|82\/100\n|turn|20\n|\n|t:|1700806676\n|move|p1a: Manaphy|Ice Beam|p2a: baman\n|-supereffective|p2a: baman\n|-damage|p2a: baman|12\/100 tox\n|move|p2a: baman|U-turn|p1a: Manaphy\n|-damage|p1a: Manaphy|65\/100\n|\n|t:|1700806683\n|switch|p2a: DftDMC\u2122s|Ogerpon-Wellspring, F|100\/100|[from] U-turn\n|-activate|p2a: DftDMC\u2122s|move: Sticky Web\n|-unboost|p2a: DftDMC\u2122s|spe|1\n|\n|-heal|p1a: Manaphy|71\/100|[from] item: Leftovers\n|upkeep\n|turn|21\n|\n|t:|1700806713\n|switch|p1a: Aegislash|Aegislash, F|100\/100\n|-item|p1a: Aegislash|Air Balloon\n|move|p2a: DftDMC\u2122s|Horn Leech|p1a: Aegislash\n|-resisted|p1a: Aegislash\n|-damage|p1a: Aegislash|84\/100\n|-enditem|p1a: Aegislash|Air Balloon\n|\n|upkeep\n|turn|22\n|\n|t:|1700806722\n|move|p2a: DftDMC\u2122s|Swords Dance|p2a: DftDMC\u2122s\n|-boost|p2a: DftDMC\u2122s|atk|2\n|-formechange|p1a: Aegislash|Aegislash-Blade||[from] ability: Stance Change\n|move|p1a: Aegislash|Shadow Ball|p2a: DftDMC\u2122s\n|-damage|p2a: DftDMC\u2122s|45\/100\n|\n|upkeep\n|turn|23\n|\n|t:|1700806749\n|-formechange|p1a: Aegislash|Aegislash||[from] ability: Stance Change\n|move|p1a: Aegislash|King's Shield|p1a: Aegislash\n|-singleturn|p1a: Aegislash|Protect\n|move|p2a: DftDMC\u2122s|Swords Dance|p2a: DftDMC\u2122s\n|-boost|p2a: DftDMC\u2122s|atk|2\n|\n|upkeep\n|turn|24\n|\n|t:|1700806768\n|switch|p1a: Great Tusk|Great Tusk, tera:Steel|46\/100\n|move|p2a: DftDMC\u2122s|Ivy Cudgel|p1a: Great Tusk|[anim] Ivy Cudgel Water\n|-damage|p1a: Great Tusk|0 fnt\n|faint|p1a: Great Tusk\n|-end|p1a: Great Tusk|Protosynthesis|[silent]\n|\n|upkeep\n|\n|t:|1700806770\n|switch|p1a: Zeraora|Zeraora|100\/100\n|turn|25\n|\n|t:|1700806778\n|switch|p2a: baman|Gliscor, M|12\/100 tox\n|move|p1a: Zeraora|Close Combat|p2a: baman\n|-resisted|p2a: baman\n|-damage|p2a: baman|0 fnt\n|-unboost|p1a: Zeraora|def|1\n|-unboost|p1a: Zeraora|spd|1\n|faint|p2a: baman\n|\n|upkeep\n|\n|t:|1700806795\n|switch|p2a: bing chillin|Slowbro, F|100\/100\n|turn|26\n|\n|t:|1700806812\n|switch|p1a: Manaphy|Manaphy|71\/100\n|-terastallize|p2a: bing chillin|Dragon\n|move|p2a: bing chillin|Future Sight|p1a: Manaphy\n|-start|p2a: bing chillin|move: Future Sight\n|\n|-heal|p1a: Manaphy|77\/100|[from] item: Leftovers\n|upkeep\n|turn|27\n|\n|t:|1700806821\n|move|p1a: Manaphy|Tail Glow|p1a: Manaphy\n|-boost|p1a: Manaphy|spa|3\n|move|p2a: bing chillin|Scald|p1a: Manaphy\n|-resisted|p1a: Manaphy\n|-damage|p1a: Manaphy|62\/100\n|\n|-heal|p1a: Manaphy|69\/100|[from] item: Leftovers\n|upkeep\n|turn|28\n|\n|t:|1700806830\n|switch|p2a: eg|Chansey, F|72\/100\n|-activate|p2a: eg|move: Sticky Web\n|-unboost|p2a: eg|spe|1\n|move|p1a: Manaphy|Ice Beam|p2a: eg\n|-damage|p2a: eg|44\/100\n|\n|-end|p1a: Manaphy|move: Future Sight\n|-damage|p1a: Manaphy|27\/100\n|-heal|p1a: Manaphy|33\/100|[from] item: Leftovers\n|upkeep\n|turn|29\n|\n|t:|1700806845\n|move|p1a: Manaphy|Scald|p2a: eg\n|-damage|p2a: eg|1\/100\n|move|p2a: eg|Soft-Boiled|p2a: eg\n|-heal|p2a: eg|51\/100\n|\n|-heal|p1a: Manaphy|39\/100|[from] item: Leftovers\n|upkeep\n|turn|30\n|\n|t:|1700806858\n|move|p1a: Manaphy|Tail Glow|p1a: Manaphy\n|-boost|p1a: Manaphy|spa|3\n|move|p2a: eg|Soft-Boiled|p2a: eg\n|-heal|p2a: eg|100\/100\n|\n|-heal|p1a: Manaphy|46\/100|[from] item: Leftovers\n|upkeep\n|turn|31\n|\n|t:|1700806860\n|move|p1a: Manaphy|Scald|p2a: eg\n|-damage|p2a: eg|35\/100\n|-status|p2a: eg|brn\n|move|p2a: eg|Seismic Toss|p1a: Manaphy\n|-damage|p1a: Manaphy|16\/100\n|\n|-heal|p1a: Manaphy|22\/100|[from] item: Leftovers\n|-damage|p2a: eg|29\/100 brn|[from] brn\n|upkeep\n|turn|32\n|\n|t:|1700806867\n|move|p1a: Manaphy|Scald|p2a: eg\n|-damage|p2a: eg|0 fnt\n|faint|p2a: eg\n|\n|-heal|p1a: Manaphy|29\/100|[from] item: Leftovers\n|upkeep\n|\n|t:|1700806875\n|switch|p2a: woof!|Zamazenta, shiny|100\/100\n|turn|33\n|\n|t:|1700806892\n|move|p2a: woof!|Crunch|p1a: Manaphy\n|-damage|p1a: Manaphy|3\/100\n|move|p1a: Manaphy|Scald|p2a: woof!\n|-damage|p2a: woof!|0 fnt\n|faint|p2a: woof!\n|\n|-heal|p1a: Manaphy|10\/100|[from] item: Leftovers\n|upkeep\n|\n|t:|1700806899\n|switch|p2a: bing chillin|Slowbro, F, tera:Dragon|100\/100\n|turn|34\n|\n|t:|1700806904\n|move|p1a: Manaphy|Ice Beam|p2a: bing chillin\n|-supereffective|p2a: bing chillin\n|-damage|p2a: bing chillin|0 fnt\n|faint|p2a: bing chillin\n|\n|-heal|p1a: Manaphy|16\/100|[from] item: Leftovers\n|upkeep\n|\n|t:|1700806907\n|switch|p2a: DftDMC\u2122s|Ogerpon-Wellspring, F|45\/100\n|-activate|p2a: DftDMC\u2122s|move: Sticky Web\n|-unboost|p2a: DftDMC\u2122s|spe|1\n|turn|35\n|\n|t:|1700806912\n|move|p1a: Manaphy|Energy Ball|p2a: DftDMC\u2122s\n|-damage|p2a: DftDMC\u2122s|0 fnt\n|faint|p2a: DftDMC\u2122s\n|\n|win|sdsslsy\n|raw|sdsslsy's rating: 1421 &rarr; <strong>1439<\/strong><br \/>(+18 for winning)\n|raw|fart dealer's rating: 1387 &rarr; <strong>1369<\/strong><br \/>(-18 for losing)\n|l|\u2606fart dealer\n","uploadtime":1700806925,"views":10,"p1id":"sdsslsy","p2id":"fartdealer","formatid":"gen9nationaldex","rating":1369,"private":0,"password":""}