{"id":"gen9nationaldex-1994852380","p1":"hcgfgch","p2":"reboficial","format":"[Gen 9] National Dex","log":"|html|<div class=\"broadcast-blue\"><strong>[Gen 9] National Dex is currently suspecting Sneasler! For information on how to participate check out the <a href=\"https:\/\/www.smogon.com\/forums\/threads\/sv-national-dex-suspect-8-just-dance.3731534\/\">suspect thread<\/a>.<\/strong><\/div>\n|j|\u2606hcgfgch\n|j|\u2606reboficial\n|t:|1700498690\n|gametype|singles\n|player|p1|hcgfgch|lady|1115\n|player|p2|reboficial|101|1171\n|teamsize|p1|6\n|teamsize|p2|6\n|gen|9\n|tier|[Gen 9] National Dex\n|rated|\n|rule|HP Percentage Mod: HP is shown in percentages\n|rule|Endless Battle Clause: Forcing endless battles is banned\n|rule|OHKO Clause: OHKO moves are banned\n|rule|Evasion Clause: Evasion abilities, items, and moves are banned\n|rule|Evasion Abilities Clause: Evasion abilities are banned\n|rule|Evasion Items Clause: Evasion items are banned\n|rule|Evasion Moves Clause: Evasion moves are banned\n|rule|Species Clause: Limit one of each Pok\u00e9mon\n|rule|Sleep Clause Mod: Limit one foe put to sleep\n|clearpoke\n|poke|p1|Jolteon, F|\n|poke|p1|Haxorus, F|\n|poke|p1|Gyarados, M|\n|poke|p1|Volcarona, F|\n|poke|p1|Lilligant, F|\n|poke|p1|Hippowdon, F|\n|poke|p2|Zeraora|\n|poke|p2|Scizor, F|\n|poke|p2|Greninja-*, F|\n|poke|p2|Moltres|\n|poke|p2|Rillaboom, F|\n|poke|p2|Rotom-Wash|\n|teampreview\n|\n|t:|1700498704\n|start\n|switch|p1a: Gyarados|Gyarados, M|100\/100\n|switch|p2a: Rotom|Rotom-Wash|100\/100\n|-ability|p1a: Gyarados|Intimidate|boost\n|-unboost|p2a: Rotom|atk|1\n|turn|1\n|\n|t:|1700498710\n|switch|p1a: Hippowdon|Hippowdon, F|100\/100\n|move|p2a: Rotom|Volt Switch|p1a: Hippowdon\n|-immune|p1a: Hippowdon\n|\n|upkeep\n|turn|2\n|\n|t:|1700498716\n|move|p2a: Rotom|Hydro Pump|p1a: Hippowdon\n|-supereffective|p1a: Hippowdon\n|-crit|p1a: Hippowdon\n|-damage|p1a: Hippowdon|0 fnt\n|faint|p1a: Hippowdon\n|\n|upkeep\n|\n|t:|1700498727\n|switch|p1a: Haxorus|Haxorus, F, shiny|100\/100\n|-ability|p1a: Haxorus|Mold Breaker\n|turn|3\n|\n|t:|1700498731\n|move|p1a: Haxorus|Dragon Dance|p1a: Haxorus\n|-boost|p1a: Haxorus|atk|1\n|-boost|p1a: Haxorus|spe|1\n|move|p2a: Rotom|Will-O-Wisp|p1a: Haxorus\n|-status|p1a: Haxorus|brn\n|\n|-damage|p1a: Haxorus|94\/100 brn|[from] brn\n|upkeep\n|turn|4\n|\n|t:|1700498742\n|move|p1a: Haxorus|Dragon Dance|p1a: Haxorus\n|-boost|p1a: Haxorus|atk|1\n|-boost|p1a: Haxorus|spe|1\n|move|p2a: Rotom|Hydro Pump|p1a: Haxorus|[miss]\n|-miss|p2a: Rotom|p1a: Haxorus\n|\n|-damage|p1a: Haxorus|88\/100 brn|[from] brn\n|upkeep\n|turn|5\n|\n|t:|1700498749\n|move|p1a: Haxorus|Dragon Dance|p1a: Haxorus\n|-boost|p1a: Haxorus|atk|1\n|-boost|p1a: Haxorus|spe|1\n|move|p2a: Rotom|Hydro Pump|p1a: Haxorus\n|-resisted|p1a: Haxorus\n|-damage|p1a: Haxorus|58\/100 brn\n|\n|-damage|p1a: Haxorus|52\/100 brn|[from] brn\n|upkeep\n|turn|6\n|\n|t:|1700498764\n|-terastallize|p1a: Haxorus|Dragon\n|move|p1a: Haxorus|Outrage|p2a: Rotom\n|-damage|p2a: Rotom|0 fnt\n|faint|p2a: Rotom\n|\n|-damage|p1a: Haxorus|46\/100 brn|[from] brn\n|upkeep\n|\n|t:|1700498773\n|switch|p2a: Rillaboom|Rillaboom, F|100\/100\n|-fieldstart|move: Grassy Terrain|[from] ability: Grassy Surge|[of] p2a: Rillaboom\n|turn|7\n|\n|t:|1700498778\n|-terastallize|p2a: Rillaboom|Grass\n|move|p2a: Rillaboom|Grassy Glide|p1a: Haxorus\n|-resisted|p1a: Haxorus\n|-damage|p1a: Haxorus|0 fnt\n|faint|p1a: Haxorus\n|\n|upkeep\n|\n|t:|1700498788\n|switch|p1a: Volcarona|Volcarona, F|100\/100\n|turn|8\n|\n|t:|1700498799\n|switch|p2a: Greninja|Greninja, F|100\/100\n|move|p1a: Volcarona|Quiver Dance|p1a: Volcarona\n|-boost|p1a: Volcarona|spa|1\n|-boost|p1a: Volcarona|spd|1\n|-boost|p1a: Volcarona|spe|1\n|\n|upkeep\n|turn|9\n|\n|t:|1700498805\n|move|p2a: Greninja|Water Shuriken|p1a: Volcarona\n|-start|p2a: Greninja|typechange|Water|[from] ability: Protean\n|-supereffective|p1a: Volcarona\n|-damage|p1a: Volcarona|91\/100\n|-supereffective|p1a: Volcarona\n|-damage|p1a: Volcarona|79\/100\n|-supereffective|p1a: Volcarona\n|-damage|p1a: Volcarona|68\/100\n|-supereffective|p1a: Volcarona\n|-damage|p1a: Volcarona|57\/100\n|-supereffective|p1a: Volcarona\n|-damage|p1a: Volcarona|46\/100\n|-hitcount|p1a: Volcarona|5\n|move|p1a: Volcarona|Giga Drain|p2a: Greninja\n|-supereffective|p2a: Greninja\n|-damage|p2a: Greninja|0 fnt\n|-heal|p1a: Volcarona|92\/100|[from] drain|[of] p2a: Greninja\n|faint|p2a: Greninja\n|\n|-heal|p1a: Volcarona|98\/100|[from] Grassy Terrain\n|upkeep\n|\n|t:|1700498825\n|switch|p2a: Zeraora|Zeraora|100\/100\n|turn|10\n|\n|t:|1700498836\n|move|p1a: Volcarona|Fiery Dance|p2a: Zeraora\n|-damage|p2a: Zeraora|8\/100\n|-boost|p1a: Volcarona|spa|1\n|move|p2a: Zeraora|Thunderbolt|p1a: Volcarona\n|-damage|p1a: Volcarona|63\/100\n|-damage|p2a: Zeraora|0 fnt|[from] item: Life Orb\n|faint|p2a: Zeraora\n|\n|-heal|p1a: Volcarona|69\/100|[from] Grassy Terrain\n|upkeep\n|\n|t:|1700498847\n|switch|p2a: Rillaboom|Rillaboom, F, tera:Grass|100\/100\n|turn|11\n|\n|t:|1700498852\n|move|p1a: Volcarona|Bug Buzz|p2a: Rillaboom\n|-supereffective|p2a: Rillaboom\n|-damage|p2a: Rillaboom|0 fnt\n|faint|p2a: Rillaboom\n|\n|-heal|p1a: Volcarona|75\/100|[from] Grassy Terrain\n|-fieldend|move: Grassy Terrain\n|upkeep\n|\n|t:|1700498860\n|switch|p2a: Moltres|Moltres|100\/100\n|turn|12\n|\n|t:|1700498865\n|move|p1a: Volcarona|Fiery Dance|p2a: Moltres\n|-resisted|p2a: Moltres\n|-damage|p2a: Moltres|51\/100\n|move|p2a: Moltres|Flamethrower|p1a: Volcarona\n|-damage|p1a: Volcarona|49\/100\n|\n|upkeep\n|turn|13\n|\n|t:|1700498875\n|move|p1a: Volcarona|Fiery Dance|p2a: Moltres\n|-resisted|p2a: Moltres\n|-damage|p2a: Moltres|0 fnt\n|faint|p2a: Moltres\n|\n|upkeep\n|-message|reboficial forfeited.\n|\n|win|hcgfgch\n|raw|hcgfgch's rating: 1115 &rarr; <strong>1144<\/strong><br \/>(+29 for winning)\n|raw|reboficial's rating: 1171 &rarr; <strong>1142<\/strong><br \/>(-29 for losing)\n|l|\u2606reboficial\n","uploadtime":1700498884,"views":7,"p1id":"hcgfgch","p2id":"reboficial","formatid":"gen9nationaldex","rating":1142,"private":0,"password":""}