{"id":"gen9nationaldex-1993106052","p1":"FTLJustice","p2":"Tactical31","format":"[Gen 9] National Dex","log":"|j|\u2606FTLJustice\n|j|\u2606Tactical31\n|t:|1700265441\n|gametype|singles\n|player|p1|FTLJustice|blue|1190\n|player|p2|Tactical31|iris|1106\n|teamsize|p1|6\n|teamsize|p2|6\n|gen|9\n|tier|[Gen 9] National Dex\n|rated|\n|rule|HP Percentage Mod: HP is shown in percentages\n|rule|Endless Battle Clause: Forcing endless battles is banned\n|rule|OHKO Clause: OHKO moves are banned\n|rule|Evasion Clause: Evasion abilities, items, and moves are banned\n|rule|Evasion Abilities Clause: Evasion abilities are banned\n|rule|Evasion Items Clause: Evasion items are banned\n|rule|Evasion Moves Clause: Evasion moves are banned\n|rule|Species Clause: Limit one of each Pok\u00e9mon\n|rule|Sleep Clause Mod: Limit one foe put to sleep\n|clearpoke\n|poke|p1|Swampert, F|\n|poke|p1|Pelipper, M|\n|poke|p1|Armaldo, M|\n|poke|p1|Pawmot, F|\n|poke|p1|Samurott-Hisui, M|\n|poke|p1|Sneasler, F|\n|poke|p2|Kommo-o, F|\n|poke|p2|Hawlucha, M|\n|poke|p2|Thundurus-Therian, M|\n|poke|p2|Landorus-Therian, M|\n|poke|p2|Bisharp, F|\n|poke|p2|Oricorio, F|\n|teampreview\n|\n|t:|1700265451\n|start\n|switch|p1a: Samurott|Samurott-Hisui, M|100\/100\n|switch|p2a: Landorus|Landorus-Therian, M|100\/100\n|-ability|p2a: Landorus|Intimidate|boost\n|-unboost|p1a: Samurott|atk|1\n|turn|1\n|\n|t:|1700265467\n|move|p2a: Landorus|Stealth Rock|p1a: Samurott\n|-sidestart|p1: FTLJustice|move: Stealth Rock\n|move|p1a: Samurott|Ceaseless Edge|p2a: Landorus\n|-damage|p2a: Landorus|46\/100\n|-sidestart|p2: Tactical31|Spikes\n|\n|upkeep\n|turn|2\n|\n|t:|1700265474\n|move|p2a: Landorus|U-turn|p1a: Samurott\n|-supereffective|p1a: Samurott\n|-damage|p1a: Samurott|31\/100\n|\n|t:|1700265492\n|switch|p2a: Kommo-o|Kommo-o, F|100\/100|[from] U-turn\n|-damage|p2a: Kommo-o|88\/100|[from] Spikes\n|move|p1a: Samurott|Ceaseless Edge|p2a: Kommo-o|[miss]\n|-miss|p1a: Samurott|p2a: Kommo-o\n|\n|upkeep\n|turn|3\n|\n|t:|1700265536\n|switch|p1a: Pelipper|Pelipper, M|100\/100\n|-damage|p1a: Pelipper|75\/100|[from] Stealth Rock\n|-weather|RainDance|[from] ability: Drizzle|[of] p1a: Pelipper\n|move|p2a: Kommo-o|Clangorous Soul|p2a: Kommo-o\n|-boost|p2a: Kommo-o|atk|1\n|-boost|p2a: Kommo-o|def|1\n|-boost|p2a: Kommo-o|spa|1\n|-boost|p2a: Kommo-o|spd|1\n|-boost|p2a: Kommo-o|spe|1\n|-damage|p2a: Kommo-o|55\/100\n|\n|-weather|RainDance|[upkeep]\n|upkeep\n|turn|4\n|\n|t:|1700265549\n|move|p2a: Kommo-o|Boomburst|p1a: Pelipper\n|-damage|p1a: Pelipper|0 fnt\n|faint|p1a: Pelipper\n|\n|-weather|RainDance|[upkeep]\n|upkeep\n|\n|t:|1700265582\n|switch|p1a: Pawmot|Pawmot, F|100\/100\n|-damage|p1a: Pawmot|94\/100|[from] Stealth Rock\n|turn|5\n|\n|t:|1700265594\n|move|p1a: Pawmot|Fake Out|p2a: Kommo-o\n|-damage|p2a: Kommo-o|46\/100\n|cant|p2a: Kommo-o|flinch\n|\n|-weather|RainDance|[upkeep]\n|upkeep\n|turn|6\n|\n|t:|1700265631\n|switch|p1a: Samurott|Samurott-Hisui, M|31\/100\n|-damage|p1a: Samurott|18\/100|[from] Stealth Rock\n|move|p2a: Kommo-o|Clanging Scales|p1a: Samurott\n|-damage|p1a: Samurott|0 fnt\n|faint|p1a: Samurott\n|-unboost|p2a: Kommo-o|def|1\n|\n|-weather|RainDance|[upkeep]\n|upkeep\n|\n|t:|1700265649\n|switch|p1a: Swampert|Swampert, F|100\/100\n|-damage|p1a: Swampert|94\/100|[from] Stealth Rock\n|turn|7\n|\n|t:|1700265663\n|detailschange|p1a: Swampert|Swampert-Mega, F\n|-mega|p1a: Swampert|Swampert|Swampertite\n|move|p2a: Kommo-o|Clanging Scales|p1a: Swampert\n|-damage|p1a: Swampert|35\/100\n|-unboost|p2a: Kommo-o|def|1\n|move|p1a: Swampert|Liquidation|p2a: Kommo-o\n|-resisted|p2a: Kommo-o\n|-damage|p2a: Kommo-o|0 fnt\n|faint|p2a: Kommo-o\n|\n|-weather|RainDance|[upkeep]\n|upkeep\n|\n|t:|1700265695\n|switch|p2a: Landorus|Landorus-Therian, M|46\/100\n|-ability|p2a: Landorus|Intimidate|boost\n|-unboost|p1a: Swampert|atk|1\n|turn|8\n|\n|t:|1700265700\n|move|p1a: Swampert|Liquidation|p2a: Landorus\n|-supereffective|p2a: Landorus\n|-damage|p2a: Landorus|0 fnt\n|faint|p2a: Landorus\n|\n|-weather|RainDance|[upkeep]\n|upkeep\n|\n|t:|1700265718\n|switch|p2a: Bisharp|Bisharp, F|100\/100\n|-damage|p2a: Bisharp|88\/100|[from] Spikes\n|turn|9\n|\n|t:|1700265722\n|move|p2a: Bisharp|Sucker Punch|p1a: Swampert\n|-damage|p1a: Swampert|3\/100\n|move|p1a: Swampert|Earthquake|p2a: Bisharp\n|-supereffective|p2a: Bisharp\n|-damage|p2a: Bisharp|27\/100\n|\n|-weather|RainDance|[upkeep]\n|upkeep\n|turn|10\n|\n|t:|1700265729\n|switch|p1a: Pawmot|Pawmot, F|94\/100\n|-damage|p1a: Pawmot|88\/100|[from] Stealth Rock\n|move|p2a: Bisharp|Sucker Punch||[still]\n|-fail|p2a: Bisharp\n|\n|-weather|none\n|upkeep\n|turn|11\n|\n|t:|1700265739\n|switch|p2a: Thundurus|Thundurus-Therian, M|100\/100\n|move|p1a: Pawmot|Revival Blessing|p1a: Pawmot\n|-enditem|p1a: Pawmot|Leppa Berry|[eat]\n|-activate|p1a: Pawmot|item: Leppa Berry|Revival Blessing|[consumed]\n|\n|t:|1700265751\n|-heal|p1: Pelipper|50\/100|[from] move: Revival Blessing\n|\n|upkeep\n|turn|12\n|\n|t:|1700265806\n|switch|p1a: Swampert|Swampert-Mega, F|3\/100\n|-damage|p1a: Swampert|0 fnt|[from] Stealth Rock\n|faint|p1a: Swampert\n|move|p2a: Thundurus|Volt Switch|p1: Swampert|[notarget]\n|-fail|p2a: Thundurus\n|\n|upkeep\n|\n|t:|1700265818\n|switch|p1a: Pelipper|Pelipper, M|50\/100\n|-damage|p1a: Pelipper|25\/100|[from] Stealth Rock\n|-weather|RainDance|[from] ability: Drizzle|[of] p1a: Pelipper\n|turn|13\n|\n|t:|1700265824\n|switch|p1a: Pawmot|Pawmot, F|88\/100\n|-damage|p1a: Pawmot|82\/100|[from] Stealth Rock\n|move|p2a: Thundurus|Volt Switch|p1a: Pawmot\n|-heal|p1a: Pawmot|100\/100|[from] ability: Volt Absorb|[of] p2a: Thundurus\n|\n|-weather|RainDance|[upkeep]\n|upkeep\n|turn|14\n|\n|t:|1700265830\n|move|p1a: Pawmot|Revival Blessing|p1a: Pawmot\n|\n|t:|1700265834\n|-heal|p1: Swampert|50\/100|[from] move: Revival Blessing\n|move|p2a: Thundurus|Weather Ball|p1a: Pawmot\n|-damage|p1a: Pawmot|0 fnt\n|faint|p1a: Pawmot\n|\n|-weather|RainDance|[upkeep]\n|upkeep\n|\n|t:|1700265840\n|switch|p1a: Armaldo|Armaldo, M|100\/100\n|-damage|p1a: Armaldo|76\/100|[from] Stealth Rock\n|turn|15\n|\n|t:|1700265850\n|switch|p2a: Bisharp|Bisharp, F|27\/100\n|-damage|p2a: Bisharp|14\/100|[from] Spikes\n|-terastallize|p1a: Armaldo|Water\n|move|p1a: Armaldo|Swords Dance|p1a: Armaldo\n|-boost|p1a: Armaldo|atk|2\n|\n|-weather|RainDance|[upkeep]\n|upkeep\n|turn|16\n|\n|t:|1700265869\n|-terastallize|p2a: Bisharp|Dark\n|move|p1a: Armaldo|Aqua Jet|p2a: Bisharp\n|-crit|p2a: Bisharp\n|-damage|p2a: Bisharp|0 fnt\n|faint|p2a: Bisharp\n|\n|-weather|RainDance|[upkeep]\n|upkeep\n|\n|t:|1700265895\n|switch|p2a: Oricorio|Oricorio, F|100\/100\n|turn|17\n|\n|t:|1700265901\n|move|p1a: Armaldo|Aqua Jet|p2a: Oricorio\n|-supereffective|p2a: Oricorio\n|-damage|p2a: Oricorio|0 fnt\n|faint|p2a: Oricorio\n|\n|-weather|RainDance|[upkeep]\n|upkeep\n|\n|t:|1700265904\n|switch|p2a: Thundurus|Thundurus-Therian, M|100\/100\n|turn|18\n|\n|t:|1700265909\n|move|p1a: Armaldo|Stone Edge|p2a: Thundurus\n|-supereffective|p2a: Thundurus\n|-damage|p2a: Thundurus|0 fnt\n|faint|p2a: Thundurus\n|\n|-weather|RainDance|[upkeep]\n|upkeep\n|\n|t:|1700265911\n|switch|p2a: Hawlucha|Hawlucha, M|100\/100\n|turn|19\n|\n|t:|1700265926\n|move|p2a: Hawlucha|Endure|p2a: Hawlucha\n|-singleturn|p2a: Hawlucha|move: Endure\n|move|p1a: Armaldo|Aqua Jet|p2a: Hawlucha\n|-damage|p2a: Hawlucha|3\/100\n|-enditem|p2a: Hawlucha|Liechi Berry|[eat]\n|-boost|p2a: Hawlucha|atk|1|[from] item: Liechi Berry\n|\n|-weather|RainDance|[upkeep]\n|upkeep\n|turn|20\n|\n|t:|1700265939\n|move|p1a: Armaldo|Aqua Jet|p2a: Hawlucha\n|-damage|p2a: Hawlucha|0 fnt\n|faint|p2a: Hawlucha\n|\n|win|FTLJustice\n|raw|FTLJustice's rating: 1190 &rarr; <strong>1209<\/strong><br \/>(+19 for winning)\n|raw|Tactical31's rating: 1106 &rarr; <strong>1087<\/strong><br \/>(-19 for losing)\n|l|\u2606Tactical31\n","uploadtime":1700265962,"views":28,"p1id":"ftljustice","p2id":"tactical31","formatid":"gen9nationaldex","rating":1087,"private":0,"password":""}