{"id":"gen9nationaldex-1990201268","p1":"gwrifter","p2":"poptart12","format":"[Gen 9] National Dex","log":"|j|\u2606gwrifter\n|j|\u2606poptart12\n|t:|1699936544\n|gametype|singles\n|player|p1|gwrifter|grimsley|\n|player|p2|poptart12|ingo|\n|teamsize|p1|6\n|teamsize|p2|6\n|gen|9\n|tier|[Gen 9] National Dex\n|rule|HP Percentage Mod: HP is shown in percentages\n|rule|Endless Battle Clause: Forcing endless battles is banned\n|rule|OHKO Clause: OHKO moves are banned\n|rule|Evasion Clause: Evasion abilities, items, and moves are banned\n|rule|Evasion Abilities Clause: Evasion abilities are banned\n|rule|Evasion Items Clause: Evasion items are banned\n|rule|Evasion Moves Clause: Evasion moves are banned\n|rule|Species Clause: Limit one of each Pok\u00e9mon\n|rule|Sleep Clause Mod: Limit one foe put to sleep\n|clearpoke\n|poke|p1|Alomomola, F|\n|poke|p1|Reuniclus, M|\n|poke|p1|Sableye, M|\n|poke|p1|Ferrothorn, F|\n|poke|p1|Gliscor, F|\n|poke|p1|Chansey, F|\n|poke|p2|Iron Moth|\n|poke|p2|Tapu Koko|\n|poke|p2|Iron Treads|\n|poke|p2|Tornadus-Therian, M|\n|poke|p2|Alomomola, M|\n|poke|p2|Iron Valiant|\n|teampreview\n|\n|t:|1699936564\n|start\n|switch|p1a: Ferrothorn|Ferrothorn, F|100\/100\n|switch|p2a: Tapu Koko|Tapu Koko|100\/100\n|-fieldstart|move: Electric Terrain|[from] ability: Electric Surge|[of] p2a: Tapu Koko\n|turn|1\n|\n|t:|1699936575\n|move|p2a: Tapu Koko|Thunderbolt|p1a: Ferrothorn\n|-resisted|p1a: Ferrothorn\n|-damage|p1a: Ferrothorn|82\/100\n|-status|p1a: Ferrothorn|par\n|move|p1a: Ferrothorn|Gyro Ball|p2a: Tapu Koko\n|-damage|p2a: Tapu Koko|35\/100\n|\n|-heal|p1a: Ferrothorn|89\/100 par|[from] item: Leftovers\n|upkeep\n|turn|2\n|\n|t:|1699936584\n|switch|p2a: Iron Moth|Iron Moth|100\/100\n|-activate|p2a: Iron Moth|ability: Quark Drive\n|-start|p2a: Iron Moth|quarkdrivespa\n|move|p1a: Ferrothorn|Thunder Wave|p2a: Iron Moth\n|-status|p2a: Iron Moth|par\n|\n|-heal|p1a: Ferrothorn|95\/100 par|[from] item: Leftovers\n|upkeep\n|turn|3\n|\n|t:|1699936598\n|switch|p1a: Chansey|Chansey, F|100\/100\n|move|p2a: Iron Moth|Energy Ball|p1a: Chansey\n|-damage|p1a: Chansey|87\/100\n|\n|upkeep\n|turn|4\n|\n|t:|1699936606\n|-end|p2a: Iron Moth|Quark Drive|[silent]\n|switch|p2a: Tornadus|Tornadus-Therian, M|100\/100\n|move|p1a: Chansey|Seismic Toss|p2a: Tornadus\n|-damage|p2a: Tornadus|73\/100\n|\n|upkeep\n|turn|5\n|\n|t:|1699936611\n|move|p2a: Tornadus|Knock Off|p1a: Chansey\n|-damage|p1a: Chansey|75\/100\n|-enditem|p1a: Chansey|Eviolite|[from] move: Knock Off|[of] p2a: Tornadus\n|move|p1a: Chansey|Toxic|p2a: Tornadus\n|-status|p2a: Tornadus|tox\n|\n|-damage|p2a: Tornadus|67\/100 tox|[from] psn\n|-fieldend|move: Electric Terrain\n|upkeep\n|turn|6\n|\n|t:|1699936619\n|move|p2a: Tornadus|U-turn|p1a: Chansey\n|-damage|p1a: Chansey|61\/100\n|\n|t:|1699936628\n|switch|p2a: Iron Moth|Iron Moth|100\/100 par|[from] U-turn\n|move|p1a: Chansey|Wish|p1a: Chansey\n|\n|upkeep\n|turn|7\n|\n|t:|1699936634\n|move|p2a: Iron Moth|Fiery Dance|p1a: Chansey\n|-damage|p1a: Chansey|40\/100\n|move|p1a: Chansey|Seismic Toss|p2a: Iron Moth\n|-damage|p2a: Iron Moth|67\/100 par\n|\n|-heal|p1a: Chansey|90\/100|[from] move: Wish|[wisher] Chansey\n|upkeep\n|turn|8\n|\n|t:|1699936645\n|-end|p2a: Iron Moth|Quark Drive|[silent]\n|switch|p2a: Tornadus|Tornadus-Therian, M|99\/100 tox\n|switch|p1a: Alomomola|Alomomola, F|100\/100\n|\n|-damage|p2a: Tornadus|94\/100 tox|[from] psn\n|upkeep\n|turn|9\n|\n|t:|1699936656\n|move|p2a: Tornadus|Knock Off|p1a: Alomomola\n|-damage|p1a: Alomomola|90\/100\n|-enditem|p1a: Alomomola|Heavy-Duty Boots|[from] move: Knock Off|[of] p2a: Tornadus\n|move|p1a: Alomomola|Flip Turn|p2a: Tornadus\n|-damage|p2a: Tornadus|77\/100 tox\n|\n|t:|1699936666\n|switch|p1a: Sableye|Sableye, M|100\/100|[from] Flip Turn\n|\n|-damage|p2a: Tornadus|65\/100 tox|[from] psn\n|upkeep\n|turn|10\n|\n|t:|1699936672\n|detailschange|p1a: Sableye|Sableye-Mega, M\n|-mega|p1a: Sableye|Sableye|Sablenite\n|move|p2a: Tornadus|Knock Off|p1a: Sableye\n|-crit|p1a: Sableye\n|-damage|p1a: Sableye|81\/100\n|move|p1a: Sableye|Knock Off|p2a: Tornadus\n|-damage|p2a: Tornadus|33\/100 tox\n|-enditem|p2a: Tornadus|Assault Vest|[from] move: Knock Off|[of] p1a: Sableye\n|\n|-damage|p2a: Tornadus|14\/100 tox|[from] psn\n|upkeep\n|turn|11\n|\n|t:|1699936681\n|move|p2a: Tornadus|U-turn|p1a: Sableye\n|-damage|p1a: Sableye|68\/100\n|\n|t:|1699936685\n|switch|p2a: Tapu Koko|Tapu Koko|35\/100|[from] U-turn\n|-fieldstart|move: Electric Terrain|[from] ability: Electric Surge|[of] p2a: Tapu Koko\n|move|p1a: Sableye|Will-O-Wisp|p2a: Tapu Koko\n|-status|p2a: Tapu Koko|brn\n|\n|-damage|p2a: Tapu Koko|29\/100 brn|[from] brn\n|upkeep\n|turn|12\n|\n|t:|1699936694\n|move|p1a: Sableye|Protect|p1a: Sableye\n|-singleturn|p1a: Sableye|Protect\n|move|p2a: Tapu Koko|Dazzling Gleam|p1a: Sableye\n|-activate|p1a: Sableye|move: Protect\n|\n|-damage|p2a: Tapu Koko|23\/100 brn|[from] brn\n|upkeep\n|turn|13\n|\n|t:|1699936702\n|switch|p2a: Iron Treads|Iron Treads|100\/100\n|-activate|p2a: Iron Treads|ability: Quark Drive\n|-start|p2a: Iron Treads|quarkdriveatk\n|switch|p1a: Chansey|Chansey, F|90\/100\n|\n|upkeep\n|turn|14\n|\n|t:|1699936709\n|move|p2a: Iron Treads|Stealth Rock|p1a: Chansey\n|-sidestart|p1: gwrifter|move: Stealth Rock\n|move|p1a: Chansey|Seismic Toss|p2a: Iron Treads\n|-damage|p2a: Iron Treads|69\/100\n|\n|-heal|p2a: Iron Treads|76\/100|[from] item: Leftovers\n|upkeep\n|turn|15\n|\n|t:|1699936716\n|move|p2a: Iron Treads|Earthquake|p1a: Chansey\n|-damage|p1a: Chansey|28\/100\n|move|p1a: Chansey|Wish|p1a: Chansey\n|\n|-heal|p2a: Iron Treads|82\/100|[from] item: Leftovers\n|-fieldend|move: Electric Terrain\n|-end|p2a: Iron Treads|Quark Drive\n|upkeep\n|turn|16\n|\n|t:|1699936723\n|switch|p1a: Ferrothorn|Ferrothorn, F|95\/100 par\n|-damage|p1a: Ferrothorn|89\/100 par|[from] Stealth Rock\n|move|p2a: Iron Treads|Earthquake|p1a: Ferrothorn\n|-damage|p1a: Ferrothorn|56\/100 par\n|\n|-heal|p1a: Ferrothorn|100\/100 par|[from] move: Wish|[wisher] Chansey\n|-heal|p2a: Iron Treads|88\/100|[from] item: Leftovers\n|upkeep\n|turn|17\n|\n|t:|1699936736\n|-end|p2a: Iron Treads|Quark Drive|[silent]\n|switch|p2a: Alomomola|Alomomola, M|100\/100\n|move|p1a: Ferrothorn|Spikes|p2a: Alomomola\n|-sidestart|p2: poptart12|Spikes\n|\n|upkeep\n|turn|18\n|\n|t:|1699936741\n|move|p2a: Alomomola|Wish|p2a: Alomomola\n|cant|p1a: Ferrothorn|par\n|\n|upkeep\n|turn|19\n|\n|t:|1699936746\n|switch|p2a: Iron Moth|Iron Moth|67\/100 par\n|-damage|p2a: Iron Moth|55\/100 par|[from] Spikes\n|move|p1a: Ferrothorn|Stealth Rock|p2a: Iron Moth\n|-sidestart|p2: poptart12|move: Stealth Rock\n|\n|-heal|p2a: Iron Moth|100\/100 par|[from] move: Wish|[wisher] Alomomola\n|upkeep\n|turn|20\n|\n|t:|1699936758\n|switch|p1a: Alomomola|Alomomola, F|100\/100\n|-damage|p1a: Alomomola|88\/100|[from] Stealth Rock\n|move|p2a: Iron Moth|Overheat|p1a: Alomomola\n|-resisted|p1a: Alomomola\n|-damage|p1a: Alomomola|43\/100\n|-unboost|p2a: Iron Moth|spa|2\n|\n|upkeep\n|turn|21\n|\n|t:|1699936776\n|-end|p2a: Iron Moth|Quark Drive|[silent]\n|switch|p2a: Tornadus|Tornadus-Therian, M|47\/100 tox\n|-damage|p2a: Tornadus|23\/100 tox|[from] Stealth Rock\n|move|p1a: Alomomola|Wish|p1a: Alomomola\n|\n|-damage|p2a: Tornadus|17\/100 tox|[from] psn\n|upkeep\n|turn|22\n|\n|t:|1699936783\n|move|p2a: Tornadus|U-turn|p1a: Alomomola\n|-damage|p1a: Alomomola|35\/100\n|\n|t:|1699936789\n|switch|p2a: Iron Treads|Iron Treads|88\/100|[from] U-turn\n|-damage|p2a: Iron Treads|76\/100|[from] Spikes\n|-damage|p2a: Iron Treads|72\/100|[from] Stealth Rock\n|move|p1a: Alomomola|Flip Turn|p2a: Iron Treads\n|-supereffective|p2a: Iron Treads\n|-damage|p2a: Iron Treads|40\/100\n|\n|t:|1699936797\n|switch|p1a: Chansey|Chansey, F|28\/100|[from] Flip Turn\n|-damage|p1a: Chansey|16\/100|[from] Stealth Rock\n|\n|-heal|p1a: Chansey|54\/100|[from] move: Wish|[wisher] Alomomola\n|-heal|p2a: Iron Treads|46\/100|[from] item: Leftovers\n|upkeep\n|turn|23\n|\n|t:|1699936806\n|move|p2a: Iron Treads|Rapid Spin|p1a: Chansey\n|-damage|p1a: Chansey|37\/100\n|-boost|p2a: Iron Treads|spe|1\n|-sideend|p2: poptart12|Spikes|[from] move: Rapid Spin|[of] p2a: Iron Treads\n|-sideend|p2: poptart12|Stealth Rock|[from] move: Rapid Spin|[of] p2a: Iron Treads\n|move|p1a: Chansey|Wish|p1a: Chansey\n|\n|-heal|p2a: Iron Treads|53\/100|[from] item: Leftovers\n|upkeep\n|turn|24\n|\n|t:|1699936814\n|-end|p2a: Iron Treads|Quark Drive|[silent]\n|switch|p2a: Alomomola|Alomomola, M|100\/100\n|switch|p1a: Ferrothorn|Ferrothorn, F|100\/100 par\n|-damage|p1a: Ferrothorn|94\/100 par|[from] Stealth Rock\n|\n|-heal|p1a: Ferrothorn|100\/100 par|[from] move: Wish|[wisher] Chansey\n|upkeep\n|turn|25\n|\n|t:|1699936823\n|move|p2a: Alomomola|Wish|p2a: Alomomola\n|move|p1a: Ferrothorn|Thunder Wave|p2a: Alomomola\n|-status|p2a: Alomomola|par\n|\n|upkeep\n|turn|26\n|\n|t:|1699936839\n|switch|p2a: Tornadus|Tornadus-Therian, M|50\/100 tox\n|move|p1a: Ferrothorn|Stealth Rock|p2a: Tornadus\n|-sidestart|p2: poptart12|move: Stealth Rock\n|\n|-heal|p2a: Tornadus|100\/100 tox|[from] move: Wish|[wisher] Alomomola\n|-damage|p2a: Tornadus|94\/100 tox|[from] psn\n|upkeep\n|turn|27\n|\n|t:|1699936850\n|-terastallize|p1a: Ferrothorn|Water\n|move|p2a: Tornadus|Focus Blast|p1a: Ferrothorn\n|-damage|p1a: Ferrothorn|81\/100 par\n|move|p1a: Ferrothorn|Gyro Ball|p2a: Tornadus\n|-damage|p2a: Tornadus|39\/100 tox\n|\n|-heal|p1a: Ferrothorn|87\/100 par|[from] item: Leftovers\n|-damage|p2a: Tornadus|26\/100 tox|[from] psn\n|upkeep\n|turn|28\n|\n|t:|1699936861\n|switch|p2a: Alomomola|Alomomola, M|100\/100 par\n|-damage|p2a: Alomomola|88\/100 par|[from] Stealth Rock\n|move|p1a: Ferrothorn|Gyro Ball|p2a: Alomomola\n|-resisted|p2a: Alomomola\n|-damage|p2a: Alomomola|80\/100 par\n|\n|-heal|p2a: Alomomola|86\/100 par|[from] item: Leftovers\n|-heal|p1a: Ferrothorn|93\/100 par|[from] item: Leftovers\n|upkeep\n|turn|29\n|\n|t:|1699936870\n|switch|p1a: Reuniclus|Reuniclus, M|100\/100\n|move|p2a: Alomomola|Wish|p2a: Alomomola\n|\n|-heal|p2a: Alomomola|92\/100 par|[from] item: Leftovers\n|upkeep\n|turn|30\n|\n|t:|1699936879\n|switch|p2a: Tapu Koko|Tapu Koko|23\/100 brn\n|-damage|p2a: Tapu Koko|11\/100 brn|[from] Stealth Rock\n|-fieldstart|move: Electric Terrain|[from] ability: Electric Surge|[of] p2a: Tapu Koko\n|move|p1a: Reuniclus|Calm Mind|p1a: Reuniclus\n|-boost|p1a: Reuniclus|spa|1\n|-boost|p1a: Reuniclus|spd|1\n|\n|-heal|p2a: Tapu Koko|100\/100 brn|[from] move: Wish|[wisher] Alomomola\n|-damage|p2a: Tapu Koko|94\/100 brn|[from] brn\n|upkeep\n|turn|31\n|\n|t:|1699936897\n|move|p2a: Tapu Koko|U-turn|p1a: Reuniclus\n|-supereffective|p1a: Reuniclus\n|-damage|p1a: Reuniclus|86\/100\n|\n|t:|1699936901\n|switch|p2a: Tornadus|Tornadus-Therian, M|60\/100 tox|[from] U-turn\n|-damage|p2a: Tornadus|35\/100 tox|[from] Stealth Rock\n|move|p1a: Reuniclus|Calm Mind|p1a: Reuniclus\n|-boost|p1a: Reuniclus|spa|1\n|-boost|p1a: Reuniclus|spd|1\n|\n|-heal|p1a: Reuniclus|92\/100|[from] item: Leftovers\n|-damage|p2a: Tornadus|29\/100 tox|[from] psn\n|upkeep\n|turn|32\n|\n|t:|1699936918\n|move|p2a: Tornadus|Hurricane|p1a: Reuniclus\n|-damage|p1a: Reuniclus|75\/100\n|-start|p1a: Reuniclus|confusion\n|-activate|p1a: Reuniclus|confusion\n|move|p1a: Reuniclus|Stored Power|p2a: Tornadus\n|-damage|p2a: Tornadus|0 fnt\n|faint|p2a: Tornadus\n|\n|-heal|p1a: Reuniclus|81\/100|[from] item: Leftovers\n|upkeep\n|\n|t:|1699936924\n|switch|p2a: Iron Treads|Iron Treads|53\/100\n|-damage|p2a: Iron Treads|49\/100|[from] Stealth Rock\n|-activate|p2a: Iron Treads|ability: Quark Drive\n|-start|p2a: Iron Treads|quarkdriveatk\n|turn|33\n|\n|t:|1699936934\n|move|p2a: Iron Treads|Earthquake|p1a: Reuniclus\n|-damage|p1a: Reuniclus|29\/100\n|-activate|p1a: Reuniclus|confusion\n|-damage|p1a: Reuniclus|25\/100|[from] confusion\n|\n|-heal|p2a: Iron Treads|56\/100|[from] item: Leftovers\n|-heal|p1a: Reuniclus|32\/100|[from] item: Leftovers\n|upkeep\n|turn|34\n|\n|t:|1699936941\n|move|p2a: Iron Treads|Earthquake|p1a: Reuniclus\n|-damage|p1a: Reuniclus|0 fnt\n|faint|p1a: Reuniclus\n|\n|-heal|p2a: Iron Treads|62\/100|[from] item: Leftovers\n|-fieldend|move: Electric Terrain\n|-end|p2a: Iron Treads|Quark Drive\n|upkeep\n|\n|t:|1699936947\n|switch|p1a: Gliscor|Gliscor, F|100\/100\n|-damage|p1a: Gliscor|88\/100|[from] Stealth Rock\n|turn|35\n|\n|t:|1699936954\n|move|p2a: Iron Treads|Rapid Spin|p1a: Gliscor\n|-damage|p1a: Gliscor|77\/100\n|-boost|p2a: Iron Treads|spe|1\n|-sideend|p2: poptart12|Stealth Rock|[from] move: Rapid Spin|[of] p2a: Iron Treads\n|move|p1a: Gliscor|Facade|p2a: Iron Treads\n|-resisted|p2a: Iron Treads\n|-damage|p2a: Iron Treads|54\/100\n|\n|-heal|p2a: Iron Treads|61\/100|[from] item: Leftovers\n|-status|p1a: Gliscor|tox|[from] item: Toxic Orb\n|upkeep\n|turn|36\n|\n|t:|1699936965\n|switch|p1a: Ferrothorn|Ferrothorn, F, tera:Water|93\/100 par\n|-damage|p1a: Ferrothorn|81\/100 par|[from] Stealth Rock\n|move|p2a: Iron Treads|Ice Spinner|p1a: Ferrothorn\n|-resisted|p1a: Ferrothorn\n|-damage|p1a: Ferrothorn|72\/100 par\n|-damage|p2a: Iron Treads|48\/100|[from] ability: Iron Barbs|[of] p1a: Ferrothorn\n|\n|-heal|p2a: Iron Treads|54\/100|[from] item: Leftovers\n|-heal|p1a: Ferrothorn|78\/100 par|[from] item: Leftovers\n|upkeep\n|turn|37\n|\n|t:|1699936982\n|-end|p2a: Iron Treads|Quark Drive|[silent]\n|switch|p2a: Tapu Koko|Tapu Koko|94\/100 brn\n|-fieldstart|move: Electric Terrain|[from] ability: Electric Surge|[of] p2a: Tapu Koko\n|move|p1a: Ferrothorn|Stealth Rock|p2a: Tapu Koko\n|-sidestart|p2: poptart12|move: Stealth Rock\n|\n|-heal|p1a: Ferrothorn|85\/100 par|[from] item: Leftovers\n|-damage|p2a: Tapu Koko|88\/100 brn|[from] brn\n|upkeep\n|turn|38\n|\n|t:|1699936990\n|switch|p2a: Alomomola|Alomomola, M|100\/100 par\n|-damage|p2a: Alomomola|88\/100 par|[from] Stealth Rock\n|move|p1a: Ferrothorn|Spikes|p2a: Alomomola\n|-sidestart|p2: poptart12|Spikes\n|\n|-heal|p2a: Alomomola|94\/100 par|[from] item: Leftovers\n|-heal|p1a: Ferrothorn|91\/100 par|[from] item: Leftovers\n|upkeep\n|turn|39\n|\n|t:|1699936998\n|cant|p2a: Alomomola|par\n|move|p1a: Ferrothorn|Spikes|p2a: Alomomola\n|-sidestart|p2: poptart12|Spikes\n|\n|-heal|p2a: Alomomola|100\/100 par|[from] item: Leftovers\n|-heal|p1a: Ferrothorn|97\/100 par|[from] item: Leftovers\n|upkeep\n|turn|40\n|\n|t:|1699937006\n|switch|p1a: Sableye|Sableye-Mega, M|68\/100\n|-damage|p1a: Sableye|56\/100|[from] Stealth Rock\n|move|p2a: Alomomola|Wish|p2a: Alomomola\n|\n|upkeep\n|turn|41\n|\n|t:|1699937016\n|move|p2a: Alomomola|Scald|p1a: Sableye\n|-damage|p1a: Sableye|45\/100\n|-status|p1a: Sableye|brn\n|move|p1a: Sableye|Recover|p1a: Sableye\n|-heal|p1a: Sableye|95\/100 brn\n|\n|-damage|p1a: Sableye|89\/100 brn|[from] brn\n|-fieldend|move: Electric Terrain\n|upkeep\n|turn|42\n|\n|t:|1699937030\n|move|p2a: Alomomola|Wish|p2a: Alomomola\n|move|p1a: Sableye|Knock Off|p2a: Alomomola\n|-damage|p2a: Alomomola|92\/100 par\n|-enditem|p2a: Alomomola|Leftovers|[from] move: Knock Off|[of] p1a: Sableye\n|\n|-damage|p1a: Sableye|83\/100 brn|[from] brn\n|upkeep\n|turn|43\n|\n|t:|1699937039\n|switch|p2a: Tapu Koko|Tapu Koko|88\/100 brn\n|-damage|p2a: Tapu Koko|76\/100 brn|[from] Stealth Rock\n|-damage|p2a: Tapu Koko|60\/100 brn|[from] Spikes\n|-fieldstart|move: Electric Terrain|[from] ability: Electric Surge|[of] p2a: Tapu Koko\n|move|p1a: Sableye|Knock Off|p2a: Tapu Koko\n|-resisted|p2a: Tapu Koko\n|-damage|p2a: Tapu Koko|49\/100 brn\n|-enditem|p2a: Tapu Koko|Expert Belt|[from] move: Knock Off|[of] p1a: Sableye\n|\n|-heal|p2a: Tapu Koko|100\/100 brn|[from] move: Wish|[wisher] Alomomola\n|-damage|p2a: Tapu Koko|94\/100 brn|[from] brn\n|-damage|p1a: Sableye|77\/100 brn|[from] brn\n|upkeep\n|turn|44\n|\n|t:|1699937053\n|switch|p1a: Ferrothorn|Ferrothorn, F, tera:Water|97\/100 par\n|-damage|p1a: Ferrothorn|85\/100 par|[from] Stealth Rock\n|move|p2a: Tapu Koko|Dazzling Gleam|p1a: Ferrothorn\n|-damage|p1a: Ferrothorn|59\/100 par\n|\n|-heal|p1a: Ferrothorn|65\/100 par|[from] item: Leftovers\n|-damage|p2a: Tapu Koko|88\/100 brn|[from] brn\n|upkeep\n|turn|45\n|\n|t:|1699937064\n|switch|p1a: Gliscor|Gliscor, F|77\/100 tox\n|-damage|p1a: Gliscor|64\/100 tox|[from] Stealth Rock\n|move|p2a: Tapu Koko|Thunderbolt|p1a: Gliscor\n|-immune|p1a: Gliscor\n|\n|-heal|p1a: Gliscor|77\/100 tox|[from] ability: Poison Heal\n|-damage|p2a: Tapu Koko|82\/100 brn|[from] brn\n|upkeep\n|turn|46\n|\n|t:|1699937073\n|move|p2a: Tapu Koko|Hidden Power|p1a: Gliscor\n|-supereffective|p1a: Gliscor\n|-damage|p1a: Gliscor|0 fnt\n|faint|p1a: Gliscor\n|\n|-damage|p2a: Tapu Koko|76\/100 brn|[from] brn\n|upkeep\n|\n|t:|1699937080\n|switch|p1a: Sableye|Sableye-Mega, M|77\/100 brn\n|-damage|p1a: Sableye|65\/100 brn|[from] Stealth Rock\n|turn|47\n|\n|t:|1699937084\n|move|p2a: Tapu Koko|Dazzling Gleam|p1a: Sableye\n|-supereffective|p1a: Sableye\n|-damage|p1a: Sableye|13\/100 brn\n|move|p1a: Sableye|Knock Off|p2a: Tapu Koko\n|-resisted|p2a: Tapu Koko\n|-damage|p2a: Tapu Koko|69\/100 brn\n|\n|-damage|p2a: Tapu Koko|63\/100 brn|[from] brn\n|-damage|p1a: Sableye|7\/100 brn|[from] brn\n|-fieldend|move: Electric Terrain\n|upkeep\n|turn|48\n|\n|t:|1699937094\n|move|p2a: Tapu Koko|U-turn|p1a: Sableye\n|-damage|p1a: Sableye|0 fnt\n|faint|p1a: Sableye\n|\n|t:|1699937100\n|switch|p2a: Iron Treads|Iron Treads|54\/100|[from] U-turn\n|-damage|p2a: Iron Treads|51\/100|[from] Stealth Rock\n|-damage|p2a: Iron Treads|35\/100|[from] Spikes\n|\n|-heal|p2a: Iron Treads|41\/100|[from] item: Leftovers\n|upkeep\n|\n|t:|1699937107\n|switch|p1a: Chansey|Chansey, F|37\/100\n|-damage|p1a: Chansey|24\/100|[from] Stealth Rock\n|turn|49\n|\n|t:|1699937111\n|move|p2a: Iron Treads|Rapid Spin|p1a: Chansey\n|-damage|p1a: Chansey|6\/100\n|-boost|p2a: Iron Treads|spe|1\n|-sideend|p2: poptart12|Spikes|[from] move: Rapid Spin|[of] p2a: Iron Treads\n|-sideend|p2: poptart12|Stealth Rock|[from] move: Rapid Spin|[of] p2a: Iron Treads\n|move|p1a: Chansey|Wish|p1a: Chansey\n|\n|-heal|p2a: Iron Treads|47\/100|[from] item: Leftovers\n|upkeep\n|turn|50\n|\n|t:|1699937119\n|-end|p2a: Iron Treads|Quark Drive|[silent]\n|switch|p2a: Tapu Koko|Tapu Koko|63\/100 brn\n|-fieldstart|move: Electric Terrain|[from] ability: Electric Surge|[of] p2a: Tapu Koko\n|move|p1a: Chansey|Seismic Toss|p2a: Tapu Koko\n|-damage|p2a: Tapu Koko|28\/100 brn\n|\n|-heal|p1a: Chansey|56\/100|[from] move: Wish|[wisher] Chansey\n|-damage|p2a: Tapu Koko|21\/100 brn|[from] brn\n|upkeep\n|turn|51\n|\n|t:|1699937128\n|move|p2a: Tapu Koko|U-turn|p1a: Chansey\n|-crit|p1a: Chansey\n|-damage|p1a: Chansey|44\/100\n|\n|t:|1699937135\n|switch|p2a: Iron Moth|Iron Moth|100\/100 par|[from] U-turn\n|-activate|p2a: Iron Moth|ability: Quark Drive\n|-start|p2a: Iron Moth|quarkdrivespa\n|move|p1a: Chansey|Seismic Toss|p2a: Iron Moth\n|-damage|p2a: Iron Moth|67\/100 par\n|\n|upkeep\n|turn|52\n|\n|t:|1699937144\n|move|p2a: Iron Moth|Overheat|p1a: Chansey\n|-damage|p1a: Chansey|1\/100\n|-unboost|p2a: Iron Moth|spa|2\n|move|p1a: Chansey|Seismic Toss|p2a: Iron Moth\n|-damage|p2a: Iron Moth|34\/100 par\n|\n|upkeep\n|turn|53\n|\n|t:|1699937151\n|cant|p2a: Iron Moth|par\n|move|p1a: Chansey|Seismic Toss|p2a: Iron Moth\n|-damage|p2a: Iron Moth|1\/100 par\n|\n|upkeep\n|turn|54\n|\n|t:|1699937159\n|-end|p2a: Iron Moth|Quark Drive|[silent]\n|switch|p2a: Alomomola|Alomomola, M|100\/100 par\n|move|p1a: Chansey|Seismic Toss|p2a: Alomomola\n|-damage|p2a: Alomomola|82\/100 par\n|\n|-fieldend|move: Electric Terrain\n|upkeep\n|turn|55\n|\n|t:|1699937166\n|move|p1a: Chansey|Wish|p1a: Chansey\n|move|p2a: Alomomola|Flip Turn|p1a: Chansey\n|-crit|p1a: Chansey\n|-damage|p1a: Chansey|0 fnt\n|faint|p1a: Chansey\n|\n|t:|1699937170\n|switch|p2a: Tapu Koko|Tapu Koko|21\/100 brn|[from] Flip Turn\n|-fieldstart|move: Electric Terrain|[from] ability: Electric Surge|[of] p2a: Tapu Koko\n|\n|-damage|p2a: Tapu Koko|15\/100 brn|[from] brn\n|upkeep\n|\n|t:|1699937176\n|switch|p1a: Alomomola|Alomomola, F|68\/100\n|-damage|p1a: Alomomola|56\/100|[from] Stealth Rock\n|turn|56\n|\n|t:|1699937181\n|move|p2a: Tapu Koko|Thunderbolt|p1a: Alomomola\n|-supereffective|p1a: Alomomola\n|-damage|p1a: Alomomola|0 fnt\n|faint|p1a: Alomomola\n|\n|-damage|p2a: Tapu Koko|9\/100 brn|[from] brn\n|upkeep\n|\n|t:|1699937186\n|switch|p1a: Ferrothorn|Ferrothorn, F, tera:Water|65\/100 par\n|-damage|p1a: Ferrothorn|53\/100 par|[from] Stealth Rock\n|turn|57\n|\n|t:|1699937198\n|switch|p2a: Iron Valiant|Iron Valiant|100\/100\n|-activate|p2a: Iron Valiant|ability: Quark Drive\n|-start|p2a: Iron Valiant|quarkdrivespe\n|move|p1a: Ferrothorn|Gyro Ball|p2a: Iron Valiant\n|-supereffective|p2a: Iron Valiant\n|-damage|p2a: Iron Valiant|0 fnt\n|faint|p2a: Iron Valiant\n|-end|p2a: Iron Valiant|Quark Drive|[silent]\n|\n|-heal|p1a: Ferrothorn|59\/100 par|[from] item: Leftovers\n|upkeep\n|\n|t:|1699937212\n|switch|p2a: Iron Treads|Iron Treads|47\/100\n|-activate|p2a: Iron Treads|ability: Quark Drive\n|-start|p2a: Iron Treads|quarkdriveatk\n|turn|58\n|\n|t:|1699937217\n|move|p2a: Iron Treads|Earthquake|p1a: Ferrothorn\n|-damage|p1a: Ferrothorn|12\/100 par\n|move|p1a: Ferrothorn|Gyro Ball|p2a: Iron Treads\n|-resisted|p2a: Iron Treads\n|-damage|p2a: Iron Treads|25\/100\n|\n|-heal|p2a: Iron Treads|31\/100|[from] item: Leftovers\n|-heal|p1a: Ferrothorn|18\/100 par|[from] item: Leftovers\n|upkeep\n|turn|59\n|\n|t:|1699937225\n|move|p2a: Iron Treads|Earthquake|p1a: Ferrothorn\n|-damage|p1a: Ferrothorn|0 fnt\n|faint|p1a: Ferrothorn\n|\n|win|poptart12\n","uploadtime":1699937229,"views":5,"p1id":"gwrifter","p2id":"poptart12","formatid":"gen9nationaldex","rating":0,"private":0,"password":""}