{"id":"gen9nationaldex-1988059876","p1":"Echo the minun","p2":"NajimiStann","format":"[Gen 9] National Dex","log":"|j|\u2606Echo the minun\n|j|\u2606NajimiStann\n|t:|1699664622\n|gametype|singles\n|player|p1|Echo the minun|plasmagrunt|1008\n|player|p2|NajimiStann|vessa|1011\n|teamsize|p1|6\n|teamsize|p2|6\n|gen|9\n|tier|[Gen 9] National Dex\n|rated|\n|rule|HP Percentage Mod: HP is shown in percentages\n|rule|Endless Battle Clause: Forcing endless battles is banned\n|rule|OHKO Clause: OHKO moves are banned\n|rule|Evasion Clause: Evasion abilities, items, and moves are banned\n|rule|Evasion Abilities Clause: Evasion abilities are banned\n|rule|Evasion Items Clause: Evasion items are banned\n|rule|Evasion Moves Clause: Evasion moves are banned\n|rule|Species Clause: Limit one of each Pok\u00e9mon\n|rule|Sleep Clause Mod: Limit one foe put to sleep\n|clearpoke\n|poke|p1|Ninjask, M|\n|poke|p1|Duosion, M|\n|poke|p1|Mightyena, M|\n|poke|p1|Zoroark-Hisui, F|\n|poke|p1|Arbok, F|\n|poke|p1|Plusle, M|\n|poke|p2|Tinkaton, F|\n|poke|p2|Banette, M|\n|poke|p2|Volcanion|\n|poke|p2|Dewgong, M|\n|poke|p2|Kartana|\n|poke|p2|Iron Valiant|\n|teampreview\n|inactive|Battle timer is ON: inactive players will automatically lose when time's up. (requested by Echo the minun)\n|\n|t:|1699664629\n|start\n|switch|p1a: Duosion|Duosion, M|100\/100\n|switch|p2a: Fella|Tinkaton, F|100\/100\n|-ability|p2a: Fella|Mold Breaker\n|turn|1\n|\n|t:|1699664634\n|move|p2a: Fella|Skill Swap|p1a: Duosion\n|-activate|p2a: Fella|move: Skill Swap|Magic Guard|Mold Breaker|[of] p1a: Duosion\n|-ability|p1a: Duosion|Mold Breaker\n|move|p1a: Duosion|Acid Armor|p1a: Duosion\n|-boost|p1a: Duosion|def|2\n|\n|upkeep\n|turn|2\n|\n|t:|1699664640\n|move|p2a: Fella|Gigaton Hammer|p1a: Duosion\n|-damage|p1a: Duosion|79\/100\n|move|p1a: Duosion|Acid Armor|p1a: Duosion\n|-boost|p1a: Duosion|def|2\n|\n|upkeep\n|turn|3\n|\n|t:|1699664653\n|switch|p2a: O'Malley|Banette, M|100\/100\n|-item|p1a: Duosion|Eviolite|[from] ability: Frisk|[of] p2a: O'Malley|[identify]\n|move|p1a: Duosion|Acid Armor|p1a: Duosion\n|-boost|p1a: Duosion|def|2\n|\n|upkeep\n|turn|4\n|\n|t:|1699664658\n|move|p2a: O'Malley|Taunt|p1a: Duosion\n|-start|p1a: Duosion|move: Taunt\n|cant|p1a: Duosion|move: Taunt|Calm Mind\n|\n|upkeep\n|turn|5\n|\n|t:|1699664665\n|detailschange|p2a: O'Malley|Banette-Mega, M\n|-mega|p2a: O'Malley|Banette|Banettite\n|move|p2a: O'Malley|Disable|p1a: Duosion\n|-start|p1a: Duosion|Disable|Acid Armor\n|move|p1a: Duosion|Stored Power|p2a: O'Malley\n|-damage|p2a: O'Malley|54\/100\n|\n|upkeep\n|turn|6\n|\n|t:|1699664672\n|move|p2a: O'Malley|Poltergeist|p1a: Duosion\n|-activate|p1a: Duosion|move: Poltergeist|Eviolite\n|-supereffective|p1a: Duosion\n|-damage|p1a: Duosion|56\/100\n|move|p1a: Duosion|Stored Power|p2a: O'Malley\n|-damage|p2a: O'Malley|2\/100\n|\n|-end|p1a: Duosion|move: Taunt\n|upkeep\n|turn|7\n|\n|t:|1699664681\n|move|p2a: O'Malley|Taunt|p1a: Duosion\n|-start|p1a: Duosion|move: Taunt\n|move|p1a: Duosion|Stored Power|p2a: O'Malley\n|-crit|p2a: O'Malley\n|-damage|p2a: O'Malley|0 fnt\n|faint|p2a: O'Malley\n|\n|upkeep\n|\n|t:|1699664689\n|switch|p2a: Alear|Iron Valiant|100\/100\n|-enditem|p2a: Alear|Booster Energy\n|-activate|p2a: Alear|ability: Quark Drive|[fromitem]\n|-start|p2a: Alear|quarkdrivespe\n|turn|8\n|\n|t:|1699664692\n|move|p2a: Alear|Spirit Break|p1a: Duosion\n|-damage|p1a: Duosion|48\/100\n|-unboost|p1a: Duosion|spa|1\n|move|p1a: Duosion|Stored Power|p2a: Alear\n|-supereffective|p2a: Alear\n|-damage|p2a: Alear|0 fnt\n|faint|p2a: Alear\n|-end|p2a: Alear|Quark Drive|[silent]\n|\n|-end|p1a: Duosion|Disable\n|upkeep\n|\n|t:|1699664699\n|switch|p2a: Fella|Tinkaton, F|100\/100\n|-ability|p2a: Fella|Mold Breaker\n|turn|9\n|\n|t:|1699664702\n|move|p2a: Fella|Fake Out|p1a: Duosion\n|-damage|p1a: Duosion|45\/100\n|cant|p1a: Duosion|flinch\n|\n|-end|p1a: Duosion|move: Taunt\n|upkeep\n|turn|10\n|\n|t:|1699664705\n|move|p2a: Fella|Gigaton Hammer|p1a: Duosion\n|-damage|p1a: Duosion|33\/100\n|move|p1a: Duosion|Recover|p1a: Duosion\n|-heal|p1a: Duosion|83\/100\n|\n|upkeep\n|turn|11\n|-message|NajimiStann forfeited.\n|\n|win|Echo the minun\n|raw|Echo the minun's rating: 1008 &rarr; <strong>1047<\/strong><br \/>(+39 for winning)\n|raw|NajimiStann's rating: 1011 &rarr; <strong>1000<\/strong><br \/>(-11 for losing)\n|l|\u2606NajimiStann\n","uploadtime":1699664713,"views":4,"p1id":"echotheminun","p2id":"najimistann","formatid":"gen9nationaldex","rating":1000,"private":0,"password":""}