{"id":"gen9nationaldex-1999890311","p1":"insipido","p2":"Martu2863","format":"[Gen 9] National Dex","log":"|html|<div class=\"broadcast-blue\"><strong>[Gen 9] National Dex is currently suspecting Sneasler! For information on how to participate check out the <a href=\"https:\/\/www.smogon.com\/forums\/threads\/sv-national-dex-suspect-8-just-dance.3731534\/\">suspect thread<\/a>.<\/strong><\/div>\n|j|\u2606insipido\n|j|\u2606Martu2863\n|t:|1701126815\n|gametype|singles\n|player|p1|insipido|colress|\n|player|p2|Martu2863|cynthia-gen4|\n|teamsize|p1|6\n|teamsize|p2|6\n|gen|9\n|tier|[Gen 9] National Dex\n|rule|HP Percentage Mod: HP is shown in percentages\n|rule|Endless Battle Clause: Forcing endless battles is banned\n|rule|OHKO Clause: OHKO moves are banned\n|rule|Evasion Clause: Evasion abilities, items, and moves are banned\n|rule|Evasion Abilities Clause: Evasion abilities are banned\n|rule|Evasion Items Clause: Evasion items are banned\n|rule|Evasion Moves Clause: Evasion moves are banned\n|rule|Species Clause: Limit one of each Pok\u00e9mon\n|rule|Sleep Clause Mod: Limit one foe put to sleep\n|clearpoke\n|poke|p1|Charizard, F|\n|poke|p1|Gliscor, M|\n|poke|p1|Lilligant-Hisui, F|\n|poke|p1|Landorus-Therian, M|\n|poke|p1|Moltres|\n|poke|p1|Dragonite, F|\n|poke|p2|Krookodile, M|\n|poke|p2|Moltres|\n|poke|p2|Tapu Fini|\n|poke|p2|Rillaboom, M|\n|poke|p2|Kartana|\n|poke|p2|Manectric, F|\n|teampreview\n|c|\u2606Martu2863|Suerte\n|\n|t:|1701126844\n|start\n|switch|p1a: Landorus|Landorus-Therian, M|100\/100\n|switch|p2a: Fenix|Moltres|100\/100\n|-ability|p1a: Landorus|Intimidate|boost\n|-unboost|p2a: Fenix|atk|1\n|turn|1\n|c|\u2606insipido|Suerte tambi\u00e9n\n|\n|t:|1701126852\n|move|p1a: Landorus|Rock Slide|p2a: Fenix\n|-supereffective|p2a: Fenix\n|-damage|p2a: Fenix|28\/100\n|move|p2a: Fenix|Will-O-Wisp|p1a: Landorus|[miss]\n|-miss|p2a: Fenix|p1a: Landorus\n|\n|upkeep\n|turn|2\n|\n|t:|1701126860\n|switch|p1a: Charizard|Charizard, F, shiny|100\/100\n|switch|p2a: Gavial|Krookodile, M|100\/100\n|-ability|p2a: Gavial|Intimidate|boost\n|-unboost|p1a: Charizard|atk|1\n|\n|upkeep\n|turn|3\n|\n|t:|1701126868\n|detailschange|p1a: Charizard|Charizard-Mega-Y, F, shiny\n|-mega|p1a: Charizard|Charizard|Charizardite Y\n|-weather|SunnyDay|[from] ability: Drought|[of] p1a: Charizard\n|move|p2a: Gavial|Stone Edge|p1a: Charizard\n|-supereffective|p1a: Charizard\n|-damage|p1a: Charizard|0 fnt\n|faint|p1a: Charizard\n|\n|-weather|SunnyDay|[upkeep]\n|upkeep\n|\n|t:|1701126874\n|switch|p1a: Lilligant|Lilligant-Hisui, F|100\/100\n|turn|4\n|\n|t:|1701126882\n|switch|p2a: Tarzan|Rillaboom, M|100\/100\n|-fieldstart|move: Grassy Terrain|[from] ability: Grassy Surge|[of] p2a: Tarzan\n|-enditem|p2a: Tarzan|Grassy Seed\n|-boost|p2a: Tarzan|def|1|[from] item: Grassy Seed\n|move|p1a: Lilligant|Solar Blade||[still]\n|-prepare|p1a: Lilligant|Solar Blade\n|-anim|p1a: Lilligant|Solar Blade|p2a: Tarzan\n|-resisted|p2a: Tarzan\n|-damage|p2a: Tarzan|69\/100\n|\n|-weather|SunnyDay|[upkeep]\n|-heal|p2a: Tarzan|76\/100|[from] Grassy Terrain\n|upkeep\n|turn|5\n|\n|t:|1701126896\n|move|p1a: Lilligant|Victory Dance|p1a: Lilligant\n|-boost|p1a: Lilligant|atk|1\n|-boost|p1a: Lilligant|def|1\n|-boost|p1a: Lilligant|spe|1\n|move|p2a: Tarzan|Acrobatics|p1a: Lilligant\n|-supereffective|p1a: Lilligant\n|-damage|p1a: Lilligant|0 fnt\n|faint|p1a: Lilligant\n|\n|-weather|SunnyDay|[upkeep]\n|-heal|p2a: Tarzan|82\/100|[from] Grassy Terrain\n|upkeep\n|\n|t:|1701126904\n|switch|p1a: Moltres|Moltres|100\/100\n|turn|6\n|\n|t:|1701126912\n|switch|p2a: Kanaloa|Tapu Fini|100\/100\n|-fieldstart|move: Misty Terrain|[from] ability: Misty Surge|[of] p2a: Kanaloa\n|move|p1a: Moltres|Weather Ball|p2a: Kanaloa\n|-resisted|p2a: Kanaloa\n|-damage|p2a: Kanaloa|60\/100\n|\n|-weather|SunnyDay|[upkeep]\n|-heal|p2a: Kanaloa|66\/100|[from] item: Leftovers\n|upkeep\n|turn|7\n|\n|t:|1701126923\n|switch|p1a: Dragonite|Dragonite, F|100\/100\n|move|p2a: Kanaloa|Surf|p1a: Dragonite\n|-resisted|p1a: Dragonite\n|-damage|p1a: Dragonite|96\/100\n|\n|-weather|none\n|-heal|p2a: Kanaloa|73\/100|[from] item: Leftovers\n|upkeep\n|turn|8\n|\n|t:|1701126934\n|switch|p2a: Gavial|Krookodile, M|100\/100\n|-ability|p2a: Gavial|Intimidate|boost\n|-unboost|p1a: Dragonite|atk|1\n|move|p1a: Dragonite|Dragon Dance|p1a: Dragonite\n|-boost|p1a: Dragonite|atk|1\n|-boost|p1a: Dragonite|spe|1\n|\n|upkeep\n|turn|9\n|\n|t:|1701126949\n|-terastallize|p2a: Gavial|Rock\n|-terastallize|p1a: Dragonite|Normal\n|move|p2a: Gavial|Stone Edge|p1a: Dragonite\n|-crit|p1a: Dragonite\n|-damage|p1a: Dragonite|14\/100\n|move|p1a: Dragonite|Dragon Dance|p1a: Dragonite\n|-boost|p1a: Dragonite|atk|1\n|-boost|p1a: Dragonite|spe|1\n|\n|upkeep\n|turn|10\n|\n|t:|1701126963\n|switch|p2a: Fenix|Moltres|28\/100\n|move|p1a: Dragonite|Earthquake|p2a: Fenix\n|-immune|p2a: Fenix\n|\n|-fieldend|Misty Terrain\n|upkeep\n|turn|11\n|\n|t:|1701126971\n|move|p1a: Dragonite|Ice Spinner|p2a: Fenix\n|-damage|p2a: Fenix|0 fnt\n|faint|p2a: Fenix\n|\n|upkeep\n|\n|t:|1701126979\n|switch|p2a: Gavial|Krookodile, M, tera:Rock|100\/100\n|-ability|p2a: Gavial|Intimidate|boost\n|-unboost|p1a: Dragonite|atk|1\n|turn|12\n|\n|t:|1701126984\n|switch|p2a: Tarzan|Rillaboom, M|82\/100\n|-fieldstart|move: Grassy Terrain|[from] ability: Grassy Surge|[of] p2a: Tarzan\n|move|p1a: Dragonite|Earthquake|p2a: Tarzan\n|-resisted|p2a: Tarzan\n|-damage|p2a: Tarzan|71\/100\n|\n|-heal|p1a: Dragonite|20\/100|[from] Grassy Terrain\n|-heal|p2a: Tarzan|77\/100|[from] Grassy Terrain\n|upkeep\n|turn|13\n|\n|t:|1701126993\n|move|p1a: Dragonite|Extreme Speed|p2a: Tarzan\n|-damage|p2a: Tarzan|30\/100\n|move|p2a: Tarzan|Grassy Glide|p1a: Dragonite\n|-damage|p1a: Dragonite|0 fnt\n|faint|p1a: Dragonite\n|\n|-heal|p2a: Tarzan|36\/100|[from] Grassy Terrain\n|upkeep\n|\n|t:|1701126998\n|switch|p1a: Moltres|Moltres|100\/100\n|turn|14\n|\n|t:|1701127030\n|move|p2a: Tarzan|Knock Off|p1a: Moltres\n|-damage|p1a: Moltres|71\/100\n|-enditem|p1a: Moltres|Choice Specs|[from] move: Knock Off|[of] p2a: Tarzan\n|move|p1a: Moltres|Overheat|p2a: Tarzan\n|-supereffective|p2a: Tarzan\n|-damage|p2a: Tarzan|0 fnt\n|-unboost|p1a: Moltres|spa|2\n|faint|p2a: Tarzan\n|\n|upkeep\n|\n|t:|1701127036\n|switch|p2a: Zen|Manectric, F|100\/100\n|turn|15\n|j| WSoldat\n|\n|t:|1701127051\n|switch|p1a: Landorus|Landorus-Therian, M|100\/100\n|-ability|p1a: Landorus|Intimidate|boost\n|-unboost|p2a: Zen|atk|1\n|detailschange|p2a: Zen|Manectric-Mega, F\n|-mega|p2a: Zen|Manectric|Manectite\n|-ability|p2a: Zen|Intimidate|boost\n|-unboost|p1a: Landorus|atk|1\n|move|p2a: Zen|Hidden Power|p1a: Landorus\n|-supereffective|p1a: Landorus\n|-damage|p1a: Landorus|0 fnt\n|faint|p1a: Landorus\n|\n|upkeep\n|\n|t:|1701127060\n|switch|p1a: Gliscor|Gliscor, M, shiny|100\/100\n|turn|16\n|\n|t:|1701127067\n|switch|p2a: Gavial|Krookodile, M, tera:Rock|100\/100\n|-ability|p2a: Gavial|Intimidate|boost\n|-unboost|p1a: Gliscor|atk|1\n|move|p1a: Gliscor|Earthquake|p2a: Gavial\n|-supereffective|p2a: Gavial\n|-damage|p2a: Gavial|75\/100\n|\n|-heal|p2a: Gavial|81\/100|[from] Grassy Terrain\n|-fieldend|move: Grassy Terrain\n|-status|p1a: Gliscor|tox|[from] item: Toxic Orb\n|upkeep\n|turn|17\n|c|\u2606insipido|Nos pues GG\n|j| Sylveon(404)\n|\n|t:|1701127079\n|move|p2a: Gavial|Stone Edge|p1a: Gliscor|[miss]\n|-miss|p2a: Gavial|p1a: Gliscor\n|move|p1a: Gliscor|Swords Dance|p1a: Gliscor\n|-boost|p1a: Gliscor|atk|2\n|\n|upkeep\n|turn|18\n|j| Void280\n|c| Sylveon(404)|wa\n|\n|t:|1701127094\n|move|p2a: Gavial|Stone Edge|p1a: Gliscor\n|-damage|p1a: Gliscor|64\/100 tox\n|move|p1a: Gliscor|Earthquake|p2a: Gavial\n|-supereffective|p2a: Gavial\n|-damage|p2a: Gavial|0 fnt\n|faint|p2a: Gavial\n|\n|-heal|p1a: Gliscor|76\/100 tox|[from] ability: Poison Heal\n|upkeep\n|\n|t:|1701127098\n|switch|p2a: Zen|Manectric-Mega, F|100\/100\n|-ability|p2a: Zen|Intimidate|boost\n|-unboost|p1a: Gliscor|atk|1\n|turn|19\n|c| Sylveon(404)|re counter el martu con kroko\n|\n|t:|1701127101\n|move|p2a: Zen|Hidden Power|p1a: Gliscor\n|-supereffective|p1a: Gliscor\n|-damage|p1a: Gliscor|5\/100 tox\n|move|p1a: Gliscor|Earthquake|p2a: Zen\n|-supereffective|p2a: Zen\n|-damage|p2a: Zen|6\/100\n|\n|-heal|p1a: Gliscor|18\/100 tox|[from] ability: Poison Heal\n|upkeep\n|turn|20\n|c| Void280|Oh, le cambio el Tera\n|c| Sylveon(404)|anoten, anoten!\n|c|\u2606Martu2863|No me serv\u00eda tera lucha contra un lider volador\n|c|\u2606Martu2863|sinceramente\n|c| Void280|Ya, obviamente\n|c| Sylveon(404)|la verdad es que tienes razon XD\n|\n|t:|1701127140\n|move|p2a: Zen|Hidden Power|p1a: Gliscor\n|-supereffective|p1a: Gliscor\n|-damage|p1a: Gliscor|0 fnt\n|faint|p1a: Gliscor\n|\n|upkeep\n|\n|t:|1701127144\n|switch|p1a: Moltres|Moltres|71\/100\n|turn|21\n|\n|t:|1701127148\n|move|p2a: Zen|Volt Switch|p1a: Moltres\n|-supereffective|p1a: Moltres\n|-damage|p1a: Moltres|0 fnt\n|faint|p1a: Moltres\n|\n|win|Martu2863\n|c| Sylveon(404)|GG\n|c|\u2606Martu2863|Gg\n|c| Void280|ggs\n|c| Sylveon(404)|ojo\n","uploadtime":1701127157,"views":5,"p1id":"insipido","p2id":"martu2863","formatid":"gen9nationaldex","rating":0,"private":0,"password":""}