{"id":"gen9nationaldex-1997476660","p1":"kanrenji","p2":"emeth2159","format":"[Gen 9] National Dex","log":"|html|<div class=\"broadcast-blue\"><strong>[Gen 9] National Dex is currently suspecting Sneasler! For information on how to participate check out the <a href=\"https:\/\/www.smogon.com\/forums\/threads\/sv-national-dex-suspect-8-just-dance.3731534\/\">suspect thread<\/a>.<\/strong><\/div>\n|j|\u2606kanrenji\n|j|\u2606emeth2159\n|t:|1700812117\n|gametype|singles\n|player|p1|kanrenji|gentleman-gen4dp|1133\n|player|p2|emeth2159|worker|1186\n|teamsize|p1|6\n|teamsize|p2|6\n|gen|9\n|tier|[Gen 9] National Dex\n|rated|\n|rule|HP Percentage Mod: HP is shown in percentages\n|rule|Endless Battle Clause: Forcing endless battles is banned\n|rule|OHKO Clause: OHKO moves are banned\n|rule|Evasion Clause: Evasion abilities, items, and moves are banned\n|rule|Evasion Abilities Clause: Evasion abilities are banned\n|rule|Evasion Items Clause: Evasion items are banned\n|rule|Evasion Moves Clause: Evasion moves are banned\n|rule|Species Clause: Limit one of each Pok\u00e9mon\n|rule|Sleep Clause Mod: Limit one foe put to sleep\n|clearpoke\n|poke|p1|Scizor, F|\n|poke|p1|Incineroar, M|\n|poke|p1|Vaporeon, M|\n|poke|p1|Sneasler, M|\n|poke|p1|Crabrawler, M|\n|poke|p1|Dragonite, M|\n|poke|p2|Dhelmise|\n|poke|p2|Alomomola, F|\n|poke|p2|Hoopa-Unbound|\n|poke|p2|Great Tusk|\n|poke|p2|Cinderace, M|\n|poke|p2|Tapu Lele|\n|teampreview\n|\n|t:|1700812123\n|start\n|switch|p1a: Vaporeon|Vaporeon, M|100\/100\n|switch|p2a: Hoopa|Hoopa-Unbound|100\/100\n|turn|1\n|\n|t:|1700812131\n|move|p2a: Hoopa|Drain Punch|p1a: Vaporeon\n|-damage|p1a: Vaporeon|78\/100\n|move|p1a: Vaporeon|Toxic|p2a: Hoopa\n|-status|p2a: Hoopa|tox\n|\n|-heal|p1a: Vaporeon|85\/100|[from] item: Leftovers\n|-damage|p2a: Hoopa|94\/100 tox|[from] psn\n|upkeep\n|turn|2\n|\n|t:|1700812134\n|move|p2a: Hoopa|Hyperspace Fury|p1a: Vaporeon\n|-damage|p1a: Vaporeon|38\/100\n|-unboost|p2a: Hoopa|def|1\n|move|p1a: Vaporeon|Scald|p2a: Hoopa\n|-damage|p2a: Hoopa|80\/100 tox\n|\n|-heal|p1a: Vaporeon|45\/100|[from] item: Leftovers\n|-damage|p2a: Hoopa|68\/100 tox|[from] psn\n|upkeep\n|turn|3\n|\n|t:|1700812143\n|move|p1a: Vaporeon|Protect|p1a: Vaporeon\n|-singleturn|p1a: Vaporeon|Protect\n|move|p2a: Hoopa|Hyperspace Fury|p1a: Vaporeon\n|-activate|p1a: Vaporeon|move: Hyperspace Fury|[broken]\n|-damage|p1a: Vaporeon|0 fnt\n|-unboost|p2a: Hoopa|def|1\n|faint|p1a: Vaporeon\n|\n|-damage|p2a: Hoopa|50\/100 tox|[from] psn\n|upkeep\n|\n|t:|1700812150\n|switch|p1a: Incineroar|Incineroar, M|100\/100\n|-ability|p1a: Incineroar|Intimidate|boost\n|-unboost|p2a: Hoopa|atk|1\n|turn|4\n|\n|t:|1700812155\n|switch|p2a: Alomomola|Alomomola, F|100\/100\n|move|p1a: Incineroar|Fake Out|p2a: Alomomola\n|-damage|p2a: Alomomola|92\/100\n|\n|upkeep\n|turn|5\n|\n|t:|1700812159\n|move|p2a: Alomomola|Wish|p2a: Alomomola\n|move|p1a: Incineroar|Parting Shot|p2a: Alomomola\n|-unboost|p2a: Alomomola|atk|1\n|-unboost|p2a: Alomomola|spa|1\n|\n|t:|1700812167\n|switch|p1a: Scizor|Scizor, F|100\/100|[from] Parting Shot\n|\n|upkeep\n|turn|6\n|\n|t:|1700812174\n|detailschange|p1a: Scizor|Scizor-Mega, F\n|-mega|p1a: Scizor|Scizor|Scizorite\n|move|p1a: Scizor|Swords Dance|p1a: Scizor\n|-boost|p1a: Scizor|atk|2\n|move|p2a: Alomomola|Flip Turn|p1a: Scizor\n|-damage|p1a: Scizor|92\/100\n|\n|t:|1700812181\n|switch|p2a: Dhelmise|Dhelmise|100\/100|[from] Flip Turn\n|\n|upkeep\n|turn|7\n|\n|t:|1700812194\n|move|p1a: Scizor|Aerial Ace|p2a: Dhelmise\n|-supereffective|p2a: Dhelmise\n|-damage|p2a: Dhelmise|0 fnt\n|faint|p2a: Dhelmise\n|\n|upkeep\n|\n|t:|1700812203\n|switch|p2a: Great Tusk|Great Tusk|100\/100\n|turn|8\n|c|\u2606kanrenji|:d\n|\n|t:|1700812210\n|-terastallize|p2a: Great Tusk|Ground\n|move|p2a: Great Tusk|Earthquake|p1a: Scizor\n|-damage|p1a: Scizor|34\/100\n|move|p1a: Scizor|Aerial Ace|p2a: Great Tusk\n|-damage|p2a: Great Tusk|49\/100\n|\n|upkeep\n|turn|9\n|\n|t:|1700812216\n|move|p1a: Scizor|Bullet Punch|p2a: Great Tusk\n|-damage|p2a: Great Tusk|0 fnt\n|faint|p2a: Great Tusk\n|-end|p2a: Great Tusk|Protosynthesis|[silent]\n|\n|upkeep\n|\n|t:|1700812227\n|switch|p2a: Cinderace|Cinderace, M|100\/100\n|turn|10\n|\n|t:|1700812232\n|move|p2a: Cinderace|Sucker Punch|p1a: Scizor\n|-start|p2a: Cinderace|typechange|Dark|[from] ability: Libero\n|-damage|p1a: Scizor|7\/100\n|move|p1a: Scizor|Bullet Punch|p2a: Cinderace\n|-damage|p2a: Cinderace|0 fnt\n|faint|p2a: Cinderace\n|\n|upkeep\n|-message|emeth2159 forfeited.\n|\n|win|kanrenji\n|raw|kanrenji's rating: 1133 &rarr; <strong>1162<\/strong><br \/>(+29 for winning)\n|raw|emeth2159's rating: 1186 &rarr; <strong>1157<\/strong><br \/>(-29 for losing)\n|l|\u2606emeth2159\n","uploadtime":1700812242,"views":5,"p1id":"kanrenji","p2id":"emeth2159","formatid":"gen9nationaldex","rating":1157,"private":0,"password":""}