{"id":"gen9nationaldex-1988064371","p1":"Dudemanisback","p2":"erik shawn","format":"[Gen 9] National Dex","log":"|j|\u2606Dudemanisback\n|j|\u2606erik shawn\n|t:|1699665174\n|gametype|singles\n|player|p1|Dudemanisback|2|1069\n|player|p2|erik shawn|2|1000\n|teamsize|p1|6\n|teamsize|p2|6\n|gen|9\n|tier|[Gen 9] National Dex\n|rated|\n|rule|HP Percentage Mod: HP is shown in percentages\n|rule|Endless Battle Clause: Forcing endless battles is banned\n|rule|OHKO Clause: OHKO moves are banned\n|rule|Evasion Clause: Evasion abilities, items, and moves are banned\n|rule|Evasion Abilities Clause: Evasion abilities are banned\n|rule|Evasion Items Clause: Evasion items are banned\n|rule|Evasion Moves Clause: Evasion moves are banned\n|rule|Species Clause: Limit one of each Pok\u00e9mon\n|rule|Sleep Clause Mod: Limit one foe put to sleep\n|clearpoke\n|poke|p1|Aegislash, M|\n|poke|p1|Flapple, F|\n|poke|p1|Chandelure, M|\n|poke|p1|Porygon-Z|\n|poke|p1|Archeops, F|\n|poke|p1|Skarmory, F|\n|poke|p2|Charizard, F|\n|poke|p2|Victini|\n|poke|p2|Torkoal, M|\n|poke|p2|Venusaur, M|\n|poke|p2|Lilligant-Hisui, F|\n|poke|p2|Sandy Shocks|\n|teampreview\n|\n|t:|1699665184\n|start\n|switch|p1a: Flapple|Flapple, F|100\/100\n|switch|p2a: Charizard|Charizard, F|100\/100\n|turn|1\n|\n|t:|1699665188\n|detailschange|p2a: Charizard|Charizard-Mega-Y, F\n|-mega|p2a: Charizard|Charizard|Charizardite Y\n|-weather|SunnyDay|[from] ability: Drought|[of] p2a: Charizard\n|move|p2a: Charizard|Fire Blast|p1a: Flapple\n|-enditem|p1a: Flapple|Focus Sash\n|-damage|p1a: Flapple|1\/100\n|move|p1a: Flapple|Dragon Dance|p1a: Flapple\n|-boost|p1a: Flapple|atk|1\n|-boost|p1a: Flapple|spe|1\n|\n|-weather|SunnyDay|[upkeep]\n|upkeep\n|turn|2\n|c|\u2606Dudemanisback|you should try and use weather ball on that\n|c|\u2606erik shawn|idk\n|c|\u2606erik shawn|is it better\n|c|\u2606erik shawn|im new\n|c|\u2606Dudemanisback|it\u2019s 100 power and good accuracy, so pretty much better than fire blast in terms of risk\n|c|\u2606erik shawn|oh\n|c|\u2606erik shawn|thanks :)\n|\n|t:|1699665251\n|switch|p2a: Torkoal|Torkoal, M|100\/100\n|move|p1a: Flapple|Dragon Rush|p2a: Torkoal\n|-damage|p2a: Torkoal|55\/100\n|\n|-weather|SunnyDay|[upkeep]\n|upkeep\n|turn|3\n|\n|t:|1699665263\n|move|p1a: Flapple|Dragon Rush|p2a: Torkoal\n|-damage|p2a: Torkoal|11\/100\n|move|p2a: Torkoal|Rapid Spin|p1a: Flapple\n|-damage|p1a: Flapple|0 fnt\n|-boost|p2a: Torkoal|spe|1\n|faint|p1a: Flapple\n|\n|-weather|SunnyDay|[upkeep]\n|upkeep\n|\n|t:|1699665270\n|switch|p1a: Archeops|Archeops, F|100\/100\n|turn|4\n|\n|t:|1699665276\n|move|p1a: Archeops|Earthquake|p2a: Torkoal\n|-supereffective|p2a: Torkoal\n|-damage|p2a: Torkoal|0 fnt\n|faint|p2a: Torkoal\n|\n|-weather|SunnyDay|[upkeep]\n|upkeep\n|\n|t:|1699665285\n|switch|p2a: Lilligant|Lilligant-Hisui, F|100\/100\n|turn|5\n|\n|t:|1699665304\n|switch|p1a: Skarmory|Skarmory, F|100\/100\n|move|p2a: Lilligant|Solar Blade||[still]\n|-prepare|p2a: Lilligant|Solar Blade\n|-anim|p2a: Lilligant|Solar Blade|p1a: Skarmory\n|-resisted|p1a: Skarmory\n|-damage|p1a: Skarmory|85\/100\n|-damage|p2a: Lilligant|91\/100|[from] item: Life Orb\n|\n|-weather|none\n|upkeep\n|turn|6\n|\n|t:|1699665309\n|switch|p2a: Charizard|Charizard-Mega-Y, F|100\/100\n|-weather|SunnyDay|[from] ability: Drought|[of] p2a: Charizard\n|move|p1a: Skarmory|Stealth Rock|p2a: Charizard\n|-sidestart|p2: erik shawn|move: Stealth Rock\n|\n|-weather|SunnyDay|[upkeep]\n|upkeep\n|turn|7\n|\n|t:|1699665324\n|switch|p1a: Chandelure|Chandelure, M|100\/100\n|move|p2a: Charizard|Scorching Sands|p1a: Chandelure\n|-supereffective|p1a: Chandelure\n|-damage|p1a: Chandelure|27\/100\n|\n|-weather|SunnyDay|[upkeep]\n|upkeep\n|turn|8\n|c|\u2606Dudemanisback|oh nice predict\n|c|\u2606Dudemanisback|I\u2019m doomed lol\n|\n|t:|1699665353\n|move|p2a: Charizard|Solar Beam||[still]\n|-prepare|p2a: Charizard|Solar Beam\n|-anim|p2a: Charizard|Solar Beam|p1a: Chandelure\n|-resisted|p1a: Chandelure\n|-damage|p1a: Chandelure|0 fnt\n|faint|p1a: Chandelure\n|\n|-weather|SunnyDay|[upkeep]\n|upkeep\n|c|\u2606erik shawn|i thought you weren't flying\n|\n|t:|1699665357\n|switch|p1a: Archeops|Archeops, F|100\/100\n|turn|9\n|\n|t:|1699665372\n|switch|p2a: Lilligant|Lilligant-Hisui, F|91\/100\n|-damage|p2a: Lilligant|84\/100|[from] Stealth Rock\n|move|p1a: Archeops|Stone Edge|p2a: Lilligant|[miss]\n|-miss|p1a: Archeops|p2a: Lilligant\n|\n|-weather|SunnyDay|[upkeep]\n|upkeep\n|turn|10\n|c|\u2606erik shawn|sorry\n|\n|t:|1699665381\n|switch|p1a: Skarmory|Skarmory, F|85\/100\n|move|p2a: Lilligant|Solar Blade||[still]\n|-prepare|p2a: Lilligant|Solar Blade\n|-anim|p2a: Lilligant|Solar Blade|p1a: Skarmory\n|-resisted|p1a: Skarmory\n|-damage|p1a: Skarmory|70\/100\n|-damage|p2a: Lilligant|75\/100|[from] item: Life Orb\n|\n|-weather|none\n|upkeep\n|turn|11\n|\n|t:|1699665388\n|move|p2a: Lilligant|Swords Dance|p2a: Lilligant\n|-boost|p2a: Lilligant|atk|2\n|move|p1a: Skarmory|Brave Bird|p2a: Lilligant\n|-supereffective|p2a: Lilligant\n|-damage|p2a: Lilligant|0 fnt\n|faint|p2a: Lilligant\n|-damage|p1a: Skarmory|50\/100|[from] Recoil\n|-enditem|p1a: Skarmory|Sitrus Berry|[eat]\n|-heal|p1a: Skarmory|74\/100|[from] item: Sitrus Berry\n|\n|upkeep\n|\n|t:|1699665399\n|switch|p2a: Sandy Shocks|Sandy Shocks|100\/100\n|-damage|p2a: Sandy Shocks|94\/100|[from] Stealth Rock\n|turn|12\n|\n|t:|1699665406\n|move|p2a: Sandy Shocks|Thunderbolt|p1a: Skarmory\n|-supereffective|p1a: Skarmory\n|-damage|p1a: Skarmory|0 fnt\n|faint|p1a: Skarmory\n|\n|-heal|p2a: Sandy Shocks|100\/100|[from] item: Leftovers\n|upkeep\n|\n|t:|1699665425\n|switch|p1a: Porygon-Z|Porygon-Z|100\/100\n|turn|13\n|\n|t:|1699665430\n|move|p2a: Sandy Shocks|Thunderbolt|p1a: Porygon-Z\n|-crit|p1a: Porygon-Z\n|-damage|p1a: Porygon-Z|5\/100\n|move|p1a: Porygon-Z|Blizzard|p2a: Sandy Shocks\n|-supereffective|p2a: Sandy Shocks\n|-damage|p2a: Sandy Shocks|0 fnt\n|faint|p2a: Sandy Shocks\n|-end|p2a: Sandy Shocks|Protosynthesis|[silent]\n|-damage|p1a: Porygon-Z|0 fnt|[from] item: Life Orb\n|faint|p1a: Porygon-Z\n|\n|upkeep\n|inactive|Battle timer is ON: inactive players will automatically lose when time's up. (requested by Dudemanisback)\n|\n|t:|1699665469\n|switch|p2a: Charizard|Charizard-Mega-Y, F|100\/100\n|switch|p1a: Archeops|Archeops, F|100\/100\n|-damage|p2a: Charizard|51\/100|[from] Stealth Rock\n|-weather|SunnyDay|[from] ability: Drought|[of] p2a: Charizard\n|turn|14\n|\n|t:|1699665480\n|move|p1a: Archeops|Stone Edge|p2a: Charizard\n|-supereffective|p2a: Charizard\n|-damage|p2a: Charizard|0 fnt\n|faint|p2a: Charizard\n|\n|-weather|SunnyDay|[upkeep]\n|upkeep\n|\n|t:|1699665483\n|switch|p2a: Venusaur|Venusaur, M|100\/100\n|-damage|p2a: Venusaur|88\/100|[from] Stealth Rock\n|turn|15\n|\n|t:|1699665491\n|switch|p1a: Aegislash|Aegislash, M|100\/100\n|-terastallize|p2a: Venusaur|Grass\n|move|p2a: Venusaur|Giga Drain|p1a: Aegislash\n|-resisted|p1a: Aegislash\n|-damage|p1a: Aegislash|77\/100\n|-heal|p2a: Venusaur|100\/100|[from] drain|[of] p1a: Aegislash\n|-damage|p2a: Venusaur|91\/100|[from] item: Life Orb\n|\n|-weather|SunnyDay|[upkeep]\n|upkeep\n|turn|16\n|\n|t:|1699665499\n|move|p2a: Venusaur|Weather Ball|p1a: Aegislash\n|-supereffective|p1a: Aegislash\n|-damage|p1a: Aegislash|0 fnt\n|faint|p1a: Aegislash\n|-damage|p2a: Venusaur|81\/100|[from] item: Life Orb\n|\n|-weather|SunnyDay|[upkeep]\n|upkeep\n|\n|t:|1699665502\n|switch|p1a: Archeops|Archeops, F|100\/100\n|turn|17\n|c|\u2606erik shawn|oh thats what it does\n|c|\u2606erik shawn|i copied the thing from the website\n|c|\u2606erik shawn|i guess it turned fire\n|\n|t:|1699665515\n|move|p1a: Archeops|Dual Wingbeat|p2a: Venusaur\n|-supereffective|p2a: Venusaur\n|-damage|p2a: Venusaur|20\/100\n|-supereffective|p2a: Venusaur\n|-damage|p2a: Venusaur|0 fnt\n|faint|p2a: Venusaur\n|-hitcount|p2: Venusaur|2\n|\n|-weather|SunnyDay|[upkeep]\n|upkeep\n|\n|t:|1699665522\n|switch|p2a: Victini|Victini|100\/100\n|-damage|p2a: Victini|76\/100|[from] Stealth Rock\n|turn|18\n|c|\u2606Dudemanisback|I\u2019m dead lol\n|c|\u2606Dudemanisback|im locked in dual\n|c|\u2606Dudemanisback|into\n|c|\u2606erik shawn|how to hit you i only have fire move\n|c|\u2606Dudemanisback|I cant stone edge or equake\n|\n|t:|1699665550\n|move|p1a: Archeops|Dual Wingbeat|p2a: Victini\n|-damage|p2a: Victini|53\/100\n|-damage|p2a: Victini|31\/100\n|-hitcount|p2a: Victini|2\n|move|p2a: Victini|Searing Shot|p1a: Archeops\n|-resisted|p1a: Archeops\n|-damage|p1a: Archeops|43\/100\n|\n|-weather|none\n|upkeep\n|turn|19\n|c|\u2606Dudemanisback|you can still\n|c|\u2606Dudemanisback|hit with fire\n|\n|t:|1699665559\n|move|p1a: Archeops|Dual Wingbeat|p2a: Victini\n|-damage|p2a: Victini|20\/100\n|-damage|p2a: Victini|8\/100\n|-hitcount|p2a: Victini|2\n|move|p2a: Victini|Searing Shot|p1a: Archeops\n|-resisted|p1a: Archeops\n|-damage|p1a: Archeops|5\/100\n|\n|upkeep\n|turn|20\n|\n|t:|1699665566\n|move|p1a: Archeops|Dual Wingbeat|p2a: Victini|[miss]\n|-miss|p1a: Archeops|p2a: Victini\n|move|p2a: Victini|Searing Shot|p1a: Archeops\n|-resisted|p1a: Archeops\n|-damage|p1a: Archeops|0 fnt\n|faint|p1a: Archeops\n|\n|win|erik shawn\n|raw|Dudemanisback's rating: 1069 &rarr; <strong>1045<\/strong><br \/>(-24 for losing)\n|raw|erik shawn's rating: 1000 &rarr; <strong>1048<\/strong><br \/>(+48 for winning)\n|c|\u2606erik shawn|oh\n|c|\u2606Dudemanisback|uh\n|c|\u2606erik shawn|sorry\n|c|\u2606Dudemanisback|don\u2019t say sorry\n|c|\u2606erik shawn|i think you won that one\n|c|\u2606Dudemanisback|you deserved that\n|c|\u2606Dudemanisback|nah bro\n|c|\u2606erik shawn|thanks?\n|c|\u2606Dudemanisback|you did\n|c|\u2606Dudemanisback|gg\n|c|\u2606erik shawn|bye bye\n","uploadtime":1699665596,"views":16,"p1id":"dudemanisback","p2id":"erikshawn","formatid":"gen9nationaldex","rating":1045,"private":0,"password":""}