{"id":"gen9nationaldex-1992522438","p1":"FailingFiat","p2":"How To Beat Lance","format":"[Gen 9] National Dex","log":"|j|\u2606FailingFiat\n|j|\u2606How To Beat Lance\n|t:|1700199060\n|gametype|singles\n|player|p1|FailingFiat|hiker-gen1|\n|player|p2|How To Beat Lance|lance|\n|teamsize|p1|6\n|teamsize|p2|6\n|gen|9\n|tier|[Gen 9] National Dex\n|rule|HP Percentage Mod: HP is shown in percentages\n|rule|Endless Battle Clause: Forcing endless battles is banned\n|rule|OHKO Clause: OHKO moves are banned\n|rule|Evasion Clause: Evasion abilities, items, and moves are banned\n|rule|Evasion Abilities Clause: Evasion abilities are banned\n|rule|Evasion Items Clause: Evasion items are banned\n|rule|Evasion Moves Clause: Evasion moves are banned\n|rule|Species Clause: Limit one of each Pok\u00e9mon\n|rule|Sleep Clause Mod: Limit one foe put to sleep\n|clearpoke\n|poke|p1|Farigiraf, M|\n|poke|p1|Charizard, M|\n|poke|p1|Celesteela|\n|poke|p1|Ogerpon-Cornerstone, F|\n|poke|p1|Dhelmise|\n|poke|p1|Zygarde-10%|\n|poke|p2|Duraludon, M|\n|poke|p2|Kingdra, F|\n|poke|p2|Dragonite, M|\n|poke|p2|Noivern, F|\n|poke|p2|Latios, M|\n|poke|p2|Haxorus, M|\n|teampreview\n|c|\u2606FailingFiat|oh shoot\n|c|\u2606FailingFiat|more dragons\n|c|\u2606How To Beat Lance|yep\n|\n|t:|1700199082\n|start\n|switch|p1a: Dhelmise|Dhelmise|100\/100\n|switch|p2a: Kingdra|Kingdra, F, shiny|100\/100\n|turn|1\n|c|\u2606FailingFiat|get em ghelmise\n|\n|t:|1700199093\n|switch|p2a: Duraludon|Duraludon, M, shiny|100\/100\n|move|p1a: Dhelmise|Power Whip|p2a: Duraludon\n|-resisted|p2a: Duraludon\n|-damage|p2a: Duraludon|84\/100\n|-damage|p1a: Dhelmise|84\/100|[from] item: Rocky Helmet|[of] p2a: Duraludon\n|\n|upkeep\n|turn|2\n|\n|t:|1700199101\n|move|p2a: Duraludon|Stealth Rock|p1a: Dhelmise\n|-sidestart|p1: FailingFiat|move: Stealth Rock\n|move|p1a: Dhelmise|Earthquake|p2a: Duraludon\n|-supereffective|p2a: Duraludon\n|-damage|p2a: Duraludon|17\/100\n|\n|upkeep\n|turn|3\n|c|\u2606FailingFiat|get em dhelmise\n|\n|t:|1700199110\n|move|p2a: Duraludon|Thunder Wave|p1a: Dhelmise\n|-status|p1a: Dhelmise|par\n|move|p1a: Dhelmise|Poltergeist|p2a: Duraludon\n|-activate|p2a: Duraludon|move: Poltergeist|Rocky Helmet\n|-damage|p2a: Duraludon|0 fnt\n|faint|p2a: Duraludon\n|\n|upkeep\n|\n|t:|1700199116\n|switch|p2a: Kingdra|Kingdra, F, shiny|100\/100\n|turn|4\n|c|\u2606FailingFiat|bro praying on para\n|\n|t:|1700199128\n|move|p2a: Kingdra|Rain Dance|p2a: Kingdra\n|-weather|RainDance\n|move|p1a: Dhelmise|Power Whip|p2a: Kingdra\n|-damage|p2a: Kingdra|11\/100\n|\n|-weather|RainDance|[upkeep]\n|upkeep\n|turn|5\n|c|\u2606How To Beat Lance|ow\n|\n|t:|1700199140\n|move|p2a: Kingdra|Ice Beam|p1a: Dhelmise\n|-supereffective|p1a: Dhelmise\n|-damage|p1a: Dhelmise|25\/100 par\n|-damage|p2a: Kingdra|2\/100|[from] item: Life Orb\n|move|p1a: Dhelmise|Anchor Shot|p2a: Kingdra\n|-resisted|p2a: Kingdra\n|-damage|p2a: Kingdra|0 fnt\n|faint|p2a: Kingdra\n|\n|-weather|RainDance|[upkeep]\n|upkeep\n|c|\u2606FailingFiat|oh it wasnt super\n|c|\u2606FailingFiat|forgot dragon\n|c|\u2606FailingFiat|dhelmise a tank\n|\n|t:|1700199152\n|switch|p2a: Haxorus|Haxorus, M, shiny|100\/100\n|-ability|p2a: Haxorus|Mold Breaker\n|turn|6\n|\n|t:|1700199158\n|-terastallize|p2a: Haxorus|Steel\n|move|p2a: Haxorus|Dragon Dance|p2a: Haxorus\n|-boost|p2a: Haxorus|atk|1\n|-boost|p2a: Haxorus|spe|1\n|move|p1a: Dhelmise|Anchor Shot|p2a: Haxorus\n|-resisted|p2a: Haxorus\n|-damage|p2a: Haxorus|73\/100\n|-activate|p2a: Haxorus|trapped\n|\n|-weather|RainDance|[upkeep]\n|upkeep\n|turn|7\n|\n|t:|1700199171\n|move|p2a: Haxorus|Dragon Claw|p1a: Dhelmise\n|-damage|p1a: Dhelmise|0 fnt\n|faint|p1a: Dhelmise\n|\n|-weather|RainDance|[upkeep]\n|upkeep\n|c|\u2606FailingFiat|uh o\n|\n|t:|1700199175\n|switch|p1a: Zygarde|Zygarde-10%, shiny|100\/100\n|-damage|p1a: Zygarde|94\/100|[from] Stealth Rock\n|-ability|p1a: Zygarde|Aura Break\n|turn|8\n|c|\u2606FailingFiat|oops\n|c|\u2606FailingFiat|ur faster\n|c|\u2606How To Beat Lance|yep\n|\n|t:|1700199192\n|-terastallize|p1a: Zygarde|Fairy\n|move|p2a: Haxorus|Dragon Claw|p1a: Zygarde\n|-immune|p1a: Zygarde\n|move|p1a: Zygarde|Dragon Dance|p1a: Zygarde\n|-boost|p1a: Zygarde|atk|1\n|-boost|p1a: Zygarde|spe|1\n|\n|-weather|none\n|upkeep\n|turn|9\n|c|\u2606How To Beat Lance|ok\n|c|\u2606How To Beat Lance|nice one\n|c|\u2606FailingFiat|ty\n|\n|t:|1700199206\n|move|p1a: Zygarde|Thousand Arrows|p2a: Haxorus\n|-supereffective|p2a: Haxorus\n|-damage|p2a: Haxorus|0 fnt\n|faint|p2a: Haxorus\n|\n|upkeep\n|\n|t:|1700199218\n|switch|p2a: Noivern|Noivern, F|100\/100\n|turn|10\n|c|\u2606FailingFiat|this is an outrage\n|\n|t:|1700199225\n|move|p1a: Zygarde|Outrage|p2a: Noivern\n|-supereffective|p2a: Noivern\n|-damage|p2a: Noivern|0 fnt\n|faint|p2a: Noivern\n|\n|upkeep\n|c|\u2606How To Beat Lance|i shall lose\n|\n|t:|1700199245\n|switch|p2a: Dragonite|Dragonite, M|100\/100\n|turn|11\n|c|\u2606FailingFiat|yepr\n|\n|t:|1700199276\n|move|p2a: Dragonite|Extreme Speed|p1a: Zygarde\n|-damage|p1a: Zygarde|37\/100\n|move|p1a: Zygarde|Outrage|p2a: Dragonite|[from]lockedmove\n|-supereffective|p2a: Dragonite\n|-damage|p2a: Dragonite|15\/100\n|-enditem|p2a: Dragonite|Weakness Policy\n|-boost|p2a: Dragonite|atk|2|[from] item: Weakness Policy\n|-boost|p2a: Dragonite|spa|2|[from] item: Weakness Policy\n|-start|p1a: Zygarde|confusion|[fatigue]\n|\n|upkeep\n|turn|12\n|c|\u2606FailingFiat|..\n|\n|t:|1700199289\n|-activate|p1a: Zygarde|confusion\n|-damage|p1a: Zygarde|3\/100|[from] confusion\n|move|p2a: Dragonite|Extreme Speed|p1a: Zygarde\n|-damage|p1a: Zygarde|0 fnt\n|faint|p1a: Zygarde\n|\n|upkeep\n|c|\u2606FailingFiat|yo\n|c|\u2606FailingFiat|thats..\n|c|\u2606How To Beat Lance|painful\n|\n|t:|1700199312\n|switch|p1a: Celesteela|Celesteela|100\/100\n|-damage|p1a: Celesteela|88\/100|[from] Stealth Rock\n|turn|13\n|\n|t:|1700199321\n|move|p2a: Dragonite|Dragon Claw|p1a: Celesteela\n|-resisted|p1a: Celesteela\n|-damage|p1a: Celesteela|40\/100\n|move|p1a: Celesteela|Autotomize|p1a: Celesteela\n|-boost|p1a: Celesteela|spe|2\n|-start|p1a: Celesteela|Autotomize\n|\n|upkeep\n|turn|14\n|c|\u2606How To Beat Lance|gg\n|c|\u2606FailingFiat|i think i just lost\n|\n|t:|1700199342\n|move|p2a: Dragonite|Extreme Speed|p1a: Celesteela\n|-resisted|p1a: Celesteela\n|-crit|p1a: Celesteela\n|-damage|p1a: Celesteela|0 fnt\n|faint|p1a: Celesteela\n|\n|upkeep\n|c|\u2606How To Beat Lance|lol\n|c|\u2606How To Beat Lance|the crit\n|\n|t:|1700199352\n|switch|p1a: Charizard|Charizard, M|100\/100\n|-damage|p1a: Charizard|51\/100|[from] Stealth Rock\n|turn|15\n|c|\u2606How To Beat Lance|i was like\n|c|\u2606How To Beat Lance|if i crit\n|\n|t:|1700199363\n|detailschange|p1a: Charizard|Charizard-Mega-Y, M\n|-mega|p1a: Charizard|Charizard|Charizardite Y\n|-weather|SunnyDay|[from] ability: Drought|[of] p1a: Charizard\n|move|p2a: Dragonite|Extreme Speed|p1a: Charizard\n|-damage|p1a: Charizard|0 fnt\n|faint|p1a: Charizard\n|\n|-weather|SunnyDay|[upkeep]\n|upkeep\n|c|\u2606How To Beat Lance|last 2 way two bulky\n|\n|t:|1700199385\n|switch|p1a: Ogerpon|Ogerpon-Cornerstone, F|100\/100\n|-damage|p1a: Ogerpon|88\/100|[from] Stealth Rock\n|turn|16\n|\n|t:|1700199392\n|move|p2a: Dragonite|Extreme Speed|p1a: Ogerpon\n|-resisted|p1a: Ogerpon\n|-damage|p1a: Ogerpon|45\/100\n|move|p1a: Ogerpon|Play Rough|p2a: Dragonite\n|-supereffective|p2a: Dragonite\n|-damage|p2a: Dragonite|0 fnt\n|faint|p2a: Dragonite\n|\n|-weather|SunnyDay|[upkeep]\n|upkeep\n|\n|t:|1700199401\n|switch|p2a: Latios|Latios, M|100\/100\n|turn|17\n|c|\u2606FailingFiat|dont know why i didnt send out this kid in the first place\n|\n|t:|1700199417\n|detailschange|p2a: Latios|Latios-Mega, M\n|-mega|p2a: Latios|Latios|Latiosite\n|move|p1a: Ogerpon|Play Rough|p2a: Latios\n|-supereffective|p2a: Latios\n|-damage|p2a: Latios|32\/100\n|move|p2a: Latios|Aura Sphere|p1a: Ogerpon\n|-supereffective|p1a: Ogerpon\n|-damage|p1a: Ogerpon|0 fnt\n|faint|p1a: Ogerpon\n|\n|-weather|SunnyDay|[upkeep]\n|upkeep\n|c|\u2606How To Beat Lance|who knows\n|\n|t:|1700199427\n|switch|p1a: Farigiraf|Farigiraf, M, shiny|100\/100\n|-damage|p1a: Farigiraf|88\/100|[from] Stealth Rock\n|turn|18\n|c|\u2606How To Beat Lance|gg\n|c|\u2606FailingFiat|idk\n|c|\u2606FailingFiat|pls be strong fargiraf\n|\n|t:|1700199457\n|move|p2a: Latios|Dragon Pulse|p1a: Farigiraf\n|-damage|p1a: Farigiraf|38\/100\n|move|p1a: Farigiraf|Thunderbolt|p2a: Latios\n|-resisted|p2a: Latios\n|-damage|p2a: Latios|17\/100\n|\n|-weather|SunnyDay|[upkeep]\n|upkeep\n|turn|19\n|c|\u2606FailingFiat|gg\n|c|\u2606How To Beat Lance|gg\n|\n|t:|1700199477\n|move|p2a: Latios|Dragon Pulse|p1a: Farigiraf\n|-damage|p1a: Farigiraf|0 fnt\n|faint|p1a: Farigiraf\n|\n|win|How To Beat Lance\n|c|\u2606How To Beat Lance|wp\n","uploadtime":1700199492,"views":4,"p1id":"failingfiat","p2id":"howtobeatlance","formatid":"gen9nationaldex","rating":0,"private":0,"password":""}