{"id":"gen9nationaldex-1999584077","p1":"ahg12138","p2":"jia jia pig\u5609\u5609","format":"[Gen 9] National Dex","log":"|html|<div class=\"broadcast-blue\"><strong>[Gen 9] National Dex is currently suspecting Sneasler! For information on how to participate check out the <a href=\"https:\/\/www.smogon.com\/forums\/threads\/sv-national-dex-suspect-8-just-dance.3731534\/\">suspect thread<\/a>.<\/strong><\/div>\n|j|\u2606ahg12138\n|j|\u2606jia jia pig\u5609\u5609\n|t:|1701098520\n|gametype|singles\n|player|p1|ahg12138|sailor|1429\n|player|p2|jia jia pig\u5609\u5609|piers|1466\n|teamsize|p1|6\n|teamsize|p2|6\n|gen|9\n|tier|[Gen 9] National Dex\n|rated|\n|rule|HP Percentage Mod: HP is shown in percentages\n|rule|Endless Battle Clause: Forcing endless battles is banned\n|rule|OHKO Clause: OHKO moves are banned\n|rule|Evasion Clause: Evasion abilities, items, and moves are banned\n|rule|Evasion Abilities Clause: Evasion abilities are banned\n|rule|Evasion Items Clause: Evasion items are banned\n|rule|Evasion Moves Clause: Evasion moves are banned\n|rule|Species Clause: Limit one of each Pok\u00e9mon\n|rule|Sleep Clause Mod: Limit one foe put to sleep\n|clearpoke\n|poke|p1|Rillaboom, M|\n|poke|p1|Landorus-Therian, M|\n|poke|p1|Pinsir, F|\n|poke|p1|Sneasler, F|\n|poke|p1|Thundurus-Therian, M|\n|poke|p1|Alomomola, F|\n|poke|p2|Heatran, M|\n|poke|p2|Zapdos|\n|poke|p2|Tapu Bulu|\n|poke|p2|Great Tusk|\n|poke|p2|Cresselia, F|\n|poke|p2|Garganacl, F|\n|teampreview\n|inactive|Battle timer is ON: inactive players will automatically lose when time's up. (requested by ahg12138)\n|inactive|jia jia pig\u5609\u5609 also wants the timer to be on.\n|\n|t:|1701098528\n|start\n|switch|p1a: Landorus|Landorus-Therian, M|100\/100\n|switch|p2a: Garganacl|Garganacl, F|100\/100\n|-ability|p1a: Landorus|Intimidate|boost\n|-unboost|p2a: Garganacl|atk|1\n|turn|1\n|\n|t:|1701098534\n|move|p1a: Landorus|Earthquake|p2a: Garganacl\n|-supereffective|p2a: Garganacl\n|-damage|p2a: Garganacl|41\/100\n|move|p2a: Garganacl|Salt Cure|p1a: Landorus\n|-damage|p1a: Landorus|93\/100\n|-start|p1a: Landorus|Salt Cure\n|\n|-heal|p1a: Landorus|99\/100|[from] item: Leftovers\n|-heal|p2a: Garganacl|47\/100|[from] item: Leftovers\n|-damage|p1a: Landorus|87\/100|[from] Salt Cure\n|upkeep\n|turn|2\n|\n|t:|1701098540\n|move|p2a: Garganacl|Protect|p2a: Garganacl\n|-singleturn|p2a: Garganacl|Protect\n|move|p1a: Landorus|Stealth Rock|p2a: Garganacl\n|-sidestart|p2: jia jia pig\u5609\u5609|move: Stealth Rock\n|\n|-heal|p1a: Landorus|93\/100|[from] item: Leftovers\n|-heal|p2a: Garganacl|53\/100|[from] item: Leftovers\n|-damage|p1a: Landorus|81\/100|[from] Salt Cure\n|upkeep\n|turn|3\n|\n|t:|1701098546\n|switch|p2a: Great Tusk|Great Tusk|100\/100\n|-damage|p2a: Great Tusk|98\/100|[from] Stealth Rock\n|move|p1a: Landorus|U-turn|p2a: Great Tusk\n|-resisted|p2a: Great Tusk\n|-damage|p2a: Great Tusk|90\/100\n|\n|t:|1701098557\n|switch|p1a: Pinsir|Pinsir, F|100\/100|[from] U-turn\n|\n|upkeep\n|turn|4\n|inactive|jia jia pig\u5609\u5609 has 120 seconds left.\n|\n|t:|1701098592\n|detailschange|p1a: Pinsir|Pinsir-Mega, F\n|-mega|p1a: Pinsir|Pinsir|Pinsirite\n|move|p1a: Pinsir|Swords Dance|p1a: Pinsir\n|-boost|p1a: Pinsir|atk|2\n|-zpower|p2a: Great Tusk\n|move|p2a: Great Tusk|Subzero Slammer|p1a: Pinsir|[zeffect]\n|-supereffective|p1a: Pinsir\n|-damage|p1a: Pinsir|0 fnt\n|faint|p1a: Pinsir\n|\n|upkeep\n|\n|t:|1701098600\n|switch|p1a: Rillaboom|Rillaboom, M|100\/100\n|-fieldstart|move: Grassy Terrain|[from] ability: Grassy Surge|[of] p1a: Rillaboom\n|turn|5\n|\n|t:|1701098608\n|move|p2a: Great Tusk|Ice Spinner|p1a: Rillaboom\n|-supereffective|p1a: Rillaboom\n|-damage|p1a: Rillaboom|35\/100\n|-fieldend|move: Grassy Terrain\n|move|p1a: Rillaboom|U-turn|p2a: Great Tusk\n|-resisted|p2a: Great Tusk\n|-damage|p2a: Great Tusk|76\/100\n|\n|t:|1701098617\n|switch|p1a: Alomomola|Alomomola, F|100\/100|[from] U-turn\n|\n|upkeep\n|turn|6\n|\n|t:|1701098619\n|move|p2a: Great Tusk|Stealth Rock|p1a: Alomomola\n|-sidestart|p1: ahg12138|move: Stealth Rock\n|move|p1a: Alomomola|Toxic|p2a: Great Tusk\n|-status|p2a: Great Tusk|tox\n|\n|-damage|p2a: Great Tusk|70\/100 tox|[from] psn\n|upkeep\n|turn|7\n|\n|t:|1701098627\n|move|p2a: Great Tusk|Rapid Spin|p1a: Alomomola\n|-damage|p1a: Alomomola|91\/100\n|-boost|p2a: Great Tusk|spe|1\n|-damage|p2a: Great Tusk|54\/100 tox|[from] item: Rocky Helmet|[of] p1a: Alomomola\n|-sideend|p2: jia jia pig\u5609\u5609|Stealth Rock|[from] move: Rapid Spin|[of] p2a: Great Tusk\n|move|p1a: Alomomola|Flip Turn|p2a: Great Tusk\n|-supereffective|p2a: Great Tusk\n|-damage|p2a: Great Tusk|28\/100 tox\n|\n|t:|1701098642\n|switch|p1a: Rillaboom|Rillaboom, M|35\/100|[from] Flip Turn\n|-damage|p1a: Rillaboom|22\/100|[from] Stealth Rock\n|-fieldstart|move: Grassy Terrain|[from] ability: Grassy Surge|[of] p1a: Rillaboom\n|\n|-heal|p2a: Great Tusk|34\/100 tox|[from] Grassy Terrain\n|-heal|p1a: Rillaboom|29\/100|[from] Grassy Terrain\n|-damage|p2a: Great Tusk|22\/100 tox|[from] psn\n|upkeep\n|turn|8\n|inactive|jia jia pig\u5609\u5609 has 120 seconds left.\n|\n|t:|1701098690\n|move|p1a: Rillaboom|Grassy Glide|p2a: Great Tusk\n|-supereffective|p2a: Great Tusk\n|-damage|p2a: Great Tusk|0 fnt\n|faint|p2a: Great Tusk\n|-end|p2a: Great Tusk|Protosynthesis|[silent]\n|\n|-heal|p1a: Rillaboom|35\/100|[from] Grassy Terrain\n|upkeep\n|\n|t:|1701098694\n|switch|p2a: Zapdos|Zapdos|100\/100\n|turn|9\n|\n|t:|1701098706\n|switch|p1a: Landorus|Landorus-Therian, M|81\/100\n|-damage|p1a: Landorus|68\/100|[from] Stealth Rock\n|-ability|p1a: Landorus|Intimidate|boost\n|-unboost|p2a: Zapdos|atk|1\n|move|p2a: Zapdos|Heat Wave|p1a: Landorus\n|-damage|p1a: Landorus|39\/100\n|\n|-heal|p1a: Landorus|45\/100|[from] item: Leftovers\n|upkeep\n|turn|10\n|inactive|jia jia pig\u5609\u5609 has 120 seconds left.\n|\n|t:|1701098718\n|move|p2a: Zapdos|Heat Wave|p1a: Landorus\n|-damage|p1a: Landorus|18\/100\n|move|p1a: Landorus|Stealth Rock|p2a: Zapdos\n|-sidestart|p2: jia jia pig\u5609\u5609|move: Stealth Rock\n|\n|-heal|p1a: Landorus|25\/100|[from] item: Leftovers\n|upkeep\n|turn|11\n|inactive|ahg12138 has 120 seconds left.\n|\n|t:|1701098749\n|switch|p1a: Alomomola|Alomomola, F|100\/100\n|-damage|p1a: Alomomola|88\/100|[from] Stealth Rock\n|move|p2a: Zapdos|Heat Wave|p1a: Alomomola\n|-resisted|p1a: Alomomola\n|-damage|p1a: Alomomola|76\/100\n|-status|p1a: Alomomola|brn\n|\n|-heal|p1a: Alomomola|82\/100 brn|[from] Grassy Terrain\n|-damage|p1a: Alomomola|76\/100 brn|[from] brn\n|-fieldend|move: Grassy Terrain\n|upkeep\n|turn|12\n|inactive|ahg12138 has 120 seconds left.\n|inactive|jia jia pig\u5609\u5609 has 120 seconds left.\n|\n|t:|1701098786\n|move|p2a: Zapdos|Volt Switch|p1a: Alomomola\n|-supereffective|p1a: Alomomola\n|-damage|p1a: Alomomola|26\/100 brn\n|\n|t:|1701098788\n|switch|p2a: Tapu Bulu|Tapu Bulu, shiny|100\/100|[from] Volt Switch\n|-damage|p2a: Tapu Bulu|88\/100|[from] Stealth Rock\n|-fieldstart|move: Grassy Terrain|[from] ability: Grassy Surge|[of] p2a: Tapu Bulu\n|move|p1a: Alomomola|Toxic|p2a: Tapu Bulu\n|-status|p2a: Tapu Bulu|tox\n|\n|-heal|p2a: Tapu Bulu|94\/100 tox|[from] Grassy Terrain\n|-heal|p2a: Tapu Bulu|100\/100 tox|[from] item: Leftovers\n|-heal|p1a: Alomomola|32\/100 brn|[from] Grassy Terrain\n|-damage|p2a: Tapu Bulu|94\/100 tox|[from] psn\n|-damage|p1a: Alomomola|26\/100 brn|[from] brn\n|upkeep\n|turn|13\n|inactive|ahg12138 has 120 seconds left.\n|\n|t:|1701098804\n|switch|p2a: Cresselia|Cresselia, F, shiny|100\/100\n|-damage|p2a: Cresselia|88\/100|[from] Stealth Rock\n|-enditem|p2a: Cresselia|Grassy Seed\n|-boost|p2a: Cresselia|def|1|[from] item: Grassy Seed\n|move|p1a: Alomomola|Protect||[still]\n|-fail|p1a: Alomomola\n|\n|-heal|p1a: Alomomola|32\/100 brn|[from] Grassy Terrain\n|-damage|p1a: Alomomola|26\/100 brn|[from] brn\n|upkeep\n|turn|14\n|inactive|jia jia pig\u5609\u5609 has 120 seconds left.\n|inactive|ahg12138 has 120 seconds left.\n|\n|t:|1701098824\n|-terastallize|p2a: Cresselia|Poison\n|move|p2a: Cresselia|Calm Mind|p2a: Cresselia\n|-boost|p2a: Cresselia|spa|1\n|-boost|p2a: Cresselia|spd|1\n|move|p1a: Alomomola|Flip Turn|p2a: Cresselia\n|-damage|p2a: Cresselia|85\/100\n|inactive|ahg12138 has 90 seconds left.\n|\n|t:|1701098855\n|switch|p1a: Sneasler|Sneasler, F|100\/100|[from] Flip Turn\n|-damage|p1a: Sneasler|95\/100|[from] Stealth Rock\n|-enditem|p1a: Sneasler|Grassy Seed\n|-boost|p1a: Sneasler|def|1|[from] item: Grassy Seed\n|\n|-heal|p1a: Sneasler|100\/100|[from] Grassy Terrain\n|upkeep\n|turn|15\n|inactive|ahg12138 has 90 seconds left.\n|inactive|jia jia pig\u5609\u5609 has 120 seconds left.\n|\n|t:|1701098886\n|-terastallize|p1a: Sneasler|Flying\n|move|p1a: Sneasler|Swords Dance|p1a: Sneasler\n|-boost|p1a: Sneasler|atk|2\n|move|p2a: Cresselia|Stored Power|p1a: Sneasler\n|-damage|p1a: Sneasler|53\/100\n|\n|upkeep\n|turn|16\n|inactive|ahg12138 has 90 seconds left.\n|\n|t:|1701098897\n|move|p1a: Sneasler|Acrobatics|p2a: Cresselia\n|-damage|p2a: Cresselia|40\/100\n|move|p2a: Cresselia|Calm Mind|p2a: Cresselia\n|-boost|p2a: Cresselia|spa|1\n|-boost|p2a: Cresselia|spd|1\n|\n|-fieldend|move: Grassy Terrain\n|upkeep\n|turn|17\n|inactive|jia jia pig\u5609\u5609 has 120 seconds left.\n|\n|t:|1701098905\n|switch|p2a: Zapdos|Zapdos|100\/100\n|move|p1a: Sneasler|Acrobatics|p2a: Zapdos\n|-resisted|p2a: Zapdos\n|-damage|p2a: Zapdos|52\/100\n|-status|p1a: Sneasler|par|[from] ability: Static|[of] p2a: Zapdos\n|\n|upkeep\n|turn|18\n|l|\u2606jia jia pig\u5609\u5609\n|inactive|jia jia pig\u5609\u5609 disconnected and has a minute to reconnect!\n|player|p2|\n|j|\u2606jia jia pig\u5609\u5609\n|inactive|jia jia pig\u5609\u5609 reconnected.\n|player|p2|jia jia pig\u5609\u5609|piers\n|\n|t:|1701098919\n|cant|p1a: Sneasler|par\n|move|p2a: Zapdos|Heat Wave|p1a: Sneasler\n|-damage|p1a: Sneasler|18\/100 par\n|\n|upkeep\n|turn|19\n|\n|t:|1701098936\n|move|p1a: Sneasler|Gunk Shot|p2a: Zapdos\n|-damage|p2a: Zapdos|0 fnt\n|faint|p2a: Zapdos\n|\n|upkeep\n|\n|t:|1701098942\n|switch|p2a: Heatran|Heatran, M, shiny|100\/100\n|-damage|p2a: Heatran|88\/100|[from] Stealth Rock\n|turn|20\n|\n|t:|1701098946\n|move|p2a: Heatran|Protect|p2a: Heatran\n|-singleturn|p2a: Heatran|Protect\n|move|p1a: Sneasler|Close Combat|p2a: Heatran\n|-activate|p2a: Heatran|move: Protect\n|\n|-heal|p2a: Heatran|94\/100|[from] item: Leftovers\n|upkeep\n|turn|21\n|\n|t:|1701098951\n|move|p1a: Sneasler|Close Combat|p2a: Heatran\n|-supereffective|p2a: Heatran\n|-damage|p2a: Heatran|0 fnt\n|-unboost|p1a: Sneasler|def|1\n|-unboost|p1a: Sneasler|spd|1\n|faint|p2a: Heatran\n|\n|upkeep\n|\n|t:|1701098957\n|switch|p2a: Cresselia|Cresselia, F, shiny, tera:Poison|40\/100\n|-damage|p2a: Cresselia|27\/100|[from] Stealth Rock\n|turn|22\n|\n|t:|1701098961\n|move|p1a: Sneasler|Acrobatics|p2a: Cresselia\n|-damage|p2a: Cresselia|0 fnt\n|faint|p2a: Cresselia\n|\n|upkeep\n|\n|t:|1701098964\n|switch|p2a: Tapu Bulu|Tapu Bulu, shiny|94\/100 tox\n|-damage|p2a: Tapu Bulu|82\/100 tox|[from] Stealth Rock\n|-fieldstart|move: Grassy Terrain|[from] ability: Grassy Surge|[of] p2a: Tapu Bulu\n|turn|23\n|\n|t:|1701098967\n|cant|p1a: Sneasler|par\n|move|p2a: Tapu Bulu|Horn Leech|p1a: Sneasler\n|-resisted|p1a: Sneasler\n|-damage|p1a: Sneasler|0 fnt\n|-heal|p2a: Tapu Bulu|91\/100 tox|[from] drain|[of] p1a: Sneasler\n|faint|p1a: Sneasler\n|\n|-heal|p2a: Tapu Bulu|97\/100 tox|[from] Grassy Terrain\n|-heal|p2a: Tapu Bulu|100\/100 tox|[from] item: Leftovers\n|-damage|p2a: Tapu Bulu|94\/100 tox|[from] psn\n|upkeep\n|\n|t:|1701098981\n|switch|p1a: Thundurus|Thundurus-Therian, M|100\/100\n|-damage|p1a: Thundurus|76\/100|[from] Stealth Rock\n|turn|24\n|inactive|jia jia pig\u5609\u5609 has 120 seconds left.\n|inactive|jia jia pig\u5609\u5609 has 90 seconds left.\n|\n|t:|1701099048\n|move|p1a: Thundurus|Sludge Wave|p2a: Tapu Bulu\n|-supereffective|p2a: Tapu Bulu\n|-damage|p2a: Tapu Bulu|0 fnt\n|faint|p2a: Tapu Bulu\n|\n|upkeep\n|\n|t:|1701099049\n|switch|p2a: Garganacl|Garganacl, F|53\/100\n|-damage|p2a: Garganacl|41\/100|[from] Stealth Rock\n|turn|25\n|\n|t:|1701099053\n|move|p2a: Garganacl|Protect|p2a: Garganacl\n|-singleturn|p2a: Garganacl|Protect\n|move|p1a: Thundurus|Sludge Wave|p2a: Garganacl\n|-activate|p2a: Garganacl|move: Protect\n|\n|-heal|p2a: Garganacl|47\/100|[from] Grassy Terrain\n|-heal|p2a: Garganacl|53\/100|[from] item: Leftovers\n|upkeep\n|turn|26\n|\n|t:|1701099057\n|move|p1a: Thundurus|Sludge Wave|p2a: Garganacl\n|-resisted|p2a: Garganacl\n|-damage|p2a: Garganacl|42\/100\n|move|p2a: Garganacl|Recover|p2a: Garganacl\n|-heal|p2a: Garganacl|92\/100\n|\n|-heal|p2a: Garganacl|99\/100|[from] Grassy Terrain\n|-heal|p2a: Garganacl|100\/100|[from] item: Leftovers\n|upkeep\n|turn|27\n|\n|t:|1701099064\n|switch|p1a: Alomomola|Alomomola, F|59\/100 brn\n|-damage|p1a: Alomomola|47\/100 brn|[from] Stealth Rock\n|move|p2a: Garganacl|Salt Cure|p1a: Alomomola\n|-damage|p1a: Alomomola|39\/100 brn\n|-start|p1a: Alomomola|Salt Cure\n|\n|-heal|p1a: Alomomola|45\/100 brn|[from] Grassy Terrain\n|-damage|p1a: Alomomola|39\/100 brn|[from] brn\n|-damage|p1a: Alomomola|14\/100 brn|[from] Salt Cure\n|-fieldend|move: Grassy Terrain\n|upkeep\n|turn|28\n|\n|t:|1701099075\n|move|p2a: Garganacl|Protect|p2a: Garganacl\n|-singleturn|p2a: Garganacl|Protect\n|move|p1a: Alomomola|Toxic|p2a: Garganacl\n|-activate|p2a: Garganacl|move: Protect\n|\n|-damage|p1a: Alomomola|8\/100 brn|[from] brn\n|-damage|p1a: Alomomola|0 fnt|[from] Salt Cure\n|faint|p1a: Alomomola\n|upkeep\n|\n|t:|1701099086\n|switch|p1a: Landorus|Landorus-Therian, M|25\/100\n|-damage|p1a: Landorus|12\/100|[from] Stealth Rock\n|-ability|p1a: Landorus|Intimidate|boost\n|-unboost|p2a: Garganacl|atk|1\n|turn|29\n|inactive|jia jia pig\u5609\u5609 has 120 seconds left.\n|\n|t:|1701099116\n|move|p1a: Landorus|Earthquake|p2a: Garganacl\n|-supereffective|p2a: Garganacl\n|-damage|p2a: Garganacl|39\/100\n|move|p2a: Garganacl|Salt Cure|p1a: Landorus\n|-damage|p1a: Landorus|6\/100\n|-start|p1a: Landorus|Salt Cure\n|\n|-heal|p1a: Landorus|12\/100|[from] item: Leftovers\n|-heal|p2a: Garganacl|45\/100|[from] item: Leftovers\n|-damage|p1a: Landorus|0 fnt|[from] Salt Cure\n|faint|p1a: Landorus\n|upkeep\n|\n|t:|1701099121\n|switch|p1a: Rillaboom|Rillaboom, M|35\/100\n|-damage|p1a: Rillaboom|22\/100|[from] Stealth Rock\n|-fieldstart|move: Grassy Terrain|[from] ability: Grassy Surge|[of] p1a: Rillaboom\n|turn|30\n|\n|t:|1701099137\n|move|p2a: Garganacl|Protect|p2a: Garganacl\n|-singleturn|p2a: Garganacl|Protect\n|move|p1a: Rillaboom|Superpower|p2a: Garganacl\n|-activate|p2a: Garganacl|move: Protect\n|\n|-heal|p1a: Rillaboom|29\/100|[from] Grassy Terrain\n|-heal|p2a: Garganacl|51\/100|[from] Grassy Terrain\n|-heal|p2a: Garganacl|58\/100|[from] item: Leftovers\n|upkeep\n|turn|31\n|\n|t:|1701099145\n|move|p1a: Rillaboom|Superpower|p2a: Garganacl\n|-supereffective|p2a: Garganacl\n|-damage|p2a: Garganacl|0 fnt\n|-unboost|p1a: Rillaboom|atk|1\n|-unboost|p1a: Rillaboom|def|1\n|faint|p2a: Garganacl\n|\n|win|ahg12138\n|raw|ahg12138's rating: 1429 &rarr; <strong>1451<\/strong><br \/>(+22 for winning)\n|raw|jia jia pig\u5609\u5609's rating: 1466 &rarr; <strong>1444<\/strong><br \/>(-22 for losing)\n","uploadtime":1701099149,"views":2,"p1id":"ahg12138","p2id":"jiajiapig","formatid":"gen9nationaldex","rating":1444,"private":0,"password":""}