{"id":"gen9nationaldex-1987247924","p1":"Sylveon(404)","p2":"RARMolina","format":"[Gen 9] National Dex","log":"|j|\u2606Sylveon(404)\n|j|\u2606RARMolina\n|t:|1699569215\n|gametype|singles\n|player|p1|Sylveon(404)|serena|\n|player|p2|RARMolina|nessa|\n|teamsize|p1|6\n|teamsize|p2|6\n|gen|9\n|tier|[Gen 9] National Dex\n|rule|HP Percentage Mod: HP is shown in percentages\n|rule|Endless Battle Clause: Forcing endless battles is banned\n|rule|OHKO Clause: OHKO moves are banned\n|rule|Evasion Clause: Evasion abilities, items, and moves are banned\n|rule|Evasion Abilities Clause: Evasion abilities are banned\n|rule|Evasion Items Clause: Evasion items are banned\n|rule|Evasion Moves Clause: Evasion moves are banned\n|rule|Species Clause: Limit one of each Pok\u00e9mon\n|rule|Sleep Clause Mod: Limit one foe put to sleep\n|clearpoke\n|poke|p1|Corviknight, M|\n|poke|p1|Dragonite, M|\n|poke|p1|Iron Jugulis|\n|poke|p1|Togekiss, M|\n|poke|p1|Gliscor, M|\n|poke|p1|Venusaur, F|\n|poke|p2|Empoleon, M|\n|poke|p2|Garchomp, M|\n|poke|p2|Pelipper, M|\n|poke|p2|Jellicent, F|\n|poke|p2|Golisopod, M|\n|poke|p2|Swampert, F|\n|teampreview\n|\n|t:|1699569229\n|start\n|switch|p1a: barni|Dragonite, M|100\/100\n|switch|p2a: Weater report|Pelipper, M|100\/100\n|-weather|RainDance|[from] ability: Drizzle|[of] p2a: Weater report\n|turn|1\n|\n|t:|1699569237\n|move|p1a: barni|Dragon Dance|p1a: barni\n|-boost|p1a: barni|atk|1\n|-boost|p1a: barni|spe|1\n|move|p2a: Weater report|U-turn|p1a: barni\n|-resisted|p1a: barni\n|-damage|p1a: barni|98\/100\n|c|\u2606Sylveon(404)|pera\n|\n|t:|1699569240\n|switch|p2a: Jatziri|Swampert, F|100\/100|[from] U-turn\n|\n|-weather|RainDance|[upkeep]\n|upkeep\n|turn|2\n|c|\u2606Sylveon(404)|no debemos pasar el link\n|c|\u2606Sylveon(404)|?\n|\n|t:|1699569253\n|detailschange|p2a: Jatziri|Swampert-Mega, F\n|-mega|p2a: Jatziri|Swampert|Swampertite\n|-terastallize|p1a: barni|Normal\n|move|p2a: Jatziri|Ice Punch|p1a: barni\n|-crit|p1a: barni\n|-damage|p1a: barni|48\/100\n|move|p1a: barni|Dragon Dance|p1a: barni\n|-boost|p1a: barni|atk|1\n|-boost|p1a: barni|spe|1\n|\n|-weather|RainDance|[upkeep]\n|upkeep\n|turn|3\n|c|\u2606RARMolina|Ehhhhhhh quien va a verlo ?\n|c|\u2606Sylveon(404)|no se\n|c|\u2606Sylveon(404)|xd\n|\n|t:|1699569265\n|switch|p2a: Srta. Tess|Jellicent, F|100\/100\n|move|p1a: barni|Extreme Speed|p2a: Srta. Tess\n|-immune|p2a: Srta. Tess\n|\n|-weather|RainDance|[upkeep]\n|upkeep\n|turn|4\n|c|\u2606Sylveon(404)|alguien supongo\n|c|\u2606RARMolina|Luego pasamos el link a putazos\n|c|\u2606Sylveon(404)|ok\n|\n|t:|1699569288\n|move|p1a: barni|Dragon Dance|p1a: barni\n|-boost|p1a: barni|atk|1\n|-boost|p1a: barni|spe|1\n|move|p2a: Srta. Tess|Scald|p1a: barni\n|-damage|p1a: barni|10\/100\n|\n|-weather|RainDance|[upkeep]\n|upkeep\n|turn|5\n|\n|t:|1699569298\n|move|p1a: barni|Dual Wingbeat|p2a: Srta. Tess|[miss]\n|-miss|p1a: barni|p2a: Srta. Tess\n|move|p2a: Srta. Tess|Scald|p1a: barni\n|-damage|p1a: barni|0 fnt\n|faint|p1a: barni\n|\n|-weather|RainDance|[upkeep]\n|upkeep\n|c|\u2606Sylveon(404)|...\n|\n|t:|1699569310\n|switch|p1a: rosita|Venusaur, F|100\/100\n|turn|6\n|c|\u2606RARMolina|Gastar la tera al principio no es siempre bueno\n|\n|t:|1699569324\n|detailschange|p1a: rosita|Venusaur-Mega, F\n|-mega|p1a: rosita|Venusaur|Venusaurite\n|move|p1a: rosita|Sleep Powder|p2a: Srta. Tess\n|-status|p2a: Srta. Tess|slp|[from] move: Sleep Powder\n|cant|p2a: Srta. Tess|slp\n|\n|-weather|RainDance|[upkeep]\n|upkeep\n|turn|7\n|c|\u2606Sylveon(404)|:v\n|c|\u2606Sylveon(404)|toca ser rata\n|\n|t:|1699569334\n|move|p1a: rosita|Giga Drain|p2a: Srta. Tess\n|-supereffective|p2a: Srta. Tess\n|-damage|p2a: Srta. Tess|40\/100 slp\n|-curestatus|p2a: Srta. Tess|slp|[msg]\n|move|p2a: Srta. Tess|Shadow Ball|p1a: rosita\n|-damage|p1a: rosita|81\/100\n|-unboost|p1a: rosita|spd|1\n|\n|-weather|RainDance|[upkeep]\n|-heal|p2a: Srta. Tess|46\/100|[from] item: Leftovers\n|upkeep\n|turn|8\n|\n|t:|1699569343\n|move|p1a: rosita|Giga Drain|p2a: Srta. Tess\n|-supereffective|p2a: Srta. Tess\n|-damage|p2a: Srta. Tess|0 fnt\n|-heal|p1a: rosita|100\/100|[from] drain|[of] p2a: Srta. Tess\n|faint|p2a: Srta. Tess\n|\n|-weather|none\n|upkeep\n|\n|t:|1699569346\n|switch|p2a: Weater report|Pelipper, M|100\/100\n|-weather|RainDance|[from] ability: Drizzle|[of] p2a: Weater report\n|turn|9\n|\n|t:|1699569352\n|move|p1a: rosita|Sleep Powder|p2a: Weater report\n|-status|p2a: Weater report|slp|[from] move: Sleep Powder\n|cant|p2a: Weater report|slp\n|\n|-weather|RainDance|[upkeep]\n|upkeep\n|turn|10\n|\n|t:|1699569358\n|move|p1a: rosita|Giga Drain|p2a: Weater report\n|-damage|p2a: Weater report|43\/100 slp\n|cant|p2a: Weater report|slp\n|\n|-weather|RainDance|[upkeep]\n|upkeep\n|turn|11\n|\n|t:|1699569364\n|move|p1a: rosita|Giga Drain|p2a: Weater report\n|-damage|p2a: Weater report|0 fnt\n|faint|p2a: Weater report\n|\n|-weather|RainDance|[upkeep]\n|upkeep\n|\n|t:|1699569373\n|switch|p2a: Bocho|Garchomp, M|100\/100\n|turn|12\n|\n|t:|1699569378\n|move|p2a: Bocho|Earthquake|p1a: rosita\n|-damage|p1a: rosita|54\/100\n|move|p1a: rosita|Sleep Powder|p2a: Bocho\n|-status|p2a: Bocho|slp|[from] move: Sleep Powder\n|\n|-weather|RainDance|[upkeep]\n|upkeep\n|turn|13\n|\n|t:|1699569384\n|cant|p2a: Bocho|slp\n|move|p1a: rosita|Giga Drain|p2a: Bocho\n|-damage|p2a: Bocho|52\/100 slp\n|-heal|p1a: rosita|83\/100|[from] drain|[of] p2a: Bocho\n|\n|-weather|RainDance|[upkeep]\n|upkeep\n|turn|14\n|c|\u2606Sylveon(404)|barni no ayudaste y eso q sos el insignia\n|c|\u2606Sylveon(404)|y venu q ni es volador\n|c|\u2606Sylveon(404)|carrwa\n|\n|t:|1699569413\n|cant|p2a: Bocho|slp\n|move|p1a: rosita|Giga Drain|p2a: Bocho\n|-damage|p2a: Bocho|9\/100 slp\n|-heal|p1a: rosita|100\/100|[from] drain|[of] p2a: Bocho\n|\n|-weather|RainDance|[upkeep]\n|upkeep\n|turn|15\n|c|\u2606RARMolina|Pero man almenos tene huevos y no me duermas o que miedo que me baje al venasaur xd\n|c|\u2606RARMolina|Na broma\n|\n|t:|1699569436\n|cant|p2a: Bocho|slp\n|move|p1a: rosita|Giga Drain|p2a: Bocho\n|-damage|p2a: Bocho|0 fnt\n|faint|p2a: Bocho\n|\n|-weather|RainDance|[upkeep]\n|upkeep\n|c|\u2606Sylveon(404)|XD\n|\n|t:|1699569443\n|switch|p2a: Jatziri|Swampert-Mega, F|100\/100\n|turn|16\n|c|\u2606Sylveon(404)|es pa asegurar\n|\n|t:|1699569448\n|move|p2a: Jatziri|Earthquake|p1a: rosita\n|-damage|p1a: rosita|52\/100\n|move|p1a: rosita|Giga Drain|p2a: Jatziri\n|-supereffective|p2a: Jatziri\n|-damage|p2a: Jatziri|0 fnt\n|-heal|p1a: rosita|100\/100|[from] drain|[of] p2a: Jatziri\n|faint|p2a: Jatziri\n|\n|-weather|none\n|upkeep\n|\n|t:|1699569453\n|switch|p2a: Poseidon|Empoleon, M|100\/100\n|turn|17\n|c|\u2606Sylveon(404)|sale 5-0?\n|\n|t:|1699569461\n|move|p2a: Poseidon|Flash Cannon|p1a: rosita\n|-damage|p1a: rosita|52\/100\n|move|p1a: rosita|Earth Power|p2a: Poseidon\n|-supereffective|p2a: Poseidon\n|-damage|p2a: Poseidon|38\/100\n|-enditem|p2a: Poseidon|Weakness Policy\n|-boost|p2a: Poseidon|atk|2|[from] item: Weakness Policy\n|-boost|p2a: Poseidon|spa|2|[from] item: Weakness Policy\n|\n|upkeep\n|turn|18\n|c|\u2606Sylveon(404)|otia\n|\n|t:|1699569471\n|-terastallize|p2a: Poseidon|Flying\n|move|p2a: Poseidon|Agility|p2a: Poseidon\n|-boost|p2a: Poseidon|spe|2\n|move|p1a: rosita|Giga Drain|p2a: Poseidon\n|-resisted|p2a: Poseidon\n|-damage|p2a: Poseidon|19\/100\n|-heal|p1a: rosita|61\/100|[from] drain|[of] p2a: Poseidon\n|\n|upkeep\n|turn|19\n|\n|t:|1699569481\n|move|p2a: Poseidon|Flash Cannon|p1a: rosita\n|-damage|p1a: rosita|0 fnt\n|faint|p1a: rosita\n|\n|upkeep\n|\n|t:|1699569489\n|switch|p1a: ferro cuelludo|Iron Jugulis|100\/100\n|-enditem|p1a: ferro cuelludo|Booster Energy\n|-activate|p1a: ferro cuelludo|ability: Quark Drive|[fromitem]\n|-start|p1a: ferro cuelludo|quarkdrivespe\n|turn|20\n|\n|t:|1699569494\n|move|p1a: ferro cuelludo|Dark Pulse|p2a: Poseidon\n|-damage|p2a: Poseidon|0 fnt\n|faint|p2a: Poseidon\n|\n|upkeep\n|\n|t:|1699569497\n|switch|p2a: Shredder|Golisopod, M|100\/100\n|turn|21\n|\n|t:|1699569501\n|move|p2a: Shredder|First Impression|p1a: ferro cuelludo\n|-damage|p1a: ferro cuelludo|42\/100\n|move|p1a: ferro cuelludo|Hurricane|p2a: Shredder\n|-supereffective|p2a: Shredder\n|-damage|p2a: Shredder|5\/100\n|\n|upkeep\n|turn|22\n|\n|t:|1699569508\n|move|p2a: Shredder|Sucker Punch|p1a: ferro cuelludo\n|-resisted|p1a: ferro cuelludo\n|-damage|p1a: ferro cuelludo|27\/100\n|move|p1a: ferro cuelludo|Flamethrower|p2a: Shredder\n|-damage|p2a: Shredder|0 fnt\n|faint|p2a: Shredder\n|\n|win|Sylveon(404)\n|c|\u2606RARMolina|Gg\n|c|\u2606Sylveon(404)|ggs\n","uploadtime":1699569515,"views":32,"p1id":"sylveon404","p2id":"rarmolina","formatid":"gen9nationaldex","rating":0,"private":0,"password":""}