{"id":"gen9nationaldex-1999548191","p1":"jerrygay","p2":"baigu","format":"[Gen 9] National Dex","log":"|html|<div class=\"broadcast-blue\"><strong>[Gen 9] National Dex is currently suspecting Sneasler! For information on how to participate check out the <a href=\"https:\/\/www.smogon.com\/forums\/threads\/sv-national-dex-suspect-8-just-dance.3731534\/\">suspect thread<\/a>.<\/strong><\/div>\n|j|\u2606jerrygay\n|j|\u2606baigu\n|t:|1701094955\n|gametype|singles\n|player|p1|jerrygay|102|1684\n|player|p2|baigu|266|1855\n|teamsize|p1|6\n|teamsize|p2|6\n|gen|9\n|tier|[Gen 9] National Dex\n|rated|\n|rule|HP Percentage Mod: HP is shown in percentages\n|rule|Endless Battle Clause: Forcing endless battles is banned\n|rule|OHKO Clause: OHKO moves are banned\n|rule|Evasion Clause: Evasion abilities, items, and moves are banned\n|rule|Evasion Abilities Clause: Evasion abilities are banned\n|rule|Evasion Items Clause: Evasion items are banned\n|rule|Evasion Moves Clause: Evasion moves are banned\n|rule|Species Clause: Limit one of each Pok\u00e9mon\n|rule|Sleep Clause Mod: Limit one foe put to sleep\n|clearpoke\n|poke|p1|Charizard, M|\n|poke|p1|Glimmora, M|\n|poke|p1|Urshifu-*, M|\n|poke|p1|Iron Valiant|\n|poke|p1|Mew|\n|poke|p1|Volcarona, M|\n|poke|p2|Ursaluna, M|\n|poke|p2|Slowking, F|\n|poke|p2|Corviknight, M|\n|poke|p2|Hoopa-Unbound|\n|poke|p2|Dragonite, M|\n|poke|p2|Tapu Koko|\n|teampreview\n|\n|t:|1701094970\n|start\n|switch|p1a: Glimmora|Glimmora, M|100\/100\n|switch|p2a: Tapu Koko|Tapu Koko|100\/100\n|-fieldstart|move: Electric Terrain|[from] ability: Electric Surge|[of] p2a: Tapu Koko\n|turn|1\n|\n|t:|1701094973\n|move|p2a: Tapu Koko|Volt Switch|p1a: Glimmora\n|-damage|p1a: Glimmora|25\/100\n|\n|t:|1701094976\n|switch|p2a: Corviknight|Corviknight, M|100\/100|[from] Volt Switch\n|-ability|p2a: Corviknight|Pressure\n|move|p1a: Glimmora|Stealth Rock|p2a: Corviknight\n|-sidestart|p2: baigu|move: Stealth Rock\n|\n|upkeep\n|turn|2\n|inactive|Battle timer is ON: inactive players will automatically lose when time's up. (requested by jerrygay)\n|\n|t:|1701094982\n|switch|p1a: Iron Valiant|Iron Valiant|100\/100\n|-activate|p1a: Iron Valiant|ability: Quark Drive\n|-start|p1a: Iron Valiant|quarkdrivespe\n|move|p2a: Corviknight|Defog|p1a: Iron Valiant\n|-unboost|p1a: Iron Valiant|evasion|1\n|-sideend|p2: baigu|Stealth Rock|[from] move: Defog|[of] p2a: Corviknight\n|-fieldend|move: Electric Terrain\n|-end|p1a: Iron Valiant|Quark Drive\n|-enditem|p1a: Iron Valiant|Booster Energy\n|-activate|p1a: Iron Valiant|ability: Quark Drive|[fromitem]\n|-start|p1a: Iron Valiant|quarkdrivespe\n|\n|upkeep\n|turn|3\n|\n|t:|1701094990\n|switch|p2a: Slowking|Slowking, F|100\/100\n|move|p1a: Iron Valiant|Encore||[still]\n|-fail|p1a: Iron Valiant\n|\n|upkeep\n|turn|4\n|\n|t:|1701094995\n|move|p1a: Iron Valiant|Swords Dance|p1a: Iron Valiant\n|-boost|p1a: Iron Valiant|atk|2\n|move|p2a: Slowking|Trick Room|p2a: Slowking\n|-fieldstart|move: Trick Room|[of] p2a: Slowking\n|\n|upkeep\n|turn|5\n|\n|t:|1701095001\n|switch|p2a: Corviknight|Corviknight, M|100\/100\n|-ability|p2a: Corviknight|Pressure\n|move|p1a: Iron Valiant|Spirit Break|p2a: Corviknight\n|-resisted|p2a: Corviknight\n|-damage|p2a: Corviknight|77\/100\n|-unboost|p2a: Corviknight|spa|1\n|-damage|p1a: Iron Valiant|84\/100|[from] item: Rocky Helmet|[of] p2a: Corviknight\n|\n|upkeep\n|turn|6\n|\n|t:|1701095006\n|move|p2a: Corviknight|Brave Bird|p1a: Iron Valiant\n|-supereffective|p1a: Iron Valiant\n|-damage|p1a: Iron Valiant|0 fnt\n|faint|p1a: Iron Valiant\n|-end|p1a: Iron Valiant|Quark Drive|[silent]\n|-damage|p2a: Corviknight|57\/100|[from] Recoil\n|\n|upkeep\n|\n|t:|1701095012\n|switch|p1a: Glimmora|Glimmora, M|25\/100\n|turn|7\n|\n|t:|1701095015\n|move|p2a: Corviknight|Roost|p2a: Corviknight\n|-heal|p2a: Corviknight|100\/100\n|-singleturn|p2a: Corviknight|move: Roost\n|move|p1a: Glimmora|Stealth Rock|p2a: Corviknight\n|-sidestart|p2: baigu|move: Stealth Rock\n|\n|upkeep\n|turn|8\n|\n|t:|1701095019\n|move|p2a: Corviknight|Defog|p1a: Glimmora\n|-unboost|p1a: Glimmora|evasion|1\n|-sideend|p2: baigu|Stealth Rock|[from] move: Defog|[of] p2a: Corviknight\n|move|p1a: Glimmora|Stealth Rock|p2a: Corviknight\n|-sidestart|p2: baigu|move: Stealth Rock\n|\n|-fieldend|move: Trick Room\n|upkeep\n|turn|9\n|\n|t:|1701095024\n|switch|p1a: Urshifu|Urshifu-Rapid-Strike, M|100\/100\n|move|p2a: Corviknight|Defog|p1a: Urshifu\n|-unboost|p1a: Urshifu|evasion|1\n|-sideend|p2: baigu|Stealth Rock|[from] move: Defog|[of] p2a: Corviknight\n|\n|upkeep\n|turn|10\n|\n|t:|1701095029\n|move|p1a: Urshifu|Swords Dance|p1a: Urshifu\n|-boost|p1a: Urshifu|atk|2\n|move|p2a: Corviknight|Brave Bird|p1a: Urshifu\n|-supereffective|p1a: Urshifu\n|-damage|p1a: Urshifu|35\/100\n|-damage|p2a: Corviknight|81\/100|[from] Recoil\n|\n|-heal|p1a: Urshifu|41\/100|[from] item: Leftovers\n|upkeep\n|turn|11\n|\n|t:|1701095033\n|-terastallize|p1a: Urshifu|Water\n|move|p1a: Urshifu|Trailblaze|p2a: Corviknight\n|-resisted|p2a: Corviknight\n|-damage|p2a: Corviknight|76\/100\n|-boost|p1a: Urshifu|spe|1\n|-damage|p1a: Urshifu|24\/100|[from] item: Rocky Helmet|[of] p2a: Corviknight\n|move|p2a: Corviknight|Brave Bird|p1a: Urshifu\n|-damage|p1a: Urshifu|0 fnt\n|faint|p1a: Urshifu\n|-damage|p2a: Corviknight|69\/100|[from] Recoil\n|\n|upkeep\n|\n|t:|1701095047\n|switch|p1a: Mew|Mew|100\/100\n|turn|12\n|j| zzx3516350170\n|\n|t:|1701095052\n|move|p1a: Mew|Cosmic Power|p1a: Mew\n|-boost|p1a: Mew|def|1\n|-boost|p1a: Mew|spd|1\n|move|p2a: Corviknight|U-turn|p1a: Mew\n|-supereffective|p1a: Mew\n|-damage|p1a: Mew|87\/100\n|\n|t:|1701095057\n|switch|p2a: \u718a\u5927|Ursaluna, M|100\/100|[from] U-turn\n|\n|-heal|p1a: Mew|93\/100|[from] item: Leftovers\n|-status|p2a: \u718a\u5927|brn|[from] item: Flame Orb\n|upkeep\n|turn|13\n|\n|t:|1701095061\n|-terastallize|p2a: \u718a\u5927|Normal\n|move|p1a: Mew|Cosmic Power|p1a: Mew\n|-boost|p1a: Mew|def|1\n|-boost|p1a: Mew|spd|1\n|move|p2a: \u718a\u5927|Facade|p1a: Mew\n|-damage|p1a: Mew|29\/100\n|\n|-heal|p1a: Mew|36\/100|[from] item: Leftovers\n|-damage|p2a: \u718a\u5927|94\/100 brn|[from] brn\n|upkeep\n|turn|14\n|\n|t:|1701095070\n|move|p1a: Mew|Roost|p1a: Mew\n|-heal|p1a: Mew|86\/100\n|-singleturn|p1a: Mew|move: Roost\n|move|p2a: \u718a\u5927|Facade|p1a: Mew\n|-damage|p1a: Mew|20\/100\n|\n|-heal|p1a: Mew|26\/100|[from] item: Leftovers\n|-damage|p2a: \u718a\u5927|88\/100 brn|[from] brn\n|upkeep\n|turn|15\n|\n|t:|1701095082\n|move|p1a: Mew|Body Press|p2a: \u718a\u5927\n|-supereffective|p2a: \u718a\u5927\n|-damage|p2a: \u718a\u5927|23\/100 brn\n|move|p2a: \u718a\u5927|Facade|p1a: Mew\n|-damage|p1a: Mew|0 fnt\n|faint|p1a: Mew\n|\n|-damage|p2a: \u718a\u5927|17\/100 brn|[from] brn\n|upkeep\n|\n|t:|1701095087\n|switch|p1a: Glimmora|Glimmora, M|25\/100\n|turn|16\n|\n|t:|1701095101\n|switch|p2a: Tapu Koko|Tapu Koko|100\/100\n|-fieldstart|move: Electric Terrain|[from] ability: Electric Surge|[of] p2a: Tapu Koko\n|move|p1a: Glimmora|Stealth Rock|p2a: Tapu Koko\n|-sidestart|p2: baigu|move: Stealth Rock\n|\n|upkeep\n|turn|17\n|\n|t:|1701095110\n|move|p2a: Tapu Koko|Thunderbolt|p1a: Glimmora\n|-damage|p1a: Glimmora|0 fnt\n|faint|p1a: Glimmora\n|\n|upkeep\n|l| zzx3516350170\n|\n|t:|1701095113\n|switch|p1a: Volcarona|Volcarona, M|100\/100\n|turn|18\n|\n|t:|1701095116\n|switch|p2a: Slowking|Slowking, F|100\/100\n|move|p1a: Volcarona|Quiver Dance|p1a: Volcarona\n|-boost|p1a: Volcarona|spa|1\n|-boost|p1a: Volcarona|spd|1\n|-boost|p1a: Volcarona|spe|1\n|\n|upkeep\n|turn|19\n|\n|t:|1701095122\n|move|p1a: Volcarona|Giga Drain|p2a: Slowking\n|-supereffective|p2a: Slowking\n|-damage|p2a: Slowking|60\/100\n|move|p2a: Slowking|Trick Room|p2a: Slowking\n|-fieldstart|move: Trick Room|[of] p2a: Slowking\n|\n|upkeep\n|turn|20\n|\n|t:|1701095135\n|move|p1a: Volcarona|Quiver Dance|p1a: Volcarona\n|-boost|p1a: Volcarona|spa|1\n|-boost|p1a: Volcarona|spd|1\n|-boost|p1a: Volcarona|spe|1\n|move|p2a: Slowking|Teleport|p2a: Slowking\n|\n|t:|1701095139\n|switch|p2a: Dragonite|Dragonite, M|100\/100|[from] Teleport\n|-damage|p2a: Dragonite|75\/100|[from] Stealth Rock\n|\n|-fieldend|move: Electric Terrain\n|upkeep\n|turn|21\n|\n|t:|1701095144\n|move|p2a: Dragonite|Outrage|p1a: Volcarona\n|-damage|p1a: Volcarona|0 fnt\n|faint|p1a: Volcarona\n|\n|upkeep\n|-message|jerrygay forfeited.\n|\n|win|baigu\n|raw|jerrygay's rating: 1684 &rarr; <strong>1673<\/strong><br \/>(-11 for losing)\n|raw|baigu's rating: 1855 &rarr; <strong>1866<\/strong><br \/>(+11 for winning)\n|l|\u2606jerrygay\n","uploadtime":1701095156,"views":1,"p1id":"jerrygay","p2id":"baigu","formatid":"gen9nationaldex","rating":1673,"private":0,"password":""}