{"id":"gen9nationaldex-1989372710","p1":"TSL Luizao","p2":"N0CTA","format":"[Gen 9] National Dex","log":"|j|\u2606TSL Luizao\n|j|\u2606N0CTA\n|t:|1699842082\n|gametype|singles\n|player|p1|TSL Luizao|2|1111\n|player|p2|N0CTA|266|1068\n|teamsize|p1|6\n|teamsize|p2|6\n|gen|9\n|tier|[Gen 9] National Dex\n|rated|\n|rule|HP Percentage Mod: HP is shown in percentages\n|rule|Endless Battle Clause: Forcing endless battles is banned\n|rule|OHKO Clause: OHKO moves are banned\n|rule|Evasion Clause: Evasion abilities, items, and moves are banned\n|rule|Evasion Abilities Clause: Evasion abilities are banned\n|rule|Evasion Items Clause: Evasion items are banned\n|rule|Evasion Moves Clause: Evasion moves are banned\n|rule|Species Clause: Limit one of each Pok\u00e9mon\n|rule|Sleep Clause Mod: Limit one foe put to sleep\n|clearpoke\n|poke|p1|Scizor, F|\n|poke|p1|Garchomp, F|\n|poke|p1|Tornadus-Therian, M|\n|poke|p1|Cinderace, F|\n|poke|p1|Weezing-Galar, M|\n|poke|p1|Slowking, M|\n|poke|p2|Iron Leaves|\n|poke|p2|Iron Hands|\n|poke|p2|Tapu Koko|\n|poke|p2|Dragonite, M|\n|poke|p2|Clodsire, M|\n|poke|p2|Excadrill, F|\n|teampreview\n|inactive|Battle timer is ON: inactive players will automatically lose when time's up. (requested by TSL Luizao)\n|\n|t:|1699842109\n|start\n|switch|p1a: Garchomp|Garchomp, F|100\/100\n|switch|p2a: Clodsire|Clodsire, M|100\/100\n|turn|1\n|\n|t:|1699842119\n|move|p1a: Garchomp|Stealth Rock|p2a: Clodsire\n|-sidestart|p2: N0CTA|move: Stealth Rock\n|move|p2a: Clodsire|Toxic|p1a: Garchomp\n|-status|p1a: Garchomp|tox\n|\n|-damage|p1a: Garchomp|94\/100 tox|[from] psn\n|upkeep\n|turn|2\n|\n|t:|1699842128\n|move|p1a: Garchomp|Earthquake|p2a: Clodsire\n|-supereffective|p2a: Clodsire\n|-damage|p2a: Clodsire|0 fnt\n|faint|p2a: Clodsire\n|\n|-damage|p1a: Garchomp|82\/100 tox|[from] psn\n|upkeep\n|\n|t:|1699842145\n|switch|p2a: Tapu Koko|Tapu Koko|100\/100\n|-damage|p2a: Tapu Koko|88\/100|[from] Stealth Rock\n|-fieldstart|move: Electric Terrain|[from] ability: Electric Surge|[of] p2a: Tapu Koko\n|turn|3\n|\n|t:|1699842154\n|switch|p1a: Weezing|Weezing-Galar, M|100\/100\n|move|p2a: Tapu Koko|Reflect|p2a: Tapu Koko\n|-sidestart|p2: N0CTA|Reflect\n|\n|upkeep\n|turn|4\n|\n|t:|1699842163\n|move|p2a: Tapu Koko|Light Screen|p2a: Tapu Koko\n|-sidestart|p2: N0CTA|move: Light Screen\n|move|p1a: Weezing|Sludge Bomb|p2a: Tapu Koko\n|-supereffective|p2a: Tapu Koko\n|-damage|p2a: Tapu Koko|46\/100\n|\n|upkeep\n|turn|5\n|\n|t:|1699842170\n|move|p2a: Tapu Koko|Volt Switch|p1a: Weezing\n|-damage|p1a: Weezing|65\/100\n|inactive|N0CTA has 120 seconds left.\n|\n|t:|1699842208\n|switch|p2a: Dragonite|Dragonite, M|100\/100|[from] Volt Switch\n|move|p1a: Weezing|Will-O-Wisp|p2a: Dragonite|[miss]\n|-miss|p1a: Weezing|p2a: Dragonite\n|\n|-heal|p1a: Weezing|71\/100|[from] item: Leftovers\n|upkeep\n|turn|6\n|inactive|N0CTA has 120 seconds left.\n|\n|t:|1699842241\n|move|p2a: Dragonite|Dragon Claw|p1a: Weezing\n|-immune|p1a: Weezing\n|move|p1a: Weezing|Will-O-Wisp|p2a: Dragonite\n|-status|p2a: Dragonite|brn\n|\n|-heal|p1a: Weezing|77\/100|[from] item: Leftovers\n|-damage|p2a: Dragonite|94\/100 brn|[from] brn\n|upkeep\n|turn|7\n|\n|t:|1699842256\n|move|p2a: Dragonite|Extreme Speed|p1a: Weezing\n|-damage|p1a: Weezing|65\/100\n|move|p1a: Weezing|Aromatherapy|p1a: Weezing\n|-activate|p1a: Weezing|move: Aromatherapy\n|-curestatus|p1: Garchomp|tox|[msg]\n|\n|-heal|p1a: Weezing|71\/100|[from] item: Leftovers\n|-damage|p2a: Dragonite|88\/100 brn|[from] brn\n|-sideend|p2: N0CTA|Reflect\n|upkeep\n|turn|8\n|inactive|N0CTA has 90 seconds left.\n|\n|t:|1699842279\n|switch|p2a: Excadrill|Excadrill, F|100\/100\n|-damage|p2a: Excadrill|97\/100|[from] Stealth Rock\n|-ability|p2a: Excadrill|Mold Breaker\n|move|p1a: Weezing|Pain Split|p2a: Excadrill\n|-sethp|p2a: Excadrill|81\/100|[from] move: Pain Split|[silent]\n|-sethp|p1a: Weezing|88\/100|[from] move: Pain Split\n|\n|-heal|p1a: Weezing|94\/100|[from] item: Leftovers\n|-sideend|p2: N0CTA|move: Light Screen\n|upkeep\n|turn|9\n|inactive|N0CTA has 90 seconds left.\n|\n|t:|1699842289\n|switch|p1a: Tornadus|Tornadus-Therian, M|100\/100\n|move|p2a: Excadrill|Rapid Spin|p1a: Tornadus\n|-damage|p1a: Tornadus|78\/100\n|-boost|p2a: Excadrill|spe|1\n|-sideend|p2: N0CTA|Stealth Rock|[from] move: Rapid Spin|[of] p2a: Excadrill\n|\n|upkeep\n|turn|10\n|inactive|N0CTA has 90 seconds left.\n|\n|t:|1699842298\n|move|p2a: Excadrill|Rock Blast|p1a: Tornadus|[miss]\n|-miss|p2a: Excadrill|p1a: Tornadus\n|move|p1a: Tornadus|Heat Wave|p2a: Excadrill\n|-supereffective|p2a: Excadrill\n|-damage|p2a: Excadrill|5\/100\n|-status|p2a: Excadrill|brn\n|\n|-damage|p2a: Excadrill|0 fnt|[from] brn\n|faint|p2a: Excadrill\n|-fieldend|move: Electric Terrain\n|upkeep\n|inactive|N0CTA has 90 seconds left.\n|\n|t:|1699842321\n|switch|p2a: Dragonite|Dragonite, M|88\/100 brn\n|turn|11\n|\n|t:|1699842326\n|move|p1a: Tornadus|U-turn|p2a: Dragonite\n|-resisted|p2a: Dragonite\n|-damage|p2a: Dragonite|80\/100 brn\n|\n|t:|1699842332\n|switch|p1a: Garchomp|Garchomp, F|82\/100|[from] U-turn\n|move|p2a: Dragonite|Dragon Claw|p1a: Garchomp\n|-supereffective|p1a: Garchomp\n|-damage|p1a: Garchomp|41\/100\n|-damage|p2a: Dragonite|67\/100 brn|[from] ability: Rough Skin|[of] p1a: Garchomp\n|\n|-damage|p2a: Dragonite|61\/100 brn|[from] brn\n|upkeep\n|turn|12\n|\n|t:|1699842341\n|-zpower|p1a: Garchomp\n|move|p1a: Garchomp|Continental Crush|p2a: Dragonite|[zeffect]\n|-supereffective|p2a: Dragonite\n|-damage|p2a: Dragonite|0 fnt\n|faint|p2a: Dragonite\n|\n|upkeep\n|inactive|N0CTA has 90 seconds left.\n|\n|t:|1699842355\n|switch|p2a: Iron Hands|Iron Hands|100\/100\n|turn|13\n|\n|t:|1699842361\n|move|p1a: Garchomp|Earthquake|p2a: Iron Hands\n|-supereffective|p2a: Iron Hands\n|-damage|p2a: Iron Hands|54\/100\n|move|p2a: Iron Hands|Wild Charge|p1a: Garchomp\n|-immune|p1a: Garchomp\n|\n|-heal|p2a: Iron Hands|60\/100|[from] item: Leftovers\n|upkeep\n|turn|14\n|\n|t:|1699842370\n|move|p1a: Garchomp|Stealth Rock|p2a: Iron Hands\n|-sidestart|p2: N0CTA|move: Stealth Rock\n|move|p2a: Iron Hands|Drain Punch|p1a: Garchomp\n|-damage|p1a: Garchomp|4\/100\n|-heal|p2a: Iron Hands|73\/100|[from] drain|[of] p1a: Garchomp\n|-damage|p2a: Iron Hands|60\/100|[from] ability: Rough Skin|[of] p1a: Garchomp\n|\n|-heal|p2a: Iron Hands|66\/100|[from] item: Leftovers\n|upkeep\n|turn|15\n|\n|t:|1699842379\n|move|p1a: Garchomp|Earthquake|p2a: Iron Hands\n|-supereffective|p2a: Iron Hands\n|-damage|p2a: Iron Hands|19\/100\n|move|p2a: Iron Hands|Drain Punch|p1a: Garchomp\n|-damage|p1a: Garchomp|0 fnt\n|-heal|p2a: Iron Hands|21\/100|[from] drain|[of] p1a: Garchomp\n|-damage|p2a: Iron Hands|8\/100|[from] ability: Rough Skin|[of] p1a: Garchomp\n|faint|p1a: Garchomp\n|\n|-heal|p2a: Iron Hands|14\/100|[from] item: Leftovers\n|upkeep\n|\n|t:|1699842388\n|switch|p1a: Scizor|Scizor, F|100\/100\n|turn|16\n|\n|t:|1699842393\n|detailschange|p1a: Scizor|Scizor-Mega, F\n|-mega|p1a: Scizor|Scizor|Scizorite\n|move|p1a: Scizor|Bullet Punch|p2a: Iron Hands\n|-resisted|p2a: Iron Hands\n|-damage|p2a: Iron Hands|8\/100\n|move|p2a: Iron Hands|Drain Punch|p1a: Scizor\n|-damage|p1a: Scizor|81\/100\n|-heal|p2a: Iron Hands|15\/100|[from] drain|[of] p1a: Scizor\n|\n|-heal|p2a: Iron Hands|21\/100|[from] item: Leftovers\n|upkeep\n|turn|17\n|\n|t:|1699842402\n|move|p1a: Scizor|U-turn|p2a: Iron Hands\n|-resisted|p2a: Iron Hands\n|-damage|p2a: Iron Hands|13\/100\n|\n|t:|1699842407\n|switch|p1a: Weezing|Weezing-Galar, M|94\/100|[from] U-turn\n|move|p2a: Iron Hands|Drain Punch|p1a: Weezing\n|-resisted|p1a: Weezing\n|-damage|p1a: Weezing|86\/100\n|-heal|p2a: Iron Hands|15\/100|[from] drain|[of] p1a: Weezing\n|\n|-heal|p1a: Weezing|92\/100|[from] item: Leftovers\n|-heal|p2a: Iron Hands|21\/100|[from] item: Leftovers\n|upkeep\n|turn|18\n|\n|t:|1699842420\n|-end|p2a: Iron Hands|Quark Drive|[silent]\n|switch|p2a: Iron Leaves|Iron Leaves|100\/100\n|-damage|p2a: Iron Leaves|88\/100|[from] Stealth Rock\n|move|p1a: Weezing|Sludge Bomb|p2a: Iron Leaves\n|-supereffective|p2a: Iron Leaves\n|-damage|p2a: Iron Leaves|43\/100\n|\n|-heal|p1a: Weezing|98\/100|[from] item: Leftovers\n|upkeep\n|turn|19\n|\n|t:|1699842435\n|move|p2a: Iron Leaves|Psyblade|p1a: Weezing\n|-supereffective|p1a: Weezing\n|-damage|p1a: Weezing|32\/100\n|move|p1a: Weezing|Sludge Bomb|p2a: Iron Leaves\n|-supereffective|p2a: Iron Leaves\n|-crit|p2a: Iron Leaves\n|-damage|p2a: Iron Leaves|0 fnt\n|faint|p2a: Iron Leaves\n|-end|p2a: Iron Leaves|Quark Drive|[silent]\n|\n|-heal|p1a: Weezing|38\/100|[from] item: Leftovers\n|upkeep\n|\n|t:|1699842448\n|switch|p2a: Tapu Koko|Tapu Koko|46\/100\n|-damage|p2a: Tapu Koko|34\/100|[from] Stealth Rock\n|-fieldstart|move: Electric Terrain|[from] ability: Electric Surge|[of] p2a: Tapu Koko\n|turn|20\n|-message|N0CTA forfeited.\n|\n|win|TSL Luizao\n|raw|TSL Luizao's rating: 1111 &rarr; <strong>1133<\/strong><br \/>(+22 for winning)\n|raw|N0CTA's rating: 1068 &rarr; <strong>1050<\/strong><br \/>(-18 for losing)\n|l|\u2606N0CTA\n","uploadtime":1699842457,"views":6,"p1id":"tslluizao","p2id":"n0cta","formatid":"gen9nationaldex","rating":1050,"private":0,"password":""}