{"id":"gen9nationaldex-1996093476","p1":"PikaTheRat","p2":"KaneWritez","format":"[Gen 9] National Dex","log":"|html|<div class=\"broadcast-blue\"><strong>[Gen 9] National Dex is currently suspecting Sneasler! For information on how to participate check out the <a href=\"https:\/\/www.smogon.com\/forums\/threads\/sv-national-dex-suspect-8-just-dance.3731534\/\">suspect thread<\/a>.<\/strong><\/div>\n|j|\u2606PikaTheRat\n|j|\u2606KaneWritez\n|t:|1700643006\n|gametype|singles\n|player|p1|PikaTheRat|lucas|\n|player|p2|KaneWritez|ghetsis|\n|teamsize|p1|6\n|teamsize|p2|4\n|gen|9\n|tier|[Gen 9] National Dex\n|rule|HP Percentage Mod: HP is shown in percentages\n|rule|Endless Battle Clause: Forcing endless battles is banned\n|rule|OHKO Clause: OHKO moves are banned\n|rule|Evasion Clause: Evasion abilities, items, and moves are banned\n|rule|Evasion Abilities Clause: Evasion abilities are banned\n|rule|Evasion Items Clause: Evasion items are banned\n|rule|Evasion Moves Clause: Evasion moves are banned\n|rule|Species Clause: Limit one of each Pok\u00e9mon\n|rule|Sleep Clause Mod: Limit one foe put to sleep\n|clearpoke\n|poke|p1|Shelgon, L34, M|\n|poke|p1|Lycanroc-Midnight, L34, M|\n|poke|p1|Ludicolo, L34, M|\n|poke|p1|Litleo, L34, M|\n|poke|p1|Orbeetle, L34, F|\n|poke|p1|Toxtricity, L34, M|\n|poke|p2|Minior-Violet, L36|\n|poke|p2|Relicanth, L34, M|\n|poke|p2|Graveler, L34, F|\n|poke|p2|Roggenrola, L32, F|\n|teampreview\n|\n|t:|1700643032\n|start\n|switch|p1a: Lycanroc|Lycanroc-Midnight, L34, M|100\/100\n|switch|p2a: Roggenrola|Roggenrola, L32, F|100\/100\n|turn|1\n|\n|t:|1700643041\n|move|p2a: Roggenrola|Stealth Rock|p1a: Lycanroc\n|-sidestart|p1: PikaTheRat|move: Stealth Rock\n|move|p1a: Lycanroc|Roar|p2a: Roggenrola\n|drag|p2a: Relicanth|Relicanth, L34, M|100\/100\n|\n|upkeep\n|turn|2\n|\n|t:|1700643049\n|move|p1a: Lycanroc|Bulldoze|p2a: Relicanth\n|-supereffective|p2a: Relicanth\n|-damage|p2a: Relicanth|74\/100\n|-unboost|p2a: Relicanth|spe|1\n|move|p2a: Relicanth|Waterfall|p1a: Lycanroc\n|-supereffective|p1a: Lycanroc\n|-damage|p1a: Lycanroc|9\/100\n|\n|upkeep\n|turn|3\n|\n|t:|1700643062\n|switch|p1a: Ludicolo|Ludicolo, L34, M|100\/100\n|-damage|p1a: Ludicolo|88\/100|[from] Stealth Rock\n|switch|p2a: Roggenrola|Roggenrola, L32, F|100\/100\n|\n|upkeep\n|turn|4\n|\n|t:|1700643071\n|move|p2a: Roggenrola|Protect|p2a: Roggenrola\n|-singleturn|p2a: Roggenrola|Protect\n|move|p1a: Ludicolo|Leech Seed|p2a: Roggenrola\n|-activate|p2a: Roggenrola|move: Protect\n|\n|upkeep\n|turn|5\n|\n|t:|1700643077\n|move|p1a: Ludicolo|Mega Drain|p2a: Roggenrola\n|-supereffective|p2a: Roggenrola\n|-damage|p2a: Roggenrola|52\/100\n|-heal|p1a: Ludicolo|100\/100|[from] drain|[of] p2a: Roggenrola\n|move|p2a: Roggenrola|Stealth Rock||[still]\n|-fail|p2a: Roggenrola\n|\n|upkeep\n|turn|6\n|\n|t:|1700643084\n|move|p2a: Roggenrola|Protect|p2a: Roggenrola\n|-singleturn|p2a: Roggenrola|Protect\n|move|p1a: Ludicolo|Mega Drain|p2a: Roggenrola\n|-activate|p2a: Roggenrola|move: Protect\n|\n|upkeep\n|turn|7\n|\n|t:|1700643091\n|move|p1a: Ludicolo|Mega Drain|p2a: Roggenrola\n|-supereffective|p2a: Roggenrola\n|-damage|p2a: Roggenrola|2\/100\n|move|p2a: Roggenrola|Rock Slide|p1a: Ludicolo\n|-damage|p1a: Ludicolo|70\/100\n|\n|upkeep\n|turn|8\n|\n|t:|1700643099\n|move|p2a: Roggenrola|Protect|p2a: Roggenrola\n|-singleturn|p2a: Roggenrola|Protect\n|move|p1a: Ludicolo|Mega Drain|p2a: Roggenrola\n|-activate|p2a: Roggenrola|move: Protect\n|\n|upkeep\n|turn|9\n|\n|t:|1700643106\n|move|p1a: Ludicolo|Mega Drain|p2a: Roggenrola\n|-supereffective|p2a: Roggenrola\n|-damage|p2a: Roggenrola|0 fnt\n|-heal|p1a: Ludicolo|71\/100|[from] drain|[of] p2a: Roggenrola\n|faint|p2a: Roggenrola\n|\n|upkeep\n|\n|t:|1700643117\n|switch|p2a: Minior|Minior-Violet, L36|100\/100\n|-formechange|p2a: Minior|Minior-Meteor||[from] ability: Shields Down\n|turn|10\n|\n|t:|1700643127\n|move|p1a: Ludicolo|Mega Drain|p2a: Minior\n|-damage|p2a: Minior|76\/100\n|-heal|p1a: Ludicolo|82\/100|[from] drain|[of] p2a: Minior\n|move|p2a: Minior|Light Screen|p2a: Minior\n|-sidestart|p2: KaneWritez|move: Light Screen\n|\n|upkeep\n|turn|11\n|\n|t:|1700643136\n|move|p1a: Ludicolo|Leech Seed|p2a: Minior\n|-start|p2a: Minior|move: Leech Seed\n|move|p2a: Minior|Hidden Power|p1a: Ludicolo\n|-supereffective|p1a: Ludicolo\n|-damage|p1a: Ludicolo|30\/100\n|\n|-damage|p2a: Minior|64\/100|[from] Leech Seed|[of] p1a: Ludicolo\n|-heal|p1a: Ludicolo|41\/100|[silent]\n|upkeep\n|turn|12\n|\n|t:|1700643151\n|move|p1a: Ludicolo|Fury Swipes|p2a: Minior\n|-resisted|p2a: Minior\n|-damage|p2a: Minior|62\/100\n|-resisted|p2a: Minior\n|-damage|p2a: Minior|59\/100\n|-resisted|p2a: Minior\n|-damage|p2a: Minior|57\/100\n|-hitcount|p2a: Minior|3\n|move|p2a: Minior|Hidden Power|p1a: Ludicolo\n|-supereffective|p1a: Ludicolo\n|-damage|p1a: Ludicolo|0 fnt\n|faint|p1a: Ludicolo\n|\n|upkeep\n|\n|t:|1700643173\n|switch|p1a: Lycanroc|Lycanroc-Midnight, L34, M|9\/100\n|-damage|p1a: Lycanroc|0 fnt|[from] Stealth Rock\n|faint|p1a: Lycanroc\n|c|\u2606KaneWritez|crazy\n|\n|t:|1700643184\n|switch|p1a: Rocky|Shelgon, L34, M|100\/100\n|-damage|p1a: Rocky|88\/100|[from] Stealth Rock\n|turn|13\n|\n|t:|1700643192\n|switch|p2a: Graveler|Graveler, L34, F|100\/100\n|move|p1a: Rocky|Dragon Claw|p2a: Graveler\n|-damage|p2a: Graveler|74\/100\n|-damage|p1a: Rocky|71\/100|[from] item: Rocky Helmet|[of] p2a: Graveler\n|\n|upkeep\n|turn|14\n|\n|t:|1700643211\n|move|p1a: Rocky|Crunch|p2a: Graveler\n|-damage|p2a: Graveler|57\/100\n|-unboost|p2a: Graveler|def|1\n|-damage|p1a: Rocky|55\/100|[from] item: Rocky Helmet|[of] p2a: Graveler\n|move|p2a: Graveler|Rock Slide|p1a: Rocky\n|-damage|p1a: Rocky|30\/100\n|\n|-sideend|p2: KaneWritez|move: Light Screen\n|upkeep\n|turn|15\n|\n|t:|1700643241\n|move|p1a: Rocky|Dragon Claw|p2a: Graveler\n|-damage|p2a: Graveler|17\/100\n|-damage|p1a: Rocky|13\/100|[from] item: Rocky Helmet|[of] p2a: Graveler\n|move|p2a: Graveler|Rock Slide|p1a: Rocky\n|-damage|p1a: Rocky|0 fnt\n|faint|p1a: Rocky\n|\n|upkeep\n|\n|t:|1700643254\n|switch|p1a: Orbeetle|Orbeetle, L34, F|100\/100\n|-damage|p1a: Orbeetle|76\/100|[from] Stealth Rock\n|turn|16\n|\n|t:|1700643262\n|move|p1a: Orbeetle|Psybeam|p2a: Graveler\n|-damage|p2a: Graveler|0 fnt\n|faint|p2a: Graveler\n|\n|upkeep\n|\n|t:|1700643266\n|switch|p2a: Relicanth|Relicanth, L34, M|74\/100\n|turn|17\n|\n|t:|1700643283\n|move|p1a: Orbeetle|Bug Buzz|p2a: Relicanth\n|-damage|p2a: Relicanth|41\/100\n|move|p2a: Relicanth|Head Smash|p1a: Orbeetle\n|-supereffective|p1a: Orbeetle\n|-damage|p1a: Orbeetle|0 fnt\n|faint|p1a: Orbeetle\n|\n|upkeep\n|\n|t:|1700643292\n|switch|p1a: Toxtricity|Toxtricity, L34, M|100\/100\n|-damage|p1a: Toxtricity|89\/100|[from] Stealth Rock\n|turn|18\n|\n|t:|1700643300\n|move|p1a: Toxtricity|Shock Wave|p2a: Relicanth\n|-supereffective|p2a: Relicanth\n|-damage|p2a: Relicanth|0 fnt\n|faint|p2a: Relicanth\n|\n|upkeep\n|\n|t:|1700643305\n|switch|p2a: Minior|Minior-Violet, L36|57\/100\n|-formechange|p2a: Minior|Minior-Meteor||[from] ability: Shields Down\n|turn|19\n|\n|t:|1700643314\n|-terastallize|p2a: Minior|Rock\n|move|p2a: Minior|Light Screen|p2a: Minior\n|-sidestart|p2: KaneWritez|move: Light Screen\n|move|p1a: Toxtricity|Shock Wave|p2a: Minior\n|-damage|p2a: Minior|43\/100\n|\n|-formechange|p2a: Minior|Minior-Violet||[from] ability: Shields Down\n|upkeep\n|turn|20\n|\n|t:|1700643351\n|move|p2a: Minior|Power Gem|p1a: Toxtricity\n|-damage|p1a: Toxtricity|41\/100\n|move|p1a: Toxtricity|Charge|p1a: Toxtricity\n|-boost|p1a: Toxtricity|spd|1\n|-start|p1a: Toxtricity|Charge\n|\n|upkeep\n|turn|21\n|\n|t:|1700643358\n|move|p2a: Minior|Power Gem|p1a: Toxtricity\n|-damage|p1a: Toxtricity|9\/100\n|move|p1a: Toxtricity|Shock Wave|p2a: Minior\n|-damage|p2a: Minior|1\/100\n|-enditem|p2a: Minior|Aguav Berry|[eat]\n|-heal|p2a: Minior|34\/100|[from] item: Aguav Berry\n|-end|p1a: Toxtricity|Charge|[silent]\n|\n|upkeep\n|turn|22\n|c|\u2606KaneWritez|WILD\n|\n|t:|1700643371\n|move|p2a: Minior|Power Gem|p1a: Toxtricity\n|-damage|p1a: Toxtricity|0 fnt\n|faint|p1a: Toxtricity\n|\n|upkeep\n|\n|t:|1700643376\n|switch|p1a: Litleo|Litleo, L34, M|100\/100\n|-damage|p1a: Litleo|76\/100|[from] Stealth Rock\n|turn|23\n|\n|t:|1700643382\n|move|p2a: Minior|Power Gem|p1a: Litleo\n|-supereffective|p1a: Litleo\n|-damage|p1a: Litleo|0 fnt\n|faint|p1a: Litleo\n|\n|win|KaneWritez\n|c|\u2606KaneWritez|GG\n","uploadtime":1700643389,"views":1,"p1id":"pikatherat","p2id":"kanewritez","formatid":"gen9nationaldex","rating":0,"private":0,"password":""}