{"id":"gen9nationaldex-1987245799","p1":"6r4ji75o8ss56","p2":"DTHEYDONTLIKEUiMS","format":"[Gen 9] National Dex","log":"|j|\u26066r4ji75o8ss56\n|j|\u2606DTHEYDONTLIKEUiMS\n|t:|1699569004\n|gametype|singles\n|player|p1|6r4ji75o8ss56|kimonogirl|1000\n|player|p2|DTHEYDONTLIKEUiMS|ghetsis|1090\n|teamsize|p1|6\n|teamsize|p2|6\n|gen|9\n|tier|[Gen 9] National Dex\n|rated|\n|rule|HP Percentage Mod: HP is shown in percentages\n|rule|Endless Battle Clause: Forcing endless battles is banned\n|rule|OHKO Clause: OHKO moves are banned\n|rule|Evasion Clause: Evasion abilities, items, and moves are banned\n|rule|Evasion Abilities Clause: Evasion abilities are banned\n|rule|Evasion Items Clause: Evasion items are banned\n|rule|Evasion Moves Clause: Evasion moves are banned\n|rule|Species Clause: Limit one of each Pok\u00e9mon\n|rule|Sleep Clause Mod: Limit one foe put to sleep\n|clearpoke\n|poke|p1|Tapu Koko|\n|poke|p1|Iron Valiant|\n|poke|p1|Hawlucha, M|\n|poke|p1|Iron Moth|\n|poke|p1|Landorus-Therian, M|\n|poke|p1|Scizor, M|\n|poke|p2|Salazzle, F|\n|poke|p2|Magnemite, L1|\n|poke|p2|Probopass, L2, F|\n|poke|p2|Mandibuzz, F|\n|poke|p2|Nosepass, L1, F|\n|poke|p2|Tentacruel, M|\n|teampreview\n|inactive|Battle timer is ON: inactive players will automatically lose when time's up. (requested by 6r4ji75o8ss56)\n|inactive|DTHEYDONTLIKEUiMS has 120 seconds left.\n|\n|t:|1699569059\n|start\n|switch|p1a: Landorus|Landorus-Therian, M|100\/100\n|switch|p2a: Sh\ud83d\udca9tsquid|Tentacruel, M|100\/100\n|-ability|p1a: Landorus|Intimidate|boost\n|-fail|p2a: Sh\ud83d\udca9tsquid|unboost|[from] ability: Clear Body|[of] p2a: Sh\ud83d\udca9tsquid\n|turn|1\n|\n|t:|1699569075\n|move|p2a: Sh\ud83d\udca9tsquid|Scald|p1a: Landorus\n|-supereffective|p1a: Landorus\n|-damage|p1a: Landorus|50\/100\n|-status|p1a: Landorus|brn\n|-enditem|p1a: Landorus|Eject Button\n|\n|t:|1699569083\n|switch|p1a: Tapu Koko|Tapu Koko|100\/100\n|-fieldstart|move: Electric Terrain|[from] ability: Electric Surge|[of] p1a: Tapu Koko\n|\n|upkeep\n|turn|2\n|\n|t:|1699569086\n|move|p1a: Tapu Koko|Thunderbolt|p2a: Sh\ud83d\udca9tsquid\n|-supereffective|p2a: Sh\ud83d\udca9tsquid\n|-crit|p2a: Sh\ud83d\udca9tsquid\n|-damage|p2a: Sh\ud83d\udca9tsquid|0 fnt\n|faint|p2a: Sh\ud83d\udca9tsquid\n|\n|upkeep\n|\n|t:|1699569088\n|switch|p2a: Literally Level 1|Magnemite, L1|100\/100\n|turn|3\n|\n|t:|1699569104\n|move|p2a: Literally Level 1|Protect|p2a: Literally Level 1\n|-singleturn|p2a: Literally Level 1|Protect\n|move|p1a: Tapu Koko|U-turn|p2a: Literally Level 1\n|-activate|p2a: Literally Level 1|move: Protect\n|\n|upkeep\n|turn|4\n|\n|t:|1699569115\n|move|p1a: Tapu Koko|U-turn|p2a: Literally Level 1\n|-resisted|p2a: Literally Level 1\n|-ability|p2a: Literally Level 1|Sturdy\n|-damage|p2a: Literally Level 1|10\/100\n|-enditem|p2a: Literally Level 1|Berry Juice\n|-heal|p2a: Literally Level 1|100\/100|[from] item: Berry Juice\n|\n|t:|1699569131\n|switch|p1a: Scizor|Scizor, M|100\/100|[from] U-turn\n|move|p2a: Literally Level 1|Recycle|p2a: Literally Level 1\n|-item|p2a: Literally Level 1|Berry Juice|[from] move: Recycle\n|\n|upkeep\n|turn|5\n|\n|t:|1699569142\n|switch|p2a: Sh\ud83d\udca9tbird|Mandibuzz, F|100\/100\n|detailschange|p1a: Scizor|Scizor-Mega, M\n|-mega|p1a: Scizor|Scizor|Scizorite\n|move|p1a: Scizor|Bullet Punch|p2a: Sh\ud83d\udca9tbird\n|-damage|p2a: Sh\ud83d\udca9tbird|80\/100\n|\n|upkeep\n|turn|6\n|\n|t:|1699569153\n|switch|p1a: Tapu Koko|Tapu Koko|100\/100\n|move|p2a: Sh\ud83d\udca9tbird|Toxic|p1a: Tapu Koko|[miss]\n|-miss|p2a: Sh\ud83d\udca9tbird|p1a: Tapu Koko\n|\n|upkeep\n|turn|7\n|\n|t:|1699569175\n|-terastallize|p2a: Sh\ud83d\udca9tbird|Ground\n|move|p1a: Tapu Koko|Thunderbolt|p2a: Sh\ud83d\udca9tbird\n|-immune|p2a: Sh\ud83d\udca9tbird\n|move|p2a: Sh\ud83d\udca9tbird|Toxic|p1a: Tapu Koko\n|-status|p1a: Tapu Koko|tox\n|\n|-damage|p1a: Tapu Koko|94\/100 tox|[from] psn\n|upkeep\n|turn|8\n|\n|t:|1699569188\n|move|p1a: Tapu Koko|U-turn|p2a: Sh\ud83d\udca9tbird\n|-damage|p2a: Sh\ud83d\udca9tbird|70\/100\n|\n|t:|1699569201\n|switch|p1a: Hawlucha|Hawlucha, M|100\/100|[from] U-turn\n|-enditem|p1a: Hawlucha|Electric Seed\n|-boost|p1a: Hawlucha|def|1|[from] item: Electric Seed\n|move|p2a: Sh\ud83d\udca9tbird|Toxic|p1a: Hawlucha\n|-status|p1a: Hawlucha|tox\n|\n|-damage|p1a: Hawlucha|94\/100 tox|[from] psn\n|-fieldend|move: Electric Terrain\n|upkeep\n|turn|9\n|\n|t:|1699569205\n|move|p1a: Hawlucha|Swords Dance|p1a: Hawlucha\n|-boost|p1a: Hawlucha|atk|2\n|move|p2a: Sh\ud83d\udca9tbird|Foul Play|p1a: Hawlucha\n|-resisted|p1a: Hawlucha\n|-damage|p1a: Hawlucha|53\/100 tox\n|\n|-damage|p1a: Hawlucha|41\/100 tox|[from] psn\n|upkeep\n|turn|10\n|\n|t:|1699569208\n|switch|p2a: Literally Level 1|Magnemite, L1|100\/100\n|move|p1a: Hawlucha|Acrobatics|p2a: Literally Level 1\n|-resisted|p2a: Literally Level 1\n|-ability|p2a: Literally Level 1|Sturdy\n|-damage|p2a: Literally Level 1|10\/100\n|-enditem|p2a: Literally Level 1|Berry Juice\n|-heal|p2a: Literally Level 1|100\/100|[from] item: Berry Juice\n|\n|-damage|p1a: Hawlucha|22\/100 tox|[from] psn\n|upkeep\n|turn|11\n|\n|t:|1699569212\n|move|p1a: Hawlucha|Acrobatics|p2a: Literally Level 1\n|-resisted|p2a: Literally Level 1\n|-ability|p2a: Literally Level 1|Sturdy\n|-damage|p2a: Literally Level 1|10\/100\n|move|p2a: Literally Level 1|Recycle|p2a: Literally Level 1\n|-item|p2a: Literally Level 1|Berry Juice|[from] move: Recycle\n|-enditem|p2a: Literally Level 1|Berry Juice\n|-heal|p2a: Literally Level 1|100\/100|[from] item: Berry Juice\n|\n|-damage|p1a: Hawlucha|0 fnt|[from] psn\n|faint|p1a: Hawlucha\n|upkeep\n|\n|t:|1699569214\n|switch|p1a: Scizor|Scizor-Mega, M|100\/100\n|turn|12\n|\n|t:|1699569218\n|switch|p2a: Sh\ud83d\udca9tbird|Mandibuzz, F, tera:Ground|70\/100\n|move|p1a: Scizor|Bullet Punch|p2a: Sh\ud83d\udca9tbird\n|-damage|p2a: Sh\ud83d\udca9tbird|48\/100\n|\n|upkeep\n|turn|13\n|\n|t:|1699569226\n|move|p1a: Scizor|Trailblaze|p2a: Sh\ud83d\udca9tbird\n|-supereffective|p2a: Sh\ud83d\udca9tbird\n|-damage|p2a: Sh\ud83d\udca9tbird|12\/100\n|-boost|p1a: Scizor|spe|1\n|move|p2a: Sh\ud83d\udca9tbird|Roost|p2a: Sh\ud83d\udca9tbird\n|-heal|p2a: Sh\ud83d\udca9tbird|62\/100\n|\n|upkeep\n|turn|14\n|\n|t:|1699569236\n|move|p1a: Scizor|Swords Dance|p1a: Scizor\n|-boost|p1a: Scizor|atk|2\n|move|p2a: Sh\ud83d\udca9tbird|Foul Play|p1a: Scizor\n|-damage|p1a: Scizor|0 fnt\n|faint|p1a: Scizor\n|\n|upkeep\n|c|\u2606DTHEYDONTLIKEUiMS|lol\n|\n|t:|1699569242\n|switch|p1a: Iron Moth|Iron Moth|100\/100\n|turn|15\n|c|\u2606DTHEYDONTLIKEUiMS|click the x bro\n|\n|t:|1699569250\n|switch|p2a: Click the \u274c|Nosepass, L1, F, shiny|100\/100\n|move|p1a: Iron Moth|Fiery Dance|p2a: Click the \u274c\n|-resisted|p2a: Click the \u274c\n|-ability|p2a: Click the \u274c|Sturdy\n|-damage|p2a: Click the \u274c|10\/100\n|-enditem|p2a: Click the \u274c|Berry Juice\n|-heal|p2a: Click the \u274c|100\/100|[from] item: Berry Juice\n|\n|upkeep\n|turn|16\n|\n|t:|1699569254\n|move|p1a: Iron Moth|Fiery Dance|p2a: Click the \u274c\n|-resisted|p2a: Click the \u274c\n|-ability|p2a: Click the \u274c|Sturdy\n|-damage|p2a: Click the \u274c|10\/100\n|-boost|p1a: Iron Moth|spa|1\n|move|p2a: Click the \u274c|Pain Split|p1a: Iron Moth\n|-sethp|p1a: Iron Moth|51\/100|[from] move: Pain Split|[silent]\n|-sethp|p2a: Click the \u274c|100\/100|[from] move: Pain Split\n|\n|upkeep\n|turn|17\n|\n|t:|1699569258\n|move|p1a: Iron Moth|Fiery Dance|p2a: Click the \u274c\n|-resisted|p2a: Click the \u274c\n|-ability|p2a: Click the \u274c|Sturdy\n|-damage|p2a: Click the \u274c|10\/100\n|move|p2a: Click the \u274c|Pain Split|p1a: Iron Moth\n|-sethp|p1a: Iron Moth|26\/100|[from] move: Pain Split|[silent]\n|-sethp|p2a: Click the \u274c|100\/100|[from] move: Pain Split\n|\n|upkeep\n|turn|18\n|-message|6r4ji75o8ss56 forfeited.\n|\n|win|DTHEYDONTLIKEUiMS\n|raw|6r4ji75o8ss56's rating: 1000 &rarr; <strong>1000<\/strong><br \/>(+0 for losing)\n|raw|DTHEYDONTLIKEUiMS's rating: 1090 &rarr; <strong>1110<\/strong><br \/>(+20 for winning)\n|l|\u26066r4ji75o8ss56\n","uploadtime":1699569270,"views":4,"p1id":"6r4ji75o8ss56","p2id":"dtheydontlikeuims","formatid":"gen9nationaldex","rating":1000,"private":0,"password":""}