{"id":"gen9nationaldex-1997039377","p1":"Saltator","p2":"lucifer_summons","format":"[Gen 9] National Dex","log":"|html|<div class=\"broadcast-blue\"><strong>[Gen 9] National Dex is currently suspecting Sneasler! For information on how to participate check out the <a href=\"https:\/\/www.smogon.com\/forums\/threads\/sv-national-dex-suspect-8-just-dance.3731534\/\">suspect thread<\/a>.<\/strong><\/div>\n|j|\u2606Saltator\n|j|\u2606lucifer_summons\n|t:|1700758382\n|gametype|singles\n|player|p1|Saltator|ghetsis|1355\n|player|p2|lucifer_summons|ariana|1326\n|teamsize|p1|6\n|teamsize|p2|6\n|gen|9\n|tier|[Gen 9] National Dex\n|rated|\n|rule|HP Percentage Mod: HP is shown in percentages\n|rule|Endless Battle Clause: Forcing endless battles is banned\n|rule|OHKO Clause: OHKO moves are banned\n|rule|Evasion Clause: Evasion abilities, items, and moves are banned\n|rule|Evasion Abilities Clause: Evasion abilities are banned\n|rule|Evasion Items Clause: Evasion items are banned\n|rule|Evasion Moves Clause: Evasion moves are banned\n|rule|Species Clause: Limit one of each Pok\u00e9mon\n|rule|Sleep Clause Mod: Limit one foe put to sleep\n|clearpoke\n|poke|p1|Salazzle, F|\n|poke|p1|Magnemite, L1|\n|poke|p1|Probopass, L2, F|\n|poke|p1|Mandibuzz, F|\n|poke|p1|Nosepass, L1, F|\n|poke|p1|Tentacruel, F|\n|poke|p2|Tapu Lele|\n|poke|p2|Polteageist|\n|poke|p2|Indeedee-F, F|\n|poke|p2|Sneasler, M|\n|poke|p2|Iron Treads|\n|poke|p2|Hatterene, F|\n|teampreview\n|inactive|Battle timer is ON: inactive players will automatically lose when time's up. (requested by lucifer_summons)\n|\n|t:|1700758407\n|start\n|switch|p1a: Sh\ud83d\udca9tsquid|Tentacruel, F|100\/100\n|switch|p2a: Indeedee|Indeedee-F, F|100\/100\n|-fieldstart|move: Psychic Terrain|[from] ability: Psychic Surge|[of] p2a: Indeedee\n|turn|1\n|\n|t:|1700758414\n|move|p1a: Sh\ud83d\udca9tsquid|Toxic|p2a: Indeedee\n|-status|p2a: Indeedee|tox\n|move|p2a: Indeedee|Expanding Force|p1a: Sh\ud83d\udca9tsquid\n|-supereffective|p1a: Sh\ud83d\udca9tsquid\n|-damage|p1a: Sh\ud83d\udca9tsquid|0 fnt\n|faint|p1a: Sh\ud83d\udca9tsquid\n|\n|-damage|p2a: Indeedee|94\/100 tox|[from] psn\n|upkeep\n|\n|t:|1700758421\n|switch|p1a: Sh\ud83d\udca9tbird|Mandibuzz, F|100\/100\n|turn|2\n|\n|t:|1700758425\n|switch|p2a: Iron Treads|Iron Treads|100\/100\n|move|p1a: Sh\ud83d\udca9tbird|Foul Play|p2a: Iron Treads\n|-damage|p2a: Iron Treads|60\/100\n|\n|upkeep\n|turn|3\n|\n|t:|1700758428\n|move|p2a: Iron Treads|Volt Switch|p1a: Sh\ud83d\udca9tbird\n|-supereffective|p1a: Sh\ud83d\udca9tbird\n|-damage|p1a: Sh\ud83d\udca9tbird|83\/100\n|\n|t:|1700758435\n|-end|p2a: Iron Treads|Quark Drive|[silent]\n|switch|p2a: Sneasler|Sneasler, M|100\/100|[from] Volt Switch\n|-enditem|p2a: Sneasler|Psychic Seed\n|-boost|p2a: Sneasler|spd|1|[from] item: Psychic Seed\n|move|p1a: Sh\ud83d\udca9tbird|Foul Play|p2a: Sneasler\n|-resisted|p2a: Sneasler\n|-damage|p2a: Sneasler|56\/100\n|\n|upkeep\n|turn|4\n|\n|t:|1700758439\n|move|p2a: Sneasler|Close Combat|p1a: Sh\ud83d\udca9tbird\n|-damage|p1a: Sh\ud83d\udca9tbird|40\/100\n|-unboost|p2a: Sneasler|def|1\n|-unboost|p2a: Sneasler|spd|1\n|move|p1a: Sh\ud83d\udca9tbird|Foul Play|p2a: Sneasler\n|-resisted|p2a: Sneasler\n|-damage|p2a: Sneasler|0 fnt\n|faint|p2a: Sneasler\n|\n|upkeep\n|c|\u2606Saltator|???\n|\n|t:|1700758445\n|switch|p2a: Tapu Lele|Tapu Lele|100\/100\n|turn|5\n|\n|t:|1700758447\n|switch|p1a: Literally Level 1|Magnemite, L1|100\/100\n|move|p2a: Tapu Lele|Moonblast|p1a: Literally Level 1\n|-resisted|p1a: Literally Level 1\n|-ability|p1a: Literally Level 1|Sturdy\n|-damage|p1a: Literally Level 1|10\/100\n|-unboost|p1a: Literally Level 1|spa|1\n|-enditem|p1a: Literally Level 1|Berry Juice\n|-heal|p1a: Literally Level 1|100\/100|[from] item: Berry Juice\n|\n|upkeep\n|turn|6\n|\n|t:|1700758453\n|switch|p2a: Hatterene|Hatterene, F|100\/100\n|move|p1a: Literally Level 1|Recycle|p1a: Literally Level 1\n|-item|p1a: Literally Level 1|Berry Juice|[from] move: Recycle\n|\n|upkeep\n|turn|7\n|\n|t:|1700758457\n|move|p1a: Literally Level 1|Protect|p1a: Literally Level 1\n|-singleturn|p1a: Literally Level 1|Protect\n|move|p2a: Hatterene|Mystical Fire|p1a: Literally Level 1\n|-activate|p1a: Literally Level 1|move: Protect\n|\n|upkeep\n|turn|8\n|\n|t:|1700758460\n|switch|p1a: Click the \u274c|Nosepass, L1, F, shiny|100\/100\n|move|p2a: Hatterene|Mystical Fire|p1a: Click the \u274c\n|-resisted|p1a: Click the \u274c\n|-ability|p1a: Click the \u274c|Sturdy\n|-damage|p1a: Click the \u274c|10\/100\n|-unboost|p1a: Click the \u274c|spa|1\n|-enditem|p1a: Click the \u274c|Berry Juice\n|-heal|p1a: Click the \u274c|100\/100|[from] item: Berry Juice\n|\n|-fieldend|move: Psychic Terrain\n|upkeep\n|turn|9\n|\n|t:|1700758468\n|move|p2a: Hatterene|Mystical Fire|p1a: Click the \u274c\n|-resisted|p1a: Click the \u274c\n|-ability|p1a: Click the \u274c|Sturdy\n|-damage|p1a: Click the \u274c|10\/100\n|-unboost|p1a: Click the \u274c|spa|1\n|move|p1a: Click the \u274c|Pain Split|p2a: Hatterene\n|-sethp|p2a: Hatterene|50\/100|[from] move: Pain Split|[silent]\n|-sethp|p1a: Click the \u274c|100\/100|[from] move: Pain Split\n|\n|upkeep\n|turn|10\n|\n|t:|1700758477\n|switch|p2a: Indeedee|Indeedee-F, F|94\/100 tox\n|-fieldstart|move: Psychic Terrain|[from] ability: Psychic Surge|[of] p2a: Indeedee\n|move|p1a: Click the \u274c|Pain Split|p2a: Indeedee\n|-sethp|p2a: Indeedee|49\/100 tox|[from] move: Pain Split|[silent]\n|-sethp|p1a: Click the \u274c|100\/100|[from] move: Pain Split\n|\n|-damage|p2a: Indeedee|43\/100 tox|[from] psn\n|upkeep\n|turn|11\n|\n|t:|1700758485\n|move|p1a: Click the \u274c|Protect|p1a: Click the \u274c\n|-singleturn|p1a: Click the \u274c|Protect\n|move|p2a: Indeedee|Expanding Force|p1a: Click the \u274c\n|-activate|p1a: Click the \u274c|move: Protect\n|\n|-damage|p2a: Indeedee|31\/100 tox|[from] psn\n|upkeep\n|turn|12\n|\n|t:|1700758488\n|move|p2a: Indeedee|Expanding Force|p1a: Click the \u274c\n|-ability|p1a: Click the \u274c|Sturdy\n|-damage|p1a: Click the \u274c|10\/100\n|move|p1a: Click the \u274c|Pain Split|p2a: Indeedee\n|-sethp|p2a: Indeedee|16\/100 tox|[from] move: Pain Split|[silent]\n|-sethp|p1a: Click the \u274c|100\/100|[from] move: Pain Split\n|\n|-damage|p2a: Indeedee|0 fnt|[from] psn\n|faint|p2a: Indeedee\n|upkeep\n|\n|t:|1700758494\n|switch|p2a: Iron Treads|Iron Treads|60\/100\n|turn|13\n|\n|t:|1700758505\n|move|p2a: Iron Treads|Knock Off|p1a: Click the \u274c\n|-ability|p1a: Click the \u274c|Sturdy\n|-damage|p1a: Click the \u274c|10\/100\n|move|p1a: Click the \u274c|Pain Split|p2a: Iron Treads\n|-sethp|p2a: Iron Treads|30\/100|[from] move: Pain Split|[silent]\n|-sethp|p1a: Click the \u274c|100\/100|[from] move: Pain Split\n|\n|upkeep\n|turn|14\n|\n|t:|1700758511\n|move|p2a: Iron Treads|Volt Switch|p1a: Click the \u274c\n|-ability|p1a: Click the \u274c|Sturdy\n|-damage|p1a: Click the \u274c|10\/100\n|\n|t:|1700758514\n|-end|p2a: Iron Treads|Quark Drive|[silent]\n|switch|p2a: Polteageist|Polteageist, shiny|100\/100|[from] Volt Switch\n|move|p1a: Click the \u274c|Pain Split|p2a: Polteageist\n|-sethp|p2a: Polteageist|51\/100|[from] move: Pain Split|[silent]\n|-sethp|p1a: Click the \u274c|100\/100|[from] move: Pain Split\n|\n|upkeep\n|turn|15\n|\n|t:|1700758528\n|move|p2a: Polteageist|Shadow Ball|p1a: Click the \u274c\n|-ability|p1a: Click the \u274c|Sturdy\n|-damage|p1a: Click the \u274c|10\/100\n|move|p1a: Click the \u274c|Toxic|p2a: Polteageist\n|-status|p2a: Polteageist|tox\n|\n|-damage|p2a: Polteageist|45\/100 tox|[from] psn\n|upkeep\n|turn|16\n|\n|t:|1700758533\n|move|p1a: Click the \u274c|Protect|p1a: Click the \u274c\n|-singleturn|p1a: Click the \u274c|Protect\n|move|p2a: Polteageist|Shadow Ball|p1a: Click the \u274c\n|-activate|p1a: Click the \u274c|move: Protect\n|\n|-damage|p2a: Polteageist|32\/100 tox|[from] psn\n|upkeep\n|turn|17\n|\n|t:|1700758539\n|move|p2a: Polteageist|Shadow Ball|p1a: Click the \u274c\n|-damage|p1a: Click the \u274c|0 fnt\n|faint|p1a: Click the \u274c\n|\n|-damage|p2a: Polteageist|14\/100 tox|[from] psn\n|-fieldend|move: Psychic Terrain\n|upkeep\n|\n|t:|1700758541\n|switch|p1a: No Fun Allowed|Salazzle, F|100\/100\n|turn|18\n|\n|t:|1700758547\n|move|p1a: No Fun Allowed|Substitute|p1a: No Fun Allowed\n|-start|p1a: No Fun Allowed|Substitute\n|-damage|p1a: No Fun Allowed|76\/100\n|move|p2a: Polteageist|Shadow Ball|p1a: No Fun Allowed\n|-end|p1a: No Fun Allowed|Substitute\n|\n|-heal|p1a: No Fun Allowed|82\/100|[from] item: Leftovers\n|-damage|p2a: Polteageist|0 fnt|[from] psn\n|faint|p2a: Polteageist\n|upkeep\n|\n|t:|1700758552\n|switch|p2a: Tapu Lele|Tapu Lele|100\/100\n|-fieldstart|move: Psychic Terrain|[from] ability: Psychic Surge|[of] p2a: Tapu Lele\n|turn|19\n|\n|t:|1700758560\n|move|p1a: No Fun Allowed|Protect|p1a: No Fun Allowed\n|-singleturn|p1a: No Fun Allowed|Protect\n|move|p2a: Tapu Lele|Psychic|p1a: No Fun Allowed\n|-activate|p1a: No Fun Allowed|move: Protect\n|\n|-heal|p1a: No Fun Allowed|88\/100|[from] item: Leftovers\n|upkeep\n|turn|20\n|\n|t:|1700758566\n|switch|p2a: Hatterene|Hatterene, F|50\/100\n|switch|p1a: Sh\ud83d\udca9tbird|Mandibuzz, F|40\/100\n|\n|upkeep\n|turn|21\n|\n|t:|1700758571\n|move|p1a: Sh\ud83d\udca9tbird|Foul Play|p2a: Hatterene\n|-damage|p2a: Hatterene|26\/100\n|-enditem|p2a: Hatterene|Eject Button\n|\n|t:|1700758574\n|switch|p2a: Iron Treads|Iron Treads|30\/100\n|\n|upkeep\n|turn|22\n|\n|t:|1700758577\n|move|p2a: Iron Treads|Volt Switch|p1a: Sh\ud83d\udca9tbird\n|-supereffective|p1a: Sh\ud83d\udca9tbird\n|-damage|p1a: Sh\ud83d\udca9tbird|20\/100\n|\n|t:|1700758579\n|-end|p2a: Iron Treads|Quark Drive|[silent]\n|switch|p2a: Tapu Lele|Tapu Lele|100\/100|[from] Volt Switch\n|move|p1a: Sh\ud83d\udca9tbird|Roost|p1a: Sh\ud83d\udca9tbird\n|-heal|p1a: Sh\ud83d\udca9tbird|70\/100\n|-singleturn|p1a: Sh\ud83d\udca9tbird|move: Roost\n|\n|upkeep\n|turn|23\n|\n|t:|1700758588\n|move|p2a: Tapu Lele|Moonblast|p1a: Sh\ud83d\udca9tbird\n|-supereffective|p1a: Sh\ud83d\udca9tbird\n|-damage|p1a: Sh\ud83d\udca9tbird|0 fnt\n|faint|p1a: Sh\ud83d\udca9tbird\n|\n|-fieldend|move: Psychic Terrain\n|upkeep\n|\n|t:|1700758590\n|switch|p1a: No Fun Allowed|Salazzle, F|88\/100\n|turn|24\n|\n|t:|1700758593\n|switch|p2a: Hatterene|Hatterene, F|26\/100\n|move|p1a: No Fun Allowed|Substitute|p1a: No Fun Allowed\n|-start|p1a: No Fun Allowed|Substitute\n|-damage|p1a: No Fun Allowed|63\/100\n|\n|-heal|p1a: No Fun Allowed|69\/100|[from] item: Leftovers\n|upkeep\n|turn|25\n|\n|t:|1700758597\n|move|p1a: No Fun Allowed|Flamethrower|p2a: Hatterene\n|-damage|p2a: Hatterene|0 fnt\n|faint|p2a: Hatterene\n|\n|-heal|p1a: No Fun Allowed|75\/100|[from] item: Leftovers\n|upkeep\n|c|\u2606Saltator|gg\n|\n|t:|1700758601\n|switch|p2a: Tapu Lele|Tapu Lele|100\/100\n|-fieldstart|move: Psychic Terrain|[from] ability: Psychic Surge|[of] p2a: Tapu Lele\n|turn|26\n|\n|t:|1700758607\n|-terastallize|p2a: Tapu Lele|Psychic\n|move|p1a: No Fun Allowed|Protect|p1a: No Fun Allowed\n|-singleturn|p1a: No Fun Allowed|Protect\n|move|p2a: Tapu Lele|Psychic|p1a: No Fun Allowed\n|-activate|p1a: No Fun Allowed|move: Protect\n|\n|-heal|p1a: No Fun Allowed|81\/100|[from] item: Leftovers\n|upkeep\n|turn|27\n|\n|t:|1700758612\n|move|p2a: Tapu Lele|Psychic|p1a: No Fun Allowed\n|-supereffective|p1a: No Fun Allowed\n|-end|p1a: No Fun Allowed|Substitute\n|move|p1a: No Fun Allowed|Toxic|p2a: Tapu Lele\n|-status|p2a: Tapu Lele|tox\n|\n|-heal|p1a: No Fun Allowed|88\/100|[from] item: Leftovers\n|-damage|p2a: Tapu Lele|94\/100 tox|[from] psn\n|upkeep\n|turn|28\n|\n|t:|1700758615\n|move|p1a: No Fun Allowed|Protect|p1a: No Fun Allowed\n|-singleturn|p1a: No Fun Allowed|Protect\n|move|p2a: Tapu Lele|Psychic|p1a: No Fun Allowed\n|-activate|p1a: No Fun Allowed|move: Protect\n|\n|-heal|p1a: No Fun Allowed|94\/100|[from] item: Leftovers\n|-damage|p2a: Tapu Lele|82\/100 tox|[from] psn\n|upkeep\n|turn|29\n|\n|t:|1700758620\n|switch|p2a: Iron Treads|Iron Treads|30\/100\n|switch|p1a: Literally Level 1|Magnemite, L1|100\/100\n|\n|upkeep\n|turn|30\n|\n|t:|1700758628\n|move|p1a: Literally Level 1|Magic Coat|p1a: Literally Level 1\n|-singleturn|p1a: Literally Level 1|move: Magic Coat\n|move|p2a: Iron Treads|Knock Off|p1a: Literally Level 1\n|-ability|p1a: Literally Level 1|Sturdy\n|-damage|p1a: Literally Level 1|10\/100\n|-enditem|p1a: Literally Level 1|Berry Juice|[from] move: Knock Off|[of] p2a: Iron Treads\n|\n|-fieldend|move: Psychic Terrain\n|upkeep\n|turn|31\n|\n|t:|1700758635\n|move|p1a: Literally Level 1|Magic Coat|p1a: Literally Level 1\n|-singleturn|p1a: Literally Level 1|move: Magic Coat\n|move|p2a: Iron Treads|Volt Switch|p1a: Literally Level 1\n|-resisted|p1a: Literally Level 1\n|-damage|p1a: Literally Level 1|0 fnt\n|faint|p1a: Literally Level 1\n|\n|t:|1700758637\n|-end|p2a: Iron Treads|Quark Drive|[silent]\n|switch|p2a: Tapu Lele|Tapu Lele, tera:Psychic|82\/100 tox|[from] Volt Switch\n|-fieldstart|move: Psychic Terrain|[from] ability: Psychic Surge|[of] p2a: Tapu Lele\n|\n|-damage|p2a: Tapu Lele|76\/100 tox|[from] psn\n|upkeep\n|\n|t:|1700758641\n|switch|p1a: No Fun Allowed|Salazzle, F|94\/100\n|turn|32\n|\n|t:|1700758643\n|move|p1a: No Fun Allowed|Protect|p1a: No Fun Allowed\n|-singleturn|p1a: No Fun Allowed|Protect\n|move|p2a: Tapu Lele|Psychic|p1a: No Fun Allowed\n|-activate|p1a: No Fun Allowed|move: Protect\n|\n|-heal|p1a: No Fun Allowed|99\/100|[from] item: Leftovers\n|-damage|p2a: Tapu Lele|64\/100 tox|[from] psn\n|upkeep\n|turn|33\n|\n|t:|1700758645\n|switch|p1a: Level2\ufe0f\u20e3Level2\ufe0f\u20e3|Probopass, L2, F, shiny|100\/100\n|move|p2a: Tapu Lele|Psychic|p1a: Level2\ufe0f\u20e3Level2\ufe0f\u20e3\n|-resisted|p1a: Level2\ufe0f\u20e3Level2\ufe0f\u20e3\n|-ability|p1a: Level2\ufe0f\u20e3Level2\ufe0f\u20e3|Sturdy\n|-damage|p1a: Level2\ufe0f\u20e3Level2\ufe0f\u20e3|8\/100\n|-enditem|p1a: Level2\ufe0f\u20e3Level2\ufe0f\u20e3|Berry Juice\n|-heal|p1a: Level2\ufe0f\u20e3Level2\ufe0f\u20e3|100\/100|[from] item: Berry Juice\n|\n|-damage|p2a: Tapu Lele|46\/100 tox|[from] psn\n|upkeep\n|turn|34\n|\n|t:|1700758652\n|switch|p2a: Iron Treads|Iron Treads|30\/100\n|switch|p1a: No Fun Allowed|Salazzle, F|99\/100\n|\n|-heal|p1a: No Fun Allowed|100\/100|[from] item: Leftovers\n|upkeep\n|turn|35\n|c|\u2606Saltator|gg\n|\n|t:|1700758656\n|-end|p2a: Iron Treads|Quark Drive|[silent]\n|switch|p2a: Tapu Lele|Tapu Lele, tera:Psychic|46\/100 tox\n|move|p1a: No Fun Allowed|Flamethrower|p2a: Tapu Lele\n|-damage|p2a: Tapu Lele|4\/100 tox\n|\n|-damage|p2a: Tapu Lele|0 fnt|[from] psn\n|faint|p2a: Tapu Lele\n|-fieldend|move: Psychic Terrain\n|upkeep\n|\n|t:|1700758657\n|switch|p2a: Iron Treads|Iron Treads|30\/100\n|turn|36\n|\n|t:|1700758660\n|move|p1a: No Fun Allowed|Protect|p1a: No Fun Allowed\n|-singleturn|p1a: No Fun Allowed|Protect\n|move|p2a: Iron Treads|Rapid Spin|p1a: No Fun Allowed\n|-activate|p1a: No Fun Allowed|move: Protect\n|\n|upkeep\n|turn|37\n|-message|lucifer_summons forfeited.\n|\n|win|Saltator\n|raw|Saltator's rating: 1355 &rarr; <strong>1373<\/strong><br \/>(+18 for winning)\n|raw|lucifer_summons's rating: 1326 &rarr; <strong>1308<\/strong><br \/>(-18 for losing)\n|l|\u2606lucifer_summons\n","uploadtime":1700758665,"views":0,"p1id":"saltator","p2id":"lucifersummons","formatid":"gen9nationaldex","rating":1308,"private":0,"password":""}