{"id":"gen9nationaldex-1994382908","p1":"meepacman","p2":"Grefuya","format":"[Gen 9] National Dex","log":"|j|\u2606meepacman\n|j|\u2606Grefuya\n|t:|1700437601\n|gametype|singles\n|player|p1|meepacman|170|1296\n|player|p2|Grefuya|nate|1206\n|teamsize|p1|6\n|teamsize|p2|6\n|gen|9\n|tier|[Gen 9] National Dex\n|rated|\n|rule|HP Percentage Mod: HP is shown in percentages\n|rule|Endless Battle Clause: Forcing endless battles is banned\n|rule|OHKO Clause: OHKO moves are banned\n|rule|Evasion Clause: Evasion abilities, items, and moves are banned\n|rule|Evasion Abilities Clause: Evasion abilities are banned\n|rule|Evasion Items Clause: Evasion items are banned\n|rule|Evasion Moves Clause: Evasion moves are banned\n|rule|Species Clause: Limit one of each Pok\u00e9mon\n|rule|Sleep Clause Mod: Limit one foe put to sleep\n|clearpoke\n|poke|p1|Keldeo-Resolute|\n|poke|p1|Pelipper, F|\n|poke|p1|Ferrothorn, F|\n|poke|p1|Landorus-Therian, M|\n|poke|p1|Garganacl, F|\n|poke|p1|Scizor, F|\n|poke|p2|Ursaring, M|\n|poke|p2|Haxorus, M|\n|poke|p2|Mimikyu, M|\n|poke|p2|Gothitelle, M|\n|poke|p2|Gallade, M|\n|poke|p2|Volcarona, F|\n|teampreview\n|\n|t:|1700437649\n|start\n|switch|p1a: Scizor|Scizor, F|100\/100\n|switch|p2a: Ursaring|Ursaring, M|100\/100\n|turn|1\n|inactive|Battle timer is ON: inactive players will automatically lose when time's up. (requested by meepacman)\n|\n|t:|1700437655\n|detailschange|p1a: Scizor|Scizor-Mega, F\n|-mega|p1a: Scizor|Scizor|Scizorite\n|move|p2a: Ursaring|Protect|p2a: Ursaring\n|-singleturn|p2a: Ursaring|Protect\n|move|p1a: Scizor|Swords Dance|p1a: Scizor\n|-boost|p1a: Scizor|atk|2\n|\n|-status|p2a: Ursaring|brn|[from] item: Flame Orb\n|upkeep\n|turn|2\n|\n|t:|1700437668\n|switch|p2a: Haxorus|Haxorus, M|100\/100\n|move|p1a: Scizor|Dual Wingbeat|p2a: Haxorus\n|-damage|p2a: Haxorus|47\/100\n|-damage|p2a: Haxorus|0 fnt\n|faint|p2a: Haxorus\n|-hitcount|p2: Haxorus|2\n|\n|upkeep\n|\n|t:|1700437683\n|switch|p2a: Mimikyu|Mimikyu, M|100\/100\n|turn|3\n|\n|t:|1700437686\n|move|p2a: Mimikyu|Thunder Wave|p1a: Scizor\n|-status|p1a: Scizor|par\n|cant|p1a: Scizor|par\n|\n|upkeep\n|turn|4\n|\n|t:|1700437696\n|switch|p2a: Volcarona|Volcarona, F|100\/100\n|move|p1a: Scizor|Dual Wingbeat|p2a: Volcarona\n|-supereffective|p2a: Volcarona\n|-damage|p2a: Volcarona|0 fnt\n|faint|p2a: Volcarona\n|-hitcount|p2: Volcarona|1\n|\n|upkeep\n|\n|t:|1700437704\n|switch|p2a: Gallade|Gallade, M|100\/100\n|turn|5\n|\n|t:|1700437707\n|move|p2a: Gallade|Sacred Sword|p1a: Scizor\n|-damage|p1a: Scizor|50\/100 par\n|move|p1a: Scizor|Dual Wingbeat|p2a: Gallade\n|-supereffective|p2a: Gallade\n|-damage|p2a: Gallade|0 fnt\n|faint|p2a: Gallade\n|-hitcount|p2: Gallade|1\n|\n|upkeep\n|\n|t:|1700437712\n|switch|p2a: Ursaring|Ursaring, M|100\/100 brn\n|turn|6\n|\n|t:|1700437714\n|move|p1a: Scizor|Bullet Punch|p2a: Ursaring\n|-damage|p2a: Ursaring|21\/100 brn\n|move|p2a: Ursaring|Earthquake|p1a: Scizor\n|-damage|p1a: Scizor|9\/100 par\n|\n|-damage|p2a: Ursaring|15\/100 brn|[from] brn\n|upkeep\n|turn|7\n|\n|t:|1700437723\n|move|p2a: Ursaring|Protect|p2a: Ursaring\n|-singleturn|p2a: Ursaring|Protect\n|cant|p1a: Scizor|par\n|\n|-damage|p2a: Ursaring|8\/100 brn|[from] brn\n|upkeep\n|turn|8\n|\n|t:|1700437728\n|move|p1a: Scizor|Bullet Punch|p2a: Ursaring\n|-damage|p2a: Ursaring|0 fnt\n|faint|p2a: Ursaring\n|\n|upkeep\n|\n|t:|1700437733\n|switch|p2a: Mimikyu|Mimikyu, M|100\/100\n|turn|9\n|\n|t:|1700437735\n|move|p2a: Mimikyu|Shadow Sneak|p1a: Scizor\n|-damage|p1a: Scizor|0 fnt\n|faint|p1a: Scizor\n|\n|upkeep\n|\n|t:|1700437739\n|switch|p1a: Garganacl|Garganacl, F|100\/100\n|turn|10\n|\n|t:|1700437744\n|move|p2a: Mimikyu|Thunder Wave|p1a: Garganacl\n|-immune|p1a: Garganacl|[from] ability: Purifying Salt\n|move|p1a: Garganacl|Salt Cure|p2a: Mimikyu\n|-activate|p2a: Mimikyu|ability: Disguise\n|-damage|p2a: Mimikyu|100\/100\n|-start|p2a: Mimikyu|Salt Cure\n|detailschange|p2a: Mimikyu|Mimikyu-Busted, M\n|-damage|p2a: Mimikyu|88\/100|[from] pokemon: Mimikyu-Busted\n|\n|-damage|p2a: Mimikyu|76\/100|[from] Salt Cure\n|upkeep\n|turn|11\n|\n|t:|1700437754\n|-zpower|p2a: Mimikyu\n|move|p2a: Mimikyu|Let's Snuggle Forever|p1a: Garganacl|[zeffect]\n|-damage|p1a: Garganacl|43\/100\n|move|p1a: Garganacl|Iron Defense|p1a: Garganacl\n|-boost|p1a: Garganacl|def|2\n|\n|-heal|p1a: Garganacl|49\/100|[from] item: Leftovers\n|-damage|p2a: Mimikyu|63\/100|[from] Salt Cure\n|upkeep\n|turn|12\n|\n|t:|1700437764\n|move|p2a: Mimikyu|Swords Dance|p2a: Mimikyu\n|-boost|p2a: Mimikyu|atk|2\n|move|p1a: Garganacl|Recover|p1a: Garganacl\n|-heal|p1a: Garganacl|99\/100\n|\n|-heal|p1a: Garganacl|100\/100|[from] item: Leftovers\n|-damage|p2a: Mimikyu|51\/100|[from] Salt Cure\n|upkeep\n|turn|13\n|\n|t:|1700437772\n|move|p2a: Mimikyu|Swords Dance|p2a: Mimikyu\n|-boost|p2a: Mimikyu|atk|2\n|move|p1a: Garganacl|Iron Defense|p1a: Garganacl\n|-boost|p1a: Garganacl|def|2\n|\n|-damage|p2a: Mimikyu|39\/100|[from] Salt Cure\n|upkeep\n|turn|14\n|\n|t:|1700437776\n|move|p2a: Mimikyu|Swords Dance|p2a: Mimikyu\n|-boost|p2a: Mimikyu|atk|2\n|move|p1a: Garganacl|Salt Cure|p2a: Mimikyu\n|-damage|p2a: Mimikyu|16\/100\n|\n|-damage|p2a: Mimikyu|3\/100|[from] Salt Cure\n|upkeep\n|turn|15\n|\n|t:|1700437784\n|move|p2a: Mimikyu|Play Rough|p1a: Garganacl\n|-damage|p1a: Garganacl|64\/100\n|move|p1a: Garganacl|Iron Defense|p1a: Garganacl\n|-boost|p1a: Garganacl|def|2\n|\n|-heal|p1a: Garganacl|70\/100|[from] item: Leftovers\n|-damage|p2a: Mimikyu|0 fnt|[from] Salt Cure\n|faint|p2a: Mimikyu\n|upkeep\n|\n|t:|1700437790\n|switch|p2a: Gothitelle|Gothitelle, M|100\/100\n|turn|16\n|\n|t:|1700437792\n|move|p2a: Gothitelle|Cosmic Power|p2a: Gothitelle\n|-boost|p2a: Gothitelle|def|1\n|-boost|p2a: Gothitelle|spd|1\n|move|p1a: Garganacl|Body Press|p2a: Gothitelle\n|-resisted|p2a: Gothitelle\n|-damage|p2a: Gothitelle|76\/100\n|\n|-heal|p2a: Gothitelle|83\/100|[from] item: Leftovers\n|-heal|p1a: Garganacl|76\/100|[from] item: Leftovers\n|upkeep\n|turn|17\n|\n|t:|1700437797\n|move|p2a: Gothitelle|Cosmic Power|p2a: Gothitelle\n|-boost|p2a: Gothitelle|def|1\n|-boost|p2a: Gothitelle|spd|1\n|move|p1a: Garganacl|Salt Cure|p2a: Gothitelle\n|-damage|p2a: Gothitelle|77\/100\n|-start|p2a: Gothitelle|Salt Cure\n|\n|-heal|p2a: Gothitelle|84\/100|[from] item: Leftovers\n|-heal|p1a: Garganacl|83\/100|[from] item: Leftovers\n|-damage|p2a: Gothitelle|71\/100|[from] Salt Cure\n|upkeep\n|turn|18\n|\n|t:|1700437802\n|move|p2a: Gothitelle|Cosmic Power|p2a: Gothitelle\n|-boost|p2a: Gothitelle|def|1\n|-boost|p2a: Gothitelle|spd|1\n|move|p1a: Garganacl|Salt Cure|p2a: Gothitelle\n|-damage|p2a: Gothitelle|66\/100\n|\n|-heal|p2a: Gothitelle|73\/100|[from] item: Leftovers\n|-heal|p1a: Garganacl|89\/100|[from] item: Leftovers\n|-damage|p2a: Gothitelle|60\/100|[from] Salt Cure\n|upkeep\n|turn|19\n|\n|t:|1700437807\n|move|p2a: Gothitelle|Cosmic Power|p2a: Gothitelle\n|-boost|p2a: Gothitelle|def|1\n|-boost|p2a: Gothitelle|spd|1\n|move|p1a: Garganacl|Salt Cure|p2a: Gothitelle\n|-damage|p2a: Gothitelle|56\/100\n|\n|-heal|p2a: Gothitelle|62\/100|[from] item: Leftovers\n|-heal|p1a: Garganacl|95\/100|[from] item: Leftovers\n|-damage|p2a: Gothitelle|49\/100|[from] Salt Cure\n|upkeep\n|turn|20\n|\n|t:|1700437812\n|move|p2a: Gothitelle|Cosmic Power|p2a: Gothitelle\n|-boost|p2a: Gothitelle|def|1\n|-boost|p2a: Gothitelle|spd|1\n|move|p1a: Garganacl|Salt Cure|p2a: Gothitelle\n|-damage|p2a: Gothitelle|46\/100\n|\n|-heal|p2a: Gothitelle|53\/100|[from] item: Leftovers\n|-heal|p1a: Garganacl|100\/100|[from] item: Leftovers\n|-damage|p2a: Gothitelle|40\/100|[from] Salt Cure\n|upkeep\n|turn|21\n|\n|t:|1700437817\n|move|p2a: Gothitelle|Cosmic Power|p2a: Gothitelle\n|-boost|p2a: Gothitelle|def|1\n|-boost|p2a: Gothitelle|spd|1\n|move|p1a: Garganacl|Salt Cure|p2a: Gothitelle\n|-damage|p2a: Gothitelle|37\/100\n|\n|-heal|p2a: Gothitelle|44\/100|[from] item: Leftovers\n|-damage|p2a: Gothitelle|31\/100|[from] Salt Cure\n|upkeep\n|turn|22\n|\n|t:|1700437823\n|move|p2a: Gothitelle|Rest|p2a: Gothitelle\n|-status|p2a: Gothitelle|slp|[from] move: Rest\n|-heal|p2a: Gothitelle|100\/100 slp|[silent]\n|move|p1a: Garganacl|Salt Cure|p2a: Gothitelle\n|-damage|p2a: Gothitelle|98\/100 slp\n|\n|-heal|p2a: Gothitelle|100\/100 slp|[from] item: Leftovers\n|-damage|p2a: Gothitelle|88\/100 slp|[from] Salt Cure\n|upkeep\n|turn|23\n|\n|t:|1700437833\n|switch|p1a: Pelipper|Pelipper, F|100\/100\n|-weather|RainDance|[from] ability: Drizzle|[of] p1a: Pelipper\n|cant|p2a: Gothitelle|slp\n|\n|-weather|RainDance|[upkeep]\n|-heal|p2a: Gothitelle|94\/100 slp|[from] item: Leftovers\n|-damage|p2a: Gothitelle|82\/100 slp|[from] Salt Cure\n|upkeep\n|turn|24\n|\n|t:|1700437836\n|cant|p2a: Gothitelle|slp\n|move|p1a: Pelipper|U-turn|p2a: Gothitelle\n|-supereffective|p2a: Gothitelle\n|-damage|p2a: Gothitelle|78\/100 slp\n|\n|t:|1700437838\n|switch|p1a: Keldeo|Keldeo-Resolute|100\/100|[from] U-turn\n|\n|-weather|RainDance|[upkeep]\n|-heal|p2a: Gothitelle|84\/100 slp|[from] item: Leftovers\n|-damage|p2a: Gothitelle|72\/100 slp|[from] Salt Cure\n|upkeep\n|turn|25\n|\n|t:|1700437842\n|-terastallize|p1a: Keldeo|Water\n|move|p1a: Keldeo|Hydro Pump|p2a: Gothitelle|[miss]\n|-miss|p1a: Keldeo|p2a: Gothitelle\n|-curestatus|p2a: Gothitelle|slp|[msg]\n|move|p2a: Gothitelle|Stored Power|p1a: Keldeo\n|-damage|p1a: Keldeo|6\/100\n|\n|-weather|RainDance|[upkeep]\n|-heal|p2a: Gothitelle|78\/100|[from] item: Leftovers\n|-damage|p2a: Gothitelle|66\/100|[from] Salt Cure\n|upkeep\n|turn|26\n|\n|t:|1700437850\n|move|p1a: Keldeo|Hydro Pump|p2a: Gothitelle\n|-damage|p2a: Gothitelle|30\/100\n|move|p2a: Gothitelle|Stored Power|p1a: Keldeo\n|-damage|p1a: Keldeo|0 fnt\n|faint|p1a: Keldeo\n|\n|-weather|RainDance|[upkeep]\n|-heal|p2a: Gothitelle|36\/100|[from] item: Leftovers\n|-damage|p2a: Gothitelle|24\/100|[from] Salt Cure\n|upkeep\n|\n|t:|1700437859\n|switch|p1a: Ferrothorn|Ferrothorn, F|100\/100\n|turn|27\n|\n|t:|1700437862\n|move|p2a: Gothitelle|Stored Power|p1a: Ferrothorn\n|-resisted|p1a: Ferrothorn\n|-damage|p1a: Ferrothorn|62\/100\n|move|p1a: Ferrothorn|Knock Off|p2a: Gothitelle\n|-supereffective|p2a: Gothitelle\n|-damage|p2a: Gothitelle|15\/100\n|-enditem|p2a: Gothitelle|Leftovers|[from] move: Knock Off|[of] p1a: Ferrothorn\n|\n|-weather|RainDance|[upkeep]\n|-damage|p2a: Gothitelle|2\/100|[from] Salt Cure\n|upkeep\n|turn|28\n|\n|t:|1700437874\n|switch|p1a: Landorus|Landorus-Therian, M|100\/100\n|-ability|p1a: Landorus|Intimidate|boost\n|-unboost|p2a: Gothitelle|atk|1\n|-ability|p2a: Gothitelle|Competitive|boost\n|-boost|p2a: Gothitelle|spa|2\n|move|p2a: Gothitelle|Rest|p2a: Gothitelle\n|-status|p2a: Gothitelle|slp|[from] move: Rest\n|-heal|p2a: Gothitelle|100\/100 slp|[silent]\n|\n|-weather|RainDance|[upkeep]\n|-damage|p2a: Gothitelle|88\/100 slp|[from] Salt Cure\n|upkeep\n|turn|29\n|\n|t:|1700437881\n|move|p1a: Landorus|Earthquake|p2a: Gothitelle\n|-damage|p2a: Gothitelle|76\/100 slp\n|cant|p2a: Gothitelle|slp\n|\n|-weather|RainDance|[upkeep]\n|-damage|p2a: Gothitelle|64\/100 slp|[from] Salt Cure\n|upkeep\n|turn|30\n|\n|t:|1700437886\n|-zpower|p1a: Landorus\n|move|p1a: Landorus|Supersonic Skystrike|p2a: Gothitelle|[zeffect]\n|-damage|p2a: Gothitelle|45\/100 slp\n|cant|p2a: Gothitelle|slp\n|\n|-weather|none\n|-damage|p2a: Gothitelle|32\/100 slp|[from] Salt Cure\n|upkeep\n|turn|31\n|\n|t:|1700437894\n|move|p1a: Landorus|Earthquake|p2a: Gothitelle\n|-damage|p2a: Gothitelle|19\/100 slp\n|-curestatus|p2a: Gothitelle|slp|[msg]\n|move|p2a: Gothitelle|Stored Power|p1a: Landorus\n|-damage|p1a: Landorus|0 fnt\n|faint|p1a: Landorus\n|\n|-damage|p2a: Gothitelle|7\/100|[from] Salt Cure\n|upkeep\n|\n|t:|1700437907\n|switch|p1a: Pelipper|Pelipper, F|100\/100\n|-weather|RainDance|[from] ability: Drizzle|[of] p1a: Pelipper\n|turn|32\n|\n|t:|1700437911\n|move|p2a: Gothitelle|Rest|p2a: Gothitelle\n|-status|p2a: Gothitelle|slp|[from] move: Rest\n|-heal|p2a: Gothitelle|100\/100 slp|[silent]\n|move|p1a: Pelipper|Hurricane|p2a: Gothitelle\n|-damage|p2a: Gothitelle|92\/100 slp\n|\n|-weather|RainDance|[upkeep]\n|-damage|p2a: Gothitelle|80\/100 slp|[from] Salt Cure\n|upkeep\n|turn|33\n|\n|t:|1700437920\n|cant|p2a: Gothitelle|slp\n|move|p1a: Pelipper|Hurricane|p2a: Gothitelle\n|-damage|p2a: Gothitelle|72\/100 slp\n|-start|p2a: Gothitelle|confusion\n|\n|-weather|RainDance|[upkeep]\n|-damage|p2a: Gothitelle|60\/100 slp|[from] Salt Cure\n|upkeep\n|turn|34\n|\n|t:|1700437927\n|cant|p2a: Gothitelle|slp\n|move|p1a: Pelipper|Hurricane|p2a: Gothitelle\n|-damage|p2a: Gothitelle|52\/100 slp\n|\n|-weather|RainDance|[upkeep]\n|-damage|p2a: Gothitelle|40\/100 slp|[from] Salt Cure\n|upkeep\n|turn|35\n|\n|t:|1700437932\n|-curestatus|p2a: Gothitelle|slp|[msg]\n|-activate|p2a: Gothitelle|confusion\n|move|p2a: Gothitelle|Stored Power|p1a: Pelipper\n|-damage|p1a: Pelipper|0 fnt\n|faint|p1a: Pelipper\n|\n|-weather|RainDance|[upkeep]\n|-damage|p2a: Gothitelle|27\/100|[from] Salt Cure\n|upkeep\n|\n|t:|1700437937\n|switch|p1a: Ferrothorn|Ferrothorn, F|62\/100\n|turn|36\n|\n|t:|1700437943\n|-end|p2a: Gothitelle|confusion\n|move|p2a: Gothitelle|Stored Power|p1a: Ferrothorn\n|-resisted|p1a: Ferrothorn\n|-damage|p1a: Ferrothorn|0 fnt\n|faint|p1a: Ferrothorn\n|\n|-weather|RainDance|[upkeep]\n|-damage|p2a: Gothitelle|15\/100|[from] Salt Cure\n|upkeep\n|\n|t:|1700437947\n|switch|p1a: Garganacl|Garganacl, F|100\/100\n|turn|37\n|\n|t:|1700437950\n|move|p2a: Gothitelle|Rest|p2a: Gothitelle\n|-status|p2a: Gothitelle|slp|[from] move: Rest\n|-heal|p2a: Gothitelle|100\/100 slp|[silent]\n|move|p1a: Garganacl|Salt Cure|p2a: Gothitelle\n|-crit|p2a: Gothitelle\n|-damage|p2a: Gothitelle|84\/100 slp\n|\n|-weather|RainDance|[upkeep]\n|-damage|p2a: Gothitelle|72\/100 slp|[from] Salt Cure\n|upkeep\n|turn|38\n|\n|t:|1700437955\n|cant|p2a: Gothitelle|slp\n|move|p1a: Garganacl|Salt Cure|p2a: Gothitelle\n|-damage|p2a: Gothitelle|69\/100 slp\n|\n|-weather|RainDance|[upkeep]\n|-damage|p2a: Gothitelle|56\/100 slp|[from] Salt Cure\n|upkeep\n|turn|39\n|\n|t:|1700437960\n|cant|p2a: Gothitelle|slp\n|move|p1a: Garganacl|Salt Cure|p2a: Gothitelle\n|-damage|p2a: Gothitelle|53\/100 slp\n|\n|-weather|none\n|-damage|p2a: Gothitelle|41\/100 slp|[from] Salt Cure\n|upkeep\n|turn|40\n|\n|t:|1700437963\n|-curestatus|p2a: Gothitelle|slp|[msg]\n|move|p2a: Gothitelle|Stored Power|p1a: Garganacl\n|-damage|p1a: Garganacl|0 fnt\n|faint|p1a: Garganacl\n|\n|win|Grefuya\n|raw|meepacman's rating: 1296 &rarr; <strong>1265<\/strong><br \/>(-31 for losing)\n|raw|Grefuya's rating: 1206 &rarr; <strong>1237<\/strong><br \/>(+31 for winning)\n|l|\u2606meepacman\n|c|\u2606Grefuya|gg\n","uploadtime":1700437973,"views":8,"p1id":"meepacman","p2id":"grefuya","formatid":"gen9nationaldex","rating":1237,"private":0,"password":""}