{"id":"gen9nationaldex-1996050429","p1":"JayHaro","p2":"blorbo shitto","format":"[Gen 9] National Dex","log":"|html|<div class=\"broadcast-blue\"><strong>[Gen 9] National Dex is currently suspecting Sneasler! For information on how to participate check out the <a href=\"https:\/\/www.smogon.com\/forums\/threads\/sv-national-dex-suspect-8-just-dance.3731534\/\">suspect thread<\/a>.<\/strong><\/div>\n|j|\u2606JayHaro\n|j|\u2606blorbo shitto\n|t:|1700635568\n|gametype|singles\n|player|p1|JayHaro|red|1424\n|player|p2|blorbo shitto|policeman-gen4|1331\n|teamsize|p1|6\n|teamsize|p2|6\n|gen|9\n|tier|[Gen 9] National Dex\n|rated|\n|rule|HP Percentage Mod: HP is shown in percentages\n|rule|Endless Battle Clause: Forcing endless battles is banned\n|rule|OHKO Clause: OHKO moves are banned\n|rule|Evasion Clause: Evasion abilities, items, and moves are banned\n|rule|Evasion Abilities Clause: Evasion abilities are banned\n|rule|Evasion Items Clause: Evasion items are banned\n|rule|Evasion Moves Clause: Evasion moves are banned\n|rule|Species Clause: Limit one of each Pok\u00e9mon\n|rule|Sleep Clause Mod: Limit one foe put to sleep\n|clearpoke\n|poke|p1|Victini|\n|poke|p1|Tyranitar, F|\n|poke|p1|Skarmory, F|\n|poke|p1|Garchomp, F|\n|poke|p1|Iron Valiant|\n|poke|p1|Toxapex, M|\n|poke|p2|Gliscor, M|\n|poke|p2|Lopunny, F|\n|poke|p2|Rotom-Wash|\n|poke|p2|Sableye, M|\n|poke|p2|Aegislash, M|\n|poke|p2|Volcarona, M|\n|teampreview\n|inactive|Battle timer is ON: inactive players will automatically lose when time's up. (requested by JayHaro)\n|\n|t:|1700635580\n|start\n|switch|p1a: Victini|Victini|100\/100\n|switch|p2a: Lopunny|Lopunny, F|100\/100\n|turn|1\n|\n|t:|1700635587\n|switch|p1a: Skarmory|Skarmory, F|100\/100\n|detailschange|p2a: Lopunny|Lopunny-Mega, F\n|-mega|p2a: Lopunny|Lopunny|Lopunnite\n|move|p2a: Lopunny|Fake Out|p1a: Skarmory\n|-resisted|p1a: Skarmory\n|-damage|p1a: Skarmory|94\/100\n|-damage|p2a: Lopunny|84\/100|[from] item: Rocky Helmet|[of] p1a: Skarmory\n|\n|upkeep\n|turn|2\n|\n|t:|1700635598\n|switch|p1a: Victini|Victini|100\/100\n|move|p2a: Lopunny|U-turn|p1a: Victini\n|-damage|p1a: Victini|74\/100\n|\n|t:|1700635606\n|switch|p2a: Sableye|Sableye, M|100\/100|[from] U-turn\n|\n|upkeep\n|turn|3\n|\n|t:|1700635612\n|move|p1a: Victini|V-create|p2a: Sableye\n|-damage|p2a: Sableye|0 fnt\n|-unboost|p1a: Victini|spe|1\n|-unboost|p1a: Victini|def|1\n|-unboost|p1a: Victini|spd|1\n|faint|p2a: Sableye\n|\n|upkeep\n|\n|t:|1700635634\n|switch|p2a: Lopunny|Lopunny-Mega, F|84\/100\n|turn|4\n|\n|t:|1700635642\n|switch|p1a: Skarmory|Skarmory, F|94\/100\n|move|p2a: Lopunny|Fake Out|p1a: Skarmory\n|-resisted|p1a: Skarmory\n|-damage|p1a: Skarmory|87\/100\n|-damage|p2a: Lopunny|67\/100|[from] item: Rocky Helmet|[of] p1a: Skarmory\n|\n|upkeep\n|turn|5\n|\n|t:|1700635651\n|move|p2a: Lopunny|Return|p1a: Skarmory\n|-resisted|p1a: Skarmory\n|-damage|p1a: Skarmory|71\/100\n|-damage|p2a: Lopunny|51\/100|[from] item: Rocky Helmet|[of] p1a: Skarmory\n|move|p1a: Skarmory|Counter|p2a: Lopunny\n|-damage|p2a: Lopunny|10\/100\n|\n|upkeep\n|turn|6\n|\n|t:|1700635663\n|switch|p2a: Rotom|Rotom-Wash, shiny|100\/100\n|move|p1a: Skarmory|Roost|p1a: Skarmory\n|-heal|p1a: Skarmory|100\/100\n|-singleturn|p1a: Skarmory|move: Roost\n|\n|upkeep\n|turn|7\n|\n|t:|1700635672\n|switch|p1a: Tyranitar|Tyranitar, F|100\/100\n|-weather|Sandstorm|[from] ability: Sand Stream|[of] p1a: Tyranitar\n|move|p2a: Rotom|Discharge|p1a: Tyranitar\n|-damage|p1a: Tyranitar|90\/100\n|\n|-weather|Sandstorm|[upkeep]\n|-damage|p2a: Rotom|94\/100|[from] Sandstorm\n|-heal|p2a: Rotom|100\/100|[from] item: Leftovers\n|upkeep\n|turn|8\n|\n|t:|1700635685\n|move|p2a: Rotom|Will-O-Wisp|p1a: Tyranitar\n|-status|p1a: Tyranitar|brn\n|move|p1a: Tyranitar|Pursuit|p2a: Rotom\n|-damage|p2a: Rotom|89\/100\n|\n|-weather|Sandstorm|[upkeep]\n|-damage|p2a: Rotom|83\/100|[from] Sandstorm\n|-heal|p2a: Rotom|89\/100|[from] item: Leftovers\n|-damage|p1a: Tyranitar|84\/100 brn|[from] brn\n|upkeep\n|turn|9\n|\n|t:|1700635697\n|move|p2a: Rotom|Hydro Pump|p1a: Tyranitar\n|-supereffective|p1a: Tyranitar\n|-damage|p1a: Tyranitar|54\/100 brn\n|move|p1a: Tyranitar|Ice Beam|p2a: Rotom\n|-resisted|p2a: Rotom\n|-damage|p2a: Rotom|76\/100\n|-status|p2a: Rotom|frz\n|\n|-weather|Sandstorm|[upkeep]\n|-damage|p2a: Rotom|69\/100 frz|[from] Sandstorm\n|-heal|p2a: Rotom|76\/100 frz|[from] item: Leftovers\n|-damage|p1a: Tyranitar|47\/100 brn|[from] brn\n|upkeep\n|turn|10\n|\n|t:|1700635711\n|switch|p1a: Garchomp|Garchomp, F|100\/100\n|cant|p2a: Rotom|frz\n|\n|-weather|Sandstorm|[upkeep]\n|-damage|p2a: Rotom|69\/100 frz|[from] Sandstorm\n|-heal|p2a: Rotom|76\/100 frz|[from] item: Leftovers\n|upkeep\n|turn|11\n|\n|t:|1700635727\n|switch|p2a: Volcarona|Volcarona, M|100\/100\n|detailschange|p1a: Garchomp|Garchomp-Mega, F\n|-mega|p1a: Garchomp|Garchomp|Garchompite\n|move|p1a: Garchomp|Swords Dance|p1a: Garchomp\n|-boost|p1a: Garchomp|atk|2\n|\n|-weather|none\n|upkeep\n|turn|12\n|\n|t:|1700635737\n|move|p1a: Garchomp|Scale Shot|p2a: Volcarona\n|-damage|p2a: Volcarona|61\/100\n|-damage|p2a: Volcarona|26\/100\n|-crit|p2a: Volcarona\n|-damage|p2a: Volcarona|0 fnt\n|faint|p2a: Volcarona\n|-hitcount|p2: Volcarona|3\n|-unboost|p1a: Garchomp|def|1\n|-boost|p1a: Garchomp|spe|1\n|\n|upkeep\n|\n|t:|1700635743\n|switch|p2a: Aegislash|Aegislash, M|100\/100\n|turn|13\n|\n|t:|1700635749\n|-terastallize|p2a: Aegislash|Ghost\n|move|p1a: Garchomp|Earthquake|p2a: Aegislash\n|-damage|p2a: Aegislash|5\/100\n|move|p2a: Aegislash|Swords Dance|p2a: Aegislash\n|-boost|p2a: Aegislash|atk|2\n|\n|upkeep\n|turn|14\n|\n|t:|1700635762\n|-formechange|p2a: Aegislash|Aegislash-Blade||[from] ability: Stance Change\n|move|p2a: Aegislash|Shadow Sneak|p1a: Garchomp\n|-damage|p1a: Garchomp|0 fnt\n|faint|p1a: Garchomp\n|\n|upkeep\n|\n|t:|1700635773\n|switch|p1a: Skarmory|Skarmory, F|100\/100\n|turn|15\n|\n|t:|1700635779\n|-formechange|p2a: Aegislash|Aegislash||[from] ability: Stance Change\n|move|p2a: Aegislash|King's Shield|p2a: Aegislash\n|-singleturn|p2a: Aegislash|Protect\n|move|p1a: Skarmory|Brave Bird|p2a: Aegislash\n|-activate|p2a: Aegislash|move: Protect\n|-unboost|p1a: Skarmory|atk|1\n|\n|upkeep\n|turn|16\n|\n|t:|1700635793\n|-formechange|p2a: Aegislash|Aegislash-Blade||[from] ability: Stance Change\n|move|p2a: Aegislash|Shadow Sneak|p1a: Skarmory\n|-damage|p1a: Skarmory|53\/100\n|-damage|p2a: Aegislash|0 fnt|[from] item: Rocky Helmet|[of] p1a: Skarmory\n|faint|p2a: Aegislash\n|move|p1a: Skarmory|Brave Bird|p2: Aegislash|[notarget]\n|-fail|p1a: Skarmory\n|\n|upkeep\n|\n|t:|1700635798\n|switch|p2a: Rotom|Rotom-Wash, shiny|76\/100 frz\n|turn|17\n|\n|t:|1700635811\n|switch|p1a: Iron Valiant|Iron Valiant|100\/100\n|cant|p2a: Rotom|frz\n|\n|-heal|p2a: Rotom|82\/100 frz|[from] item: Leftovers\n|upkeep\n|turn|18\n|\n|t:|1700635820\n|switch|p2a: Lopunny|Lopunny-Mega, F|10\/100\n|move|p1a: Iron Valiant|Calm Mind|p1a: Iron Valiant\n|-boost|p1a: Iron Valiant|spa|1\n|-boost|p1a: Iron Valiant|spd|1\n|\n|upkeep\n|turn|19\n|\n|t:|1700635827\n|move|p2a: Lopunny|Fake Out|p1a: Iron Valiant\n|-damage|p1a: Iron Valiant|72\/100\n|cant|p1a: Iron Valiant|flinch\n|\n|upkeep\n|turn|20\n|\n|t:|1700635832\n|move|p1a: Iron Valiant|Vacuum Wave|p2a: Lopunny\n|-supereffective|p2a: Lopunny\n|-damage|p2a: Lopunny|0 fnt\n|faint|p2a: Lopunny\n|\n|upkeep\n|\n|t:|1700635835\n|switch|p2a: Gliscor|Gliscor, M|100\/100\n|turn|21\n|\n|t:|1700635841\n|-zpower|p1a: Iron Valiant\n|move|p1a: Iron Valiant|Twinkle Tackle|p2a: Gliscor|[zeffect]\n|-damage|p2a: Gliscor|0 fnt\n|faint|p2a: Gliscor\n|\n|upkeep\n|-message|blorbo shitto forfeited.\n|\n|win|JayHaro\n|raw|JayHaro's rating: 1424 &rarr; <strong>1439<\/strong><br \/>(+15 for winning)\n|raw|blorbo shitto's rating: 1331 &rarr; <strong>1316<\/strong><br \/>(-15 for losing)\n|l|\u2606blorbo shitto\n","uploadtime":1700635854,"views":11,"p1id":"jayharo","p2id":"blorboshitto","formatid":"gen9nationaldex","rating":1316,"private":0,"password":""}