{"id":"gen9nationaldex-1994566380","p1":"PikaTheRat","p2":"JackPotatoGuy","format":"[Gen 9] National Dex","log":"|html|<div class=\"broadcast-blue\"><strong>[Gen 9] National Dex is currently suspecting Sneasler! For information on how to participate check out the <a href=\"https:\/\/www.smogon.com\/forums\/threads\/sv-national-dex-suspect-8-just-dance.3731534\/\">suspect thread<\/a>.<\/strong><\/div>\n|j|\u2606PikaTheRat\n|j|\u2606JackPotatoGuy\n|t:|1700460998\n|gametype|singles\n|player|p1|PikaTheRat|lucas|\n|player|p2|JackPotatoGuy|psychicf-gen4|\n|teamsize|p1|3\n|teamsize|p2|2\n|gen|9\n|tier|[Gen 9] National Dex\n|rule|HP Percentage Mod: HP is shown in percentages\n|rule|Endless Battle Clause: Forcing endless battles is banned\n|rule|OHKO Clause: OHKO moves are banned\n|rule|Evasion Clause: Evasion abilities, items, and moves are banned\n|rule|Evasion Abilities Clause: Evasion abilities are banned\n|rule|Evasion Items Clause: Evasion items are banned\n|rule|Evasion Moves Clause: Evasion moves are banned\n|rule|Species Clause: Limit one of each Pok\u00e9mon\n|rule|Sleep Clause Mod: Limit one foe put to sleep\n|clearpoke\n|poke|p1|Bagon, L8, M|\n|poke|p1|Rockruff, L4, F|\n|poke|p1|Lotad, L5, M|\n|poke|p2|Abra, L8, F|\n|poke|p2|Nidoran-F, L7, F|\n|teampreview\n|j| Treeckoguy1\n|\n|t:|1700461014\n|start\n|switch|p1a: Bagon|Bagon, L8, M|100\/100\n|switch|p2a: Blue|Nidoran-F, L7, F|100\/100\n|turn|1\n|\n|t:|1700461022\n|move|p1a: Bagon|Ember|p2a: Blue\n|-damage|p2a: Blue|83\/100\n|move|p2a: Blue|Poison Sting|p1a: Bagon\n|-damage|p1a: Bagon|90\/100\n|\n|upkeep\n|turn|2\n|\n|t:|1700461029\n|move|p1a: Bagon|Ember|p2a: Blue\n|-damage|p2a: Blue|65\/100\n|-status|p2a: Blue|brn\n|move|p2a: Blue|Scratch|p1a: Bagon\n|-damage|p1a: Bagon|83\/100\n|\n|-damage|p2a: Blue|61\/100 brn|[from] brn\n|upkeep\n|turn|3\n|\n|t:|1700461040\n|move|p1a: Bagon|Ember|p2a: Blue\n|-damage|p2a: Blue|43\/100 brn\n|move|p2a: Blue|Growl|p1a: Bagon\n|-unboost|p1a: Bagon|atk|1\n|\n|-damage|p2a: Blue|40\/100 brn|[from] brn\n|upkeep\n|turn|4\n|\n|t:|1700461049\n|switch|p2a: Abigail|Abra, L8, F|100\/100\n|move|p1a: Bagon|Ember|p2a: Abigail\n|-damage|p2a: Abigail|85\/100\n|-status|p2a: Abigail|brn\n|-activate|p2a: Abigail|ability: Synchronize\n|-status|p1a: Bagon|brn\n|\n|-damage|p2a: Abigail|81\/100 brn|[from] brn\n|-damage|p1a: Bagon|80\/100 brn|[from] brn\n|upkeep\n|turn|5\n|c|\u2606JackPotatoGuy|Counterpoint\n|\n|t:|1700461064\n|move|p2a: Abigail|Shadow Ball|p1a: Bagon\n|-damage|p1a: Bagon|25\/100 brn\n|move|p1a: Bagon|Bite|p2a: Abigail\n|-supereffective|p2a: Abigail\n|-damage|p2a: Abigail|54\/100 brn\n|\n|-damage|p2a: Abigail|50\/100 brn|[from] brn\n|-damage|p1a: Bagon|21\/100 brn|[from] brn\n|upkeep\n|turn|6\n|\n|t:|1700461075\n|move|p2a: Abigail|Shadow Ball|p1a: Bagon\n|-damage|p1a: Bagon|0 fnt\n|faint|p1a: Bagon\n|\n|-damage|p2a: Abigail|47\/100 brn|[from] brn\n|upkeep\n|\n|t:|1700461082\n|switch|p1a: Lotad|Lotad, L5, M|100\/100\n|turn|7\n|\n|t:|1700461098\n|move|p2a: Abigail|Shadow Ball|p1a: Lotad\n|-damage|p1a: Lotad|15\/100\n|move|p1a: Lotad|Absorb|p2a: Abigail\n|-damage|p2a: Abigail|43\/100 brn\n|-heal|p1a: Lotad|20\/100|[from] drain|[of] p2a: Abigail\n|\n|-damage|p2a: Abigail|39\/100 brn|[from] brn\n|upkeep\n|turn|8\n|\n|t:|1700461109\n|move|p2a: Abigail|Shadow Ball|p1a: Lotad\n|-damage|p1a: Lotad|0 fnt\n|faint|p1a: Lotad\n|\n|-damage|p2a: Abigail|35\/100 brn|[from] brn\n|upkeep\n|\n|t:|1700461116\n|switch|p1a: Rockruff|Rockruff, L4, F|100\/100\n|turn|9\n|\n|t:|1700461121\n|move|p2a: Abigail|Shadow Ball|p1a: Rockruff\n|-damage|p1a: Rockruff|0 fnt\n|faint|p1a: Rockruff\n|\n|win|JackPotatoGuy\n|c|\u2606JackPotatoGuy|Gg\n","uploadtime":1700461133,"views":16,"p1id":"pikatherat","p2id":"jackpotatoguy","formatid":"gen9nationaldex","rating":0,"private":0,"password":""}