{"id":"gen9nationaldex-1996184653","p1":"ZYBZYB","p2":"heitaok","format":"[Gen 9] National Dex","log":"|html|<div class=\"broadcast-blue\"><strong>[Gen 9] National Dex is currently suspecting Sneasler! For information on how to participate check out the <a href=\"https:\/\/www.smogon.com\/forums\/threads\/sv-national-dex-suspect-8-just-dance.3731534\/\">suspect thread<\/a>.<\/strong><\/div>\n|j|\u2606ZYBZYB\n|j|\u2606heitaok\n|t:|1700656399\n|gametype|singles\n|player|p1|ZYBZYB|ingo|1557\n|player|p2|heitaok|gentleman|1680\n|teamsize|p1|6\n|teamsize|p2|6\n|gen|9\n|tier|[Gen 9] National Dex\n|rated|\n|rule|HP Percentage Mod: HP is shown in percentages\n|rule|Endless Battle Clause: Forcing endless battles is banned\n|rule|OHKO Clause: OHKO moves are banned\n|rule|Evasion Clause: Evasion abilities, items, and moves are banned\n|rule|Evasion Abilities Clause: Evasion abilities are banned\n|rule|Evasion Items Clause: Evasion items are banned\n|rule|Evasion Moves Clause: Evasion moves are banned\n|rule|Species Clause: Limit one of each Pok\u00e9mon\n|rule|Sleep Clause Mod: Limit one foe put to sleep\n|clearpoke\n|poke|p1|Pelipper, F|\n|poke|p1|Swampert, M|\n|poke|p1|Omastar, M|\n|poke|p1|Ferrothorn, M|\n|poke|p1|Heliolisk, M|\n|poke|p1|Aegislash, M|\n|poke|p2|Rotom-Wash|\n|poke|p2|Greninja-*, F|\n|poke|p2|Hoopa-Unbound|\n|poke|p2|Scizor, F|\n|poke|p2|Landorus-Therian, M|\n|poke|p2|Tapu Koko|\n|teampreview\n|inactive|Battle timer is ON: inactive players will automatically lose when time's up. (requested by heitaok)\n|\n|t:|1700656415\n|start\n|switch|p1a: Aegislash|Aegislash, M|100\/100\n|switch|p2a: Hoopa|Hoopa-Unbound|100\/100\n|turn|1\n|\n|t:|1700656444\n|switch|p1a: Ferrothorn|Ferrothorn, M|100\/100\n|-terastallize|p2a: Hoopa|Dark\n|move|p2a: Hoopa|Hyperspace Fury|p1a: Ferrothorn\n|-damage|p1a: Ferrothorn|11\/100\n|-unboost|p2a: Hoopa|def|1\n|\n|-heal|p1a: Ferrothorn|17\/100|[from] item: Leftovers\n|upkeep\n|turn|2\n|\n|t:|1700656455\n|move|p2a: Hoopa|Hyperspace Fury|p1a: Ferrothorn\n|-damage|p1a: Ferrothorn|0 fnt\n|-unboost|p2a: Hoopa|def|1\n|faint|p1a: Ferrothorn\n|\n|upkeep\n|\n|t:|1700656462\n|switch|p1a: Pelipper|Pelipper, F|100\/100\n|-weather|RainDance|[from] ability: Drizzle|[of] p1a: Pelipper\n|turn|3\n|\n|t:|1700656467\n|move|p2a: Hoopa|Hyperspace Fury|p1a: Pelipper\n|-damage|p1a: Pelipper|0 fnt\n|-unboost|p2a: Hoopa|def|1\n|faint|p1a: Pelipper\n|\n|-weather|RainDance|[upkeep]\n|upkeep\n|\n|t:|1700656474\n|switch|p1a: Swampert|Swampert, M|100\/100\n|turn|4\n|\n|t:|1700656486\n|switch|p2a: Rotom|Rotom-Wash|100\/100\n|detailschange|p1a: Swampert|Swampert-Mega, M\n|-mega|p1a: Swampert|Swampert|Swampertite\n|move|p1a: Swampert|Flip Turn|p2a: Rotom\n|-resisted|p2a: Rotom\n|-damage|p2a: Rotom|80\/100\n|\n|t:|1700656495\n|switch|p1a: Omastar|Omastar, M|100\/100|[from] Flip Turn\n|\n|-weather|RainDance|[upkeep]\n|-heal|p2a: Rotom|86\/100|[from] item: Leftovers\n|upkeep\n|turn|5\n|\n|t:|1700656504\n|move|p1a: Omastar|Meteor Beam||[still]\n|-prepare|p1a: Omastar|Meteor Beam\n|-boost|p1a: Omastar|spa|1\n|-enditem|p1a: Omastar|Power Herb\n|-anim|p1a: Omastar|Meteor Beam|p2a: Rotom\n|-damage|p2a: Rotom|0 fnt\n|faint|p2a: Rotom\n|\n|-weather|RainDance|[upkeep]\n|upkeep\n|\n|t:|1700656511\n|switch|p2a: Scizor|Scizor, F|100\/100\n|turn|6\n|\n|t:|1700656520\n|detailschange|p2a: Scizor|Scizor-Mega, F\n|-mega|p2a: Scizor|Scizor|Scizorite\n|-terastallize|p1a: Omastar|Steel\n|move|p2a: Scizor|Bullet Punch|p1a: Omastar\n|-resisted|p1a: Omastar\n|-damage|p1a: Omastar|87\/100\n|move|p1a: Omastar|Surf|p2a: Scizor\n|-damage|p2a: Scizor|27\/100\n|\n|-weather|RainDance|[upkeep]\n|upkeep\n|turn|7\n|\n|t:|1700656530\n|move|p2a: Scizor|Bullet Punch|p1a: Omastar\n|-resisted|p1a: Omastar\n|-damage|p1a: Omastar|71\/100\n|move|p1a: Omastar|Shell Smash|p1a: Omastar\n|-unboost|p1a: Omastar|def|1\n|-unboost|p1a: Omastar|spd|1\n|-boost|p1a: Omastar|atk|2\n|-boost|p1a: Omastar|spa|2\n|-boost|p1a: Omastar|spe|2\n|\n|-weather|RainDance|[upkeep]\n|upkeep\n|turn|8\n|\n|t:|1700656539\n|move|p2a: Scizor|Bullet Punch|p1a: Omastar\n|-resisted|p1a: Omastar\n|-damage|p1a: Omastar|47\/100\n|move|p1a: Omastar|Surf|p2a: Scizor\n|-damage|p2a: Scizor|0 fnt\n|faint|p2a: Scizor\n|\n|-weather|RainDance|[upkeep]\n|upkeep\n|\n|t:|1700656545\n|switch|p2a: Greninja|Greninja, F|100\/100\n|turn|9\n|\n|t:|1700656551\n|move|p1a: Omastar|Earth Power|p2a: Greninja\n|-damage|p2a: Greninja|0 fnt\n|faint|p2a: Greninja\n|\n|-weather|RainDance|[upkeep]\n|upkeep\n|-message|heitaok forfeited.\n|\n|win|ZYBZYB\n|raw|ZYBZYB's rating: 1557 &rarr; <strong>1584<\/strong><br \/>(+27 for winning)\n|raw|heitaok's rating: 1680 &rarr; <strong>1653<\/strong><br \/>(-27 for losing)\n|l|\u2606heitaok\n|j| z199999\n|l| z199999\n","uploadtime":1700657479,"views":0,"p1id":"zybzyb","p2id":"heitaok","formatid":"gen9nationaldex","rating":1584,"private":0,"password":""}