{"id":"gen9nationaldex-1987805455","p1":"Lufano5","p2":"Und3r4ted","format":"[Gen 9] National Dex","log":"|j|\u2606Lufano5\n|j|\u2606Und3r4ted\n|t:|1699638499\n|gametype|singles\n|player|p1|Lufano5|102|1129\n|player|p2|Und3r4ted|guzma|1175\n|teamsize|p1|6\n|teamsize|p2|6\n|gen|9\n|tier|[Gen 9] National Dex\n|rated|\n|rule|HP Percentage Mod: HP is shown in percentages\n|rule|Endless Battle Clause: Forcing endless battles is banned\n|rule|OHKO Clause: OHKO moves are banned\n|rule|Evasion Clause: Evasion abilities, items, and moves are banned\n|rule|Evasion Abilities Clause: Evasion abilities are banned\n|rule|Evasion Items Clause: Evasion items are banned\n|rule|Evasion Moves Clause: Evasion moves are banned\n|rule|Species Clause: Limit one of each Pok\u00e9mon\n|rule|Sleep Clause Mod: Limit one foe put to sleep\n|clearpoke\n|poke|p1|Inteleon, F|\n|poke|p1|Ninetales-Alola, M|\n|poke|p1|Urshifu-*, F|\n|poke|p1|Serperior, F|\n|poke|p1|Spidops, M|\n|poke|p1|Heatran, F|\n|poke|p2|Golisopod, F|\n|poke|p2|Beedrill, M|\n|poke|p2|Volcarona, M|\n|poke|p2|Forretress, M|\n|poke|p2|Masquerain, F|\n|poke|p2|Kleavor, M|\n|teampreview\n|inactive|Battle timer is ON: inactive players will automatically lose when time's up. (requested by Und3r4ted)\n|\n|t:|1699638516\n|start\n|switch|p1a: Spidops|Spidops, M|100\/100\n|switch|p2a: Scaryy|Masquerain, F|100\/100\n|-ability|p2a: Scaryy|Intimidate|boost\n|-unboost|p1a: Spidops|atk|1\n|turn|1\n|\n|t:|1699638527\n|move|p1a: Spidops|First Impression|p2a: Scaryy\n|-resisted|p2a: Scaryy\n|-damage|p2a: Scaryy|78\/100\n|move|p2a: Scaryy|Quiver Dance|p2a: Scaryy\n|-boost|p2a: Scaryy|spa|1\n|-boost|p2a: Scaryy|spd|1\n|-boost|p2a: Scaryy|spe|1\n|\n|upkeep\n|turn|2\n|\n|t:|1699638547\n|move|p2a: Scaryy|Quiver Dance|p2a: Scaryy\n|-boost|p2a: Scaryy|spa|1\n|-boost|p2a: Scaryy|spd|1\n|-boost|p2a: Scaryy|spe|1\n|move|p1a: Spidops|Sticky Web|p2a: Scaryy\n|-sidestart|p2: Und3r4ted|move: Sticky Web\n|\n|upkeep\n|turn|3\n|\n|t:|1699638555\n|move|p2a: Scaryy|Quiver Dance|p2a: Scaryy\n|-boost|p2a: Scaryy|spa|1\n|-boost|p2a: Scaryy|spd|1\n|-boost|p2a: Scaryy|spe|1\n|move|p1a: Spidops|Circle Throw|p2a: Scaryy\n|-resisted|p2a: Scaryy\n|-damage|p2a: Scaryy|74\/100\n|drag|p2a: Kaizo|Beedrill, M|100\/100\n|-activate|p2a: Kaizo|move: Sticky Web\n|-unboost|p2a: Kaizo|spe|1\n|\n|upkeep\n|turn|4\n|\n|t:|1699638585\n|detailschange|p2a: Kaizo|Beedrill-Mega, M\n|-mega|p2a: Kaizo|Beedrill|Beedrillite\n|move|p2a: Kaizo|Poison Jab|p1a: Spidops\n|-damage|p1a: Spidops|28\/100\n|-enditem|p1a: Spidops|Red Card|[of] p2a: Kaizo\n|drag|p2a: Bismouth|Kleavor, M|100\/100\n|-activate|p2a: Bismouth|move: Sticky Web\n|-unboost|p2a: Bismouth|spe|1\n|move|p1a: Spidops|Toxic Spikes|p2a: Bismouth\n|-sidestart|p2: Und3r4ted|move: Toxic Spikes\n|\n|upkeep\n|turn|5\n|\n|t:|1699638598\n|move|p2a: Bismouth|Stone Axe|p1a: Spidops\n|-supereffective|p1a: Spidops\n|-damage|p1a: Spidops|0 fnt\n|-sidestart|p1: Lufano5|move: Stealth Rock\n|faint|p1a: Spidops\n|\n|upkeep\n|\n|t:|1699638606\n|switch|p1a: Ninetales|Ninetales-Alola, M|100\/100\n|-damage|p1a: Ninetales|76\/100|[from] Stealth Rock\n|-weather|Snow|[from] ability: Snow Warning|[of] p1a: Ninetales\n|turn|6\n|\n|t:|1699638614\n|move|p1a: Ninetales|Aurora Veil|p1a: Ninetales\n|-sidestart|p1: Lufano5|move: Aurora Veil\n|move|p2a: Bismouth|Stone Axe|p1a: Ninetales\n|-supereffective|p1a: Ninetales\n|-damage|p1a: Ninetales|23\/100\n|\n|-weather|Snow|[upkeep]\n|upkeep\n|turn|7\n|\n|t:|1699638624\n|move|p1a: Ninetales|Blizzard|p2a: Bismouth\n|-damage|p2a: Bismouth|40\/100\n|-status|p2a: Bismouth|frz\n|cant|p2a: Bismouth|frz\n|\n|-weather|Snow|[upkeep]\n|upkeep\n|turn|8\n|\n|t:|1699638634\n|switch|p1a: Inteleon|Inteleon, F|100\/100\n|-damage|p1a: Inteleon|88\/100|[from] Stealth Rock\n|cant|p2a: Bismouth|frz\n|\n|-weather|Snow|[upkeep]\n|upkeep\n|turn|9\n|\n|t:|1699638642\n|move|p1a: Inteleon|Focus Energy|p1a: Inteleon\n|-start|p1a: Inteleon|move: Focus Energy\n|cant|p2a: Bismouth|frz\n|\n|-weather|Snow|[upkeep]\n|upkeep\n|turn|10\n|\n|t:|1699638658\n|move|p1a: Inteleon|Snipe Shot|p2a: Bismouth\n|-supereffective|p2a: Bismouth\n|-crit|p2a: Bismouth\n|-damage|p2a: Bismouth|0 fnt\n|faint|p2a: Bismouth\n|\n|-weather|none\n|upkeep\n|\n|t:|1699638665\n|switch|p2a: SUN|Volcarona, M|100\/100\n|turn|11\n|\n|t:|1699638668\n|move|p1a: Inteleon|Snipe Shot|p2a: SUN\n|-supereffective|p2a: SUN\n|-crit|p2a: SUN\n|-damage|p2a: SUN|0 fnt\n|faint|p2a: SUN\n|\n|upkeep\n|\n|t:|1699638679\n|switch|p2a: EYESSS|Forretress, M|100\/100\n|-activate|p2a: EYESSS|move: Sticky Web\n|-unboost|p2a: EYESSS|spe|1\n|turn|12\n|\n|t:|1699638686\n|move|p1a: Inteleon|Snipe Shot|p2a: EYESSS\n|-crit|p2a: EYESSS\n|-ability|p2a: EYESSS|Sturdy\n|-damage|p2a: EYESSS|1\/100\n|move|p2a: EYESSS|Toxic|p1a: Inteleon\n|-status|p1a: Inteleon|tox\n|\n|-heal|p2a: EYESSS|7\/100|[from] item: Leftovers\n|-damage|p1a: Inteleon|82\/100 tox|[from] psn\n|upkeep\n|turn|13\n|\n|t:|1699638697\n|move|p1a: Inteleon|Snipe Shot|p2a: EYESSS\n|-crit|p2a: EYESSS\n|-damage|p2a: EYESSS|0 fnt\n|faint|p2a: EYESSS\n|\n|-damage|p1a: Inteleon|70\/100 tox|[from] psn\n|-sideend|p1: Lufano5|move: Aurora Veil\n|upkeep\n|\n|t:|1699638701\n|switch|p2a: Guzma|Golisopod, F|100\/100\n|-activate|p2a: Guzma|move: Sticky Web\n|-unboost|p2a: Guzma|spe|1\n|-status|p2a: Guzma|psn\n|turn|14\n|\n|t:|1699638711\n|move|p2a: Guzma|First Impression|p1a: Inteleon\n|-damage|p1a: Inteleon|0 fnt\n|faint|p1a: Inteleon\n|\n|-damage|p2a: Guzma|88\/100 psn|[from] psn\n|upkeep\n|\n|t:|1699638724\n|switch|p1a: Ninetales|Ninetales-Alola, M|23\/100\n|-damage|p1a: Ninetales|0 fnt|[from] Stealth Rock\n|faint|p1a: Ninetales\n|\n|t:|1699638729\n|switch|p1a: Heatran|Heatran, F|100\/100\n|-damage|p1a: Heatran|88\/100|[from] Stealth Rock\n|turn|15\n|\n|t:|1699638749\n|move|p1a: Heatran|Flame Charge|p2a: Guzma\n|-damage|p2a: Guzma|78\/100 psn\n|-boost|p1a: Heatran|spe|1\n|move|p2a: Guzma|Liquidation|p1a: Heatran\n|-supereffective|p1a: Heatran\n|-damage|p1a: Heatran|11\/100\n|\n|-damage|p2a: Guzma|66\/100 psn|[from] psn\n|upkeep\n|turn|16\n|\n|t:|1699638760\n|move|p1a: Heatran|Flamethrower|p2a: Guzma\n|-damage|p2a: Guzma|34\/100 psn\n|-activate|p2a: Guzma|ability: Emergency Exit\n|\n|t:|1699638764\n|switch|p2a: Kaizo|Beedrill-Mega, M|100\/100\n|-activate|p2a: Kaizo|move: Sticky Web\n|-unboost|p2a: Kaizo|spe|1\n|-sideend|p2: Und3r4ted|move: Toxic Spikes|[of] p2a: Kaizo\n|\n|upkeep\n|turn|17\n|\n|t:|1699638770\n|move|p1a: Heatran|Flamethrower|p2a: Kaizo\n|-supereffective|p2a: Kaizo\n|-damage|p2a: Kaizo|0 fnt\n|faint|p2a: Kaizo\n|\n|upkeep\n|\n|t:|1699638782\n|switch|p2a: Guzma|Golisopod, F|34\/100 psn\n|-activate|p2a: Guzma|move: Sticky Web\n|-unboost|p2a: Guzma|spe|1\n|turn|18\n|\n|t:|1699638788\n|move|p2a: Guzma|First Impression|p1a: Heatran\n|-resisted|p1a: Heatran\n|-damage|p1a: Heatran|1\/100\n|move|p1a: Heatran|Flamethrower|p2a: Guzma\n|-damage|p2a: Guzma|4\/100 psn\n|\n|-damage|p2a: Guzma|0 fnt|[from] psn\n|faint|p2a: Guzma\n|upkeep\n|\n|t:|1699638791\n|switch|p2a: Scaryy|Masquerain, F|74\/100\n|-ability|p2a: Scaryy|Intimidate|boost\n|-unboost|p1a: Heatran|atk|1\n|turn|19\n|\n|t:|1699638802\n|move|p1a: Heatran|Flamethrower|p2a: Scaryy\n|-supereffective|p2a: Scaryy\n|-damage|p2a: Scaryy|0 fnt\n|faint|p2a: Scaryy\n|\n|win|Lufano5\n|raw|Lufano5's rating: 1129 &rarr; <strong>1157<\/strong><br \/>(+28 for winning)\n|raw|Und3r4ted's rating: 1175 &rarr; <strong>1147<\/strong><br \/>(-28 for losing)\n|l|\u2606Und3r4ted\n|c|\u2606Lufano5|GG\n","uploadtime":1699638814,"views":5,"p1id":"lufano5","p2id":"und3r4ted","formatid":"gen9nationaldex","rating":1147,"private":0,"password":""}