{"id":"gen9nationaldex-1999027534","p1":"Mr.Shadowdusk","p2":"Arnaenaed \u223e","format":"[Gen 9] National Dex","log":"|html|<div class=\"broadcast-blue\"><strong>[Gen 9] National Dex is currently suspecting Sneasler! For information on how to participate check out the <a href=\"https:\/\/www.smogon.com\/forums\/threads\/sv-national-dex-suspect-8-just-dance.3731534\/\">suspect thread<\/a>.<\/strong><\/div>\n|j|\u2606Mr.Shadowdusk\n|j|\u2606Arnaenaed \u223e\n|t:|1701025396\n|gametype|singles\n|player|p1|Mr.Shadowdusk|ghetsis|\n|player|p2|Arnaenaed \u223e|clay|\n|teamsize|p1|6\n|teamsize|p2|6\n|gen|9\n|tier|[Gen 9] National Dex\n|rule|HP Percentage Mod: HP is shown in percentages\n|rule|Endless Battle Clause: Forcing endless battles is banned\n|rule|OHKO Clause: OHKO moves are banned\n|rule|Evasion Clause: Evasion abilities, items, and moves are banned\n|rule|Evasion Abilities Clause: Evasion abilities are banned\n|rule|Evasion Items Clause: Evasion items are banned\n|rule|Evasion Moves Clause: Evasion moves are banned\n|rule|Species Clause: Limit one of each Pok\u00e9mon\n|rule|Sleep Clause Mod: Limit one foe put to sleep\n|clearpoke\n|poke|p1|Hatterene, F|\n|poke|p1|Lopunny, M|\n|poke|p1|Hydreigon, M|\n|poke|p1|Goodra-Hisui, M|\n|poke|p1|Zapdos|\n|poke|p1|Greninja-*, M|\n|poke|p2|Slurpuff, M|\n|poke|p2|Espeon, M|\n|poke|p2|Rillaboom, F|\n|poke|p2|Manaphy|\n|poke|p2|Xurkitree|\n|poke|p2|Ditto|\n|teampreview\n|\n|t:|1701025408\n|start\n|switch|p1a: Lopunny|Lopunny, M, shiny|100\/100\n|switch|p2a: Espeon|Espeon, M|100\/100\n|turn|1\n|c|\u2606Mr.Shadowdusk|O es scarf\n|c|\u2606Mr.Shadowdusk|O es de pantallas\n|\n|t:|1701025473\n|switch|p2a: Rillaboom|Rillaboom, F|100\/100\n|-fieldstart|move: Grassy Terrain|[from] ability: Grassy Surge|[of] p2a: Rillaboom\n|-enditem|p2a: Rillaboom|Grassy Seed\n|-boost|p2a: Rillaboom|def|1|[from] item: Grassy Seed\n|detailschange|p1a: Lopunny|Lopunny-Mega, M, shiny\n|-mega|p1a: Lopunny|Lopunny|Lopunnite\n|move|p1a: Lopunny|Fake Out|p2a: Rillaboom\n|-damage|p2a: Rillaboom|84\/100\n|\n|-heal|p2a: Rillaboom|91\/100|[from] Grassy Terrain\n|upkeep\n|turn|2\n|\n|t:|1701025488\n|move|p1a: Lopunny|U-turn|p2a: Rillaboom\n|-supereffective|p2a: Rillaboom\n|-damage|p2a: Rillaboom|51\/100\n|\n|t:|1701025498\n|switch|p1a: Zapdos|Zapdos, shiny|100\/100|[from] U-turn\n|move|p2a: Rillaboom|Swords Dance|p2a: Rillaboom\n|-boost|p2a: Rillaboom|atk|2\n|\n|-heal|p2a: Rillaboom|57\/100|[from] Grassy Terrain\n|upkeep\n|turn|3\n|\n|t:|1701025535\n|move|p2a: Rillaboom|Wood Hammer|p1a: Zapdos\n|-resisted|p1a: Zapdos\n|-crit|p1a: Zapdos\n|-damage|p1a: Zapdos|9\/100\n|-status|p2a: Rillaboom|par|[from] ability: Static|[of] p1a: Zapdos\n|-damage|p2a: Rillaboom|23\/100 par|[from] Recoil\n|move|p1a: Zapdos|Hurricane|p2a: Rillaboom\n|-supereffective|p2a: Rillaboom\n|-damage|p2a: Rillaboom|0 fnt\n|faint|p2a: Rillaboom\n|\n|upkeep\n|\n|t:|1701025546\n|switch|p2a: Slurpuff|Slurpuff, M|100\/100\n|turn|4\n|\n|t:|1701025552\n|move|p2a: Slurpuff|Sticky Web|p1a: Zapdos\n|-sidestart|p1: Mr.Shadowdusk|move: Sticky Web\n|move|p1a: Zapdos|Volt Switch|p2a: Slurpuff\n|-damage|p2a: Slurpuff|42\/100\n|\n|t:|1701025572\n|switch|p1a: Hydreigon|Hydreigon, M|100\/100|[from] Volt Switch\n|\n|-heal|p2a: Slurpuff|48\/100|[from] Grassy Terrain\n|upkeep\n|turn|5\n|\n|t:|1701025578\n|move|p1a: Hydreigon|Flash Cannon|p2a: Slurpuff\n|-supereffective|p2a: Slurpuff\n|-crit|p2a: Slurpuff\n|-damage|p2a: Slurpuff|0 fnt\n|faint|p2a: Slurpuff\n|\n|-fieldend|move: Grassy Terrain\n|upkeep\n|\n|t:|1701025592\n|switch|p2a: Espeon|Espeon, M|100\/100\n|turn|6\n|\n|t:|1701025598\n|switch|p1a: Goodra|Goodra-Hisui, M, shiny|100\/100\n|-activate|p1a: Goodra|move: Sticky Web\n|-unboost|p1a: Goodra|spe|1\n|move|p2a: Espeon|Light Screen|p2a: Espeon\n|-sidestart|p2: Arnaenaed \u223e|move: Light Screen\n|\n|upkeep\n|turn|7\n|c|\u2606Mr.Shadowdusk|Lo sabia\n|\n|t:|1701025618\n|move|p2a: Espeon|Yawn|p1a: Goodra\n|-start|p1a: Goodra|move: Yawn|[of] p2a: Espeon\n|move|p1a: Goodra|Heavy Slam|p2a: Espeon\n|-damage|p2a: Espeon|32\/100\n|\n|upkeep\n|turn|8\n|\n|t:|1701025627\n|switch|p2a: Manaphy|Manaphy|100\/100\n|switch|p1a: Zapdos|Zapdos, shiny|9\/100\n|\n|upkeep\n|turn|9\n|\n|t:|1701025634\n|move|p2a: Manaphy|Ice Beam|p1a: Zapdos\n|-supereffective|p1a: Zapdos\n|-crit|p1a: Zapdos\n|-damage|p1a: Zapdos|0 fnt\n|faint|p1a: Zapdos\n|\n|upkeep\n|\n|t:|1701025641\n|switch|p1a: Goodra|Goodra-Hisui, M, shiny|100\/100\n|-activate|p1a: Goodra|move: Sticky Web\n|-unboost|p1a: Goodra|spe|1\n|turn|10\n|\n|t:|1701025650\n|move|p2a: Manaphy|Tail Glow|p2a: Manaphy\n|-boost|p2a: Manaphy|spa|3\n|move|p1a: Goodra|Heavy Slam|p2a: Manaphy\n|-resisted|p2a: Manaphy\n|-damage|p2a: Manaphy|79\/100\n|\n|upkeep\n|turn|11\n|\n|t:|1701025656\n|move|p2a: Manaphy|Tail Glow|p2a: Manaphy\n|-boost|p2a: Manaphy|spa|3\n|move|p1a: Goodra|Thunderbolt|p2a: Manaphy\n|-supereffective|p2a: Manaphy\n|-damage|p2a: Manaphy|54\/100\n|\n|upkeep\n|turn|12\n|\n|t:|1701025668\n|move|p2a: Manaphy|Ice Beam|p1a: Goodra\n|-damage|p1a: Goodra|67\/100\n|move|p1a: Goodra|Thunderbolt|p2a: Manaphy\n|-supereffective|p2a: Manaphy\n|-damage|p2a: Manaphy|30\/100\n|\n|upkeep\n|turn|13\n|\n|t:|1701025678\n|move|p2a: Manaphy|Ice Beam|p1a: Goodra\n|-damage|p1a: Goodra|34\/100\n|move|p1a: Goodra|Thunderbolt|p2a: Manaphy\n|-supereffective|p2a: Manaphy\n|-crit|p2a: Manaphy\n|-damage|p2a: Manaphy|0 fnt\n|faint|p2a: Manaphy\n|\n|-sideend|p2: Arnaenaed \u223e|move: Light Screen\n|upkeep\n|\n|t:|1701025688\n|switch|p2a: Espeon|Espeon, M|32\/100\n|turn|14\n|\n|t:|1701025700\n|move|p2a: Espeon|Reflect|p2a: Espeon\n|-sidestart|p2: Arnaenaed \u223e|Reflect\n|move|p1a: Goodra|Dragon Pulse|p2a: Espeon\n|-damage|p2a: Espeon|0 fnt\n|faint|p2a: Espeon\n|\n|upkeep\n|\n|t:|1701025706\n|switch|p2a: Ditto|Ditto|100\/100\n|-transform|p2a: Ditto|p1a: Goodra|[from] ability: Imposter\n|turn|15\n|\n|t:|1701025717\n|switch|p1a: Lopunny|Lopunny-Mega, M, shiny|100\/100\n|-activate|p1a: Lopunny|move: Sticky Web\n|-unboost|p1a: Lopunny|spe|1\n|move|p2a: Ditto|Dragon Pulse|p1a: Lopunny\n|-damage|p1a: Lopunny|56\/100\n|\n|upkeep\n|turn|16\n|\n|t:|1701025729\n|move|p1a: Lopunny|Fake Out|p2a: Ditto\n|-resisted|p2a: Ditto\n|-damage|p2a: Ditto|94\/100\n|cant|p2a: Ditto|flinch\n|\n|upkeep\n|turn|17\n|\n|t:|1701025733\n|move|p1a: Lopunny|Close Combat|p2a: Ditto\n|-supereffective|p2a: Ditto\n|-damage|p2a: Ditto|26\/100\n|-unboost|p1a: Lopunny|def|1\n|-unboost|p1a: Lopunny|spd|1\n|move|p2a: Ditto|Dragon Pulse|p1a: Lopunny\n|-damage|p1a: Lopunny|0 fnt\n|faint|p1a: Lopunny\n|\n|upkeep\n|\n|t:|1701025749\n|switch|p1a: Hydreigon|Hydreigon, M|100\/100\n|turn|18\n|\n|t:|1701025765\n|switch|p2a: Xurkitree|Xurkitree|100\/100\n|move|p1a: Hydreigon|Draco Meteor|p2a: Xurkitree\n|-damage|p2a: Xurkitree|1\/100\n|-unboost|p1a: Hydreigon|spa|2\n|\n|upkeep\n|turn|19\n|\n|t:|1701025774\n|switch|p1a: Goodra|Goodra-Hisui, M, shiny|34\/100\n|-activate|p1a: Goodra|move: Sticky Web\n|-unboost|p1a: Goodra|spe|1\n|move|p2a: Xurkitree|Dazzling Gleam|p1a: Goodra\n|-damage|p1a: Goodra|21\/100\n|\n|upkeep\n|turn|20\n|\n|t:|1701025790\n|switch|p2a: Ditto|Ditto|26\/100\n|-transform|p2a: Ditto|p1a: Goodra|[from] ability: Imposter\n|move|p1a: Goodra|Dragon Pulse|p2a: Ditto\n|-damage|p2a: Ditto|6\/100\n|\n|upkeep\n|turn|21\n|\n|t:|1701025802\n|move|p2a: Ditto|Dragon Pulse|p1a: Goodra\n|-damage|p1a: Goodra|11\/100\n|move|p1a: Goodra|Dragon Pulse|p2a: Ditto\n|-damage|p2a: Ditto|0 fnt\n|faint|p2a: Ditto\n|\n|-sideend|p2: Arnaenaed \u223e|Reflect\n|upkeep\n|\n|t:|1701025805\n|switch|p2a: Xurkitree|Xurkitree|1\/100\n|turn|22\n|\n|t:|1701025808\n|move|p2a: Xurkitree|Tail Glow|p2a: Xurkitree\n|-boost|p2a: Xurkitree|spa|3\n|move|p1a: Goodra|Dragon Pulse|p2a: Xurkitree\n|-crit|p2a: Xurkitree\n|-damage|p2a: Xurkitree|0 fnt\n|faint|p2a: Xurkitree\n|\n|win|Mr.Shadowdusk\n|l|\u2606Arnaenaed \u223e\n","uploadtime":1701025818,"views":3,"p1id":"mrshadowdusk","p2id":"arnaenaed","formatid":"gen9nationaldex","rating":0,"private":0,"password":""}