{"id":"gen9nationaldex-1990899300","p1":"Poke InkyLotus","p2":"TickleMeElmo49","format":"[Gen 9] National Dex","log":"|j|\u2606Poke InkyLotus\n|j|\u2606TickleMeElmo49\n|t:|1700012876\n|gametype|singles\n|player|p1|Poke InkyLotus|lillie|1024\n|player|p2|TickleMeElmo49|juggler|1006\n|teamsize|p1|6\n|teamsize|p2|1\n|gen|9\n|tier|[Gen 9] National Dex\n|rated|\n|rule|HP Percentage Mod: HP is shown in percentages\n|rule|Endless Battle Clause: Forcing endless battles is banned\n|rule|OHKO Clause: OHKO moves are banned\n|rule|Evasion Clause: Evasion abilities, items, and moves are banned\n|rule|Evasion Abilities Clause: Evasion abilities are banned\n|rule|Evasion Items Clause: Evasion items are banned\n|rule|Evasion Moves Clause: Evasion moves are banned\n|rule|Species Clause: Limit one of each Pok\u00e9mon\n|rule|Sleep Clause Mod: Limit one foe put to sleep\n|clearpoke\n|poke|p1|Beautifly, F|\n|poke|p1|Spidops, M|\n|poke|p1|Leavanny, F|\n|poke|p1|Wormadam-Trash, F|\n|poke|p1|Ledian, F|\n|poke|p1|Kricketune, M|\n|poke|p2|Mew|\n|teampreview\n|inactive|Battle timer is ON: inactive players will automatically lose when time's up. (requested by TickleMeElmo49)\n|\n|t:|1700012879\n|start\n|switch|p1a: Beautifly|Beautifly, F, shiny|100\/100\n|switch|p2a: Mew|Mew, shiny|100\/100\n|turn|1\n|j| rizeparon\n|\n|t:|1700012891\n|move|p2a: Mew|Imprison|p2a: Mew\n|-start|p2a: Mew|move: Imprison\n|move|p1a: Beautifly|Silver Wind|p2a: Mew\n|-supereffective|p2a: Mew\n|-damage|p2a: Mew|55\/100\n|\n|-heal|p2a: Mew|62\/100|[from] item: Leftovers\n|upkeep\n|turn|2\n|\n|t:|1700012901\n|move|p2a: Mew|Transform|p1a: Beautifly\n|-transform|p2a: Mew|p1a: Beautifly\n|cant|p1a: Beautifly|move: Imprison|Bug Buzz\n|\n|-heal|p2a: Mew|68\/100|[from] item: Leftovers\n|upkeep\n|turn|3\n|\n|t:|1700012916\n|switch|p1a: Wormadam|Wormadam-Trash, F|100\/100\n|move|p2a: Mew|Silver Wind|p1a: Wormadam\n|-resisted|p1a: Wormadam\n|-damage|p1a: Wormadam|85\/100\n|-boost|p2a: Mew|atk|1\n|-boost|p2a: Mew|def|1\n|-boost|p2a: Mew|spa|1\n|-boost|p2a: Mew|spd|1\n|-boost|p2a: Mew|spe|1\n|\n|-heal|p2a: Mew|74\/100|[from] item: Leftovers\n|upkeep\n|turn|4\n|\n|t:|1700012928\n|move|p2a: Mew|Air Cutter|p1a: Wormadam\n|-damage|p1a: Wormadam|41\/100\n|move|p1a: Wormadam|Flash Cannon|p2a: Mew\n|-damage|p2a: Mew|47\/100\n|\n|-heal|p2a: Mew|53\/100|[from] item: Leftovers\n|upkeep\n|turn|5\n|\n|t:|1700012935\n|move|p2a: Mew|Air Cutter|p1a: Wormadam\n|-damage|p1a: Wormadam|0 fnt\n|faint|p1a: Wormadam\n|\n|-heal|p2a: Mew|59\/100|[from] item: Leftovers\n|upkeep\n|l| rizeparon\n|\n|t:|1700012949\n|switch|p1a: Beautifly|Beautifly, F, shiny|100\/100\n|turn|6\n|\n|t:|1700012952\n|move|p2a: Mew|Silver Wind|p1a: Beautifly\n|-resisted|p1a: Beautifly\n|-damage|p1a: Beautifly|63\/100\n|-activate|p1a: Beautifly|move: Struggle\n|move|p1a: Beautifly|Struggle|p2a: Mew\n|-damage|p2a: Mew|53\/100\n|-damage|p1a: Beautifly|38\/100|[from] recoil\n|\n|-heal|p2a: Mew|59\/100|[from] item: Leftovers\n|upkeep\n|turn|7\n|\n|t:|1700012961\n|move|p2a: Mew|Silver Wind|p1a: Beautifly\n|-resisted|p1a: Beautifly\n|-damage|p1a: Beautifly|1\/100\n|-activate|p1a: Beautifly|move: Struggle\n|move|p1a: Beautifly|Struggle|p2a: Mew\n|-damage|p2a: Mew|53\/100\n|-damage|p1a: Beautifly|0 fnt|[from] recoil\n|faint|p1a: Beautifly\n|\n|-heal|p2a: Mew|59\/100|[from] item: Leftovers\n|upkeep\n|\n|t:|1700012970\n|switch|p1a: Spidops|Spidops, M|100\/100\n|turn|8\n|\n|t:|1700012977\n|move|p1a: Spidops|First Impression|p2a: Mew\n|-resisted|p2a: Mew\n|-damage|p2a: Mew|41\/100\n|move|p2a: Mew|Air Cutter|p1a: Spidops\n|-supereffective|p1a: Spidops\n|-damage|p1a: Spidops|0 fnt\n|faint|p1a: Spidops\n|\n|-heal|p2a: Mew|47\/100|[from] item: Leftovers\n|upkeep\n|\n|t:|1700012985\n|switch|p1a: Leavanny|Leavanny, F, shiny|100\/100\n|turn|9\n|\n|t:|1700012992\n|move|p2a: Mew|Air Cutter|p1a: Leavanny\n|-supereffective|p1a: Leavanny\n|-damage|p1a: Leavanny|0 fnt\n|faint|p1a: Leavanny\n|\n|-heal|p2a: Mew|53\/100|[from] item: Leftovers\n|upkeep\n|\n|t:|1700012998\n|switch|p1a: Ledian|Ledian, F|100\/100\n|turn|10\n|\n|t:|1700013002\n|move|p2a: Mew|Air Cutter|p1a: Ledian\n|-supereffective|p1a: Ledian\n|-damage|p1a: Ledian|41\/100\n|move|p1a: Ledian|Knock Off|p2a: Mew\n|-damage|p2a: Mew|35\/100\n|-enditem|p2a: Mew|Leftovers|[from] move: Knock Off|[of] p1a: Ledian\n|\n|upkeep\n|turn|11\n|\n|t:|1700013011\n|move|p2a: Mew|Silver Wind|p1a: Ledian\n|-resisted|p1a: Ledian\n|-damage|p1a: Ledian|26\/100\n|move|p1a: Ledian|Knock Off|p2a: Mew\n|-damage|p2a: Mew|24\/100\n|\n|upkeep\n|turn|12\n|\n|t:|1700013020\n|move|p2a: Mew|Silver Wind|p1a: Ledian\n|-resisted|p1a: Ledian\n|-damage|p1a: Ledian|4\/100\n|move|p1a: Ledian|Knock Off|p2a: Mew\n|-damage|p2a: Mew|12\/100\n|\n|upkeep\n|turn|13\n|\n|t:|1700013026\n|move|p2a: Mew|Bug Buzz|p1a: Ledian\n|-resisted|p1a: Ledian\n|-damage|p1a: Ledian|0 fnt\n|faint|p1a: Ledian\n|\n|upkeep\n|\n|t:|1700013031\n|switch|p1a: Kricketune|Kricketune, M|100\/100\n|turn|14\n|\n|t:|1700013038\n|-terastallize|p1a: Kricketune|Bug\n|move|p2a: Mew|Bug Buzz|p1a: Kricketune\n|-damage|p1a: Kricketune|2\/100\n|move|p1a: Kricketune|X-Scissor|p2a: Mew\n|-resisted|p2a: Mew\n|-damage|p2a: Mew|0 fnt\n|faint|p2a: Mew\n|\n|win|Poke InkyLotus\n|raw|Poke InkyLotus's rating: 1024 &rarr; <strong>1059<\/strong><br \/>(+35 for winning)\n|raw|TickleMeElmo49's rating: 1006 &rarr; <strong>1000<\/strong><br \/>(-6 for losing)\n","uploadtime":1700013050,"views":5,"p1id":"pokeinkylotus","p2id":"ticklemeelmo49","formatid":"gen9nationaldex","rating":1000,"private":0,"password":""}