{"id":"gen9nationaldex-1993246662","p1":"Arnaenaed \u223e","p2":"DracoAxel","format":"[Gen 9] National Dex","log":"|j|\u2606Arnaenaed \u223e\n|j|\u2606DracoAxel\n|t:|1700283678\n|gametype|singles\n|player|p1|Arnaenaed \u223e|bruno-gen3|\n|player|p2|DracoAxel|nate|\n|teamsize|p1|6\n|teamsize|p2|6\n|gen|9\n|tier|[Gen 9] National Dex\n|rule|HP Percentage Mod: HP is shown in percentages\n|rule|Endless Battle Clause: Forcing endless battles is banned\n|rule|OHKO Clause: OHKO moves are banned\n|rule|Evasion Clause: Evasion abilities, items, and moves are banned\n|rule|Evasion Abilities Clause: Evasion abilities are banned\n|rule|Evasion Items Clause: Evasion items are banned\n|rule|Evasion Moves Clause: Evasion moves are banned\n|rule|Species Clause: Limit one of each Pok\u00e9mon\n|rule|Sleep Clause Mod: Limit one foe put to sleep\n|clearpoke\n|poke|p1|Pelipper, F|\n|poke|p1|Azumarill, F|\n|poke|p1|Golduck, F|\n|poke|p1|Floatzel, F|\n|poke|p1|Pawmot, F|\n|poke|p1|Toedscruel, M|\n|poke|p2|Xurkitree|\n|poke|p2|Volcarona, F|\n|poke|p2|Sneasler, F|\n|poke|p2|Serperior, M|\n|poke|p2|Urshifu-*, M|\n|poke|p2|Pinsir, M|\n|teampreview\n|\n|t:|1700283696\n|start\n|switch|p1a: Pelipper|Pelipper, F|100\/100\n|switch|p2a: Pinsir|Pinsir, M|100\/100\n|-weather|RainDance|[from] ability: Drizzle|[of] p1a: Pelipper\n|turn|1\n|\n|t:|1700283706\n|detailschange|p2a: Pinsir|Pinsir-Mega, M\n|-mega|p2a: Pinsir|Pinsir|Pinsirite\n|move|p2a: Pinsir|Swords Dance|p2a: Pinsir\n|-boost|p2a: Pinsir|atk|2\n|move|p1a: Pelipper|Hurricane|p2a: Pinsir\n|-supereffective|p2a: Pinsir\n|-damage|p2a: Pinsir|7\/100\n|-start|p2a: Pinsir|confusion\n|\n|-weather|RainDance|[upkeep]\n|upkeep\n|turn|2\n|\n|t:|1700283717\n|-activate|p2a: Pinsir|confusion\n|move|p2a: Pinsir|Quick Attack|p1a: Pelipper\n|-damage|p1a: Pelipper|37\/100\n|move|p1a: Pelipper|U-turn|p2a: Pinsir\n|-resisted|p2a: Pinsir\n|-damage|p2a: Pinsir|2\/100\n|\n|t:|1700283729\n|switch|p1a: Azumarill|Azumarill, F|100\/100|[from] U-turn\n|\n|-weather|RainDance|[upkeep]\n|upkeep\n|turn|3\n|\n|t:|1700283734\n|move|p1a: Azumarill|Aqua Jet|p2a: Pinsir\n|-damage|p2a: Pinsir|0 fnt\n|faint|p2a: Pinsir\n|\n|-weather|RainDance|[upkeep]\n|upkeep\n|\n|t:|1700283738\n|switch|p2a: Xurkitree|Xurkitree|100\/100\n|turn|4\n|\n|t:|1700283741\n|switch|p1a: Toedscruel|Toedscruel, M|100\/100\n|move|p2a: Xurkitree|Thunderbolt|p1a: Toedscruel\n|-immune|p1a: Toedscruel\n|\n|-weather|RainDance|[upkeep]\n|upkeep\n|turn|5\n|\n|t:|1700283763\n|switch|p2a: Sneasler|Sneasler, F|100\/100\n|move|p1a: Toedscruel|Spikes|p2a: Sneasler\n|-sidestart|p2: DracoAxel|Spikes\n|\n|-weather|RainDance|[upkeep]\n|upkeep\n|turn|6\n|\n|t:|1700283786\n|-terastallize|p1a: Toedscruel|Ghost\n|move|p2a: Sneasler|Fake Out|p1a: Toedscruel\n|-immune|p1a: Toedscruel\n|move|p1a: Toedscruel|Spikes|p2a: Sneasler\n|-sidestart|p2: DracoAxel|Spikes\n|\n|-weather|RainDance|[upkeep]\n|upkeep\n|turn|7\n|\n|t:|1700283796\n|move|p2a: Sneasler|Dire Claw|p1a: Toedscruel\n|-resisted|p1a: Toedscruel\n|-damage|p1a: Toedscruel|68\/100\n|-damage|p2a: Sneasler|84\/100|[from] item: Rocky Helmet|[of] p1a: Toedscruel\n|move|p1a: Toedscruel|Spore|p2a: Sneasler\n|-status|p2a: Sneasler|slp|[from] move: Spore\n|\n|-weather|RainDance|[upkeep]\n|upkeep\n|turn|8\n|\n|t:|1700283803\n|cant|p2a: Sneasler|slp\n|move|p1a: Toedscruel|Spikes|p2a: Sneasler\n|-sidestart|p2: DracoAxel|Spikes\n|\n|-weather|none\n|upkeep\n|turn|9\n|\n|t:|1700283807\n|cant|p2a: Sneasler|slp\n|move|p1a: Toedscruel|Knock Off|p2a: Sneasler\n|-resisted|p2a: Sneasler\n|-damage|p2a: Sneasler|69\/100 slp\n|-enditem|p2a: Sneasler|Normal Gem|[from] move: Knock Off|[of] p1a: Toedscruel\n|\n|upkeep\n|turn|10\n|\n|t:|1700283816\n|-curestatus|p2a: Sneasler|slp|[msg]\n|move|p2a: Sneasler|Dire Claw|p1a: Toedscruel\n|-resisted|p1a: Toedscruel\n|-damage|p1a: Toedscruel|35\/100\n|-damage|p2a: Sneasler|53\/100|[from] item: Rocky Helmet|[of] p1a: Toedscruel\n|move|p1a: Toedscruel|Spore|p2a: Sneasler\n|-status|p2a: Sneasler|slp|[from] move: Spore\n|\n|upkeep\n|turn|11\n|\n|t:|1700283825\n|switch|p1a: Pelipper|Pelipper, F|37\/100\n|-weather|RainDance|[from] ability: Drizzle|[of] p1a: Pelipper\n|cant|p2a: Sneasler|slp\n|\n|-weather|RainDance|[upkeep]\n|upkeep\n|turn|12\n|\n|t:|1700283831\n|cant|p2a: Sneasler|slp\n|move|p1a: Pelipper|Hurricane|p2a: Sneasler\n|-supereffective|p2a: Sneasler\n|-damage|p2a: Sneasler|0 fnt\n|faint|p2a: Sneasler\n|\n|-weather|RainDance|[upkeep]\n|upkeep\n|\n|t:|1700283840\n|switch|p2a: Serperior|Serperior, M|100\/100\n|-damage|p2a: Serperior|76\/100|[from] Spikes\n|turn|13\n|\n|t:|1700283853\n|move|p2a: Serperior|Defog|p1a: Pelipper\n|-unboost|p1a: Pelipper|evasion|1\n|-sideend|p2: DracoAxel|Spikes|[from] move: Defog|[of] p2a: Serperior\n|move|p1a: Pelipper|Hurricane|p2a: Serperior\n|-supereffective|p2a: Serperior\n|-crit|p2a: Serperior\n|-damage|p2a: Serperior|0 fnt\n|faint|p2a: Serperior\n|\n|-weather|RainDance|[upkeep]\n|upkeep\n|\n|t:|1700283866\n|switch|p2a: Urshifu|Urshifu-Rapid-Strike, M|100\/100\n|turn|14\n|\n|t:|1700283878\n|switch|p1a: Azumarill|Azumarill, F|100\/100\n|move|p2a: Urshifu|Thunder Punch|p1a: Azumarill\n|-supereffective|p1a: Azumarill\n|-damage|p1a: Azumarill|30\/100\n|-enditem|p1a: Azumarill|Sitrus Berry|[eat]\n|-heal|p1a: Azumarill|55\/100|[from] item: Sitrus Berry\n|-damage|p2a: Urshifu|91\/100|[from] item: Life Orb\n|\n|-weather|RainDance|[upkeep]\n|upkeep\n|turn|15\n|\n|t:|1700283889\n|switch|p1a: Pawmot|Pawmot, F|100\/100\n|move|p2a: Urshifu|Thunder Punch|p1a: Pawmot\n|-immune|p1a: Pawmot|[from] ability: Volt Absorb\n|\n|-weather|RainDance|[upkeep]\n|upkeep\n|turn|16\n|\n|t:|1700283898\n|move|p1a: Pawmot|Encore|p2a: Urshifu\n|-start|p2a: Urshifu|Encore\n|move|p2a: Urshifu|Thunder Punch|p1a: Pawmot\n|-immune|p1a: Pawmot|[from] ability: Volt Absorb\n|\n|-weather|RainDance|[upkeep]\n|upkeep\n|turn|17\n|\n|t:|1700283907\n|switch|p2a: Volcarona|Volcarona, F|100\/100\n|move|p1a: Pawmot|Nuzzle|p2a: Volcarona\n|-damage|p2a: Volcarona|89\/100\n|-status|p2a: Volcarona|par\n|\n|-weather|RainDance|[upkeep]\n|upkeep\n|turn|18\n|\n|t:|1700283916\n|move|p1a: Pawmot|Close Combat|p2a: Volcarona\n|-resisted|p2a: Volcarona\n|-damage|p2a: Volcarona|55\/100 par\n|-unboost|p1a: Pawmot|def|1\n|-unboost|p1a: Pawmot|spd|1\n|-status|p1a: Pawmot|brn|[from] ability: Flame Body|[of] p2a: Volcarona\n|move|p2a: Volcarona|Bug Buzz|p1a: Pawmot\n|-resisted|p1a: Pawmot\n|-damage|p1a: Pawmot|46\/100 brn\n|-unboost|p1a: Pawmot|spd|1\n|\n|-weather|none\n|-damage|p1a: Pawmot|39\/100 brn|[from] brn\n|upkeep\n|turn|19\n|\n|t:|1700283932\n|switch|p1a: Pelipper|Pelipper, F|37\/100\n|-weather|RainDance|[from] ability: Drizzle|[of] p1a: Pelipper\n|-zpower|p2a: Volcarona\n|move|p2a: Volcarona|Inferno Overdrive|p1a: Pelipper|[zeffect]\n|-resisted|p1a: Pelipper\n|-damage|p1a: Pelipper|12\/100\n|\n|-weather|RainDance|[upkeep]\n|upkeep\n|turn|20\n|\n|t:|1700283946\n|move|p2a: Volcarona|Bug Buzz|p1a: Pelipper\n|-resisted|p1a: Pelipper\n|-damage|p1a: Pelipper|0 fnt\n|faint|p1a: Pelipper\n|\n|-weather|RainDance|[upkeep]\n|upkeep\n|\n|t:|1700283954\n|switch|p1a: Floatzel|Floatzel, F|100\/100\n|turn|21\n|\n|t:|1700283962\n|move|p1a: Floatzel|Wave Crash|p2a: Volcarona\n|-supereffective|p2a: Volcarona\n|-damage|p2a: Volcarona|0 fnt\n|faint|p2a: Volcarona\n|-damage|p1a: Floatzel|84\/100|[from] Recoil\n|\n|-weather|RainDance|[upkeep]\n|upkeep\n|\n|t:|1700283973\n|switch|p2a: Xurkitree|Xurkitree|100\/100\n|turn|22\n|\n|t:|1700283977\n|move|p1a: Floatzel|Wave Crash|p2a: Xurkitree\n|-enditem|p2a: Xurkitree|Focus Sash\n|-damage|p2a: Xurkitree|1\/100\n|-damage|p1a: Floatzel|54\/100|[from] Recoil\n|move|p2a: Xurkitree|Thunderbolt|p1a: Floatzel\n|-supereffective|p1a: Floatzel\n|-damage|p1a: Floatzel|0 fnt\n|faint|p1a: Floatzel\n|-ability|p2a: Xurkitree|Beast Boost|boost\n|-boost|p2a: Xurkitree|spa|1\n|\n|-weather|RainDance|[upkeep]\n|upkeep\n|\n|t:|1700284020\n|switch|p1a: Pawmot|Pawmot, F|39\/100 brn\n|turn|23\n|\n|t:|1700284031\n|move|p1a: Pawmot|Close Combat|p2a: Xurkitree\n|-damage|p2a: Xurkitree|0 fnt\n|-unboost|p1a: Pawmot|def|1\n|-unboost|p1a: Pawmot|spd|1\n|faint|p2a: Xurkitree\n|\n|-weather|RainDance|[upkeep]\n|-damage|p1a: Pawmot|33\/100 brn|[from] brn\n|upkeep\n|\n|t:|1700284034\n|switch|p2a: Urshifu|Urshifu-Rapid-Strike, M|91\/100\n|turn|24\n|\n|t:|1700284045\n|move|p1a: Pawmot|Revival Blessing|p1a: Pawmot\n|-enditem|p1a: Pawmot|Leppa Berry|[eat]\n|-activate|p1a: Pawmot|item: Leppa Berry|Revival Blessing|[consumed]\n|\n|t:|1700284048\n|-heal|p1: Pelipper|50\/100|[from] move: Revival Blessing\n|move|p2a: Urshifu|Surging Strikes|p1a: Pawmot\n|-crit|p1a: Pawmot\n|-damage|p1a: Pawmot|0 fnt\n|faint|p1a: Pawmot\n|-hitcount|p1: Pawmot|1\n|-damage|p2a: Urshifu|81\/100|[from] item: Life Orb\n|\n|-weather|RainDance|[upkeep]\n|upkeep\n|\n|t:|1700284054\n|switch|p1a: Golduck|Golduck, F|100\/100\n|turn|25\n|\n|t:|1700284062\n|move|p1a: Golduck|Grass Knot|p2a: Urshifu\n|-supereffective|p2a: Urshifu\n|-damage|p2a: Urshifu|0 fnt\n|faint|p2a: Urshifu\n|-damage|p1a: Golduck|91\/100|[from] item: Life Orb\n|\n|win|Arnaenaed \u223e\n|c|\u2606Arnaenaed \u223e|gg\n|l|\u2606DracoAxel\n","uploadtime":1700284486,"views":6,"p1id":"arnaenaed","p2id":"dracoaxel","formatid":"gen9nationaldex","rating":0,"private":0,"password":""}