{"id":"gen9nationaldex-1994334397","p1":"Cashdatrox1236","p2":"Tay2252","format":"[Gen 9] National Dex","log":"|j|\u2606Cashdatrox1236\n|j|\u2606Tay2252\n|t:|1700432258\n|gametype|singles\n|player|p1|Cashdatrox1236|riley|1055\n|player|p2|Tay2252|marlon|1112\n|teamsize|p1|6\n|teamsize|p2|6\n|gen|9\n|tier|[Gen 9] National Dex\n|rated|\n|rule|HP Percentage Mod: HP is shown in percentages\n|rule|Endless Battle Clause: Forcing endless battles is banned\n|rule|OHKO Clause: OHKO moves are banned\n|rule|Evasion Clause: Evasion abilities, items, and moves are banned\n|rule|Evasion Abilities Clause: Evasion abilities are banned\n|rule|Evasion Items Clause: Evasion items are banned\n|rule|Evasion Moves Clause: Evasion moves are banned\n|rule|Species Clause: Limit one of each Pok\u00e9mon\n|rule|Sleep Clause Mod: Limit one foe put to sleep\n|clearpoke\n|poke|p1|Gliscor, F|\n|poke|p1|Samurott-Hisui, F|\n|poke|p1|Xurkitree|\n|poke|p1|Scizor, M|\n|poke|p1|Blaziken, F|\n|poke|p1|Serperior, M|\n|poke|p2|Swampert, M|\n|poke|p2|Slowbro, F|\n|poke|p2|Pidgeot, M|\n|poke|p2|Malamar, M|\n|poke|p2|Golurk|\n|poke|p2|Whimsicott, F|\n|teampreview\n|inactive|Battle timer is ON: inactive players will automatically lose when time's up. (requested by Tay2252)\n|c|\u2606Tay2252|Gl\n|\n|t:|1700432278\n|start\n|switch|p1a: Serperior|Serperior, M, shiny|100\/100\n|switch|p2a: Whimsicott|Whimsicott, F|100\/100\n|turn|1\n|\n|t:|1700432288\n|move|p2a: Whimsicott|Toxic|p1a: Serperior\n|-status|p1a: Serperior|tox\n|move|p1a: Serperior|Iron Tail|p2a: Whimsicott|[miss]\n|-miss|p1a: Serperior|p2a: Whimsicott\n|\n|-damage|p1a: Serperior|94\/100 tox|[from] psn\n|-status|p2a: Whimsicott|brn|[from] item: Flame Orb\n|upkeep\n|turn|2\n|\n|t:|1700432303\n|switch|p2a: Malamar|Malamar, M|100\/100\n|move|p1a: Serperior|Iron Tail|p2a: Malamar|[miss]\n|-miss|p1a: Serperior|p2a: Malamar\n|\n|-damage|p1a: Serperior|82\/100 tox|[from] psn\n|upkeep\n|turn|3\n|\n|t:|1700432312\n|-terastallize|p1a: Serperior|Grass\n|move|p1a: Serperior|Leaf Storm|p2a: Malamar\n|-damage|p2a: Malamar|33\/100\n|-boost|p1a: Serperior|spa|2\n|move|p2a: Malamar|Superpower|p1a: Serperior\n|-damage|p1a: Serperior|48\/100 tox\n|-boost|p2a: Malamar|atk|1\n|-boost|p2a: Malamar|def|1\n|\n|-heal|p2a: Malamar|39\/100|[from] item: Leftovers\n|-damage|p1a: Serperior|30\/100 tox|[from] psn\n|upkeep\n|turn|4\n|\n|t:|1700432326\n|switch|p2a: Whimsicott|Whimsicott, F|100\/100 brn\n|move|p1a: Serperior|Leaf Storm|p2a: Whimsicott\n|-resisted|p2a: Whimsicott\n|-damage|p2a: Whimsicott|23\/100 brn\n|-boost|p1a: Serperior|spa|2\n|\n|-damage|p1a: Serperior|5\/100 tox|[from] psn\n|-damage|p2a: Whimsicott|17\/100 brn|[from] brn\n|upkeep\n|turn|5\n|\n|t:|1700432338\n|move|p2a: Whimsicott|Switcheroo|p1a: Serperior\n|-activate|p2a: Whimsicott|move: Trick|[of] p1a: Serperior\n|-item|p1a: Serperior|Flame Orb|[from] move: Switcheroo\n|-item|p2a: Whimsicott|Focus Sash|[from] move: Switcheroo\n|move|p1a: Serperior|Iron Tail|p2a: Whimsicott\n|-supereffective|p2a: Whimsicott\n|-damage|p2a: Whimsicott|0 fnt\n|faint|p2a: Whimsicott\n|\n|-damage|p1a: Serperior|0 fnt|[from] psn\n|faint|p1a: Serperior\n|upkeep\n|\n|t:|1700432349\n|switch|p2a: Malamar|Malamar, M|39\/100\n|switch|p1a: Xurkitree|Xurkitree, shiny|100\/100\n|turn|6\n|\n|t:|1700432356\n|move|p1a: Xurkitree|Discharge|p2a: Malamar\n|-damage|p2a: Malamar|0 fnt\n|faint|p2a: Malamar\n|-ability|p1a: Xurkitree|Beast Boost|boost\n|-boost|p1a: Xurkitree|spa|1\n|\n|upkeep\n|\n|t:|1700432359\n|switch|p2a: Golurk|Golurk|100\/100\n|turn|7\n|\n|t:|1700432366\n|move|p1a: Xurkitree|Energy Ball|p2a: Golurk\n|-supereffective|p2a: Golurk\n|-damage|p2a: Golurk|25\/100\n|move|p2a: Golurk|Dynamic Punch|p1a: Xurkitree\n|-damage|p1a: Xurkitree|64\/100\n|-start|p1a: Xurkitree|confusion\n|\n|upkeep\n|turn|8\n|\n|t:|1700432388\n|-activate|p1a: Xurkitree|confusion\n|move|p1a: Xurkitree|Energy Ball|p2a: Golurk\n|-supereffective|p2a: Golurk\n|-damage|p2a: Golurk|0 fnt\n|faint|p2a: Golurk\n|-ability|p1a: Xurkitree|Beast Boost|boost\n|-boost|p1a: Xurkitree|spa|1\n|\n|upkeep\n|\n|t:|1700432393\n|switch|p2a: Swampert|Swampert, M|100\/100\n|turn|9\n|\n|t:|1700432398\n|-activate|p1a: Xurkitree|confusion\n|move|p1a: Xurkitree|Energy Ball|p2a: Swampert\n|-supereffective|p2a: Swampert\n|-damage|p2a: Swampert|0 fnt\n|faint|p2a: Swampert\n|-ability|p1a: Xurkitree|Beast Boost|boost\n|-boost|p1a: Xurkitree|spa|1\n|\n|upkeep\n|\n|t:|1700432401\n|switch|p2a: Mack|Pidgeot, M|100\/100\n|turn|10\n|\n|t:|1700432407\n|detailschange|p2a: Mack|Pidgeot-Mega, M\n|-mega|p2a: Mack|Pidgeot|Pidgeotite\n|move|p2a: Mack|Hurricane|p1a: Xurkitree\n|-resisted|p1a: Xurkitree\n|-damage|p1a: Xurkitree|36\/100\n|-end|p1a: Xurkitree|confusion\n|move|p1a: Xurkitree|Discharge|p2a: Mack\n|-supereffective|p2a: Mack\n|-damage|p2a: Mack|0 fnt\n|faint|p2a: Mack\n|-ability|p1a: Xurkitree|Beast Boost|boost\n|-boost|p1a: Xurkitree|spa|1\n|\n|upkeep\n|\n|t:|1700432410\n|switch|p2a: Nagy|Slowbro, F|100\/100\n|turn|11\n|-message|Tay2252 forfeited.\n|\n|win|Cashdatrox1236\n|raw|Cashdatrox1236's rating: 1055 &rarr; <strong>1092<\/strong><br \/>(+37 for winning)\n|raw|Tay2252's rating: 1112 &rarr; <strong>1083<\/strong><br \/>(-29 for losing)\n|l|\u2606Tay2252\n","uploadtime":1700432426,"views":11,"p1id":"cashdatrox1236","p2id":"tay2252","formatid":"gen9nationaldex","rating":1083,"private":0,"password":""}