{"id":"gen9nationaldex-1989993912","p1":"Yosekpo24","p2":"imbleed","format":"[Gen 9] National Dex","log":"|j|\u2606Yosekpo24\n|j|\u2606imbleed\n|t:|1699913479\n|gametype|singles\n|player|p1|Yosekpo24|102|1344\n|player|p2|imbleed|poppy|1522\n|teamsize|p1|6\n|teamsize|p2|6\n|gen|9\n|tier|[Gen 9] National Dex\n|rated|\n|rule|HP Percentage Mod: HP is shown in percentages\n|rule|Endless Battle Clause: Forcing endless battles is banned\n|rule|OHKO Clause: OHKO moves are banned\n|rule|Evasion Clause: Evasion abilities, items, and moves are banned\n|rule|Evasion Abilities Clause: Evasion abilities are banned\n|rule|Evasion Items Clause: Evasion items are banned\n|rule|Evasion Moves Clause: Evasion moves are banned\n|rule|Species Clause: Limit one of each Pok\u00e9mon\n|rule|Sleep Clause Mod: Limit one foe put to sleep\n|clearpoke\n|poke|p1|Mimikyu, M|\n|poke|p1|Sableye, F|\n|poke|p1|Cinderace, F|\n|poke|p1|Gliscor, M|\n|poke|p1|Accelgor, F|\n|poke|p1|Aegislash, M|\n|poke|p2|Dusclops, F|\n|poke|p2|Arboliva, M|\n|poke|p2|Landorus-Therian, M|\n|poke|p2|Huntail, F|\n|poke|p2|Boltund, F|\n|poke|p2|Ribombee, F|\n|teampreview\n|j| kung fu pokechu\n|c|\u2606Yosekpo24|gl\n|\n|t:|1699913506\n|start\n|switch|p1a: Aegislash|Aegislash, M|100\/100\n|switch|p2a: great tusk@home|Landorus-Therian, M|100\/100\n|-ability|p2a: great tusk@home|Intimidate|boost\n|-unboost|p1a: Aegislash|atk|1\n|turn|1\n|\n|t:|1699913512\n|switch|p1a: Gliscor|Gliscor, M|100\/100\n|move|p2a: great tusk@home|Stealth Rock|p1a: Gliscor\n|-sidestart|p1: Yosekpo24|move: Stealth Rock\n|\n|-status|p1a: Gliscor|tox|[from] item: Toxic Orb\n|upkeep\n|turn|2\n|j| Lonsol\n|\n|t:|1699913526\n|move|p1a: Gliscor|Fling|p2a: great tusk@home\n|-damage|p2a: great tusk@home|90\/100\n|-status|p2a: great tusk@home|tox\n|-enditem|p1a: Gliscor|Toxic Orb|[from] move: Fling\n|move|p2a: great tusk@home|Swords Dance|p2a: great tusk@home\n|-boost|p2a: great tusk@home|atk|2\n|\n|-damage|p2a: great tusk@home|84\/100 tox|[from] psn\n|upkeep\n|turn|3\n|\n|t:|1699913537\n|move|p1a: Gliscor|Knock Off|p2a: great tusk@home\n|-damage|p2a: great tusk@home|61\/100 tox\n|-zpower|p2a: great tusk@home\n|move|p2a: great tusk@home|Continental Crush|p1a: Gliscor|[zeffect]\n|-damage|p1a: Gliscor|0 fnt\n|faint|p1a: Gliscor\n|\n|-damage|p2a: great tusk@home|49\/100 tox|[from] psn\n|upkeep\n|\n|t:|1699913554\n|switch|p1a: Accelgor|Accelgor, F|100\/100\n|-damage|p1a: Accelgor|76\/100|[from] Stealth Rock\n|turn|4\n|\n|t:|1699913566\n|move|p1a: Accelgor|Water Shuriken|p2a: great tusk@home\n|-supereffective|p2a: great tusk@home\n|-damage|p2a: great tusk@home|37\/100 tox\n|-supereffective|p2a: great tusk@home\n|-damage|p2a: great tusk@home|25\/100 tox\n|-supereffective|p2a: great tusk@home\n|-damage|p2a: great tusk@home|13\/100 tox\n|-hitcount|p2a: great tusk@home|3\n|move|p2a: great tusk@home|Stone Edge|p1a: Accelgor\n|-supereffective|p1a: Accelgor\n|-damage|p1a: Accelgor|0 fnt\n|faint|p1a: Accelgor\n|\n|-damage|p2a: great tusk@home|0 fnt|[from] psn\n|faint|p2a: great tusk@home\n|upkeep\n|\n|t:|1699913579\n|switch|p1a: Aegislash|Aegislash, M|100\/100\n|switch|p2a: very slow no?|Arboliva, M|100\/100\n|-damage|p1a: Aegislash|94\/100|[from] Stealth Rock\n|turn|5\n|inactive|Battle timer is ON: inactive players will automatically lose when time's up. (requested by Yosekpo24)\n|\n|t:|1699913590\n|move|p1a: Aegislash|Swords Dance|p1a: Aegislash\n|-boost|p1a: Aegislash|atk|2\n|move|p2a: very slow no?|Earth Power|p1a: Aegislash\n|-supereffective|p1a: Aegislash\n|-damage|p1a: Aegislash|40\/100\n|\n|-heal|p1a: Aegislash|46\/100|[from] item: Leftovers\n|upkeep\n|turn|6\n|\n|t:|1699913604\n|move|p1a: Aegislash|King's Shield|p1a: Aegislash\n|-singleturn|p1a: Aegislash|Protect\n|move|p2a: very slow no?|Endure||[still]\n|-fail|p2a: very slow no?\n|\n|-heal|p1a: Aegislash|52\/100|[from] item: Leftovers\n|upkeep\n|turn|7\n|\n|t:|1699913617\n|-terastallize|p1a: Aegislash|Fighting\n|-formechange|p1a: Aegislash|Aegislash-Blade||[from] ability: Stance Change\n|move|p1a: Aegislash|Sacred Sword|p2a: very slow no?\n|-supereffective|p2a: very slow no?\n|-damage|p2a: very slow no?|0 fnt\n|faint|p2a: very slow no?\n|\n|-heal|p1a: Aegislash|59\/100|[from] item: Leftovers\n|upkeep\n|\n|t:|1699913623\n|switch|p2a: no bee|Ribombee, F|100\/100\n|turn|8\n|\n|t:|1699913628\n|switch|p1a: Cinderace|Cinderace, F|100\/100\n|move|p2a: no bee|Moonblast|p1a: Cinderace\n|-resisted|p1a: Cinderace\n|-damage|p1a: Cinderace|73\/100\n|\n|upkeep\n|turn|9\n|\n|t:|1699913634\n|move|p2a: no bee|Stun Spore|p1a: Cinderace|[miss]\n|-miss|p2a: no bee|p1a: Cinderace\n|move|p1a: Cinderace|Pyro Ball|p2a: no bee\n|-supereffective|p2a: no bee\n|-enditem|p2a: no bee|Focus Sash\n|-damage|p2a: no bee|1\/100\n|\n|upkeep\n|turn|10\n|\n|t:|1699913642\n|move|p2a: no bee|Stun Spore|p1a: Cinderace\n|-status|p1a: Cinderace|par\n|cant|p1a: Cinderace|par\n|\n|upkeep\n|turn|11\n|\n|t:|1699913652\n|switch|p2a: me clops|Dusclops, F|100\/100\n|-ability|p2a: me clops|Pressure\n|move|p1a: Cinderace|Court Change|p1a: Cinderace\n|-start|p1a: Cinderace|typechange|Normal|[from] ability: Libero\n|-swapsideconditions\n|-activate|p1a: Cinderace|move: Court Change\n|\n|upkeep\n|turn|12\n|\n|t:|1699913669\n|move|p1a: Cinderace|Pyro Ball|p2a: me clops\n|-damage|p2a: me clops|76\/100\n|move|p2a: me clops|Toxic||[still]\n|-fail|p2a: me clops\n|\n|upkeep\n|turn|13\n|\n|t:|1699913677\n|move|p1a: Cinderace|Pyro Ball|p2a: me clops\n|-damage|p2a: me clops|50\/100\n|-status|p2a: me clops|brn\n|move|p2a: me clops|Pain Split|p1a: Cinderace\n|-sethp|p1a: Cinderace|60\/100 par|[from] move: Pain Split|[silent]\n|-sethp|p2a: me clops|64\/100 brn|[from] move: Pain Split\n|\n|-damage|p2a: me clops|58\/100 brn|[from] brn\n|upkeep\n|turn|14\n|\n|t:|1699913687\n|switch|p1a: Sableye|Sableye, F|100\/100\n|switch|p2a: very fast yes|Huntail, F|100\/100\n|-damage|p2a: very fast yes|88\/100|[from] Stealth Rock\n|\n|upkeep\n|turn|15\n|\n|t:|1699913696\n|move|p1a: Sableye|Fake Out|p2a: very fast yes\n|-damage|p2a: very fast yes|79\/100\n|cant|p2a: very fast yes|flinch\n|\n|upkeep\n|turn|16\n|\n|t:|1699913703\n|detailschange|p1a: Sableye|Sableye-Mega, F\n|-mega|p1a: Sableye|Sableye|Sablenite\n|move|p2a: very fast yes|Shell Smash|p2a: very fast yes\n|-unboost|p2a: very fast yes|def|1\n|-unboost|p2a: very fast yes|spd|1\n|-boost|p2a: very fast yes|atk|2\n|-boost|p2a: very fast yes|spa|2\n|-boost|p2a: very fast yes|spe|2\n|move|p1a: Sableye|Will-O-Wisp|p2a: very fast yes|[miss]\n|-miss|p1a: Sableye|p2a: very fast yes\n|\n|upkeep\n|turn|17\n|\n|t:|1699913717\n|move|p2a: very fast yes|Waterfall|p1a: Sableye\n|-damage|p1a: Sableye|37\/100\n|move|p1a: Sableye|Encore|p2a: very fast yes\n|-start|p2a: very fast yes|Encore\n|\n|upkeep\n|turn|18\n|\n|t:|1699913723\n|switch|p1a: Aegislash|Aegislash, M, tera:Fighting|59\/100\n|move|p2a: very fast yes|Waterfall|p1a: Aegislash\n|-damage|p1a: Aegislash|2\/100\n|\n|-heal|p1a: Aegislash|8\/100|[from] item: Leftovers\n|upkeep\n|turn|19\n|\n|t:|1699913731\n|move|p1a: Aegislash|King's Shield|p1a: Aegislash\n|-singleturn|p1a: Aegislash|Protect\n|move|p2a: very fast yes|Waterfall|p1a: Aegislash\n|-activate|p1a: Aegislash|move: Protect\n|-unboost|p2a: very fast yes|atk|1\n|\n|-heal|p1a: Aegislash|14\/100|[from] item: Leftovers\n|upkeep\n|turn|20\n|\n|t:|1699913740\n|-formechange|p1a: Aegislash|Aegislash-Blade||[from] ability: Stance Change\n|move|p1a: Aegislash|Shadow Sneak|p2a: very fast yes\n|-damage|p2a: very fast yes|34\/100\n|move|p2a: very fast yes|Waterfall|p1a: Aegislash\n|-damage|p1a: Aegislash|0 fnt\n|faint|p1a: Aegislash\n|\n|-end|p2a: very fast yes|Encore\n|upkeep\n|\n|t:|1699913748\n|switch|p1a: Mimikyu|Mimikyu, M, shiny|100\/100\n|turn|21\n|\n|t:|1699913754\n|move|p2a: very fast yes|Sucker Punch||[still]\n|-fail|p2a: very fast yes\n|move|p1a: Mimikyu|Swords Dance|p1a: Mimikyu\n|-boost|p1a: Mimikyu|atk|2\n|\n|upkeep\n|turn|22\n|\n|t:|1699913760\n|move|p1a: Mimikyu|Shadow Sneak|p2a: very fast yes\n|-damage|p2a: very fast yes|0 fnt\n|faint|p2a: very fast yes\n|\n|upkeep\n|\n|t:|1699913765\n|switch|p2a: dogwater|Boltund, F|100\/100\n|-damage|p2a: dogwater|88\/100|[from] Stealth Rock\n|turn|23\n|\n|t:|1699913772\n|move|p2a: dogwater|Thunder Fang|p1a: Mimikyu\n|-activate|p1a: Mimikyu|ability: Disguise\n|-damage|p1a: Mimikyu|100\/100\n|detailschange|p1a: Mimikyu|Mimikyu-Busted, M, shiny\n|-damage|p1a: Mimikyu|88\/100|[from] pokemon: Mimikyu-Busted\n|move|p1a: Mimikyu|Drain Punch|p2a: dogwater\n|-damage|p2a: dogwater|18\/100\n|-heal|p1a: Mimikyu|100\/100|[from] drain|[of] p2a: dogwater\n|\n|-heal|p2a: dogwater|25\/100|[from] item: Leftovers\n|upkeep\n|turn|24\n|\n|t:|1699913783\n|move|p1a: Mimikyu|Shadow Sneak|p2a: dogwater\n|-damage|p2a: dogwater|0 fnt\n|faint|p2a: dogwater\n|\n|upkeep\n|\n|t:|1699913786\n|switch|p2a: me clops|Dusclops, F|58\/100 brn\n|-damage|p2a: me clops|46\/100 brn|[from] Stealth Rock\n|-ability|p2a: me clops|Pressure\n|turn|25\n|\n|t:|1699913802\n|-terastallize|p2a: me clops|Fairy\n|-zpower|p1a: Mimikyu\n|move|p1a: Mimikyu|Let's Snuggle Forever|p2a: me clops|[zeffect]\n|-damage|p2a: me clops|0 fnt\n|faint|p2a: me clops\n|\n|upkeep\n|\n|t:|1699913810\n|switch|p2a: no bee|Ribombee, F|1\/100\n|-damage|p2a: no bee|0 fnt|[from] Stealth Rock\n|faint|p2a: no bee\n|\n|win|Yosekpo24\n|raw|Yosekpo24's rating: 1344 &rarr; <strong>1373<\/strong><br \/>(+29 for winning)\n|raw|imbleed's rating: 1522 &rarr; <strong>1493<\/strong><br \/>(-29 for losing)\n|l|\u2606Yosekpo24\n","uploadtime":1699913824,"views":5,"p1id":"yosekpo24","p2id":"imbleed","formatid":"gen9nationaldex","rating":1373,"private":0,"password":""}