{"id":"gen9nationaldex-1990644413","p1":"lxvliiz","p2":"FRIDGES_RUNNING","format":"[Gen 9] National Dex","log":"|j|\u2606lxvliiz\n|j|\u2606FRIDGES_RUNNING\n|t:|1699988270\n|gametype|singles\n|player|p1|lxvliiz|guitarist|1191\n|player|p2|FRIDGES_RUNNING|265|1107\n|teamsize|p1|6\n|teamsize|p2|6\n|gen|9\n|tier|[Gen 9] National Dex\n|rated|\n|rule|HP Percentage Mod: HP is shown in percentages\n|rule|Endless Battle Clause: Forcing endless battles is banned\n|rule|OHKO Clause: OHKO moves are banned\n|rule|Evasion Clause: Evasion abilities, items, and moves are banned\n|rule|Evasion Abilities Clause: Evasion abilities are banned\n|rule|Evasion Items Clause: Evasion items are banned\n|rule|Evasion Moves Clause: Evasion moves are banned\n|rule|Species Clause: Limit one of each Pok\u00e9mon\n|rule|Sleep Clause Mod: Limit one foe put to sleep\n|clearpoke\n|poke|p1|Charizard, M|\n|poke|p1|Azumarill, M|\n|poke|p1|Lilligant-Hisui, F|\n|poke|p1|Aegislash, M|\n|poke|p1|Nidoking, M|\n|poke|p1|Grafaiai, M|\n|poke|p2|Greninja-*, M|\n|poke|p2|Forretress, M|\n|poke|p2|Liepard, F|\n|poke|p2|Chimecho, M|\n|poke|p2|Rotom-Heat|\n|poke|p2|Gliscor, M|\n|teampreview\n|inactive|Battle timer is ON: inactive players will automatically lose when time's up. (requested by FRIDGES_RUNNING)\n|\n|t:|1699988272\n|start\n|switch|p1a: monkey|Grafaiai, M|100\/100\n|switch|p2a: Gliscor|Gliscor, M, shiny|100\/100\n|turn|1\n|\n|t:|1699988281\n|move|p1a: monkey|Swagger|p2a: Gliscor|[miss]\n|-miss|p1a: monkey|p2a: Gliscor\n|move|p2a: Gliscor|Substitute|p2a: Gliscor\n|-start|p2a: Gliscor|Substitute\n|-damage|p2a: Gliscor|76\/100\n|\n|-status|p2a: Gliscor|tox|[from] item: Toxic Orb\n|upkeep\n|turn|2\n|\n|t:|1699988294\n|move|p1a: monkey|Knock Off|p2a: Gliscor\n|-activate|p2a: Gliscor|move: Substitute|[damage]\n|move|p2a: Gliscor|Earthquake|p1a: monkey\n|-supereffective|p1a: monkey\n|-damage|p1a: monkey|0 fnt\n|faint|p1a: monkey\n|\n|-heal|p2a: Gliscor|88\/100 tox|[from] ability: Poison Heal\n|upkeep\n|\n|t:|1699988304\n|switch|p1a: yes|Azumarill, M|100\/100\n|turn|3\n|\n|t:|1699988306\n|move|p2a: Gliscor|Toxic|p1a: yes\n|-status|p1a: yes|tox\n|move|p1a: yes|Belly Drum|p1a: yes\n|-damage|p1a: yes|50\/100 tox\n|-setboost|p1a: yes|atk|6|[from] move: Belly Drum\n|-enditem|p1a: yes|Sitrus Berry|[eat]\n|-heal|p1a: yes|75\/100 tox|[from] item: Sitrus Berry\n|\n|-heal|p2a: Gliscor|100\/100 tox|[from] ability: Poison Heal\n|-damage|p1a: yes|69\/100 tox|[from] psn\n|upkeep\n|turn|4\n|\n|t:|1699988312\n|move|p1a: yes|Aqua Jet|p2a: Gliscor\n|-supereffective|p2a: Gliscor\n|-end|p2a: Gliscor|Substitute\n|move|p2a: Gliscor|Earthquake|p1a: yes\n|-damage|p1a: yes|37\/100 tox\n|\n|-damage|p1a: yes|24\/100 tox|[from] psn\n|upkeep\n|turn|5\n|\n|t:|1699988317\n|move|p2a: Gliscor|Protect|p2a: Gliscor\n|-singleturn|p2a: Gliscor|Protect\n|move|p1a: yes|Aqua Jet|p2a: Gliscor\n|-activate|p2a: Gliscor|move: Protect\n|\n|-damage|p1a: yes|6\/100 tox|[from] psn\n|upkeep\n|turn|6\n|\n|t:|1699988323\n|switch|p2a: Greninja|Greninja, M, shiny|100\/100\n|move|p1a: yes|Aqua Jet|p2a: Greninja\n|-resisted|p2a: Greninja\n|-damage|p2a: Greninja|24\/100\n|\n|-damage|p1a: yes|0 fnt|[from] psn\n|faint|p1a: yes\n|upkeep\n|\n|t:|1699988329\n|switch|p1a: big bat thing|Charizard, M|100\/100\n|turn|7\n|\n|t:|1699988335\n|detailschange|p1a: big bat thing|Charizard-Mega-Y, M\n|-mega|p1a: big bat thing|Charizard|Charizardite Y\n|-weather|SunnyDay|[from] ability: Drought|[of] p1a: big bat thing\n|move|p2a: Greninja|Scald|p1a: big bat thing\n|-start|p2a: Greninja|typechange|Water|[from] ability: Protean\n|-supereffective|p1a: big bat thing\n|-damage|p1a: big bat thing|65\/100\n|move|p1a: big bat thing|Solar Beam||[still]\n|-prepare|p1a: big bat thing|Solar Beam\n|-anim|p1a: big bat thing|Solar Beam|p2a: Greninja\n|-supereffective|p2a: Greninja\n|-damage|p2a: Greninja|0 fnt\n|faint|p2a: Greninja\n|\n|-weather|SunnyDay|[upkeep]\n|upkeep\n|\n|t:|1699988352\n|switch|p2a: Gliscor|Gliscor, M, shiny|100\/100 tox\n|turn|8\n|\n|t:|1699988356\n|move|p1a: big bat thing|Weather Ball|p2a: Gliscor\n|-damage|p2a: Gliscor|15\/100 tox\n|move|p2a: Gliscor|Substitute|p2a: Gliscor\n|-fail|p2a: Gliscor|move: Substitute|[weak]\n|\n|-weather|SunnyDay|[upkeep]\n|-heal|p2a: Gliscor|27\/100 tox|[from] ability: Poison Heal\n|upkeep\n|turn|9\n|\n|t:|1699988361\n|move|p2a: Gliscor|Protect|p2a: Gliscor\n|-singleturn|p2a: Gliscor|Protect\n|move|p1a: big bat thing|Weather Ball|p2a: Gliscor\n|-activate|p2a: Gliscor|move: Protect\n|\n|-weather|SunnyDay|[upkeep]\n|-heal|p2a: Gliscor|40\/100 tox|[from] ability: Poison Heal\n|upkeep\n|turn|10\n|\n|t:|1699988367\n|switch|p2a: Rotom|Rotom-Heat, shiny|100\/100\n|move|p1a: big bat thing|Weather Ball|p2a: Rotom\n|-resisted|p2a: Rotom\n|-damage|p2a: Rotom|54\/100\n|\n|-weather|SunnyDay|[upkeep]\n|-heal|p2a: Rotom|60\/100|[from] item: Leftovers\n|upkeep\n|turn|11\n|\n|t:|1699988372\n|move|p1a: big bat thing|Weather Ball|p2a: Rotom\n|-resisted|p2a: Rotom\n|-damage|p2a: Rotom|11\/100\n|move|p2a: Rotom|Thunderbolt|p1a: big bat thing\n|-supereffective|p1a: big bat thing\n|-damage|p1a: big bat thing|0 fnt\n|faint|p1a: big bat thing\n|\n|-weather|none\n|-heal|p2a: Rotom|17\/100|[from] item: Leftovers\n|upkeep\n|\n|t:|1699988379\n|switch|p1a: purple thing|Nidoking, M|100\/100\n|turn|12\n|\n|t:|1699988383\n|move|p1a: purple thing|Sludge Wave|p2a: Rotom\n|-damage|p2a: Rotom|0 fnt\n|faint|p2a: Rotom\n|\n|upkeep\n|\n|t:|1699988386\n|switch|p2a: Gliscor|Gliscor, M, shiny|40\/100 tox\n|turn|13\n|\n|t:|1699988408\n|move|p2a: Gliscor|Protect|p2a: Gliscor\n|-singleturn|p2a: Gliscor|Protect\n|move|p1a: purple thing|Ice Beam|p2a: Gliscor\n|-activate|p2a: Gliscor|move: Protect\n|\n|-heal|p2a: Gliscor|52\/100 tox|[from] ability: Poison Heal\n|upkeep\n|turn|14\n|\n|t:|1699988416\n|switch|p2a: Forretress|Forretress, M, shiny|100\/100\n|move|p1a: purple thing|Flamethrower|p2a: Forretress\n|-supereffective|p2a: Forretress\n|-ability|p2a: Forretress|Sturdy\n|-damage|p2a: Forretress|1\/100\n|\n|-heal|p2a: Forretress|7\/100|[from] item: Leftovers\n|upkeep\n|turn|15\n|\n|t:|1699988427\n|move|p1a: purple thing|Ice Beam|p2a: Forretress\n|-resisted|p2a: Forretress\n|-damage|p2a: Forretress|0 fnt\n|faint|p2a: Forretress\n|\n|upkeep\n|\n|t:|1699988432\n|switch|p2a: Chimecho|Chimecho, M, shiny|100\/100\n|turn|16\n|\n|t:|1699988440\n|move|p1a: purple thing|Ice Beam|p2a: Chimecho\n|-damage|p2a: Chimecho|59\/100\n|move|p2a: Chimecho|Psychic|p1a: purple thing\n|-supereffective|p1a: purple thing\n|-damage|p1a: purple thing|7\/100\n|\n|-heal|p2a: Chimecho|65\/100|[from] item: Leftovers\n|upkeep\n|turn|17\n|\n|t:|1699988454\n|move|p1a: purple thing|Ice Beam|p2a: Chimecho\n|-damage|p2a: Chimecho|23\/100\n|move|p2a: Chimecho|Psychic|p1a: purple thing\n|-supereffective|p1a: purple thing\n|-damage|p1a: purple thing|0 fnt\n|faint|p1a: purple thing\n|\n|-heal|p2a: Chimecho|29\/100|[from] item: Leftovers\n|upkeep\n|\n|t:|1699988456\n|switch|p1a: gen 8|Aegislash, M|100\/100\n|turn|18\n|\n|t:|1699988463\n|move|p2a: Chimecho|Wish|p2a: Chimecho\n|-formechange|p1a: gen 8|Aegislash-Blade||[from] ability: Stance Change\n|move|p1a: gen 8|Shadow Ball|p2a: Chimecho\n|-supereffective|p2a: Chimecho\n|-damage|p2a: Chimecho|0 fnt\n|faint|p2a: Chimecho\n|\n|upkeep\n|\n|t:|1699988467\n|switch|p2a: Liepard|Liepard, F, shiny|100\/100\n|turn|19\n|\n|t:|1699988471\n|-formechange|p1a: gen 8|Aegislash||[from] ability: Stance Change\n|move|p1a: gen 8|King's Shield|p1a: gen 8\n|-singleturn|p1a: gen 8|Protect\n|move|p2a: Liepard|Taunt|p1a: gen 8\n|-start|p1a: gen 8|move: Taunt\n|\n|upkeep\n|turn|20\n|\n|t:|1699988477\n|move|p2a: Liepard|Encore|p1a: gen 8\n|-start|p1a: gen 8|Encore\n|cant|p1a: gen 8|move: Taunt|King's Shield\n|\n|upkeep\n|turn|21\n|\n|t:|1699988482\n|move|p2a: Liepard|Yawn|p1a: gen 8\n|-start|p1a: gen 8|move: Yawn|[of] p2a: Liepard\n|-activate|p1a: gen 8|move: Struggle\n|-formechange|p1a: gen 8|Aegislash-Blade||[from] ability: Stance Change\n|move|p1a: gen 8|Struggle|p2a: Liepard\n|-damage|p2a: Liepard|83\/100\n|-damage|p1a: gen 8|75\/100|[from] recoil\n|\n|upkeep\n|turn|22\n|\n|t:|1699988485\n|move|p2a: Liepard|Knock Off|p1a: gen 8\n|-supereffective|p1a: gen 8\n|-damage|p1a: gen 8|0 fnt\n|-enditem|p1a: gen 8|Iron Ball|[from] move: Knock Off|[of] p2a: Liepard\n|faint|p1a: gen 8\n|\n|upkeep\n|\n|t:|1699988487\n|switch|p1a: sun|Lilligant-Hisui, F|100\/100\n|turn|23\n|\n|t:|1699988492\n|move|p2a: Liepard|Taunt|p1a: sun\n|-start|p1a: sun|move: Taunt\n|move|p1a: sun|Close Combat|p2a: Liepard\n|-supereffective|p2a: Liepard\n|-damage|p2a: Liepard|0 fnt\n|-unboost|p1a: sun|def|1\n|-unboost|p1a: sun|spd|1\n|faint|p2a: Liepard\n|\n|upkeep\n|\n|t:|1699988494\n|switch|p2a: Gliscor|Gliscor, M, shiny|52\/100 tox\n|turn|24\n|\n|t:|1699988502\n|-terastallize|p1a: sun|Grass\n|move|p2a: Gliscor|Protect|p2a: Gliscor\n|-singleturn|p2a: Gliscor|Protect\n|move|p1a: sun|Leaf Blade|p2a: Gliscor\n|-activate|p2a: Gliscor|move: Protect\n|\n|-heal|p2a: Gliscor|65\/100 tox|[from] ability: Poison Heal\n|upkeep\n|turn|25\n|\n|t:|1699988512\n|move|p1a: sun|Leaf Blade|p2a: Gliscor\n|-damage|p2a: Gliscor|14\/100 tox\n|move|p2a: Gliscor|Toxic|p1a: sun\n|-status|p1a: sun|tox\n|\n|-damage|p1a: sun|94\/100 tox|[from] psn\n|-heal|p2a: Gliscor|27\/100 tox|[from] ability: Poison Heal\n|-end|p1a: sun|move: Taunt\n|upkeep\n|turn|26\n|\n|t:|1699988517\n|move|p2a: Gliscor|Protect|p2a: Gliscor\n|-singleturn|p2a: Gliscor|Protect\n|move|p1a: sun|Leaf Blade|p2a: Gliscor\n|-activate|p2a: Gliscor|move: Protect\n|\n|-damage|p1a: sun|82\/100 tox|[from] psn\n|-heal|p2a: Gliscor|39\/100 tox|[from] ability: Poison Heal\n|upkeep\n|turn|27\n|\n|t:|1699988524\n|move|p1a: sun|Leaf Blade|p2a: Gliscor\n|-damage|p2a: Gliscor|0 fnt\n|faint|p2a: Gliscor\n|\n|win|lxvliiz\n|raw|lxvliiz's rating: 1191 &rarr; <strong>1210<\/strong><br \/>(+19 for winning)\n|raw|FRIDGES_RUNNING's rating: 1107 &rarr; <strong>1088<\/strong><br \/>(-19 for losing)\n|l|\u2606FRIDGES_RUNNING\n|c|\u2606lxvliiz|lmao\n","uploadtime":1699988530,"views":4,"p1id":"lxvliiz","p2id":"fridgesrunning","formatid":"gen9nationaldex","rating":1088,"private":0,"password":""}