{"id":"gen9nationaldex-1993830248","p1":"soriano2003","p2":"vnappy","format":"[Gen 9] National Dex","log":"|j|\u2606soriano2003\n|j|\u2606vnappy\n|t:|1700362554\n|gametype|singles\n|player|p1|soriano2003|policeman-gen4|1074\n|player|p2|vnappy|acetrainer-gen4dp|1039\n|teamsize|p1|6\n|teamsize|p2|6\n|gen|9\n|tier|[Gen 9] National Dex\n|rated|\n|rule|HP Percentage Mod: HP is shown in percentages\n|rule|Endless Battle Clause: Forcing endless battles is banned\n|rule|OHKO Clause: OHKO moves are banned\n|rule|Evasion Clause: Evasion abilities, items, and moves are banned\n|rule|Evasion Abilities Clause: Evasion abilities are banned\n|rule|Evasion Items Clause: Evasion items are banned\n|rule|Evasion Moves Clause: Evasion moves are banned\n|rule|Species Clause: Limit one of each Pok\u00e9mon\n|rule|Sleep Clause Mod: Limit one foe put to sleep\n|clearpoke\n|poke|p1|Hatterene, F|\n|poke|p1|Gallade, M|\n|poke|p1|Jirachi|\n|poke|p1|Farigiraf, F|\n|poke|p1|Wobbuffet, F|\n|poke|p1|Braviary-Hisui, M|\n|poke|p2|Aggron, M|\n|poke|p2|Crawdaunt, M|\n|poke|p2|Blaziken, M|\n|poke|p2|Milotic, F|\n|poke|p2|Seviper, M|\n|poke|p2|Mightyena, F|\n|teampreview\n|inactive|Battle timer is ON: inactive players will automatically lose when time's up. (requested by vnappy)\n|\n|t:|1700362561\n|start\n|switch|p1a: Hatterene|Hatterene, F, shiny|100\/100\n|switch|p2a: Crawdaunt|Crawdaunt, M|100\/100\n|turn|1\n|\n|t:|1700362569\n|move|p2a: Crawdaunt|Knock Off|p1a: Hatterene\n|-damage|p1a: Hatterene|59\/100\n|-enditem|p1a: Hatterene|Leftovers|[from] move: Knock Off|[of] p2a: Crawdaunt\n|move|p1a: Hatterene|Calm Mind|p1a: Hatterene\n|-boost|p1a: Hatterene|spa|1\n|-boost|p1a: Hatterene|spd|1\n|\n|upkeep\n|turn|2\n|\n|t:|1700362576\n|move|p2a: Crawdaunt|Crabhammer|p1a: Hatterene|[miss]\n|-miss|p2a: Crawdaunt|p1a: Hatterene\n|move|p1a: Hatterene|Draining Kiss|p2a: Crawdaunt\n|-supereffective|p2a: Crawdaunt\n|-damage|p2a: Crawdaunt|30\/100\n|-heal|p1a: Hatterene|100\/100|[from] drain|[of] p2a: Crawdaunt\n|\n|upkeep\n|turn|3\n|\n|t:|1700362584\n|move|p2a: Crawdaunt|Crabhammer|p1a: Hatterene\n|-crit|p1a: Hatterene\n|-damage|p1a: Hatterene|30\/100\n|move|p1a: Hatterene|Draining Kiss|p2a: Crawdaunt\n|-supereffective|p2a: Crawdaunt\n|-damage|p2a: Crawdaunt|0 fnt\n|-heal|p1a: Hatterene|49\/100|[from] drain|[of] p2a: Crawdaunt\n|faint|p2a: Crawdaunt\n|\n|upkeep\n|\n|t:|1700362592\n|switch|p2a: Seviper|Seviper, M|100\/100\n|turn|4\n|\n|t:|1700362595\n|move|p2a: Seviper|Sludge Wave|p1a: Hatterene\n|-supereffective|p1a: Hatterene\n|-crit|p1a: Hatterene\n|-damage|p1a: Hatterene|0 fnt\n|faint|p1a: Hatterene\n|\n|upkeep\n|\n|t:|1700362603\n|switch|p1a: Braviary|Braviary-Hisui, M|100\/100\n|turn|5\n|\n|t:|1700362608\n|-terastallize|p2a: Seviper|Dark\n|move|p1a: Braviary|Agility|p1a: Braviary\n|-boost|p1a: Braviary|spe|2\n|move|p2a: Seviper|Dark Pulse|p1a: Braviary\n|-supereffective|p1a: Braviary\n|-damage|p1a: Braviary|20\/100\n|\n|upkeep\n|turn|6\n|\n|t:|1700362620\n|move|p1a: Braviary|Hurricane|p2a: Seviper\n|-crit|p2a: Seviper\n|-damage|p2a: Seviper|0 fnt\n|faint|p2a: Seviper\n|\n|upkeep\n|\n|t:|1700362625\n|switch|p2a: Blaziken|Blaziken, M|100\/100\n|turn|7\n|\n|t:|1700362631\n|move|p2a: Blaziken|Protect|p2a: Blaziken\n|-singleturn|p2a: Blaziken|Protect\n|move|p1a: Braviary|Psychic|p2a: Blaziken\n|-activate|p2a: Blaziken|move: Protect\n|\n|-ability|p2a: Blaziken|Speed Boost|boost\n|-boost|p2a: Blaziken|spe|1\n|upkeep\n|turn|8\n|\n|t:|1700362639\n|move|p1a: Braviary|Psychic|p2a: Blaziken\n|-supereffective|p2a: Blaziken\n|-damage|p2a: Blaziken|0 fnt\n|faint|p2a: Blaziken\n|\n|upkeep\n|\n|t:|1700362641\n|switch|p2a: Mightyena|Mightyena, F|100\/100\n|turn|9\n|\n|t:|1700362647\n|move|p1a: Braviary|Hurricane|p2a: Mightyena\n|-damage|p2a: Mightyena|0 fnt\n|faint|p2a: Mightyena\n|\n|upkeep\n|\n|t:|1700362650\n|switch|p2a: Aggron|Aggron, M|100\/100\n|turn|10\n|\n|t:|1700362655\n|move|p1a: Braviary|Heat Wave|p2a: Aggron\n|-damage|p2a: Aggron|43\/100\n|move|p2a: Aggron|Iron Head|p1a: Braviary\n|-damage|p1a: Braviary|0 fnt\n|faint|p1a: Braviary\n|\n|upkeep\n|\n|t:|1700362669\n|switch|p1a: Gallade|Gallade, M, shiny|100\/100\n|turn|11\n|\n|t:|1700362675\n|detailschange|p1a: Gallade|Gallade-Mega, M, shiny\n|-mega|p1a: Gallade|Gallade|Galladite\n|move|p1a: Gallade|Swords Dance|p1a: Gallade\n|-boost|p1a: Gallade|atk|2\n|move|p2a: Aggron|Iron Defense|p2a: Aggron\n|-boost|p2a: Aggron|def|2\n|\n|upkeep\n|turn|12\n|\n|t:|1700362683\n|move|p1a: Gallade|Drain Punch|p2a: Aggron\n|-supereffective|p2a: Aggron\n|-damage|p2a: Aggron|0 fnt\n|-damage|p1a: Gallade|84\/100|[from] item: Rocky Helmet|[of] p2a: Aggron\n|faint|p2a: Aggron\n|\n|upkeep\n|\n|t:|1700362688\n|switch|p2a: Milotic|Milotic, F|100\/100\n|turn|13\n|c|\u2606vnappy|gg\n|\n|t:|1700362692\n|move|p1a: Gallade|Knock Off|p2a: Milotic\n|-damage|p2a: Milotic|23\/100\n|-enditem|p2a: Milotic|Flame Orb|[from] move: Knock Off|[of] p1a: Gallade\n|move|p2a: Milotic|Haze|p2a: Milotic\n|-clearallboost\n|\n|upkeep\n|turn|14\n|\n|t:|1700362700\n|move|p1a: Gallade|Drain Punch|p2a: Milotic\n|-damage|p2a: Milotic|0 fnt\n|-heal|p1a: Gallade|97\/100|[from] drain|[of] p2a: Milotic\n|faint|p2a: Milotic\n|\n|win|soriano2003\n|raw|soriano2003's rating: 1048 &rarr; <strong>1080<\/strong><br \/>(+32 for winning)\n|raw|vnappy's rating: 1039 &rarr; <strong>1024<\/strong><br \/>(-15 for losing)\n|l|\u2606vnappy\n","uploadtime":1700362710,"views":8,"p1id":"soriano2003","p2id":"vnappy","formatid":"gen9nationaldex","rating":1024,"private":0,"password":""}