{"id":"gen9nationaldex-1993048684","p1":"Sletton","p2":"HighSchoolHeroine","format":"[Gen 9] National Dex","log":"|j|\u2606Sletton\n|j|\u2606HighSchoolHeroine\n|t:|1700259080\n|gametype|singles\n|player|p1|Sletton|supernerd|1172\n|player|p2|HighSchoolHeroine|caitlin|1147\n|teamsize|p1|6\n|teamsize|p2|6\n|gen|9\n|tier|[Gen 9] National Dex\n|rated|\n|rule|HP Percentage Mod: HP is shown in percentages\n|rule|Endless Battle Clause: Forcing endless battles is banned\n|rule|OHKO Clause: OHKO moves are banned\n|rule|Evasion Clause: Evasion abilities, items, and moves are banned\n|rule|Evasion Abilities Clause: Evasion abilities are banned\n|rule|Evasion Items Clause: Evasion items are banned\n|rule|Evasion Moves Clause: Evasion moves are banned\n|rule|Species Clause: Limit one of each Pok\u00e9mon\n|rule|Sleep Clause Mod: Limit one foe put to sleep\n|clearpoke\n|poke|p1|Ninetales-Alola, M|\n|poke|p1|Braviary-Hisui, M|\n|poke|p1|Serperior, F|\n|poke|p1|Vaporeon, F|\n|poke|p1|Sandaconda, F|\n|poke|p1|Cyclizar, F|\n|poke|p2|Blacephalon|\n|poke|p2|Tapu Lele|\n|poke|p2|Ribombee, F|\n|poke|p2|Great Tusk|\n|poke|p2|Beedrill, F|\n|poke|p2|Porygon-Z|\n|teampreview\n|\n|t:|1700259085\n|start\n|switch|p1a: Ninetales|Ninetales-Alola, M|100\/100\n|switch|p2a: i love ribee!!!|Ribombee, F, shiny|100\/100\n|-weather|Snow|[from] ability: Snow Warning|[of] p1a: Ninetales\n|turn|1\n|\n|t:|1700259100\n|move|p2a: i love ribee!!!|Sticky Web|p1a: Ninetales\n|-sidestart|p1: Sletton|move: Sticky Web\n|move|p1a: Ninetales|Aurora Veil|p1a: Ninetales\n|-sidestart|p1: Sletton|move: Aurora Veil\n|\n|-weather|Snow|[upkeep]\n|upkeep\n|turn|2\n|\n|t:|1700259115\n|switch|p2a: bozo|Blacephalon, shiny|100\/100\n|move|p1a: Ninetales|Encore||[still]\n|-fail|p1a: Ninetales\n|\n|-weather|Snow|[upkeep]\n|upkeep\n|turn|3\n|\n|t:|1700259125\n|switch|p1a: Vaporeon|Vaporeon, F|100\/100\n|-activate|p1a: Vaporeon|move: Sticky Web\n|-unboost|p1a: Vaporeon|spe|1\n|move|p2a: bozo|Flamethrower|p1a: Vaporeon\n|-resisted|p1a: Vaporeon\n|-damage|p1a: Vaporeon|91\/100\n|\n|-weather|Snow|[upkeep]\n|upkeep\n|turn|4\n|\n|t:|1700259134\n|switch|p2a: i love ribee!!!|Ribombee, F, shiny|100\/100\n|move|p1a: Vaporeon|Yawn|p2a: i love ribee!!!\n|-block|p2a: i love ribee!!!|ability: Sweet Veil|[of] p2a: i love ribee!!!\n|\n|-weather|Snow|[upkeep]\n|upkeep\n|turn|5\n|\n|t:|1700259143\n|switch|p1a: Cyclizar|Cyclizar, F, shiny|100\/100\n|-activate|p1a: Cyclizar|move: Sticky Web\n|-unboost|p1a: Cyclizar|spe|1\n|move|p2a: i love ribee!!!|Moonblast|p1a: Cyclizar\n|-supereffective|p1a: Cyclizar\n|-damage|p1a: Cyclizar|58\/100\n|-unboost|p1a: Cyclizar|spa|1\n|\n|-weather|none\n|upkeep\n|turn|6\n|\n|t:|1700259153\n|move|p2a: i love ribee!!!|Moonblast|p1a: Cyclizar\n|-supereffective|p1a: Cyclizar\n|-damage|p1a: Cyclizar|10\/100\n|move|p1a: Cyclizar|Rapid Spin|p2a: i love ribee!!!\n|-damage|p2a: i love ribee!!!|61\/100\n|-boost|p1a: Cyclizar|spe|1\n|-sideend|p1: Sletton|Sticky Web|[from] move: Rapid Spin|[of] p1a: Cyclizar\n|\n|upkeep\n|turn|7\n|\n|t:|1700259161\n|move|p2a: i love ribee!!!|Moonblast|p1a: Cyclizar\n|-supereffective|p1a: Cyclizar\n|-damage|p1a: Cyclizar|0 fnt\n|faint|p1a: Cyclizar\n|\n|upkeep\n|\n|t:|1700259167\n|switch|p1a: Serperior|Serperior, F|100\/100\n|turn|8\n|\n|t:|1700259175\n|move|p2a: i love ribee!!!|Pollen Puff|p1a: Serperior\n|-supereffective|p1a: Serperior\n|-damage|p1a: Serperior|64\/100\n|move|p1a: Serperior|Glare|p2a: i love ribee!!!\n|-status|p2a: i love ribee!!!|par\n|\n|-heal|p1a: Serperior|70\/100|[from] item: Leftovers\n|-sideend|p1: Sletton|move: Aurora Veil\n|upkeep\n|turn|9\n|\n|t:|1700259185\n|move|p1a: Serperior|Substitute|p1a: Serperior\n|-start|p1a: Serperior|Substitute\n|-damage|p1a: Serperior|45\/100\n|cant|p2a: i love ribee!!!|par\n|\n|-heal|p1a: Serperior|51\/100|[from] item: Leftovers\n|upkeep\n|turn|10\n|\n|t:|1700259192\n|move|p1a: Serperior|Leaf Storm|p2a: i love ribee!!!\n|-resisted|p2a: i love ribee!!!\n|-damage|p2a: i love ribee!!!|29\/100 par\n|-boost|p1a: Serperior|spa|2\n|move|p2a: i love ribee!!!|Sticky Web|p1a: Serperior\n|-sidestart|p1: Sletton|move: Sticky Web\n|\n|-heal|p1a: Serperior|58\/100|[from] item: Leftovers\n|upkeep\n|turn|11\n|\n|t:|1700259200\n|-terastallize|p1a: Serperior|Grass\n|move|p1a: Serperior|Leaf Storm|p2a: i love ribee!!!\n|-resisted|p2a: i love ribee!!!\n|-damage|p2a: i love ribee!!!|0 fnt\n|-boost|p1a: Serperior|spa|2\n|faint|p2a: i love ribee!!!\n|\n|-heal|p1a: Serperior|64\/100|[from] item: Leftovers\n|upkeep\n|\n|t:|1700259214\n|switch|p2a: everybody know-|Beedrill, F|100\/100\n|turn|12\n|\n|t:|1700259219\n|detailschange|p2a: everybody know-|Beedrill-Mega, F\n|-mega|p2a: everybody know-|Beedrill|Beedrillite\n|move|p2a: everybody know-|U-turn|p1a: Serperior\n|-supereffective|p1a: Serperior\n|-end|p1a: Serperior|Substitute\n|\n|t:|1700259222\n|switch|p2a: bozo|Blacephalon, shiny|100\/100|[from] U-turn\n|move|p1a: Serperior|Glare|p2a: bozo\n|-status|p2a: bozo|par\n|\n|-heal|p1a: Serperior|70\/100|[from] item: Leftovers\n|upkeep\n|turn|13\n|\n|t:|1700259229\n|move|p1a: Serperior|Substitute|p1a: Serperior\n|-start|p1a: Serperior|Substitute\n|-damage|p1a: Serperior|45\/100\n|move|p2a: bozo|Flamethrower|p1a: Serperior\n|-supereffective|p1a: Serperior\n|-end|p1a: Serperior|Substitute\n|\n|-heal|p1a: Serperior|51\/100|[from] item: Leftovers\n|upkeep\n|turn|14\n|\n|t:|1700259237\n|move|p1a: Serperior|Substitute|p1a: Serperior\n|-start|p1a: Serperior|Substitute\n|-damage|p1a: Serperior|26\/100\n|cant|p2a: bozo|par\n|\n|-heal|p1a: Serperior|33\/100|[from] item: Leftovers\n|upkeep\n|turn|15\n|\n|t:|1700259243\n|move|p1a: Serperior|Synthesis|p1a: Serperior\n|-heal|p1a: Serperior|83\/100\n|move|p2a: bozo|Flamethrower|p1a: Serperior\n|-supereffective|p1a: Serperior\n|-end|p1a: Serperior|Substitute\n|\n|-heal|p1a: Serperior|89\/100|[from] item: Leftovers\n|upkeep\n|turn|16\n|\n|t:|1700259251\n|move|p1a: Serperior|Substitute|p1a: Serperior\n|-start|p1a: Serperior|Substitute\n|-damage|p1a: Serperior|64\/100\n|cant|p2a: bozo|par\n|\n|-heal|p1a: Serperior|70\/100|[from] item: Leftovers\n|upkeep\n|turn|17\n|\n|t:|1700259258\n|move|p1a: Serperior|Leaf Storm|p2a: bozo\n|-resisted|p2a: bozo\n|-damage|p2a: bozo|0 fnt\n|-boost|p1a: Serperior|spa|2\n|faint|p2a: bozo\n|\n|-heal|p1a: Serperior|76\/100|[from] item: Leftovers\n|upkeep\n|\n|t:|1700259261\n|switch|p2a: everybody know-|Beedrill-Mega, F|100\/100\n|turn|18\n|\n|t:|1700259267\n|move|p2a: everybody know-|U-turn|p1a: Serperior\n|-supereffective|p1a: Serperior\n|-end|p1a: Serperior|Substitute\n|\n|t:|1700259275\n|switch|p2a: big man|Great Tusk|100\/100|[from] U-turn\n|move|p1a: Serperior|Glare|p2a: big man\n|-status|p2a: big man|par\n|\n|-heal|p1a: Serperior|83\/100|[from] item: Leftovers\n|upkeep\n|turn|19\n|\n|t:|1700259282\n|move|p1a: Serperior|Substitute|p1a: Serperior\n|-start|p1a: Serperior|Substitute\n|-damage|p1a: Serperior|58\/100\n|move|p2a: big man|Ice Spinner|p1a: Serperior\n|-supereffective|p1a: Serperior\n|-end|p1a: Serperior|Substitute\n|\n|-heal|p1a: Serperior|64\/100|[from] item: Leftovers\n|upkeep\n|turn|20\n|\n|t:|1700259290\n|move|p1a: Serperior|Substitute|p1a: Serperior\n|-start|p1a: Serperior|Substitute\n|-damage|p1a: Serperior|39\/100\n|cant|p2a: big man|par\n|\n|-heal|p1a: Serperior|45\/100|[from] item: Leftovers\n|upkeep\n|turn|21\n|\n|t:|1700259296\n|move|p1a: Serperior|Leaf Storm|p2a: big man\n|-supereffective|p2a: big man\n|-damage|p2a: big man|0 fnt\n|faint|p2a: big man\n|-end|p2a: big man|Protosynthesis|[silent]\n|\n|-heal|p1a: Serperior|52\/100|[from] item: Leftovers\n|upkeep\n|\n|t:|1700259305\n|switch|p2a: fuck it we ball|Tapu Lele, shiny|100\/100\n|-fieldstart|move: Psychic Terrain|[from] ability: Psychic Surge|[of] p2a: fuck it we ball\n|turn|22\n|\n|t:|1700259309\n|-terastallize|p2a: fuck it we ball|Psychic\n|move|p1a: Serperior|Leaf Storm|p2a: fuck it we ball\n|-damage|p2a: fuck it we ball|0 fnt\n|faint|p2a: fuck it we ball\n|\n|-heal|p1a: Serperior|58\/100|[from] item: Leftovers\n|upkeep\n|\n|t:|1700259313\n|switch|p2a: everybody know-|Beedrill-Mega, F|100\/100\n|turn|23\n|\n|t:|1700259318\n|move|p2a: everybody know-|U-turn|p1a: Serperior\n|-supereffective|p1a: Serperior\n|-end|p1a: Serperior|Substitute\n|\n|t:|1700259320\n|switch|p2a: conversion therapy|Porygon-Z|100\/100|[from] U-turn\n|move|p1a: Serperior|Glare|p2a: conversion therapy\n|-status|p2a: conversion therapy|par\n|\n|-heal|p1a: Serperior|64\/100|[from] item: Leftovers\n|upkeep\n|turn|24\n|\n|t:|1700259328\n|move|p1a: Serperior|Substitute|p1a: Serperior\n|-start|p1a: Serperior|Substitute\n|-damage|p1a: Serperior|39\/100\n|move|p2a: conversion therapy|Ice Beam|p1a: Serperior\n|-supereffective|p1a: Serperior\n|-end|p1a: Serperior|Substitute\n|\n|-heal|p1a: Serperior|45\/100|[from] item: Leftovers\n|upkeep\n|turn|25\n|\n|t:|1700259336\n|move|p1a: Serperior|Substitute|p1a: Serperior\n|-start|p1a: Serperior|Substitute\n|-damage|p1a: Serperior|21\/100\n|move|p2a: conversion therapy|Ice Beam|p1a: Serperior\n|-supereffective|p1a: Serperior\n|-end|p1a: Serperior|Substitute\n|\n|-heal|p1a: Serperior|27\/100|[from] item: Leftovers\n|upkeep\n|turn|26\n|\n|t:|1700259344\n|move|p1a: Serperior|Substitute|p1a: Serperior\n|-start|p1a: Serperior|Substitute\n|-damage|p1a: Serperior|2\/100\n|move|p2a: conversion therapy|Ice Beam|p1a: Serperior\n|-supereffective|p1a: Serperior\n|-end|p1a: Serperior|Substitute\n|\n|-heal|p1a: Serperior|8\/100|[from] item: Leftovers\n|-fieldend|move: Psychic Terrain\n|upkeep\n|turn|27\n|\n|t:|1700259352\n|move|p1a: Serperior|Synthesis|p1a: Serperior\n|-heal|p1a: Serperior|58\/100\n|move|p2a: conversion therapy|Ice Beam|p1a: Serperior\n|-supereffective|p1a: Serperior\n|-damage|p1a: Serperior|0 fnt\n|faint|p1a: Serperior\n|\n|upkeep\n|\n|t:|1700259361\n|switch|p1a: Ninetales|Ninetales-Alola, M|100\/100\n|-activate|p1a: Ninetales|move: Sticky Web\n|-unboost|p1a: Ninetales|spe|1\n|-weather|Snow|[from] ability: Snow Warning|[of] p1a: Ninetales\n|turn|28\n|\n|t:|1700259367\n|move|p1a: Ninetales|Aurora Veil|p1a: Ninetales\n|-sidestart|p1: Sletton|move: Aurora Veil\n|cant|p2a: conversion therapy|par\n|\n|-weather|Snow|[upkeep]\n|upkeep\n|turn|29\n|\n|t:|1700259372\n|switch|p1a: Sandaconda|Sandaconda, F, shiny|100\/100\n|-activate|p1a: Sandaconda|move: Sticky Web\n|-unboost|p1a: Sandaconda|spe|1\n|-zpower|p2a: conversion therapy\n|move|p2a: conversion therapy|Z-Conversion|p2a: conversion therapy|[anim]Conversion\n|-boost|p2a: conversion therapy|atk|1|[zeffect]\n|-boost|p2a: conversion therapy|def|1|[zeffect]\n|-boost|p2a: conversion therapy|spa|1|[zeffect]\n|-boost|p2a: conversion therapy|spd|1|[zeffect]\n|-boost|p2a: conversion therapy|spe|1|[zeffect]\n|-start|p2a: conversion therapy|typechange|Electric\n|\n|-weather|Snow|[upkeep]\n|upkeep\n|turn|30\n|\n|t:|1700259384\n|move|p2a: conversion therapy|Ice Beam|p1a: Sandaconda\n|-supereffective|p1a: Sandaconda\n|-damage|p1a: Sandaconda|42\/100\n|-status|p1a: Sandaconda|frz\n|cant|p1a: Sandaconda|frz\n|\n|-weather|Snow|[upkeep]\n|upkeep\n|turn|31\n|c|\u2606Sletton|bruh\n|\n|t:|1700259398\n|cant|p2a: conversion therapy|par\n|cant|p1a: Sandaconda|frz\n|\n|-weather|Snow|[upkeep]\n|upkeep\n|turn|32\n|c|\u2606HighSchoolHeroine|conversion therapy strikes again ig\n|\n|t:|1700259403\n|move|p2a: conversion therapy|Ice Beam|p1a: Sandaconda\n|-supereffective|p1a: Sandaconda\n|-damage|p1a: Sandaconda|0 fnt\n|faint|p1a: Sandaconda\n|\n|-weather|none\n|upkeep\n|\n|t:|1700259409\n|switch|p1a: Braviary|Braviary-Hisui, M, shiny|100\/100\n|turn|33\n|\n|t:|1700259414\n|cant|p2a: conversion therapy|par\n|move|p1a: Braviary|Psychic|p2a: conversion therapy\n|-damage|p2a: conversion therapy|20\/100 par\n|\n|upkeep\n|turn|34\n|\n|t:|1700259420\n|move|p2a: conversion therapy|Thunderbolt|p1a: Braviary\n|-supereffective|p1a: Braviary\n|-damage|p1a: Braviary|0 fnt\n|faint|p1a: Braviary\n|\n|upkeep\n|\n|t:|1700259425\n|switch|p1a: Ninetales|Ninetales-Alola, M|100\/100\n|-activate|p1a: Ninetales|move: Sticky Web\n|-unboost|p1a: Ninetales|spe|1\n|-weather|Snow|[from] ability: Snow Warning|[of] p1a: Ninetales\n|turn|35\n|\n|t:|1700259433\n|move|p1a: Ninetales|Ice Beam|p2a: conversion therapy\n|-damage|p2a: conversion therapy|0 fnt\n|faint|p2a: conversion therapy\n|\n|-weather|Snow|[upkeep]\n|-sideend|p1: Sletton|move: Aurora Veil\n|upkeep\n|\n|t:|1700259443\n|switch|p2a: everybody know-|Beedrill-Mega, F|100\/100\n|turn|36\n|\n|t:|1700259446\n|move|p2a: everybody know-|Poison Jab|p1a: Ninetales\n|-supereffective|p1a: Ninetales\n|-damage|p1a: Ninetales|0 fnt\n|faint|p1a: Ninetales\n|\n|-weather|Snow|[upkeep]\n|upkeep\n|\n|t:|1700259451\n|switch|p1a: Vaporeon|Vaporeon, F|91\/100\n|-activate|p1a: Vaporeon|move: Sticky Web\n|-unboost|p1a: Vaporeon|spe|1\n|turn|37\n|\n|t:|1700259459\n|move|p2a: everybody know-|Poison Jab|p1a: Vaporeon\n|-damage|p1a: Vaporeon|26\/100\n|move|p1a: Vaporeon|Yawn|p2a: everybody know-\n|-start|p2a: everybody know-|move: Yawn|[of] p1a: Vaporeon\n|\n|-weather|Snow|[upkeep]\n|upkeep\n|turn|38\n|c|\u2606HighSchoolHeroine|gg\n|c|\u2606Sletton|dang if only it did a bit more dmg\n|c|\u2606HighSchoolHeroine|?\n|c|\u2606Sletton|berry would have popped ;-;\n|c|\u2606HighSchoolHeroine|oh\n|c|\u2606HighSchoolHeroine|which berry u got\n|\n|t:|1700259495\n|move|p2a: everybody know-|Poison Jab|p1a: Vaporeon\n|-damage|p1a: Vaporeon|0 fnt\n|faint|p1a: Vaporeon\n|\n|win|HighSchoolHeroine\n|raw|Sletton's rating: 1172 &rarr; <strong>1145<\/strong><br \/>(-27 for losing)\n|raw|HighSchoolHeroine's rating: 1147 &rarr; <strong>1174<\/strong><br \/>(+27 for winning)\n|c|\u2606Sletton|ggs\n|c|\u2606HighSchoolHeroine|ggs\n|l|\u2606Sletton\n","uploadtime":1700259509,"views":7,"p1id":"sletton","p2id":"highschoolheroine","formatid":"gen9nationaldex","rating":1145,"private":0,"password":""}