{"id":"gen9nationaldex-1995208901","p1":"KabaZ","p2":"NassBug","format":"[Gen 9] National Dex","log":"|html|<div class=\"broadcast-blue\"><strong>[Gen 9] National Dex is currently suspecting Sneasler! For information on how to participate check out the <a href=\"https:\/\/www.smogon.com\/forums\/threads\/sv-national-dex-suspect-8-just-dance.3731534\/\">suspect thread<\/a>.<\/strong><\/div>\n|j|\u2606KabaZ\n|j|\u2606NassBug\n|t:|1700534843\n|gametype|singles\n|player|p1|KabaZ|raihan|1377\n|player|p2|NassBug|nita|1302\n|teamsize|p1|6\n|teamsize|p2|6\n|gen|9\n|tier|[Gen 9] National Dex\n|rated|\n|rule|HP Percentage Mod: HP is shown in percentages\n|rule|Endless Battle Clause: Forcing endless battles is banned\n|rule|OHKO Clause: OHKO moves are banned\n|rule|Evasion Clause: Evasion abilities, items, and moves are banned\n|rule|Evasion Abilities Clause: Evasion abilities are banned\n|rule|Evasion Items Clause: Evasion items are banned\n|rule|Evasion Moves Clause: Evasion moves are banned\n|rule|Species Clause: Limit one of each Pok\u00e9mon\n|rule|Sleep Clause Mod: Limit one foe put to sleep\n|clearpoke\n|poke|p1|Toxapex, F|\n|poke|p1|Tyranitar, M|\n|poke|p1|Golisopod, F|\n|poke|p1|Goodra, F|\n|poke|p1|Jolteon, F|\n|poke|p1|Landorus-Therian, M|\n|poke|p2|Pinsir, M|\n|poke|p2|Kartana|\n|poke|p2|Clefable, F|\n|poke|p2|Gliscor, M|\n|poke|p2|Volcarona, F|\n|poke|p2|Munkidori, M|\n|teampreview\n|\n|t:|1700534872\n|start\n|switch|p1a: troca de Ladin|Jolteon, F|100\/100\n|switch|p2a: Fabuletty|Clefable, F, shiny|100\/100\n|turn|1\n|\n|t:|1700534883\n|move|p1a: troca de Ladin|Volt Switch|p2a: Fabuletty\n|-damage|p2a: Fabuletty|71\/100\n|-damage|p1a: troca de Ladin|91\/100|[from] item: Life Orb\n|\n|t:|1700534886\n|switch|p1a: Boxer Vaiscaino|Golisopod, F|100\/100|[from] Volt Switch\n|move|p2a: Fabuletty|Stealth Rock|p1a: Boxer Vaiscaino\n|-sidestart|p1: KabaZ|move: Stealth Rock\n|\n|upkeep\n|turn|2\n|\n|t:|1700534891\n|move|p1a: Boxer Vaiscaino|First Impression|p2a: Fabuletty\n|-resisted|p2a: Fabuletty\n|-damage|p2a: Fabuletty|28\/100\n|-damage|p1a: Boxer Vaiscaino|84\/100|[from] item: Rocky Helmet|[of] p2a: Fabuletty\n|move|p2a: Fabuletty|Knock Off|p1a: Boxer Vaiscaino\n|-damage|p1a: Boxer Vaiscaino|71\/100\n|-enditem|p1a: Boxer Vaiscaino|Choice Band|[from] move: Knock Off|[of] p2a: Fabuletty\n|\n|upkeep\n|turn|3\n|\n|t:|1700534902\n|move|p2a: Fabuletty|Soft-Boiled|p2a: Fabuletty\n|-heal|p2a: Fabuletty|78\/100\n|move|p1a: Boxer Vaiscaino|Liquidation|p2a: Fabuletty\n|-damage|p2a: Fabuletty|21\/100\n|-damage|p1a: Boxer Vaiscaino|54\/100|[from] item: Rocky Helmet|[of] p2a: Fabuletty\n|\n|upkeep\n|turn|4\n|\n|t:|1700534911\n|move|p2a: Fabuletty|Soft-Boiled|p2a: Fabuletty\n|-heal|p2a: Fabuletty|71\/100\n|move|p1a: Boxer Vaiscaino|Liquidation|p2a: Fabuletty\n|-damage|p2a: Fabuletty|13\/100\n|-damage|p1a: Boxer Vaiscaino|38\/100|[from] item: Rocky Helmet|[of] p2a: Fabuletty\n|-activate|p1a: Boxer Vaiscaino|ability: Emergency Exit\n|\n|t:|1700534914\n|switch|p1a: Que porra \u00e9 essa|Landorus-Therian, M|100\/100\n|-ability|p1a: Que porra \u00e9 essa|Intimidate|boost\n|-unboost|p2a: Fabuletty|atk|1\n|\n|upkeep\n|turn|5\n|\n|t:|1700534928\n|switch|p2a: No Poison XD|Gliscor, M, shiny|100\/100\n|move|p1a: Que porra \u00e9 essa|Taunt|p2a: No Poison XD\n|-start|p2a: No Poison XD|move: Taunt\n|\n|-status|p2a: No Poison XD|tox|[from] item: Toxic Orb\n|upkeep\n|turn|6\n|inactive|Battle timer is ON: inactive players will automatically lose when time's up. (requested by KabaZ)\n|\n|t:|1700534946\n|switch|p2a: Fabuletty|Clefable, F, shiny|13\/100\n|move|p1a: Que porra \u00e9 essa|Defog|p2a: Fabuletty\n|-unboost|p2a: Fabuletty|evasion|1\n|-sideend|p1: KabaZ|Stealth Rock|[from] move: Defog|[of] p1a: Que porra \u00e9 essa\n|\n|upkeep\n|turn|7\n|\n|t:|1700534952\n|move|p1a: Que porra \u00e9 essa|Earthquake|p2a: Fabuletty\n|-damage|p2a: Fabuletty|0 fnt\n|faint|p2a: Fabuletty\n|\n|upkeep\n|\n|t:|1700534966\n|switch|p2a: DecapitadorDeNabo|Pinsir, M, shiny|100\/100\n|turn|8\n|\n|t:|1700534972\n|detailschange|p2a: DecapitadorDeNabo|Pinsir-Mega, M, shiny\n|-mega|p2a: DecapitadorDeNabo|Pinsir|Pinsirite\n|move|p2a: DecapitadorDeNabo|Swords Dance|p2a: DecapitadorDeNabo\n|-boost|p2a: DecapitadorDeNabo|atk|2\n|move|p1a: Que porra \u00e9 essa|U-turn|p2a: DecapitadorDeNabo\n|-resisted|p2a: DecapitadorDeNabo\n|-damage|p2a: DecapitadorDeNabo|86\/100\n|\n|t:|1700534982\n|switch|p1a: C\u00e2ncer|Toxapex, F|100\/100|[from] U-turn\n|\n|upkeep\n|turn|9\n|\n|t:|1700534991\n|move|p2a: DecapitadorDeNabo|Earthquake|p1a: C\u00e2ncer\n|-supereffective|p1a: C\u00e2ncer\n|-damage|p1a: C\u00e2ncer|0 fnt\n|faint|p1a: C\u00e2ncer\n|\n|upkeep\n|\n|t:|1700534993\n|switch|p1a: troca de Ladin|Jolteon, F|91\/100\n|turn|10\n|\n|t:|1700534998\n|switch|p2a: No Poison XD|Gliscor, M, shiny|100\/100 tox\n|move|p1a: troca de Ladin|Volt Switch|p2a: No Poison XD\n|-immune|p2a: No Poison XD\n|\n|upkeep\n|turn|11\n|\n|t:|1700535002\n|move|p1a: troca de Ladin|Hidden Power|p2a: No Poison XD\n|-supereffective|p2a: No Poison XD\n|-damage|p2a: No Poison XD|0 fnt\n|faint|p2a: No Poison XD\n|-damage|p1a: troca de Ladin|81\/100|[from] item: Life Orb\n|\n|upkeep\n|\n|t:|1700535018\n|switch|p2a: MariposaTrans >. <|Volcarona, F, shiny|100\/100\n|turn|12\n|\n|t:|1700535023\n|move|p1a: troca de Ladin|Volt Switch|p2a: MariposaTrans >. <\n|-damage|p2a: MariposaTrans >. <|66\/100\n|-damage|p1a: troca de Ladin|71\/100|[from] item: Life Orb\n|\n|t:|1700535026\n|switch|p1a: Que porra \u00e9 essa|Landorus-Therian, M|100\/100|[from] Volt Switch\n|-ability|p1a: Que porra \u00e9 essa|Intimidate|boost\n|-unboost|p2a: MariposaTrans >. <|atk|1\n|move|p2a: MariposaTrans >. <|Quiver Dance|p2a: MariposaTrans >. <\n|-boost|p2a: MariposaTrans >. <|spa|1\n|-boost|p2a: MariposaTrans >. <|spd|1\n|-boost|p2a: MariposaTrans >. <|spe|1\n|\n|upkeep\n|turn|13\n|\n|t:|1700535053\n|-terastallize|p2a: MariposaTrans >. <|Grass\n|move|p2a: MariposaTrans >. <|Giga Drain|p1a: Que porra \u00e9 essa\n|-damage|p1a: Que porra \u00e9 essa|38\/100\n|-heal|p2a: MariposaTrans >. <|92\/100|[from] drain|[of] p1a: Que porra \u00e9 essa\n|move|p1a: Que porra \u00e9 essa|Earthquake|p2a: MariposaTrans >. <\n|-resisted|p2a: MariposaTrans >. <\n|-damage|p2a: MariposaTrans >. <|66\/100\n|\n|upkeep\n|turn|14\n|\n|t:|1700535060\n|switch|p1a: Gorda da Sua m\u00e3e|Goodra, F|100\/100\n|move|p2a: MariposaTrans >. <|Fiery Dance|p1a: Gorda da Sua m\u00e3e\n|-resisted|p1a: Gorda da Sua m\u00e3e\n|-damage|p1a: Gorda da Sua m\u00e3e|90\/100\n|-boost|p2a: MariposaTrans >. <|spa|1\n|\n|upkeep\n|turn|15\n|\n|t:|1700535067\n|move|p2a: MariposaTrans >. <|Quiver Dance|p2a: MariposaTrans >. <\n|-boost|p2a: MariposaTrans >. <|spa|1\n|-boost|p2a: MariposaTrans >. <|spd|1\n|-boost|p2a: MariposaTrans >. <|spe|1\n|move|p1a: Gorda da Sua m\u00e3e|Muddy Water|p2a: MariposaTrans >. <\n|-resisted|p2a: MariposaTrans >. <\n|-damage|p2a: MariposaTrans >. <|60\/100\n|\n|upkeep\n|turn|16\n|\n|t:|1700535075\n|move|p2a: MariposaTrans >. <|Quiver Dance|p2a: MariposaTrans >. <\n|-boost|p2a: MariposaTrans >. <|spa|1\n|-boost|p2a: MariposaTrans >. <|spd|1\n|-boost|p2a: MariposaTrans >. <|spe|1\n|move|p1a: Gorda da Sua m\u00e3e|Fire Blast|p2a: MariposaTrans >. <\n|-supereffective|p2a: MariposaTrans >. <\n|-damage|p2a: MariposaTrans >. <|34\/100\n|\n|upkeep\n|turn|17\n|\n|t:|1700535083\n|-terastallize|p1a: Gorda da Sua m\u00e3e|Fire\n|move|p2a: MariposaTrans >. <|Giga Drain|p1a: Gorda da Sua m\u00e3e\n|-ability|p1a: Gorda da Sua m\u00e3e|Sap Sipper|boost\n|-boost|p1a: Gorda da Sua m\u00e3e|atk|1\n|move|p1a: Gorda da Sua m\u00e3e|Fire Blast|p2a: MariposaTrans >. <\n|-supereffective|p2a: MariposaTrans >. <\n|-damage|p2a: MariposaTrans >. <|0 fnt\n|faint|p2a: MariposaTrans >. <\n|\n|upkeep\n|\n|t:|1700535103\n|switch|p2a: DecapitadorDeNabo|Pinsir-Mega, M, shiny|86\/100\n|turn|18\n|\n|t:|1700535113\n|move|p2a: DecapitadorDeNabo|Earthquake|p1a: Gorda da Sua m\u00e3e\n|-supereffective|p1a: Gorda da Sua m\u00e3e\n|-damage|p1a: Gorda da Sua m\u00e3e|0 fnt\n|faint|p1a: Gorda da Sua m\u00e3e\n|\n|upkeep\n|\n|t:|1700535116\n|switch|p1a: troca de Ladin|Jolteon, F|71\/100\n|turn|19\n|\n|t:|1700535120\n|switch|p2a: Karta Uno|Kartana, shiny|100\/100\n|move|p1a: troca de Ladin|Volt Switch|p2a: Karta Uno\n|-resisted|p2a: Karta Uno\n|-crit|p2a: Karta Uno\n|-damage|p2a: Karta Uno|6\/100\n|-damage|p1a: troca de Ladin|61\/100|[from] item: Life Orb\n|\n|t:|1700535124\n|switch|p1a: Boxer Vaiscaino|Golisopod, F|38\/100|[from] Volt Switch\n|\n|upkeep\n|turn|20\n|\n|t:|1700535133\n|switch|p2a: DecapitadorDeNabo|Pinsir-Mega, M, shiny|86\/100\n|move|p1a: Boxer Vaiscaino|First Impression|p2a: DecapitadorDeNabo\n|-resisted|p2a: DecapitadorDeNabo\n|-damage|p2a: DecapitadorDeNabo|58\/100\n|\n|upkeep\n|turn|21\n|\n|t:|1700535141\n|move|p2a: DecapitadorDeNabo|Quick Attack|p1a: Boxer Vaiscaino\n|-supereffective|p1a: Boxer Vaiscaino\n|-damage|p1a: Boxer Vaiscaino|0 fnt\n|faint|p1a: Boxer Vaiscaino\n|\n|upkeep\n|\n|t:|1700535147\n|switch|p1a: Eo Brazino|Tyranitar, M, shiny|100\/100\n|-weather|Sandstorm|[from] ability: Sand Stream|[of] p1a: Eo Brazino\n|turn|22\n|\n|t:|1700535153\n|detailschange|p1a: Eo Brazino|Tyranitar-Mega, M, shiny\n|-mega|p1a: Eo Brazino|Tyranitar|Tyranitarite\n|move|p2a: DecapitadorDeNabo|Earthquake|p1a: Eo Brazino\n|-supereffective|p1a: Eo Brazino\n|-damage|p1a: Eo Brazino|42\/100\n|move|p1a: Eo Brazino|Ice Punch|p2a: DecapitadorDeNabo\n|-supereffective|p2a: DecapitadorDeNabo\n|-damage|p2a: DecapitadorDeNabo|0 fnt\n|faint|p2a: DecapitadorDeNabo\n|\n|-weather|Sandstorm|[upkeep]\n|upkeep\n|\n|t:|1700535172\n|switch|p2a: Karta Uno|Kartana, shiny|6\/100\n|turn|23\n|\n|t:|1700535178\n|switch|p1a: Que porra \u00e9 essa|Landorus-Therian, M|38\/100\n|-ability|p1a: Que porra \u00e9 essa|Intimidate|boost\n|-unboost|p2a: Karta Uno|atk|1\n|move|p2a: Karta Uno|Leaf Blade|p1a: Que porra \u00e9 essa\n|-damage|p1a: Que porra \u00e9 essa|0 fnt\n|faint|p1a: Que porra \u00e9 essa\n|-ability|p2a: Karta Uno|Beast Boost|boost\n|-boost|p2a: Karta Uno|atk|1\n|\n|-weather|Sandstorm|[upkeep]\n|upkeep\n|\n|t:|1700535183\n|switch|p1a: troca de Ladin|Jolteon, F|61\/100\n|turn|24\n|\n|t:|1700535186\n|move|p2a: Karta Uno|Leaf Blade|p1a: troca de Ladin\n|-damage|p1a: troca de Ladin|0 fnt\n|faint|p1a: troca de Ladin\n|-ability|p2a: Karta Uno|Beast Boost|boost\n|-boost|p2a: Karta Uno|atk|1\n|\n|-weather|Sandstorm|[upkeep]\n|upkeep\n|\n|t:|1700535189\n|switch|p1a: Eo Brazino|Tyranitar-Mega, M, shiny|42\/100\n|turn|25\n|\n|t:|1700535192\n|move|p2a: Karta Uno|Leaf Blade|p1a: Eo Brazino\n|-supereffective|p1a: Eo Brazino\n|-damage|p1a: Eo Brazino|0 fnt\n|faint|p1a: Eo Brazino\n|\n|win|NassBug\n|raw|KabaZ's rating: 1377 &rarr; <strong>1353<\/strong><br \/>(-24 for losing)\n|raw|NassBug's rating: 1302 &rarr; <strong>1326<\/strong><br \/>(+24 for winning)\n|l|\u2606KabaZ\n|c|\u2606NassBug|Gg\n","uploadtime":1700535203,"views":1,"p1id":"kabaz","p2id":"nassbug","formatid":"gen9nationaldex","rating":1326,"private":0,"password":""}