{"id":"gen9nationaldex-1990836795","p1":"hambroni","p2":"drifting dance","format":"[Gen 9] National Dex","log":"|j|\u2606hambroni\n|j|\u2606drifting dance\n|t:|1700005942\n|gametype|singles\n|player|p1|hambroni|lucas|1403\n|player|p2|drifting dance|raihan|1292\n|teamsize|p1|6\n|teamsize|p2|6\n|gen|9\n|tier|[Gen 9] National Dex\n|rated|\n|rule|HP Percentage Mod: HP is shown in percentages\n|rule|Endless Battle Clause: Forcing endless battles is banned\n|rule|OHKO Clause: OHKO moves are banned\n|rule|Evasion Clause: Evasion abilities, items, and moves are banned\n|rule|Evasion Abilities Clause: Evasion abilities are banned\n|rule|Evasion Items Clause: Evasion items are banned\n|rule|Evasion Moves Clause: Evasion moves are banned\n|rule|Species Clause: Limit one of each Pok\u00e9mon\n|rule|Sleep Clause Mod: Limit one foe put to sleep\n|clearpoke\n|poke|p1|Azelf|\n|poke|p1|Nidoking, M|\n|poke|p1|Zapdos|\n|poke|p1|Lucario, M|\n|poke|p1|Clefable, F|\n|poke|p1|Garchomp, M|\n|poke|p2|Tapu Koko|\n|poke|p2|Iron Valiant|\n|poke|p2|Sneasler, F|\n|poke|p2|Iron Moth|\n|poke|p2|Greninja-*, M|\n|poke|p2|Scizor, M|\n|teampreview\n|inactive|Battle timer is ON: inactive players will automatically lose when time's up. (requested by hambroni)\n|c|\u2606drifting dance|1403!!!!!\n|c|\u2606drifting dance|wowzers!!!\n|\n|t:|1700005956\n|start\n|switch|p1a: Clouded|Azelf|100\/100\n|switch|p2a: poli-ninja|Greninja, M|100\/100\n|turn|1\n|\n|t:|1700005962\n|switch|p1a: Doritoes|Zapdos, shiny|100\/100\n|move|p2a: poli-ninja|U-turn|p1a: Doritoes\n|-start|p2a: poli-ninja|typechange|Bug|[from] ability: Protean\n|-resisted|p1a: Doritoes\n|-damage|p1a: Doritoes|86\/100\n|\n|t:|1700005972\n|switch|p2a: sentry|Iron Valiant, shiny|100\/100|[from] U-turn\n|\n|upkeep\n|turn|2\n|\n|t:|1700005979\n|move|p2a: sentry|Psyshock|p1a: Doritoes\n|-damage|p1a: Doritoes|50\/100\n|-damage|p2a: sentry|91\/100|[from] item: Life Orb\n|move|p1a: Doritoes|Discharge|p2a: sentry\n|-damage|p2a: sentry|27\/100\n|\n|upkeep\n|turn|3\n|\n|t:|1700005984\n|move|p2a: sentry|Moonblast|p1a: Doritoes\n|-damage|p1a: Doritoes|7\/100\n|-damage|p2a: sentry|17\/100|[from] item: Life Orb\n|move|p1a: Doritoes|Roost|p1a: Doritoes\n|-heal|p1a: Doritoes|57\/100\n|-singleturn|p1a: Doritoes|move: Roost\n|\n|upkeep\n|turn|4\n|inactive|hambroni has 120 seconds left.\n|\n|t:|1700006017\n|-end|p2a: sentry|Quark Drive|[silent]\n|switch|p2a: valcon|Tapu Koko, shiny|100\/100\n|-fieldstart|move: Electric Terrain|[from] ability: Electric Surge|[of] p2a: valcon\n|move|p1a: Doritoes|Roost|p1a: Doritoes\n|-heal|p1a: Doritoes|100\/100\n|-singleturn|p1a: Doritoes|move: Roost\n|\n|upkeep\n|turn|5\n|\n|t:|1700006023\n|move|p2a: valcon|Hidden Power|p1a: Doritoes\n|-supereffective|p1a: Doritoes\n|-damage|p1a: Doritoes|76\/100\n|move|p1a: Doritoes|U-turn|p2a: valcon\n|-resisted|p2a: valcon\n|-damage|p2a: valcon|91\/100\n|\n|t:|1700006032\n|switch|p1a: Henry|Nidoking, M, shiny|100\/100|[from] U-turn\n|\n|upkeep\n|turn|6\n|\n|t:|1700006046\n|move|p2a: valcon|U-turn|p1a: Henry\n|-resisted|p1a: Henry\n|-crit|p1a: Henry\n|-damage|p1a: Henry|83\/100\n|\n|t:|1700006048\n|switch|p2a: sentry|Iron Valiant, shiny|17\/100|[from] U-turn\n|-activate|p2a: sentry|ability: Quark Drive\n|-start|p2a: sentry|quarkdrivespe\n|move|p1a: Henry|Earth Power|p2a: sentry\n|-damage|p2a: sentry|0 fnt\n|faint|p2a: sentry\n|-end|p2a: sentry|Quark Drive|[silent]\n|\n|upkeep\n|\n|t:|1700006055\n|switch|p2a: poli-ninja|Greninja, M|100\/100\n|turn|7\n|\n|t:|1700006062\n|switch|p1a: Doritoes|Zapdos, shiny|76\/100\n|move|p2a: poli-ninja|Ice Beam|p1a: Doritoes\n|-start|p2a: poli-ninja|typechange|Ice|[from] ability: Protean\n|-supereffective|p1a: Doritoes\n|-damage|p1a: Doritoes|29\/100\n|\n|upkeep\n|turn|8\n|\n|t:|1700006067\n|move|p2a: poli-ninja|Ice Beam|p1a: Doritoes\n|-supereffective|p1a: Doritoes\n|-damage|p1a: Doritoes|0 fnt\n|faint|p1a: Doritoes\n|\n|upkeep\n|\n|t:|1700006070\n|switch|p1a: Lucario|Lucario, M|100\/100\n|turn|9\n|\n|t:|1700006077\n|switch|p2a: goobstar|Iron Moth, shiny|100\/100\n|-activate|p2a: goobstar|ability: Quark Drive\n|-start|p2a: goobstar|quarkdrivespa\n|move|p1a: Lucario|Meteor Mash|p2a: goobstar\n|-resisted|p2a: goobstar\n|-damage|p2a: goobstar|53\/100\n|-damage|p1a: Lucario|91\/100|[from] item: Life Orb\n|\n|upkeep\n|turn|10\n|inactive|hambroni has 120 seconds left.\n|\n|t:|1700006107\n|move|p1a: Lucario|Extreme Speed|p2a: goobstar\n|-damage|p2a: goobstar|0 fnt\n|faint|p2a: goobstar\n|-end|p2a: goobstar|Quark Drive|[silent]\n|-damage|p1a: Lucario|81\/100|[from] item: Life Orb\n|\n|upkeep\n|\n|t:|1700006116\n|switch|p2a: Way2Ev1L|Scizor, M, shiny|100\/100\n|turn|11\n|inactive|hambroni has 120 seconds left.\n|\n|t:|1700006135\n|switch|p1a: FreshBlood|Garchomp, M|100\/100\n|detailschange|p2a: Way2Ev1L|Scizor-Mega, M, shiny\n|-mega|p2a: Way2Ev1L|Scizor|Scizorite\n|move|p2a: Way2Ev1L|Close Combat|p1a: FreshBlood\n|-damage|p1a: FreshBlood|46\/100\n|-unboost|p2a: Way2Ev1L|def|1\n|-unboost|p2a: Way2Ev1L|spd|1\n|-damage|p2a: Way2Ev1L|88\/100|[from] ability: Rough Skin|[of] p1a: FreshBlood\n|\n|-fieldend|move: Electric Terrain\n|upkeep\n|turn|12\n|\n|t:|1700006153\n|switch|p2a: poli-ninja|Greninja, M|100\/100\n|move|p1a: FreshBlood|Earthquake|p2a: poli-ninja\n|-damage|p2a: poli-ninja|0 fnt\n|faint|p2a: poli-ninja\n|\n|upkeep\n|\n|t:|1700006159\n|switch|p2a: valcon|Tapu Koko, shiny|91\/100\n|-fieldstart|move: Electric Terrain|[from] ability: Electric Surge|[of] p2a: valcon\n|turn|13\n|\n|t:|1700006160\n|move|p1a: FreshBlood|Earthquake|p2a: valcon\n|-supereffective|p2a: valcon\n|-damage|p2a: valcon|0 fnt\n|faint|p2a: valcon\n|\n|upkeep\n|\n|t:|1700006163\n|switch|p2a: Way2Ev1L|Scizor-Mega, M, shiny|88\/100\n|turn|14\n|\n|t:|1700006166\n|move|p2a: Way2Ev1L|Bullet Punch|p1a: FreshBlood\n|-damage|p1a: FreshBlood|8\/100\n|-damage|p2a: Way2Ev1L|76\/100|[from] ability: Rough Skin|[of] p1a: FreshBlood\n|move|p1a: FreshBlood|Earthquake|p2a: Way2Ev1L\n|-damage|p2a: Way2Ev1L|26\/100\n|\n|upkeep\n|turn|15\n|\n|t:|1700006172\n|move|p2a: Way2Ev1L|Bullet Punch|p1a: FreshBlood\n|-damage|p1a: FreshBlood|0 fnt\n|-damage|p2a: Way2Ev1L|14\/100|[from] ability: Rough Skin|[of] p1a: FreshBlood\n|faint|p1a: FreshBlood\n|\n|upkeep\n|c|\u2606drifting dance|scarf chomp...\n|c|\u2606drifting dance|that really sucks\n|c|\u2606hambroni|yea\n|c|\u2606hambroni|but did u not have tera flying sneasler?\n|c|\u2606drifting dance|i was scared\n|\n|t:|1700006199\n|switch|p1a: Clouded|Azelf|100\/100\n|turn|16\n|c|\u2606drifting dance|and panicked\n|\n|t:|1700006202\n|move|p2a: Way2Ev1L|Bullet Punch|p1a: Clouded\n|-damage|p1a: Clouded|37\/100\n|move|p1a: Clouded|Psychic|p2a: Way2Ev1L\n|-resisted|p2a: Way2Ev1L\n|-damage|p2a: Way2Ev1L|0 fnt\n|faint|p2a: Way2Ev1L\n|\n|upkeep\n|\n|t:|1700006204\n|switch|p2a: capricorn|Sneasler, F, shiny|100\/100\n|-enditem|p2a: capricorn|Electric Seed\n|-boost|p2a: capricorn|def|1|[from] item: Electric Seed\n|turn|17\n|c|\u2606hambroni|understandable\n|\n|t:|1700006207\n|-terastallize|p2a: capricorn|Flying\n|move|p2a: capricorn|Acrobatics|p1a: Clouded\n|-damage|p1a: Clouded|0 fnt\n|faint|p1a: Clouded\n|\n|upkeep\n|\n|t:|1700006216\n|switch|p1a: Henry|Nidoking, M, shiny|83\/100\n|turn|18\n|\n|t:|1700006219\n|move|p2a: capricorn|Acrobatics|p1a: Henry\n|-damage|p1a: Henry|2\/100\n|move|p1a: Henry|Sludge Wave|p2a: capricorn\n|-damage|p2a: capricorn|13\/100\n|\n|upkeep\n|turn|19\n|\n|t:|1700006223\n|move|p2a: capricorn|Acrobatics|p1a: Henry\n|-damage|p1a: Henry|0 fnt\n|faint|p1a: Henry\n|\n|upkeep\n|\n|t:|1700006224\n|switch|p1a: Lucario|Lucario, M|81\/100\n|turn|20\n|c|\u2606drifting dance|espeed damn that sux\n|c|\u2606hambroni|gg\n|\n|t:|1700006228\n|-terastallize|p1a: Lucario|Normal\n|move|p1a: Lucario|Extreme Speed|p2a: capricorn\n|-damage|p2a: capricorn|0 fnt\n|faint|p2a: capricorn\n|-damage|p1a: Lucario|71\/100|[from] item: Life Orb\n|\n|win|hambroni\n|raw|hambroni's rating: 1420 &rarr; <strong>1433<\/strong><br \/>(+13 for winning)\n|raw|drifting dance's rating: 1292 &rarr; <strong>1276<\/strong><br \/>(-16 for losing)\n|c|\u2606drifting dance|gg\n|l|\u2606drifting dance\n","uploadtime":1700006243,"views":4,"p1id":"hambroni","p2id":"driftingdance","formatid":"gen9nationaldex","rating":1276,"private":0,"password":""}