{"id":"gen9nationaldex-1994653121","p1":"wwaaa","p2":"qhjm1","format":"[Gen 9] National Dex","log":"|html|<div class=\"broadcast-blue\"><strong>[Gen 9] National Dex is currently suspecting Sneasler! For information on how to participate check out the <a href=\"https:\/\/www.smogon.com\/forums\/threads\/sv-national-dex-suspect-8-just-dance.3731534\/\">suspect thread<\/a>.<\/strong><\/div>\n|j|\u2606wwaaa\n|j|\u2606qhjm1\n|t:|1700475955\n|gametype|singles\n|player|p1|wwaaa|candice|1588\n|player|p2|qhjm1|dawn|1617\n|teamsize|p1|6\n|teamsize|p2|6\n|gen|9\n|tier|[Gen 9] National Dex\n|rated|\n|rule|HP Percentage Mod: HP is shown in percentages\n|rule|Endless Battle Clause: Forcing endless battles is banned\n|rule|OHKO Clause: OHKO moves are banned\n|rule|Evasion Clause: Evasion abilities, items, and moves are banned\n|rule|Evasion Abilities Clause: Evasion abilities are banned\n|rule|Evasion Items Clause: Evasion items are banned\n|rule|Evasion Moves Clause: Evasion moves are banned\n|rule|Species Clause: Limit one of each Pok\u00e9mon\n|rule|Sleep Clause Mod: Limit one foe put to sleep\n|clearpoke\n|poke|p1|Weavile, F|\n|poke|p1|Zamazenta-*|\n|poke|p1|Banette, F|\n|poke|p1|Dragonite, M|\n|poke|p1|Slowking-Galar, F|\n|poke|p1|Ferrothorn, F|\n|poke|p2|Tapu Koko|\n|poke|p2|Iron Treads|\n|poke|p2|Iron Leaves|\n|poke|p2|Iron Moth|\n|poke|p2|Iron Hands|\n|poke|p2|Iron Jugulis|\n|teampreview\n|c|\u2606qhjm1|\u5e72\u4ec0\u4e48\n|c|\u2606wwaaa|\u4ec0\u4e48\n|\n|t:|1700475980\n|start\n|switch|p1a: Ferrothorn|Ferrothorn, F|100\/100\n|switch|p2a: Tapu Koko|Tapu Koko|100\/100\n|-fieldstart|move: Electric Terrain|[from] ability: Electric Surge|[of] p2a: Tapu Koko\n|turn|1\n|c|\u2606qhjm1|\u53d1\u9519\u5730\u65b9\u4e86\n|\n|t:|1700475987\n|move|p2a: Tapu Koko|Volt Switch|p1a: Ferrothorn\n|-resisted|p1a: Ferrothorn\n|-damage|p1a: Ferrothorn|88\/100\n|\n|t:|1700475989\n|switch|p2a: Iron Jugulis|Iron Jugulis|100\/100|[from] Volt Switch\n|-activate|p2a: Iron Jugulis|ability: Quark Drive\n|-start|p2a: Iron Jugulis|quarkdrivespe\n|move|p1a: Ferrothorn|Stealth Rock|p2a: Iron Jugulis\n|-sidestart|p2: qhjm1|move: Stealth Rock\n|\n|-heal|p1a: Ferrothorn|94\/100|[from] item: Leftovers\n|upkeep\n|turn|2\n|\n|t:|1700476009\n|move|p2a: Iron Jugulis|Flamethrower|p1a: Ferrothorn\n|-supereffective|p1a: Ferrothorn\n|-damage|p1a: Ferrothorn|2\/100\n|move|p1a: Ferrothorn|Gyro Ball|p2a: Iron Jugulis\n|-damage|p2a: Iron Jugulis|47\/100\n|\n|-heal|p1a: Ferrothorn|8\/100|[from] item: Leftovers\n|upkeep\n|turn|3\n|\n|t:|1700476022\n|move|p2a: Iron Jugulis|Flamethrower|p1a: Ferrothorn\n|-supereffective|p1a: Ferrothorn\n|-damage|p1a: Ferrothorn|0 fnt\n|faint|p1a: Ferrothorn\n|\n|upkeep\n|\n|t:|1700476028\n|switch|p1a: Weavile|Weavile, F|100\/100\n|-ability|p1a: Weavile|Pressure\n|turn|4\n|\n|t:|1700476032\n|move|p1a: Weavile|Ice Shard|p2a: Iron Jugulis\n|-supereffective|p2a: Iron Jugulis\n|-damage|p2a: Iron Jugulis|3\/100\n|-zpower|p2a: Iron Jugulis\n|move|p2a: Iron Jugulis|Tectonic Rage|p1a: Weavile|[zeffect]\n|-damage|p1a: Weavile|22\/100\n|\n|upkeep\n|turn|5\n|\n|t:|1700476038\n|move|p1a: Weavile|Ice Shard|p2a: Iron Jugulis\n|-supereffective|p2a: Iron Jugulis\n|-damage|p2a: Iron Jugulis|0 fnt\n|faint|p2a: Iron Jugulis\n|-end|p2a: Iron Jugulis|Quark Drive|[silent]\n|\n|upkeep\n|\n|t:|1700476042\n|switch|p2a: Iron Treads|Iron Treads|100\/100\n|-damage|p2a: Iron Treads|97\/100|[from] Stealth Rock\n|-activate|p2a: Iron Treads|ability: Quark Drive\n|-start|p2a: Iron Treads|quarkdrivespe\n|-item|p2a: Iron Treads|Air Balloon\n|turn|6\n|\n|t:|1700476085\n|switch|p1a: Slowking|Slowking-Galar, F|100\/100\n|move|p2a: Iron Treads|Volt Switch|p1a: Slowking\n|-damage|p1a: Slowking|94\/100\n|\n|t:|1700476093\n|-end|p2a: Iron Treads|Quark Drive|[silent]\n|switch|p2a: Iron Leaves|Iron Leaves|100\/100|[from] Volt Switch\n|-damage|p2a: Iron Leaves|88\/100|[from] Stealth Rock\n|-activate|p2a: Iron Leaves|ability: Quark Drive\n|-start|p2a: Iron Leaves|quarkdrivespe\n|\n|upkeep\n|turn|7\n|\n|t:|1700476101\n|-terastallize|p2a: Iron Leaves|Steel\n|move|p2a: Iron Leaves|Swords Dance|p2a: Iron Leaves\n|-boost|p2a: Iron Leaves|atk|2\n|move|p1a: Slowking|Sludge Bomb|p2a: Iron Leaves\n|-immune|p2a: Iron Leaves\n|\n|upkeep\n|turn|8\n|\n|t:|1700476106\n|move|p2a: Iron Leaves|Psyblade|p1a: Slowking\n|-damage|p1a: Slowking|0 fnt\n|faint|p1a: Slowking\n|\n|-fieldend|move: Electric Terrain\n|-end|p2a: Iron Leaves|Quark Drive\n|upkeep\n|-enditem|p2a: Iron Leaves|Booster Energy\n|-activate|p2a: Iron Leaves|ability: Quark Drive|[fromitem]\n|-start|p2a: Iron Leaves|quarkdriveatk\n|\n|t:|1700476119\n|switch|p1a: Weavile|Weavile, F|22\/100\n|-ability|p1a: Weavile|Pressure\n|turn|9\n|\n|t:|1700476128\n|move|p1a: Weavile|Knock Off|p2a: Iron Leaves\n|-damage|p2a: Iron Leaves|51\/100\n|move|p2a: Iron Leaves|Sacred Sword|p1a: Weavile\n|-supereffective|p1a: Weavile\n|-damage|p1a: Weavile|0 fnt\n|faint|p1a: Weavile\n|\n|upkeep\n|\n|t:|1700476142\n|switch|p1a: Dragonite|Dragonite, M|100\/100\n|turn|10\n|\n|t:|1700476147\n|move|p2a: Iron Leaves|Psyblade|p1a: Dragonite\n|-damage|p1a: Dragonite|46\/100\n|move|p1a: Dragonite|Dragon Dance|p1a: Dragonite\n|-boost|p1a: Dragonite|atk|1\n|-boost|p1a: Dragonite|spe|1\n|\n|upkeep\n|turn|11\n|\n|t:|1700476150\n|move|p1a: Dragonite|Earthquake|p2a: Iron Leaves\n|-supereffective|p2a: Iron Leaves\n|-damage|p2a: Iron Leaves|0 fnt\n|faint|p2a: Iron Leaves\n|-end|p2a: Iron Leaves|Quark Drive|[silent]\n|\n|upkeep\n|\n|t:|1700476163\n|switch|p2a: Iron Treads|Iron Treads|97\/100\n|-damage|p2a: Iron Treads|94\/100|[from] Stealth Rock\n|-item|p2a: Iron Treads|Air Balloon\n|turn|12\n|\n|t:|1700476170\n|move|p1a: Dragonite|Roost|p1a: Dragonite\n|-heal|p1a: Dragonite|96\/100\n|-singleturn|p1a: Dragonite|move: Roost\n|move|p2a: Iron Treads|Rapid Spin|p1a: Dragonite\n|-crit|p1a: Dragonite\n|-damage|p1a: Dragonite|69\/100\n|-boost|p2a: Iron Treads|spe|1\n|-sideend|p2: qhjm1|Stealth Rock|[from] move: Rapid Spin|[of] p2a: Iron Treads\n|\n|upkeep\n|turn|13\n|\n|t:|1700476177\n|move|p1a: Dragonite|Extreme Speed|p2a: Iron Treads\n|-resisted|p2a: Iron Treads\n|-damage|p2a: Iron Treads|73\/100\n|-enditem|p2a: Iron Treads|Air Balloon\n|move|p2a: Iron Treads|Stone Edge|p1a: Dragonite\n|-supereffective|p1a: Dragonite\n|-damage|p1a: Dragonite|2\/100\n|\n|upkeep\n|turn|14\n|\n|t:|1700476190\n|switch|p1a: Banette|Banette, F|100\/100\n|move|p2a: Iron Treads|Volt Switch|p1a: Banette\n|-damage|p1a: Banette|83\/100\n|\n|t:|1700476195\n|-end|p2a: Iron Treads|Quark Drive|[silent]\n|switch|p2a: Tapu Koko|Tapu Koko|100\/100|[from] Volt Switch\n|-fieldstart|move: Electric Terrain|[from] ability: Electric Surge|[of] p2a: Tapu Koko\n|\n|upkeep\n|turn|15\n|\n|t:|1700476198\n|detailschange|p1a: Banette|Banette-Mega, F\n|-mega|p1a: Banette|Banette|Banettite\n|move|p2a: Tapu Koko|Taunt|p1a: Banette\n|-start|p1a: Banette|move: Taunt\n|move|p1a: Banette|Poltergeist|p2a: Tapu Koko\n|-activate|p2a: Tapu Koko|move: Poltergeist|Terrain Extender\n|-damage|p2a: Tapu Koko|2\/100\n|\n|upkeep\n|turn|16\n|\n|t:|1700476208\n|move|p1a: Banette|Shadow Sneak|p2a: Tapu Koko\n|-damage|p2a: Tapu Koko|0 fnt\n|faint|p2a: Tapu Koko\n|\n|upkeep\n|\n|t:|1700476220\n|switch|p2a: Iron Moth|Iron Moth|100\/100\n|-activate|p2a: Iron Moth|ability: Quark Drive\n|-start|p2a: Iron Moth|quarkdrivespa\n|turn|17\n|\n|t:|1700476234\n|switch|p1a: Dragonite|Dragonite, M|2\/100\n|move|p2a: Iron Moth|Flamethrower|p1a: Dragonite\n|-resisted|p1a: Dragonite\n|-damage|p1a: Dragonite|0 fnt\n|faint|p1a: Dragonite\n|\n|upkeep\n|\n|t:|1700476236\n|switch|p1a: Banette|Banette-Mega, F|83\/100\n|turn|18\n|\n|t:|1700476238\n|move|p1a: Banette|Destiny Bond|p1a: Banette\n|-singlemove|p1a: Banette|Destiny Bond\n|move|p2a: Iron Moth|Flamethrower|p1a: Banette\n|-damage|p1a: Banette|0 fnt\n|faint|p1a: Banette\n|-activate|p1a: Banette|move: Destiny Bond\n|faint|p2a: Iron Moth\n|-end|p2a: Iron Moth|Quark Drive|[silent]\n|\n|upkeep\n|\n|t:|1700476242\n|switch|p2a: Iron Hands|Iron Hands|100\/100\n|switch|p1a: Zamazenta|Zamazenta|100\/100\n|-ability|p1a: Zamazenta|Dauntless Shield|boost\n|-boost|p1a: Zamazenta|def|1\n|-activate|p2a: Iron Hands|ability: Quark Drive\n|-start|p2a: Iron Hands|quarkdriveatk\n|turn|19\n|\n|t:|1700476245\n|move|p2a: Iron Hands|Fake Out|p1a: Zamazenta\n|-damage|p1a: Zamazenta|90\/100\n|cant|p1a: Zamazenta|flinch\n|\n|upkeep\n|turn|20\n|\n|t:|1700476248\n|move|p1a: Zamazenta|Iron Defense|p1a: Zamazenta\n|-boost|p1a: Zamazenta|def|2\n|move|p2a: Iron Hands|Thunder Punch|p1a: Zamazenta\n|-damage|p1a: Zamazenta|64\/100\n|\n|upkeep\n|turn|21\n|\n|t:|1700476254\n|move|p1a: Zamazenta|Iron Defense|p1a: Zamazenta\n|-boost|p1a: Zamazenta|def|2\n|move|p2a: Iron Hands|Thunder Punch|p1a: Zamazenta\n|-damage|p1a: Zamazenta|48\/100\n|\n|-fieldend|move: Electric Terrain\n|-end|p2a: Iron Hands|Quark Drive\n|upkeep\n|turn|22\n|\n|t:|1700476263\n|move|p1a: Zamazenta|Body Press|p2a: Iron Hands\n|-damage|p2a: Iron Hands|38\/100\n|move|p2a: Iron Hands|Thunder Punch|p1a: Zamazenta\n|-damage|p1a: Zamazenta|37\/100\n|\n|-heal|p2a: Iron Hands|44\/100|[from] item: Leftovers\n|upkeep\n|turn|23\n|\n|t:|1700476271\n|move|p1a: Zamazenta|Body Press|p2a: Iron Hands\n|-damage|p2a: Iron Hands|0 fnt\n|faint|p2a: Iron Hands\n|-end|p2a: Iron Hands|Quark Drive|[silent]\n|\n|upkeep\n|\n|t:|1700476273\n|switch|p2a: Iron Treads|Iron Treads|73\/100\n|turn|24\n|\n|t:|1700476275\n|move|p1a: Zamazenta|Body Press|p2a: Iron Treads\n|-supereffective|p2a: Iron Treads\n|-damage|p2a: Iron Treads|0 fnt\n|faint|p2a: Iron Treads\n|-end|p2a: Iron Treads|Quark Drive|[silent]\n|\n|win|wwaaa\n|raw|wwaaa's rating: 1588 &rarr; <strong>1610<\/strong><br \/>(+22 for winning)\n|raw|qhjm1's rating: 1617 &rarr; <strong>1595<\/strong><br \/>(-22 for losing)\n","uploadtime":1700476281,"views":3,"p1id":"wwaaa","p2id":"qhjm1","formatid":"gen9nationaldex","rating":1595,"private":0,"password":""}