{"id":"gen9nationaldex-1995993696","p1":"FlyingSudowoodo","p2":"CoolBenji","format":"[Gen 9] National Dex","log":"|html|<div class=\"broadcast-blue\"><strong>[Gen 9] National Dex is currently suspecting Sneasler! For information on how to participate check out the <a href=\"https:\/\/www.smogon.com\/forums\/threads\/sv-national-dex-suspect-8-just-dance.3731534\/\">suspect thread<\/a>.<\/strong><\/div>\n|j|\u2606FlyingSudowoodo\n|j|\u2606CoolBenji\n|t:|1700626581\n|gametype|singles\n|player|p1|FlyingSudowoodo|brock|1383\n|player|p2|CoolBenji|n|1310\n|teamsize|p1|6\n|teamsize|p2|6\n|gen|9\n|tier|[Gen 9] National Dex\n|rated|\n|rule|HP Percentage Mod: HP is shown in percentages\n|rule|Endless Battle Clause: Forcing endless battles is banned\n|rule|OHKO Clause: OHKO moves are banned\n|rule|Evasion Clause: Evasion abilities, items, and moves are banned\n|rule|Evasion Abilities Clause: Evasion abilities are banned\n|rule|Evasion Items Clause: Evasion items are banned\n|rule|Evasion Moves Clause: Evasion moves are banned\n|rule|Species Clause: Limit one of each Pok\u00e9mon\n|rule|Sleep Clause Mod: Limit one foe put to sleep\n|clearpoke\n|poke|p1|Garganacl, F|\n|poke|p1|Diancie|\n|poke|p1|Glimmora, M|\n|poke|p1|Ogerpon-Cornerstone, F|\n|poke|p1|Golem-Alola, M|\n|poke|p1|Tyranitar, F|\n|poke|p2|Kleavor, F|\n|poke|p2|Ninetales-Alola, F|\n|poke|p2|Arctozolt|\n|poke|p2|Blaziken, M|\n|poke|p2|Great Tusk|\n|poke|p2|Pinsir, M|\n|teampreview\n|\n|t:|1700626595\n|start\n|switch|p1a: Glimmora|Glimmora, M|100\/100\n|switch|p2a: Kleavor|Kleavor, F|100\/100\n|-item|p1a: Glimmora|Air Balloon\n|turn|1\n|inactive|Battle timer is ON: inactive players will automatically lose when time's up. (requested by FlyingSudowoodo)\n|\n|t:|1700626614\n|move|p1a: Glimmora|Flash Cannon|p2a: Kleavor\n|-supereffective|p2a: Kleavor\n|-damage|p2a: Kleavor|4\/100\n|move|p2a: Kleavor|Stone Axe|p1a: Glimmora\n|-damage|p1a: Glimmora|33\/100\n|-activate|p1a: Glimmora|ability: Toxic Debris\n|-sidestart|p2: CoolBenji|move: Toxic Spikes\n|-enditem|p1a: Glimmora|Air Balloon\n|-sidestart|p1: FlyingSudowoodo|move: Stealth Rock\n|\n|upkeep\n|turn|2\n|\n|t:|1700626628\n|move|p1a: Glimmora|Mortal Spin|p2a: Kleavor\n|-resisted|p2a: Kleavor\n|-damage|p2a: Kleavor|0 fnt\n|-sideend|p1: FlyingSudowoodo|Stealth Rock|[from] move: Mortal Spin|[of] p1a: Glimmora\n|faint|p2a: Kleavor\n|\n|upkeep\n|\n|t:|1700626633\n|switch|p2a: Great Tusk|Great Tusk|100\/100\n|-status|p2a: Great Tusk|psn\n|turn|3\n|\n|t:|1700626656\n|switch|p1a: Tyranitar|Tyranitar, F|100\/100\n|-weather|Sandstorm|[from] ability: Sand Stream|[of] p1a: Tyranitar\n|move|p2a: Great Tusk|Rapid Spin|p1a: Tyranitar\n|-resisted|p1a: Tyranitar\n|-damage|p1a: Tyranitar|93\/100\n|-boost|p2a: Great Tusk|spe|1\n|-sideend|p2: CoolBenji|Toxic Spikes|[from] move: Rapid Spin|[of] p2a: Great Tusk\n|\n|-weather|Sandstorm|[upkeep]\n|-damage|p2a: Great Tusk|88\/100 psn|[from] psn\n|upkeep\n|turn|4\n|\n|t:|1700626671\n|switch|p1a: Glimmora|Glimmora, M|33\/100\n|move|p2a: Great Tusk|Headlong Rush|p1a: Glimmora\n|-supereffective|p1a: Glimmora\n|-damage|p1a: Glimmora|0 fnt\n|-unboost|p2a: Great Tusk|def|1\n|-unboost|p2a: Great Tusk|spd|1\n|-activate|p1a: Glimmora|ability: Toxic Debris\n|-sidestart|p2: CoolBenji|move: Toxic Spikes\n|faint|p1a: Glimmora\n|\n|-weather|Sandstorm|[upkeep]\n|-damage|p2a: Great Tusk|76\/100 psn|[from] psn\n|upkeep\n|\n|t:|1700626683\n|switch|p1a: Garganacl|Garganacl, F|100\/100\n|turn|5\n|\n|t:|1700626696\n|move|p1a: Garganacl|Protect|p1a: Garganacl\n|-singleturn|p1a: Garganacl|Protect\n|move|p2a: Great Tusk|Rapid Spin|p1a: Garganacl\n|-activate|p1a: Garganacl|move: Protect\n|\n|-weather|Sandstorm|[upkeep]\n|-damage|p2a: Great Tusk|63\/100 psn|[from] psn\n|upkeep\n|turn|6\n|\n|t:|1700626705\n|-terastallize|p1a: Garganacl|Ghost\n|move|p2a: Great Tusk|Rapid Spin|p1a: Garganacl\n|-immune|p1a: Garganacl\n|move|p1a: Garganacl|Salt Cure|p2a: Great Tusk\n|-resisted|p2a: Great Tusk\n|-damage|p2a: Great Tusk|60\/100 psn\n|-start|p2a: Great Tusk|Salt Cure\n|\n|-weather|Sandstorm|[upkeep]\n|-damage|p1a: Garganacl|94\/100|[from] Sandstorm\n|-heal|p1a: Garganacl|100\/100|[from] item: Leftovers\n|-damage|p2a: Great Tusk|48\/100 psn|[from] psn\n|-damage|p2a: Great Tusk|35\/100 psn|[from] Salt Cure\n|upkeep\n|turn|7\n|\n|t:|1700626721\n|move|p1a: Garganacl|Protect|p1a: Garganacl\n|-singleturn|p1a: Garganacl|Protect\n|move|p2a: Great Tusk|Knock Off|p1a: Garganacl\n|-activate|p1a: Garganacl|move: Protect\n|\n|-weather|none\n|-damage|p2a: Great Tusk|23\/100 psn|[from] psn\n|-damage|p2a: Great Tusk|10\/100 psn|[from] Salt Cure\n|upkeep\n|turn|8\n|\n|t:|1700626734\n|switch|p1a: Diancie|Diancie|100\/100\n|move|p2a: Great Tusk|Knock Off|p1a: Diancie\n|-resisted|p1a: Diancie\n|-damage|p1a: Diancie|88\/100\n|\n|-damage|p2a: Great Tusk|0 fnt|[from] psn\n|faint|p2a: Great Tusk\n|-end|p2a: Great Tusk|Protosynthesis|[silent]\n|upkeep\n|\n|t:|1700626745\n|switch|p2a: Blaziken|Blaziken, M, shiny|100\/100\n|-status|p2a: Blaziken|psn\n|turn|9\n|\n|t:|1700626756\n|detailschange|p1a: Diancie|Diancie-Mega\n|-mega|p1a: Diancie|Diancie|Diancite\n|move|p1a: Diancie|Diamond Storm|p2a: Blaziken\n|-damage|p2a: Blaziken|15\/100 psn\n|-boost|p1a: Diancie|def|2\n|move|p2a: Blaziken|Close Combat|p1a: Diancie\n|-damage|p1a: Diancie|43\/100\n|-unboost|p2a: Blaziken|def|1\n|-unboost|p2a: Blaziken|spd|1\n|\n|-damage|p2a: Blaziken|2\/100 psn|[from] psn\n|-ability|p2a: Blaziken|Speed Boost|boost\n|-boost|p2a: Blaziken|spe|1\n|upkeep\n|turn|10\n|\n|t:|1700626772\n|switch|p1a: Garganacl|Garganacl, F, tera:Ghost|100\/100\n|move|p2a: Blaziken|Close Combat|p1a: Garganacl\n|-immune|p1a: Garganacl\n|\n|-damage|p2a: Blaziken|0 fnt|[from] psn\n|faint|p2a: Blaziken\n|upkeep\n|\n|t:|1700626781\n|switch|p2a: Ninetales|Ninetales-Alola, F, shiny|100\/100\n|-status|p2a: Ninetales|psn\n|-weather|Snow|[from] ability: Snow Warning|[of] p2a: Ninetales\n|turn|11\n|\n|t:|1700626790\n|switch|p1a: Tyranitar|Tyranitar, F|93\/100\n|-weather|Sandstorm|[from] ability: Sand Stream|[of] p1a: Tyranitar\n|move|p2a: Ninetales|Aurora Veil||[still]\n|-fail|p2a: Ninetales\n|\n|-weather|Sandstorm|[upkeep]\n|-damage|p2a: Ninetales|95\/100 psn|[from] Sandstorm\n|-damage|p2a: Ninetales|82\/100 psn|[from] psn\n|upkeep\n|turn|12\n|-message|CoolBenji forfeited.\n|\n|win|FlyingSudowoodo\n|raw|FlyingSudowoodo's rating: 1383 &rarr; <strong>1399<\/strong><br \/>(+16 for winning)\n|raw|CoolBenji's rating: 1310 &rarr; <strong>1294<\/strong><br \/>(-16 for losing)\n|l|\u2606CoolBenji\n","uploadtime":1700626805,"views":1,"p1id":"flyingsudowoodo","p2id":"coolbenji","formatid":"gen9nationaldex","rating":1294,"private":0,"password":""}