{"id":"gen9nationaldex-1995899105","p1":"MenEnjoyer37","p2":"ihatefun64","format":"[Gen 9] National Dex","log":"|html|<div class=\"broadcast-blue\"><strong>[Gen 9] National Dex is currently suspecting Sneasler! For information on how to participate check out the <a href=\"https:\/\/www.smogon.com\/forums\/threads\/sv-national-dex-suspect-8-just-dance.3731534\/\">suspect thread<\/a>.<\/strong><\/div>\n|j|\u2606MenEnjoyer37\n|j|\u2606ihatefun64\n|t:|1700615110\n|gametype|singles\n|player|p1|MenEnjoyer37|yellow|\n|player|p2|ihatefun64|101|\n|teamsize|p1|6\n|teamsize|p2|6\n|gen|9\n|tier|[Gen 9] National Dex\n|rule|HP Percentage Mod: HP is shown in percentages\n|rule|Endless Battle Clause: Forcing endless battles is banned\n|rule|OHKO Clause: OHKO moves are banned\n|rule|Evasion Clause: Evasion abilities, items, and moves are banned\n|rule|Evasion Abilities Clause: Evasion abilities are banned\n|rule|Evasion Items Clause: Evasion items are banned\n|rule|Evasion Moves Clause: Evasion moves are banned\n|rule|Species Clause: Limit one of each Pok\u00e9mon\n|rule|Sleep Clause Mod: Limit one foe put to sleep\n|clearpoke\n|poke|p1|Lopunny, F|\n|poke|p1|Garganacl, M|\n|poke|p1|Skarmory, M|\n|poke|p1|Hippowdon, F|\n|poke|p1|Quagsire, M|\n|poke|p1|Amoonguss, M|\n|poke|p2|Krookodile, F|\n|poke|p2|Terrakion|\n|poke|p2|Revavroom, M|\n|poke|p2|Keldeo|\n|poke|p2|Ferrothorn, M|\n|poke|p2|Hydreigon, F|\n|teampreview\n|j| AprilMayCry\n|c| AprilMayCry|https:\/\/open.spotify.com\/track\/4BIuc2x9q2bidnV3eLlvFg?si=02552af3896b4c01\n|\n|t:|1700615205\n|start\n|switch|p1a: Rocky from Rocky|Skarmory, M|100\/100\n|switch|p2a: Ferrothorn|Ferrothorn, M|100\/100\n|turn|1\n|\n|t:|1700615218\n|move|p1a: Rocky from Rocky|Spikes|p2a: Ferrothorn\n|-sidestart|p2: ihatefun64|Spikes\n|move|p2a: Ferrothorn|Knock Off|p1a: Rocky from Rocky\n|-damage|p1a: Rocky from Rocky|89\/100\n|-damage|p2a: Ferrothorn|84\/100|[from] item: Rocky Helmet|[of] p1a: Rocky from Rocky\n|-enditem|p1a: Rocky from Rocky|Rocky Helmet|[from] move: Knock Off|[of] p2a: Ferrothorn\n|\n|upkeep\n|turn|2\n|\n|t:|1700615225\n|move|p1a: Rocky from Rocky|Spikes|p2a: Ferrothorn\n|-sidestart|p2: ihatefun64|Spikes\n|move|p2a: Ferrothorn|Leech Seed|p1a: Rocky from Rocky\n|-start|p1a: Rocky from Rocky|move: Leech Seed\n|\n|-damage|p1a: Rocky from Rocky|76\/100|[from] Leech Seed|[of] p2a: Ferrothorn\n|-heal|p2a: Ferrothorn|96\/100|[silent]\n|upkeep\n|turn|3\n|\n|t:|1700615231\n|move|p1a: Rocky from Rocky|Iron Defense|p1a: Rocky from Rocky\n|-boost|p1a: Rocky from Rocky|def|2\n|move|p2a: Ferrothorn|Stealth Rock|p1a: Rocky from Rocky\n|-sidestart|p1: MenEnjoyer37|move: Stealth Rock\n|\n|-damage|p1a: Rocky from Rocky|64\/100|[from] Leech Seed|[of] p2a: Ferrothorn\n|-heal|p2a: Ferrothorn|100\/100|[silent]\n|upkeep\n|turn|4\n|\n|t:|1700615248\n|move|p1a: Rocky from Rocky|Spikes|p2a: Ferrothorn\n|-sidestart|p2: ihatefun64|Spikes\n|move|p2a: Ferrothorn|Knock Off|p1a: Rocky from Rocky\n|-damage|p1a: Rocky from Rocky|59\/100\n|\n|-damage|p1a: Rocky from Rocky|47\/100|[from] Leech Seed|[of] p2a: Ferrothorn\n|upkeep\n|turn|5\n|\n|t:|1700615268\n|move|p1a: Rocky from Rocky|Roost|p1a: Rocky from Rocky\n|-heal|p1a: Rocky from Rocky|97\/100\n|-singleturn|p1a: Rocky from Rocky|move: Roost\n|move|p2a: Ferrothorn|Knock Off|p1a: Rocky from Rocky\n|-damage|p1a: Rocky from Rocky|93\/100\n|\n|-damage|p1a: Rocky from Rocky|80\/100|[from] Leech Seed|[of] p2a: Ferrothorn\n|upkeep\n|turn|6\n|\n|t:|1700615277\n|move|p1a: Rocky from Rocky|Iron Defense|p1a: Rocky from Rocky\n|-boost|p1a: Rocky from Rocky|def|2\n|move|p2a: Ferrothorn|Power Whip|p1a: Rocky from Rocky|[miss]\n|-miss|p2a: Ferrothorn|p1a: Rocky from Rocky\n|\n|-damage|p1a: Rocky from Rocky|68\/100|[from] Leech Seed|[of] p2a: Ferrothorn\n|upkeep\n|turn|7\n|\n|t:|1700615284\n|move|p1a: Rocky from Rocky|Body Press|p2a: Ferrothorn\n|-supereffective|p2a: Ferrothorn\n|-damage|p2a: Ferrothorn|0 fnt\n|-damage|p1a: Rocky from Rocky|56\/100|[from] ability: Iron Barbs|[of] p2a: Ferrothorn\n|faint|p2a: Ferrothorn\n|\n|upkeep\n|\n|t:|1700615288\n|switch|p2a: Keldeo|Keldeo|100\/100\n|-damage|p2a: Keldeo|76\/100|[from] Spikes\n|turn|8\n|\n|t:|1700615310\n|switch|p1a: Ode to Crayola|Quagsire, M|100\/100\n|-damage|p1a: Ode to Crayola|94\/100|[from] Stealth Rock\n|move|p2a: Keldeo|Hydro Pump|p1a: Ode to Crayola\n|-heal|p1a: Ode to Crayola|100\/100|[from] ability: Water Absorb|[of] p2a: Keldeo\n|\n|upkeep\n|turn|9\n|c| AprilMayCry|babe wanna play the fate fighting game\n|j| SnugboatThe2st\n|c| SnugboatThe2st|That game sucks ass\n|\n|t:|1700615351\n|switch|p2a: Hydreigon|Hydreigon, F|100\/100\n|move|p1a: Ode to Crayola|Hidden Power|p2a: Hydreigon\n|-resisted|p2a: Hydreigon\n|-damage|p2a: Hydreigon|95\/100\n|\n|-heal|p2a: Hydreigon|100\/100|[from] item: Leftovers\n|upkeep\n|turn|10\n|c| AprilMayCry|literally nobody asked you white devil\n|\n|t:|1700615375\n|switch|p1a: Bill TeraWatterson|Garganacl, M|100\/100\n|-damage|p1a: Bill TeraWatterson|88\/100|[from] Stealth Rock\n|move|p2a: Hydreigon|Dark Pulse|p1a: Bill TeraWatterson\n|-damage|p1a: Bill TeraWatterson|65\/100\n|\n|-heal|p1a: Bill TeraWatterson|71\/100|[from] item: Leftovers\n|upkeep\n|turn|11\n|\n|t:|1700615410\n|move|p2a: Hydreigon|Nasty Plot|p2a: Hydreigon\n|-boost|p2a: Hydreigon|spa|2\n|move|p1a: Bill TeraWatterson|Salt Cure|p2a: Hydreigon\n|-damage|p2a: Hydreigon|84\/100\n|-start|p2a: Hydreigon|Salt Cure\n|\n|-heal|p2a: Hydreigon|90\/100|[from] item: Leftovers\n|-heal|p1a: Bill TeraWatterson|77\/100|[from] item: Leftovers\n|-damage|p2a: Hydreigon|77\/100|[from] Salt Cure\n|upkeep\n|turn|12\n|\n|t:|1700615441\n|switch|p1a: Rocky from Rocky|Skarmory, M|56\/100\n|-damage|p1a: Rocky from Rocky|44\/100|[from] Stealth Rock\n|move|p2a: Hydreigon|Earth Power|p1a: Rocky from Rocky\n|-immune|p1a: Rocky from Rocky\n|\n|-heal|p2a: Hydreigon|84\/100|[from] item: Leftovers\n|-damage|p2a: Hydreigon|71\/100|[from] Salt Cure\n|upkeep\n|turn|13\n|\n|t:|1700615452\n|move|p2a: Hydreigon|Dark Pulse|p1a: Rocky from Rocky\n|-damage|p1a: Rocky from Rocky|0 fnt\n|faint|p1a: Rocky from Rocky\n|\n|-heal|p2a: Hydreigon|77\/100|[from] item: Leftovers\n|-damage|p2a: Hydreigon|65\/100|[from] Salt Cure\n|upkeep\n|\n|t:|1700615460\n|switch|p1a: Smooches You|Lopunny, F, shiny|100\/100\n|-damage|p1a: Smooches You|88\/100|[from] Stealth Rock\n|turn|14\n|j| Axellion624\n|\n|t:|1700615486\n|switch|p2a: Terrakion|Terrakion|100\/100\n|-damage|p2a: Terrakion|76\/100|[from] Spikes\n|detailschange|p1a: Smooches You|Lopunny-Mega, F, shiny\n|-mega|p1a: Smooches You|Lopunny|Lopunnite\n|move|p1a: Smooches You|Close Combat|p2a: Terrakion\n|-supereffective|p2a: Terrakion\n|-damage|p2a: Terrakion|0 fnt\n|-unboost|p1a: Smooches You|def|1\n|-unboost|p1a: Smooches You|spd|1\n|faint|p2a: Terrakion\n|\n|upkeep\n|c| Axellion624|gay\n|c| AprilMayCry|never\n|\n|t:|1700615498\n|switch|p2a: Krookodile|Krookodile, F|100\/100\n|-damage|p2a: Krookodile|76\/100|[from] Spikes\n|turn|15\n|\n|t:|1700615542\n|switch|p1a: Ode to Crayola|Quagsire, M|100\/100\n|-damage|p1a: Ode to Crayola|94\/100|[from] Stealth Rock\n|-terastallize|p2a: Krookodile|Ground\n|move|p2a: Krookodile|Earthquake|p1a: Ode to Crayola\n|-damage|p1a: Ode to Crayola|51\/100\n|\n|-heal|p1a: Ode to Crayola|57\/100|[from] item: Leftovers\n|upkeep\n|turn|16\n|\n|t:|1700615561\n|move|p2a: Krookodile|Earthquake|p1a: Ode to Crayola\n|-damage|p1a: Ode to Crayola|15\/100\n|move|p1a: Ode to Crayola|Recover|p1a: Ode to Crayola\n|-heal|p1a: Ode to Crayola|65\/100\n|\n|-heal|p1a: Ode to Crayola|71\/100|[from] item: Leftovers\n|upkeep\n|turn|17\n|\n|t:|1700615568\n|move|p2a: Krookodile|Earthquake|p1a: Ode to Crayola\n|-damage|p1a: Ode to Crayola|29\/100\n|move|p1a: Ode to Crayola|Recover|p1a: Ode to Crayola\n|-heal|p1a: Ode to Crayola|79\/100\n|\n|-heal|p1a: Ode to Crayola|85\/100|[from] item: Leftovers\n|upkeep\n|turn|18\n|\n|t:|1700615583\n|switch|p2a: Hydreigon|Hydreigon, F|65\/100\n|move|p1a: Ode to Crayola|Recover|p1a: Ode to Crayola\n|-heal|p1a: Ode to Crayola|100\/100\n|\n|-heal|p2a: Hydreigon|71\/100|[from] item: Leftovers\n|upkeep\n|turn|19\n|\n|t:|1700615613\n|switch|p1a: Big Bazonkers|Hippowdon, F|100\/100\n|-damage|p1a: Big Bazonkers|94\/100|[from] Stealth Rock\n|-weather|Sandstorm|[from] ability: Sand Stream|[of] p1a: Big Bazonkers\n|move|p2a: Hydreigon|Dark Pulse|p1a: Big Bazonkers\n|-damage|p1a: Big Bazonkers|66\/100\n|\n|-weather|Sandstorm|[upkeep]\n|-damage|p2a: Hydreigon|65\/100|[from] Sandstorm\n|-heal|p2a: Hydreigon|71\/100|[from] item: Leftovers\n|-heal|p1a: Big Bazonkers|72\/100|[from] item: Leftovers\n|upkeep\n|turn|20\n|c| AprilMayCry|thats so true\n|\n|t:|1700615627\n|move|p2a: Hydreigon|Nasty Plot|p2a: Hydreigon\n|-boost|p2a: Hydreigon|spa|2\n|move|p1a: Big Bazonkers|Whirlwind|p2a: Hydreigon\n|drag|p2a: Revavroom|Revavroom, M|100\/100\n|-damage|p2a: Revavroom|76\/100|[from] Spikes\n|\n|-weather|Sandstorm|[upkeep]\n|-heal|p1a: Big Bazonkers|78\/100|[from] item: Leftovers\n|upkeep\n|turn|21\n|\n|t:|1700615636\n|switch|p2a: Hydreigon|Hydreigon, F|71\/100\n|move|p1a: Big Bazonkers|Whirlwind|p2a: Hydreigon\n|drag|p2a: Keldeo|Keldeo|76\/100\n|-damage|p2a: Keldeo|51\/100|[from] Spikes\n|\n|-weather|Sandstorm|[upkeep]\n|-damage|p2a: Keldeo|45\/100|[from] Sandstorm\n|-heal|p1a: Big Bazonkers|84\/100|[from] item: Leftovers\n|upkeep\n|turn|22\n|\n|t:|1700615647\n|switch|p1a: Ode to Crayola|Quagsire, M|100\/100\n|-damage|p1a: Ode to Crayola|94\/100|[from] Stealth Rock\n|move|p2a: Keldeo|Hydro Pump|p1a: Ode to Crayola\n|-heal|p1a: Ode to Crayola|100\/100|[from] ability: Water Absorb|[of] p2a: Keldeo\n|\n|-weather|Sandstorm|[upkeep]\n|-damage|p2a: Keldeo|39\/100|[from] Sandstorm\n|upkeep\n|turn|23\n|\n|t:|1700615660\n|move|p2a: Keldeo|Aura Sphere|p1a: Ode to Crayola\n|-damage|p1a: Ode to Crayola|50\/100\n|move|p1a: Ode to Crayola|Toxic Spikes|p2a: Keldeo\n|-sidestart|p2: ihatefun64|move: Toxic Spikes\n|\n|-weather|none\n|-heal|p1a: Ode to Crayola|56\/100|[from] item: Leftovers\n|upkeep\n|turn|24\n|\n|t:|1700615672\n|-terastallize|p1a: Ode to Crayola|Ghost\n|move|p2a: Keldeo|Aura Sphere|p1a: Ode to Crayola\n|-immune|p1a: Ode to Crayola\n|move|p1a: Ode to Crayola|Hidden Power|p2a: Keldeo\n|-supereffective|p2a: Keldeo\n|-damage|p2a: Keldeo|15\/100\n|\n|-heal|p1a: Ode to Crayola|62\/100|[from] item: Leftovers\n|upkeep\n|turn|25\n|\n|t:|1700615682\n|move|p2a: Keldeo|Icy Wind|p1a: Ode to Crayola\n|-damage|p1a: Ode to Crayola|38\/100\n|-unboost|p1a: Ode to Crayola|spe|1\n|move|p1a: Ode to Crayola|Hidden Power|p2a: Keldeo\n|-supereffective|p2a: Keldeo\n|-damage|p2a: Keldeo|0 fnt\n|faint|p2a: Keldeo\n|\n|-heal|p1a: Ode to Crayola|44\/100|[from] item: Leftovers\n|upkeep\n|\n|t:|1700615697\n|switch|p2a: Revavroom|Revavroom, M|76\/100\n|-damage|p2a: Revavroom|51\/100|[from] Spikes\n|-sideend|p2: ihatefun64|move: Toxic Spikes|[of] p2a: Revavroom\n|turn|26\n|\n|t:|1700615703\n|move|p2a: Revavroom|Iron Head|p1a: Ode to Crayola\n|-damage|p1a: Ode to Crayola|15\/100\n|move|p1a: Ode to Crayola|Earthquake|p2a: Revavroom\n|-supereffective|p2a: Revavroom\n|-damage|p2a: Revavroom|0 fnt\n|faint|p2a: Revavroom\n|\n|-heal|p1a: Ode to Crayola|21\/100|[from] item: Leftovers\n|upkeep\n|\n|t:|1700615707\n|switch|p2a: Krookodile|Krookodile, F, tera:Ground|76\/100\n|-damage|p2a: Krookodile|51\/100|[from] Spikes\n|turn|27\n|\n|t:|1700615716\n|move|p2a: Krookodile|Earthquake|p1a: Ode to Crayola\n|-damage|p1a: Ode to Crayola|0 fnt\n|faint|p1a: Ode to Crayola\n|-ability|p2a: Krookodile|Moxie|boost\n|-boost|p2a: Krookodile|atk|1\n|\n|upkeep\n|\n|t:|1700615725\n|switch|p1a: Smooches You|Lopunny-Mega, F, shiny|88\/100\n|-damage|p1a: Smooches You|82\/100|[from] Stealth Rock\n|turn|28\n|\n|t:|1700615729\n|move|p1a: Smooches You|Fake Out|p2a: Krookodile\n|-damage|p2a: Krookodile|23\/100\n|cant|p2a: Krookodile|flinch\n|\n|upkeep\n|turn|29\n|\n|t:|1700615753\n|switch|p1a: Amoonguss|Amoonguss, M|100\/100\n|-damage|p1a: Amoonguss|88\/100|[from] Stealth Rock\n|move|p2a: Krookodile|Earthquake|p1a: Amoonguss\n|-crit|p1a: Amoonguss\n|-damage|p1a: Amoonguss|0 fnt\n|faint|p1a: Amoonguss\n|-ability|p2a: Krookodile|Moxie|boost\n|-boost|p2a: Krookodile|atk|1\n|\n|upkeep\n|\n|t:|1700615762\n|switch|p1a: Smooches You|Lopunny-Mega, F, shiny|82\/100\n|-damage|p1a: Smooches You|77\/100|[from] Stealth Rock\n|turn|30\n|\n|t:|1700615767\n|move|p1a: Smooches You|Fake Out|p2a: Krookodile\n|-damage|p2a: Krookodile|0 fnt\n|faint|p2a: Krookodile\n|\n|upkeep\n|\n|t:|1700615769\n|switch|p2a: Hydreigon|Hydreigon, F|71\/100\n|turn|31\n|\n|t:|1700615773\n|move|p1a: Smooches You|Close Combat|p2a: Hydreigon\n|-supereffective|p2a: Hydreigon\n|-damage|p2a: Hydreigon|0 fnt\n|-unboost|p1a: Smooches You|def|1\n|-unboost|p1a: Smooches You|spd|1\n|faint|p2a: Hydreigon\n|\n|win|MenEnjoyer37\n|l|\u2606ihatefun64\n","uploadtime":1700615781,"views":1,"p1id":"menenjoyer37","p2id":"ihatefun64","formatid":"gen9nationaldex","rating":0,"private":0,"password":""}