{"id":"gen9nationaldex-1992742505","p1":"TheGameFreak55","p2":"DITTO HAS APPERARD","format":"[Gen 9] National Dex","log":"|j|\u2606TheGameFreak55\n|j|\u2606DITTO HAS APPERARD\n|t:|1700231252\n|gametype|singles\n|player|p1|TheGameFreak55|1|1000\n|player|p2|DITTO HAS APPERARD|plasmagrunt|1027\n|teamsize|p1|6\n|teamsize|p2|6\n|gen|9\n|tier|[Gen 9] National Dex\n|rated|\n|rule|HP Percentage Mod: HP is shown in percentages\n|rule|Endless Battle Clause: Forcing endless battles is banned\n|rule|OHKO Clause: OHKO moves are banned\n|rule|Evasion Clause: Evasion abilities, items, and moves are banned\n|rule|Evasion Abilities Clause: Evasion abilities are banned\n|rule|Evasion Items Clause: Evasion items are banned\n|rule|Evasion Moves Clause: Evasion moves are banned\n|rule|Species Clause: Limit one of each Pok\u00e9mon\n|rule|Sleep Clause Mod: Limit one foe put to sleep\n|clearpoke\n|poke|p1|Raichu, M|\n|poke|p1|Metagross|\n|poke|p1|Gyarados, M|\n|poke|p1|Charizard, M|\n|poke|p1|Gardevoir, M|\n|poke|p1|Grimmsnarl, M|\n|poke|p2|Diancie|\n|poke|p2|Terrakion|\n|poke|p2|Aggron, F|\n|poke|p2|Cradily, F|\n|poke|p2|Carbink|\n|poke|p2|Stakataka|\n|teampreview\n|c|\u2606TheGameFreak55|yooo\n|\n|t:|1700231265\n|start\n|switch|p1a: RoyalRed|Gyarados, M, shiny|100\/100\n|switch|p2a: Carbink|Carbink|100\/100\n|-ability|p1a: RoyalRed|Intimidate|boost\n|-unboost|p2a: Carbink|atk|1\n|turn|1\n|c|\u2606DITTO HAS APPERARD|?\n|\n|t:|1700231280\n|move|p1a: RoyalRed|Rain Dance|p1a: RoyalRed\n|-weather|RainDance\n|move|p2a: Carbink|Trick Room|p2a: Carbink\n|-fieldstart|move: Trick Room|[of] p2a: Carbink\n|-enditem|p2a: Carbink|Room Service\n|-unboost|p2a: Carbink|spe|1|[from] item: Room Service\n|\n|-weather|RainDance|[upkeep]\n|upkeep\n|turn|2\n|c|\u2606TheGameFreak55|w team\n|\n|t:|1700231288\n|move|p2a: Carbink|Misty Explosion|p1a: RoyalRed\n|-damage|p1a: RoyalRed|79\/100\n|faint|p2a: Carbink\n|move|p1a: RoyalRed|Hydro Pump|p2: Carbink|[notarget]\n|-fail|p1a: RoyalRed\n|\n|-weather|RainDance|[upkeep]\n|upkeep\n|\n|t:|1700231294\n|switch|p2a: Tank|Stakataka|100\/100\n|turn|3\n|c|\u2606TheGameFreak55|is it a troll sweep?\n|\n|t:|1700231304\n|switch|p2a: Tasty water|Cradily, F|100\/100\n|move|p1a: RoyalRed|Hydro Pump|p2a: Tasty water\n|-ability|p2a: Tasty water|Storm Drain|boost\n|-boost|p2a: Tasty water|spa|1\n|\n|-weather|RainDance|[upkeep]\n|upkeep\n|turn|4\n|c|\u2606DITTO HAS APPERARD|Kinda\n|\n|t:|1700231315\n|move|p2a: Tasty water|Giga Drain|p1a: RoyalRed\n|-damage|p1a: RoyalRed|43\/100\n|move|p1a: RoyalRed|Fire Blast|p2a: Tasty water\n|-damage|p2a: Tasty water|94\/100\n|\n|-weather|RainDance|[upkeep]\n|upkeep\n|turn|5\n|\n|t:|1700231323\n|move|p2a: Tasty water|Leech Seed|p1a: RoyalRed\n|-start|p1a: RoyalRed|move: Leech Seed\n|move|p1a: RoyalRed|Earthquake|p2a: Tasty water\n|-damage|p2a: Tasty water|66\/100\n|\n|-weather|none\n|-damage|p1a: RoyalRed|31\/100|[from] Leech Seed|[of] p2a: Tasty water\n|-heal|p2a: Tasty water|79\/100|[silent]\n|-fieldend|move: Trick Room\n|upkeep\n|turn|6\n|\n|t:|1700231351\n|move|p1a: RoyalRed|Earthquake|p2a: Tasty water\n|-damage|p2a: Tasty water|51\/100\n|move|p2a: Tasty water|Giga Drain|p1a: RoyalRed\n|-damage|p1a: RoyalRed|0 fnt\n|-heal|p2a: Tasty water|67\/100|[from] drain|[of] p1a: RoyalRed\n|faint|p1a: RoyalRed\n|\n|upkeep\n|\n|t:|1700231363\n|switch|p1a: BluRaspberry|Gardevoir, M, shiny|100\/100\n|-ability|p1a: BluRaspberry|Storm Drain|[from] ability: Trace|[of] p2a: Tasty water\n|turn|7\n|c|\u2606DITTO HAS APPERARD|Das some good wata\n|\n|t:|1700231374\n|move|p1a: BluRaspberry|Moonblast|p2a: Tasty water\n|-damage|p2a: Tasty water|27\/100\n|move|p2a: Tasty water|Power Whip|p1a: BluRaspberry\n|-damage|p1a: BluRaspberry|47\/100\n|\n|upkeep\n|turn|8\n|\n|t:|1700231383\n|move|p1a: BluRaspberry|Moonblast|p2a: Tasty water\n|-damage|p2a: Tasty water|0 fnt\n|faint|p2a: Tasty water\n|-heal|p1a: BluRaspberry|51\/100|[from] item: Shell Bell|[of] p2: Tasty water\n|\n|upkeep\n|\n|t:|1700231390\n|switch|p2a: Diancie|Diancie, shiny|100\/100\n|turn|9\n|\n|t:|1700231419\n|move|p1a: BluRaspberry|Moonblast|p2a: Diancie\n|-damage|p2a: Diancie|53\/100\n|-heal|p1a: BluRaspberry|56\/100|[from] item: Shell Bell|[of] p2a: Diancie\n|move|p2a: Diancie|Gyro Ball|p1a: BluRaspberry\n|-supereffective|p1a: BluRaspberry\n|-damage|p1a: BluRaspberry|0 fnt\n|faint|p1a: BluRaspberry\n|\n|upkeep\n|c|\u2606TheGameFreak55|sorry\n|c|\u2606TheGameFreak55|im in inschool suspention\n|\n|t:|1700231438\n|switch|p1a: Casper|Grimmsnarl, M, shiny|100\/100\n|turn|10\n|c|\u2606DITTO HAS APPERARD|Oh\n|c|\u2606TheGameFreak55|ye\n|c|\u2606DITTO HAS APPERARD|Ur good\n|c|\u2606TheGameFreak55|thx\n|\n|t:|1700231458\n|move|p1a: Casper|Light Screen|p1a: Casper\n|-sidestart|p1: TheGameFreak55|move: Light Screen\n|move|p2a: Diancie|Gyro Ball|p1a: Casper\n|-supereffective|p1a: Casper\n|-damage|p1a: Casper|15\/100\n|\n|upkeep\n|turn|11\n|c|\u2606DITTO HAS APPERARD|Np \ud83d\udc4d\n|\n|t:|1700231465\n|move|p1a: Casper|Dark Pulse|p2a: Diancie\n|-resisted|p2a: Diancie\n|-damage|p2a: Diancie|41\/100\n|move|p2a: Diancie|Gyro Ball|p1a: Casper\n|-supereffective|p1a: Casper\n|-damage|p1a: Casper|0 fnt\n|faint|p1a: Casper\n|\n|upkeep\n|c|\u2606TheGameFreak55|this team is basically a carbon copy of my sword team\n|\n|t:|1700231483\n|switch|p1a: RaiRai|Raichu, M, shiny|100\/100\n|turn|12\n|c|\u2606TheGameFreak55|everything about my team is the exact same\n|\n|t:|1700231503\n|move|p1a: RaiRai|Surf|p2a: Diancie\n|-supereffective|p2a: Diancie\n|-damage|p2a: Diancie|0 fnt\n|faint|p2a: Diancie\n|\n|upkeep\n|c|\u2606DITTO HAS APPERARD|I have other teams like this\n|\n|t:|1700231511\n|switch|p2a: Prowler|Aggron, F|100\/100\n|turn|13\n|c|\u2606TheGameFreak55|its a good team\n|c|\u2606TheGameFreak55|sweeper teams r a w\n|\n|t:|1700231532\n|detailschange|p2a: Prowler|Aggron-Mega, F\n|-mega|p2a: Prowler|Aggron|Aggronite\n|-terastallize|p1a: RaiRai|Electric\n|move|p1a: RaiRai|Surf|p2a: Prowler\n|-damage|p2a: Prowler|72\/100\n|move|p2a: Prowler|Iron Defense|p2a: Prowler\n|-boost|p2a: Prowler|def|2\n|\n|upkeep\n|turn|14\n|\n|t:|1700231545\n|switch|p1a: SirGoldCrush|Metagross, shiny|100\/100\n|move|p2a: Prowler|Body Press|p1a: SirGoldCrush\n|-damage|p1a: SirGoldCrush|12\/100\n|\n|upkeep\n|turn|15\n|c|\u2606DITTO HAS APPERARD|Tank\n|\n|t:|1700231556\n|move|p1a: SirGoldCrush|Bullet Punch|p2a: Prowler\n|-resisted|p2a: Prowler\n|-damage|p2a: Prowler|69\/100\n|move|p2a: Prowler|Body Press|p1a: SirGoldCrush\n|-damage|p1a: SirGoldCrush|0 fnt\n|faint|p1a: SirGoldCrush\n|\n|upkeep\n|c|\u2606DITTO HAS APPERARD|Bonk\n|c|\u2606TheGameFreak55|oof\n|\n|t:|1700231565\n|switch|p1a: Smokey|Charizard, M, shiny|100\/100\n|turn|16\n|\n|t:|1700231569\n|move|p1a: Smokey|Flare Blitz|p2a: Prowler\n|-supereffective|p2a: Prowler\n|-damage|p2a: Prowler|55\/100\n|-damage|p1a: Smokey|95\/100|[from] Recoil\n|move|p2a: Prowler|Head Smash|p1a: Smokey\n|-supereffective|p1a: Smokey\n|-damage|p1a: Smokey|0 fnt\n|faint|p1a: Smokey\n|-damage|p2a: Prowler|14\/100|[from] Recoil\n|\n|upkeep\n|c|\u2606TheGameFreak55|bro swept my whole team\n|\n|t:|1700231591\n|switch|p1a: RaiRai|Raichu, M, shiny, tera:Electric|100\/100\n|turn|17\n|c|\u2606DITTO HAS APPERARD|.-.\n|\n|t:|1700231601\n|move|p1a: RaiRai|Thunder|p2a: Prowler\n|-damage|p2a: Prowler|0 fnt\n|faint|p2a: Prowler\n|\n|-sideend|p1: TheGameFreak55|move: Light Screen\n|upkeep\n|c|\u2606DITTO HAS APPERARD|;-;\n|c|\u2606DITTO HAS APPERARD|prowler\n|\n|t:|1700231616\n|switch|p2a: Tank|Stakataka|100\/100\n|turn|18\n|c|\u2606TheGameFreak55|prowler moment\n|\n|t:|1700231627\n|move|p1a: RaiRai|Surf|p2a: Tank\n|-supereffective|p2a: Tank\n|-damage|p2a: Tank|61\/100\n|move|p2a: Tank|Body Press|p1a: RaiRai\n|-damage|p1a: RaiRai|4\/100\n|\n|upkeep\n|turn|19\n|c|\u2606DITTO HAS APPERARD|.-.\n|c|\u2606TheGameFreak55|bro assasinated my team\n|c|\u2606DITTO HAS APPERARD|Gg\n|c|\u2606TheGameFreak55|gg\n|\n|t:|1700231651\n|move|p1a: RaiRai|Surf|p2a: Tank\n|-supereffective|p2a: Tank\n|-damage|p2a: Tank|24\/100\n|move|p2a: Tank|Heavy Slam|p1a: RaiRai\n|-resisted|p1a: RaiRai\n|-damage|p1a: RaiRai|0 fnt\n|faint|p1a: RaiRai\n|\n|win|DITTO HAS APPERARD\n|raw|TheGameFreak55's rating: 1000 &rarr; <strong>1000<\/strong><br \/>(+0 for losing)\n|raw|DITTO HAS APPERARD's rating: 1027 &rarr; <strong>1060<\/strong><br \/>(+33 for winning)\n|c|\u2606TheGameFreak55|good like in ur next bttles\n|l|\u2606TheGameFreak55\n|l|\u2606DITTO HAS APPERARD\n|j|\u2606DITTO HAS APPERARD\n|player|p2|DITTO HAS APPERARD|plasmagrunt\n","uploadtime":1700231960,"views":6,"p1id":"thegamefreak55","p2id":"dittohasapperard","formatid":"gen9nationaldex","rating":1000,"private":0,"password":""}