{"id":"gen9nationaldex-1987785527","p1":"pitosuciotetas","p2":"nerdZ","format":"[Gen 9] National Dex","log":"|j|\u2606pitosuciotetas\n|j|\u2606nerdZ\n|t:|1699636696\n|gametype|singles\n|player|p1|pitosuciotetas|clerk-boss|1494\n|player|p2|nerdZ|101|1507\n|teamsize|p1|6\n|teamsize|p2|6\n|gen|9\n|tier|[Gen 9] National Dex\n|rated|\n|rule|HP Percentage Mod: HP is shown in percentages\n|rule|Endless Battle Clause: Forcing endless battles is banned\n|rule|OHKO Clause: OHKO moves are banned\n|rule|Evasion Clause: Evasion abilities, items, and moves are banned\n|rule|Evasion Abilities Clause: Evasion abilities are banned\n|rule|Evasion Items Clause: Evasion items are banned\n|rule|Evasion Moves Clause: Evasion moves are banned\n|rule|Species Clause: Limit one of each Pok\u00e9mon\n|rule|Sleep Clause Mod: Limit one foe put to sleep\n|clearpoke\n|poke|p1|Clodsire, F|\n|poke|p1|Scizor, F|\n|poke|p1|Haxorus, M|\n|poke|p1|Hatterene, F|\n|poke|p1|Dondozo, M|\n|poke|p1|Heatran, M|\n|poke|p2|Charizard, M|\n|poke|p2|Great Tusk|\n|poke|p2|Heatran, F|\n|poke|p2|Rotom-Wash|\n|poke|p2|Garchomp, M|\n|poke|p2|Tapu Lele|\n|teampreview\n|inactive|Battle timer is ON: inactive players will automatically lose when time's up. (requested by pitosuciotetas)\n|\n|t:|1699636708\n|start\n|switch|p1a: Clodsire|Clodsire, F|100\/100\n|switch|p2a: Charizard|Charizard, M, shiny|100\/100\n|turn|1\n|\n|t:|1699636714\n|detailschange|p2a: Charizard|Charizard-Mega-Y, M, shiny\n|-mega|p2a: Charizard|Charizard|Charizardite Y\n|-weather|SunnyDay|[from] ability: Drought|[of] p2a: Charizard\n|move|p2a: Charizard|Fire Blast|p1a: Clodsire\n|-damage|p1a: Clodsire|45\/100\n|move|p1a: Clodsire|Toxic|p2a: Charizard\n|-status|p2a: Charizard|tox\n|\n|-weather|SunnyDay|[upkeep]\n|-heal|p1a: Clodsire|52\/100|[from] item: Leftovers\n|-damage|p2a: Charizard|94\/100 tox|[from] psn\n|upkeep\n|turn|2\n|\n|t:|1699636725\n|move|p2a: Charizard|Scorching Sands|p1a: Clodsire\n|-supereffective|p1a: Clodsire\n|-damage|p1a: Clodsire|23\/100\n|-status|p1a: Clodsire|brn\n|move|p1a: Clodsire|Recover|p1a: Clodsire\n|-heal|p1a: Clodsire|73\/100 brn\n|\n|-weather|SunnyDay|[upkeep]\n|-heal|p1a: Clodsire|79\/100 brn|[from] item: Leftovers\n|-damage|p2a: Charizard|82\/100 tox|[from] psn\n|-damage|p1a: Clodsire|73\/100 brn|[from] brn\n|upkeep\n|turn|3\n|\n|t:|1699636736\n|switch|p2a: Heatran|Heatran, F|100\/100\n|move|p1a: Clodsire|Recover|p1a: Clodsire\n|-heal|p1a: Clodsire|100\/100 brn\n|\n|-weather|SunnyDay|[upkeep]\n|-damage|p1a: Clodsire|94\/100 brn|[from] brn\n|upkeep\n|turn|4\n|\n|t:|1699636746\n|switch|p1a: Dondozo|Dondozo, M|100\/100\n|move|p2a: Heatran|Earth Power|p1a: Dondozo\n|-damage|p1a: Dondozo|77\/100\n|\n|-weather|SunnyDay|[upkeep]\n|-heal|p1a: Dondozo|83\/100|[from] item: Leftovers\n|upkeep\n|turn|5\n|\n|t:|1699636754\n|switch|p2a: Rotom|Rotom-Wash|100\/100\n|move|p1a: Dondozo|Body Press|p2a: Rotom\n|-damage|p2a: Rotom|80\/100\n|\n|-weather|none\n|-heal|p2a: Rotom|86\/100|[from] item: Leftovers\n|-heal|p1a: Dondozo|89\/100|[from] item: Leftovers\n|upkeep\n|turn|6\n|\n|t:|1699636769\n|switch|p2a: Garchomp|Garchomp, M|100\/100\n|switch|p1a: Clodsire|Clodsire, F|94\/100 brn\n|\n|-heal|p1a: Clodsire|100\/100 brn|[from] item: Leftovers\n|-damage|p1a: Clodsire|94\/100 brn|[from] brn\n|upkeep\n|turn|7\n|\n|t:|1699636779\n|switch|p1a: Hatterene|Hatterene, F|100\/100\n|move|p2a: Garchomp|Scale Shot|p1a: Hatterene\n|-immune|p1a: Hatterene\n|\n|upkeep\n|turn|8\n|\n|t:|1699636785\n|switch|p2a: Heatran|Heatran, F|100\/100\n|move|p1a: Hatterene|Calm Mind|p1a: Hatterene\n|-boost|p1a: Hatterene|spa|1\n|-boost|p1a: Hatterene|spd|1\n|\n|upkeep\n|turn|9\n|\n|t:|1699636791\n|switch|p1a: Dondozo|Dondozo, M|89\/100\n|move|p2a: Heatran|Magma Storm|p1a: Dondozo\n|-resisted|p1a: Dondozo\n|-damage|p1a: Dondozo|68\/100\n|-activate|p1a: Dondozo|move: Magma Storm|[of] p2a: Heatran\n|\n|-heal|p1a: Dondozo|74\/100|[from] item: Leftovers\n|-damage|p1a: Dondozo|62\/100|[from] move: Magma Storm|[partiallytrapped]\n|upkeep\n|turn|10\n|\n|t:|1699636801\n|move|p2a: Heatran|Stealth Rock|p1a: Dondozo\n|-sidestart|p1: pitosuciotetas|move: Stealth Rock\n|move|p1a: Dondozo|Wave Crash|p2a: Heatran\n|-supereffective|p2a: Heatran\n|-damage|p2a: Heatran|29\/100\n|-damage|p1a: Dondozo|44\/100|[from] Recoil\n|\n|-heal|p2a: Heatran|35\/100|[from] item: Leftovers\n|-heal|p1a: Dondozo|50\/100|[from] item: Leftovers\n|-damage|p1a: Dondozo|37\/100|[from] move: Magma Storm|[partiallytrapped]\n|upkeep\n|turn|11\n|\n|t:|1699636812\n|switch|p2a: Rotom|Rotom-Wash|86\/100\n|move|p1a: Dondozo|Rest|p1a: Dondozo\n|-status|p1a: Dondozo|slp|[from] move: Rest\n|-heal|p1a: Dondozo|100\/100 slp|[silent]\n|\n|-heal|p2a: Rotom|92\/100|[from] item: Leftovers\n|-end|p1a: Dondozo|Magma Storm|[partiallytrapped]|[silent]\n|upkeep\n|turn|12\n|\n|t:|1699636820\n|switch|p1a: Clodsire|Clodsire, F|94\/100 brn\n|-damage|p1a: Clodsire|88\/100 brn|[from] Stealth Rock\n|move|p2a: Rotom|Volt Switch|p1a: Clodsire\n|-immune|p1a: Clodsire\n|\n|-heal|p2a: Rotom|99\/100|[from] item: Leftovers\n|-heal|p1a: Clodsire|94\/100 brn|[from] item: Leftovers\n|-damage|p1a: Clodsire|88\/100 brn|[from] brn\n|upkeep\n|turn|13\n|\n|t:|1699636836\n|move|p2a: Rotom|Hydro Pump|p1a: Clodsire\n|-heal|p1a: Clodsire|100\/100 brn|[from] ability: Water Absorb|[of] p2a: Rotom\n|move|p1a: Clodsire|Stealth Rock|p2a: Rotom\n|-sidestart|p2: nerdZ|move: Stealth Rock\n|\n|-heal|p2a: Rotom|100\/100|[from] item: Leftovers\n|-damage|p1a: Clodsire|94\/100 brn|[from] brn\n|upkeep\n|turn|14\n|\n|t:|1699636845\n|switch|p2a: Great Tusk|Great Tusk|100\/100\n|move|p1a: Clodsire|Earthquake|p2a: Great Tusk\n|-damage|p2a: Great Tusk|90\/100\n|\n|-heal|p1a: Clodsire|100\/100 brn|[from] item: Leftovers\n|-damage|p1a: Clodsire|94\/100 brn|[from] brn\n|upkeep\n|turn|15\n|\n|t:|1699636854\n|switch|p1a: Dondozo|Dondozo, M|100\/100 slp\n|-damage|p1a: Dondozo|88\/100 slp|[from] Stealth Rock\n|move|p2a: Great Tusk|Rapid Spin|p1a: Dondozo\n|-damage|p1a: Dondozo|79\/100 slp\n|-boost|p2a: Great Tusk|spe|1\n|-sideend|p2: nerdZ|Stealth Rock|[from] move: Rapid Spin|[of] p2a: Great Tusk\n|\n|-heal|p1a: Dondozo|85\/100 slp|[from] item: Leftovers\n|upkeep\n|turn|16\n|\n|t:|1699636865\n|move|p2a: Great Tusk|Headlong Rush|p1a: Dondozo\n|-damage|p1a: Dondozo|57\/100 slp\n|-unboost|p2a: Great Tusk|def|1\n|-unboost|p2a: Great Tusk|spd|1\n|cant|p1a: Dondozo|slp\n|\n|-heal|p1a: Dondozo|63\/100 slp|[from] item: Leftovers\n|upkeep\n|turn|17\n|\n|t:|1699636874\n|move|p2a: Great Tusk|Headlong Rush|p1a: Dondozo\n|-damage|p1a: Dondozo|37\/100 slp\n|-unboost|p2a: Great Tusk|def|1\n|-unboost|p2a: Great Tusk|spd|1\n|cant|p1a: Dondozo|slp\n|\n|-heal|p1a: Dondozo|43\/100 slp|[from] item: Leftovers\n|upkeep\n|turn|18\n|\n|t:|1699636883\n|-end|p2a: Great Tusk|Protosynthesis|[silent]\n|switch|p2a: Rotom|Rotom-Wash|100\/100\n|-curestatus|p1a: Dondozo|slp|[msg]\n|move|p1a: Dondozo|Rest|p1a: Dondozo\n|-status|p1a: Dondozo|slp|[from] move: Rest\n|-heal|p1a: Dondozo|100\/100 slp|[silent]\n|\n|upkeep\n|turn|19\n|\n|t:|1699636890\n|switch|p2a: Tapu Lele|Tapu Lele|100\/100\n|-fieldstart|move: Psychic Terrain|[from] ability: Psychic Surge|[of] p2a: Tapu Lele\n|switch|p1a: Clodsire|Clodsire, F|94\/100 brn\n|-damage|p1a: Clodsire|88\/100 brn|[from] Stealth Rock\n|\n|-heal|p1a: Clodsire|94\/100 brn|[from] item: Leftovers\n|-damage|p1a: Clodsire|88\/100 brn|[from] brn\n|upkeep\n|turn|20\n|\n|t:|1699636900\n|switch|p1a: Heatano|Heatran, M|100\/100\n|-damage|p1a: Heatano|88\/100|[from] Stealth Rock\n|move|p2a: Tapu Lele|Psychic|p1a: Heatano\n|-resisted|p1a: Heatano\n|-crit|p1a: Heatano\n|-damage|p1a: Heatano|57\/100\n|\n|-heal|p1a: Heatano|63\/100|[from] item: Leftovers\n|upkeep\n|turn|21\n|\n|t:|1699636910\n|switch|p2a: Rotom|Rotom-Wash|100\/100\n|move|p1a: Heatano|Earth Power|p2a: Rotom\n|-immune|p2a: Rotom|[from] ability: Levitate\n|\n|-heal|p1a: Heatano|69\/100|[from] item: Leftovers\n|upkeep\n|turn|22\n|\n|t:|1699636918\n|switch|p2a: Heatran|Heatran, F|35\/100\n|switch|p1a: Clodsire|Clodsire, F|88\/100 brn\n|-damage|p1a: Clodsire|82\/100 brn|[from] Stealth Rock\n|\n|-heal|p2a: Heatran|41\/100|[from] item: Leftovers\n|-heal|p1a: Clodsire|88\/100 brn|[from] item: Leftovers\n|-damage|p1a: Clodsire|82\/100 brn|[from] brn\n|upkeep\n|turn|23\n|\n|t:|1699636927\n|switch|p1a: Dondozo|Dondozo, M|100\/100 slp\n|-damage|p1a: Dondozo|88\/100 slp|[from] Stealth Rock\n|move|p2a: Heatran|Magma Storm|p1a: Dondozo\n|-resisted|p1a: Dondozo\n|-crit|p1a: Dondozo\n|-damage|p1a: Dondozo|54\/100 slp\n|-activate|p1a: Dondozo|move: Magma Storm|[of] p2a: Heatran\n|\n|-heal|p2a: Heatran|48\/100|[from] item: Leftovers\n|-heal|p1a: Dondozo|61\/100 slp|[from] item: Leftovers\n|-damage|p1a: Dondozo|48\/100 slp|[from] move: Magma Storm|[partiallytrapped]\n|-fieldend|move: Psychic Terrain\n|upkeep\n|turn|24\n|\n|t:|1699636940\n|move|p2a: Heatran|Earth Power|p1a: Dondozo\n|-damage|p1a: Dondozo|24\/100 slp\n|cant|p1a: Dondozo|slp\n|move|p1a: Dondozo|Sleep Talk|p1a: Dondozo\n|move|p1a: Dondozo|Rest||[from]move: Sleep Talk|[still]\n|-fail|p1a: Dondozo\n|\n|-heal|p2a: Heatran|54\/100|[from] item: Leftovers\n|-heal|p1a: Dondozo|30\/100 slp|[from] item: Leftovers\n|-damage|p1a: Dondozo|18\/100 slp|[from] move: Magma Storm|[partiallytrapped]\n|upkeep\n|turn|25\n|\n|t:|1699636951\n|move|p2a: Heatran|Earth Power|p1a: Dondozo\n|-damage|p1a: Dondozo|0 fnt\n|faint|p1a: Dondozo\n|\n|-heal|p2a: Heatran|60\/100|[from] item: Leftovers\n|upkeep\n|\n|t:|1699636960\n|switch|p1a: Haxorus|Haxorus, M, shiny|100\/100\n|-damage|p1a: Haxorus|88\/100|[from] Stealth Rock\n|-ability|p1a: Haxorus|Mold Breaker\n|turn|26\n|\n|t:|1699636968\n|move|p1a: Haxorus|Dragon Dance|p1a: Haxorus\n|-boost|p1a: Haxorus|atk|1\n|-boost|p1a: Haxorus|spe|1\n|move|p2a: Heatran|Taunt|p1a: Haxorus\n|-start|p1a: Haxorus|move: Taunt\n|\n|-heal|p2a: Heatran|66\/100|[from] item: Leftovers\n|upkeep\n|turn|27\n|\n|t:|1699636982\n|switch|p2a: Rotom|Rotom-Wash|100\/100\n|move|p1a: Haxorus|Earthquake|p2a: Rotom\n|-supereffective|p2a: Rotom\n|-damage|p2a: Rotom|20\/100\n|\n|-heal|p2a: Rotom|26\/100|[from] item: Leftovers\n|upkeep\n|turn|28\n|\n|t:|1699636990\n|move|p1a: Haxorus|Poison Jab|p2a: Rotom\n|-crit|p2a: Rotom\n|-damage|p2a: Rotom|0 fnt\n|faint|p2a: Rotom\n|\n|upkeep\n|\n|t:|1699636994\n|switch|p2a: Great Tusk|Great Tusk|90\/100\n|turn|29\n|\n|t:|1699636999\n|-zpower|p1a: Haxorus\n|move|p1a: Haxorus|Devastating Drake|p2a: Great Tusk|[zeffect]\n|-damage|p2a: Great Tusk|0 fnt\n|faint|p2a: Great Tusk\n|-end|p2a: Great Tusk|Protosynthesis|[silent]\n|\n|-end|p1a: Haxorus|move: Taunt\n|upkeep\n|\n|t:|1699637004\n|switch|p2a: Tapu Lele|Tapu Lele|100\/100\n|-fieldstart|move: Psychic Terrain|[from] ability: Psychic Surge|[of] p2a: Tapu Lele\n|turn|30\n|\n|t:|1699637009\n|move|p1a: Haxorus|Poison Jab|p2a: Tapu Lele\n|-supereffective|p2a: Tapu Lele\n|-damage|p2a: Tapu Lele|0 fnt\n|faint|p2a: Tapu Lele\n|\n|upkeep\n|\n|t:|1699637012\n|switch|p2a: Charizard|Charizard-Mega-Y, M, shiny|82\/100 tox\n|-weather|SunnyDay|[from] ability: Drought|[of] p2a: Charizard\n|turn|31\n|\n|t:|1699637028\n|switch|p1a: Clodsire|Clodsire, F|82\/100 brn\n|-damage|p1a: Clodsire|75\/100 brn|[from] Stealth Rock\n|move|p2a: Charizard|Scorching Sands|p1a: Clodsire\n|-supereffective|p1a: Clodsire\n|-damage|p1a: Clodsire|47\/100 brn\n|\n|-weather|SunnyDay|[upkeep]\n|-heal|p1a: Clodsire|53\/100 brn|[from] item: Leftovers\n|-damage|p2a: Charizard|76\/100 tox|[from] psn\n|-damage|p1a: Clodsire|47\/100 brn|[from] brn\n|upkeep\n|turn|32\n|\n|t:|1699637039\n|switch|p2a: Garchomp|Garchomp, M|100\/100\n|move|p1a: Clodsire|Recover|p1a: Clodsire\n|-heal|p1a: Clodsire|97\/100 brn\n|\n|-weather|SunnyDay|[upkeep]\n|-heal|p1a: Clodsire|100\/100 brn|[from] item: Leftovers\n|-damage|p1a: Clodsire|94\/100 brn|[from] brn\n|upkeep\n|turn|33\n|\n|t:|1699637047\n|switch|p1a: Hatterene|Hatterene, F|100\/100\n|-damage|p1a: Hatterene|88\/100|[from] Stealth Rock\n|move|p2a: Garchomp|Swords Dance|p2a: Garchomp\n|-boost|p2a: Garchomp|atk|2\n|\n|-weather|SunnyDay|[upkeep]\n|-heal|p1a: Hatterene|94\/100|[from] item: Leftovers\n|upkeep\n|turn|34\n|\n|t:|1699637058\n|-zpower|p2a: Garchomp\n|move|p2a: Garchomp|Continental Crush|p1a: Hatterene|[zeffect]\n|-damage|p1a: Hatterene|0 fnt\n|faint|p1a: Hatterene\n|\n|-weather|SunnyDay|[upkeep]\n|-fieldend|move: Psychic Terrain\n|upkeep\n|\n|t:|1699637072\n|switch|p1a: Heatano|Heatran, M|69\/100\n|-damage|p1a: Heatano|57\/100|[from] Stealth Rock\n|turn|35\n|\n|t:|1699637079\n|-terastallize|p1a: Heatano|Grass\n|move|p2a: Garchomp|Earthquake|p1a: Heatano\n|-resisted|p1a: Heatano\n|-damage|p1a: Heatano|12\/100\n|move|p1a: Heatano|Will-O-Wisp|p2a: Garchomp\n|-status|p2a: Garchomp|brn\n|\n|-weather|none\n|-heal|p1a: Heatano|18\/100|[from] item: Leftovers\n|-damage|p2a: Garchomp|94\/100 brn|[from] brn\n|upkeep\n|turn|36\n|\n|t:|1699637092\n|move|p2a: Garchomp|Swords Dance|p2a: Garchomp\n|-boost|p2a: Garchomp|atk|2\n|move|p1a: Heatano|Flamethrower|p2a: Garchomp\n|-resisted|p2a: Garchomp\n|-damage|p2a: Garchomp|70\/100 brn\n|\n|-heal|p1a: Heatano|25\/100|[from] item: Leftovers\n|-damage|p2a: Garchomp|64\/100 brn|[from] brn\n|upkeep\n|turn|37\n|\n|t:|1699637100\n|move|p2a: Garchomp|Scale Shot|p1a: Heatano\n|-damage|p1a: Heatano|9\/100\n|-damage|p1a: Heatano|0 fnt\n|faint|p1a: Heatano\n|-hitcount|p1: Heatano|2\n|-unboost|p2a: Garchomp|def|1\n|-boost|p2a: Garchomp|spe|1\n|\n|-damage|p2a: Garchomp|58\/100 brn|[from] brn\n|upkeep\n|\n|t:|1699637110\n|switch|p1a: Scizor|Scizor, F|100\/100\n|-damage|p1a: Scizor|88\/100|[from] Stealth Rock\n|turn|38\n|\n|t:|1699637115\n|detailschange|p1a: Scizor|Scizor-Mega, F\n|-mega|p1a: Scizor|Scizor|Scizorite\n|move|p2a: Garchomp|Earthquake|p1a: Scizor\n|-damage|p1a: Scizor|31\/100\n|move|p1a: Scizor|Swords Dance|p1a: Scizor\n|-boost|p1a: Scizor|atk|2\n|\n|-damage|p2a: Garchomp|52\/100 brn|[from] brn\n|upkeep\n|turn|39\n|\n|t:|1699637124\n|move|p1a: Scizor|Bullet Punch|p2a: Garchomp\n|-damage|p2a: Garchomp|0 fnt\n|-damage|p1a: Scizor|18\/100|[from] ability: Rough Skin|[of] p2a: Garchomp\n|faint|p2a: Garchomp\n|\n|upkeep\n|\n|t:|1699637126\n|switch|p2a: Heatran|Heatran, F|66\/100\n|turn|40\n|\n|t:|1699637133\n|move|p1a: Scizor|Bullet Punch|p2a: Heatran\n|-resisted|p2a: Heatran\n|-damage|p2a: Heatran|52\/100\n|move|p2a: Heatran|Magma Storm|p1a: Scizor|[miss]\n|-miss|p2a: Heatran|p1a: Scizor\n|\n|-heal|p2a: Heatran|58\/100|[from] item: Leftovers\n|upkeep\n|turn|41\n|\n|t:|1699637141\n|move|p1a: Scizor|Bullet Punch|p2a: Heatran\n|-resisted|p2a: Heatran\n|-damage|p2a: Heatran|43\/100\n|move|p2a: Heatran|Earth Power|p1a: Scizor\n|-damage|p1a: Scizor|0 fnt\n|faint|p1a: Scizor\n|\n|-heal|p2a: Heatran|49\/100|[from] item: Leftovers\n|upkeep\n|\n|t:|1699637151\n|switch|p1a: Clodsire|Clodsire, F|94\/100 brn\n|-damage|p1a: Clodsire|88\/100 brn|[from] Stealth Rock\n|turn|42\n|\n|t:|1699637156\n|-terastallize|p2a: Heatran|Grass\n|move|p2a: Heatran|Magma Storm|p1a: Clodsire\n|-damage|p1a: Clodsire|63\/100 brn\n|-activate|p1a: Clodsire|move: Magma Storm|[of] p2a: Heatran\n|move|p1a: Clodsire|Stealth Rock|p2a: Heatran\n|-sidestart|p2: nerdZ|move: Stealth Rock\n|\n|-heal|p2a: Heatran|55\/100|[from] item: Leftovers\n|-heal|p1a: Clodsire|69\/100 brn|[from] item: Leftovers\n|-damage|p1a: Clodsire|63\/100 brn|[from] brn\n|-damage|p1a: Clodsire|51\/100 brn|[from] move: Magma Storm|[partiallytrapped]\n|upkeep\n|turn|43\n|\n|t:|1699637171\n|move|p2a: Heatran|Taunt|p1a: Clodsire\n|-start|p1a: Clodsire|move: Taunt\n|cant|p1a: Clodsire|move: Taunt|Recover\n|\n|-heal|p2a: Heatran|62\/100|[from] item: Leftovers\n|-heal|p1a: Clodsire|57\/100 brn|[from] item: Leftovers\n|-damage|p1a: Clodsire|51\/100 brn|[from] brn\n|-damage|p1a: Clodsire|38\/100 brn|[from] move: Magma Storm|[partiallytrapped]\n|upkeep\n|turn|44\n|\n|t:|1699637181\n|move|p2a: Heatran|Earth Power|p1a: Clodsire\n|-supereffective|p1a: Clodsire\n|-damage|p1a: Clodsire|9\/100 brn\n|move|p1a: Clodsire|Earthquake|p2a: Heatran\n|-resisted|p2a: Heatran\n|-damage|p2a: Heatran|56\/100\n|\n|-heal|p2a: Heatran|62\/100|[from] item: Leftovers\n|-heal|p1a: Clodsire|15\/100 brn|[from] item: Leftovers\n|-damage|p1a: Clodsire|9\/100 brn|[from] brn\n|-damage|p1a: Clodsire|0 fnt|[from] move: Magma Storm|[partiallytrapped]\n|faint|p1a: Clodsire\n|upkeep\n|\n|t:|1699637193\n|switch|p1a: Haxorus|Haxorus, M, shiny|88\/100\n|-damage|p1a: Haxorus|76\/100|[from] Stealth Rock\n|-ability|p1a: Haxorus|Mold Breaker\n|turn|45\n|\n|t:|1699637199\n|move|p1a: Haxorus|Dragon Dance|p1a: Haxorus\n|-boost|p1a: Haxorus|atk|1\n|-boost|p1a: Haxorus|spe|1\n|move|p2a: Heatran|Magma Storm|p1a: Haxorus|[miss]\n|-miss|p2a: Heatran|p1a: Haxorus\n|\n|-heal|p2a: Heatran|68\/100|[from] item: Leftovers\n|upkeep\n|turn|46\n|c|\u2606nerdZ|gg\n|\n|t:|1699637207\n|move|p1a: Haxorus|Poison Jab|p2a: Heatran\n|-supereffective|p2a: Heatran\n|-damage|p2a: Heatran|0 fnt\n|faint|p2a: Heatran\n|\n|upkeep\n|\n|t:|1699637211\n|switch|p2a: Charizard|Charizard-Mega-Y, M, shiny|76\/100 tox\n|-damage|p2a: Charizard|26\/100 tox|[from] Stealth Rock\n|-weather|SunnyDay|[from] ability: Drought|[of] p2a: Charizard\n|turn|47\n|\n|t:|1699637220\n|move|p1a: Haxorus|Outrage|p2a: Charizard\n|-crit|p2a: Charizard\n|-damage|p2a: Charizard|0 fnt\n|faint|p2a: Charizard\n|\n|win|pitosuciotetas\n|raw|pitosuciotetas's rating: 1494 &rarr; <strong>1515<\/strong><br \/>(+21 for winning)\n|raw|nerdZ's rating: 1507 &rarr; <strong>1486<\/strong><br \/>(-21 for losing)\n|l|\u2606nerdZ\n","uploadtime":1699637233,"views":11,"p1id":"pitosuciotetas","p2id":"nerdz","formatid":"gen9nationaldex","rating":1486,"private":0,"password":""}