{"id":"gen9nationaldex-1996526042","p1":"RebornG","p2":"Jincn27","format":"[Gen 9] National Dex","log":"|html|<div class=\"broadcast-blue\"><strong>[Gen 9] National Dex is currently suspecting Sneasler! For information on how to participate check out the <a href=\"https:\/\/www.smogon.com\/forums\/threads\/sv-national-dex-suspect-8-just-dance.3731534\/\">suspect thread<\/a>.<\/strong><\/div>\n|j|\u2606RebornG\n|j|\u203dJincn27\n|t:|1700690684\n|gametype|singles\n|player|p1|RebornG|elesa|1556\n|player|p2|Jincn27|2|1481\n|teamsize|p1|6\n|teamsize|p2|6\n|gen|9\n|tier|[Gen 9] National Dex\n|rated|\n|rule|HP Percentage Mod: HP is shown in percentages\n|rule|Endless Battle Clause: Forcing endless battles is banned\n|rule|OHKO Clause: OHKO moves are banned\n|rule|Evasion Clause: Evasion abilities, items, and moves are banned\n|rule|Evasion Abilities Clause: Evasion abilities are banned\n|rule|Evasion Items Clause: Evasion items are banned\n|rule|Evasion Moves Clause: Evasion moves are banned\n|rule|Species Clause: Limit one of each Pok\u00e9mon\n|rule|Sleep Clause Mod: Limit one foe put to sleep\n|clearpoke\n|poke|p1|Ogerpon-Cornerstone, F|\n|poke|p1|Gyarados, F|\n|poke|p1|Glimmora, M|\n|poke|p1|Volcarona, M|\n|poke|p1|Garchomp, M|\n|poke|p1|Grimmsnarl, M|\n|poke|p2|Smeargle, F|\n|poke|p2|Medicham, M|\n|poke|p2|Zapdos|\n|poke|p2|Kommo-o, F|\n|poke|p2|Corviknight, F|\n|poke|p2|Tyranitar, F|\n|teampreview\n|inactive|Battle timer is ON: inactive players will automatically lose when time's up. (requested by RebornG)\n|\n|t:|1700690703\n|start\n|switch|p1a: Grimmsnarl|Grimmsnarl, M|100\/100\n|switch|p2a: Medicham|Medicham, M|100\/100\n|turn|1\n|\n|t:|1700690708\n|detailschange|p2a: Medicham|Medicham-Mega, M\n|-mega|p2a: Medicham|Medicham|Medichamite\n|move|p2a: Medicham|Fake Out|p1a: Grimmsnarl\n|-damage|p1a: Grimmsnarl|77\/100\n|cant|p1a: Grimmsnarl|flinch\n|\n|upkeep\n|turn|2\n|\n|t:|1700690714\n|move|p2a: Medicham|Bullet Punch|p1a: Grimmsnarl\n|-supereffective|p1a: Grimmsnarl\n|-damage|p1a: Grimmsnarl|33\/100\n|move|p1a: Grimmsnarl|Reflect|p1a: Grimmsnarl\n|-sidestart|p1: RebornG|Reflect\n|\n|upkeep\n|turn|3\n|\n|t:|1700690723\n|switch|p1a: Gyarados|Gyarados, F, shiny|100\/100\n|-ability|p1a: Gyarados|Intimidate|boost\n|-unboost|p2a: Medicham|atk|1\n|move|p2a: Medicham|Close Combat|p1a: Gyarados\n|-resisted|p1a: Gyarados\n|-damage|p1a: Gyarados|78\/100\n|-unboost|p2a: Medicham|def|1\n|-unboost|p2a: Medicham|spd|1\n|\n|upkeep\n|turn|4\n|\n|t:|1700690737\n|switch|p2a: Zapdos|Zapdos|100\/100\n|move|p1a: Gyarados|Dragon Dance|p1a: Gyarados\n|-boost|p1a: Gyarados|atk|1\n|-boost|p1a: Gyarados|spe|1\n|\n|upkeep\n|turn|5\n|\n|t:|1700690747\n|detailschange|p1a: Gyarados|Gyarados-Mega, F, shiny\n|-mega|p1a: Gyarados|Gyarados|Gyaradosite\n|-ability|p1a: Gyarados|Mold Breaker\n|move|p1a: Gyarados|Waterfall|p2a: Zapdos\n|-damage|p2a: Zapdos|8\/100\n|move|p2a: Zapdos|Discharge|p1a: Gyarados\n|-supereffective|p1a: Gyarados\n|-damage|p1a: Gyarados|11\/100\n|\n|upkeep\n|turn|6\n|\n|t:|1700690758\n|move|p1a: Gyarados|Waterfall|p2a: Zapdos\n|-damage|p2a: Zapdos|0 fnt\n|-status|p1a: Gyarados|par|[from] ability: Static|[of] p2a: Zapdos\n|faint|p2a: Zapdos\n|\n|upkeep\n|\n|t:|1700690770\n|switch|p2a: Kommo-o|Kommo-o, F|100\/100\n|turn|7\n|\n|t:|1700690777\n|switch|p1a: Grimmsnarl|Grimmsnarl, M|33\/100\n|move|p2a: Kommo-o|Clangorous Soul|p2a: Kommo-o\n|-boost|p2a: Kommo-o|atk|1\n|-boost|p2a: Kommo-o|def|1\n|-boost|p2a: Kommo-o|spa|1\n|-boost|p2a: Kommo-o|spd|1\n|-boost|p2a: Kommo-o|spe|1\n|-damage|p2a: Kommo-o|68\/100\n|\n|upkeep\n|turn|8\n|\n|t:|1700690781\n|move|p1a: Grimmsnarl|Light Screen|p1a: Grimmsnarl\n|-sidestart|p1: RebornG|move: Light Screen\n|move|p2a: Kommo-o|Flash Cannon|p1a: Grimmsnarl\n|-supereffective|p1a: Grimmsnarl\n|-damage|p1a: Grimmsnarl|0 fnt\n|faint|p1a: Grimmsnarl\n|\n|upkeep\n|\n|t:|1700690798\n|switch|p1a: Garchomp|Garchomp, M|100\/100\n|turn|9\n|\n|t:|1700690802\n|-terastallize|p1a: Garchomp|Ice\n|-zpower|p2a: Kommo-o\n|move|p2a: Kommo-o|Clangorous Soulblaze|p1a: Garchomp|[zeffect]\n|-damage|p1a: Garchomp|32\/100\n|-boost|p2a: Kommo-o|atk|1\n|-boost|p2a: Kommo-o|def|1\n|-boost|p2a: Kommo-o|spa|1\n|-boost|p2a: Kommo-o|spd|1\n|-boost|p2a: Kommo-o|spe|1\n|move|p1a: Garchomp|Scale Shot|p2a: Kommo-o\n|-supereffective|p2a: Kommo-o\n|-damage|p2a: Kommo-o|53\/100\n|-supereffective|p2a: Kommo-o\n|-damage|p2a: Kommo-o|40\/100\n|-supereffective|p2a: Kommo-o\n|-damage|p2a: Kommo-o|26\/100\n|-supereffective|p2a: Kommo-o\n|-damage|p2a: Kommo-o|13\/100\n|-hitcount|p2a: Kommo-o|4\n|-unboost|p1a: Garchomp|def|1\n|-boost|p1a: Garchomp|spe|1\n|\n|-sideend|p1: RebornG|Reflect\n|upkeep\n|turn|10\n|\n|t:|1700690815\n|move|p2a: Kommo-o|Aura Sphere|p1a: Garchomp\n|-supereffective|p1a: Garchomp\n|-damage|p1a: Garchomp|0 fnt\n|faint|p1a: Garchomp\n|\n|upkeep\n|\n|t:|1700690834\n|switch|p1a: Volcarona|Volcarona, M, shiny|100\/100\n|turn|11\n|\n|t:|1700690838\n|move|p2a: Kommo-o|Clanging Scales|p1a: Volcarona\n|-damage|p1a: Volcarona|41\/100\n|-unboost|p2a: Kommo-o|def|1\n|move|p1a: Volcarona|Bug Buzz|p2a: Kommo-o\n|-resisted|p2a: Kommo-o\n|-damage|p2a: Kommo-o|0 fnt\n|faint|p2a: Kommo-o\n|\n|upkeep\n|\n|t:|1700690848\n|switch|p2a: Tyranitar|Tyranitar, F|100\/100\n|-weather|Sandstorm|[from] ability: Sand Stream|[of] p2a: Tyranitar\n|turn|12\n|\n|t:|1700690865\n|move|p1a: Volcarona|Bug Buzz|p2a: Tyranitar\n|-supereffective|p2a: Tyranitar\n|-damage|p2a: Tyranitar|76\/100\n|move|p2a: Tyranitar|Pursuit|p1a: Volcarona\n|-damage|p1a: Volcarona|16\/100\n|\n|-weather|Sandstorm|[upkeep]\n|-damage|p1a: Volcarona|10\/100|[from] Sandstorm\n|upkeep\n|turn|13\n|\n|t:|1700690872\n|move|p1a: Volcarona|Bug Buzz|p2a: Tyranitar\n|-supereffective|p2a: Tyranitar\n|-damage|p2a: Tyranitar|51\/100\n|move|p2a: Tyranitar|Earthquake|p1a: Volcarona\n|-damage|p1a: Volcarona|0 fnt\n|faint|p1a: Volcarona\n|\n|-weather|Sandstorm|[upkeep]\n|upkeep\n|\n|t:|1700690878\n|switch|p1a: Ogerpon|Ogerpon-Cornerstone, F|100\/100\n|turn|14\n|\n|t:|1700690885\n|move|p1a: Ogerpon|Swords Dance|p1a: Ogerpon\n|-boost|p1a: Ogerpon|atk|2\n|move|p2a: Tyranitar|Avalanche|p1a: Ogerpon\n|-supereffective|p1a: Ogerpon\n|-damage|p1a: Ogerpon|57\/100\n|\n|-weather|Sandstorm|[upkeep]\n|upkeep\n|turn|15\n|\n|t:|1700690889\n|move|p1a: Ogerpon|Horn Leech|p2a: Tyranitar\n|-supereffective|p2a: Tyranitar\n|-damage|p2a: Tyranitar|0 fnt\n|-heal|p1a: Ogerpon|91\/100|[from] drain|[of] p2a: Tyranitar\n|faint|p2a: Tyranitar\n|\n|-weather|Sandstorm|[upkeep]\n|-sideend|p1: RebornG|move: Light Screen\n|upkeep\n|\n|t:|1700690896\n|switch|p2a: Smeargle|Smeargle, F|100\/100\n|turn|16\n|\n|t:|1700690907\n|switch|p1a: Gyarados|Gyarados-Mega, F, shiny|11\/100 par\n|-ability|p1a: Gyarados|Mold Breaker\n|move|p2a: Smeargle|Revival Blessing|p2a: Smeargle\n|\n|t:|1700690915\n|-heal|p2: Zapdos|50\/100|[from] move: Revival Blessing\n|\n|-weather|none\n|upkeep\n|turn|17\n|\n|t:|1700690929\n|move|p1a: Gyarados|Waterfall|p2a: Smeargle\n|-damage|p2a: Smeargle|29\/100\n|cant|p2a: Smeargle|flinch\n|\n|upkeep\n|turn|18\n|\n|t:|1700690935\n|move|p1a: Gyarados|Waterfall|p2a: Smeargle\n|-damage|p2a: Smeargle|0 fnt\n|faint|p2a: Smeargle\n|\n|upkeep\n|\n|t:|1700690938\n|switch|p2a: Zapdos|Zapdos|50\/100\n|turn|19\n|\n|t:|1700690942\n|move|p2a: Zapdos|Volt Switch|p1a: Gyarados\n|-supereffective|p1a: Gyarados\n|-damage|p1a: Gyarados|0 fnt\n|faint|p1a: Gyarados\n|\n|t:|1700690946\n|switch|p2a: Medicham|Medicham-Mega, M|100\/100|[from] Volt Switch\n|\n|upkeep\n|\n|t:|1700690951\n|switch|p1a: Glimmora|Glimmora, M|100\/100\n|turn|20\n|\n|t:|1700690960\n|move|p2a: Medicham|Fake Out|p1a: Glimmora\n|-resisted|p1a: Glimmora\n|-damage|p1a: Glimmora|85\/100\n|-activate|p1a: Glimmora|ability: Toxic Debris\n|-sidestart|p2: Jincn27|move: Toxic Spikes\n|cant|p1a: Glimmora|flinch\n|\n|upkeep\n|turn|21\n|\n|t:|1700690964\n|move|p2a: Medicham|Psycho Cut|p1a: Glimmora\n|-supereffective|p1a: Glimmora\n|-damage|p1a: Glimmora|0 fnt\n|-activate|p1a: Glimmora|ability: Toxic Debris\n|-sidestart|p2: Jincn27|move: Toxic Spikes\n|faint|p1a: Glimmora\n|\n|upkeep\n|\n|t:|1700690967\n|switch|p1a: Ogerpon|Ogerpon-Cornerstone, F|91\/100\n|turn|22\n|\n|t:|1700690971\n|switch|p2a: Corviknight|Corviknight, F|100\/100\n|move|p1a: Ogerpon|Horn Leech|p2a: Corviknight\n|-resisted|p2a: Corviknight\n|-damage|p2a: Corviknight|91\/100\n|-heal|p1a: Ogerpon|97\/100|[from] drain|[of] p2a: Corviknight\n|\n|-heal|p2a: Corviknight|97\/100|[from] item: Leftovers\n|upkeep\n|turn|23\n|\n|t:|1700690979\n|move|p1a: Ogerpon|Swords Dance|p1a: Ogerpon\n|-boost|p1a: Ogerpon|atk|2\n|move|p2a: Corviknight|Bulk Up|p2a: Corviknight\n|-boost|p2a: Corviknight|atk|1\n|-boost|p2a: Corviknight|def|1\n|\n|-heal|p2a: Corviknight|100\/100|[from] item: Leftovers\n|upkeep\n|turn|24\n|\n|t:|1700690988\n|move|p1a: Ogerpon|Encore|p2a: Corviknight\n|-start|p2a: Corviknight|Encore\n|move|p2a: Corviknight|Bulk Up|p2a: Corviknight\n|-boost|p2a: Corviknight|atk|1\n|-boost|p2a: Corviknight|def|1\n|\n|upkeep\n|turn|25\n|\n|t:|1700690996\n|switch|p2a: Medicham|Medicham-Mega, M|100\/100\n|-status|p2a: Medicham|tox\n|move|p1a: Ogerpon|Horn Leech|p2a: Medicham\n|-damage|p2a: Medicham|0 fnt\n|-heal|p1a: Ogerpon|100\/100|[from] drain|[of] p2a: Medicham\n|faint|p2a: Medicham\n|\n|upkeep\n|\n|t:|1700691007\n|switch|p2a: Zapdos|Zapdos|50\/100\n|turn|26\n|\n|t:|1700691010\n|move|p1a: Ogerpon|Ivy Cudgel|p2a: Zapdos|[anim] Ivy Cudgel Rock\n|-supereffective|p2a: Zapdos\n|-damage|p2a: Zapdos|0 fnt\n|faint|p2a: Zapdos\n|\n|upkeep\n|-message|Jincn27 forfeited.\n|\n|win|RebornG\n|raw|RebornG's rating: 1556 &rarr; <strong>1572<\/strong><br \/>(+16 for winning)\n|raw|Jincn27's rating: 1481 &rarr; <strong>1465<\/strong><br \/>(-16 for losing)\n|l|\u203dJincn27\n","uploadtime":1700691018,"views":1,"p1id":"reborng","p2id":"jincn27","formatid":"gen9nationaldex","rating":1465,"private":0,"password":""}