{"id":"gen9nationaldex-1988922506","p1":"Maikel2216","p2":"Andrews Finn3","format":"[Gen 9] National Dex","log":"|j|\u2606Maikel2216\n|j|\u2606Andrews Finn3\n|t:|1699788388\n|gametype|singles\n|player|p1|Maikel2216|red|1212\n|player|p2|Andrews Finn3|steven|1118\n|teamsize|p1|6\n|teamsize|p2|6\n|gen|9\n|tier|[Gen 9] National Dex\n|rated|\n|rule|HP Percentage Mod: HP is shown in percentages\n|rule|Endless Battle Clause: Forcing endless battles is banned\n|rule|OHKO Clause: OHKO moves are banned\n|rule|Evasion Clause: Evasion abilities, items, and moves are banned\n|rule|Evasion Abilities Clause: Evasion abilities are banned\n|rule|Evasion Items Clause: Evasion items are banned\n|rule|Evasion Moves Clause: Evasion moves are banned\n|rule|Species Clause: Limit one of each Pok\u00e9mon\n|rule|Sleep Clause Mod: Limit one foe put to sleep\n|clearpoke\n|poke|p1|Excadrill, M|\n|poke|p1|Dragonite, M|\n|poke|p1|Polteageist-Antique|\n|poke|p1|Moltres-Galar|\n|poke|p1|Volcarona, F|\n|poke|p1|Beedrill, M|\n|poke|p2|Hydreigon, M|\n|poke|p2|Heracross, M|\n|poke|p2|Corviknight, F|\n|poke|p2|Glimmora, M|\n|poke|p2|Ceruledge, F|\n|poke|p2|Ferrothorn, F|\n|teampreview\n|inactive|Battle timer is ON: inactive players will automatically lose when time's up. (requested by Maikel2216)\n|\n|t:|1699788397\n|start\n|switch|p1a: Volcarona|Volcarona, F|100\/100\n|switch|p2a: Glimmora|Glimmora, M|100\/100\n|turn|1\n|\n|t:|1699788405\n|switch|p1a: Excadrill|Excadrill, M|100\/100\n|-ability|p1a: Excadrill|Mold Breaker\n|move|p2a: Glimmora|Mortal Spin|p1a: Excadrill\n|-immune|p1a: Excadrill\n|\n|upkeep\n|turn|2\n|\n|t:|1699788412\n|switch|p2a: Ferrothorn|Ferrothorn, F|100\/100\n|move|p1a: Excadrill|Earthquake|p2a: Ferrothorn\n|-damage|p2a: Ferrothorn|57\/100\n|\n|-heal|p2a: Ferrothorn|63\/100|[from] item: Leftovers\n|upkeep\n|turn|3\n|\n|t:|1699788419\n|switch|p2a: Corviknight|Corviknight, F|100\/100\n|-ability|p2a: Corviknight|Pressure\n|move|p1a: Excadrill|Earthquake|p2a: Corviknight\n|-immune|p2a: Corviknight\n|\n|upkeep\n|turn|4\n|\n|t:|1699788426\n|switch|p1a: Moltres|Moltres-Galar|100\/100\n|move|p2a: Corviknight|Body Press|p1a: Moltres\n|-damage|p1a: Moltres|76\/100\n|\n|upkeep\n|turn|5\n|\n|t:|1699788432\n|move|p1a: Moltres|Fiery Wrath|p2a: Corviknight\n|-damage|p2a: Corviknight|61\/100\n|move|p2a: Corviknight|U-turn|p1a: Moltres\n|-damage|p1a: Moltres|61\/100\n|\n|t:|1699788441\n|switch|p2a: Glimmora|Glimmora, M|100\/100|[from] U-turn\n|\n|upkeep\n|turn|6\n|\n|t:|1699788447\n|move|p2a: Glimmora|Mortal Spin|p1a: Moltres\n|-damage|p1a: Moltres|54\/100\n|-status|p1a: Moltres|psn\n|move|p1a: Moltres|Fiery Wrath|p2a: Glimmora\n|-damage|p2a: Glimmora|44\/100\n|-enditem|p2a: Glimmora|Red Card|[of] p1a: Moltres\n|drag|p1a: Polteageist|Polteageist-Antique|100\/100\n|\n|upkeep\n|turn|7\n|\n|t:|1699788458\n|switch|p1a: Excadrill|Excadrill, M|100\/100\n|-ability|p1a: Excadrill|Mold Breaker\n|move|p2a: Glimmora|Mortal Spin|p1a: Excadrill\n|-immune|p1a: Excadrill\n|\n|upkeep\n|turn|8\n|\n|t:|1699788467\n|switch|p1a: Moltres|Moltres-Galar|54\/100 psn\n|switch|p2a: Corviknight|Corviknight, F|61\/100\n|-ability|p2a: Corviknight|Pressure\n|\n|-damage|p1a: Moltres|42\/100 psn|[from] psn\n|upkeep\n|turn|9\n|\n|t:|1699788472\n|move|p1a: Moltres|Fiery Wrath|p2a: Corviknight\n|-damage|p2a: Corviknight|20\/100\n|move|p2a: Corviknight|Roost|p2a: Corviknight\n|-heal|p2a: Corviknight|70\/100\n|-singleturn|p2a: Corviknight|move: Roost\n|\n|-damage|p1a: Moltres|29\/100 psn|[from] psn\n|upkeep\n|turn|10\n|\n|t:|1699788480\n|move|p1a: Moltres|Fiery Wrath|p2a: Corviknight\n|-damage|p2a: Corviknight|29\/100\n|cant|p2a: Corviknight|flinch\n|\n|-damage|p1a: Moltres|17\/100 psn|[from] psn\n|upkeep\n|turn|11\n|\n|t:|1699788496\n|switch|p2a: Heracross|Heracross, M|100\/100\n|move|p1a: Moltres|Fiery Wrath|p2a: Heracross\n|-resisted|p2a: Heracross\n|-damage|p2a: Heracross|76\/100\n|\n|-damage|p1a: Moltres|5\/100 psn|[from] psn\n|upkeep\n|turn|12\n|\n|t:|1699788511\n|detailschange|p2a: Heracross|Heracross-Mega, M\n|-mega|p2a: Heracross|Heracross|Heracronite\n|move|p2a: Heracross|Pin Missile|p1a: Moltres\n|-damage|p1a: Moltres|0 fnt\n|faint|p1a: Moltres\n|-hitcount|p1: Moltres|1\n|\n|upkeep\n|\n|t:|1699788517\n|switch|p1a: Volcarona|Volcarona, F|100\/100\n|turn|13\n|\n|t:|1699788524\n|switch|p2a: Glimmora|Glimmora, M|44\/100\n|move|p1a: Volcarona|Quiver Dance|p1a: Volcarona\n|-boost|p1a: Volcarona|spa|1\n|-boost|p1a: Volcarona|spd|1\n|-boost|p1a: Volcarona|spe|1\n|\n|upkeep\n|turn|14\n|\n|t:|1699788532\n|move|p1a: Volcarona|Fiery Dance|p2a: Glimmora\n|-resisted|p2a: Glimmora\n|-damage|p2a: Glimmora|0 fnt\n|-boost|p1a: Volcarona|spa|1\n|faint|p2a: Glimmora\n|\n|upkeep\n|\n|t:|1699788537\n|switch|p2a: Ceruledge|Ceruledge, F|100\/100\n|turn|15\n|\n|t:|1699788540\n|move|p1a: Volcarona|Quiver Dance|p1a: Volcarona\n|-boost|p1a: Volcarona|spa|1\n|-boost|p1a: Volcarona|spd|1\n|-boost|p1a: Volcarona|spe|1\n|move|p2a: Ceruledge|Bitter Blade|p1a: Volcarona\n|-damage|p1a: Volcarona|28\/100\n|\n|upkeep\n|turn|16\n|\n|t:|1699788550\n|move|p2a: Ceruledge|Shadow Sneak|p1a: Volcarona\n|-damage|p1a: Volcarona|0 fnt\n|faint|p1a: Volcarona\n|\n|upkeep\n|\n|t:|1699788554\n|switch|p1a: Dragonite|Dragonite, M|100\/100\n|turn|17\n|\n|t:|1699788560\n|switch|p2a: Corviknight|Corviknight, F|29\/100\n|-ability|p2a: Corviknight|Pressure\n|move|p1a: Dragonite|Dragon Dance|p1a: Dragonite\n|-boost|p1a: Dragonite|atk|1\n|-boost|p1a: Dragonite|spe|1\n|\n|upkeep\n|turn|18\n|\n|t:|1699788567\n|move|p1a: Dragonite|Dragon Claw|p2a: Corviknight\n|-resisted|p2a: Corviknight\n|-damage|p2a: Corviknight|3\/100\n|-damage|p1a: Dragonite|84\/100|[from] item: Rocky Helmet|[of] p2a: Corviknight\n|-damage|p1a: Dragonite|74\/100|[from] item: Life Orb\n|move|p2a: Corviknight|Roost|p2a: Corviknight\n|-heal|p2a: Corviknight|53\/100\n|-singleturn|p2a: Corviknight|move: Roost\n|\n|upkeep\n|turn|19\n|\n|t:|1699788572\n|move|p1a: Dragonite|Dragon Dance|p1a: Dragonite\n|-boost|p1a: Dragonite|atk|1\n|-boost|p1a: Dragonite|spe|1\n|move|p2a: Corviknight|Roost|p2a: Corviknight\n|-heal|p2a: Corviknight|100\/100\n|-singleturn|p2a: Corviknight|move: Roost\n|\n|upkeep\n|turn|20\n|\n|t:|1699788578\n|move|p1a: Dragonite|Dragon Dance|p1a: Dragonite\n|-boost|p1a: Dragonite|atk|1\n|-boost|p1a: Dragonite|spe|1\n|move|p2a: Corviknight|Brave Bird|p1a: Dragonite\n|-damage|p1a: Dragonite|30\/100\n|-damage|p2a: Corviknight|89\/100|[from] Recoil\n|\n|upkeep\n|turn|21\n|\n|t:|1699788585\n|move|p1a: Dragonite|Dragon Claw|p2a: Corviknight\n|-resisted|p2a: Corviknight\n|-damage|p2a: Corviknight|47\/100\n|-damage|p1a: Dragonite|14\/100|[from] item: Rocky Helmet|[of] p2a: Corviknight\n|-damage|p1a: Dragonite|4\/100|[from] item: Life Orb\n|move|p2a: Corviknight|Brave Bird|p1a: Dragonite\n|-damage|p1a: Dragonite|0 fnt\n|faint|p1a: Dragonite\n|-damage|p2a: Corviknight|46\/100|[from] Recoil\n|\n|upkeep\n|\n|t:|1699788593\n|switch|p1a: Polteageist|Polteageist-Antique|100\/100\n|turn|22\n|\n|t:|1699788597\n|move|p1a: Polteageist|Shell Smash|p1a: Polteageist\n|-unboost|p1a: Polteageist|def|1\n|-unboost|p1a: Polteageist|spd|1\n|-boost|p1a: Polteageist|atk|2\n|-boost|p1a: Polteageist|spa|2\n|-boost|p1a: Polteageist|spe|2\n|move|p2a: Corviknight|Brave Bird|p1a: Polteageist\n|-enditem|p1a: Polteageist|Focus Sash\n|-damage|p1a: Polteageist|1\/100\n|-ability|p1a: Polteageist|Weak Armor|boost\n|-unboost|p1a: Polteageist|def|1\n|-boost|p1a: Polteageist|spe|2\n|-damage|p2a: Corviknight|24\/100|[from] Recoil\n|\n|upkeep\n|turn|23\n|\n|t:|1699788615\n|move|p1a: Polteageist|Stored Power|p2a: Corviknight\n|-resisted|p2a: Corviknight\n|-damage|p2a: Corviknight|0 fnt\n|faint|p2a: Corviknight\n|\n|upkeep\n|\n|t:|1699788618\n|switch|p2a: Ceruledge|Ceruledge, F|100\/100\n|turn|24\n|\n|t:|1699788621\n|move|p1a: Polteageist|Sucker Punch|p2a: Ceruledge\n|-supereffective|p2a: Ceruledge\n|-damage|p2a: Ceruledge|46\/100\n|move|p2a: Ceruledge|Shadow Sneak|p1a: Polteageist\n|-supereffective|p1a: Polteageist\n|-crit|p1a: Polteageist\n|-damage|p1a: Polteageist|0 fnt\n|faint|p1a: Polteageist\n|\n|upkeep\n|\n|t:|1699788627\n|switch|p1a: Excadrill|Excadrill, M|100\/100\n|-ability|p1a: Excadrill|Mold Breaker\n|turn|25\n|\n|t:|1699788635\n|move|p1a: Excadrill|Earthquake|p2a: Ceruledge\n|-supereffective|p2a: Ceruledge\n|-damage|p2a: Ceruledge|0 fnt\n|faint|p2a: Ceruledge\n|\n|upkeep\n|\n|t:|1699788638\n|switch|p2a: Hydreigon|Hydreigon, M|100\/100\n|turn|26\n|\n|t:|1699788643\n|switch|p1a: Beedrill|Beedrill, M|100\/100\n|-terastallize|p2a: Hydreigon|Dark\n|move|p2a: Hydreigon|Dark Pulse|p1a: Beedrill\n|-damage|p1a: Beedrill|24\/100\n|\n|upkeep\n|turn|27\n|\n|t:|1699788650\n|detailschange|p1a: Beedrill|Beedrill-Mega, M\n|-mega|p1a: Beedrill|Beedrill|Beedrillite\n|move|p2a: Hydreigon|Dark Pulse|p1a: Beedrill\n|-damage|p1a: Beedrill|0 fnt\n|faint|p1a: Beedrill\n|\n|upkeep\n|\n|t:|1699788654\n|switch|p1a: Excadrill|Excadrill, M|100\/100\n|-ability|p1a: Excadrill|Mold Breaker\n|turn|28\n|\n|t:|1699788662\n|move|p2a: Hydreigon|Dark Pulse|p1a: Excadrill\n|-damage|p1a: Excadrill|25\/100\n|move|p1a: Excadrill|X-Scissor|p2a: Hydreigon\n|-supereffective|p2a: Hydreigon\n|-damage|p2a: Hydreigon|32\/100\n|\n|upkeep\n|turn|29\n|-message|Maikel2216 forfeited.\n|\n|win|Andrews Finn3\n|raw|Maikel2216's rating: 1212 &rarr; <strong>1180<\/strong><br \/>(-32 for losing)\n|raw|Andrews Finn3's rating: 1118 &rarr; <strong>1150<\/strong><br \/>(+32 for winning)\n|l|\u2606Maikel2216\n","uploadtime":1699788818,"views":4,"p1id":"maikel2216","p2id":"andrewsfinn3","formatid":"gen9nationaldex","rating":1150,"private":0,"password":""}