{"id":"gen9nationaldex-1994758936","p1":"Anakima","p2":"NDSNEZ testing","format":"[Gen 9] National Dex","log":"|html|<div class=\"broadcast-blue\"><strong>[Gen 9] National Dex is currently suspecting Sneasler! For information on how to participate check out the <a href=\"https:\/\/www.smogon.com\/forums\/threads\/sv-national-dex-suspect-8-just-dance.3731534\/\">suspect thread<\/a>.<\/strong><\/div>\n|j|\u2606Anakima\n|j|\u2606NDSNEZ testing\n|t:|1700489883\n|gametype|singles\n|player|p1|Anakima|sabrina|1344\n|player|p2|NDSNEZ testing|penny|1363\n|teamsize|p1|6\n|teamsize|p2|6\n|gen|9\n|tier|[Gen 9] National Dex\n|rated|\n|rule|HP Percentage Mod: HP is shown in percentages\n|rule|Endless Battle Clause: Forcing endless battles is banned\n|rule|OHKO Clause: OHKO moves are banned\n|rule|Evasion Clause: Evasion abilities, items, and moves are banned\n|rule|Evasion Abilities Clause: Evasion abilities are banned\n|rule|Evasion Items Clause: Evasion items are banned\n|rule|Evasion Moves Clause: Evasion moves are banned\n|rule|Species Clause: Limit one of each Pok\u00e9mon\n|rule|Sleep Clause Mod: Limit one foe put to sleep\n|clearpoke\n|poke|p1|Tyranitar, M|\n|poke|p1|Excadrill, M|\n|poke|p1|Ting-Lu|\n|poke|p1|Diancie|\n|poke|p1|Ogerpon-Wellspring, F|\n|poke|p1|Mandibuzz, F|\n|poke|p2|Sableye, F|\n|poke|p2|Chansey, F|\n|poke|p2|Clodsire, M|\n|poke|p2|Corviknight, M|\n|poke|p2|Alomomola, F|\n|poke|p2|Dragonite, M|\n|teampreview\n|inactive|Battle timer is ON: inactive players will automatically lose when time's up. (requested by NDSNEZ testing)\n|\n|t:|1700489893\n|start\n|switch|p1a: Diancie|Diancie, shiny|100\/100\n|switch|p2a: Sableye|Sableye, F|100\/100\n|turn|1\n|j| Wlkingcactus\n|\n|t:|1700489916\n|detailschange|p1a: Diancie|Diancie-Mega, shiny\n|-mega|p1a: Diancie|Diancie|Diancite\n|detailschange|p2a: Sableye|Sableye-Mega, F\n|-mega|p2a: Sableye|Sableye|Sablenite\n|move|p2a: Sableye|Protect|p2a: Sableye\n|-singleturn|p2a: Sableye|Protect\n|move|p1a: Diancie|Moonblast|p2a: Sableye\n|-activate|p2a: Sableye|move: Protect\n|\n|upkeep\n|turn|2\n|\n|t:|1700489926\n|switch|p2a: Chansey|Chansey, F|100\/100\n|move|p1a: Diancie|Moonblast|p2a: Chansey\n|-damage|p2a: Chansey|81\/100\n|-unboost|p2a: Chansey|spa|1\n|\n|upkeep\n|turn|3\n|inactive|Anakima has 120 seconds left.\n|\n|t:|1700489957\n|switch|p1a: Ogerpon|Ogerpon-Wellspring, F|100\/100\n|move|p2a: Chansey|Seismic Toss|p1a: Ogerpon\n|-damage|p1a: Ogerpon|67\/100\n|\n|upkeep\n|turn|4\n|\n|t:|1700489968\n|switch|p2a: Dragonite|Dragonite, M|100\/100\n|move|p1a: Ogerpon|Ivy Cudgel|p2a: Dragonite|[anim] Ivy Cudgel Water\n|-resisted|p2a: Dragonite\n|-damage|p2a: Dragonite|88\/100\n|\n|upkeep\n|turn|5\n|inactive|Anakima has 120 seconds left.\n|\n|t:|1700489979\n|move|p1a: Ogerpon|U-turn|p2a: Dragonite\n|-resisted|p2a: Dragonite\n|-damage|p2a: Dragonite|75\/100\n|\n|t:|1700489982\n|switch|p1a: Tyranitar|Tyranitar, M|100\/100|[from] U-turn\n|-weather|Sandstorm|[from] ability: Sand Stream|[of] p1a: Tyranitar\n|move|p2a: Dragonite|Dual Wingbeat|p1a: Tyranitar\n|-resisted|p1a: Tyranitar\n|-damage|p1a: Tyranitar|90\/100\n|-resisted|p1a: Tyranitar\n|-damage|p1a: Tyranitar|81\/100\n|-hitcount|p1a: Tyranitar|2\n|\n|-weather|Sandstorm|[upkeep]\n|-damage|p2a: Dragonite|69\/100|[from] Sandstorm\n|upkeep\n|turn|6\n|inactive|Anakima has 120 seconds left.\n|l| Wlkingcactus\n|inactive|NDSNEZ testing has 120 seconds left.\n|\n|t:|1700490024\n|switch|p2a: Sableye|Sableye-Mega, F|100\/100\n|move|p1a: Tyranitar|Knock Off|p2a: Sableye\n|-damage|p2a: Sableye|74\/100\n|\n|-weather|Sandstorm|[upkeep]\n|-damage|p2a: Sableye|68\/100|[from] Sandstorm\n|upkeep\n|turn|7\n|inactive|Anakima has 120 seconds left.\n|\n|t:|1700490046\n|switch|p1a: Ting-Lu|Ting-Lu|100\/100\n|-ability|p1a: Ting-Lu|Vessel of Ruin\n|move|p2a: Sableye|Will-O-Wisp|p1a: Ting-Lu\n|-status|p1a: Ting-Lu|brn\n|\n|-weather|Sandstorm|[upkeep]\n|-damage|p2a: Sableye|62\/100|[from] Sandstorm\n|-damage|p1a: Ting-Lu|94\/100 brn|[from] brn\n|upkeep\n|turn|8\n|\n|t:|1700490060\n|move|p1a: Ting-Lu|Ruination|p2a: Sableye\n|-damage|p2a: Sableye|31\/100\n|move|p2a: Sableye|Recover|p2a: Sableye\n|-heal|p2a: Sableye|81\/100\n|\n|-weather|Sandstorm|[upkeep]\n|-damage|p2a: Sableye|75\/100|[from] Sandstorm\n|-heal|p1a: Ting-Lu|100\/100 brn|[from] item: Leftovers\n|-damage|p1a: Ting-Lu|94\/100 brn|[from] brn\n|upkeep\n|turn|9\n|\n|t:|1700490073\n|move|p2a: Sableye|Knock Off|p1a: Ting-Lu\n|-resisted|p1a: Ting-Lu\n|-damage|p1a: Ting-Lu|89\/100 brn\n|-enditem|p1a: Ting-Lu|Leftovers|[from] move: Knock Off|[of] p2a: Sableye\n|move|p1a: Ting-Lu|Whirlwind|p2a: Sableye\n|move|p2a: Sableye|Whirlwind|p1a: Ting-Lu|[from]ability: Magic Bounce\n|drag|p1a: Diancie|Diancie-Mega, shiny|100\/100\n|\n|-weather|Sandstorm|[upkeep]\n|-damage|p2a: Sableye|69\/100|[from] Sandstorm\n|upkeep\n|turn|10\n|inactive|Anakima has 90 seconds left.\n|\n|t:|1700490099\n|switch|p2a: Chansey|Chansey, F|81\/100\n|move|p1a: Diancie|Moonblast|p2a: Chansey\n|-damage|p2a: Chansey|64\/100\n|-unboost|p2a: Chansey|spa|1\n|\n|-weather|Sandstorm|[upkeep]\n|-damage|p2a: Chansey|58\/100|[from] Sandstorm\n|upkeep\n|turn|11\n|inactive|Anakima has 90 seconds left.\n|\n|t:|1700490119\n|move|p1a: Diancie|Diamond Storm|p2a: Chansey\n|-damage|p2a: Chansey|24\/100\n|move|p2a: Chansey|Stealth Rock|p1a: Diancie\n|move|p1a: Diancie|Stealth Rock|p2a: Chansey|[from]ability: Magic Bounce\n|-sidestart|p2: NDSNEZ testing|move: Stealth Rock\n|\n|-weather|Sandstorm|[upkeep]\n|-damage|p2a: Chansey|18\/100|[from] Sandstorm\n|upkeep\n|turn|12\n|inactive|Anakima has 90 seconds left.\n|\n|t:|1700490132\n|switch|p2a: Clodsire|Clodsire, M|100\/100\n|move|p1a: Diancie|Moonblast|p2a: Clodsire\n|-resisted|p2a: Clodsire\n|-damage|p2a: Clodsire|85\/100\n|\n|-weather|none\n|upkeep\n|turn|13\n|inactive|Anakima has 90 seconds left.\n|\n|t:|1700490140\n|move|p1a: Diancie|Earth Power|p2a: Clodsire\n|-supereffective|p2a: Clodsire\n|-damage|p2a: Clodsire|48\/100\n|move|p2a: Clodsire|Earthquake|p1a: Diancie\n|-supereffective|p1a: Diancie\n|-damage|p1a: Diancie|23\/100\n|\n|upkeep\n|turn|14\n|inactive|Anakima has 90 seconds left.\n|\n|t:|1700490154\n|switch|p1a: Mandibuzz|Mandibuzz, F, shiny|100\/100\n|move|p2a: Clodsire|Recover|p2a: Clodsire\n|-heal|p2a: Clodsire|98\/100\n|\n|upkeep\n|turn|15\n|inactive|Anakima has 90 seconds left.\n|\n|t:|1700490164\n|switch|p2a: Corviknight|Corviknight, M|100\/100\n|-damage|p2a: Corviknight|88\/100|[from] Stealth Rock\n|-ability|p2a: Corviknight|Pressure\n|move|p1a: Mandibuzz|Hurricane|p2a: Corviknight\n|-resisted|p2a: Corviknight\n|-damage|p2a: Corviknight|77\/100\n|\n|-heal|p2a: Corviknight|83\/100|[from] item: Leftovers\n|upkeep\n|turn|16\n|inactive|Anakima has 90 seconds left.\n|\n|t:|1700490181\n|switch|p1a: Tyranitar|Tyranitar, M|81\/100\n|-weather|Sandstorm|[from] ability: Sand Stream|[of] p1a: Tyranitar\n|move|p2a: Corviknight|Defog|p1a: Tyranitar\n|-unboost|p1a: Tyranitar|evasion|1\n|-sideend|p2: NDSNEZ testing|Stealth Rock|[from] move: Defog|[of] p2a: Corviknight\n|\n|-weather|Sandstorm|[upkeep]\n|-heal|p2a: Corviknight|89\/100|[from] item: Leftovers\n|upkeep\n|turn|17\n|inactive|Anakima has 90 seconds left.\n|inactive|Anakima has 60 seconds left.\n|\n|t:|1700490230\n|switch|p2a: Alomomola|Alomomola, F|100\/100\n|move|p1a: Tyranitar|Stone Edge|p2a: Alomomola\n|-damage|p2a: Alomomola|65\/100\n|\n|-weather|Sandstorm|[upkeep]\n|-damage|p2a: Alomomola|59\/100|[from] Sandstorm\n|upkeep\n|turn|18\n|inactive|NDSNEZ testing has 120 seconds left.\n|\n|t:|1700490263\n|switch|p1a: Ogerpon|Ogerpon-Wellspring, F|67\/100\n|move|p2a: Alomomola|Wish|p2a: Alomomola\n|\n|-weather|Sandstorm|[upkeep]\n|-damage|p1a: Ogerpon|61\/100|[from] Sandstorm\n|-damage|p2a: Alomomola|53\/100|[from] Sandstorm\n|upkeep\n|turn|19\n|\n|t:|1700490272\n|switch|p2a: Dragonite|Dragonite, M|69\/100\n|move|p1a: Ogerpon|Ivy Cudgel|p2a: Dragonite|[anim] Ivy Cudgel Water\n|-resisted|p2a: Dragonite\n|-damage|p2a: Dragonite|39\/100\n|\n|-weather|Sandstorm|[upkeep]\n|-damage|p1a: Ogerpon|55\/100|[from] Sandstorm\n|-damage|p2a: Dragonite|33\/100|[from] Sandstorm\n|-heal|p2a: Dragonite|94\/100|[from] move: Wish|[wisher] Alomomola\n|upkeep\n|turn|20\n|\n|t:|1700490283\n|move|p1a: Ogerpon|U-turn|p2a: Dragonite\n|-resisted|p2a: Dragonite\n|-damage|p2a: Dragonite|82\/100\n|\n|t:|1700490289\n|switch|p1a: Ting-Lu|Ting-Lu|89\/100 brn|[from] U-turn\n|-ability|p1a: Ting-Lu|Vessel of Ruin\n|move|p2a: Dragonite|Dragon Dance|p2a: Dragonite\n|-boost|p2a: Dragonite|atk|1\n|-boost|p2a: Dragonite|spe|1\n|\n|-weather|Sandstorm|[upkeep]\n|-damage|p2a: Dragonite|76\/100|[from] Sandstorm\n|-damage|p1a: Ting-Lu|82\/100 brn|[from] brn\n|upkeep\n|turn|21\n|\n|t:|1700490301\n|switch|p2a: Sableye|Sableye-Mega, F|69\/100\n|move|p1a: Ting-Lu|Whirlwind|p2a: Sableye\n|move|p2a: Sableye|Whirlwind|p1a: Ting-Lu|[from]ability: Magic Bounce\n|drag|p1a: Ogerpon|Ogerpon-Wellspring, F|55\/100\n|\n|-weather|Sandstorm|[upkeep]\n|-damage|p1a: Ogerpon|49\/100|[from] Sandstorm\n|-damage|p2a: Sableye|64\/100|[from] Sandstorm\n|upkeep\n|turn|22\n|\n|t:|1700490315\n|move|p2a: Sableye|Protect|p2a: Sableye\n|-singleturn|p2a: Sableye|Protect\n|move|p1a: Ogerpon|Ivy Cudgel|p2a: Sableye|[anim] Ivy Cudgel Water\n|-activate|p2a: Sableye|move: Protect\n|\n|-weather|Sandstorm|[upkeep]\n|-damage|p1a: Ogerpon|43\/100|[from] Sandstorm\n|-damage|p2a: Sableye|58\/100|[from] Sandstorm\n|upkeep\n|turn|23\n|\n|t:|1700490324\n|switch|p2a: Dragonite|Dragonite, M|76\/100\n|move|p1a: Ogerpon|Horn Leech|p2a: Dragonite\n|-resisted|p2a: Dragonite\n|-damage|p2a: Dragonite|66\/100\n|-heal|p1a: Ogerpon|50\/100|[from] drain|[of] p2a: Dragonite\n|\n|-weather|none\n|upkeep\n|turn|24\n|\n|t:|1700490338\n|move|p1a: Ogerpon|Ivy Cudgel|p2a: Dragonite|[anim] Ivy Cudgel Water\n|-resisted|p2a: Dragonite\n|-damage|p2a: Dragonite|40\/100\n|move|p2a: Dragonite|Dual Wingbeat|p1a: Ogerpon\n|-supereffective|p1a: Ogerpon\n|-damage|p1a: Ogerpon|0 fnt\n|faint|p1a: Ogerpon\n|-hitcount|p1: Ogerpon|1\n|\n|upkeep\n|\n|t:|1700490352\n|switch|p1a: Tyranitar|Tyranitar, M|81\/100\n|-weather|Sandstorm|[from] ability: Sand Stream|[of] p1a: Tyranitar\n|turn|25\n|\n|t:|1700490361\n|move|p2a: Dragonite|Roost|p2a: Dragonite\n|-heal|p2a: Dragonite|90\/100\n|-singleturn|p2a: Dragonite|move: Roost\n|move|p1a: Tyranitar|Stone Edge|p2a: Dragonite\n|-crit|p2a: Dragonite\n|-damage|p2a: Dragonite|6\/100\n|\n|-weather|Sandstorm|[upkeep]\n|-damage|p2a: Dragonite|0 fnt|[from] Sandstorm\n|faint|p2a: Dragonite\n|upkeep\n|\n|t:|1700490374\n|switch|p2a: Alomomola|Alomomola, F|86\/100\n|turn|26\n|inactive|Anakima has 60 seconds left.\n|\n|t:|1700490394\n|switch|p1a: Ting-Lu|Ting-Lu|82\/100 brn\n|-ability|p1a: Ting-Lu|Vessel of Ruin\n|move|p2a: Alomomola|Wish|p2a: Alomomola\n|\n|-weather|Sandstorm|[upkeep]\n|-damage|p2a: Alomomola|80\/100|[from] Sandstorm\n|-damage|p1a: Ting-Lu|76\/100 brn|[from] brn\n|upkeep\n|turn|27\n|\n|t:|1700490404\n|move|p2a: Alomomola|Flip Turn|p1a: Ting-Lu\n|-supereffective|p1a: Ting-Lu\n|-damage|p1a: Ting-Lu|63\/100 brn\n|\n|t:|1700490408\n|switch|p2a: Sableye|Sableye-Mega, F|58\/100|[from] Flip Turn\n|move|p1a: Ting-Lu|Ruination|p2a: Sableye\n|-damage|p2a: Sableye|29\/100\n|\n|-weather|Sandstorm|[upkeep]\n|-damage|p2a: Sableye|23\/100|[from] Sandstorm\n|-heal|p2a: Sableye|100\/100|[from] move: Wish|[wisher] Alomomola\n|-damage|p1a: Ting-Lu|57\/100 brn|[from] brn\n|upkeep\n|turn|28\n|inactive|Anakima has 60 seconds left.\n|\n|t:|1700490420\n|switch|p2a: Alomomola|Alomomola, F|100\/100\n|move|p1a: Ting-Lu|Ruination|p2a: Alomomola\n|-damage|p2a: Alomomola|50\/100\n|\n|-weather|Sandstorm|[upkeep]\n|-damage|p2a: Alomomola|44\/100|[from] Sandstorm\n|-damage|p1a: Ting-Lu|51\/100 brn|[from] brn\n|upkeep\n|turn|29\n|inactive|Anakima has 60 seconds left.\n|\n|t:|1700490434\n|move|p2a: Alomomola|Wish|p2a: Alomomola\n|move|p1a: Ting-Lu|Ruination|p2a: Alomomola\n|-damage|p2a: Alomomola|23\/100\n|\n|-weather|Sandstorm|[upkeep]\n|-damage|p2a: Alomomola|16\/100|[from] Sandstorm\n|-damage|p1a: Ting-Lu|45\/100 brn|[from] brn\n|upkeep\n|turn|30\n|\n|t:|1700490454\n|move|p2a: Alomomola|Protect|p2a: Alomomola\n|-singleturn|p2a: Alomomola|Protect\n|move|p1a: Ting-Lu|Ruination|p2a: Alomomola\n|-activate|p2a: Alomomola|move: Protect\n|\n|-weather|Sandstorm|[upkeep]\n|-damage|p2a: Alomomola|10\/100|[from] Sandstorm\n|-heal|p2a: Alomomola|60\/100|[from] move: Wish|[wisher] Alomomola\n|-damage|p1a: Ting-Lu|38\/100 brn|[from] brn\n|upkeep\n|turn|31\n|\n|t:|1700490466\n|move|p2a: Alomomola|Flip Turn|p1a: Ting-Lu\n|-supereffective|p1a: Ting-Lu\n|-damage|p1a: Ting-Lu|26\/100 brn\n|\n|t:|1700490477\n|switch|p2a: Sableye|Sableye-Mega, F|100\/100|[from] Flip Turn\n|move|p1a: Ting-Lu|Ruination|p2a: Sableye|[miss]\n|-miss|p1a: Ting-Lu|p2a: Sableye\n|\n|-weather|Sandstorm|[upkeep]\n|-damage|p2a: Sableye|95\/100|[from] Sandstorm\n|-damage|p1a: Ting-Lu|19\/100 brn|[from] brn\n|upkeep\n|turn|32\n|\n|t:|1700490487\n|move|p2a: Sableye|Protect|p2a: Sableye\n|-singleturn|p2a: Sableye|Protect\n|move|p1a: Ting-Lu|Ruination|p2a: Sableye\n|-activate|p2a: Sableye|move: Protect\n|\n|-weather|none\n|-damage|p1a: Ting-Lu|13\/100 brn|[from] brn\n|upkeep\n|turn|33\n|\n|t:|1700490497\n|switch|p2a: Alomomola|Alomomola, F|94\/100\n|move|p1a: Ting-Lu|Ruination|p2a: Alomomola\n|-damage|p2a: Alomomola|47\/100\n|\n|-damage|p1a: Ting-Lu|7\/100 brn|[from] brn\n|upkeep\n|turn|34\n|\n|t:|1700490508\n|switch|p1a: Tyranitar|Tyranitar, M|81\/100\n|-weather|Sandstorm|[from] ability: Sand Stream|[of] p1a: Tyranitar\n|move|p2a: Alomomola|Wish|p2a: Alomomola\n|\n|-weather|Sandstorm|[upkeep]\n|-damage|p2a: Alomomola|41\/100|[from] Sandstorm\n|upkeep\n|turn|35\n|\n|t:|1700490525\n|move|p1a: Tyranitar|Dragon Dance|p1a: Tyranitar\n|-boost|p1a: Tyranitar|atk|1\n|-boost|p1a: Tyranitar|spe|1\n|move|p2a: Alomomola|Flip Turn|p1a: Tyranitar\n|-supereffective|p1a: Tyranitar\n|-damage|p1a: Tyranitar|50\/100\n|\n|t:|1700490530\n|switch|p2a: Chansey|Chansey, F|18\/100|[from] Flip Turn\n|\n|-weather|Sandstorm|[upkeep]\n|-damage|p2a: Chansey|12\/100|[from] Sandstorm\n|-heal|p2a: Chansey|45\/100|[from] move: Wish|[wisher] Alomomola\n|upkeep\n|turn|36\n|\n|t:|1700490546\n|switch|p2a: Clodsire|Clodsire, M|98\/100\n|move|p1a: Tyranitar|Earthquake|p2a: Clodsire\n|-supereffective|p2a: Clodsire\n|-damage|p2a: Clodsire|10\/100\n|\n|-weather|Sandstorm|[upkeep]\n|upkeep\n|turn|37\n|\n|t:|1700490555\n|move|p1a: Tyranitar|Stone Edge|p2a: Clodsire\n|-resisted|p2a: Clodsire\n|-damage|p2a: Clodsire|0 fnt\n|faint|p2a: Clodsire\n|\n|-weather|Sandstorm|[upkeep]\n|upkeep\n|\n|t:|1700490559\n|switch|p2a: Alomomola|Alomomola, F|74\/100\n|turn|38\n|\n|t:|1700490564\n|move|p1a: Tyranitar|Earthquake|p2a: Alomomola\n|-damage|p2a: Alomomola|39\/100\n|move|p2a: Alomomola|Scald|p1a: Tyranitar\n|-supereffective|p1a: Tyranitar\n|-crit|p1a: Tyranitar\n|-damage|p1a: Tyranitar|25\/100\n|\n|-weather|Sandstorm|[upkeep]\n|-damage|p2a: Alomomola|33\/100|[from] Sandstorm\n|upkeep\n|turn|39\n|inactive|Anakima has 90 seconds left.\n|\n|t:|1700490600\n|move|p2a: Alomomola|Protect|p2a: Alomomola\n|-singleturn|p2a: Alomomola|Protect\n|move|p1a: Tyranitar|Earthquake|p2a: Alomomola\n|-activate|p2a: Alomomola|move: Protect\n|\n|-weather|Sandstorm|[upkeep]\n|-damage|p2a: Alomomola|27\/100|[from] Sandstorm\n|upkeep\n|turn|40\n|\n|t:|1700490610\n|switch|p2a: Corviknight|Corviknight, M|89\/100\n|-ability|p2a: Corviknight|Pressure\n|move|p1a: Tyranitar|Earthquake|p2a: Corviknight\n|-immune|p2a: Corviknight\n|\n|-weather|Sandstorm|[upkeep]\n|-heal|p2a: Corviknight|95\/100|[from] item: Leftovers\n|upkeep\n|turn|41\n|\n|t:|1700490621\n|move|p1a: Tyranitar|Stone Edge|p2a: Corviknight\n|-damage|p2a: Corviknight|36\/100\n|move|p2a: Corviknight|Bulk Up|p2a: Corviknight\n|-boost|p2a: Corviknight|atk|1\n|-boost|p2a: Corviknight|def|1\n|\n|-weather|none\n|-heal|p2a: Corviknight|42\/100|[from] item: Leftovers\n|upkeep\n|turn|42\n|\n|t:|1700490631\n|switch|p1a: Ting-Lu|Ting-Lu|7\/100 brn\n|-ability|p1a: Ting-Lu|Vessel of Ruin\n|move|p2a: Corviknight|Roost|p2a: Corviknight\n|-heal|p2a: Corviknight|92\/100\n|-singleturn|p2a: Corviknight|move: Roost\n|\n|-heal|p2a: Corviknight|99\/100|[from] item: Leftovers\n|-damage|p1a: Ting-Lu|1\/100 brn|[from] brn\n|upkeep\n|turn|43\n|\n|t:|1700490643\n|switch|p2a: Alomomola|Alomomola, F|60\/100\n|move|p1a: Ting-Lu|Ruination|p2a: Alomomola\n|-damage|p2a: Alomomola|30\/100\n|\n|-damage|p1a: Ting-Lu|0 fnt|[from] brn\n|faint|p1a: Ting-Lu\n|upkeep\n|inactive|Anakima has 60 seconds left.\n|\n|t:|1700490655\n|switch|p1a: Diancie|Diancie-Mega, shiny|23\/100\n|turn|44\n|\n|t:|1700490664\n|switch|p2a: Corviknight|Corviknight, M|99\/100\n|-ability|p2a: Corviknight|Pressure\n|move|p1a: Diancie|Moonblast|p2a: Corviknight\n|-resisted|p2a: Corviknight\n|-damage|p2a: Corviknight|73\/100\n|\n|-heal|p2a: Corviknight|79\/100|[from] item: Leftovers\n|upkeep\n|turn|45\n|\n|t:|1700490674\n|move|p1a: Diancie|Mystical Fire|p2a: Corviknight\n|-supereffective|p2a: Corviknight\n|-damage|p2a: Corviknight|15\/100\n|-unboost|p2a: Corviknight|spa|1\n|move|p2a: Corviknight|Brave Bird|p1a: Diancie\n|-resisted|p1a: Diancie\n|-damage|p1a: Diancie|0 fnt\n|faint|p1a: Diancie\n|-damage|p2a: Corviknight|10\/100|[from] Recoil\n|\n|-heal|p2a: Corviknight|17\/100|[from] item: Leftovers\n|upkeep\n|inactive|Anakima has 60 seconds left.\n|\n|t:|1700490688\n|switch|p1a: Tyranitar|Tyranitar, M|25\/100\n|-weather|Sandstorm|[from] ability: Sand Stream|[of] p1a: Tyranitar\n|turn|46\n|\n|t:|1700490697\n|move|p1a: Tyranitar|Stone Edge|p2a: Corviknight\n|-damage|p2a: Corviknight|0 fnt\n|faint|p2a: Corviknight\n|\n|-weather|Sandstorm|[upkeep]\n|upkeep\n|\n|t:|1700490701\n|switch|p2a: Alomomola|Alomomola, F|64\/100\n|turn|47\n|\n|t:|1700490717\n|switch|p1a: Mandibuzz|Mandibuzz, F, shiny|100\/100\n|move|p2a: Alomomola|Wish|p2a: Alomomola\n|\n|-weather|Sandstorm|[upkeep]\n|-damage|p2a: Alomomola|57\/100|[from] Sandstorm\n|upkeep\n|turn|48\n|\n|t:|1700490728\n|move|p2a: Alomomola|Protect|p2a: Alomomola\n|-singleturn|p2a: Alomomola|Protect\n|move|p1a: Mandibuzz|Hurricane|p2a: Alomomola\n|-activate|p2a: Alomomola|move: Protect\n|\n|-weather|Sandstorm|[upkeep]\n|-damage|p2a: Alomomola|51\/100|[from] Sandstorm\n|-heal|p2a: Alomomola|100\/100|[from] move: Wish|[wisher] Alomomola\n|upkeep\n|turn|49\n|\n|t:|1700490744\n|switch|p2a: Sableye|Sableye-Mega, F|95\/100\n|move|p1a: Mandibuzz|Hurricane|p2a: Sableye\n|-damage|p2a: Sableye|70\/100\n|\n|-weather|Sandstorm|[upkeep]\n|-damage|p2a: Sableye|65\/100|[from] Sandstorm\n|upkeep\n|turn|50\n|\n|t:|1700490756\n|move|p1a: Mandibuzz|Hurricane|p2a: Sableye\n|-damage|p2a: Sableye|42\/100\n|move|p2a: Sableye|Will-O-Wisp|p1a: Mandibuzz\n|-status|p1a: Mandibuzz|brn\n|\n|-weather|Sandstorm|[upkeep]\n|-damage|p2a: Sableye|36\/100|[from] Sandstorm\n|-damage|p1a: Mandibuzz|94\/100 brn|[from] brn\n|upkeep\n|turn|51\n|\n|t:|1700490767\n|move|p1a: Mandibuzz|Hurricane|p2a: Sableye|[miss]\n|-miss|p1a: Mandibuzz|p2a: Sableye\n|move|p2a: Sableye|Recover|p2a: Sableye\n|-heal|p2a: Sableye|87\/100\n|\n|-weather|Sandstorm|[upkeep]\n|-damage|p2a: Sableye|81\/100|[from] Sandstorm\n|-damage|p1a: Mandibuzz|88\/100 brn|[from] brn\n|upkeep\n|turn|52\n|\n|t:|1700490777\n|move|p1a: Mandibuzz|Hurricane|p2a: Sableye\n|-damage|p2a: Sableye|58\/100\n|move|p2a: Sableye|Knock Off|p1a: Mandibuzz\n|-resisted|p1a: Mandibuzz\n|-damage|p1a: Mandibuzz|80\/100 brn\n|-enditem|p1a: Mandibuzz|Heavy-Duty Boots|[from] move: Knock Off|[of] p2a: Sableye\n|\n|-weather|Sandstorm|[upkeep]\n|-damage|p2a: Sableye|52\/100|[from] Sandstorm\n|-damage|p1a: Mandibuzz|74\/100 brn|[from] brn\n|upkeep\n|turn|53\n|\n|t:|1700490789\n|move|p1a: Mandibuzz|Hurricane|p2a: Sableye\n|-damage|p2a: Sableye|28\/100\n|move|p2a: Sableye|Recover|p2a: Sableye\n|-heal|p2a: Sableye|78\/100\n|\n|-weather|none\n|-damage|p1a: Mandibuzz|68\/100 brn|[from] brn\n|upkeep\n|turn|54\n|\n|t:|1700490801\n|switch|p2a: Chansey|Chansey, F|45\/100\n|move|p1a: Mandibuzz|Defog|p2a: Chansey\n|-unboost|p2a: Chansey|evasion|1\n|\n|-damage|p1a: Mandibuzz|62\/100 brn|[from] brn\n|upkeep\n|turn|55\n|\n|t:|1700490809\n|move|p1a: Mandibuzz|Hurricane|p2a: Chansey\n|-damage|p2a: Chansey|38\/100\n|move|p2a: Chansey|Soft-Boiled|p2a: Chansey\n|-heal|p2a: Chansey|88\/100\n|\n|-damage|p1a: Mandibuzz|56\/100 brn|[from] brn\n|upkeep\n|turn|56\n|\n|t:|1700490818\n|move|p1a: Mandibuzz|Roost|p1a: Mandibuzz\n|-heal|p1a: Mandibuzz|100\/100 brn\n|-singleturn|p1a: Mandibuzz|move: Roost\n|move|p2a: Chansey|Stealth Rock|p1a: Mandibuzz\n|-sidestart|p1: Anakima|move: Stealth Rock\n|\n|-damage|p1a: Mandibuzz|94\/100 brn|[from] brn\n|upkeep\n|turn|57\n|\n|t:|1700490827\n|move|p1a: Mandibuzz|Toxic|p2a: Chansey\n|-status|p2a: Chansey|tox\n|move|p2a: Chansey|Seismic Toss|p1a: Mandibuzz\n|-damage|p1a: Mandibuzz|71\/100 brn\n|\n|-damage|p2a: Chansey|82\/100 tox|[from] psn\n|-damage|p1a: Mandibuzz|65\/100 brn|[from] brn\n|upkeep\n|turn|58\n|\n|t:|1700490837\n|-curestatus|p2a: Chansey|tox|[from] ability: Natural Cure\n|switch|p2a: Sableye|Sableye-Mega, F|78\/100\n|move|p1a: Mandibuzz|Defog|p2a: Sableye\n|move|p2a: Sableye|Defog|p1a: Mandibuzz|[from]ability: Magic Bounce\n|-unboost|p1a: Mandibuzz|evasion|1\n|-sideend|p1: Anakima|Stealth Rock|[from] move: Defog|[of] p2a: Sableye\n|\n|-damage|p1a: Mandibuzz|58\/100 brn|[from] brn\n|upkeep\n|turn|59\n|inactive|Anakima has 90 seconds left.\n|\n|t:|1700490849\n|move|p2a: Sableye|Protect|p2a: Sableye\n|-singleturn|p2a: Sableye|Protect\n|move|p1a: Mandibuzz|Roost|p1a: Mandibuzz\n|-heal|p1a: Mandibuzz|100\/100 brn\n|-singleturn|p1a: Mandibuzz|move: Roost\n|\n|-damage|p1a: Mandibuzz|94\/100 brn|[from] brn\n|upkeep\n|turn|60\n|inactive|Anakima has 90 seconds left.\n|\n|t:|1700490859\n|switch|p1a: Tyranitar|Tyranitar, M|25\/100\n|-weather|Sandstorm|[from] ability: Sand Stream|[of] p1a: Tyranitar\n|move|p2a: Sableye|Knock Off|p1a: Tyranitar\n|-resisted|p1a: Tyranitar\n|-damage|p1a: Tyranitar|13\/100\n|-enditem|p1a: Tyranitar|Smooth Rock|[from] move: Knock Off|[of] p2a: Sableye\n|\n|-weather|Sandstorm|[upkeep]\n|-damage|p2a: Sableye|72\/100|[from] Sandstorm\n|upkeep\n|turn|61\n|inactive|Anakima has 90 seconds left.\n|\n|t:|1700490870\n|move|p1a: Tyranitar|Dragon Dance|p1a: Tyranitar\n|-boost|p1a: Tyranitar|atk|1\n|-boost|p1a: Tyranitar|spe|1\n|move|p2a: Sableye|Will-O-Wisp|p1a: Tyranitar\n|-status|p1a: Tyranitar|brn\n|\n|-weather|Sandstorm|[upkeep]\n|-damage|p2a: Sableye|66\/100|[from] Sandstorm\n|-damage|p1a: Tyranitar|7\/100 brn|[from] brn\n|upkeep\n|turn|62\n|inactive|Anakima has 90 seconds left.\n|\n|t:|1700490883\n|move|p1a: Tyranitar|Earthquake|p2a: Sableye\n|-damage|p2a: Sableye|44\/100\n|move|p2a: Sableye|Recover|p2a: Sableye\n|-heal|p2a: Sableye|95\/100\n|\n|-weather|Sandstorm|[upkeep]\n|-damage|p2a: Sableye|89\/100|[from] Sandstorm\n|-damage|p1a: Tyranitar|0 fnt|[from] brn\n|faint|p1a: Tyranitar\n|upkeep\n|\n|t:|1700490894\n|switch|p1a: acrid risk of rain|Excadrill, M, shiny|100\/100\n|turn|63\n|inactive|Anakima has 60 seconds left.\n|\n|t:|1700490926\n|move|p1a: acrid risk of rain|Iron Head|p2a: Sableye\n|-crit|p2a: Sableye\n|-damage|p2a: Sableye|24\/100\n|-damage|p1a: acrid risk of rain|91\/100|[from] item: Life Orb\n|cant|p2a: Sableye|flinch\n|\n|-weather|Sandstorm|[upkeep]\n|-damage|p2a: Sableye|18\/100|[from] Sandstorm\n|upkeep\n|turn|64\n|\n|t:|1700490935\n|switch|p2a: Alomomola|Alomomola, F|100\/100\n|move|p1a: acrid risk of rain|Earthquake|p2a: Alomomola\n|-damage|p2a: Alomomola|58\/100\n|-damage|p1a: acrid risk of rain|81\/100|[from] item: Life Orb\n|\n|-weather|Sandstorm|[upkeep]\n|-damage|p2a: Alomomola|52\/100|[from] Sandstorm\n|upkeep\n|turn|65\n|\n|t:|1700490945\n|move|p1a: acrid risk of rain|Earthquake|p2a: Alomomola\n|-damage|p2a: Alomomola|6\/100\n|-damage|p1a: acrid risk of rain|71\/100|[from] item: Life Orb\n|move|p2a: Alomomola|Wish|p2a: Alomomola\n|\n|-weather|Sandstorm|[upkeep]\n|-damage|p2a: Alomomola|0 fnt|[from] Sandstorm\n|faint|p2a: Alomomola\n|upkeep\n|\n|t:|1700490956\n|switch|p2a: Sableye|Sableye-Mega, F|18\/100\n|turn|66\n|\n|t:|1700490961\n|move|p2a: Sableye|Protect|p2a: Sableye\n|-singleturn|p2a: Sableye|Protect\n|move|p1a: acrid risk of rain|Swords Dance|p1a: acrid risk of rain\n|-boost|p1a: acrid risk of rain|atk|2\n|\n|-weather|Sandstorm|[upkeep]\n|-damage|p2a: Sableye|12\/100|[from] Sandstorm\n|-heal|p2a: Sableye|90\/100|[from] move: Wish|[wisher] Alomomola\n|upkeep\n|turn|67\n|inactive|Anakima has 90 seconds left.\n|\n|t:|1700490971\n|move|p1a: acrid risk of rain|Iron Head|p2a: Sableye\n|-damage|p2a: Sableye|9\/100\n|-damage|p1a: acrid risk of rain|61\/100|[from] item: Life Orb\n|cant|p2a: Sableye|flinch\n|\n|-weather|none\n|upkeep\n|turn|68\n|inactive|Anakima has 90 seconds left.\n|\n|t:|1700490983\n|move|p1a: acrid risk of rain|Iron Head|p2a: Sableye\n|-damage|p2a: Sableye|0 fnt\n|faint|p2a: Sableye\n|-damage|p1a: acrid risk of rain|51\/100|[from] item: Life Orb\n|\n|upkeep\n|\n|t:|1700490985\n|switch|p2a: Chansey|Chansey, F|82\/100\n|turn|69\n|\n|t:|1700490992\n|move|p1a: acrid risk of rain|Iron Head|p2a: Chansey\n|-damage|p2a: Chansey|6\/100\n|-damage|p1a: acrid risk of rain|41\/100|[from] item: Life Orb\n|move|p2a: Chansey|Soft-Boiled|p2a: Chansey\n|-heal|p2a: Chansey|56\/100\n|\n|upkeep\n|turn|70\n|-message|NDSNEZ testing forfeited.\n|\n|win|Anakima\n|raw|Anakima's rating: 1344 &rarr; <strong>1365<\/strong><br \/>(+21 for winning)\n|raw|NDSNEZ testing's rating: 1362 &rarr; <strong>1341<\/strong><br \/>(-21 for losing)\n|l|\u2606NDSNEZ testing\n","uploadtime":1700491002,"views":9,"p1id":"anakima","p2id":"ndsneztesting","formatid":"gen9nationaldex","rating":1341,"private":0,"password":""}