{"id":"gen9nationaldex-1999499066","p1":"lawrenceyu","p2":"Proxis666","format":"[Gen 9] National Dex","log":"|html|<div class=\"broadcast-blue\"><strong>[Gen 9] National Dex is currently suspecting Sneasler! For information on how to participate check out the <a href=\"https:\/\/www.smogon.com\/forums\/threads\/sv-national-dex-suspect-8-just-dance.3731534\/\">suspect thread<\/a>.<\/strong><\/div>\n|j|\u2606lawrenceyu\n|j|\u2606Proxis666\n|t:|1701089385\n|gametype|singles\n|player|p1|lawrenceyu|266|1608\n|player|p2|Proxis666|psychic|1685\n|teamsize|p1|6\n|teamsize|p2|6\n|gen|9\n|tier|[Gen 9] National Dex\n|rated|\n|rule|HP Percentage Mod: HP is shown in percentages\n|rule|Endless Battle Clause: Forcing endless battles is banned\n|rule|OHKO Clause: OHKO moves are banned\n|rule|Evasion Clause: Evasion abilities, items, and moves are banned\n|rule|Evasion Abilities Clause: Evasion abilities are banned\n|rule|Evasion Items Clause: Evasion items are banned\n|rule|Evasion Moves Clause: Evasion moves are banned\n|rule|Species Clause: Limit one of each Pok\u00e9mon\n|rule|Sleep Clause Mod: Limit one foe put to sleep\n|clearpoke\n|poke|p1|Toxapex, M|\n|poke|p1|Sirfetch\u2019d, F|\n|poke|p1|Tapu Lele|\n|poke|p1|Ferrothorn, M|\n|poke|p1|Landorus-Therian, M|\n|poke|p1|Diancie|\n|poke|p2|Ceruledge, F|\n|poke|p2|Lilligant-Hisui, F|\n|poke|p2|Togekiss, F|\n|poke|p2|Garganacl, F|\n|poke|p2|Kyurem|\n|poke|p2|Swampert, F|\n|teampreview\n|\n|t:|1701089400\n|start\n|switch|p1a: Sirfetch\u2019d|Sirfetch\u2019d, F|100\/100\n|switch|p2a: Swampert|Swampert, F|100\/100\n|turn|1\n|inactive|Battle timer is ON: inactive players will automatically lose when time's up. (requested by lawrenceyu)\n|\n|t:|1701089405\n|switch|p2a: Ceruledge|Ceruledge, F|100\/100\n|move|p1a: Sirfetch\u2019d|Knock Off|p2a: Ceruledge\n|-supereffective|p2a: Ceruledge\n|-damage|p2a: Ceruledge|0 fnt\n|-enditem|p2a: Ceruledge|Weakness Policy|[from] move: Knock Off|[of] p1a: Sirfetch\u2019d\n|faint|p2a: Ceruledge\n|\n|upkeep\n|\n|t:|1701089412\n|switch|p2a: Togekiss|Togekiss, F|100\/100\n|turn|2\n|\n|t:|1701089416\n|switch|p1a: Ferrothorn|Ferrothorn, M|100\/100\n|move|p2a: Togekiss|Air Slash|p1a: Ferrothorn\n|-damage|p1a: Ferrothorn|76\/100\n|\n|-heal|p1a: Ferrothorn|82\/100|[from] item: Leftovers\n|upkeep\n|turn|3\n|\n|t:|1701089423\n|move|p2a: Togekiss|Air Slash|p1a: Ferrothorn\n|-damage|p1a: Ferrothorn|58\/100\n|cant|p1a: Ferrothorn|flinch\n|\n|-heal|p1a: Ferrothorn|65\/100|[from] item: Leftovers\n|upkeep\n|turn|4\n|\n|t:|1701089428\n|move|p1a: Ferrothorn|Protect|p1a: Ferrothorn\n|-singleturn|p1a: Ferrothorn|Protect\n|move|p2a: Togekiss|Air Slash|p1a: Ferrothorn\n|-activate|p1a: Ferrothorn|move: Protect\n|\n|-heal|p1a: Ferrothorn|71\/100|[from] item: Leftovers\n|upkeep\n|turn|5\n|\n|t:|1701089435\n|move|p2a: Togekiss|Air Slash|p1a: Ferrothorn\n|-damage|p1a: Ferrothorn|48\/100\n|move|p1a: Ferrothorn|Gyro Ball|p2a: Togekiss\n|-supereffective|p2a: Togekiss\n|-damage|p2a: Togekiss|0 fnt\n|faint|p2a: Togekiss\n|\n|-heal|p1a: Ferrothorn|54\/100|[from] item: Leftovers\n|upkeep\n|\n|t:|1701089438\n|switch|p2a: Lilligant|Lilligant-Hisui, F|100\/100\n|turn|6\n|\n|t:|1701089455\n|switch|p1a: Toxapex|Toxapex, M|100\/100\n|move|p2a: Lilligant|Victory Dance|p2a: Lilligant\n|-boost|p2a: Lilligant|atk|1\n|-boost|p2a: Lilligant|def|1\n|-boost|p2a: Lilligant|spe|1\n|\n|upkeep\n|turn|7\n|\n|t:|1701089461\n|move|p2a: Lilligant|Sleep Powder|p1a: Toxapex\n|-status|p1a: Toxapex|slp|[from] move: Sleep Powder\n|cant|p1a: Toxapex|slp\n|\n|upkeep\n|turn|8\n|\n|t:|1701089467\n|switch|p2a: Not-Baxcalibur|Kyurem|100\/100\n|-ability|p2a: Not-Baxcalibur|Pressure\n|-curestatus|p1a: Toxapex|slp|[msg]\n|move|p1a: Toxapex|Toxic|p2a: Not-Baxcalibur\n|-status|p2a: Not-Baxcalibur|tox\n|\n|-damage|p2a: Not-Baxcalibur|94\/100 tox|[from] psn\n|upkeep\n|turn|9\n|\n|t:|1701089480\n|switch|p1a: Landorus|Landorus-Therian, M|100\/100\n|-ability|p1a: Landorus|Intimidate|boost\n|-unboost|p2a: Not-Baxcalibur|atk|1\n|move|p2a: Not-Baxcalibur|Dragon Dance|p2a: Not-Baxcalibur\n|-boost|p2a: Not-Baxcalibur|atk|1\n|-boost|p2a: Not-Baxcalibur|spe|1\n|\n|-damage|p2a: Not-Baxcalibur|82\/100 tox|[from] psn\n|upkeep\n|turn|10\n|\n|t:|1701089490\n|move|p2a: Not-Baxcalibur|Icicle Spear|p1a: Landorus\n|-supereffective|p1a: Landorus\n|-damage|p1a: Landorus|34\/100\n|-supereffective|p1a: Landorus\n|-damage|p1a: Landorus|0 fnt\n|faint|p1a: Landorus\n|-hitcount|p1: Landorus|2\n|\n|-damage|p2a: Not-Baxcalibur|64\/100 tox|[from] psn\n|upkeep\n|\n|t:|1701089500\n|switch|p1a: Diancie|Diancie|100\/100\n|turn|11\n|\n|t:|1701089504\n|detailschange|p1a: Diancie|Diancie-Mega\n|-mega|p1a: Diancie|Diancie|Diancite\n|move|p2a: Not-Baxcalibur|Icicle Spear|p1a: Diancie\n|-damage|p1a: Diancie|81\/100\n|-damage|p1a: Diancie|61\/100\n|-damage|p1a: Diancie|41\/100\n|-damage|p1a: Diancie|21\/100\n|-damage|p1a: Diancie|1\/100\n|-hitcount|p1a: Diancie|5\n|move|p1a: Diancie|Moonblast|p2a: Not-Baxcalibur\n|-supereffective|p2a: Not-Baxcalibur\n|-damage|p2a: Not-Baxcalibur|0 fnt\n|faint|p2a: Not-Baxcalibur\n|\n|upkeep\n|\n|t:|1701089516\n|switch|p2a: Swampert|Swampert, F|100\/100\n|turn|12\n|\n|t:|1701089523\n|move|p1a: Diancie|Stealth Rock|p2a: Swampert\n|-sidestart|p2: Proxis666|move: Stealth Rock\n|move|p2a: Swampert|Flip Turn|p1a: Diancie\n|-supereffective|p1a: Diancie\n|-damage|p1a: Diancie|0 fnt\n|faint|p1a: Diancie\n|\n|t:|1701089527\n|switch|p2a: Garganacl|Garganacl, F|100\/100|[from] Flip Turn\n|-damage|p2a: Garganacl|88\/100|[from] Stealth Rock\n|\n|-heal|p2a: Garganacl|94\/100|[from] item: Leftovers\n|upkeep\n|\n|t:|1701089534\n|switch|p1a: Sirfetch\u2019d|Sirfetch\u2019d, F|100\/100\n|turn|13\n|\n|t:|1701089540\n|-terastallize|p2a: Garganacl|Ghost\n|move|p1a: Sirfetch\u2019d|Knock Off|p2a: Garganacl\n|-supereffective|p2a: Garganacl\n|-crit|p2a: Garganacl\n|-damage|p2a: Garganacl|17\/100\n|-enditem|p2a: Garganacl|Leftovers|[from] move: Knock Off|[of] p1a: Sirfetch\u2019d\n|move|p2a: Garganacl|Iron Defense|p2a: Garganacl\n|-boost|p2a: Garganacl|def|2\n|\n|upkeep\n|turn|14\n|\n|t:|1701089550\n|move|p1a: Sirfetch\u2019d|Knock Off|p2a: Garganacl\n|-supereffective|p2a: Garganacl\n|-crit|p2a: Garganacl\n|-damage|p2a: Garganacl|0 fnt\n|faint|p2a: Garganacl\n|\n|upkeep\n|\n|t:|1701089559\n|switch|p2a: Lilligant|Lilligant-Hisui, F|100\/100\n|-damage|p2a: Lilligant|94\/100|[from] Stealth Rock\n|turn|15\n|\n|t:|1701089564\n|switch|p1a: Toxapex|Toxapex, M|100\/100\n|move|p2a: Lilligant|Sleep Powder|p1a: Toxapex\n|-status|p1a: Toxapex|slp|[from] move: Sleep Powder\n|\n|upkeep\n|turn|16\n|\n|t:|1701089570\n|move|p2a: Lilligant|Victory Dance|p2a: Lilligant\n|-boost|p2a: Lilligant|atk|1\n|-boost|p2a: Lilligant|def|1\n|-boost|p2a: Lilligant|spe|1\n|cant|p1a: Toxapex|slp\n|\n|upkeep\n|turn|17\n|\n|t:|1701089575\n|move|p2a: Lilligant|Close Combat|p1a: Toxapex\n|-resisted|p1a: Toxapex\n|-damage|p1a: Toxapex|65\/100 slp\n|-unboost|p2a: Lilligant|def|1\n|-unboost|p2a: Lilligant|spd|1\n|-damage|p2a: Lilligant|78\/100|[from] item: Rocky Helmet|[of] p1a: Toxapex\n|-curestatus|p1a: Toxapex|slp|[msg]\n|move|p1a: Toxapex|Toxic|p2a: Lilligant\n|-status|p2a: Lilligant|tox\n|\n|-damage|p2a: Lilligant|72\/100 tox|[from] psn\n|upkeep\n|turn|18\n|j| Dabman1069\n|-message|Proxis666 forfeited.\n|\n|win|lawrenceyu\n|raw|lawrenceyu's rating: 1608 &rarr; <strong>1632<\/strong><br \/>(+24 for winning)\n|raw|Proxis666's rating: 1685 &rarr; <strong>1661<\/strong><br \/>(-24 for losing)\n|l|\u2606Proxis666\n","uploadtime":1701089590,"views":2,"p1id":"lawrenceyu","p2id":"proxis666","formatid":"gen9nationaldex","rating":1632,"private":0,"password":""}