{"id":"gen9nationaldex-1993880427","p1":"wcyoubing\u8349\u55b5\u72c2\u70ed\u7c89","p2":"Yuan000","format":"[Gen 9] National Dex","log":"|j|\u2606wcyoubing\u8349\u55b5\u72c2\u70ed\u7c89\n|j|\u2606Yuan000\n|t:|1700369298\n|gametype|singles\n|player|p1|wcyoubing\u8349\u55b5\u72c2\u70ed\u7c89|alec-anime|\n|player|p2|Yuan000|waitress|\n|teamsize|p1|6\n|teamsize|p2|6\n|gen|9\n|tier|[Gen 9] National Dex\n|rule|HP Percentage Mod: HP is shown in percentages\n|rule|Endless Battle Clause: Forcing endless battles is banned\n|rule|OHKO Clause: OHKO moves are banned\n|rule|Evasion Clause: Evasion abilities, items, and moves are banned\n|rule|Evasion Abilities Clause: Evasion abilities are banned\n|rule|Evasion Items Clause: Evasion items are banned\n|rule|Evasion Moves Clause: Evasion moves are banned\n|rule|Species Clause: Limit one of each Pok\u00e9mon\n|rule|Sleep Clause Mod: Limit one foe put to sleep\n|clearpoke\n|poke|p1|Banette, F|\n|poke|p1|Zamazenta-*|\n|poke|p1|Alomomola, F|\n|poke|p1|Thundurus-Therian, M|\n|poke|p1|Aegislash, F|\n|poke|p1|Hoopa-Unbound|\n|poke|p2|Ogerpon, F|\n|poke|p2|Corviknight, F|\n|poke|p2|Clodsire, M|\n|poke|p2|Tyranitar, M|\n|poke|p2|Tapu Fini|\n|poke|p2|Banette, F|\n|teampreview\n|\n|t:|1700369316\n|start\n|switch|p1a: I'm a Guanyin|Hoopa-Unbound|100\/100\n|switch|p2a: Tyranitar|Tyranitar, M|100\/100\n|-weather|Sandstorm|[from] ability: Sand Stream|[of] p2a: Tyranitar\n|turn|1\n|\n|t:|1700369325\n|move|p1a: I'm a Guanyin|Drain Punch|p2a: Tyranitar\n|-supereffective|p2a: Tyranitar\n|-damage|p2a: Tyranitar|0 fnt\n|faint|p2a: Tyranitar\n|\n|-weather|Sandstorm|[upkeep]\n|-damage|p1a: I'm a Guanyin|95\/100|[from] Sandstorm\n|upkeep\n|\n|t:|1700369335\n|switch|p2a: Clodsire|Clodsire, M|100\/100\n|turn|2\n|\n|t:|1700369338\n|switch|p1a: \u89c1\u8fc7\u65e0\u9632\u5b88\u7684\u9b3c\u5251\u5417|Aegislash, F, shiny|100\/100\n|move|p2a: Clodsire|Stealth Rock|p1a: \u89c1\u8fc7\u65e0\u9632\u5b88\u7684\u9b3c\u5251\u5417\n|-sidestart|p1: wcyoubing\u8349\u55b5\u72c2\u70ed\u7c89|move: Stealth Rock\n|\n|-weather|Sandstorm|[upkeep]\n|upkeep\n|turn|3\n|\n|t:|1700369355\n|-zpower|p1a: \u89c1\u8fc7\u65e0\u9632\u5b88\u7684\u9b3c\u5251\u5417\n|-formechange|p1a: \u89c1\u8fc7\u65e0\u9632\u5b88\u7684\u9b3c\u5251\u5417|Aegislash-Blade||[from] ability: Stance Change\n|move|p1a: \u89c1\u8fc7\u65e0\u9632\u5b88\u7684\u9b3c\u5251\u5417|Never-Ending Nightmare|p2a: Clodsire|[zeffect]\n|-damage|p2a: Clodsire|12\/100\n|move|p2a: Clodsire|Earthquake|p1a: \u89c1\u8fc7\u65e0\u9632\u5b88\u7684\u9b3c\u5251\u5417\n|-supereffective|p1a: \u89c1\u8fc7\u65e0\u9632\u5b88\u7684\u9b3c\u5251\u5417\n|-damage|p1a: \u89c1\u8fc7\u65e0\u9632\u5b88\u7684\u9b3c\u5251\u5417|0 fnt\n|faint|p1a: \u89c1\u8fc7\u65e0\u9632\u5b88\u7684\u9b3c\u5251\u5417\n|\n|-weather|Sandstorm|[upkeep]\n|-heal|p2a: Clodsire|18\/100|[from] item: Leftovers\n|upkeep\n|\n|t:|1700369370\n|switch|p1a: I'm a Guanyin|Hoopa-Unbound|95\/100\n|-damage|p1a: I'm a Guanyin|82\/100|[from] Stealth Rock\n|turn|4\n|c|\u2606Yuan000|\u4f60\u5e94\u8be5\u5148\u5251\u821e\u7684\n|inactive|Battle timer is ON: inactive players will automatically lose when time's up. (requested by wcyoubing\u8349\u55b5\u72c2\u70ed\u7c89)\n|c|\u2606Yuan000|\u4e0d\u7136\u6ca1\u529b\u5ea6\n|c|\u2606wcyoubing\u8349\u55b5\u72c2\u70ed\u7c89|\u4f60\u8fd9\u662f\u6df3\u6734\u7684\n|\n|t:|1700369406\n|switch|p2a: Tapu Fini|Tapu Fini|100\/100\n|-fieldstart|move: Misty Terrain|[from] ability: Misty Surge|[of] p2a: Tapu Fini\n|move|p1a: I'm a Guanyin|Gunk Shot|p2a: Tapu Fini\n|-supereffective|p2a: Tapu Fini\n|-damage|p2a: Tapu Fini|0 fnt\n|faint|p2a: Tapu Fini\n|\n|-weather|Sandstorm|[upkeep]\n|-damage|p1a: I'm a Guanyin|76\/100|[from] Sandstorm\n|upkeep\n|c|\u2606Yuan000|\u84c4\u6c34\n|c|\u2606wcyoubing\u8349\u55b5\u72c2\u70ed\u7c89|\u6211\u4e0d\u4fe1\n|\n|t:|1700369424\n|switch|p2a: Ogerpon|Ogerpon, F|100\/100\n|turn|5\n|c|\u2606Yuan000|.....\n|\n|t:|1700369451\n|switch|p1a: \u4fdd\u59c6\u66fc\u6ce2\u8868\u793a\u6211\u4e5f\u60f3c|Alomomola, F, shiny|100\/100\n|-damage|p1a: \u4fdd\u59c6\u66fc\u6ce2\u8868\u793a\u6211\u4e5f\u60f3c|88\/100|[from] Stealth Rock\n|-terastallize|p2a: Ogerpon|Grass\n|detailschange|p2a: Ogerpon|Ogerpon-Teal-Tera, F, tera:Grass\n|-ability|p2a: Ogerpon|Embody Aspect (Teal)|boost\n|-boost|p2a: Ogerpon|spe|1\n|move|p2a: Ogerpon|Ivy Cudgel|p1a: \u4fdd\u59c6\u66fc\u6ce2\u8868\u793a\u6211\u4e5f\u60f3c\n|-supereffective|p1a: \u4fdd\u59c6\u66fc\u6ce2\u8868\u793a\u6211\u4e5f\u60f3c\n|-damage|p1a: \u4fdd\u59c6\u66fc\u6ce2\u8868\u793a\u6211\u4e5f\u60f3c|18\/100\n|\n|-weather|none\n|upkeep\n|turn|6\n|\n|t:|1700369471\n|switch|p1a: \u76fe\u4e4b\u738b\u6015\u75bc\uff0c\u5e26\u5f31\u70b9\u4fdd\u9669\u5408\u7406\u5427|Zamazenta|100\/100\n|-damage|p1a: \u76fe\u4e4b\u738b\u6015\u75bc\uff0c\u5e26\u5f31\u70b9\u4fdd\u9669\u5408\u7406\u5427|94\/100|[from] Stealth Rock\n|-ability|p1a: \u76fe\u4e4b\u738b\u6015\u75bc\uff0c\u5e26\u5f31\u70b9\u4fdd\u9669\u5408\u7406\u5427|Dauntless Shield|boost\n|-boost|p1a: \u76fe\u4e4b\u738b\u6015\u75bc\uff0c\u5e26\u5f31\u70b9\u4fdd\u9669\u5408\u7406\u5427|def|1\n|move|p2a: Ogerpon|Ivy Cudgel|p1a: \u76fe\u4e4b\u738b\u6015\u75bc\uff0c\u5e26\u5f31\u70b9\u4fdd\u9669\u5408\u7406\u5427\n|-damage|p1a: \u76fe\u4e4b\u738b\u6015\u75bc\uff0c\u5e26\u5f31\u70b9\u4fdd\u9669\u5408\u7406\u5427|60\/100\n|\n|-heal|p1a: \u76fe\u4e4b\u738b\u6015\u75bc\uff0c\u5e26\u5f31\u70b9\u4fdd\u9669\u5408\u7406\u5427|66\/100|[from] item: Leftovers\n|upkeep\n|turn|7\n|\n|t:|1700369479\n|move|p2a: Ogerpon|Swords Dance|p2a: Ogerpon\n|-boost|p2a: Ogerpon|atk|2\n|move|p1a: \u76fe\u4e4b\u738b\u6015\u75bc\uff0c\u5e26\u5f31\u70b9\u4fdd\u9669\u5408\u7406\u5427|Iron Defense|p1a: \u76fe\u4e4b\u738b\u6015\u75bc\uff0c\u5e26\u5f31\u70b9\u4fdd\u9669\u5408\u7406\u5427\n|-boost|p1a: \u76fe\u4e4b\u738b\u6015\u75bc\uff0c\u5e26\u5f31\u70b9\u4fdd\u9669\u5408\u7406\u5427|def|2\n|\n|-heal|p1a: \u76fe\u4e4b\u738b\u6015\u75bc\uff0c\u5e26\u5f31\u70b9\u4fdd\u9669\u5408\u7406\u5427|73\/100|[from] item: Leftovers\n|upkeep\n|turn|8\n|\n|t:|1700369493\n|move|p2a: Ogerpon|Ivy Cudgel|p1a: \u76fe\u4e4b\u738b\u6015\u75bc\uff0c\u5e26\u5f31\u70b9\u4fdd\u9669\u5408\u7406\u5427\n|-damage|p1a: \u76fe\u4e4b\u738b\u6015\u75bc\uff0c\u5e26\u5f31\u70b9\u4fdd\u9669\u5408\u7406\u5427|33\/100\n|move|p1a: \u76fe\u4e4b\u738b\u6015\u75bc\uff0c\u5e26\u5f31\u70b9\u4fdd\u9669\u5408\u7406\u5427|Iron Defense|p1a: \u76fe\u4e4b\u738b\u6015\u75bc\uff0c\u5e26\u5f31\u70b9\u4fdd\u9669\u5408\u7406\u5427\n|-boost|p1a: \u76fe\u4e4b\u738b\u6015\u75bc\uff0c\u5e26\u5f31\u70b9\u4fdd\u9669\u5408\u7406\u5427|def|2\n|\n|-heal|p1a: \u76fe\u4e4b\u738b\u6015\u75bc\uff0c\u5e26\u5f31\u70b9\u4fdd\u9669\u5408\u7406\u5427|39\/100|[from] item: Leftovers\n|-fieldend|Misty Terrain\n|upkeep\n|turn|9\n|\n|t:|1700369501\n|move|p2a: Ogerpon|Ivy Cudgel|p1a: \u76fe\u4e4b\u738b\u6015\u75bc\uff0c\u5e26\u5f31\u70b9\u4fdd\u9669\u5408\u7406\u5427\n|-crit|p1a: \u76fe\u4e4b\u738b\u6015\u75bc\uff0c\u5e26\u5f31\u70b9\u4fdd\u9669\u5408\u7406\u5427\n|-damage|p1a: \u76fe\u4e4b\u738b\u6015\u75bc\uff0c\u5e26\u5f31\u70b9\u4fdd\u9669\u5408\u7406\u5427|0 fnt\n|faint|p1a: \u76fe\u4e4b\u738b\u6015\u75bc\uff0c\u5e26\u5f31\u70b9\u4fdd\u9669\u5408\u7406\u5427\n|\n|upkeep\n|c|\u2606wcyoubing\u8349\u55b5\u72c2\u70ed\u7c89|ct\uff01\uff01\uff01\n|\n|t:|1700369510\n|switch|p1a: \u9b3c\u9b3c\u559c\u6b22\u6076\u4f5c\u5267|Banette, F|100\/100\n|-damage|p1a: \u9b3c\u9b3c\u559c\u6b22\u6076\u4f5c\u5267|88\/100|[from] Stealth Rock\n|-item|p2a: Ogerpon|Heavy-Duty Boots|[from] ability: Frisk|[of] p1a: \u9b3c\u9b3c\u559c\u6b22\u6076\u4f5c\u5267|[identify]\n|turn|10\n|\n|t:|1700369521\n|switch|p2a: Banette|Banette, F|100\/100\n|detailschange|p1a: \u9b3c\u9b3c\u559c\u6b22\u6076\u4f5c\u5267|Banette-Mega, F\n|-mega|p1a: \u9b3c\u9b3c\u559c\u6b22\u6076\u4f5c\u5267|Banette|Banettite\n|move|p1a: \u9b3c\u9b3c\u559c\u6b22\u6076\u4f5c\u5267|Destiny Bond|p1a: \u9b3c\u9b3c\u559c\u6b22\u6076\u4f5c\u5267\n|-singlemove|p1a: \u9b3c\u9b3c\u559c\u6b22\u6076\u4f5c\u5267|Destiny Bond\n|\n|upkeep\n|turn|11\n|j| DDC2\n|\n|t:|1700369529\n|detailschange|p2a: Banette|Banette-Mega, F\n|-mega|p2a: Banette|Banette|Banettite\n|move|p2a: Banette|Encore|p1a: \u9b3c\u9b3c\u559c\u6b22\u6076\u4f5c\u5267\n|-start|p1a: \u9b3c\u9b3c\u559c\u6b22\u6076\u4f5c\u5267|Encore\n|move|p1a: \u9b3c\u9b3c\u559c\u6b22\u6076\u4f5c\u5267|Destiny Bond||[still]\n|-fail|p1a: \u9b3c\u9b3c\u559c\u6b22\u6076\u4f5c\u5267\n|\n|upkeep\n|turn|12\n|\n|t:|1700369543\n|move|p1a: \u9b3c\u9b3c\u559c\u6b22\u6076\u4f5c\u5267|Destiny Bond|p1a: \u9b3c\u9b3c\u559c\u6b22\u6076\u4f5c\u5267\n|-singlemove|p1a: \u9b3c\u9b3c\u559c\u6b22\u6076\u4f5c\u5267|Destiny Bond\n|move|p2a: Banette|Pursuit|p1a: \u9b3c\u9b3c\u559c\u6b22\u6076\u4f5c\u5267\n|-supereffective|p1a: \u9b3c\u9b3c\u559c\u6b22\u6076\u4f5c\u5267\n|-damage|p1a: \u9b3c\u9b3c\u559c\u6b22\u6076\u4f5c\u5267|30\/100\n|\n|upkeep\n|turn|13\n|c|\u2606wcyoubing\u8349\u55b5\u72c2\u70ed\u7c89|qwq\u9501\u8840\n|\n|t:|1700369563\n|move|p1a: \u9b3c\u9b3c\u559c\u6b22\u6076\u4f5c\u5267|Destiny Bond||[still]\n|-fail|p1a: \u9b3c\u9b3c\u559c\u6b22\u6076\u4f5c\u5267\n|move|p2a: Banette|Pursuit|p1a: \u9b3c\u9b3c\u559c\u6b22\u6076\u4f5c\u5267\n|-supereffective|p1a: \u9b3c\u9b3c\u559c\u6b22\u6076\u4f5c\u5267\n|-damage|p1a: \u9b3c\u9b3c\u559c\u6b22\u6076\u4f5c\u5267|0 fnt\n|faint|p1a: \u9b3c\u9b3c\u559c\u6b22\u6076\u4f5c\u5267\n|\n|upkeep\n|\n|t:|1700369568\n|switch|p1a: \u4fdd\u59c6\u66fc\u6ce2\u8868\u793a\u6211\u4e5f\u60f3c|Alomomola, F, shiny|52\/100\n|-damage|p1a: \u4fdd\u59c6\u66fc\u6ce2\u8868\u793a\u6211\u4e5f\u60f3c|39\/100|[from] Stealth Rock\n|turn|14\n|\n|t:|1700369576\n|switch|p2a: Clodsire|Clodsire, M|18\/100\n|move|p1a: \u4fdd\u59c6\u66fc\u6ce2\u8868\u793a\u6211\u4e5f\u60f3c|Flip Turn|p2a: Clodsire\n|-heal|p2a: Clodsire|43\/100|[from] ability: Water Absorb|[of] p1a: \u4fdd\u59c6\u66fc\u6ce2\u8868\u793a\u6211\u4e5f\u60f3c\n|\n|-heal|p2a: Clodsire|49\/100|[from] item: Leftovers\n|upkeep\n|turn|15\n|\n|t:|1700369585\n|switch|p1a: I'm a Guanyin|Hoopa-Unbound|76\/100\n|-damage|p1a: I'm a Guanyin|64\/100|[from] Stealth Rock\n|move|p2a: Clodsire|Recover|p2a: Clodsire\n|-heal|p2a: Clodsire|99\/100\n|\n|-heal|p2a: Clodsire|100\/100|[from] item: Leftovers\n|upkeep\n|turn|16\n|c|\u2606Yuan000|\u73b0\u5728\u4fe1\u4e86\u5417\n|\n|t:|1700369603\n|switch|p2a: Corviknight|Corviknight, F|100\/100\n|-ability|p2a: Corviknight|Pressure\n|move|p1a: I'm a Guanyin|Hyperspace Fury|p2a: Corviknight\n|-damage|p2a: Corviknight|37\/100\n|-unboost|p1a: I'm a Guanyin|def|1\n|\n|upkeep\n|turn|17\n|\n|t:|1700369612\n|move|p1a: I'm a Guanyin|Hyperspace Fury|p2a: Corviknight\n|-damage|p2a: Corviknight|0 fnt\n|-unboost|p1a: I'm a Guanyin|def|1\n|faint|p2a: Corviknight\n|\n|upkeep\n|\n|t:|1700369616\n|switch|p2a: Ogerpon|Ogerpon-Teal-Tera, F, tera:Grass|100\/100\n|-ability|p2a: Ogerpon|Embody Aspect (Teal)|boost\n|-boost|p2a: Ogerpon|spe|1\n|turn|18\n|c|\u2606wcyoubing\u8349\u55b5\u72c2\u70ed\u7c89|\u4fe1\u4e86qwq\n|\n|t:|1700369635\n|switch|p1a: Thundurus|Thundurus-Therian, M|100\/100\n|-damage|p1a: Thundurus|76\/100|[from] Stealth Rock\n|move|p2a: Ogerpon|Ivy Cudgel|p1a: Thundurus\n|-resisted|p1a: Thundurus\n|-damage|p1a: Thundurus|23\/100\n|\n|upkeep\n|turn|19\n|\n|t:|1700369650\n|move|p2a: Ogerpon|Ivy Cudgel|p1a: Thundurus\n|-resisted|p1a: Thundurus\n|-damage|p1a: Thundurus|0 fnt\n|faint|p1a: Thundurus\n|\n|upkeep\n|\n|t:|1700369654\n|switch|p1a: \u4fdd\u59c6\u66fc\u6ce2\u8868\u793a\u6211\u4e5f\u60f3c|Alomomola, F, shiny|73\/100\n|-damage|p1a: \u4fdd\u59c6\u66fc\u6ce2\u8868\u793a\u6211\u4e5f\u60f3c|60\/100|[from] Stealth Rock\n|turn|20\n|\n|t:|1700369660\n|switch|p2a: Clodsire|Clodsire, M|100\/100\n|move|p1a: \u4fdd\u59c6\u66fc\u6ce2\u8868\u793a\u6211\u4e5f\u60f3c|Wish|p1a: \u4fdd\u59c6\u66fc\u6ce2\u8868\u793a\u6211\u4e5f\u60f3c\n|\n|upkeep\n|turn|21\n|\n|t:|1700369667\n|switch|p1a: I'm a Guanyin|Hoopa-Unbound|64\/100\n|-damage|p1a: I'm a Guanyin|52\/100|[from] Stealth Rock\n|move|p2a: Clodsire|Toxic|p1a: I'm a Guanyin\n|-status|p1a: I'm a Guanyin|tox\n|\n|-heal|p1a: I'm a Guanyin|100\/100 tox|[from] move: Wish|[wisher] \u4fdd\u59c6\u66fc\u6ce2\u8868\u793a\u6211\u4e5f\u60f3c\n|-damage|p1a: I'm a Guanyin|95\/100 tox|[from] psn\n|upkeep\n|turn|22\n|\n|t:|1700369679\n|move|p1a: I'm a Guanyin|Zen Headbutt|p2a: Clodsire\n|-supereffective|p2a: Clodsire\n|-damage|p2a: Clodsire|0 fnt\n|faint|p2a: Clodsire\n|\n|-damage|p1a: I'm a Guanyin|83\/100 tox|[from] psn\n|upkeep\n|\n|t:|1700369685\n|switch|p2a: Banette|Banette-Mega, F|100\/100\n|turn|23\n|\n|t:|1700369691\n|switch|p1a: \u4fdd\u59c6\u66fc\u6ce2\u8868\u793a\u6211\u4e5f\u60f3c|Alomomola, F, shiny|94\/100\n|-damage|p1a: \u4fdd\u59c6\u66fc\u6ce2\u8868\u793a\u6211\u4e5f\u60f3c|81\/100|[from] Stealth Rock\n|move|p2a: Banette|Destiny Bond|p2a: Banette\n|-singlemove|p2a: Banette|Destiny Bond\n|\n|upkeep\n|turn|24\n|\n|t:|1700369697\n|move|p2a: Banette|Poltergeist|p1a: \u4fdd\u59c6\u66fc\u6ce2\u8868\u793a\u6211\u4e5f\u60f3c\n|-activate|p1a: \u4fdd\u59c6\u66fc\u6ce2\u8868\u793a\u6211\u4e5f\u60f3c|move: Poltergeist|Rocky Helmet\n|-crit|p1a: \u4fdd\u59c6\u66fc\u6ce2\u8868\u793a\u6211\u4e5f\u60f3c\n|-damage|p1a: \u4fdd\u59c6\u66fc\u6ce2\u8868\u793a\u6211\u4e5f\u60f3c|20\/100\n|move|p1a: \u4fdd\u59c6\u66fc\u6ce2\u8868\u793a\u6211\u4e5f\u60f3c|Toxic|p2a: Banette\n|-status|p2a: Banette|tox\n|\n|-damage|p2a: Banette|95\/100 tox|[from] psn\n|upkeep\n|turn|25\n|\n|t:|1700369705\n|move|p1a: \u4fdd\u59c6\u66fc\u6ce2\u8868\u793a\u6211\u4e5f\u60f3c|Protect|p1a: \u4fdd\u59c6\u66fc\u6ce2\u8868\u793a\u6211\u4e5f\u60f3c\n|-singleturn|p1a: \u4fdd\u59c6\u66fc\u6ce2\u8868\u793a\u6211\u4e5f\u60f3c|Protect\n|move|p2a: Banette|Pursuit|p1a: \u4fdd\u59c6\u66fc\u6ce2\u8868\u793a\u6211\u4e5f\u60f3c\n|-activate|p1a: \u4fdd\u59c6\u66fc\u6ce2\u8868\u793a\u6211\u4e5f\u60f3c|move: Protect\n|\n|-damage|p2a: Banette|83\/100 tox|[from] psn\n|upkeep\n|turn|26\n|\n|t:|1700369713\n|move|p2a: Banette|Pursuit|p1a: \u4fdd\u59c6\u66fc\u6ce2\u8868\u793a\u6211\u4e5f\u60f3c\n|-damage|p1a: \u4fdd\u59c6\u66fc\u6ce2\u8868\u793a\u6211\u4e5f\u60f3c|10\/100\n|-damage|p2a: Banette|66\/100 tox|[from] item: Rocky Helmet|[of] p1a: \u4fdd\u59c6\u66fc\u6ce2\u8868\u793a\u6211\u4e5f\u60f3c\n|move|p1a: \u4fdd\u59c6\u66fc\u6ce2\u8868\u793a\u6211\u4e5f\u60f3c|Wish|p1a: \u4fdd\u59c6\u66fc\u6ce2\u8868\u793a\u6211\u4e5f\u60f3c\n|\n|-damage|p2a: Banette|48\/100 tox|[from] psn\n|upkeep\n|turn|27\n|\n|t:|1700369721\n|move|p1a: \u4fdd\u59c6\u66fc\u6ce2\u8868\u793a\u6211\u4e5f\u60f3c|Protect|p1a: \u4fdd\u59c6\u66fc\u6ce2\u8868\u793a\u6211\u4e5f\u60f3c\n|-singleturn|p1a: \u4fdd\u59c6\u66fc\u6ce2\u8868\u793a\u6211\u4e5f\u60f3c|Protect\n|move|p2a: Banette|Poltergeist|p1a: \u4fdd\u59c6\u66fc\u6ce2\u8868\u793a\u6211\u4e5f\u60f3c\n|-activate|p1a: \u4fdd\u59c6\u66fc\u6ce2\u8868\u793a\u6211\u4e5f\u60f3c|move: Protect\n|\n|-heal|p1a: \u4fdd\u59c6\u66fc\u6ce2\u8868\u793a\u6211\u4e5f\u60f3c|60\/100|[from] move: Wish|[wisher] \u4fdd\u59c6\u66fc\u6ce2\u8868\u793a\u6211\u4e5f\u60f3c\n|-damage|p2a: Banette|25\/100 tox|[from] psn\n|upkeep\n|turn|28\n|\n|t:|1700369731\n|switch|p1a: I'm a Guanyin|Hoopa-Unbound|83\/100 tox\n|-damage|p1a: I'm a Guanyin|70\/100 tox|[from] Stealth Rock\n|move|p2a: Banette|Poltergeist|p1a: I'm a Guanyin\n|-activate|p1a: I'm a Guanyin|move: Poltergeist|Choice Band\n|-damage|p1a: I'm a Guanyin|0 fnt\n|faint|p1a: I'm a Guanyin\n|\n|-damage|p2a: Banette|0 fnt|[from] psn\n|faint|p2a: Banette\n|upkeep\n|\n|t:|1700369740\n|switch|p1a: \u4fdd\u59c6\u66fc\u6ce2\u8868\u793a\u6211\u4e5f\u60f3c|Alomomola, F, shiny|94\/100\n|switch|p2a: Ogerpon|Ogerpon-Teal-Tera, F, tera:Grass|100\/100\n|-ability|p2a: Ogerpon|Embody Aspect (Teal)|boost\n|-boost|p2a: Ogerpon|spe|1\n|-damage|p1a: \u4fdd\u59c6\u66fc\u6ce2\u8868\u793a\u6211\u4e5f\u60f3c|81\/100|[from] Stealth Rock\n|turn|29\n|\n|t:|1700369745\n|-terastallize|p1a: \u4fdd\u59c6\u66fc\u6ce2\u8868\u793a\u6211\u4e5f\u60f3c|Dragon\n|move|p2a: Ogerpon|Ivy Cudgel|p1a: \u4fdd\u59c6\u66fc\u6ce2\u8868\u793a\u6211\u4e5f\u60f3c\n|-resisted|p1a: \u4fdd\u59c6\u66fc\u6ce2\u8868\u793a\u6211\u4e5f\u60f3c\n|-damage|p1a: \u4fdd\u59c6\u66fc\u6ce2\u8868\u793a\u6211\u4e5f\u60f3c|62\/100\n|move|p1a: \u4fdd\u59c6\u66fc\u6ce2\u8868\u793a\u6211\u4e5f\u60f3c|Toxic|p2a: Ogerpon\n|-status|p2a: Ogerpon|tox\n|\n|-damage|p2a: Ogerpon|95\/100 tox|[from] psn\n|upkeep\n|turn|30\n|\n|t:|1700369751\n|move|p2a: Ogerpon|Swords Dance|p2a: Ogerpon\n|-boost|p2a: Ogerpon|atk|2\n|move|p1a: \u4fdd\u59c6\u66fc\u6ce2\u8868\u793a\u6211\u4e5f\u60f3c|Wish|p1a: \u4fdd\u59c6\u66fc\u6ce2\u8868\u793a\u6211\u4e5f\u60f3c\n|\n|-damage|p2a: Ogerpon|83\/100 tox|[from] psn\n|upkeep\n|turn|31\n|\n|t:|1700369756\n|move|p2a: Ogerpon|Swords Dance|p2a: Ogerpon\n|-boost|p2a: Ogerpon|atk|2\n|move|p1a: \u4fdd\u59c6\u66fc\u6ce2\u8868\u793a\u6211\u4e5f\u60f3c|Flip Turn|p2a: Ogerpon\n|-resisted|p2a: Ogerpon\n|-damage|p2a: Ogerpon|73\/100 tox\n|\n|-heal|p1a: \u4fdd\u59c6\u66fc\u6ce2\u8868\u793a\u6211\u4e5f\u60f3c|100\/100|[from] move: Wish|[wisher] \u4fdd\u59c6\u66fc\u6ce2\u8868\u793a\u6211\u4e5f\u60f3c\n|-damage|p2a: Ogerpon|55\/100 tox|[from] psn\n|upkeep\n|turn|32\n|\n|t:|1700369764\n|move|p2a: Ogerpon|Swords Dance|p2a: Ogerpon\n|-boost|p2a: Ogerpon|atk|2\n|move|p1a: \u4fdd\u59c6\u66fc\u6ce2\u8868\u793a\u6211\u4e5f\u60f3c|Wish|p1a: \u4fdd\u59c6\u66fc\u6ce2\u8868\u793a\u6211\u4e5f\u60f3c\n|\n|-damage|p2a: Ogerpon|31\/100 tox|[from] psn\n|upkeep\n|turn|33\n|\n|t:|1700369770\n|move|p1a: \u4fdd\u59c6\u66fc\u6ce2\u8868\u793a\u6211\u4e5f\u60f3c|Protect|p1a: \u4fdd\u59c6\u66fc\u6ce2\u8868\u793a\u6211\u4e5f\u60f3c\n|-singleturn|p1a: \u4fdd\u59c6\u66fc\u6ce2\u8868\u793a\u6211\u4e5f\u60f3c|Protect\n|move|p2a: Ogerpon|Superpower|p1a: \u4fdd\u59c6\u66fc\u6ce2\u8868\u793a\u6211\u4e5f\u60f3c\n|-activate|p1a: \u4fdd\u59c6\u66fc\u6ce2\u8868\u793a\u6211\u4e5f\u60f3c|move: Protect\n|\n|-damage|p2a: Ogerpon|1\/100 tox|[from] psn\n|upkeep\n|turn|34\n|c|\u2606wcyoubing\u8349\u55b5\u72c2\u70ed\u7c89|\u8d62\u4e86111\n|c|\u2606wcyoubing\u8349\u55b5\u72c2\u70ed\u7c89|\uff1f\uff1f\uff1f\n|\n|t:|1700369788\n|move|p1a: \u4fdd\u59c6\u66fc\u6ce2\u8868\u793a\u6211\u4e5f\u60f3c|Protect|p1a: \u4fdd\u59c6\u66fc\u6ce2\u8868\u793a\u6211\u4e5f\u60f3c\n|-singleturn|p1a: \u4fdd\u59c6\u66fc\u6ce2\u8868\u793a\u6211\u4e5f\u60f3c|Protect\n|move|p2a: Ogerpon|Superpower|p1a: \u4fdd\u59c6\u66fc\u6ce2\u8868\u793a\u6211\u4e5f\u60f3c\n|-activate|p1a: \u4fdd\u59c6\u66fc\u6ce2\u8868\u793a\u6211\u4e5f\u60f3c|move: Protect\n|\n|-damage|p2a: Ogerpon|0 fnt|[from] psn\n|faint|p2a: Ogerpon\n|\n|win|wcyoubing\u8349\u55b5\u72c2\u70ed\u7c89\n|upkeep\n|c|\u2606Yuan000|\uff1f\uff1f\uff1f\n|c|\u2606Yuan000|\uff1f\uff1f\uff1f\n|c|\u2606wcyoubing\u8349\u55b5\u72c2\u70ed\u7c89|\u3001\uff01\uff01\uff01\uff01\n|c|\u2606Yuan000|\uff1f\n|c|\u2606wcyoubing\u8349\u55b5\u72c2\u70ed\u7c89|\uff01\uff01\uff01\uff01\uff01\uff01\uff01\uff011\n|c|\u2606wcyoubing\u8349\u55b5\u72c2\u70ed\u7c89|\uff01\uff01\uff01\uff01\uff01\uff01\uff01\uff01\uff01\uff01\uff01\uff01\uff01\uff01\uff01\uff01\uff01\uff01\uff01\uff01\uff01\uff01\uff01\uff01\uff01\n|c|\u2606Yuan000|6\n|c|\u2606wcyoubing\u8349\u55b5\u72c2\u70ed\u7c89|\u54c8\u54c8\u54c8\u54c8\u54c8\uff01\uff01\uff01\uff01\n|c| DDC2|w\n|c|\u2606wcyoubing\u8349\u55b5\u72c2\u70ed\u7c89|DDC\n|c|\u2606wcyoubing\u8349\u55b5\u72c2\u70ed\u7c89|\uff01\uff01\uff01\uff01\n|c|\u2606Yuan000|6\n|c|\u2606wcyoubing\u8349\u55b5\u72c2\u70ed\u7c89|\u6211\u4e8c\u8fde\u5b88\u8d62\u4e86\uff01\uff01\uff01\n|c|\u2606Yuan000|\u8981\u4e0d\u5f00\u4e00\u628a4p\uff1f\n|c|\u2606wcyoubing\u8349\u55b5\u72c2\u70ed\u7c89|\u90a3\u5f97\u518d\u6765\u4e2a\u4eba\n|c| DDC2|\u53ef\u4ee5\n|c| DDC2|\u53bb\u4e2d\u6587\u623f\u62c9\n|c|\u2606wcyoubing\u8349\u55b5\u72c2\u70ed\u7c89|ok\n|c|\u2606wcyoubing\u8349\u55b5\u72c2\u70ed\u7c89|4p\u54ea\u4e2a\u5206\u7ea7\u7684\uff1f\n|c| DDC2|nd\uff1f\n|c|\u2606wcyoubing\u8349\u55b5\u72c2\u70ed\u7c89|\u884c\n|l|\u2606Yuan000\n|j| chongwang12345\n|j| 3.14159265359e\n|l| 3.14159265359e\n","uploadtime":1700369927,"views":7,"p1id":"wcyoubing","p2id":"yuan000","formatid":"gen9nationaldex","rating":0,"private":0,"password":""}