{"id":"gen9nationaldex-1995102283","p1":"MyNameIsBacon9","p2":"Amber-acid","format":"[Gen 9] National Dex","log":"|html|<div class=\"broadcast-blue\"><strong>[Gen 9] National Dex is currently suspecting Sneasler! For information on how to participate check out the <a href=\"https:\/\/www.smogon.com\/forums\/threads\/sv-national-dex-suspect-8-just-dance.3731534\/\">suspect thread<\/a>.<\/strong><\/div>\n|j|\u2606MyNameIsBacon9\n|j|\u2606Amber-acid\n|t:|1700522785\n|gametype|singles\n|player|p1|MyNameIsBacon9|valerie|1175\n|player|p2|Amber-acid|170|1298\n|teamsize|p1|6\n|teamsize|p2|6\n|gen|9\n|tier|[Gen 9] National Dex\n|rated|\n|rule|HP Percentage Mod: HP is shown in percentages\n|rule|Endless Battle Clause: Forcing endless battles is banned\n|rule|OHKO Clause: OHKO moves are banned\n|rule|Evasion Clause: Evasion abilities, items, and moves are banned\n|rule|Evasion Abilities Clause: Evasion abilities are banned\n|rule|Evasion Items Clause: Evasion items are banned\n|rule|Evasion Moves Clause: Evasion moves are banned\n|rule|Species Clause: Limit one of each Pok\u00e9mon\n|rule|Sleep Clause Mod: Limit one foe put to sleep\n|clearpoke\n|poke|p1|Lapras, F|\n|poke|p1|Golem-Alola, M|\n|poke|p1|Grafaiai, F|\n|poke|p1|Druddigon, M|\n|poke|p1|Tornadus-Therian, M|\n|poke|p1|Incineroar, M|\n|poke|p2|Pelipper, F|\n|poke|p2|Barraskewda, M|\n|poke|p2|Swampert, F|\n|poke|p2|Kingdra, M|\n|poke|p2|Zapdos|\n|poke|p2|Garganacl, M|\n|teampreview\n|inactive|Battle timer is ON: inactive players will automatically lose when time's up. (requested by Amber-acid)\n|\n|t:|1700522803\n|start\n|switch|p1a: Druddigon|Druddigon, M|100\/100\n|switch|p2a: Barraskewda|Barraskewda, M, shiny|100\/100\n|-ability|p1a: Druddigon|Mold Breaker\n|turn|1\n|\n|t:|1700522812\n|move|p2a: Barraskewda|Flip Turn|p1a: Druddigon\n|-resisted|p1a: Druddigon\n|-damage|p1a: Druddigon|84\/100\n|-damage|p2a: Barraskewda|84\/100|[from] item: Rocky Helmet|[of] p1a: Druddigon\n|\n|t:|1700522819\n|switch|p2a: Pelipper|Pelipper, F|100\/100|[from] Flip Turn\n|-weather|RainDance|[from] ability: Drizzle|[of] p2a: Pelipper\n|move|p1a: Druddigon|Glare|p2a: Pelipper\n|-status|p2a: Pelipper|par\n|\n|-weather|RainDance|[upkeep]\n|upkeep\n|turn|2\n|\n|t:|1700522827\n|move|p1a: Druddigon|Stealth Rock|p2a: Pelipper\n|-sidestart|p2: Amber-acid|move: Stealth Rock\n|move|p2a: Pelipper|U-turn|p1a: Druddigon\n|-damage|p1a: Druddigon|78\/100\n|-damage|p2a: Pelipper|84\/100 par|[from] item: Rocky Helmet|[of] p1a: Druddigon\n|\n|t:|1700522832\n|switch|p2a: Kingdra|Kingdra, M|100\/100|[from] U-turn\n|-damage|p2a: Kingdra|88\/100|[from] Stealth Rock\n|\n|-weather|RainDance|[upkeep]\n|upkeep\n|turn|3\n|\n|t:|1700522839\n|move|p2a: Kingdra|Draco Meteor|p1a: Druddigon\n|-supereffective|p1a: Druddigon\n|-damage|p1a: Druddigon|0 fnt\n|-unboost|p2a: Kingdra|spa|2\n|faint|p1a: Druddigon\n|\n|-weather|RainDance|[upkeep]\n|upkeep\n|\n|t:|1700522848\n|switch|p1a: Lapras|Lapras, F|100\/100\n|turn|4\n|\n|t:|1700522854\n|switch|p2a: Zapdos|Zapdos|100\/100\n|move|p1a: Lapras|Dragon Dance|p1a: Lapras\n|-boost|p1a: Lapras|atk|1\n|-boost|p1a: Lapras|spe|1\n|\n|-weather|RainDance|[upkeep]\n|upkeep\n|turn|5\n|\n|t:|1700522861\n|-terastallize|p1a: Lapras|Ice\n|move|p1a: Lapras|Ice Shard|p2a: Zapdos\n|-supereffective|p2a: Zapdos\n|-damage|p2a: Zapdos|45\/100\n|move|p2a: Zapdos|Defog|p1a: Lapras\n|-unboost|p1a: Lapras|evasion|1\n|-sideend|p2: Amber-acid|Stealth Rock|[from] move: Defog|[of] p2a: Zapdos\n|\n|-weather|RainDance|[upkeep]\n|upkeep\n|turn|6\n|\n|t:|1700522873\n|move|p1a: Lapras|Dragon Dance|p1a: Lapras\n|-boost|p1a: Lapras|atk|1\n|-boost|p1a: Lapras|spe|1\n|move|p2a: Zapdos|Volt Switch|p1a: Lapras\n|-damage|p1a: Lapras|73\/100\n|\n|t:|1700522889\n|switch|p2a: Barraskewda|Barraskewda, M, shiny|84\/100|[from] Volt Switch\n|\n|-weather|RainDance|[upkeep]\n|upkeep\n|turn|7\n|\n|t:|1700522898\n|move|p2a: Barraskewda|Close Combat|p1a: Lapras\n|-supereffective|p1a: Lapras\n|-damage|p1a: Lapras|0 fnt\n|-unboost|p2a: Barraskewda|def|1\n|-unboost|p2a: Barraskewda|spd|1\n|faint|p1a: Lapras\n|\n|-weather|RainDance|[upkeep]\n|upkeep\n|\n|t:|1700522902\n|switch|p1a: Tornadus|Tornadus-Therian, M|100\/100\n|turn|8\n|\n|t:|1700522912\n|switch|p2a: Garganacl|Garganacl, M, shiny|100\/100\n|move|p1a: Tornadus|Bleakwind Storm|p2a: Garganacl\n|-resisted|p2a: Garganacl\n|-damage|p2a: Garganacl|84\/100\n|\n|-weather|none\n|-heal|p2a: Garganacl|90\/100|[from] item: Leftovers\n|upkeep\n|turn|9\n|\n|t:|1700522927\n|move|p1a: Tornadus|U-turn|p2a: Garganacl\n|-damage|p2a: Garganacl|81\/100\n|\n|t:|1700522936\n|switch|p1a: Golem|Golem-Alola, M, shiny|100\/100|[from] U-turn\n|move|p2a: Garganacl|Salt Cure|p1a: Golem\n|-damage|p1a: Golem|90\/100\n|-start|p1a: Golem|Salt Cure\n|\n|-heal|p2a: Garganacl|87\/100|[from] item: Leftovers\n|-damage|p1a: Golem|77\/100|[from] Salt Cure\n|upkeep\n|turn|10\n|\n|t:|1700522946\n|move|p1a: Golem|Double-Edge|p2a: Garganacl\n|-damage|p2a: Garganacl|25\/100\n|-damage|p1a: Golem|55\/100|[from] Recoil\n|move|p2a: Garganacl|Iron Defense|p2a: Garganacl\n|-boost|p2a: Garganacl|def|2\n|\n|-heal|p2a: Garganacl|31\/100|[from] item: Leftovers\n|-damage|p1a: Golem|42\/100|[from] Salt Cure\n|upkeep\n|turn|11\n|\n|t:|1700522955\n|-terastallize|p2a: Garganacl|Ghost\n|move|p1a: Golem|Double-Edge|p2a: Garganacl\n|-damage|p2a: Garganacl|2\/100\n|-damage|p1a: Golem|32\/100|[from] Recoil\n|move|p2a: Garganacl|Recover|p2a: Garganacl\n|-heal|p2a: Garganacl|52\/100\n|\n|-heal|p2a: Garganacl|58\/100|[from] item: Leftovers\n|-damage|p1a: Golem|19\/100|[from] Salt Cure\n|upkeep\n|turn|12\n|\n|t:|1700522966\n|move|p1a: Golem|Explosion|p2a: Garganacl\n|-damage|p2a: Garganacl|0 fnt\n|faint|p1a: Golem\n|faint|p2a: Garganacl\n|\n|upkeep\n|\n|t:|1700522974\n|switch|p1a: Tornadus|Tornadus-Therian, M|100\/100\n|switch|p2a: Pelipper|Pelipper, F|84\/100 par\n|-weather|RainDance|[from] ability: Drizzle|[of] p2a: Pelipper\n|turn|13\n|\n|t:|1700522980\n|move|p1a: Tornadus|Bleakwind Storm|p2a: Pelipper\n|-damage|p2a: Pelipper|18\/100 par\n|move|p2a: Pelipper|U-turn|p1a: Tornadus\n|-resisted|p1a: Tornadus\n|-damage|p1a: Tornadus|94\/100\n|\n|t:|1700522987\n|switch|p2a: Barraskewda|Barraskewda, M, shiny|84\/100|[from] U-turn\n|\n|-weather|RainDance|[upkeep]\n|upkeep\n|turn|14\n|\n|t:|1700522994\n|move|p2a: Barraskewda|Liquidation|p1a: Tornadus\n|-damage|p1a: Tornadus|0 fnt\n|faint|p1a: Tornadus\n|\n|-weather|RainDance|[upkeep]\n|upkeep\n|\n|t:|1700522997\n|switch|p1a: Incineroar|Incineroar, M|100\/100\n|-ability|p1a: Incineroar|Intimidate|boost\n|-unboost|p2a: Barraskewda|atk|1\n|turn|15\n|\n|t:|1700523002\n|move|p1a: Incineroar|Fake Out|p2a: Barraskewda\n|-damage|p2a: Barraskewda|59\/100\n|cant|p2a: Barraskewda|flinch\n|\n|-weather|RainDance|[upkeep]\n|upkeep\n|turn|16\n|\n|t:|1700523012\n|switch|p1a: Grafaiai|Grafaiai, F|100\/100\n|move|p2a: Barraskewda|Liquidation|p1a: Grafaiai\n|-damage|p1a: Grafaiai|0 fnt\n|faint|p1a: Grafaiai\n|\n|-weather|RainDance|[upkeep]\n|upkeep\n|\n|t:|1700523014\n|switch|p1a: Incineroar|Incineroar, M|100\/100\n|-ability|p1a: Incineroar|Intimidate|boost\n|-unboost|p2a: Barraskewda|atk|1\n|turn|17\n|\n|t:|1700523024\n|switch|p2a: Swampert|Swampert, F|100\/100\n|move|p1a: Incineroar|Fake Out|p2a: Swampert\n|-damage|p2a: Swampert|86\/100\n|\n|-weather|RainDance|[upkeep]\n|upkeep\n|turn|18\n|\n|t:|1700523030\n|detailschange|p2a: Swampert|Swampert-Mega, F\n|-mega|p2a: Swampert|Swampert|Swampertite\n|move|p2a: Swampert|Liquidation|p1a: Incineroar\n|-supereffective|p1a: Incineroar\n|-damage|p1a: Incineroar|0 fnt\n|faint|p1a: Incineroar\n|\n|win|Amber-acid\n|raw|MyNameIsBacon9's rating: 1175 &rarr; <strong>1158<\/strong><br \/>(-17 for losing)\n|raw|Amber-acid's rating: 1298 &rarr; <strong>1315<\/strong><br \/>(+17 for winning)\n|l|\u2606MyNameIsBacon9\n","uploadtime":1700523040,"views":4,"p1id":"mynameisbacon9","p2id":"amberacid","formatid":"gen9nationaldex","rating":1158,"private":0,"password":""}