{"id":"gen9nationaldex-1991393032","p1":"SkyStriker14","p2":"Kaminwu","format":"[Gen 9] National Dex","log":"|j|\u2606SkyStriker14\n|j|\u2606Kaminwu\n|t:|1700073330\n|gametype|singles\n|player|p1|SkyStriker14|iris|1033\n|player|p2|Kaminwu|shauntal|1131\n|teamsize|p1|6\n|teamsize|p2|6\n|gen|9\n|tier|[Gen 9] National Dex\n|rated|\n|rule|HP Percentage Mod: HP is shown in percentages\n|rule|Endless Battle Clause: Forcing endless battles is banned\n|rule|OHKO Clause: OHKO moves are banned\n|rule|Evasion Clause: Evasion abilities, items, and moves are banned\n|rule|Evasion Abilities Clause: Evasion abilities are banned\n|rule|Evasion Items Clause: Evasion items are banned\n|rule|Evasion Moves Clause: Evasion moves are banned\n|rule|Species Clause: Limit one of each Pok\u00e9mon\n|rule|Sleep Clause Mod: Limit one foe put to sleep\n|clearpoke\n|poke|p1|Kartana|\n|poke|p1|Blissey, F|\n|poke|p1|Maushold-Four|\n|poke|p1|Ninetales, M|\n|poke|p1|Quaquaval, F|\n|poke|p1|Thundurus-Therian, M|\n|poke|p2|Zeraora|\n|poke|p2|Zoroark-Hisui, F|\n|poke|p2|Goodra-Hisui, F|\n|poke|p2|Glastrier|\n|poke|p2|Corviknight, M|\n|poke|p2|Clodsire, F|\n|teampreview\n|\n|t:|1700073347\n|start\n|switch|p1a: Ninetales|Ninetales, M|100\/100\n|switch|p2a: Gomi|Clodsire, F|100\/100\n|-weather|SunnyDay|[from] ability: Drought|[of] p1a: Ninetales\n|turn|1\n|\n|t:|1700073356\n|move|p1a: Ninetales|Solar Beam||[still]\n|-prepare|p1a: Ninetales|Solar Beam\n|-anim|p1a: Ninetales|Solar Beam|p2a: Gomi\n|-damage|p2a: Gomi|85\/100\n|move|p2a: Gomi|Spikes|p1a: Ninetales\n|-sidestart|p1: SkyStriker14|Spikes\n|\n|-weather|SunnyDay|[upkeep]\n|upkeep\n|turn|2\n|\n|t:|1700073364\n|move|p1a: Ninetales|Will-O-Wisp|p2a: Gomi\n|-status|p2a: Gomi|brn\n|move|p2a: Gomi|Spikes|p1a: Ninetales\n|-sidestart|p1: SkyStriker14|Spikes\n|\n|-weather|SunnyDay|[upkeep]\n|-damage|p2a: Gomi|79\/100 brn|[from] brn\n|upkeep\n|turn|3\n|\n|t:|1700073371\n|move|p1a: Ninetales|Hex|p2a: Gomi\n|-damage|p2a: Gomi|60\/100 brn\n|move|p2a: Gomi|Spikes|p1a: Ninetales\n|-sidestart|p1: SkyStriker14|Spikes\n|\n|-weather|SunnyDay|[upkeep]\n|-damage|p2a: Gomi|54\/100 brn|[from] brn\n|upkeep\n|turn|4\n|\n|t:|1700073382\n|move|p1a: Ninetales|Hex|p2a: Gomi\n|-damage|p2a: Gomi|38\/100 brn\n|move|p2a: Gomi|Earthquake|p1a: Ninetales\n|-supereffective|p1a: Ninetales\n|-damage|p1a: Ninetales|66\/100\n|\n|-weather|SunnyDay|[upkeep]\n|-damage|p2a: Gomi|32\/100 brn|[from] brn\n|upkeep\n|turn|5\n|\n|t:|1700073390\n|move|p1a: Ninetales|Solar Beam||[still]\n|-prepare|p1a: Ninetales|Solar Beam\n|-anim|p1a: Ninetales|Solar Beam|p2a: Gomi\n|-damage|p2a: Gomi|15\/100 brn\n|move|p2a: Gomi|Toxic|p1a: Ninetales\n|-status|p1a: Ninetales|tox\n|\n|-weather|none\n|-damage|p1a: Ninetales|60\/100 tox|[from] psn\n|-damage|p2a: Gomi|8\/100 brn|[from] brn\n|upkeep\n|turn|6\n|\n|t:|1700073399\n|move|p1a: Ninetales|Hex|p2a: Gomi\n|-damage|p2a: Gomi|0 fnt\n|faint|p2a: Gomi\n|\n|-damage|p1a: Ninetales|48\/100 tox|[from] psn\n|upkeep\n|\n|t:|1700073406\n|switch|p2a: Kami|Zeraora, shiny|100\/100\n|turn|7\n|\n|t:|1700073419\n|move|p2a: Kami|Fake Out|p1a: Ninetales\n|-damage|p1a: Ninetales|32\/100 tox\n|cant|p1a: Ninetales|flinch\n|\n|-damage|p1a: Ninetales|14\/100 tox|[from] psn\n|upkeep\n|turn|8\n|\n|t:|1700073425\n|move|p2a: Kami|Plasma Fists|p1a: Ninetales\n|-crit|p1a: Ninetales\n|-damage|p1a: Ninetales|0 fnt\n|-fieldactivate|move: Ion Deluge\n|-hint|Normal-type moves become Electric-type after using Plasma Fists.\n|faint|p1a: Ninetales\n|\n|upkeep\n|\n|t:|1700073439\n|switch|p1a: Blissey|Blissey, F, shiny|100\/100\n|-damage|p1a: Blissey|76\/100|[from] Spikes\n|turn|9\n|\n|t:|1700073447\n|move|p2a: Kami|Taunt|p1a: Blissey\n|-start|p1a: Blissey|move: Taunt\n|cant|p1a: Blissey|move: Taunt|Soft-Boiled\n|\n|-heal|p1a: Blissey|82\/100|[from] item: Leftovers\n|upkeep\n|turn|10\n|\n|t:|1700073457\n|move|p2a: Kami|Plasma Fists|p1a: Blissey\n|-damage|p1a: Blissey|0 fnt\n|-fieldactivate|move: Ion Deluge\n|-hint|Normal-type moves become Electric-type after using Plasma Fists.\n|faint|p1a: Blissey\n|\n|upkeep\n|\n|t:|1700073464\n|switch|p1a: Maushold|Maushold-Four|100\/100\n|-damage|p1a: Maushold|76\/100|[from] Spikes\n|turn|11\n|\n|t:|1700073469\n|move|p2a: Kami|Taunt|p1a: Maushold\n|-start|p1a: Maushold|move: Taunt\n|move|p1a: Maushold|Population Bomb|p2a: Kami|[miss]\n|-miss|p1a: Maushold|p2a: Kami\n|\n|-heal|p1a: Maushold|82\/100|[from] item: Leftovers\n|upkeep\n|turn|12\n|\n|t:|1700073478\n|move|p2a: Kami|Plasma Fists|p1a: Maushold\n|-damage|p1a: Maushold|11\/100\n|-fieldactivate|move: Ion Deluge\n|-hint|Normal-type moves become Electric-type after using Plasma Fists.\n|move|p1a: Maushold|Population Bomb|p2a: Kami\n|-immune|p2a: Kami|[from] ability: Volt Absorb\n|\n|-heal|p1a: Maushold|17\/100|[from] item: Leftovers\n|upkeep\n|turn|13\n|\n|t:|1700073489\n|move|p2a: Kami|Plasma Fists|p1a: Maushold\n|-damage|p1a: Maushold|0 fnt\n|-fieldactivate|move: Ion Deluge\n|-hint|Normal-type moves become Electric-type after using Plasma Fists.\n|faint|p1a: Maushold\n|\n|upkeep\n|\n|t:|1700073497\n|switch|p1a: Kartana|Kartana|100\/100\n|-damage|p1a: Kartana|76\/100|[from] Spikes\n|turn|14\n|\n|t:|1700073504\n|move|p2a: Kami|Blaze Kick|p1a: Kartana\n|-supereffective|p1a: Kartana\n|-damage|p1a: Kartana|0 fnt\n|faint|p1a: Kartana\n|\n|upkeep\n|\n|t:|1700073508\n|switch|p1a: Quaquaval|Quaquaval, F|100\/100\n|-damage|p1a: Quaquaval|76\/100|[from] Spikes\n|turn|15\n|\n|t:|1700073518\n|move|p2a: Kami|Plasma Fists|p1a: Quaquaval\n|-supereffective|p1a: Quaquaval\n|-damage|p1a: Quaquaval|0 fnt\n|-fieldactivate|move: Ion Deluge\n|-hint|Normal-type moves become Electric-type after using Plasma Fists.\n|faint|p1a: Quaquaval\n|\n|upkeep\n|\n|t:|1700073524\n|switch|p1a: Thundurus|Thundurus-Therian, M|100\/100\n|turn|16\n|\n|t:|1700073529\n|move|p2a: Kami|Blaze Kick|p1a: Thundurus\n|-crit|p1a: Thundurus\n|-damage|p1a: Thundurus|39\/100\n|move|p1a: Thundurus|Charge|p1a: Thundurus\n|-boost|p1a: Thundurus|spd|1\n|-start|p1a: Thundurus|Charge\n|\n|upkeep\n|turn|17\n|\n|t:|1700073540\n|move|p2a: Kami|Blaze Kick|p1a: Thundurus\n|-damage|p1a: Thundurus|1\/100\n|move|p1a: Thundurus|Hidden Power|p2a: Kami\n|-damage|p2a: Kami|72\/100\n|\n|upkeep\n|turn|18\n|\n|t:|1700073550\n|move|p2a: Kami|Blaze Kick|p1a: Thundurus\n|-damage|p1a: Thundurus|0 fnt\n|faint|p1a: Thundurus\n|\n|win|Kaminwu\n|raw|SkyStriker14's rating: 1033 &rarr; <strong>1022<\/strong><br \/>(-11 for losing)\n|raw|Kaminwu's rating: 1131 &rarr; <strong>1149<\/strong><br \/>(+18 for winning)\n|l|\u2606SkyStriker14\n","uploadtime":1700073580,"views":22,"p1id":"skystriker14","p2id":"kaminwu","formatid":"gen9nationaldex","rating":1022,"private":0,"password":""}