{"id":"gen9nationaldex-1989456818","p1":"Tentacultistry","p2":"Mrrogatek","format":"[Gen 9] National Dex","log":"|j|\u2606Tentacultistry\n|j|\u2606Mrrogatek\n|t:|1699853356\n|gametype|singles\n|player|p1|Tentacultistry|elesa-masters2|1372\n|player|p2|Mrrogatek|elesa|1352\n|teamsize|p1|6\n|teamsize|p2|6\n|gen|9\n|tier|[Gen 9] National Dex\n|rated|\n|rule|HP Percentage Mod: HP is shown in percentages\n|rule|Endless Battle Clause: Forcing endless battles is banned\n|rule|OHKO Clause: OHKO moves are banned\n|rule|Evasion Clause: Evasion abilities, items, and moves are banned\n|rule|Evasion Abilities Clause: Evasion abilities are banned\n|rule|Evasion Items Clause: Evasion items are banned\n|rule|Evasion Moves Clause: Evasion moves are banned\n|rule|Species Clause: Limit one of each Pok\u00e9mon\n|rule|Sleep Clause Mod: Limit one foe put to sleep\n|clearpoke\n|poke|p1|Tapu Koko|\n|poke|p1|Iron Valiant|\n|poke|p1|Iron Hands|\n|poke|p1|Xurkitree|\n|poke|p1|Iron Treads|\n|poke|p1|Iron Jugulis|\n|poke|p2|Armarouge, M|\n|poke|p2|Great Tusk|\n|poke|p2|Sneasler, F|\n|poke|p2|Samurott-Hisui, M|\n|poke|p2|Urshifu-*, M|\n|poke|p2|Tapu Lele|\n|teampreview\n|\n|t:|1699853372\n|start\n|switch|p1a: Fairy Lights|Xurkitree|100\/100\n|switch|p2a: Great Tusk|Great Tusk|100\/100\n|-enditem|p2a: Great Tusk|Booster Energy\n|-activate|p2a: Great Tusk|ability: Protosynthesis|[fromitem]\n|-start|p2a: Great Tusk|protosynthesisspe\n|turn|1\n|\n|t:|1699853378\n|move|p2a: Great Tusk|Headlong Rush|p1a: Fairy Lights\n|-supereffective|p1a: Fairy Lights\n|-damage|p1a: Fairy Lights|0 fnt\n|-unboost|p2a: Great Tusk|def|1\n|-unboost|p2a: Great Tusk|spd|1\n|faint|p1a: Fairy Lights\n|\n|upkeep\n|\n|t:|1699853383\n|switch|p1a: Rita|Tapu Koko|100\/100\n|-fieldstart|move: Electric Terrain|[from] ability: Electric Surge|[of] p1a: Rita\n|turn|2\n|\n|t:|1699853388\n|switch|p1a: Jimothy cool|Iron Jugulis|100\/100\n|-activate|p1a: Jimothy cool|ability: Quark Drive\n|-start|p1a: Jimothy cool|quarkdrivespe\n|move|p2a: Great Tusk|Headlong Rush|p1a: Jimothy cool\n|-immune|p1a: Jimothy cool\n|\n|upkeep\n|turn|3\n|\n|t:|1699853402\n|-end|p2a: Great Tusk|Protosynthesis|[silent]\n|switch|p2a: Tapu Lele|Tapu Lele|100\/100\n|-fieldstart|move: Psychic Terrain|[from] ability: Psychic Surge|[of] p2a: Tapu Lele\n|-end|p1a: Jimothy cool|Quark Drive\n|move|p1a: Jimothy cool|Air Slash|p2a: Tapu Lele\n|-damage|p2a: Tapu Lele|52\/100\n|-damage|p1a: Jimothy cool|91\/100|[from] item: Life Orb\n|\n|upkeep\n|turn|4\n|\n|t:|1699853410\n|-end|p1a: Jimothy cool|Quark Drive|[silent]\n|switch|p1a: Rita|Tapu Koko|100\/100\n|-fieldstart|move: Electric Terrain|[from] ability: Electric Surge|[of] p1a: Rita\n|move|p2a: Tapu Lele|Moonblast|p1a: Rita\n|-damage|p1a: Rita|18\/100\n|\n|upkeep\n|turn|5\n|\n|t:|1699853415\n|switch|p2a: Great Tusk|Great Tusk|100\/100\n|move|p1a: Rita|Thunder Punch|p2a: Great Tusk\n|-immune|p2a: Great Tusk\n|\n|upkeep\n|turn|6\n|\n|t:|1699853428\n|move|p1a: Rita|Dazzling Gleam|p2a: Great Tusk\n|-supereffective|p2a: Great Tusk\n|-damage|p2a: Great Tusk|34\/100\n|move|p2a: Great Tusk|Ice Spinner|p1a: Rita\n|-damage|p1a: Rita|0 fnt\n|-fieldend|move: Electric Terrain\n|faint|p1a: Rita\n|\n|upkeep\n|\n|t:|1699853433\n|switch|p1a: Short King|Iron Treads|100\/100\n|turn|7\n|\n|t:|1699853448\n|-end|p2a: Great Tusk|Protosynthesis|[silent]\n|switch|p2a: Urshifu|Urshifu-Rapid-Strike, M|100\/100\n|-terastallize|p1a: Short King|Ghost\n|move|p1a: Short King|Rapid Spin|p2a: Urshifu\n|-damage|p2a: Urshifu|86\/100\n|-boost|p1a: Short King|spe|1\n|\n|upkeep\n|turn|8\n|\n|t:|1699853456\n|move|p1a: Short King|Rapid Spin|p2a: Urshifu\n|-damage|p2a: Urshifu|70\/100\n|-boost|p1a: Short King|spe|1\n|move|p2a: Urshifu|Surging Strikes|p1a: Short King\n|-crit|p1a: Short King\n|-damage|p1a: Short King|75\/100\n|-crit|p1a: Short King\n|-damage|p1a: Short King|47\/100\n|-crit|p1a: Short King\n|-damage|p1a: Short King|19\/100\n|-hitcount|p1a: Short King|3\n|\n|-heal|p1a: Short King|25\/100|[from] item: Leftovers\n|upkeep\n|turn|9\n|\n|t:|1699853463\n|move|p1a: Short King|Wild Charge|p2a: Urshifu\n|-supereffective|p2a: Urshifu\n|-damage|p2a: Urshifu|16\/100\n|-damage|p1a: Short King|11\/100|[from] Recoil\n|move|p2a: Urshifu|Surging Strikes|p1a: Short King\n|-crit|p1a: Short King\n|-damage|p1a: Short King|0 fnt\n|faint|p1a: Short King\n|-end|p1a: Short King|Quark Drive|[silent]\n|-hitcount|p1: Short King|1\n|\n|upkeep\n|-message|Tentacultistry forfeited.\n|\n|win|Mrrogatek\n|raw|Tentacultistry's rating: 1372 &rarr; <strong>1351<\/strong><br \/>(-21 for losing)\n|raw|Mrrogatek's rating: 1352 &rarr; <strong>1373<\/strong><br \/>(+21 for winning)\n|l|\u2606Tentacultistry\n","uploadtime":1699853485,"views":8,"p1id":"tentacultistry","p2id":"mrrogatek","formatid":"gen9nationaldex","rating":1351,"private":0,"password":""}