{"id":"gen9nationaldex-1995182333","p1":"221savage","p2":"NDSNEZ Zoro","format":"[Gen 9] National Dex","log":"|html|<div class=\"broadcast-blue\"><strong>[Gen 9] National Dex is currently suspecting Sneasler! For information on how to participate check out the <a href=\"https:\/\/www.smogon.com\/forums\/threads\/sv-national-dex-suspect-8-just-dance.3731534\/\">suspect thread<\/a>.<\/strong><\/div>\n|j|\u2606221savage\n|j|\u2606NDSNEZ Zoro\n|t:|1700531810\n|gametype|singles\n|player|p1|221savage|169|1375\n|player|p2|NDSNEZ Zoro|lusamine-nihilego|1346\n|teamsize|p1|6\n|teamsize|p2|6\n|gen|9\n|tier|[Gen 9] National Dex\n|rated|\n|rule|HP Percentage Mod: HP is shown in percentages\n|rule|Endless Battle Clause: Forcing endless battles is banned\n|rule|OHKO Clause: OHKO moves are banned\n|rule|Evasion Clause: Evasion abilities, items, and moves are banned\n|rule|Evasion Abilities Clause: Evasion abilities are banned\n|rule|Evasion Items Clause: Evasion items are banned\n|rule|Evasion Moves Clause: Evasion moves are banned\n|rule|Species Clause: Limit one of each Pok\u00e9mon\n|rule|Sleep Clause Mod: Limit one foe put to sleep\n|clearpoke\n|poke|p1|Blastoise, M|\n|poke|p1|Banette, M|\n|poke|p1|Machamp, M|\n|poke|p1|Darmanitan, M|\n|poke|p1|Tsareena, F|\n|poke|p1|Toxtricity, F|\n|poke|p2|Grimmsnarl, M|\n|poke|p2|Iron Hands|\n|poke|p2|Gyarados, M|\n|poke|p2|Cresselia, F|\n|poke|p2|Ursaluna, F|\n|poke|p2|Iron Valiant|\n|teampreview\n|\n|t:|1700531814\n|start\n|switch|p1a: Banette|Banette, M|100\/100\n|switch|p2a: SUS TERA DNB VOTER|Grimmsnarl, M, shiny|100\/100\n|turn|1\n|\n|t:|1700531822\n|detailschange|p1a: Banette|Banette-Mega, M\n|-mega|p1a: Banette|Banette|Banettite\n|move|p2a: SUS TERA DNB VOTER|Reflect|p2a: SUS TERA DNB VOTER\n|-sidestart|p2: NDSNEZ Zoro|Reflect\n|move|p1a: Banette|Knock Off|p2a: SUS TERA DNB VOTER\n|-resisted|p2a: SUS TERA DNB VOTER\n|-damage|p2a: SUS TERA DNB VOTER|96\/100\n|-enditem|p2a: SUS TERA DNB VOTER|Light Clay|[from] move: Knock Off|[of] p1a: Banette\n|\n|upkeep\n|turn|2\n|\n|t:|1700531836\n|switch|p1a: Darmanitan|Darmanitan, M|100\/100\n|move|p2a: SUS TERA DNB VOTER|Foul Play|p1a: Darmanitan\n|-damage|p1a: Darmanitan|18\/100\n|\n|upkeep\n|turn|3\n|\n|t:|1700531845\n|move|p1a: Darmanitan|Flare Blitz|p2a: SUS TERA DNB VOTER\n|-damage|p2a: SUS TERA DNB VOTER|60\/100\n|-damage|p1a: Darmanitan|4\/100|[from] Recoil\n|move|p2a: SUS TERA DNB VOTER|Foul Play|p1a: Darmanitan\n|-damage|p1a: Darmanitan|0 fnt\n|faint|p1a: Darmanitan\n|\n|upkeep\n|\n|t:|1700531854\n|switch|p1a: Blastoise|Blastoise, M|100\/100\n|turn|4\n|\n|t:|1700531858\n|move|p2a: SUS TERA DNB VOTER|Light Screen|p2a: SUS TERA DNB VOTER\n|-sidestart|p2: NDSNEZ Zoro|move: Light Screen\n|move|p1a: Blastoise|Shell Smash|p1a: Blastoise\n|-unboost|p1a: Blastoise|def|1\n|-unboost|p1a: Blastoise|spd|1\n|-boost|p1a: Blastoise|atk|2\n|-boost|p1a: Blastoise|spa|2\n|-boost|p1a: Blastoise|spe|2\n|\n|upkeep\n|turn|5\n|c|\u2606221savage|thats it\n|c|\u2606221savage|now im mad\n|c|\u2606NDSNEZ Zoro|wha\n|\n|t:|1700531875\n|-zpower|p1a: Blastoise\n|move|p1a: Blastoise|All-Out Pummeling|p2a: SUS TERA DNB VOTER|[zeffect]\n|-damage|p2a: SUS TERA DNB VOTER|3\/100\n|move|p2a: SUS TERA DNB VOTER|Foul Play|p1a: Blastoise\n|-damage|p1a: Blastoise|30\/100\n|\n|upkeep\n|turn|6\n|c|\u2606221savage|ive had ENOUGH\n|c|\u2606221savage|oh\n|c|\u2606NDSNEZ Zoro|ok man\n|\n|t:|1700531892\n|move|p2a: SUS TERA DNB VOTER|Taunt|p1a: Blastoise\n|-start|p1a: Blastoise|move: Taunt\n|move|p1a: Blastoise|Ice Beam|p2a: SUS TERA DNB VOTER\n|-damage|p2a: SUS TERA DNB VOTER|0 fnt\n|faint|p2a: SUS TERA DNB VOTER\n|\n|upkeep\n|\n|t:|1700531898\n|switch|p2a: GALLADEORADE|Iron Valiant|100\/100\n|-enditem|p2a: GALLADEORADE|Booster Energy\n|-activate|p2a: GALLADEORADE|ability: Quark Drive|[fromitem]\n|-start|p2a: GALLADEORADE|quarkdrivespe\n|turn|7\n|\n|t:|1700531913\n|move|p2a: GALLADEORADE|Moonblast|p1a: Blastoise\n|-damage|p1a: Blastoise|0 fnt\n|faint|p1a: Blastoise\n|\n|upkeep\n|\n|t:|1700531916\n|switch|p1a: Banette|Banette-Mega, M|100\/100\n|turn|8\n|\n|t:|1700531928\n|move|p2a: GALLADEORADE|Moonblast|p1a: Banette\n|-damage|p1a: Banette|42\/100\n|-unboost|p1a: Banette|spa|1\n|move|p1a: Banette|Poltergeist||[still]\n|-fail|p1a: Banette\n|\n|-sideend|p2: NDSNEZ Zoro|Reflect\n|-sideend|p2: NDSNEZ Zoro|move: Light Screen\n|upkeep\n|turn|9\n|\n|t:|1700531940\n|move|p1a: Banette|Destiny Bond|p1a: Banette\n|-singlemove|p1a: Banette|Destiny Bond\n|move|p2a: GALLADEORADE|Moonblast|p1a: Banette\n|-crit|p1a: Banette\n|-damage|p1a: Banette|0 fnt\n|faint|p1a: Banette\n|-activate|p1a: Banette|move: Destiny Bond\n|faint|p2a: GALLADEORADE\n|-end|p2a: GALLADEORADE|Quark Drive|[silent]\n|\n|upkeep\n|\n|t:|1700531959\n|switch|p2a: YOGI BOPS|Ursaluna, F|100\/100\n|switch|p1a: Toxtricity|Toxtricity, F|100\/100\n|turn|10\n|\n|t:|1700531964\n|-terastallize|p1a: Toxtricity|Normal\n|move|p1a: Toxtricity|Boomburst|p2a: YOGI BOPS\n|-damage|p2a: YOGI BOPS|0 fnt\n|faint|p2a: YOGI BOPS\n|\n|upkeep\n|inactive|Battle timer is ON: inactive players will automatically lose when time's up. (requested by 221savage)\n|inactive|NDSNEZ Zoro has 120 seconds left.\n|\n|t:|1700532079\n|switch|p2a: DJ KHALED|Cresselia, F, shiny|100\/100\n|turn|11\n|\n|t:|1700532083\n|move|p2a: DJ KHALED|Moonlight|p2a: DJ KHALED\n|-fail|p2a: DJ KHALED|heal\n|move|p1a: Toxtricity|Boomburst|p2a: DJ KHALED\n|-damage|p2a: DJ KHALED|8\/100\n|\n|upkeep\n|turn|12\n|\n|t:|1700532090\n|move|p2a: DJ KHALED|Moonblast|p1a: Toxtricity\n|-damage|p1a: Toxtricity|80\/100\n|-unboost|p1a: Toxtricity|spa|1\n|move|p1a: Toxtricity|Boomburst|p2a: DJ KHALED\n|-damage|p2a: DJ KHALED|0 fnt\n|faint|p2a: DJ KHALED\n|\n|upkeep\n|\n|t:|1700532099\n|switch|p2a: NO BOZOS|Gyarados, M, shiny|100\/100\n|-ability|p2a: NO BOZOS|Intimidate|boost\n|-unboost|p1a: Toxtricity|atk|1\n|turn|13\n|inactive|NDSNEZ Zoro has 120 seconds left.\n|\n|t:|1700532130\n|detailschange|p2a: NO BOZOS|Gyarados-Mega, M, shiny\n|-mega|p2a: NO BOZOS|Gyarados|Gyaradosite\n|-ability|p2a: NO BOZOS|Mold Breaker\n|move|p2a: NO BOZOS|Dragon Dance|p2a: NO BOZOS\n|-boost|p2a: NO BOZOS|atk|1\n|-boost|p2a: NO BOZOS|spe|1\n|move|p1a: Toxtricity|Boomburst|p2a: NO BOZOS\n|-crit|p2a: NO BOZOS\n|-damage|p2a: NO BOZOS|0 fnt\n|faint|p2a: NO BOZOS\n|\n|upkeep\n|inactive|NDSNEZ Zoro has 120 seconds left.\n|c|\u2606NDSNEZ Zoro|ur joking\n|\n|t:|1700532143\n|switch|p2a: HANDREW TATE|Iron Hands|100\/100\n|turn|14\n|c|\u2606221savage|listen here buddy\n|inactive|NDSNEZ Zoro has 120 seconds left.\n|c|\u2606NDSNEZ Zoro|-1 252+ SpA Choice Specs Punk Rock Tera Normal Toxtricity Boomburst vs. 0 HP \/ 4 SpD Gyarados-Mega: 237-279 (71.6 - 84.2%) -- guaranteed 2HKO\n|c|\u2606221savage|youve messed with the wrong one pal!!\n|c|\u2606NDSNEZ Zoro|nice on\n|c|\u2606NDSNEZ Zoro|crit mattered\n|\n|t:|1700532164\n|move|p1a: Toxtricity|Boomburst|p2a: HANDREW TATE\n|-damage|p2a: HANDREW TATE|27\/100\n|move|p2a: HANDREW TATE|Drain Punch|p1a: Toxtricity\n|-supereffective|p1a: Toxtricity\n|-damage|p1a: Toxtricity|0 fnt\n|-heal|p2a: HANDREW TATE|58\/100|[from] drain|[of] p1a: Toxtricity\n|faint|p1a: Toxtricity\n|\n|upkeep\n|c|\u2606221savage|well its also because i got the anger boost\n|\n|t:|1700532188\n|switch|p1a: Machamp|Machamp, M|100\/100\n|turn|15\n|c|\u2606NDSNEZ Zoro|are you 12 years old\n|\n|t:|1700532193\n|move|p1a: Machamp|Earthquake|p2a: HANDREW TATE\n|-supereffective|p2a: HANDREW TATE\n|-damage|p2a: HANDREW TATE|0 fnt\n|faint|p2a: HANDREW TATE\n|-end|p2a: HANDREW TATE|Quark Drive|[silent]\n|-damage|p1a: Machamp|91\/100|[from] item: Life Orb\n|\n|win|221savage\n|raw|221savage's rating: 1375 &rarr; <strong>1393<\/strong><br \/>(+18 for winning)\n|raw|NDSNEZ Zoro's rating: 1346 &rarr; <strong>1328<\/strong><br \/>(-18 for losing)\n|c|\u2606221savage|no\n|c|\u2606221savage|but guess what\n|c|\u2606221savage|you dont wanna mess with me when im angry!\n|c|\u2606NDSNEZ Zoro|ok man\n|c|\u2606221savage|so hows ur day been man\n|c|\u2606221savage|i mean-\n|c|\u2606221savage|gg\n","uploadtime":1700532254,"views":10,"p1id":"221savage","p2id":"ndsnezzoro","formatid":"gen9nationaldex","rating":1328,"private":0,"password":""}