{"id":"gen9nationaldex-1990934452","p1":"Chompas","p2":"OceanClouds","format":"[Gen 9] National Dex","log":"|j|\u2606Chompas\n|j|\u2606OceanClouds\n|t:|1700016873\n|gametype|singles\n|player|p1|Chompas|ghetsis-gen5bw|1114\n|player|p2|OceanClouds|265|1078\n|teamsize|p1|6\n|teamsize|p2|6\n|gen|9\n|tier|[Gen 9] National Dex\n|rated|\n|rule|HP Percentage Mod: HP is shown in percentages\n|rule|Endless Battle Clause: Forcing endless battles is banned\n|rule|OHKO Clause: OHKO moves are banned\n|rule|Evasion Clause: Evasion abilities, items, and moves are banned\n|rule|Evasion Abilities Clause: Evasion abilities are banned\n|rule|Evasion Items Clause: Evasion items are banned\n|rule|Evasion Moves Clause: Evasion moves are banned\n|rule|Species Clause: Limit one of each Pok\u00e9mon\n|rule|Sleep Clause Mod: Limit one foe put to sleep\n|clearpoke\n|poke|p1|Sableye, F|\n|poke|p1|Iron Leaves|\n|poke|p1|Torkoal, M|\n|poke|p1|Pincurchin, F|\n|poke|p1|Slither Wing|\n|poke|p1|Skeledirge, F|\n|poke|p2|Togekiss, F|\n|poke|p2|Swampert, M|\n|poke|p2|Breloom, M|\n|poke|p2|Haxorus, M|\n|poke|p2|Umbreon, M|\n|poke|p2|Talonflame, M|\n|teampreview\n|\n|t:|1700016895\n|start\n|switch|p1a: Sabugo de milho|Sableye, F|100\/100\n|switch|p2a: Talonflame|Talonflame, M|100\/100\n|turn|1\n|\n|t:|1700016905\n|detailschange|p1a: Sabugo de milho|Sableye-Mega, F\n|-mega|p1a: Sabugo de milho|Sableye|Sablenite\n|move|p2a: Talonflame|Bulk Up|p2a: Talonflame\n|-boost|p2a: Talonflame|atk|1\n|-boost|p2a: Talonflame|def|1\n|move|p1a: Sabugo de milho|Knock Off|p2a: Talonflame\n|-damage|p2a: Talonflame|75\/100\n|-enditem|p2a: Talonflame|Heavy-Duty Boots|[from] move: Knock Off|[of] p1a: Sabugo de milho\n|\n|upkeep\n|turn|2\n|\n|t:|1700016918\n|switch|p1a: Boseta marinha|Pincurchin, F|100\/100\n|-fieldstart|move: Electric Terrain|[from] ability: Electric Surge|[of] p1a: Boseta marinha\n|move|p2a: Talonflame|Bulk Up|p2a: Talonflame\n|-boost|p2a: Talonflame|atk|1\n|-boost|p2a: Talonflame|def|1\n|\n|upkeep\n|turn|3\n|\n|t:|1700016927\n|-terastallize|p2a: Talonflame|Fire\n|move|p2a: Talonflame|Flare Blitz|p1a: Boseta marinha\n|-damage|p1a: Boseta marinha|0 fnt\n|faint|p1a: Boseta marinha\n|-damage|p2a: Talonflame|47\/100|[from] Recoil\n|\n|upkeep\n|\n|t:|1700016933\n|switch|p1a: Pelo amor de deus|Torkoal, M|100\/100\n|-weather|SunnyDay|[from] ability: Drought|[of] p1a: Pelo amor de deus\n|turn|4\n|\n|t:|1700016938\n|move|p2a: Talonflame|Brave Bird|p1a: Pelo amor de deus\n|-damage|p1a: Pelo amor de deus|52\/100\n|-damage|p2a: Talonflame|32\/100|[from] Recoil\n|move|p1a: Pelo amor de deus|Clear Smog|p2a: Talonflame\n|-crit|p2a: Talonflame\n|-damage|p2a: Talonflame|11\/100\n|-clearboost|p2a: Talonflame\n|\n|-weather|SunnyDay|[upkeep]\n|-heal|p1a: Pelo amor de deus|58\/100|[from] item: Leftovers\n|upkeep\n|turn|5\n|\n|t:|1700016951\n|move|p2a: Talonflame|Roost|p2a: Talonflame\n|-heal|p2a: Talonflame|62\/100\n|move|p1a: Pelo amor de deus|Stealth Rock|p2a: Talonflame\n|-sidestart|p2: OceanClouds|move: Stealth Rock\n|\n|-weather|SunnyDay|[upkeep]\n|-heal|p1a: Pelo amor de deus|64\/100|[from] item: Leftovers\n|upkeep\n|turn|6\n|\n|t:|1700016959\n|move|p2a: Talonflame|Roost|p2a: Talonflame\n|-heal|p2a: Talonflame|100\/100\n|move|p1a: Pelo amor de deus|Rapid Spin|p2a: Talonflame\n|-crit|p2a: Talonflame\n|-damage|p2a: Talonflame|83\/100\n|-boost|p1a: Pelo amor de deus|spe|1\n|\n|-weather|SunnyDay|[upkeep]\n|-heal|p1a: Pelo amor de deus|71\/100|[from] item: Leftovers\n|-fieldend|move: Electric Terrain\n|upkeep\n|turn|7\n|\n|t:|1700016965\n|move|p2a: Talonflame|Flare Blitz|p1a: Pelo amor de deus\n|-resisted|p1a: Pelo amor de deus\n|-damage|p1a: Pelo amor de deus|46\/100\n|-damage|p2a: Talonflame|75\/100|[from] Recoil\n|move|p1a: Pelo amor de deus|Clear Smog|p2a: Talonflame\n|-damage|p2a: Talonflame|60\/100\n|-clearboost|p2a: Talonflame\n|\n|-weather|SunnyDay|[upkeep]\n|-heal|p1a: Pelo amor de deus|52\/100|[from] item: Leftovers\n|upkeep\n|turn|8\n|\n|t:|1700016977\n|move|p2a: Talonflame|Flare Blitz|p1a: Pelo amor de deus\n|-resisted|p1a: Pelo amor de deus\n|-damage|p1a: Pelo amor de deus|26\/100\n|-damage|p2a: Talonflame|52\/100|[from] Recoil\n|move|p1a: Pelo amor de deus|Clear Smog|p2a: Talonflame\n|-damage|p2a: Talonflame|37\/100\n|-clearboost|p2a: Talonflame\n|\n|-weather|none\n|-heal|p1a: Pelo amor de deus|32\/100|[from] item: Leftovers\n|upkeep\n|turn|9\n|\n|t:|1700016985\n|switch|p1a: Q dor ese fogo|Skeledirge, F|100\/100\n|move|p2a: Talonflame|Brave Bird|p1a: Q dor ese fogo\n|-damage|p1a: Q dor ese fogo|71\/100\n|-damage|p2a: Talonflame|26\/100|[from] Recoil\n|-enditem|p1a: Q dor ese fogo|Red Card|[of] p2a: Talonflame\n|drag|p2a: Swampert|Swampert, M|100\/100\n|-damage|p2a: Swampert|94\/100|[from] Stealth Rock\n|\n|upkeep\n|turn|10\n|\n|t:|1700016999\n|switch|p1a: Cavalo|Iron Leaves|100\/100\n|move|p2a: Swampert|Earthquake|p1a: Cavalo\n|-resisted|p1a: Cavalo\n|-damage|p1a: Cavalo|70\/100\n|\n|upkeep\n|turn|11\n|\n|t:|1700017011\n|switch|p2a: Umbreon|Umbreon, M|100\/100\n|-damage|p2a: Umbreon|88\/100|[from] Stealth Rock\n|move|p1a: Cavalo|Swords Dance|p1a: Cavalo\n|-boost|p1a: Cavalo|atk|2\n|\n|-heal|p2a: Umbreon|94\/100|[from] item: Leftovers\n|upkeep\n|turn|12\n|\n|t:|1700017019\n|-terastallize|p1a: Cavalo|Fighting\n|move|p1a: Cavalo|Tera Blast|p2a: Umbreon|[anim] Tera Blast Fighting\n|-supereffective|p2a: Umbreon\n|-damage|p2a: Umbreon|0 fnt\n|faint|p2a: Umbreon\n|-damage|p1a: Cavalo|60\/100|[from] item: Life Orb\n|\n|upkeep\n|\n|t:|1700017025\n|switch|p2a: Talonflame|Talonflame, M, tera:Fire|26\/100\n|-damage|p2a: Talonflame|1\/100|[from] Stealth Rock\n|turn|13\n|\n|t:|1700017050\n|-end|p1a: Cavalo|Quark Drive|[silent]\n|switch|p1a: Sabugo de milho|Sableye-Mega, F|100\/100\n|move|p2a: Talonflame|Flare Blitz|p1a: Sabugo de milho\n|-damage|p1a: Sabugo de milho|64\/100\n|-damage|p2a: Talonflame|0 fnt|[from] Recoil\n|faint|p2a: Talonflame\n|\n|upkeep\n|\n|t:|1700017058\n|switch|p2a: Haxorus|Haxorus, M|100\/100\n|-damage|p2a: Haxorus|88\/100|[from] Stealth Rock\n|-ability|p2a: Haxorus|Mold Breaker\n|turn|14\n|\n|t:|1700017064\n|move|p2a: Haxorus|Dragon Dance|p2a: Haxorus\n|-boost|p2a: Haxorus|atk|1\n|-boost|p2a: Haxorus|spe|1\n|move|p1a: Sabugo de milho|Will-O-Wisp|p2a: Haxorus\n|-status|p2a: Haxorus|brn\n|\n|-damage|p2a: Haxorus|82\/100 brn|[from] brn\n|upkeep\n|turn|15\n|\n|t:|1700017072\n|move|p2a: Haxorus|Dragon Dance|p2a: Haxorus\n|-boost|p2a: Haxorus|atk|1\n|-boost|p2a: Haxorus|spe|1\n|move|p1a: Sabugo de milho|Knock Off|p2a: Haxorus\n|-damage|p2a: Haxorus|55\/100 brn\n|\n|-damage|p2a: Haxorus|49\/100 brn|[from] brn\n|upkeep\n|turn|16\n|\n|t:|1700017086\n|switch|p1a: Pelo amor de deus|Torkoal, M|32\/100\n|-weather|SunnyDay|[from] ability: Drought|[of] p1a: Pelo amor de deus\n|move|p2a: Haxorus|Dragon Claw|p1a: Pelo amor de deus\n|-damage|p1a: Pelo amor de deus|0 fnt\n|faint|p1a: Pelo amor de deus\n|\n|-weather|SunnyDay|[upkeep]\n|-damage|p2a: Haxorus|43\/100 brn|[from] brn\n|upkeep\n|\n|t:|1700017097\n|switch|p1a: Supernova|Slither Wing|100\/100\n|-activate|p1a: Supernova|ability: Protosynthesis\n|-start|p1a: Supernova|protosynthesisatk\n|turn|17\n|\n|t:|1700017108\n|move|p1a: Supernova|First Impression|p2a: Haxorus\n|-damage|p2a: Haxorus|0 fnt\n|faint|p2a: Haxorus\n|\n|-weather|SunnyDay|[upkeep]\n|upkeep\n|\n|t:|1700017115\n|switch|p2a: Swampert|Swampert, M|94\/100\n|-damage|p2a: Swampert|88\/100|[from] Stealth Rock\n|turn|18\n|\n|t:|1700017120\n|-end|p1a: Supernova|Protosynthesis|[silent]\n|switch|p1a: Sabugo de milho|Sableye-Mega, F|64\/100\n|move|p2a: Swampert|Ice Punch|p1a: Sabugo de milho\n|-damage|p1a: Sabugo de milho|41\/100\n|\n|-weather|SunnyDay|[upkeep]\n|upkeep\n|turn|19\n|\n|t:|1700017131\n|detailschange|p2a: Swampert|Swampert-Mega, M\n|-mega|p2a: Swampert|Swampert|Swampertite\n|move|p2a: Swampert|Ice Punch|p1a: Sabugo de milho\n|-damage|p1a: Sabugo de milho|12\/100\n|move|p1a: Sabugo de milho|Recover|p1a: Sabugo de milho\n|-heal|p1a: Sabugo de milho|62\/100\n|\n|-weather|SunnyDay|[upkeep]\n|upkeep\n|turn|20\n|\n|t:|1700017140\n|move|p2a: Swampert|Bulk Up|p2a: Swampert\n|-boost|p2a: Swampert|atk|1\n|-boost|p2a: Swampert|def|1\n|move|p1a: Sabugo de milho|Will-O-Wisp|p2a: Swampert\n|-status|p2a: Swampert|brn\n|\n|-weather|none\n|-damage|p2a: Swampert|82\/100 brn|[from] brn\n|upkeep\n|turn|21\n|\n|t:|1700017152\n|switch|p1a: Cavalo|Iron Leaves, tera:Fighting|60\/100\n|move|p2a: Swampert|Ice Punch|p1a: Cavalo\n|-damage|p1a: Cavalo|32\/100\n|\n|-damage|p2a: Swampert|76\/100 brn|[from] brn\n|upkeep\n|turn|22\n|\n|t:|1700017163\n|move|p1a: Cavalo|Leaf Blade|p2a: Swampert\n|-supereffective|p2a: Swampert\n|-damage|p2a: Swampert|0 fnt\n|faint|p2a: Swampert\n|-damage|p1a: Cavalo|22\/100|[from] item: Life Orb\n|\n|upkeep\n|\n|t:|1700017169\n|switch|p2a: Breloom|Breloom, M|100\/100\n|-damage|p2a: Breloom|94\/100|[from] Stealth Rock\n|turn|23\n|\n|t:|1700017176\n|move|p1a: Cavalo|Psyblade|p2a: Breloom\n|-supereffective|p2a: Breloom\n|-damage|p2a: Breloom|0 fnt\n|faint|p2a: Breloom\n|-damage|p1a: Cavalo|12\/100|[from] item: Life Orb\n|\n|upkeep\n|\n|t:|1700017182\n|switch|p2a: Togekiss|Togekiss, F|100\/100\n|-damage|p2a: Togekiss|76\/100|[from] Stealth Rock\n|turn|24\n|c|\u2606Chompas|!weakness togekiss\n|c| Chompas|\/raw <div class=\"infobox\">Togekiss (ignoring abilities):<br \/><span class=\"message-effect-weak\">Weaknesses<\/span>: Electric, Ice, Poison, Rock, Steel<br \/><span class=\"message-effect-resist\">Resistances<\/span>: <b>Bug<\/b>, Dark, <b>Fighting<\/b>, Grass<br \/><span class=\"message-effect-immune\">Immunities<\/span>: Dragon, Ground<\/div>\n|\n|t:|1700017200\n|move|p1a: Cavalo|Psyblade|p2a: Togekiss\n|-damage|p2a: Togekiss|16\/100\n|-enditem|p2a: Togekiss|Salac Berry|[eat]\n|-boost|p2a: Togekiss|spe|1|[from] item: Salac Berry\n|-damage|p1a: Cavalo|2\/100|[from] item: Life Orb\n|move|p2a: Togekiss|Nasty Plot|p2a: Togekiss\n|-boost|p2a: Togekiss|spa|2\n|\n|upkeep\n|turn|25\n|\n|t:|1700017215\n|move|p2a: Togekiss|Dazzling Gleam|p1a: Cavalo\n|-supereffective|p1a: Cavalo\n|-damage|p1a: Cavalo|0 fnt\n|faint|p1a: Cavalo\n|-end|p1a: Cavalo|Quark Drive|[silent]\n|\n|upkeep\n|\n|t:|1700017233\n|switch|p1a: Q dor ese fogo|Skeledirge, F|71\/100\n|turn|26\n|\n|t:|1700017241\n|move|p2a: Togekiss|Dazzling Gleam|p1a: Q dor ese fogo\n|-resisted|p1a: Q dor ese fogo\n|-damage|p1a: Q dor ese fogo|56\/100\n|move|p1a: Q dor ese fogo|Torch Song|p2a: Togekiss\n|-damage|p2a: Togekiss|0 fnt\n|-boost|p1a: Q dor ese fogo|spa|1\n|faint|p2a: Togekiss\n|\n|win|Chompas\n|raw|Chompas's rating: 1114 &rarr; <strong>1136<\/strong><br \/>(+22 for winning)\n|raw|OceanClouds's rating: 1078 &rarr; <strong>1059<\/strong><br \/>(-19 for losing)\n|c|\u2606OceanClouds|gg\n|c|\u2606Chompas|Gg\n","uploadtime":1700017261,"views":7,"p1id":"chompas","p2id":"oceanclouds","formatid":"gen9nationaldex","rating":1059,"private":0,"password":""}