{"id":"gen9nationaldex-1987350842","p1":"Ekkogandr","p2":"akyraaiko","format":"[Gen 9] National Dex","log":"|j|\u2606Ekkogandr\n|j|\u2606akyraaiko\n|t:|1699580605\n|gametype|singles\n|player|p1|Ekkogandr|turo-ai|\n|player|p2|akyraaiko|beauty-gen4dp|\n|teamsize|p1|6\n|teamsize|p2|6\n|gen|9\n|tier|[Gen 9] National Dex\n|rule|HP Percentage Mod: HP is shown in percentages\n|rule|Endless Battle Clause: Forcing endless battles is banned\n|rule|OHKO Clause: OHKO moves are banned\n|rule|Evasion Clause: Evasion abilities, items, and moves are banned\n|rule|Evasion Abilities Clause: Evasion abilities are banned\n|rule|Evasion Items Clause: Evasion items are banned\n|rule|Evasion Moves Clause: Evasion moves are banned\n|rule|Species Clause: Limit one of each Pok\u00e9mon\n|rule|Sleep Clause Mod: Limit one foe put to sleep\n|clearpoke\n|poke|p1|Kyurem|\n|poke|p1|Lopunny, F|\n|poke|p1|Tapu Lele|\n|poke|p1|Moltres|\n|poke|p1|Ting-Lu|\n|poke|p1|Landorus-Therian, M|\n|poke|p2|Cloyster, F|\n|poke|p2|Kartana|\n|poke|p2|Lycanroc-Dusk, M|\n|poke|p2|Tinkaton, F|\n|poke|p2|Altaria, F|\n|poke|p2|Hatterene, F|\n|teampreview\n|\n|t:|1699580621\n|start\n|switch|p1a: Alces|Ting-Lu|100\/100\n|switch|p2a: Xereca|Cloyster, F, shiny|100\/100\n|-ability|p1a: Alces|Vessel of Ruin\n|turn|1\n|\n|t:|1699580630\n|move|p2a: Xereca|Icicle Spear|p1a: Alces\n|-supereffective|p1a: Alces\n|-damage|p1a: Alces|86\/100\n|-supereffective|p1a: Alces\n|-damage|p1a: Alces|72\/100\n|-supereffective|p1a: Alces\n|-damage|p1a: Alces|58\/100\n|-supereffective|p1a: Alces\n|-damage|p1a: Alces|45\/100\n|-hitcount|p1a: Alces|4\n|move|p1a: Alces|Stealth Rock|p2a: Xereca\n|-sidestart|p2: akyraaiko|move: Stealth Rock\n|\n|-heal|p1a: Alces|51\/100|[from] item: Leftovers\n|upkeep\n|turn|2\n|\n|t:|1699580652\n|switch|p1a: Luna Cantor|Tapu Lele, shiny|100\/100\n|-fieldstart|move: Psychic Terrain|[from] ability: Psychic Surge|[of] p1a: Luna Cantor\n|move|p2a: Xereca|Icicle Spear|p1a: Luna Cantor\n|-damage|p1a: Luna Cantor|83\/100\n|-damage|p1a: Luna Cantor|65\/100\n|-damage|p1a: Luna Cantor|45\/100\n|-damage|p1a: Luna Cantor|28\/100\n|-hitcount|p1a: Luna Cantor|4\n|\n|upkeep\n|turn|3\n|\n|t:|1699580668\n|move|p1a: Luna Cantor|Moonblast|p2a: Xereca\n|-damage|p2a: Xereca|0 fnt\n|faint|p2a: Xereca\n|\n|upkeep\n|\n|t:|1699580678\n|switch|p2a: Tinkaton|Tinkaton, F|100\/100\n|-damage|p2a: Tinkaton|94\/100|[from] Stealth Rock\n|turn|4\n|\n|t:|1699580688\n|switch|p1a: Vultur Volans|Moltres|100\/100\n|move|p2a: Tinkaton|Foul Play|p1a: Vultur Volans\n|-damage|p1a: Vultur Volans|76\/100\n|\n|upkeep\n|turn|5\n|\n|t:|1699580695\n|switch|p2a: El lobo|Lycanroc-Dusk, M, shiny|100\/100\n|-damage|p2a: El lobo|88\/100|[from] Stealth Rock\n|move|p1a: Vultur Volans|Flamethrower|p2a: El lobo\n|-resisted|p2a: El lobo\n|-damage|p2a: El lobo|58\/100\n|-status|p2a: El lobo|brn\n|\n|-damage|p2a: El lobo|51\/100 brn|[from] brn\n|upkeep\n|turn|6\n|\n|t:|1699580705\n|switch|p1a: Alces|Ting-Lu|51\/100\n|-ability|p1a: Alces|Vessel of Ruin\n|move|p2a: El lobo|Accelerock|p1a: Alces\n|-activate|p1a: Alces|move: Psychic Terrain\n|\n|-heal|p1a: Alces|58\/100|[from] item: Leftovers\n|-damage|p2a: El lobo|45\/100 brn|[from] brn\n|-fieldend|move: Psychic Terrain\n|upkeep\n|turn|7\n|\n|t:|1699580712\n|move|p2a: El lobo|Brick Break|p1a: Alces\n|-supereffective|p1a: Alces\n|-damage|p1a: Alces|34\/100\n|-damage|p2a: El lobo|35\/100 brn|[from] item: Life Orb\n|move|p1a: Alces|Earthquake|p2a: El lobo\n|-supereffective|p2a: El lobo\n|-damage|p2a: El lobo|0 fnt\n|faint|p2a: El lobo\n|\n|-heal|p1a: Alces|41\/100|[from] item: Leftovers\n|upkeep\n|\n|t:|1699580725\n|switch|p2a: Altaria|Altaria, F|100\/100\n|-damage|p2a: Altaria|76\/100|[from] Stealth Rock\n|-ability|p2a: Altaria|Cloud Nine\n|turn|8\n|\n|t:|1699580730\n|detailschange|p2a: Altaria|Altaria-Mega, F\n|-mega|p2a: Altaria|Altaria|Altarianite\n|move|p2a: Altaria|Dazzling Gleam|p1a: Alces\n|-supereffective|p1a: Alces\n|-damage|p1a: Alces|11\/100\n|move|p1a: Alces|Whirlwind|p2a: Altaria\n|drag|p2a: Tinkaton|Tinkaton, F|94\/100\n|-damage|p2a: Tinkaton|88\/100|[from] Stealth Rock\n|\n|-heal|p1a: Alces|17\/100|[from] item: Leftovers\n|upkeep\n|turn|9\n|\n|t:|1699580744\n|switch|p1a: Vultur Volans|Moltres|76\/100\n|move|p2a: Tinkaton|Ice Hammer|p1a: Vultur Volans\n|-damage|p1a: Vultur Volans|44\/100\n|-unboost|p2a: Tinkaton|spe|1\n|\n|upkeep\n|turn|10\n|c|\u2606Ekkogandr|faz sentido\n|c|\u2606Ekkogandr|eu n sabia que tinkaton aprendia ice hammer\n|\n|t:|1699580764\n|switch|p2a: Altaria|Altaria-Mega, F|76\/100\n|-damage|p2a: Altaria|63\/100|[from] Stealth Rock\n|move|p1a: Vultur Volans|Roost|p1a: Vultur Volans\n|-heal|p1a: Vultur Volans|94\/100\n|-singleturn|p1a: Vultur Volans|move: Roost\n|\n|upkeep\n|turn|11\n|\n|t:|1699580771\n|move|p1a: Vultur Volans|U-turn|p2a: Altaria\n|-resisted|p2a: Altaria\n|-crit|p2a: Altaria\n|-damage|p2a: Altaria|51\/100\n|\n|t:|1699580787\n|switch|p1a: Alces|Ting-Lu|17\/100|[from] U-turn\n|-ability|p1a: Alces|Vessel of Ruin\n|move|p2a: Altaria|Draco Meteor|p1a: Alces\n|-damage|p1a: Alces|0 fnt\n|-unboost|p2a: Altaria|spa|2\n|faint|p1a: Alces\n|\n|upkeep\n|\n|t:|1699580790\n|switch|p1a: Luna Cantor|Tapu Lele, shiny|28\/100\n|-fieldstart|move: Psychic Terrain|[from] ability: Psychic Surge|[of] p1a: Luna Cantor\n|turn|12\n|c|\u2606akyraaiko|pois \u00e9\n|\n|t:|1699580804\n|move|p1a: Luna Cantor|Moonblast|p2a: Altaria\n|-supereffective|p2a: Altaria\n|-damage|p2a: Altaria|0 fnt\n|faint|p2a: Altaria\n|\n|upkeep\n|\n|t:|1699580809\n|switch|p2a: Hatterene|Hatterene, F|100\/100\n|-damage|p2a: Hatterene|88\/100|[from] Stealth Rock\n|turn|13\n|\n|t:|1699580816\n|move|p1a: Luna Cantor|Moonblast|p2a: Hatterene\n|-damage|p2a: Hatterene|39\/100\n|move|p2a: Hatterene|Dark Pulse|p1a: Luna Cantor\n|-damage|p1a: Luna Cantor|0 fnt\n|faint|p1a: Luna Cantor\n|\n|upkeep\n|\n|t:|1699580835\n|switch|p1a: Rixator|Lopunny, F|100\/100\n|turn|14\n|c|\u2606akyraaiko|olha a lopunny\n|c|\u2606Ekkogandr|ela \u00e9 boa com o kyurem\n|\n|t:|1699580849\n|detailschange|p1a: Rixator|Lopunny-Mega, F\n|-mega|p1a: Rixator|Lopunny|Lopunnite\n|move|p1a: Rixator|Frustration|p2a: Hatterene\n|-damage|p2a: Hatterene|0 fnt\n|-damage|p1a: Rixator|84\/100|[from] item: Rocky Helmet|[of] p2a: Hatterene\n|faint|p2a: Hatterene\n|\n|upkeep\n|\n|t:|1699580861\n|switch|p2a: Katana|Kartana, shiny|100\/100\n|-damage|p2a: Katana|94\/100|[from] Stealth Rock\n|turn|15\n|\n|t:|1699580867\n|move|p1a: Rixator|Close Combat|p2a: Katana\n|-supereffective|p2a: Katana\n|-damage|p2a: Katana|0 fnt\n|-unboost|p1a: Rixator|def|1\n|-unboost|p1a: Rixator|spd|1\n|-damage|p1a: Rixator|67\/100|[from] item: Rocky Helmet|[of] p2a: Katana\n|faint|p2a: Katana\n|\n|upkeep\n|\n|t:|1699580870\n|switch|p2a: Tinkaton|Tinkaton, F|88\/100\n|-damage|p2a: Tinkaton|82\/100|[from] Stealth Rock\n|turn|16\n|\n|t:|1699580874\n|move|p1a: Rixator|U-turn|p2a: Tinkaton\n|-resisted|p2a: Tinkaton\n|-damage|p2a: Tinkaton|73\/100\n|\n|t:|1699580877\n|switch|p1a: Vultur Volans|Moltres|94\/100|[from] U-turn\n|move|p2a: Tinkaton|Brick Break|p1a: Vultur Volans\n|-resisted|p1a: Vultur Volans\n|-damage|p1a: Vultur Volans|82\/100\n|\n|-fieldend|move: Psychic Terrain\n|upkeep\n|turn|17\n|\n|t:|1699580883\n|-terastallize|p2a: Tinkaton|Fairy\n|move|p2a: Tinkaton|Brick Break|p1a: Vultur Volans\n|-resisted|p1a: Vultur Volans\n|-damage|p1a: Vultur Volans|68\/100\n|move|p1a: Vultur Volans|Flamethrower|p2a: Tinkaton\n|-damage|p2a: Tinkaton|33\/100\n|\n|upkeep\n|turn|18\n|c|\u2606akyraaiko|chjorei\n|\n|t:|1699580892\n|move|p2a: Tinkaton|Brick Break|p1a: Vultur Volans\n|-resisted|p1a: Vultur Volans\n|-damage|p1a: Vultur Volans|56\/100\n|-status|p2a: Tinkaton|brn|[from] ability: Flame Body|[of] p1a: Vultur Volans\n|move|p1a: Vultur Volans|Flamethrower|p2a: Tinkaton\n|-damage|p2a: Tinkaton|0 fnt\n|faint|p2a: Tinkaton\n|\n|win|Ekkogandr\n|c|\u2606Ekkogandr|gg\n","uploadtime":1699580924,"views":10,"p1id":"ekkogandr","p2id":"akyraaiko","formatid":"gen9nationaldex","rating":0,"private":0,"password":""}