{"id":"gen9nationaldex-1992410282","p1":"lunchbox5536","p2":"HeirEhm","format":"[Gen 9] National Dex","log":"|j|\u2606lunchbox5536\n|j|\u2606HeirEhm\n|t:|1700184324\n|gametype|singles\n|player|p1|lunchbox5536|ghetsis|\n|player|p2|HeirEhm|cynthia-gen7|\n|teamsize|p1|6\n|teamsize|p2|6\n|gen|9\n|tier|[Gen 9] National Dex\n|rule|HP Percentage Mod: HP is shown in percentages\n|rule|Endless Battle Clause: Forcing endless battles is banned\n|rule|OHKO Clause: OHKO moves are banned\n|rule|Evasion Clause: Evasion abilities, items, and moves are banned\n|rule|Evasion Abilities Clause: Evasion abilities are banned\n|rule|Evasion Items Clause: Evasion items are banned\n|rule|Evasion Moves Clause: Evasion moves are banned\n|rule|Species Clause: Limit one of each Pok\u00e9mon\n|rule|Sleep Clause Mod: Limit one foe put to sleep\n|clearpoke\n|poke|p1|Torkoal, F|\n|poke|p1|Zoroark-Hisui, F|\n|poke|p1|Grimmsnarl, M|\n|poke|p1|Articuno|\n|poke|p1|Klawf, M|\n|poke|p1|Shelgon, M|\n|poke|p2|Garganacl, M|\n|poke|p2|Ceruledge, M|\n|poke|p2|Klefki, M|\n|poke|p2|Electrode-Hisui|\n|poke|p2|Chansey, F|\n|poke|p2|Murkrow, M|\n|teampreview\n|\n|t:|1700184340\n|start\n|switch|p1a: AAAAAAAAAAAA|Klawf, M|100\/100\n|switch|p2a: RegiSalt|Garganacl, M, shiny|100\/100\n|turn|1\n|\n|t:|1700184349\n|move|p1a: AAAAAAAAAAAA|Stealth Rock|p2a: RegiSalt\n|-sidestart|p2: HeirEhm|move: Stealth Rock\n|move|p2a: RegiSalt|Earthquake|p1a: AAAAAAAAAAAA\n|-supereffective|p1a: AAAAAAAAAAAA\n|-damage|p1a: AAAAAAAAAAAA|40\/100\n|\n|-heal|p1a: AAAAAAAAAAAA|47\/100|[from] item: Leftovers\n|upkeep\n|turn|2\n|\n|t:|1700184368\n|switch|p1a: Vanilla Ice|Articuno|100\/100\n|-ability|p1a: Vanilla Ice|Pressure\n|move|p2a: RegiSalt|Curse|p2a: RegiSalt\n|-unboost|p2a: RegiSalt|spe|1\n|-boost|p2a: RegiSalt|atk|1\n|-boost|p2a: RegiSalt|def|1\n|\n|upkeep\n|turn|3\n|\n|t:|1700184379\n|move|p2a: RegiSalt|Brick Break|p1a: Vanilla Ice\n|-damage|p1a: Vanilla Ice|65\/100\n|move|p1a: Vanilla Ice|Whirlwind|p2a: RegiSalt\n|drag|p2a: SWORDSFORHANDS|Ceruledge, M|100\/100\n|\n|upkeep\n|turn|4\n|\n|t:|1700184395\n|switch|p1a: AAAAAAAAAAAA|Klawf, M|80\/100\n|move|p2a: SWORDSFORHANDS|Bitter Blade|p1a: AAAAAAAAAAAA\n|-resisted|p1a: AAAAAAAAAAAA\n|-damage|p1a: AAAAAAAAAAAA|60\/100\n|\n|-heal|p1a: AAAAAAAAAAAA|66\/100|[from] item: Leftovers\n|upkeep\n|turn|5\n|\n|t:|1700184409\n|switch|p2a: RegiSalt|Garganacl, M, shiny|100\/100\n|-damage|p2a: RegiSalt|88\/100|[from] Stealth Rock\n|move|p1a: AAAAAAAAAAAA|Knock Off|p2a: RegiSalt\n|-damage|p2a: RegiSalt|66\/100\n|-enditem|p2a: RegiSalt|Leftovers|[from] move: Knock Off|[of] p1a: AAAAAAAAAAAA\n|\n|-heal|p1a: AAAAAAAAAAAA|72\/100|[from] item: Leftovers\n|upkeep\n|turn|6\n|\n|t:|1700184430\n|move|p1a: AAAAAAAAAAAA|High Horsepower|p2a: RegiSalt\n|-supereffective|p2a: RegiSalt\n|-damage|p2a: RegiSalt|23\/100\n|move|p2a: RegiSalt|Earthquake|p1a: AAAAAAAAAAAA\n|-supereffective|p1a: AAAAAAAAAAAA\n|-crit|p1a: AAAAAAAAAAAA\n|-damage|p1a: AAAAAAAAAAAA|0 fnt\n|faint|p1a: AAAAAAAAAAAA\n|\n|upkeep\n|\n|t:|1700184451\n|switch|p1a: Hello and Goodbye|Shelgon, M|100\/100\n|turn|7\n|\n|t:|1700184459\n|move|p1a: Hello and Goodbye|Dragon Claw|p2a: RegiSalt\n|-damage|p2a: RegiSalt|4\/100\n|move|p2a: RegiSalt|Ice Punch|p1a: Hello and Goodbye\n|-supereffective|p1a: Hello and Goodbye\n|-damage|p1a: Hello and Goodbye|77\/100\n|-status|p1a: Hello and Goodbye|frz\n|\n|upkeep\n|turn|8\n|\n|t:|1700184473\n|cant|p1a: Hello and Goodbye|frz\n|move|p2a: RegiSalt|Ice Punch|p1a: Hello and Goodbye\n|-supereffective|p1a: Hello and Goodbye\n|-damage|p1a: Hello and Goodbye|54\/100 frz\n|\n|upkeep\n|turn|9\n|\n|t:|1700184479\n|cant|p1a: Hello and Goodbye|frz\n|move|p2a: RegiSalt|Ice Punch|p1a: Hello and Goodbye\n|-supereffective|p1a: Hello and Goodbye\n|-damage|p1a: Hello and Goodbye|32\/100 frz\n|\n|upkeep\n|turn|10\n|\n|t:|1700184485\n|-curestatus|p1a: Hello and Goodbye|frz|[msg]\n|move|p1a: Hello and Goodbye|Wish|p1a: Hello and Goodbye\n|move|p2a: RegiSalt|Ice Punch|p1a: Hello and Goodbye\n|-supereffective|p1a: Hello and Goodbye\n|-damage|p1a: Hello and Goodbye|7\/100\n|\n|upkeep\n|turn|11\n|\n|t:|1700184496\n|move|p1a: Hello and Goodbye|Protect|p1a: Hello and Goodbye\n|-singleturn|p1a: Hello and Goodbye|Protect\n|move|p2a: RegiSalt|Ice Punch|p1a: Hello and Goodbye\n|-activate|p1a: Hello and Goodbye|move: Protect\n|\n|-heal|p1a: Hello and Goodbye|57\/100|[from] move: Wish|[wisher] Hello and Goodbye\n|upkeep\n|turn|12\n|\n|t:|1700184504\n|move|p1a: Hello and Goodbye|Dragon Claw|p2a: RegiSalt\n|-damage|p2a: RegiSalt|0 fnt\n|faint|p2a: RegiSalt\n|\n|upkeep\n|\n|t:|1700184507\n|switch|p2a: Jingle Jingle|Klefki, M|100\/100\n|-damage|p2a: Jingle Jingle|95\/100|[from] Stealth Rock\n|turn|13\n|\n|t:|1700184524\n|switch|p1a: Praise The Sun|Torkoal, F|100\/100\n|-weather|SunnyDay|[from] ability: Drought|[of] p1a: Praise The Sun\n|move|p2a: Jingle Jingle|Draining Kiss|p1a: Praise The Sun\n|-resisted|p1a: Praise The Sun\n|-damage|p1a: Praise The Sun|95\/100\n|-heal|p2a: Jingle Jingle|99\/100|[from] drain|[of] p1a: Praise The Sun\n|\n|-weather|SunnyDay|[upkeep]\n|upkeep\n|turn|14\n|\n|t:|1700184548\n|move|p2a: Jingle Jingle|Switcheroo|p1a: Praise The Sun\n|-activate|p2a: Jingle Jingle|move: Trick|[of] p1a: Praise The Sun\n|-item|p1a: Praise The Sun|Toxic Orb|[from] move: Switcheroo\n|-item|p2a: Jingle Jingle|Assault Vest|[from] move: Switcheroo\n|move|p1a: Praise The Sun|Overheat|p2a: Jingle Jingle\n|-supereffective|p2a: Jingle Jingle\n|-crit|p2a: Jingle Jingle\n|-damage|p2a: Jingle Jingle|0 fnt\n|-unboost|p1a: Praise The Sun|spa|2\n|faint|p2a: Jingle Jingle\n|\n|-weather|SunnyDay|[upkeep]\n|-status|p1a: Praise The Sun|tox|[from] item: Toxic Orb\n|upkeep\n|\n|t:|1700184596\n|switch|p2a: Rowkrum|Murkrow, M|100\/100\n|-damage|p2a: Rowkrum|76\/100|[from] Stealth Rock\n|turn|15\n|\n|t:|1700184608\n|switch|p1a: Vanilla Ice|Articuno|65\/100\n|-ability|p1a: Vanilla Ice|Pressure\n|move|p2a: Rowkrum|Defog|p1a: Vanilla Ice\n|-unboost|p1a: Vanilla Ice|evasion|1\n|-sideend|p2: HeirEhm|Stealth Rock|[from] move: Defog|[of] p2a: Rowkrum\n|\n|-weather|SunnyDay|[upkeep]\n|upkeep\n|turn|16\n|\n|t:|1700184629\n|move|p1a: Vanilla Ice|Ice Beam|p2a: Rowkrum\n|-supereffective|p2a: Rowkrum\n|-damage|p2a: Rowkrum|0 fnt\n|faint|p2a: Rowkrum\n|\n|-weather|SunnyDay|[upkeep]\n|upkeep\n|\n|t:|1700184632\n|switch|p2a: SWORDSFORHANDS|Ceruledge, M|100\/100\n|turn|17\n|\n|t:|1700184639\n|move|p2a: SWORDSFORHANDS|Bulk Up|p2a: SWORDSFORHANDS\n|-boost|p2a: SWORDSFORHANDS|atk|1\n|-boost|p2a: SWORDSFORHANDS|def|1\n|move|p1a: Vanilla Ice|Air Slash|p2a: SWORDSFORHANDS\n|-damage|p2a: SWORDSFORHANDS|63\/100\n|\n|-weather|none\n|upkeep\n|turn|18\n|\n|t:|1700184648\n|move|p2a: SWORDSFORHANDS|Bitter Blade|p1a: Vanilla Ice\n|-supereffective|p1a: Vanilla Ice\n|-damage|p1a: Vanilla Ice|0 fnt\n|-heal|p2a: SWORDSFORHANDS|98\/100|[from] drain|[of] p1a: Vanilla Ice\n|faint|p1a: Vanilla Ice\n|\n|upkeep\n|\n|t:|1700184659\n|switch|p1a: Hello and Goodbye|Shelgon, M|57\/100\n|turn|19\n|\n|t:|1700184678\n|-terastallize|p2a: SWORDSFORHANDS|Dark\n|move|p2a: SWORDSFORHANDS|Night Slash|p1a: Hello and Goodbye\n|-damage|p1a: Hello and Goodbye|32\/100\n|move|p1a: Hello and Goodbye|Wish|p1a: Hello and Goodbye\n|\n|upkeep\n|turn|20\n|\n|t:|1700184688\n|move|p1a: Hello and Goodbye|Protect|p1a: Hello and Goodbye\n|-singleturn|p1a: Hello and Goodbye|Protect\n|move|p2a: SWORDSFORHANDS|Night Slash|p1a: Hello and Goodbye\n|-activate|p1a: Hello and Goodbye|move: Protect\n|\n|-heal|p1a: Hello and Goodbye|82\/100|[from] move: Wish|[wisher] Hello and Goodbye\n|upkeep\n|turn|21\n|\n|t:|1700184702\n|move|p2a: SWORDSFORHANDS|Night Slash|p1a: Hello and Goodbye\n|-damage|p1a: Hello and Goodbye|53\/100\n|move|p1a: Hello and Goodbye|Dragon Claw|p2a: SWORDSFORHANDS\n|-damage|p2a: SWORDSFORHANDS|75\/100\n|-ability|p2a: SWORDSFORHANDS|Weak Armor|boost\n|-unboost|p2a: SWORDSFORHANDS|def|1\n|-boost|p2a: SWORDSFORHANDS|spe|2\n|\n|upkeep\n|turn|22\n|\n|t:|1700184715\n|move|p2a: SWORDSFORHANDS|Night Slash|p1a: Hello and Goodbye\n|-damage|p1a: Hello and Goodbye|29\/100\n|move|p1a: Hello and Goodbye|Wish|p1a: Hello and Goodbye\n|\n|upkeep\n|turn|23\n|\n|t:|1700184721\n|move|p1a: Hello and Goodbye|Protect|p1a: Hello and Goodbye\n|-singleturn|p1a: Hello and Goodbye|Protect\n|move|p2a: SWORDSFORHANDS|Bulk Up|p2a: SWORDSFORHANDS\n|-boost|p2a: SWORDSFORHANDS|atk|1\n|-boost|p2a: SWORDSFORHANDS|def|1\n|\n|-heal|p1a: Hello and Goodbye|79\/100|[from] move: Wish|[wisher] Hello and Goodbye\n|upkeep\n|turn|24\n|\n|t:|1700184730\n|move|p2a: SWORDSFORHANDS|Night Slash|p1a: Hello and Goodbye\n|-damage|p1a: Hello and Goodbye|41\/100\n|move|p1a: Hello and Goodbye|Toxic|p2a: SWORDSFORHANDS\n|-status|p2a: SWORDSFORHANDS|tox\n|\n|-damage|p2a: SWORDSFORHANDS|69\/100 tox|[from] psn\n|upkeep\n|turn|25\n|\n|t:|1700184743\n|move|p2a: SWORDSFORHANDS|Night Slash|p1a: Hello and Goodbye\n|-damage|p1a: Hello and Goodbye|6\/100\n|move|p1a: Hello and Goodbye|Wish|p1a: Hello and Goodbye\n|\n|-damage|p2a: SWORDSFORHANDS|56\/100 tox|[from] psn\n|upkeep\n|turn|26\n|\n|t:|1700184765\n|move|p2a: SWORDSFORHANDS|Bitter Blade|p1a: Hello and Goodbye\n|-resisted|p1a: Hello and Goodbye\n|-damage|p1a: Hello and Goodbye|0 fnt\n|-heal|p2a: SWORDSFORHANDS|60\/100 tox|[from] drain|[of] p1a: Hello and Goodbye\n|faint|p1a: Hello and Goodbye\n|\n|-damage|p2a: SWORDSFORHANDS|41\/100 tox|[from] psn\n|upkeep\n|\n|t:|1700184779\n|switch|p1a: Praise The Sun|Torkoal, F|95\/100 tox\n|-weather|SunnyDay|[from] ability: Drought|[of] p1a: Praise The Sun\n|turn|27\n|\n|t:|1700184791\n|move|p2a: SWORDSFORHANDS|Bitter Blade|p1a: Praise The Sun\n|-resisted|p1a: Praise The Sun\n|-crit|p1a: Praise The Sun\n|-damage|p1a: Praise The Sun|24\/100 tox\n|-heal|p2a: SWORDSFORHANDS|83\/100 tox|[from] drain|[of] p1a: Praise The Sun\n|move|p1a: Praise The Sun|Clear Smog|p2a: SWORDSFORHANDS\n|-damage|p2a: SWORDSFORHANDS|66\/100 tox\n|-clearboost|p2a: SWORDSFORHANDS\n|\n|-weather|SunnyDay|[upkeep]\n|-damage|p2a: SWORDSFORHANDS|41\/100 tox|[from] psn\n|-damage|p1a: Praise The Sun|18\/100 tox|[from] psn\n|upkeep\n|turn|28\n|\n|t:|1700184813\n|move|p2a: SWORDSFORHANDS|Night Slash|p1a: Praise The Sun\n|-damage|p1a: Praise The Sun|0 fnt\n|faint|p1a: Praise The Sun\n|\n|-weather|SunnyDay|[upkeep]\n|-damage|p2a: SWORDSFORHANDS|10\/100 tox|[from] psn\n|upkeep\n|\n|t:|1700184827\n|switch|p1a: Krampus|Grimmsnarl, M|100\/100\n|turn|29\n|\n|t:|1700184844\n|move|p1a: Krampus|Shadow Ball|p2a: SWORDSFORHANDS\n|-resisted|p2a: SWORDSFORHANDS\n|-damage|p2a: SWORDSFORHANDS|0 fnt\n|faint|p2a: SWORDSFORHANDS\n|\n|-weather|SunnyDay|[upkeep]\n|upkeep\n|\n|t:|1700184848\n|switch|p2a: Beyblade beyblade|Electrode-Hisui|100\/100\n|turn|30\n|\n|t:|1700184872\n|move|p2a: Beyblade beyblade|Volt Switch|p1a: Krampus\n|-damage|p1a: Krampus|16\/100\n|replace|p1a: Oh Hi There|Zoroark-Hisui, F, shiny\n|-end|p1a: Oh Hi There|Illusion\n|\n|t:|1700184877\n|switch|p2a: Wambulance|Chansey, F|100\/100|[from] Volt Switch\n|move|p1a: Oh Hi There|Flamethrower|p2a: Wambulance\n|-damage|p2a: Wambulance|76\/100\n|\n|-weather|SunnyDay|[upkeep]\n|upkeep\n|turn|31\n|\n|t:|1700184912\n|move|p1a: Oh Hi There|Flamethrower|p2a: Wambulance\n|-damage|p2a: Wambulance|53\/100\n|move|p2a: Wambulance|Thunderbolt|p1a: Oh Hi There\n|-crit|p1a: Oh Hi There\n|-damage|p1a: Oh Hi There|0 fnt\n|faint|p1a: Oh Hi There\n|\n|-weather|none\n|upkeep\n|\n|t:|1700184919\n|switch|p1a: Krampus|Grimmsnarl, M|100\/100\n|turn|32\n|\n|t:|1700184925\n|move|p1a: Krampus|Superpower|p2a: Wambulance\n|-supereffective|p2a: Wambulance\n|-damage|p2a: Wambulance|0 fnt\n|-unboost|p1a: Krampus|atk|1\n|-unboost|p1a: Krampus|def|1\n|faint|p2a: Wambulance\n|\n|upkeep\n|\n|t:|1700184929\n|switch|p2a: Beyblade beyblade|Electrode-Hisui|100\/100\n|turn|33\n|\n|t:|1700184936\n|move|p1a: Krampus|Power Swap|p2a: Beyblade beyblade\n|-swapboost|p1a: Krampus|p2a: Beyblade beyblade|atk, spa|[from] move: Power Swap\n|move|p2a: Beyblade beyblade|Thunderbolt|p1a: Krampus\n|-damage|p1a: Krampus|46\/100\n|\n|upkeep\n|turn|34\n|\n|t:|1700184958\n|move|p2a: Beyblade beyblade|Thunderbolt|p1a: Krampus\n|-damage|p1a: Krampus|0 fnt\n|faint|p1a: Krampus\n|\n|win|HeirEhm\n|l|\u2606HeirEhm\n","uploadtime":1700184982,"views":4,"p1id":"lunchbox5536","p2id":"heirehm","formatid":"gen9nationaldex","rating":0,"private":0,"password":""}