{"id":"gen9nationaldex-1988482606","p1":"Void280","p2":"el p4n4","format":"[Gen 9] National Dex","log":"|j|\u2606Void280\n|j|\u2606el p4n4\n|t:|1699727714\n|gametype|singles\n|player|p1|Void280|hilbert|\n|player|p2|el p4n4|lucas|\n|teamsize|p1|6\n|teamsize|p2|6\n|gen|9\n|tier|[Gen 9] National Dex\n|rule|HP Percentage Mod: HP is shown in percentages\n|rule|Endless Battle Clause: Forcing endless battles is banned\n|rule|OHKO Clause: OHKO moves are banned\n|rule|Evasion Clause: Evasion abilities, items, and moves are banned\n|rule|Evasion Abilities Clause: Evasion abilities are banned\n|rule|Evasion Items Clause: Evasion items are banned\n|rule|Evasion Moves Clause: Evasion moves are banned\n|rule|Species Clause: Limit one of each Pok\u00e9mon\n|rule|Sleep Clause Mod: Limit one foe put to sleep\n|clearpoke\n|poke|p1|Zapdos|\n|poke|p1|Cloyster, F|\n|poke|p1|Venusaur, F|\n|poke|p1|Flareon, M|\n|poke|p1|Mew|\n|poke|p1|Ditto|\n|poke|p2|Meowscarada, F|\n|poke|p2|Ceruledge, M|\n|poke|p2|Tauros-Paldea-Aqua, M|\n|poke|p2|Iron Valiant|\n|poke|p2|Maushold-Four|\n|poke|p2|Arboliva, F|\n|teampreview\n|j| Sylveon(404)\n|j| WSoldat\n|j| AjoFC\n|\n|t:|1699727756\n|start\n|switch|p1a: Cloyster|Cloyster, F|100\/100\n|switch|p2a: Arboliva|Arboliva, F|100\/100\n|turn|1\n|j| PeppsiAsiEs\n|\n|t:|1699727768\n|move|p1a: Cloyster|Shell Smash|p1a: Cloyster\n|-unboost|p1a: Cloyster|def|1\n|-unboost|p1a: Cloyster|spd|1\n|-boost|p1a: Cloyster|atk|2\n|-boost|p1a: Cloyster|spa|2\n|-boost|p1a: Cloyster|spe|2\n|move|p2a: Arboliva|Earth Power|p1a: Cloyster\n|-enditem|p1a: Cloyster|Focus Sash\n|-damage|p1a: Cloyster|1\/100\n|\n|upkeep\n|turn|2\n|\n|t:|1699727782\n|move|p1a: Cloyster|Icicle Spear|p2a: Arboliva\n|-supereffective|p2a: Arboliva\n|-damage|p2a: Arboliva|55\/100\n|-fieldstart|move: Grassy Terrain|[from] ability: Seed Sower|[of] p2a: Arboliva\n|-supereffective|p2a: Arboliva\n|-damage|p2a: Arboliva|13\/100\n|-supereffective|p2a: Arboliva\n|-damage|p2a: Arboliva|0 fnt\n|faint|p2a: Arboliva\n|-hitcount|p2: Arboliva|3\n|\n|-heal|p1a: Cloyster|7\/100|[from] Grassy Terrain\n|upkeep\n|\n|t:|1699727800\n|switch|p2a: Tauros|Tauros-Paldea-Aqua, M|100\/100\n|-ability|p2a: Tauros|Intimidate|boost\n|-unboost|p1a: Cloyster|atk|1\n|turn|3\n|c| PeppsiAsiEs|tauros nazi\n|c|\u2606el p4n4|apuraaaa\n|c|\u2606el p4n4|>:v\n|\n|t:|1699727845\n|move|p2a: Tauros|Aqua Jet|p1a: Cloyster\n|-resisted|p1a: Cloyster\n|-damage|p1a: Cloyster|0 fnt\n|faint|p1a: Cloyster\n|\n|upkeep\n|\n|t:|1699727856\n|switch|p1a: Mew|Mew|100\/100\n|turn|4\n|\n|t:|1699727874\n|move|p2a: Tauros|Bulk Up|p2a: Tauros\n|-boost|p2a: Tauros|atk|1\n|-boost|p2a: Tauros|def|1\n|move|p1a: Mew|Calm Mind|p1a: Mew\n|-boost|p1a: Mew|spa|1\n|-boost|p1a: Mew|spd|1\n|\n|upkeep\n|turn|5\n|\n|t:|1699727882\n|move|p2a: Tauros|Earthquake|p1a: Mew\n|-crit|p1a: Mew\n|-damage|p1a: Mew|69\/100\n|move|p1a: Mew|Stored Power|p2a: Tauros\n|-supereffective|p2a: Tauros\n|-damage|p2a: Tauros|0 fnt\n|faint|p2a: Tauros\n|\n|-heal|p1a: Mew|75\/100|[from] Grassy Terrain\n|-heal|p1a: Mew|81\/100|[from] item: Leftovers\n|upkeep\n|\n|t:|1699727909\n|switch|p2a: Ceruledge|Ceruledge, M|100\/100\n|turn|6\n|\n|t:|1699727916\n|move|p1a: Mew|Protect|p1a: Mew\n|-singleturn|p1a: Mew|Protect\n|move|p2a: Ceruledge|Swords Dance|p2a: Ceruledge\n|-boost|p2a: Ceruledge|atk|2\n|\n|-heal|p1a: Mew|88\/100|[from] Grassy Terrain\n|-heal|p1a: Mew|94\/100|[from] item: Leftovers\n|-fieldend|move: Grassy Terrain\n|upkeep\n|turn|7\n|\n|t:|1699727928\n|move|p2a: Ceruledge|Shadow Sneak|p1a: Mew\n|-supereffective|p1a: Mew\n|-damage|p1a: Mew|30\/100\n|move|p1a: Mew|Stored Power|p2a: Ceruledge\n|-damage|p2a: Ceruledge|49\/100\n|\n|-heal|p1a: Mew|36\/100|[from] item: Leftovers\n|upkeep\n|turn|8\n|\n|t:|1699727936\n|move|p2a: Ceruledge|Shadow Sneak|p1a: Mew\n|-supereffective|p1a: Mew\n|-damage|p1a: Mew|0 fnt\n|faint|p1a: Mew\n|\n|upkeep\n|\n|t:|1699727942\n|switch|p1a: Ditto|Ditto|100\/100\n|-transform|p1a: Ditto|p2a: Ceruledge|[from] ability: Imposter\n|turn|9\n|\n|t:|1699727968\n|move|p2a: Ceruledge|Shadow Sneak|p1a: Ditto\n|-supereffective|p1a: Ditto\n|-damage|p1a: Ditto|0 fnt\n|faint|p1a: Ditto\n|\n|upkeep\n|\n|t:|1699727989\n|switch|p1a: Axar|Flareon, M|100\/100\n|turn|10\n|\n|t:|1699728000\n|move|p2a: Ceruledge|Shadow Sneak|p1a: Axar\n|-damage|p1a: Axar|20\/100\n|move|p1a: Axar|Flame Charge|p2a: Ceruledge\n|-resisted|p2a: Ceruledge\n|-damage|p2a: Ceruledge|31\/100\n|-boost|p1a: Axar|spe|1\n|-ability|p2a: Ceruledge|Weak Armor|boost\n|-unboost|p2a: Ceruledge|def|1\n|-boost|p2a: Ceruledge|spe|2\n|\n|-status|p1a: Axar|tox|[from] item: Toxic Orb\n|upkeep\n|turn|11\n|\n|t:|1699728014\n|-terastallize|p1a: Axar|Normal\n|move|p2a: Ceruledge|Shadow Sneak|p1a: Axar\n|-immune|p1a: Axar\n|move|p1a: Axar|Bite|p2a: Ceruledge\n|-supereffective|p2a: Ceruledge\n|-damage|p2a: Ceruledge|0 fnt\n|faint|p2a: Ceruledge\n|\n|-damage|p1a: Axar|15\/100 tox|[from] psn\n|upkeep\n|\n|t:|1699728023\n|switch|p2a: Iron Valiant|Iron Valiant|100\/100\n|-enditem|p2a: Iron Valiant|Booster Energy\n|-activate|p2a: Iron Valiant|ability: Quark Drive|[fromitem]\n|-start|p2a: Iron Valiant|quarkdrivespe\n|turn|12\n|\n|t:|1699728029\n|move|p2a: Iron Valiant|Aura Sphere|p1a: Axar\n|-supereffective|p1a: Axar\n|-damage|p1a: Axar|0 fnt\n|faint|p1a: Axar\n|\n|upkeep\n|\n|t:|1699728034\n|switch|p1a: Zapdos|Zapdos|100\/100\n|-ability|p1a: Zapdos|Pressure\n|turn|13\n|\n|t:|1699728046\n|-terastallize|p2a: Iron Valiant|Electric\n|move|p2a: Iron Valiant|Calm Mind|p2a: Iron Valiant\n|-boost|p2a: Iron Valiant|spa|1\n|-boost|p2a: Iron Valiant|spd|1\n|move|p1a: Zapdos|Thunderbolt|p2a: Iron Valiant\n|-resisted|p2a: Iron Valiant\n|-damage|p2a: Iron Valiant|69\/100\n|\n|upkeep\n|turn|14\n|\n|t:|1699728054\n|move|p2a: Iron Valiant|Moonblast|p1a: Zapdos\n|-damage|p1a: Zapdos|28\/100\n|move|p1a: Zapdos|Tera Blast|p2a: Iron Valiant\n|-damage|p2a: Iron Valiant|35\/100\n|\n|upkeep\n|turn|15\n|\n|t:|1699728060\n|move|p2a: Iron Valiant|Moonblast|p1a: Zapdos\n|-damage|p1a: Zapdos|0 fnt\n|faint|p1a: Zapdos\n|\n|upkeep\n|c|\u2606Void280|ggs\n|c| WSoldat|Hubiera heho espada lamento boliviano\n|\n|t:|1699728064\n|switch|p1a: Venusaur|Venusaur, F|100\/100\n|turn|16\n|\n|t:|1699728080\n|move|p2a: Iron Valiant|Thunderbolt|p1a: Venusaur\n|-resisted|p1a: Venusaur\n|-damage|p1a: Venusaur|70\/100\n|move|p1a: Venusaur|Sludge Bomb|p2a: Iron Valiant\n|-damage|p2a: Iron Valiant|0 fnt\n|faint|p2a: Iron Valiant\n|-end|p2a: Iron Valiant|Quark Drive|[silent]\n|\n|-heal|p1a: Venusaur|76\/100|[from] item: Leftovers\n|upkeep\n|\n|t:|1699728093\n|switch|p2a: Maushold|Maushold-Four|100\/100\n|turn|17\n|\n|t:|1699728105\n|move|p2a: Maushold|Population Bomb|p1a: Venusaur\n|-damage|p1a: Venusaur|63\/100\n|-damage|p1a: Venusaur|50\/100\n|-crit|p1a: Venusaur\n|-damage|p1a: Venusaur|33\/100\n|-crit|p1a: Venusaur\n|-damage|p1a: Venusaur|15\/100\n|-damage|p1a: Venusaur|2\/100\n|-damage|p1a: Venusaur|0 fnt\n|faint|p1a: Venusaur\n|-hitcount|p1: Venusaur|6\n|\n|win|el p4n4\n|c|\u2606Void280|ggs\n|c| PeppsiAsiEs|gg\n|c| AjoFC|Siiiii\n|l| Sylveon(404)\n","uploadtime":1699728119,"views":7,"p1id":"void280","p2id":"elp4n4","formatid":"gen9nationaldex","rating":0,"private":0,"password":""}