{"id":"gen9nationaldex-1987459473","p1":"globbingglobbers","p2":"Jarl_jake","format":"[Gen 9] National Dex","log":"|j|\u2606globbingglobbers\n|j|\u2606Jarl_jake\n|t:|1699594914\n|gametype|singles\n|player|p1|globbingglobbers|crasherwake|1127\n|player|p2|Jarl_jake|red|1052\n|teamsize|p1|6\n|teamsize|p2|6\n|gen|9\n|tier|[Gen 9] National Dex\n|rated|\n|rule|HP Percentage Mod: HP is shown in percentages\n|rule|Endless Battle Clause: Forcing endless battles is banned\n|rule|OHKO Clause: OHKO moves are banned\n|rule|Evasion Clause: Evasion abilities, items, and moves are banned\n|rule|Evasion Abilities Clause: Evasion abilities are banned\n|rule|Evasion Items Clause: Evasion items are banned\n|rule|Evasion Moves Clause: Evasion moves are banned\n|rule|Species Clause: Limit one of each Pok\u00e9mon\n|rule|Sleep Clause Mod: Limit one foe put to sleep\n|clearpoke\n|poke|p1|Scizor, M|\n|poke|p1|Skarmory, F|\n|poke|p1|Salamence, F|\n|poke|p1|Excadrill, F|\n|poke|p1|Swampert, F|\n|poke|p1|Hawlucha, F|\n|poke|p2|Ninetales-Alola, F|\n|poke|p2|Serperior, F|\n|poke|p2|Salamence, M|\n|poke|p2|Blaziken, M|\n|poke|p2|Blastoise, F|\n|poke|p2|Grimmsnarl, M|\n|teampreview\n|inactive|Battle timer is ON: inactive players will automatically lose when time's up. (requested by globbingglobbers)\n|\n|t:|1699594931\n|start\n|switch|p1a: Swampert|Swampert, F|100\/100\n|switch|p2a: Grimmsnarl|Grimmsnarl, M, shiny|100\/100\n|turn|1\n|\n|t:|1699594939\n|move|p2a: Grimmsnarl|Parting Shot|p1a: Swampert\n|-unboost|p1a: Swampert|atk|1\n|-unboost|p1a: Swampert|spa|1\n|\n|t:|1699594942\n|switch|p2a: Serperior|Serperior, F, shiny|100\/100|[from] Parting Shot\n|move|p1a: Swampert|Stealth Rock|p2a: Serperior\n|-sidestart|p2: Jarl_jake|move: Stealth Rock\n|\n|upkeep\n|turn|2\n|\n|t:|1699594949\n|switch|p1a: Salamence|Salamence, F|100\/100\n|-ability|p1a: Salamence|Intimidate|boost\n|-boost|p2a: Serperior|atk|1\n|move|p2a: Serperior|Leaf Storm|p1a: Salamence\n|-resisted|p1a: Salamence\n|-crit|p1a: Salamence\n|-damage|p1a: Salamence|70\/100\n|-boost|p2a: Serperior|spa|2\n|-damage|p2a: Serperior|91\/100|[from] item: Life Orb\n|\n|upkeep\n|turn|3\n|\n|t:|1699594959\n|move|p2a: Serperior|Dragon Pulse|p1a: Salamence\n|-supereffective|p1a: Salamence\n|-damage|p1a: Salamence|0 fnt\n|faint|p1a: Salamence\n|-damage|p2a: Serperior|81\/100|[from] item: Life Orb\n|\n|upkeep\n|\n|t:|1699594973\n|switch|p1a: Hawlucha|Hawlucha, F|100\/100\n|turn|4\n|\n|t:|1699594991\n|-terastallize|p2a: Serperior|Fire\n|move|p2a: Serperior|Hidden Power|p1a: Hawlucha\n|-damage|p1a: Hawlucha|15\/100\n|-enditem|p1a: Hawlucha|Liechi Berry|[eat]\n|-boost|p1a: Hawlucha|atk|1|[from] item: Liechi Berry\n|-damage|p2a: Serperior|71\/100|[from] item: Life Orb\n|move|p1a: Hawlucha|Swords Dance|p1a: Hawlucha\n|-boost|p1a: Hawlucha|atk|2\n|\n|upkeep\n|turn|5\n|\n|t:|1699595011\n|move|p1a: Hawlucha|Close Combat|p2a: Serperior\n|-damage|p2a: Serperior|0 fnt\n|-unboost|p1a: Hawlucha|def|1\n|-unboost|p1a: Hawlucha|spd|1\n|faint|p2a: Serperior\n|\n|upkeep\n|\n|t:|1699595019\n|switch|p2a: Grimmsnarl|Grimmsnarl, M, shiny|100\/100\n|-damage|p2a: Grimmsnarl|88\/100|[from] Stealth Rock\n|turn|6\n|\n|t:|1699595025\n|move|p2a: Grimmsnarl|Sucker Punch|p1a: Hawlucha\n|-resisted|p1a: Hawlucha\n|-damage|p1a: Hawlucha|0 fnt\n|faint|p1a: Hawlucha\n|\n|upkeep\n|\n|t:|1699595030\n|switch|p1a: Excadrill|Excadrill, F|100\/100\n|turn|7\n|\n|t:|1699595049\n|switch|p2a: Blastoise|Blastoise, F, shiny|100\/100\n|move|p1a: Excadrill|Earthquake|p2a: Blastoise\n|-damage|p2a: Blastoise|53\/100\n|\n|upkeep\n|turn|8\n|\n|t:|1699595057\n|move|p2a: Blastoise|Rapid Spin|p1a: Excadrill\n|-resisted|p1a: Excadrill\n|-damage|p1a: Excadrill|95\/100\n|-boost|p2a: Blastoise|spe|1\n|-sideend|p2: Jarl_jake|Stealth Rock|[from] move: Rapid Spin|[of] p2a: Blastoise\n|move|p1a: Excadrill|Earthquake|p2a: Blastoise\n|-damage|p2a: Blastoise|0 fnt\n|faint|p2a: Blastoise\n|\n|-heal|p1a: Excadrill|100\/100|[from] item: Leftovers\n|upkeep\n|\n|t:|1699595070\n|switch|p2a: Salamence|Salamence, M, shiny|100\/100\n|turn|9\n|\n|t:|1699595081\n|switch|p1a: Skarmory|Skarmory, F|100\/100\n|move|p2a: Salamence|Dragon Dance|p2a: Salamence\n|-boost|p2a: Salamence|atk|1\n|-boost|p2a: Salamence|spe|1\n|\n|upkeep\n|turn|10\n|\n|t:|1699595088\n|move|p2a: Salamence|Fire Blast|p1a: Skarmory\n|-supereffective|p1a: Skarmory\n|-damage|p1a: Skarmory|16\/100\n|move|p1a: Skarmory|Spikes|p2a: Salamence\n|-sidestart|p2: Jarl_jake|Spikes\n|\n|upkeep\n|turn|11\n|\n|t:|1699595095\n|switch|p1a: Swampert|Swampert, F|100\/100\n|move|p2a: Salamence|Fire Blast|p1a: Swampert\n|-resisted|p1a: Swampert\n|-damage|p1a: Swampert|91\/100\n|\n|-heal|p1a: Swampert|97\/100|[from] item: Leftovers\n|upkeep\n|turn|12\n|\n|t:|1699595107\n|move|p2a: Salamence|Dual Wingbeat|p1a: Swampert\n|-damage|p1a: Swampert|64\/100\n|-damage|p1a: Swampert|34\/100\n|-hitcount|p1a: Swampert|2\n|move|p1a: Swampert|Scald|p2a: Salamence\n|-resisted|p2a: Salamence\n|-damage|p2a: Salamence|84\/100\n|\n|-heal|p1a: Swampert|41\/100|[from] item: Leftovers\n|upkeep\n|turn|13\n|\n|t:|1699595119\n|switch|p1a: Skarmory|Skarmory, F|16\/100\n|move|p2a: Salamence|Dual Wingbeat|p1a: Skarmory\n|-resisted|p1a: Skarmory\n|-damage|p1a: Skarmory|6\/100\n|-damage|p2a: Salamence|68\/100|[from] item: Rocky Helmet|[of] p1a: Skarmory\n|-resisted|p1a: Skarmory\n|-damage|p1a: Skarmory|0 fnt\n|-damage|p2a: Salamence|51\/100|[from] item: Rocky Helmet|[of] p1a: Skarmory\n|faint|p1a: Skarmory\n|-ability|p2a: Salamence|Moxie|boost\n|-boost|p2a: Salamence|atk|1\n|-hitcount|p1: Skarmory|2\n|\n|upkeep\n|\n|t:|1699595134\n|switch|p1a: Excadrill|Excadrill, F|100\/100\n|turn|14\n|\n|t:|1699595138\n|move|p2a: Salamence|Earthquake|p1a: Excadrill\n|-supereffective|p1a: Excadrill\n|-damage|p1a: Excadrill|0 fnt\n|faint|p1a: Excadrill\n|-ability|p2a: Salamence|Moxie|boost\n|-boost|p2a: Salamence|atk|1\n|\n|upkeep\n|\n|t:|1699595143\n|switch|p1a: Scizor|Scizor, M|100\/100\n|turn|15\n|\n|t:|1699595147\n|detailschange|p1a: Scizor|Scizor-Mega, M\n|-mega|p1a: Scizor|Scizor|Scizorite\n|move|p1a: Scizor|Bullet Punch|p2a: Salamence\n|-damage|p2a: Salamence|14\/100\n|move|p2a: Salamence|Fire Blast|p1a: Scizor\n|-supereffective|p1a: Scizor\n|-damage|p1a: Scizor|0 fnt\n|faint|p1a: Scizor\n|-ability|p2a: Salamence|Moxie|boost\n|-boost|p2a: Salamence|atk|1\n|\n|upkeep\n|-message|globbingglobbers forfeited.\n|\n|win|Jarl_jake\n|raw|globbingglobbers's rating: 1127 &rarr; <strong>1097<\/strong><br \/>(-30 for losing)\n|raw|Jarl_jake's rating: 1052 &rarr; <strong>1091<\/strong><br \/>(+39 for winning)\n|l|\u2606globbingglobbers\n","uploadtime":1699595162,"views":22,"p1id":"globbingglobbers","p2id":"jarljake","formatid":"gen9nationaldex","rating":1091,"private":0,"password":""}