{"id":"gen9nationaldex-1988642064","p1":"AfuroVictini","p2":"PikachuXD317878","format":"[Gen 9] National Dex","log":"|j|\u2606AfuroVictini\n|j|\u2606PikachuXD317878\n|t:|1699745294\n|gametype|singles\n|player|p1|AfuroVictini|lillie-masters2|\n|player|p2|PikachuXD317878|pokemonranger-gen4|\n|teamsize|p1|6\n|teamsize|p2|6\n|gen|9\n|tier|[Gen 9] National Dex\n|rule|HP Percentage Mod: HP is shown in percentages\n|rule|Endless Battle Clause: Forcing endless battles is banned\n|rule|OHKO Clause: OHKO moves are banned\n|rule|Evasion Clause: Evasion abilities, items, and moves are banned\n|rule|Evasion Abilities Clause: Evasion abilities are banned\n|rule|Evasion Items Clause: Evasion items are banned\n|rule|Evasion Moves Clause: Evasion moves are banned\n|rule|Species Clause: Limit one of each Pok\u00e9mon\n|rule|Sleep Clause Mod: Limit one foe put to sleep\n|clearpoke\n|poke|p1|Iron Valiant|\n|poke|p1|Ribombee, M|\n|poke|p1|Ogerpon-Wellspring, F|\n|poke|p1|Scizor, F|\n|poke|p1|Volcarona, F|\n|poke|p1|Great Tusk|\n|poke|p2|Alomomola, F|\n|poke|p2|Great Tusk|\n|poke|p2|Iron Moth|\n|poke|p2|Rillaboom, M|\n|poke|p2|Aegislash, F|\n|poke|p2|Lopunny, F|\n|teampreview\n|inactive|Battle timer is ON: inactive players will automatically lose when time's up. (requested by PikachuXD317878)\n|c|\u2606PikachuXD317878|suerte\n|c|\u2606AfuroVictini|glhf\n|\n|t:|1699745319\n|start\n|switch|p1a: Ribombee|Ribombee, M|100\/100\n|switch|p2a: Aegislash|Aegislash, F|100\/100\n|turn|1\n|\n|t:|1699745324\n|move|p1a: Ribombee|Sticky Web|p2a: Aegislash\n|-sidestart|p2: PikachuXD317878|move: Sticky Web\n|-formechange|p2a: Aegislash|Aegislash-Blade||[from] ability: Stance Change\n|move|p2a: Aegislash|Iron Head|p1a: Ribombee\n|-supereffective|p1a: Ribombee\n|-enditem|p1a: Ribombee|Focus Sash\n|-damage|p1a: Ribombee|1\/100\n|\n|upkeep\n|turn|2\n|\n|t:|1699745330\n|move|p2a: Aegislash|Shadow Sneak|p1a: Ribombee\n|-damage|p1a: Ribombee|0 fnt\n|faint|p1a: Ribombee\n|\n|upkeep\n|\n|t:|1699745354\n|switch|p1a: Volcarona|Volcarona, F|100\/100\n|turn|3\n|\n|t:|1699745361\n|move|p1a: Volcarona|Quiver Dance|p1a: Volcarona\n|-boost|p1a: Volcarona|spa|1\n|-boost|p1a: Volcarona|spd|1\n|-boost|p1a: Volcarona|spe|1\n|move|p2a: Aegislash|Swords Dance|p2a: Aegislash\n|-boost|p2a: Aegislash|atk|2\n|\n|upkeep\n|turn|4\n|\n|t:|1699745367\n|-formechange|p2a: Aegislash|Aegislash||[from] ability: Stance Change\n|move|p2a: Aegislash|King's Shield|p2a: Aegislash\n|-singleturn|p2a: Aegislash|Protect\n|move|p1a: Volcarona|Fiery Dance|p2a: Aegislash\n|-activate|p2a: Aegislash|move: Protect\n|\n|upkeep\n|turn|5\n|inactive|PikachuXD317878 has 270 seconds left.\n|inactive|PikachuXD317878 has 240 seconds left.\n|\n|t:|1699745456\n|move|p1a: Volcarona|Fiery Dance|p2a: Aegislash\n|-supereffective|p2a: Aegislash\n|-damage|p2a: Aegislash|5\/100\n|-boost|p1a: Volcarona|spa|1\n|-formechange|p2a: Aegislash|Aegislash-Blade||[from] ability: Stance Change\n|move|p2a: Aegislash|Iron Head|p1a: Volcarona\n|-resisted|p1a: Volcarona\n|-damage|p1a: Volcarona|23\/100\n|\n|-heal|p2a: Aegislash|12\/100|[from] item: Leftovers\n|upkeep\n|turn|6\n|c|\u2606PikachuXD317878|aegis god\n|\n|t:|1699745474\n|move|p2a: Aegislash|Shadow Sneak|p1a: Volcarona\n|-damage|p1a: Volcarona|0 fnt\n|faint|p1a: Volcarona\n|\n|-heal|p2a: Aegislash|18\/100|[from] item: Leftovers\n|upkeep\n|\n|t:|1699745487\n|switch|p1a: Scizor|Scizor, F|100\/100\n|turn|7\n|\n|t:|1699745493\n|detailschange|p1a: Scizor|Scizor-Mega, F\n|-mega|p1a: Scizor|Scizor|Scizorite\n|move|p2a: Aegislash|Shadow Sneak|p1a: Scizor\n|-damage|p1a: Scizor|64\/100\n|move|p1a: Scizor|Swords Dance|p1a: Scizor\n|-boost|p1a: Scizor|atk|2\n|\n|-heal|p2a: Aegislash|24\/100|[from] item: Leftovers\n|upkeep\n|turn|8\n|\n|t:|1699745498\n|-formechange|p2a: Aegislash|Aegislash||[from] ability: Stance Change\n|move|p2a: Aegislash|King's Shield|p2a: Aegislash\n|-singleturn|p2a: Aegislash|Protect\n|move|p1a: Scizor|Bullet Punch|p2a: Aegislash\n|-activate|p2a: Aegislash|move: Protect\n|-unboost|p1a: Scizor|atk|1\n|\n|-heal|p2a: Aegislash|30\/100|[from] item: Leftovers\n|upkeep\n|turn|9\n|\n|t:|1699745504\n|move|p1a: Scizor|Roost|p1a: Scizor\n|-heal|p1a: Scizor|100\/100\n|-singleturn|p1a: Scizor|move: Roost\n|-formechange|p2a: Aegislash|Aegislash-Blade||[from] ability: Stance Change\n|move|p2a: Aegislash|Iron Head|p1a: Scizor\n|-resisted|p1a: Scizor\n|-damage|p1a: Scizor|67\/100\n|\n|-heal|p2a: Aegislash|36\/100|[from] item: Leftovers\n|upkeep\n|turn|10\n|\n|t:|1699745508\n|move|p2a: Aegislash|Shadow Sneak|p1a: Scizor\n|-damage|p1a: Scizor|30\/100\n|move|p1a: Scizor|Swords Dance|p1a: Scizor\n|-boost|p1a: Scizor|atk|2\n|\n|-heal|p2a: Aegislash|42\/100|[from] item: Leftovers\n|upkeep\n|turn|11\n|\n|t:|1699745513\n|move|p2a: Aegislash|Shadow Sneak|p1a: Scizor\n|-damage|p1a: Scizor|0 fnt\n|faint|p1a: Scizor\n|\n|-heal|p2a: Aegislash|49\/100|[from] item: Leftovers\n|upkeep\n|\n|t:|1699745516\n|switch|p1a: Iron Valiant|Iron Valiant|100\/100\n|turn|12\n|\n|t:|1699745523\n|move|p1a: Iron Valiant|Thunderbolt|p2a: Aegislash\n|-damage|p2a: Aegislash|0 fnt\n|faint|p2a: Aegislash\n|\n|upkeep\n|\n|t:|1699745526\n|switch|p2a: Great Tusk|Great Tusk|100\/100\n|-activate|p2a: Great Tusk|move: Sticky Web\n|-unboost|p2a: Great Tusk|spe|1\n|turn|13\n|c|\u2606AfuroVictini|soy muy tonto xd\n|\n|t:|1699745538\n|-end|p1a: Iron Valiant|Quark Drive|[silent]\n|switch|p1a: Ogerpon|Ogerpon-Wellspring, F|100\/100\n|move|p2a: Great Tusk|Rapid Spin|p1a: Ogerpon\n|-damage|p1a: Ogerpon|76\/100\n|-boost|p2a: Great Tusk|spe|1\n|-sideend|p2: PikachuXD317878|Sticky Web|[from] move: Rapid Spin|[of] p2a: Great Tusk\n|\n|upkeep\n|turn|14\n|\n|t:|1699745553\n|-end|p2a: Great Tusk|Protosynthesis|[silent]\n|switch|p2a: Rillaboom|Rillaboom, M|100\/100\n|-fieldstart|move: Grassy Terrain|[from] ability: Grassy Surge|[of] p2a: Rillaboom\n|move|p1a: Ogerpon|Horn Leech|p2a: Rillaboom\n|-resisted|p2a: Rillaboom\n|-damage|p2a: Rillaboom|73\/100\n|-heal|p1a: Ogerpon|93\/100|[from] drain|[of] p2a: Rillaboom\n|\n|-heal|p1a: Ogerpon|99\/100|[from] Grassy Terrain\n|-heal|p2a: Rillaboom|79\/100|[from] Grassy Terrain\n|-heal|p2a: Rillaboom|85\/100|[from] item: Leftovers\n|upkeep\n|turn|15\n|\n|t:|1699745560\n|move|p2a: Rillaboom|Grassy Glide|p1a: Ogerpon\n|-damage|p1a: Ogerpon|51\/100\n|move|p1a: Ogerpon|U-turn|p2a: Rillaboom\n|-supereffective|p2a: Rillaboom\n|-damage|p2a: Rillaboom|25\/100\n|\n|t:|1699745569\n|switch|p1a: Great Tusk|Great Tusk|100\/100|[from] U-turn\n|\n|-heal|p2a: Rillaboom|31\/100|[from] Grassy Terrain\n|-heal|p2a: Rillaboom|37\/100|[from] item: Leftovers\n|upkeep\n|turn|16\n|\n|t:|1699745576\n|move|p2a: Rillaboom|Grassy Glide|p1a: Great Tusk\n|-supereffective|p1a: Great Tusk\n|-damage|p1a: Great Tusk|43\/100\n|move|p1a: Great Tusk|Ice Spinner|p2a: Rillaboom\n|-supereffective|p2a: Rillaboom\n|-damage|p2a: Rillaboom|0 fnt\n|-fieldend|move: Grassy Terrain\n|faint|p2a: Rillaboom\n|\n|upkeep\n|\n|t:|1699745588\n|switch|p2a: Iron Moth|Iron Moth|100\/100\n|-enditem|p2a: Iron Moth|Booster Energy\n|-activate|p2a: Iron Moth|ability: Quark Drive|[fromitem]\n|-start|p2a: Iron Moth|quarkdrivespe\n|turn|17\n|\n|t:|1699745595\n|-terastallize|p2a: Iron Moth|Grass\n|move|p2a: Iron Moth|Fiery Dance|p1a: Great Tusk\n|-damage|p1a: Great Tusk|0 fnt\n|-boost|p2a: Iron Moth|spa|1\n|faint|p1a: Great Tusk\n|-end|p1a: Great Tusk|Protosynthesis|[silent]\n|\n|upkeep\n|\n|t:|1699745605\n|switch|p1a: Iron Valiant|Iron Valiant|100\/100\n|turn|18\n|\n|t:|1699745610\n|-terastallize|p1a: Iron Valiant|Fairy\n|move|p2a: Iron Moth|Fiery Dance|p1a: Iron Valiant\n|-damage|p1a: Iron Valiant|2\/100\n|-boost|p2a: Iron Moth|spa|1\n|move|p1a: Iron Valiant|Moonblast|p2a: Iron Moth\n|-damage|p2a: Iron Moth|15\/100\n|\n|upkeep\n|turn|19\n|c|\u2606AfuroVictini|gg\n|\n|t:|1699745618\n|move|p2a: Iron Moth|Sludge Wave|p1a: Iron Valiant\n|-supereffective|p1a: Iron Valiant\n|-damage|p1a: Iron Valiant|0 fnt\n|faint|p1a: Iron Valiant\n|-end|p1a: Iron Valiant|Quark Drive|[silent]\n|\n|upkeep\n|\n|t:|1699745620\n|switch|p1a: Ogerpon|Ogerpon-Wellspring, F|51\/100\n|turn|20\n|c|\u2606PikachuXD317878|gg\n|\n|t:|1699745622\n|move|p2a: Iron Moth|Sludge Wave|p1a: Ogerpon\n|-supereffective|p1a: Ogerpon\n|-damage|p1a: Ogerpon|0 fnt\n|faint|p1a: Ogerpon\n|\n|win|PikachuXD317878\n","uploadtime":1699745627,"views":5,"p1id":"afurovictini","p2id":"pikachuxd317878","formatid":"gen9nationaldex","rating":0,"private":0,"password":""}