{"id":"gen9nationaldex-1988203536","p1":"Art234","p2":"AminitraboTTT","format":"[Gen 9] National Dex","log":"|j|\u2606Art234\n|j|\u2606AminitraboTTT\n|t:|1699684598\n|gametype|singles\n|player|p1|Art234|lucas|\n|player|p2|AminitraboTTT|supernerd|\n|teamsize|p1|6\n|teamsize|p2|6\n|gen|9\n|tier|[Gen 9] National Dex\n|rated|Tournament battle\n|rule|HP Percentage Mod: HP is shown in percentages\n|rule|Endless Battle Clause: Forcing endless battles is banned\n|rule|OHKO Clause: OHKO moves are banned\n|rule|Evasion Clause: Evasion abilities, items, and moves are banned\n|rule|Evasion Abilities Clause: Evasion abilities are banned\n|rule|Evasion Items Clause: Evasion items are banned\n|rule|Evasion Moves Clause: Evasion moves are banned\n|rule|Species Clause: Limit one of each Pok\u00e9mon\n|rule|Sleep Clause Mod: Limit one foe put to sleep\n|clearpoke\n|poke|p1|Beedrill, F|\n|poke|p1|Volcarona, M|\n|poke|p1|Galvantula, M|\n|poke|p1|Araquanid, F|\n|poke|p1|Crustle, M|\n|poke|p1|Heracross, M|\n|poke|p2|Tapu Koko|\n|poke|p2|Iron Valiant|\n|poke|p2|Hawlucha, M|\n|poke|p2|Iron Moth|\n|poke|p2|Landorus-Therian, M|\n|poke|p2|Scizor, F|\n|teampreview\n|c|\u2606AminitraboTTT|Hola, soy AminitraboTTT, el bot de la sala Espa\u00f1ol. gl hf\n|inactive|Battle timer is ON: inactive players will automatically lose when time's up. (requested by AminitraboTTT)\n|inactive|Art234 has 120 seconds left.\n|\n|t:|1699684652\n|start\n|switch|p1a: Galvantula|Galvantula, M|100\/100\n|switch|p2a: Scizor|Scizor, F|100\/100\n|turn|1\n|j| ZLSJ\n|\n|t:|1699684676\n|switch|p2a: Landorus|Landorus-Therian, M|100\/100\n|-ability|p2a: Landorus|Intimidate|boost\n|-unboost|p1a: Galvantula|atk|1\n|move|p1a: Galvantula|Sticky Web|p2a: Landorus\n|-sidestart|p2: AminitraboTTT|move: Sticky Web\n|\n|upkeep\n|turn|2\n|l| ZLSJ\n|\n|t:|1699684684\n|-terastallize|p2a: Landorus|Water\n|move|p2a: Landorus|Earthquake|p1a: Galvantula\n|-damage|p1a: Galvantula|38\/100\n|move|p1a: Galvantula|Toxic|p2a: Landorus\n|-status|p2a: Landorus|tox\n|\n|-damage|p2a: Landorus|94\/100 tox|[from] psn\n|upkeep\n|turn|3\n|\n|t:|1699684693\n|move|p2a: Landorus|Earthquake|p1a: Galvantula\n|-damage|p1a: Galvantula|0 fnt\n|faint|p1a: Galvantula\n|\n|-damage|p2a: Landorus|82\/100 tox|[from] psn\n|upkeep\n|\n|t:|1699684712\n|switch|p1a: Crustle|Crustle, M|100\/100\n|turn|4\n|\n|t:|1699684715\n|switch|p2a: Iron Valiant|Iron Valiant|100\/100\n|-activate|p2a: Iron Valiant|move: Sticky Web\n|-unboost|p2a: Iron Valiant|spe|1\n|-terastallize|p1a: Crustle|Steel\n|move|p1a: Crustle|Shell Smash|p1a: Crustle\n|-unboost|p1a: Crustle|def|1\n|-unboost|p1a: Crustle|spd|1\n|-boost|p1a: Crustle|atk|2\n|-boost|p1a: Crustle|spa|2\n|-boost|p1a: Crustle|spe|2\n|-enditem|p1a: Crustle|White Herb\n|-clearnegativeboost|p1a: Crustle|[silent]\n|\n|upkeep\n|turn|5\n|\n|t:|1699684732\n|move|p2a: Iron Valiant|Thunderbolt|p1a: Crustle\n|-damage|p1a: Crustle|55\/100\n|-damage|p2a: Iron Valiant|91\/100|[from] item: Life Orb\n|move|p1a: Crustle|X-Scissor|p2a: Iron Valiant\n|-resisted|p2a: Iron Valiant\n|-damage|p2a: Iron Valiant|72\/100\n|\n|upkeep\n|turn|6\n|\n|t:|1699684739\n|move|p2a: Iron Valiant|Aura Sphere|p1a: Crustle\n|-supereffective|p1a: Crustle\n|-damage|p1a: Crustle|0 fnt\n|faint|p1a: Crustle\n|-damage|p2a: Iron Valiant|62\/100|[from] item: Life Orb\n|\n|upkeep\n|\n|t:|1699684750\n|switch|p1a: Beedrill|Beedrill, F|100\/100\n|turn|7\n|\n|t:|1699684753\n|detailschange|p1a: Beedrill|Beedrill-Mega, F\n|-mega|p1a: Beedrill|Beedrill|Beedrillite\n|move|p1a: Beedrill|Poison Jab|p2a: Iron Valiant\n|-supereffective|p2a: Iron Valiant\n|-damage|p2a: Iron Valiant|0 fnt\n|faint|p2a: Iron Valiant\n|-end|p2a: Iron Valiant|Quark Drive|[silent]\n|\n|upkeep\n|\n|t:|1699684753\n|switch|p2a: Scizor|Scizor, F|100\/100\n|-activate|p2a: Scizor|move: Sticky Web\n|-unboost|p2a: Scizor|spe|1\n|turn|8\n|\n|t:|1699684762\n|switch|p1a: Volcarona|Volcarona, M|100\/100\n|detailschange|p2a: Scizor|Scizor-Mega, F\n|-mega|p2a: Scizor|Scizor|Scizorite\n|move|p2a: Scizor|Swords Dance|p2a: Scizor\n|-boost|p2a: Scizor|atk|2\n|\n|upkeep\n|turn|9\n|\n|t:|1699684769\n|switch|p2a: Iron Moth|Iron Moth|100\/100\n|-zpower|p1a: Volcarona\n|move|p1a: Volcarona|Inferno Overdrive|p2a: Iron Moth|[zeffect]\n|-resisted|p2a: Iron Moth\n|-damage|p2a: Iron Moth|56\/100\n|\n|upkeep\n|turn|10\n|\n|t:|1699684778\n|switch|p1a: Araquanid|Araquanid, F|100\/100\n|move|p2a: Iron Moth|Sludge Wave|p1a: Araquanid\n|-damage|p1a: Araquanid|63\/100\n|\n|upkeep\n|turn|11\n|\n|t:|1699684784\n|-end|p2a: Iron Moth|Quark Drive|[silent]\n|switch|p2a: Hawlucha|Hawlucha, M|100\/100\n|move|p1a: Araquanid|Hydro Pump|p2a: Hawlucha\n|-damage|p2a: Hawlucha|42\/100\n|\n|upkeep\n|turn|12\n|\n|t:|1699684790\n|move|p2a: Hawlucha|Acrobatics|p1a: Araquanid\n|-supereffective|p1a: Araquanid\n|-damage|p1a: Araquanid|15\/100\n|-damage|p2a: Hawlucha|25\/100|[from] item: Rocky Helmet|[of] p1a: Araquanid\n|move|p1a: Araquanid|Hydro Pump|p2a: Hawlucha\n|-damage|p2a: Hawlucha|0 fnt\n|faint|p2a: Hawlucha\n|\n|upkeep\n|\n|t:|1699684790\n|switch|p2a: Tapu Koko|Tapu Koko|100\/100\n|-activate|p2a: Tapu Koko|move: Sticky Web\n|-unboost|p2a: Tapu Koko|spe|1\n|-fieldstart|move: Electric Terrain|[from] ability: Electric Surge|[of] p2a: Tapu Koko\n|turn|13\n|\n|t:|1699684803\n|move|p2a: Tapu Koko|Thunderbolt|p1a: Araquanid\n|-supereffective|p1a: Araquanid\n|-damage|p1a: Araquanid|0 fnt\n|faint|p1a: Araquanid\n|\n|upkeep\n|\n|t:|1699684807\n|switch|p1a: Beedrill|Beedrill-Mega, F|100\/100\n|turn|14\n|\n|t:|1699684813\n|move|p1a: Beedrill|Poison Jab|p2a: Tapu Koko\n|-supereffective|p2a: Tapu Koko\n|-damage|p2a: Tapu Koko|0 fnt\n|faint|p2a: Tapu Koko\n|\n|upkeep\n|\n|t:|1699684813\n|switch|p2a: Scizor|Scizor-Mega, F|100\/100\n|-activate|p2a: Scizor|move: Sticky Web\n|-unboost|p2a: Scizor|spe|1\n|turn|15\n|\n|t:|1699684821\n|move|p1a: Beedrill|U-turn|p2a: Scizor\n|-resisted|p2a: Scizor\n|-damage|p2a: Scizor|74\/100\n|\n|t:|1699684824\n|switch|p1a: Volcarona|Volcarona, M|100\/100|[from] U-turn\n|move|p2a: Scizor|Swords Dance|p2a: Scizor\n|-boost|p2a: Scizor|atk|2\n|\n|upkeep\n|turn|16\n|\n|t:|1699684830\n|switch|p2a: Iron Moth|Iron Moth|56\/100\n|-activate|p2a: Iron Moth|ability: Quark Drive\n|-start|p2a: Iron Moth|quarkdrivespe\n|move|p1a: Volcarona|Fiery Dance|p2a: Iron Moth\n|-resisted|p2a: Iron Moth\n|-damage|p2a: Iron Moth|33\/100\n|\n|upkeep\n|turn|17\n|\n|t:|1699684842\n|move|p2a: Iron Moth|Sludge Wave|p1a: Volcarona\n|-damage|p1a: Volcarona|48\/100\n|move|p1a: Volcarona|Air Slash|p2a: Iron Moth\n|-damage|p2a: Iron Moth|7\/100\n|\n|upkeep\n|turn|18\n|\n|t:|1699684848\n|move|p2a: Iron Moth|Sludge Wave|p1a: Volcarona\n|-damage|p1a: Volcarona|0 fnt\n|faint|p1a: Volcarona\n|\n|upkeep\n|\n|t:|1699684852\n|switch|p1a: Beedrill|Beedrill-Mega, F|100\/100\n|turn|19\n|\n|t:|1699684855\n|move|p2a: Iron Moth|Fiery Dance|p1a: Beedrill\n|-supereffective|p1a: Beedrill\n|-damage|p1a: Beedrill|0 fnt\n|faint|p1a: Beedrill\n|\n|upkeep\n|\n|t:|1699684859\n|switch|p1a: Heracross|Heracross, M|100\/100\n|turn|20\n|\n|t:|1699684863\n|move|p2a: Iron Moth|Fiery Dance|p1a: Heracross\n|-supereffective|p1a: Heracross\n|-damage|p1a: Heracross|2\/100\n|-boost|p2a: Iron Moth|spa|1\n|move|p1a: Heracross|Brick Break|p2a: Iron Moth\n|-resisted|p2a: Iron Moth\n|-damage|p2a: Iron Moth|0 fnt\n|faint|p2a: Iron Moth\n|-end|p2a: Iron Moth|Quark Drive|[silent]\n|-ability|p1a: Heracross|Moxie|boost\n|-boost|p1a: Heracross|atk|1\n|\n|-fieldend|move: Electric Terrain\n|upkeep\n|\n|t:|1699684863\n|switch|p2a: Scizor|Scizor-Mega, F|74\/100\n|-activate|p2a: Scizor|move: Sticky Web\n|-unboost|p2a: Scizor|spe|1\n|turn|21\n|\n|t:|1699684876\n|move|p1a: Heracross|Close Combat|p2a: Scizor\n|-damage|p2a: Scizor|0 fnt\n|-unboost|p1a: Heracross|def|1\n|-unboost|p1a: Heracross|spd|1\n|faint|p2a: Scizor\n|-ability|p1a: Heracross|Moxie|boost\n|-boost|p1a: Heracross|atk|1\n|\n|upkeep\n|\n|t:|1699684876\n|switch|p2a: Landorus|Landorus-Therian, M, tera:Water|82\/100 tox\n|-activate|p2a: Landorus|move: Sticky Web\n|-unboost|p2a: Landorus|spe|1\n|-ability|p2a: Landorus|Intimidate|boost\n|-unboost|p1a: Heracross|atk|1\n|turn|22\n|\n|t:|1699684887\n|move|p1a: Heracross|Close Combat|p2a: Landorus\n|-damage|p2a: Landorus|0 fnt\n|-unboost|p1a: Heracross|def|1\n|-unboost|p1a: Heracross|spd|1\n|faint|p2a: Landorus\n|\n|win|Art234\n|n|\u2606Art234|art234\n|n|\u2606AminitraboTTT|aminitrabottt\n|c|\u2606AminitraboTTT|hax c:\n|l|\u2606AminitraboTTT\n","uploadtime":1699684895,"views":4,"p1id":"art234","p2id":"aminitrabottt","formatid":"gen9nationaldex","rating":0,"private":0,"password":""}