{"id":"gen9nationaldex-1988893981","p1":"zyminggg","p2":"CHSwhite","format":"[Gen 9] National Dex","log":"|j|\u2606zyminggg\n|j|\u2606CHSwhite\n|t:|1699782760\n|gametype|singles\n|player|p1|zyminggg|266|\n|player|p2|CHSwhite|gentleman-gen4|\n|teamsize|p1|6\n|teamsize|p2|6\n|gen|9\n|tier|[Gen 9] National Dex\n|rule|HP Percentage Mod: HP is shown in percentages\n|rule|Endless Battle Clause: Forcing endless battles is banned\n|rule|OHKO Clause: OHKO moves are banned\n|rule|Evasion Clause: Evasion abilities, items, and moves are banned\n|rule|Evasion Abilities Clause: Evasion abilities are banned\n|rule|Evasion Items Clause: Evasion items are banned\n|rule|Evasion Moves Clause: Evasion moves are banned\n|rule|Species Clause: Limit one of each Pok\u00e9mon\n|rule|Sleep Clause Mod: Limit one foe put to sleep\n|clearpoke\n|poke|p1|Dragonite, F|\n|poke|p1|Moltres|\n|poke|p1|Tapu Koko|\n|poke|p1|Hoopa-Unbound|\n|poke|p1|Ursaluna, F|\n|poke|p1|Garchomp, M|\n|poke|p2|Tapu Lele|\n|poke|p2|Alomomola, F|\n|poke|p2|Chansey, F|\n|poke|p2|Lopunny, M|\n|poke|p2|Corviknight, M|\n|poke|p2|Gliscor, M|\n|teampreview\n|\n|t:|1699782780\n|start\n|switch|p1a: Hoopa|Hoopa-Unbound|100\/100\n|switch|p2a: Lopunny|Lopunny, M|100\/100\n|turn|1\n|\n|t:|1699782792\n|switch|p2a: Tapu Lele|Tapu Lele|100\/100\n|-fieldstart|move: Psychic Terrain|[from] ability: Psychic Surge|[of] p2a: Tapu Lele\n|switch|p1a: Moltres|Moltres|100\/100\n|\n|upkeep\n|turn|2\n|\n|t:|1699782809\n|switch|p1a: Ursaluna|Ursaluna, F|100\/100\n|-terastallize|p2a: Tapu Lele|Psychic\n|move|p2a: Tapu Lele|Psychic|p1a: Ursaluna\n|-damage|p1a: Ursaluna|29\/100\n|\n|upkeep\n|turn|3\n|\n|t:|1699782828\n|switch|p1a: Hoopa|Hoopa-Unbound|100\/100\n|move|p2a: Tapu Lele|Psychic|p1a: Hoopa\n|-immune|p1a: Hoopa\n|\n|upkeep\n|turn|4\n|\n|t:|1699782848\n|switch|p2a: Corviknight|Corviknight, M|100\/100\n|-ability|p2a: Corviknight|Pressure\n|move|p1a: Hoopa|Psyshock|p2a: Corviknight\n|-resisted|p2a: Corviknight\n|-damage|p2a: Corviknight|79\/100\n|\n|upkeep\n|turn|5\n|\n|t:|1699782862\n|move|p1a: Hoopa|Nasty Plot|p1a: Hoopa\n|-boost|p1a: Hoopa|spa|2\n|move|p2a: Corviknight|U-turn|p1a: Hoopa\n|-supereffective|p1a: Hoopa\n|-damage|p1a: Hoopa|0 fnt\n|faint|p1a: Hoopa\n|\n|t:|1699782872\n|switch|p2a: Tapu Lele|Tapu Lele, tera:Psychic|100\/100|[from] U-turn\n|\n|-fieldend|move: Psychic Terrain\n|upkeep\n|\n|t:|1699782886\n|switch|p1a: Tapu Koko|Tapu Koko|100\/100\n|-fieldstart|move: Electric Terrain|[from] ability: Electric Surge|[of] p1a: Tapu Koko\n|turn|6\n|\n|t:|1699782893\n|move|p1a: Tapu Koko|Thunderbolt|p2a: Tapu Lele\n|-damage|p2a: Tapu Lele|26\/100\n|move|p2a: Tapu Lele|Psychic|p1a: Tapu Koko\n|-damage|p1a: Tapu Koko|0 fnt\n|faint|p1a: Tapu Koko\n|\n|upkeep\n|\n|t:|1699782900\n|switch|p1a: Ursaluna|Ursaluna, F|29\/100\n|turn|7\n|-message|zyminggg forfeited.\n|\n|win|CHSwhite\n|l|\u2606zyminggg\n","uploadtime":1699782909,"views":9,"p1id":"zyminggg","p2id":"chswhite","formatid":"gen9nationaldex","rating":0,"private":0,"password":""}