{"id":"gen9nationaldex-1997691910","p1":"Afogomorn","p2":"baigu2","format":"[Gen 9] National Dex","log":"|html|<div class=\"broadcast-blue\"><strong>[Gen 9] National Dex is currently suspecting Sneasler! For information on how to participate check out the <a href=\"https:\/\/www.smogon.com\/forums\/threads\/sv-national-dex-suspect-8-just-dance.3731534\/\">suspect thread<\/a>.<\/strong><\/div>\n|j|\u2606Afogomorn\n|j|\u2606baigu2\n|t:|1700842343\n|gametype|singles\n|player|p1|Afogomorn|101|1582\n|player|p2|baigu2|169|1657\n|teamsize|p1|6\n|teamsize|p2|6\n|gen|9\n|tier|[Gen 9] National Dex\n|rated|\n|rule|HP Percentage Mod: HP is shown in percentages\n|rule|Endless Battle Clause: Forcing endless battles is banned\n|rule|OHKO Clause: OHKO moves are banned\n|rule|Evasion Clause: Evasion abilities, items, and moves are banned\n|rule|Evasion Abilities Clause: Evasion abilities are banned\n|rule|Evasion Items Clause: Evasion items are banned\n|rule|Evasion Moves Clause: Evasion moves are banned\n|rule|Species Clause: Limit one of each Pok\u00e9mon\n|rule|Sleep Clause Mod: Limit one foe put to sleep\n|clearpoke\n|poke|p1|Toxapex, F|\n|poke|p1|Dondozo, M|\n|poke|p1|Chansey, F|\n|poke|p1|Gliscor, M|\n|poke|p1|Sableye, M|\n|poke|p1|Tangrowth, M|\n|poke|p2|Ursaluna, M|\n|poke|p2|Dragonite, M|\n|poke|p2|Slowking, M|\n|poke|p2|Tapu Koko|\n|poke|p2|Hoopa-Unbound|\n|poke|p2|Great Tusk|\n|teampreview\n|\n|t:|1700842351\n|start\n|switch|p1a: Sableye|Sableye, M|100\/100\n|switch|p2a: Tapu Koko|Tapu Koko|100\/100\n|-fieldstart|move: Electric Terrain|[from] ability: Electric Surge|[of] p2a: Tapu Koko\n|turn|1\n|\n|t:|1700842361\n|move|p1a: Sableye|Protect|p1a: Sableye\n|-singleturn|p1a: Sableye|Protect\n|move|p2a: Tapu Koko|Dazzling Gleam|p1a: Sableye\n|-activate|p1a: Sableye|move: Protect\n|\n|upkeep\n|turn|2\n|inactive|Battle timer is ON: inactive players will automatically lose when time's up. (requested by baigu2)\n|\n|t:|1700842372\n|switch|p2a: Great Tusk|Great Tusk|100\/100\n|switch|p1a: Toxapex|Toxapex, F|100\/100\n|\n|upkeep\n|turn|3\n|\n|t:|1700842379\n|move|p2a: Great Tusk|Stealth Rock|p1a: Toxapex\n|-sidestart|p1: Afogomorn|move: Stealth Rock\n|move|p1a: Toxapex|Toxic|p2a: Great Tusk\n|-status|p2a: Great Tusk|tox\n|\n|-damage|p2a: Great Tusk|94\/100 tox|[from] psn\n|upkeep\n|turn|4\n|\n|t:|1700842394\n|switch|p1a: Tangrowth|Tangrowth, M|100\/100\n|-damage|p1a: Tangrowth|88\/100|[from] Stealth Rock\n|move|p2a: Great Tusk|Ice Spinner|p1a: Tangrowth\n|-supereffective|p1a: Tangrowth\n|-damage|p1a: Tangrowth|55\/100\n|-damage|p2a: Great Tusk|78\/100 tox|[from] item: Rocky Helmet|[of] p1a: Tangrowth\n|-fieldend|move: Electric Terrain\n|\n|-damage|p2a: Great Tusk|65\/100 tox|[from] psn\n|upkeep\n|turn|5\n|\n|t:|1700842408\n|-end|p2a: Great Tusk|Protosynthesis|[silent]\n|switch|p2a: Dragonite|Dragonite, M|100\/100\n|move|p1a: Tangrowth|Giga Drain|p2a: Dragonite\n|-resisted|p2a: Dragonite\n|-damage|p2a: Dragonite|97\/100\n|-heal|p1a: Tangrowth|57\/100|[from] drain|[of] p2a: Dragonite\n|\n|upkeep\n|turn|6\n|\n|t:|1700842419\n|switch|p1a: Dondozo|Dondozo, M|100\/100\n|-damage|p1a: Dondozo|88\/100|[from] Stealth Rock\n|move|p2a: Dragonite|Outrage|p1a: Dondozo\n|-damage|p1a: Dondozo|45\/100\n|\n|-heal|p1a: Dondozo|51\/100|[from] item: Leftovers\n|upkeep\n|turn|7\n|\n|t:|1700842429\n|move|p2a: Dragonite|Outrage|p1a: Dondozo|[from]lockedmove\n|-damage|p1a: Dondozo|5\/100\n|move|p1a: Dondozo|Rest|p1a: Dondozo\n|-status|p1a: Dondozo|slp|[from] move: Rest\n|-heal|p1a: Dondozo|100\/100 slp|[silent]\n|\n|upkeep\n|turn|8\n|\n|t:|1700842439\n|switch|p1a: Tangrowth|Tangrowth, M|90\/100\n|-damage|p1a: Tangrowth|78\/100|[from] Stealth Rock\n|move|p2a: Dragonite|Outrage|p1a: Tangrowth|[from]lockedmove\n|-damage|p1a: Tangrowth|23\/100\n|-damage|p2a: Dragonite|81\/100|[from] item: Rocky Helmet|[of] p1a: Tangrowth\n|-start|p2a: Dragonite|confusion|[fatigue]\n|\n|upkeep\n|turn|9\n|\n|t:|1700842451\n|switch|p1a: Toxapex|Toxapex, F|100\/100\n|-damage|p1a: Toxapex|88\/100|[from] Stealth Rock\n|-activate|p2a: Dragonite|confusion\n|move|p2a: Dragonite|Outrage|p1a: Toxapex\n|-damage|p1a: Toxapex|8\/100\n|\n|-heal|p1a: Toxapex|14\/100|[from] item: Black Sludge\n|upkeep\n|turn|10\n|\n|t:|1700842463\n|switch|p1a: Dondozo|Dondozo, M|100\/100 slp\n|-damage|p1a: Dondozo|88\/100 slp|[from] Stealth Rock\n|-activate|p2a: Dragonite|confusion\n|move|p2a: Dragonite|Outrage|p1a: Dondozo|[from]lockedmove\n|-damage|p1a: Dondozo|39\/100 slp\n|\n|-heal|p1a: Dondozo|45\/100 slp|[from] item: Leftovers\n|upkeep\n|turn|11\n|\n|t:|1700842475\n|-end|p2a: Dragonite|confusion\n|move|p2a: Dragonite|Outrage|p1a: Dondozo|[from]lockedmove\n|-damage|p1a: Dondozo|0 fnt\n|faint|p1a: Dondozo\n|-start|p2a: Dragonite|confusion|[fatigue]\n|\n|upkeep\n|-message|Afogomorn forfeited.\n|\n|win|baigu2\n|raw|Afogomorn's rating: 1582 &rarr; <strong>1566<\/strong><br \/>(-16 for losing)\n|raw|baigu2's rating: 1657 &rarr; <strong>1673<\/strong><br \/>(+16 for winning)\n|l|\u2606Afogomorn\n","uploadtime":1700842484,"views":0,"p1id":"afogomorn","p2id":"baigu2","formatid":"gen9nationaldex","rating":1566,"private":0,"password":""}