{"id":"gen9nationaldex-1993981001","p1":"Freedom Demon","p2":"As cheu","format":"[Gen 9] National Dex","log":"|j|\u2606Freedom Demon\n|j|\u2606As cheu\n|t:|1700387502\n|gametype|singles\n|player|p1|Freedom Demon|winona|1589\n|player|p2|As cheu|officeworker|1672\n|teamsize|p1|6\n|teamsize|p2|6\n|gen|9\n|tier|[Gen 9] National Dex\n|rated|\n|rule|HP Percentage Mod: HP is shown in percentages\n|rule|Endless Battle Clause: Forcing endless battles is banned\n|rule|OHKO Clause: OHKO moves are banned\n|rule|Evasion Clause: Evasion abilities, items, and moves are banned\n|rule|Evasion Abilities Clause: Evasion abilities are banned\n|rule|Evasion Items Clause: Evasion items are banned\n|rule|Evasion Moves Clause: Evasion moves are banned\n|rule|Species Clause: Limit one of each Pok\u00e9mon\n|rule|Sleep Clause Mod: Limit one foe put to sleep\n|clearpoke\n|poke|p1|Sneasler, M|\n|poke|p1|Rillaboom, M|\n|poke|p1|Banette, M|\n|poke|p1|Hoopa-Unbound|\n|poke|p1|Corviknight, M|\n|poke|p1|Tyranitar, F|\n|poke|p2|Cloyster, M|\n|poke|p2|Umbreon, F|\n|poke|p2|Gardevoir, F|\n|poke|p2|Forretress, M|\n|poke|p2|Thundurus-Therian, M|\n|poke|p2|Sneasler, M|\n|teampreview\n|inactive|Battle timer is ON: inactive players will automatically lose when time's up. (requested by As cheu)\n|\n|t:|1700387519\n|start\n|switch|p1a: \u72c2\u86ee\u9b54\u5c0a|Hoopa-Unbound|100\/100\n|switch|p2a: Sneasler|Sneasler, M|100\/100\n|turn|1\n|\n|t:|1700387527\n|move|p2a: Sneasler|Switcheroo|p1a: \u72c2\u86ee\u9b54\u5c0a\n|-activate|p2a: Sneasler|move: Trick|[of] p1a: \u72c2\u86ee\u9b54\u5c0a\n|-item|p1a: \u72c2\u86ee\u9b54\u5c0a|Choice Scarf|[from] move: Switcheroo\n|-item|p2a: Sneasler|Choice Specs|[from] move: Switcheroo\n|move|p1a: \u72c2\u86ee\u9b54\u5c0a|Psyshock|p2a: Sneasler\n|-supereffective|p2a: Sneasler\n|-damage|p2a: Sneasler|0 fnt\n|faint|p2a: Sneasler\n|\n|upkeep\n|\n|t:|1700387547\n|switch|p2a: \u56e1\u56e1|Umbreon, F|100\/100\n|turn|2\n|\n|t:|1700387564\n|switch|p1a: Corviknight|Corviknight, M|100\/100\n|-ability|p1a: Corviknight|Pressure\n|switch|p2a: Forretress|Forretress, M|100\/100\n|\n|upkeep\n|turn|3\n|\n|t:|1700387569\n|move|p1a: Corviknight|Brave Bird|p2a: Forretress\n|-damage|p2a: Forretress|79\/100\n|-damage|p1a: Corviknight|84\/100|[from] item: Rocky Helmet|[of] p2a: Forretress\n|-damage|p1a: Corviknight|78\/100|[from] Recoil\n|move|p2a: Forretress|Stealth Rock|p1a: Corviknight\n|-sidestart|p1: Freedom Demon|move: Stealth Rock\n|\n|upkeep\n|turn|4\n|\n|t:|1700387576\n|switch|p2a: Thundurus|Thundurus-Therian, M|100\/100\n|move|p1a: Corviknight|U-turn|p2a: Thundurus\n|-resisted|p2a: Thundurus\n|-damage|p2a: Thundurus|89\/100\n|\n|t:|1700387582\n|switch|p1a: Tyranitar|Tyranitar, F|100\/100|[from] U-turn\n|-damage|p1a: Tyranitar|88\/100|[from] Stealth Rock\n|-weather|Sandstorm|[from] ability: Sand Stream|[of] p1a: Tyranitar\n|\n|-weather|Sandstorm|[upkeep]\n|-damage|p2a: Thundurus|83\/100|[from] Sandstorm\n|-heal|p1a: Tyranitar|94\/100|[from] item: Leftovers\n|upkeep\n|turn|5\n|\n|t:|1700387587\n|move|p2a: Thundurus|Focus Blast|p1a: Tyranitar\n|-supereffective|p1a: Tyranitar\n|-damage|p1a: Tyranitar|6\/100\n|move|p1a: Tyranitar|Stealth Rock|p2a: Thundurus\n|-sidestart|p2: As cheu|move: Stealth Rock\n|\n|-weather|Sandstorm|[upkeep]\n|-damage|p2a: Thundurus|77\/100|[from] Sandstorm\n|-heal|p1a: Tyranitar|12\/100|[from] item: Leftovers\n|upkeep\n|turn|6\n|inactive|Freedom Demon has 120 seconds left.\n|\n|t:|1700387633\n|switch|p1a: \u70bc\u5929\u9b54\u5c0a|Banette, M|100\/100\n|-damage|p1a: \u70bc\u5929\u9b54\u5c0a|88\/100|[from] Stealth Rock\n|-item|p2a: Thundurus|Heavy-Duty Boots|[from] ability: Frisk|[of] p1a: \u70bc\u5929\u9b54\u5c0a|[identify]\n|move|p2a: Thundurus|Thunderbolt|p1a: \u70bc\u5929\u9b54\u5c0a\n|-damage|p1a: \u70bc\u5929\u9b54\u5c0a|0 fnt\n|faint|p1a: \u70bc\u5929\u9b54\u5c0a\n|\n|-weather|Sandstorm|[upkeep]\n|-damage|p2a: Thundurus|71\/100|[from] Sandstorm\n|upkeep\n|\n|t:|1700387649\n|switch|p1a: \u72c2\u86ee\u9b54\u5c0a|Hoopa-Unbound|100\/100\n|-damage|p1a: \u72c2\u86ee\u9b54\u5c0a|88\/100|[from] Stealth Rock\n|turn|7\n|inactive|Freedom Demon has 90 seconds left.\n|\n|t:|1700387667\n|switch|p2a: \u56e1\u56e1|Umbreon, F|100\/100\n|-damage|p2a: \u56e1\u56e1|88\/100|[from] Stealth Rock\n|move|p1a: \u72c2\u86ee\u9b54\u5c0a|Thunderbolt|p2a: \u56e1\u56e1\n|-damage|p2a: \u56e1\u56e1|59\/100\n|\n|-weather|Sandstorm|[upkeep]\n|-damage|p1a: \u72c2\u86ee\u9b54\u5c0a|82\/100|[from] Sandstorm\n|-damage|p2a: \u56e1\u56e1|53\/100|[from] Sandstorm\n|-heal|p2a: \u56e1\u56e1|59\/100|[from] item: Leftovers\n|upkeep\n|turn|8\n|\n|t:|1700387673\n|move|p1a: \u72c2\u86ee\u9b54\u5c0a|Thunderbolt|p2a: \u56e1\u56e1\n|-damage|p2a: \u56e1\u56e1|31\/100\n|move|p2a: \u56e1\u56e1|Wish|p2a: \u56e1\u56e1\n|\n|-weather|none\n|-heal|p2a: \u56e1\u56e1|37\/100|[from] item: Leftovers\n|upkeep\n|turn|9\n|\n|t:|1700387682\n|switch|p1a: Corviknight|Corviknight, M|78\/100\n|-damage|p1a: Corviknight|65\/100|[from] Stealth Rock\n|-ability|p1a: Corviknight|Pressure\n|move|p2a: \u56e1\u56e1|Foul Play|p1a: Corviknight\n|-damage|p1a: Corviknight|47\/100\n|-damage|p2a: \u56e1\u56e1|21\/100|[from] item: Rocky Helmet|[of] p1a: Corviknight\n|\n|-heal|p2a: \u56e1\u56e1|71\/100|[from] move: Wish|[wisher] \u56e1\u56e1\n|-heal|p2a: \u56e1\u56e1|77\/100|[from] item: Leftovers\n|upkeep\n|turn|10\n|\n|t:|1700387686\n|move|p2a: \u56e1\u56e1|Wish|p2a: \u56e1\u56e1\n|move|p1a: Corviknight|Roost|p1a: Corviknight\n|-heal|p1a: Corviknight|97\/100\n|-singleturn|p1a: Corviknight|move: Roost\n|\n|-heal|p2a: \u56e1\u56e1|83\/100|[from] item: Leftovers\n|upkeep\n|turn|11\n|\n|t:|1700387692\n|move|p2a: \u56e1\u56e1|Foul Play|p1a: Corviknight\n|-damage|p1a: Corviknight|78\/100\n|-damage|p2a: \u56e1\u56e1|66\/100|[from] item: Rocky Helmet|[of] p1a: Corviknight\n|move|p1a: Corviknight|U-turn|p2a: \u56e1\u56e1\n|-supereffective|p2a: \u56e1\u56e1\n|-crit|p2a: \u56e1\u56e1\n|-damage|p2a: \u56e1\u56e1|42\/100\n|inactive|Freedom Demon has 120 seconds left.\n|\n|t:|1700387714\n|switch|p1a: \u5e7d\u9b42\u9b54\u5c0a|Sneasler, M|100\/100|[from] U-turn\n|-damage|p1a: \u5e7d\u9b42\u9b54\u5c0a|95\/100|[from] Stealth Rock\n|\n|-heal|p2a: \u56e1\u56e1|92\/100|[from] move: Wish|[wisher] \u56e1\u56e1\n|-heal|p2a: \u56e1\u56e1|98\/100|[from] item: Leftovers\n|upkeep\n|turn|12\n|\n|t:|1700387720\n|move|p2a: \u56e1\u56e1|Protect|p2a: \u56e1\u56e1\n|-singleturn|p2a: \u56e1\u56e1|Protect\n|move|p1a: \u5e7d\u9b42\u9b54\u5c0a|Close Combat|p2a: \u56e1\u56e1\n|-activate|p2a: \u56e1\u56e1|move: Protect\n|\n|-heal|p2a: \u56e1\u56e1|100\/100|[from] item: Leftovers\n|upkeep\n|turn|13\n|\n|t:|1700387725\n|switch|p2a: Forretress|Forretress, M|79\/100\n|-damage|p2a: Forretress|67\/100|[from] Stealth Rock\n|move|p1a: \u5e7d\u9b42\u9b54\u5c0a|Dire Claw|p2a: Forretress\n|-immune|p2a: Forretress\n|\n|upkeep\n|turn|14\n|\n|t:|1700387732\n|switch|p1a: Tyranitar|Tyranitar, F|12\/100\n|-damage|p1a: Tyranitar|0 fnt|[from] Stealth Rock\n|faint|p1a: Tyranitar\n|move|p2a: Forretress|Rapid Spin|p1: Tyranitar|[notarget]\n|-fail|p2a: Forretress\n|\n|upkeep\n|\n|t:|1700387743\n|switch|p1a: \u72c2\u86ee\u9b54\u5c0a|Hoopa-Unbound|82\/100\n|-damage|p1a: \u72c2\u86ee\u9b54\u5c0a|70\/100|[from] Stealth Rock\n|turn|15\n|\n|t:|1700387753\n|switch|p2a: \u56e1\u56e1|Umbreon, F|100\/100\n|-damage|p2a: \u56e1\u56e1|88\/100|[from] Stealth Rock\n|-terastallize|p1a: \u72c2\u86ee\u9b54\u5c0a|Fairy\n|move|p1a: \u72c2\u86ee\u9b54\u5c0a|Tera Blast|p2a: \u56e1\u56e1|[anim] Tera Blast Fairy\n|-supereffective|p2a: \u56e1\u56e1\n|-damage|p2a: \u56e1\u56e1|15\/100\n|\n|-heal|p2a: \u56e1\u56e1|21\/100|[from] item: Leftovers\n|upkeep\n|turn|16\n|\n|t:|1700387761\n|move|p2a: \u56e1\u56e1|Protect|p2a: \u56e1\u56e1\n|-singleturn|p2a: \u56e1\u56e1|Protect\n|move|p1a: \u72c2\u86ee\u9b54\u5c0a|Tera Blast|p2a: \u56e1\u56e1|[anim] Tera Blast Fairy\n|-activate|p2a: \u56e1\u56e1|move: Protect\n|\n|-heal|p2a: \u56e1\u56e1|27\/100|[from] item: Leftovers\n|upkeep\n|turn|17\n|\n|t:|1700387763\n|-terastallize|p2a: \u56e1\u56e1|Poison\n|move|p1a: \u72c2\u86ee\u9b54\u5c0a|Tera Blast|p2a: \u56e1\u56e1|[anim] Tera Blast Fairy\n|-resisted|p2a: \u56e1\u56e1\n|-damage|p2a: \u56e1\u56e1|9\/100\n|move|p2a: \u56e1\u56e1|Wish|p2a: \u56e1\u56e1\n|\n|-heal|p2a: \u56e1\u56e1|15\/100|[from] item: Leftovers\n|upkeep\n|turn|18\n|\n|t:|1700387775\n|switch|p1a: Corviknight|Corviknight, M|78\/100\n|-damage|p1a: Corviknight|66\/100|[from] Stealth Rock\n|-ability|p1a: Corviknight|Pressure\n|move|p2a: \u56e1\u56e1|Protect||[still]\n|-fail|p2a: \u56e1\u56e1\n|\n|-heal|p2a: \u56e1\u56e1|65\/100|[from] move: Wish|[wisher] \u56e1\u56e1\n|-heal|p2a: \u56e1\u56e1|71\/100|[from] item: Leftovers\n|upkeep\n|turn|19\n|\n|t:|1700387785\n|move|p2a: \u56e1\u56e1|Wish|p2a: \u56e1\u56e1\n|move|p1a: Corviknight|U-turn|p2a: \u56e1\u56e1\n|-resisted|p2a: \u56e1\u56e1\n|-damage|p2a: \u56e1\u56e1|67\/100\n|\n|t:|1700387794\n|switch|p1a: \u72c2\u86ee\u9b54\u5c0a|Hoopa-Unbound, tera:Fairy|70\/100|[from] U-turn\n|-damage|p1a: \u72c2\u86ee\u9b54\u5c0a|57\/100|[from] Stealth Rock\n|\n|-heal|p2a: \u56e1\u56e1|73\/100|[from] item: Leftovers\n|upkeep\n|turn|20\n|\n|t:|1700387800\n|move|p2a: \u56e1\u56e1|Protect|p2a: \u56e1\u56e1\n|-singleturn|p2a: \u56e1\u56e1|Protect\n|move|p1a: \u72c2\u86ee\u9b54\u5c0a|Psyshock|p2a: \u56e1\u56e1\n|-activate|p2a: \u56e1\u56e1|move: Protect\n|\n|-heal|p2a: \u56e1\u56e1|100\/100|[from] move: Wish|[wisher] \u56e1\u56e1\n|upkeep\n|turn|21\n|\n|t:|1700387805\n|switch|p2a: \u88d9\u4e0b\u4e4b\u81e3|Gardevoir, F, shiny|100\/100\n|-damage|p2a: \u88d9\u4e0b\u4e4b\u81e3|88\/100|[from] Stealth Rock\n|-ability|p2a: \u88d9\u4e0b\u4e4b\u81e3|Magician|[from] ability: Trace|[of] p1a: \u72c2\u86ee\u9b54\u5c0a\n|move|p1a: \u72c2\u86ee\u9b54\u5c0a|Psyshock|p2a: \u88d9\u4e0b\u4e4b\u81e3\n|-resisted|p2a: \u88d9\u4e0b\u4e4b\u81e3\n|-damage|p2a: \u88d9\u4e0b\u4e4b\u81e3|56\/100\n|\n|upkeep\n|turn|22\n|\n|t:|1700387810\n|switch|p1a: Corviknight|Corviknight, M|66\/100\n|-damage|p1a: Corviknight|53\/100|[from] Stealth Rock\n|-ability|p1a: Corviknight|Pressure\n|detailschange|p2a: \u88d9\u4e0b\u4e4b\u81e3|Gardevoir-Mega, F, shiny\n|-mega|p2a: \u88d9\u4e0b\u4e4b\u81e3|Gardevoir|Gardevoirite\n|move|p2a: \u88d9\u4e0b\u4e4b\u81e3|Hyper Voice|p1a: Corviknight\n|-resisted|p1a: Corviknight\n|-damage|p1a: Corviknight|24\/100\n|\n|upkeep\n|turn|23\n|\n|t:|1700387818\n|move|p2a: \u88d9\u4e0b\u4e4b\u81e3|Hyper Voice|p1a: Corviknight\n|-resisted|p1a: Corviknight\n|-damage|p1a: Corviknight|0 fnt\n|faint|p1a: Corviknight\n|\n|upkeep\n|\n|t:|1700387844\n|switch|p1a: \u5e7d\u9b42\u9b54\u5c0a|Sneasler, M|95\/100\n|-damage|p1a: \u5e7d\u9b42\u9b54\u5c0a|89\/100|[from] Stealth Rock\n|turn|24\n|\n|t:|1700387858\n|move|p1a: \u5e7d\u9b42\u9b54\u5c0a|Dire Claw|p2a: \u88d9\u4e0b\u4e4b\u81e3\n|-supereffective|p2a: \u88d9\u4e0b\u4e4b\u81e3\n|-damage|p2a: \u88d9\u4e0b\u4e4b\u81e3|0 fnt\n|faint|p2a: \u88d9\u4e0b\u4e4b\u81e3\n|\n|upkeep\n|\n|t:|1700387861\n|switch|p2a: Forretress|Forretress, M|67\/100\n|-damage|p2a: Forretress|54\/100|[from] Stealth Rock\n|turn|25\n|\n|t:|1700387870\n|move|p1a: \u5e7d\u9b42\u9b54\u5c0a|Close Combat|p2a: Forretress\n|-damage|p2a: Forretress|15\/100\n|-unboost|p1a: \u5e7d\u9b42\u9b54\u5c0a|def|1\n|-unboost|p1a: \u5e7d\u9b42\u9b54\u5c0a|spd|1\n|-damage|p1a: \u5e7d\u9b42\u9b54\u5c0a|72\/100|[from] item: Rocky Helmet|[of] p2a: Forretress\n|move|p2a: Forretress|Rapid Spin|p1a: \u5e7d\u9b42\u9b54\u5c0a\n|-damage|p1a: \u5e7d\u9b42\u9b54\u5c0a|43\/100\n|-boost|p2a: Forretress|spe|1\n|-sideend|p2: As cheu|Stealth Rock|[from] move: Rapid Spin|[of] p2a: Forretress\n|\n|upkeep\n|turn|26\n|\n|t:|1700387894\n|move|p1a: \u5e7d\u9b42\u9b54\u5c0a|Close Combat|p2a: Forretress\n|-damage|p2a: Forretress|0 fnt\n|-unboost|p1a: \u5e7d\u9b42\u9b54\u5c0a|def|1\n|-unboost|p1a: \u5e7d\u9b42\u9b54\u5c0a|spd|1\n|-damage|p1a: \u5e7d\u9b42\u9b54\u5c0a|26\/100|[from] item: Rocky Helmet|[of] p2a: Forretress\n|faint|p2a: Forretress\n|\n|upkeep\n|\n|t:|1700387897\n|switch|p2a: \u9b3c\u65af|Cloyster, M|100\/100\n|turn|27\n|\n|t:|1700387903\n|move|p2a: \u9b3c\u65af|Ice Shard|p1a: \u5e7d\u9b42\u9b54\u5c0a\n|-damage|p1a: \u5e7d\u9b42\u9b54\u5c0a|0 fnt\n|faint|p1a: \u5e7d\u9b42\u9b54\u5c0a\n|\n|upkeep\n|\n|t:|1700387909\n|switch|p1a: \u5143\u83b2\u4ed9\u5c0a|Rillaboom, M|100\/100\n|-damage|p1a: \u5143\u83b2\u4ed9\u5c0a|88\/100|[from] Stealth Rock\n|-fieldstart|move: Grassy Terrain|[from] ability: Grassy Surge|[of] p1a: \u5143\u83b2\u4ed9\u5c0a\n|turn|28\n|\n|t:|1700387912\n|move|p1a: \u5143\u83b2\u4ed9\u5c0a|Grassy Glide|p2a: \u9b3c\u65af\n|-supereffective|p2a: \u9b3c\u65af\n|-damage|p2a: \u9b3c\u65af|18\/100\n|move|p2a: \u9b3c\u65af|Icicle Spear|p1a: \u5143\u83b2\u4ed9\u5c0a\n|-supereffective|p1a: \u5143\u83b2\u4ed9\u5c0a\n|-damage|p1a: \u5143\u83b2\u4ed9\u5c0a|68\/100\n|-supereffective|p1a: \u5143\u83b2\u4ed9\u5c0a\n|-damage|p1a: \u5143\u83b2\u4ed9\u5c0a|47\/100\n|-supereffective|p1a: \u5143\u83b2\u4ed9\u5c0a\n|-damage|p1a: \u5143\u83b2\u4ed9\u5c0a|27\/100\n|-supereffective|p1a: \u5143\u83b2\u4ed9\u5c0a\n|-damage|p1a: \u5143\u83b2\u4ed9\u5c0a|7\/100\n|-supereffective|p1a: \u5143\u83b2\u4ed9\u5c0a\n|-damage|p1a: \u5143\u83b2\u4ed9\u5c0a|0 fnt\n|faint|p1a: \u5143\u83b2\u4ed9\u5c0a\n|-hitcount|p1: \u5143\u83b2\u4ed9\u5c0a|5\n|\n|-heal|p2a: \u9b3c\u65af|25\/100|[from] Grassy Terrain\n|upkeep\n|\n|t:|1700387921\n|switch|p1a: \u72c2\u86ee\u9b54\u5c0a|Hoopa-Unbound, tera:Fairy|57\/100\n|-damage|p1a: \u72c2\u86ee\u9b54\u5c0a|45\/100|[from] Stealth Rock\n|turn|29\n|\n|t:|1700387924\n|move|p2a: \u9b3c\u65af|Ice Shard|p1a: \u72c2\u86ee\u9b54\u5c0a\n|-damage|p1a: \u72c2\u86ee\u9b54\u5c0a|18\/100\n|move|p1a: \u72c2\u86ee\u9b54\u5c0a|Psyshock|p2a: \u9b3c\u65af\n|-damage|p2a: \u9b3c\u65af|0 fnt\n|faint|p2a: \u9b3c\u65af\n|\n|-heal|p1a: \u72c2\u86ee\u9b54\u5c0a|24\/100|[from] Grassy Terrain\n|upkeep\n|-message|Freedom Demon forfeited.\n|\n|win|As cheu\n|raw|Freedom Demon's rating: 1589 &rarr; <strong>1574<\/strong><br \/>(-15 for losing)\n|raw|As cheu's rating: 1672 &rarr; <strong>1687<\/strong><br \/>(+15 for winning)\n|l|\u2606Freedom Demon\n","uploadtime":1700387933,"views":8,"p1id":"freedomdemon","p2id":"ascheu","formatid":"gen9nationaldex","rating":1574,"private":0,"password":""}