{"id":"gen9nationaldex-1989294110","p1":"potw13 Never Lucky","p2":"pigeonmuffdiver","format":"[Gen 9] National Dex","log":"|j|\u2606potw13 Never Lucky\n|j|\u2606pigeonmuffdiver\n|t:|1699832918\n|gametype|singles\n|player|p1|potw13 Never Lucky|steven|1216\n|player|p2|pigeonmuffdiver|boarder|1318\n|teamsize|p1|6\n|teamsize|p2|6\n|gen|9\n|tier|[Gen 9] National Dex\n|rated|\n|rule|HP Percentage Mod: HP is shown in percentages\n|rule|Endless Battle Clause: Forcing endless battles is banned\n|rule|OHKO Clause: OHKO moves are banned\n|rule|Evasion Clause: Evasion abilities, items, and moves are banned\n|rule|Evasion Abilities Clause: Evasion abilities are banned\n|rule|Evasion Items Clause: Evasion items are banned\n|rule|Evasion Moves Clause: Evasion moves are banned\n|rule|Species Clause: Limit one of each Pok\u00e9mon\n|rule|Sleep Clause Mod: Limit one foe put to sleep\n|clearpoke\n|poke|p1|Ogerpon-Cornerstone, F|\n|poke|p1|Perrserker, F|\n|poke|p1|Kommo-o, M|\n|poke|p1|Rotom-Wash|\n|poke|p1|Scizor, M|\n|poke|p1|Blacephalon|\n|poke|p2|Venusaur, M|\n|poke|p2|Samurott-Hisui, M|\n|poke|p2|Ceruledge, F|\n|poke|p2|Corviknight, M|\n|poke|p2|Mamoswine, F|\n|poke|p2|Articuno-Galar|\n|teampreview\n|\n|t:|1699832926\n|start\n|switch|p1a: Perrserker|Perrserker, F|100\/100\n|switch|p2a: George|Samurott-Hisui, M|100\/100\n|turn|1\n|\n|t:|1699832934\n|move|p1a: Perrserker|Fake Out|p2a: George\n|-damage|p2a: George|83\/100\n|cant|p2a: George|flinch\n|\n|upkeep\n|turn|2\n|\n|t:|1699832941\n|-terastallize|p2a: George|Ghost\n|move|p2a: George|Ceaseless Edge|p1a: Perrserker\n|-damage|p1a: Perrserker|57\/100\n|-sidestart|p1: potw13 Never Lucky|Spikes\n|move|p1a: Perrserker|U-turn|p2a: George\n|-resisted|p2a: George\n|-damage|p2a: George|67\/100\n|\n|t:|1699832958\n|switch|p1a: Rotom|Rotom-Wash|100\/100|[from] U-turn\n|\n|upkeep\n|turn|3\n|\n|t:|1699832976\n|move|p2a: George|Ceaseless Edge|p1a: Rotom\n|-damage|p1a: Rotom|66\/100\n|-sidestart|p1: potw13 Never Lucky|Spikes\n|move|p1a: Rotom|Thunder Wave|p2a: George\n|-status|p2a: George|par\n|\n|-heal|p1a: Rotom|71\/100|[from] item: Leftovers\n|upkeep\n|turn|4\n|\n|t:|1699832987\n|move|p1a: Rotom|Defog|p2a: George\n|-unboost|p2a: George|evasion|1\n|-sideend|p1: potw13 Never Lucky|Spikes|[from] move: Defog|[of] p1a: Rotom\n|move|p2a: George|Ceaseless Edge|p1a: Rotom\n|-damage|p1a: Rotom|34\/100\n|-sidestart|p1: potw13 Never Lucky|Spikes\n|\n|-heal|p1a: Rotom|40\/100|[from] item: Leftovers\n|upkeep\n|turn|5\n|\n|t:|1699832997\n|move|p1a: Rotom|Hydro Pump|p2a: George\n|-damage|p2a: George|5\/100 par\n|move|p2a: George|Ceaseless Edge|p1a: Rotom\n|-damage|p1a: Rotom|8\/100\n|-sidestart|p1: potw13 Never Lucky|Spikes\n|\n|-heal|p1a: Rotom|14\/100|[from] item: Leftovers\n|upkeep\n|turn|6\n|\n|t:|1699833010\n|move|p2a: George|Aqua Jet|p1a: Rotom\n|-resisted|p1a: Rotom\n|-damage|p1a: Rotom|7\/100\n|move|p1a: Rotom|Defog|p2a: George\n|-unboost|p2a: George|evasion|1\n|-sideend|p1: potw13 Never Lucky|Spikes|[from] move: Defog|[of] p1a: Rotom\n|\n|-heal|p1a: Rotom|13\/100|[from] item: Leftovers\n|upkeep\n|turn|7\n|\n|t:|1699833027\n|cant|p2a: George|par\n|move|p1a: Rotom|Volt Switch|p2a: George\n|-damage|p2a: George|0 fnt\n|faint|p2a: George\n|\n|t:|1699833040\n|switch|p1a: Ogerpon|Ogerpon-Cornerstone, F|100\/100|[from] Volt Switch\n|\n|upkeep\n|\n|t:|1699833051\n|switch|p2a: Kathy|Mamoswine, F|100\/100\n|turn|8\n|\n|t:|1699833062\n|move|p1a: Ogerpon|Horn Leech|p2a: Kathy\n|-supereffective|p2a: Kathy\n|-damage|p2a: Kathy|0 fnt\n|faint|p2a: Kathy\n|\n|upkeep\n|\n|t:|1699833073\n|switch|p2a: Lester|Ceruledge, F|100\/100\n|turn|9\n|\n|t:|1699833082\n|move|p1a: Ogerpon|Ivy Cudgel|p2a: Lester\n|-supereffective|p2a: Lester\n|-enditem|p2a: Lester|Focus Sash\n|-damage|p2a: Lester|1\/100\n|-ability|p2a: Lester|Weak Armor|boost\n|-unboost|p2a: Lester|def|1\n|-boost|p2a: Lester|spe|2\n|move|p2a: Lester|Close Combat|p1a: Ogerpon\n|-supereffective|p1a: Ogerpon\n|-ability|p1a: Ogerpon|Sturdy\n|-damage|p1a: Ogerpon|1\/100\n|-unboost|p2a: Lester|def|1\n|-unboost|p2a: Lester|spd|1\n|\n|upkeep\n|turn|10\n|\n|t:|1699833094\n|switch|p1a: Rotom|Rotom-Wash|13\/100\n|move|p2a: Lester|Shadow Sneak|p1a: Rotom\n|-damage|p1a: Rotom|0 fnt\n|faint|p1a: Rotom\n|\n|upkeep\n|\n|t:|1699833115\n|switch|p1a: Scizor|Scizor, M|100\/100\n|turn|11\n|\n|t:|1699833127\n|switch|p2a: Debra|Corviknight, M|100\/100\n|-ability|p2a: Debra|Pressure\n|detailschange|p1a: Scizor|Scizor-Mega, M\n|-mega|p1a: Scizor|Scizor|Scizorite\n|move|p1a: Scizor|Swords Dance|p1a: Scizor\n|-boost|p1a: Scizor|atk|2\n|\n|upkeep\n|turn|12\n|\n|t:|1699833141\n|move|p1a: Scizor|U-turn|p2a: Debra\n|-resisted|p2a: Debra\n|-damage|p2a: Debra|90\/100\n|-damage|p1a: Scizor|84\/100|[from] item: Rocky Helmet|[of] p2a: Debra\n|\n|t:|1699833146\n|switch|p1a: Ogerpon|Ogerpon-Cornerstone, F|1\/100|[from] U-turn\n|move|p2a: Debra|Brave Bird|p1a: Ogerpon\n|-damage|p1a: Ogerpon|0 fnt\n|faint|p1a: Ogerpon\n|-damage|p2a: Debra|90\/100|[from] Recoil\n|\n|upkeep\n|\n|t:|1699833147\n|switch|p1a: Blacephalon|Blacephalon|100\/100\n|turn|13\n|\n|t:|1699833162\n|switch|p2a: Lester|Ceruledge, F|1\/100\n|move|p1a: Blacephalon|Flamethrower|p2a: Lester\n|-resisted|p2a: Lester\n|-damage|p2a: Lester|0 fnt\n|faint|p2a: Lester\n|-ability|p1a: Blacephalon|Beast Boost|boost\n|-boost|p1a: Blacephalon|spa|1\n|\n|upkeep\n|\n|t:|1699833170\n|switch|p2a: Ardie|Articuno-Galar|100\/100\n|turn|14\n|\n|t:|1699833184\n|switch|p1a: Perrserker|Perrserker, F|57\/100\n|move|p2a: Ardie|Agility|p2a: Ardie\n|-boost|p2a: Ardie|spe|2\n|\n|upkeep\n|turn|15\n|\n|t:|1699833192\n|move|p1a: Perrserker|Fake Out|p2a: Ardie\n|-damage|p2a: Ardie|85\/100\n|cant|p2a: Ardie|flinch\n|\n|upkeep\n|turn|16\n|\n|t:|1699833197\n|move|p2a: Ardie|Calm Mind|p2a: Ardie\n|-boost|p2a: Ardie|spa|1\n|-boost|p2a: Ardie|spd|1\n|move|p1a: Perrserker|Iron Head|p2a: Ardie\n|-damage|p2a: Ardie|20\/100\n|\n|upkeep\n|turn|17\n|\n|t:|1699833206\n|move|p2a: Ardie|Stored Power|p1a: Perrserker\n|-resisted|p1a: Perrserker\n|-damage|p1a: Perrserker|27\/100\n|move|p1a: Perrserker|Iron Head|p2a: Ardie\n|-damage|p2a: Ardie|0 fnt\n|faint|p2a: Ardie\n|\n|upkeep\n|\n|t:|1699833214\n|switch|p2a: Vivian|Venusaur, M|100\/100\n|turn|18\n|\n|t:|1699833219\n|detailschange|p2a: Vivian|Venusaur-Mega, M\n|-mega|p2a: Vivian|Venusaur|Venusaurite\n|move|p2a: Vivian|Leech Seed|p1a: Perrserker\n|-start|p1a: Perrserker|move: Leech Seed\n|move|p1a: Perrserker|U-turn|p2a: Vivian\n|-damage|p2a: Vivian|81\/100\n|\n|t:|1699833224\n|switch|p1a: Kommo-o|Kommo-o, M|100\/100|[from] U-turn\n|\n|upkeep\n|turn|19\n|\n|t:|1699833229\n|-zpower|p1a: Kommo-o\n|move|p1a: Kommo-o|Clangorous Soulblaze|p2a: Vivian|[zeffect]\n|-damage|p2a: Vivian|34\/100\n|-boost|p1a: Kommo-o|atk|1\n|-boost|p1a: Kommo-o|def|1\n|-boost|p1a: Kommo-o|spa|1\n|-boost|p1a: Kommo-o|spd|1\n|-boost|p1a: Kommo-o|spe|1\n|move|p2a: Vivian|Leech Seed|p1a: Kommo-o\n|-start|p1a: Kommo-o|move: Leech Seed\n|\n|-damage|p1a: Kommo-o|88\/100|[from] Leech Seed|[of] p2a: Vivian\n|-heal|p2a: Vivian|44\/100|[silent]\n|upkeep\n|turn|20\n|\n|t:|1699833244\n|move|p2a: Vivian|Protect|p2a: Vivian\n|-singleturn|p2a: Vivian|Protect\n|move|p1a: Kommo-o|Clanging Scales|p2a: Vivian\n|-activate|p2a: Vivian|move: Protect\n|\n|-damage|p1a: Kommo-o|76\/100|[from] Leech Seed|[of] p2a: Vivian\n|-heal|p2a: Vivian|54\/100|[silent]\n|upkeep\n|turn|21\n|\n|t:|1699833253\n|move|p1a: Kommo-o|Clanging Scales|p2a: Vivian\n|-crit|p2a: Vivian\n|-damage|p2a: Vivian|0 fnt\n|faint|p2a: Vivian\n|-unboost|p1a: Kommo-o|def|1\n|\n|upkeep\n|-message|pigeonmuffdiver forfeited.\n|\n|win|potw13 Never Lucky\n|raw|potw13 Never Lucky's rating: 1247 &rarr; <strong>1277<\/strong><br \/>(+30 for winning)\n|raw|pigeonmuffdiver's rating: 1318 &rarr; <strong>1294<\/strong><br \/>(-24 for losing)\n|l|\u2606pigeonmuffdiver\n|l|\u2606potw13 Never Lucky\n|j|\u2606potw13 Never Lucky\n|player|p1|potw13 Never Lucky|steven\n","uploadtime":1699833270,"views":12,"p1id":"potw13neverlucky","p2id":"pigeonmuffdiver","formatid":"gen9nationaldex","rating":1277,"private":0,"password":""}