{"id":"gen9nationaldex-1996557871","p1":"SSSSANDDDDD!!!","p2":"FARTMACHINE666","format":"[Gen 9] National Dex","log":"|html|<div class=\"broadcast-blue\"><strong>[Gen 9] National Dex is currently suspecting Sneasler! For information on how to participate check out the <a href=\"https:\/\/www.smogon.com\/forums\/threads\/sv-national-dex-suspect-8-just-dance.3731534\/\">suspect thread<\/a>.<\/strong><\/div>\n|j|\u2606SSSSANDDDDD!!!\n|j|\u2606FARTMACHINE666\n|t:|1700694095\n|gametype|singles\n|player|p1|SSSSANDDDDD!!!|shadowtriad|\n|player|p2|FARTMACHINE666|biker-gen4|\n|teamsize|p1|6\n|teamsize|p2|6\n|gen|9\n|tier|[Gen 9] National Dex\n|rule|HP Percentage Mod: HP is shown in percentages\n|rule|Endless Battle Clause: Forcing endless battles is banned\n|rule|OHKO Clause: OHKO moves are banned\n|rule|Evasion Clause: Evasion abilities, items, and moves are banned\n|rule|Evasion Abilities Clause: Evasion abilities are banned\n|rule|Evasion Items Clause: Evasion items are banned\n|rule|Evasion Moves Clause: Evasion moves are banned\n|rule|Species Clause: Limit one of each Pok\u00e9mon\n|rule|Sleep Clause Mod: Limit one foe put to sleep\n|clearpoke\n|poke|p1|Skeledirge, M|\n|poke|p1|Typhlosion, M|\n|poke|p1|Golurk|\n|poke|p1|Sylveon, F|\n|poke|p1|Serperior, F|\n|poke|p1|Musharna, F|\n|poke|p2|Maractus, M|\n|poke|p2|Garganacl, F|\n|poke|p2|Clodsire, M|\n|poke|p2|Darmanitan, F|\n|poke|p2|Magnezone|\n|poke|p2|Persian, F|\n|teampreview\n|\n|t:|1700694109\n|start\n|switch|p1a: Gringa|Musharna, F, shiny|100\/100\n|switch|p2a: acne|Clodsire, M, shiny|100\/100\n|turn|1\n|\n|t:|1700694122\n|move|p1a: Gringa|Reflect|p1a: Gringa\n|-sidestart|p1: SSSSANDDDDD!!!|Reflect\n|move|p2a: acne|Toxic Spikes|p1a: Gringa\n|-sidestart|p1: SSSSANDDDDD!!!|move: Toxic Spikes\n|\n|upkeep\n|turn|2\n|\n|t:|1700694126\n|move|p1a: Gringa|Light Screen|p1a: Gringa\n|-sidestart|p1: SSSSANDDDDD!!!|move: Light Screen\n|move|p2a: acne|Toxic Spikes|p1a: Gringa\n|-sidestart|p1: SSSSANDDDDD!!!|move: Toxic Spikes\n|\n|upkeep\n|turn|3\n|\n|t:|1700694131\n|move|p1a: Gringa|Future Sight|p2a: acne\n|-start|p1a: Gringa|move: Future Sight\n|move|p2a: acne|Stealth Rock|p1a: Gringa\n|-sidestart|p1: SSSSANDDDDD!!!|move: Stealth Rock\n|\n|upkeep\n|turn|4\n|\n|t:|1700694139\n|switch|p2a: doombuster|Magnezone|100\/100\n|move|p1a: Gringa|Reflect||[still]\n|-fail|p1a: Gringa\n|\n|upkeep\n|turn|5\n|\n|t:|1700694145\n|move|p2a: doombuster|Reflect|p2a: doombuster\n|-sidestart|p2: FARTMACHINE666|Reflect\n|move|p1a: Gringa|Reflect||[still]\n|-fail|p1a: Gringa\n|\n|-end|p2a: doombuster|move: Future Sight\n|-resisted|p2a: doombuster\n|-damage|p2a: doombuster|76\/100\n|-sideend|p1: SSSSANDDDDD!!!|Reflect\n|upkeep\n|turn|6\n|\n|t:|1700694153\n|move|p2a: doombuster|Light Screen|p2a: doombuster\n|-sidestart|p2: FARTMACHINE666|move: Light Screen\n|move|p1a: Gringa|Reflect|p1a: Gringa\n|-sidestart|p1: SSSSANDDDDD!!!|Reflect\n|\n|-sideend|p1: SSSSANDDDDD!!!|move: Light Screen\n|upkeep\n|turn|7\n|\n|t:|1700694158\n|switch|p2a: straight pride|Maractus, M|100\/100\n|move|p1a: Gringa|Light Screen|p1a: Gringa\n|-sidestart|p1: SSSSANDDDDD!!!|move: Light Screen\n|\n|upkeep\n|turn|8\n|\n|t:|1700694166\n|switch|p1a: Grakka|Serperior, F, shiny|100\/100\n|-status|p1a: Grakka|tox\n|-damage|p1a: Grakka|88\/100 tox|[from] Stealth Rock\n|move|p2a: straight pride|Sunny Day|p2a: straight pride\n|-weather|SunnyDay\n|\n|-weather|SunnyDay|[upkeep]\n|-damage|p1a: Grakka|82\/100 tox|[from] psn\n|upkeep\n|turn|9\n|\n|t:|1700694175\n|move|p2a: straight pride|Weather Ball|p1a: Grakka\n|-supereffective|p1a: Grakka\n|-damage|p1a: Grakka|29\/100 tox\n|move|p1a: Grakka|Defog|p2a: straight pride\n|-unboost|p2a: straight pride|evasion|1\n|-sideend|p2: FARTMACHINE666|Reflect\n|-sideend|p2: FARTMACHINE666|move: Light Screen\n|-sideend|p1: SSSSANDDDDD!!!|Toxic Spikes|[from] move: Defog|[of] p1a: Grakka\n|-sideend|p1: SSSSANDDDDD!!!|Stealth Rock|[from] move: Defog|[of] p1a: Grakka\n|\n|-weather|SunnyDay|[upkeep]\n|-damage|p1a: Grakka|16\/100 tox|[from] psn\n|upkeep\n|-enditem|p1a: Grakka|Aguav Berry|[eat]\n|-heal|p1a: Grakka|50\/100 tox|[from] item: Aguav Berry\n|turn|10\n|\n|t:|1700694193\n|switch|p1a: Binbobo|Skeledirge, M|100\/100\n|move|p2a: straight pride|Weather Ball|p1a: Binbobo\n|-resisted|p1a: Binbobo\n|-damage|p1a: Binbobo|88\/100\n|\n|-weather|SunnyDay|[upkeep]\n|-heal|p1a: Binbobo|94\/100|[from] item: Leftovers\n|-sideend|p1: SSSSANDDDDD!!!|Reflect\n|upkeep\n|turn|11\n|\n|t:|1700694203\n|switch|p2a: ungabunga|Darmanitan, F, shiny|100\/100\n|move|p1a: Binbobo|Torch Song|p2a: ungabunga\n|-resisted|p2a: ungabunga\n|-damage|p2a: ungabunga|55\/100\n|-boost|p1a: Binbobo|spa|1\n|\n|-weather|SunnyDay|[upkeep]\n|-heal|p1a: Binbobo|99\/100|[from] item: Leftovers\n|-sideend|p1: SSSSANDDDDD!!!|move: Light Screen\n|upkeep\n|turn|12\n|\n|t:|1700694217\n|-terastallize|p1a: Binbobo|Water\n|move|p2a: ungabunga|Earthquake|p1a: Binbobo\n|-damage|p1a: Binbobo|59\/100\n|move|p1a: Binbobo|Torch Song|p2a: ungabunga\n|-resisted|p2a: ungabunga\n|-damage|p2a: ungabunga|0 fnt\n|-boost|p1a: Binbobo|spa|1\n|faint|p2a: ungabunga\n|\n|-weather|SunnyDay|[upkeep]\n|-heal|p1a: Binbobo|65\/100|[from] item: Leftovers\n|upkeep\n|\n|t:|1700694227\n|switch|p2a: straight pride|Maractus, M|100\/100\n|turn|13\n|c|\u2606SSSSANDDDDD!!!|YES\n|\n|t:|1700694233\n|move|p2a: straight pride|Solar Beam||[still]\n|-prepare|p2a: straight pride|Solar Beam\n|-anim|p2a: straight pride|Solar Beam|p1a: Binbobo\n|-supereffective|p1a: Binbobo\n|-damage|p1a: Binbobo|0 fnt\n|faint|p1a: Binbobo\n|\n|-weather|SunnyDay|[upkeep]\n|upkeep\n|c|\u2606SSSSANDDDDD!!!|huh\n|\n|t:|1700694243\n|switch|p1a: WOO|Typhlosion, M|100\/100\n|turn|14\n|\n|t:|1700694250\n|switch|p2a: acne|Clodsire, M, shiny|100\/100\n|move|p1a: WOO|Eruption|p2a: acne\n|-damage|p2a: acne|54\/100\n|\n|-weather|SunnyDay|[upkeep]\n|-heal|p2a: acne|60\/100|[from] item: Leftovers\n|upkeep\n|turn|15\n|\n|t:|1700694262\n|move|p1a: WOO|Earthquake|p2a: acne\n|-supereffective|p2a: acne\n|-damage|p2a: acne|13\/100\n|move|p2a: acne|Sludge Bomb|p1a: WOO\n|-damage|p1a: WOO|82\/100\n|\n|-weather|none\n|-heal|p2a: acne|19\/100|[from] item: Leftovers\n|upkeep\n|turn|16\n|\n|t:|1700694270\n|switch|p2a: rarity|Persian, F, shiny|100\/100\n|move|p1a: WOO|Earthquake|p2a: rarity\n|-damage|p2a: rarity|56\/100\n|\n|upkeep\n|turn|17\n|\n|t:|1700694276\n|switch|p1a: Vinzk|Golurk, shiny|100\/100\n|move|p2a: rarity|Fake Out|p1a: Vinzk\n|-immune|p1a: Vinzk\n|\n|upkeep\n|turn|18\n|\n|t:|1700694283\n|move|p1a: Vinzk|Power-Up Punch|p2a: rarity\n|-supereffective|p2a: rarity\n|-damage|p2a: rarity|0 fnt\n|-boost|p1a: Vinzk|atk|1\n|faint|p2a: rarity\n|\n|upkeep\n|\n|t:|1700694292\n|switch|p2a: straight pride|Maractus, M|100\/100\n|turn|19\n|\n|t:|1700694302\n|switch|p1a: Gringa|Musharna, F, shiny|100\/100\n|move|p2a: straight pride|Sunny Day|p2a: straight pride\n|-weather|SunnyDay\n|\n|-weather|SunnyDay|[upkeep]\n|upkeep\n|turn|20\n|\n|t:|1700694308\n|move|p2a: straight pride|Solar Beam||[still]\n|-prepare|p2a: straight pride|Solar Beam\n|-anim|p2a: straight pride|Solar Beam|p1a: Gringa\n|-damage|p1a: Gringa|60\/100\n|move|p1a: Gringa|Reflect|p1a: Gringa\n|-sidestart|p1: SSSSANDDDDD!!!|Reflect\n|\n|-weather|SunnyDay|[upkeep]\n|-heal|p1a: Gringa|66\/100|[from] item: Leftovers\n|upkeep\n|turn|21\n|\n|t:|1700694326\n|-terastallize|p2a: straight pride|Fire\n|move|p2a: straight pride|Weather Ball|p1a: Gringa\n|-damage|p1a: Gringa|10\/100\n|move|p1a: Gringa|Light Screen|p1a: Gringa\n|-sidestart|p1: SSSSANDDDDD!!!|move: Light Screen\n|\n|-weather|SunnyDay|[upkeep]\n|-heal|p1a: Gringa|17\/100|[from] item: Leftovers\n|upkeep\n|turn|22\n|c|\u2606SSSSANDDDDD!!!|am i\n|c|\u2606SSSSANDDDDD!!!|winnning??\n|\n|t:|1700694340\n|move|p2a: straight pride|Weather Ball|p1a: Gringa\n|-damage|p1a: Gringa|0 fnt\n|faint|p1a: Gringa\n|\n|-weather|SunnyDay|[upkeep]\n|upkeep\n|c|\u2606FARTMACHINE666|mayyyybvbveee\n|\n|t:|1700694346\n|switch|p1a: Grakka|Serperior, F, shiny|50\/100 tox\n|turn|23\n|\n|t:|1700694350\n|move|p2a: straight pride|Weather Ball|p1a: Grakka\n|-supereffective|p1a: Grakka\n|-damage|p1a: Grakka|0 fnt\n|faint|p1a: Grakka\n|\n|-weather|SunnyDay|[upkeep]\n|upkeep\n|\n|t:|1700694358\n|switch|p1a: Vinzk|Golurk, shiny|100\/100\n|turn|24\n|\n|t:|1700694364\n|move|p2a: straight pride|Solar Beam||[still]\n|-prepare|p2a: straight pride|Solar Beam\n|-anim|p2a: straight pride|Solar Beam|p1a: Vinzk\n|-supereffective|p1a: Vinzk\n|-damage|p1a: Vinzk|37\/100\n|move|p1a: Vinzk|Earthquake|p2a: straight pride\n|-supereffective|p2a: straight pride\n|-damage|p2a: straight pride|0 fnt\n|faint|p2a: straight pride\n|\n|-weather|SunnyDay|[upkeep]\n|-sideend|p1: SSSSANDDDDD!!!|Reflect\n|upkeep\n|c|\u2606SSSSANDDDDD!!!|MY BOY\n|\n|t:|1700694383\n|switch|p2a: acne|Clodsire, M, shiny|19\/100\n|turn|25\n|\n|t:|1700694400\n|switch|p1a: WOO|Typhlosion, M|82\/100\n|move|p2a: acne|Stealth Rock|p1a: WOO\n|-sidestart|p1: SSSSANDDDDD!!!|move: Stealth Rock\n|\n|-weather|SunnyDay|[upkeep]\n|-heal|p2a: acne|25\/100|[from] item: Leftovers\n|-sideend|p1: SSSSANDDDDD!!!|move: Light Screen\n|upkeep\n|turn|26\n|\n|t:|1700694412\n|move|p1a: WOO|Shadow Ball|p2a: acne\n|-damage|p2a: acne|14\/100\n|move|p2a: acne|Sludge Bomb|p1a: WOO\n|-damage|p1a: WOO|62\/100\n|\n|-weather|none\n|-heal|p2a: acne|20\/100|[from] item: Leftovers\n|upkeep\n|turn|27\n|\n|t:|1700694420\n|move|p1a: WOO|Earthquake|p2a: acne\n|-supereffective|p2a: acne\n|-damage|p2a: acne|0 fnt\n|faint|p2a: acne\n|\n|upkeep\n|\n|t:|1700694432\n|switch|p2a: gabbastabba|Garganacl, F|100\/100\n|turn|28\n|c|\u2606SSSSANDDDDD!!!|HMM\n|\n|t:|1700694456\n|move|p1a: WOO|Earthquake|p2a: gabbastabba\n|-supereffective|p2a: gabbastabba\n|-damage|p2a: gabbastabba|69\/100\n|move|p2a: gabbastabba|Salt Cure|p1a: WOO\n|-supereffective|p1a: WOO\n|-damage|p1a: WOO|8\/100\n|-start|p1a: WOO|Salt Cure\n|\n|-damage|p1a: WOO|0 fnt|[from] Salt Cure\n|faint|p1a: WOO\n|upkeep\n|\n|t:|1700694468\n|switch|p1a: Vinzk|Golurk, shiny|37\/100\n|-damage|p1a: Vinzk|30\/100|[from] Stealth Rock\n|turn|29\n|\n|t:|1700694475\n|move|p1a: Vinzk|Drain Punch|p2a: gabbastabba\n|-supereffective|p2a: gabbastabba\n|-damage|p2a: gabbastabba|22\/100\n|-heal|p1a: Vinzk|58\/100|[from] drain|[of] p2a: gabbastabba\n|move|p2a: gabbastabba|Avalanche|p1a: Vinzk\n|-supereffective|p1a: Vinzk\n|-damage|p1a: Vinzk|0 fnt\n|faint|p1a: Vinzk\n|\n|upkeep\n|\n|t:|1700694484\n|switch|p1a: Momomo|Sylveon, F|100\/100\n|-damage|p1a: Momomo|88\/100|[from] Stealth Rock\n|turn|30\n|c|\u2606FARTMACHINE666|it's over.\n|\n|t:|1700694497\n|move|p1a: Momomo|Hyper Voice|p2a: gabbastabba\n|-damage|p2a: gabbastabba|0 fnt\n|faint|p2a: gabbastabba\n|\n|upkeep\n|\n|t:|1700694499\n|switch|p2a: doombuster|Magnezone|76\/100\n|turn|31\n|c|\u2606SSSSANDDDDD!!!|damnit\n|\n|t:|1700694558\n|move|p1a: Momomo|Moonblast|p2a: doombuster\n|-resisted|p2a: doombuster\n|-damage|p2a: doombuster|49\/100\n|move|p2a: doombuster|Flash Cannon|p1a: Momomo\n|-supereffective|p1a: Momomo\n|-damage|p1a: Momomo|12\/100\n|\n|upkeep\n|turn|32\n|\n|t:|1700694592\n|move|p1a: Momomo|Hyper Voice|p2a: doombuster\n|-resisted|p2a: doombuster\n|-damage|p2a: doombuster|16\/100\n|move|p2a: doombuster|Flash Cannon|p1a: Momomo\n|-supereffective|p1a: Momomo\n|-damage|p1a: Momomo|0 fnt\n|faint|p1a: Momomo\n|\n|win|FARTMACHINE666\n|c|\u2606SSSSANDDDDD!!!|gg\n","uploadtime":1700694621,"views":8,"p1id":"ssssanddddd","p2id":"fartmachine666","formatid":"gen9nationaldex","rating":0,"private":0,"password":""}