{"id":"gen9nationaldex-1999287284","p1":"bugmonobestmono","p2":"shallow sing","format":"[Gen 9] National Dex","log":"|html|<div class=\"broadcast-blue\"><strong>[Gen 9] National Dex is currently suspecting Sneasler! For information on how to participate check out the <a href=\"https:\/\/www.smogon.com\/forums\/threads\/sv-national-dex-suspect-8-just-dance.3731534\/\">suspect thread<\/a>.<\/strong><\/div>\n|j|\u2606bugmonobestmono\n|j|\u2606shallow sing\n|t:|1701055340\n|gametype|singles\n|player|p1|bugmonobestmono|bugcatcher-gen4dp|1670\n|player|p2|shallow sing|acerola|1610\n|teamsize|p1|6\n|teamsize|p2|6\n|gen|9\n|tier|[Gen 9] National Dex\n|rated|\n|rule|HP Percentage Mod: HP is shown in percentages\n|rule|Endless Battle Clause: Forcing endless battles is banned\n|rule|OHKO Clause: OHKO moves are banned\n|rule|Evasion Clause: Evasion abilities, items, and moves are banned\n|rule|Evasion Abilities Clause: Evasion abilities are banned\n|rule|Evasion Items Clause: Evasion items are banned\n|rule|Evasion Moves Clause: Evasion moves are banned\n|rule|Species Clause: Limit one of each Pok\u00e9mon\n|rule|Sleep Clause Mod: Limit one foe put to sleep\n|clearpoke\n|poke|p1|Volcarona, M|\n|poke|p1|Scizor, M|\n|poke|p1|Centiskorch, M|\n|poke|p1|Araquanid, F|\n|poke|p1|Kleavor, M|\n|poke|p1|Buzzwole|\n|poke|p2|Tapu Lele|\n|poke|p2|Moltres|\n|poke|p2|Urshifu-*, F|\n|poke|p2|Banette, F|\n|poke|p2|Kommo-o, F|\n|poke|p2|Landorus-Therian, M|\n|teampreview\n|inactive|Battle timer is ON: inactive players will automatically lose when time's up. (requested by bugmonobestmono)\n|inactive|shallow sing also wants the timer to be on.\n|c|\u2606bugmonobestmono|glhf\n|\n|t:|1701055349\n|start\n|switch|p1a: Kleavor|Kleavor, M|100\/100\n|switch|p2a: Kommo-o|Kommo-o, F|100\/100\n|turn|1\n|\n|t:|1701055356\n|move|p1a: Kleavor|U-turn|p2a: Kommo-o\n|-resisted|p2a: Kommo-o\n|-crit|p2a: Kommo-o\n|-damage|p2a: Kommo-o|68\/100\n|\n|t:|1701055359\n|switch|p1a: Centiskorch|Centiskorch, M|100\/100|[from] U-turn\n|-zpower|p2a: Kommo-o\n|move|p2a: Kommo-o|Clangorous Soulblaze|p1a: Centiskorch|[zeffect]\n|-damage|p1a: Centiskorch|62\/100\n|-boost|p2a: Kommo-o|atk|1\n|-boost|p2a: Kommo-o|def|1\n|-boost|p2a: Kommo-o|spa|1\n|-boost|p2a: Kommo-o|spd|1\n|-boost|p2a: Kommo-o|spe|1\n|\n|upkeep\n|turn|2\n|\n|t:|1701055375\n|move|p2a: Kommo-o|Clanging Scales|p1a: Centiskorch\n|-damage|p1a: Centiskorch|28\/100\n|-unboost|p2a: Kommo-o|def|1\n|move|p1a: Centiskorch|Fire Lash|p2a: Kommo-o\n|-resisted|p2a: Kommo-o\n|-damage|p2a: Kommo-o|52\/100\n|-unboost|p2a: Kommo-o|def|1\n|\n|upkeep\n|turn|3\n|\n|t:|1701055384\n|move|p2a: Kommo-o|Clanging Scales|p1a: Centiskorch\n|-damage|p1a: Centiskorch|0 fnt\n|faint|p1a: Centiskorch\n|-unboost|p2a: Kommo-o|def|1\n|\n|upkeep\n|\n|t:|1701055389\n|switch|p1a: Scizor|Scizor, M|100\/100\n|turn|4\n|\n|t:|1701055393\n|switch|p2a: Moltres|Moltres|100\/100\n|detailschange|p1a: Scizor|Scizor-Mega, M\n|-mega|p1a: Scizor|Scizor|Scizorite\n|move|p1a: Scizor|Bullet Punch|p2a: Moltres\n|-resisted|p2a: Moltres\n|-damage|p2a: Moltres|90\/100\n|-status|p1a: Scizor|brn|[from] ability: Flame Body|[of] p2a: Moltres\n|\n|-damage|p1a: Scizor|94\/100 brn|[from] brn\n|upkeep\n|turn|5\n|\n|t:|1701055406\n|switch|p1a: Kleavor|Kleavor, M|100\/100\n|move|p2a: Moltres|U-turn|p1a: Kleavor\n|-damage|p1a: Kleavor|83\/100\n|\n|t:|1701055419\n|switch|p2a: Urshifu|Urshifu-Rapid-Strike, F|100\/100|[from] U-turn\n|\n|upkeep\n|turn|6\n|\n|t:|1701055431\n|move|p1a: Kleavor|Stone Axe|p2a: Urshifu\n|-resisted|p2a: Urshifu\n|-damage|p2a: Urshifu|77\/100\n|-sidestart|p2: shallow sing|move: Stealth Rock\n|move|p2a: Urshifu|Swords Dance|p2a: Urshifu\n|-boost|p2a: Urshifu|atk|2\n|\n|upkeep\n|turn|7\n|\n|t:|1701055439\n|move|p1a: Kleavor|Stone Axe|p2a: Urshifu\n|-resisted|p2a: Urshifu\n|-damage|p2a: Urshifu|51\/100\n|move|p2a: Urshifu|Trailblaze|p1a: Kleavor\n|-damage|p1a: Kleavor|35\/100\n|-boost|p2a: Urshifu|spe|1\n|\n|upkeep\n|turn|8\n|\n|t:|1701055447\n|move|p2a: Urshifu|Drain Punch|p1a: Kleavor\n|-damage|p1a: Kleavor|0 fnt\n|-heal|p2a: Urshifu|66\/100|[from] drain|[of] p1a: Kleavor\n|faint|p1a: Kleavor\n|\n|upkeep\n|\n|t:|1701055450\n|switch|p1a: Buzzwole|Buzzwole|100\/100\n|turn|9\n|\n|t:|1701055461\n|move|p2a: Urshifu|Surging Strikes|p1a: Buzzwole\n|-crit|p1a: Buzzwole\n|-damage|p1a: Buzzwole|77\/100\n|-crit|p1a: Buzzwole\n|-damage|p1a: Buzzwole|54\/100\n|-crit|p1a: Buzzwole\n|-damage|p1a: Buzzwole|30\/100\n|-hitcount|p1a: Buzzwole|3\n|move|p1a: Buzzwole|Thunder Punch|p2a: Urshifu\n|-supereffective|p2a: Urshifu\n|-damage|p2a: Urshifu|7\/100\n|-status|p2a: Urshifu|par\n|\n|-heal|p1a: Buzzwole|37\/100|[from] item: Leftovers\n|upkeep\n|turn|10\n|\n|t:|1701055474\n|move|p2a: Urshifu|Surging Strikes|p1a: Buzzwole\n|-crit|p1a: Buzzwole\n|-damage|p1a: Buzzwole|13\/100\n|-crit|p1a: Buzzwole\n|-damage|p1a: Buzzwole|0 fnt\n|faint|p1a: Buzzwole\n|-hitcount|p1: Buzzwole|2\n|\n|upkeep\n|\n|t:|1701055478\n|switch|p1a: Volcarona|Volcarona, M|100\/100\n|turn|11\n|\n|t:|1701055486\n|-terastallize|p1a: Volcarona|Grass\n|move|p1a: Volcarona|Quiver Dance|p1a: Volcarona\n|-boost|p1a: Volcarona|spa|1\n|-boost|p1a: Volcarona|spd|1\n|-boost|p1a: Volcarona|spe|1\n|move|p2a: Urshifu|Surging Strikes|p1a: Volcarona\n|-resisted|p1a: Volcarona\n|-crit|p1a: Volcarona\n|-damage|p1a: Volcarona|73\/100\n|-resisted|p1a: Volcarona\n|-crit|p1a: Volcarona\n|-damage|p1a: Volcarona|44\/100\n|-resisted|p1a: Volcarona\n|-crit|p1a: Volcarona\n|-damage|p1a: Volcarona|15\/100\n|-hitcount|p1a: Volcarona|3\n|\n|upkeep\n|turn|12\n|\n|t:|1701055500\n|move|p1a: Volcarona|Giga Drain|p2a: Urshifu\n|-supereffective|p2a: Urshifu\n|-damage|p2a: Urshifu|0 fnt\n|-heal|p1a: Volcarona|19\/100|[from] drain|[of] p2a: Urshifu\n|faint|p2a: Urshifu\n|\n|upkeep\n|\n|t:|1701055506\n|switch|p2a: Banette|Banette, F|100\/100\n|-damage|p2a: Banette|88\/100|[from] Stealth Rock\n|turn|13\n|\n|t:|1701055511\n|detailschange|p2a: Banette|Banette-Mega, F\n|-mega|p2a: Banette|Banette|Banettite\n|move|p2a: Banette|Shadow Sneak|p1a: Volcarona\n|-damage|p1a: Volcarona|0 fnt\n|faint|p1a: Volcarona\n|\n|upkeep\n|\n|t:|1701055516\n|switch|p1a: Araquanid|Araquanid, F|100\/100\n|turn|14\n|\n|t:|1701055520\n|move|p2a: Banette|Destiny Bond|p2a: Banette\n|-singlemove|p2a: Banette|Destiny Bond\n|move|p1a: Araquanid|Liquidation|p2a: Banette\n|-damage|p2a: Banette|0 fnt\n|faint|p2a: Banette\n|-activate|p2a: Banette|move: Destiny Bond\n|faint|p1a: Araquanid\n|\n|upkeep\n|-message|bugmonobestmono forfeited.\n|\n|win|shallow sing\n|raw|bugmonobestmono's rating: 1670 &rarr; <strong>1647<\/strong><br \/>(-23 for losing)\n|raw|shallow sing's rating: 1610 &rarr; <strong>1633<\/strong><br \/>(+23 for winning)\n|l|\u2606bugmonobestmono\n","uploadtime":1701055538,"views":23,"p1id":"bugmonobestmono","p2id":"shallowsing","formatid":"gen9nationaldex","rating":1633,"private":0,"password":""}