{"id":"gen9nationaldex-1992764596","p1":"faradey","p2":"as cheu","format":"[Gen 9] National Dex","log":"|j|\u2606faradey\n|j|\u2606as cheu\n|t:|1700233392\n|gametype|singles\n|player|p1|faradey|170|1553\n|player|p2|as cheu|101|1565\n|teamsize|p1|6\n|teamsize|p2|6\n|gen|9\n|tier|[Gen 9] National Dex\n|rated|\n|rule|HP Percentage Mod: HP is shown in percentages\n|rule|Endless Battle Clause: Forcing endless battles is banned\n|rule|OHKO Clause: OHKO moves are banned\n|rule|Evasion Clause: Evasion abilities, items, and moves are banned\n|rule|Evasion Abilities Clause: Evasion abilities are banned\n|rule|Evasion Items Clause: Evasion items are banned\n|rule|Evasion Moves Clause: Evasion moves are banned\n|rule|Species Clause: Limit one of each Pok\u00e9mon\n|rule|Sleep Clause Mod: Limit one foe put to sleep\n|clearpoke\n|poke|p1|Ferrothorn, M|\n|poke|p1|Landorus-Therian, M|\n|poke|p1|Iron Valiant|\n|poke|p1|Zamazenta-*|\n|poke|p1|Muk-Alola, F|\n|poke|p1|Diancie|\n|poke|p2|Steelix, M|\n|poke|p2|Hatterene, F|\n|poke|p2|Greninja-*, M|\n|poke|p2|Marowak-Alola, M|\n|poke|p2|Medicham, F|\n|poke|p2|Salamence, M|\n|teampreview\n|\n|t:|1700233397\n|start\n|switch|p1a: Diancie|Diancie|100\/100\n|switch|p2a: Salamence|Salamence, M|100\/100\n|-ability|p2a: Salamence|Intimidate|boost\n|-fail|p1a: Diancie|unboost|[from] ability: Clear Body|[of] p1a: Diancie\n|turn|1\n|inactive|Battle timer is ON: inactive players will automatically lose when time's up. (requested by as cheu)\n|\n|t:|1700233403\n|switch|p2a: Steelix|Steelix, M|100\/100\n|detailschange|p1a: Diancie|Diancie-Mega\n|-mega|p1a: Diancie|Diancie|Diancite\n|move|p1a: Diancie|Moonblast|p2a: Steelix\n|-resisted|p2a: Steelix\n|-damage|p2a: Steelix|73\/100\n|\n|upkeep\n|turn|2\n|\n|t:|1700233411\n|switch|p1a: Ferrothorn|Ferrothorn, M|100\/100\n|-terastallize|p2a: Steelix|Water\n|move|p2a: Steelix|Earthquake|p1a: Ferrothorn\n|-damage|p1a: Ferrothorn|83\/100\n|\n|upkeep\n|turn|3\n|\n|t:|1700233420\n|switch|p2a: Hatterene|Hatterene, F|100\/100\n|move|p1a: Ferrothorn|Spikes|p2a: Hatterene\n|move|p2a: Hatterene|Spikes|p1a: Ferrothorn|[from]ability: Magic Bounce\n|-sidestart|p1: faradey|Spikes\n|\n|upkeep\n|turn|4\n|\n|t:|1700233428\n|move|p2a: Hatterene|Mystical Fire|p1a: Ferrothorn\n|-supereffective|p1a: Ferrothorn\n|-damage|p1a: Ferrothorn|10\/100\n|-unboost|p1a: Ferrothorn|spa|1\n|move|p1a: Ferrothorn|Gyro Ball|p2a: Hatterene\n|-supereffective|p2a: Hatterene\n|-damage|p2a: Hatterene|63\/100\n|\n|upkeep\n|turn|5\n|\n|t:|1700233437\n|switch|p1a: Diancie|Diancie-Mega|100\/100\n|-damage|p1a: Diancie|88\/100|[from] Spikes\n|move|p2a: Hatterene|Mystical Fire|p1a: Diancie\n|-resisted|p1a: Diancie\n|-damage|p1a: Diancie|72\/100\n|-unboost|p1a: Diancie|spa|1\n|\n|upkeep\n|turn|6\n|\n|t:|1700233445\n|move|p1a: Diancie|Diamond Storm|p2a: Hatterene\n|-damage|p2a: Hatterene|13\/100\n|-boost|p1a: Diancie|def|2\n|move|p2a: Hatterene|Nuzzle|p1a: Diancie\n|-damage|p1a: Diancie|69\/100\n|-status|p1a: Diancie|par\n|\n|upkeep\n|turn|7\n|\n|t:|1700233454\n|move|p1a: Diancie|Moonblast|p2a: Hatterene\n|-damage|p2a: Hatterene|0 fnt\n|faint|p2a: Hatterene\n|\n|upkeep\n|\n|t:|1700233460\n|switch|p2a: Medicham|Medicham, F|100\/100\n|turn|8\n|\n|t:|1700233463\n|switch|p1a: Landorus|Landorus-Therian, M|100\/100\n|-ability|p1a: Landorus|Intimidate|boost\n|-unboost|p2a: Medicham|atk|1\n|detailschange|p2a: Medicham|Medicham-Mega, F\n|-mega|p2a: Medicham|Medicham|Medichamite\n|move|p2a: Medicham|Psycho Cut|p1a: Landorus\n|-damage|p1a: Landorus|53\/100\n|\n|-heal|p1a: Landorus|58\/100|[from] item: Leftovers\n|upkeep\n|turn|9\n|\n|t:|1700233477\n|move|p2a: Medicham|Psycho Cut|p1a: Landorus\n|-damage|p1a: Landorus|2\/100\n|move|p1a: Landorus|Earthquake|p2a: Medicham\n|-damage|p2a: Medicham|15\/100\n|\n|-heal|p1a: Landorus|8\/100|[from] item: Leftovers\n|upkeep\n|turn|10\n|\n|t:|1700233483\n|move|p2a: Medicham|Close Combat|p1a: Landorus\n|-resisted|p1a: Landorus\n|-damage|p1a: Landorus|0 fnt\n|-unboost|p2a: Medicham|def|1\n|-unboost|p2a: Medicham|spd|1\n|faint|p1a: Landorus\n|\n|upkeep\n|\n|t:|1700233489\n|switch|p1a: Iron Valiant|Iron Valiant|100\/100\n|-damage|p1a: Iron Valiant|88\/100|[from] Spikes\n|-enditem|p1a: Iron Valiant|Booster Energy\n|-activate|p1a: Iron Valiant|ability: Quark Drive|[fromitem]\n|-start|p1a: Iron Valiant|quarkdrivespe\n|turn|11\n|\n|t:|1700233498\n|move|p2a: Medicham|Bullet Punch|p1a: Iron Valiant\n|-supereffective|p1a: Iron Valiant\n|-damage|p1a: Iron Valiant|42\/100\n|move|p1a: Iron Valiant|Calm Mind|p1a: Iron Valiant\n|-boost|p1a: Iron Valiant|spa|1\n|-boost|p1a: Iron Valiant|spd|1\n|\n|upkeep\n|turn|12\n|\n|t:|1700233506\n|switch|p2a: Steelix|Steelix, M, tera:Water|73\/100\n|move|p1a: Iron Valiant|Aura Sphere|p2a: Steelix\n|-damage|p2a: Steelix|15\/100\n|\n|upkeep\n|turn|13\n|\n|t:|1700233513\n|move|p1a: Iron Valiant|Moonblast|p2a: Steelix\n|-damage|p2a: Steelix|0 fnt\n|faint|p2a: Steelix\n|\n|upkeep\n|\n|t:|1700233515\n|switch|p2a: Medicham|Medicham-Mega, F|15\/100\n|turn|14\n|\n|t:|1700233519\n|-end|p1a: Iron Valiant|Quark Drive|[silent]\n|switch|p1a: Ferrothorn|Ferrothorn, M|10\/100\n|-damage|p1a: Ferrothorn|0 fnt|[from] Spikes\n|faint|p1a: Ferrothorn\n|move|p2a: Medicham|Fake Out|p1: Ferrothorn|[notarget]\n|-fail|p2a: Medicham\n|\n|upkeep\n|\n|t:|1700233524\n|switch|p1a: Zamazenta|Zamazenta|100\/100\n|-damage|p1a: Zamazenta|88\/100|[from] Spikes\n|-ability|p1a: Zamazenta|Dauntless Shield|boost\n|-boost|p1a: Zamazenta|def|1\n|turn|15\n|\n|t:|1700233531\n|switch|p2a: Salamence|Salamence, M|100\/100\n|-ability|p2a: Salamence|Intimidate|boost\n|-unboost|p1a: Zamazenta|atk|1\n|move|p1a: Zamazenta|Substitute|p1a: Zamazenta\n|-start|p1a: Zamazenta|Substitute\n|-damage|p1a: Zamazenta|63\/100\n|\n|-heal|p1a: Zamazenta|69\/100|[from] item: Leftovers\n|upkeep\n|turn|16\n|\n|t:|1700233541\n|-terastallize|p1a: Zamazenta|Dark\n|move|p1a: Zamazenta|Iron Defense|p1a: Zamazenta\n|-boost|p1a: Zamazenta|def|2\n|move|p2a: Salamence|Flamethrower|p1a: Zamazenta\n|-end|p1a: Zamazenta|Substitute\n|\n|-heal|p1a: Zamazenta|76\/100|[from] item: Leftovers\n|upkeep\n|turn|17\n|\n|t:|1700233552\n|move|p1a: Zamazenta|Iron Defense|p1a: Zamazenta\n|-boost|p1a: Zamazenta|def|2\n|move|p2a: Salamence|Flamethrower|p1a: Zamazenta\n|-damage|p1a: Zamazenta|51\/100\n|-status|p1a: Zamazenta|brn\n|\n|-heal|p1a: Zamazenta|57\/100 brn|[from] item: Leftovers\n|-damage|p1a: Zamazenta|51\/100 brn|[from] brn\n|upkeep\n|turn|18\n|\n|t:|1700233558\n|move|p1a: Zamazenta|Body Press|p2a: Salamence\n|-resisted|p2a: Salamence\n|-damage|p2a: Salamence|56\/100\n|move|p2a: Salamence|Draco Meteor|p1a: Zamazenta\n|-damage|p1a: Zamazenta|0 fnt\n|-unboost|p2a: Salamence|spa|2\n|faint|p1a: Zamazenta\n|\n|upkeep\n|-message|faradey forfeited.\n|\n|win|as cheu\n|raw|faradey's rating: 1553 &rarr; <strong>1534<\/strong><br \/>(-19 for losing)\n|raw|as cheu's rating: 1565 &rarr; <strong>1584<\/strong><br \/>(+19 for winning)\n","uploadtime":1700233593,"views":9,"p1id":"faradey","p2id":"ascheu","formatid":"gen9nationaldex","rating":1534,"private":0,"password":""}