{"id":"gen9nationaldex-2000097582","p1":"Ackesh","p2":"Mr.liang","format":"[Gen 9] National Dex","log":"|html|<div class=\"broadcast-blue\"><strong>[Gen 9] National Dex is currently suspecting Sneasler! For information on how to participate check out the <a href=\"https:\/\/www.smogon.com\/forums\/threads\/sv-national-dex-suspect-8-just-dance.3731534\/\">suspect thread<\/a>.<\/strong><\/div>\n|j|\u2606Ackesh\n|j|\u2606Mr.liang\n|t:|1701154290\n|gametype|singles\n|player|p1|Ackesh|silver|1721\n|player|p2|Mr.liang|1|1694\n|teamsize|p1|6\n|teamsize|p2|6\n|gen|9\n|tier|[Gen 9] National Dex\n|rated|\n|rule|HP Percentage Mod: HP is shown in percentages\n|rule|Endless Battle Clause: Forcing endless battles is banned\n|rule|OHKO Clause: OHKO moves are banned\n|rule|Evasion Clause: Evasion abilities, items, and moves are banned\n|rule|Evasion Abilities Clause: Evasion abilities are banned\n|rule|Evasion Items Clause: Evasion items are banned\n|rule|Evasion Moves Clause: Evasion moves are banned\n|rule|Species Clause: Limit one of each Pok\u00e9mon\n|rule|Sleep Clause Mod: Limit one foe put to sleep\n|clearpoke\n|poke|p1|Venusaur, M|\n|poke|p1|Kyurem|\n|poke|p1|Torkoal, F|\n|poke|p1|Landorus-Therian, M|\n|poke|p1|Heatran, M|\n|poke|p1|Victini|\n|poke|p2|Moltres|\n|poke|p2|Garganacl, M|\n|poke|p2|Alomomola, F|\n|poke|p2|Tyranitar, F|\n|poke|p2|Ditto|\n|poke|p2|Mew|\n|teampreview\n|\n|t:|1701154303\n|start\n|switch|p1a: Landorus|Landorus-Therian, M|100\/100\n|switch|p2a: Mew|Mew|100\/100\n|-ability|p1a: Landorus|Intimidate|boost\n|-unboost|p2a: Mew|atk|1\n|turn|1\n|inactive|Battle timer is ON: inactive players will automatically lose when time's up. (requested by Mr.liang)\n|\n|t:|1701154308\n|switch|p1a: Torkoal|Torkoal, F|100\/100\n|-weather|SunnyDay|[from] ability: Drought|[of] p1a: Torkoal\n|move|p2a: Mew|Taunt|p1a: Torkoal\n|-start|p1a: Torkoal|move: Taunt\n|\n|-weather|SunnyDay|[upkeep]\n|upkeep\n|turn|2\n|\n|t:|1701154312\n|switch|p1a: Landorus|Landorus-Therian, M|100\/100\n|-ability|p1a: Landorus|Intimidate|boost\n|-unboost|p2a: Mew|atk|1\n|move|p2a: Mew|Block|p1a: Landorus\n|-activate|p1a: Landorus|trapped\n|\n|-weather|SunnyDay|[upkeep]\n|upkeep\n|turn|3\n|\n|t:|1701154316\n|move|p2a: Mew|Imprison|p2a: Mew\n|-start|p2a: Mew|move: Imprison\n|move|p1a: Landorus|U-turn|p2a: Mew\n|-supereffective|p2a: Mew\n|-damage|p2a: Mew|59\/100\n|\n|t:|1701154330\n|switch|p1a: Victini|Victini|100\/100|[from] U-turn\n|\n|-weather|SunnyDay|[upkeep]\n|-heal|p2a: Mew|65\/100|[from] item: Leftovers\n|upkeep\n|turn|4\n|\n|t:|1701154335\n|switch|p2a: Alomomola|Alomomola, F|100\/100\n|move|p1a: Victini|U-turn|p2a: Alomomola\n|-crit|p2a: Alomomola\n|-damage|p2a: Alomomola|85\/100\n|\n|t:|1701154350\n|switch|p1a: Kyurem|Kyurem|100\/100|[from] U-turn\n|-ability|p1a: Kyurem|Pressure\n|\n|-weather|SunnyDay|[upkeep]\n|upkeep\n|turn|5\n|\n|t:|1701154358\n|move|p1a: Kyurem|Freeze-Dry|p2a: Alomomola\n|-supereffective|p2a: Alomomola\n|-damage|p2a: Alomomola|0 fnt\n|faint|p2a: Alomomola\n|-damage|p1a: Kyurem|91\/100|[from] item: Life Orb\n|\n|-weather|SunnyDay|[upkeep]\n|upkeep\n|\n|t:|1701154362\n|switch|p2a: Tyranitar|Tyranitar, F|100\/100\n|-weather|Sandstorm|[from] ability: Sand Stream|[of] p2a: Tyranitar\n|turn|6\n|\n|t:|1701154364\n|switch|p1a: Landorus|Landorus-Therian, M|100\/100\n|-ability|p1a: Landorus|Intimidate|boost\n|-unboost|p2a: Tyranitar|atk|1\n|move|p2a: Tyranitar|Knock Off|p1a: Landorus\n|-damage|p1a: Landorus|74\/100\n|-enditem|p1a: Landorus|Soft Sand|[from] move: Knock Off|[of] p2a: Tyranitar\n|\n|-weather|Sandstorm|[upkeep]\n|upkeep\n|turn|7\n|\n|t:|1701154373\n|move|p1a: Landorus|U-turn|p2a: Tyranitar\n|-supereffective|p2a: Tyranitar\n|-damage|p2a: Tyranitar|65\/100\n|\n|t:|1701154375\n|switch|p1a: Torkoal|Torkoal, F|100\/100|[from] U-turn\n|-weather|SunnyDay|[from] ability: Drought|[of] p1a: Torkoal\n|move|p2a: Tyranitar|Toxic|p1a: Torkoal\n|-status|p1a: Torkoal|tox\n|\n|-weather|SunnyDay|[upkeep]\n|-heal|p2a: Tyranitar|71\/100|[from] item: Leftovers\n|-damage|p1a: Torkoal|94\/100 tox|[from] psn\n|upkeep\n|turn|8\n|\n|t:|1701154383\n|switch|p2a: Mew|Mew|65\/100\n|switch|p1a: Landorus|Landorus-Therian, M|74\/100\n|-ability|p1a: Landorus|Intimidate|boost\n|-unboost|p2a: Mew|atk|1\n|\n|-weather|SunnyDay|[upkeep]\n|-heal|p2a: Mew|71\/100|[from] item: Leftovers\n|upkeep\n|turn|9\n|\n|t:|1701154393\n|-terastallize|p2a: Mew|Water\n|move|p2a: Mew|Imprison|p2a: Mew\n|-start|p2a: Mew|move: Imprison\n|move|p1a: Landorus|Earthquake|p2a: Mew\n|-damage|p2a: Mew|33\/100\n|\n|-weather|SunnyDay|[upkeep]\n|-heal|p2a: Mew|39\/100|[from] item: Leftovers\n|upkeep\n|turn|10\n|\n|t:|1701154397\n|move|p2a: Mew|Transform|p1a: Landorus\n|-transform|p2a: Mew|p1a: Landorus\n|-ability|p2a: Mew|Intimidate|boost\n|-unboost|p1a: Landorus|atk|1\n|cant|p1a: Landorus|move: Imprison|U-turn\n|\n|-weather|SunnyDay|[upkeep]\n|-heal|p2a: Mew|45\/100|[from] item: Leftovers\n|upkeep\n|turn|11\n|\n|t:|1701154408\n|-activate|p1a: Landorus|move: Struggle\n|move|p1a: Landorus|Struggle|p2a: Mew\n|-damage|p2a: Mew|34\/100\n|-damage|p1a: Landorus|49\/100|[from] recoil\n|move|p2a: Mew|U-turn|p1a: Landorus\n|-resisted|p1a: Landorus\n|-damage|p1a: Landorus|38\/100\n|\n|t:|1701154424\n|switch|p2a: Moltres|Moltres|100\/100|[from] U-turn\n|\n|-weather|SunnyDay|[upkeep]\n|upkeep\n|turn|12\n|\n|t:|1701154429\n|switch|p1a: Heatran|Heatran, M|100\/100\n|move|p2a: Moltres|Flamethrower|p1a: Heatran\n|-start|p1a: Heatran|ability: Flash Fire\n|\n|-weather|SunnyDay|[upkeep]\n|upkeep\n|turn|13\n|\n|t:|1701154433\n|-end|p1a: Heatran|ability: Flash Fire|[silent]\n|switch|p1a: Landorus|Landorus-Therian, M|38\/100\n|-ability|p1a: Landorus|Intimidate|boost\n|-unboost|p2a: Moltres|atk|1\n|move|p2a: Moltres|U-turn|p1a: Landorus\n|-resisted|p1a: Landorus\n|-damage|p1a: Landorus|33\/100\n|\n|t:|1701154440\n|switch|p2a: Garganacl|Garganacl, M|100\/100|[from] U-turn\n|\n|-weather|SunnyDay|[upkeep]\n|upkeep\n|turn|14\n|\n|t:|1701154453\n|switch|p2a: Moltres|Moltres|100\/100\n|move|p1a: Landorus|Earthquake|p2a: Moltres\n|-immune|p2a: Moltres\n|\n|-weather|none\n|upkeep\n|turn|15\n|\n|t:|1701154460\n|move|p1a: Landorus|Smack Down|p2a: Moltres\n|-supereffective|p2a: Moltres\n|-damage|p2a: Moltres|52\/100\n|-start|p2a: Moltres|Smack Down\n|move|p2a: Moltres|U-turn|p1a: Landorus\n|-resisted|p1a: Landorus\n|-damage|p1a: Landorus|26\/100\n|\n|t:|1701154472\n|switch|p2a: Garganacl|Garganacl, M|100\/100|[from] U-turn\n|\n|upkeep\n|turn|16\n|\n|t:|1701154481\n|move|p1a: Landorus|Earthquake|p2a: Garganacl\n|-supereffective|p2a: Garganacl\n|-damage|p2a: Garganacl|39\/100\n|move|p2a: Garganacl|Salt Cure|p1a: Landorus\n|-damage|p1a: Landorus|14\/100\n|-start|p1a: Landorus|Salt Cure\n|\n|-heal|p2a: Garganacl|45\/100|[from] item: Leftovers\n|-damage|p1a: Landorus|2\/100|[from] Salt Cure\n|upkeep\n|turn|17\n|\n|t:|1701154486\n|move|p1a: Landorus|Earthquake|p2a: Garganacl\n|-supereffective|p2a: Garganacl\n|-damage|p2a: Garganacl|0 fnt\n|faint|p2a: Garganacl\n|\n|-damage|p1a: Landorus|0 fnt|[from] Salt Cure\n|faint|p1a: Landorus\n|upkeep\n|\n|t:|1701154507\n|switch|p1a: Torkoal|Torkoal, F|94\/100 tox\n|switch|p2a: Mew|Mew, tera:Water|34\/100\n|-weather|SunnyDay|[from] ability: Drought|[of] p1a: Torkoal\n|turn|18\n|\n|t:|1701154519\n|switch|p1a: Kyurem|Kyurem|91\/100\n|-ability|p1a: Kyurem|Pressure\n|move|p2a: Mew|Taunt|p1a: Kyurem\n|-start|p1a: Kyurem|move: Taunt\n|\n|-weather|SunnyDay|[upkeep]\n|-heal|p2a: Mew|41\/100|[from] item: Leftovers\n|upkeep\n|turn|19\n|\n|t:|1701154525\n|switch|p2a: Tyranitar|Tyranitar, F|71\/100\n|-weather|Sandstorm|[from] ability: Sand Stream|[of] p2a: Tyranitar\n|move|p1a: Kyurem|Freeze-Dry|p2a: Tyranitar\n|-damage|p2a: Tyranitar|51\/100\n|-damage|p1a: Kyurem|81\/100|[from] item: Life Orb\n|\n|-weather|Sandstorm|[upkeep]\n|-damage|p1a: Kyurem|74\/100|[from] Sandstorm\n|-heal|p2a: Tyranitar|58\/100|[from] item: Leftovers\n|upkeep\n|turn|20\n|\n|t:|1701154533\n|switch|p1a: Heatran|Heatran, M|100\/100\n|move|p2a: Tyranitar|Stealth Rock|p1a: Heatran\n|-sidestart|p1: Ackesh|move: Stealth Rock\n|\n|-weather|Sandstorm|[upkeep]\n|-heal|p2a: Tyranitar|64\/100|[from] item: Leftovers\n|upkeep\n|turn|21\n|\n|t:|1701154551\n|switch|p1a: Venusaur|Venusaur, M|100\/100\n|-damage|p1a: Venusaur|88\/100|[from] Stealth Rock\n|move|p2a: Tyranitar|Knock Off|p1a: Venusaur\n|-damage|p1a: Venusaur|31\/100\n|-enditem|p1a: Venusaur|Life Orb|[from] move: Knock Off|[of] p2a: Tyranitar\n|\n|-weather|Sandstorm|[upkeep]\n|-damage|p1a: Venusaur|25\/100|[from] Sandstorm\n|-heal|p2a: Tyranitar|70\/100|[from] item: Leftovers\n|upkeep\n|turn|22\n|\n|t:|1701154560\n|move|p1a: Venusaur|Giga Drain|p2a: Tyranitar\n|-supereffective|p2a: Tyranitar\n|-damage|p2a: Tyranitar|45\/100\n|-heal|p1a: Venusaur|42\/100|[from] drain|[of] p2a: Tyranitar\n|move|p2a: Tyranitar|Knock Off|p1a: Venusaur\n|-damage|p1a: Venusaur|1\/100\n|\n|-weather|Sandstorm|[upkeep]\n|-damage|p1a: Venusaur|0 fnt|[from] Sandstorm\n|faint|p1a: Venusaur\n|-heal|p2a: Tyranitar|51\/100|[from] item: Leftovers\n|upkeep\n|\n|t:|1701154567\n|switch|p1a: Torkoal|Torkoal, F|94\/100 tox\n|-damage|p1a: Torkoal|70\/100 tox|[from] Stealth Rock\n|-weather|SunnyDay|[from] ability: Drought|[of] p1a: Torkoal\n|turn|23\n|\n|t:|1701154584\n|switch|p2a: Moltres|Moltres|52\/100\n|move|p1a: Torkoal|Yawn|p2a: Moltres\n|-start|p2a: Moltres|move: Yawn|[of] p1a: Torkoal\n|\n|-weather|SunnyDay|[upkeep]\n|-damage|p1a: Torkoal|63\/100 tox|[from] psn\n|upkeep\n|turn|24\n|\n|t:|1701154596\n|move|p2a: Moltres|U-turn|p1a: Torkoal\n|-resisted|p1a: Torkoal\n|-damage|p1a: Torkoal|59\/100 tox\n|\n|t:|1701154605\n|switch|p2a: Ditto|Ditto|100\/100|[from] U-turn\n|-transform|p2a: Ditto|p1a: Torkoal|[from] ability: Imposter\n|move|p1a: Torkoal|Rapid Spin|p2a: Ditto\n|-damage|p2a: Ditto|94\/100\n|-boost|p1a: Torkoal|spe|1\n|-sideend|p1: Ackesh|Stealth Rock|[from] move: Rapid Spin|[of] p1a: Torkoal\n|\n|-weather|SunnyDay|[upkeep]\n|-damage|p1a: Torkoal|47\/100 tox|[from] psn\n|upkeep\n|turn|25\n|\n|t:|1701154615\n|move|p1a: Torkoal|Stealth Rock|p2a: Ditto\n|-sidestart|p2: Mr.liang|move: Stealth Rock\n|move|p2a: Ditto|Stealth Rock|p1a: Torkoal\n|-sidestart|p1: Ackesh|move: Stealth Rock\n|\n|-weather|SunnyDay|[upkeep]\n|-damage|p1a: Torkoal|29\/100 tox|[from] psn\n|upkeep\n|turn|26\n|\n|t:|1701154625\n|switch|p2a: Moltres|Moltres|52\/100\n|move|p1a: Torkoal|Yawn|p2a: Moltres\n|-start|p2a: Moltres|move: Yawn|[of] p1a: Torkoal\n|\n|-weather|SunnyDay|[upkeep]\n|-damage|p1a: Torkoal|4\/100 tox|[from] psn\n|upkeep\n|turn|27\n|\n|t:|1701154640\n|move|p2a: Moltres|U-turn|p1a: Torkoal\n|-resisted|p1a: Torkoal\n|-damage|p1a: Torkoal|0 fnt\n|faint|p1a: Torkoal\n|\n|t:|1701154648\n|switch|p2a: Mew|Mew, tera:Water|41\/100|[from] U-turn\n|-damage|p2a: Mew|28\/100|[from] Stealth Rock\n|\n|-weather|SunnyDay|[upkeep]\n|-heal|p2a: Mew|34\/100|[from] item: Leftovers\n|upkeep\n|\n|t:|1701154650\n|switch|p1a: Kyurem|Kyurem|74\/100\n|-damage|p1a: Kyurem|50\/100|[from] Stealth Rock\n|-ability|p1a: Kyurem|Pressure\n|turn|28\n|\n|t:|1701154653\n|move|p2a: Mew|Taunt|p1a: Kyurem\n|-start|p1a: Kyurem|move: Taunt\n|cant|p1a: Kyurem|move: Taunt|Roost\n|\n|-weather|SunnyDay|[upkeep]\n|-heal|p2a: Mew|41\/100|[from] item: Leftovers\n|upkeep\n|turn|29\n|\n|t:|1701154666\n|switch|p2a: Tyranitar|Tyranitar, F|51\/100\n|-damage|p2a: Tyranitar|39\/100|[from] Stealth Rock\n|-weather|Sandstorm|[from] ability: Sand Stream|[of] p2a: Tyranitar\n|move|p1a: Kyurem|Freeze-Dry|p2a: Tyranitar\n|-damage|p2a: Tyranitar|20\/100\n|-damage|p1a: Kyurem|40\/100|[from] item: Life Orb\n|\n|-weather|Sandstorm|[upkeep]\n|-damage|p1a: Kyurem|33\/100|[from] Sandstorm\n|-heal|p2a: Tyranitar|26\/100|[from] item: Leftovers\n|upkeep\n|turn|30\n|\n|t:|1701154668\n|move|p1a: Kyurem|Earth Power|p2a: Tyranitar\n|-supereffective|p2a: Tyranitar\n|-damage|p2a: Tyranitar|0 fnt\n|faint|p2a: Tyranitar\n|-damage|p1a: Kyurem|24\/100|[from] item: Life Orb\n|\n|-weather|Sandstorm|[upkeep]\n|-damage|p1a: Kyurem|17\/100|[from] Sandstorm\n|-end|p1a: Kyurem|move: Taunt\n|upkeep\n|\n|t:|1701154672\n|switch|p2a: Ditto|Ditto|94\/100\n|-damage|p2a: Ditto|82\/100|[from] Stealth Rock\n|-transform|p2a: Ditto|p1a: Kyurem|[from] ability: Imposter\n|-ability|p2a: Ditto|Pressure\n|turn|31\n|\n|t:|1701154678\n|move|p2a: Ditto|Earth Power|p1a: Kyurem\n|-damage|p1a: Kyurem|0 fnt\n|faint|p1a: Kyurem\n|\n|-weather|Sandstorm|[upkeep]\n|-damage|p2a: Ditto|76\/100|[from] Sandstorm\n|upkeep\n|\n|t:|1701154679\n|switch|p1a: Victini|Victini|100\/100\n|-damage|p1a: Victini|76\/100|[from] Stealth Rock\n|turn|32\n|\n|t:|1701154708\n|-terastallize|p1a: Victini|Fire\n|move|p1a: Victini|V-create|p2a: Ditto\n|-damage|p2a: Ditto|0 fnt\n|-unboost|p1a: Victini|spe|1\n|-unboost|p1a: Victini|def|1\n|-unboost|p1a: Victini|spd|1\n|faint|p2a: Ditto\n|\n|-weather|Sandstorm|[upkeep]\n|-damage|p1a: Victini|69\/100|[from] Sandstorm\n|upkeep\n|\n|t:|1701154728\n|switch|p2a: Mew|Mew, tera:Water|41\/100\n|-damage|p2a: Mew|28\/100|[from] Stealth Rock\n|turn|33\n|\n|t:|1701154734\n|move|p2a: Mew|Transform|p1a: Victini\n|-transform|p2a: Mew|p1a: Victini\n|move|p1a: Victini|V-create|p2a: Mew\n|-resisted|p2a: Mew\n|-damage|p2a: Mew|0 fnt\n|-unboost|p1a: Victini|spe|1\n|-unboost|p1a: Victini|def|1\n|-unboost|p1a: Victini|spd|1\n|faint|p2a: Mew\n|\n|-weather|none\n|upkeep\n|\n|t:|1701154736\n|switch|p2a: Moltres|Moltres|52\/100\n|turn|34\n|\n|t:|1701154740\n|switch|p1a: Heatran|Heatran, M|100\/100\n|-damage|p1a: Heatran|88\/100|[from] Stealth Rock\n|move|p2a: Moltres|Roost|p2a: Moltres\n|-heal|p2a: Moltres|100\/100\n|-singleturn|p2a: Moltres|move: Roost\n|\n|upkeep\n|turn|35\n|-message|Mr.liang forfeited.\n|\n|win|Ackesh\n|raw|Ackesh's rating: 1721 &rarr; <strong>1739<\/strong><br \/>(+18 for winning)\n|raw|Mr.liang's rating: 1694 &rarr; <strong>1676<\/strong><br \/>(-18 for losing)\n|l|\u2606Mr.liang\n|c|\u2606Ackesh|Shitty gimmick teams\n","uploadtime":1701154748,"views":6,"p1id":"ackesh","p2id":"mrliang","formatid":"gen9nationaldex","rating":1676,"private":0,"password":""}