{"id":"gen9nationaldex-1994243188","p1":"gshbfgnhsn","p2":"chocata","format":"[Gen 9] National Dex","log":"|j|\u2606gshbfgnhsn\n|j|\u2606chocata\n|t:|1700422705\n|gametype|singles\n|player|p1|gshbfgnhsn|lady|1051\n|player|p2|chocata|170|1000\n|teamsize|p1|6\n|teamsize|p2|6\n|gen|9\n|tier|[Gen 9] National Dex\n|rated|\n|rule|HP Percentage Mod: HP is shown in percentages\n|rule|Endless Battle Clause: Forcing endless battles is banned\n|rule|OHKO Clause: OHKO moves are banned\n|rule|Evasion Clause: Evasion abilities, items, and moves are banned\n|rule|Evasion Abilities Clause: Evasion abilities are banned\n|rule|Evasion Items Clause: Evasion items are banned\n|rule|Evasion Moves Clause: Evasion moves are banned\n|rule|Species Clause: Limit one of each Pok\u00e9mon\n|rule|Sleep Clause Mod: Limit one foe put to sleep\n|clearpoke\n|poke|p1|Leafeon, M|\n|poke|p1|Milotic, F|\n|poke|p1|Cinccino, F|\n|poke|p1|Ninetales, M|\n|poke|p1|Salamence, F|\n|poke|p1|Heliolisk, M|\n|poke|p2|Deoxys-Defense|\n|poke|p2|Great Tusk|\n|poke|p2|Rillaboom, F|\n|poke|p2|Hoopa-Unbound|\n|poke|p2|Porygon-Z|\n|poke|p2|Aerodactyl, M|\n|teampreview\n|\n|t:|1700422728\n|start\n|switch|p1a: Cinccino|Cinccino, F|100\/100\n|switch|p2a: Porygon-Z|Porygon-Z|100\/100\n|turn|1\n|\n|t:|1700422734\n|move|p1a: Cinccino|Tail Slap|p2a: Porygon-Z\n|-damage|p2a: Porygon-Z|78\/100\n|-damage|p2a: Porygon-Z|56\/100\n|-damage|p2a: Porygon-Z|35\/100\n|-damage|p2a: Porygon-Z|13\/100\n|-hitcount|p2a: Porygon-Z|4\n|move|p2a: Porygon-Z|Tri Attack|p1a: Cinccino\n|-damage|p1a: Cinccino|0 fnt\n|faint|p1a: Cinccino\n|\n|upkeep\n|\n|t:|1700422751\n|switch|p1a: Ninetales|Ninetales, M|100\/100\n|-weather|SunnyDay|[from] ability: Drought|[of] p1a: Ninetales\n|turn|2\n|\n|t:|1700422758\n|switch|p2a: Deoxys|Deoxys-Defense|100\/100\n|-ability|p2a: Deoxys|Pressure\n|move|p1a: Ninetales|Heat Wave|p2a: Deoxys\n|-damage|p2a: Deoxys|71\/100\n|\n|-weather|SunnyDay|[upkeep]\n|-heal|p2a: Deoxys|77\/100|[from] item: Leftovers\n|upkeep\n|turn|3\n|\n|t:|1700422785\n|switch|p1a: Milotic|Milotic, F, shiny|100\/100\n|move|p2a: Deoxys|Spikes|p1a: Milotic\n|-sidestart|p1: gshbfgnhsn|Spikes\n|\n|-weather|SunnyDay|[upkeep]\n|-heal|p2a: Deoxys|83\/100|[from] item: Leftovers\n|upkeep\n|turn|4\n|\n|t:|1700422790\n|move|p2a: Deoxys|Knock Off|p1a: Milotic\n|-damage|p1a: Milotic|89\/100\n|-enditem|p1a: Milotic|Leftovers|[from] move: Knock Off|[of] p2a: Deoxys\n|move|p1a: Milotic|Toxic|p2a: Deoxys\n|-status|p2a: Deoxys|tox\n|\n|-weather|SunnyDay|[upkeep]\n|-heal|p2a: Deoxys|90\/100 tox|[from] item: Leftovers\n|-damage|p2a: Deoxys|83\/100 tox|[from] psn\n|upkeep\n|turn|5\n|\n|t:|1700422802\n|move|p2a: Deoxys|Spikes|p1a: Milotic\n|-sidestart|p1: gshbfgnhsn|Spikes\n|move|p1a: Milotic|Recover|p1a: Milotic\n|-heal|p1a: Milotic|100\/100\n|\n|-weather|SunnyDay|[upkeep]\n|-heal|p2a: Deoxys|90\/100 tox|[from] item: Leftovers\n|-damage|p2a: Deoxys|77\/100 tox|[from] psn\n|upkeep\n|turn|6\n|\n|t:|1700422808\n|switch|p1a: Salamence|Salamence, F|100\/100\n|move|p2a: Deoxys|Teleport|p2a: Deoxys\n|\n|t:|1700422817\n|switch|p2a: Aerodactyl|Aerodactyl, M|100\/100|[from] Teleport\n|\n|-weather|SunnyDay|[upkeep]\n|upkeep\n|turn|7\n|\n|t:|1700422825\n|detailschange|p2a: Aerodactyl|Aerodactyl-Mega, M\n|-mega|p2a: Aerodactyl|Aerodactyl|Aerodactylite\n|move|p2a: Aerodactyl|Hone Claws|p2a: Aerodactyl\n|-boost|p2a: Aerodactyl|atk|1\n|-boost|p2a: Aerodactyl|accuracy|1\n|move|p1a: Salamence|Dragon Dance|p1a: Salamence\n|-boost|p1a: Salamence|atk|1\n|-boost|p1a: Salamence|spe|1\n|\n|-weather|SunnyDay|[upkeep]\n|upkeep\n|turn|8\n|\n|t:|1700422853\n|move|p1a: Salamence|Iron Head|p2a: Aerodactyl\n|-supereffective|p2a: Aerodactyl\n|-damage|p2a: Aerodactyl|0 fnt\n|faint|p2a: Aerodactyl\n|-ability|p1a: Salamence|Moxie|boost\n|-boost|p1a: Salamence|atk|1\n|\n|-weather|SunnyDay|[upkeep]\n|upkeep\n|\n|t:|1700422860\n|switch|p2a: Great Tusk|Great Tusk|100\/100\n|-activate|p2a: Great Tusk|ability: Protosynthesis\n|-start|p2a: Great Tusk|protosynthesisatk\n|turn|9\n|\n|t:|1700422872\n|move|p1a: Salamence|Dual Wingbeat|p2a: Great Tusk\n|-supereffective|p2a: Great Tusk\n|-damage|p2a: Great Tusk|32\/100\n|-supereffective|p2a: Great Tusk\n|-damage|p2a: Great Tusk|0 fnt\n|faint|p2a: Great Tusk\n|-end|p2a: Great Tusk|Protosynthesis|[silent]\n|-ability|p1a: Salamence|Moxie|boost\n|-boost|p1a: Salamence|atk|1\n|-hitcount|p2: Great Tusk|2\n|\n|-weather|none\n|upkeep\n|-message|chocata forfeited.\n|\n|win|gshbfgnhsn\n|raw|gshbfgnhsn's rating: 1051 &rarr; <strong>1079<\/strong><br \/>(+28 for winning)\n|raw|chocata's rating: 1000 &rarr; <strong>1000<\/strong><br \/>(+0 for losing)\n|l|\u2606chocata\n","uploadtime":1700422909,"views":11,"p1id":"gshbfgnhsn","p2id":"chocata","formatid":"gen9nationaldex","rating":1000,"private":0,"password":""}