{"id":"gen9nationaldex-1990206648","p1":"SukunaIsTheGoat","p2":"Kuzwa","format":"[Gen 9] National Dex","log":"|j|\u2606SukunaIsTheGoat\n|j|\u2606Kuzwa\n|t:|1699937332\n|gametype|singles\n|player|p1|SukunaIsTheGoat|lance|1300\n|player|p2|Kuzwa|parasollady|1385\n|teamsize|p1|6\n|teamsize|p2|6\n|gen|9\n|tier|[Gen 9] National Dex\n|rated|\n|rule|HP Percentage Mod: HP is shown in percentages\n|rule|Endless Battle Clause: Forcing endless battles is banned\n|rule|OHKO Clause: OHKO moves are banned\n|rule|Evasion Clause: Evasion abilities, items, and moves are banned\n|rule|Evasion Abilities Clause: Evasion abilities are banned\n|rule|Evasion Items Clause: Evasion items are banned\n|rule|Evasion Moves Clause: Evasion moves are banned\n|rule|Species Clause: Limit one of each Pok\u00e9mon\n|rule|Sleep Clause Mod: Limit one foe put to sleep\n|clearpoke\n|poke|p1|Necrozma|\n|poke|p1|Ninetales-Alola, M|\n|poke|p1|Garganacl, F|\n|poke|p1|Sneasler, F|\n|poke|p1|Charizard, F|\n|poke|p1|Toxapex, M|\n|poke|p2|Gallade, M|\n|poke|p2|Kartana|\n|poke|p2|Weavile, M|\n|poke|p2|Ogerpon-Wellspring, F|\n|poke|p2|Zeraora|\n|poke|p2|Glimmora, M|\n|teampreview\n|j| Asphalt the pro\n|\n|t:|1699937338\n|start\n|switch|p1a: domain expansion|Ninetales-Alola, M|100\/100\n|switch|p2a: thing|Glimmora, M|100\/100\n|-weather|Snow|[from] ability: Snow Warning|[of] p1a: domain expansion\n|-item|p2a: thing|Air Balloon\n|turn|1\n|\n|t:|1699937341\n|move|p1a: domain expansion|Aurora Veil|p1a: domain expansion\n|-sidestart|p1: SukunaIsTheGoat|move: Aurora Veil\n|move|p2a: thing|Sludge Wave|p1a: domain expansion\n|-supereffective|p1a: domain expansion\n|-damage|p1a: domain expansion|53\/100\n|\n|-weather|Snow|[upkeep]\n|upkeep\n|turn|2\n|\n|t:|1699937346\n|move|p1a: domain expansion|Hypnosis|p2a: thing\n|-status|p2a: thing|slp|[from] move: Hypnosis\n|cant|p2a: thing|slp\n|\n|-weather|Snow|[upkeep]\n|upkeep\n|turn|3\n|\n|t:|1699937357\n|switch|p1a: rat eater|Sneasler, F|100\/100\n|-curestatus|p2a: thing|slp|[msg]\n|move|p2a: thing|Sludge Wave|p1a: rat eater\n|-resisted|p1a: rat eater\n|-damage|p1a: rat eater|84\/100\n|\n|-weather|Snow|[upkeep]\n|upkeep\n|turn|4\n|\n|t:|1699937364\n|move|p1a: rat eater|Fake Out|p2a: thing\n|-resisted|p2a: thing\n|-damage|p2a: thing|92\/100\n|-activate|p2a: thing|ability: Toxic Debris\n|-sidestart|p1: SukunaIsTheGoat|move: Toxic Spikes\n|-enditem|p2a: thing|Air Balloon\n|cant|p2a: thing|flinch\n|\n|-weather|Snow|[upkeep]\n|upkeep\n|turn|5\n|\n|t:|1699937375\n|move|p1a: rat eater|U-turn|p2a: thing\n|-resisted|p2a: thing\n|-damage|p2a: thing|78\/100\n|-activate|p2a: thing|ability: Toxic Debris\n|-sidestart|p1: SukunaIsTheGoat|move: Toxic Spikes\n|\n|t:|1699937387\n|switch|p1a: seaman|Garganacl, F, shiny|100\/100|[from] U-turn\n|move|p2a: thing|Power Gem|p1a: seaman\n|-damage|p1a: seaman|84\/100\n|\n|-weather|none\n|-heal|p1a: seaman|90\/100|[from] item: Leftovers\n|upkeep\n|turn|6\n|\n|t:|1699937396\n|move|p2a: thing|Earth Power|p1a: seaman\n|-supereffective|p1a: seaman\n|-damage|p1a: seaman|62\/100\n|move|p1a: seaman|Iron Defense|p1a: seaman\n|-boost|p1a: seaman|def|2\n|\n|-heal|p1a: seaman|69\/100|[from] item: Leftovers\n|upkeep\n|turn|7\n|\n|t:|1699937401\n|move|p2a: thing|Earth Power|p1a: seaman\n|-supereffective|p1a: seaman\n|-damage|p1a: seaman|39\/100\n|move|p1a: seaman|Body Press|p2a: thing\n|-damage|p2a: thing|0 fnt\n|faint|p2a: thing\n|\n|-heal|p1a: seaman|45\/100|[from] item: Leftovers\n|upkeep\n|\n|t:|1699937406\n|switch|p2a: Makoto Yuki|Kartana, shiny|100\/100\n|turn|8\n|\n|t:|1699937409\n|move|p2a: Makoto Yuki|Smart Strike|p1a: seaman\n|-supereffective|p1a: seaman\n|-damage|p1a: seaman|31\/100\n|move|p1a: seaman|Recover|p1a: seaman\n|-heal|p1a: seaman|81\/100\n|\n|-heal|p1a: seaman|88\/100|[from] item: Leftovers\n|-sideend|p1: SukunaIsTheGoat|move: Aurora Veil\n|upkeep\n|turn|9\n|\n|t:|1699937413\n|move|p2a: Makoto Yuki|Swords Dance|p2a: Makoto Yuki\n|-boost|p2a: Makoto Yuki|atk|2\n|move|p1a: seaman|Iron Defense|p1a: seaman\n|-boost|p1a: seaman|def|2\n|\n|-heal|p1a: seaman|94\/100|[from] item: Leftovers\n|upkeep\n|turn|10\n|\n|t:|1699937416\n|move|p2a: Makoto Yuki|Sacred Sword|p1a: seaman\n|-supereffective|p1a: seaman\n|-damage|p1a: seaman|5\/100\n|move|p1a: seaman|Iron Defense|p1a: seaman\n|-boost|p1a: seaman|def|2\n|\n|-heal|p1a: seaman|11\/100|[from] item: Leftovers\n|upkeep\n|turn|11\n|\n|t:|1699937420\n|move|p2a: Makoto Yuki|Sacred Sword|p1a: seaman\n|-supereffective|p1a: seaman\n|-damage|p1a: seaman|0 fnt\n|faint|p1a: seaman\n|-ability|p2a: Makoto Yuki|Beast Boost|boost\n|-boost|p2a: Makoto Yuki|atk|1\n|\n|upkeep\n|\n|t:|1699937425\n|switch|p1a: doragon|Charizard, F, shiny|100\/100\n|turn|12\n|\n|t:|1699937438\n|detailschange|p1a: doragon|Charizard-Mega-Y, F, shiny\n|-mega|p1a: doragon|Charizard|Charizardite Y\n|-weather|SunnyDay|[from] ability: Drought|[of] p1a: doragon\n|move|p2a: Makoto Yuki|Smart Strike|p1a: doragon\n|-resisted|p1a: doragon\n|-damage|p1a: doragon|17\/100\n|move|p1a: doragon|Fire Blast|p2a: Makoto Yuki\n|-supereffective|p2a: Makoto Yuki\n|-enditem|p2a: Makoto Yuki|Focus Sash\n|-damage|p2a: Makoto Yuki|1\/100\n|\n|-weather|SunnyDay|[upkeep]\n|upkeep\n|turn|13\n|\n|t:|1699937456\n|move|p2a: Makoto Yuki|Smart Strike|p1a: doragon\n|-resisted|p1a: doragon\n|-damage|p1a: doragon|0 fnt\n|faint|p1a: doragon\n|-ability|p2a: Makoto Yuki|Beast Boost|boost\n|-boost|p2a: Makoto Yuki|atk|1\n|\n|-weather|SunnyDay|[upkeep]\n|upkeep\n|\n|t:|1699937460\n|switch|p1a: rat eater|Sneasler, F|84\/100\n|-sideend|p1: SukunaIsTheGoat|move: Toxic Spikes|[of] p1a: rat eater\n|turn|14\n|\n|t:|1699937463\n|move|p1a: rat eater|Fake Out|p2a: Makoto Yuki\n|-resisted|p2a: Makoto Yuki\n|-damage|p2a: Makoto Yuki|0 fnt\n|faint|p2a: Makoto Yuki\n|\n|-weather|SunnyDay|[upkeep]\n|upkeep\n|\n|t:|1699937469\n|switch|p2a: Junpei Iori|Weavile, M, shiny|100\/100\n|turn|15\n|\n|t:|1699937472\n|move|p2a: Junpei Iori|Psycho Cut|p1a: rat eater\n|-supereffective|p1a: rat eater\n|-damage|p1a: rat eater|0 fnt\n|faint|p1a: rat eater\n|\n|-weather|SunnyDay|[upkeep]\n|upkeep\n|\n|t:|1699937477\n|switch|p1a: domain expansion|Ninetales-Alola, M|53\/100\n|-weather|Snow|[from] ability: Snow Warning|[of] p1a: domain expansion\n|turn|16\n|\n|t:|1699937482\n|move|p2a: Junpei Iori|Swords Dance|p2a: Junpei Iori\n|-boost|p2a: Junpei Iori|atk|2\n|move|p1a: domain expansion|Aurora Veil|p1a: domain expansion\n|-sidestart|p1: SukunaIsTheGoat|move: Aurora Veil\n|\n|-weather|Snow|[upkeep]\n|upkeep\n|turn|17\n|\n|t:|1699937486\n|move|p2a: Junpei Iori|Swords Dance|p2a: Junpei Iori\n|-boost|p2a: Junpei Iori|atk|2\n|move|p1a: domain expansion|Hypnosis|p2a: Junpei Iori|[miss]\n|-miss|p1a: domain expansion|p2a: Junpei Iori\n|\n|-weather|Snow|[upkeep]\n|upkeep\n|turn|18\n|\n|t:|1699937492\n|move|p2a: Junpei Iori|Ice Spinner|p1a: domain expansion\n|-resisted|p1a: domain expansion\n|-damage|p1a: domain expansion|31\/100\n|move|p1a: domain expansion|Hypnosis|p2a: Junpei Iori\n|-status|p2a: Junpei Iori|slp|[from] move: Hypnosis\n|\n|-weather|Snow|[upkeep]\n|upkeep\n|turn|19\n|c|\u2606SukunaIsTheGoat|AYO\n|c|\u2606SukunaIsTheGoat|JUNPEI MY BOY\n|\n|t:|1699937505\n|switch|p1a: boogie woogie|Necrozma|100\/100\n|cant|p2a: Junpei Iori|slp\n|\n|-weather|Snow|[upkeep]\n|upkeep\n|turn|20\n|c|\u2606SukunaIsTheGoat|BOOGIE WOOOGIEIEEEEE\n|\n|t:|1699937515\n|cant|p2a: Junpei Iori|slp\n|move|p1a: boogie woogie|Dragon Dance|p1a: boogie woogie\n|-boost|p1a: boogie woogie|atk|1\n|-boost|p1a: boogie woogie|spe|1\n|\n|-weather|none\n|upkeep\n|turn|21\n|\n|t:|1699937521\n|move|p1a: boogie woogie|X-Scissor|p2a: Junpei Iori\n|-supereffective|p2a: Junpei Iori\n|-enditem|p2a: Junpei Iori|Focus Sash\n|-damage|p2a: Junpei Iori|1\/100 slp\n|-enditem|p1a: boogie woogie|Weakness Policy|[silent]|[from] ability: Pickpocket|[of] p1a: boogie woogie\n|-item|p2a: Junpei Iori|Weakness Policy|[from] ability: Pickpocket|[of] p1a: boogie woogie\n|cant|p2a: Junpei Iori|slp\n|\n|upkeep\n|turn|22\n|\n|t:|1699937530\n|move|p1a: boogie woogie|X-Scissor|p2a: Junpei Iori\n|-supereffective|p2a: Junpei Iori\n|-damage|p2a: Junpei Iori|0 fnt\n|faint|p2a: Junpei Iori\n|\n|upkeep\n|\n|t:|1699937536\n|switch|p2a: Ken Amada|Zeraora|100\/100\n|turn|23\n|\n|t:|1699937564\n|move|p2a: Ken Amada|Fake Out|p1a: boogie woogie\n|-damage|p1a: boogie woogie|94\/100\n|cant|p1a: boogie woogie|flinch\n|\n|-sideend|p1: SukunaIsTheGoat|move: Aurora Veil\n|upkeep\n|turn|24\n|\n|t:|1699937570\n|move|p2a: Ken Amada|Plasma Fists|p1a: boogie woogie\n|-damage|p1a: boogie woogie|42\/100\n|-fieldactivate|move: Ion Deluge\n|-hint|Normal-type moves become Electric-type after using Plasma Fists.\n|move|p1a: boogie woogie|Dragon Dance|p1a: boogie woogie\n|-boost|p1a: boogie woogie|atk|1\n|-boost|p1a: boogie woogie|spe|1\n|\n|upkeep\n|turn|25\n|\n|t:|1699937575\n|move|p1a: boogie woogie|Earthquake|p2a: Ken Amada\n|-supereffective|p2a: Ken Amada\n|-enditem|p2a: Ken Amada|Focus Sash\n|-damage|p2a: Ken Amada|1\/100\n|move|p2a: Ken Amada|Plasma Fists|p1a: boogie woogie\n|-damage|p1a: boogie woogie|0 fnt\n|-fieldactivate|move: Ion Deluge\n|-hint|Normal-type moves become Electric-type after using Plasma Fists.\n|faint|p1a: boogie woogie\n|\n|upkeep\n|\n|t:|1699937580\n|switch|p1a: domain expansion|Ninetales-Alola, M|31\/100\n|-weather|Snow|[from] ability: Snow Warning|[of] p1a: domain expansion\n|turn|26\n|\n|t:|1699937582\n|move|p2a: Ken Amada|Plasma Fists|p1a: domain expansion\n|-damage|p1a: domain expansion|0 fnt\n|-fieldactivate|move: Ion Deluge\n|-hint|Normal-type moves become Electric-type after using Plasma Fists.\n|faint|p1a: domain expansion\n|\n|-weather|Snow|[upkeep]\n|upkeep\n|\n|t:|1699937586\n|switch|p1a: trap base|Toxapex, M|100\/100\n|turn|27\n|\n|t:|1699937593\n|move|p2a: Ken Amada|Plasma Fists|p1a: trap base\n|-supereffective|p1a: trap base\n|-damage|p1a: trap base|31\/100\n|-fieldactivate|move: Ion Deluge\n|-hint|Normal-type moves become Electric-type after using Plasma Fists.\n|move|p1a: trap base|Scald|p2a: Ken Amada\n|-damage|p2a: Ken Amada|0 fnt\n|faint|p2a: Ken Amada\n|\n|-weather|Snow|[upkeep]\n|upkeep\n|\n|t:|1699937598\n|switch|p2a: Ryoji Mochizuki|Gallade, M, shiny|100\/100\n|turn|28\n|\n|t:|1699937604\n|-terastallize|p1a: trap base|Dragon\n|move|p2a: Ryoji Mochizuki|Psycho Cut|p1a: trap base\n|-damage|p1a: trap base|0 fnt\n|faint|p1a: trap base\n|\n|win|Kuzwa\n|raw|SukunaIsTheGoat's rating: 1300 &rarr; <strong>1281<\/strong><br \/>(-19 for losing)\n|raw|Kuzwa's rating: 1385 &rarr; <strong>1400<\/strong><br \/>(+15 for winning)\n|l|\u2606SukunaIsTheGoat\n","uploadtime":1699937610,"views":4,"p1id":"sukunaisthegoat","p2id":"kuzwa","formatid":"gen9nationaldex","rating":1281,"private":0,"password":""}