{"id":"gen9nationaldex-1995997469","p1":"Pamelo Garu","p2":"NDSNEZ BrakeSeer","format":"[Gen 9] National Dex","log":"|html|<div class=\"broadcast-blue\"><strong>[Gen 9] National Dex is currently suspecting Sneasler! For information on how to participate check out the <a href=\"https:\/\/www.smogon.com\/forums\/threads\/sv-national-dex-suspect-8-just-dance.3731534\/\">suspect thread<\/a>.<\/strong><\/div>\n|j|\u2606Pamelo Garu\n|j|\u2606NDSNEZ BrakeSeer\n|t:|1700627099\n|gametype|singles\n|player|p1|Pamelo Garu|steven|1503\n|player|p2|NDSNEZ BrakeSeer|palmer|1502\n|teamsize|p1|6\n|teamsize|p2|6\n|gen|9\n|tier|[Gen 9] National Dex\n|rated|\n|rule|HP Percentage Mod: HP is shown in percentages\n|rule|Endless Battle Clause: Forcing endless battles is banned\n|rule|OHKO Clause: OHKO moves are banned\n|rule|Evasion Clause: Evasion abilities, items, and moves are banned\n|rule|Evasion Abilities Clause: Evasion abilities are banned\n|rule|Evasion Items Clause: Evasion items are banned\n|rule|Evasion Moves Clause: Evasion moves are banned\n|rule|Species Clause: Limit one of each Pok\u00e9mon\n|rule|Sleep Clause Mod: Limit one foe put to sleep\n|clearpoke\n|poke|p1|Polteageist|\n|poke|p1|Heatran, M|\n|poke|p1|Ogerpon-Cornerstone, F|\n|poke|p1|Sneasler, M|\n|poke|p1|Dragonite, F|\n|poke|p1|Kommo-o, M|\n|poke|p2|Toxapex, F|\n|poke|p2|Dondozo, F|\n|poke|p2|Gliscor, M|\n|poke|p2|Blissey, F|\n|poke|p2|Corviknight, F|\n|poke|p2|Tyranitar, F|\n|teampreview\n|inactive|Battle timer is ON: inactive players will automatically lose when time's up. (requested by NDSNEZ BrakeSeer)\n|inactive|NDSNEZ BrakeSeer has 120 seconds left.\n|\n|t:|1700627131\n|start\n|switch|p1a: Polteageist|Polteageist|100\/100\n|switch|p2a: Gliscor|Gliscor, M|100\/100\n|turn|1\n|\n|t:|1700627142\n|move|p1a: Polteageist|Shell Smash|p1a: Polteageist\n|-unboost|p1a: Polteageist|def|1\n|-unboost|p1a: Polteageist|spd|1\n|-boost|p1a: Polteageist|atk|2\n|-boost|p1a: Polteageist|spa|2\n|-boost|p1a: Polteageist|spe|2\n|move|p2a: Gliscor|Toxic|p1a: Polteageist\n|-status|p1a: Polteageist|tox\n|\n|-damage|p1a: Polteageist|94\/100 tox|[from] psn\n|-status|p2a: Gliscor|tox|[from] item: Toxic Orb\n|upkeep\n|turn|2\n|\n|t:|1700627155\n|switch|p2a: Blissey|Blissey, F|100\/100\n|move|p1a: Polteageist|Shell Smash|p1a: Polteageist\n|-unboost|p1a: Polteageist|def|1\n|-unboost|p1a: Polteageist|spd|1\n|-boost|p1a: Polteageist|atk|2\n|-boost|p1a: Polteageist|spa|2\n|-boost|p1a: Polteageist|spe|2\n|\n|-damage|p1a: Polteageist|82\/100 tox|[from] psn\n|upkeep\n|turn|3\n|\n|t:|1700627166\n|-terastallize|p2a: Blissey|Dark\n|move|p1a: Polteageist|Stored Power|p2a: Blissey\n|-immune|p2a: Blissey\n|move|p2a: Blissey|Calm Mind|p2a: Blissey\n|-boost|p2a: Blissey|spa|1\n|-boost|p2a: Blissey|spd|1\n|\n|-damage|p1a: Polteageist|64\/100 tox|[from] psn\n|upkeep\n|turn|4\n|\n|t:|1700627177\n|-terastallize|p1a: Polteageist|Fighting\n|move|p1a: Polteageist|Tera Blast|p2a: Blissey|[anim] Tera Blast Fighting\n|-supereffective|p2a: Blissey\n|-damage|p2a: Blissey|49\/100\n|move|p2a: Blissey|Stealth Rock|p1a: Polteageist\n|-sidestart|p1: Pamelo Garu|move: Stealth Rock\n|\n|-damage|p1a: Polteageist|39\/100 tox|[from] psn\n|upkeep\n|turn|5\n|\n|t:|1700627187\n|switch|p2a: Dondozo|Dondozo, F|100\/100\n|move|p1a: Polteageist|Tera Blast|p2a: Dondozo|[anim] Tera Blast Fighting\n|-crit|p2a: Dondozo\n|-damage|p2a: Dondozo|30\/100\n|\n|-heal|p2a: Dondozo|36\/100|[from] item: Leftovers\n|-damage|p1a: Polteageist|9\/100 tox|[from] psn\n|upkeep\n|turn|6\n|\n|t:|1700627198\n|switch|p2a: Blissey|Blissey, F, tera:Dark|49\/100\n|move|p1a: Polteageist|Stored Power|p2a: Blissey\n|-immune|p2a: Blissey\n|\n|-damage|p1a: Polteageist|0 fnt|[from] psn\n|faint|p1a: Polteageist\n|upkeep\n|\n|t:|1700627214\n|switch|p1a: Kommo-o|Kommo-o, M|100\/100\n|-damage|p1a: Kommo-o|94\/100|[from] Stealth Rock\n|turn|7\n|\n|t:|1700627225\n|switch|p2a: Toxapex|Toxapex, F|100\/100\n|move|p1a: Kommo-o|Clangorous Soul|p1a: Kommo-o\n|-boost|p1a: Kommo-o|atk|1\n|-boost|p1a: Kommo-o|def|1\n|-boost|p1a: Kommo-o|spa|1\n|-boost|p1a: Kommo-o|spd|1\n|-boost|p1a: Kommo-o|spe|1\n|-damage|p1a: Kommo-o|61\/100\n|\n|upkeep\n|turn|8\n|\n|t:|1700627239\n|-zpower|p1a: Kommo-o\n|move|p1a: Kommo-o|Clangorous Soulblaze|p2a: Toxapex|[zeffect]\n|-damage|p2a: Toxapex|22\/100\n|-boost|p1a: Kommo-o|atk|1\n|-boost|p1a: Kommo-o|def|1\n|-boost|p1a: Kommo-o|spa|1\n|-boost|p1a: Kommo-o|spd|1\n|-boost|p1a: Kommo-o|spe|1\n|move|p2a: Toxapex|Toxic|p1a: Kommo-o\n|-status|p1a: Kommo-o|tox\n|\n|-damage|p1a: Kommo-o|55\/100 tox|[from] psn\n|upkeep\n|turn|9\n|\n|t:|1700627256\n|switch|p2a: Corviknight|Corviknight, F|100\/100\n|-ability|p2a: Corviknight|Pressure\n|move|p1a: Kommo-o|Drain Punch|p2a: Corviknight\n|-damage|p2a: Corviknight|39\/100\n|-heal|p1a: Kommo-o|98\/100 tox|[from] drain|[of] p2a: Corviknight\n|\n|-heal|p2a: Corviknight|45\/100|[from] item: Leftovers\n|-damage|p1a: Kommo-o|85\/100 tox|[from] psn\n|upkeep\n|turn|10\n|\n|t:|1700627270\n|move|p2a: Corviknight|Protect|p2a: Corviknight\n|-singleturn|p2a: Corviknight|Protect\n|move|p1a: Kommo-o|Drain Punch|p2a: Corviknight\n|-activate|p2a: Corviknight|move: Protect\n|\n|-heal|p2a: Corviknight|51\/100|[from] item: Leftovers\n|-damage|p1a: Kommo-o|67\/100 tox|[from] psn\n|upkeep\n|turn|11\n|\n|t:|1700627280\n|switch|p2a: Dondozo|Dondozo, F|36\/100\n|move|p1a: Kommo-o|Drain Punch|p2a: Dondozo\n|-damage|p2a: Dondozo|20\/100\n|-heal|p1a: Kommo-o|82\/100 tox|[from] drain|[of] p2a: Dondozo\n|\n|-heal|p2a: Dondozo|26\/100|[from] item: Leftovers\n|-damage|p1a: Kommo-o|57\/100 tox|[from] psn\n|upkeep\n|turn|12\n|\n|t:|1700627294\n|switch|p2a: Blissey|Blissey, F, tera:Dark|49\/100\n|move|p1a: Kommo-o|Clanging Scales|p2a: Blissey\n|-damage|p2a: Blissey|26\/100\n|-unboost|p1a: Kommo-o|def|1\n|\n|-damage|p1a: Kommo-o|26\/100 tox|[from] psn\n|upkeep\n|turn|13\n|\n|t:|1700627304\n|switch|p2a: Dondozo|Dondozo, F|26\/100\n|move|p1a: Kommo-o|Drain Punch|p2a: Dondozo\n|-damage|p2a: Dondozo|8\/100\n|-heal|p1a: Kommo-o|41\/100 tox|[from] drain|[of] p2a: Dondozo\n|\n|-heal|p2a: Dondozo|14\/100|[from] item: Leftovers\n|-damage|p1a: Kommo-o|4\/100 tox|[from] psn\n|upkeep\n|turn|14\n|\n|t:|1700627317\n|move|p1a: Kommo-o|Clanging Scales|p2a: Dondozo\n|-damage|p2a: Dondozo|0 fnt\n|faint|p2a: Dondozo\n|-unboost|p1a: Kommo-o|def|1\n|\n|-damage|p1a: Kommo-o|0 fnt|[from] psn\n|faint|p1a: Kommo-o\n|upkeep\n|\n|t:|1700627329\n|switch|p1a: Ogerpon|Ogerpon-Cornerstone, F|100\/100\n|switch|p2a: Tyranitar|Tyranitar, F|100\/100\n|-damage|p1a: Ogerpon|88\/100|[from] Stealth Rock\n|-weather|Sandstorm|[from] ability: Sand Stream|[of] p2a: Tyranitar\n|turn|15\n|\n|t:|1700627346\n|switch|p2a: Toxapex|Toxapex, F|56\/100\n|move|p1a: Ogerpon|Horn Leech|p2a: Toxapex\n|-damage|p2a: Toxapex|23\/100\n|-heal|p1a: Ogerpon|100\/100|[from] drain|[of] p2a: Toxapex\n|\n|-weather|Sandstorm|[upkeep]\n|-damage|p2a: Toxapex|17\/100|[from] Sandstorm\n|upkeep\n|turn|16\n|\n|t:|1700627360\n|move|p2a: Toxapex|Baneful Bunker|p2a: Toxapex\n|-singleturn|p2a: Toxapex|move: Protect\n|move|p1a: Ogerpon|Knock Off|p2a: Toxapex\n|-activate|p2a: Toxapex|move: Protect\n|-status|p1a: Ogerpon|psn\n|\n|-weather|Sandstorm|[upkeep]\n|-damage|p2a: Toxapex|11\/100|[from] Sandstorm\n|-damage|p1a: Ogerpon|88\/100 psn|[from] psn\n|upkeep\n|turn|17\n|\n|t:|1700627371\n|switch|p2a: Corviknight|Corviknight, F|51\/100\n|-ability|p2a: Corviknight|Pressure\n|move|p1a: Ogerpon|Knock Off|p2a: Corviknight\n|-damage|p2a: Corviknight|16\/100\n|-enditem|p2a: Corviknight|Leftovers|[from] move: Knock Off|[of] p1a: Ogerpon\n|\n|-weather|Sandstorm|[upkeep]\n|-damage|p1a: Ogerpon|76\/100 psn|[from] psn\n|upkeep\n|turn|18\n|\n|t:|1700627383\n|move|p1a: Ogerpon|Ivy Cudgel|p2a: Corviknight|[anim] Ivy Cudgel Rock\n|-crit|p2a: Corviknight\n|-damage|p2a: Corviknight|0 fnt\n|faint|p2a: Corviknight\n|\n|-weather|Sandstorm|[upkeep]\n|-damage|p1a: Ogerpon|64\/100 psn|[from] psn\n|upkeep\n|\n|t:|1700627388\n|switch|p2a: Gliscor|Gliscor, M|100\/100 tox\n|turn|19\n|\n|t:|1700627396\n|move|p2a: Gliscor|Protect|p2a: Gliscor\n|-singleturn|p2a: Gliscor|Protect\n|move|p1a: Ogerpon|Horn Leech|p2a: Gliscor\n|-activate|p2a: Gliscor|move: Protect\n|\n|-weather|none\n|-damage|p1a: Ogerpon|51\/100 psn|[from] psn\n|upkeep\n|turn|20\n|\n|t:|1700627405\n|move|p1a: Ogerpon|Horn Leech|p2a: Gliscor\n|-damage|p2a: Gliscor|69\/100 tox\n|-heal|p1a: Ogerpon|70\/100 psn|[from] drain|[of] p2a: Gliscor\n|move|p2a: Gliscor|Earthquake|p1a: Ogerpon\n|-damage|p1a: Ogerpon|24\/100 psn\n|\n|-damage|p1a: Ogerpon|12\/100 psn|[from] psn\n|-heal|p2a: Gliscor|82\/100 tox|[from] ability: Poison Heal\n|upkeep\n|turn|21\n|\n|t:|1700627422\n|switch|p1a: Heatran|Heatran, M|100\/100\n|-damage|p1a: Heatran|88\/100|[from] Stealth Rock\n|move|p2a: Gliscor|Protect||[still]\n|-fail|p2a: Gliscor\n|\n|-heal|p2a: Gliscor|94\/100 tox|[from] ability: Poison Heal\n|upkeep\n|turn|22\n|\n|t:|1700627439\n|move|p1a: Heatran|Eruption|p2a: Gliscor\n|-damage|p2a: Gliscor|3\/100 tox\n|move|p2a: Gliscor|Earthquake|p1a: Heatran\n|-supereffective|p1a: Heatran\n|-damage|p1a: Heatran|0 fnt\n|faint|p1a: Heatran\n|\n|-heal|p2a: Gliscor|16\/100 tox|[from] ability: Poison Heal\n|upkeep\n|\n|t:|1700627452\n|switch|p1a: Dragonite|Dragonite, F|100\/100\n|turn|23\n|\n|t:|1700627464\n|move|p1a: Dragonite|Extreme Speed|p2a: Gliscor\n|-damage|p2a: Gliscor|0 fnt\n|faint|p2a: Gliscor\n|\n|upkeep\n|\n|t:|1700627466\n|switch|p2a: Toxapex|Toxapex, F|44\/100\n|turn|24\n|\n|t:|1700627472\n|move|p1a: Dragonite|Dragon Dance|p1a: Dragonite\n|-boost|p1a: Dragonite|atk|1\n|-boost|p1a: Dragonite|spe|1\n|move|p2a: Toxapex|Recover|p2a: Toxapex\n|-heal|p2a: Toxapex|94\/100\n|\n|upkeep\n|turn|25\n|\n|t:|1700627479\n|move|p1a: Dragonite|Earthquake|p2a: Toxapex\n|-supereffective|p2a: Toxapex\n|-damage|p2a: Toxapex|16\/100\n|move|p2a: Toxapex|Toxic|p1a: Dragonite\n|-status|p1a: Dragonite|tox\n|\n|-damage|p1a: Dragonite|94\/100 tox|[from] psn\n|upkeep\n|turn|26\n|\n|t:|1700627488\n|switch|p2a: Blissey|Blissey, F, tera:Dark|26\/100\n|move|p1a: Dragonite|Earthquake|p2a: Blissey\n|-crit|p2a: Blissey\n|-damage|p2a: Blissey|0 fnt\n|faint|p2a: Blissey\n|\n|-damage|p1a: Dragonite|82\/100 tox|[from] psn\n|upkeep\n|\n|t:|1700627489\n|switch|p2a: Tyranitar|Tyranitar, F|100\/100\n|-weather|Sandstorm|[from] ability: Sand Stream|[of] p2a: Tyranitar\n|turn|27\n|\n|t:|1700627501\n|detailschange|p2a: Tyranitar|Tyranitar-Mega, F\n|-mega|p2a: Tyranitar|Tyranitar|Tyranitarite\n|move|p1a: Dragonite|Earthquake|p2a: Tyranitar\n|-supereffective|p2a: Tyranitar\n|-damage|p2a: Tyranitar|36\/100\n|move|p2a: Tyranitar|Ice Punch|p1a: Dragonite\n|-supereffective|p1a: Dragonite\n|-damage|p1a: Dragonite|0 fnt\n|faint|p1a: Dragonite\n|\n|-weather|Sandstorm|[upkeep]\n|upkeep\n|\n|t:|1700627512\n|switch|p1a: Ogerpon|Ogerpon-Cornerstone, F|12\/100 psn\n|-damage|p1a: Ogerpon|0 fnt|[from] Stealth Rock\n|faint|p1a: Ogerpon\n|\n|t:|1700627517\n|switch|p1a: Sneasler|Sneasler, M|100\/100\n|-damage|p1a: Sneasler|95\/100|[from] Stealth Rock\n|turn|28\n|\n|t:|1700627527\n|switch|p2a: Toxapex|Toxapex, F|50\/100\n|move|p1a: Sneasler|Dire Claw|p2a: Toxapex\n|-resisted|p2a: Toxapex\n|-damage|p2a: Toxapex|34\/100\n|-status|p2a: Toxapex|slp\n|\n|-weather|Sandstorm|[upkeep]\n|-damage|p1a: Sneasler|89\/100|[from] Sandstorm\n|-damage|p2a: Toxapex|29\/100 slp|[from] Sandstorm\n|upkeep\n|turn|29\n|\n|t:|1700627541\n|switch|p2a: Tyranitar|Tyranitar-Mega, F|36\/100\n|move|p1a: Sneasler|Acrobatics|p2a: Tyranitar\n|-resisted|p2a: Tyranitar\n|-damage|p2a: Tyranitar|29\/100\n|\n|-weather|Sandstorm|[upkeep]\n|-damage|p1a: Sneasler|83\/100|[from] Sandstorm\n|upkeep\n|turn|30\n|\n|t:|1700627553\n|move|p1a: Sneasler|Reversal|p2a: Tyranitar\n|-supereffective|p2a: Tyranitar\n|-damage|p2a: Tyranitar|0 fnt\n|faint|p2a: Tyranitar\n|\n|-weather|Sandstorm|[upkeep]\n|-damage|p1a: Sneasler|77\/100|[from] Sandstorm\n|upkeep\n|\n|t:|1700627556\n|switch|p2a: Toxapex|Toxapex, F|62\/100 slp\n|turn|31\n|\n|t:|1700627564\n|move|p1a: Sneasler|Acrobatics|p2a: Toxapex\n|-damage|p2a: Toxapex|48\/100 slp\n|cant|p2a: Toxapex|slp\n|\n|-weather|none\n|upkeep\n|turn|32\n|\n|t:|1700627578\n|move|p1a: Sneasler|Acrobatics|p2a: Toxapex\n|-damage|p2a: Toxapex|34\/100 slp\n|-curestatus|p2a: Toxapex|slp|[msg]\n|move|p2a: Toxapex|Recover|p2a: Toxapex\n|-heal|p2a: Toxapex|84\/100\n|\n|upkeep\n|turn|33\n|\n|t:|1700627590\n|move|p1a: Sneasler|Endure|p1a: Sneasler\n|-singleturn|p1a: Sneasler|move: Endure\n|move|p2a: Toxapex|Knock Off|p1a: Sneasler\n|-resisted|p1a: Sneasler\n|-damage|p1a: Sneasler|64\/100\n|-enditem|p1a: Sneasler|Red Card|[from] move: Knock Off|[of] p2a: Toxapex\n|\n|upkeep\n|turn|34\n|\n|t:|1700627603\n|move|p1a: Sneasler|Dire Claw|p2a: Toxapex\n|-resisted|p2a: Toxapex\n|-damage|p2a: Toxapex|69\/100\n|move|p2a: Toxapex|Knock Off|p1a: Sneasler\n|-resisted|p1a: Sneasler\n|-damage|p1a: Sneasler|56\/100\n|\n|upkeep\n|turn|35\n|\n|t:|1700627610\n|move|p1a: Sneasler|Dire Claw|p2a: Toxapex\n|-resisted|p2a: Toxapex\n|-damage|p2a: Toxapex|56\/100\n|move|p2a: Toxapex|Knock Off|p1a: Sneasler\n|-resisted|p1a: Sneasler\n|-damage|p1a: Sneasler|46\/100\n|\n|upkeep\n|turn|36\n|\n|t:|1700627619\n|move|p1a: Sneasler|Acrobatics|p2a: Toxapex\n|-damage|p2a: Toxapex|28\/100\n|move|p2a: Toxapex|Recover|p2a: Toxapex\n|-heal|p2a: Toxapex|78\/100\n|\n|upkeep\n|turn|37\n|\n|t:|1700627626\n|move|p1a: Sneasler|Dire Claw|p2a: Toxapex\n|-resisted|p2a: Toxapex\n|-damage|p2a: Toxapex|63\/100\n|move|p2a: Toxapex|Knock Off|p1a: Sneasler\n|-resisted|p1a: Sneasler\n|-damage|p1a: Sneasler|37\/100\n|\n|upkeep\n|turn|38\n|\n|t:|1700627646\n|move|p1a: Sneasler|Dire Claw|p2a: Toxapex\n|-resisted|p2a: Toxapex\n|-damage|p2a: Toxapex|50\/100\n|-status|p2a: Toxapex|par\n|move|p2a: Toxapex|Recover|p2a: Toxapex\n|-heal|p2a: Toxapex|99\/100 par\n|\n|upkeep\n|turn|39\n|\n|t:|1700627659\n|move|p1a: Sneasler|Acrobatics|p2a: Toxapex\n|-damage|p2a: Toxapex|72\/100 par\n|move|p2a: Toxapex|Knock Off|p1a: Sneasler\n|-resisted|p1a: Sneasler\n|-damage|p1a: Sneasler|28\/100\n|\n|upkeep\n|turn|40\n|\n|t:|1700627668\n|move|p1a: Sneasler|Acrobatics|p2a: Toxapex\n|-damage|p2a: Toxapex|46\/100 par\n|move|p2a: Toxapex|Recover|p2a: Toxapex\n|-heal|p2a: Toxapex|96\/100 par\n|\n|upkeep\n|turn|41\n|\n|t:|1700627674\n|move|p1a: Sneasler|Acrobatics|p2a: Toxapex\n|-damage|p2a: Toxapex|72\/100 par\n|move|p2a: Toxapex|Knock Off|p1a: Sneasler\n|-resisted|p1a: Sneasler\n|-damage|p1a: Sneasler|19\/100\n|\n|upkeep\n|turn|42\n|\n|t:|1700627681\n|move|p1a: Sneasler|Reversal|p2a: Toxapex\n|-resisted|p2a: Toxapex\n|-damage|p2a: Toxapex|55\/100 par\n|move|p2a: Toxapex|Recover|p2a: Toxapex\n|-heal|p2a: Toxapex|100\/100 par\n|\n|upkeep\n|turn|43\n|j| zhiyinge\n|\n|t:|1700627692\n|move|p1a: Sneasler|Acrobatics|p2a: Toxapex\n|-damage|p2a: Toxapex|74\/100 par\n|cant|p2a: Toxapex|par\n|\n|upkeep\n|turn|44\n|\n|t:|1700627698\n|move|p1a: Sneasler|Endure|p1a: Sneasler\n|-singleturn|p1a: Sneasler|move: Endure\n|cant|p2a: Toxapex|par\n|\n|upkeep\n|turn|45\n|\n|t:|1700627704\n|move|p1a: Sneasler|Acrobatics|p2a: Toxapex\n|-damage|p2a: Toxapex|46\/100 par\n|move|p2a: Toxapex|Recover|p2a: Toxapex\n|-heal|p2a: Toxapex|97\/100 par\n|\n|upkeep\n|turn|46\n|j| KoKoual\n|\n|t:|1700627712\n|move|p1a: Sneasler|Endure|p1a: Sneasler\n|-singleturn|p1a: Sneasler|move: Endure\n|move|p2a: Toxapex|Knock Off|p1a: Sneasler\n|-resisted|p1a: Sneasler\n|-damage|p1a: Sneasler|10\/100\n|\n|upkeep\n|turn|47\n|\n|t:|1700627719\n|move|p1a: Sneasler|Acrobatics|p2a: Toxapex\n|-damage|p2a: Toxapex|70\/100 par\n|move|p2a: Toxapex|Knock Off|p1a: Sneasler\n|-resisted|p1a: Sneasler\n|-damage|p1a: Sneasler|1\/100\n|\n|upkeep\n|turn|48\n|\n|t:|1700627731\n|move|p1a: Sneasler|Reversal|p2a: Toxapex\n|-resisted|p2a: Toxapex\n|-damage|p2a: Toxapex|36\/100 par\n|cant|p2a: Toxapex|par\n|\n|upkeep\n|turn|49\n|\n|t:|1700627741\n|move|p1a: Sneasler|Reversal|p2a: Toxapex\n|-resisted|p2a: Toxapex\n|-damage|p2a: Toxapex|1\/100 par\n|move|p2a: Toxapex|Knock Off|p1a: Sneasler\n|-resisted|p1a: Sneasler\n|-damage|p1a: Sneasler|0 fnt\n|faint|p1a: Sneasler\n|\n|win|NDSNEZ BrakeSeer\n|raw|Pamelo Garu's rating: 1503 &rarr; <strong>1483<\/strong><br \/>(-20 for losing)\n|raw|NDSNEZ BrakeSeer's rating: 1502 &rarr; <strong>1522<\/strong><br \/>(+20 for winning)\n|c|\u2606Pamelo Garu|Nice g\n|l|\u2606Pamelo Garu\n|l| zhiyinge\n","uploadtime":1700627796,"views":1,"p1id":"pamelogaru","p2id":"ndsnezbrakeseer","formatid":"gen9nationaldex","rating":1483,"private":0,"password":""}