{"id":"gen9nationaldex-1994774072","p1":"xsk123","p2":"daodanguiTest","format":"[Gen 9] National Dex","log":"|html|<div class=\"broadcast-blue\"><strong>[Gen 9] National Dex is currently suspecting Sneasler! For information on how to participate check out the <a href=\"https:\/\/www.smogon.com\/forums\/threads\/sv-national-dex-suspect-8-just-dance.3731534\/\">suspect thread<\/a>.<\/strong><\/div>\n|j|\u2606xsk123\n|j|\u2606daodanguiTest\n|t:|1700491435\n|gametype|singles\n|player|p1|xsk123|pokefan-gen4|1631\n|player|p2|daodanguiTest|170|1719\n|teamsize|p1|6\n|teamsize|p2|6\n|gen|9\n|tier|[Gen 9] National Dex\n|rated|\n|rule|HP Percentage Mod: HP is shown in percentages\n|rule|Endless Battle Clause: Forcing endless battles is banned\n|rule|OHKO Clause: OHKO moves are banned\n|rule|Evasion Clause: Evasion abilities, items, and moves are banned\n|rule|Evasion Abilities Clause: Evasion abilities are banned\n|rule|Evasion Items Clause: Evasion items are banned\n|rule|Evasion Moves Clause: Evasion moves are banned\n|rule|Species Clause: Limit one of each Pok\u00e9mon\n|rule|Sleep Clause Mod: Limit one foe put to sleep\n|clearpoke\n|poke|p1|Pinsir, M|\n|poke|p1|Staraptor, M|\n|poke|p1|Nidoking, M|\n|poke|p1|Serperior, F|\n|poke|p1|Zapdos-Galar|\n|poke|p1|Gliscor, F|\n|poke|p2|Slowking-Galar, F|\n|poke|p2|Urshifu-*, F|\n|poke|p2|Banette, M|\n|poke|p2|Samurott-Hisui, M|\n|poke|p2|Garchomp, M|\n|poke|p2|Tornadus-Therian, M|\n|teampreview\n|inactive|Battle timer is ON: inactive players will automatically lose when time's up. (requested by xsk123)\n|\n|t:|1700491454\n|start\n|switch|p1a: Serperior|Serperior, F|100\/100\n|switch|p2a: Urshifu|Urshifu-Rapid-Strike, F|100\/100\n|turn|1\n|\n|t:|1700491463\n|move|p2a: Urshifu|U-turn|p1a: Serperior\n|-supereffective|p1a: Serperior\n|-damage|p1a: Serperior|55\/100\n|inactive|daodanguiTest has 120 seconds left.\n|\n|t:|1700491506\n|switch|p2a: Samurott|Samurott-Hisui, M, shiny|100\/100|[from] U-turn\n|move|p1a: Serperior|Glare|p2a: Samurott\n|-status|p2a: Samurott|par\n|\n|-heal|p1a: Serperior|62\/100|[from] item: Leftovers\n|upkeep\n|turn|2\n|\n|t:|1700491515\n|-terastallize|p2a: Samurott|Ghost\n|move|p1a: Serperior|Leaf Storm|p2a: Samurott\n|-damage|p2a: Samurott|43\/100 par\n|-boost|p1a: Serperior|spa|2\n|move|p2a: Samurott|Encore|p1a: Serperior\n|-start|p1a: Serperior|Encore\n|\n|-heal|p1a: Serperior|68\/100|[from] item: Leftovers\n|upkeep\n|turn|3\n|\n|t:|1700491531\n|switch|p2a: Slowking|Slowking-Galar, F, shiny|100\/100\n|move|p1a: Serperior|Leaf Storm|p2a: Slowking\n|-resisted|p2a: Slowking\n|-damage|p2a: Slowking|84\/100\n|-boost|p1a: Serperior|spa|2\n|\n|-heal|p1a: Serperior|74\/100|[from] item: Leftovers\n|upkeep\n|turn|4\n|\n|t:|1700491538\n|switch|p1a: Gliscor|Gliscor, F|100\/100\n|move|p2a: Slowking|Future Sight|p1a: Gliscor\n|-start|p2a: Slowking|move: Future Sight\n|\n|-status|p1a: Gliscor|tox|[from] item: Toxic Orb\n|upkeep\n|turn|5\n|inactive|daodanguiTest has 120 seconds left.\n|inactive|xsk123 has 120 seconds left.\n|\n|t:|1700491572\n|switch|p1a: Zapdos|Zapdos-Galar|100\/100\n|switch|p2a: Tornadus|Tornadus-Therian, M, shiny|100\/100\n|\n|upkeep\n|turn|6\n|inactive|xsk123 has 120 seconds left.\n|inactive|daodanguiTest has 120 seconds left.\n|\n|t:|1700491583\n|switch|p1a: Gliscor|Gliscor, F|100\/100 tox\n|move|p2a: Tornadus|Bleakwind Storm|p1a: Gliscor|[miss]\n|-miss|p2a: Tornadus|p1a: Gliscor\n|\n|-end|p1a: Gliscor|move: Future Sight\n|-damage|p1a: Gliscor|50\/100 tox\n|-heal|p1a: Gliscor|63\/100 tox|[from] ability: Poison Heal\n|upkeep\n|turn|7\n|inactive|xsk123 has 120 seconds left.\n|\n|t:|1700491597\n|move|p2a: Tornadus|Bleakwind Storm|p1a: Gliscor\n|-damage|p1a: Gliscor|17\/100 tox\n|-unboost|p1a: Gliscor|spe|1\n|-damage|p2a: Tornadus|91\/100|[from] item: Life Orb\n|move|p1a: Gliscor|Toxic|p2a: Tornadus\n|-status|p2a: Tornadus|tox\n|\n|-damage|p2a: Tornadus|84\/100 tox|[from] psn\n|-heal|p1a: Gliscor|30\/100 tox|[from] ability: Poison Heal\n|upkeep\n|turn|8\n|\n|t:|1700491610\n|move|p1a: Gliscor|Protect|p1a: Gliscor\n|-singleturn|p1a: Gliscor|Protect\n|move|p2a: Tornadus|Bleakwind Storm|p1a: Gliscor\n|-activate|p1a: Gliscor|move: Protect\n|\n|-damage|p2a: Tornadus|72\/100 tox|[from] psn\n|-heal|p1a: Gliscor|42\/100 tox|[from] ability: Poison Heal\n|upkeep\n|turn|9\n|\n|t:|1700491620\n|switch|p1a: Nidoking|Nidoking, M|100\/100\n|move|p2a: Tornadus|Grass Knot|p1a: Nidoking\n|-damage|p1a: Nidoking|60\/100\n|-damage|p2a: Tornadus|62\/100 tox|[from] item: Life Orb\n|\n|-damage|p2a: Tornadus|44\/100 tox|[from] psn\n|upkeep\n|turn|10\n|inactive|xsk123 has 120 seconds left.\n|\n|t:|1700491659\n|switch|p2a: Slowking|Slowking-Galar, F, shiny|100\/100\n|move|p1a: Nidoking|Earth Power|p2a: Slowking\n|-supereffective|p2a: Slowking\n|-damage|p2a: Slowking|47\/100\n|\n|upkeep\n|turn|11\n|inactive|xsk123 has 90 seconds left.\n|\n|t:|1700491713\n|switch|p2a: Tornadus|Tornadus-Therian, M, shiny|77\/100 tox\n|move|p1a: Nidoking|Ice Beam|p2a: Tornadus\n|-supereffective|p2a: Tornadus\n|-damage|p2a: Tornadus|0 fnt\n|faint|p2a: Tornadus\n|\n|upkeep\n|inactive|daodanguiTest has 120 seconds left.\n|\n|t:|1700491742\n|switch|p2a: Banette|Banette, M, shiny|100\/100\n|-item|p1a: Nidoking|Life Orb|[from] ability: Frisk|[of] p2a: Banette|[identify]\n|turn|12\n|inactive|xsk123 has 60 seconds left.\n|\n|t:|1700491763\n|switch|p1a: Staraptor|Staraptor, M|100\/100\n|detailschange|p2a: Banette|Banette-Mega, M, shiny\n|-mega|p2a: Banette|Banette|Banettite\n|move|p2a: Banette|Will-O-Wisp|p1a: Staraptor\n|-status|p1a: Staraptor|brn\n|\n|-damage|p1a: Staraptor|94\/100 brn|[from] brn\n|upkeep\n|turn|13\n|inactive|daodanguiTest has 120 seconds left.\n|\n|t:|1700491773\n|switch|p2a: Samurott|Samurott-Hisui, M, shiny, tera:Ghost|43\/100 par\n|move|p1a: Staraptor|Brave Bird|p2a: Samurott\n|-damage|p2a: Samurott|0 fnt\n|faint|p2a: Samurott\n|-damage|p1a: Staraptor|80\/100 brn|[from] Recoil\n|\n|-damage|p1a: Staraptor|73\/100 brn|[from] brn\n|upkeep\n|\n|t:|1700491784\n|switch|p2a: Garchomp|Garchomp, M, shiny|100\/100\n|turn|14\n|\n|t:|1700491794\n|move|p2a: Garchomp|Swords Dance|p2a: Garchomp\n|-boost|p2a: Garchomp|atk|2\n|move|p1a: Staraptor|Brave Bird|p2a: Garchomp\n|-damage|p2a: Garchomp|48\/100\n|-damage|p1a: Staraptor|61\/100 brn|[from] ability: Rough Skin|[of] p2a: Garchomp\n|-damage|p1a: Staraptor|41\/100 brn|[from] Recoil\n|\n|-damage|p1a: Staraptor|35\/100 brn|[from] brn\n|upkeep\n|turn|15\n|\n|t:|1700491802\n|move|p2a: Garchomp|Scale Shot|p1a: Staraptor\n|-damage|p1a: Staraptor|0 fnt\n|faint|p1a: Staraptor\n|-hitcount|p1: Staraptor|1\n|-unboost|p2a: Garchomp|def|1\n|-boost|p2a: Garchomp|spe|1\n|\n|upkeep\n|\n|t:|1700491805\n|switch|p1a: Zapdos|Zapdos-Galar|100\/100\n|turn|16\n|inactive|xsk123 has 90 seconds left.\n|\n|t:|1700491823\n|switch|p1a: Nidoking|Nidoking, M|60\/100\n|move|p2a: Garchomp|Scale Shot|p1a: Nidoking\n|-damage|p1a: Nidoking|22\/100\n|-damage|p1a: Nidoking|0 fnt\n|faint|p1a: Nidoking\n|-hitcount|p1: Nidoking|2\n|-unboost|p2a: Garchomp|def|1\n|-boost|p2a: Garchomp|spe|1\n|\n|upkeep\n|\n|t:|1700491831\n|switch|p1a: Pinsir|Pinsir, M|100\/100\n|turn|17\n|inactive|xsk123 has 90 seconds left.\n|\n|t:|1700491840\n|switch|p2a: Banette|Banette-Mega, M, shiny|100\/100\n|detailschange|p1a: Pinsir|Pinsir-Mega, M\n|-mega|p1a: Pinsir|Pinsir|Pinsirite\n|move|p1a: Pinsir|Quick Attack|p2a: Banette\n|-damage|p2a: Banette|57\/100\n|\n|upkeep\n|turn|18\n|\n|t:|1700491849\n|switch|p1a: Gliscor|Gliscor, F|42\/100 tox\n|move|p2a: Banette|Destiny Bond|p2a: Banette\n|-singlemove|p2a: Banette|Destiny Bond\n|\n|-heal|p1a: Gliscor|54\/100 tox|[from] ability: Poison Heal\n|upkeep\n|turn|19\n|\n|t:|1700491867\n|move|p2a: Banette|Poltergeist|p1a: Gliscor\n|-activate|p1a: Gliscor|move: Poltergeist|Toxic Orb\n|-damage|p1a: Gliscor|3\/100 tox\n|move|p1a: Gliscor|Toxic|p2a: Banette\n|-status|p2a: Banette|tox\n|\n|-damage|p2a: Banette|51\/100 tox|[from] psn\n|-heal|p1a: Gliscor|16\/100 tox|[from] ability: Poison Heal\n|upkeep\n|turn|20\n|\n|t:|1700491874\n|switch|p2a: Urshifu|Urshifu-Rapid-Strike, F|100\/100\n|move|p1a: Gliscor|Protect||[still]\n|-fail|p1a: Gliscor\n|\n|-heal|p1a: Gliscor|28\/100 tox|[from] ability: Poison Heal\n|upkeep\n|turn|21\n|\n|t:|1700491882\n|move|p2a: Urshifu|Ice Spinner|p1a: Gliscor\n|-supereffective|p1a: Gliscor\n|-damage|p1a: Gliscor|0 fnt\n|faint|p1a: Gliscor\n|\n|upkeep\n|\n|t:|1700491893\n|switch|p1a: Pinsir|Pinsir-Mega, M|100\/100\n|turn|22\n|j| RedLighting.Scizor\n|\n|t:|1700491915\n|switch|p2a: Garchomp|Garchomp, M, shiny|48\/100\n|move|p1a: Pinsir|Swords Dance|p1a: Pinsir\n|-boost|p1a: Pinsir|atk|2\n|\n|upkeep\n|turn|23\n|\n|t:|1700491920\n|move|p1a: Pinsir|Return|p2a: Garchomp\n|-damage|p2a: Garchomp|0 fnt\n|-damage|p1a: Pinsir|88\/100|[from] ability: Rough Skin|[of] p2a: Garchomp\n|faint|p2a: Garchomp\n|\n|upkeep\n|\n|t:|1700491923\n|switch|p2a: Banette|Banette-Mega, M, shiny|51\/100 tox\n|turn|24\n|\n|t:|1700491926\n|move|p1a: Pinsir|Quick Attack|p2a: Banette\n|-damage|p2a: Banette|0 fnt\n|faint|p2a: Banette\n|\n|upkeep\n|\n|t:|1700491930\n|switch|p2a: Urshifu|Urshifu-Rapid-Strike, F|100\/100\n|turn|25\n|\n|t:|1700491940\n|move|p1a: Pinsir|Quick Attack|p2a: Urshifu\n|-supereffective|p2a: Urshifu\n|-damage|p2a: Urshifu|0 fnt\n|faint|p2a: Urshifu\n|\n|upkeep\n|-message|daodanguiTest forfeited.\n|\n|win|xsk123\n|raw|xsk123's rating: 1631 &rarr; <strong>1656<\/strong><br \/>(+25 for winning)\n|raw|daodanguiTest's rating: 1719 &rarr; <strong>1694<\/strong><br \/>(-25 for losing)\n|l|\u2606daodanguiTest\n|l| RedLighting.Scizor\n","uploadtime":1700492089,"views":3,"p1id":"xsk123","p2id":"daodanguitest","formatid":"gen9nationaldex","rating":1656,"private":0,"password":""}