{"id":"gen9nationaldex-1988294057","p1":"hsenb\u59da\u67d0","p2":"PlasmaGruntTboltz","format":"[Gen 9] National Dex","log":"|j|\u2606hsenb\u59da\u67d0\n|j|\u2606PlasmaGruntTboltz\n|t:|1699703366\n|gametype|singles\n|player|p1|hsenb\u59da\u67d0|may-contest|1681\n|player|p2|PlasmaGruntTboltz|guzma|1660\n|teamsize|p1|6\n|teamsize|p2|6\n|gen|9\n|tier|[Gen 9] National Dex\n|rated|\n|rule|HP Percentage Mod: HP is shown in percentages\n|rule|Endless Battle Clause: Forcing endless battles is banned\n|rule|OHKO Clause: OHKO moves are banned\n|rule|Evasion Clause: Evasion abilities, items, and moves are banned\n|rule|Evasion Abilities Clause: Evasion abilities are banned\n|rule|Evasion Items Clause: Evasion items are banned\n|rule|Evasion Moves Clause: Evasion moves are banned\n|rule|Species Clause: Limit one of each Pok\u00e9mon\n|rule|Sleep Clause Mod: Limit one foe put to sleep\n|clearpoke\n|poke|p1|Diancie|\n|poke|p1|Garganacl, M|\n|poke|p1|Arcanine-Hisui, M|\n|poke|p1|Nihilego|\n|poke|p1|Glimmora, M|\n|poke|p1|Kleavor, M|\n|poke|p2|Haxorus, M|\n|poke|p2|Hatterene, F|\n|poke|p2|Ogerpon-Cornerstone, F|\n|poke|p2|Aegislash, M|\n|poke|p2|Urshifu-*, M|\n|poke|p2|Charizard, M|\n|teampreview\n|inactive|Battle timer is ON: inactive players will automatically lose when time's up. (requested by PlasmaGruntTboltz)\n|inactive|hsenb\u59da\u67d0 has 120 seconds left.\n|\n|t:|1699703405\n|start\n|switch|p1a: Glimmora|Glimmora, M|100\/100\n|switch|p2a: Urshifu|Urshifu-Rapid-Strike, M|100\/100\n|turn|1\n|\n|t:|1699703410\n|switch|p2a: Hatterene|Hatterene, F|100\/100\n|-terastallize|p1a: Glimmora|Grass\n|move|p1a: Glimmora|Energy Ball|p2a: Hatterene\n|-damage|p2a: Hatterene|46\/100\n|-unboost|p2a: Hatterene|spd|1\n|\n|-heal|p2a: Hatterene|53\/100|[from] item: Leftovers\n|upkeep\n|turn|2\n|\n|t:|1699703415\n|move|p1a: Glimmora|Energy Ball|p2a: Hatterene\n|-damage|p2a: Hatterene|0 fnt\n|faint|p2a: Hatterene\n|\n|upkeep\n|\n|t:|1699703418\n|switch|p2a: Charizard|Charizard, M|100\/100\n|turn|3\n|\n|t:|1699703430\n|switch|p1a: Garganacl|Garganacl, M|100\/100\n|detailschange|p2a: Charizard|Charizard-Mega-Y, M\n|-mega|p2a: Charizard|Charizard|Charizardite Y\n|-weather|SunnyDay|[from] ability: Drought|[of] p2a: Charizard\n|move|p2a: Charizard|Fire Blast|p1a: Garganacl\n|-resisted|p1a: Garganacl\n|-damage|p1a: Garganacl|63\/100\n|\n|-weather|SunnyDay|[upkeep]\n|-heal|p1a: Garganacl|70\/100|[from] item: Leftovers\n|upkeep\n|turn|4\n|c|\u2606PlasmaGruntTboltz|So much balanced\n|\n|t:|1699703440\n|move|p2a: Charizard|Solar Beam||[still]\n|-prepare|p2a: Charizard|Solar Beam\n|-anim|p2a: Charizard|Solar Beam|p1a: Garganacl\n|-supereffective|p1a: Garganacl\n|-crit|p1a: Garganacl\n|-damage|p1a: Garganacl|0 fnt\n|faint|p1a: Garganacl\n|\n|-weather|SunnyDay|[upkeep]\n|upkeep\n|\n|t:|1699703446\n|switch|p1a: Kleavor|Kleavor, M|100\/100\n|turn|5\n|\n|t:|1699703451\n|move|p1a: Kleavor|Stone Axe|p2a: Charizard\n|-supereffective|p2a: Charizard\n|-damage|p2a: Charizard|0 fnt\n|-sidestart|p2: PlasmaGruntTboltz|move: Stealth Rock\n|faint|p2a: Charizard\n|\n|-weather|SunnyDay|[upkeep]\n|upkeep\n|\n|t:|1699703461\n|switch|p2a: Ogerpon|Ogerpon-Cornerstone, F|100\/100\n|-damage|p2a: Ogerpon|88\/100|[from] Stealth Rock\n|turn|6\n|\n|t:|1699703472\n|move|p1a: Kleavor|Stone Axe|p2a: Ogerpon\n|-crit|p2a: Ogerpon\n|-damage|p2a: Ogerpon|0 fnt\n|faint|p2a: Ogerpon\n|\n|-weather|SunnyDay|[upkeep]\n|upkeep\n|\n|t:|1699703477\n|switch|p2a: Aegislash|Aegislash, M|100\/100\n|-damage|p2a: Aegislash|94\/100|[from] Stealth Rock\n|turn|7\n|\n|t:|1699703486\n|move|p1a: Kleavor|Stone Axe|p2a: Aegislash\n|-resisted|p2a: Aegislash\n|-damage|p2a: Aegislash|71\/100\n|-formechange|p2a: Aegislash|Aegislash-Blade||[from] ability: Stance Change\n|move|p2a: Aegislash|Shadow Ball|p1a: Kleavor\n|-damage|p1a: Kleavor|20\/100\n|\n|-weather|none\n|upkeep\n|turn|8\n|\n|t:|1699703491\n|move|p2a: Aegislash|Shadow Sneak|p1a: Kleavor\n|-crit|p1a: Kleavor\n|-damage|p1a: Kleavor|0 fnt\n|faint|p1a: Kleavor\n|\n|upkeep\n|\n|t:|1699703502\n|switch|p1a: Diancie|Diancie|100\/100\n|turn|9\n|\n|t:|1699703507\n|detailschange|p1a: Diancie|Diancie-Mega\n|-mega|p1a: Diancie|Diancie|Diancite\n|-formechange|p2a: Aegislash|Aegislash||[from] ability: Stance Change\n|move|p2a: Aegislash|King's Shield|p2a: Aegislash\n|-singleturn|p2a: Aegislash|Protect\n|move|p1a: Diancie|Earth Power|p2a: Aegislash\n|-activate|p2a: Aegislash|move: Protect\n|\n|upkeep\n|turn|10\n|\n|t:|1699703512\n|move|p1a: Diancie|Earth Power|p2a: Aegislash\n|-supereffective|p2a: Aegislash\n|-damage|p2a: Aegislash|18\/100\n|-enditem|p2a: Aegislash|Weakness Policy\n|-boost|p2a: Aegislash|atk|2|[from] item: Weakness Policy\n|-boost|p2a: Aegislash|spa|2|[from] item: Weakness Policy\n|-formechange|p2a: Aegislash|Aegislash-Blade||[from] ability: Stance Change\n|move|p2a: Aegislash|Shadow Ball|p1a: Diancie\n|-damage|p1a: Diancie|0 fnt\n|faint|p1a: Diancie\n|\n|upkeep\n|\n|t:|1699703532\n|switch|p1a: Nihilego|Nihilego|100\/100\n|turn|11\n|\n|t:|1699703537\n|move|p2a: Aegislash|Shadow Sneak|p1a: Nihilego\n|-damage|p1a: Nihilego|42\/100\n|move|p1a: Nihilego|Meteor Beam||[still]\n|-prepare|p1a: Nihilego|Meteor Beam\n|-boost|p1a: Nihilego|spa|1\n|-enditem|p1a: Nihilego|Power Herb\n|-anim|p1a: Nihilego|Meteor Beam|p2a: Aegislash\n|-resisted|p2a: Aegislash\n|-crit|p2a: Aegislash\n|-damage|p2a: Aegislash|0 fnt\n|faint|p2a: Aegislash\n|-ability|p1a: Nihilego|Beast Boost|boost\n|-boost|p1a: Nihilego|spe|1\n|\n|upkeep\n|\n|t:|1699703541\n|switch|p2a: Urshifu|Urshifu-Rapid-Strike, M|100\/100\n|-damage|p2a: Urshifu|94\/100|[from] Stealth Rock\n|turn|12\n|\n|t:|1699703549\n|move|p2a: Urshifu|Aqua Jet|p1a: Nihilego\n|-supereffective|p1a: Nihilego\n|-damage|p1a: Nihilego|0 fnt\n|faint|p1a: Nihilego\n|\n|upkeep\n|\n|t:|1699703555\n|switch|p1a: Glimmora|Glimmora, M, tera:Grass|100\/100\n|turn|13\n|\n|t:|1699703564\n|switch|p2a: Raiden|Haxorus, M, shiny|100\/100\n|-damage|p2a: Raiden|88\/100|[from] Stealth Rock\n|-ability|p2a: Raiden|Mold Breaker\n|move|p1a: Glimmora|Earth Power|p2a: Raiden\n|-damage|p2a: Raiden|34\/100\n|\n|upkeep\n|turn|14\n|\n|t:|1699703569\n|switch|p1a: Arcanine|Arcanine-Hisui, M|100\/100\n|move|p2a: Raiden|Poison Jab|p1a: Arcanine\n|-resisted|p1a: Arcanine\n|-damage|p1a: Arcanine|79\/100\n|\n|upkeep\n|turn|15\n|\n|t:|1699703572\n|move|p1a: Arcanine|Extreme Speed|p2a: Raiden\n|-damage|p2a: Raiden|0 fnt\n|faint|p2a: Raiden\n|\n|upkeep\n|\n|t:|1699703574\n|switch|p2a: Urshifu|Urshifu-Rapid-Strike, M|94\/100\n|-damage|p2a: Urshifu|88\/100|[from] Stealth Rock\n|turn|16\n|c|\u2606PlasmaGruntTboltz|Gg\n|\n|t:|1699703582\n|-terastallize|p2a: Urshifu|Water\n|move|p1a: Arcanine|Extreme Speed|p2a: Urshifu\n|-damage|p2a: Urshifu|48\/100\n|move|p2a: Urshifu|Surging Strikes|p1a: Arcanine\n|-supereffective|p1a: Arcanine\n|-crit|p1a: Arcanine\n|-damage|p1a: Arcanine|0 fnt\n|faint|p1a: Arcanine\n|-hitcount|p1: Arcanine|1\n|\n|upkeep\n|\n|t:|1699703589\n|switch|p1a: Glimmora|Glimmora, M, tera:Grass|100\/100\n|turn|17\n|\n|t:|1699703595\n|move|p2a: Urshifu|Surging Strikes|p1a: Glimmora\n|-resisted|p1a: Glimmora\n|-crit|p1a: Glimmora\n|-damage|p1a: Glimmora|86\/100\n|-activate|p1a: Glimmora|ability: Toxic Debris\n|-sidestart|p2: PlasmaGruntTboltz|move: Toxic Spikes\n|-resisted|p1a: Glimmora\n|-crit|p1a: Glimmora\n|-damage|p1a: Glimmora|70\/100\n|-activate|p1a: Glimmora|ability: Toxic Debris\n|-sidestart|p2: PlasmaGruntTboltz|move: Toxic Spikes\n|-resisted|p1a: Glimmora\n|-crit|p1a: Glimmora\n|-damage|p1a: Glimmora|54\/100\n|-hitcount|p1a: Glimmora|3\n|move|p1a: Glimmora|Energy Ball|p2a: Urshifu\n|-supereffective|p2a: Urshifu\n|-damage|p2a: Urshifu|0 fnt\n|faint|p2a: Urshifu\n|\n|win|hsenb\u59da\u67d0\n|raw|hsenb\u59da\u67d0's rating: 1681 &rarr; <strong>1699<\/strong><br \/>(+18 for winning)\n|raw|PlasmaGruntTboltz's rating: 1638 &rarr; <strong>1620<\/strong><br \/>(-18 for losing)\n|l|\u2606PlasmaGruntTboltz\n","uploadtime":1699703603,"views":4,"p1id":"hsenb","p2id":"plasmagrunttboltz","formatid":"gen9nationaldex","rating":1620,"private":0,"password":""}