{"id":"gen9nationaldex-1990695051","p1":"Draghunt66","p2":"Chili D Dewd","format":"[Gen 9] National Dex","log":"|j|\u2606Draghunt66\n|j|\u2606Chili D Dewd\n|t:|1699992462\n|gametype|singles\n|player|p1|Draghunt66|gambler|1492\n|player|p2|Chili D Dewd|flint|1506\n|teamsize|p1|6\n|teamsize|p2|6\n|gen|9\n|tier|[Gen 9] National Dex\n|rated|\n|rule|HP Percentage Mod: HP is shown in percentages\n|rule|Endless Battle Clause: Forcing endless battles is banned\n|rule|OHKO Clause: OHKO moves are banned\n|rule|Evasion Clause: Evasion abilities, items, and moves are banned\n|rule|Evasion Abilities Clause: Evasion abilities are banned\n|rule|Evasion Items Clause: Evasion items are banned\n|rule|Evasion Moves Clause: Evasion moves are banned\n|rule|Species Clause: Limit one of each Pok\u00e9mon\n|rule|Sleep Clause Mod: Limit one foe put to sleep\n|clearpoke\n|poke|p1|Tapu Koko|\n|poke|p1|Iron Hands|\n|poke|p1|Iron Valiant|\n|poke|p1|Sneasler, M|\n|poke|p1|Iron Treads|\n|poke|p1|Zapdos|\n|poke|p2|Scovillain, M|\n|poke|p2|Torkoal, M|\n|poke|p2|Great Tusk|\n|poke|p2|Houndoom, F|\n|poke|p2|Tapu Lele|\n|poke|p2|Rotom-Wash|\n|teampreview\n|\n|t:|1699992473\n|start\n|switch|p1a: Tapu Koko|Tapu Koko|100\/100\n|switch|p2a: Torkoal|Torkoal, M|100\/100\n|-fieldstart|move: Electric Terrain|[from] ability: Electric Surge|[of] p1a: Tapu Koko\n|-weather|SunnyDay|[from] ability: Drought|[of] p2a: Torkoal\n|turn|1\n|inactive|Battle timer is ON: inactive players will automatically lose when time's up. (requested by Chili D Dewd)\n|\n|t:|1699992484\n|switch|p2a: Rotom|Rotom-Wash|100\/100\n|move|p1a: Tapu Koko|Thunderbolt|p2a: Rotom\n|-damage|p2a: Rotom|68\/100\n|\n|-weather|SunnyDay|[upkeep]\n|-heal|p2a: Rotom|74\/100|[from] item: Leftovers\n|upkeep\n|turn|2\n|\n|t:|1699992496\n|move|p1a: Tapu Koko|U-turn|p2a: Rotom\n|-damage|p2a: Rotom|57\/100\n|\n|t:|1699992504\n|switch|p1a: Zapdos|Zapdos, shiny|100\/100|[from] U-turn\n|move|p2a: Rotom|Volt Switch|p1a: Zapdos\n|-damage|p1a: Zapdos|72\/100\n|\n|t:|1699992518\n|switch|p2a: Houndoom|Houndoom, F|100\/100|[from] Volt Switch\n|\n|-weather|SunnyDay|[upkeep]\n|upkeep\n|turn|3\n|\n|t:|1699992544\n|detailschange|p2a: Houndoom|Houndoom-Mega, F\n|-mega|p2a: Houndoom|Houndoom|Houndoominite\n|move|p2a: Houndoom|Flame Charge|p1a: Zapdos\n|-damage|p1a: Zapdos|41\/100\n|-boost|p2a: Houndoom|spe|1\n|move|p1a: Zapdos|Thunderbolt|p2a: Houndoom\n|-damage|p2a: Houndoom|41\/100\n|\n|-weather|SunnyDay|[upkeep]\n|-damage|p2a: Houndoom|28\/100|[from] ability: Solar Power|[of] p2a: Houndoom\n|upkeep\n|turn|4\n|\n|t:|1699992556\n|move|p2a: Houndoom|Flamethrower|p1a: Zapdos\n|-damage|p1a: Zapdos|0 fnt\n|faint|p1a: Zapdos\n|\n|-weather|SunnyDay|[upkeep]\n|-damage|p2a: Houndoom|16\/100|[from] ability: Solar Power|[of] p2a: Houndoom\n|upkeep\n|inactive|Draghunt66 has 120 seconds left.\n|\n|t:|1699992568\n|switch|p1a: Iron Valiant|Iron Valiant|100\/100\n|-activate|p1a: Iron Valiant|ability: Quark Drive\n|-start|p1a: Iron Valiant|quarkdrivespe\n|turn|5\n|inactive|Draghunt66 has 120 seconds left.\n|\n|t:|1699992579\n|switch|p2a: Tapu Lele|Tapu Lele|100\/100\n|-fieldstart|move: Psychic Terrain|[from] ability: Psychic Surge|[of] p2a: Tapu Lele\n|-end|p1a: Iron Valiant|Quark Drive\n|move|p1a: Iron Valiant|Moonblast|p2a: Tapu Lele\n|-damage|p2a: Tapu Lele|29\/100\n|-damage|p1a: Iron Valiant|91\/100|[from] item: Life Orb\n|\n|-weather|SunnyDay|[upkeep]\n|upkeep\n|turn|6\n|inactive|Draghunt66 has 120 seconds left.\n|\n|t:|1699992596\n|-end|p1a: Iron Valiant|Quark Drive|[silent]\n|switch|p1a: Iron Treads|Iron Treads|100\/100\n|move|p2a: Tapu Lele|Moonblast|p1a: Iron Treads\n|-resisted|p1a: Iron Treads\n|-damage|p1a: Iron Treads|63\/100\n|-unboost|p1a: Iron Treads|spa|1\n|\n|-weather|SunnyDay|[upkeep]\n|-heal|p1a: Iron Treads|69\/100|[from] item: Leftovers\n|upkeep\n|turn|7\n|inactive|Draghunt66 has 120 seconds left.\n|\n|t:|1699992607\n|switch|p2a: Great Tusk|Great Tusk|100\/100\n|-activate|p2a: Great Tusk|ability: Protosynthesis\n|-start|p2a: Great Tusk|protosynthesisatk\n|move|p1a: Iron Treads|Iron Head|p2a: Great Tusk\n|-damage|p2a: Great Tusk|72\/100\n|\n|-weather|SunnyDay|[upkeep]\n|-heal|p1a: Iron Treads|76\/100|[from] item: Leftovers\n|upkeep\n|turn|8\n|inactive|Draghunt66 has 120 seconds left.\n|\n|t:|1699992629\n|move|p1a: Iron Treads|Knock Off|p2a: Great Tusk\n|-resisted|p2a: Great Tusk\n|-damage|p2a: Great Tusk|65\/100\n|move|p2a: Great Tusk|Rapid Spin|p1a: Iron Treads\n|-resisted|p1a: Iron Treads\n|-damage|p1a: Iron Treads|66\/100\n|-boost|p2a: Great Tusk|spe|1\n|\n|-weather|none\n|-end|p2a: Great Tusk|Protosynthesis\n|-heal|p1a: Iron Treads|72\/100|[from] item: Leftovers\n|upkeep\n|turn|9\n|\n|t:|1699992641\n|move|p2a: Great Tusk|Rapid Spin|p1a: Iron Treads\n|-resisted|p1a: Iron Treads\n|-damage|p1a: Iron Treads|64\/100\n|-boost|p2a: Great Tusk|spe|1\n|move|p1a: Iron Treads|Earthquake|p2a: Great Tusk\n|-damage|p2a: Great Tusk|31\/100\n|\n|-heal|p1a: Iron Treads|71\/100|[from] item: Leftovers\n|-fieldend|move: Psychic Terrain\n|upkeep\n|turn|10\n|\n|t:|1699992653\n|move|p2a: Great Tusk|Headlong Rush|p1a: Iron Treads\n|-supereffective|p1a: Iron Treads\n|-damage|p1a: Iron Treads|0 fnt\n|-unboost|p2a: Great Tusk|def|1\n|-unboost|p2a: Great Tusk|spd|1\n|faint|p1a: Iron Treads\n|-end|p1a: Iron Treads|Quark Drive|[silent]\n|\n|upkeep\n|\n|t:|1699992661\n|switch|p1a: Tapu Koko|Tapu Koko|100\/100\n|-fieldstart|move: Electric Terrain|[from] ability: Electric Surge|[of] p1a: Tapu Koko\n|turn|11\n|\n|t:|1699992676\n|-terastallize|p1a: Tapu Koko|Flying\n|move|p2a: Great Tusk|Headlong Rush|p1a: Tapu Koko\n|-immune|p1a: Tapu Koko\n|move|p1a: Tapu Koko|Dazzling Gleam|p2a: Great Tusk\n|-supereffective|p2a: Great Tusk\n|-damage|p2a: Great Tusk|0 fnt\n|faint|p2a: Great Tusk\n|-end|p2a: Great Tusk|Protosynthesis|[silent]\n|\n|upkeep\n|\n|t:|1699992680\n|switch|p2a: Tapu Lele|Tapu Lele|29\/100\n|-fieldstart|move: Psychic Terrain|[from] ability: Psychic Surge|[of] p2a: Tapu Lele\n|turn|12\n|inactive|Draghunt66 has 90 seconds left.\n|\n|t:|1699992720\n|switch|p2a: Torkoal|Torkoal, M|100\/100\n|-weather|SunnyDay|[from] ability: Drought|[of] p2a: Torkoal\n|switch|p1a: Iron Valiant|Iron Valiant|91\/100\n|\n|-weather|SunnyDay|[upkeep]\n|upkeep\n|turn|13\n|\n|t:|1699992733\n|switch|p2a: Houndoom|Houndoom-Mega, F|16\/100\n|move|p1a: Iron Valiant|Aura Sphere|p2a: Houndoom\n|-supereffective|p2a: Houndoom\n|-damage|p2a: Houndoom|0 fnt\n|faint|p2a: Houndoom\n|-damage|p1a: Iron Valiant|81\/100|[from] item: Life Orb\n|\n|-weather|SunnyDay|[upkeep]\n|upkeep\n|\n|t:|1699992736\n|switch|p2a: Scovillain|Scovillain, M|100\/100\n|turn|14\n|inactive|Draghunt66 has 90 seconds left.\n|j| bodi 69\n|c| bodi 69|chili d dewd\n|\n|t:|1699992753\n|-end|p1a: Iron Valiant|Quark Drive|[silent]\n|switch|p1a: Tapu Koko|Tapu Koko, tera:Flying|100\/100\n|-fieldstart|move: Electric Terrain|[from] ability: Electric Surge|[of] p1a: Tapu Koko\n|move|p2a: Scovillain|Fire Blast|p1a: Tapu Koko\n|-damage|p1a: Tapu Koko|0 fnt\n|faint|p1a: Tapu Koko\n|-damage|p2a: Scovillain|91\/100|[from] item: Life Orb\n|\n|-weather|SunnyDay|[upkeep]\n|upkeep\n|\n|t:|1699992759\n|switch|p1a: Sneasler|Sneasler, M|100\/100\n|-enditem|p1a: Sneasler|Electric Seed\n|-boost|p1a: Sneasler|def|1|[from] item: Electric Seed\n|turn|15\n|c| bodi 69|give me your team\n|\n|t:|1699992767\n|switch|p2a: Rotom|Rotom-Wash|57\/100\n|move|p1a: Sneasler|Dire Claw|p2a: Rotom\n|-damage|p2a: Rotom|13\/100\n|-status|p2a: Rotom|slp\n|\n|-weather|SunnyDay|[upkeep]\n|-heal|p2a: Rotom|19\/100 slp|[from] item: Leftovers\n|upkeep\n|turn|16\n|inactive|Draghunt66 has 90 seconds left.\n|\n|t:|1699992776\n|switch|p2a: Tapu Lele|Tapu Lele|29\/100\n|-fieldstart|move: Psychic Terrain|[from] ability: Psychic Surge|[of] p2a: Tapu Lele\n|move|p1a: Sneasler|Swords Dance|p1a: Sneasler\n|-boost|p1a: Sneasler|atk|2\n|\n|-weather|SunnyDay|[upkeep]\n|upkeep\n|turn|17\n|inactive|Draghunt66 has 90 seconds left.\n|\n|t:|1699992787\n|switch|p2a: Rotom|Rotom-Wash|19\/100 slp\n|move|p1a: Sneasler|Acrobatics|p2a: Rotom\n|-resisted|p2a: Rotom\n|-damage|p2a: Rotom|0 fnt\n|faint|p2a: Rotom\n|\n|-weather|SunnyDay|[upkeep]\n|upkeep\n|\n|t:|1699992789\n|switch|p2a: Torkoal|Torkoal, M|100\/100\n|turn|18\n|\n|t:|1699992800\n|move|p1a: Sneasler|Dire Claw|p2a: Torkoal\n|-damage|p2a: Torkoal|50\/100\n|-status|p2a: Torkoal|psn\n|move|p2a: Torkoal|Yawn|p1a: Sneasler\n|-start|p1a: Sneasler|move: Yawn|[of] p2a: Torkoal\n|\n|-weather|SunnyDay|[upkeep]\n|-damage|p2a: Torkoal|37\/100 psn|[from] psn\n|upkeep\n|turn|19\n|c|\u2606Chili D Dewd|Man this rng is dum\n|inactive|Draghunt66 has 90 seconds left.\n|\n|t:|1699992833\n|switch|p2a: Tapu Lele|Tapu Lele|29\/100\n|move|p1a: Sneasler|Dire Claw|p2a: Tapu Lele\n|-supereffective|p2a: Tapu Lele\n|-damage|p2a: Tapu Lele|0 fnt\n|faint|p2a: Tapu Lele\n|\n|-weather|none\n|-end|p1a: Sneasler|move: Yawn|[silent]\n|-status|p1a: Sneasler|slp\n|upkeep\n|c| bodi 69|Chili D Dewd give me your team\n|\n|t:|1699992837\n|switch|p2a: Torkoal|Torkoal, M|37\/100 psn\n|-weather|SunnyDay|[from] ability: Drought|[of] p2a: Torkoal\n|turn|20\n|\n|t:|1699992841\n|switch|p2a: Scovillain|Scovillain, M|91\/100\n|cant|p1a: Sneasler|slp\n|\n|-weather|SunnyDay|[upkeep]\n|-fieldend|move: Psychic Terrain\n|upkeep\n|turn|21\n|\n|t:|1699992847\n|-terastallize|p2a: Scovillain|Fire\n|cant|p1a: Sneasler|slp\n|move|p2a: Scovillain|Fire Blast|p1a: Sneasler\n|-damage|p1a: Sneasler|0 fnt\n|faint|p1a: Sneasler\n|-damage|p2a: Scovillain|81\/100|[from] item: Life Orb\n|\n|-weather|SunnyDay|[upkeep]\n|upkeep\n|inactive|Draghunt66 has 90 seconds left.\n|\n|t:|1699992859\n|switch|p1a: Iron Hands|Iron Hands|100\/100\n|turn|22\n|\n|t:|1699992862\n|move|p2a: Scovillain|Fire Blast|p1a: Iron Hands\n|-damage|p1a: Iron Hands|0 fnt\n|faint|p1a: Iron Hands\n|-end|p1a: Iron Hands|Quark Drive|[silent]\n|-damage|p2a: Scovillain|71\/100|[from] item: Life Orb\n|\n|-weather|SunnyDay|[upkeep]\n|upkeep\n|\n|t:|1699992869\n|switch|p1a: Iron Valiant|Iron Valiant|81\/100\n|turn|23\n|\n|t:|1699992875\n|move|p2a: Scovillain|Fire Blast|p1a: Iron Valiant\n|-damage|p1a: Iron Valiant|0 fnt\n|faint|p1a: Iron Valiant\n|-end|p1a: Iron Valiant|Quark Drive|[silent]\n|-damage|p2a: Scovillain|61\/100|[from] item: Life Orb\n|\n|win|Chili D Dewd\n|raw|Draghunt66's rating: 1492 &rarr; <strong>1473<\/strong><br \/>(-19 for losing)\n|raw|Chili D Dewd's rating: 1506 &rarr; <strong>1525<\/strong><br \/>(+19 for winning)\n","uploadtime":1699992883,"views":4,"p1id":"draghunt66","p2id":"chiliddewd","formatid":"gen9nationaldex","rating":1473,"private":0,"password":""}