{"id":"gen9nationaldex-1992914954","p1":"SamsonManiac","p2":"testing a funni3","format":"[Gen 9] National Dex","log":"|j|\u2606SamsonManiac\n|j|\u2606testing a funni3\n|t:|1700246437\n|gametype|singles\n|player|p1|SamsonManiac|winona|1425\n|player|p2|testing a funni3|unknownf|1463\n|teamsize|p1|6\n|teamsize|p2|6\n|gen|9\n|tier|[Gen 9] National Dex\n|rated|\n|rule|HP Percentage Mod: HP is shown in percentages\n|rule|Endless Battle Clause: Forcing endless battles is banned\n|rule|OHKO Clause: OHKO moves are banned\n|rule|Evasion Clause: Evasion abilities, items, and moves are banned\n|rule|Evasion Abilities Clause: Evasion abilities are banned\n|rule|Evasion Items Clause: Evasion items are banned\n|rule|Evasion Moves Clause: Evasion moves are banned\n|rule|Species Clause: Limit one of each Pok\u00e9mon\n|rule|Sleep Clause Mod: Limit one foe put to sleep\n|clearpoke\n|poke|p1|Slither Wing|\n|poke|p1|Charizard, M|\n|poke|p1|Great Tusk|\n|poke|p1|Torkoal, M|\n|poke|p1|Ribombee, M|\n|poke|p1|Rillaboom, M|\n|poke|p2|Latios, M|\n|poke|p2|Buzzwole|\n|poke|p2|Gliscor, F|\n|poke|p2|Weavile, F|\n|poke|p2|Heatran, M|\n|poke|p2|Ogerpon-Wellspring, F|\n|teampreview\n|inactive|Battle timer is ON: inactive players will automatically lose when time's up. (requested by SamsonManiac)\n|\n|t:|1700246446\n|start\n|switch|p1a: Donkey Kong|Rillaboom, M, shiny|100\/100\n|switch|p2a: Weavile|Weavile, F|100\/100\n|-ability|p2a: Weavile|Pressure\n|-fieldstart|move: Grassy Terrain|[from] ability: Grassy Surge|[of] p1a: Donkey Kong\n|turn|1\n|\n|t:|1700246467\n|switch|p2a: Buzzwole|Buzzwole|100\/100\n|switch|p1a: Qurtel|Torkoal, M, shiny|100\/100\n|-weather|SunnyDay|[from] ability: Drought|[of] p1a: Qurtel\n|\n|-weather|SunnyDay|[upkeep]\n|upkeep\n|turn|2\n|\n|t:|1700246474\n|switch|p2a: Heatran|Heatran, M|100\/100\n|move|p1a: Qurtel|Lava Plume|p2a: Heatran\n|-start|p2a: Heatran|ability: Flash Fire\n|\n|-weather|SunnyDay|[upkeep]\n|upkeep\n|turn|3\n|\n|t:|1700246479\n|move|p2a: Heatran|Magma Storm|p1a: Qurtel\n|-resisted|p1a: Qurtel\n|-damage|p1a: Qurtel|33\/100\n|-activate|p1a: Qurtel|move: Magma Storm|[of] p2a: Heatran\n|-enditem|p1a: Qurtel|Eject Button\n|\n|t:|1700246498\n|switch|p1a: Ribombee|Ribombee, M, shiny|100\/100\n|\n|-weather|SunnyDay|[upkeep]\n|upkeep\n|turn|4\n|\n|t:|1700246505\n|move|p1a: Ribombee|Sticky Web|p2a: Heatran\n|-sidestart|p2: testing a funni3|move: Sticky Web\n|move|p2a: Heatran|Magma Storm|p1a: Ribombee\n|-supereffective|p1a: Ribombee\n|-enditem|p1a: Ribombee|Focus Sash\n|-damage|p1a: Ribombee|1\/100\n|-activate|p1a: Ribombee|move: Magma Storm|[of] p2a: Heatran\n|\n|-weather|SunnyDay|[upkeep]\n|-heal|p1a: Ribombee|7\/100|[from] Grassy Terrain\n|-damage|p1a: Ribombee|0 fnt|[from] move: Magma Storm|[partiallytrapped]\n|faint|p1a: Ribombee\n|upkeep\n|\n|t:|1700246516\n|switch|p1a: Riesenzahn|Great Tusk, shiny|100\/100\n|-activate|p1a: Riesenzahn|ability: Protosynthesis\n|-start|p1a: Riesenzahn|protosynthesisatk\n|turn|5\n|\n|t:|1700246529\n|move|p1a: Riesenzahn|Headlong Rush|p2a: Heatran\n|-supereffective|p2a: Heatran\n|-damage|p2a: Heatran|0 fnt\n|-unboost|p1a: Riesenzahn|def|1\n|-unboost|p1a: Riesenzahn|spd|1\n|faint|p2a: Heatran\n|\n|-weather|none\n|-end|p1a: Riesenzahn|Protosynthesis\n|-fieldend|move: Grassy Terrain\n|upkeep\n|\n|t:|1700246537\n|switch|p2a: Latios|Latios, M|100\/100\n|turn|6\n|\n|t:|1700246542\n|-end|p1a: Riesenzahn|Protosynthesis|[silent]\n|switch|p1a: Qurtel|Torkoal, M, shiny|33\/100\n|-weather|SunnyDay|[from] ability: Drought|[of] p1a: Qurtel\n|detailschange|p2a: Latios|Latios-Mega, M\n|-mega|p2a: Latios|Latios|Latiosite\n|move|p2a: Latios|Psychic|p1a: Qurtel\n|-damage|p1a: Qurtel|0 fnt\n|faint|p1a: Qurtel\n|\n|-weather|SunnyDay|[upkeep]\n|upkeep\n|\n|t:|1700246568\n|switch|p1a: Kriechfl\u00fcgel|Slither Wing, shiny|100\/100\n|-activate|p1a: Kriechfl\u00fcgel|ability: Protosynthesis\n|-start|p1a: Kriechfl\u00fcgel|protosynthesisatk\n|turn|7\n|\n|t:|1700246574\n|switch|p2a: Gliscor|Gliscor, F|100\/100\n|move|p1a: Kriechfl\u00fcgel|First Impression|p2a: Gliscor\n|-resisted|p2a: Gliscor\n|-damage|p2a: Gliscor|62\/100\n|\n|-weather|SunnyDay|[upkeep]\n|-status|p2a: Gliscor|tox|[from] item: Toxic Orb\n|upkeep\n|turn|8\n|\n|t:|1700246583\n|-end|p1a: Kriechfl\u00fcgel|Protosynthesis|[silent]\n|switch|p1a: Donkey Kong|Rillaboom, M, shiny|100\/100\n|-fieldstart|move: Grassy Terrain|[from] ability: Grassy Surge|[of] p1a: Donkey Kong\n|move|p2a: Gliscor|Roost|p2a: Gliscor\n|-heal|p2a: Gliscor|100\/100 tox\n|-singleturn|p2a: Gliscor|move: Roost\n|\n|-weather|SunnyDay|[upkeep]\n|upkeep\n|turn|9\n|\n|t:|1700246588\n|move|p1a: Donkey Kong|Swords Dance|p1a: Donkey Kong\n|-boost|p1a: Donkey Kong|atk|2\n|move|p2a: Gliscor|Toxic|p1a: Donkey Kong\n|-status|p1a: Donkey Kong|tox\n|\n|-weather|SunnyDay|[upkeep]\n|-damage|p1a: Donkey Kong|94\/100 tox|[from] psn\n|upkeep\n|turn|10\n|\n|t:|1700246596\n|switch|p2a: Buzzwole|Buzzwole|100\/100\n|move|p1a: Donkey Kong|Knock Off|p2a: Buzzwole\n|-resisted|p2a: Buzzwole\n|-crit|p2a: Buzzwole\n|-damage|p2a: Buzzwole|70\/100\n|-enditem|p2a: Buzzwole|Heavy-Duty Boots|[from] move: Knock Off|[of] p1a: Donkey Kong\n|-damage|p1a: Donkey Kong|84\/100 tox|[from] item: Life Orb\n|\n|-weather|none\n|-heal|p1a: Donkey Kong|91\/100 tox|[from] Grassy Terrain\n|-heal|p2a: Buzzwole|76\/100|[from] Grassy Terrain\n|-damage|p1a: Donkey Kong|78\/100 tox|[from] psn\n|upkeep\n|turn|11\n|\n|t:|1700246606\n|move|p1a: Donkey Kong|Superpower|p2a: Buzzwole\n|-resisted|p2a: Buzzwole\n|-damage|p2a: Buzzwole|50\/100\n|-unboost|p1a: Donkey Kong|atk|1\n|-unboost|p1a: Donkey Kong|def|1\n|-damage|p1a: Donkey Kong|68\/100 tox|[from] item: Life Orb\n|move|p2a: Buzzwole|Ice Punch|p1a: Donkey Kong\n|-supereffective|p1a: Donkey Kong\n|-damage|p1a: Donkey Kong|0 fnt\n|faint|p1a: Donkey Kong\n|-ability|p2a: Buzzwole|Beast Boost|boost\n|-boost|p2a: Buzzwole|def|1\n|\n|-heal|p2a: Buzzwole|56\/100|[from] Grassy Terrain\n|upkeep\n|\n|t:|1700246614\n|switch|p1a: Glurak|Charizard, M, shiny|100\/100\n|turn|12\n|\n|t:|1700246625\n|switch|p2a: Latios|Latios-Mega, M|100\/100\n|detailschange|p1a: Glurak|Charizard-Mega-Y, M, shiny\n|-mega|p1a: Glurak|Charizard|Charizardite Y\n|-weather|SunnyDay|[from] ability: Drought|[of] p1a: Glurak\n|move|p1a: Glurak|Weather Ball|p2a: Latios\n|-resisted|p2a: Latios\n|-damage|p2a: Latios|58\/100\n|\n|-weather|SunnyDay|[upkeep]\n|-fieldend|move: Grassy Terrain\n|upkeep\n|turn|13\n|\n|t:|1700246632\n|move|p2a: Latios|Mystical Fire|p1a: Glurak\n|-resisted|p1a: Glurak\n|-damage|p1a: Glurak|78\/100\n|-unboost|p1a: Glurak|spa|1\n|move|p1a: Glurak|Weather Ball|p2a: Latios\n|-resisted|p2a: Latios\n|-damage|p2a: Latios|30\/100\n|\n|-weather|SunnyDay|[upkeep]\n|upkeep\n|turn|14\n|\n|t:|1700246638\n|switch|p1a: Riesenzahn|Great Tusk, shiny|100\/100\n|-activate|p1a: Riesenzahn|ability: Protosynthesis\n|-start|p1a: Riesenzahn|protosynthesisatk\n|move|p2a: Latios|Roost|p2a: Latios\n|-heal|p2a: Latios|81\/100\n|-singleturn|p2a: Latios|move: Roost\n|\n|-weather|SunnyDay|[upkeep]\n|upkeep\n|turn|15\n|\n|t:|1700246646\n|move|p2a: Latios|Psychic|p1a: Riesenzahn\n|-supereffective|p1a: Riesenzahn\n|-damage|p1a: Riesenzahn|0 fnt\n|faint|p1a: Riesenzahn\n|-end|p1a: Riesenzahn|Protosynthesis|[silent]\n|\n|-weather|SunnyDay|[upkeep]\n|upkeep\n|-message|SamsonManiac forfeited.\n|\n|win|testing a funni3\n|raw|SamsonManiac's rating: 1425 &rarr; <strong>1407<\/strong><br \/>(-18 for losing)\n|raw|testing a funni3's rating: 1463 &rarr; <strong>1481<\/strong><br \/>(+18 for winning)\n|l|\u2606SamsonManiac\n","uploadtime":1700246659,"views":13,"p1id":"samsonmaniac","p2id":"testingafunni3","formatid":"gen9nationaldex","rating":1407,"private":0,"password":""}