{"id":"gen9nationaldex-1997115837","p1":"The Kitten Boy","p2":"Veinelso","format":"[Gen 9] National Dex","log":"|html|<div class=\"broadcast-blue\"><strong>[Gen 9] National Dex is currently suspecting Sneasler! For information on how to participate check out the <a href=\"https:\/\/www.smogon.com\/forums\/threads\/sv-national-dex-suspect-8-just-dance.3731534\/\">suspect thread<\/a>.<\/strong><\/div>\n|j|\u2606The Kitten Boy\n|j|\u2606Veinelso\n|inactive|Battle timer is ON: inactive players will automatically lose when time's up.\n|t:|1700766080\n|gametype|singles\n|player|p1|The Kitten Boy|kieran-festival|\n|player|p2|Veinelso|allister-masters|\n|teamsize|p1|6\n|teamsize|p2|6\n|gen|9\n|tier|[Gen 9] National Dex\n|rated|Tournament battle\n|rule|HP Percentage Mod: HP is shown in percentages\n|rule|Endless Battle Clause: Forcing endless battles is banned\n|rule|OHKO Clause: OHKO moves are banned\n|rule|Evasion Clause: Evasion abilities, items, and moves are banned\n|rule|Evasion Abilities Clause: Evasion abilities are banned\n|rule|Evasion Items Clause: Evasion items are banned\n|rule|Evasion Moves Clause: Evasion moves are banned\n|rule|Species Clause: Limit one of each Pok\u00e9mon\n|rule|Sleep Clause Mod: Limit one foe put to sleep\n|clearpoke\n|poke|p1|Charizard, M|\n|poke|p1|Lilligant-Hisui, F|\n|poke|p1|Slither Wing|\n|poke|p1|Great Tusk|\n|poke|p1|Cinderace, F|\n|poke|p1|Volcarona, F|\n|poke|p2|Mawile, F|\n|poke|p2|Zamazenta-*|\n|poke|p2|Chansey, F|\n|poke|p2|Slowbro, M|\n|poke|p2|Gliscor, F|\n|poke|p2|Ogerpon-Wellspring, F|\n|teampreview\n|j| koodagameplay\n|\n|t:|1700766100\n|start\n|switch|p1a: StealthRock|Charizard, M, shiny|100\/100\n|switch|p2a: Zamazenta|Zamazenta|100\/100\n|-ability|p2a: Zamazenta|Dauntless Shield|boost\n|-boost|p2a: Zamazenta|def|1\n|turn|1\n|c| koodagameplay|Me pergunto qual move esse Charizard vai usar\n|\n|t:|1700766126\n|detailschange|p1a: StealthRock|Charizard-Mega-Y, M, shiny\n|-mega|p1a: StealthRock|Charizard|Charizardite Y\n|-weather|SunnyDay|[from] ability: Drought|[of] p1a: StealthRock\n|move|p2a: Zamazenta|Stone Edge|p1a: StealthRock\n|-supereffective|p1a: StealthRock\n|-damage|p1a: StealthRock|0 fnt\n|faint|p1a: StealthRock\n|\n|-weather|SunnyDay|[upkeep]\n|upkeep\n|c|\u2606Veinelso|nenhum c p\u00e1\n|c|\u2606The Kitten Boy|nenhum pelo visto\n|\n|t:|1700766140\n|switch|p1a: Truck|Great Tusk, shiny|100\/100\n|-activate|p1a: Truck|ability: Protosynthesis\n|-start|p1a: Truck|protosynthesisspe\n|turn|2\n|\n|t:|1700766149\n|switch|p2a: Gliscor|Gliscor, F|100\/100\n|move|p1a: Truck|Bulk Up|p1a: Truck\n|-boost|p1a: Truck|atk|1\n|-boost|p1a: Truck|def|1\n|\n|-weather|SunnyDay|[upkeep]\n|-status|p2a: Gliscor|tox|[from] item: Toxic Orb\n|upkeep\n|turn|3\n|\n|t:|1700766155\n|-end|p1a: Truck|Protosynthesis|[silent]\n|switch|p1a: Regina George|Lilligant-Hisui, F, shiny|100\/100\n|switch|p2a: Slowbro|Slowbro, M|100\/100\n|\n|-weather|SunnyDay|[upkeep]\n|upkeep\n|turn|4\n|\n|t:|1700766167\n|-terastallize|p2a: Slowbro|Dragon\n|-zpower|p1a: Regina George\n|move|p1a: Regina George|Bloom Doom|p2a: Slowbro|[zeffect]\n|-resisted|p2a: Slowbro\n|-damage|p2a: Slowbro|71\/100\n|move|p2a: Slowbro|Teleport|p2a: Slowbro\n|j|+PedroGreg\n|\n|t:|1700766181\n|switch|p2a: Mawile|Mawile, F|100\/100|[from] Teleport\n|-ability|p2a: Mawile|Intimidate|boost\n|-unboost|p1a: Regina George|atk|1\n|\n|-weather|SunnyDay|[upkeep]\n|upkeep\n|turn|5\n|j| Catalisador\n|\n|t:|1700766199\n|switch|p1a: Perna Longa|Cinderace, F, shiny|100\/100\n|detailschange|p2a: Mawile|Mawile-Mega, F\n|-mega|p2a: Mawile|Mawile|Mawilite\n|move|p2a: Mawile|Play Rough|p1a: Perna Longa\n|-resisted|p1a: Perna Longa\n|-damage|p1a: Perna Longa|32\/100\n|\n|-weather|none\n|upkeep\n|turn|6\n|\n|t:|1700766210\n|switch|p2a: Gliscor|Gliscor, F|100\/100 tox\n|move|p1a: Perna Longa|Sucker Punch||[still]\n|-fail|p1a: Perna Longa\n|\n|upkeep\n|turn|7\n|\n|t:|1700766215\n|move|p1a: Perna Longa|Pyro Ball|p2a: Gliscor\n|-damage|p2a: Gliscor|52\/100 tox\n|move|p2a: Gliscor|U-turn|p1a: Perna Longa\n|-resisted|p1a: Perna Longa\n|-damage|p1a: Perna Longa|21\/100\n|\n|t:|1700766224\n|switch|p2a: Zamazenta|Zamazenta|100\/100|[from] U-turn\n|\n|upkeep\n|turn|8\n|\n|t:|1700766234\n|switch|p1a: Volcarona 2|Slither Wing, shiny|100\/100\n|move|p2a: Zamazenta|Close Combat|p1a: Volcarona 2\n|-resisted|p1a: Volcarona 2\n|-damage|p1a: Volcarona 2|64\/100\n|-unboost|p2a: Zamazenta|def|1\n|-unboost|p2a: Zamazenta|spd|1\n|\n|upkeep\n|turn|9\n|\n|t:|1700766244\n|switch|p2a: Gliscor|Gliscor, F|52\/100 tox\n|move|p1a: Volcarona 2|U-turn|p2a: Gliscor\n|-resisted|p2a: Gliscor\n|-damage|p2a: Gliscor|27\/100 tox\n|\n|t:|1700766247\n|-end|p1a: Volcarona 2|Protosynthesis|[silent]\n|switch|p1a: Regina George|Lilligant-Hisui, F, shiny|100\/100|[from] U-turn\n|\n|-heal|p2a: Gliscor|39\/100 tox|[from] ability: Poison Heal\n|upkeep\n|turn|10\n|\n|t:|1700766258\n|switch|p2a: Mawile|Mawile-Mega, F|100\/100\n|move|p1a: Regina George|Victory Dance|p1a: Regina George\n|-boost|p1a: Regina George|atk|1\n|-boost|p1a: Regina George|def|1\n|-boost|p1a: Regina George|spe|1\n|\n|upkeep\n|turn|11\n|\n|t:|1700766262\n|move|p1a: Regina George|Close Combat|p2a: Mawile\n|-damage|p2a: Mawile|12\/100\n|-unboost|p1a: Regina George|def|1\n|-unboost|p1a: Regina George|spd|1\n|move|p2a: Mawile|Play Rough|p1a: Regina George\n|-supereffective|p1a: Regina George\n|-damage|p1a: Regina George|0 fnt\n|faint|p1a: Regina George\n|\n|upkeep\n|l| Catalisador\n|\n|t:|1700766274\n|switch|p1a: Volcarona 2|Slither Wing, shiny|64\/100\n|turn|12\n|\n|t:|1700766279\n|move|p1a: Volcarona 2|First Impression|p2a: Mawile\n|-resisted|p2a: Mawile\n|-damage|p2a: Mawile|0 fnt\n|faint|p2a: Mawile\n|\n|upkeep\n|\n|t:|1700766282\n|switch|p2a: Gliscor|Gliscor, F|39\/100 tox\n|turn|13\n|\n|t:|1700766285\n|-end|p1a: Volcarona 2|Protosynthesis|[silent]\n|switch|p1a: Perna Longa|Cinderace, F, shiny|21\/100\n|move|p2a: Gliscor|Roost|p2a: Gliscor\n|-heal|p2a: Gliscor|89\/100 tox\n|-singleturn|p2a: Gliscor|move: Roost\n|\n|-heal|p2a: Gliscor|100\/100 tox|[from] ability: Poison Heal\n|upkeep\n|turn|14\n|\n|t:|1700766292\n|switch|p2a: Slowbro|Slowbro, M, tera:Dragon|100\/100\n|move|p1a: Perna Longa|Pyro Ball|p2a: Slowbro\n|-resisted|p2a: Slowbro\n|-damage|p2a: Slowbro|84\/100\n|\n|upkeep\n|turn|15\n|\n|t:|1700766298\n|move|p1a: Perna Longa|High Jump Kick|p2a: Slowbro\n|-start|p1a: Perna Longa|typechange|Fighting|[from] ability: Libero\n|-damage|p2a: Slowbro|50\/100\n|move|p2a: Slowbro|Teleport|p2a: Slowbro\n|\n|t:|1700766314\n|switch|p2a: Zamazenta|Zamazenta|100\/100|[from] Teleport\n|\n|upkeep\n|turn|16\n|\n|t:|1700766316\n|switch|p1a: Truck|Great Tusk, shiny|100\/100\n|move|p2a: Zamazenta|Stone Edge|p1a: Truck\n|-resisted|p1a: Truck\n|-damage|p1a: Truck|95\/100\n|\n|-heal|p1a: Truck|100\/100|[from] item: Leftovers\n|upkeep\n|turn|17\n|\n|t:|1700766323\n|switch|p2a: Ogerpon|Ogerpon-Wellspring, F|100\/100\n|-end|p1a: Truck|Protosynthesis|[silent]\n|switch|p1a: Perna Longa|Cinderace, F, shiny|21\/100\n|\n|upkeep\n|turn|18\n|\n|t:|1700766328\n|switch|p2a: Gliscor|Gliscor, F|100\/100 tox\n|move|p1a: Perna Longa|Pyro Ball|p2a: Gliscor\n|-damage|p2a: Gliscor|54\/100 tox\n|\n|-heal|p2a: Gliscor|67\/100 tox|[from] ability: Poison Heal\n|upkeep\n|turn|19\n|\n|t:|1700766334\n|move|p1a: Perna Longa|U-turn|p2a: Gliscor\n|-start|p1a: Perna Longa|typechange|Bug|[from] ability: Libero\n|-resisted|p2a: Gliscor\n|-damage|p2a: Gliscor|54\/100 tox\n|\n|t:|1700766336\n|switch|p1a: Truck|Great Tusk, shiny|100\/100|[from] U-turn\n|move|p2a: Gliscor|Roost|p2a: Gliscor\n|-heal|p2a: Gliscor|100\/100 tox\n|-singleturn|p2a: Gliscor|move: Roost\n|\n|upkeep\n|turn|20\n|\n|t:|1700766347\n|switch|p2a: Ogerpon|Ogerpon-Wellspring, F|100\/100\n|move|p1a: Truck|Bulk Up|p1a: Truck\n|-boost|p1a: Truck|atk|1\n|-boost|p1a: Truck|def|1\n|\n|upkeep\n|turn|21\n|\n|t:|1700766352\n|move|p2a: Ogerpon|Encore|p1a: Truck\n|-start|p1a: Truck|Encore\n|move|p1a: Truck|Bulk Up|p1a: Truck\n|-boost|p1a: Truck|atk|1\n|-boost|p1a: Truck|def|1\n|\n|upkeep\n|turn|22\n|\n|t:|1700766355\n|-end|p1a: Truck|Protosynthesis|[silent]\n|switch|p1a: Perna Longa|Cinderace, F, shiny|21\/100\n|move|p2a: Ogerpon|Ivy Cudgel|p1a: Perna Longa|[anim] Ivy Cudgel Water\n|-supereffective|p1a: Perna Longa\n|-damage|p1a: Perna Longa|0 fnt\n|faint|p1a: Perna Longa\n|\n|upkeep\n|\n|t:|1700766357\n|switch|p1a: Volcarona 2|Slither Wing, shiny|64\/100\n|turn|23\n|\n|t:|1700766363\n|switch|p2a: Gliscor|Gliscor, F|100\/100 tox\n|move|p1a: Volcarona 2|U-turn|p2a: Gliscor\n|-resisted|p2a: Gliscor\n|-damage|p2a: Gliscor|76\/100 tox\n|\n|t:|1700766367\n|-end|p1a: Volcarona 2|Protosynthesis|[silent]\n|switch|p1a: Just Dance|Volcarona, F, shiny|100\/100|[from] U-turn\n|\n|-heal|p2a: Gliscor|89\/100 tox|[from] ability: Poison Heal\n|upkeep\n|turn|24\n|\n|t:|1700766373\n|move|p1a: Just Dance|Quiver Dance|p1a: Just Dance\n|-boost|p1a: Just Dance|spa|1\n|-boost|p1a: Just Dance|spd|1\n|-boost|p1a: Just Dance|spe|1\n|move|p2a: Gliscor|U-turn|p1a: Just Dance\n|-resisted|p1a: Just Dance\n|-damage|p1a: Just Dance|88\/100\n|c|\u2606The Kitten Boy|!calc\n|c| The Kitten Boy|\/raw <div class=\"infobox\">Pok&eacute;mon Showdown! damage calculator. (Courtesy of Honko, Austin, &amp; Kris)<br \/>- <a href=\"https:\/\/calc.pokemonshowdown.com\/index.html\">Damage Calculator<\/a><\/div>\n|inactive|Veinelso has 120 seconds left.\n|\n|t:|1700766407\n|switch|p2a: Zamazenta|Zamazenta|100\/100|[from] U-turn\n|\n|upkeep\n|turn|25\n|\n|t:|1700766424\n|-terastallize|p1a: Just Dance|Grass\n|move|p1a: Just Dance|Quiver Dance|p1a: Just Dance\n|-boost|p1a: Just Dance|spa|1\n|-boost|p1a: Just Dance|spd|1\n|-boost|p1a: Just Dance|spe|1\n|move|p2a: Zamazenta|Close Combat|p1a: Just Dance\n|-damage|p1a: Just Dance|0 fnt\n|-unboost|p2a: Zamazenta|def|1\n|-unboost|p2a: Zamazenta|spd|1\n|faint|p1a: Just Dance\n|\n|upkeep\n|\n|t:|1700766430\n|switch|p1a: Truck|Great Tusk, shiny|100\/100\n|turn|26\n|-message|The Kitten Boy forfeited.\n|\n|win|Veinelso\n|n|\u2606The Kitten Boy|thekittenboy\n|n|\u2606Veinelso|veinelso\n|n| koodagameplay|koodagameplay\n|n| PedroGreg|pedrogreg\n","uploadtime":1700766434,"views":3,"p1id":"thekittenboy","p2id":"veinelso","formatid":"gen9nationaldex","rating":0,"private":0,"password":""}