{"id":"gen9nationaldex-1990326861","p1":"DistantAvalon","p2":"xdablordxreal11","format":"[Gen 9] National Dex","log":"|j|\u2606DistantAvalon\n|j|\u203dxdablordxreal11\n|t:|1699957256\n|gametype|singles\n|player|p1|DistantAvalon|cynthia-masters3|1046\n|player|p2|xdablordxreal11|169|1091\n|teamsize|p1|6\n|teamsize|p2|6\n|gen|9\n|tier|[Gen 9] National Dex\n|rated|\n|rule|HP Percentage Mod: HP is shown in percentages\n|rule|Endless Battle Clause: Forcing endless battles is banned\n|rule|OHKO Clause: OHKO moves are banned\n|rule|Evasion Clause: Evasion abilities, items, and moves are banned\n|rule|Evasion Abilities Clause: Evasion abilities are banned\n|rule|Evasion Items Clause: Evasion items are banned\n|rule|Evasion Moves Clause: Evasion moves are banned\n|rule|Species Clause: Limit one of each Pok\u00e9mon\n|rule|Sleep Clause Mod: Limit one foe put to sleep\n|clearpoke\n|poke|p1|Uxie|\n|poke|p1|Rabsca, F|\n|poke|p1|Crawdaunt, M|\n|poke|p1|Camerupt, M|\n|poke|p1|Stakataka|\n|poke|p1|Hatterene, F|\n|poke|p2|Tyranitar, M|\n|poke|p2|Landorus-Therian, M|\n|poke|p2|Kartana|\n|poke|p2|Iron Valiant|\n|poke|p2|Toxapex, F|\n|poke|p2|Zapdos|\n|teampreview\n|inactive|Battle timer is ON: inactive players will automatically lose when time's up. (requested by DistantAvalon)\n|\n|t:|1699957294\n|start\n|switch|p1a: Uxie|Uxie|100\/100\n|switch|p2a: Zapdos|Zapdos|100\/100\n|turn|1\n|\n|t:|1699957309\n|move|p2a: Zapdos|Volt Switch|p1a: Uxie\n|-damage|p1a: Uxie|84\/100\n|\n|t:|1699957316\n|switch|p2a: Tyranitar|Tyranitar, M|100\/100|[from] Volt Switch\n|-weather|Sandstorm|[from] ability: Sand Stream|[of] p2a: Tyranitar\n|move|p1a: Uxie|Trick Room|p1a: Uxie\n|-fieldstart|move: Trick Room|[of] p1a: Uxie\n|\n|-weather|Sandstorm|[upkeep]\n|-damage|p1a: Uxie|77\/100|[from] Sandstorm\n|upkeep\n|turn|2\n|\n|t:|1699957325\n|detailschange|p2a: Tyranitar|Tyranitar-Mega, M\n|-mega|p2a: Tyranitar|Tyranitar|Tyranitarite\n|move|p1a: Uxie|Memento|p2a: Tyranitar\n|-unboost|p2a: Tyranitar|atk|2\n|-unboost|p2a: Tyranitar|spa|2\n|faint|p1a: Uxie\n|move|p2a: Tyranitar|Crunch|p1: Uxie|[notarget]\n|-fail|p2a: Tyranitar\n|\n|-weather|Sandstorm|[upkeep]\n|upkeep\n|\n|t:|1699957330\n|switch|p1a: Crawdaunt|Crawdaunt, M|100\/100\n|turn|3\n|\n|t:|1699957336\n|switch|p2a: Toxapex|Toxapex, F|100\/100\n|move|p1a: Crawdaunt|Swords Dance|p1a: Crawdaunt\n|-boost|p1a: Crawdaunt|atk|2\n|\n|-weather|Sandstorm|[upkeep]\n|-damage|p1a: Crawdaunt|94\/100|[from] Sandstorm\n|-damage|p2a: Toxapex|95\/100|[from] Sandstorm\n|upkeep\n|turn|4\n|\n|t:|1699957340\n|move|p1a: Crawdaunt|Knock Off|p2a: Toxapex\n|-damage|p2a: Toxapex|0 fnt\n|-enditem|p2a: Toxapex|Eject Button|[from] move: Knock Off|[of] p1a: Crawdaunt\n|faint|p2a: Toxapex\n|-damage|p1a: Crawdaunt|84\/100|[from] item: Life Orb\n|\n|-weather|Sandstorm|[upkeep]\n|-damage|p1a: Crawdaunt|78\/100|[from] Sandstorm\n|upkeep\n|\n|t:|1699957354\n|switch|p2a: Zapdos|Zapdos|100\/100\n|turn|5\n|inactive|DistantAvalon has 120 seconds left.\n|\n|t:|1699957400\n|move|p1a: Crawdaunt|Knock Off|p2a: Zapdos\n|-damage|p2a: Zapdos|0 fnt\n|-enditem|p2a: Zapdos|Heavy-Duty Boots|[from] move: Knock Off|[of] p1a: Crawdaunt\n|faint|p2a: Zapdos\n|-damage|p1a: Crawdaunt|68\/100|[from] item: Life Orb\n|\n|-weather|none\n|-fieldend|move: Trick Room\n|upkeep\n|\n|t:|1699957409\n|switch|p2a: Kartana|Kartana|100\/100\n|turn|6\n|\n|t:|1699957429\n|switch|p1a: Hatterene|Hatterene, F|100\/100\n|move|p2a: Kartana|Sacred Sword|p1a: Hatterene\n|-resisted|p1a: Hatterene\n|-damage|p1a: Hatterene|92\/100\n|\n|upkeep\n|turn|7\n|\n|t:|1699957448\n|switch|p2a: Landorus|Landorus-Therian, M|100\/100\n|-ability|p2a: Landorus|Intimidate|boost\n|-unboost|p1a: Hatterene|atk|1\n|-terastallize|p1a: Hatterene|Steel\n|move|p1a: Hatterene|Trick Room|p1a: Hatterene\n|-fieldstart|move: Trick Room|[of] p1a: Hatterene\n|\n|upkeep\n|turn|8\n|\n|t:|1699957466\n|switch|p1a: Rabsca|Rabsca, F|100\/100\n|move|p2a: Landorus|Earthquake|p1a: Rabsca\n|-resisted|p1a: Rabsca\n|-damage|p1a: Rabsca|77\/100\n|\n|upkeep\n|turn|9\n|\n|t:|1699957481\n|switch|p2a: Kartana|Kartana|100\/100\n|move|p1a: Rabsca|Revival Blessing|p1a: Rabsca\n|-enditem|p1a: Rabsca|Leppa Berry|[eat]\n|-activate|p1a: Rabsca|item: Leppa Berry|Revival Blessing|[consumed]\n|\n|t:|1699957486\n|-heal|p1: Uxie|50\/100|[from] move: Revival Blessing\n|\n|upkeep\n|turn|10\n|inactive|DistantAvalon has 120 seconds left.\n|\n|t:|1699957491\n|move|p1a: Rabsca|Memento|p2a: Kartana\n|-unboost|p2a: Kartana|atk|2\n|-unboost|p2a: Kartana|spa|2\n|faint|p1a: Rabsca\n|move|p2a: Kartana|Knock Off|p1: Rabsca|[notarget]\n|-fail|p2a: Kartana\n|\n|upkeep\n|\n|t:|1699957494\n|switch|p1a: Camerupt|Camerupt, M|100\/100\n|turn|11\n|\n|t:|1699957500\n|switch|p2a: Landorus|Landorus-Therian, M|100\/100\n|-ability|p2a: Landorus|Intimidate|boost\n|-unboost|p1a: Camerupt|atk|1\n|detailschange|p1a: Camerupt|Camerupt-Mega, M\n|-mega|p1a: Camerupt|Camerupt|Cameruptite\n|move|p1a: Camerupt|Eruption|p2a: Landorus\n|-damage|p2a: Landorus|0 fnt\n|faint|p2a: Landorus\n|\n|-fieldend|move: Trick Room\n|upkeep\n|inactive|xdablordxreal11 has 120 seconds left.\n|\n|t:|1699957537\n|switch|p2a: Iron Valiant|Iron Valiant|100\/100\n|-enditem|p2a: Iron Valiant|Booster Energy\n|-activate|p2a: Iron Valiant|ability: Quark Drive|[fromitem]\n|-start|p2a: Iron Valiant|quarkdrivespe\n|turn|12\n|inactive|xdablordxreal11 has 120 seconds left.\n|\n|t:|1699957546\n|switch|p1a: Hatterene|Hatterene, F, tera:Steel|92\/100\n|-terastallize|p2a: Iron Valiant|Fairy\n|move|p2a: Iron Valiant|Moonblast|p1a: Hatterene\n|-resisted|p1a: Hatterene\n|-damage|p1a: Hatterene|58\/100\n|-unboost|p1a: Hatterene|spa|1\n|\n|upkeep\n|turn|13\n|\n|t:|1699957552\n|move|p2a: Iron Valiant|Aura Sphere|p1a: Hatterene\n|-supereffective|p1a: Hatterene\n|-damage|p1a: Hatterene|0 fnt\n|faint|p1a: Hatterene\n|\n|upkeep\n|\n|t:|1699957563\n|switch|p1a: Crawdaunt|Crawdaunt, M|68\/100\n|turn|14\n|\n|t:|1699957571\n|move|p1a: Crawdaunt|Aqua Jet|p2a: Iron Valiant\n|-damage|p2a: Iron Valiant|50\/100\n|-damage|p1a: Crawdaunt|58\/100|[from] item: Life Orb\n|move|p2a: Iron Valiant|Moonblast|p1a: Crawdaunt\n|-supereffective|p1a: Crawdaunt\n|-damage|p1a: Crawdaunt|0 fnt\n|faint|p1a: Crawdaunt\n|\n|upkeep\n|\n|t:|1699957575\n|switch|p1a: Uxie|Uxie|50\/100\n|turn|15\n|\n|t:|1699957587\n|move|p2a: Iron Valiant|Moonblast|p1a: Uxie\n|-damage|p1a: Uxie|10\/100\n|-unboost|p1a: Uxie|spa|1\n|move|p1a: Uxie|Encore|p2a: Iron Valiant\n|-start|p2a: Iron Valiant|Encore\n|\n|upkeep\n|turn|16\n|\n|t:|1699957595\n|move|p2a: Iron Valiant|Moonblast|p1a: Uxie\n|-damage|p1a: Uxie|0 fnt\n|faint|p1a: Uxie\n|\n|upkeep\n|\n|t:|1699957596\n|switch|p1a: Stakataka|Stakataka|100\/100\n|turn|17\n|\n|t:|1699957602\n|-end|p2a: Iron Valiant|Quark Drive|[silent]\n|switch|p2a: Kartana|Kartana|100\/100\n|move|p1a: Stakataka|Trick Room|p1a: Stakataka\n|-fieldstart|move: Trick Room|[of] p1a: Stakataka\n|\n|upkeep\n|turn|18\n|\n|t:|1699957630\n|move|p1a: Stakataka|Body Press|p2a: Kartana\n|-supereffective|p2a: Kartana\n|-damage|p2a: Kartana|32\/100\n|move|p2a: Kartana|Sacred Sword|p1a: Stakataka\n|-supereffective|p1a: Stakataka\n|-crit|p1a: Stakataka\n|-damage|p1a: Stakataka|0 fnt\n|faint|p1a: Stakataka\n|-ability|p2a: Kartana|Beast Boost|boost\n|-boost|p2a: Kartana|atk|1\n|\n|upkeep\n|\n|t:|1699957633\n|switch|p1a: Camerupt|Camerupt-Mega, M|100\/100\n|turn|19\n|\n|t:|1699957652\n|switch|p2a: Tyranitar|Tyranitar-Mega, M|100\/100\n|-weather|Sandstorm|[from] ability: Sand Stream|[of] p2a: Tyranitar\n|move|p1a: Camerupt|Earth Power|p2a: Tyranitar\n|-supereffective|p2a: Tyranitar\n|-damage|p2a: Tyranitar|27\/100\n|\n|-weather|Sandstorm|[upkeep]\n|upkeep\n|turn|20\n|\n|t:|1699957660\n|move|p1a: Camerupt|Earth Power|p2a: Tyranitar\n|-supereffective|p2a: Tyranitar\n|-damage|p2a: Tyranitar|0 fnt\n|faint|p2a: Tyranitar\n|\n|-weather|Sandstorm|[upkeep]\n|upkeep\n|\n|t:|1699957671\n|switch|p2a: Kartana|Kartana|32\/100\n|turn|21\n|\n|t:|1699957679\n|move|p1a: Camerupt|Eruption|p2a: Kartana\n|-supereffective|p2a: Kartana\n|-damage|p2a: Kartana|0 fnt\n|faint|p2a: Kartana\n|\n|-weather|Sandstorm|[upkeep]\n|-fieldend|move: Trick Room\n|upkeep\n|\n|t:|1699957681\n|switch|p2a: Iron Valiant|Iron Valiant, tera:Fairy|50\/100\n|turn|22\n|\n|t:|1699957685\n|move|p2a: Iron Valiant|Moonblast|p1a: Camerupt\n|-resisted|p1a: Camerupt\n|-damage|p1a: Camerupt|72\/100\n|move|p1a: Camerupt|Fire Blast|p2a: Iron Valiant\n|-damage|p2a: Iron Valiant|0 fnt\n|faint|p2a: Iron Valiant\n|-end|p2a: Iron Valiant|Quark Drive|[silent]\n|\n|win|DistantAvalon\n|raw|DistantAvalon's rating: 1046 &rarr; <strong>1083<\/strong><br \/>(+37 for winning)\n|raw|xdablordxreal11's rating: 1091 &rarr; <strong>1064<\/strong><br \/>(-27 for losing)\n|l|\u203dxdablordxreal11\n","uploadtime":1699957716,"views":10,"p1id":"distantavalon","p2id":"xdablordxreal11","formatid":"gen9nationaldex","rating":1064,"private":0,"password":""}