{"id":"gen9nationaldex-1987980198","p1":"thagreatbuffalo","p2":"PlasmaGruntTboltz","format":"[Gen 9] National Dex","log":"|j|\u2606thagreatbuffalo\n|j|\u2606PlasmaGruntTboltz\n|t:|1699655494\n|gametype|singles\n|player|p1|thagreatbuffalo|cynthia-anime|1563\n|player|p2|PlasmaGruntTboltz|guzma|1622\n|teamsize|p1|6\n|teamsize|p2|6\n|gen|9\n|tier|[Gen 9] National Dex\n|rated|\n|rule|HP Percentage Mod: HP is shown in percentages\n|rule|Endless Battle Clause: Forcing endless battles is banned\n|rule|OHKO Clause: OHKO moves are banned\n|rule|Evasion Clause: Evasion abilities, items, and moves are banned\n|rule|Evasion Abilities Clause: Evasion abilities are banned\n|rule|Evasion Items Clause: Evasion items are banned\n|rule|Evasion Moves Clause: Evasion moves are banned\n|rule|Species Clause: Limit one of each Pok\u00e9mon\n|rule|Sleep Clause Mod: Limit one foe put to sleep\n|clearpoke\n|poke|p1|Okidogi, M|\n|poke|p1|Urshifu-*, M|\n|poke|p1|Tapu Bulu|\n|poke|p1|Sneasler, F|\n|poke|p1|Meloetta|\n|poke|p1|Dondozo, M|\n|poke|p2|Haxorus, M|\n|poke|p2|Hatterene, F|\n|poke|p2|Ogerpon-Cornerstone, F|\n|poke|p2|Aegislash, M|\n|poke|p2|Urshifu-*, M|\n|poke|p2|Charizard, M|\n|teampreview\n|inactive|Battle timer is ON: inactive players will automatically lose when time's up. (requested by PlasmaGruntTboltz)\n|\n|t:|1699655501\n|start\n|switch|p1a: Okidogi|Okidogi, M|100\/100\n|switch|p2a: Charizard|Charizard, M|100\/100\n|turn|1\n|\n|t:|1699655504\n|detailschange|p2a: Charizard|Charizard-Mega-Y, M\n|-mega|p2a: Charizard|Charizard|Charizardite Y\n|-weather|SunnyDay|[from] ability: Drought|[of] p2a: Charizard\n|move|p2a: Charizard|Air Slash|p1a: Okidogi\n|-supereffective|p1a: Okidogi\n|-damage|p1a: Okidogi|34\/100\n|move|p1a: Okidogi|Poison Jab|p2a: Charizard\n|-damage|p2a: Charizard|37\/100\n|-status|p2a: Charizard|psn\n|\n|-weather|SunnyDay|[upkeep]\n|-damage|p2a: Charizard|25\/100 psn|[from] psn\n|upkeep\n|turn|2\n|\n|t:|1699655516\n|move|p2a: Charizard|Fire Blast|p1a: Okidogi\n|-damage|p1a: Okidogi|0 fnt\n|faint|p1a: Okidogi\n|\n|-weather|SunnyDay|[upkeep]\n|-damage|p2a: Charizard|12\/100 psn|[from] psn\n|upkeep\n|\n|t:|1699655522\n|switch|p1a: Urshifu|Urshifu-Rapid-Strike, M|100\/100\n|turn|3\n|l|\u2606PlasmaGruntTboltz\n|inactive|PlasmaGruntTboltz disconnected and has a minute to reconnect!\n|player|p2|\n|j| hainiumm\n|j|\u2606PlasmaGruntTboltz\n|inactive|PlasmaGruntTboltz reconnected and has 140 seconds left.\n|player|p2|PlasmaGruntTboltz|guzma\n|\n|t:|1699655536\n|move|p1a: Urshifu|Aqua Jet|p2a: Charizard\n|-supereffective|p2a: Charizard\n|-damage|p2a: Charizard|0 fnt\n|faint|p2a: Charizard\n|\n|-weather|SunnyDay|[upkeep]\n|upkeep\n|\n|t:|1699655538\n|switch|p2a: Raiden|Haxorus, M, shiny|100\/100\n|-ability|p2a: Raiden|Mold Breaker\n|turn|4\n|\n|t:|1699655547\n|switch|p1a: Dondozo|Dondozo, M|100\/100\n|move|p2a: Raiden|Dragon Dance|p2a: Raiden\n|-boost|p2a: Raiden|atk|1\n|-boost|p2a: Raiden|spe|1\n|\n|-weather|SunnyDay|[upkeep]\n|upkeep\n|turn|5\n|\n|t:|1699655561\n|move|p2a: Raiden|Outrage|p1a: Dondozo\n|-damage|p1a: Dondozo|34\/100\n|move|p1a: Dondozo|Curse|p1a: Dondozo\n|-unboost|p1a: Dondozo|spe|1\n|-boost|p1a: Dondozo|atk|1\n|-boost|p1a: Dondozo|def|1\n|\n|-weather|none\n|upkeep\n|turn|6\n|\n|t:|1699655568\n|move|p2a: Raiden|Outrage|p1a: Dondozo|[from]lockedmove\n|-damage|p1a: Dondozo|0 fnt\n|faint|p1a: Dondozo\n|-start|p2a: Raiden|confusion|[fatigue]\n|-enditem|p2a: Raiden|Lum Berry|[eat]\n|-end|p2a: Raiden|confusion\n|\n|upkeep\n|\n|t:|1699655574\n|switch|p1a: Tapu Bulu|Tapu Bulu, shiny|100\/100\n|-fieldstart|move: Grassy Terrain|[from] ability: Grassy Surge|[of] p1a: Tapu Bulu\n|turn|7\n|inactive|thagreatbuffalo has 120 seconds left.\n|\n|t:|1699655606\n|move|p2a: Raiden|Poison Jab|p1a: Tapu Bulu\n|-supereffective|p1a: Tapu Bulu\n|-damage|p1a: Tapu Bulu|0 fnt\n|faint|p1a: Tapu Bulu\n|\n|upkeep\n|\n|t:|1699655610\n|switch|p1a: Sneasler|Sneasler, F, shiny|100\/100\n|-enditem|p1a: Sneasler|Grassy Seed\n|-boost|p1a: Sneasler|def|1|[from] item: Grassy Seed\n|turn|8\n|\n|t:|1699655613\n|-terastallize|p2a: Raiden|Poison\n|move|p1a: Sneasler|Swords Dance|p1a: Sneasler\n|-boost|p1a: Sneasler|atk|2\n|move|p2a: Raiden|Outrage|p1a: Sneasler\n|-damage|p1a: Sneasler|0 fnt\n|faint|p1a: Sneasler\n|\n|upkeep\n|\n|t:|1699655621\n|switch|p1a: Meloetta|Meloetta|100\/100\n|turn|9\n|l| hainiumm\n|\n|t:|1699655633\n|move|p2a: Raiden|Outrage|p1a: Meloetta|[from]lockedmove\n|-damage|p1a: Meloetta|0 fnt\n|faint|p1a: Meloetta\n|-start|p2a: Raiden|confusion|[fatigue]\n|\n|upkeep\n|-message|thagreatbuffalo forfeited.\n|\n|win|PlasmaGruntTboltz\n|raw|thagreatbuffalo's rating: 1563 &rarr; <strong>1546<\/strong><br \/>(-17 for losing)\n|raw|PlasmaGruntTboltz's rating: 1622 &rarr; <strong>1639<\/strong><br \/>(+17 for winning)\n","uploadtime":1699655641,"views":4,"p1id":"thagreatbuffalo","p2id":"plasmagrunttboltz","formatid":"gen9nationaldex","rating":1546,"private":0,"password":""}