{"id":"gen9nationaldex-1994946911","p1":"Maxer59","p2":"JustLikeLokix","format":"[Gen 9] National Dex","log":"|html|<div class=\"broadcast-blue\"><strong>[Gen 9] National Dex is currently suspecting Sneasler! For information on how to participate check out the <a href=\"https:\/\/www.smogon.com\/forums\/threads\/sv-national-dex-suspect-8-just-dance.3731534\/\">suspect thread<\/a>.<\/strong><\/div>\n|j|\u2606Maxer59\n|j|\u2606JustLikeLokix\n|t:|1700507114\n|gametype|singles\n|player|p1|Maxer59|lucas|1195\n|player|p2|JustLikeLokix|ingo|1255\n|teamsize|p1|6\n|teamsize|p2|6\n|gen|9\n|tier|[Gen 9] National Dex\n|rated|\n|rule|HP Percentage Mod: HP is shown in percentages\n|rule|Endless Battle Clause: Forcing endless battles is banned\n|rule|OHKO Clause: OHKO moves are banned\n|rule|Evasion Clause: Evasion abilities, items, and moves are banned\n|rule|Evasion Abilities Clause: Evasion abilities are banned\n|rule|Evasion Items Clause: Evasion items are banned\n|rule|Evasion Moves Clause: Evasion moves are banned\n|rule|Species Clause: Limit one of each Pok\u00e9mon\n|rule|Sleep Clause Mod: Limit one foe put to sleep\n|clearpoke\n|poke|p1|Pikachu, F|\n|poke|p1|Kleavor, F|\n|poke|p1|Dragonite, F|\n|poke|p1|Gallade, M|\n|poke|p1|Crawdaunt, F|\n|poke|p1|Absol, F|\n|poke|p2|Zangoose, F|\n|poke|p2|Beedrill, M|\n|poke|p2|Corviknight, F|\n|poke|p2|Rotom-Wash|\n|poke|p2|Dragonite, M|\n|poke|p2|Gengar, F|\n|teampreview\n|inactive|Battle timer is ON: inactive players will automatically lose when time's up. (requested by JustLikeLokix)\n|inactive|Maxer59 also wants the timer to be on.\n|c|\u2606JustLikeLokix|glhf\n|\n|t:|1700507129\n|start\n|switch|p1a: PikaGOD|Pikachu, F|100\/100\n|switch|p2a: Dish Washer 2000|Rotom-Wash|100\/100\n|turn|1\n|\n|t:|1700507135\n|-terastallize|p1a: PikaGOD|Normal\n|move|p1a: PikaGOD|Fake Out|p2a: Dish Washer 2000\n|-damage|p2a: Dish Washer 2000|62\/100\n|cant|p2a: Dish Washer 2000|flinch\n|\n|upkeep\n|turn|2\n|\n|t:|1700507143\n|move|p1a: PikaGOD|Extreme Speed|p2a: Dish Washer 2000\n|-damage|p2a: Dish Washer 2000|0 fnt\n|faint|p2a: Dish Washer 2000\n|\n|upkeep\n|\n|t:|1700507152\n|switch|p2a: Shi|Zangoose, F, shiny|100\/100\n|turn|3\n|\n|t:|1700507159\n|switch|p1a: Fast rock|Kleavor, F|100\/100\n|move|p2a: Shi|Close Combat|p1a: Fast rock\n|-damage|p1a: Fast rock|50\/100\n|-unboost|p2a: Shi|def|1\n|-unboost|p2a: Shi|spd|1\n|\n|-status|p2a: Shi|tox|[from] item: Toxic Orb\n|upkeep\n|turn|4\n|\n|t:|1700507168\n|switch|p2a: Nix|Corviknight, F|100\/100\n|move|p1a: Fast rock|Stone Axe|p2a: Nix\n|-damage|p2a: Nix|68\/100\n|-damage|p1a: Fast rock|33\/100|[from] item: Rocky Helmet|[of] p2a: Nix\n|-sidestart|p2: JustLikeLokix|move: Stealth Rock\n|\n|upkeep\n|turn|5\n|l|\u2606Maxer59\n|inactive|Maxer59 disconnected and has a minute to reconnect!\n|player|p1|\n|inactive|Maxer59 has 30 seconds to reconnect!\n|j|\u2606Maxer59\n|inactive|Maxer59 reconnected and has 110 seconds left.\n|player|p1|Maxer59|lucas\n|\n|t:|1700507212\n|move|p1a: Fast rock|Stone Axe|p2a: Nix\n|-damage|p2a: Nix|33\/100\n|-damage|p1a: Fast rock|16\/100|[from] item: Rocky Helmet|[of] p2a: Nix\n|move|p2a: Nix|Body Press|p1a: Fast rock\n|-damage|p1a: Fast rock|0 fnt\n|faint|p1a: Fast rock\n|\n|upkeep\n|inactive|Maxer59 has 90 seconds left.\n|\n|t:|1700507255\n|switch|p1a: PikaGOD|Pikachu, F, tera:Normal|100\/100\n|turn|6\n|\n|t:|1700507272\n|-terastallize|p2a: Nix|Ground\n|move|p1a: PikaGOD|Volt Switch|p2a: Nix\n|-immune|p2a: Nix\n|move|p2a: Nix|Body Press|p1a: PikaGOD\n|-supereffective|p1a: PikaGOD\n|-damage|p1a: PikaGOD|0 fnt\n|-status|p2a: Nix|par|[from] ability: Static|[of] p1a: PikaGOD\n|faint|p1a: PikaGOD\n|\n|upkeep\n|\n|t:|1700507284\n|switch|p1a: Peak of evolution|Crawdaunt, F|100\/100\n|turn|7\n|\n|t:|1700507288\n|move|p1a: Peak of evolution|Crabhammer|p2a: Nix\n|-supereffective|p2a: Nix\n|-damage|p2a: Nix|0 fnt\n|-damage|p1a: Peak of evolution|84\/100|[from] item: Rocky Helmet|[of] p2a: Nix\n|faint|p2a: Nix\n|\n|upkeep\n|\n|t:|1700507293\n|switch|p2a: Shi|Zangoose, F, shiny|100\/100 tox\n|-damage|p2a: Shi|88\/100 tox|[from] Stealth Rock\n|turn|8\n|\n|t:|1700507298\n|move|p1a: Peak of evolution|Crabhammer|p2a: Shi\n|-crit|p2a: Shi\n|-damage|p2a: Shi|0 fnt\n|faint|p2a: Shi\n|\n|upkeep\n|\n|t:|1700507304\n|switch|p2a: You like jazz?|Beedrill, M|100\/100\n|-damage|p2a: You like jazz?|76\/100|[from] Stealth Rock\n|turn|9\n|\n|t:|1700507311\n|switch|p1a: Don't use ice|Dragonite, F|100\/100\n|detailschange|p2a: You like jazz?|Beedrill-Mega, M\n|-mega|p2a: You like jazz?|Beedrill|Beedrillite\n|move|p2a: You like jazz?|U-turn|p1a: Don't use ice\n|-resisted|p1a: Don't use ice\n|-damage|p1a: Don't use ice|89\/100\n|\n|t:|1700507317\n|switch|p2a: I Dunno|Dragonite, M|100\/100|[from] U-turn\n|-damage|p2a: I Dunno|76\/100|[from] Stealth Rock\n|\n|upkeep\n|turn|10\n|\n|t:|1700507326\n|move|p1a: Don't use ice|Dragon Dance|p1a: Don't use ice\n|-boost|p1a: Don't use ice|atk|1\n|-boost|p1a: Don't use ice|spe|1\n|move|p2a: I Dunno|Ice Punch|p1a: Don't use ice\n|-supereffective|p1a: Don't use ice\n|-damage|p1a: Don't use ice|0 fnt\n|faint|p1a: Don't use ice\n|\n|upkeep\n|inactive|Maxer59 has 120 seconds left.\n|\n|t:|1700507339\n|switch|p1a: Excalibur is ZZZ|Gallade, M|100\/100\n|turn|11\n|\n|t:|1700507343\n|move|p1a: Excalibur is ZZZ|Psycho Cut|p2a: I Dunno\n|-crit|p2a: I Dunno\n|-damage|p2a: I Dunno|0 fnt\n|faint|p2a: I Dunno\n|\n|upkeep\n|\n|t:|1700507346\n|switch|p2a: You like jazz?|Beedrill-Mega, M|76\/100\n|-damage|p2a: You like jazz?|51\/100|[from] Stealth Rock\n|turn|12\n|\n|t:|1700507351\n|switch|p1a: Peak of evolution|Crawdaunt, F|84\/100\n|move|p2a: You like jazz?|Poison Jab|p1a: Peak of evolution\n|-damage|p1a: Peak of evolution|0 fnt\n|faint|p1a: Peak of evolution\n|\n|upkeep\n|\n|t:|1700507356\n|switch|p1a: Emo|Absol, F|100\/100\n|turn|13\n|\n|t:|1700507360\n|detailschange|p1a: Emo|Absol-Mega, F\n|-mega|p1a: Emo|Absol|Absolite\n|move|p1a: Emo|Sucker Punch|p2a: You like jazz?\n|-damage|p2a: You like jazz?|0 fnt\n|faint|p2a: You like jazz?\n|\n|upkeep\n|\n|t:|1700507364\n|switch|p2a: PK Hex|Gengar, F|100\/100\n|-damage|p2a: PK Hex|88\/100|[from] Stealth Rock\n|turn|14\n|\n|t:|1700507368\n|move|p1a: Emo|Sucker Punch||[still]\n|-fail|p1a: Emo\n|move|p2a: PK Hex|Nasty Plot|p2a: PK Hex\n|-boost|p2a: PK Hex|spa|2\n|\n|upkeep\n|turn|15\n|\n|t:|1700507376\n|move|p1a: Emo|Sucker Punch|p2a: PK Hex\n|-supereffective|p2a: PK Hex\n|-damage|p2a: PK Hex|0 fnt\n|faint|p2a: PK Hex\n|\n|win|Maxer59\n|raw|Maxer59's rating: 1195 &rarr; <strong>1224<\/strong><br \/>(+29 for winning)\n|raw|JustLikeLokix's rating: 1255 &rarr; <strong>1226<\/strong><br \/>(-29 for losing)\n|c|\u2606JustLikeLokix|gg\n|l|\u2606JustLikeLokix\n","uploadtime":1700507385,"views":3,"p1id":"maxer59","p2id":"justlikelokix","formatid":"gen9nationaldex","rating":1224,"private":0,"password":""}