{"id":"gen9nationaldex-1994039857","p1":"Affection7114","p2":"daybreak wave3","format":"[Gen 9] National Dex","log":"|j|\u2606Affection7114\n|j|\u2606daybreak wave3\n|t:|1700398264\n|gametype|singles\n|player|p1|Affection7114|steven|1303\n|player|p2|daybreak wave3|lillie-masters2|1194\n|teamsize|p1|6\n|teamsize|p2|6\n|gen|9\n|tier|[Gen 9] National Dex\n|rated|\n|rule|HP Percentage Mod: HP is shown in percentages\n|rule|Endless Battle Clause: Forcing endless battles is banned\n|rule|OHKO Clause: OHKO moves are banned\n|rule|Evasion Clause: Evasion abilities, items, and moves are banned\n|rule|Evasion Abilities Clause: Evasion abilities are banned\n|rule|Evasion Items Clause: Evasion items are banned\n|rule|Evasion Moves Clause: Evasion moves are banned\n|rule|Species Clause: Limit one of each Pok\u00e9mon\n|rule|Sleep Clause Mod: Limit one foe put to sleep\n|clearpoke\n|poke|p1|Ninetales-Alola, F|\n|poke|p1|Alomomola, F|\n|poke|p1|Dragonite, M|\n|poke|p1|Great Tusk|\n|poke|p1|Rillaboom, M|\n|poke|p1|Diancie|\n|poke|p2|Moltres|\n|poke|p2|Clodsire, M|\n|poke|p2|Aegislash, M|\n|poke|p2|Weavile, F|\n|poke|p2|Ogerpon-Cornerstone, F|\n|poke|p2|Manectric, M|\n|teampreview\n|inactive|Battle timer is ON: inactive players will automatically lose when time's up. (requested by Affection7114)\n|\n|t:|1700398300\n|start\n|switch|p1a: \u66b4\u98ce\u96ea\u4e0d\u66b4\u98ce|Ninetales-Alola, F, shiny|100\/100\n|switch|p2a: Ogerpon|Ogerpon-Cornerstone, F|100\/100\n|-weather|Snow|[from] ability: Snow Warning|[of] p1a: \u66b4\u98ce\u96ea\u4e0d\u66b4\u98ce\n|turn|1\n|\n|t:|1700398310\n|move|p2a: Ogerpon|Taunt|p1a: \u66b4\u98ce\u96ea\u4e0d\u66b4\u98ce\n|-start|p1a: \u66b4\u98ce\u96ea\u4e0d\u66b4\u98ce|move: Taunt\n|cant|p1a: \u66b4\u98ce\u96ea\u4e0d\u66b4\u98ce|move: Taunt|Aurora Veil\n|\n|-weather|Snow|[upkeep]\n|upkeep\n|turn|2\n|\n|t:|1700398321\n|move|p2a: Ogerpon|Ivy Cudgel|p1a: \u66b4\u98ce\u96ea\u4e0d\u66b4\u98ce|[anim] Ivy Cudgel Rock\n|-supereffective|p1a: \u66b4\u98ce\u96ea\u4e0d\u66b4\u98ce\n|-damage|p1a: \u66b4\u98ce\u96ea\u4e0d\u66b4\u98ce|0 fnt\n|faint|p1a: \u66b4\u98ce\u96ea\u4e0d\u66b4\u98ce\n|\n|-weather|Snow|[upkeep]\n|upkeep\n|\n|t:|1700398326\n|switch|p1a: \u592a\u6676\u683c\u6597\u4e0d\u592a\u6676|Great Tusk, shiny|100\/100\n|turn|3\n|\n|t:|1700398335\n|move|p2a: Ogerpon|Horn Leech|p1a: \u592a\u6676\u683c\u6597\u4e0d\u592a\u6676\n|-supereffective|p1a: \u592a\u6676\u683c\u6597\u4e0d\u592a\u6676\n|-damage|p1a: \u592a\u6676\u683c\u6597\u4e0d\u592a\u6676|37\/100\n|move|p1a: \u592a\u6676\u683c\u6597\u4e0d\u592a\u6676|Ice Spinner|p2a: Ogerpon\n|-supereffective|p2a: Ogerpon\n|-damage|p2a: Ogerpon|26\/100\n|\n|-weather|Snow|[upkeep]\n|upkeep\n|turn|4\n|\n|t:|1700398343\n|-end|p1a: \u592a\u6676\u683c\u6597\u4e0d\u592a\u6676|Protosynthesis|[silent]\n|switch|p1a: \u5730\u9707\u8fd8\u662f\u5341\u4e07\u4f0f\u7279|Dragonite, M|100\/100\n|move|p2a: Ogerpon|Horn Leech|p1a: \u5730\u9707\u8fd8\u662f\u5341\u4e07\u4f0f\u7279\n|-resisted|p1a: \u5730\u9707\u8fd8\u662f\u5341\u4e07\u4f0f\u7279\n|-damage|p1a: \u5730\u9707\u8fd8\u662f\u5341\u4e07\u4f0f\u7279|96\/100\n|-heal|p2a: Ogerpon|29\/100|[from] drain|[of] p1a: \u5730\u9707\u8fd8\u662f\u5341\u4e07\u4f0f\u7279\n|\n|-weather|Snow|[upkeep]\n|upkeep\n|turn|5\n|inactive|daybreak wave3 has 120 seconds left.\n|\n|t:|1700398388\n|switch|p2a: Weavile|Weavile, F|100\/100\n|-ability|p2a: Weavile|Pressure\n|move|p1a: \u5730\u9707\u8fd8\u662f\u5341\u4e07\u4f0f\u7279|Curse|p1a: \u5730\u9707\u8fd8\u662f\u5341\u4e07\u4f0f\u7279\n|-unboost|p1a: \u5730\u9707\u8fd8\u662f\u5341\u4e07\u4f0f\u7279|spe|1\n|-boost|p1a: \u5730\u9707\u8fd8\u662f\u5341\u4e07\u4f0f\u7279|atk|1\n|-boost|p1a: \u5730\u9707\u8fd8\u662f\u5341\u4e07\u4f0f\u7279|def|1\n|\n|-weather|none\n|upkeep\n|turn|6\n|\n|t:|1700398404\n|-terastallize|p1a: \u5730\u9707\u8fd8\u662f\u5341\u4e07\u4f0f\u7279|Normal\n|move|p2a: Weavile|Triple Axel|p1a: \u5730\u9707\u8fd8\u662f\u5341\u4e07\u4f0f\u7279\n|-damage|p1a: \u5730\u9707\u8fd8\u662f\u5341\u4e07\u4f0f\u7279|86\/100\n|-damage|p1a: \u5730\u9707\u8fd8\u662f\u5341\u4e07\u4f0f\u7279|69\/100\n|-damage|p1a: \u5730\u9707\u8fd8\u662f\u5341\u4e07\u4f0f\u7279|44\/100\n|-hitcount|p1a: \u5730\u9707\u8fd8\u662f\u5341\u4e07\u4f0f\u7279|3\n|move|p1a: \u5730\u9707\u8fd8\u662f\u5341\u4e07\u4f0f\u7279|Curse|p1a: \u5730\u9707\u8fd8\u662f\u5341\u4e07\u4f0f\u7279\n|-unboost|p1a: \u5730\u9707\u8fd8\u662f\u5341\u4e07\u4f0f\u7279|spe|1\n|-boost|p1a: \u5730\u9707\u8fd8\u662f\u5341\u4e07\u4f0f\u7279|atk|1\n|-boost|p1a: \u5730\u9707\u8fd8\u662f\u5341\u4e07\u4f0f\u7279|def|1\n|\n|upkeep\n|turn|7\n|inactive|Affection7114 has 120 seconds left.\n|\n|t:|1700398435\n|move|p2a: Weavile|Triple Axel|p1a: \u5730\u9707\u8fd8\u662f\u5341\u4e07\u4f0f\u7279\n|-damage|p1a: \u5730\u9707\u8fd8\u662f\u5341\u4e07\u4f0f\u7279|38\/100\n|-damage|p1a: \u5730\u9707\u8fd8\u662f\u5341\u4e07\u4f0f\u7279|24\/100\n|-damage|p1a: \u5730\u9707\u8fd8\u662f\u5341\u4e07\u4f0f\u7279|5\/100\n|-hitcount|p1a: \u5730\u9707\u8fd8\u662f\u5341\u4e07\u4f0f\u7279|3\n|move|p1a: \u5730\u9707\u8fd8\u662f\u5341\u4e07\u4f0f\u7279|Roost|p1a: \u5730\u9707\u8fd8\u662f\u5341\u4e07\u4f0f\u7279\n|-heal|p1a: \u5730\u9707\u8fd8\u662f\u5341\u4e07\u4f0f\u7279|55\/100\n|\n|upkeep\n|turn|8\n|\n|t:|1700398451\n|move|p2a: Weavile|Triple Axel|p1a: \u5730\u9707\u8fd8\u662f\u5341\u4e07\u4f0f\u7279\n|-damage|p1a: \u5730\u9707\u8fd8\u662f\u5341\u4e07\u4f0f\u7279|49\/100\n|-damage|p1a: \u5730\u9707\u8fd8\u662f\u5341\u4e07\u4f0f\u7279|35\/100\n|-damage|p1a: \u5730\u9707\u8fd8\u662f\u5341\u4e07\u4f0f\u7279|16\/100\n|-hitcount|p1a: \u5730\u9707\u8fd8\u662f\u5341\u4e07\u4f0f\u7279|3\n|move|p1a: \u5730\u9707\u8fd8\u662f\u5341\u4e07\u4f0f\u7279|Roost|p1a: \u5730\u9707\u8fd8\u662f\u5341\u4e07\u4f0f\u7279\n|-heal|p1a: \u5730\u9707\u8fd8\u662f\u5341\u4e07\u4f0f\u7279|66\/100\n|\n|upkeep\n|turn|9\n|inactive|Affection7114 has 120 seconds left.\n|\n|t:|1700398467\n|switch|p2a: Manectric|Manectric, M|100\/100\n|move|p1a: \u5730\u9707\u8fd8\u662f\u5341\u4e07\u4f0f\u7279|Roost|p1a: \u5730\u9707\u8fd8\u662f\u5341\u4e07\u4f0f\u7279\n|-heal|p1a: \u5730\u9707\u8fd8\u662f\u5341\u4e07\u4f0f\u7279|100\/100\n|\n|upkeep\n|turn|10\n|\n|t:|1700398474\n|detailschange|p2a: Manectric|Manectric-Mega, M\n|-mega|p2a: Manectric|Manectric|Manectite\n|-ability|p2a: Manectric|Intimidate|boost\n|-unboost|p1a: \u5730\u9707\u8fd8\u662f\u5341\u4e07\u4f0f\u7279|atk|1\n|move|p1a: \u5730\u9707\u8fd8\u662f\u5341\u4e07\u4f0f\u7279|Extreme Speed|p2a: Manectric\n|-damage|p2a: Manectric|0 fnt\n|faint|p2a: Manectric\n|\n|upkeep\n|inactive|daybreak wave3 has 120 seconds left.\n|\n|t:|1700398498\n|switch|p2a: \u571f~\u2191\u738b|Clodsire, M|100\/100\n|turn|11\n|\n|t:|1700398515\n|switch|p1a: \u8fdb\u5316\u4e0d\u8fdb\u5316|Diancie|100\/100\n|-terastallize|p2a: \u571f~\u2191\u738b|Dark\n|move|p2a: \u571f~\u2191\u738b|Toxic|p1a: \u8fdb\u5316\u4e0d\u8fdb\u5316|[miss]\n|-miss|p2a: \u571f~\u2191\u738b|p1a: \u8fdb\u5316\u4e0d\u8fdb\u5316\n|\n|upkeep\n|turn|12\n|inactive|daybreak wave3 has 120 seconds left.\n|inactive|Affection7114 has 120 seconds left.\n|\n|t:|1700398533\n|switch|p2a: \u585e\u8c6a\u5bcc|Aegislash, M, shiny|100\/100\n|move|p1a: \u8fdb\u5316\u4e0d\u8fdb\u5316|Stealth Rock|p2a: \u585e\u8c6a\u5bcc\n|-sidestart|p2: daybreak wave3|move: Stealth Rock\n|\n|upkeep\n|turn|13\n|\n|t:|1700398538\n|detailschange|p1a: \u8fdb\u5316\u4e0d\u8fdb\u5316|Diancie-Mega\n|-mega|p1a: \u8fdb\u5316\u4e0d\u8fdb\u5316|Diancie|Diancite\n|move|p1a: \u8fdb\u5316\u4e0d\u8fdb\u5316|Mystical Fire|p2a: \u585e\u8c6a\u5bcc\n|-supereffective|p2a: \u585e\u8c6a\u5bcc\n|-damage|p2a: \u585e\u8c6a\u5bcc|55\/100\n|-unboost|p2a: \u585e\u8c6a\u5bcc|spa|1\n|-zpower|p2a: \u585e\u8c6a\u5bcc\n|-formechange|p2a: \u585e\u8c6a\u5bcc|Aegislash-Blade||[from] ability: Stance Change\n|move|p2a: \u585e\u8c6a\u5bcc|Never-Ending Nightmare|p1a: \u8fdb\u5316\u4e0d\u8fdb\u5316|[zeffect]\n|-damage|p1a: \u8fdb\u5316\u4e0d\u8fdb\u5316|5\/100\n|\n|upkeep\n|turn|14\n|\n|t:|1700398549\n|move|p2a: \u585e\u8c6a\u5bcc|Shadow Sneak|p1a: \u8fdb\u5316\u4e0d\u8fdb\u5316\n|-damage|p1a: \u8fdb\u5316\u4e0d\u8fdb\u5316|0 fnt\n|faint|p1a: \u8fdb\u5316\u4e0d\u8fdb\u5316\n|\n|upkeep\n|\n|t:|1700398556\n|switch|p1a: \u5730\u9707\u8fd8\u662f\u5341\u4e07\u4f0f\u7279|Dragonite, M, tera:Normal|100\/100\n|turn|15\n|\n|t:|1700398561\n|move|p1a: \u5730\u9707\u8fd8\u662f\u5341\u4e07\u4f0f\u7279|Curse|p1a: \u5730\u9707\u8fd8\u662f\u5341\u4e07\u4f0f\u7279\n|-unboost|p1a: \u5730\u9707\u8fd8\u662f\u5341\u4e07\u4f0f\u7279|spe|1\n|-boost|p1a: \u5730\u9707\u8fd8\u662f\u5341\u4e07\u4f0f\u7279|atk|1\n|-boost|p1a: \u5730\u9707\u8fd8\u662f\u5341\u4e07\u4f0f\u7279|def|1\n|move|p2a: \u585e\u8c6a\u5bcc|Close Combat|p1a: \u5730\u9707\u8fd8\u662f\u5341\u4e07\u4f0f\u7279\n|-supereffective|p1a: \u5730\u9707\u8fd8\u662f\u5341\u4e07\u4f0f\u7279\n|-damage|p1a: \u5730\u9707\u8fd8\u662f\u5341\u4e07\u4f0f\u7279|77\/100\n|-unboost|p2a: \u585e\u8c6a\u5bcc|def|1\n|-unboost|p2a: \u585e\u8c6a\u5bcc|spd|1\n|\n|upkeep\n|turn|16\n|\n|t:|1700398573\n|switch|p2a: \u571f~\u2191\u738b|Clodsire, M, tera:Dark|100\/100\n|move|p1a: \u5730\u9707\u8fd8\u662f\u5341\u4e07\u4f0f\u7279|Curse|p1a: \u5730\u9707\u8fd8\u662f\u5341\u4e07\u4f0f\u7279\n|-unboost|p1a: \u5730\u9707\u8fd8\u662f\u5341\u4e07\u4f0f\u7279|spe|1\n|-boost|p1a: \u5730\u9707\u8fd8\u662f\u5341\u4e07\u4f0f\u7279|atk|1\n|-boost|p1a: \u5730\u9707\u8fd8\u662f\u5341\u4e07\u4f0f\u7279|def|1\n|\n|upkeep\n|turn|17\n|inactive|Affection7114 has 120 seconds left.\n|\n|t:|1700398618\n|move|p1a: \u5730\u9707\u8fd8\u662f\u5341\u4e07\u4f0f\u7279|Extreme Speed|p2a: \u571f~\u2191\u738b\n|-damage|p2a: \u571f~\u2191\u738b|0 fnt\n|faint|p2a: \u571f~\u2191\u738b\n|\n|upkeep\n|\n|t:|1700398629\n|switch|p2a: \u70c8\u7bad\u9e70|Moltres|100\/100\n|turn|18\n|\n|t:|1700398635\n|switch|p1a: \u6211\u6765\u4e86\u6211\u53c8\u8d70\u5566|Alomomola, F, shiny|100\/100\n|move|p2a: \u70c8\u7bad\u9e70|Flamethrower|p1a: \u6211\u6765\u4e86\u6211\u53c8\u8d70\u5566\n|-resisted|p1a: \u6211\u6765\u4e86\u6211\u53c8\u8d70\u5566\n|-damage|p1a: \u6211\u6765\u4e86\u6211\u53c8\u8d70\u5566|80\/100\n|\n|upkeep\n|turn|19\n|inactive|Affection7114 has 120 seconds left.\n|\n|t:|1700398641\n|move|p2a: \u70c8\u7bad\u9e70|Defog|p1a: \u6211\u6765\u4e86\u6211\u53c8\u8d70\u5566\n|-unboost|p1a: \u6211\u6765\u4e86\u6211\u53c8\u8d70\u5566|evasion|1\n|-sideend|p2: daybreak wave3|Stealth Rock|[from] move: Defog|[of] p2a: \u70c8\u7bad\u9e70\n|move|p1a: \u6211\u6765\u4e86\u6211\u53c8\u8d70\u5566|Toxic|p2a: \u70c8\u7bad\u9e70\n|-status|p2a: \u70c8\u7bad\u9e70|tox\n|\n|-damage|p2a: \u70c8\u7bad\u9e70|94\/100 tox|[from] psn\n|upkeep\n|turn|20\n|\n|t:|1700398648\n|switch|p2a: Ogerpon|Ogerpon-Cornerstone, F|29\/100\n|move|p1a: \u6211\u6765\u4e86\u6211\u53c8\u8d70\u5566|Wish|p1a: \u6211\u6765\u4e86\u6211\u53c8\u8d70\u5566\n|\n|upkeep\n|turn|21\n|\n|t:|1700398656\n|switch|p1a: \u5730\u9707\u8fd8\u662f\u5341\u4e07\u4f0f\u7279|Dragonite, M, tera:Normal|77\/100\n|move|p2a: Ogerpon|Swords Dance|p2a: Ogerpon\n|-boost|p2a: Ogerpon|atk|2\n|\n|-heal|p1a: \u5730\u9707\u8fd8\u662f\u5341\u4e07\u4f0f\u7279|100\/100|[from] move: Wish|[wisher] \u6211\u6765\u4e86\u6211\u53c8\u8d70\u5566\n|upkeep\n|turn|22\n|\n|t:|1700398663\n|move|p2a: Ogerpon|Horn Leech|p1a: \u5730\u9707\u8fd8\u662f\u5341\u4e07\u4f0f\u7279\n|-damage|p1a: \u5730\u9707\u8fd8\u662f\u5341\u4e07\u4f0f\u7279|62\/100\n|-heal|p2a: Ogerpon|51\/100|[from] drain|[of] p1a: \u5730\u9707\u8fd8\u662f\u5341\u4e07\u4f0f\u7279\n|move|p1a: \u5730\u9707\u8fd8\u662f\u5341\u4e07\u4f0f\u7279|Curse|p1a: \u5730\u9707\u8fd8\u662f\u5341\u4e07\u4f0f\u7279\n|-unboost|p1a: \u5730\u9707\u8fd8\u662f\u5341\u4e07\u4f0f\u7279|spe|1\n|-boost|p1a: \u5730\u9707\u8fd8\u662f\u5341\u4e07\u4f0f\u7279|atk|1\n|-boost|p1a: \u5730\u9707\u8fd8\u662f\u5341\u4e07\u4f0f\u7279|def|1\n|\n|upkeep\n|turn|23\n|\n|t:|1700398683\n|move|p2a: Ogerpon|Ivy Cudgel|p1a: \u5730\u9707\u8fd8\u662f\u5341\u4e07\u4f0f\u7279|[anim] Ivy Cudgel Rock\n|-damage|p1a: \u5730\u9707\u8fd8\u662f\u5341\u4e07\u4f0f\u7279|0 fnt\n|faint|p1a: \u5730\u9707\u8fd8\u662f\u5341\u4e07\u4f0f\u7279\n|\n|upkeep\n|\n|t:|1700398693\n|switch|p1a: \u6211\u771f\u6ca1\u5e26\u6ed1\u68af|Rillaboom, M, shiny|100\/100\n|-fieldstart|move: Grassy Terrain|[from] ability: Grassy Surge|[of] p1a: \u6211\u771f\u6ca1\u5e26\u6ed1\u68af\n|turn|24\n|\n|t:|1700398700\n|switch|p2a: \u70c8\u7bad\u9e70|Moltres|94\/100 tox\n|move|p1a: \u6211\u771f\u6ca1\u5e26\u6ed1\u68af|Fake Out|p2a: \u70c8\u7bad\u9e70\n|-damage|p2a: \u70c8\u7bad\u9e70|84\/100 tox\n|\n|-damage|p2a: \u70c8\u7bad\u9e70|78\/100 tox|[from] psn\n|upkeep\n|turn|25\n|\n|t:|1700398709\n|move|p2a: \u70c8\u7bad\u9e70|Flamethrower|p1a: \u6211\u771f\u6ca1\u5e26\u6ed1\u68af\n|-supereffective|p1a: \u6211\u771f\u6ca1\u5e26\u6ed1\u68af\n|-damage|p1a: \u6211\u771f\u6ca1\u5e26\u6ed1\u68af|13\/100\n|move|p1a: \u6211\u771f\u6ca1\u5e26\u6ed1\u68af|U-turn|p2a: \u70c8\u7bad\u9e70\n|-resisted|p2a: \u70c8\u7bad\u9e70\n|-damage|p2a: \u70c8\u7bad\u9e70|74\/100 tox\n|-status|p1a: \u6211\u771f\u6ca1\u5e26\u6ed1\u68af|brn|[from] ability: Flame Body|[of] p2a: \u70c8\u7bad\u9e70\n|\n|t:|1700398714\n|switch|p1a: \u592a\u6676\u683c\u6597\u4e0d\u592a\u6676|Great Tusk, shiny|37\/100|[from] U-turn\n|\n|-heal|p1a: \u592a\u6676\u683c\u6597\u4e0d\u592a\u6676|44\/100|[from] Grassy Terrain\n|-damage|p2a: \u70c8\u7bad\u9e70|62\/100 tox|[from] psn\n|upkeep\n|turn|26\n|\n|t:|1700398722\n|-end|p1a: \u592a\u6676\u683c\u6597\u4e0d\u592a\u6676|Protosynthesis|[silent]\n|switch|p1a: \u6211\u6765\u4e86\u6211\u53c8\u8d70\u5566|Alomomola, F, shiny|100\/100\n|switch|p2a: \u585e\u8c6a\u5bcc|Aegislash, M, shiny|55\/100\n|\n|-heal|p2a: \u585e\u8c6a\u5bcc|62\/100|[from] Grassy Terrain\n|upkeep\n|turn|27\n|\n|t:|1700398729\n|-formechange|p2a: \u585e\u8c6a\u5bcc|Aegislash-Blade||[from] ability: Stance Change\n|move|p2a: \u585e\u8c6a\u5bcc|Shadow Ball|p1a: \u6211\u6765\u4e86\u6211\u53c8\u8d70\u5566\n|-damage|p1a: \u6211\u6765\u4e86\u6211\u53c8\u8d70\u5566|46\/100\n|-unboost|p1a: \u6211\u6765\u4e86\u6211\u53c8\u8d70\u5566|spd|1\n|move|p1a: \u6211\u6765\u4e86\u6211\u53c8\u8d70\u5566|Wish|p1a: \u6211\u6765\u4e86\u6211\u53c8\u8d70\u5566\n|\n|-heal|p2a: \u585e\u8c6a\u5bcc|68\/100|[from] Grassy Terrain\n|-heal|p1a: \u6211\u6765\u4e86\u6211\u53c8\u8d70\u5566|52\/100|[from] Grassy Terrain\n|upkeep\n|turn|28\n|\n|t:|1700398736\n|move|p2a: \u585e\u8c6a\u5bcc|Shadow Ball|p1a: \u6211\u6765\u4e86\u6211\u53c8\u8d70\u5566\n|-damage|p1a: \u6211\u6765\u4e86\u6211\u53c8\u8d70\u5566|0 fnt\n|faint|p1a: \u6211\u6765\u4e86\u6211\u53c8\u8d70\u5566\n|\n|-heal|p2a: \u585e\u8c6a\u5bcc|74\/100|[from] Grassy Terrain\n|upkeep\n|\n|t:|1700398741\n|switch|p1a: \u592a\u6676\u683c\u6597\u4e0d\u592a\u6676|Great Tusk, shiny|44\/100\n|turn|29\n|\n|t:|1700398747\n|move|p1a: \u592a\u6676\u683c\u6597\u4e0d\u592a\u6676|Bulk Up|p1a: \u592a\u6676\u683c\u6597\u4e0d\u592a\u6676\n|-boost|p1a: \u592a\u6676\u683c\u6597\u4e0d\u592a\u6676|atk|1\n|-boost|p1a: \u592a\u6676\u683c\u6597\u4e0d\u592a\u6676|def|1\n|move|p2a: \u585e\u8c6a\u5bcc|Shadow Ball|p1a: \u592a\u6676\u683c\u6597\u4e0d\u592a\u6676\n|-damage|p1a: \u592a\u6676\u683c\u6597\u4e0d\u592a\u6676|0 fnt\n|faint|p1a: \u592a\u6676\u683c\u6597\u4e0d\u592a\u6676\n|-end|p1a: \u592a\u6676\u683c\u6597\u4e0d\u592a\u6676|Protosynthesis|[silent]\n|\n|-heal|p2a: \u585e\u8c6a\u5bcc|80\/100|[from] Grassy Terrain\n|upkeep\n|-message|Affection7114 forfeited.\n|\n|win|daybreak wave3\n|raw|Affection7114's rating: 1303 &rarr; <strong>1277<\/strong><br \/>(-26 for losing)\n|raw|daybreak wave3's rating: 1194 &rarr; <strong>1227<\/strong><br \/>(+33 for winning)\n|l|\u2606Affection7114\n","uploadtime":1700398758,"views":5,"p1id":"affection7114","p2id":"daybreakwave3","formatid":"gen9nationaldex","rating":1227,"private":0,"password":""}