{"id":"gen9nationaldex-1991925305","p1":"Yuanshen61\u6211\u8981\u73a9\u539f\u795e","p2":"as cheu","format":"[Gen 9] National Dex","log":"|j|\u2606Yuanshen61\u6211\u8981\u73a9\u539f\u795e\n|j|\u2606as cheu\n|t:|1700138887\n|gametype|singles\n|player|p1|Yuanshen61\u6211\u8981\u73a9\u539f\u795e|dawn-contest|1539\n|player|p2|as cheu|officeworker|1485\n|teamsize|p1|6\n|teamsize|p2|6\n|gen|9\n|tier|[Gen 9] National Dex\n|rated|\n|rule|HP Percentage Mod: HP is shown in percentages\n|rule|Endless Battle Clause: Forcing endless battles is banned\n|rule|OHKO Clause: OHKO moves are banned\n|rule|Evasion Clause: Evasion abilities, items, and moves are banned\n|rule|Evasion Abilities Clause: Evasion abilities are banned\n|rule|Evasion Items Clause: Evasion items are banned\n|rule|Evasion Moves Clause: Evasion moves are banned\n|rule|Species Clause: Limit one of each Pok\u00e9mon\n|rule|Sleep Clause Mod: Limit one foe put to sleep\n|clearpoke\n|poke|p1|Dragonite, M|\n|poke|p1|Rillaboom, M|\n|poke|p1|Sneasler, F|\n|poke|p1|Scizor, F|\n|poke|p1|Moltres|\n|poke|p1|Iron Valiant|\n|poke|p2|Cloyster, M|\n|poke|p2|Umbreon, F|\n|poke|p2|Gardevoir, F|\n|poke|p2|Forretress, M|\n|poke|p2|Thundurus-Therian, M|\n|poke|p2|Sneasler, M|\n|teampreview\n|inactive|Battle timer is ON: inactive players will automatically lose when time's up. (requested by Yuanshen61\u6211\u8981\u73a9\u539f\u795e)\n|\n|t:|1700138913\n|start\n|switch|p1a: \u5854\u4f0a\u5179\u80b2\u7f57\u65af|Scizor, F|100\/100\n|switch|p2a: Forretress|Forretress, M|100\/100\n|turn|1\n|\n|t:|1700138917\n|detailschange|p1a: \u5854\u4f0a\u5179\u80b2\u7f57\u65af|Scizor-Mega, F\n|-mega|p1a: \u5854\u4f0a\u5179\u80b2\u7f57\u65af|Scizor|Scizorite\n|move|p1a: \u5854\u4f0a\u5179\u80b2\u7f57\u65af|U-turn|p2a: Forretress\n|-resisted|p2a: Forretress\n|-damage|p2a: Forretress|91\/100\n|-damage|p1a: \u5854\u4f0a\u5179\u80b2\u7f57\u65af|84\/100|[from] item: Rocky Helmet|[of] p2a: Forretress\n|\n|t:|1700138920\n|switch|p1a: \u706b\u6f02\u6d6e\u7075|Moltres|100\/100|[from] U-turn\n|move|p2a: Forretress|Stealth Rock|p1a: \u706b\u6f02\u6d6e\u7075\n|-sidestart|p1: Yuanshen61\u6211\u8981\u73a9\u539f\u795e|move: Stealth Rock\n|\n|upkeep\n|turn|2\n|\n|t:|1700138926\n|move|p1a: \u706b\u6f02\u6d6e\u7075|Flamethrower|p2a: Forretress\n|-supereffective|p2a: Forretress\n|-damage|p2a: Forretress|0 fnt\n|faint|p2a: Forretress\n|\n|upkeep\n|\n|t:|1700138932\n|switch|p2a: Thundurus|Thundurus-Therian, M|100\/100\n|turn|3\n|\n|t:|1700138937\n|-terastallize|p1a: \u706b\u6f02\u6d6e\u7075|Grass\n|move|p2a: Thundurus|Nasty Plot|p2a: Thundurus\n|-boost|p2a: Thundurus|spa|2\n|move|p1a: \u706b\u6f02\u6d6e\u7075|Defog|p2a: Thundurus\n|-unboost|p2a: Thundurus|evasion|1\n|-sideend|p1: Yuanshen61\u6211\u8981\u73a9\u539f\u795e|Stealth Rock|[from] move: Defog|[of] p1a: \u706b\u6f02\u6d6e\u7075\n|\n|upkeep\n|turn|4\n|\n|t:|1700138943\n|move|p2a: Thundurus|Hidden Power|p1a: \u706b\u6f02\u6d6e\u7075\n|-supereffective|p1a: \u706b\u6f02\u6d6e\u7075\n|-damage|p1a: \u706b\u6f02\u6d6e\u7075|11\/100\n|move|p1a: \u706b\u6f02\u6d6e\u7075|U-turn|p2a: Thundurus\n|-resisted|p2a: Thundurus\n|-damage|p2a: Thundurus|90\/100\n|j| XXMurdrXX\n|\n|t:|1700138949\n|switch|p1a: \u7279\u74e6\u6797|Dragonite, M|100\/100|[from] U-turn\n|\n|upkeep\n|turn|5\n|\n|t:|1700138957\n|move|p2a: Thundurus|Hidden Power|p1a: \u7279\u74e6\u6797\n|-supereffective|p1a: \u7279\u74e6\u6797\n|-damage|p1a: \u7279\u74e6\u6797|1\/100\n|move|p1a: \u7279\u74e6\u6797|Dragon Dance|p1a: \u7279\u74e6\u6797\n|-boost|p1a: \u7279\u74e6\u6797|atk|1\n|-boost|p1a: \u7279\u74e6\u6797|spe|1\n|\n|upkeep\n|turn|6\n|\n|t:|1700138966\n|switch|p2a: Umbreon|Umbreon, F|100\/100\n|move|p1a: \u7279\u74e6\u6797|Dragon Claw|p2a: Umbreon\n|-damage|p2a: Umbreon|65\/100\n|\n|-heal|p2a: Umbreon|72\/100|[from] item: Leftovers\n|upkeep\n|turn|7\n|\n|t:|1700138970\n|move|p2a: Umbreon|Protect|p2a: Umbreon\n|-singleturn|p2a: Umbreon|Protect\n|-zpower|p1a: \u7279\u74e6\u6797\n|move|p1a: \u7279\u74e6\u6797|Devastating Drake|p2a: Umbreon|[zeffect]\n|-zbroken|p2a: Umbreon\n|-damage|p2a: Umbreon|51\/100\n|\n|-heal|p2a: Umbreon|57\/100|[from] item: Leftovers\n|upkeep\n|turn|8\n|\n|t:|1700138974\n|move|p1a: \u7279\u74e6\u6797|Dragon Claw|p2a: Umbreon\n|-damage|p2a: Umbreon|19\/100\n|move|p2a: Umbreon|Wish|p2a: Umbreon\n|\n|-heal|p2a: Umbreon|25\/100|[from] item: Leftovers\n|upkeep\n|turn|9\n|\n|t:|1700138978\n|move|p1a: \u7279\u74e6\u6797|Dragon Dance|p1a: \u7279\u74e6\u6797\n|-boost|p1a: \u7279\u74e6\u6797|atk|1\n|-boost|p1a: \u7279\u74e6\u6797|spe|1\n|move|p2a: Umbreon|Foul Play|p1a: \u7279\u74e6\u6797\n|-damage|p1a: \u7279\u74e6\u6797|0 fnt\n|faint|p1a: \u7279\u74e6\u6797\n|\n|-heal|p2a: Umbreon|75\/100|[from] move: Wish|[wisher] Umbreon\n|-heal|p2a: Umbreon|81\/100|[from] item: Leftovers\n|upkeep\n|\n|t:|1700138984\n|switch|p1a: \u4e30\u9976\u7075\u517d\u00b7\u957f\u53f3|Rillaboom, M|100\/100\n|-fieldstart|move: Grassy Terrain|[from] ability: Grassy Surge|[of] p1a: \u4e30\u9976\u7075\u517d\u00b7\u957f\u53f3\n|turn|10\n|\n|t:|1700138989\n|move|p1a: \u4e30\u9976\u7075\u517d\u00b7\u957f\u53f3|Wood Hammer|p2a: Umbreon\n|-damage|p2a: Umbreon|6\/100\n|-damage|p1a: \u4e30\u9976\u7075\u517d\u00b7\u957f\u53f3|72\/100|[from] Recoil\n|move|p2a: Umbreon|Foul Play|p1a: \u4e30\u9976\u7075\u517d\u00b7\u957f\u53f3\n|-damage|p1a: \u4e30\u9976\u7075\u517d\u00b7\u957f\u53f3|23\/100\n|\n|-heal|p1a: \u4e30\u9976\u7075\u517d\u00b7\u957f\u53f3|30\/100|[from] Grassy Terrain\n|-heal|p2a: Umbreon|12\/100|[from] Grassy Terrain\n|-heal|p2a: Umbreon|18\/100|[from] item: Leftovers\n|upkeep\n|turn|11\n|\n|t:|1700138995\n|move|p2a: Umbreon|Protect|p2a: Umbreon\n|-singleturn|p2a: Umbreon|Protect\n|move|p1a: \u4e30\u9976\u7075\u517d\u00b7\u957f\u53f3|Wood Hammer|p2a: Umbreon\n|-activate|p2a: Umbreon|move: Protect\n|\n|-heal|p1a: \u4e30\u9976\u7075\u517d\u00b7\u957f\u53f3|36\/100|[from] Grassy Terrain\n|-heal|p2a: Umbreon|24\/100|[from] Grassy Terrain\n|-heal|p2a: Umbreon|30\/100|[from] item: Leftovers\n|upkeep\n|turn|12\n|\n|t:|1700139003\n|switch|p1a: \u5854\u4f0a\u5179\u80b2\u7f57\u65af|Scizor-Mega, F|84\/100\n|switch|p2a: Sneasler|Sneasler, M|100\/100\n|\n|-heal|p1a: \u5854\u4f0a\u5179\u80b2\u7f57\u65af|90\/100|[from] Grassy Terrain\n|upkeep\n|turn|13\n|\n|t:|1700139013\n|switch|p1a: \u706b\u6f02\u6d6e\u7075|Moltres, tera:Grass|11\/100\n|move|p2a: Sneasler|Close Combat|p1a: \u706b\u6f02\u6d6e\u7075\n|-damage|p1a: \u706b\u6f02\u6d6e\u7075|0 fnt\n|-unboost|p2a: Sneasler|def|1\n|-unboost|p2a: Sneasler|spd|1\n|faint|p1a: \u706b\u6f02\u6d6e\u7075\n|\n|upkeep\n|\n|t:|1700139026\n|switch|p1a: \u5e0c\u513f\u00b7\u6ca1\u6709\u59d3|Sneasler, F|100\/100\n|-enditem|p1a: \u5e0c\u513f\u00b7\u6ca1\u6709\u59d3|Grassy Seed\n|-boost|p1a: \u5e0c\u513f\u00b7\u6ca1\u6709\u59d3|def|1|[from] item: Grassy Seed\n|turn|14\n|\n|t:|1700139050\n|-terastallize|p2a: Sneasler|Fighting\n|move|p1a: \u5e0c\u513f\u00b7\u6ca1\u6709\u59d3|Swords Dance|p1a: \u5e0c\u513f\u00b7\u6ca1\u6709\u59d3\n|-boost|p1a: \u5e0c\u513f\u00b7\u6ca1\u6709\u59d3|atk|2\n|move|p2a: Sneasler|Close Combat|p1a: \u5e0c\u513f\u00b7\u6ca1\u6709\u59d3\n|-resisted|p1a: \u5e0c\u513f\u00b7\u6ca1\u6709\u59d3\n|-damage|p1a: \u5e0c\u513f\u00b7\u6ca1\u6709\u59d3|57\/100\n|-unboost|p2a: Sneasler|def|1\n|-unboost|p2a: Sneasler|spd|1\n|\n|-heal|p1a: \u5e0c\u513f\u00b7\u6ca1\u6709\u59d3|63\/100|[from] Grassy Terrain\n|-fieldend|move: Grassy Terrain\n|upkeep\n|turn|15\n|\n|t:|1700139059\n|switch|p2a: Umbreon|Umbreon, F|30\/100\n|move|p1a: \u5e0c\u513f\u00b7\u6ca1\u6709\u59d3|Acrobatics|p2a: Umbreon\n|-damage|p2a: Umbreon|0 fnt\n|faint|p2a: Umbreon\n|\n|upkeep\n|\n|t:|1700139061\n|switch|p2a: \u9b3c\u65af|Cloyster, M|100\/100\n|turn|16\n|\n|t:|1700139065\n|move|p1a: \u5e0c\u513f\u00b7\u6ca1\u6709\u59d3|Dire Claw|p2a: \u9b3c\u65af\n|-damage|p2a: \u9b3c\u65af|30\/100\n|-status|p2a: \u9b3c\u65af|psn\n|move|p2a: \u9b3c\u65af|Icicle Spear|p1a: \u5e0c\u513f\u00b7\u6ca1\u6709\u59d3\n|-crit|p1a: \u5e0c\u513f\u00b7\u6ca1\u6709\u59d3\n|-damage|p1a: \u5e0c\u513f\u00b7\u6ca1\u6709\u59d3|34\/100\n|-damage|p1a: \u5e0c\u513f\u00b7\u6ca1\u6709\u59d3|22\/100\n|-damage|p1a: \u5e0c\u513f\u00b7\u6ca1\u6709\u59d3|8\/100\n|-damage|p1a: \u5e0c\u513f\u00b7\u6ca1\u6709\u59d3|0 fnt\n|faint|p1a: \u5e0c\u513f\u00b7\u6ca1\u6709\u59d3\n|-hitcount|p1: \u5e0c\u513f\u00b7\u6ca1\u6709\u59d3|4\n|\n|-damage|p2a: \u9b3c\u65af|18\/100 psn|[from] psn\n|upkeep\n|\n|t:|1700139076\n|switch|p1a: \u5854\u4f0a\u5179\u80b2\u7f57\u65af|Scizor-Mega, F|90\/100\n|turn|17\n|\n|t:|1700139080\n|move|p2a: \u9b3c\u65af|Ice Shard|p1a: \u5854\u4f0a\u5179\u80b2\u7f57\u65af\n|-resisted|p1a: \u5854\u4f0a\u5179\u80b2\u7f57\u65af\n|-damage|p1a: \u5854\u4f0a\u5179\u80b2\u7f57\u65af|85\/100\n|move|p1a: \u5854\u4f0a\u5179\u80b2\u7f57\u65af|Bullet Punch|p2a: \u9b3c\u65af\n|-damage|p2a: \u9b3c\u65af|0 fnt\n|faint|p2a: \u9b3c\u65af\n|\n|upkeep\n|\n|t:|1700139087\n|switch|p2a: Sneasler|Sneasler, M, tera:Fighting|100\/100\n|turn|18\n|\n|t:|1700139093\n|move|p2a: Sneasler|Close Combat|p1a: \u5854\u4f0a\u5179\u80b2\u7f57\u65af\n|-damage|p1a: \u5854\u4f0a\u5179\u80b2\u7f57\u65af|31\/100\n|-unboost|p2a: Sneasler|def|1\n|-unboost|p2a: Sneasler|spd|1\n|move|p1a: \u5854\u4f0a\u5179\u80b2\u7f57\u65af|U-turn|p2a: Sneasler\n|-resisted|p2a: Sneasler\n|-damage|p2a: Sneasler|54\/100\n|\n|t:|1700139099\n|switch|p1a: \u4e30\u9976\u7075\u517d\u00b7\u957f\u53f3|Rillaboom, M|36\/100|[from] U-turn\n|-fieldstart|move: Grassy Terrain|[from] ability: Grassy Surge|[of] p1a: \u4e30\u9976\u7075\u517d\u00b7\u957f\u53f3\n|\n|-heal|p2a: Sneasler|60\/100|[from] Grassy Terrain\n|-heal|p1a: \u4e30\u9976\u7075\u517d\u00b7\u957f\u53f3|42\/100|[from] Grassy Terrain\n|upkeep\n|turn|19\n|\n|t:|1700139114\n|move|p1a: \u4e30\u9976\u7075\u517d\u00b7\u957f\u53f3|Grassy Glide|p2a: Sneasler\n|-damage|p2a: Sneasler|0 fnt\n|faint|p2a: Sneasler\n|\n|-heal|p1a: \u4e30\u9976\u7075\u517d\u00b7\u957f\u53f3|48\/100|[from] Grassy Terrain\n|upkeep\n|\n|t:|1700139116\n|switch|p2a: Thundurus|Thundurus-Therian, M|90\/100\n|turn|20\n|\n|t:|1700139121\n|switch|p1a: \u5854\u4f0a\u5179\u80b2\u7f57\u65af|Scizor-Mega, F|31\/100\n|move|p2a: Thundurus|Nasty Plot|p2a: Thundurus\n|-boost|p2a: Thundurus|spa|2\n|\n|-heal|p1a: \u5854\u4f0a\u5179\u80b2\u7f57\u65af|37\/100|[from] Grassy Terrain\n|upkeep\n|turn|21\n|\n|t:|1700139123\n|move|p1a: \u5854\u4f0a\u5179\u80b2\u7f57\u65af|Bullet Punch|p2a: Thundurus\n|-resisted|p2a: Thundurus\n|-damage|p2a: Thundurus|69\/100\n|move|p2a: Thundurus|Thunderbolt|p1a: \u5854\u4f0a\u5179\u80b2\u7f57\u65af\n|-damage|p1a: \u5854\u4f0a\u5179\u80b2\u7f57\u65af|0 fnt\n|faint|p1a: \u5854\u4f0a\u5179\u80b2\u7f57\u65af\n|\n|upkeep\n|\n|t:|1700139126\n|switch|p1a: \u4e39\u6052\u00b7\u996e\u6708|Iron Valiant|100\/100\n|-enditem|p1a: \u4e39\u6052\u00b7\u996e\u6708|Booster Energy\n|-activate|p1a: \u4e39\u6052\u00b7\u996e\u6708|ability: Quark Drive|[fromitem]\n|-start|p1a: \u4e39\u6052\u00b7\u996e\u6708|quarkdrivespe\n|turn|22\n|\n|t:|1700139129\n|move|p1a: \u4e39\u6052\u00b7\u996e\u6708|Moonblast|p2a: Thundurus\n|-damage|p2a: Thundurus|0 fnt\n|faint|p2a: Thundurus\n|\n|-fieldend|move: Grassy Terrain\n|upkeep\n|\n|t:|1700139131\n|switch|p2a: \u5973\u7687|Gardevoir, F, shiny|100\/100\n|turn|23\n|\n|t:|1700139138\n|detailschange|p2a: \u5973\u7687|Gardevoir-Mega, F, shiny\n|-mega|p2a: \u5973\u7687|Gardevoir|Gardevoirite\n|move|p1a: \u4e39\u6052\u00b7\u996e\u6708|Moonblast|p2a: \u5973\u7687\n|-damage|p2a: \u5973\u7687|65\/100\n|move|p2a: \u5973\u7687|Hyper Voice|p1a: \u4e39\u6052\u00b7\u996e\u6708\n|-supereffective|p1a: \u4e39\u6052\u00b7\u996e\u6708\n|-damage|p1a: \u4e39\u6052\u00b7\u996e\u6708|0 fnt\n|faint|p1a: \u4e39\u6052\u00b7\u996e\u6708\n|-end|p1a: \u4e39\u6052\u00b7\u996e\u6708|Quark Drive|[silent]\n|\n|upkeep\n|\n|t:|1700139143\n|switch|p1a: \u4e30\u9976\u7075\u517d\u00b7\u957f\u53f3|Rillaboom, M|48\/100\n|-fieldstart|move: Grassy Terrain|[from] ability: Grassy Surge|[of] p1a: \u4e30\u9976\u7075\u517d\u00b7\u957f\u53f3\n|turn|24\n|\n|t:|1700139145\n|move|p1a: \u4e30\u9976\u7075\u517d\u00b7\u957f\u53f3|Grassy Glide|p2a: \u5973\u7687\n|-damage|p2a: \u5973\u7687|6\/100\n|move|p2a: \u5973\u7687|Hyper Voice|p1a: \u4e30\u9976\u7075\u517d\u00b7\u957f\u53f3\n|-crit|p1a: \u4e30\u9976\u7075\u517d\u00b7\u957f\u53f3\n|-damage|p1a: \u4e30\u9976\u7075\u517d\u00b7\u957f\u53f3|0 fnt\n|faint|p1a: \u4e30\u9976\u7075\u517d\u00b7\u957f\u53f3\n|\n|win|as cheu\n|raw|Yuanshen61\u6211\u8981\u73a9\u539f\u795e's rating: 1539 &rarr; <strong>1516<\/strong><br \/>(-23 for losing)\n|raw|as cheu's rating: 1485 &rarr; <strong>1508<\/strong><br \/>(+23 for winning)\n","uploadtime":1700139154,"views":9,"p1id":"yuanshen61","p2id":"ascheu","formatid":"gen9nationaldex","rating":1508,"private":0,"password":""}