{"id":"gen9nationaldex-1998768828","p1":"dahu\u306eai","p2":"d-ddkb\u771f\u65b0\u4eba","format":"[Gen 9] National Dex","log":"|html|<div class=\"broadcast-blue\"><strong>[Gen 9] National Dex is currently suspecting Sneasler! For information on how to participate check out the <a href=\"https:\/\/www.smogon.com\/forums\/threads\/sv-national-dex-suspect-8-just-dance.3731534\/\">suspect thread<\/a>.<\/strong><\/div>\n|j|\u2606dahu\u306eai\n|j|\u2606d-ddkb\u771f\u65b0\u4eba\n|t:|1700986892\n|gametype|singles\n|player|p1|dahu\u306eai|cynthia-anime2|\n|player|p2|d-ddkb\u771f\u65b0\u4eba|furisodegirl-black|\n|teamsize|p1|6\n|teamsize|p2|6\n|gen|9\n|tier|[Gen 9] National Dex\n|rule|HP Percentage Mod: HP is shown in percentages\n|rule|Endless Battle Clause: Forcing endless battles is banned\n|rule|OHKO Clause: OHKO moves are banned\n|rule|Evasion Clause: Evasion abilities, items, and moves are banned\n|rule|Evasion Abilities Clause: Evasion abilities are banned\n|rule|Evasion Items Clause: Evasion items are banned\n|rule|Evasion Moves Clause: Evasion moves are banned\n|rule|Species Clause: Limit one of each Pok\u00e9mon\n|rule|Sleep Clause Mod: Limit one foe put to sleep\n|clearpoke\n|poke|p1|Garchomp, M|\n|poke|p1|Lucario, M|\n|poke|p1|Milotic, F|\n|poke|p1|Spiritomb, M|\n|poke|p1|Togekiss, F|\n|poke|p1|Roserade, F|\n|poke|p2|Rillaboom, M|\n|poke|p2|Scizor, F|\n|poke|p2|Ursaluna, M|\n|poke|p2|Tapu Lele|\n|poke|p2|Urshifu-*, M|\n|poke|p2|Samurott-Hisui, F|\n|teampreview\n|l|\u2606d-ddkb\u771f\u65b0\u4eba\n|player|p2|\n|j|\u2606d-ddkb\u771f\u65b0\u4eba\n|player|p2|d-ddkb\u771f\u65b0\u4eba|furisodegirl-black\n|c|\u2606d-ddkb\u771f\u65b0\u4eba|\u5c0f\u4fca\u65e9\u4e0a\u597d\u5185\n|\n|t:|1700986954\n|start\n|switch|p1a: \u82b1Q\uff01|Roserade, F|100\/100\n|switch|p2a: \u8106\u7684\u4e00\u6279|Scizor, F|100\/100\n|turn|1\n|\n|t:|1700986975\n|switch|p1a: \u4e0d\u662f\u810f\u810f\u54e6|Milotic, F|100\/100\n|detailschange|p2a: \u8106\u7684\u4e00\u6279|Scizor-Mega, F\n|-mega|p2a: \u8106\u7684\u4e00\u6279|Scizor|Scizorite\n|move|p2a: \u8106\u7684\u4e00\u6279|U-turn|p1a: \u4e0d\u662f\u810f\u810f\u54e6\n|-damage|p1a: \u4e0d\u662f\u810f\u810f\u54e6|66\/100\n|\n|t:|1700986995\n|switch|p2a: Tapu Bulu-Mega|Rillaboom, M|100\/100|[from] U-turn\n|-fieldstart|move: Grassy Terrain|[from] ability: Grassy Surge|[of] p2a: Tapu Bulu-Mega\n|\n|-heal|p1a: \u4e0d\u662f\u810f\u810f\u54e6|72\/100|[from] Grassy Terrain\n|-status|p1a: \u4e0d\u662f\u810f\u810f\u54e6|brn|[from] item: Flame Orb\n|upkeep\n|turn|2\n|\n|t:|1700987007\n|switch|p1a: \u6ca1\u5565\u7528\u7684\u70ae\u7070|Spiritomb, M|100\/100\n|move|p2a: Tapu Bulu-Mega|Wood Hammer|p1a: \u6ca1\u5565\u7528\u7684\u70ae\u7070\n|-damage|p1a: \u6ca1\u5565\u7528\u7684\u70ae\u7070|13\/100\n|-damage|p2a: Tapu Bulu-Mega|79\/100|[from] Recoil\n|-damage|p2a: Tapu Bulu-Mega|69\/100|[from] item: Life Orb\n|\n|-heal|p2a: Tapu Bulu-Mega|75\/100|[from] Grassy Terrain\n|-heal|p1a: \u6ca1\u5565\u7528\u7684\u70ae\u7070|20\/100|[from] Grassy Terrain\n|upkeep\n|turn|3\n|\n|t:|1700987019\n|move|p2a: Tapu Bulu-Mega|Grassy Glide|p1a: \u6ca1\u5565\u7528\u7684\u70ae\u7070\n|-damage|p1a: \u6ca1\u5565\u7528\u7684\u70ae\u7070|0 fnt\n|faint|p1a: \u6ca1\u5565\u7528\u7684\u70ae\u7070\n|-damage|p2a: Tapu Bulu-Mega|65\/100|[from] item: Life Orb\n|\n|-heal|p2a: Tapu Bulu-Mega|71\/100|[from] Grassy Terrain\n|upkeep\n|\n|t:|1700987028\n|switch|p1a: \u82b1Q\uff01|Roserade, F|100\/100\n|turn|4\n|\n|t:|1700987047\n|-terastallize|p2a: Tapu Bulu-Mega|Fire\n|move|p1a: \u82b1Q\uff01|Hidden Power|p2a: Tapu Bulu-Mega\n|-resisted|p2a: Tapu Bulu-Mega\n|-damage|p2a: Tapu Bulu-Mega|53\/100\n|move|p2a: Tapu Bulu-Mega|Tera Blast|p1a: \u82b1Q\uff01|[anim] Tera Blast Fire\n|-supereffective|p1a: \u82b1Q\uff01\n|-damage|p1a: \u82b1Q\uff01|0 fnt\n|faint|p1a: \u82b1Q\uff01\n|-damage|p2a: Tapu Bulu-Mega|43\/100|[from] item: Life Orb\n|\n|-heal|p2a: Tapu Bulu-Mega|49\/100|[from] Grassy Terrain\n|upkeep\n|\n|t:|1700987062\n|switch|p1a: \u6211\u4e0d\u662f\u9f99Z|Garchomp, M|100\/100\n|turn|5\n|\n|t:|1700987086\n|switch|p2a: Urshifu|Urshifu-Rapid-Strike, M|100\/100\n|move|p1a: \u6211\u4e0d\u662f\u9f99Z|Scale Shot|p2a: Urshifu\n|-damage|p2a: Urshifu|88\/100\n|-damage|p2a: Urshifu|75\/100\n|-damage|p2a: Urshifu|61\/100\n|-damage|p2a: Urshifu|48\/100\n|-damage|p2a: Urshifu|35\/100\n|-hitcount|p2a: Urshifu|5\n|-unboost|p1a: \u6211\u4e0d\u662f\u9f99Z|def|1\n|-boost|p1a: \u6211\u4e0d\u662f\u9f99Z|spe|1\n|\n|-heal|p2a: Urshifu|42\/100|[from] Grassy Terrain\n|-fieldend|move: Grassy Terrain\n|upkeep\n|turn|6\n|\n|t:|1700987102\n|switch|p2a: \u8106\u7684\u4e00\u6279|Scizor-Mega, F|100\/100\n|detailschange|p1a: \u6211\u4e0d\u662f\u9f99Z|Garchomp-Mega, M\n|-mega|p1a: \u6211\u4e0d\u662f\u9f99Z|Garchomp|Garchompite\n|move|p1a: \u6211\u4e0d\u662f\u9f99Z|Outrage|p2a: \u8106\u7684\u4e00\u6279\n|-resisted|p2a: \u8106\u7684\u4e00\u6279\n|-damage|p2a: \u8106\u7684\u4e00\u6279|80\/100\n|\n|upkeep\n|turn|7\n|\n|t:|1700987111\n|move|p1a: \u6211\u4e0d\u662f\u9f99Z|Outrage|p2a: \u8106\u7684\u4e00\u6279|[from]lockedmove\n|-resisted|p2a: \u8106\u7684\u4e00\u6279\n|-damage|p2a: \u8106\u7684\u4e00\u6279|56\/100\n|-start|p1a: \u6211\u4e0d\u662f\u9f99Z|confusion|[fatigue]\n|move|p2a: \u8106\u7684\u4e00\u6279|U-turn|p1a: \u6211\u4e0d\u662f\u9f99Z\n|-damage|p1a: \u6211\u4e0d\u662f\u9f99Z|58\/100\n|\n|t:|1700987121\n|switch|p2a: Samurott|Samurott-Hisui, F|100\/100|[from] U-turn\n|\n|upkeep\n|turn|8\n|\n|t:|1700987127\n|move|p2a: Samurott|Sucker Punch|p1a: \u6211\u4e0d\u662f\u9f99Z\n|-damage|p1a: \u6211\u4e0d\u662f\u9f99Z|11\/100\n|-activate|p1a: \u6211\u4e0d\u662f\u9f99Z|confusion\n|-damage|p1a: \u6211\u4e0d\u662f\u9f99Z|0 fnt|[from] confusion\n|faint|p1a: \u6211\u4e0d\u662f\u9f99Z\n|\n|upkeep\n|c|\u2606d-ddkb\u771f\u65b0\u4eba|\u5b89\u6170\u5b89\u6170\n|\n|t:|1700987136\n|switch|p1a: \u7231\u4f60\u7684\u4e48\u629b\u74e6|Lucario, M|100\/100\n|turn|9\n|\n|t:|1700987143\n|move|p1a: \u7231\u4f60\u7684\u4e48\u629b\u74e6|Bullet Punch|p2a: Samurott\n|-resisted|p2a: Samurott\n|-damage|p2a: Samurott|82\/100\n|move|p2a: Samurott|Razor Shell|p1a: \u7231\u4f60\u7684\u4e48\u629b\u74e6\n|-damage|p1a: \u7231\u4f60\u7684\u4e48\u629b\u74e6|9\/100\n|\n|upkeep\n|turn|10\n|\n|t:|1700987152\n|switch|p1a: \u4e0d\u662f\u810f\u810f\u54e6|Milotic, F|72\/100 brn\n|switch|p2a: \u8106\u7684\u4e00\u6279|Scizor-Mega, F|56\/100\n|\n|-damage|p1a: \u4e0d\u662f\u810f\u810f\u54e6|66\/100 brn|[from] brn\n|upkeep\n|turn|11\n|\n|t:|1700987161\n|move|p1a: \u4e0d\u662f\u810f\u810f\u54e6|Scald|p2a: \u8106\u7684\u4e00\u6279\n|-damage|p2a: \u8106\u7684\u4e00\u6279|27\/100\n|move|p2a: \u8106\u7684\u4e00\u6279|U-turn|p1a: \u4e0d\u662f\u810f\u810f\u54e6\n|-damage|p1a: \u4e0d\u662f\u810f\u810f\u54e6|42\/100 brn\n|\n|t:|1700987167\n|switch|p2a: Tapu Bulu-Mega|Rillaboom, M, tera:Fire|49\/100|[from] U-turn\n|-fieldstart|move: Grassy Terrain|[from] ability: Grassy Surge|[of] p2a: Tapu Bulu-Mega\n|\n|-heal|p1a: \u4e0d\u662f\u810f\u810f\u54e6|48\/100 brn|[from] Grassy Terrain\n|-heal|p2a: Tapu Bulu-Mega|55\/100|[from] Grassy Terrain\n|-damage|p1a: \u4e0d\u662f\u810f\u810f\u54e6|42\/100 brn|[from] brn\n|upkeep\n|turn|12\n|\n|t:|1700987184\n|move|p2a: Tapu Bulu-Mega|Grassy Glide|p1a: \u4e0d\u662f\u810f\u810f\u54e6\n|-supereffective|p1a: \u4e0d\u662f\u810f\u810f\u54e6\n|-damage|p1a: \u4e0d\u662f\u810f\u810f\u54e6|0 fnt\n|faint|p1a: \u4e0d\u662f\u810f\u810f\u54e6\n|-damage|p2a: Tapu Bulu-Mega|45\/100|[from] item: Life Orb\n|\n|-heal|p2a: Tapu Bulu-Mega|51\/100|[from] Grassy Terrain\n|upkeep\n|\n|t:|1700987193\n|switch|p1a: \u7231\u4f60\u7684\u4e48\u629b\u74e6|Lucario, M|9\/100\n|turn|13\n|\n|t:|1700987200\n|move|p1a: \u7231\u4f60\u7684\u4e48\u629b\u74e6|Extreme Speed|p2a: Tapu Bulu-Mega\n|-damage|p2a: Tapu Bulu-Mega|16\/100\n|move|p2a: Tapu Bulu-Mega|Grassy Glide|p1a: \u7231\u4f60\u7684\u4e48\u629b\u74e6\n|-resisted|p1a: \u7231\u4f60\u7684\u4e48\u629b\u74e6\n|-damage|p1a: \u7231\u4f60\u7684\u4e48\u629b\u74e6|0 fnt\n|faint|p1a: \u7231\u4f60\u7684\u4e48\u629b\u74e6\n|-damage|p2a: Tapu Bulu-Mega|6\/100|[from] item: Life Orb\n|\n|-heal|p2a: Tapu Bulu-Mega|13\/100|[from] Grassy Terrain\n|upkeep\n|\n|t:|1700987212\n|switch|p1a: \u6211\u4e0d\u662f\u6b27\u7687|Togekiss, F|100\/100\n|turn|14\n|\n|t:|1700987219\n|-terastallize|p1a: \u6211\u4e0d\u662f\u6b27\u7687|Flying\n|move|p2a: Tapu Bulu-Mega|Grassy Glide|p1a: \u6211\u4e0d\u662f\u6b27\u7687\n|-resisted|p1a: \u6211\u4e0d\u662f\u6b27\u7687\n|-damage|p1a: \u6211\u4e0d\u662f\u6b27\u7687|74\/100\n|-damage|p2a: Tapu Bulu-Mega|3\/100|[from] item: Life Orb\n|move|p1a: \u6211\u4e0d\u662f\u6b27\u7687|Air Slash|p2a: Tapu Bulu-Mega\n|-damage|p2a: Tapu Bulu-Mega|0 fnt\n|faint|p2a: Tapu Bulu-Mega\n|\n|upkeep\n|\n|t:|1700987223\n|switch|p2a: Samurott|Samurott-Hisui, F|82\/100\n|turn|15\n|\n|t:|1700987232\n|move|p1a: \u6211\u4e0d\u662f\u6b27\u7687|Air Slash|p2a: Samurott|[miss]\n|-miss|p1a: \u6211\u4e0d\u662f\u6b27\u7687|p2a: Samurott\n|move|p2a: Samurott|Razor Shell|p1a: \u6211\u4e0d\u662f\u6b27\u7687\n|-damage|p1a: \u6211\u4e0d\u662f\u6b27\u7687|13\/100\n|\n|-heal|p2a: Samurott|88\/100|[from] Grassy Terrain\n|-fieldend|move: Grassy Terrain\n|upkeep\n|turn|16\n|c|\u2606d-ddkb\u771f\u65b0\u4eba|\u554a\n|\n|t:|1700987244\n|move|p2a: Samurott|Sucker Punch|p1a: \u6211\u4e0d\u662f\u6b27\u7687\n|-damage|p1a: \u6211\u4e0d\u662f\u6b27\u7687|0 fnt\n|faint|p1a: \u6211\u4e0d\u662f\u6b27\u7687\n|\n|win|d-ddkb\u771f\u65b0\u4eba\n","uploadtime":1700987250,"views":5,"p1id":"dahuai","p2id":"dddkb","formatid":"gen9nationaldex","rating":0,"private":0,"password":""}