{"id":"gen9nationaldex-1990225845","p1":"laorpq20fhalvox","p2":"Sly Killdex 2","format":"[Gen 9] National Dex","log":"|j|\u2606laorpq20fhalvox\n|j|\u2606Sly Killdex 2\n|t:|1699940315\n|gametype|singles\n|player|p1|laorpq20fhalvox|backpacker|1000\n|player|p2|Sly Killdex 2|volkner|1072\n|teamsize|p1|6\n|teamsize|p2|6\n|gen|9\n|tier|[Gen 9] National Dex\n|rated|\n|rule|HP Percentage Mod: HP is shown in percentages\n|rule|Endless Battle Clause: Forcing endless battles is banned\n|rule|OHKO Clause: OHKO moves are banned\n|rule|Evasion Clause: Evasion abilities, items, and moves are banned\n|rule|Evasion Abilities Clause: Evasion abilities are banned\n|rule|Evasion Items Clause: Evasion items are banned\n|rule|Evasion Moves Clause: Evasion moves are banned\n|rule|Species Clause: Limit one of each Pok\u00e9mon\n|rule|Sleep Clause Mod: Limit one foe put to sleep\n|clearpoke\n|poke|p1|Quaquaval, F|\n|poke|p1|Ninetales-Alola, F|\n|poke|p1|Iron Moth|\n|poke|p1|Great Tusk|\n|poke|p1|Corviknight, F|\n|poke|p1|Tapu Koko|\n|poke|p2|Silvally-*|\n|poke|p2|Pikipek, M|\n|poke|p2|Torracat, F|\n|poke|p2|Decidueye, M|\n|poke|p2|Zygarde-10%|\n|poke|p2|Noivern, M|\n|teampreview\n|inactive|Battle timer is ON: inactive players will automatically lose when time's up. (requested by laorpq20fhalvox)\n|\n|t:|1699940335\n|start\n|switch|p1a: Tapu Koko|Tapu Koko|100\/100\n|switch|p2a: Torracat|Torracat, F|100\/100\n|-fieldstart|move: Electric Terrain|[from] ability: Electric Surge|[of] p1a: Tapu Koko\n|-ability|p2a: Torracat|Intimidate|boost\n|-unboost|p1a: Tapu Koko|atk|1\n|turn|1\n|\n|t:|1699940339\n|move|p1a: Tapu Koko|Volt Switch|p2a: Torracat\n|-damage|p2a: Torracat|53\/100\n|\n|t:|1699940345\n|switch|p1a: Great Tusk|Great Tusk|100\/100|[from] Volt Switch\n|move|p2a: Torracat|Flare Blitz|p1a: Great Tusk\n|-damage|p1a: Great Tusk|70\/100\n|-damage|p2a: Torracat|40\/100|[from] Recoil\n|\n|-heal|p1a: Great Tusk|76\/100|[from] item: Leftovers\n|upkeep\n|turn|2\n|\n|t:|1699940350\n|switch|p2a: Decidueye|Decidueye, M|100\/100\n|move|p1a: Great Tusk|Stealth Rock|p2a: Decidueye\n|-sidestart|p2: Sly Killdex 2|move: Stealth Rock\n|\n|-heal|p1a: Great Tusk|82\/100|[from] item: Leftovers\n|upkeep\n|turn|3\n|\n|t:|1699940354\n|-end|p1a: Great Tusk|Protosynthesis|[silent]\n|switch|p1a: Corviknight|Corviknight, F|100\/100\n|-ability|p1a: Corviknight|Pressure\n|move|p2a: Decidueye|Swords Dance|p2a: Decidueye\n|-boost|p2a: Decidueye|atk|2\n|\n|upkeep\n|turn|4\n|\n|t:|1699940360\n|-zpower|p2a: Decidueye\n|move|p2a: Decidueye|Sinister Arrow Raid|p1a: Corviknight|[zeffect]\n|-damage|p1a: Corviknight|0 fnt\n|faint|p1a: Corviknight\n|\n|upkeep\n|\n|t:|1699940366\n|switch|p1a: Iron Moth|Iron Moth|100\/100\n|-activate|p1a: Iron Moth|ability: Quark Drive\n|-start|p1a: Iron Moth|quarkdrivespa\n|turn|5\n|\n|t:|1699940387\n|move|p2a: Decidueye|Shadow Sneak|p1a: Iron Moth\n|-damage|p1a: Iron Moth|36\/100\n|move|p1a: Iron Moth|Fiery Dance|p2a: Decidueye\n|-supereffective|p2a: Decidueye\n|-damage|p2a: Decidueye|0 fnt\n|faint|p2a: Decidueye\n|\n|-fieldend|move: Electric Terrain\n|-end|p1a: Iron Moth|Quark Drive\n|upkeep\n|\n|t:|1699940398\n|switch|p2a: Noivern|Noivern, M|100\/100\n|-damage|p2a: Noivern|76\/100|[from] Stealth Rock\n|-item|p1a: Iron Moth|Choice Scarf|[from] ability: Frisk|[of] p2a: Noivern|[identify]\n|turn|6\n|\n|t:|1699940406\n|-end|p1a: Iron Moth|Quark Drive|[silent]\n|switch|p1a: Ninetales|Ninetales-Alola, F|100\/100\n|-weather|Snow|[from] ability: Snow Warning|[of] p1a: Ninetales\n|move|p2a: Noivern|Boomburst|p1a: Ninetales\n|-damage|p1a: Ninetales|27\/100\n|\n|-weather|Snow|[upkeep]\n|upkeep\n|turn|7\n|\n|t:|1699940418\n|move|p2a: Noivern|Boomburst|p1a: Ninetales\n|-damage|p1a: Ninetales|0 fnt\n|faint|p1a: Ninetales\n|\n|-weather|Snow|[upkeep]\n|upkeep\n|\n|t:|1699940425\n|switch|p1a: Great Tusk|Great Tusk|82\/100\n|turn|8\n|\n|t:|1699940433\n|-terastallize|p2a: Noivern|Normal\n|-terastallize|p1a: Great Tusk|Ghost\n|move|p2a: Noivern|Boomburst|p1a: Great Tusk\n|-immune|p1a: Great Tusk\n|move|p1a: Great Tusk|Rapid Spin|p2a: Noivern\n|-damage|p2a: Noivern|55\/100\n|-boost|p1a: Great Tusk|spe|1\n|\n|-weather|Snow|[upkeep]\n|-heal|p1a: Great Tusk|89\/100|[from] item: Leftovers\n|upkeep\n|turn|9\n|\n|t:|1699940443\n|switch|p2a: Torracat|Torracat, F|40\/100\n|-damage|p2a: Torracat|15\/100|[from] Stealth Rock\n|-ability|p2a: Torracat|Intimidate|boost\n|-unboost|p1a: Great Tusk|atk|1\n|move|p1a: Great Tusk|Earthquake|p2a: Torracat\n|-supereffective|p2a: Torracat\n|-damage|p2a: Torracat|0 fnt\n|faint|p2a: Torracat\n|\n|-weather|Snow|[upkeep]\n|-heal|p1a: Great Tusk|95\/100|[from] item: Leftovers\n|upkeep\n|\n|t:|1699940449\n|switch|p2a: Silvally|Silvally-Ground|100\/100\n|-damage|p2a: Silvally|94\/100|[from] Stealth Rock\n|turn|10\n|\n|t:|1699940469\n|-end|p1a: Great Tusk|Protosynthesis|[silent]\n|switch|p1a: Iron Moth|Iron Moth|36\/100\n|move|p2a: Silvally|Multi-Attack|p1a: Iron Moth\n|-supereffective|p1a: Iron Moth\n|-damage|p1a: Iron Moth|0 fnt\n|faint|p1a: Iron Moth\n|-end|p1a: Iron Moth|Quark Drive|[silent]\n|\n|-weather|none\n|upkeep\n|\n|t:|1699940476\n|switch|p1a: Quaquaval|Quaquaval, F|100\/100\n|turn|11\n|\n|t:|1699940500\n|move|p2a: Silvally|Multi-Attack|p1a: Quaquaval\n|-damage|p1a: Quaquaval|37\/100\n|move|p1a: Quaquaval|Aqua Step|p2a: Silvally\n|-supereffective|p2a: Silvally\n|-damage|p2a: Silvally|14\/100\n|-boost|p1a: Quaquaval|spe|1\n|\n|-heal|p1a: Quaquaval|43\/100|[from] item: Leftovers\n|upkeep\n|turn|12\n|\n|t:|1699940512\n|switch|p2a: Pikipek|Pikipek, M|100\/100\n|-damage|p2a: Pikipek|76\/100|[from] Stealth Rock\n|move|p1a: Quaquaval|Aqua Step|p2a: Pikipek\n|-damage|p2a: Pikipek|0 fnt\n|-boost|p1a: Quaquaval|spe|1\n|faint|p2a: Pikipek\n|-ability|p1a: Quaquaval|Moxie|boost\n|-boost|p1a: Quaquaval|atk|1\n|\n|-heal|p1a: Quaquaval|49\/100|[from] item: Leftovers\n|upkeep\n|\n|t:|1699940514\n|switch|p2a: Zygarde|Zygarde-10%|100\/100\n|-damage|p2a: Zygarde|94\/100|[from] Stealth Rock\n|-ability|p2a: Zygarde|Aura Break\n|turn|13\n|\n|t:|1699940524\n|move|p2a: Zygarde|Extreme Speed|p1a: Quaquaval\n|-damage|p1a: Quaquaval|2\/100\n|move|p1a: Quaquaval|Close Combat|p2a: Zygarde\n|-damage|p2a: Zygarde|0 fnt\n|-unboost|p1a: Quaquaval|def|1\n|-unboost|p1a: Quaquaval|spd|1\n|faint|p2a: Zygarde\n|-ability|p1a: Quaquaval|Moxie|boost\n|-boost|p1a: Quaquaval|atk|1\n|\n|-heal|p1a: Quaquaval|9\/100|[from] item: Leftovers\n|upkeep\n|-message|Sly Killdex 2 forfeited.\n|\n|win|laorpq20fhalvox\n|raw|laorpq20fhalvox's rating: 1000 &rarr; <strong>1048<\/strong><br \/>(+48 for winning)\n|raw|Sly Killdex 2's rating: 1072 &rarr; <strong>1047<\/strong><br \/>(-25 for losing)\n","uploadtime":1699940535,"views":4,"p1id":"laorpq20fhalvox","p2id":"slykilldex2","formatid":"gen9nationaldex","rating":1047,"private":0,"password":""}