{"id":"gen9nationaldex-1992989995","p1":"yaya_x3","p2":"MarcusTalks","format":"[Gen 9] National Dex","log":"|j|\u2606yaya_x3\n|j|\u2606MarcusTalks\n|t:|1700253253\n|gametype|singles\n|player|p1|yaya_x3|marnie-league|\n|player|p2|MarcusTalks|steven|\n|teamsize|p1|6\n|teamsize|p2|6\n|gen|9\n|tier|[Gen 9] National Dex\n|rule|HP Percentage Mod: HP is shown in percentages\n|rule|Endless Battle Clause: Forcing endless battles is banned\n|rule|OHKO Clause: OHKO moves are banned\n|rule|Evasion Clause: Evasion abilities, items, and moves are banned\n|rule|Evasion Abilities Clause: Evasion abilities are banned\n|rule|Evasion Items Clause: Evasion items are banned\n|rule|Evasion Moves Clause: Evasion moves are banned\n|rule|Species Clause: Limit one of each Pok\u00e9mon\n|rule|Sleep Clause Mod: Limit one foe put to sleep\n|clearpoke\n|poke|p1|Conkeldurr, M|\n|poke|p1|Necrozma|\n|poke|p1|Clefable, M|\n|poke|p1|Runerigus, F|\n|poke|p1|Indeedee-F, F|\n|poke|p1|Tentacruel, F|\n|poke|p2|Aegislash, M|\n|poke|p2|Ceruledge, M|\n|poke|p2|Sinistcha-Masterpiece|\n|poke|p2|Cofagrigus, M|\n|poke|p2|Rotom|\n|poke|p2|Lopunny, F|\n|teampreview\n|\n|t:|1700253281\n|start\n|switch|p1a: \u1d00\u1d1c\u1d05\u026a\u0274\u1d0f|Indeedee-F, F|100\/100\n|switch|p2a: Curse|Cofagrigus, M|100\/100\n|-fieldstart|move: Psychic Terrain|[from] ability: Psychic Surge|[of] p1a: \u1d00\u1d1c\u1d05\u026a\u0274\u1d0f\n|turn|1\n|\n|t:|1700253299\n|move|p1a: \u1d00\u1d1c\u1d05\u026a\u0274\u1d0f|Shadow Ball|p2a: Curse\n|-supereffective|p2a: Curse\n|-damage|p2a: Curse|32\/100\n|move|p2a: Curse|Knock Off|p1a: \u1d00\u1d1c\u1d05\u026a\u0274\u1d0f\n|-supereffective|p1a: \u1d00\u1d1c\u1d05\u026a\u0274\u1d0f\n|-damage|p1a: \u1d00\u1d1c\u1d05\u026a\u0274\u1d0f|70\/100\n|-enditem|p1a: \u1d00\u1d1c\u1d05\u026a\u0274\u1d0f|Choice Specs|[from] move: Knock Off|[of] p2a: Curse\n|\n|-heal|p2a: Curse|37\/100|[from] item: Leftovers\n|upkeep\n|turn|2\n|\n|t:|1700253312\n|switch|p2a: Slap|Lopunny, F, shiny|100\/100\n|move|p1a: \u1d00\u1d1c\u1d05\u026a\u0274\u1d0f|Shadow Ball|p2a: Slap\n|-immune|p2a: Slap\n|\n|upkeep\n|turn|3\n|\n|t:|1700253321\n|detailschange|p2a: Slap|Lopunny-Mega, F, shiny\n|-mega|p2a: Slap|Lopunny|Lopunnite\n|move|p2a: Slap|Return|p1a: \u1d00\u1d1c\u1d05\u026a\u0274\u1d0f\n|-damage|p1a: \u1d00\u1d1c\u1d05\u026a\u0274\u1d0f|6\/100\n|move|p1a: \u1d00\u1d1c\u1d05\u026a\u0274\u1d0f|Expanding Force|p2a: Slap\n|-supereffective|p2a: Slap\n|-damage|p2a: Slap|0 fnt\n|faint|p2a: Slap\n|\n|upkeep\n|\n|t:|1700253335\n|switch|p2a: Zap|Rotom, shiny|100\/100\n|turn|4\n|\n|t:|1700253366\n|switch|p1a: Mc Donalds\ud83e\udd78\ud83e\udd21|Conkeldurr, M, shiny|100\/100\n|move|p2a: Zap|Foul Play|p1a: Mc Donalds\ud83e\udd78\ud83e\udd21\n|-resisted|p1a: Mc Donalds\ud83e\udd78\ud83e\udd21\n|-damage|p1a: Mc Donalds\ud83e\udd78\ud83e\udd21|83\/100\n|\n|upkeep\n|turn|5\n|\n|t:|1700253383\n|move|p2a: Zap|Volt Switch|p1a: Mc Donalds\ud83e\udd78\ud83e\udd21\n|-damage|p1a: Mc Donalds\ud83e\udd78\ud83e\udd21|51\/100\n|\n|t:|1700253386\n|switch|p2a: Whisk|Sinistcha-Masterpiece, shiny|100\/100|[from] Volt Switch\n|move|p1a: Mc Donalds\ud83e\udd78\ud83e\udd21|Bulk Up|p1a: Mc Donalds\ud83e\udd78\ud83e\udd21\n|-boost|p1a: Mc Donalds\ud83e\udd78\ud83e\udd21|atk|1\n|-boost|p1a: Mc Donalds\ud83e\udd78\ud83e\udd21|def|1\n|\n|-fieldend|move: Psychic Terrain\n|upkeep\n|turn|6\n|\n|t:|1700253414\n|move|p2a: Whisk|Matcha Gotcha|p1a: Mc Donalds\ud83e\udd78\ud83e\udd21\n|-damage|p1a: Mc Donalds\ud83e\udd78\ud83e\udd21|7\/100\n|-enditem|p1a: Mc Donalds\ud83e\udd78\ud83e\udd21|Sitrus Berry|[eat]\n|-heal|p1a: Mc Donalds\ud83e\udd78\ud83e\udd21|32\/100|[from] item: Sitrus Berry\n|move|p1a: Mc Donalds\ud83e\udd78\ud83e\udd21|Knock Off|p2a: Whisk\n|-supereffective|p2a: Whisk\n|-damage|p2a: Whisk|0 fnt\n|-enditem|p2a: Whisk|Leftovers|[from] move: Knock Off|[of] p1a: Mc Donalds\ud83e\udd78\ud83e\udd21\n|faint|p2a: Whisk\n|\n|upkeep\n|\n|t:|1700253427\n|switch|p2a: Spite|Ceruledge, M|100\/100\n|turn|7\n|\n|t:|1700253434\n|move|p2a: Spite|Swords Dance|p2a: Spite\n|-boost|p2a: Spite|atk|2\n|move|p1a: Mc Donalds\ud83e\udd78\ud83e\udd21|Thief|p2a: Spite\n|-supereffective|p2a: Spite\n|-damage|p2a: Spite|3\/100\n|-ability|p2a: Spite|Weak Armor|boost\n|-unboost|p2a: Spite|def|1\n|-boost|p2a: Spite|spe|2\n|-enditem|p2a: Spite|Focus Sash|[silent]|[from] move: Thief|[of] p1a: Mc Donalds\ud83e\udd78\ud83e\udd21\n|-item|p1a: Mc Donalds\ud83e\udd78\ud83e\udd21|Focus Sash|[from] move: Thief|[of] p2a: Spite\n|\n|upkeep\n|turn|8\n|\n|t:|1700253485\n|switch|p1a: \u1d00\u1d1c\u1d05\u026a\u0274\u1d0f|Indeedee-F, F|6\/100\n|-fieldstart|move: Psychic Terrain|[from] ability: Psychic Surge|[of] p1a: \u1d00\u1d1c\u1d05\u026a\u0274\u1d0f\n|move|p2a: Spite|Shadow Sneak|p1a: \u1d00\u1d1c\u1d05\u026a\u0274\u1d0f\n|-activate|p1a: \u1d00\u1d1c\u1d05\u026a\u0274\u1d0f|move: Psychic Terrain\n|\n|upkeep\n|turn|9\n|\n|t:|1700253493\n|move|p2a: Spite|Bitter Blade|p1a: \u1d00\u1d1c\u1d05\u026a\u0274\u1d0f\n|-damage|p1a: \u1d00\u1d1c\u1d05\u026a\u0274\u1d0f|0 fnt\n|-heal|p2a: Spite|6\/100|[from] drain|[of] p1a: \u1d00\u1d1c\u1d05\u026a\u0274\u1d0f\n|faint|p1a: \u1d00\u1d1c\u1d05\u026a\u0274\u1d0f\n|\n|upkeep\n|\n|t:|1700253500\n|switch|p1a: \u2119\ud835\udd5a\ud835\udd69\ud835\udd5a\ud835\udd56|Clefable, M|100\/100\n|turn|10\n|\n|t:|1700253508\n|move|p2a: Spite|Poison Jab|p1a: \u2119\ud835\udd5a\ud835\udd69\ud835\udd5a\ud835\udd56\n|-supereffective|p1a: \u2119\ud835\udd5a\ud835\udd69\ud835\udd5a\ud835\udd56\n|-damage|p1a: \u2119\ud835\udd5a\ud835\udd69\ud835\udd5a\ud835\udd56|53\/100\n|move|p1a: \u2119\ud835\udd5a\ud835\udd69\ud835\udd5a\ud835\udd56|Shadow Ball|p2a: Spite\n|-supereffective|p2a: Spite\n|-damage|p2a: Spite|0 fnt\n|faint|p2a: Spite\n|\n|upkeep\n|\n|t:|1700253523\n|switch|p2a: King|Aegislash, M, shiny|100\/100\n|turn|11\n|\n|t:|1700253536\n|move|p1a: \u2119\ud835\udd5a\ud835\udd69\ud835\udd5a\ud835\udd56|Fling|p2a: King\n|-supereffective|p2a: King\n|-damage|p2a: King|93\/100\n|-status|p2a: King|par\n|-enditem|p1a: \u2119\ud835\udd5a\ud835\udd69\ud835\udd5a\ud835\udd56|Light Ball|[from] move: Fling\n|-formechange|p2a: King|Aegislash-Blade||[from] ability: Stance Change\n|move|p2a: King|Flash Cannon|p1a: \u2119\ud835\udd5a\ud835\udd69\ud835\udd5a\ud835\udd56\n|-supereffective|p1a: \u2119\ud835\udd5a\ud835\udd69\ud835\udd5a\ud835\udd56\n|-damage|p1a: \u2119\ud835\udd5a\ud835\udd69\ud835\udd5a\ud835\udd56|0 fnt\n|faint|p1a: \u2119\ud835\udd5a\ud835\udd69\ud835\udd5a\ud835\udd56\n|\n|-heal|p2a: King|99\/100 par|[from] item: Leftovers\n|upkeep\n|\n|t:|1700253554\n|switch|p1a: \uff24\uff41\uff52\uff4b \uff36\uff41\uff44\uff45\uff52|Necrozma|100\/100\n|turn|12\n|\n|t:|1700253560\n|-formechange|p2a: King|Aegislash||[from] ability: Stance Change\n|move|p2a: King|King's Shield|p2a: King\n|-singleturn|p2a: King|Protect\n|move|p1a: \uff24\uff41\uff52\uff4b \uff36\uff41\uff44\uff45\uff52|Dragon Dance|p1a: \uff24\uff41\uff52\uff4b \uff36\uff41\uff44\uff45\uff52\n|-boost|p1a: \uff24\uff41\uff52\uff4b \uff36\uff41\uff44\uff45\uff52|atk|1\n|-boost|p1a: \uff24\uff41\uff52\uff4b \uff36\uff41\uff44\uff45\uff52|spe|1\n|\n|-heal|p2a: King|100\/100 par|[from] item: Leftovers\n|-fieldend|move: Psychic Terrain\n|upkeep\n|turn|13\n|\n|t:|1700253591\n|move|p1a: \uff24\uff41\uff52\uff4b \uff36\uff41\uff44\uff45\uff52|Knock Off|p2a: King\n|-supereffective|p2a: King\n|-damage|p2a: King|28\/100 par\n|-enditem|p2a: King|Leftovers|[from] move: Knock Off|[of] p1a: \uff24\uff41\uff52\uff4b \uff36\uff41\uff44\uff45\uff52\n|-formechange|p2a: King|Aegislash-Blade||[from] ability: Stance Change\n|move|p2a: King|Shadow Ball|p1a: \uff24\uff41\uff52\uff4b \uff36\uff41\uff44\uff45\uff52\n|-supereffective|p1a: \uff24\uff41\uff52\uff4b \uff36\uff41\uff44\uff45\uff52\n|-enditem|p1a: \uff24\uff41\uff52\uff4b \uff36\uff41\uff44\uff45\uff52|Kasib Berry|[eat]\n|-enditem|p1a: \uff24\uff41\uff52\uff4b \uff36\uff41\uff44\uff45\uff52|Kasib Berry|[weaken]\n|-damage|p1a: \uff24\uff41\uff52\uff4b \uff36\uff41\uff44\uff45\uff52|71\/100\n|\n|upkeep\n|turn|14\n|\n|t:|1700253609\n|-terastallize|p1a: \uff24\uff41\uff52\uff4b \uff36\uff41\uff44\uff45\uff52|Dark\n|move|p1a: \uff24\uff41\uff52\uff4b \uff36\uff41\uff44\uff45\uff52|Dragon Dance|p1a: \uff24\uff41\uff52\uff4b \uff36\uff41\uff44\uff45\uff52\n|-boost|p1a: \uff24\uff41\uff52\uff4b \uff36\uff41\uff44\uff45\uff52|atk|1\n|-boost|p1a: \uff24\uff41\uff52\uff4b \uff36\uff41\uff44\uff45\uff52|spe|1\n|move|p2a: King|Shadow Ball|p1a: \uff24\uff41\uff52\uff4b \uff36\uff41\uff44\uff45\uff52\n|-resisted|p1a: \uff24\uff41\uff52\uff4b \uff36\uff41\uff44\uff45\uff52\n|-damage|p1a: \uff24\uff41\uff52\uff4b \uff36\uff41\uff44\uff45\uff52|49\/100\n|\n|upkeep\n|turn|15\n|\n|t:|1700253620\n|move|p1a: \uff24\uff41\uff52\uff4b \uff36\uff41\uff44\uff45\uff52|Knock Off|p2a: King\n|-supereffective|p2a: King\n|-damage|p2a: King|0 fnt\n|faint|p2a: King\n|\n|upkeep\n|c|\u2606MarcusTalks|gg\n|\n|t:|1700253629\n|switch|p2a: Curse|Cofagrigus, M|37\/100\n|turn|16\n|c|\u2606yaya_x3|gg i came fully prepared btw. for the ghosts.\n|\n|t:|1700253643\n|move|p1a: \uff24\uff41\uff52\uff4b \uff36\uff41\uff44\uff45\uff52|Knock Off|p2a: Curse\n|-supereffective|p2a: Curse\n|-damage|p2a: Curse|0 fnt\n|-activate|p2a: Curse|ability: Mummy|Prism Armor|[of] p1a: \uff24\uff41\uff52\uff4b \uff36\uff41\uff44\uff45\uff52\n|-enditem|p2a: Curse|Leftovers|[from] move: Knock Off|[of] p1a: \uff24\uff41\uff52\uff4b \uff36\uff41\uff44\uff45\uff52\n|faint|p2a: Curse\n|\n|upkeep\n|c|\u2606MarcusTalks|I had some alterations to my team, but they didn't go through for some reason\n|\n|t:|1700253658\n|switch|p2a: Zap|Rotom, shiny|100\/100\n|turn|17\n|c|\u2606yaya_x3|you can plan now\n|c|\u2606yaya_x3|for others\n|\n|t:|1700253675\n|move|p1a: \uff24\uff41\uff52\uff4b \uff36\uff41\uff44\uff45\uff52|Thief|p2a: Zap\n|-supereffective|p2a: Zap\n|-damage|p2a: Zap|0 fnt\n|faint|p2a: Zap\n|\n|win|yaya_x3\n|c|\u2606MarcusTalks|oh I know where I went wrong\n|c|\u2606MarcusTalks|I made a copy of my team\n|c|\u2606MarcusTalks|and altered the original\n|c|\u2606yaya_x3|they will also be prepared like me so expect\n|c|\u2606yaya_x3|something like this idk\n|c|\u2606yaya_x3|gg!\n|l|\u2606MarcusTalks\n","uploadtime":1700253724,"views":7,"p1id":"yayax3","p2id":"marcustalks","formatid":"gen9nationaldex","rating":0,"private":0,"password":""}