{"id":"gen9nationaldex-1989149382","p1":"BaronTPDPurgestein","p2":"Gfjwvc","format":"[Gen 9] National Dex","log":"|j|\u2606BaronTPDPurgestein\n|j|\u2606Gfjwvc\n|t:|1699817484\n|gametype|singles\n|player|p1|BaronTPDPurgestein|artist|1303\n|player|p2|Gfjwvc|169|1364\n|teamsize|p1|6\n|teamsize|p2|6\n|gen|9\n|tier|[Gen 9] National Dex\n|rated|\n|rule|HP Percentage Mod: HP is shown in percentages\n|rule|Endless Battle Clause: Forcing endless battles is banned\n|rule|OHKO Clause: OHKO moves are banned\n|rule|Evasion Clause: Evasion abilities, items, and moves are banned\n|rule|Evasion Abilities Clause: Evasion abilities are banned\n|rule|Evasion Items Clause: Evasion items are banned\n|rule|Evasion Moves Clause: Evasion moves are banned\n|rule|Species Clause: Limit one of each Pok\u00e9mon\n|rule|Sleep Clause Mod: Limit one foe put to sleep\n|clearpoke\n|poke|p1|Beedrill, M|\n|poke|p1|Sneasler, F|\n|poke|p1|Munkidori, M|\n|poke|p1|Nidoking, M|\n|poke|p1|Skuntank, M|\n|poke|p1|Fezandipiti, M|\n|poke|p2|Ceruledge, F|\n|poke|p2|Zapdos|\n|poke|p2|Gyarados, F|\n|poke|p2|Iron Valiant|\n|poke|p2|Sneasler, F|\n|poke|p2|Tapu Lele|\n|teampreview\n|\n|t:|1699817494\n|start\n|switch|p1a: Neko Von Purger|Nidoking, M, shiny|100\/100\n|switch|p2a: Zapdos|Zapdos|100\/100\n|turn|1\n|\n|t:|1699817499\n|move|p1a: Neko Von Purger|Ice Beam|p2a: Zapdos\n|-supereffective|p2a: Zapdos\n|-damage|p2a: Zapdos|36\/100\n|move|p2a: Zapdos|Hurricane|p1a: Neko Von Purger\n|-damage|p1a: Neko Von Purger|20\/100\n|\n|upkeep\n|turn|2\n|inactive|Battle timer is ON: inactive players will automatically lose when time's up. (requested by Gfjwvc)\n|\n|t:|1699817507\n|switch|p2a: Tapu Lele|Tapu Lele|100\/100\n|-fieldstart|move: Psychic Terrain|[from] ability: Psychic Surge|[of] p2a: Tapu Lele\n|move|p1a: Neko Von Purger|Ice Beam|p2a: Tapu Lele\n|-damage|p2a: Tapu Lele|65\/100\n|\n|upkeep\n|turn|3\n|\n|t:|1699817512\n|move|p2a: Tapu Lele|Psychic|p1a: Neko Von Purger\n|-supereffective|p1a: Neko Von Purger\n|-damage|p1a: Neko Von Purger|0 fnt\n|faint|p1a: Neko Von Purger\n|\n|upkeep\n|\n|t:|1699817516\n|switch|p1a: StinkyVonPurge|Skuntank, M, shiny|100\/100\n|-item|p1a: StinkyVonPurge|Air Balloon\n|turn|4\n|\n|t:|1699817536\n|switch|p2a: Zapdos|Zapdos|36\/100\n|move|p1a: StinkyVonPurge|Foul Play|p2a: Zapdos\n|-damage|p2a: Zapdos|11\/100\n|-status|p1a: StinkyVonPurge|par|[from] ability: Static|[of] p2a: Zapdos\n|\n|upkeep\n|turn|5\n|\n|t:|1699817542\n|move|p2a: Zapdos|Hurricane|p1a: StinkyVonPurge|[miss]\n|-miss|p2a: Zapdos|p1a: StinkyVonPurge\n|cant|p1a: StinkyVonPurge|par\n|\n|upkeep\n|turn|6\n|\n|t:|1699817545\n|move|p2a: Zapdos|Hurricane|p1a: StinkyVonPurge\n|-damage|p1a: StinkyVonPurge|26\/100 par\n|-enditem|p1a: StinkyVonPurge|Air Balloon\n|move|p1a: StinkyVonPurge|Foul Play|p2a: Zapdos\n|-damage|p2a: Zapdos|0 fnt\n|faint|p2a: Zapdos\n|\n|-fieldend|move: Psychic Terrain\n|upkeep\n|\n|t:|1699817551\n|switch|p2a: Ceruledge|Ceruledge, F|100\/100\n|turn|7\n|\n|t:|1699817555\n|move|p2a: Ceruledge|Swords Dance|p2a: Ceruledge\n|-boost|p2a: Ceruledge|atk|2\n|move|p1a: StinkyVonPurge|Foul Play|p2a: Ceruledge\n|-supereffective|p2a: Ceruledge\n|-damage|p2a: Ceruledge|0 fnt\n|faint|p2a: Ceruledge\n|\n|upkeep\n|\n|t:|1699817561\n|switch|p2a: Gyarados|Gyarados, F|100\/100\n|-ability|p2a: Gyarados|Intimidate|boost\n|-unboost|p1a: StinkyVonPurge|atk|1\n|turn|8\n|\n|t:|1699817565\n|detailschange|p2a: Gyarados|Gyarados-Mega, F\n|-mega|p2a: Gyarados|Gyarados|Gyaradosite\n|-ability|p2a: Gyarados|Mold Breaker\n|move|p2a: Gyarados|Dragon Dance|p2a: Gyarados\n|-boost|p2a: Gyarados|atk|1\n|-boost|p2a: Gyarados|spe|1\n|move|p1a: StinkyVonPurge|Foul Play|p2a: Gyarados\n|-resisted|p2a: Gyarados\n|-damage|p2a: Gyarados|59\/100\n|\n|upkeep\n|turn|9\n|\n|t:|1699817570\n|move|p2a: Gyarados|Waterfall|p1a: StinkyVonPurge\n|-damage|p1a: StinkyVonPurge|0 fnt\n|-damage|p2a: Gyarados|34\/100|[from] ability: Aftermath|[of] p1a: StinkyVonPurge\n|faint|p1a: StinkyVonPurge\n|\n|upkeep\n|\n|t:|1699817577\n|switch|p1a: PurgeCarrier|Sneasler, F, shiny|100\/100\n|turn|10\n|\n|t:|1699817581\n|switch|p2a: Tapu Lele|Tapu Lele|65\/100\n|-fieldstart|move: Psychic Terrain|[from] ability: Psychic Surge|[of] p2a: Tapu Lele\n|move|p1a: PurgeCarrier|Fake Out|p2a: Tapu Lele\n|-activate|p2a: Tapu Lele|move: Psychic Terrain\n|\n|upkeep\n|turn|11\n|\n|t:|1699817587\n|-terastallize|p2a: Tapu Lele|Psychic\n|-terastallize|p1a: PurgeCarrier|Dark\n|move|p2a: Tapu Lele|Psychic|p1a: PurgeCarrier\n|-immune|p1a: PurgeCarrier\n|move|p1a: PurgeCarrier|Dire Claw|p2a: Tapu Lele\n|-damage|p2a: Tapu Lele|0 fnt\n|faint|p2a: Tapu Lele\n|-damage|p1a: PurgeCarrier|91\/100|[from] item: Life Orb\n|\n|upkeep\n|\n|t:|1699817591\n|switch|p2a: Sneasler|Sneasler, F|100\/100\n|-enditem|p2a: Sneasler|Psychic Seed\n|-boost|p2a: Sneasler|spd|1|[from] item: Psychic Seed\n|turn|12\n|\n|t:|1699817598\n|move|p2a: Sneasler|Close Combat|p1a: PurgeCarrier\n|-supereffective|p1a: PurgeCarrier\n|-damage|p1a: PurgeCarrier|0 fnt\n|-unboost|p2a: Sneasler|def|1\n|-unboost|p2a: Sneasler|spd|1\n|faint|p1a: PurgeCarrier\n|\n|upkeep\n|\n|t:|1699817604\n|switch|p1a: SimpVonPurge|Munkidori, M|100\/100\n|turn|13\n|\n|t:|1699817607\n|move|p2a: Sneasler|Acrobatics|p1a: SimpVonPurge\n|-damage|p1a: SimpVonPurge|51\/100\n|move|p1a: SimpVonPurge|Psychic|p2a: Sneasler\n|-supereffective|p2a: Sneasler\n|-damage|p2a: Sneasler|0 fnt\n|faint|p2a: Sneasler\n|\n|upkeep\n|\n|t:|1699817622\n|switch|p2a: Gyarados|Gyarados-Mega, F|34\/100\n|-ability|p2a: Gyarados|Mold Breaker\n|turn|14\n|\n|t:|1699817628\n|switch|p1a: PurgeAntibird|Fezandipiti, M|100\/100\n|move|p2a: Gyarados|Earthquake|p1a: PurgeAntibird\n|-supereffective|p1a: PurgeAntibird\n|-damage|p1a: PurgeAntibird|0 fnt\n|faint|p1a: PurgeAntibird\n|\n|-fieldend|move: Psychic Terrain\n|upkeep\n|\n|t:|1699817630\n|switch|p1a: BeePurging|Beedrill, M|100\/100\n|turn|15\n|\n|t:|1699817636\n|detailschange|p1a: BeePurging|Beedrill-Mega, M\n|-mega|p1a: BeePurging|Beedrill|Beedrillite\n|move|p1a: BeePurging|Fell Stinger|p2a: Gyarados\n|-supereffective|p2a: Gyarados\n|-damage|p2a: Gyarados|0 fnt\n|faint|p2a: Gyarados\n|-boost|p1a: BeePurging|atk|3\n|\n|upkeep\n|\n|t:|1699817639\n|switch|p2a: Iron Valiant|Iron Valiant|100\/100\n|-enditem|p2a: Iron Valiant|Booster Energy\n|-activate|p2a: Iron Valiant|ability: Quark Drive|[fromitem]\n|-start|p2a: Iron Valiant|quarkdrivespe\n|turn|16\n|\n|t:|1699817648\n|move|p2a: Iron Valiant|Close Combat|p1a: BeePurging\n|-resisted|p1a: BeePurging\n|-damage|p1a: BeePurging|61\/100\n|-unboost|p2a: Iron Valiant|def|1\n|-unboost|p2a: Iron Valiant|spd|1\n|move|p1a: BeePurging|Poison Jab|p2a: Iron Valiant\n|-supereffective|p2a: Iron Valiant\n|-crit|p2a: Iron Valiant\n|-damage|p2a: Iron Valiant|0 fnt\n|faint|p2a: Iron Valiant\n|-end|p2a: Iron Valiant|Quark Drive|[silent]\n|\n|win|BaronTPDPurgestein\n|raw|BaronTPDPurgestein's rating: 1303 &rarr; <strong>1326<\/strong><br \/>(+23 for winning)\n|raw|Gfjwvc's rating: 1364 &rarr; <strong>1341<\/strong><br \/>(-23 for losing)\n|l|\u2606Gfjwvc\n","uploadtime":1699817660,"views":12,"p1id":"barontpdpurgestein","p2id":"gfjwvc","formatid":"gen9nationaldex","rating":1326,"private":0,"password":""}