{"id":"gen9nationaldex-1987280841","p1":"Wehoo12000","p2":"leon lp","format":"[Gen 9] National Dex","log":"|j|\u2606Wehoo12000\n|j|\u2606leon lp\n|t:|1699572685\n|gametype|singles\n|player|p1|Wehoo12000|pokemaniac|1222\n|player|p2|leon lp|169|1131\n|teamsize|p1|6\n|teamsize|p2|6\n|gen|9\n|tier|[Gen 9] National Dex\n|rated|\n|rule|HP Percentage Mod: HP is shown in percentages\n|rule|Endless Battle Clause: Forcing endless battles is banned\n|rule|OHKO Clause: OHKO moves are banned\n|rule|Evasion Clause: Evasion abilities, items, and moves are banned\n|rule|Evasion Abilities Clause: Evasion abilities are banned\n|rule|Evasion Items Clause: Evasion items are banned\n|rule|Evasion Moves Clause: Evasion moves are banned\n|rule|Species Clause: Limit one of each Pok\u00e9mon\n|rule|Sleep Clause Mod: Limit one foe put to sleep\n|clearpoke\n|poke|p1|Meowscarada, F|\n|poke|p1|Porygon-Z|\n|poke|p1|Jirachi|\n|poke|p1|Great Tusk|\n|poke|p1|Diancie|\n|poke|p1|Dondozo, M|\n|poke|p2|Blaziken, M|\n|poke|p2|Aegislash, M|\n|poke|p2|Swellow, M|\n|poke|p2|Grimmsnarl, M|\n|poke|p2|Sneasler, M|\n|poke|p2|Gourgeist-*, F|\n|teampreview\n|inactive|Battle timer is ON: inactive players will automatically lose when time's up. (requested by Wehoo12000)\n|\n|t:|1699572711\n|start\n|switch|p1a: Pink diamond|Diancie|100\/100\n|switch|p2a: Ari|Swellow, M|100\/100\n|turn|1\n|\n|t:|1699572716\n|detailschange|p1a: Pink diamond|Diancie-Mega\n|-mega|p1a: Pink diamond|Diancie|Diancite\n|move|p2a: Ari|Boomburst|p1a: Pink diamond\n|-resisted|p1a: Pink diamond\n|-damage|p1a: Pink diamond|66\/100\n|-enditem|p2a: Ari|Throat Spray\n|-boost|p2a: Ari|spa|1|[from] item: Throat Spray\n|move|p1a: Pink diamond|Diamond Storm|p2a: Ari\n|-supereffective|p2a: Ari\n|-damage|p2a: Ari|0 fnt\n|faint|p2a: Ari\n|\n|upkeep\n|\n|t:|1699572727\n|switch|p2a: Muramasa|Aegislash, M|100\/100\n|turn|2\n|\n|t:|1699572730\n|move|p1a: Pink diamond|Stealth Rock|p2a: Muramasa\n|-sidestart|p2: leon lp|move: Stealth Rock\n|move|p2a: Muramasa|Swords Dance|p2a: Muramasa\n|-boost|p2a: Muramasa|atk|2\n|\n|upkeep\n|turn|3\n|\n|t:|1699572737\n|move|p1a: Pink diamond|Diamond Storm|p2a: Muramasa\n|-resisted|p2a: Muramasa\n|-damage|p2a: Muramasa|76\/100\n|-boost|p1a: Pink diamond|def|2\n|move|p2a: Muramasa|Swords Dance|p2a: Muramasa\n|-boost|p2a: Muramasa|atk|2\n|\n|upkeep\n|turn|4\n|\n|t:|1699572745\n|move|p1a: Pink diamond|Diamond Storm|p2a: Muramasa\n|-resisted|p2a: Muramasa\n|-damage|p2a: Muramasa|51\/100\n|-formechange|p2a: Muramasa|Aegislash-Blade||[from] ability: Stance Change\n|move|p2a: Muramasa|Iron Head|p1a: Pink diamond\n|-supereffective|p1a: Pink diamond\n|-damage|p1a: Pink diamond|0 fnt\n|faint|p1a: Pink diamond\n|-damage|p2a: Muramasa|42\/100|[from] item: Life Orb\n|\n|upkeep\n|\n|t:|1699572752\n|switch|p1a: Green catulon|Meowscarada, F, shiny|100\/100\n|turn|5\n|\n|t:|1699572759\n|-formechange|p2a: Muramasa|Aegislash||[from] ability: Stance Change\n|move|p2a: Muramasa|King's Shield|p2a: Muramasa\n|-singleturn|p2a: Muramasa|Protect\n|move|p1a: Green catulon|Knock Off|p2a: Muramasa\n|-start|p1a: Green catulon|typechange|Dark|[from] ability: Protean\n|-activate|p2a: Muramasa|move: Protect\n|-unboost|p1a: Green catulon|atk|1\n|\n|upkeep\n|turn|6\n|\n|t:|1699572770\n|move|p1a: Green catulon|Knock Off|p2a: Muramasa\n|-supereffective|p2a: Muramasa\n|-damage|p2a: Muramasa|0 fnt\n|-enditem|p2a: Muramasa|Life Orb|[from] move: Knock Off|[of] p1a: Green catulon\n|faint|p2a: Muramasa\n|-damage|p1a: Green catulon|91\/100|[from] item: Life Orb\n|\n|upkeep\n|\n|t:|1699572777\n|switch|p2a: KFC|Blaziken, M, shiny|100\/100\n|-damage|p2a: KFC|88\/100|[from] Stealth Rock\n|turn|7\n|\n|t:|1699572783\n|switch|p1a: Piss fish|Dondozo, M, shiny|100\/100\n|move|p2a: KFC|Focus Energy|p2a: KFC\n|-start|p2a: KFC|move: Focus Energy\n|\n|-ability|p2a: KFC|Speed Boost|boost\n|-boost|p2a: KFC|spe|1\n|upkeep\n|turn|8\n|\n|t:|1699572792\n|move|p2a: KFC|Protect|p2a: KFC\n|-singleturn|p2a: KFC|Protect\n|move|p1a: Piss fish|Wave Crash|p2a: KFC\n|-activate|p2a: KFC|move: Protect\n|\n|-ability|p2a: KFC|Speed Boost|boost\n|-boost|p2a: KFC|spe|1\n|upkeep\n|turn|9\n|\n|t:|1699572800\n|move|p2a: KFC|Close Combat|p1a: Piss fish\n|-crit|p1a: Piss fish\n|-damage|p1a: Piss fish|62\/100\n|-unboost|p2a: KFC|def|1\n|-unboost|p2a: KFC|spd|1\n|move|p1a: Piss fish|Wave Crash|p2a: KFC\n|-supereffective|p2a: KFC\n|-damage|p2a: KFC|0 fnt\n|faint|p2a: KFC\n|-damage|p1a: Piss fish|45\/100|[from] Recoil\n|\n|-heal|p1a: Piss fish|51\/100|[from] item: Leftovers\n|upkeep\n|inactive|leon lp has 120 seconds left.\n|\n|t:|1699572832\n|switch|p2a: Sneasler|Sneasler, M|100\/100\n|-damage|p2a: Sneasler|95\/100|[from] Stealth Rock\n|turn|10\n|\n|t:|1699572839\n|move|p2a: Sneasler|Fake Out|p1a: Piss fish\n|-enditem|p2a: Sneasler|Normal Gem|[from] gem\n|-damage|p1a: Piss fish|43\/100\n|cant|p1a: Piss fish|flinch\n|\n|-heal|p1a: Piss fish|49\/100|[from] item: Leftovers\n|upkeep\n|turn|11\n|\n|t:|1699572845\n|move|p2a: Sneasler|Dire Claw|p1a: Piss fish\n|-damage|p1a: Piss fish|30\/100\n|-status|p1a: Piss fish|psn\n|move|p1a: Piss fish|Curse|p1a: Piss fish\n|-unboost|p1a: Piss fish|spe|1\n|-boost|p1a: Piss fish|atk|1\n|-boost|p1a: Piss fish|def|1\n|\n|-heal|p1a: Piss fish|36\/100 psn|[from] item: Leftovers\n|-damage|p1a: Piss fish|24\/100 psn|[from] psn\n|upkeep\n|turn|12\n|\n|t:|1699572859\n|move|p2a: Sneasler|Close Combat|p1a: Piss fish\n|-damage|p1a: Piss fish|4\/100 psn\n|-unboost|p2a: Sneasler|def|1\n|-unboost|p2a: Sneasler|spd|1\n|move|p1a: Piss fish|Rest|p1a: Piss fish\n|-status|p1a: Piss fish|slp|[from] move: Rest\n|-heal|p1a: Piss fish|100\/100 slp|[silent]\n|\n|upkeep\n|turn|13\n|c|\u2606leon lp|piss fish\n|c|\u2606leon lp|or braindead fish?\n|\n|t:|1699572877\n|switch|p2a: Candy|Gourgeist-Small, F|100\/100\n|-damage|p2a: Candy|88\/100|[from] Stealth Rock\n|-item|p1a: Piss fish|Leftovers|[from] ability: Frisk|[of] p2a: Candy|[identify]\n|cant|p1a: Piss fish|slp\n|move|p1a: Piss fish|Sleep Talk|p1a: Piss fish\n|move|p1a: Piss fish|Curse|p1a: Piss fish|[from]move: Sleep Talk\n|-unboost|p1a: Piss fish|spe|1\n|-boost|p1a: Piss fish|atk|1\n|-boost|p1a: Piss fish|def|1\n|\n|upkeep\n|turn|14\n|\n|t:|1699572889\n|switch|p1a: Green catulon|Meowscarada, F, shiny|91\/100\n|-zpower|p2a: Candy\n|move|p2a: Candy|Z-Trick-or-Treat|p1a: Green catulon|[anim]Trick-or-Treat\n|-boost|p2a: Candy|atk|1|[zeffect]\n|-boost|p2a: Candy|def|1|[zeffect]\n|-boost|p2a: Candy|spa|1|[zeffect]\n|-boost|p2a: Candy|spd|1|[zeffect]\n|-boost|p2a: Candy|spe|1|[zeffect]\n|-start|p1a: Green catulon|typeadd|Ghost|[from] move: Trick-or-Treat\n|\n|upkeep\n|turn|15\n|\n|t:|1699572907\n|-terastallize|p1a: Green catulon|Grass\n|move|p2a: Candy|Poltergeist|p1a: Green catulon\n|-activate|p1a: Green catulon|move: Poltergeist|Life Orb\n|-damage|p1a: Green catulon|0 fnt\n|faint|p1a: Green catulon\n|\n|upkeep\n|\n|t:|1699572912\n|switch|p1a: Rose toy|Porygon-Z|100\/100\n|-ability|p1a: Rose toy|Download|boost\n|-boost|p1a: Rose toy|spa|1\n|turn|16\n|\n|t:|1699572918\n|move|p2a: Candy|Seed Bomb|p1a: Rose toy\n|-damage|p1a: Rose toy|35\/100\n|-zpower|p1a: Rose toy\n|move|p1a: Rose toy|Z-Conversion|p1a: Rose toy|[anim]Conversion\n|-boost|p1a: Rose toy|atk|1|[zeffect]\n|-boost|p1a: Rose toy|def|1|[zeffect]\n|-boost|p1a: Rose toy|spa|1|[zeffect]\n|-boost|p1a: Rose toy|spd|1|[zeffect]\n|-boost|p1a: Rose toy|spe|1|[zeffect]\n|-start|p1a: Rose toy|typechange|Electric\n|\n|upkeep\n|turn|17\n|\n|t:|1699572929\n|move|p2a: Candy|Seed Bomb|p1a: Rose toy\n|-damage|p1a: Rose toy|0 fnt\n|faint|p1a: Rose toy\n|\n|upkeep\n|\n|t:|1699572932\n|switch|p1a: Stewie Griffin|Jirachi|100\/100\n|turn|18\n|\n|t:|1699572935\n|move|p2a: Candy|Poltergeist|p1a: Stewie Griffin\n|-activate|p1a: Stewie Griffin|move: Poltergeist|Weakness Policy\n|-supereffective|p1a: Stewie Griffin\n|-damage|p1a: Stewie Griffin|0 fnt\n|faint|p1a: Stewie Griffin\n|\n|upkeep\n|\n|t:|1699572940\n|switch|p1a: Piss fish|Dondozo, M, shiny|100\/100 slp\n|turn|19\n|\n|t:|1699572943\n|move|p2a: Candy|Seed Bomb|p1a: Piss fish\n|-supereffective|p1a: Piss fish\n|-damage|p1a: Piss fish|73\/100 slp\n|cant|p1a: Piss fish|slp\n|\n|-heal|p1a: Piss fish|79\/100 slp|[from] item: Leftovers\n|upkeep\n|turn|20\n|\n|t:|1699572950\n|move|p2a: Candy|Seed Bomb|p1a: Piss fish\n|-supereffective|p1a: Piss fish\n|-damage|p1a: Piss fish|50\/100 slp\n|-curestatus|p1a: Piss fish|slp|[msg]\n|move|p1a: Piss fish|Curse|p1a: Piss fish\n|-unboost|p1a: Piss fish|spe|1\n|-boost|p1a: Piss fish|atk|1\n|-boost|p1a: Piss fish|def|1\n|\n|-heal|p1a: Piss fish|56\/100|[from] item: Leftovers\n|upkeep\n|turn|21\n|\n|t:|1699572960\n|move|p2a: Candy|Seed Bomb|p1a: Piss fish\n|-supereffective|p1a: Piss fish\n|-damage|p1a: Piss fish|38\/100\n|move|p1a: Piss fish|Curse|p1a: Piss fish\n|-unboost|p1a: Piss fish|spe|1\n|-boost|p1a: Piss fish|atk|1\n|-boost|p1a: Piss fish|def|1\n|\n|-heal|p1a: Piss fish|44\/100|[from] item: Leftovers\n|upkeep\n|turn|22\n|\n|t:|1699572968\n|move|p2a: Candy|Seed Bomb|p1a: Piss fish\n|-supereffective|p1a: Piss fish\n|-damage|p1a: Piss fish|30\/100\n|move|p1a: Piss fish|Rest|p1a: Piss fish\n|-status|p1a: Piss fish|slp|[from] move: Rest\n|-heal|p1a: Piss fish|100\/100 slp|[silent]\n|\n|upkeep\n|turn|23\n|\n|t:|1699572977\n|move|p2a: Candy|Seed Bomb|p1a: Piss fish\n|-supereffective|p1a: Piss fish\n|-damage|p1a: Piss fish|86\/100 slp\n|cant|p1a: Piss fish|slp\n|move|p1a: Piss fish|Sleep Talk|p1a: Piss fish\n|move|p1a: Piss fish|Wave Crash|p2a: Candy|[from]move: Sleep Talk\n|-resisted|p2a: Candy\n|-damage|p2a: Candy|42\/100\n|-damage|p1a: Piss fish|79\/100 slp|[from] Recoil\n|\n|-heal|p1a: Piss fish|85\/100 slp|[from] item: Leftovers\n|upkeep\n|turn|24\n|\n|t:|1699572988\n|move|p2a: Candy|Seed Bomb|p1a: Piss fish\n|-supereffective|p1a: Piss fish\n|-crit|p1a: Piss fish\n|-damage|p1a: Piss fish|41\/100 slp\n|cant|p1a: Piss fish|slp\n|move|p1a: Piss fish|Sleep Talk|p1a: Piss fish\n|move|p1a: Piss fish|Curse|p1a: Piss fish|[from]move: Sleep Talk\n|-unboost|p1a: Piss fish|spe|1\n|-boost|p1a: Piss fish|atk|1\n|-boost|p1a: Piss fish|def|1\n|\n|-heal|p1a: Piss fish|48\/100 slp|[from] item: Leftovers\n|upkeep\n|turn|25\n|\n|t:|1699572999\n|move|p2a: Candy|Destiny Bond|p2a: Candy\n|-singlemove|p2a: Candy|Destiny Bond\n|-curestatus|p1a: Piss fish|slp|[msg]\n|move|p1a: Piss fish|Wave Crash|p2a: Candy\n|-resisted|p2a: Candy\n|-damage|p2a: Candy|0 fnt\n|faint|p2a: Candy\n|-activate|p2a: Candy|move: Destiny Bond\n|faint|p1a: Piss fish\n|\n|upkeep\n|\n|t:|1699573008\n|switch|p2a: Sneasler|Sneasler, M|95\/100\n|switch|p1a: Mastobate|Great Tusk|100\/100\n|-damage|p2a: Sneasler|89\/100|[from] Stealth Rock\n|turn|26\n|\n|t:|1699573014\n|move|p2a: Sneasler|Fake Out|p1a: Mastobate\n|-damage|p1a: Mastobate|93\/100\n|cant|p1a: Mastobate|flinch\n|\n|upkeep\n|turn|27\n|\n|t:|1699573019\n|move|p2a: Sneasler|Acrobatics|p1a: Mastobate\n|-supereffective|p1a: Mastobate\n|-damage|p1a: Mastobate|56\/100\n|move|p1a: Mastobate|Bulk Up|p1a: Mastobate\n|-boost|p1a: Mastobate|atk|1\n|-boost|p1a: Mastobate|def|1\n|\n|upkeep\n|turn|28\n|\n|t:|1699573027\n|move|p2a: Sneasler|Dire Claw|p1a: Mastobate\n|-resisted|p1a: Mastobate\n|-damage|p1a: Mastobate|49\/100\n|-status|p1a: Mastobate|par\n|move|p1a: Mastobate|Earthquake|p2a: Sneasler\n|-supereffective|p2a: Sneasler\n|-damage|p2a: Sneasler|0 fnt\n|faint|p2a: Sneasler\n|\n|upkeep\n|\n|t:|1699573035\n|switch|p2a: Kakuzu|Grimmsnarl, M|100\/100\n|-damage|p2a: Kakuzu|88\/100|[from] Stealth Rock\n|turn|29\n|\n|t:|1699573039\n|move|p2a: Kakuzu|Reflect|p2a: Kakuzu\n|-sidestart|p2: leon lp|Reflect\n|move|p1a: Mastobate|Earthquake|p2a: Kakuzu\n|-crit|p2a: Kakuzu\n|-damage|p2a: Kakuzu|0 fnt\n|faint|p2a: Kakuzu\n|\n|win|Wehoo12000\n|raw|Wehoo12000's rating: 1222 &rarr; <strong>1241<\/strong><br \/>(+19 for winning)\n|raw|leon lp's rating: 1131 &rarr; <strong>1112<\/strong><br \/>(-19 for losing)\n|c|\u2606Wehoo12000|Womp womp\n|c|\u2606leon lp|the luck\n|c|\u2606leon lp|dude\n","uploadtime":1699573067,"views":4,"p1id":"wehoo12000","p2id":"leonlp","formatid":"gen9nationaldex","rating":1112,"private":0,"password":""}