{"id":"gen9nationaldex-1993331166","p1":"Miku Nakano ily","p2":"The power of ROCK","format":"[Gen 9] National Dex","log":"|j|\u2606Miku Nakano ily\n|j|\u2606The power of ROCK\n|inactive|Battle timer is ON: inactive players will automatically lose when time's up.\n|t:|1700299898\n|gametype|singles\n|player|p1|Miku Nakano ily|169|\n|player|p2|The power of ROCK|roark|\n|teamsize|p1|6\n|teamsize|p2|6\n|gen|9\n|tier|[Gen 9] National Dex\n|rated|Tournament battle\n|rule|HP Percentage Mod: HP is shown in percentages\n|rule|Endless Battle Clause: Forcing endless battles is banned\n|rule|OHKO Clause: OHKO moves are banned\n|rule|Evasion Clause: Evasion abilities, items, and moves are banned\n|rule|Evasion Abilities Clause: Evasion abilities are banned\n|rule|Evasion Items Clause: Evasion items are banned\n|rule|Evasion Moves Clause: Evasion moves are banned\n|rule|Species Clause: Limit one of each Pok\u00e9mon\n|rule|Sleep Clause Mod: Limit one foe put to sleep\n|clearpoke\n|poke|p1|Charizard, F|\n|poke|p1|Alomomola, M|\n|poke|p1|Slowking-Galar, F|\n|poke|p1|Iron Valiant|\n|poke|p1|Landorus-Therian, M|\n|poke|p1|Cinderace, M|\n|poke|p2|Tyranitar, F|\n|poke|p2|Garganacl, M|\n|poke|p2|Aggron, M|\n|poke|p2|Cradily, F|\n|poke|p2|Glimmora, F|\n|poke|p2|Avalugg-Hisui, M|\n|teampreview\n|j| LucksmanDMormon\n|c|\u2606Miku Nakano ily|Hf\n|c|\u2606The power of ROCK|Welcome to the ROCK gym\n|j| Loserest Test\n|\n|t:|1700299920\n|start\n|switch|p1a: Landorus|Landorus-Therian, M|100\/100\n|switch|p2a: Avalugg|Avalugg-Hisui, M|100\/100\n|-ability|p1a: Landorus|Intimidate|boost\n|-unboost|p2a: Avalugg|atk|1\n|turn|1\n|j| walpurgisnuit\n|\n|t:|1700299932\n|switch|p1a: Alomomola|Alomomola, M|100\/100\n|move|p2a: Avalugg|Avalanche|p1a: Alomomola\n|-resisted|p1a: Alomomola\n|-damage|p1a: Alomomola|96\/100\n|\n|upkeep\n|turn|2\n|\n|t:|1700299940\n|switch|p2a: Cradily|Cradily, F|100\/100\n|move|p1a: Alomomola|Flip Turn|p2a: Cradily\n|-ability|p2a: Cradily|Storm Drain|boost\n|-boost|p2a: Cradily|spa|1\n|\n|upkeep\n|turn|3\n|\n|t:|1700299950\n|move|p2a: Cradily|Infestation|p1a: Alomomola\n|-damage|p1a: Alomomola|90\/100\n|-activate|p1a: Alomomola|move: Infestation|[of] p2a: Cradily\n|move|p1a: Alomomola|Toxic|p2a: Cradily|[miss]\n|-miss|p1a: Alomomola|p2a: Cradily\n|\n|-damage|p1a: Alomomola|74\/100|[from] move: Infestation|[partiallytrapped]\n|upkeep\n|turn|4\n|\n|t:|1700299955\n|move|p2a: Cradily|Block|p1a: Alomomola\n|-activate|p1a: Alomomola|trapped\n|move|p1a: Alomomola|Toxic|p2a: Cradily\n|-status|p2a: Cradily|tox\n|\n|-damage|p2a: Cradily|94\/100 tox|[from] psn\n|-damage|p1a: Alomomola|57\/100|[from] move: Infestation|[partiallytrapped]\n|upkeep\n|turn|5\n|c| LucksmanDMormon|Bro ain't no way\n|\n|t:|1700299977\n|move|p2a: Cradily|Leech Seed|p1a: Alomomola\n|-start|p1a: Alomomola|move: Leech Seed\n|move|p1a: Alomomola|Wish|p1a: Alomomola\n|\n|-damage|p1a: Alomomola|45\/100|[from] Leech Seed|[of] p2a: Cradily\n|-heal|p2a: Cradily|100\/100 tox|[silent]\n|-damage|p2a: Cradily|88\/100 tox|[from] psn\n|-damage|p1a: Alomomola|28\/100|[from] move: Infestation|[partiallytrapped]\n|upkeep\n|turn|6\n|\n|t:|1700299984\n|move|p1a: Alomomola|Protect|p1a: Alomomola\n|-singleturn|p1a: Alomomola|Protect\n|move|p2a: Cradily|Infestation|p1a: Alomomola\n|-activate|p1a: Alomomola|move: Protect\n|\n|-heal|p1a: Alomomola|78\/100|[from] move: Wish|[wisher] Alomomola\n|-damage|p1a: Alomomola|65\/100|[from] Leech Seed|[of] p2a: Cradily\n|-heal|p2a: Cradily|100\/100 tox|[silent]\n|-damage|p2a: Cradily|82\/100 tox|[from] psn\n|-damage|p1a: Alomomola|49\/100|[from] move: Infestation|[partiallytrapped]\n|upkeep\n|turn|7\n|\n|t:|1700299992\n|move|p2a: Cradily|Infestation|p1a: Alomomola\n|-damage|p1a: Alomomola|42\/100\n|move|p1a: Alomomola|Wish|p1a: Alomomola\n|\n|-damage|p1a: Alomomola|30\/100|[from] Leech Seed|[of] p2a: Cradily\n|-heal|p2a: Cradily|99\/100 tox|[silent]\n|-damage|p2a: Cradily|75\/100 tox|[from] psn\n|-end|p1a: Alomomola|Infestation|[partiallytrapped]\n|upkeep\n|turn|8\n|\n|t:|1700300004\n|move|p1a: Alomomola|Protect|p1a: Alomomola\n|-singleturn|p1a: Alomomola|Protect\n|move|p2a: Cradily|Infestation|p1a: Alomomola\n|-activate|p1a: Alomomola|move: Protect\n|\n|-heal|p1a: Alomomola|80\/100|[from] move: Wish|[wisher] Alomomola\n|-damage|p1a: Alomomola|68\/100|[from] Leech Seed|[of] p2a: Cradily\n|-heal|p2a: Cradily|93\/100 tox|[silent]\n|-damage|p2a: Cradily|62\/100 tox|[from] psn\n|upkeep\n|turn|9\n|\n|t:|1700300007\n|move|p2a: Cradily|Infestation|p1a: Alomomola\n|-damage|p1a: Alomomola|61\/100\n|-activate|p1a: Alomomola|move: Infestation|[of] p2a: Cradily\n|move|p1a: Alomomola|Wish|p1a: Alomomola\n|\n|-damage|p1a: Alomomola|49\/100|[from] Leech Seed|[of] p2a: Cradily\n|-heal|p2a: Cradily|80\/100 tox|[silent]\n|-damage|p2a: Cradily|43\/100 tox|[from] psn\n|-damage|p1a: Alomomola|32\/100|[from] move: Infestation|[partiallytrapped]\n|upkeep\n|turn|10\n|\n|t:|1700300009\n|move|p1a: Alomomola|Protect|p1a: Alomomola\n|-singleturn|p1a: Alomomola|Protect\n|move|p2a: Cradily|Rest|p2a: Cradily\n|-status|p2a: Cradily|slp|[from] move: Rest\n|-heal|p2a: Cradily|100\/100 slp|[silent]\n|\n|-heal|p1a: Alomomola|82\/100|[from] move: Wish|[wisher] Alomomola\n|-damage|p1a: Alomomola|70\/100|[from] Leech Seed|[of] p2a: Cradily\n|-damage|p1a: Alomomola|53\/100|[from] move: Infestation|[partiallytrapped]\n|upkeep\n|turn|11\n|\n|t:|1700300018\n|cant|p2a: Cradily|slp\n|move|p1a: Alomomola|Wish|p1a: Alomomola\n|\n|-damage|p1a: Alomomola|41\/100|[from] Leech Seed|[of] p2a: Cradily\n|-damage|p1a: Alomomola|24\/100|[from] move: Infestation|[partiallytrapped]\n|upkeep\n|turn|12\n|\n|t:|1700300023\n|cant|p2a: Cradily|slp\n|move|p1a: Alomomola|Toxic|p2a: Cradily|[miss]\n|-miss|p1a: Alomomola|p2a: Cradily\n|\n|-heal|p1a: Alomomola|74\/100|[from] move: Wish|[wisher] Alomomola\n|-damage|p1a: Alomomola|62\/100|[from] Leech Seed|[of] p2a: Cradily\n|-damage|p1a: Alomomola|45\/100|[from] move: Infestation|[partiallytrapped]\n|upkeep\n|turn|13\n|\n|t:|1700300028\n|-curestatus|p2a: Cradily|slp|[msg]\n|move|p2a: Cradily|Infestation|p1a: Alomomola\n|-damage|p1a: Alomomola|38\/100\n|move|p1a: Alomomola|Wish|p1a: Alomomola\n|\n|-damage|p1a: Alomomola|26\/100|[from] Leech Seed|[of] p2a: Cradily\n|-damage|p1a: Alomomola|9\/100|[from] move: Infestation|[partiallytrapped]\n|upkeep\n|turn|14\n|\n|t:|1700300035\n|move|p1a: Alomomola|Protect|p1a: Alomomola\n|-singleturn|p1a: Alomomola|Protect\n|move|p2a: Cradily|Infestation|p1a: Alomomola\n|-activate|p1a: Alomomola|move: Protect\n|\n|-heal|p1a: Alomomola|59\/100|[from] move: Wish|[wisher] Alomomola\n|-damage|p1a: Alomomola|47\/100|[from] Leech Seed|[of] p2a: Cradily\n|-end|p1a: Alomomola|Infestation|[partiallytrapped]\n|upkeep\n|turn|15\n|\n|t:|1700300040\n|move|p2a: Cradily|Infestation|p1a: Alomomola\n|-crit|p1a: Alomomola\n|-damage|p1a: Alomomola|37\/100\n|-activate|p1a: Alomomola|move: Infestation|[of] p2a: Cradily\n|move|p1a: Alomomola|Toxic|p2a: Cradily\n|-status|p2a: Cradily|tox\n|\n|-damage|p1a: Alomomola|24\/100|[from] Leech Seed|[of] p2a: Cradily\n|-damage|p2a: Cradily|94\/100 tox|[from] psn\n|-damage|p1a: Alomomola|8\/100|[from] move: Infestation|[partiallytrapped]\n|upkeep\n|turn|16\n|\n|t:|1700300049\n|move|p2a: Cradily|Leech Seed||[still]\n|-fail|p2a: Cradily\n|move|p1a: Alomomola|Wish|p1a: Alomomola\n|\n|-damage|p1a: Alomomola|0 fnt|[from] Leech Seed|[of] p2a: Cradily\n|-heal|p2a: Cradily|100\/100 tox|[silent]\n|faint|p1a: Alomomola\n|-damage|p2a: Cradily|88\/100 tox|[from] psn\n|upkeep\n|\n|t:|1700300056\n|switch|p1a: Cinderace|Cinderace, M|100\/100\n|turn|17\n|c| LucksmanDMormon|Man this is finals huh\n|inactive|The power of ROCK has 120 seconds left.\n|j| The Angel Devil\n|\n|t:|1700300114\n|move|p1a: Cinderace|High Jump Kick|p2a: Cradily\n|-start|p1a: Cinderace|typechange|Fighting|[from] ability: Libero\n|-supereffective|p2a: Cradily\n|-damage|p2a: Cradily|5\/100 tox\n|move|p2a: Cradily|Leech Seed|p1a: Cinderace\n|-start|p1a: Cinderace|move: Leech Seed\n|\n|-damage|p1a: Cinderace|88\/100|[from] Leech Seed|[of] p2a: Cradily\n|-heal|p2a: Cradily|15\/100 tox|[silent]\n|-damage|p2a: Cradily|0 fnt|[from] psn\n|faint|p2a: Cradily\n|upkeep\n|inactive|The power of ROCK has 90 seconds left.\n|c|\u2606The power of ROCK|the fact that cradily can survive that\n|c|\u2606The power of ROCK|surprised even me\n|c|\u2606The power of ROCK|which mean u have some sus ev's\n|inactive|The power of ROCK has 60 seconds left.\n|\n|t:|1700300160\n|switch|p2a: Garganacl|Garganacl, M|100\/100\n|turn|18\n|c|\u2606Miku Nakano ily|No comment\n|\n|t:|1700300166\n|-terastallize|p2a: Garganacl|Ghost\n|move|p1a: Cinderace|U-turn|p2a: Garganacl\n|-resisted|p2a: Garganacl\n|-damage|p2a: Garganacl|94\/100\n|c|\u2606The power of ROCK|lol\n|\n|t:|1700300170\n|switch|p1a: Landorus|Landorus-Therian, M|100\/100|[from] U-turn\n|-ability|p1a: Landorus|Intimidate|boost\n|-unboost|p2a: Garganacl|atk|1\n|move|p2a: Garganacl|Salt Cure|p1a: Landorus\n|-damage|p1a: Landorus|93\/100\n|-start|p1a: Landorus|Salt Cure\n|\n|-heal|p1a: Landorus|99\/100|[from] item: Leftovers\n|-damage|p1a: Landorus|86\/100|[from] Salt Cure\n|upkeep\n|turn|19\n|c|\u2606Miku Nakano ily|Huh\n|\n|t:|1700300183\n|switch|p2a: Avalugg|Avalugg-Hisui, M|100\/100\n|move|p1a: Landorus|Knock Off|p2a: Avalugg\n|-damage|p2a: Avalugg|89\/100\n|-enditem|p2a: Avalugg|Heavy-Duty Boots|[from] move: Knock Off|[of] p1a: Landorus\n|\n|-heal|p1a: Landorus|92\/100|[from] item: Leftovers\n|-damage|p1a: Landorus|80\/100|[from] Salt Cure\n|upkeep\n|turn|20\n|c|\u2606Miku Nakano ily|I think this is the first time I've fought you\n|\n|t:|1700300208\n|switch|p1a: Cinderace|Cinderace, M|88\/100\n|move|p2a: Avalugg|Avalanche|p1a: Cinderace\n|-resisted|p1a: Cinderace\n|-damage|p1a: Cinderace|70\/100\n|\n|upkeep\n|turn|21\n|inactive|The power of ROCK has 60 seconds left.\n|j| DoctorFiraga\n|inactive|The power of ROCK has 30 seconds left.\n|\n|t:|1700300275\n|switch|p2a: Garganacl|Garganacl, M, tera:Ghost|94\/100\n|move|p1a: Cinderace|U-turn|p2a: Garganacl\n|-start|p1a: Cinderace|typechange|Bug|[from] ability: Libero\n|-resisted|p2a: Garganacl\n|-damage|p2a: Garganacl|81\/100\n|inactive|The power of ROCK has 30 seconds left this turn.\n|\n|t:|1700300285\n|switch|p1a: Landorus|Landorus-Therian, M|80\/100|[from] U-turn\n|-ability|p1a: Landorus|Intimidate|boost\n|-unboost|p2a: Garganacl|atk|1\n|\n|-heal|p1a: Landorus|86\/100|[from] item: Leftovers\n|upkeep\n|turn|22\n|\n|t:|1700300290\n|switch|p2a: Avalugg|Avalugg-Hisui, M|89\/100\n|move|p1a: Landorus|Earthquake|p2a: Avalugg\n|-supereffective|p2a: Avalugg\n|-damage|p2a: Avalugg|50\/100\n|\n|-heal|p1a: Landorus|92\/100|[from] item: Leftovers\n|upkeep\n|turn|23\n|c|\u2606Miku Nakano ily|I could say the same for your garg\n|c|\u2606Miku Nakano ily|No lefties?\n|c|\u2606Miku Nakano ily|Sus\n|c|\u2606The power of ROCK|kek\n|\n|t:|1700300305\n|switch|p1a: Cinderace|Cinderace, M|70\/100\n|move|p2a: Avalugg|Recover|p2a: Avalugg\n|-heal|p2a: Avalugg|100\/100\n|\n|upkeep\n|turn|24\n|\n|t:|1700300314\n|move|p1a: Cinderace|Pyro Ball|p2a: Avalugg\n|-damage|p2a: Avalugg|75\/100\n|move|p2a: Avalugg|Avalanche|p1a: Cinderace\n|-resisted|p1a: Cinderace\n|-damage|p1a: Cinderace|35\/100\n|\n|upkeep\n|turn|25\n|c| LucksmanDMormon|It has the +SpDef berrry instead\n|inactive|The power of ROCK has 30 seconds left.\n|\n|t:|1700300340\n|move|p1a: Cinderace|U-turn|p2a: Avalugg\n|-start|p1a: Cinderace|typechange|Bug|[from] ability: Libero\n|-damage|p2a: Avalugg|62\/100\n|c| Loserest Test|no, its a z move garg\n|\n|t:|1700300346\n|switch|p1a: Slowking|Slowking-Galar, F|100\/100|[from] U-turn\n|move|p2a: Avalugg|Recover|p2a: Avalugg\n|-heal|p2a: Avalugg|100\/100\n|\n|upkeep\n|turn|26\n|c| DoctorFiraga|Specs garg trust\n|c|\u2606The power of ROCK|i like how u guys want me to lose so bad\n|c|\u2606The power of ROCK|u spoiling\n|inactive|The power of ROCK has 30 seconds left.\n|c|\u2606The power of ROCK|its ok, i guess he needs help\n|\n|t:|1700300369\n|switch|p2a: Tyranitar|Tyranitar, F|100\/100\n|-weather|Sandstorm|[from] ability: Sand Stream|[of] p2a: Tyranitar\n|move|p1a: Slowking|Future Sight|p2a: Tyranitar\n|-start|p1a: Slowking|move: Future Sight\n|\n|-weather|Sandstorm|[upkeep]\n|-damage|p1a: Slowking|94\/100|[from] Sandstorm\n|-heal|p1a: Slowking|100\/100|[from] item: Leftovers\n|upkeep\n|turn|27\n|\n|t:|1700300374\n|move|p2a: Tyranitar|Knock Off|p1a: Slowking\n|-supereffective|p1a: Slowking\n|-damage|p1a: Slowking|16\/100\n|-enditem|p1a: Slowking|Leftovers|[from] move: Knock Off|[of] p2a: Tyranitar\n|move|p1a: Slowking|Chilly Reception|p1a: Slowking\n|-weather|Snow\n|\n|t:|1700300382\n|switch|p1a: Landorus|Landorus-Therian, M|92\/100|[from] Chilly Reception\n|-ability|p1a: Landorus|Intimidate|boost\n|-unboost|p2a: Tyranitar|atk|1\n|\n|-weather|Snow|[upkeep]\n|-heal|p1a: Landorus|98\/100|[from] item: Leftovers\n|upkeep\n|turn|28\n|c| LucksmanDMormon|You're running the most unholy Garg ever made, I don't want to hear a darn word of it\n|\n|t:|1700300390\n|move|p1a: Landorus|Earthquake|p2a: Tyranitar\n|-supereffective|p2a: Tyranitar\n|-damage|p2a: Tyranitar|33\/100\n|move|p2a: Tyranitar|Knock Off|p1a: Landorus\n|-damage|p1a: Landorus|71\/100\n|-enditem|p1a: Landorus|Leftovers|[from] move: Knock Off|[of] p2a: Tyranitar\n|\n|-weather|Snow|[upkeep]\n|-end|p2a: Tyranitar|move: Future Sight\n|-immune|p2a: Tyranitar\n|upkeep\n|turn|29\n|\n|t:|1700300403\n|switch|p2a: Avalugg|Avalugg-Hisui, M|100\/100\n|move|p1a: Landorus|Earthquake|p2a: Avalugg\n|-supereffective|p2a: Avalugg\n|-damage|p2a: Avalugg|74\/100\n|\n|-weather|Snow|[upkeep]\n|upkeep\n|turn|30\n|c|\u2606The power of ROCK|since when did i become the villian xD\n|\n|t:|1700300417\n|switch|p1a: Slowking|Slowking-Galar, F|49\/100\n|move|p2a: Avalugg|Avalanche|p1a: Slowking\n|-damage|p1a: Slowking|22\/100\n|\n|-weather|Snow|[upkeep]\n|upkeep\n|turn|31\n|\n|t:|1700300425\n|move|p1a: Slowking|Slack Off|p1a: Slowking\n|-heal|p1a: Slowking|72\/100\n|move|p2a: Avalugg|Avalanche|p1a: Slowking\n|-damage|p1a: Slowking|47\/100\n|\n|-weather|none\n|upkeep\n|turn|32\n|inactive|The power of ROCK has 60 seconds left.\n|\n|t:|1700300434\n|switch|p2a: Garganacl|Garganacl, M, tera:Ghost|81\/100\n|move|p1a: Slowking|Slack Off|p1a: Slowking\n|-heal|p1a: Slowking|97\/100\n|\n|upkeep\n|turn|33\n|c| Loserest Test|his formidable defensive backbone is really tough to break\n|\n|t:|1700300445\n|move|p2a: Garganacl|Iron Defense|p2a: Garganacl\n|-boost|p2a: Garganacl|def|2\n|move|p1a: Slowking|Future Sight|p2a: Garganacl\n|-start|p1a: Slowking|move: Future Sight\n|\n|upkeep\n|turn|34\n|\n|t:|1700300455\n|move|p2a: Garganacl|Iron Defense|p2a: Garganacl\n|-boost|p2a: Garganacl|def|2\n|move|p1a: Slowking|Chilly Reception|p1a: Slowking\n|-weather|Snow\n|\n|t:|1700300457\n|switch|p1a: Charizard|Charizard, F|100\/100|[from] Chilly Reception\n|\n|-weather|Snow|[upkeep]\n|upkeep\n|turn|35\n|inactive|The power of ROCK has 60 seconds left.\n|\n|t:|1700300487\n|switch|p2a: Aggron|Aggron, M|100\/100\n|detailschange|p1a: Charizard|Charizard-Mega-Y, F\n|-mega|p1a: Charizard|Charizard|Charizardite Y\n|-weather|SunnyDay|[from] ability: Drought|[of] p1a: Charizard\n|move|p1a: Charizard|Weather Ball|p2a: Aggron\n|-ability|p2a: Aggron|Sturdy\n|-damage|p2a: Aggron|1\/100\n|\n|-weather|SunnyDay|[upkeep]\n|-end|p2a: Aggron|move: Future Sight\n|-resisted|p2a: Aggron\n|-damage|p2a: Aggron|0 fnt\n|faint|p2a: Aggron\n|upkeep\n|c| DoctorFiraga|you're just misunderstood, not a villain\n|inactive|The power of ROCK has 60 seconds left.\n|c|\u2606Miku Nakano ily|Aha\n|c|\u2606Miku Nakano ily|Perfectly cacled\n|c|\u2606Miku Nakano ily|Definitely\n|\n|t:|1700300512\n|switch|p2a: Tyranitar|Tyranitar, F|33\/100\n|-weather|Sandstorm|[from] ability: Sand Stream|[of] p2a: Tyranitar\n|turn|36\n|c|\u2606Miku Nakano ily|Totally remembed I used future sight\n|\n|t:|1700300524\n|move|p1a: Charizard|Scorching Sands|p2a: Tyranitar\n|-supereffective|p2a: Tyranitar\n|-damage|p2a: Tyranitar|17\/100\n|move|p2a: Tyranitar|Pursuit|p1a: Charizard\n|-crit|p1a: Charizard\n|-damage|p1a: Charizard|64\/100\n|\n|-weather|Sandstorm|[upkeep]\n|-damage|p1a: Charizard|58\/100|[from] Sandstorm\n|upkeep\n|turn|37\n|\n|t:|1700300531\n|move|p1a: Charizard|Scorching Sands|p2a: Tyranitar\n|-supereffective|p2a: Tyranitar\n|-damage|p2a: Tyranitar|0 fnt\n|faint|p2a: Tyranitar\n|\n|-weather|Sandstorm|[upkeep]\n|-damage|p1a: Charizard|52\/100|[from] Sandstorm\n|upkeep\n|\n|t:|1700300538\n|switch|p2a: Glimmora|Glimmora, F|100\/100\n|turn|38\n|\n|t:|1700300542\n|switch|p1a: Landorus|Landorus-Therian, M|71\/100\n|-ability|p1a: Landorus|Intimidate|boost\n|-unboost|p2a: Glimmora|atk|1\n|move|p2a: Glimmora|Sludge Wave|p1a: Landorus\n|-resisted|p1a: Landorus\n|-damage|p1a: Landorus|52\/100\n|\n|-weather|Sandstorm|[upkeep]\n|upkeep\n|turn|39\n|\n|t:|1700300548\n|switch|p2a: Avalugg|Avalugg-Hisui, M|74\/100\n|move|p1a: Landorus|Earthquake|p2a: Avalugg\n|-supereffective|p2a: Avalugg\n|-damage|p2a: Avalugg|35\/100\n|\n|-weather|Sandstorm|[upkeep]\n|upkeep\n|turn|40\n|\n|t:|1700300557\n|move|p1a: Landorus|Earthquake|p2a: Avalugg\n|-supereffective|p2a: Avalugg\n|-damage|p2a: Avalugg|0 fnt\n|faint|p2a: Avalugg\n|\n|-weather|none\n|upkeep\n|\n|t:|1700300566\n|switch|p2a: Glimmora|Glimmora, F|100\/100\n|turn|41\n|\n|t:|1700300570\n|move|p2a: Glimmora|Mortal Spin|p1a: Landorus\n|-resisted|p1a: Landorus\n|-damage|p1a: Landorus|50\/100\n|-status|p1a: Landorus|psn\n|move|p1a: Landorus|Earthquake|p2a: Glimmora\n|-supereffective|p2a: Glimmora\n|-damage|p2a: Glimmora|0 fnt\n|-activate|p2a: Glimmora|ability: Toxic Debris\n|-sidestart|p1: Miku Nakano ily|move: Toxic Spikes\n|faint|p2a: Glimmora\n|\n|-damage|p1a: Landorus|38\/100 psn|[from] psn\n|upkeep\n|\n|t:|1700300572\n|switch|p2a: Garganacl|Garganacl, M, tera:Ghost|81\/100\n|turn|42\n|\n|t:|1700300574\n|move|p1a: Landorus|Knock Off|p2a: Garganacl\n|-supereffective|p2a: Garganacl\n|-damage|p2a: Garganacl|38\/100\n|-enditem|p2a: Garganacl|Maranga Berry|[from] move: Knock Off|[of] p1a: Landorus\n|move|p2a: Garganacl|Salt Cure|p1a: Landorus\n|-damage|p1a: Landorus|25\/100 psn\n|-start|p1a: Landorus|Salt Cure\n|\n|-damage|p1a: Landorus|13\/100 psn|[from] psn\n|-damage|p1a: Landorus|0 fnt|[from] Salt Cure\n|faint|p1a: Landorus\n|upkeep\n|c| DoctorFiraga|Watch the salty guy solo\n|c|\u2606The power of ROCK|nah its over\n|\n|t:|1700300584\n|switch|p1a: Charizard|Charizard-Mega-Y, F|52\/100\n|-weather|SunnyDay|[from] ability: Drought|[of] p1a: Charizard\n|turn|43\n|c| LucksmanDMormon|It's the final boss\n|-message|The power of ROCK forfeited.\n|\n|win|Miku Nakano ily\n|n|\u2606Miku Nakano ily|mikunakanoily\n|n|\u2606The power of ROCK|thepowerofrock\n|n| LucksmanDMormon|lucksmandmormon\n|n| Loserest Test|loseresttest\n|n| walpurgisnuit|walpurgisnuit\n|n| The Angel Devil|theangeldevil\n|n| DoctorFiraga|doctorfiraga\n","uploadtime":1700300588,"views":7,"p1id":"mikunakanoily","p2id":"thepowerofrock","formatid":"gen9nationaldex","rating":0,"private":0,"password":""}