{"id":"gen9nationaldex-1998600049","p1":"vestkid27","p2":"Leohard","format":"[Gen 9] National Dex","log":"|html|<div class=\"broadcast-blue\"><strong>[Gen 9] National Dex is currently suspecting Sneasler! For information on how to participate check out the <a href=\"https:\/\/www.smogon.com\/forums\/threads\/sv-national-dex-suspect-8-just-dance.3731534\/\">suspect thread<\/a>.<\/strong><\/div>\n|j|\u2606vestkid27\n|j|\u2606Leohard\n|t:|1700961370\n|gametype|singles\n|player|p1|vestkid27|janitor|1558\n|player|p2|Leohard|nate|1450\n|teamsize|p1|6\n|teamsize|p2|6\n|gen|9\n|tier|[Gen 9] National Dex\n|rated|\n|rule|HP Percentage Mod: HP is shown in percentages\n|rule|Endless Battle Clause: Forcing endless battles is banned\n|rule|OHKO Clause: OHKO moves are banned\n|rule|Evasion Clause: Evasion abilities, items, and moves are banned\n|rule|Evasion Abilities Clause: Evasion abilities are banned\n|rule|Evasion Items Clause: Evasion items are banned\n|rule|Evasion Moves Clause: Evasion moves are banned\n|rule|Species Clause: Limit one of each Pok\u00e9mon\n|rule|Sleep Clause Mod: Limit one foe put to sleep\n|clearpoke\n|poke|p1|Steelix, M|\n|poke|p1|Pinsir, M|\n|poke|p1|Victini|\n|poke|p1|Brambleghast, M|\n|poke|p1|Umbreon, M|\n|poke|p1|Araquanid, F|\n|poke|p2|Sneasler, M|\n|poke|p2|Rillaboom, M|\n|poke|p2|Ursaluna, M|\n|poke|p2|Heatran, M|\n|poke|p2|Zapdos|\n|poke|p2|Empoleon, F|\n|teampreview\n|inactive|Battle timer is ON: inactive players will automatically lose when time's up. (requested by Leohard)\n|c|\u2606vestkid27|Glhf\n|j| iamMushroom\n|inactive|Leohard has 120 seconds left.\n|\n|t:|1700961406\n|start\n|switch|p1a: Victini|Victini|100\/100\n|switch|p2a: Empoleon|Empoleon, F|100\/100\n|turn|1\n|c|\u2606Leohard|you 2\n|\n|t:|1700961432\n|move|p1a: Victini|U-turn|p2a: Empoleon\n|-resisted|p2a: Empoleon\n|-damage|p2a: Empoleon|94\/100\n|-damage|p1a: Victini|84\/100|[from] item: Rocky Helmet|[of] p2a: Empoleon\n|\n|t:|1700961436\n|switch|p1a: Araquanid|Araquanid, F|100\/100|[from] U-turn\n|move|p2a: Empoleon|Flip Turn|p1a: Araquanid\n|-resisted|p1a: Araquanid\n|-damage|p1a: Araquanid|94\/100\n|\n|t:|1700961445\n|switch|p2a: Zapdos|Zapdos|100\/100|[from] Flip Turn\n|\n|-heal|p1a: Araquanid|99\/100|[from] item: Leftovers\n|upkeep\n|turn|2\n|c|\u2606vestkid27|:)\n|\n|t:|1700961463\n|switch|p1a: Steelix|Steelix, M|100\/100\n|move|p2a: Zapdos|Toxic|p1a: Steelix\n|-immune|p1a: Steelix\n|\n|upkeep\n|turn|3\n|\n|t:|1700961474\n|switch|p2a: Ursaluna|Ursaluna, M|100\/100\n|switch|p1a: Brambleghast|Brambleghast, M|100\/100\n|\n|-status|p2a: Ursaluna|brn|[from] item: Flame Orb\n|upkeep\n|turn|4\n|inactive|vestkid27 has 120 seconds left.\n|\n|t:|1700961499\n|move|p1a: Brambleghast|Spikes|p2a: Ursaluna\n|-sidestart|p2: Leohard|Spikes\n|move|p2a: Ursaluna|Fire Punch|p1a: Brambleghast\n|-supereffective|p1a: Brambleghast\n|-damage|p1a: Brambleghast|0 fnt\n|faint|p1a: Brambleghast\n|\n|-damage|p2a: Ursaluna|94\/100 brn|[from] brn\n|upkeep\n|\n|t:|1700961524\n|switch|p1a: Victini|Victini|84\/100\n|turn|5\n|\n|t:|1700961527\n|switch|p2a: Heatran|Heatran, M|100\/100\n|-damage|p2a: Heatran|88\/100|[from] Spikes\n|move|p1a: Victini|Blue Flare|p2a: Heatran\n|-start|p2a: Heatran|ability: Flash Fire\n|\n|-heal|p2a: Heatran|94\/100|[from] item: Leftovers\n|upkeep\n|turn|6\n|\n|t:|1700961539\n|switch|p1a: Araquanid|Araquanid, F|99\/100\n|move|p2a: Heatran|Stealth Rock|p1a: Araquanid\n|-sidestart|p1: vestkid27|move: Stealth Rock\n|\n|-heal|p2a: Heatran|100\/100|[from] item: Leftovers\n|-heal|p1a: Araquanid|100\/100|[from] item: Leftovers\n|upkeep\n|turn|7\n|\n|t:|1700961566\n|-end|p2a: Heatran|ability: Flash Fire|[silent]\n|switch|p2a: Rillaboom|Rillaboom, M|100\/100\n|-damage|p2a: Rillaboom|88\/100|[from] Spikes\n|-fieldstart|move: Grassy Terrain|[from] ability: Grassy Surge|[of] p2a: Rillaboom\n|move|p1a: Araquanid|Toxic|p2a: Rillaboom\n|-status|p2a: Rillaboom|tox\n|\n|-heal|p2a: Rillaboom|94\/100 tox|[from] Grassy Terrain\n|-damage|p2a: Rillaboom|88\/100 tox|[from] psn\n|upkeep\n|turn|8\n|inactive|vestkid27 has 90 seconds left.\n|l| iamMushroom\n|\n|t:|1700961590\n|switch|p1a: Victini|Victini|84\/100\n|-damage|p1a: Victini|59\/100|[from] Stealth Rock\n|move|p2a: Rillaboom|Wood Hammer|p1a: Victini\n|-resisted|p1a: Victini\n|-damage|p1a: Victini|5\/100\n|-damage|p2a: Rillaboom|72\/100 tox|[from] Recoil\n|\n|-heal|p1a: Victini|12\/100|[from] Grassy Terrain\n|-heal|p2a: Rillaboom|79\/100 tox|[from] Grassy Terrain\n|-damage|p2a: Rillaboom|66\/100 tox|[from] psn\n|upkeep\n|turn|9\n|inactive|vestkid27 has 90 seconds left.\n|\n|t:|1700961604\n|move|p2a: Rillaboom|Grassy Glide|p1a: Victini\n|-resisted|p1a: Victini\n|-damage|p1a: Victini|0 fnt\n|faint|p1a: Victini\n|\n|-heal|p2a: Rillaboom|72\/100 tox|[from] Grassy Terrain\n|-damage|p2a: Rillaboom|54\/100 tox|[from] psn\n|upkeep\n|\n|t:|1700961630\n|switch|p1a: Steelix|Steelix, M|100\/100\n|-damage|p1a: Steelix|98\/100|[from] Stealth Rock\n|turn|10\n|\n|t:|1700961635\n|move|p2a: Rillaboom|U-turn|p1a: Steelix\n|-resisted|p1a: Steelix\n|-damage|p1a: Steelix|90\/100\n|\n|t:|1700961639\n|switch|p2a: Empoleon|Empoleon, F|94\/100|[from] U-turn\n|-damage|p2a: Empoleon|81\/100|[from] Spikes\n|move|p1a: Steelix|Iron Head|p2a: Empoleon\n|-resisted|p2a: Empoleon\n|-damage|p2a: Empoleon|72\/100\n|-damage|p1a: Steelix|73\/100|[from] item: Rocky Helmet|[of] p2a: Empoleon\n|\n|-heal|p2a: Empoleon|78\/100|[from] Grassy Terrain\n|-heal|p1a: Steelix|80\/100|[from] Grassy Terrain\n|upkeep\n|turn|11\n|\n|t:|1700961656\n|move|p2a: Empoleon|Scald|p1a: Steelix\n|-supereffective|p1a: Steelix\n|-damage|p1a: Steelix|16\/100\n|-status|p1a: Steelix|brn\n|move|p1a: Steelix|Earthquake|p2a: Empoleon\n|-supereffective|p2a: Empoleon\n|-damage|p2a: Empoleon|59\/100\n|\n|-heal|p2a: Empoleon|66\/100|[from] Grassy Terrain\n|-heal|p1a: Steelix|22\/100 brn|[from] Grassy Terrain\n|-damage|p1a: Steelix|16\/100 brn|[from] brn\n|-fieldend|move: Grassy Terrain\n|upkeep\n|turn|12\n|c|\u2606vestkid27|Yikes. This is not a good turn out lol\n|\n|t:|1700961674\n|move|p2a: Empoleon|Scald|p1a: Steelix\n|-supereffective|p1a: Steelix\n|-damage|p1a: Steelix|0 fnt\n|faint|p1a: Steelix\n|\n|upkeep\n|\n|t:|1700961681\n|switch|p1a: Araquanid|Araquanid, F|100\/100\n|-damage|p1a: Araquanid|75\/100|[from] Stealth Rock\n|turn|13\n|inactive|Leohard has 120 seconds left.\n|\n|t:|1700961711\n|move|p2a: Empoleon|Flip Turn|p1a: Araquanid\n|-resisted|p1a: Araquanid\n|-damage|p1a: Araquanid|69\/100\n|inactive|Leohard has 120 seconds left.\n|\n|t:|1700961717\n|switch|p2a: Ursaluna|Ursaluna, M|94\/100 brn|[from] Flip Turn\n|-damage|p2a: Ursaluna|82\/100 brn|[from] Spikes\n|move|p1a: Araquanid|Soak|p2a: Ursaluna\n|-start|p2a: Ursaluna|typechange|Water\n|\n|-heal|p1a: Araquanid|75\/100|[from] item: Leftovers\n|-damage|p2a: Ursaluna|76\/100 brn|[from] brn\n|upkeep\n|turn|14\n|inactive|vestkid27 has 90 seconds left.\n|inactive|Leohard has 120 seconds left.\n|\n|t:|1700961731\n|switch|p1a: Umbreon|Umbreon, M|100\/100\n|-damage|p1a: Umbreon|88\/100|[from] Stealth Rock\n|move|p2a: Ursaluna|Facade|p1a: Umbreon\n|-damage|p1a: Umbreon|42\/100\n|\n|-heal|p1a: Umbreon|48\/100|[from] item: Leftovers\n|-damage|p2a: Ursaluna|69\/100 brn|[from] brn\n|upkeep\n|turn|15\n|inactive|vestkid27 has 90 seconds left.\n|inactive|Leohard has 120 seconds left.\n|\n|t:|1700961749\n|move|p2a: Ursaluna|Facade|p1a: Umbreon\n|-damage|p1a: Umbreon|5\/100\n|move|p1a: Umbreon|Wish|p1a: Umbreon\n|\n|-heal|p1a: Umbreon|11\/100|[from] item: Leftovers\n|-damage|p2a: Ursaluna|63\/100 brn|[from] brn\n|upkeep\n|turn|16\n|inactive|Leohard has 120 seconds left.\n|\n|t:|1700961771\n|switch|p2a: Zapdos|Zapdos|100\/100\n|move|p1a: Umbreon|Protect||[still]\n|-fail|p1a: Umbreon\n|\n|-heal|p1a: Umbreon|61\/100|[from] move: Wish|[wisher] Umbreon\n|-heal|p1a: Umbreon|68\/100|[from] item: Leftovers\n|upkeep\n|turn|17\n|inactive|vestkid27 has 90 seconds left.\n|\n|t:|1700961782\n|move|p2a: Zapdos|Toxic|p1a: Umbreon|[miss]\n|-miss|p2a: Zapdos|p1a: Umbreon\n|move|p1a: Umbreon|Wish|p1a: Umbreon\n|\n|-heal|p1a: Umbreon|74\/100|[from] item: Leftovers\n|upkeep\n|turn|18\n|inactive|vestkid27 has 90 seconds left.\n|inactive|Leohard has 120 seconds left.\n|\n|t:|1700961807\n|switch|p1a: Araquanid|Araquanid, F|75\/100\n|-damage|p1a: Araquanid|50\/100|[from] Stealth Rock\n|move|p2a: Zapdos|Toxic|p1a: Araquanid\n|-status|p1a: Araquanid|tox\n|\n|-heal|p1a: Araquanid|100\/100 tox|[from] move: Wish|[wisher] Umbreon\n|-damage|p1a: Araquanid|94\/100 tox|[from] psn\n|upkeep\n|turn|19\n|\n|t:|1700961821\n|-terastallize|p1a: Araquanid|Ground\n|move|p2a: Zapdos|Volt Switch|p1a: Araquanid\n|-immune|p1a: Araquanid\n|move|p1a: Araquanid|Toxic|p2a: Zapdos\n|-status|p2a: Zapdos|tox\n|\n|-heal|p1a: Araquanid|100\/100 tox|[from] item: Leftovers\n|-damage|p2a: Zapdos|94\/100 tox|[from] psn\n|-damage|p1a: Araquanid|88\/100 tox|[from] psn\n|upkeep\n|turn|20\n|\n|t:|1700961833\n|switch|p2a: Ursaluna|Ursaluna, M|63\/100 brn\n|-damage|p2a: Ursaluna|51\/100 brn|[from] Spikes\n|move|p1a: Araquanid|Sticky Web|p2a: Ursaluna\n|-sidestart|p2: Leohard|move: Sticky Web\n|\n|-heal|p1a: Araquanid|94\/100 tox|[from] item: Leftovers\n|-damage|p1a: Araquanid|76\/100 tox|[from] psn\n|-damage|p2a: Ursaluna|44\/100 brn|[from] brn\n|upkeep\n|turn|21\n|\n|t:|1700961848\n|move|p2a: Ursaluna|Trailblaze|p1a: Araquanid\n|-supereffective|p1a: Araquanid\n|-damage|p1a: Araquanid|33\/100 tox\n|-boost|p2a: Ursaluna|spe|1\n|move|p1a: Araquanid|Liquidation|p2a: Ursaluna\n|-supereffective|p2a: Ursaluna\n|-damage|p2a: Ursaluna|0 fnt\n|faint|p2a: Ursaluna\n|\n|-heal|p1a: Araquanid|40\/100 tox|[from] item: Leftovers\n|-damage|p1a: Araquanid|15\/100 tox|[from] psn\n|upkeep\n|\n|t:|1700961859\n|switch|p2a: Rillaboom|Rillaboom, M|54\/100 tox\n|-damage|p2a: Rillaboom|41\/100 tox|[from] Spikes\n|-activate|p2a: Rillaboom|move: Sticky Web\n|-unboost|p2a: Rillaboom|spe|1\n|-fieldstart|move: Grassy Terrain|[from] ability: Grassy Surge|[of] p2a: Rillaboom\n|turn|22\n|\n|t:|1700961870\n|move|p2a: Rillaboom|Grassy Glide|p1a: Araquanid\n|-supereffective|p1a: Araquanid\n|-damage|p1a: Araquanid|0 fnt\n|faint|p1a: Araquanid\n|\n|-heal|p2a: Rillaboom|47\/100 tox|[from] Grassy Terrain\n|-damage|p2a: Rillaboom|41\/100 tox|[from] psn\n|upkeep\n|\n|t:|1700961880\n|switch|p1a: Umbreon|Umbreon, M|74\/100\n|-damage|p1a: Umbreon|61\/100|[from] Stealth Rock\n|turn|23\n|\n|t:|1700961886\n|switch|p2a: Heatran|Heatran, M|100\/100\n|-damage|p2a: Heatran|88\/100|[from] Spikes\n|-activate|p2a: Heatran|move: Sticky Web\n|-unboost|p2a: Heatran|spe|1\n|move|p1a: Umbreon|Wish|p1a: Umbreon\n|\n|-heal|p1a: Umbreon|67\/100|[from] Grassy Terrain\n|-heal|p1a: Umbreon|73\/100|[from] item: Leftovers\n|-heal|p2a: Heatran|94\/100|[from] Grassy Terrain\n|-heal|p2a: Heatran|100\/100|[from] item: Leftovers\n|upkeep\n|turn|24\n|\n|t:|1700961900\n|move|p1a: Umbreon|Foul Play|p2a: Heatran\n|-damage|p2a: Heatran|83\/100\n|move|p2a: Heatran|Magma Storm|p1a: Umbreon\n|-damage|p1a: Umbreon|41\/100\n|-activate|p1a: Umbreon|move: Magma Storm|[of] p2a: Heatran\n|\n|-heal|p1a: Umbreon|91\/100|[from] move: Wish|[wisher] Umbreon\n|-heal|p1a: Umbreon|97\/100|[from] Grassy Terrain\n|-heal|p1a: Umbreon|100\/100|[from] item: Leftovers\n|-heal|p2a: Heatran|90\/100|[from] Grassy Terrain\n|-heal|p2a: Heatran|96\/100|[from] item: Leftovers\n|-damage|p1a: Umbreon|88\/100|[from] move: Magma Storm|[partiallytrapped]\n|upkeep\n|turn|25\n|\n|t:|1700961915\n|move|p1a: Umbreon|Taunt|p2a: Heatran\n|-start|p2a: Heatran|move: Taunt\n|move|p2a: Heatran|Earth Power|p1a: Umbreon\n|-damage|p1a: Umbreon|68\/100\n|-unboost|p1a: Umbreon|spd|1\n|\n|-heal|p1a: Umbreon|74\/100|[from] Grassy Terrain\n|-heal|p1a: Umbreon|80\/100|[from] item: Leftovers\n|-heal|p2a: Heatran|100\/100|[from] Grassy Terrain\n|-damage|p1a: Umbreon|68\/100|[from] move: Magma Storm|[partiallytrapped]\n|upkeep\n|turn|26\n|\n|t:|1700961928\n|switch|p2a: Zapdos|Zapdos|94\/100 tox\n|move|p1a: Umbreon|Wish|p1a: Umbreon\n|\n|-heal|p1a: Umbreon|74\/100|[from] Grassy Terrain\n|-heal|p1a: Umbreon|80\/100|[from] item: Leftovers\n|-damage|p2a: Zapdos|88\/100 tox|[from] psn\n|-end|p1a: Umbreon|Magma Storm|[partiallytrapped]|[silent]\n|-fieldend|move: Grassy Terrain\n|upkeep\n|turn|27\n|\n|t:|1700961939\n|move|p1a: Umbreon|Protect|p1a: Umbreon\n|-singleturn|p1a: Umbreon|Protect\n|move|p2a: Zapdos|Toxic|p1a: Umbreon\n|-activate|p1a: Umbreon|move: Protect\n|\n|-heal|p1a: Umbreon|100\/100|[from] move: Wish|[wisher] Umbreon\n|-damage|p2a: Zapdos|76\/100 tox|[from] psn\n|upkeep\n|turn|28\n|\n|t:|1700961963\n|move|p2a: Zapdos|Toxic|p1a: Umbreon\n|-status|p1a: Umbreon|tox\n|-activate|p1a: Umbreon|ability: Synchronize\n|-fail|p2a: Zapdos|tox\n|move|p1a: Umbreon|Taunt|p2a: Zapdos\n|-start|p2a: Zapdos|move: Taunt\n|\n|-damage|p2a: Zapdos|58\/100 tox|[from] psn\n|-damage|p1a: Umbreon|94\/100 tox|[from] psn\n|upkeep\n|turn|29\n|\n|t:|1700961979\n|switch|p2a: Heatran|Heatran, M|100\/100\n|-damage|p2a: Heatran|88\/100|[from] Spikes\n|-activate|p2a: Heatran|move: Sticky Web\n|-unboost|p2a: Heatran|spe|1\n|move|p1a: Umbreon|Wish|p1a: Umbreon\n|\n|-heal|p1a: Umbreon|100\/100 tox|[from] item: Leftovers\n|-heal|p2a: Heatran|94\/100|[from] item: Leftovers\n|-damage|p1a: Umbreon|88\/100 tox|[from] psn\n|upkeep\n|turn|30\n|\n|t:|1700961990\n|move|p1a: Umbreon|Foul Play|p2a: Heatran\n|-damage|p2a: Heatran|76\/100\n|move|p2a: Heatran|Magma Storm|p1a: Umbreon\n|-damage|p1a: Umbreon|38\/100 tox\n|-activate|p1a: Umbreon|move: Magma Storm|[of] p2a: Heatran\n|\n|-heal|p1a: Umbreon|88\/100 tox|[from] move: Wish|[wisher] Umbreon\n|-heal|p1a: Umbreon|94\/100 tox|[from] item: Leftovers\n|-heal|p2a: Heatran|83\/100|[from] item: Leftovers\n|-damage|p1a: Umbreon|76\/100 tox|[from] psn\n|-damage|p1a: Umbreon|63\/100 tox|[from] move: Magma Storm|[partiallytrapped]\n|upkeep\n|turn|31\n|\n|t:|1700962003\n|move|p1a: Umbreon|Foul Play|p2a: Heatran\n|-damage|p2a: Heatran|65\/100\n|move|p2a: Heatran|Earth Power|p1a: Umbreon\n|-damage|p1a: Umbreon|31\/100 tox\n|\n|-heal|p1a: Umbreon|37\/100 tox|[from] item: Leftovers\n|-heal|p2a: Heatran|71\/100|[from] item: Leftovers\n|-damage|p1a: Umbreon|13\/100 tox|[from] psn\n|-damage|p1a: Umbreon|0 fnt|[from] move: Magma Storm|[partiallytrapped]\n|faint|p1a: Umbreon\n|upkeep\n|\n|t:|1700962018\n|switch|p1a: Pinsir|Pinsir, M|100\/100\n|-damage|p1a: Pinsir|75\/100|[from] Stealth Rock\n|turn|32\n|\n|t:|1700962024\n|move|p1a: Pinsir|Earthquake|p2a: Heatran\n|-supereffective|p2a: Heatran\n|-damage|p2a: Heatran|0 fnt\n|faint|p2a: Heatran\n|-ability|p1a: Pinsir|Moxie|boost\n|-boost|p1a: Pinsir|atk|1\n|\n|upkeep\n|\n|t:|1700962030\n|switch|p2a: Rillaboom|Rillaboom, M|41\/100 tox\n|-damage|p2a: Rillaboom|29\/100 tox|[from] Spikes\n|-activate|p2a: Rillaboom|move: Sticky Web\n|-unboost|p2a: Rillaboom|spe|1\n|-fieldstart|move: Grassy Terrain|[from] ability: Grassy Surge|[of] p2a: Rillaboom\n|turn|33\n|\n|t:|1700962038\n|detailschange|p1a: Pinsir|Pinsir-Mega, M\n|-mega|p1a: Pinsir|Pinsir|Pinsirite\n|move|p1a: Pinsir|Quick Attack|p2a: Rillaboom\n|-supereffective|p2a: Rillaboom\n|-damage|p2a: Rillaboom|0 fnt\n|faint|p2a: Rillaboom\n|\n|upkeep\n|\n|t:|1700962044\n|switch|p2a: Sneasler|Sneasler, M|100\/100\n|-damage|p2a: Sneasler|88\/100|[from] Spikes\n|-activate|p2a: Sneasler|move: Sticky Web\n|-unboost|p2a: Sneasler|spe|1\n|-enditem|p2a: Sneasler|Grassy Seed\n|-boost|p2a: Sneasler|def|1|[from] item: Grassy Seed\n|turn|34\n|inactive|vestkid27 has 90 seconds left.\n|\n|t:|1700962071\n|-terastallize|p2a: Sneasler|Flying\n|move|p1a: Pinsir|Quick Attack|p2a: Sneasler\n|-damage|p2a: Sneasler|36\/100\n|move|p2a: Sneasler|Acrobatics|p1a: Pinsir\n|-supereffective|p1a: Pinsir\n|-damage|p1a: Pinsir|0 fnt\n|faint|p1a: Pinsir\n|\n|win|Leohard\n|raw|vestkid27's rating: 1558 &rarr; <strong>1532<\/strong><br \/>(-26 for losing)\n|raw|Leohard's rating: 1450 &rarr; <strong>1476<\/strong><br \/>(+26 for winning)\n|c|\u2606vestkid27|So close lol\n|c|\u2606vestkid27|GG\n|c|\u2606Leohard|gg\n|l|\u2606Leohard\n","uploadtime":1700962097,"views":1,"p1id":"vestkid27","p2id":"leohard","formatid":"gen9nationaldex","rating":1476,"private":0,"password":""}