{"id":"gen9nationaldex-2000616535","p1":"Ludicolion","p2":"PLAYB0I R0BBIE B","format":"[Gen 9] National Dex","log":"|html|<div class=\"broadcast-blue\"><strong>[Gen 9] National Dex is currently suspecting Sneasler! For information on how to participate check out the <a href=\"https:\/\/www.smogon.com\/forums\/threads\/sv-national-dex-suspect-8-just-dance.3731534\/\">suspect thread<\/a>.<\/strong><\/div>\n|j|\u2606Ludicolion\n|j|\u2606PLAYB0I R0BBIE B\n|t:|1701210897\n|gametype|singles\n|player|p1|Ludicolion|alder|1258\n|player|p2|PLAYB0I R0BBIE B|eusine|1256\n|teamsize|p1|6\n|teamsize|p2|6\n|gen|9\n|tier|[Gen 9] National Dex\n|rated|\n|rule|HP Percentage Mod: HP is shown in percentages\n|rule|Endless Battle Clause: Forcing endless battles is banned\n|rule|OHKO Clause: OHKO moves are banned\n|rule|Evasion Clause: Evasion abilities, items, and moves are banned\n|rule|Evasion Abilities Clause: Evasion abilities are banned\n|rule|Evasion Items Clause: Evasion items are banned\n|rule|Evasion Moves Clause: Evasion moves are banned\n|rule|Species Clause: Limit one of each Pok\u00e9mon\n|rule|Sleep Clause Mod: Limit one foe put to sleep\n|clearpoke\n|poke|p1|Decidueye, F|\n|poke|p1|Xurkitree|\n|poke|p1|Meloetta|\n|poke|p1|Krookodile, M|\n|poke|p1|Skarmory, M|\n|poke|p1|Blastoise, F|\n|poke|p2|Tapu Koko|\n|poke|p2|Tyranitar, M|\n|poke|p2|Iron Valiant|\n|poke|p2|Gliscor, M|\n|poke|p2|Toxapex, M|\n|poke|p2|Heatran, F|\n|teampreview\n|inactive|Battle timer is ON: inactive players will automatically lose when time's up. (requested by PLAYB0I R0BBIE B)\n|\n|t:|1701210909\n|start\n|switch|p1a: Skarmory|Skarmory, M|100\/100\n|switch|p2a: Tapu Koko|Tapu Koko|100\/100\n|-fieldstart|move: Electric Terrain|[from] ability: Electric Surge|[of] p2a: Tapu Koko\n|turn|1\n|c|\u2606Ludicolion|Glhf\n|\n|t:|1701210926\n|move|p2a: Tapu Koko|Thunderbolt|p1a: Skarmory\n|-supereffective|p1a: Skarmory\n|-ability|p1a: Skarmory|Sturdy\n|-damage|p1a: Skarmory|1\/100\n|move|p1a: Skarmory|Stealth Rock|p2a: Tapu Koko\n|-sidestart|p2: PLAYB0I R0BBIE B|move: Stealth Rock\n|\n|upkeep\n|turn|2\n|c|\u2606PLAYB0I R0BBIE B|u2\n|\n|t:|1701210935\n|switch|p1a: Krookodile|Krookodile, M|100\/100\n|-ability|p1a: Krookodile|Intimidate|boost\n|-unboost|p2a: Tapu Koko|atk|1\n|move|p2a: Tapu Koko|U-turn|p1a: Krookodile\n|-supereffective|p1a: Krookodile\n|-damage|p1a: Krookodile|73\/100\n|\n|t:|1701210945\n|switch|p2a: Iron Valiant|Iron Valiant|100\/100|[from] U-turn\n|-damage|p2a: Iron Valiant|94\/100|[from] Stealth Rock\n|-activate|p2a: Iron Valiant|ability: Quark Drive\n|-start|p2a: Iron Valiant|quarkdrivespe\n|\n|upkeep\n|turn|3\n|\n|t:|1701210960\n|move|p2a: Iron Valiant|Moonblast|p1a: Krookodile\n|-supereffective|p1a: Krookodile\n|-damage|p1a: Krookodile|0 fnt\n|faint|p1a: Krookodile\n|\n|upkeep\n|\n|t:|1701210972\n|switch|p1a: Decidueye|Decidueye, F, shiny|100\/100\n|turn|4\n|\n|t:|1701210986\n|-end|p2a: Iron Valiant|Quark Drive|[silent]\n|switch|p2a: Gliscor|Gliscor, M|100\/100\n|-damage|p2a: Gliscor|88\/100|[from] Stealth Rock\n|move|p1a: Decidueye|Spirit Shackle|p2a: Gliscor\n|-damage|p2a: Gliscor|52\/100\n|-activate|p2a: Gliscor|trapped\n|\n|-status|p2a: Gliscor|tox|[from] item: Toxic Orb\n|upkeep\n|turn|5\n|\n|t:|1701210996\n|switch|p1a: Skarmory|Skarmory, M|1\/100\n|move|p2a: Gliscor|Swords Dance|p2a: Gliscor\n|-boost|p2a: Gliscor|atk|2\n|\n|-heal|p2a: Gliscor|65\/100 tox|[from] ability: Poison Heal\n|upkeep\n|turn|6\n|\n|t:|1701211001\n|move|p2a: Gliscor|Facade|p1a: Skarmory\n|-resisted|p1a: Skarmory\n|-damage|p1a: Skarmory|0 fnt\n|-damage|p2a: Gliscor|48\/100 tox|[from] item: Rocky Helmet|[of] p1a: Skarmory\n|faint|p1a: Skarmory\n|\n|-heal|p2a: Gliscor|61\/100 tox|[from] ability: Poison Heal\n|upkeep\n|\n|t:|1701211006\n|switch|p1a: Blastoise|Blastoise, F|100\/100\n|turn|7\n|\n|t:|1701211011\n|-terastallize|p2a: Gliscor|Water\n|move|p2a: Gliscor|Roost|p2a: Gliscor\n|-heal|p2a: Gliscor|100\/100 tox\n|move|p1a: Blastoise|Ice Punch|p2a: Gliscor\n|-resisted|p2a: Gliscor\n|-damage|p2a: Gliscor|93\/100 tox\n|\n|-heal|p2a: Gliscor|100\/100 tox|[from] ability: Poison Heal\n|upkeep\n|turn|8\n|\n|t:|1701211019\n|move|p2a: Gliscor|Earthquake|p1a: Blastoise\n|-damage|p1a: Blastoise|40\/100\n|move|p1a: Blastoise|Flip Turn|p2a: Gliscor\n|-resisted|p2a: Gliscor\n|-damage|p2a: Gliscor|91\/100 tox\n|\n|t:|1701211027\n|switch|p1a: Xurkitree|Xurkitree|100\/100|[from] Flip Turn\n|\n|-heal|p2a: Gliscor|100\/100 tox|[from] ability: Poison Heal\n|-fieldend|move: Electric Terrain\n|upkeep\n|turn|9\n|\n|t:|1701211034\n|switch|p2a: Tyranitar|Tyranitar, M|100\/100\n|-damage|p2a: Tyranitar|88\/100|[from] Stealth Rock\n|-weather|Sandstorm|[from] ability: Sand Stream|[of] p2a: Tyranitar\n|-terastallize|p1a: Xurkitree|Flying\n|move|p1a: Xurkitree|Tail Glow|p1a: Xurkitree\n|-boost|p1a: Xurkitree|spa|3\n|\n|-weather|Sandstorm|[upkeep]\n|-damage|p1a: Xurkitree|94\/100|[from] Sandstorm\n|upkeep\n|turn|10\n|\n|t:|1701211040\n|detailschange|p2a: Tyranitar|Tyranitar-Mega, M\n|-mega|p2a: Tyranitar|Tyranitar|Tyranitarite\n|move|p1a: Xurkitree|Energy Ball|p2a: Tyranitar\n|-supereffective|p2a: Tyranitar\n|-damage|p2a: Tyranitar|0 fnt\n|faint|p2a: Tyranitar\n|-ability|p1a: Xurkitree|Beast Boost|boost\n|-boost|p1a: Xurkitree|spa|1\n|\n|-weather|Sandstorm|[upkeep]\n|-damage|p1a: Xurkitree|88\/100|[from] Sandstorm\n|upkeep\n|\n|t:|1701211048\n|switch|p2a: Tapu Koko|Tapu Koko|100\/100\n|-damage|p2a: Tapu Koko|88\/100|[from] Stealth Rock\n|-fieldstart|move: Electric Terrain|[from] ability: Electric Surge|[of] p2a: Tapu Koko\n|turn|11\n|\n|t:|1701211053\n|move|p2a: Tapu Koko|Thunderbolt|p1a: Xurkitree\n|-supereffective|p1a: Xurkitree\n|-damage|p1a: Xurkitree|0 fnt\n|faint|p1a: Xurkitree\n|\n|-weather|Sandstorm|[upkeep]\n|-damage|p2a: Tapu Koko|82\/100|[from] Sandstorm\n|upkeep\n|\n|t:|1701211059\n|switch|p1a: Meloetta|Meloetta|100\/100\n|turn|12\n|\n|t:|1701211062\n|move|p2a: Tapu Koko|U-turn|p1a: Meloetta\n|-supereffective|p1a: Meloetta\n|-damage|p1a: Meloetta|58\/100\n|\n|t:|1701211065\n|switch|p2a: Gliscor|Gliscor, M, tera:Water|100\/100 tox|[from] U-turn\n|-damage|p2a: Gliscor|88\/100 tox|[from] Stealth Rock\n|move|p1a: Meloetta|Relic Song|p2a: Gliscor\n|-damage|p2a: Gliscor|63\/100 tox\n|-formechange|p1a: Meloetta|Meloetta-Pirouette|[msg]\n|\n|-weather|Sandstorm|[upkeep]\n|-damage|p1a: Meloetta|52\/100|[from] Sandstorm\n|-damage|p2a: Gliscor|57\/100 tox|[from] Sandstorm\n|-heal|p2a: Gliscor|70\/100 tox|[from] ability: Poison Heal\n|upkeep\n|turn|13\n|\n|t:|1701211070\n|move|p1a: Meloetta|Drain Punch|p2a: Gliscor\n|-damage|p2a: Gliscor|37\/100 tox\n|-heal|p1a: Meloetta|69\/100|[from] drain|[of] p2a: Gliscor\n|move|p2a: Gliscor|Swords Dance|p2a: Gliscor\n|-boost|p2a: Gliscor|atk|2\n|\n|-weather|none\n|-heal|p2a: Gliscor|49\/100 tox|[from] ability: Poison Heal\n|upkeep\n|turn|14\n|\n|t:|1701211076\n|move|p1a: Meloetta|Drain Punch|p2a: Gliscor\n|-crit|p2a: Gliscor\n|-damage|p2a: Gliscor|5\/100 tox\n|-heal|p1a: Meloetta|93\/100|[from] drain|[of] p2a: Gliscor\n|move|p2a: Gliscor|Earthquake|p1a: Meloetta\n|-damage|p1a: Meloetta|16\/100\n|\n|-heal|p2a: Gliscor|17\/100 tox|[from] ability: Poison Heal\n|upkeep\n|turn|15\n|\n|t:|1701211085\n|switch|p2a: Tapu Koko|Tapu Koko|82\/100\n|-damage|p2a: Tapu Koko|70\/100|[from] Stealth Rock\n|move|p1a: Meloetta|Drain Punch|p2a: Tapu Koko\n|-resisted|p2a: Tapu Koko\n|-damage|p2a: Tapu Koko|43\/100\n|-heal|p1a: Meloetta|27\/100|[from] drain|[of] p2a: Tapu Koko\n|\n|upkeep\n|turn|16\n|\n|t:|1701211088\n|move|p2a: Tapu Koko|Thunderbolt|p1a: Meloetta\n|-damage|p1a: Meloetta|0 fnt\n|faint|p1a: Meloetta\n|\n|upkeep\n|\n|t:|1701211090\n|switch|p1a: Decidueye|Decidueye, F, shiny|100\/100\n|turn|17\n|\n|t:|1701211092\n|move|p2a: Tapu Koko|Hidden Power|p1a: Decidueye\n|-supereffective|p1a: Decidueye\n|-damage|p1a: Decidueye|59\/100\n|move|p1a: Decidueye|Swords Dance|p1a: Decidueye\n|-boost|p1a: Decidueye|atk|2\n|\n|upkeep\n|turn|18\n|\n|t:|1701211098\n|switch|p2a: Gliscor|Gliscor, M, tera:Water|17\/100 tox\n|-damage|p2a: Gliscor|5\/100 tox|[from] Stealth Rock\n|move|p1a: Decidueye|Shadow Sneak|p2a: Gliscor\n|-damage|p2a: Gliscor|0 fnt\n|faint|p2a: Gliscor\n|\n|-fieldend|move: Electric Terrain\n|upkeep\n|\n|t:|1701211100\n|switch|p2a: Tapu Koko|Tapu Koko|43\/100\n|-damage|p2a: Tapu Koko|30\/100|[from] Stealth Rock\n|-fieldstart|move: Electric Terrain|[from] ability: Electric Surge|[of] p2a: Tapu Koko\n|turn|19\n|\n|t:|1701211105\n|move|p1a: Decidueye|Shadow Sneak|p2a: Tapu Koko\n|-damage|p2a: Tapu Koko|0 fnt\n|faint|p2a: Tapu Koko\n|\n|upkeep\n|\n|t:|1701211108\n|switch|p2a: Toxapex|Toxapex, M|100\/100\n|-damage|p2a: Toxapex|88\/100|[from] Stealth Rock\n|turn|20\n|\n|t:|1701211114\n|move|p1a: Decidueye|Spirit Shackle|p2a: Toxapex\n|-damage|p2a: Toxapex|37\/100\n|-activate|p2a: Toxapex|trapped\n|move|p2a: Toxapex|Haze|p2a: Toxapex\n|-clearallboost\n|\n|-heal|p2a: Toxapex|44\/100|[from] item: Leftovers\n|upkeep\n|turn|21\n|\n|t:|1701211119\n|switch|p1a: Blastoise|Blastoise, F|40\/100\n|move|p2a: Toxapex|Scald|p1a: Blastoise\n|-resisted|p1a: Blastoise\n|-damage|p1a: Blastoise|31\/100\n|\n|-heal|p1a: Blastoise|37\/100|[from] item: Leftovers\n|-heal|p2a: Toxapex|50\/100|[from] item: Leftovers\n|upkeep\n|turn|22\n|\n|t:|1701211139\n|switch|p2a: Iron Valiant|Iron Valiant|94\/100\n|-damage|p2a: Iron Valiant|88\/100|[from] Stealth Rock\n|-activate|p2a: Iron Valiant|ability: Quark Drive\n|-start|p2a: Iron Valiant|quarkdrivespe\n|move|p1a: Blastoise|Earthquake|p2a: Iron Valiant\n|-damage|p2a: Iron Valiant|51\/100\n|\n|-heal|p1a: Blastoise|43\/100|[from] item: Leftovers\n|upkeep\n|turn|23\n|\n|t:|1701211148\n|move|p2a: Iron Valiant|Thunderbolt|p1a: Blastoise\n|-supereffective|p1a: Blastoise\n|-damage|p1a: Blastoise|0 fnt\n|faint|p1a: Blastoise\n|\n|upkeep\n|\n|t:|1701211150\n|switch|p1a: Decidueye|Decidueye, F, shiny|59\/100\n|turn|24\n|\n|t:|1701211153\n|move|p2a: Iron Valiant|Moonblast|p1a: Decidueye\n|-damage|p1a: Decidueye|1\/100\n|move|p1a: Decidueye|Swords Dance|p1a: Decidueye\n|-boost|p1a: Decidueye|atk|2\n|\n|upkeep\n|turn|25\n|\n|t:|1701211157\n|move|p1a: Decidueye|Shadow Sneak|p2a: Iron Valiant\n|-damage|p2a: Iron Valiant|0 fnt\n|faint|p2a: Iron Valiant\n|-end|p2a: Iron Valiant|Quark Drive|[silent]\n|\n|upkeep\n|\n|t:|1701211160\n|switch|p2a: Heatran|Heatran, F|100\/100\n|-damage|p2a: Heatran|88\/100|[from] Stealth Rock\n|turn|26\n|\n|t:|1701211162\n|move|p2a: Heatran|Earth Power|p1a: Decidueye\n|-resisted|p1a: Decidueye\n|-damage|p1a: Decidueye|0 fnt\n|faint|p1a: Decidueye\n|\n|win|PLAYB0I R0BBIE B\n|raw|Ludicolion's rating: 1258 &rarr; <strong>1233<\/strong><br \/>(-25 for losing)\n|raw|PLAYB0I R0BBIE B's rating: 1256 &rarr; <strong>1281<\/strong><br \/>(+25 for winning)\n|l|\u2606Ludicolion\n","uploadtime":1701211168,"views":0,"p1id":"ludicolion","p2id":"playb0ir0bbieb","formatid":"gen9nationaldex","rating":1233,"private":0,"password":""}