{"id":"gen9nationaldex-1993375505","p1":"Freedom Demon","p2":"daybreak wave","format":"[Gen 9] National Dex","log":"|j|\u2606Freedom Demon\n|j|\u2606daybreak wave\n|t:|1700308491\n|gametype|singles\n|player|p1|Freedom Demon|winona|1511\n|player|p2|daybreak wave|lillie-masters2|1466\n|teamsize|p1|6\n|teamsize|p2|6\n|gen|9\n|tier|[Gen 9] National Dex\n|rated|\n|rule|HP Percentage Mod: HP is shown in percentages\n|rule|Endless Battle Clause: Forcing endless battles is banned\n|rule|OHKO Clause: OHKO moves are banned\n|rule|Evasion Clause: Evasion abilities, items, and moves are banned\n|rule|Evasion Abilities Clause: Evasion abilities are banned\n|rule|Evasion Items Clause: Evasion items are banned\n|rule|Evasion Moves Clause: Evasion moves are banned\n|rule|Species Clause: Limit one of each Pok\u00e9mon\n|rule|Sleep Clause Mod: Limit one foe put to sleep\n|clearpoke\n|poke|p1|Sneasler, M|\n|poke|p1|Corviknight, M|\n|poke|p1|Rillaboom, M|\n|poke|p1|Banette, M|\n|poke|p1|Hoopa-Unbound|\n|poke|p1|Alomomola, F|\n|poke|p2|Nihilego|\n|poke|p2|Moltres|\n|poke|p2|Aegislash, F|\n|poke|p2|Ogerpon-Wellspring, F|\n|poke|p2|Clodsire, M|\n|poke|p2|Lopunny, M|\n|teampreview\n|\n|t:|1700308515\n|start\n|switch|p1a: \u76d7\u5929\u9b54\u5c0a|Corviknight, M|100\/100\n|switch|p2a: Lopunny|Lopunny, M|100\/100\n|-ability|p1a: \u76d7\u5929\u9b54\u5c0a|Pressure\n|turn|1\n|\n|t:|1700308519\n|detailschange|p2a: Lopunny|Lopunny-Mega, M\n|-mega|p2a: Lopunny|Lopunny|Lopunnite\n|move|p2a: Lopunny|Fake Out|p1a: \u76d7\u5929\u9b54\u5c0a\n|-resisted|p1a: \u76d7\u5929\u9b54\u5c0a\n|-damage|p1a: \u76d7\u5929\u9b54\u5c0a|94\/100\n|-damage|p2a: Lopunny|84\/100|[from] item: Rocky Helmet|[of] p1a: \u76d7\u5929\u9b54\u5c0a\n|cant|p1a: \u76d7\u5929\u9b54\u5c0a|flinch\n|\n|upkeep\n|turn|2\n|\n|t:|1700308529\n|switch|p2a: Moltres|Moltres|100\/100\n|move|p1a: \u76d7\u5929\u9b54\u5c0a|U-turn|p2a: Moltres\n|-resisted|p2a: Moltres\n|-damage|p2a: Moltres|98\/100\n|-status|p1a: \u76d7\u5929\u9b54\u5c0a|brn|[from] ability: Flame Body|[of] p2a: Moltres\n|\n|t:|1700308534\n|switch|p1a: \u72c2\u86ee\u9b54\u5c0a|Hoopa-Unbound|100\/100|[from] U-turn\n|\n|upkeep\n|turn|3\n|\n|t:|1700308543\n|move|p2a: Moltres|U-turn|p1a: \u72c2\u86ee\u9b54\u5c0a\n|-supereffective|p1a: \u72c2\u86ee\u9b54\u5c0a\n|-damage|p1a: \u72c2\u86ee\u9b54\u5c0a|13\/100\n|\n|t:|1700308562\n|switch|p2a: Clodsire|Clodsire, M|100\/100|[from] U-turn\n|move|p1a: \u72c2\u86ee\u9b54\u5c0a|Dark Pulse|p2a: Clodsire\n|-damage|p2a: Clodsire|56\/100\n|\n|upkeep\n|turn|4\n|\n|t:|1700308573\n|move|p1a: \u72c2\u86ee\u9b54\u5c0a|Dark Pulse|p2a: Clodsire\n|-damage|p2a: Clodsire|7\/100\n|cant|p2a: Clodsire|flinch\n|\n|upkeep\n|turn|5\n|\n|t:|1700308580\n|move|p1a: \u72c2\u86ee\u9b54\u5c0a|Dark Pulse|p2a: Clodsire\n|-damage|p2a: Clodsire|0 fnt\n|faint|p2a: Clodsire\n|\n|upkeep\n|\n|t:|1700308591\n|switch|p2a: Nihilego|Nihilego, shiny|100\/100\n|turn|6\n|\n|t:|1700308605\n|switch|p1a: \u5927\u7231\u4ed9\u5c0a|Alomomola, F|100\/100\n|move|p2a: Nihilego|Grass Knot|p1a: \u5927\u7231\u4ed9\u5c0a\n|-supereffective|p1a: \u5927\u7231\u4ed9\u5c0a\n|-damage|p1a: \u5927\u7231\u4ed9\u5c0a|71\/100\n|\n|-heal|p1a: \u5927\u7231\u4ed9\u5c0a|77\/100|[from] item: Leftovers\n|upkeep\n|turn|7\n|\n|t:|1700308634\n|move|p2a: Nihilego|Meteor Beam||[still]\n|-prepare|p2a: Nihilego|Meteor Beam\n|-boost|p2a: Nihilego|spa|1\n|-enditem|p2a: Nihilego|Power Herb\n|-anim|p2a: Nihilego|Meteor Beam|p1a: \u5927\u7231\u4ed9\u5c0a\n|-damage|p1a: \u5927\u7231\u4ed9\u5c0a|2\/100\n|move|p1a: \u5927\u7231\u4ed9\u5c0a|Wish|p1a: \u5927\u7231\u4ed9\u5c0a\n|\n|-heal|p1a: \u5927\u7231\u4ed9\u5c0a|8\/100|[from] item: Leftovers\n|upkeep\n|turn|8\n|\n|t:|1700308650\n|move|p1a: \u5927\u7231\u4ed9\u5c0a|Protect|p1a: \u5927\u7231\u4ed9\u5c0a\n|-singleturn|p1a: \u5927\u7231\u4ed9\u5c0a|Protect\n|move|p2a: Nihilego|Meteor Beam||[still]\n|-prepare|p2a: Nihilego|Meteor Beam\n|-boost|p2a: Nihilego|spa|1\n|\n|-heal|p1a: \u5927\u7231\u4ed9\u5c0a|58\/100|[from] move: Wish|[wisher] \u5927\u7231\u4ed9\u5c0a\n|-heal|p1a: \u5927\u7231\u4ed9\u5c0a|64\/100|[from] item: Leftovers\n|upkeep\n|turn|9\n|\n|t:|1700308660\n|switch|p1a: \u72c2\u86ee\u9b54\u5c0a|Hoopa-Unbound|13\/100\n|move|p2a: Nihilego|Meteor Beam|p1a: \u72c2\u86ee\u9b54\u5c0a|[from]lockedmove\n|-damage|p1a: \u72c2\u86ee\u9b54\u5c0a|0 fnt\n|faint|p1a: \u72c2\u86ee\u9b54\u5c0a\n|-ability|p2a: Nihilego|Beast Boost|boost\n|-boost|p2a: Nihilego|spe|1\n|\n|upkeep\n|\n|t:|1700308679\n|switch|p1a: \u70bc\u5929\u9b54\u5c0a|Banette, M|100\/100\n|turn|10\n|\n|t:|1700308700\n|switch|p2a: Lopunny|Lopunny-Mega, M|84\/100\n|detailschange|p1a: \u70bc\u5929\u9b54\u5c0a|Banette-Mega, M\n|-mega|p1a: \u70bc\u5929\u9b54\u5c0a|Banette|Banettite\n|move|p1a: \u70bc\u5929\u9b54\u5c0a|Poltergeist|p2a: Lopunny\n|-immune|p2a: Lopunny\n|\n|upkeep\n|turn|11\n|\n|t:|1700308719\n|switch|p1a: \u76d7\u5929\u9b54\u5c0a|Corviknight, M|94\/100 brn\n|-ability|p1a: \u76d7\u5929\u9b54\u5c0a|Pressure\n|move|p2a: Lopunny|Fake Out|p1a: \u76d7\u5929\u9b54\u5c0a\n|-resisted|p1a: \u76d7\u5929\u9b54\u5c0a\n|-crit|p1a: \u76d7\u5929\u9b54\u5c0a\n|-damage|p1a: \u76d7\u5929\u9b54\u5c0a|85\/100 brn\n|-damage|p2a: Lopunny|67\/100|[from] item: Rocky Helmet|[of] p1a: \u76d7\u5929\u9b54\u5c0a\n|\n|-damage|p1a: \u76d7\u5929\u9b54\u5c0a|79\/100 brn|[from] brn\n|upkeep\n|turn|12\n|\n|t:|1700308725\n|switch|p2a: Moltres|Moltres|98\/100\n|move|p1a: \u76d7\u5929\u9b54\u5c0a|U-turn|p2a: Moltres\n|-resisted|p2a: Moltres\n|-damage|p2a: Moltres|97\/100\n|\n|t:|1700308733\n|switch|p1a: \u70bc\u5929\u9b54\u5c0a|Banette-Mega, M|100\/100|[from] U-turn\n|\n|upkeep\n|turn|13\n|\n|t:|1700308742\n|switch|p1a: \u76d7\u5929\u9b54\u5c0a|Corviknight, M|79\/100 brn\n|-ability|p1a: \u76d7\u5929\u9b54\u5c0a|Pressure\n|move|p2a: Moltres|Flamethrower|p1a: \u76d7\u5929\u9b54\u5c0a\n|-supereffective|p1a: \u76d7\u5929\u9b54\u5c0a\n|-damage|p1a: \u76d7\u5929\u9b54\u5c0a|5\/100 brn\n|\n|-damage|p1a: \u76d7\u5929\u9b54\u5c0a|0 fnt|[from] brn\n|faint|p1a: \u76d7\u5929\u9b54\u5c0a\n|upkeep\n|\n|t:|1700308751\n|switch|p1a: \u70bc\u5929\u9b54\u5c0a|Banette-Mega, M|100\/100\n|turn|14\n|\n|t:|1700308757\n|switch|p2a: Lopunny|Lopunny-Mega, M|67\/100\n|move|p1a: \u70bc\u5929\u9b54\u5c0a|Poltergeist|p2a: Lopunny\n|-immune|p2a: Lopunny\n|\n|upkeep\n|turn|15\n|\n|t:|1700308764\n|move|p2a: Lopunny|Fake Out|p1a: \u70bc\u5929\u9b54\u5c0a\n|-damage|p1a: \u70bc\u5929\u9b54\u5c0a|73\/100\n|cant|p1a: \u70bc\u5929\u9b54\u5c0a|flinch\n|\n|upkeep\n|turn|16\n|\n|t:|1700308770\n|move|p1a: \u70bc\u5929\u9b54\u5c0a|Destiny Bond|p1a: \u70bc\u5929\u9b54\u5c0a\n|-singlemove|p1a: \u70bc\u5929\u9b54\u5c0a|Destiny Bond\n|move|p2a: Lopunny|U-turn|p1a: \u70bc\u5929\u9b54\u5c0a\n|-resisted|p1a: \u70bc\u5929\u9b54\u5c0a\n|-damage|p1a: \u70bc\u5929\u9b54\u5c0a|58\/100\n|\n|t:|1700308782\n|switch|p2a: Moltres|Moltres|97\/100|[from] U-turn\n|\n|upkeep\n|turn|17\n|\n|t:|1700308794\n|move|p2a: Moltres|Flamethrower|p1a: \u70bc\u5929\u9b54\u5c0a\n|-damage|p1a: \u70bc\u5929\u9b54\u5c0a|15\/100\n|move|p1a: \u70bc\u5929\u9b54\u5c0a|Poltergeist|p2a: Moltres\n|-activate|p2a: Moltres|move: Poltergeist|Heavy-Duty Boots\n|-damage|p2a: Moltres|41\/100\n|\n|upkeep\n|turn|18\n|\n|t:|1700308804\n|switch|p2a: Lopunny|Lopunny-Mega, M|67\/100\n|switch|p1a: \u5927\u7231\u4ed9\u5c0a|Alomomola, F|98\/100\n|\n|-heal|p1a: \u5927\u7231\u4ed9\u5c0a|100\/100|[from] item: Leftovers\n|upkeep\n|turn|19\n|\n|t:|1700308814\n|move|p2a: Lopunny|U-turn|p1a: \u5927\u7231\u4ed9\u5c0a\n|-damage|p1a: \u5927\u7231\u4ed9\u5c0a|82\/100\n|\n|t:|1700308823\n|switch|p2a: Ogerpon|Ogerpon-Wellspring, F|100\/100|[from] U-turn\n|move|p1a: \u5927\u7231\u4ed9\u5c0a|Toxic|p2a: Ogerpon\n|-status|p2a: Ogerpon|tox\n|\n|-heal|p1a: \u5927\u7231\u4ed9\u5c0a|88\/100|[from] item: Leftovers\n|-damage|p2a: Ogerpon|95\/100 tox|[from] psn\n|upkeep\n|turn|20\n|\n|t:|1700308839\n|-terastallize|p1a: \u5927\u7231\u4ed9\u5c0a|Dragon\n|move|p2a: Ogerpon|Swords Dance|p2a: Ogerpon\n|-boost|p2a: Ogerpon|atk|2\n|move|p1a: \u5927\u7231\u4ed9\u5c0a|Wish|p1a: \u5927\u7231\u4ed9\u5c0a\n|\n|-heal|p1a: \u5927\u7231\u4ed9\u5c0a|94\/100|[from] item: Leftovers\n|-damage|p2a: Ogerpon|83\/100 tox|[from] psn\n|upkeep\n|turn|21\n|\n|t:|1700308849\n|move|p2a: Ogerpon|Horn Leech|p1a: \u5927\u7231\u4ed9\u5c0a\n|-resisted|p1a: \u5927\u7231\u4ed9\u5c0a\n|-crit|p1a: \u5927\u7231\u4ed9\u5c0a\n|-damage|p1a: \u5927\u7231\u4ed9\u5c0a|48\/100\n|-heal|p2a: Ogerpon|100\/100 tox|[from] drain|[of] p1a: \u5927\u7231\u4ed9\u5c0a\n|move|p1a: \u5927\u7231\u4ed9\u5c0a|Flip Turn|p2a: Ogerpon\n|-immune|p2a: Ogerpon|[from] ability: Water Absorb\n|\n|-heal|p1a: \u5927\u7231\u4ed9\u5c0a|98\/100|[from] move: Wish|[wisher] \u5927\u7231\u4ed9\u5c0a\n|-heal|p1a: \u5927\u7231\u4ed9\u5c0a|100\/100|[from] item: Leftovers\n|-damage|p2a: Ogerpon|83\/100 tox|[from] psn\n|upkeep\n|turn|22\n|\n|t:|1700308866\n|move|p2a: Ogerpon|Taunt|p1a: \u5927\u7231\u4ed9\u5c0a\n|-start|p1a: \u5927\u7231\u4ed9\u5c0a|move: Taunt\n|cant|p1a: \u5927\u7231\u4ed9\u5c0a|move: Taunt|Wish\n|\n|-damage|p2a: Ogerpon|59\/100 tox|[from] psn\n|upkeep\n|turn|23\n|\n|t:|1700308880\n|move|p2a: Ogerpon|Horn Leech|p1a: \u5927\u7231\u4ed9\u5c0a\n|-resisted|p1a: \u5927\u7231\u4ed9\u5c0a\n|-damage|p1a: \u5927\u7231\u4ed9\u5c0a|70\/100\n|-heal|p2a: Ogerpon|86\/100 tox|[from] drain|[of] p1a: \u5927\u7231\u4ed9\u5c0a\n|move|p1a: \u5927\u7231\u4ed9\u5c0a|Flip Turn|p2a: Ogerpon\n|-heal|p2a: Ogerpon|100\/100 tox|[from] ability: Water Absorb|[of] p1a: \u5927\u7231\u4ed9\u5c0a\n|\n|-heal|p1a: \u5927\u7231\u4ed9\u5c0a|76\/100|[from] item: Leftovers\n|-damage|p2a: Ogerpon|71\/100 tox|[from] psn\n|upkeep\n|turn|24\n|\n|t:|1700308894\n|move|p2a: Ogerpon|Ivy Cudgel|p1a: \u5927\u7231\u4ed9\u5c0a|[anim] Ivy Cudgel Water\n|-resisted|p1a: \u5927\u7231\u4ed9\u5c0a\n|-damage|p1a: \u5927\u7231\u4ed9\u5c0a|32\/100\n|move|p1a: \u5927\u7231\u4ed9\u5c0a|Flip Turn|p2a: Ogerpon\n|-heal|p2a: Ogerpon|96\/100 tox|[from] ability: Water Absorb|[of] p1a: \u5927\u7231\u4ed9\u5c0a\n|\n|-heal|p1a: \u5927\u7231\u4ed9\u5c0a|38\/100|[from] item: Leftovers\n|-damage|p2a: Ogerpon|60\/100 tox|[from] psn\n|-end|p1a: \u5927\u7231\u4ed9\u5c0a|move: Taunt\n|upkeep\n|turn|25\n|\n|t:|1700308900\n|move|p2a: Ogerpon|Ivy Cudgel|p1a: \u5927\u7231\u4ed9\u5c0a|[anim] Ivy Cudgel Water\n|-resisted|p1a: \u5927\u7231\u4ed9\u5c0a\n|-damage|p1a: \u5927\u7231\u4ed9\u5c0a|0 fnt\n|faint|p1a: \u5927\u7231\u4ed9\u5c0a\n|\n|-damage|p2a: Ogerpon|18\/100 tox|[from] psn\n|upkeep\n|\n|t:|1700308909\n|switch|p1a: \u70bc\u5929\u9b54\u5c0a|Banette-Mega, M|15\/100\n|turn|26\n|\n|t:|1700308918\n|move|p1a: \u70bc\u5929\u9b54\u5c0a|Shadow Sneak|p2a: Ogerpon\n|-damage|p2a: Ogerpon|0 fnt\n|faint|p2a: Ogerpon\n|\n|upkeep\n|\n|t:|1700308922\n|switch|p2a: Lopunny|Lopunny-Mega, M|67\/100\n|turn|27\n|\n|t:|1700308927\n|switch|p1a: \u5143\u83b2\u4ed9\u5c0a|Rillaboom, M|100\/100\n|-fieldstart|move: Grassy Terrain|[from] ability: Grassy Surge|[of] p1a: \u5143\u83b2\u4ed9\u5c0a\n|move|p2a: Lopunny|Fake Out|p1a: \u5143\u83b2\u4ed9\u5c0a\n|-damage|p1a: \u5143\u83b2\u4ed9\u5c0a|79\/100\n|\n|-heal|p2a: Lopunny|74\/100|[from] Grassy Terrain\n|-heal|p1a: \u5143\u83b2\u4ed9\u5c0a|85\/100|[from] Grassy Terrain\n|upkeep\n|turn|28\n|\n|t:|1700308940\n|switch|p2a: Moltres|Moltres|41\/100\n|switch|p1a: \u70bc\u5929\u9b54\u5c0a|Banette-Mega, M|15\/100\n|\n|-heal|p1a: \u70bc\u5929\u9b54\u5c0a|21\/100|[from] Grassy Terrain\n|upkeep\n|turn|29\n|\n|t:|1700308954\n|switch|p2a: Lopunny|Lopunny-Mega, M|74\/100\n|move|p1a: \u70bc\u5929\u9b54\u5c0a|Destiny Bond|p1a: \u70bc\u5929\u9b54\u5c0a\n|-singlemove|p1a: \u70bc\u5929\u9b54\u5c0a|Destiny Bond\n|\n|-heal|p2a: Lopunny|80\/100|[from] Grassy Terrain\n|-heal|p1a: \u70bc\u5929\u9b54\u5c0a|27\/100|[from] Grassy Terrain\n|upkeep\n|turn|30\n|\n|t:|1700308970\n|move|p2a: Lopunny|Close Combat|p1a: \u70bc\u5929\u9b54\u5c0a\n|-damage|p1a: \u70bc\u5929\u9b54\u5c0a|0 fnt\n|-unboost|p2a: Lopunny|def|1\n|-unboost|p2a: Lopunny|spd|1\n|faint|p1a: \u70bc\u5929\u9b54\u5c0a\n|-activate|p1a: \u70bc\u5929\u9b54\u5c0a|move: Destiny Bond\n|faint|p2a: Lopunny\n|\n|upkeep\n|\n|t:|1700308984\n|switch|p2a: Aegislash|Aegislash, F, shiny|100\/100\n|switch|p1a: \u5e7d\u9b42\u9b54\u5c0a|Sneasler, M|100\/100\n|-enditem|p1a: \u5e7d\u9b42\u9b54\u5c0a|Grassy Seed\n|-boost|p1a: \u5e7d\u9b42\u9b54\u5c0a|def|1|[from] item: Grassy Seed\n|turn|31\n|\n|t:|1700308989\n|move|p1a: \u5e7d\u9b42\u9b54\u5c0a|Swords Dance|p1a: \u5e7d\u9b42\u9b54\u5c0a\n|-boost|p1a: \u5e7d\u9b42\u9b54\u5c0a|atk|2\n|-zpower|p2a: Aegislash\n|-formechange|p2a: Aegislash|Aegislash-Blade||[from] ability: Stance Change\n|move|p2a: Aegislash|Never-Ending Nightmare|p1a: \u5e7d\u9b42\u9b54\u5c0a|[zeffect]\n|-damage|p1a: \u5e7d\u9b42\u9b54\u5c0a|0 fnt\n|faint|p1a: \u5e7d\u9b42\u9b54\u5c0a\n|\n|-fieldend|move: Grassy Terrain\n|upkeep\n|-message|Freedom Demon forfeited.\n|\n|win|daybreak wave\n|raw|Freedom Demon's rating: 1511 &rarr; <strong>1488<\/strong><br \/>(-23 for losing)\n|raw|daybreak wave's rating: 1466 &rarr; <strong>1489<\/strong><br \/>(+23 for winning)\n|l|\u2606Freedom Demon\n","uploadtime":1700309002,"views":5,"p1id":"freedomdemon","p2id":"daybreakwave","formatid":"gen9nationaldex","rating":1488,"private":0,"password":""}