{"id":"gen9nationaldex-1995521361","p1":"ElAlvaroNFT","p2":"readingpaper","format":"[Gen 9] National Dex","log":"|html|<div class=\"broadcast-blue\"><strong>[Gen 9] National Dex is currently suspecting Sneasler! For information on how to participate check out the <a href=\"https:\/\/www.smogon.com\/forums\/threads\/sv-national-dex-suspect-8-just-dance.3731534\/\">suspect thread<\/a>.<\/strong><\/div>\n|j|\u2606ElAlvaroNFT\n|j|\u2606readingpaper\n|t:|1700579448\n|gametype|singles\n|player|p1|ElAlvaroNFT|ghetsis|1374\n|player|p2|readingpaper|266|1270\n|teamsize|p1|6\n|teamsize|p2|6\n|gen|9\n|tier|[Gen 9] National Dex\n|rated|\n|rule|HP Percentage Mod: HP is shown in percentages\n|rule|Endless Battle Clause: Forcing endless battles is banned\n|rule|OHKO Clause: OHKO moves are banned\n|rule|Evasion Clause: Evasion abilities, items, and moves are banned\n|rule|Evasion Abilities Clause: Evasion abilities are banned\n|rule|Evasion Items Clause: Evasion items are banned\n|rule|Evasion Moves Clause: Evasion moves are banned\n|rule|Species Clause: Limit one of each Pok\u00e9mon\n|rule|Sleep Clause Mod: Limit one foe put to sleep\n|clearpoke\n|poke|p1|Samurott-Hisui, M|\n|poke|p1|Meowscarada, F|\n|poke|p1|Sableye, M|\n|poke|p1|Krookodile, M|\n|poke|p1|Hydreigon, M|\n|poke|p1|Greninja-*, M|\n|poke|p2|Tapu Lele|\n|poke|p2|Scizor, F|\n|poke|p2|Landorus-Therian, M|\n|poke|p2|Toxapex, M|\n|poke|p2|Zamazenta-*|\n|poke|p2|Bisharp, M|\n|teampreview\n|inactive|Battle timer is ON: inactive players will automatically lose when time's up. (requested by readingpaper)\n|inactive|ElAlvaroNFT also wants the timer to be on.\n|\n|t:|1700579464\n|start\n|switch|p1a: Samurott|Samurott-Hisui, M|100\/100\n|switch|p2a: Scizor|Scizor, F|100\/100\n|turn|1\n|\n|t:|1700579476\n|detailschange|p2a: Scizor|Scizor-Mega, F\n|-mega|p2a: Scizor|Scizor|Scizorite\n|move|p1a: Samurott|Swords Dance|p1a: Samurott\n|-boost|p1a: Samurott|atk|2\n|move|p2a: Scizor|Curse|p2a: Scizor\n|-unboost|p2a: Scizor|spe|1\n|-boost|p2a: Scizor|atk|1\n|-boost|p2a: Scizor|def|1\n|\n|upkeep\n|turn|2\n|\n|t:|1700579485\n|move|p1a: Samurott|Ceaseless Edge|p2a: Scizor\n|-damage|p2a: Scizor|65\/100\n|-sidestart|p2: readingpaper|Spikes\n|move|p2a: Scizor|Curse|p2a: Scizor\n|-unboost|p2a: Scizor|spe|1\n|-boost|p2a: Scizor|atk|1\n|-boost|p2a: Scizor|def|1\n|\n|upkeep\n|turn|3\n|\n|t:|1700579492\n|move|p1a: Samurott|Ceaseless Edge|p2a: Scizor\n|-damage|p2a: Scizor|35\/100\n|-sidestart|p2: readingpaper|Spikes\n|move|p2a: Scizor|Roost|p2a: Scizor\n|-heal|p2a: Scizor|85\/100\n|-singleturn|p2a: Scizor|move: Roost\n|\n|upkeep\n|turn|4\n|\n|t:|1700579499\n|move|p1a: Samurott|Ceaseless Edge|p2a: Scizor\n|-damage|p2a: Scizor|56\/100\n|-sidestart|p2: readingpaper|Spikes\n|move|p2a: Scizor|Roost|p2a: Scizor\n|-heal|p2a: Scizor|100\/100\n|-singleturn|p2a: Scizor|move: Roost\n|\n|upkeep\n|turn|5\n|\n|t:|1700579507\n|move|p1a: Samurott|Sacred Sword|p2a: Scizor\n|-crit|p2a: Scizor\n|-damage|p2a: Scizor|22\/100\n|move|p2a: Scizor|U-turn|p1a: Samurott\n|-supereffective|p1a: Samurott\n|-enditem|p1a: Samurott|Focus Sash\n|-damage|p1a: Samurott|1\/100\n|\n|t:|1700579525\n|switch|p2a: Bisharp|Bisharp, M|100\/100|[from] U-turn\n|-damage|p2a: Bisharp|76\/100|[from] Spikes\n|\n|upkeep\n|turn|6\n|\n|t:|1700579532\n|move|p2a: Bisharp|Sucker Punch|p1a: Samurott\n|-resisted|p1a: Samurott\n|-damage|p1a: Samurott|0 fnt\n|faint|p1a: Samurott\n|\n|upkeep\n|\n|t:|1700579536\n|switch|p1a: Greninja|Greninja, M|100\/100\n|turn|7\n|\n|t:|1700579543\n|move|p1a: Greninja|Surf|p2a: Bisharp\n|-damage|p2a: Bisharp|27\/100\n|-damage|p1a: Greninja|91\/100|[from] item: Life Orb\n|move|p2a: Bisharp|Swords Dance|p2a: Bisharp\n|-boost|p2a: Bisharp|atk|2\n|\n|upkeep\n|turn|8\n|\n|t:|1700579550\n|move|p2a: Bisharp|Sucker Punch|p1a: Greninja\n|-resisted|p1a: Greninja\n|-damage|p1a: Greninja|31\/100\n|move|p1a: Greninja|Surf|p2a: Bisharp\n|-damage|p2a: Bisharp|0 fnt\n|faint|p2a: Bisharp\n|-ability|p1a: Greninja|Battle Bond|boost\n|-boost|p1a: Greninja|atk|1\n|-boost|p1a: Greninja|spa|1\n|-boost|p1a: Greninja|spe|1\n|-activate|p1a: Greninja|ability: Battle Bond\n|-damage|p1a: Greninja|22\/100|[from] item: Life Orb\n|\n|upkeep\n|\n|t:|1700579555\n|switch|p2a: Toxapex|Toxapex, M|100\/100\n|-damage|p2a: Toxapex|75\/100|[from] Spikes\n|turn|9\n|\n|t:|1700579563\n|move|p1a: Greninja|Extrasensory|p2a: Toxapex\n|-supereffective|p2a: Toxapex\n|-damage|p2a: Toxapex|19\/100\n|-damage|p1a: Greninja|12\/100|[from] item: Life Orb\n|cant|p2a: Toxapex|flinch\n|\n|-heal|p2a: Toxapex|25\/100|[from] item: Leftovers\n|upkeep\n|turn|10\n|\n|t:|1700579575\n|move|p2a: Toxapex|Baneful Bunker|p2a: Toxapex\n|-singleturn|p2a: Toxapex|move: Protect\n|move|p1a: Greninja|Dark Pulse|p2a: Toxapex\n|-activate|p2a: Toxapex|move: Protect\n|\n|-heal|p2a: Toxapex|31\/100|[from] item: Leftovers\n|upkeep\n|turn|11\n|\n|t:|1700579584\n|switch|p2a: Landorus|Landorus-Therian, M|100\/100\n|-ability|p2a: Landorus|Intimidate|boost\n|-unboost|p1a: Greninja|atk|1\n|move|p1a: Greninja|Dark Pulse|p2a: Landorus\n|-damage|p2a: Landorus|32\/100\n|-damage|p1a: Greninja|2\/100|[from] item: Life Orb\n|\n|-heal|p2a: Landorus|38\/100|[from] item: Leftovers\n|upkeep\n|turn|12\n|\n|t:|1700579595\n|switch|p2a: Toxapex|Toxapex, M|65\/100\n|-damage|p2a: Toxapex|40\/100|[from] Spikes\n|move|p1a: Greninja|Ice Beam|p2a: Toxapex\n|-resisted|p2a: Toxapex\n|-damage|p2a: Toxapex|23\/100\n|-damage|p1a: Greninja|0 fnt|[from] item: Life Orb\n|faint|p1a: Greninja\n|\n|-heal|p2a: Toxapex|29\/100|[from] item: Leftovers\n|upkeep\n|\n|t:|1700579608\n|switch|p1a: Krookodile|Krookodile, M|100\/100\n|turn|13\n|\n|t:|1700579613\n|switch|p2a: Landorus|Landorus-Therian, M|38\/100\n|-ability|p2a: Landorus|Intimidate|boost\n|-unboost|p1a: Krookodile|atk|1\n|move|p1a: Krookodile|Earthquake|p2a: Landorus\n|-immune|p2a: Landorus\n|\n|-heal|p2a: Landorus|44\/100|[from] item: Leftovers\n|upkeep\n|turn|14\n|\n|t:|1700579622\n|switch|p1a: Sableye|Sableye, M|100\/100\n|move|p2a: Landorus|Defog|p1a: Sableye\n|-unboost|p1a: Sableye|evasion|1\n|-sideend|p2: readingpaper|Spikes|[from] move: Defog|[of] p2a: Landorus\n|\n|-heal|p2a: Landorus|50\/100|[from] item: Leftovers\n|upkeep\n|turn|15\n|\n|t:|1700579631\n|detailschange|p1a: Sableye|Sableye-Mega, M\n|-mega|p1a: Sableye|Sableye|Sablenite\n|move|p2a: Landorus|U-turn|p1a: Sableye\n|-damage|p1a: Sableye|78\/100\n|\n|t:|1700579637\n|switch|p2a: \u85cf\u6307\u5bfc|Zamazenta|100\/100|[from] U-turn\n|-ability|p2a: \u85cf\u6307\u5bfc|Dauntless Shield|boost\n|-boost|p2a: \u85cf\u6307\u5bfc|def|1\n|move|p1a: Sableye|Will-O-Wisp|p2a: \u85cf\u6307\u5bfc|[miss]\n|-miss|p1a: Sableye|p2a: \u85cf\u6307\u5bfc\n|\n|upkeep\n|turn|16\n|\n|t:|1700579652\n|move|p2a: \u85cf\u6307\u5bfc|Crunch|p1a: Sableye\n|-damage|p1a: Sableye|40\/100\n|move|p1a: Sableye|Will-O-Wisp|p2a: \u85cf\u6307\u5bfc\n|-status|p2a: \u85cf\u6307\u5bfc|brn\n|\n|-damage|p2a: \u85cf\u6307\u5bfc|94\/100 brn|[from] brn\n|upkeep\n|turn|17\n|\n|t:|1700579660\n|switch|p2a: Scizor|Scizor-Mega, F|22\/100\n|move|p1a: Sableye|Recover|p1a: Sableye\n|-heal|p1a: Sableye|90\/100\n|\n|upkeep\n|turn|18\n|\n|t:|1700579665\n|move|p2a: Scizor|U-turn|p1a: Sableye\n|-damage|p1a: Sableye|60\/100\n|\n|t:|1700579669\n|switch|p2a: Toxapex|Toxapex, M|62\/100|[from] U-turn\n|move|p1a: Sableye|Will-O-Wisp|p2a: Toxapex\n|-status|p2a: Toxapex|brn\n|\n|-heal|p2a: Toxapex|69\/100 brn|[from] item: Leftovers\n|-damage|p2a: Toxapex|62\/100 brn|[from] brn\n|upkeep\n|turn|19\n|\n|t:|1700579679\n|move|p2a: Toxapex|Infestation|p1a: Sableye\n|-damage|p1a: Sableye|58\/100\n|-activate|p1a: Sableye|move: Infestation|[of] p2a: Toxapex\n|move|p1a: Sableye|Recover|p1a: Sableye\n|-heal|p1a: Sableye|100\/100\n|\n|-heal|p2a: Toxapex|69\/100 brn|[from] item: Leftovers\n|-damage|p2a: Toxapex|62\/100 brn|[from] brn\n|-damage|p1a: Sableye|88\/100|[from] move: Infestation|[partiallytrapped]\n|upkeep\n|turn|20\n|\n|t:|1700579693\n|move|p2a: Toxapex|Baneful Bunker|p2a: Toxapex\n|-singleturn|p2a: Toxapex|move: Protect\n|move|p1a: Sableye|Knock Off|p2a: Toxapex\n|-activate|p2a: Toxapex|move: Protect\n|-status|p1a: Sableye|psn\n|\n|-heal|p2a: Toxapex|69\/100 brn|[from] item: Leftovers\n|-damage|p1a: Sableye|76\/100 psn|[from] psn\n|-damage|p2a: Toxapex|62\/100 brn|[from] brn\n|-damage|p1a: Sableye|64\/100 psn|[from] move: Infestation|[partiallytrapped]\n|upkeep\n|turn|21\n|\n|t:|1700579709\n|switch|p2a: Scizor|Scizor-Mega, F|22\/100\n|move|p1a: Sableye|Knock Off|p2a: Scizor\n|-damage|p2a: Scizor|10\/100\n|\n|-damage|p1a: Sableye|52\/100 psn|[from] psn\n|-end|p1a: Sableye|Infestation|[partiallytrapped]|[silent]\n|upkeep\n|turn|22\n|\n|t:|1700579716\n|move|p2a: Scizor|Roost|p2a: Scizor\n|-heal|p2a: Scizor|60\/100\n|-singleturn|p2a: Scizor|move: Roost\n|move|p1a: Sableye|Knock Off|p2a: Scizor\n|-crit|p2a: Scizor\n|-damage|p2a: Scizor|40\/100\n|\n|-damage|p1a: Sableye|39\/100 psn|[from] psn\n|upkeep\n|turn|23\n|\n|t:|1700579724\n|move|p2a: Scizor|Curse|p2a: Scizor\n|-unboost|p2a: Scizor|spe|1\n|-boost|p2a: Scizor|atk|1\n|-boost|p2a: Scizor|def|1\n|move|p1a: Sableye|Will-O-Wisp|p2a: Scizor\n|-status|p2a: Scizor|brn\n|\n|-damage|p1a: Sableye|27\/100 psn|[from] psn\n|-damage|p2a: Scizor|34\/100 brn|[from] brn\n|upkeep\n|turn|24\n|\n|t:|1700579733\n|move|p2a: Scizor|U-turn|p1a: Sableye\n|-damage|p1a: Sableye|5\/100 psn\n|\n|t:|1700579737\n|switch|p2a: Tapu Lele|Tapu Lele|100\/100|[from] U-turn\n|-fieldstart|move: Psychic Terrain|[from] ability: Psychic Surge|[of] p2a: Tapu Lele\n|move|p1a: Sableye|Recover|p1a: Sableye\n|-heal|p1a: Sableye|56\/100 psn\n|\n|-damage|p1a: Sableye|43\/100 psn|[from] psn\n|upkeep\n|turn|25\n|\n|t:|1700579745\n|move|p2a: Tapu Lele|Moonblast|p1a: Sableye\n|-supereffective|p1a: Sableye\n|-damage|p1a: Sableye|0 fnt\n|faint|p1a: Sableye\n|\n|upkeep\n|\n|t:|1700579749\n|switch|p1a: Meowscarada|Meowscarada, F|100\/100\n|turn|26\n|\n|t:|1700579754\n|move|p1a: Meowscarada|Flower Trick|p2a: Tapu Lele\n|-start|p1a: Meowscarada|typechange|Grass|[from] ability: Protean\n|-crit|p2a: Tapu Lele\n|-damage|p2a: Tapu Lele|30\/100\n|move|p2a: Tapu Lele|Moonblast|p1a: Meowscarada\n|-damage|p1a: Meowscarada|16\/100\n|\n|upkeep\n|turn|27\n|\n|t:|1700579766\n|switch|p2a: Scizor|Scizor-Mega, F|34\/100 brn\n|move|p1a: Meowscarada|Flower Trick|p2a: Scizor\n|-resisted|p2a: Scizor\n|-crit|p2a: Scizor\n|-damage|p2a: Scizor|27\/100 brn\n|\n|-damage|p2a: Scizor|21\/100 brn|[from] brn\n|upkeep\n|turn|28\n|\n|t:|1700579777\n|switch|p1a: Krookodile|Krookodile, M|100\/100\n|move|p2a: Scizor|U-turn|p1a: Krookodile\n|-supereffective|p1a: Krookodile\n|-damage|p1a: Krookodile|56\/100\n|\n|t:|1700579782\n|switch|p2a: Landorus|Landorus-Therian, M|50\/100|[from] U-turn\n|-ability|p2a: Landorus|Intimidate|boost\n|-unboost|p1a: Krookodile|atk|1\n|\n|-heal|p2a: Landorus|56\/100|[from] item: Leftovers\n|-fieldend|move: Psychic Terrain\n|upkeep\n|turn|29\n|\n|t:|1700579790\n|move|p1a: Krookodile|Knock Off|p2a: Landorus\n|-damage|p2a: Landorus|32\/100\n|-enditem|p2a: Landorus|Leftovers|[from] move: Knock Off|[of] p1a: Krookodile\n|move|p2a: Landorus|U-turn|p1a: Krookodile\n|-supereffective|p1a: Krookodile\n|-damage|p1a: Krookodile|0 fnt\n|faint|p1a: Krookodile\n|\n|t:|1700579798\n|switch|p2a: Scizor|Scizor-Mega, F|21\/100 brn|[from] U-turn\n|\n|-damage|p2a: Scizor|15\/100 brn|[from] brn\n|upkeep\n|\n|t:|1700579803\n|switch|p1a: Hydreigon|Hydreigon, M|100\/100\n|turn|30\n|\n|t:|1700579806\n|move|p2a: Scizor|Bullet Punch|p1a: Hydreigon\n|-crit|p1a: Hydreigon\n|-damage|p1a: Hydreigon|75\/100\n|move|p1a: Hydreigon|Nasty Plot|p1a: Hydreigon\n|-boost|p1a: Hydreigon|spa|2\n|\n|-heal|p1a: Hydreigon|81\/100|[from] item: Leftovers\n|-damage|p2a: Scizor|9\/100 brn|[from] brn\n|upkeep\n|turn|31\n|\n|t:|1700579815\n|move|p2a: Scizor|Bullet Punch|p1a: Hydreigon\n|-damage|p1a: Hydreigon|65\/100\n|move|p1a: Hydreigon|Dark Pulse|p2a: Scizor\n|-damage|p2a: Scizor|0 fnt\n|faint|p2a: Scizor\n|\n|-heal|p1a: Hydreigon|72\/100|[from] item: Leftovers\n|upkeep\n|\n|t:|1700579820\n|switch|p2a: Tapu Lele|Tapu Lele|30\/100\n|-fieldstart|move: Psychic Terrain|[from] ability: Psychic Surge|[of] p2a: Tapu Lele\n|turn|32\n|\n|t:|1700579827\n|-terastallize|p1a: Hydreigon|Steel\n|move|p2a: Tapu Lele|Moonblast|p1a: Hydreigon\n|-resisted|p1a: Hydreigon\n|-damage|p1a: Hydreigon|42\/100\n|-unboost|p1a: Hydreigon|spa|1\n|move|p1a: Hydreigon|Flash Cannon|p2a: Tapu Lele\n|-supereffective|p2a: Tapu Lele\n|-damage|p2a: Tapu Lele|0 fnt\n|faint|p2a: Tapu Lele\n|\n|-heal|p1a: Hydreigon|48\/100|[from] item: Leftovers\n|upkeep\n|\n|t:|1700579836\n|switch|p2a: \u85cf\u6307\u5bfc|Zamazenta|94\/100 brn\n|turn|33\n|\n|t:|1700579845\n|move|p2a: \u85cf\u6307\u5bfc|Close Combat|p1a: Hydreigon\n|-supereffective|p1a: Hydreigon\n|-damage|p1a: Hydreigon|0 fnt\n|-unboost|p2a: \u85cf\u6307\u5bfc|def|1\n|-unboost|p2a: \u85cf\u6307\u5bfc|spd|1\n|faint|p1a: Hydreigon\n|\n|-damage|p2a: \u85cf\u6307\u5bfc|88\/100 brn|[from] brn\n|upkeep\n|\n|t:|1700579853\n|switch|p1a: Meowscarada|Meowscarada, F|16\/100\n|turn|34\n|\n|t:|1700579858\n|switch|p2a: Landorus|Landorus-Therian, M|32\/100\n|-ability|p2a: Landorus|Intimidate|boost\n|-unboost|p1a: Meowscarada|atk|1\n|move|p1a: Meowscarada|Play Rough|p2a: Landorus\n|-start|p1a: Meowscarada|typechange|Fairy|[from] ability: Protean\n|-damage|p2a: Landorus|12\/100\n|\n|upkeep\n|turn|35\n|\n|t:|1700579867\n|switch|p2a: Toxapex|Toxapex, M|96\/100 brn\n|move|p1a: Meowscarada|Play Rough|p2a: Toxapex\n|-resisted|p2a: Toxapex\n|-damage|p2a: Toxapex|85\/100 brn\n|\n|-heal|p2a: Toxapex|91\/100 brn|[from] item: Leftovers\n|-damage|p2a: Toxapex|85\/100 brn|[from] brn\n|upkeep\n|turn|36\n|-message|ElAlvaroNFT forfeited.\n|\n|win|readingpaper\n|raw|ElAlvaroNFT's rating: 1374 &rarr; <strong>1348<\/strong><br \/>(-26 for losing)\n|raw|readingpaper's rating: 1270 &rarr; <strong>1302<\/strong><br \/>(+32 for winning)\n|l|\u2606ElAlvaroNFT\n","uploadtime":1700579879,"views":1,"p1id":"elalvaronft","p2id":"readingpaper","formatid":"gen9nationaldex","rating":1302,"private":0,"password":""}