{"id":"gen9nationaldex-1997756255","p1":"KodIdel","p2":"Sleym1","format":"[Gen 9] National Dex","log":"|html|<div class=\"broadcast-blue\"><strong>[Gen 9] National Dex is currently suspecting Sneasler! For information on how to participate check out the <a href=\"https:\/\/www.smogon.com\/forums\/threads\/sv-national-dex-suspect-8-just-dance.3731534\/\">suspect thread<\/a>.<\/strong><\/div>\n|j|\u2606KodIdel\n|j|\u2606Sleym1\n|t:|1700849316\n|gametype|singles\n|player|p1|KodIdel|wallace|\n|player|p2|Sleym1|cynthia|\n|teamsize|p1|6\n|teamsize|p2|6\n|gen|9\n|tier|[Gen 9] National Dex\n|rule|HP Percentage Mod: HP is shown in percentages\n|rule|Endless Battle Clause: Forcing endless battles is banned\n|rule|OHKO Clause: OHKO moves are banned\n|rule|Evasion Clause: Evasion abilities, items, and moves are banned\n|rule|Evasion Abilities Clause: Evasion abilities are banned\n|rule|Evasion Items Clause: Evasion items are banned\n|rule|Evasion Moves Clause: Evasion moves are banned\n|rule|Species Clause: Limit one of each Pok\u00e9mon\n|rule|Sleep Clause Mod: Limit one foe put to sleep\n|clearpoke\n|poke|p1|Marowak-Alola, M|\n|poke|p1|Froslass, F|\n|poke|p1|Skeledirge, F|\n|poke|p1|Aegislash, M|\n|poke|p1|Ceruledge, F|\n|poke|p1|Mimikyu, M|\n|poke|p2|Decidueye, F|\n|poke|p2|Meowscarada, M|\n|poke|p2|Brute Bonnet|\n|poke|p2|Leavanny, M|\n|poke|p2|Sawsbuck, M|\n|poke|p2|Ludicolo, F|\n|teampreview\n|\n|t:|1700849322\n|start\n|switch|p1a: Kostyashka|Marowak-Alola, M|100\/100\n|switch|p2a: Ludicolo|Ludicolo, F, shiny|100\/100\n|turn|1\n|\n|t:|1700849338\n|-terastallize|p2a: Ludicolo|Water\n|move|p2a: Ludicolo|Surf|p1a: Kostyashka\n|-supereffective|p1a: Kostyashka\n|-damage|p1a: Kostyashka|0 fnt\n|-start|p2a: Ludicolo|Disable|Surf|[from] ability: Cursed Body|[of] p1a: Kostyashka\n|faint|p1a: Kostyashka\n|\n|upkeep\n|\n|t:|1700849360\n|switch|p1a: Excalibur|Aegislash, M, shiny|100\/100\n|turn|2\n|\n|t:|1700849372\n|move|p2a: Ludicolo|Fire Punch|p1a: Excalibur\n|-supereffective|p1a: Excalibur\n|-damage|p1a: Excalibur|81\/100\n|-formechange|p1a: Excalibur|Aegislash-Blade||[from] ability: Stance Change\n|move|p1a: Excalibur|Gyro Ball|p2a: Ludicolo\n|-resisted|p2a: Ludicolo\n|-damage|p2a: Ludicolo|84\/100\n|\n|-heal|p1a: Excalibur|87\/100|[from] item: Leftovers\n|upkeep\n|turn|3\n|\n|t:|1700849383\n|-formechange|p1a: Excalibur|Aegislash||[from] ability: Stance Change\n|move|p1a: Excalibur|King's Shield|p1a: Excalibur\n|-singleturn|p1a: Excalibur|Protect\n|move|p2a: Ludicolo|Fire Punch|p1a: Excalibur\n|-activate|p1a: Excalibur|move: Protect\n|-unboost|p2a: Ludicolo|atk|1\n|\n|-heal|p1a: Excalibur|93\/100|[from] item: Leftovers\n|upkeep\n|turn|4\n|\n|t:|1700849408\n|switch|p2a: Leavanny|Leavanny, M, shiny|100\/100\n|move|p1a: Excalibur|Toxic|p2a: Leavanny\n|-status|p2a: Leavanny|tox\n|\n|-heal|p1a: Excalibur|99\/100|[from] item: Leftovers\n|-damage|p2a: Leavanny|94\/100 tox|[from] psn\n|upkeep\n|turn|5\n|\n|t:|1700849419\n|move|p2a: Leavanny|Iron Defense|p2a: Leavanny\n|-boost|p2a: Leavanny|def|2\n|-formechange|p1a: Excalibur|Aegislash-Blade||[from] ability: Stance Change\n|move|p1a: Excalibur|Gyro Ball|p2a: Leavanny\n|-crit|p2a: Leavanny\n|-damage|p2a: Leavanny|39\/100 tox\n|\n|-heal|p1a: Excalibur|100\/100|[from] item: Leftovers\n|-damage|p2a: Leavanny|27\/100 tox|[from] psn\n|upkeep\n|turn|6\n|\n|t:|1700849430\n|move|p2a: Leavanny|Shadow Claw|p1a: Excalibur\n|-supereffective|p1a: Excalibur\n|-damage|p1a: Excalibur|37\/100\n|move|p1a: Excalibur|Gyro Ball|p2a: Leavanny\n|-damage|p2a: Leavanny|9\/100 tox\n|\n|-heal|p1a: Excalibur|43\/100|[from] item: Leftovers\n|-damage|p2a: Leavanny|0 fnt|[from] psn\n|faint|p2a: Leavanny\n|upkeep\n|\n|t:|1700849441\n|switch|p2a: Decidueye|Decidueye, F, shiny|100\/100\n|turn|7\n|\n|t:|1700849446\n|-formechange|p1a: Excalibur|Aegislash||[from] ability: Stance Change\n|move|p1a: Excalibur|King's Shield|p1a: Excalibur\n|-singleturn|p1a: Excalibur|Protect\n|move|p2a: Decidueye|Spirit Shackle|p1a: Excalibur\n|-activate|p1a: Excalibur|move: Protect\n|\n|-heal|p1a: Excalibur|49\/100|[from] item: Leftovers\n|upkeep\n|turn|8\n|\n|t:|1700849468\n|move|p2a: Decidueye|Spirit Shackle|p1a: Excalibur\n|-supereffective|p1a: Excalibur\n|-damage|p1a: Excalibur|1\/100\n|-formechange|p1a: Excalibur|Aegislash-Blade||[from] ability: Stance Change\n|move|p1a: Excalibur|Shadow Ball|p2a: Decidueye\n|-supereffective|p2a: Decidueye\n|-damage|p2a: Decidueye|15\/100\n|-unboost|p2a: Decidueye|spd|1\n|\n|-heal|p1a: Excalibur|7\/100|[from] item: Leftovers\n|upkeep\n|turn|9\n|\n|t:|1700849484\n|-formechange|p1a: Excalibur|Aegislash||[from] ability: Stance Change\n|move|p1a: Excalibur|King's Shield|p1a: Excalibur\n|-singleturn|p1a: Excalibur|Protect\n|move|p2a: Decidueye|Haze|p2a: Decidueye\n|-clearallboost\n|\n|-heal|p1a: Excalibur|13\/100|[from] item: Leftovers\n|upkeep\n|turn|10\n|\n|t:|1700849498\n|move|p2a: Decidueye|Spirit Shackle|p1a: Excalibur\n|-supereffective|p1a: Excalibur\n|-damage|p1a: Excalibur|0 fnt\n|faint|p1a: Excalibur\n|\n|upkeep\n|\n|t:|1700849508\n|switch|p1a: Demonessa|Froslass, F, shiny|100\/100\n|turn|11\n|\n|t:|1700849520\n|move|p1a: Demonessa|Shadow Ball|p2a: Decidueye\n|-supereffective|p2a: Decidueye\n|-damage|p2a: Decidueye|0 fnt\n|faint|p2a: Decidueye\n|\n|upkeep\n|\n|t:|1700849532\n|switch|p2a: Ludicolo|Ludicolo, F, shiny, tera:Water|84\/100\n|turn|12\n|\n|t:|1700849541\n|-zpower|p1a: Demonessa\n|move|p1a: Demonessa|Subzero Slammer|p2a: Ludicolo|[zeffect]\n|-resisted|p2a: Ludicolo\n|-crit|p2a: Ludicolo\n|-damage|p2a: Ludicolo|34\/100\n|move|p2a: Ludicolo|Knock Off|p1a: Demonessa\n|-supereffective|p1a: Demonessa\n|-damage|p1a: Demonessa|69\/100\n|\n|upkeep\n|turn|13\n|\n|t:|1700849554\n|move|p1a: Demonessa|Shadow Ball|p2a: Ludicolo\n|-damage|p2a: Ludicolo|1\/100\n|move|p2a: Ludicolo|Fire Punch|p1a: Demonessa\n|-supereffective|p1a: Demonessa\n|-damage|p1a: Demonessa|33\/100\n|\n|upkeep\n|turn|14\n|\n|t:|1700849563\n|move|p1a: Demonessa|Shadow Ball|p2a: Ludicolo\n|-damage|p2a: Ludicolo|0 fnt\n|faint|p2a: Ludicolo\n|\n|upkeep\n|\n|t:|1700849569\n|switch|p2a: Meowscarada|Meowscarada, M, shiny|100\/100\n|turn|15\n|\n|t:|1700849574\n|move|p1a: Demonessa|Destiny Bond|p1a: Demonessa\n|-singlemove|p1a: Demonessa|Destiny Bond\n|move|p2a: Meowscarada|Dark Pulse|p1a: Demonessa\n|-start|p2a: Meowscarada|typechange|Dark|[from] ability: Protean\n|-supereffective|p1a: Demonessa\n|-damage|p1a: Demonessa|0 fnt\n|faint|p1a: Demonessa\n|-activate|p1a: Demonessa|move: Destiny Bond\n|faint|p2a: Meowscarada\n|\n|upkeep\n|\n|t:|1700849591\n|switch|p1a: Skeledirge|Skeledirge, F, shiny|100\/100\n|switch|p2a: Sawsbuck|Sawsbuck, M, shiny|100\/100\n|turn|16\n|\n|t:|1700849601\n|move|p2a: Sawsbuck|Shadow Ball|p1a: Skeledirge\n|-supereffective|p1a: Skeledirge\n|-damage|p1a: Skeledirge|65\/100\n|move|p1a: Skeledirge|Torch Song|p2a: Sawsbuck\n|-supereffective|p2a: Sawsbuck\n|-enditem|p2a: Sawsbuck|Focus Sash\n|-damage|p2a: Sawsbuck|1\/100\n|-boost|p1a: Skeledirge|spa|1\n|\n|upkeep\n|turn|17\n|\n|t:|1700849614\n|move|p2a: Sawsbuck|Fake Tears|p1a: Skeledirge\n|-unboost|p1a: Skeledirge|spd|2\n|move|p1a: Skeledirge|Torch Song|p2a: Sawsbuck\n|-supereffective|p2a: Sawsbuck\n|-damage|p2a: Sawsbuck|0 fnt\n|-boost|p1a: Skeledirge|spa|1\n|faint|p2a: Sawsbuck\n|\n|upkeep\n|\n|t:|1700849623\n|switch|p2a: Brute Bonnet|Brute Bonnet, shiny|100\/100\n|turn|18\n|\n|t:|1700849629\n|move|p1a: Skeledirge|Torch Song|p2a: Brute Bonnet\n|-supereffective|p2a: Brute Bonnet\n|-enditem|p2a: Brute Bonnet|Focus Sash\n|-damage|p2a: Brute Bonnet|1\/100\n|-boost|p1a: Skeledirge|spa|1\n|move|p2a: Brute Bonnet|Crunch|p1a: Skeledirge\n|-supereffective|p1a: Skeledirge\n|-damage|p1a: Skeledirge|8\/100\n|\n|upkeep\n|turn|19\n|\n|t:|1700849645\n|move|p1a: Skeledirge|Torch Song|p2a: Brute Bonnet\n|-supereffective|p2a: Brute Bonnet\n|-damage|p2a: Brute Bonnet|0 fnt\n|-boost|p1a: Skeledirge|spa|1\n|faint|p2a: Brute Bonnet\n|-end|p2a: Brute Bonnet|Protosynthesis|[silent]\n|\n|win|KodIdel\n","uploadtime":1700849661,"views":12,"p1id":"kodidel","p2id":"sleym1","formatid":"gen9nationaldex","rating":0,"private":0,"password":""}