{"id":"gen9nationaldex-1999313398","p1":"orange(first time)","p2":"Xero Dracohart","format":"[Gen 9] National Dex","log":"|html|<div class=\"broadcast-blue\"><strong>[Gen 9] National Dex is currently suspecting Sneasler! For information on how to participate check out the <a href=\"https:\/\/www.smogon.com\/forums\/threads\/sv-national-dex-suspect-8-just-dance.3731534\/\">suspect thread<\/a>.<\/strong><\/div>\n|j|\u2606orange(first time)\n|j|\u2606Xero Dracohart\n|t:|1701058841\n|gametype|singles\n|player|p1|orange(first time)|101|1045\n|player|p2|Xero Dracohart|drayden|1025\n|teamsize|p1|6\n|teamsize|p2|6\n|gen|9\n|tier|[Gen 9] National Dex\n|rated|\n|rule|HP Percentage Mod: HP is shown in percentages\n|rule|Endless Battle Clause: Forcing endless battles is banned\n|rule|OHKO Clause: OHKO moves are banned\n|rule|Evasion Clause: Evasion abilities, items, and moves are banned\n|rule|Evasion Abilities Clause: Evasion abilities are banned\n|rule|Evasion Items Clause: Evasion items are banned\n|rule|Evasion Moves Clause: Evasion moves are banned\n|rule|Species Clause: Limit one of each Pok\u00e9mon\n|rule|Sleep Clause Mod: Limit one foe put to sleep\n|clearpoke\n|poke|p1|Altaria, M|\n|poke|p1|Serperior, M|\n|poke|p1|Corviknight, M|\n|poke|p1|Garchomp, M|\n|poke|p1|Pelipper, F|\n|poke|p1|Moltres|\n|poke|p2|Salamence, F|\n|poke|p2|Dragalge, F|\n|poke|p2|Noivern, M|\n|poke|p2|Drampa, F|\n|poke|p2|Druddigon, M|\n|poke|p2|Dragonite, M|\n|teampreview\n|\n|t:|1701058853\n|start\n|switch|p1a: Serperior|Serperior, M|100\/100\n|switch|p2a: Druddimelon|Druddigon, M, shiny|100\/100\n|turn|1\n|\n|t:|1701058862\n|move|p1a: Serperior|Dragon Pulse|p2a: Druddimelon\n|-supereffective|p2a: Druddimelon\n|-damage|p2a: Druddimelon|70\/100\n|move|p2a: Druddimelon|Stealth Rock|p1a: Serperior\n|-sidestart|p1: orange(first time)|move: Stealth Rock\n|\n|upkeep\n|turn|2\n|\n|t:|1701058870\n|move|p1a: Serperior|Dragon Pulse|p2a: Druddimelon\n|-supereffective|p2a: Druddimelon\n|-damage|p2a: Druddimelon|37\/100\n|move|p2a: Druddimelon|Rock Climb|p1a: Serperior|[miss]\n|-miss|p2a: Druddimelon|p1a: Serperior\n|\n|upkeep\n|turn|3\n|\n|t:|1701058876\n|move|p1a: Serperior|Dragon Pulse|p2a: Druddimelon\n|-supereffective|p2a: Druddimelon\n|-damage|p2a: Druddimelon|7\/100\n|move|p2a: Druddimelon|Rock Climb|p1a: Serperior\n|-damage|p1a: Serperior|75\/100\n|\n|upkeep\n|turn|4\n|\n|t:|1701058883\n|move|p1a: Serperior|Dragon Pulse|p2a: Druddimelon\n|-supereffective|p2a: Druddimelon\n|-damage|p2a: Druddimelon|0 fnt\n|faint|p2a: Druddimelon\n|\n|upkeep\n|\n|t:|1701058890\n|switch|p2a: Boom B**ch|Noivern, M|100\/100\n|turn|5\n|\n|t:|1701058894\n|move|p2a: Boom B**ch|Boomburst|p1a: Serperior\n|-damage|p1a: Serperior|35\/100\n|-enditem|p2a: Boom B**ch|Throat Spray\n|-boost|p2a: Boom B**ch|spa|1|[from] item: Throat Spray\n|move|p1a: Serperior|Dragon Pulse|p2a: Boom B**ch\n|-supereffective|p2a: Boom B**ch\n|-damage|p2a: Boom B**ch|59\/100\n|\n|upkeep\n|turn|6\n|\n|t:|1701058903\n|move|p2a: Boom B**ch|Air Slash|p1a: Serperior\n|-supereffective|p1a: Serperior\n|-damage|p1a: Serperior|0 fnt\n|faint|p1a: Serperior\n|\n|upkeep\n|inactive|Battle timer is ON: inactive players will automatically lose when time's up. (requested by Xero Dracohart)\n|\n|t:|1701058910\n|switch|p1a: Corviknight|Corviknight, M|100\/100\n|turn|7\n|\n|t:|1701058914\n|move|p2a: Boom B**ch|Flamethrower|p1a: Corviknight\n|-supereffective|p1a: Corviknight\n|-damage|p1a: Corviknight|27\/100\n|move|p1a: Corviknight|Agility|p1a: Corviknight\n|-boost|p1a: Corviknight|spe|2\n|\n|upkeep\n|turn|8\n|\n|t:|1701058923\n|move|p1a: Corviknight|Flash Cannon|p2a: Boom B**ch\n|-damage|p2a: Boom B**ch|35\/100\n|move|p2a: Boom B**ch|Flamethrower|p1a: Corviknight\n|-supereffective|p1a: Corviknight\n|-damage|p1a: Corviknight|0 fnt\n|faint|p1a: Corviknight\n|\n|upkeep\n|\n|t:|1701058934\n|switch|p1a: Garchomp|Garchomp, M|100\/100\n|-damage|p1a: Garchomp|94\/100|[from] Stealth Rock\n|turn|9\n|\n|t:|1701058942\n|detailschange|p1a: Garchomp|Garchomp-Mega, M\n|-mega|p1a: Garchomp|Garchomp|Garchompite\n|move|p2a: Boom B**ch|Dragon Pulse|p1a: Garchomp\n|-supereffective|p1a: Garchomp\n|-damage|p1a: Garchomp|0 fnt\n|faint|p1a: Garchomp\n|\n|upkeep\n|\n|t:|1701058951\n|switch|p1a: Pelipper|Pelipper, F|100\/100\n|-damage|p1a: Pelipper|76\/100|[from] Stealth Rock\n|-weather|RainDance|[from] ability: Drizzle|[of] p1a: Pelipper\n|turn|10\n|\n|t:|1701058958\n|-terastallize|p2a: Boom B**ch|Normal\n|move|p2a: Boom B**ch|Boomburst|p1a: Pelipper\n|-damage|p1a: Pelipper|0 fnt\n|faint|p1a: Pelipper\n|\n|-weather|RainDance|[upkeep]\n|upkeep\n|\n|t:|1701058971\n|switch|p1a: Altaria|Altaria, M|100\/100\n|-damage|p1a: Altaria|76\/100|[from] Stealth Rock\n|-ability|p1a: Altaria|Cloud Nine\n|turn|11\n|\n|t:|1701058978\n|move|p2a: Boom B**ch|Boomburst|p1a: Altaria\n|-damage|p1a: Altaria|0 fnt\n|faint|p1a: Altaria\n|\n|-weather|RainDance|[upkeep]\n|upkeep\n|\n|t:|1701058986\n|switch|p1a: Moltres|Moltres|100\/100\n|-damage|p1a: Moltres|50\/100|[from] Stealth Rock\n|turn|12\n|\n|t:|1701058991\n|move|p2a: Boom B**ch|Boomburst|p1a: Moltres\n|-damage|p1a: Moltres|0 fnt\n|faint|p1a: Moltres\n|\n|win|Xero Dracohart\n|raw|orange(first time)'s rating: 1045 &rarr; <strong>1027<\/strong><br \/>(-18 for losing)\n|raw|Xero Dracohart's rating: 1025 &rarr; <strong>1063<\/strong><br \/>(+38 for winning)\n|l|\u2606orange(first time)\n","uploadtime":1701058999,"views":15,"p1id":"orangefirsttime","p2id":"xerodracohart","formatid":"gen9nationaldex","rating":1027,"private":0,"password":""}