{"id":"gen9nationaldex-1989671384","p1":"Amber-acid","p2":"Rossyoh","format":"[Gen 9] National Dex","log":"|j|\u2606Amber-acid\n|j|\u2606Rossyoh\n|t:|1699885377\n|gametype|singles\n|player|p1|Amber-acid|265|1387\n|player|p2|Rossyoh|n|1354\n|teamsize|p1|6\n|teamsize|p2|6\n|gen|9\n|tier|[Gen 9] National Dex\n|rated|\n|rule|HP Percentage Mod: HP is shown in percentages\n|rule|Endless Battle Clause: Forcing endless battles is banned\n|rule|OHKO Clause: OHKO moves are banned\n|rule|Evasion Clause: Evasion abilities, items, and moves are banned\n|rule|Evasion Abilities Clause: Evasion abilities are banned\n|rule|Evasion Items Clause: Evasion items are banned\n|rule|Evasion Moves Clause: Evasion moves are banned\n|rule|Species Clause: Limit one of each Pok\u00e9mon\n|rule|Sleep Clause Mod: Limit one foe put to sleep\n|clearpoke\n|poke|p1|Pelipper, M|\n|poke|p1|Barraskewda, M|\n|poke|p1|Swampert, M|\n|poke|p1|Moltres|\n|poke|p1|Ferrothorn, M|\n|poke|p1|Kingdra, M|\n|poke|p2|Corsola-Galar, M|\n|poke|p2|Blissey, F|\n|poke|p2|Deoxys-Defense|\n|poke|p2|Diancie|\n|poke|p2|Goodra-Hisui, F|\n|poke|p2|Iron Valiant|\n|teampreview\n|\n|t:|1699885391\n|start\n|switch|p1a: Barraskewda|Barraskewda, M, shiny|100\/100\n|switch|p2a: I hate my life.V3|Deoxys-Defense, shiny|100\/100\n|-ability|p2a: I hate my life.V3|Pressure\n|turn|1\n|\n|t:|1699885412\n|move|p2a: I hate my life.V3|Thunder Wave|p1a: Barraskewda\n|-status|p1a: Barraskewda|par\n|move|p1a: Barraskewda|Flip Turn|p2a: I hate my life.V3\n|-damage|p2a: I hate my life.V3|58\/100\n|\n|t:|1699885423\n|switch|p1a: Pelipper|Pelipper, M|100\/100|[from] Flip Turn\n|-weather|RainDance|[from] ability: Drizzle|[of] p1a: Pelipper\n|\n|-weather|RainDance|[upkeep]\n|upkeep\n|turn|2\n|\n|t:|1699885433\n|switch|p2a: Gorilla Glue|Goodra-Hisui, F, shiny|100\/100\n|move|p1a: Pelipper|U-turn|p2a: Gorilla Glue\n|-resisted|p2a: Gorilla Glue\n|-damage|p2a: Gorilla Glue|96\/100\n|-ability|p2a: Gorilla Glue|Gooey\n|-unboost|p1a: Pelipper|spe|1\n|\n|t:|1699885441\n|switch|p1a: Swampert|Swampert, M|100\/100|[from] U-turn\n|\n|-weather|RainDance|[upkeep]\n|upkeep\n|turn|3\n|\n|t:|1699885451\n|switch|p2a: Grim reefer|Corsola-Galar, M, shiny|100\/100\n|detailschange|p1a: Swampert|Swampert-Mega, M\n|-mega|p1a: Swampert|Swampert|Swampertite\n|move|p1a: Swampert|Earthquake|p2a: Grim reefer\n|-damage|p2a: Grim reefer|63\/100\n|-start|p1a: Swampert|Disable|Earthquake|[from] ability: Cursed Body|[of] p2a: Grim reefer\n|\n|-weather|RainDance|[upkeep]\n|upkeep\n|turn|4\n|\n|t:|1699885462\n|move|p1a: Swampert|Liquidation|p2a: Grim reefer\n|-damage|p2a: Grim reefer|14\/100\n|move|p2a: Grim reefer|Will-O-Wisp|p1a: Swampert\n|-status|p1a: Swampert|brn\n|\n|-weather|RainDance|[upkeep]\n|-damage|p1a: Swampert|94\/100 brn|[from] brn\n|upkeep\n|turn|5\n|\n|t:|1699885470\n|move|p1a: Swampert|Liquidation|p2a: Grim reefer\n|-damage|p2a: Grim reefer|0 fnt\n|faint|p2a: Grim reefer\n|\n|-weather|RainDance|[upkeep]\n|-damage|p1a: Swampert|88\/100 brn|[from] brn\n|upkeep\n|\n|t:|1699885477\n|switch|p2a: Iron Man(wish.com)|Iron Valiant, shiny|100\/100\n|-enditem|p2a: Iron Man(wish.com)|Booster Energy\n|-activate|p2a: Iron Man(wish.com)|ability: Quark Drive|[fromitem]\n|-start|p2a: Iron Man(wish.com)|quarkdrivespe\n|turn|6\n|\n|t:|1699885482\n|switch|p1a: Moltres|Moltres|100\/100\n|move|p2a: Iron Man(wish.com)|Leaf Blade|p1a: Moltres\n|-resisted|p1a: Moltres\n|-damage|p1a: Moltres|95\/100\n|\n|-weather|RainDance|[upkeep]\n|upkeep\n|turn|7\n|\n|t:|1699885494\n|-end|p2a: Iron Man(wish.com)|Quark Drive|[silent]\n|switch|p2a: Crazy Diamond|Diancie, shiny|100\/100\n|move|p1a: Moltres|Hurricane|p2a: Crazy Diamond\n|-resisted|p2a: Crazy Diamond\n|-damage|p2a: Crazy Diamond|79\/100\n|\n|-weather|RainDance|[upkeep]\n|upkeep\n|turn|8\n|\n|t:|1699885506\n|switch|p1a: Ferrothorn|Ferrothorn, M|100\/100\n|detailschange|p2a: Crazy Diamond|Diancie-Mega, shiny\n|-mega|p2a: Crazy Diamond|Diancie|Diancite\n|move|p2a: Crazy Diamond|Power Gem|p1a: Ferrothorn\n|-resisted|p1a: Ferrothorn\n|-damage|p1a: Ferrothorn|85\/100\n|\n|-weather|none\n|upkeep\n|turn|9\n|\n|t:|1699885516\n|switch|p2a: I hate my life.V3|Deoxys-Defense, shiny|58\/100\n|-ability|p2a: I hate my life.V3|Pressure\n|move|p1a: Ferrothorn|Stealth Rock|p2a: I hate my life.V3\n|-sidestart|p2: Rossyoh|move: Stealth Rock\n|\n|upkeep\n|turn|10\n|\n|t:|1699885523\n|switch|p1a: Pelipper|Pelipper, M|100\/100\n|-weather|RainDance|[from] ability: Drizzle|[of] p1a: Pelipper\n|move|p2a: I hate my life.V3|Trick|p1a: Pelipper\n|-activate|p2a: I hate my life.V3|move: Trick|[of] p1a: Pelipper\n|-item|p1a: Pelipper|Choice Scarf|[from] move: Trick\n|-item|p2a: I hate my life.V3|Damp Rock|[from] move: Trick\n|\n|-weather|RainDance|[upkeep]\n|upkeep\n|turn|11\n|\n|t:|1699885533\n|move|p2a: I hate my life.V3|Stealth Rock|p1a: Pelipper\n|-sidestart|p1: Amber-acid|move: Stealth Rock\n|move|p1a: Pelipper|U-turn|p2a: I hate my life.V3\n|-supereffective|p2a: I hate my life.V3\n|-damage|p2a: I hate my life.V3|44\/100\n|\n|t:|1699885539\n|switch|p1a: Kingdra|Kingdra, M|100\/100|[from] U-turn\n|-damage|p1a: Kingdra|88\/100|[from] Stealth Rock\n|\n|-weather|RainDance|[upkeep]\n|upkeep\n|turn|12\n|\n|t:|1699885547\n|-terastallize|p1a: Kingdra|Water\n|move|p1a: Kingdra|Surf|p2a: I hate my life.V3\n|-damage|p2a: I hate my life.V3|0 fnt\n|faint|p2a: I hate my life.V3\n|-damage|p1a: Kingdra|78\/100|[from] item: Life Orb\n|\n|-weather|RainDance|[upkeep]\n|upkeep\n|\n|t:|1699885557\n|switch|p2a: Iron Man(wish.com)|Iron Valiant, shiny|100\/100\n|-damage|p2a: Iron Man(wish.com)|94\/100|[from] Stealth Rock\n|turn|13\n|\n|t:|1699885565\n|move|p1a: Kingdra|Surf|p2a: Iron Man(wish.com)\n|-damage|p2a: Iron Man(wish.com)|0 fnt\n|faint|p2a: Iron Man(wish.com)\n|-end|p2a: Iron Man(wish.com)|Quark Drive|[silent]\n|-damage|p1a: Kingdra|68\/100|[from] item: Life Orb\n|\n|-weather|RainDance|[upkeep]\n|upkeep\n|\n|t:|1699885569\n|switch|p2a: Gorilla Glue|Goodra-Hisui, F, shiny|96\/100\n|-damage|p2a: Gorilla Glue|90\/100|[from] Stealth Rock\n|turn|14\n|\n|t:|1699885573\n|move|p1a: Kingdra|Surf|p2a: Gorilla Glue\n|-resisted|p2a: Gorilla Glue\n|-damage|p2a: Gorilla Glue|64\/100\n|-damage|p1a: Kingdra|58\/100|[from] item: Life Orb\n|move|p2a: Gorilla Glue|Thunderbolt|p1a: Kingdra\n|-supereffective|p1a: Kingdra\n|-damage|p1a: Kingdra|0 fnt\n|faint|p1a: Kingdra\n|\n|-weather|RainDance|[upkeep]\n|upkeep\n|\n|t:|1699885584\n|switch|p1a: Swampert|Swampert-Mega, M|88\/100 brn\n|-damage|p1a: Swampert|82\/100 brn|[from] Stealth Rock\n|turn|15\n|\n|t:|1699885589\n|-terastallize|p2a: Gorilla Glue|Flying\n|move|p1a: Swampert|Earthquake|p2a: Gorilla Glue\n|-immune|p2a: Gorilla Glue\n|move|p2a: Gorilla Glue|Ice Beam|p1a: Swampert\n|-damage|p1a: Swampert|55\/100 brn\n|\n|-weather|RainDance|[upkeep]\n|-damage|p1a: Swampert|49\/100 brn|[from] brn\n|upkeep\n|turn|16\n|\n|t:|1699885599\n|move|p1a: Swampert|Liquidation|p2a: Gorilla Glue\n|-damage|p2a: Gorilla Glue|26\/100\n|-ability|p2a: Gorilla Glue|Gooey\n|-unboost|p1a: Swampert|spe|1\n|move|p2a: Gorilla Glue|Ice Beam|p1a: Swampert\n|-damage|p1a: Swampert|19\/100 brn\n|\n|-weather|RainDance|[upkeep]\n|-damage|p1a: Swampert|13\/100 brn|[from] brn\n|upkeep\n|turn|17\n|\n|t:|1699885609\n|move|p1a: Swampert|Liquidation|p2a: Gorilla Glue\n|-damage|p2a: Gorilla Glue|0 fnt\n|-ability|p2a: Gorilla Glue|Gooey\n|-unboost|p1a: Swampert|spe|1\n|faint|p2a: Gorilla Glue\n|\n|-weather|none\n|-damage|p1a: Swampert|7\/100 brn|[from] brn\n|upkeep\n|\n|t:|1699885617\n|switch|p2a: Crazy Diamond|Diancie-Mega, shiny|79\/100\n|-damage|p2a: Crazy Diamond|67\/100|[from] Stealth Rock\n|turn|18\n|\n|t:|1699885631\n|move|p2a: Crazy Diamond|Moonblast|p1a: Swampert\n|-damage|p1a: Swampert|0 fnt\n|faint|p1a: Swampert\n|\n|upkeep\n|\n|t:|1699885635\n|switch|p1a: Pelipper|Pelipper, M|100\/100\n|-damage|p1a: Pelipper|76\/100|[from] Stealth Rock\n|-weather|RainDance|[from] ability: Drizzle|[of] p1a: Pelipper\n|turn|19\n|\n|t:|1699885645\n|move|p2a: Crazy Diamond|Moonblast|p1a: Pelipper\n|-damage|p1a: Pelipper|12\/100\n|-unboost|p1a: Pelipper|spa|1\n|move|p1a: Pelipper|U-turn|p2a: Crazy Diamond\n|-resisted|p2a: Crazy Diamond\n|-damage|p2a: Crazy Diamond|62\/100\n|\n|t:|1699885652\n|switch|p1a: Barraskewda|Barraskewda, M, shiny|100\/100 par|[from] U-turn\n|-damage|p1a: Barraskewda|88\/100 par|[from] Stealth Rock\n|\n|-weather|RainDance|[upkeep]\n|upkeep\n|turn|20\n|\n|t:|1699885659\n|switch|p2a: Discord admin|Blissey, F, shiny|100\/100\n|-damage|p2a: Discord admin|88\/100|[from] Stealth Rock\n|move|p1a: Barraskewda|Close Combat|p2a: Discord admin\n|-supereffective|p2a: Discord admin\n|-damage|p2a: Discord admin|0 fnt\n|-unboost|p1a: Barraskewda|def|1\n|-unboost|p1a: Barraskewda|spd|1\n|faint|p2a: Discord admin\n|\n|-weather|RainDance|[upkeep]\n|upkeep\n|\n|t:|1699885669\n|switch|p2a: Crazy Diamond|Diancie-Mega, shiny|62\/100\n|-damage|p2a: Crazy Diamond|49\/100|[from] Stealth Rock\n|turn|21\n|\n|t:|1699885673\n|move|p1a: Barraskewda|Close Combat|p2a: Crazy Diamond\n|-damage|p2a: Crazy Diamond|0 fnt\n|-unboost|p1a: Barraskewda|def|1\n|-unboost|p1a: Barraskewda|spd|1\n|faint|p2a: Crazy Diamond\n|\n|win|Amber-acid\n|raw|Amber-acid's rating: 1387 &rarr; <strong>1405<\/strong><br \/>(+18 for winning)\n|raw|Rossyoh's rating: 1354 &rarr; <strong>1336<\/strong><br \/>(-18 for losing)\n|l|\u2606Rossyoh\n","uploadtime":1699885682,"views":13,"p1id":"amberacid","p2id":"rossyoh","formatid":"gen9nationaldex","rating":1336,"private":0,"password":""}