{"id":"gen9nationaldex-2000105887","p1":"Lord Locks","p2":"phong86756","format":"[Gen 9] National Dex","log":"|html|<div class=\"broadcast-blue\"><strong>[Gen 9] National Dex is currently suspecting Sneasler! For information on how to participate check out the <a href=\"https:\/\/www.smogon.com\/forums\/threads\/sv-national-dex-suspect-8-just-dance.3731534\/\">suspect thread<\/a>.<\/strong><\/div>\n|j|\u2606Lord Locks\n|j|\u2606phong86756\n|t:|1701155857\n|gametype|singles\n|player|p1|Lord Locks|red|1083\n|player|p2|phong86756|waitress-gen4|1187\n|teamsize|p1|6\n|teamsize|p2|6\n|gen|9\n|tier|[Gen 9] National Dex\n|rated|\n|rule|HP Percentage Mod: HP is shown in percentages\n|rule|Endless Battle Clause: Forcing endless battles is banned\n|rule|OHKO Clause: OHKO moves are banned\n|rule|Evasion Clause: Evasion abilities, items, and moves are banned\n|rule|Evasion Abilities Clause: Evasion abilities are banned\n|rule|Evasion Items Clause: Evasion items are banned\n|rule|Evasion Moves Clause: Evasion moves are banned\n|rule|Species Clause: Limit one of each Pok\u00e9mon\n|rule|Sleep Clause Mod: Limit one foe put to sleep\n|clearpoke\n|poke|p1|Dragonite, F|\n|poke|p1|Pikachu-Original, M|\n|poke|p1|Espeon, M|\n|poke|p1|Umbreon, M|\n|poke|p1|Gengar, F|\n|poke|p1|Clefable, M|\n|poke|p2|Shuckle, F|\n|poke|p2|Charizard, F|\n|poke|p2|Urshifu-*, F|\n|poke|p2|Blaziken, F|\n|poke|p2|Enamorus, F|\n|poke|p2|Avalugg, M|\n|teampreview\n|inactive|Battle timer is ON: inactive players will automatically lose when time's up. (requested by Lord Locks)\n|\n|t:|1701155866\n|start\n|switch|p1a: Pikachu|Pikachu-Original, M|100\/100\n|switch|p2a: Shuckle|Shuckle, F|100\/100\n|turn|1\n|\n|t:|1701155876\n|move|p1a: Pikachu|Fake Out|p2a: Shuckle\n|-resisted|p2a: Shuckle\n|-damage|p2a: Shuckle|97\/100\n|-damage|p1a: Pikachu|84\/100|[from] item: Rocky Helmet|[of] p2a: Shuckle\n|cant|p2a: Shuckle|flinch\n|\n|upkeep\n|turn|2\n|\n|t:|1701155884\n|move|p1a: Pikachu|Volt Switch|p2a: Shuckle\n|-damage|p2a: Shuckle|75\/100\n|\n|t:|1701155895\n|switch|p1a: Clefable|Clefable, M, shiny|100\/100|[from] Volt Switch\n|move|p2a: Shuckle|Sticky Web|p1a: Clefable\n|-sidestart|p1: Lord Locks|move: Sticky Web\n|\n|upkeep\n|turn|3\n|\n|t:|1701155902\n|move|p1a: Clefable|Fire Blast|p2a: Shuckle\n|-damage|p2a: Shuckle|53\/100\n|move|p2a: Shuckle|Knock Off|p1a: Clefable\n|-resisted|p1a: Clefable\n|-damage|p1a: Clefable|97\/100\n|-enditem|p1a: Clefable|Life Orb|[from] move: Knock Off|[of] p2a: Shuckle\n|\n|upkeep\n|turn|4\n|\n|t:|1701155914\n|switch|p2a: Charizard|Charizard, F|100\/100\n|move|p1a: Clefable|Water Pulse|p2a: Charizard\n|-supereffective|p2a: Charizard\n|-damage|p2a: Charizard|54\/100\n|\n|upkeep\n|turn|5\n|\n|t:|1701155933\n|detailschange|p2a: Charizard|Charizard-Mega-Y, F\n|-mega|p2a: Charizard|Charizard|Charizardite Y\n|-weather|SunnyDay|[from] ability: Drought|[of] p2a: Charizard\n|move|p2a: Charizard|Fire Blast|p1a: Clefable\n|-damage|p1a: Clefable|0 fnt\n|faint|p1a: Clefable\n|\n|-weather|SunnyDay|[upkeep]\n|upkeep\n|\n|t:|1701155949\n|switch|p1a: Pikachu|Pikachu-Original, M|84\/100\n|-activate|p1a: Pikachu|move: Sticky Web\n|-unboost|p1a: Pikachu|spe|1\n|turn|6\n|\n|t:|1701155963\n|switch|p2a: Shuckle|Shuckle, F|53\/100\n|move|p1a: Pikachu|Fake Out|p2a: Shuckle\n|-resisted|p2a: Shuckle\n|-damage|p2a: Shuckle|49\/100\n|-damage|p1a: Pikachu|67\/100|[from] item: Rocky Helmet|[of] p2a: Shuckle\n|\n|-weather|SunnyDay|[upkeep]\n|upkeep\n|turn|7\n|\n|t:|1701155974\n|move|p1a: Pikachu|Volt Switch|p2a: Shuckle\n|-damage|p2a: Shuckle|25\/100\n|\n|t:|1701155981\n|switch|p1a: Umbreon|Umbreon, M, shiny|100\/100|[from] Volt Switch\n|-activate|p1a: Umbreon|move: Sticky Web\n|-unboost|p1a: Umbreon|spe|1\n|move|p2a: Shuckle|Knock Off|p1a: Umbreon\n|-resisted|p1a: Umbreon\n|-damage|p1a: Umbreon|99\/100\n|-damage|p2a: Shuckle|9\/100|[from] item: Rocky Helmet|[of] p1a: Umbreon\n|-enditem|p1a: Umbreon|Rocky Helmet|[from] move: Knock Off|[of] p2a: Shuckle\n|\n|-weather|SunnyDay|[upkeep]\n|upkeep\n|turn|8\n|\n|t:|1701155996\n|move|p1a: Umbreon|Copycat|p1a: Umbreon\n|move|p1a: Umbreon|Knock Off|p2a: Shuckle|[from]move: Copycat\n|-damage|p2a: Shuckle|0 fnt\n|-damage|p1a: Umbreon|82\/100|[from] item: Rocky Helmet|[of] p2a: Shuckle\n|-enditem|p2a: Shuckle|Rocky Helmet|[from] move: Knock Off|[of] p1a: Umbreon\n|faint|p2a: Shuckle\n|\n|-weather|SunnyDay|[upkeep]\n|upkeep\n|\n|t:|1701156007\n|switch|p2a: Charizard|Charizard-Mega-Y, F|54\/100\n|turn|9\n|\n|t:|1701156011\n|move|p2a: Charizard|Fire Blast|p1a: Umbreon\n|-damage|p1a: Umbreon|9\/100\n|move|p1a: Umbreon|Toxic|p2a: Charizard\n|-status|p2a: Charizard|tox\n|\n|-weather|none\n|-damage|p2a: Charizard|48\/100 tox|[from] psn\n|upkeep\n|turn|10\n|\n|t:|1701156019\n|move|p1a: Umbreon|Protect|p1a: Umbreon\n|-singleturn|p1a: Umbreon|Protect\n|move|p2a: Charizard|Roost|p2a: Charizard\n|-heal|p2a: Charizard|98\/100 tox\n|-singleturn|p2a: Charizard|move: Roost\n|\n|-damage|p2a: Charizard|86\/100 tox|[from] psn\n|upkeep\n|turn|11\n|\n|t:|1701156035\n|move|p2a: Charizard|Scorching Sands|p1a: Umbreon\n|-damage|p1a: Umbreon|0 fnt\n|faint|p1a: Umbreon\n|\n|-damage|p2a: Charizard|68\/100 tox|[from] psn\n|upkeep\n|\n|t:|1701156043\n|switch|p1a: Pikachu|Pikachu-Original, M|67\/100\n|-activate|p1a: Pikachu|move: Sticky Web\n|-unboost|p1a: Pikachu|spe|1\n|turn|12\n|\n|t:|1701156048\n|move|p1a: Pikachu|Fake Out|p2a: Charizard\n|-damage|p2a: Charizard|51\/100 tox\n|cant|p2a: Charizard|flinch\n|\n|-damage|p2a: Charizard|27\/100 tox|[from] psn\n|upkeep\n|turn|13\n|\n|t:|1701156055\n|move|p1a: Pikachu|Protect|p1a: Pikachu\n|-singleturn|p1a: Pikachu|Protect\n|move|p2a: Charizard|Scorching Sands|p1a: Pikachu\n|-activate|p1a: Pikachu|move: Protect\n|\n|-damage|p2a: Charizard|0 fnt|[from] psn\n|faint|p2a: Charizard\n|upkeep\n|\n|t:|1701156065\n|switch|p2a: Blaziken|Blaziken, F|100\/100\n|turn|14\n|\n|t:|1701156072\n|move|p2a: Blaziken|Bulk Up|p2a: Blaziken\n|-boost|p2a: Blaziken|atk|1\n|-boost|p2a: Blaziken|def|1\n|move|p1a: Pikachu|Volt Switch|p2a: Blaziken\n|-damage|p2a: Blaziken|44\/100\n|\n|t:|1701156080\n|switch|p1a: Dragonite|Dragonite, F|100\/100|[from] Volt Switch\n|\n|-ability|p2a: Blaziken|Speed Boost|boost\n|-boost|p2a: Blaziken|spe|1\n|upkeep\n|turn|15\n|\n|t:|1701156087\n|move|p1a: Dragonite|Extreme Speed|p2a: Blaziken\n|-damage|p2a: Blaziken|15\/100\n|move|p2a: Blaziken|Thunder Punch|p1a: Dragonite\n|-damage|p1a: Dragonite|83\/100\n|-damage|p2a: Blaziken|0 fnt|[from] item: Rocky Helmet|[of] p1a: Dragonite\n|faint|p2a: Blaziken\n|\n|upkeep\n|\n|t:|1701156095\n|switch|p2a: Avalugg|Avalugg, M|100\/100\n|turn|16\n|\n|t:|1701156107\n|switch|p1a: Gengar|Gengar, F, shiny|100\/100\n|-activate|p1a: Gengar|move: Sticky Web\n|-unboost|p1a: Gengar|spe|1\n|move|p2a: Avalugg|Toxic|p1a: Gengar\n|-immune|p1a: Gengar\n|\n|upkeep\n|turn|17\n|\n|t:|1701156116\n|move|p1a: Gengar|Trick|p2a: Avalugg\n|-activate|p1a: Gengar|move: Trick|[of] p2a: Avalugg\n|-item|p2a: Avalugg|Toxic Orb|[from] move: Trick\n|-item|p1a: Gengar|Heavy-Duty Boots|[from] move: Trick\n|move|p2a: Avalugg|Roar|p1a: Gengar\n|drag|p1a: Pikachu|Pikachu-Original, M|67\/100\n|-activate|p1a: Pikachu|move: Sticky Web\n|-unboost|p1a: Pikachu|spe|1\n|\n|-status|p2a: Avalugg|tox|[from] item: Toxic Orb\n|upkeep\n|turn|18\n|\n|t:|1701156130\n|switch|p1a: Gengar|Gengar, F, shiny|100\/100\n|move|p2a: Avalugg|Rapid Spin|p1a: Gengar\n|-immune|p1a: Gengar\n|\n|-damage|p2a: Avalugg|94\/100 tox|[from] psn\n|upkeep\n|turn|19\n|\n|t:|1701156139\n|move|p1a: Gengar|Encore|p2a: Avalugg\n|-start|p2a: Avalugg|Encore\n|move|p2a: Avalugg|Rapid Spin|p1a: Gengar\n|-immune|p1a: Gengar\n|\n|-damage|p2a: Avalugg|82\/100 tox|[from] psn\n|upkeep\n|turn|20\n|\n|t:|1701156150\n|switch|p2a: Enamorus|Enamorus, F|100\/100\n|move|p1a: Gengar|Sludge Bomb|p2a: Enamorus\n|-supereffective|p2a: Enamorus\n|-damage|p2a: Enamorus|1\/100\n|\n|upkeep\n|turn|21\n|\n|t:|1701156172\n|move|p1a: Gengar|Sludge Bomb|p2a: Enamorus\n|-supereffective|p2a: Enamorus\n|-damage|p2a: Enamorus|0 fnt\n|faint|p2a: Enamorus\n|\n|upkeep\n|\n|t:|1701156178\n|switch|p2a: Urshifu|Urshifu-Rapid-Strike, F|100\/100\n|turn|22\n|\n|t:|1701156191\n|-terastallize|p2a: Urshifu|Water\n|move|p1a: Gengar|Sludge Bomb|p2a: Urshifu\n|-damage|p2a: Urshifu|49\/100\n|move|p2a: Urshifu|Surging Strikes|p1a: Gengar\n|-crit|p1a: Gengar\n|-damage|p1a: Gengar|19\/100\n|-crit|p1a: Gengar\n|-damage|p1a: Gengar|0 fnt\n|faint|p1a: Gengar\n|-hitcount|p1: Gengar|2\n|\n|upkeep\n|\n|t:|1701156200\n|switch|p1a: Pikachu|Pikachu-Original, M|67\/100\n|-activate|p1a: Pikachu|move: Sticky Web\n|-unboost|p1a: Pikachu|spe|1\n|turn|23\n|\n|t:|1701156209\n|move|p2a: Urshifu|Surging Strikes|p1a: Pikachu\n|-crit|p1a: Pikachu\n|-damage|p1a: Pikachu|0 fnt\n|faint|p1a: Pikachu\n|-hitcount|p1: Pikachu|1\n|\n|upkeep\n|\n|t:|1701156216\n|switch|p1a: Dragonite|Dragonite, F|83\/100\n|turn|24\n|\n|t:|1701156220\n|switch|p2a: Avalugg|Avalugg, M|82\/100 tox\n|move|p1a: Dragonite|Extreme Speed|p2a: Avalugg\n|-damage|p2a: Avalugg|69\/100 tox\n|\n|-damage|p2a: Avalugg|63\/100 tox|[from] psn\n|upkeep\n|turn|25\n|\n|t:|1701156234\n|move|p1a: Dragonite|Roost|p1a: Dragonite\n|-heal|p1a: Dragonite|100\/100\n|-singleturn|p1a: Dragonite|move: Roost\n|move|p2a: Avalugg|Toxic|p1a: Dragonite\n|-status|p1a: Dragonite|tox\n|\n|-damage|p1a: Dragonite|94\/100 tox|[from] psn\n|-damage|p2a: Avalugg|51\/100 tox|[from] psn\n|upkeep\n|turn|26\n|\n|t:|1701156242\n|move|p1a: Dragonite|Extreme Speed|p2a: Avalugg\n|-damage|p2a: Avalugg|39\/100 tox\n|move|p2a: Avalugg|Rest|p2a: Avalugg\n|-status|p2a: Avalugg|slp|[from] move: Rest\n|-heal|p2a: Avalugg|100\/100 slp|[silent]\n|\n|-damage|p1a: Dragonite|82\/100 tox|[from] psn\n|upkeep\n|turn|27\n|\n|t:|1701156250\n|switch|p1a: Espeon|Espeon, M|100\/100\n|-activate|p1a: Espeon|move: Sticky Web\n|-unboost|p1a: Espeon|spe|1\n|cant|p2a: Avalugg|slp\n|\n|upkeep\n|turn|28\n|\n|t:|1701156259\n|move|p1a: Espeon|Hidden Power|p2a: Avalugg\n|-supereffective|p2a: Avalugg\n|-damage|p2a: Avalugg|31\/100 slp\n|cant|p2a: Avalugg|slp\n|\n|upkeep\n|turn|29\n|\n|t:|1701156265\n|move|p1a: Espeon|Hidden Power|p2a: Avalugg\n|-supereffective|p2a: Avalugg\n|-damage|p2a: Avalugg|0 fnt\n|faint|p2a: Avalugg\n|\n|upkeep\n|\n|t:|1701156270\n|switch|p2a: Urshifu|Urshifu-Rapid-Strike, F, tera:Water|49\/100\n|turn|30\n|\n|t:|1701156277\n|switch|p1a: Dragonite|Dragonite, F|82\/100 tox\n|move|p2a: Urshifu|Surging Strikes|p1a: Dragonite\n|-resisted|p1a: Dragonite\n|-crit|p1a: Dragonite\n|-damage|p1a: Dragonite|65\/100 tox\n|-damage|p2a: Urshifu|33\/100|[from] item: Rocky Helmet|[of] p1a: Dragonite\n|-resisted|p1a: Dragonite\n|-crit|p1a: Dragonite\n|-damage|p1a: Dragonite|48\/100 tox\n|-damage|p2a: Urshifu|16\/100|[from] item: Rocky Helmet|[of] p1a: Dragonite\n|-resisted|p1a: Dragonite\n|-crit|p1a: Dragonite\n|-damage|p1a: Dragonite|31\/100 tox\n|-damage|p2a: Urshifu|0 fnt|[from] item: Rocky Helmet|[of] p1a: Dragonite\n|faint|p2a: Urshifu\n|\n|win|Lord Locks\n|-hitcount|p1a: Dragonite|3\n|raw|Lord Locks's rating: 1083 &rarr; <strong>1119<\/strong><br \/>(+36 for winning)\n|raw|phong86756's rating: 1187 &rarr; <strong>1155<\/strong><br \/>(-32 for losing)\n|l|\u2606phong86756\n|c|\u2606Lord Locks|Gg\n","uploadtime":1701156304,"views":9,"p1id":"lordlocks","p2id":"phong86756","formatid":"gen9nationaldex","rating":1119,"private":0,"password":""}