{"id":"gen9nationaldex-1990488556","p1":"chige5464","p2":"lavapigskinl","format":"[Gen 9] National Dex","log":"|j|\u2606chige5464\n|j|\u2606lavapigskinl\n|t:|1699975541\n|gametype|singles\n|player|p1|chige5464|preschooler|\n|player|p2|lavapigskinl|266|\n|teamsize|p1|6\n|teamsize|p2|6\n|gen|9\n|tier|[Gen 9] National Dex\n|rule|HP Percentage Mod: HP is shown in percentages\n|rule|Endless Battle Clause: Forcing endless battles is banned\n|rule|OHKO Clause: OHKO moves are banned\n|rule|Evasion Clause: Evasion abilities, items, and moves are banned\n|rule|Evasion Abilities Clause: Evasion abilities are banned\n|rule|Evasion Items Clause: Evasion items are banned\n|rule|Evasion Moves Clause: Evasion moves are banned\n|rule|Species Clause: Limit one of each Pok\u00e9mon\n|rule|Sleep Clause Mod: Limit one foe put to sleep\n|clearpoke\n|poke|p1|Primarina, M|\n|poke|p1|Corviknight, M|\n|poke|p1|Ferrothorn, M|\n|poke|p1|Banette, M|\n|poke|p1|Dragonite, F|\n|poke|p1|Zoroark, M|\n|poke|p2|Tyranitar, M|\n|poke|p2|Ferrothorn, M|\n|poke|p2|Corviknight, F|\n|poke|p2|Excadrill, F|\n|poke|p2|Toxapex, F|\n|poke|p2|Rotom-Wash|\n|teampreview\n|\n|t:|1699975571\n|start\n|switch|p1a: Corviknight|Corviknight, M, shiny|100\/100\n|switch|p2a: Tyranitar|Tyranitar, M, shiny|100\/100\n|-weather|Sandstorm|[from] ability: Sand Stream|[of] p2a: Tyranitar\n|turn|1\n|\n|t:|1699975585\n|detailschange|p2a: Tyranitar|Tyranitar-Mega, M, shiny\n|-mega|p2a: Tyranitar|Tyranitar|Tyranitarite\n|move|p1a: Corviknight|Agility|p1a: Corviknight\n|-boost|p1a: Corviknight|spe|2\n|move|p2a: Tyranitar|Knock Off|p1a: Corviknight\n|-resisted|p1a: Corviknight\n|-crit|p1a: Corviknight\n|-enditem|p1a: Corviknight|Focus Sash\n|-damage|p1a: Corviknight|1\/100\n|replace|p1a: Zoroark|Zoroark, M, shiny\n|-end|p1a: Zoroark|Illusion\n|\n|-weather|Sandstorm|[upkeep]\n|-damage|p1a: Zoroark|0 fnt|[from] Sandstorm\n|faint|p1a: Zoroark\n|upkeep\n|\n|t:|1699975632\n|switch|p1a: Dragonite|Dragonite, F|100\/100\n|turn|2\n|inactive|Battle timer is ON: inactive players will automatically lose when time's up. (requested by chige5464)\n|inactiveoff|Battle timer is now OFF.\n|\n|t:|1699975666\n|switch|p2a: Rotom|Rotom-Wash|100\/100\n|move|p1a: Dragonite|Earthquake|p2a: Rotom\n|-immune|p2a: Rotom|[from] ability: Levitate\n|\n|-weather|Sandstorm|[upkeep]\n|-damage|p2a: Rotom|94\/100|[from] Sandstorm\n|-damage|p1a: Dragonite|94\/100|[from] Sandstorm\n|upkeep\n|turn|3\n|\n|t:|1699975710\n|switch|p1a: Ferrothorn|Ferrothorn, M|100\/100\n|move|p2a: Rotom|Volt Switch|p1a: Ferrothorn\n|-resisted|p1a: Ferrothorn\n|-damage|p1a: Ferrothorn|91\/100\n|\n|t:|1699975716\n|switch|p2a: Excadrill|Excadrill, F|100\/100|[from] Volt Switch\n|\n|-weather|Sandstorm|[upkeep]\n|-heal|p1a: Ferrothorn|98\/100|[from] item: Leftovers\n|upkeep\n|turn|4\n|\n|t:|1699975726\n|move|p2a: Excadrill|Swords Dance|p2a: Excadrill\n|-boost|p2a: Excadrill|atk|2\n|move|p1a: Ferrothorn|Gyro Ball|p2a: Excadrill\n|-resisted|p2a: Excadrill\n|-damage|p2a: Excadrill|68\/100\n|\n|-weather|Sandstorm|[upkeep]\n|-heal|p1a: Ferrothorn|100\/100|[from] item: Leftovers\n|upkeep\n|turn|5\n|\n|t:|1699975739\n|move|p2a: Excadrill|Earthquake|p1a: Ferrothorn\n|-damage|p1a: Ferrothorn|16\/100\n|move|p1a: Ferrothorn|Leech Seed|p2a: Excadrill\n|-start|p2a: Excadrill|move: Leech Seed\n|\n|-weather|none\n|-heal|p1a: Ferrothorn|22\/100|[from] item: Leftovers\n|-damage|p2a: Excadrill|56\/100|[from] Leech Seed|[of] p1a: Ferrothorn\n|-heal|p1a: Ferrothorn|35\/100|[silent]\n|upkeep\n|turn|6\n|\n|t:|1699975755\n|switch|p2a: Rotom|Rotom-Wash|94\/100\n|switch|p1a: Corviknight|Corviknight, M, shiny|100\/100\n|-ability|p1a: Corviknight|Pressure\n|\n|upkeep\n|turn|7\n|\n|t:|1699975809\n|move|p2a: Rotom|Volt Switch|p1a: Corviknight\n|-supereffective|p1a: Corviknight\n|-damage|p1a: Corviknight|45\/100\n|\n|t:|1699975816\n|switch|p2a: Tyranitar|Tyranitar-Mega, M, shiny|100\/100|[from] Volt Switch\n|-weather|Sandstorm|[from] ability: Sand Stream|[of] p2a: Tyranitar\n|move|p1a: Corviknight|Roost|p1a: Corviknight\n|-heal|p1a: Corviknight|95\/100\n|-singleturn|p1a: Corviknight|move: Roost\n|\n|-weather|Sandstorm|[upkeep]\n|-heal|p1a: Corviknight|100\/100|[from] item: Leftovers\n|upkeep\n|turn|8\n|\n|t:|1699975838\n|switch|p2a: Rotom|Rotom-Wash|94\/100\n|move|p1a: Corviknight|Iron Defense|p1a: Corviknight\n|-boost|p1a: Corviknight|def|2\n|\n|-weather|Sandstorm|[upkeep]\n|-damage|p2a: Rotom|88\/100|[from] Sandstorm\n|upkeep\n|turn|9\n|\n|t:|1699975854\n|move|p2a: Rotom|Trick|p1a: Corviknight\n|-activate|p2a: Rotom|move: Trick|[of] p1a: Corviknight\n|-item|p1a: Corviknight|Choice Scarf|[from] move: Trick\n|-item|p2a: Rotom|Leftovers|[from] move: Trick\n|move|p1a: Corviknight|Roost||[still]\n|-fail|p1a: Corviknight|heal\n|\n|-weather|Sandstorm|[upkeep]\n|-damage|p2a: Rotom|82\/100|[from] Sandstorm\n|-heal|p2a: Rotom|88\/100|[from] item: Leftovers\n|upkeep\n|turn|10\n|\n|t:|1699975880\n|switch|p1a: Dragonite|Dragonite, F|94\/100\n|move|p2a: Rotom|Volt Switch|p1a: Dragonite\n|-damage|p1a: Dragonite|65\/100\n|\n|t:|1699975893\n|switch|p2a: Excadrill|Excadrill, F|56\/100|[from] Volt Switch\n|\n|-weather|Sandstorm|[upkeep]\n|-damage|p1a: Dragonite|59\/100|[from] Sandstorm\n|upkeep\n|turn|11\n|\n|t:|1699975909\n|-zpower|p2a: Excadrill\n|move|p2a: Excadrill|Corkscrew Crash|p1a: Dragonite|[zeffect]\n|-damage|p1a: Dragonite|0 fnt\n|faint|p1a: Dragonite\n|\n|-weather|none\n|upkeep\n|\n|t:|1699975935\n|switch|p1a: Primarina|Primarina, M|100\/100\n|turn|12\n|\n|t:|1699975947\n|switch|p2a: Toxapex|Toxapex, F|100\/100\n|move|p1a: Primarina|Sparkling Aria|p2a: Toxapex\n|-resisted|p2a: Toxapex\n|-damage|p2a: Toxapex|83\/100\n|\n|-heal|p2a: Toxapex|89\/100|[from] item: Black Sludge\n|upkeep\n|turn|13\n|\n|t:|1699975963\n|switch|p1a: Ferrothorn|Ferrothorn, M|35\/100\n|move|p2a: Toxapex|Toxic|p1a: Ferrothorn\n|-immune|p1a: Ferrothorn\n|\n|-heal|p2a: Toxapex|95\/100|[from] item: Black Sludge\n|-heal|p1a: Ferrothorn|41\/100|[from] item: Leftovers\n|upkeep\n|turn|14\n|\n|t:|1699975975\n|switch|p2a: Tyranitar|Tyranitar-Mega, M, shiny|100\/100\n|-weather|Sandstorm|[from] ability: Sand Stream|[of] p2a: Tyranitar\n|move|p1a: Ferrothorn|Leech Seed|p2a: Tyranitar\n|-start|p2a: Tyranitar|move: Leech Seed\n|\n|-weather|Sandstorm|[upkeep]\n|-heal|p1a: Ferrothorn|48\/100|[from] item: Leftovers\n|-damage|p2a: Tyranitar|88\/100|[from] Leech Seed|[of] p1a: Ferrothorn\n|-heal|p1a: Ferrothorn|62\/100|[silent]\n|upkeep\n|turn|15\n|\n|t:|1699975996\n|move|p2a: Tyranitar|Fire Punch|p1a: Ferrothorn\n|-supereffective|p1a: Ferrothorn\n|-damage|p1a: Ferrothorn|0 fnt\n|-damage|p2a: Tyranitar|76\/100|[from] ability: Iron Barbs|[of] p1a: Ferrothorn\n|faint|p1a: Ferrothorn\n|\n|-weather|Sandstorm|[upkeep]\n|upkeep\n|\n|t:|1699976006\n|switch|p1a: Primarina|Primarina, M|100\/100\n|turn|16\n|\n|t:|1699976037\n|switch|p2a: Ferrothorn|Ferrothorn, M|100\/100\n|move|p1a: Primarina|Calm Mind|p1a: Primarina\n|-boost|p1a: Primarina|spa|1\n|-boost|p1a: Primarina|spd|1\n|\n|-weather|Sandstorm|[upkeep]\n|-damage|p1a: Primarina|95\/100|[from] Sandstorm\n|upkeep\n|turn|17\n|\n|t:|1699976063\n|move|p1a: Primarina|Calm Mind|p1a: Primarina\n|-boost|p1a: Primarina|spa|1\n|-boost|p1a: Primarina|spd|1\n|move|p2a: Ferrothorn|Leech Seed|p1a: Primarina\n|-start|p1a: Primarina|move: Leech Seed\n|\n|-weather|Sandstorm|[upkeep]\n|-damage|p1a: Primarina|89\/100|[from] Sandstorm\n|-damage|p1a: Primarina|76\/100|[from] Leech Seed|[of] p2a: Ferrothorn\n|upkeep\n|turn|18\n|\n|t:|1699976073\n|-zpower|p1a: Primarina\n|move|p1a: Primarina|Oceanic Operetta|p2a: Ferrothorn|[zeffect]\n|-resisted|p2a: Ferrothorn\n|-damage|p2a: Ferrothorn|26\/100\n|move|p2a: Ferrothorn|Knock Off|p1a: Primarina\n|-resisted|p1a: Primarina\n|-damage|p1a: Primarina|66\/100\n|\n|-weather|none\n|-heal|p2a: Ferrothorn|32\/100|[from] item: Leftovers\n|-damage|p1a: Primarina|54\/100|[from] Leech Seed|[of] p2a: Ferrothorn\n|-heal|p2a: Ferrothorn|43\/100|[silent]\n|upkeep\n|turn|19\n|\n|t:|1699976091\n|move|p2a: Ferrothorn|Protect|p2a: Ferrothorn\n|-singleturn|p2a: Ferrothorn|Protect\n|move|p1a: Primarina|Sparkling Aria|p2a: Ferrothorn\n|-activate|p2a: Ferrothorn|move: Protect\n|\n|-heal|p2a: Ferrothorn|49\/100|[from] item: Leftovers\n|-damage|p1a: Primarina|41\/100|[from] Leech Seed|[of] p2a: Ferrothorn\n|-heal|p2a: Ferrothorn|60\/100|[silent]\n|upkeep\n|turn|20\n|\n|t:|1699976107\n|switch|p2a: Toxapex|Toxapex, F|100\/100\n|move|p1a: Primarina|Sparkling Aria|p2a: Toxapex\n|-resisted|p2a: Toxapex\n|-damage|p2a: Toxapex|62\/100\n|\n|-heal|p2a: Toxapex|68\/100|[from] item: Black Sludge\n|-damage|p1a: Primarina|29\/100|[from] Leech Seed|[of] p2a: Toxapex\n|-heal|p2a: Toxapex|80\/100|[silent]\n|upkeep\n|turn|21\n|\n|t:|1699976123\n|switch|p1a: Corviknight|Corviknight, M, shiny|100\/100\n|-ability|p1a: Corviknight|Pressure\n|move|p2a: Toxapex|Recover|p2a: Toxapex\n|-heal|p2a: Toxapex|100\/100\n|\n|upkeep\n|turn|22\n|\n|t:|1699976138\n|switch|p2a: Rotom|Rotom-Wash|88\/100\n|-terastallize|p1a: Corviknight|Fighting\n|move|p1a: Corviknight|Body Press|p2a: Rotom\n|-damage|p2a: Rotom|42\/100\n|\n|-heal|p2a: Rotom|48\/100|[from] item: Leftovers\n|upkeep\n|turn|23\n|\n|t:|1699976157\n|-terastallize|p2a: Rotom|Fairy\n|move|p2a: Rotom|Discharge|p1a: Corviknight\n|-damage|p1a: Corviknight|71\/100\n|move|p1a: Corviknight|Body Press|p2a: Rotom\n|-resisted|p2a: Rotom\n|-damage|p2a: Rotom|27\/100\n|\n|-heal|p2a: Rotom|33\/100|[from] item: Leftovers\n|upkeep\n|turn|24\n|\n|t:|1699976180\n|switch|p2a: Toxapex|Toxapex, F|100\/100\n|move|p1a: Corviknight|Body Press|p2a: Toxapex\n|-resisted|p2a: Toxapex\n|-damage|p2a: Toxapex|87\/100\n|\n|-heal|p2a: Toxapex|93\/100|[from] item: Black Sludge\n|upkeep\n|turn|25\n|\n|t:|1699976228\n|switch|p1a: Primarina|Primarina, M|29\/100\n|move|p2a: Toxapex|Toxic|p1a: Primarina\n|-status|p1a: Primarina|tox\n|\n|-heal|p2a: Toxapex|99\/100|[from] item: Black Sludge\n|-damage|p1a: Primarina|23\/100 tox|[from] psn\n|upkeep\n|turn|26\n|\n|t:|1699976247\n|move|p1a: Primarina|Sparkling Aria|p2a: Toxapex\n|-resisted|p2a: Toxapex\n|-damage|p2a: Toxapex|82\/100\n|move|p2a: Toxapex|Scald|p1a: Primarina\n|-resisted|p1a: Primarina\n|-damage|p1a: Primarina|15\/100 tox\n|\n|-heal|p2a: Toxapex|88\/100|[from] item: Black Sludge\n|-damage|p1a: Primarina|3\/100 tox|[from] psn\n|upkeep\n|turn|27\n|\n|t:|1699976264\n|move|p1a: Primarina|Sparkling Aria|p2a: Toxapex\n|-resisted|p2a: Toxapex\n|-damage|p2a: Toxapex|69\/100\n|move|p2a: Toxapex|Recover|p2a: Toxapex\n|-heal|p2a: Toxapex|100\/100\n|\n|-damage|p1a: Primarina|0 fnt|[from] psn\n|faint|p1a: Primarina\n|upkeep\n|\n|t:|1699976273\n|switch|p1a: Banette|Banette, M|100\/100\n|turn|28\n|\n|t:|1699976287\n|switch|p2a: Tyranitar|Tyranitar-Mega, M, shiny|76\/100\n|-weather|Sandstorm|[from] ability: Sand Stream|[of] p2a: Tyranitar\n|detailschange|p1a: Banette|Banette-Mega, M\n|-mega|p1a: Banette|Banette|Banettite\n|move|p1a: Banette|Encore|p2a: Tyranitar\n|-hint|Since gen 7, Dark is immune to Prankster moves.\n|-immune|p2a: Tyranitar\n|\n|-weather|Sandstorm|[upkeep]\n|-damage|p1a: Banette|95\/100|[from] Sandstorm\n|upkeep\n|turn|29\n|\n|t:|1699976326\n|move|p1a: Banette|Infestation|p2a: Tyranitar\n|-supereffective|p2a: Tyranitar\n|-damage|p2a: Tyranitar|71\/100\n|-activate|p2a: Tyranitar|move: Infestation|[of] p1a: Banette\n|move|p2a: Tyranitar|Pursuit|p1a: Banette\n|-supereffective|p1a: Banette\n|-damage|p1a: Banette|8\/100\n|\n|-weather|Sandstorm|[upkeep]\n|-damage|p1a: Banette|2\/100|[from] Sandstorm\n|-damage|p2a: Tyranitar|59\/100|[from] move: Infestation|[partiallytrapped]\n|upkeep\n|turn|30\n|\n|t:|1699976351\n|move|p1a: Banette|Poltergeist|p2a: Tyranitar\n|-activate|p2a: Tyranitar|move: Poltergeist|Tyranitarite\n|-resisted|p2a: Tyranitar\n|-damage|p2a: Tyranitar|38\/100\n|move|p2a: Tyranitar|Pursuit|p1a: Banette\n|-supereffective|p1a: Banette\n|-damage|p1a: Banette|0 fnt\n|faint|p1a: Banette\n|\n|-weather|Sandstorm|[upkeep]\n|-end|p2a: Tyranitar|Infestation|[partiallytrapped]|[silent]\n|upkeep\n|\n|t:|1699976362\n|switch|p1a: Corviknight|Corviknight, M, shiny, tera:Fighting|71\/100\n|-ability|p1a: Corviknight|Pressure\n|turn|31\n|\n|t:|1699976368\n|switch|p2a: Toxapex|Toxapex, F|100\/100\n|move|p1a: Corviknight|Body Press|p2a: Toxapex\n|-resisted|p2a: Toxapex\n|-damage|p2a: Toxapex|88\/100\n|\n|-weather|Sandstorm|[upkeep]\n|-damage|p1a: Corviknight|65\/100|[from] Sandstorm\n|-damage|p2a: Toxapex|82\/100|[from] Sandstorm\n|-heal|p2a: Toxapex|88\/100|[from] item: Black Sludge\n|upkeep\n|turn|32\n|-message|chige5464 forfeited.\n|\n|win|lavapigskinl\n|l|\u2606chige5464\n","uploadtime":1699976383,"views":5,"p1id":"chige5464","p2id":"lavapigskinl","formatid":"gen9nationaldex","rating":0,"private":0,"password":""}