{"id":"gen9nationaldex-1992893853","p1":"Stealeroflight","p2":"ryan_farhan","format":"[Gen 9] National Dex","log":"|j|\u2606Stealeroflight\n|j|\u2606ryan_farhan\n|t:|1700244603\n|gametype|singles\n|player|p1|Stealeroflight|bugcatcher-gen4dp|1106\n|player|p2|ryan_farhan|1|1140\n|teamsize|p1|6\n|teamsize|p2|6\n|gen|9\n|tier|[Gen 9] National Dex\n|rated|\n|rule|HP Percentage Mod: HP is shown in percentages\n|rule|Endless Battle Clause: Forcing endless battles is banned\n|rule|OHKO Clause: OHKO moves are banned\n|rule|Evasion Clause: Evasion abilities, items, and moves are banned\n|rule|Evasion Abilities Clause: Evasion abilities are banned\n|rule|Evasion Items Clause: Evasion items are banned\n|rule|Evasion Moves Clause: Evasion moves are banned\n|rule|Species Clause: Limit one of each Pok\u00e9mon\n|rule|Sleep Clause Mod: Limit one foe put to sleep\n|clearpoke\n|poke|p1|Beautifly, F|\n|poke|p1|Heracross, M|\n|poke|p1|Galvantula, M|\n|poke|p1|Kricketune, M|\n|poke|p1|Centiskorch, M|\n|poke|p1|Araquanid, F|\n|poke|p2|Pikachu, M|\n|poke|p2|Bulbasaur, M|\n|poke|p2|Squirtle, M|\n|poke|p2|Charizard, M|\n|poke|p2|Lapras, M|\n|poke|p2|Snorlax, M|\n|teampreview\n|\n|t:|1700244614\n|start\n|switch|p1a: Hercules|Heracross, M|100\/100\n|switch|p2a: Charizard|Charizard, M|100\/100\n|turn|1\n|\n|t:|1700244623\n|detailschange|p2a: Charizard|Charizard-Mega-X, M\n|-mega|p2a: Charizard|Charizard|Charizardite X\n|detailschange|p1a: Hercules|Heracross-Mega, M\n|-mega|p1a: Hercules|Heracross|Heracronite\n|move|p2a: Charizard|Flare Blitz|p1a: Hercules\n|-supereffective|p1a: Hercules\n|-damage|p1a: Hercules|0 fnt\n|faint|p1a: Hercules\n|-damage|p2a: Charizard|60\/100|[from] Recoil\n|\n|upkeep\n|\n|t:|1700244634\n|switch|p1a: Vicious|Beautifly, F|100\/100\n|turn|2\n|\n|t:|1700244643\n|-terastallize|p1a: Vicious|Bug\n|move|p2a: Charizard|Flare Blitz|p1a: Vicious\n|-supereffective|p1a: Vicious\n|-damage|p1a: Vicious|0 fnt\n|faint|p1a: Vicious\n|-damage|p2a: Charizard|31\/100|[from] Recoil\n|\n|upkeep\n|\n|t:|1700244652\n|switch|p1a: Araquanid|Araquanid, F, shiny|100\/100\n|turn|3\n|\n|t:|1700244657\n|move|p2a: Charizard|Flare Blitz|p1a: Araquanid\n|-crit|p1a: Araquanid\n|-damage|p1a: Araquanid|16\/100\n|-enditem|p1a: Araquanid|Iapapa Berry|[eat]\n|-heal|p1a: Araquanid|49\/100|[from] item: Iapapa Berry\n|-damage|p2a: Charizard|6\/100|[from] Recoil\n|move|p1a: Araquanid|Hydro Pump|p2a: Charizard\n|-damage|p2a: Charizard|0 fnt\n|faint|p2a: Charizard\n|\n|upkeep\n|\n|t:|1700244668\n|switch|p2a: Pikachu|Pikachu, M|100\/100\n|turn|4\n|\n|t:|1700244674\n|switch|p1a: Electron|Galvantula, M, shiny|100\/100\n|move|p2a: Pikachu|Thunderbolt|p1a: Electron\n|-resisted|p1a: Electron\n|-damage|p1a: Electron|57\/100\n|\n|upkeep\n|turn|5\n|\n|t:|1700244684\n|-terastallize|p2a: Pikachu|Flying\n|move|p2a: Pikachu|Substitute|p2a: Pikachu\n|-start|p2a: Pikachu|Substitute\n|-damage|p2a: Pikachu|75\/100\n|move|p1a: Electron|Leech Life|p2a: Pikachu\n|-resisted|p2a: Pikachu\n|-end|p2a: Pikachu|Substitute\n|-heal|p1a: Electron|66\/100|[from] drain|[of] p2a: Pikachu\n|\n|upkeep\n|turn|6\n|\n|t:|1700244695\n|move|p2a: Pikachu|Thunderbolt|p1a: Electron\n|-resisted|p1a: Electron\n|-damage|p1a: Electron|15\/100\n|move|p1a: Electron|Thunder|p2a: Pikachu\n|-ability|p2a: Pikachu|Lightning Rod|boost\n|-boost|p2a: Pikachu|spa|1\n|\n|upkeep\n|turn|7\n|\n|t:|1700244705\n|move|p2a: Pikachu|Thunderbolt|p1a: Electron\n|-resisted|p1a: Electron\n|-damage|p1a: Electron|0 fnt\n|faint|p1a: Electron\n|\n|upkeep\n|\n|t:|1700244711\n|switch|p1a: Centiskorch|Centiskorch, M|100\/100\n|turn|8\n|\n|t:|1700244715\n|move|p2a: Pikachu|Nuzzle|p1a: Centiskorch\n|-damage|p1a: Centiskorch|92\/100\n|-status|p1a: Centiskorch|par\n|move|p1a: Centiskorch|Will-O-Wisp|p2a: Pikachu\n|-status|p2a: Pikachu|brn\n|\n|-heal|p1a: Centiskorch|98\/100 par|[from] item: Leftovers\n|-damage|p2a: Pikachu|69\/100 brn|[from] brn\n|upkeep\n|turn|9\n|\n|t:|1700244727\n|move|p2a: Pikachu|Thunderbolt|p1a: Centiskorch\n|-damage|p1a: Centiskorch|11\/100 par\n|move|p1a: Centiskorch|Flamethrower|p2a: Pikachu\n|-damage|p2a: Pikachu|0 fnt\n|faint|p2a: Pikachu\n|\n|-heal|p1a: Centiskorch|17\/100 par|[from] item: Leftovers\n|upkeep\n|\n|t:|1700244737\n|switch|p2a: Bulbasaur|Bulbasaur, M|100\/100\n|turn|10\n|\n|t:|1700244740\n|move|p2a: Bulbasaur|Sludge Bomb|p1a: Centiskorch\n|-damage|p1a: Centiskorch|0 fnt\n|faint|p1a: Centiskorch\n|\n|upkeep\n|\n|t:|1700244745\n|switch|p1a: Kricketune|Kricketune, M, shiny|100\/100\n|turn|11\n|\n|t:|1700244749\n|move|p1a: Kricketune|Lunge|p2a: Bulbasaur\n|-damage|p2a: Bulbasaur|66\/100\n|-unboost|p2a: Bulbasaur|atk|1\n|move|p2a: Bulbasaur|Toxic|p1a: Kricketune\n|-status|p1a: Kricketune|tox\n|\n|-damage|p1a: Kricketune|94\/100 tox|[from] psn\n|upkeep\n|turn|12\n|\n|t:|1700244760\n|move|p1a: Kricketune|Return|p2a: Bulbasaur\n|-damage|p2a: Bulbasaur|36\/100\n|move|p2a: Bulbasaur|Hidden Power|p1a: Kricketune\n|-supereffective|p1a: Kricketune\n|-damage|p1a: Kricketune|50\/100 tox\n|\n|-damage|p1a: Kricketune|38\/100 tox|[from] psn\n|upkeep\n|turn|13\n|\n|t:|1700244770\n|move|p1a: Kricketune|Return|p2a: Bulbasaur\n|-damage|p2a: Bulbasaur|6\/100\n|move|p2a: Bulbasaur|Hidden Power|p1a: Kricketune\n|-supereffective|p1a: Kricketune\n|-damage|p1a: Kricketune|0 fnt\n|faint|p1a: Kricketune\n|\n|upkeep\n|\n|t:|1700244779\n|switch|p1a: Araquanid|Araquanid, F, shiny|49\/100\n|turn|14\n|\n|t:|1700244784\n|move|p1a: Araquanid|Blizzard|p2a: Bulbasaur\n|-supereffective|p2a: Bulbasaur\n|-damage|p2a: Bulbasaur|0 fnt\n|faint|p2a: Bulbasaur\n|\n|upkeep\n|\n|t:|1700244791\n|switch|p2a: Squirtle|Squirtle, M|100\/100\n|turn|15\n|\n|t:|1700244806\n|move|p1a: Araquanid|Frustration|p2a: Squirtle\n|-damage|p2a: Squirtle|84\/100\n|move|p2a: Squirtle|Mirror Coat||[still]\n|-fail|p2a: Squirtle\n|\n|upkeep\n|turn|16\n|\n|t:|1700244814\n|move|p1a: Araquanid|Blizzard|p2a: Squirtle\n|-resisted|p2a: Squirtle\n|-damage|p2a: Squirtle|77\/100\n|move|p2a: Squirtle|Seismic Toss|p1a: Araquanid\n|-damage|p1a: Araquanid|13\/100\n|\n|upkeep\n|turn|17\n|\n|t:|1700244824\n|move|p1a: Araquanid|Frustration|p2a: Squirtle\n|-damage|p2a: Squirtle|60\/100\n|move|p2a: Squirtle|Seismic Toss|p1a: Araquanid\n|-damage|p1a: Araquanid|0 fnt\n|faint|p1a: Araquanid\n|\n|win|ryan_farhan\n|raw|Stealeroflight's rating: 1106 &rarr; <strong>1083<\/strong><br \/>(-23 for losing)\n|raw|ryan_farhan's rating: 1140 &rarr; <strong>1163<\/strong><br \/>(+23 for winning)\n","uploadtime":1700244836,"views":9,"p1id":"stealeroflight","p2id":"ryanfarhan","formatid":"gen9nationaldex","rating":1083,"private":0,"password":""}