{"id":"gen9nationaldex-1993166570","p1":"mexy mex","p2":"Accelerater06","format":"[Gen 9] National Dex","log":"|j|\u2606mexy mex\n|j|\u2606Accelerater06\n|t:|1700272881\n|gametype|singles\n|player|p1|mexy mex|1|1415\n|player|p2|Accelerater06|266|1497\n|teamsize|p1|6\n|teamsize|p2|6\n|gen|9\n|tier|[Gen 9] National Dex\n|rated|\n|rule|HP Percentage Mod: HP is shown in percentages\n|rule|Endless Battle Clause: Forcing endless battles is banned\n|rule|OHKO Clause: OHKO moves are banned\n|rule|Evasion Clause: Evasion abilities, items, and moves are banned\n|rule|Evasion Abilities Clause: Evasion abilities are banned\n|rule|Evasion Items Clause: Evasion items are banned\n|rule|Evasion Moves Clause: Evasion moves are banned\n|rule|Species Clause: Limit one of each Pok\u00e9mon\n|rule|Sleep Clause Mod: Limit one foe put to sleep\n|clearpoke\n|poke|p1|Steelix, M|\n|poke|p1|Blissey, F|\n|poke|p1|Deoxys-Defense|\n|poke|p1|Florges, F|\n|poke|p1|Dragonite, M|\n|poke|p1|Ditto|\n|poke|p2|Great Tusk|\n|poke|p2|Charizard, F|\n|poke|p2|Sinistcha|\n|poke|p2|Salamence, F|\n|poke|p2|Hatterene, F|\n|poke|p2|Victini|\n|teampreview\n|\n|t:|1700272895\n|start\n|switch|p1a: Steelix|Steelix, M|100\/100\n|switch|p2a: Charizard|Charizard, F|100\/100\n|turn|1\n|inactive|Battle timer is ON: inactive players will automatically lose when time's up. (requested by mexy mex)\n|inactive|Accelerater06 also wants the timer to be on.\n|\n|t:|1700272902\n|switch|p1a: Blissey|Blissey, F|100\/100\n|detailschange|p2a: Charizard|Charizard-Mega-Y, F\n|-mega|p2a: Charizard|Charizard|Charizardite Y\n|-weather|SunnyDay|[from] ability: Drought|[of] p2a: Charizard\n|move|p2a: Charizard|Weather Ball|p1a: Blissey\n|-damage|p1a: Blissey|76\/100\n|\n|-weather|SunnyDay|[upkeep]\n|-heal|p1a: Blissey|82\/100|[from] item: Leftovers\n|upkeep\n|turn|2\n|\n|t:|1700272913\n|switch|p2a: Hatterene|Hatterene, F, shiny|100\/100\n|move|p1a: Blissey|Seismic Toss|p2a: Hatterene\n|-damage|p2a: Hatterene|69\/100\n|-enditem|p2a: Hatterene|Eject Button\n|\n|t:|1700272919\n|switch|p2a: Great Tusk|Great Tusk, shiny|100\/100\n|-activate|p2a: Great Tusk|ability: Protosynthesis\n|-start|p2a: Great Tusk|protosynthesisatk\n|\n|-weather|SunnyDay|[upkeep]\n|-heal|p1a: Blissey|88\/100|[from] item: Leftovers\n|upkeep\n|turn|3\n|\n|t:|1700272924\n|switch|p1a: Deoxys|Deoxys-Defense|100\/100\n|-ability|p1a: Deoxys|Pressure\n|move|p2a: Great Tusk|Bulk Up|p2a: Great Tusk\n|-boost|p2a: Great Tusk|atk|1\n|-boost|p2a: Great Tusk|def|1\n|\n|-weather|SunnyDay|[upkeep]\n|upkeep\n|turn|4\n|\n|t:|1700272932\n|-terastallize|p2a: Great Tusk|Rock\n|move|p2a: Great Tusk|Bulk Up|p2a: Great Tusk\n|-boost|p2a: Great Tusk|atk|1\n|-boost|p2a: Great Tusk|def|1\n|move|p1a: Deoxys|Psychic|p2a: Great Tusk\n|-damage|p2a: Great Tusk|62\/100\n|\n|-weather|SunnyDay|[upkeep]\n|upkeep\n|turn|5\n|\n|t:|1700272940\n|move|p2a: Great Tusk|Headlong Rush|p1a: Deoxys\n|-damage|p1a: Deoxys|13\/100\n|-unboost|p2a: Great Tusk|def|1\n|-unboost|p2a: Great Tusk|spd|1\n|move|p1a: Deoxys|Focus Blast|p2a: Great Tusk|[miss]\n|-miss|p1a: Deoxys|p2a: Great Tusk\n|\n|-weather|none\n|-end|p2a: Great Tusk|Protosynthesis\n|-heal|p1a: Deoxys|19\/100|[from] item: Leftovers\n|upkeep\n|-enditem|p2a: Great Tusk|Booster Energy\n|-activate|p2a: Great Tusk|ability: Protosynthesis|[fromitem]\n|-start|p2a: Great Tusk|protosynthesisatk\n|turn|6\n|\n|t:|1700272948\n|move|p2a: Great Tusk|Smack Down|p1a: Deoxys\n|-damage|p1a: Deoxys|0 fnt\n|faint|p1a: Deoxys\n|\n|upkeep\n|\n|t:|1700272961\n|switch|p1a: Ditto|Ditto|100\/100\n|-transform|p1a: Ditto|p2a: Great Tusk|[from] ability: Imposter\n|-start|p1a: Ditto|typechange|Ground\/Fighting|[silent]\n|turn|7\n|\n|t:|1700272970\n|-end|p2a: Great Tusk|Protosynthesis|[silent]\n|switch|p2a: Charizard|Charizard-Mega-Y, F|100\/100\n|-weather|SunnyDay|[from] ability: Drought|[of] p2a: Charizard\n|move|p1a: Ditto|Smack Down|p2a: Charizard\n|-supereffective|p2a: Charizard\n|-damage|p2a: Charizard|0 fnt\n|faint|p2a: Charizard\n|\n|-weather|SunnyDay|[upkeep]\n|upkeep\n|\n|t:|1700272985\n|switch|p2a: Victini|Victini|100\/100\n|turn|8\n|\n|t:|1700272990\n|move|p2a: Victini|Final Gambit|p1a: Ditto\n|-damage|p1a: Ditto|0 fnt\n|faint|p2a: Victini\n|faint|p1a: Ditto\n|-end|p1a: Ditto|Protosynthesis|[silent]\n|\n|-weather|SunnyDay|[upkeep]\n|upkeep\n|\n|t:|1700272998\n|switch|p2a: Salamence|Salamence, F|100\/100\n|switch|p1a: Steelix|Steelix, M|100\/100\n|-ability|p2a: Salamence|Intimidate|boost\n|-unboost|p1a: Steelix|atk|1\n|turn|9\n|\n|t:|1700273008\n|switch|p1a: Florges|Florges, F|100\/100\n|move|p2a: Salamence|Dragon Dance|p2a: Salamence\n|-boost|p2a: Salamence|atk|1\n|-boost|p2a: Salamence|spe|1\n|\n|-weather|SunnyDay|[upkeep]\n|upkeep\n|turn|10\n|\n|t:|1700273015\n|move|p2a: Salamence|Dual Wingbeat|p1a: Florges\n|-damage|p1a: Florges|57\/100\n|-damage|p1a: Florges|9\/100\n|-hitcount|p1a: Florges|2\n|move|p1a: Florges|Moonblast|p2a: Salamence\n|-supereffective|p2a: Salamence\n|-crit|p2a: Salamence\n|-damage|p2a: Salamence|0 fnt\n|faint|p2a: Salamence\n|\n|-weather|SunnyDay|[upkeep]\n|upkeep\n|\n|t:|1700273023\n|switch|p2a: Sinistcha|Sinistcha, shiny|100\/100\n|turn|11\n|\n|t:|1700273026\n|move|p1a: Florges|Toxic|p2a: Sinistcha\n|-status|p2a: Sinistcha|tox\n|move|p2a: Sinistcha|Calm Mind|p2a: Sinistcha\n|-boost|p2a: Sinistcha|spa|1\n|-boost|p2a: Sinistcha|spd|1\n|\n|-weather|none\n|-damage|p2a: Sinistcha|94\/100 tox|[from] psn\n|upkeep\n|turn|12\n|\n|t:|1700273033\n|move|p1a: Florges|Synthesis|p1a: Florges\n|-heal|p1a: Florges|59\/100\n|move|p2a: Sinistcha|Matcha Gotcha|p1a: Florges\n|-damage|p1a: Florges|35\/100\n|-heal|p2a: Sinistcha|100\/100 tox|[from] drain|[of] p1a: Florges\n|\n|-damage|p2a: Sinistcha|88\/100 tox|[from] psn\n|upkeep\n|turn|13\n|\n|t:|1700273043\n|switch|p2a: Great Tusk|Great Tusk, shiny, tera:Rock|62\/100\n|move|p1a: Florges|Synthesis|p1a: Florges\n|-heal|p1a: Florges|85\/100\n|\n|upkeep\n|turn|14\n|\n|t:|1700273048\n|move|p2a: Great Tusk|Headlong Rush|p1a: Florges\n|-damage|p1a: Florges|7\/100\n|-unboost|p2a: Great Tusk|def|1\n|-unboost|p2a: Great Tusk|spd|1\n|move|p1a: Florges|Moonblast|p2a: Great Tusk\n|-damage|p2a: Great Tusk|0 fnt\n|faint|p2a: Great Tusk\n|-end|p2a: Great Tusk|Protosynthesis|[silent]\n|\n|upkeep\n|\n|t:|1700273059\n|switch|p2a: Hatterene|Hatterene, F, shiny|69\/100\n|turn|15\n|\n|t:|1700273064\n|move|p1a: Florges|Synthesis|p1a: Florges\n|-heal|p1a: Florges|56\/100\n|move|p2a: Hatterene|Mystical Fire|p1a: Florges\n|-damage|p1a: Florges|44\/100\n|-unboost|p1a: Florges|spa|1\n|\n|upkeep\n|turn|16\n|\n|t:|1700273076\n|move|p1a: Florges|Synthesis|p1a: Florges\n|-heal|p1a: Florges|94\/100\n|move|p2a: Hatterene|Nuzzle|p1a: Florges\n|-damage|p1a: Florges|88\/100\n|-status|p1a: Florges|par\n|\n|upkeep\n|turn|17\n|\n|t:|1700273085\n|switch|p1a: Blissey|Blissey, F|88\/100\n|move|p2a: Hatterene|Mystical Fire|p1a: Blissey\n|-damage|p1a: Blissey|82\/100\n|-unboost|p1a: Blissey|spa|1\n|\n|-heal|p1a: Blissey|88\/100|[from] item: Leftovers\n|upkeep\n|turn|18\n|\n|t:|1700273090\n|move|p1a: Blissey|Seismic Toss|p2a: Hatterene\n|-damage|p2a: Hatterene|38\/100\n|move|p2a: Hatterene|Nuzzle|p1a: Blissey\n|-damage|p1a: Blissey|80\/100\n|-status|p1a: Blissey|par\n|\n|-heal|p1a: Blissey|86\/100 par|[from] item: Leftovers\n|upkeep\n|turn|19\n|\n|t:|1700273099\n|move|p2a: Hatterene|Healing Wish|p2a: Hatterene\n|faint|p2a: Hatterene\n|move|p1a: Blissey|Seismic Toss|p2: Hatterene|[notarget]\n|-fail|p1a: Blissey\n|\n|-heal|p1a: Blissey|92\/100 par|[from] item: Leftovers\n|upkeep\n|\n|t:|1700273102\n|switch|p2a: Sinistcha|Sinistcha, shiny|88\/100 tox\n|-heal|p2a: Sinistcha|100\/100|[from] move: Healing Wish\n|turn|20\n|\n|t:|1700273108\n|-curestatus|p1a: Blissey|par|[from] ability: Natural Cure\n|switch|p1a: Florges|Florges, F|88\/100 par\n|move|p2a: Sinistcha|Calm Mind|p2a: Sinistcha\n|-boost|p2a: Sinistcha|spa|1\n|-boost|p2a: Sinistcha|spd|1\n|\n|upkeep\n|turn|21\n|\n|t:|1700273115\n|move|p2a: Sinistcha|Calm Mind|p2a: Sinistcha\n|-boost|p2a: Sinistcha|spa|1\n|-boost|p2a: Sinistcha|spd|1\n|move|p1a: Florges|Toxic|p2a: Sinistcha|[miss]\n|-miss|p1a: Florges|p2a: Sinistcha\n|\n|upkeep\n|turn|22\n|\n|t:|1700273125\n|move|p2a: Sinistcha|Shadow Ball|p1a: Florges\n|-damage|p1a: Florges|57\/100 par\n|move|p1a: Florges|Toxic|p2a: Sinistcha|[miss]\n|-miss|p1a: Florges|p2a: Sinistcha\n|\n|upkeep\n|turn|23\n|\n|t:|1700273131\n|move|p2a: Sinistcha|Matcha Gotcha|p1a: Florges\n|-damage|p1a: Florges|24\/100 par\n|move|p1a: Florges|Synthesis|p1a: Florges\n|-heal|p1a: Florges|74\/100 par\n|\n|upkeep\n|turn|24\n|\n|t:|1700273139\n|move|p2a: Sinistcha|Matcha Gotcha|p1a: Florges\n|-damage|p1a: Florges|44\/100 par\n|cant|p1a: Florges|par\n|\n|upkeep\n|turn|25\n|\n|t:|1700273145\n|move|p2a: Sinistcha|Shadow Ball|p1a: Florges\n|-damage|p1a: Florges|13\/100 par\n|move|p1a: Florges|Synthesis|p1a: Florges\n|-heal|p1a: Florges|63\/100 par\n|\n|upkeep\n|turn|26\n|\n|t:|1700273152\n|move|p2a: Sinistcha|Shadow Ball|p1a: Florges\n|-damage|p1a: Florges|29\/100 par\n|move|p1a: Florges|Synthesis|p1a: Florges\n|-heal|p1a: Florges|78\/100 par\n|\n|upkeep\n|turn|27\n|\n|t:|1700273158\n|move|p2a: Sinistcha|Shadow Ball|p1a: Florges\n|-damage|p1a: Florges|47\/100 par\n|-unboost|p1a: Florges|spd|1\n|cant|p1a: Florges|par\n|\n|upkeep\n|turn|28\n|\n|t:|1700273165\n|switch|p1a: Blissey|Blissey, F|92\/100\n|move|p2a: Sinistcha|Shadow Ball|p1a: Blissey\n|-immune|p1a: Blissey\n|\n|-heal|p1a: Blissey|99\/100|[from] item: Leftovers\n|upkeep\n|turn|29\n|\n|t:|1700273169\n|switch|p1a: Florges|Florges, F|47\/100 par\n|move|p2a: Sinistcha|Calm Mind|p2a: Sinistcha\n|-boost|p2a: Sinistcha|spa|1\n|-boost|p2a: Sinistcha|spd|1\n|\n|upkeep\n|turn|30\n|\n|t:|1700273174\n|move|p2a: Sinistcha|Matcha Gotcha|p1a: Florges\n|-damage|p1a: Florges|4\/100 par\n|move|p1a: Florges|Toxic|p2a: Sinistcha|[miss]\n|-miss|p1a: Florges|p2a: Sinistcha\n|\n|upkeep\n|turn|31\n|\n|t:|1700273184\n|move|p2a: Sinistcha|Shadow Ball|p1a: Florges\n|-damage|p1a: Florges|0 fnt\n|faint|p1a: Florges\n|\n|upkeep\n|\n|t:|1700273188\n|switch|p1a: Steelix|Steelix, M|100\/100\n|turn|32\n|\n|t:|1700273196\n|detailschange|p1a: Steelix|Steelix-Mega, M\n|-mega|p1a: Steelix|Steelix|Steelixite\n|move|p2a: Sinistcha|Matcha Gotcha|p1a: Steelix\n|-damage|p1a: Steelix|23\/100\n|move|p1a: Steelix|Heavy Slam|p2a: Sinistcha\n|-damage|p2a: Sinistcha|63\/100\n|\n|-heal|p2a: Sinistcha|69\/100|[from] item: Leftovers\n|upkeep\n|turn|33\n|\n|t:|1700273204\n|move|p2a: Sinistcha|Strength Sap|p1a: Steelix\n|-unboost|p1a: Steelix|atk|1\n|-heal|p2a: Sinistcha|100\/100\n|move|p1a: Steelix|Heavy Slam|p2a: Sinistcha\n|-damage|p2a: Sinistcha|79\/100\n|\n|-heal|p2a: Sinistcha|85\/100|[from] item: Leftovers\n|upkeep\n|turn|34\n|\n|t:|1700273210\n|move|p2a: Sinistcha|Strength Sap|p1a: Steelix\n|-unboost|p1a: Steelix|atk|1\n|-heal|p2a: Sinistcha|100\/100\n|move|p1a: Steelix|Heavy Slam|p2a: Sinistcha\n|-damage|p2a: Sinistcha|83\/100\n|\n|-heal|p2a: Sinistcha|89\/100|[from] item: Leftovers\n|upkeep\n|turn|35\n|-message|mexy mex forfeited.\n|\n|win|Accelerater06\n|raw|mexy mex's rating: 1415 &rarr; <strong>1400<\/strong><br \/>(-15 for losing)\n|raw|Accelerater06's rating: 1497 &rarr; <strong>1512<\/strong><br \/>(+15 for winning)\n|l|\u2606mexy mex\n","uploadtime":1700273222,"views":6,"p1id":"mexymex","p2id":"accelerater06","formatid":"gen9nationaldex","rating":1400,"private":0,"password":""}