{"id":"gen9nationaldex-1987113935","p1":"gasman90","p2":"mr Deuzp","format":"[Gen 9] National Dex","log":"|j|\u203dgasman90\n|j|\u2606mr Deuzp\n|t:|1699557187\n|gametype|singles\n|player|p1|gasman90|169|1354\n|player|p2|mr Deuzp|shadowtriad|1335\n|teamsize|p1|6\n|teamsize|p2|6\n|gen|9\n|tier|[Gen 9] National Dex\n|rated|\n|rule|HP Percentage Mod: HP is shown in percentages\n|rule|Endless Battle Clause: Forcing endless battles is banned\n|rule|OHKO Clause: OHKO moves are banned\n|rule|Evasion Clause: Evasion abilities, items, and moves are banned\n|rule|Evasion Abilities Clause: Evasion abilities are banned\n|rule|Evasion Items Clause: Evasion items are banned\n|rule|Evasion Moves Clause: Evasion moves are banned\n|rule|Species Clause: Limit one of each Pok\u00e9mon\n|rule|Sleep Clause Mod: Limit one foe put to sleep\n|clearpoke\n|poke|p1|Urshifu-*, M|\n|poke|p1|Skarmory, M|\n|poke|p1|Ribombee, M|\n|poke|p1|Xurkitree|\n|poke|p1|Tyranitar, F|\n|poke|p1|Landorus-Therian, M|\n|poke|p2|Toxapex, F|\n|poke|p2|Excadrill, M|\n|poke|p2|Breloom, M|\n|poke|p2|Skarmory, M|\n|poke|p2|Kilowattrel, M|\n|poke|p2|Diancie|\n|teampreview\n|\n|t:|1699557203\n|start\n|switch|p1a: Landorus|Landorus-Therian, M|100\/100\n|switch|p2a: Skarmory|Skarmory, M, shiny|100\/100\n|-ability|p1a: Landorus|Intimidate|boost\n|-unboost|p2a: Skarmory|atk|1\n|turn|1\n|\n|t:|1699557211\n|switch|p1a: Xurkitree|Xurkitree|100\/100\n|move|p2a: Skarmory|Stealth Rock|p1a: Xurkitree\n|-sidestart|p1: gasman90|move: Stealth Rock\n|\n|upkeep\n|turn|2\n|\n|t:|1699557218\n|move|p1a: Xurkitree|Dazzling Gleam|p2a: Skarmory\n|-resisted|p2a: Skarmory\n|-damage|p2a: Skarmory|77\/100\n|move|p2a: Skarmory|Toxic|p1a: Xurkitree\n|-status|p1a: Xurkitree|tox\n|\n|-heal|p2a: Skarmory|83\/100|[from] item: Leftovers\n|-damage|p1a: Xurkitree|94\/100 tox|[from] psn\n|upkeep\n|turn|3\n|\n|t:|1699557226\n|switch|p1a: Skarmory|Skarmory, M|100\/100\n|-damage|p1a: Skarmory|88\/100|[from] Stealth Rock\n|move|p2a: Skarmory|Roost|p2a: Skarmory\n|-heal|p2a: Skarmory|100\/100\n|-singleturn|p2a: Skarmory|move: Roost\n|\n|upkeep\n|turn|4\n|\n|t:|1699557233\n|move|p2a: Skarmory|Brave Bird|p1a: Skarmory\n|-resisted|p1a: Skarmory\n|-damage|p1a: Skarmory|82\/100\n|-damage|p2a: Skarmory|84\/100|[from] item: Rocky Helmet|[of] p1a: Skarmory\n|-damage|p2a: Skarmory|82\/100|[from] Recoil\n|move|p1a: Skarmory|Defog|p2a: Skarmory\n|-unboost|p2a: Skarmory|evasion|1\n|-sideend|p1: gasman90|Stealth Rock|[from] move: Defog|[of] p1a: Skarmory\n|\n|-heal|p2a: Skarmory|88\/100|[from] item: Leftovers\n|upkeep\n|turn|5\n|\n|t:|1699557245\n|move|p2a: Skarmory|Roost|p2a: Skarmory\n|-heal|p2a: Skarmory|100\/100\n|-singleturn|p2a: Skarmory|move: Roost\n|move|p1a: Skarmory|Whirlwind|p2a: Skarmory\n|drag|p2a: Diancie|Diancie, shiny|100\/100\n|\n|upkeep\n|turn|6\n|\n|t:|1699557262\n|switch|p2a: Toxapex|Toxapex, F, shiny|100\/100\n|move|p1a: Skarmory|Toxic|p2a: Toxapex\n|-immune|p2a: Toxapex\n|\n|upkeep\n|turn|7\n|\n|t:|1699557270\n|switch|p1a: Landorus|Landorus-Therian, M|100\/100\n|-ability|p1a: Landorus|Intimidate|boost\n|-unboost|p2a: Toxapex|atk|1\n|move|p2a: Toxapex|Knock Off|p1a: Landorus\n|-damage|p1a: Landorus|88\/100\n|-enditem|p1a: Landorus|Choice Band|[from] move: Knock Off|[of] p2a: Toxapex\n|\n|upkeep\n|turn|8\n|\n|t:|1699557279\n|move|p2a: Toxapex|Baneful Bunker|p2a: Toxapex\n|-singleturn|p2a: Toxapex|move: Protect\n|move|p1a: Landorus|U-turn|p2a: Toxapex\n|-activate|p2a: Toxapex|move: Protect\n|-status|p1a: Landorus|psn\n|\n|-damage|p1a: Landorus|76\/100 psn|[from] psn\n|upkeep\n|turn|9\n|\n|t:|1699557288\n|move|p1a: Landorus|Earthquake|p2a: Toxapex\n|-supereffective|p2a: Toxapex\n|-crit|p2a: Toxapex\n|-damage|p2a: Toxapex|0 fnt\n|faint|p2a: Toxapex\n|\n|-damage|p1a: Landorus|64\/100 psn|[from] psn\n|upkeep\n|\n|t:|1699557295\n|switch|p2a: Kilowattrel|Kilowattrel, M, shiny|100\/100\n|turn|10\n|\n|t:|1699557299\n|switch|p1a: Tyranitar|Tyranitar, F|100\/100\n|-weather|Sandstorm|[from] ability: Sand Stream|[of] p1a: Tyranitar\n|move|p2a: Kilowattrel|Air Slash|p1a: Tyranitar\n|-resisted|p1a: Tyranitar\n|-damage|p1a: Tyranitar|89\/100\n|\n|-weather|Sandstorm|[upkeep]\n|-damage|p2a: Kilowattrel|94\/100|[from] Sandstorm\n|upkeep\n|turn|11\n|\n|t:|1699557308\n|move|p2a: Kilowattrel|U-turn|p1a: Tyranitar\n|-supereffective|p1a: Tyranitar\n|-damage|p1a: Tyranitar|70\/100\n|\n|t:|1699557311\n|switch|p2a: Skarmory|Skarmory, M, shiny|100\/100|[from] U-turn\n|move|p1a: Tyranitar|Knock Off|p2a: Skarmory\n|-damage|p2a: Skarmory|67\/100\n|-enditem|p2a: Skarmory|Leftovers|[from] move: Knock Off|[of] p1a: Tyranitar\n|\n|-weather|Sandstorm|[upkeep]\n|upkeep\n|turn|12\n|\n|t:|1699557319\n|move|p1a: Tyranitar|Dragon Dance|p1a: Tyranitar\n|-boost|p1a: Tyranitar|atk|1\n|-boost|p1a: Tyranitar|spe|1\n|move|p2a: Skarmory|Toxic|p1a: Tyranitar\n|-status|p1a: Tyranitar|tox\n|\n|-weather|Sandstorm|[upkeep]\n|-damage|p1a: Tyranitar|64\/100 tox|[from] psn\n|upkeep\n|turn|13\n|\n|t:|1699557326\n|move|p1a: Tyranitar|Dragon Dance|p1a: Tyranitar\n|-boost|p1a: Tyranitar|atk|1\n|-boost|p1a: Tyranitar|spe|1\n|move|p2a: Skarmory|Stealth Rock|p1a: Tyranitar\n|-sidestart|p1: gasman90|move: Stealth Rock\n|\n|-weather|Sandstorm|[upkeep]\n|-damage|p1a: Tyranitar|52\/100 tox|[from] psn\n|upkeep\n|turn|14\n|\n|t:|1699557334\n|detailschange|p1a: Tyranitar|Tyranitar-Mega, F\n|-mega|p1a: Tyranitar|Tyranitar|Tyranitarite\n|move|p1a: Tyranitar|Rock Blast|p2a: Skarmory\n|-damage|p2a: Skarmory|47\/100\n|-damage|p2a: Skarmory|27\/100\n|-damage|p2a: Skarmory|8\/100\n|-hitcount|p2a: Skarmory|3\n|move|p2a: Skarmory|Roost|p2a: Skarmory\n|-heal|p2a: Skarmory|58\/100\n|-singleturn|p2a: Skarmory|move: Roost\n|\n|-weather|none\n|-damage|p1a: Tyranitar|33\/100 tox|[from] psn\n|upkeep\n|turn|15\n|\n|t:|1699557346\n|move|p1a: Tyranitar|Rock Blast|p2a: Skarmory\n|-damage|p2a: Skarmory|39\/100\n|-damage|p2a: Skarmory|18\/100\n|-damage|p2a: Skarmory|0 fnt\n|faint|p2a: Skarmory\n|-hitcount|p2: Skarmory|3\n|\n|-damage|p1a: Tyranitar|9\/100 tox|[from] psn\n|upkeep\n|\n|t:|1699557349\n|switch|p2a: Breloom|Breloom, M, shiny|100\/100\n|turn|16\n|\n|t:|1699557356\n|move|p2a: Breloom|Mach Punch|p1a: Tyranitar\n|-supereffective|p1a: Tyranitar\n|-damage|p1a: Tyranitar|0 fnt\n|faint|p1a: Tyranitar\n|\n|upkeep\n|\n|t:|1699557360\n|switch|p1a: Skarmory|Skarmory, M|82\/100\n|-damage|p1a: Skarmory|70\/100|[from] Stealth Rock\n|turn|17\n|\n|t:|1699557364\n|move|p2a: Breloom|Spore|p1a: Skarmory\n|-status|p1a: Skarmory|slp|[from] move: Spore\n|cant|p1a: Skarmory|slp\n|\n|upkeep\n|turn|18\n|\n|t:|1699557369\n|move|p2a: Breloom|Swords Dance|p2a: Breloom\n|-boost|p2a: Breloom|atk|2\n|cant|p1a: Skarmory|slp\n|\n|upkeep\n|turn|19\n|\n|t:|1699557374\n|-curestatus|p1a: Skarmory|slp|[msg]\n|move|p1a: Skarmory|Defog|p2a: Breloom\n|-unboost|p2a: Breloom|evasion|1\n|-sideend|p1: gasman90|Stealth Rock|[from] move: Defog|[of] p1a: Skarmory\n|move|p2a: Breloom|Swords Dance|p2a: Breloom\n|-boost|p2a: Breloom|atk|2\n|\n|upkeep\n|turn|20\n|\n|t:|1699557381\n|move|p2a: Breloom|Spore|p1a: Skarmory\n|-status|p1a: Skarmory|slp|[from] move: Spore\n|cant|p1a: Skarmory|slp\n|\n|upkeep\n|turn|21\n|\n|t:|1699557386\n|-curestatus|p1a: Skarmory|slp|[msg]\n|move|p1a: Skarmory|Toxic|p2a: Breloom\n|-status|p2a: Breloom|tox\n|move|p2a: Breloom|Swords Dance|p2a: Breloom\n|-boost|p2a: Breloom|atk|2\n|\n|-damage|p2a: Breloom|94\/100 tox|[from] psn\n|upkeep\n|turn|22\n|\n|t:|1699557395\n|move|p2a: Breloom|Mach Punch|p1a: Skarmory\n|-damage|p1a: Skarmory|0 fnt\n|-damage|p2a: Breloom|78\/100 tox|[from] item: Rocky Helmet|[of] p1a: Skarmory\n|faint|p1a: Skarmory\n|\n|-heal|p2a: Breloom|84\/100 tox|[from] item: Leftovers\n|-damage|p2a: Breloom|71\/100 tox|[from] psn\n|upkeep\n|\n|t:|1699557402\n|switch|p1a: Ribombee|Ribombee, M|100\/100\n|turn|23\n|\n|t:|1699557408\n|-terastallize|p2a: Breloom|Ghost\n|move|p1a: Ribombee|Moonblast|p2a: Breloom\n|-damage|p2a: Breloom|14\/100 tox\n|move|p2a: Breloom|Spore|p1a: Ribombee\n|-block|p1a: Ribombee|ability: Sweet Veil|[of] p1a: Ribombee\n|\n|-heal|p2a: Breloom|20\/100 tox|[from] item: Leftovers\n|-damage|p2a: Breloom|1\/100 tox|[from] psn\n|upkeep\n|turn|24\n|\n|t:|1699557418\n|move|p2a: Breloom|Mach Punch|p1a: Ribombee\n|-resisted|p1a: Ribombee\n|-damage|p1a: Ribombee|30\/100\n|move|p1a: Ribombee|Moonblast|p2a: Breloom\n|-damage|p2a: Breloom|0 fnt\n|faint|p2a: Breloom\n|\n|upkeep\n|\n|t:|1699557421\n|switch|p2a: Excadrill|Excadrill, M, shiny|100\/100\n|-ability|p2a: Excadrill|Mold Breaker\n|turn|25\n|\n|t:|1699557433\n|move|p1a: Ribombee|Bug Buzz|p2a: Excadrill\n|-resisted|p2a: Excadrill\n|-damage|p2a: Excadrill|76\/100\n|move|p2a: Excadrill|Swords Dance|p2a: Excadrill\n|-boost|p2a: Excadrill|atk|2\n|\n|upkeep\n|turn|26\n|\n|t:|1699557439\n|move|p1a: Ribombee|Bug Buzz|p2a: Excadrill\n|-resisted|p2a: Excadrill\n|-damage|p2a: Excadrill|50\/100\n|move|p2a: Excadrill|Iron Head|p1a: Ribombee\n|-supereffective|p1a: Ribombee\n|-damage|p1a: Ribombee|0 fnt\n|faint|p1a: Ribombee\n|-damage|p2a: Excadrill|40\/100|[from] item: Life Orb\n|\n|upkeep\n|\n|t:|1699557447\n|switch|p1a: Urshifu|Urshifu-Rapid-Strike, M|100\/100\n|turn|27\n|\n|t:|1699557454\n|move|p1a: Urshifu|Surging Strikes|p2a: Excadrill\n|-supereffective|p2a: Excadrill\n|-crit|p2a: Excadrill\n|-damage|p2a: Excadrill|0 fnt\n|faint|p2a: Excadrill\n|-hitcount|p2: Excadrill|1\n|\n|upkeep\n|\n|t:|1699557455\n|switch|p2a: Kilowattrel|Kilowattrel, M, shiny|94\/100\n|turn|28\n|\n|t:|1699557464\n|switch|p1a: Xurkitree|Xurkitree|94\/100 tox\n|move|p2a: Kilowattrel|Discharge|p1a: Xurkitree\n|-resisted|p1a: Xurkitree\n|-damage|p1a: Xurkitree|67\/100 tox\n|\n|-damage|p1a: Xurkitree|61\/100 tox|[from] psn\n|upkeep\n|turn|29\n|\n|t:|1699557472\n|move|p1a: Xurkitree|Dazzling Gleam|p2a: Kilowattrel\n|-damage|p2a: Kilowattrel|32\/100\n|move|p2a: Kilowattrel|Air Slash|p1a: Xurkitree\n|-resisted|p1a: Xurkitree\n|-damage|p1a: Xurkitree|35\/100 tox\n|\n|-damage|p1a: Xurkitree|23\/100 tox|[from] psn\n|upkeep\n|turn|30\n|\n|t:|1699557479\n|switch|p2a: Diancie|Diancie, shiny|100\/100\n|move|p1a: Xurkitree|Dazzling Gleam|p2a: Diancie\n|-damage|p2a: Diancie|67\/100\n|\n|-damage|p1a: Xurkitree|4\/100 tox|[from] psn\n|upkeep\n|turn|31\n|\n|t:|1699557486\n|switch|p1a: Urshifu|Urshifu-Rapid-Strike, M|100\/100\n|detailschange|p2a: Diancie|Diancie-Mega, shiny\n|-mega|p2a: Diancie|Diancie|Diancite\n|move|p2a: Diancie|Diamond Storm|p1a: Urshifu\n|-resisted|p1a: Urshifu\n|-damage|p1a: Urshifu|75\/100\n|-boost|p2a: Diancie|def|2\n|\n|upkeep\n|turn|32\n|\n|t:|1699557496\n|move|p2a: Diancie|Dazzling Gleam|p1a: Urshifu\n|-supereffective|p1a: Urshifu\n|-damage|p1a: Urshifu|0 fnt\n|faint|p1a: Urshifu\n|\n|upkeep\n|\n|t:|1699557500\n|switch|p1a: Landorus|Landorus-Therian, M|64\/100 psn\n|-ability|p1a: Landorus|Intimidate|boost\n|-unboost|p2a: Diancie|atk|1\n|turn|33\n|\n|t:|1699557504\n|move|p2a: Diancie|Diamond Storm|p1a: Landorus\n|-damage|p1a: Landorus|22\/100 psn\n|-boost|p2a: Diancie|def|2\n|move|p1a: Landorus|Earthquake|p2a: Diancie\n|-supereffective|p2a: Diancie\n|-damage|p2a: Diancie|14\/100\n|\n|-damage|p1a: Landorus|10\/100 psn|[from] psn\n|upkeep\n|turn|34\n|\n|t:|1699557513\n|move|p2a: Diancie|Body Press|p1a: Landorus\n|-resisted|p1a: Landorus\n|-damage|p1a: Landorus|0 fnt\n|faint|p1a: Landorus\n|\n|upkeep\n|\n|t:|1699557518\n|switch|p1a: Xurkitree|Xurkitree|4\/100 tox\n|turn|35\n|\n|t:|1699557521\n|move|p1a: Xurkitree|Dazzling Gleam|p2a: Diancie\n|-damage|p2a: Diancie|0 fnt\n|faint|p2a: Diancie\n|-ability|p1a: Xurkitree|Beast Boost|boost\n|-boost|p1a: Xurkitree|spa|1\n|\n|-damage|p1a: Xurkitree|0 fnt|[from] psn\n|faint|p1a: Xurkitree\n|\n|win|mr Deuzp\n|upkeep\n|raw|gasman90's rating: 1367 &rarr; <strong>1345<\/strong><br \/>(-22 for losing)\n|raw|mr Deuzp's rating: 1335 &rarr; <strong>1357<\/strong><br \/>(+22 for winning)\n|l|\u203dgasman90\n","uploadtime":1699557537,"views":5,"p1id":"gasman90","p2id":"mrdeuzp","formatid":"gen9nationaldex","rating":1345,"private":0,"password":""}