{"id":"gen9nationaldex-1997003424","p1":"djamaO","p2":"A Ira de Deus","format":"[Gen 9] National Dex","log":"|html|<div class=\"broadcast-blue\"><strong>[Gen 9] National Dex is currently suspecting Sneasler! For information on how to participate check out the <a href=\"https:\/\/www.smogon.com\/forums\/threads\/sv-national-dex-suspect-8-just-dance.3731534\/\">suspect thread<\/a>.<\/strong><\/div>\n|j|\u2606djamaO\n|j|\u2606A Ira de Deus\n|t:|1700754593\n|gametype|singles\n|player|p1|djamaO|265|1723\n|player|p2|A Ira de Deus|unknown|1967\n|teamsize|p1|6\n|teamsize|p2|6\n|gen|9\n|tier|[Gen 9] National Dex\n|rated|\n|rule|HP Percentage Mod: HP is shown in percentages\n|rule|Endless Battle Clause: Forcing endless battles is banned\n|rule|OHKO Clause: OHKO moves are banned\n|rule|Evasion Clause: Evasion abilities, items, and moves are banned\n|rule|Evasion Abilities Clause: Evasion abilities are banned\n|rule|Evasion Items Clause: Evasion items are banned\n|rule|Evasion Moves Clause: Evasion moves are banned\n|rule|Species Clause: Limit one of each Pok\u00e9mon\n|rule|Sleep Clause Mod: Limit one foe put to sleep\n|clearpoke\n|poke|p1|Garchomp, M|\n|poke|p1|Ogerpon-Wellspring, F|\n|poke|p1|Dondozo, F|\n|poke|p1|Charizard, F|\n|poke|p1|Zapdos|\n|poke|p1|Chansey, F|\n|poke|p2|Charizard, M|\n|poke|p2|Hoopa-Unbound|\n|poke|p2|Clefable, M|\n|poke|p2|Toxapex, M|\n|poke|p2|Chansey, F|\n|poke|p2|Gliscor, M|\n|teampreview\n|j| yuzhibo\n|inactive|Battle timer is ON: inactive players will automatically lose when time's up. (requested by A Ira de Deus)\n|\n|t:|1700754607\n|start\n|switch|p1a: Ogerpon|Ogerpon-Wellspring, F|100\/100\n|switch|p2a: Hover on Water|Toxapex, M|100\/100\n|turn|1\n|\n|t:|1700754615\n|move|p1a: Ogerpon|Substitute|p1a: Ogerpon\n|-start|p1a: Ogerpon|Substitute\n|-damage|p1a: Ogerpon|76\/100\n|move|p2a: Hover on Water|Toxic Spikes|p1a: Ogerpon\n|-sidestart|p1: djamaO|move: Toxic Spikes\n|\n|upkeep\n|turn|2\n|\n|t:|1700754622\n|move|p1a: Ogerpon|Swords Dance|p1a: Ogerpon\n|-boost|p1a: Ogerpon|atk|2\n|move|p2a: Hover on Water|Haze|p2a: Hover on Water\n|-clearallboost\n|\n|upkeep\n|turn|3\n|\n|t:|1700754628\n|move|p1a: Ogerpon|Horn Leech|p2a: Hover on Water\n|-damage|p2a: Hover on Water|76\/100\n|-heal|p1a: Ogerpon|88\/100|[from] drain|[of] p2a: Hover on Water\n|-damage|p1a: Ogerpon|72\/100|[from] item: Rocky Helmet|[of] p2a: Hover on Water\n|move|p2a: Hover on Water|Haze|p2a: Hover on Water\n|-clearallboost\n|\n|upkeep\n|turn|4\n|\n|t:|1700754637\n|move|p1a: Ogerpon|Horn Leech|p2a: Hover on Water\n|-damage|p2a: Hover on Water|47\/100\n|-heal|p1a: Ogerpon|86\/100|[from] drain|[of] p2a: Hover on Water\n|-damage|p1a: Ogerpon|70\/100|[from] item: Rocky Helmet|[of] p2a: Hover on Water\n|move|p2a: Hover on Water|Haze|p2a: Hover on Water\n|-clearallboost\n|\n|upkeep\n|turn|5\n|\n|t:|1700754646\n|move|p2a: Hover on Water|Baneful Bunker|p2a: Hover on Water\n|-singleturn|p2a: Hover on Water|move: Protect\n|move|p1a: Ogerpon|Swords Dance|p1a: Ogerpon\n|-boost|p1a: Ogerpon|atk|2\n|\n|upkeep\n|turn|6\n|\n|t:|1700754652\n|switch|p2a: Forbidden Fruit|Clefable, M|100\/100\n|move|p1a: Ogerpon|Horn Leech|p2a: Forbidden Fruit\n|-damage|p2a: Forbidden Fruit|68\/100\n|-heal|p1a: Ogerpon|91\/100|[from] drain|[of] p2a: Forbidden Fruit\n|\n|-heal|p2a: Forbidden Fruit|74\/100|[from] item: Leftovers\n|upkeep\n|turn|7\n|\n|t:|1700754665\n|move|p2a: Forbidden Fruit|Protect|p2a: Forbidden Fruit\n|-singleturn|p2a: Forbidden Fruit|Protect\n|move|p1a: Ogerpon|Horn Leech|p2a: Forbidden Fruit\n|-activate|p2a: Forbidden Fruit|move: Protect\n|\n|-heal|p2a: Forbidden Fruit|80\/100|[from] item: Leftovers\n|upkeep\n|turn|8\n|\n|t:|1700754672\n|switch|p2a: Hover on Water|Toxapex, M|80\/100\n|move|p1a: Ogerpon|Ivy Cudgel|p2a: Hover on Water|[anim] Ivy Cudgel Water\n|-resisted|p2a: Hover on Water\n|-damage|p2a: Hover on Water|46\/100\n|\n|upkeep\n|turn|9\n|\n|t:|1700754681\n|move|p1a: Ogerpon|Swords Dance|p1a: Ogerpon\n|-boost|p1a: Ogerpon|atk|2\n|move|p2a: Hover on Water|Haze|p2a: Hover on Water\n|-clearallboost\n|\n|upkeep\n|turn|10\n|\n|t:|1700754687\n|move|p2a: Hover on Water|Baneful Bunker|p2a: Hover on Water\n|-singleturn|p2a: Hover on Water|move: Protect\n|move|p1a: Ogerpon|Ivy Cudgel|p2a: Hover on Water|[anim] Ivy Cudgel Water\n|-activate|p2a: Hover on Water|move: Protect\n|\n|upkeep\n|turn|11\n|\n|t:|1700754695\n|move|p1a: Ogerpon|Horn Leech|p2a: Hover on Water\n|-damage|p2a: Hover on Water|19\/100\n|-heal|p1a: Ogerpon|100\/100|[from] drain|[of] p2a: Hover on Water\n|-damage|p1a: Ogerpon|84\/100|[from] item: Rocky Helmet|[of] p2a: Hover on Water\n|move|p2a: Hover on Water|Haze|p2a: Hover on Water\n|-clearallboost\n|\n|upkeep\n|turn|12\n|\n|t:|1700754703\n|switch|p2a: Forbidden Fruit|Clefable, M|80\/100\n|move|p1a: Ogerpon|Swords Dance|p1a: Ogerpon\n|-boost|p1a: Ogerpon|atk|2\n|\n|-heal|p2a: Forbidden Fruit|86\/100|[from] item: Leftovers\n|upkeep\n|turn|13\n|\n|t:|1700754710\n|move|p1a: Ogerpon|Horn Leech|p2a: Forbidden Fruit\n|-damage|p2a: Forbidden Fruit|54\/100\n|-heal|p1a: Ogerpon|100\/100|[from] drain|[of] p2a: Forbidden Fruit\n|move|p2a: Forbidden Fruit|Wish|p2a: Forbidden Fruit\n|\n|-heal|p2a: Forbidden Fruit|60\/100|[from] item: Leftovers\n|upkeep\n|turn|14\n|\n|t:|1700754719\n|move|p1a: Ogerpon|Swords Dance|p1a: Ogerpon\n|-boost|p1a: Ogerpon|atk|2\n|move|p2a: Forbidden Fruit|Moonblast|p1a: Ogerpon\n|-end|p1a: Ogerpon|Substitute\n|\n|-heal|p2a: Forbidden Fruit|100\/100|[from] move: Wish|[wisher] Forbidden Fruit\n|upkeep\n|turn|15\n|\n|t:|1700754728\n|move|p1a: Ogerpon|Substitute|p1a: Ogerpon\n|-start|p1a: Ogerpon|Substitute\n|-damage|p1a: Ogerpon|76\/100\n|move|p2a: Forbidden Fruit|Moonblast|p1a: Ogerpon\n|-end|p1a: Ogerpon|Substitute\n|\n|upkeep\n|turn|16\n|\n|t:|1700754734\n|move|p1a: Ogerpon|Ivy Cudgel|p2a: Forbidden Fruit|[anim] Ivy Cudgel Water\n|-crit|p2a: Forbidden Fruit\n|-damage|p2a: Forbidden Fruit|29\/100\n|move|p2a: Forbidden Fruit|Toxic|p1a: Ogerpon\n|-status|p1a: Ogerpon|tox\n|\n|-heal|p2a: Forbidden Fruit|35\/100|[from] item: Leftovers\n|-damage|p1a: Ogerpon|70\/100 tox|[from] psn\n|upkeep\n|turn|17\n|\n|t:|1700754744\n|move|p2a: Forbidden Fruit|Protect|p2a: Forbidden Fruit\n|-singleturn|p2a: Forbidden Fruit|Protect\n|move|p1a: Ogerpon|Swords Dance|p1a: Ogerpon\n|-boost|p1a: Ogerpon|atk|2\n|\n|-heal|p2a: Forbidden Fruit|41\/100|[from] item: Leftovers\n|-damage|p1a: Ogerpon|58\/100 tox|[from] psn\n|upkeep\n|turn|18\n|\n|t:|1700754752\n|move|p1a: Ogerpon|Ivy Cudgel|p2a: Forbidden Fruit|[anim] Ivy Cudgel Water\n|-damage|p2a: Forbidden Fruit|0 fnt\n|faint|p2a: Forbidden Fruit\n|\n|-damage|p1a: Ogerpon|40\/100 tox|[from] psn\n|upkeep\n|\n|t:|1700754757\n|switch|p2a: Hover on Water|Toxapex, M|52\/100\n|turn|19\n|\n|t:|1700754761\n|move|p2a: Hover on Water|Baneful Bunker|p2a: Hover on Water\n|-singleturn|p2a: Hover on Water|move: Protect\n|move|p1a: Ogerpon|Horn Leech|p2a: Hover on Water\n|-activate|p2a: Hover on Water|move: Protect\n|\n|-damage|p1a: Ogerpon|16\/100 tox|[from] psn\n|upkeep\n|turn|20\n|\n|t:|1700754768\n|move|p2a: Hover on Water|Baneful Bunker||[still]\n|-fail|p2a: Hover on Water\n|move|p1a: Ogerpon|Horn Leech|p2a: Hover on Water\n|-damage|p2a: Hover on Water|0 fnt\n|-heal|p1a: Ogerpon|42\/100 tox|[from] drain|[of] p2a: Hover on Water\n|-damage|p1a: Ogerpon|25\/100 tox|[from] item: Rocky Helmet|[of] p2a: Hover on Water\n|faint|p2a: Hover on Water\n|\n|-damage|p1a: Ogerpon|0 fnt|[from] psn\n|faint|p1a: Ogerpon\n|upkeep\n|-message|A Ira de Deus forfeited.\n|\n|win|djamaO\n|raw|djamaO's rating: 1723 &rarr; <strong>1755<\/strong><br \/>(+32 for winning)\n|raw|A Ira de Deus's rating: 1967 &rarr; <strong>1935<\/strong><br \/>(-32 for losing)\n|l|\u2606A Ira de Deus\n","uploadtime":1700754785,"views":9,"p1id":"djamao","p2id":"airadedeus","formatid":"gen9nationaldex","rating":1755,"private":0,"password":""}