{"id":"gen9nationaldex-1987627793","p1":"masiweiafgk","p2":"LimeyAce","format":"[Gen 9] National Dex","log":"|j|\u2606masiweiafgk\n|j|\u2606LimeyAce\n|t:|1699621430\n|gametype|singles\n|player|p1|masiweiafgk|fisherman|1124\n|player|p2|LimeyAce|iris|1125\n|teamsize|p1|1\n|teamsize|p2|6\n|gen|9\n|tier|[Gen 9] National Dex\n|rated|\n|rule|HP Percentage Mod: HP is shown in percentages\n|rule|Endless Battle Clause: Forcing endless battles is banned\n|rule|OHKO Clause: OHKO moves are banned\n|rule|Evasion Clause: Evasion abilities, items, and moves are banned\n|rule|Evasion Abilities Clause: Evasion abilities are banned\n|rule|Evasion Items Clause: Evasion items are banned\n|rule|Evasion Moves Clause: Evasion moves are banned\n|rule|Species Clause: Limit one of each Pok\u00e9mon\n|rule|Sleep Clause Mod: Limit one foe put to sleep\n|clearpoke\n|poke|p1|Lickitung, M|\n|poke|p2|Leavanny, F|\n|poke|p2|Mismagius, F|\n|poke|p2|Gardevoir, F|\n|poke|p2|Meloetta|\n|poke|p2|Milotic, F|\n|poke|p2|Tsareena, F|\n|teampreview\n|inactive|Battle timer is ON: inactive players will automatically lose when time's up. (requested by masiweiafgk)\n|\n|t:|1699621446\n|start\n|switch|p1a: Lickitung|Lickitung, M|100\/100\n|switch|p2a: Berry|Tsareena, F|100\/100\n|turn|1\n|\n|t:|1699621454\n|move|p2a: Berry|High Jump Kick|p1a: Lickitung\n|-supereffective|p1a: Lickitung\n|-damage|p1a: Lickitung|54\/100\n|move|p1a: Lickitung|Curse|p1a: Lickitung\n|-unboost|p1a: Lickitung|spe|1\n|-boost|p1a: Lickitung|atk|1\n|-boost|p1a: Lickitung|def|1\n|\n|upkeep\n|turn|2\n|\n|t:|1699621460\n|move|p2a: Berry|Trop Kick|p1a: Lickitung\n|-damage|p1a: Lickitung|40\/100\n|-unboost|p1a: Lickitung|atk|1\n|move|p1a: Lickitung|Wish|p1a: Lickitung\n|\n|upkeep\n|turn|3\n|\n|t:|1699621471\n|move|p2a: Berry|High Jump Kick|p1a: Lickitung\n|-supereffective|p1a: Lickitung\n|-damage|p1a: Lickitung|4\/100\n|move|p1a: Lickitung|Curse|p1a: Lickitung\n|-unboost|p1a: Lickitung|spe|1\n|-boost|p1a: Lickitung|atk|1\n|-boost|p1a: Lickitung|def|1\n|\n|-heal|p1a: Lickitung|54\/100|[from] move: Wish|[wisher] Lickitung\n|upkeep\n|turn|4\n|\n|t:|1699621475\n|move|p2a: Berry|Trop Kick|p1a: Lickitung\n|-damage|p1a: Lickitung|43\/100\n|-unboost|p1a: Lickitung|atk|1\n|move|p1a: Lickitung|Wish|p1a: Lickitung\n|\n|upkeep\n|turn|5\n|\n|t:|1699621482\n|move|p2a: Berry|Trop Kick|p1a: Lickitung\n|-crit|p1a: Lickitung\n|-damage|p1a: Lickitung|12\/100\n|-unboost|p1a: Lickitung|atk|1\n|move|p1a: Lickitung|Curse|p1a: Lickitung\n|-unboost|p1a: Lickitung|spe|1\n|-boost|p1a: Lickitung|atk|1\n|-boost|p1a: Lickitung|def|1\n|\n|-heal|p1a: Lickitung|62\/100|[from] move: Wish|[wisher] Lickitung\n|upkeep\n|turn|6\n|\n|t:|1699621488\n|move|p2a: Berry|Trop Kick|p1a: Lickitung\n|-damage|p1a: Lickitung|53\/100\n|-unboost|p1a: Lickitung|atk|1\n|move|p1a: Lickitung|Wish|p1a: Lickitung\n|\n|upkeep\n|turn|7\n|\n|t:|1699621498\n|move|p2a: Berry|Trop Kick|p1a: Lickitung\n|-damage|p1a: Lickitung|45\/100\n|-unboost|p1a: Lickitung|atk|1\n|move|p1a: Lickitung|Curse|p1a: Lickitung\n|-unboost|p1a: Lickitung|spe|1\n|-boost|p1a: Lickitung|atk|1\n|-boost|p1a: Lickitung|def|1\n|\n|-heal|p1a: Lickitung|95\/100|[from] move: Wish|[wisher] Lickitung\n|upkeep\n|turn|8\n|\n|t:|1699621505\n|move|p2a: Berry|U-turn|p1a: Lickitung\n|-damage|p1a: Lickitung|90\/100\n|\n|t:|1699621509\n|switch|p2a: Milo|Milotic, F|100\/100|[from] U-turn\n|move|p1a: Lickitung|Whirlpool|p2a: Milo\n|-resisted|p2a: Milo\n|-damage|p2a: Milo|98\/100\n|-activate|p2a: Milo|move: Whirlpool|[of] p1a: Lickitung\n|\n|-damage|p2a: Milo|86\/100|[from] move: Whirlpool|[partiallytrapped]\n|-status|p2a: Milo|brn|[from] item: Flame Orb\n|upkeep\n|turn|9\n|c|\u2606LimeyAce|You wanna see something funny\n|\n|t:|1699621538\n|move|p2a: Milo|Haze|p2a: Milo\n|-clearallboost\n|move|p1a: Lickitung|Amnesia|p1a: Lickitung\n|-boost|p1a: Lickitung|spd|2\n|\n|-damage|p2a: Milo|80\/100 brn|[from] brn\n|-damage|p2a: Milo|68\/100 brn|[from] move: Whirlpool|[partiallytrapped]\n|upkeep\n|turn|10\n|-message|masiweiafgk forfeited.\n|\n|win|LimeyAce\n|raw|masiweiafgk's rating: 1124 &rarr; <strong>1099<\/strong><br \/>(-25 for losing)\n|raw|LimeyAce's rating: 1125 &rarr; <strong>1150<\/strong><br \/>(+25 for winning)\n|l|\u2606masiweiafgk\n","uploadtime":1699621570,"views":5,"p1id":"masiweiafgk","p2id":"limeyace","formatid":"gen9nationaldex","rating":1099,"private":0,"password":""}