{"id":"gen9nationaldex-1997940627","p1":"mixco","p2":"Corazonmorado27","format":"[Gen 9] National Dex","log":"|html|<div class=\"broadcast-blue\"><strong>[Gen 9] National Dex is currently suspecting Sneasler! For information on how to participate check out the <a href=\"https:\/\/www.smogon.com\/forums\/threads\/sv-national-dex-suspect-8-just-dance.3731534\/\">suspect thread<\/a>.<\/strong><\/div>\n|j|\u2606mixco\n|j|\u2606Corazonmorado27\n|t:|1700869989\n|gametype|singles\n|player|p1|mixco|penny|\n|player|p2|Corazonmorado27|parasollady|\n|teamsize|p1|6\n|teamsize|p2|6\n|gen|9\n|tier|[Gen 9] National Dex\n|rule|HP Percentage Mod: HP is shown in percentages\n|rule|Endless Battle Clause: Forcing endless battles is banned\n|rule|OHKO Clause: OHKO moves are banned\n|rule|Evasion Clause: Evasion abilities, items, and moves are banned\n|rule|Evasion Abilities Clause: Evasion abilities are banned\n|rule|Evasion Items Clause: Evasion items are banned\n|rule|Evasion Moves Clause: Evasion moves are banned\n|rule|Species Clause: Limit one of each Pok\u00e9mon\n|rule|Sleep Clause Mod: Limit one foe put to sleep\n|clearpoke\n|poke|p1|Infernape, M|\n|poke|p1|Staraptor, M|\n|poke|p1|Bibarel, F|\n|poke|p1|Luxray, M|\n|poke|p1|Roserade, F|\n|poke|p1|Mamoswine, M|\n|poke|p2|Delphox, M|\n|poke|p2|Blastoise, M|\n|poke|p2|Gogoat, F|\n|poke|p2|Gardevoir, F|\n|poke|p2|Raichu, M|\n|poke|p2|Lucario, M|\n|teampreview\n|c|\u2606Corazonmorado27|suerte uwu\n|c|\u2606mixco|Suerte uwu\n|\n|t:|1700870021\n|start\n|switch|p1a: Arctic|Mamoswine, M|100\/100\n|switch|p2a: Mr. Raichu|Raichu, M|100\/100\n|turn|1\n|\n|t:|1700870044\n|move|p2a: Mr. Raichu|Focus Blast|p1a: Arctic|[miss]\n|-miss|p2a: Mr. Raichu|p1a: Arctic\n|move|p1a: Arctic|Knock Off|p2a: Mr. Raichu\n|-damage|p2a: Mr. Raichu|20\/100\n|-enditem|p2a: Mr. Raichu|Choice Specs|[from] move: Knock Off|[of] p1a: Arctic\n|\n|upkeep\n|turn|2\n|\n|t:|1700870057\n|switch|p1a: Silvina|Roserade, F|100\/100\n|move|p2a: Mr. Raichu|Surf|p1a: Silvina\n|-resisted|p1a: Silvina\n|-damage|p1a: Silvina|85\/100\n|\n|upkeep\n|turn|3\n|\n|t:|1700870082\n|switch|p2a: Mr. Delphox|Delphox, M|100\/100\n|move|p1a: Silvina|Shadow Ball|p2a: Mr. Delphox\n|-supereffective|p2a: Mr. Delphox\n|-damage|p2a: Mr. Delphox|35\/100\n|\n|upkeep\n|turn|4\n|\n|t:|1700870093\n|switch|p1a: Arctic|Mamoswine, M|100\/100\n|move|p2a: Mr. Delphox|Psychic|p1a: Arctic\n|-damage|p1a: Arctic|63\/100\n|\n|upkeep\n|turn|5\n|\n|t:|1700870103\n|switch|p2a: Mr. Blastoise|Blastoise, M|100\/100\n|move|p1a: Arctic|Knock Off|p2a: Mr. Blastoise\n|-damage|p2a: Mr. Blastoise|72\/100\n|-enditem|p2a: Mr. Blastoise|Assault Vest|[from] move: Knock Off|[of] p1a: Arctic\n|\n|upkeep\n|turn|6\n|\n|t:|1700870113\n|switch|p1a: Star|Staraptor, M|100\/100\n|-ability|p1a: Star|Intimidate|boost\n|-unboost|p2a: Mr. Blastoise|atk|1\n|move|p2a: Mr. Blastoise|Flip Turn|p1a: Star\n|-damage|p1a: Star|87\/100\n|-damage|p2a: Mr. Blastoise|55\/100|[from] item: Rocky Helmet|[of] p1a: Star\n|\n|t:|1700870120\n|switch|p2a: Mr. Raichu|Raichu, M|20\/100|[from] Flip Turn\n|\n|upkeep\n|turn|7\n|\n|t:|1700870130\n|switch|p1a: Silvina|Roserade, F|85\/100\n|move|p2a: Mr. Raichu|Volt Switch|p1a: Silvina\n|-resisted|p1a: Silvina\n|-damage|p1a: Silvina|68\/100\n|\n|t:|1700870137\n|switch|p2a: Mr. Delphox|Delphox, M|35\/100|[from] Volt Switch\n|\n|upkeep\n|turn|8\n|j| OnlyPyper\n|\n|t:|1700870149\n|switch|p1a: Cast|Bibarel, F|100\/100\n|move|p2a: Mr. Delphox|Psychic|p1a: Cast\n|-damage|p1a: Cast|40\/100\n|\n|-heal|p1a: Cast|46\/100|[from] item: Leftovers\n|upkeep\n|turn|9\n|\n|t:|1700870157\n|switch|p2a: Miss. Gogoat|Gogoat, F|100\/100\n|move|p1a: Cast|Aqua Jet|p2a: Miss. Gogoat\n|-resisted|p2a: Miss. Gogoat\n|-damage|p2a: Miss. Gogoat|92\/100\n|\n|-heal|p1a: Cast|52\/100|[from] item: Leftovers\n|-heal|p2a: Miss. Gogoat|98\/100|[from] item: Leftovers\n|upkeep\n|turn|10\n|\n|t:|1700870167\n|switch|p1a: Inferno|Infernape, M|100\/100\n|move|p2a: Miss. Gogoat|Bulk Up|p2a: Miss. Gogoat\n|-boost|p2a: Miss. Gogoat|atk|1\n|-boost|p2a: Miss. Gogoat|def|1\n|\n|-heal|p2a: Miss. Gogoat|100\/100|[from] item: Leftovers\n|upkeep\n|turn|11\n|\n|t:|1700870179\n|move|p1a: Inferno|U-turn|p2a: Miss. Gogoat\n|-supereffective|p2a: Miss. Gogoat\n|-damage|p2a: Miss. Gogoat|75\/100\n|\n|t:|1700870183\n|switch|p1a: Silvina|Roserade, F|68\/100|[from] U-turn\n|move|p2a: Miss. Gogoat|Earthquake|p1a: Silvina\n|-damage|p1a: Silvina|2\/100\n|\n|-heal|p2a: Miss. Gogoat|81\/100|[from] item: Leftovers\n|upkeep\n|turn|12\n|\n|t:|1700870198\n|-terastallize|p2a: Miss. Gogoat|Water\n|move|p1a: Silvina|Sludge Bomb|p2a: Miss. Gogoat\n|-damage|p2a: Miss. Gogoat|51\/100\n|move|p2a: Miss. Gogoat|Milk Drink|p2a: Miss. Gogoat\n|-heal|p2a: Miss. Gogoat|100\/100\n|\n|upkeep\n|turn|13\n|\n|t:|1700870208\n|move|p1a: Silvina|Sludge Bomb|p2a: Miss. Gogoat\n|-damage|p2a: Miss. Gogoat|73\/100\n|-status|p2a: Miss. Gogoat|psn\n|move|p2a: Miss. Gogoat|Bulk Up|p2a: Miss. Gogoat\n|-boost|p2a: Miss. Gogoat|atk|1\n|-boost|p2a: Miss. Gogoat|def|1\n|\n|-heal|p2a: Miss. Gogoat|79\/100 psn|[from] item: Leftovers\n|-damage|p2a: Miss. Gogoat|67\/100 psn|[from] psn\n|upkeep\n|turn|14\n|c| OnlyPyper|Watafak cora hizo una psicopatada de las m\u00edas ekisde\n|\n|t:|1700870221\n|move|p1a: Silvina|Sludge Bomb|p2a: Miss. Gogoat\n|-damage|p2a: Miss. Gogoat|36\/100 psn\n|move|p2a: Miss. Gogoat|Horn Leech|p1a: Silvina\n|-resisted|p1a: Silvina\n|-damage|p1a: Silvina|0 fnt\n|-heal|p2a: Miss. Gogoat|37\/100 psn|[from] drain|[of] p1a: Silvina\n|faint|p1a: Silvina\n|\n|-heal|p2a: Miss. Gogoat|43\/100 psn|[from] item: Leftovers\n|-damage|p2a: Miss. Gogoat|30\/100 psn|[from] psn\n|upkeep\n|c| OnlyPyper|Pyper sal de ese cuerpo\n|\n|t:|1700870230\n|switch|p1a: Voltio|Luxray, M|100\/100\n|turn|15\n|\n|t:|1700870233\n|move|p1a: Voltio|Volt Switch|p2a: Miss. Gogoat\n|-supereffective|p2a: Miss. Gogoat\n|-damage|p2a: Miss. Gogoat|3\/100 psn\n|\n|t:|1700870237\n|switch|p1a: Star|Staraptor, M|87\/100|[from] Volt Switch\n|-ability|p1a: Star|Intimidate|boost\n|-unboost|p2a: Miss. Gogoat|atk|1\n|move|p2a: Miss. Gogoat|Earthquake|p1a: Star\n|-immune|p1a: Star\n|\n|-heal|p2a: Miss. Gogoat|10\/100 psn|[from] item: Leftovers\n|-damage|p2a: Miss. Gogoat|0 fnt|[from] psn\n|faint|p2a: Miss. Gogoat\n|upkeep\n|c| OnlyPyper|Que perre\n|\n|t:|1700870247\n|switch|p2a: Mr. Raichu|Raichu, M|20\/100\n|turn|16\n|\n|t:|1700870257\n|switch|p1a: Voltio|Luxray, M|100\/100\n|move|p2a: Mr. Raichu|Surf|p1a: Voltio\n|-damage|p1a: Voltio|66\/100\n|\n|-status|p1a: Voltio|brn|[from] item: Flame Orb\n|upkeep\n|turn|17\n|c| OnlyPyper|Se puso horny Voltio\n|\n|t:|1700870281\n|move|p2a: Mr. Raichu|Focus Blast|p1a: Voltio\n|-damage|p1a: Voltio|23\/100 brn\n|move|p1a: Voltio|Facade|p2a: Mr. Raichu\n|-damage|p2a: Mr. Raichu|0 fnt\n|faint|p2a: Mr. Raichu\n|\n|-damage|p1a: Voltio|17\/100 brn|[from] brn\n|upkeep\n|c|\u2606mixco|Por ver al raichu\n|c|\u2606Corazonmorado27|ke?\n|c|\u2606Corazonmorado27|XD\n|c| OnlyPyper|Que\n|c|\u2606mixco|XD\n|c| OnlyPyper|XD\n|\n|t:|1700870300\n|switch|p2a: Mr. Delphox|Delphox, M|35\/100\n|turn|18\n|\n|t:|1700870304\n|move|p2a: Mr. Delphox|Psychic|p1a: Voltio\n|-damage|p1a: Voltio|0 fnt\n|faint|p1a: Voltio\n|\n|upkeep\n|c| OnlyPyper|Voltio infiel\n|\n|t:|1700870312\n|switch|p1a: Cast|Bibarel, F|52\/100\n|turn|19\n|\n|t:|1700870317\n|switch|p2a: Mr. Blastoise|Blastoise, M|55\/100\n|move|p1a: Cast|Swords Dance|p1a: Cast\n|-boost|p1a: Cast|atk|4\n|\n|-heal|p1a: Cast|58\/100|[from] item: Leftovers\n|upkeep\n|turn|20\n|\n|t:|1700870329\n|-terastallize|p1a: Cast|Water\n|move|p2a: Mr. Blastoise|Body Press|p1a: Cast\n|-damage|p1a: Cast|20\/100\n|move|p1a: Cast|Return|p2a: Mr. Blastoise\n|-damage|p2a: Mr. Blastoise|0 fnt\n|faint|p2a: Mr. Blastoise\n|\n|-heal|p1a: Cast|26\/100|[from] item: Leftovers\n|upkeep\n|\n|t:|1700870339\n|switch|p2a: Mr. Lucario|Lucario, M|100\/100\n|turn|21\n|\n|t:|1700870348\n|switch|p1a: Star|Staraptor, M|87\/100\n|-ability|p1a: Star|Intimidate|boost\n|-fail|p2a: Mr. Lucario|unboost|Attack|[from] ability: Inner Focus|[of] p2a: Mr. Lucario\n|move|p2a: Mr. Lucario|Swords Dance|p2a: Mr. Lucario\n|-boost|p2a: Mr. Lucario|atk|2\n|\n|upkeep\n|turn|22\n|\n|t:|1700870363\n|switch|p2a: Miss. Gardevoir|Gardevoir, F|100\/100\n|-ability|p2a: Miss. Gardevoir|Intimidate|boost\n|-unboost|p1a: Star|atk|1\n|-ability|p2a: Miss. Gardevoir|Intimidate|[from] ability: Trace|[of] p1a: Star\n|move|p1a: Star|Brave Bird|p2a: Miss. Gardevoir\n|-damage|p2a: Miss. Gardevoir|39\/100\n|-damage|p1a: Star|72\/100|[from] Recoil\n|\n|upkeep\n|turn|23\n|\n|t:|1700870378\n|detailschange|p2a: Miss. Gardevoir|Gardevoir-Mega, F\n|-mega|p2a: Miss. Gardevoir|Gardevoir|Gardevoirite\n|move|p2a: Miss. Gardevoir|Hyper Voice|p1a: Star\n|-damage|p1a: Star|0 fnt\n|faint|p1a: Star\n|\n|upkeep\n|c| OnlyPyper|Miss. Gardevoir: Boo uwu\n|\n|t:|1700870382\n|switch|p1a: Inferno|Infernape, M|100\/100\n|turn|24\n|\n|t:|1700870392\n|move|p1a: Inferno|Overheat|p2a: Miss. Gardevoir\n|-damage|p2a: Miss. Gardevoir|0 fnt\n|-unboost|p1a: Inferno|spa|2\n|faint|p2a: Miss. Gardevoir\n|\n|upkeep\n|\n|t:|1700870398\n|switch|p2a: Mr. Delphox|Delphox, M|35\/100\n|turn|25\n|\n|t:|1700870403\n|switch|p1a: Arctic|Mamoswine, M|63\/100\n|move|p2a: Mr. Delphox|Psychic|p1a: Arctic\n|-crit|p1a: Arctic\n|-damage|p1a: Arctic|8\/100\n|\n|upkeep\n|turn|26\n|c|\u2606mixco|Chido xddd\n|c| OnlyPyper|No afecto igual ekisde\n|\n|t:|1700870418\n|move|p1a: Arctic|Ice Shard|p2a: Mr. Delphox\n|-resisted|p2a: Mr. Delphox\n|-damage|p2a: Mr. Delphox|19\/100\n|move|p2a: Mr. Delphox|Psychic|p1a: Arctic\n|-damage|p1a: Arctic|0 fnt\n|faint|p1a: Arctic\n|\n|upkeep\n|c| OnlyPyper|Era 2hko de todos modos\n|\n|t:|1700870423\n|switch|p1a: Cast|Bibarel, F, tera:Water|26\/100\n|turn|27\n|\n|t:|1700870434\n|move|p1a: Cast|Aqua Jet|p2a: Mr. Delphox\n|-supereffective|p2a: Mr. Delphox\n|-damage|p2a: Mr. Delphox|0 fnt\n|faint|p2a: Mr. Delphox\n|\n|-heal|p1a: Cast|32\/100|[from] item: Leftovers\n|upkeep\n|\n|t:|1700870440\n|switch|p2a: Mr. Lucario|Lucario, M|100\/100\n|turn|28\n|\n|t:|1700870446\n|move|p1a: Cast|Aqua Jet|p2a: Mr. Lucario\n|-damage|p2a: Mr. Lucario|61\/100\n|move|p2a: Mr. Lucario|Close Combat|p1a: Cast\n|-damage|p1a: Cast|0 fnt\n|-unboost|p2a: Mr. Lucario|def|1\n|-unboost|p2a: Mr. Lucario|spd|1\n|faint|p1a: Cast\n|\n|upkeep\n|\n|t:|1700870452\n|switch|p1a: Inferno|Infernape, M|100\/100\n|turn|29\n|c|\u2606mixco|gg\n|c|\u2606Corazonmorado27|gg\n|\n|t:|1700870463\n|move|p2a: Mr. Lucario|Bullet Punch|p1a: Inferno\n|-resisted|p1a: Inferno\n|-damage|p1a: Inferno|85\/100\n|move|p1a: Inferno|Aura Sphere|p2a: Mr. Lucario\n|-supereffective|p2a: Mr. Lucario\n|-damage|p2a: Mr. Lucario|0 fnt\n|faint|p2a: Mr. Lucario\n|\n|win|mixco\n|c| OnlyPyper|Gg\n|c|\u2606mixco|Subtexto (?\n|l| OnlyPyper\n|c|\u2606mixco|Con cual de los 2 lucarios(?\n|l|\u2606Corazonmorado27\n|c|\u2606mixco|Ah no se\n","uploadtime":1700870473,"views":2,"p1id":"mixco","p2id":"corazonmorado27","formatid":"gen9nationaldex","rating":0,"private":0,"password":""}