{"id":"gen9nationaldex-1992934623","p1":"Damidai","p2":"Milkmann3","format":"[Gen 9] National Dex","log":"|j|\u2606Damidai\n|j|\u2606Milkmann3\n|t:|1700248183\n|gametype|singles\n|player|p1|Damidai|fisherman|1558\n|player|p2|Milkmann3|giovanni|1551\n|teamsize|p1|6\n|teamsize|p2|6\n|gen|9\n|tier|[Gen 9] National Dex\n|rated|\n|rule|HP Percentage Mod: HP is shown in percentages\n|rule|Endless Battle Clause: Forcing endless battles is banned\n|rule|OHKO Clause: OHKO moves are banned\n|rule|Evasion Clause: Evasion abilities, items, and moves are banned\n|rule|Evasion Abilities Clause: Evasion abilities are banned\n|rule|Evasion Items Clause: Evasion items are banned\n|rule|Evasion Moves Clause: Evasion moves are banned\n|rule|Species Clause: Limit one of each Pok\u00e9mon\n|rule|Sleep Clause Mod: Limit one foe put to sleep\n|clearpoke\n|poke|p1|Ceruledge, F|\n|poke|p1|Diancie|\n|poke|p1|Rillaboom, M|\n|poke|p1|Great Tusk|\n|poke|p1|Tapu Lele|\n|poke|p1|Toxapex, F|\n|poke|p2|Lopunny, F|\n|poke|p2|Garganacl, M|\n|poke|p2|Kartana|\n|poke|p2|Moltres|\n|poke|p2|Garchomp, F|\n|poke|p2|Sinistcha|\n|teampreview\n|inactive|Battle timer is ON: inactive players will automatically lose when time's up. (requested by Damidai)\n|inactive|Milkmann3 has 120 seconds left.\n|\n|t:|1700248218\n|start\n|switch|p1a: Toxapex|Toxapex, F|100\/100\n|switch|p2a: Sinistcha|Sinistcha|100\/100\n|turn|1\n|\n|t:|1700248229\n|switch|p2a: Garganacl|Garganacl, M|100\/100\n|move|p1a: Toxapex|Toxic|p2a: Garganacl\n|-immune|p2a: Garganacl|[from] ability: Purifying Salt\n|\n|upkeep\n|turn|2\n|\n|t:|1700248237\n|switch|p1a: Rillaboom|Rillaboom, M|100\/100\n|-fieldstart|move: Grassy Terrain|[from] ability: Grassy Surge|[of] p1a: Rillaboom\n|move|p2a: Garganacl|Stealth Rock|p1a: Rillaboom\n|-sidestart|p1: Damidai|move: Stealth Rock\n|\n|upkeep\n|turn|3\n|\n|t:|1700248249\n|switch|p1a: Great Tusk|Great Tusk|100\/100\n|-damage|p1a: Great Tusk|98\/100|[from] Stealth Rock\n|switch|p2a: Moltres|Moltres|100\/100\n|\n|-heal|p1a: Great Tusk|100\/100|[from] Grassy Terrain\n|upkeep\n|turn|4\n|\n|t:|1700248254\n|switch|p2a: Sinistcha|Sinistcha|100\/100\n|move|p1a: Great Tusk|Head Smash|p2a: Sinistcha\n|-damage|p2a: Sinistcha|65\/100\n|-damage|p1a: Great Tusk|84\/100|[from] Recoil\n|\n|-heal|p1a: Great Tusk|90\/100|[from] Grassy Terrain\n|-heal|p1a: Great Tusk|96\/100|[from] item: Leftovers\n|-heal|p2a: Sinistcha|71\/100|[from] Grassy Terrain\n|-heal|p2a: Sinistcha|77\/100|[from] item: Leftovers\n|upkeep\n|turn|5\n|\n|t:|1700248260\n|-end|p1a: Great Tusk|Protosynthesis|[silent]\n|switch|p1a: Ceruledge|Ceruledge, F|100\/100\n|move|p2a: Sinistcha|Matcha Gotcha|p1a: Ceruledge\n|-resisted|p1a: Ceruledge\n|-damage|p1a: Ceruledge|80\/100\n|-heal|p2a: Sinistcha|87\/100|[from] drain|[of] p1a: Ceruledge\n|\n|-heal|p1a: Ceruledge|86\/100|[from] Grassy Terrain\n|-heal|p2a: Sinistcha|94\/100|[from] Grassy Terrain\n|-heal|p2a: Sinistcha|99\/100|[from] item: Leftovers\n|upkeep\n|turn|6\n|\n|t:|1700248267\n|switch|p2a: Garchomp|Garchomp, F|100\/100\n|move|p1a: Ceruledge|Bulk Up|p1a: Ceruledge\n|-boost|p1a: Ceruledge|atk|1\n|-boost|p1a: Ceruledge|def|1\n|\n|-heal|p1a: Ceruledge|92\/100|[from] Grassy Terrain\n|-fieldend|move: Grassy Terrain\n|upkeep\n|turn|7\n|\n|t:|1700248272\n|-terastallize|p1a: Ceruledge|Fighting\n|move|p2a: Garchomp|Toxic|p1a: Ceruledge\n|-status|p1a: Ceruledge|tox\n|move|p1a: Ceruledge|Poltergeist|p2a: Garchomp\n|-activate|p2a: Garchomp|move: Poltergeist|Rocky Helmet\n|-damage|p2a: Garchomp|36\/100\n|\n|-damage|p1a: Ceruledge|86\/100 tox|[from] psn\n|upkeep\n|turn|8\n|\n|t:|1700248293\n|move|p2a: Garchomp|Spikes|p1a: Ceruledge\n|-sidestart|p1: Damidai|Spikes\n|move|p1a: Ceruledge|Poltergeist|p2a: Garchomp\n|-activate|p2a: Garchomp|move: Poltergeist|Rocky Helmet\n|-damage|p2a: Garchomp|0 fnt\n|faint|p2a: Garchomp\n|\n|-damage|p1a: Ceruledge|74\/100 tox|[from] psn\n|upkeep\n|inactive|Milkmann3 has 120 seconds left.\n|\n|t:|1700248308\n|switch|p2a: Moltres|Moltres|100\/100\n|turn|9\n|\n|t:|1700248314\n|move|p2a: Moltres|Roost||[still]\n|-fail|p2a: Moltres|heal\n|move|p1a: Ceruledge|Poltergeist|p2a: Moltres\n|-activate|p2a: Moltres|move: Poltergeist|Heavy-Duty Boots\n|-damage|p2a: Moltres|14\/100\n|\n|-damage|p1a: Ceruledge|55\/100 tox|[from] psn\n|upkeep\n|turn|10\n|\n|t:|1700248324\n|switch|p2a: Lopunny|Lopunny, F|100\/100\n|move|p1a: Ceruledge|Bitter Blade|p2a: Lopunny\n|-crit|p2a: Lopunny\n|-damage|p2a: Lopunny|0 fnt\n|-heal|p1a: Ceruledge|93\/100 tox|[from] drain|[of] p2a: Lopunny\n|faint|p2a: Lopunny\n|\n|-damage|p1a: Ceruledge|69\/100 tox|[from] psn\n|upkeep\n|\n|t:|1700248328\n|switch|p2a: Garganacl|Garganacl, M|100\/100\n|turn|11\n|\n|t:|1700248335\n|move|p2a: Garganacl|Protect|p2a: Garganacl\n|-singleturn|p2a: Garganacl|Protect\n|move|p1a: Ceruledge|Tera Blast|p2a: Garganacl|[anim] Tera Blast Fighting\n|-activate|p2a: Garganacl|move: Protect\n|\n|-damage|p1a: Ceruledge|38\/100 tox|[from] psn\n|upkeep\n|turn|12\n|\n|t:|1700248347\n|switch|p2a: Moltres|Moltres|14\/100\n|move|p1a: Ceruledge|Bitter Blade|p2a: Moltres\n|-resisted|p2a: Moltres\n|-damage|p2a: Moltres|0 fnt\n|-heal|p1a: Ceruledge|45\/100 tox|[from] drain|[of] p2a: Moltres\n|faint|p2a: Moltres\n|\n|-damage|p1a: Ceruledge|8\/100 tox|[from] psn\n|upkeep\n|\n|t:|1700248353\n|switch|p2a: Garganacl|Garganacl, M|100\/100\n|turn|13\n|\n|t:|1700248375\n|switch|p1a: Rillaboom|Rillaboom, M|100\/100\n|-damage|p1a: Rillaboom|88\/100|[from] Stealth Rock\n|-damage|p1a: Rillaboom|76\/100|[from] Spikes\n|-fieldstart|move: Grassy Terrain|[from] ability: Grassy Surge|[of] p1a: Rillaboom\n|move|p2a: Garganacl|Protect||[still]\n|-fail|p2a: Garganacl\n|\n|-heal|p1a: Rillaboom|82\/100|[from] Grassy Terrain\n|upkeep\n|turn|14\n|\n|t:|1700248385\n|-terastallize|p2a: Garganacl|Fairy\n|move|p1a: Rillaboom|Superpower|p2a: Garganacl\n|-resisted|p2a: Garganacl\n|-damage|p2a: Garganacl|78\/100\n|-unboost|p1a: Rillaboom|atk|1\n|-unboost|p1a: Rillaboom|def|1\n|move|p2a: Garganacl|Salt Cure|p1a: Rillaboom\n|-damage|p1a: Rillaboom|63\/100\n|-start|p1a: Rillaboom|Salt Cure\n|\n|-heal|p1a: Rillaboom|70\/100|[from] Grassy Terrain\n|-heal|p2a: Garganacl|85\/100|[from] Grassy Terrain\n|-heal|p2a: Garganacl|91\/100|[from] item: Leftovers\n|-damage|p1a: Rillaboom|57\/100|[from] Salt Cure\n|upkeep\n|turn|15\n|\n|t:|1700248389\n|switch|p1a: Great Tusk|Great Tusk|96\/100\n|-damage|p1a: Great Tusk|93\/100|[from] Stealth Rock\n|-damage|p1a: Great Tusk|81\/100|[from] Spikes\n|move|p2a: Garganacl|Salt Cure|p1a: Great Tusk\n|-resisted|p1a: Great Tusk\n|-damage|p1a: Great Tusk|78\/100\n|-start|p1a: Great Tusk|Salt Cure\n|\n|-heal|p1a: Great Tusk|85\/100|[from] Grassy Terrain\n|-heal|p1a: Great Tusk|91\/100|[from] item: Leftovers\n|-heal|p2a: Garganacl|97\/100|[from] Grassy Terrain\n|-heal|p2a: Garganacl|100\/100|[from] item: Leftovers\n|-damage|p1a: Great Tusk|78\/100|[from] Salt Cure\n|upkeep\n|turn|16\n|\n|t:|1700248396\n|switch|p2a: Sinistcha|Sinistcha|99\/100\n|move|p1a: Great Tusk|Rapid Spin|p2a: Sinistcha\n|-immune|p2a: Sinistcha\n|\n|-heal|p1a: Great Tusk|85\/100|[from] Grassy Terrain\n|-heal|p1a: Great Tusk|91\/100|[from] item: Leftovers\n|-heal|p2a: Sinistcha|100\/100|[from] Grassy Terrain\n|-damage|p1a: Great Tusk|78\/100|[from] Salt Cure\n|upkeep\n|turn|17\n|\n|t:|1700248408\n|-end|p1a: Great Tusk|Protosynthesis|[silent]\n|switch|p1a: Tapu Lele|Tapu Lele|100\/100\n|-damage|p1a: Tapu Lele|88\/100|[from] Stealth Rock\n|-damage|p1a: Tapu Lele|76\/100|[from] Spikes\n|-fieldstart|move: Psychic Terrain|[from] ability: Psychic Surge|[of] p1a: Tapu Lele\n|move|p2a: Sinistcha|Matcha Gotcha|p1a: Tapu Lele|[miss]\n|-miss|p2a: Sinistcha|p1a: Tapu Lele\n|\n|upkeep\n|turn|18\n|\n|t:|1700248415\n|move|p1a: Tapu Lele|Psychic|p2a: Sinistcha\n|-damage|p2a: Sinistcha|30\/100\n|move|p2a: Sinistcha|Shadow Ball|p1a: Tapu Lele\n|-supereffective|p1a: Tapu Lele\n|-damage|p1a: Tapu Lele|1\/100\n|\n|-heal|p2a: Sinistcha|36\/100|[from] item: Leftovers\n|upkeep\n|turn|19\n|\n|t:|1700248427\n|move|p1a: Tapu Lele|Psychic|p2a: Sinistcha\n|-damage|p2a: Sinistcha|0 fnt\n|faint|p2a: Sinistcha\n|\n|upkeep\n|\n|t:|1700248434\n|switch|p2a: Kartana|Kartana|100\/100\n|turn|20\n|\n|t:|1700248441\n|move|p2a: Kartana|Leaf Blade|p1a: Tapu Lele\n|-damage|p1a: Tapu Lele|0 fnt\n|faint|p1a: Tapu Lele\n|-ability|p2a: Kartana|Beast Boost|boost\n|-boost|p2a: Kartana|atk|1\n|\n|upkeep\n|\n|t:|1700248447\n|switch|p1a: Toxapex|Toxapex, F|100\/100\n|-damage|p1a: Toxapex|88\/100|[from] Stealth Rock\n|-damage|p1a: Toxapex|76\/100|[from] Spikes\n|turn|21\n|\n|t:|1700248450\n|move|p2a: Kartana|Leaf Blade|p1a: Toxapex\n|-damage|p1a: Toxapex|15\/100\n|-damage|p2a: Kartana|84\/100|[from] item: Rocky Helmet|[of] p1a: Toxapex\n|move|p1a: Toxapex|Scald|p2a: Kartana\n|-resisted|p2a: Kartana\n|-damage|p2a: Kartana|57\/100\n|\n|-fieldend|move: Psychic Terrain\n|upkeep\n|turn|22\n|\n|t:|1700248454\n|move|p1a: Toxapex|Baneful Bunker|p1a: Toxapex\n|-singleturn|p1a: Toxapex|move: Protect\n|move|p2a: Kartana|Leaf Blade|p1a: Toxapex\n|-activate|p1a: Toxapex|move: Protect\n|\n|upkeep\n|turn|23\n|\n|t:|1700248466\n|switch|p1a: Ceruledge|Ceruledge, F, tera:Fighting|8\/100 tox\n|move|p2a: Kartana|Leaf Blade|p1a: Ceruledge\n|-damage|p1a: Ceruledge|0 fnt\n|faint|p1a: Ceruledge\n|-ability|p2a: Kartana|Beast Boost|boost\n|-boost|p2a: Kartana|atk|1\n|\n|upkeep\n|\n|t:|1700248473\n|switch|p1a: Toxapex|Toxapex, F|49\/100\n|-damage|p1a: Toxapex|36\/100|[from] Stealth Rock\n|-damage|p1a: Toxapex|24\/100|[from] Spikes\n|turn|24\n|\n|t:|1700248477\n|move|p2a: Kartana|Leaf Blade|p1a: Toxapex\n|-damage|p1a: Toxapex|0 fnt\n|-damage|p2a: Kartana|41\/100|[from] item: Rocky Helmet|[of] p1a: Toxapex\n|faint|p1a: Toxapex\n|-ability|p2a: Kartana|Beast Boost|boost\n|-boost|p2a: Kartana|atk|1\n|\n|upkeep\n|\n|t:|1700248485\n|switch|p1a: Rillaboom|Rillaboom, M|57\/100\n|-damage|p1a: Rillaboom|45\/100|[from] Stealth Rock\n|-damage|p1a: Rillaboom|32\/100|[from] Spikes\n|-fieldstart|move: Grassy Terrain|[from] ability: Grassy Surge|[of] p1a: Rillaboom\n|turn|25\n|\n|t:|1700248488\n|move|p1a: Rillaboom|Grassy Glide|p2a: Kartana\n|-resisted|p2a: Kartana\n|-damage|p2a: Kartana|26\/100\n|move|p2a: Kartana|Leaf Blade|p1a: Rillaboom\n|-resisted|p1a: Rillaboom\n|-damage|p1a: Rillaboom|0 fnt\n|faint|p1a: Rillaboom\n|-ability|p2a: Kartana|Beast Boost|boost\n|-boost|p2a: Kartana|atk|1\n|\n|-heal|p2a: Kartana|32\/100|[from] Grassy Terrain\n|upkeep\n|-message|Damidai forfeited.\n|\n|win|Milkmann3\n|raw|Damidai's rating: 1558 &rarr; <strong>1538<\/strong><br \/>(-20 for losing)\n|raw|Milkmann3's rating: 1551 &rarr; <strong>1571<\/strong><br \/>(+20 for winning)\n|l|\u2606Damidai\n","uploadtime":1700248508,"views":17,"p1id":"damidai","p2id":"milkmann3","formatid":"gen9nationaldex","rating":1538,"private":0,"password":""}