{"id":"gen9nationaldex-1990857445","p1":"EsteMen2K22","p2":"ZARABAMBICHES","format":"[Gen 9] National Dex","log":"|j|\u2606EsteMen2K22\n|j|\u2606ZARABAMBICHES\n|t:|1700008234\n|gametype|singles\n|player|p1|EsteMen2K22|1|1352\n|player|p2|ZARABAMBICHES|2|1268\n|teamsize|p1|6\n|teamsize|p2|6\n|gen|9\n|tier|[Gen 9] National Dex\n|rated|\n|rule|HP Percentage Mod: HP is shown in percentages\n|rule|Endless Battle Clause: Forcing endless battles is banned\n|rule|OHKO Clause: OHKO moves are banned\n|rule|Evasion Clause: Evasion abilities, items, and moves are banned\n|rule|Evasion Abilities Clause: Evasion abilities are banned\n|rule|Evasion Items Clause: Evasion items are banned\n|rule|Evasion Moves Clause: Evasion moves are banned\n|rule|Species Clause: Limit one of each Pok\u00e9mon\n|rule|Sleep Clause Mod: Limit one foe put to sleep\n|clearpoke\n|poke|p1|Pelipper, F|\n|poke|p1|Swampert, F|\n|poke|p1|Moltres|\n|poke|p1|Ferrothorn, M|\n|poke|p1|Kyurem|\n|poke|p1|Great Tusk|\n|poke|p2|Heatran, M|\n|poke|p2|Greninja-*, M|\n|poke|p2|Jirachi|\n|poke|p2|Gliscor, M|\n|poke|p2|Sinistcha|\n|poke|p2|Corviknight, F|\n|teampreview\n|\n|t:|1700008250\n|start\n|switch|p1a: Kyurem|Kyurem|100\/100\n|switch|p2a: Heatran|Heatran, M|100\/100\n|-ability|p1a: Kyurem|Pressure\n|turn|1\n|\n|t:|1700008270\n|move|p1a: Kyurem|Earth Power|p2a: Heatran\n|-supereffective|p2a: Heatran\n|-damage|p2a: Heatran|0 fnt\n|faint|p2a: Heatran\n|\n|upkeep\n|\n|t:|1700008290\n|switch|p2a: Sinistcha|Sinistcha|100\/100\n|turn|2\n|\n|t:|1700008301\n|switch|p1a: Ferrothorn|Ferrothorn, M|100\/100\n|move|p2a: Sinistcha|Calm Mind|p2a: Sinistcha\n|-boost|p2a: Sinistcha|spa|1\n|-boost|p2a: Sinistcha|spd|1\n|\n|upkeep\n|turn|3\n|\n|t:|1700008311\n|move|p2a: Sinistcha|Calm Mind|p2a: Sinistcha\n|-boost|p2a: Sinistcha|spa|1\n|-boost|p2a: Sinistcha|spd|1\n|move|p1a: Ferrothorn|Gyro Ball|p2a: Sinistcha\n|-damage|p2a: Sinistcha|70\/100\n|\n|-heal|p2a: Sinistcha|76\/100|[from] item: Leftovers\n|upkeep\n|turn|4\n|\n|t:|1700008321\n|move|p2a: Sinistcha|Strength Sap|p1a: Ferrothorn\n|-unboost|p1a: Ferrothorn|atk|1\n|-heal|p2a: Sinistcha|100\/100\n|move|p1a: Ferrothorn|Knock Off|p2a: Sinistcha\n|-supereffective|p2a: Sinistcha\n|-damage|p2a: Sinistcha|75\/100\n|-enditem|p2a: Sinistcha|Leftovers|[from] move: Knock Off|[of] p1a: Ferrothorn\n|\n|upkeep\n|turn|5\n|\n|t:|1700008342\n|switch|p1a: Pelipper|Pelipper, F|100\/100\n|-weather|RainDance|[from] ability: Drizzle|[of] p1a: Pelipper\n|move|p2a: Sinistcha|Scald|p1a: Pelipper\n|-resisted|p1a: Pelipper\n|-damage|p1a: Pelipper|55\/100\n|\n|-weather|RainDance|[upkeep]\n|upkeep\n|turn|6\n|\n|t:|1700008354\n|move|p2a: Sinistcha|Shadow Ball|p1a: Pelipper\n|-damage|p1a: Pelipper|0 fnt\n|faint|p1a: Pelipper\n|\n|-weather|RainDance|[upkeep]\n|upkeep\n|\n|t:|1700008362\n|switch|p1a: Moltres|Moltres|100\/100\n|-ability|p1a: Moltres|Pressure\n|turn|7\n|\n|t:|1700008369\n|move|p1a: Moltres|Hurricane|p2a: Sinistcha\n|-supereffective|p2a: Sinistcha\n|-damage|p2a: Sinistcha|26\/100\n|move|p2a: Sinistcha|Scald|p1a: Moltres\n|-supereffective|p1a: Moltres\n|-damage|p1a: Moltres|0 fnt\n|faint|p1a: Moltres\n|\n|-weather|RainDance|[upkeep]\n|upkeep\n|\n|t:|1700008376\n|switch|p1a: Swampert|Swampert, F|100\/100\n|turn|8\n|\n|t:|1700008385\n|switch|p2a: Corviknight|Corviknight, F|100\/100\n|-ability|p2a: Corviknight|Pressure\n|detailschange|p1a: Swampert|Swampert-Mega, F\n|-mega|p1a: Swampert|Swampert|Swampertite\n|move|p1a: Swampert|Ice Punch|p2a: Corviknight\n|-damage|p2a: Corviknight|79\/100\n|-damage|p1a: Swampert|84\/100|[from] item: Rocky Helmet|[of] p2a: Corviknight\n|\n|-weather|RainDance|[upkeep]\n|upkeep\n|turn|9\n|\n|t:|1700008400\n|move|p1a: Swampert|Liquidation|p2a: Corviknight\n|-crit|p2a: Corviknight\n|-damage|p2a: Corviknight|0 fnt\n|-damage|p1a: Swampert|68\/100|[from] item: Rocky Helmet|[of] p2a: Corviknight\n|faint|p2a: Corviknight\n|\n|-weather|RainDance|[upkeep]\n|upkeep\n|\n|t:|1700008419\n|switch|p2a: Gliscor|Gliscor, M, shiny|100\/100\n|turn|10\n|\n|t:|1700008428\n|-terastallize|p2a: Gliscor|Normal\n|move|p1a: Swampert|Flip Turn|p2a: Gliscor\n|-damage|p2a: Gliscor|54\/100\n|\n|t:|1700008435\n|switch|p1a: Ferrothorn|Ferrothorn, M|100\/100|[from] Flip Turn\n|move|p2a: Gliscor|Facade|p1a: Ferrothorn\n|-resisted|p1a: Ferrothorn\n|-damage|p1a: Ferrothorn|92\/100\n|-damage|p2a: Gliscor|41\/100|[from] ability: Iron Barbs|[of] p1a: Ferrothorn\n|-damage|p2a: Gliscor|25\/100|[from] item: Rocky Helmet|[of] p1a: Ferrothorn\n|\n|-weather|RainDance|[upkeep]\n|-status|p2a: Gliscor|tox|[from] item: Toxic Orb\n|upkeep\n|turn|11\n|\n|t:|1700008451\n|switch|p2a: Sinistcha|Sinistcha|26\/100\n|move|p1a: Ferrothorn|Gyro Ball|p2a: Sinistcha\n|-damage|p2a: Sinistcha|0 fnt\n|faint|p2a: Sinistcha\n|\n|-weather|RainDance|[upkeep]\n|upkeep\n|\n|t:|1700008469\n|switch|p2a: Jirachi|Jirachi|100\/100\n|turn|12\n|\n|t:|1700008474\n|move|p2a: Jirachi|Wish|p2a: Jirachi\n|move|p1a: Ferrothorn|Knock Off|p2a: Jirachi\n|-supereffective|p2a: Jirachi\n|-damage|p2a: Jirachi|63\/100\n|-enditem|p2a: Jirachi|Leftovers|[from] move: Knock Off|[of] p1a: Ferrothorn\n|\n|-weather|none\n|upkeep\n|turn|13\n|\n|t:|1700008503\n|move|p2a: Jirachi|Drain Punch|p1a: Ferrothorn\n|-supereffective|p1a: Ferrothorn\n|-damage|p1a: Ferrothorn|66\/100\n|-heal|p2a: Jirachi|75\/100|[from] drain|[of] p1a: Ferrothorn\n|-damage|p2a: Jirachi|62\/100|[from] ability: Iron Barbs|[of] p1a: Ferrothorn\n|-damage|p2a: Jirachi|46\/100|[from] item: Rocky Helmet|[of] p1a: Ferrothorn\n|move|p1a: Ferrothorn|Leech Seed|p2a: Jirachi\n|-start|p2a: Jirachi|move: Leech Seed\n|\n|-heal|p2a: Jirachi|95\/100|[from] move: Wish|[wisher] Jirachi\n|-damage|p2a: Jirachi|83\/100|[from] Leech Seed|[of] p1a: Ferrothorn\n|-heal|p1a: Ferrothorn|79\/100|[silent]\n|upkeep\n|turn|14\n|\n|t:|1700008519\n|move|p2a: Jirachi|Wish|p2a: Jirachi\n|move|p1a: Ferrothorn|Gyro Ball|p2a: Jirachi\n|-resisted|p2a: Jirachi\n|-damage|p2a: Jirachi|63\/100\n|\n|-damage|p2a: Jirachi|51\/100|[from] Leech Seed|[of] p1a: Ferrothorn\n|-heal|p1a: Ferrothorn|93\/100|[silent]\n|upkeep\n|turn|15\n|\n|t:|1700008529\n|switch|p2a: Greninja|Greninja, M|100\/100\n|move|p1a: Ferrothorn|Gyro Ball|p2a: Greninja\n|-resisted|p2a: Greninja\n|-damage|p2a: Greninja|59\/100\n|\n|-heal|p2a: Greninja|100\/100|[from] move: Wish|[wisher] Jirachi\n|upkeep\n|turn|16\n|\n|t:|1700008541\n|move|p2a: Greninja|Dark Pulse|p1a: Ferrothorn\n|-damage|p1a: Ferrothorn|64\/100\n|move|p1a: Ferrothorn|Leech Seed|p2a: Greninja\n|-start|p2a: Greninja|move: Leech Seed\n|\n|-damage|p2a: Greninja|88\/100|[from] Leech Seed|[of] p1a: Ferrothorn\n|-heal|p1a: Ferrothorn|74\/100|[silent]\n|upkeep\n|turn|17\n|\n|t:|1700008551\n|switch|p2a: Jirachi|Jirachi|51\/100\n|move|p1a: Ferrothorn|Knock Off|p2a: Jirachi\n|-supereffective|p2a: Jirachi\n|-damage|p2a: Jirachi|27\/100\n|\n|upkeep\n|turn|18\n|\n|t:|1700008559\n|move|p2a: Jirachi|Wish|p2a: Jirachi\n|move|p1a: Ferrothorn|Leech Seed|p2a: Jirachi\n|-start|p2a: Jirachi|move: Leech Seed\n|\n|-damage|p2a: Jirachi|15\/100|[from] Leech Seed|[of] p1a: Ferrothorn\n|-heal|p1a: Ferrothorn|88\/100|[silent]\n|upkeep\n|turn|19\n|\n|t:|1700008568\n|move|p2a: Jirachi|Drain Punch|p1a: Ferrothorn\n|-supereffective|p1a: Ferrothorn\n|-damage|p1a: Ferrothorn|62\/100\n|-heal|p2a: Jirachi|27\/100|[from] drain|[of] p1a: Ferrothorn\n|-damage|p2a: Jirachi|14\/100|[from] ability: Iron Barbs|[of] p1a: Ferrothorn\n|-damage|p2a: Jirachi|0 fnt|[from] item: Rocky Helmet|[of] p1a: Ferrothorn\n|faint|p2a: Jirachi\n|move|p1a: Ferrothorn|Gyro Ball|p2: Jirachi|[notarget]\n|-fail|p1a: Ferrothorn\n|\n|upkeep\n|\n|t:|1700008581\n|switch|p2a: Gliscor|Gliscor, M, shiny, tera:Normal|25\/100 tox\n|turn|20\n|\n|t:|1700008586\n|move|p2a: Gliscor|Fire Fang|p1a: Ferrothorn\n|-supereffective|p1a: Ferrothorn\n|-damage|p1a: Ferrothorn|19\/100\n|-damage|p2a: Gliscor|13\/100 tox|[from] ability: Iron Barbs|[of] p1a: Ferrothorn\n|-damage|p2a: Gliscor|0 fnt|[from] item: Rocky Helmet|[of] p1a: Ferrothorn\n|faint|p2a: Gliscor\n|cant|p1a: Ferrothorn|flinch\n|\n|upkeep\n|\n|t:|1700008596\n|switch|p2a: Greninja|Greninja, M|88\/100\n|turn|21\n|\n|t:|1700008602\n|move|p2a: Greninja|Dark Pulse|p1a: Ferrothorn\n|-damage|p1a: Ferrothorn|0 fnt\n|faint|p1a: Ferrothorn\n|-ability|p2a: Greninja|Battle Bond|boost\n|-boost|p2a: Greninja|atk|1\n|-boost|p2a: Greninja|spa|1\n|-boost|p2a: Greninja|spe|1\n|-activate|p2a: Greninja|ability: Battle Bond\n|\n|upkeep\n|\n|t:|1700008605\n|switch|p1a: Kyurem|Kyurem|100\/100\n|-ability|p1a: Kyurem|Pressure\n|turn|22\n|\n|t:|1700008619\n|move|p2a: Greninja|Ice Beam|p1a: Kyurem\n|-damage|p1a: Kyurem|65\/100\n|move|p1a: Kyurem|Freeze-Dry|p2a: Greninja\n|-supereffective|p2a: Greninja\n|-damage|p2a: Greninja|0 fnt\n|faint|p2a: Greninja\n|\n|win|EsteMen2K22\n|raw|EsteMen2K22's rating: 1352 &rarr; <strong>1367<\/strong><br \/>(+15 for winning)\n|raw|ZARABAMBICHES's rating: 1268 &rarr; <strong>1249<\/strong><br \/>(-19 for losing)\n|l|\u2606EsteMen2K22\n","uploadtime":1700008650,"views":4,"p1id":"estemen2k22","p2id":"zarabambiches","formatid":"gen9nationaldex","rating":1249,"private":0,"password":""}