{"id":"gen9nationaldex-1991906003","p1":"starlitbox","p2":"Drongemption","format":"[Gen 9] National Dex","log":"|j|\u2606starlitbox\n|j|\u2606Drongemption\n|t:|1700136433\n|gametype|singles\n|player|p1|starlitbox|silver|1437\n|player|p2|Drongemption|2|1514\n|teamsize|p1|6\n|teamsize|p2|6\n|gen|9\n|tier|[Gen 9] National Dex\n|rated|\n|rule|HP Percentage Mod: HP is shown in percentages\n|rule|Endless Battle Clause: Forcing endless battles is banned\n|rule|OHKO Clause: OHKO moves are banned\n|rule|Evasion Clause: Evasion abilities, items, and moves are banned\n|rule|Evasion Abilities Clause: Evasion abilities are banned\n|rule|Evasion Items Clause: Evasion items are banned\n|rule|Evasion Moves Clause: Evasion moves are banned\n|rule|Species Clause: Limit one of each Pok\u00e9mon\n|rule|Sleep Clause Mod: Limit one foe put to sleep\n|clearpoke\n|poke|p1|Landorus-Therian, M|\n|poke|p1|Greninja-*, M|\n|poke|p1|Volcarona, F|\n|poke|p1|Iron Valiant|\n|poke|p1|Ogerpon-Wellspring, F|\n|poke|p1|Tapu Koko|\n|poke|p2|Tapu Lele|\n|poke|p2|Latios, M|\n|poke|p2|Great Tusk|\n|poke|p2|Greninja-*, M|\n|poke|p2|Zapdos|\n|poke|p2|Kartana|\n|teampreview\n|inactive|Battle timer is ON: inactive players will automatically lose when time's up. (requested by Drongemption)\n|inactive|Drongemption has 120 seconds left.\n|\n|t:|1700136471\n|start\n|switch|p1a: Ogerpon|Ogerpon-Wellspring, F|100\/100\n|switch|p2a: Kartana|Kartana|100\/100\n|turn|1\n|\n|t:|1700136478\n|move|p2a: Kartana|Leaf Blade|p1a: Ogerpon\n|-crit|p1a: Ogerpon\n|-damage|p1a: Ogerpon|0 fnt\n|faint|p1a: Ogerpon\n|-ability|p2a: Kartana|Beast Boost|boost\n|-boost|p2a: Kartana|atk|1\n|\n|upkeep\n|c|\u2606Drongemption|saluuuuuuuuuuut\n|\n|t:|1700136485\n|switch|p1a: Volcarona|Volcarona, F|100\/100\n|turn|2\n|\n|t:|1700136490\n|switch|p2a: Zapdos|Zapdos|100\/100\n|move|p1a: Volcarona|Quiver Dance|p1a: Volcarona\n|-boost|p1a: Volcarona|spa|1\n|-boost|p1a: Volcarona|spd|1\n|-boost|p1a: Volcarona|spe|1\n|\n|upkeep\n|turn|3\n|\n|t:|1700136497\n|move|p1a: Volcarona|Fiery Dance|p2a: Zapdos\n|-damage|p2a: Zapdos|15\/100\n|-boost|p1a: Volcarona|spa|1\n|move|p2a: Zapdos|Hurricane|p1a: Volcarona\n|-supereffective|p1a: Volcarona\n|-damage|p1a: Volcarona|0 fnt\n|faint|p1a: Volcarona\n|\n|upkeep\n|\n|t:|1700136510\n|switch|p1a: Tapu Koko|Tapu Koko|100\/100\n|-fieldstart|move: Electric Terrain|[from] ability: Electric Surge|[of] p1a: Tapu Koko\n|turn|4\n|\n|t:|1700136516\n|switch|p2a: Great Tusk|Great Tusk|100\/100\n|move|p1a: Tapu Koko|Dazzling Gleam|p2a: Great Tusk\n|-supereffective|p2a: Great Tusk\n|-damage|p2a: Great Tusk|0 fnt\n|faint|p2a: Great Tusk\n|-end|p2a: Great Tusk|Protosynthesis|[silent]\n|\n|upkeep\n|\n|t:|1700136526\n|switch|p2a: Kartana|Kartana|100\/100\n|turn|5\n|\n|t:|1700136534\n|move|p2a: Kartana|Leaf Blade|p1a: Tapu Koko\n|-damage|p1a: Tapu Koko|12\/100\n|move|p1a: Tapu Koko|Reflect|p1a: Tapu Koko\n|-sidestart|p1: starlitbox|Reflect\n|\n|upkeep\n|turn|6\n|\n|t:|1700136540\n|switch|p1a: Landorus|Landorus-Therian, M|100\/100\n|-ability|p1a: Landorus|Intimidate|boost\n|-unboost|p2a: Kartana|atk|1\n|move|p2a: Kartana|Leaf Blade|p1a: Landorus\n|-damage|p1a: Landorus|81\/100\n|\n|-heal|p1a: Landorus|87\/100|[from] item: Leftovers\n|upkeep\n|turn|7\n|\n|t:|1700136551\n|switch|p2a: Zapdos|Zapdos|15\/100\n|move|p1a: Landorus|U-turn|p2a: Zapdos\n|-resisted|p2a: Zapdos\n|-damage|p2a: Zapdos|0 fnt\n|faint|p2a: Zapdos\n|\n|t:|1700136561\n|switch|p1a: Iron Valiant|Iron Valiant|100\/100|[from] U-turn\n|-activate|p1a: Iron Valiant|ability: Quark Drive\n|-start|p1a: Iron Valiant|quarkdrivespe\n|\n|upkeep\n|\n|t:|1700136568\n|switch|p2a: Tapu Lele|Tapu Lele|100\/100\n|-fieldstart|move: Psychic Terrain|[from] ability: Psychic Surge|[of] p2a: Tapu Lele\n|-end|p1a: Iron Valiant|Quark Drive\n|turn|8\n|\n|t:|1700136585\n|-terastallize|p1a: Iron Valiant|Fairy\n|move|p2a: Tapu Lele|Moonblast|p1a: Iron Valiant\n|-damage|p1a: Iron Valiant|17\/100\n|move|p1a: Iron Valiant|Moonblast|p2a: Tapu Lele\n|-damage|p2a: Tapu Lele|0 fnt\n|faint|p2a: Tapu Lele\n|\n|upkeep\n|inactive|Drongemption has 120 seconds left.\n|\n|t:|1700136618\n|switch|p2a: Kartana|Kartana|100\/100\n|turn|9\n|\n|t:|1700136625\n|-end|p1a: Iron Valiant|Quark Drive|[silent]\n|switch|p1a: Landorus|Landorus-Therian, M|87\/100\n|-ability|p1a: Landorus|Intimidate|boost\n|-unboost|p2a: Kartana|atk|1\n|move|p2a: Kartana|Knock Off|p1a: Landorus\n|-damage|p1a: Landorus|73\/100\n|-enditem|p1a: Landorus|Leftovers|[from] move: Knock Off|[of] p2a: Kartana\n|\n|upkeep\n|turn|10\n|\n|t:|1700136636\n|move|p2a: Kartana|Knock Off|p1a: Landorus\n|-damage|p1a: Landorus|64\/100\n|move|p1a: Landorus|U-turn|p2a: Kartana\n|-damage|p2a: Kartana|70\/100\n|\n|t:|1700136646\n|switch|p1a: Greninja|Greninja, M|100\/100|[from] U-turn\n|\n|upkeep\n|turn|11\n|\n|t:|1700136652\n|move|p2a: Kartana|Knock Off|p1a: Greninja\n|-resisted|p1a: Greninja\n|-damage|p1a: Greninja|92\/100\n|move|p1a: Greninja|Ice Beam|p2a: Kartana\n|-damage|p2a: Kartana|0 fnt\n|faint|p2a: Kartana\n|-ability|p1a: Greninja|Battle Bond|boost\n|-boost|p1a: Greninja|atk|1\n|-boost|p1a: Greninja|spa|1\n|-boost|p1a: Greninja|spe|1\n|-activate|p1a: Greninja|ability: Battle Bond\n|\n|upkeep\n|\n|t:|1700136664\n|switch|p2a: Greninja|Greninja, M|100\/100\n|turn|12\n|\n|t:|1700136668\n|-zpower|p1a: Greninja\n|move|p1a: Greninja|Hydro Vortex|p2a: Greninja|[zeffect]\n|-resisted|p2a: Greninja\n|-damage|p2a: Greninja|7\/100\n|move|p2a: Greninja|Gunk Shot|p1a: Greninja\n|-damage|p1a: Greninja|64\/100\n|-status|p1a: Greninja|psn\n|-damage|p2a: Greninja|0 fnt|[from] item: Life Orb\n|faint|p2a: Greninja\n|\n|-damage|p1a: Greninja|52\/100 psn|[from] psn\n|-sideend|p1: starlitbox|Reflect\n|-fieldend|move: Psychic Terrain\n|upkeep\n|\n|t:|1700136681\n|switch|p2a: Latios|Latios, M|100\/100\n|turn|13\n|\n|t:|1700136687\n|detailschange|p2a: Latios|Latios-Mega, M\n|-mega|p2a: Latios|Latios|Latiosite\n|move|p1a: Greninja|Ice Beam|p2a: Latios\n|-supereffective|p2a: Latios\n|-damage|p2a: Latios|19\/100\n|-status|p2a: Latios|frz\n|cant|p2a: Latios|frz\n|\n|-damage|p1a: Greninja|39\/100 psn|[from] psn\n|upkeep\n|turn|14\n|-message|Drongemption forfeited.\n|\n|win|starlitbox\n|raw|starlitbox's rating: 1437 &rarr; <strong>1461<\/strong><br \/>(+24 for winning)\n|raw|Drongemption's rating: 1514 &rarr; <strong>1490<\/strong><br \/>(-24 for losing)\n|l|\u2606Drongemption\n","uploadtime":1700136702,"views":19,"p1id":"starlitbox","p2id":"drongemption","formatid":"gen9nationaldex","rating":1461,"private":0,"password":""}