{"id":"gen9nationaldex-1989582909","p1":"X0plays","p2":"spylent6","format":"[Gen 9] National Dex","log":"|j|\u2606X0plays\n|j|\u2606spylent6\n|t:|1699874743\n|gametype|singles\n|player|p1|X0plays|gambler|1071\n|player|p2|spylent6|palmer|1170\n|teamsize|p1|6\n|teamsize|p2|6\n|gen|9\n|tier|[Gen 9] National Dex\n|rated|\n|rule|HP Percentage Mod: HP is shown in percentages\n|rule|Endless Battle Clause: Forcing endless battles is banned\n|rule|OHKO Clause: OHKO moves are banned\n|rule|Evasion Clause: Evasion abilities, items, and moves are banned\n|rule|Evasion Abilities Clause: Evasion abilities are banned\n|rule|Evasion Items Clause: Evasion items are banned\n|rule|Evasion Moves Clause: Evasion moves are banned\n|rule|Species Clause: Limit one of each Pok\u00e9mon\n|rule|Sleep Clause Mod: Limit one foe put to sleep\n|clearpoke\n|poke|p1|Cinderace, M|\n|poke|p1|Grimmsnarl, M|\n|poke|p1|Galvantula, M|\n|poke|p1|Mantine, M|\n|poke|p1|Lucario, M|\n|poke|p1|Mamoswine, M|\n|poke|p2|Hatterene, F|\n|poke|p2|Porygon2|\n|poke|p2|Mawile, F|\n|poke|p2|Crawdaunt, M|\n|poke|p2|Cresselia, F|\n|poke|p2|Stakataka|\n|teampreview\n|inactive|Battle timer is ON: inactive players will automatically lose when time's up. (requested by spylent6)\n|\n|t:|1699874749\n|start\n|switch|p1a: Mutt|Mamoswine, M|100\/100\n|switch|p2a: Stakataka|Stakataka|100\/100\n|turn|1\n|\n|t:|1699874755\n|-terastallize|p2a: Stakataka|Grass\n|move|p1a: Mutt|Earthquake|p2a: Stakataka\n|-resisted|p2a: Stakataka\n|-damage|p2a: Stakataka|83\/100\n|move|p2a: Stakataka|Trick Room|p2a: Stakataka\n|-fieldstart|move: Trick Room|[of] p2a: Stakataka\n|\n|upkeep\n|turn|2\n|\n|t:|1699874768\n|move|p2a: Stakataka|Rock Blast|p1a: Mutt|[miss]\n|-miss|p2a: Stakataka|p1a: Mutt\n|move|p1a: Mutt|Stealth Rock|p2a: Stakataka\n|-sidestart|p2: spylent6|move: Stealth Rock\n|\n|upkeep\n|turn|3\n|\n|t:|1699874774\n|move|p2a: Stakataka|Rock Blast|p1a: Mutt\n|-damage|p1a: Mutt|85\/100\n|-damage|p1a: Mutt|69\/100\n|-damage|p1a: Mutt|53\/100\n|-damage|p1a: Mutt|36\/100\n|-hitcount|p1a: Mutt|4\n|move|p1a: Mutt|Knock Off|p2a: Stakataka\n|-damage|p2a: Stakataka|61\/100\n|-enditem|p2a: Stakataka|Loaded Dice|[from] move: Knock Off|[of] p1a: Mutt\n|\n|upkeep\n|turn|4\n|\n|t:|1699874787\n|move|p1a: Mutt|Ice Shard|p2a: Stakataka\n|-supereffective|p2a: Stakataka\n|-damage|p2a: Stakataka|31\/100\n|move|p2a: Stakataka|Heat Crash|p1a: Mutt\n|-supereffective|p1a: Mutt\n|-damage|p1a: Mutt|10\/100\n|-damage|p2a: Stakataka|14\/100|[from] item: Rocky Helmet|[of] p1a: Mutt\n|\n|upkeep\n|turn|5\n|\n|t:|1699874798\n|switch|p2a: Crawdaunt|Crawdaunt, M, shiny|100\/100\n|-damage|p2a: Crawdaunt|88\/100|[from] Stealth Rock\n|move|p1a: Mutt|Ice Shard|p2a: Crawdaunt\n|-resisted|p2a: Crawdaunt\n|-damage|p2a: Crawdaunt|75\/100\n|\n|-fieldend|move: Trick Room\n|upkeep\n|turn|6\n|\n|t:|1699874805\n|move|p2a: Crawdaunt|Aqua Jet|p1a: Mutt\n|-supereffective|p1a: Mutt\n|-damage|p1a: Mutt|0 fnt\n|-damage|p2a: Crawdaunt|58\/100|[from] item: Rocky Helmet|[of] p1a: Mutt\n|faint|p1a: Mutt\n|-damage|p2a: Crawdaunt|48\/100|[from] item: Life Orb\n|\n|upkeep\n|\n|t:|1699874811\n|switch|p1a: Spy|Galvantula, M|100\/100\n|turn|7\n|\n|t:|1699874816\n|switch|p2a: Hatterene|Hatterene, F|100\/100\n|-damage|p2a: Hatterene|88\/100|[from] Stealth Rock\n|move|p1a: Spy|Sticky Web|p2a: Hatterene\n|move|p2a: Hatterene|Sticky Web|p1a: Spy|[from]ability: Magic Bounce\n|-sidestart|p1: X0plays|move: Sticky Web\n|\n|upkeep\n|turn|8\n|\n|t:|1699874832\n|move|p1a: Spy|Bug Buzz|p2a: Hatterene\n|-damage|p2a: Hatterene|61\/100\n|move|p2a: Hatterene|Trick Room|p2a: Hatterene\n|-fieldstart|move: Trick Room|[of] p2a: Hatterene\n|\n|upkeep\n|turn|9\n|\n|t:|1699874838\n|move|p2a: Hatterene|Mystical Fire|p1a: Spy\n|-supereffective|p1a: Spy\n|-damage|p1a: Spy|17\/100\n|-unboost|p1a: Spy|spa|1\n|move|p1a: Spy|Bug Buzz|p2a: Hatterene\n|-damage|p2a: Hatterene|42\/100\n|\n|upkeep\n|turn|10\n|\n|t:|1699874847\n|move|p2a: Hatterene|Healing Wish|p2a: Hatterene\n|faint|p2a: Hatterene\n|move|p1a: Spy|Bug Buzz|p2: Hatterene|[notarget]\n|-fail|p1a: Spy\n|\n|upkeep\n|\n|t:|1699874849\n|switch|p2a: Stakataka|Stakataka, tera:Grass|14\/100\n|-heal|p2a: Stakataka|100\/100|[from] move: Healing Wish\n|-damage|p2a: Stakataka|88\/100|[from] Stealth Rock\n|turn|11\n|\n|t:|1699874861\n|move|p2a: Stakataka|Heat Crash|p1a: Spy\n|-supereffective|p1a: Spy\n|-damage|p1a: Spy|0 fnt\n|faint|p1a: Spy\n|-ability|p2a: Stakataka|Beast Boost|boost\n|-boost|p2a: Stakataka|def|1\n|\n|upkeep\n|\n|t:|1699874868\n|switch|p1a: Milo|Mantine, M, shiny|100\/100\n|turn|12\n|\n|t:|1699874873\n|move|p2a: Stakataka|Rock Blast|p1a: Milo\n|-supereffective|p1a: Milo\n|-damage|p1a: Milo|61\/100\n|-supereffective|p1a: Milo\n|-damage|p1a: Milo|21\/100\n|-hitcount|p1a: Milo|2\n|move|p1a: Milo|Defog|p2a: Stakataka\n|-unboost|p2a: Stakataka|evasion|1\n|-sideend|p2: spylent6|Stealth Rock|[from] move: Defog|[of] p1a: Milo\n|-sideend|p1: X0plays|Sticky Web|[from] move: Defog|[of] p1a: Milo\n|\n|-fieldend|move: Trick Room\n|upkeep\n|turn|13\n|\n|t:|1699874881\n|move|p1a: Milo|Air Slash|p2a: Stakataka\n|-supereffective|p2a: Stakataka\n|-damage|p2a: Stakataka|28\/100\n|move|p2a: Stakataka|Rock Blast|p1a: Milo\n|-supereffective|p1a: Milo\n|-damage|p1a: Milo|0 fnt\n|faint|p1a: Milo\n|-ability|p2a: Stakataka|Beast Boost|boost\n|-boost|p2a: Stakataka|def|1\n|-hitcount|p1: Milo|1\n|\n|upkeep\n|\n|t:|1699874888\n|switch|p1a: Chris|Cinderace, M, shiny|100\/100\n|turn|14\n|\n|t:|1699874893\n|switch|p2a: Cresselia|Cresselia, F|100\/100\n|move|p1a: Chris|U-turn|p2a: Cresselia\n|-start|p1a: Chris|typechange|Bug|[from] ability: Libero\n|-supereffective|p2a: Cresselia\n|-damage|p2a: Cresselia|64\/100\n|\n|t:|1699874900\n|switch|p1a: Grimm|Grimmsnarl, M, shiny|100\/100|[from] U-turn\n|\n|upkeep\n|turn|15\n|\n|t:|1699874906\n|move|p1a: Grimm|Fake Out|p2a: Cresselia\n|-damage|p2a: Cresselia|57\/100\n|cant|p2a: Cresselia|flinch\n|\n|upkeep\n|turn|16\n|\n|t:|1699874912\n|move|p1a: Grimm|False Surrender|p2a: Cresselia\n|-supereffective|p2a: Cresselia\n|-damage|p2a: Cresselia|13\/100\n|move|p2a: Cresselia|Trick Room|p2a: Cresselia\n|-fieldstart|move: Trick Room|[of] p2a: Cresselia\n|\n|upkeep\n|turn|17\n|\n|t:|1699874917\n|move|p1a: Grimm|Parting Shot|p2a: Cresselia\n|-unboost|p2a: Cresselia|atk|1\n|-unboost|p2a: Cresselia|spa|1\n|\n|t:|1699874921\n|switch|p1a: Auros|Lucario, M|100\/100|[from] Parting Shot\n|move|p2a: Cresselia|Lunar Dance|p2a: Cresselia\n|faint|p2a: Cresselia\n|\n|upkeep\n|\n|t:|1699874926\n|switch|p2a: Stakataka|Stakataka, tera:Grass|28\/100\n|-heal|p2a: Stakataka|100\/100|[from] move: Lunar Dance\n|turn|18\n|\n|t:|1699874937\n|switch|p1a: Chris|Cinderace, M, shiny|100\/100\n|move|p2a: Stakataka|Earthquake|p1a: Chris\n|-supereffective|p1a: Chris\n|-crit|p1a: Chris\n|-damage|p1a: Chris|0 fnt\n|faint|p1a: Chris\n|-ability|p2a: Stakataka|Beast Boost|boost\n|-boost|p2a: Stakataka|def|1\n|\n|upkeep\n|\n|t:|1699874948\n|switch|p1a: Grimm|Grimmsnarl, M, shiny|100\/100\n|turn|19\n|\n|t:|1699874956\n|move|p1a: Grimm|Fake Out|p2a: Stakataka\n|-damage|p2a: Stakataka|95\/100\n|cant|p2a: Stakataka|flinch\n|\n|upkeep\n|turn|20\n|-message|X0plays forfeited.\n|\n|win|spylent6\n|raw|X0plays's rating: 1071 &rarr; <strong>1056<\/strong><br \/>(-15 for losing)\n|raw|spylent6's rating: 1170 &rarr; <strong>1188<\/strong><br \/>(+18 for winning)\n|l|\u2606X0plays\n","uploadtime":1699874965,"views":17,"p1id":"x0plays","p2id":"spylent6","formatid":"gen9nationaldex","rating":1056,"private":0,"password":""}