{"id":"gen9nationaldex-1987522458","p1":"MMQZA6","p2":"JancitoTheGreat","format":"[Gen 9] National Dex","log":"|j|\u2606MMQZA6\n|j|\u2606JancitoTheGreat\n|t:|1699606061\n|gametype|singles\n|player|p1|MMQZA6|101|1239\n|player|p2|JancitoTheGreat|brycenman|1343\n|teamsize|p1|6\n|teamsize|p2|6\n|gen|9\n|tier|[Gen 9] National Dex\n|rated|\n|rule|HP Percentage Mod: HP is shown in percentages\n|rule|Endless Battle Clause: Forcing endless battles is banned\n|rule|OHKO Clause: OHKO moves are banned\n|rule|Evasion Clause: Evasion abilities, items, and moves are banned\n|rule|Evasion Abilities Clause: Evasion abilities are banned\n|rule|Evasion Items Clause: Evasion items are banned\n|rule|Evasion Moves Clause: Evasion moves are banned\n|rule|Species Clause: Limit one of each Pok\u00e9mon\n|rule|Sleep Clause Mod: Limit one foe put to sleep\n|clearpoke\n|poke|p1|Rillaboom, F|\n|poke|p1|Hatterene, F|\n|poke|p1|Grimmsnarl, M|\n|poke|p1|Azumarill, M|\n|poke|p1|Banette, F|\n|poke|p1|Greninja-*, M|\n|poke|p2|Great Tusk|\n|poke|p2|Iron Moth|\n|poke|p2|Volcarona, F|\n|poke|p2|Tapu Lele|\n|poke|p2|Urshifu-*, M|\n|poke|p2|Lopunny, F|\n|teampreview\n|inactive|Battle timer is ON: inactive players will automatically lose when time's up. (requested by JancitoTheGreat)\n|\n|t:|1699606081\n|start\n|switch|p1a: Rillaboom|Rillaboom, F|100\/100\n|switch|p2a: Rumi Usagiyuma|Lopunny, F, shiny|100\/100\n|-fieldstart|move: Grassy Terrain|[from] ability: Grassy Surge|[of] p1a: Rillaboom\n|turn|1\n|l|\u2606MMQZA6\n|inactive|MMQZA6 disconnected and has a minute to reconnect!\n|player|p1|\n|j|\u2606MMQZA6\n|inactive|MMQZA6 reconnected and has 125 seconds left.\n|player|p1|MMQZA6|101\n|inactive|MMQZA6 has 120 seconds left.\n|\n|t:|1699606113\n|switch|p1a: Grimmsnarl|Grimmsnarl, M|100\/100\n|detailschange|p2a: Rumi Usagiyuma|Lopunny-Mega, F, shiny\n|-mega|p2a: Rumi Usagiyuma|Lopunny|Lopunnite\n|move|p2a: Rumi Usagiyuma|Fake Out|p1a: Grimmsnarl\n|-damage|p1a: Grimmsnarl|72\/100\n|\n|-heal|p1a: Grimmsnarl|78\/100|[from] Grassy Terrain\n|upkeep\n|turn|2\n|inactive|MMQZA6 has 120 seconds left.\n|\n|t:|1699606135\n|switch|p2a: Its Tusking Time|Great Tusk, shiny|100\/100\n|-enditem|p2a: Its Tusking Time|Booster Energy\n|-activate|p2a: Its Tusking Time|ability: Protosynthesis|[fromitem]\n|-start|p2a: Its Tusking Time|protosynthesisatk\n|move|p1a: Grimmsnarl|Reflect|p1a: Grimmsnarl\n|-sidestart|p1: MMQZA6|Reflect\n|\n|-heal|p1a: Grimmsnarl|84\/100|[from] Grassy Terrain\n|upkeep\n|turn|3\n|\n|t:|1699606145\n|move|p1a: Grimmsnarl|Parting Shot|p2a: Its Tusking Time\n|-unboost|p2a: Its Tusking Time|atk|1\n|-unboost|p2a: Its Tusking Time|spa|1\n|\n|t:|1699606151\n|switch|p1a: Hatterene|Hatterene, F|100\/100|[from] Parting Shot\n|-enditem|p1a: Hatterene|Grassy Seed\n|-boost|p1a: Hatterene|def|1|[from] item: Grassy Seed\n|move|p2a: Its Tusking Time|Rapid Spin|p1a: Hatterene\n|-damage|p1a: Hatterene|96\/100\n|-boost|p2a: Its Tusking Time|spe|1\n|\n|-heal|p1a: Hatterene|100\/100|[from] Grassy Terrain\n|upkeep\n|turn|4\n|\n|t:|1699606159\n|move|p2a: Its Tusking Time|Rock Slide|p1a: Hatterene\n|-damage|p1a: Hatterene|95\/100\n|move|p1a: Hatterene|Calm Mind|p1a: Hatterene\n|-boost|p1a: Hatterene|spa|1\n|-boost|p1a: Hatterene|spd|1\n|\n|-heal|p1a: Hatterene|100\/100|[from] Grassy Terrain\n|upkeep\n|turn|5\n|\n|t:|1699606164\n|move|p2a: Its Tusking Time|Rock Slide|p1a: Hatterene\n|-crit|p1a: Hatterene\n|-damage|p1a: Hatterene|62\/100\n|move|p1a: Hatterene|Calm Mind|p1a: Hatterene\n|-boost|p1a: Hatterene|spa|1\n|-boost|p1a: Hatterene|spd|1\n|\n|-heal|p1a: Hatterene|67\/100|[from] Grassy Terrain\n|-fieldend|move: Grassy Terrain\n|upkeep\n|turn|6\n|inactive|MMQZA6 has 120 seconds left.\n|\n|t:|1699606196\n|move|p2a: Its Tusking Time|Rock Slide|p1a: Hatterene\n|-crit|p1a: Hatterene\n|-damage|p1a: Hatterene|24\/100\n|move|p1a: Hatterene|Draining Kiss|p2a: Its Tusking Time\n|-supereffective|p2a: Its Tusking Time\n|-damage|p2a: Its Tusking Time|0 fnt\n|-heal|p1a: Hatterene|100\/100|[from] drain|[of] p2a: Its Tusking Time\n|faint|p2a: Its Tusking Time\n|-end|p2a: Its Tusking Time|Protosynthesis|[silent]\n|\n|upkeep\n|\n|t:|1699606208\n|switch|p2a: Tai Lung|Urshifu-Rapid-Strike, M|100\/100\n|turn|7\n|\n|t:|1699606213\n|move|p2a: Tai Lung|Surging Strikes|p1a: Hatterene\n|-crit|p1a: Hatterene\n|-damage|p1a: Hatterene|81\/100\n|-crit|p1a: Hatterene\n|-damage|p1a: Hatterene|64\/100\n|-crit|p1a: Hatterene\n|-damage|p1a: Hatterene|45\/100\n|-hitcount|p1a: Hatterene|3\n|move|p1a: Hatterene|Draining Kiss|p2a: Tai Lung\n|-supereffective|p2a: Tai Lung\n|-damage|p2a: Tai Lung|0 fnt\n|-heal|p1a: Hatterene|100\/100|[from] drain|[of] p2a: Tai Lung\n|faint|p2a: Tai Lung\n|\n|upkeep\n|\n|t:|1699606227\n|switch|p2a: Heisei Mothra|Iron Moth, shiny|100\/100\n|-enditem|p2a: Heisei Mothra|Booster Energy\n|-activate|p2a: Heisei Mothra|ability: Quark Drive|[fromitem]\n|-start|p2a: Heisei Mothra|quarkdrivespe\n|turn|8\n|\n|t:|1699606232\n|move|p2a: Heisei Mothra|Fiery Dance|p1a: Hatterene\n|-damage|p1a: Hatterene|78\/100\n|-boost|p2a: Heisei Mothra|spa|1\n|move|p1a: Hatterene|Psyshock|p2a: Heisei Mothra\n|-supereffective|p2a: Heisei Mothra\n|-damage|p2a: Heisei Mothra|0 fnt\n|faint|p2a: Heisei Mothra\n|-end|p2a: Heisei Mothra|Quark Drive|[silent]\n|\n|upkeep\n|-message|JancitoTheGreat forfeited.\n|\n|win|MMQZA6\n|raw|MMQZA6's rating: 1239 &rarr; <strong>1271<\/strong><br \/>(+32 for winning)\n|raw|JancitoTheGreat's rating: 1343 &rarr; <strong>1317<\/strong><br \/>(-26 for losing)\n|l|\u2606JancitoTheGreat\n","uploadtime":1699606244,"views":4,"p1id":"mmqza6","p2id":"jancitothegreat","formatid":"gen9nationaldex","rating":1271,"private":0,"password":""}