{"id":"gen9nationaldex-1997305763","p1":"mujiangge","p2":"TheOneWhoAsked","format":"[Gen 9] National Dex","log":"|html|<div class=\"broadcast-blue\"><strong>[Gen 9] National Dex is currently suspecting Sneasler! For information on how to participate check out the <a href=\"https:\/\/www.smogon.com\/forums\/threads\/sv-national-dex-suspect-8-just-dance.3731534\/\">suspect thread<\/a>.<\/strong><\/div>\n|j|\u2606mujiangge\n|j|\u2606TheOneWhoAsked\n|t:|1700787190\n|gametype|singles\n|player|p1|mujiangge|clair|1191\n|player|p2|TheOneWhoAsked|cyrus|1287\n|teamsize|p1|6\n|teamsize|p2|6\n|gen|9\n|tier|[Gen 9] National Dex\n|rated|\n|rule|HP Percentage Mod: HP is shown in percentages\n|rule|Endless Battle Clause: Forcing endless battles is banned\n|rule|OHKO Clause: OHKO moves are banned\n|rule|Evasion Clause: Evasion abilities, items, and moves are banned\n|rule|Evasion Abilities Clause: Evasion abilities are banned\n|rule|Evasion Items Clause: Evasion items are banned\n|rule|Evasion Moves Clause: Evasion moves are banned\n|rule|Species Clause: Limit one of each Pok\u00e9mon\n|rule|Sleep Clause Mod: Limit one foe put to sleep\n|clearpoke\n|poke|p1|Dracozolt|\n|poke|p1|Scizor, F|\n|poke|p1|Heatran, M|\n|poke|p1|Tyranitar, M|\n|poke|p1|Rillaboom, M|\n|poke|p1|Tornadus-Therian, M|\n|poke|p2|Ferrothorn, F|\n|poke|p2|Pelipper, F|\n|poke|p2|Cyclizar, F|\n|poke|p2|Garchomp, F|\n|poke|p2|Floatzel, M|\n|poke|p2|Sneasler, F|\n|teampreview\n|inactive|Battle timer is ON: inactive players will automatically lose when time's up. (requested by TheOneWhoAsked)\n|\n|t:|1700787201\n|start\n|switch|p1a: Tyranitar|Tyranitar, M|100\/100\n|switch|p2a: Ferrothorn|Ferrothorn, F|100\/100\n|-weather|Sandstorm|[from] ability: Sand Stream|[of] p1a: Tyranitar\n|turn|1\n|\n|t:|1700787215\n|switch|p1a: Dracozolt|Dracozolt|100\/100\n|move|p2a: Ferrothorn|Leech Seed|p1a: Dracozolt\n|-start|p1a: Dracozolt|move: Leech Seed\n|\n|-weather|Sandstorm|[upkeep]\n|-damage|p1a: Dracozolt|88\/100|[from] Leech Seed|[of] p2a: Ferrothorn\n|upkeep\n|turn|2\n|\n|t:|1700787225\n|move|p1a: Dracozolt|Fire Fang|p2a: Ferrothorn|[miss]\n|-miss|p1a: Dracozolt|p2a: Ferrothorn\n|move|p2a: Ferrothorn|Knock Off|p1a: Dracozolt\n|-damage|p1a: Dracozolt|65\/100\n|-enditem|p1a: Dracozolt|Assault Vest|[from] move: Knock Off|[of] p2a: Ferrothorn\n|\n|-weather|Sandstorm|[upkeep]\n|-damage|p1a: Dracozolt|53\/100|[from] Leech Seed|[of] p2a: Ferrothorn\n|upkeep\n|turn|3\n|\n|t:|1700787235\n|switch|p2a: Pelipper|Pelipper, F|100\/100\n|-weather|RainDance|[from] ability: Drizzle|[of] p2a: Pelipper\n|move|p1a: Dracozolt|Fire Fang|p2a: Pelipper\n|-resisted|p2a: Pelipper\n|-damage|p2a: Pelipper|96\/100\n|\n|-weather|RainDance|[upkeep]\n|-damage|p1a: Dracozolt|40\/100|[from] Leech Seed|[of] p2a: Pelipper\n|-heal|p2a: Pelipper|100\/100|[silent]\n|upkeep\n|turn|4\n|\n|t:|1700787249\n|move|p1a: Dracozolt|Bolt Beak|p2a: Pelipper\n|-supereffective|p2a: Pelipper\n|-damage|p2a: Pelipper|0 fnt\n|faint|p2a: Pelipper\n|\n|-weather|RainDance|[upkeep]\n|upkeep\n|\n|t:|1700787263\n|switch|p2a: Cyclizar|Cyclizar, F|100\/100\n|turn|5\n|\n|t:|1700787267\n|switch|p1a: Tornadus|Tornadus-Therian, M|100\/100\n|move|p2a: Cyclizar|Dragon Claw|p1a: Tornadus\n|-damage|p1a: Tornadus|63\/100\n|\n|-weather|RainDance|[upkeep]\n|upkeep\n|turn|6\n|\n|t:|1700787279\n|move|p2a: Cyclizar|Knock Off|p1a: Tornadus\n|-damage|p1a: Tornadus|44\/100\n|move|p1a: Tornadus|Hurricane|p2a: Cyclizar\n|-damage|p2a: Cyclizar|26\/100\n|-start|p2a: Cyclizar|confusion\n|\n|-weather|RainDance|[upkeep]\n|upkeep\n|turn|7\n|\n|t:|1700787289\n|switch|p2a: Ferrothorn|Ferrothorn, F|100\/100\n|move|p1a: Tornadus|Hurricane|p2a: Ferrothorn\n|-damage|p2a: Ferrothorn|67\/100\n|\n|-weather|RainDance|[upkeep]\n|upkeep\n|turn|8\n|\n|t:|1700787298\n|-zpower|p1a: Tornadus\n|move|p1a: Tornadus|Supersonic Skystrike|p2a: Ferrothorn|[zeffect]\n|-damage|p2a: Ferrothorn|8\/100\n|move|p2a: Ferrothorn|Leech Seed|p1a: Tornadus\n|-start|p1a: Tornadus|move: Leech Seed\n|\n|-weather|RainDance|[upkeep]\n|-damage|p1a: Tornadus|32\/100|[from] Leech Seed|[of] p2a: Ferrothorn\n|-heal|p2a: Ferrothorn|21\/100|[silent]\n|upkeep\n|turn|9\n|\n|t:|1700787313\n|switch|p1a: Heatran|Heatran, M|100\/100\n|move|p2a: Ferrothorn|Protect||[still]\n|-fail|p2a: Ferrothorn\n|\n|-weather|RainDance|[upkeep]\n|upkeep\n|turn|10\n|\n|t:|1700787326\n|move|p1a: Heatran|Taunt|p2a: Ferrothorn\n|-start|p2a: Ferrothorn|move: Taunt\n|cant|p2a: Ferrothorn|move: Taunt|Leech Seed\n|\n|-weather|none\n|upkeep\n|turn|11\n|\n|t:|1700787333\n|move|p1a: Heatran|Will-O-Wisp|p2a: Ferrothorn\n|-status|p2a: Ferrothorn|brn\n|move|p2a: Ferrothorn|Knock Off|p1a: Heatran\n|-damage|p1a: Heatran|94\/100\n|-enditem|p1a: Heatran|Leftovers|[from] move: Knock Off|[of] p2a: Ferrothorn\n|\n|-damage|p2a: Ferrothorn|15\/100 brn|[from] brn\n|upkeep\n|turn|12\n|\n|t:|1700787347\n|switch|p2a: Cyclizar|Cyclizar, F|59\/100\n|move|p1a: Heatran|Magma Storm|p2a: Cyclizar\n|-resisted|p2a: Cyclizar\n|-damage|p2a: Cyclizar|24\/100\n|-activate|p2a: Cyclizar|move: Magma Storm|[of] p1a: Heatran\n|\n|-damage|p2a: Cyclizar|11\/100|[from] move: Magma Storm|[partiallytrapped]\n|upkeep\n|turn|13\n|\n|t:|1700787359\n|move|p2a: Cyclizar|U-turn|p1a: Heatran\n|-resisted|p1a: Heatran\n|-damage|p1a: Heatran|91\/100\n|\n|t:|1700787368\n|switch|p2a: Floatzel|Floatzel, M|100\/100|[from] U-turn\n|move|p1a: Heatran|Taunt|p2a: Floatzel\n|-start|p2a: Floatzel|move: Taunt\n|\n|upkeep\n|turn|14\n|\n|t:|1700787376\n|switch|p1a: Rillaboom|Rillaboom, M|100\/100\n|-fieldstart|move: Grassy Terrain|[from] ability: Grassy Surge|[of] p1a: Rillaboom\n|move|p2a: Floatzel|Wave Crash|p1a: Rillaboom\n|-resisted|p1a: Rillaboom\n|-damage|p1a: Rillaboom|72\/100\n|-damage|p2a: Floatzel|88\/100|[from] Recoil\n|\n|-heal|p2a: Floatzel|94\/100|[from] Grassy Terrain\n|-heal|p1a: Rillaboom|78\/100|[from] Grassy Terrain\n|-heal|p1a: Rillaboom|84\/100|[from] item: Leftovers\n|upkeep\n|turn|15\n|\n|t:|1700787397\n|-zpower|p2a: Floatzel\n|move|p2a: Floatzel|Hydro Vortex|p1a: Rillaboom|[zeffect]\n|-resisted|p1a: Rillaboom\n|-crit|p1a: Rillaboom\n|-damage|p1a: Rillaboom|17\/100\n|move|p1a: Rillaboom|Wood Hammer|p2a: Floatzel\n|-supereffective|p2a: Floatzel\n|-damage|p2a: Floatzel|0 fnt\n|faint|p2a: Floatzel\n|-damage|p1a: Rillaboom|0 fnt|[from] Recoil\n|faint|p1a: Rillaboom\n|\n|upkeep\n|\n|t:|1700787412\n|switch|p2a: Ferrothorn|Ferrothorn, F|15\/100 brn\n|switch|p1a: Tyranitar|Tyranitar, M|100\/100\n|-weather|Sandstorm|[from] ability: Sand Stream|[of] p1a: Tyranitar\n|turn|16\n|\n|t:|1700787422\n|move|p1a: Tyranitar|Ice Beam|p2a: Ferrothorn\n|-damage|p2a: Ferrothorn|0 fnt\n|faint|p2a: Ferrothorn\n|\n|-weather|Sandstorm|[upkeep]\n|upkeep\n|\n|t:|1700787429\n|switch|p2a: Cyclizar|Cyclizar, F|44\/100\n|turn|17\n|\n|t:|1700787439\n|move|p2a: Cyclizar|Knock Off|p1a: Tyranitar\n|-resisted|p1a: Tyranitar\n|-damage|p1a: Tyranitar|88\/100\n|-enditem|p1a: Tyranitar|Expert Belt|[from] move: Knock Off|[of] p2a: Cyclizar\n|move|p1a: Tyranitar|Earth Power|p2a: Cyclizar\n|-damage|p2a: Cyclizar|0 fnt\n|faint|p2a: Cyclizar\n|\n|-weather|Sandstorm|[upkeep]\n|-heal|p1a: Tyranitar|95\/100|[from] Grassy Terrain\n|upkeep\n|\n|t:|1700787454\n|switch|p2a: Sneasler|Sneasler, F|100\/100\n|turn|18\n|\n|t:|1700787459\n|-terastallize|p1a: Tyranitar|Ghost\n|move|p2a: Sneasler|Close Combat|p1a: Tyranitar\n|-immune|p1a: Tyranitar\n|move|p1a: Tyranitar|Earth Power|p2a: Sneasler\n|-supereffective|p2a: Sneasler\n|-damage|p2a: Sneasler|29\/100\n|-unboost|p2a: Sneasler|spd|1\n|\n|-weather|Sandstorm|[upkeep]\n|-damage|p2a: Sneasler|23\/100|[from] Sandstorm\n|-damage|p1a: Tyranitar|88\/100|[from] Sandstorm\n|-heal|p2a: Sneasler|29\/100|[from] Grassy Terrain\n|-heal|p1a: Tyranitar|95\/100|[from] Grassy Terrain\n|-fieldend|move: Grassy Terrain\n|upkeep\n|turn|19\n|\n|t:|1700787475\n|move|p2a: Sneasler|Fling|p1a: Tyranitar\n|-supereffective|p1a: Tyranitar\n|-damage|p1a: Tyranitar|76\/100\n|-status|p1a: Tyranitar|tox\n|-enditem|p2a: Sneasler|Toxic Orb|[from] move: Fling\n|move|p1a: Tyranitar|Earth Power|p2a: Sneasler\n|-supereffective|p2a: Sneasler\n|-damage|p2a: Sneasler|0 fnt\n|faint|p2a: Sneasler\n|\n|-weather|Sandstorm|[upkeep]\n|-damage|p1a: Tyranitar|70\/100 tox|[from] Sandstorm\n|-damage|p1a: Tyranitar|64\/100 tox|[from] psn\n|upkeep\n|\n|t:|1700787482\n|switch|p2a: Garchomp|Garchomp, F|100\/100\n|turn|20\n|\n|t:|1700787493\n|-terastallize|p2a: Garchomp|Steel\n|move|p2a: Garchomp|Swords Dance|p2a: Garchomp\n|-boost|p2a: Garchomp|atk|2\n|move|p1a: Tyranitar|Ice Beam|p2a: Garchomp\n|-resisted|p2a: Garchomp\n|-damage|p2a: Garchomp|88\/100\n|\n|-weather|none\n|-damage|p1a: Tyranitar|52\/100 tox|[from] psn\n|upkeep\n|turn|21\n|\n|t:|1700787512\n|switch|p1a: Scizor|Scizor, F|100\/100\n|move|p2a: Garchomp|Iron Head|p1a: Scizor\n|-resisted|p1a: Scizor\n|-damage|p1a: Scizor|54\/100\n|\n|upkeep\n|turn|22\n|\n|t:|1700787521\n|switch|p1a: Tyranitar|Tyranitar, M, tera:Ghost|52\/100 tox\n|-weather|Sandstorm|[from] ability: Sand Stream|[of] p1a: Tyranitar\n|move|p2a: Garchomp|Earthquake|p1a: Tyranitar\n|-damage|p1a: Tyranitar|0 fnt\n|faint|p1a: Tyranitar\n|\n|-weather|Sandstorm|[upkeep]\n|upkeep\n|\n|t:|1700787531\n|switch|p1a: Dracozolt|Dracozolt|40\/100\n|turn|23\n|\n|t:|1700787542\n|move|p1a: Dracozolt|Earthquake|p2a: Garchomp\n|-supereffective|p2a: Garchomp\n|-crit|p2a: Garchomp\n|-damage|p2a: Garchomp|0 fnt\n|faint|p2a: Garchomp\n|\n|win|mujiangge\n|raw|mujiangge's rating: 1191 &rarr; <strong>1223<\/strong><br \/>(+32 for winning)\n|raw|TheOneWhoAsked's rating: 1287 &rarr; <strong>1255<\/strong><br \/>(-32 for losing)\n|c|\u2606TheOneWhoAsked|gg\n|l|\u2606TheOneWhoAsked\n","uploadtime":1700787828,"views":3,"p1id":"mujiangge","p2id":"theonewhoasked","formatid":"gen9nationaldex","rating":1223,"private":0,"password":""}