{"id":"gen9nationaldex-1989435449","p1":"ItsPookinTime","p2":"ChallengerSeb","format":"[Gen 9] National Dex","log":"|j|\u2606ItsPookinTime\n|j|\u2606ChallengerSeb\n|t:|1699850070\n|gametype|singles\n|player|p1|ItsPookinTime|169|\n|player|p2|ChallengerSeb|170|\n|teamsize|p1|6\n|teamsize|p2|6\n|gen|9\n|tier|[Gen 9] National Dex\n|rule|HP Percentage Mod: HP is shown in percentages\n|rule|Endless Battle Clause: Forcing endless battles is banned\n|rule|OHKO Clause: OHKO moves are banned\n|rule|Evasion Clause: Evasion abilities, items, and moves are banned\n|rule|Evasion Abilities Clause: Evasion abilities are banned\n|rule|Evasion Items Clause: Evasion items are banned\n|rule|Evasion Moves Clause: Evasion moves are banned\n|rule|Species Clause: Limit one of each Pok\u00e9mon\n|rule|Sleep Clause Mod: Limit one foe put to sleep\n|clearpoke\n|poke|p1|Serperior, F|\n|poke|p1|Braviary-Hisui, M|\n|poke|p1|Kingdra, F|\n|poke|p1|Obstagoon, M|\n|poke|p1|Copperajah, F|\n|poke|p1|Electrode-Hisui|\n|poke|p2|Gengar, M|\n|poke|p2|Breloom, F|\n|poke|p2|Empoleon, M|\n|poke|p2|Bellibolt, M|\n|poke|p2|Hitmontop, M|\n|poke|p2|Leavanny, F|\n|teampreview\n|\n|t:|1699850078\n|start\n|switch|p1a: Electrode|Electrode-Hisui|100\/100\n|switch|p2a: Empoleon|Empoleon, M|100\/100\n|turn|1\n|\n|t:|1699850089\n|move|p1a: Electrode|Thunder Wave|p2a: Empoleon\n|-status|p2a: Empoleon|par\n|move|p2a: Empoleon|Stealth Rock|p1a: Electrode\n|-sidestart|p1: ItsPookinTime|move: Stealth Rock\n|\n|upkeep\n|turn|2\n|\n|t:|1699850100\n|switch|p2a: Bellibolt|Bellibolt, M|100\/100\n|move|p1a: Electrode|Leech Seed|p2a: Bellibolt\n|-start|p2a: Bellibolt|move: Leech Seed\n|\n|-damage|p2a: Bellibolt|88\/100|[from] Leech Seed|[of] p1a: Electrode\n|upkeep\n|turn|3\n|\n|t:|1699850120\n|move|p1a: Electrode|Taunt|p2a: Bellibolt\n|-start|p2a: Bellibolt|move: Taunt\n|move|p2a: Bellibolt|Volt Switch|p1a: Electrode\n|-resisted|p1a: Electrode\n|-damage|p1a: Electrode|92\/100\n|\n|t:|1699850124\n|switch|p2a: Leavanny|Leavanny, F|100\/100|[from] Volt Switch\n|\n|upkeep\n|turn|4\n|\n|t:|1699850131\n|move|p1a: Electrode|Thunder Wave|p2a: Leavanny|[miss]\n|-miss|p1a: Electrode|p2a: Leavanny\n|move|p2a: Leavanny|X-Scissor|p1a: Electrode\n|-supereffective|p1a: Electrode\n|-damage|p1a: Electrode|0 fnt\n|-damage|p2a: Leavanny|75\/100|[from] ability: Aftermath|[of] p1a: Electrode\n|faint|p1a: Electrode\n|\n|upkeep\n|\n|t:|1699850186\n|switch|p1a: Obstagoon|Obstagoon, M|100\/100\n|-damage|p1a: Obstagoon|88\/100|[from] Stealth Rock\n|turn|5\n|\n|t:|1699850192\n|move|p1a: Obstagoon|Knock Off|p2a: Leavanny\n|-damage|p2a: Leavanny|24\/100\n|-enditem|p2a: Leavanny|Choice Band|[from] move: Knock Off|[of] p1a: Obstagoon\n|move|p2a: Leavanny|X-Scissor|p1a: Obstagoon\n|-supereffective|p1a: Obstagoon\n|-damage|p1a: Obstagoon|0 fnt\n|faint|p1a: Obstagoon\n|\n|upkeep\n|\n|t:|1699850204\n|switch|p1a: Copperajah|Copperajah, F|100\/100\n|-damage|p1a: Copperajah|94\/100|[from] Stealth Rock\n|turn|6\n|\n|t:|1699850216\n|switch|p2a: Hitmontop|Hitmontop, M|100\/100\n|-ability|p2a: Hitmontop|Intimidate|boost\n|-unboost|p1a: Copperajah|atk|1\n|move|p1a: Copperajah|Earthquake|p2a: Hitmontop\n|-damage|p2a: Hitmontop|68\/100\n|\n|upkeep\n|turn|7\n|\n|t:|1699850225\n|switch|p1a: Braviary|Braviary-Hisui, M|100\/100\n|move|p2a: Hitmontop|Fake Out|p1a: Braviary\n|-damage|p1a: Braviary|88\/100\n|\n|upkeep\n|turn|8\n|\n|t:|1699850237\n|switch|p2a: Bellibolt|Bellibolt, M|88\/100\n|move|p1a: Braviary|Calm Mind|p1a: Braviary\n|-boost|p1a: Braviary|spa|1\n|-boost|p1a: Braviary|spd|1\n|\n|-heal|p2a: Bellibolt|94\/100|[from] item: Leftovers\n|upkeep\n|turn|9\n|\n|t:|1699850245\n|move|p1a: Braviary|Esper Wing|p2a: Bellibolt\n|-damage|p2a: Bellibolt|32\/100\n|-boost|p1a: Braviary|spe|1\n|-start|p2a: Bellibolt|Charge|Esper Wing|[from] ability: Electromorphosis\n|move|p2a: Bellibolt|Volt Switch|p1a: Braviary\n|-supereffective|p1a: Braviary\n|-damage|p1a: Braviary|11\/100\n|-end|p2a: Bellibolt|Charge|[silent]\n|\n|t:|1699850251\n|switch|p2a: Breloom|Breloom, F|100\/100|[from] Volt Switch\n|\n|upkeep\n|turn|10\n|\n|t:|1699850259\n|move|p2a: Breloom|Mach Punch|p1a: Braviary\n|-resisted|p1a: Braviary\n|-damage|p1a: Braviary|2\/100\n|move|p1a: Braviary|Esper Wing|p2a: Breloom\n|-supereffective|p2a: Breloom\n|-damage|p2a: Breloom|0 fnt\n|-boost|p1a: Braviary|spe|1\n|faint|p2a: Breloom\n|\n|upkeep\n|\n|t:|1699850267\n|switch|p2a: Gengar|Gengar, M|100\/100\n|turn|11\n|\n|t:|1699850277\n|move|p2a: Gengar|Dark Pulse|p1a: Braviary\n|-supereffective|p1a: Braviary\n|-damage|p1a: Braviary|0 fnt\n|faint|p1a: Braviary\n|\n|upkeep\n|\n|t:|1699850286\n|switch|p1a: Serperior|Serperior, F|100\/100\n|-damage|p1a: Serperior|88\/100|[from] Stealth Rock\n|turn|12\n|\n|t:|1699850293\n|move|p2a: Gengar|Dark Pulse|p1a: Serperior\n|-damage|p1a: Serperior|48\/100\n|cant|p1a: Serperior|flinch\n|\n|upkeep\n|turn|13\n|\n|t:|1699850299\n|move|p2a: Gengar|Dark Pulse|p1a: Serperior\n|-damage|p1a: Serperior|13\/100\n|move|p1a: Serperior|Leaf Storm|p2a: Gengar\n|-resisted|p2a: Gengar\n|-damage|p2a: Gengar|64\/100\n|-boost|p1a: Serperior|spa|2\n|\n|upkeep\n|turn|14\n|\n|t:|1699850308\n|move|p2a: Gengar|Dark Pulse|p1a: Serperior\n|-damage|p1a: Serperior|0 fnt\n|faint|p1a: Serperior\n|\n|upkeep\n|\n|t:|1699850312\n|switch|p1a: Copperajah|Copperajah, F|94\/100\n|-damage|p1a: Copperajah|88\/100|[from] Stealth Rock\n|turn|15\n|\n|t:|1699850318\n|move|p2a: Gengar|Dark Pulse|p1a: Copperajah\n|-damage|p1a: Copperajah|67\/100\n|move|p1a: Copperajah|Earthquake|p2a: Gengar\n|-supereffective|p2a: Gengar\n|-damage|p2a: Gengar|0 fnt\n|faint|p2a: Gengar\n|\n|upkeep\n|\n|t:|1699850321\n|switch|p2a: Hitmontop|Hitmontop, M|68\/100\n|-ability|p2a: Hitmontop|Intimidate|boost\n|-unboost|p1a: Copperajah|atk|1\n|turn|16\n|\n|t:|1699850327\n|switch|p1a: Kingdra|Kingdra, F|100\/100\n|-damage|p1a: Kingdra|88\/100|[from] Stealth Rock\n|move|p2a: Hitmontop|Fake Out|p1a: Kingdra\n|-crit|p1a: Kingdra\n|-damage|p1a: Kingdra|73\/100\n|\n|-heal|p1a: Kingdra|79\/100|[from] item: Leftovers\n|upkeep\n|turn|17\n|\n|t:|1699850340\n|switch|p2a: Empoleon|Empoleon, M|100\/100 par\n|move|p1a: Kingdra|Toxic|p2a: Empoleon|[miss]\n|-miss|p1a: Kingdra|p2a: Empoleon\n|\n|-heal|p1a: Kingdra|85\/100|[from] item: Leftovers\n|upkeep\n|turn|18\n|\n|t:|1699850350\n|move|p1a: Kingdra|Draco Meteor|p2a: Empoleon\n|-resisted|p2a: Empoleon\n|-damage|p2a: Empoleon|86\/100 par\n|-unboost|p1a: Kingdra|spa|2\n|move|p2a: Empoleon|Ice Beam|p1a: Kingdra\n|-damage|p1a: Kingdra|70\/100\n|\n|-heal|p1a: Kingdra|76\/100|[from] item: Leftovers\n|-heal|p2a: Empoleon|92\/100 par|[from] item: Leftovers\n|upkeep\n|turn|19\n|\n|t:|1699850360\n|move|p1a: Kingdra|Flip Turn|p2a: Empoleon\n|-resisted|p2a: Empoleon\n|-damage|p2a: Empoleon|82\/100 par\n|\n|t:|1699850363\n|switch|p1a: Copperajah|Copperajah, F|67\/100|[from] Flip Turn\n|-damage|p1a: Copperajah|61\/100|[from] Stealth Rock\n|move|p2a: Empoleon|Ice Beam|p1a: Copperajah\n|-resisted|p1a: Copperajah\n|-damage|p1a: Copperajah|54\/100\n|\n|-heal|p2a: Empoleon|88\/100 par|[from] item: Leftovers\n|upkeep\n|turn|20\n|\n|t:|1699850372\n|move|p1a: Copperajah|Earthquake|p2a: Empoleon\n|-supereffective|p2a: Empoleon\n|-damage|p2a: Empoleon|5\/100 par\n|move|p2a: Empoleon|Surf|p1a: Copperajah\n|-damage|p1a: Copperajah|32\/100\n|\n|-heal|p2a: Empoleon|11\/100 par|[from] item: Leftovers\n|upkeep\n|turn|21\n|\n|t:|1699850379\n|switch|p2a: Hitmontop|Hitmontop, M|68\/100\n|-ability|p2a: Hitmontop|Intimidate|boost\n|-unboost|p1a: Copperajah|atk|1\n|move|p1a: Copperajah|Earthquake|p2a: Hitmontop\n|-damage|p2a: Hitmontop|36\/100\n|\n|upkeep\n|turn|22\n|\n|t:|1699850385\n|move|p2a: Hitmontop|Fake Out|p1a: Copperajah\n|-resisted|p1a: Copperajah\n|-crit|p1a: Copperajah\n|-damage|p1a: Copperajah|24\/100\n|cant|p1a: Copperajah|flinch\n|\n|upkeep\n|turn|23\n|\n|t:|1699850391\n|move|p2a: Hitmontop|Close Combat|p1a: Copperajah\n|-supereffective|p1a: Copperajah\n|-damage|p1a: Copperajah|0 fnt\n|-unboost|p2a: Hitmontop|def|1\n|-unboost|p2a: Hitmontop|spd|1\n|faint|p1a: Copperajah\n|\n|upkeep\n|\n|t:|1699850396\n|switch|p1a: Kingdra|Kingdra, F|76\/100\n|-damage|p1a: Kingdra|64\/100|[from] Stealth Rock\n|turn|24\n|\n|t:|1699850405\n|switch|p2a: Empoleon|Empoleon, M|11\/100 par\n|move|p1a: Kingdra|Flip Turn|p2a: Empoleon\n|-resisted|p2a: Empoleon\n|-damage|p2a: Empoleon|2\/100 par\n|\n|-heal|p1a: Kingdra|70\/100|[from] item: Leftovers\n|-heal|p2a: Empoleon|8\/100 par|[from] item: Leftovers\n|upkeep\n|turn|25\n|\n|t:|1699850415\n|move|p1a: Kingdra|Flip Turn|p2a: Empoleon\n|-resisted|p2a: Empoleon\n|-crit|p2a: Empoleon\n|-damage|p2a: Empoleon|0 fnt\n|faint|p2a: Empoleon\n|\n|-heal|p1a: Kingdra|76\/100|[from] item: Leftovers\n|upkeep\n|\n|t:|1699850422\n|switch|p2a: Leavanny|Leavanny, F|24\/100\n|turn|26\n|\n|t:|1699850426\n|move|p2a: Leavanny|Knock Off|p1a: Kingdra\n|-damage|p1a: Kingdra|46\/100\n|-enditem|p1a: Kingdra|Leftovers|[from] move: Knock Off|[of] p2a: Leavanny\n|move|p1a: Kingdra|Draco Meteor|p2a: Leavanny\n|-damage|p2a: Leavanny|0 fnt\n|-unboost|p1a: Kingdra|spa|2\n|faint|p2a: Leavanny\n|\n|upkeep\n|\n|t:|1699850434\n|switch|p2a: Hitmontop|Hitmontop, M|36\/100\n|-ability|p2a: Hitmontop|Intimidate|boost\n|-unboost|p1a: Kingdra|atk|1\n|turn|27\n|\n|t:|1699850441\n|move|p2a: Hitmontop|Fake Out|p1a: Kingdra\n|-damage|p1a: Kingdra|36\/100\n|cant|p1a: Kingdra|flinch\n|\n|upkeep\n|turn|28\n|\n|t:|1699850445\n|move|p1a: Kingdra|Draco Meteor|p2a: Hitmontop\n|-damage|p2a: Hitmontop|21\/100\n|-unboost|p1a: Kingdra|spa|2\n|move|p2a: Hitmontop|Close Combat|p1a: Kingdra\n|-damage|p1a: Kingdra|0 fnt\n|-unboost|p2a: Hitmontop|def|1\n|-unboost|p2a: Hitmontop|spd|1\n|faint|p1a: Kingdra\n|\n|win|ChallengerSeb\n","uploadtime":1699850455,"views":42,"p1id":"itspookintime","p2id":"challengerseb","formatid":"gen9nationaldex","rating":0,"private":0,"password":""}