{"id":"gen9nationaldex-1991762779","p1":"TullAndTheArrow","p2":"DO103","format":"[Gen 9] National Dex","log":"|j|\u2606TullAndTheArrow\n|j|\u2606DO103\n|t:|1700112882\n|gametype|singles\n|player|p1|TullAndTheArrow|265|1043\n|player|p2|DO103|preschooler|1226\n|teamsize|p1|6\n|teamsize|p2|6\n|gen|9\n|tier|[Gen 9] National Dex\n|rated|\n|rule|HP Percentage Mod: HP is shown in percentages\n|rule|Endless Battle Clause: Forcing endless battles is banned\n|rule|OHKO Clause: OHKO moves are banned\n|rule|Evasion Clause: Evasion abilities, items, and moves are banned\n|rule|Evasion Abilities Clause: Evasion abilities are banned\n|rule|Evasion Items Clause: Evasion items are banned\n|rule|Evasion Moves Clause: Evasion moves are banned\n|rule|Species Clause: Limit one of each Pok\u00e9mon\n|rule|Sleep Clause Mod: Limit one foe put to sleep\n|clearpoke\n|poke|p1|Darmanitan, M|\n|poke|p1|Ferrothorn, F|\n|poke|p1|Samurott-Hisui, M|\n|poke|p1|Tapu Lele|\n|poke|p1|Tornadus-Therian, M|\n|poke|p1|Toxapex, F|\n|poke|p2|Zoroark-Hisui, M|\n|poke|p2|Sneasler, F|\n|poke|p2|Kleavor, M|\n|poke|p2|Samurott-Hisui, M|\n|poke|p2|Arcanine-Hisui, F|\n|poke|p2|Lilligant-Hisui, F|\n|teampreview\n|\n|t:|1700112904\n|start\n|switch|p1a: Hot Randy|Darmanitan, M|100\/100\n|switch|p2a: Kleavor|Kleavor, M|100\/100\n|turn|1\n|\n|t:|1700112919\n|-terastallize|p1a: Hot Randy|Water\n|move|p1a: Hot Randy|Flare Blitz|p2a: Kleavor\n|-damage|p2a: Kleavor|0 fnt\n|faint|p2a: Kleavor\n|-damage|p1a: Hot Randy|74\/100|[from] Recoil\n|\n|upkeep\n|\n|t:|1700112925\n|switch|p2a: Lilligant|Lilligant-Hisui, F|100\/100\n|turn|2\n|\n|t:|1700112933\n|switch|p1a: Crane|Tornadus-Therian, M, shiny|100\/100\n|move|p2a: Lilligant|Victory Dance|p2a: Lilligant\n|-boost|p2a: Lilligant|atk|1\n|-boost|p2a: Lilligant|def|1\n|-boost|p2a: Lilligant|spe|1\n|\n|upkeep\n|turn|3\n|\n|t:|1700112941\n|move|p2a: Lilligant|Victory Dance|p2a: Lilligant\n|-boost|p2a: Lilligant|atk|1\n|-boost|p2a: Lilligant|def|1\n|-boost|p2a: Lilligant|spe|1\n|move|p1a: Crane|Toxic|p2a: Lilligant|[miss]\n|-miss|p1a: Crane|p2a: Lilligant\n|\n|upkeep\n|turn|4\n|\n|t:|1700112949\n|move|p2a: Lilligant|Victory Dance|p2a: Lilligant\n|-boost|p2a: Lilligant|atk|1\n|-boost|p2a: Lilligant|def|1\n|-boost|p2a: Lilligant|spe|1\n|move|p1a: Crane|Bleakwind Storm|p2a: Lilligant\n|-supereffective|p2a: Lilligant\n|-enditem|p2a: Lilligant|Focus Sash\n|-damage|p2a: Lilligant|1\/100\n|-unboost|p2a: Lilligant|spe|1\n|\n|upkeep\n|turn|5\n|\n|t:|1700112962\n|switch|p1a: Xenomorph|Ferrothorn, F|100\/100\n|move|p2a: Lilligant|Ice Spinner|p1a: Xenomorph\n|-damage|p1a: Xenomorph|59\/100\n|-damage|p2a: Lilligant|0 fnt|[from] ability: Iron Barbs|[of] p1a: Xenomorph\n|faint|p2a: Lilligant\n|\n|-heal|p1a: Xenomorph|65\/100|[from] item: Leftovers\n|upkeep\n|\n|t:|1700112976\n|switch|p2a: Arcanine|Arcanine-Hisui, F|100\/100\n|turn|6\n|\n|t:|1700112983\n|switch|p1a: Hot Randy|Darmanitan, M, tera:Water|74\/100\n|move|p2a: Arcanine|Flamethrower|p1a: Hot Randy\n|-resisted|p1a: Hot Randy\n|-damage|p1a: Hot Randy|49\/100\n|\n|upkeep\n|turn|7\n|\n|t:|1700112997\n|move|p1a: Hot Randy|Earthquake|p2a: Arcanine\n|-damage|p2a: Arcanine|20\/100\n|replace|p2a: Zoroark|Zoroark-Hisui, M\n|-end|p2a: Zoroark|Illusion\n|move|p2a: Zoroark|Hyper Voice|p1a: Hot Randy\n|-damage|p1a: Hot Randy|0 fnt\n|faint|p1a: Hot Randy\n|-enditem|p2a: Zoroark|Throat Spray\n|-boost|p2a: Zoroark|spa|1|[from] item: Throat Spray\n|\n|upkeep\n|\n|t:|1700113011\n|switch|p1a: Crane|Tornadus-Therian, M, shiny|100\/100\n|turn|8\n|\n|t:|1700113015\n|move|p1a: Crane|Bleakwind Storm|p2a: Zoroark|[miss]\n|-miss|p1a: Crane|p2a: Zoroark\n|move|p2a: Zoroark|Bitter Malice|p1a: Crane\n|-damage|p1a: Crane|41\/100\n|-unboost|p1a: Crane|atk|1\n|\n|upkeep\n|turn|9\n|\n|t:|1700113024\n|move|p1a: Crane|Bleakwind Storm|p2a: Zoroark\n|-damage|p2a: Zoroark|0 fnt\n|faint|p2a: Zoroark\n|\n|upkeep\n|\n|t:|1700113029\n|switch|p2a: Sneasler|Sneasler, F|100\/100\n|turn|10\n|\n|t:|1700113032\n|move|p2a: Sneasler|Fake Out|p1a: Crane\n|-damage|p1a: Crane|23\/100\n|cant|p1a: Crane|flinch\n|\n|upkeep\n|turn|11\n|\n|t:|1700113041\n|switch|p2a: Samurott|Samurott-Hisui, M|100\/100\n|move|p1a: Crane|U-turn|p2a: Samurott\n|-supereffective|p2a: Samurott\n|-damage|p2a: Samurott|74\/100\n|\n|t:|1700113050\n|switch|p1a: Bee|Tapu Lele, shiny|100\/100|[from] U-turn\n|-fieldstart|move: Psychic Terrain|[from] ability: Psychic Surge|[of] p1a: Bee\n|\n|upkeep\n|turn|12\n|\n|t:|1700113061\n|move|p1a: Bee|Moonblast|p2a: Samurott\n|-supereffective|p2a: Samurott\n|-damage|p2a: Samurott|0 fnt\n|faint|p2a: Samurott\n|\n|upkeep\n|\n|t:|1700113065\n|switch|p2a: Sneasler|Sneasler, F|100\/100\n|turn|13\n|\n|t:|1700113070\n|move|p2a: Sneasler|Endure|p2a: Sneasler\n|-singleturn|p2a: Sneasler|move: Endure\n|move|p1a: Bee|Protect||[still]\n|-fail|p1a: Bee\n|\n|upkeep\n|turn|14\n|-message|DO103 forfeited.\n|\n|win|TullAndTheArrow\n|raw|TullAndTheArrow's rating: 1043 &rarr; <strong>1093<\/strong><br \/>(+50 for winning)\n|raw|DO103's rating: 1226 &rarr; <strong>1189<\/strong><br \/>(-37 for losing)\n|l|\u2606DO103\n","uploadtime":1700113081,"views":20,"p1id":"tullandthearrow","p2id":"do103","formatid":"gen9nationaldex","rating":1093,"private":0,"password":""}