{"id":"gen9nationaldex-1995789339","p1":"Felii24","p2":"CapNTyreezy","format":"[Gen 9] National Dex","log":"|html|<div class=\"broadcast-blue\"><strong>[Gen 9] National Dex is currently suspecting Sneasler! For information on how to participate check out the <a href=\"https:\/\/www.smogon.com\/forums\/threads\/sv-national-dex-suspect-8-just-dance.3731534\/\">suspect thread<\/a>.<\/strong><\/div>\n|j|\u2606Felii24\n|j|\u2606CapNTyreezy\n|t:|1700603325\n|gametype|singles\n|player|p1|Felii24|1|1066\n|player|p2|CapNTyreezy|lucas|1135\n|teamsize|p1|6\n|teamsize|p2|6\n|gen|9\n|tier|[Gen 9] National Dex\n|rated|\n|rule|HP Percentage Mod: HP is shown in percentages\n|rule|Endless Battle Clause: Forcing endless battles is banned\n|rule|OHKO Clause: OHKO moves are banned\n|rule|Evasion Clause: Evasion abilities, items, and moves are banned\n|rule|Evasion Abilities Clause: Evasion abilities are banned\n|rule|Evasion Items Clause: Evasion items are banned\n|rule|Evasion Moves Clause: Evasion moves are banned\n|rule|Species Clause: Limit one of each Pok\u00e9mon\n|rule|Sleep Clause Mod: Limit one foe put to sleep\n|clearpoke\n|poke|p1|Samurott, M|\n|poke|p1|Hydreigon, M|\n|poke|p1|Mienshao, F|\n|poke|p1|Ferrothorn, M|\n|poke|p1|Crustle, M|\n|poke|p1|Darmanitan, M|\n|poke|p2|Blastoise, M|\n|poke|p2|Corsola-Galar, M|\n|poke|p2|Toxicroak, M|\n|poke|p2|Scizor, M|\n|poke|p2|Jirachi|\n|poke|p2|Clawitzer, M|\n|teampreview\n|inactive|Battle timer is ON: inactive players will automatically lose when time's up. (requested by Felii24)\n|inactive|CapNTyreezy has 120 seconds left.\n|\n|t:|1700603359\n|start\n|switch|p1a: Hydreigon|Hydreigon, M|100\/100\n|switch|p2a: Court Jester|Jirachi, shiny|100\/100\n|turn|1\n|inactive|Felii24 has 120 seconds left.\n|\n|t:|1700603401\n|move|p1a: Hydreigon|Dark Pulse|p2a: Court Jester\n|-supereffective|p2a: Court Jester\n|-damage|p2a: Court Jester|31\/100\n|move|p2a: Court Jester|Light Screen|p2a: Court Jester\n|-sidestart|p2: CapNTyreezy|move: Light Screen\n|\n|upkeep\n|turn|2\n|\n|t:|1700603416\n|move|p1a: Hydreigon|Dark Pulse|p2a: Court Jester\n|-supereffective|p2a: Court Jester\n|-damage|p2a: Court Jester|0 fnt\n|faint|p2a: Court Jester\n|\n|upkeep\n|\n|t:|1700603434\n|switch|p2a: King Donnoly|Blastoise, M|100\/100\n|turn|3\n|\n|t:|1700603442\n|switch|p1a: Ferrothorn|Ferrothorn, M|100\/100\n|move|p2a: King Donnoly|Shell Smash|p2a: King Donnoly\n|-unboost|p2a: King Donnoly|def|1\n|-unboost|p2a: King Donnoly|spd|1\n|-boost|p2a: King Donnoly|atk|2\n|-boost|p2a: King Donnoly|spa|2\n|-boost|p2a: King Donnoly|spe|2\n|-enditem|p2a: King Donnoly|White Herb\n|-clearnegativeboost|p2a: King Donnoly|[silent]\n|\n|upkeep\n|turn|4\n|\n|t:|1700603456\n|-terastallize|p2a: King Donnoly|Ice\n|move|p2a: King Donnoly|Aura Sphere|p1a: Ferrothorn\n|-supereffective|p1a: Ferrothorn\n|-damage|p1a: Ferrothorn|38\/100\n|move|p1a: Ferrothorn|Leech Seed|p2a: King Donnoly\n|-start|p2a: King Donnoly|move: Leech Seed\n|\n|-heal|p1a: Ferrothorn|44\/100|[from] item: Leftovers\n|-damage|p2a: King Donnoly|88\/100|[from] Leech Seed|[of] p1a: Ferrothorn\n|-heal|p1a: Ferrothorn|54\/100|[silent]\n|upkeep\n|turn|5\n|\n|t:|1700603463\n|move|p1a: Ferrothorn|Protect|p1a: Ferrothorn\n|-singleturn|p1a: Ferrothorn|Protect\n|move|p2a: King Donnoly|Shell Smash|p2a: King Donnoly\n|-unboost|p2a: King Donnoly|def|1\n|-unboost|p2a: King Donnoly|spd|1\n|-boost|p2a: King Donnoly|atk|2\n|-boost|p2a: King Donnoly|spa|2\n|-boost|p2a: King Donnoly|spe|2\n|\n|-heal|p1a: Ferrothorn|60\/100|[from] item: Leftovers\n|-damage|p2a: King Donnoly|76\/100|[from] Leech Seed|[of] p1a: Ferrothorn\n|-heal|p1a: Ferrothorn|71\/100|[silent]\n|upkeep\n|turn|6\n|\n|t:|1700603469\n|move|p2a: King Donnoly|Aura Sphere|p1a: Ferrothorn\n|-supereffective|p1a: Ferrothorn\n|-damage|p1a: Ferrothorn|0 fnt\n|faint|p1a: Ferrothorn\n|\n|upkeep\n|\n|t:|1700603480\n|switch|p1a: Samurott|Samurott, M|100\/100\n|turn|7\n|\n|t:|1700603485\n|move|p2a: King Donnoly|Aura Sphere|p1a: Samurott\n|-damage|p1a: Samurott|19\/100\n|move|p1a: Samurott|Swords Dance|p1a: Samurott\n|-boost|p1a: Samurott|atk|2\n|\n|-damage|p2a: King Donnoly|63\/100|[from] Leech Seed|[of] p1a: Samurott\n|-heal|p1a: Samurott|29\/100|[silent]\n|upkeep\n|turn|8\n|\n|t:|1700603492\n|move|p1a: Samurott|Aqua Jet|p2a: King Donnoly\n|-damage|p2a: King Donnoly|0 fnt\n|faint|p2a: King Donnoly\n|\n|-sideend|p2: CapNTyreezy|move: Light Screen\n|upkeep\n|\n|t:|1700603498\n|switch|p2a: Corsola|Corsola-Galar, M|100\/100\n|turn|9\n|\n|t:|1700603507\n|move|p1a: Samurott|Razor Shell|p2a: Corsola\n|-damage|p2a: Corsola|18\/100\n|-start|p1a: Samurott|Disable|Razor Shell|[from] ability: Cursed Body|[of] p2a: Corsola\n|move|p2a: Corsola|Strength Sap|p1a: Samurott\n|-unboost|p1a: Samurott|atk|1\n|-heal|p2a: Corsola|100\/100\n|\n|upkeep\n|turn|10\n|\n|t:|1700603516\n|move|p1a: Samurott|Aqua Jet|p2a: Corsola\n|-damage|p2a: Corsola|65\/100\n|move|p2a: Corsola|Strength Sap|p1a: Samurott\n|-unboost|p1a: Samurott|atk|1\n|-heal|p2a: Corsola|100\/100\n|\n|upkeep\n|turn|11\n|\n|t:|1700603523\n|switch|p1a: Hydreigon|Hydreigon, M|100\/100\n|move|p2a: Corsola|Will-O-Wisp|p1a: Hydreigon\n|-status|p1a: Hydreigon|brn\n|\n|-damage|p1a: Hydreigon|94\/100 brn|[from] brn\n|upkeep\n|turn|12\n|\n|t:|1700603531\n|switch|p2a: Unnamed Artillery|Clawitzer, M|100\/100\n|move|p1a: Hydreigon|Dark Pulse|p2a: Unnamed Artillery\n|-damage|p2a: Unnamed Artillery|33\/100\n|\n|-heal|p2a: Unnamed Artillery|39\/100|[from] item: Leftovers\n|-damage|p1a: Hydreigon|88\/100 brn|[from] brn\n|upkeep\n|turn|13\n|\n|t:|1700603535\n|move|p1a: Hydreigon|Dark Pulse|p2a: Unnamed Artillery\n|-damage|p2a: Unnamed Artillery|0 fnt\n|faint|p2a: Unnamed Artillery\n|\n|-damage|p1a: Hydreigon|82\/100 brn|[from] brn\n|upkeep\n|\n|t:|1700603538\n|switch|p2a: Sir Tuskgon|Toxicroak, M|100\/100\n|turn|14\n|\n|t:|1700603553\n|switch|p1a: Samurott|Samurott, M|29\/100\n|move|p2a: Sir Tuskgon|Swords Dance|p2a: Sir Tuskgon\n|-boost|p2a: Sir Tuskgon|atk|2\n|\n|upkeep\n|turn|15\n|\n|t:|1700603564\n|move|p1a: Samurott|Aqua Jet|p2a: Sir Tuskgon\n|-immune|p2a: Sir Tuskgon|[from] ability: Dry Skin\n|move|p2a: Sir Tuskgon|Poison Jab|p1a: Samurott\n|-damage|p1a: Samurott|0 fnt\n|faint|p1a: Samurott\n|\n|upkeep\n|\n|t:|1700603576\n|switch|p1a: Darmanitan|Darmanitan, M|100\/100\n|turn|16\n|\n|t:|1700603584\n|move|p1a: Darmanitan|Zen Headbutt|p2a: Sir Tuskgon|[miss]\n|-miss|p1a: Darmanitan|p2a: Sir Tuskgon\n|move|p2a: Sir Tuskgon|Close Combat|p1a: Darmanitan\n|-damage|p1a: Darmanitan|0 fnt\n|-unboost|p2a: Sir Tuskgon|def|1\n|-unboost|p2a: Sir Tuskgon|spd|1\n|faint|p1a: Darmanitan\n|\n|upkeep\n|c|\u2606CapNTyreezy|Bad luck\n|\n|t:|1700603594\n|switch|p1a: Mienshao|Mienshao, F|100\/100\n|turn|17\n|\n|t:|1700603601\n|move|p1a: Mienshao|Bounce||[still]\n|-prepare|p1a: Mienshao|Bounce\n|move|p2a: Sir Tuskgon|Close Combat|p1a: Mienshao|[miss]\n|-miss|p2a: Sir Tuskgon|p1a: Mienshao\n|\n|upkeep\n|turn|18\n|\n|t:|1700603611\n|move|p1a: Mienshao|Bounce|p2a: Sir Tuskgon|[from]lockedmove\n|-supereffective|p2a: Sir Tuskgon\n|-enditem|p2a: Sir Tuskgon|Focus Sash\n|-damage|p2a: Sir Tuskgon|1\/100\n|-damage|p1a: Mienshao|91\/100|[from] item: Life Orb\n|move|p2a: Sir Tuskgon|Close Combat|p1a: Mienshao\n|-damage|p1a: Mienshao|0 fnt\n|-unboost|p2a: Sir Tuskgon|def|1\n|-unboost|p2a: Sir Tuskgon|spd|1\n|faint|p1a: Mienshao\n|\n|upkeep\n|\n|t:|1700603615\n|switch|p1a: Crustle|Crustle, M|100\/100\n|turn|19\n|\n|t:|1700603622\n|move|p2a: Sir Tuskgon|Close Combat|p1a: Crustle\n|-ability|p1a: Crustle|Sturdy\n|-damage|p1a: Crustle|1\/100\n|-unboost|p2a: Sir Tuskgon|def|1\n|-unboost|p2a: Sir Tuskgon|spd|1\n|move|p1a: Crustle|Shell Smash|p1a: Crustle\n|-unboost|p1a: Crustle|def|1\n|-unboost|p1a: Crustle|spd|1\n|-boost|p1a: Crustle|atk|2\n|-boost|p1a: Crustle|spa|2\n|-boost|p1a: Crustle|spe|2\n|-enditem|p1a: Crustle|White Herb\n|-clearnegativeboost|p1a: Crustle|[silent]\n|\n|upkeep\n|turn|20\n|\n|t:|1700603627\n|move|p2a: Sir Tuskgon|Bullet Punch|p1a: Crustle\n|-supereffective|p1a: Crustle\n|-damage|p1a: Crustle|0 fnt\n|faint|p1a: Crustle\n|\n|upkeep\n|\n|t:|1700603633\n|switch|p1a: Hydreigon|Hydreigon, M|82\/100 brn\n|turn|21\n|\n|t:|1700603639\n|move|p2a: Sir Tuskgon|Bullet Punch|p1a: Hydreigon\n|-damage|p1a: Hydreigon|54\/100 brn\n|move|p1a: Hydreigon|Dark Pulse|p2a: Sir Tuskgon\n|-resisted|p2a: Sir Tuskgon\n|-damage|p2a: Sir Tuskgon|0 fnt\n|faint|p2a: Sir Tuskgon\n|\n|-damage|p1a: Hydreigon|48\/100 brn|[from] brn\n|upkeep\n|\n|t:|1700603645\n|switch|p2a: Sir Zor|Scizor, M|100\/100\n|turn|22\n|\n|t:|1700603657\n|-terastallize|p1a: Hydreigon|Dark\n|move|p1a: Hydreigon|Dark Pulse|p2a: Sir Zor\n|-damage|p2a: Sir Zor|0 fnt\n|faint|p2a: Sir Zor\n|\n|-damage|p1a: Hydreigon|42\/100 brn|[from] brn\n|upkeep\n|\n|t:|1700603661\n|switch|p2a: Corsola|Corsola-Galar, M|100\/100\n|turn|23\n|\n|t:|1700603671\n|move|p1a: Hydreigon|Dark Pulse|p2a: Corsola\n|-supereffective|p2a: Corsola\n|-damage|p2a: Corsola|21\/100\n|-start|p1a: Hydreigon|Disable|Dark Pulse|[from] ability: Cursed Body|[of] p2a: Corsola\n|cant|p2a: Corsola|flinch\n|\n|-damage|p1a: Hydreigon|36\/100 brn|[from] brn\n|upkeep\n|turn|24\n|\n|t:|1700603679\n|-activate|p1a: Hydreigon|move: Struggle\n|move|p1a: Hydreigon|Struggle|p2a: Corsola\n|-damage|p2a: Corsola|18\/100\n|-damage|p1a: Hydreigon|11\/100 brn|[from] recoil\n|move|p2a: Corsola|Strength Sap|p1a: Hydreigon\n|-unboost|p1a: Hydreigon|atk|1\n|-heal|p2a: Corsola|78\/100\n|\n|-damage|p1a: Hydreigon|5\/100 brn|[from] brn\n|upkeep\n|turn|25\n|c|\u2606CapNTyreezy|bruh\n|-message|Felii24 forfeited.\n|\n|win|CapNTyreezy\n|raw|Felii24's rating: 1066 &rarr; <strong>1050<\/strong><br \/>(-16 for losing)\n|raw|CapNTyreezy's rating: 1135 &rarr; <strong>1155<\/strong><br \/>(+20 for winning)\n|l|\u2606Felii24\n","uploadtime":1700603698,"views":20,"p1id":"felii24","p2id":"capntyreezy","formatid":"gen9nationaldex","rating":1050,"private":0,"password":""}