{"id":"gen9nationaldex-1993900608","p1":"steannm","p2":"VinnyTheRose","format":"[Gen 9] National Dex","log":"|j|\u2606steannm\n|j|\u2606VinnyTheRose\n|t:|1700372356\n|gametype|singles\n|player|p1|steannm|bugcatcher-gen4dp|1255\n|player|p2|VinnyTheRose|doubleteam|1385\n|teamsize|p1|6\n|teamsize|p2|6\n|gen|9\n|tier|[Gen 9] National Dex\n|rated|\n|rule|HP Percentage Mod: HP is shown in percentages\n|rule|Endless Battle Clause: Forcing endless battles is banned\n|rule|OHKO Clause: OHKO moves are banned\n|rule|Evasion Clause: Evasion abilities, items, and moves are banned\n|rule|Evasion Abilities Clause: Evasion abilities are banned\n|rule|Evasion Items Clause: Evasion items are banned\n|rule|Evasion Moves Clause: Evasion moves are banned\n|rule|Species Clause: Limit one of each Pok\u00e9mon\n|rule|Sleep Clause Mod: Limit one foe put to sleep\n|clearpoke\n|poke|p1|Tapu Lele|\n|poke|p1|Blacephalon|\n|poke|p1|Garchomp, M|\n|poke|p1|Sneasler, M|\n|poke|p1|Heatran, M|\n|poke|p1|Rotom-Wash|\n|poke|p2|Rillaboom, F|\n|poke|p2|Skeledirge, F|\n|poke|p2|Rotom-Wash|\n|poke|p2|Jirachi|\n|poke|p2|Gardevoir, F|\n|poke|p2|Volcarona, M|\n|teampreview\n|inactive|Battle timer is ON: inactive players will automatically lose when time's up. (requested by VinnyTheRose)\n|\n|t:|1700372365\n|start\n|switch|p1a: Heatran|Heatran, M|100\/100\n|switch|p2a: Jirachi|Jirachi|100\/100\n|turn|1\n|\n|t:|1700372392\n|move|p2a: Jirachi|U-turn|p1a: Heatran\n|-resisted|p1a: Heatran\n|-damage|p1a: Heatran|95\/100\n|\n|t:|1700372396\n|switch|p2a: Rotom|Rotom-Wash|100\/100|[from] U-turn\n|move|p1a: Heatran|Fire Blast|p2a: Rotom\n|-resisted|p2a: Rotom\n|-damage|p2a: Rotom|80\/100\n|\n|-heal|p2a: Rotom|87\/100|[from] item: Leftovers\n|upkeep\n|turn|2\n|\n|t:|1700372405\n|switch|p1a: Rotom|Rotom-Wash|100\/100\n|move|p2a: Rotom|Thunder Wave|p1a: Rotom\n|-immune|p1a: Rotom\n|\n|-heal|p2a: Rotom|93\/100|[from] item: Leftovers\n|upkeep\n|turn|3\n|\n|t:|1700372419\n|move|p1a: Rotom|Volt Switch|p2a: Rotom\n|-damage|p2a: Rotom|67\/100\n|\n|t:|1700372426\n|switch|p1a: Garchomp|Garchomp, M|100\/100|[from] Volt Switch\n|move|p2a: Rotom|Volt Switch|p1a: Garchomp\n|-immune|p1a: Garchomp\n|\n|-heal|p2a: Rotom|73\/100|[from] item: Leftovers\n|upkeep\n|turn|4\n|\n|t:|1700372437\n|switch|p2a: Jirachi|Jirachi|100\/100\n|-zpower|p1a: Garchomp\n|move|p1a: Garchomp|Devastating Drake|p2a: Jirachi|[zeffect]\n|-resisted|p2a: Jirachi\n|-damage|p2a: Jirachi|50\/100\n|\n|upkeep\n|turn|5\n|\n|t:|1700372448\n|move|p2a: Jirachi|Iron Head|p1a: Garchomp\n|-damage|p1a: Garchomp|65\/100\n|-damage|p2a: Jirachi|38\/100|[from] ability: Rough Skin|[of] p1a: Garchomp\n|move|p1a: Garchomp|Earthquake|p2a: Jirachi\n|-supereffective|p2a: Jirachi\n|-damage|p2a: Jirachi|0 fnt\n|faint|p2a: Jirachi\n|\n|upkeep\n|\n|t:|1700372469\n|switch|p2a: Gardevoir|Gardevoir, F|100\/100\n|-ability|p2a: Gardevoir|Rough Skin|[from] ability: Trace|[of] p1a: Garchomp\n|turn|6\n|\n|t:|1700372475\n|switch|p1a: Heatran|Heatran, M|95\/100\n|detailschange|p2a: Gardevoir|Gardevoir-Mega, F\n|-mega|p2a: Gardevoir|Gardevoir|Gardevoirite\n|move|p2a: Gardevoir|Hyper Voice|p1a: Heatran\n|-resisted|p1a: Heatran\n|-damage|p1a: Heatran|88\/100\n|\n|upkeep\n|turn|7\n|\n|t:|1700372484\n|move|p2a: Gardevoir|Focus Blast|p1a: Heatran\n|-supereffective|p1a: Heatran\n|-damage|p1a: Heatran|42\/100\n|move|p1a: Heatran|Fire Blast|p2a: Gardevoir\n|-damage|p2a: Gardevoir|55\/100\n|\n|upkeep\n|turn|8\n|\n|t:|1700372490\n|move|p2a: Gardevoir|Focus Blast|p1a: Heatran\n|-supereffective|p1a: Heatran\n|-damage|p1a: Heatran|0 fnt\n|faint|p1a: Heatran\n|\n|upkeep\n|\n|t:|1700372503\n|switch|p1a: Blacephalon|Blacephalon|100\/100\n|turn|9\n|l|\u2606VinnyTheRose\n|inactive|VinnyTheRose disconnected and has a minute to reconnect!\n|player|p2|\n|j|\u2606VinnyTheRose\n|inactive|VinnyTheRose reconnected and has 105 seconds left.\n|player|p2|VinnyTheRose|doubleteam\n|\n|t:|1700372559\n|switch|p2a: Rotom|Rotom-Wash|73\/100\n|move|p1a: Blacephalon|Shadow Ball|p2a: Rotom\n|-damage|p2a: Rotom|38\/100\n|\n|-heal|p2a: Rotom|44\/100|[from] item: Leftovers\n|upkeep\n|turn|10\n|\n|t:|1700372582\n|switch|p1a: Rotom|Rotom-Wash|100\/100\n|move|p2a: Rotom|Thunder Wave|p1a: Rotom\n|-immune|p1a: Rotom\n|\n|-heal|p2a: Rotom|50\/100|[from] item: Leftovers\n|upkeep\n|turn|11\n|\n|t:|1700372592\n|move|p1a: Rotom|Hydro Pump|p2a: Rotom\n|-resisted|p2a: Rotom\n|-damage|p2a: Rotom|29\/100\n|move|p2a: Rotom|Volt Switch|p1a: Rotom\n|-damage|p1a: Rotom|66\/100\n|inactive|VinnyTheRose has 90 seconds left.\n|\n|t:|1700372617\n|switch|p2a: Rillaboom|Rillaboom, F|100\/100|[from] Volt Switch\n|-fieldstart|move: Grassy Terrain|[from] ability: Grassy Surge|[of] p2a: Rillaboom\n|\n|-heal|p1a: Rotom|73\/100|[from] item: Leftovers\n|upkeep\n|turn|12\n|l|\u2606steannm\n|inactive|steannm disconnected and has a minute to reconnect!\n|player|p1|\n|j|\u2606steannm\n|inactive|steannm reconnected and has 130 seconds left.\n|player|p1|steannm|bugcatcher-gen4dp\n|\n|t:|1700372637\n|switch|p1a: Tapu Lele|Tapu Lele|100\/100\n|-fieldstart|move: Psychic Terrain|[from] ability: Psychic Surge|[of] p1a: Tapu Lele\n|move|p2a: Rillaboom|Grassy Glide|p1a: Tapu Lele\n|-damage|p1a: Tapu Lele|32\/100\n|\n|upkeep\n|turn|13\n|inactive|steannm has 120 seconds left.\n|inactive|VinnyTheRose has 90 seconds left.\n|\n|t:|1700372670\n|switch|p2a: Rotom|Rotom-Wash|29\/100\n|move|p1a: Tapu Lele|Psychic|p2a: Rotom\n|-damage|p2a: Rotom|0 fnt\n|faint|p2a: Rotom\n|\n|upkeep\n|\n|t:|1700372683\n|switch|p2a: Gardevoir|Gardevoir-Mega, F|55\/100\n|turn|14\n|inactive|VinnyTheRose has 60 seconds left.\n|\n|t:|1700372714\n|move|p2a: Gardevoir|Hyper Voice|p1a: Tapu Lele\n|-damage|p1a: Tapu Lele|0 fnt\n|faint|p1a: Tapu Lele\n|\n|upkeep\n|\n|t:|1700372717\n|switch|p1a: Sneasler|Sneasler, M|100\/100\n|-enditem|p1a: Sneasler|Psychic Seed\n|-boost|p1a: Sneasler|spd|1|[from] item: Psychic Seed\n|turn|15\n|\n|t:|1700372725\n|switch|p2a: Skeledirge|Skeledirge, F|100\/100\n|move|p1a: Sneasler|Dire Claw|p2a: Skeledirge\n|-resisted|p2a: Skeledirge\n|-damage|p2a: Skeledirge|89\/100\n|-status|p2a: Skeledirge|slp\n|\n|upkeep\n|turn|16\n|\n|t:|1700372733\n|move|p1a: Sneasler|Swords Dance|p1a: Sneasler\n|-boost|p1a: Sneasler|atk|2\n|cant|p2a: Skeledirge|slp\n|\n|upkeep\n|turn|17\n|inactive|steannm has 120 seconds left.\n|\n|t:|1700372743\n|move|p1a: Sneasler|Swords Dance|p1a: Sneasler\n|-boost|p1a: Sneasler|atk|2\n|cant|p2a: Skeledirge|slp\n|\n|upkeep\n|turn|18\n|\n|t:|1700372749\n|move|p1a: Sneasler|Acrobatics|p2a: Skeledirge\n|-damage|p2a: Skeledirge|67\/100 slp\n|-curestatus|p2a: Skeledirge|slp|[msg]\n|move|p2a: Skeledirge|Will-O-Wisp|p1a: Sneasler\n|-status|p1a: Sneasler|brn\n|\n|-damage|p1a: Sneasler|95\/100 brn|[from] brn\n|upkeep\n|turn|19\n|\n|t:|1700372757\n|move|p1a: Sneasler|Dire Claw|p2a: Skeledirge\n|-resisted|p2a: Skeledirge\n|-damage|p2a: Skeledirge|62\/100\n|move|p2a: Skeledirge|Hex|p1a: Sneasler\n|-damage|p1a: Sneasler|26\/100 brn\n|\n|-damage|p1a: Sneasler|20\/100 brn|[from] brn\n|-fieldend|move: Psychic Terrain\n|upkeep\n|turn|20\n|\n|t:|1700372765\n|move|p1a: Sneasler|Dire Claw|p2a: Skeledirge\n|-resisted|p2a: Skeledirge\n|-damage|p2a: Skeledirge|56\/100\n|-status|p2a: Skeledirge|psn\n|move|p2a: Skeledirge|Hex|p1a: Sneasler\n|-damage|p1a: Sneasler|0 fnt\n|faint|p1a: Sneasler\n|\n|-damage|p2a: Skeledirge|44\/100 psn|[from] psn\n|upkeep\n|\n|t:|1700372777\n|switch|p1a: Garchomp|Garchomp, M|65\/100\n|turn|21\n|\n|t:|1700372797\n|-terastallize|p2a: Skeledirge|Fairy\n|move|p1a: Garchomp|Earthquake|p2a: Skeledirge\n|-damage|p2a: Skeledirge|14\/100 psn\n|move|p2a: Skeledirge|Will-O-Wisp|p1a: Garchomp\n|-status|p1a: Garchomp|brn\n|\n|-damage|p2a: Skeledirge|2\/100 psn|[from] psn\n|-damage|p1a: Garchomp|59\/100 brn|[from] brn\n|upkeep\n|turn|22\n|\n|t:|1700372807\n|move|p1a: Garchomp|Fire Fang|p2a: Skeledirge\n|-damage|p2a: Skeledirge|0 fnt\n|faint|p2a: Skeledirge\n|\n|-damage|p1a: Garchomp|53\/100 brn|[from] brn\n|upkeep\n|\n|t:|1700372825\n|switch|p2a: Rillaboom|Rillaboom, F|100\/100\n|-fieldstart|move: Grassy Terrain|[from] ability: Grassy Surge|[of] p2a: Rillaboom\n|turn|23\n|\n|t:|1700372838\n|move|p2a: Rillaboom|Grassy Glide|p1a: Garchomp\n|-damage|p1a: Garchomp|0 fnt\n|-damage|p2a: Rillaboom|88\/100|[from] ability: Rough Skin|[of] p1a: Garchomp\n|faint|p1a: Garchomp\n|\n|-heal|p2a: Rillaboom|94\/100|[from] Grassy Terrain\n|upkeep\n|\n|t:|1700372844\n|switch|p1a: Blacephalon|Blacephalon|100\/100\n|turn|24\n|inactive|VinnyTheRose has 120 seconds left.\n|\n|t:|1700372861\n|switch|p2a: Gardevoir|Gardevoir-Mega, F|55\/100\n|move|p1a: Blacephalon|Fire Blast|p2a: Gardevoir\n|-damage|p2a: Gardevoir|0 fnt\n|faint|p2a: Gardevoir\n|-ability|p1a: Blacephalon|Beast Boost|boost\n|-boost|p1a: Blacephalon|spa|1\n|\n|upkeep\n|\n|t:|1700372867\n|switch|p2a: Volcarona|Volcarona, M|100\/100\n|turn|25\n|\n|t:|1700372878\n|switch|p1a: Rotom|Rotom-Wash|73\/100\n|move|p2a: Volcarona|Quiver Dance|p2a: Volcarona\n|-boost|p2a: Volcarona|spa|1\n|-boost|p2a: Volcarona|spd|1\n|-boost|p2a: Volcarona|spe|1\n|\n|-heal|p1a: Rotom|79\/100|[from] item: Leftovers\n|upkeep\n|turn|26\n|\n|t:|1700372897\n|-terastallize|p1a: Rotom|Water\n|move|p2a: Volcarona|Bug Buzz|p1a: Rotom\n|-damage|p1a: Rotom|0 fnt\n|faint|p1a: Rotom\n|\n|upkeep\n|\n|t:|1700372902\n|switch|p1a: Blacephalon|Blacephalon|100\/100\n|turn|27\n|\n|t:|1700372918\n|move|p1a: Blacephalon|Trick|p2a: Volcarona\n|-activate|p1a: Blacephalon|move: Trick|[of] p2a: Volcarona\n|-item|p2a: Volcarona|Choice Scarf|[from] move: Trick\n|-item|p1a: Blacephalon|Heavy-Duty Boots|[from] move: Trick\n|move|p2a: Volcarona|Flamethrower|p1a: Blacephalon\n|-resisted|p1a: Blacephalon\n|-damage|p1a: Blacephalon|38\/100\n|\n|-heal|p1a: Blacephalon|44\/100|[from] Grassy Terrain\n|-fieldend|move: Grassy Terrain\n|upkeep\n|turn|28\n|\n|t:|1700372926\n|move|p2a: Volcarona|Flamethrower|p1a: Blacephalon\n|-resisted|p1a: Blacephalon\n|-damage|p1a: Blacephalon|0 fnt\n|faint|p1a: Blacephalon\n|\n|win|VinnyTheRose\n|raw|steannm's rating: 1255 &rarr; <strong>1239<\/strong><br \/>(-16 for losing)\n|raw|VinnyTheRose's rating: 1385 &rarr; <strong>1398<\/strong><br \/>(+13 for winning)\n|l|\u2606steannm\n","uploadtime":1700372934,"views":8,"p1id":"steannm","p2id":"vinnytherose","formatid":"gen9nationaldex","rating":1239,"private":0,"password":""}