{"id":"gen9nationaldex-2000575969","p1":"Roachiess","p2":"mannmilk","format":"[Gen 9] National Dex","log":"|html|<div class=\"broadcast-blue\"><strong>[Gen 9] National Dex is currently suspecting Sneasler! For information on how to participate check out the <a href=\"https:\/\/www.smogon.com\/forums\/threads\/sv-national-dex-suspect-8-just-dance.3731534\/\">suspect thread<\/a>.<\/strong><\/div>\n|j|\u2606Roachiess\n|j|\u2606mannmilk\n|t:|1701206847\n|gametype|singles\n|player|p1|Roachiess|102|1331\n|player|p2|mannmilk|clown|1285\n|teamsize|p1|6\n|teamsize|p2|6\n|gen|9\n|tier|[Gen 9] National Dex\n|rated|\n|rule|HP Percentage Mod: HP is shown in percentages\n|rule|Endless Battle Clause: Forcing endless battles is banned\n|rule|OHKO Clause: OHKO moves are banned\n|rule|Evasion Clause: Evasion abilities, items, and moves are banned\n|rule|Evasion Abilities Clause: Evasion abilities are banned\n|rule|Evasion Items Clause: Evasion items are banned\n|rule|Evasion Moves Clause: Evasion moves are banned\n|rule|Species Clause: Limit one of each Pok\u00e9mon\n|rule|Sleep Clause Mod: Limit one foe put to sleep\n|clearpoke\n|poke|p1|Heatran, M|\n|poke|p1|Scizor, F|\n|poke|p1|Iron Valiant|\n|poke|p1|Ogerpon-Wellspring, F|\n|poke|p1|Tapu Koko|\n|poke|p1|Iron Treads|\n|poke|p2|Aggron, F|\n|poke|p2|Regice|\n|poke|p2|Snorlax, M|\n|poke|p2|Nihilego|\n|poke|p2|Dondozo, F|\n|poke|p2|Maushold-Four|\n|teampreview\n|\n|t:|1701206857\n|start\n|switch|p1a: Tapu Koko|Tapu Koko|100\/100\n|switch|p2a: Regice|Regice|100\/100\n|-fieldstart|move: Electric Terrain|[from] ability: Electric Surge|[of] p1a: Tapu Koko\n|turn|1\n|\n|t:|1701206864\n|move|p1a: Tapu Koko|Light Screen|p1a: Tapu Koko\n|-sidestart|p1: Roachiess|move: Light Screen\n|move|p2a: Regice|Hail|p2a: Regice\n|-weather|Hail\n|\n|-weather|Hail|[upkeep]\n|-damage|p1a: Tapu Koko|94\/100|[from] Hail\n|upkeep\n|turn|2\n|\n|t:|1701206870\n|move|p1a: Tapu Koko|Taunt|p2a: Regice\n|-start|p2a: Regice|move: Taunt\n|cant|p2a: Regice|move: Taunt|Amnesia\n|\n|-weather|Hail|[upkeep]\n|-damage|p1a: Tapu Koko|88\/100|[from] Hail\n|upkeep\n|turn|3\n|\n|t:|1701206874\n|move|p1a: Tapu Koko|Reflect|p1a: Tapu Koko\n|-sidestart|p1: Roachiess|Reflect\n|move|p2a: Regice|Ice Beam|p1a: Tapu Koko\n|-damage|p1a: Tapu Koko|64\/100\n|\n|-weather|Hail|[upkeep]\n|-damage|p1a: Tapu Koko|58\/100|[from] Hail\n|upkeep\n|turn|4\n|\n|t:|1701206881\n|move|p1a: Tapu Koko|U-turn|p2a: Regice\n|-damage|p2a: Regice|83\/100\n|\n|t:|1701206886\n|switch|p1a: Ogerpon|Ogerpon-Wellspring, F|100\/100|[from] U-turn\n|move|p2a: Regice|Ice Beam|p1a: Ogerpon\n|-damage|p1a: Ogerpon|79\/100\n|-status|p1a: Ogerpon|frz\n|\n|-weather|Hail|[upkeep]\n|-damage|p1a: Ogerpon|73\/100 frz|[from] Hail\n|-heal|p2a: Regice|90\/100|[from] ability: Ice Body\n|-heal|p2a: Regice|96\/100|[from] item: Leftovers\n|-end|p2a: Regice|move: Taunt\n|upkeep\n|turn|5\n|c|\u2606Roachiess|Man.\n|\n|t:|1701206896\n|switch|p2a: Aggron|Aggron, F|100\/100\n|-terastallize|p1a: Ogerpon|Water\n|detailschange|p1a: Ogerpon|Ogerpon-Wellspring-Tera, F, tera:Water\n|-ability|p1a: Ogerpon|Embody Aspect (Wellspring)|boost\n|-boost|p1a: Ogerpon|spd|1\n|-curestatus|p1a: Ogerpon|frz|[msg]\n|move|p1a: Ogerpon|Swords Dance|p1a: Ogerpon\n|-boost|p1a: Ogerpon|atk|2\n|\n|-weather|none\n|-fieldend|move: Electric Terrain\n|upkeep\n|turn|6\n|c|\u2606mannmilk|yah i planned that out for sure\n|\n|t:|1701206907\n|detailschange|p2a: Aggron|Aggron-Mega, F\n|-mega|p2a: Aggron|Aggron|Aggronite\n|move|p1a: Ogerpon|Ivy Cudgel|p2a: Aggron|[anim] Ivy Cudgel Water\n|-damage|p2a: Aggron|35\/100\n|move|p2a: Aggron|Rock Polish|p2a: Aggron\n|-boost|p2a: Aggron|spe|2\n|\n|upkeep\n|turn|7\n|c|\u2606Roachiess|Hax dont work on me rahhhhh\n|\n|t:|1701206921\n|move|p2a: Aggron|Iron Defense|p2a: Aggron\n|-boost|p2a: Aggron|def|2\n|move|p1a: Ogerpon|Ivy Cudgel|p2a: Aggron|[anim] Ivy Cudgel Water\n|-damage|p2a: Aggron|1\/100\n|\n|upkeep\n|turn|8\n|\n|t:|1701206927\n|move|p2a: Aggron|Body Press|p1a: Ogerpon\n|-damage|p1a: Ogerpon|18\/100\n|move|p1a: Ogerpon|Ivy Cudgel|p2a: Aggron|[anim] Ivy Cudgel Water\n|-damage|p2a: Aggron|0 fnt\n|faint|p2a: Aggron\n|\n|-sideend|p1: Roachiess|move: Light Screen\n|upkeep\n|\n|t:|1701206945\n|switch|p2a: Dondozo|Dondozo, F|100\/100\n|turn|9\n|\n|t:|1701206955\n|move|p1a: Ogerpon|Power Whip|p2a: Dondozo\n|-supereffective|p2a: Dondozo\n|-damage|p2a: Dondozo|20\/100\n|move|p2a: Dondozo|Earthquake|p1a: Ogerpon\n|-damage|p1a: Ogerpon|0 fnt\n|faint|p1a: Ogerpon\n|\n|upkeep\n|\n|t:|1701206965\n|switch|p1a: Iron Valiant|Iron Valiant|100\/100\n|turn|10\n|\n|t:|1701206983\n|move|p1a: Iron Valiant|Close Combat|p2a: Dondozo\n|-damage|p2a: Dondozo|0 fnt\n|-unboost|p1a: Iron Valiant|def|1\n|-unboost|p1a: Iron Valiant|spd|1\n|faint|p2a: Dondozo\n|\n|-sideend|p1: Roachiess|Reflect\n|upkeep\n|\n|t:|1701206991\n|switch|p2a: Nihilego|Nihilego|100\/100\n|turn|11\n|\n|t:|1701206997\n|move|p1a: Iron Valiant|Close Combat|p2a: Nihilego\n|-damage|p2a: Nihilego|3\/100\n|-unboost|p1a: Iron Valiant|def|1\n|-unboost|p1a: Iron Valiant|spd|1\n|move|p2a: Nihilego|Meteor Beam||[still]\n|-prepare|p2a: Nihilego|Meteor Beam\n|-boost|p2a: Nihilego|spa|1\n|-enditem|p2a: Nihilego|Power Herb\n|-anim|p2a: Nihilego|Meteor Beam|p1a: Iron Valiant\n|-resisted|p1a: Iron Valiant\n|-damage|p1a: Iron Valiant|0 fnt\n|faint|p1a: Iron Valiant\n|-end|p1a: Iron Valiant|Quark Drive|[silent]\n|-ability|p2a: Nihilego|Beast Boost|boost\n|-boost|p2a: Nihilego|spa|1\n|\n|upkeep\n|\n|t:|1701207002\n|switch|p1a: Scizor|Scizor, F|100\/100\n|turn|12\n|\n|t:|1701207005\n|detailschange|p1a: Scizor|Scizor-Mega, F\n|-mega|p1a: Scizor|Scizor|Scizorite\n|move|p1a: Scizor|Bullet Punch|p2a: Nihilego\n|-supereffective|p2a: Nihilego\n|-damage|p2a: Nihilego|0 fnt\n|faint|p2a: Nihilego\n|\n|upkeep\n|\n|t:|1701207010\n|switch|p2a: Snorlax|Snorlax, M|100\/100\n|turn|13\n|\n|t:|1701207018\n|switch|p1a: Heatran|Heatran, M|100\/100\n|move|p2a: Snorlax|Curse|p2a: Snorlax\n|-unboost|p2a: Snorlax|spe|1\n|-boost|p2a: Snorlax|atk|1\n|-boost|p2a: Snorlax|def|1\n|\n|upkeep\n|turn|14\n|\n|t:|1701207021\n|move|p1a: Heatran|Magma Storm|p2a: Snorlax\n|-damage|p2a: Snorlax|75\/100\n|-activate|p2a: Snorlax|move: Magma Storm|[of] p1a: Heatran\n|move|p2a: Snorlax|Earthquake|p1a: Heatran\n|-supereffective|p1a: Heatran\n|-damage|p1a: Heatran|0 fnt\n|faint|p1a: Heatran\n|\n|-end|p2a: Snorlax|Magma Storm|[partiallytrapped]|[silent]\n|upkeep\n|\n|t:|1701207027\n|switch|p1a: Tapu Koko|Tapu Koko|58\/100\n|-fieldstart|move: Electric Terrain|[from] ability: Electric Surge|[of] p1a: Tapu Koko\n|turn|15\n|\n|t:|1701207038\n|move|p1a: Tapu Koko|Reflect|p1a: Tapu Koko\n|-sidestart|p1: Roachiess|Reflect\n|-zpower|p2a: Snorlax\n|move|p2a: Snorlax|Breakneck Blitz|p1a: Tapu Koko|[zeffect]\n|-damage|p1a: Tapu Koko|0 fnt\n|faint|p1a: Tapu Koko\n|\n|upkeep\n|\n|t:|1701207043\n|switch|p1a: Scizor|Scizor-Mega, F|100\/100\n|turn|16\n|\n|t:|1701207049\n|move|p1a: Scizor|Swords Dance|p1a: Scizor\n|-boost|p1a: Scizor|atk|2\n|move|p2a: Snorlax|Curse|p2a: Snorlax\n|-unboost|p2a: Snorlax|spe|1\n|-boost|p2a: Snorlax|atk|1\n|-boost|p2a: Snorlax|def|1\n|\n|upkeep\n|turn|17\n|\n|t:|1701207058\n|move|p1a: Scizor|Swords Dance|p1a: Scizor\n|-boost|p1a: Scizor|atk|2\n|move|p2a: Snorlax|Earthquake|p1a: Scizor\n|-damage|p1a: Scizor|82\/100\n|\n|upkeep\n|turn|18\n|\n|t:|1701207062\n|move|p1a: Scizor|Swords Dance|p1a: Scizor\n|-boost|p1a: Scizor|atk|2\n|move|p2a: Snorlax|Earthquake|p1a: Scizor\n|-crit|p1a: Scizor\n|-damage|p1a: Scizor|21\/100\n|\n|upkeep\n|turn|19\n|\n|t:|1701207067\n|move|p1a: Scizor|Roost|p1a: Scizor\n|-heal|p1a: Scizor|72\/100\n|-singleturn|p1a: Scizor|move: Roost\n|move|p2a: Snorlax|Earthquake|p1a: Scizor\n|-damage|p1a: Scizor|54\/100\n|\n|-fieldend|move: Electric Terrain\n|upkeep\n|turn|20\n|c|\u2606mannmilk|doodoo scizor\n|\n|t:|1701207078\n|move|p1a: Scizor|Bullet Punch|p2a: Snorlax\n|-damage|p2a: Snorlax|22\/100\n|move|p2a: Snorlax|Earthquake|p1a: Scizor\n|-damage|p1a: Scizor|36\/100\n|\n|upkeep\n|turn|21\n|\n|t:|1701207082\n|move|p1a: Scizor|Bullet Punch|p2a: Snorlax\n|-damage|p2a: Snorlax|0 fnt\n|faint|p2a: Snorlax\n|\n|upkeep\n|\n|t:|1701207086\n|switch|p2a: Maushold|Maushold-Four|100\/100\n|turn|22\n|c|\u2606Roachiess|nah its a you issue\n|c|\u2606mannmilk|I DONT HAVE ISSUES\n|c|\u2606Roachiess|gg\n|c|\u2606Roachiess|you obviously do if you lost to my halfassed team\n|c|\u2606mannmilk|REMATCH ME\n|inactive|Battle timer is ON: inactive players will automatically lose when time's up. (requested by Roachiess)\n|c|\u2606mannmilk|u only have OU\n|c|\u2606mannmilk|its unfair!!! D:\n|c|\u2606Roachiess|In.. the OU format\n|\n|t:|1701207136\n|-terastallize|p2a: Maushold|Grass\n|move|p1a: Scizor|Bullet Punch|p2a: Maushold\n|-damage|p2a: Maushold|0 fnt\n|faint|p2a: Maushold\n|\n|-sideend|p1: Roachiess|Reflect\n|upkeep\n|\n|t:|1701207138\n|switch|p2a: Regice|Regice|96\/100\n|turn|23\n|c|\u2606mannmilk|donut care!!!!1\n|\n|t:|1701207147\n|move|p1a: Scizor|Bullet Punch|p2a: Regice\n|-supereffective|p2a: Regice\n|-damage|p2a: Regice|0 fnt\n|faint|p2a: Regice\n|\n|win|Roachiess\n|raw|Roachiess's rating: 1331 &rarr; <strong>1348<\/strong><br \/>(+17 for winning)\n|raw|mannmilk's rating: 1285 &rarr; <strong>1263<\/strong><br \/>(-22 for losing)\n","uploadtime":1701207150,"views":11,"p1id":"roachiess","p2id":"mannmilk","formatid":"gen9nationaldex","rating":1263,"private":0,"password":""}