{"id":"gen9nationaldex-1993139806","p1":"Vvbttij","p2":"KAILI071222","format":"[Gen 9] National Dex","log":"|j|\u2606Vvbttij\n|j|\u2606KAILI071222\n|t:|1700269507\n|gametype|singles\n|player|p1|Vvbttij|red|1162\n|player|p2|KAILI071222|266|1224\n|teamsize|p1|6\n|teamsize|p2|6\n|gen|9\n|tier|[Gen 9] National Dex\n|rated|\n|rule|HP Percentage Mod: HP is shown in percentages\n|rule|Endless Battle Clause: Forcing endless battles is banned\n|rule|OHKO Clause: OHKO moves are banned\n|rule|Evasion Clause: Evasion abilities, items, and moves are banned\n|rule|Evasion Abilities Clause: Evasion abilities are banned\n|rule|Evasion Items Clause: Evasion items are banned\n|rule|Evasion Moves Clause: Evasion moves are banned\n|rule|Species Clause: Limit one of each Pok\u00e9mon\n|rule|Sleep Clause Mod: Limit one foe put to sleep\n|clearpoke\n|poke|p1|Charizard, F|\n|poke|p1|Blastoise, F|\n|poke|p1|Venusaur, M|\n|poke|p1|Snorlax, F|\n|poke|p1|Lapras, F|\n|poke|p1|Pikachu, M|\n|poke|p2|Garganacl, M|\n|poke|p2|Tapu Koko|\n|poke|p2|Sneasler, F|\n|poke|p2|Rotom-Wash|\n|poke|p2|Dragonite, F|\n|poke|p2|Ferrothorn, F|\n|teampreview\n|\n|t:|1700269526\n|start\n|switch|p1a: Blastoise|Blastoise, F|100\/100\n|switch|p2a: Ferrothorn|Ferrothorn, F|100\/100\n|-ability|p2a: Ferrothorn|Anticipation\n|turn|1\n|\n|t:|1700269534\n|move|p1a: Blastoise|Shell Smash|p1a: Blastoise\n|-unboost|p1a: Blastoise|def|1\n|-unboost|p1a: Blastoise|spd|1\n|-boost|p1a: Blastoise|atk|2\n|-boost|p1a: Blastoise|spa|2\n|-boost|p1a: Blastoise|spe|2\n|move|p2a: Ferrothorn|Stealth Rock|p1a: Blastoise\n|-sidestart|p1: Vvbttij|move: Stealth Rock\n|\n|upkeep\n|turn|2\n|\n|t:|1700269541\n|move|p1a: Blastoise|Focus Blast|p2a: Ferrothorn\n|-supereffective|p2a: Ferrothorn\n|-damage|p2a: Ferrothorn|0 fnt\n|faint|p2a: Ferrothorn\n|\n|upkeep\n|\n|t:|1700269547\n|switch|p2a: Rotom|Rotom-Wash|100\/100\n|turn|3\n|\n|t:|1700269552\n|-terastallize|p1a: Blastoise|Ground\n|move|p1a: Blastoise|Scald|p2a: Rotom\n|-resisted|p2a: Rotom\n|-damage|p2a: Rotom|53\/100\n|move|p2a: Rotom|Thunder Wave|p1a: Blastoise\n|-immune|p1a: Blastoise\n|\n|upkeep\n|turn|4\n|\n|t:|1700269561\n|move|p1a: Blastoise|Scald|p2a: Rotom\n|-resisted|p2a: Rotom\n|-damage|p2a: Rotom|8\/100\n|-enditem|p2a: Rotom|Sitrus Berry|[eat]\n|-heal|p2a: Rotom|33\/100|[from] item: Sitrus Berry\n|move|p2a: Rotom|Will-O-Wisp|p1a: Blastoise\n|-status|p1a: Blastoise|brn\n|\n|-damage|p1a: Blastoise|94\/100 brn|[from] brn\n|upkeep\n|turn|5\n|\n|t:|1700269568\n|move|p1a: Blastoise|Scald|p2a: Rotom\n|-resisted|p2a: Rotom\n|-damage|p2a: Rotom|0 fnt\n|faint|p2a: Rotom\n|\n|-damage|p1a: Blastoise|88\/100 brn|[from] brn\n|upkeep\n|\n|t:|1700269583\n|switch|p2a: Dragonite|Dragonite, F|100\/100\n|turn|6\n|\n|t:|1700269591\n|move|p1a: Blastoise|Blizzard|p2a: Dragonite\n|-supereffective|p2a: Dragonite\n|-damage|p2a: Dragonite|0 fnt\n|faint|p2a: Dragonite\n|\n|-damage|p1a: Blastoise|82\/100 brn|[from] brn\n|upkeep\n|\n|t:|1700269597\n|switch|p2a: Tapu Koko|Tapu Koko|100\/100\n|-fieldstart|move: Electric Terrain|[from] ability: Electric Surge|[of] p2a: Tapu Koko\n|turn|7\n|c|\u2606Vvbttij|Burn affects my atk. Not Sp.Atk\n|\n|t:|1700269628\n|move|p1a: Blastoise|Scald|p2a: Tapu Koko\n|-damage|p2a: Tapu Koko|0 fnt\n|faint|p2a: Tapu Koko\n|\n|-damage|p1a: Blastoise|76\/100 brn|[from] brn\n|upkeep\n|\n|t:|1700269648\n|switch|p2a: Sneasler|Sneasler, F|100\/100\n|-enditem|p2a: Sneasler|Electric Seed\n|-boost|p2a: Sneasler|def|1|[from] item: Electric Seed\n|turn|8\n|\n|t:|1700269658\n|-terastallize|p2a: Sneasler|Flying\n|move|p2a: Sneasler|Fake Out|p1a: Blastoise\n|-damage|p1a: Blastoise|50\/100 brn\n|cant|p1a: Blastoise|flinch\n|\n|-damage|p1a: Blastoise|44\/100 brn|[from] brn\n|upkeep\n|turn|9\n|\n|t:|1700269667\n|move|p2a: Sneasler|Acrobatics|p1a: Blastoise\n|-damage|p1a: Blastoise|0 fnt\n|faint|p1a: Blastoise\n|\n|upkeep\n|\n|t:|1700269685\n|switch|p1a: Charizard|Charizard, F|100\/100\n|-damage|p1a: Charizard|50\/100|[from] Stealth Rock\n|turn|10\n|\n|t:|1700269698\n|move|p1a: Charizard|Endure|p1a: Charizard\n|-singleturn|p1a: Charizard|move: Endure\n|move|p2a: Sneasler|Dire Claw|p1a: Charizard\n|-activate|p1a: Charizard|move: Endure\n|-damage|p1a: Charizard|1\/100\n|-enditem|p1a: Charizard|Salac Berry|[eat]\n|-boost|p1a: Charizard|spe|1|[from] item: Salac Berry\n|\n|upkeep\n|turn|11\n|\n|t:|1700269707\n|move|p1a: Charizard|Endure||[still]\n|-fail|p1a: Charizard\n|move|p2a: Sneasler|Acrobatics|p1a: Charizard\n|-damage|p1a: Charizard|0 fnt\n|faint|p1a: Charizard\n|\n|-fieldend|move: Electric Terrain\n|upkeep\n|\n|t:|1700269709\n|switch|p1a: Pikachu|Pikachu, M|100\/100\n|-damage|p1a: Pikachu|88\/100|[from] Stealth Rock\n|turn|12\n|\n|t:|1700269716\n|switch|p2a: Garganacl|Garganacl, M|100\/100\n|move|p1a: Pikachu|Endure||[still]\n|-fail|p1a: Pikachu\n|\n|upkeep\n|turn|13\n|\n|t:|1700269722\n|move|p1a: Pikachu|Nuzzle|p2a: Garganacl\n|-damage|p2a: Garganacl|96\/100\n|move|p2a: Garganacl|Salt Cure|p1a: Pikachu\n|-damage|p1a: Pikachu|46\/100\n|-start|p1a: Pikachu|Salt Cure\n|\n|-heal|p2a: Garganacl|100\/100|[from] item: Leftovers\n|-damage|p1a: Pikachu|33\/100|[from] Salt Cure\n|upkeep\n|turn|14\n|\n|t:|1700269730\n|move|p1a: Pikachu|Endeavor|p2a: Garganacl\n|-damage|p2a: Garganacl|18\/100\n|move|p2a: Garganacl|Salt Cure|p1a: Pikachu\n|-damage|p1a: Pikachu|0 fnt\n|faint|p1a: Pikachu\n|\n|-heal|p2a: Garganacl|24\/100|[from] item: Leftovers\n|upkeep\n|\n|t:|1700269735\n|switch|p1a: Lapras|Lapras, F|100\/100\n|-damage|p1a: Lapras|76\/100|[from] Stealth Rock\n|turn|15\n|\n|t:|1700269745\n|move|p1a: Lapras|Dragon Dance|p1a: Lapras\n|-boost|p1a: Lapras|atk|1\n|-boost|p1a: Lapras|spe|1\n|move|p2a: Garganacl|Recover|p2a: Garganacl\n|-heal|p2a: Garganacl|74\/100\n|\n|-heal|p2a: Garganacl|80\/100|[from] item: Leftovers\n|upkeep\n|turn|16\n|\n|t:|1700269750\n|move|p1a: Lapras|Dragon Dance|p1a: Lapras\n|-boost|p1a: Lapras|atk|1\n|-boost|p1a: Lapras|spe|1\n|move|p2a: Garganacl|Body Press|p1a: Lapras\n|-supereffective|p1a: Lapras\n|-damage|p1a: Lapras|29\/100\n|\n|-heal|p2a: Garganacl|86\/100|[from] item: Leftovers\n|upkeep\n|turn|17\n|\n|t:|1700269755\n|move|p1a: Lapras|Waterfall|p2a: Garganacl\n|-supereffective|p2a: Garganacl\n|-damage|p2a: Garganacl|0 fnt\n|faint|p2a: Garganacl\n|\n|upkeep\n|\n|t:|1700269758\n|switch|p2a: Sneasler|Sneasler, F, tera:Flying|100\/100\n|turn|18\n|\n|t:|1700269761\n|move|p2a: Sneasler|Fake Out|p1a: Lapras\n|-damage|p1a: Lapras|12\/100\n|cant|p1a: Lapras|flinch\n|\n|upkeep\n|turn|19\n|\n|t:|1700269765\n|move|p1a: Lapras|Waterfall|p2a: Sneasler\n|-damage|p2a: Sneasler|0 fnt\n|faint|p2a: Sneasler\n|\n|win|Vvbttij\n|raw|Vvbttij's rating: 1162 &rarr; <strong>1191<\/strong><br \/>(+29 for winning)\n|raw|KAILI071222's rating: 1224 &rarr; <strong>1195<\/strong><br \/>(-29 for losing)\n|c|\u2606Vvbttij|Vg\n|c|\u2606Vvbttij|gg\n","uploadtime":1700269772,"views":6,"p1id":"vvbttij","p2id":"kaili071222","formatid":"gen9nationaldex","rating":1191,"private":0,"password":""}