{"id":"gen9nationaldex-1999115890","p1":"Neitor el 08","p2":"JasperSDx","format":"[Gen 9] National Dex","log":"|html|<div class=\"broadcast-blue\"><strong>[Gen 9] National Dex is currently suspecting Sneasler! For information on how to participate check out the <a href=\"https:\/\/www.smogon.com\/forums\/threads\/sv-national-dex-suspect-8-just-dance.3731534\/\">suspect thread<\/a>.<\/strong><\/div>\n|j|\u2606Neitor el 08\n|j|\u2606JasperSDx\n|t:|1701034822\n|gametype|singles\n|player|p1|Neitor el 08|red|\n|player|p2|JasperSDx|169|\n|teamsize|p1|6\n|teamsize|p2|6\n|gen|9\n|tier|[Gen 9] National Dex\n|rule|HP Percentage Mod: HP is shown in percentages\n|rule|Endless Battle Clause: Forcing endless battles is banned\n|rule|OHKO Clause: OHKO moves are banned\n|rule|Evasion Clause: Evasion abilities, items, and moves are banned\n|rule|Evasion Abilities Clause: Evasion abilities are banned\n|rule|Evasion Items Clause: Evasion items are banned\n|rule|Evasion Moves Clause: Evasion moves are banned\n|rule|Species Clause: Limit one of each Pok\u00e9mon\n|rule|Sleep Clause Mod: Limit one foe put to sleep\n|clearpoke\n|poke|p1|Typhlosion-Hisui, M|\n|poke|p1|Scizor, M|\n|poke|p1|Ursaluna, M|\n|poke|p1|Enamorus, F|\n|poke|p1|Quagsire, M|\n|poke|p1|Porygon2|\n|poke|p2|Naclstack, F|\n|poke|p2|Iron Jugulis|\n|poke|p2|Iron Valiant|\n|poke|p2|Clodsire, M|\n|poke|p2|Dondozo, M|\n|poke|p2|Maushold-Four|\n|teampreview\n|c|\u2606Neitor el 08|suerte\n|\n|t:|1701034847\n|start\n|switch|p1a: Pat\u00e9tico Glu Glu|Porygon2|100\/100\n|switch|p2a: Clodsire|Clodsire, M|100\/100\n|turn|1\n|\n|t:|1701034853\n|move|p2a: Clodsire|Toxic|p1a: Pat\u00e9tico Glu Glu\n|-status|p1a: Pat\u00e9tico Glu Glu|tox\n|move|p1a: Pat\u00e9tico Glu Glu|Teleport|p1a: Pat\u00e9tico Glu Glu\n|\n|t:|1701034860\n|switch|p1a: Cogeortos|Ursaluna, M|100\/100|[from] Teleport\n|\n|-status|p1a: Cogeortos|brn|[from] item: Flame Orb\n|upkeep\n|turn|2\n|\n|t:|1701034887\n|switch|p2a: Naclstack|Naclstack, F|100\/100\n|move|p1a: Cogeortos|Facade|p2a: Naclstack\n|-resisted|p2a: Naclstack\n|-damage|p2a: Naclstack|59\/100\n|\n|-damage|p1a: Cogeortos|94\/100 brn|[from] brn\n|upkeep\n|turn|3\n|\n|t:|1701034895\n|-terastallize|p2a: Naclstack|Water\n|move|p1a: Cogeortos|Drain Punch|p2a: Naclstack\n|-damage|p2a: Naclstack|29\/100\n|-heal|p1a: Cogeortos|100\/100 brn|[from] drain|[of] p2a: Naclstack\n|move|p2a: Naclstack|Iron Defense|p2a: Naclstack\n|-boost|p2a: Naclstack|def|2\n|\n|-damage|p1a: Cogeortos|94\/100 brn|[from] brn\n|upkeep\n|turn|4\n|\n|t:|1701034904\n|move|p1a: Cogeortos|Facade|p2a: Naclstack\n|-damage|p2a: Naclstack|0 fnt\n|faint|p2a: Naclstack\n|\n|-damage|p1a: Cogeortos|88\/100 brn|[from] brn\n|upkeep\n|\n|t:|1701034909\n|switch|p2a: Iron Valiant|Iron Valiant|100\/100\n|-enditem|p2a: Iron Valiant|Booster Energy\n|-activate|p2a: Iron Valiant|ability: Quark Drive|[fromitem]\n|-start|p2a: Iron Valiant|quarkdrivespe\n|turn|5\n|\n|t:|1701034925\n|switch|p1a: Pat\u00e9tico Glu Glu|Porygon2|100\/100 tox\n|move|p2a: Iron Valiant|Focus Blast|p1a: Pat\u00e9tico Glu Glu|[miss]\n|-miss|p2a: Iron Valiant|p1a: Pat\u00e9tico Glu Glu\n|\n|-damage|p1a: Pat\u00e9tico Glu Glu|94\/100 tox|[from] psn\n|upkeep\n|turn|6\n|\n|t:|1701034933\n|move|p2a: Iron Valiant|Focus Blast|p1a: Pat\u00e9tico Glu Glu\n|-supereffective|p1a: Pat\u00e9tico Glu Glu\n|-damage|p1a: Pat\u00e9tico Glu Glu|45\/100 tox\n|move|p1a: Pat\u00e9tico Glu Glu|Toxic|p2a: Iron Valiant\n|-status|p2a: Iron Valiant|tox\n|\n|-damage|p2a: Iron Valiant|94\/100 tox|[from] psn\n|-damage|p1a: Pat\u00e9tico Glu Glu|32\/100 tox|[from] psn\n|upkeep\n|turn|7\n|\n|t:|1701034942\n|switch|p1a: Fumao|Typhlosion-Hisui, M|100\/100\n|move|p2a: Iron Valiant|Moonblast|p1a: Fumao\n|-resisted|p1a: Fumao\n|-damage|p1a: Fumao|71\/100\n|\n|-damage|p2a: Iron Valiant|82\/100 tox|[from] psn\n|upkeep\n|turn|8\n|\n|t:|1701034950\n|-end|p2a: Iron Valiant|Quark Drive|[silent]\n|switch|p2a: Clodsire|Clodsire, M|100\/100\n|switch|p1a: Pat\u00e9tico Glu Glu|Porygon2|32\/100 tox\n|\n|-damage|p1a: Pat\u00e9tico Glu Glu|26\/100 tox|[from] psn\n|upkeep\n|turn|9\n|\n|t:|1701034959\n|switch|p2a: Maushold|Maushold-Four|100\/100\n|move|p1a: Pat\u00e9tico Glu Glu|Recover|p1a: Pat\u00e9tico Glu Glu\n|-heal|p1a: Pat\u00e9tico Glu Glu|76\/100 tox\n|\n|-damage|p1a: Pat\u00e9tico Glu Glu|64\/100 tox|[from] psn\n|upkeep\n|turn|10\n|\n|t:|1701034965\n|move|p2a: Maushold|Tidy Up|p2a: Maushold\n|-boost|p2a: Maushold|atk|1\n|-boost|p2a: Maushold|spe|1\n|move|p1a: Pat\u00e9tico Glu Glu|Toxic|p2a: Maushold\n|-status|p2a: Maushold|tox\n|\n|-damage|p2a: Maushold|94\/100 tox|[from] psn\n|-damage|p1a: Pat\u00e9tico Glu Glu|45\/100 tox|[from] psn\n|upkeep\n|turn|11\n|\n|t:|1701034973\n|move|p2a: Maushold|Population Bomb|p1a: Pat\u00e9tico Glu Glu\n|-damage|p1a: Pat\u00e9tico Glu Glu|34\/100 tox\n|-damage|p1a: Pat\u00e9tico Glu Glu|23\/100 tox\n|-damage|p1a: Pat\u00e9tico Glu Glu|13\/100 tox\n|-crit|p1a: Pat\u00e9tico Glu Glu\n|-damage|p1a: Pat\u00e9tico Glu Glu|0 fnt\n|faint|p1a: Pat\u00e9tico Glu Glu\n|-hitcount|p1: Pat\u00e9tico Glu Glu|4\n|\n|-damage|p2a: Maushold|82\/100 tox|[from] psn\n|upkeep\n|\n|t:|1701034983\n|switch|p1a: Me la pelas|Quagsire, M|100\/100\n|turn|12\n|\n|t:|1701034985\n|move|p2a: Maushold|Population Bomb|p1a: Me la pelas\n|-damage|p1a: Me la pelas|92\/100\n|-damage|p2a: Maushold|65\/100 tox|[from] item: Rocky Helmet|[of] p1a: Me la pelas\n|-crit|p1a: Me la pelas\n|-damage|p1a: Me la pelas|80\/100\n|-damage|p2a: Maushold|49\/100 tox|[from] item: Rocky Helmet|[of] p1a: Me la pelas\n|-damage|p1a: Me la pelas|72\/100\n|-damage|p2a: Maushold|32\/100 tox|[from] item: Rocky Helmet|[of] p1a: Me la pelas\n|-crit|p1a: Me la pelas\n|-damage|p1a: Me la pelas|59\/100\n|-damage|p2a: Maushold|15\/100 tox|[from] item: Rocky Helmet|[of] p1a: Me la pelas\n|-damage|p1a: Me la pelas|52\/100\n|-damage|p2a: Maushold|0 fnt|[from] item: Rocky Helmet|[of] p1a: Me la pelas\n|faint|p2a: Maushold\n|-hitcount|p1a: Me la pelas|5\n|move|p1a: Me la pelas|Stealth Rock|p2: Maushold\n|-sidestart|p2: JasperSDx|move: Stealth Rock\n|\n|upkeep\n|\n|t:|1701034996\n|switch|p2a: Iron Jugulis|Iron Jugulis|100\/100\n|-damage|p2a: Iron Jugulis|76\/100|[from] Stealth Rock\n|turn|13\n|\n|t:|1701035006\n|move|p2a: Iron Jugulis|Hurricane|p1a: Me la pelas\n|-damage|p1a: Me la pelas|0 fnt\n|faint|p1a: Me la pelas\n|\n|upkeep\n|\n|t:|1701035014\n|switch|p1a: Fumao|Typhlosion-Hisui, M|71\/100\n|-item|p2a: Iron Jugulis|Choice Specs|[from] ability: Frisk|[of] p1a: Fumao|[identify]\n|turn|14\n|\n|t:|1701035020\n|move|p1a: Fumao|Flamethrower|p2a: Iron Jugulis\n|-damage|p2a: Iron Jugulis|25\/100\n|move|p2a: Iron Jugulis|Hurricane|p1a: Fumao|[miss]\n|-miss|p2a: Iron Jugulis|p1a: Fumao\n|\n|upkeep\n|turn|15\n|\n|t:|1701035026\n|-end|p2a: Iron Jugulis|Quark Drive|[silent]\n|switch|p2a: Clodsire|Clodsire, M|100\/100\n|-damage|p2a: Clodsire|94\/100|[from] Stealth Rock\n|move|p1a: Fumao|Flamethrower|p2a: Clodsire\n|-damage|p2a: Clodsire|69\/100\n|\n|-heal|p2a: Clodsire|76\/100|[from] item: Black Sludge\n|upkeep\n|turn|16\n|\n|t:|1701035035\n|switch|p1a: Choca esos 5|Scizor, M|100\/100\n|move|p2a: Clodsire|Earthquake|p1a: Choca esos 5\n|-damage|p1a: Choca esos 5|76\/100\n|\n|-heal|p2a: Clodsire|82\/100|[from] item: Black Sludge\n|upkeep\n|turn|17\n|\n|t:|1701035050\n|switch|p1a: Cogeortos|Ursaluna, M|88\/100 brn\n|move|p2a: Clodsire|Earthquake|p1a: Cogeortos\n|-damage|p1a: Cogeortos|70\/100 brn\n|\n|-heal|p2a: Clodsire|88\/100|[from] item: Black Sludge\n|-damage|p1a: Cogeortos|63\/100 brn|[from] brn\n|upkeep\n|turn|18\n|\n|t:|1701035059\n|switch|p2a: Iron Jugulis|Iron Jugulis|25\/100\n|-damage|p2a: Iron Jugulis|0 fnt|[from] Stealth Rock\n|faint|p2a: Iron Jugulis\n|-end|p2a: Iron Jugulis|Quark Drive|[silent]\n|move|p1a: Cogeortos|Drain Punch|p2: Iron Jugulis|[notarget]\n|-fail|p1a: Cogeortos\n|\n|-damage|p1a: Cogeortos|57\/100 brn|[from] brn\n|upkeep\n|\n|t:|1701035062\n|switch|p2a: Iron Valiant|Iron Valiant|82\/100 tox\n|-damage|p2a: Iron Valiant|76\/100 tox|[from] Stealth Rock\n|turn|19\n|\n|t:|1701035083\n|switch|p1a: Fumao|Typhlosion-Hisui, M|71\/100\n|move|p2a: Iron Valiant|Moonblast|p1a: Fumao\n|-resisted|p1a: Fumao\n|-damage|p1a: Fumao|40\/100\n|\n|-damage|p2a: Iron Valiant|69\/100 tox|[from] psn\n|upkeep\n|turn|20\n|\n|t:|1701035091\n|-end|p2a: Iron Valiant|Quark Drive|[silent]\n|switch|p2a: Clodsire|Clodsire, M|88\/100\n|-damage|p2a: Clodsire|82\/100|[from] Stealth Rock\n|move|p1a: Fumao|Shadow Ball|p2a: Clodsire\n|-damage|p2a: Clodsire|60\/100\n|-unboost|p2a: Clodsire|spd|1\n|\n|-heal|p2a: Clodsire|66\/100|[from] item: Black Sludge\n|upkeep\n|turn|21\n|\n|t:|1701035101\n|switch|p1a: Cupido|Enamorus, F|100\/100\n|switch|p2a: Iron Valiant|Iron Valiant|69\/100 tox\n|-damage|p2a: Iron Valiant|63\/100 tox|[from] Stealth Rock\n|\n|-damage|p2a: Iron Valiant|57\/100 tox|[from] psn\n|upkeep\n|turn|22\n|\n|t:|1701035112\n|move|p2a: Iron Valiant|Thunderbolt|p1a: Cupido\n|-supereffective|p1a: Cupido\n|-damage|p1a: Cupido|14\/100\n|move|p1a: Cupido|Moonblast|p2a: Iron Valiant\n|-supereffective|p2a: Iron Valiant\n|-damage|p2a: Iron Valiant|0 fnt\n|faint|p2a: Iron Valiant\n|-end|p2a: Iron Valiant|Quark Drive|[silent]\n|\n|upkeep\n|\n|t:|1701035118\n|switch|p2a: Clodsire|Clodsire, M|66\/100\n|-damage|p2a: Clodsire|60\/100|[from] Stealth Rock\n|turn|23\n|\n|t:|1701035122\n|move|p1a: Cupido|Earth Power|p2a: Clodsire\n|-supereffective|p2a: Clodsire\n|-damage|p2a: Clodsire|19\/100\n|move|p2a: Clodsire|Earthquake|p1a: Cupido\n|-immune|p1a: Cupido\n|\n|-heal|p2a: Clodsire|25\/100|[from] item: Black Sludge\n|upkeep\n|turn|24\n|c|\u2606JasperSDx|Miss\n|\n|t:|1701035130\n|move|p1a: Cupido|Earth Power|p2a: Clodsire\n|-supereffective|p2a: Clodsire\n|-damage|p2a: Clodsire|0 fnt\n|faint|p2a: Clodsire\n|\n|upkeep\n|\n|t:|1701035134\n|switch|p2a: Dondozo|Dondozo, M|100\/100\n|-damage|p2a: Dondozo|88\/100|[from] Stealth Rock\n|turn|25\n|c|\u2606Neitor el 08|vaya\n|\n|t:|1701035149\n|move|p1a: Cupido|Moonblast|p2a: Dondozo\n|-damage|p2a: Dondozo|42\/100\n|-unboost|p2a: Dondozo|spa|1\n|move|p2a: Dondozo|Curse|p2a: Dondozo\n|-unboost|p2a: Dondozo|spe|1\n|-boost|p2a: Dondozo|atk|1\n|-boost|p2a: Dondozo|def|1\n|\n|-heal|p2a: Dondozo|48\/100|[from] item: Leftovers\n|upkeep\n|turn|26\n|\n|t:|1701035158\n|move|p1a: Cupido|Moonblast|p2a: Dondozo\n|-damage|p2a: Dondozo|1\/100\n|move|p2a: Dondozo|Curse|p2a: Dondozo\n|-unboost|p2a: Dondozo|spe|1\n|-boost|p2a: Dondozo|atk|1\n|-boost|p2a: Dondozo|def|1\n|\n|-heal|p2a: Dondozo|7\/100|[from] item: Leftovers\n|upkeep\n|turn|27\n|\n|t:|1701035166\n|move|p1a: Cupido|Moonblast|p2a: Dondozo\n|-damage|p2a: Dondozo|0 fnt\n|faint|p2a: Dondozo\n|\n|win|Neitor el 08\n|c|\u2606Neitor el 08|gg\n","uploadtime":1701035172,"views":14,"p1id":"neitorel08","p2id":"jaspersdx","formatid":"gen9nationaldex","rating":0,"private":0,"password":""}