{"id":"gen9nationaldex-1990864310","p1":"micplayz","p2":"erik shawn","format":"[Gen 9] National Dex","log":"|j|\u2606micplayz\n|j|\u2606erik shawn\n|t:|1700008988\n|gametype|singles\n|player|p1|micplayz|giovanni|1162\n|player|p2|erik shawn|169|1205\n|teamsize|p1|6\n|teamsize|p2|6\n|gen|9\n|tier|[Gen 9] National Dex\n|rated|\n|rule|HP Percentage Mod: HP is shown in percentages\n|rule|Endless Battle Clause: Forcing endless battles is banned\n|rule|OHKO Clause: OHKO moves are banned\n|rule|Evasion Clause: Evasion abilities, items, and moves are banned\n|rule|Evasion Abilities Clause: Evasion abilities are banned\n|rule|Evasion Items Clause: Evasion items are banned\n|rule|Evasion Moves Clause: Evasion moves are banned\n|rule|Species Clause: Limit one of each Pok\u00e9mon\n|rule|Sleep Clause Mod: Limit one foe put to sleep\n|clearpoke\n|poke|p1|Indeedee-F, F|\n|poke|p1|Armarouge, F|\n|poke|p1|Polteageist-Antique|\n|poke|p1|Hatterene, F|\n|poke|p1|Volcarona, F|\n|poke|p1|Great Tusk|\n|poke|p2|Charizard, M|\n|poke|p2|Sandy Shocks|\n|poke|p2|Venusaur, M|\n|poke|p2|Torkoal, M|\n|poke|p2|Hatterene, F|\n|poke|p2|Great Tusk|\n|teampreview\n|inactive|Battle timer is ON: inactive players will automatically lose when time's up. (requested by micplayz)\n|\n|t:|1700009003\n|start\n|switch|p1a: Indeedee|Indeedee-F, F|100\/100\n|switch|p2a: Charizard|Charizard, M|100\/100\n|-fieldstart|move: Psychic Terrain|[from] ability: Psychic Surge|[of] p1a: Indeedee\n|turn|1\n|\n|t:|1700009015\n|switch|p1a: Great Tusk|Great Tusk|100\/100\n|detailschange|p2a: Charizard|Charizard-Mega-Y, M\n|-mega|p2a: Charizard|Charizard|Charizardite Y\n|-weather|SunnyDay|[from] ability: Drought|[of] p2a: Charizard\n|-activate|p1a: Great Tusk|ability: Protosynthesis\n|-start|p1a: Great Tusk|protosynthesisatk\n|move|p2a: Charizard|Blaze Kick|p1a: Great Tusk\n|-crit|p1a: Great Tusk\n|-damage|p1a: Great Tusk|36\/100\n|-damage|p2a: Charizard|84\/100|[from] item: Rocky Helmet|[of] p1a: Great Tusk\n|\n|-weather|SunnyDay|[upkeep]\n|upkeep\n|turn|2\n|\n|t:|1700009031\n|move|p2a: Charizard|Blaze Kick|p1a: Great Tusk\n|-damage|p1a: Great Tusk|0 fnt\n|-damage|p2a: Charizard|68\/100|[from] item: Rocky Helmet|[of] p1a: Great Tusk\n|faint|p1a: Great Tusk\n|-end|p1a: Great Tusk|Protosynthesis|[silent]\n|\n|-weather|SunnyDay|[upkeep]\n|upkeep\n|\n|t:|1700009039\n|switch|p1a: Hatterene|Hatterene, F|100\/100\n|turn|3\n|\n|t:|1700009045\n|move|p2a: Charizard|Blaze Kick|p1a: Hatterene\n|-damage|p1a: Hatterene|56\/100\n|move|p1a: Hatterene|Psyshock|p2a: Charizard\n|-damage|p2a: Charizard|0 fnt\n|faint|p2a: Charizard\n|\n|-weather|SunnyDay|[upkeep]\n|-heal|p1a: Hatterene|62\/100|[from] item: Leftovers\n|upkeep\n|\n|t:|1700009050\n|switch|p2a: Venusaur|Venusaur, M|100\/100\n|turn|4\n|\n|t:|1700009069\n|-terastallize|p2a: Venusaur|Dark\n|move|p2a: Venusaur|Swords Dance|p2a: Venusaur\n|-boost|p2a: Venusaur|atk|2\n|move|p1a: Hatterene|Psyshock|p2a: Venusaur\n|-immune|p2a: Venusaur\n|\n|-weather|SunnyDay|[upkeep]\n|-heal|p1a: Hatterene|68\/100|[from] item: Leftovers\n|upkeep\n|turn|5\n|\n|t:|1700009082\n|move|p2a: Venusaur|Knock Off|p1a: Hatterene\n|-damage|p1a: Hatterene|0 fnt\n|-enditem|p1a: Hatterene|Leftovers|[from] move: Knock Off|[of] p2a: Venusaur\n|faint|p1a: Hatterene\n|-damage|p2a: Venusaur|91\/100|[from] item: Life Orb\n|\n|-weather|none\n|upkeep\n|\n|t:|1700009099\n|switch|p1a: Volcarona|Volcarona, F|100\/100\n|turn|6\n|\n|t:|1700009104\n|switch|p2a: Torkoal|Torkoal, M|100\/100\n|-weather|SunnyDay|[from] ability: Drought|[of] p2a: Torkoal\n|move|p1a: Volcarona|Bug Buzz|p2a: Torkoal\n|-resisted|p2a: Torkoal\n|-damage|p2a: Torkoal|68\/100\n|\n|-weather|SunnyDay|[upkeep]\n|upkeep\n|turn|7\n|\n|t:|1700009120\n|switch|p1a: Armarouge|Armarouge, F|100\/100\n|move|p2a: Torkoal|Eruption|p1a: Armarouge\n|-resisted|p1a: Armarouge\n|-damage|p1a: Armarouge|49\/100\n|\n|-weather|SunnyDay|[upkeep]\n|upkeep\n|turn|8\n|\n|t:|1700009130\n|switch|p2a: Hatterene|Hatterene, F|100\/100\n|move|p1a: Armarouge|Expanding Force|p2a: Hatterene\n|-resisted|p2a: Hatterene\n|-damage|p2a: Hatterene|56\/100\n|\n|-weather|SunnyDay|[upkeep]\n|-heal|p2a: Hatterene|62\/100|[from] item: Leftovers\n|-fieldend|move: Psychic Terrain\n|upkeep\n|turn|9\n|\n|t:|1700009140\n|move|p1a: Armarouge|Armor Cannon|p2a: Hatterene\n|-damage|p2a: Hatterene|0 fnt\n|-unboost|p1a: Armarouge|def|1\n|-unboost|p1a: Armarouge|spd|1\n|faint|p2a: Hatterene\n|\n|-weather|SunnyDay|[upkeep]\n|upkeep\n|\n|t:|1700009145\n|switch|p2a: Venusaur|Venusaur, M, tera:Dark|91\/100\n|turn|10\n|\n|t:|1700009157\n|move|p2a: Venusaur|Knock Off|p1a: Armarouge\n|-supereffective|p1a: Armarouge\n|-damage|p1a: Armarouge|0 fnt\n|-enditem|p1a: Armarouge|Focus Sash|[from] move: Knock Off|[of] p2a: Venusaur\n|faint|p1a: Armarouge\n|-damage|p2a: Venusaur|81\/100|[from] item: Life Orb\n|\n|-weather|none\n|upkeep\n|\n|t:|1700009167\n|switch|p1a: Volcarona|Volcarona, F|100\/100\n|turn|11\n|\n|t:|1700009174\n|switch|p2a: Torkoal|Torkoal, M|68\/100\n|-weather|SunnyDay|[from] ability: Drought|[of] p2a: Torkoal\n|move|p1a: Volcarona|Quiver Dance|p1a: Volcarona\n|-boost|p1a: Volcarona|spa|1\n|-boost|p1a: Volcarona|spd|1\n|-boost|p1a: Volcarona|spe|1\n|\n|-weather|SunnyDay|[upkeep]\n|upkeep\n|turn|12\n|\n|t:|1700009189\n|move|p1a: Volcarona|Bug Buzz|p2a: Torkoal\n|-resisted|p2a: Torkoal\n|-damage|p2a: Torkoal|20\/100\n|move|p2a: Torkoal|Sludge Bomb|p1a: Volcarona\n|-damage|p1a: Volcarona|75\/100\n|\n|-weather|SunnyDay|[upkeep]\n|upkeep\n|turn|13\n|\n|t:|1700009197\n|move|p1a: Volcarona|Bug Buzz|p2a: Torkoal\n|-resisted|p2a: Torkoal\n|-damage|p2a: Torkoal|0 fnt\n|faint|p2a: Torkoal\n|\n|-weather|SunnyDay|[upkeep]\n|upkeep\n|\n|t:|1700009199\n|switch|p2a: Venusaur|Venusaur, M, tera:Dark|81\/100\n|turn|14\n|\n|t:|1700009208\n|move|p2a: Venusaur|Knock Off|p1a: Volcarona\n|-damage|p1a: Volcarona|0 fnt\n|-enditem|p1a: Volcarona|Focus Sash|[from] move: Knock Off|[of] p2a: Venusaur\n|faint|p1a: Volcarona\n|-damage|p2a: Venusaur|71\/100|[from] item: Life Orb\n|\n|-weather|SunnyDay|[upkeep]\n|upkeep\n|\n|t:|1700009215\n|switch|p1a: Polteageist|Polteageist-Antique|100\/100\n|turn|15\n|\n|t:|1700009222\n|-terastallize|p1a: Polteageist|Fighting\n|move|p2a: Venusaur|Knock Off|p1a: Polteageist\n|-resisted|p1a: Polteageist\n|-damage|p1a: Polteageist|52\/100\n|-ability|p1a: Polteageist|Weak Armor|boost\n|-unboost|p1a: Polteageist|def|1\n|-boost|p1a: Polteageist|spe|2\n|-enditem|p1a: Polteageist|Focus Sash|[from] move: Knock Off|[of] p2a: Venusaur\n|-damage|p2a: Venusaur|61\/100|[from] item: Life Orb\n|move|p1a: Polteageist|Tera Blast|p2a: Venusaur|[anim] Tera Blast Fighting\n|-supereffective|p2a: Venusaur\n|-damage|p2a: Venusaur|0 fnt\n|faint|p2a: Venusaur\n|\n|-weather|none\n|upkeep\n|\n|t:|1700009230\n|switch|p2a: Great Tusk|Great Tusk|100\/100\n|turn|16\n|\n|t:|1700009242\n|switch|p1a: Indeedee|Indeedee-F, F|100\/100\n|-fieldstart|move: Psychic Terrain|[from] ability: Psychic Surge|[of] p1a: Indeedee\n|move|p2a: Great Tusk|Close Combat|p1a: Indeedee\n|-damage|p1a: Indeedee|11\/100\n|-unboost|p2a: Great Tusk|def|1\n|-unboost|p2a: Great Tusk|spd|1\n|\n|upkeep\n|turn|17\n|\n|t:|1700009256\n|move|p1a: Indeedee|Healing Wish|p1a: Indeedee\n|faint|p1a: Indeedee\n|move|p2a: Great Tusk|Rapid Spin|p1: Indeedee|[notarget]\n|-fail|p2a: Great Tusk\n|\n|upkeep\n|\n|t:|1700009262\n|switch|p1a: Polteageist|Polteageist-Antique, tera:Fighting|52\/100\n|-heal|p1a: Polteageist|100\/100|[from] move: Healing Wish\n|turn|18\n|\n|t:|1700009269\n|move|p1a: Polteageist|Shell Smash|p1a: Polteageist\n|-unboost|p1a: Polteageist|def|1\n|-unboost|p1a: Polteageist|spd|1\n|-boost|p1a: Polteageist|atk|2\n|-boost|p1a: Polteageist|spa|2\n|-boost|p1a: Polteageist|spe|2\n|move|p2a: Great Tusk|Close Combat|p1a: Polteageist\n|-damage|p1a: Polteageist|0 fnt\n|-unboost|p2a: Great Tusk|def|1\n|-unboost|p2a: Great Tusk|spd|1\n|faint|p1a: Polteageist\n|\n|win|erik shawn\n|raw|micplayz's rating: 1162 &rarr; <strong>1140<\/strong><br \/>(-22 for losing)\n|raw|erik shawn's rating: 1205 &rarr; <strong>1227<\/strong><br \/>(+22 for winning)\n|l|\u2606micplayz\n","uploadtime":1700009284,"views":10,"p1id":"micplayz","p2id":"erikshawn","formatid":"gen9nationaldex","rating":1140,"private":0,"password":""}