{"id":"gen9nationaldex-1989682864","p1":"Myuuian strats","p2":"Nanayy","format":"[Gen 9] National Dex","log":"|j|\u2606Myuuian strats\n|j|\u2606Nanayy\n|t:|1699886491\n|gametype|singles\n|player|p1|Myuuian strats|lucas|1031\n|player|p2|Nanayy|169|1127\n|teamsize|p1|6\n|teamsize|p2|6\n|gen|9\n|tier|[Gen 9] National Dex\n|rated|\n|rule|HP Percentage Mod: HP is shown in percentages\n|rule|Endless Battle Clause: Forcing endless battles is banned\n|rule|OHKO Clause: OHKO moves are banned\n|rule|Evasion Clause: Evasion abilities, items, and moves are banned\n|rule|Evasion Abilities Clause: Evasion abilities are banned\n|rule|Evasion Items Clause: Evasion items are banned\n|rule|Evasion Moves Clause: Evasion moves are banned\n|rule|Species Clause: Limit one of each Pok\u00e9mon\n|rule|Sleep Clause Mod: Limit one foe put to sleep\n|clearpoke\n|poke|p1|Conkeldurr, M|\n|poke|p1|Infernape, F|\n|poke|p1|Ogerpon-Wellspring, F|\n|poke|p1|Victreebel, M|\n|poke|p1|Empoleon, F|\n|poke|p1|Ribombee, M|\n|poke|p2|Blaziken, F|\n|poke|p2|Grimmsnarl, M|\n|poke|p2|Cinccino, M|\n|poke|p2|Reuniclus, M|\n|poke|p2|Mawile, M|\n|poke|p2|Heracross, M|\n|teampreview\n|inactive|Battle timer is ON: inactive players will automatically lose when time's up. (requested by Myuuian strats)\n|\n|t:|1699886499\n|start\n|switch|p1a: Ribombee|Ribombee, M|100\/100\n|switch|p2a: Grimmsnarl|Grimmsnarl, M|100\/100\n|turn|1\n|\n|t:|1699886513\n|move|p2a: Grimmsnarl|Thunder Wave|p1a: Ribombee\n|-status|p1a: Ribombee|par\n|move|p1a: Ribombee|Stun Spore|p2a: Grimmsnarl\n|-status|p2a: Grimmsnarl|par\n|\n|upkeep\n|turn|2\n|\n|t:|1699886520\n|move|p2a: Grimmsnarl|Light Screen|p2a: Grimmsnarl\n|-sidestart|p2: Nanayy|move: Light Screen\n|move|p1a: Ribombee|Sticky Web|p2a: Grimmsnarl\n|-sidestart|p2: Nanayy|move: Sticky Web\n|\n|upkeep\n|turn|3\n|\n|t:|1699886527\n|move|p2a: Grimmsnarl|Reflect|p2a: Grimmsnarl\n|-sidestart|p2: Nanayy|Reflect\n|move|p1a: Ribombee|Moonblast|p2a: Grimmsnarl\n|-supereffective|p2a: Grimmsnarl\n|-damage|p2a: Grimmsnarl|71\/100 par\n|\n|upkeep\n|turn|4\n|\n|t:|1699886554\n|move|p2a: Grimmsnarl|Parting Shot|p1a: Ribombee\n|-unboost|p1a: Ribombee|atk|1\n|-unboost|p1a: Ribombee|spa|1\n|\n|t:|1699886578\n|switch|p2a: Mawile|Mawile, M|100\/100|[from] Parting Shot\n|-activate|p2a: Mawile|move: Sticky Web\n|-unboost|p2a: Mawile|spe|1\n|move|p1a: Ribombee|Moonblast|p2a: Mawile\n|-resisted|p2a: Mawile\n|-damage|p2a: Mawile|88\/100\n|\n|upkeep\n|turn|5\n|\n|t:|1699886598\n|switch|p1a: Victreebel|Victreebel, M|100\/100\n|move|p2a: Mawile|Swords Dance|p2a: Mawile\n|-boost|p2a: Mawile|atk|2\n|\n|upkeep\n|turn|6\n|inactive|Nanayy has 120 seconds left.\n|\n|t:|1699886616\n|detailschange|p2a: Mawile|Mawile-Mega, M\n|-mega|p2a: Mawile|Mawile|Mawilite\n|move|p1a: Victreebel|Strength Sap|p2a: Mawile\n|-unboost|p2a: Mawile|atk|1\n|move|p2a: Mawile|Play Rough|p1a: Victreebel|[miss]\n|-miss|p2a: Mawile|p1a: Victreebel\n|\n|upkeep\n|turn|7\n|\n|t:|1699886629\n|move|p1a: Victreebel|Strength Sap|p2a: Mawile\n|-unboost|p2a: Mawile|atk|1\n|move|p2a: Mawile|Swords Dance|p2a: Mawile\n|-boost|p2a: Mawile|atk|2\n|\n|upkeep\n|turn|8\n|\n|t:|1699886640\n|move|p1a: Victreebel|Giga Drain|p2a: Mawile\n|-resisted|p2a: Mawile\n|-damage|p2a: Mawile|80\/100\n|move|p2a: Mawile|Play Rough|p1a: Victreebel\n|-resisted|p1a: Victreebel\n|-damage|p1a: Victreebel|22\/100\n|-unboost|p1a: Victreebel|atk|1\n|-enditem|p1a: Victreebel|Petaya Berry|[eat]\n|-boost|p1a: Victreebel|spa|1|[from] item: Petaya Berry\n|\n|upkeep\n|turn|9\n|\n|t:|1699886647\n|move|p1a: Victreebel|Strength Sap|p2a: Mawile\n|-unboost|p2a: Mawile|atk|1\n|-heal|p1a: Victreebel|100\/100\n|move|p2a: Mawile|Play Rough|p1a: Victreebel\n|-resisted|p1a: Victreebel\n|-damage|p1a: Victreebel|38\/100\n|\n|-sideend|p2: Nanayy|move: Light Screen\n|upkeep\n|turn|10\n|\n|t:|1699886658\n|move|p1a: Victreebel|Strength Sap|p2a: Mawile\n|-unboost|p2a: Mawile|atk|1\n|-heal|p1a: Victreebel|100\/100\n|move|p2a: Mawile|Swords Dance|p2a: Mawile\n|-boost|p2a: Mawile|atk|2\n|\n|-sideend|p2: Nanayy|Reflect\n|upkeep\n|turn|11\n|\n|t:|1699886665\n|move|p1a: Victreebel|Strength Sap|p2a: Mawile\n|-unboost|p2a: Mawile|atk|1\n|move|p2a: Mawile|Swords Dance|p2a: Mawile\n|-boost|p2a: Mawile|atk|2\n|\n|upkeep\n|turn|12\n|\n|t:|1699886676\n|move|p1a: Victreebel|Giga Drain|p2a: Mawile\n|-resisted|p2a: Mawile\n|-damage|p2a: Mawile|58\/100\n|move|p2a: Mawile|Swords Dance|p2a: Mawile\n|-boost|p2a: Mawile|atk|2\n|\n|upkeep\n|turn|13\n|\n|t:|1699886681\n|move|p1a: Victreebel|Giga Drain|p2a: Mawile\n|-resisted|p2a: Mawile\n|-damage|p2a: Mawile|36\/100\n|move|p2a: Mawile|Play Rough|p1a: Victreebel\n|-resisted|p1a: Victreebel\n|-damage|p1a: Victreebel|0 fnt\n|faint|p1a: Victreebel\n|\n|upkeep\n|\n|t:|1699886695\n|switch|p1a: Infernape|Infernape, F|100\/100\n|turn|14\n|\n|t:|1699886701\n|move|p1a: Infernape|Substitute|p1a: Infernape\n|-start|p1a: Infernape|Substitute\n|-damage|p1a: Infernape|76\/100\n|move|p2a: Mawile|Play Rough|p1a: Infernape|[miss]\n|-miss|p2a: Mawile|p1a: Infernape\n|\n|-heal|p1a: Infernape|82\/100|[from] item: Leftovers\n|upkeep\n|turn|15\n|\n|t:|1699886706\n|move|p1a: Infernape|Aura Sphere|p2a: Mawile\n|-damage|p2a: Mawile|0 fnt\n|faint|p2a: Mawile\n|\n|-heal|p1a: Infernape|88\/100|[from] item: Leftovers\n|upkeep\n|\n|t:|1699886728\n|switch|p2a: Reuniclus|Reuniclus, M|100\/100\n|-activate|p2a: Reuniclus|move: Sticky Web\n|-unboost|p2a: Reuniclus|spe|1\n|turn|16\n|\n|t:|1699886737\n|move|p1a: Infernape|Nasty Plot|p1a: Infernape\n|-boost|p1a: Infernape|spa|2\n|move|p2a: Reuniclus|Psyshock|p1a: Infernape\n|-supereffective|p1a: Infernape\n|-end|p1a: Infernape|Substitute\n|\n|-heal|p1a: Infernape|94\/100|[from] item: Leftovers\n|upkeep\n|turn|17\n|\n|t:|1699886747\n|-terastallize|p1a: Infernape|Fire\n|move|p1a: Infernape|Fire Blast|p2a: Reuniclus|[miss]\n|-miss|p1a: Infernape|p2a: Reuniclus\n|move|p2a: Reuniclus|Calm Mind|p2a: Reuniclus\n|-boost|p2a: Reuniclus|spa|1\n|-boost|p2a: Reuniclus|spd|1\n|\n|-heal|p1a: Infernape|99\/100|[from] item: Leftovers\n|upkeep\n|turn|18\n|\n|t:|1699886756\n|move|p1a: Infernape|Fire Blast|p2a: Reuniclus\n|-damage|p2a: Reuniclus|10\/100\n|move|p2a: Reuniclus|Psyshock|p1a: Infernape\n|-damage|p1a: Infernape|26\/100\n|\n|-heal|p1a: Infernape|33\/100|[from] item: Leftovers\n|-heal|p2a: Reuniclus|16\/100|[from] item: Leftovers\n|upkeep\n|turn|19\n|\n|t:|1699886769\n|move|p1a: Infernape|Aura Sphere|p2a: Reuniclus\n|-resisted|p2a: Reuniclus\n|-damage|p2a: Reuniclus|0 fnt\n|faint|p2a: Reuniclus\n|\n|-heal|p1a: Infernape|39\/100|[from] item: Leftovers\n|upkeep\n|\n|t:|1699886782\n|switch|p2a: Grimmsnarl|Grimmsnarl, M|71\/100 par\n|-activate|p2a: Grimmsnarl|move: Sticky Web\n|-unboost|p2a: Grimmsnarl|spe|1\n|turn|20\n|\n|t:|1699886786\n|move|p2a: Grimmsnarl|Thunder Wave|p1a: Infernape\n|-status|p1a: Infernape|par\n|move|p1a: Infernape|Fire Blast|p2a: Grimmsnarl\n|-damage|p2a: Grimmsnarl|0 fnt\n|faint|p2a: Grimmsnarl\n|\n|-heal|p1a: Infernape|45\/100 par|[from] item: Leftovers\n|upkeep\n|\n|t:|1699886793\n|switch|p2a: Blaziken|Blaziken, F|100\/100\n|-activate|p2a: Blaziken|move: Sticky Web\n|-unboost|p2a: Blaziken|spe|1\n|turn|21\n|\n|t:|1699886806\n|move|p2a: Blaziken|Substitute|p2a: Blaziken\n|-start|p2a: Blaziken|Substitute\n|-damage|p2a: Blaziken|76\/100\n|move|p1a: Infernape|Substitute|p1a: Infernape\n|-start|p1a: Infernape|Substitute\n|-damage|p1a: Infernape|20\/100 par\n|\n|-heal|p1a: Infernape|26\/100 par|[from] item: Leftovers\n|-ability|p2a: Blaziken|Speed Boost|boost\n|-boost|p2a: Blaziken|spe|1\n|upkeep\n|turn|22\n|\n|t:|1699886815\n|move|p2a: Blaziken|Swagger||[still]\n|-fail|p2a: Blaziken\n|cant|p1a: Infernape|par\n|\n|-heal|p1a: Infernape|32\/100 par|[from] item: Leftovers\n|-ability|p2a: Blaziken|Speed Boost|boost\n|-boost|p2a: Blaziken|spe|1\n|upkeep\n|turn|23\n|\n|t:|1699886821\n|move|p2a: Blaziken|Acrobatics|p1a: Infernape\n|-end|p1a: Infernape|Substitute\n|move|p1a: Infernape|Aura Sphere|p2a: Blaziken\n|-end|p2a: Blaziken|Substitute\n|\n|-heal|p1a: Infernape|38\/100 par|[from] item: Leftovers\n|-ability|p2a: Blaziken|Speed Boost|boost\n|-boost|p2a: Blaziken|spe|1\n|upkeep\n|turn|24\n|\n|t:|1699886832\n|-terastallize|p2a: Blaziken|Flying\n|move|p2a: Blaziken|Swagger|p1a: Infernape\n|-boost|p1a: Infernape|atk|2\n|-enditem|p2a: Blaziken|Mirror Herb\n|-boost|p2a: Blaziken|atk|2|[from] item: Mirror Herb\n|-start|p1a: Infernape|confusion\n|-activate|p1a: Infernape|confusion\n|-damage|p1a: Infernape|14\/100 par|[from] confusion\n|\n|-heal|p1a: Infernape|21\/100 par|[from] item: Leftovers\n|-ability|p2a: Blaziken|Speed Boost|boost\n|-boost|p2a: Blaziken|spe|1\n|upkeep\n|turn|25\n|\n|t:|1699886845\n|move|p2a: Blaziken|Acrobatics|p1a: Infernape\n|-damage|p1a: Infernape|0 fnt\n|faint|p1a: Infernape\n|\n|-ability|p2a: Blaziken|Speed Boost|boost\n|-boost|p2a: Blaziken|spe|1\n|upkeep\n|\n|t:|1699886851\n|switch|p1a: Ribombee|Ribombee, M|100\/100 par\n|turn|26\n|\n|t:|1699886860\n|move|p2a: Blaziken|Acrobatics|p1a: Ribombee\n|-supereffective|p1a: Ribombee\n|-enditem|p1a: Ribombee|Focus Sash\n|-damage|p1a: Ribombee|1\/100 par\n|move|p1a: Ribombee|Stun Spore|p2a: Blaziken\n|-status|p2a: Blaziken|par\n|\n|-ability|p2a: Blaziken|Speed Boost|boost\n|-boost|p2a: Blaziken|spe|1\n|upkeep\n|turn|27\n|\n|t:|1699886876\n|move|p2a: Blaziken|Acrobatics|p1a: Ribombee\n|-supereffective|p1a: Ribombee\n|-damage|p1a: Ribombee|0 fnt\n|faint|p1a: Ribombee\n|\n|-ability|p2a: Blaziken|Speed Boost|boost\n|-boost|p2a: Blaziken|spe|1\n|upkeep\n|\n|t:|1699886886\n|switch|p1a: Ogerpon|Ogerpon-Wellspring, F|100\/100\n|turn|28\n|\n|t:|1699886894\n|cant|p2a: Blaziken|par\n|move|p1a: Ogerpon|Ivy Cudgel|p2a: Blaziken\n|-damage|p2a: Blaziken|0 fnt\n|faint|p2a: Blaziken\n|\n|upkeep\n|\n|t:|1699886902\n|switch|p2a: Heracross|Heracross, M|100\/100\n|-activate|p2a: Heracross|move: Sticky Web\n|-unboost|p2a: Heracross|spe|1\n|turn|29\n|\n|t:|1699886907\n|move|p1a: Ogerpon|U-turn|p2a: Heracross\n|-resisted|p2a: Heracross\n|-damage|p2a: Heracross|79\/100\n|\n|t:|1699886912\n|switch|p1a: Celia|Empoleon, F|100\/100|[from] U-turn\n|move|p2a: Heracross|Trailblaze|p1a: Celia\n|-damage|p1a: Celia|81\/100\n|-boost|p2a: Heracross|spe|1\n|\n|-heal|p1a: Celia|87\/100|[from] item: Leftovers\n|upkeep\n|turn|30\n|\n|t:|1699886921\n|move|p2a: Heracross|Trailblaze|p1a: Celia\n|-damage|p1a: Celia|67\/100\n|-boost|p2a: Heracross|spe|1\n|move|p1a: Celia|Toxic|p2a: Heracross\n|-status|p2a: Heracross|tox\n|\n|-heal|p1a: Celia|73\/100|[from] item: Leftovers\n|-damage|p2a: Heracross|73\/100 tox|[from] psn\n|upkeep\n|turn|31\n|\n|t:|1699886926\n|move|p2a: Heracross|Close Combat|p1a: Celia\n|-supereffective|p1a: Celia\n|-damage|p1a: Celia|0 fnt\n|-unboost|p2a: Heracross|def|1\n|-unboost|p2a: Heracross|spd|1\n|faint|p1a: Celia\n|-ability|p2a: Heracross|Moxie|boost\n|-boost|p2a: Heracross|atk|1\n|\n|-damage|p2a: Heracross|61\/100 tox|[from] psn\n|upkeep\n|\n|t:|1699886930\n|switch|p1a: Ogerpon|Ogerpon-Wellspring, F|100\/100\n|turn|32\n|\n|t:|1699886952\n|move|p2a: Heracross|Bullet Seed|p1a: Ogerpon\n|-damage|p1a: Ogerpon|82\/100\n|-damage|p1a: Ogerpon|65\/100\n|-damage|p1a: Ogerpon|47\/100\n|-damage|p1a: Ogerpon|31\/100\n|-damage|p1a: Ogerpon|15\/100\n|-hitcount|p1a: Ogerpon|5\n|move|p1a: Ogerpon|Ivy Cudgel|p2a: Heracross\n|-damage|p2a: Heracross|0 fnt\n|faint|p2a: Heracross\n|\n|upkeep\n|\n|t:|1699886959\n|switch|p2a: Cinccino|Cinccino, M|100\/100\n|-activate|p2a: Cinccino|move: Sticky Web\n|-unboost|p2a: Cinccino|spe|1\n|turn|33\n|\n|t:|1699886969\n|move|p1a: Ogerpon|Ivy Cudgel|p2a: Cinccino\n|-damage|p2a: Cinccino|0 fnt\n|faint|p2a: Cinccino\n|\n|win|Myuuian strats\n|raw|Myuuian strats's rating: 1031 &rarr; <strong>1076<\/strong><br \/>(+45 for winning)\n|raw|Nanayy's rating: 1127 &rarr; <strong>1095<\/strong><br \/>(-32 for losing)\n","uploadtime":1699886976,"views":4,"p1id":"myuuianstrats","p2id":"nanayy","formatid":"gen9nationaldex","rating":1076,"private":0,"password":""}