{"id":"gen9nationaldex-1998555665","p1":"i like serperior","p2":"NDSNEZyedropwhen","format":"[Gen 9] National Dex","log":"|html|<div class=\"broadcast-blue\"><strong>[Gen 9] National Dex is currently suspecting Sneasler! For information on how to participate check out the <a href=\"https:\/\/www.smogon.com\/forums\/threads\/sv-national-dex-suspect-8-just-dance.3731534\/\">suspect thread<\/a>.<\/strong><\/div>\n|j|\u2606i like serperior\n|j|\u2606NDSNEZyedropwhen\n|t:|1700955844\n|gametype|singles\n|player|p1|i like serperior|colress|1719\n|player|p2|NDSNEZyedropwhen|adaman|1571\n|teamsize|p1|6\n|teamsize|p2|6\n|gen|9\n|tier|[Gen 9] National Dex\n|rated|\n|rule|HP Percentage Mod: HP is shown in percentages\n|rule|Endless Battle Clause: Forcing endless battles is banned\n|rule|OHKO Clause: OHKO moves are banned\n|rule|Evasion Clause: Evasion abilities, items, and moves are banned\n|rule|Evasion Abilities Clause: Evasion abilities are banned\n|rule|Evasion Items Clause: Evasion items are banned\n|rule|Evasion Moves Clause: Evasion moves are banned\n|rule|Species Clause: Limit one of each Pok\u00e9mon\n|rule|Sleep Clause Mod: Limit one foe put to sleep\n|clearpoke\n|poke|p1|Hatterene, F|\n|poke|p1|Houndoom, M|\n|poke|p1|Torkoal, F|\n|poke|p1|Great Tusk|\n|poke|p1|Rillaboom, M|\n|poke|p1|Darmanitan, F|\n|poke|p2|Toxapex, F|\n|poke|p2|Dondozo, F|\n|poke|p2|Gliscor, M|\n|poke|p2|Blissey, F|\n|poke|p2|Corviknight, M|\n|poke|p2|Tyranitar, M|\n|teampreview\n|\n|t:|1700955857\n|start\n|switch|p1a: Supernova|Darmanitan, F|100\/100\n|switch|p2a: Gliscor|Gliscor, M|100\/100\n|turn|1\n|\n|t:|1700955859\n|move|p2a: Gliscor|Protect|p2a: Gliscor\n|-singleturn|p2a: Gliscor|Protect\n|move|p1a: Supernova|Flare Blitz|p2a: Gliscor\n|-activate|p2a: Gliscor|move: Protect\n|\n|-status|p2a: Gliscor|tox|[from] item: Toxic Orb\n|upkeep\n|turn|2\n|\n|t:|1700955875\n|-terastallize|p1a: Supernova|Fire\n|move|p1a: Supernova|Flare Blitz|p2a: Gliscor\n|-damage|p2a: Gliscor|2\/100 tox\n|-damage|p1a: Supernova|68\/100|[from] Recoil\n|move|p2a: Gliscor|Earthquake|p1a: Supernova\n|-supereffective|p1a: Supernova\n|-damage|p1a: Supernova|0 fnt\n|faint|p1a: Supernova\n|\n|-heal|p2a: Gliscor|15\/100 tox|[from] ability: Poison Heal\n|upkeep\n|\n|t:|1700955885\n|switch|p1a: Thermonuclear|Houndoom, M, shiny|100\/100\n|turn|3\n|\n|t:|1700955895\n|move|p2a: Gliscor|Protect|p2a: Gliscor\n|-singleturn|p2a: Gliscor|Protect\n|move|p1a: Thermonuclear|Dark Pulse|p2a: Gliscor\n|-activate|p2a: Gliscor|move: Protect\n|\n|-heal|p2a: Gliscor|27\/100 tox|[from] ability: Poison Heal\n|upkeep\n|turn|4\n|\n|t:|1700955900\n|switch|p2a: Tyranitar|Tyranitar, M|100\/100\n|-weather|Sandstorm|[from] ability: Sand Stream|[of] p2a: Tyranitar\n|detailschange|p1a: Thermonuclear|Houndoom-Mega, M, shiny\n|-mega|p1a: Thermonuclear|Houndoom|Houndoominite\n|move|p1a: Thermonuclear|Fire Blast|p2a: Tyranitar\n|-resisted|p2a: Tyranitar\n|-damage|p2a: Tyranitar|87\/100\n|\n|-weather|Sandstorm|[upkeep]\n|-damage|p1a: Thermonuclear|94\/100|[from] Sandstorm\n|upkeep\n|turn|5\n|\n|t:|1700955907\n|switch|p1a: Velika|Great Tusk|100\/100\n|move|p2a: Tyranitar|Rest|p2a: Tyranitar\n|-status|p2a: Tyranitar|slp|[from] move: Rest\n|-heal|p2a: Tyranitar|100\/100 slp|[silent]\n|\n|-weather|Sandstorm|[upkeep]\n|upkeep\n|turn|6\n|c|\u2606NDSNEZyedropwhen|fuck misclick\n|\n|t:|1700955913\n|switch|p2a: Corviknight|Corviknight, M|100\/100\n|-ability|p2a: Corviknight|Pressure\n|move|p1a: Velika|Bulk Up|p1a: Velika\n|-boost|p1a: Velika|atk|1\n|-boost|p1a: Velika|def|1\n|\n|-weather|Sandstorm|[upkeep]\n|upkeep\n|turn|7\n|\n|t:|1700955918\n|switch|p2a: Dondozo|Dondozo, F|100\/100\n|move|p1a: Velika|Close Combat|p2a: Dondozo\n|-crit|p2a: Dondozo\n|-damage|p2a: Dondozo|59\/100\n|-unboost|p1a: Velika|def|1\n|-unboost|p1a: Velika|spd|1\n|\n|-weather|Sandstorm|[upkeep]\n|-damage|p2a: Dondozo|53\/100|[from] Sandstorm\n|upkeep\n|turn|8\n|j| analysis geek\n|\n|t:|1700955928\n|move|p1a: Velika|Close Combat|p2a: Dondozo\n|-damage|p2a: Dondozo|25\/100\n|-unboost|p1a: Velika|def|1\n|-unboost|p1a: Velika|spd|1\n|move|p2a: Dondozo|Rest|p2a: Dondozo\n|-status|p2a: Dondozo|slp|[from] move: Rest\n|-heal|p2a: Dondozo|100\/100 slp|[silent]\n|\n|-weather|none\n|upkeep\n|turn|9\n|\n|t:|1700955933\n|-end|p1a: Velika|Protosynthesis|[silent]\n|switch|p1a: Vesuvius|Torkoal, F, shiny|100\/100\n|-weather|SunnyDay|[from] ability: Drought|[of] p1a: Vesuvius\n|cant|p2a: Dondozo|slp\n|move|p2a: Dondozo|Sleep Talk|p2a: Dondozo\n|move|p2a: Dondozo|Body Press|p1a: Vesuvius|[from]move: Sleep Talk\n|-damage|p1a: Vesuvius|81\/100\n|\n|-weather|SunnyDay|[upkeep]\n|upkeep\n|turn|10\n|\n|t:|1700955942\n|switch|p2a: Tyranitar|Tyranitar, M|100\/100 slp\n|-weather|Sandstorm|[from] ability: Sand Stream|[of] p2a: Tyranitar\n|switch|p1a: Thermonuclear|Houndoom-Mega, M, shiny|94\/100\n|\n|-weather|Sandstorm|[upkeep]\n|-damage|p1a: Thermonuclear|88\/100|[from] Sandstorm\n|upkeep\n|turn|11\n|\n|t:|1700955948\n|switch|p1a: King mong|Rillaboom, M|100\/100\n|-fieldstart|move: Grassy Terrain|[from] ability: Grassy Surge|[of] p1a: King mong\n|-enditem|p1a: King mong|Grassy Seed\n|-boost|p1a: King mong|def|1|[from] item: Grassy Seed\n|cant|p2a: Tyranitar|slp\n|\n|-weather|Sandstorm|[upkeep]\n|-damage|p1a: King mong|94\/100|[from] Sandstorm\n|-heal|p1a: King mong|100\/100|[from] Grassy Terrain\n|upkeep\n|turn|12\n|\n|t:|1700955954\n|switch|p2a: Corviknight|Corviknight, M|100\/100\n|-ability|p2a: Corviknight|Pressure\n|move|p1a: King mong|Swords Dance|p1a: King mong\n|-boost|p1a: King mong|atk|2\n|\n|-weather|Sandstorm|[upkeep]\n|-damage|p1a: King mong|94\/100|[from] Sandstorm\n|-heal|p1a: King mong|100\/100|[from] Grassy Terrain\n|upkeep\n|turn|13\n|\n|t:|1700955961\n|switch|p2a: Gliscor|Gliscor, M|27\/100 tox\n|move|p1a: King mong|Drain Punch|p2a: Gliscor\n|-resisted|p2a: Gliscor\n|-damage|p2a: Gliscor|11\/100 tox\n|\n|-weather|Sandstorm|[upkeep]\n|-damage|p1a: King mong|94\/100|[from] Sandstorm\n|-heal|p1a: King mong|100\/100|[from] Grassy Terrain\n|-heal|p2a: Gliscor|24\/100 tox|[from] ability: Poison Heal\n|upkeep\n|turn|14\n|\n|t:|1700955967\n|move|p1a: King mong|Grassy Glide|p2a: Gliscor\n|-damage|p2a: Gliscor|0 fnt\n|faint|p2a: Gliscor\n|\n|-weather|none\n|upkeep\n|\n|t:|1700955990\n|switch|p2a: Toxapex|Toxapex, F|100\/100\n|turn|15\n|\n|t:|1700955993\n|move|p1a: King mong|Grassy Glide|p2a: Toxapex\n|-damage|p2a: Toxapex|50\/100\n|move|p2a: Toxapex|Toxic|p1a: King mong\n|-status|p1a: King mong|tox\n|\n|-heal|p2a: Toxapex|56\/100|[from] Grassy Terrain\n|-damage|p1a: King mong|94\/100 tox|[from] psn\n|-fieldend|move: Grassy Terrain\n|upkeep\n|turn|16\n|\n|t:|1700955998\n|move|p1a: King mong|Swords Dance|p1a: King mong\n|-boost|p1a: King mong|atk|2\n|move|p2a: Toxapex|Recover|p2a: Toxapex\n|-heal|p2a: Toxapex|100\/100\n|\n|-damage|p1a: King mong|82\/100 tox|[from] psn\n|upkeep\n|turn|17\n|\n|t:|1700956001\n|move|p2a: Toxapex|Baneful Bunker|p2a: Toxapex\n|-singleturn|p2a: Toxapex|move: Protect\n|move|p1a: King mong|Acrobatics|p2a: Toxapex\n|-activate|p2a: Toxapex|move: Protect\n|\n|-damage|p1a: King mong|64\/100 tox|[from] psn\n|upkeep\n|turn|18\n|\n|t:|1700956012\n|move|p1a: King mong|Acrobatics|p2a: Toxapex\n|-damage|p2a: Toxapex|23\/100\n|move|p2a: Toxapex|Recover|p2a: Toxapex\n|-heal|p2a: Toxapex|73\/100\n|\n|-damage|p1a: King mong|40\/100 tox|[from] psn\n|upkeep\n|turn|19\n|\n|t:|1700956018\n|move|p1a: King mong|Swords Dance|p1a: King mong\n|-boost|p1a: King mong|atk|2\n|move|p2a: Toxapex|Knock Off|p1a: King mong\n|-damage|p1a: King mong|33\/100 tox\n|\n|-damage|p1a: King mong|3\/100 tox|[from] psn\n|upkeep\n|turn|20\n|\n|t:|1700956022\n|switch|p1a: Vesuvius|Torkoal, F, shiny|81\/100\n|-weather|SunnyDay|[from] ability: Drought|[of] p1a: Vesuvius\n|move|p2a: Toxapex|Baneful Bunker||[still]\n|-fail|p2a: Toxapex\n|\n|-weather|SunnyDay|[upkeep]\n|upkeep\n|turn|21\n|\n|t:|1700956025\n|move|p2a: Toxapex|Toxic|p1a: Vesuvius\n|-status|p1a: Vesuvius|tox\n|move|p1a: Vesuvius|Earth Power|p2a: Toxapex\n|-supereffective|p2a: Toxapex\n|-damage|p2a: Toxapex|43\/100\n|\n|-weather|SunnyDay|[upkeep]\n|-damage|p1a: Vesuvius|75\/100 tox|[from] psn\n|upkeep\n|turn|22\n|\n|t:|1700956030\n|switch|p1a: Re-router|Hatterene, F, shiny|100\/100\n|move|p2a: Toxapex|Recover|p2a: Toxapex\n|-heal|p2a: Toxapex|93\/100\n|\n|-weather|SunnyDay|[upkeep]\n|upkeep\n|turn|23\n|\n|t:|1700956033\n|switch|p2a: Blissey|Blissey, F|100\/100\n|move|p1a: Re-router|Aromatherapy|p1a: Re-router\n|-activate|p1a: Re-router|move: Aromatherapy\n|-curestatus|p1: King mong|tox|[msg]\n|-curestatus|p1: Vesuvius|tox|[msg]\n|\n|-weather|SunnyDay|[upkeep]\n|upkeep\n|turn|24\n|\n|t:|1700956039\n|move|p2a: Blissey|Calm Mind|p2a: Blissey\n|-boost|p2a: Blissey|spa|1\n|-boost|p2a: Blissey|spd|1\n|move|p1a: Re-router|Nuzzle|p2a: Blissey\n|-damage|p2a: Blissey|94\/100\n|-status|p2a: Blissey|par\n|\n|-weather|SunnyDay|[upkeep]\n|upkeep\n|turn|25\n|\n|t:|1700956043\n|switch|p1a: Velika|Great Tusk|100\/100\n|-activate|p1a: Velika|ability: Protosynthesis\n|-start|p1a: Velika|protosynthesisatk\n|move|p2a: Blissey|Seismic Toss|p1a: Velika\n|-damage|p1a: Velika|74\/100\n|\n|-weather|SunnyDay|[upkeep]\n|-heal|p1a: Velika|80\/100|[from] item: Leftovers\n|upkeep\n|turn|26\n|\n|t:|1700956059\n|-curestatus|p2a: Blissey|par|[from] ability: Natural Cure\n|switch|p2a: Tyranitar|Tyranitar, M|100\/100 slp\n|-weather|Sandstorm|[from] ability: Sand Stream|[of] p2a: Tyranitar\n|-end|p1a: Velika|Protosynthesis\n|move|p1a: Velika|Headlong Rush|p2a: Tyranitar\n|-supereffective|p2a: Tyranitar\n|-damage|p2a: Tyranitar|5\/100 slp\n|-unboost|p1a: Velika|def|1\n|-unboost|p1a: Velika|spd|1\n|\n|-weather|Sandstorm|[upkeep]\n|-heal|p1a: Velika|86\/100|[from] item: Leftovers\n|upkeep\n|turn|27\n|\n|t:|1700956068\n|move|p1a: Velika|Rapid Spin|p2a: Tyranitar\n|-resisted|p2a: Tyranitar\n|-damage|p2a: Tyranitar|0 fnt\n|-boost|p1a: Velika|spe|1\n|faint|p2a: Tyranitar\n|\n|-weather|Sandstorm|[upkeep]\n|-heal|p1a: Velika|92\/100|[from] item: Leftovers\n|upkeep\n|\n|t:|1700956077\n|switch|p2a: Corviknight|Corviknight, M|100\/100\n|-ability|p2a: Corviknight|Pressure\n|turn|28\n|\n|t:|1700956083\n|-end|p1a: Velika|Protosynthesis|[silent]\n|switch|p1a: Vesuvius|Torkoal, F, shiny|75\/100\n|-weather|SunnyDay|[from] ability: Drought|[of] p1a: Vesuvius\n|move|p2a: Corviknight|Iron Head|p1a: Vesuvius\n|-resisted|p1a: Vesuvius\n|-damage|p1a: Vesuvius|67\/100\n|\n|-weather|SunnyDay|[upkeep]\n|upkeep\n|turn|29\n|\n|t:|1700956092\n|switch|p2a: Toxapex|Toxapex, F|100\/100\n|switch|p1a: Thermonuclear|Houndoom-Mega, M, shiny|88\/100\n|\n|-weather|SunnyDay|[upkeep]\n|-damage|p1a: Thermonuclear|76\/100|[from] ability: Solar Power|[of] p1a: Thermonuclear\n|upkeep\n|turn|30\n|\n|t:|1700956101\n|move|p1a: Thermonuclear|Nasty Plot|p1a: Thermonuclear\n|-boost|p1a: Thermonuclear|spa|2\n|move|p2a: Toxapex|Toxic|p1a: Thermonuclear\n|-status|p1a: Thermonuclear|tox\n|\n|-weather|SunnyDay|[upkeep]\n|-damage|p1a: Thermonuclear|64\/100 tox|[from] ability: Solar Power|[of] p1a: Thermonuclear\n|-damage|p1a: Thermonuclear|57\/100 tox|[from] psn\n|upkeep\n|turn|31\n|\n|t:|1700956104\n|move|p2a: Toxapex|Baneful Bunker|p2a: Toxapex\n|-singleturn|p2a: Toxapex|move: Protect\n|move|p1a: Thermonuclear|Fire Blast|p2a: Toxapex\n|-activate|p2a: Toxapex|move: Protect\n|\n|-weather|SunnyDay|[upkeep]\n|-damage|p1a: Thermonuclear|45\/100 tox|[from] ability: Solar Power|[of] p1a: Thermonuclear\n|-damage|p1a: Thermonuclear|33\/100 tox|[from] psn\n|upkeep\n|turn|32\n|\n|t:|1700956111\n|move|p1a: Thermonuclear|Fire Blast|p2a: Toxapex\n|-resisted|p2a: Toxapex\n|-damage|p2a: Toxapex|0 fnt\n|faint|p2a: Toxapex\n|\n|-weather|SunnyDay|[upkeep]\n|-damage|p1a: Thermonuclear|20\/100 tox|[from] ability: Solar Power|[of] p1a: Thermonuclear\n|-damage|p1a: Thermonuclear|2\/100 tox|[from] psn\n|upkeep\n|\n|t:|1700956115\n|switch|p2a: Corviknight|Corviknight, M|100\/100\n|-ability|p2a: Corviknight|Pressure\n|turn|33\n|\n|t:|1700956118\n|switch|p1a: Re-router|Hatterene, F, shiny|100\/100\n|move|p2a: Corviknight|Protect||[still]\n|-fail|p2a: Corviknight\n|\n|-weather|SunnyDay|[upkeep]\n|upkeep\n|turn|34\n|\n|t:|1700956121\n|move|p2a: Corviknight|Iron Head|p1a: Re-router\n|-supereffective|p1a: Re-router\n|-damage|p1a: Re-router|55\/100\n|move|p1a: Re-router|Healing Wish|p1a: Re-router\n|faint|p1a: Re-router\n|\n|-weather|SunnyDay|[upkeep]\n|upkeep\n|\n|t:|1700956123\n|switch|p1a: Thermonuclear|Houndoom-Mega, M, shiny|2\/100 tox\n|-heal|p1a: Thermonuclear|100\/100|[from] move: Healing Wish\n|turn|35\n|\n|t:|1700956126\n|switch|p2a: Blissey|Blissey, F|94\/100\n|move|p1a: Thermonuclear|Fire Blast|p2a: Blissey\n|-damage|p2a: Blissey|54\/100\n|\n|-weather|none\n|upkeep\n|turn|36\n|\n|t:|1700956130\n|switch|p1a: Velika|Great Tusk|92\/100\n|move|p2a: Blissey|Stealth Rock|p1a: Velika\n|-sidestart|p1: i like serperior|move: Stealth Rock\n|\n|-heal|p1a: Velika|98\/100|[from] item: Leftovers\n|upkeep\n|turn|37\n|\n|t:|1700956134\n|switch|p2a: Corviknight|Corviknight, M|100\/100\n|-ability|p2a: Corviknight|Pressure\n|move|p1a: Velika|Bulk Up|p1a: Velika\n|-boost|p1a: Velika|atk|1\n|-boost|p1a: Velika|def|1\n|\n|-heal|p1a: Velika|100\/100|[from] item: Leftovers\n|upkeep\n|turn|38\n|\n|t:|1700956145\n|switch|p2a: Dondozo|Dondozo, F|100\/100 slp\n|move|p1a: Velika|Rapid Spin|p2a: Dondozo\n|-damage|p2a: Dondozo|93\/100 slp\n|-boost|p1a: Velika|spe|1\n|-sideend|p1: i like serperior|Stealth Rock|[from] move: Rapid Spin|[of] p1a: Velika\n|\n|upkeep\n|turn|39\n|\n|t:|1700956150\n|move|p1a: Velika|Close Combat|p2a: Dondozo\n|-damage|p2a: Dondozo|64\/100 slp\n|-unboost|p1a: Velika|def|1\n|-unboost|p1a: Velika|spd|1\n|cant|p2a: Dondozo|slp\n|move|p2a: Dondozo|Sleep Talk|p2a: Dondozo\n|move|p2a: Dondozo|Body Press|p1a: Velika|[from]move: Sleep Talk\n|-damage|p1a: Velika|80\/100\n|\n|-heal|p1a: Velika|86\/100|[from] item: Leftovers\n|upkeep\n|turn|40\n|\n|t:|1700956154\n|move|p1a: Velika|Close Combat|p2a: Dondozo\n|-damage|p2a: Dondozo|35\/100 slp\n|-unboost|p1a: Velika|def|1\n|-unboost|p1a: Velika|spd|1\n|-curestatus|p2a: Dondozo|slp|[msg]\n|move|p2a: Dondozo|Curse|p2a: Dondozo\n|-unboost|p2a: Dondozo|spe|1\n|-boost|p2a: Dondozo|atk|1\n|-boost|p2a: Dondozo|def|1\n|\n|-heal|p1a: Velika|92\/100|[from] item: Leftovers\n|upkeep\n|turn|41\n|\n|t:|1700956158\n|-end|p1a: Velika|Protosynthesis|[silent]\n|switch|p1a: Vesuvius|Torkoal, F, shiny|67\/100\n|-weather|SunnyDay|[from] ability: Drought|[of] p1a: Vesuvius\n|move|p2a: Dondozo|Body Press|p1a: Vesuvius\n|-damage|p1a: Vesuvius|36\/100\n|\n|-weather|SunnyDay|[upkeep]\n|upkeep\n|turn|42\n|\n|t:|1700956161\n|switch|p1a: King mong|Rillaboom, M|3\/100\n|-fieldstart|move: Grassy Terrain|[from] ability: Grassy Surge|[of] p1a: King mong\n|move|p2a: Dondozo|Rest|p2a: Dondozo\n|-status|p2a: Dondozo|slp|[from] move: Rest\n|-heal|p2a: Dondozo|100\/100 slp|[silent]\n|\n|-weather|SunnyDay|[upkeep]\n|-heal|p1a: King mong|9\/100|[from] Grassy Terrain\n|upkeep\n|turn|43\n|\n|t:|1700956166\n|move|p1a: King mong|Grassy Glide|p2a: Dondozo\n|-supereffective|p2a: Dondozo\n|-damage|p2a: Dondozo|77\/100 slp\n|cant|p2a: Dondozo|slp\n|move|p2a: Dondozo|Sleep Talk|p2a: Dondozo\n|move|p2a: Dondozo|Rest||[from]move: Sleep Talk|[still]\n|-fail|p2a: Dondozo\n|\n|-weather|SunnyDay|[upkeep]\n|-heal|p1a: King mong|15\/100|[from] Grassy Terrain\n|-heal|p2a: Dondozo|84\/100 slp|[from] Grassy Terrain\n|upkeep\n|turn|44\n|\n|t:|1700956177\n|move|p1a: King mong|Grassy Glide|p2a: Dondozo\n|-supereffective|p2a: Dondozo\n|-damage|p2a: Dondozo|59\/100 slp\n|cant|p2a: Dondozo|slp\n|move|p2a: Dondozo|Sleep Talk|p2a: Dondozo\n|move|p2a: Dondozo|Curse|p2a: Dondozo|[from]move: Sleep Talk\n|-unboost|p2a: Dondozo|spe|1\n|-boost|p2a: Dondozo|atk|1\n|-boost|p2a: Dondozo|def|1\n|\n|-weather|SunnyDay|[upkeep]\n|-heal|p1a: King mong|21\/100|[from] Grassy Terrain\n|-heal|p2a: Dondozo|65\/100 slp|[from] Grassy Terrain\n|upkeep\n|turn|45\n|\n|t:|1700956181\n|move|p1a: King mong|Grassy Glide|p2a: Dondozo\n|-supereffective|p2a: Dondozo\n|-damage|p2a: Dondozo|47\/100 slp\n|-curestatus|p2a: Dondozo|slp|[msg]\n|move|p2a: Dondozo|Curse|p2a: Dondozo\n|-unboost|p2a: Dondozo|spe|1\n|-boost|p2a: Dondozo|atk|1\n|-boost|p2a: Dondozo|def|1\n|\n|-weather|SunnyDay|[upkeep]\n|-heal|p1a: King mong|27\/100|[from] Grassy Terrain\n|-heal|p2a: Dondozo|53\/100|[from] Grassy Terrain\n|upkeep\n|turn|46\n|\n|t:|1700956183\n|switch|p1a: Thermonuclear|Houndoom-Mega, M, shiny|100\/100\n|move|p2a: Dondozo|Rest|p2a: Dondozo\n|-status|p2a: Dondozo|slp|[from] move: Rest\n|-heal|p2a: Dondozo|100\/100 slp|[silent]\n|\n|-weather|SunnyDay|[upkeep]\n|-damage|p1a: Thermonuclear|88\/100|[from] ability: Solar Power|[of] p1a: Thermonuclear\n|-heal|p1a: Thermonuclear|94\/100|[from] Grassy Terrain\n|-fieldend|move: Grassy Terrain\n|upkeep\n|turn|47\n|\n|t:|1700956189\n|move|p1a: Thermonuclear|Nasty Plot|p1a: Thermonuclear\n|-boost|p1a: Thermonuclear|spa|2\n|cant|p2a: Dondozo|slp\n|move|p2a: Dondozo|Sleep Talk|p2a: Dondozo\n|move|p2a: Dondozo|Body Press|p1a: Thermonuclear|[from]move: Sleep Talk\n|-supereffective|p1a: Thermonuclear\n|-damage|p1a: Thermonuclear|0 fnt\n|faint|p1a: Thermonuclear\n|\n|-weather|SunnyDay|[upkeep]\n|upkeep\n|-message|i like serperior forfeited.\n|\n|win|NDSNEZyedropwhen\n|raw|i like serperior's rating: 1719 &rarr; <strong>1691<\/strong><br \/>(-28 for losing)\n|raw|NDSNEZyedropwhen's rating: 1571 &rarr; <strong>1599<\/strong><br \/>(+28 for winning)\n|l|\u2606i like serperior\n","uploadtime":1700956197,"views":1,"p1id":"ilikeserperior","p2id":"ndsnezyedropwhen","formatid":"gen9nationaldex","rating":1599,"private":0,"password":""}