{"id":"gen9nationaldex-1987254413","p1":"AutumnCookie","p2":"kpoc12","format":"[Gen 9] National Dex","log":"|j|\u2606AutumnCookie\n|j|\u2606kpoc12\n|t:|1699569869\n|gametype|singles\n|player|p1|AutumnCookie|barry|\n|player|p2|kpoc12|lucas-gen4pt|\n|teamsize|p1|6\n|teamsize|p2|6\n|gen|9\n|tier|[Gen 9] National Dex\n|rule|HP Percentage Mod: HP is shown in percentages\n|rule|Endless Battle Clause: Forcing endless battles is banned\n|rule|OHKO Clause: OHKO moves are banned\n|rule|Evasion Clause: Evasion abilities, items, and moves are banned\n|rule|Evasion Abilities Clause: Evasion abilities are banned\n|rule|Evasion Items Clause: Evasion items are banned\n|rule|Evasion Moves Clause: Evasion moves are banned\n|rule|Species Clause: Limit one of each Pok\u00e9mon\n|rule|Sleep Clause Mod: Limit one foe put to sleep\n|clearpoke\n|poke|p1|Infernape, M|\n|poke|p1|Staraptor, M|\n|poke|p1|Floatzel, M|\n|poke|p1|Heracross, M|\n|poke|p1|Snorlax, M|\n|poke|p1|Roserade, M|\n|poke|p2|Torterra, F|\n|poke|p2|Gallade, M|\n|poke|p2|Luxray, M|\n|poke|p2|Spiritomb, F|\n|poke|p2|Flareon, M|\n|poke|p2|Gastrodon, M|\n|teampreview\n|\n|t:|1699569892\n|start\n|switch|p1a: Roserade|Roserade, M|100\/100\n|switch|p2a: Flareon|Flareon, M|100\/100\n|turn|1\n|\n|t:|1699569903\n|move|p1a: Roserade|Stun Spore|p2a: Flareon\n|-status|p2a: Flareon|par\n|cant|p2a: Flareon|par\n|\n|upkeep\n|turn|2\n|c|\u2606AutumnCookie|OH MY GOD\n|j| parkle\n|c| parkle|hewwo\n|\n|t:|1699569938\n|move|p1a: Roserade|Spikes|p2a: Flareon\n|-sidestart|p2: kpoc12|Spikes\n|move|p2a: Flareon|Yawn|p1a: Roserade\n|-start|p1a: Roserade|move: Yawn|[of] p2a: Flareon\n|\n|upkeep\n|turn|3\n|\n|t:|1699569961\n|switch|p1a: Snorlax|Snorlax, M|100\/100\n|move|p2a: Flareon|Wish|p2a: Flareon\n|\n|upkeep\n|turn|4\n|\n|t:|1699569971\n|move|p1a: Snorlax|Curse|p1a: Snorlax\n|-unboost|p1a: Snorlax|spe|1\n|-boost|p1a: Snorlax|atk|1\n|-boost|p1a: Snorlax|def|1\n|cant|p2a: Flareon|par\n|\n|upkeep\n|turn|5\n|c|\u2606kpoc12|THE CURSERS\n|c|\u2606AutumnCookie|THE CURSERS\n|c|\u2606AutumnCookie|THEY KEEP DOING THIS\n|c|\u2606AutumnCookie|Oh my god that para is being so good\n|\n|t:|1699569998\n|move|p2a: Flareon|Yawn|p1a: Snorlax\n|-start|p1a: Snorlax|move: Yawn|[of] p2a: Flareon\n|move|p1a: Snorlax|Curse|p1a: Snorlax\n|-unboost|p1a: Snorlax|spe|1\n|-boost|p1a: Snorlax|atk|1\n|-boost|p1a: Snorlax|def|1\n|\n|upkeep\n|turn|6\n|\n|t:|1699570008\n|move|p2a: Flareon|Curse|p2a: Flareon\n|-unboost|p2a: Flareon|spe|1\n|-boost|p2a: Flareon|atk|1\n|-boost|p2a: Flareon|def|1\n|move|p1a: Snorlax|Earthquake|p2a: Flareon\n|-supereffective|p2a: Flareon\n|-damage|p2a: Flareon|0 fnt\n|faint|p2a: Flareon\n|\n|-end|p1a: Snorlax|move: Yawn|[silent]\n|-status|p1a: Snorlax|slp\n|upkeep\n|c|\u2606kpoc12|EEPY\n|c|\u2606AutumnCookie|EEPY SNORLAX...\n|\n|t:|1699570027\n|switch|p2a: Gastrodon|Gastrodon, M|100\/100\n|-damage|p2a: Gastrodon|88\/100|[from] Spikes\n|turn|7\n|\n|t:|1699570033\n|move|p2a: Gastrodon|Stealth Rock|p1a: Snorlax\n|-sidestart|p1: AutumnCookie|move: Stealth Rock\n|cant|p1a: Snorlax|slp\n|\n|-heal|p2a: Gastrodon|94\/100|[from] item: Leftovers\n|upkeep\n|turn|8\n|\n|t:|1699570044\n|move|p2a: Gastrodon|Earth Power|p1a: Snorlax\n|-damage|p1a: Snorlax|83\/100 slp\n|-curestatus|p1a: Snorlax|slp|[msg]\n|move|p1a: Snorlax|Return|p2a: Gastrodon\n|-damage|p2a: Gastrodon|21\/100\n|\n|-heal|p2a: Gastrodon|27\/100|[from] item: Leftovers\n|-heal|p1a: Snorlax|89\/100|[from] item: Leftovers\n|upkeep\n|turn|9\n|c|\u2606AutumnCookie|IT WOKE UP SO FAST WOW\n|\n|t:|1699570069\n|switch|p2a: Gallade|Gallade, M|100\/100\n|-damage|p2a: Gallade|88\/100|[from] Spikes\n|move|p1a: Snorlax|Return|p2a: Gallade\n|-crit|p2a: Gallade\n|-damage|p2a: Gallade|0 fnt\n|faint|p2a: Gallade\n|\n|-heal|p1a: Snorlax|96\/100|[from] item: Leftovers\n|upkeep\n|c|\u2606kpoc12|THE CRIT??\n|c|\u2606AutumnCookie|THE CRIT\n|c|\u2606kpoc12|lucas is understanding cyrus rn\n|c|\u2606kpoc12|ngl\n|c|\u2606AutumnCookie|WHAT IS MY LUCK TODAY\n|c|\u2606AutumnCookie|JGIDKRKFKWKGIZW\n|\n|t:|1699570095\n|switch|p2a: Torterra|Torterra, F|100\/100\n|-damage|p2a: Torterra|88\/100|[from] Spikes\n|turn|10\n|\n|t:|1699570104\n|move|p2a: Torterra|Shell Smash|p2a: Torterra\n|-unboost|p2a: Torterra|def|1\n|-unboost|p2a: Torterra|spd|1\n|-boost|p2a: Torterra|atk|2\n|-boost|p2a: Torterra|spa|2\n|-boost|p2a: Torterra|spe|2\n|-enditem|p2a: Torterra|White Herb\n|-clearnegativeboost|p2a: Torterra|[silent]\n|move|p1a: Snorlax|Body Slam|p2a: Torterra\n|-damage|p2a: Torterra|0 fnt\n|faint|p2a: Torterra\n|\n|-heal|p1a: Snorlax|100\/100|[from] item: Leftovers\n|upkeep\n|\n|t:|1699570117\n|switch|p2a: Spiritomb|Spiritomb, F|100\/100\n|-damage|p2a: Spiritomb|88\/100|[from] Spikes\n|turn|11\n|c| parkle|FUCKED UP\n|c|\u2606AutumnCookie|HE NEEDS TO STOP\n|\n|t:|1699570127\n|move|p2a: Spiritomb|Calm Mind|p2a: Spiritomb\n|-boost|p2a: Spiritomb|spa|1\n|-boost|p2a: Spiritomb|spd|1\n|move|p1a: Snorlax|Earthquake|p2a: Spiritomb\n|-damage|p2a: Spiritomb|35\/100\n|\n|-heal|p2a: Spiritomb|41\/100|[from] item: Leftovers\n|upkeep\n|turn|12\n|\n|t:|1699570135\n|move|p2a: Spiritomb|Toxic|p1a: Snorlax\n|-status|p1a: Snorlax|tox\n|move|p1a: Snorlax|Earthquake|p2a: Spiritomb\n|-damage|p2a: Spiritomb|0 fnt\n|faint|p2a: Spiritomb\n|\n|-damage|p1a: Snorlax|94\/100 tox|[from] psn\n|upkeep\n|\n|t:|1699570142\n|switch|p2a: Luxray|Luxray, M|100\/100\n|-damage|p2a: Luxray|88\/100|[from] Spikes\n|turn|13\n|c|\u2606AutumnCookie|SNORLAX SWEEP\n|c|\u2606kpoc12|SNORLAX SWEEP\n|\n|t:|1699570158\n|move|p2a: Luxray|Wild Charge|p1a: Snorlax\n|-damage|p1a: Snorlax|71\/100 tox\n|-damage|p2a: Luxray|80\/100|[from] Recoil\n|move|p1a: Snorlax|Earthquake|p2a: Luxray\n|-supereffective|p2a: Luxray\n|-damage|p2a: Luxray|0 fnt\n|faint|p2a: Luxray\n|\n|-heal|p1a: Snorlax|78\/100 tox|[from] item: Leftovers\n|-damage|p1a: Snorlax|65\/100 tox|[from] psn\n|upkeep\n|c|\u2606kpoc12|lucas is so diving on barry if it sweeps\n|c|\u2606kpoc12|ITS GONAN SWEEP\n|c|\u2606AutumnCookie|ONLY 1 CURSE\n|c|\u2606kpoc12|THIS IS CRAZYY\n|c|\u2606kpoc12|IT WAS TWO\n|c|\u2606kpoc12|?\n|\n|t:|1699570172\n|switch|p2a: Gastrodon|Gastrodon, M|27\/100\n|-damage|p2a: Gastrodon|15\/100|[from] Spikes\n|turn|14\n|c|\u2606AutumnCookie|OH\n|c|\u2606kpoc12|ONE CURSE X2 WOULD B CRAZY\n|c|\u2606kpoc12|snorlax sweep. mental\n|c|\u2606AutumnCookie|Oh yeah I'm ill my bad\n|c|\u2606AutumnCookie|Using it as an excuse for everything now\n|\n|t:|1699570224\n|move|p2a: Gastrodon|Scald|p1a: Snorlax\n|-damage|p1a: Snorlax|50\/100 tox\n|move|p1a: Snorlax|Return|p2a: Gastrodon\n|-damage|p2a: Gastrodon|0 fnt\n|faint|p2a: Gastrodon\n|\n|win|AutumnCookie\n","uploadtime":1699570237,"views":12,"p1id":"autumncookie","p2id":"kpoc12","formatid":"gen9nationaldex","rating":0,"private":0,"password":""}