{"id":"gen9nationaldex-1993863233","p1":"Dr 3 goney","p2":"fen yun shi yue","format":"[Gen 9] National Dex","log":"|j|\u2606Dr 3 goney\n|j|\u2606fen yun shi yue\n|t:|1700366864\n|gametype|singles\n|player|p1|Dr 3 goney|nate|1141\n|player|p2|fen yun shi yue|blue|1180\n|teamsize|p1|6\n|teamsize|p2|6\n|gen|9\n|tier|[Gen 9] National Dex\n|rated|\n|rule|HP Percentage Mod: HP is shown in percentages\n|rule|Endless Battle Clause: Forcing endless battles is banned\n|rule|OHKO Clause: OHKO moves are banned\n|rule|Evasion Clause: Evasion abilities, items, and moves are banned\n|rule|Evasion Abilities Clause: Evasion abilities are banned\n|rule|Evasion Items Clause: Evasion items are banned\n|rule|Evasion Moves Clause: Evasion moves are banned\n|rule|Species Clause: Limit one of each Pok\u00e9mon\n|rule|Sleep Clause Mod: Limit one foe put to sleep\n|clearpoke\n|poke|p1|Nidoking, M|\n|poke|p1|Gyarados, F|\n|poke|p1|Escavalier, F|\n|poke|p1|Polteageist|\n|poke|p1|Quagsire, F|\n|poke|p1|Clefable, F|\n|poke|p2|Absol, M|\n|poke|p2|Clodsire, M|\n|poke|p2|Corviknight, M|\n|poke|p2|Grimmsnarl, M|\n|poke|p2|Chandelure, F|\n|poke|p2|Hydreigon, M|\n|teampreview\n|inactive|Battle timer is ON: inactive players will automatically lose when time's up. (requested by Dr 3 goney)\n|\n|t:|1700366882\n|start\n|switch|p1a: swords|Escavalier, F, shiny|100\/100\n|switch|p2a: Grimmsnarl|Grimmsnarl, M|100\/100\n|turn|1\n|\n|t:|1700366894\n|move|p2a: Grimmsnarl|Fake Out|p1a: swords\n|-resisted|p1a: swords\n|-damage|p1a: swords|96\/100\n|cant|p1a: swords|flinch\n|\n|upkeep\n|turn|2\n|\n|t:|1700366902\n|move|p2a: Grimmsnarl|Light Screen|p2a: Grimmsnarl\n|-sidestart|p2: fen yun shi yue|move: Light Screen\n|move|p1a: swords|Razor Shell|p2a: Grimmsnarl\n|-damage|p2a: Grimmsnarl|68\/100\n|\n|upkeep\n|turn|3\n|c|\u2606Dr 3 goney|4 dmg is alot man\n|c|\u2606Dr 3 goney|be nicwe\n|c|\u2606Dr 3 goney|nice*\n|\n|t:|1700366918\n|switch|p2a: Corviknight|Corviknight, M|100\/100\n|move|p1a: swords|Razor Shell|p2a: Corviknight|[miss]\n|-miss|p1a: swords|p2a: Corviknight\n|\n|upkeep\n|turn|4\n|\n|t:|1700366928\n|move|p2a: Corviknight|Iron Defense|p2a: Corviknight\n|-boost|p2a: Corviknight|def|2\n|move|p1a: swords|Knock Off|p2a: Corviknight\n|-damage|p2a: Corviknight|89\/100\n|-damage|p1a: swords|79\/100|[from] item: Rocky Helmet|[of] p2a: Corviknight\n|-enditem|p2a: Corviknight|Rocky Helmet|[from] move: Knock Off|[of] p1a: swords\n|\n|upkeep\n|turn|5\n|\n|t:|1700366938\n|switch|p1a: booter|Nidoking, M, shiny|100\/100\n|move|p2a: Corviknight|Iron Defense|p2a: Corviknight\n|-boost|p2a: Corviknight|def|2\n|\n|upkeep\n|turn|6\n|\n|t:|1700366945\n|move|p1a: booter|Ice Beam|p2a: Corviknight\n|-damage|p2a: Corviknight|72\/100\n|move|p2a: Corviknight|Iron Defense|p2a: Corviknight\n|-boost|p2a: Corviknight|def|2\n|\n|upkeep\n|turn|7\n|\n|t:|1700366953\n|move|p1a: booter|Ice Beam|p2a: Corviknight\n|-damage|p2a: Corviknight|54\/100\n|move|p2a: Corviknight|Body Press|p1a: booter\n|-resisted|p1a: booter\n|-damage|p1a: booter|35\/100\n|\n|upkeep\n|turn|8\n|\n|t:|1700366961\n|move|p1a: booter|Ice Beam|p2a: Corviknight\n|-damage|p2a: Corviknight|36\/100\n|move|p2a: Corviknight|Body Press|p1a: booter\n|-resisted|p1a: booter\n|-damage|p1a: booter|0 fnt\n|faint|p1a: booter\n|\n|upkeep\n|\n|t:|1700366965\n|switch|p1a: tea|Polteageist, shiny|100\/100\n|turn|9\n|\n|t:|1700366975\n|move|p1a: tea|Shell Smash|p1a: tea\n|-unboost|p1a: tea|def|1\n|-unboost|p1a: tea|spd|1\n|-boost|p1a: tea|atk|2\n|-boost|p1a: tea|spa|2\n|-boost|p1a: tea|spe|2\n|-enditem|p1a: tea|White Herb\n|-clearnegativeboost|p1a: tea|[silent]\n|move|p2a: Corviknight|Roost|p2a: Corviknight\n|-heal|p2a: Corviknight|86\/100\n|-singleturn|p2a: Corviknight|move: Roost\n|\n|-sideend|p2: fen yun shi yue|move: Light Screen\n|upkeep\n|turn|10\n|\n|t:|1700366990\n|-terastallize|p2a: Corviknight|Fighting\n|move|p1a: tea|Shell Smash|p1a: tea\n|-unboost|p1a: tea|def|1\n|-unboost|p1a: tea|spd|1\n|-boost|p1a: tea|atk|2\n|-boost|p1a: tea|spa|2\n|-boost|p1a: tea|spe|2\n|move|p2a: Corviknight|Body Press|p1a: tea\n|-immune|p1a: tea\n|\n|upkeep\n|turn|11\n|\n|t:|1700367009\n|move|p1a: tea|Shell Smash|p1a: tea\n|-unboost|p1a: tea|def|1\n|-unboost|p1a: tea|spd|1\n|-boost|p1a: tea|atk|2\n|-boost|p1a: tea|spa|2\n|-boost|p1a: tea|spe|2\n|move|p2a: Corviknight|U-turn|p1a: tea\n|-resisted|p1a: tea\n|-damage|p1a: tea|84\/100\n|-ability|p1a: tea|Weak Armor|boost\n|-unboost|p1a: tea|def|1\n|\n|t:|1700367020\n|switch|p2a: Absol|Absol, M|100\/100|[from] U-turn\n|\n|upkeep\n|turn|12\n|\n|t:|1700367028\n|detailschange|p2a: Absol|Absol-Mega, M\n|-mega|p2a: Absol|Absol|Absolite\n|-terastallize|p1a: tea|Grass\n|move|p2a: Absol|Sucker Punch|p1a: tea\n|-damage|p1a: tea|0 fnt\n|faint|p1a: tea\n|\n|upkeep\n|c|\u2606Dr 3 goney|a-\n|\n|t:|1700367039\n|switch|p1a: redops|Gyarados, F, shiny|100\/100\n|-ability|p1a: redops|Intimidate|boost\n|-unboost|p2a: Absol|atk|1\n|turn|13\n|\n|t:|1700367046\n|detailschange|p1a: redops|Gyarados-Mega, F, shiny\n|-mega|p1a: redops|Gyarados|Gyaradosite\n|-ability|p1a: redops|Mold Breaker\n|move|p2a: Absol|Knock Off|p1a: redops\n|-resisted|p1a: redops\n|-damage|p1a: redops|89\/100\n|move|p1a: redops|Dragon Dance|p1a: redops\n|-boost|p1a: redops|atk|1\n|-boost|p1a: redops|spe|1\n|\n|upkeep\n|turn|14\n|\n|t:|1700367061\n|switch|p2a: Grimmsnarl|Grimmsnarl, M|68\/100\n|move|p1a: redops|Earthquake|p2a: Grimmsnarl\n|-damage|p2a: Grimmsnarl|11\/100\n|\n|upkeep\n|turn|15\n|\n|t:|1700367072\n|move|p2a: Grimmsnarl|Taunt|p1a: redops\n|-hint|Since gen 7, Dark is immune to Prankster moves.\n|-immune|p1a: redops\n|move|p1a: redops|Ice Fang|p2a: Grimmsnarl\n|-damage|p2a: Grimmsnarl|0 fnt\n|faint|p2a: Grimmsnarl\n|\n|upkeep\n|\n|t:|1700367082\n|switch|p2a: Corviknight|Corviknight, M, tera:Fighting|86\/100\n|turn|16\n|\n|t:|1700367088\n|move|p1a: redops|Dragon Dance|p1a: redops\n|-boost|p1a: redops|atk|1\n|-boost|p1a: redops|spe|1\n|move|p2a: Corviknight|Iron Defense|p2a: Corviknight\n|-boost|p2a: Corviknight|def|2\n|\n|upkeep\n|turn|17\n|\n|t:|1700367096\n|move|p1a: redops|Ice Fang|p2a: Corviknight\n|-damage|p2a: Corviknight|71\/100\n|move|p2a: Corviknight|Iron Defense|p2a: Corviknight\n|-boost|p2a: Corviknight|def|2\n|\n|upkeep\n|turn|18\n|\n|t:|1700367102\n|move|p1a: redops|Ice Fang|p2a: Corviknight\n|-damage|p2a: Corviknight|61\/100\n|move|p2a: Corviknight|Iron Defense|p2a: Corviknight\n|-boost|p2a: Corviknight|def|2\n|\n|upkeep\n|turn|19\n|\n|t:|1700367111\n|switch|p1a: wooper delexue|Quagsire, F, shiny|100\/100\n|move|p2a: Corviknight|Body Press|p1a: wooper delexue\n|-damage|p1a: wooper delexue|67\/100\n|\n|-heal|p1a: wooper delexue|73\/100|[from] item: Leftovers\n|upkeep\n|turn|20\n|\n|t:|1700367122\n|move|p2a: Corviknight|Body Press|p1a: wooper delexue\n|-damage|p1a: wooper delexue|39\/100\n|move|p1a: wooper delexue|Seismic Toss|p2a: Corviknight\n|-damage|p2a: Corviknight|36\/100\n|\n|-heal|p1a: wooper delexue|45\/100|[from] item: Leftovers\n|upkeep\n|turn|21\n|\n|t:|1700367132\n|move|p2a: Corviknight|Body Press|p1a: wooper delexue\n|-damage|p1a: wooper delexue|9\/100\n|move|p1a: wooper delexue|Recover|p1a: wooper delexue\n|-heal|p1a: wooper delexue|59\/100\n|\n|-heal|p1a: wooper delexue|65\/100|[from] item: Leftovers\n|upkeep\n|turn|22\n|\n|t:|1700367141\n|move|p2a: Corviknight|Roost|p2a: Corviknight\n|-heal|p2a: Corviknight|86\/100\n|move|p1a: wooper delexue|Recover|p1a: wooper delexue\n|-heal|p1a: wooper delexue|100\/100\n|\n|upkeep\n|turn|23\n|\n|t:|1700367150\n|move|p2a: Corviknight|Body Press|p1a: wooper delexue\n|-damage|p1a: wooper delexue|67\/100\n|move|p1a: wooper delexue|Toxic|p2a: Corviknight\n|-status|p2a: Corviknight|tox\n|\n|-heal|p1a: wooper delexue|73\/100|[from] item: Leftovers\n|-damage|p2a: Corviknight|79\/100 tox|[from] psn\n|upkeep\n|turn|24\n|\n|t:|1700367162\n|move|p2a: Corviknight|Body Press|p1a: wooper delexue\n|-damage|p1a: wooper delexue|41\/100\n|move|p1a: wooper delexue|Seismic Toss|p2a: Corviknight\n|-damage|p2a: Corviknight|54\/100 tox\n|\n|-heal|p1a: wooper delexue|47\/100|[from] item: Leftovers\n|-damage|p2a: Corviknight|42\/100 tox|[from] psn\n|upkeep\n|turn|25\n|\n|t:|1700367173\n|move|p1a: wooper delexue|Protect|p1a: wooper delexue\n|-singleturn|p1a: wooper delexue|Protect\n|move|p2a: Corviknight|Body Press|p1a: wooper delexue\n|-activate|p1a: wooper delexue|move: Protect\n|\n|-heal|p1a: wooper delexue|54\/100|[from] item: Leftovers\n|-damage|p2a: Corviknight|23\/100 tox|[from] psn\n|upkeep\n|turn|26\n|\n|t:|1700367182\n|move|p2a: Corviknight|Roost|p2a: Corviknight\n|-heal|p2a: Corviknight|73\/100 tox\n|move|p1a: wooper delexue|Recover|p1a: wooper delexue\n|-heal|p1a: wooper delexue|100\/100\n|\n|-damage|p2a: Corviknight|48\/100 tox|[from] psn\n|upkeep\n|turn|27\n|\n|t:|1700367191\n|move|p1a: wooper delexue|Protect|p1a: wooper delexue\n|-singleturn|p1a: wooper delexue|Protect\n|move|p2a: Corviknight|Roost|p2a: Corviknight\n|-heal|p2a: Corviknight|98\/100 tox\n|\n|-damage|p2a: Corviknight|67\/100 tox|[from] psn\n|upkeep\n|turn|28\n|\n|t:|1700367204\n|move|p2a: Corviknight|Body Press|p1a: wooper delexue\n|-damage|p1a: wooper delexue|70\/100\n|move|p1a: wooper delexue|Recover|p1a: wooper delexue\n|-heal|p1a: wooper delexue|100\/100\n|\n|-damage|p2a: Corviknight|29\/100 tox|[from] psn\n|upkeep\n|turn|29\n|c|\u2606Dr 3 goney|die slowly\n|c|\u2606Dr 3 goney|revenge for tea cup\n|c|\u2606Dr 3 goney|cause im british\n|\n|t:|1700367224\n|move|p1a: wooper delexue|Protect|p1a: wooper delexue\n|-singleturn|p1a: wooper delexue|Protect\n|move|p2a: Corviknight|Roost|p2a: Corviknight\n|-heal|p2a: Corviknight|79\/100 tox\n|\n|-damage|p2a: Corviknight|36\/100 tox|[from] psn\n|upkeep\n|turn|30\n|\n|t:|1700367234\n|move|p2a: Corviknight|Roost|p2a: Corviknight\n|-heal|p2a: Corviknight|86\/100 tox\n|move|p1a: wooper delexue|Seismic Toss|p2a: Corviknight\n|-damage|p2a: Corviknight|61\/100 tox\n|\n|-damage|p2a: Corviknight|11\/100 tox|[from] psn\n|upkeep\n|turn|31\n|\n|t:|1700367245\n|move|p1a: wooper delexue|Protect|p1a: wooper delexue\n|-singleturn|p1a: wooper delexue|Protect\n|move|p2a: Corviknight|Roost|p2a: Corviknight\n|-heal|p2a: Corviknight|61\/100 tox\n|\n|-damage|p2a: Corviknight|4\/100 tox|[from] psn\n|upkeep\n|turn|32\n|\n|t:|1700367254\n|move|p2a: Corviknight|Roost|p2a: Corviknight\n|-heal|p2a: Corviknight|54\/100 tox\n|move|p1a: wooper delexue|Recover||[still]\n|-fail|p1a: wooper delexue|heal\n|\n|-damage|p2a: Corviknight|0 fnt|[from] psn\n|faint|p2a: Corviknight\n|upkeep\n|\n|t:|1700367268\n|switch|p2a: Clodsire|Clodsire, M|100\/100\n|turn|33\n|\n|t:|1700367278\n|switch|p1a: swords|Escavalier, F, shiny|79\/100\n|move|p2a: Clodsire|Toxic|p1a: swords\n|-immune|p1a: swords\n|\n|upkeep\n|turn|34\n|\n|t:|1700367287\n|move|p1a: swords|Razor Shell|p2a: Clodsire|[miss]\n|-miss|p1a: swords|p2a: Clodsire\n|move|p2a: Clodsire|Stealth Rock|p1a: swords\n|-sidestart|p1: Dr 3 goney|move: Stealth Rock\n|\n|upkeep\n|turn|35\n|\n|t:|1700367297\n|switch|p2a: Hydreigon|Hydreigon, M|100\/100\n|move|p1a: swords|Razor Shell|p2a: Hydreigon\n|-resisted|p2a: Hydreigon\n|-damage|p2a: Hydreigon|85\/100\n|-unboost|p2a: Hydreigon|def|1\n|\n|upkeep\n|turn|36\n|\n|t:|1700367309\n|switch|p1a: wooper delexue|Quagsire, F, shiny|100\/100\n|-damage|p1a: wooper delexue|94\/100|[from] Stealth Rock\n|move|p2a: Hydreigon|Fire Blast|p1a: wooper delexue\n|-resisted|p1a: wooper delexue\n|-crit|p1a: wooper delexue\n|-damage|p1a: wooper delexue|57\/100\n|\n|-heal|p1a: wooper delexue|63\/100|[from] item: Leftovers\n|upkeep\n|turn|37\n|c|\u2606Dr 3 goney|aweee whyyyy\n|\n|t:|1700367323\n|move|p2a: Hydreigon|Fire Blast|p1a: wooper delexue\n|-resisted|p1a: wooper delexue\n|-damage|p1a: wooper delexue|40\/100\n|-status|p1a: wooper delexue|brn\n|move|p1a: wooper delexue|Toxic|p2a: Hydreigon|[miss]\n|-miss|p1a: wooper delexue|p2a: Hydreigon\n|\n|-heal|p1a: wooper delexue|46\/100 brn|[from] item: Leftovers\n|-damage|p1a: wooper delexue|40\/100 brn|[from] brn\n|upkeep\n|turn|38\n|\n|t:|1700367334\n|move|p2a: Hydreigon|Fire Blast|p1a: wooper delexue\n|-resisted|p1a: wooper delexue\n|-damage|p1a: wooper delexue|14\/100 brn\n|move|p1a: wooper delexue|Recover|p1a: wooper delexue\n|-heal|p1a: wooper delexue|65\/100 brn\n|\n|-heal|p1a: wooper delexue|71\/100 brn|[from] item: Leftovers\n|-damage|p1a: wooper delexue|65\/100 brn|[from] brn\n|upkeep\n|turn|39\n|\n|t:|1700367349\n|switch|p2a: Chandelure|Chandelure, F|100\/100\n|move|p1a: wooper delexue|Toxic|p2a: Chandelure\n|-status|p2a: Chandelure|tox\n|\n|-heal|p1a: wooper delexue|71\/100 brn|[from] item: Leftovers\n|-damage|p2a: Chandelure|94\/100 tox|[from] psn\n|-damage|p1a: wooper delexue|65\/100 brn|[from] brn\n|upkeep\n|turn|40\n|\n|t:|1700367362\n|move|p1a: wooper delexue|Protect|p1a: wooper delexue\n|-singleturn|p1a: wooper delexue|Protect\n|move|p2a: Chandelure|Calm Mind|p2a: Chandelure\n|-boost|p2a: Chandelure|spa|1\n|-boost|p2a: Chandelure|spd|1\n|\n|-heal|p1a: wooper delexue|71\/100 brn|[from] item: Leftovers\n|-damage|p2a: Chandelure|82\/100 tox|[from] psn\n|-damage|p1a: wooper delexue|65\/100 brn|[from] brn\n|upkeep\n|turn|41\n|\n|t:|1700367374\n|move|p1a: wooper delexue|Protect|p1a: wooper delexue\n|-singleturn|p1a: wooper delexue|Protect\n|move|p2a: Chandelure|Calm Mind|p2a: Chandelure\n|-boost|p2a: Chandelure|spa|1\n|-boost|p2a: Chandelure|spd|1\n|\n|-heal|p1a: wooper delexue|71\/100 brn|[from] item: Leftovers\n|-damage|p2a: Chandelure|64\/100 tox|[from] psn\n|-damage|p1a: wooper delexue|65\/100 brn|[from] brn\n|upkeep\n|turn|42\n|\n|t:|1700367385\n|move|p1a: wooper delexue|Protect||[still]\n|-fail|p1a: wooper delexue\n|move|p2a: Chandelure|Energy Ball|p1a: wooper delexue\n|-supereffective|p1a: wooper delexue\n|-damage|p1a: wooper delexue|0 fnt\n|faint|p1a: wooper delexue\n|\n|-damage|p2a: Chandelure|39\/100 tox|[from] psn\n|upkeep\n|\n|t:|1700367413\n|switch|p1a: swords|Escavalier, F, shiny|79\/100\n|-damage|p1a: swords|67\/100|[from] Stealth Rock\n|turn|43\n|\n|t:|1700367418\n|switch|p1a: redops|Gyarados-Mega, F, shiny|89\/100\n|-damage|p1a: redops|76\/100|[from] Stealth Rock\n|-ability|p1a: redops|Mold Breaker\n|move|p2a: Chandelure|Shadow Ball|p1a: redops\n|-resisted|p1a: redops\n|-damage|p1a: redops|47\/100\n|-unboost|p1a: redops|spd|1\n|\n|-damage|p2a: Chandelure|9\/100 tox|[from] psn\n|upkeep\n|turn|44\n|\n|t:|1700367433\n|switch|p1a: uselesss|Clefable, F, shiny|100\/100\n|move|p2a: Chandelure|Energy Ball|p1a: uselesss\n|-damage|p1a: uselesss|40\/100\n|\n|-damage|p2a: Chandelure|0 fnt|[from] psn\n|faint|p2a: Chandelure\n|upkeep\n|\n|t:|1700367443\n|switch|p2a: Hydreigon|Hydreigon, M|85\/100\n|turn|45\n|\n|t:|1700367453\n|move|p2a: Hydreigon|Dark Pulse|p1a: uselesss\n|-resisted|p1a: uselesss\n|-damage|p1a: uselesss|14\/100\n|move|p1a: uselesss|Draining Kiss|p2a: Hydreigon\n|-supereffective|p2a: Hydreigon\n|-damage|p2a: Hydreigon|4\/100\n|-heal|p1a: uselesss|69\/100|[from] drain|[of] p2a: Hydreigon\n|\n|upkeep\n|turn|46\n|\n|t:|1700367463\n|move|p2a: Hydreigon|Dark Pulse|p1a: uselesss\n|-resisted|p1a: uselesss\n|-damage|p1a: uselesss|43\/100\n|move|p1a: uselesss|Calm Mind|p1a: uselesss\n|-boost|p1a: uselesss|spa|1\n|-boost|p1a: uselesss|spd|1\n|\n|upkeep\n|turn|47\n|\n|t:|1700367475\n|switch|p2a: Clodsire|Clodsire, M|100\/100\n|move|p1a: uselesss|Draining Kiss|p2a: Clodsire\n|-resisted|p2a: Clodsire\n|-damage|p2a: Clodsire|95\/100\n|-heal|p1a: uselesss|48\/100|[from] drain|[of] p2a: Clodsire\n|\n|-heal|p2a: Clodsire|100\/100|[from] item: Leftovers\n|upkeep\n|turn|48\n|\n|t:|1700367485\n|move|p1a: uselesss|Psychic|p2a: Clodsire\n|-supereffective|p2a: Clodsire\n|-damage|p2a: Clodsire|75\/100\n|move|p2a: Clodsire|Earthquake|p1a: uselesss\n|-damage|p1a: uselesss|23\/100\n|\n|-heal|p2a: Clodsire|81\/100|[from] item: Leftovers\n|upkeep\n|turn|49\n|\n|t:|1700367495\n|move|p1a: uselesss|Psychic|p2a: Clodsire\n|-supereffective|p2a: Clodsire\n|-damage|p2a: Clodsire|58\/100\n|move|p2a: Clodsire|Toxic|p1a: uselesss\n|-status|p1a: uselesss|tox\n|\n|-heal|p2a: Clodsire|64\/100|[from] item: Leftovers\n|upkeep\n|turn|50\n|\n|t:|1700367504\n|move|p1a: uselesss|Psychic|p2a: Clodsire\n|-supereffective|p2a: Clodsire\n|-damage|p2a: Clodsire|37\/100\n|move|p2a: Clodsire|Recover|p2a: Clodsire\n|-heal|p2a: Clodsire|87\/100\n|\n|-heal|p2a: Clodsire|93\/100|[from] item: Leftovers\n|upkeep\n|turn|51\n|\n|t:|1700367517\n|move|p1a: uselesss|Psychic|p2a: Clodsire\n|-supereffective|p2a: Clodsire\n|-damage|p2a: Clodsire|68\/100\n|move|p2a: Clodsire|Earthquake|p1a: uselesss\n|-damage|p1a: uselesss|0 fnt\n|faint|p1a: uselesss\n|\n|-heal|p2a: Clodsire|75\/100|[from] item: Leftovers\n|upkeep\n|\n|t:|1700367524\n|switch|p1a: redops|Gyarados-Mega, F, shiny|47\/100\n|-damage|p1a: redops|34\/100|[from] Stealth Rock\n|-ability|p1a: redops|Mold Breaker\n|turn|52\n|\n|t:|1700367533\n|move|p1a: redops|Earthquake|p2a: Clodsire\n|-supereffective|p2a: Clodsire\n|-damage|p2a: Clodsire|7\/100\n|move|p2a: Clodsire|Toxic|p1a: redops\n|-status|p1a: redops|tox\n|\n|-heal|p2a: Clodsire|13\/100|[from] item: Leftovers\n|-damage|p1a: redops|28\/100 tox|[from] psn\n|upkeep\n|turn|53\n|\n|t:|1700367544\n|move|p1a: redops|Ice Fang|p2a: Clodsire\n|-supereffective|p2a: Clodsire\n|-damage|p2a: Clodsire|0 fnt\n|faint|p2a: Clodsire\n|\n|-damage|p1a: redops|16\/100 tox|[from] psn\n|upkeep\n|\n|t:|1700367552\n|switch|p2a: Absol|Absol-Mega, M|100\/100\n|turn|54\n|\n|t:|1700367557\n|move|p2a: Absol|Sucker Punch||[still]\n|-fail|p2a: Absol\n|move|p1a: redops|Dragon Dance|p1a: redops\n|-boost|p1a: redops|atk|1\n|-boost|p1a: redops|spe|1\n|\n|-damage|p1a: redops|0 fnt|[from] psn\n|faint|p1a: redops\n|upkeep\n|\n|t:|1700367559\n|switch|p1a: swords|Escavalier, F, shiny|67\/100\n|-damage|p1a: swords|54\/100|[from] Stealth Rock\n|turn|55\n|\n|t:|1700367571\n|move|p2a: Absol|Sucker Punch|p1a: swords\n|-damage|p1a: swords|16\/100\n|move|p1a: swords|Fell Stinger|p2a: Absol\n|-supereffective|p2a: Absol\n|-damage|p2a: Absol|0 fnt\n|faint|p2a: Absol\n|-boost|p1a: swords|atk|3\n|\n|upkeep\n|\n|t:|1700367580\n|switch|p2a: Hydreigon|Hydreigon, M|4\/100\n|turn|56\n|\n|t:|1700367592\n|move|p2a: Hydreigon|Dark Pulse|p1a: swords\n|-damage|p1a: swords|0 fnt\n|faint|p1a: swords\n|\n|win|fen yun shi yue\n|raw|Dr 3 goney's rating: 1141 &rarr; <strong>1119<\/strong><br \/>(-22 for losing)\n|raw|fen yun shi yue's rating: 1180 &rarr; <strong>1202<\/strong><br \/>(+22 for winning)\n|l|\u2606Dr 3 goney\n","uploadtime":1700367605,"views":7,"p1id":"dr3goney","p2id":"fenyunshiyue","formatid":"gen9nationaldex","rating":1119,"private":0,"password":""}