{"id":"gen9nationaldex-1991924247","p1":"ttheus","p2":"Bulka4000","format":"[Gen 9] National Dex","log":"|j|\u2606ttheus\n|j|\u2606Bulka4000\n|t:|1700138765\n|gametype|singles\n|player|p1|ttheus|266|\n|player|p2|Bulka4000|1|\n|teamsize|p1|6\n|teamsize|p2|6\n|gen|9\n|tier|[Gen 9] National Dex\n|rule|HP Percentage Mod: HP is shown in percentages\n|rule|Endless Battle Clause: Forcing endless battles is banned\n|rule|OHKO Clause: OHKO moves are banned\n|rule|Evasion Clause: Evasion abilities, items, and moves are banned\n|rule|Evasion Abilities Clause: Evasion abilities are banned\n|rule|Evasion Items Clause: Evasion items are banned\n|rule|Evasion Moves Clause: Evasion moves are banned\n|rule|Species Clause: Limit one of each Pok\u00e9mon\n|rule|Sleep Clause Mod: Limit one foe put to sleep\n|clearpoke\n|poke|p1|Cinderace, M|\n|poke|p1|Comfey, M|\n|poke|p1|Grimmsnarl, M|\n|poke|p1|Aegislash, M|\n|poke|p1|Obstagoon, M|\n|poke|p1|Banette, F|\n|poke|p2|Gengar, M|\n|poke|p2|Zamazenta-*|\n|poke|p2|Garchomp, M|\n|poke|p2|Ting-Lu|\n|poke|p2|Skeledirge, F|\n|poke|p2|Rotom-Wash|\n|teampreview\n|\n|t:|1700138774\n|start\n|switch|p1a: Nezha|Grimmsnarl, M|100\/100\n|switch|p2a: Gengar|Gengar, M|100\/100\n|turn|1\n|j| AesirEcho\n|\n|t:|1700138794\n|move|p1a: Nezha|Taunt|p2a: Gengar\n|-start|p2a: Gengar|move: Taunt\n|move|p2a: Gengar|Sludge Bomb|p1a: Nezha\n|-supereffective|p1a: Nezha\n|-damage|p1a: Nezha|0 fnt\n|faint|p1a: Nezha\n|\n|upkeep\n|\n|t:|1700138802\n|switch|p1a: Ares|Aegislash, M|100\/100\n|turn|2\n|\n|t:|1700138809\n|switch|p2a: Ting-Lu|Ting-Lu|100\/100\n|-ability|p2a: Ting-Lu|Vessel of Ruin\n|move|p1a: Ares|Swords Dance|p1a: Ares\n|-boost|p1a: Ares|atk|2\n|\n|upkeep\n|turn|3\n|\n|t:|1700138817\n|move|p1a: Ares|Swords Dance|p1a: Ares\n|-boost|p1a: Ares|atk|2\n|move|p2a: Ting-Lu|Ruination|p1a: Ares\n|-damage|p1a: Ares|50\/100\n|\n|-heal|p1a: Ares|57\/100|[from] item: Leftovers\n|upkeep\n|turn|4\n|\n|t:|1700138827\n|-formechange|p1a: Ares|Aegislash-Blade||[from] ability: Stance Change\n|move|p1a: Ares|Brick Break|p2a: Ting-Lu\n|-supereffective|p2a: Ting-Lu\n|-damage|p2a: Ting-Lu|0 fnt\n|faint|p2a: Ting-Lu\n|\n|-heal|p1a: Ares|63\/100|[from] item: Leftovers\n|upkeep\n|\n|t:|1700138838\n|switch|p2a: Skeledirge|Skeledirge, F|100\/100\n|turn|5\n|\n|t:|1700138842\n|-terastallize|p2a: Skeledirge|Fire\n|move|p1a: Ares|Shadow Sneak|p2a: Skeledirge\n|-damage|p2a: Skeledirge|86\/100\n|move|p2a: Skeledirge|Hex|p1a: Ares\n|-supereffective|p1a: Ares\n|-damage|p1a: Ares|0 fnt\n|faint|p1a: Ares\n|\n|upkeep\n|\n|t:|1700138853\n|switch|p1a: Apolo|Obstagoon, M|100\/100\n|turn|6\n|\n|t:|1700138858\n|move|p1a: Apolo|Obstruct|p1a: Apolo\n|-singleturn|p1a: Apolo|Protect\n|move|p2a: Skeledirge|Torch Song|p1a: Apolo\n|-activate|p1a: Apolo|move: Protect\n|\n|-status|p1a: Apolo|brn|[from] item: Flame Orb\n|upkeep\n|turn|7\n|\n|t:|1700138867\n|-terastallize|p1a: Apolo|Normal\n|move|p1a: Apolo|Facade|p2a: Skeledirge\n|-damage|p2a: Skeledirge|17\/100\n|move|p2a: Skeledirge|Torch Song|p1a: Apolo\n|-damage|p1a: Apolo|48\/100 brn\n|-boost|p2a: Skeledirge|spa|1\n|\n|-damage|p1a: Apolo|42\/100 brn|[from] brn\n|upkeep\n|turn|8\n|\n|t:|1700138876\n|move|p1a: Apolo|Facade|p2a: Skeledirge\n|-damage|p2a: Skeledirge|0 fnt\n|faint|p2a: Skeledirge\n|\n|-damage|p1a: Apolo|36\/100 brn|[from] brn\n|upkeep\n|\n|t:|1700138892\n|switch|p2a: Rotom|Rotom-Wash|100\/100\n|turn|9\n|\n|t:|1700138900\n|move|p1a: Apolo|Obstruct|p1a: Apolo\n|-singleturn|p1a: Apolo|Protect\n|move|p2a: Rotom|Defog|p1a: Apolo\n|-unboost|p1a: Apolo|evasion|1\n|\n|-damage|p1a: Apolo|30\/100 brn|[from] brn\n|upkeep\n|turn|10\n|\n|t:|1700138910\n|move|p1a: Apolo|Facade|p2a: Rotom\n|-damage|p2a: Rotom|14\/100\n|move|p2a: Rotom|Hydro Pump|p1a: Apolo\n|-damage|p1a: Apolo|0 fnt\n|faint|p1a: Apolo\n|\n|-heal|p2a: Rotom|21\/100|[from] item: Leftovers\n|upkeep\n|\n|t:|1700138919\n|switch|p1a: Melinoe|Banette, F|100\/100\n|turn|11\n|\n|t:|1700138937\n|detailschange|p1a: Melinoe|Banette-Mega, F\n|-mega|p1a: Melinoe|Banette|Banettite\n|move|p1a: Melinoe|Sucker Punch||[still]\n|-fail|p1a: Melinoe\n|move|p2a: Rotom|Will-O-Wisp|p1a: Melinoe|[miss]\n|-miss|p2a: Rotom|p1a: Melinoe\n|\n|-heal|p2a: Rotom|27\/100|[from] item: Leftovers\n|upkeep\n|turn|12\n|\n|t:|1700138947\n|move|p2a: Rotom|Will-O-Wisp|p1a: Melinoe\n|-status|p1a: Melinoe|brn\n|move|p1a: Melinoe|Shadow Claw|p2a: Rotom\n|-damage|p2a: Rotom|9\/100\n|\n|-heal|p2a: Rotom|16\/100|[from] item: Leftovers\n|-damage|p1a: Melinoe|94\/100 brn|[from] brn\n|upkeep\n|turn|13\n|\n|t:|1700138957\n|move|p1a: Melinoe|Swords Dance|p1a: Melinoe\n|-boost|p1a: Melinoe|atk|2\n|move|p2a: Rotom|Defog|p1a: Melinoe\n|-unboost|p1a: Melinoe|evasion|1\n|\n|-heal|p2a: Rotom|22\/100|[from] item: Leftovers\n|-damage|p1a: Melinoe|88\/100 brn|[from] brn\n|upkeep\n|turn|14\n|\n|t:|1700138965\n|move|p1a: Melinoe|Swords Dance|p1a: Melinoe\n|-boost|p1a: Melinoe|atk|2\n|move|p2a: Rotom|Hydro Pump|p1a: Melinoe\n|-damage|p1a: Melinoe|38\/100 brn\n|\n|-heal|p2a: Rotom|28\/100|[from] item: Leftovers\n|-damage|p1a: Melinoe|32\/100 brn|[from] brn\n|upkeep\n|turn|15\n|\n|t:|1700138984\n|switch|p2a: Garchomp|Garchomp, M|100\/100\n|move|p1a: Melinoe|Sucker Punch||[still]\n|-fail|p1a: Melinoe\n|\n|-damage|p1a: Melinoe|26\/100 brn|[from] brn\n|upkeep\n|turn|16\n|\n|t:|1700138994\n|move|p2a: Garchomp|Swords Dance|p2a: Garchomp\n|-boost|p2a: Garchomp|atk|2\n|move|p1a: Melinoe|Gunk Shot|p2a: Garchomp|[miss]\n|-miss|p1a: Melinoe|p2a: Garchomp\n|\n|-damage|p1a: Melinoe|20\/100 brn|[from] brn\n|upkeep\n|turn|17\n|\n|t:|1700139009\n|move|p2a: Garchomp|Dragon Claw|p1a: Melinoe\n|-damage|p1a: Melinoe|0 fnt\n|faint|p1a: Melinoe\n|\n|upkeep\n|\n|t:|1700139014\n|switch|p1a: Agni|Cinderace, M|100\/100\n|turn|18\n|\n|t:|1700139019\n|move|p1a: Agni|Low Kick|p2a: Garchomp\n|-start|p1a: Agni|typechange|Fighting|[from] ability: Libero\n|-damage|p2a: Garchomp|64\/100\n|-damage|p1a: Agni|88\/100|[from] ability: Rough Skin|[of] p2a: Garchomp\n|-damage|p1a: Agni|72\/100|[from] item: Rocky Helmet|[of] p2a: Garchomp\n|move|p2a: Garchomp|Earthquake|p1a: Agni\n|-damage|p1a: Agni|0 fnt\n|faint|p1a: Agni\n|\n|upkeep\n|\n|t:|1700139023\n|switch|p1a: Lono|Comfey, M, shiny|100\/100\n|turn|19\n|\n|t:|1700139070\n|switch|p2a: Rotom|Rotom-Wash|28\/100\n|move|p1a: Lono|Calm Mind|p1a: Lono\n|-boost|p1a: Lono|spa|1\n|-boost|p1a: Lono|spd|1\n|\n|-heal|p2a: Rotom|34\/100|[from] item: Leftovers\n|upkeep\n|turn|20\n|\n|t:|1700139079\n|move|p1a: Lono|Draining Kiss|p2a: Rotom\n|-damage|p2a: Rotom|11\/100\n|move|p2a: Rotom|Will-O-Wisp|p1a: Lono\n|-status|p1a: Lono|brn\n|\n|-heal|p2a: Rotom|17\/100|[from] item: Leftovers\n|-damage|p1a: Lono|94\/100 brn|[from] brn\n|upkeep\n|turn|21\n|\n|t:|1700139099\n|move|p1a: Lono|Draining Kiss|p2a: Rotom\n|-damage|p2a: Rotom|0 fnt\n|-heal|p1a: Lono|100\/100 brn|[from] drain|[of] p2a: Rotom\n|faint|p2a: Rotom\n|\n|-damage|p1a: Lono|94\/100 brn|[from] brn\n|upkeep\n|\n|t:|1700139105\n|switch|p2a: Gengar|Gengar, M|100\/100\n|turn|22\n|\n|t:|1700139118\n|move|p1a: Lono|Draining Kiss|p2a: Gengar\n|-resisted|p2a: Gengar\n|-damage|p2a: Gengar|82\/100\n|-heal|p1a: Lono|100\/100 brn|[from] drain|[of] p2a: Gengar\n|move|p2a: Gengar|Sludge Bomb|p1a: Lono\n|-supereffective|p1a: Lono\n|-damage|p1a: Lono|36\/100 brn\n|\n|-heal|p1a: Lono|42\/100 brn|[from] item: Leftovers\n|-damage|p1a: Lono|36\/100 brn|[from] brn\n|upkeep\n|turn|23\n|\n|t:|1700139127\n|move|p1a: Lono|Synthesis|p1a: Lono\n|-heal|p1a: Lono|86\/100 brn\n|move|p2a: Gengar|Sludge Bomb|p1a: Lono\n|-supereffective|p1a: Lono\n|-damage|p1a: Lono|17\/100 brn\n|\n|-heal|p1a: Lono|23\/100 brn|[from] item: Leftovers\n|-damage|p1a: Lono|17\/100 brn|[from] brn\n|upkeep\n|turn|24\n|\n|t:|1700139135\n|move|p1a: Lono|Synthesis|p1a: Lono\n|-heal|p1a: Lono|67\/100 brn\n|move|p2a: Gengar|Sludge Bomb|p1a: Lono\n|-supereffective|p1a: Lono\n|-damage|p1a: Lono|0 fnt\n|faint|p1a: Lono\n|\n|win|Bulka4000\n|l|\u2606ttheus\n|l|\u2606Bulka4000\n","uploadtime":1700139165,"views":4,"p1id":"ttheus","p2id":"bulka4000","formatid":"gen9nationaldex","rating":0,"private":0,"password":""}