{"id":"gen9nationaldex-2000440391","p1":"StormFox2004","p2":"Ujoh","format":"[Gen 9] National Dex","log":"|html|<div class=\"broadcast-blue\"><strong>[Gen 9] National Dex is currently suspecting Sneasler! For information on how to participate check out the <a href=\"https:\/\/www.smogon.com\/forums\/threads\/sv-national-dex-suspect-8-just-dance.3731534\/\">suspect thread<\/a>.<\/strong><\/div>\n|j|\u2606StormFox2004\n|j|\u2606Ujoh\n|t:|1701195004\n|gametype|singles\n|player|p1|StormFox2004|pokemonbreeder-gen4|1192\n|player|p2|Ujoh|guzma|1206\n|teamsize|p1|6\n|teamsize|p2|6\n|gen|9\n|tier|[Gen 9] National Dex\n|rated|\n|rule|HP Percentage Mod: HP is shown in percentages\n|rule|Endless Battle Clause: Forcing endless battles is banned\n|rule|OHKO Clause: OHKO moves are banned\n|rule|Evasion Clause: Evasion abilities, items, and moves are banned\n|rule|Evasion Abilities Clause: Evasion abilities are banned\n|rule|Evasion Items Clause: Evasion items are banned\n|rule|Evasion Moves Clause: Evasion moves are banned\n|rule|Species Clause: Limit one of each Pok\u00e9mon\n|rule|Sleep Clause Mod: Limit one foe put to sleep\n|clearpoke\n|poke|p1|Kommo-o, M|\n|poke|p1|Tyranitar, F|\n|poke|p1|Dracozolt|\n|poke|p1|Lycanroc, F|\n|poke|p1|Ursaluna, M|\n|poke|p1|Runerigus, M|\n|poke|p2|Steelix, F|\n|poke|p2|Tyranitar, M|\n|poke|p2|Rillaboom, M|\n|poke|p2|Rotom-Wash|\n|poke|p2|Sneasler, M|\n|poke|p2|Kartana|\n|teampreview\n|\n|t:|1701195019\n|start\n|switch|p1a: Runerigus|Runerigus, M|100\/100\n|switch|p2a: Steelix|Steelix, F|100\/100\n|turn|1\n|\n|t:|1701195040\n|detailschange|p2a: Steelix|Steelix-Mega, F\n|-mega|p2a: Steelix|Steelix|Steelixite\n|move|p2a: Steelix|Iron Defense|p2a: Steelix\n|-boost|p2a: Steelix|def|2\n|move|p1a: Runerigus|Body Press|p2a: Steelix\n|-supereffective|p2a: Steelix\n|-damage|p2a: Steelix|85\/100\n|\n|upkeep\n|turn|2\n|\n|t:|1701195049\n|move|p2a: Steelix|Iron Defense|p2a: Steelix\n|-boost|p2a: Steelix|def|2\n|move|p1a: Runerigus|Will-O-Wisp|p2a: Steelix\n|-status|p2a: Steelix|brn\n|\n|-damage|p2a: Steelix|79\/100 brn|[from] brn\n|upkeep\n|turn|3\n|\n|t:|1701195058\n|move|p2a: Steelix|High Horsepower|p1a: Runerigus\n|-damage|p1a: Runerigus|87\/100\n|-activate|p1a: Runerigus|ability: Wandering Spirit|Sand Force|Wandering Spirit|[of] p2a: Steelix\n|move|p1a: Runerigus|Stealth Rock|p2a: Steelix\n|-sidestart|p2: Ujoh|move: Stealth Rock\n|\n|-damage|p2a: Steelix|73\/100 brn|[from] brn\n|upkeep\n|turn|4\n|\n|t:|1701195071\n|switch|p2a: Rillaboom|Rillaboom, M|100\/100\n|-damage|p2a: Rillaboom|88\/100|[from] Stealth Rock\n|-fieldstart|move: Grassy Terrain|[from] ability: Grassy Surge|[of] p2a: Rillaboom\n|move|p1a: Runerigus|Body Press|p2a: Rillaboom\n|-damage|p2a: Rillaboom|49\/100\n|\n|-heal|p2a: Rillaboom|56\/100|[from] Grassy Terrain\n|-heal|p1a: Runerigus|93\/100|[from] Grassy Terrain\n|upkeep\n|turn|5\n|\n|t:|1701195076\n|move|p2a: Rillaboom|Wood Hammer|p1a: Runerigus\n|-supereffective|p1a: Runerigus\n|-damage|p1a: Runerigus|0 fnt\n|faint|p1a: Runerigus\n|-damage|p2a: Rillaboom|27\/100|[from] Recoil\n|\n|-heal|p2a: Rillaboom|33\/100|[from] Grassy Terrain\n|upkeep\n|\n|t:|1701195081\n|switch|p1a: Dracozolt|Dracozolt|100\/100\n|turn|6\n|\n|t:|1701195087\n|move|p2a: Rillaboom|Wood Hammer|p1a: Dracozolt\n|-resisted|p1a: Dracozolt\n|-damage|p1a: Dracozolt|34\/100\n|-damage|p2a: Rillaboom|12\/100|[from] Recoil\n|move|p1a: Dracozolt|Fire Fang|p2a: Rillaboom\n|-supereffective|p2a: Rillaboom\n|-damage|p2a: Rillaboom|0 fnt\n|faint|p2a: Rillaboom\n|\n|-heal|p1a: Dracozolt|40\/100|[from] Grassy Terrain\n|upkeep\n|\n|t:|1701195095\n|switch|p2a: Sneasler|Sneasler, M|100\/100\n|-damage|p2a: Sneasler|95\/100|[from] Stealth Rock\n|-enditem|p2a: Sneasler|Grassy Seed\n|-boost|p2a: Sneasler|def|1|[from] item: Grassy Seed\n|turn|7\n|\n|t:|1701195105\n|switch|p1a: Tyranitar|Tyranitar, F|100\/100\n|-weather|Sandstorm|[from] ability: Sand Stream|[of] p1a: Tyranitar\n|move|p2a: Sneasler|Dire Claw|p1a: Tyranitar\n|-resisted|p1a: Tyranitar\n|-damage|p1a: Tyranitar|85\/100\n|-status|p1a: Tyranitar|par\n|\n|-weather|Sandstorm|[upkeep]\n|-damage|p2a: Sneasler|89\/100|[from] Sandstorm\n|-heal|p2a: Sneasler|95\/100|[from] Grassy Terrain\n|-heal|p1a: Tyranitar|92\/100 par|[from] Grassy Terrain\n|upkeep\n|turn|8\n|\n|t:|1701195127\n|move|p2a: Sneasler|Swords Dance|p2a: Sneasler\n|-boost|p2a: Sneasler|atk|2\n|move|p1a: Tyranitar|Rock Slide|p2a: Sneasler\n|-resisted|p2a: Sneasler\n|-damage|p2a: Sneasler|72\/100\n|\n|-weather|Sandstorm|[upkeep]\n|-damage|p2a: Sneasler|66\/100|[from] Sandstorm\n|-heal|p2a: Sneasler|72\/100|[from] Grassy Terrain\n|-heal|p1a: Tyranitar|98\/100 par|[from] Grassy Terrain\n|-fieldend|move: Grassy Terrain\n|upkeep\n|turn|9\n|\n|t:|1701195141\n|move|p2a: Sneasler|Dire Claw|p1a: Tyranitar\n|-resisted|p1a: Tyranitar\n|-damage|p1a: Tyranitar|67\/100 par\n|move|p1a: Tyranitar|Assurance|p2a: Sneasler\n|-resisted|p2a: Sneasler\n|-damage|p2a: Sneasler|53\/100\n|\n|-weather|Sandstorm|[upkeep]\n|-damage|p2a: Sneasler|47\/100|[from] Sandstorm\n|upkeep\n|turn|10\n|\n|t:|1701195150\n|move|p2a: Sneasler|Dire Claw|p1a: Tyranitar\n|-resisted|p1a: Tyranitar\n|-damage|p1a: Tyranitar|32\/100 par\n|move|p1a: Tyranitar|Rock Slide|p2a: Sneasler\n|-resisted|p2a: Sneasler\n|-damage|p2a: Sneasler|26\/100\n|\n|-weather|Sandstorm|[upkeep]\n|-damage|p2a: Sneasler|20\/100|[from] Sandstorm\n|upkeep\n|turn|11\n|\n|t:|1701195159\n|move|p2a: Sneasler|Dire Claw|p1a: Tyranitar\n|-resisted|p1a: Tyranitar\n|-damage|p1a: Tyranitar|0 fnt\n|faint|p1a: Tyranitar\n|\n|-weather|none\n|upkeep\n|\n|t:|1701195165\n|switch|p1a: Kommo-o|Kommo-o, M|100\/100\n|turn|12\n|\n|t:|1701195168\n|move|p2a: Sneasler|Acrobatics|p1a: Kommo-o\n|-supereffective|p1a: Kommo-o\n|-damage|p1a: Kommo-o|0 fnt\n|faint|p1a: Kommo-o\n|\n|upkeep\n|\n|t:|1701195172\n|switch|p1a: Lycanroc|Lycanroc, F|100\/100\n|turn|13\n|\n|t:|1701195181\n|move|p1a: Lycanroc|Accelerock|p2a: Sneasler\n|-resisted|p2a: Sneasler\n|-damage|p2a: Sneasler|7\/100\n|-damage|p1a: Lycanroc|91\/100|[from] item: Life Orb\n|move|p2a: Sneasler|Dire Claw|p1a: Lycanroc\n|-resisted|p1a: Lycanroc\n|-damage|p1a: Lycanroc|28\/100\n|\n|upkeep\n|turn|14\n|\n|t:|1701195192\n|move|p1a: Lycanroc|Accelerock|p2a: Sneasler\n|-resisted|p2a: Sneasler\n|-damage|p2a: Sneasler|0 fnt\n|faint|p2a: Sneasler\n|-damage|p1a: Lycanroc|18\/100|[from] item: Life Orb\n|\n|upkeep\n|\n|t:|1701195196\n|switch|p2a: Kartana|Kartana|100\/100\n|-damage|p2a: Kartana|94\/100|[from] Stealth Rock\n|turn|15\n|\n|t:|1701195212\n|move|p2a: Kartana|Sacred Sword|p1a: Lycanroc\n|-supereffective|p1a: Lycanroc\n|-damage|p1a: Lycanroc|0 fnt\n|faint|p1a: Lycanroc\n|-ability|p2a: Kartana|Beast Boost|boost\n|-boost|p2a: Kartana|atk|1\n|\n|upkeep\n|\n|t:|1701195217\n|switch|p1a: Dracozolt|Dracozolt|40\/100\n|turn|16\n|\n|t:|1701195224\n|move|p2a: Kartana|Sacred Sword|p1a: Dracozolt\n|-damage|p1a: Dracozolt|0 fnt\n|faint|p1a: Dracozolt\n|-ability|p2a: Kartana|Beast Boost|boost\n|-boost|p2a: Kartana|atk|1\n|\n|upkeep\n|\n|t:|1701195226\n|switch|p1a: Ursaluna|Ursaluna, M|100\/100\n|turn|17\n|\n|t:|1701195232\n|-terastallize|p1a: Ursaluna|Ghost\n|move|p2a: Kartana|Sacred Sword|p1a: Ursaluna\n|-immune|p1a: Ursaluna\n|move|p1a: Ursaluna|Bulk Up|p1a: Ursaluna\n|-boost|p1a: Ursaluna|atk|1\n|-boost|p1a: Ursaluna|def|1\n|\n|upkeep\n|turn|18\n|\n|t:|1701195242\n|switch|p2a: Tyranitar|Tyranitar, M|100\/100\n|-damage|p2a: Tyranitar|88\/100|[from] Stealth Rock\n|-weather|Sandstorm|[from] ability: Sand Stream|[of] p2a: Tyranitar\n|move|p1a: Ursaluna|Bulk Up|p1a: Ursaluna\n|-boost|p1a: Ursaluna|atk|1\n|-boost|p1a: Ursaluna|def|1\n|\n|-weather|Sandstorm|[upkeep]\n|-damage|p1a: Ursaluna|94\/100|[from] Sandstorm\n|-heal|p1a: Ursaluna|100\/100|[from] item: Leftovers\n|upkeep\n|turn|19\n|\n|t:|1701195250\n|move|p2a: Tyranitar|Knock Off|p1a: Ursaluna\n|-supereffective|p1a: Ursaluna\n|-damage|p1a: Ursaluna|63\/100\n|-enditem|p1a: Ursaluna|Leftovers|[from] move: Knock Off|[of] p2a: Tyranitar\n|move|p1a: Ursaluna|Drain Punch|p2a: Tyranitar\n|-supereffective|p2a: Tyranitar\n|-damage|p2a: Tyranitar|0 fnt\n|-heal|p1a: Ursaluna|100\/100|[from] drain|[of] p2a: Tyranitar\n|faint|p2a: Tyranitar\n|\n|-weather|Sandstorm|[upkeep]\n|-damage|p1a: Ursaluna|94\/100|[from] Sandstorm\n|upkeep\n|\n|t:|1701195277\n|switch|p2a: Kartana|Kartana|94\/100\n|-damage|p2a: Kartana|88\/100|[from] Stealth Rock\n|turn|20\n|\n|t:|1701195285\n|move|p2a: Kartana|Leaf Blade|p1a: Ursaluna\n|-damage|p1a: Ursaluna|71\/100\n|move|p1a: Ursaluna|Drain Punch|p2a: Kartana\n|-supereffective|p2a: Kartana\n|-damage|p2a: Kartana|0 fnt\n|-heal|p1a: Ursaluna|96\/100|[from] drain|[of] p2a: Kartana\n|faint|p2a: Kartana\n|\n|-weather|Sandstorm|[upkeep]\n|-damage|p1a: Ursaluna|90\/100|[from] Sandstorm\n|upkeep\n|\n|t:|1701195291\n|switch|p2a: Steelix|Steelix-Mega, F|73\/100 brn\n|-damage|p2a: Steelix|70\/100 brn|[from] Stealth Rock\n|turn|21\n|\n|t:|1701195302\n|move|p2a: Steelix|High Horsepower|p1a: Ursaluna\n|-damage|p1a: Ursaluna|80\/100\n|move|p1a: Ursaluna|Drain Punch|p2a: Steelix\n|-supereffective|p2a: Steelix\n|-damage|p2a: Steelix|9\/100 brn\n|-heal|p1a: Ursaluna|100\/100|[from] drain|[of] p2a: Steelix\n|\n|-weather|Sandstorm|[upkeep]\n|-damage|p1a: Ursaluna|94\/100|[from] Sandstorm\n|-damage|p2a: Steelix|3\/100 brn|[from] brn\n|upkeep\n|turn|22\n|\n|t:|1701195313\n|move|p2a: Steelix|High Horsepower|p1a: Ursaluna\n|-damage|p1a: Ursaluna|85\/100\n|move|p1a: Ursaluna|Body Slam|p2a: Steelix\n|-resisted|p2a: Steelix\n|-damage|p2a: Steelix|0 fnt\n|faint|p2a: Steelix\n|\n|-weather|none\n|upkeep\n|\n|t:|1701195316\n|switch|p2a: Rotom|Rotom-Wash|100\/100\n|-damage|p2a: Rotom|88\/100|[from] Stealth Rock\n|turn|23\n|\n|t:|1701195326\n|move|p2a: Rotom|Hydro Pump|p1a: Ursaluna\n|-crit|p1a: Ursaluna\n|-damage|p1a: Ursaluna|28\/100\n|move|p1a: Ursaluna|Earthquake|p2a: Rotom\n|-immune|p2a: Rotom|[from] ability: Levitate\n|\n|-heal|p2a: Rotom|94\/100|[from] item: Leftovers\n|upkeep\n|turn|24\n|\n|t:|1701195331\n|move|p2a: Rotom|Hydro Pump|p1a: Ursaluna|[miss]\n|-miss|p2a: Rotom|p1a: Ursaluna\n|move|p1a: Ursaluna|Drain Punch|p2a: Rotom\n|-damage|p2a: Rotom|39\/100\n|-heal|p1a: Ursaluna|46\/100|[from] drain|[of] p2a: Rotom\n|\n|-heal|p2a: Rotom|45\/100|[from] item: Leftovers\n|upkeep\n|turn|25\n|\n|t:|1701195338\n|move|p2a: Rotom|Hydro Pump|p1a: Ursaluna\n|-damage|p1a: Ursaluna|10\/100\n|move|p1a: Ursaluna|Drain Punch|p2a: Rotom\n|-damage|p2a: Rotom|0 fnt\n|-heal|p1a: Ursaluna|25\/100|[from] drain|[of] p2a: Rotom\n|faint|p2a: Rotom\n|\n|win|StormFox2004\n|raw|StormFox2004's rating: 1192 &rarr; <strong>1218<\/strong><br \/>(+26 for winning)\n|raw|Ujoh's rating: 1206 &rarr; <strong>1180<\/strong><br \/>(-26 for losing)\n|l|\u2606Ujoh\n|c|\u2606StormFox2004|Gg\n","uploadtime":1701195353,"views":10,"p1id":"stormfox2004","p2id":"ujoh","formatid":"gen9nationaldex","rating":1180,"private":0,"password":""}