{"id":"gen9nationaldex-1997525763","p1":"Prtbl_Trash","p2":"turtle lover 069","format":"[Gen 9] National Dex","log":"|html|<div class=\"broadcast-blue\"><strong>[Gen 9] National Dex is currently suspecting Sneasler! For information on how to participate check out the <a href=\"https:\/\/www.smogon.com\/forums\/threads\/sv-national-dex-suspect-8-just-dance.3731534\/\">suspect thread<\/a>.<\/strong><\/div>\n|j|\u2606Prtbl_Trash\n|j|\u2606turtle lover 069\n|t:|1700820236\n|gametype|singles\n|player|p1|Prtbl_Trash|rosa|1283\n|player|p2|turtle lover 069|unknown|1276\n|teamsize|p1|6\n|teamsize|p2|6\n|gen|9\n|tier|[Gen 9] National Dex\n|rated|\n|rule|HP Percentage Mod: HP is shown in percentages\n|rule|Endless Battle Clause: Forcing endless battles is banned\n|rule|OHKO Clause: OHKO moves are banned\n|rule|Evasion Clause: Evasion abilities, items, and moves are banned\n|rule|Evasion Abilities Clause: Evasion abilities are banned\n|rule|Evasion Items Clause: Evasion items are banned\n|rule|Evasion Moves Clause: Evasion moves are banned\n|rule|Species Clause: Limit one of each Pok\u00e9mon\n|rule|Sleep Clause Mod: Limit one foe put to sleep\n|clearpoke\n|poke|p1|Toxtricity, M|\n|poke|p1|Heatran, F|\n|poke|p1|Gliscor, F|\n|poke|p1|Samurott-Hisui, M|\n|poke|p1|Sinistcha|\n|poke|p1|Garganacl, M|\n|poke|p2|Milotic, F|\n|poke|p2|Scizor, F|\n|poke|p2|Landorus-Therian, M|\n|poke|p2|Gliscor, M|\n|poke|p2|Iron Valiant|\n|poke|p2|Tapu Lele|\n|teampreview\n|inactive|Battle timer is ON: inactive players will automatically lose when time's up. (requested by turtle lover 069)\n|inactive|Prtbl_Trash also wants the timer to be on.\n|\n|t:|1700820243\n|start\n|switch|p1a: Toxtricity|Toxtricity, M|100\/100\n|switch|p2a: Landorus|Landorus-Therian, M|100\/100\n|-ability|p2a: Landorus|Intimidate|boost\n|-unboost|p1a: Toxtricity|atk|1\n|turn|1\n|\n|t:|1700820246\n|-terastallize|p1a: Toxtricity|Normal\n|move|p1a: Toxtricity|Boomburst|p2a: Landorus\n|-damage|p2a: Landorus|7\/100\n|move|p2a: Landorus|U-turn|p1a: Toxtricity\n|-damage|p1a: Toxtricity|64\/100\n|\n|t:|1700820259\n|switch|p2a: Iron Valiant|Iron Valiant|100\/100|[from] U-turn\n|-enditem|p2a: Iron Valiant|Booster Energy\n|-activate|p2a: Iron Valiant|ability: Quark Drive|[fromitem]\n|-start|p2a: Iron Valiant|quarkdrivespe\n|\n|upkeep\n|turn|2\n|\n|t:|1700820264\n|switch|p1a: Sinistcha|Sinistcha|100\/100\n|move|p2a: Iron Valiant|Aura Sphere|p1a: Sinistcha\n|-immune|p1a: Sinistcha\n|\n|upkeep\n|turn|3\n|\n|t:|1700820268\n|move|p2a: Iron Valiant|Moonblast|p1a: Sinistcha\n|-damage|p1a: Sinistcha|52\/100\n|move|p1a: Sinistcha|Calm Mind|p1a: Sinistcha\n|-boost|p1a: Sinistcha|spa|1\n|-boost|p1a: Sinistcha|spd|1\n|\n|-heal|p1a: Sinistcha|58\/100|[from] item: Leftovers\n|upkeep\n|turn|4\n|\n|t:|1700820277\n|move|p2a: Iron Valiant|Encore|p1a: Sinistcha\n|-start|p1a: Sinistcha|Encore\n|move|p1a: Sinistcha|Calm Mind|p1a: Sinistcha\n|-boost|p1a: Sinistcha|spa|1\n|-boost|p1a: Sinistcha|spd|1\n|\n|-heal|p1a: Sinistcha|64\/100|[from] item: Leftovers\n|upkeep\n|turn|5\n|\n|t:|1700820280\n|move|p2a: Iron Valiant|Calm Mind|p2a: Iron Valiant\n|-boost|p2a: Iron Valiant|spa|1\n|-boost|p2a: Iron Valiant|spd|1\n|move|p1a: Sinistcha|Calm Mind|p1a: Sinistcha\n|-boost|p1a: Sinistcha|spa|1\n|-boost|p1a: Sinistcha|spd|1\n|\n|-heal|p1a: Sinistcha|70\/100|[from] item: Leftovers\n|upkeep\n|turn|6\n|\n|t:|1700820283\n|move|p2a: Iron Valiant|Calm Mind|p2a: Iron Valiant\n|-boost|p2a: Iron Valiant|spa|1\n|-boost|p2a: Iron Valiant|spd|1\n|move|p1a: Sinistcha|Calm Mind|p1a: Sinistcha\n|-boost|p1a: Sinistcha|spa|1\n|-boost|p1a: Sinistcha|spd|1\n|\n|-heal|p1a: Sinistcha|76\/100|[from] item: Leftovers\n|-end|p1a: Sinistcha|Encore\n|upkeep\n|turn|7\n|\n|t:|1700820288\n|move|p2a: Iron Valiant|Encore|p1a: Sinistcha\n|-start|p1a: Sinistcha|Encore\n|move|p1a: Sinistcha|Calm Mind|p1a: Sinistcha\n|-boost|p1a: Sinistcha|spa|1\n|-boost|p1a: Sinistcha|spd|1\n|\n|-heal|p1a: Sinistcha|82\/100|[from] item: Leftovers\n|upkeep\n|turn|8\n|\n|t:|1700820295\n|switch|p1a: Toxtricity|Toxtricity, M, tera:Normal|64\/100\n|move|p2a: Iron Valiant|Moonblast|p1a: Toxtricity\n|-damage|p1a: Toxtricity|0 fnt\n|faint|p1a: Toxtricity\n|\n|upkeep\n|\n|t:|1700820300\n|switch|p1a: Heatran|Heatran, F|100\/100\n|turn|9\n|\n|t:|1700820306\n|move|p2a: Iron Valiant|Aura Sphere|p1a: Heatran\n|-supereffective|p1a: Heatran\n|-damage|p1a: Heatran|0 fnt\n|faint|p1a: Heatran\n|\n|upkeep\n|\n|t:|1700820313\n|switch|p1a: Sinistcha|Sinistcha|82\/100\n|turn|10\n|\n|t:|1700820316\n|-terastallize|p2a: Iron Valiant|Fairy\n|move|p2a: Iron Valiant|Moonblast|p1a: Sinistcha\n|-damage|p1a: Sinistcha|0 fnt\n|faint|p1a: Sinistcha\n|\n|upkeep\n|-message|Prtbl_Trash forfeited.\n|\n|win|turtle lover 069\n|raw|Prtbl_Trash's rating: 1283 &rarr; <strong>1257<\/strong><br \/>(-26 for losing)\n|raw|turtle lover 069's rating: 1276 &rarr; <strong>1302<\/strong><br \/>(+26 for winning)\n|l|\u2606Prtbl_Trash\n","uploadtime":1700820329,"views":8,"p1id":"prtbltrash","p2id":"turtlelover069","formatid":"gen9nationaldex","rating":1257,"private":0,"password":""}