{"id":"gen9nationaldex-1992609898","p1":"Mrcrabfab","p2":"KarmaNightraide","format":"[Gen 9] National Dex","log":"|j|\u2606Mrcrabfab\n|j|\u2606KarmaNightraide\n|t:|1700214240\n|gametype|singles\n|player|p1|Mrcrabfab|265|1194\n|player|p2|KarmaNightraide|unknown|1186\n|teamsize|p1|6\n|teamsize|p2|6\n|gen|9\n|tier|[Gen 9] National Dex\n|rated|\n|rule|HP Percentage Mod: HP is shown in percentages\n|rule|Endless Battle Clause: Forcing endless battles is banned\n|rule|OHKO Clause: OHKO moves are banned\n|rule|Evasion Clause: Evasion abilities, items, and moves are banned\n|rule|Evasion Abilities Clause: Evasion abilities are banned\n|rule|Evasion Items Clause: Evasion items are banned\n|rule|Evasion Moves Clause: Evasion moves are banned\n|rule|Species Clause: Limit one of each Pok\u00e9mon\n|rule|Sleep Clause Mod: Limit one foe put to sleep\n|clearpoke\n|poke|p1|Kleavor, F|\n|poke|p1|Gliscor, M|\n|poke|p1|Pikachu, F|\n|poke|p1|Hawlucha, F|\n|poke|p1|Rillaboom, M|\n|poke|p1|Alomomola, F|\n|poke|p2|Basculegion-F, F|\n|poke|p2|Mimikyu, M|\n|poke|p2|Banette, F|\n|poke|p2|Polteageist-Antique|\n|poke|p2|Dhelmise|\n|poke|p2|Skeledirge, M|\n|teampreview\n|\n|t:|1700214264\n|start\n|switch|p1a: Kleavor|Kleavor, F|100\/100\n|switch|p2a: Go to sleep...|Banette, F|100\/100\n|turn|1\n|\n|t:|1700214279\n|detailschange|p2a: Go to sleep...|Banette-Mega, F\n|-mega|p2a: Go to sleep...|Banette|Banettite\n|move|p2a: Go to sleep...|Destiny Bond|p2a: Go to sleep...\n|-singlemove|p2a: Go to sleep...|Destiny Bond\n|move|p1a: Kleavor|Stone Axe|p2a: Go to sleep...\n|-damage|p2a: Go to sleep...|0 fnt\n|-sidestart|p2: KarmaNightraide|move: Stealth Rock\n|faint|p2a: Go to sleep...\n|-activate|p2a: Go to sleep...|move: Destiny Bond\n|faint|p1a: Kleavor\n|\n|upkeep\n|\n|t:|1700214291\n|switch|p1a: Rillaboom|Rillaboom, M|100\/100\n|switch|p2a: Dundy|Skeledirge, M|100\/100\n|-fieldstart|move: Grassy Terrain|[from] ability: Grassy Surge|[of] p1a: Rillaboom\n|-damage|p2a: Dundy|76\/100|[from] Stealth Rock\n|turn|2\n|\n|t:|1700214302\n|-terastallize|p2a: Dundy|Fire\n|move|p1a: Rillaboom|Fake Out|p2a: Dundy\n|-damage|p2a: Dundy|62\/100\n|cant|p2a: Dundy|flinch\n|\n|-heal|p2a: Dundy|68\/100|[from] Grassy Terrain\n|-heal|p2a: Dundy|74\/100|[from] item: Leftovers\n|upkeep\n|turn|3\n|\n|t:|1700214314\n|move|p1a: Rillaboom|Taunt|p2a: Dundy\n|-start|p2a: Dundy|move: Taunt\n|cant|p2a: Dundy|move: Taunt|Will-O-Wisp\n|\n|-heal|p2a: Dundy|80\/100|[from] Grassy Terrain\n|-heal|p2a: Dundy|86\/100|[from] item: Leftovers\n|upkeep\n|turn|4\n|\n|t:|1700214324\n|switch|p1a: Hawlucha|Hawlucha, F|100\/100\n|-enditem|p1a: Hawlucha|Grassy Seed\n|-boost|p1a: Hawlucha|def|1|[from] item: Grassy Seed\n|move|p2a: Dundy|Torch Song|p1a: Hawlucha\n|-damage|p1a: Hawlucha|28\/100\n|-boost|p2a: Dundy|spa|1\n|\n|-heal|p2a: Dundy|92\/100|[from] Grassy Terrain\n|-heal|p2a: Dundy|98\/100|[from] item: Leftovers\n|upkeep\n|turn|5\n|\n|t:|1700214347\n|move|p1a: Hawlucha|High Jump Kick|p2a: Dundy\n|-damage|p2a: Dundy|41\/100\n|move|p2a: Dundy|Torch Song|p1a: Hawlucha\n|-damage|p1a: Hawlucha|0 fnt\n|-boost|p2a: Dundy|spa|1\n|faint|p1a: Hawlucha\n|\n|-heal|p2a: Dundy|47\/100|[from] Grassy Terrain\n|-heal|p2a: Dundy|53\/100|[from] item: Leftovers\n|-end|p2a: Dundy|move: Taunt\n|upkeep\n|\n|t:|1700214353\n|switch|p1a: Pikachu|Pikachu, F, shiny|100\/100\n|turn|6\n|\n|t:|1700214370\n|-terastallize|p1a: Pikachu|Normal\n|move|p1a: Pikachu|Fake Out|p2a: Dundy\n|-damage|p2a: Dundy|26\/100\n|cant|p2a: Dundy|flinch\n|\n|-heal|p2a: Dundy|32\/100|[from] Grassy Terrain\n|-heal|p2a: Dundy|38\/100|[from] item: Leftovers\n|-fieldend|move: Grassy Terrain\n|upkeep\n|turn|7\n|\n|t:|1700214380\n|move|p1a: Pikachu|Extreme Speed|p2a: Dundy\n|-damage|p2a: Dundy|0 fnt\n|faint|p2a: Dundy\n|\n|upkeep\n|\n|t:|1700214386\n|switch|p2a: Lil guy my man|Mimikyu, M|100\/100\n|-damage|p2a: Lil guy my man|88\/100|[from] Stealth Rock\n|turn|8\n|\n|t:|1700214391\n|move|p2a: Lil guy my man|Swords Dance|p2a: Lil guy my man\n|-boost|p2a: Lil guy my man|atk|2\n|move|p1a: Pikachu|Volt Tackle|p2a: Lil guy my man\n|-activate|p2a: Lil guy my man|ability: Disguise\n|-damage|p2a: Lil guy my man|88\/100\n|detailschange|p2a: Lil guy my man|Mimikyu-Busted, M\n|-damage|p2a: Lil guy my man|76\/100|[from] pokemon: Mimikyu-Busted\n|\n|upkeep\n|turn|9\n|\n|t:|1700214401\n|move|p2a: Lil guy my man|Drain Punch|p1a: Pikachu\n|-supereffective|p1a: Pikachu\n|-damage|p1a: Pikachu|0 fnt\n|-heal|p2a: Lil guy my man|100\/100|[from] drain|[of] p1a: Pikachu\n|faint|p1a: Pikachu\n|\n|upkeep\n|\n|t:|1700214409\n|switch|p1a: Gliscor|Gliscor, M|100\/100\n|turn|10\n|\n|t:|1700214427\n|move|p2a: Lil guy my man|Swords Dance|p2a: Lil guy my man\n|-boost|p2a: Lil guy my man|atk|2\n|move|p1a: Gliscor|Earthquake|p2a: Lil guy my man\n|-damage|p2a: Lil guy my man|37\/100\n|\n|-status|p1a: Gliscor|tox|[from] item: Toxic Orb\n|upkeep\n|turn|11\n|\n|t:|1700214437\n|-zpower|p2a: Lil guy my man\n|move|p2a: Lil guy my man|Let's Snuggle Forever|p1a: Gliscor|[zeffect]\n|-damage|p1a: Gliscor|0 fnt\n|faint|p1a: Gliscor\n|\n|upkeep\n|\n|t:|1700214444\n|switch|p1a: Alomomola|Alomomola, F|100\/100\n|turn|12\n|\n|t:|1700214454\n|move|p2a: Lil guy my man|Drain Punch|p1a: Alomomola\n|-damage|p1a: Alomomola|71\/100\n|-heal|p2a: Lil guy my man|68\/100|[from] drain|[of] p1a: Alomomola\n|move|p1a: Alomomola|Knock Off|p2a: Lil guy my man\n|-damage|p2a: Lil guy my man|50\/100\n|\n|-heal|p1a: Alomomola|77\/100|[from] item: Leftovers\n|upkeep\n|turn|13\n|\n|t:|1700214463\n|move|p1a: Alomomola|Aqua Jet|p2a: Lil guy my man\n|-damage|p2a: Lil guy my man|32\/100\n|move|p2a: Lil guy my man|Drain Punch|p1a: Alomomola\n|-damage|p1a: Alomomola|44\/100\n|-heal|p2a: Lil guy my man|67\/100|[from] drain|[of] p1a: Alomomola\n|\n|-heal|p1a: Alomomola|50\/100|[from] item: Leftovers\n|upkeep\n|turn|14\n|-message|Mrcrabfab forfeited.\n|\n|win|KarmaNightraide\n|raw|Mrcrabfab's rating: 1194 &rarr; <strong>1168<\/strong><br \/>(-26 for losing)\n|raw|KarmaNightraide's rating: 1186 &rarr; <strong>1212<\/strong><br \/>(+26 for winning)\n|l|\u2606Mrcrabfab\n","uploadtime":1700214482,"views":5,"p1id":"mrcrabfab","p2id":"karmanightraide","formatid":"gen9nationaldex","rating":1168,"private":0,"password":""}