{"id":"gen9nationaldex-1996685216","p1":"WallaceTortuga","p2":"ZIllagOd12","format":"[Gen 9] National Dex","log":"|html|<div class=\"broadcast-blue\"><strong>[Gen 9] National Dex is currently suspecting Sneasler! For information on how to participate check out the <a href=\"https:\/\/www.smogon.com\/forums\/threads\/sv-national-dex-suspect-8-just-dance.3731534\/\">suspect thread<\/a>.<\/strong><\/div>\n|j|\u2606WallaceTortuga\n|j|\u2606ZIllagOd12\n|t:|1700709508\n|gametype|singles\n|player|p1|WallaceTortuga|101|1055\n|player|p2|ZIllagOd12|bellelba|1028\n|teamsize|p1|6\n|teamsize|p2|6\n|gen|9\n|tier|[Gen 9] National Dex\n|rated|\n|rule|HP Percentage Mod: HP is shown in percentages\n|rule|Endless Battle Clause: Forcing endless battles is banned\n|rule|OHKO Clause: OHKO moves are banned\n|rule|Evasion Clause: Evasion abilities, items, and moves are banned\n|rule|Evasion Abilities Clause: Evasion abilities are banned\n|rule|Evasion Items Clause: Evasion items are banned\n|rule|Evasion Moves Clause: Evasion moves are banned\n|rule|Species Clause: Limit one of each Pok\u00e9mon\n|rule|Sleep Clause Mod: Limit one foe put to sleep\n|clearpoke\n|poke|p1|Smeargle, F|\n|poke|p1|Hoopa-Unbound|\n|poke|p1|Haxorus, F|\n|poke|p1|Chandelure, F|\n|poke|p1|Heracross, M|\n|poke|p1|Shuckle, F|\n|poke|p2|Infernape, M|\n|poke|p2|Scyther, F|\n|poke|p2|Brute Bonnet|\n|poke|p2|Magnezone|\n|poke|p2|Ursaluna, F|\n|poke|p2|Gyarados, F|\n|teampreview\n|\n|t:|1700709513\n|start\n|switch|p1a: Smeargle|Smeargle, F|100\/100\n|switch|p2a: Magnezone|Magnezone|100\/100\n|turn|1\n|\n|t:|1700709523\n|move|p1a: Smeargle|Sticky Web|p2a: Magnezone\n|-sidestart|p2: ZIllagOd12|move: Sticky Web\n|move|p2a: Magnezone|Thunderbolt|p1a: Smeargle\n|-enditem|p1a: Smeargle|Focus Sash\n|-damage|p1a: Smeargle|1\/100\n|\n|upkeep\n|turn|2\n|\n|t:|1700709534\n|switch|p2a: Scyther|Scyther, F|100\/100\n|move|p1a: Smeargle|Memento|p2a: Scyther\n|-unboost|p2a: Scyther|atk|2\n|-unboost|p2a: Scyther|spa|2\n|faint|p1a: Smeargle\n|\n|upkeep\n|c|\u2606ZIllagOd12|oh\n|\n|t:|1700709550\n|switch|p1a: Haxorus|Haxorus, F|100\/100\n|-ability|p1a: Haxorus|Mold Breaker\n|turn|3\n|c|\u2606ZIllagOd12|i forgot that was a thing\n|c|\u2606WallaceTortuga|an egg is about to hatch?\n|\n|t:|1700709561\n|switch|p2a: Magnezone|Magnezone|100\/100\n|-activate|p2a: Magnezone|move: Sticky Web\n|-unboost|p2a: Magnezone|spe|1\n|move|p1a: Haxorus|First Impression|p2a: Magnezone\n|-resisted|p2a: Magnezone\n|-damage|p2a: Magnezone|82\/100\n|-damage|p1a: Haxorus|91\/100|[from] item: Life Orb\n|\n|upkeep\n|turn|4\n|c|\u2606ZIllagOd12|no\n|c|\u2606ZIllagOd12|but you better sramble like an egg before you get folded like an omolette\n|\n|t:|1700709588\n|move|p1a: Haxorus|Earthquake|p2a: Magnezone\n|-supereffective|p2a: Magnezone\n|-damage|p2a: Magnezone|0 fnt\n|faint|p2a: Magnezone\n|-damage|p1a: Haxorus|81\/100|[from] item: Life Orb\n|\n|upkeep\n|\n|t:|1700709596\n|switch|p2a: Scyther|Scyther, F|100\/100\n|turn|5\n|\n|t:|1700709608\n|-terastallize|p2a: Scyther|Normal\n|move|p1a: Haxorus|Outrage|p2a: Scyther\n|-damage|p2a: Scyther|21\/100\n|-damage|p1a: Haxorus|71\/100|[from] item: Life Orb\n|move|p2a: Scyther|Swords Dance|p2a: Scyther\n|-boost|p2a: Scyther|atk|2\n|\n|upkeep\n|turn|6\n|\n|t:|1700709616\n|move|p2a: Scyther|Quick Attack|p1a: Haxorus\n|-damage|p1a: Haxorus|0 fnt\n|faint|p1a: Haxorus\n|\n|upkeep\n|\n|t:|1700709624\n|switch|p1a: Chandelure|Chandelure, F|100\/100\n|turn|7\n|\n|t:|1700709634\n|move|p2a: Scyther|Aerial Ace|p1a: Chandelure\n|-damage|p1a: Chandelure|0 fnt\n|faint|p1a: Chandelure\n|\n|upkeep\n|c|\u2606WallaceTortuga|shit\n|\n|t:|1700709642\n|switch|p1a: Shuckle|Shuckle, F|100\/100\n|turn|8\n|\n|t:|1700709645\n|move|p2a: Scyther|Trailblaze|p1a: Shuckle\n|-damage|p1a: Shuckle|65\/100\n|-boost|p2a: Scyther|spe|1\n|move|p1a: Shuckle|Ancient Power|p2a: Scyther\n|-damage|p2a: Scyther|16\/100\n|\n|upkeep\n|turn|9\n|\n|t:|1700709655\n|move|p2a: Scyther|Trailblaze|p1a: Shuckle\n|-crit|p1a: Shuckle\n|-damage|p1a: Shuckle|17\/100\n|-boost|p2a: Scyther|spe|1\n|-enditem|p1a: Shuckle|Salac Berry|[eat]\n|-boost|p1a: Shuckle|spe|1|[from] item: Salac Berry\n|move|p1a: Shuckle|Ancient Power|p2a: Scyther\n|-damage|p2a: Scyther|12\/100\n|\n|upkeep\n|turn|10\n|\n|t:|1700709664\n|move|p2a: Scyther|Trailblaze|p1a: Shuckle\n|-damage|p1a: Shuckle|0 fnt\n|-boost|p2a: Scyther|spe|1\n|faint|p1a: Shuckle\n|\n|upkeep\n|\n|t:|1700709672\n|switch|p1a: Hoopa|Hoopa-Unbound|100\/100\n|turn|11\n|\n|t:|1700709678\n|move|p2a: Scyther|Quick Attack|p1a: Hoopa\n|-damage|p1a: Hoopa|16\/100\n|-enditem|p1a: Hoopa|Sitrus Berry|[eat]\n|-heal|p1a: Hoopa|41\/100|[from] item: Sitrus Berry\n|move|p1a: Hoopa|Psychic|p2a: Scyther\n|-damage|p2a: Scyther|0 fnt\n|faint|p2a: Scyther\n|\n|upkeep\n|\n|t:|1700709689\n|switch|p2a: Brute Bonnet|Brute Bonnet|100\/100\n|-activate|p2a: Brute Bonnet|move: Sticky Web\n|-unboost|p2a: Brute Bonnet|spe|1\n|turn|12\n|\n|t:|1700709696\n|switch|p1a: Heracross|Heracross, M|100\/100\n|move|p2a: Brute Bonnet|Sunny Day|p2a: Brute Bonnet\n|-weather|SunnyDay\n|-activate|p2a: Brute Bonnet|ability: Protosynthesis\n|-start|p2a: Brute Bonnet|protosynthesisatk\n|\n|-weather|SunnyDay|[upkeep]\n|upkeep\n|turn|13\n|\n|t:|1700709718\n|detailschange|p1a: Heracross|Heracross-Mega, M\n|-mega|p1a: Heracross|Heracross|Heracronite\n|move|p2a: Brute Bonnet|Sucker Punch|p1a: Heracross\n|-resisted|p1a: Heracross\n|-damage|p1a: Heracross|80\/100\n|move|p1a: Heracross|Pin Missile|p2a: Brute Bonnet\n|-supereffective|p2a: Brute Bonnet\n|-damage|p2a: Brute Bonnet|40\/100\n|-supereffective|p2a: Brute Bonnet\n|-damage|p2a: Brute Bonnet|0 fnt\n|faint|p2a: Brute Bonnet\n|-end|p2a: Brute Bonnet|Protosynthesis|[silent]\n|-hitcount|p2: Brute Bonnet|2\n|\n|-weather|SunnyDay|[upkeep]\n|upkeep\n|\n|t:|1700709728\n|switch|p2a: Gyarados|Gyarados, F|100\/100\n|-ability|p2a: Gyarados|Intimidate|boost\n|-unboost|p1a: Heracross|atk|1\n|turn|14\n|\n|t:|1700709738\n|detailschange|p2a: Gyarados|Gyarados-Mega, F\n|-mega|p2a: Gyarados|Gyarados|Gyaradosite\n|-ability|p2a: Gyarados|Mold Breaker\n|move|p2a: Gyarados|Dragon Dance|p2a: Gyarados\n|-boost|p2a: Gyarados|atk|1\n|-boost|p2a: Gyarados|spe|1\n|move|p1a: Heracross|Bullet Seed|p2a: Gyarados\n|-supereffective|p2a: Gyarados\n|-damage|p2a: Gyarados|85\/100\n|-supereffective|p2a: Gyarados\n|-damage|p2a: Gyarados|69\/100\n|-supereffective|p2a: Gyarados\n|-damage|p2a: Gyarados|54\/100\n|-supereffective|p2a: Gyarados\n|-damage|p2a: Gyarados|36\/100\n|-supereffective|p2a: Gyarados\n|-damage|p2a: Gyarados|19\/100\n|-hitcount|p2a: Gyarados|5\n|\n|-weather|SunnyDay|[upkeep]\n|upkeep\n|turn|15\n|\n|t:|1700709754\n|move|p2a: Gyarados|Waterfall|p1a: Heracross\n|-damage|p1a: Heracross|49\/100\n|move|p1a: Heracross|Bullet Seed|p2a: Gyarados\n|-supereffective|p2a: Gyarados\n|-damage|p2a: Gyarados|3\/100\n|-supereffective|p2a: Gyarados\n|-damage|p2a: Gyarados|0 fnt\n|faint|p2a: Gyarados\n|-hitcount|p2: Gyarados|2\n|\n|-weather|SunnyDay|[upkeep]\n|upkeep\n|c|\u2606ZIllagOd12|i lose\n|\n|t:|1700709763\n|switch|p2a: Infernape|Infernape, M|100\/100\n|-activate|p2a: Infernape|move: Sticky Web\n|-unboost|p2a: Infernape|spe|1\n|turn|16\n|\n|t:|1700709769\n|move|p2a: Infernape|Mach Punch|p1a: Heracross\n|-resisted|p1a: Heracross\n|-damage|p1a: Heracross|39\/100\n|move|p1a: Heracross|Rock Blast|p2a: Infernape\n|-damage|p2a: Infernape|89\/100\n|-damage|p2a: Infernape|74\/100\n|-damage|p2a: Infernape|61\/100\n|-damage|p2a: Infernape|48\/100\n|-damage|p2a: Infernape|36\/100\n|-hitcount|p2a: Infernape|5\n|\n|-weather|none\n|upkeep\n|turn|17\n|\n|t:|1700709787\n|move|p2a: Infernape|Mach Punch|p1a: Heracross\n|-resisted|p1a: Heracross\n|-damage|p1a: Heracross|28\/100\n|move|p1a: Heracross|Rock Blast|p2a: Infernape\n|-damage|p2a: Infernape|23\/100\n|-damage|p2a: Infernape|11\/100\n|-crit|p2a: Infernape\n|-damage|p2a: Infernape|0 fnt\n|faint|p2a: Infernape\n|-hitcount|p2: Infernape|3\n|\n|upkeep\n|\n|t:|1700709796\n|switch|p2a: Ursaluna|Ursaluna, F|100\/100\n|-activate|p2a: Ursaluna|move: Sticky Web\n|-unboost|p2a: Ursaluna|spe|1\n|turn|18\n|\n|t:|1700709803\n|move|p1a: Heracross|Pin Missile|p2a: Ursaluna\n|-damage|p2a: Ursaluna|92\/100\n|-damage|p2a: Ursaluna|83\/100\n|-damage|p2a: Ursaluna|73\/100\n|-damage|p2a: Ursaluna|64\/100\n|-damage|p2a: Ursaluna|55\/100\n|-hitcount|p2a: Ursaluna|5\n|move|p2a: Ursaluna|Earthquake|p1a: Heracross\n|-resisted|p1a: Heracross\n|-damage|p1a: Heracross|1\/100\n|\n|-status|p2a: Ursaluna|brn|[from] item: Flame Orb\n|upkeep\n|turn|19\n|c|\u2606WallaceTortuga|WOW\n|c|\u2606ZIllagOd12|bullet seed would probably have one shot\n|c|\u2606WallaceTortuga|oh i didnt know that was a ground type lol\n|\n|t:|1700709833\n|move|p1a: Heracross|Bullet Seed|p2a: Ursaluna\n|-supereffective|p2a: Ursaluna\n|-damage|p2a: Ursaluna|43\/100 brn\n|-supereffective|p2a: Ursaluna\n|-damage|p2a: Ursaluna|30\/100 brn\n|-supereffective|p2a: Ursaluna\n|-damage|p2a: Ursaluna|18\/100 brn\n|-supereffective|p2a: Ursaluna\n|-damage|p2a: Ursaluna|7\/100 brn\n|-supereffective|p2a: Ursaluna\n|-damage|p2a: Ursaluna|0 fnt\n|faint|p2a: Ursaluna\n|-hitcount|p2: Ursaluna|5\n|\n|win|WallaceTortuga\n|raw|WallaceTortuga's rating: 1055 &rarr; <strong>1084<\/strong><br \/>(+29 for winning)\n|raw|ZIllagOd12's rating: 1028 &rarr; <strong>1015<\/strong><br \/>(-13 for losing)\n|c|\u2606WallaceTortuga|gg wp\n|c|\u2606ZIllagOd12|gg\n|c|\u2606WallaceTortuga|that was a really good game\n|c|\u2606ZIllagOd12|it was\n|c|\u2606WallaceTortuga|gl next game\n|l|\u2606ZIllagOd12\n","uploadtime":1700709864,"views":6,"p1id":"wallacetortuga","p2id":"zillagod12","formatid":"gen9nationaldex","rating":1015,"private":0,"password":""}