{"id":"gen9nationaldex-1996298013","p1":"pitiman","p2":"AjoFC","format":"[Gen 9] National Dex","log":"|html|<div class=\"broadcast-blue\"><strong>[Gen 9] National Dex is currently suspecting Sneasler! For information on how to participate check out the <a href=\"https:\/\/www.smogon.com\/forums\/threads\/sv-national-dex-suspect-8-just-dance.3731534\/\">suspect thread<\/a>.<\/strong><\/div>\n|j|\u2606pitiman\n|j|\u2606AjoFC\n|t:|1700668738\n|gametype|singles\n|player|p1|pitiman|cheren-gen5bw2|\n|player|p2|AjoFC|juggler|\n|teamsize|p1|6\n|teamsize|p2|6\n|gen|9\n|tier|[Gen 9] National Dex\n|rule|HP Percentage Mod: HP is shown in percentages\n|rule|Endless Battle Clause: Forcing endless battles is banned\n|rule|OHKO Clause: OHKO moves are banned\n|rule|Evasion Clause: Evasion abilities, items, and moves are banned\n|rule|Evasion Abilities Clause: Evasion abilities are banned\n|rule|Evasion Items Clause: Evasion items are banned\n|rule|Evasion Moves Clause: Evasion moves are banned\n|rule|Species Clause: Limit one of each Pok\u00e9mon\n|rule|Sleep Clause Mod: Limit one foe put to sleep\n|clearpoke\n|poke|p1|Scizor, F|\n|poke|p1|Alomomola, F|\n|poke|p1|Gliscor, M|\n|poke|p1|Chansey, F|\n|poke|p1|Latios, M|\n|poke|p1|Xurkitree|\n|poke|p2|Maushold-Four|\n|poke|p2|Lopunny, F|\n|poke|p2|Ditto|\n|poke|p2|Porygon-Z|\n|poke|p2|Zoroark-Hisui, M|\n|poke|p2|Dondozo, F|\n|teampreview\n|inactive|Battle timer is ON: inactive players will automatically lose when time's up. (requested by AjoFC)\n|\n|t:|1700668761\n|start\n|switch|p1a: Scizor|Scizor, F|100\/100\n|switch|p2a: OwO|Lopunny, F|100\/100\n|turn|1\n|\n|t:|1700668768\n|switch|p1a: Alomomola|Alomomola, F|100\/100\n|detailschange|p2a: OwO|Lopunny-Mega, F\n|-mega|p2a: OwO|Lopunny|Lopunnite\n|move|p2a: OwO|Fake Out|p1a: Alomomola\n|-damage|p1a: Alomomola|90\/100\n|\n|-heal|p1a: Alomomola|96\/100|[from] item: Leftovers\n|upkeep\n|turn|2\n|\n|t:|1700668778\n|move|p2a: OwO|Power-Up Punch|p1a: Alomomola\n|-damage|p1a: Alomomola|85\/100\n|-boost|p2a: OwO|atk|1\n|move|p1a: Alomomola|Toxic|p2a: OwO\n|-status|p2a: OwO|tox\n|\n|-heal|p1a: Alomomola|91\/100|[from] item: Leftovers\n|-damage|p2a: OwO|95\/100 tox|[from] psn\n|upkeep\n|turn|3\n|j| Sai4rr\n|j| Sylveon(404)\n|\n|t:|1700668791\n|move|p2a: OwO|Power-Up Punch|p1a: Alomomola\n|-damage|p1a: Alomomola|76\/100\n|-boost|p2a: OwO|atk|1\n|move|p1a: Alomomola|Wish|p1a: Alomomola\n|\n|-heal|p1a: Alomomola|82\/100|[from] item: Leftovers\n|-damage|p2a: OwO|83\/100 tox|[from] psn\n|upkeep\n|turn|4\n|\n|t:|1700668801\n|move|p1a: Alomomola|Protect|p1a: Alomomola\n|-singleturn|p1a: Alomomola|Protect\n|move|p2a: OwO|Power-Up Punch|p1a: Alomomola\n|-activate|p1a: Alomomola|move: Protect\n|\n|-heal|p1a: Alomomola|100\/100|[from] move: Wish|[wisher] Alomomola\n|-damage|p2a: OwO|65\/100 tox|[from] psn\n|upkeep\n|turn|5\n|c| Sylveon(404)|usa a alomomola es ser hdp xd\n|\n|t:|1700668811\n|move|p2a: OwO|Close Combat|p1a: Alomomola\n|-crit|p1a: Alomomola\n|-damage|p1a: Alomomola|0 fnt\n|-unboost|p2a: OwO|def|1\n|-unboost|p2a: OwO|spd|1\n|faint|p1a: Alomomola\n|\n|-damage|p2a: OwO|41\/100 tox|[from] psn\n|upkeep\n|c|\u2606pitiman|bueno\n|c|\u2606pitiman|ahi va\n|c|\u2606pitiman|mi alomomola\n|c| Sylveon(404)|xd\n|\n|t:|1700668823\n|switch|p1a: Xurkitree|Xurkitree|100\/100\n|turn|6\n|\n|t:|1700668829\n|move|p1a: Xurkitree|Volt Switch|p2a: OwO\n|-damage|p2a: OwO|0 fnt\n|faint|p2a: OwO\n|-ability|p1a: Xurkitree|Beast Boost|boost\n|-boost|p1a: Xurkitree|spa|1\n|\n|t:|1700668850\n|switch|p1a: Scizor|Scizor, F|100\/100|[from] Volt Switch\n|\n|upkeep\n|\n|t:|1700668863\n|switch|p2a: SOY TU XD|Ditto|100\/100\n|-transform|p2a: SOY TU XD|p1a: Scizor|[from] ability: Imposter\n|turn|7\n|\n|t:|1700668873\n|detailschange|p1a: Scizor|Scizor-Mega, F\n|-mega|p1a: Scizor|Scizor|Scizorite\n|move|p1a: Scizor|Swords Dance|p1a: Scizor\n|-boost|p1a: Scizor|atk|2\n|move|p2a: SOY TU XD|Swords Dance|p2a: SOY TU XD\n|-boost|p2a: SOY TU XD|atk|2\n|\n|upkeep\n|turn|8\n|c|\u2606pitiman|eh no es scarf\n|c|\u2606pitiman|q raro\n|\n|t:|1700668903\n|move|p1a: Scizor|Knock Off|p2a: SOY TU XD\n|-damage|p2a: SOY TU XD|8\/100\n|-enditem|p2a: SOY TU XD|Focus Sash|[from] move: Knock Off|[of] p1a: Scizor\n|move|p2a: SOY TU XD|Swords Dance|p2a: SOY TU XD\n|-boost|p2a: SOY TU XD|atk|2\n|\n|upkeep\n|turn|9\n|\n|t:|1700668910\n|move|p1a: Scizor|Bullet Punch|p2a: SOY TU XD\n|-resisted|p2a: SOY TU XD\n|-damage|p2a: SOY TU XD|0 fnt\n|faint|p2a: SOY TU XD\n|\n|upkeep\n|c|\u2606pitiman|ya veo\n|\n|t:|1700668917\n|switch|p2a: Spamton|Porygon-Z|100\/100\n|turn|10\n|\n|t:|1700668920\n|switch|p1a: Chansey|Chansey, F|100\/100\n|move|p2a: Spamton|Flamethrower|p1a: Chansey\n|-damage|p1a: Chansey|94\/100\n|-status|p1a: Chansey|brn\n|\n|-damage|p1a: Chansey|88\/100 brn|[from] brn\n|upkeep\n|turn|11\n|\n|t:|1700668937\n|switch|p2a: Hola|Dondozo, F|100\/100\n|move|p1a: Chansey|Toxic|p2a: Hola\n|-status|p2a: Hola|tox\n|\n|-damage|p2a: Hola|94\/100 tox|[from] psn\n|-damage|p1a: Chansey|81\/100 brn|[from] brn\n|upkeep\n|turn|12\n|c| Sylveon(404)|demostra por q te dicen big chotas\n|\n|t:|1700668949\n|-curestatus|p1a: Chansey|brn|[from] ability: Natural Cure\n|switch|p1a: Latios|Latios, M|100\/100\n|move|p2a: Hola|Curse|p2a: Hola\n|-unboost|p2a: Hola|spe|1\n|-boost|p2a: Hola|atk|1\n|-boost|p2a: Hola|def|1\n|\n|-heal|p2a: Hola|100\/100 tox|[from] item: Leftovers\n|-damage|p2a: Hola|88\/100 tox|[from] psn\n|upkeep\n|turn|13\n|c|\u2606pitiman|!dt dondozo\n|raw|<div class=\"message\"><ul class=\"utilichart\"><li class=\"result\"><span class=\"col numcol\">UUBL<\/span> <span class=\"col iconcol\"><psicon pokemon=\"dondozo\"\/><\/span> <span class=\"col pokemonnamecol\" style=\"white-space:nowrap\"><a href=\"https:\/\/dex.pokemonshowdown.com\/pokemon\/dondozo\" target=\"_blank\">Dondozo<\/a><\/span> <span class=\"col typecol\"><img src=\"https:\/\/play.pokemonshowdown.com\/sprites\/types\/Water.png\" alt=\"Water\" height=\"14\" width=\"32\"><\/span> <span style=\"float:left;min-height:26px\"><span class=\"col twoabilitycol\">Unaware<br \/>Oblivious<\/span><span class=\"col abilitycol\"><em>Water Veil<\/em><\/span><\/span><span style=\"float:left;min-height:26px\"><span class=\"col statcol\"><em>HP<\/em><br \/>150<\/span> <span class=\"col statcol\"><em>Atk<\/em><br \/>100<\/span> <span class=\"col statcol\"><em>Def<\/em><br \/>115<\/span> <span class=\"col statcol\"><em>SpA<\/em><br \/>65<\/span> <span class=\"col statcol\"><em>SpD<\/em><br \/>65<\/span> <span class=\"col statcol\"><em>Spe<\/em><br \/>35<\/span> <span class=\"col bstcol\"><em>BST<br \/>530<\/em><\/span> <\/span><\/li><li style=\"clear:both\"><\/li><\/ul><\/div>\n|raw|<font size=\"1\"><font color=\"#686868\">Dex#:<\/font> 977&nbsp;|&ThickSpace;<font color=\"#686868\">Gen:<\/font> 9&nbsp;|&ThickSpace;<font color=\"#686868\">Height:<\/font> 12 m&nbsp;|&ThickSpace;<font color=\"#686868\">Weight:<\/font> 220 kg <em>(120 BP)<\/em>&nbsp;|&ThickSpace;<font color=\"#686868\">Dex Colour:<\/font> Blue&nbsp;|&ThickSpace;<font color=\"#686868\">Egg Group(s):<\/font> Water 2&nbsp;|&ThickSpace;<font color=\"#686868\">Does Not Evolve<\/font><\/font>\n\n|l| Sai4rr\n|\n|t:|1700668974\n|switch|p2a: Spamton|Porygon-Z|100\/100\n|move|p1a: Latios|Draco Meteor|p2a: Spamton\n|-enditem|p2a: Spamton|Focus Sash\n|-damage|p2a: Spamton|1\/100\n|-unboost|p1a: Latios|spa|2\n|replace|p2a: MONDONGO|Zoroark-Hisui, M\n|-end|p2a: MONDONGO|Illusion\n|-damage|p1a: Latios|91\/100|[from] item: Life Orb\n|\n|upkeep\n|turn|14\n|\n|t:|1700668987\n|switch|p1a: Chansey|Chansey, F|81\/100\n|move|p2a: MONDONGO|Shadow Ball|p1a: Chansey\n|-immune|p1a: Chansey\n|\n|upkeep\n|turn|15\n|\n|t:|1700668995\n|move|p2a: MONDONGO|Flamethrower|p1a: Chansey\n|-damage|p1a: Chansey|75\/100\n|move|p1a: Chansey|Toxic|p2a: MONDONGO\n|-status|p2a: MONDONGO|tox\n|\n|-damage|p2a: MONDONGO|0 fnt|[from] psn\n|faint|p2a: MONDONGO\n|upkeep\n|\n|t:|1700669004\n|switch|p2a: Harvest|Maushold-Four|100\/100\n|turn|16\n|c|\u2606pitiman|duda\n|c|\u2606pitiman|esa cosa funciona con roca del rey?\n|inactive|pitiman has 270 seconds left.\n|c|\u2606pitiman|tipo tu atk q ataca 10 veces entonces tiene 100% para flinchear?\n|c|\u2606AjoFC|No\n|c|\u2606AjoFC|Est\u00e1 baneado\n|j| Sai4rr\n|c|\u2606pitiman|ah ya veo\n|inactive|pitiman has 240 seconds left.\n|\n|t:|1700669064\n|switch|p1a: Gliscor|Gliscor, M|100\/100\n|move|p2a: Harvest|Population Bomb|p1a: Gliscor\n|-damage|p1a: Gliscor|93\/100\n|-damage|p1a: Gliscor|86\/100\n|-damage|p1a: Gliscor|79\/100\n|-damage|p1a: Gliscor|73\/100\n|-damage|p1a: Gliscor|66\/100\n|-damage|p1a: Gliscor|59\/100\n|-crit|p1a: Gliscor\n|-damage|p1a: Gliscor|48\/100\n|-damage|p1a: Gliscor|41\/100\n|-damage|p1a: Gliscor|34\/100\n|-damage|p1a: Gliscor|27\/100\n|-hitcount|p1a: Gliscor|10\n|\n|-status|p1a: Gliscor|tox|[from] item: Toxic Orb\n|upkeep\n|turn|17\n|c|\u2606pitiman|pega fuerte igual el hdp\n|\n|t:|1700669083\n|move|p2a: Harvest|Population Bomb|p1a: Gliscor\n|-damage|p1a: Gliscor|19\/100 tox\n|-damage|p1a: Gliscor|12\/100 tox\n|-damage|p1a: Gliscor|4\/100 tox\n|-damage|p1a: Gliscor|0 fnt\n|faint|p1a: Gliscor\n|-hitcount|p1: Gliscor|4\n|\n|upkeep\n|\n|t:|1700669085\n|switch|p1a: Scizor|Scizor-Mega, F|100\/100\n|turn|18\n|\n|t:|1700669097\n|move|p1a: Scizor|Bullet Punch|p2a: Harvest\n|-damage|p2a: Harvest|36\/100\n|move|p2a: Harvest|Population Bomb|p1a: Scizor\n|-resisted|p1a: Scizor\n|-damage|p1a: Scizor|97\/100\n|-resisted|p1a: Scizor\n|-damage|p1a: Scizor|93\/100\n|-resisted|p1a: Scizor\n|-damage|p1a: Scizor|89\/100\n|-resisted|p1a: Scizor\n|-damage|p1a: Scizor|86\/100\n|-resisted|p1a: Scizor\n|-damage|p1a: Scizor|82\/100\n|-resisted|p1a: Scizor\n|-damage|p1a: Scizor|78\/100\n|-resisted|p1a: Scizor\n|-damage|p1a: Scizor|74\/100\n|-resisted|p1a: Scizor\n|-damage|p1a: Scizor|70\/100\n|-resisted|p1a: Scizor\n|-damage|p1a: Scizor|67\/100\n|-resisted|p1a: Scizor\n|-damage|p1a: Scizor|63\/100\n|-hitcount|p1a: Scizor|10\n|\n|upkeep\n|turn|19\n|c| Sai4rr|Mucho texto\n|\n|t:|1700669124\n|move|p1a: Scizor|Bullet Punch|p2a: Harvest\n|-damage|p2a: Harvest|0 fnt\n|faint|p2a: Harvest\n|\n|upkeep\n|c| Sai4rr|Cambia a dondonzo\n|\n|t:|1700669129\n|switch|p2a: Hola|Dondozo, F|88\/100 tox\n|turn|20\n|\n|t:|1700669134\n|move|p1a: Scizor|Knock Off|p2a: Hola\n|-damage|p2a: Hola|63\/100 tox\n|-enditem|p2a: Hola|Leftovers|[from] move: Knock Off|[of] p1a: Scizor\n|move|p2a: Hola|Curse|p2a: Hola\n|-unboost|p2a: Hola|spe|1\n|-boost|p2a: Hola|atk|1\n|-boost|p2a: Hola|def|1\n|\n|-damage|p2a: Hola|57\/100 tox|[from] psn\n|upkeep\n|turn|21\n|\n|t:|1700669145\n|move|p1a: Scizor|Roost|p1a: Scizor\n|-heal|p1a: Scizor|100\/100\n|-singleturn|p1a: Scizor|move: Roost\n|move|p2a: Hola|Rest|p2a: Hola\n|-status|p2a: Hola|slp|[from] move: Rest\n|-heal|p2a: Hola|100\/100 slp|[silent]\n|\n|upkeep\n|turn|22\n|\n|t:|1700669155\n|switch|p1a: Xurkitree|Xurkitree|100\/100\n|cant|p2a: Hola|slp\n|move|p2a: Hola|Sleep Talk|p2a: Hola\n|move|p2a: Hola|Curse|p2a: Hola|[from]move: Sleep Talk\n|-unboost|p2a: Hola|spe|1\n|-boost|p2a: Hola|atk|1\n|-boost|p2a: Hola|def|1\n|\n|upkeep\n|turn|23\n|c| Sai4rr|Gg\n|\n|t:|1700669179\n|-terastallize|p1a: Xurkitree|Electric\n|-terastallize|p2a: Hola|Electric\n|move|p1a: Xurkitree|Thunderbolt|p2a: Hola\n|-resisted|p2a: Hola\n|-damage|p2a: Hola|75\/100 slp\n|cant|p2a: Hola|slp\n|move|p2a: Hola|Sleep Talk|p2a: Hola\n|move|p2a: Hola|Rest||[from]move: Sleep Talk|[still]\n|-fail|p2a: Hola\n|\n|upkeep\n|turn|24\n|\n|t:|1700669194\n|switch|p1a: Latios|Latios, M|91\/100\n|-curestatus|p2a: Hola|slp|[msg]\n|move|p2a: Hola|Aqua Tail|p1a: Latios\n|-resisted|p1a: Latios\n|-damage|p1a: Latios|49\/100\n|\n|upkeep\n|turn|25\n|\n|t:|1700669208\n|move|p1a: Latios|Roost|p1a: Latios\n|-heal|p1a: Latios|99\/100\n|-singleturn|p1a: Latios|move: Roost\n|move|p2a: Hola|Rest|p2a: Hola\n|-status|p2a: Hola|slp|[from] move: Rest\n|-heal|p2a: Hola|100\/100 slp|[silent]\n|\n|upkeep\n|turn|26\n|c| Sai4rr|T\u00fa puedes ajo\n|\n|t:|1700669217\n|move|p1a: Latios|Draco Meteor|p2a: Hola\n|-damage|p2a: Hola|41\/100 slp\n|-unboost|p1a: Latios|spa|2\n|-damage|p1a: Latios|89\/100|[from] item: Life Orb\n|cant|p2a: Hola|slp\n|move|p2a: Hola|Sleep Talk|p2a: Hola\n|move|p2a: Hola|Aqua Tail|p1a: Latios|[from]move: Sleep Talk\n|-resisted|p1a: Latios\n|-damage|p1a: Latios|49\/100\n|\n|upkeep\n|turn|27\n|\n|t:|1700669229\n|switch|p1a: Chansey|Chansey, F|75\/100\n|cant|p2a: Hola|slp\n|move|p2a: Hola|Sleep Talk|p2a: Hola\n|move|p2a: Hola|Aqua Tail|p1a: Chansey|[from]move: Sleep Talk\n|-crit|p1a: Chansey\n|-damage|p1a: Chansey|0 fnt\n|faint|p1a: Chansey\n|\n|upkeep\n|\n|t:|1700669233\n|switch|p1a: Xurkitree|Xurkitree, tera:Electric|100\/100\n|turn|28\n|\n|t:|1700669243\n|move|p1a: Xurkitree|Energy Ball|p2a: Hola\n|-damage|p2a: Hola|17\/100 slp\n|-curestatus|p2a: Hola|slp|[msg]\n|move|p2a: Hola|Rest|p2a: Hola\n|-status|p2a: Hola|slp|[from] move: Rest\n|-heal|p2a: Hola|100\/100 slp|[silent]\n|\n|upkeep\n|turn|29\n|c|\u2606pitiman|parece q perdi\n|\n|t:|1700669252\n|switch|p1a: Latios|Latios, M|49\/100\n|cant|p2a: Hola|slp\n|move|p2a: Hola|Sleep Talk|p2a: Hola\n|move|p2a: Hola|Curse|p2a: Hola|[from]move: Sleep Talk\n|-unboost|p2a: Hola|spe|1\n|-boost|p2a: Hola|atk|1\n|-boost|p2a: Hola|def|1\n|\n|upkeep\n|turn|30\n|\n|t:|1700669263\n|move|p1a: Latios|Roost|p1a: Latios\n|-heal|p1a: Latios|99\/100\n|-singleturn|p1a: Latios|move: Roost\n|cant|p2a: Hola|slp\n|move|p2a: Hola|Sleep Talk|p2a: Hola\n|move|p2a: Hola|Rest||[from]move: Sleep Talk|[still]\n|-fail|p2a: Hola\n|\n|upkeep\n|turn|31\n|\n|t:|1700669274\n|move|p1a: Latios|Draco Meteor|p2a: Hola|[miss]\n|-miss|p1a: Latios|p2a: Hola\n|-curestatus|p2a: Hola|slp|[msg]\n|move|p2a: Hola|Aqua Tail|p1a: Latios|[miss]\n|-miss|p2a: Hola|p1a: Latios\n|\n|upkeep\n|turn|32\n|\n|t:|1700669282\n|move|p1a: Latios|Draco Meteor|p2a: Hola|[miss]\n|-miss|p1a: Latios|p2a: Hola\n|move|p2a: Hola|Aqua Tail|p1a: Latios\n|-resisted|p1a: Latios\n|-damage|p1a: Latios|44\/100\n|\n|upkeep\n|turn|33\n|c| Sai4rr|Doble fallado\n|\n|t:|1700669291\n|move|p1a: Latios|Roost|p1a: Latios\n|-heal|p1a: Latios|94\/100\n|-singleturn|p1a: Latios|move: Roost\n|move|p2a: Hola|Aqua Tail|p1a: Latios\n|-resisted|p1a: Latios\n|-damage|p1a: Latios|38\/100\n|\n|upkeep\n|turn|34\n|\n|t:|1700669298\n|move|p1a: Latios|Roost|p1a: Latios\n|-heal|p1a: Latios|89\/100\n|-singleturn|p1a: Latios|move: Roost\n|move|p2a: Hola|Aqua Tail|p1a: Latios\n|-resisted|p1a: Latios\n|-damage|p1a: Latios|35\/100\n|\n|upkeep\n|turn|35\n|\n|t:|1700669307\n|move|p1a: Latios|Roost|p1a: Latios\n|-heal|p1a: Latios|85\/100\n|-singleturn|p1a: Latios|move: Roost\n|move|p2a: Hola|Aqua Tail|p1a: Latios\n|-resisted|p1a: Latios\n|-damage|p1a: Latios|28\/100\n|\n|upkeep\n|turn|36\n|\n|t:|1700669315\n|move|p1a: Latios|Roost|p1a: Latios\n|-heal|p1a: Latios|78\/100\n|-singleturn|p1a: Latios|move: Roost\n|move|p2a: Hola|Aqua Tail|p1a: Latios\n|-resisted|p1a: Latios\n|-damage|p1a: Latios|29\/100\n|\n|upkeep\n|turn|37\n|\n|t:|1700669336\n|move|p1a: Latios|Roost|p1a: Latios\n|-heal|p1a: Latios|80\/100\n|-singleturn|p1a: Latios|move: Roost\n|move|p2a: Hola|Aqua Tail|p1a: Latios\n|-resisted|p1a: Latios\n|-damage|p1a: Latios|25\/100\n|\n|upkeep\n|turn|38\n|\n|t:|1700669343\n|move|p1a: Latios|Roost|p1a: Latios\n|-heal|p1a: Latios|75\/100\n|-singleturn|p1a: Latios|move: Roost\n|move|p2a: Hola|Aqua Tail|p1a: Latios\n|-resisted|p1a: Latios\n|-crit|p1a: Latios\n|-damage|p1a: Latios|0 fnt\n|faint|p1a: Latios\n|\n|upkeep\n|c| Sylveon(404)|ajo sos el big shot no puedes perder\n|\n|t:|1700669348\n|switch|p1a: Scizor|Scizor-Mega, F|100\/100\n|turn|39\n|\n|t:|1700669367\n|move|p1a: Scizor|Swords Dance|p1a: Scizor\n|-boost|p1a: Scizor|atk|2\n|move|p2a: Hola|Curse|p2a: Hola\n|-unboost|p2a: Hola|spe|1\n|-boost|p2a: Hola|atk|1\n|-boost|p2a: Hola|def|1\n|\n|upkeep\n|turn|40\n|\n|t:|1700669384\n|move|p1a: Scizor|Swords Dance|p1a: Scizor\n|-boost|p1a: Scizor|atk|2\n|move|p2a: Hola|Curse|p2a: Hola\n|-unboost|p2a: Hola|spe|1\n|-boost|p2a: Hola|atk|1\n|-boost|p2a: Hola|def|1\n|\n|upkeep\n|turn|41\n|\n|t:|1700669398\n|move|p1a: Scizor|Knock Off|p2a: Hola\n|-damage|p2a: Hola|96\/100\n|move|p2a: Hola|Curse|p2a: Hola\n|-unboost|p2a: Hola|spe|1\n|-boost|p2a: Hola|atk|1\n|-boost|p2a: Hola|def|1\n|\n|upkeep\n|turn|42\n|\n|t:|1700669409\n|move|p1a: Scizor|Knock Off|p2a: Hola\n|-damage|p2a: Hola|92\/100\n|move|p2a: Hola|Aqua Tail|p1a: Scizor\n|-crit|p1a: Scizor\n|-damage|p1a: Scizor|0 fnt\n|faint|p1a: Scizor\n|\n|upkeep\n|\n|t:|1700669415\n|switch|p1a: Xurkitree|Xurkitree, tera:Electric|100\/100\n|turn|43\n|c|\u2606pitiman|gg\n|\n|t:|1700669422\n|move|p1a: Xurkitree|Thunderbolt|p2a: Hola\n|-resisted|p2a: Hola\n|-damage|p2a: Hola|65\/100\n|move|p2a: Hola|Aqua Tail|p1a: Xurkitree\n|-damage|p1a: Xurkitree|0 fnt\n|faint|p1a: Xurkitree\n|\n|win|AjoFC\n|c| Sai4rr|Eso Ajo\n|c|\u2606AjoFC|GG\n|c| Sai4rr|Gg\n|c|\u2606AjoFC|Tengo ignorante pitiman\n|c|\u2606pitiman|ya se\n|c|\u2606pitiman|no mas hacia tiempo\n|l|\u2606AjoFC\n|l| Sai4rr\n|c|\u2606pitiman|queria ver si podia hacer q te quedaras sin pp\n|l| Sylveon(404)\n|c|\u2606pitiman|de aqua\n","uploadtime":1700669433,"views":5,"p1id":"pitiman","p2id":"ajofc","formatid":"gen9nationaldex","rating":0,"private":0,"password":""}