{"id":"gen9nationaldex-1996683417","p1":"ZRMNoise","p2":"830r","format":"[Gen 9] National Dex","log":"|html|<div class=\"broadcast-blue\"><strong>[Gen 9] National Dex is currently suspecting Sneasler! For information on how to participate check out the <a href=\"https:\/\/www.smogon.com\/forums\/threads\/sv-national-dex-suspect-8-just-dance.3731534\/\">suspect thread<\/a>.<\/strong><\/div>\n|j|\u2606ZRMNoise\n|j|\u2606830r\n|t:|1700709283\n|gametype|singles\n|player|p1|ZRMNoise|101|1332\n|player|p2|830r|veteran|1330\n|teamsize|p1|6\n|teamsize|p2|6\n|gen|9\n|tier|[Gen 9] National Dex\n|rated|\n|rule|HP Percentage Mod: HP is shown in percentages\n|rule|Endless Battle Clause: Forcing endless battles is banned\n|rule|OHKO Clause: OHKO moves are banned\n|rule|Evasion Clause: Evasion abilities, items, and moves are banned\n|rule|Evasion Abilities Clause: Evasion abilities are banned\n|rule|Evasion Items Clause: Evasion items are banned\n|rule|Evasion Moves Clause: Evasion moves are banned\n|rule|Species Clause: Limit one of each Pok\u00e9mon\n|rule|Sleep Clause Mod: Limit one foe put to sleep\n|clearpoke\n|poke|p1|Alomomola, M|\n|poke|p1|Lopunny, M|\n|poke|p1|Garganacl, F|\n|poke|p1|Gliscor, M|\n|poke|p1|Clodsire, M|\n|poke|p1|Greninja-*, M|\n|poke|p2|Toxapex, M|\n|poke|p2|Celesteela|\n|poke|p2|Garganacl, F|\n|poke|p2|Clodsire, M|\n|poke|p2|Clefable, F|\n|poke|p2|Charizard, F|\n|teampreview\n|inactive|Battle timer is ON: inactive players will automatically lose when time's up. (requested by 830r)\n|j| showdex_tester\n|l| showdex_tester\n|\n|t:|1700709306\n|start\n|switch|p1a: Clodsire|Clodsire, M|100\/100\n|switch|p2a: Toxapex|Toxapex, M, shiny|100\/100\n|turn|1\n|\n|t:|1700709309\n|move|p2a: Toxapex|Infestation|p1a: Clodsire\n|-resisted|p1a: Clodsire\n|-damage|p1a: Clodsire|99\/100\n|-activate|p1a: Clodsire|move: Infestation|[of] p2a: Toxapex\n|move|p1a: Clodsire|Stealth Rock|p2a: Toxapex\n|-sidestart|p2: 830r|move: Stealth Rock\n|\n|-damage|p1a: Clodsire|87\/100|[from] move: Infestation|[partiallytrapped]\n|upkeep\n|turn|2\n|\n|t:|1700709320\n|switch|p2a: Celesteela|Celesteela|100\/100\n|-damage|p2a: Celesteela|88\/100|[from] Stealth Rock\n|move|p1a: Clodsire|Earthquake|p2a: Celesteela\n|-immune|p2a: Celesteela\n|\n|-heal|p2a: Celesteela|94\/100|[from] item: Leftovers\n|-end|p1a: Clodsire|Infestation|[partiallytrapped]|[silent]\n|upkeep\n|turn|3\n|\n|t:|1700709333\n|switch|p1a: Alomomola|Alomomola, M|100\/100\n|move|p2a: Celesteela|Substitute|p2a: Celesteela\n|-start|p2a: Celesteela|Substitute\n|-damage|p2a: Celesteela|69\/100\n|\n|-heal|p2a: Celesteela|75\/100|[from] item: Leftovers\n|upkeep\n|turn|4\n|\n|t:|1700709340\n|move|p2a: Celesteela|Toxic|p1a: Alomomola\n|-status|p1a: Alomomola|tox\n|move|p1a: Alomomola|Flip Turn|p2a: Celesteela\n|-activate|p2a: Celesteela|move: Substitute|[damage]\n|\n|t:|1700709345\n|switch|p1a: Garganacl|Garganacl, F|100\/100|[from] Flip Turn\n|\n|-heal|p2a: Celesteela|81\/100|[from] item: Leftovers\n|upkeep\n|turn|5\n|\n|t:|1700709352\n|switch|p1a: Alomomola|Alomomola, M|100\/100 tox\n|move|p2a: Celesteela|Leech Seed|p1a: Alomomola\n|-start|p1a: Alomomola|move: Leech Seed\n|\n|-heal|p2a: Celesteela|87\/100|[from] item: Leftovers\n|-damage|p1a: Alomomola|88\/100 tox|[from] Leech Seed|[of] p2a: Celesteela\n|-heal|p2a: Celesteela|100\/100|[silent]\n|-damage|p1a: Alomomola|82\/100 tox|[from] psn\n|upkeep\n|turn|6\n|\n|t:|1700709361\n|move|p2a: Celesteela|Heavy Slam|p1a: Alomomola\n|-resisted|p1a: Alomomola\n|-damage|p1a: Alomomola|70\/100 tox\n|move|p1a: Alomomola|Flip Turn|p2a: Celesteela\n|-activate|p2a: Celesteela|move: Substitute|[damage]\n|\n|t:|1700709368\n|switch|p1a: Gliscor|Gliscor, M|100\/100|[from] Flip Turn\n|\n|-status|p1a: Gliscor|tox|[from] item: Toxic Orb\n|upkeep\n|turn|7\n|\n|t:|1700709373\n|move|p1a: Gliscor|Spikes|p2a: Celesteela\n|-sidestart|p2: 830r|Spikes\n|move|p2a: Celesteela|Leech Seed|p1a: Gliscor\n|-start|p1a: Gliscor|move: Leech Seed\n|\n|-damage|p1a: Gliscor|88\/100 tox|[from] Leech Seed|[of] p2a: Celesteela\n|-heal|p1a: Gliscor|100\/100 tox|[from] ability: Poison Heal\n|upkeep\n|turn|8\n|\n|t:|1700709392\n|switch|p2a: Toxapex|Toxapex, M, shiny|100\/100\n|-damage|p2a: Toxapex|88\/100|[from] Stealth Rock\n|-damage|p2a: Toxapex|75\/100|[from] Spikes\n|move|p1a: Gliscor|Spikes|p2a: Toxapex\n|-sidestart|p2: 830r|Spikes\n|\n|-heal|p2a: Toxapex|82\/100|[from] item: Black Sludge\n|-damage|p1a: Gliscor|88\/100 tox|[from] Leech Seed|[of] p2a: Toxapex\n|-heal|p2a: Toxapex|96\/100|[silent]\n|-heal|p1a: Gliscor|100\/100 tox|[from] ability: Poison Heal\n|upkeep\n|turn|9\n|\n|t:|1700709399\n|switch|p1a: Alomomola|Alomomola, M|100\/100 tox\n|move|p2a: Toxapex|Infestation|p1a: Alomomola\n|-damage|p1a: Alomomola|98\/100 tox\n|-activate|p1a: Alomomola|move: Infestation|[of] p2a: Toxapex\n|\n|-heal|p2a: Toxapex|100\/100|[from] item: Black Sludge\n|-damage|p1a: Alomomola|92\/100 tox|[from] psn\n|-damage|p1a: Alomomola|79\/100 tox|[from] move: Infestation|[partiallytrapped]\n|upkeep\n|turn|10\n|\n|t:|1700709407\n|switch|p2a: Clefable|Clefable, F|100\/100\n|-damage|p2a: Clefable|88\/100|[from] Stealth Rock\n|-damage|p2a: Clefable|72\/100|[from] Spikes\n|move|p1a: Alomomola|Flip Turn|p2a: Clefable\n|-damage|p2a: Clefable|56\/100\n|\n|t:|1700709414\n|switch|p1a: Lopunny|Lopunny, M|100\/100|[from] Flip Turn\n|\n|-heal|p2a: Clefable|62\/100|[from] item: Leftovers\n|upkeep\n|turn|11\n|\n|t:|1700709417\n|detailschange|p1a: Lopunny|Lopunny-Mega, M\n|-mega|p1a: Lopunny|Lopunny|Lopunnite\n|move|p1a: Lopunny|Fake Out|p2a: Clefable\n|-damage|p2a: Clefable|42\/100\n|cant|p2a: Clefable|flinch\n|\n|-heal|p2a: Clefable|48\/100|[from] item: Leftovers\n|upkeep\n|turn|12\n|\n|t:|1700709427\n|switch|p2a: Garganacl|Garganacl, F|100\/100\n|-damage|p2a: Garganacl|88\/100|[from] Stealth Rock\n|-damage|p2a: Garganacl|72\/100|[from] Spikes\n|move|p1a: Lopunny|Frustration|p2a: Garganacl\n|-resisted|p2a: Garganacl\n|-damage|p2a: Garganacl|52\/100\n|\n|-heal|p2a: Garganacl|58\/100|[from] item: Leftovers\n|upkeep\n|turn|13\n|\n|t:|1700709437\n|-terastallize|p2a: Garganacl|Ghost\n|move|p1a: Lopunny|U-turn|p2a: Garganacl\n|-resisted|p2a: Garganacl\n|-damage|p2a: Garganacl|50\/100\n|\n|t:|1700709443\n|switch|p1a: Garganacl|Garganacl, F|100\/100|[from] U-turn\n|move|p2a: Garganacl|Recover|p2a: Garganacl\n|-heal|p2a: Garganacl|99\/100\n|\n|-heal|p2a: Garganacl|100\/100|[from] item: Leftovers\n|upkeep\n|turn|14\n|\n|t:|1700709450\n|move|p1a: Garganacl|Salt Cure|p2a: Garganacl\n|-damage|p2a: Garganacl|92\/100\n|-start|p2a: Garganacl|Salt Cure\n|move|p2a: Garganacl|Substitute|p2a: Garganacl\n|-start|p2a: Garganacl|Substitute\n|-damage|p2a: Garganacl|67\/100\n|\n|-heal|p2a: Garganacl|73\/100|[from] item: Leftovers\n|-damage|p2a: Garganacl|60\/100|[from] Salt Cure\n|upkeep\n|turn|15\n|\n|t:|1700709457\n|switch|p1a: Alomomola|Alomomola, M|100\/100 tox\n|move|p2a: Garganacl|Salt Cure|p1a: Alomomola\n|-damage|p1a: Alomomola|91\/100 tox\n|-start|p1a: Alomomola|Salt Cure\n|\n|-heal|p2a: Garganacl|67\/100|[from] item: Leftovers\n|-damage|p1a: Alomomola|85\/100 tox|[from] psn\n|-damage|p1a: Alomomola|60\/100 tox|[from] Salt Cure\n|-damage|p2a: Garganacl|54\/100|[from] Salt Cure\n|upkeep\n|turn|16\n|\n|t:|1700709461\n|move|p1a: Alomomola|Flip Turn|p2a: Garganacl\n|-crit|p2a: Garganacl\n|-activate|p2a: Garganacl|move: Substitute|[damage]\n|\n|t:|1700709464\n|switch|p1a: Garganacl|Garganacl, F|100\/100|[from] Flip Turn\n|move|p2a: Garganacl|Recover|p2a: Garganacl\n|-heal|p2a: Garganacl|100\/100\n|\n|-damage|p2a: Garganacl|88\/100|[from] Salt Cure\n|upkeep\n|turn|17\n|\n|t:|1700709472\n|move|p1a: Garganacl|Salt Cure|p2a: Garganacl\n|-activate|p2a: Garganacl|move: Substitute|[damage]\n|move|p2a: Garganacl|Salt Cure|p1a: Garganacl\n|-crit|p1a: Garganacl\n|-damage|p1a: Garganacl|86\/100\n|-start|p1a: Garganacl|Salt Cure\n|\n|-heal|p1a: Garganacl|92\/100|[from] item: Leftovers\n|-heal|p2a: Garganacl|94\/100|[from] item: Leftovers\n|-damage|p1a: Garganacl|80\/100|[from] Salt Cure\n|-damage|p2a: Garganacl|82\/100|[from] Salt Cure\n|upkeep\n|turn|18\n|\n|t:|1700709476\n|switch|p1a: Alomomola|Alomomola, M|94\/100 tox\n|switch|p2a: Celesteela|Celesteela|100\/100\n|-damage|p2a: Celesteela|88\/100|[from] Stealth Rock\n|\n|-heal|p2a: Celesteela|94\/100|[from] item: Leftovers\n|-damage|p1a: Alomomola|87\/100 tox|[from] psn\n|upkeep\n|turn|19\n|\n|t:|1700709481\n|move|p2a: Celesteela|Heavy Slam|p1a: Alomomola\n|-resisted|p1a: Alomomola\n|-damage|p1a: Alomomola|75\/100 tox\n|move|p1a: Alomomola|Flip Turn|p2a: Celesteela\n|-damage|p2a: Celesteela|83\/100\n|\n|t:|1700709487\n|switch|p1a: Gliscor|Gliscor, M|100\/100 tox|[from] Flip Turn\n|\n|-heal|p2a: Celesteela|89\/100|[from] item: Leftovers\n|upkeep\n|turn|20\n|\n|t:|1700709491\n|move|p1a: Gliscor|Spikes|p2a: Celesteela\n|-sidestart|p2: 830r|Spikes\n|move|p2a: Celesteela|Leech Seed|p1a: Gliscor\n|-start|p1a: Gliscor|move: Leech Seed\n|\n|-heal|p2a: Celesteela|95\/100|[from] item: Leftovers\n|-damage|p1a: Gliscor|88\/100 tox|[from] Leech Seed|[of] p2a: Celesteela\n|-heal|p2a: Celesteela|100\/100|[silent]\n|-heal|p1a: Gliscor|100\/100 tox|[from] ability: Poison Heal\n|upkeep\n|turn|21\n|\n|t:|1700709495\n|switch|p1a: Alomomola|Alomomola, M|100\/100 tox\n|move|p2a: Celesteela|Heavy Slam|p1a: Alomomola\n|-resisted|p1a: Alomomola\n|-damage|p1a: Alomomola|88\/100 tox\n|\n|-damage|p1a: Alomomola|81\/100 tox|[from] psn\n|upkeep\n|turn|22\n|\n|t:|1700709499\n|switch|p1a: Gliscor|Gliscor, M|100\/100 tox\n|move|p2a: Celesteela|Leech Seed|p1a: Gliscor\n|-start|p1a: Gliscor|move: Leech Seed\n|\n|-damage|p1a: Gliscor|88\/100 tox|[from] Leech Seed|[of] p2a: Celesteela\n|-heal|p1a: Gliscor|100\/100 tox|[from] ability: Poison Heal\n|upkeep\n|turn|23\n|\n|t:|1700709509\n|switch|p1a: Alomomola|Alomomola, M|100\/100 tox\n|move|p2a: Celesteela|Heavy Slam|p1a: Alomomola\n|-resisted|p1a: Alomomola\n|-damage|p1a: Alomomola|88\/100 tox\n|\n|-damage|p1a: Alomomola|82\/100 tox|[from] psn\n|upkeep\n|turn|24\n|\n|t:|1700709512\n|switch|p1a: Gliscor|Gliscor, M|100\/100 tox\n|move|p2a: Celesteela|Leech Seed|p1a: Gliscor\n|-start|p1a: Gliscor|move: Leech Seed\n|\n|-damage|p1a: Gliscor|88\/100 tox|[from] Leech Seed|[of] p2a: Celesteela\n|-heal|p1a: Gliscor|100\/100 tox|[from] ability: Poison Heal\n|upkeep\n|turn|25\n|\n|t:|1700709515\n|switch|p1a: Alomomola|Alomomola, M|100\/100 tox\n|switch|p2a: Charizard|Charizard, F, shiny|100\/100\n|-damage|p2a: Charizard|50\/100|[from] Stealth Rock\n|\n|-damage|p1a: Alomomola|94\/100 tox|[from] psn\n|upkeep\n|turn|26\n|\n|t:|1700709519\n|switch|p1a: Clodsire|Clodsire, M|87\/100\n|detailschange|p2a: Charizard|Charizard-Mega-Y, F, shiny\n|-mega|p2a: Charizard|Charizard|Charizardite Y\n|-weather|SunnyDay|[from] ability: Drought|[of] p2a: Charizard\n|move|p2a: Charizard|Solar Beam||[still]\n|-prepare|p2a: Charizard|Solar Beam\n|-anim|p2a: Charizard|Solar Beam|p1a: Clodsire\n|-damage|p1a: Clodsire|60\/100\n|\n|-weather|SunnyDay|[upkeep]\n|upkeep\n|turn|27\n|\n|t:|1700709529\n|move|p2a: Charizard|Scorching Sands|p1a: Clodsire\n|-supereffective|p1a: Clodsire\n|-damage|p1a: Clodsire|32\/100\n|move|p1a: Clodsire|Recover|p1a: Clodsire\n|-heal|p1a: Clodsire|82\/100\n|\n|-weather|SunnyDay|[upkeep]\n|upkeep\n|turn|28\n|\n|t:|1700709532\n|move|p2a: Charizard|Scorching Sands|p1a: Clodsire\n|-supereffective|p1a: Clodsire\n|-damage|p1a: Clodsire|52\/100\n|move|p1a: Clodsire|Toxic|p2a: Charizard\n|-status|p2a: Charizard|tox\n|\n|-weather|SunnyDay|[upkeep]\n|-damage|p2a: Charizard|44\/100 tox|[from] psn\n|upkeep\n|turn|29\n|\n|t:|1700709535\n|move|p2a: Charizard|Scorching Sands|p1a: Clodsire\n|-supereffective|p1a: Clodsire\n|-damage|p1a: Clodsire|21\/100\n|-status|p1a: Clodsire|brn\n|move|p1a: Clodsire|Recover|p1a: Clodsire\n|-heal|p1a: Clodsire|71\/100 brn\n|\n|-weather|SunnyDay|[upkeep]\n|-damage|p2a: Charizard|32\/100 tox|[from] psn\n|-damage|p1a: Clodsire|65\/100 brn|[from] brn\n|upkeep\n|turn|30\n|\n|t:|1700709537\n|move|p2a: Charizard|Scorching Sands|p1a: Clodsire\n|-supereffective|p1a: Clodsire\n|-damage|p1a: Clodsire|34\/100 brn\n|move|p1a: Clodsire|Recover|p1a: Clodsire\n|-heal|p1a: Clodsire|84\/100 brn\n|\n|-weather|none\n|-damage|p2a: Charizard|14\/100 tox|[from] psn\n|-damage|p1a: Clodsire|78\/100 brn|[from] brn\n|upkeep\n|turn|31\n|\n|t:|1700709540\n|switch|p1a: Gliscor|Gliscor, M|100\/100 tox\n|move|p2a: Charizard|Scorching Sands|p1a: Gliscor\n|-immune|p1a: Gliscor\n|\n|-damage|p2a: Charizard|0 fnt|[from] psn\n|faint|p2a: Charizard\n|upkeep\n|\n|t:|1700709555\n|switch|p2a: Clefable|Clefable, F|48\/100\n|-damage|p2a: Clefable|35\/100|[from] Stealth Rock\n|-damage|p2a: Clefable|10\/100|[from] Spikes\n|turn|32\n|\n|t:|1700709557\n|move|p1a: Gliscor|Earthquake|p2a: Clefable\n|-damage|p2a: Clefable|0 fnt\n|faint|p2a: Clefable\n|\n|upkeep\n|\n|t:|1700709567\n|switch|p2a: Celesteela|Celesteela|100\/100\n|-damage|p2a: Celesteela|88\/100|[from] Stealth Rock\n|turn|33\n|\n|t:|1700709572\n|switch|p1a: Alomomola|Alomomola, M|100\/100 tox\n|move|p2a: Celesteela|Substitute|p2a: Celesteela\n|-start|p2a: Celesteela|Substitute\n|-damage|p2a: Celesteela|63\/100\n|\n|-heal|p2a: Celesteela|69\/100|[from] item: Leftovers\n|-damage|p1a: Alomomola|94\/100 tox|[from] psn\n|upkeep\n|turn|34\n|\n|t:|1700709576\n|switch|p1a: Gliscor|Gliscor, M|100\/100 tox\n|move|p2a: Celesteela|Leech Seed|p1a: Gliscor\n|-start|p1a: Gliscor|move: Leech Seed\n|\n|-heal|p2a: Celesteela|75\/100|[from] item: Leftovers\n|-damage|p1a: Gliscor|88\/100 tox|[from] Leech Seed|[of] p2a: Celesteela\n|-heal|p2a: Celesteela|86\/100|[silent]\n|-heal|p1a: Gliscor|100\/100 tox|[from] ability: Poison Heal\n|upkeep\n|turn|35\n|\n|t:|1700709593\n|switch|p1a: Alomomola|Alomomola, M|100\/100 tox\n|switch|p2a: Toxapex|Toxapex, M, shiny|100\/100\n|-damage|p2a: Toxapex|88\/100|[from] Stealth Rock\n|-damage|p2a: Toxapex|63\/100|[from] Spikes\n|\n|-heal|p2a: Toxapex|69\/100|[from] item: Black Sludge\n|-damage|p1a: Alomomola|94\/100 tox|[from] psn\n|upkeep\n|turn|36\n|\n|t:|1700709597\n|switch|p2a: Celesteela|Celesteela|86\/100\n|-damage|p2a: Celesteela|74\/100|[from] Stealth Rock\n|move|p1a: Alomomola|Flip Turn|p2a: Celesteela\n|-damage|p2a: Celesteela|62\/100\n|\n|t:|1700709603\n|switch|p1a: Lopunny|Lopunny-Mega, M|100\/100|[from] Flip Turn\n|\n|-heal|p2a: Celesteela|68\/100|[from] item: Leftovers\n|upkeep\n|turn|37\n|\n|t:|1700709607\n|switch|p2a: Garganacl|Garganacl, F, tera:Ghost|82\/100\n|-damage|p2a: Garganacl|70\/100|[from] Stealth Rock\n|-damage|p2a: Garganacl|45\/100|[from] Spikes\n|move|p1a: Lopunny|Fake Out|p2a: Garganacl\n|-damage|p2a: Garganacl|30\/100\n|\n|-heal|p2a: Garganacl|36\/100|[from] item: Leftovers\n|upkeep\n|turn|38\n|\n|t:|1700709613\n|move|p1a: Lopunny|Close Combat|p2a: Garganacl\n|-crit|p2a: Garganacl\n|-damage|p2a: Garganacl|0 fnt\n|-unboost|p1a: Lopunny|def|1\n|-unboost|p1a: Lopunny|spd|1\n|faint|p2a: Garganacl\n|\n|upkeep\n|-message|830r forfeited.\n|\n|win|ZRMNoise\n|raw|ZRMNoise's rating: 1332 &rarr; <strong>1352<\/strong><br \/>(+20 for winning)\n|raw|830r's rating: 1330 &rarr; <strong>1310<\/strong><br \/>(-20 for losing)\n|l|\u2606830r\n","uploadtime":1700709627,"views":1,"p1id":"zrmnoise","p2id":"830r","formatid":"gen9nationaldex","rating":1310,"private":0,"password":""}