{"id":"gen9nationaldex-1987486054","p1":"wonderousacorn","p2":"wopowopo","format":"[Gen 9] National Dex","log":"|j|\u2606wonderousacorn\n|j|\u2606wopowopo\n|t:|1699599674\n|gametype|singles\n|player|p1|wonderousacorn|169|1564\n|player|p2|wopowopo|1|1560\n|teamsize|p1|6\n|teamsize|p2|6\n|gen|9\n|tier|[Gen 9] National Dex\n|rated|\n|rule|HP Percentage Mod: HP is shown in percentages\n|rule|Endless Battle Clause: Forcing endless battles is banned\n|rule|OHKO Clause: OHKO moves are banned\n|rule|Evasion Clause: Evasion abilities, items, and moves are banned\n|rule|Evasion Abilities Clause: Evasion abilities are banned\n|rule|Evasion Items Clause: Evasion items are banned\n|rule|Evasion Moves Clause: Evasion moves are banned\n|rule|Species Clause: Limit one of each Pok\u00e9mon\n|rule|Sleep Clause Mod: Limit one foe put to sleep\n|clearpoke\n|poke|p1|Kartana|\n|poke|p1|Corviknight, M|\n|poke|p1|Slowking-Galar, F|\n|poke|p1|Tapu Fini|\n|poke|p1|Latias, F|\n|poke|p1|Landorus-Therian, M|\n|poke|p2|Ogerpon-Wellspring, F|\n|poke|p2|Moltres|\n|poke|p2|Glimmora, F|\n|poke|p2|Zamazenta-*|\n|poke|p2|Garganacl, F|\n|poke|p2|Lokix, M|\n|teampreview\n|inactive|Battle timer is ON: inactive players will automatically lose when time's up. (requested by wopowopo)\n|\n|t:|1699599681\n|start\n|switch|p1a: Landorus|Landorus-Therian, M|100\/100\n|switch|p2a: \u8d85\u7ea7\u8f93\u51fa\u624b|Glimmora, F|100\/100\n|-ability|p1a: Landorus|Intimidate|boost\n|-unboost|p2a: \u8d85\u7ea7\u8f93\u51fa\u624b|atk|1\n|turn|1\n|\n|t:|1699599684\n|-terastallize|p2a: \u8d85\u7ea7\u8f93\u51fa\u624b|Grass\n|move|p1a: Landorus|Earthquake|p2a: \u8d85\u7ea7\u8f93\u51fa\u624b\n|-resisted|p2a: \u8d85\u7ea7\u8f93\u51fa\u624b\n|-damage|p2a: \u8d85\u7ea7\u8f93\u51fa\u624b|64\/100\n|-activate|p2a: \u8d85\u7ea7\u8f93\u51fa\u624b|ability: Toxic Debris\n|-sidestart|p1: wonderousacorn|move: Toxic Spikes\n|move|p2a: \u8d85\u7ea7\u8f93\u51fa\u624b|Energy Ball|p1a: Landorus\n|-damage|p1a: Landorus|38\/100\n|\n|upkeep\n|turn|2\n|\n|t:|1699599699\n|switch|p1a: Slowking|Slowking-Galar, F|100\/100\n|-sideend|p1: wonderousacorn|move: Toxic Spikes|[of] p1a: Slowking\n|switch|p2a: \u66b4\u6253\u7329\u7329|Moltres|100\/100\n|\n|upkeep\n|turn|3\n|\n|t:|1699599712\n|move|p2a: \u66b4\u6253\u7329\u7329|Scorching Sands|p1a: Slowking\n|-supereffective|p1a: Slowking\n|-damage|p1a: Slowking|80\/100\n|move|p1a: Slowking|Future Sight|p2a: \u66b4\u6253\u7329\u7329\n|-start|p1a: Slowking|move: Future Sight\n|\n|upkeep\n|turn|4\n|\n|t:|1699599720\n|move|p2a: \u66b4\u6253\u7329\u7329|Scorching Sands|p1a: Slowking\n|-supereffective|p1a: Slowking\n|-damage|p1a: Slowking|58\/100\n|move|p1a: Slowking|Sludge Bomb|p2a: \u66b4\u6253\u7329\u7329\n|-damage|p2a: \u66b4\u6253\u7329\u7329|53\/100\n|-status|p2a: \u66b4\u6253\u7329\u7329|psn\n|\n|-damage|p2a: \u66b4\u6253\u7329\u7329|40\/100 psn|[from] psn\n|upkeep\n|turn|5\n|\n|t:|1699599744\n|switch|p2a: \u88c2\u817f\u7687\u4fa0|Lokix, M|100\/100\n|move|p1a: Slowking|Sludge Bomb|p2a: \u88c2\u817f\u7687\u4fa0\n|-damage|p2a: \u88c2\u817f\u7687\u4fa0|13\/100\n|-status|p2a: \u88c2\u817f\u7687\u4fa0|psn\n|\n|-end|p2a: \u88c2\u817f\u7687\u4fa0|move: Future Sight\n|-immune|p2a: \u88c2\u817f\u7687\u4fa0\n|-damage|p2a: \u88c2\u817f\u7687\u4fa0|0 fnt|[from] psn\n|faint|p2a: \u88c2\u817f\u7687\u4fa0\n|upkeep\n|inactive|wopowopo has 120 seconds left.\n|\n|t:|1699599777\n|switch|p2a: \u6700\u53ef\u7231\u7684\u78b0\u78b0|Ogerpon-Wellspring, F|100\/100\n|turn|6\n|\n|t:|1699599785\n|move|p2a: \u6700\u53ef\u7231\u7684\u78b0\u78b0|Ivy Cudgel|p1a: Slowking\n|-damage|p1a: Slowking|0 fnt\n|faint|p1a: Slowking\n|\n|upkeep\n|\n|t:|1699599790\n|switch|p1a: Corviknight|Corviknight, M|100\/100\n|-ability|p1a: Corviknight|Pressure\n|turn|7\n|\n|t:|1699599802\n|move|p2a: \u6700\u53ef\u7231\u7684\u78b0\u78b0|Ivy Cudgel|p1a: Corviknight\n|-damage|p1a: Corviknight|64\/100\n|move|p1a: Corviknight|Brave Bird|p2a: \u6700\u53ef\u7231\u7684\u78b0\u78b0\n|-supereffective|p2a: \u6700\u53ef\u7231\u7684\u78b0\u78b0\n|-damage|p2a: \u6700\u53ef\u7231\u7684\u78b0\u78b0|6\/100\n|-damage|p1a: Corviknight|41\/100|[from] Recoil\n|\n|upkeep\n|turn|8\n|\n|t:|1699599811\n|move|p2a: \u6700\u53ef\u7231\u7684\u78b0\u78b0|Ivy Cudgel|p1a: Corviknight\n|-damage|p1a: Corviknight|8\/100\n|move|p1a: Corviknight|Roost|p1a: Corviknight\n|-heal|p1a: Corviknight|58\/100\n|-singleturn|p1a: Corviknight|move: Roost\n|\n|upkeep\n|turn|9\n|\n|t:|1699599815\n|move|p2a: \u6700\u53ef\u7231\u7684\u78b0\u78b0|Ivy Cudgel|p1a: Corviknight\n|-crit|p1a: Corviknight\n|-damage|p1a: Corviknight|1\/100\n|move|p1a: Corviknight|Roost|p1a: Corviknight\n|-heal|p1a: Corviknight|51\/100\n|-singleturn|p1a: Corviknight|move: Roost\n|\n|upkeep\n|turn|10\n|\n|t:|1699599817\n|move|p2a: \u6700\u53ef\u7231\u7684\u78b0\u78b0|Ivy Cudgel|p1a: Corviknight\n|-crit|p1a: Corviknight\n|-damage|p1a: Corviknight|0 fnt\n|faint|p1a: Corviknight\n|\n|upkeep\n|\n|t:|1699599821\n|switch|p1a: Landorus|Landorus-Therian, M|38\/100\n|-ability|p1a: Landorus|Intimidate|boost\n|-unboost|p2a: \u6700\u53ef\u7231\u7684\u78b0\u78b0|atk|1\n|turn|11\n|\n|t:|1699599825\n|move|p1a: Landorus|U-turn|p2a: \u6700\u53ef\u7231\u7684\u78b0\u78b0\n|-supereffective|p2a: \u6700\u53ef\u7231\u7684\u78b0\u78b0\n|-damage|p2a: \u6700\u53ef\u7231\u7684\u78b0\u78b0|0 fnt\n|faint|p2a: \u6700\u53ef\u7231\u7684\u78b0\u78b0\n|\n|t:|1699599830\n|switch|p1a: Tapu Fini|Tapu Fini|100\/100|[from] U-turn\n|-fieldstart|move: Misty Terrain|[from] ability: Misty Surge|[of] p1a: Tapu Fini\n|\n|upkeep\n|\n|t:|1699599833\n|switch|p2a: \u8d85\u7ea7\u8f93\u51fa\u624b|Glimmora, F, tera:Grass|64\/100\n|turn|12\n|\n|t:|1699599839\n|switch|p1a: Latias|Latias, F|100\/100\n|move|p2a: \u8d85\u7ea7\u8f93\u51fa\u624b|Energy Ball|p1a: Latias\n|-resisted|p1a: Latias\n|-damage|p1a: Latias|80\/100\n|\n|upkeep\n|turn|13\n|j| hainiumm\n|l| hainiumm\n|\n|t:|1699599846\n|switch|p2a: \u5de5\u5177\u4eba2\u53f7|Garganacl, F|100\/100\n|detailschange|p1a: Latias|Latias-Mega, F\n|-mega|p1a: Latias|Latias|Latiasite\n|move|p1a: Latias|Calm Mind|p1a: Latias\n|-boost|p1a: Latias|spa|1\n|-boost|p1a: Latias|spd|1\n|\n|upkeep\n|turn|14\n|\n|t:|1699599850\n|move|p1a: Latias|Calm Mind|p1a: Latias\n|-boost|p1a: Latias|spa|1\n|-boost|p1a: Latias|spd|1\n|move|p2a: \u5de5\u5177\u4eba2\u53f7|Salt Cure|p1a: Latias\n|-damage|p1a: Latias|67\/100\n|-start|p1a: Latias|Salt Cure\n|\n|-damage|p1a: Latias|55\/100|[from] Salt Cure\n|upkeep\n|turn|15\n|\n|t:|1699599858\n|move|p1a: Latias|Psyshock|p2a: \u5de5\u5177\u4eba2\u53f7\n|-damage|p2a: \u5de5\u5177\u4eba2\u53f7|59\/100\n|move|p2a: \u5de5\u5177\u4eba2\u53f7|Recover|p2a: \u5de5\u5177\u4eba2\u53f7\n|-heal|p2a: \u5de5\u5177\u4eba2\u53f7|100\/100\n|\n|-damage|p1a: Latias|43\/100|[from] Salt Cure\n|-fieldend|Misty Terrain\n|upkeep\n|turn|16\n|\n|t:|1699599864\n|move|p1a: Latias|Recover|p1a: Latias\n|-heal|p1a: Latias|93\/100\n|move|p2a: \u5de5\u5177\u4eba2\u53f7|Salt Cure|p1a: Latias\n|-damage|p1a: Latias|78\/100\n|\n|-damage|p1a: Latias|66\/100|[from] Salt Cure\n|upkeep\n|turn|17\n|\n|t:|1699599870\n|move|p1a: Latias|Recover|p1a: Latias\n|-heal|p1a: Latias|100\/100\n|move|p2a: \u5de5\u5177\u4eba2\u53f7|Iron Defense|p2a: \u5de5\u5177\u4eba2\u53f7\n|-boost|p2a: \u5de5\u5177\u4eba2\u53f7|def|2\n|\n|-damage|p1a: Latias|88\/100|[from] Salt Cure\n|upkeep\n|turn|18\n|\n|t:|1699599874\n|move|p1a: Latias|Calm Mind|p1a: Latias\n|-boost|p1a: Latias|spa|1\n|-boost|p1a: Latias|spd|1\n|move|p2a: \u5de5\u5177\u4eba2\u53f7|Salt Cure|p1a: Latias\n|-damage|p1a: Latias|74\/100\n|\n|-damage|p1a: Latias|62\/100|[from] Salt Cure\n|upkeep\n|turn|19\n|\n|t:|1699599882\n|move|p1a: Latias|Calm Mind|p1a: Latias\n|-boost|p1a: Latias|spa|1\n|-boost|p1a: Latias|spd|1\n|move|p2a: \u5de5\u5177\u4eba2\u53f7|Iron Defense|p2a: \u5de5\u5177\u4eba2\u53f7\n|-boost|p2a: \u5de5\u5177\u4eba2\u53f7|def|2\n|\n|-damage|p1a: Latias|50\/100|[from] Salt Cure\n|upkeep\n|turn|20\n|\n|t:|1699599887\n|move|p1a: Latias|Recover|p1a: Latias\n|-heal|p1a: Latias|99\/100\n|move|p2a: \u5de5\u5177\u4eba2\u53f7|Body Press|p1a: Latias\n|-resisted|p1a: Latias\n|-damage|p1a: Latias|54\/100\n|\n|-damage|p1a: Latias|42\/100|[from] Salt Cure\n|upkeep\n|turn|21\n|\n|t:|1699599890\n|move|p1a: Latias|Aura Sphere|p2a: \u5de5\u5177\u4eba2\u53f7\n|-supereffective|p2a: \u5de5\u5177\u4eba2\u53f7\n|-damage|p2a: \u5de5\u5177\u4eba2\u53f7|0 fnt\n|faint|p2a: \u5de5\u5177\u4eba2\u53f7\n|\n|-damage|p1a: Latias|30\/100|[from] Salt Cure\n|upkeep\n|\n|t:|1699599896\n|switch|p2a: \u8d85\u7ea7\u8f93\u51fa\u624b|Glimmora, F, tera:Grass|64\/100\n|turn|22\n|\n|t:|1699599904\n|move|p2a: \u8d85\u7ea7\u8f93\u51fa\u624b|Sludge Wave|p1a: Latias\n|-damage|p1a: Latias|15\/100\n|move|p1a: Latias|Psyshock|p2a: \u8d85\u7ea7\u8f93\u51fa\u624b\n|-damage|p2a: \u8d85\u7ea7\u8f93\u51fa\u624b|0 fnt\n|faint|p2a: \u8d85\u7ea7\u8f93\u51fa\u624b\n|\n|-damage|p1a: Latias|2\/100|[from] Salt Cure\n|upkeep\n|\n|t:|1699599907\n|switch|p2a: \u5de5\u5177\u4eba1\u53f7|Zamazenta|100\/100\n|-ability|p2a: \u5de5\u5177\u4eba1\u53f7|Dauntless Shield|boost\n|-boost|p2a: \u5de5\u5177\u4eba1\u53f7|def|1\n|turn|23\n|\n|t:|1699599912\n|move|p2a: \u5de5\u5177\u4eba1\u53f7|Body Press|p1a: Latias\n|-resisted|p1a: Latias\n|-damage|p1a: Latias|0 fnt\n|faint|p1a: Latias\n|\n|upkeep\n|\n|t:|1699599914\n|switch|p1a: Landorus|Landorus-Therian, M|38\/100\n|-ability|p1a: Landorus|Intimidate|boost\n|-unboost|p2a: \u5de5\u5177\u4eba1\u53f7|atk|1\n|turn|24\n|\n|t:|1699599918\n|move|p2a: \u5de5\u5177\u4eba1\u53f7|Protect|p2a: \u5de5\u5177\u4eba1\u53f7\n|-singleturn|p2a: \u5de5\u5177\u4eba1\u53f7|Protect\n|move|p1a: Landorus|U-turn|p2a: \u5de5\u5177\u4eba1\u53f7\n|-activate|p2a: \u5de5\u5177\u4eba1\u53f7|move: Protect\n|\n|upkeep\n|turn|25\n|\n|t:|1699599924\n|move|p1a: Landorus|U-turn|p2a: \u5de5\u5177\u4eba1\u53f7\n|-resisted|p2a: \u5de5\u5177\u4eba1\u53f7\n|-damage|p2a: \u5de5\u5177\u4eba1\u53f7|94\/100\n|\n|t:|1699599926\n|switch|p1a: Kartana|Kartana|100\/100|[from] U-turn\n|move|p2a: \u5de5\u5177\u4eba1\u53f7|Iron Defense|p2a: \u5de5\u5177\u4eba1\u53f7\n|-boost|p2a: \u5de5\u5177\u4eba1\u53f7|def|2\n|\n|-heal|p2a: \u5de5\u5177\u4eba1\u53f7|99\/100|[from] item: Leftovers\n|upkeep\n|turn|26\n|\n|t:|1699599933\n|move|p2a: \u5de5\u5177\u4eba1\u53f7|Protect|p2a: \u5de5\u5177\u4eba1\u53f7\n|-singleturn|p2a: \u5de5\u5177\u4eba1\u53f7|Protect\n|move|p1a: Kartana|Psycho Cut|p2a: \u5de5\u5177\u4eba1\u53f7\n|-activate|p2a: \u5de5\u5177\u4eba1\u53f7|move: Protect\n|\n|-heal|p2a: \u5de5\u5177\u4eba1\u53f7|100\/100|[from] item: Leftovers\n|upkeep\n|turn|27\n|\n|t:|1699599939\n|move|p2a: \u5de5\u5177\u4eba1\u53f7|Body Press|p1a: Kartana\n|-supereffective|p1a: Kartana\n|-damage|p1a: Kartana|0 fnt\n|faint|p1a: Kartana\n|\n|upkeep\n|j| hainiumm\n|\n|t:|1699599944\n|switch|p1a: Tapu Fini|Tapu Fini|100\/100\n|-fieldstart|move: Misty Terrain|[from] ability: Misty Surge|[of] p1a: Tapu Fini\n|turn|28\n|\n|t:|1699599948\n|move|p1a: Tapu Fini|Moonblast|p2a: \u5de5\u5177\u4eba1\u53f7\n|-supereffective|p2a: \u5de5\u5177\u4eba1\u53f7\n|-damage|p2a: \u5de5\u5177\u4eba1\u53f7|33\/100\n|move|p2a: \u5de5\u5177\u4eba1\u53f7|Body Press|p1a: Tapu Fini\n|-resisted|p1a: Tapu Fini\n|-damage|p1a: Tapu Fini|50\/100\n|\n|-heal|p2a: \u5de5\u5177\u4eba1\u53f7|39\/100|[from] item: Leftovers\n|upkeep\n|turn|29\n|\n|t:|1699599956\n|switch|p2a: \u66b4\u6253\u7329\u7329|Moltres|40\/100 psn\n|move|p1a: Tapu Fini|Moonblast|p2a: \u66b4\u6253\u7329\u7329\n|-resisted|p2a: \u66b4\u6253\u7329\u7329\n|-damage|p2a: \u66b4\u6253\u7329\u7329|20\/100 psn\n|\n|-damage|p2a: \u66b4\u6253\u7329\u7329|7\/100 psn|[from] psn\n|upkeep\n|turn|30\n|\n|t:|1699599960\n|move|p1a: Tapu Fini|Moonblast|p2a: \u66b4\u6253\u7329\u7329\n|-resisted|p2a: \u66b4\u6253\u7329\u7329\n|-damage|p2a: \u66b4\u6253\u7329\u7329|0 fnt\n|faint|p2a: \u66b4\u6253\u7329\u7329\n|\n|upkeep\n|\n|t:|1699599963\n|switch|p2a: \u5de5\u5177\u4eba1\u53f7|Zamazenta|39\/100\n|turn|31\n|-message|wopowopo forfeited.\n|\n|win|wonderousacorn\n|raw|wonderousacorn's rating: 1579 &rarr; <strong>1598<\/strong><br \/>(+19 for winning)\n|raw|wopowopo's rating: 1560 &rarr; <strong>1541<\/strong><br \/>(-19 for losing)\n|l|\u2606wopowopo\n|l|\u2606wonderousacorn\n","uploadtime":1699599973,"views":4,"p1id":"wonderousacorn","p2id":"wopowopo","formatid":"gen9nationaldex","rating":1541,"private":0,"password":""}