{"id":"gen9nationaldex-1989473740","p1":"Icefanngs","p2":"Brady1001","format":"[Gen 9] National Dex","log":"|j|\u2606Icefanngs\n|j|\u2606Brady1001\n|t:|1699856266\n|gametype|singles\n|player|p1|Icefanngs|169|1353\n|player|p2|Brady1001|fisherman|1324\n|teamsize|p1|6\n|teamsize|p2|6\n|gen|9\n|tier|[Gen 9] National Dex\n|rated|\n|rule|HP Percentage Mod: HP is shown in percentages\n|rule|Endless Battle Clause: Forcing endless battles is banned\n|rule|OHKO Clause: OHKO moves are banned\n|rule|Evasion Clause: Evasion abilities, items, and moves are banned\n|rule|Evasion Abilities Clause: Evasion abilities are banned\n|rule|Evasion Items Clause: Evasion items are banned\n|rule|Evasion Moves Clause: Evasion moves are banned\n|rule|Species Clause: Limit one of each Pok\u00e9mon\n|rule|Sleep Clause Mod: Limit one foe put to sleep\n|clearpoke\n|poke|p1|Spiritomb, M|\n|poke|p1|Roserade, F|\n|poke|p1|Togekiss, F|\n|poke|p1|Milotic, F|\n|poke|p1|Lucario, M|\n|poke|p1|Garchomp, M|\n|poke|p2|Inteleon, M|\n|poke|p2|Alomomola, F|\n|poke|p2|Pelipper, F|\n|poke|p2|Great Tusk|\n|poke|p2|Ribombee, F|\n|poke|p2|Heatran, M|\n|teampreview\n|inactive|Battle timer is ON: inactive players will automatically lose when time's up. (requested by Brady1001)\n|\n|t:|1699856291\n|start\n|switch|p1a: Togekiss|Togekiss, F|100\/100\n|switch|p2a: Great Tusk|Great Tusk|100\/100\n|turn|1\n|\n|t:|1699856299\n|-end|p2a: Great Tusk|Protosynthesis|[silent]\n|switch|p2a: Ribombee|Ribombee, F|100\/100\n|move|p1a: Togekiss|Air Slash|p2a: Ribombee\n|-supereffective|p2a: Ribombee\n|-enditem|p2a: Ribombee|Focus Sash\n|-damage|p2a: Ribombee|1\/100\n|\n|upkeep\n|turn|2\n|\n|t:|1699856305\n|move|p1a: Togekiss|Air Slash|p2a: Ribombee\n|-supereffective|p2a: Ribombee\n|-damage|p2a: Ribombee|0 fnt\n|faint|p2a: Ribombee\n|\n|upkeep\n|\n|t:|1699856309\n|switch|p2a: Heatran|Heatran, M|100\/100\n|turn|3\n|\n|t:|1699856313\n|switch|p1a: Milotic|Milotic, F|100\/100\n|move|p2a: Heatran|Taunt|p1a: Milotic\n|-start|p1a: Milotic|move: Taunt\n|\n|-status|p1a: Milotic|brn|[from] item: Flame Orb\n|upkeep\n|turn|4\n|\n|t:|1699856319\n|move|p1a: Milotic|Scald|p2a: Heatran\n|-supereffective|p2a: Heatran\n|-damage|p2a: Heatran|45\/100\n|move|p2a: Heatran|Magma Storm|p1a: Milotic|[miss]\n|-miss|p2a: Heatran|p1a: Milotic\n|\n|-heal|p2a: Heatran|51\/100|[from] item: Leftovers\n|-damage|p1a: Milotic|94\/100 brn|[from] brn\n|upkeep\n|turn|5\n|\n|t:|1699856325\n|move|p1a: Milotic|Scald|p2a: Heatran\n|-supereffective|p2a: Heatran\n|-damage|p2a: Heatran|0 fnt\n|faint|p2a: Heatran\n|\n|-damage|p1a: Milotic|88\/100 brn|[from] brn\n|-end|p1a: Milotic|move: Taunt\n|upkeep\n|\n|t:|1699856329\n|switch|p2a: Great Tusk|Great Tusk|100\/100\n|turn|6\n|\n|t:|1699856332\n|move|p2a: Great Tusk|Stealth Rock|p1a: Milotic\n|-sidestart|p1: Icefanngs|move: Stealth Rock\n|move|p1a: Milotic|Ice Beam|p2a: Great Tusk\n|-supereffective|p2a: Great Tusk\n|-damage|p2a: Great Tusk|36\/100\n|\n|-damage|p1a: Milotic|82\/100 brn|[from] brn\n|upkeep\n|turn|7\n|\n|t:|1699856336\n|move|p2a: Great Tusk|Close Combat|p1a: Milotic\n|-damage|p1a: Milotic|47\/100 brn\n|-unboost|p2a: Great Tusk|def|1\n|-unboost|p2a: Great Tusk|spd|1\n|move|p1a: Milotic|Scald|p2a: Great Tusk\n|-supereffective|p2a: Great Tusk\n|-damage|p2a: Great Tusk|0 fnt\n|faint|p2a: Great Tusk\n|-end|p2a: Great Tusk|Protosynthesis|[silent]\n|\n|-damage|p1a: Milotic|41\/100 brn|[from] brn\n|upkeep\n|\n|t:|1699856340\n|switch|p2a: Pelipper|Pelipper, F|100\/100\n|-weather|RainDance|[from] ability: Drizzle|[of] p2a: Pelipper\n|turn|8\n|\n|t:|1699856344\n|move|p1a: Milotic|Recover|p1a: Milotic\n|-heal|p1a: Milotic|91\/100 brn\n|move|p2a: Pelipper|Hurricane|p1a: Milotic\n|-damage|p1a: Milotic|60\/100 brn\n|\n|-weather|RainDance|[upkeep]\n|-damage|p1a: Milotic|54\/100 brn|[from] brn\n|upkeep\n|turn|9\n|\n|t:|1699856349\n|switch|p2a: Inteleon|Inteleon, M|100\/100\n|move|p1a: Milotic|Recover|p1a: Milotic\n|-heal|p1a: Milotic|100\/100 brn\n|\n|-weather|RainDance|[upkeep]\n|-damage|p1a: Milotic|94\/100 brn|[from] brn\n|upkeep\n|turn|10\n|\n|t:|1699856353\n|-terastallize|p2a: Inteleon|Water\n|move|p2a: Inteleon|Focus Energy|p2a: Inteleon\n|-start|p2a: Inteleon|move: Focus Energy\n|move|p1a: Milotic|Mirror Coat||[still]\n|-fail|p1a: Milotic\n|\n|-weather|RainDance|[upkeep]\n|-damage|p1a: Milotic|88\/100 brn|[from] brn\n|upkeep\n|turn|11\n|\n|t:|1699856359\n|move|p2a: Inteleon|Agility|p2a: Inteleon\n|-boost|p2a: Inteleon|spe|2\n|move|p1a: Milotic|Scald|p2a: Inteleon\n|-resisted|p2a: Inteleon\n|-damage|p2a: Inteleon|57\/100\n|\n|-weather|RainDance|[upkeep]\n|-damage|p1a: Milotic|82\/100 brn|[from] brn\n|upkeep\n|turn|12\n|\n|t:|1699856373\n|move|p2a: Inteleon|Snipe Shot|p1a: Milotic\n|-resisted|p1a: Milotic\n|-crit|p1a: Milotic\n|-damage|p1a: Milotic|18\/100 brn\n|move|p1a: Milotic|Scald|p2a: Inteleon\n|-resisted|p2a: Inteleon\n|-damage|p2a: Inteleon|11\/100\n|\n|-weather|RainDance|[upkeep]\n|-damage|p1a: Milotic|12\/100 brn|[from] brn\n|upkeep\n|turn|13\n|\n|t:|1699856379\n|move|p2a: Inteleon|Shadow Ball|p1a: Milotic\n|-crit|p1a: Milotic\n|-damage|p1a: Milotic|0 fnt\n|faint|p1a: Milotic\n|\n|-weather|RainDance|[upkeep]\n|upkeep\n|\n|t:|1699856383\n|switch|p1a: Lucario|Lucario, M|100\/100\n|-damage|p1a: Lucario|98\/100|[from] Stealth Rock\n|turn|14\n|\n|t:|1699856387\n|move|p1a: Lucario|Extreme Speed|p2a: Inteleon\n|-damage|p2a: Inteleon|0 fnt\n|faint|p2a: Inteleon\n|\n|-weather|RainDance|[upkeep]\n|upkeep\n|\n|t:|1699856390\n|switch|p2a: Pelipper|Pelipper, F|100\/100\n|turn|15\n|\n|t:|1699856407\n|move|p1a: Lucario|Extreme Speed|p2a: Pelipper\n|-damage|p2a: Pelipper|63\/100\n|move|p2a: Pelipper|Hurricane|p1a: Lucario\n|-damage|p1a: Lucario|16\/100\n|-start|p1a: Lucario|confusion\n|\n|-weather|none\n|upkeep\n|turn|16\n|\n|t:|1699856429\n|switch|p2a: Alomomola|Alomomola, F|100\/100\n|-activate|p1a: Lucario|confusion\n|move|p1a: Lucario|Extreme Speed|p2a: Alomomola\n|-damage|p2a: Alomomola|77\/100\n|-damage|p1a: Lucario|0 fnt|[from] item: Rocky Helmet|[of] p2a: Alomomola\n|faint|p1a: Lucario\n|\n|upkeep\n|\n|t:|1699856440\n|switch|p1a: Roserade|Roserade, F|100\/100\n|-damage|p1a: Roserade|88\/100|[from] Stealth Rock\n|turn|17\n|\n|t:|1699856449\n|move|p2a: Alomomola|Protect|p2a: Alomomola\n|-singleturn|p2a: Alomomola|Protect\n|move|p1a: Roserade|Giga Drain|p2a: Alomomola\n|-activate|p2a: Alomomola|move: Protect\n|\n|-heal|p1a: Roserade|94\/100|[from] item: Leftovers\n|upkeep\n|turn|18\n|\n|t:|1699856455\n|switch|p2a: Pelipper|Pelipper, F|63\/100\n|-weather|RainDance|[from] ability: Drizzle|[of] p2a: Pelipper\n|move|p1a: Roserade|Giga Drain|p2a: Pelipper\n|-damage|p2a: Pelipper|21\/100\n|-heal|p1a: Roserade|100\/100|[from] drain|[of] p2a: Pelipper\n|\n|-weather|RainDance|[upkeep]\n|upkeep\n|turn|19\n|\n|t:|1699856467\n|switch|p1a: Togekiss|Togekiss, F|100\/100\n|-damage|p1a: Togekiss|75\/100|[from] Stealth Rock\n|move|p2a: Pelipper|Hurricane|p1a: Togekiss\n|-damage|p1a: Togekiss|29\/100\n|\n|-weather|RainDance|[upkeep]\n|upkeep\n|turn|20\n|\n|t:|1699856479\n|switch|p2a: Alomomola|Alomomola, F|100\/100\n|move|p1a: Togekiss|Air Slash|p2a: Alomomola\n|-damage|p2a: Alomomola|64\/100\n|\n|-weather|RainDance|[upkeep]\n|upkeep\n|turn|21\n|\n|t:|1699856486\n|move|p1a: Togekiss|Air Slash|p2a: Alomomola\n|-damage|p2a: Alomomola|27\/100\n|move|p2a: Alomomola|Wish|p2a: Alomomola\n|\n|-weather|RainDance|[upkeep]\n|upkeep\n|turn|22\n|\n|t:|1699856490\n|move|p2a: Alomomola|Protect|p2a: Alomomola\n|-singleturn|p2a: Alomomola|Protect\n|move|p1a: Togekiss|Air Slash|p2a: Alomomola\n|-activate|p2a: Alomomola|move: Protect\n|\n|-weather|RainDance|[upkeep]\n|-heal|p2a: Alomomola|77\/100|[from] move: Wish|[wisher] Alomomola\n|upkeep\n|turn|23\n|\n|t:|1699856496\n|move|p1a: Togekiss|Air Slash|p2a: Alomomola\n|-damage|p2a: Alomomola|42\/100\n|cant|p2a: Alomomola|flinch\n|\n|-weather|RainDance|[upkeep]\n|upkeep\n|turn|24\n|\n|t:|1699856500\n|move|p2a: Alomomola|Protect|p2a: Alomomola\n|-singleturn|p2a: Alomomola|Protect\n|move|p1a: Togekiss|Air Slash|p2a: Alomomola\n|-activate|p2a: Alomomola|move: Protect\n|\n|-weather|RainDance|[upkeep]\n|upkeep\n|turn|25\n|\n|t:|1699856505\n|move|p1a: Togekiss|Air Slash|p2a: Alomomola\n|-damage|p2a: Alomomola|4\/100\n|move|p2a: Alomomola|Wish|p2a: Alomomola\n|\n|-weather|none\n|upkeep\n|turn|26\n|\n|t:|1699856509\n|move|p2a: Alomomola|Protect|p2a: Alomomola\n|-singleturn|p2a: Alomomola|Protect\n|move|p1a: Togekiss|Air Slash|p2a: Alomomola\n|-activate|p2a: Alomomola|move: Protect\n|\n|-heal|p2a: Alomomola|54\/100|[from] move: Wish|[wisher] Alomomola\n|upkeep\n|turn|27\n|\n|t:|1699856513\n|move|p1a: Togekiss|Air Slash|p2a: Alomomola\n|-damage|p2a: Alomomola|20\/100\n|cant|p2a: Alomomola|flinch\n|\n|upkeep\n|turn|28\n|\n|t:|1699856522\n|switch|p2a: Pelipper|Pelipper, F|21\/100\n|-weather|RainDance|[from] ability: Drizzle|[of] p2a: Pelipper\n|move|p1a: Togekiss|Air Slash|p2a: Pelipper\n|-damage|p2a: Pelipper|0 fnt\n|faint|p2a: Pelipper\n|\n|-weather|RainDance|[upkeep]\n|upkeep\n|\n|t:|1699856529\n|switch|p2a: Alomomola|Alomomola, F|53\/100\n|turn|29\n|\n|t:|1699856533\n|move|p1a: Togekiss|Air Slash|p2a: Alomomola\n|-damage|p2a: Alomomola|18\/100\n|cant|p2a: Alomomola|flinch\n|\n|-weather|RainDance|[upkeep]\n|upkeep\n|turn|30\n|\n|t:|1699856542\n|move|p2a: Alomomola|Protect|p2a: Alomomola\n|-singleturn|p2a: Alomomola|Protect\n|move|p1a: Togekiss|Air Slash|p2a: Alomomola\n|-activate|p2a: Alomomola|move: Protect\n|\n|-weather|RainDance|[upkeep]\n|upkeep\n|turn|31\n|c|\u2606Icefanngs|Gg\n|\n|t:|1699856548\n|move|p2a: Alomomola|Protect||[still]\n|-fail|p2a: Alomomola\n|move|p1a: Togekiss|Air Slash|p2a: Alomomola\n|-damage|p2a: Alomomola|0 fnt\n|faint|p2a: Alomomola\n|\n|win|Icefanngs\n|raw|Icefanngs's rating: 1353 &rarr; <strong>1371<\/strong><br \/>(+18 for winning)\n|raw|Brady1001's rating: 1324 &rarr; <strong>1306<\/strong><br \/>(-18 for losing)\n|l|\u2606Brady1001\n","uploadtime":1699856563,"views":4,"p1id":"icefanngs","p2id":"brady1001","formatid":"gen9nationaldex","rating":1306,"private":0,"password":""}