{"id":"gen9nationaldex-1995705461","p1":"Himuro Arcana","p2":"Davichito22","format":"[Gen 9] National Dex","log":"|html|<div class=\"broadcast-blue\"><strong>[Gen 9] National Dex is currently suspecting Sneasler! For information on how to participate check out the <a href=\"https:\/\/www.smogon.com\/forums\/threads\/sv-national-dex-suspect-8-just-dance.3731534\/\">suspect thread<\/a>.<\/strong><\/div>\n|j|\u2606Himuro Arcana\n|j|\u2606Davichito22\n|t:|1700595574\n|gametype|singles\n|player|p1|Himuro Arcana|102|1291\n|player|p2|Davichito22|riley|1387\n|teamsize|p1|6\n|teamsize|p2|6\n|gen|9\n|tier|[Gen 9] National Dex\n|rated|\n|rule|HP Percentage Mod: HP is shown in percentages\n|rule|Endless Battle Clause: Forcing endless battles is banned\n|rule|OHKO Clause: OHKO moves are banned\n|rule|Evasion Clause: Evasion abilities, items, and moves are banned\n|rule|Evasion Abilities Clause: Evasion abilities are banned\n|rule|Evasion Items Clause: Evasion items are banned\n|rule|Evasion Moves Clause: Evasion moves are banned\n|rule|Species Clause: Limit one of each Pok\u00e9mon\n|rule|Sleep Clause Mod: Limit one foe put to sleep\n|clearpoke\n|poke|p1|Tyranitar, M|\n|poke|p1|Manectric, M|\n|poke|p1|Tornadus-Therian, M|\n|poke|p1|Ribombee, M|\n|poke|p1|Volcanion|\n|poke|p1|Garganacl, M|\n|poke|p2|Uxie|\n|poke|p2|Sneasler, M|\n|poke|p2|Kommo-o, F|\n|poke|p2|Lopunny, M|\n|poke|p2|Tapu Lele|\n|poke|p2|Samurott-Hisui, F|\n|teampreview\n|inactive|Battle timer is ON: inactive players will automatically lose when time's up. (requested by Davichito22)\n|\n|t:|1700595591\n|start\n|switch|p1a: Manectric|Manectric, M|100\/100\n|switch|p2a: Samurott|Samurott-Hisui, F|100\/100\n|turn|1\n|\n|t:|1700595597\n|switch|p2a: Uxie|Uxie|100\/100\n|detailschange|p1a: Manectric|Manectric-Mega, M\n|-mega|p1a: Manectric|Manectric|Manectite\n|-ability|p1a: Manectric|Intimidate|boost\n|-unboost|p2a: Uxie|atk|1\n|move|p1a: Manectric|Volt Switch|p2a: Uxie\n|-damage|p2a: Uxie|71\/100\n|\n|t:|1700595611\n|switch|p1a: Tyranitar|Tyranitar, M|100\/100|[from] Volt Switch\n|-weather|Sandstorm|[from] ability: Sand Stream|[of] p1a: Tyranitar\n|\n|-weather|Sandstorm|[upkeep]\n|-damage|p2a: Uxie|64\/100|[from] Sandstorm\n|upkeep\n|turn|2\n|\n|t:|1700595620\n|move|p2a: Uxie|Trick|p1a: Tyranitar\n|-activate|p2a: Uxie|move: Trick|[of] p1a: Tyranitar\n|-item|p1a: Tyranitar|Choice Scarf|[from] move: Trick\n|-item|p2a: Uxie|Choice Band|[from] move: Trick\n|move|p1a: Tyranitar|Knock Off|p2a: Uxie\n|-supereffective|p2a: Uxie\n|-damage|p2a: Uxie|0 fnt\n|-enditem|p2a: Uxie|Choice Band|[from] move: Knock Off|[of] p1a: Tyranitar\n|faint|p2a: Uxie\n|\n|-weather|Sandstorm|[upkeep]\n|upkeep\n|\n|t:|1700595630\n|switch|p2a: Samurott|Samurott-Hisui, F|100\/100\n|turn|3\n|\n|t:|1700595635\n|switch|p1a: Manectric|Manectric-Mega, M|100\/100\n|-ability|p1a: Manectric|Intimidate|boost\n|-unboost|p2a: Samurott|atk|1\n|move|p2a: Samurott|Ceaseless Edge|p1a: Manectric\n|-damage|p1a: Manectric|55\/100\n|-sidestart|p1: Himuro Arcana|Spikes\n|\n|-weather|Sandstorm|[upkeep]\n|-damage|p1a: Manectric|49\/100|[from] Sandstorm\n|-damage|p2a: Samurott|94\/100|[from] Sandstorm\n|upkeep\n|turn|4\n|\n|t:|1700595650\n|move|p1a: Manectric|Volt Switch|p2a: Samurott\n|-supereffective|p2a: Samurott\n|-damage|p2a: Samurott|0 fnt\n|faint|p2a: Samurott\n|\n|t:|1700595660\n|switch|p1a: Tyranitar|Tyranitar, M|100\/100|[from] Volt Switch\n|-damage|p1a: Tyranitar|88\/100|[from] Spikes\n|\n|-weather|Sandstorm|[upkeep]\n|upkeep\n|\n|t:|1700595663\n|switch|p2a: Tapu Lele|Tapu Lele|100\/100\n|-fieldstart|move: Psychic Terrain|[from] ability: Psychic Surge|[of] p2a: Tapu Lele\n|turn|5\n|\n|t:|1700595670\n|move|p2a: Tapu Lele|Moonblast|p1a: Tyranitar\n|-supereffective|p1a: Tyranitar\n|-damage|p1a: Tyranitar|44\/100\n|-unboost|p1a: Tyranitar|spa|1\n|move|p1a: Tyranitar|Knock Off|p2a: Tapu Lele\n|-damage|p2a: Tapu Lele|26\/100\n|-enditem|p2a: Tapu Lele|Choice Scarf|[from] move: Knock Off|[of] p1a: Tyranitar\n|\n|-weather|none\n|upkeep\n|turn|6\n|\n|t:|1700595686\n|switch|p1a: Tornadus|Tornadus-Therian, M|100\/100\n|move|p2a: Tapu Lele|Moonblast|p1a: Tornadus\n|-damage|p1a: Tornadus|65\/100\n|\n|upkeep\n|turn|7\n|\n|t:|1700595691\n|move|p1a: Tornadus|U-turn|p2a: Tapu Lele\n|-damage|p2a: Tapu Lele|3\/100\n|\n|t:|1700595709\n|switch|p1a: Ribombee|Ribombee, M|100\/100|[from] U-turn\n|-damage|p1a: Ribombee|88\/100|[from] Spikes\n|move|p2a: Tapu Lele|Psychic|p1a: Ribombee\n|-damage|p1a: Ribombee|0 fnt\n|faint|p1a: Ribombee\n|\n|upkeep\n|\n|t:|1700595722\n|switch|p1a: Volcanion|Volcanion|100\/100\n|turn|8\n|\n|t:|1700595727\n|move|p2a: Tapu Lele|Psychic|p1a: Volcanion\n|-damage|p1a: Volcanion|21\/100\n|move|p1a: Volcanion|Defog|p2a: Tapu Lele\n|-unboost|p2a: Tapu Lele|evasion|1\n|-sideend|p1: Himuro Arcana|Spikes|[from] move: Defog|[of] p1a: Volcanion\n|-fieldend|move: Psychic Terrain\n|\n|upkeep\n|turn|9\n|\n|t:|1700595733\n|move|p2a: Tapu Lele|Moonblast|p1a: Volcanion\n|-resisted|p1a: Volcanion\n|-damage|p1a: Volcanion|0 fnt\n|faint|p1a: Volcanion\n|\n|upkeep\n|\n|t:|1700595738\n|switch|p1a: Manectric|Manectric-Mega, M|49\/100\n|-ability|p1a: Manectric|Intimidate|boost\n|-unboost|p2a: Tapu Lele|atk|1\n|turn|10\n|\n|t:|1700595741\n|switch|p2a: Lopunny|Lopunny, M|100\/100\n|move|p1a: Manectric|Volt Switch|p2a: Lopunny\n|-damage|p2a: Lopunny|51\/100\n|\n|t:|1700595752\n|switch|p1a: Garganacl|Garganacl, M|100\/100|[from] Volt Switch\n|\n|upkeep\n|turn|11\n|\n|t:|1700595762\n|detailschange|p2a: Lopunny|Lopunny-Mega, M\n|-mega|p2a: Lopunny|Lopunny|Lopunnite\n|move|p1a: Garganacl|Protect|p1a: Garganacl\n|-singleturn|p1a: Garganacl|Protect\n|move|p2a: Lopunny|Fake Out|p1a: Garganacl\n|-activate|p1a: Garganacl|move: Protect\n|\n|upkeep\n|turn|12\n|\n|t:|1700595768\n|move|p2a: Lopunny|Close Combat|p1a: Garganacl\n|-supereffective|p1a: Garganacl\n|-damage|p1a: Garganacl|40\/100\n|-unboost|p2a: Lopunny|def|1\n|-unboost|p2a: Lopunny|spd|1\n|move|p1a: Garganacl|Salt Cure|p2a: Lopunny\n|-resisted|p2a: Lopunny\n|-damage|p2a: Lopunny|37\/100\n|-start|p2a: Lopunny|Salt Cure\n|\n|-heal|p1a: Garganacl|46\/100|[from] item: Leftovers\n|-damage|p2a: Lopunny|25\/100|[from] Salt Cure\n|upkeep\n|turn|13\n|\n|t:|1700595782\n|switch|p2a: Tapu Lele|Tapu Lele|3\/100\n|-fieldstart|move: Psychic Terrain|[from] ability: Psychic Surge|[of] p2a: Tapu Lele\n|-terastallize|p1a: Garganacl|Fairy\n|move|p1a: Garganacl|Recover|p1a: Garganacl\n|-heal|p1a: Garganacl|96\/100\n|\n|-heal|p1a: Garganacl|100\/100|[from] item: Leftovers\n|upkeep\n|turn|14\n|\n|t:|1700595795\n|switch|p1a: Tornadus|Tornadus-Therian, M|98\/100\n|move|p2a: Tapu Lele|Psychic|p1a: Tornadus\n|-damage|p1a: Tornadus|56\/100\n|\n|upkeep\n|turn|15\n|\n|t:|1700595801\n|move|p1a: Tornadus|U-turn|p2a: Tapu Lele\n|-damage|p2a: Tapu Lele|0 fnt\n|faint|p2a: Tapu Lele\n|\n|t:|1700595808\n|switch|p1a: Manectric|Manectric-Mega, M|49\/100|[from] U-turn\n|\n|upkeep\n|\n|t:|1700595819\n|switch|p2a: Sneasler|Sneasler, M|100\/100\n|-enditem|p2a: Sneasler|Psychic Seed\n|-boost|p2a: Sneasler|spd|1|[from] item: Psychic Seed\n|turn|16\n|\n|t:|1700595828\n|switch|p1a: Tyranitar|Tyranitar, M|44\/100\n|-weather|Sandstorm|[from] ability: Sand Stream|[of] p1a: Tyranitar\n|move|p2a: Sneasler|Swords Dance|p2a: Sneasler\n|-boost|p2a: Sneasler|atk|2\n|\n|-weather|Sandstorm|[upkeep]\n|-damage|p2a: Sneasler|95\/100|[from] Sandstorm\n|upkeep\n|turn|17\n|\n|t:|1700595838\n|-terastallize|p2a: Sneasler|Flying\n|move|p2a: Sneasler|Acrobatics|p1a: Tyranitar\n|-resisted|p1a: Tyranitar\n|-damage|p1a: Tyranitar|0 fnt\n|faint|p1a: Tyranitar\n|\n|-weather|Sandstorm|[upkeep]\n|-damage|p2a: Sneasler|89\/100|[from] Sandstorm\n|-fieldend|move: Psychic Terrain\n|upkeep\n|\n|t:|1700595847\n|switch|p1a: Manectric|Manectric-Mega, M|49\/100\n|-ability|p1a: Manectric|Intimidate|boost\n|-unboost|p2a: Sneasler|atk|1\n|turn|18\n|\n|t:|1700595854\n|move|p2a: Sneasler|Acrobatics|p1a: Manectric\n|-resisted|p1a: Manectric\n|-damage|p1a: Manectric|0 fnt\n|faint|p1a: Manectric\n|\n|-weather|Sandstorm|[upkeep]\n|-damage|p2a: Sneasler|83\/100|[from] Sandstorm\n|upkeep\n|\n|t:|1700595862\n|switch|p1a: Tornadus|Tornadus-Therian, M|89\/100\n|turn|19\n|\n|t:|1700595864\n|move|p2a: Sneasler|Acrobatics|p1a: Tornadus\n|-damage|p1a: Tornadus|2\/100\n|move|p1a: Tornadus|Hurricane|p2a: Sneasler\n|-damage|p2a: Sneasler|41\/100\n|\n|-weather|Sandstorm|[upkeep]\n|-damage|p2a: Sneasler|35\/100|[from] Sandstorm\n|-damage|p1a: Tornadus|0 fnt|[from] Sandstorm\n|faint|p1a: Tornadus\n|upkeep\n|\n|t:|1700595891\n|switch|p1a: Garganacl|Garganacl, M, tera:Fairy|100\/100\n|turn|20\n|\n|t:|1700595894\n|move|p2a: Sneasler|Dire Claw|p1a: Garganacl\n|-supereffective|p1a: Garganacl\n|-damage|p1a: Garganacl|40\/100\n|move|p1a: Garganacl|Salt Cure|p2a: Sneasler\n|-supereffective|p2a: Sneasler\n|-damage|p2a: Sneasler|0 fnt\n|faint|p2a: Sneasler\n|\n|-weather|none\n|-heal|p1a: Garganacl|46\/100|[from] item: Leftovers\n|upkeep\n|\n|t:|1700595906\n|switch|p2a: Kommo-o|Kommo-o, F|100\/100\n|turn|21\n|\n|t:|1700595909\n|move|p2a: Kommo-o|Clangorous Soul|p2a: Kommo-o\n|-boost|p2a: Kommo-o|atk|1\n|-boost|p2a: Kommo-o|def|1\n|-boost|p2a: Kommo-o|spa|1\n|-boost|p2a: Kommo-o|spd|1\n|-boost|p2a: Kommo-o|spe|1\n|-damage|p2a: Kommo-o|68\/100\n|-enditem|p2a: Kommo-o|Throat Spray\n|-boost|p2a: Kommo-o|spa|1|[from] item: Throat Spray\n|move|p1a: Garganacl|Salt Cure|p2a: Kommo-o\n|-resisted|p2a: Kommo-o\n|-damage|p2a: Kommo-o|63\/100\n|-start|p2a: Kommo-o|Salt Cure\n|\n|-heal|p1a: Garganacl|52\/100|[from] item: Leftovers\n|-damage|p2a: Kommo-o|51\/100|[from] Salt Cure\n|upkeep\n|turn|22\n|\n|t:|1700595921\n|move|p1a: Garganacl|Protect|p1a: Garganacl\n|-singleturn|p1a: Garganacl|Protect\n|move|p2a: Kommo-o|Boomburst|p1a: Garganacl\n|-activate|p1a: Garganacl|move: Protect\n|\n|-heal|p1a: Garganacl|58\/100|[from] item: Leftovers\n|-damage|p2a: Kommo-o|38\/100|[from] Salt Cure\n|upkeep\n|turn|23\n|\n|t:|1700595926\n|move|p2a: Kommo-o|Boomburst|p1a: Garganacl\n|-damage|p1a: Garganacl|0 fnt\n|faint|p1a: Garganacl\n|\n|win|Davichito22\n|raw|Himuro Arcana's rating: 1291 &rarr; <strong>1273<\/strong><br \/>(-18 for losing)\n|raw|Davichito22's rating: 1387 &rarr; <strong>1402<\/strong><br \/>(+15 for winning)\n|l|\u2606Davichito22\n|l|\u2606Himuro Arcana\n|j|\u2606Himuro Arcana\n|player|p1|Himuro Arcana|102\n","uploadtime":1700595942,"views":0,"p1id":"himuroarcana","p2id":"davichito22","formatid":"gen9nationaldex","rating":1273,"private":0,"password":""}