{"id":"gen9nationaldex-1988801692","p1":"KakunaBR","p2":"yunhaiyue","format":"[Gen 9] National Dex","log":"|j|\u2606KakunaBR\n|j|\u2606yunhaiyue\n|t:|1699765163\n|gametype|singles\n|player|p1|KakunaBR|veteran|1565\n|player|p2|yunhaiyue|ghetsis-gen5bw|1490\n|teamsize|p1|6\n|teamsize|p2|6\n|gen|9\n|tier|[Gen 9] National Dex\n|rated|\n|rule|HP Percentage Mod: HP is shown in percentages\n|rule|Endless Battle Clause: Forcing endless battles is banned\n|rule|OHKO Clause: OHKO moves are banned\n|rule|Evasion Clause: Evasion abilities, items, and moves are banned\n|rule|Evasion Abilities Clause: Evasion abilities are banned\n|rule|Evasion Items Clause: Evasion items are banned\n|rule|Evasion Moves Clause: Evasion moves are banned\n|rule|Species Clause: Limit one of each Pok\u00e9mon\n|rule|Sleep Clause Mod: Limit one foe put to sleep\n|clearpoke\n|poke|p1|Charizard, F|\n|poke|p1|Gengar, M|\n|poke|p1|Dragonite, M|\n|poke|p1|Cinderace, F|\n|poke|p1|Machamp, M|\n|poke|p1|Ferrothorn, M|\n|poke|p2|Alomomola, M|\n|poke|p2|Chansey, F|\n|poke|p2|Sableye, F|\n|poke|p2|Slowking-Galar, M|\n|poke|p2|Garganacl, F|\n|poke|p2|Corviknight, M|\n|teampreview\n|inactive|Battle timer is ON: inactive players will automatically lose when time's up. (requested by yunhaiyue)\n|\n|t:|1699765176\n|start\n|switch|p1a: Machamp|Machamp, M, shiny|100\/100\n|switch|p2a: Sableye|Sableye, F|100\/100\n|turn|1\n|\n|t:|1699765183\n|switch|p1a: Charizard|Charizard, F|100\/100\n|detailschange|p2a: Sableye|Sableye-Mega, F\n|-mega|p2a: Sableye|Sableye|Sablenite\n|move|p2a: Sableye|Knock Off|p1a: Charizard\n|-damage|p1a: Charizard|70\/100\n|\n|upkeep\n|turn|2\n|\n|t:|1699765189\n|switch|p2a: Chansey|Chansey, F|100\/100\n|detailschange|p1a: Charizard|Charizard-Mega-Y, F\n|-mega|p1a: Charizard|Charizard|Charizardite Y\n|-weather|SunnyDay|[from] ability: Drought|[of] p1a: Charizard\n|move|p1a: Charizard|Fire Blast|p2a: Chansey\n|-damage|p2a: Chansey|68\/100\n|-status|p2a: Chansey|brn\n|\n|-weather|SunnyDay|[upkeep]\n|-damage|p2a: Chansey|62\/100 brn|[from] brn\n|upkeep\n|turn|3\n|\n|t:|1699765207\n|switch|p1a: Cinderace|Cinderace, F|100\/100\n|move|p2a: Chansey|Stealth Rock|p1a: Cinderace\n|-sidestart|p1: KakunaBR|move: Stealth Rock\n|\n|-weather|SunnyDay|[upkeep]\n|-damage|p2a: Chansey|56\/100 brn|[from] brn\n|upkeep\n|turn|4\n|\n|t:|1699765216\n|move|p1a: Cinderace|Pyro Ball|p2a: Chansey\n|-damage|p2a: Chansey|0 fnt\n|faint|p2a: Chansey\n|\n|-weather|SunnyDay|[upkeep]\n|upkeep\n|\n|t:|1699765223\n|switch|p2a: Alomomola|Alomomola, M|100\/100\n|turn|5\n|\n|t:|1699765226\n|move|p1a: Cinderace|Court Change|p1a: Cinderace\n|-start|p1a: Cinderace|typechange|Normal|[from] ability: Libero\n|-swapsideconditions\n|-activate|p1a: Cinderace|move: Court Change\n|move|p2a: Alomomola|Flip Turn|p1a: Cinderace\n|-damage|p1a: Cinderace|88\/100\n|\n|t:|1699765248\n|switch|p2a: Garganacl|Garganacl, F|100\/100|[from] Flip Turn\n|-damage|p2a: Garganacl|88\/100|[from] Stealth Rock\n|\n|-weather|SunnyDay|[upkeep]\n|-heal|p2a: Garganacl|94\/100|[from] item: Leftovers\n|upkeep\n|turn|6\n|\n|t:|1699765256\n|move|p1a: Cinderace|High Jump Kick|p2a: Garganacl\n|-supereffective|p2a: Garganacl\n|-damage|p2a: Garganacl|42\/100\n|move|p2a: Garganacl|Salt Cure|p1a: Cinderace\n|-damage|p1a: Cinderace|69\/100\n|-start|p1a: Cinderace|Salt Cure\n|\n|-weather|none\n|-heal|p2a: Garganacl|49\/100|[from] item: Leftovers\n|-damage|p1a: Cinderace|57\/100|[from] Salt Cure\n|upkeep\n|turn|7\n|\n|t:|1699765268\n|switch|p1a: Charizard|Charizard-Mega-Y, F|70\/100\n|-weather|SunnyDay|[from] ability: Drought|[of] p1a: Charizard\n|-terastallize|p2a: Garganacl|Ghost\n|move|p2a: Garganacl|Recover|p2a: Garganacl\n|-heal|p2a: Garganacl|99\/100\n|\n|-weather|SunnyDay|[upkeep]\n|-heal|p2a: Garganacl|100\/100|[from] item: Leftovers\n|upkeep\n|turn|8\n|\n|t:|1699765276\n|move|p1a: Charizard|Fire Blast|p2a: Garganacl\n|-damage|p2a: Garganacl|41\/100\n|move|p2a: Garganacl|Salt Cure|p1a: Charizard\n|-supereffective|p1a: Charizard\n|-damage|p1a: Charizard|0 fnt\n|faint|p1a: Charizard\n|\n|-weather|SunnyDay|[upkeep]\n|-heal|p2a: Garganacl|47\/100|[from] item: Leftovers\n|upkeep\n|\n|t:|1699765294\n|switch|p1a: Gengar|Gengar, M|100\/100\n|turn|9\n|\n|t:|1699765301\n|switch|p2a: Slowking|Slowking-Galar, M|100\/100\n|-terastallize|p1a: Gengar|Ghost\n|move|p1a: Gengar|Shadow Ball|p2a: Slowking\n|-supereffective|p2a: Slowking\n|-damage|p2a: Slowking|23\/100\n|\n|-weather|SunnyDay|[upkeep]\n|upkeep\n|turn|10\n|\n|t:|1699765314\n|switch|p2a: Corviknight|Corviknight, M|100\/100\n|-ability|p2a: Corviknight|Pressure\n|move|p1a: Gengar|Shadow Ball|p2a: Corviknight\n|-damage|p2a: Corviknight|44\/100\n|\n|-weather|SunnyDay|[upkeep]\n|upkeep\n|turn|11\n|\n|t:|1699765321\n|switch|p2a: Sableye|Sableye-Mega, F|100\/100\n|-damage|p2a: Sableye|88\/100|[from] Stealth Rock\n|move|p1a: Gengar|Shadow Ball|p2a: Sableye\n|-damage|p2a: Sableye|24\/100\n|\n|-weather|none\n|upkeep\n|turn|12\n|-message|yunhaiyue forfeited.\n|\n|win|KakunaBR\n|raw|KakunaBR's rating: 1565 &rarr; <strong>1581<\/strong><br \/>(+16 for winning)\n|raw|yunhaiyue's rating: 1490 &rarr; <strong>1474<\/strong><br \/>(-16 for losing)\n|l|\u2606yunhaiyue\n","uploadtime":1699765335,"views":10,"p1id":"kakunabr","p2id":"yunhaiyue","formatid":"gen9nationaldex","rating":1474,"private":0,"password":""}