{"id":"gen9nationaldex-1998237094","p1":"albanian man","p2":"Sokko666","format":"[Gen 9] National Dex","log":"|html|<div class=\"broadcast-blue\"><strong>[Gen 9] National Dex is currently suspecting Sneasler! For information on how to participate check out the <a href=\"https:\/\/www.smogon.com\/forums\/threads\/sv-national-dex-suspect-8-just-dance.3731534\/\">suspect thread<\/a>.<\/strong><\/div>\n|j|\u2606albanian man\n|j|\u2606Sokko666\n|t:|1700917772\n|gametype|singles\n|player|p1|albanian man|skier|1137\n|player|p2|Sokko666|wattson|1246\n|teamsize|p1|6\n|teamsize|p2|6\n|gen|9\n|tier|[Gen 9] National Dex\n|rated|\n|rule|HP Percentage Mod: HP is shown in percentages\n|rule|Endless Battle Clause: Forcing endless battles is banned\n|rule|OHKO Clause: OHKO moves are banned\n|rule|Evasion Clause: Evasion abilities, items, and moves are banned\n|rule|Evasion Abilities Clause: Evasion abilities are banned\n|rule|Evasion Items Clause: Evasion items are banned\n|rule|Evasion Moves Clause: Evasion moves are banned\n|rule|Species Clause: Limit one of each Pok\u00e9mon\n|rule|Sleep Clause Mod: Limit one foe put to sleep\n|clearpoke\n|poke|p1|Magmortar, M|\n|poke|p1|Clodsire, M|\n|poke|p1|Venusaur, M|\n|poke|p1|Talonflame, M|\n|poke|p1|Chandelure, M|\n|poke|p1|Torkoal, M|\n|poke|p2|Charizard, M|\n|poke|p2|Venusaur, F|\n|poke|p2|Great Tusk|\n|poke|p2|Grimmsnarl, M|\n|poke|p2|Alomomola, F|\n|poke|p2|Aegislash, M|\n|teampreview\n|inactive|Battle timer is ON: inactive players will automatically lose when time's up. (requested by albanian man)\n|j| Protick420\n|\n|t:|1700917790\n|start\n|switch|p1a: Clodsire|Clodsire, M|100\/100\n|switch|p2a: Great Tusk|Great Tusk|100\/100\n|turn|1\n|\n|t:|1700917803\n|switch|p1a: Talonflame|Talonflame, M|100\/100\n|move|p2a: Great Tusk|Headlong Rush|p1a: Talonflame\n|-immune|p1a: Talonflame\n|\n|upkeep\n|turn|2\n|\n|t:|1700917816\n|-end|p2a: Great Tusk|Protosynthesis|[silent]\n|switch|p2a: Aegislash|Aegislash, M|100\/100\n|move|p1a: Talonflame|Brave Bird|p2a: Aegislash\n|-resisted|p2a: Aegislash\n|-damage|p2a: Aegislash|81\/100\n|-damage|p1a: Talonflame|93\/100|[from] Recoil\n|\n|-heal|p2a: Aegislash|87\/100|[from] item: Leftovers\n|upkeep\n|turn|3\n|\n|t:|1700917831\n|-terastallize|p2a: Aegislash|Water\n|move|p1a: Talonflame|Flare Blitz|p2a: Aegislash\n|-resisted|p2a: Aegislash\n|-damage|p2a: Aegislash|66\/100\n|-damage|p1a: Talonflame|86\/100|[from] Recoil\n|-formechange|p2a: Aegislash|Aegislash-Blade||[from] ability: Stance Change\n|move|p2a: Aegislash|Shadow Ball|p1a: Talonflame\n|-damage|p1a: Talonflame|10\/100\n|\n|-heal|p2a: Aegislash|72\/100|[from] item: Leftovers\n|upkeep\n|turn|4\n|\n|t:|1700917848\n|-formechange|p2a: Aegislash|Aegislash||[from] ability: Stance Change\n|move|p2a: Aegislash|King's Shield|p2a: Aegislash\n|-singleturn|p2a: Aegislash|Protect\n|move|p1a: Talonflame|Brave Bird|p2a: Aegislash\n|-activate|p2a: Aegislash|move: Protect\n|-unboost|p1a: Talonflame|atk|1\n|\n|-heal|p2a: Aegislash|78\/100|[from] item: Leftovers\n|upkeep\n|turn|5\n|\n|t:|1700917858\n|move|p1a: Talonflame|Roost|p1a: Talonflame\n|-heal|p1a: Talonflame|60\/100\n|-singleturn|p1a: Talonflame|move: Roost\n|-formechange|p2a: Aegislash|Aegislash-Blade||[from] ability: Stance Change\n|move|p2a: Aegislash|Shadow Ball|p1a: Talonflame\n|-damage|p1a: Talonflame|0 fnt\n|faint|p1a: Talonflame\n|\n|-heal|p2a: Aegislash|84\/100|[from] item: Leftovers\n|upkeep\n|\n|t:|1700917869\n|switch|p1a: Torkoal|Torkoal, M|100\/100\n|-weather|SunnyDay|[from] ability: Drought|[of] p1a: Torkoal\n|turn|6\n|\n|t:|1700917881\n|switch|p1a: Clodsire|Clodsire, M|100\/100\n|-formechange|p2a: Aegislash|Aegislash||[from] ability: Stance Change\n|move|p2a: Aegislash|King's Shield||[still]\n|-fail|p2a: Aegislash\n|\n|-weather|SunnyDay|[upkeep]\n|-heal|p2a: Aegislash|90\/100|[from] item: Leftovers\n|upkeep\n|turn|7\n|\n|t:|1700917895\n|move|p2a: Aegislash|Substitute|p2a: Aegislash\n|-start|p2a: Aegislash|Substitute\n|-damage|p2a: Aegislash|65\/100\n|move|p1a: Clodsire|Toxic Spikes|p2a: Aegislash\n|-sidestart|p2: Sokko666|move: Toxic Spikes\n|\n|-weather|SunnyDay|[upkeep]\n|-heal|p2a: Aegislash|71\/100|[from] item: Leftovers\n|upkeep\n|turn|8\n|\n|t:|1700917901\n|-formechange|p2a: Aegislash|Aegislash-Blade||[from] ability: Stance Change\n|move|p2a: Aegislash|Shadow Ball|p1a: Clodsire\n|-damage|p1a: Clodsire|70\/100\n|move|p1a: Clodsire|Toxic Spikes|p2a: Aegislash\n|-sidestart|p2: Sokko666|move: Toxic Spikes\n|\n|-weather|SunnyDay|[upkeep]\n|-heal|p2a: Aegislash|78\/100|[from] item: Leftovers\n|-heal|p1a: Clodsire|77\/100|[from] item: Black Sludge\n|upkeep\n|turn|9\n|\n|t:|1700917912\n|move|p2a: Aegislash|Shadow Ball|p1a: Clodsire\n|-damage|p1a: Clodsire|42\/100\n|move|p1a: Clodsire|Recover|p1a: Clodsire\n|-heal|p1a: Clodsire|92\/100\n|\n|-weather|SunnyDay|[upkeep]\n|-heal|p2a: Aegislash|84\/100|[from] item: Leftovers\n|-heal|p1a: Clodsire|98\/100|[from] item: Black Sludge\n|upkeep\n|turn|10\n|\n|t:|1700917921\n|switch|p1a: Venusaur|Venusaur, M|100\/100\n|move|p2a: Aegislash|Shadow Ball|p1a: Venusaur\n|-damage|p1a: Venusaur|48\/100\n|\n|-weather|SunnyDay|[upkeep]\n|-heal|p1a: Venusaur|54\/100|[from] item: Leftovers\n|-heal|p2a: Aegislash|90\/100|[from] item: Leftovers\n|upkeep\n|turn|11\n|\n|t:|1700917931\n|move|p1a: Venusaur|Weather Ball|p2a: Aegislash\n|-resisted|p2a: Aegislash\n|-end|p2a: Aegislash|Substitute\n|move|p2a: Aegislash|Shadow Ball|p1a: Venusaur\n|-damage|p1a: Venusaur|0 fnt\n|faint|p1a: Venusaur\n|\n|-weather|SunnyDay|[upkeep]\n|-heal|p2a: Aegislash|96\/100|[from] item: Leftovers\n|upkeep\n|c|\u2606albanian man|oops\n|c|\u2606albanian man|missclick\n|\n|t:|1700917944\n|switch|p1a: Magmortar|Magmortar, M|100\/100\n|turn|12\n|\n|t:|1700917959\n|-formechange|p2a: Aegislash|Aegislash||[from] ability: Stance Change\n|move|p2a: Aegislash|King's Shield|p2a: Aegislash\n|-singleturn|p2a: Aegislash|Protect\n|move|p1a: Magmortar|Thunderbolt|p2a: Aegislash\n|-activate|p2a: Aegislash|move: Protect\n|\n|-weather|SunnyDay|[upkeep]\n|-heal|p2a: Aegislash|100\/100|[from] item: Leftovers\n|upkeep\n|turn|13\n|\n|t:|1700917974\n|switch|p2a: Grimmsnarl|Grimmsnarl, M|100\/100\n|-status|p2a: Grimmsnarl|tox\n|move|p1a: Magmortar|Thunderbolt|p2a: Grimmsnarl\n|-damage|p2a: Grimmsnarl|74\/100 tox\n|-damage|p1a: Magmortar|91\/100|[from] item: Life Orb\n|\n|-weather|none\n|-damage|p2a: Grimmsnarl|68\/100 tox|[from] psn\n|upkeep\n|turn|14\n|\n|t:|1700917984\n|move|p2a: Grimmsnarl|Light Screen|p2a: Grimmsnarl\n|-sidestart|p2: Sokko666|move: Light Screen\n|move|p1a: Magmortar|Focus Blast|p2a: Grimmsnarl\n|-damage|p2a: Grimmsnarl|50\/100 tox\n|-damage|p1a: Magmortar|81\/100|[from] item: Life Orb\n|\n|-damage|p2a: Grimmsnarl|38\/100 tox|[from] psn\n|upkeep\n|turn|15\n|\n|t:|1700917992\n|switch|p1a: Torkoal|Torkoal, M|100\/100\n|-weather|SunnyDay|[from] ability: Drought|[of] p1a: Torkoal\n|move|p2a: Grimmsnarl|Reflect|p2a: Grimmsnarl\n|-sidestart|p2: Sokko666|Reflect\n|\n|-weather|SunnyDay|[upkeep]\n|-damage|p2a: Grimmsnarl|20\/100 tox|[from] psn\n|upkeep\n|turn|16\n|\n|t:|1700918000\n|move|p2a: Grimmsnarl|Parting Shot|p1a: Torkoal\n|-unboost|p1a: Torkoal|atk|1\n|-unboost|p1a: Torkoal|spa|1\n|\n|t:|1700918004\n|switch|p2a: Great Tusk|Great Tusk|100\/100|[from] Parting Shot\n|-activate|p2a: Great Tusk|ability: Protosynthesis\n|-start|p2a: Great Tusk|protosynthesisatk\n|move|p1a: Torkoal|Stealth Rock|p2a: Great Tusk\n|-sidestart|p2: Sokko666|move: Stealth Rock\n|\n|-weather|SunnyDay|[upkeep]\n|upkeep\n|turn|17\n|\n|t:|1700918013\n|switch|p1a: Chandelure|Chandelure, M|100\/100\n|move|p2a: Great Tusk|Rapid Spin|p1a: Chandelure\n|-immune|p1a: Chandelure\n|\n|-weather|SunnyDay|[upkeep]\n|upkeep\n|turn|18\n|\n|t:|1700918033\n|move|p1a: Chandelure|Energy Ball|p2a: Great Tusk\n|-supereffective|p2a: Great Tusk\n|-damage|p2a: Great Tusk|51\/100\n|move|p2a: Great Tusk|Headlong Rush|p1a: Chandelure\n|-supereffective|p1a: Chandelure\n|-damage|p1a: Chandelure|0 fnt\n|-unboost|p2a: Great Tusk|def|1\n|-unboost|p2a: Great Tusk|spd|1\n|faint|p1a: Chandelure\n|\n|-weather|SunnyDay|[upkeep]\n|upkeep\n|inactive|albanian man has 120 seconds left.\n|\n|t:|1700918054\n|switch|p1a: Magmortar|Magmortar, M|81\/100\n|turn|19\n|\n|t:|1700918059\n|-terastallize|p1a: Magmortar|Water\n|move|p2a: Great Tusk|Headlong Rush|p1a: Magmortar\n|-damage|p1a: Magmortar|0 fnt\n|-unboost|p2a: Great Tusk|def|1\n|-unboost|p2a: Great Tusk|spd|1\n|faint|p1a: Magmortar\n|\n|-weather|SunnyDay|[upkeep]\n|upkeep\n|\n|t:|1700918068\n|switch|p1a: Torkoal|Torkoal, M|100\/100\n|turn|20\n|\n|t:|1700918071\n|move|p2a: Great Tusk|Headlong Rush|p1a: Torkoal\n|-supereffective|p1a: Torkoal\n|-damage|p1a: Torkoal|0 fnt\n|-unboost|p2a: Great Tusk|def|1\n|-unboost|p2a: Great Tusk|spd|1\n|faint|p1a: Torkoal\n|\n|-weather|SunnyDay|[upkeep]\n|upkeep\n|\n|t:|1700918078\n|switch|p1a: Clodsire|Clodsire, M|98\/100\n|turn|21\n|-message|albanian man forfeited.\n|\n|win|Sokko666\n|raw|albanian man's rating: 1137 &rarr; <strong>1120<\/strong><br \/>(-17 for losing)\n|raw|Sokko666's rating: 1246 &rarr; <strong>1263<\/strong><br \/>(+17 for winning)\n|l|\u2606albanian man\n","uploadtime":1700918088,"views":8,"p1id":"albanianman","p2id":"sokko666","formatid":"gen9nationaldex","rating":1120,"private":0,"password":""}