{"id":"gen9nationaldex-1991619577","p1":"friendball sylveon","p2":"DGP PLAYER","format":"[Gen 9] National Dex","log":"|j|\u2606friendball sylveon\n|j|\u2606DGP PLAYER\n|t:|1700094984\n|gametype|singles\n|player|p1|friendball sylveon|lady-gen4|1367\n|player|p2|DGP PLAYER|hilda-wonderlauncher|1484\n|teamsize|p1|6\n|teamsize|p2|6\n|gen|9\n|tier|[Gen 9] National Dex\n|rated|\n|rule|HP Percentage Mod: HP is shown in percentages\n|rule|Endless Battle Clause: Forcing endless battles is banned\n|rule|OHKO Clause: OHKO moves are banned\n|rule|Evasion Clause: Evasion abilities, items, and moves are banned\n|rule|Evasion Abilities Clause: Evasion abilities are banned\n|rule|Evasion Items Clause: Evasion items are banned\n|rule|Evasion Moves Clause: Evasion moves are banned\n|rule|Species Clause: Limit one of each Pok\u00e9mon\n|rule|Sleep Clause Mod: Limit one foe put to sleep\n|clearpoke\n|poke|p1|Meowscarada, F|\n|poke|p1|Gyarados, M|\n|poke|p1|Mandibuzz, F|\n|poke|p1|Shiftry, M|\n|poke|p1|Iron Jugulis|\n|poke|p1|Hoopa-Unbound|\n|poke|p2|Blaziken, M|\n|poke|p2|Banette, M|\n|poke|p2|Ogerpon-Wellspring, F|\n|poke|p2|Landorus-Therian, M|\n|poke|p2|Iron Valiant|\n|poke|p2|Rotom-Wash|\n|teampreview\n|inactive|Battle timer is ON: inactive players will automatically lose when time's up. (requested by DGP PLAYER)\n|\n|t:|1700094999\n|start\n|switch|p1a: \u5927\u51f6\u6b8b|Gyarados, M, shiny|100\/100\n|switch|p2a: \u706b\u7130\u5764|Blaziken, M|100\/100\n|-ability|p1a: \u5927\u51f6\u6b8b|Intimidate|boost\n|-unboost|p2a: \u706b\u7130\u5764|atk|1\n|turn|1\n|\n|t:|1700095005\n|switch|p2a: \u8bc5\u5c06\u519b|Banette, M|100\/100\n|-item|p1a: \u5927\u51f6\u6b8b|Gyaradosite|[from] ability: Frisk|[of] p2a: \u8bc5\u5c06\u519b|[identify]\n|move|p1a: \u5927\u51f6\u6b8b|Substitute|p1a: \u5927\u51f6\u6b8b\n|-start|p1a: \u5927\u51f6\u6b8b|Substitute\n|-damage|p1a: \u5927\u51f6\u6b8b|75\/100\n|\n|upkeep\n|turn|2\n|\n|t:|1700095016\n|detailschange|p2a: \u8bc5\u5c06\u519b|Banette-Mega, M\n|-mega|p2a: \u8bc5\u5c06\u519b|Banette|Banettite\n|move|p2a: \u8bc5\u5c06\u519b|Encore|p1a: \u5927\u51f6\u6b8b\n|-start|p1a: \u5927\u51f6\u6b8b|Encore\n|move|p1a: \u5927\u51f6\u6b8b|Substitute|p1a: \u5927\u51f6\u6b8b\n|-fail|p1a: \u5927\u51f6\u6b8b|move: Substitute\n|\n|upkeep\n|turn|3\n|\n|t:|1700095030\n|switch|p1a: \u9b54\u5e7bdark\u732b|Meowscarada, F|100\/100\n|move|p2a: \u8bc5\u5c06\u519b|Poltergeist|p1a: \u9b54\u5e7bdark\u732b\n|-activate|p1a: \u9b54\u5e7bdark\u732b|move: Poltergeist|Choice Scarf\n|-resisted|p1a: \u9b54\u5e7bdark\u732b\n|-damage|p1a: \u9b54\u5e7bdark\u732b|42\/100\n|\n|upkeep\n|turn|4\n|\n|t:|1700095037\n|switch|p2a: \u706b\u7130\u5764|Blaziken, M|100\/100\n|move|p1a: \u9b54\u5e7bdark\u732b|U-turn|p2a: \u706b\u7130\u5764\n|-start|p1a: \u9b54\u5e7bdark\u732b|typechange|Bug|[from] ability: Protean\n|-resisted|p2a: \u706b\u7130\u5764\n|-crit|p2a: \u706b\u7130\u5764\n|-damage|p2a: \u706b\u7130\u5764|81\/100\n|\n|t:|1700095041\n|switch|p1a: \u5927\u51f6\u6b8b|Gyarados, M, shiny|75\/100|[from] U-turn\n|-ability|p1a: \u5927\u51f6\u6b8b|Intimidate|boost\n|-unboost|p2a: \u706b\u7130\u5764|atk|1\n|\n|upkeep\n|turn|5\n|\n|t:|1700095047\n|switch|p2a: \u692a\u692a|Ogerpon-Wellspring, F|100\/100\n|move|p1a: \u5927\u51f6\u6b8b|Waterfall|p2a: \u692a\u692a\n|-immune|p2a: \u692a\u692a|[from] ability: Water Absorb\n|\n|upkeep\n|turn|6\n|\n|t:|1700095061\n|switch|p1a: Mandibuzz|Mandibuzz, F|100\/100\n|move|p2a: \u692a\u692a|Substitute|p2a: \u692a\u692a\n|-start|p2a: \u692a\u692a|Substitute\n|-damage|p2a: \u692a\u692a|76\/100\n|\n|upkeep\n|turn|7\n|c|\u2606friendball sylveon|\u5636\n|\n|t:|1700095073\n|move|p2a: \u692a\u692a|Swords Dance|p2a: \u692a\u692a\n|-boost|p2a: \u692a\u692a|atk|2\n|move|p1a: Mandibuzz|Foul Play|p2a: \u692a\u692a\n|-end|p2a: \u692a\u692a|Substitute\n|\n|upkeep\n|turn|8\n|\n|t:|1700095081\n|-terastallize|p2a: \u692a\u692a|Water\n|detailschange|p2a: \u692a\u692a|Ogerpon-Wellspring-Tera, F, tera:Water\n|-ability|p2a: \u692a\u692a|Embody Aspect (Wellspring)|boost\n|-boost|p2a: \u692a\u692a|spd|1\n|move|p2a: \u692a\u692a|Ivy Cudgel|p1a: Mandibuzz|[anim] Ivy Cudgel Water\n|-damage|p1a: Mandibuzz|8\/100\n|move|p1a: Mandibuzz|Foul Play|p2a: \u692a\u692a\n|-damage|p2a: \u692a\u692a|0 fnt\n|faint|p2a: \u692a\u692a\n|\n|upkeep\n|\n|t:|1700095097\n|switch|p2a: \u6d17\u8863\u673a|Rotom-Wash|100\/100\n|turn|9\n|c|\u2606DGP PLAYER|\u8fd9\u4e48\u8089\n|c|\u2606friendball sylveon|\u6781\u9650\u7269\u8010\u79c3\u9e70\n|inactive|friendball sylveon has 120 seconds left.\n|\n|t:|1700095130\n|switch|p1a: \u5927\u80e1\u5e15|Hoopa-Unbound|100\/100\n|move|p2a: \u6d17\u8863\u673a|Volt Switch|p1a: \u5927\u80e1\u5e15\n|-damage|p1a: \u5927\u80e1\u5e15|88\/100\n|\n|t:|1700095135\n|switch|p2a: \u56f4\u5dfe\u571f\u732b|Landorus-Therian, M|100\/100|[from] Volt Switch\n|-ability|p2a: \u56f4\u5dfe\u571f\u732b|Intimidate|boost\n|-unboost|p1a: \u5927\u80e1\u5e15|atk|1\n|\n|upkeep\n|turn|10\n|c|\u2606DGP PLAYER|\u770b\u5f97\u51fa\u6765\u6781\u9650\u7269\u8010\uff0c\u4f46\u662f\u8fd9\u4e5f\u592a\u8089\u4e86\n|c|\u2606friendball sylveon|\u4e0d\u4f1a\u771f\u7684\u662f\u56f4\u5dfe\u5427\n|inactive|friendball sylveon has 120 seconds left.\n|c|\u2606friendball sylveon|\u5bb3\u6015\n|c|\u2606DGP PLAYER|\u4f60\u731c\u662f\u4e0d\u662f\n|\n|t:|1700095154\n|move|p1a: \u5927\u80e1\u5e15|Hidden Power|p2a: \u56f4\u5dfe\u571f\u732b\n|-supereffective|p2a: \u56f4\u5dfe\u571f\u732b\n|-crit|p2a: \u56f4\u5dfe\u571f\u732b\n|-damage|p2a: \u56f4\u5dfe\u571f\u732b|0 fnt\n|faint|p2a: \u56f4\u5dfe\u571f\u732b\n|\n|upkeep\n|c|\u2606friendball sylveon|\u865a\u6643\u4e00\u67aa\u662f\u5427\n|c|\u2606DGP PLAYER|\u5367\u69fd\u89c9\u9192\u51b0\uff1f\n|c|\u2606friendball sylveon|\u662f\n|\n|t:|1700095168\n|switch|p2a: \u6d17\u8863\u673a|Rotom-Wash|100\/100\n|turn|11\n|c|\u2606friendball sylveon|\u4e13\u95e8\u6253\u571f\u732b\u7684\n|c|\u2606DGP PLAYER|\u9a9a\n|inactive|friendball sylveon has 120 seconds left.\n|c|\u2606friendball sylveon|\u901f\u5ea6\u521a\u8fc70\u901f\u571f\u732b\n|\n|t:|1700095193\n|move|p1a: \u5927\u80e1\u5e15|Gunk Shot|p2a: \u6d17\u8863\u673a|[miss]\n|-miss|p1a: \u5927\u80e1\u5e15|p2a: \u6d17\u8863\u673a\n|move|p2a: \u6d17\u8863\u673a|Thunder Wave|p1a: \u5927\u80e1\u5e15\n|-status|p1a: \u5927\u80e1\u5e15|par\n|\n|upkeep\n|turn|12\n|inactive|friendball sylveon has 120 seconds left.\n|\n|t:|1700095203\n|move|p2a: \u6d17\u8863\u673a|Volt Switch|p1a: \u5927\u80e1\u5e15\n|-damage|p1a: \u5927\u80e1\u5e15|76\/100 par\n|\n|t:|1700095205\n|switch|p2a: \u8bc5\u5c06\u519b|Banette-Mega, M|100\/100|[from] Volt Switch\n|move|p1a: \u5927\u80e1\u5e15|Hyperspace Fury|p2a: \u8bc5\u5c06\u519b\n|-supereffective|p2a: \u8bc5\u5c06\u519b\n|-damage|p2a: \u8bc5\u5c06\u519b|0 fnt\n|-unboost|p1a: \u5927\u80e1\u5e15|def|1\n|faint|p2a: \u8bc5\u5c06\u519b\n|\n|upkeep\n|c|\u2606DGP PLAYER|\u554a\uff1f\n|c|\u2606friendball sylveon|\u5440\n|\n|t:|1700095214\n|switch|p2a: \u706b\u7130\u5764|Blaziken, M|81\/100\n|turn|13\n|c|\u2606friendball sylveon|\u4e3a\u4ec0\u4e48\u4e0a\u8bc5\u5492\u5a03\u5a03\uff1f\n|c|\u2606friendball sylveon|\u6ca1\u7406\u7531\u5427\n|c|\u2606DGP PLAYER|\u6211\u60f3\u4f60\u5783\u573e\u5c04\u51fb\n|c|\u2606DGP PLAYER|\u6211\u6321\u4e00\u4e0b\n|inactive|friendball sylveon has 120 seconds left.\n|\n|t:|1700095251\n|switch|p1a: \u9b54\u5e7bdark\u732b|Meowscarada, F|42\/100\n|move|p2a: \u706b\u7130\u5764|Swords Dance|p2a: \u706b\u7130\u5764\n|-boost|p2a: \u706b\u7130\u5764|atk|2\n|\n|-ability|p2a: \u706b\u7130\u5764|Speed Boost|boost\n|-boost|p2a: \u706b\u7130\u5764|spe|1\n|upkeep\n|turn|14\n|\n|t:|1700095265\n|move|p2a: \u706b\u7130\u5764|Protect|p2a: \u706b\u7130\u5764\n|-singleturn|p2a: \u706b\u7130\u5764|Protect\n|move|p1a: \u9b54\u5e7bdark\u732b|Play Rough|p2a: \u706b\u7130\u5764\n|-start|p1a: \u9b54\u5e7bdark\u732b|typechange|Fairy|[from] ability: Protean\n|-activate|p2a: \u706b\u7130\u5764|move: Protect\n|\n|-ability|p2a: \u706b\u7130\u5764|Speed Boost|boost\n|-boost|p2a: \u706b\u7130\u5764|spe|1\n|upkeep\n|turn|15\n|\n|t:|1700095271\n|switch|p1a: Mandibuzz|Mandibuzz, F|8\/100\n|move|p2a: \u706b\u7130\u5764|Flare Blitz|p1a: Mandibuzz\n|-damage|p1a: Mandibuzz|0 fnt\n|faint|p1a: Mandibuzz\n|-damage|p2a: \u706b\u7130\u5764|78\/100|[from] Recoil\n|\n|-ability|p2a: \u706b\u7130\u5764|Speed Boost|boost\n|-boost|p2a: \u706b\u7130\u5764|spe|1\n|upkeep\n|\n|t:|1700095274\n|switch|p1a: \u4e58\u98ce\u800c\u8d77|Shiftry, M|100\/100\n|turn|16\n|inactive|friendball sylveon has 120 seconds left.\n|\n|t:|1700095309\n|move|p1a: \u4e58\u98ce\u800c\u8d77|Fake Out|p2a: \u706b\u7130\u5764\n|-damage|p2a: \u706b\u7130\u5764|58\/100\n|cant|p2a: \u706b\u7130\u5764|flinch\n|\n|-ability|p2a: \u706b\u7130\u5764|Speed Boost|boost\n|-boost|p2a: \u706b\u7130\u5764|spe|1\n|upkeep\n|turn|17\n|\n|t:|1700095314\n|-zpower|p2a: \u706b\u7130\u5764\n|move|p2a: \u706b\u7130\u5764|Inferno Overdrive|p1a: \u4e58\u98ce\u800c\u8d77|[zeffect]\n|-supereffective|p1a: \u4e58\u98ce\u800c\u8d77\n|-enditem|p1a: \u4e58\u98ce\u800c\u8d77|Focus Sash\n|-damage|p1a: \u4e58\u98ce\u800c\u8d77|1\/100\n|move|p1a: \u4e58\u98ce\u800c\u8d77|Explosion|p2a: \u706b\u7130\u5764\n|-damage|p2a: \u706b\u7130\u5764|0 fnt\n|faint|p1a: \u4e58\u98ce\u800c\u8d77\n|faint|p2a: \u706b\u7130\u5764\n|\n|upkeep\n|c|\u2606DGP PLAYER|\u6211\u8349\u5927\u7206\u70b8\n|c|\u2606friendball sylveon|\u5f00\u4e0d\u51fa\u987a\u98ce\n|c|\u2606friendball sylveon|\u76f4\u63a5\u70b8\n|c|\u2606DGP PLAYER|\u5bc4\u4e86\u5440\n|inactive|friendball sylveon has 90 seconds left.\n|\n|t:|1700095344\n|switch|p2a: \u94c1\u5973\u4ec6|Iron Valiant|100\/100\n|switch|p1a: \u5927\u51f6\u6b8b|Gyarados, M, shiny|75\/100\n|-ability|p1a: \u5927\u51f6\u6b8b|Intimidate|boost\n|-unboost|p2a: \u94c1\u5973\u4ec6|atk|1\n|-enditem|p2a: \u94c1\u5973\u4ec6|Booster Energy\n|-activate|p2a: \u94c1\u5973\u4ec6|ability: Quark Drive|[fromitem]\n|-start|p2a: \u94c1\u5973\u4ec6|quarkdrivespe\n|turn|18\n|inactive|friendball sylveon has 90 seconds left.\n|c|\u2606friendball sylveon|\u7b49\u4e00\u4e2a\u5341\u4e07\u4f0f\u7279\u79d2\u66b4\u9ca4\u9f99\n|\n|t:|1700095363\n|move|p2a: \u94c1\u5973\u4ec6|Thunderbolt|p1a: \u5927\u51f6\u6b8b\n|-supereffective|p1a: \u5927\u51f6\u6b8b\n|-damage|p1a: \u5927\u51f6\u6b8b|0 fnt\n|faint|p1a: \u5927\u51f6\u6b8b\n|\n|upkeep\n|\n|t:|1700095374\n|switch|p1a: \u5927\u80e1\u5e15|Hoopa-Unbound|76\/100 par\n|turn|19\n|c|\u2606DGP PLAYER|\u6ca1\u4e8b\u6211\u6ca1\u8fd1\u8eab\u6218\n|c|\u2606friendball sylveon|\u6015\u53cc\u5200\n|c|\u2606DGP PLAYER|\u6211\u771f\u4e0d\u662f\u53cc\u5200\n|c|\u2606friendball sylveon|\u662f\u53cc\u5200\u6211\u5bc4\u4e86\n|c|\u2606DGP PLAYER|\u6211\u8fd9\u4e2a\u961f\u7279\u653b\u592a\u5c11\u4e86\n|\n|t:|1700095399\n|move|p2a: \u94c1\u5973\u4ec6|Moonblast|p1a: \u5927\u80e1\u5e15\n|-supereffective|p1a: \u5927\u80e1\u5e15\n|-damage|p1a: \u5927\u80e1\u5e15|33\/100 par\n|cant|p1a: \u5927\u80e1\u5e15|par\n|\n|upkeep\n|turn|20\n|c|\u2606friendball sylveon|\u80e1\u5e15\u4f60\u5e72\u561b\n|c|\u2606friendball sylveon|\u6655\n|c|\u2606DGP PLAYER|\u4ed6\u7231\u6211\n|\n|t:|1700095414\n|move|p2a: \u94c1\u5973\u4ec6|Moonblast|p1a: \u5927\u80e1\u5e15\n|-supereffective|p1a: \u5927\u80e1\u5e15\n|-damage|p1a: \u5927\u80e1\u5e15|0 fnt\n|faint|p1a: \u5927\u80e1\u5e15\n|\n|upkeep\n|inactive|friendball sylveon has 60 seconds left.\n|\n|t:|1700095428\n|switch|p1a: \u4e09\u9996\u6076\u9f99-\u5e9f\u7269\u7684\u6837\u5b50|Iron Jugulis|100\/100\n|-enditem|p1a: \u4e09\u9996\u6076\u9f99-\u5e9f\u7269\u7684\u6837\u5b50|Booster Energy\n|-activate|p1a: \u4e09\u9996\u6076\u9f99-\u5e9f\u7269\u7684\u6837\u5b50|ability: Quark Drive|[fromitem]\n|-start|p1a: \u4e09\u9996\u6076\u9f99-\u5e9f\u7269\u7684\u6837\u5b50|quarkdrivespa\n|turn|21\n|c|\u2606DGP PLAYER|\u4f60\u662f\u4e0d\u662f\u8fd8\u6ca1\u4ea4\u592a\u6676\n|inactive|friendball sylveon has 60 seconds left.\n|c|\u2606friendball sylveon|\u8fd9\u73a9\u610f\u6211\u662f\u60f3\u987a\u98ce\u7206\u7834\u73a9\n|c|\u2606friendball sylveon|\u662f\n|c|\u2606DGP PLAYER|\u6211\u5bb3\u6015\n|\n|t:|1700095453\n|-terastallize|p1a: \u4e09\u9996\u6076\u9f99-\u5e9f\u7269\u7684\u6837\u5b50|Steel\n|move|p2a: \u94c1\u5973\u4ec6|Moonblast|p1a: \u4e09\u9996\u6076\u9f99-\u5e9f\u7269\u7684\u6837\u5b50\n|-resisted|p1a: \u4e09\u9996\u6076\u9f99-\u5e9f\u7269\u7684\u6837\u5b50\n|-crit|p1a: \u4e09\u9996\u6076\u9f99-\u5e9f\u7269\u7684\u6837\u5b50\n|-damage|p1a: \u4e09\u9996\u6076\u9f99-\u5e9f\u7269\u7684\u6837\u5b50|54\/100\n|-unboost|p1a: \u4e09\u9996\u6076\u9f99-\u5e9f\u7269\u7684\u6837\u5b50|spa|1\n|move|p1a: \u4e09\u9996\u6076\u9f99-\u5e9f\u7269\u7684\u6837\u5b50|Flash Cannon|p2a: \u94c1\u5973\u4ec6\n|-supereffective|p2a: \u94c1\u5973\u4ec6\n|-damage|p2a: \u94c1\u5973\u4ec6|0 fnt\n|faint|p2a: \u94c1\u5973\u4ec6\n|-end|p2a: \u94c1\u5973\u4ec6|Quark Drive|[silent]\n|\n|upkeep\n|\n|t:|1700095459\n|switch|p2a: \u6d17\u8863\u673a|Rotom-Wash|100\/100\n|turn|22\n|inactive|friendball sylveon has 60 seconds left.\n|c|\u2606DGP PLAYER|\u5bc4\u4e86\u5440\n|c|\u2606friendball sylveon|\u751a\u81f3\u8fd8\u51cf\u6211\u7279\u653b\n|c|\u2606friendball sylveon|\u592a\u6709\u7f81\u7eca\u4e86\u8fd9\u94c1\u6b66\u8005\n|c|\u2606DGP PLAYER|\u9664\u975e\u6211\u7535\u78c1\u6ce2\u4ed9\u672f\n|\n|t:|1700095482\n|move|p1a: \u4e09\u9996\u6076\u9f99-\u5e9f\u7269\u7684\u6837\u5b50|Dark Pulse|p2a: \u6d17\u8863\u673a\n|-damage|p2a: \u6d17\u8863\u673a|73\/100\n|move|p2a: \u6d17\u8863\u673a|Thunder Wave|p1a: \u4e09\u9996\u6076\u9f99-\u5e9f\u7269\u7684\u6837\u5b50\n|-status|p1a: \u4e09\u9996\u6076\u9f99-\u5e9f\u7269\u7684\u6837\u5b50|par\n|\n|-heal|p2a: \u6d17\u8863\u673a|79\/100|[from] item: Leftovers\n|upkeep\n|turn|23\n|c|\u2606DGP PLAYER|\u8fd8ct\u4e00\u4e0b\n|c|\u2606DGP PLAYER|\u6211\u7684\u94c1\u6b66\u8005\n|\n|t:|1700095495\n|move|p2a: \u6d17\u8863\u673a|Hydro Pump|p1a: \u4e09\u9996\u6076\u9f99-\u5e9f\u7269\u7684\u6837\u5b50\n|-crit|p1a: \u4e09\u9996\u6076\u9f99-\u5e9f\u7269\u7684\u6837\u5b50\n|-damage|p1a: \u4e09\u9996\u6076\u9f99-\u5e9f\u7269\u7684\u6837\u5b50|0 fnt\n|faint|p1a: \u4e09\u9996\u6076\u9f99-\u5e9f\u7269\u7684\u6837\u5b50\n|-end|p1a: \u4e09\u9996\u6076\u9f99-\u5e9f\u7269\u7684\u6837\u5b50|Quark Drive|[silent]\n|\n|-heal|p2a: \u6d17\u8863\u673a|85\/100|[from] item: Leftovers\n|upkeep\n|c|\u2606friendball sylveon|\u54c7\u8fd9\n|c|\u2606DGP PLAYER|\u53c8ct\n|c|\u2606friendball sylveon|\u4e0d\u4f1a\u5427\n|c|\u2606DGP PLAYER|\u4f60\u732b\u54aa\u968f\u4fbf\u6253\u6211\n|c|\u2606friendball sylveon|\u8fd9\u90fd\u80fd\u6ca1\uff1f\n|\n|t:|1700095512\n|switch|p1a: \u9b54\u5e7bdark\u732b|Meowscarada, F|42\/100\n|turn|24\n|c|\u2606DGP PLAYER|\u6211\u7279\u8010\u6d1b\u6258\u59c6\n|\n|t:|1700095522\n|move|p1a: \u9b54\u5e7bdark\u732b|Flower Trick|p2a: \u6d17\u8863\u673a\n|-start|p1a: \u9b54\u5e7bdark\u732b|typechange|Grass|[from] ability: Protean\n|-supereffective|p2a: \u6d17\u8863\u673a\n|-crit|p2a: \u6d17\u8863\u673a\n|-damage|p2a: \u6d17\u8863\u673a|0 fnt\n|faint|p2a: \u6d17\u8863\u673a\n|\n|win|friendball sylveon\n|raw|friendball sylveon's rating: 1367 &rarr; <strong>1393<\/strong><br \/>(+26 for winning)\n|raw|DGP PLAYER's rating: 1484 &rarr; <strong>1458<\/strong><br \/>(-26 for losing)\n|c|\u2606DGP PLAYER|\u9664\u975e\u4ed9\u672f\n","uploadtime":1700095225,"views":3,"p1id":"friendballsylveon","p2id":"dgpplayer","formatid":"gen9nationaldex","rating":1393,"private":0,"password":""}