{"id":"gen9nationaldex-1995143020","p1":"Chili90909","p2":"PWA Wright","format":"[Gen 9] National Dex","log":"|html|<div class=\"broadcast-blue\"><strong>[Gen 9] National Dex is currently suspecting Sneasler! For information on how to participate check out the <a href=\"https:\/\/www.smogon.com\/forums\/threads\/sv-national-dex-suspect-8-just-dance.3731534\/\">suspect thread<\/a>.<\/strong><\/div>\n|j|\u2606Chili90909\n|j|\u2606PWA Wright\n|t:|1700527368\n|gametype|singles\n|player|p1|Chili90909|caitlin|1583\n|player|p2|PWA Wright|cynthia|1772\n|teamsize|p1|6\n|teamsize|p2|6\n|gen|9\n|tier|[Gen 9] National Dex\n|rated|\n|rule|HP Percentage Mod: HP is shown in percentages\n|rule|Endless Battle Clause: Forcing endless battles is banned\n|rule|OHKO Clause: OHKO moves are banned\n|rule|Evasion Clause: Evasion abilities, items, and moves are banned\n|rule|Evasion Abilities Clause: Evasion abilities are banned\n|rule|Evasion Items Clause: Evasion items are banned\n|rule|Evasion Moves Clause: Evasion moves are banned\n|rule|Species Clause: Limit one of each Pok\u00e9mon\n|rule|Sleep Clause Mod: Limit one foe put to sleep\n|clearpoke\n|poke|p1|Garganacl, F|\n|poke|p1|Garchomp, M|\n|poke|p1|Charizard, F|\n|poke|p1|Sneasler, M|\n|poke|p1|Tapu Lele|\n|poke|p1|Landorus-Therian, M|\n|poke|p2|Garchomp, M|\n|poke|p2|Dondozo, M|\n|poke|p2|Tyranitar, F|\n|poke|p2|Charizard, F|\n|poke|p2|Clodsire, F|\n|poke|p2|Corviknight, M|\n|teampreview\n|j| yuzhibo\n|inactive|Battle timer is ON: inactive players will automatically lose when time's up. (requested by PWA Wright)\n|\n|t:|1700527390\n|start\n|switch|p1a: Garganacl|Garganacl, F|100\/100\n|switch|p2a: Charizard|Charizard, F|100\/100\n|turn|1\n|\n|t:|1700527403\n|detailschange|p2a: Charizard|Charizard-Mega-Y, F\n|-mega|p2a: Charizard|Charizard|Charizardite Y\n|-weather|SunnyDay|[from] ability: Drought|[of] p2a: Charizard\n|move|p2a: Charizard|Solar Beam||[still]\n|-prepare|p2a: Charizard|Solar Beam\n|-anim|p2a: Charizard|Solar Beam|p1a: Garganacl\n|-supereffective|p1a: Garganacl\n|-damage|p1a: Garganacl|33\/100\n|move|p1a: Garganacl|Salt Cure|p2a: Charizard\n|-supereffective|p2a: Charizard\n|-damage|p2a: Charizard|28\/100\n|-start|p2a: Charizard|Salt Cure\n|\n|-weather|SunnyDay|[upkeep]\n|-heal|p1a: Garganacl|39\/100|[from] item: Leftovers\n|-damage|p2a: Charizard|15\/100|[from] Salt Cure\n|upkeep\n|turn|2\n|\n|t:|1700527408\n|move|p1a: Garganacl|Protect|p1a: Garganacl\n|-singleturn|p1a: Garganacl|Protect\n|move|p2a: Charizard|Solar Beam||[still]\n|-prepare|p2a: Charizard|Solar Beam\n|-anim|p2a: Charizard|Solar Beam|p1a: Garganacl\n|-activate|p1a: Garganacl|move: Protect\n|\n|-weather|SunnyDay|[upkeep]\n|-heal|p1a: Garganacl|46\/100|[from] item: Leftovers\n|-damage|p2a: Charizard|3\/100|[from] Salt Cure\n|upkeep\n|turn|3\n|\n|t:|1700527416\n|-terastallize|p1a: Garganacl|Ghost\n|move|p2a: Charizard|Weather Ball|p1a: Garganacl\n|-damage|p1a: Garganacl|0 fnt\n|faint|p1a: Garganacl\n|\n|-weather|SunnyDay|[upkeep]\n|-damage|p2a: Charizard|0 fnt|[from] Salt Cure\n|faint|p2a: Charizard\n|upkeep\n|\n|t:|1700527430\n|switch|p2a: Clodsire|Clodsire, F|100\/100\n|switch|p1a: Garchomp|Garchomp, M|100\/100\n|turn|4\n|\n|t:|1700527436\n|switch|p2a: Corviknight|Corviknight, M|100\/100\n|-ability|p2a: Corviknight|Pressure\n|move|p1a: Garchomp|Earthquake|p2a: Corviknight\n|-immune|p2a: Corviknight\n|\n|-weather|SunnyDay|[upkeep]\n|upkeep\n|turn|5\n|\n|t:|1700527448\n|move|p1a: Garchomp|Spikes|p2a: Corviknight\n|-sidestart|p2: PWA Wright|Spikes\n|move|p2a: Corviknight|Defog|p1a: Garchomp\n|-unboost|p1a: Garchomp|evasion|1\n|-sideend|p2: PWA Wright|Spikes|[from] move: Defog|[of] p2a: Corviknight\n|\n|-weather|none\n|upkeep\n|turn|6\n|\n|t:|1700527453\n|move|p1a: Garchomp|Spikes|p2a: Corviknight\n|-sidestart|p2: PWA Wright|Spikes\n|move|p2a: Corviknight|Body Press|p1a: Garchomp\n|-damage|p1a: Garchomp|81\/100\n|-damage|p2a: Corviknight|88\/100|[from] ability: Rough Skin|[of] p1a: Garchomp\n|-damage|p2a: Corviknight|72\/100|[from] item: Rocky Helmet|[of] p1a: Garchomp\n|\n|upkeep\n|turn|7\n|\n|t:|1700527458\n|move|p1a: Garchomp|Spikes|p2a: Corviknight\n|-sidestart|p2: PWA Wright|Spikes\n|move|p2a: Corviknight|Defog|p1a: Garchomp\n|-unboost|p1a: Garchomp|evasion|1\n|-sideend|p2: PWA Wright|Spikes|[from] move: Defog|[of] p2a: Corviknight\n|\n|upkeep\n|turn|8\n|\n|t:|1700527465\n|move|p1a: Garchomp|Spikes|p2a: Corviknight\n|-sidestart|p2: PWA Wright|Spikes\n|move|p2a: Corviknight|Roost|p2a: Corviknight\n|-heal|p2a: Corviknight|100\/100\n|-singleturn|p2a: Corviknight|move: Roost\n|\n|upkeep\n|turn|9\n|\n|t:|1700527471\n|move|p1a: Garchomp|Spikes|p2a: Corviknight\n|-sidestart|p2: PWA Wright|Spikes\n|move|p2a: Corviknight|Defog|p1a: Garchomp\n|-unboost|p1a: Garchomp|evasion|1\n|-sideend|p2: PWA Wright|Spikes|[from] move: Defog|[of] p2a: Corviknight\n|\n|upkeep\n|turn|10\n|\n|t:|1700527479\n|move|p1a: Garchomp|Spikes|p2a: Corviknight\n|-sidestart|p2: PWA Wright|Spikes\n|move|p2a: Corviknight|Body Press|p1a: Garchomp\n|-damage|p1a: Garchomp|62\/100\n|-damage|p2a: Corviknight|88\/100|[from] ability: Rough Skin|[of] p1a: Garchomp\n|-damage|p2a: Corviknight|72\/100|[from] item: Rocky Helmet|[of] p1a: Garchomp\n|\n|upkeep\n|turn|11\n|\n|t:|1700527482\n|move|p1a: Garchomp|Earthquake|p2a: Corviknight\n|-immune|p2a: Corviknight\n|move|p2a: Corviknight|Defog|p1a: Garchomp\n|-unboost|p1a: Garchomp|evasion|1\n|-sideend|p2: PWA Wright|Spikes|[from] move: Defog|[of] p2a: Corviknight\n|\n|upkeep\n|turn|12\n|\n|t:|1700527489\n|switch|p1a: Charizard|Charizard, F|100\/100\n|move|p2a: Corviknight|Roost|p2a: Corviknight\n|-heal|p2a: Corviknight|100\/100\n|-singleturn|p2a: Corviknight|move: Roost\n|\n|upkeep\n|turn|13\n|\n|t:|1700527496\n|switch|p1a: Landorus|Landorus-Therian, M|100\/100\n|-ability|p1a: Landorus|Intimidate|boost\n|-unboost|p2a: Corviknight|atk|1\n|switch|p2a: Tyranitar|Tyranitar, F|100\/100\n|-weather|Sandstorm|[from] ability: Sand Stream|[of] p2a: Tyranitar\n|\n|-weather|Sandstorm|[upkeep]\n|upkeep\n|turn|14\n|\n|t:|1700527502\n|switch|p2a: Corviknight|Corviknight, M|100\/100\n|-ability|p2a: Corviknight|Pressure\n|move|p1a: Landorus|U-turn|p2a: Corviknight\n|-resisted|p2a: Corviknight\n|-damage|p2a: Corviknight|96\/100\n|-damage|p1a: Landorus|84\/100|[from] item: Rocky Helmet|[of] p2a: Corviknight\n|\n|t:|1700527511\n|switch|p1a: Tapu Lele|Tapu Lele|100\/100|[from] U-turn\n|-fieldstart|move: Psychic Terrain|[from] ability: Psychic Surge|[of] p1a: Tapu Lele\n|\n|-weather|Sandstorm|[upkeep]\n|-damage|p1a: Tapu Lele|94\/100|[from] Sandstorm\n|upkeep\n|turn|15\n|\n|t:|1700527520\n|move|p1a: Tapu Lele|Shadow Ball|p2a: Corviknight\n|-damage|p2a: Corviknight|66\/100\n|move|p2a: Corviknight|U-turn|p1a: Tapu Lele\n|-damage|p1a: Tapu Lele|71\/100\n|\n|t:|1700527523\n|switch|p2a: Tyranitar|Tyranitar, F|100\/100|[from] U-turn\n|\n|-weather|Sandstorm|[upkeep]\n|-damage|p1a: Tapu Lele|65\/100|[from] Sandstorm\n|upkeep\n|turn|16\n|\n|t:|1700527530\n|move|p1a: Tapu Lele|Shadow Ball|p2a: Tyranitar\n|-resisted|p2a: Tyranitar\n|-damage|p2a: Tyranitar|97\/100\n|move|p2a: Tyranitar|Pursuit|p1a: Tapu Lele\n|-damage|p1a: Tapu Lele|38\/100\n|\n|-weather|Sandstorm|[upkeep]\n|-damage|p1a: Tapu Lele|31\/100|[from] Sandstorm\n|upkeep\n|turn|17\n|\n|t:|1700527533\n|move|p1a: Tapu Lele|Shadow Ball|p2a: Tyranitar\n|-resisted|p2a: Tyranitar\n|-crit|p2a: Tyranitar\n|-damage|p2a: Tyranitar|91\/100\n|move|p2a: Tyranitar|Pursuit|p1a: Tapu Lele\n|-damage|p1a: Tapu Lele|3\/100\n|\n|-weather|none\n|upkeep\n|turn|18\n|\n|t:|1700527537\n|-activate|p1a: Tapu Lele|move: Pursuit\n|move|p2a: Tyranitar|Pursuit|p1a: Tapu Lele|[from]Pursuit\n|-damage|p1a: Tapu Lele|0 fnt\n|faint|p1a: Tapu Lele\n|-hint|A Pokemon can't switch between when it runs out of HP and when it faints\n|\n|-fieldend|move: Psychic Terrain\n|upkeep\n|\n|t:|1700527548\n|switch|p1a: Charizard|Charizard, F|100\/100\n|turn|19\n|\n|t:|1700527552\n|detailschange|p1a: Charizard|Charizard-Mega-Y, F\n|-mega|p1a: Charizard|Charizard|Charizardite Y\n|-weather|SunnyDay|[from] ability: Drought|[of] p1a: Charizard\n|move|p1a: Charizard|Solar Beam||[still]\n|-prepare|p1a: Charizard|Solar Beam\n|-anim|p1a: Charizard|Solar Beam|p2a: Tyranitar\n|-supereffective|p2a: Tyranitar\n|-damage|p2a: Tyranitar|51\/100\n|move|p2a: Tyranitar|Stone Edge|p1a: Charizard|[miss]\n|-miss|p2a: Tyranitar|p1a: Charizard\n|\n|-weather|SunnyDay|[upkeep]\n|upkeep\n|turn|20\n|\n|t:|1700527574\n|switch|p2a: Clodsire|Clodsire, F|100\/100\n|move|p1a: Charizard|Solar Beam||[still]\n|-prepare|p1a: Charizard|Solar Beam\n|-anim|p1a: Charizard|Solar Beam|p2a: Clodsire\n|-damage|p2a: Clodsire|73\/100\n|\n|-weather|SunnyDay|[upkeep]\n|-heal|p2a: Clodsire|79\/100|[from] item: Leftovers\n|upkeep\n|turn|21\n|\n|t:|1700527577\n|switch|p2a: Tyranitar|Tyranitar, F|51\/100\n|-weather|Sandstorm|[from] ability: Sand Stream|[of] p2a: Tyranitar\n|move|p1a: Charizard|Weather Ball|p2a: Tyranitar\n|-damage|p2a: Tyranitar|40\/100\n|\n|-weather|Sandstorm|[upkeep]\n|-damage|p1a: Charizard|94\/100|[from] Sandstorm\n|upkeep\n|turn|22\n|\n|t:|1700527582\n|move|p1a: Charizard|Scorching Sands|p2a: Tyranitar\n|-supereffective|p2a: Tyranitar\n|-damage|p2a: Tyranitar|24\/100\n|move|p2a: Tyranitar|Stone Edge|p1a: Charizard\n|-supereffective|p1a: Charizard\n|-damage|p1a: Charizard|0 fnt\n|faint|p1a: Charizard\n|\n|-weather|Sandstorm|[upkeep]\n|upkeep\n|\n|t:|1700527590\n|switch|p1a: Garchomp|Garchomp, M|62\/100\n|turn|23\n|\n|t:|1700527594\n|switch|p2a: Corviknight|Corviknight, M|66\/100\n|-ability|p2a: Corviknight|Pressure\n|move|p1a: Garchomp|Earthquake|p2a: Corviknight\n|-immune|p2a: Corviknight\n|\n|-weather|Sandstorm|[upkeep]\n|upkeep\n|turn|24\n|\n|t:|1700527598\n|switch|p1a: Landorus|Landorus-Therian, M|84\/100\n|-ability|p1a: Landorus|Intimidate|boost\n|-unboost|p2a: Corviknight|atk|1\n|move|p2a: Corviknight|Roost|p2a: Corviknight\n|-heal|p2a: Corviknight|100\/100\n|-singleturn|p2a: Corviknight|move: Roost\n|\n|-weather|Sandstorm|[upkeep]\n|upkeep\n|turn|25\n|-message|Chili90909 forfeited.\n|\n|win|PWA Wright\n|raw|Chili90909's rating: 1583 &rarr; <strong>1573<\/strong><br \/>(-10 for losing)\n|raw|PWA Wright's rating: 1772 &rarr; <strong>1782<\/strong><br \/>(+10 for winning)\n|l|\u2606Chili90909\n","uploadtime":1700527609,"views":1,"p1id":"chili90909","p2id":"pwawright","formatid":"gen9nationaldex","rating":1573,"private":0,"password":""}