{"id":"gen9nationaldex-1991118905","p1":"Blake-Mamba","p2":"Vaconsio1","format":"[Gen 9] National Dex","log":"|j|\u2606Blake-Mamba\n|j|\u2606Vaconsio1\n|t:|1700045805\n|gametype|singles\n|player|p1|Blake-Mamba|juan|1339\n|player|p2|Vaconsio1|skier|1303\n|teamsize|p1|6\n|teamsize|p2|6\n|gen|9\n|tier|[Gen 9] National Dex\n|rated|\n|rule|HP Percentage Mod: HP is shown in percentages\n|rule|Endless Battle Clause: Forcing endless battles is banned\n|rule|OHKO Clause: OHKO moves are banned\n|rule|Evasion Clause: Evasion abilities, items, and moves are banned\n|rule|Evasion Abilities Clause: Evasion abilities are banned\n|rule|Evasion Items Clause: Evasion items are banned\n|rule|Evasion Moves Clause: Evasion moves are banned\n|rule|Species Clause: Limit one of each Pok\u00e9mon\n|rule|Sleep Clause Mod: Limit one foe put to sleep\n|clearpoke\n|poke|p1|Galvantula, M|\n|poke|p1|Serperior, F|\n|poke|p1|Volcarona, M|\n|poke|p1|Carracosta, M|\n|poke|p1|Archeops, F|\n|poke|p1|Golurk|\n|poke|p2|Tapu Koko|\n|poke|p2|Umbreon, M|\n|poke|p2|Beedrill, F|\n|poke|p2|Iron Treads|\n|poke|p2|Slowking-Galar, F|\n|poke|p2|Urshifu-*, F|\n|teampreview\n|inactive|Battle timer is ON: inactive players will automatically lose when time's up. (requested by Blake-Mamba)\n|\n|t:|1700045819\n|start\n|switch|p1a: Galvantula|Galvantula, M|100\/100\n|switch|p2a: Tapu Koko|Tapu Koko, shiny|100\/100\n|-fieldstart|move: Electric Terrain|[from] ability: Electric Surge|[of] p2a: Tapu Koko\n|turn|1\n|\n|t:|1700045827\n|move|p2a: Tapu Koko|Volt Switch|p1a: Galvantula\n|-resisted|p1a: Galvantula\n|-damage|p1a: Galvantula|44\/100\n|\n|t:|1700045830\n|switch|p2a: Iron Treads|Iron Treads, shiny|100\/100|[from] Volt Switch\n|-activate|p2a: Iron Treads|ability: Quark Drive\n|-start|p2a: Iron Treads|quarkdrivespe\n|move|p1a: Galvantula|Sticky Web|p2a: Iron Treads\n|-sidestart|p2: Vaconsio1|move: Sticky Web\n|\n|upkeep\n|turn|2\n|\n|t:|1700045838\n|switch|p1a: Golurk|Golurk|100\/100\n|move|p2a: Iron Treads|Rapid Spin|p1a: Golurk\n|-immune|p1a: Golurk\n|\n|upkeep\n|turn|3\n|\n|t:|1700045845\n|move|p2a: Iron Treads|Knock Off|p1a: Golurk\n|-supereffective|p1a: Golurk\n|-damage|p1a: Golurk|41\/100\n|-enditem|p1a: Golurk|Weakness Policy\n|-boost|p1a: Golurk|atk|2|[from] item: Weakness Policy\n|-boost|p1a: Golurk|spa|2|[from] item: Weakness Policy\n|move|p1a: Golurk|Earthquake|p2a: Iron Treads\n|-supereffective|p2a: Iron Treads\n|-damage|p2a: Iron Treads|0 fnt\n|faint|p2a: Iron Treads\n|-end|p2a: Iron Treads|Quark Drive|[silent]\n|\n|upkeep\n|\n|t:|1700045855\n|switch|p2a: Urshifu|Urshifu-Rapid-Strike, F|100\/100\n|-activate|p2a: Urshifu|move: Sticky Web\n|-unboost|p2a: Urshifu|spe|1\n|turn|4\n|\n|t:|1700045860\n|move|p2a: Urshifu|Surging Strikes|p1a: Golurk\n|-supereffective|p1a: Golurk\n|-crit|p1a: Golurk\n|-damage|p1a: Golurk|0 fnt\n|faint|p1a: Golurk\n|-hitcount|p1: Golurk|1\n|\n|upkeep\n|\n|t:|1700045866\n|switch|p1a: Serperior|Serperior, F|100\/100\n|turn|5\n|\n|t:|1700045870\n|switch|p2a: Umbreon|Umbreon, M, shiny|100\/100\n|-activate|p2a: Umbreon|move: Sticky Web\n|-unboost|p2a: Umbreon|spe|1\n|move|p1a: Serperior|Leaf Storm|p2a: Umbreon\n|-damage|p2a: Umbreon|52\/100\n|-boost|p1a: Serperior|spa|2\n|-damage|p1a: Serperior|91\/100|[from] item: Life Orb\n|\n|-heal|p2a: Umbreon|58\/100|[from] item: Leftovers\n|-fieldend|move: Electric Terrain\n|upkeep\n|turn|6\n|\n|t:|1700045883\n|move|p2a: Umbreon|Protect|p2a: Umbreon\n|-singleturn|p2a: Umbreon|Protect\n|move|p1a: Serperior|Substitute|p1a: Serperior\n|-start|p1a: Serperior|Substitute\n|-damage|p1a: Serperior|66\/100\n|\n|-heal|p2a: Umbreon|64\/100|[from] item: Leftovers\n|upkeep\n|turn|7\n|\n|t:|1700045893\n|switch|p2a: Slowking|Slowking-Galar, F, shiny|100\/100\n|-activate|p2a: Slowking|move: Sticky Web\n|-unboost|p2a: Slowking|spe|1\n|move|p1a: Serperior|Leaf Storm|p2a: Slowking|[miss]\n|-miss|p1a: Serperior|p2a: Slowking\n|\n|upkeep\n|turn|8\n|\n|t:|1700045904\n|-terastallize|p1a: Serperior|Grass\n|move|p1a: Serperior|Leaf Storm|p2a: Slowking\n|-resisted|p2a: Slowking\n|-damage|p2a: Slowking|37\/100\n|-boost|p1a: Serperior|spa|2\n|-damage|p1a: Serperior|56\/100|[from] item: Life Orb\n|move|p2a: Slowking|Future Sight|p1a: Serperior\n|-start|p2a: Slowking|move: Future Sight\n|\n|-heal|p2a: Slowking|43\/100|[from] item: Black Sludge\n|upkeep\n|turn|9\n|\n|t:|1700045923\n|switch|p2a: Urshifu|Urshifu-Rapid-Strike, F|100\/100\n|-activate|p2a: Urshifu|move: Sticky Web\n|-unboost|p2a: Urshifu|spe|1\n|move|p1a: Serperior|Giga Drain|p2a: Urshifu\n|-supereffective|p2a: Urshifu\n|-damage|p2a: Urshifu|0 fnt\n|-heal|p1a: Serperior|100\/100|[from] drain|[of] p2a: Urshifu\n|faint|p2a: Urshifu\n|-damage|p1a: Serperior|91\/100|[from] item: Life Orb\n|\n|upkeep\n|\n|t:|1700045936\n|switch|p2a: Tapu Koko|Tapu Koko, shiny|100\/100\n|-activate|p2a: Tapu Koko|move: Sticky Web\n|-unboost|p2a: Tapu Koko|spe|1\n|-fieldstart|move: Electric Terrain|[from] ability: Electric Surge|[of] p2a: Tapu Koko\n|turn|10\n|\n|t:|1700045943\n|move|p1a: Serperior|Leaf Storm|p2a: Tapu Koko\n|-damage|p2a: Tapu Koko|0 fnt\n|-boost|p1a: Serperior|spa|2\n|faint|p2a: Tapu Koko\n|-damage|p1a: Serperior|81\/100|[from] item: Life Orb\n|\n|-end|p1a: Serperior|move: Future Sight\n|-end|p1a: Serperior|Substitute\n|upkeep\n|-message|Vaconsio1 forfeited.\n|\n|win|Blake-Mamba\n|raw|Blake-Mamba's rating: 1339 &rarr; <strong>1357<\/strong><br \/>(+18 for winning)\n|raw|Vaconsio1's rating: 1303 &rarr; <strong>1285<\/strong><br \/>(-18 for losing)\n|l|\u2606Vaconsio1\n","uploadtime":1700045961,"views":3,"p1id":"blakemamba","p2id":"vaconsio1","formatid":"gen9nationaldex","rating":1285,"private":0,"password":""}