{"id":"gen9nationaldex-1996303468","p1":"matt0919","p2":"Maeby Mitenaut","format":"[Gen 9] National Dex","log":"|html|<div class=\"broadcast-blue\"><strong>[Gen 9] National Dex is currently suspecting Sneasler! For information on how to participate check out the <a href=\"https:\/\/www.smogon.com\/forums\/threads\/sv-national-dex-suspect-8-just-dance.3731534\/\">suspect thread<\/a>.<\/strong><\/div>\n|j|\u2606matt0919\n|j|\u2606Maeby Mitenaut\n|t:|1700669264\n|gametype|singles\n|player|p1|matt0919|wallace|1141\n|player|p2|Maeby Mitenaut|dahlia|1145\n|teamsize|p1|6\n|teamsize|p2|6\n|gen|9\n|tier|[Gen 9] National Dex\n|rated|\n|rule|HP Percentage Mod: HP is shown in percentages\n|rule|Endless Battle Clause: Forcing endless battles is banned\n|rule|OHKO Clause: OHKO moves are banned\n|rule|Evasion Clause: Evasion abilities, items, and moves are banned\n|rule|Evasion Abilities Clause: Evasion abilities are banned\n|rule|Evasion Items Clause: Evasion items are banned\n|rule|Evasion Moves Clause: Evasion moves are banned\n|rule|Species Clause: Limit one of each Pok\u00e9mon\n|rule|Sleep Clause Mod: Limit one foe put to sleep\n|clearpoke\n|poke|p1|Azumarill, F|\n|poke|p1|Swampert, M|\n|poke|p1|Basculegion, M|\n|poke|p1|Zapdos|\n|poke|p1|Corviknight, M|\n|poke|p1|Pelipper, F|\n|poke|p2|Raichu-Alola, F|\n|poke|p2|Clodsire, F|\n|poke|p2|Tapu Koko|\n|poke|p2|Arctozolt|\n|poke|p2|Iron Hands|\n|poke|p2|Ninetales-Alola, M|\n|teampreview\n|\n|t:|1700669279\n|start\n|switch|p1a: Pelipper|Pelipper, F|100\/100\n|switch|p2a: Ice Spice|Ninetales-Alola, M, shiny|100\/100\n|-weather|Snow|[from] ability: Snow Warning|[of] p2a: Ice Spice\n|-weather|RainDance|[from] ability: Drizzle|[of] p1a: Pelipper\n|turn|1\n|inactive|Battle timer is ON: inactive players will automatically lose when time's up. (requested by Maeby Mitenaut)\n|\n|t:|1700669318\n|switch|p2a: Bluck Buck|Tapu Koko, shiny|100\/100\n|-fieldstart|move: Electric Terrain|[from] ability: Electric Surge|[of] p2a: Bluck Buck\n|switch|p1a: Azumarill|Azumarill, F|100\/100\n|\n|-weather|RainDance|[upkeep]\n|upkeep\n|turn|2\n|\n|t:|1700669333\n|-terastallize|p1a: Azumarill|Steel\n|move|p2a: Bluck Buck|Taunt|p1a: Azumarill\n|-start|p1a: Azumarill|move: Taunt\n|cant|p1a: Azumarill|move: Taunt|Belly Drum\n|\n|-weather|RainDance|[upkeep]\n|upkeep\n|turn|3\n|\n|t:|1700669342\n|switch|p2a: Big Pap\u00ed|Iron Hands|100\/100\n|-activate|p2a: Big Pap\u00ed|ability: Quark Drive\n|-start|p2a: Big Pap\u00ed|quarkdriveatk\n|move|p1a: Azumarill|Aqua Tail|p2a: Big Pap\u00ed\n|-damage|p2a: Big Pap\u00ed|50\/100\n|\n|-weather|RainDance|[upkeep]\n|upkeep\n|turn|4\n|\n|t:|1700669350\n|move|p1a: Azumarill|Play Rough|p2a: Big Pap\u00ed\n|-supereffective|p2a: Big Pap\u00ed\n|-damage|p2a: Big Pap\u00ed|0 fnt\n|faint|p2a: Big Pap\u00ed\n|-end|p2a: Big Pap\u00ed|Quark Drive|[silent]\n|\n|-weather|RainDance|[upkeep]\n|-end|p1a: Azumarill|move: Taunt\n|upkeep\n|\n|t:|1700669362\n|switch|p2a: Aloha Broha|Raichu-Alola, F, shiny|100\/100\n|turn|5\n|\n|t:|1700669377\n|-zpower|p2a: Aloha Broha\n|move|p2a: Aloha Broha|Stoked Sparksurfer|p1a: Azumarill|[zeffect]\n|-damage|p1a: Azumarill|0 fnt\n|faint|p1a: Azumarill\n|\n|-weather|RainDance|[upkeep]\n|upkeep\n|\n|t:|1700669398\n|switch|p1a: Swampert|Swampert, M|100\/100\n|turn|6\n|\n|t:|1700669411\n|detailschange|p1a: Swampert|Swampert-Mega, M\n|-mega|p1a: Swampert|Swampert|Swampertite\n|move|p2a: Aloha Broha|Psychic|p1a: Swampert\n|-damage|p1a: Swampert|69\/100\n|-unboost|p1a: Swampert|spd|1\n|move|p1a: Swampert|Earthquake|p2a: Aloha Broha\n|-supereffective|p2a: Aloha Broha\n|-damage|p2a: Aloha Broha|0 fnt\n|faint|p2a: Aloha Broha\n|\n|-weather|RainDance|[upkeep]\n|upkeep\n|\n|t:|1700669421\n|switch|p2a: Muddy Buddy|Clodsire, F|100\/100\n|turn|7\n|\n|t:|1700669442\n|-terastallize|p2a: Muddy Buddy|Flying\n|move|p1a: Swampert|Earthquake|p2a: Muddy Buddy\n|-immune|p2a: Muddy Buddy\n|move|p2a: Muddy Buddy|Toxic|p1a: Swampert\n|-status|p1a: Swampert|tox\n|\n|-weather|RainDance|[upkeep]\n|-damage|p1a: Swampert|62\/100 tox|[from] psn\n|upkeep\n|turn|8\n|\n|t:|1700669453\n|move|p1a: Swampert|Ice Punch|p2a: Muddy Buddy\n|-supereffective|p2a: Muddy Buddy\n|-damage|p2a: Muddy Buddy|36\/100\n|move|p2a: Muddy Buddy|Stockpile|p2a: Muddy Buddy\n|-start|p2a: Muddy Buddy|stockpile1\n|-boost|p2a: Muddy Buddy|def|1\n|-boost|p2a: Muddy Buddy|spd|1\n|\n|-weather|none\n|-heal|p2a: Muddy Buddy|42\/100|[from] item: Leftovers\n|-damage|p1a: Swampert|50\/100 tox|[from] psn\n|-fieldend|move: Electric Terrain\n|upkeep\n|turn|9\n|\n|t:|1700669471\n|move|p1a: Swampert|Ice Punch|p2a: Muddy Buddy\n|-supereffective|p2a: Muddy Buddy\n|-damage|p2a: Muddy Buddy|0 fnt\n|faint|p2a: Muddy Buddy\n|\n|-damage|p1a: Swampert|32\/100 tox|[from] psn\n|upkeep\n|\n|t:|1700669479\n|switch|p2a: Bluck Buck|Tapu Koko, shiny|100\/100\n|-fieldstart|move: Electric Terrain|[from] ability: Electric Surge|[of] p2a: Bluck Buck\n|turn|10\n|\n|t:|1700669483\n|switch|p1a: Pelipper|Pelipper, F|100\/100\n|-weather|RainDance|[from] ability: Drizzle|[of] p1a: Pelipper\n|move|p2a: Bluck Buck|U-turn|p1a: Pelipper\n|-resisted|p1a: Pelipper\n|-damage|p1a: Pelipper|91\/100\n|\n|t:|1700669489\n|switch|p2a: Ice Spice|Ninetales-Alola, M, shiny|100\/100|[from] U-turn\n|-weather|Snow|[from] ability: Snow Warning|[of] p2a: Ice Spice\n|\n|-weather|Snow|[upkeep]\n|upkeep\n|turn|11\n|\n|t:|1700669497\n|switch|p1a: Basculegion|Basculegion, M|100\/100\n|move|p2a: Ice Spice|Blizzard|p1a: Basculegion\n|-resisted|p1a: Basculegion\n|-damage|p1a: Basculegion|89\/100\n|-status|p1a: Basculegion|frz\n|\n|-weather|Snow|[upkeep]\n|upkeep\n|turn|12\n|\n|t:|1700669506\n|switch|p2a: Gritty|Arctozolt, shiny|100\/100\n|switch|p1a: Pelipper|Pelipper, F|91\/100\n|-weather|RainDance|[from] ability: Drizzle|[of] p1a: Pelipper\n|\n|-weather|RainDance|[upkeep]\n|upkeep\n|turn|13\n|\n|t:|1700669516\n|move|p2a: Gritty|Bolt Beak|p1a: Pelipper\n|-supereffective|p1a: Pelipper\n|-damage|p1a: Pelipper|0 fnt\n|faint|p1a: Pelipper\n|\n|-weather|RainDance|[upkeep]\n|upkeep\n|\n|t:|1700669532\n|switch|p1a: Swampert|Swampert-Mega, M|32\/100 tox\n|turn|14\n|\n|t:|1700669535\n|switch|p2a: Ice Spice|Ninetales-Alola, M, shiny|100\/100\n|-weather|Snow|[from] ability: Snow Warning|[of] p2a: Ice Spice\n|move|p1a: Swampert|Earthquake|p2a: Ice Spice\n|-damage|p2a: Ice Spice|56\/100\n|\n|-weather|Snow|[upkeep]\n|-damage|p1a: Swampert|25\/100 tox|[from] psn\n|upkeep\n|turn|15\n|\n|t:|1700669545\n|move|p2a: Ice Spice|Aurora Veil|p2a: Ice Spice\n|-sidestart|p2: Maeby Mitenaut|move: Aurora Veil\n|move|p1a: Swampert|Waterfall|p2a: Ice Spice\n|-damage|p2a: Ice Spice|37\/100\n|\n|-weather|Snow|[upkeep]\n|-damage|p1a: Swampert|13\/100 tox|[from] psn\n|upkeep\n|turn|16\n|\n|t:|1700669556\n|move|p2a: Ice Spice|Blizzard|p1a: Swampert\n|-damage|p1a: Swampert|0 fnt\n|faint|p1a: Swampert\n|\n|-weather|Snow|[upkeep]\n|upkeep\n|\n|t:|1700669563\n|switch|p1a: Basculegion|Basculegion, M|89\/100 frz\n|turn|17\n|\n|t:|1700669572\n|switch|p2a: Gritty|Arctozolt, shiny|100\/100\n|cant|p1a: Basculegion|frz\n|\n|-weather|Snow|[upkeep]\n|-fieldend|move: Electric Terrain\n|upkeep\n|turn|18\n|\n|t:|1700669579\n|move|p2a: Gritty|Bolt Beak|p1a: Basculegion\n|-supereffective|p1a: Basculegion\n|-damage|p1a: Basculegion|0 fnt\n|faint|p1a: Basculegion\n|\n|-weather|Snow|[upkeep]\n|upkeep\n|\n|t:|1700669590\n|switch|p1a: Corviknight|Corviknight, M|100\/100\n|turn|19\n|\n|t:|1700669598\n|move|p2a: Gritty|Bolt Beak|p1a: Corviknight\n|-supereffective|p1a: Corviknight\n|-damage|p1a: Corviknight|0 fnt\n|faint|p1a: Corviknight\n|\n|-weather|Snow|[upkeep]\n|-sideend|p2: Maeby Mitenaut|move: Aurora Veil\n|upkeep\n|\n|t:|1700669603\n|switch|p1a: Zapdos|Zapdos|100\/100\n|turn|20\n|\n|t:|1700669607\n|move|p2a: Gritty|Blizzard|p1a: Zapdos\n|-supereffective|p1a: Zapdos\n|-damage|p1a: Zapdos|15\/100\n|move|p1a: Zapdos|Heat Wave|p2a: Gritty\n|-supereffective|p2a: Gritty\n|-damage|p2a: Gritty|0 fnt\n|faint|p2a: Gritty\n|\n|-weather|Snow|[upkeep]\n|upkeep\n|\n|t:|1700669617\n|switch|p2a: Bluck Buck|Tapu Koko, shiny|100\/100\n|-fieldstart|move: Electric Terrain|[from] ability: Electric Surge|[of] p2a: Bluck Buck\n|turn|21\n|\n|t:|1700669621\n|move|p2a: Bluck Buck|Iron Head|p1a: Zapdos\n|-resisted|p1a: Zapdos\n|-damage|p1a: Zapdos|4\/100\n|move|p1a: Zapdos|Thunder|p2a: Bluck Buck\n|-resisted|p2a: Bluck Buck\n|-damage|p2a: Bluck Buck|63\/100\n|\n|-weather|none\n|upkeep\n|turn|22\n|\n|t:|1700669628\n|move|p2a: Bluck Buck|U-turn|p1a: Zapdos\n|-resisted|p1a: Zapdos\n|-damage|p1a: Zapdos|0 fnt\n|faint|p1a: Zapdos\n|\n|win|Maeby Mitenaut\n|raw|matt0919's rating: 1141 &rarr; <strong>1116<\/strong><br \/>(-25 for losing)\n|raw|Maeby Mitenaut's rating: 1145 &rarr; <strong>1170<\/strong><br \/>(+25 for winning)\n|c|\u2606matt0919|GG\n|c|\u2606Maeby Mitenaut|gg!\n","uploadtime":1700669639,"views":0,"p1id":"matt0919","p2id":"maebymitenaut","formatid":"gen9nationaldex","rating":1116,"private":0,"password":""}