{"id":"gen9nationaldex-1989498402","p1":"quagsy","p2":"MCmao","format":"[Gen 9] National Dex","log":"|j|\u2606quagsy\n|j|\u2606MCmao\n|t:|1699860905\n|gametype|singles\n|player|p1|quagsy|266|1531\n|player|p2|MCmao|youngster-gen4dp|1499\n|teamsize|p1|6\n|teamsize|p2|6\n|gen|9\n|tier|[Gen 9] National Dex\n|rated|\n|rule|HP Percentage Mod: HP is shown in percentages\n|rule|Endless Battle Clause: Forcing endless battles is banned\n|rule|OHKO Clause: OHKO moves are banned\n|rule|Evasion Clause: Evasion abilities, items, and moves are banned\n|rule|Evasion Abilities Clause: Evasion abilities are banned\n|rule|Evasion Items Clause: Evasion items are banned\n|rule|Evasion Moves Clause: Evasion moves are banned\n|rule|Species Clause: Limit one of each Pok\u00e9mon\n|rule|Sleep Clause Mod: Limit one foe put to sleep\n|clearpoke\n|poke|p1|Banette, M|\n|poke|p1|Ursaluna, F|\n|poke|p1|Marowak-Alola, F|\n|poke|p1|Porygon2|\n|poke|p1|Hatterene, F|\n|poke|p1|Cofagrigus, F|\n|poke|p2|Garganacl, M|\n|poke|p2|Clodsire, M|\n|poke|p2|Medicham, F|\n|poke|p2|Corviknight, M|\n|poke|p2|Cinderace, F|\n|poke|p2|Iron Valiant|\n|teampreview\n|inactive|Battle timer is ON: inactive players will automatically lose when time's up. (requested by MCmao)\n|\n|t:|1699860915\n|start\n|switch|p1a: Hatterene|Hatterene, F|100\/100\n|switch|p2a: Medicham|Medicham, F|100\/100\n|turn|1\n|\n|t:|1699860930\n|detailschange|p2a: Medicham|Medicham-Mega, F\n|-mega|p2a: Medicham|Medicham|Medichamite\n|move|p2a: Medicham|Fake Out|p1a: Hatterene\n|-damage|p1a: Hatterene|73\/100\n|cant|p1a: Hatterene|flinch\n|\n|upkeep\n|turn|2\n|\n|t:|1699860939\n|move|p2a: Medicham|Bullet Punch|p1a: Hatterene\n|-supereffective|p1a: Hatterene\n|-damage|p1a: Hatterene|23\/100\n|move|p1a: Hatterene|Trick Room|p1a: Hatterene\n|-fieldstart|move: Trick Room|[of] p1a: Hatterene\n|\n|upkeep\n|turn|3\n|\n|t:|1699860945\n|move|p2a: Medicham|Bullet Punch|p1a: Hatterene\n|-supereffective|p1a: Hatterene\n|-damage|p1a: Hatterene|0 fnt\n|faint|p1a: Hatterene\n|\n|upkeep\n|\n|t:|1699860972\n|switch|p1a: Marowak|Marowak-Alola, F|100\/100\n|turn|4\n|\n|t:|1699860980\n|switch|p2a: Garganacl|Garganacl, M|100\/100\n|move|p1a: Marowak|Swords Dance|p1a: Marowak\n|-boost|p1a: Marowak|atk|2\n|\n|upkeep\n|turn|5\n|\n|t:|1699860983\n|move|p1a: Marowak|Earthquake|p2a: Garganacl\n|-supereffective|p2a: Garganacl\n|-damage|p2a: Garganacl|0 fnt\n|faint|p2a: Garganacl\n|\n|upkeep\n|\n|t:|1699860994\n|switch|p2a: Corviknight|Corviknight, M|100\/100\n|-ability|p2a: Corviknight|Pressure\n|turn|6\n|\n|t:|1699860998\n|move|p1a: Marowak|Flare Blitz|p2a: Corviknight\n|-supereffective|p2a: Corviknight\n|-damage|p2a: Corviknight|0 fnt\n|-damage|p1a: Marowak|84\/100|[from] item: Rocky Helmet|[of] p2a: Corviknight\n|faint|p2a: Corviknight\n|\n|-fieldend|move: Trick Room\n|upkeep\n|\n|t:|1699861005\n|switch|p2a: Medicham|Medicham-Mega, F|100\/100\n|turn|7\n|\n|t:|1699861009\n|move|p2a: Medicham|Zen Headbutt|p1a: Marowak\n|-damage|p1a: Marowak|20\/100\n|move|p1a: Marowak|Flare Blitz|p2a: Medicham\n|-damage|p2a: Medicham|0 fnt\n|faint|p2a: Medicham\n|\n|upkeep\n|\n|t:|1699861015\n|switch|p2a: Cinderace|Cinderace, F|100\/100\n|turn|8\n|\n|t:|1699861018\n|move|p2a: Cinderace|Pyro Ball|p1a: Marowak|[miss]\n|-miss|p2a: Cinderace|p1a: Marowak\n|move|p1a: Marowak|Flare Blitz|p2a: Cinderace\n|-resisted|p2a: Cinderace\n|-damage|p2a: Cinderace|0 fnt\n|faint|p2a: Cinderace\n|\n|upkeep\n|\n|t:|1699861024\n|switch|p2a: Iron Valiant|Iron Valiant|100\/100\n|turn|9\n|\n|t:|1699861027\n|-terastallize|p2a: Iron Valiant|Fairy\n|move|p2a: Iron Valiant|Moonblast|p1a: Marowak\n|-resisted|p1a: Marowak\n|-damage|p1a: Marowak|0 fnt\n|faint|p1a: Marowak\n|\n|upkeep\n|\n|t:|1699861031\n|switch|p1a: Porygon2|Porygon2|100\/100\n|turn|10\n|\n|t:|1699861033\n|move|p2a: Iron Valiant|Moonblast|p1a: Porygon2\n|-damage|p1a: Porygon2|37\/100\n|-unboost|p1a: Porygon2|spa|1\n|move|p1a: Porygon2|Trick Room|p1a: Porygon2\n|-fieldstart|move: Trick Room|[of] p1a: Porygon2\n|\n|upkeep\n|turn|11\n|\n|t:|1699861038\n|-end|p2a: Iron Valiant|Quark Drive|[silent]\n|switch|p2a: Clodsire|Clodsire, M|100\/100\n|-ability|p1a: Porygon2|Water Absorb|[from] ability: Trace|[of] p2a: Clodsire\n|move|p1a: Porygon2|Teleport|p1a: Porygon2\n|\n|t:|1699861046\n|switch|p1a: Ursaluna|Ursaluna, F|100\/100|[from] Teleport\n|\n|-status|p1a: Ursaluna|brn|[from] item: Flame Orb\n|upkeep\n|turn|12\n|\n|t:|1699861053\n|move|p2a: Clodsire|Toxic||[still]\n|-fail|p2a: Clodsire\n|move|p1a: Ursaluna|Earthquake|p2a: Clodsire\n|-supereffective|p2a: Clodsire\n|-damage|p2a: Clodsire|0 fnt\n|faint|p2a: Clodsire\n|\n|-damage|p1a: Ursaluna|94\/100 brn|[from] brn\n|upkeep\n|\n|t:|1699861058\n|switch|p2a: Iron Valiant|Iron Valiant, tera:Fairy|100\/100\n|turn|13\n|\n|t:|1699861063\n|move|p1a: Ursaluna|Facade|p2a: Iron Valiant\n|-damage|p2a: Iron Valiant|0 fnt\n|faint|p2a: Iron Valiant\n|-end|p2a: Iron Valiant|Quark Drive|[silent]\n|\n|win|quagsy\n|raw|quagsy's rating: 1531 &rarr; <strong>1549<\/strong><br \/>(+18 for winning)\n|raw|MCmao's rating: 1499 &rarr; <strong>1481<\/strong><br \/>(-18 for losing)\n","uploadtime":1699861068,"views":6,"p1id":"quagsy","p2id":"mcmao","formatid":"gen9nationaldex","rating":1481,"private":0,"password":""}