{"id":"gen9nationaldex-1987010031","p1":"klingklang123","p2":"DerpyJolteon","format":"[Gen 9] National Dex","log":"|j|\u2606klingklang123\n|j|\u203dDerpyJolteon\n|t:|1699548730\n|gametype|singles\n|player|p1|klingklang123|dancer|1351\n|player|p2|DerpyJolteon|volkner|1260\n|teamsize|p1|6\n|teamsize|p2|6\n|gen|9\n|tier|[Gen 9] National Dex\n|rated|\n|rule|HP Percentage Mod: HP is shown in percentages\n|rule|Endless Battle Clause: Forcing endless battles is banned\n|rule|OHKO Clause: OHKO moves are banned\n|rule|Evasion Clause: Evasion abilities, items, and moves are banned\n|rule|Evasion Abilities Clause: Evasion abilities are banned\n|rule|Evasion Items Clause: Evasion items are banned\n|rule|Evasion Moves Clause: Evasion moves are banned\n|rule|Species Clause: Limit one of each Pok\u00e9mon\n|rule|Sleep Clause Mod: Limit one foe put to sleep\n|clearpoke\n|poke|p1|Darmanitan, F|\n|poke|p1|Scolipede, M|\n|poke|p1|Haxorus, M|\n|poke|p1|Serperior, M|\n|poke|p1|Conkeldurr, M|\n|poke|p1|Volcarona, M|\n|poke|p2|Infernape, M|\n|poke|p2|Manectric, F|\n|poke|p2|Garchomp, F|\n|poke|p2|Mandibuzz, F|\n|poke|p2|Milotic, F|\n|poke|p2|Aegislash, M|\n|teampreview\n|inactive|Battle timer is ON: inactive players will automatically lose when time's up. (requested by DerpyJolteon)\n|\n|t:|1699548735\n|start\n|switch|p1a: Haxorus|Haxorus, M, shiny|100\/100\n|switch|p2a: Infernape|Infernape, M, shiny|100\/100\n|-ability|p1a: Haxorus|Mold Breaker\n|turn|1\n|\n|t:|1699548741\n|move|p2a: Infernape|Fake Out|p1a: Haxorus\n|-damage|p1a: Haxorus|76\/100\n|cant|p1a: Haxorus|flinch\n|\n|upkeep\n|turn|2\n|\n|t:|1699548746\n|switch|p2a: Mandibuzz|Mandibuzz, F, shiny|100\/100\n|move|p1a: Haxorus|Dragon Dance|p1a: Haxorus\n|-boost|p1a: Haxorus|atk|1\n|-boost|p1a: Haxorus|spe|1\n|\n|upkeep\n|turn|3\n|\n|t:|1699548755\n|-terastallize|p1a: Haxorus|Dragon\n|move|p1a: Haxorus|Outrage|p2a: Mandibuzz\n|-damage|p2a: Mandibuzz|23\/100\n|-damage|p1a: Haxorus|59\/100|[from] item: Rocky Helmet|[of] p2a: Mandibuzz\n|move|p2a: Mandibuzz|Foul Play|p1a: Haxorus\n|-damage|p1a: Haxorus|0 fnt\n|faint|p1a: Haxorus\n|\n|upkeep\n|c|\u2606klingklang123|i went for all there xd\n|\n|t:|1699548778\n|switch|p1a: Scolipede|Scolipede, M|100\/100\n|turn|4\n|inactive|DerpyJolteon has 120 seconds left.\n|\n|t:|1699548833\n|move|p1a: Scolipede|Poison Jab|p2a: Mandibuzz\n|-damage|p2a: Mandibuzz|3\/100\n|-damage|p1a: Scolipede|84\/100|[from] item: Rocky Helmet|[of] p2a: Mandibuzz\n|move|p2a: Mandibuzz|Foul Play|p1a: Scolipede\n|-damage|p1a: Scolipede|17\/100\n|\n|-ability|p1a: Scolipede|Speed Boost|boost\n|-boost|p1a: Scolipede|spe|1\n|upkeep\n|turn|5\n|\n|t:|1699548841\n|switch|p2a: Aegislash|Aegislash, M, shiny|100\/100\n|move|p1a: Scolipede|Poison Jab|p2a: Aegislash\n|-immune|p2a: Aegislash\n|\n|-ability|p1a: Scolipede|Speed Boost|boost\n|-boost|p1a: Scolipede|spe|1\n|upkeep\n|turn|6\n|\n|t:|1699548845\n|move|p2a: Aegislash|King's Shield|p2a: Aegislash\n|-singleturn|p2a: Aegislash|Protect\n|move|p1a: Scolipede|Earthquake|p2a: Aegislash\n|-activate|p2a: Aegislash|move: Protect\n|\n|-ability|p1a: Scolipede|Speed Boost|boost\n|-boost|p1a: Scolipede|spe|1\n|upkeep\n|turn|7\n|\n|t:|1699548852\n|move|p1a: Scolipede|Earthquake|p2a: Aegislash\n|-supereffective|p2a: Aegislash\n|-damage|p2a: Aegislash|49\/100\n|-enditem|p2a: Aegislash|Weakness Policy\n|-boost|p2a: Aegislash|atk|2|[from] item: Weakness Policy\n|-boost|p2a: Aegislash|spa|2|[from] item: Weakness Policy\n|move|p2a: Aegislash|Swords Dance|p2a: Aegislash\n|-boost|p2a: Aegislash|atk|2\n|\n|-ability|p1a: Scolipede|Speed Boost|boost\n|-boost|p1a: Scolipede|spe|1\n|upkeep\n|turn|8\n|inactive|DerpyJolteon has 120 seconds left.\n|\n|t:|1699548861\n|-formechange|p2a: Aegislash|Aegislash-Blade||[from] ability: Stance Change\n|move|p2a: Aegislash|Shadow Sneak|p1a: Scolipede\n|-damage|p1a: Scolipede|0 fnt\n|faint|p1a: Scolipede\n|\n|upkeep\n|\n|t:|1699548867\n|switch|p1a: Conkeldurr|Conkeldurr, M|100\/100\n|turn|9\n|\n|t:|1699548870\n|-formechange|p2a: Aegislash|Aegislash||[from] ability: Stance Change\n|move|p2a: Aegislash|King's Shield|p2a: Aegislash\n|-singleturn|p2a: Aegislash|Protect\n|move|p1a: Conkeldurr|Knock Off|p2a: Aegislash\n|-activate|p2a: Aegislash|move: Protect\n|-unboost|p1a: Conkeldurr|atk|1\n|\n|-status|p1a: Conkeldurr|brn|[from] item: Flame Orb\n|upkeep\n|turn|10\n|\n|t:|1699548876\n|-formechange|p2a: Aegislash|Aegislash-Blade||[from] ability: Stance Change\n|move|p2a: Aegislash|Shadow Sneak|p1a: Conkeldurr\n|-damage|p1a: Conkeldurr|36\/100 brn\n|move|p1a: Conkeldurr|Knock Off|p2a: Aegislash\n|-supereffective|p2a: Aegislash\n|-damage|p2a: Aegislash|0 fnt\n|faint|p2a: Aegislash\n|\n|-damage|p1a: Conkeldurr|30\/100 brn|[from] brn\n|upkeep\n|\n|t:|1699548885\n|switch|p2a: Mandibuzz|Mandibuzz, F, shiny|3\/100\n|turn|11\n|\n|t:|1699548889\n|move|p1a: Conkeldurr|Mach Punch|p2a: Mandibuzz\n|-crit|p2a: Mandibuzz\n|-damage|p2a: Mandibuzz|0 fnt\n|-damage|p1a: Conkeldurr|14\/100 brn|[from] item: Rocky Helmet|[of] p2a: Mandibuzz\n|faint|p2a: Mandibuzz\n|\n|-damage|p1a: Conkeldurr|8\/100 brn|[from] brn\n|upkeep\n|\n|t:|1699548895\n|switch|p2a: Manectric|Manectric, F, shiny|100\/100\n|turn|12\n|\n|t:|1699548898\n|move|p1a: Conkeldurr|Mach Punch|p2a: Manectric\n|-damage|p2a: Manectric|56\/100\n|move|p2a: Manectric|Volt Switch|p1a: Conkeldurr\n|-damage|p1a: Conkeldurr|0 fnt\n|faint|p1a: Conkeldurr\n|\n|t:|1699548904\n|switch|p2a: Garchomp|Garchomp, F, shiny|100\/100|[from] Volt Switch\n|\n|upkeep\n|\n|t:|1699548908\n|switch|p1a: Serperior|Serperior, M|100\/100\n|turn|13\n|\n|t:|1699548920\n|-terastallize|p2a: Garchomp|Steel\n|move|p1a: Serperior|Leaf Storm|p2a: Garchomp\n|-resisted|p2a: Garchomp\n|-damage|p2a: Garchomp|74\/100\n|-boost|p1a: Serperior|spa|2\n|move|p2a: Garchomp|Scale Shot|p1a: Serperior\n|-damage|p1a: Serperior|84\/100\n|-damage|p1a: Serperior|68\/100\n|-damage|p1a: Serperior|51\/100\n|-damage|p1a: Serperior|35\/100\n|-damage|p1a: Serperior|18\/100\n|-hitcount|p1a: Serperior|5\n|-unboost|p2a: Garchomp|def|1\n|-boost|p2a: Garchomp|spe|1\n|\n|upkeep\n|turn|14\n|\n|t:|1699548937\n|move|p2a: Garchomp|Scale Shot|p1a: Serperior|[miss]\n|-miss|p2a: Garchomp|p1a: Serperior\n|move|p1a: Serperior|Leaf Storm|p2a: Garchomp\n|-resisted|p2a: Garchomp\n|-damage|p2a: Garchomp|18\/100\n|-boost|p1a: Serperior|spa|2\n|\n|upkeep\n|turn|15\n|\n|t:|1699548943\n|move|p2a: Garchomp|Iron Head|p1a: Serperior\n|-damage|p1a: Serperior|0 fnt\n|faint|p1a: Serperior\n|\n|upkeep\n|\n|t:|1699548953\n|switch|p1a: Darmanitan|Darmanitan, F|100\/100\n|turn|16\n|\n|t:|1699548957\n|move|p2a: Garchomp|Earthquake|p1a: Darmanitan\n|-supereffective|p1a: Darmanitan\n|-damage|p1a: Darmanitan|0 fnt\n|faint|p1a: Darmanitan\n|\n|upkeep\n|\n|t:|1699548960\n|switch|p1a: Volcarona|Volcarona, M|100\/100\n|turn|17\n|\n|t:|1699548967\n|move|p2a: Garchomp|Earthquake|p1a: Volcarona\n|-damage|p1a: Volcarona|12\/100\n|move|p1a: Volcarona|Heat Wave|p2a: Garchomp\n|-supereffective|p2a: Garchomp\n|-damage|p2a: Garchomp|0 fnt\n|faint|p2a: Garchomp\n|\n|upkeep\n|\n|t:|1699548974\n|switch|p2a: Infernape|Infernape, M, shiny|100\/100\n|turn|18\n|\n|t:|1699548978\n|move|p2a: Infernape|Fake Out|p1a: Volcarona\n|-damage|p1a: Volcarona|0 fnt\n|faint|p1a: Volcarona\n|\n|win|DerpyJolteon\n|raw|klingklang123's rating: 1351 &rarr; <strong>1326<\/strong><br \/>(-25 for losing)\n|raw|DerpyJolteon's rating: 1260 &rarr; <strong>1291<\/strong><br \/>(+31 for winning)\n|l|\u2606klingklang123\n","uploadtime":1699548984,"views":9,"p1id":"klingklang123","p2id":"derpyjolteon","formatid":"gen9nationaldex","rating":1291,"private":0,"password":""}