{"id":"gen9nationaldex-1994114796","p1":"Elena Rybakina","p2":"Chili D Dewd","format":"[Gen 9] National Dex","log":"|j|\u2606Elena Rybakina\n|j|\u2606Chili D Dewd\n|inactive|Battle timer is ON: inactive players will automatically lose when time's up.\n|t:|1700408606\n|gametype|singles\n|player|p1|Elena Rybakina|sada-ai|\n|player|p2|Chili D Dewd|flint|\n|teamsize|p1|6\n|teamsize|p2|6\n|gen|9\n|tier|[Gen 9] National Dex\n|rated|Tournament battle\n|rule|HP Percentage Mod: HP is shown in percentages\n|rule|Endless Battle Clause: Forcing endless battles is banned\n|rule|OHKO Clause: OHKO moves are banned\n|rule|Evasion Clause: Evasion abilities, items, and moves are banned\n|rule|Evasion Abilities Clause: Evasion abilities are banned\n|rule|Evasion Items Clause: Evasion items are banned\n|rule|Evasion Moves Clause: Evasion moves are banned\n|rule|Species Clause: Limit one of each Pok\u00e9mon\n|rule|Sleep Clause Mod: Limit one foe put to sleep\n|clearpoke\n|poke|p1|Celesteela|\n|poke|p1|Alomomola, F|\n|poke|p1|Gliscor, F|\n|poke|p1|Lopunny, F|\n|poke|p1|Tornadus-Therian, M|\n|poke|p1|Garganacl, M|\n|poke|p2|Scovillain, F|\n|poke|p2|Torkoal, M|\n|poke|p2|Great Tusk|\n|poke|p2|Houndoom, M|\n|poke|p2|Tapu Lele|\n|poke|p2|Rotom-Wash|\n|teampreview\n|c|\u2606Chili D Dewd|Glhf\n|c|\u2606Elena Rybakina|u2\n|\n|t:|1700408633\n|start\n|switch|p1a: Garganacl|Garganacl, M|100\/100\n|switch|p2a: Torkoal|Torkoal, M|100\/100\n|-weather|SunnyDay|[from] ability: Drought|[of] p2a: Torkoal\n|turn|1\n|j| DarmanitanDLuffy\n|\n|t:|1700408637\n|move|p1a: Garganacl|Iron Defense|p1a: Garganacl\n|-boost|p1a: Garganacl|def|2\n|move|p2a: Torkoal|Stealth Rock|p1a: Garganacl\n|-sidestart|p1: Elena Rybakina|move: Stealth Rock\n|\n|-weather|SunnyDay|[upkeep]\n|upkeep\n|turn|2\n|\n|t:|1700408643\n|switch|p2a: Houndoom|Houndoom, M|100\/100\n|move|p1a: Garganacl|Salt Cure|p2a: Houndoom\n|-supereffective|p2a: Houndoom\n|-damage|p2a: Houndoom|41\/100\n|-start|p2a: Houndoom|Salt Cure\n|\n|-weather|SunnyDay|[upkeep]\n|-damage|p2a: Houndoom|28\/100|[from] Salt Cure\n|upkeep\n|turn|3\n|l| DarmanitanDLuffy\n|\n|t:|1700408653\n|detailschange|p2a: Houndoom|Houndoom-Mega, M\n|-mega|p2a: Houndoom|Houndoom|Houndoominite\n|-terastallize|p1a: Garganacl|Ghost\n|move|p2a: Houndoom|Dark Pulse|p1a: Garganacl\n|-supereffective|p1a: Garganacl\n|-damage|p1a: Garganacl|15\/100\n|move|p1a: Garganacl|Recover|p1a: Garganacl\n|-heal|p1a: Garganacl|65\/100\n|\n|-weather|SunnyDay|[upkeep]\n|-damage|p2a: Houndoom|16\/100|[from] ability: Solar Power|[of] p2a: Houndoom\n|-heal|p1a: Garganacl|72\/100|[from] item: Leftovers\n|-damage|p2a: Houndoom|4\/100|[from] Salt Cure\n|upkeep\n|turn|4\n|\n|t:|1700408664\n|switch|p1a: Alomomola|Alomomola, F, shiny|100\/100\n|move|p2a: Houndoom|Flamethrower|p1a: Alomomola\n|-resisted|p1a: Alomomola\n|-damage|p1a: Alomomola|53\/100\n|\n|-weather|SunnyDay|[upkeep]\n|-damage|p2a: Houndoom|0 fnt|[from] ability: Solar Power|[of] p2a: Houndoom\n|faint|p2a: Houndoom\n|upkeep\n|\n|t:|1700408667\n|switch|p2a: Scovillain|Scovillain, F|100\/100\n|turn|5\n|\n|t:|1700408669\n|move|p1a: Alomomola|Protect|p1a: Alomomola\n|-singleturn|p1a: Alomomola|Protect\n|move|p2a: Scovillain|Growth|p2a: Scovillain\n|-boost|p2a: Scovillain|atk|2\n|-boost|p2a: Scovillain|spa|2\n|\n|-weather|SunnyDay|[upkeep]\n|upkeep\n|turn|6\n|j|+Avaritia~!\n|\n|t:|1700408673\n|move|p2a: Scovillain|Giga Drain|p1a: Alomomola\n|-supereffective|p1a: Alomomola\n|-damage|p1a: Alomomola|0 fnt\n|faint|p1a: Alomomola\n|-damage|p2a: Scovillain|91\/100|[from] item: Life Orb\n|\n|-weather|SunnyDay|[upkeep]\n|upkeep\n|l|+Avaritia~!\n|\n|t:|1700408681\n|switch|p1a: Lopunny|Lopunny, F, shiny|100\/100\n|-damage|p1a: Lopunny|88\/100|[from] Stealth Rock\n|turn|7\n|\n|t:|1700408684\n|switch|p2a: Tapu Lele|Tapu Lele|100\/100\n|-fieldstart|move: Psychic Terrain|[from] ability: Psychic Surge|[of] p2a: Tapu Lele\n|detailschange|p1a: Lopunny|Lopunny-Mega, F, shiny\n|-mega|p1a: Lopunny|Lopunny|Lopunnite\n|move|p1a: Lopunny|Fake Out|p2a: Tapu Lele\n|-activate|p2a: Tapu Lele|move: Psychic Terrain\n|\n|-weather|SunnyDay|[upkeep]\n|upkeep\n|turn|8\n|\n|t:|1700408686\n|switch|p1a: Celesteela|Celesteela|100\/100\n|-damage|p1a: Celesteela|88\/100|[from] Stealth Rock\n|move|p2a: Tapu Lele|Future Sight|p1a: Celesteela\n|-start|p2a: Tapu Lele|move: Future Sight\n|\n|-weather|none\n|-heal|p1a: Celesteela|94\/100|[from] item: Leftovers\n|upkeep\n|turn|9\n|\n|t:|1700408690\n|switch|p2a: Torkoal|Torkoal, M|100\/100\n|-weather|SunnyDay|[from] ability: Drought|[of] p2a: Torkoal\n|switch|p1a: Garganacl|Garganacl, M, tera:Ghost|72\/100\n|-damage|p1a: Garganacl|59\/100|[from] Stealth Rock\n|\n|-weather|SunnyDay|[upkeep]\n|-heal|p1a: Garganacl|65\/100|[from] item: Leftovers\n|upkeep\n|turn|10\n|\n|t:|1700408695\n|switch|p2a: Scovillain|Scovillain, F|91\/100\n|move|p1a: Garganacl|Recover|p1a: Garganacl\n|-heal|p1a: Garganacl|100\/100\n|\n|-weather|SunnyDay|[upkeep]\n|-end|p1a: Garganacl|move: Future Sight\n|-crit|p1a: Garganacl\n|-damage|p1a: Garganacl|20\/100\n|-heal|p1a: Garganacl|26\/100|[from] item: Leftovers\n|upkeep\n|turn|11\n|\n|t:|1700408700\n|move|p2a: Scovillain|Fire Blast|p1a: Garganacl\n|-damage|p1a: Garganacl|0 fnt\n|faint|p1a: Garganacl\n|-damage|p2a: Scovillain|81\/100|[from] item: Life Orb\n|\n|-weather|SunnyDay|[upkeep]\n|-fieldend|move: Psychic Terrain\n|upkeep\n|\n|t:|1700408702\n|switch|p1a: Tornadus|Tornadus-Therian, M, shiny|100\/100\n|-damage|p1a: Tornadus|75\/100|[from] Stealth Rock\n|turn|12\n|\n|t:|1700408704\n|-terastallize|p2a: Scovillain|Fire\n|move|p2a: Scovillain|Fire Blast|p1a: Tornadus\n|-damage|p1a: Tornadus|0 fnt\n|faint|p1a: Tornadus\n|-damage|p2a: Scovillain|71\/100|[from] item: Life Orb\n|\n|-weather|SunnyDay|[upkeep]\n|upkeep\n|\n|t:|1700408707\n|switch|p1a: Lopunny|Lopunny-Mega, F, shiny|88\/100\n|-damage|p1a: Lopunny|82\/100|[from] Stealth Rock\n|turn|13\n|\n|t:|1700408709\n|switch|p2a: Tapu Lele|Tapu Lele|100\/100\n|-fieldstart|move: Psychic Terrain|[from] ability: Psychic Surge|[of] p2a: Tapu Lele\n|move|p1a: Lopunny|Fake Out|p2a: Tapu Lele\n|-activate|p2a: Tapu Lele|move: Psychic Terrain\n|\n|-weather|SunnyDay|[upkeep]\n|upkeep\n|turn|14\n|\n|t:|1700408711\n|move|p2a: Tapu Lele|Hidden Power|p1a: Lopunny\n|-damage|p1a: Lopunny|43\/100\n|move|p1a: Lopunny|Frustration|p2a: Tapu Lele\n|-damage|p2a: Tapu Lele|14\/100\n|\n|-weather|SunnyDay|[upkeep]\n|upkeep\n|turn|15\n|\n|t:|1700408713\n|move|p2a: Tapu Lele|Hidden Power|p1a: Lopunny\n|-damage|p1a: Lopunny|0 fnt\n|faint|p1a: Lopunny\n|\n|-weather|SunnyDay|[upkeep]\n|upkeep\n|\n|t:|1700408717\n|switch|p1a: Gliscor|Gliscor, F|100\/100\n|-damage|p1a: Gliscor|88\/100|[from] Stealth Rock\n|turn|16\n|\n|t:|1700408723\n|move|p2a: Tapu Lele|Hidden Power|p1a: Gliscor\n|-damage|p1a: Gliscor|61\/100\n|move|p1a: Gliscor|Toxic|p2a: Tapu Lele|[miss]\n|-miss|p1a: Gliscor|p2a: Tapu Lele\n|\n|-weather|none\n|-status|p1a: Gliscor|tox|[from] item: Toxic Orb\n|upkeep\n|turn|17\n|\n|t:|1700408728\n|switch|p2a: Torkoal|Torkoal, M|100\/100\n|-weather|SunnyDay|[from] ability: Drought|[of] p2a: Torkoal\n|move|p1a: Gliscor|Roost|p1a: Gliscor\n|-heal|p1a: Gliscor|100\/100 tox\n|-singleturn|p1a: Gliscor|move: Roost\n|\n|-weather|SunnyDay|[upkeep]\n|-fieldend|move: Psychic Terrain\n|upkeep\n|turn|18\n|\n|t:|1700408733\n|switch|p2a: Great Tusk|Great Tusk|100\/100\n|-activate|p2a: Great Tusk|ability: Protosynthesis\n|-start|p2a: Great Tusk|protosynthesisatk\n|move|p1a: Gliscor|Toxic|p2a: Great Tusk|[miss]\n|-miss|p1a: Gliscor|p2a: Great Tusk\n|\n|-weather|SunnyDay|[upkeep]\n|upkeep\n|turn|19\n|j| DarmanitanDLuffy\n|c|\u2606Elena Rybakina|i sure love mons\n|-message|Elena Rybakina forfeited.\n|\n|win|Chili D Dewd\n|n|\u2606Elena Rybakina|elenarybakina\n|n|\u2606Chili D Dewd|chiliddewd\n|n| DarmanitanDLuffy|darmanitandluffy\n|l|\u2606Elena Rybakina\n|c| DarmanitanDLuffy|shoulda brought that shit latious\n|c|\u2606Chili D Dewd|Gg\n|c| DarmanitanDLuffy|good job chili\n|c|\u2606Chili D Dewd|Ty\n","uploadtime":1700408757,"views":5,"p1id":"elenarybakina","p2id":"chiliddewd","formatid":"gen9nationaldex","rating":0,"private":0,"password":""}