{"id":"gen9nationaldex-1988090596","p1":"F.F.H.P.D.I.O.","p2":"Hyperionnn","format":"[Gen 9] National Dex","log":"|j|\u2606F.F.H.P.D.I.O.\n|j|\u2606Hyperionnn\n|t:|1699668359\n|gametype|singles\n|player|p1|F.F.H.P.D.I.O.|li|1126\n|player|p2|Hyperionnn|crasherwake|1187\n|teamsize|p1|6\n|teamsize|p2|6\n|gen|9\n|tier|[Gen 9] National Dex\n|rated|\n|rule|HP Percentage Mod: HP is shown in percentages\n|rule|Endless Battle Clause: Forcing endless battles is banned\n|rule|OHKO Clause: OHKO moves are banned\n|rule|Evasion Clause: Evasion abilities, items, and moves are banned\n|rule|Evasion Abilities Clause: Evasion abilities are banned\n|rule|Evasion Items Clause: Evasion items are banned\n|rule|Evasion Moves Clause: Evasion moves are banned\n|rule|Species Clause: Limit one of each Pok\u00e9mon\n|rule|Sleep Clause Mod: Limit one foe put to sleep\n|clearpoke\n|poke|p1|Thundurus-Therian, M|\n|poke|p1|Ting-Lu|\n|poke|p1|Glimmora, M|\n|poke|p1|Serperior, M|\n|poke|p1|Great Tusk|\n|poke|p1|Venusaur, F|\n|poke|p2|Blastoise, M|\n|poke|p2|Sableye, M|\n|poke|p2|Clefable, F|\n|poke|p2|Ambipom, M|\n|poke|p2|Slowbro, M|\n|poke|p2|Mamoswine, M|\n|teampreview\n|\n|t:|1699668393\n|start\n|switch|p1a: Glimmora|Glimmora, M|100\/100\n|switch|p2a: Taco Bell|Sableye, M|100\/100\n|turn|1\n|\n|t:|1699668415\n|detailschange|p2a: Taco Bell|Sableye-Mega, M\n|-mega|p2a: Taco Bell|Sableye|Sablenite\n|move|p1a: Glimmora|Sludge Wave|p2a: Taco Bell\n|-resisted|p2a: Taco Bell\n|-damage|p2a: Taco Bell|81\/100\n|move|p2a: Taco Bell|Will-O-Wisp|p1a: Glimmora\n|-status|p1a: Glimmora|brn\n|\n|-damage|p1a: Glimmora|94\/100 brn|[from] brn\n|upkeep\n|turn|2\n|\n|t:|1699668448\n|move|p1a: Glimmora|Sludge Wave|p2a: Taco Bell\n|-resisted|p2a: Taco Bell\n|-damage|p2a: Taco Bell|60\/100\n|move|p2a: Taco Bell|Knock Off|p1a: Glimmora\n|-crit|p1a: Glimmora\n|-damage|p1a: Glimmora|52\/100 brn\n|-activate|p1a: Glimmora|ability: Toxic Debris\n|-sidestart|p2: Hyperionnn|move: Toxic Spikes\n|-enditem|p1a: Glimmora|Assault Vest|[from] move: Knock Off|[of] p2a: Taco Bell\n|\n|-damage|p1a: Glimmora|46\/100 brn|[from] brn\n|upkeep\n|turn|3\n|\n|t:|1699668474\n|move|p1a: Glimmora|Power Gem|p2a: Taco Bell\n|-damage|p2a: Taco Bell|29\/100\n|move|p2a: Taco Bell|Knock Off|p1a: Glimmora\n|-damage|p1a: Glimmora|26\/100 brn\n|-activate|p1a: Glimmora|ability: Toxic Debris\n|-sidestart|p2: Hyperionnn|move: Toxic Spikes\n|\n|-damage|p1a: Glimmora|20\/100 brn|[from] brn\n|upkeep\n|turn|4\n|\n|t:|1699668493\n|move|p1a: Glimmora|Power Gem|p2a: Taco Bell\n|-crit|p2a: Taco Bell\n|-damage|p2a: Taco Bell|0 fnt\n|faint|p2a: Taco Bell\n|\n|-damage|p1a: Glimmora|14\/100 brn|[from] brn\n|upkeep\n|\n|t:|1699668507\n|switch|p2a: Dairy Queen|Clefable, F, shiny|100\/100\n|-status|p2a: Dairy Queen|tox\n|turn|5\n|\n|t:|1699668530\n|switch|p2a: Five Guys|Ambipom, M|100\/100\n|-status|p2a: Five Guys|tox\n|move|p1a: Glimmora|Sludge Wave|p2a: Five Guys\n|-crit|p2a: Five Guys\n|-damage|p2a: Five Guys|0 fnt\n|faint|p2a: Five Guys\n|\n|-damage|p1a: Glimmora|8\/100 brn|[from] brn\n|upkeep\n|\n|t:|1699668541\n|switch|p2a: Arby's|Mamoswine, M|100\/100\n|-status|p2a: Arby's|tox\n|turn|6\n|inactive|Battle timer is ON: inactive players will automatically lose when time's up. (requested by F.F.H.P.D.I.O.)\n|\n|t:|1699668553\n|move|p2a: Arby's|Ice Shard|p1a: Glimmora\n|-damage|p1a: Glimmora|0 fnt\n|faint|p1a: Glimmora\n|-damage|p2a: Arby's|91\/100 tox|[from] item: Life Orb\n|\n|-damage|p2a: Arby's|84\/100 tox|[from] psn\n|upkeep\n|inactive|F.F.H.P.D.I.O. has 120 seconds left.\n|inactive|F.F.H.P.D.I.O. has 90 seconds left.\n|\n|t:|1699668643\n|switch|p1a: Venusaur|Venusaur, F|100\/100\n|turn|7\n|\n|t:|1699668655\n|detailschange|p1a: Venusaur|Venusaur-Mega, F\n|-mega|p1a: Venusaur|Venusaur|Venusaurite\n|move|p2a: Arby's|Earthquake|p1a: Venusaur\n|-damage|p1a: Venusaur|51\/100\n|-damage|p2a: Arby's|74\/100 tox|[from] item: Life Orb\n|move|p1a: Venusaur|Giga Drain|p2a: Arby's\n|-supereffective|p2a: Arby's\n|-damage|p2a: Arby's|0 fnt\n|-heal|p1a: Venusaur|88\/100|[from] drain|[of] p2a: Arby's\n|faint|p2a: Arby's\n|\n|upkeep\n|\n|t:|1699668666\n|switch|p2a: Dairy Queen|Clefable, F, shiny|100\/100 tox\n|turn|8\n|\n|t:|1699668671\n|move|p1a: Venusaur|Sludge Bomb|p2a: Dairy Queen\n|-supereffective|p2a: Dairy Queen\n|-damage|p2a: Dairy Queen|12\/100 tox\n|move|p2a: Dairy Queen|Flamethrower|p1a: Venusaur\n|-supereffective|p1a: Venusaur\n|-damage|p1a: Venusaur|72\/100\n|\n|-heal|p2a: Dairy Queen|18\/100 tox|[from] item: Leftovers\n|upkeep\n|turn|9\n|\n|t:|1699668683\n|move|p1a: Venusaur|Giga Drain|p2a: Dairy Queen\n|-damage|p2a: Dairy Queen|0 fnt\n|-heal|p1a: Venusaur|81\/100|[from] drain|[of] p2a: Dairy Queen\n|faint|p2a: Dairy Queen\n|\n|upkeep\n|\n|t:|1699668710\n|switch|p2a: Dunkin'|Slowbro, M|100\/100\n|-status|p2a: Dunkin'|tox\n|turn|10\n|inactive|F.F.H.P.D.I.O. has 90 seconds left.\n|\n|t:|1699668725\n|move|p1a: Venusaur|Synthesis|p1a: Venusaur\n|-heal|p1a: Venusaur|100\/100\n|move|p2a: Dunkin'|Future Sight|p1a: Venusaur\n|-start|p2a: Dunkin'|move: Future Sight\n|\n|-damage|p2a: Dunkin'|94\/100 tox|[from] psn\n|upkeep\n|turn|11\n|inactive|Hyperionnn has 120 seconds left.\n|\n|t:|1699668756\n|move|p1a: Venusaur|Giga Drain|p2a: Dunkin'\n|-supereffective|p2a: Dunkin'\n|-damage|p2a: Dunkin'|18\/100 tox\n|move|p2a: Dunkin'|Scald|p1a: Venusaur\n|-resisted|p1a: Venusaur\n|-damage|p1a: Venusaur|90\/100\n|\n|-damage|p2a: Dunkin'|6\/100 tox|[from] psn\n|upkeep\n|turn|12\n|inactive|F.F.H.P.D.I.O. has 90 seconds left.\n|inactive|Hyperionnn has 120 seconds left.\n|\n|t:|1699668770\n|move|p1a: Venusaur|Giga Drain|p2a: Dunkin'\n|-supereffective|p2a: Dunkin'\n|-damage|p2a: Dunkin'|0 fnt\n|-heal|p1a: Venusaur|93\/100|[from] drain|[of] p2a: Dunkin'\n|faint|p2a: Dunkin'\n|\n|-end|p1a: Venusaur|move: Future Sight\n|-supereffective|p1a: Venusaur\n|-damage|p1a: Venusaur|20\/100\n|upkeep\n|inactive|Hyperionnn has 120 seconds left.\n|\n|t:|1699668778\n|switch|p2a: Culver's|Blastoise, M|100\/100\n|-status|p2a: Culver's|tox\n|turn|13\n|inactive|F.F.H.P.D.I.O. has 90 seconds left.\n|\n|t:|1699668791\n|-terastallize|p2a: Culver's|Steel\n|move|p2a: Culver's|Shell Smash|p2a: Culver's\n|-unboost|p2a: Culver's|def|1\n|-unboost|p2a: Culver's|spd|1\n|-boost|p2a: Culver's|atk|2\n|-boost|p2a: Culver's|spa|2\n|-boost|p2a: Culver's|spe|2\n|-enditem|p2a: Culver's|White Herb\n|-clearnegativeboost|p2a: Culver's|[silent]\n|move|p1a: Venusaur|Sludge Bomb|p2a: Culver's\n|-immune|p2a: Culver's\n|\n|-damage|p2a: Culver's|94\/100 tox|[from] psn\n|upkeep\n|turn|14\n|inactive|Hyperionnn has 120 seconds left.\n|\n|t:|1699668810\n|move|p2a: Culver's|Ice Beam|p1a: Venusaur\n|-supereffective|p1a: Venusaur\n|-damage|p1a: Venusaur|0 fnt\n|faint|p1a: Venusaur\n|\n|-damage|p2a: Culver's|82\/100 tox|[from] psn\n|upkeep\n|inactive|F.F.H.P.D.I.O. has 90 seconds left.\n|\n|t:|1699668827\n|switch|p1a: Ting-Lu|Ting-Lu|100\/100\n|-ability|p1a: Ting-Lu|Vessel of Ruin\n|turn|15\n|inactive|F.F.H.P.D.I.O. has 90 seconds left.\n|\n|t:|1699668845\n|-terastallize|p1a: Ting-Lu|Poison\n|move|p2a: Culver's|Surf|p1a: Ting-Lu\n|-damage|p1a: Ting-Lu|70\/100\n|move|p1a: Ting-Lu|Earthquake|p2a: Culver's\n|-supereffective|p2a: Culver's\n|-damage|p2a: Culver's|0 fnt\n|faint|p2a: Culver's\n|\n|win|F.F.H.P.D.I.O.\n|raw|F.F.H.P.D.I.O.'s rating: 1126 &rarr; <strong>1155<\/strong><br \/>(+29 for winning)\n|raw|Hyperionnn's rating: 1187 &rarr; <strong>1158<\/strong><br \/>(-29 for losing)\n|c|\u2606F.F.H.P.D.I.O.|gg\n|c|\u2606Hyperionnn|gg\n|l|\u2606Hyperionnn\n","uploadtime":1699668864,"views":6,"p1id":"ffhpdio","p2id":"hyperionnn","formatid":"gen9nationaldex","rating":1155,"private":0,"password":""}