{"id":"gen9nationaldex-1999281622","p1":"spirefire","p2":"PWA Wright","format":"[Gen 9] National Dex","log":"|html|<div class=\"broadcast-blue\"><strong>[Gen 9] National Dex is currently suspecting Sneasler! For information on how to participate check out the <a href=\"https:\/\/www.smogon.com\/forums\/threads\/sv-national-dex-suspect-8-just-dance.3731534\/\">suspect thread<\/a>.<\/strong><\/div>\n|j|\u2606spirefire\n|j|\u2606PWA Wright\n|t:|1701054620\n|gametype|singles\n|player|p1|spirefire|misty|1648\n|player|p2|PWA Wright|cynthia|1796\n|teamsize|p1|6\n|teamsize|p2|6\n|gen|9\n|tier|[Gen 9] National Dex\n|rated|\n|rule|HP Percentage Mod: HP is shown in percentages\n|rule|Endless Battle Clause: Forcing endless battles is banned\n|rule|OHKO Clause: OHKO moves are banned\n|rule|Evasion Clause: Evasion abilities, items, and moves are banned\n|rule|Evasion Abilities Clause: Evasion abilities are banned\n|rule|Evasion Items Clause: Evasion items are banned\n|rule|Evasion Moves Clause: Evasion moves are banned\n|rule|Species Clause: Limit one of each Pok\u00e9mon\n|rule|Sleep Clause Mod: Limit one foe put to sleep\n|clearpoke\n|poke|p1|Ogerpon-Wellspring, F|\n|poke|p1|Landorus-Therian, M|\n|poke|p1|Heatran, M|\n|poke|p1|Slowking-Galar, F|\n|poke|p1|Rillaboom, F|\n|poke|p1|Scizor, M|\n|poke|p2|Garchomp, M|\n|poke|p2|Dondozo, M|\n|poke|p2|Tyranitar, F|\n|poke|p2|Charizard, F|\n|poke|p2|Clodsire, F|\n|poke|p2|Corviknight, M|\n|teampreview\n|inactive|Battle timer is ON: inactive players will automatically lose when time's up. (requested by spirefire)\n|\n|t:|1701054632\n|start\n|switch|p1a: Rillaboom|Rillaboom, F|100\/100\n|switch|p2a: Charizard|Charizard, F|100\/100\n|-fieldstart|move: Grassy Terrain|[from] ability: Grassy Surge|[of] p1a: Rillaboom\n|turn|1\n|\n|t:|1701054641\n|switch|p1a: \u5929\u874e\u738b|Landorus-Therian, M|100\/100\n|-ability|p1a: \u5929\u874e\u738b|Intimidate|boost\n|-unboost|p2a: Charizard|atk|1\n|detailschange|p2a: Charizard|Charizard-Mega-Y, F\n|-mega|p2a: Charizard|Charizard|Charizardite Y\n|-weather|SunnyDay|[from] ability: Drought|[of] p2a: Charizard\n|move|p2a: Charizard|Weather Ball|p1a: \u5929\u874e\u738b\n|-damage|p1a: \u5929\u874e\u738b|0 fnt\n|faint|p1a: \u5929\u874e\u738b\n|\n|-weather|SunnyDay|[upkeep]\n|upkeep\n|\n|t:|1701054646\n|switch|p1a: \u56fa\u62c9\u591a|Heatran, M|100\/100\n|turn|2\n|\n|t:|1701054654\n|move|p1a: \u56fa\u62c9\u591a|Protect|p1a: \u56fa\u62c9\u591a\n|-singleturn|p1a: \u56fa\u62c9\u591a|Protect\n|move|p2a: Charizard|Scorching Sands|p1a: \u56fa\u62c9\u591a\n|-activate|p1a: \u56fa\u62c9\u591a|move: Protect\n|\n|-weather|SunnyDay|[upkeep]\n|upkeep\n|turn|3\n|\n|t:|1701054661\n|-terastallize|p1a: \u56fa\u62c9\u591a|Flying\n|move|p2a: Charizard|Air Slash|p1a: \u56fa\u62c9\u591a\n|-damage|p1a: \u56fa\u62c9\u591a|71\/100\n|move|p1a: \u56fa\u62c9\u591a|Power Gem|p2a: Charizard\n|-supereffective|p2a: Charizard\n|-damage|p2a: Charizard|1\/100\n|\n|-weather|SunnyDay|[upkeep]\n|-heal|p1a: \u56fa\u62c9\u591a|77\/100|[from] item: Leftovers\n|upkeep\n|turn|4\n|\n|t:|1701054669\n|move|p2a: Charizard|Air Slash|p1a: \u56fa\u62c9\u591a\n|-damage|p1a: \u56fa\u62c9\u591a|49\/100\n|move|p1a: \u56fa\u62c9\u591a|Power Gem|p2a: Charizard\n|-supereffective|p2a: Charizard\n|-damage|p2a: Charizard|0 fnt\n|faint|p2a: Charizard\n|\n|-weather|SunnyDay|[upkeep]\n|-heal|p1a: \u56fa\u62c9\u591a|55\/100|[from] item: Leftovers\n|upkeep\n|\n|t:|1701054672\n|switch|p2a: Garchomp|Garchomp, M|100\/100\n|turn|5\n|\n|t:|1701054679\n|move|p2a: Garchomp|Swords Dance|p2a: Garchomp\n|-boost|p2a: Garchomp|atk|2\n|move|p1a: \u56fa\u62c9\u591a|Magma Storm|p2a: Garchomp|[miss]\n|-miss|p1a: \u56fa\u62c9\u591a|p2a: Garchomp\n|\n|-weather|none\n|-heal|p1a: \u56fa\u62c9\u591a|62\/100|[from] item: Leftovers\n|-fieldend|move: Grassy Terrain\n|upkeep\n|turn|6\n|\n|t:|1701054683\n|move|p2a: Garchomp|Scale Shot|p1a: \u56fa\u62c9\u591a\n|-damage|p1a: \u56fa\u62c9\u591a|38\/100\n|-damage|p1a: \u56fa\u62c9\u591a|18\/100\n|-damage|p1a: \u56fa\u62c9\u591a|0 fnt\n|faint|p1a: \u56fa\u62c9\u591a\n|-hitcount|p1: \u56fa\u62c9\u591a|3\n|-unboost|p2a: Garchomp|def|1\n|-boost|p2a: Garchomp|spe|1\n|\n|upkeep\n|\n|t:|1701054688\n|switch|p1a: Rillaboom|Rillaboom, F|100\/100\n|-fieldstart|move: Grassy Terrain|[from] ability: Grassy Surge|[of] p1a: Rillaboom\n|turn|7\n|\n|t:|1701054700\n|switch|p1a: Slowking|Slowking-Galar, F|100\/100\n|-terastallize|p2a: Garchomp|Fire\n|move|p2a: Garchomp|Tera Blast|p1a: Slowking|[anim] Tera Blast Fire\n|-damage|p1a: Slowking|31\/100\n|\n|-heal|p1a: Slowking|37\/100|[from] Grassy Terrain\n|-heal|p1a: Slowking|43\/100|[from] item: Leftovers\n|upkeep\n|turn|8\n|\n|t:|1701054710\n|move|p2a: Garchomp|Tera Blast|p1a: Slowking|[anim] Tera Blast Fire\n|-damage|p1a: Slowking|0 fnt\n|faint|p1a: Slowking\n|\n|upkeep\n|\n|t:|1701054714\n|switch|p1a: Rillaboom|Rillaboom, F|100\/100\n|turn|9\n|\n|t:|1701054716\n|move|p2a: Garchomp|Tera Blast|p1a: Rillaboom|[anim] Tera Blast Fire\n|-supereffective|p1a: Rillaboom\n|-damage|p1a: Rillaboom|0 fnt\n|faint|p1a: Rillaboom\n|\n|upkeep\n|\n|t:|1701054718\n|switch|p1a: Scizor|Scizor, M|100\/100\n|turn|10\n|-message|spirefire forfeited.\n|\n|win|PWA Wright\n|raw|spirefire's rating: 1648 &rarr; <strong>1636<\/strong><br \/>(-12 for losing)\n|raw|PWA Wright's rating: 1796 &rarr; <strong>1808<\/strong><br \/>(+12 for winning)\n|l|\u2606spirefire\n","uploadtime":1701054732,"views":2,"p1id":"spirefire","p2id":"pwawright","formatid":"gen9nationaldex","rating":1636,"private":0,"password":""}