{"id":"gen9nationaldex-1999167862","p1":"drossito pambisito","p2":"Dynomite101","format":"[Gen 9] National Dex","log":"|html|<div class=\"broadcast-blue\"><strong>[Gen 9] National Dex is currently suspecting Sneasler! For information on how to participate check out the <a href=\"https:\/\/www.smogon.com\/forums\/threads\/sv-national-dex-suspect-8-just-dance.3731534\/\">suspect thread<\/a>.<\/strong><\/div>\n|j|\u2606drossito pambisito\n|j|\u2606Dynomite101\n|t:|1701040689\n|gametype|singles\n|player|p1|drossito pambisito|169|1572\n|player|p2|Dynomite101|nate|1424\n|teamsize|p1|6\n|teamsize|p2|6\n|gen|9\n|tier|[Gen 9] National Dex\n|rated|\n|rule|HP Percentage Mod: HP is shown in percentages\n|rule|Endless Battle Clause: Forcing endless battles is banned\n|rule|OHKO Clause: OHKO moves are banned\n|rule|Evasion Clause: Evasion abilities, items, and moves are banned\n|rule|Evasion Abilities Clause: Evasion abilities are banned\n|rule|Evasion Items Clause: Evasion items are banned\n|rule|Evasion Moves Clause: Evasion moves are banned\n|rule|Species Clause: Limit one of each Pok\u00e9mon\n|rule|Sleep Clause Mod: Limit one foe put to sleep\n|clearpoke\n|poke|p1|Blacephalon|\n|poke|p1|Tapu Lele|\n|poke|p1|Sneasler, F|\n|poke|p1|Samurott-Hisui, M|\n|poke|p1|Kyurem|\n|poke|p1|Manectric, F|\n|poke|p2|Charizard, M|\n|poke|p2|Garchomp, M|\n|poke|p2|Scizor, M|\n|poke|p2|Greninja-*, M|\n|poke|p2|Aegislash, M|\n|poke|p2|Grimmsnarl, M|\n|teampreview\n|inactive|Battle timer is ON: inactive players will automatically lose when time's up. (requested by Dynomite101)\n|\n|t:|1701040704\n|start\n|switch|p1a: Manectric|Manectric, F|100\/100\n|switch|p2a: Grimmsnarl|Grimmsnarl, M|100\/100\n|turn|1\n|\n|t:|1701040715\n|detailschange|p1a: Manectric|Manectric-Mega, F\n|-mega|p1a: Manectric|Manectric|Manectite\n|-ability|p1a: Manectric|Intimidate|boost\n|-unboost|p2a: Grimmsnarl|atk|1\n|move|p2a: Grimmsnarl|Light Screen|p2a: Grimmsnarl\n|-sidestart|p2: Dynomite101|move: Light Screen\n|move|p1a: Manectric|Discharge|p2a: Grimmsnarl\n|-damage|p2a: Grimmsnarl|83\/100\n|-status|p2a: Grimmsnarl|par\n|\n|upkeep\n|turn|2\n|inactive|drossito pambisito has 120 seconds left.\n|\n|t:|1701040747\n|move|p1a: Manectric|Volt Switch|p2a: Grimmsnarl\n|-damage|p2a: Grimmsnarl|70\/100 par\n|\n|t:|1701040750\n|switch|p1a: Tapu Lele|Tapu Lele|100\/100|[from] Volt Switch\n|-fieldstart|move: Psychic Terrain|[from] ability: Psychic Surge|[of] p1a: Tapu Lele\n|move|p2a: Grimmsnarl|Spirit Break|p1a: Tapu Lele\n|-damage|p1a: Tapu Lele|71\/100\n|-unboost|p1a: Tapu Lele|spa|1\n|\n|upkeep\n|turn|3\n|\n|t:|1701040760\n|move|p1a: Tapu Lele|Moonblast|p2a: Grimmsnarl\n|-supereffective|p2a: Grimmsnarl\n|-damage|p2a: Grimmsnarl|36\/100 par\n|move|p2a: Grimmsnarl|Spirit Break|p1a: Tapu Lele\n|-damage|p1a: Tapu Lele|41\/100\n|-unboost|p1a: Tapu Lele|spa|1\n|\n|upkeep\n|turn|4\n|\n|t:|1701040776\n|switch|p2a: Aegislash|Aegislash, M|100\/100\n|move|p1a: Tapu Lele|Moonblast|p2a: Aegislash\n|-resisted|p2a: Aegislash\n|-damage|p2a: Aegislash|93\/100\n|-unboost|p2a: Aegislash|spa|1\n|\n|-heal|p2a: Aegislash|99\/100|[from] item: Leftovers\n|upkeep\n|turn|5\n|\n|t:|1701040779\n|switch|p1a: Samurott|Samurott-Hisui, M|100\/100\n|-formechange|p2a: Aegislash|Aegislash-Blade||[from] ability: Stance Change\n|move|p2a: Aegislash|Gyro Ball|p1a: Samurott\n|-resisted|p1a: Samurott\n|-damage|p1a: Samurott|64\/100\n|\n|-heal|p2a: Aegislash|100\/100|[from] item: Leftovers\n|upkeep\n|turn|6\n|\n|t:|1701040783\n|-formechange|p2a: Aegislash|Aegislash||[from] ability: Stance Change\n|move|p2a: Aegislash|King's Shield|p2a: Aegislash\n|-singleturn|p2a: Aegislash|Protect\n|move|p1a: Samurott|Ceaseless Edge|p2a: Aegislash\n|-activate|p2a: Aegislash|move: Protect\n|-unboost|p1a: Samurott|atk|1\n|\n|-fieldend|move: Psychic Terrain\n|upkeep\n|turn|7\n|\n|t:|1701040792\n|move|p1a: Samurott|Ceaseless Edge|p2a: Aegislash\n|-supereffective|p2a: Aegislash\n|-damage|p2a: Aegislash|46\/100\n|-sidestart|p2: Dynomite101|Spikes\n|-formechange|p2a: Aegislash|Aegislash-Blade||[from] ability: Stance Change\n|move|p2a: Aegislash|Gyro Ball|p1a: Samurott\n|-resisted|p1a: Samurott\n|-damage|p1a: Samurott|29\/100\n|\n|-heal|p2a: Aegislash|52\/100|[from] item: Leftovers\n|upkeep\n|turn|8\n|\n|t:|1701040800\n|-formechange|p2a: Aegislash|Aegislash||[from] ability: Stance Change\n|move|p2a: Aegislash|King's Shield|p2a: Aegislash\n|-singleturn|p2a: Aegislash|Protect\n|move|p1a: Samurott|Ceaseless Edge|p2a: Aegislash\n|-activate|p2a: Aegislash|move: Protect\n|-unboost|p1a: Samurott|atk|1\n|\n|-heal|p2a: Aegislash|59\/100|[from] item: Leftovers\n|-sideend|p2: Dynomite101|move: Light Screen\n|upkeep\n|turn|9\n|\n|t:|1701040808\n|move|p1a: Samurott|Ceaseless Edge|p2a: Aegislash|[miss]\n|-miss|p1a: Samurott|p2a: Aegislash\n|-formechange|p2a: Aegislash|Aegislash-Blade||[from] ability: Stance Change\n|move|p2a: Aegislash|Gyro Ball|p1a: Samurott\n|-resisted|p1a: Samurott\n|-damage|p1a: Samurott|0 fnt\n|faint|p1a: Samurott\n|\n|-heal|p2a: Aegislash|65\/100|[from] item: Leftovers\n|upkeep\n|\n|t:|1701040820\n|switch|p1a: Tapu Lele|Tapu Lele|41\/100\n|-fieldstart|move: Psychic Terrain|[from] ability: Psychic Surge|[of] p1a: Tapu Lele\n|turn|10\n|\n|t:|1701040822\n|-formechange|p2a: Aegislash|Aegislash||[from] ability: Stance Change\n|move|p2a: Aegislash|King's Shield|p2a: Aegislash\n|-singleturn|p2a: Aegislash|Protect\n|move|p1a: Tapu Lele|Shadow Ball|p2a: Aegislash\n|-activate|p2a: Aegislash|move: Protect\n|\n|-heal|p2a: Aegislash|71\/100|[from] item: Leftovers\n|upkeep\n|turn|11\n|\n|t:|1701040824\n|move|p1a: Tapu Lele|Shadow Ball|p2a: Aegislash\n|-supereffective|p2a: Aegislash\n|-damage|p2a: Aegislash|5\/100\n|-unboost|p2a: Aegislash|spd|1\n|-formechange|p2a: Aegislash|Aegislash-Blade||[from] ability: Stance Change\n|move|p2a: Aegislash|Gyro Ball|p1a: Tapu Lele\n|-supereffective|p1a: Tapu Lele\n|-damage|p1a: Tapu Lele|0 fnt\n|faint|p1a: Tapu Lele\n|\n|-heal|p2a: Aegislash|11\/100|[from] item: Leftovers\n|upkeep\n|\n|t:|1701040828\n|switch|p1a: Sneasler|Sneasler, F|100\/100\n|-enditem|p1a: Sneasler|Psychic Seed\n|-boost|p1a: Sneasler|spd|1|[from] item: Psychic Seed\n|turn|12\n|\n|t:|1701040830\n|-formechange|p2a: Aegislash|Aegislash||[from] ability: Stance Change\n|move|p2a: Aegislash|King's Shield|p2a: Aegislash\n|-singleturn|p2a: Aegislash|Protect\n|move|p1a: Sneasler|Swords Dance|p1a: Sneasler\n|-boost|p1a: Sneasler|atk|2\n|\n|-heal|p2a: Aegislash|17\/100|[from] item: Leftovers\n|upkeep\n|turn|13\n|\n|t:|1701040833\n|move|p1a: Sneasler|Acrobatics|p2a: Aegislash\n|-resisted|p2a: Aegislash\n|-damage|p2a: Aegislash|0 fnt\n|faint|p2a: Aegislash\n|\n|upkeep\n|\n|t:|1701040843\n|switch|p2a: Scizor|Scizor, M|100\/100\n|-damage|p2a: Scizor|88\/100|[from] Spikes\n|turn|14\n|\n|t:|1701040848\n|move|p1a: Sneasler|Low Kick|p2a: Scizor\n|-crit|p2a: Scizor\n|-damage|p2a: Scizor|0 fnt\n|faint|p2a: Scizor\n|\n|-fieldend|move: Psychic Terrain\n|upkeep\n|\n|t:|1701040852\n|switch|p2a: Grimmsnarl|Grimmsnarl, M|36\/100 par\n|-damage|p2a: Grimmsnarl|23\/100 par|[from] Spikes\n|turn|15\n|\n|t:|1701040857\n|move|p2a: Grimmsnarl|Thunder Wave|p1a: Sneasler\n|-status|p1a: Sneasler|par\n|move|p1a: Sneasler|Acrobatics|p2a: Grimmsnarl\n|-damage|p2a: Grimmsnarl|0 fnt\n|faint|p2a: Grimmsnarl\n|\n|upkeep\n|\n|t:|1701040859\n|switch|p2a: Greninja|Greninja, M|100\/100\n|-damage|p2a: Greninja|88\/100|[from] Spikes\n|turn|16\n|\n|t:|1701040862\n|-terastallize|p2a: Greninja|Water\n|move|p2a: Greninja|Surf|p1a: Sneasler\n|-damage|p1a: Sneasler|25\/100 par\n|move|p1a: Sneasler|Low Kick|p2a: Greninja\n|-damage|p2a: Greninja|0 fnt\n|faint|p2a: Greninja\n|\n|upkeep\n|\n|t:|1701040865\n|switch|p2a: Garchomp|Garchomp, M|100\/100\n|-damage|p2a: Garchomp|88\/100|[from] Spikes\n|turn|17\n|\n|t:|1701040875\n|move|p1a: Sneasler|Acrobatics|p2a: Garchomp\n|-damage|p2a: Garchomp|2\/100\n|-damage|p1a: Sneasler|13\/100 par|[from] ability: Rough Skin|[of] p2a: Garchomp\n|move|p2a: Garchomp|Scale Shot|p1a: Sneasler\n|-damage|p1a: Sneasler|0 fnt\n|faint|p1a: Sneasler\n|-hitcount|p1: Sneasler|1\n|-unboost|p2a: Garchomp|def|1\n|-boost|p2a: Garchomp|spe|1\n|\n|upkeep\n|\n|t:|1701040884\n|switch|p1a: Manectric|Manectric-Mega, F|100\/100\n|-ability|p1a: Manectric|Intimidate|boost\n|-unboost|p2a: Garchomp|atk|1\n|turn|18\n|\n|t:|1701040887\n|move|p2a: Garchomp|Earthquake|p1a: Manectric\n|-supereffective|p1a: Manectric\n|-damage|p1a: Manectric|0 fnt\n|faint|p1a: Manectric\n|\n|upkeep\n|\n|t:|1701040917\n|switch|p1a: Kyurem|Kyurem|100\/100\n|-ability|p1a: Kyurem|Pressure\n|turn|19\n|\n|t:|1701040920\n|-zpower|p2a: Garchomp\n|move|p2a: Garchomp|Continental Crush|p1a: Kyurem|[zeffect]\n|-supereffective|p1a: Kyurem\n|-damage|p1a: Kyurem|25\/100\n|move|p1a: Kyurem|Icicle Spear|p2a: Garchomp\n|-supereffective|p2a: Garchomp\n|-damage|p2a: Garchomp|0 fnt\n|faint|p2a: Garchomp\n|-hitcount|p2: Garchomp|1\n|\n|upkeep\n|\n|t:|1701040922\n|switch|p2a: Charizard|Charizard, M, shiny|100\/100\n|turn|20\n|\n|t:|1701040925\n|detailschange|p2a: Charizard|Charizard-Mega-Y, M, shiny\n|-mega|p2a: Charizard|Charizard|Charizardite Y\n|-weather|SunnyDay|[from] ability: Drought|[of] p2a: Charizard\n|-terastallize|p1a: Kyurem|Dragon\n|move|p2a: Charizard|Weather Ball|p1a: Kyurem\n|-resisted|p1a: Kyurem\n|-crit|p1a: Kyurem\n|-damage|p1a: Kyurem|0 fnt\n|faint|p1a: Kyurem\n|\n|-weather|SunnyDay|[upkeep]\n|upkeep\n|\n|t:|1701040927\n|switch|p1a: Blacephalon|Blacephalon|100\/100\n|turn|21\n|\n|t:|1701040929\n|-zpower|p1a: Blacephalon\n|move|p1a: Blacephalon|Z-Hypnosis|p2a: Charizard|[anim]Hypnosis\n|-boost|p1a: Blacephalon|spe|1|[zeffect]\n|-status|p2a: Charizard|slp|[from] move: Hypnosis\n|cant|p2a: Charizard|slp\n|\n|-weather|SunnyDay|[upkeep]\n|upkeep\n|turn|22\n|\n|t:|1701040934\n|move|p1a: Blacephalon|Shadow Ball|p2a: Charizard\n|-damage|p2a: Charizard|53\/100 slp\n|-curestatus|p2a: Charizard|slp|[msg]\n|move|p2a: Charizard|Weather Ball|p1a: Blacephalon\n|-resisted|p1a: Blacephalon\n|-damage|p1a: Blacephalon|28\/100\n|\n|-weather|SunnyDay|[upkeep]\n|upkeep\n|turn|23\n|inactive|drossito pambisito has 120 seconds left.\n|\n|t:|1701040968\n|move|p1a: Blacephalon|Shadow Ball|p2a: Charizard\n|-damage|p2a: Charizard|4\/100\n|move|p2a: Charizard|Weather Ball|p1a: Blacephalon\n|-resisted|p1a: Blacephalon\n|-damage|p1a: Blacephalon|0 fnt\n|faint|p1a: Blacephalon\n|\n|win|Dynomite101\n|raw|drossito pambisito's rating: 1572 &rarr; <strong>1544<\/strong><br \/>(-28 for losing)\n|raw|Dynomite101's rating: 1424 &rarr; <strong>1452<\/strong><br \/>(+28 for winning)\n|c|\u2606Dynomite101|gg\n|l|\u2606drossito pambisito\n","uploadtime":1701040975,"views":2,"p1id":"drossitopambisito","p2id":"dynomite101","formatid":"gen9nationaldex","rating":1452,"private":0,"password":""}