{"id":"gen9nationaldex-1990210583","p1":"awsl357","p2":"innerlake520","format":"[Gen 9] National Dex","log":"|j|\u2606awsl357\n|j|\u2606innerlake520\n|t:|1699937921\n|gametype|singles\n|player|p1|awsl357|lady-gen4|1233\n|player|p2|innerlake520|steven|1194\n|teamsize|p1|6\n|teamsize|p2|6\n|gen|9\n|tier|[Gen 9] National Dex\n|rated|\n|rule|HP Percentage Mod: HP is shown in percentages\n|rule|Endless Battle Clause: Forcing endless battles is banned\n|rule|OHKO Clause: OHKO moves are banned\n|rule|Evasion Clause: Evasion abilities, items, and moves are banned\n|rule|Evasion Abilities Clause: Evasion abilities are banned\n|rule|Evasion Items Clause: Evasion items are banned\n|rule|Evasion Moves Clause: Evasion moves are banned\n|rule|Species Clause: Limit one of each Pok\u00e9mon\n|rule|Sleep Clause Mod: Limit one foe put to sleep\n|clearpoke\n|poke|p1|Meowscarada, F|\n|poke|p1|Gyarados, M|\n|poke|p1|Bisharp, M|\n|poke|p1|Shiftry, M|\n|poke|p1|Iron Jugulis|\n|poke|p1|Umbreon, F|\n|poke|p2|Tornadus-Therian, M|\n|poke|p2|Corviknight, F|\n|poke|p2|Banette, M|\n|poke|p2|Clodsire, F|\n|poke|p2|Volcarona, F|\n|poke|p2|Tapu Lele|\n|teampreview\n|inactive|Battle timer is ON: inactive players will automatically lose when time's up. (requested by innerlake520)\n|\n|t:|1699937937\n|start\n|switch|p1a: \u4e58\u98ce\u800c\u8d77|Shiftry, M|100\/100\n|switch|p2a: Banette|Banette, M|100\/100\n|-item|p1a: \u4e58\u98ce\u800c\u8d77|Focus Sash|[from] ability: Frisk|[of] p2a: Banette|[identify]\n|turn|1\n|\n|t:|1699937949\n|detailschange|p2a: Banette|Banette-Mega, M\n|-mega|p2a: Banette|Banette|Banettite\n|move|p2a: Banette|Will-O-Wisp|p1a: \u4e58\u98ce\u800c\u8d77\n|-hint|Since gen 7, Dark is immune to Prankster moves.\n|-immune|p1a: \u4e58\u98ce\u800c\u8d77\n|move|p1a: \u4e58\u98ce\u800c\u8d77|Tailwind|p1a: \u4e58\u98ce\u800c\u8d77\n|-sidestart|p1: awsl357|move: Tailwind\n|-ability|p1a: \u4e58\u98ce\u800c\u8d77|Wind Rider|boost\n|-boost|p1a: \u4e58\u98ce\u800c\u8d77|atk|1\n|\n|upkeep\n|turn|2\n|inactive|awsl357 has 120 seconds left.\n|\n|t:|1699937983\n|switch|p1a: \u4e2d\u5c06|Bisharp, M, shiny|100\/100\n|move|p2a: Banette|Encore|p1a: \u4e2d\u5c06\n|-hint|Since gen 7, Dark is immune to Prankster moves.\n|-immune|p1a: \u4e2d\u5c06\n|\n|upkeep\n|turn|3\n|\n|t:|1699937989\n|-activate|p2a: Banette|move: Pursuit\n|move|p1a: \u4e2d\u5c06|Pursuit|p2a: Banette|[from]Pursuit\n|-supereffective|p2a: Banette\n|-damage|p2a: Banette|0 fnt\n|faint|p2a: Banette\n|-hint|A Pokemon can't switch between when it runs out of HP and when it faints\n|\n|upkeep\n|\n|t:|1699937994\n|switch|p2a: Volcarona|Volcarona, F|100\/100\n|turn|4\n|\n|t:|1699938003\n|switch|p1a: \u4e58\u98ce\u800c\u8d77|Shiftry, M|100\/100\n|-ability|p1a: \u4e58\u98ce\u800c\u8d77|Wind Rider|boost\n|-boost|p1a: \u4e58\u98ce\u800c\u8d77|atk|1\n|move|p2a: Volcarona|Quiver Dance|p2a: Volcarona\n|-boost|p2a: Volcarona|spa|1\n|-boost|p2a: Volcarona|spd|1\n|-boost|p2a: Volcarona|spe|1\n|\n|-sideend|p1: awsl357|move: Tailwind\n|upkeep\n|turn|5\n|\n|t:|1699938010\n|move|p2a: Volcarona|Quiver Dance|p2a: Volcarona\n|-boost|p2a: Volcarona|spa|1\n|-boost|p2a: Volcarona|spd|1\n|-boost|p2a: Volcarona|spe|1\n|move|p1a: \u4e58\u98ce\u800c\u8d77|Tailwind|p1a: \u4e58\u98ce\u800c\u8d77\n|-sidestart|p1: awsl357|move: Tailwind\n|-ability|p1a: \u4e58\u98ce\u800c\u8d77|Wind Rider|boost\n|-boost|p1a: \u4e58\u98ce\u800c\u8d77|atk|1\n|\n|upkeep\n|turn|6\n|\n|t:|1699938016\n|move|p1a: \u4e58\u98ce\u800c\u8d77|Explosion|p2a: Volcarona\n|-damage|p2a: Volcarona|0 fnt\n|faint|p1a: \u4e58\u98ce\u800c\u8d77\n|faint|p2a: Volcarona\n|\n|upkeep\n|c|\u2606innerlake520|6\n|\n|t:|1699938027\n|switch|p1a: \u4e09\u9996\u6076\u9f99-\u5e9f\u7269\u7684\u6837\u5b50|Iron Jugulis|100\/100\n|switch|p2a: Tapu Lele|Tapu Lele|100\/100\n|-fieldstart|move: Psychic Terrain|[from] ability: Psychic Surge|[of] p2a: Tapu Lele\n|-enditem|p1a: \u4e09\u9996\u6076\u9f99-\u5e9f\u7269\u7684\u6837\u5b50|Booster Energy\n|-activate|p1a: \u4e09\u9996\u6076\u9f99-\u5e9f\u7269\u7684\u6837\u5b50|ability: Quark Drive|[fromitem]\n|-start|p1a: \u4e09\u9996\u6076\u9f99-\u5e9f\u7269\u7684\u6837\u5b50|quarkdrivespa\n|turn|7\n|\n|t:|1699938041\n|-terastallize|p1a: \u4e09\u9996\u6076\u9f99-\u5e9f\u7269\u7684\u6837\u5b50|Fire\n|move|p1a: \u4e09\u9996\u6076\u9f99-\u5e9f\u7269\u7684\u6837\u5b50|Fire Blast|p2a: Tapu Lele\n|-damage|p2a: Tapu Lele|16\/100\n|move|p2a: Tapu Lele|Moonblast|p1a: \u4e09\u9996\u6076\u9f99-\u5e9f\u7269\u7684\u6837\u5b50\n|-resisted|p1a: \u4e09\u9996\u6076\u9f99-\u5e9f\u7269\u7684\u6837\u5b50\n|-damage|p1a: \u4e09\u9996\u6076\u9f99-\u5e9f\u7269\u7684\u6837\u5b50|67\/100\n|-unboost|p1a: \u4e09\u9996\u6076\u9f99-\u5e9f\u7269\u7684\u6837\u5b50|spa|1\n|\n|upkeep\n|turn|8\n|\n|t:|1699938051\n|switch|p2a: Clodsire|Clodsire, F|100\/100\n|move|p1a: \u4e09\u9996\u6076\u9f99-\u5e9f\u7269\u7684\u6837\u5b50|Fire Blast|p2a: Clodsire\n|-damage|p2a: Clodsire|74\/100\n|\n|-heal|p2a: Clodsire|80\/100|[from] item: Leftovers\n|-sideend|p1: awsl357|move: Tailwind\n|upkeep\n|turn|9\n|\n|t:|1699938059\n|-end|p1a: \u4e09\u9996\u6076\u9f99-\u5e9f\u7269\u7684\u6837\u5b50|Quark Drive|[silent]\n|switch|p1a: \u4e2d\u5c06|Bisharp, M, shiny|100\/100\n|move|p2a: Clodsire|Earthquake|p1a: \u4e2d\u5c06\n|-supereffective|p1a: \u4e2d\u5c06\n|-damage|p1a: \u4e2d\u5c06|25\/100\n|\n|-heal|p2a: Clodsire|86\/100|[from] item: Leftovers\n|upkeep\n|turn|10\n|\n|t:|1699938065\n|move|p1a: \u4e2d\u5c06|Knock Off|p2a: Clodsire\n|-damage|p2a: Clodsire|2\/100\n|-enditem|p2a: Clodsire|Leftovers|[from] move: Knock Off|[of] p1a: \u4e2d\u5c06\n|move|p2a: Clodsire|Earthquake|p1a: \u4e2d\u5c06\n|-supereffective|p1a: \u4e2d\u5c06\n|-damage|p1a: \u4e2d\u5c06|0 fnt\n|faint|p1a: \u4e2d\u5c06\n|\n|upkeep\n|\n|t:|1699938078\n|switch|p1a: \u9b54\u5e7bdark\u732b|Meowscarada, F|100\/100\n|turn|11\n|\n|t:|1699938086\n|move|p2a: Clodsire|Protect|p2a: Clodsire\n|-singleturn|p2a: Clodsire|Protect\n|move|p1a: \u9b54\u5e7bdark\u732b|Knock Off|p2a: Clodsire\n|-start|p1a: \u9b54\u5e7bdark\u732b|typechange|Dark|[from] ability: Protean\n|-activate|p2a: Clodsire|move: Protect\n|\n|-fieldend|move: Psychic Terrain\n|upkeep\n|turn|12\n|\n|t:|1699938094\n|move|p1a: \u9b54\u5e7bdark\u732b|Knock Off|p2a: Clodsire\n|-damage|p2a: Clodsire|0 fnt\n|faint|p2a: Clodsire\n|\n|upkeep\n|\n|t:|1699938097\n|switch|p2a: Corviknight|Corviknight, F|100\/100\n|turn|13\n|\n|t:|1699938111\n|switch|p1a: \u4e09\u9996\u6076\u9f99-\u5e9f\u7269\u7684\u6837\u5b50|Iron Jugulis, tera:Fire|67\/100\n|move|p2a: Corviknight|Iron Defense|p2a: Corviknight\n|-boost|p2a: Corviknight|def|2\n|\n|upkeep\n|turn|14\n|\n|t:|1699938124\n|-terastallize|p2a: Corviknight|Water\n|move|p1a: \u4e09\u9996\u6076\u9f99-\u5e9f\u7269\u7684\u6837\u5b50|Fire Blast|p2a: Corviknight\n|-resisted|p2a: Corviknight\n|-damage|p2a: Corviknight|73\/100\n|move|p2a: Corviknight|Iron Defense|p2a: Corviknight\n|-boost|p2a: Corviknight|def|2\n|\n|upkeep\n|turn|15\n|\n|t:|1699938131\n|move|p1a: \u4e09\u9996\u6076\u9f99-\u5e9f\u7269\u7684\u6837\u5b50|Hurricane|p2a: Corviknight\n|-damage|p2a: Corviknight|18\/100\n|move|p2a: Corviknight|Body Press|p1a: \u4e09\u9996\u6076\u9f99-\u5e9f\u7269\u7684\u6837\u5b50\n|-damage|p1a: \u4e09\u9996\u6076\u9f99-\u5e9f\u7269\u7684\u6837\u5b50|0 fnt\n|faint|p1a: \u4e09\u9996\u6076\u9f99-\u5e9f\u7269\u7684\u6837\u5b50\n|-end|p1a: \u4e09\u9996\u6076\u9f99-\u5e9f\u7269\u7684\u6837\u5b50|Quark Drive|[silent]\n|\n|upkeep\n|\n|t:|1699938138\n|switch|p1a: \u9b54\u5e7bdark\u732b|Meowscarada, F|100\/100\n|turn|16\n|\n|t:|1699938146\n|move|p1a: \u9b54\u5e7bdark\u732b|Flower Trick|p2a: Corviknight\n|-start|p1a: \u9b54\u5e7bdark\u732b|typechange|Grass|[from] ability: Protean\n|-supereffective|p2a: Corviknight\n|-crit|p2a: Corviknight\n|-damage|p2a: Corviknight|0 fnt\n|faint|p2a: Corviknight\n|\n|upkeep\n|\n|t:|1699938151\n|switch|p2a: Tornadus|Tornadus-Therian, M|100\/100\n|turn|17\n|\n|t:|1699938158\n|switch|p1a: \u6708\u59d1\u5a18|Umbreon, F, shiny|100\/100\n|move|p2a: Tornadus|Nasty Plot|p2a: Tornadus\n|-boost|p2a: Tornadus|spa|2\n|\n|upkeep\n|turn|18\n|\n|t:|1699938170\n|move|p2a: Tornadus|Bleakwind Storm|p1a: \u6708\u59d1\u5a18\n|-damage|p1a: \u6708\u59d1\u5a18|31\/100\n|move|p1a: \u6708\u59d1\u5a18|Toxic|p2a: Tornadus\n|-status|p2a: Tornadus|tox\n|\n|-heal|p1a: \u6708\u59d1\u5a18|37\/100|[from] item: Leftovers\n|-damage|p2a: Tornadus|94\/100 tox|[from] psn\n|upkeep\n|turn|19\n|\n|t:|1699938174\n|move|p1a: \u6708\u59d1\u5a18|Protect|p1a: \u6708\u59d1\u5a18\n|-singleturn|p1a: \u6708\u59d1\u5a18|Protect\n|move|p2a: Tornadus|Bleakwind Storm|p1a: \u6708\u59d1\u5a18\n|-activate|p1a: \u6708\u59d1\u5a18|move: Protect\n|\n|-heal|p1a: \u6708\u59d1\u5a18|43\/100|[from] item: Leftovers\n|-damage|p2a: Tornadus|82\/100 tox|[from] psn\n|upkeep\n|turn|20\n|\n|t:|1699938182\n|move|p2a: Tornadus|Bleakwind Storm|p1a: \u6708\u59d1\u5a18\n|-damage|p1a: \u6708\u59d1\u5a18|0 fnt\n|faint|p1a: \u6708\u59d1\u5a18\n|\n|-damage|p2a: Tornadus|64\/100 tox|[from] psn\n|upkeep\n|\n|t:|1699938186\n|switch|p1a: \u9b54\u5e7bdark\u732b|Meowscarada, F|100\/100\n|turn|21\n|\n|t:|1699938192\n|switch|p2a: Tapu Lele|Tapu Lele|16\/100\n|-fieldstart|move: Psychic Terrain|[from] ability: Psychic Surge|[of] p2a: Tapu Lele\n|move|p1a: \u9b54\u5e7bdark\u732b|Knock Off|p2a: Tapu Lele\n|-start|p1a: \u9b54\u5e7bdark\u732b|typechange|Dark|[from] ability: Protean\n|-damage|p2a: Tapu Lele|0 fnt\n|-enditem|p2a: Tapu Lele|Choice Scarf|[from] move: Knock Off|[of] p1a: \u9b54\u5e7bdark\u732b\n|faint|p2a: Tapu Lele\n|\n|upkeep\n|\n|t:|1699938200\n|switch|p2a: Tornadus|Tornadus-Therian, M|98\/100 tox\n|turn|22\n|\n|t:|1699938203\n|move|p1a: \u9b54\u5e7bdark\u732b|Knock Off|p2a: Tornadus\n|-damage|p2a: Tornadus|54\/100 tox\n|move|p2a: Tornadus|Hidden Power|p1a: \u9b54\u5e7bdark\u732b\n|-damage|p1a: \u9b54\u5e7bdark\u732b|69\/100\n|\n|-damage|p2a: Tornadus|48\/100 tox|[from] psn\n|upkeep\n|turn|23\n|\n|t:|1699938208\n|move|p1a: \u9b54\u5e7bdark\u732b|Knock Off|p2a: Tornadus\n|-damage|p2a: Tornadus|3\/100 tox\n|move|p2a: Tornadus|Bleakwind Storm|p1a: \u9b54\u5e7bdark\u732b\n|-damage|p1a: \u9b54\u5e7bdark\u732b|0 fnt\n|faint|p1a: \u9b54\u5e7bdark\u732b\n|\n|-damage|p2a: Tornadus|0 fnt|[from] psn\n|faint|p2a: Tornadus\n|\n|win|awsl357\n|upkeep\n|raw|awsl357's rating: 1233 &rarr; <strong>1255<\/strong><br \/>(+22 for winning)\n|raw|innerlake520's rating: 1194 &rarr; <strong>1172<\/strong><br \/>(-22 for losing)\n|l|\u2606innerlake520\n","uploadtime":1699938219,"views":4,"p1id":"awsl357","p2id":"innerlake520","formatid":"gen9nationaldex","rating":1172,"private":0,"password":""}