{"id":"gen9nationaldex-1987650660","p1":"Tpd le Spew","p2":"Viroillus","format":"[Gen 9] National Dex","log":"|j|\u2606Tpd le Spew\n|j|\u2606Viroillus\n|t:|1699624030\n|gametype|singles\n|player|p1|Tpd le Spew|drayden|1596\n|player|p2|Viroillus|n|1560\n|teamsize|p1|6\n|teamsize|p2|6\n|gen|9\n|tier|[Gen 9] National Dex\n|rated|\n|rule|HP Percentage Mod: HP is shown in percentages\n|rule|Endless Battle Clause: Forcing endless battles is banned\n|rule|OHKO Clause: OHKO moves are banned\n|rule|Evasion Clause: Evasion abilities, items, and moves are banned\n|rule|Evasion Abilities Clause: Evasion abilities are banned\n|rule|Evasion Items Clause: Evasion items are banned\n|rule|Evasion Moves Clause: Evasion moves are banned\n|rule|Species Clause: Limit one of each Pok\u00e9mon\n|rule|Sleep Clause Mod: Limit one foe put to sleep\n|clearpoke\n|poke|p1|Raikou|\n|poke|p1|Entei|\n|poke|p1|Suicune|\n|poke|p1|Celebi|\n|poke|p1|Tyranitar, M|\n|poke|p1|Skarmory, F|\n|poke|p2|Moltres-Galar|\n|poke|p2|Medicham, F|\n|poke|p2|Sneasler, M|\n|poke|p2|Corviknight, F|\n|poke|p2|Clodsire, F|\n|poke|p2|Skeledirge, F|\n|teampreview\n|c|\u2606Tpd le Spew|Glhf man\n|\n|t:|1699624096\n|start\n|switch|p1a: Rock|Tyranitar, M, shiny|100\/100\n|switch|p2a: Sneasler|Sneasler, M|100\/100\n|-weather|Sandstorm|[from] ability: Sand Stream|[of] p1a: Rock\n|turn|1\n|\n|t:|1699624121\n|switch|p1a: Paper|Celebi|100\/100\n|move|p2a: Sneasler|Fake Out|p1a: Paper\n|-damage|p1a: Paper|92\/100\n|\n|-weather|Sandstorm|[upkeep]\n|-damage|p2a: Sneasler|95\/100|[from] Sandstorm\n|-damage|p1a: Paper|86\/100|[from] Sandstorm\n|-heal|p1a: Paper|92\/100|[from] item: Leftovers\n|upkeep\n|turn|2\n|\n|t:|1699624131\n|move|p2a: Sneasler|U-turn|p1a: Paper\n|-supereffective|p1a: Paper\n|-damage|p1a: Paper|26\/100\n|-status|p1a: Paper|psn|[from] ability: Poison Touch|[of] p2a: Sneasler\n|\n|t:|1699624154\n|switch|p2a: Skeledirge|Skeledirge, F|100\/100|[from] U-turn\n|move|p1a: Paper|Psychic|p2a: Skeledirge\n|-damage|p2a: Skeledirge|70\/100\n|\n|-weather|Sandstorm|[upkeep]\n|-damage|p1a: Paper|20\/100 psn|[from] Sandstorm\n|-damage|p2a: Skeledirge|64\/100|[from] Sandstorm\n|-heal|p1a: Paper|26\/100 psn|[from] item: Leftovers\n|-heal|p2a: Skeledirge|70\/100|[from] item: Leftovers\n|-damage|p1a: Paper|14\/100 psn|[from] psn\n|upkeep\n|turn|3\n|\n|t:|1699624168\n|move|p1a: Paper|Rest|p1a: Paper\n|-status|p1a: Paper|slp|[from] move: Rest\n|-heal|p1a: Paper|100\/100 slp|[silent]\n|move|p2a: Skeledirge|Hex|p1a: Paper\n|-supereffective|p1a: Paper\n|-damage|p1a: Paper|23\/100 slp\n|\n|-weather|Sandstorm|[upkeep]\n|-damage|p1a: Paper|17\/100 slp|[from] Sandstorm\n|-damage|p2a: Skeledirge|64\/100|[from] Sandstorm\n|-heal|p1a: Paper|23\/100 slp|[from] item: Leftovers\n|-heal|p2a: Skeledirge|70\/100|[from] item: Leftovers\n|upkeep\n|turn|4\n|\n|t:|1699624174\n|-curestatus|p1a: Paper|slp|[from] ability: Natural Cure\n|switch|p1a: Rock|Tyranitar, M, shiny|100\/100\n|move|p2a: Skeledirge|Hex|p1a: Rock\n|-resisted|p1a: Rock\n|-damage|p1a: Rock|95\/100\n|\n|-weather|Sandstorm|[upkeep]\n|-damage|p2a: Skeledirge|64\/100|[from] Sandstorm\n|-heal|p2a: Skeledirge|70\/100|[from] item: Leftovers\n|-heal|p1a: Rock|100\/100|[from] item: Leftovers\n|upkeep\n|turn|5\n|\n|t:|1699624188\n|move|p2a: Skeledirge|Will-O-Wisp|p1a: Rock\n|-status|p1a: Rock|brn\n|move|p1a: Rock|Pursuit|p2a: Skeledirge\n|-supereffective|p2a: Skeledirge\n|-damage|p2a: Skeledirge|58\/100\n|\n|-weather|none\n|-heal|p2a: Skeledirge|64\/100|[from] item: Leftovers\n|-damage|p1a: Rock|94\/100 brn|[from] brn\n|upkeep\n|turn|6\n|\n|t:|1699624194\n|move|p2a: Skeledirge|Slack Off|p2a: Skeledirge\n|-heal|p2a: Skeledirge|100\/100\n|move|p1a: Rock|Stealth Rock|p2a: Skeledirge\n|-sidestart|p2: Viroillus|move: Stealth Rock\n|\n|-heal|p1a: Rock|100\/100 brn|[from] item: Leftovers\n|-damage|p1a: Rock|94\/100 brn|[from] brn\n|upkeep\n|turn|7\n|\n|t:|1699624202\n|switch|p1a: Simba|Entei, shiny|100\/100\n|-ability|p1a: Simba|Pressure\n|move|p2a: Skeledirge|Torch Song|p1a: Simba\n|-resisted|p1a: Simba\n|-damage|p1a: Simba|90\/100\n|-boost|p2a: Skeledirge|spa|1\n|\n|-heal|p1a: Simba|97\/100|[from] item: Leftovers\n|upkeep\n|turn|8\n|\n|t:|1699624227\n|switch|p1a: Moose|Suicune, shiny|100\/100\n|-ability|p1a: Moose|Pressure\n|move|p2a: Skeledirge|Torch Song|p1a: Moose\n|-resisted|p1a: Moose\n|-damage|p1a: Moose|85\/100\n|-boost|p2a: Skeledirge|spa|1\n|\n|-heal|p1a: Moose|91\/100|[from] item: Leftovers\n|upkeep\n|turn|9\n|\n|t:|1699624245\n|switch|p2a: Sneasler|Sneasler, M|95\/100\n|-damage|p2a: Sneasler|89\/100|[from] Stealth Rock\n|move|p1a: Moose|Substitute|p1a: Moose\n|-start|p1a: Moose|Substitute\n|-damage|p1a: Moose|66\/100\n|\n|-heal|p1a: Moose|72\/100|[from] item: Leftovers\n|upkeep\n|turn|10\n|\n|t:|1699624252\n|move|p2a: Sneasler|Dire Claw|p1a: Moose\n|-activate|p1a: Moose|move: Substitute|[damage]\n|move|p1a: Moose|Scald|p2a: Sneasler\n|-damage|p2a: Sneasler|67\/100\n|\n|-heal|p1a: Moose|78\/100|[from] item: Leftovers\n|upkeep\n|turn|11\n|\n|t:|1699624271\n|move|p2a: Sneasler|U-turn|p1a: Moose\n|-end|p1a: Moose|Substitute\n|\n|t:|1699624291\n|switch|p2a: Moltres|Moltres-Galar|100\/100|[from] U-turn\n|-damage|p2a: Moltres|76\/100|[from] Stealth Rock\n|move|p1a: Moose|Scald|p2a: Moltres\n|-damage|p2a: Moltres|55\/100\n|\n|-heal|p1a: Moose|85\/100|[from] item: Leftovers\n|upkeep\n|turn|12\n|\n|t:|1699624299\n|move|p2a: Moltres|Agility|p2a: Moltres\n|-boost|p2a: Moltres|spe|2\n|move|p1a: Moose|Calm Mind|p1a: Moose\n|-boost|p1a: Moose|spa|1\n|-boost|p1a: Moose|spd|1\n|\n|-heal|p1a: Moose|91\/100|[from] item: Leftovers\n|upkeep\n|turn|13\n|\n|t:|1699624307\n|move|p2a: Moltres|Nasty Plot|p2a: Moltres\n|-boost|p2a: Moltres|spa|2\n|move|p1a: Moose|Calm Mind|p1a: Moose\n|-boost|p1a: Moose|spa|1\n|-boost|p1a: Moose|spd|1\n|\n|-heal|p1a: Moose|97\/100|[from] item: Leftovers\n|upkeep\n|turn|14\n|\n|t:|1699624314\n|move|p2a: Moltres|Nasty Plot|p2a: Moltres\n|-boost|p2a: Moltres|spa|2\n|move|p1a: Moose|Calm Mind|p1a: Moose\n|-boost|p1a: Moose|spa|1\n|-boost|p1a: Moose|spd|1\n|\n|-heal|p1a: Moose|100\/100|[from] item: Leftovers\n|upkeep\n|turn|15\n|\n|t:|1699624326\n|move|p2a: Moltres|Air Slash|p1a: Moose\n|-crit|p1a: Moose\n|-damage|p1a: Moose|0 fnt\n|faint|p1a: Moose\n|\n|upkeep\n|c|\u2606Tpd le Spew|Ouch\n|\n|t:|1699624335\n|switch|p1a: Rock|Tyranitar, M, shiny|94\/100 brn\n|-weather|Sandstorm|[from] ability: Sand Stream|[of] p1a: Rock\n|turn|16\n|\n|t:|1699624339\n|move|p2a: Moltres|Fiery Wrath|p1a: Rock\n|-resisted|p1a: Rock\n|-damage|p1a: Rock|68\/100 brn\n|move|p1a: Rock|Roar|p2a: Moltres\n|drag|p2a: Clodsire|Clodsire, F|100\/100\n|-damage|p2a: Clodsire|94\/100|[from] Stealth Rock\n|\n|-weather|Sandstorm|[upkeep]\n|-heal|p1a: Rock|74\/100 brn|[from] item: Leftovers\n|-heal|p2a: Clodsire|100\/100|[from] item: Black Sludge\n|-damage|p1a: Rock|68\/100 brn|[from] brn\n|upkeep\n|turn|17\n|\n|t:|1699624346\n|switch|p1a: Scissors|Skarmory, F, shiny|100\/100\n|move|p2a: Clodsire|Earthquake|p1a: Scissors\n|-immune|p1a: Scissors\n|\n|-weather|Sandstorm|[upkeep]\n|upkeep\n|turn|18\n|\n|t:|1699624353\n|switch|p2a: Corviknight|Corviknight, F|100\/100\n|-damage|p2a: Corviknight|88\/100|[from] Stealth Rock\n|-ability|p2a: Corviknight|Pressure\n|move|p1a: Scissors|Spikes|p2a: Corviknight\n|-sidestart|p2: Viroillus|Spikes\n|\n|-weather|Sandstorm|[upkeep]\n|upkeep\n|turn|19\n|\n|t:|1699624357\n|switch|p1a: Kubo|Raikou, shiny|100\/100\n|-ability|p1a: Kubo|Pressure\n|move|p2a: Corviknight|Defog|p1a: Kubo\n|-unboost|p1a: Kubo|evasion|1\n|-sideend|p2: Viroillus|Spikes|[from] move: Defog|[of] p2a: Corviknight\n|-sideend|p2: Viroillus|Stealth Rock|[from] move: Defog|[of] p2a: Corviknight\n|\n|-weather|Sandstorm|[upkeep]\n|-damage|p1a: Kubo|94\/100|[from] Sandstorm\n|-heal|p1a: Kubo|100\/100|[from] item: Leftovers\n|upkeep\n|turn|20\n|\n|t:|1699624365\n|switch|p2a: Clodsire|Clodsire, F|100\/100\n|move|p1a: Kubo|Substitute|p1a: Kubo\n|-start|p1a: Kubo|Substitute\n|-damage|p1a: Kubo|76\/100\n|\n|-weather|none\n|-heal|p1a: Kubo|82\/100|[from] item: Leftovers\n|upkeep\n|turn|21\n|\n|t:|1699624386\n|move|p1a: Kubo|Protect|p1a: Kubo\n|-singleturn|p1a: Kubo|Protect\n|move|p2a: Clodsire|Earthquake|p1a: Kubo\n|-activate|p1a: Kubo|move: Protect\n|\n|-heal|p1a: Kubo|88\/100|[from] item: Leftovers\n|upkeep\n|turn|22\n|\n|t:|1699624391\n|move|p1a: Kubo|Calm Mind|p1a: Kubo\n|-boost|p1a: Kubo|spa|1\n|-boost|p1a: Kubo|spd|1\n|move|p2a: Clodsire|Earthquake|p1a: Kubo\n|-supereffective|p1a: Kubo\n|-end|p1a: Kubo|Substitute\n|\n|-heal|p1a: Kubo|94\/100|[from] item: Leftovers\n|upkeep\n|turn|23\n|\n|t:|1699624406\n|move|p1a: Kubo|Substitute|p1a: Kubo\n|-start|p1a: Kubo|Substitute\n|-damage|p1a: Kubo|69\/100\n|move|p2a: Clodsire|Earthquake|p1a: Kubo\n|-supereffective|p1a: Kubo\n|-end|p1a: Kubo|Substitute\n|\n|-heal|p1a: Kubo|76\/100|[from] item: Leftovers\n|upkeep\n|turn|24\n|\n|t:|1699624410\n|move|p1a: Kubo|Protect|p1a: Kubo\n|-singleturn|p1a: Kubo|Protect\n|move|p2a: Clodsire|Earthquake|p1a: Kubo\n|-activate|p1a: Kubo|move: Protect\n|\n|-heal|p1a: Kubo|82\/100|[from] item: Leftovers\n|upkeep\n|turn|25\n|\n|t:|1699624415\n|move|p1a: Kubo|Substitute|p1a: Kubo\n|-start|p1a: Kubo|Substitute\n|-damage|p1a: Kubo|57\/100\n|move|p2a: Clodsire|Earthquake|p1a: Kubo\n|-supereffective|p1a: Kubo\n|-end|p1a: Kubo|Substitute\n|\n|-heal|p1a: Kubo|63\/100|[from] item: Leftovers\n|upkeep\n|turn|26\n|j| spidercookie\n|\n|t:|1699624437\n|switch|p2a: Medicham|Medicham, F|100\/100\n|move|p1a: Kubo|Substitute|p1a: Kubo\n|-start|p1a: Kubo|Substitute\n|-damage|p1a: Kubo|38\/100\n|\n|-heal|p1a: Kubo|44\/100|[from] item: Leftovers\n|upkeep\n|turn|27\n|\n|t:|1699624445\n|detailschange|p2a: Medicham|Medicham-Mega, F\n|-mega|p2a: Medicham|Medicham|Medichamite\n|move|p1a: Kubo|Protect|p1a: Kubo\n|-singleturn|p1a: Kubo|Protect\n|move|p2a: Medicham|Zen Headbutt|p1a: Kubo\n|-activate|p1a: Kubo|move: Protect\n|\n|-heal|p1a: Kubo|51\/100|[from] item: Leftovers\n|upkeep\n|turn|28\n|\n|t:|1699624463\n|move|p1a: Kubo|Scald|p2a: Medicham\n|-damage|p2a: Medicham|53\/100\n|move|p2a: Medicham|Zen Headbutt|p1a: Kubo\n|-end|p1a: Kubo|Substitute\n|\n|-heal|p1a: Kubo|57\/100|[from] item: Leftovers\n|upkeep\n|turn|29\n|\n|t:|1699624491\n|switch|p2a: Skeledirge|Skeledirge, F|100\/100\n|move|p1a: Kubo|Protect||[still]\n|-fail|p1a: Kubo\n|\n|-heal|p1a: Kubo|63\/100|[from] item: Leftovers\n|upkeep\n|turn|30\n|\n|t:|1699624503\n|move|p1a: Kubo|Protect|p1a: Kubo\n|-singleturn|p1a: Kubo|Protect\n|move|p2a: Skeledirge|Torch Song|p1a: Kubo\n|-activate|p1a: Kubo|move: Protect\n|\n|-heal|p1a: Kubo|69\/100|[from] item: Leftovers\n|upkeep\n|turn|31\n|\n|t:|1699624510\n|move|p1a: Kubo|Substitute|p1a: Kubo\n|-start|p1a: Kubo|Substitute\n|-damage|p1a: Kubo|44\/100\n|move|p2a: Skeledirge|Torch Song|p1a: Kubo\n|-damage|p1a: Kubo|18\/100\n|-boost|p2a: Skeledirge|spa|1\n|\n|-heal|p1a: Kubo|24\/100|[from] item: Leftovers\n|upkeep\n|turn|32\n|\n|t:|1699624516\n|move|p1a: Kubo|Protect|p1a: Kubo\n|-singleturn|p1a: Kubo|Protect\n|move|p2a: Skeledirge|Torch Song|p1a: Kubo\n|-activate|p1a: Kubo|move: Protect\n|\n|-heal|p1a: Kubo|30\/100|[from] item: Leftovers\n|upkeep\n|turn|33\n|\n|t:|1699624530\n|move|p1a: Kubo|Calm Mind|p1a: Kubo\n|-boost|p1a: Kubo|spa|1\n|-boost|p1a: Kubo|spd|1\n|move|p2a: Skeledirge|Torch Song|p1a: Kubo\n|-damage|p1a: Kubo|0 fnt\n|-boost|p2a: Skeledirge|spa|1\n|faint|p1a: Kubo\n|\n|upkeep\n|\n|t:|1699624539\n|switch|p1a: Rock|Tyranitar, M, shiny|68\/100 brn\n|-weather|Sandstorm|[from] ability: Sand Stream|[of] p1a: Rock\n|turn|34\n|\n|t:|1699624550\n|switch|p2a: Corviknight|Corviknight, F|88\/100\n|-ability|p2a: Corviknight|Pressure\n|move|p1a: Rock|Roar|p2a: Corviknight\n|drag|p2a: Sneasler|Sneasler, M|67\/100\n|\n|-weather|Sandstorm|[upkeep]\n|-damage|p2a: Sneasler|61\/100|[from] Sandstorm\n|-heal|p1a: Rock|74\/100 brn|[from] item: Leftovers\n|-damage|p1a: Rock|68\/100 brn|[from] brn\n|upkeep\n|turn|35\n|\n|t:|1699624557\n|switch|p1a: Scissors|Skarmory, F, shiny|100\/100\n|move|p2a: Sneasler|Fake Out|p1a: Scissors\n|-resisted|p1a: Scissors\n|-crit|p1a: Scissors\n|-damage|p1a: Scissors|94\/100\n|-damage|p2a: Sneasler|44\/100|[from] item: Rocky Helmet|[of] p1a: Scissors\n|\n|-weather|Sandstorm|[upkeep]\n|-damage|p2a: Sneasler|38\/100|[from] Sandstorm\n|upkeep\n|turn|36\n|\n|t:|1699624591\n|move|p2a: Sneasler|Close Combat|p1a: Scissors\n|-damage|p1a: Scissors|59\/100\n|-unboost|p2a: Sneasler|def|1\n|-unboost|p2a: Sneasler|spd|1\n|-damage|p2a: Sneasler|22\/100|[from] item: Rocky Helmet|[of] p1a: Scissors\n|move|p1a: Scissors|Spikes|p2a: Sneasler\n|-sidestart|p2: Viroillus|Spikes\n|\n|-weather|Sandstorm|[upkeep]\n|-damage|p2a: Sneasler|16\/100|[from] Sandstorm\n|upkeep\n|turn|37\n|\n|t:|1699624596\n|move|p2a: Sneasler|Close Combat|p1a: Scissors\n|-damage|p1a: Scissors|23\/100\n|-unboost|p2a: Sneasler|def|1\n|-unboost|p2a: Sneasler|spd|1\n|-damage|p2a: Sneasler|0 fnt|[from] item: Rocky Helmet|[of] p1a: Scissors\n|faint|p2a: Sneasler\n|move|p1a: Scissors|Roost|p1a: Scissors\n|-heal|p1a: Scissors|73\/100\n|-singleturn|p1a: Scissors|move: Roost\n|\n|-weather|Sandstorm|[upkeep]\n|upkeep\n|\n|t:|1699624606\n|switch|p2a: Moltres|Moltres-Galar|55\/100\n|turn|38\n|\n|t:|1699624611\n|switch|p1a: Rock|Tyranitar, M, shiny|68\/100 brn\n|move|p2a: Moltres|Nasty Plot|p2a: Moltres\n|-boost|p2a: Moltres|spa|2\n|\n|-weather|none\n|-heal|p1a: Rock|74\/100 brn|[from] item: Leftovers\n|-damage|p1a: Rock|68\/100 brn|[from] brn\n|upkeep\n|turn|39\n|\n|t:|1699624618\n|move|p2a: Moltres|Agility|p2a: Moltres\n|-boost|p2a: Moltres|spe|2\n|move|p1a: Rock|Stealth Rock|p2a: Moltres\n|-sidestart|p2: Viroillus|move: Stealth Rock\n|\n|-heal|p1a: Rock|74\/100 brn|[from] item: Leftovers\n|-damage|p1a: Rock|68\/100 brn|[from] brn\n|upkeep\n|turn|40\n|\n|t:|1699624626\n|move|p2a: Moltres|Fiery Wrath|p1a: Rock\n|-resisted|p1a: Rock\n|-damage|p1a: Rock|41\/100 brn\n|move|p1a: Rock|Roar|p2a: Moltres\n|drag|p2a: Skeledirge|Skeledirge, F|100\/100\n|-damage|p2a: Skeledirge|88\/100|[from] Spikes\n|-damage|p2a: Skeledirge|63\/100|[from] Stealth Rock\n|\n|-heal|p2a: Skeledirge|69\/100|[from] item: Leftovers\n|-heal|p1a: Rock|47\/100 brn|[from] item: Leftovers\n|-damage|p1a: Rock|41\/100 brn|[from] brn\n|upkeep\n|turn|41\n|\n|t:|1699624635\n|move|p2a: Skeledirge|Torch Song|p1a: Rock\n|-resisted|p1a: Rock\n|-damage|p1a: Rock|32\/100 brn\n|-boost|p2a: Skeledirge|spa|1\n|move|p1a: Rock|Rest|p1a: Rock\n|-status|p1a: Rock|slp|[from] move: Rest\n|-heal|p1a: Rock|100\/100 slp|[silent]\n|\n|-heal|p2a: Skeledirge|75\/100|[from] item: Leftovers\n|upkeep\n|turn|42\n|\n|t:|1699624643\n|switch|p2a: Corviknight|Corviknight, F|88\/100\n|-damage|p2a: Corviknight|75\/100|[from] Stealth Rock\n|-ability|p2a: Corviknight|Pressure\n|switch|p1a: Simba|Entei, shiny|97\/100\n|-ability|p1a: Simba|Pressure\n|\n|-heal|p1a: Simba|100\/100|[from] item: Leftovers\n|upkeep\n|turn|43\n|\n|t:|1699624650\n|move|p1a: Simba|Curse|p1a: Simba\n|-unboost|p1a: Simba|spe|1\n|-boost|p1a: Simba|atk|1\n|-boost|p1a: Simba|def|1\n|move|p2a: Corviknight|Defog|p1a: Simba\n|-unboost|p1a: Simba|evasion|1\n|-sideend|p2: Viroillus|Spikes|[from] move: Defog|[of] p2a: Corviknight\n|-sideend|p2: Viroillus|Stealth Rock|[from] move: Defog|[of] p2a: Corviknight\n|\n|upkeep\n|turn|44\n|\n|t:|1699624668\n|switch|p2a: Skeledirge|Skeledirge, F|75\/100\n|move|p1a: Simba|Curse|p1a: Simba\n|-unboost|p1a: Simba|spe|1\n|-boost|p1a: Simba|atk|1\n|-boost|p1a: Simba|def|1\n|\n|-heal|p2a: Skeledirge|81\/100|[from] item: Leftovers\n|upkeep\n|turn|45\n|\n|t:|1699624678\n|move|p2a: Skeledirge|Hex|p1a: Simba\n|-damage|p1a: Simba|84\/100\n|move|p1a: Simba|Curse|p1a: Simba\n|-unboost|p1a: Simba|spe|1\n|-boost|p1a: Simba|atk|1\n|-boost|p1a: Simba|def|1\n|\n|-heal|p2a: Skeledirge|87\/100|[from] item: Leftovers\n|-heal|p1a: Simba|90\/100|[from] item: Leftovers\n|upkeep\n|turn|46\n|\n|t:|1699624686\n|move|p2a: Skeledirge|Torch Song|p1a: Simba\n|-resisted|p1a: Simba\n|-damage|p1a: Simba|80\/100\n|-boost|p2a: Skeledirge|spa|1\n|move|p1a: Simba|Curse|p1a: Simba\n|-unboost|p1a: Simba|spe|1\n|-boost|p1a: Simba|atk|1\n|-boost|p1a: Simba|def|1\n|\n|-heal|p2a: Skeledirge|93\/100|[from] item: Leftovers\n|-heal|p1a: Simba|86\/100|[from] item: Leftovers\n|upkeep\n|turn|47\n|\n|t:|1699624693\n|move|p2a: Skeledirge|Torch Song|p1a: Simba\n|-resisted|p1a: Simba\n|-damage|p1a: Simba|69\/100\n|-boost|p2a: Skeledirge|spa|1\n|move|p1a: Simba|Curse|p1a: Simba\n|-unboost|p1a: Simba|spe|1\n|-boost|p1a: Simba|atk|1\n|-boost|p1a: Simba|def|1\n|\n|-heal|p2a: Skeledirge|99\/100|[from] item: Leftovers\n|-heal|p1a: Simba|76\/100|[from] item: Leftovers\n|upkeep\n|turn|48\n|\n|t:|1699624697\n|switch|p1a: Rock|Tyranitar, M, shiny|100\/100 slp\n|-weather|Sandstorm|[from] ability: Sand Stream|[of] p1a: Rock\n|move|p2a: Skeledirge|Hex|p1a: Rock\n|-resisted|p1a: Rock\n|-damage|p1a: Rock|80\/100 slp\n|\n|-weather|Sandstorm|[upkeep]\n|-damage|p2a: Skeledirge|93\/100|[from] Sandstorm\n|-heal|p2a: Skeledirge|99\/100|[from] item: Leftovers\n|-heal|p1a: Rock|87\/100 slp|[from] item: Leftovers\n|upkeep\n|turn|49\n|\n|t:|1699624702\n|move|p2a: Skeledirge|Hex|p1a: Rock\n|-resisted|p1a: Rock\n|-damage|p1a: Rock|67\/100 slp\n|cant|p1a: Rock|slp\n|\n|-weather|Sandstorm|[upkeep]\n|-damage|p2a: Skeledirge|93\/100|[from] Sandstorm\n|-heal|p2a: Skeledirge|99\/100|[from] item: Leftovers\n|-heal|p1a: Rock|73\/100 slp|[from] item: Leftovers\n|upkeep\n|turn|50\n|\n|t:|1699624706\n|move|p2a: Skeledirge|Hex|p1a: Rock\n|-resisted|p1a: Rock\n|-damage|p1a: Rock|55\/100 slp\n|cant|p1a: Rock|slp\n|\n|-weather|Sandstorm|[upkeep]\n|-damage|p2a: Skeledirge|93\/100|[from] Sandstorm\n|-heal|p2a: Skeledirge|99\/100|[from] item: Leftovers\n|-heal|p1a: Rock|61\/100 slp|[from] item: Leftovers\n|upkeep\n|turn|51\n|\n|t:|1699624714\n|move|p2a: Skeledirge|Hex|p1a: Rock\n|-resisted|p1a: Rock\n|-damage|p1a: Rock|40\/100 slp\n|-curestatus|p1a: Rock|slp|[msg]\n|move|p1a: Rock|Roar|p2a: Skeledirge\n|drag|p2a: Clodsire|Clodsire, F|100\/100\n|\n|-weather|Sandstorm|[upkeep]\n|-heal|p1a: Rock|46\/100|[from] item: Leftovers\n|upkeep\n|turn|52\n|\n|t:|1699624723\n|switch|p1a: Scissors|Skarmory, F, shiny|73\/100\n|move|p2a: Clodsire|Stealth Rock|p1a: Scissors\n|-sidestart|p1: Tpd le Spew|move: Stealth Rock\n|\n|-weather|none\n|upkeep\n|turn|53\n|\n|t:|1699624728\n|switch|p2a: Moltres|Moltres-Galar|55\/100\n|move|p1a: Scissors|Defog|p2a: Moltres\n|-unboost|p2a: Moltres|evasion|1\n|-sideend|p1: Tpd le Spew|Stealth Rock|[from] move: Defog|[of] p1a: Scissors\n|\n|upkeep\n|turn|54\n|\n|t:|1699624733\n|switch|p1a: Rock|Tyranitar, M, shiny|46\/100\n|-weather|Sandstorm|[from] ability: Sand Stream|[of] p1a: Rock\n|move|p2a: Moltres|Nasty Plot|p2a: Moltres\n|-boost|p2a: Moltres|spa|2\n|\n|-weather|Sandstorm|[upkeep]\n|-damage|p2a: Moltres|49\/100|[from] Sandstorm\n|-heal|p1a: Rock|52\/100|[from] item: Leftovers\n|upkeep\n|turn|55\n|\n|t:|1699624747\n|move|p2a: Moltres|Fiery Wrath|p1a: Rock\n|-resisted|p1a: Rock\n|-damage|p1a: Rock|36\/100\n|move|p1a: Rock|Roar|p2a: Moltres\n|drag|p2a: Medicham|Medicham-Mega, F|53\/100\n|\n|-weather|Sandstorm|[upkeep]\n|-damage|p2a: Medicham|47\/100|[from] Sandstorm\n|-heal|p1a: Rock|42\/100|[from] item: Leftovers\n|upkeep\n|turn|56\n|\n|t:|1699624758\n|switch|p1a: Scissors|Skarmory, F, shiny|73\/100\n|move|p2a: Medicham|Close Combat|p1a: Scissors\n|-damage|p1a: Scissors|10\/100\n|-unboost|p2a: Medicham|def|1\n|-unboost|p2a: Medicham|spd|1\n|-damage|p2a: Medicham|31\/100|[from] item: Rocky Helmet|[of] p1a: Scissors\n|\n|-weather|Sandstorm|[upkeep]\n|-damage|p2a: Medicham|25\/100|[from] Sandstorm\n|upkeep\n|turn|57\n|\n|t:|1699624763\n|switch|p1a: Paper|Celebi|23\/100\n|move|p2a: Medicham|Close Combat|p1a: Paper\n|-resisted|p1a: Paper\n|-damage|p1a: Paper|0 fnt\n|-unboost|p2a: Medicham|def|1\n|-unboost|p2a: Medicham|spd|1\n|faint|p1a: Paper\n|\n|-weather|Sandstorm|[upkeep]\n|-damage|p2a: Medicham|18\/100|[from] Sandstorm\n|upkeep\n|\n|t:|1699624766\n|switch|p1a: Simba|Entei, shiny|76\/100\n|-ability|p1a: Simba|Pressure\n|turn|58\n|\n|t:|1699624772\n|move|p1a: Simba|Extreme Speed|p2a: Medicham\n|-damage|p2a: Medicham|0 fnt\n|faint|p2a: Medicham\n|\n|-weather|none\n|-heal|p1a: Simba|82\/100|[from] item: Leftovers\n|upkeep\n|\n|t:|1699624779\n|switch|p2a: Corviknight|Corviknight, F|75\/100\n|-ability|p2a: Corviknight|Pressure\n|turn|59\n|\n|t:|1699624782\n|move|p1a: Simba|Curse|p1a: Simba\n|-unboost|p1a: Simba|spe|1\n|-boost|p1a: Simba|atk|1\n|-boost|p1a: Simba|def|1\n|move|p2a: Corviknight|Iron Defense|p2a: Corviknight\n|-boost|p2a: Corviknight|def|2\n|\n|-heal|p1a: Simba|88\/100|[from] item: Leftovers\n|upkeep\n|turn|60\n|\n|t:|1699624790\n|move|p1a: Simba|Curse|p1a: Simba\n|-unboost|p1a: Simba|spe|1\n|-boost|p1a: Simba|atk|1\n|-boost|p1a: Simba|def|1\n|move|p2a: Corviknight|Iron Defense|p2a: Corviknight\n|-boost|p2a: Corviknight|def|2\n|\n|-heal|p1a: Simba|94\/100|[from] item: Leftovers\n|upkeep\n|turn|61\n|\n|t:|1699624811\n|move|p2a: Corviknight|Iron Defense|p2a: Corviknight\n|-boost|p2a: Corviknight|def|2\n|move|p1a: Simba|Curse|p1a: Simba\n|-unboost|p1a: Simba|spe|1\n|-boost|p1a: Simba|atk|1\n|-boost|p1a: Simba|def|1\n|\n|-heal|p1a: Simba|100\/100|[from] item: Leftovers\n|upkeep\n|turn|62\n|\n|t:|1699624815\n|move|p2a: Corviknight|Body Press|p1a: Simba\n|-crit|p1a: Simba\n|-damage|p1a: Simba|0 fnt\n|faint|p1a: Simba\n|\n|upkeep\n|c|\u2606Tpd le Spew|Ooof\n|c|\u2606Tpd le Spew|Thats twice this match my setup got crit\n|c|\u2606Tpd le Spew|:\/\n|\n|t:|1699624839\n|switch|p1a: Rock|Tyranitar, M, shiny|42\/100\n|-weather|Sandstorm|[from] ability: Sand Stream|[of] p1a: Rock\n|turn|63\n|\n|t:|1699624844\n|-terastallize|p1a: Rock|Ghost\n|move|p2a: Corviknight|Body Press|p1a: Rock\n|-immune|p1a: Rock\n|move|p1a: Rock|Roar|p2a: Corviknight\n|drag|p2a: Skeledirge|Skeledirge, F|99\/100\n|\n|-weather|Sandstorm|[upkeep]\n|-damage|p2a: Skeledirge|93\/100|[from] Sandstorm\n|-damage|p1a: Rock|36\/100|[from] Sandstorm\n|-heal|p2a: Skeledirge|99\/100|[from] item: Leftovers\n|-heal|p1a: Rock|42\/100|[from] item: Leftovers\n|upkeep\n|turn|64\n|\n|t:|1699624855\n|move|p2a: Skeledirge|Will-O-Wisp|p1a: Rock\n|-status|p1a: Rock|brn\n|move|p1a: Rock|Stealth Rock|p2a: Skeledirge\n|-sidestart|p2: Viroillus|move: Stealth Rock\n|\n|-weather|Sandstorm|[upkeep]\n|-damage|p2a: Skeledirge|93\/100|[from] Sandstorm\n|-damage|p1a: Rock|36\/100 brn|[from] Sandstorm\n|-heal|p2a: Skeledirge|99\/100|[from] item: Leftovers\n|-heal|p1a: Rock|42\/100 brn|[from] item: Leftovers\n|-damage|p1a: Rock|36\/100 brn|[from] brn\n|upkeep\n|turn|65\n|\n|t:|1699624861\n|switch|p2a: Corviknight|Corviknight, F|75\/100\n|-damage|p2a: Corviknight|63\/100|[from] Stealth Rock\n|-ability|p2a: Corviknight|Pressure\n|move|p1a: Rock|Rest|p1a: Rock\n|-status|p1a: Rock|slp|[from] move: Rest\n|-heal|p1a: Rock|100\/100 slp|[silent]\n|\n|-weather|Sandstorm|[upkeep]\n|-damage|p1a: Rock|94\/100 slp|[from] Sandstorm\n|-heal|p1a: Rock|100\/100 slp|[from] item: Leftovers\n|upkeep\n|turn|66\n|\n|t:|1699624868\n|switch|p1a: Scissors|Skarmory, F, shiny|10\/100\n|move|p2a: Corviknight|Defog|p1a: Scissors\n|-unboost|p1a: Scissors|evasion|1\n|-sideend|p2: Viroillus|Stealth Rock|[from] move: Defog|[of] p2a: Corviknight\n|\n|-weather|Sandstorm|[upkeep]\n|upkeep\n|turn|67\n|\n|t:|1699624871\n|move|p1a: Scissors|Roost|p1a: Scissors\n|-heal|p1a: Scissors|60\/100\n|-singleturn|p1a: Scissors|move: Roost\n|move|p2a: Corviknight|Body Press|p1a: Scissors\n|-supereffective|p1a: Scissors\n|-damage|p1a: Scissors|29\/100\n|-damage|p2a: Corviknight|46\/100|[from] item: Rocky Helmet|[of] p1a: Scissors\n|\n|-weather|none\n|upkeep\n|turn|68\n|\n|t:|1699624875\n|move|p1a: Scissors|Roost|p1a: Scissors\n|-heal|p1a: Scissors|79\/100\n|-singleturn|p1a: Scissors|move: Roost\n|move|p2a: Corviknight|Roost|p2a: Corviknight\n|-heal|p2a: Corviknight|96\/100\n|-singleturn|p2a: Corviknight|move: Roost\n|\n|upkeep\n|turn|69\n|\n|t:|1699624883\n|move|p1a: Scissors|Spikes|p2a: Corviknight\n|-sidestart|p2: Viroillus|Spikes\n|move|p2a: Corviknight|Iron Defense|p2a: Corviknight\n|-boost|p2a: Corviknight|def|2\n|\n|upkeep\n|turn|70\n|\n|t:|1699624888\n|switch|p2a: Moltres|Moltres-Galar|49\/100\n|move|p1a: Scissors|Whirlwind|p2a: Moltres\n|drag|p2a: Skeledirge|Skeledirge, F|99\/100\n|-damage|p2a: Skeledirge|87\/100|[from] Spikes\n|\n|-heal|p2a: Skeledirge|93\/100|[from] item: Leftovers\n|upkeep\n|turn|71\n|\n|t:|1699624891\n|switch|p1a: Rock|Tyranitar, M, shiny, tera:Ghost|100\/100 slp\n|-weather|Sandstorm|[from] ability: Sand Stream|[of] p1a: Rock\n|move|p2a: Skeledirge|Will-O-Wisp||[still]\n|-fail|p2a: Skeledirge\n|\n|-weather|Sandstorm|[upkeep]\n|-damage|p2a: Skeledirge|87\/100|[from] Sandstorm\n|-damage|p1a: Rock|94\/100 slp|[from] Sandstorm\n|-heal|p2a: Skeledirge|93\/100|[from] item: Leftovers\n|-heal|p1a: Rock|100\/100 slp|[from] item: Leftovers\n|upkeep\n|turn|72\n|\n|t:|1699624896\n|move|p2a: Skeledirge|Hex|p1a: Rock\n|-supereffective|p1a: Rock\n|-damage|p1a: Rock|40\/100 slp\n|cant|p1a: Rock|slp\n|\n|-weather|Sandstorm|[upkeep]\n|-damage|p2a: Skeledirge|87\/100|[from] Sandstorm\n|-damage|p1a: Rock|33\/100 slp|[from] Sandstorm\n|-heal|p2a: Skeledirge|93\/100|[from] item: Leftovers\n|-heal|p1a: Rock|40\/100 slp|[from] item: Leftovers\n|upkeep\n|turn|73\n|c|\u2606Tpd le Spew|Gg\n|-message|Tpd le Spew forfeited.\n|\n|win|Viroillus\n|raw|Tpd le Spew's rating: 1596 &rarr; <strong>1574<\/strong><br \/>(-22 for losing)\n|raw|Viroillus's rating: 1560 &rarr; <strong>1582<\/strong><br \/>(+22 for winning)\n|l|\u2606Viroillus\n|l| spidercookie\n","uploadtime":1699624942,"views":8,"p1id":"tpdlespew","p2id":"viroillus","formatid":"gen9nationaldex","rating":1574,"private":0,"password":""}