{"id":"gen9nationaldex-1987645479","p1":"Lampras2008","p2":"Da1ba Nana","format":"[Gen 9] National Dex","log":"|j|\u2606Lampras2008\n|j|\u2606Da1ba Nana\n|t:|1699623468\n|gametype|singles\n|player|p1|Lampras2008|nate|1234\n|player|p2|Da1ba Nana|baker|1176\n|teamsize|p1|6\n|teamsize|p2|6\n|gen|9\n|tier|[Gen 9] National Dex\n|rated|\n|rule|HP Percentage Mod: HP is shown in percentages\n|rule|Endless Battle Clause: Forcing endless battles is banned\n|rule|OHKO Clause: OHKO moves are banned\n|rule|Evasion Clause: Evasion abilities, items, and moves are banned\n|rule|Evasion Abilities Clause: Evasion abilities are banned\n|rule|Evasion Items Clause: Evasion items are banned\n|rule|Evasion Moves Clause: Evasion moves are banned\n|rule|Species Clause: Limit one of each Pok\u00e9mon\n|rule|Sleep Clause Mod: Limit one foe put to sleep\n|clearpoke\n|poke|p1|Latios, M|\n|poke|p1|Gliscor, M|\n|poke|p1|Excadrill, F|\n|poke|p1|Volcarona, F|\n|poke|p1|Alomomola, M|\n|poke|p1|Urshifu-*, F|\n|poke|p2|Slurpuff, F|\n|poke|p2|Aegislash, M|\n|poke|p2|Charizard, M|\n|poke|p2|Flygon, F|\n|poke|p2|Nidoking, M|\n|poke|p2|Milotic, F|\n|teampreview\n|inactive|Battle timer is ON: inactive players will automatically lose when time's up. (requested by Lampras2008)\n|\n|t:|1699623491\n|start\n|switch|p1a: Alomomola|Alomomola, M|100\/100\n|switch|p2a: Charizard|Charizard, M|100\/100\n|turn|1\n|\n|t:|1699623494\n|detailschange|p2a: Charizard|Charizard-Mega-Y, M\n|-mega|p2a: Charizard|Charizard|Charizardite Y\n|-weather|SunnyDay|[from] ability: Drought|[of] p2a: Charizard\n|move|p2a: Charizard|Solar Beam||[still]\n|-prepare|p2a: Charizard|Solar Beam\n|-anim|p2a: Charizard|Solar Beam|p1a: Alomomola\n|-supereffective|p1a: Alomomola\n|-damage|p1a: Alomomola|0 fnt\n|faint|p1a: Alomomola\n|\n|-weather|SunnyDay|[upkeep]\n|upkeep\n|c|\u2606Lampras2008|oh yeah i forgot that\n|\n|t:|1699623510\n|switch|p1a: Gliscor|Gliscor, M|100\/100\n|turn|2\n|\n|t:|1699623514\n|move|p2a: Charizard|Weather Ball|p1a: Gliscor\n|-damage|p1a: Gliscor|0 fnt\n|faint|p1a: Gliscor\n|\n|-weather|SunnyDay|[upkeep]\n|upkeep\n|c|\u2606Lampras2008|what\n|\n|t:|1699623522\n|switch|p1a: Latios|Latios, M|100\/100\n|turn|3\n|\n|t:|1699623531\n|switch|p2a: Aegislash|Aegislash, M|100\/100\n|move|p1a: Latios|Thunderbolt|p2a: Aegislash\n|-damage|p2a: Aegislash|74\/100\n|\n|-weather|SunnyDay|[upkeep]\n|-heal|p2a: Aegislash|80\/100|[from] item: Leftovers\n|upkeep\n|turn|4\n|\n|t:|1699623539\n|-activate|p1a: Latios|move: Pursuit\n|-formechange|p2a: Aegislash|Aegislash-Blade||[from] ability: Stance Change\n|move|p2a: Aegislash|Pursuit|p1a: Latios|[from]Pursuit\n|-supereffective|p1a: Latios\n|-damage|p1a: Latios|11\/100\n|switch|p1a: Volcarona|Volcarona, F|100\/100\n|\n|-weather|SunnyDay|[upkeep]\n|-heal|p2a: Aegislash|87\/100|[from] item: Leftovers\n|upkeep\n|turn|5\n|\n|t:|1699623557\n|switch|p2a: Flygon|Flygon, F|100\/100\n|move|p1a: Volcarona|Quiver Dance|p1a: Volcarona\n|-boost|p1a: Volcarona|spa|1\n|-boost|p1a: Volcarona|spd|1\n|-boost|p1a: Volcarona|spe|1\n|\n|-weather|none\n|upkeep\n|turn|6\n|\n|t:|1699623562\n|-terastallize|p1a: Volcarona|Fairy\n|move|p1a: Volcarona|Tera Blast|p2a: Flygon|[anim] Tera Blast Fairy\n|-supereffective|p2a: Flygon\n|-damage|p2a: Flygon|0 fnt\n|faint|p2a: Flygon\n|\n|upkeep\n|\n|t:|1699623567\n|switch|p2a: Nidoking|Nidoking, M|100\/100\n|turn|7\n|\n|t:|1699623572\n|move|p1a: Volcarona|Fiery Dance|p2a: Nidoking\n|-damage|p2a: Nidoking|16\/100\n|-boost|p1a: Volcarona|spa|1\n|move|p2a: Nidoking|Sludge Bomb|p1a: Volcarona\n|-supereffective|p1a: Volcarona\n|-damage|p1a: Volcarona|18\/100\n|\n|upkeep\n|turn|8\n|\n|t:|1699623578\n|move|p1a: Volcarona|Fiery Dance|p2a: Nidoking\n|-damage|p2a: Nidoking|0 fnt\n|-boost|p1a: Volcarona|spa|1\n|faint|p2a: Nidoking\n|\n|upkeep\n|\n|t:|1699623584\n|switch|p2a: Slurpuff|Slurpuff, F|100\/100\n|turn|9\n|\n|t:|1699623592\n|move|p1a: Volcarona|Bug Buzz|p2a: Slurpuff\n|-resisted|p2a: Slurpuff\n|-enditem|p2a: Slurpuff|Focus Sash\n|-damage|p2a: Slurpuff|1\/100\n|-unboost|p2a: Slurpuff|spd|1\n|move|p2a: Slurpuff|Sticky Web|p1a: Volcarona\n|-sidestart|p1: Lampras2008|move: Sticky Web\n|\n|upkeep\n|turn|10\n|\n|t:|1699623599\n|move|p2a: Slurpuff|Misty Explosion|p1a: Volcarona\n|-damage|p1a: Volcarona|0 fnt\n|faint|p2a: Slurpuff\n|faint|p1a: Volcarona\n|\n|upkeep\n|\n|t:|1699623612\n|switch|p1a: Excadrill|Excadrill, F|100\/100\n|switch|p2a: Charizard|Charizard-Mega-Y, M|100\/100\n|-weather|SunnyDay|[from] ability: Drought|[of] p2a: Charizard\n|-activate|p1a: Excadrill|move: Sticky Web\n|-unboost|p1a: Excadrill|spe|1\n|-ability|p1a: Excadrill|Mold Breaker\n|turn|11\n|\n|t:|1699623615\n|move|p2a: Charizard|Weather Ball|p1a: Excadrill\n|-supereffective|p1a: Excadrill\n|-damage|p1a: Excadrill|0 fnt\n|faint|p1a: Excadrill\n|\n|-weather|SunnyDay|[upkeep]\n|upkeep\n|\n|t:|1699623619\n|switch|p1a: Urshifu|Urshifu-Rapid-Strike, F|100\/100\n|-activate|p1a: Urshifu|move: Sticky Web\n|-unboost|p1a: Urshifu|spe|1\n|turn|12\n|\n|t:|1699623624\n|move|p2a: Charizard|Air Slash|p1a: Urshifu\n|-supereffective|p1a: Urshifu\n|-damage|p1a: Urshifu|0 fnt\n|faint|p1a: Urshifu\n|\n|-weather|SunnyDay|[upkeep]\n|upkeep\n|-message|Lampras2008 forfeited.\n|\n|win|Da1ba Nana\n|raw|Lampras2008's rating: 1234 &rarr; <strong>1205<\/strong><br \/>(-29 for losing)\n|raw|Da1ba Nana's rating: 1176 &rarr; <strong>1205<\/strong><br \/>(+29 for winning)\n|l|\u2606Lampras2008\n","uploadtime":1699623634,"views":5,"p1id":"lampras2008","p2id":"da1banana","formatid":"gen9nationaldex","rating":1205,"private":0,"password":""}