{"id":"gen9nationaldex-1991983320","p1":"mtyqjltz5","p2":"Donato Fallito","format":"[Gen 9] National Dex","log":"|j|\u2606mtyqjltz5\n|j|\u2606Donato Fallito\n|t:|1700144997\n|gametype|singles\n|player|p1|mtyqjltz5|elesa|1397\n|player|p2|Donato Fallito|hiker-gen4|1345\n|teamsize|p1|6\n|teamsize|p2|6\n|gen|9\n|tier|[Gen 9] National Dex\n|rated|\n|rule|HP Percentage Mod: HP is shown in percentages\n|rule|Endless Battle Clause: Forcing endless battles is banned\n|rule|OHKO Clause: OHKO moves are banned\n|rule|Evasion Clause: Evasion abilities, items, and moves are banned\n|rule|Evasion Abilities Clause: Evasion abilities are banned\n|rule|Evasion Items Clause: Evasion items are banned\n|rule|Evasion Moves Clause: Evasion moves are banned\n|rule|Species Clause: Limit one of each Pok\u00e9mon\n|rule|Sleep Clause Mod: Limit one foe put to sleep\n|clearpoke\n|poke|p1|Pidgeot, M|\n|poke|p1|Sandy Shocks|\n|poke|p1|Rillaboom, M|\n|poke|p1|Weezing-Galar, M|\n|poke|p1|Heatran, F|\n|poke|p1|Greninja-*, M|\n|poke|p2|Rhydon, M|\n|poke|p2|Dugtrio, M|\n|poke|p2|Gallade, M|\n|poke|p2|Jirachi|\n|poke|p2|Venusaur, M|\n|poke|p2|Armarouge, M|\n|teampreview\n|inactive|Battle timer is ON: inactive players will automatically lose when time's up. (requested by mtyqjltz5)\n|\n|t:|1700145024\n|start\n|switch|p1a: Pidgeot|Pidgeot, M, shiny|100\/100\n|switch|p2a: CHADllade|Gallade, M|100\/100\n|turn|1\n|\n|t:|1700145032\n|switch|p2a: The REAL creator|Rhydon, M|100\/100\n|detailschange|p1a: Pidgeot|Pidgeot-Mega, M, shiny\n|-mega|p1a: Pidgeot|Pidgeot|Pidgeotite\n|move|p1a: Pidgeot|Hurricane|p2a: The REAL creator\n|-resisted|p2a: The REAL creator\n|-damage|p2a: The REAL creator|73\/100\n|-start|p2a: The REAL creator|confusion\n|\n|upkeep\n|turn|2\n|\n|t:|1700145039\n|move|p1a: Pidgeot|U-turn|p2a: The REAL creator\n|-damage|p2a: The REAL creator|69\/100\n|\n|t:|1700145047\n|switch|p1a: Rillaboom|Rillaboom, M|100\/100|[from] U-turn\n|-fieldstart|move: Grassy Terrain|[from] ability: Grassy Surge|[of] p1a: Rillaboom\n|-activate|p2a: The REAL creator|confusion\n|-damage|p2a: The REAL creator|63\/100|[from] confusion\n|\n|-heal|p2a: The REAL creator|69\/100|[from] Grassy Terrain\n|upkeep\n|turn|3\n|\n|t:|1700145058\n|move|p1a: Rillaboom|Knock Off|p2a: The REAL creator\n|-damage|p2a: The REAL creator|51\/100\n|-enditem|p2a: The REAL creator|Eviolite|[from] move: Knock Off|[of] p1a: Rillaboom\n|-end|p2a: The REAL creator|confusion\n|move|p2a: The REAL creator|Body Press|p1a: Rillaboom\n|-damage|p1a: Rillaboom|71\/100\n|\n|-heal|p1a: Rillaboom|77\/100|[from] Grassy Terrain\n|-heal|p2a: The REAL creator|57\/100|[from] Grassy Terrain\n|upkeep\n|turn|4\n|\n|t:|1700145069\n|switch|p1a: Weezing|Weezing-Galar, M|100\/100\n|move|p2a: The REAL creator|Body Press|p1a: Weezing\n|-resisted|p1a: Weezing\n|-damage|p1a: Weezing|96\/100\n|\n|-heal|p1a: Weezing|100\/100|[from] item: Leftovers\n|-heal|p2a: The REAL creator|63\/100|[from] Grassy Terrain\n|upkeep\n|turn|5\n|\n|t:|1700145088\n|move|p1a: Weezing|Will-O-Wisp|p2a: The REAL creator\n|-status|p2a: The REAL creator|brn\n|move|p2a: The REAL creator|Iron Defense|p2a: The REAL creator\n|-boost|p2a: The REAL creator|def|2\n|\n|-heal|p2a: The REAL creator|69\/100 brn|[from] Grassy Terrain\n|-damage|p2a: The REAL creator|63\/100 brn|[from] brn\n|upkeep\n|turn|6\n|\n|t:|1700145096\n|move|p1a: Weezing|Strange Steam|p2a: The REAL creator\n|-damage|p2a: The REAL creator|19\/100 brn\n|move|p2a: The REAL creator|Iron Defense|p2a: The REAL creator\n|-boost|p2a: The REAL creator|def|2\n|\n|-heal|p2a: The REAL creator|25\/100 brn|[from] Grassy Terrain\n|-damage|p2a: The REAL creator|19\/100 brn|[from] brn\n|-fieldend|move: Grassy Terrain\n|upkeep\n|turn|7\n|\n|t:|1700145102\n|move|p1a: Weezing|Strange Steam|p2a: The REAL creator\n|-damage|p2a: The REAL creator|0 fnt\n|faint|p2a: The REAL creator\n|\n|upkeep\n|\n|t:|1700145104\n|switch|p2a: Mori|Dugtrio, M|100\/100\n|turn|8\n|\n|t:|1700145114\n|move|p2a: Mori|Sunny Day|p2a: Mori\n|-weather|SunnyDay\n|move|p1a: Weezing|Will-O-Wisp|p2a: Mori\n|-status|p2a: Mori|brn\n|\n|-weather|SunnyDay|[upkeep]\n|-damage|p2a: Mori|94\/100 brn|[from] brn\n|upkeep\n|turn|9\n|\n|t:|1700145129\n|move|p2a: Mori|Memento|p1a: Weezing\n|-unboost|p1a: Weezing|atk|2\n|-unboost|p1a: Weezing|spa|2\n|faint|p2a: Mori\n|move|p1a: Weezing|Strange Steam|p2: Mori|[notarget]\n|-fail|p1a: Weezing\n|\n|-weather|SunnyDay|[upkeep]\n|upkeep\n|\n|t:|1700145146\n|switch|p2a: Burning Hatred|Armarouge, M|100\/100\n|turn|10\n|\n|t:|1700145149\n|switch|p1a: Heatran|Heatran, F|100\/100\n|move|p2a: Burning Hatred|Iron Defense|p2a: Burning Hatred\n|-boost|p2a: Burning Hatred|def|2\n|\n|-weather|SunnyDay|[upkeep]\n|upkeep\n|turn|11\n|inactive|mtyqjltz5 has 120 seconds left.\n|\n|t:|1700145185\n|-terastallize|p1a: Heatran|Grass\n|move|p1a: Heatran|Taunt|p2a: Burning Hatred\n|-start|p2a: Burning Hatred|move: Taunt\n|cant|p2a: Burning Hatred|move: Taunt|Calm Mind\n|\n|-weather|SunnyDay|[upkeep]\n|upkeep\n|turn|12\n|inactive|mtyqjltz5 has 120 seconds left.\n|\n|t:|1700145193\n|move|p1a: Heatran|Magma Storm|p2a: Burning Hatred\n|-resisted|p2a: Burning Hatred\n|-damage|p2a: Burning Hatred|63\/100\n|-activate|p2a: Burning Hatred|move: Magma Storm|[of] p1a: Heatran\n|move|p2a: Burning Hatred|Stored Power|p1a: Heatran\n|-damage|p1a: Heatran|80\/100\n|\n|-weather|SunnyDay|[upkeep]\n|-heal|p1a: Heatran|87\/100|[from] item: Leftovers\n|-damage|p2a: Burning Hatred|50\/100|[from] move: Magma Storm|[partiallytrapped]\n|upkeep\n|turn|13\n|-message|Donato Fallito forfeited.\n|\n|win|mtyqjltz5\n|raw|mtyqjltz5's rating: 1397 &rarr; <strong>1414<\/strong><br \/>(+17 for winning)\n|raw|Donato Fallito's rating: 1345 &rarr; <strong>1328<\/strong><br \/>(-17 for losing)\n|l|\u2606Donato Fallito\n","uploadtime":1700145206,"views":7,"p1id":"mtyqjltz5","p2id":"donatofallito","formatid":"gen9nationaldex","rating":1328,"private":0,"password":""}