{"id":"gen9nationaldex-1990941402","p1":"yanami-go","p2":"TrivagoGuy","format":"[Gen 9] National Dex","log":"|j|\u2606yanami-go\n|j|\u2606TrivagoGuy\n|t:|1700017694\n|gametype|singles\n|player|p1|yanami-go|dawn-masters3|1579\n|player|p2|TrivagoGuy|ruinmaniac|1487\n|teamsize|p1|6\n|teamsize|p2|6\n|gen|9\n|tier|[Gen 9] National Dex\n|rated|\n|rule|HP Percentage Mod: HP is shown in percentages\n|rule|Endless Battle Clause: Forcing endless battles is banned\n|rule|OHKO Clause: OHKO moves are banned\n|rule|Evasion Clause: Evasion abilities, items, and moves are banned\n|rule|Evasion Abilities Clause: Evasion abilities are banned\n|rule|Evasion Items Clause: Evasion items are banned\n|rule|Evasion Moves Clause: Evasion moves are banned\n|rule|Species Clause: Limit one of each Pok\u00e9mon\n|rule|Sleep Clause Mod: Limit one foe put to sleep\n|clearpoke\n|poke|p1|Ogerpon-Wellspring, F|\n|poke|p1|Ditto|\n|poke|p1|Tapu Koko|\n|poke|p1|Garganacl, M|\n|poke|p1|Zapdos|\n|poke|p1|Dragonite, M|\n|poke|p2|Golisopod, M|\n|poke|p2|Skarmory, F|\n|poke|p2|Seismitoad, F|\n|poke|p2|Pelipper, M|\n|poke|p2|Volcanion|\n|poke|p2|Diancie|\n|teampreview\n|\n|t:|1700017708\n|start\n|switch|p1a: Tapu Koko|Tapu Koko|100\/100\n|switch|p2a: Pelipper|Pelipper, M|100\/100\n|-fieldstart|move: Electric Terrain|[from] ability: Electric Surge|[of] p1a: Tapu Koko\n|-weather|RainDance|[from] ability: Drizzle|[of] p2a: Pelipper\n|turn|1\n|\n|t:|1700017713\n|move|p1a: Tapu Koko|Dazzling Gleam|p2a: Pelipper\n|-damage|p2a: Pelipper|51\/100\n|move|p2a: Pelipper|Weather Ball|p1a: Tapu Koko\n|-damage|p1a: Tapu Koko|0 fnt\n|faint|p1a: Tapu Koko\n|\n|-weather|RainDance|[upkeep]\n|upkeep\n|\n|t:|1700017719\n|switch|p1a: Zapdos|Zapdos|100\/100\n|turn|2\n|\n|t:|1700017727\n|switch|p2a: Seismitoad|Seismitoad, F|100\/100\n|move|p1a: Zapdos|Volt Switch|p2a: Seismitoad\n|-immune|p2a: Seismitoad\n|\n|-weather|RainDance|[upkeep]\n|upkeep\n|turn|3\n|\n|t:|1700017730\n|move|p1a: Zapdos|Toxic|p2a: Seismitoad\n|-status|p2a: Seismitoad|tox\n|move|p2a: Seismitoad|Substitute|p2a: Seismitoad\n|-start|p2a: Seismitoad|Substitute\n|-damage|p2a: Seismitoad|76\/100 tox\n|\n|-weather|RainDance|[upkeep]\n|-heal|p2a: Seismitoad|82\/100 tox|[from] item: Leftovers\n|-damage|p2a: Seismitoad|76\/100 tox|[from] psn\n|upkeep\n|turn|4\n|\n|t:|1700017740\n|switch|p1a: Ogerpon|Ogerpon-Wellspring, F|100\/100\n|move|p2a: Seismitoad|Toxic|p1a: Ogerpon\n|-status|p1a: Ogerpon|tox\n|\n|-weather|RainDance|[upkeep]\n|-heal|p2a: Seismitoad|82\/100 tox|[from] item: Leftovers\n|-damage|p1a: Ogerpon|95\/100 tox|[from] psn\n|-damage|p2a: Seismitoad|70\/100 tox|[from] psn\n|upkeep\n|turn|5\n|\n|t:|1700017745\n|move|p1a: Ogerpon|Trailblaze|p2a: Seismitoad\n|-supereffective|p2a: Seismitoad\n|-end|p2a: Seismitoad|Substitute\n|-boost|p1a: Ogerpon|spe|1\n|move|p2a: Seismitoad|Earth Power|p1a: Ogerpon\n|-resisted|p1a: Ogerpon\n|-damage|p1a: Ogerpon|80\/100 tox\n|\n|-weather|none\n|-heal|p2a: Seismitoad|76\/100 tox|[from] item: Leftovers\n|-damage|p1a: Ogerpon|68\/100 tox|[from] psn\n|-damage|p2a: Seismitoad|58\/100 tox|[from] psn\n|-fieldend|move: Electric Terrain\n|upkeep\n|turn|6\n|\n|t:|1700017752\n|switch|p2a: Golisopod|Golisopod, M|100\/100\n|move|p1a: Ogerpon|Trailblaze|p2a: Golisopod\n|-damage|p2a: Golisopod|78\/100\n|-boost|p1a: Ogerpon|spe|1\n|\n|-damage|p1a: Ogerpon|50\/100 tox|[from] psn\n|upkeep\n|turn|7\n|\n|t:|1700017759\n|switch|p1a: Garganacl|Garganacl, M|100\/100\n|move|p2a: Golisopod|First Impression|p1a: Garganacl\n|-damage|p1a: Garganacl|69\/100\n|\n|-heal|p1a: Garganacl|75\/100|[from] item: Leftovers\n|upkeep\n|turn|8\n|\n|t:|1700017762\n|-terastallize|p1a: Garganacl|Ghost\n|move|p2a: Golisopod|Liquidation|p1a: Garganacl\n|-damage|p1a: Garganacl|45\/100\n|-unboost|p1a: Garganacl|def|1\n|move|p1a: Garganacl|Iron Defense|p1a: Garganacl\n|-boost|p1a: Garganacl|def|2\n|\n|-heal|p1a: Garganacl|51\/100|[from] item: Leftovers\n|upkeep\n|turn|9\n|\n|t:|1700017770\n|switch|p2a: Pelipper|Pelipper, M|51\/100\n|-weather|RainDance|[from] ability: Drizzle|[of] p2a: Pelipper\n|move|p1a: Garganacl|Recover|p1a: Garganacl\n|-heal|p1a: Garganacl|100\/100\n|\n|-weather|RainDance|[upkeep]\n|upkeep\n|turn|10\n|\n|t:|1700017774\n|move|p2a: Pelipper|Weather Ball|p1a: Garganacl\n|-damage|p1a: Garganacl|58\/100\n|move|p1a: Garganacl|Salt Cure|p2a: Pelipper\n|-supereffective|p2a: Pelipper\n|-damage|p2a: Pelipper|23\/100\n|-start|p2a: Pelipper|Salt Cure\n|\n|-weather|RainDance|[upkeep]\n|-heal|p1a: Garganacl|64\/100|[from] item: Leftovers\n|-damage|p2a: Pelipper|0 fnt|[from] Salt Cure\n|faint|p2a: Pelipper\n|upkeep\n|\n|t:|1700017782\n|switch|p2a: Volcanion|Volcanion|100\/100\n|turn|11\n|\n|t:|1700017784\n|move|p2a: Volcanion|Steam Eruption|p1a: Garganacl\n|-damage|p1a: Garganacl|0 fnt\n|faint|p1a: Garganacl\n|\n|-weather|RainDance|[upkeep]\n|upkeep\n|\n|t:|1700017793\n|switch|p1a: Zapdos|Zapdos|100\/100\n|turn|12\n|\n|t:|1700017795\n|-terastallize|p2a: Volcanion|Ground\n|move|p1a: Zapdos|Volt Switch|p2a: Volcanion\n|-immune|p2a: Volcanion\n|move|p2a: Volcanion|Steam Eruption|p1a: Zapdos\n|-damage|p1a: Zapdos|0 fnt\n|faint|p1a: Zapdos\n|\n|-weather|RainDance|[upkeep]\n|upkeep\n|\n|t:|1700017801\n|switch|p1a: Ogerpon|Ogerpon-Wellspring, F|50\/100 tox\n|turn|13\n|\n|t:|1700017804\n|switch|p2a: Golisopod|Golisopod, M|78\/100\n|move|p1a: Ogerpon|Swords Dance|p1a: Ogerpon\n|-boost|p1a: Ogerpon|atk|2\n|\n|-weather|none\n|-damage|p1a: Ogerpon|44\/100 tox|[from] psn\n|upkeep\n|turn|14\n|\n|t:|1700017807\n|move|p2a: Golisopod|First Impression|p1a: Ogerpon\n|-supereffective|p1a: Ogerpon\n|-damage|p1a: Ogerpon|0 fnt\n|faint|p1a: Ogerpon\n|\n|upkeep\n|\n|t:|1700017809\n|switch|p1a: Dragonite|Dragonite, M|100\/100\n|turn|15\n|\n|t:|1700017811\n|switch|p2a: Skarmory|Skarmory, F|100\/100\n|move|p1a: Dragonite|Curse|p1a: Dragonite\n|-unboost|p1a: Dragonite|spe|1\n|-boost|p1a: Dragonite|atk|1\n|-boost|p1a: Dragonite|def|1\n|\n|upkeep\n|turn|16\n|\n|t:|1700017814\n|move|p2a: Skarmory|Swords Dance|p2a: Skarmory\n|-boost|p2a: Skarmory|atk|2\n|move|p1a: Dragonite|Curse|p1a: Dragonite\n|-unboost|p1a: Dragonite|spe|1\n|-boost|p1a: Dragonite|atk|1\n|-boost|p1a: Dragonite|def|1\n|\n|upkeep\n|turn|17\n|\n|t:|1700017817\n|move|p2a: Skarmory|Rock Slide|p1a: Dragonite\n|-supereffective|p1a: Dragonite\n|-damage|p1a: Dragonite|81\/100\n|cant|p1a: Dragonite|flinch\n|\n|upkeep\n|turn|18\n|\n|t:|1700017822\n|move|p2a: Skarmory|Rock Slide|p1a: Dragonite\n|-supereffective|p1a: Dragonite\n|-damage|p1a: Dragonite|43\/100\n|move|p1a: Dragonite|Roost|p1a: Dragonite\n|-heal|p1a: Dragonite|93\/100\n|-singleturn|p1a: Dragonite|move: Roost\n|\n|upkeep\n|turn|19\n|\n|t:|1700017827\n|move|p1a: Dragonite|Extreme Speed|p2a: Skarmory\n|-resisted|p2a: Skarmory\n|-damage|p2a: Skarmory|78\/100\n|-ability|p2a: Skarmory|Weak Armor|boost\n|-unboost|p2a: Skarmory|def|1\n|-boost|p2a: Skarmory|spe|2\n|move|p2a: Skarmory|Rock Slide|p1a: Dragonite|[miss]\n|-miss|p2a: Skarmory|p1a: Dragonite\n|\n|upkeep\n|turn|20\n|\n|t:|1700017833\n|move|p2a: Skarmory|Swords Dance|p2a: Skarmory\n|-boost|p2a: Skarmory|atk|2\n|move|p1a: Dragonite|Curse|p1a: Dragonite\n|-unboost|p1a: Dragonite|spe|1\n|-boost|p1a: Dragonite|atk|1\n|-boost|p1a: Dragonite|def|1\n|\n|upkeep\n|turn|21\n|\n|t:|1700017834\n|move|p2a: Skarmory|Rock Slide|p1a: Dragonite\n|-supereffective|p1a: Dragonite\n|-damage|p1a: Dragonite|49\/100\n|cant|p1a: Dragonite|flinch\n|\n|upkeep\n|turn|22\n|\n|t:|1700017839\n|move|p2a: Skarmory|Rock Slide|p1a: Dragonite\n|-supereffective|p1a: Dragonite\n|-damage|p1a: Dragonite|4\/100\n|cant|p1a: Dragonite|flinch\n|\n|upkeep\n|turn|23\n|\n|t:|1700017844\n|move|p2a: Skarmory|Drill Peck|p1a: Dragonite\n|-damage|p1a: Dragonite|0 fnt\n|faint|p1a: Dragonite\n|\n|upkeep\n|-message|yanami-go forfeited.\n|\n|win|TrivagoGuy\n|raw|yanami-go's rating: 1579 &rarr; <strong>1554<\/strong><br \/>(-25 for losing)\n|raw|TrivagoGuy's rating: 1487 &rarr; <strong>1512<\/strong><br \/>(+25 for winning)\n|l|\u2606yanami-go\n","uploadtime":1700017853,"views":4,"p1id":"yanamigo","p2id":"trivagoguy","formatid":"gen9nationaldex","rating":1512,"private":0,"password":""}