{"id":"gen9nationaldex-1995255733","p1":"ItsGoten","p2":"NotTrunks","format":"[Gen 9] National Dex","log":"|html|<div class=\"broadcast-blue\"><strong>[Gen 9] National Dex is currently suspecting Sneasler! For information on how to participate check out the <a href=\"https:\/\/www.smogon.com\/forums\/threads\/sv-national-dex-suspect-8-just-dance.3731534\/\">suspect thread<\/a>.<\/strong><\/div>\n|j|\u2606ItsGoten\n|j|\u2606NotTrunks\n|t:|1700541931\n|gametype|singles\n|player|p1|ItsGoten|pokekid|\n|player|p2|NotTrunks|265|\n|teamsize|p1|6\n|teamsize|p2|6\n|gen|9\n|tier|[Gen 9] National Dex\n|rule|HP Percentage Mod: HP is shown in percentages\n|rule|Endless Battle Clause: Forcing endless battles is banned\n|rule|OHKO Clause: OHKO moves are banned\n|rule|Evasion Clause: Evasion abilities, items, and moves are banned\n|rule|Evasion Abilities Clause: Evasion abilities are banned\n|rule|Evasion Items Clause: Evasion items are banned\n|rule|Evasion Moves Clause: Evasion moves are banned\n|rule|Species Clause: Limit one of each Pok\u00e9mon\n|rule|Sleep Clause Mod: Limit one foe put to sleep\n|clearpoke\n|poke|p1|Kommo-o, F|\n|poke|p1|Sneasler, F|\n|poke|p1|Urshifu-*, M|\n|poke|p1|Machamp, M|\n|poke|p1|Iron Valiant|\n|poke|p1|Lopunny, M|\n|poke|p2|Basculegion, M|\n|poke|p2|Pelipper, M|\n|poke|p2|Glimmora, F|\n|poke|p2|Swampert, F|\n|poke|p2|Greninja-*, M|\n|poke|p2|Hatterene, F|\n|teampreview\n|\n|t:|1700541953\n|start\n|switch|p1a: Shenron|Kommo-o, F|100\/100\n|switch|p2a: Pelipper|Pelipper, M|100\/100\n|-weather|RainDance|[from] ability: Drizzle|[of] p2a: Pelipper\n|turn|1\n|\n|t:|1700541981\n|-zpower|p1a: Shenron\n|move|p1a: Shenron|Clangorous Soulblaze|p2a: Pelipper|[zeffect]\n|-damage|p2a: Pelipper|0 fnt\n|faint|p2a: Pelipper\n|-boost|p1a: Shenron|atk|1\n|-boost|p1a: Shenron|def|1\n|-boost|p1a: Shenron|spa|1\n|-boost|p1a: Shenron|spd|1\n|-boost|p1a: Shenron|spe|1\n|\n|-weather|RainDance|[upkeep]\n|upkeep\n|\n|t:|1700541986\n|switch|p2a: Rockie|Glimmora, F|100\/100\n|turn|2\n|\n|t:|1700541994\n|move|p1a: Shenron|Aura Sphere|p2a: Rockie\n|-damage|p2a: Rockie|59\/100\n|move|p2a: Rockie|Light Screen|p2a: Rockie\n|-sidestart|p2: NotTrunks|move: Light Screen\n|\n|-weather|RainDance|[upkeep]\n|upkeep\n|turn|3\n|\n|t:|1700542004\n|move|p1a: Shenron|Aura Sphere|p2a: Rockie\n|-damage|p2a: Rockie|40\/100\n|move|p2a: Rockie|Reflect|p2a: Rockie\n|-sidestart|p2: NotTrunks|Reflect\n|\n|-weather|RainDance|[upkeep]\n|upkeep\n|turn|4\n|\n|t:|1700542014\n|move|p1a: Shenron|Flash Cannon|p2a: Rockie\n|-supereffective|p2a: Rockie\n|-damage|p2a: Rockie|13\/100\n|move|p2a: Rockie|Spikes|p1a: Shenron\n|-sidestart|p1: ItsGoten|Spikes\n|\n|-weather|RainDance|[upkeep]\n|upkeep\n|turn|5\n|\n|t:|1700542023\n|move|p1a: Shenron|Clangorous Soul|p1a: Shenron\n|-boost|p1a: Shenron|atk|1\n|-boost|p1a: Shenron|def|1\n|-boost|p1a: Shenron|spa|1\n|-boost|p1a: Shenron|spd|1\n|-boost|p1a: Shenron|spe|1\n|-damage|p1a: Shenron|68\/100\n|move|p2a: Rockie|Spikes|p1a: Shenron\n|-sidestart|p1: ItsGoten|Spikes\n|\n|-weather|RainDance|[upkeep]\n|upkeep\n|turn|6\n|\n|t:|1700542030\n|move|p1a: Shenron|Flash Cannon|p2a: Rockie\n|-supereffective|p2a: Rockie\n|-damage|p2a: Rockie|0 fnt\n|faint|p2a: Rockie\n|\n|-weather|RainDance|[upkeep]\n|-sideend|p2: NotTrunks|move: Light Screen\n|upkeep\n|\n|t:|1700542050\n|switch|p2a: Hatterene|Hatterene, F|100\/100\n|turn|7\n|\n|t:|1700542058\n|move|p1a: Shenron|Flash Cannon|p2a: Hatterene\n|-supereffective|p2a: Hatterene\n|-damage|p2a: Hatterene|0 fnt\n|faint|p2a: Hatterene\n|\n|-weather|RainDance|[upkeep]\n|-sideend|p2: NotTrunks|Reflect\n|upkeep\n|\n|t:|1700542064\n|switch|p2a: Greninja|Greninja, M|100\/100\n|turn|8\n|\n|t:|1700542071\n|move|p2a: Greninja|Water Shuriken|p1a: Shenron\n|-resisted|p1a: Shenron\n|-damage|p1a: Shenron|64\/100\n|-resisted|p1a: Shenron\n|-damage|p1a: Shenron|61\/100\n|-hitcount|p1a: Shenron|2\n|-damage|p2a: Greninja|91\/100|[from] item: Life Orb\n|move|p1a: Shenron|Clanging Scales|p2a: Greninja\n|-damage|p2a: Greninja|0 fnt\n|faint|p2a: Greninja\n|-unboost|p1a: Shenron|def|1\n|\n|-weather|none\n|upkeep\n|\n|t:|1700542076\n|switch|p2a: Swampert|Swampert, F|100\/100\n|turn|9\n|\n|t:|1700542091\n|detailschange|p2a: Swampert|Swampert-Mega, F\n|-mega|p2a: Swampert|Swampert|Swampertite\n|move|p1a: Shenron|Flash Cannon|p2a: Swampert\n|-resisted|p2a: Swampert\n|-damage|p2a: Swampert|78\/100\n|move|p2a: Swampert|Flip Turn|p1a: Shenron\n|-resisted|p1a: Shenron\n|-damage|p1a: Shenron|50\/100\n|\n|t:|1700542098\n|switch|p2a: Basculegion|Basculegion, M|100\/100|[from] Flip Turn\n|\n|upkeep\n|turn|10\n|\n|t:|1700542108\n|move|p1a: Shenron|Clanging Scales|p2a: Basculegion\n|-damage|p2a: Basculegion|0 fnt\n|faint|p2a: Basculegion\n|-unboost|p1a: Shenron|def|1\n|\n|upkeep\n|\n|t:|1700542114\n|switch|p2a: Swampert|Swampert-Mega, F|78\/100\n|turn|11\n|\n|t:|1700542121\n|move|p1a: Shenron|Flash Cannon|p2a: Swampert\n|-resisted|p2a: Swampert\n|-damage|p2a: Swampert|58\/100\n|move|p2a: Swampert|Earthquake|p1a: Shenron\n|-damage|p1a: Shenron|0 fnt\n|faint|p1a: Shenron\n|\n|upkeep\n|\n|t:|1700542134\n|switch|p1a: Broly|Machamp, M|100\/100\n|-damage|p1a: Broly|84\/100|[from] Spikes\n|turn|12\n|\n|t:|1700542141\n|move|p1a: Broly|Bullet Punch|p2a: Swampert\n|-resisted|p2a: Swampert\n|-damage|p2a: Swampert|51\/100\n|move|p2a: Swampert|Earthquake|p1a: Broly\n|-damage|p1a: Broly|16\/100\n|\n|-status|p1a: Broly|tox|[from] item: Toxic Orb\n|upkeep\n|turn|13\n|\n|t:|1700542145\n|move|p2a: Swampert|Earthquake|p1a: Broly\n|-damage|p1a: Broly|0 fnt\n|faint|p1a: Broly\n|\n|upkeep\n|\n|t:|1700542151\n|switch|p1a: Vegeta|Sneasler, F|100\/100\n|-item|p1a: Vegeta|Air Balloon\n|turn|14\n|\n|t:|1700542158\n|move|p1a: Vegeta|Close Combat|p2a: Swampert\n|-damage|p2a: Swampert|0 fnt\n|-unboost|p1a: Vegeta|def|1\n|-unboost|p1a: Vegeta|spd|1\n|faint|p2a: Swampert\n|\n|win|ItsGoten\n|c|\u2606NotTrunks|Gg Goten!\n|c|\u2606ItsGoten|gg\n","uploadtime":1700542177,"views":4,"p1id":"itsgoten","p2id":"nottrunks","formatid":"gen9nationaldex","rating":0,"private":0,"password":""}