{"id":"gen9nationaldex-1988465699","p1":"Fealieya","p2":"officer doody","format":"[Gen 9] National Dex","log":"|j|\u2606Fealieya\n|j|\u2606officer doody\n|t:|1699725881\n|gametype|singles\n|player|p1|Fealieya|1|1116\n|player|p2|officer doody|pokemaniac|1131\n|teamsize|p1|6\n|teamsize|p2|6\n|gen|9\n|tier|[Gen 9] National Dex\n|rated|\n|rule|HP Percentage Mod: HP is shown in percentages\n|rule|Endless Battle Clause: Forcing endless battles is banned\n|rule|OHKO Clause: OHKO moves are banned\n|rule|Evasion Clause: Evasion abilities, items, and moves are banned\n|rule|Evasion Abilities Clause: Evasion abilities are banned\n|rule|Evasion Items Clause: Evasion items are banned\n|rule|Evasion Moves Clause: Evasion moves are banned\n|rule|Species Clause: Limit one of each Pok\u00e9mon\n|rule|Sleep Clause Mod: Limit one foe put to sleep\n|clearpoke\n|poke|p1|Banette, F|\n|poke|p1|Zapdos|\n|poke|p1|Nihilego|\n|poke|p1|Kartana|\n|poke|p1|Celesteela|\n|poke|p1|Entei|\n|poke|p2|Gliscor, F|\n|poke|p2|Toxapex, M|\n|poke|p2|Kommo-o, M|\n|poke|p2|Grimmsnarl, M|\n|poke|p2|Clodsire, F|\n|poke|p2|Flapple, M|\n|teampreview\n|\n|t:|1699725896\n|start\n|switch|p1a: Nihilego|Nihilego|100\/100\n|switch|p2a: Kommo-o|Kommo-o, M, shiny|100\/100\n|turn|1\n|inactive|Battle timer is ON: inactive players will automatically lose when time's up. (requested by Fealieya)\n|\n|t:|1699725905\n|-zpower|p2a: Kommo-o\n|move|p2a: Kommo-o|Clangorous Soulblaze|p1a: Nihilego|[zeffect]\n|-crit|p1a: Nihilego\n|-damage|p1a: Nihilego|39\/100\n|-boost|p2a: Kommo-o|atk|1\n|-boost|p2a: Kommo-o|def|1\n|-boost|p2a: Kommo-o|spa|1\n|-boost|p2a: Kommo-o|spd|1\n|-boost|p2a: Kommo-o|spe|1\n|move|p1a: Nihilego|Stealth Rock|p2a: Kommo-o\n|-sidestart|p2: officer doody|move: Stealth Rock\n|\n|-heal|p1a: Nihilego|45\/100|[from] item: Leftovers\n|upkeep\n|turn|2\n|\n|t:|1699725921\n|move|p2a: Kommo-o|Autotomize|p2a: Kommo-o\n|-boost|p2a: Kommo-o|spe|2\n|-start|p2a: Kommo-o|Autotomize\n|move|p1a: Nihilego|Clear Smog|p2a: Kommo-o\n|-damage|p2a: Kommo-o|82\/100\n|-clearboost|p2a: Kommo-o\n|\n|-heal|p1a: Nihilego|52\/100|[from] item: Leftovers\n|upkeep\n|turn|3\n|\n|t:|1699725933\n|move|p2a: Kommo-o|Flash Cannon|p1a: Nihilego\n|-supereffective|p1a: Nihilego\n|-damage|p1a: Nihilego|26\/100\n|move|p1a: Nihilego|Toxic Spikes|p2a: Kommo-o\n|-sidestart|p2: officer doody|move: Toxic Spikes\n|\n|-heal|p1a: Nihilego|32\/100|[from] item: Leftovers\n|upkeep\n|turn|4\n|\n|t:|1699725941\n|move|p2a: Kommo-o|Flash Cannon|p1a: Nihilego\n|-supereffective|p1a: Nihilego\n|-damage|p1a: Nihilego|7\/100\n|move|p1a: Nihilego|Sludge Wave|p2a: Kommo-o\n|-damage|p2a: Kommo-o|29\/100\n|\n|-heal|p1a: Nihilego|13\/100|[from] item: Leftovers\n|upkeep\n|turn|5\n|\n|t:|1699725949\n|switch|p1a: Celesteela|Celesteela|100\/100\n|move|p2a: Kommo-o|Aura Sphere|p1a: Celesteela\n|-damage|p1a: Celesteela|78\/100\n|\n|upkeep\n|turn|6\n|\n|t:|1699725958\n|move|p2a: Kommo-o|Aura Sphere|p1a: Celesteela\n|-damage|p1a: Celesteela|53\/100\n|move|p1a: Celesteela|Autotomize|p1a: Celesteela\n|-boost|p1a: Celesteela|spe|2\n|-start|p1a: Celesteela|Autotomize\n|\n|upkeep\n|turn|7\n|\n|t:|1699725967\n|switch|p2a: Toxapex|Toxapex, M|100\/100\n|-damage|p2a: Toxapex|88\/100|[from] Stealth Rock\n|-sideend|p2: officer doody|move: Toxic Spikes|[of] p2a: Toxapex\n|move|p1a: Celesteela|Meteor Beam||[still]\n|-prepare|p1a: Celesteela|Meteor Beam\n|-boost|p1a: Celesteela|spa|1\n|-enditem|p1a: Celesteela|Power Herb\n|-anim|p1a: Celesteela|Meteor Beam|p2a: Toxapex\n|-damage|p2a: Toxapex|40\/100\n|\n|-heal|p2a: Toxapex|46\/100|[from] item: Leftovers\n|upkeep\n|turn|8\n|\n|t:|1699725980\n|move|p1a: Celesteela|Air Slash|p2a: Toxapex\n|-damage|p2a: Toxapex|0 fnt\n|faint|p2a: Toxapex\n|-ability|p1a: Celesteela|Beast Boost|boost\n|-boost|p1a: Celesteela|spa|1\n|\n|upkeep\n|\n|t:|1699725993\n|switch|p2a: Grimmsnarl|Grimmsnarl, M|100\/100\n|-damage|p2a: Grimmsnarl|88\/100|[from] Stealth Rock\n|turn|9\n|\n|t:|1699726003\n|-terastallize|p1a: Celesteela|Dragon\n|move|p2a: Grimmsnarl|Sucker Punch|p1a: Celesteela\n|-damage|p1a: Celesteela|26\/100\n|move|p1a: Celesteela|Flamethrower|p2a: Grimmsnarl\n|-damage|p2a: Grimmsnarl|23\/100\n|-status|p2a: Grimmsnarl|brn\n|\n|-heal|p2a: Grimmsnarl|29\/100 brn|[from] item: Leftovers\n|-damage|p2a: Grimmsnarl|23\/100 brn|[from] brn\n|upkeep\n|turn|10\n|\n|t:|1699726019\n|move|p2a: Grimmsnarl|Sucker Punch|p1a: Celesteela\n|-damage|p1a: Celesteela|13\/100\n|move|p1a: Celesteela|Flamethrower|p2a: Grimmsnarl\n|-damage|p2a: Grimmsnarl|0 fnt\n|faint|p2a: Grimmsnarl\n|-ability|p1a: Celesteela|Beast Boost|boost\n|-boost|p1a: Celesteela|spa|1\n|\n|upkeep\n|\n|t:|1699726033\n|switch|p2a: Flapple|Flapple, M, shiny|100\/100\n|-damage|p2a: Flapple|88\/100|[from] Stealth Rock\n|turn|11\n|\n|t:|1699726040\n|-terastallize|p2a: Flapple|Steel\n|move|p1a: Celesteela|Air Slash|p2a: Flapple\n|-resisted|p2a: Flapple\n|-damage|p2a: Flapple|2\/100\n|-enditem|p2a: Flapple|Sitrus Berry|[eat]\n|-heal|p2a: Flapple|26\/100|[from] item: Sitrus Berry\n|cant|p2a: Flapple|flinch\n|\n|upkeep\n|turn|12\n|\n|t:|1699726050\n|move|p1a: Celesteela|Air Slash|p2a: Flapple\n|-resisted|p2a: Flapple\n|-damage|p2a: Flapple|0 fnt\n|faint|p2a: Flapple\n|-ability|p1a: Celesteela|Beast Boost|boost\n|-boost|p1a: Celesteela|spa|1\n|\n|upkeep\n|-message|officer doody forfeited.\n|\n|win|Fealieya\n|raw|Fealieya's rating: 1116 &rarr; <strong>1142<\/strong><br \/>(+26 for winning)\n|raw|officer doody's rating: 1131 &rarr; <strong>1105<\/strong><br \/>(-26 for losing)\n|l|\u2606officer doody\n","uploadtime":1699726062,"views":4,"p1id":"fealieya","p2id":"officerdoody","formatid":"gen9nationaldex","rating":1105,"private":0,"password":""}