{"id":"gen9nationaldex-1995843670","p1":"FeioNando","p2":"Darkanathos","format":"[Gen 9] National Dex","log":"|html|<div class=\"broadcast-blue\"><strong>[Gen 9] National Dex is currently suspecting Sneasler! For information on how to participate check out the <a href=\"https:\/\/www.smogon.com\/forums\/threads\/sv-national-dex-suspect-8-just-dance.3731534\/\">suspect thread<\/a>.<\/strong><\/div>\n|j|\u2606FeioNando\n|j|\u2606Darkanathos\n|t:|1700608802\n|gametype|singles\n|player|p1|FeioNando|veteran|\n|player|p2|Darkanathos|hiker|\n|teamsize|p1|6\n|teamsize|p2|6\n|gen|9\n|tier|[Gen 9] National Dex\n|rule|HP Percentage Mod: HP is shown in percentages\n|rule|Endless Battle Clause: Forcing endless battles is banned\n|rule|OHKO Clause: OHKO moves are banned\n|rule|Evasion Clause: Evasion abilities, items, and moves are banned\n|rule|Evasion Abilities Clause: Evasion abilities are banned\n|rule|Evasion Items Clause: Evasion items are banned\n|rule|Evasion Moves Clause: Evasion moves are banned\n|rule|Species Clause: Limit one of each Pok\u00e9mon\n|rule|Sleep Clause Mod: Limit one foe put to sleep\n|clearpoke\n|poke|p1|Salazzle, F|\n|poke|p1|Talonflame, F|\n|poke|p1|Rotom-Heat|\n|poke|p1|Chandelure, M|\n|poke|p1|Volcarona, M|\n|poke|p1|Rapidash, F|\n|poke|p2|Arcanine, M|\n|poke|p2|Torkoal, M|\n|poke|p2|Rotom-Heat|\n|poke|p2|Salazzle, F|\n|poke|p2|Infernape, M|\n|poke|p2|Skeledirge, F|\n|teampreview\n|c|\u2606Darkanathos|Boa sorte pra n\u00f3s\n|c|\u2606FeioNando|boa sorte p nos\n|\n|t:|1700608842\n|start\n|switch|p1a: Salazzle|Salazzle, F|100\/100\n|switch|p2a: Syrax|Torkoal, M, shiny|100\/100\n|-weather|SunnyDay|[from] ability: Drought|[of] p2a: Syrax\n|turn|1\n|\n|t:|1700608866\n|move|p1a: Salazzle|Substitute|p1a: Salazzle\n|-start|p1a: Salazzle|Substitute\n|-damage|p1a: Salazzle|76\/100\n|move|p2a: Syrax|Yawn||[still]\n|-fail|p2a: Syrax\n|\n|-weather|SunnyDay|[upkeep]\n|-heal|p1a: Salazzle|82\/100|[from] item: Black Sludge\n|upkeep\n|turn|2\n|\n|t:|1700608876\n|move|p1a: Salazzle|Toxic|p2a: Syrax\n|-status|p2a: Syrax|tox\n|move|p2a: Syrax|Stealth Rock|p1a: Salazzle\n|-sidestart|p1: FeioNando|move: Stealth Rock\n|\n|-weather|SunnyDay|[upkeep]\n|-heal|p1a: Salazzle|88\/100|[from] item: Black Sludge\n|-damage|p2a: Syrax|94\/100 tox|[from] psn\n|upkeep\n|turn|3\n|\n|t:|1700608889\n|switch|p2a: Dreamfyre|Rotom-Heat, shiny|100\/100\n|move|p1a: Salazzle|Protect||[still]\n|-fail|p1a: Salazzle\n|\n|-weather|SunnyDay|[upkeep]\n|-heal|p1a: Salazzle|94\/100|[from] item: Black Sludge\n|upkeep\n|turn|4\n|\n|t:|1700608898\n|move|p1a: Salazzle|Toxic|p2a: Dreamfyre\n|-status|p2a: Dreamfyre|tox\n|move|p2a: Dreamfyre|Light Screen|p2a: Dreamfyre\n|-sidestart|p2: Darkanathos|move: Light Screen\n|\n|-weather|SunnyDay|[upkeep]\n|-heal|p1a: Salazzle|100\/100|[from] item: Black Sludge\n|-damage|p2a: Dreamfyre|94\/100 tox|[from] psn\n|upkeep\n|turn|5\n|\n|t:|1700608912\n|move|p1a: Salazzle|Protect|p1a: Salazzle\n|-singleturn|p1a: Salazzle|Protect\n|move|p2a: Dreamfyre|Reflect|p2a: Dreamfyre\n|-sidestart|p2: Darkanathos|Reflect\n|\n|-weather|SunnyDay|[upkeep]\n|-damage|p2a: Dreamfyre|82\/100 tox|[from] psn\n|upkeep\n|turn|6\n|\n|t:|1700608919\n|move|p1a: Salazzle|Substitute|p1a: Salazzle\n|-fail|p1a: Salazzle|move: Substitute\n|move|p2a: Dreamfyre|Volt Switch|p1a: Salazzle\n|-end|p1a: Salazzle|Substitute\n|\n|t:|1700608925\n|switch|p2a: Caraxes|Infernape, M, shiny|100\/100|[from] Volt Switch\n|\n|-weather|SunnyDay|[upkeep]\n|upkeep\n|turn|7\n|\n|t:|1700608935\n|move|p1a: Salazzle|Protect|p1a: Salazzle\n|-singleturn|p1a: Salazzle|Protect\n|move|p2a: Caraxes|Stone Edge|p1a: Salazzle\n|-activate|p1a: Salazzle|move: Protect\n|\n|-weather|SunnyDay|[upkeep]\n|upkeep\n|turn|8\n|\n|t:|1700608942\n|move|p2a: Caraxes|Stone Edge|p1a: Salazzle\n|-supereffective|p1a: Salazzle\n|-damage|p1a: Salazzle|10\/100\n|move|p1a: Salazzle|Disable|p2a: Caraxes\n|-start|p2a: Caraxes|Disable|Stone Edge\n|\n|-weather|none\n|-heal|p1a: Salazzle|16\/100|[from] item: Black Sludge\n|upkeep\n|turn|9\n|\n|t:|1700608953\n|-activate|p2a: Caraxes|move: Struggle\n|move|p2a: Caraxes|Struggle|p1a: Salazzle\n|-damage|p1a: Salazzle|0 fnt\n|faint|p1a: Salazzle\n|-damage|p2a: Caraxes|76\/100|[from] recoil\n|\n|upkeep\n|\n|t:|1700608960\n|switch|p1a: Talonflame|Talonflame, F|100\/100\n|turn|10\n|\n|t:|1700608967\n|switch|p2a: Syrax|Torkoal, M, shiny|94\/100 tox\n|-weather|SunnyDay|[from] ability: Drought|[of] p2a: Syrax\n|move|p1a: Talonflame|Defog|p2a: Syrax\n|-unboost|p2a: Syrax|evasion|1\n|-sideend|p2: Darkanathos|Reflect\n|-sideend|p2: Darkanathos|move: Light Screen\n|-sideend|p1: FeioNando|Stealth Rock|[from] move: Defog|[of] p1a: Talonflame\n|\n|-weather|SunnyDay|[upkeep]\n|-damage|p2a: Syrax|88\/100 tox|[from] psn\n|upkeep\n|turn|11\n|\n|t:|1700608978\n|move|p1a: Talonflame|Tailwind|p1a: Talonflame\n|-sidestart|p1: FeioNando|move: Tailwind\n|move|p2a: Syrax|Yawn|p1a: Talonflame\n|-start|p1a: Talonflame|move: Yawn|[of] p2a: Syrax\n|\n|-weather|SunnyDay|[upkeep]\n|-damage|p2a: Syrax|76\/100 tox|[from] psn\n|upkeep\n|turn|12\n|\n|t:|1700608986\n|move|p1a: Talonflame|U-turn|p2a: Syrax\n|-resisted|p2a: Syrax\n|-damage|p2a: Syrax|72\/100 tox\n|\n|t:|1700609000\n|switch|p1a: Chandelure|Chandelure, M|100\/100|[from] U-turn\n|move|p2a: Syrax|Stealth Rock|p1a: Chandelure\n|-sidestart|p1: FeioNando|move: Stealth Rock\n|\n|-weather|SunnyDay|[upkeep]\n|-damage|p2a: Syrax|54\/100 tox|[from] psn\n|upkeep\n|turn|13\n|\n|t:|1700609010\n|move|p1a: Chandelure|Shadow Ball|p2a: Syrax\n|-damage|p2a: Syrax|0 fnt\n|faint|p2a: Syrax\n|\n|-weather|SunnyDay|[upkeep]\n|upkeep\n|\n|t:|1700609017\n|switch|p2a: Meleys|Skeledirge, F, shiny|100\/100\n|turn|14\n|\n|t:|1700609024\n|-terastallize|p2a: Meleys|Fire\n|move|p1a: Chandelure|Shadow Ball|p2a: Meleys\n|-damage|p2a: Meleys|35\/100\n|move|p2a: Meleys|Earth Power|p1a: Chandelure\n|-supereffective|p1a: Chandelure\n|-damage|p1a: Chandelure|14\/100\n|\n|-weather|SunnyDay|[upkeep]\n|-heal|p2a: Meleys|42\/100|[from] item: Leftovers\n|-sideend|p1: FeioNando|move: Tailwind\n|upkeep\n|turn|15\n|\n|t:|1700609037\n|move|p1a: Chandelure|Shadow Ball|p2a: Meleys\n|-damage|p2a: Meleys|0 fnt\n|faint|p2a: Meleys\n|\n|-weather|SunnyDay|[upkeep]\n|upkeep\n|\n|t:|1700609044\n|switch|p2a: Caraxes|Infernape, M, shiny|76\/100\n|turn|16\n|\n|t:|1700609053\n|switch|p1a: Rotom|Rotom-Heat|100\/100\n|-damage|p1a: Rotom|76\/100|[from] Stealth Rock\n|move|p2a: Caraxes|Knock Off|p1a: Rotom\n|-damage|p1a: Rotom|44\/100\n|-enditem|p1a: Rotom|Light Clay|[from] move: Knock Off|[of] p2a: Caraxes\n|\n|-weather|SunnyDay|[upkeep]\n|upkeep\n|turn|17\n|\n|t:|1700609065\n|switch|p2a: Dreamfyre|Rotom-Heat, shiny|82\/100 tox\n|move|p1a: Rotom|Light Screen|p1a: Rotom\n|-sidestart|p1: FeioNando|move: Light Screen\n|\n|-weather|none\n|-damage|p2a: Dreamfyre|76\/100 tox|[from] psn\n|upkeep\n|turn|18\n|\n|t:|1700609074\n|move|p2a: Dreamfyre|Hidden Power|p1a: Rotom\n|-supereffective|p1a: Rotom\n|-damage|p1a: Rotom|24\/100\n|move|p1a: Rotom|Reflect|p1a: Rotom\n|-sidestart|p1: FeioNando|Reflect\n|\n|-damage|p2a: Dreamfyre|63\/100 tox|[from] psn\n|upkeep\n|turn|19\n|\n|t:|1700609082\n|move|p2a: Dreamfyre|Light Screen|p2a: Dreamfyre\n|-sidestart|p2: Darkanathos|move: Light Screen\n|move|p1a: Rotom|Night Shade|p2a: Dreamfyre\n|-damage|p2a: Dreamfyre|22\/100 tox\n|\n|-damage|p2a: Dreamfyre|3\/100 tox|[from] psn\n|upkeep\n|turn|20\n|\n|t:|1700609089\n|move|p2a: Dreamfyre|Reflect|p2a: Dreamfyre\n|-sidestart|p2: Darkanathos|Reflect\n|move|p1a: Rotom|Volt Switch|p2a: Dreamfyre\n|-resisted|p2a: Dreamfyre\n|-damage|p2a: Dreamfyre|0 fnt\n|faint|p2a: Dreamfyre\n|\n|t:|1700609095\n|switch|p1a: Talonflame|Talonflame, F|100\/100|[from] Volt Switch\n|\n|upkeep\n|\n|t:|1700609102\n|switch|p2a: Sunfyre|Arcanine, M, shiny|100\/100\n|-ability|p2a: Sunfyre|Intimidate|boost\n|-unboost|p1a: Talonflame|atk|1\n|turn|21\n|\n|t:|1700609107\n|move|p1a: Talonflame|Tailwind|p1a: Talonflame\n|-sidestart|p1: FeioNando|move: Tailwind\n|move|p2a: Sunfyre|Wild Charge|p1a: Talonflame\n|-supereffective|p1a: Talonflame\n|-damage|p1a: Talonflame|44\/100\n|-damage|p2a: Sunfyre|85\/100|[from] Recoil\n|\n|-sideend|p1: FeioNando|move: Light Screen\n|upkeep\n|turn|22\n|\n|t:|1700609119\n|switch|p2a: Caraxes|Infernape, M, shiny|76\/100\n|move|p1a: Talonflame|Roost|p1a: Talonflame\n|-heal|p1a: Talonflame|94\/100\n|-singleturn|p1a: Talonflame|move: Roost\n|\n|-sideend|p1: FeioNando|Reflect\n|upkeep\n|turn|23\n|\n|t:|1700609129\n|move|p1a: Talonflame|Defog|p2a: Caraxes\n|-unboost|p2a: Caraxes|evasion|1\n|-sideend|p2: Darkanathos|Reflect\n|-sideend|p2: Darkanathos|move: Light Screen\n|-sideend|p1: FeioNando|Stealth Rock|[from] move: Defog|[of] p1a: Talonflame\n|move|p2a: Caraxes|Thunder Punch|p1a: Talonflame\n|-supereffective|p1a: Talonflame\n|-crit|p1a: Talonflame\n|-damage|p1a: Talonflame|0 fnt\n|faint|p1a: Talonflame\n|\n|upkeep\n|\n|t:|1700609140\n|switch|p1a: Chandelure|Chandelure, M|14\/100\n|turn|24\n|\n|t:|1700609148\n|move|p1a: Chandelure|Psychic|p2a: Caraxes\n|-supereffective|p2a: Caraxes\n|-damage|p2a: Caraxes|0 fnt\n|faint|p2a: Caraxes\n|\n|-sideend|p1: FeioNando|move: Tailwind\n|upkeep\n|\n|t:|1700609156\n|switch|p2a: Seasmoke|Salazzle, F, shiny|100\/100\n|turn|25\n|\n|t:|1700609163\n|move|p2a: Seasmoke|Sludge Wave|p1a: Chandelure\n|-resisted|p1a: Chandelure\n|-damage|p1a: Chandelure|0 fnt\n|faint|p1a: Chandelure\n|\n|upkeep\n|\n|t:|1700609170\n|switch|p1a: Rotom|Rotom-Heat|24\/100\n|turn|26\n|\n|t:|1700609175\n|move|p2a: Seasmoke|Sludge Wave|p1a: Rotom\n|-damage|p1a: Rotom|0 fnt\n|faint|p1a: Rotom\n|\n|upkeep\n|\n|t:|1700609183\n|switch|p1a: Volcarona|Volcarona, M|100\/100\n|turn|27\n|\n|t:|1700609188\n|move|p2a: Seasmoke|Toxic|p1a: Volcarona\n|-status|p1a: Volcarona|tox\n|move|p1a: Volcarona|Quiver Dance|p1a: Volcarona\n|-boost|p1a: Volcarona|spa|1\n|-boost|p1a: Volcarona|spd|1\n|-boost|p1a: Volcarona|spe|1\n|\n|-damage|p1a: Volcarona|94\/100 tox|[from] psn\n|upkeep\n|turn|28\n|\n|t:|1700609197\n|move|p1a: Volcarona|Psychic|p2a: Seasmoke\n|-supereffective|p2a: Seasmoke\n|-damage|p2a: Seasmoke|0 fnt\n|faint|p2a: Seasmoke\n|\n|-damage|p1a: Volcarona|82\/100 tox|[from] psn\n|upkeep\n|\n|t:|1700609205\n|switch|p2a: Sunfyre|Arcanine, M, shiny|85\/100\n|-ability|p2a: Sunfyre|Intimidate|boost\n|-unboost|p1a: Volcarona|atk|1\n|turn|29\n|\n|t:|1700609213\n|move|p2a: Sunfyre|Extreme Speed|p1a: Volcarona\n|-damage|p1a: Volcarona|27\/100 tox\n|move|p1a: Volcarona|Hidden Power|p2a: Sunfyre\n|-supereffective|p2a: Sunfyre\n|-damage|p2a: Sunfyre|0 fnt\n|faint|p2a: Sunfyre\n|\n|win|FeioNando\n|c|\u2606Darkanathos|Bom jogo\n|c|\u2606Darkanathos|Manda pro Douglas?\n|c|\u2606FeioNando|mando ss\n","uploadtime":1700609263,"views":4,"p1id":"feionando","p2id":"darkanathos","formatid":"gen9nationaldex","rating":0,"private":0,"password":""}