{"id":"gen9nationaldex-1989452551","p1":"CromoEverion","p2":"Daigopato","format":"[Gen 9] National Dex","log":"|j|\u2606CromoEverion\n|j|\u2606Daigopato\n|t:|1699852659\n|gametype|singles\n|player|p1|CromoEverion|ghetsis|\n|player|p2|Daigopato|grimsley|\n|teamsize|p1|6\n|teamsize|p2|6\n|gen|9\n|tier|[Gen 9] National Dex\n|rule|HP Percentage Mod: HP is shown in percentages\n|rule|Endless Battle Clause: Forcing endless battles is banned\n|rule|OHKO Clause: OHKO moves are banned\n|rule|Evasion Clause: Evasion abilities, items, and moves are banned\n|rule|Evasion Abilities Clause: Evasion abilities are banned\n|rule|Evasion Items Clause: Evasion items are banned\n|rule|Evasion Moves Clause: Evasion moves are banned\n|rule|Species Clause: Limit one of each Pok\u00e9mon\n|rule|Sleep Clause Mod: Limit one foe put to sleep\n|clearpoke\n|poke|p1|Chatot, F|\n|poke|p1|Pidgeot, F|\n|poke|p1|Moltres|\n|poke|p1|Celesteela|\n|poke|p1|Emolga, F|\n|poke|p1|Archeops, M|\n|poke|p2|Aerodactyl, M|\n|poke|p2|Kilowattrel, M|\n|poke|p2|Gliscor, F|\n|poke|p2|Salamence, M|\n|poke|p2|Dragonite, M|\n|poke|p2|Zapdos|\n|teampreview\n|c|\u2606Daigopato|Wenas\n|c|\u2606Daigopato|Buena suerte\n|c|\u2606CromoEverion|hola\n|c|\u2606CromoEverion|igual\n|c|\u2606Daigopato|Bueno\n|c|\u2606Daigopato|Peleamos de una o tenemos que esperar?\n|c|\u2606CromoEverion|ni idea\n|c|\u2606Daigopato|Ni yo\n|c|\u2606Daigopato|Tengo miedo de ese emolga\n|c|\u2606CromoEverion|hay que esperar\n|c|\u2606Daigopato|XD\n|c|\u2606Daigopato|A weno\n|c|\u2606Daigopato|A esperar\n|c|\u2606Daigopato|No s\u00e9 qu\u00e9 me da m\u00e1s miedo, emolga o chatot\n|c|\u2606Daigopato|Una vez me sweepeo un chatot\n|c|\u2606Daigopato|En ese momento sent\u00ed el terror\n|c|\u2606CromoEverion|jajajaja\n|c|\u2606Daigopato|Me pregunto por qu\u00e9 casi ning\u00fan volador est\u00e1 baneado\n|c|\u2606Daigopato|Bueno\n|c|\u2606Daigopato|Es mejor aerodactyl dragon dance o afilagarras?\n|c|\u2606CromoEverion|depende\n|c|\u2606CromoEverion|si es mega o no\n|c|\u2606CromoEverion|suerte\n|c|\u2606Daigopato|Igual\n|\n|t:|1699853224\n|start\n|switch|p1a: Emolga|Emolga, F|100\/100\n|switch|p2a: Bat girl|Gliscor, F|100\/100\n|turn|1\n|\n|t:|1699853239\n|move|p1a: Emolga|Knock Off|p2a: Bat girl\n|-damage|p2a: Bat girl|77\/100\n|-enditem|p2a: Bat girl|Toxic Orb|[from] move: Knock Off|[of] p1a: Emolga\n|-damage|p1a: Emolga|91\/100|[from] item: Life Orb\n|move|p2a: Bat girl|Stealth Rock|p1a: Emolga\n|-sidestart|p1: CromoEverion|move: Stealth Rock\n|\n|upkeep\n|turn|2\n|\n|t:|1699853246\n|move|p1a: Emolga|Defog|p2a: Bat girl\n|-unboost|p2a: Bat girl|evasion|1\n|-sideend|p1: CromoEverion|Stealth Rock|[from] move: Defog|[of] p1a: Emolga\n|move|p2a: Bat girl|Rock Slide|p1a: Emolga\n|-supereffective|p1a: Emolga\n|-damage|p1a: Emolga|16\/100\n|\n|upkeep\n|turn|3\n|\n|t:|1699853253\n|move|p1a: Emolga|Encore|p2a: Bat girl\n|-start|p2a: Bat girl|Encore\n|move|p2a: Bat girl|Rock Slide|p1a: Emolga\n|-supereffective|p1a: Emolga\n|-damage|p1a: Emolga|0 fnt\n|faint|p1a: Emolga\n|\n|upkeep\n|\n|t:|1699853257\n|switch|p1a: Celesteela|Celesteela|100\/100\n|turn|4\n|\n|t:|1699853266\n|switch|p2a: Zapdos|Zapdos|100\/100\n|move|p1a: Celesteela|Autotomize|p1a: Celesteela\n|-boost|p1a: Celesteela|spe|2\n|-start|p1a: Celesteela|Autotomize\n|\n|upkeep\n|turn|5\n|\n|t:|1699853272\n|-terastallize|p1a: Celesteela|Rock\n|move|p1a: Celesteela|Meteor Beam||[still]\n|-prepare|p1a: Celesteela|Meteor Beam\n|-boost|p1a: Celesteela|spa|1\n|-enditem|p1a: Celesteela|Power Herb\n|-anim|p1a: Celesteela|Meteor Beam|p2a: Zapdos\n|-supereffective|p2a: Zapdos\n|-damage|p2a: Zapdos|0 fnt\n|faint|p2a: Zapdos\n|-ability|p1a: Celesteela|Beast Boost|boost\n|-boost|p1a: Celesteela|spa|1\n|\n|upkeep\n|\n|t:|1699853291\n|switch|p2a: Kilowattrel|Kilowattrel, M|100\/100\n|turn|6\n|\n|t:|1699853294\n|move|p2a: Kilowattrel|Thunder Wave|p1a: Celesteela\n|-status|p1a: Celesteela|par\n|move|p1a: Celesteela|Hidden Power|p2a: Kilowattrel\n|-supereffective|p2a: Kilowattrel\n|-damage|p2a: Kilowattrel|0 fnt\n|faint|p2a: Kilowattrel\n|-ability|p1a: Celesteela|Beast Boost|boost\n|-boost|p1a: Celesteela|spa|1\n|\n|upkeep\n|c|\u2606Daigopato|Y por eso siempre lleven terremoto\n|c|\u2606CromoEverion|xd\n|c|\u2606Daigopato|Dijeron 5 minutos sin tera normal?\n|c|\u2606CromoEverion|exacto\n|c|\u2606Daigopato|Fack\n|c|\u2606Daigopato|Bueno\n|inactive|Battle timer is ON: inactive players will automatically lose when time's up. (requested by CromoEverion)\n|c|\u2606Daigopato|Sale esperar 5 minutos? XD\n|c|\u2606Daigopato|A wueno\n|c|\u2606CromoEverion|eso opino\n|c|\u2606Daigopato|Ya nada\n|\n|t:|1699853406\n|switch|p2a: Bat girl|Gliscor, F|77\/100\n|turn|7\n|\n|t:|1699853411\n|move|p2a: Bat girl|Rock Slide|p1a: Celesteela|[miss]\n|-miss|p2a: Bat girl|p1a: Celesteela\n|cant|p1a: Celesteela|par\n|\n|upkeep\n|turn|8\n|\n|t:|1699853418\n|move|p2a: Bat girl|Rock Slide|p1a: Celesteela\n|-damage|p1a: Celesteela|82\/100 par\n|move|p1a: Celesteela|Autotomize|p1a: Celesteela\n|-boost|p1a: Celesteela|spe|2\n|-start|p1a: Celesteela|Autotomize\n|\n|upkeep\n|turn|9\n|\n|t:|1699853426\n|move|p2a: Bat girl|Rock Slide|p1a: Celesteela\n|-damage|p1a: Celesteela|64\/100 par\n|move|p1a: Celesteela|Autotomize|p1a: Celesteela\n|-boost|p1a: Celesteela|spe|2\n|-start|p1a: Celesteela|Autotomize\n|\n|upkeep\n|turn|10\n|\n|t:|1699853434\n|move|p2a: Bat girl|Rock Slide|p1a: Celesteela|[miss]\n|-miss|p2a: Bat girl|p1a: Celesteela\n|move|p1a: Celesteela|Hidden Power|p2a: Bat girl\n|-damage|p2a: Bat girl|0 fnt\n|faint|p2a: Bat girl\n|-ability|p1a: Celesteela|Beast Boost|boost\n|-boost|p1a: Celesteela|spa|1\n|\n|upkeep\n|c|\u2606Daigopato|Mala suerte de mi parte\n|inactive|Daigopato has 270 seconds left.\n|inactive|Daigopato has 240 seconds left.\n|c|\u2606Daigopato|Bueno, supongo que GG, no tengo nada XD\n|inactiveoff|Battle timer is now OFF.\n|\n|t:|1699853511\n|switch|p2a: Dragonite|Dragonite, M|100\/100\n|turn|11\n|\n|t:|1699853516\n|-terastallize|p2a: Dragonite|Normal\n|move|p1a: Celesteela|Hidden Power|p2a: Dragonite\n|-damage|p2a: Dragonite|51\/100\n|move|p2a: Dragonite|Dragon Dance|p2a: Dragonite\n|-boost|p2a: Dragonite|atk|1\n|-boost|p2a: Dragonite|spe|1\n|\n|upkeep\n|turn|12\n|\n|t:|1699853524\n|move|p2a: Dragonite|Ice Spinner|p1a: Celesteela\n|-damage|p1a: Celesteela|27\/100 par\n|cant|p1a: Celesteela|par\n|\n|upkeep\n|turn|13\n|c|\u2606CromoEverion|no podias usar\n|\n|t:|1699853529\n|move|p2a: Dragonite|Ice Spinner|p1a: Celesteela\n|-damage|p1a: Celesteela|0 fnt\n|faint|p1a: Celesteela\n|\n|upkeep\n|\n|t:|1699853534\n|switch|p1a: Moltres|Moltres|100\/100\n|turn|14\n|c|\u2606Daigopato|Dios\n|\n|t:|1699853539\n|move|p2a: Dragonite|Extreme Speed|p1a: Moltres\n|-damage|p1a: Moltres|31\/100\n|move|p1a: Moltres|Roost|p1a: Moltres\n|-heal|p1a: Moltres|81\/100\n|-singleturn|p1a: Moltres|move: Roost\n|\n|upkeep\n|turn|15\n|\n|t:|1699853545\n|move|p2a: Dragonite|Extreme Speed|p1a: Moltres\n|-damage|p1a: Moltres|11\/100\n|move|p1a: Moltres|Roost|p1a: Moltres\n|-heal|p1a: Moltres|61\/100\n|-singleturn|p1a: Moltres|move: Roost\n|\n|upkeep\n|turn|16\n|\n|t:|1699853551\n|move|p2a: Dragonite|Extreme Speed|p1a: Moltres\n|-damage|p1a: Moltres|0 fnt\n|faint|p1a: Moltres\n|\n|upkeep\n|\n|t:|1699853556\n|switch|p1a: Archeops|Archeops, M|100\/100\n|turn|17\n|\n|t:|1699853566\n|move|p2a: Dragonite|Ice Spinner|p1a: Archeops\n|-supereffective|p1a: Archeops\n|-damage|p1a: Archeops|0 fnt\n|faint|p1a: Archeops\n|\n|upkeep\n|\n|t:|1699853577\n|switch|p1a: Chatot|Chatot, F|100\/100\n|turn|18\n|c|\u2606Daigopato|Esa par\u00e1lisis fue crucial\n|\n|t:|1699853590\n|move|p1a: Chatot|Protect|p1a: Chatot\n|-singleturn|p1a: Chatot|Protect\n|move|p2a: Dragonite|Ice Spinner|p1a: Chatot\n|-activate|p1a: Chatot|move: Protect\n|\n|upkeep\n|turn|19\n|\n|t:|1699853595\n|move|p2a: Dragonite|Ice Spinner|p1a: Chatot\n|-supereffective|p1a: Chatot\n|-enditem|p1a: Chatot|Focus Sash\n|-damage|p1a: Chatot|1\/100\n|move|p1a: Chatot|Chatter|p2a: Dragonite\n|-damage|p2a: Dragonite|23\/100\n|-start|p2a: Dragonite|confusion\n|\n|upkeep\n|turn|20\n|\n|t:|1699853603\n|move|p1a: Chatot|Protect|p1a: Chatot\n|-singleturn|p1a: Chatot|Protect\n|-activate|p2a: Dragonite|confusion\n|move|p2a: Dragonite|Extreme Speed|p1a: Chatot\n|-activate|p1a: Chatot|move: Protect\n|\n|upkeep\n|turn|21\n|\n|t:|1699853608\n|-end|p2a: Dragonite|confusion\n|move|p2a: Dragonite|Extreme Speed|p1a: Chatot\n|-damage|p1a: Chatot|0 fnt\n|faint|p1a: Chatot\n|\n|upkeep\n|\n|t:|1699853610\n|switch|p1a: Pidgeot|Pidgeot, F|100\/100\n|turn|22\n|\n|t:|1699853617\n|detailschange|p1a: Pidgeot|Pidgeot-Mega, F\n|-mega|p1a: Pidgeot|Pidgeot|Pidgeotite\n|move|p2a: Dragonite|Ice Spinner|p1a: Pidgeot\n|-supereffective|p1a: Pidgeot\n|-damage|p1a: Pidgeot|0 fnt\n|faint|p1a: Pidgeot\n|\n|win|Daigopato\n|c|\u2606CromoEverion|gg\n|l|\u2606CromoEverion\n|c|\u2606Daigopato|GG\n|l|\u2606Daigopato\n|j|\u2606Daigopato\n|player|p2|Daigopato|grimsley\n","uploadtime":1699855401,"views":5,"p1id":"cromoeverion","p2id":"daigopato","formatid":"gen9nationaldex","rating":0,"private":0,"password":""}