{"id":"gen9nationaldex-1995044418","p1":"kenshiro33","p2":"ndsne zebra","format":"[Gen 9] National Dex","log":"|html|<div class=\"broadcast-blue\"><strong>[Gen 9] National Dex is currently suspecting Sneasler! For information on how to participate check out the <a href=\"https:\/\/www.smogon.com\/forums\/threads\/sv-national-dex-suspect-8-just-dance.3731534\/\">suspect thread<\/a>.<\/strong><\/div>\n|j|\u2606kenshiro33\n|j|\u2606ndsne zebra\n|t:|1700516573\n|gametype|singles\n|player|p1|kenshiro33|2|1340\n|player|p2|ndsne zebra|penny|1289\n|teamsize|p1|6\n|teamsize|p2|6\n|gen|9\n|tier|[Gen 9] National Dex\n|rated|\n|rule|HP Percentage Mod: HP is shown in percentages\n|rule|Endless Battle Clause: Forcing endless battles is banned\n|rule|OHKO Clause: OHKO moves are banned\n|rule|Evasion Clause: Evasion abilities, items, and moves are banned\n|rule|Evasion Abilities Clause: Evasion abilities are banned\n|rule|Evasion Items Clause: Evasion items are banned\n|rule|Evasion Moves Clause: Evasion moves are banned\n|rule|Species Clause: Limit one of each Pok\u00e9mon\n|rule|Sleep Clause Mod: Limit one foe put to sleep\n|clearpoke\n|poke|p1|Typhlosion-Hisui, F|\n|poke|p1|Porygon2|\n|poke|p1|Great Tusk|\n|poke|p1|Ditto|\n|poke|p1|Sneasler, F|\n|poke|p1|Masquerain, F|\n|poke|p2|Pelipper, F|\n|poke|p2|Swampert, M|\n|poke|p2|Barraskewda, M|\n|poke|p2|Basculegion-F, F|\n|poke|p2|Zapdos|\n|poke|p2|Ferrothorn, M|\n|teampreview\n|inactive|Battle timer is ON: inactive players will automatically lose when time's up. (requested by ndsne zebra)\n|\n|t:|1700516599\n|start\n|switch|p1a: Sneasler|Sneasler, F|100\/100\n|switch|p2a: Pelipper|Pelipper, F|100\/100\n|-weather|RainDance|[from] ability: Drizzle|[of] p2a: Pelipper\n|turn|1\n|\n|t:|1700516616\n|move|p1a: Sneasler|U-turn|p2a: Pelipper\n|-resisted|p2a: Pelipper\n|-damage|p2a: Pelipper|86\/100\n|\n|t:|1700516633\n|switch|p1a: Porygon2|Porygon2|100\/100|[from] U-turn\n|-ability|p1a: Porygon2|Drizzle|[from] ability: Trace|[of] p2a: Pelipper\n|move|p2a: Pelipper|U-turn|p1a: Porygon2\n|-damage|p1a: Porygon2|94\/100\n|inactive|ndsne zebra has 120 seconds left.\n|\n|t:|1700516677\n|switch|p2a: Ferrothorn|Ferrothorn, M|100\/100|[from] U-turn\n|\n|-weather|RainDance|[upkeep]\n|upkeep\n|turn|2\n|inactive|kenshiro33 has 120 seconds left.\n|\n|t:|1700516711\n|switch|p1a: Masquerain|Masquerain, F|100\/100\n|-ability|p1a: Masquerain|Intimidate|boost\n|-unboost|p2a: Ferrothorn|atk|1\n|move|p2a: Ferrothorn|Stealth Rock|p1a: Masquerain\n|-sidestart|p1: kenshiro33|move: Stealth Rock\n|\n|-weather|RainDance|[upkeep]\n|upkeep\n|turn|3\n|inactive|ndsne zebra has 120 seconds left.\n|\n|t:|1700516730\n|switch|p2a: Zapdos|Zapdos|100\/100\n|move|p1a: Masquerain|Sticky Web|p2a: Zapdos\n|-sidestart|p2: ndsne zebra|move: Sticky Web\n|\n|-weather|RainDance|[upkeep]\n|upkeep\n|turn|4\n|inactive|kenshiro33 has 120 seconds left.\n|\n|t:|1700516747\n|move|p2a: Zapdos|Thunder|p1a: Masquerain\n|-supereffective|p1a: Masquerain\n|-enditem|p1a: Masquerain|Focus Sash\n|-damage|p1a: Masquerain|1\/100\n|move|p1a: Masquerain|U-turn|p2a: Zapdos\n|-resisted|p2a: Zapdos\n|-damage|p2a: Zapdos|88\/100\n|inactive|kenshiro33 has 90 seconds left.\n|\n|t:|1700516791\n|switch|p1a: Porygon2|Porygon2|94\/100|[from] U-turn\n|-damage|p1a: Porygon2|82\/100|[from] Stealth Rock\n|-ability|p1a: Porygon2|Static|[from] ability: Trace|[of] p2a: Zapdos\n|\n|-weather|RainDance|[upkeep]\n|upkeep\n|turn|5\n|\n|t:|1700516802\n|switch|p2a: Pelipper|Pelipper, F|86\/100\n|move|p1a: Porygon2|Recover|p1a: Porygon2\n|-heal|p1a: Porygon2|100\/100\n|\n|-weather|RainDance|[upkeep]\n|upkeep\n|turn|6\n|inactive|kenshiro33 has 90 seconds left.\n|\n|t:|1700516816\n|move|p2a: Pelipper|Defog|p1a: Porygon2\n|-unboost|p1a: Porygon2|evasion|1\n|-sideend|p1: kenshiro33|Stealth Rock|[from] move: Defog|[of] p2a: Pelipper\n|-sideend|p2: ndsne zebra|Sticky Web|[from] move: Defog|[of] p2a: Pelipper\n|move|p1a: Porygon2|Shadow Ball|p2a: Pelipper\n|-damage|p2a: Pelipper|57\/100\n|\n|-weather|RainDance|[upkeep]\n|upkeep\n|turn|7\n|inactive|kenshiro33 has 90 seconds left.\n|\n|t:|1700516837\n|move|p2a: Pelipper|U-turn|p1a: Porygon2\n|-damage|p1a: Porygon2|95\/100\n|-status|p2a: Pelipper|par|[from] ability: Static|[of] p1a: Porygon2\n|inactive|ndsne zebra has 120 seconds left.\n|\n|t:|1700516878\n|switch|p2a: Ferrothorn|Ferrothorn, M|100\/100|[from] U-turn\n|move|p1a: Porygon2|Shadow Ball|p2a: Ferrothorn\n|-crit|p2a: Ferrothorn\n|-damage|p2a: Ferrothorn|78\/100\n|\n|-weather|RainDance|[upkeep]\n|-heal|p2a: Ferrothorn|84\/100|[from] item: Leftovers\n|upkeep\n|turn|8\n|inactive|kenshiro33 has 90 seconds left.\n|\n|t:|1700516891\n|switch|p1a: Great Tusk|Great Tusk|100\/100\n|move|p2a: Ferrothorn|Knock Off|p1a: Great Tusk\n|-resisted|p1a: Great Tusk\n|-damage|p1a: Great Tusk|93\/100\n|-enditem|p1a: Great Tusk|Heavy-Duty Boots|[from] move: Knock Off|[of] p2a: Ferrothorn\n|\n|-weather|none\n|-heal|p2a: Ferrothorn|91\/100|[from] item: Leftovers\n|upkeep\n|turn|9\n|inactive|kenshiro33 has 90 seconds left.\n|inactive|ndsne zebra has 120 seconds left.\n|\n|t:|1700516925\n|switch|p2a: Pelipper|Pelipper, F|57\/100 par\n|-weather|RainDance|[from] ability: Drizzle|[of] p2a: Pelipper\n|move|p1a: Great Tusk|Stealth Rock|p2a: Pelipper\n|-sidestart|p2: ndsne zebra|move: Stealth Rock\n|\n|-weather|RainDance|[upkeep]\n|upkeep\n|turn|10\n|inactive|kenshiro33 has 90 seconds left.\n|inactive|ndsne zebra has 90 seconds left.\n|\n|t:|1700516963\n|-end|p1a: Great Tusk|Protosynthesis|[silent]\n|switch|p1a: Typhlosion|Typhlosion-Hisui, F|100\/100\n|-item|p2a: Pelipper|Damp Rock|[from] ability: Frisk|[of] p1a: Typhlosion|[identify]\n|move|p2a: Pelipper|Defog|p1a: Typhlosion\n|-unboost|p1a: Typhlosion|evasion|1\n|-sideend|p2: ndsne zebra|Stealth Rock|[from] move: Defog|[of] p2a: Pelipper\n|\n|-weather|RainDance|[upkeep]\n|upkeep\n|turn|11\n|\n|t:|1700516973\n|move|p1a: Typhlosion|Infernal Parade|p2a: Pelipper\n|-damage|p2a: Pelipper|0 fnt\n|faint|p2a: Pelipper\n|\n|-weather|RainDance|[upkeep]\n|upkeep\n|\n|t:|1700516989\n|switch|p2a: Swampert|Swampert, M|100\/100\n|turn|12\n|inactive|kenshiro33 has 60 seconds left.\n|\n|t:|1700517016\n|switch|p1a: Great Tusk|Great Tusk|93\/100\n|detailschange|p2a: Swampert|Swampert-Mega, M\n|-mega|p2a: Swampert|Swampert|Swampertite\n|move|p2a: Swampert|Flip Turn|p1a: Great Tusk\n|-supereffective|p1a: Great Tusk\n|-damage|p1a: Great Tusk|12\/100\n|\n|t:|1700517023\n|switch|p2a: Barraskewda|Barraskewda, M|100\/100|[from] Flip Turn\n|\n|-weather|RainDance|[upkeep]\n|upkeep\n|turn|13\n|\n|t:|1700517030\n|move|p2a: Barraskewda|Flip Turn|p1a: Great Tusk\n|-supereffective|p1a: Great Tusk\n|-damage|p1a: Great Tusk|0 fnt\n|faint|p1a: Great Tusk\n|-end|p1a: Great Tusk|Protosynthesis|[silent]\n|inactive|ndsne zebra has 90 seconds left.\n|\n|t:|1700517043\n|switch|p2a: Swampert|Swampert-Mega, M|100\/100|[from] Flip Turn\n|\n|-weather|RainDance|[upkeep]\n|upkeep\n|\n|t:|1700517061\n|switch|p1a: Sneasler|Sneasler, F|100\/100\n|turn|14\n|\n|t:|1700517068\n|move|p1a: Sneasler|Fake Out|p2a: Swampert\n|-damage|p2a: Swampert|82\/100\n|-status|p2a: Swampert|psn|[from] ability: Poison Touch|[of] p1a: Sneasler\n|cant|p2a: Swampert|flinch\n|\n|-weather|RainDance|[upkeep]\n|-damage|p2a: Swampert|70\/100 psn|[from] psn\n|upkeep\n|turn|15\n|\n|t:|1700517086\n|switch|p1a: Porygon2|Porygon2|95\/100\n|-ability|p1a: Porygon2|Swift Swim|[from] ability: Trace|[of] p2a: Swampert\n|move|p2a: Swampert|Earthquake|p1a: Porygon2\n|-damage|p1a: Porygon2|55\/100\n|\n|-weather|RainDance|[upkeep]\n|-damage|p2a: Swampert|57\/100 psn|[from] psn\n|upkeep\n|turn|16\n|\n|t:|1700517097\n|move|p2a: Swampert|Waterfall|p1a: Porygon2\n|-damage|p1a: Porygon2|1\/100\n|move|p1a: Porygon2|Recover|p1a: Porygon2\n|-heal|p1a: Porygon2|51\/100\n|\n|-weather|none\n|-damage|p2a: Swampert|45\/100 psn|[from] psn\n|upkeep\n|turn|17\n|\n|t:|1700517111\n|move|p2a: Swampert|Flip Turn|p1a: Porygon2\n|-damage|p1a: Porygon2|27\/100\n|\n|t:|1700517132\n|switch|p2a: Zapdos|Zapdos|88\/100|[from] Flip Turn\n|move|p1a: Porygon2|Recover|p1a: Porygon2\n|-heal|p1a: Porygon2|77\/100\n|\n|upkeep\n|turn|18\n|\n|t:|1700517145\n|switch|p2a: Ferrothorn|Ferrothorn, M|91\/100\n|move|p1a: Porygon2|Toxic|p2a: Ferrothorn\n|-immune|p2a: Ferrothorn\n|\n|-heal|p2a: Ferrothorn|97\/100|[from] item: Leftovers\n|upkeep\n|turn|19\n|\n|t:|1700517154\n|switch|p1a: Masquerain|Masquerain, F|1\/100\n|-ability|p1a: Masquerain|Intimidate|boost\n|-unboost|p2a: Ferrothorn|atk|1\n|move|p2a: Ferrothorn|Stealth Rock|p1a: Masquerain\n|-sidestart|p1: kenshiro33|move: Stealth Rock\n|\n|-heal|p2a: Ferrothorn|100\/100|[from] item: Leftovers\n|upkeep\n|turn|20\n|inactive|kenshiro33 has 90 seconds left.\n|inactive|ndsne zebra has 120 seconds left.\n|\n|t:|1700517173\n|switch|p2a: Barraskewda|Barraskewda, M|100\/100\n|move|p1a: Masquerain|Sticky Web|p2a: Barraskewda\n|-sidestart|p2: ndsne zebra|move: Sticky Web\n|\n|upkeep\n|turn|21\n|\n|t:|1700517181\n|move|p1a: Masquerain|Aqua Jet|p2a: Barraskewda\n|-resisted|p2a: Barraskewda\n|-damage|p2a: Barraskewda|93\/100\n|move|p2a: Barraskewda|Liquidation|p1a: Masquerain\n|-damage|p1a: Masquerain|0 fnt\n|faint|p1a: Masquerain\n|\n|upkeep\n|inactive|kenshiro33 has 90 seconds left.\n|\n|t:|1700517220\n|switch|p1a: Sneasler|Sneasler, F|100\/100\n|-damage|p1a: Sneasler|95\/100|[from] Stealth Rock\n|turn|22\n|\n|t:|1700517229\n|move|p1a: Sneasler|Dire Claw|p2a: Barraskewda\n|-damage|p2a: Barraskewda|0 fnt\n|faint|p2a: Barraskewda\n|\n|upkeep\n|\n|t:|1700517236\n|switch|p2a: Ferrothorn|Ferrothorn, M|100\/100\n|-activate|p2a: Ferrothorn|move: Sticky Web\n|-unboost|p2a: Ferrothorn|spe|1\n|turn|23\n|inactive|kenshiro33 has 60 seconds left.\n|\n|t:|1700517264\n|move|p1a: Sneasler|Dire Claw|p2a: Ferrothorn\n|-immune|p2a: Ferrothorn\n|move|p2a: Ferrothorn|Knock Off|p1a: Sneasler\n|-resisted|p1a: Sneasler\n|-damage|p1a: Sneasler|77\/100\n|-enditem|p1a: Sneasler|Choice Band|[from] move: Knock Off|[of] p2a: Ferrothorn\n|\n|upkeep\n|turn|24\n|\n|t:|1700517272\n|move|p1a: Sneasler|Close Combat|p2a: Ferrothorn\n|-supereffective|p2a: Ferrothorn\n|-damage|p2a: Ferrothorn|18\/100\n|-unboost|p1a: Sneasler|def|1\n|-unboost|p1a: Sneasler|spd|1\n|-damage|p1a: Sneasler|65\/100|[from] ability: Iron Barbs|[of] p2a: Ferrothorn\n|move|p2a: Ferrothorn|Leech Seed|p1a: Sneasler\n|-start|p1a: Sneasler|move: Leech Seed\n|\n|-heal|p2a: Ferrothorn|24\/100|[from] item: Leftovers\n|-damage|p1a: Sneasler|53\/100|[from] Leech Seed|[of] p2a: Ferrothorn\n|-heal|p2a: Ferrothorn|35\/100|[silent]\n|upkeep\n|turn|25\n|\n|t:|1700517280\n|switch|p1a: Typhlosion|Typhlosion-Hisui, F|100\/100\n|-damage|p1a: Typhlosion|76\/100|[from] Stealth Rock\n|-item|p2a: Ferrothorn|Leftovers|[from] ability: Frisk|[of] p1a: Typhlosion|[identify]\n|switch|p2a: Zapdos|Zapdos|88\/100\n|\n|upkeep\n|turn|26\n|\n|t:|1700517295\n|-zpower|p1a: Typhlosion\n|move|p1a: Typhlosion|Inferno Overdrive|p2a: Zapdos|[zeffect]\n|-damage|p2a: Zapdos|0 fnt\n|faint|p2a: Zapdos\n|\n|upkeep\n|\n|t:|1700517304\n|switch|p2a: Swampert|Swampert-Mega, M|45\/100 psn\n|-activate|p2a: Swampert|move: Sticky Web\n|-unboost|p2a: Swampert|spe|1\n|turn|27\n|\n|t:|1700517315\n|switch|p1a: Porygon2|Porygon2|77\/100\n|-damage|p1a: Porygon2|65\/100|[from] Stealth Rock\n|-ability|p1a: Porygon2|Swift Swim|[from] ability: Trace|[of] p2a: Swampert\n|move|p2a: Swampert|Flip Turn|p1a: Porygon2\n|-damage|p1a: Porygon2|40\/100\n|\n|t:|1700517334\n|switch|p2a: Ferrothorn|Ferrothorn, M|35\/100|[from] Flip Turn\n|-activate|p2a: Ferrothorn|move: Sticky Web\n|-unboost|p2a: Ferrothorn|spe|1\n|\n|-heal|p2a: Ferrothorn|41\/100|[from] item: Leftovers\n|upkeep\n|turn|28\n|\n|t:|1700517354\n|move|p1a: Porygon2|Recover|p1a: Porygon2\n|-heal|p1a: Porygon2|90\/100\n|move|p2a: Ferrothorn|Leech Seed|p1a: Porygon2\n|-start|p1a: Porygon2|move: Leech Seed\n|\n|-heal|p2a: Ferrothorn|47\/100|[from] item: Leftovers\n|-damage|p1a: Porygon2|78\/100|[from] Leech Seed|[of] p2a: Ferrothorn\n|-heal|p2a: Ferrothorn|58\/100|[silent]\n|upkeep\n|turn|29\n|\n|t:|1700517371\n|switch|p1a: Sneasler|Sneasler, F|53\/100\n|-damage|p1a: Sneasler|47\/100|[from] Stealth Rock\n|move|p2a: Ferrothorn|Knock Off|p1a: Sneasler\n|-resisted|p1a: Sneasler\n|-damage|p1a: Sneasler|35\/100\n|\n|-heal|p2a: Ferrothorn|64\/100|[from] item: Leftovers\n|upkeep\n|turn|30\n|\n|t:|1700517379\n|-terastallize|p2a: Ferrothorn|Ghost\n|move|p1a: Sneasler|Close Combat|p2a: Ferrothorn\n|-immune|p2a: Ferrothorn\n|move|p2a: Ferrothorn|Leech Seed|p1a: Sneasler\n|-start|p1a: Sneasler|move: Leech Seed\n|\n|-heal|p2a: Ferrothorn|71\/100|[from] item: Leftovers\n|-damage|p1a: Sneasler|22\/100|[from] Leech Seed|[of] p2a: Ferrothorn\n|-heal|p2a: Ferrothorn|81\/100|[silent]\n|upkeep\n|turn|31\n|\n|t:|1700517397\n|move|p1a: Sneasler|U-turn|p2a: Ferrothorn\n|-resisted|p2a: Ferrothorn\n|-damage|p2a: Ferrothorn|74\/100\n|-damage|p1a: Sneasler|10\/100|[from] ability: Iron Barbs|[of] p2a: Ferrothorn\n|-status|p2a: Ferrothorn|psn|[from] ability: Poison Touch|[of] p1a: Sneasler\n|\n|t:|1700517412\n|switch|p1a: Porygon2|Porygon2|78\/100|[from] U-turn\n|-damage|p1a: Porygon2|65\/100|[from] Stealth Rock\n|-ability|p1a: Porygon2|Iron Barbs|[from] ability: Trace|[of] p2a: Ferrothorn\n|move|p2a: Ferrothorn|Body Press|p1a: Porygon2\n|-supereffective|p1a: Porygon2\n|-damage|p1a: Porygon2|33\/100\n|-damage|p2a: Ferrothorn|61\/100 psn|[from] ability: Iron Barbs|[of] p1a: Porygon2\n|\n|-heal|p2a: Ferrothorn|67\/100 psn|[from] item: Leftovers\n|-damage|p2a: Ferrothorn|55\/100 psn|[from] psn\n|upkeep\n|turn|32\n|inactive|kenshiro33 has 60 seconds left.\n|\n|t:|1700517443\n|move|p1a: Porygon2|Recover|p1a: Porygon2\n|-heal|p1a: Porygon2|83\/100\n|move|p2a: Ferrothorn|Leech Seed|p1a: Porygon2\n|-start|p1a: Porygon2|move: Leech Seed\n|\n|-heal|p2a: Ferrothorn|61\/100 psn|[from] item: Leftovers\n|-damage|p1a: Porygon2|71\/100|[from] Leech Seed|[of] p2a: Ferrothorn\n|-heal|p2a: Ferrothorn|72\/100 psn|[silent]\n|-damage|p2a: Ferrothorn|59\/100 psn|[from] psn\n|upkeep\n|turn|33\n|\n|t:|1700517453\n|move|p1a: Porygon2|Shadow Ball|p2a: Ferrothorn\n|-supereffective|p2a: Ferrothorn\n|-damage|p2a: Ferrothorn|29\/100 psn\n|move|p2a: Ferrothorn|Knock Off|p1a: Porygon2\n|-damage|p1a: Porygon2|57\/100\n|-damage|p2a: Ferrothorn|17\/100 psn|[from] ability: Iron Barbs|[of] p1a: Porygon2\n|-enditem|p1a: Porygon2|Eviolite|[from] move: Knock Off|[of] p2a: Ferrothorn\n|\n|-heal|p2a: Ferrothorn|23\/100 psn|[from] item: Leftovers\n|-damage|p1a: Porygon2|45\/100|[from] Leech Seed|[of] p2a: Ferrothorn\n|-heal|p2a: Ferrothorn|34\/100 psn|[silent]\n|-damage|p2a: Ferrothorn|21\/100 psn|[from] psn\n|upkeep\n|turn|34\n|\n|t:|1700517477\n|move|p1a: Porygon2|Shadow Ball|p2a: Ferrothorn\n|-supereffective|p2a: Ferrothorn\n|-damage|p2a: Ferrothorn|0 fnt\n|faint|p2a: Ferrothorn\n|\n|upkeep\n|-message|ndsne zebra forfeited.\n|\n|win|kenshiro33\n|raw|kenshiro33's rating: 1340 &rarr; <strong>1361<\/strong><br \/>(+21 for winning)\n|raw|ndsne zebra's rating: 1366 &rarr; <strong>1345<\/strong><br \/>(-21 for losing)\n|l|\u2606ndsne zebra\n","uploadtime":1700517496,"views":1,"p1id":"kenshiro33","p2id":"ndsnezebra","formatid":"gen9nationaldex","rating":1345,"private":0,"password":""}