{"id":"gen9nationaldex-1999943513","p1":"221savage","p2":"Sprocket0835","format":"[Gen 9] National Dex","log":"|html|<div class=\"broadcast-blue\"><strong>[Gen 9] National Dex is currently suspecting Sneasler! For information on how to participate check out the <a href=\"https:\/\/www.smogon.com\/forums\/threads\/sv-national-dex-suspect-8-just-dance.3731534\/\">suspect thread<\/a>.<\/strong><\/div>\n|j|\u2606221savage\n|j|\u2606Sprocket0835\n|t:|1701132873\n|gametype|singles\n|player|p1|221savage|2|1421\n|player|p2|Sprocket0835|lucas|1369\n|teamsize|p1|6\n|teamsize|p2|6\n|gen|9\n|tier|[Gen 9] National Dex\n|rated|\n|rule|HP Percentage Mod: HP is shown in percentages\n|rule|Endless Battle Clause: Forcing endless battles is banned\n|rule|OHKO Clause: OHKO moves are banned\n|rule|Evasion Clause: Evasion abilities, items, and moves are banned\n|rule|Evasion Abilities Clause: Evasion abilities are banned\n|rule|Evasion Items Clause: Evasion items are banned\n|rule|Evasion Moves Clause: Evasion moves are banned\n|rule|Species Clause: Limit one of each Pok\u00e9mon\n|rule|Sleep Clause Mod: Limit one foe put to sleep\n|clearpoke\n|poke|p1|Blastoise, F|\n|poke|p1|Banette, M|\n|poke|p1|Machamp, M|\n|poke|p1|Darmanitan, F|\n|poke|p1|Tsareena, F|\n|poke|p1|Toxtricity, F|\n|poke|p2|Great Tusk|\n|poke|p2|Kyurem|\n|poke|p2|Ceruledge, M|\n|poke|p2|Tapu Lele|\n|poke|p2|Garganacl, M|\n|poke|p2|Ferrothorn, M|\n|teampreview\n|\n|t:|1701132879\n|start\n|switch|p1a: Blastoise|Blastoise, F|100\/100\n|switch|p2a: Ferrothorn|Ferrothorn, M|100\/100\n|turn|1\n|\n|t:|1701132903\n|move|p1a: Blastoise|Shell Smash|p1a: Blastoise\n|-unboost|p1a: Blastoise|def|1\n|-unboost|p1a: Blastoise|spd|1\n|-boost|p1a: Blastoise|atk|2\n|-boost|p1a: Blastoise|spa|2\n|-boost|p1a: Blastoise|spe|2\n|move|p2a: Ferrothorn|Knock Off|p1a: Blastoise\n|-damage|p1a: Blastoise|76\/100\n|\n|upkeep\n|turn|2\n|\n|t:|1701132912\n|-zpower|p1a: Blastoise\n|move|p1a: Blastoise|All-Out Pummeling|p2a: Ferrothorn|[zeffect]\n|-supereffective|p2a: Ferrothorn\n|-damage|p2a: Ferrothorn|0 fnt\n|faint|p2a: Ferrothorn\n|\n|upkeep\n|\n|t:|1701132929\n|switch|p2a: Kyurem|Kyurem|100\/100\n|-ability|p2a: Kyurem|Pressure\n|turn|3\n|\n|t:|1701132947\n|-terastallize|p2a: Kyurem|Fairy\n|move|p1a: Blastoise|Focus Blast|p2a: Kyurem|[miss]\n|-miss|p1a: Blastoise|p2a: Kyurem\n|move|p2a: Kyurem|Freeze-Dry|p1a: Blastoise\n|-supereffective|p1a: Blastoise\n|-damage|p1a: Blastoise|0 fnt\n|faint|p1a: Blastoise\n|\n|upkeep\n|\n|t:|1701132964\n|switch|p1a: Toxtricity|Toxtricity, F|100\/100\n|turn|4\n|\n|t:|1701132973\n|switch|p2a: Garganacl|Garganacl, M|100\/100\n|move|p1a: Toxtricity|Boomburst|p2a: Garganacl\n|-resisted|p2a: Garganacl\n|-crit|p2a: Garganacl\n|-damage|p2a: Garganacl|56\/100\n|\n|-heal|p2a: Garganacl|63\/100|[from] item: Leftovers\n|upkeep\n|turn|5\n|\n|t:|1701132980\n|switch|p1a: Machamp|Machamp, M|100\/100\n|move|p2a: Garganacl|Recover|p2a: Garganacl\n|-heal|p2a: Garganacl|100\/100\n|\n|upkeep\n|turn|6\n|\n|t:|1701133014\n|switch|p2a: Kyurem|Kyurem, tera:Fairy|100\/100\n|-ability|p2a: Kyurem|Pressure\n|move|p1a: Machamp|Dynamic Punch|p2a: Kyurem\n|-resisted|p2a: Kyurem\n|-damage|p2a: Kyurem|67\/100\n|-start|p2a: Kyurem|confusion\n|-damage|p1a: Machamp|91\/100|[from] item: Life Orb\n|\n|upkeep\n|turn|7\n|\n|t:|1701133024\n|-activate|p2a: Kyurem|confusion\n|move|p2a: Kyurem|Substitute|p2a: Kyurem\n|-start|p2a: Kyurem|Substitute\n|-damage|p2a: Kyurem|42\/100\n|move|p1a: Machamp|Stone Edge|p2a: Kyurem\n|-end|p2a: Kyurem|Substitute\n|-damage|p1a: Machamp|81\/100|[from] item: Life Orb\n|\n|upkeep\n|turn|8\n|\n|t:|1701133036\n|switch|p2a: Great Tusk|Great Tusk|100\/100\n|-enditem|p2a: Great Tusk|Booster Energy\n|-activate|p2a: Great Tusk|ability: Protosynthesis|[fromitem]\n|-start|p2a: Great Tusk|protosynthesisspe\n|move|p1a: Machamp|Bullet Punch|p2a: Great Tusk\n|-crit|p2a: Great Tusk\n|-damage|p2a: Great Tusk|82\/100\n|-damage|p1a: Machamp|71\/100|[from] item: Life Orb\n|\n|upkeep\n|turn|9\n|\n|t:|1701133044\n|move|p2a: Great Tusk|Bulk Up|p2a: Great Tusk\n|-boost|p2a: Great Tusk|atk|1\n|-boost|p2a: Great Tusk|def|1\n|move|p1a: Machamp|Dynamic Punch|p2a: Great Tusk\n|-damage|p2a: Great Tusk|49\/100\n|-start|p2a: Great Tusk|confusion\n|-damage|p1a: Machamp|61\/100|[from] item: Life Orb\n|\n|upkeep\n|turn|10\n|\n|t:|1701133050\n|switch|p1a: Tsareena|Tsareena, F|100\/100\n|-activate|p2a: Great Tusk|confusion\n|move|p2a: Great Tusk|Headlong Rush|p1a: Tsareena\n|-resisted|p1a: Tsareena\n|-damage|p1a: Tsareena|52\/100\n|-unboost|p2a: Great Tusk|def|1\n|-unboost|p2a: Great Tusk|spd|1\n|\n|upkeep\n|turn|11\n|\n|t:|1701133085\n|-activate|p2a: Great Tusk|confusion\n|-damage|p2a: Great Tusk|38\/100|[from] confusion\n|move|p1a: Tsareena|Power Whip|p2a: Great Tusk\n|-supereffective|p2a: Great Tusk\n|-damage|p2a: Great Tusk|0 fnt\n|faint|p2a: Great Tusk\n|-end|p2a: Great Tusk|Protosynthesis|[silent]\n|\n|upkeep\n|\n|t:|1701133094\n|switch|p2a: Kyurem|Kyurem, tera:Fairy|42\/100\n|-ability|p2a: Kyurem|Pressure\n|turn|12\n|\n|t:|1701133130\n|switch|p1a: Darmanitan|Darmanitan, F|100\/100\n|move|p2a: Kyurem|Roost|p2a: Kyurem\n|-heal|p2a: Kyurem|92\/100\n|\n|upkeep\n|turn|13\n|\n|t:|1701133140\n|switch|p2a: Ceruledge|Ceruledge, M|100\/100\n|-terastallize|p1a: Darmanitan|Fire\n|move|p1a: Darmanitan|Flare Blitz|p2a: Ceruledge\n|-resisted|p2a: Ceruledge\n|-damage|p2a: Ceruledge|6\/100\n|-ability|p2a: Ceruledge|Weak Armor|boost\n|-unboost|p2a: Ceruledge|def|1\n|-boost|p2a: Ceruledge|spe|2\n|-damage|p1a: Darmanitan|75\/100|[from] Recoil\n|\n|upkeep\n|turn|14\n|\n|t:|1701133167\n|switch|p1a: Tsareena|Tsareena, F|52\/100\n|move|p2a: Ceruledge|Poltergeist|p1a: Tsareena\n|-activate|p1a: Tsareena|move: Poltergeist|Assault Vest\n|-damage|p1a: Tsareena|0 fnt\n|faint|p1a: Tsareena\n|\n|upkeep\n|\n|t:|1701133170\n|switch|p1a: Machamp|Machamp, M|61\/100\n|turn|15\n|\n|t:|1701133184\n|switch|p2a: Tapu Lele|Tapu Lele|100\/100\n|-fieldstart|move: Psychic Terrain|[from] ability: Psychic Surge|[of] p2a: Tapu Lele\n|move|p1a: Machamp|Bullet Punch|p2a: Tapu Lele\n|-activate|p2a: Tapu Lele|move: Psychic Terrain\n|\n|upkeep\n|turn|16\n|\n|t:|1701133248\n|move|p2a: Tapu Lele|Psychic|p1a: Machamp\n|-supereffective|p1a: Machamp\n|-damage|p1a: Machamp|0 fnt\n|faint|p1a: Machamp\n|\n|upkeep\n|\n|t:|1701133253\n|switch|p1a: Banette|Banette, M|100\/100\n|turn|17\n|\n|t:|1701133257\n|switch|p2a: Garganacl|Garganacl, M|100\/100\n|detailschange|p1a: Banette|Banette-Mega, M\n|-mega|p1a: Banette|Banette|Banettite\n|move|p1a: Banette|Poltergeist|p2a: Garganacl\n|-activate|p2a: Garganacl|move: Poltergeist|Leftovers\n|-damage|p2a: Garganacl|75\/100\n|\n|-heal|p2a: Garganacl|81\/100|[from] item: Leftovers\n|upkeep\n|turn|18\n|\n|t:|1701133292\n|move|p1a: Banette|Taunt|p2a: Garganacl\n|-activate|p2a: Garganacl|move: Psychic Terrain\n|move|p2a: Garganacl|Iron Defense|p2a: Garganacl\n|-boost|p2a: Garganacl|def|2\n|\n|-heal|p2a: Garganacl|88\/100|[from] item: Leftovers\n|upkeep\n|turn|19\n|\n|t:|1701133325\n|move|p1a: Banette|Poltergeist|p2a: Garganacl\n|-activate|p2a: Garganacl|move: Poltergeist|Leftovers\n|-damage|p2a: Garganacl|76\/100\n|move|p2a: Garganacl|Iron Defense|p2a: Garganacl\n|-boost|p2a: Garganacl|def|2\n|\n|-heal|p2a: Garganacl|82\/100|[from] item: Leftovers\n|-fieldend|move: Psychic Terrain\n|upkeep\n|turn|20\n|c|\u2606Sprocket0835|wait, I never knew that\n|c|\u2606221savage|ok\n|\n|t:|1701133335\n|move|p1a: Banette|Taunt|p2a: Garganacl\n|-start|p2a: Garganacl|move: Taunt\n|move|p2a: Garganacl|Salt Cure|p1a: Banette\n|-damage|p1a: Banette|83\/100\n|-start|p1a: Banette|Salt Cure\n|\n|-heal|p2a: Garganacl|88\/100|[from] item: Leftovers\n|-damage|p1a: Banette|71\/100|[from] Salt Cure\n|upkeep\n|turn|21\n|\n|t:|1701133346\n|move|p1a: Banette|Poltergeist|p2a: Garganacl|[miss]\n|-miss|p1a: Banette|p2a: Garganacl\n|move|p2a: Garganacl|Salt Cure|p1a: Banette\n|-damage|p1a: Banette|52\/100\n|\n|-heal|p2a: Garganacl|94\/100|[from] item: Leftovers\n|-damage|p1a: Banette|40\/100|[from] Salt Cure\n|upkeep\n|turn|22\n|\n|t:|1701133357\n|move|p1a: Banette|Poltergeist|p2a: Garganacl\n|-activate|p2a: Garganacl|move: Poltergeist|Leftovers\n|-damage|p2a: Garganacl|86\/100\n|move|p2a: Garganacl|Salt Cure|p1a: Banette\n|-damage|p1a: Banette|23\/100\n|\n|-heal|p2a: Garganacl|92\/100|[from] item: Leftovers\n|-damage|p1a: Banette|10\/100|[from] Salt Cure\n|-end|p2a: Garganacl|move: Taunt\n|upkeep\n|turn|23\n|\n|t:|1701133367\n|move|p1a: Banette|Destiny Bond|p1a: Banette\n|-singlemove|p1a: Banette|Destiny Bond\n|move|p2a: Garganacl|Recover|p2a: Garganacl\n|-heal|p2a: Garganacl|100\/100\n|\n|-damage|p1a: Banette|0 fnt|[from] Salt Cure\n|faint|p1a: Banette\n|upkeep\n|\n|t:|1701133372\n|switch|p1a: Toxtricity|Toxtricity, F|100\/100\n|turn|24\n|\n|t:|1701133377\n|move|p1a: Toxtricity|Overdrive|p2a: Garganacl\n|-damage|p2a: Garganacl|46\/100\n|move|p2a: Garganacl|Body Press|p1a: Toxtricity\n|-resisted|p1a: Toxtricity\n|-crit|p1a: Toxtricity\n|-damage|p1a: Toxtricity|34\/100\n|\n|-heal|p2a: Garganacl|52\/100|[from] item: Leftovers\n|upkeep\n|turn|25\n|\n|t:|1701133392\n|switch|p2a: Ceruledge|Ceruledge, M|6\/100\n|move|p1a: Toxtricity|Overdrive|p2a: Ceruledge\n|-damage|p2a: Ceruledge|0 fnt\n|faint|p2a: Ceruledge\n|\n|upkeep\n|\n|t:|1701133405\n|switch|p2a: Tapu Lele|Tapu Lele|100\/100\n|-fieldstart|move: Psychic Terrain|[from] ability: Psychic Surge|[of] p2a: Tapu Lele\n|turn|26\n|\n|t:|1701133426\n|move|p2a: Tapu Lele|Psychic|p1a: Toxtricity\n|-supereffective|p1a: Toxtricity\n|-damage|p1a: Toxtricity|0 fnt\n|faint|p1a: Toxtricity\n|\n|upkeep\n|\n|t:|1701133440\n|switch|p1a: Darmanitan|Darmanitan, F, tera:Fire|75\/100\n|turn|27\n|\n|t:|1701133444\n|switch|p2a: Kyurem|Kyurem, tera:Fairy|92\/100\n|-ability|p2a: Kyurem|Pressure\n|move|p1a: Darmanitan|Flare Blitz|p2a: Kyurem\n|-damage|p2a: Kyurem|0 fnt\n|faint|p2a: Kyurem\n|-damage|p1a: Darmanitan|40\/100|[from] Recoil\n|\n|upkeep\n|\n|t:|1701133453\n|switch|p2a: Tapu Lele|Tapu Lele|100\/100\n|turn|28\n|\n|t:|1701133455\n|move|p2a: Tapu Lele|Psychic|p1a: Darmanitan\n|-damage|p1a: Darmanitan|0 fnt\n|faint|p1a: Darmanitan\n|\n|win|Sprocket0835\n|raw|221savage's rating: 1447 &rarr; <strong>1423<\/strong><br \/>(-24 for losing)\n|raw|Sprocket0835's rating: 1369 &rarr; <strong>1393<\/strong><br \/>(+24 for winning)\n|l|\u2606221savage\n","uploadtime":1701133461,"views":13,"p1id":"221savage","p2id":"sprocket0835","formatid":"gen9nationaldex","rating":1393,"private":0,"password":""}