{"id":"gen9nationaldex-1990222915","p1":"v587","p2":"Guancho","format":"[Gen 9] National Dex","log":"|j|\u2606v587\n|j|\u2606Guancho\n|t:|1699939823\n|gametype|singles\n|player|p1|v587|dawn|1422\n|player|p2|Guancho|dawn-gen4pt|1317\n|teamsize|p1|6\n|teamsize|p2|6\n|gen|9\n|tier|[Gen 9] National Dex\n|rated|\n|rule|HP Percentage Mod: HP is shown in percentages\n|rule|Endless Battle Clause: Forcing endless battles is banned\n|rule|OHKO Clause: OHKO moves are banned\n|rule|Evasion Clause: Evasion abilities, items, and moves are banned\n|rule|Evasion Abilities Clause: Evasion abilities are banned\n|rule|Evasion Items Clause: Evasion items are banned\n|rule|Evasion Moves Clause: Evasion moves are banned\n|rule|Species Clause: Limit one of each Pok\u00e9mon\n|rule|Sleep Clause Mod: Limit one foe put to sleep\n|clearpoke\n|poke|p1|Galvantula, M|\n|poke|p1|Kleavor, F|\n|poke|p1|Forretress, M|\n|poke|p1|Heracross, M|\n|poke|p1|Frosmoth, M|\n|poke|p1|Pinsir, M|\n|poke|p2|Venusaur, M|\n|poke|p2|Ferrothorn, M|\n|poke|p2|Blastoise, F|\n|poke|p2|Iron Valiant|\n|poke|p2|Kommo-o, F|\n|poke|p2|Landorus-Therian, M|\n|teampreview\n|inactive|Battle timer is ON: inactive players will automatically lose when time's up. (requested by v587)\n|\n|t:|1699939839\n|start\n|switch|p1a: Kleavor|Kleavor, F|100\/100\n|switch|p2a: Venusaur|Venusaur, M|100\/100\n|turn|1\n|\n|t:|1699939848\n|detailschange|p2a: Venusaur|Venusaur-Mega, M\n|-mega|p2a: Venusaur|Venusaur|Venusaurite\n|move|p1a: Kleavor|Stone Axe|p2a: Venusaur\n|-damage|p2a: Venusaur|58\/100\n|-sidestart|p2: Guancho|move: Stealth Rock\n|move|p2a: Venusaur|Sleep Powder|p1a: Kleavor\n|-status|p1a: Kleavor|slp|[from] move: Sleep Powder\n|\n|upkeep\n|turn|2\n|\n|t:|1699939861\n|switch|p1a: Forretress|Forretress, M|100\/100\n|move|p2a: Venusaur|Giga Drain|p1a: Forretress\n|-resisted|p1a: Forretress\n|-damage|p1a: Forretress|86\/100\n|-heal|p2a: Venusaur|65\/100|[from] drain|[of] p1a: Forretress\n|\n|-heal|p1a: Forretress|93\/100|[from] item: Leftovers\n|upkeep\n|turn|3\n|\n|t:|1699939866\n|move|p2a: Venusaur|Hidden Power|p1a: Forretress\n|-supereffective|p1a: Forretress\n|-damage|p1a: Forretress|0 fnt\n|faint|p1a: Forretress\n|\n|upkeep\n|\n|t:|1699939877\n|switch|p1a: Heracross|Heracross, M|100\/100\n|turn|4\n|\n|t:|1699939882\n|switch|p2a: Ferrothorn|Ferrothorn, M|100\/100\n|-damage|p2a: Ferrothorn|95\/100|[from] Stealth Rock\n|-terastallize|p1a: Heracross|Normal\n|move|p1a: Heracross|Trailblaze|p2a: Ferrothorn\n|-resisted|p2a: Ferrothorn\n|-damage|p2a: Ferrothorn|92\/100\n|-boost|p1a: Heracross|spe|1\n|-damage|p1a: Heracross|88\/100|[from] ability: Iron Barbs|[of] p2a: Ferrothorn\n|-damage|p1a: Heracross|72\/100|[from] item: Rocky Helmet|[of] p2a: Ferrothorn\n|\n|-status|p1a: Heracross|brn|[from] item: Flame Orb\n|upkeep\n|turn|5\n|\n|t:|1699939896\n|move|p1a: Heracross|Close Combat|p2a: Ferrothorn\n|-supereffective|p2a: Ferrothorn\n|-damage|p2a: Ferrothorn|0 fnt\n|-unboost|p1a: Heracross|def|1\n|-unboost|p1a: Heracross|spd|1\n|-damage|p1a: Heracross|59\/100 brn|[from] ability: Iron Barbs|[of] p2a: Ferrothorn\n|-damage|p1a: Heracross|43\/100 brn|[from] item: Rocky Helmet|[of] p2a: Ferrothorn\n|faint|p2a: Ferrothorn\n|\n|-damage|p1a: Heracross|37\/100 brn|[from] brn\n|upkeep\n|\n|t:|1699939910\n|switch|p2a: Landorus|Landorus-Therian, M|100\/100\n|-damage|p2a: Landorus|88\/100|[from] Stealth Rock\n|-ability|p2a: Landorus|Intimidate|boost\n|-unboost|p1a: Heracross|atk|1\n|turn|6\n|\n|t:|1699939915\n|move|p1a: Heracross|Knock Off|p2a: Landorus\n|-damage|p2a: Landorus|48\/100\n|-enditem|p2a: Landorus|Life Orb|[from] move: Knock Off|[of] p1a: Heracross\n|move|p2a: Landorus|Earthquake|p1a: Heracross\n|-damage|p1a: Heracross|0 fnt\n|faint|p1a: Heracross\n|\n|upkeep\n|\n|t:|1699939922\n|switch|p1a: Galvantula|Galvantula, M|100\/100\n|turn|7\n|\n|t:|1699939925\n|move|p1a: Galvantula|Sticky Web|p2a: Landorus\n|-sidestart|p2: Guancho|move: Sticky Web\n|move|p2a: Landorus|Earthquake|p1a: Galvantula\n|-enditem|p1a: Galvantula|Focus Sash\n|-damage|p1a: Galvantula|1\/100\n|\n|upkeep\n|turn|8\n|\n|t:|1699939929\n|move|p1a: Galvantula|Hidden Power|p2a: Landorus\n|-supereffective|p2a: Landorus\n|-damage|p2a: Landorus|0 fnt\n|faint|p2a: Landorus\n|\n|upkeep\n|\n|t:|1699939933\n|switch|p2a: Blastoise|Blastoise, F|100\/100\n|-damage|p2a: Blastoise|88\/100|[from] Stealth Rock\n|-activate|p2a: Blastoise|move: Sticky Web\n|-unboost|p2a: Blastoise|spe|1\n|turn|9\n|\n|t:|1699939937\n|-terastallize|p2a: Blastoise|Dragon\n|move|p1a: Galvantula|Thunder|p2a: Blastoise\n|-resisted|p2a: Blastoise\n|-damage|p2a: Blastoise|65\/100\n|move|p2a: Blastoise|Rapid Spin|p1a: Galvantula\n|-crit|p1a: Galvantula\n|-damage|p1a: Galvantula|0 fnt\n|-boost|p2a: Blastoise|spe|1\n|-sideend|p2: Guancho|Stealth Rock|[from] move: Rapid Spin|[of] p2a: Blastoise\n|-sideend|p2: Guancho|Sticky Web|[from] move: Rapid Spin|[of] p2a: Blastoise\n|faint|p1a: Galvantula\n|\n|-heal|p2a: Blastoise|71\/100|[from] item: Leftovers\n|upkeep\n|\n|t:|1699939944\n|switch|p1a: Frosmoth|Frosmoth, M|100\/100\n|turn|10\n|\n|t:|1699939952\n|move|p1a: Frosmoth|Quiver Dance|p1a: Frosmoth\n|-boost|p1a: Frosmoth|spa|1\n|-boost|p1a: Frosmoth|spd|1\n|-boost|p1a: Frosmoth|spe|1\n|move|p2a: Blastoise|Toxic|p1a: Frosmoth\n|-status|p1a: Frosmoth|tox\n|\n|-heal|p2a: Blastoise|77\/100|[from] item: Leftovers\n|-damage|p1a: Frosmoth|94\/100 tox|[from] psn\n|upkeep\n|turn|11\n|\n|t:|1699939959\n|switch|p2a: Iron Valiant|Iron Valiant|100\/100\n|move|p1a: Frosmoth|Quiver Dance|p1a: Frosmoth\n|-boost|p1a: Frosmoth|spa|1\n|-boost|p1a: Frosmoth|spd|1\n|-boost|p1a: Frosmoth|spe|1\n|\n|-damage|p1a: Frosmoth|82\/100 tox|[from] psn\n|upkeep\n|turn|12\n|\n|t:|1699939969\n|move|p1a: Frosmoth|Ice Beam|p2a: Iron Valiant\n|-damage|p2a: Iron Valiant|0 fnt\n|faint|p2a: Iron Valiant\n|-end|p2a: Iron Valiant|Quark Drive|[silent]\n|\n|-damage|p1a: Frosmoth|64\/100 tox|[from] psn\n|upkeep\n|\n|t:|1699939988\n|switch|p2a: Kommo-o|Kommo-o, F|100\/100\n|turn|13\n|\n|t:|1699939996\n|move|p1a: Frosmoth|Ice Beam|p2a: Kommo-o\n|-supereffective|p2a: Kommo-o\n|-damage|p2a: Kommo-o|0 fnt\n|faint|p2a: Kommo-o\n|\n|-damage|p1a: Frosmoth|39\/100 tox|[from] psn\n|upkeep\n|\n|t:|1699939999\n|switch|p2a: Blastoise|Blastoise, F, tera:Dragon|77\/100\n|turn|14\n|\n|t:|1699940009\n|move|p1a: Frosmoth|Ice Beam|p2a: Blastoise\n|-supereffective|p2a: Blastoise\n|-damage|p2a: Blastoise|0 fnt\n|faint|p2a: Blastoise\n|\n|-damage|p1a: Frosmoth|9\/100 tox|[from] psn\n|upkeep\n|\n|t:|1699940011\n|switch|p2a: Venusaur|Venusaur-Mega, M|65\/100\n|turn|15\n|\n|t:|1699940017\n|move|p1a: Frosmoth|Ice Beam|p2a: Venusaur\n|-supereffective|p2a: Venusaur\n|-damage|p2a: Venusaur|0 fnt\n|faint|p2a: Venusaur\n|\n|win|v587\n|raw|v587's rating: 1422 &rarr; <strong>1436<\/strong><br \/>(+14 for winning)\n|raw|Guancho's rating: 1317 &rarr; <strong>1303<\/strong><br \/>(-14 for losing)\n|l|\u2606Guancho\n","uploadtime":1699940022,"views":6,"p1id":"v587","p2id":"guancho","formatid":"gen9nationaldex","rating":1303,"private":0,"password":""}