{"id":"gen9nationaldex-1988789536","p1":"asd4657","p2":"dvdpoola","format":"[Gen 9] National Dex","log":"|j|\u2606asd4657\n|j|\u2606dvdpoola\n|t:|1699763433\n|gametype|singles\n|player|p1|asd4657|265|1210\n|player|p2|dvdpoola|clown|1144\n|teamsize|p1|6\n|teamsize|p2|6\n|gen|9\n|tier|[Gen 9] National Dex\n|rated|\n|rule|HP Percentage Mod: HP is shown in percentages\n|rule|Endless Battle Clause: Forcing endless battles is banned\n|rule|OHKO Clause: OHKO moves are banned\n|rule|Evasion Clause: Evasion abilities, items, and moves are banned\n|rule|Evasion Abilities Clause: Evasion abilities are banned\n|rule|Evasion Items Clause: Evasion items are banned\n|rule|Evasion Moves Clause: Evasion moves are banned\n|rule|Species Clause: Limit one of each Pok\u00e9mon\n|rule|Sleep Clause Mod: Limit one foe put to sleep\n|clearpoke\n|poke|p1|Ceruledge, M|\n|poke|p1|Iron Valiant|\n|poke|p1|Glimmora, M|\n|poke|p1|Clefable, M|\n|poke|p1|Jellicent, M|\n|poke|p1|Zapdos|\n|poke|p2|Hatterene, F|\n|poke|p2|Rabsca, F|\n|poke|p2|Seismitoad, F|\n|poke|p2|Bisharp, M|\n|poke|p2|Salamence, M|\n|poke|p2|Dudunsparce-*, M|\n|teampreview\n|\n|t:|1699763458\n|start\n|switch|p1a: Zapdos|Zapdos|100\/100\n|switch|p2a: Hatterene|Hatterene, F|100\/100\n|turn|1\n|\n|t:|1699763466\n|move|p1a: Zapdos|Volt Switch|p2a: Hatterene\n|-damage|p2a: Hatterene|74\/100\n|\n|t:|1699763473\n|switch|p1a: Ceruledge|Ceruledge, M|100\/100|[from] Volt Switch\n|move|p2a: Hatterene|Trick Room|p2a: Hatterene\n|-fieldstart|move: Trick Room|[of] p2a: Hatterene\n|\n|upkeep\n|turn|2\n|\n|t:|1699763486\n|move|p2a: Hatterene|Psychic|p1a: Ceruledge\n|-damage|p1a: Ceruledge|54\/100\n|move|p1a: Ceruledge|Close Combat|p2a: Hatterene\n|-resisted|p2a: Hatterene\n|-damage|p2a: Hatterene|65\/100\n|-unboost|p1a: Ceruledge|def|1\n|-unboost|p1a: Ceruledge|spd|1\n|\n|upkeep\n|turn|3\n|\n|t:|1699763496\n|move|p1a: Ceruledge|Shadow Sneak|p2a: Hatterene\n|-supereffective|p2a: Hatterene\n|-damage|p2a: Hatterene|31\/100\n|move|p2a: Hatterene|Psychic|p1a: Ceruledge\n|-damage|p1a: Ceruledge|0 fnt\n|faint|p1a: Ceruledge\n|\n|upkeep\n|\n|t:|1699763502\n|switch|p1a: Clefable|Clefable, M|100\/100\n|turn|4\n|\n|t:|1699763516\n|move|p2a: Hatterene|Mystical Fire|p1a: Clefable\n|-damage|p1a: Clefable|78\/100\n|-unboost|p1a: Clefable|spa|1\n|move|p1a: Clefable|Cosmic Power|p1a: Clefable\n|-boost|p1a: Clefable|def|1\n|-boost|p1a: Clefable|spd|1\n|\n|-heal|p1a: Clefable|84\/100|[from] item: Leftovers\n|upkeep\n|turn|5\n|\n|t:|1699763526\n|move|p2a: Hatterene|Mystical Fire|p1a: Clefable\n|-damage|p1a: Clefable|70\/100\n|-unboost|p1a: Clefable|spa|1\n|move|p1a: Clefable|Cosmic Power|p1a: Clefable\n|-boost|p1a: Clefable|def|1\n|-boost|p1a: Clefable|spd|1\n|\n|-heal|p1a: Clefable|76\/100|[from] item: Leftovers\n|-fieldend|move: Trick Room\n|upkeep\n|turn|6\n|\n|t:|1699763537\n|move|p1a: Clefable|Cosmic Power|p1a: Clefable\n|-boost|p1a: Clefable|def|1\n|-boost|p1a: Clefable|spd|1\n|move|p2a: Hatterene|Mystical Fire|p1a: Clefable\n|-damage|p1a: Clefable|66\/100\n|-unboost|p1a: Clefable|spa|1\n|\n|-heal|p1a: Clefable|73\/100|[from] item: Leftovers\n|upkeep\n|turn|7\n|\n|t:|1699763548\n|switch|p2a: Bisharp|Bisharp, M|100\/100\n|move|p1a: Clefable|Cosmic Power|p1a: Clefable\n|-boost|p1a: Clefable|def|1\n|-boost|p1a: Clefable|spd|1\n|\n|-heal|p1a: Clefable|79\/100|[from] item: Leftovers\n|upkeep\n|turn|8\n|\n|t:|1699763557\n|move|p2a: Bisharp|Swords Dance|p2a: Bisharp\n|-boost|p2a: Bisharp|atk|2\n|move|p1a: Clefable|Cosmic Power|p1a: Clefable\n|-boost|p1a: Clefable|def|1\n|-boost|p1a: Clefable|spd|1\n|\n|-heal|p1a: Clefable|85\/100|[from] item: Leftovers\n|upkeep\n|turn|9\n|\n|t:|1699763565\n|move|p2a: Bisharp|Swords Dance|p2a: Bisharp\n|-boost|p2a: Bisharp|atk|2\n|move|p1a: Clefable|Cosmic Power|p1a: Clefable\n|-boost|p1a: Clefable|def|1\n|-boost|p1a: Clefable|spd|1\n|\n|-heal|p1a: Clefable|91\/100|[from] item: Leftovers\n|upkeep\n|turn|10\n|\n|t:|1699763574\n|move|p2a: Bisharp|Iron Head|p1a: Clefable\n|-supereffective|p1a: Clefable\n|-damage|p1a: Clefable|74\/100\n|move|p1a: Clefable|Charge Beam|p2a: Bisharp\n|-damage|p2a: Bisharp|96\/100\n|-boost|p1a: Clefable|spa|1\n|\n|-heal|p1a: Clefable|80\/100|[from] item: Leftovers\n|upkeep\n|turn|11\n|\n|t:|1699763584\n|switch|p2a: Seismitoad|Seismitoad, F|100\/100\n|move|p1a: Clefable|Charge Beam|p2a: Seismitoad\n|-immune|p2a: Seismitoad\n|\n|-heal|p1a: Clefable|86\/100|[from] item: Leftovers\n|upkeep\n|turn|12\n|\n|t:|1699763592\n|move|p2a: Seismitoad|Knock Off|p1a: Clefable\n|-resisted|p1a: Clefable\n|-damage|p1a: Clefable|84\/100\n|-enditem|p1a: Clefable|Leftovers|[from] move: Knock Off|[of] p2a: Seismitoad\n|move|p1a: Clefable|Stored Power|p2a: Seismitoad\n|-damage|p2a: Seismitoad|73\/100\n|\n|-heal|p2a: Seismitoad|79\/100|[from] item: Leftovers\n|upkeep\n|turn|13\n|\n|t:|1699763603\n|move|p2a: Seismitoad|Toxic|p1a: Clefable\n|-status|p1a: Clefable|tox\n|move|p1a: Clefable|Stored Power|p2a: Seismitoad\n|-damage|p2a: Seismitoad|49\/100\n|\n|-heal|p2a: Seismitoad|55\/100|[from] item: Leftovers\n|-damage|p1a: Clefable|78\/100 tox|[from] psn\n|upkeep\n|turn|14\n|\n|t:|1699763613\n|switch|p2a: Bisharp|Bisharp, M|96\/100\n|move|p1a: Clefable|Charge Beam|p2a: Bisharp\n|-damage|p2a: Bisharp|91\/100\n|-boost|p1a: Clefable|spa|1\n|\n|-damage|p1a: Clefable|65\/100 tox|[from] psn\n|upkeep\n|turn|15\n|\n|t:|1699763624\n|switch|p2a: Seismitoad|Seismitoad, F|55\/100\n|switch|p1a: Zapdos|Zapdos|100\/100\n|\n|-heal|p2a: Seismitoad|61\/100|[from] item: Leftovers\n|upkeep\n|turn|16\n|\n|t:|1699763633\n|move|p1a: Zapdos|Toxic|p2a: Seismitoad\n|-status|p2a: Seismitoad|tox\n|move|p2a: Seismitoad|Stealth Rock|p1a: Zapdos\n|-sidestart|p1: asd4657|move: Stealth Rock\n|\n|-heal|p2a: Seismitoad|67\/100 tox|[from] item: Leftovers\n|-damage|p2a: Seismitoad|61\/100 tox|[from] psn\n|upkeep\n|turn|17\n|\n|t:|1699763643\n|switch|p1a: Clefable|Clefable, M|65\/100 tox\n|-damage|p1a: Clefable|53\/100 tox|[from] Stealth Rock\n|move|p2a: Seismitoad|Knock Off|p1a: Clefable\n|-resisted|p1a: Clefable\n|-damage|p1a: Clefable|48\/100 tox\n|\n|-heal|p2a: Seismitoad|67\/100 tox|[from] item: Leftovers\n|-damage|p2a: Seismitoad|55\/100 tox|[from] psn\n|-damage|p1a: Clefable|42\/100 tox|[from] psn\n|upkeep\n|turn|18\n|\n|t:|1699763657\n|move|p2a: Seismitoad|Earthquake|p1a: Clefable\n|-damage|p1a: Clefable|18\/100 tox\n|move|p1a: Clefable|Moonlight|p1a: Clefable\n|-heal|p1a: Clefable|68\/100 tox\n|\n|-heal|p2a: Seismitoad|61\/100 tox|[from] item: Leftovers\n|-damage|p2a: Seismitoad|43\/100 tox|[from] psn\n|-damage|p1a: Clefable|56\/100 tox|[from] psn\n|upkeep\n|turn|19\n|\n|t:|1699763670\n|switch|p2a: Hatterene|Hatterene, F|31\/100\n|switch|p1a: Zapdos|Zapdos|100\/100\n|-damage|p1a: Zapdos|75\/100|[from] Stealth Rock\n|\n|upkeep\n|turn|20\n|\n|t:|1699763679\n|switch|p2a: Seismitoad|Seismitoad, F|43\/100 tox\n|move|p1a: Zapdos|Volt Switch|p2a: Seismitoad\n|-immune|p2a: Seismitoad\n|\n|-heal|p2a: Seismitoad|49\/100 tox|[from] item: Leftovers\n|-damage|p2a: Seismitoad|43\/100 tox|[from] psn\n|upkeep\n|turn|21\n|\n|t:|1699763693\n|switch|p1a: Clefable|Clefable, M|56\/100 tox\n|-damage|p1a: Clefable|43\/100 tox|[from] Stealth Rock\n|switch|p2a: Dudunsparce|Dudunsparce, M|100\/100\n|\n|-damage|p1a: Clefable|37\/100 tox|[from] psn\n|upkeep\n|turn|22\n|\n|t:|1699763710\n|switch|p1a: Glimmora|Glimmora, M|100\/100\n|-damage|p1a: Glimmora|88\/100|[from] Stealth Rock\n|switch|p2a: Seismitoad|Seismitoad, F|43\/100 tox\n|\n|-heal|p2a: Seismitoad|49\/100 tox|[from] item: Leftovers\n|-damage|p2a: Seismitoad|43\/100 tox|[from] psn\n|upkeep\n|turn|23\n|\n|t:|1699763720\n|switch|p1a: Zapdos|Zapdos|75\/100\n|-damage|p1a: Zapdos|50\/100|[from] Stealth Rock\n|move|p2a: Seismitoad|Earthquake|p1a: Zapdos\n|-immune|p1a: Zapdos\n|\n|-heal|p2a: Seismitoad|49\/100 tox|[from] item: Leftovers\n|-damage|p2a: Seismitoad|37\/100 tox|[from] psn\n|upkeep\n|turn|24\n|\n|t:|1699763730\n|move|p1a: Zapdos|Roost|p1a: Zapdos\n|-heal|p1a: Zapdos|100\/100\n|-singleturn|p1a: Zapdos|move: Roost\n|move|p2a: Seismitoad|Earthquake|p1a: Zapdos\n|-supereffective|p1a: Zapdos\n|-damage|p1a: Zapdos|56\/100\n|\n|-heal|p2a: Seismitoad|43\/100 tox|[from] item: Leftovers\n|-damage|p2a: Seismitoad|25\/100 tox|[from] psn\n|upkeep\n|turn|25\n|\n|t:|1699763741\n|move|p1a: Zapdos|Roost|p1a: Zapdos\n|-heal|p1a: Zapdos|100\/100\n|-singleturn|p1a: Zapdos|move: Roost\n|move|p2a: Seismitoad|Knock Off|p1a: Zapdos\n|-damage|p1a: Zapdos|86\/100\n|-damage|p2a: Seismitoad|8\/100 tox|[from] item: Rocky Helmet|[of] p1a: Zapdos\n|-enditem|p1a: Zapdos|Rocky Helmet|[from] move: Knock Off|[of] p2a: Seismitoad\n|\n|-heal|p2a: Seismitoad|14\/100 tox|[from] item: Leftovers\n|-damage|p2a: Seismitoad|0 fnt|[from] psn\n|faint|p2a: Seismitoad\n|upkeep\n|\n|t:|1699763758\n|switch|p2a: Rabsca|Rabsca, F|100\/100\n|turn|26\n|\n|t:|1699763765\n|move|p1a: Zapdos|Volt Switch|p2a: Rabsca\n|-damage|p2a: Rabsca|71\/100\n|\n|t:|1699763769\n|switch|p1a: Jellicent|Jellicent, M|100\/100|[from] Volt Switch\n|-damage|p1a: Jellicent|88\/100|[from] Stealth Rock\n|move|p2a: Rabsca|Trick Room|p2a: Rabsca\n|-fieldstart|move: Trick Room|[of] p2a: Rabsca\n|\n|-heal|p1a: Jellicent|94\/100|[from] item: Leftovers\n|upkeep\n|turn|27\n|\n|t:|1699763781\n|switch|p2a: Dudunsparce|Dudunsparce, M|100\/100\n|move|p1a: Jellicent|Will-O-Wisp|p2a: Dudunsparce\n|-status|p2a: Dudunsparce|brn\n|\n|-heal|p1a: Jellicent|100\/100|[from] item: Leftovers\n|-damage|p2a: Dudunsparce|94\/100 brn|[from] brn\n|upkeep\n|turn|28\n|\n|t:|1699763795\n|switch|p1a: Zapdos|Zapdos|86\/100\n|-damage|p1a: Zapdos|61\/100|[from] Stealth Rock\n|move|p2a: Dudunsparce|Charge Beam|p1a: Zapdos\n|-damage|p1a: Zapdos|50\/100\n|-boost|p2a: Dudunsparce|spa|1\n|\n|-heal|p2a: Dudunsparce|100\/100 brn|[from] item: Leftovers\n|-damage|p2a: Dudunsparce|94\/100 brn|[from] brn\n|upkeep\n|turn|29\n|\n|t:|1699763808\n|switch|p1a: Jellicent|Jellicent, M|100\/100\n|-damage|p1a: Jellicent|88\/100|[from] Stealth Rock\n|move|p2a: Dudunsparce|Charge Beam|p1a: Jellicent\n|-supereffective|p1a: Jellicent\n|-damage|p1a: Jellicent|70\/100\n|-boost|p2a: Dudunsparce|spa|1\n|\n|-heal|p2a: Dudunsparce|100\/100 brn|[from] item: Leftovers\n|-heal|p1a: Jellicent|76\/100|[from] item: Leftovers\n|-damage|p2a: Dudunsparce|94\/100 brn|[from] brn\n|upkeep\n|turn|30\n|\n|t:|1699763823\n|move|p2a: Dudunsparce|Charge Beam|p1a: Jellicent\n|-supereffective|p1a: Jellicent\n|-damage|p1a: Jellicent|48\/100\n|-boost|p2a: Dudunsparce|spa|1\n|move|p1a: Jellicent|Hydro Pump|p2a: Dudunsparce\n|-damage|p2a: Dudunsparce|69\/100 brn\n|\n|-heal|p2a: Dudunsparce|75\/100 brn|[from] item: Leftovers\n|-heal|p1a: Jellicent|54\/100|[from] item: Leftovers\n|-damage|p2a: Dudunsparce|69\/100 brn|[from] brn\n|-fieldend|move: Trick Room\n|upkeep\n|turn|31\n|\n|t:|1699763835\n|move|p1a: Jellicent|Strength Sap|p2a: Dudunsparce\n|-unboost|p2a: Dudunsparce|atk|1\n|-heal|p1a: Jellicent|99\/100\n|move|p2a: Dudunsparce|Charge Beam|p1a: Jellicent\n|-supereffective|p1a: Jellicent\n|-damage|p1a: Jellicent|68\/100\n|-boost|p2a: Dudunsparce|spa|1\n|\n|-heal|p1a: Jellicent|75\/100|[from] item: Leftovers\n|-heal|p2a: Dudunsparce|75\/100 brn|[from] item: Leftovers\n|-damage|p2a: Dudunsparce|69\/100 brn|[from] brn\n|upkeep\n|turn|32\n|\n|t:|1699763850\n|move|p1a: Jellicent|Hydro Pump|p2a: Dudunsparce\n|-damage|p2a: Dudunsparce|46\/100 brn\n|move|p2a: Dudunsparce|Charge Beam|p1a: Jellicent\n|-supereffective|p1a: Jellicent\n|-crit|p1a: Jellicent\n|-damage|p1a: Jellicent|19\/100\n|-boost|p2a: Dudunsparce|spa|1\n|\n|-heal|p1a: Jellicent|25\/100|[from] item: Leftovers\n|-heal|p2a: Dudunsparce|52\/100 brn|[from] item: Leftovers\n|-damage|p2a: Dudunsparce|46\/100 brn|[from] brn\n|upkeep\n|turn|33\n|\n|t:|1699763863\n|switch|p1a: Glimmora|Glimmora, M|88\/100\n|-damage|p1a: Glimmora|76\/100|[from] Stealth Rock\n|move|p2a: Dudunsparce|Earth Power|p1a: Glimmora\n|-supereffective|p1a: Glimmora\n|-damage|p1a: Glimmora|0 fnt\n|faint|p1a: Glimmora\n|\n|-heal|p2a: Dudunsparce|52\/100 brn|[from] item: Leftovers\n|-damage|p2a: Dudunsparce|46\/100 brn|[from] brn\n|upkeep\n|\n|t:|1699763866\n|switch|p1a: Iron Valiant|Iron Valiant|100\/100\n|-damage|p1a: Iron Valiant|94\/100|[from] Stealth Rock\n|-enditem|p1a: Iron Valiant|Booster Energy\n|-activate|p1a: Iron Valiant|ability: Quark Drive|[fromitem]\n|-start|p1a: Iron Valiant|quarkdrivespe\n|turn|34\n|\n|t:|1699763882\n|-terastallize|p2a: Dudunsparce|Poison\n|move|p1a: Iron Valiant|Close Combat|p2a: Dudunsparce\n|-resisted|p2a: Dudunsparce\n|-damage|p2a: Dudunsparce|24\/100 brn\n|-unboost|p1a: Iron Valiant|def|1\n|-unboost|p1a: Iron Valiant|spd|1\n|move|p2a: Dudunsparce|Earth Power|p1a: Iron Valiant\n|-damage|p1a: Iron Valiant|0 fnt\n|faint|p1a: Iron Valiant\n|-end|p1a: Iron Valiant|Quark Drive|[silent]\n|\n|-heal|p2a: Dudunsparce|30\/100 brn|[from] item: Leftovers\n|-damage|p2a: Dudunsparce|24\/100 brn|[from] brn\n|upkeep\n|-message|asd4657 forfeited.\n|\n|win|dvdpoola\n|raw|asd4657's rating: 1210 &rarr; <strong>1180<\/strong><br \/>(-30 for losing)\n|raw|dvdpoola's rating: 1144 &rarr; <strong>1174<\/strong><br \/>(+30 for winning)\n|l|\u2606asd4657\n","uploadtime":1699763901,"views":7,"p1id":"asd4657","p2id":"dvdpoola","formatid":"gen9nationaldex","rating":1174,"private":0,"password":""}