{"id":"gen9nationaldex-1990121614","p1":"loch2009","p2":"coolmanbestguy123","format":"[Gen 9] National Dex","log":"|j|\u2606loch2009\n|j|\u2606coolmanbestguy123\n|t:|1699926855\n|gametype|singles\n|player|p1|loch2009|lance|\n|player|p2|coolmanbestguy123|diantha|\n|teamsize|p1|6\n|teamsize|p2|6\n|gen|9\n|tier|[Gen 9] National Dex\n|rule|HP Percentage Mod: HP is shown in percentages\n|rule|Endless Battle Clause: Forcing endless battles is banned\n|rule|OHKO Clause: OHKO moves are banned\n|rule|Evasion Clause: Evasion abilities, items, and moves are banned\n|rule|Evasion Abilities Clause: Evasion abilities are banned\n|rule|Evasion Items Clause: Evasion items are banned\n|rule|Evasion Moves Clause: Evasion moves are banned\n|rule|Species Clause: Limit one of each Pok\u00e9mon\n|rule|Sleep Clause Mod: Limit one foe put to sleep\n|clearpoke\n|poke|p1|Dragonite, F|\n|poke|p1|Garchomp, F|\n|poke|p1|Kommo-o, M|\n|poke|p1|Hydreigon, M|\n|poke|p1|Goodra-Hisui, F|\n|poke|p1|Druddigon, M|\n|poke|p2|Sneasler, F|\n|poke|p2|Gardevoir, M|\n|poke|p2|Samurott-Hisui, F|\n|poke|p2|Landorus-Therian, M|\n|poke|p2|Heatran, M|\n|poke|p2|Tornadus-Therian, M|\n|teampreview\n|inactive|Battle timer is ON: inactive players will automatically lose when time's up. (requested by coolmanbestguy123)\n|c|\u2606loch2009|good luck\n|c|\u2606coolmanbestguy123|my main goal\n|c|\u2606coolmanbestguy123|is to blow up\n|\n|t:|1699926875\n|start\n|switch|p1a: Goodra|Goodra-Hisui, F|100\/100\n|switch|p2a: Child Support|Sneasler, F|100\/100\n|turn|1\n|c|\u2606loch2009|what\n|\n|t:|1699926884\n|move|p2a: Child Support|Fake Out|p1a: Goodra\n|-resisted|p1a: Goodra\n|-damage|p1a: Goodra|94\/100\n|cant|p1a: Goodra|flinch\n|\n|-heal|p1a: Goodra|100\/100|[from] item: Leftovers\n|upkeep\n|turn|2\n|\n|t:|1699926890\n|move|p2a: Child Support|U-turn|p1a: Goodra\n|-resisted|p1a: Goodra\n|-damage|p1a: Goodra|88\/100\n|\n|t:|1699926892\n|switch|p2a: Ceaseless Majesty|Samurott-Hisui, F|100\/100|[from] U-turn\n|move|p1a: Goodra|Acid Armor|p1a: Goodra\n|-boost|p1a: Goodra|def|2\n|\n|-heal|p1a: Goodra|94\/100|[from] item: Leftovers\n|upkeep\n|turn|3\n|\n|t:|1699926899\n|move|p2a: Ceaseless Majesty|Sacred Sword|p1a: Goodra\n|-supereffective|p1a: Goodra\n|-damage|p1a: Goodra|21\/100\n|move|p1a: Goodra|Dragon Pulse|p2a: Ceaseless Majesty\n|-damage|p2a: Ceaseless Majesty|67\/100\n|\n|-heal|p1a: Goodra|27\/100|[from] item: Leftovers\n|upkeep\n|turn|4\n|\n|t:|1699926906\n|move|p2a: Ceaseless Majesty|Sacred Sword|p1a: Goodra\n|-supereffective|p1a: Goodra\n|-damage|p1a: Goodra|0 fnt\n|faint|p1a: Goodra\n|\n|upkeep\n|\n|t:|1699926916\n|switch|p1a: Dragonite|Dragonite, F|100\/100\n|turn|5\n|\n|t:|1699926919\n|move|p2a: Ceaseless Majesty|Ceaseless Edge|p1a: Dragonite\n|-damage|p1a: Dragonite|76\/100\n|-sidestart|p1: loch2009|Spikes\n|move|p1a: Dragonite|Dragon Dance|p1a: Dragonite\n|-boost|p1a: Dragonite|atk|1\n|-boost|p1a: Dragonite|spe|1\n|\n|upkeep\n|turn|6\n|\n|t:|1699926927\n|move|p1a: Dragonite|Dragon Claw|p2a: Ceaseless Majesty\n|-damage|p2a: Ceaseless Majesty|0 fnt\n|faint|p2a: Ceaseless Majesty\n|\n|upkeep\n|\n|t:|1699926932\n|switch|p2a: Lalalando|Landorus-Therian, M|100\/100\n|-ability|p2a: Lalalando|Intimidate|boost\n|-unboost|p1a: Dragonite|atk|1\n|turn|7\n|\n|t:|1699926938\n|move|p1a: Dragonite|Dragon Dance|p1a: Dragonite\n|-boost|p1a: Dragonite|atk|1\n|-boost|p1a: Dragonite|spe|1\n|move|p2a: Lalalando|U-turn|p1a: Dragonite\n|-resisted|p1a: Dragonite\n|-damage|p1a: Dragonite|63\/100\n|\n|t:|1699926942\n|switch|p2a: Child Support|Sneasler, F|100\/100|[from] U-turn\n|\n|upkeep\n|turn|8\n|\n|t:|1699926948\n|move|p2a: Child Support|Fake Out|p1a: Dragonite\n|-damage|p1a: Dragonite|48\/100\n|cant|p1a: Dragonite|flinch\n|\n|upkeep\n|turn|9\n|inactive|coolmanbestguy123 has 270 seconds left.\n|c|\u2606loch2009|what do you mean your main goal is to explode\n|inactive|coolmanbestguy123 has 240 seconds left.\n|c|\u2606loch2009|would lance be strong with this team\n|inactive|coolmanbestguy123 has 210 seconds left.\n|inactive|coolmanbestguy123 has 180 seconds left.\n|c|\u2606loch2009|still there?\n|c|\u2606coolmanbestguy123|ya\n|c|\u2606coolmanbestguy123|thinking\n|\n|t:|1699927095\n|switch|p2a: Lalalando|Landorus-Therian, M|100\/100\n|-ability|p2a: Lalalando|Intimidate|boost\n|-unboost|p1a: Dragonite|atk|1\n|move|p1a: Dragonite|Extreme Speed|p2a: Lalalando\n|-damage|p2a: Lalalando|79\/100\n|-damage|p1a: Dragonite|32\/100|[from] item: Rocky Helmet|[of] p2a: Lalalando\n|\n|upkeep\n|turn|10\n|c|\u2606loch2009|ok\n|\n|t:|1699927113\n|move|p1a: Dragonite|Dragon Dance|p1a: Dragonite\n|-boost|p1a: Dragonite|atk|1\n|-boost|p1a: Dragonite|spe|1\n|move|p2a: Lalalando|U-turn|p1a: Dragonite\n|-resisted|p1a: Dragonite\n|-damage|p1a: Dragonite|20\/100\n|\n|t:|1699927120\n|switch|p2a: Child Support|Sneasler, F|100\/100|[from] U-turn\n|\n|upkeep\n|turn|11\n|\n|t:|1699927124\n|move|p2a: Child Support|Fake Out|p1a: Dragonite\n|-damage|p1a: Dragonite|4\/100\n|cant|p1a: Dragonite|flinch\n|\n|upkeep\n|turn|12\n|c|\u2606coolmanbestguy123|cheese!\n|\n|t:|1699927131\n|switch|p2a: Lalalando|Landorus-Therian, M|79\/100\n|-ability|p2a: Lalalando|Intimidate|boost\n|-unboost|p1a: Dragonite|atk|1\n|move|p1a: Dragonite|Dragon Claw|p2a: Lalalando\n|-damage|p2a: Lalalando|45\/100\n|-damage|p1a: Dragonite|0 fnt|[from] item: Rocky Helmet|[of] p2a: Lalalando\n|faint|p1a: Dragonite\n|\n|upkeep\n|c|\u2606loch2009|no\n|c|\u2606loch2009|34\n|c|\u2606loch2009|max hp?\n|\n|t:|1699927153\n|switch|p1a: Druddigon|Druddigon, M|100\/100\n|turn|13\n|inactive|coolmanbestguy123 has 180 seconds left.\n|c|\u2606loch2009|would you be terrified if lance had this team\n|\n|t:|1699927183\n|move|p2a: Lalalando|Stealth Rock|p1a: Druddigon\n|-sidestart|p1: loch2009|move: Stealth Rock\n|move|p1a: Druddigon|Glare|p2a: Lalalando\n|-status|p2a: Lalalando|par\n|\n|upkeep\n|turn|14\n|\n|t:|1699927187\n|move|p1a: Druddigon|Stealth Rock|p2a: Lalalando\n|-sidestart|p2: coolmanbestguy123|move: Stealth Rock\n|move|p2a: Lalalando|U-turn|p1a: Druddigon\n|-crit|p1a: Druddigon\n|-damage|p1a: Druddigon|69\/100\n|-damage|p2a: Lalalando|33\/100 par|[from] ability: Rough Skin|[of] p1a: Druddigon\n|c|\u2606coolmanbestguy123|maybe\n|\n|t:|1699927201\n|switch|p2a: Gardevoir|Gardevoir, M|100\/100|[from] U-turn\n|-damage|p2a: Gardevoir|88\/100|[from] Stealth Rock\n|\n|upkeep\n|turn|15\n|c|\u2606loch2009|i have built in rocky helm\n|\n|t:|1699927209\n|detailschange|p2a: Gardevoir|Gardevoir-Mega, M\n|-mega|p2a: Gardevoir|Gardevoir|Gardevoirite\n|move|p2a: Gardevoir|Hyper Voice|p1a: Druddigon\n|-supereffective|p1a: Druddigon\n|-damage|p1a: Druddigon|0 fnt\n|faint|p1a: Druddigon\n|\n|upkeep\n|\n|t:|1699927217\n|switch|p1a: Hydreigon|Hydreigon, M|100\/100\n|-damage|p1a: Hydreigon|88\/100|[from] Stealth Rock\n|turn|16\n|c|\u2606coolmanbestguy123|this has to be scarfed\n|\n|t:|1699927225\n|-terastallize|p1a: Hydreigon|Dark\n|move|p1a: Hydreigon|Dark Pulse|p2a: Gardevoir\n|-damage|p2a: Gardevoir|32\/100\n|move|p2a: Gardevoir|Hyper Voice|p1a: Hydreigon\n|-supereffective|p1a: Hydreigon\n|-damage|p1a: Hydreigon|0 fnt\n|faint|p1a: Hydreigon\n|\n|upkeep\n|c|\u2606loch2009|maybe\n|c|\u2606loch2009|56\n|c|\u2606loch2009|crap\n|\n|t:|1699927237\n|switch|p1a: Garchomp|Garchomp, F|100\/100\n|-damage|p1a: Garchomp|88\/100|[from] Spikes\n|-damage|p1a: Garchomp|82\/100|[from] Stealth Rock\n|turn|17\n|\n|t:|1699927241\n|move|p1a: Garchomp|Iron Head|p2a: Gardevoir\n|-supereffective|p2a: Gardevoir\n|-damage|p2a: Gardevoir|0 fnt\n|faint|p2a: Gardevoir\n|\n|upkeep\n|\n|t:|1699927246\n|switch|p2a: Child Support|Sneasler, F|100\/100\n|-damage|p2a: Child Support|95\/100|[from] Stealth Rock\n|turn|18\n|c|\u2606loch2009|i was gonna mega\n|c|\u2606loch2009|but i would be slower\n|\n|t:|1699927259\n|detailschange|p1a: Garchomp|Garchomp-Mega, F\n|-mega|p1a: Garchomp|Garchomp|Garchompite\n|move|p2a: Child Support|Fake Out|p1a: Garchomp\n|-damage|p1a: Garchomp|71\/100\n|-status|p1a: Garchomp|psn|[from] ability: Poison Touch|[of] p2a: Child Support\n|cant|p1a: Garchomp|flinch\n|\n|-damage|p1a: Garchomp|59\/100 psn|[from] psn\n|upkeep\n|turn|19\n|\n|t:|1699927270\n|move|p2a: Child Support|U-turn|p1a: Garchomp\n|-damage|p1a: Garchomp|38\/100 psn\n|\n|t:|1699927273\n|switch|p2a: Lalalando|Landorus-Therian, M|33\/100 par|[from] U-turn\n|-damage|p2a: Lalalando|21\/100 par|[from] Stealth Rock\n|-ability|p2a: Lalalando|Intimidate|boost\n|-unboost|p1a: Garchomp|atk|1\n|move|p1a: Garchomp|Scale Shot|p2a: Lalalando|[miss]\n|-miss|p1a: Garchomp|p2a: Lalalando\n|\n|-damage|p1a: Garchomp|25\/100 psn|[from] psn\n|upkeep\n|turn|20\n|\n|t:|1699927282\n|move|p1a: Garchomp|Scale Shot|p2a: Lalalando\n|-damage|p2a: Lalalando|14\/100 par\n|-damage|p2a: Lalalando|6\/100 par\n|-hitcount|p2a: Lalalando|2\n|-unboost|p1a: Garchomp|def|1\n|-boost|p1a: Garchomp|spe|1\n|move|p2a: Lalalando|Earthquake|p1a: Garchomp\n|-damage|p1a: Garchomp|0 fnt\n|faint|p1a: Garchomp\n|\n|upkeep\n|c|\u2606coolmanbestguy123|landourus\n|c|\u2606coolmanbestguy123|ok that was unlucky\n|c|\u2606coolmanbestguy123|with the 2 hit\n|c|\u2606loch2009|:)\n|\n|t:|1699927299\n|switch|p1a: Kommo-o|Kommo-o, M|100\/100\n|-damage|p1a: Kommo-o|88\/100|[from] Spikes\n|-damage|p1a: Kommo-o|82\/100|[from] Stealth Rock\n|turn|21\n|inactive|coolmanbestguy123 has 240 seconds left.\n|\n|t:|1699927305\n|-zpower|p1a: Kommo-o\n|move|p1a: Kommo-o|Clangorous Soulblaze|p2a: Lalalando|[zeffect]\n|-damage|p2a: Lalalando|0 fnt\n|faint|p2a: Lalalando\n|-boost|p1a: Kommo-o|atk|1\n|-boost|p1a: Kommo-o|def|1\n|-boost|p1a: Kommo-o|spa|1\n|-boost|p1a: Kommo-o|spd|1\n|-boost|p1a: Kommo-o|spe|1\n|\n|upkeep\n|c|\u2606loch2009|i belive in kommo oh\n|inactive|coolmanbestguy123 has 240 seconds left.\n|\n|t:|1699927311\n|switch|p2a: Child Support|Sneasler, F|95\/100\n|-damage|p2a: Child Support|89\/100|[from] Stealth Rock\n|turn|22\n|\n|t:|1699927323\n|move|p2a: Child Support|Fake Out|p1a: Kommo-o\n|-damage|p1a: Kommo-o|73\/100\n|cant|p1a: Kommo-o|flinch\n|\n|upkeep\n|turn|23\n|\n|t:|1699927331\n|move|p1a: Kommo-o|Aura Sphere|p2a: Child Support\n|-resisted|p2a: Child Support\n|-damage|p2a: Child Support|56\/100\n|move|p2a: Child Support|Dire Claw|p1a: Kommo-o\n|-damage|p1a: Kommo-o|45\/100\n|\n|upkeep\n|turn|24\n|\n|t:|1699927335\n|move|p1a: Kommo-o|Flash Cannon|p2a: Child Support\n|-damage|p2a: Child Support|10\/100\n|move|p2a: Child Support|Dire Claw|p1a: Kommo-o\n|-damage|p1a: Kommo-o|20\/100\n|\n|upkeep\n|turn|25\n|inactive|coolmanbestguy123 has 270 seconds left.\n|\n|t:|1699927344\n|switch|p2a: Danger!|Heatran, M|100\/100\n|-damage|p2a: Danger!|88\/100|[from] Stealth Rock\n|move|p1a: Kommo-o|Flash Cannon|p2a: Danger!\n|-resisted|p2a: Danger!\n|-damage|p2a: Danger!|79\/100\n|\n|upkeep\n|turn|26\n|c|\u2606loch2009|no status :)\n|\n|t:|1699927356\n|move|p1a: Kommo-o|Aura Sphere|p2a: Danger!\n|-supereffective|p2a: Danger!\n|-damage|p2a: Danger!|0 fnt\n|faint|p2a: Danger!\n|\n|upkeep\n|c|\u2606loch2009|gg\n|\n|t:|1699927363\n|switch|p2a: Child Support|Sneasler, F|10\/100\n|-damage|p2a: Child Support|4\/100|[from] Stealth Rock\n|turn|27\n|c|\u2606loch2009|i lose to fake out\n|\n|t:|1699927370\n|move|p2a: Child Support|Fake Out|p1a: Kommo-o\n|-damage|p1a: Kommo-o|10\/100\n|cant|p1a: Kommo-o|flinch\n|\n|upkeep\n|turn|28\n|\n|t:|1699927375\n|move|p1a: Kommo-o|Flash Cannon|p2a: Child Support\n|-damage|p2a: Child Support|0 fnt\n|faint|p2a: Child Support\n|\n|upkeep\n|c|\u2606loch2009|i live\n|\n|t:|1699927378\n|switch|p2a: Boo!|Tornadus-Therian, M|100\/100\n|-damage|p2a: Boo!|76\/100|[from] Stealth Rock\n|turn|29\n|c|\u2606loch2009|all comes down to if you are av\n|\n|t:|1699927388\n|move|p1a: Kommo-o|Clanging Scales|p2a: Boo!\n|-damage|p2a: Boo!|0 fnt\n|faint|p2a: Boo!\n|\n|win|loch2009\n|c|\u2606coolmanbestguy123|gg to whoever lives\n|c|\u2606coolmanbestguy123|rip\n|c|\u2606loch2009|gg\n|c|\u2606coolmanbestguy123|gg\n","uploadtime":1699927400,"views":7,"p1id":"loch2009","p2id":"coolmanbestguy123","formatid":"gen9nationaldex","rating":0,"private":0,"password":""}