{"id":"gen9nationaldex-1992095860","p1":"ImPno","p2":"AFreeVirus!","format":"[Gen 9] National Dex","log":"|j|\u2606ImPno\n|j|\u2606AFreeVirus!\n|t:|1700154728\n|gametype|singles\n|player|p1|ImPno|ethan|1305\n|player|p2|AFreeVirus!|ingo|1277\n|teamsize|p1|6\n|teamsize|p2|6\n|gen|9\n|tier|[Gen 9] National Dex\n|rated|\n|rule|HP Percentage Mod: HP is shown in percentages\n|rule|Endless Battle Clause: Forcing endless battles is banned\n|rule|OHKO Clause: OHKO moves are banned\n|rule|Evasion Clause: Evasion abilities, items, and moves are banned\n|rule|Evasion Abilities Clause: Evasion abilities are banned\n|rule|Evasion Items Clause: Evasion items are banned\n|rule|Evasion Moves Clause: Evasion moves are banned\n|rule|Species Clause: Limit one of each Pok\u00e9mon\n|rule|Sleep Clause Mod: Limit one foe put to sleep\n|clearpoke\n|poke|p1|Xurkitree|\n|poke|p1|Dragonite, F|\n|poke|p1|Scizor, M|\n|poke|p1|Greninja-*, M|\n|poke|p1|Volcarona, F|\n|poke|p1|Hatterene, F|\n|poke|p2|Tapu Koko|\n|poke|p2|Raichu-Alola, F|\n|poke|p2|Landorus-Therian, M|\n|poke|p2|Iron Valiant|\n|poke|p2|Alomomola, F|\n|poke|p2|Corviknight, M|\n|teampreview\n|\n|t:|1700154741\n|start\n|switch|p1a: Greninja|Greninja, M|100\/100\n|switch|p2a: Tapu Koko|Tapu Koko|100\/100\n|-fieldstart|move: Electric Terrain|[from] ability: Electric Surge|[of] p2a: Tapu Koko\n|turn|1\n|inactive|Battle timer is ON: inactive players will automatically lose when time's up. (requested by ImPno)\n|\n|t:|1700154770\n|switch|p1a: Xurkitree|Xurkitree, shiny|100\/100\n|move|p2a: Tapu Koko|Discharge|p1a: Xurkitree\n|-resisted|p1a: Xurkitree\n|-damage|p1a: Xurkitree|68\/100\n|\n|-heal|p1a: Xurkitree|74\/100|[from] item: Leftovers\n|upkeep\n|turn|2\n|\n|t:|1700154787\n|switch|p2a: Landorus|Landorus-Therian, M|100\/100\n|-ability|p2a: Landorus|Intimidate|boost\n|-unboost|p1a: Xurkitree|atk|1\n|move|p1a: Xurkitree|Energy Ball|p2a: Landorus\n|-damage|p2a: Landorus|65\/100\n|\n|-heal|p1a: Xurkitree|81\/100|[from] item: Leftovers\n|upkeep\n|turn|3\n|\n|t:|1700154797\n|move|p1a: Xurkitree|Energy Ball|p2a: Landorus\n|-damage|p2a: Landorus|27\/100\n|move|p2a: Landorus|Earthquake|p1a: Xurkitree\n|-supereffective|p1a: Xurkitree\n|-crit|p1a: Xurkitree\n|-damage|p1a: Xurkitree|0 fnt\n|faint|p1a: Xurkitree\n|\n|upkeep\n|\n|t:|1700154803\n|switch|p1a: Greninja|Greninja, M|100\/100\n|turn|4\n|\n|t:|1700154807\n|move|p1a: Greninja|Water Shuriken|p2a: Landorus\n|-supereffective|p2a: Landorus\n|-damage|p2a: Landorus|14\/100\n|-supereffective|p2a: Landorus\n|-damage|p2a: Landorus|0 fnt\n|faint|p2a: Landorus\n|-ability|p1a: Greninja|Battle Bond|boost\n|-boost|p1a: Greninja|atk|1\n|-boost|p1a: Greninja|spa|1\n|-boost|p1a: Greninja|spe|1\n|-activate|p1a: Greninja|ability: Battle Bond\n|-hitcount|p2: Landorus|2\n|\n|upkeep\n|\n|t:|1700154810\n|switch|p2a: Raichu|Raichu-Alola, F|100\/100\n|turn|5\n|\n|t:|1700154814\n|-terastallize|p2a: Raichu|Electric\n|move|p2a: Raichu|Rising Voltage|p1a: Greninja\n|-hint|Rising Voltage's BP doubled on grounded target.\n|-supereffective|p1a: Greninja\n|-damage|p1a: Greninja|0 fnt\n|faint|p1a: Greninja\n|-damage|p2a: Raichu|91\/100|[from] item: Life Orb\n|\n|upkeep\n|\n|t:|1700154833\n|switch|p1a: Volcarona|Volcarona, F, shiny|100\/100\n|turn|6\n|\n|t:|1700154840\n|move|p2a: Raichu|Rising Voltage|p1a: Volcarona\n|-hint|Rising Voltage's BP doubled on grounded target.\n|-damage|p1a: Volcarona|0 fnt\n|faint|p1a: Volcarona\n|-damage|p2a: Raichu|81\/100|[from] item: Life Orb\n|\n|upkeep\n|\n|t:|1700154844\n|switch|p1a: Hatterene|Hatterene, F, shiny|100\/100\n|turn|7\n|\n|t:|1700154848\n|move|p2a: Raichu|Rising Voltage|p1a: Hatterene\n|-hint|Rising Voltage's BP doubled on grounded target.\n|-damage|p1a: Hatterene|0 fnt\n|faint|p1a: Hatterene\n|-damage|p2a: Raichu|71\/100|[from] item: Life Orb\n|\n|upkeep\n|\n|t:|1700154852\n|switch|p1a: Dragonite|Dragonite, F, shiny|100\/100\n|turn|8\n|\n|t:|1700154868\n|switch|p2a: Corviknight|Corviknight, M|100\/100\n|-ability|p2a: Corviknight|Pressure\n|-terastallize|p1a: Dragonite|Fairy\n|move|p1a: Dragonite|Dragon Dance|p1a: Dragonite\n|-boost|p1a: Dragonite|atk|1\n|-boost|p1a: Dragonite|spe|1\n|\n|-fieldend|move: Electric Terrain\n|upkeep\n|turn|9\n|\n|t:|1700154879\n|move|p1a: Dragonite|Scale Shot|p2a: Corviknight\n|-resisted|p2a: Corviknight\n|-damage|p2a: Corviknight|94\/100\n|-resisted|p2a: Corviknight\n|-damage|p2a: Corviknight|88\/100\n|-resisted|p2a: Corviknight\n|-damage|p2a: Corviknight|82\/100\n|-resisted|p2a: Corviknight\n|-damage|p2a: Corviknight|77\/100\n|-hitcount|p2a: Corviknight|4\n|-unboost|p1a: Dragonite|def|1\n|-boost|p1a: Dragonite|spe|1\n|move|p2a: Corviknight|U-turn|p1a: Dragonite\n|-resisted|p1a: Dragonite\n|-damage|p1a: Dragonite|95\/100\n|\n|t:|1700154884\n|switch|p2a: Tapu Koko|Tapu Koko|100\/100|[from] U-turn\n|-fieldstart|move: Electric Terrain|[from] ability: Electric Surge|[of] p2a: Tapu Koko\n|\n|upkeep\n|turn|10\n|\n|t:|1700154898\n|move|p1a: Dragonite|Earthquake|p2a: Tapu Koko\n|-supereffective|p2a: Tapu Koko\n|-damage|p2a: Tapu Koko|0 fnt\n|faint|p2a: Tapu Koko\n|\n|upkeep\n|\n|t:|1700154920\n|switch|p2a: Raichu|Raichu-Alola, F, tera:Electric|71\/100\n|turn|11\n|\n|t:|1700154923\n|move|p2a: Raichu|Rising Voltage|p1a: Dragonite\n|-hint|Rising Voltage's BP doubled on grounded target.\n|-damage|p1a: Dragonite|0 fnt\n|faint|p1a: Dragonite\n|-damage|p2a: Raichu|61\/100|[from] item: Life Orb\n|\n|upkeep\n|\n|t:|1700154929\n|switch|p1a: Scizor|Scizor, M, shiny|100\/100\n|turn|12\n|\n|t:|1700154934\n|detailschange|p1a: Scizor|Scizor-Mega, M, shiny\n|-mega|p1a: Scizor|Scizor|Scizorite\n|move|p1a: Scizor|Bullet Punch|p2a: Raichu\n|-resisted|p2a: Raichu\n|-damage|p2a: Raichu|21\/100\n|move|p2a: Raichu|Rising Voltage|p1a: Scizor\n|-hint|Rising Voltage's BP doubled on grounded target.\n|-damage|p1a: Scizor|0 fnt\n|faint|p1a: Scizor\n|-damage|p2a: Raichu|11\/100|[from] item: Life Orb\n|\n|win|AFreeVirus!\n|raw|ImPno's rating: 1305 &rarr; <strong>1283<\/strong><br \/>(-22 for losing)\n|raw|AFreeVirus!'s rating: 1277 &rarr; <strong>1304<\/strong><br \/>(+27 for winning)\n|l|\u2606ImPno\n|j| The power of ROCK\n|j| moniika\n|j| greencake\n|l| moniika\n|l| greencake\n|j| Animemer\n|c| The power of ROCK|like a mini regi eleki\n|c|\u2606AFreeVirus!|actual nuclear bomb of a pokemon\n|c| Animemer|call in the ground type\n|l| The power of ROCK\n|c| Animemer|scale shot dd tera fairy dragonite :fireemoji:\n","uploadtime":1700154946,"views":4,"p1id":"impno","p2id":"afreevirus","formatid":"gen9nationaldex","rating":1283,"private":0,"password":""}