{"id":"gen9nationaldex-1997000943","p1":"whatfanta","p2":"Red Moon Ghost","format":"[Gen 9] National Dex","log":"|html|<div class=\"broadcast-blue\"><strong>[Gen 9] National Dex is currently suspecting Sneasler! For information on how to participate check out the <a href=\"https:\/\/www.smogon.com\/forums\/threads\/sv-national-dex-suspect-8-just-dance.3731534\/\">suspect thread<\/a>.<\/strong><\/div>\n|j|\u2606whatfanta\n|j|\u2606Red Moon Ghost\n|t:|1700754332\n|gametype|singles\n|player|p1|whatfanta|ingo|1348\n|player|p2|Red Moon Ghost|red-masters2|1437\n|teamsize|p1|6\n|teamsize|p2|6\n|gen|9\n|tier|[Gen 9] National Dex\n|rated|\n|rule|HP Percentage Mod: HP is shown in percentages\n|rule|Endless Battle Clause: Forcing endless battles is banned\n|rule|OHKO Clause: OHKO moves are banned\n|rule|Evasion Clause: Evasion abilities, items, and moves are banned\n|rule|Evasion Abilities Clause: Evasion abilities are banned\n|rule|Evasion Items Clause: Evasion items are banned\n|rule|Evasion Moves Clause: Evasion moves are banned\n|rule|Species Clause: Limit one of each Pok\u00e9mon\n|rule|Sleep Clause Mod: Limit one foe put to sleep\n|clearpoke\n|poke|p1|Landorus-Therian, M|\n|poke|p1|Ferrothorn, F|\n|poke|p1|Volcarona, M|\n|poke|p1|Garchomp, M|\n|poke|p1|Cinderace, F|\n|poke|p1|Tornadus-Therian, M|\n|poke|p2|Alomomola, M|\n|poke|p2|Toxapex, M|\n|poke|p2|Scizor, M|\n|poke|p2|Chansey, F|\n|poke|p2|Clodsire, F|\n|poke|p2|Garganacl, M|\n|teampreview\n|inactive|Battle timer is ON: inactive players will automatically lose when time's up. (requested by Red Moon Ghost)\n|c|\u2606whatfanta|oh boy\n|c|\u2606whatfanta|cant wait\n|\n|t:|1700754350\n|start\n|switch|p1a: Ferrothorn|Ferrothorn, F|100\/100\n|switch|p2a: OW Devs|Toxapex, M|100\/100\n|turn|1\n|c|\u2606Red Moon Ghost|well we are gonna do alot of waiting\n|\n|t:|1700754361\n|switch|p2a: ROCK AND STONE|Garganacl, M|100\/100\n|move|p1a: Ferrothorn|Thunder Wave|p2a: ROCK AND STONE\n|-immune|p2a: ROCK AND STONE|[from] ability: Purifying Salt\n|\n|upkeep\n|turn|2\n|\n|t:|1700754375\n|move|p2a: ROCK AND STONE|Block|p1a: Ferrothorn\n|-activate|p1a: Ferrothorn|trapped\n|move|p1a: Ferrothorn|Leech Seed|p2a: ROCK AND STONE\n|-start|p2a: ROCK AND STONE|move: Leech Seed\n|\n|-damage|p2a: ROCK AND STONE|88\/100|[from] Leech Seed|[of] p1a: Ferrothorn\n|upkeep\n|turn|3\n|\n|t:|1700754379\n|move|p2a: ROCK AND STONE|Salt Cure|p1a: Ferrothorn\n|-resisted|p1a: Ferrothorn\n|-damage|p1a: Ferrothorn|97\/100\n|-start|p1a: Ferrothorn|Salt Cure\n|move|p1a: Ferrothorn|Body Press|p2a: ROCK AND STONE\n|-supereffective|p2a: ROCK AND STONE\n|-damage|p2a: ROCK AND STONE|55\/100\n|\n|-heal|p2a: ROCK AND STONE|62\/100|[from] item: Leftovers\n|-damage|p2a: ROCK AND STONE|49\/100|[from] Leech Seed|[of] p1a: Ferrothorn\n|-heal|p1a: Ferrothorn|100\/100|[silent]\n|-damage|p1a: Ferrothorn|76\/100|[from] Salt Cure\n|upkeep\n|turn|4\n|\n|t:|1700754386\n|-terastallize|p2a: ROCK AND STONE|Ghost\n|move|p2a: ROCK AND STONE|Recover|p2a: ROCK AND STONE\n|-heal|p2a: ROCK AND STONE|99\/100\n|move|p1a: Ferrothorn|Body Press|p2a: ROCK AND STONE\n|-immune|p2a: ROCK AND STONE\n|\n|-heal|p2a: ROCK AND STONE|100\/100|[from] item: Leftovers\n|-damage|p2a: ROCK AND STONE|88\/100|[from] Leech Seed|[of] p1a: Ferrothorn\n|-heal|p1a: Ferrothorn|90\/100|[silent]\n|-damage|p1a: Ferrothorn|65\/100|[from] Salt Cure\n|upkeep\n|turn|5\n|\n|t:|1700754395\n|move|p2a: ROCK AND STONE|Block||[still]\n|-fail|p2a: ROCK AND STONE\n|move|p1a: Ferrothorn|Gyro Ball|p2a: ROCK AND STONE\n|-damage|p2a: ROCK AND STONE|77\/100\n|\n|-heal|p2a: ROCK AND STONE|83\/100|[from] item: Leftovers\n|-damage|p2a: ROCK AND STONE|71\/100|[from] Leech Seed|[of] p1a: Ferrothorn\n|-heal|p1a: Ferrothorn|79\/100|[silent]\n|-damage|p1a: Ferrothorn|55\/100|[from] Salt Cure\n|upkeep\n|turn|6\n|\n|t:|1700754400\n|move|p2a: ROCK AND STONE|Curse|p1a: Ferrothorn\n|-start|p1a: Ferrothorn|Curse|[of] p2a: ROCK AND STONE\n|-damage|p2a: ROCK AND STONE|21\/100\n|move|p1a: Ferrothorn|Gyro Ball|p2a: ROCK AND STONE\n|-damage|p2a: ROCK AND STONE|9\/100\n|\n|-heal|p2a: ROCK AND STONE|16\/100|[from] item: Leftovers\n|-damage|p2a: ROCK AND STONE|3\/100|[from] Leech Seed|[of] p1a: Ferrothorn\n|-heal|p1a: Ferrothorn|69\/100|[silent]\n|-damage|p1a: Ferrothorn|44\/100|[from] Curse\n|-damage|p1a: Ferrothorn|19\/100|[from] Salt Cure\n|upkeep\n|turn|7\n|\n|t:|1700754408\n|move|p2a: ROCK AND STONE|Recover|p2a: ROCK AND STONE\n|-heal|p2a: ROCK AND STONE|53\/100\n|move|p1a: Ferrothorn|Gyro Ball|p2a: ROCK AND STONE\n|-damage|p2a: ROCK AND STONE|43\/100\n|\n|-heal|p2a: ROCK AND STONE|49\/100|[from] item: Leftovers\n|-damage|p2a: ROCK AND STONE|36\/100|[from] Leech Seed|[of] p1a: Ferrothorn\n|-heal|p1a: Ferrothorn|34\/100|[silent]\n|-damage|p1a: Ferrothorn|9\/100|[from] Curse\n|-damage|p1a: Ferrothorn|0 fnt|[from] Salt Cure\n|faint|p1a: Ferrothorn\n|upkeep\n|\n|t:|1700754417\n|switch|p1a: Tornadus|Tornadus-Therian, M|100\/100\n|turn|8\n|\n|t:|1700754422\n|switch|p2a: Take a|Chansey, F|100\/100\n|move|p1a: Tornadus|Knock Off|p2a: Take a\n|-damage|p2a: Take a|66\/100\n|-enditem|p2a: Take a|Eviolite|[from] move: Knock Off|[of] p1a: Tornadus\n|\n|upkeep\n|turn|9\n|\n|t:|1700754427\n|move|p1a: Tornadus|U-turn|p2a: Take a\n|-damage|p2a: Take a|25\/100\n|\n|t:|1700754432\n|switch|p1a: Landorus|Landorus-Therian, M|100\/100|[from] U-turn\n|-ability|p1a: Landorus|Intimidate|boost\n|-unboost|p2a: Take a|atk|1\n|move|p2a: Take a|Toxic|p1a: Landorus|[miss]\n|-miss|p2a: Take a|p1a: Landorus\n|\n|upkeep\n|turn|10\n|\n|t:|1700754439\n|switch|p2a: Love Fish|Alomomola, M|100\/100\n|move|p1a: Landorus|U-turn|p2a: Love Fish\n|-damage|p2a: Love Fish|89\/100\n|\n|t:|1700754445\n|switch|p1a: Tornadus|Tornadus-Therian, M|100\/100|[from] U-turn\n|\n|-heal|p2a: Love Fish|95\/100|[from] item: Leftovers\n|upkeep\n|turn|11\n|\n|t:|1700754453\n|switch|p2a: OW Devs|Toxapex, M|100\/100\n|move|p1a: Tornadus|Knock Off|p2a: OW Devs\n|-damage|p2a: OW Devs|85\/100\n|-enditem|p2a: OW Devs|Black Sludge|[from] move: Knock Off|[of] p1a: Tornadus\n|\n|upkeep\n|turn|12\n|\n|t:|1700754460\n|move|p1a: Tornadus|U-turn|p2a: OW Devs\n|-resisted|p2a: OW Devs\n|-damage|p2a: OW Devs|79\/100\n|\n|t:|1700754464\n|switch|p1a: Landorus|Landorus-Therian, M|100\/100|[from] U-turn\n|-ability|p1a: Landorus|Intimidate|boost\n|-unboost|p2a: OW Devs|atk|1\n|move|p2a: OW Devs|Toxic|p1a: Landorus\n|-status|p1a: Landorus|tox\n|\n|-damage|p1a: Landorus|94\/100 tox|[from] psn\n|upkeep\n|turn|13\n|\n|t:|1700754472\n|switch|p2a: Love Fish|Alomomola, M|100\/100\n|move|p1a: Landorus|Stealth Rock|p2a: Love Fish\n|-sidestart|p2: Red Moon Ghost|move: Stealth Rock\n|\n|-heal|p1a: Landorus|100\/100 tox|[from] item: Leftovers\n|-damage|p1a: Landorus|88\/100 tox|[from] psn\n|upkeep\n|turn|14\n|\n|t:|1700754479\n|move|p1a: Landorus|Toxic|p2a: Love Fish\n|-status|p2a: Love Fish|tox\n|move|p2a: Love Fish|Flip Turn|p1a: Landorus\n|-supereffective|p1a: Landorus\n|-damage|p1a: Landorus|63\/100 tox\n|\n|t:|1700754482\n|switch|p2a: OW Devs|Toxapex, M|100\/100|[from] Flip Turn\n|-damage|p2a: OW Devs|88\/100|[from] Stealth Rock\n|\n|-heal|p1a: Landorus|69\/100 tox|[from] item: Leftovers\n|-damage|p1a: Landorus|51\/100 tox|[from] psn\n|upkeep\n|turn|15\n|\n|t:|1700754487\n|switch|p2a: Love Fish|Alomomola, M|100\/100 tox\n|-damage|p2a: Love Fish|88\/100 tox|[from] Stealth Rock\n|move|p1a: Landorus|Earthquake|p2a: Love Fish\n|-damage|p2a: Love Fish|64\/100 tox\n|\n|-heal|p1a: Landorus|57\/100 tox|[from] item: Leftovers\n|-heal|p2a: Love Fish|70\/100 tox|[from] item: Leftovers\n|-damage|p1a: Landorus|33\/100 tox|[from] psn\n|-damage|p2a: Love Fish|64\/100 tox|[from] psn\n|upkeep\n|turn|16\n|\n|t:|1700754493\n|move|p1a: Landorus|U-turn|p2a: Love Fish\n|-crit|p2a: Love Fish\n|-damage|p2a: Love Fish|48\/100 tox\n|\n|t:|1700754499\n|switch|p1a: Garchomp|Garchomp, M|100\/100|[from] U-turn\n|move|p2a: Love Fish|Flip Turn|p1a: Garchomp\n|-damage|p1a: Garchomp|85\/100\n|-damage|p2a: Love Fish|35\/100 tox|[from] ability: Rough Skin|[of] p1a: Garchomp\n|\n|t:|1700754505\n|switch|p2a: OW Devs|Toxapex, M|100\/100|[from] Flip Turn\n|-damage|p2a: OW Devs|88\/100|[from] Stealth Rock\n|\n|upkeep\n|turn|17\n|\n|t:|1700754512\n|move|p1a: Garchomp|Swords Dance|p1a: Garchomp\n|-boost|p1a: Garchomp|atk|2\n|move|p2a: OW Devs|Toxic|p1a: Garchomp\n|-status|p1a: Garchomp|tox\n|\n|-damage|p1a: Garchomp|79\/100 tox|[from] psn\n|upkeep\n|turn|18\n|\n|t:|1700754521\n|switch|p2a: Love Fish|Alomomola, M|69\/100 tox\n|-damage|p2a: Love Fish|56\/100 tox|[from] Stealth Rock\n|move|p1a: Garchomp|Scale Shot|p2a: Love Fish\n|-damage|p2a: Love Fish|42\/100 tox\n|-damage|p2a: Love Fish|28\/100 tox\n|-damage|p2a: Love Fish|14\/100 tox\n|-damage|p2a: Love Fish|0 fnt\n|faint|p2a: Love Fish\n|-hitcount|p2: Love Fish|4\n|-unboost|p1a: Garchomp|def|1\n|-boost|p1a: Garchomp|spe|1\n|\n|-damage|p1a: Garchomp|67\/100 tox|[from] psn\n|upkeep\n|\n|t:|1700754528\n|switch|p2a: Scizor|Scizor, M|100\/100\n|-damage|p2a: Scizor|88\/100|[from] Stealth Rock\n|turn|19\n|\n|t:|1700754537\n|detailschange|p2a: Scizor|Scizor-Mega, M\n|-mega|p2a: Scizor|Scizor|Scizorite\n|move|p1a: Garchomp|Rock Slide|p2a: Scizor\n|-damage|p2a: Scizor|49\/100\n|move|p2a: Scizor|Roost|p2a: Scizor\n|-heal|p2a: Scizor|99\/100\n|-singleturn|p2a: Scizor|move: Roost\n|\n|-damage|p1a: Garchomp|48\/100 tox|[from] psn\n|upkeep\n|turn|20\n|\n|t:|1700754545\n|move|p1a: Garchomp|Earthquake|p2a: Scizor\n|-crit|p2a: Scizor\n|-damage|p2a: Scizor|0 fnt\n|faint|p2a: Scizor\n|\n|-damage|p1a: Garchomp|23\/100 tox|[from] psn\n|upkeep\n|\n|t:|1700754553\n|switch|p2a: ROCK AND STONE|Garganacl, M, tera:Ghost|36\/100\n|-damage|p2a: ROCK AND STONE|24\/100|[from] Stealth Rock\n|turn|21\n|\n|t:|1700754557\n|move|p1a: Garchomp|Scale Shot|p2a: ROCK AND STONE|[miss]\n|-miss|p1a: Garchomp|p2a: ROCK AND STONE\n|move|p2a: ROCK AND STONE|Recover|p2a: ROCK AND STONE\n|-heal|p2a: ROCK AND STONE|74\/100\n|\n|-heal|p2a: ROCK AND STONE|80\/100|[from] item: Leftovers\n|-damage|p1a: Garchomp|0 fnt|[from] psn\n|faint|p1a: Garchomp\n|upkeep\n|\n|t:|1700754572\n|switch|p1a: Tornadus|Tornadus-Therian, M|100\/100\n|turn|22\n|\n|t:|1700754577\n|move|p1a: Tornadus|Knock Off|p2a: ROCK AND STONE\n|-supereffective|p2a: ROCK AND STONE\n|-damage|p2a: ROCK AND STONE|56\/100\n|-enditem|p2a: ROCK AND STONE|Leftovers|[from] move: Knock Off|[of] p1a: Tornadus\n|move|p2a: ROCK AND STONE|Recover|p2a: ROCK AND STONE\n|-heal|p2a: ROCK AND STONE|100\/100\n|\n|upkeep\n|turn|23\n|\n|t:|1700754584\n|move|p1a: Tornadus|Air Slash|p2a: ROCK AND STONE\n|-damage|p2a: ROCK AND STONE|76\/100\n|move|p2a: ROCK AND STONE|Salt Cure|p1a: Tornadus\n|-supereffective|p1a: Tornadus\n|-damage|p1a: Tornadus|62\/100\n|-start|p1a: Tornadus|Salt Cure\n|\n|-damage|p1a: Tornadus|50\/100|[from] Salt Cure\n|upkeep\n|turn|24\n|\n|t:|1700754589\n|move|p1a: Tornadus|U-turn|p2a: ROCK AND STONE\n|-resisted|p2a: ROCK AND STONE\n|-damage|p2a: ROCK AND STONE|72\/100\n|\n|t:|1700754598\n|switch|p1a: Landorus|Landorus-Therian, M|33\/100 tox|[from] U-turn\n|-ability|p1a: Landorus|Intimidate|boost\n|-unboost|p2a: ROCK AND STONE|atk|1\n|move|p2a: ROCK AND STONE|Salt Cure|p1a: Landorus\n|-damage|p1a: Landorus|25\/100 tox\n|-start|p1a: Landorus|Salt Cure\n|\n|-heal|p1a: Landorus|31\/100 tox|[from] item: Leftovers\n|-damage|p1a: Landorus|25\/100 tox|[from] psn\n|-damage|p1a: Landorus|13\/100 tox|[from] Salt Cure\n|upkeep\n|turn|25\n|\n|t:|1700754609\n|move|p1a: Landorus|Earthquake|p2a: ROCK AND STONE\n|-damage|p2a: ROCK AND STONE|48\/100\n|move|p2a: ROCK AND STONE|Recover|p2a: ROCK AND STONE\n|-heal|p2a: ROCK AND STONE|98\/100\n|\n|-heal|p1a: Landorus|19\/100 tox|[from] item: Leftovers\n|-damage|p1a: Landorus|7\/100 tox|[from] psn\n|-damage|p1a: Landorus|0 fnt|[from] Salt Cure\n|faint|p1a: Landorus\n|upkeep\n|\n|t:|1700754637\n|switch|p1a: Cinderace|Cinderace, F|100\/100\n|turn|26\n|inactive|whatfanta has 120 seconds left.\n|\n|t:|1700754677\n|move|p1a: Cinderace|Pyro Ball|p2a: ROCK AND STONE|[miss]\n|-miss|p1a: Cinderace|p2a: ROCK AND STONE\n|move|p2a: ROCK AND STONE|Salt Cure|p1a: Cinderace\n|-supereffective|p1a: Cinderace\n|-damage|p1a: Cinderace|75\/100\n|-start|p1a: Cinderace|Salt Cure\n|\n|-damage|p1a: Cinderace|62\/100|[from] Salt Cure\n|upkeep\n|turn|27\n|\n|t:|1700754685\n|move|p1a: Cinderace|Pyro Ball|p2a: ROCK AND STONE\n|-damage|p2a: ROCK AND STONE|52\/100\n|move|p2a: ROCK AND STONE|Salt Cure|p1a: Cinderace\n|-supereffective|p1a: Cinderace\n|-damage|p1a: Cinderace|36\/100\n|\n|-damage|p1a: Cinderace|23\/100|[from] Salt Cure\n|upkeep\n|turn|28\n|\n|t:|1700754691\n|-terastallize|p1a: Cinderace|Fire\n|move|p1a: Cinderace|Pyro Ball|p2a: ROCK AND STONE\n|-crit|p2a: ROCK AND STONE\n|-damage|p2a: ROCK AND STONE|0 fnt\n|faint|p2a: ROCK AND STONE\n|\n|-damage|p1a: Cinderace|11\/100|[from] Salt Cure\n|upkeep\n|\n|t:|1700754696\n|switch|p2a: OW Devs|Toxapex, M|100\/100\n|-damage|p2a: OW Devs|88\/100|[from] Stealth Rock\n|turn|29\n|inactive|whatfanta has 120 seconds left.\n|\n|t:|1700754703\n|switch|p1a: Tornadus|Tornadus-Therian, M|83\/100\n|move|p2a: OW Devs|Recover|p2a: OW Devs\n|-heal|p2a: OW Devs|100\/100\n|\n|upkeep\n|turn|30\n|\n|t:|1700754718\n|move|p1a: Tornadus|Air Slash|p2a: OW Devs\n|-damage|p2a: OW Devs|82\/100\n|move|p2a: OW Devs|Toxic|p1a: Tornadus\n|-status|p1a: Tornadus|tox\n|\n|-damage|p1a: Tornadus|77\/100 tox|[from] psn\n|upkeep\n|turn|31\n|\n|t:|1700754722\n|move|p1a: Tornadus|Air Slash|p2a: OW Devs\n|-damage|p2a: OW Devs|62\/100\n|move|p2a: OW Devs|Scald|p1a: Tornadus\n|-damage|p1a: Tornadus|60\/100 tox\n|\n|-damage|p1a: Tornadus|48\/100 tox|[from] psn\n|upkeep\n|turn|32\n|\n|t:|1700754725\n|move|p1a: Tornadus|Air Slash|p2a: OW Devs|[miss]\n|-miss|p1a: Tornadus|p2a: OW Devs\n|move|p2a: OW Devs|Recover|p2a: OW Devs\n|-heal|p2a: OW Devs|100\/100\n|\n|-damage|p1a: Tornadus|30\/100 tox|[from] psn\n|upkeep\n|turn|33\n|\n|t:|1700754729\n|move|p1a: Tornadus|Air Slash|p2a: OW Devs\n|-damage|p2a: OW Devs|81\/100\n|move|p2a: OW Devs|Scald|p1a: Tornadus\n|-damage|p1a: Tornadus|13\/100 tox\n|\n|-damage|p1a: Tornadus|0 fnt|[from] psn\n|faint|p1a: Tornadus\n|upkeep\n|inactive|whatfanta has 120 seconds left.\n|\n|t:|1700754788\n|switch|p1a: Cinderace|Cinderace, F, tera:Fire|11\/100\n|turn|34\n|\n|t:|1700754796\n|move|p1a: Cinderace|Pyro Ball|p2a: OW Devs\n|-resisted|p2a: OW Devs\n|-damage|p2a: OW Devs|44\/100\n|-status|p2a: OW Devs|brn\n|move|p2a: OW Devs|Scald|p1a: Cinderace\n|-supereffective|p1a: Cinderace\n|-damage|p1a: Cinderace|0 fnt\n|faint|p1a: Cinderace\n|\n|-damage|p2a: OW Devs|37\/100 brn|[from] brn\n|upkeep\n|\n|t:|1700754808\n|switch|p1a: Volcarona|Volcarona, M|100\/100\n|turn|35\n|\n|t:|1700754817\n|switch|p2a: Poison Fin Jyura|Clodsire, F|100\/100\n|-damage|p2a: Poison Fin Jyura|94\/100|[from] Stealth Rock\n|move|p1a: Volcarona|Giga Drain|p2a: Poison Fin Jyura\n|-damage|p2a: Poison Fin Jyura|79\/100\n|\n|-heal|p2a: Poison Fin Jyura|85\/100|[from] item: Black Sludge\n|upkeep\n|turn|36\n|inactive|whatfanta has 90 seconds left.\n|\n|t:|1700754849\n|move|p1a: Volcarona|Quiver Dance|p1a: Volcarona\n|-boost|p1a: Volcarona|spa|1\n|-boost|p1a: Volcarona|spd|1\n|-boost|p1a: Volcarona|spe|1\n|move|p2a: Poison Fin Jyura|Toxic|p1a: Volcarona\n|-status|p1a: Volcarona|tox\n|\n|-heal|p2a: Poison Fin Jyura|91\/100|[from] item: Black Sludge\n|-damage|p1a: Volcarona|94\/100 tox|[from] psn\n|upkeep\n|turn|37\n|inactive|whatfanta has 90 seconds left.\n|\n|t:|1700754859\n|move|p1a: Volcarona|Fiery Dance|p2a: Poison Fin Jyura\n|-damage|p2a: Poison Fin Jyura|56\/100\n|move|p2a: Poison Fin Jyura|Haze|p2a: Poison Fin Jyura\n|-clearallboost\n|\n|-heal|p2a: Poison Fin Jyura|62\/100|[from] item: Black Sludge\n|-damage|p1a: Volcarona|82\/100 tox|[from] psn\n|upkeep\n|turn|38\n|\n|t:|1700754866\n|move|p1a: Volcarona|Fiery Dance|p2a: Poison Fin Jyura\n|-damage|p2a: Poison Fin Jyura|41\/100\n|-boost|p1a: Volcarona|spa|1\n|move|p2a: Poison Fin Jyura|Recover|p2a: Poison Fin Jyura\n|-heal|p2a: Poison Fin Jyura|91\/100\n|\n|-heal|p2a: Poison Fin Jyura|97\/100|[from] item: Black Sludge\n|-damage|p1a: Volcarona|64\/100 tox|[from] psn\n|upkeep\n|turn|39\n|\n|t:|1700754873\n|move|p1a: Volcarona|Fiery Dance|p2a: Poison Fin Jyura\n|-damage|p2a: Poison Fin Jyura|62\/100\n|move|p2a: Poison Fin Jyura|Haze|p2a: Poison Fin Jyura\n|-clearallboost\n|\n|-heal|p2a: Poison Fin Jyura|68\/100|[from] item: Black Sludge\n|-damage|p1a: Volcarona|39\/100 tox|[from] psn\n|upkeep\n|turn|40\n|c|\u2606whatfanta|fund god\n|\n|t:|1700754885\n|move|p1a: Volcarona|Fiery Dance|p2a: Poison Fin Jyura\n|-damage|p2a: Poison Fin Jyura|47\/100\n|move|p2a: Poison Fin Jyura|Recover|p2a: Poison Fin Jyura\n|-heal|p2a: Poison Fin Jyura|97\/100\n|\n|-heal|p2a: Poison Fin Jyura|100\/100|[from] item: Black Sludge\n|-damage|p1a: Volcarona|9\/100 tox|[from] psn\n|upkeep\n|turn|41\n|c|\u2606Red Moon Ghost|i will do my best to start a cult\n|c|\u2606Red Moon Ghost|and truly fund god\n|-message|whatfanta forfeited.\n|\n|win|Red Moon Ghost\n|raw|whatfanta's rating: 1348 &rarr; <strong>1333<\/strong><br \/>(-15 for losing)\n|raw|Red Moon Ghost's rating: 1437 &rarr; <strong>1452<\/strong><br \/>(+15 for winning)\n|l|\u2606whatfanta\n","uploadtime":1700754919,"views":5,"p1id":"whatfanta","p2id":"redmoonghost","formatid":"gen9nationaldex","rating":1333,"private":0,"password":""}