{"id":"gen9nationaldex-1989690784","p1":"southeast sirius","p2":"wuvesi","format":"[Gen 9] National Dex","log":"|j|\u2606southeast sirius\n|j|\u2606wuvesi\n|t:|1699887227\n|gametype|singles\n|player|p1|southeast sirius|swimmerf-gen6|1521\n|player|p2|wuvesi|266|1461\n|teamsize|p1|6\n|teamsize|p2|6\n|gen|9\n|tier|[Gen 9] National Dex\n|rated|\n|rule|HP Percentage Mod: HP is shown in percentages\n|rule|Endless Battle Clause: Forcing endless battles is banned\n|rule|OHKO Clause: OHKO moves are banned\n|rule|Evasion Clause: Evasion abilities, items, and moves are banned\n|rule|Evasion Abilities Clause: Evasion abilities are banned\n|rule|Evasion Items Clause: Evasion items are banned\n|rule|Evasion Moves Clause: Evasion moves are banned\n|rule|Species Clause: Limit one of each Pok\u00e9mon\n|rule|Sleep Clause Mod: Limit one foe put to sleep\n|clearpoke\n|poke|p1|Reuniclus, F|\n|poke|p1|Skarmory, F|\n|poke|p1|Toxapex, F|\n|poke|p1|Garganacl, M|\n|poke|p1|Gliscor, F|\n|poke|p1|Lopunny, F|\n|poke|p2|Pelipper, F|\n|poke|p2|Swampert, M|\n|poke|p2|Floatzel, M|\n|poke|p2|Zapdos|\n|poke|p2|Ferrothorn, F|\n|poke|p2|Urshifu-*, M|\n|teampreview\n|\n|t:|1699887238\n|start\n|switch|p1a: Gliscor|Gliscor, F|100\/100\n|switch|p2a: Pelipper|Pelipper, F|100\/100\n|-weather|RainDance|[from] ability: Drizzle|[of] p2a: Pelipper\n|turn|1\n|\n|t:|1699887250\n|switch|p2a: Swampert|Swampert, M|100\/100\n|move|p1a: Gliscor|Knock Off|p2a: Swampert\n|-damage|p2a: Swampert|84\/100\n|\n|-weather|RainDance|[upkeep]\n|-status|p1a: Gliscor|tox|[from] item: Toxic Orb\n|upkeep\n|turn|2\n|\n|t:|1699887264\n|switch|p1a: Skarmory|Skarmory, F|100\/100\n|detailschange|p2a: Swampert|Swampert-Mega, M\n|-mega|p2a: Swampert|Swampert|Swampertite\n|move|p2a: Swampert|Flip Turn|p1a: Skarmory\n|-damage|p1a: Skarmory|72\/100\n|-damage|p2a: Swampert|67\/100|[from] item: Rocky Helmet|[of] p1a: Skarmory\n|\n|t:|1699887268\n|switch|p2a: Zapdos|Zapdos|100\/100|[from] Flip Turn\n|\n|-weather|RainDance|[upkeep]\n|upkeep\n|turn|3\n|\n|t:|1699887277\n|switch|p1a: Gliscor|Gliscor, F|100\/100 tox\n|move|p2a: Zapdos|Weather Ball|p1a: Gliscor\n|-supereffective|p1a: Gliscor\n|-damage|p1a: Gliscor|0 fnt\n|faint|p1a: Gliscor\n|\n|-weather|RainDance|[upkeep]\n|upkeep\n|\n|t:|1699887282\n|switch|p1a: Reuniclus|Reuniclus, F|100\/100\n|turn|4\n|\n|t:|1699887286\n|move|p2a: Zapdos|U-turn|p1a: Reuniclus\n|-supereffective|p1a: Reuniclus\n|-damage|p1a: Reuniclus|76\/100\n|-damage|p2a: Zapdos|84\/100|[from] item: Rocky Helmet|[of] p1a: Reuniclus\n|\n|t:|1699887288\n|switch|p2a: Urshifu|Urshifu-Rapid-Strike, M|100\/100|[from] U-turn\n|move|p1a: Reuniclus|Calm Mind|p1a: Reuniclus\n|-boost|p1a: Reuniclus|spa|1\n|-boost|p1a: Reuniclus|spd|1\n|\n|-weather|RainDance|[upkeep]\n|upkeep\n|turn|5\n|\n|t:|1699887315\n|switch|p1a: Toxapex|Toxapex, F|100\/100\n|move|p2a: Urshifu|Surging Strikes|p1a: Toxapex\n|-resisted|p1a: Toxapex\n|-crit|p1a: Toxapex\n|-damage|p1a: Toxapex|90\/100\n|-resisted|p1a: Toxapex\n|-crit|p1a: Toxapex\n|-damage|p1a: Toxapex|81\/100\n|-resisted|p1a: Toxapex\n|-crit|p1a: Toxapex\n|-damage|p1a: Toxapex|70\/100\n|-hitcount|p1a: Toxapex|3\n|\n|-weather|RainDance|[upkeep]\n|upkeep\n|turn|6\n|\n|t:|1699887332\n|move|p2a: Urshifu|Swords Dance|p2a: Urshifu\n|-boost|p2a: Urshifu|atk|2\n|move|p1a: Toxapex|Knock Off|p2a: Urshifu\n|-resisted|p2a: Urshifu\n|-damage|p2a: Urshifu|94\/100\n|-enditem|p2a: Urshifu|Punching Glove|[from] move: Knock Off|[of] p1a: Toxapex\n|\n|-weather|RainDance|[upkeep]\n|upkeep\n|turn|7\n|\n|t:|1699887339\n|move|p2a: Urshifu|Surging Strikes|p1a: Toxapex\n|-resisted|p1a: Toxapex\n|-crit|p1a: Toxapex\n|-damage|p1a: Toxapex|50\/100\n|-resisted|p1a: Toxapex\n|-crit|p1a: Toxapex\n|-damage|p1a: Toxapex|31\/100\n|-resisted|p1a: Toxapex\n|-crit|p1a: Toxapex\n|-damage|p1a: Toxapex|13\/100\n|-hitcount|p1a: Toxapex|3\n|move|p1a: Toxapex|Haze|p1a: Toxapex\n|-clearallboost\n|\n|-weather|RainDance|[upkeep]\n|upkeep\n|turn|8\n|\n|t:|1699887345\n|switch|p1a: Skarmory|Skarmory, F|72\/100\n|move|p2a: Urshifu|Surging Strikes|p1a: Skarmory\n|-crit|p1a: Skarmory\n|-damage|p1a: Skarmory|55\/100\n|-damage|p2a: Urshifu|78\/100|[from] item: Rocky Helmet|[of] p1a: Skarmory\n|-crit|p1a: Skarmory\n|-damage|p1a: Skarmory|36\/100\n|-damage|p2a: Urshifu|61\/100|[from] item: Rocky Helmet|[of] p1a: Skarmory\n|-crit|p1a: Skarmory\n|-damage|p1a: Skarmory|17\/100\n|-damage|p2a: Urshifu|45\/100|[from] item: Rocky Helmet|[of] p1a: Skarmory\n|-hitcount|p1a: Skarmory|3\n|\n|-weather|none\n|upkeep\n|turn|9\n|\n|t:|1699887352\n|move|p2a: Urshifu|Surging Strikes|p1a: Skarmory\n|-crit|p1a: Skarmory\n|-damage|p1a: Skarmory|4\/100\n|-damage|p2a: Urshifu|28\/100|[from] item: Rocky Helmet|[of] p1a: Skarmory\n|-crit|p1a: Skarmory\n|-damage|p1a: Skarmory|0 fnt\n|-damage|p2a: Urshifu|12\/100|[from] item: Rocky Helmet|[of] p1a: Skarmory\n|faint|p1a: Skarmory\n|-hitcount|p1: Skarmory|2\n|\n|upkeep\n|\n|t:|1699887361\n|switch|p1a: Lopunny|Lopunny, F|100\/100\n|turn|10\n|\n|t:|1699887372\n|detailschange|p1a: Lopunny|Lopunny-Mega, F\n|-mega|p1a: Lopunny|Lopunny|Lopunnite\n|move|p1a: Lopunny|Frustration|p2a: Urshifu\n|-damage|p2a: Urshifu|0 fnt\n|faint|p2a: Urshifu\n|\n|upkeep\n|\n|t:|1699887379\n|switch|p2a: Pelipper|Pelipper, F|100\/100\n|-weather|RainDance|[from] ability: Drizzle|[of] p2a: Pelipper\n|turn|11\n|\n|t:|1699887385\n|switch|p1a: Toxapex|Toxapex, F|46\/100\n|switch|p2a: Ferrothorn|Ferrothorn, F|100\/100\n|\n|-weather|RainDance|[upkeep]\n|upkeep\n|turn|12\n|\n|t:|1699887396\n|switch|p2a: Swampert|Swampert-Mega, M|67\/100\n|move|p1a: Toxapex|Knock Off|p2a: Swampert\n|-damage|p2a: Swampert|59\/100\n|\n|-weather|RainDance|[upkeep]\n|upkeep\n|turn|13\n|\n|t:|1699887403\n|move|p2a: Swampert|Earthquake|p1a: Toxapex\n|-supereffective|p1a: Toxapex\n|-damage|p1a: Toxapex|0 fnt\n|faint|p1a: Toxapex\n|\n|-weather|RainDance|[upkeep]\n|upkeep\n|\n|t:|1699887427\n|switch|p1a: Lopunny|Lopunny-Mega, F|100\/100\n|turn|14\n|\n|t:|1699887430\n|move|p1a: Lopunny|Fake Out|p2a: Swampert\n|-crit|p2a: Swampert\n|-damage|p2a: Swampert|31\/100\n|cant|p2a: Swampert|flinch\n|\n|-weather|RainDance|[upkeep]\n|upkeep\n|turn|15\n|\n|t:|1699887434\n|switch|p1a: Reuniclus|Reuniclus, F|76\/100\n|move|p2a: Swampert|Liquidation|p1a: Reuniclus\n|-damage|p1a: Reuniclus|10\/100\n|-damage|p2a: Swampert|15\/100|[from] item: Rocky Helmet|[of] p1a: Reuniclus\n|\n|-weather|RainDance|[upkeep]\n|upkeep\n|turn|16\n|\n|t:|1699887439\n|move|p2a: Swampert|Liquidation|p1a: Reuniclus\n|-damage|p1a: Reuniclus|0 fnt\n|-damage|p2a: Swampert|0 fnt|[from] item: Rocky Helmet|[of] p1a: Reuniclus\n|faint|p1a: Reuniclus\n|faint|p2a: Swampert\n|\n|-weather|RainDance|[upkeep]\n|upkeep\n|\n|t:|1699887445\n|switch|p2a: Zapdos|Zapdos|84\/100\n|switch|p1a: Lopunny|Lopunny-Mega, F|100\/100\n|turn|17\n|\n|t:|1699887450\n|move|p1a: Lopunny|Fake Out|p2a: Zapdos\n|-damage|p2a: Zapdos|59\/100\n|-status|p1a: Lopunny|par|[from] ability: Static|[of] p2a: Zapdos\n|cant|p2a: Zapdos|flinch\n|\n|-weather|RainDance|[upkeep]\n|upkeep\n|turn|18\n|\n|t:|1699887465\n|cant|p1a: Lopunny|par\n|move|p2a: Zapdos|Hurricane|p1a: Lopunny\n|-supereffective|p1a: Lopunny\n|-damage|p1a: Lopunny|0 fnt\n|faint|p1a: Lopunny\n|\n|-weather|none\n|upkeep\n|\n|t:|1699887471\n|switch|p1a: Garganacl|Garganacl, M|100\/100\n|turn|19\n|\n|t:|1699887477\n|move|p2a: Zapdos|U-turn|p1a: Garganacl\n|-damage|p1a: Garganacl|91\/100\n|\n|t:|1699887479\n|switch|p2a: Pelipper|Pelipper, F|100\/100|[from] U-turn\n|-weather|RainDance|[from] ability: Drizzle|[of] p2a: Pelipper\n|move|p1a: Garganacl|Iron Defense|p1a: Garganacl\n|-boost|p1a: Garganacl|def|2\n|\n|-weather|RainDance|[upkeep]\n|-heal|p1a: Garganacl|97\/100|[from] item: Leftovers\n|upkeep\n|turn|20\n|\n|t:|1699887483\n|-terastallize|p1a: Garganacl|Dragon\n|move|p2a: Pelipper|Scald|p1a: Garganacl\n|-resisted|p1a: Garganacl\n|-damage|p1a: Garganacl|85\/100\n|move|p1a: Garganacl|Iron Defense|p1a: Garganacl\n|-boost|p1a: Garganacl|def|2\n|\n|-weather|RainDance|[upkeep]\n|-heal|p1a: Garganacl|91\/100|[from] item: Leftovers\n|upkeep\n|turn|21\n|\n|t:|1699887490\n|move|p2a: Pelipper|U-turn|p1a: Garganacl\n|-damage|p1a: Garganacl|89\/100\n|\n|t:|1699887494\n|switch|p2a: Zapdos|Zapdos|59\/100|[from] U-turn\n|move|p1a: Garganacl|Iron Defense|p1a: Garganacl\n|-boost|p1a: Garganacl|def|2\n|\n|-weather|RainDance|[upkeep]\n|-heal|p1a: Garganacl|95\/100|[from] item: Leftovers\n|upkeep\n|turn|22\n|\n|t:|1699887499\n|-terastallize|p2a: Zapdos|Flying\n|move|p2a: Zapdos|Hurricane|p1a: Garganacl\n|-damage|p1a: Garganacl|44\/100\n|move|p1a: Garganacl|Salt Cure|p2a: Zapdos\n|-supereffective|p2a: Zapdos\n|-damage|p2a: Zapdos|29\/100\n|-start|p2a: Zapdos|Salt Cure\n|\n|-weather|RainDance|[upkeep]\n|-heal|p1a: Garganacl|50\/100|[from] item: Leftovers\n|-damage|p2a: Zapdos|17\/100|[from] Salt Cure\n|upkeep\n|turn|23\n|\n|t:|1699887508\n|move|p2a: Zapdos|Hurricane|p1a: Garganacl\n|-damage|p1a: Garganacl|2\/100\n|move|p1a: Garganacl|Recover|p1a: Garganacl\n|-heal|p1a: Garganacl|52\/100\n|\n|-weather|RainDance|[upkeep]\n|-heal|p1a: Garganacl|58\/100|[from] item: Leftovers\n|-damage|p2a: Zapdos|5\/100|[from] Salt Cure\n|upkeep\n|turn|24\n|\n|t:|1699887515\n|move|p2a: Zapdos|Hurricane|p1a: Garganacl\n|-damage|p1a: Garganacl|8\/100\n|move|p1a: Garganacl|Recover|p1a: Garganacl\n|-heal|p1a: Garganacl|58\/100\n|\n|-weather|RainDance|[upkeep]\n|-heal|p1a: Garganacl|64\/100|[from] item: Leftovers\n|-damage|p2a: Zapdos|0 fnt|[from] Salt Cure\n|faint|p2a: Zapdos\n|upkeep\n|\n|t:|1699887521\n|switch|p2a: Ferrothorn|Ferrothorn, F|100\/100\n|turn|25\n|\n|t:|1699887525\n|move|p1a: Garganacl|Recover|p1a: Garganacl\n|-heal|p1a: Garganacl|100\/100\n|move|p2a: Ferrothorn|Leech Seed|p1a: Garganacl\n|-start|p1a: Garganacl|move: Leech Seed\n|\n|-weather|RainDance|[upkeep]\n|-damage|p1a: Garganacl|88\/100|[from] Leech Seed|[of] p2a: Ferrothorn\n|upkeep\n|turn|26\n|\n|t:|1699887530\n|move|p1a: Garganacl|Salt Cure|p2a: Ferrothorn\n|-resisted|p2a: Ferrothorn\n|-damage|p2a: Ferrothorn|97\/100\n|-start|p2a: Ferrothorn|Salt Cure\n|move|p2a: Ferrothorn|Knock Off|p1a: Garganacl\n|-damage|p1a: Garganacl|84\/100\n|-enditem|p1a: Garganacl|Leftovers|[from] move: Knock Off|[of] p2a: Ferrothorn\n|\n|-weather|none\n|-heal|p2a: Ferrothorn|100\/100|[from] item: Leftovers\n|-damage|p1a: Garganacl|72\/100|[from] Leech Seed|[of] p2a: Ferrothorn\n|-damage|p2a: Ferrothorn|75\/100|[from] Salt Cure\n|upkeep\n|turn|27\n|\n|t:|1699887535\n|switch|p2a: Pelipper|Pelipper, F|100\/100\n|-weather|RainDance|[from] ability: Drizzle|[of] p2a: Pelipper\n|move|p1a: Garganacl|Recover|p1a: Garganacl\n|-heal|p1a: Garganacl|100\/100\n|\n|-weather|RainDance|[upkeep]\n|-damage|p1a: Garganacl|88\/100|[from] Leech Seed|[of] p2a: Pelipper\n|upkeep\n|turn|28\n|\n|t:|1699887538\n|switch|p2a: Ferrothorn|Ferrothorn, F|75\/100\n|move|p1a: Garganacl|Salt Cure|p2a: Ferrothorn\n|-resisted|p2a: Ferrothorn\n|-damage|p2a: Ferrothorn|72\/100\n|-start|p2a: Ferrothorn|Salt Cure\n|\n|-weather|RainDance|[upkeep]\n|-heal|p2a: Ferrothorn|78\/100|[from] item: Leftovers\n|-damage|p1a: Garganacl|76\/100|[from] Leech Seed|[of] p2a: Ferrothorn\n|-heal|p2a: Ferrothorn|92\/100|[silent]\n|-damage|p2a: Ferrothorn|67\/100|[from] Salt Cure\n|upkeep\n|turn|29\n|l|\u2606wuvesi\n|player|p2|\n|inactive|Battle timer is ON: inactive players will automatically lose when time's up. (requested by southeast sirius)\n|inactive|wuvesi has 30 seconds to reconnect!\n|inactive|wuvesi has 20 seconds to reconnect!\n|inactive|wuvesi has 15 seconds to reconnect!\n|inactive|wuvesi has 10 seconds to reconnect!\n|inactive|wuvesi has 5 seconds to reconnect!\n|-message|wuvesi lost due to inactivity.\n|\n|win|southeast sirius\n|raw|southeast sirius's rating: 1521 &rarr; <strong>1538<\/strong><br \/>(+17 for winning)\n|raw|wuvesi's rating: 1461 &rarr; <strong>1444<\/strong><br \/>(-17 for losing)\n","uploadtime":1699887628,"views":5,"p1id":"southeastsirius","p2id":"wuvesi","formatid":"gen9nationaldex","rating":1444,"private":0,"password":""}