{"id":"gen9nationaldex-1993818894","p1":"kerryistina","p2":"try try something","format":"[Gen 9] National Dex","log":"|j|\u2606kerryistina\n|j|\u2606try try something\n|t:|1700361142\n|gametype|singles\n|player|p1|kerryistina|bellelba|1271\n|player|p2|try try something|red|1204\n|teamsize|p1|6\n|teamsize|p2|6\n|gen|9\n|tier|[Gen 9] National Dex\n|rated|\n|rule|HP Percentage Mod: HP is shown in percentages\n|rule|Endless Battle Clause: Forcing endless battles is banned\n|rule|OHKO Clause: OHKO moves are banned\n|rule|Evasion Clause: Evasion abilities, items, and moves are banned\n|rule|Evasion Abilities Clause: Evasion abilities are banned\n|rule|Evasion Items Clause: Evasion items are banned\n|rule|Evasion Moves Clause: Evasion moves are banned\n|rule|Species Clause: Limit one of each Pok\u00e9mon\n|rule|Sleep Clause Mod: Limit one foe put to sleep\n|clearpoke\n|poke|p1|Clodsire, F|\n|poke|p1|Iron Valiant|\n|poke|p1|Tapu Koko|\n|poke|p1|Scizor, F|\n|poke|p1|Corviknight, F|\n|poke|p1|Landorus-Therian, M|\n|poke|p2|Landorus-Therian, M|\n|poke|p2|Latias, F|\n|poke|p2|Mawile, F|\n|poke|p2|Goodra-Hisui, F|\n|poke|p2|Zapdos|\n|poke|p2|Ogerpon, F|\n|teampreview\n|inactive|Battle timer is ON: inactive players will automatically lose when time's up. (requested by try try something)\n|inactive|try try something has 120 seconds left.\n|inactive|try try something has 90 seconds left.\n|\n|t:|1700361224\n|start\n|switch|p1a: Tapu Koko|Tapu Koko|100\/100\n|switch|p2a: Landorus|Landorus-Therian, M|100\/100\n|-fieldstart|move: Electric Terrain|[from] ability: Electric Surge|[of] p1a: Tapu Koko\n|-ability|p2a: Landorus|Intimidate|boost\n|-unboost|p1a: Tapu Koko|atk|1\n|turn|1\n|\n|t:|1700361245\n|move|p1a: Tapu Koko|Reflect|p1a: Tapu Koko\n|-sidestart|p1: kerryistina|Reflect\n|move|p2a: Landorus|Stone Edge|p1a: Tapu Koko\n|-crit|p1a: Tapu Koko\n|-damage|p1a: Tapu Koko|37\/100\n|\n|upkeep\n|turn|2\n|\n|t:|1700361255\n|move|p1a: Tapu Koko|U-turn|p2a: Landorus\n|-resisted|p2a: Landorus\n|-damage|p2a: Landorus|93\/100\n|\n|t:|1700361261\n|switch|p1a: Landorus|Landorus-Therian, M|100\/100|[from] U-turn\n|-ability|p1a: Landorus|Intimidate|boost\n|-unboost|p2a: Landorus|atk|1\n|move|p2a: Landorus|Stone Edge|p1a: Landorus\n|-damage|p1a: Landorus|86\/100\n|\n|-heal|p2a: Landorus|99\/100|[from] item: Leftovers\n|upkeep\n|turn|3\n|\n|t:|1700361273\n|switch|p2a: \u59b9\u59b9|Latias, F|100\/100\n|move|p1a: Landorus|Swords Dance|p1a: Landorus\n|-boost|p1a: Landorus|atk|2\n|\n|upkeep\n|turn|4\n|\n|t:|1700361282\n|move|p2a: \u59b9\u59b9|Surf|p1a: Landorus\n|-supereffective|p1a: Landorus\n|-damage|p1a: Landorus|19\/100\n|-zpower|p1a: Landorus\n|move|p1a: Landorus|Continental Crush|p2a: \u59b9\u59b9|[zeffect]\n|-damage|p2a: \u59b9\u59b9|0 fnt\n|faint|p2a: \u59b9\u59b9\n|\n|upkeep\n|\n|t:|1700361301\n|switch|p2a: Zapdos|Zapdos|100\/100\n|turn|5\n|\n|t:|1700361305\n|switch|p1a: Clodsire|Clodsire, F|100\/100\n|move|p2a: Zapdos|Hurricane|p1a: Clodsire\n|-damage|p1a: Clodsire|68\/100\n|\n|-heal|p1a: Clodsire|74\/100|[from] item: Black Sludge\n|-fieldend|move: Electric Terrain\n|upkeep\n|turn|6\n|\n|t:|1700361320\n|move|p2a: Zapdos|Hurricane|p1a: Clodsire|[miss]\n|-miss|p2a: Zapdos|p1a: Clodsire\n|move|p1a: Clodsire|Toxic|p2a: Zapdos\n|-status|p2a: Zapdos|tox\n|\n|-heal|p1a: Clodsire|80\/100|[from] item: Black Sludge\n|-damage|p2a: Zapdos|94\/100 tox|[from] psn\n|upkeep\n|turn|7\n|\n|t:|1700361331\n|move|p2a: Zapdos|Hurricane|p1a: Clodsire|[miss]\n|-miss|p2a: Zapdos|p1a: Clodsire\n|move|p1a: Clodsire|Recover|p1a: Clodsire\n|-heal|p1a: Clodsire|100\/100\n|\n|-heal|p2a: Zapdos|100\/100 tox|[from] item: Leftovers\n|-damage|p2a: Zapdos|88\/100 tox|[from] psn\n|upkeep\n|turn|8\n|c|\u2606kerryistina|HH\n|\n|t:|1700361342\n|move|p2a: Zapdos|Hurricane|p1a: Clodsire|[miss]\n|-miss|p2a: Zapdos|p1a: Clodsire\n|move|p1a: Clodsire|Stealth Rock|p2a: Zapdos\n|-sidestart|p2: try try something|move: Stealth Rock\n|\n|-heal|p2a: Zapdos|94\/100 tox|[from] item: Leftovers\n|-damage|p2a: Zapdos|75\/100 tox|[from] psn\n|-sideend|p1: kerryistina|Reflect\n|upkeep\n|turn|9\n|inactive|kerryistina has 120 seconds left.\n|\n|t:|1700361374\n|switch|p2a: Landorus|Landorus-Therian, M|99\/100\n|-damage|p2a: Landorus|87\/100|[from] Stealth Rock\n|-ability|p2a: Landorus|Intimidate|boost\n|-unboost|p1a: Clodsire|atk|1\n|move|p1a: Clodsire|Recover||[still]\n|-fail|p1a: Clodsire|heal\n|\n|-heal|p2a: Landorus|93\/100|[from] item: Leftovers\n|upkeep\n|turn|10\n|\n|t:|1700361381\n|switch|p1a: Corviknight|Corviknight, F|100\/100\n|-ability|p1a: Corviknight|Pressure\n|move|p2a: Landorus|Stone Edge|p1a: Corviknight|[miss]\n|-miss|p2a: Landorus|p1a: Corviknight\n|\n|-heal|p2a: Landorus|99\/100|[from] item: Leftovers\n|upkeep\n|turn|11\n|c|\u2606try try something|\u670d\u4e86\n|\n|t:|1700361394\n|move|p2a: Landorus|Stone Edge|p1a: Corviknight\n|-crit|p1a: Corviknight\n|-damage|p1a: Corviknight|64\/100\n|move|p1a: Corviknight|U-turn|p2a: Landorus\n|-resisted|p2a: Landorus\n|-crit|p2a: Landorus\n|-damage|p2a: Landorus|87\/100\n|\n|t:|1700361400\n|switch|p1a: Landorus|Landorus-Therian, M|19\/100|[from] U-turn\n|-ability|p1a: Landorus|Intimidate|boost\n|-unboost|p2a: Landorus|atk|1\n|\n|-heal|p2a: Landorus|93\/100|[from] item: Leftovers\n|upkeep\n|turn|12\n|\n|t:|1700361412\n|switch|p1a: Corviknight|Corviknight, F|64\/100\n|-ability|p1a: Corviknight|Pressure\n|move|p2a: Landorus|Knock Off|p1a: Corviknight\n|-damage|p1a: Corviknight|47\/100\n|-damage|p2a: Landorus|76\/100|[from] item: Rocky Helmet|[of] p1a: Corviknight\n|-enditem|p1a: Corviknight|Rocky Helmet|[from] move: Knock Off|[of] p2a: Landorus\n|\n|-heal|p2a: Landorus|82\/100|[from] item: Leftovers\n|upkeep\n|turn|13\n|\n|t:|1700361426\n|move|p2a: Landorus|Knock Off|p1a: Corviknight\n|-damage|p1a: Corviknight|37\/100\n|move|p1a: Corviknight|Roost|p1a: Corviknight\n|-heal|p1a: Corviknight|87\/100\n|-singleturn|p1a: Corviknight|move: Roost\n|\n|-heal|p2a: Landorus|88\/100|[from] item: Leftovers\n|upkeep\n|turn|14\n|\n|t:|1700361459\n|move|p2a: Landorus|U-turn|p1a: Corviknight\n|-resisted|p1a: Corviknight\n|-damage|p1a: Corviknight|84\/100\n|\n|t:|1700361462\n|switch|p2a: Goodra|Goodra-Hisui, F|100\/100|[from] U-turn\n|-damage|p2a: Goodra|94\/100|[from] Stealth Rock\n|move|p1a: Corviknight|Brave Bird|p2a: Goodra\n|-resisted|p2a: Goodra\n|-damage|p2a: Goodra|78\/100\n|-damage|p1a: Corviknight|79\/100|[from] Recoil\n|\n|upkeep\n|turn|15\n|\n|t:|1700361473\n|move|p1a: Corviknight|U-turn|p2a: Goodra\n|-resisted|p2a: Goodra\n|-damage|p2a: Goodra|70\/100\n|\n|t:|1700361478\n|switch|p1a: Clodsire|Clodsire, F|100\/100|[from] U-turn\n|move|p2a: Goodra|Fire Blast|p1a: Clodsire\n|-damage|p1a: Clodsire|80\/100\n|\n|-heal|p1a: Clodsire|86\/100|[from] item: Black Sludge\n|upkeep\n|turn|16\n|\n|t:|1700361492\n|move|p2a: Goodra|Ice Beam|p1a: Clodsire\n|-supereffective|p1a: Clodsire\n|-damage|p1a: Clodsire|50\/100\n|move|p1a: Clodsire|Earthquake|p2a: Goodra\n|-supereffective|p2a: Goodra\n|-damage|p2a: Goodra|17\/100\n|\n|-heal|p1a: Clodsire|56\/100|[from] item: Black Sludge\n|upkeep\n|turn|17\n|\n|t:|1700361511\n|switch|p2a: Landorus|Landorus-Therian, M|88\/100\n|-damage|p2a: Landorus|76\/100|[from] Stealth Rock\n|-ability|p2a: Landorus|Intimidate|boost\n|-unboost|p1a: Clodsire|atk|1\n|move|p1a: Clodsire|Recover|p1a: Clodsire\n|-heal|p1a: Clodsire|100\/100\n|\n|-heal|p2a: Landorus|82\/100|[from] item: Leftovers\n|upkeep\n|turn|18\n|inactive|try try something has 120 seconds left.\n|\n|t:|1700361538\n|move|p2a: Landorus|Earthquake|p1a: Clodsire\n|-supereffective|p1a: Clodsire\n|-damage|p1a: Clodsire|0 fnt\n|faint|p1a: Clodsire\n|\n|-heal|p2a: Landorus|88\/100|[from] item: Leftovers\n|upkeep\n|\n|t:|1700361545\n|switch|p1a: Landorus|Landorus-Therian, M|19\/100\n|-ability|p1a: Landorus|Intimidate|boost\n|-unboost|p2a: Landorus|atk|1\n|turn|19\n|inactive|try try something has 120 seconds left.\n|\n|t:|1700361572\n|switch|p1a: Corviknight|Corviknight, F|79\/100\n|-ability|p1a: Corviknight|Pressure\n|move|p2a: Landorus|Knock Off|p1a: Corviknight\n|-damage|p1a: Corviknight|69\/100\n|\n|-heal|p2a: Landorus|94\/100|[from] item: Leftovers\n|upkeep\n|turn|20\n|\n|t:|1700361583\n|move|p2a: Landorus|Stone Edge|p1a: Corviknight\n|-damage|p1a: Corviknight|54\/100\n|move|p1a: Corviknight|U-turn|p2a: Landorus\n|-resisted|p2a: Landorus\n|-damage|p2a: Landorus|85\/100\n|\n|t:|1700361589\n|switch|p1a: Landorus|Landorus-Therian, M|19\/100|[from] U-turn\n|-ability|p1a: Landorus|Intimidate|boost\n|-unboost|p2a: Landorus|atk|1\n|\n|-heal|p2a: Landorus|91\/100|[from] item: Leftovers\n|upkeep\n|turn|21\n|\n|t:|1700361598\n|move|p1a: Landorus|Swords Dance|p1a: Landorus\n|-boost|p1a: Landorus|atk|2\n|move|p2a: Landorus|Knock Off|p1a: Landorus\n|-damage|p1a: Landorus|6\/100\n|\n|-heal|p2a: Landorus|97\/100|[from] item: Leftovers\n|upkeep\n|turn|22\n|\n|t:|1700361604\n|move|p2a: Landorus|Knock Off|p1a: Landorus\n|-damage|p1a: Landorus|0 fnt\n|faint|p1a: Landorus\n|\n|-heal|p2a: Landorus|100\/100|[from] item: Leftovers\n|upkeep\n|\n|t:|1700361626\n|switch|p1a: Iron Valiant|Iron Valiant|100\/100\n|turn|23\n|\n|t:|1700361635\n|switch|p2a: Goodra|Goodra-Hisui, F|17\/100\n|-damage|p2a: Goodra|11\/100|[from] Stealth Rock\n|move|p1a: Iron Valiant|Moonblast|p2a: Goodra\n|-damage|p2a: Goodra|0 fnt\n|faint|p2a: Goodra\n|\n|upkeep\n|\n|t:|1700361642\n|switch|p2a: Ogerpon|Ogerpon, F|100\/100\n|-damage|p2a: Ogerpon|88\/100|[from] Stealth Rock\n|turn|24\n|\n|t:|1700361653\n|-terastallize|p2a: Ogerpon|Grass\n|detailschange|p2a: Ogerpon|Ogerpon-Teal-Tera, F, tera:Grass\n|-ability|p2a: Ogerpon|Embody Aspect (Teal)|boost\n|-boost|p2a: Ogerpon|spe|1\n|move|p2a: Ogerpon|Ivy Cudgel|p1a: Iron Valiant\n|-crit|p1a: Iron Valiant\n|-damage|p1a: Iron Valiant|0 fnt\n|faint|p1a: Iron Valiant\n|-end|p1a: Iron Valiant|Quark Drive|[silent]\n|\n|upkeep\n|\n|t:|1700361661\n|switch|p1a: Scizor|Scizor, F|100\/100\n|turn|25\n|\n|t:|1700361672\n|switch|p2a: Mawile|Mawile, F, shiny|100\/100\n|-damage|p2a: Mawile|95\/100|[from] Stealth Rock\n|-ability|p2a: Mawile|Intimidate|boost\n|-unboost|p1a: Scizor|atk|1\n|detailschange|p1a: Scizor|Scizor-Mega, F\n|-mega|p1a: Scizor|Scizor|Scizorite\n|move|p1a: Scizor|U-turn|p2a: Mawile\n|-resisted|p2a: Mawile\n|-damage|p2a: Mawile|87\/100\n|\n|t:|1700361682\n|switch|p1a: Corviknight|Corviknight, F|54\/100|[from] U-turn\n|-ability|p1a: Corviknight|Pressure\n|\n|upkeep\n|turn|26\n|\n|t:|1700361702\n|switch|p2a: Ogerpon|Ogerpon-Teal-Tera, F, tera:Grass|88\/100\n|-damage|p2a: Ogerpon|76\/100|[from] Stealth Rock\n|-ability|p2a: Ogerpon|Embody Aspect (Teal)|boost\n|-boost|p2a: Ogerpon|spe|1\n|move|p1a: Corviknight|Roost|p1a: Corviknight\n|-heal|p1a: Corviknight|100\/100\n|-singleturn|p1a: Corviknight|move: Roost\n|\n|upkeep\n|turn|27\n|\n|t:|1700361715\n|move|p2a: Ogerpon|Superpower|p1a: Corviknight\n|-damage|p1a: Corviknight|66\/100\n|-unboost|p2a: Ogerpon|atk|1\n|-unboost|p2a: Ogerpon|def|1\n|move|p1a: Corviknight|Brave Bird|p2a: Ogerpon\n|-supereffective|p2a: Ogerpon\n|-damage|p2a: Ogerpon|0 fnt\n|faint|p2a: Ogerpon\n|-damage|p1a: Corviknight|47\/100|[from] Recoil\n|\n|upkeep\n|\n|t:|1700361719\n|switch|p2a: Zapdos|Zapdos|75\/100 tox\n|-damage|p2a: Zapdos|50\/100 tox|[from] Stealth Rock\n|turn|28\n|\n|t:|1700361732\n|-terastallize|p1a: Corviknight|Dragon\n|move|p2a: Zapdos|Heat Wave|p1a: Corviknight|[miss]\n|-miss|p2a: Zapdos|p1a: Corviknight\n|move|p1a: Corviknight|Roost|p1a: Corviknight\n|-heal|p1a: Corviknight|97\/100\n|\n|-heal|p2a: Zapdos|57\/100 tox|[from] item: Leftovers\n|-damage|p2a: Zapdos|50\/100 tox|[from] psn\n|upkeep\n|turn|29\n|\n|t:|1700361746\n|move|p2a: Zapdos|Thunder Wave|p1a: Corviknight\n|-status|p1a: Corviknight|par\n|move|p1a: Corviknight|Roost|p1a: Corviknight\n|-heal|p1a: Corviknight|100\/100 par\n|\n|-heal|p2a: Zapdos|57\/100 tox|[from] item: Leftovers\n|-damage|p2a: Zapdos|44\/100 tox|[from] psn\n|upkeep\n|turn|30\n|\n|t:|1700361766\n|move|p2a: Zapdos|Roost|p2a: Zapdos\n|-heal|p2a: Zapdos|94\/100 tox\n|-singleturn|p2a: Zapdos|move: Roost\n|move|p1a: Corviknight|Brave Bird|p2a: Zapdos\n|-resisted|p2a: Zapdos\n|-damage|p2a: Zapdos|77\/100 tox\n|-damage|p1a: Corviknight|95\/100 par|[from] Recoil\n|\n|-heal|p2a: Zapdos|83\/100 tox|[from] item: Leftovers\n|-damage|p2a: Zapdos|65\/100 tox|[from] psn\n|upkeep\n|turn|31\n|\n|t:|1700361775\n|move|p2a: Zapdos|Hurricane|p1a: Corviknight\n|-damage|p1a: Corviknight|38\/100 par\n|move|p1a: Corviknight|U-turn|p2a: Zapdos\n|-resisted|p2a: Zapdos\n|-damage|p2a: Zapdos|58\/100 tox\n|\n|t:|1700361782\n|switch|p1a: Tapu Koko|Tapu Koko|37\/100|[from] U-turn\n|-fieldstart|move: Electric Terrain|[from] ability: Electric Surge|[of] p1a: Tapu Koko\n|\n|-heal|p2a: Zapdos|64\/100 tox|[from] item: Leftovers\n|-damage|p2a: Zapdos|39\/100 tox|[from] psn\n|upkeep\n|turn|32\n|\n|t:|1700361787\n|move|p1a: Tapu Koko|Reflect|p1a: Tapu Koko\n|-sidestart|p1: kerryistina|Reflect\n|move|p2a: Zapdos|Roost|p2a: Zapdos\n|-heal|p2a: Zapdos|89\/100 tox\n|-singleturn|p2a: Zapdos|move: Roost\n|\n|-heal|p2a: Zapdos|96\/100 tox|[from] item: Leftovers\n|-damage|p2a: Zapdos|64\/100 tox|[from] psn\n|upkeep\n|turn|33\n|\n|t:|1700361791\n|move|p1a: Tapu Koko|Light Screen|p1a: Tapu Koko\n|-sidestart|p1: kerryistina|move: Light Screen\n|move|p2a: Zapdos|Hurricane|p1a: Tapu Koko|[miss]\n|-miss|p2a: Zapdos|p1a: Tapu Koko\n|\n|-heal|p2a: Zapdos|71\/100 tox|[from] item: Leftovers\n|-damage|p2a: Zapdos|33\/100 tox|[from] psn\n|upkeep\n|turn|34\n|\n|t:|1700361797\n|move|p1a: Tapu Koko|U-turn|p2a: Zapdos\n|-resisted|p2a: Zapdos\n|-damage|p2a: Zapdos|24\/100 tox\n|\n|t:|1700361802\n|switch|p1a: Scizor|Scizor-Mega, F|100\/100|[from] U-turn\n|move|p2a: Zapdos|Roost|p2a: Zapdos\n|-heal|p2a: Zapdos|74\/100 tox\n|-singleturn|p2a: Zapdos|move: Roost\n|\n|-heal|p2a: Zapdos|80\/100 tox|[from] item: Leftovers\n|-damage|p2a: Zapdos|36\/100 tox|[from] psn\n|upkeep\n|turn|35\n|\n|t:|1700361811\n|switch|p1a: Corviknight|Corviknight, F, tera:Dragon|38\/100 par\n|-ability|p1a: Corviknight|Pressure\n|move|p2a: Zapdos|Heat Wave|p1a: Corviknight\n|-resisted|p1a: Corviknight\n|-damage|p1a: Corviknight|30\/100 par\n|\n|-heal|p2a: Zapdos|42\/100 tox|[from] item: Leftovers\n|-damage|p2a: Zapdos|0 fnt|[from] psn\n|faint|p2a: Zapdos\n|-fieldend|move: Electric Terrain\n|upkeep\n|\n|t:|1700361816\n|switch|p2a: Landorus|Landorus-Therian, M|100\/100\n|-damage|p2a: Landorus|88\/100|[from] Stealth Rock\n|-ability|p2a: Landorus|Intimidate|boost\n|-unboost|p1a: Corviknight|atk|1\n|turn|36\n|\n|t:|1700361829\n|move|p2a: Landorus|Earthquake|p1a: Corviknight\n|-damage|p1a: Corviknight|12\/100 par\n|cant|p1a: Corviknight|par\n|\n|-heal|p2a: Landorus|94\/100|[from] item: Leftovers\n|upkeep\n|turn|37\n|\n|t:|1700361844\n|switch|p1a: Scizor|Scizor-Mega, F|100\/100\n|move|p2a: Landorus|Earthquake|p1a: Scizor\n|-damage|p1a: Scizor|84\/100\n|\n|-heal|p2a: Landorus|99\/100|[from] item: Leftovers\n|upkeep\n|turn|38\n|\n|t:|1700361869\n|move|p2a: Landorus|Earthquake|p1a: Scizor\n|-damage|p1a: Scizor|66\/100\n|move|p1a: Scizor|Swords Dance|p1a: Scizor\n|-boost|p1a: Scizor|atk|2\n|\n|-heal|p2a: Landorus|100\/100|[from] item: Leftovers\n|upkeep\n|turn|39\n|\n|t:|1700361878\n|move|p2a: Landorus|Earthquake|p1a: Scizor\n|-damage|p1a: Scizor|48\/100\n|move|p1a: Scizor|Swords Dance|p1a: Scizor\n|-boost|p1a: Scizor|atk|2\n|\n|-sideend|p1: kerryistina|Reflect\n|upkeep\n|turn|40\n|\n|t:|1700361883\n|move|p2a: Landorus|Earthquake|p1a: Scizor\n|-damage|p1a: Scizor|14\/100\n|move|p1a: Scizor|Roost|p1a: Scizor\n|-heal|p1a: Scizor|64\/100\n|-singleturn|p1a: Scizor|move: Roost\n|\n|-sideend|p1: kerryistina|move: Light Screen\n|upkeep\n|turn|41\n|\n|t:|1700361892\n|move|p1a: Scizor|Bullet Punch|p2a: Landorus\n|-damage|p2a: Landorus|0 fnt\n|faint|p2a: Landorus\n|\n|upkeep\n|\n|t:|1700361895\n|switch|p2a: Mawile|Mawile, F, shiny|87\/100\n|-damage|p2a: Mawile|81\/100|[from] Stealth Rock\n|-ability|p2a: Mawile|Intimidate|boost\n|-unboost|p1a: Scizor|atk|1\n|turn|42\n|\n|t:|1700361901\n|detailschange|p2a: Mawile|Mawile-Mega, F, shiny\n|-mega|p2a: Mawile|Mawile|Mawilite\n|move|p1a: Scizor|Roost|p1a: Scizor\n|-heal|p1a: Scizor|100\/100\n|-singleturn|p1a: Scizor|move: Roost\n|move|p2a: Mawile|Iron Head|p1a: Scizor\n|-resisted|p1a: Scizor\n|-damage|p1a: Scizor|77\/100\n|\n|upkeep\n|turn|43\n|\n|t:|1700361908\n|move|p1a: Scizor|Bullet Punch|p2a: Mawile\n|-damage|p2a: Mawile|10\/100\n|move|p2a: Mawile|Swords Dance|p2a: Mawile\n|-boost|p2a: Mawile|atk|2\n|\n|upkeep\n|turn|44\n|\n|t:|1700361911\n|move|p1a: Scizor|Bullet Punch|p2a: Mawile\n|-damage|p2a: Mawile|0 fnt\n|faint|p2a: Mawile\n|\n|win|kerryistina\n|raw|kerryistina's rating: 1271 &rarr; <strong>1291<\/strong><br \/>(+20 for winning)\n|raw|try try something's rating: 1204 &rarr; <strong>1184<\/strong><br \/>(-20 for losing)\n","uploadtime":1700361919,"views":29,"p1id":"kerryistina","p2id":"trytrysomething","formatid":"gen9nationaldex","rating":1184,"private":0,"password":""}