{"id":"gen9nationaldex-1990900976","p1":"Iron Mothra","p2":"Manuel_hdz15","format":"[Gen 9] National Dex","log":"|j|\u2606Iron Mothra\n|j|\u2606Manuel_hdz15\n|t:|1700013056\n|gametype|singles\n|player|p1|Iron Mothra|ash|1485\n|player|p2|Manuel_hdz15|266|1545\n|teamsize|p1|6\n|teamsize|p2|6\n|gen|9\n|tier|[Gen 9] National Dex\n|rated|\n|rule|HP Percentage Mod: HP is shown in percentages\n|rule|Endless Battle Clause: Forcing endless battles is banned\n|rule|OHKO Clause: OHKO moves are banned\n|rule|Evasion Clause: Evasion abilities, items, and moves are banned\n|rule|Evasion Abilities Clause: Evasion abilities are banned\n|rule|Evasion Items Clause: Evasion items are banned\n|rule|Evasion Moves Clause: Evasion moves are banned\n|rule|Species Clause: Limit one of each Pok\u00e9mon\n|rule|Sleep Clause Mod: Limit one foe put to sleep\n|clearpoke\n|poke|p1|Tyranitar, F|\n|poke|p1|Hippowdon, F|\n|poke|p1|Dracozolt|\n|poke|p1|Excadrill, F|\n|poke|p1|Zapdos|\n|poke|p1|Buzzwole|\n|poke|p2|Urshifu-*, M|\n|poke|p2|Charizard, F|\n|poke|p2|Ribombee, F|\n|poke|p2|Zoroark-Hisui, F|\n|poke|p2|Grimmsnarl, M|\n|poke|p2|Garchomp, M|\n|teampreview\n|inactive|Battle timer is ON: inactive players will automatically lose when time's up. (requested by Iron Mothra)\n|\n|t:|1700013074\n|start\n|switch|p1a: Bishop|Zapdos, shiny|100\/100\n|switch|p2a: Ribombee|Ribombee, F|100\/100\n|turn|1\n|\n|t:|1700013085\n|move|p2a: Ribombee|U-turn|p1a: Bishop\n|-resisted|p1a: Bishop\n|-damage|p1a: Bishop|94\/100\n|-status|p2a: Ribombee|par|[from] ability: Static|[of] p1a: Bishop\n|\n|t:|1700013089\n|switch|p2a: Garchomp|Garchomp, M|100\/100|[from] U-turn\n|move|p1a: Bishop|Volt Switch|p2a: Garchomp\n|-immune|p2a: Garchomp\n|\n|upkeep\n|turn|2\n|\n|t:|1700013093\n|move|p2a: Garchomp|Swords Dance|p2a: Garchomp\n|-boost|p2a: Garchomp|atk|2\n|move|p1a: Bishop|Hurricane|p2a: Garchomp\n|-damage|p2a: Garchomp|29\/100\n|\n|upkeep\n|turn|3\n|\n|t:|1700013105\n|move|p2a: Garchomp|Scale Shot|p1a: Bishop\n|-damage|p1a: Bishop|68\/100\n|-damage|p1a: Bishop|43\/100\n|-damage|p1a: Bishop|17\/100\n|-damage|p1a: Bishop|0 fnt\n|faint|p1a: Bishop\n|-hitcount|p1: Bishop|4\n|-unboost|p2a: Garchomp|def|1\n|-boost|p2a: Garchomp|spe|1\n|\n|upkeep\n|\n|t:|1700013112\n|switch|p1a: Pawn|Hippowdon, F|100\/100\n|-weather|Sandstorm|[from] ability: Sand Stream|[of] p1a: Pawn\n|turn|4\n|\n|t:|1700013121\n|move|p2a: Garchomp|Earthquake|p1a: Pawn\n|-damage|p1a: Pawn|33\/100\n|move|p1a: Pawn|Earthquake|p2a: Garchomp\n|-damage|p2a: Garchomp|0 fnt\n|faint|p2a: Garchomp\n|\n|-weather|Sandstorm|[upkeep]\n|-heal|p1a: Pawn|40\/100|[from] item: Leftovers\n|upkeep\n|\n|t:|1700013126\n|switch|p2a: Ribombee|Ribombee, F|100\/100 par\n|turn|5\n|\n|t:|1700013134\n|switch|p1a: Queen|Excadrill, F|100\/100\n|move|p2a: Ribombee|Sticky Web|p1a: Queen\n|-sidestart|p1: Iron Mothra|move: Sticky Web\n|\n|-weather|Sandstorm|[upkeep]\n|-damage|p2a: Ribombee|94\/100 par|[from] Sandstorm\n|upkeep\n|turn|6\n|\n|t:|1700013139\n|move|p1a: Queen|Rapid Spin|p2a: Ribombee\n|-damage|p2a: Ribombee|67\/100 par\n|-boost|p1a: Queen|spe|1\n|-sideend|p1: Iron Mothra|Sticky Web|[from] move: Rapid Spin|[of] p1a: Queen\n|cant|p2a: Ribombee|par\n|\n|-weather|Sandstorm|[upkeep]\n|-damage|p2a: Ribombee|61\/100 par|[from] Sandstorm\n|upkeep\n|turn|7\n|\n|t:|1700013146\n|move|p1a: Queen|Rock Slide|p2a: Ribombee\n|-supereffective|p2a: Ribombee\n|-damage|p2a: Ribombee|0 fnt\n|faint|p2a: Ribombee\n|\n|-weather|Sandstorm|[upkeep]\n|upkeep\n|\n|t:|1700013150\n|switch|p2a: Grimmsnarl|Grimmsnarl, M|100\/100\n|turn|8\n|\n|t:|1700013153\n|move|p2a: Grimmsnarl|Reflect|p2a: Grimmsnarl\n|-sidestart|p2: Manuel_hdz15|Reflect\n|-zpower|p1a: Queen\n|move|p1a: Queen|Tectonic Rage|p2a: Grimmsnarl|[zeffect]\n|-damage|p2a: Grimmsnarl|56\/100\n|\n|-weather|none\n|upkeep\n|turn|9\n|\n|t:|1700013161\n|move|p2a: Grimmsnarl|Parting Shot|p1a: Queen\n|-unboost|p1a: Queen|atk|1\n|-unboost|p1a: Queen|spa|1\n|\n|t:|1700013167\n|switch|p2a: Urshifu|Urshifu-Rapid-Strike, M|100\/100|[from] Parting Shot\n|move|p1a: Queen|Iron Head|p2a: Urshifu\n|-resisted|p2a: Urshifu\n|-damage|p2a: Urshifu|93\/100\n|\n|upkeep\n|turn|10\n|\n|t:|1700013173\n|switch|p1a: Rook|Buzzwole|100\/100\n|move|p2a: Urshifu|Swords Dance|p2a: Urshifu\n|-boost|p2a: Urshifu|atk|2\n|\n|upkeep\n|turn|11\n|\n|t:|1700013186\n|-terastallize|p2a: Urshifu|Water\n|move|p2a: Urshifu|Surging Strikes|p1a: Rook\n|-crit|p1a: Rook\n|-damage|p1a: Rook|70\/100\n|-crit|p1a: Rook\n|-damage|p1a: Rook|42\/100\n|-crit|p1a: Rook\n|-damage|p1a: Rook|13\/100\n|-hitcount|p1a: Rook|3\n|move|p1a: Rook|Thunder Punch|p2a: Urshifu\n|-supereffective|p2a: Urshifu\n|-damage|p2a: Urshifu|66\/100\n|\n|upkeep\n|turn|12\n|\n|t:|1700013195\n|move|p2a: Urshifu|Drain Punch|p1a: Rook\n|-resisted|p1a: Rook\n|-damage|p1a: Rook|0 fnt\n|-heal|p2a: Urshifu|74\/100|[from] drain|[of] p1a: Rook\n|faint|p1a: Rook\n|\n|upkeep\n|\n|t:|1700013204\n|switch|p1a: Pawn|Hippowdon, F|40\/100\n|-weather|Sandstorm|[from] ability: Sand Stream|[of] p1a: Pawn\n|turn|13\n|\n|t:|1700013212\n|move|p2a: Urshifu|Drain Punch|p1a: Pawn\n|-damage|p1a: Pawn|0 fnt\n|-heal|p2a: Urshifu|98\/100|[from] drain|[of] p1a: Pawn\n|faint|p1a: Pawn\n|\n|-weather|Sandstorm|[upkeep]\n|-damage|p2a: Urshifu|92\/100|[from] Sandstorm\n|upkeep\n|\n|t:|1700013216\n|switch|p1a: Knight|Dracozolt, shiny|100\/100\n|turn|14\n|\n|t:|1700013219\n|move|p1a: Knight|Draco Meteor|p2a: Urshifu\n|-crit|p2a: Urshifu\n|-damage|p2a: Urshifu|0 fnt\n|-unboost|p1a: Knight|spa|2\n|faint|p2a: Urshifu\n|-damage|p1a: Knight|91\/100|[from] item: Life Orb\n|\n|-weather|Sandstorm|[upkeep]\n|upkeep\n|\n|t:|1700013225\n|switch|p2a: Grimmsnarl|Grimmsnarl, M|56\/100\n|turn|15\n|\n|t:|1700013236\n|-terastallize|p1a: Knight|Electric\n|move|p2a: Grimmsnarl|Light Screen|p2a: Grimmsnarl\n|-sidestart|p2: Manuel_hdz15|move: Light Screen\n|move|p1a: Knight|Bolt Beak|p2a: Grimmsnarl\n|-damage|p2a: Grimmsnarl|32\/100\n|-damage|p1a: Knight|81\/100|[from] item: Life Orb\n|\n|-weather|Sandstorm|[upkeep]\n|-damage|p2a: Grimmsnarl|26\/100|[from] Sandstorm\n|-sideend|p2: Manuel_hdz15|Reflect\n|upkeep\n|turn|16\n|\n|t:|1700013245\n|switch|p1a: King|Tyranitar, F|100\/100\n|move|p2a: Grimmsnarl|Reflect|p2a: Grimmsnarl\n|-sidestart|p2: Manuel_hdz15|Reflect\n|\n|-weather|Sandstorm|[upkeep]\n|-damage|p2a: Grimmsnarl|20\/100|[from] Sandstorm\n|upkeep\n|turn|17\n|\n|t:|1700013254\n|switch|p2a: Charizard|Charizard, F|100\/100\n|move|p1a: King|Dragon Dance|p1a: King\n|-boost|p1a: King|atk|1\n|-boost|p1a: King|spe|1\n|\n|-weather|none\n|upkeep\n|turn|18\n|\n|t:|1700013260\n|detailschange|p1a: King|Tyranitar-Mega, F\n|-mega|p1a: King|Tyranitar|Tyranitarite\n|-weather|Sandstorm|[from] ability: Sand Stream|[of] p1a: King\n|move|p2a: Charizard|Trick||[still]\n|-fail|p2a: Charizard\n|move|p1a: King|Stone Edge|p2a: Charizard\n|-damage|p2a: Charizard|0 fnt\n|replace|p2a: Zoroark|Zoroark-Hisui, F\n|-end|p2a: Zoroark|Illusion\n|faint|p2a: Zoroark\n|\n|-weather|Sandstorm|[upkeep]\n|upkeep\n|-message|Manuel_hdz15 forfeited.\n|\n|win|Iron Mothra\n|raw|Iron Mothra's rating: 1485 &rarr; <strong>1508<\/strong><br \/>(+23 for winning)\n|raw|Manuel_hdz15's rating: 1545 &rarr; <strong>1522<\/strong><br \/>(-23 for losing)\n|l|\u2606Manuel_hdz15\n","uploadtime":1700013273,"views":4,"p1id":"ironmothra","p2id":"manuelhdz15","formatid":"gen9nationaldex","rating":1508,"private":0,"password":""}