{"id":"gen9nationaldex-1990947538","p1":"Eggnoggue","p2":"AncientFr33z","format":"[Gen 9] National Dex","log":"|j|\u2606Eggnoggue\n|j|\u2606AncientFr33z\n|t:|1700018434\n|gametype|singles\n|player|p1|Eggnoggue|wicke|1255\n|player|p2|AncientFr33z|gentleman-gen4|1345\n|teamsize|p1|6\n|teamsize|p2|6\n|gen|9\n|tier|[Gen 9] National Dex\n|rated|\n|rule|HP Percentage Mod: HP is shown in percentages\n|rule|Endless Battle Clause: Forcing endless battles is banned\n|rule|OHKO Clause: OHKO moves are banned\n|rule|Evasion Clause: Evasion abilities, items, and moves are banned\n|rule|Evasion Abilities Clause: Evasion abilities are banned\n|rule|Evasion Items Clause: Evasion items are banned\n|rule|Evasion Moves Clause: Evasion moves are banned\n|rule|Species Clause: Limit one of each Pok\u00e9mon\n|rule|Sleep Clause Mod: Limit one foe put to sleep\n|clearpoke\n|poke|p1|Krookodile, F|\n|poke|p1|Vanilluxe, F|\n|poke|p1|Jolteon, F|\n|poke|p1|Spiritomb, M|\n|poke|p1|Togekiss, F|\n|poke|p1|Heatran, F|\n|poke|p2|Ninetales-Alola, F|\n|poke|p2|Dragonite, M|\n|poke|p2|Gyarados, M|\n|poke|p2|Skeledirge, F|\n|poke|p2|Alakazam, M|\n|poke|p2|Corviknight, M|\n|teampreview\n|inactive|Battle timer is ON: inactive players will automatically lose when time's up. (requested by AncientFr33z)\n|\n|t:|1700018441\n|start\n|switch|p1a: \u3046\u3093\u3061\u3092\u3057\u306a\u3051\u308c\u3070\u306a\u308a\u307e\u305b\u3093|Heatran, F|100\/100\n|switch|p2a: Ninetales|Ninetales-Alola, F|100\/100\n|-weather|Snow|[from] ability: Snow Warning|[of] p2a: Ninetales\n|turn|1\n|\n|t:|1700018446\n|move|p2a: Ninetales|Aurora Veil|p2a: Ninetales\n|-sidestart|p2: AncientFr33z|move: Aurora Veil\n|move|p1a: \u3046\u3093\u3061\u3092\u3057\u306a\u3051\u308c\u3070\u306a\u308a\u307e\u305b\u3093|Stealth Rock|p2a: Ninetales\n|-sidestart|p2: AncientFr33z|move: Stealth Rock\n|\n|-weather|Snow|[upkeep]\n|upkeep\n|turn|2\n|\n|t:|1700018452\n|switch|p2a: Dragonite|Dragonite, M|100\/100\n|-damage|p2a: Dragonite|76\/100|[from] Stealth Rock\n|move|p1a: \u3046\u3093\u3061\u3092\u3057\u306a\u3051\u308c\u3070\u306a\u308a\u307e\u305b\u3093|Toxic|p2a: Dragonite|[miss]\n|-miss|p1a: \u3046\u3093\u3061\u3092\u3057\u306a\u3051\u308c\u3070\u306a\u308a\u307e\u305b\u3093|p2a: Dragonite\n|\n|-weather|Snow|[upkeep]\n|-heal|p2a: Dragonite|82\/100|[from] item: Leftovers\n|upkeep\n|turn|3\n|\n|t:|1700018460\n|move|p2a: Dragonite|Dragon Dance|p2a: Dragonite\n|-boost|p2a: Dragonite|atk|1\n|-boost|p2a: Dragonite|spe|1\n|move|p1a: \u3046\u3093\u3061\u3092\u3057\u306a\u3051\u308c\u3070\u306a\u308a\u307e\u305b\u3093|Toxic|p2a: Dragonite\n|-status|p2a: Dragonite|tox\n|\n|-weather|Snow|[upkeep]\n|-heal|p2a: Dragonite|88\/100 tox|[from] item: Leftovers\n|-damage|p2a: Dragonite|82\/100 tox|[from] psn\n|upkeep\n|turn|4\n|\n|t:|1700018465\n|switch|p1a: Snow Halation|Vanilluxe, F, shiny|100\/100\n|move|p2a: Dragonite|Dragon Dance|p2a: Dragonite\n|-boost|p2a: Dragonite|atk|1\n|-boost|p2a: Dragonite|spe|1\n|\n|-weather|Snow|[upkeep]\n|-heal|p2a: Dragonite|88\/100 tox|[from] item: Leftovers\n|-damage|p2a: Dragonite|76\/100 tox|[from] psn\n|upkeep\n|turn|5\n|\n|t:|1700018473\n|move|p2a: Dragonite|Earthquake|p1a: Snow Halation\n|-damage|p1a: Snow Halation|41\/100\n|move|p1a: Snow Halation|Aurora Veil|p1a: Snow Halation\n|-sidestart|p1: Eggnoggue|move: Aurora Veil\n|\n|-weather|none\n|-heal|p2a: Dragonite|82\/100 tox|[from] item: Leftovers\n|-damage|p2a: Dragonite|63\/100 tox|[from] psn\n|upkeep\n|turn|6\n|\n|t:|1700018483\n|move|p2a: Dragonite|Dual Wingbeat|p1a: Snow Halation\n|-damage|p1a: Snow Halation|12\/100\n|-damage|p1a: Snow Halation|0 fnt\n|faint|p1a: Snow Halation\n|-hitcount|p1: Snow Halation|2\n|\n|-heal|p2a: Dragonite|70\/100 tox|[from] item: Leftovers\n|-damage|p2a: Dragonite|45\/100 tox|[from] psn\n|upkeep\n|\n|t:|1700018495\n|switch|p1a: ? <--HEARTBEAT|Krookodile, F|100\/100\n|turn|7\n|\n|t:|1700018506\n|-terastallize|p1a: ? <--HEARTBEAT|Dragon\n|move|p2a: Dragonite|Outrage|p1a: ? <--HEARTBEAT\n|-supereffective|p1a: ? <--HEARTBEAT\n|-damage|p1a: ? <--HEARTBEAT|0 fnt\n|faint|p1a: ? <--HEARTBEAT\n|\n|-heal|p2a: Dragonite|51\/100 tox|[from] item: Leftovers\n|-damage|p2a: Dragonite|21\/100 tox|[from] psn\n|upkeep\n|\n|t:|1700018512\n|switch|p1a: Sky Journey|Togekiss, F|100\/100\n|turn|8\n|\n|t:|1700018517\n|move|p2a: Dragonite|Outrage|p1a: Sky Journey|[from]lockedmove\n|-immune|p1a: Sky Journey\n|-start|p2a: Dragonite|confusion|[fatigue]\n|move|p1a: Sky Journey|Ancient Power|p2a: Dragonite\n|-supereffective|p2a: Dragonite\n|-damage|p2a: Dragonite|6\/100 tox\n|\n|-heal|p2a: Dragonite|12\/100 tox|[from] item: Leftovers\n|-damage|p2a: Dragonite|0 fnt|[from] psn\n|faint|p2a: Dragonite\n|-sideend|p2: AncientFr33z|move: Aurora Veil\n|upkeep\n|\n|t:|1700018520\n|switch|p2a: Corviknight|Corviknight, M|100\/100\n|-damage|p2a: Corviknight|88\/100|[from] Stealth Rock\n|-ability|p2a: Corviknight|Pressure\n|turn|9\n|\n|t:|1700018524\n|move|p1a: Sky Journey|Tri Attack|p2a: Corviknight\n|-resisted|p2a: Corviknight\n|-damage|p2a: Corviknight|77\/100\n|move|p2a: Corviknight|Defog|p1a: Sky Journey\n|-unboost|p1a: Sky Journey|evasion|1\n|-sideend|p1: Eggnoggue|move: Aurora Veil\n|-sideend|p2: AncientFr33z|Stealth Rock|[from] move: Defog|[of] p2a: Corviknight\n|\n|-heal|p2a: Corviknight|83\/100|[from] item: Leftovers\n|upkeep\n|turn|10\n|\n|t:|1700018530\n|switch|p2a: Ninetales|Ninetales-Alola, F|100\/100\n|-weather|Snow|[from] ability: Snow Warning|[of] p2a: Ninetales\n|move|p1a: Sky Journey|Tri Attack|p2a: Ninetales\n|-damage|p2a: Ninetales|78\/100\n|\n|-weather|Snow|[upkeep]\n|upkeep\n|turn|11\n|\n|t:|1700018536\n|move|p2a: Ninetales|Aurora Veil|p2a: Ninetales\n|-sidestart|p2: AncientFr33z|move: Aurora Veil\n|move|p1a: Sky Journey|Ancient Power|p2a: Ninetales\n|-supereffective|p2a: Ninetales\n|-damage|p2a: Ninetales|62\/100\n|-boost|p1a: Sky Journey|atk|1\n|-boost|p1a: Sky Journey|def|1\n|-boost|p1a: Sky Journey|spa|1\n|-boost|p1a: Sky Journey|spd|1\n|-boost|p1a: Sky Journey|spe|1\n|\n|-weather|Snow|[upkeep]\n|upkeep\n|turn|12\n|\n|t:|1700018548\n|move|p2a: Ninetales|Hypnosis|p1a: Sky Journey\n|-status|p1a: Sky Journey|slp|[from] move: Hypnosis\n|cant|p1a: Sky Journey|slp\n|\n|-weather|Snow|[upkeep]\n|upkeep\n|turn|13\n|\n|t:|1700018552\n|switch|p2a: Alakazam|Alakazam, M|100\/100\n|cant|p1a: Sky Journey|slp\n|\n|-weather|Snow|[upkeep]\n|upkeep\n|turn|14\n|\n|t:|1700018554\n|move|p2a: Alakazam|Psychic|p1a: Sky Journey\n|-damage|p1a: Sky Journey|60\/100 slp\n|cant|p1a: Sky Journey|slp\n|move|p1a: Sky Journey|Sleep Talk|p1a: Sky Journey\n|move|p1a: Sky Journey|Rest||[from]move: Sleep Talk|[still]\n|-fail|p1a: Sky Journey\n|\n|-weather|none\n|-heal|p1a: Sky Journey|66\/100 slp|[from] item: Leftovers\n|upkeep\n|turn|15\n|\n|t:|1700018565\n|-terastallize|p2a: Alakazam|Psychic\n|move|p2a: Alakazam|Psychic|p1a: Sky Journey\n|-crit|p1a: Sky Journey\n|-damage|p1a: Sky Journey|0 fnt\n|faint|p1a: Sky Journey\n|\n|upkeep\n|\n|t:|1700018573\n|switch|p1a: MF DOOM|Spiritomb, M, shiny|100\/100\n|turn|16\n|\n|t:|1700018584\n|switch|p2a: Ninetales|Ninetales-Alola, F|62\/100\n|-weather|Snow|[from] ability: Snow Warning|[of] p2a: Ninetales\n|move|p1a: MF DOOM|Will-O-Wisp|p2a: Ninetales\n|-status|p2a: Ninetales|brn\n|\n|-weather|Snow|[upkeep]\n|-damage|p2a: Ninetales|56\/100 brn|[from] brn\n|upkeep\n|turn|17\n|\n|t:|1700018590\n|switch|p1a: \u3046\u3093\u3061\u3092\u3057\u306a\u3051\u308c\u3070\u306a\u308a\u307e\u305b\u3093|Heatran, F|100\/100\n|move|p2a: Ninetales|Moonblast|p1a: \u3046\u3093\u3061\u3092\u3057\u306a\u3051\u308c\u3070\u306a\u308a\u307e\u305b\u3093\n|-resisted|p1a: \u3046\u3093\u3061\u3092\u3057\u306a\u3051\u308c\u3070\u306a\u308a\u307e\u305b\u3093\n|-damage|p1a: \u3046\u3093\u3061\u3092\u3057\u306a\u3051\u308c\u3070\u306a\u308a\u307e\u305b\u3093|96\/100\n|\n|-weather|Snow|[upkeep]\n|-heal|p1a: \u3046\u3093\u3061\u3092\u3057\u306a\u3051\u308c\u3070\u306a\u308a\u307e\u305b\u3093|100\/100|[from] item: Leftovers\n|-damage|p2a: Ninetales|50\/100 brn|[from] brn\n|upkeep\n|turn|18\n|\n|t:|1700018598\n|switch|p2a: Gyarados|Gyarados, M|100\/100\n|move|p1a: \u3046\u3093\u3061\u3092\u3057\u306a\u3051\u308c\u3070\u306a\u308a\u307e\u305b\u3093|Toxic|p2a: Gyarados|[miss]\n|-miss|p1a: \u3046\u3093\u3061\u3092\u3057\u306a\u3051\u308c\u3070\u306a\u308a\u307e\u305b\u3093|p2a: Gyarados\n|\n|-weather|Snow|[upkeep]\n|-sideend|p2: AncientFr33z|move: Aurora Veil\n|upkeep\n|turn|19\n|\n|t:|1700018611\n|move|p2a: Gyarados|Dragon Dance|p2a: Gyarados\n|-boost|p2a: Gyarados|atk|1\n|-boost|p2a: Gyarados|spe|1\n|move|p1a: \u3046\u3093\u3061\u3092\u3057\u306a\u3051\u308c\u3070\u306a\u308a\u307e\u305b\u3093|Toxic|p2a: Gyarados\n|-status|p2a: Gyarados|tox\n|\n|-weather|Snow|[upkeep]\n|-damage|p2a: Gyarados|94\/100 tox|[from] psn\n|upkeep\n|turn|20\n|\n|t:|1700018616\n|switch|p1a: MF DOOM|Spiritomb, M, shiny|100\/100\n|move|p2a: Gyarados|Dragon Dance|p2a: Gyarados\n|-boost|p2a: Gyarados|atk|1\n|-boost|p2a: Gyarados|spe|1\n|\n|-weather|none\n|-heal|p2a: Gyarados|100\/100 tox|[from] item: Leftovers\n|-damage|p2a: Gyarados|88\/100 tox|[from] psn\n|upkeep\n|turn|21\n|\n|t:|1700018626\n|move|p2a: Gyarados|Waterfall|p1a: MF DOOM\n|-damage|p1a: MF DOOM|30\/100\n|move|p1a: MF DOOM|Pain Split|p2a: Gyarados\n|-sethp|p2a: Gyarados|58\/100 tox|[from] move: Pain Split|[silent]\n|-sethp|p1a: MF DOOM|63\/100|[from] move: Pain Split\n|\n|-heal|p2a: Gyarados|64\/100 tox|[from] item: Leftovers\n|-heal|p1a: MF DOOM|70\/100|[from] item: Leftovers\n|-damage|p2a: Gyarados|46\/100 tox|[from] psn\n|upkeep\n|turn|22\n|\n|t:|1700018644\n|move|p2a: Gyarados|Waterfall|p1a: MF DOOM\n|-damage|p1a: MF DOOM|7\/100\n|move|p1a: MF DOOM|Hex|p2a: Gyarados\n|-damage|p2a: Gyarados|1\/100 tox\n|\n|-heal|p2a: Gyarados|7\/100 tox|[from] item: Leftovers\n|-heal|p1a: MF DOOM|13\/100|[from] item: Leftovers\n|-damage|p2a: Gyarados|0 fnt|[from] psn\n|faint|p2a: Gyarados\n|upkeep\n|\n|t:|1700018648\n|switch|p2a: Alakazam|Alakazam, M, tera:Psychic|100\/100\n|turn|23\n|\n|t:|1700018654\n|switch|p1a: \u3046\u3093\u3061\u3092\u3057\u306a\u3051\u308c\u3070\u306a\u308a\u307e\u305b\u3093|Heatran, F|100\/100\n|move|p2a: Alakazam|Shadow Ball|p1a: \u3046\u3093\u3061\u3092\u3057\u306a\u3051\u308c\u3070\u306a\u308a\u307e\u305b\u3093\n|-damage|p1a: \u3046\u3093\u3061\u3092\u3057\u306a\u3051\u308c\u3070\u306a\u308a\u307e\u305b\u3093|71\/100\n|-unboost|p1a: \u3046\u3093\u3061\u3092\u3057\u306a\u3051\u308c\u3070\u306a\u308a\u307e\u305b\u3093|spd|1\n|\n|-heal|p1a: \u3046\u3093\u3061\u3092\u3057\u306a\u3051\u308c\u3070\u306a\u308a\u307e\u305b\u3093|77\/100|[from] item: Leftovers\n|upkeep\n|turn|24\n|\n|t:|1700018660\n|move|p2a: Alakazam|Shadow Ball|p1a: \u3046\u3093\u3061\u3092\u3057\u306a\u3051\u308c\u3070\u306a\u308a\u307e\u305b\u3093\n|-damage|p1a: \u3046\u3093\u3061\u3092\u3057\u306a\u3051\u308c\u3070\u306a\u308a\u307e\u305b\u3093|36\/100\n|move|p1a: \u3046\u3093\u3061\u3092\u3057\u306a\u3051\u308c\u3070\u306a\u308a\u307e\u305b\u3093|Stealth Rock|p2a: Alakazam\n|-sidestart|p2: AncientFr33z|move: Stealth Rock\n|\n|-heal|p1a: \u3046\u3093\u3061\u3092\u3057\u306a\u3051\u308c\u3070\u306a\u308a\u307e\u305b\u3093|42\/100|[from] item: Leftovers\n|upkeep\n|turn|25\n|\n|t:|1700018665\n|switch|p1a: MF DOOM|Spiritomb, M, shiny|13\/100\n|move|p2a: Alakazam|Shadow Ball|p1a: MF DOOM\n|-damage|p1a: MF DOOM|0 fnt\n|faint|p1a: MF DOOM\n|\n|upkeep\n|\n|t:|1700018671\n|switch|p1a: START:DASH!!|Jolteon, F|100\/100\n|turn|26\n|inactive|Eggnoggue has 120 seconds left.\n|\n|t:|1700018712\n|switch|p2a: Ninetales|Ninetales-Alola, F|50\/100 brn\n|-damage|p2a: Ninetales|25\/100 brn|[from] Stealth Rock\n|-weather|Snow|[from] ability: Snow Warning|[of] p2a: Ninetales\n|move|p1a: START:DASH!!|Volt Switch|p2a: Ninetales\n|-damage|p2a: Ninetales|0 fnt\n|faint|p2a: Ninetales\n|\n|t:|1700018715\n|switch|p1a: \u3046\u3093\u3061\u3092\u3057\u306a\u3051\u308c\u3070\u306a\u308a\u307e\u305b\u3093|Heatran, F|42\/100|[from] Volt Switch\n|\n|-weather|Snow|[upkeep]\n|-heal|p1a: \u3046\u3093\u3061\u3092\u3057\u306a\u3051\u308c\u3070\u306a\u308a\u307e\u305b\u3093|48\/100|[from] item: Leftovers\n|upkeep\n|\n|t:|1700018727\n|switch|p2a: Corviknight|Corviknight, M|83\/100\n|-damage|p2a: Corviknight|71\/100|[from] Stealth Rock\n|-ability|p2a: Corviknight|Pressure\n|turn|27\n|\n|t:|1700018730\n|move|p1a: \u3046\u3093\u3061\u3092\u3057\u306a\u3051\u308c\u3070\u306a\u308a\u307e\u305b\u3093|Flamethrower|p2a: Corviknight\n|-supereffective|p2a: Corviknight\n|-damage|p2a: Corviknight|0 fnt\n|faint|p2a: Corviknight\n|\n|-weather|Snow|[upkeep]\n|-heal|p1a: \u3046\u3093\u3061\u3092\u3057\u306a\u3051\u308c\u3070\u306a\u308a\u307e\u305b\u3093|55\/100|[from] item: Leftovers\n|upkeep\n|\n|t:|1700018738\n|switch|p2a: Alakazam|Alakazam, M, tera:Psychic|100\/100\n|turn|28\n|\n|t:|1700018750\n|move|p2a: Alakazam|Focus Blast|p1a: \u3046\u3093\u3061\u3092\u3057\u306a\u3051\u308c\u3070\u306a\u308a\u307e\u305b\u3093|[miss]\n|-miss|p2a: Alakazam|p1a: \u3046\u3093\u3061\u3092\u3057\u306a\u3051\u308c\u3070\u306a\u308a\u307e\u305b\u3093\n|move|p1a: \u3046\u3093\u3061\u3092\u3057\u306a\u3051\u308c\u3070\u306a\u308a\u307e\u305b\u3093|Flamethrower|p2a: Alakazam\n|-damage|p2a: Alakazam|47\/100\n|\n|-weather|Snow|[upkeep]\n|-heal|p1a: \u3046\u3093\u3061\u3092\u3057\u306a\u3051\u308c\u3070\u306a\u308a\u307e\u305b\u3093|61\/100|[from] item: Leftovers\n|upkeep\n|turn|29\n|\n|t:|1700018756\n|move|p2a: Alakazam|Focus Blast|p1a: \u3046\u3093\u3061\u3092\u3057\u306a\u3051\u308c\u3070\u306a\u308a\u307e\u305b\u3093|[miss]\n|-miss|p2a: Alakazam|p1a: \u3046\u3093\u3061\u3092\u3057\u306a\u3051\u308c\u3070\u306a\u308a\u307e\u305b\u3093\n|move|p1a: \u3046\u3093\u3061\u3092\u3057\u306a\u3051\u308c\u3070\u306a\u308a\u307e\u305b\u3093|Flamethrower|p2a: Alakazam\n|-damage|p2a: Alakazam|0 fnt\n|faint|p2a: Alakazam\n|\n|-weather|Snow|[upkeep]\n|-heal|p1a: \u3046\u3093\u3061\u3092\u3057\u306a\u3051\u308c\u3070\u306a\u308a\u307e\u305b\u3093|67\/100|[from] item: Leftovers\n|upkeep\n|\n|t:|1700018759\n|switch|p2a: Skeledirge|Skeledirge, F|100\/100\n|-damage|p2a: Skeledirge|75\/100|[from] Stealth Rock\n|turn|30\n|\n|t:|1700018764\n|move|p1a: \u3046\u3093\u3061\u3092\u3057\u306a\u3051\u308c\u3070\u306a\u308a\u307e\u305b\u3093|Toxic|p2a: Skeledirge\n|-status|p2a: Skeledirge|tox\n|move|p2a: Skeledirge|Hex|p1a: \u3046\u3093\u3061\u3092\u3057\u306a\u3051\u308c\u3070\u306a\u308a\u307e\u305b\u3093\n|-damage|p1a: \u3046\u3093\u3061\u3092\u3057\u306a\u3051\u308c\u3070\u306a\u308a\u307e\u305b\u3093|51\/100\n|\n|-weather|none\n|-heal|p1a: \u3046\u3093\u3061\u3092\u3057\u306a\u3051\u308c\u3070\u306a\u308a\u307e\u305b\u3093|57\/100|[from] item: Leftovers\n|-heal|p2a: Skeledirge|82\/100 tox|[from] item: Leftovers\n|-damage|p2a: Skeledirge|75\/100 tox|[from] psn\n|upkeep\n|turn|31\n|-message|AncientFr33z forfeited.\n|\n|win|Eggnoggue\n|raw|Eggnoggue's rating: 1255 &rarr; <strong>1286<\/strong><br \/>(+31 for winning)\n|raw|AncientFr33z's rating: 1345 &rarr; <strong>1320<\/strong><br \/>(-25 for losing)\n|l|\u2606AncientFr33z\n","uploadtime":1700018796,"views":18,"p1id":"eggnoggue","p2id":"ancientfr33z","formatid":"gen9nationaldex","rating":1286,"private":0,"password":""}