{"id":"gen9nationaldex-1998189099","p1":"Remasteror","p2":"yobro0010","format":"[Gen 9] National Dex","log":"|html|<div class=\"broadcast-blue\"><strong>[Gen 9] National Dex is currently suspecting Sneasler! For information on how to participate check out the <a href=\"https:\/\/www.smogon.com\/forums\/threads\/sv-national-dex-suspect-8-just-dance.3731534\/\">suspect thread<\/a>.<\/strong><\/div>\n|j|\u2606Remasteror\n|j|\u2606yobro0010\n|t:|1700909267\n|gametype|singles\n|player|p1|Remasteror|169|1187\n|player|p2|yobro0010|102|1156\n|teamsize|p1|6\n|teamsize|p2|6\n|gen|9\n|tier|[Gen 9] National Dex\n|rated|\n|rule|HP Percentage Mod: HP is shown in percentages\n|rule|Endless Battle Clause: Forcing endless battles is banned\n|rule|OHKO Clause: OHKO moves are banned\n|rule|Evasion Clause: Evasion abilities, items, and moves are banned\n|rule|Evasion Abilities Clause: Evasion abilities are banned\n|rule|Evasion Items Clause: Evasion items are banned\n|rule|Evasion Moves Clause: Evasion moves are banned\n|rule|Species Clause: Limit one of each Pok\u00e9mon\n|rule|Sleep Clause Mod: Limit one foe put to sleep\n|clearpoke\n|poke|p1|Gliscor, F|\n|poke|p1|Volcarona, M|\n|poke|p1|Diancie|\n|poke|p1|Samurott-Hisui, F|\n|poke|p1|Corviknight, M|\n|poke|p1|Rillaboom, F|\n|poke|p2|Ferrothorn, F|\n|poke|p2|Greninja-*, M|\n|poke|p2|Toxapex, M|\n|poke|p2|Kommo-o, F|\n|poke|p2|Celesteela|\n|poke|p2|Malamar, M|\n|teampreview\n|inactive|Battle timer is ON: inactive players will automatically lose when time's up. (requested by yobro0010)\n|\n|t:|1700909271\n|start\n|switch|p1a: Gliscor|Gliscor, F|100\/100\n|switch|p2a: Malamar|Malamar, M|100\/100\n|turn|1\n|\n|t:|1700909279\n|move|p2a: Malamar|Knock Off|p1a: Gliscor\n|-damage|p1a: Gliscor|76\/100\n|-enditem|p1a: Gliscor|Toxic Orb|[from] move: Knock Off|[of] p2a: Malamar\n|move|p1a: Gliscor|Spikes|p2a: Malamar\n|-sidestart|p2: yobro0010|Spikes\n|\n|upkeep\n|turn|2\n|\n|t:|1700909287\n|move|p2a: Malamar|Superpower|p1a: Gliscor\n|-resisted|p1a: Gliscor\n|-damage|p1a: Gliscor|65\/100\n|-boost|p2a: Malamar|atk|1\n|-boost|p2a: Malamar|def|1\n|move|p1a: Gliscor|Spikes|p2a: Malamar\n|-sidestart|p2: yobro0010|Spikes\n|\n|upkeep\n|turn|3\n|\n|t:|1700909294\n|move|p2a: Malamar|Superpower|p1a: Gliscor\n|-resisted|p1a: Gliscor\n|-damage|p1a: Gliscor|49\/100\n|-boost|p2a: Malamar|atk|1\n|-boost|p2a: Malamar|def|1\n|move|p1a: Gliscor|U-turn|p2a: Malamar\n|-supereffective|p2a: Malamar\n|-damage|p2a: Malamar|52\/100\n|\n|t:|1700909305\n|switch|p1a: Volcarona|Volcarona, M|100\/100|[from] U-turn\n|\n|upkeep\n|turn|4\n|\n|t:|1700909313\n|move|p1a: Volcarona|Bug Buzz|p2a: Malamar\n|-supereffective|p2a: Malamar\n|-damage|p2a: Malamar|0 fnt\n|faint|p2a: Malamar\n|\n|upkeep\n|\n|t:|1700909320\n|switch|p2a: Toxapex|Toxapex, M|100\/100\n|-damage|p2a: Toxapex|84\/100|[from] Spikes\n|turn|5\n|\n|t:|1700909329\n|switch|p1a: Rillaboom|Rillaboom, F|100\/100\n|-fieldstart|move: Grassy Terrain|[from] ability: Grassy Surge|[of] p1a: Rillaboom\n|move|p2a: Toxapex|Toxic|p1a: Rillaboom\n|-status|p1a: Rillaboom|tox\n|\n|-heal|p2a: Toxapex|90\/100|[from] Grassy Terrain\n|-heal|p2a: Toxapex|96\/100|[from] item: Leftovers\n|-damage|p1a: Rillaboom|94\/100 tox|[from] psn\n|upkeep\n|turn|6\n|\n|t:|1700909342\n|move|p1a: Rillaboom|Knock Off|p2a: Toxapex\n|-damage|p2a: Toxapex|63\/100\n|-enditem|p2a: Toxapex|Leftovers|[from] move: Knock Off|[of] p1a: Rillaboom\n|move|p2a: Toxapex|Hex|p1a: Rillaboom\n|-crit|p1a: Rillaboom\n|-damage|p1a: Rillaboom|60\/100 tox\n|\n|-heal|p1a: Rillaboom|66\/100 tox|[from] Grassy Terrain\n|-heal|p2a: Toxapex|69\/100|[from] Grassy Terrain\n|-damage|p1a: Rillaboom|54\/100 tox|[from] psn\n|upkeep\n|turn|7\n|\n|t:|1700909356\n|switch|p1a: Gliscor|Gliscor, F|49\/100\n|move|p2a: Toxapex|Recover|p2a: Toxapex\n|-heal|p2a: Toxapex|100\/100\n|\n|upkeep\n|turn|8\n|\n|t:|1700909367\n|switch|p2a: Greninja|Greninja, M|100\/100\n|-damage|p2a: Greninja|84\/100|[from] Spikes\n|move|p1a: Gliscor|Spikes|p2a: Greninja\n|-sidestart|p2: yobro0010|Spikes\n|\n|-heal|p2a: Greninja|90\/100|[from] Grassy Terrain\n|upkeep\n|turn|9\n|\n|t:|1700909376\n|switch|p1a: Rillaboom|Rillaboom, F|54\/100 tox\n|move|p2a: Greninja|Ice Beam|p1a: Rillaboom\n|-supereffective|p1a: Rillaboom\n|-damage|p1a: Rillaboom|0 fnt\n|faint|p1a: Rillaboom\n|-ability|p2a: Greninja|Battle Bond|boost\n|-boost|p2a: Greninja|atk|1\n|-boost|p2a: Greninja|spa|1\n|-boost|p2a: Greninja|spe|1\n|-activate|p2a: Greninja|ability: Battle Bond\n|\n|-heal|p2a: Greninja|96\/100|[from] Grassy Terrain\n|-fieldend|move: Grassy Terrain\n|upkeep\n|\n|t:|1700909392\n|switch|p1a: Corviknight|Corviknight, M|100\/100\n|-ability|p1a: Corviknight|Pressure\n|turn|10\n|\n|t:|1700909403\n|move|p2a: Greninja|Dark Pulse|p1a: Corviknight\n|-damage|p1a: Corviknight|54\/100\n|move|p1a: Corviknight|U-turn|p2a: Greninja\n|-supereffective|p2a: Greninja\n|-damage|p2a: Greninja|54\/100\n|\n|t:|1700909413\n|switch|p1a: Samurott|Samurott-Hisui, F|100\/100|[from] U-turn\n|\n|upkeep\n|turn|11\n|\n|t:|1700909423\n|move|p2a: Greninja|Grass Knot|p1a: Samurott\n|-supereffective|p1a: Samurott\n|-damage|p1a: Samurott|0 fnt\n|faint|p1a: Samurott\n|\n|upkeep\n|\n|t:|1700909428\n|switch|p1a: Corviknight|Corviknight, M|54\/100\n|-ability|p1a: Corviknight|Pressure\n|turn|12\n|\n|t:|1700909433\n|move|p2a: Greninja|Dark Pulse|p1a: Corviknight\n|-damage|p1a: Corviknight|2\/100\n|move|p1a: Corviknight|Brave Bird|p2a: Greninja\n|-damage|p2a: Greninja|0 fnt\n|faint|p2a: Greninja\n|-damage|p1a: Corviknight|0 fnt|[from] Recoil\n|faint|p1a: Corviknight\n|\n|upkeep\n|\n|t:|1700909444\n|switch|p2a: Toxapex|Toxapex, M|100\/100\n|switch|p1a: Diancie|Diancie|100\/100\n|-damage|p2a: Toxapex|75\/100|[from] Spikes\n|turn|13\n|\n|t:|1700909459\n|detailschange|p1a: Diancie|Diancie-Mega\n|-mega|p1a: Diancie|Diancie|Diancite\n|move|p2a: Toxapex|Baneful Bunker|p2a: Toxapex\n|-singleturn|p2a: Toxapex|move: Protect\n|move|p1a: Diancie|Stealth Rock|p2a: Toxapex\n|-sidestart|p2: yobro0010|move: Stealth Rock\n|\n|upkeep\n|turn|14\n|\n|t:|1700909475\n|switch|p1a: Gliscor|Gliscor, F|49\/100\n|move|p2a: Toxapex|Toxic|p1a: Gliscor\n|-status|p1a: Gliscor|tox\n|\n|-heal|p1a: Gliscor|62\/100 tox|[from] ability: Poison Heal\n|upkeep\n|turn|15\n|\n|t:|1700909488\n|move|p1a: Gliscor|Earthquake|p2a: Toxapex\n|-supereffective|p2a: Toxapex\n|-damage|p2a: Toxapex|7\/100\n|move|p2a: Toxapex|Recover|p2a: Toxapex\n|-heal|p2a: Toxapex|57\/100\n|\n|-heal|p1a: Gliscor|74\/100 tox|[from] ability: Poison Heal\n|upkeep\n|turn|16\n|\n|t:|1700909497\n|switch|p2a: Ferrothorn|Ferrothorn, F|100\/100\n|-damage|p2a: Ferrothorn|76\/100|[from] Spikes\n|-damage|p2a: Ferrothorn|70\/100|[from] Stealth Rock\n|move|p1a: Gliscor|Earthquake|p2a: Ferrothorn\n|-damage|p2a: Ferrothorn|40\/100\n|\n|-heal|p2a: Ferrothorn|46\/100|[from] item: Leftovers\n|-heal|p1a: Gliscor|87\/100 tox|[from] ability: Poison Heal\n|upkeep\n|turn|17\n|\n|t:|1700909512\n|move|p1a: Gliscor|Earthquake|p2a: Ferrothorn\n|-damage|p2a: Ferrothorn|11\/100\n|move|p2a: Ferrothorn|Leech Seed|p1a: Gliscor\n|-start|p1a: Gliscor|move: Leech Seed\n|\n|-heal|p2a: Ferrothorn|17\/100|[from] item: Leftovers\n|-damage|p1a: Gliscor|74\/100 tox|[from] Leech Seed|[of] p2a: Ferrothorn\n|-heal|p2a: Ferrothorn|29\/100|[silent]\n|-heal|p1a: Gliscor|87\/100 tox|[from] ability: Poison Heal\n|upkeep\n|turn|18\n|\n|t:|1700909523\n|move|p2a: Ferrothorn|Protect|p2a: Ferrothorn\n|-singleturn|p2a: Ferrothorn|Protect\n|move|p1a: Gliscor|U-turn|p2a: Ferrothorn\n|-activate|p2a: Ferrothorn|move: Protect\n|\n|-heal|p2a: Ferrothorn|35\/100|[from] item: Leftovers\n|-damage|p1a: Gliscor|74\/100 tox|[from] Leech Seed|[of] p2a: Ferrothorn\n|-heal|p2a: Ferrothorn|47\/100|[silent]\n|-heal|p1a: Gliscor|87\/100 tox|[from] ability: Poison Heal\n|upkeep\n|turn|19\n|\n|t:|1700909534\n|move|p1a: Gliscor|U-turn|p2a: Ferrothorn\n|-damage|p2a: Ferrothorn|32\/100\n|-damage|p1a: Gliscor|74\/100 tox|[from] ability: Iron Barbs|[of] p2a: Ferrothorn\n|\n|t:|1700909538\n|switch|p1a: Volcarona|Volcarona, M|100\/100|[from] U-turn\n|move|p2a: Ferrothorn|Thunder Wave|p1a: Volcarona\n|-status|p1a: Volcarona|par\n|\n|-heal|p2a: Ferrothorn|38\/100|[from] item: Leftovers\n|upkeep\n|turn|20\n|\n|t:|1700909546\n|move|p2a: Ferrothorn|Protect|p2a: Ferrothorn\n|-singleturn|p2a: Ferrothorn|Protect\n|move|p1a: Volcarona|Flamethrower|p2a: Ferrothorn\n|-activate|p2a: Ferrothorn|move: Protect\n|\n|-heal|p2a: Ferrothorn|44\/100|[from] item: Leftovers\n|upkeep\n|turn|21\n|\n|t:|1700909560\n|switch|p2a: Toxapex|Toxapex, M|57\/100\n|-damage|p2a: Toxapex|32\/100|[from] Spikes\n|-damage|p2a: Toxapex|19\/100|[from] Stealth Rock\n|move|p1a: Volcarona|Quiver Dance|p1a: Volcarona\n|-boost|p1a: Volcarona|spa|1\n|-boost|p1a: Volcarona|spd|1\n|-boost|p1a: Volcarona|spe|1\n|\n|upkeep\n|turn|22\n|\n|t:|1700909570\n|cant|p1a: Volcarona|par\n|move|p2a: Toxapex|Recover|p2a: Toxapex\n|-heal|p2a: Toxapex|69\/100\n|\n|upkeep\n|turn|23\n|\n|t:|1700909576\n|cant|p1a: Volcarona|par\n|move|p2a: Toxapex|Hex|p1a: Volcarona\n|-damage|p1a: Volcarona|87\/100 par\n|\n|upkeep\n|turn|24\n|\n|t:|1700909586\n|move|p1a: Volcarona|Giga Drain|p2a: Toxapex\n|-damage|p2a: Toxapex|36\/100\n|-heal|p1a: Volcarona|100\/100 par|[from] drain|[of] p2a: Toxapex\n|move|p2a: Toxapex|Hex|p1a: Volcarona\n|-damage|p1a: Volcarona|87\/100 par\n|\n|upkeep\n|turn|25\n|\n|t:|1700909594\n|move|p1a: Volcarona|Giga Drain|p2a: Toxapex\n|-damage|p2a: Toxapex|7\/100\n|-heal|p1a: Volcarona|100\/100 par|[from] drain|[of] p2a: Toxapex\n|move|p2a: Toxapex|Recover|p2a: Toxapex\n|-heal|p2a: Toxapex|57\/100\n|\n|upkeep\n|turn|26\n|\n|t:|1700909601\n|switch|p1a: Gliscor|Gliscor, F|74\/100 tox\n|move|p2a: Toxapex|Recover|p2a: Toxapex\n|-heal|p2a: Toxapex|100\/100\n|\n|-heal|p1a: Gliscor|87\/100 tox|[from] ability: Poison Heal\n|upkeep\n|turn|27\n|\n|t:|1700909609\n|move|p1a: Gliscor|Earthquake|p2a: Toxapex\n|-supereffective|p2a: Toxapex\n|-damage|p2a: Toxapex|34\/100\n|move|p2a: Toxapex|Hex|p1a: Gliscor\n|-crit|p1a: Gliscor\n|-damage|p1a: Gliscor|51\/100 tox\n|\n|-heal|p1a: Gliscor|63\/100 tox|[from] ability: Poison Heal\n|upkeep\n|turn|28\n|\n|t:|1700909619\n|switch|p2a: Celesteela|Celesteela|100\/100\n|-damage|p2a: Celesteela|88\/100|[from] Stealth Rock\n|move|p1a: Gliscor|Earthquake|p2a: Celesteela\n|-immune|p2a: Celesteela\n|\n|-heal|p1a: Gliscor|76\/100 tox|[from] ability: Poison Heal\n|upkeep\n|turn|29\n|\n|t:|1700909628\n|move|p1a: Gliscor|U-turn|p2a: Celesteela\n|-resisted|p2a: Celesteela\n|-damage|p2a: Celesteela|84\/100\n|\n|t:|1700909637\n|switch|p1a: Volcarona|Volcarona, M|100\/100 par|[from] U-turn\n|move|p2a: Celesteela|Leech Seed|p1a: Volcarona\n|-start|p1a: Volcarona|move: Leech Seed\n|\n|-damage|p1a: Volcarona|88\/100 par|[from] Leech Seed|[of] p2a: Celesteela\n|-heal|p2a: Celesteela|93\/100|[silent]\n|upkeep\n|turn|30\n|\n|t:|1700909645\n|move|p2a: Celesteela|Protect|p2a: Celesteela\n|-singleturn|p2a: Celesteela|Protect\n|move|p1a: Volcarona|Flamethrower|p2a: Celesteela\n|-activate|p2a: Celesteela|move: Protect\n|\n|-damage|p1a: Volcarona|76\/100 par|[from] Leech Seed|[of] p2a: Celesteela\n|-heal|p2a: Celesteela|100\/100|[silent]\n|upkeep\n|turn|31\n|\n|t:|1700909653\n|move|p2a: Celesteela|Air Slash|p1a: Volcarona\n|-supereffective|p1a: Volcarona\n|-damage|p1a: Volcarona|23\/100 par\n|cant|p1a: Volcarona|flinch\n|\n|-damage|p1a: Volcarona|11\/100 par|[from] Leech Seed|[of] p2a: Celesteela\n|upkeep\n|turn|32\n|\n|t:|1700909662\n|move|p2a: Celesteela|Air Slash|p1a: Volcarona\n|-supereffective|p1a: Volcarona\n|-damage|p1a: Volcarona|0 fnt\n|faint|p1a: Volcarona\n|-ability|p2a: Celesteela|Beast Boost|boost\n|-boost|p2a: Celesteela|spa|1\n|\n|upkeep\n|\n|t:|1700909668\n|switch|p1a: Diancie|Diancie-Mega|100\/100\n|turn|33\n|\n|t:|1700909673\n|move|p1a: Diancie|Mystical Fire|p2a: Celesteela\n|-supereffective|p2a: Celesteela\n|-damage|p2a: Celesteela|52\/100\n|-unboost|p2a: Celesteela|spa|1\n|move|p2a: Celesteela|Leech Seed|p1a: Diancie\n|move|p1a: Diancie|Leech Seed|p2a: Celesteela|[from]ability: Magic Bounce\n|-start|p2a: Celesteela|move: Leech Seed\n|\n|-damage|p2a: Celesteela|39\/100|[from] Leech Seed|[of] p1a: Diancie\n|upkeep\n|-enditem|p2a: Celesteela|Sitrus Berry|[eat]\n|-heal|p2a: Celesteela|64\/100|[from] item: Sitrus Berry\n|turn|34\n|\n|t:|1700909699\n|switch|p2a: Ferrothorn|Ferrothorn, F|44\/100\n|-damage|p2a: Ferrothorn|19\/100|[from] Spikes\n|-damage|p2a: Ferrothorn|13\/100|[from] Stealth Rock\n|move|p1a: Diancie|Mystical Fire|p2a: Ferrothorn\n|-supereffective|p2a: Ferrothorn\n|-damage|p2a: Ferrothorn|0 fnt\n|faint|p2a: Ferrothorn\n|\n|upkeep\n|\n|t:|1700909708\n|switch|p2a: Toxapex|Toxapex, M|34\/100\n|-damage|p2a: Toxapex|9\/100|[from] Spikes\n|-damage|p2a: Toxapex|0 fnt|[from] Stealth Rock\n|faint|p2a: Toxapex\n|\n|t:|1700909719\n|switch|p2a: Celesteela|Celesteela|64\/100\n|-damage|p2a: Celesteela|52\/100|[from] Stealth Rock\n|turn|35\n|\n|t:|1700909728\n|move|p1a: Diancie|Mystical Fire|p2a: Celesteela\n|-supereffective|p2a: Celesteela\n|-damage|p2a: Celesteela|0 fnt\n|faint|p2a: Celesteela\n|\n|upkeep\n|\n|t:|1700909732\n|switch|p2a: Kommo-o|Kommo-o, F|100\/100\n|-damage|p2a: Kommo-o|76\/100|[from] Spikes\n|-damage|p2a: Kommo-o|70\/100|[from] Stealth Rock\n|turn|36\n|\n|t:|1700909740\n|move|p1a: Diancie|Moonblast|p2a: Kommo-o\n|-supereffective|p2a: Kommo-o\n|-damage|p2a: Kommo-o|0 fnt\n|faint|p2a: Kommo-o\n|\n|win|Remasteror\n|raw|Remasteror's rating: 1187 &rarr; <strong>1210<\/strong><br \/>(+23 for winning)\n|raw|yobro0010's rating: 1156 &rarr; <strong>1133<\/strong><br \/>(-23 for losing)\n|l|\u2606yobro0010\n|c|\u2606Remasteror|gg\n","uploadtime":1700909749,"views":2,"p1id":"remasteror","p2id":"yobro0010","formatid":"gen9nationaldex","rating":1133,"private":0,"password":""}