{"id":"gen9nationaldex-1993002483","p1":"OldFrozenWolf","p2":"Tymogekh","format":"[Gen 9] National Dex","log":"|j|\u2606OldFrozenWolf\n|j|\u2606Tymogekh\n|t:|1700254430\n|gametype|singles\n|player|p1|OldFrozenWolf|gambler|\n|player|p2|Tymogekh|eusine|\n|teamsize|p1|6\n|teamsize|p2|6\n|gen|9\n|tier|[Gen 9] National Dex\n|rule|HP Percentage Mod: HP is shown in percentages\n|rule|Endless Battle Clause: Forcing endless battles is banned\n|rule|OHKO Clause: OHKO moves are banned\n|rule|Evasion Clause: Evasion abilities, items, and moves are banned\n|rule|Evasion Abilities Clause: Evasion abilities are banned\n|rule|Evasion Items Clause: Evasion items are banned\n|rule|Evasion Moves Clause: Evasion moves are banned\n|rule|Species Clause: Limit one of each Pok\u00e9mon\n|rule|Sleep Clause Mod: Limit one foe put to sleep\n|clearpoke\n|poke|p1|Sandslash-Alola, M|\n|poke|p1|Zoroark-Hisui, F|\n|poke|p1|Abomasnow, F|\n|poke|p1|Brambleghast, F|\n|poke|p1|Gliscor, F|\n|poke|p1|Alomomola, M|\n|poke|p2|Clodsire, M|\n|poke|p2|Muk, F|\n|poke|p2|Toxapex, M|\n|poke|p2|Sneasler, F|\n|poke|p2|Venusaur, M|\n|poke|p2|Iron Moth|\n|teampreview\n|\n|t:|1700254483\n|start\n|switch|p1a: Alomomola|Alomomola, M|100\/100\n|switch|p2a: Toxapex|Toxapex, M|100\/100\n|turn|1\n|\n|t:|1700254510\n|switch|p1a: Sandslash|Sandslash-Alola, M, shiny|100\/100\n|switch|p2a: Venusaur|Venusaur, M|100\/100\n|\n|upkeep\n|turn|2\n|\n|t:|1700254519\n|switch|p1a: Abomasnow|Abomasnow, F|100\/100\n|-weather|Snow|[from] ability: Snow Warning|[of] p1a: Abomasnow\n|switch|p2a: Iron Moth|Iron Moth|100\/100\n|\n|-weather|Snow|[upkeep]\n|upkeep\n|turn|3\n|\n|t:|1700254536\n|switch|p1a: Gliscor|Gliscor, F|100\/100\n|move|p2a: Iron Moth|Flamethrower|p1a: Gliscor\n|-damage|p1a: Gliscor|63\/100\n|-status|p1a: Gliscor|brn\n|\n|-weather|Snow|[upkeep]\n|-damage|p1a: Gliscor|56\/100 brn|[from] brn\n|upkeep\n|turn|4\n|\n|t:|1700254555\n|-end|p2a: Iron Moth|Quark Drive|[silent]\n|switch|p2a: Toxapex|Toxapex, M|100\/100\n|move|p1a: Gliscor|Tailwind|p1a: Gliscor\n|-sidestart|p1: OldFrozenWolf|move: Tailwind\n|\n|-weather|Snow|[upkeep]\n|-damage|p1a: Gliscor|50\/100 brn|[from] brn\n|upkeep\n|turn|5\n|\n|t:|1700254573\n|switch|p1a: Brambleghast|Brambleghast, F|100\/100\n|-ability|p1a: Brambleghast|Wind Rider|boost\n|-boost|p1a: Brambleghast|atk|1\n|move|p2a: Toxapex|Ice Beam|p1a: Brambleghast\n|-supereffective|p1a: Brambleghast\n|-damage|p1a: Brambleghast|46\/100\n|-status|p1a: Brambleghast|frz\n|\n|-weather|Snow|[upkeep]\n|-heal|p1a: Brambleghast|51\/100 frz|[from] item: Leftovers\n|upkeep\n|turn|6\n|\n|t:|1700254586\n|cant|p1a: Brambleghast|frz\n|move|p2a: Toxapex|Ice Beam|p1a: Brambleghast\n|-supereffective|p1a: Brambleghast\n|-damage|p1a: Brambleghast|4\/100 frz\n|\n|-weather|Snow|[upkeep]\n|-heal|p1a: Brambleghast|10\/100 frz|[from] item: Leftovers\n|upkeep\n|turn|7\n|\n|t:|1700254595\n|cant|p1a: Brambleghast|frz\n|move|p2a: Toxapex|Ice Beam|p1a: Brambleghast\n|-supereffective|p1a: Brambleghast\n|-damage|p1a: Brambleghast|0 fnt\n|faint|p1a: Brambleghast\n|\n|-weather|Snow|[upkeep]\n|-sideend|p1: OldFrozenWolf|move: Tailwind\n|upkeep\n|\n|t:|1700254605\n|switch|p1a: Sandslash|Sandslash-Alola, M, shiny|100\/100\n|turn|8\n|\n|t:|1700254613\n|switch|p2a: Iron Moth|Iron Moth|100\/100\n|move|p1a: Sandslash|Earthquake|p2a: Iron Moth\n|-supereffective|p2a: Iron Moth\n|-damage|p2a: Iron Moth|0 fnt\n|faint|p2a: Iron Moth\n|-end|p2a: Iron Moth|Quark Drive|[silent]\n|\n|-weather|Snow|[upkeep]\n|upkeep\n|\n|t:|1700254632\n|switch|p2a: Clodsire|Clodsire, M|100\/100\n|turn|9\n|\n|t:|1700254637\n|-terastallize|p2a: Clodsire|Ground\n|move|p1a: Sandslash|Icicle Crash|p2a: Clodsire\n|-supereffective|p2a: Clodsire\n|-damage|p2a: Clodsire|41\/100\n|cant|p2a: Clodsire|flinch\n|\n|-weather|none\n|upkeep\n|turn|10\n|\n|t:|1700254650\n|switch|p1a: Alomomola|Alomomola, M|100\/100\n|move|p2a: Clodsire|Body Press|p1a: Alomomola\n|-damage|p1a: Alomomola|90\/100\n|\n|upkeep\n|turn|11\n|\n|t:|1700254658\n|switch|p2a: Venusaur|Venusaur, M|100\/100\n|move|p1a: Alomomola|Wish|p1a: Alomomola\n|\n|upkeep\n|turn|12\n|\n|t:|1700254666\n|detailschange|p2a: Venusaur|Venusaur-Mega, M\n|-mega|p2a: Venusaur|Venusaur|Venusaurite\n|move|p2a: Venusaur|Giga Drain|p1a: Alomomola\n|-supereffective|p1a: Alomomola\n|-damage|p1a: Alomomola|34\/100\n|move|p1a: Alomomola|Flip Turn|p2a: Venusaur\n|-resisted|p2a: Venusaur\n|-damage|p2a: Venusaur|95\/100\n|\n|t:|1700254674\n|switch|p1a: Abomasnow|Abomasnow, F|100\/100|[from] Flip Turn\n|-weather|Snow|[from] ability: Snow Warning|[of] p1a: Abomasnow\n|\n|-weather|Snow|[upkeep]\n|upkeep\n|turn|13\n|\n|t:|1700254684\n|move|p2a: Venusaur|Sludge Bomb|p1a: Abomasnow\n|-supereffective|p1a: Abomasnow\n|-damage|p1a: Abomasnow|41\/100\n|-status|p1a: Abomasnow|psn\n|move|p1a: Abomasnow|Aurora Veil|p1a: Abomasnow\n|-sidestart|p1: OldFrozenWolf|move: Aurora Veil\n|\n|-weather|Snow|[upkeep]\n|-damage|p1a: Abomasnow|28\/100 psn|[from] psn\n|upkeep\n|turn|14\n|\n|t:|1700254696\n|switch|p1a: Sandslash|Sandslash-Alola, M, shiny|100\/100\n|move|p2a: Venusaur|Sludge Bomb|p1a: Sandslash\n|-immune|p1a: Sandslash\n|\n|-weather|Snow|[upkeep]\n|upkeep\n|turn|15\n|\n|t:|1700254704\n|switch|p2a: Clodsire|Clodsire, M, tera:Ground|41\/100\n|move|p1a: Sandslash|Icicle Crash|p2a: Clodsire\n|-supereffective|p2a: Clodsire\n|-crit|p2a: Clodsire\n|-damage|p2a: Clodsire|0 fnt\n|faint|p2a: Clodsire\n|\n|-weather|Snow|[upkeep]\n|upkeep\n|\n|t:|1700254713\n|switch|p2a: Sneasler|Sneasler, F|100\/100\n|turn|16\n|\n|t:|1700254723\n|-terastallize|p1a: Sandslash|Flying\n|move|p2a: Sneasler|Close Combat|p1a: Sandslash\n|-resisted|p1a: Sandslash\n|-damage|p1a: Sandslash|86\/100\n|-unboost|p2a: Sneasler|def|1\n|-unboost|p2a: Sneasler|spd|1\n|move|p1a: Sandslash|Earthquake|p2a: Sneasler\n|-supereffective|p2a: Sneasler\n|-damage|p2a: Sneasler|0 fnt\n|faint|p2a: Sneasler\n|\n|-weather|Snow|[upkeep]\n|upkeep\n|\n|t:|1700254737\n|switch|p2a: Toxapex|Toxapex, M|100\/100\n|turn|17\n|\n|t:|1700254743\n|move|p1a: Sandslash|Earthquake|p2a: Toxapex\n|-supereffective|p2a: Toxapex\n|-damage|p2a: Toxapex|60\/100\n|move|p2a: Toxapex|Ice Beam|p1a: Sandslash\n|-supereffective|p1a: Sandslash\n|-damage|p1a: Sandslash|63\/100\n|\n|-weather|Snow|[upkeep]\n|-sideend|p1: OldFrozenWolf|move: Aurora Veil\n|upkeep\n|turn|18\n|\n|t:|1700254760\n|move|p1a: Sandslash|Earthquake|p2a: Toxapex\n|-supereffective|p2a: Toxapex\n|-damage|p2a: Toxapex|16\/100\n|move|p2a: Toxapex|Recover|p2a: Toxapex\n|-heal|p2a: Toxapex|66\/100\n|\n|-weather|Snow|[upkeep]\n|upkeep\n|turn|19\n|\n|t:|1700254771\n|move|p1a: Sandslash|Earthquake|p2a: Toxapex\n|-supereffective|p2a: Toxapex\n|-damage|p2a: Toxapex|24\/100\n|move|p2a: Toxapex|Ice Beam|p1a: Sandslash\n|-supereffective|p1a: Sandslash\n|-damage|p1a: Sandslash|16\/100\n|\n|-weather|none\n|upkeep\n|turn|20\n|\n|t:|1700254788\n|switch|p1a: Alomomola|Alomomola, M|67\/100\n|switch|p2a: Muk|Muk, F|100\/100\n|\n|upkeep\n|turn|21\n|\n|t:|1700254796\n|move|p2a: Muk|Knock Off|p1a: Alomomola\n|-damage|p1a: Alomomola|50\/100\n|-enditem|p1a: Alomomola|Heavy-Duty Boots|[from] move: Knock Off|[of] p2a: Muk\n|move|p1a: Alomomola|Wish|p1a: Alomomola\n|\n|upkeep\n|turn|22\n|\n|t:|1700254806\n|move|p2a: Muk|Poison Jab|p1a: Alomomola\n|-damage|p1a: Alomomola|28\/100\n|-status|p1a: Alomomola|psn|[from] ability: Poison Touch|[of] p2a: Muk\n|move|p1a: Alomomola|Flip Turn|p2a: Muk\n|-damage|p2a: Muk|82\/100\n|\n|t:|1700254817\n|switch|p1a: Sandslash|Sandslash-Alola, M, shiny, tera:Flying|16\/100|[from] Flip Turn\n|\n|-heal|p1a: Sandslash|97\/100|[from] move: Wish|[wisher] Alomomola\n|-heal|p2a: Muk|88\/100|[from] item: Leftovers\n|upkeep\n|turn|23\n|\n|t:|1700254828\n|move|p1a: Sandslash|Earthquake|p2a: Muk\n|-supereffective|p2a: Muk\n|-damage|p2a: Muk|27\/100\n|move|p2a: Muk|Explosion|p1a: Sandslash\n|-damage|p1a: Sandslash|17\/100\n|faint|p2a: Muk\n|\n|upkeep\n|\n|t:|1700254836\n|switch|p2a: Toxapex|Toxapex, M|57\/100\n|turn|24\n|\n|t:|1700254842\n|switch|p1a: Alomomola|Alomomola, M|61\/100 psn\n|move|p2a: Toxapex|Ice Beam|p1a: Alomomola\n|-resisted|p1a: Alomomola\n|-damage|p1a: Alomomola|55\/100 psn\n|\n|-damage|p1a: Alomomola|42\/100 psn|[from] psn\n|upkeep\n|turn|25\n|\n|t:|1700254853\n|move|p1a: Alomomola|Wish|p1a: Alomomola\n|move|p2a: Toxapex|Recover|p2a: Toxapex\n|-heal|p2a: Toxapex|100\/100\n|\n|-damage|p1a: Alomomola|30\/100 psn|[from] psn\n|upkeep\n|turn|26\n|\n|t:|1700254860\n|move|p1a: Alomomola|Flip Turn|p2a: Toxapex\n|-resisted|p2a: Toxapex\n|-damage|p2a: Toxapex|94\/100\n|\n|t:|1700254865\n|switch|p1a: Abomasnow|Abomasnow, F|28\/100 psn|[from] Flip Turn\n|-weather|Snow|[from] ability: Snow Warning|[of] p1a: Abomasnow\n|move|p2a: Toxapex|Ice Beam|p1a: Abomasnow\n|-damage|p1a: Abomasnow|17\/100 psn\n|\n|-weather|Snow|[upkeep]\n|-heal|p1a: Abomasnow|90\/100 psn|[from] move: Wish|[wisher] Alomomola\n|-damage|p1a: Abomasnow|78\/100 psn|[from] psn\n|upkeep\n|turn|27\n|\n|t:|1700254878\n|switch|p1a: Alomomola|Alomomola, M|63\/100 psn\n|switch|p2a: Venusaur|Venusaur-Mega, M|95\/100\n|\n|-weather|Snow|[upkeep]\n|-damage|p1a: Alomomola|51\/100 psn|[from] psn\n|upkeep\n|turn|28\n|\n|t:|1700254893\n|switch|p1a: Sandslash|Sandslash-Alola, M, shiny, tera:Flying|17\/100\n|move|p2a: Venusaur|Giga Drain|p1a: Sandslash\n|-resisted|p1a: Sandslash\n|-damage|p1a: Sandslash|0 fnt\n|-heal|p2a: Venusaur|100\/100|[from] drain|[of] p1a: Sandslash\n|faint|p1a: Sandslash\n|\n|-weather|Snow|[upkeep]\n|upkeep\n|\n|t:|1700254914\n|switch|p1a: Abomasnow|Abomasnow, F|78\/100 psn\n|turn|29\n|\n|t:|1700254921\n|move|p2a: Venusaur|Sludge Bomb|p1a: Abomasnow\n|-supereffective|p1a: Abomasnow\n|-damage|p1a: Abomasnow|12\/100 psn\n|move|p1a: Abomasnow|Blizzard|p2a: Venusaur\n|-supereffective|p2a: Venusaur\n|-crit|p2a: Venusaur\n|-damage|p2a: Venusaur|47\/100\n|\n|-weather|Snow|[upkeep]\n|-damage|p1a: Abomasnow|0 fnt|[from] psn\n|faint|p1a: Abomasnow\n|upkeep\n|\n|t:|1700254945\n|switch|p1a: Alomomola|Alomomola, M|100\/100\n|turn|30\n|\n|t:|1700254957\n|move|p1a: Alomomola|Nasty Plot|p1a: Alomomola\n|-boost|p1a: Alomomola|spa|2\n|move|p2a: Venusaur|Giga Drain|p1a: Alomomola\n|-damage|p1a: Alomomola|44\/100\n|-heal|p2a: Venusaur|67\/100|[from] drain|[of] p1a: Alomomola\n|replace|p1a: Zoroark|Zoroark-Hisui, F\n|-end|p1a: Zoroark|Illusion\n|-enditem|p1a: Zoroark|Red Card|[of] p2a: Venusaur\n|drag|p2a: Toxapex|Toxapex, M|100\/100\n|\n|-weather|Snow|[upkeep]\n|upkeep\n|turn|31\n|\n|t:|1700254976\n|move|p1a: Zoroark|Focus Blast|p2a: Toxapex\n|-resisted|p2a: Toxapex\n|-damage|p2a: Toxapex|71\/100\n|move|p2a: Toxapex|Hex|p1a: Zoroark\n|-immune|p1a: Zoroark\n|\n|-weather|Snow|[upkeep]\n|upkeep\n|turn|32\n|\n|t:|1700254987\n|switch|p1a: Alomomola|Alomomola, M|84\/100 psn\n|switch|p2a: Venusaur|Venusaur-Mega, M|67\/100\n|\n|-weather|Snow|[upkeep]\n|-damage|p1a: Alomomola|71\/100 psn|[from] psn\n|upkeep\n|turn|33\n|\n|t:|1700254996\n|switch|p1a: Gliscor|Gliscor, F|50\/100 brn\n|move|p2a: Venusaur|Giga Drain|p1a: Gliscor\n|-damage|p1a: Gliscor|26\/100 brn\n|-heal|p2a: Venusaur|79\/100|[from] drain|[of] p1a: Gliscor\n|\n|-weather|none\n|-damage|p1a: Gliscor|20\/100 brn|[from] brn\n|upkeep\n|turn|34\n|\n|t:|1700255005\n|move|p1a: Gliscor|Roost|p1a: Gliscor\n|-heal|p1a: Gliscor|70\/100 brn\n|-singleturn|p1a: Gliscor|move: Roost\n|move|p2a: Venusaur|Giga Drain|p1a: Gliscor\n|-supereffective|p1a: Gliscor\n|-damage|p1a: Gliscor|20\/100 brn\n|-heal|p2a: Venusaur|100\/100|[from] drain|[of] p1a: Gliscor\n|\n|-damage|p1a: Gliscor|14\/100 brn|[from] brn\n|upkeep\n|turn|35\n|\n|t:|1700255034\n|switch|p1a: Gliscor|Gliscor, F|44\/100\n|move|p2a: Venusaur|Giga Drain|p1a: Gliscor\n|-damage|p1a: Gliscor|0 fnt\n|replace|p1a: Zoroark|Zoroark-Hisui, F\n|-end|p1a: Zoroark|Illusion\n|faint|p1a: Zoroark\n|\n|upkeep\n|\n|t:|1700255043\n|switch|p1a: Gliscor|Gliscor, F|14\/100 brn\n|turn|36\n|\n|t:|1700255048\n|move|p1a: Gliscor|Earthquake|p2a: Venusaur\n|-damage|p2a: Venusaur|90\/100\n|move|p2a: Venusaur|Giga Drain|p1a: Gliscor\n|-damage|p1a: Gliscor|0 fnt\n|-heal|p2a: Venusaur|97\/100|[from] drain|[of] p1a: Gliscor\n|faint|p1a: Gliscor\n|\n|upkeep\n|\n|t:|1700255057\n|switch|p1a: Alomomola|Alomomola, M|100\/100 psn\n|turn|37\n|\n|t:|1700255075\n|move|p2a: Venusaur|Giga Drain|p1a: Alomomola\n|-supereffective|p1a: Alomomola\n|-damage|p1a: Alomomola|42\/100 psn\n|-heal|p2a: Venusaur|100\/100|[from] drain|[of] p1a: Alomomola\n|move|p1a: Alomomola|Flip Turn|p2a: Venusaur\n|-resisted|p2a: Venusaur\n|-damage|p2a: Venusaur|96\/100\n|\n|-damage|p1a: Alomomola|30\/100 psn|[from] psn\n|upkeep\n|turn|38\n|\n|t:|1700255093\n|move|p2a: Venusaur|Giga Drain|p1a: Alomomola\n|-supereffective|p1a: Alomomola\n|-damage|p1a: Alomomola|0 fnt\n|-heal|p2a: Venusaur|100\/100|[from] drain|[of] p1a: Alomomola\n|faint|p1a: Alomomola\n|\n|win|Tymogekh\n|l|\u2606Tymogekh\n","uploadtime":1700255377,"views":7,"p1id":"oldfrozenwolf","p2id":"tymogekh","formatid":"gen9nationaldex","rating":0,"private":0,"password":""}