{"id":"gen9nationaldex-1994109755","p1":"diyabol","p2":"weirdnomad","format":"[Gen 9] National Dex","log":"|j|\u2606diyabol\n|j|\u203dweirdnomad\n|t:|1700408000\n|gametype|singles\n|player|p1|diyabol|n-masters|1351\n|player|p2|weirdnomad|hiker-gen4|1441\n|teamsize|p1|6\n|teamsize|p2|6\n|gen|9\n|tier|[Gen 9] National Dex\n|rated|\n|rule|HP Percentage Mod: HP is shown in percentages\n|rule|Endless Battle Clause: Forcing endless battles is banned\n|rule|OHKO Clause: OHKO moves are banned\n|rule|Evasion Clause: Evasion abilities, items, and moves are banned\n|rule|Evasion Abilities Clause: Evasion abilities are banned\n|rule|Evasion Items Clause: Evasion items are banned\n|rule|Evasion Moves Clause: Evasion moves are banned\n|rule|Species Clause: Limit one of each Pok\u00e9mon\n|rule|Sleep Clause Mod: Limit one foe put to sleep\n|clearpoke\n|poke|p1|Pelipper, F|\n|poke|p1|Barraskewda, M|\n|poke|p1|Tapu Lele|\n|poke|p1|Swampert, M|\n|poke|p1|Moltres|\n|poke|p1|Urshifu-*, M|\n|poke|p2|Corviknight, M|\n|poke|p2|Mamoswine, M|\n|poke|p2|Azumarill, F|\n|poke|p2|Gengar, M|\n|poke|p2|Blaziken, M|\n|poke|p2|Hydreigon, F|\n|teampreview\n|\n|t:|1700408006\n|start\n|switch|p1a: Pelipper|Pelipper, F|100\/100\n|switch|p2a: Gengar|Gengar, M, shiny|100\/100\n|-weather|RainDance|[from] ability: Drizzle|[of] p1a: Pelipper\n|turn|1\n|\n|t:|1700408023\n|switch|p1a: Moltres|Moltres|100\/100\n|move|p2a: Gengar|Sludge Bomb|p1a: Moltres\n|-damage|p1a: Moltres|34\/100\n|\n|-weather|RainDance|[upkeep]\n|upkeep\n|turn|2\n|\n|t:|1700408031\n|move|p2a: Gengar|Sludge Bomb|p1a: Moltres\n|-damage|p1a: Moltres|0 fnt\n|faint|p1a: Moltres\n|\n|-weather|RainDance|[upkeep]\n|upkeep\n|\n|t:|1700408043\n|switch|p1a: Swampert|Swampert, M|100\/100\n|turn|3\n|\n|t:|1700408054\n|switch|p2a: Corviknight|Corviknight, M, shiny|100\/100\n|-ability|p2a: Corviknight|Pressure\n|detailschange|p1a: Swampert|Swampert-Mega, M\n|-mega|p1a: Swampert|Swampert|Swampertite\n|move|p1a: Swampert|Earthquake|p2a: Corviknight\n|-immune|p2a: Corviknight\n|\n|-weather|RainDance|[upkeep]\n|upkeep\n|turn|4\n|\n|t:|1700408065\n|move|p1a: Swampert|Liquidation|p2a: Corviknight\n|-damage|p2a: Corviknight|52\/100\n|-damage|p1a: Swampert|84\/100|[from] item: Rocky Helmet|[of] p2a: Corviknight\n|move|p2a: Corviknight|Roost|p2a: Corviknight\n|-heal|p2a: Corviknight|100\/100\n|-singleturn|p2a: Corviknight|move: Roost\n|\n|-weather|RainDance|[upkeep]\n|upkeep\n|turn|5\n|\n|t:|1700408076\n|move|p1a: Swampert|Bulk Up|p1a: Swampert\n|-boost|p1a: Swampert|atk|1\n|-boost|p1a: Swampert|def|1\n|move|p2a: Corviknight|Roost||[still]\n|-fail|p2a: Corviknight|heal\n|\n|-weather|RainDance|[upkeep]\n|upkeep\n|turn|6\n|\n|t:|1700408089\n|move|p1a: Swampert|Substitute|p1a: Swampert\n|-start|p1a: Swampert|Substitute\n|-damage|p1a: Swampert|59\/100\n|move|p2a: Corviknight|Brave Bird|p1a: Swampert\n|-activate|p1a: Swampert|move: Substitute|[damage]\n|-damage|p2a: Corviknight|94\/100|[from] Recoil|[of] p1a: Swampert\n|\n|-weather|RainDance|[upkeep]\n|upkeep\n|turn|7\n|\n|t:|1700408098\n|move|p1a: Swampert|Bulk Up|p1a: Swampert\n|-boost|p1a: Swampert|atk|1\n|-boost|p1a: Swampert|def|1\n|move|p2a: Corviknight|Brave Bird|p1a: Swampert\n|-end|p1a: Swampert|Substitute\n|-damage|p2a: Corviknight|93\/100|[from] Recoil|[of] p1a: Swampert\n|\n|-weather|RainDance|[upkeep]\n|upkeep\n|turn|8\n|\n|t:|1700408110\n|move|p1a: Swampert|Substitute|p1a: Swampert\n|-start|p1a: Swampert|Substitute\n|-damage|p1a: Swampert|34\/100\n|move|p2a: Corviknight|Brave Bird|p1a: Swampert\n|-activate|p1a: Swampert|move: Substitute|[damage]\n|-damage|p2a: Corviknight|89\/100|[from] Recoil|[of] p1a: Swampert\n|\n|-weather|none\n|upkeep\n|turn|9\n|\n|t:|1700408119\n|move|p1a: Swampert|Liquidation|p2a: Corviknight\n|-damage|p2a: Corviknight|21\/100\n|-damage|p1a: Swampert|18\/100|[from] item: Rocky Helmet|[of] p2a: Corviknight\n|move|p2a: Corviknight|Brave Bird|p1a: Swampert\n|-end|p1a: Swampert|Substitute\n|-damage|p2a: Corviknight|19\/100|[from] Recoil|[of] p1a: Swampert\n|\n|upkeep\n|turn|10\n|\n|t:|1700408130\n|switch|p2a: Azumarill|Azumarill, F, shiny|100\/100\n|move|p1a: Swampert|Liquidation|p2a: Azumarill\n|-resisted|p2a: Azumarill\n|-damage|p2a: Azumarill|45\/100\n|-unboost|p2a: Azumarill|def|1\n|\n|upkeep\n|turn|11\n|\n|t:|1700408151\n|move|p2a: Azumarill|Aqua Jet|p1a: Swampert\n|-damage|p1a: Swampert|0 fnt\n|faint|p1a: Swampert\n|\n|upkeep\n|j| adioxxn\n|\n|t:|1700408160\n|switch|p1a: Urshifu|Urshifu-Rapid-Strike, M|100\/100\n|turn|12\n|\n|t:|1700408165\n|switch|p2a: Corviknight|Corviknight, M, shiny|19\/100\n|-ability|p2a: Corviknight|Pressure\n|move|p1a: Urshifu|Surging Strikes|p2a: Corviknight\n|-crit|p2a: Corviknight\n|-damage|p2a: Corviknight|7\/100\n|-damage|p1a: Urshifu|84\/100|[from] item: Rocky Helmet|[of] p2a: Corviknight\n|-crit|p2a: Corviknight\n|-damage|p2a: Corviknight|0 fnt\n|-damage|p1a: Urshifu|68\/100|[from] item: Rocky Helmet|[of] p2a: Corviknight\n|faint|p2a: Corviknight\n|-hitcount|p2: Corviknight|2\n|\n|upkeep\n|\n|t:|1700408187\n|switch|p2a: Azumarill|Azumarill, F, shiny|45\/100\n|turn|13\n|\n|t:|1700408193\n|move|p1a: Urshifu|Surging Strikes|p2a: Azumarill\n|-resisted|p2a: Azumarill\n|-crit|p2a: Azumarill\n|-damage|p2a: Azumarill|35\/100\n|-resisted|p2a: Azumarill\n|-crit|p2a: Azumarill\n|-damage|p2a: Azumarill|26\/100\n|-resisted|p2a: Azumarill\n|-crit|p2a: Azumarill\n|-damage|p2a: Azumarill|15\/100\n|-hitcount|p2a: Azumarill|3\n|move|p2a: Azumarill|Play Rough|p1a: Urshifu\n|-supereffective|p1a: Urshifu\n|-damage|p1a: Urshifu|0 fnt\n|faint|p1a: Urshifu\n|\n|upkeep\n|\n|t:|1700408208\n|switch|p1a: Pelipper|Pelipper, F|100\/100\n|-weather|RainDance|[from] ability: Drizzle|[of] p1a: Pelipper\n|turn|14\n|\n|t:|1700408214\n|switch|p2a: Hydreigon|Hydreigon, F, shiny|100\/100\n|move|p1a: Pelipper|Hurricane|p2a: Hydreigon\n|-damage|p2a: Hydreigon|74\/100\n|\n|-weather|RainDance|[upkeep]\n|-heal|p2a: Hydreigon|80\/100|[from] item: Leftovers\n|upkeep\n|turn|15\n|\n|t:|1700408223\n|move|p2a: Hydreigon|Thunder Wave|p1a: Pelipper|[miss]\n|-miss|p2a: Hydreigon|p1a: Pelipper\n|move|p1a: Pelipper|U-turn|p2a: Hydreigon\n|-supereffective|p2a: Hydreigon\n|-damage|p2a: Hydreigon|64\/100\n|\n|t:|1700408230\n|switch|p1a: Tapu Lele|Tapu Lele|100\/100|[from] U-turn\n|-fieldstart|move: Psychic Terrain|[from] ability: Psychic Surge|[of] p1a: Tapu Lele\n|\n|-weather|RainDance|[upkeep]\n|-heal|p2a: Hydreigon|70\/100|[from] item: Leftovers\n|upkeep\n|turn|16\n|\n|t:|1700408257\n|-terastallize|p2a: Hydreigon|Electric\n|move|p1a: Tapu Lele|Moonblast|p2a: Hydreigon\n|-damage|p2a: Hydreigon|20\/100\n|move|p2a: Hydreigon|Thunder Wave|p1a: Tapu Lele\n|-status|p1a: Tapu Lele|par\n|\n|-weather|RainDance|[upkeep]\n|-heal|p2a: Hydreigon|26\/100|[from] item: Leftovers\n|upkeep\n|turn|17\n|\n|t:|1700408271\n|move|p2a: Hydreigon|U-turn|p1a: Tapu Lele\n|-damage|p1a: Tapu Lele|77\/100 par\n|\n|t:|1700408274\n|switch|p2a: Gengar|Gengar, M, shiny|100\/100|[from] U-turn\n|move|p1a: Tapu Lele|Moonblast|p2a: Gengar\n|-resisted|p2a: Gengar\n|-damage|p2a: Gengar|36\/100\n|-unboost|p2a: Gengar|spa|1\n|-start|p1a: Tapu Lele|Disable|Moonblast|[from] ability: Cursed Body|[of] p2a: Gengar\n|\n|-weather|RainDance|[upkeep]\n|upkeep\n|turn|18\n|\n|t:|1700408287\n|switch|p1a: Pelipper|Pelipper, F|100\/100\n|move|p2a: Gengar|Shadow Ball|p1a: Pelipper\n|-damage|p1a: Pelipper|49\/100\n|\n|-weather|RainDance|[upkeep]\n|upkeep\n|turn|19\n|\n|t:|1700408298\n|move|p2a: Gengar|Shadow Ball|p1a: Pelipper\n|-damage|p1a: Pelipper|0 fnt\n|faint|p1a: Pelipper\n|\n|-weather|RainDance|[upkeep]\n|-fieldend|move: Psychic Terrain\n|upkeep\n|-message|diyabol forfeited.\n|\n|win|weirdnomad\n|raw|diyabol's rating: 1351 &rarr; <strong>1336<\/strong><br \/>(-15 for losing)\n|raw|weirdnomad's rating: 1441 &rarr; <strong>1456<\/strong><br \/>(+15 for winning)\n|l|\u2606diyabol\n|l| adioxxn\n","uploadtime":1700408319,"views":6,"p1id":"diyabol","p2id":"weirdnomad","formatid":"gen9nationaldex","rating":1336,"private":0,"password":""}