{"id":"gen9nationaldex-1997108711","p1":"Zippybud5","p2":"AyoriEw","format":"[Gen 9] National Dex","log":"|html|<div class=\"broadcast-blue\"><strong>[Gen 9] National Dex is currently suspecting Sneasler! For information on how to participate check out the <a href=\"https:\/\/www.smogon.com\/forums\/threads\/sv-national-dex-suspect-8-just-dance.3731534\/\">suspect thread<\/a>.<\/strong><\/div>\n|j|\u2606Zippybud5\n|j|\u2606AyoriEw\n|t:|1700765371\n|gametype|singles\n|player|p1|Zippybud5|1|1059\n|player|p2|AyoriEw|acetrainersnowf|1121\n|teamsize|p1|6\n|teamsize|p2|6\n|gen|9\n|tier|[Gen 9] National Dex\n|rated|\n|rule|HP Percentage Mod: HP is shown in percentages\n|rule|Endless Battle Clause: Forcing endless battles is banned\n|rule|OHKO Clause: OHKO moves are banned\n|rule|Evasion Clause: Evasion abilities, items, and moves are banned\n|rule|Evasion Abilities Clause: Evasion abilities are banned\n|rule|Evasion Items Clause: Evasion items are banned\n|rule|Evasion Moves Clause: Evasion moves are banned\n|rule|Species Clause: Limit one of each Pok\u00e9mon\n|rule|Sleep Clause Mod: Limit one foe put to sleep\n|clearpoke\n|poke|p1|Dragonite, M|\n|poke|p1|Emboar, F|\n|poke|p1|Decidueye-Hisui, F|\n|poke|p1|Electivire, M|\n|poke|p1|Magmortar, M|\n|poke|p1|Servine, M|\n|poke|p2|Corviknight, F|\n|poke|p2|Zoroark, M|\n|poke|p2|Skeledirge, F|\n|poke|p2|Tapu Koko|\n|poke|p2|Raichu-Alola, M|\n|poke|p2|Umbreon, M|\n|teampreview\n|inactive|Battle timer is ON: inactive players will automatically lose when time's up. (requested by AyoriEw)\n|\n|t:|1700765407\n|start\n|switch|p1a: Decidueye|Decidueye-Hisui, F|100\/100\n|switch|p2a: Tapu Koko|Tapu Koko, shiny|100\/100\n|-fieldstart|move: Electric Terrain|[from] ability: Electric Surge|[of] p2a: Tapu Koko\n|turn|1\n|inactive|Zippybud5 has 120 seconds left.\n|\n|t:|1700765463\n|move|p2a: Tapu Koko|U-turn|p1a: Decidueye\n|-damage|p1a: Decidueye|80\/100\n|\n|t:|1700765474\n|switch|p2a: Moon|Umbreon, M|100\/100|[from] U-turn\n|move|p1a: Decidueye|Defog|p2a: Moon\n|-unboost|p2a: Moon|evasion|1\n|-fieldend|move: Electric Terrain\n|\n|upkeep\n|turn|2\n|\n|t:|1700765490\n|move|p2a: Moon|Flamethrower|p1a: Decidueye\n|-supereffective|p1a: Decidueye\n|-damage|p1a: Decidueye|33\/100\n|move|p1a: Decidueye|Knock Off|p2a: Moon\n|-resisted|p2a: Moon\n|-damage|p2a: Moon|75\/100\n|replace|p2a: Zoroark|Zoroark, M\n|-end|p2a: Zoroark|Illusion\n|-enditem|p2a: Zoroark|Focus Sash|[from] move: Knock Off|[of] p1a: Decidueye\n|\n|upkeep\n|turn|3\n|inactive|Zippybud5 has 90 seconds left.\n|\n|t:|1700765512\n|switch|p1a: Dragonite|Dragonite, M|100\/100\n|move|p2a: Zoroark|Flamethrower|p1a: Dragonite\n|-resisted|p1a: Dragonite\n|-damage|p1a: Dragonite|95\/100\n|-status|p1a: Dragonite|brn\n|\n|-damage|p1a: Dragonite|89\/100 brn|[from] brn\n|upkeep\n|turn|4\n|inactive|Zippybud5 has 90 seconds left.\n|\n|t:|1700765524\n|move|p2a: Zoroark|Dark Pulse|p1a: Dragonite\n|-damage|p1a: Dragonite|60\/100 brn\n|cant|p1a: Dragonite|flinch\n|\n|-damage|p1a: Dragonite|54\/100 brn|[from] brn\n|upkeep\n|turn|5\n|inactive|Zippybud5 has 90 seconds left.\n|\n|t:|1700765530\n|switch|p1a: Servine|Servine, M|100\/100\n|move|p2a: Zoroark|Dark Pulse|p1a: Servine\n|-damage|p1a: Servine|70\/100\n|\n|upkeep\n|turn|6\n|\n|t:|1700765539\n|move|p2a: Zoroark|Flamethrower|p1a: Servine\n|-supereffective|p1a: Servine\n|-damage|p1a: Servine|24\/100\n|move|p1a: Servine|Leech Seed|p2a: Zoroark\n|-start|p2a: Zoroark|move: Leech Seed\n|\n|-damage|p2a: Zoroark|63\/100|[from] Leech Seed|[of] p1a: Servine\n|-heal|p1a: Servine|36\/100|[silent]\n|upkeep\n|turn|7\n|\n|t:|1700765550\n|switch|p1a: Dragonite|Dragonite, M|54\/100 brn\n|move|p2a: Zoroark|Flamethrower|p1a: Dragonite\n|-resisted|p1a: Dragonite\n|-damage|p1a: Dragonite|43\/100 brn\n|\n|-damage|p2a: Zoroark|51\/100|[from] Leech Seed|[of] p1a: Dragonite\n|-heal|p1a: Dragonite|51\/100 brn|[silent]\n|-damage|p1a: Dragonite|45\/100 brn|[from] brn\n|upkeep\n|turn|8\n|\n|t:|1700765561\n|switch|p2a: Moon|Umbreon, M|100\/100\n|move|p1a: Dragonite|Roost|p1a: Dragonite\n|-heal|p1a: Dragonite|95\/100 brn\n|-singleturn|p1a: Dragonite|move: Roost\n|\n|-damage|p1a: Dragonite|89\/100 brn|[from] brn\n|upkeep\n|turn|9\n|\n|t:|1700765570\n|switch|p1a: Decidueye|Decidueye-Hisui, F|33\/100\n|move|p2a: Moon|Foul Play|p1a: Decidueye\n|-resisted|p1a: Decidueye\n|-damage|p1a: Decidueye|18\/100\n|\n|upkeep\n|turn|10\n|inactive|Zippybud5 has 90 seconds left.\n|\n|t:|1700765603\n|move|p2a: Moon|Toxic|p1a: Decidueye\n|-status|p1a: Decidueye|tox\n|move|p1a: Decidueye|Brick Break|p2a: Moon\n|-supereffective|p2a: Moon\n|-damage|p2a: Moon|65\/100\n|\n|-heal|p2a: Moon|71\/100|[from] item: Leftovers\n|-damage|p1a: Decidueye|11\/100 tox|[from] psn\n|upkeep\n|turn|11\n|\n|t:|1700765631\n|move|p2a: Moon|Wish|p2a: Moon\n|move|p1a: Decidueye|Brick Break|p2a: Moon\n|-supereffective|p2a: Moon\n|-damage|p2a: Moon|39\/100\n|\n|-heal|p2a: Moon|45\/100|[from] item: Leftovers\n|-damage|p1a: Decidueye|0 fnt|[from] psn\n|faint|p1a: Decidueye\n|upkeep\n|inactive|Zippybud5 has 60 seconds left.\n|inactive|Zippybud5 has 30 seconds left.\n|inactive|Zippybud5 has 20 seconds left.\n|inactive|Zippybud5 has 15 seconds left.\n|inactive|Zippybud5 has 10 seconds left.\n|inactive|Zippybud5 has 5 seconds left.\n|\n|t:|1700765700\n|switch|p1a: Magmortar|Magmortar, M|100\/100\n|turn|12\n|inactive|Zippybud5 has 15 seconds left this turn.\n|inactive|Zippybud5 has 10 seconds left.\n|\n|t:|1700765708\n|move|p2a: Moon|Protect|p2a: Moon\n|-singleturn|p2a: Moon|Protect\n|move|p1a: Magmortar|Power-Up Punch|p2a: Moon\n|-activate|p2a: Moon|move: Protect\n|\n|-heal|p2a: Moon|95\/100|[from] move: Wish|[wisher] Moon\n|-heal|p2a: Moon|100\/100|[from] item: Leftovers\n|upkeep\n|turn|13\n|inactive|Zippybud5 has 20 seconds left this turn.\n|inactive|Zippybud5 has 15 seconds left.\n|\n|t:|1700765716\n|move|p1a: Magmortar|Iron Tail|p2a: Moon\n|-damage|p2a: Moon|81\/100\n|-unboost|p2a: Moon|def|1\n|move|p2a: Moon|Toxic|p1a: Magmortar\n|-status|p1a: Magmortar|tox\n|\n|-heal|p2a: Moon|87\/100|[from] item: Leftovers\n|-damage|p1a: Magmortar|94\/100 tox|[from] psn\n|upkeep\n|turn|14\n|inactive|Zippybud5 has 25 seconds left this turn.\n|inactive|Zippybud5 has 20 seconds left.\n|inactive|Zippybud5 has 15 seconds left.\n|c|\u2606AyoriEw|is buddy afk?\n|\n|t:|1700765728\n|move|p1a: Magmortar|Power-Up Punch|p2a: Moon\n|-supereffective|p2a: Moon\n|-damage|p2a: Moon|65\/100\n|-boost|p1a: Magmortar|atk|1\n|move|p2a: Moon|Foul Play|p1a: Magmortar\n|-damage|p1a: Magmortar|0 fnt\n|faint|p1a: Magmortar\n|\n|-heal|p2a: Moon|71\/100|[from] item: Leftovers\n|upkeep\n|inactive|Zippybud5 has 20 seconds left this turn.\n|inactive|Zippybud5 has 15 seconds left.\n|inactive|Zippybud5 has 10 seconds left.\n|\n|t:|1700765740\n|switch|p1a: Emboar|Emboar, F|100\/100\n|turn|15\n|inactive|Zippybud5 has 20 seconds left this turn.\n|inactive|Zippybud5 has 15 seconds left.\n|\n|t:|1700765749\n|move|p1a: Emboar|Focus Blast|p2a: Moon\n|-supereffective|p2a: Moon\n|-damage|p2a: Moon|7\/100\n|move|p2a: Moon|Toxic|p1a: Emboar\n|-status|p1a: Emboar|tox\n|\n|-heal|p2a: Moon|13\/100|[from] item: Leftovers\n|-damage|p1a: Emboar|94\/100 tox|[from] psn\n|upkeep\n|turn|16\n|inactive|Zippybud5 has 25 seconds left this turn.\n|inactive|Zippybud5 has 20 seconds left.\n|\n|t:|1700765758\n|move|p2a: Moon|Protect|p2a: Moon\n|-singleturn|p2a: Moon|Protect\n|move|p1a: Emboar|Flame Charge|p2a: Moon\n|-activate|p2a: Moon|move: Protect\n|\n|-heal|p1a: Emboar|100\/100 tox|[from] item: Leftovers\n|-heal|p2a: Moon|19\/100|[from] item: Leftovers\n|-damage|p1a: Emboar|88\/100 tox|[from] psn\n|upkeep\n|turn|17\n|inactive|Zippybud5 has 30 seconds left this turn.\n|\n|t:|1700765768\n|-terastallize|p2a: Moon|Fairy\n|move|p1a: Emboar|Flame Charge|p2a: Moon\n|-damage|p2a: Moon|3\/100\n|-boost|p1a: Emboar|spe|1\n|move|p2a: Moon|Wish|p2a: Moon\n|\n|-heal|p1a: Emboar|94\/100 tox|[from] item: Leftovers\n|-heal|p2a: Moon|9\/100|[from] item: Leftovers\n|-damage|p1a: Emboar|76\/100 tox|[from] psn\n|upkeep\n|turn|18\n|inactive|Zippybud5 has 30 seconds left.\n|\n|t:|1700765780\n|switch|p1a: Servine|Servine, M|36\/100\n|move|p2a: Moon|Protect||[still]\n|-fail|p2a: Moon\n|\n|-heal|p2a: Moon|59\/100|[from] move: Wish|[wisher] Moon\n|-heal|p2a: Moon|65\/100|[from] item: Leftovers\n|upkeep\n|turn|19\n|inactive|Zippybud5 has 30 seconds left.\n|\n|t:|1700765792\n|move|p1a: Servine|Aromatherapy|p1a: Servine\n|-activate|p1a: Servine|move: Aromatherapy\n|-curestatus|p1: Dragonite|brn|[msg]\n|-curestatus|p1: Emboar|tox|[msg]\n|move|p2a: Moon|Wish|p2a: Moon\n|\n|-heal|p2a: Moon|71\/100|[from] item: Leftovers\n|upkeep\n|turn|20\n|inactive|Zippybud5 has 30 seconds left.\n|\n|t:|1700765800\n|move|p1a: Servine|Leech Seed|p2a: Moon|[miss]\n|-miss|p1a: Servine|p2a: Moon\n|move|p2a: Moon|Foul Play|p1a: Servine\n|-damage|p1a: Servine|26\/100\n|\n|-heal|p2a: Moon|100\/100|[from] move: Wish|[wisher] Moon\n|upkeep\n|turn|21\n|inactive|Zippybud5 has 30 seconds left.\n|\n|t:|1700765812\n|switch|p2a: Skeledirge|Skeledirge, F|100\/100\n|move|p1a: Servine|Leech Seed|p2a: Skeledirge\n|-start|p2a: Skeledirge|move: Leech Seed\n|\n|-damage|p2a: Skeledirge|88\/100|[from] Leech Seed|[of] p1a: Servine\n|-heal|p1a: Servine|44\/100|[silent]\n|upkeep\n|turn|22\n|c|\u2606AyoriEw|let me kill this snake ahh plant\n|c|\u2606AyoriEw|why so tank\n|\n|t:|1700765835\n|switch|p1a: Dragonite|Dragonite, M|89\/100\n|move|p2a: Skeledirge|Torch Song|p1a: Dragonite\n|-resisted|p1a: Dragonite\n|-damage|p1a: Dragonite|77\/100\n|-boost|p2a: Skeledirge|spa|1\n|\n|-damage|p2a: Skeledirge|76\/100|[from] Leech Seed|[of] p1a: Dragonite\n|-heal|p1a: Dragonite|90\/100|[silent]\n|upkeep\n|turn|23\n|\n|t:|1700765848\n|move|p1a: Dragonite|Haze|p1a: Dragonite\n|-clearallboost\n|move|p2a: Skeledirge|Torch Song|p1a: Dragonite\n|-resisted|p1a: Dragonite\n|-damage|p1a: Dragonite|79\/100\n|-boost|p2a: Skeledirge|spa|1\n|\n|-damage|p2a: Skeledirge|63\/100|[from] Leech Seed|[of] p1a: Dragonite\n|-heal|p1a: Dragonite|92\/100|[silent]\n|upkeep\n|turn|24\n|c|\u2606AyoriEw|TGRFSHDVC\n|c|\u2606AyoriEw|nPoooo=IO[\n|inactive|Zippybud5 has 30 seconds left.\n|\n|t:|1700765867\n|switch|p2a: Skeledirge|Skeledirge, F|51\/100\n|move|p1a: Dragonite|Haze|p1a: Dragonite\n|-clearallboost\n|\n|upkeep\n|turn|25\n|c|\u2606AyoriEw|HELPP\n|c|\u2606AyoriEw|I CHANGED TO SKELEDIRGE AGAIN\n|inactive|AyoriEw has 120 seconds left.\n|\n|t:|1700765883\n|move|p2a: Skeledirge|Dark Pulse|p1a: Dragonite\n|-damage|p1a: Dragonite|62\/100\n|move|p1a: Dragonite|Air Slash|p2a: Skeledirge\n|-damage|p2a: Skeledirge|0 fnt\n|replace|p2a: Zoroark|Zoroark, M\n|-end|p2a: Zoroark|Illusion\n|faint|p2a: Zoroark\n|\n|upkeep\n|inactive|AyoriEw has 120 seconds left.\n|\n|t:|1700765893\n|switch|p2a: Corviknight|Corviknight, F, shiny|100\/100\n|turn|26\n|\n|t:|1700765899\n|move|p1a: Dragonite|Roost|p1a: Dragonite\n|-heal|p1a: Dragonite|100\/100\n|-singleturn|p1a: Dragonite|move: Roost\n|move|p2a: Corviknight|Bulk Up|p2a: Corviknight\n|-boost|p2a: Corviknight|atk|1\n|-boost|p2a: Corviknight|def|1\n|\n|upkeep\n|turn|27\n|\n|t:|1700765910\n|move|p1a: Dragonite|Barrier|p1a: Dragonite\n|-boost|p1a: Dragonite|def|2\n|move|p2a: Corviknight|Bulk Up|p2a: Corviknight\n|-boost|p2a: Corviknight|atk|1\n|-boost|p2a: Corviknight|def|1\n|\n|upkeep\n|turn|28\n|\n|t:|1700765920\n|move|p1a: Dragonite|Haze|p1a: Dragonite\n|-clearallboost\n|move|p2a: Corviknight|Bulk Up|p2a: Corviknight\n|-boost|p2a: Corviknight|atk|1\n|-boost|p2a: Corviknight|def|1\n|\n|upkeep\n|turn|29\n|c|\u2606AyoriEw|sir.\n|c|\u2606AyoriEw|I'm murdering your family (It's a joke)\n|n|\u203dAyoriEw|ayoriew\n|c|&|\/log AyoriEw was locked from talking by Artemis. (\u2606AyoriEw: I'm murdering your family (It's a joke))\n|c|&|\/raw <small>This action was done automatically. Want to learn more about the AI? <a href=\"https:\/\/www.smogon.com\/forums\/threads\/3570628\/#post-9056769\">Visit the information thread<\/a>.<\/small>\n|\n|t:|1700765944\n|switch|p2a: Moon|Umbreon, M, tera:Fairy|100\/100\n|move|p1a: Dragonite|Haze|p1a: Dragonite\n|-clearallboost\n|\n|upkeep\n|turn|30\n|\n|t:|1700765957\n|move|p1a: Dragonite|Air Slash|p2a: Moon\n|-damage|p2a: Moon|84\/100\n|cant|p2a: Moon|flinch\n|\n|-heal|p2a: Moon|90\/100|[from] item: Leftovers\n|upkeep\n|turn|31\n|\n|t:|1700765964\n|switch|p1a: Servine|Servine, M|44\/100\n|move|p2a: Moon|Toxic|p1a: Servine\n|-status|p1a: Servine|tox\n|\n|-heal|p2a: Moon|96\/100|[from] item: Leftovers\n|-damage|p1a: Servine|38\/100 tox|[from] psn\n|upkeep\n|turn|32\n|inactive|Zippybud5 has 60 seconds left.\n|\n|t:|1700765976\n|switch|p2a: Tapu Koko|Tapu Koko, shiny|100\/100\n|-fieldstart|move: Electric Terrain|[from] ability: Electric Surge|[of] p2a: Tapu Koko\n|move|p1a: Servine|Aromatherapy|p1a: Servine\n|-activate|p1a: Servine|move: Aromatherapy\n|-curestatus|p1a: Servine|tox|[msg]\n|\n|upkeep\n|turn|33\n|inactive|Zippybud5 has 60 seconds left.\n|\n|t:|1700765997\n|move|p2a: Tapu Koko|U-turn|p1a: Servine\n|-supereffective|p1a: Servine\n|-damage|p1a: Servine|7\/100\n|\n|t:|1700766000\n|switch|p2a: Raichu|Raichu-Alola, M|100\/100|[from] U-turn\n|move|p1a: Servine|Leech Seed|p2a: Raichu\n|-start|p2a: Raichu|move: Leech Seed\n|\n|-damage|p2a: Raichu|88\/100|[from] Leech Seed|[of] p1a: Servine\n|-heal|p1a: Servine|19\/100|[silent]\n|upkeep\n|turn|34\n|inactive|Zippybud5 has 60 seconds left.\n|\n|t:|1700766016\n|switch|p1a: Dragonite|Dragonite, M|100\/100\n|move|p2a: Raichu|Psychic|p1a: Dragonite\n|-damage|p1a: Dragonite|84\/100\n|\n|-damage|p2a: Raichu|76\/100|[from] Leech Seed|[of] p1a: Dragonite\n|-heal|p1a: Dragonite|92\/100|[silent]\n|upkeep\n|turn|35\n|inactive|Zippybud5 has 60 seconds left.\n|\n|t:|1700766030\n|switch|p2a: Corviknight|Corviknight, F, shiny|100\/100\n|move|p1a: Dragonite|Air Slash|p2a: Corviknight\n|-resisted|p2a: Corviknight\n|-damage|p2a: Corviknight|92\/100\n|\n|upkeep\n|turn|36\n|\n|t:|1700766040\n|switch|p2a: Moon|Umbreon, M, tera:Fairy|96\/100\n|move|p1a: Dragonite|Air Slash|p2a: Moon\n|-damage|p2a: Moon|77\/100\n|\n|-heal|p2a: Moon|83\/100|[from] item: Leftovers\n|upkeep\n|turn|37\n|\n|t:|1700766052\n|move|p1a: Dragonite|Air Slash|p2a: Moon\n|-damage|p2a: Moon|58\/100\n|move|p2a: Moon|Foul Play|p1a: Dragonite\n|-damage|p1a: Dragonite|65\/100\n|\n|-heal|p2a: Moon|64\/100|[from] item: Leftovers\n|upkeep\n|turn|38\n|\n|t:|1700766065\n|move|p1a: Dragonite|Roost|p1a: Dragonite\n|-heal|p1a: Dragonite|100\/100\n|-singleturn|p1a: Dragonite|move: Roost\n|move|p2a: Moon|Toxic|p1a: Dragonite\n|-status|p1a: Dragonite|tox\n|\n|-heal|p2a: Moon|70\/100|[from] item: Leftovers\n|-damage|p1a: Dragonite|94\/100 tox|[from] psn\n|upkeep\n|turn|39\n|\n|t:|1700766076\n|switch|p1a: Servine|Servine, M|19\/100\n|move|p2a: Moon|Wish|p2a: Moon\n|\n|-heal|p2a: Moon|76\/100|[from] item: Leftovers\n|-fieldend|move: Electric Terrain\n|upkeep\n|turn|40\n|\n|t:|1700766085\n|move|p1a: Servine|Leech Seed|p2a: Moon\n|-start|p2a: Moon|move: Leech Seed\n|move|p2a: Moon|Foul Play|p1a: Servine\n|-damage|p1a: Servine|7\/100\n|\n|-heal|p2a: Moon|100\/100|[from] move: Wish|[wisher] Moon\n|-damage|p2a: Moon|88\/100|[from] Leech Seed|[of] p1a: Servine\n|-heal|p1a: Servine|25\/100|[silent]\n|upkeep\n|turn|41\n|\n|t:|1700766102\n|switch|p2a: Skeledirge|Skeledirge, F|63\/100\n|move|p1a: Servine|Giga Drain|p2a: Skeledirge\n|-resisted|p2a: Skeledirge\n|-damage|p2a: Skeledirge|56\/100\n|-heal|p1a: Servine|30\/100|[from] drain|[of] p2a: Skeledirge\n|\n|upkeep\n|turn|42\n|\n|t:|1700766111\n|switch|p1a: Emboar|Emboar, F|76\/100\n|move|p2a: Skeledirge|Hex|p1a: Emboar\n|-damage|p1a: Emboar|50\/100\n|\n|-heal|p1a: Emboar|56\/100|[from] item: Leftovers\n|upkeep\n|turn|43\n|inactive|Zippybud5 has 60 seconds left.\n|\n|t:|1700766136\n|move|p1a: Emboar|Fire Blast|p2a: Skeledirge\n|-resisted|p2a: Skeledirge\n|-damage|p2a: Skeledirge|44\/100\n|move|p2a: Skeledirge|Earth Power|p1a: Emboar\n|-supereffective|p1a: Emboar\n|-damage|p1a: Emboar|5\/100\n|\n|-heal|p1a: Emboar|11\/100|[from] item: Leftovers\n|upkeep\n|turn|44\n|inactive|Zippybud5 has 60 seconds left.\n|\n|t:|1700766147\n|move|p1a: Emboar|Fire Blast|p2a: Skeledirge\n|-resisted|p2a: Skeledirge\n|-damage|p2a: Skeledirge|24\/100\n|move|p2a: Skeledirge|Hex|p1a: Emboar\n|-damage|p1a: Emboar|0 fnt\n|faint|p1a: Emboar\n|\n|upkeep\n|\n|t:|1700766155\n|switch|p1a: Electivire|Electivire, M|100\/100\n|turn|45\n|inactive|Zippybud5 has 60 seconds left.\n|\n|t:|1700766164\n|switch|p2a: Moon|Umbreon, M, tera:Fairy|88\/100\n|move|p1a: Electivire|Psychic|p2a: Moon\n|-damage|p2a: Moon|70\/100\n|\n|-heal|p2a: Moon|76\/100|[from] item: Leftovers\n|upkeep\n|turn|46\n|\n|t:|1700766172\n|switch|p1a: Servine|Servine, M|30\/100\n|move|p2a: Moon|Wish|p2a: Moon\n|\n|-heal|p2a: Moon|82\/100|[from] item: Leftovers\n|upkeep\n|turn|47\n|\n|t:|1700766182\n|switch|p2a: Skeledirge|Skeledirge, F|24\/100\n|move|p1a: Servine|Leech Seed|p2a: Skeledirge\n|-start|p2a: Skeledirge|move: Leech Seed\n|\n|-heal|p2a: Skeledirge|73\/100|[from] move: Wish|[wisher] Moon\n|-damage|p2a: Skeledirge|61\/100|[from] Leech Seed|[of] p1a: Servine\n|-heal|p1a: Servine|49\/100|[silent]\n|upkeep\n|turn|48\n|\n|t:|1700766197\n|switch|p1a: Dragonite|Dragonite, M|94\/100 tox\n|move|p2a: Skeledirge|Torch Song|p1a: Dragonite\n|-resisted|p1a: Dragonite\n|-damage|p1a: Dragonite|83\/100 tox\n|-boost|p2a: Skeledirge|spa|1\n|\n|-damage|p2a: Skeledirge|48\/100|[from] Leech Seed|[of] p1a: Dragonite\n|-heal|p1a: Dragonite|96\/100 tox|[silent]\n|-damage|p1a: Dragonite|90\/100 tox|[from] psn\n|upkeep\n|turn|49\n|\n|t:|1700766213\n|move|p1a: Dragonite|Haze|p1a: Dragonite\n|-clearallboost\n|move|p2a: Skeledirge|Hex|p1a: Dragonite\n|-damage|p1a: Dragonite|52\/100 tox\n|\n|-damage|p2a: Skeledirge|36\/100|[from] Leech Seed|[of] p1a: Dragonite\n|-heal|p1a: Dragonite|65\/100 tox|[silent]\n|-damage|p1a: Dragonite|53\/100 tox|[from] psn\n|upkeep\n|turn|50\n|\n|t:|1700766225\n|switch|p1a: Electivire|Electivire, M|100\/100\n|move|p2a: Skeledirge|Hex|p1a: Electivire\n|-damage|p1a: Electivire|75\/100\n|\n|-damage|p2a: Skeledirge|24\/100|[from] Leech Seed|[of] p1a: Electivire\n|-heal|p1a: Electivire|92\/100|[silent]\n|upkeep\n|turn|51\n|inactive|Zippybud5 has 60 seconds left.\n|\n|t:|1700766246\n|switch|p2a: Moon|Umbreon, M, tera:Fairy|82\/100\n|move|p1a: Electivire|Charge Beam|p2a: Moon\n|-damage|p2a: Moon|67\/100\n|-boost|p1a: Electivire|spa|1\n|\n|-heal|p2a: Moon|73\/100|[from] item: Leftovers\n|upkeep\n|turn|52\n|inactive|Zippybud5 has 60 seconds left.\n|\n|t:|1700766258\n|-terastallize|p1a: Electivire|Fire\n|move|p1a: Electivire|Flamethrower|p2a: Moon\n|-damage|p2a: Moon|33\/100\n|move|p2a: Moon|Toxic|p1a: Electivire\n|-status|p1a: Electivire|tox\n|\n|-heal|p2a: Moon|39\/100|[from] item: Leftovers\n|-damage|p1a: Electivire|86\/100 tox|[from] psn\n|upkeep\n|turn|53\n|inactive|Zippybud5 has 60 seconds left.\n|\n|t:|1700766268\n|move|p2a: Moon|Protect|p2a: Moon\n|-singleturn|p2a: Moon|Protect\n|move|p1a: Electivire|Flamethrower|p2a: Moon\n|-activate|p2a: Moon|move: Protect\n|\n|-heal|p2a: Moon|45\/100|[from] item: Leftovers\n|-damage|p1a: Electivire|73\/100 tox|[from] psn\n|upkeep\n|turn|54\n|inactive|Zippybud5 has 60 seconds left.\n|\n|t:|1700766278\n|move|p1a: Electivire|Flamethrower|p2a: Moon\n|-damage|p2a: Moon|8\/100\n|move|p2a: Moon|Wish|p2a: Moon\n|\n|-heal|p2a: Moon|14\/100|[from] item: Leftovers\n|-damage|p1a: Electivire|55\/100 tox|[from] psn\n|upkeep\n|turn|55\n|\n|t:|1700766288\n|switch|p1a: Servine|Servine, M|49\/100\n|move|p2a: Moon|Protect||[still]\n|-fail|p2a: Moon\n|\n|-heal|p2a: Moon|64\/100|[from] move: Wish|[wisher] Moon\n|-heal|p2a: Moon|70\/100|[from] item: Leftovers\n|upkeep\n|turn|56\n|\n|t:|1700766300\n|move|p1a: Servine|Aromatherapy|p1a: Servine\n|-activate|p1a: Servine|move: Aromatherapy\n|-curestatus|p1: Electivire|tox|[msg]\n|-curestatus|p1: Dragonite|tox|[msg]\n|move|p2a: Moon|Wish|p2a: Moon\n|\n|-heal|p2a: Moon|76\/100|[from] item: Leftovers\n|upkeep\n|turn|57\n|\n|t:|1700766311\n|move|p1a: Servine|Leech Seed|p2a: Moon\n|-start|p2a: Moon|move: Leech Seed\n|move|p2a: Moon|Toxic|p1a: Servine\n|-status|p1a: Servine|tox\n|\n|-heal|p2a: Moon|100\/100|[from] move: Wish|[wisher] Moon\n|-damage|p2a: Moon|88\/100|[from] Leech Seed|[of] p1a: Servine\n|-heal|p1a: Servine|67\/100 tox|[silent]\n|-damage|p1a: Servine|61\/100 tox|[from] psn\n|upkeep\n|turn|58\n|\n|t:|1700766320\n|move|p1a: Servine|Aromatherapy|p1a: Servine\n|-activate|p1a: Servine|move: Aromatherapy\n|-curestatus|p1a: Servine|tox|[msg]\n|move|p2a: Moon|Wish|p2a: Moon\n|\n|-heal|p2a: Moon|94\/100|[from] item: Leftovers\n|-damage|p2a: Moon|82\/100|[from] Leech Seed|[of] p1a: Servine\n|-heal|p1a: Servine|79\/100|[silent]\n|upkeep\n|turn|59\n|\n|t:|1700766330\n|switch|p2a: Skeledirge|Skeledirge, F|24\/100\n|move|p1a: Servine|Calm Mind|p1a: Servine\n|-boost|p1a: Servine|spa|1\n|-boost|p1a: Servine|spd|1\n|\n|-heal|p2a: Skeledirge|72\/100|[from] move: Wish|[wisher] Moon\n|upkeep\n|turn|60\n|\n|t:|1700766350\n|move|p1a: Servine|Leech Seed|p2a: Skeledirge\n|-start|p2a: Skeledirge|move: Leech Seed\n|move|p2a: Skeledirge|Torch Song|p1a: Servine\n|-supereffective|p1a: Servine\n|-damage|p1a: Servine|30\/100\n|-boost|p2a: Skeledirge|spa|1\n|\n|-damage|p2a: Skeledirge|60\/100|[from] Leech Seed|[of] p1a: Servine\n|-heal|p1a: Servine|49\/100|[silent]\n|upkeep\n|turn|61\n|\n|t:|1700766359\n|switch|p1a: Dragonite|Dragonite, M|53\/100\n|move|p2a: Skeledirge|Earth Power|p1a: Dragonite\n|-immune|p1a: Dragonite\n|\n|-damage|p2a: Skeledirge|48\/100|[from] Leech Seed|[of] p1a: Dragonite\n|-heal|p1a: Dragonite|66\/100|[silent]\n|upkeep\n|turn|62\n|\n|t:|1700766371\n|move|p1a: Dragonite|Haze|p1a: Dragonite\n|-clearallboost\n|move|p2a: Skeledirge|Shadow Ball|p1a: Dragonite\n|-damage|p1a: Dragonite|45\/100\n|\n|-damage|p2a: Skeledirge|35\/100|[from] Leech Seed|[of] p1a: Dragonite\n|-heal|p1a: Dragonite|58\/100|[silent]\n|upkeep\n|turn|63\n|\n|t:|1700766380\n|switch|p2a: Tapu Koko|Tapu Koko, shiny|100\/100\n|-fieldstart|move: Electric Terrain|[from] ability: Electric Surge|[of] p2a: Tapu Koko\n|move|p1a: Dragonite|Roost|p1a: Dragonite\n|-heal|p1a: Dragonite|100\/100\n|-singleturn|p1a: Dragonite|move: Roost\n|\n|upkeep\n|turn|64\n|\n|t:|1700766392\n|switch|p1a: Electivire|Electivire, M, tera:Fire|55\/100\n|move|p2a: Tapu Koko|Taunt|p1a: Electivire\n|-start|p1a: Electivire|move: Taunt\n|\n|upkeep\n|turn|65\n|\n|t:|1700766401\n|move|p2a: Tapu Koko|Wild Charge|p1a: Electivire\n|-ability|p1a: Electivire|Motor Drive|boost\n|-boost|p1a: Electivire|spe|1\n|move|p1a: Electivire|Flamethrower|p2a: Tapu Koko\n|-damage|p2a: Tapu Koko|39\/100\n|\n|upkeep\n|turn|66\n|inactive|Zippybud5 has 90 seconds left.\n|\n|t:|1700766412\n|switch|p2a: Corviknight|Corviknight, F, shiny|92\/100\n|move|p1a: Electivire|Flamethrower|p2a: Corviknight\n|-supereffective|p2a: Corviknight\n|-damage|p2a: Corviknight|31\/100\n|-status|p2a: Corviknight|brn\n|\n|-damage|p2a: Corviknight|25\/100 brn|[from] brn\n|-end|p1a: Electivire|move: Taunt\n|upkeep\n|turn|67\n|inactive|Zippybud5 has 90 seconds left.\n|\n|t:|1700766423\n|move|p1a: Electivire|Flamethrower|p2a: Corviknight\n|-supereffective|p2a: Corviknight\n|-damage|p2a: Corviknight|0 fnt\n|faint|p2a: Corviknight\n|\n|upkeep\n|\n|t:|1700766430\n|switch|p2a: Raichu|Raichu-Alola, M|76\/100\n|turn|68\n|\n|t:|1700766435\n|move|p2a: Raichu|Surf|p1a: Electivire\n|-supereffective|p1a: Electivire\n|-damage|p1a: Electivire|0 fnt\n|faint|p1a: Electivire\n|\n|upkeep\n|\n|t:|1700766446\n|switch|p1a: Dragonite|Dragonite, M|100\/100\n|turn|69\n|\n|t:|1700766453\n|move|p2a: Raichu|Rising Voltage|p1a: Dragonite\n|-damage|p1a: Dragonite|84\/100\n|move|p1a: Dragonite|Air Slash|p2a: Raichu\n|-resisted|p2a: Raichu\n|-damage|p2a: Raichu|55\/100\n|\n|upkeep\n|turn|70\n|\n|t:|1700766460\n|move|p2a: Raichu|Nasty Plot|p2a: Raichu\n|-boost|p2a: Raichu|spa|2\n|move|p1a: Dragonite|Air Slash|p2a: Raichu\n|-resisted|p2a: Raichu\n|-damage|p2a: Raichu|31\/100\n|\n|-fieldend|move: Electric Terrain\n|upkeep\n|turn|71\n|\n|t:|1700766468\n|move|p2a: Raichu|Rising Voltage|p1a: Dragonite\n|-damage|p1a: Dragonite|35\/100\n|move|p1a: Dragonite|Haze|p1a: Dragonite\n|-clearallboost\n|\n|upkeep\n|turn|72\n|inactive|Zippybud5 has 120 seconds left.\n|\n|t:|1700766475\n|move|p2a: Raichu|Psychic|p1a: Dragonite\n|-damage|p1a: Dragonite|5\/100\n|-unboost|p1a: Dragonite|spd|1\n|move|p1a: Dragonite|Roost|p1a: Dragonite\n|-heal|p1a: Dragonite|55\/100\n|-singleturn|p1a: Dragonite|move: Roost\n|\n|upkeep\n|turn|73\n|\n|t:|1700766483\n|switch|p1a: Servine|Servine, M|49\/100\n|move|p2a: Raichu|Psychic|p1a: Servine\n|-damage|p1a: Servine|15\/100\n|\n|upkeep\n|turn|74\n|inactive|Zippybud5 has 120 seconds left.\n|\n|t:|1700766505\n|move|p2a: Raichu|Psychic|p1a: Servine\n|-damage|p1a: Servine|0 fnt\n|faint|p1a: Servine\n|\n|upkeep\n|\n|t:|1700766509\n|switch|p1a: Dragonite|Dragonite, M|55\/100\n|turn|75\n|\n|t:|1700766522\n|switch|p2a: Tapu Koko|Tapu Koko, shiny|39\/100\n|-fieldstart|move: Electric Terrain|[from] ability: Electric Surge|[of] p2a: Tapu Koko\n|move|p1a: Dragonite|Roost|p1a: Dragonite\n|-heal|p1a: Dragonite|100\/100\n|-singleturn|p1a: Dragonite|move: Roost\n|\n|upkeep\n|turn|76\n|-message|Zippybud5 forfeited.\n|\n|win|AyoriEw\n|raw|Zippybud5's rating: 1059 &rarr; <strong>1043<\/strong><br \/>(-16 for losing)\n|raw|AyoriEw's rating: 1121 &rarr; <strong>1142<\/strong><br \/>(+21 for winning)\n","uploadtime":1700765939,"views":3,"p1id":"zippybud5","p2id":"ayoriew","formatid":"gen9nationaldex","rating":1043,"private":0,"password":""}