{"id":"gen9nationaldex-1997777760","p1":"shiro0620","p2":"ghostkinggengar","format":"[Gen 9] National Dex","log":"|html|<div class=\"broadcast-blue\"><strong>[Gen 9] National Dex is currently suspecting Sneasler! For information on how to participate check out the <a href=\"https:\/\/www.smogon.com\/forums\/threads\/sv-national-dex-suspect-8-just-dance.3731534\/\">suspect thread<\/a>.<\/strong><\/div>\n|j|\u2606shiro0620\n|j|\u2606ghostkinggengar\n|t:|1700851600\n|gametype|singles\n|player|p1|shiro0620|lillie-z|1680\n|player|p2|ghostkinggengar|swimmerf|1800\n|teamsize|p1|6\n|teamsize|p2|6\n|gen|9\n|tier|[Gen 9] National Dex\n|rated|\n|rule|HP Percentage Mod: HP is shown in percentages\n|rule|Endless Battle Clause: Forcing endless battles is banned\n|rule|OHKO Clause: OHKO moves are banned\n|rule|Evasion Clause: Evasion abilities, items, and moves are banned\n|rule|Evasion Abilities Clause: Evasion abilities are banned\n|rule|Evasion Items Clause: Evasion items are banned\n|rule|Evasion Moves Clause: Evasion moves are banned\n|rule|Species Clause: Limit one of each Pok\u00e9mon\n|rule|Sleep Clause Mod: Limit one foe put to sleep\n|clearpoke\n|poke|p1|Rillaboom, M|\n|poke|p1|Heatran, M|\n|poke|p1|Urshifu-*, M|\n|poke|p1|Slowking-Galar, F|\n|poke|p1|Thundurus-Therian, M|\n|poke|p1|Weezing-Galar, M|\n|poke|p2|Slowbro, F|\n|poke|p2|Ursaluna, F|\n|poke|p2|Blacephalon|\n|poke|p2|Garchomp, M|\n|poke|p2|Goodra-Hisui, F|\n|poke|p2|Moltres|\n|teampreview\n|inactive|Battle timer is ON: inactive players will automatically lose when time's up. (requested by ghostkinggengar)\n|\n|t:|1700851617\n|start\n|switch|p1a: Thundurus|Thundurus-Therian, M|100\/100\n|switch|p2a: Garchomp|Garchomp, M|100\/100\n|turn|1\n|\n|t:|1700851627\n|move|p1a: Thundurus|Hidden Power|p2a: Garchomp\n|-supereffective|p2a: Garchomp\n|-damage|p2a: Garchomp|9\/100\n|-zpower|p2a: Garchomp\n|move|p2a: Garchomp|Devastating Drake|p1a: Thundurus|[zeffect]\n|-damage|p1a: Thundurus|0 fnt\n|faint|p1a: Thundurus\n|\n|upkeep\n|\n|t:|1700851638\n|switch|p1a: Rillaboom|Rillaboom, M|100\/100\n|-fieldstart|move: Grassy Terrain|[from] ability: Grassy Surge|[of] p1a: Rillaboom\n|turn|2\n|\n|t:|1700851655\n|switch|p2a: Moltres|Moltres|100\/100\n|move|p1a: Rillaboom|Knock Off|p2a: Moltres\n|-damage|p2a: Moltres|56\/100\n|-enditem|p2a: Moltres|Heavy-Duty Boots|[from] move: Knock Off|[of] p1a: Rillaboom\n|\n|upkeep\n|turn|3\n|\n|t:|1700851664\n|switch|p1a: Heatran|Heatran, M|100\/100\n|move|p2a: Moltres|Roost|p2a: Moltres\n|-heal|p2a: Moltres|100\/100\n|-singleturn|p2a: Moltres|move: Roost\n|\n|upkeep\n|turn|4\n|\n|t:|1700851675\n|move|p2a: Moltres|U-turn|p1a: Heatran\n|-resisted|p1a: Heatran\n|-damage|p1a: Heatran|97\/100\n|\n|t:|1700851678\n|switch|p2a: Garchomp|Garchomp, M|9\/100|[from] U-turn\n|move|p1a: Heatran|Earth Power|p2a: Garchomp\n|-damage|p2a: Garchomp|0 fnt\n|faint|p2a: Garchomp\n|\n|-heal|p1a: Heatran|100\/100|[from] Grassy Terrain\n|upkeep\n|j| jkljlkh\n|inactive|ghostkinggengar has 120 seconds left.\n|\n|t:|1700851710\n|switch|p2a: Goodra|Goodra-Hisui, F|100\/100\n|turn|5\n|\n|t:|1700851727\n|move|p1a: Heatran|Stealth Rock|p2a: Goodra\n|-sidestart|p2: ghostkinggengar|move: Stealth Rock\n|move|p2a: Goodra|Knock Off|p1a: Heatran\n|-damage|p1a: Heatran|83\/100\n|-enditem|p1a: Heatran|Leftovers|[from] move: Knock Off|[of] p2a: Goodra\n|\n|-heal|p1a: Heatran|89\/100|[from] Grassy Terrain\n|upkeep\n|turn|6\n|\n|t:|1700851738\n|move|p1a: Heatran|Magma Storm|p2a: Goodra\n|-damage|p2a: Goodra|76\/100\n|-activate|p2a: Goodra|move: Magma Storm|[of] p1a: Heatran\n|move|p2a: Goodra|Earthquake|p1a: Heatran\n|-supereffective|p1a: Heatran\n|-damage|p1a: Heatran|49\/100\n|\n|-heal|p1a: Heatran|56\/100|[from] Grassy Terrain\n|-heal|p2a: Goodra|82\/100|[from] Grassy Terrain\n|-heal|p2a: Goodra|88\/100|[from] item: Leftovers\n|-damage|p2a: Goodra|75\/100|[from] move: Magma Storm|[partiallytrapped]\n|-fieldend|move: Grassy Terrain\n|upkeep\n|turn|7\n|l| jkljlkh\n|\n|t:|1700851754\n|switch|p1a: Weezing|Weezing-Galar, M|100\/100\n|move|p2a: Goodra|Knock Off|p1a: Weezing\n|-resisted|p1a: Weezing\n|-damage|p1a: Weezing|93\/100\n|-enditem|p1a: Weezing|Leftovers|[from] move: Knock Off|[of] p2a: Goodra\n|\n|-heal|p2a: Goodra|82\/100|[from] item: Leftovers\n|-end|p2a: Goodra|Magma Storm|[partiallytrapped]|[silent]\n|upkeep\n|turn|8\n|\n|t:|1700851772\n|switch|p2a: Moltres|Moltres|100\/100\n|-damage|p2a: Moltres|51\/100|[from] Stealth Rock\n|move|p1a: Weezing|Toxic Spikes|p2a: Moltres\n|-sidestart|p2: ghostkinggengar|move: Toxic Spikes\n|\n|upkeep\n|turn|9\n|\n|t:|1700851779\n|switch|p1a: Urshifu|Urshifu-Rapid-Strike, M|100\/100\n|move|p2a: Moltres|Defog|p1a: Urshifu\n|-unboost|p1a: Urshifu|evasion|1\n|-sideend|p2: ghostkinggengar|Toxic Spikes|[from] move: Defog|[of] p2a: Moltres\n|-sideend|p2: ghostkinggengar|Stealth Rock|[from] move: Defog|[of] p2a: Moltres\n|\n|upkeep\n|turn|10\n|\n|t:|1700851787\n|switch|p2a: Slowbro|Slowbro, F|100\/100\n|move|p1a: Urshifu|U-turn|p2a: Slowbro\n|-supereffective|p2a: Slowbro\n|-damage|p2a: Slowbro|54\/100\n|-damage|p1a: Urshifu|84\/100|[from] item: Rocky Helmet|[of] p2a: Slowbro\n|\n|t:|1700851796\n|switch|p1a: Rillaboom|Rillaboom, M|100\/100|[from] U-turn\n|-fieldstart|move: Grassy Terrain|[from] ability: Grassy Surge|[of] p1a: Rillaboom\n|\n|-heal|p2a: Slowbro|60\/100|[from] Grassy Terrain\n|upkeep\n|turn|11\n|\n|t:|1700851807\n|switch|p2a: Moltres|Moltres|51\/100\n|move|p1a: Rillaboom|Knock Off|p2a: Moltres\n|-damage|p2a: Moltres|22\/100\n|\n|upkeep\n|turn|12\n|j| jkljlkh\n|inactive|shiro0620 has 120 seconds left.\n|l| jkljlkh\n|inactive|shiro0620 has 90 seconds left.\n|\n|t:|1700851872\n|move|p1a: Rillaboom|Knock Off|p2a: Moltres\n|-damage|p2a: Moltres|0 fnt\n|-status|p1a: Rillaboom|brn|[from] ability: Flame Body|[of] p2a: Moltres\n|faint|p2a: Moltres\n|\n|-damage|p1a: Rillaboom|94\/100 brn|[from] brn\n|upkeep\n|inactive|ghostkinggengar has 120 seconds left.\n|inactive|ghostkinggengar has 90 seconds left.\n|\n|t:|1700851931\n|switch|p2a: Blacephalon|Blacephalon|100\/100\n|turn|13\n|inactive|shiro0620 has 90 seconds left.\n|\n|t:|1700851947\n|switch|p1a: Heatran|Heatran, M|56\/100\n|move|p2a: Blacephalon|Shadow Ball|p1a: Heatran\n|-damage|p1a: Heatran|26\/100\n|\n|-heal|p1a: Heatran|32\/100|[from] Grassy Terrain\n|upkeep\n|turn|14\n|j| jkljlkh\n|\n|t:|1700851960\n|switch|p2a: Slowbro|Slowbro, F|93\/100\n|move|p1a: Heatran|Stealth Rock|p2a: Slowbro\n|-sidestart|p2: ghostkinggengar|move: Stealth Rock\n|\n|-heal|p1a: Heatran|39\/100|[from] Grassy Terrain\n|-heal|p2a: Slowbro|99\/100|[from] Grassy Terrain\n|-fieldend|move: Grassy Terrain\n|upkeep\n|turn|15\n|inactive|shiro0620 has 90 seconds left.\n|l| jkljlkh\n|\n|t:|1700851980\n|switch|p1a: Rillaboom|Rillaboom, M|94\/100 brn\n|-fieldstart|move: Grassy Terrain|[from] ability: Grassy Surge|[of] p1a: Rillaboom\n|move|p2a: Slowbro|Trick Room|p2a: Slowbro\n|-fieldstart|move: Trick Room|[of] p2a: Slowbro\n|\n|-heal|p2a: Slowbro|100\/100|[from] Grassy Terrain\n|-heal|p1a: Rillaboom|100\/100 brn|[from] Grassy Terrain\n|-damage|p1a: Rillaboom|94\/100 brn|[from] brn\n|upkeep\n|turn|16\n|\n|t:|1700851997\n|-terastallize|p2a: Slowbro|Fairy\n|move|p1a: Rillaboom|Knock Off|p2a: Slowbro\n|-resisted|p2a: Slowbro\n|-damage|p2a: Slowbro|93\/100\n|-damage|p1a: Rillaboom|78\/100 brn|[from] item: Rocky Helmet|[of] p2a: Slowbro\n|-enditem|p2a: Slowbro|Rocky Helmet|[from] move: Knock Off|[of] p1a: Rillaboom\n|move|p2a: Slowbro|Teleport|p2a: Slowbro\n|\n|t:|1700852003\n|switch|p2a: Ursaluna|Ursaluna, F|100\/100|[from] Teleport\n|-damage|p2a: Ursaluna|94\/100|[from] Stealth Rock\n|\n|-heal|p2a: Ursaluna|100\/100|[from] Grassy Terrain\n|-heal|p1a: Rillaboom|84\/100 brn|[from] Grassy Terrain\n|-damage|p1a: Rillaboom|78\/100 brn|[from] brn\n|-status|p2a: Ursaluna|brn|[from] item: Flame Orb\n|upkeep\n|turn|17\n|inactive|shiro0620 has 90 seconds left.\n|\n|t:|1700852019\n|switch|p1a: Slowking|Slowking-Galar, F|100\/100\n|move|p2a: Ursaluna|Facade|p1a: Slowking\n|-damage|p1a: Slowking|0 fnt\n|faint|p1a: Slowking\n|\n|-damage|p2a: Ursaluna|94\/100 brn|[from] brn\n|upkeep\n|\n|t:|1700852043\n|switch|p1a: Weezing|Weezing-Galar, M|93\/100\n|turn|18\n|inactive|ghostkinggengar has 120 seconds left.\n|inactive|shiro0620 has 60 seconds left.\n|\n|t:|1700852060\n|-terastallize|p1a: Weezing|Ghost\n|move|p2a: Ursaluna|Facade|p1a: Weezing\n|-immune|p1a: Weezing\n|move|p1a: Weezing|Strange Steam|p2a: Ursaluna\n|-damage|p2a: Ursaluna|69\/100 brn\n|\n|-heal|p2a: Ursaluna|75\/100 brn|[from] Grassy Terrain\n|-damage|p2a: Ursaluna|69\/100 brn|[from] brn\n|upkeep\n|turn|19\n|j| SchmoovinAgain\n|inactive|shiro0620 has 60 seconds left.\n|inactive|ghostkinggengar has 120 seconds left.\n|\n|t:|1700852074\n|switch|p2a: Goodra|Goodra-Hisui, F|82\/100\n|-damage|p2a: Goodra|75\/100|[from] Stealth Rock\n|move|p1a: Weezing|Toxic Spikes|p2a: Goodra\n|-sidestart|p2: ghostkinggengar|move: Toxic Spikes\n|\n|-heal|p2a: Goodra|82\/100|[from] Grassy Terrain\n|-heal|p2a: Goodra|88\/100|[from] item: Leftovers\n|-fieldend|move: Trick Room\n|-fieldend|move: Grassy Terrain\n|upkeep\n|turn|20\n|inactive|shiro0620 has 60 seconds left.\n|inactive|ghostkinggengar has 120 seconds left.\n|\n|t:|1700852091\n|switch|p1a: Heatran|Heatran, M|39\/100\n|move|p2a: Goodra|Draco Meteor|p1a: Heatran\n|-resisted|p1a: Heatran\n|-damage|p1a: Heatran|24\/100\n|-unboost|p2a: Goodra|spa|2\n|\n|-heal|p2a: Goodra|94\/100|[from] item: Leftovers\n|upkeep\n|turn|21\n|inactive|ghostkinggengar has 120 seconds left.\n|\n|t:|1700852097\n|move|p1a: Heatran|Stealth Rock||[still]\n|-fail|p1a: Heatran\n|move|p2a: Goodra|Earthquake|p1a: Heatran\n|-supereffective|p1a: Heatran\n|-damage|p1a: Heatran|0 fnt\n|faint|p1a: Heatran\n|\n|-heal|p2a: Goodra|99\/100|[from] item: Leftovers\n|upkeep\n|\n|t:|1700852104\n|switch|p1a: Urshifu|Urshifu-Rapid-Strike, M|84\/100\n|turn|22\n|inactive|shiro0620 has 60 seconds left.\n|\n|t:|1700852120\n|switch|p2a: Slowbro|Slowbro, F, tera:Fairy|100\/100\n|-damage|p2a: Slowbro|88\/100|[from] Stealth Rock\n|-status|p2a: Slowbro|psn\n|move|p1a: Urshifu|U-turn|p2a: Slowbro\n|-resisted|p2a: Slowbro\n|-damage|p2a: Slowbro|77\/100 psn\n|j| xsk123\n|inactive|shiro0620 has 60 seconds left.\n|\n|t:|1700852128\n|switch|p1a: Rillaboom|Rillaboom, M|78\/100 brn|[from] U-turn\n|-fieldstart|move: Grassy Terrain|[from] ability: Grassy Surge|[of] p1a: Rillaboom\n|\n|-heal|p1a: Rillaboom|84\/100 brn|[from] Grassy Terrain\n|-heal|p2a: Slowbro|83\/100 psn|[from] Grassy Terrain\n|-damage|p2a: Slowbro|70\/100 psn|[from] psn\n|-damage|p1a: Rillaboom|78\/100 brn|[from] brn\n|upkeep\n|turn|23\n|inactive|shiro0620 has 60 seconds left.\n|inactive|ghostkinggengar has 120 seconds left.\n|\n|t:|1700852160\n|move|p1a: Rillaboom|U-turn|p2a: Slowbro\n|-resisted|p2a: Slowbro\n|-damage|p2a: Slowbro|65\/100 psn\n|\n|t:|1700852163\n|switch|p1a: Urshifu|Urshifu-Rapid-Strike, M|84\/100|[from] U-turn\n|move|p2a: Slowbro|Teleport|p2a: Slowbro\n|inactive|ghostkinggengar has 120 seconds left.\n|\n|t:|1700852177\n|switch|p2a: Goodra|Goodra-Hisui, F|99\/100|[from] Teleport\n|-damage|p2a: Goodra|94\/100|[from] Stealth Rock\n|\n|-heal|p1a: Urshifu|90\/100|[from] Grassy Terrain\n|-heal|p2a: Goodra|99\/100|[from] Grassy Terrain\n|-heal|p2a: Goodra|100\/100|[from] item: Leftovers\n|upkeep\n|turn|24\n|inactive|shiro0620 has 60 seconds left.\n|\n|t:|1700852192\n|move|p1a: Urshifu|Surging Strikes|p2a: Goodra\n|-resisted|p2a: Goodra\n|-damage|p2a: Goodra|92\/100\n|-resisted|p2a: Goodra\n|-damage|p2a: Goodra|83\/100\n|-resisted|p2a: Goodra\n|-damage|p2a: Goodra|75\/100\n|-hitcount|p2a: Goodra|3\n|move|p2a: Goodra|Draco Meteor|p1a: Urshifu\n|-damage|p1a: Urshifu|22\/100\n|-unboost|p2a: Goodra|spa|2\n|\n|-heal|p1a: Urshifu|28\/100|[from] Grassy Terrain\n|-heal|p2a: Goodra|81\/100|[from] Grassy Terrain\n|-heal|p2a: Goodra|87\/100|[from] item: Leftovers\n|upkeep\n|turn|25\n|inactive|shiro0620 has 60 seconds left.\n|\n|t:|1700852206\n|switch|p1a: Rillaboom|Rillaboom, M|78\/100 brn\n|switch|p2a: Slowbro|Slowbro, F, tera:Fairy|98\/100 psn\n|-damage|p2a: Slowbro|86\/100 psn|[from] Stealth Rock\n|\n|-heal|p1a: Rillaboom|84\/100 brn|[from] Grassy Terrain\n|-heal|p2a: Slowbro|92\/100 psn|[from] Grassy Terrain\n|-damage|p2a: Slowbro|79\/100 psn|[from] psn\n|-damage|p1a: Rillaboom|78\/100 brn|[from] brn\n|upkeep\n|turn|26\n|inactive|shiro0620 has 60 seconds left.\n|\n|t:|1700852220\n|move|p1a: Rillaboom|U-turn|p2a: Slowbro\n|-resisted|p2a: Slowbro\n|-damage|p2a: Slowbro|74\/100 psn\n|\n|t:|1700852222\n|switch|p1a: Urshifu|Urshifu-Rapid-Strike, M|28\/100|[from] U-turn\n|move|p2a: Slowbro|Future Sight|p1a: Urshifu\n|-start|p2a: Slowbro|move: Future Sight\n|\n|-heal|p1a: Urshifu|34\/100|[from] Grassy Terrain\n|-heal|p2a: Slowbro|80\/100 psn|[from] Grassy Terrain\n|-damage|p2a: Slowbro|68\/100 psn|[from] psn\n|-fieldend|move: Grassy Terrain\n|upkeep\n|turn|27\n|\n|t:|1700852231\n|move|p1a: Urshifu|Surging Strikes|p2a: Slowbro\n|-crit|p2a: Slowbro\n|-damage|p2a: Slowbro|49\/100 psn\n|-crit|p2a: Slowbro\n|-damage|p2a: Slowbro|30\/100 psn\n|-crit|p2a: Slowbro\n|-damage|p2a: Slowbro|12\/100 psn\n|-hitcount|p2a: Slowbro|3\n|move|p2a: Slowbro|Teleport|p2a: Slowbro\n|\n|t:|1700852240\n|switch|p2a: Blacephalon|Blacephalon|100\/100|[from] Teleport\n|-damage|p2a: Blacephalon|76\/100|[from] Stealth Rock\n|-status|p2a: Blacephalon|psn\n|\n|-damage|p2a: Blacephalon|64\/100 psn|[from] psn\n|upkeep\n|turn|28\n|\n|t:|1700852249\n|switch|p1a: Weezing|Weezing-Galar, M, tera:Ghost|93\/100\n|move|p2a: Blacephalon|Shadow Ball|p1a: Weezing\n|-supereffective|p1a: Weezing\n|-damage|p1a: Weezing|0 fnt\n|faint|p1a: Weezing\n|-ability|p2a: Blacephalon|Beast Boost|boost\n|-boost|p2a: Blacephalon|spa|1\n|\n|-hint|Future Sight did not hit because the target is fainted.\n|-damage|p2a: Blacephalon|52\/100 psn|[from] psn\n|upkeep\n|\n|t:|1700852252\n|switch|p1a: Urshifu|Urshifu-Rapid-Strike, M|34\/100\n|turn|29\n|\n|t:|1700852262\n|move|p1a: Urshifu|Aqua Jet|p2a: Blacephalon\n|-supereffective|p2a: Blacephalon\n|-damage|p2a: Blacephalon|0 fnt\n|faint|p2a: Blacephalon\n|\n|upkeep\n|\n|t:|1700852266\n|switch|p2a: Goodra|Goodra-Hisui, F|87\/100\n|-damage|p2a: Goodra|81\/100|[from] Stealth Rock\n|turn|30\n|\n|t:|1700852281\n|switch|p1a: Rillaboom|Rillaboom, M|78\/100 brn\n|-fieldstart|move: Grassy Terrain|[from] ability: Grassy Surge|[of] p1a: Rillaboom\n|switch|p2a: Slowbro|Slowbro, F, tera:Fairy|45\/100 psn\n|-damage|p2a: Slowbro|33\/100 psn|[from] Stealth Rock\n|\n|-heal|p1a: Rillaboom|84\/100 brn|[from] Grassy Terrain\n|-heal|p2a: Slowbro|39\/100 psn|[from] Grassy Terrain\n|-damage|p2a: Slowbro|26\/100 psn|[from] psn\n|-damage|p1a: Rillaboom|78\/100 brn|[from] brn\n|upkeep\n|turn|31\n|\n|t:|1700852285\n|move|p1a: Rillaboom|Wood Hammer|p2a: Slowbro\n|-damage|p2a: Slowbro|0 fnt\n|faint|p2a: Slowbro\n|-damage|p1a: Rillaboom|68\/100 brn|[from] Recoil\n|\n|-heal|p1a: Rillaboom|74\/100 brn|[from] Grassy Terrain\n|-damage|p1a: Rillaboom|68\/100 brn|[from] brn\n|upkeep\n|\n|t:|1700852293\n|switch|p2a: Goodra|Goodra-Hisui, F|81\/100\n|-damage|p2a: Goodra|75\/100|[from] Stealth Rock\n|turn|32\n|\n|t:|1700852296\n|move|p1a: Rillaboom|Wood Hammer|p2a: Goodra\n|-resisted|p2a: Goodra\n|-damage|p2a: Goodra|62\/100\n|-damage|p1a: Rillaboom|63\/100 brn|[from] Recoil\n|move|p2a: Goodra|Draco Meteor|p1a: Rillaboom\n|-damage|p1a: Rillaboom|0 fnt\n|-unboost|p2a: Goodra|spa|2\n|faint|p1a: Rillaboom\n|\n|-heal|p2a: Goodra|68\/100|[from] Grassy Terrain\n|-heal|p2a: Goodra|74\/100|[from] item: Leftovers\n|upkeep\n|\n|t:|1700852300\n|switch|p1a: Urshifu|Urshifu-Rapid-Strike, M|34\/100\n|turn|33\n|\n|t:|1700852305\n|move|p1a: Urshifu|Close Combat|p2a: Goodra\n|-supereffective|p2a: Goodra\n|-damage|p2a: Goodra|0 fnt\n|-unboost|p1a: Urshifu|def|1\n|-unboost|p1a: Urshifu|spd|1\n|faint|p2a: Goodra\n|\n|-heal|p1a: Urshifu|40\/100|[from] Grassy Terrain\n|upkeep\n|\n|t:|1700852307\n|switch|p2a: Ursaluna|Ursaluna, F|69\/100 brn\n|-damage|p2a: Ursaluna|63\/100 brn|[from] Stealth Rock\n|turn|34\n|\n|t:|1700852310\n|move|p1a: Urshifu|Close Combat|p2a: Ursaluna\n|-supereffective|p2a: Ursaluna\n|-damage|p2a: Ursaluna|0 fnt\n|-unboost|p1a: Urshifu|def|1\n|-unboost|p1a: Urshifu|spd|1\n|faint|p2a: Ursaluna\n|\n|win|shiro0620\n|raw|shiro0620's rating: 1680 &rarr; <strong>1707<\/strong><br \/>(+27 for winning)\n|raw|ghostkinggengar's rating: 1800 &rarr; <strong>1773<\/strong><br \/>(-27 for losing)\n|c|\u2606shiro0620|gg\n|l|\u2606ghostkinggengar\n","uploadtime":1700852319,"views":3,"p1id":"shiro0620","p2id":"ghostkinggengar","formatid":"gen9nationaldex","rating":1707,"private":0,"password":""}