{"id":"gen9nationaldex-1988173514","p1":"FakeDragon","p2":"bsbqyll","format":"[Gen 9] National Dex","log":"|j|\u2606FakeDragon\n|j|\u2606bsbqyll\n|t:|1699679441\n|gametype|singles\n|player|p1|FakeDragon|palmer|1349\n|player|p2|bsbqyll|cynthia-gen4|1380\n|teamsize|p1|6\n|teamsize|p2|6\n|gen|9\n|tier|[Gen 9] National Dex\n|rated|\n|rule|HP Percentage Mod: HP is shown in percentages\n|rule|Endless Battle Clause: Forcing endless battles is banned\n|rule|OHKO Clause: OHKO moves are banned\n|rule|Evasion Clause: Evasion abilities, items, and moves are banned\n|rule|Evasion Abilities Clause: Evasion abilities are banned\n|rule|Evasion Items Clause: Evasion items are banned\n|rule|Evasion Moves Clause: Evasion moves are banned\n|rule|Species Clause: Limit one of each Pok\u00e9mon\n|rule|Sleep Clause Mod: Limit one foe put to sleep\n|clearpoke\n|poke|p1|Latios, M|\n|poke|p1|Ceruledge, F|\n|poke|p1|Alomomola, F|\n|poke|p1|Ferrothorn, F|\n|poke|p1|Gliscor, F|\n|poke|p1|Tornadus-Therian, M|\n|poke|p2|Iron Moth|\n|poke|p2|Gyarados, M|\n|poke|p2|Sneasler, M|\n|poke|p2|Tapu Lele|\n|poke|p2|Garchomp, M|\n|poke|p2|Glimmora, F|\n|teampreview\n|inactive|Battle timer is ON: inactive players will automatically lose when time's up. (requested by FakeDragon)\n|\n|t:|1699679455\n|start\n|switch|p1a: Tornadus|Tornadus-Therian, M|100\/100\n|switch|p2a: Glimmora|Glimmora, F|100\/100\n|turn|1\n|inactive|bsbqyll has 120 seconds left.\n|\n|t:|1699679494\n|move|p1a: Tornadus|Knock Off|p2a: Glimmora\n|-damage|p2a: Glimmora|77\/100\n|-activate|p2a: Glimmora|ability: Toxic Debris\n|-sidestart|p1: FakeDragon|move: Toxic Spikes\n|-enditem|p2a: Glimmora|Focus Sash|[from] move: Knock Off|[of] p1a: Tornadus\n|move|p2a: Glimmora|Sludge Wave|p1a: Tornadus\n|-damage|p1a: Tornadus|46\/100\n|\n|upkeep\n|turn|2\n|\n|t:|1699679504\n|move|p1a: Tornadus|U-turn|p2a: Glimmora\n|-resisted|p2a: Glimmora\n|-damage|p2a: Glimmora|68\/100\n|-activate|p2a: Glimmora|ability: Toxic Debris\n|-sidestart|p1: FakeDragon|move: Toxic Spikes\n|\n|t:|1699679509\n|switch|p1a: Latios|Latios, M|100\/100|[from] U-turn\n|move|p2a: Glimmora|Sludge Wave|p1a: Latios\n|-damage|p1a: Latios|47\/100\n|\n|upkeep\n|turn|3\n|l|\u2606bsbqyll\n|inactive|bsbqyll disconnected and has a minute to reconnect!\n|player|p2|\n|j|\u2606bsbqyll\n|inactive|bsbqyll reconnected and has 125 seconds left.\n|player|p2|bsbqyll|cynthia-gen4\n|\n|t:|1699679527\n|detailschange|p1a: Latios|Latios-Mega, M\n|-mega|p1a: Latios|Latios|Latiosite\n|move|p1a: Latios|Psychic|p2a: Glimmora\n|-supereffective|p2a: Glimmora\n|-damage|p2a: Glimmora|0 fnt\n|faint|p2a: Glimmora\n|\n|upkeep\n|inactive|bsbqyll has 120 seconds left.\n|\n|t:|1699679539\n|switch|p2a: Garchomp|Garchomp, M|100\/100\n|turn|4\n|\n|t:|1699679549\n|switch|p1a: Gliscor|Gliscor, F, shiny|100\/100\n|move|p2a: Garchomp|Outrage|p1a: Gliscor\n|-damage|p1a: Gliscor|52\/100\n|\n|-status|p1a: Gliscor|tox|[from] item: Toxic Orb\n|upkeep\n|turn|5\n|l|\u2606bsbqyll\n|inactive|bsbqyll disconnected and has a minute to reconnect!\n|player|p2|\n|j|\u2606bsbqyll\n|inactive|bsbqyll reconnected and has 125 seconds left.\n|player|p2|bsbqyll|cynthia-gen4\n|\n|t:|1699679565\n|switch|p1a: Ferrothorn|Ferrothorn, F|100\/100\n|move|p2a: Garchomp|Outrage|p1a: Ferrothorn|[from]lockedmove\n|-resisted|p1a: Ferrothorn\n|-damage|p1a: Ferrothorn|82\/100\n|-damage|p2a: Garchomp|88\/100|[from] ability: Iron Barbs|[of] p1a: Ferrothorn\n|\n|-heal|p1a: Ferrothorn|89\/100|[from] item: Leftovers\n|upkeep\n|turn|6\n|\n|t:|1699679578\n|move|p2a: Garchomp|Outrage|p1a: Ferrothorn|[from]lockedmove\n|-resisted|p1a: Ferrothorn\n|-damage|p1a: Ferrothorn|69\/100\n|-damage|p2a: Garchomp|76\/100|[from] ability: Iron Barbs|[of] p1a: Ferrothorn\n|-start|p2a: Garchomp|confusion|[fatigue]\n|move|p1a: Ferrothorn|Stealth Rock|p2a: Garchomp\n|-sidestart|p2: bsbqyll|move: Stealth Rock\n|\n|-heal|p1a: Ferrothorn|75\/100|[from] item: Leftovers\n|upkeep\n|turn|7\n|\n|t:|1699679592\n|switch|p2a: Gyarados|Gyarados, M|100\/100\n|-damage|p2a: Gyarados|76\/100|[from] Stealth Rock\n|-ability|p2a: Gyarados|Intimidate|boost\n|-unboost|p1a: Ferrothorn|atk|1\n|move|p1a: Ferrothorn|Leech Seed|p2a: Gyarados\n|-start|p2a: Gyarados|move: Leech Seed\n|\n|-heal|p1a: Ferrothorn|81\/100|[from] item: Leftovers\n|-damage|p2a: Gyarados|63\/100|[from] Leech Seed|[of] p1a: Ferrothorn\n|-heal|p1a: Ferrothorn|93\/100|[silent]\n|upkeep\n|turn|8\n|\n|t:|1699679609\n|switch|p2a: Garchomp|Garchomp, M|76\/100\n|-damage|p2a: Garchomp|70\/100|[from] Stealth Rock\n|switch|p1a: Tornadus|Tornadus-Therian, M|79\/100\n|\n|upkeep\n|turn|9\n|\n|t:|1699679617\n|switch|p1a: Ferrothorn|Ferrothorn, F|93\/100\n|move|p2a: Garchomp|Fire Fang|p1a: Ferrothorn|[miss]\n|-miss|p2a: Garchomp|p1a: Ferrothorn\n|\n|-heal|p1a: Ferrothorn|99\/100|[from] item: Leftovers\n|upkeep\n|turn|10\n|\n|t:|1699679621\n|switch|p1a: Gliscor|Gliscor, F, shiny|52\/100 tox\n|move|p2a: Garchomp|Fire Fang|p1a: Gliscor\n|-damage|p1a: Gliscor|32\/100 tox\n|\n|-heal|p1a: Gliscor|45\/100 tox|[from] ability: Poison Heal\n|upkeep\n|turn|11\n|\n|t:|1699679626\n|switch|p2a: Gyarados|Gyarados, M|63\/100\n|-damage|p2a: Gyarados|39\/100|[from] Stealth Rock\n|-ability|p2a: Gyarados|Intimidate|boost\n|-unboost|p1a: Gliscor|atk|1\n|move|p1a: Gliscor|Roost|p1a: Gliscor\n|-heal|p1a: Gliscor|95\/100 tox\n|-singleturn|p1a: Gliscor|move: Roost\n|\n|-heal|p1a: Gliscor|100\/100 tox|[from] ability: Poison Heal\n|upkeep\n|turn|12\n|\n|t:|1699679630\n|switch|p1a: Ferrothorn|Ferrothorn, F|99\/100\n|move|p2a: Gyarados|Dragon Dance|p2a: Gyarados\n|-boost|p2a: Gyarados|atk|1\n|-boost|p2a: Gyarados|spe|1\n|\n|-heal|p1a: Ferrothorn|100\/100|[from] item: Leftovers\n|upkeep\n|turn|13\n|\n|t:|1699679636\n|detailschange|p2a: Gyarados|Gyarados-Mega, M\n|-mega|p2a: Gyarados|Gyarados|Gyaradosite\n|-ability|p2a: Gyarados|Mold Breaker\n|move|p2a: Gyarados|Crunch|p1a: Ferrothorn\n|-damage|p1a: Ferrothorn|62\/100\n|-damage|p2a: Gyarados|26\/100|[from] ability: Iron Barbs|[of] p1a: Ferrothorn\n|move|p1a: Ferrothorn|Leech Seed|p2a: Gyarados|[miss]\n|-miss|p1a: Ferrothorn|p2a: Gyarados\n|\n|-heal|p1a: Ferrothorn|68\/100|[from] item: Leftovers\n|upkeep\n|turn|14\n|\n|t:|1699679642\n|move|p2a: Gyarados|Crunch|p1a: Ferrothorn\n|-damage|p1a: Ferrothorn|28\/100\n|-damage|p2a: Gyarados|14\/100|[from] ability: Iron Barbs|[of] p1a: Ferrothorn\n|move|p1a: Ferrothorn|Leech Seed|p2a: Gyarados\n|-start|p2a: Gyarados|move: Leech Seed\n|\n|-heal|p1a: Ferrothorn|34\/100|[from] item: Leftovers\n|-damage|p2a: Gyarados|1\/100|[from] Leech Seed|[of] p1a: Ferrothorn\n|-heal|p1a: Ferrothorn|46\/100|[silent]\n|upkeep\n|turn|15\n|\n|t:|1699679650\n|move|p2a: Gyarados|Crunch|p1a: Ferrothorn\n|-damage|p1a: Ferrothorn|7\/100\n|-damage|p2a: Gyarados|0 fnt|[from] ability: Iron Barbs|[of] p1a: Ferrothorn\n|faint|p2a: Gyarados\n|move|p1a: Ferrothorn|Knock Off|p2: Gyarados|[notarget]\n|-fail|p1a: Ferrothorn\n|\n|-heal|p1a: Ferrothorn|13\/100|[from] item: Leftovers\n|upkeep\n|\n|t:|1699679657\n|switch|p2a: Tapu Lele|Tapu Lele|100\/100\n|-damage|p2a: Tapu Lele|88\/100|[from] Stealth Rock\n|-fieldstart|move: Psychic Terrain|[from] ability: Psychic Surge|[of] p2a: Tapu Lele\n|turn|16\n|\n|t:|1699679680\n|switch|p1a: Latios|Latios-Mega, M|47\/100\n|move|p2a: Tapu Lele|Thunderbolt|p1a: Latios\n|-resisted|p1a: Latios\n|-damage|p1a: Latios|30\/100\n|\n|upkeep\n|turn|17\n|\n|t:|1699679688\n|move|p1a: Latios|Psychic|p2a: Tapu Lele\n|-resisted|p2a: Tapu Lele\n|-damage|p2a: Tapu Lele|59\/100\n|move|p2a: Tapu Lele|Moonblast|p1a: Latios\n|-supereffective|p1a: Latios\n|-damage|p1a: Latios|0 fnt\n|faint|p1a: Latios\n|\n|upkeep\n|\n|t:|1699679693\n|switch|p1a: Tornadus|Tornadus-Therian, M|100\/100\n|turn|18\n|\n|t:|1699679697\n|move|p1a: Tornadus|Defog|p2a: Tapu Lele\n|-unboost|p2a: Tapu Lele|evasion|1\n|-sideend|p2: bsbqyll|Stealth Rock|[from] move: Defog|[of] p1a: Tornadus\n|-sideend|p1: FakeDragon|Toxic Spikes|[from] move: Defog|[of] p1a: Tornadus\n|-fieldend|move: Psychic Terrain\n|move|p2a: Tapu Lele|Thunderbolt|p1a: Tornadus\n|-supereffective|p1a: Tornadus\n|-damage|p1a: Tornadus|34\/100\n|\n|upkeep\n|turn|19\n|\n|t:|1699679708\n|move|p1a: Tornadus|U-turn|p2a: Tapu Lele\n|-damage|p2a: Tapu Lele|36\/100\n|\n|t:|1699679710\n|switch|p1a: Gliscor|Gliscor, F, shiny|100\/100 tox|[from] U-turn\n|move|p2a: Tapu Lele|Moonblast|p1a: Gliscor\n|-damage|p1a: Gliscor|61\/100 tox\n|\n|-heal|p1a: Gliscor|74\/100 tox|[from] ability: Poison Heal\n|upkeep\n|turn|20\n|\n|t:|1699679717\n|switch|p2a: Garchomp|Garchomp, M|70\/100\n|move|p1a: Gliscor|Roost|p1a: Gliscor\n|-heal|p1a: Gliscor|100\/100 tox\n|-singleturn|p1a: Gliscor|move: Roost\n|\n|upkeep\n|turn|21\n|\n|t:|1699679721\n|move|p2a: Garchomp|Outrage|p1a: Gliscor\n|-damage|p1a: Gliscor|52\/100 tox\n|move|p1a: Gliscor|Roost|p1a: Gliscor\n|-heal|p1a: Gliscor|100\/100 tox\n|-singleturn|p1a: Gliscor|move: Roost\n|\n|upkeep\n|turn|22\n|\n|t:|1699679724\n|move|p2a: Garchomp|Outrage|p1a: Gliscor|[from]lockedmove\n|-damage|p1a: Gliscor|50\/100 tox\n|-start|p2a: Garchomp|confusion|[fatigue]\n|move|p1a: Gliscor|Toxic|p2a: Garchomp\n|-status|p2a: Garchomp|tox\n|\n|-damage|p2a: Garchomp|64\/100 tox|[from] psn\n|-heal|p1a: Gliscor|62\/100 tox|[from] ability: Poison Heal\n|upkeep\n|turn|23\n|\n|t:|1699679732\n|switch|p2a: Tapu Lele|Tapu Lele|36\/100\n|-fieldstart|move: Psychic Terrain|[from] ability: Psychic Surge|[of] p2a: Tapu Lele\n|switch|p1a: Alomomola|Alomomola, F|100\/100\n|\n|upkeep\n|turn|24\n|\n|t:|1699679736\n|move|p1a: Alomomola|Protect|p1a: Alomomola\n|-singleturn|p1a: Alomomola|Protect\n|move|p2a: Tapu Lele|Psychic|p1a: Alomomola\n|-activate|p1a: Alomomola|move: Protect\n|\n|upkeep\n|turn|25\n|\n|t:|1699679742\n|switch|p2a: Sneasler|Sneasler, M|100\/100\n|-enditem|p2a: Sneasler|Psychic Seed\n|-boost|p2a: Sneasler|spd|1|[from] item: Psychic Seed\n|move|p1a: Alomomola|Toxic|p2a: Sneasler\n|-immune|p2a: Sneasler\n|\n|upkeep\n|turn|26\n|\n|t:|1699679747\n|move|p2a: Sneasler|Swords Dance|p2a: Sneasler\n|-boost|p2a: Sneasler|atk|2\n|move|p1a: Alomomola|Flip Turn|p2a: Sneasler\n|-damage|p2a: Sneasler|71\/100\n|\n|t:|1699679752\n|switch|p1a: Ferrothorn|Ferrothorn, F|13\/100|[from] Flip Turn\n|\n|-heal|p1a: Ferrothorn|19\/100|[from] item: Leftovers\n|upkeep\n|turn|27\n|\n|t:|1699679761\n|move|p2a: Sneasler|Acrobatics|p1a: Ferrothorn\n|-damage|p1a: Ferrothorn|0 fnt\n|-damage|p2a: Sneasler|59\/100|[from] ability: Iron Barbs|[of] p1a: Ferrothorn\n|faint|p1a: Ferrothorn\n|\n|-fieldend|move: Psychic Terrain\n|upkeep\n|\n|t:|1699679766\n|switch|p1a: Alomomola|Alomomola, F|100\/100\n|turn|28\n|\n|t:|1699679774\n|move|p2a: Sneasler|Swords Dance|p2a: Sneasler\n|-boost|p2a: Sneasler|atk|2\n|move|p1a: Alomomola|Flip Turn|p2a: Sneasler\n|-damage|p2a: Sneasler|30\/100\n|inactive|FakeDragon has 120 seconds left.\n|\n|t:|1699679828\n|switch|p1a: Ceruledge|Ceruledge, F|100\/100|[from] Flip Turn\n|\n|upkeep\n|turn|29\n|\n|t:|1699679831\n|move|p1a: Ceruledge|Shadow Sneak|p2a: Sneasler\n|-damage|p2a: Sneasler|0 fnt\n|faint|p2a: Sneasler\n|\n|upkeep\n|\n|t:|1699679839\n|switch|p2a: Garchomp|Garchomp, M|64\/100 tox\n|turn|30\n|\n|t:|1699679843\n|switch|p1a: Alomomola|Alomomola, F|100\/100\n|move|p2a: Garchomp|Outrage|p1a: Alomomola\n|-damage|p1a: Alomomola|60\/100\n|-damage|p2a: Garchomp|47\/100 tox|[from] item: Rocky Helmet|[of] p1a: Alomomola\n|\n|-damage|p2a: Garchomp|41\/100 tox|[from] psn\n|upkeep\n|turn|31\n|\n|t:|1699679847\n|move|p2a: Garchomp|Outrage|p1a: Alomomola|[from]lockedmove\n|-damage|p1a: Alomomola|17\/100\n|-damage|p2a: Garchomp|24\/100 tox|[from] item: Rocky Helmet|[of] p1a: Alomomola\n|move|p1a: Alomomola|Wish|p1a: Alomomola\n|\n|-damage|p2a: Garchomp|12\/100 tox|[from] psn\n|upkeep\n|turn|32\n|\n|t:|1699679863\n|switch|p1a: Gliscor|Gliscor, F, shiny|62\/100 tox\n|move|p2a: Garchomp|Outrage|p1a: Gliscor|[from]lockedmove\n|-damage|p1a: Gliscor|10\/100 tox\n|-start|p2a: Garchomp|confusion|[fatigue]\n|\n|-heal|p1a: Gliscor|77\/100 tox|[from] move: Wish|[wisher] Alomomola\n|-damage|p2a: Garchomp|0 fnt|[from] psn\n|faint|p2a: Garchomp\n|-heal|p1a: Gliscor|90\/100 tox|[from] ability: Poison Heal\n|upkeep\n|\n|t:|1699679868\n|switch|p2a: Iron Moth|Iron Moth|100\/100\n|-enditem|p2a: Iron Moth|Booster Energy\n|-activate|p2a: Iron Moth|ability: Quark Drive|[fromitem]\n|-start|p2a: Iron Moth|quarkdrivespe\n|turn|33\n|\n|t:|1699679873\n|move|p2a: Iron Moth|Fiery Dance|p1a: Gliscor\n|-damage|p1a: Gliscor|58\/100 tox\n|move|p1a: Gliscor|Earthquake|p2a: Iron Moth\n|-supereffective|p2a: Iron Moth\n|-damage|p2a: Iron Moth|0 fnt\n|faint|p2a: Iron Moth\n|-end|p2a: Iron Moth|Quark Drive|[silent]\n|\n|-heal|p1a: Gliscor|71\/100 tox|[from] ability: Poison Heal\n|upkeep\n|-message|bsbqyll forfeited.\n|\n|win|FakeDragon\n|raw|FakeDragon's rating: 1349 &rarr; <strong>1371<\/strong><br \/>(+22 for winning)\n|raw|bsbqyll's rating: 1380 &rarr; <strong>1358<\/strong><br \/>(-22 for losing)\n|l|\u2606bsbqyll\n|c|\u2606FakeDragon|gg\n","uploadtime":1699679882,"views":14,"p1id":"fakedragon","p2id":"bsbqyll","formatid":"gen9nationaldex","rating":1358,"private":0,"password":""}