{"id":"gen9nationaldex-1992430821","p1":"Ant_Kid-06","p2":"Tranquil08","format":"[Gen 9] National Dex","log":"|j|\u2606Ant_Kid-06\n|j|\u2606Tranquil08\n|t:|1700186718\n|gametype|singles\n|player|p1|Ant_Kid-06|1|1055\n|player|p2|Tranquil08|erika|1032\n|teamsize|p1|1\n|teamsize|p2|6\n|gen|9\n|tier|[Gen 9] National Dex\n|rated|\n|rule|HP Percentage Mod: HP is shown in percentages\n|rule|Endless Battle Clause: Forcing endless battles is banned\n|rule|OHKO Clause: OHKO moves are banned\n|rule|Evasion Clause: Evasion abilities, items, and moves are banned\n|rule|Evasion Abilities Clause: Evasion abilities are banned\n|rule|Evasion Items Clause: Evasion items are banned\n|rule|Evasion Moves Clause: Evasion moves are banned\n|rule|Species Clause: Limit one of each Pok\u00e9mon\n|rule|Sleep Clause Mod: Limit one foe put to sleep\n|clearpoke\n|poke|p1|Xurkitree|\n|poke|p2|Minior|\n|poke|p2|Mawile, F|\n|poke|p2|Galvantula, F|\n|poke|p2|Jynx, F|\n|poke|p2|Breloom, M|\n|poke|p2|Basculegion-F, F|\n|teampreview\n|inactive|Battle timer is ON: inactive players will automatically lose when time's up. (requested by Tranquil08)\n|\n|t:|1700186723\n|start\n|switch|p1a: ZapZap|Xurkitree|100\/100\n|switch|p2a: Galvantula|Galvantula, F|100\/100\n|turn|1\n|\n|t:|1700186729\n|-zpower|p1a: ZapZap\n|move|p1a: ZapZap|Z-Hypnosis|p2a: Galvantula|[anim]Hypnosis\n|-boost|p1a: ZapZap|spe|1|[zeffect]\n|-status|p2a: Galvantula|slp|[from] move: Hypnosis\n|cant|p2a: Galvantula|slp\n|\n|upkeep\n|turn|2\n|\n|t:|1700186740\n|-terastallize|p2a: Galvantula|Ground\n|move|p1a: ZapZap|Tail Glow|p1a: ZapZap\n|-boost|p1a: ZapZap|spa|3\n|-curestatus|p2a: Galvantula|slp|[msg]\n|move|p2a: Galvantula|Bug Buzz|p1a: ZapZap\n|-damage|p1a: ZapZap|35\/100\n|-damage|p2a: Galvantula|91\/100|[from] item: Life Orb\n|\n|upkeep\n|turn|3\n|c|\u2606Ant_Kid-06|da,mn\n|\n|t:|1700186748\n|move|p1a: ZapZap|Energy Ball|p2a: Galvantula\n|-supereffective|p2a: Galvantula\n|-damage|p2a: Galvantula|0 fnt\n|faint|p2a: Galvantula\n|-ability|p1a: ZapZap|Beast Boost|boost\n|-boost|p1a: ZapZap|spa|1\n|\n|upkeep\n|\n|t:|1700186758\n|switch|p2a: Minior|Minior|100\/100\n|-formechange|p2a: Minior|Minior-Meteor||[from] ability: Shields Down\n|turn|4\n|\n|t:|1700186765\n|move|p1a: ZapZap|Energy Ball|p2a: Minior\n|-damage|p2a: Minior|0 fnt\n|faint|p2a: Minior\n|-ability|p1a: ZapZap|Beast Boost|boost\n|-boost|p1a: ZapZap|spa|1\n|\n|upkeep\n|\n|t:|1700186777\n|switch|p2a: Jynx|Jynx, F, shiny|100\/100\n|turn|5\n|\n|t:|1700186781\n|move|p1a: ZapZap|Thunderbolt|p2a: Jynx\n|-damage|p2a: Jynx|0 fnt\n|faint|p2a: Jynx\n|-ability|p1a: ZapZap|Beast Boost|boost\n|-boost|p1a: ZapZap|spa|1\n|\n|upkeep\n|\n|t:|1700186786\n|switch|p2a: Breloom|Breloom, M, shiny|100\/100\n|turn|6\n|\n|t:|1700186792\n|move|p1a: ZapZap|Thunderbolt|p2a: Breloom\n|-resisted|p2a: Breloom\n|-damage|p2a: Breloom|0 fnt\n|faint|p2a: Breloom\n|\n|upkeep\n|\n|t:|1700186794\n|switch|p2a: Mawile|Mawile, F|100\/100\n|turn|7\n|\n|t:|1700186796\n|move|p1a: ZapZap|Thunderbolt|p2a: Mawile\n|-crit|p2a: Mawile\n|-damage|p2a: Mawile|0 fnt\n|faint|p2a: Mawile\n|\n|upkeep\n|\n|t:|1700186797\n|switch|p2a: Basculegion|Basculegion-F, F, shiny|100\/100\n|turn|8\n|\n|t:|1700186802\n|move|p1a: ZapZap|Thunderbolt|p2a: Basculegion\n|-supereffective|p2a: Basculegion\n|-damage|p2a: Basculegion|0 fnt\n|faint|p2a: Basculegion\n|\n|win|Ant_Kid-06\n|raw|Ant_Kid-06's rating: 1055 &rarr; <strong>1085<\/strong><br \/>(+30 for winning)\n|raw|Tranquil08's rating: 1032 &rarr; <strong>1018<\/strong><br \/>(-14 for losing)\n|l|\u2606Tranquil08\n","uploadtime":1700186808,"views":15,"p1id":"antkid06","p2id":"tranquil08","formatid":"gen9nationaldex","rating":1018,"private":0,"password":""}