{"id":"gen9nationaldex-1993266355","p1":"mtyqjltz6","p2":"Indie Pro","format":"[Gen 9] National Dex","log":"|j|\u2606mtyqjltz6\n|j|\u2606Indie Pro\n|t:|1700286892\n|gametype|singles\n|player|p1|mtyqjltz6|elesa|1091\n|player|p2|Indie Pro|lucas|1087\n|teamsize|p1|6\n|teamsize|p2|6\n|gen|9\n|tier|[Gen 9] National Dex\n|rated|\n|rule|HP Percentage Mod: HP is shown in percentages\n|rule|Endless Battle Clause: Forcing endless battles is banned\n|rule|OHKO Clause: OHKO moves are banned\n|rule|Evasion Clause: Evasion abilities, items, and moves are banned\n|rule|Evasion Abilities Clause: Evasion abilities are banned\n|rule|Evasion Items Clause: Evasion items are banned\n|rule|Evasion Moves Clause: Evasion moves are banned\n|rule|Species Clause: Limit one of each Pok\u00e9mon\n|rule|Sleep Clause Mod: Limit one foe put to sleep\n|clearpoke\n|poke|p1|Raticate, M|\n|poke|p1|Slowking-Galar, M|\n|poke|p1|Diancie|\n|poke|p1|Rillaboom, M|\n|poke|p1|Zapdos|\n|poke|p1|Blacephalon|\n|poke|p2|Aegislash, M|\n|poke|p2|Blaziken, F|\n|poke|p2|Kartana|\n|poke|p2|Garchomp, M|\n|poke|p2|Grimmsnarl, M|\n|poke|p2|Charizard, M|\n|teampreview\n|inactive|Battle timer is ON: inactive players will automatically lose when time's up. (requested by mtyqjltz6)\n|\n|t:|1700286915\n|start\n|switch|p1a: Diancie|Diancie, shiny|100\/100\n|switch|p2a: Aegislash|Aegislash, M|100\/100\n|turn|1\n|\n|t:|1700286921\n|switch|p1a: Zapdos|Zapdos|100\/100\n|-formechange|p2a: Aegislash|Aegislash-Blade||[from] ability: Stance Change\n|move|p2a: Aegislash|Iron Head|p1a: Zapdos\n|-resisted|p1a: Zapdos\n|-crit|p1a: Zapdos\n|-damage|p1a: Zapdos|73\/100\n|\n|upkeep\n|turn|2\n|\n|t:|1700286932\n|-formechange|p2a: Aegislash|Aegislash||[from] ability: Stance Change\n|move|p2a: Aegislash|King's Shield|p2a: Aegislash\n|-singleturn|p2a: Aegislash|Protect\n|move|p1a: Zapdos|Volt Switch|p2a: Aegislash\n|-activate|p2a: Aegislash|move: Protect\n|\n|upkeep\n|turn|3\n|inactive|mtyqjltz6 has 120 seconds left.\n|\n|t:|1700286964\n|switch|p1a: Rillaboom|Rillaboom, M|100\/100\n|-fieldstart|move: Grassy Terrain|[from] ability: Grassy Surge|[of] p1a: Rillaboom\n|-formechange|p2a: Aegislash|Aegislash-Blade||[from] ability: Stance Change\n|move|p2a: Aegislash|Iron Head|p1a: Rillaboom\n|-damage|p1a: Rillaboom|49\/100\n|\n|-heal|p1a: Rillaboom|56\/100|[from] Grassy Terrain\n|upkeep\n|turn|4\n|inactive|mtyqjltz6 has 120 seconds left.\n|\n|t:|1700286986\n|switch|p1a: Zapdos|Zapdos|73\/100\n|move|p2a: Aegislash|Sacred Sword|p1a: Zapdos\n|-resisted|p1a: Zapdos\n|-damage|p1a: Zapdos|60\/100\n|-status|p2a: Aegislash|par|[from] ability: Static|[of] p1a: Zapdos\n|\n|upkeep\n|turn|5\n|\n|t:|1700286994\n|move|p1a: Zapdos|Roost|p1a: Zapdos\n|-heal|p1a: Zapdos|100\/100\n|-singleturn|p1a: Zapdos|move: Roost\n|move|p2a: Aegislash|Iron Head|p1a: Zapdos\n|-resisted|p1a: Zapdos\n|-damage|p1a: Zapdos|83\/100\n|\n|-heal|p1a: Zapdos|90\/100|[from] Grassy Terrain\n|upkeep\n|turn|6\n|\n|t:|1700287002\n|move|p2a: Aegislash|Shadow Sneak|p1a: Zapdos\n|-damage|p1a: Zapdos|73\/100\n|move|p1a: Zapdos|Volt Switch|p2a: Aegislash\n|-damage|p2a: Aegislash|45\/100 par\n|-enditem|p2a: Aegislash|Sitrus Berry|[eat]\n|-heal|p2a: Aegislash|70\/100 par|[from] item: Sitrus Berry\n|inactive|mtyqjltz6 has 120 seconds left.\n|\n|t:|1700287029\n|switch|p1a: Rillaboom|Rillaboom, M|56\/100|[from] Volt Switch\n|\n|-heal|p1a: Rillaboom|62\/100|[from] Grassy Terrain\n|-heal|p2a: Aegislash|76\/100 par|[from] Grassy Terrain\n|upkeep\n|turn|7\n|\n|t:|1700287040\n|move|p1a: Rillaboom|Knock Off|p2a: Aegislash\n|-supereffective|p2a: Aegislash\n|-damage|p2a: Aegislash|0 fnt\n|faint|p2a: Aegislash\n|\n|-heal|p1a: Rillaboom|68\/100|[from] Grassy Terrain\n|-fieldend|move: Grassy Terrain\n|upkeep\n|c|\u2606Indie Pro|GOOD GAME\n|\n|t:|1700287046\n|switch|p2a: Blaziken|Blaziken, F|100\/100\n|turn|8\n|\n|t:|1700287051\n|switch|p1a: Zapdos|Zapdos|73\/100\n|move|p2a: Blaziken|Swords Dance|p2a: Blaziken\n|-boost|p2a: Blaziken|atk|2\n|\n|-ability|p2a: Blaziken|Speed Boost|boost\n|-boost|p2a: Blaziken|spe|1\n|upkeep\n|turn|9\n|\n|t:|1700287060\n|move|p2a: Blaziken|Blaze Kick|p1a: Zapdos\n|-damage|p1a: Zapdos|13\/100\n|-status|p2a: Blaziken|par|[from] ability: Static|[of] p1a: Zapdos\n|move|p1a: Zapdos|Hurricane|p2a: Blaziken\n|-supereffective|p2a: Blaziken\n|-damage|p2a: Blaziken|0 fnt\n|faint|p2a: Blaziken\n|\n|upkeep\n|\n|t:|1700287071\n|switch|p2a: Garchomp|Garchomp, M|100\/100\n|turn|10\n|\n|t:|1700287086\n|move|p2a: Garchomp|Swords Dance|p2a: Garchomp\n|-boost|p2a: Garchomp|atk|2\n|move|p1a: Zapdos|Hurricane|p2a: Garchomp\n|-damage|p2a: Garchomp|52\/100\n|\n|upkeep\n|turn|11\n|\n|t:|1700287099\n|switch|p1a: Diancie|Diancie, shiny|100\/100\n|move|p2a: Garchomp|Outrage|p1a: Diancie\n|-immune|p1a: Diancie\n|\n|upkeep\n|turn|12\n|\n|t:|1700287108\n|detailschange|p1a: Diancie|Diancie-Mega, shiny\n|-mega|p1a: Diancie|Diancie|Diancite\n|move|p1a: Diancie|Stealth Rock|p2a: Garchomp\n|-sidestart|p2: Indie Pro|move: Stealth Rock\n|move|p2a: Garchomp|Earthquake|p1a: Diancie\n|-supereffective|p1a: Diancie\n|-damage|p1a: Diancie|0 fnt\n|faint|p1a: Diancie\n|-damage|p2a: Garchomp|42\/100|[from] item: Life Orb\n|\n|upkeep\n|\n|t:|1700287128\n|switch|p1a: Blacephalon|Blacephalon|100\/100\n|turn|13\n|\n|t:|1700287131\n|move|p1a: Blacephalon|Shadow Ball|p2a: Garchomp\n|-damage|p2a: Garchomp|0 fnt\n|faint|p2a: Garchomp\n|-ability|p1a: Blacephalon|Beast Boost|boost\n|-boost|p1a: Blacephalon|spa|1\n|\n|upkeep\n|\n|t:|1700287137\n|switch|p2a: Grimmsnarl|Grimmsnarl, M, shiny|100\/100\n|-damage|p2a: Grimmsnarl|88\/100|[from] Stealth Rock\n|turn|14\n|\n|t:|1700287149\n|switch|p1a: Slowking|Slowking-Galar, M, shiny|100\/100\n|switch|p2a: Kartana|Kartana|100\/100\n|-damage|p2a: Kartana|94\/100|[from] Stealth Rock\n|\n|upkeep\n|turn|15\n|\n|t:|1700287163\n|move|p2a: Kartana|X-Scissor|p1a: Slowking\n|-damage|p1a: Slowking|61\/100\n|move|p1a: Slowking|Thunder Wave|p2a: Kartana\n|-status|p2a: Kartana|par\n|\n|upkeep\n|turn|16\n|\n|t:|1700287173\n|move|p2a: Kartana|X-Scissor|p1a: Slowking\n|-damage|p1a: Slowking|18\/100\n|move|p1a: Slowking|Chilly Reception|p1a: Slowking\n|-weather|Snow\n|\n|t:|1700287178\n|switch|p1a: Blacephalon|Blacephalon|100\/100|[from] Chilly Reception\n|\n|-weather|Snow|[upkeep]\n|upkeep\n|turn|17\n|\n|t:|1700287193\n|switch|p2a: Charizard|Charizard, M, shiny|100\/100\n|-damage|p2a: Charizard|51\/100|[from] Stealth Rock\n|move|p1a: Blacephalon|Flamethrower|p2a: Charizard\n|-resisted|p2a: Charizard\n|-damage|p2a: Charizard|18\/100\n|\n|-weather|Snow|[upkeep]\n|upkeep\n|turn|18\n|\n|t:|1700287204\n|detailschange|p2a: Charizard|Charizard-Mega-X, M, shiny\n|-mega|p2a: Charizard|Charizard|Charizardite X\n|move|p1a: Blacephalon|Flamethrower|p2a: Charizard\n|-resisted|p2a: Charizard\n|-damage|p2a: Charizard|4\/100\n|move|p2a: Charizard|Outrage|p1a: Blacephalon\n|-damage|p1a: Blacephalon|0 fnt\n|faint|p1a: Blacephalon\n|\n|-weather|Snow|[upkeep]\n|upkeep\n|inactive|mtyqjltz6 has 120 seconds left.\n|\n|t:|1700287253\n|switch|p1a: Raticate|Raticate, M|100\/100\n|turn|19\n|\n|t:|1700287258\n|move|p1a: Raticate|Sucker Punch|p2a: Charizard\n|-damage|p2a: Charizard|0 fnt\n|faint|p2a: Charizard\n|\n|-weather|Snow|[upkeep]\n|-status|p1a: Raticate|brn|[from] item: Flame Orb\n|upkeep\n|\n|t:|1700287268\n|switch|p2a: Kartana|Kartana|94\/100 par\n|-damage|p2a: Kartana|88\/100 par|[from] Stealth Rock\n|turn|20\n|inactive|mtyqjltz6 has 120 seconds left.\n|\n|t:|1700287278\n|move|p1a: Raticate|U-turn|p2a: Kartana\n|-damage|p2a: Kartana|62\/100 par\n|\n|t:|1700287280\n|switch|p1a: Slowking|Slowking-Galar, M, shiny|51\/100|[from] U-turn\n|move|p2a: Kartana|Sacred Sword|p1a: Slowking\n|-resisted|p1a: Slowking\n|-damage|p1a: Slowking|39\/100\n|\n|-weather|none\n|upkeep\n|turn|21\n|inactive|mtyqjltz6 has 120 seconds left.\n|\n|t:|1700287298\n|cant|p2a: Kartana|par\n|move|p1a: Slowking|Future Sight|p2a: Kartana\n|-start|p1a: Slowking|move: Future Sight\n|\n|upkeep\n|turn|22\n|c|\u2606Indie Pro|............................................................................................................................................................................................................................................................................................................................................................................\n|\n|t:|1700287307\n|move|p2a: Kartana|X-Scissor|p1a: Slowking\n|-damage|p1a: Slowking|1\/100\n|move|p1a: Slowking|Chilly Reception|p1a: Slowking\n|-weather|Snow\n|inactive|mtyqjltz6 has 120 seconds left.\n|\n|t:|1700287337\n|switch|p1a: Raticate|Raticate, M|100\/100 brn|[from] Chilly Reception\n|\n|-weather|Snow|[upkeep]\n|-damage|p1a: Raticate|95\/100 brn|[from] brn\n|upkeep\n|turn|23\n|\n|t:|1700287348\n|-terastallize|p1a: Raticate|Normal\n|move|p1a: Raticate|Facade|p2a: Kartana\n|-resisted|p2a: Kartana\n|-damage|p2a: Kartana|14\/100 par\n|move|p2a: Kartana|Sacred Sword|p1a: Raticate\n|-supereffective|p1a: Raticate\n|-damage|p1a: Raticate|0 fnt\n|faint|p1a: Raticate\n|-ability|p2a: Kartana|Beast Boost|boost\n|-boost|p2a: Kartana|atk|1\n|\n|-weather|Snow|[upkeep]\n|-end|p2a: Kartana|move: Future Sight\n|-resisted|p2a: Kartana\n|-damage|p2a: Kartana|0 fnt\n|faint|p2a: Kartana\n|upkeep\n|\n|t:|1700287362\n|switch|p1a: Rillaboom|Rillaboom, M|68\/100\n|switch|p2a: Grimmsnarl|Grimmsnarl, M, shiny|88\/100\n|-fieldstart|move: Grassy Terrain|[from] ability: Grassy Surge|[of] p1a: Rillaboom\n|-damage|p2a: Grimmsnarl|76\/100|[from] Stealth Rock\n|turn|24\n|-message|Indie Pro forfeited.\n|\n|win|mtyqjltz6\n|raw|mtyqjltz6's rating: 1091 &rarr; <strong>1117<\/strong><br \/>(+26 for winning)\n|raw|Indie Pro's rating: 1087 &rarr; <strong>1064<\/strong><br \/>(-23 for losing)\n|l|\u2606Indie Pro\n","uploadtime":1700287378,"views":11,"p1id":"mtyqjltz6","p2id":"indiepro","formatid":"gen9nationaldex","rating":1064,"private":0,"password":""}