{"id":"gen9nationaldex-1993358678","p1":"mcklemmeglad","p2":"Genshin21","format":"[Gen 9] National Dex","log":"|j|\u2606mcklemmeglad\n|j|\u2606Genshin21\n|t:|1700305466\n|gametype|singles\n|player|p1|mcklemmeglad|ninjaboy|1228\n|player|p2|Genshin21|depotagent|1279\n|teamsize|p1|6\n|teamsize|p2|6\n|gen|9\n|tier|[Gen 9] National Dex\n|rated|\n|rule|HP Percentage Mod: HP is shown in percentages\n|rule|Endless Battle Clause: Forcing endless battles is banned\n|rule|OHKO Clause: OHKO moves are banned\n|rule|Evasion Clause: Evasion abilities, items, and moves are banned\n|rule|Evasion Abilities Clause: Evasion abilities are banned\n|rule|Evasion Items Clause: Evasion items are banned\n|rule|Evasion Moves Clause: Evasion moves are banned\n|rule|Species Clause: Limit one of each Pok\u00e9mon\n|rule|Sleep Clause Mod: Limit one foe put to sleep\n|clearpoke\n|poke|p1|Aron, L1, F|\n|poke|p1|Bronzong|\n|poke|p1|Slowking-Galar, F|\n|poke|p1|Dhelmise|\n|poke|p1|Snorlax, F|\n|poke|p1|Tyranitar, M|\n|poke|p2|Excadrill, M|\n|poke|p2|Volcarona, M|\n|poke|p2|Galvantula, F|\n|poke|p2|Tyranitar, F|\n|poke|p2|Slowbro, F|\n|poke|p2|Ninetales-Alola, F|\n|teampreview\n|inactive|Battle timer is ON: inactive players will automatically lose when time's up. (requested by Genshin21)\n|inactive|mcklemmeglad has 120 seconds left.\n|inactive|mcklemmeglad has 90 seconds left.\n|\n|t:|1700305537\n|start\n|switch|p1a: Dhelmise|Dhelmise|100\/100\n|switch|p2a: Slowbro|Slowbro, F|100\/100\n|turn|1\n|\n|t:|1700305558\n|-terastallize|p2a: Slowbro|Dragon\n|move|p1a: Dhelmise|Poltergeist|p2a: Slowbro\n|-activate|p2a: Slowbro|move: Poltergeist|Rocky Helmet\n|-damage|p2a: Slowbro|47\/100\n|move|p2a: Slowbro|Toxic|p1a: Dhelmise\n|-status|p1a: Dhelmise|tox\n|\n|-damage|p1a: Dhelmise|94\/100 tox|[from] psn\n|upkeep\n|turn|2\n|\n|t:|1700305576\n|switch|p2a: Galvantula|Galvantula, F|100\/100\n|move|p1a: Dhelmise|Anchor Shot|p2a: Galvantula\n|-resisted|p2a: Galvantula\n|-damage|p2a: Galvantula|59\/100\n|-activate|p2a: Galvantula|trapped\n|\n|-heal|p1a: Dhelmise|100\/100 tox|[from] item: Leftovers\n|-damage|p1a: Dhelmise|88\/100 tox|[from] psn\n|upkeep\n|turn|3\n|inactive|mcklemmeglad has 120 seconds left.\n|\n|t:|1700305607\n|move|p2a: Galvantula|Sticky Web|p1a: Dhelmise\n|-sidestart|p1: mcklemmeglad|move: Sticky Web\n|move|p1a: Dhelmise|Poltergeist|p2a: Galvantula\n|-activate|p2a: Galvantula|move: Poltergeist|Focus Sash\n|-damage|p2a: Galvantula|0 fnt\n|faint|p2a: Galvantula\n|\n|-heal|p1a: Dhelmise|94\/100 tox|[from] item: Leftovers\n|-damage|p1a: Dhelmise|76\/100 tox|[from] psn\n|upkeep\n|\n|t:|1700305613\n|switch|p2a: Volcarona|Volcarona, M|100\/100\n|turn|4\n|inactive|mcklemmeglad has 90 seconds left.\n|\n|t:|1700305658\n|switch|p2a: Slowbro|Slowbro, F, tera:Dragon|80\/100\n|switch|p1a: Tyranitar|Tyranitar, M|100\/100\n|-activate|p1a: Tyranitar|move: Sticky Web\n|-unboost|p1a: Tyranitar|spe|1\n|-weather|Sandstorm|[from] ability: Sand Stream|[of] p1a: Tyranitar\n|\n|-weather|Sandstorm|[upkeep]\n|-damage|p2a: Slowbro|74\/100|[from] Sandstorm\n|upkeep\n|turn|5\n|\n|t:|1700305666\n|move|p2a: Slowbro|Toxic|p1a: Tyranitar\n|-status|p1a: Tyranitar|tox\n|move|p1a: Tyranitar|Stealth Rock|p2a: Slowbro\n|-sidestart|p2: Genshin21|move: Stealth Rock\n|\n|-weather|Sandstorm|[upkeep]\n|-damage|p2a: Slowbro|68\/100|[from] Sandstorm\n|-damage|p1a: Tyranitar|94\/100 tox|[from] psn\n|upkeep\n|turn|6\n|\n|t:|1700305674\n|switch|p1a: Dhelmise|Dhelmise|76\/100 tox\n|-activate|p1a: Dhelmise|move: Sticky Web\n|-unboost|p1a: Dhelmise|spe|1\n|move|p2a: Slowbro|Teleport|p2a: Slowbro\n|\n|t:|1700305679\n|switch|p2a: Volcarona|Volcarona, M|100\/100|[from] Teleport\n|\n|-weather|Sandstorm|[upkeep]\n|-damage|p2a: Volcarona|94\/100|[from] Sandstorm\n|-damage|p1a: Dhelmise|70\/100 tox|[from] Sandstorm\n|-heal|p1a: Dhelmise|76\/100 tox|[from] item: Leftovers\n|-damage|p1a: Dhelmise|70\/100 tox|[from] psn\n|upkeep\n|turn|7\n|inactive|mcklemmeglad has 90 seconds left.\n|\n|t:|1700305701\n|switch|p1a: Tyranitar|Tyranitar, M|94\/100 tox\n|-activate|p1a: Tyranitar|move: Sticky Web\n|-unboost|p1a: Tyranitar|spe|1\n|move|p2a: Volcarona|Fiery Dance|p1a: Tyranitar\n|-resisted|p1a: Tyranitar\n|-damage|p1a: Tyranitar|88\/100 tox\n|-boost|p2a: Volcarona|spa|1\n|\n|-weather|Sandstorm|[upkeep]\n|-damage|p2a: Volcarona|88\/100|[from] Sandstorm\n|-damage|p1a: Tyranitar|81\/100 tox|[from] psn\n|upkeep\n|turn|8\n|inactive|mcklemmeglad has 90 seconds left.\n|\n|t:|1700305718\n|move|p2a: Volcarona|Giga Drain|p1a: Tyranitar\n|-supereffective|p1a: Tyranitar\n|-damage|p1a: Tyranitar|54\/100 tox\n|-heal|p2a: Volcarona|100\/100|[from] drain|[of] p1a: Tyranitar\n|move|p1a: Tyranitar|Dragon Tail|p2a: Volcarona\n|-damage|p2a: Volcarona|81\/100\n|drag|p2a: Tyranitar|Tyranitar, F|100\/100\n|-damage|p2a: Tyranitar|88\/100|[from] Stealth Rock\n|\n|-weather|Sandstorm|[upkeep]\n|-damage|p1a: Tyranitar|42\/100 tox|[from] psn\n|upkeep\n|turn|9\n|\n|t:|1700305744\n|switch|p1a: Dhelmise|Dhelmise|70\/100 tox\n|-activate|p1a: Dhelmise|move: Sticky Web\n|-unboost|p1a: Dhelmise|spe|1\n|move|p2a: Tyranitar|Earthquake|p1a: Dhelmise\n|-resisted|p1a: Dhelmise\n|-damage|p1a: Dhelmise|52\/100 tox\n|\n|-weather|Sandstorm|[upkeep]\n|-damage|p1a: Dhelmise|46\/100 tox|[from] Sandstorm\n|-heal|p1a: Dhelmise|52\/100 tox|[from] item: Leftovers\n|-damage|p1a: Dhelmise|46\/100 tox|[from] psn\n|upkeep\n|turn|10\n|\n|t:|1700305751\n|move|p2a: Tyranitar|Crunch|p1a: Dhelmise\n|-supereffective|p1a: Dhelmise\n|-damage|p1a: Dhelmise|0 fnt\n|faint|p1a: Dhelmise\n|\n|-weather|Sandstorm|[upkeep]\n|upkeep\n|inactive|mcklemmeglad has 60 seconds left.\n|\n|t:|1700305773\n|switch|p1a: Bronzong|Bronzong|100\/100\n|turn|11\n|\n|t:|1700305777\n|-terastallize|p1a: Bronzong|Electric\n|move|p2a: Tyranitar|Crunch|p1a: Bronzong\n|-damage|p1a: Bronzong|73\/100\n|move|p1a: Bronzong|Body Press|p2a: Tyranitar\n|-supereffective|p2a: Tyranitar\n|-damage|p2a: Tyranitar|0 fnt\n|faint|p2a: Tyranitar\n|\n|-weather|none\n|-heal|p1a: Bronzong|79\/100|[from] item: Leftovers\n|upkeep\n|\n|t:|1700305780\n|switch|p2a: Excadrill|Excadrill, M|100\/100\n|-damage|p2a: Excadrill|97\/100|[from] Stealth Rock\n|-ability|p2a: Excadrill|Mold Breaker\n|turn|12\n|inactive|mcklemmeglad has 60 seconds left.\n|\n|t:|1700305815\n|switch|p1a: Tyranitar|Tyranitar, M|42\/100 tox\n|-activate|p1a: Tyranitar|move: Sticky Web\n|-unboost|p1a: Tyranitar|spe|1\n|-weather|Sandstorm|[from] ability: Sand Stream|[of] p1a: Tyranitar\n|move|p2a: Excadrill|Earthquake|p1a: Tyranitar\n|-supereffective|p1a: Tyranitar\n|-damage|p1a: Tyranitar|0 fnt\n|faint|p1a: Tyranitar\n|\n|-weather|Sandstorm|[upkeep]\n|upkeep\n|\n|t:|1700305835\n|switch|p1a: Snorlax|Snorlax, F|100\/100\n|-activate|p1a: Snorlax|move: Sticky Web\n|-unboost|p1a: Snorlax|spe|1\n|turn|13\n|\n|t:|1700305840\n|switch|p2a: Slowbro|Slowbro, F, tera:Dragon|100\/100\n|-damage|p2a: Slowbro|88\/100|[from] Stealth Rock\n|-zpower|p1a: Snorlax\n|move|p1a: Snorlax|Z-Happy Hour|p1a: Snorlax|[anim]Happy Hour\n|-boost|p1a: Snorlax|atk|1|[zeffect]\n|-boost|p1a: Snorlax|def|1|[zeffect]\n|-boost|p1a: Snorlax|spa|1|[zeffect]\n|-boost|p1a: Snorlax|spd|1|[zeffect]\n|-boost|p1a: Snorlax|spe|1|[zeffect]\n|\n|-weather|Sandstorm|[upkeep]\n|-damage|p2a: Slowbro|82\/100|[from] Sandstorm\n|-damage|p1a: Snorlax|94\/100|[from] Sandstorm\n|upkeep\n|turn|14\n|\n|t:|1700305848\n|move|p1a: Snorlax|Last Resort|p2a: Slowbro\n|-damage|p2a: Slowbro|3\/100\n|-damage|p1a: Snorlax|78\/100|[from] item: Rocky Helmet|[of] p2a: Slowbro\n|move|p2a: Slowbro|Toxic|p1a: Snorlax\n|-status|p1a: Snorlax|tox\n|\n|-weather|Sandstorm|[upkeep]\n|-damage|p2a: Slowbro|0 fnt|[from] Sandstorm\n|-damage|p1a: Snorlax|72\/100 tox|[from] Sandstorm\n|faint|p2a: Slowbro\n|-damage|p1a: Snorlax|66\/100 tox|[from] psn\n|upkeep\n|\n|t:|1700305853\n|switch|p2a: Ivory|Ninetales-Alola, F|100\/100\n|-damage|p2a: Ivory|76\/100|[from] Stealth Rock\n|-weather|Snow|[from] ability: Snow Warning|[of] p2a: Ivory\n|turn|15\n|inactive|mcklemmeglad has 60 seconds left.\n|inactive|mcklemmeglad has 30 seconds left.\n|inactive|mcklemmeglad has 20 seconds left.\n|\n|t:|1700305899\n|move|p2a: Ivory|Aurora Veil|p2a: Ivory\n|-sidestart|p2: Genshin21|move: Aurora Veil\n|move|p1a: Snorlax|Last Resort|p2a: Ivory\n|-damage|p2a: Ivory|25\/100\n|\n|-weather|Snow|[upkeep]\n|-damage|p1a: Snorlax|53\/100 tox|[from] psn\n|upkeep\n|turn|16\n|inactive|mcklemmeglad has 30 seconds left this turn.\n|\n|t:|1700305904\n|-zpower|p2a: Ivory\n|move|p2a: Ivory|Subzero Slammer|p1a: Snorlax|[zeffect]\n|-damage|p1a: Snorlax|42\/100 tox\n|move|p1a: Snorlax|Last Resort|p2a: Ivory\n|-damage|p2a: Ivory|0 fnt\n|faint|p2a: Ivory\n|\n|-weather|Snow|[upkeep]\n|-damage|p1a: Snorlax|24\/100 tox|[from] psn\n|upkeep\n|\n|t:|1700305910\n|switch|p2a: Volcarona|Volcarona, M|81\/100\n|turn|17\n|\n|t:|1700305922\n|move|p2a: Volcarona|Fiery Dance|p1a: Snorlax\n|-damage|p1a: Snorlax|18\/100 tox\n|move|p1a: Snorlax|Last Resort|p2a: Volcarona\n|-damage|p2a: Volcarona|28\/100\n|\n|-weather|Snow|[upkeep]\n|-damage|p1a: Snorlax|0 fnt|[from] psn\n|faint|p1a: Snorlax\n|upkeep\n|inactiveoff|Battle timer is now OFF.\n|c|\u2606Genshin21|Ggwp.\n|\n|t:|1700305947\n|switch|p1a: Bronzong|Bronzong, tera:Electric|79\/100\n|turn|18\n|\n|t:|1700305949\n|move|p2a: Volcarona|Fiery Dance|p1a: Bronzong\n|-damage|p1a: Bronzong|45\/100\n|move|p1a: Bronzong|Iron Defense|p1a: Bronzong\n|-boost|p1a: Bronzong|def|2\n|\n|-weather|Snow|[upkeep]\n|-heal|p1a: Bronzong|51\/100|[from] item: Leftovers\n|upkeep\n|turn|19\n|\n|t:|1700305957\n|move|p2a: Volcarona|Quiver Dance|p2a: Volcarona\n|-boost|p2a: Volcarona|spa|1\n|-boost|p2a: Volcarona|spd|1\n|-boost|p2a: Volcarona|spe|1\n|move|p1a: Bronzong|Body Press|p2a: Volcarona\n|-resisted|p2a: Volcarona\n|-damage|p2a: Volcarona|11\/100\n|\n|-weather|none\n|-heal|p1a: Bronzong|58\/100|[from] item: Leftovers\n|-sideend|p2: Genshin21|move: Aurora Veil\n|upkeep\n|turn|20\n|\n|t:|1700305959\n|move|p2a: Volcarona|Giga Drain|p1a: Bronzong\n|-damage|p1a: Bronzong|27\/100\n|-heal|p2a: Volcarona|28\/100|[from] drain|[of] p1a: Bronzong\n|move|p1a: Bronzong|Body Press|p2a: Volcarona\n|-resisted|p2a: Volcarona\n|-damage|p2a: Volcarona|0 fnt\n|faint|p2a: Volcarona\n|\n|-heal|p1a: Bronzong|33\/100|[from] item: Leftovers\n|upkeep\n|\n|t:|1700305963\n|switch|p2a: Excadrill|Excadrill, M|97\/100\n|-damage|p2a: Excadrill|94\/100|[from] Stealth Rock\n|-ability|p2a: Excadrill|Mold Breaker\n|turn|21\n|\n|t:|1700305975\n|move|p2a: Excadrill|Earthquake|p1a: Bronzong\n|-supereffective|p1a: Bronzong\n|-damage|p1a: Bronzong|0 fnt\n|faint|p1a: Bronzong\n|\n|upkeep\n|c|\u2606Genshin21|!dt mold breaker\n|raw|<ul class=\"utilichart\"><li class=\"result\"><span class=\"col namecol\"><a href=\"https:\/\/dex.pokemonshowdown.com\/abilities\/moldbreaker\">Mold Breaker<\/a><\/span> <span class=\"col abilitydesccol\">This Pokemon's moves and their effects ignore the Abilities of other Pokemon.<\/span> <\/li><li style=\"clear:both\"><\/li><\/ul>\n|raw|<font size=\"1\"><font color=\"#686868\">Gen:<\/font> 4<\/font>\n\n|\n|t:|1700306001\n|switch|p1a: Slowking|Slowking-Galar, F|100\/100\n|-activate|p1a: Slowking|move: Sticky Web\n|-unboost|p1a: Slowking|spe|1\n|turn|22\n|-message|mcklemmeglad forfeited.\n|\n|win|Genshin21\n|raw|mcklemmeglad's rating: 1228 &rarr; <strong>1207<\/strong><br \/>(-21 for losing)\n|raw|Genshin21's rating: 1279 &rarr; <strong>1300<\/strong><br \/>(+21 for winning)\n|l|\u2606mcklemmeglad\n|l|\u2606Genshin21\n|j|\u2606Genshin21\n|player|p2|Genshin21|depotagent\n","uploadtime":1700306017,"views":28,"p1id":"mcklemmeglad","p2id":"genshin21","formatid":"gen9nationaldex","rating":1207,"private":0,"password":""}