{"id":"gen9nationaldex-1993310952","p1":"buzhouliumo","p2":"Team noxious","format":"[Gen 9] National Dex","log":"|j|\u2606buzhouliumo\n|j|\u2606Team noxious\n|t:|1700295636\n|gametype|singles\n|player|p1|buzhouliumo|cynthia|1262\n|player|p2|Team noxious|chuck|1153\n|teamsize|p1|6\n|teamsize|p2|6\n|gen|9\n|tier|[Gen 9] National Dex\n|rated|\n|rule|HP Percentage Mod: HP is shown in percentages\n|rule|Endless Battle Clause: Forcing endless battles is banned\n|rule|OHKO Clause: OHKO moves are banned\n|rule|Evasion Clause: Evasion abilities, items, and moves are banned\n|rule|Evasion Abilities Clause: Evasion abilities are banned\n|rule|Evasion Items Clause: Evasion items are banned\n|rule|Evasion Moves Clause: Evasion moves are banned\n|rule|Species Clause: Limit one of each Pok\u00e9mon\n|rule|Sleep Clause Mod: Limit one foe put to sleep\n|clearpoke\n|poke|p1|Garchomp, F|\n|poke|p1|Ferrothorn, M|\n|poke|p1|Greninja-*, M|\n|poke|p1|Moltres|\n|poke|p1|Slowking-Galar, F|\n|poke|p1|Keldeo-Resolute|\n|poke|p2|Banette, F|\n|poke|p2|Rillaboom, F|\n|poke|p2|Glimmora, M|\n|poke|p2|Great Tusk|\n|poke|p2|Tapu Fini|\n|poke|p2|Dragonite, F|\n|teampreview\n|inactive|Battle timer is ON: inactive players will automatically lose when time's up. (requested by buzhouliumo)\n|\n|t:|1700295654\n|start\n|switch|p1a: Keldeo|Keldeo-Resolute|100\/100\n|switch|p2a: Glimmora|Glimmora, M|100\/100\n|turn|1\n|\n|t:|1700295669\n|switch|p1a: Slowking|Slowking-Galar, F|100\/100\n|move|p2a: Glimmora|Stealth Rock|p1a: Slowking\n|-sidestart|p1: buzhouliumo|move: Stealth Rock\n|\n|upkeep\n|turn|2\n|\n|t:|1700295675\n|move|p2a: Glimmora|Earth Power|p1a: Slowking\n|-supereffective|p1a: Slowking\n|-damage|p1a: Slowking|61\/100\n|move|p1a: Slowking|Yawn|p2a: Glimmora\n|-start|p2a: Glimmora|move: Yawn|[of] p1a: Slowking\n|\n|upkeep\n|turn|3\n|\n|t:|1700295682\n|switch|p2a: Tapu Fini|Tapu Fini|100\/100\n|-fieldstart|move: Misty Terrain|[from] ability: Misty Surge|[of] p2a: Tapu Fini\n|move|p1a: Slowking|Future Sight|p2a: Tapu Fini\n|-start|p1a: Slowking|move: Future Sight\n|\n|upkeep\n|turn|4\n|\n|t:|1700295691\n|move|p2a: Tapu Fini|Trick|p1a: Slowking\n|-activate|p2a: Tapu Fini|move: Trick|[of] p1a: Slowking\n|-item|p1a: Slowking|Choice Specs|[from] move: Trick\n|-item|p2a: Tapu Fini|Heavy-Duty Boots|[from] move: Trick\n|move|p1a: Slowking|Chilly Reception|p1a: Slowking\n|-weather|Snow\n|\n|t:|1700295701\n|switch|p1a: Greninja|Greninja, M|100\/100|[from] Chilly Reception\n|-damage|p1a: Greninja|88\/100|[from] Stealth Rock\n|\n|-weather|Snow|[upkeep]\n|upkeep\n|turn|5\n|\n|t:|1700295722\n|move|p1a: Greninja|Gunk Shot|p2a: Tapu Fini\n|-supereffective|p2a: Tapu Fini\n|-crit|p2a: Tapu Fini\n|-damage|p2a: Tapu Fini|0 fnt\n|faint|p2a: Tapu Fini\n|-ability|p1a: Greninja|Battle Bond|boost\n|-boost|p1a: Greninja|atk|1\n|-boost|p1a: Greninja|spa|1\n|-boost|p1a: Greninja|spe|1\n|-activate|p1a: Greninja|ability: Battle Bond\n|\n|-weather|Snow|[upkeep]\n|-hint|Future Sight did not hit because the target is fainted.\n|upkeep\n|\n|t:|1700295732\n|switch|p2a: Banette|Banette, F|100\/100\n|turn|6\n|\n|t:|1700295745\n|detailschange|p2a: Banette|Banette-Mega, F\n|-mega|p2a: Banette|Banette|Banettite\n|move|p1a: Greninja|Shadow Sneak|p2a: Banette\n|-supereffective|p2a: Banette\n|-damage|p2a: Banette|53\/100\n|move|p2a: Banette|Destiny Bond|p2a: Banette\n|-singlemove|p2a: Banette|Destiny Bond\n|\n|-weather|Snow|[upkeep]\n|upkeep\n|turn|7\n|\n|t:|1700295755\n|move|p1a: Greninja|Swords Dance|p1a: Greninja\n|-boost|p1a: Greninja|atk|2\n|move|p2a: Banette|Knock Off|p1a: Greninja\n|-resisted|p1a: Greninja\n|-damage|p1a: Greninja|52\/100\n|-enditem|p1a: Greninja|Expert Belt|[from] move: Knock Off|[of] p2a: Banette\n|\n|-weather|Snow|[upkeep]\n|-fieldend|Misty Terrain\n|upkeep\n|turn|8\n|\n|t:|1700295767\n|move|p1a: Greninja|Shadow Sneak|p2a: Banette\n|-supereffective|p2a: Banette\n|-damage|p2a: Banette|0 fnt\n|faint|p2a: Banette\n|\n|-weather|none\n|upkeep\n|\n|t:|1700295772\n|switch|p2a: Rillaboom|Rillaboom, F|100\/100\n|-fieldstart|move: Grassy Terrain|[from] ability: Grassy Surge|[of] p2a: Rillaboom\n|-enditem|p2a: Rillaboom|Grassy Seed\n|-boost|p2a: Rillaboom|def|1|[from] item: Grassy Seed\n|turn|9\n|\n|t:|1700295784\n|-terastallize|p1a: Greninja|Ghost\n|move|p1a: Greninja|Shadow Sneak|p2a: Rillaboom\n|-damage|p2a: Rillaboom|75\/100\n|move|p2a: Rillaboom|Grassy Glide|p1a: Greninja\n|-damage|p1a: Greninja|0 fnt\n|faint|p1a: Greninja\n|\n|-heal|p2a: Rillaboom|82\/100|[from] Grassy Terrain\n|upkeep\n|\n|t:|1700295803\n|switch|p1a: Moltres|Moltres|100\/100\n|turn|10\n|\n|t:|1700295812\n|switch|p2a: Dragonite|Dragonite, F|100\/100\n|move|p1a: Moltres|U-turn|p2a: Dragonite\n|-resisted|p2a: Dragonite\n|-damage|p2a: Dragonite|97\/100\n|\n|t:|1700295818\n|switch|p1a: Ferrothorn|Ferrothorn, M|100\/100|[from] U-turn\n|-damage|p1a: Ferrothorn|95\/100|[from] Stealth Rock\n|\n|-heal|p1a: Ferrothorn|100\/100|[from] Grassy Terrain\n|upkeep\n|turn|11\n|\n|t:|1700295826\n|move|p2a: Dragonite|Dragon Dance|p2a: Dragonite\n|-boost|p2a: Dragonite|atk|1\n|-boost|p2a: Dragonite|spe|1\n|move|p1a: Ferrothorn|Thunder Wave|p2a: Dragonite\n|-status|p2a: Dragonite|par\n|\n|upkeep\n|turn|12\n|\n|t:|1700295834\n|move|p2a: Dragonite|Dragon Dance|p2a: Dragonite\n|-boost|p2a: Dragonite|atk|1\n|-boost|p2a: Dragonite|spe|1\n|move|p1a: Ferrothorn|Knock Off|p2a: Dragonite\n|-damage|p2a: Dragonite|78\/100 par\n|-enditem|p2a: Dragonite|Life Orb|[from] move: Knock Off|[of] p1a: Ferrothorn\n|\n|upkeep\n|turn|13\n|\n|t:|1700295842\n|switch|p1a: Garchomp|Garchomp, F|100\/100\n|-damage|p1a: Garchomp|94\/100|[from] Stealth Rock\n|move|p2a: Dragonite|Earthquake|p1a: Garchomp\n|-damage|p1a: Garchomp|53\/100\n|\n|-heal|p1a: Garchomp|60\/100|[from] Grassy Terrain\n|-fieldend|move: Grassy Terrain\n|upkeep\n|turn|14\n|\n|t:|1700295855\n|-terastallize|p2a: Dragonite|Normal\n|cant|p2a: Dragonite|par\n|move|p1a: Garchomp|Scale Shot|p2a: Dragonite\n|-damage|p2a: Dragonite|66\/100 par\n|-damage|p2a: Dragonite|54\/100 par\n|-hitcount|p2a: Dragonite|2\n|-unboost|p1a: Garchomp|def|1\n|-boost|p1a: Garchomp|spe|1\n|\n|upkeep\n|turn|15\n|\n|t:|1700295866\n|switch|p1a: Ferrothorn|Ferrothorn, M|100\/100\n|-damage|p1a: Ferrothorn|95\/100|[from] Stealth Rock\n|move|p2a: Dragonite|Extreme Speed|p1a: Ferrothorn\n|-resisted|p1a: Ferrothorn\n|-damage|p1a: Ferrothorn|69\/100\n|-damage|p2a: Dragonite|42\/100 par|[from] ability: Iron Barbs|[of] p1a: Ferrothorn\n|\n|-heal|p1a: Ferrothorn|75\/100|[from] item: Leftovers\n|upkeep\n|turn|16\n|\n|t:|1700295877\n|move|p2a: Dragonite|Earthquake|p1a: Ferrothorn\n|-damage|p1a: Ferrothorn|30\/100\n|move|p1a: Ferrothorn|Leech Seed|p2a: Dragonite\n|-start|p2a: Dragonite|move: Leech Seed\n|\n|-heal|p1a: Ferrothorn|36\/100|[from] item: Leftovers\n|-damage|p2a: Dragonite|30\/100 par|[from] Leech Seed|[of] p1a: Ferrothorn\n|-heal|p1a: Ferrothorn|48\/100|[silent]\n|upkeep\n|turn|17\n|\n|t:|1700295886\n|cant|p2a: Dragonite|par\n|move|p1a: Ferrothorn|Spikes|p2a: Dragonite\n|-sidestart|p2: Team noxious|Spikes\n|\n|-heal|p1a: Ferrothorn|54\/100|[from] item: Leftovers\n|-damage|p2a: Dragonite|17\/100 par|[from] Leech Seed|[of] p1a: Ferrothorn\n|-heal|p1a: Ferrothorn|66\/100|[silent]\n|upkeep\n|turn|18\n|\n|t:|1700295893\n|move|p2a: Dragonite|Extreme Speed|p1a: Ferrothorn\n|-resisted|p1a: Ferrothorn\n|-damage|p1a: Ferrothorn|41\/100\n|-damage|p2a: Dragonite|5\/100 par|[from] ability: Iron Barbs|[of] p1a: Ferrothorn\n|move|p1a: Ferrothorn|Spikes|p2a: Dragonite\n|-sidestart|p2: Team noxious|Spikes\n|\n|-heal|p1a: Ferrothorn|47\/100|[from] item: Leftovers\n|-damage|p2a: Dragonite|0 fnt|[from] Leech Seed|[of] p1a: Ferrothorn\n|-heal|p1a: Ferrothorn|51\/100|[silent]\n|faint|p2a: Dragonite\n|upkeep\n|\n|t:|1700295897\n|switch|p2a: Great Tusk|Great Tusk|100\/100\n|turn|19\n|\n|t:|1700295902\n|switch|p1a: Moltres|Moltres|100\/100\n|move|p2a: Great Tusk|Rapid Spin|p1a: Moltres\n|-damage|p1a: Moltres|86\/100\n|-boost|p2a: Great Tusk|spe|1\n|-sideend|p2: Team noxious|Spikes|[from] move: Rapid Spin|[of] p2a: Great Tusk\n|\n|upkeep\n|turn|20\n|\n|t:|1700295913\n|-end|p2a: Great Tusk|Protosynthesis|[silent]\n|switch|p2a: Glimmora|Glimmora, M|100\/100\n|move|p1a: Moltres|Defog|p2a: Glimmora\n|-unboost|p2a: Glimmora|evasion|1\n|-sideend|p1: buzhouliumo|Stealth Rock|[from] move: Defog|[of] p1a: Moltres\n|\n|upkeep\n|turn|21\n|\n|t:|1700295923\n|move|p2a: Glimmora|Power Gem|p1a: Moltres\n|-supereffective|p1a: Moltres\n|-damage|p1a: Moltres|0 fnt\n|faint|p1a: Moltres\n|\n|upkeep\n|\n|t:|1700295927\n|switch|p1a: Slowking|Slowking-Galar, F|94\/100\n|turn|22\n|\n|t:|1700295931\n|move|p2a: Glimmora|Stealth Rock|p1a: Slowking\n|-sidestart|p1: buzhouliumo|move: Stealth Rock\n|move|p1a: Slowking|Yawn|p2a: Glimmora\n|-start|p2a: Glimmora|move: Yawn|[of] p1a: Slowking\n|\n|upkeep\n|turn|23\n|\n|t:|1700295939\n|switch|p2a: Great Tusk|Great Tusk|100\/100\n|move|p1a: Slowking|Yawn|p2a: Great Tusk\n|-start|p2a: Great Tusk|move: Yawn|[of] p1a: Slowking\n|\n|upkeep\n|turn|24\n|\n|t:|1700295954\n|switch|p1a: Ferrothorn|Ferrothorn, M|51\/100\n|-damage|p1a: Ferrothorn|46\/100|[from] Stealth Rock\n|move|p2a: Great Tusk|Close Combat|p1a: Ferrothorn\n|-supereffective|p1a: Ferrothorn\n|-damage|p1a: Ferrothorn|0 fnt\n|-unboost|p2a: Great Tusk|def|1\n|-unboost|p2a: Great Tusk|spd|1\n|-damage|p2a: Great Tusk|88\/100|[from] ability: Iron Barbs|[of] p1a: Ferrothorn\n|faint|p1a: Ferrothorn\n|\n|-end|p2a: Great Tusk|move: Yawn|[silent]\n|-status|p2a: Great Tusk|slp\n|upkeep\n|\n|t:|1700295967\n|switch|p1a: Garchomp|Garchomp, F|60\/100\n|-damage|p1a: Garchomp|53\/100|[from] Stealth Rock\n|turn|25\n|\n|t:|1700295976\n|move|p1a: Garchomp|Swords Dance|p1a: Garchomp\n|-boost|p1a: Garchomp|atk|2\n|cant|p2a: Great Tusk|slp\n|\n|upkeep\n|turn|26\n|\n|t:|1700295981\n|move|p1a: Garchomp|Scale Shot|p2a: Great Tusk|[miss]\n|-miss|p1a: Garchomp|p2a: Great Tusk\n|-curestatus|p2a: Great Tusk|slp|[msg]\n|move|p2a: Great Tusk|Play Rough|p1a: Garchomp\n|-supereffective|p1a: Garchomp\n|-crit|p1a: Garchomp\n|-damage|p1a: Garchomp|0 fnt\n|-damage|p2a: Great Tusk|76\/100|[from] ability: Rough Skin|[of] p1a: Garchomp\n|faint|p1a: Garchomp\n|\n|upkeep\n|\n|t:|1700296002\n|switch|p1a: Keldeo|Keldeo-Resolute|100\/100\n|-damage|p1a: Keldeo|94\/100|[from] Stealth Rock\n|turn|27\n|\n|t:|1700296009\n|-end|p2a: Great Tusk|Protosynthesis|[silent]\n|switch|p2a: Glimmora|Glimmora, M|100\/100\n|move|p1a: Keldeo|Surf|p2a: Glimmora\n|-supereffective|p2a: Glimmora\n|-enditem|p2a: Glimmora|Focus Sash\n|-damage|p2a: Glimmora|1\/100\n|\n|upkeep\n|turn|28\n|\n|t:|1700296017\n|move|p1a: Keldeo|Surf|p2a: Glimmora\n|-supereffective|p2a: Glimmora\n|-damage|p2a: Glimmora|0 fnt\n|faint|p2a: Glimmora\n|\n|upkeep\n|\n|t:|1700296019\n|switch|p2a: Rillaboom|Rillaboom, F|82\/100\n|-fieldstart|move: Grassy Terrain|[from] ability: Grassy Surge|[of] p2a: Rillaboom\n|turn|29\n|\n|t:|1700296027\n|switch|p1a: Slowking|Slowking-Galar, F|100\/100\n|-damage|p1a: Slowking|88\/100|[from] Stealth Rock\n|move|p2a: Rillaboom|Bulk Up|p2a: Rillaboom\n|-boost|p2a: Rillaboom|atk|1\n|-boost|p2a: Rillaboom|def|1\n|\n|-heal|p2a: Rillaboom|88\/100|[from] Grassy Terrain\n|-heal|p1a: Slowking|94\/100|[from] Grassy Terrain\n|upkeep\n|turn|30\n|\n|t:|1700296039\n|move|p2a: Rillaboom|Acrobatics|p1a: Slowking\n|-damage|p1a: Slowking|28\/100\n|move|p1a: Slowking|Yawn|p2a: Rillaboom\n|-start|p2a: Rillaboom|move: Yawn|[of] p1a: Slowking\n|\n|-heal|p2a: Rillaboom|94\/100|[from] Grassy Terrain\n|-heal|p1a: Slowking|34\/100|[from] Grassy Terrain\n|upkeep\n|turn|31\n|\n|t:|1700296049\n|move|p2a: Rillaboom|Acrobatics|p1a: Slowking\n|-damage|p1a: Slowking|0 fnt\n|faint|p1a: Slowking\n|\n|-heal|p2a: Rillaboom|99\/100|[from] Grassy Terrain\n|-end|p2a: Rillaboom|move: Yawn|[silent]\n|-status|p2a: Rillaboom|slp\n|upkeep\n|\n|t:|1700296051\n|switch|p1a: Keldeo|Keldeo-Resolute|94\/100\n|-damage|p1a: Keldeo|88\/100|[from] Stealth Rock\n|turn|32\n|\n|t:|1700296060\n|cant|p2a: Rillaboom|slp\n|move|p1a: Keldeo|Hidden Power|p2a: Rillaboom\n|-supereffective|p2a: Rillaboom\n|-damage|p2a: Rillaboom|30\/100 slp\n|\n|-heal|p1a: Keldeo|94\/100|[from] Grassy Terrain\n|-heal|p2a: Rillaboom|37\/100 slp|[from] Grassy Terrain\n|upkeep\n|turn|33\n|\n|t:|1700296069\n|cant|p2a: Rillaboom|slp\n|move|p1a: Keldeo|Hidden Power|p2a: Rillaboom\n|-supereffective|p2a: Rillaboom\n|-damage|p2a: Rillaboom|0 fnt\n|faint|p2a: Rillaboom\n|\n|-heal|p1a: Keldeo|100\/100|[from] Grassy Terrain\n|-fieldend|move: Grassy Terrain\n|upkeep\n|\n|t:|1700296070\n|switch|p2a: Great Tusk|Great Tusk|76\/100\n|turn|34\n|\n|t:|1700296073\n|move|p1a: Keldeo|Hidden Power|p2a: Great Tusk\n|-supereffective|p2a: Great Tusk\n|-damage|p2a: Great Tusk|0 fnt\n|faint|p2a: Great Tusk\n|-end|p2a: Great Tusk|Protosynthesis|[silent]\n|\n|win|buzhouliumo\n|raw|buzhouliumo's rating: 1262 &rarr; <strong>1279<\/strong><br \/>(+17 for winning)\n|raw|Team noxious's rating: 1153 &rarr; <strong>1136<\/strong><br \/>(-17 for losing)\n|l|\u2606Team noxious\n","uploadtime":1700296095,"views":9,"p1id":"buzhouliumo","p2id":"teamnoxious","formatid":"gen9nationaldex","rating":1136,"private":0,"password":""}