{"id":"gen9nationaldex-1987957529","p1":"ELFRAN132","p2":"Lexxuus2","format":"[Gen 9] National Dex","log":"|j|\u2606ELFRAN132\n|j|\u2606Lexxuus2\n|t:|1699653066\n|gametype|singles\n|player|p1|ELFRAN132|102|\n|player|p2|Lexxuus2|veteran|\n|teamsize|p1|6\n|teamsize|p2|6\n|gen|9\n|tier|[Gen 9] National Dex\n|rule|HP Percentage Mod: HP is shown in percentages\n|rule|Endless Battle Clause: Forcing endless battles is banned\n|rule|OHKO Clause: OHKO moves are banned\n|rule|Evasion Clause: Evasion abilities, items, and moves are banned\n|rule|Evasion Abilities Clause: Evasion abilities are banned\n|rule|Evasion Items Clause: Evasion items are banned\n|rule|Evasion Moves Clause: Evasion moves are banned\n|rule|Species Clause: Limit one of each Pok\u00e9mon\n|rule|Sleep Clause Mod: Limit one foe put to sleep\n|clearpoke\n|poke|p1|Volcarona, F|\n|poke|p1|Ogerpon-Wellspring, F|\n|poke|p1|Corviknight, M|\n|poke|p1|Slurpuff, F|\n|poke|p1|Hoopa-Unbound|\n|poke|p1|Tapu Lele|\n|poke|p2|Charizard, F|\n|poke|p2|Tapu Lele|\n|poke|p2|Sneasler, F|\n|poke|p2|Samurott-Hisui, F|\n|poke|p2|Ferrothorn, F|\n|poke|p2|Clodsire, M|\n|teampreview\n|inactive|Battle timer is ON: inactive players will automatically lose when time's up. (requested by Lexxuus2)\n|c|\u2606Lexxuus2|Puto\n|c|\u2606ELFRAN132|por?\n|c|\u2606ELFRAN132|xd\n|\n|t:|1699653088\n|start\n|switch|p1a: :P|Slurpuff, F|100\/100\n|switch|p2a: El Jordan\ud83e\udd11\ud83d\udc5f|Sneasler, F|100\/100\n|turn|1\n|c|\u2606Lexxuus2|Nose xddd\n|\n|t:|1699653096\n|move|p2a: El Jordan\ud83e\udd11\ud83d\udc5f|Taunt|p1a: :P\n|-start|p1a: :P|move: Taunt\n|cant|p1a: :P|move: Taunt|Sticky Web\n|\n|upkeep\n|turn|2\n|\n|t:|1699653116\n|switch|p2a: \u00c1FRICA\ud83c\udf0d\ud83d\ude4b\ud83c\udfff\u200d\u2642\ufe0f|Charizard, F, shiny|100\/100\n|switch|p1a: Cancerbero|Corviknight, M, shiny|100\/100\n|-ability|p1a: Cancerbero|Pressure\n|\n|upkeep\n|turn|3\n|\n|t:|1699653132\n|switch|p1a: FranDameLaNi\u00f1a|Tapu Lele, shiny|100\/100\n|-fieldstart|move: Psychic Terrain|[from] ability: Psychic Surge|[of] p1a: FranDameLaNi\u00f1a\n|detailschange|p2a: \u00c1FRICA\ud83c\udf0d\ud83d\ude4b\ud83c\udfff\u200d\u2642\ufe0f|Charizard-Mega-Y, F, shiny\n|-mega|p2a: \u00c1FRICA\ud83c\udf0d\ud83d\ude4b\ud83c\udfff\u200d\u2642\ufe0f|Charizard|Charizardite Y\n|-weather|SunnyDay|[from] ability: Drought|[of] p2a: \u00c1FRICA\ud83c\udf0d\ud83d\ude4b\ud83c\udfff\u200d\u2642\ufe0f\n|move|p2a: \u00c1FRICA\ud83c\udf0d\ud83d\ude4b\ud83c\udfff\u200d\u2642\ufe0f|Air Slash|p1a: FranDameLaNi\u00f1a\n|-damage|p1a: FranDameLaNi\u00f1a|54\/100\n|\n|-weather|SunnyDay|[upkeep]\n|upkeep\n|turn|4\n|c|\u2606Lexxuus2|JAJAJAJAJA EL NAME\n|\n|t:|1699653147\n|switch|p1a: :P|Slurpuff, F|100\/100\n|move|p2a: \u00c1FRICA\ud83c\udf0d\ud83d\ude4b\ud83c\udfff\u200d\u2642\ufe0f|Weather Ball|p1a: :P\n|-enditem|p1a: :P|Focus Sash\n|-damage|p1a: :P|1\/100\n|\n|-weather|SunnyDay|[upkeep]\n|upkeep\n|turn|5\n|\n|t:|1699653164\n|move|p1a: :P|Sticky Web|p2a: \u00c1FRICA\ud83c\udf0d\ud83d\ude4b\ud83c\udfff\u200d\u2642\ufe0f\n|-sidestart|p2: Lexxuus2|move: Sticky Web\n|move|p2a: \u00c1FRICA\ud83c\udf0d\ud83d\ude4b\ud83c\udfff\u200d\u2642\ufe0f|Air Slash|p1a: :P\n|-damage|p1a: :P|0 fnt\n|faint|p1a: :P\n|\n|-weather|SunnyDay|[upkeep]\n|upkeep\n|\n|t:|1699653170\n|switch|p1a: Las 1000 Pajas|Hoopa-Unbound|100\/100\n|turn|6\n|\n|t:|1699653178\n|move|p2a: \u00c1FRICA\ud83c\udf0d\ud83d\ude4b\ud83c\udfff\u200d\u2642\ufe0f|Weather Ball|p1a: Las 1000 Pajas\n|-damage|p1a: Las 1000 Pajas|12\/100\n|move|p1a: Las 1000 Pajas|Hyperspace Fury|p2a: \u00c1FRICA\ud83c\udf0d\ud83d\ude4b\ud83c\udfff\u200d\u2642\ufe0f\n|-damage|p2a: \u00c1FRICA\ud83c\udf0d\ud83d\ude4b\ud83c\udfff\u200d\u2642\ufe0f|0 fnt\n|-unboost|p1a: Las 1000 Pajas|def|1\n|faint|p2a: \u00c1FRICA\ud83c\udf0d\ud83d\ude4b\ud83c\udfff\u200d\u2642\ufe0f\n|\n|-weather|SunnyDay|[upkeep]\n|upkeep\n|\n|t:|1699653194\n|switch|p2a: Femboy \ud83e\udd7a\ud83d\udc49\ud83d\udc48|Samurott-Hisui, F|100\/100\n|-activate|p2a: Femboy \ud83e\udd7a\ud83d\udc49\ud83d\udc48|move: Sticky Web\n|-unboost|p2a: Femboy \ud83e\udd7a\ud83d\udc49\ud83d\udc48|spe|1\n|turn|7\n|\n|t:|1699653204\n|move|p2a: Femboy \ud83e\udd7a\ud83d\udc49\ud83d\udc48|Sucker Punch|p1a: Las 1000 Pajas\n|-activate|p1a: Las 1000 Pajas|move: Psychic Terrain\n|move|p1a: Las 1000 Pajas|Hyperspace Fury|p2a: Femboy \ud83e\udd7a\ud83d\udc49\ud83d\udc48\n|-resisted|p2a: Femboy \ud83e\udd7a\ud83d\udc49\ud83d\udc48\n|-damage|p2a: Femboy \ud83e\udd7a\ud83d\udc49\ud83d\udc48|34\/100\n|-unboost|p1a: Las 1000 Pajas|def|1\n|\n|-weather|none\n|-fieldend|move: Psychic Terrain\n|upkeep\n|turn|8\n|c|\u2606Lexxuus2|Mi papa\n|\n|t:|1699653217\n|switch|p1a: Cancerbero|Corviknight, M, shiny|100\/100\n|-ability|p1a: Cancerbero|Pressure\n|move|p2a: Femboy \ud83e\udd7a\ud83d\udc49\ud83d\udc48|Sucker Punch||[still]\n|-fail|p2a: Femboy \ud83e\udd7a\ud83d\udc49\ud83d\udc48\n|\n|upkeep\n|turn|9\n|\n|t:|1699653224\n|switch|p2a: Hijo del pico\u26cf\ufe0f|Ferrothorn, F|100\/100\n|-activate|p2a: Hijo del pico\u26cf\ufe0f|move: Sticky Web\n|-unboost|p2a: Hijo del pico\u26cf\ufe0f|spe|1\n|move|p1a: Cancerbero|U-turn|p2a: Hijo del pico\u26cf\ufe0f\n|-damage|p2a: Hijo del pico\u26cf\ufe0f|91\/100\n|-damage|p1a: Cancerbero|88\/100|[from] ability: Iron Barbs|[of] p2a: Hijo del pico\u26cf\ufe0f\n|\n|t:|1699653253\n|switch|p1a: Las 1000 Pajas|Hoopa-Unbound|12\/100|[from] U-turn\n|\n|-heal|p2a: Hijo del pico\u26cf\ufe0f|98\/100|[from] item: Leftovers\n|upkeep\n|turn|10\n|\n|t:|1699653267\n|move|p1a: Las 1000 Pajas|Drain Punch|p2a: Hijo del pico\u26cf\ufe0f\n|-supereffective|p2a: Hijo del pico\u26cf\ufe0f\n|-damage|p2a: Hijo del pico\u26cf\ufe0f|43\/100\n|-heal|p1a: Las 1000 Pajas|44\/100|[from] drain|[of] p2a: Hijo del pico\u26cf\ufe0f\n|-damage|p1a: Las 1000 Pajas|32\/100|[from] ability: Iron Barbs|[of] p2a: Hijo del pico\u26cf\ufe0f\n|move|p2a: Hijo del pico\u26cf\ufe0f|Leech Seed|p1a: Las 1000 Pajas\n|-start|p1a: Las 1000 Pajas|move: Leech Seed\n|\n|-heal|p2a: Hijo del pico\u26cf\ufe0f|49\/100|[from] item: Leftovers\n|-damage|p1a: Las 1000 Pajas|19\/100|[from] Leech Seed|[of] p2a: Hijo del pico\u26cf\ufe0f\n|-heal|p2a: Hijo del pico\u26cf\ufe0f|59\/100|[silent]\n|upkeep\n|turn|11\n|\n|t:|1699653273\n|switch|p1a: M\u00e1scara de fuente|Ogerpon-Wellspring, F|100\/100\n|move|p2a: Hijo del pico\u26cf\ufe0f|Protect||[still]\n|-fail|p2a: Hijo del pico\u26cf\ufe0f\n|\n|-heal|p2a: Hijo del pico\u26cf\ufe0f|66\/100|[from] item: Leftovers\n|upkeep\n|turn|12\n|\n|t:|1699653283\n|move|p1a: M\u00e1scara de fuente|Swords Dance|p1a: M\u00e1scara de fuente\n|-boost|p1a: M\u00e1scara de fuente|atk|2\n|move|p2a: Hijo del pico\u26cf\ufe0f|Gyro Ball|p1a: M\u00e1scara de fuente\n|-resisted|p1a: M\u00e1scara de fuente\n|-damage|p1a: M\u00e1scara de fuente|70\/100\n|\n|-heal|p2a: Hijo del pico\u26cf\ufe0f|72\/100|[from] item: Leftovers\n|upkeep\n|turn|13\n|\n|t:|1699653300\n|move|p1a: M\u00e1scara de fuente|Superpower|p2a: Hijo del pico\u26cf\ufe0f\n|-supereffective|p2a: Hijo del pico\u26cf\ufe0f\n|-damage|p2a: Hijo del pico\u26cf\ufe0f|0 fnt\n|-unboost|p1a: M\u00e1scara de fuente|atk|1\n|-unboost|p1a: M\u00e1scara de fuente|def|1\n|-damage|p1a: M\u00e1scara de fuente|57\/100|[from] ability: Iron Barbs|[of] p2a: Hijo del pico\u26cf\ufe0f\n|faint|p2a: Hijo del pico\u26cf\ufe0f\n|\n|upkeep\n|\n|t:|1699653307\n|switch|p2a: Put@ Lele\ud83d\udc85\ud83d\udc8b|Tapu Lele, shiny|100\/100\n|-activate|p2a: Put@ Lele\ud83d\udc85\ud83d\udc8b|move: Sticky Web\n|-unboost|p2a: Put@ Lele\ud83d\udc85\ud83d\udc8b|spe|1\n|-fieldstart|move: Psychic Terrain|[from] ability: Psychic Surge|[of] p2a: Put@ Lele\ud83d\udc85\ud83d\udc8b\n|turn|14\n|\n|t:|1699653327\n|move|p1a: M\u00e1scara de fuente|Ivy Cudgel|p2a: Put@ Lele\ud83d\udc85\ud83d\udc8b\n|-crit|p2a: Put@ Lele\ud83d\udc85\ud83d\udc8b\n|-damage|p2a: Put@ Lele\ud83d\udc85\ud83d\udc8b|0 fnt\n|faint|p2a: Put@ Lele\ud83d\udc85\ud83d\udc8b\n|\n|upkeep\n|\n|t:|1699653329\n|switch|p2a: Negro2\ud83c\uddf5\ud83c\uddea|Clodsire, M|100\/100\n|-activate|p2a: Negro2\ud83c\uddf5\ud83c\uddea|move: Sticky Web\n|-unboost|p2a: Negro2\ud83c\uddf5\ud83c\uddea|spe|1\n|turn|15\n|\n|t:|1699653341\n|-terastallize|p2a: Negro2\ud83c\uddf5\ud83c\uddea|Dragon\n|move|p1a: M\u00e1scara de fuente|Horn Leech|p2a: Negro2\ud83c\uddf5\ud83c\uddea\n|-resisted|p2a: Negro2\ud83c\uddf5\ud83c\uddea\n|-damage|p2a: Negro2\ud83c\uddf5\ud83c\uddea|83\/100\n|-heal|p1a: M\u00e1scara de fuente|71\/100|[from] drain|[of] p2a: Negro2\ud83c\uddf5\ud83c\uddea\n|move|p2a: Negro2\ud83c\uddf5\ud83c\uddea|Haze|p2a: Negro2\ud83c\uddf5\ud83c\uddea\n|-clearallboost\n|\n|-heal|p2a: Negro2\ud83c\uddf5\ud83c\uddea|90\/100|[from] item: Leftovers\n|upkeep\n|turn|16\n|c|\u2606ELFRAN132|messirve\n|\n|t:|1699653357\n|switch|p1a: Cancerbero|Corviknight, M, shiny|88\/100\n|-ability|p1a: Cancerbero|Pressure\n|move|p2a: Negro2\ud83c\uddf5\ud83c\uddea|Earthquake|p1a: Cancerbero\n|-immune|p1a: Cancerbero\n|\n|-heal|p2a: Negro2\ud83c\uddf5\ud83c\uddea|96\/100|[from] item: Leftovers\n|upkeep\n|turn|17\n|\n|t:|1699653372\n|move|p1a: Cancerbero|U-turn|p2a: Negro2\ud83c\uddf5\ud83c\uddea\n|-damage|p2a: Negro2\ud83c\uddf5\ud83c\uddea|84\/100\n|\n|t:|1699653377\n|switch|p1a: Las 1000 Pajas|Hoopa-Unbound|19\/100|[from] U-turn\n|move|p2a: Negro2\ud83c\uddf5\ud83c\uddea|Stealth Rock|p1a: Las 1000 Pajas\n|-sidestart|p1: ELFRAN132|move: Stealth Rock\n|\n|-heal|p2a: Negro2\ud83c\uddf5\ud83c\uddea|91\/100|[from] item: Leftovers\n|upkeep\n|turn|18\n|\n|t:|1699653386\n|move|p1a: Las 1000 Pajas|Hyperspace Fury|p2a: Negro2\ud83c\uddf5\ud83c\uddea\n|-damage|p2a: Negro2\ud83c\uddf5\ud83c\uddea|10\/100\n|-unboost|p1a: Las 1000 Pajas|def|1\n|move|p2a: Negro2\ud83c\uddf5\ud83c\uddea|Earthquake|p1a: Las 1000 Pajas\n|-damage|p1a: Las 1000 Pajas|0 fnt\n|faint|p1a: Las 1000 Pajas\n|\n|-heal|p2a: Negro2\ud83c\uddf5\ud83c\uddea|16\/100|[from] item: Leftovers\n|-fieldend|move: Psychic Terrain\n|upkeep\n|\n|t:|1699653402\n|switch|p1a: M\u00e1scara de fuente|Ogerpon-Wellspring, F|71\/100\n|-damage|p1a: M\u00e1scara de fuente|58\/100|[from] Stealth Rock\n|turn|19\n|\n|t:|1699653410\n|move|p1a: M\u00e1scara de fuente|Superpower|p2a: Negro2\ud83c\uddf5\ud83c\uddea\n|-damage|p2a: Negro2\ud83c\uddf5\ud83c\uddea|0 fnt\n|-unboost|p1a: M\u00e1scara de fuente|atk|1\n|-unboost|p1a: M\u00e1scara de fuente|def|1\n|faint|p2a: Negro2\ud83c\uddf5\ud83c\uddea\n|\n|upkeep\n|\n|t:|1699653413\n|switch|p2a: Femboy \ud83e\udd7a\ud83d\udc49\ud83d\udc48|Samurott-Hisui, F|34\/100\n|-activate|p2a: Femboy \ud83e\udd7a\ud83d\udc49\ud83d\udc48|move: Sticky Web\n|-unboost|p2a: Femboy \ud83e\udd7a\ud83d\udc49\ud83d\udc48|spe|1\n|turn|20\n|\n|t:|1699653428\n|move|p2a: Femboy \ud83e\udd7a\ud83d\udc49\ud83d\udc48|Sucker Punch|p1a: M\u00e1scara de fuente\n|-damage|p1a: M\u00e1scara de fuente|10\/100\n|move|p1a: M\u00e1scara de fuente|Horn Leech|p2a: Femboy \ud83e\udd7a\ud83d\udc49\ud83d\udc48\n|-supereffective|p2a: Femboy \ud83e\udd7a\ud83d\udc49\ud83d\udc48\n|-damage|p2a: Femboy \ud83e\udd7a\ud83d\udc49\ud83d\udc48|0 fnt\n|-heal|p1a: M\u00e1scara de fuente|28\/100|[from] drain|[of] p2a: Femboy \ud83e\udd7a\ud83d\udc49\ud83d\udc48\n|faint|p2a: Femboy \ud83e\udd7a\ud83d\udc49\ud83d\udc48\n|\n|upkeep\n|\n|t:|1699653430\n|switch|p2a: El Jordan\ud83e\udd11\ud83d\udc5f|Sneasler, F|100\/100\n|-activate|p2a: El Jordan\ud83e\udd11\ud83d\udc5f|move: Sticky Web\n|-unboost|p2a: El Jordan\ud83e\udd11\ud83d\udc5f|spe|1\n|turn|21\n|\n|t:|1699653448\n|-terastallize|p1a: M\u00e1scara de fuente|Water\n|detailschange|p1a: M\u00e1scara de fuente|Ogerpon-Wellspring-Tera, F, tera:Water\n|-ability|p1a: M\u00e1scara de fuente|Embody Aspect (Wellspring)|boost\n|-boost|p1a: M\u00e1scara de fuente|spd|1\n|move|p1a: M\u00e1scara de fuente|Ivy Cudgel|p2a: El Jordan\ud83e\udd11\ud83d\udc5f\n|-damage|p2a: El Jordan\ud83e\udd11\ud83d\udc5f|16\/100\n|move|p2a: El Jordan\ud83e\udd11\ud83d\udc5f|Dire Claw|p1a: M\u00e1scara de fuente\n|-damage|p1a: M\u00e1scara de fuente|0 fnt\n|faint|p1a: M\u00e1scara de fuente\n|\n|upkeep\n|\n|t:|1699653456\n|switch|p1a: Cancerbero|Corviknight, M, shiny|88\/100\n|-damage|p1a: Cancerbero|75\/100|[from] Stealth Rock\n|-ability|p1a: Cancerbero|Pressure\n|turn|22\n|c|\u2606ELFRAN132|gg\n|\n|t:|1699653462\n|move|p2a: El Jordan\ud83e\udd11\ud83d\udc5f|Acrobatics|p1a: Cancerbero\n|-resisted|p1a: Cancerbero\n|-damage|p1a: Cancerbero|70\/100\n|-damage|p2a: El Jordan\ud83e\udd11\ud83d\udc5f|0 fnt|[from] item: Rocky Helmet|[of] p1a: Cancerbero\n|faint|p2a: El Jordan\ud83e\udd11\ud83d\udc5f\n|\n|win|ELFRAN132\n|c|\u2606Lexxuus2|Ese acrobatic insano\n|c|\u2606ELFRAN132|en fin\n|c|\u2606Lexxuus2|XDdd\n|c|\u2606ELFRAN132|frandamelani\u00f1a\n|l|\u2606Lexxuus2\n|c|\u2606ELFRAN132|me dio la partida\n","uploadtime":1699653488,"views":5,"p1id":"elfran132","p2id":"lexxuus2","formatid":"gen9nationaldex","rating":0,"private":0,"password":""}