{"id":"gen9nationaldex-1994342992","p1":"EndlessC4lamity","p2":"SheldonShellington","format":"[Gen 9] National Dex","log":"|j|\u2606EndlessC4lamity\n|j|\u2606SheldonShellington\n|t:|1700433179\n|gametype|singles\n|player|p1|EndlessC4lamity|linebacker|\n|player|p2|SheldonShellington|266|\n|teamsize|p1|6\n|teamsize|p2|6\n|gen|9\n|tier|[Gen 9] National Dex\n|rule|HP Percentage Mod: HP is shown in percentages\n|rule|Endless Battle Clause: Forcing endless battles is banned\n|rule|OHKO Clause: OHKO moves are banned\n|rule|Evasion Clause: Evasion abilities, items, and moves are banned\n|rule|Evasion Abilities Clause: Evasion abilities are banned\n|rule|Evasion Items Clause: Evasion items are banned\n|rule|Evasion Moves Clause: Evasion moves are banned\n|rule|Species Clause: Limit one of each Pok\u00e9mon\n|rule|Sleep Clause Mod: Limit one foe put to sleep\n|clearpoke\n|poke|p1|Goodra, F|\n|poke|p1|Goomy, F|\n|poke|p1|Slaking, M|\n|poke|p1|Tarountula, F|\n|poke|p1|Kangaskhan, F|\n|poke|p1|Haxorus, F|\n|poke|p2|Chesnaught, M|\n|poke|p2|Tapu Koko|\n|poke|p2|Goodra-Hisui, M|\n|poke|p2|Torkoal, M|\n|poke|p2|Slowking-Galar, M|\n|poke|p2|Cloyster, F|\n|teampreview\n|\n|t:|1700433200\n|start\n|switch|p1a: Tarountula|Tarountula, F|100\/100\n|switch|p2a: Torkoal|Torkoal, M|100\/100\n|-weather|SunnyDay|[from] ability: Drought|[of] p2a: Torkoal\n|turn|1\n|\n|t:|1700433213\n|move|p2a: Torkoal|Stealth Rock|p1a: Tarountula\n|-sidestart|p1: EndlessC4lamity|move: Stealth Rock\n|move|p1a: Tarountula|Knock Off|p2a: Torkoal\n|-damage|p2a: Torkoal|89\/100\n|-enditem|p2a: Torkoal|Leftovers|[from] move: Knock Off|[of] p1a: Tarountula\n|\n|-weather|SunnyDay|[upkeep]\n|upkeep\n|turn|2\n|\n|t:|1700433230\n|move|p2a: Torkoal|Flamethrower|p1a: Tarountula\n|-supereffective|p1a: Tarountula\n|-damage|p1a: Tarountula|0 fnt\n|faint|p1a: Tarountula\n|\n|-weather|SunnyDay|[upkeep]\n|upkeep\n|\n|t:|1700433235\n|switch|p1a: Slaking|Slaking, M|100\/100\n|-damage|p1a: Slaking|88\/100|[from] Stealth Rock\n|turn|3\n|j| alt1445645\n|c| alt1445645|LETS GO CHAMP\n|\n|t:|1700433279\n|switch|p2a: Chesnaught|Chesnaught, M|100\/100\n|move|p1a: Slaking|Solar Beam||[still]\n|-prepare|p1a: Slaking|Solar Beam\n|-anim|p1a: Slaking|Solar Beam|p2a: Chesnaught\n|-resisted|p2a: Chesnaught\n|-damage|p2a: Chesnaught|80\/100\n|\n|-weather|SunnyDay|[upkeep]\n|-heal|p2a: Chesnaught|86\/100|[from] item: Leftovers\n|upkeep\n|turn|4\n|c|\u2606EndlessC4lamity|SHIA KAZING\n|\n|t:|1700433315\n|switch|p1a: Goodra|Goodra, F, shiny|100\/100\n|-damage|p1a: Goodra|88\/100|[from] Stealth Rock\n|move|p2a: Chesnaught|Iron Defense|p2a: Chesnaught\n|-boost|p2a: Chesnaught|def|2\n|\n|-weather|SunnyDay|[upkeep]\n|-heal|p1a: Goodra|94\/100|[from] item: Leftovers\n|-heal|p2a: Chesnaught|92\/100|[from] item: Leftovers\n|upkeep\n|turn|5\n|\n|t:|1700433351\n|move|p1a: Goodra|Blizzard|p2a: Chesnaught\n|-supereffective|p2a: Chesnaught\n|-damage|p2a: Chesnaught|15\/100\n|move|p2a: Chesnaught|Body Press|p1a: Goodra\n|-damage|p1a: Goodra|0 fnt\n|faint|p1a: Goodra\n|\n|-weather|none\n|-heal|p2a: Chesnaught|21\/100|[from] item: Leftovers\n|upkeep\n|\n|t:|1700433366\n|switch|p1a: Haxorus|Haxorus, F|100\/100\n|-ability|p1a: Haxorus|Unnerve\n|-damage|p1a: Haxorus|88\/100|[from] Stealth Rock\n|turn|6\n|\n|t:|1700433384\n|move|p1a: Haxorus|Focus Blast|p2a: Chesnaught\n|-immune|p2a: Chesnaught|[from] ability: Bulletproof\n|move|p2a: Chesnaught|Synthesis|p2a: Chesnaught\n|-heal|p2a: Chesnaught|71\/100\n|\n|-heal|p2a: Chesnaught|77\/100|[from] item: Leftovers\n|upkeep\n|turn|7\n|c|\u2606EndlessC4lamity|SSHHHHEEELLLLLDOOONNNNNNNNNNNNNNNNNNNNNNNNNNNNNNNNNNNNNNNNNNNNNNNNNNN\n|\n|t:|1700433430\n|switch|p1a: Slaking|Slaking, M|88\/100\n|-damage|p1a: Slaking|76\/100|[from] Stealth Rock\n|move|p2a: Chesnaught|Body Press|p1a: Slaking\n|-supereffective|p1a: Slaking\n|-damage|p1a: Slaking|0 fnt\n|faint|p1a: Slaking\n|\n|-heal|p2a: Chesnaught|83\/100|[from] item: Leftovers\n|upkeep\n|\n|t:|1700433440\n|switch|p1a: Kangaskhan|Kangaskhan, F|100\/100\n|-damage|p1a: Kangaskhan|88\/100|[from] Stealth Rock\n|turn|8\n|\n|t:|1700433450\n|move|p1a: Kangaskhan|Double-Edge|p2a: Chesnaught\n|-damage|p2a: Chesnaught|70\/100\n|-damage|p1a: Kangaskhan|83\/100|[from] Recoil\n|move|p2a: Chesnaught|Body Press|p1a: Kangaskhan\n|-supereffective|p1a: Kangaskhan\n|-damage|p1a: Kangaskhan|0 fnt\n|faint|p1a: Kangaskhan\n|\n|-heal|p2a: Chesnaught|76\/100|[from] item: Leftovers\n|upkeep\n|\n|t:|1700433457\n|switch|p1a: Haxorus|Haxorus, F|88\/100\n|-ability|p1a: Haxorus|Unnerve\n|-damage|p1a: Haxorus|76\/100|[from] Stealth Rock\n|turn|9\n|\n|t:|1700433496\n|move|p1a: Haxorus|Surf|p2a: Chesnaught\n|-resisted|p2a: Chesnaught\n|-damage|p2a: Chesnaught|65\/100\n|move|p2a: Chesnaught|Body Press|p1a: Haxorus\n|-damage|p1a: Haxorus|0 fnt\n|faint|p1a: Haxorus\n|\n|-heal|p2a: Chesnaught|71\/100|[from] item: Leftovers\n|upkeep\n|\n|t:|1700433501\n|switch|p1a: Goomy|Goomy, F, shiny|100\/100\n|-damage|p1a: Goomy|88\/100|[from] Stealth Rock\n|turn|10\n|\n|t:|1700433510\n|move|p2a: Chesnaught|Body Press|p1a: Goomy\n|-damage|p1a: Goomy|0 fnt\n|faint|p1a: Goomy\n|\n|win|SheldonShellington\n","uploadtime":1700433519,"views":49,"p1id":"endlessc4lamity","p2id":"sheldonshellington","formatid":"gen9nationaldex","rating":0,"private":0,"password":""}