{"id":"gen9nationaldex-1989946251","p1":"Zaralacatunga","p2":"FEARFEARFEARFEAR","format":"[Gen 9] National Dex","log":"|j|\u2606Zaralacatunga\n|j|\u2606FEARFEARFEARFEAR\n|t:|1699909093\n|gametype|singles\n|player|p1|Zaralacatunga|steven|1056\n|player|p2|FEARFEARFEARFEAR|ghetsis|1130\n|teamsize|p1|6\n|teamsize|p2|6\n|gen|9\n|tier|[Gen 9] National Dex\n|rated|\n|rule|HP Percentage Mod: HP is shown in percentages\n|rule|Endless Battle Clause: Forcing endless battles is banned\n|rule|OHKO Clause: OHKO moves are banned\n|rule|Evasion Clause: Evasion abilities, items, and moves are banned\n|rule|Evasion Abilities Clause: Evasion abilities are banned\n|rule|Evasion Items Clause: Evasion items are banned\n|rule|Evasion Moves Clause: Evasion moves are banned\n|rule|Species Clause: Limit one of each Pok\u00e9mon\n|rule|Sleep Clause Mod: Limit one foe put to sleep\n|clearpoke\n|poke|p1|Quagsire, F|\n|poke|p1|Scizor, F|\n|poke|p1|Drapion, F|\n|poke|p1|Zoroark-Hisui, M|\n|poke|p1|Jolteon, F|\n|poke|p1|Snorlax, F|\n|poke|p2|Salazzle, F|\n|poke|p2|Magnemite, L1|\n|poke|p2|Probopass, L2, M|\n|poke|p2|Mandibuzz, F|\n|poke|p2|Nosepass, L1, M|\n|poke|p2|Tentacruel, M|\n|teampreview\n|c|\u2606Zaralacatunga|Glhf\n|c|\u2606FEARFEARFEARFEAR|thx\n|inactive|Battle timer is ON: inactive players will automatically lose when time's up. (requested by Zaralacatunga)\n|\n|t:|1699909155\n|start\n|switch|p1a: Drapion|Drapion, F|100\/100\n|switch|p2a: Sh\ud83d\udca9tsquid|Tentacruel, M|100\/100\n|turn|1\n|\n|t:|1699909164\n|switch|p2a: No Fun Allowed|Salazzle, F|100\/100\n|move|p1a: Drapion|Toxic Spikes|p2a: No Fun Allowed\n|-sidestart|p2: FEARFEARFEARFEAR|move: Toxic Spikes\n|\n|upkeep\n|turn|2\n|\n|t:|1699909175\n|move|p2a: No Fun Allowed|Toxic|p1a: Drapion\n|-status|p1a: Drapion|tox\n|move|p1a: Drapion|Substitute|p1a: Drapion\n|-start|p1a: Drapion|Substitute\n|-damage|p1a: Drapion|75\/100 tox\n|\n|-heal|p1a: Drapion|82\/100 tox|[from] item: Black Sludge\n|-damage|p1a: Drapion|75\/100 tox|[from] psn\n|upkeep\n|turn|3\n|inactive|FEARFEARFEARFEAR has 120 seconds left.\n|inactive|FEARFEARFEARFEAR has 90 seconds left.\n|\n|t:|1699909247\n|move|p2a: No Fun Allowed|Substitute|p2a: No Fun Allowed\n|-start|p2a: No Fun Allowed|Substitute\n|-damage|p2a: No Fun Allowed|76\/100\n|move|p1a: Drapion|Crunch|p2a: No Fun Allowed\n|-end|p2a: No Fun Allowed|Substitute\n|\n|-heal|p2a: No Fun Allowed|82\/100|[from] item: Leftovers\n|-heal|p1a: Drapion|82\/100 tox|[from] item: Black Sludge\n|-damage|p1a: Drapion|69\/100 tox|[from] psn\n|upkeep\n|turn|4\n|\n|t:|1699909260\n|move|p2a: No Fun Allowed|Protect|p2a: No Fun Allowed\n|-singleturn|p2a: No Fun Allowed|Protect\n|move|p1a: Drapion|Crunch|p2a: No Fun Allowed\n|-activate|p2a: No Fun Allowed|move: Protect\n|\n|-heal|p2a: No Fun Allowed|88\/100|[from] item: Leftovers\n|-heal|p1a: Drapion|75\/100 tox|[from] item: Black Sludge\n|-damage|p1a: Drapion|57\/100 tox|[from] psn\n|upkeep\n|turn|5\n|\n|t:|1699909273\n|switch|p1a: Snorlax|Snorlax, F|100\/100\n|move|p2a: No Fun Allowed|Substitute|p2a: No Fun Allowed\n|-start|p2a: No Fun Allowed|Substitute\n|-damage|p2a: No Fun Allowed|63\/100\n|\n|-heal|p2a: No Fun Allowed|69\/100|[from] item: Leftovers\n|upkeep\n|turn|6\n|\n|t:|1699909288\n|move|p2a: No Fun Allowed|Toxic|p1a: Snorlax\n|-immune|p1a: Snorlax|[from] ability: Immunity\n|move|p1a: Snorlax|Body Press|p2a: No Fun Allowed\n|-resisted|p2a: No Fun Allowed\n|-activate|p2a: No Fun Allowed|move: Substitute|[damage]\n|\n|-heal|p2a: No Fun Allowed|75\/100|[from] item: Leftovers\n|upkeep\n|turn|7\n|\n|t:|1699909302\n|move|p2a: No Fun Allowed|Protect|p2a: No Fun Allowed\n|-singleturn|p2a: No Fun Allowed|Protect\n|move|p1a: Snorlax|Body Slam|p2a: No Fun Allowed\n|-activate|p2a: No Fun Allowed|move: Protect\n|\n|-heal|p2a: No Fun Allowed|81\/100|[from] item: Leftovers\n|upkeep\n|turn|8\n|\n|t:|1699909310\n|move|p2a: No Fun Allowed|Flamethrower|p1a: Snorlax\n|-damage|p1a: Snorlax|75\/100\n|move|p1a: Snorlax|Curse|p1a: Snorlax\n|-unboost|p1a: Snorlax|spe|1\n|-boost|p1a: Snorlax|atk|1\n|-boost|p1a: Snorlax|def|1\n|\n|-heal|p2a: No Fun Allowed|88\/100|[from] item: Leftovers\n|-heal|p1a: Snorlax|81\/100|[from] item: Leftovers\n|upkeep\n|turn|9\n|\n|t:|1699909324\n|move|p2a: No Fun Allowed|Flamethrower|p1a: Snorlax\n|-damage|p1a: Snorlax|57\/100\n|move|p1a: Snorlax|Body Slam|p2a: No Fun Allowed\n|-end|p2a: No Fun Allowed|Substitute\n|\n|-heal|p2a: No Fun Allowed|94\/100|[from] item: Leftovers\n|-heal|p1a: Snorlax|63\/100|[from] item: Leftovers\n|upkeep\n|turn|10\n|\n|t:|1699909335\n|switch|p2a: Sh\ud83d\udca9tsquid|Tentacruel, M|100\/100\n|-sideend|p2: FEARFEARFEARFEAR|move: Toxic Spikes|[of] p2a: Sh\ud83d\udca9tsquid\n|-terastallize|p1a: Snorlax|Normal\n|move|p1a: Snorlax|Body Slam|p2a: Sh\ud83d\udca9tsquid\n|-damage|p2a: Sh\ud83d\udca9tsquid|11\/100\n|\n|-heal|p2a: Sh\ud83d\udca9tsquid|17\/100|[from] item: Leftovers\n|-heal|p1a: Snorlax|69\/100|[from] item: Leftovers\n|upkeep\n|turn|11\n|inactive|FEARFEARFEARFEAR has 120 seconds left.\n|\n|t:|1699909350\n|move|p2a: Sh\ud83d\udca9tsquid|Knock Off|p1a: Snorlax\n|-damage|p1a: Snorlax|64\/100\n|-enditem|p1a: Snorlax|Leftovers|[from] move: Knock Off|[of] p2a: Sh\ud83d\udca9tsquid\n|move|p1a: Snorlax|Curse|p1a: Snorlax\n|-unboost|p1a: Snorlax|spe|1\n|-boost|p1a: Snorlax|atk|1\n|-boost|p1a: Snorlax|def|1\n|\n|-heal|p2a: Sh\ud83d\udca9tsquid|23\/100|[from] item: Leftovers\n|upkeep\n|turn|12\n|inactive|FEARFEARFEARFEAR has 120 seconds left.\n|\n|t:|1699909361\n|move|p2a: Sh\ud83d\udca9tsquid|Scald|p1a: Snorlax\n|-damage|p1a: Snorlax|50\/100\n|-status|p1a: Snorlax|brn\n|move|p1a: Snorlax|Body Slam|p2a: Sh\ud83d\udca9tsquid\n|-damage|p2a: Sh\ud83d\udca9tsquid|0 fnt\n|faint|p2a: Sh\ud83d\udca9tsquid\n|\n|-damage|p1a: Snorlax|44\/100 brn|[from] brn\n|upkeep\n|inactive|FEARFEARFEARFEAR has 120 seconds left.\n|\n|t:|1699909366\n|switch|p2a: No Fun Allowed|Salazzle, F|94\/100\n|turn|13\n|\n|t:|1699909374\n|move|p2a: No Fun Allowed|Substitute|p2a: No Fun Allowed\n|-start|p2a: No Fun Allowed|Substitute\n|-damage|p2a: No Fun Allowed|69\/100\n|move|p1a: Snorlax|Body Slam|p2a: No Fun Allowed\n|-crit|p2a: No Fun Allowed\n|-end|p2a: No Fun Allowed|Substitute\n|\n|-heal|p2a: No Fun Allowed|75\/100|[from] item: Leftovers\n|-damage|p1a: Snorlax|38\/100 brn|[from] brn\n|upkeep\n|turn|14\n|\n|t:|1699909385\n|move|p2a: No Fun Allowed|Substitute|p2a: No Fun Allowed\n|-start|p2a: No Fun Allowed|Substitute\n|-damage|p2a: No Fun Allowed|50\/100\n|move|p1a: Snorlax|Curse|p1a: Snorlax\n|-unboost|p1a: Snorlax|spe|1\n|-boost|p1a: Snorlax|atk|1\n|-boost|p1a: Snorlax|def|1\n|\n|-heal|p2a: No Fun Allowed|56\/100|[from] item: Leftovers\n|-damage|p1a: Snorlax|32\/100 brn|[from] brn\n|upkeep\n|turn|15\n|\n|t:|1699909396\n|move|p2a: No Fun Allowed|Flamethrower|p1a: Snorlax\n|-damage|p1a: Snorlax|6\/100 brn\n|move|p1a: Snorlax|Body Slam|p2a: No Fun Allowed\n|-end|p2a: No Fun Allowed|Substitute\n|\n|-heal|p2a: No Fun Allowed|62\/100|[from] item: Leftovers\n|-damage|p1a: Snorlax|0 fnt|[from] brn\n|faint|p1a: Snorlax\n|upkeep\n|\n|t:|1699909416\n|switch|p1a: Jolteon|Jolteon, F|100\/100\n|turn|16\n|\n|t:|1699909435\n|move|p2a: No Fun Allowed|Protect|p2a: No Fun Allowed\n|-singleturn|p2a: No Fun Allowed|Protect\n|move|p1a: Jolteon|Volt Switch|p2a: No Fun Allowed\n|-activate|p2a: No Fun Allowed|move: Protect\n|\n|-heal|p2a: No Fun Allowed|68\/100|[from] item: Leftovers\n|-status|p1a: Jolteon|brn|[from] item: Flame Orb\n|upkeep\n|turn|17\n|\n|t:|1699909447\n|switch|p2a: Literally Level 1|Magnemite, L1|100\/100\n|move|p1a: Jolteon|Electro Ball|p2a: Literally Level 1\n|-resisted|p2a: Literally Level 1\n|-ability|p2a: Literally Level 1|Sturdy\n|-damage|p2a: Literally Level 1|10\/100\n|-enditem|p2a: Literally Level 1|Berry Juice\n|-heal|p2a: Literally Level 1|100\/100|[from] item: Berry Juice\n|\n|-damage|p1a: Jolteon|95\/100 brn|[from] brn\n|upkeep\n|turn|18\n|\n|t:|1699909471\n|move|p1a: Jolteon|Volt Switch|p2a: Literally Level 1\n|-resisted|p2a: Literally Level 1\n|-ability|p2a: Literally Level 1|Sturdy\n|-damage|p2a: Literally Level 1|10\/100\n|\n|t:|1699909478\n|switch|p1a: Quagsire|Quagsire, F|100\/100|[from] Volt Switch\n|move|p2a: Literally Level 1|Recycle|p2a: Literally Level 1\n|-item|p2a: Literally Level 1|Berry Juice|[from] move: Recycle\n|-enditem|p2a: Literally Level 1|Berry Juice\n|-heal|p2a: Literally Level 1|100\/100|[from] item: Berry Juice\n|\n|upkeep\n|turn|19\n|\n|t:|1699909488\n|move|p1a: Quagsire|Swagger|p2a: Literally Level 1\n|-boost|p2a: Literally Level 1|atk|2\n|-enditem|p1a: Quagsire|Mirror Herb\n|-boost|p1a: Quagsire|atk|2|[from] item: Mirror Herb\n|-start|p2a: Literally Level 1|confusion\n|-activate|p2a: Literally Level 1|confusion\n|move|p2a: Literally Level 1|Recycle|p2a: Literally Level 1\n|-item|p2a: Literally Level 1|Berry Juice|[from] move: Recycle\n|\n|upkeep\n|turn|20\n|\n|t:|1699909499\n|switch|p2a: Sh\ud83d\udca9tbird|Mandibuzz, F|100\/100\n|move|p1a: Quagsire|Waterfall|p2a: Sh\ud83d\udca9tbird\n|-damage|p2a: Sh\ud83d\udca9tbird|60\/100\n|\n|upkeep\n|turn|21\n|\n|t:|1699909506\n|move|p2a: Sh\ud83d\udca9tbird|Toxic|p1a: Quagsire\n|-status|p1a: Quagsire|tox\n|move|p1a: Quagsire|Waterfall|p2a: Sh\ud83d\udca9tbird\n|-damage|p2a: Sh\ud83d\udca9tbird|18\/100\n|\n|-damage|p1a: Quagsire|94\/100 tox|[from] psn\n|upkeep\n|turn|22\n|\n|t:|1699909516\n|move|p2a: Sh\ud83d\udca9tbird|Roost|p2a: Sh\ud83d\udca9tbird\n|-heal|p2a: Sh\ud83d\udca9tbird|68\/100\n|-singleturn|p2a: Sh\ud83d\udca9tbird|move: Roost\n|move|p1a: Quagsire|Waterfall|p2a: Sh\ud83d\udca9tbird\n|-damage|p2a: Sh\ud83d\udca9tbird|26\/100\n|\n|-damage|p1a: Quagsire|82\/100 tox|[from] psn\n|upkeep\n|turn|23\n|\n|t:|1699909528\n|switch|p2a: Literally Level 1|Magnemite, L1|100\/100\n|move|p1a: Quagsire|Waterfall|p2a: Literally Level 1\n|-crit|p2a: Literally Level 1\n|-ability|p2a: Literally Level 1|Sturdy\n|-damage|p2a: Literally Level 1|10\/100\n|-enditem|p2a: Literally Level 1|Berry Juice\n|-heal|p2a: Literally Level 1|100\/100|[from] item: Berry Juice\n|\n|-damage|p1a: Quagsire|63\/100 tox|[from] psn\n|upkeep\n|turn|24\n|\n|t:|1699909539\n|move|p2a: Literally Level 1|Protect|p2a: Literally Level 1\n|-singleturn|p2a: Literally Level 1|Protect\n|move|p1a: Quagsire|Swagger|p2a: Literally Level 1\n|-activate|p2a: Literally Level 1|move: Protect\n|\n|-damage|p1a: Quagsire|39\/100 tox|[from] psn\n|upkeep\n|turn|25\n|\n|t:|1699909562\n|move|p1a: Quagsire|Recover|p1a: Quagsire\n|-heal|p1a: Quagsire|89\/100 tox\n|move|p2a: Literally Level 1|Recycle|p2a: Literally Level 1\n|-item|p2a: Literally Level 1|Berry Juice|[from] move: Recycle\n|\n|-damage|p1a: Quagsire|58\/100 tox|[from] psn\n|upkeep\n|turn|26\n|\n|t:|1699909570\n|move|p2a: Literally Level 1|Protect|p2a: Literally Level 1\n|-singleturn|p2a: Literally Level 1|Protect\n|move|p1a: Quagsire|Recover|p1a: Quagsire\n|-heal|p1a: Quagsire|100\/100 tox\n|\n|-damage|p1a: Quagsire|63\/100 tox|[from] psn\n|upkeep\n|turn|27\n|\n|t:|1699909586\n|move|p1a: Quagsire|Swagger|p2a: Literally Level 1\n|-boost|p2a: Literally Level 1|atk|2\n|-start|p2a: Literally Level 1|confusion\n|-activate|p2a: Literally Level 1|confusion\n|-damage|p2a: Literally Level 1|73\/100|[from] confusion\n|\n|-damage|p1a: Quagsire|20\/100 tox|[from] psn\n|upkeep\n|turn|28\n|\n|t:|1699909596\n|-end|p2a: Literally Level 1|confusion\n|move|p2a: Literally Level 1|Protect|p2a: Literally Level 1\n|-singleturn|p2a: Literally Level 1|Protect\n|move|p1a: Quagsire|Waterfall|p2a: Literally Level 1\n|-activate|p2a: Literally Level 1|move: Protect\n|\n|-damage|p1a: Quagsire|0 fnt|[from] psn\n|faint|p1a: Quagsire\n|upkeep\n|\n|t:|1699909610\n|switch|p1a: Scizor|Scizor, F|100\/100\n|turn|29\n|\n|t:|1699909629\n|switch|p2a: Sh\ud83d\udca9tbird|Mandibuzz, F|26\/100\n|move|p1a: Scizor|Swords Dance|p1a: Scizor\n|-boost|p1a: Scizor|atk|2\n|\n|upkeep\n|turn|30\n|\n|t:|1699909636\n|move|p1a: Scizor|Focus Energy|p1a: Scizor\n|-start|p1a: Scizor|move: Focus Energy\n|move|p2a: Sh\ud83d\udca9tbird|Foul Play|p1a: Scizor\n|-damage|p1a: Scizor|0 fnt\n|faint|p1a: Scizor\n|\n|upkeep\n|\n|t:|1699909646\n|switch|p1a: Drapion|Drapion, F|100\/100\n|turn|31\n|\n|t:|1699909657\n|switch|p2a: Literally Level 1|Magnemite, L1|73\/100\n|move|p1a: Drapion|Nasty Plot|p1a: Drapion\n|-boost|p1a: Drapion|spa|2\n|\n|upkeep\n|turn|32\n|\n|t:|1699909664\n|move|p1a: Drapion|Hyper Voice|p2a: Literally Level 1\n|-resisted|p2a: Literally Level 1\n|-damage|p2a: Literally Level 1|0 fnt\n|faint|p2a: Literally Level 1\n|-enditem|p1a: Drapion|Throat Spray\n|-boost|p1a: Drapion|spa|1|[from] item: Throat Spray\n|\n|upkeep\n|\n|t:|1699909674\n|switch|p2a: Click the \u274c|Nosepass, L1, M, shiny|100\/100\n|turn|33\n|\n|t:|1699909679\n|move|p1a: Drapion|Curse|p2a: Click the \u274c\n|-start|p2a: Click the \u274c|Curse|[of] p1a: Drapion\n|-damage|p1a: Drapion|50\/100\n|move|p2a: Click the \u274c|Toxic|p1a: Drapion\n|-status|p1a: Drapion|tox\n|\n|-damage|p1a: Drapion|45\/100 tox|[from] psn\n|-damage|p2a: Click the \u274c|82\/100|[from] Curse\n|upkeep\n|turn|34\n|inactive|FEARFEARFEARFEAR has 120 seconds left.\n|\n|t:|1699909714\n|move|p2a: Click the \u274c|Protect|p2a: Click the \u274c\n|-singleturn|p2a: Click the \u274c|Protect\n|move|p1a: Drapion|Hyper Voice|p2a: Click the \u274c\n|-activate|p2a: Click the \u274c|move: Protect\n|\n|-damage|p1a: Drapion|33\/100 tox|[from] psn\n|-damage|p2a: Click the \u274c|64\/100|[from] Curse\n|upkeep\n|turn|35\n|\n|t:|1699909725\n|move|p2a: Click the \u274c|Protect||[still]\n|-fail|p2a: Click the \u274c\n|move|p1a: Drapion|Hyper Voice|p2a: Click the \u274c\n|-resisted|p2a: Click the \u274c\n|-damage|p2a: Click the \u274c|0 fnt\n|faint|p2a: Click the \u274c\n|\n|-damage|p1a: Drapion|15\/100 tox|[from] psn\n|upkeep\n|inactive|FEARFEARFEARFEAR has 120 seconds left.\n|\n|t:|1699909753\n|switch|p2a: No Fun Allowed|Salazzle, F|68\/100\n|turn|36\n|\n|t:|1699909757\n|move|p2a: No Fun Allowed|Protect|p2a: No Fun Allowed\n|-singleturn|p2a: No Fun Allowed|Protect\n|move|p1a: Drapion|Hyper Voice|p2a: No Fun Allowed\n|-activate|p2a: No Fun Allowed|move: Protect\n|\n|-heal|p2a: No Fun Allowed|75\/100|[from] item: Leftovers\n|-damage|p1a: Drapion|0 fnt|[from] psn\n|faint|p1a: Drapion\n|upkeep\n|\n|t:|1699909766\n|switch|p1a: Jolteon|Jolteon, F|95\/100 brn\n|turn|37\n|\n|t:|1699909776\n|switch|p2a: Sh\ud83d\udca9tbird|Mandibuzz, F|26\/100\n|move|p1a: Jolteon|Electro Ball|p2a: Sh\ud83d\udca9tbird\n|-supereffective|p2a: Sh\ud83d\udca9tbird\n|-damage|p2a: Sh\ud83d\udca9tbird|0 fnt\n|faint|p2a: Sh\ud83d\udca9tbird\n|\n|-damage|p1a: Jolteon|89\/100 brn|[from] brn\n|upkeep\n|\n|t:|1699909780\n|switch|p2a: Level2\ufe0f\u20e3Level2\ufe0f\u20e3|Probopass, L2, M, shiny|100\/100\n|turn|38\n|\n|t:|1699909789\n|switch|p1a: Drapion|Drapion, F|57\/100 tox\n|move|p2a: Level2\ufe0f\u20e3Level2\ufe0f\u20e3|Protect||[still]\n|-fail|p2a: Level2\ufe0f\u20e3Level2\ufe0f\u20e3\n|\n|-heal|p1a: Drapion|63\/100 tox|[from] item: Black Sludge\n|-damage|p1a: Drapion|57\/100 tox|[from] psn\n|upkeep\n|turn|39\n|\n|t:|1699909802\n|switch|p2a: No Fun Allowed|Salazzle, F|75\/100\n|move|p1a: Drapion|Substitute|p1a: Drapion\n|-start|p1a: Drapion|Substitute\n|-damage|p1a: Drapion|32\/100 tox\n|\n|-heal|p2a: No Fun Allowed|81\/100|[from] item: Leftovers\n|-heal|p1a: Drapion|38\/100 tox|[from] item: Black Sludge\n|-damage|p1a: Drapion|26\/100 tox|[from] psn\n|upkeep\n|turn|40\n|\n|t:|1699909813\n|move|p2a: No Fun Allowed|Substitute|p2a: No Fun Allowed\n|-start|p2a: No Fun Allowed|Substitute\n|-damage|p2a: No Fun Allowed|56\/100\n|move|p1a: Drapion|Crunch|p2a: No Fun Allowed\n|-end|p2a: No Fun Allowed|Substitute\n|\n|-heal|p2a: No Fun Allowed|62\/100|[from] item: Leftovers\n|-heal|p1a: Drapion|32\/100 tox|[from] item: Black Sludge\n|-damage|p1a: Drapion|14\/100 tox|[from] psn\n|upkeep\n|turn|41\n|\n|t:|1699909833\n|switch|p1a: Jolteon|Jolteon, F|89\/100 brn\n|move|p2a: No Fun Allowed|Protect||[still]\n|-fail|p2a: No Fun Allowed\n|\n|-heal|p2a: No Fun Allowed|68\/100|[from] item: Leftovers\n|-damage|p1a: Jolteon|83\/100 brn|[from] brn\n|upkeep\n|turn|42\n|\n|t:|1699909846\n|move|p2a: No Fun Allowed|Protect|p2a: No Fun Allowed\n|-singleturn|p2a: No Fun Allowed|Protect\n|move|p1a: Jolteon|Electro Ball|p2a: No Fun Allowed\n|-activate|p2a: No Fun Allowed|move: Protect\n|\n|-heal|p2a: No Fun Allowed|74\/100|[from] item: Leftovers\n|-damage|p1a: Jolteon|77\/100 brn|[from] brn\n|upkeep\n|turn|43\n|\n|t:|1699909855\n|move|p1a: Jolteon|Electro Ball|p2a: No Fun Allowed\n|-damage|p2a: No Fun Allowed|18\/100\n|move|p2a: No Fun Allowed|Flamethrower|p1a: Jolteon\n|-damage|p1a: Jolteon|19\/100 brn\n|\n|-heal|p2a: No Fun Allowed|24\/100|[from] item: Leftovers\n|-damage|p1a: Jolteon|13\/100 brn|[from] brn\n|upkeep\n|turn|44\n|c|\u2606FEARFEARFEARFEAR|electro ball screwed you\n|c|\u2606FEARFEARFEARFEAR|shoulda used thunderbolt\n|\n|t:|1699909867\n|move|p2a: No Fun Allowed|Protect|p2a: No Fun Allowed\n|-singleturn|p2a: No Fun Allowed|Protect\n|move|p1a: Jolteon|Electro Ball|p2a: No Fun Allowed\n|-activate|p2a: No Fun Allowed|move: Protect\n|\n|-heal|p2a: No Fun Allowed|30\/100|[from] item: Leftovers\n|-damage|p1a: Jolteon|7\/100 brn|[from] brn\n|upkeep\n|turn|45\n|\n|t:|1699909880\n|move|p2a: No Fun Allowed|Protect||[still]\n|-fail|p2a: No Fun Allowed\n|move|p1a: Jolteon|Electro Ball|p2a: No Fun Allowed\n|-damage|p2a: No Fun Allowed|0 fnt\n|faint|p2a: No Fun Allowed\n|\n|-damage|p1a: Jolteon|1\/100 brn|[from] brn\n|upkeep\n|\n|t:|1699909882\n|switch|p2a: Level2\ufe0f\u20e3Level2\ufe0f\u20e3|Probopass, L2, M, shiny|100\/100\n|turn|46\n|\n|t:|1699909893\n|move|p2a: Level2\ufe0f\u20e3Level2\ufe0f\u20e3|Protect|p2a: Level2\ufe0f\u20e3Level2\ufe0f\u20e3\n|-singleturn|p2a: Level2\ufe0f\u20e3Level2\ufe0f\u20e3|Protect\n|move|p1a: Jolteon|Volt Switch|p2a: Level2\ufe0f\u20e3Level2\ufe0f\u20e3\n|-activate|p2a: Level2\ufe0f\u20e3Level2\ufe0f\u20e3|move: Protect\n|\n|-damage|p1a: Jolteon|0 fnt|[from] brn\n|faint|p1a: Jolteon\n|upkeep\n|c|\u2606Zaralacatunga|Electroball is stronger with quick feet\n|\n|t:|1699909913\n|switch|p1a: Drapion|Drapion, F|14\/100 tox\n|turn|47\n|c|\u2606FEARFEARFEARFEAR|not against fast pokemon like salazzle\n|c|\u2606FEARFEARFEARFEAR|and I guarantee ur modest, not timid\n|c|\u2606FEARFEARFEARFEAR|!dt timid\nTimid nature: +10% Speed, -10% Attack.\n|inactive|FEARFEARFEARFEAR has 120 seconds left.\n|c|\u2606FEARFEARFEARFEAR|!dt modest\nModest nature: +10% Special Attack, -10% Attack.\n|c|\u2606Zaralacatunga|True\n|c|\u2606FEARFEARFEARFEAR|Just use Choice Specs thunderbolt lol\n|\n|t:|1699909960\n|move|p1a: Drapion|Crunch|p2a: Level2\ufe0f\u20e3Level2\ufe0f\u20e3\n|-ability|p2a: Level2\ufe0f\u20e3Level2\ufe0f\u20e3|Sturdy\n|-damage|p2a: Level2\ufe0f\u20e3Level2\ufe0f\u20e3|8\/100\n|-enditem|p2a: Level2\ufe0f\u20e3Level2\ufe0f\u20e3|Berry Juice\n|-heal|p2a: Level2\ufe0f\u20e3Level2\ufe0f\u20e3|100\/100|[from] item: Berry Juice\n|move|p2a: Level2\ufe0f\u20e3Level2\ufe0f\u20e3|Pain Split|p1a: Drapion\n|-sethp|p1a: Drapion|9\/100 tox|[from] move: Pain Split|[silent]\n|-sethp|p2a: Level2\ufe0f\u20e3Level2\ufe0f\u20e3|100\/100|[from] move: Pain Split\n|\n|-heal|p1a: Drapion|15\/100 tox|[from] item: Black Sludge\n|-damage|p1a: Drapion|9\/100 tox|[from] psn\n|upkeep\n|turn|48\n|c|\u2606Zaralacatunga|Gg\n|c|\u2606FEARFEARFEARFEAR|gg\n|\n|t:|1699909975\n|move|p2a: Level2\ufe0f\u20e3Level2\ufe0f\u20e3|Protect|p2a: Level2\ufe0f\u20e3Level2\ufe0f\u20e3\n|-singleturn|p2a: Level2\ufe0f\u20e3Level2\ufe0f\u20e3|Protect\n|move|p1a: Drapion|Crunch|p2a: Level2\ufe0f\u20e3Level2\ufe0f\u20e3\n|-activate|p2a: Level2\ufe0f\u20e3Level2\ufe0f\u20e3|move: Protect\n|\n|-heal|p1a: Drapion|15\/100 tox|[from] item: Black Sludge\n|-damage|p1a: Drapion|3\/100 tox|[from] psn\n|upkeep\n|turn|49\n|inactive|FEARFEARFEARFEAR has 120 seconds left.\n|\n|t:|1699909985\n|move|p2a: Level2\ufe0f\u20e3Level2\ufe0f\u20e3|Protect||[still]\n|-fail|p2a: Level2\ufe0f\u20e3Level2\ufe0f\u20e3\n|move|p1a: Drapion|Crunch|p2a: Level2\ufe0f\u20e3Level2\ufe0f\u20e3\n|-ability|p2a: Level2\ufe0f\u20e3Level2\ufe0f\u20e3|Sturdy\n|-damage|p2a: Level2\ufe0f\u20e3Level2\ufe0f\u20e3|8\/100\n|\n|-heal|p1a: Drapion|9\/100 tox|[from] item: Black Sludge\n|-damage|p1a: Drapion|0 fnt|[from] psn\n|faint|p1a: Drapion\n|\n|win|FEARFEARFEARFEAR\n|upkeep\n|raw|Zaralacatunga's rating: 1056 &rarr; <strong>1044<\/strong><br \/>(-12 for losing)\n|raw|FEARFEARFEARFEAR's rating: 1178 &rarr; <strong>1195<\/strong><br \/>(+17 for winning)\n","uploadtime":1699909997,"views":4,"p1id":"zaralacatunga","p2id":"fearfearfearfear","formatid":"gen9nationaldex","rating":1044,"private":0,"password":""}