{"id":"gen9nationaldex-1996010248","p1":"Funny jumpioi","p2":"gnome attack","format":"[Gen 9] National Dex","log":"|html|<div class=\"broadcast-blue\"><strong>[Gen 9] National Dex is currently suspecting Sneasler! For information on how to participate check out the <a href=\"https:\/\/www.smogon.com\/forums\/threads\/sv-national-dex-suspect-8-just-dance.3731534\/\">suspect thread<\/a>.<\/strong><\/div>\n|j|\u2606Funny jumpioi\n|j|\u2606gnome attack\n|t:|1700628904\n|gametype|singles\n|player|p1|Funny jumpioi|dawn|1385\n|player|p2|gnome attack|kris-gen2|1600\n|teamsize|p1|6\n|teamsize|p2|6\n|gen|9\n|tier|[Gen 9] National Dex\n|rated|\n|rule|HP Percentage Mod: HP is shown in percentages\n|rule|Endless Battle Clause: Forcing endless battles is banned\n|rule|OHKO Clause: OHKO moves are banned\n|rule|Evasion Clause: Evasion abilities, items, and moves are banned\n|rule|Evasion Abilities Clause: Evasion abilities are banned\n|rule|Evasion Items Clause: Evasion items are banned\n|rule|Evasion Moves Clause: Evasion moves are banned\n|rule|Species Clause: Limit one of each Pok\u00e9mon\n|rule|Sleep Clause Mod: Limit one foe put to sleep\n|clearpoke\n|poke|p1|Enamorus, F|\n|poke|p1|Slowking-Galar, M|\n|poke|p1|Ting-Lu|\n|poke|p1|Garganacl, M|\n|poke|p1|Moltres|\n|poke|p1|Buzzwole|\n|poke|p2|Ogerpon-Wellspring, F|\n|poke|p2|Landorus-Therian, M|\n|poke|p2|Tapu Lele|\n|poke|p2|Zamazenta-*|\n|poke|p2|Heatran, M|\n|poke|p2|Slowking-Galar, F|\n|teampreview\n|\n|t:|1700628928\n|start\n|switch|p1a: Enamorus|Enamorus, F|100\/100\n|switch|p2a: Zamazenta|Zamazenta|100\/100\n|-ability|p2a: Zamazenta|Dauntless Shield|boost\n|-boost|p2a: Zamazenta|def|1\n|turn|1\n|\n|t:|1700628938\n|switch|p1a: Moltres|Moltres|100\/100\n|move|p2a: Zamazenta|Stone Edge|p1a: Moltres|[miss]\n|-miss|p2a: Zamazenta|p1a: Moltres\n|\n|upkeep\n|turn|2\n|\n|t:|1700628947\n|switch|p1a: Buzzwole|Buzzwole|100\/100\n|move|p2a: Zamazenta|Stone Edge|p1a: Buzzwole|[miss]\n|-miss|p2a: Zamazenta|p1a: Buzzwole\n|\n|upkeep\n|turn|3\n|c|\u2606gnome attack|lol\n|\n|t:|1700628969\n|switch|p2a: Tapu Lele|Tapu Lele|100\/100\n|-fieldstart|move: Psychic Terrain|[from] ability: Psychic Surge|[of] p2a: Tapu Lele\n|move|p1a: Buzzwole|Ice Punch|p2a: Tapu Lele\n|-damage|p2a: Tapu Lele|64\/100\n|\n|upkeep\n|turn|4\n|\n|t:|1700628977\n|switch|p1a: Slowking|Slowking-Galar, M|100\/100\n|move|p2a: Tapu Lele|Moonblast|p1a: Slowking\n|-resisted|p1a: Slowking\n|-damage|p1a: Slowking|87\/100\n|-unboost|p1a: Slowking|spa|1\n|\n|upkeep\n|turn|5\n|\n|t:|1700628991\n|switch|p2a: Zamazenta|Zamazenta|100\/100\n|move|p1a: Slowking|Future Sight|p2a: Zamazenta\n|-start|p1a: Slowking|move: Future Sight\n|\n|upkeep\n|turn|6\n|\n|t:|1700629002\n|move|p2a: Zamazenta|Crunch|p1a: Slowking\n|-supereffective|p1a: Slowking\n|-damage|p1a: Slowking|29\/100\n|move|p1a: Slowking|Chilly Reception|p1a: Slowking\n|-weather|Snow\n|\n|t:|1700629019\n|switch|p1a: Ting-Lu|Ting-Lu|100\/100|[from] Chilly Reception\n|-ability|p1a: Ting-Lu|Vessel of Ruin\n|\n|-weather|Snow|[upkeep]\n|upkeep\n|turn|7\n|\n|t:|1700629038\n|move|p2a: Zamazenta|Close Combat|p1a: Ting-Lu\n|-supereffective|p1a: Ting-Lu\n|-damage|p1a: Ting-Lu|38\/100\n|-unboost|p2a: Zamazenta|def|1\n|-unboost|p2a: Zamazenta|spd|1\n|move|p1a: Ting-Lu|Spikes|p2a: Zamazenta\n|-sidestart|p2: gnome attack|Spikes\n|\n|-weather|Snow|[upkeep]\n|-end|p2a: Zamazenta|move: Future Sight\n|-supereffective|p2a: Zamazenta\n|-damage|p2a: Zamazenta|0 fnt\n|faint|p2a: Zamazenta\n|-heal|p1a: Ting-Lu|44\/100|[from] item: Leftovers\n|-fieldend|move: Psychic Terrain\n|upkeep\n|\n|t:|1700629046\n|switch|p2a: Ogerpon|Ogerpon-Wellspring, F|100\/100\n|-damage|p2a: Ogerpon|88\/100|[from] Spikes\n|turn|8\n|\n|t:|1700629057\n|move|p2a: Ogerpon|Swords Dance|p2a: Ogerpon\n|-boost|p2a: Ogerpon|atk|2\n|move|p1a: Ting-Lu|Whirlwind|p2a: Ogerpon\n|drag|p2a: Slowking|Slowking-Galar, F|100\/100\n|\n|-weather|Snow|[upkeep]\n|-heal|p1a: Ting-Lu|51\/100|[from] item: Leftovers\n|upkeep\n|turn|9\n|\n|t:|1700629063\n|switch|p2a: Landorus|Landorus-Therian, M|100\/100\n|-ability|p2a: Landorus|Intimidate|boost\n|-unboost|p1a: Ting-Lu|atk|1\n|move|p1a: Ting-Lu|Spikes|p2a: Landorus\n|-sidestart|p2: gnome attack|Spikes\n|\n|-weather|Snow|[upkeep]\n|-heal|p1a: Ting-Lu|57\/100|[from] item: Leftovers\n|upkeep\n|turn|10\n|\n|t:|1700629067\n|switch|p1a: Enamorus|Enamorus, F|100\/100\n|move|p2a: Landorus|Toxic|p1a: Enamorus\n|-status|p1a: Enamorus|tox\n|\n|-weather|none\n|-damage|p1a: Enamorus|94\/100 tox|[from] psn\n|upkeep\n|turn|11\n|\n|t:|1700629072\n|move|p1a: Enamorus|Moonblast|p2a: Landorus\n|-damage|p2a: Landorus|13\/100\n|move|p2a: Landorus|Defog|p1a: Enamorus\n|-boost|p1a: Enamorus|evasion|1\n|-sideend|p2: gnome attack|Spikes|[from] move: Defog|[of] p2a: Landorus\n|\n|-damage|p1a: Enamorus|82\/100 tox|[from] psn\n|upkeep\n|turn|12\n|\n|t:|1700629079\n|switch|p1a: Moltres|Moltres|100\/100\n|switch|p2a: Slowking|Slowking-Galar, F|100\/100\n|\n|upkeep\n|turn|13\n|\n|t:|1700629082\n|move|p1a: Moltres|Scorching Sands|p2a: Slowking\n|-supereffective|p2a: Slowking\n|-damage|p2a: Slowking|68\/100\n|-status|p2a: Slowking|brn\n|move|p2a: Slowking|Thunder Wave|p1a: Moltres\n|-status|p1a: Moltres|par\n|\n|-damage|p2a: Slowking|62\/100 brn|[from] brn\n|upkeep\n|turn|14\n|\n|t:|1700629088\n|switch|p1a: Ting-Lu|Ting-Lu|57\/100\n|-ability|p1a: Ting-Lu|Vessel of Ruin\n|move|p2a: Slowking|Chilly Reception|p2a: Slowking\n|-weather|Snow\n|\n|t:|1700629091\n|switch|p2a: Tapu Lele|Tapu Lele|64\/100|[from] Chilly Reception\n|-fieldstart|move: Psychic Terrain|[from] ability: Psychic Surge|[of] p2a: Tapu Lele\n|\n|-weather|Snow|[upkeep]\n|-heal|p1a: Ting-Lu|63\/100|[from] item: Leftovers\n|upkeep\n|turn|15\n|\n|t:|1700629096\n|switch|p1a: Slowking|Slowking-Galar, M|62\/100\n|move|p2a: Tapu Lele|Moonblast|p1a: Slowking\n|-resisted|p1a: Slowking\n|-damage|p1a: Slowking|47\/100\n|\n|-weather|Snow|[upkeep]\n|upkeep\n|turn|16\n|\n|t:|1700629107\n|switch|p2a: Landorus|Landorus-Therian, M|13\/100\n|-ability|p2a: Landorus|Intimidate|boost\n|-unboost|p1a: Slowking|atk|1\n|move|p1a: Slowking|Future Sight|p2a: Landorus\n|-start|p1a: Slowking|move: Future Sight\n|\n|-weather|Snow|[upkeep]\n|upkeep\n|turn|17\n|\n|t:|1700629113\n|switch|p1a: Moltres|Moltres|100\/100 par\n|move|p2a: Landorus|U-turn|p1a: Moltres\n|-resisted|p1a: Moltres\n|-damage|p1a: Moltres|97\/100 par\n|-status|p2a: Landorus|brn|[from] ability: Flame Body|[of] p1a: Moltres\n|\n|t:|1700629117\n|switch|p2a: Ogerpon|Ogerpon-Wellspring, F|88\/100|[from] U-turn\n|\n|-weather|Snow|[upkeep]\n|upkeep\n|turn|18\n|\n|t:|1700629128\n|move|p2a: Ogerpon|Swords Dance|p2a: Ogerpon\n|-boost|p2a: Ogerpon|atk|2\n|cant|p1a: Moltres|par\n|\n|-weather|none\n|-end|p2a: Ogerpon|move: Future Sight\n|-damage|p2a: Ogerpon|25\/100\n|-fieldend|move: Psychic Terrain\n|upkeep\n|turn|19\n|\n|t:|1700629154\n|-terastallize|p1a: Moltres|Grass\n|move|p2a: Ogerpon|Ivy Cudgel|p1a: Moltres|[anim] Ivy Cudgel Water\n|-resisted|p1a: Moltres\n|-damage|p1a: Moltres|58\/100 par\n|move|p1a: Moltres|Flamethrower|p2a: Ogerpon\n|-damage|p2a: Ogerpon|0 fnt\n|faint|p2a: Ogerpon\n|\n|upkeep\n|\n|t:|1700629167\n|switch|p2a: Heatran|Heatran, M|100\/100\n|turn|20\n|\n|t:|1700629177\n|switch|p1a: Garganacl|Garganacl, M|100\/100\n|-terastallize|p2a: Heatran|Grass\n|move|p2a: Heatran|Magma Storm|p1a: Garganacl\n|-resisted|p1a: Garganacl\n|-damage|p1a: Garganacl|86\/100\n|-activate|p1a: Garganacl|move: Magma Storm|[of] p2a: Heatran\n|\n|-heal|p1a: Garganacl|93\/100|[from] item: Leftovers\n|-damage|p1a: Garganacl|80\/100|[from] move: Magma Storm|[partiallytrapped]\n|upkeep\n|turn|21\n|\n|t:|1700629191\n|move|p2a: Heatran|Stealth Rock|p1a: Garganacl\n|-sidestart|p1: Funny jumpioi|move: Stealth Rock\n|move|p1a: Garganacl|Salt Cure|p2a: Heatran\n|-damage|p2a: Heatran|88\/100\n|-start|p2a: Heatran|Salt Cure\n|\n|-heal|p2a: Heatran|94\/100|[from] item: Leftovers\n|-heal|p1a: Garganacl|86\/100|[from] item: Leftovers\n|-damage|p2a: Heatran|82\/100|[from] Salt Cure\n|-damage|p1a: Garganacl|74\/100|[from] move: Magma Storm|[partiallytrapped]\n|upkeep\n|turn|22\n|\n|t:|1700629195\n|switch|p2a: Slowking|Slowking-Galar, F|95\/100 brn\n|move|p1a: Garganacl|Protect||[still]\n|-fail|p1a: Garganacl\n|\n|-heal|p1a: Garganacl|80\/100|[from] item: Leftovers\n|-damage|p2a: Slowking|89\/100 brn|[from] brn\n|-end|p1a: Garganacl|Magma Storm|[partiallytrapped]|[silent]\n|upkeep\n|turn|23\n|\n|t:|1700629198\n|move|p1a: Garganacl|Stealth Rock|p2a: Slowking\n|-sidestart|p2: gnome attack|move: Stealth Rock\n|move|p2a: Slowking|Future Sight|p1a: Garganacl\n|-start|p2a: Slowking|move: Future Sight\n|\n|-heal|p1a: Garganacl|86\/100|[from] item: Leftovers\n|-damage|p2a: Slowking|83\/100 brn|[from] brn\n|upkeep\n|turn|24\n|\n|t:|1700629207\n|switch|p1a: Ting-Lu|Ting-Lu|63\/100\n|-damage|p1a: Ting-Lu|57\/100|[from] Stealth Rock\n|-ability|p1a: Ting-Lu|Vessel of Ruin\n|move|p2a: Slowking|Chilly Reception|p2a: Slowking\n|-weather|Snow\n|\n|t:|1700629211\n|switch|p2a: Heatran|Heatran, M, tera:Grass|82\/100|[from] Chilly Reception\n|-damage|p2a: Heatran|69\/100|[from] Stealth Rock\n|\n|-weather|Snow|[upkeep]\n|-heal|p2a: Heatran|76\/100|[from] item: Leftovers\n|-heal|p1a: Ting-Lu|63\/100|[from] item: Leftovers\n|upkeep\n|turn|25\n|\n|t:|1700629224\n|move|p2a: Heatran|Taunt|p1a: Ting-Lu\n|-start|p1a: Ting-Lu|move: Taunt\n|cant|p1a: Ting-Lu|move: Taunt|Whirlwind\n|\n|-weather|Snow|[upkeep]\n|-end|p1a: Ting-Lu|move: Future Sight\n|-immune|p1a: Ting-Lu\n|-heal|p2a: Heatran|82\/100|[from] item: Leftovers\n|-heal|p1a: Ting-Lu|69\/100|[from] item: Leftovers\n|upkeep\n|turn|26\n|\n|t:|1700629257\n|switch|p1a: Slowking|Slowking-Galar, M|80\/100\n|move|p2a: Heatran|Magma Storm|p1a: Slowking\n|-crit|p1a: Slowking\n|-damage|p1a: Slowking|44\/100\n|-activate|p1a: Slowking|move: Magma Storm|[of] p2a: Heatran\n|\n|-weather|Snow|[upkeep]\n|-heal|p2a: Heatran|88\/100|[from] item: Leftovers\n|-damage|p1a: Slowking|32\/100|[from] move: Magma Storm|[partiallytrapped]\n|upkeep\n|turn|27\n|\n|t:|1700629262\n|move|p2a: Heatran|Earth Power|p1a: Slowking\n|-supereffective|p1a: Slowking\n|-damage|p1a: Slowking|2\/100\n|move|p1a: Slowking|Sludge Bomb|p2a: Heatran\n|-supereffective|p2a: Heatran\n|-damage|p2a: Heatran|45\/100\n|\n|-weather|Snow|[upkeep]\n|-heal|p2a: Heatran|51\/100|[from] item: Leftovers\n|-damage|p1a: Slowking|0 fnt|[from] move: Magma Storm|[partiallytrapped]\n|faint|p1a: Slowking\n|upkeep\n|\n|t:|1700629278\n|switch|p1a: Garganacl|Garganacl, M|86\/100\n|-damage|p1a: Garganacl|74\/100|[from] Stealth Rock\n|turn|28\n|\n|t:|1700629283\n|move|p1a: Garganacl|Protect|p1a: Garganacl\n|-singleturn|p1a: Garganacl|Protect\n|move|p2a: Heatran|Taunt|p1a: Garganacl\n|-activate|p1a: Garganacl|move: Protect\n|\n|-weather|none\n|-heal|p2a: Heatran|57\/100|[from] item: Leftovers\n|-heal|p1a: Garganacl|80\/100|[from] item: Leftovers\n|upkeep\n|turn|29\n|\n|t:|1700629290\n|move|p2a: Heatran|Earth Power|p1a: Garganacl\n|-supereffective|p1a: Garganacl\n|-damage|p1a: Garganacl|47\/100\n|move|p1a: Garganacl|Salt Cure|p2a: Heatran\n|-damage|p2a: Heatran|45\/100\n|-start|p2a: Heatran|Salt Cure\n|\n|-heal|p2a: Heatran|51\/100|[from] item: Leftovers\n|-heal|p1a: Garganacl|53\/100|[from] item: Leftovers\n|-damage|p2a: Heatran|38\/100|[from] Salt Cure\n|upkeep\n|turn|30\n|\n|t:|1700629295\n|switch|p2a: Landorus|Landorus-Therian, M|13\/100 brn\n|-damage|p2a: Landorus|1\/100 brn|[from] Stealth Rock\n|-ability|p2a: Landorus|Intimidate|boost\n|-unboost|p1a: Garganacl|atk|1\n|move|p1a: Garganacl|Protect||[still]\n|-fail|p1a: Garganacl\n|\n|-heal|p1a: Garganacl|59\/100|[from] item: Leftovers\n|-damage|p2a: Landorus|0 fnt|[from] brn\n|faint|p2a: Landorus\n|upkeep\n|\n|t:|1700629301\n|switch|p2a: Tapu Lele|Tapu Lele|64\/100\n|-damage|p2a: Tapu Lele|51\/100|[from] Stealth Rock\n|-fieldstart|move: Psychic Terrain|[from] ability: Psychic Surge|[of] p2a: Tapu Lele\n|turn|31\n|\n|t:|1700629304\n|move|p1a: Garganacl|Protect|p1a: Garganacl\n|-singleturn|p1a: Garganacl|Protect\n|move|p2a: Tapu Lele|Focus Blast|p1a: Garganacl\n|-activate|p1a: Garganacl|move: Protect\n|\n|-heal|p1a: Garganacl|66\/100|[from] item: Leftovers\n|upkeep\n|turn|32\n|\n|t:|1700629314\n|switch|p2a: Slowking|Slowking-Galar, F|100\/100 brn\n|switch|p1a: Moltres|Moltres, tera:Grass|58\/100 par\n|\n|-damage|p2a: Slowking|94\/100 brn|[from] brn\n|upkeep\n|turn|33\n|\n|t:|1700629319\n|switch|p1a: Garganacl|Garganacl, M|66\/100\n|-damage|p1a: Garganacl|53\/100|[from] Stealth Rock\n|move|p2a: Slowking|Future Sight|p1a: Garganacl\n|-start|p2a: Slowking|move: Future Sight\n|\n|-heal|p1a: Garganacl|59\/100|[from] item: Leftovers\n|-damage|p2a: Slowking|88\/100 brn|[from] brn\n|upkeep\n|turn|34\n|\n|t:|1700629329\n|move|p1a: Garganacl|Recover|p1a: Garganacl\n|-heal|p1a: Garganacl|100\/100\n|move|p2a: Slowking|Chilly Reception|p2a: Slowking\n|-weather|Snow\n|\n|t:|1700629334\n|switch|p2a: Tapu Lele|Tapu Lele|51\/100|[from] Chilly Reception\n|-damage|p2a: Tapu Lele|39\/100|[from] Stealth Rock\n|\n|-weather|Snow|[upkeep]\n|upkeep\n|turn|35\n|\n|t:|1700629341\n|switch|p1a: Moltres|Moltres, tera:Grass|58\/100 par\n|move|p2a: Tapu Lele|Psychic|p1a: Moltres\n|-damage|p1a: Moltres|0 fnt\n|faint|p1a: Moltres\n|\n|-weather|Snow|[upkeep]\n|-hint|Future Sight did not hit because the target is fainted.\n|-fieldend|move: Psychic Terrain\n|upkeep\n|\n|t:|1700629347\n|switch|p1a: Ting-Lu|Ting-Lu|69\/100\n|-damage|p1a: Ting-Lu|63\/100|[from] Stealth Rock\n|-ability|p1a: Ting-Lu|Vessel of Ruin\n|turn|36\n|\n|t:|1700629352\n|switch|p2a: Heatran|Heatran, M, tera:Grass|38\/100\n|-damage|p2a: Heatran|26\/100|[from] Stealth Rock\n|move|p1a: Ting-Lu|Whirlwind|p2a: Heatran\n|drag|p2a: Tapu Lele|Tapu Lele|39\/100\n|-damage|p2a: Tapu Lele|26\/100|[from] Stealth Rock\n|-fieldstart|move: Psychic Terrain|[from] ability: Psychic Surge|[of] p2a: Tapu Lele\n|\n|-weather|Snow|[upkeep]\n|-heal|p1a: Ting-Lu|69\/100|[from] item: Leftovers\n|upkeep\n|turn|37\n|\n|t:|1700629363\n|move|p2a: Tapu Lele|Moonblast|p1a: Ting-Lu\n|-supereffective|p1a: Ting-Lu\n|-damage|p1a: Ting-Lu|26\/100\n|-unboost|p1a: Ting-Lu|spa|1\n|move|p1a: Ting-Lu|Earthquake|p2a: Tapu Lele\n|-damage|p2a: Tapu Lele|0 fnt\n|faint|p2a: Tapu Lele\n|\n|-weather|Snow|[upkeep]\n|-heal|p1a: Ting-Lu|32\/100|[from] item: Leftovers\n|upkeep\n|\n|t:|1700629369\n|switch|p2a: Heatran|Heatran, M, tera:Grass|26\/100\n|-damage|p2a: Heatran|13\/100|[from] Stealth Rock\n|turn|38\n|\n|t:|1700629375\n|move|p2a: Heatran|Magma Storm|p1a: Ting-Lu|[miss]\n|-miss|p2a: Heatran|p1a: Ting-Lu\n|move|p1a: Ting-Lu|Earthquake|p2a: Heatran\n|-resisted|p2a: Heatran\n|-damage|p2a: Heatran|0 fnt\n|faint|p2a: Heatran\n|\n|-weather|none\n|-heal|p1a: Ting-Lu|38\/100|[from] item: Leftovers\n|upkeep\n|\n|t:|1700629377\n|switch|p2a: Slowking|Slowking-Galar, F|100\/100 brn\n|turn|39\n|\n|t:|1700629380\n|move|p1a: Ting-Lu|Earthquake|p2a: Slowking\n|-supereffective|p2a: Slowking\n|-damage|p2a: Slowking|43\/100 brn\n|move|p2a: Slowking|Future Sight|p1a: Ting-Lu\n|-start|p2a: Slowking|move: Future Sight\n|\n|-heal|p1a: Ting-Lu|44\/100|[from] item: Leftovers\n|-damage|p2a: Slowking|37\/100 brn|[from] brn\n|upkeep\n|turn|40\n|\n|t:|1700629384\n|move|p1a: Ting-Lu|Earthquake|p2a: Slowking\n|-supereffective|p2a: Slowking\n|-damage|p2a: Slowking|0 fnt\n|faint|p2a: Slowking\n|\n|win|Funny jumpioi\n|raw|Funny jumpioi's rating: 1385 &rarr; <strong>1416<\/strong><br \/>(+31 for winning)\n|raw|gnome attack's rating: 1600 &rarr; <strong>1569<\/strong><br \/>(-31 for losing)\n|l|\u2606gnome attack\n","uploadtime":1700629418,"views":0,"p1id":"funnyjumpioi","p2id":"gnomeattack","formatid":"gen9nationaldex","rating":1416,"private":0,"password":""}