{"id":"gen9nationaldex-1988457098","p1":"RARMolina","p2":"Flexkip","format":"[Gen 9] National Dex","log":"|j|\u2606RARMolina\n|j|\u2606Flexkip\n|t:|1699724969\n|gametype|singles\n|player|p1|RARMolina|veteran|\n|player|p2|Flexkip|169|\n|teamsize|p1|6\n|teamsize|p2|6\n|gen|9\n|tier|[Gen 9] National Dex\n|rule|HP Percentage Mod: HP is shown in percentages\n|rule|Endless Battle Clause: Forcing endless battles is banned\n|rule|OHKO Clause: OHKO moves are banned\n|rule|Evasion Clause: Evasion abilities, items, and moves are banned\n|rule|Evasion Abilities Clause: Evasion abilities are banned\n|rule|Evasion Items Clause: Evasion items are banned\n|rule|Evasion Moves Clause: Evasion moves are banned\n|rule|Species Clause: Limit one of each Pok\u00e9mon\n|rule|Sleep Clause Mod: Limit one foe put to sleep\n|clearpoke\n|poke|p1|Gliscor, F|\n|poke|p1|Bronzong|\n|poke|p1|Abomasnow, F|\n|poke|p1|Rotom-Wash|\n|poke|p1|Skuntank, M|\n|poke|p1|Togekiss, F|\n|poke|p2|Samurott-Hisui, M|\n|poke|p2|Landorus-Therian, M|\n|poke|p2|Ferrothorn, M|\n|poke|p2|Volcarona, F|\n|poke|p2|Excadrill, F|\n|poke|p2|Whimsicott, M|\n|teampreview\n|j| WSoldat\n|c|\u2606RARMolina|Empezamos\n|\n|t:|1699725006\n|start\n|switch|p1a: Abomasnow|Abomasnow, F|100\/100\n|switch|p2a: Persistance|Ferrothorn, M|100\/100\n|-weather|Snow|[from] ability: Snow Warning|[of] p1a: Abomasnow\n|turn|1\n|\n|t:|1699725013\n|move|p1a: Abomasnow|Aurora Veil|p1a: Abomasnow\n|-sidestart|p1: RARMolina|move: Aurora Veil\n|move|p2a: Persistance|Knock Off|p1a: Abomasnow\n|-damage|p1a: Abomasnow|92\/100\n|-enditem|p1a: Abomasnow|Light Clay|[from] move: Knock Off|[of] p2a: Persistance\n|\n|-weather|Snow|[upkeep]\n|upkeep\n|turn|2\n|j| PeppsiAsiEs\n|\n|t:|1699725021\n|move|p1a: Abomasnow|Blizzard|p2a: Persistance\n|-damage|p2a: Persistance|58\/100\n|move|p2a: Persistance|Toxic|p1a: Abomasnow\n|-status|p1a: Abomasnow|tox\n|\n|-weather|Snow|[upkeep]\n|-damage|p1a: Abomasnow|86\/100 tox|[from] psn\n|upkeep\n|turn|3\n|l|\u2606RARMolina\n|player|p1|\n|j| Void280\n|j| el p4n4\n|j|\u2606RARMolina\n|player|p1|RARMolina|veteran\n|\n|t:|1699725065\n|move|p1a: Abomasnow|Blizzard|p2a: Persistance\n|-damage|p2a: Persistance|17\/100\n|move|p2a: Persistance|Knock Off|p1a: Abomasnow\n|-damage|p1a: Abomasnow|80\/100 tox\n|\n|-weather|Snow|[upkeep]\n|-damage|p1a: Abomasnow|67\/100 tox|[from] psn\n|upkeep\n|turn|4\n|\n|t:|1699725074\n|switch|p2a: Zoro|Samurott-Hisui, M, shiny|100\/100\n|move|p1a: Abomasnow|Blizzard|p2a: Zoro\n|-resisted|p2a: Zoro\n|-damage|p2a: Zoro|61\/100\n|\n|-weather|Snow|[upkeep]\n|-damage|p1a: Abomasnow|49\/100 tox|[from] psn\n|upkeep\n|turn|5\n|\n|t:|1699725084\n|move|p2a: Zoro|Sacred Sword|p1a: Abomasnow\n|-supereffective|p1a: Abomasnow\n|-damage|p1a: Abomasnow|19\/100 tox\n|move|p1a: Abomasnow|Leaf Storm|p2a: Zoro\n|-supereffective|p2a: Zoro\n|-damage|p2a: Zoro|0 fnt\n|-unboost|p1a: Abomasnow|spa|2\n|faint|p2a: Zoro\n|\n|-weather|none\n|-damage|p1a: Abomasnow|0 fnt|[from] psn\n|faint|p1a: Abomasnow\n|upkeep\n|j| matu 1402\n|j| Sylveon(404)\n|\n|t:|1699725111\n|switch|p2a: Sol|Volcarona, F|100\/100\n|switch|p1a: Rotom|Rotom-Wash|100\/100\n|turn|6\n|\n|t:|1699725117\n|switch|p2a: Puellae|Whimsicott, M|100\/100\n|move|p1a: Rotom|Hydro Pump|p2a: Puellae\n|-resisted|p2a: Puellae\n|-damage|p2a: Puellae|82\/100\n|\n|upkeep\n|turn|7\n|\n|t:|1699725124\n|move|p2a: Puellae|Encore|p1a: Rotom\n|-start|p1a: Rotom|Encore\n|move|p1a: Rotom|Hydro Pump|p2a: Puellae\n|-resisted|p2a: Puellae\n|-damage|p2a: Puellae|63\/100\n|\n|upkeep\n|turn|8\n|\n|t:|1699725131\n|switch|p1a: Skuntank|Skuntank, M|100\/100\n|move|p2a: Puellae|Tailwind|p2a: Puellae\n|-sidestart|p2: Flexkip|move: Tailwind\n|\n|-sideend|p1: RARMolina|move: Aurora Veil\n|upkeep\n|turn|9\n|c| matu 1402|No se si se me bugea m\u00e1s el Unite o el Showdom\n|\n|t:|1699725140\n|move|p2a: Puellae|U-turn|p1a: Skuntank\n|-damage|p1a: Skuntank|86\/100\n|-damage|p2a: Puellae|46\/100|[from] item: Rocky Helmet|[of] p1a: Skuntank\n|\n|t:|1699725141\n|switch|p2a: Titan|Landorus-Therian, M|100\/100|[from] U-turn\n|-ability|p2a: Titan|Intimidate|boost\n|-unboost|p1a: Skuntank|atk|1\n|move|p1a: Skuntank|Poison Jab|p2a: Titan\n|-resisted|p2a: Titan\n|-damage|p2a: Titan|91\/100\n|-status|p2a: Titan|psn\n|\n|-heal|p2a: Titan|97\/100 psn|[from] item: Leftovers\n|-damage|p2a: Titan|85\/100 psn|[from] psn\n|upkeep\n|turn|10\n|j| Fabrizio8\n|\n|t:|1699725153\n|switch|p1a: Gliscor|Gliscor, F|100\/100\n|move|p2a: Titan|U-turn|p1a: Gliscor\n|-resisted|p1a: Gliscor\n|-damage|p1a: Gliscor|91\/100\n|j| Sai4rr\n|\n|t:|1699725168\n|switch|p2a: Puellae|Whimsicott, M|46\/100|[from] U-turn\n|\n|-status|p1a: Gliscor|tox|[from] item: Toxic Orb\n|upkeep\n|turn|11\n|j| ericmont\n|\n|t:|1699725174\n|move|p2a: Puellae|Taunt|p1a: Gliscor\n|-start|p1a: Gliscor|move: Taunt\n|cant|p1a: Gliscor|move: Taunt|Swords Dance\n|\n|-heal|p1a: Gliscor|100\/100 tox|[from] ability: Poison Heal\n|-sideend|p2: Flexkip|move: Tailwind\n|upkeep\n|turn|12\n|\n|t:|1699725184\n|move|p2a: Puellae|Encore||[still]\n|-fail|p2a: Puellae\n|move|p1a: Gliscor|Facade|p2a: Puellae\n|-damage|p2a: Puellae|5\/100\n|\n|upkeep\n|turn|13\n|\n|t:|1699725199\n|move|p2a: Puellae|Tailwind|p2a: Puellae\n|-sidestart|p2: Flexkip|move: Tailwind\n|move|p1a: Gliscor|Facade|p2a: Puellae\n|-damage|p2a: Puellae|0 fnt\n|faint|p2a: Puellae\n|\n|-end|p1a: Gliscor|move: Taunt\n|upkeep\n|j| AjoFC\n|\n|t:|1699725212\n|switch|p2a: Sol|Volcarona, F|100\/100\n|turn|14\n|j| lolowtf09\n|c|\u2606RARMolina|Es hora de ir al l\u00edmite\n|c|\u2606RARMolina|Pongan i'm HERE\n|\n|t:|1699725234\n|move|p2a: Sol|Fiery Dance|p1a: Gliscor\n|-damage|p1a: Gliscor|46\/100 tox\n|-boost|p2a: Sol|spa|1\n|move|p1a: Gliscor|Swords Dance|p1a: Gliscor\n|-boost|p1a: Gliscor|atk|2\n|\n|-heal|p1a: Gliscor|58\/100 tox|[from] ability: Poison Heal\n|upkeep\n|turn|15\n|c| matu 1402|I'm horny\n|\n|t:|1699725246\n|-terastallize|p1a: Gliscor|Water\n|move|p2a: Sol|Fiery Dance|p1a: Gliscor\n|-resisted|p1a: Gliscor\n|-damage|p1a: Gliscor|20\/100 tox\n|move|p1a: Gliscor|Earthquake|p2a: Sol\n|-damage|p2a: Sol|0 fnt\n|faint|p2a: Sol\n|\n|-heal|p1a: Gliscor|33\/100 tox|[from] ability: Poison Heal\n|upkeep\n|c| Sylveon(404)|i'm HERE\n|\n|t:|1699725268\n|switch|p2a: Berserker|Excadrill, F|100\/100\n|-ability|p2a: Berserker|Mold Breaker\n|turn|16\n|c| ericmont|He's gay\n|\n|t:|1699725286\n|switch|p1a: Togekiss|Togekiss, F|100\/100\n|move|p2a: Berserker|Swords Dance|p2a: Berserker\n|-boost|p2a: Berserker|atk|2\n|\n|-sideend|p2: Flexkip|move: Tailwind\n|upkeep\n|turn|17\n|l| AjoFC\n|\n|t:|1699725309\n|move|p2a: Berserker|Iron Head|p1a: Togekiss\n|-supereffective|p1a: Togekiss\n|-damage|p1a: Togekiss|0 fnt\n|faint|p1a: Togekiss\n|\n|upkeep\n|\n|t:|1699725337\n|switch|p1a: Rotom|Rotom-Wash|100\/100\n|turn|18\n|\n|t:|1699725345\n|move|p2a: Berserker|Earthquake|p1a: Rotom\n|-supereffective|p1a: Rotom\n|-damage|p1a: Rotom|0 fnt\n|faint|p1a: Rotom\n|\n|upkeep\n|c|\u2606Flexkip|Te amo topito\n|c|\u2606RARMolina|Rompe moldes\n|c| PeppsiAsiEs|lo amamos\n|\n|t:|1699725371\n|switch|p1a: Bronzong|Bronzong|100\/100\n|turn|19\n|c|\u2606Flexkip|El bronzing tmb vale mierda\n|\n|t:|1699725378\n|move|p2a: Berserker|Earthquake|p1a: Bronzong\n|-supereffective|p1a: Bronzong\n|-damage|p1a: Bronzong|0 fnt\n|faint|p1a: Bronzong\n|\n|upkeep\n|c| PeppsiAsiEs|epico\n|c|\u2606Flexkip|Gg\n|\n|t:|1699725389\n|switch|p1a: Gliscor|Gliscor, F, tera:Water|33\/100 tox\n|turn|20\n|c|\u2606RARMolina|Ptm\n|\n|t:|1699725406\n|move|p2a: Berserker|Earthquake|p1a: Gliscor\n|-damage|p1a: Gliscor|0 fnt\n|faint|p1a: Gliscor\n|\n|upkeep\n|j| AjoFC\n|\n|t:|1699725409\n|switch|p1a: Skuntank|Skuntank, M|86\/100\n|turn|21\n|c|\u2606RARMolina|Gg\n|\n|t:|1699725419\n|move|p1a: Skuntank|Sucker Punch|p2a: Berserker\n|-damage|p2a: Berserker|60\/100\n|move|p2a: Berserker|Earthquake|p1a: Skuntank\n|-supereffective|p1a: Skuntank\n|-damage|p1a: Skuntank|0 fnt\n|faint|p1a: Skuntank\n|\n|win|Flexkip\n|l| Sylveon(404)\n|c| PeppsiAsiEs|gg\n|l|\u2606Flexkip\n|l|\u2606RARMolina\n","uploadtime":1699725429,"views":7,"p1id":"rarmolina","p2id":"flexkip","formatid":"gen9nationaldex","rating":0,"private":0,"password":""}