{"id":"gen9nationaldex-1996887376","p1":"jianzirumian","p2":"Nomer16","format":"[Gen 9] National Dex","log":"|html|<div class=\"broadcast-blue\"><strong>[Gen 9] National Dex is currently suspecting Sneasler! For information on how to participate check out the <a href=\"https:\/\/www.smogon.com\/forums\/threads\/sv-national-dex-suspect-8-just-dance.3731534\/\">suspect thread<\/a>.<\/strong><\/div>\n|j|\u2606jianzirumian\n|j|\u2606Nomer16\n|t:|1700740523\n|gametype|singles\n|player|p1|jianzirumian|lady-gen4|1564\n|player|p2|Nomer16|gentleman-gen4|1710\n|teamsize|p1|6\n|teamsize|p2|6\n|gen|9\n|tier|[Gen 9] National Dex\n|rated|\n|rule|HP Percentage Mod: HP is shown in percentages\n|rule|Endless Battle Clause: Forcing endless battles is banned\n|rule|OHKO Clause: OHKO moves are banned\n|rule|Evasion Clause: Evasion abilities, items, and moves are banned\n|rule|Evasion Abilities Clause: Evasion abilities are banned\n|rule|Evasion Items Clause: Evasion items are banned\n|rule|Evasion Moves Clause: Evasion moves are banned\n|rule|Species Clause: Limit one of each Pok\u00e9mon\n|rule|Sleep Clause Mod: Limit one foe put to sleep\n|clearpoke\n|poke|p1|Garchomp, M|\n|poke|p1|Scizor, F|\n|poke|p1|Hatterene, F|\n|poke|p1|Zapdos|\n|poke|p1|Victini|\n|poke|p1|Swampert, F|\n|poke|p2|Umbreon, F|\n|poke|p2|Volcarona, F|\n|poke|p2|Serperior, F|\n|poke|p2|Lopunny, M|\n|poke|p2|Corviknight, M|\n|poke|p2|Gliscor, M|\n|teampreview\n|\n|t:|1700740541\n|start\n|switch|p1a: Swampert|Swampert, F|100\/100\n|switch|p2a: Evangelyna|Umbreon, F|100\/100\n|turn|1\n|\n|t:|1700740549\n|switch|p2a: Joker|Gliscor, M|100\/100\n|move|p1a: Swampert|Stealth Rock|p2a: Joker\n|-sidestart|p2: Nomer16|move: Stealth Rock\n|\n|-status|p2a: Joker|tox|[from] item: Toxic Orb\n|upkeep\n|turn|2\n|\n|t:|1700740555\n|switch|p1a: Scizor|Scizor, F|100\/100\n|move|p2a: Joker|Toxic|p1a: Scizor\n|-immune|p1a: Scizor\n|\n|upkeep\n|turn|3\n|\n|t:|1700740559\n|switch|p2a: Sunny|Volcarona, F|100\/100\n|detailschange|p1a: Scizor|Scizor-Mega, F\n|-mega|p1a: Scizor|Scizor|Scizorite\n|move|p1a: Scizor|U-turn|p2a: Sunny\n|-resisted|p2a: Sunny\n|-damage|p2a: Sunny|73\/100\n|\n|t:|1700740567\n|switch|p1a: Garchomp|Garchomp, M|100\/100|[from] U-turn\n|\n|upkeep\n|turn|4\n|\n|t:|1700740574\n|switch|p2a: Silver|Corviknight, M|100\/100\n|-damage|p2a: Silver|88\/100|[from] Stealth Rock\n|-ability|p2a: Silver|Pressure\n|move|p1a: Garchomp|Earthquake|p2a: Silver\n|-immune|p2a: Silver\n|\n|upkeep\n|turn|5\n|\n|t:|1700740583\n|switch|p1a: Zapdos|Zapdos|100\/100\n|switch|p2a: Joker|Gliscor, M|100\/100 tox\n|-damage|p2a: Joker|88\/100 tox|[from] Stealth Rock\n|\n|-heal|p2a: Joker|100\/100 tox|[from] ability: Poison Heal\n|upkeep\n|turn|6\n|\n|t:|1700740586\n|move|p1a: Zapdos|Hidden Power|p2a: Joker\n|-supereffective|p2a: Joker\n|-damage|p2a: Joker|39\/100 tox\n|move|p2a: Joker|Defog|p1a: Zapdos\n|-unboost|p1a: Zapdos|evasion|1\n|-sideend|p2: Nomer16|Stealth Rock|[from] move: Defog|[of] p2a: Joker\n|\n|-heal|p2a: Joker|52\/100 tox|[from] ability: Poison Heal\n|upkeep\n|turn|7\n|\n|t:|1700740592\n|switch|p2a: Evangelyna|Umbreon, F|100\/100\n|move|p1a: Zapdos|Volt Switch|p2a: Evangelyna\n|-damage|p2a: Evangelyna|81\/100\n|\n|t:|1700740610\n|switch|p1a: Swampert|Swampert, F|100\/100|[from] Volt Switch\n|\n|-heal|p2a: Evangelyna|88\/100|[from] item: Leftovers\n|upkeep\n|turn|8\n|\n|t:|1700740612\n|switch|p2a: Charlotte|Serperior, F|100\/100\n|move|p1a: Swampert|Flip Turn|p2a: Charlotte\n|-resisted|p2a: Charlotte\n|-damage|p2a: Charlotte|87\/100\n|\n|t:|1700740622\n|switch|p1a: Victini|Victini|100\/100|[from] Flip Turn\n|\n|-heal|p2a: Charlotte|93\/100|[from] item: Leftovers\n|upkeep\n|turn|9\n|\n|t:|1700740625\n|switch|p2a: Evangelyna|Umbreon, F|88\/100\n|move|p1a: Victini|V-create|p2a: Evangelyna\n|-damage|p2a: Evangelyna|36\/100\n|-unboost|p1a: Victini|spe|1\n|-unboost|p1a: Victini|def|1\n|-unboost|p1a: Victini|spd|1\n|\n|-heal|p2a: Evangelyna|42\/100|[from] item: Leftovers\n|upkeep\n|turn|10\n|\n|t:|1700740635\n|move|p1a: Victini|V-create|p2a: Evangelyna\n|-damage|p2a: Evangelyna|0 fnt\n|-unboost|p1a: Victini|spe|1\n|-unboost|p1a: Victini|def|1\n|-unboost|p1a: Victini|spd|1\n|faint|p2a: Evangelyna\n|\n|upkeep\n|\n|t:|1700740638\n|switch|p2a: Sunny|Volcarona, F|73\/100\n|turn|11\n|\n|t:|1700740642\n|-terastallize|p1a: Victini|Fire\n|move|p2a: Sunny|Bug Buzz|p1a: Victini\n|-resisted|p1a: Victini\n|-damage|p1a: Victini|53\/100\n|move|p1a: Victini|V-create|p2a: Sunny\n|-damage|p2a: Sunny|0 fnt\n|-unboost|p1a: Victini|spe|1\n|-unboost|p1a: Victini|def|1\n|-unboost|p1a: Victini|spd|1\n|faint|p2a: Sunny\n|\n|upkeep\n|\n|t:|1700740646\n|switch|p2a: Joker|Gliscor, M|52\/100 tox\n|turn|12\n|\n|t:|1700740657\n|switch|p1a: Zapdos|Zapdos|100\/100\n|move|p2a: Joker|Earthquake|p1a: Zapdos\n|-immune|p1a: Zapdos\n|\n|-heal|p2a: Joker|64\/100 tox|[from] ability: Poison Heal\n|upkeep\n|turn|13\n|\n|t:|1700740662\n|move|p1a: Zapdos|Hidden Power|p2a: Joker\n|-supereffective|p2a: Joker\n|-damage|p2a: Joker|6\/100 tox\n|move|p2a: Joker|Toxic|p1a: Zapdos\n|-status|p1a: Zapdos|tox\n|\n|-damage|p1a: Zapdos|94\/100 tox|[from] psn\n|-heal|p2a: Joker|19\/100 tox|[from] ability: Poison Heal\n|upkeep\n|turn|14\n|\n|t:|1700740669\n|switch|p1a: Scizor|Scizor-Mega, F|100\/100\n|move|p2a: Joker|Roost|p2a: Joker\n|-heal|p2a: Joker|69\/100 tox\n|-singleturn|p2a: Joker|move: Roost\n|\n|-heal|p2a: Joker|81\/100 tox|[from] ability: Poison Heal\n|upkeep\n|turn|15\n|\n|t:|1700740672\n|switch|p2a: Silver|Corviknight, M|88\/100\n|-ability|p2a: Silver|Pressure\n|move|p1a: Scizor|U-turn|p2a: Silver\n|-resisted|p2a: Silver\n|-damage|p2a: Silver|83\/100\n|-damage|p1a: Scizor|84\/100|[from] item: Rocky Helmet|[of] p2a: Silver\n|\n|t:|1700740675\n|switch|p1a: Victini|Victini, tera:Fire|53\/100|[from] U-turn\n|\n|upkeep\n|turn|16\n|\n|t:|1700740679\n|move|p1a: Victini|V-create|p2a: Silver\n|-supereffective|p2a: Silver\n|-damage|p2a: Silver|0 fnt\n|-unboost|p1a: Victini|spe|1\n|-unboost|p1a: Victini|def|1\n|-unboost|p1a: Victini|spd|1\n|-damage|p1a: Victini|37\/100|[from] item: Rocky Helmet|[of] p2a: Silver\n|faint|p2a: Silver\n|\n|upkeep\n|\n|t:|1700740681\n|switch|p2a: Bonnie|Lopunny, M|100\/100\n|turn|17\n|\n|t:|1700740685\n|switch|p2a: Charlotte|Serperior, F|93\/100\n|switch|p1a: Swampert|Swampert, F|100\/100\n|\n|-heal|p2a: Charlotte|99\/100|[from] item: Leftovers\n|upkeep\n|turn|18\n|\n|t:|1700740688\n|move|p2a: Charlotte|Leaf Storm|p1a: Swampert\n|-supereffective|p1a: Swampert\n|-damage|p1a: Swampert|0 fnt\n|-boost|p2a: Charlotte|spa|2\n|faint|p1a: Swampert\n|\n|-heal|p2a: Charlotte|100\/100|[from] item: Leftovers\n|upkeep\n|\n|t:|1700740692\n|switch|p1a: Victini|Victini, tera:Fire|37\/100\n|turn|19\n|\n|t:|1700740694\n|-terastallize|p2a: Charlotte|Fire\n|move|p1a: Victini|V-create|p2a: Charlotte\n|-resisted|p2a: Charlotte\n|-crit|p2a: Charlotte\n|-damage|p2a: Charlotte|9\/100\n|-unboost|p1a: Victini|spe|1\n|-unboost|p1a: Victini|def|1\n|-unboost|p1a: Victini|spd|1\n|move|p2a: Charlotte|Leaf Storm|p1a: Victini\n|-resisted|p1a: Victini\n|-damage|p1a: Victini|0 fnt\n|-boost|p2a: Charlotte|spa|2\n|faint|p1a: Victini\n|\n|-heal|p2a: Charlotte|16\/100|[from] item: Leftovers\n|upkeep\n|\n|t:|1700740699\n|switch|p1a: Scizor|Scizor-Mega, F|84\/100\n|turn|20\n|\n|t:|1700740702\n|move|p1a: Scizor|Bullet Punch|p2a: Charlotte\n|-resisted|p2a: Charlotte\n|-crit|p2a: Charlotte\n|-damage|p2a: Charlotte|0 fnt\n|faint|p2a: Charlotte\n|\n|upkeep\n|\n|t:|1700740705\n|switch|p2a: Bonnie|Lopunny, M|100\/100\n|turn|21\n|-message|Nomer16 forfeited.\n|\n|win|jianzirumian\n|raw|jianzirumian's rating: 1564 &rarr; <strong>1592<\/strong><br \/>(+28 for winning)\n|raw|Nomer16's rating: 1710 &rarr; <strong>1682<\/strong><br \/>(-28 for losing)\n|l|\u2606Nomer16\n","uploadtime":1700740732,"views":10,"p1id":"jianzirumian","p2id":"nomer16","formatid":"gen9nationaldex","rating":1592,"private":0,"password":""}