{"id":"gen9nationaldex-1995106523","p1":"mr Deuzp","p2":"Kinglyknown","format":"[Gen 9] National Dex","log":"|html|<div class=\"broadcast-blue\"><strong>[Gen 9] National Dex is currently suspecting Sneasler! For information on how to participate check out the <a href=\"https:\/\/www.smogon.com\/forums\/threads\/sv-national-dex-suspect-8-just-dance.3731534\/\">suspect thread<\/a>.<\/strong><\/div>\n|j|\u2606mr Deuzp\n|j|\u2606Kinglyknown\n|t:|1700523255\n|gametype|singles\n|player|p1|mr Deuzp|shadowtriad|1106\n|player|p2|Kinglyknown|cyrus|1066\n|teamsize|p1|6\n|teamsize|p2|6\n|gen|9\n|tier|[Gen 9] National Dex\n|rated|\n|rule|HP Percentage Mod: HP is shown in percentages\n|rule|Endless Battle Clause: Forcing endless battles is banned\n|rule|OHKO Clause: OHKO moves are banned\n|rule|Evasion Clause: Evasion abilities, items, and moves are banned\n|rule|Evasion Abilities Clause: Evasion abilities are banned\n|rule|Evasion Items Clause: Evasion items are banned\n|rule|Evasion Moves Clause: Evasion moves are banned\n|rule|Species Clause: Limit one of each Pok\u00e9mon\n|rule|Sleep Clause Mod: Limit one foe put to sleep\n|clearpoke\n|poke|p1|Scrafty, M|\n|poke|p1|Lopunny, F|\n|poke|p1|Incineroar, M|\n|poke|p1|Garganacl, M|\n|poke|p1|Tapu Koko|\n|poke|p1|Grimmsnarl, M|\n|poke|p2|Incineroar, M|\n|poke|p2|Barbaracle, M|\n|poke|p2|Haxorus, M|\n|poke|p2|Torterra, F|\n|poke|p2|Garganacl, M|\n|poke|p2|Aerodactyl, F|\n|teampreview\n|inactive|Battle timer is ON: inactive players will automatically lose when time's up. (requested by Kinglyknown)\n|\n|t:|1700523273\n|start\n|switch|p1a: Grimmsnarl|Grimmsnarl, M, shiny|100\/100\n|switch|p2a: Torterra|Torterra, F|100\/100\n|turn|1\n|\n|t:|1700523276\n|move|p1a: Grimmsnarl|Reflect|p1a: Grimmsnarl\n|-sidestart|p1: mr Deuzp|Reflect\n|move|p2a: Torterra|Shell Smash|p2a: Torterra\n|-unboost|p2a: Torterra|def|1\n|-unboost|p2a: Torterra|spd|1\n|-boost|p2a: Torterra|atk|2\n|-boost|p2a: Torterra|spa|2\n|-boost|p2a: Torterra|spe|2\n|-enditem|p2a: Torterra|White Herb\n|-clearnegativeboost|p2a: Torterra|[silent]\n|\n|upkeep\n|turn|2\n|\n|t:|1700523280\n|move|p1a: Grimmsnarl|Light Screen|p1a: Grimmsnarl\n|-sidestart|p1: mr Deuzp|move: Light Screen\n|move|p2a: Torterra|Giga Drain|p1a: Grimmsnarl\n|-damage|p1a: Grimmsnarl|87\/100\n|\n|upkeep\n|turn|3\n|\n|t:|1700523288\n|move|p1a: Grimmsnarl|Parting Shot|p2a: Torterra\n|-unboost|p2a: Torterra|atk|1\n|-unboost|p2a: Torterra|spa|1\n|\n|t:|1700523293\n|switch|p1a: Incineroar|Incineroar, M, shiny|100\/100|[from] Parting Shot\n|-ability|p1a: Incineroar|Intimidate|boost\n|-unboost|p2a: Torterra|atk|1\n|move|p2a: Torterra|Rock Slide|p1a: Incineroar\n|-supereffective|p1a: Incineroar\n|-damage|p1a: Incineroar|77\/100\n|\n|upkeep\n|turn|4\n|\n|t:|1700523305\n|move|p1a: Incineroar|Fake Out|p2a: Torterra\n|-damage|p2a: Torterra|86\/100\n|cant|p2a: Torterra|flinch\n|\n|upkeep\n|turn|5\n|\n|t:|1700523312\n|move|p2a: Torterra|Earthquake|p1a: Incineroar\n|-supereffective|p1a: Incineroar\n|-damage|p1a: Incineroar|27\/100\n|move|p1a: Incineroar|Flare Blitz|p2a: Torterra\n|-supereffective|p2a: Torterra\n|-damage|p2a: Torterra|0 fnt\n|faint|p2a: Torterra\n|-damage|p1a: Incineroar|4\/100|[from] Recoil\n|\n|upkeep\n|\n|t:|1700523321\n|switch|p2a: Aerodactyl|Aerodactyl, F|100\/100\n|-ability|p2a: Aerodactyl|Unnerve\n|turn|6\n|\n|t:|1700523328\n|switch|p1a: Garganacl|Garganacl, M, shiny|100\/100\n|detailschange|p2a: Aerodactyl|Aerodactyl-Mega, F\n|-mega|p2a: Aerodactyl|Aerodactyl|Aerodactylite\n|move|p2a: Aerodactyl|Rock Slide|p1a: Garganacl\n|-damage|p1a: Garganacl|86\/100\n|\n|-heal|p1a: Garganacl|92\/100|[from] item: Leftovers\n|upkeep\n|turn|7\n|\n|t:|1700523340\n|move|p2a: Aerodactyl|Hone Claws|p2a: Aerodactyl\n|-boost|p2a: Aerodactyl|atk|1\n|-boost|p2a: Aerodactyl|accuracy|1\n|move|p1a: Garganacl|Salt Cure|p2a: Aerodactyl\n|-supereffective|p2a: Aerodactyl\n|-damage|p2a: Aerodactyl|54\/100\n|-start|p2a: Aerodactyl|Salt Cure\n|\n|-heal|p1a: Garganacl|98\/100|[from] item: Leftovers\n|-damage|p2a: Aerodactyl|42\/100|[from] Salt Cure\n|upkeep\n|turn|8\n|\n|t:|1700523348\n|move|p2a: Aerodactyl|Earthquake|p1a: Garganacl\n|-supereffective|p1a: Garganacl\n|-damage|p1a: Garganacl|58\/100\n|move|p1a: Garganacl|Iron Defense|p1a: Garganacl\n|-boost|p1a: Garganacl|def|2\n|\n|-heal|p1a: Garganacl|64\/100|[from] item: Leftovers\n|-damage|p2a: Aerodactyl|29\/100|[from] Salt Cure\n|-sideend|p1: mr Deuzp|Reflect\n|upkeep\n|turn|9\n|\n|t:|1700523359\n|move|p2a: Aerodactyl|Earthquake|p1a: Garganacl\n|-supereffective|p1a: Garganacl\n|-damage|p1a: Garganacl|19\/100\n|move|p1a: Garganacl|Iron Defense|p1a: Garganacl\n|-boost|p1a: Garganacl|def|2\n|\n|-heal|p1a: Garganacl|25\/100|[from] item: Leftovers\n|-damage|p2a: Aerodactyl|17\/100|[from] Salt Cure\n|-sideend|p1: mr Deuzp|move: Light Screen\n|upkeep\n|turn|10\n|\n|t:|1700523373\n|switch|p1a: Grimmsnarl|Grimmsnarl, M, shiny|87\/100\n|move|p2a: Aerodactyl|Earthquake|p1a: Grimmsnarl\n|-damage|p1a: Grimmsnarl|19\/100\n|\n|-damage|p2a: Aerodactyl|5\/100|[from] Salt Cure\n|upkeep\n|turn|11\n|\n|t:|1700523381\n|move|p1a: Grimmsnarl|Thunder Wave|p2a: Aerodactyl\n|-status|p2a: Aerodactyl|par\n|move|p2a: Aerodactyl|Dual Wingbeat|p1a: Grimmsnarl\n|-crit|p1a: Grimmsnarl\n|-damage|p1a: Grimmsnarl|0 fnt\n|faint|p1a: Grimmsnarl\n|-hitcount|p1: Grimmsnarl|1\n|\n|-damage|p2a: Aerodactyl|0 fnt|[from] Salt Cure\n|faint|p2a: Aerodactyl\n|upkeep\n|\n|t:|1700523394\n|switch|p2a: Garganacl|Garganacl, M|100\/100\n|switch|p1a: Incineroar|Incineroar, M, shiny|4\/100\n|-ability|p1a: Incineroar|Intimidate|boost\n|-unboost|p2a: Garganacl|atk|1\n|turn|12\n|\n|t:|1700523400\n|move|p1a: Incineroar|Fake Out|p2a: Garganacl\n|-resisted|p2a: Garganacl\n|-crit|p2a: Garganacl\n|-damage|p2a: Garganacl|95\/100\n|cant|p2a: Garganacl|flinch\n|\n|upkeep\n|turn|13\n|\n|t:|1700523404\n|move|p1a: Incineroar|U-turn|p2a: Garganacl\n|-damage|p2a: Garganacl|82\/100\n|\n|t:|1700523407\n|switch|p1a: Tapu Koko|Tapu Koko, shiny|100\/100|[from] U-turn\n|-fieldstart|move: Electric Terrain|[from] ability: Electric Surge|[of] p1a: Tapu Koko\n|move|p2a: Garganacl|Curse|p2a: Garganacl\n|-unboost|p2a: Garganacl|spe|1\n|-boost|p2a: Garganacl|atk|1\n|-boost|p2a: Garganacl|def|1\n|\n|upkeep\n|turn|14\n|\n|t:|1700523412\n|-terastallize|p1a: Tapu Koko|Electric\n|move|p1a: Tapu Koko|Thunderbolt|p2a: Garganacl\n|-damage|p2a: Garganacl|0 fnt\n|faint|p2a: Garganacl\n|\n|upkeep\n|\n|t:|1700523422\n|switch|p2a: Barbaracle|Barbaracle, M|100\/100\n|turn|15\n|\n|t:|1700523426\n|-terastallize|p2a: Barbaracle|Grass\n|move|p1a: Tapu Koko|Thunderbolt|p2a: Barbaracle\n|-resisted|p2a: Barbaracle\n|-damage|p2a: Barbaracle|32\/100\n|move|p2a: Barbaracle|Shell Smash|p2a: Barbaracle\n|-unboost|p2a: Barbaracle|def|1\n|-unboost|p2a: Barbaracle|spd|1\n|-boost|p2a: Barbaracle|atk|2\n|-boost|p2a: Barbaracle|spa|2\n|-boost|p2a: Barbaracle|spe|2\n|-enditem|p2a: Barbaracle|White Herb\n|-clearnegativeboost|p2a: Barbaracle|[silent]\n|\n|upkeep\n|turn|16\n|\n|t:|1700523439\n|move|p2a: Barbaracle|Liquidation|p1a: Tapu Koko\n|-damage|p1a: Tapu Koko|0 fnt\n|faint|p1a: Tapu Koko\n|\n|upkeep\n|\n|t:|1700523443\n|switch|p1a: Incineroar|Incineroar, M, shiny|4\/100\n|-ability|p1a: Incineroar|Intimidate|boost\n|-unboost|p2a: Barbaracle|atk|1\n|turn|17\n|\n|t:|1700523447\n|move|p1a: Incineroar|Fake Out|p2a: Barbaracle\n|-damage|p2a: Barbaracle|16\/100\n|cant|p2a: Barbaracle|flinch\n|\n|-fieldend|move: Electric Terrain\n|upkeep\n|turn|18\n|\n|t:|1700523455\n|move|p2a: Barbaracle|Aerial Ace|p1a: Incineroar\n|-damage|p1a: Incineroar|0 fnt\n|faint|p1a: Incineroar\n|\n|upkeep\n|\n|t:|1700523460\n|switch|p1a: Lopunny|Lopunny, F, shiny|100\/100\n|turn|19\n|\n|t:|1700523467\n|detailschange|p1a: Lopunny|Lopunny-Mega, F, shiny\n|-mega|p1a: Lopunny|Lopunny|Lopunnite\n|move|p1a: Lopunny|Fake Out|p2a: Barbaracle\n|-damage|p2a: Barbaracle|0 fnt\n|faint|p2a: Barbaracle\n|\n|upkeep\n|\n|t:|1700523472\n|switch|p2a: Haxorus|Haxorus, M, shiny|100\/100\n|turn|20\n|\n|t:|1700523477\n|move|p1a: Lopunny|Triple Axel|p2a: Haxorus\n|-supereffective|p2a: Haxorus\n|-damage|p2a: Haxorus|81\/100\n|-supereffective|p2a: Haxorus\n|-damage|p2a: Haxorus|42\/100\n|-supereffective|p2a: Haxorus\n|-damage|p2a: Haxorus|0 fnt\n|faint|p2a: Haxorus\n|-hitcount|p2: Haxorus|3\n|\n|upkeep\n|\n|t:|1700523482\n|switch|p2a: Incineroar|Incineroar, M|100\/100\n|-ability|p2a: Incineroar|Intimidate|boost\n|-fail|p1a: Lopunny|unboost|Attack|[from] ability: Scrappy|[of] p1a: Lopunny\n|turn|21\n|\n|t:|1700523486\n|switch|p1a: Garganacl|Garganacl, M, shiny|25\/100\n|-zpower|p2a: Incineroar\n|move|p2a: Incineroar|Malicious Moonsault|p1a: Garganacl|[zeffect]\n|-damage|p1a: Garganacl|0 fnt\n|faint|p1a: Garganacl\n|\n|upkeep\n|\n|t:|1700523490\n|switch|p1a: Scrafty|Scrafty, M, shiny|100\/100\n|-ability|p1a: Scrafty|Intimidate|boost\n|-unboost|p2a: Incineroar|atk|1\n|turn|22\n|\n|t:|1700523502\n|move|p2a: Incineroar|Drain Punch|p1a: Scrafty\n|-supereffective|p1a: Scrafty\n|-damage|p1a: Scrafty|68\/100\n|-zpower|p1a: Scrafty\n|move|p1a: Scrafty|Z-Bulk Up|p1a: Scrafty|[anim]Bulk Up\n|-boost|p1a: Scrafty|atk|1|[zeffect]\n|-boost|p1a: Scrafty|atk|1\n|-boost|p1a: Scrafty|def|1\n|\n|upkeep\n|turn|23\n|\n|t:|1700523506\n|move|p2a: Incineroar|Bulk Up|p2a: Incineroar\n|-boost|p2a: Incineroar|atk|1\n|-boost|p2a: Incineroar|def|1\n|move|p1a: Scrafty|Drain Punch|p2a: Incineroar\n|-supereffective|p2a: Incineroar\n|-damage|p2a: Incineroar|20\/100\n|-heal|p1a: Scrafty|100\/100|[from] drain|[of] p2a: Incineroar\n|\n|upkeep\n|turn|24\n|\n|t:|1700523509\n|move|p2a: Incineroar|Drain Punch|p1a: Scrafty\n|-supereffective|p1a: Scrafty\n|-damage|p1a: Scrafty|70\/100\n|-heal|p2a: Incineroar|33\/100|[from] drain|[of] p1a: Scrafty\n|move|p1a: Scrafty|Bulk Up|p1a: Scrafty\n|-boost|p1a: Scrafty|atk|1\n|-boost|p1a: Scrafty|def|1\n|\n|upkeep\n|turn|25\n|\n|t:|1700523513\n|move|p2a: Incineroar|Drain Punch|p1a: Scrafty\n|-supereffective|p1a: Scrafty\n|-damage|p1a: Scrafty|47\/100\n|-heal|p2a: Incineroar|43\/100|[from] drain|[of] p1a: Scrafty\n|move|p1a: Scrafty|Drain Punch|p2a: Incineroar\n|-supereffective|p2a: Incineroar\n|-damage|p2a: Incineroar|0 fnt\n|-heal|p1a: Scrafty|71\/100|[from] drain|[of] p2a: Incineroar\n|faint|p2a: Incineroar\n|\n|win|mr Deuzp\n|raw|mr Deuzp's rating: 1106 &rarr; <strong>1128<\/strong><br \/>(+22 for winning)\n|raw|Kinglyknown's rating: 1066 &rarr; <strong>1048<\/strong><br \/>(-18 for losing)\n|l|\u2606Kinglyknown\n","uploadtime":1700523526,"views":7,"p1id":"mrdeuzp","p2id":"kinglyknown","formatid":"gen9nationaldex","rating":1048,"private":0,"password":""}