{"id":"gen9nationaldex-1988287260","p1":"shenghua\u597d\u96be","p2":"shoubi123","format":"[Gen 9] National Dex","log":"|j|\u2606shenghua\u597d\u96be\n|j|\u2606shoubi123\n|t:|1699702063\n|gametype|singles\n|player|p1|shenghua\u597d\u96be|102|1446\n|player|p2|shoubi123|preschooler|1426\n|teamsize|p1|6\n|teamsize|p2|6\n|gen|9\n|tier|[Gen 9] National Dex\n|rated|\n|rule|HP Percentage Mod: HP is shown in percentages\n|rule|Endless Battle Clause: Forcing endless battles is banned\n|rule|OHKO Clause: OHKO moves are banned\n|rule|Evasion Clause: Evasion abilities, items, and moves are banned\n|rule|Evasion Abilities Clause: Evasion abilities are banned\n|rule|Evasion Items Clause: Evasion items are banned\n|rule|Evasion Moves Clause: Evasion moves are banned\n|rule|Species Clause: Limit one of each Pok\u00e9mon\n|rule|Sleep Clause Mod: Limit one foe put to sleep\n|clearpoke\n|poke|p1|Iron Valiant|\n|poke|p1|Sneasler, F|\n|poke|p1|Medicham, M|\n|poke|p1|Gliscor, F|\n|poke|p1|Chansey, F|\n|poke|p1|Tapu Koko|\n|poke|p2|Slowbro, F|\n|poke|p2|Celesteela|\n|poke|p2|Scizor, M|\n|poke|p2|Hydreigon, F|\n|poke|p2|Kommo-o, F|\n|poke|p2|Dragonite, M|\n|teampreview\n|inactive|Battle timer is ON: inactive players will automatically lose when time's up. (requested by shoubi123)\n|\n|t:|1699702086\n|start\n|switch|p1a: Tapu Koko|Tapu Koko|100\/100\n|switch|p2a: Scizor|Scizor, M|100\/100\n|-fieldstart|move: Electric Terrain|[from] ability: Electric Surge|[of] p1a: Tapu Koko\n|turn|1\n|\n|t:|1699702093\n|detailschange|p2a: Scizor|Scizor-Mega, M\n|-mega|p2a: Scizor|Scizor|Scizorite\n|move|p2a: Scizor|Bullet Punch|p1a: Tapu Koko\n|-damage|p1a: Tapu Koko|61\/100\n|move|p1a: Tapu Koko|Thunderbolt|p2a: Scizor\n|-damage|p2a: Scizor|54\/100\n|\n|upkeep\n|turn|2\n|\n|t:|1699702100\n|move|p2a: Scizor|Bullet Punch|p1a: Tapu Koko\n|-damage|p1a: Tapu Koko|18\/100\n|move|p1a: Tapu Koko|Roost|p1a: Tapu Koko\n|-heal|p1a: Tapu Koko|68\/100\n|-singleturn|p1a: Tapu Koko|move: Roost\n|\n|upkeep\n|turn|3\n|\n|t:|1699702109\n|move|p1a: Tapu Koko|Thunderbolt|p2a: Scizor\n|-damage|p2a: Scizor|4\/100\n|move|p2a: Scizor|Roost|p2a: Scizor\n|-heal|p2a: Scizor|54\/100\n|-singleturn|p2a: Scizor|move: Roost\n|\n|upkeep\n|turn|4\n|\n|t:|1699702114\n|switch|p2a: Hydreigon|Hydreigon, F|100\/100\n|move|p1a: Tapu Koko|Thunderbolt|p2a: Hydreigon\n|-resisted|p2a: Hydreigon\n|-damage|p2a: Hydreigon|83\/100\n|\n|-heal|p2a: Hydreigon|89\/100|[from] item: Leftovers\n|upkeep\n|turn|5\n|\n|t:|1699702119\n|switch|p1a: Chansey|Chansey, F|100\/100\n|move|p2a: Hydreigon|Stealth Rock|p1a: Chansey\n|-sidestart|p1: shenghua\u597d\u96be|move: Stealth Rock\n|\n|-heal|p2a: Hydreigon|95\/100|[from] item: Leftovers\n|-fieldend|move: Electric Terrain\n|upkeep\n|turn|6\n|\n|t:|1699702125\n|move|p2a: Hydreigon|U-turn|p1a: Chansey\n|-crit|p1a: Chansey\n|-damage|p1a: Chansey|83\/100\n|\n|t:|1699702128\n|switch|p2a: Scizor|Scizor-Mega, M|54\/100|[from] U-turn\n|move|p1a: Chansey|Teleport|p1a: Chansey\n|\n|t:|1699702134\n|switch|p1a: Gliscor|Gliscor, F|100\/100|[from] Teleport\n|-damage|p1a: Gliscor|88\/100|[from] Stealth Rock\n|\n|-status|p1a: Gliscor|tox|[from] item: Toxic Orb\n|upkeep\n|turn|7\n|\n|t:|1699702138\n|move|p1a: Gliscor|Defog|p2a: Scizor\n|-unboost|p2a: Scizor|evasion|1\n|-sideend|p1: shenghua\u597d\u96be|Stealth Rock|[from] move: Defog|[of] p1a: Gliscor\n|move|p2a: Scizor|Roost|p2a: Scizor\n|-heal|p2a: Scizor|100\/100\n|-singleturn|p2a: Scizor|move: Roost\n|\n|-heal|p1a: Gliscor|100\/100 tox|[from] ability: Poison Heal\n|upkeep\n|turn|8\n|\n|t:|1699702141\n|move|p1a: Gliscor|Earthquake|p2a: Scizor\n|-damage|p2a: Scizor|80\/100\n|move|p2a: Scizor|U-turn|p1a: Gliscor\n|-resisted|p1a: Gliscor\n|-damage|p1a: Gliscor|87\/100 tox\n|\n|t:|1699702153\n|switch|p2a: Celesteela|Celesteela|100\/100|[from] U-turn\n|\n|-heal|p1a: Gliscor|99\/100 tox|[from] ability: Poison Heal\n|upkeep\n|turn|9\n|\n|t:|1699702160\n|switch|p1a: Tapu Koko|Tapu Koko|68\/100\n|-fieldstart|move: Electric Terrain|[from] ability: Electric Surge|[of] p1a: Tapu Koko\n|move|p2a: Celesteela|Leech Seed|p1a: Tapu Koko\n|-start|p1a: Tapu Koko|move: Leech Seed\n|\n|-damage|p1a: Tapu Koko|56\/100|[from] Leech Seed|[of] p2a: Celesteela\n|upkeep\n|turn|10\n|\n|t:|1699702168\n|move|p1a: Tapu Koko|Roost|p1a: Tapu Koko\n|-heal|p1a: Tapu Koko|100\/100\n|-singleturn|p1a: Tapu Koko|move: Roost\n|move|p2a: Celesteela|Heavy Slam|p1a: Tapu Koko\n|-damage|p1a: Tapu Koko|43\/100\n|\n|-damage|p1a: Tapu Koko|30\/100|[from] Leech Seed|[of] p2a: Celesteela\n|upkeep\n|turn|11\n|\n|t:|1699702175\n|switch|p2a: Hydreigon|Hydreigon, F|95\/100\n|move|p1a: Tapu Koko|Roost|p1a: Tapu Koko\n|-heal|p1a: Tapu Koko|81\/100\n|-singleturn|p1a: Tapu Koko|move: Roost\n|\n|-heal|p2a: Hydreigon|100\/100|[from] item: Leftovers\n|-damage|p1a: Tapu Koko|68\/100|[from] Leech Seed|[of] p2a: Hydreigon\n|upkeep\n|turn|12\n|\n|t:|1699702179\n|move|p1a: Tapu Koko|U-turn|p2a: Hydreigon\n|-supereffective|p2a: Hydreigon\n|-damage|p2a: Hydreigon|72\/100\n|\n|t:|1699702183\n|switch|p1a: Chansey|Chansey, F|83\/100|[from] U-turn\n|move|p2a: Hydreigon|Stealth Rock|p1a: Chansey\n|-sidestart|p1: shenghua\u597d\u96be|move: Stealth Rock\n|\n|-heal|p2a: Hydreigon|78\/100|[from] item: Leftovers\n|upkeep\n|turn|13\n|\n|t:|1699702191\n|move|p2a: Hydreigon|U-turn|p1a: Chansey\n|-damage|p1a: Chansey|73\/100\n|\n|t:|1699702202\n|switch|p2a: Dragonite|Dragonite, M|100\/100|[from] U-turn\n|move|p1a: Chansey|Teleport|p1a: Chansey\n|\n|t:|1699702207\n|switch|p1a: Iron Valiant|Iron Valiant|100\/100|[from] Teleport\n|-damage|p1a: Iron Valiant|94\/100|[from] Stealth Rock\n|-activate|p1a: Iron Valiant|ability: Quark Drive\n|-start|p1a: Iron Valiant|quarkdrivespe\n|\n|-fieldend|move: Electric Terrain\n|-end|p1a: Iron Valiant|Quark Drive\n|upkeep\n|turn|14\n|\n|t:|1699702211\n|move|p1a: Iron Valiant|Moonblast|p2a: Dragonite\n|-supereffective|p2a: Dragonite\n|-damage|p2a: Dragonite|23\/100\n|-unboost|p2a: Dragonite|spa|1\n|-enditem|p2a: Dragonite|Weakness Policy\n|-boost|p2a: Dragonite|atk|2|[from] item: Weakness Policy\n|-boost|p2a: Dragonite|spa|2|[from] item: Weakness Policy\n|move|p2a: Dragonite|Dragon Dance|p2a: Dragonite\n|-boost|p2a: Dragonite|atk|1\n|-boost|p2a: Dragonite|spe|1\n|\n|upkeep\n|turn|15\n|\n|t:|1699702216\n|move|p2a: Dragonite|Earthquake|p1a: Iron Valiant\n|-damage|p1a: Iron Valiant|0 fnt\n|faint|p1a: Iron Valiant\n|-end|p1a: Iron Valiant|Quark Drive|[silent]\n|\n|upkeep\n|\n|t:|1699702220\n|switch|p1a: Medicham|Medicham, M|100\/100\n|-damage|p1a: Medicham|94\/100|[from] Stealth Rock\n|turn|16\n|\n|t:|1699702225\n|detailschange|p1a: Medicham|Medicham-Mega, M\n|-mega|p1a: Medicham|Medicham|Medichamite\n|move|p1a: Medicham|Fake Out|p2a: Dragonite\n|-crit|p2a: Dragonite\n|-damage|p2a: Dragonite|0 fnt\n|faint|p2a: Dragonite\n|\n|upkeep\n|\n|t:|1699702239\n|switch|p2a: Slowbro|Slowbro, F|100\/100\n|turn|17\n|\n|t:|1699702245\n|switch|p1a: Chansey|Chansey, F|73\/100\n|-damage|p1a: Chansey|61\/100|[from] Stealth Rock\n|move|p2a: Slowbro|Teleport|p2a: Slowbro\n|\n|t:|1699702251\n|switch|p2a: Kommo-o|Kommo-o, F|100\/100|[from] Teleport\n|\n|upkeep\n|turn|18\n|\n|t:|1699702254\n|move|p2a: Kommo-o|Clangorous Soul|p2a: Kommo-o\n|-boost|p2a: Kommo-o|atk|1\n|-boost|p2a: Kommo-o|def|1\n|-boost|p2a: Kommo-o|spa|1\n|-boost|p2a: Kommo-o|spd|1\n|-boost|p2a: Kommo-o|spe|1\n|-damage|p2a: Kommo-o|68\/100\n|move|p1a: Chansey|Soft-Boiled|p1a: Chansey\n|-heal|p1a: Chansey|100\/100\n|\n|upkeep\n|turn|19\n|\n|t:|1699702260\n|move|p2a: Kommo-o|Drain Punch|p1a: Chansey\n|-supereffective|p1a: Chansey\n|-damage|p1a: Chansey|34\/100\n|-heal|p2a: Kommo-o|100\/100|[from] drain|[of] p1a: Chansey\n|move|p1a: Chansey|Toxic|p2a: Kommo-o\n|-status|p2a: Kommo-o|tox\n|\n|-damage|p2a: Kommo-o|94\/100 tox|[from] psn\n|upkeep\n|turn|20\n|\n|t:|1699702267\n|move|p2a: Kommo-o|Drain Punch|p1a: Chansey\n|-supereffective|p1a: Chansey\n|-damage|p1a: Chansey|0 fnt\n|-heal|p2a: Kommo-o|100\/100 tox|[from] drain|[of] p1a: Chansey\n|faint|p1a: Chansey\n|\n|-damage|p2a: Kommo-o|88\/100 tox|[from] psn\n|upkeep\n|\n|t:|1699702271\n|switch|p1a: Gliscor|Gliscor, F|99\/100 tox\n|-damage|p1a: Gliscor|87\/100 tox|[from] Stealth Rock\n|turn|21\n|\n|t:|1699702276\n|move|p2a: Kommo-o|Iron Head|p1a: Gliscor\n|-damage|p1a: Gliscor|57\/100 tox\n|move|p1a: Gliscor|Defog|p2a: Kommo-o\n|-unboost|p2a: Kommo-o|evasion|1\n|-sideend|p1: shenghua\u597d\u96be|Stealth Rock|[from] move: Defog|[of] p1a: Gliscor\n|\n|-damage|p2a: Kommo-o|70\/100 tox|[from] psn\n|-heal|p1a: Gliscor|70\/100 tox|[from] ability: Poison Heal\n|upkeep\n|turn|22\n|\n|t:|1699702283\n|move|p2a: Kommo-o|Iron Head|p1a: Gliscor\n|-damage|p1a: Gliscor|41\/100 tox\n|cant|p1a: Gliscor|flinch\n|\n|-damage|p2a: Kommo-o|45\/100 tox|[from] psn\n|-heal|p1a: Gliscor|53\/100 tox|[from] ability: Poison Heal\n|upkeep\n|turn|23\n|\n|t:|1699702288\n|move|p2a: Kommo-o|Iron Head|p1a: Gliscor\n|-damage|p1a: Gliscor|26\/100 tox\n|move|p1a: Gliscor|Roost|p1a: Gliscor\n|-heal|p1a: Gliscor|76\/100 tox\n|-singleturn|p1a: Gliscor|move: Roost\n|\n|-damage|p2a: Kommo-o|14\/100 tox|[from] psn\n|-heal|p1a: Gliscor|89\/100 tox|[from] ability: Poison Heal\n|upkeep\n|turn|24\n|\n|t:|1699702299\n|move|p2a: Kommo-o|Iron Head|p1a: Gliscor\n|-damage|p1a: Gliscor|61\/100 tox\n|move|p1a: Gliscor|Roost|p1a: Gliscor\n|-heal|p1a: Gliscor|100\/100 tox\n|-singleturn|p1a: Gliscor|move: Roost\n|\n|-damage|p2a: Kommo-o|0 fnt|[from] psn\n|faint|p2a: Kommo-o\n|upkeep\n|\n|t:|1699702305\n|switch|p2a: Celesteela|Celesteela|100\/100\n|turn|25\n|\n|t:|1699702312\n|switch|p1a: Tapu Koko|Tapu Koko|68\/100\n|-fieldstart|move: Electric Terrain|[from] ability: Electric Surge|[of] p1a: Tapu Koko\n|move|p2a: Celesteela|Leech Seed|p1a: Tapu Koko|[miss]\n|-miss|p2a: Celesteela|p1a: Tapu Koko\n|\n|upkeep\n|turn|26\n|\n|t:|1699702316\n|move|p1a: Tapu Koko|Thunderbolt|p2a: Celesteela\n|-supereffective|p2a: Celesteela\n|-damage|p2a: Celesteela|40\/100\n|move|p2a: Celesteela|Leech Seed|p1a: Tapu Koko\n|-start|p1a: Tapu Koko|move: Leech Seed\n|\n|-heal|p2a: Celesteela|46\/100|[from] item: Leftovers\n|-damage|p1a: Tapu Koko|56\/100|[from] Leech Seed|[of] p2a: Celesteela\n|-heal|p2a: Celesteela|55\/100|[silent]\n|upkeep\n|turn|27\n|\n|t:|1699702325\n|move|p2a: Celesteela|Protect|p2a: Celesteela\n|-singleturn|p2a: Celesteela|Protect\n|move|p1a: Tapu Koko|U-turn|p2a: Celesteela\n|-activate|p2a: Celesteela|move: Protect\n|\n|-heal|p2a: Celesteela|61\/100|[from] item: Leftovers\n|-damage|p1a: Tapu Koko|43\/100|[from] Leech Seed|[of] p2a: Celesteela\n|-heal|p2a: Celesteela|69\/100|[silent]\n|upkeep\n|turn|28\n|\n|t:|1699702334\n|move|p1a: Tapu Koko|U-turn|p2a: Celesteela\n|-resisted|p2a: Celesteela\n|-damage|p2a: Celesteela|66\/100\n|\n|t:|1699702339\n|switch|p1a: Sneasler|Sneasler, F|100\/100|[from] U-turn\n|-enditem|p1a: Sneasler|Electric Seed\n|-boost|p1a: Sneasler|def|1|[from] item: Electric Seed\n|move|p2a: Celesteela|Heavy Slam|p1a: Sneasler\n|-damage|p1a: Sneasler|55\/100\n|\n|-heal|p2a: Celesteela|72\/100|[from] item: Leftovers\n|upkeep\n|turn|29\n|\n|t:|1699702344\n|switch|p2a: Slowbro|Slowbro, F|100\/100\n|move|p1a: Sneasler|Swords Dance|p1a: Sneasler\n|-boost|p1a: Sneasler|atk|2\n|\n|-fieldend|move: Electric Terrain\n|upkeep\n|turn|30\n|\n|t:|1699702349\n|move|p1a: Sneasler|Dire Claw|p2a: Slowbro\n|-damage|p2a: Slowbro|48\/100\n|move|p2a: Slowbro|Scald|p1a: Sneasler\n|-damage|p1a: Sneasler|18\/100\n|\n|upkeep\n|turn|31\n|\n|t:|1699702361\n|switch|p2a: Celesteela|Celesteela|72\/100\n|move|p1a: Sneasler|Close Combat|p2a: Celesteela\n|-damage|p2a: Celesteela|0 fnt\n|-unboost|p1a: Sneasler|def|1\n|-unboost|p1a: Sneasler|spd|1\n|faint|p2a: Celesteela\n|\n|upkeep\n|\n|t:|1699702364\n|switch|p2a: Scizor|Scizor-Mega, M|80\/100\n|turn|32\n|\n|t:|1699702367\n|move|p2a: Scizor|Bullet Punch|p1a: Sneasler\n|-damage|p1a: Sneasler|0 fnt\n|faint|p1a: Sneasler\n|\n|upkeep\n|\n|t:|1699702369\n|switch|p1a: Gliscor|Gliscor, F|100\/100 tox\n|turn|33\n|\n|t:|1699702385\n|move|p1a: Gliscor|Toxic|p2a: Scizor\n|-immune|p2a: Scizor\n|move|p2a: Scizor|Roost|p2a: Scizor\n|-heal|p2a: Scizor|100\/100\n|-singleturn|p2a: Scizor|move: Roost\n|\n|upkeep\n|turn|34\n|\n|t:|1699702391\n|move|p1a: Gliscor|Earthquake|p2a: Scizor\n|-damage|p2a: Scizor|81\/100\n|move|p2a: Scizor|U-turn|p1a: Gliscor\n|-resisted|p1a: Gliscor\n|-crit|p1a: Gliscor\n|-damage|p1a: Gliscor|79\/100 tox\n|\n|t:|1699702396\n|switch|p2a: Slowbro|Slowbro, F|82\/100|[from] U-turn\n|\n|-heal|p1a: Gliscor|92\/100 tox|[from] ability: Poison Heal\n|upkeep\n|turn|35\n|\n|t:|1699702404\n|move|p1a: Gliscor|Toxic|p2a: Slowbro\n|-status|p2a: Slowbro|tox\n|move|p2a: Slowbro|Scald|p1a: Gliscor\n|-supereffective|p1a: Gliscor\n|-damage|p1a: Gliscor|43\/100 tox\n|\n|-heal|p1a: Gliscor|56\/100 tox|[from] ability: Poison Heal\n|-damage|p2a: Slowbro|76\/100 tox|[from] psn\n|upkeep\n|turn|36\n|\n|t:|1699702412\n|switch|p1a: Tapu Koko|Tapu Koko|43\/100\n|-fieldstart|move: Electric Terrain|[from] ability: Electric Surge|[of] p1a: Tapu Koko\n|move|p2a: Slowbro|Teleport|p2a: Slowbro\n|\n|t:|1699702415\n|switch|p2a: Hydreigon|Hydreigon, F|78\/100|[from] Teleport\n|\n|-heal|p2a: Hydreigon|84\/100|[from] item: Leftovers\n|upkeep\n|turn|37\n|\n|t:|1699702424\n|move|p1a: Tapu Koko|Roost|p1a: Tapu Koko\n|-heal|p1a: Tapu Koko|93\/100\n|-singleturn|p1a: Tapu Koko|move: Roost\n|move|p2a: Hydreigon|Stealth Rock|p1a: Tapu Koko\n|-sidestart|p1: shenghua\u597d\u96be|move: Stealth Rock\n|\n|-heal|p2a: Hydreigon|90\/100|[from] item: Leftovers\n|upkeep\n|turn|38\n|\n|t:|1699702432\n|move|p1a: Tapu Koko|U-turn|p2a: Hydreigon\n|-supereffective|p2a: Hydreigon\n|-damage|p2a: Hydreigon|57\/100\n|\n|t:|1699702435\n|switch|p1a: Gliscor|Gliscor, F|56\/100 tox|[from] U-turn\n|-damage|p1a: Gliscor|43\/100 tox|[from] Stealth Rock\n|move|p2a: Hydreigon|Roar|p1a: Gliscor\n|drag|p1a: Medicham|Medicham-Mega, M|94\/100\n|-damage|p1a: Medicham|88\/100|[from] Stealth Rock\n|\n|-heal|p2a: Hydreigon|63\/100|[from] item: Leftovers\n|upkeep\n|turn|39\n|\n|t:|1699702440\n|switch|p2a: Slowbro|Slowbro, F|100\/100 tox\n|move|p1a: Medicham|Fake Out|p2a: Slowbro\n|-damage|p2a: Slowbro|87\/100 tox\n|\n|-damage|p2a: Slowbro|81\/100 tox|[from] psn\n|upkeep\n|turn|40\n|\n|t:|1699702446\n|switch|p1a: Tapu Koko|Tapu Koko|93\/100\n|move|p2a: Slowbro|Teleport|p2a: Slowbro\n|\n|t:|1699702449\n|switch|p2a: Hydreigon|Hydreigon, F|63\/100|[from] Teleport\n|\n|-heal|p2a: Hydreigon|69\/100|[from] item: Leftovers\n|-fieldend|move: Electric Terrain\n|upkeep\n|turn|41\n|\n|t:|1699702456\n|move|p1a: Tapu Koko|U-turn|p2a: Hydreigon\n|-supereffective|p2a: Hydreigon\n|-damage|p2a: Hydreigon|40\/100\n|\n|t:|1699702460\n|switch|p1a: Gliscor|Gliscor, F|43\/100 tox|[from] U-turn\n|-damage|p1a: Gliscor|31\/100 tox|[from] Stealth Rock\n|move|p2a: Hydreigon|Roar|p1a: Gliscor\n|drag|p1a: Tapu Koko|Tapu Koko|93\/100\n|-fieldstart|move: Electric Terrain|[from] ability: Electric Surge|[of] p1a: Tapu Koko\n|\n|-heal|p2a: Hydreigon|46\/100|[from] item: Leftovers\n|upkeep\n|turn|42\n|\n|t:|1699702470\n|move|p1a: Tapu Koko|U-turn|p2a: Hydreigon\n|-supereffective|p2a: Hydreigon\n|-damage|p2a: Hydreigon|16\/100\n|\n|t:|1699702475\n|switch|p1a: Gliscor|Gliscor, F|31\/100 tox|[from] U-turn\n|-damage|p1a: Gliscor|18\/100 tox|[from] Stealth Rock\n|move|p2a: Hydreigon|Roost|p2a: Hydreigon\n|-heal|p2a: Hydreigon|66\/100\n|-singleturn|p2a: Hydreigon|move: Roost\n|\n|-heal|p2a: Hydreigon|72\/100|[from] item: Leftovers\n|-heal|p1a: Gliscor|31\/100 tox|[from] ability: Poison Heal\n|upkeep\n|turn|43\n|\n|t:|1699702479\n|move|p2a: Hydreigon|U-turn|p1a: Gliscor\n|-resisted|p1a: Gliscor\n|-damage|p1a: Gliscor|24\/100 tox\n|\n|t:|1699702484\n|switch|p2a: Scizor|Scizor-Mega, M|81\/100|[from] U-turn\n|move|p1a: Gliscor|Roost|p1a: Gliscor\n|-heal|p1a: Gliscor|74\/100 tox\n|-singleturn|p1a: Gliscor|move: Roost\n|\n|-heal|p1a: Gliscor|87\/100 tox|[from] ability: Poison Heal\n|upkeep\n|turn|44\n|\n|t:|1699702489\n|move|p1a: Gliscor|Earthquake|p2a: Scizor\n|-damage|p2a: Scizor|61\/100\n|move|p2a: Scizor|U-turn|p1a: Gliscor\n|-resisted|p1a: Gliscor\n|-damage|p1a: Gliscor|72\/100 tox\n|\n|t:|1699702492\n|switch|p2a: Slowbro|Slowbro, F|100\/100 tox|[from] U-turn\n|\n|-heal|p1a: Gliscor|84\/100 tox|[from] ability: Poison Heal\n|-damage|p2a: Slowbro|94\/100 tox|[from] psn\n|upkeep\n|turn|45\n|\n|t:|1699702497\n|switch|p1a: Tapu Koko|Tapu Koko|93\/100\n|move|p2a: Slowbro|Scald|p1a: Tapu Koko\n|-damage|p1a: Tapu Koko|52\/100\n|\n|-damage|p2a: Slowbro|82\/100 tox|[from] psn\n|-fieldend|move: Electric Terrain\n|upkeep\n|turn|46\n|\n|t:|1699702504\n|switch|p2a: Hydreigon|Hydreigon, F|72\/100\n|move|p1a: Tapu Koko|Roost|p1a: Tapu Koko\n|-heal|p1a: Tapu Koko|100\/100\n|-singleturn|p1a: Tapu Koko|move: Roost\n|\n|-heal|p2a: Hydreigon|78\/100|[from] item: Leftovers\n|upkeep\n|turn|47\n|\n|t:|1699702516\n|move|p1a: Tapu Koko|U-turn|p2a: Hydreigon\n|-supereffective|p2a: Hydreigon\n|-damage|p2a: Hydreigon|48\/100\n|\n|t:|1699702519\n|switch|p1a: Gliscor|Gliscor, F|84\/100 tox|[from] U-turn\n|-damage|p1a: Gliscor|72\/100 tox|[from] Stealth Rock\n|move|p2a: Hydreigon|Roar|p1a: Gliscor\n|drag|p1a: Tapu Koko|Tapu Koko|100\/100\n|-fieldstart|move: Electric Terrain|[from] ability: Electric Surge|[of] p1a: Tapu Koko\n|\n|-heal|p2a: Hydreigon|55\/100|[from] item: Leftovers\n|upkeep\n|turn|48\n|l|\u2606shoubi123\n|inactive|shoubi123 disconnected and has a minute to reconnect!\n|player|p2|\n|inactive|shoubi123 has 30 seconds to reconnect!\n|inactive|shoubi123 has 20 seconds to reconnect!\n|j|\u2606shoubi123\n|inactive|shoubi123 reconnected and has 95 seconds left.\n|player|p2|shoubi123|preschooler\n|inactive|shoubi123 has 90 seconds left.\n|\n|t:|1699702590\n|move|p1a: Tapu Koko|Thunderbolt|p2a: Hydreigon\n|-resisted|p2a: Hydreigon\n|-damage|p2a: Hydreigon|37\/100\n|move|p2a: Hydreigon|Roost|p2a: Hydreigon\n|-heal|p2a: Hydreigon|87\/100\n|-singleturn|p2a: Hydreigon|move: Roost\n|\n|-heal|p2a: Hydreigon|93\/100|[from] item: Leftovers\n|upkeep\n|turn|49\n|\n|t:|1699702604\n|switch|p2a: Scizor|Scizor-Mega, M|61\/100\n|move|p1a: Tapu Koko|Thunderbolt|p2a: Scizor\n|-damage|p2a: Scizor|16\/100\n|\n|upkeep\n|turn|50\n|\n|t:|1699702610\n|switch|p2a: Hydreigon|Hydreigon, F|93\/100\n|move|p1a: Tapu Koko|Thunderbolt|p2a: Hydreigon\n|-resisted|p2a: Hydreigon\n|-damage|p2a: Hydreigon|77\/100\n|-status|p2a: Hydreigon|par\n|\n|-heal|p2a: Hydreigon|83\/100 par|[from] item: Leftovers\n|upkeep\n|turn|51\n|\n|t:|1699702619\n|move|p1a: Tapu Koko|U-turn|p2a: Hydreigon\n|-supereffective|p2a: Hydreigon\n|-damage|p2a: Hydreigon|50\/100 par\n|\n|t:|1699702622\n|switch|p1a: Gliscor|Gliscor, F|72\/100 tox|[from] U-turn\n|-damage|p1a: Gliscor|59\/100 tox|[from] Stealth Rock\n|move|p2a: Hydreigon|U-turn|p1a: Gliscor\n|-resisted|p1a: Gliscor\n|-crit|p1a: Gliscor\n|-damage|p1a: Gliscor|49\/100 tox\n|\n|t:|1699702632\n|switch|p2a: Slowbro|Slowbro, F|100\/100 tox|[from] U-turn\n|\n|-heal|p1a: Gliscor|62\/100 tox|[from] ability: Poison Heal\n|-damage|p2a: Slowbro|94\/100 tox|[from] psn\n|-fieldend|move: Electric Terrain\n|upkeep\n|turn|52\n|\n|t:|1699702639\n|move|p1a: Gliscor|Defog|p2a: Slowbro\n|-unboost|p2a: Slowbro|evasion|1\n|-sideend|p1: shenghua\u597d\u96be|Stealth Rock|[from] move: Defog|[of] p1a: Gliscor\n|move|p2a: Slowbro|Scald|p1a: Gliscor\n|-supereffective|p1a: Gliscor\n|-damage|p1a: Gliscor|15\/100 tox\n|\n|-heal|p1a: Gliscor|28\/100 tox|[from] ability: Poison Heal\n|-damage|p2a: Slowbro|82\/100 tox|[from] psn\n|upkeep\n|turn|53\n|\n|t:|1699702648\n|move|p1a: Gliscor|Roost|p1a: Gliscor\n|-heal|p1a: Gliscor|78\/100 tox\n|-singleturn|p1a: Gliscor|move: Roost\n|move|p2a: Slowbro|Scald|p1a: Gliscor\n|-supereffective|p1a: Gliscor\n|-damage|p1a: Gliscor|27\/100 tox\n|\n|-heal|p1a: Gliscor|39\/100 tox|[from] ability: Poison Heal\n|-damage|p2a: Slowbro|64\/100 tox|[from] psn\n|upkeep\n|turn|54\n|\n|t:|1699702656\n|switch|p1a: Tapu Koko|Tapu Koko|100\/100\n|-fieldstart|move: Electric Terrain|[from] ability: Electric Surge|[of] p1a: Tapu Koko\n|move|p2a: Slowbro|Teleport|p2a: Slowbro\n|\n|t:|1699702660\n|switch|p2a: Hydreigon|Hydreigon, F|50\/100 par|[from] Teleport\n|\n|-heal|p2a: Hydreigon|56\/100 par|[from] item: Leftovers\n|upkeep\n|turn|55\n|\n|t:|1699702672\n|move|p1a: Tapu Koko|U-turn|p2a: Hydreigon\n|-supereffective|p2a: Hydreigon\n|-damage|p2a: Hydreigon|24\/100 par\n|\n|t:|1699702675\n|switch|p1a: Gliscor|Gliscor, F|39\/100 tox|[from] U-turn\n|move|p2a: Hydreigon|Roost|p2a: Hydreigon\n|-heal|p2a: Hydreigon|74\/100 par\n|-singleturn|p2a: Hydreigon|move: Roost\n|\n|-heal|p2a: Hydreigon|80\/100 par|[from] item: Leftovers\n|-heal|p1a: Gliscor|52\/100 tox|[from] ability: Poison Heal\n|upkeep\n|turn|56\n|\n|t:|1699702681\n|move|p1a: Gliscor|Roost|p1a: Gliscor\n|-heal|p1a: Gliscor|100\/100 tox\n|-singleturn|p1a: Gliscor|move: Roost\n|move|p2a: Hydreigon|Stealth Rock|p1a: Gliscor\n|-sidestart|p1: shenghua\u597d\u96be|move: Stealth Rock\n|\n|-heal|p2a: Hydreigon|86\/100 par|[from] item: Leftovers\n|upkeep\n|turn|57\n|\n|t:|1699702688\n|move|p1a: Gliscor|Defog|p2a: Hydreigon\n|-unboost|p2a: Hydreigon|evasion|1\n|-sideend|p1: shenghua\u597d\u96be|Stealth Rock|[from] move: Defog|[of] p1a: Gliscor\n|-fieldend|move: Electric Terrain\n|move|p2a: Hydreigon|Stealth Rock|p1a: Gliscor\n|-sidestart|p1: shenghua\u597d\u96be|move: Stealth Rock\n|\n|-heal|p2a: Hydreigon|93\/100 par|[from] item: Leftovers\n|upkeep\n|turn|58\n|\n|t:|1699702694\n|move|p1a: Gliscor|Defog|p2a: Hydreigon\n|-unboost|p2a: Hydreigon|evasion|1\n|-sideend|p1: shenghua\u597d\u96be|Stealth Rock|[from] move: Defog|[of] p1a: Gliscor\n|move|p2a: Hydreigon|Stealth Rock|p1a: Gliscor\n|-sidestart|p1: shenghua\u597d\u96be|move: Stealth Rock\n|\n|-heal|p2a: Hydreigon|99\/100 par|[from] item: Leftovers\n|upkeep\n|turn|59\n|\n|t:|1699702701\n|move|p1a: Gliscor|Defog|p2a: Hydreigon\n|-unboost|p2a: Hydreigon|evasion|1\n|-sideend|p1: shenghua\u597d\u96be|Stealth Rock|[from] move: Defog|[of] p1a: Gliscor\n|move|p2a: Hydreigon|Stealth Rock|p1a: Gliscor\n|-sidestart|p1: shenghua\u597d\u96be|move: Stealth Rock\n|\n|-heal|p2a: Hydreigon|100\/100 par|[from] item: Leftovers\n|upkeep\n|turn|60\n|\n|t:|1699702705\n|switch|p1a: Medicham|Medicham-Mega, M|88\/100\n|-damage|p1a: Medicham|82\/100|[from] Stealth Rock\n|move|p2a: Hydreigon|Stealth Rock||[still]\n|-fail|p2a: Hydreigon\n|\n|upkeep\n|turn|61\n|\n|t:|1699702713\n|switch|p2a: Slowbro|Slowbro, F|97\/100 tox\n|move|p1a: Medicham|Fake Out|p2a: Slowbro\n|-damage|p2a: Slowbro|84\/100 tox\n|\n|-damage|p2a: Slowbro|78\/100 tox|[from] psn\n|upkeep\n|turn|62\n|\n|t:|1699702721\n|switch|p1a: Tapu Koko|Tapu Koko|100\/100\n|-fieldstart|move: Electric Terrain|[from] ability: Electric Surge|[of] p1a: Tapu Koko\n|move|p2a: Slowbro|Scald|p1a: Tapu Koko\n|-damage|p1a: Tapu Koko|56\/100\n|\n|-damage|p2a: Slowbro|66\/100 tox|[from] psn\n|upkeep\n|turn|63\n|\n|t:|1699702729\n|switch|p2a: Hydreigon|Hydreigon, F|100\/100 par\n|move|p1a: Tapu Koko|Roost|p1a: Tapu Koko\n|-heal|p1a: Tapu Koko|100\/100\n|-singleturn|p1a: Tapu Koko|move: Roost\n|\n|upkeep\n|turn|64\n|\n|t:|1699702733\n|move|p1a: Tapu Koko|U-turn|p2a: Hydreigon\n|-supereffective|p2a: Hydreigon\n|-damage|p2a: Hydreigon|71\/100 par\n|\n|t:|1699702737\n|switch|p1a: Gliscor|Gliscor, F|100\/100 tox|[from] U-turn\n|-damage|p1a: Gliscor|88\/100 tox|[from] Stealth Rock\n|cant|p2a: Hydreigon|par\n|\n|-heal|p2a: Hydreigon|77\/100 par|[from] item: Leftovers\n|-heal|p1a: Gliscor|100\/100 tox|[from] ability: Poison Heal\n|upkeep\n|turn|65\n|\n|t:|1699702743\n|move|p1a: Gliscor|Defog|p2a: Hydreigon\n|-unboost|p2a: Hydreigon|evasion|1\n|-sideend|p1: shenghua\u597d\u96be|Stealth Rock|[from] move: Defog|[of] p1a: Gliscor\n|-fieldend|move: Electric Terrain\n|move|p2a: Hydreigon|Stealth Rock|p1a: Gliscor\n|-sidestart|p1: shenghua\u597d\u96be|move: Stealth Rock\n|\n|-heal|p2a: Hydreigon|83\/100 par|[from] item: Leftovers\n|upkeep\n|turn|66\n|\n|t:|1699702752\n|move|p1a: Gliscor|Defog|p2a: Hydreigon\n|-unboost|p2a: Hydreigon|evasion|1\n|-sideend|p1: shenghua\u597d\u96be|Stealth Rock|[from] move: Defog|[of] p1a: Gliscor\n|move|p2a: Hydreigon|U-turn|p1a: Gliscor\n|-resisted|p1a: Gliscor\n|-damage|p1a: Gliscor|94\/100 tox\n|\n|t:|1699702755\n|switch|p2a: Slowbro|Slowbro, F|99\/100 tox|[from] U-turn\n|\n|-heal|p1a: Gliscor|100\/100 tox|[from] ability: Poison Heal\n|-damage|p2a: Slowbro|93\/100 tox|[from] psn\n|upkeep\n|turn|67\n|\n|t:|1699702761\n|move|p1a: Gliscor|Earthquake|p2a: Slowbro\n|-damage|p2a: Slowbro|73\/100 tox\n|move|p2a: Slowbro|Teleport|p2a: Slowbro\n|\n|t:|1699702764\n|switch|p2a: Hydreigon|Hydreigon, F|83\/100 par|[from] Teleport\n|\n|-heal|p2a: Hydreigon|89\/100 par|[from] item: Leftovers\n|upkeep\n|turn|68\n|\n|t:|1699702771\n|switch|p1a: Medicham|Medicham-Mega, M|82\/100\n|move|p2a: Hydreigon|Stealth Rock|p1a: Medicham\n|-sidestart|p1: shenghua\u597d\u96be|move: Stealth Rock\n|\n|-heal|p2a: Hydreigon|95\/100 par|[from] item: Leftovers\n|upkeep\n|turn|69\n|\n|t:|1699702777\n|switch|p2a: Slowbro|Slowbro, F|100\/100 tox\n|move|p1a: Medicham|Close Combat|p2a: Slowbro\n|-resisted|p2a: Slowbro\n|-damage|p2a: Slowbro|71\/100 tox\n|-unboost|p1a: Medicham|def|1\n|-unboost|p1a: Medicham|spd|1\n|\n|-damage|p2a: Slowbro|64\/100 tox|[from] psn\n|upkeep\n|turn|70\n|\n|t:|1699702786\n|move|p1a: Medicham|Close Combat|p2a: Slowbro\n|-resisted|p2a: Slowbro\n|-damage|p2a: Slowbro|36\/100 tox\n|-unboost|p1a: Medicham|def|1\n|-unboost|p1a: Medicham|spd|1\n|move|p2a: Slowbro|Teleport|p2a: Slowbro\n|\n|t:|1699702789\n|switch|p2a: Scizor|Scizor-Mega, M|16\/100|[from] Teleport\n|\n|upkeep\n|turn|71\n|\n|t:|1699702796\n|switch|p1a: Gliscor|Gliscor, F|100\/100 tox\n|-damage|p1a: Gliscor|88\/100 tox|[from] Stealth Rock\n|move|p2a: Scizor|Bullet Punch|p1a: Gliscor\n|-damage|p1a: Gliscor|64\/100 tox\n|\n|-heal|p1a: Gliscor|77\/100 tox|[from] ability: Poison Heal\n|upkeep\n|turn|72\n|\n|t:|1699702807\n|switch|p2a: Hydreigon|Hydreigon, F|95\/100 par\n|move|p1a: Gliscor|Earthquake|p2a: Hydreigon\n|-immune|p2a: Hydreigon|[from] ability: Levitate\n|\n|-heal|p2a: Hydreigon|100\/100 par|[from] item: Leftovers\n|-heal|p1a: Gliscor|89\/100 tox|[from] ability: Poison Heal\n|upkeep\n|turn|73\n|\n|t:|1699702814\n|switch|p1a: Tapu Koko|Tapu Koko|100\/100\n|-fieldstart|move: Electric Terrain|[from] ability: Electric Surge|[of] p1a: Tapu Koko\n|cant|p2a: Hydreigon|par\n|\n|upkeep\n|turn|74\n|\n|t:|1699702820\n|move|p1a: Tapu Koko|Thunderbolt|p2a: Hydreigon\n|-resisted|p2a: Hydreigon\n|-damage|p2a: Hydreigon|85\/100 par\n|move|p2a: Hydreigon|U-turn|p1a: Tapu Koko\n|-resisted|p1a: Tapu Koko\n|-damage|p1a: Tapu Koko|88\/100\n|\n|t:|1699702823\n|switch|p2a: Scizor|Scizor-Mega, M|16\/100|[from] U-turn\n|\n|upkeep\n|turn|75\n|\n|t:|1699702828\n|move|p2a: Scizor|Bullet Punch|p1a: Tapu Koko\n|-damage|p1a: Tapu Koko|50\/100\n|move|p1a: Tapu Koko|U-turn|p2a: Scizor\n|-resisted|p2a: Scizor\n|-damage|p2a: Scizor|12\/100\n|\n|t:|1699702831\n|switch|p1a: Medicham|Medicham-Mega, M|82\/100|[from] U-turn\n|-damage|p1a: Medicham|76\/100|[from] Stealth Rock\n|\n|upkeep\n|turn|76\n|\n|t:|1699702836\n|move|p1a: Medicham|Fake Out|p2a: Scizor\n|-resisted|p2a: Scizor\n|-damage|p2a: Scizor|5\/100\n|cant|p2a: Scizor|flinch\n|\n|upkeep\n|turn|77\n|\n|t:|1699702840\n|move|p2a: Scizor|Bullet Punch|p1a: Medicham\n|-damage|p1a: Medicham|35\/100\n|move|p1a: Medicham|Close Combat|p2a: Scizor\n|-damage|p2a: Scizor|0 fnt\n|-unboost|p1a: Medicham|def|1\n|-unboost|p1a: Medicham|spd|1\n|faint|p2a: Scizor\n|\n|-fieldend|move: Electric Terrain\n|upkeep\n|\n|t:|1699702844\n|switch|p2a: Slowbro|Slowbro, F|69\/100 tox\n|turn|78\n|\n|t:|1699702848\n|switch|p1a: Gliscor|Gliscor, F|89\/100 tox\n|-damage|p1a: Gliscor|77\/100 tox|[from] Stealth Rock\n|move|p2a: Slowbro|Teleport|p2a: Slowbro\n|\n|t:|1699702852\n|switch|p2a: Hydreigon|Hydreigon, F|85\/100 par|[from] Teleport\n|\n|-heal|p2a: Hydreigon|91\/100 par|[from] item: Leftovers\n|-heal|p1a: Gliscor|89\/100 tox|[from] ability: Poison Heal\n|upkeep\n|turn|79\n|c|\u2606shoubi123|\u997f\u554a\n|\n|t:|1699702868\n|switch|p1a: Tapu Koko|Tapu Koko|50\/100\n|-fieldstart|move: Electric Terrain|[from] ability: Electric Surge|[of] p1a: Tapu Koko\n|move|p2a: Hydreigon|Stealth Rock||[still]\n|-fail|p2a: Hydreigon\n|\n|-heal|p2a: Hydreigon|98\/100 par|[from] item: Leftovers\n|upkeep\n|turn|80\n|\n|t:|1699702874\n|move|p1a: Tapu Koko|Roost|p1a: Tapu Koko\n|-heal|p1a: Tapu Koko|99\/100\n|-singleturn|p1a: Tapu Koko|move: Roost\n|move|p2a: Hydreigon|Roar|p1a: Tapu Koko\n|drag|p1a: Medicham|Medicham-Mega, M|35\/100\n|-damage|p1a: Medicham|28\/100|[from] Stealth Rock\n|\n|-heal|p2a: Hydreigon|100\/100 par|[from] item: Leftovers\n|upkeep\n|turn|81\n|\n|t:|1699702880\n|switch|p2a: Slowbro|Slowbro, F|100\/100 tox\n|move|p1a: Medicham|Close Combat|p2a: Slowbro\n|-resisted|p2a: Slowbro\n|-damage|p2a: Slowbro|70\/100 tox\n|-unboost|p1a: Medicham|def|1\n|-unboost|p1a: Medicham|spd|1\n|\n|-damage|p2a: Slowbro|63\/100 tox|[from] psn\n|upkeep\n|turn|82\n|\n|t:|1699702884\n|switch|p1a: Tapu Koko|Tapu Koko|99\/100\n|move|p2a: Slowbro|Scald|p1a: Tapu Koko\n|-damage|p1a: Tapu Koko|55\/100\n|\n|-damage|p2a: Slowbro|51\/100 tox|[from] psn\n|upkeep\n|turn|83\n|\n|t:|1699702893\n|switch|p2a: Hydreigon|Hydreigon, F|100\/100 par\n|move|p1a: Tapu Koko|Thunderbolt|p2a: Hydreigon\n|-resisted|p2a: Hydreigon\n|-damage|p2a: Hydreigon|83\/100 par\n|\n|-heal|p2a: Hydreigon|89\/100 par|[from] item: Leftovers\n|-fieldend|move: Electric Terrain\n|upkeep\n|turn|84\n|\n|t:|1699702901\n|move|p1a: Tapu Koko|Roost|p1a: Tapu Koko\n|-heal|p1a: Tapu Koko|100\/100\n|-singleturn|p1a: Tapu Koko|move: Roost\n|move|p2a: Hydreigon|Roar|p1a: Tapu Koko\n|drag|p1a: Medicham|Medicham-Mega, M|28\/100\n|-damage|p1a: Medicham|22\/100|[from] Stealth Rock\n|\n|-heal|p2a: Hydreigon|95\/100 par|[from] item: Leftovers\n|upkeep\n|turn|85\n|\n|t:|1699702914\n|switch|p2a: Slowbro|Slowbro, F|85\/100 tox\n|move|p1a: Medicham|Fake Out|p2a: Slowbro\n|-damage|p2a: Slowbro|72\/100 tox\n|\n|-damage|p2a: Slowbro|65\/100 tox|[from] psn\n|upkeep\n|turn|86\n|\n|t:|1699702923\n|switch|p1a: Gliscor|Gliscor, F|89\/100 tox\n|-damage|p1a: Gliscor|77\/100 tox|[from] Stealth Rock\n|move|p2a: Slowbro|Scald|p1a: Gliscor\n|-supereffective|p1a: Gliscor\n|-damage|p1a: Gliscor|32\/100 tox\n|\n|-heal|p1a: Gliscor|45\/100 tox|[from] ability: Poison Heal\n|-damage|p2a: Slowbro|53\/100 tox|[from] psn\n|upkeep\n|turn|87\n|\n|t:|1699702927\n|switch|p2a: Hydreigon|Hydreigon, F|95\/100 par\n|-terastallize|p1a: Gliscor|Fairy\n|move|p1a: Gliscor|Roost|p1a: Gliscor\n|-heal|p1a: Gliscor|95\/100 tox\n|\n|-heal|p2a: Hydreigon|100\/100 par|[from] item: Leftovers\n|-heal|p1a: Gliscor|100\/100 tox|[from] ability: Poison Heal\n|upkeep\n|turn|88\n|\n|t:|1699702945\n|move|p1a: Gliscor|Defog|p2a: Hydreigon\n|-unboost|p2a: Hydreigon|evasion|1\n|-sideend|p1: shenghua\u597d\u96be|Stealth Rock|[from] move: Defog|[of] p1a: Gliscor\n|move|p2a: Hydreigon|U-turn|p1a: Gliscor\n|-resisted|p1a: Gliscor\n|-damage|p1a: Gliscor|94\/100 tox\n|\n|t:|1699702949\n|switch|p2a: Slowbro|Slowbro, F|87\/100 tox|[from] U-turn\n|\n|-heal|p1a: Gliscor|100\/100 tox|[from] ability: Poison Heal\n|-damage|p2a: Slowbro|80\/100 tox|[from] psn\n|upkeep\n|turn|89\n|\n|t:|1699702957\n|move|p1a: Gliscor|Earthquake|p2a: Slowbro\n|-damage|p2a: Slowbro|61\/100 tox\n|move|p2a: Slowbro|Teleport|p2a: Slowbro\n|\n|t:|1699702982\n|switch|p2a: Hydreigon|Hydreigon, F|100\/100 par|[from] Teleport\n|\n|upkeep\n|turn|90\n|\n|t:|1699702988\n|switch|p1a: Tapu Koko|Tapu Koko|100\/100\n|-fieldstart|move: Electric Terrain|[from] ability: Electric Surge|[of] p1a: Tapu Koko\n|move|p2a: Hydreigon|Stealth Rock|p1a: Tapu Koko\n|-sidestart|p1: shenghua\u597d\u96be|move: Stealth Rock\n|\n|upkeep\n|turn|91\n|c|\u2606shoubi123|\u989d\n|\n|t:|1699703002\n|move|p1a: Tapu Koko|Thunderbolt|p2a: Hydreigon\n|-resisted|p2a: Hydreigon\n|-damage|p2a: Hydreigon|83\/100 par\n|move|p2a: Hydreigon|Roar|p1a: Tapu Koko\n|drag|p1a: Gliscor|Gliscor, F, tera:Fairy|100\/100 tox\n|-damage|p1a: Gliscor|88\/100 tox|[from] Stealth Rock\n|\n|-heal|p2a: Hydreigon|89\/100 par|[from] item: Leftovers\n|-heal|p1a: Gliscor|100\/100 tox|[from] ability: Poison Heal\n|upkeep\n|turn|92\n|c|\u2606shoubi123|\u597d\u597d\u597d\n|c|\u2606shoubi123|\u5f00\u59cb\u78e8\n|\n|t:|1699703022\n|move|p1a: Gliscor|Defog|p2a: Hydreigon\n|-unboost|p2a: Hydreigon|evasion|1\n|-sideend|p1: shenghua\u597d\u96be|Stealth Rock|[from] move: Defog|[of] p1a: Gliscor\n|-fieldend|move: Electric Terrain\n|move|p2a: Hydreigon|Roar|p1a: Gliscor\n|drag|p1a: Tapu Koko|Tapu Koko|100\/100\n|-fieldstart|move: Electric Terrain|[from] ability: Electric Surge|[of] p1a: Tapu Koko\n|\n|-heal|p2a: Hydreigon|96\/100 par|[from] item: Leftovers\n|upkeep\n|turn|93\n|\n|t:|1699703032\n|move|p1a: Tapu Koko|U-turn|p2a: Hydreigon\n|-supereffective|p2a: Hydreigon\n|-damage|p2a: Hydreigon|65\/100 par\n|\n|t:|1699703036\n|switch|p1a: Medicham|Medicham-Mega, M|22\/100|[from] U-turn\n|move|p2a: Hydreigon|Stealth Rock|p1a: Medicham\n|-sidestart|p1: shenghua\u597d\u96be|move: Stealth Rock\n|\n|-heal|p2a: Hydreigon|71\/100 par|[from] item: Leftovers\n|upkeep\n|turn|94\n|\n|t:|1699703041\n|switch|p2a: Slowbro|Slowbro, F|95\/100 tox\n|move|p1a: Medicham|Zen Headbutt|p2a: Slowbro\n|-resisted|p2a: Slowbro\n|-damage|p2a: Slowbro|74\/100 tox\n|\n|-damage|p2a: Slowbro|68\/100 tox|[from] psn\n|upkeep\n|turn|95\n|\n|t:|1699703050\n|move|p1a: Medicham|Zen Headbutt|p2a: Slowbro\n|-resisted|p2a: Slowbro\n|-damage|p2a: Slowbro|48\/100 tox\n|move|p2a: Slowbro|Scald|p1a: Medicham\n|-damage|p1a: Medicham|0 fnt\n|faint|p1a: Medicham\n|\n|-damage|p2a: Slowbro|36\/100 tox|[from] psn\n|upkeep\n|\n|t:|1699703057\n|switch|p1a: Tapu Koko|Tapu Koko|100\/100\n|turn|96\n|\n|t:|1699703068\n|switch|p2a: Hydreigon|Hydreigon, F|71\/100 par\n|move|p1a: Tapu Koko|U-turn|p2a: Hydreigon\n|-supereffective|p2a: Hydreigon\n|-damage|p2a: Hydreigon|41\/100 par\n|\n|t:|1699703074\n|switch|p1a: Gliscor|Gliscor, F, tera:Fairy|100\/100 tox|[from] U-turn\n|-damage|p1a: Gliscor|88\/100 tox|[from] Stealth Rock\n|\n|-heal|p2a: Hydreigon|47\/100 par|[from] item: Leftovers\n|-heal|p1a: Gliscor|100\/100 tox|[from] ability: Poison Heal\n|-fieldend|move: Electric Terrain\n|upkeep\n|turn|97\n|\n|t:|1699703082\n|move|p1a: Gliscor|Defog|p2a: Hydreigon\n|-unboost|p2a: Hydreigon|evasion|1\n|-sideend|p1: shenghua\u597d\u96be|Stealth Rock|[from] move: Defog|[of] p1a: Gliscor\n|move|p2a: Hydreigon|Roost|p2a: Hydreigon\n|-heal|p2a: Hydreigon|97\/100 par\n|-singleturn|p2a: Hydreigon|move: Roost\n|\n|-heal|p2a: Hydreigon|100\/100 par|[from] item: Leftovers\n|upkeep\n|turn|98\n|\n|t:|1699703092\n|switch|p1a: Tapu Koko|Tapu Koko|100\/100\n|-fieldstart|move: Electric Terrain|[from] ability: Electric Surge|[of] p1a: Tapu Koko\n|move|p2a: Hydreigon|Stealth Rock|p1a: Tapu Koko\n|-sidestart|p1: shenghua\u597d\u96be|move: Stealth Rock\n|\n|upkeep\n|turn|99\n|\n|t:|1699703099\n|move|p1a: Tapu Koko|U-turn|p2a: Hydreigon\n|-supereffective|p2a: Hydreigon\n|-damage|p2a: Hydreigon|69\/100 par\n|\n|t:|1699703102\n|switch|p1a: Gliscor|Gliscor, F, tera:Fairy|100\/100 tox|[from] U-turn\n|-damage|p1a: Gliscor|88\/100 tox|[from] Stealth Rock\n|move|p2a: Hydreigon|U-turn|p1a: Gliscor\n|-resisted|p1a: Gliscor\n|-damage|p1a: Gliscor|82\/100 tox\n|\n|t:|1699703104\n|switch|p2a: Slowbro|Slowbro, F|69\/100 tox|[from] U-turn\n|\n|-heal|p1a: Gliscor|94\/100 tox|[from] ability: Poison Heal\n|-damage|p2a: Slowbro|63\/100 tox|[from] psn\n|upkeep\n|turn|100\n|\n|t:|1699703111\n|move|p1a: Gliscor|Defog|p2a: Slowbro\n|-unboost|p2a: Slowbro|evasion|1\n|-sideend|p1: shenghua\u597d\u96be|Stealth Rock|[from] move: Defog|[of] p1a: Gliscor\n|-fieldend|move: Electric Terrain\n|move|p2a: Slowbro|Teleport|p2a: Slowbro\n|\n|t:|1699703114\n|switch|p2a: Hydreigon|Hydreigon, F|69\/100 par|[from] Teleport\n|\n|-heal|p2a: Hydreigon|75\/100 par|[from] item: Leftovers\n|-heal|p1a: Gliscor|100\/100 tox|[from] ability: Poison Heal\n|upkeep\n|turn|101\n|\n|t:|1699703118\n|move|p1a: Gliscor|Toxic||[still]\n|-fail|p1a: Gliscor\n|move|p2a: Hydreigon|Stealth Rock|p1a: Gliscor\n|-sidestart|p1: shenghua\u597d\u96be|move: Stealth Rock\n|\n|-heal|p2a: Hydreigon|81\/100 par|[from] item: Leftovers\n|upkeep\n|turn|102\n|\n|t:|1699703123\n|move|p1a: Gliscor|Toxic||[still]\n|-fail|p1a: Gliscor\n|move|p2a: Hydreigon|Stealth Rock||[still]\n|-fail|p2a: Hydreigon\n|\n|-heal|p2a: Hydreigon|87\/100 par|[from] item: Leftovers\n|upkeep\n|turn|103\n|\n|t:|1699703127\n|switch|p1a: Tapu Koko|Tapu Koko|100\/100\n|-fieldstart|move: Electric Terrain|[from] ability: Electric Surge|[of] p1a: Tapu Koko\n|move|p2a: Hydreigon|U-turn|p1a: Tapu Koko\n|-resisted|p1a: Tapu Koko\n|-damage|p1a: Tapu Koko|89\/100\n|\n|t:|1699703131\n|switch|p2a: Slowbro|Slowbro, F|96\/100 tox|[from] U-turn\n|\n|-damage|p2a: Slowbro|90\/100 tox|[from] psn\n|upkeep\n|turn|104\n|\n|t:|1699703134\n|switch|p2a: Hydreigon|Hydreigon, F|87\/100 par\n|move|p1a: Tapu Koko|Thunderbolt|p2a: Hydreigon\n|-resisted|p2a: Hydreigon\n|-damage|p2a: Hydreigon|70\/100 par\n|\n|-heal|p2a: Hydreigon|76\/100 par|[from] item: Leftovers\n|upkeep\n|turn|105\n|\n|t:|1699703141\n|move|p1a: Tapu Koko|U-turn|p2a: Hydreigon\n|-supereffective|p2a: Hydreigon\n|-damage|p2a: Hydreigon|43\/100 par\n|\n|t:|1699703144\n|switch|p1a: Gliscor|Gliscor, F, tera:Fairy|100\/100 tox|[from] U-turn\n|-damage|p1a: Gliscor|88\/100 tox|[from] Stealth Rock\n|move|p2a: Hydreigon|U-turn|p1a: Gliscor\n|-resisted|p1a: Gliscor\n|-damage|p1a: Gliscor|81\/100 tox\n|\n|t:|1699703146\n|switch|p2a: Slowbro|Slowbro, F|100\/100 tox|[from] U-turn\n|\n|-heal|p1a: Gliscor|94\/100 tox|[from] ability: Poison Heal\n|-damage|p2a: Slowbro|94\/100 tox|[from] psn\n|upkeep\n|turn|106\n|inactive|shoubi123 has 120 seconds left.\n|c|\u2606shenghua\u597d\u96be|\u4e0d\u662f\u5144\u5f1f\u4f60\u5446\u58f3\u517d\u5565\u6280\u80fd\u554a\uff0c\u6709\u9884\u77e5\u672a\u6765\u65e9\u6253\u5b8c\u4e86\n|\n|t:|1699703208\n|move|p1a: Gliscor|Defog|p2a: Slowbro\n|-unboost|p2a: Slowbro|evasion|1\n|-sideend|p1: shenghua\u597d\u96be|Stealth Rock|[from] move: Defog|[of] p1a: Gliscor\n|-fieldend|move: Electric Terrain\n|move|p2a: Slowbro|Teleport|p2a: Slowbro\n|c|\u2606shoubi123|\u6ca1\u6709\uff09\n|inactive|shoubi123 has 90 seconds left.\n|\n|t:|1699703219\n|switch|p2a: Hydreigon|Hydreigon, F|43\/100 par|[from] Teleport\n|\n|-heal|p2a: Hydreigon|49\/100 par|[from] item: Leftovers\n|-heal|p1a: Gliscor|100\/100 tox|[from] ability: Poison Heal\n|upkeep\n|turn|107\n|inactive|shoubi123 has 90 seconds left.\n|c|\u2606shoubi123|\u6251\u51fb\uff09\n|c|\u2606shoubi123|\u8fd4\u62f3\uff09\n|c|\u2606shenghua\u597d\u96be|6\n|c|\u2606shoubi123|\u5f00\u5c0f\u53f7\u6574\u6d3b\u73a9\u73a9\uff09\n|\n|t:|1699703254\n|switch|p1a: Tapu Koko|Tapu Koko|89\/100\n|-fieldstart|move: Electric Terrain|[from] ability: Electric Surge|[of] p1a: Tapu Koko\n|move|p2a: Hydreigon|Roost|p2a: Hydreigon\n|-heal|p2a: Hydreigon|99\/100 par\n|-singleturn|p2a: Hydreigon|move: Roost\n|\n|-heal|p2a: Hydreigon|100\/100 par|[from] item: Leftovers\n|upkeep\n|turn|108\n|\n|t:|1699703266\n|move|p1a: Tapu Koko|Thunderbolt|p2a: Hydreigon\n|-resisted|p2a: Hydreigon\n|-damage|p2a: Hydreigon|85\/100 par\n|cant|p2a: Hydreigon|par\n|\n|-heal|p2a: Hydreigon|91\/100 par|[from] item: Leftovers\n|upkeep\n|turn|109\n|\n|t:|1699703273\n|move|p1a: Tapu Koko|Thunderbolt|p2a: Hydreigon\n|-resisted|p2a: Hydreigon\n|-damage|p2a: Hydreigon|74\/100 par\n|cant|p2a: Hydreigon|par\n|\n|-heal|p2a: Hydreigon|80\/100 par|[from] item: Leftovers\n|upkeep\n|turn|110\n|c|\u2606shoubi123|\u4f60\u8fd9\n|c|\u2606shoubi123|\u597d\u50cf\u662f\u9774\u5b50\u7684\n|\n|t:|1699703285\n|move|p1a: Tapu Koko|Thunderbolt|p2a: Hydreigon\n|-resisted|p2a: Hydreigon\n|-damage|p2a: Hydreigon|64\/100 par\n|move|p2a: Hydreigon|U-turn|p1a: Tapu Koko\n|-resisted|p1a: Tapu Koko\n|-damage|p1a: Tapu Koko|77\/100\n|\n|t:|1699703287\n|switch|p2a: Slowbro|Slowbro, F|100\/100 tox|[from] U-turn\n|\n|-damage|p2a: Slowbro|94\/100 tox|[from] psn\n|upkeep\n|turn|111\n|c|\u2606shenghua\u597d\u96be|\u8d4c\u8138\u4e86\n|c|\u2606shenghua\u597d\u96be|\u9774\u5b50koko\n|l|\u2606shenghua\u597d\u96be\n|inactive|shenghua\u597d\u96be disconnected and has a minute to reconnect!\n|player|p1|\n|c|\u2606shoubi123|\u989d\n|inactive|shenghua\u597d\u96be has 30 seconds to reconnect!\n|inactiveoff|Battle timer is now OFF.\n|j|\u2606shenghua\u597d\u96be\n|player|p1|shenghua\u597d\u96be|102\n|\n|t:|1699703394\n|switch|p2a: Hydreigon|Hydreigon, F|64\/100 par\n|move|p1a: Tapu Koko|Thunderbolt|p2a: Hydreigon\n|-resisted|p2a: Hydreigon\n|-damage|p2a: Hydreigon|49\/100 par\n|\n|-heal|p2a: Hydreigon|55\/100 par|[from] item: Leftovers\n|-fieldend|move: Electric Terrain\n|upkeep\n|turn|112\n|\n|t:|1699703401\n|move|p1a: Tapu Koko|U-turn|p2a: Hydreigon\n|-supereffective|p2a: Hydreigon\n|-damage|p2a: Hydreigon|24\/100 par\n|\n|t:|1699703407\n|switch|p1a: Gliscor|Gliscor, F, tera:Fairy|100\/100 tox|[from] U-turn\n|move|p2a: Hydreigon|Roost|p2a: Hydreigon\n|-heal|p2a: Hydreigon|74\/100 par\n|-singleturn|p2a: Hydreigon|move: Roost\n|\n|-heal|p2a: Hydreigon|80\/100 par|[from] item: Leftovers\n|upkeep\n|turn|113\n|j| 123456cb\n|\n|t:|1699703414\n|move|p1a: Gliscor|Earthquake|p2a: Hydreigon\n|-immune|p2a: Hydreigon|[from] ability: Levitate\n|cant|p2a: Hydreigon|par\n|\n|-heal|p2a: Hydreigon|86\/100 par|[from] item: Leftovers\n|upkeep\n|turn|114\n|\n|t:|1699703425\n|move|p1a: Gliscor|Earthquake|p2a: Hydreigon\n|-immune|p2a: Hydreigon|[from] ability: Levitate\n|move|p2a: Hydreigon|U-turn|p1a: Gliscor\n|-resisted|p1a: Gliscor\n|-damage|p1a: Gliscor|94\/100 tox\n|c|\u2606shoubi123|\u6211\u53bb\u5e26\u9884\u652f\u672a\u6765\uff09\n|\n|t:|1699703439\n|switch|p2a: Slowbro|Slowbro, F|100\/100 tox|[from] U-turn\n|\n|-heal|p1a: Gliscor|100\/100 tox|[from] ability: Poison Heal\n|-damage|p2a: Slowbro|94\/100 tox|[from] psn\n|upkeep\n|turn|115\n|\n|t:|1699703451\n|move|p1a: Gliscor|Earthquake|p2a: Slowbro\n|-damage|p2a: Slowbro|74\/100 tox\n|move|p2a: Slowbro|Scald|p1a: Gliscor\n|-damage|p1a: Gliscor|79\/100 tox\n|\n|-heal|p1a: Gliscor|91\/100 tox|[from] ability: Poison Heal\n|-damage|p2a: Slowbro|61\/100 tox|[from] psn\n|upkeep\n|turn|116\n|\n|t:|1699703461\n|switch|p1a: Tapu Koko|Tapu Koko|77\/100\n|-fieldstart|move: Electric Terrain|[from] ability: Electric Surge|[of] p1a: Tapu Koko\n|move|p2a: Slowbro|Teleport|p2a: Slowbro\n|\n|t:|1699703465\n|switch|p2a: Hydreigon|Hydreigon, F|86\/100 par|[from] Teleport\n|\n|-heal|p2a: Hydreigon|93\/100 par|[from] item: Leftovers\n|upkeep\n|turn|117\n|\n|t:|1699703471\n|move|p1a: Tapu Koko|Thunderbolt|p2a: Hydreigon\n|-resisted|p2a: Hydreigon\n|-damage|p2a: Hydreigon|75\/100 par\n|move|p2a: Hydreigon|U-turn|p1a: Tapu Koko\n|-resisted|p1a: Tapu Koko\n|-damage|p1a: Tapu Koko|66\/100\n|\n|t:|1699703476\n|switch|p2a: Slowbro|Slowbro, F|95\/100 tox|[from] U-turn\n|\n|-damage|p2a: Slowbro|89\/100 tox|[from] psn\n|upkeep\n|turn|118\n|\n|t:|1699703485\n|switch|p2a: Hydreigon|Hydreigon, F|75\/100 par\n|move|p1a: Tapu Koko|Thunderbolt|p2a: Hydreigon\n|-resisted|p2a: Hydreigon\n|-damage|p2a: Hydreigon|58\/100 par\n|\n|-heal|p2a: Hydreigon|65\/100 par|[from] item: Leftovers\n|upkeep\n|turn|119\n|\n|t:|1699703491\n|move|p1a: Tapu Koko|Thunderbolt|p2a: Hydreigon\n|-resisted|p2a: Hydreigon\n|-damage|p2a: Hydreigon|49\/100 par\n|move|p2a: Hydreigon|Roost|p2a: Hydreigon\n|-heal|p2a: Hydreigon|99\/100 par\n|-singleturn|p2a: Hydreigon|move: Roost\n|\n|-heal|p2a: Hydreigon|100\/100 par|[from] item: Leftovers\n|upkeep\n|turn|120\n|\n|t:|1699703496\n|move|p1a: Tapu Koko|U-turn|p2a: Hydreigon\n|-supereffective|p2a: Hydreigon\n|-crit|p2a: Hydreigon\n|-damage|p2a: Hydreigon|52\/100 par\n|\n|t:|1699703499\n|switch|p1a: Gliscor|Gliscor, F, tera:Fairy|91\/100 tox|[from] U-turn\n|cant|p2a: Hydreigon|par\n|\n|-heal|p2a: Hydreigon|58\/100 par|[from] item: Leftovers\n|-heal|p1a: Gliscor|100\/100 tox|[from] ability: Poison Heal\n|-fieldend|move: Electric Terrain\n|upkeep\n|turn|121\n|c|\u2606shoubi123|\u4e0d\n|\n|t:|1699703515\n|move|p1a: Gliscor|Toxic||[still]\n|-fail|p1a: Gliscor\n|move|p2a: Hydreigon|U-turn|p1a: Gliscor\n|-resisted|p1a: Gliscor\n|-damage|p1a: Gliscor|94\/100 tox\n|\n|t:|1699703518\n|switch|p2a: Slowbro|Slowbro, F|100\/100 tox|[from] U-turn\n|\n|-heal|p1a: Gliscor|100\/100 tox|[from] ability: Poison Heal\n|-damage|p2a: Slowbro|94\/100 tox|[from] psn\n|upkeep\n|turn|122\n|\n|t:|1699703523\n|move|p1a: Gliscor|Defog|p2a: Slowbro\n|-unboost|p2a: Slowbro|evasion|1\n|move|p2a: Slowbro|Counter||[still]\n|-fail|p2a: Slowbro\n|\n|-damage|p2a: Slowbro|82\/100 tox|[from] psn\n|upkeep\n|turn|123\n|\n|t:|1699703528\n|move|p1a: Gliscor|Defog|p2a: Slowbro\n|-unboost|p2a: Slowbro|evasion|1\n|move|p2a: Slowbro|Scald|p1a: Gliscor\n|-damage|p1a: Gliscor|77\/100 tox\n|\n|-heal|p1a: Gliscor|89\/100 tox|[from] ability: Poison Heal\n|-damage|p2a: Slowbro|64\/100 tox|[from] psn\n|upkeep\n|turn|124\n|\n|t:|1699703532\n|move|p1a: Gliscor|Defog|p2a: Slowbro\n|-unboost|p2a: Slowbro|evasion|1\n|move|p2a: Slowbro|Teleport|p2a: Slowbro\n|\n|t:|1699703534\n|switch|p2a: Hydreigon|Hydreigon, F|58\/100 par|[from] Teleport\n|\n|-heal|p2a: Hydreigon|64\/100 par|[from] item: Leftovers\n|-heal|p1a: Gliscor|100\/100 tox|[from] ability: Poison Heal\n|upkeep\n|turn|125\n|\n|t:|1699703541\n|move|p1a: Gliscor|Defog|p2a: Hydreigon\n|-unboost|p2a: Hydreigon|evasion|1\n|move|p2a: Hydreigon|U-turn|p1a: Gliscor\n|-resisted|p1a: Gliscor\n|-damage|p1a: Gliscor|93\/100 tox\n|\n|t:|1699703544\n|switch|p2a: Slowbro|Slowbro, F|97\/100 tox|[from] U-turn\n|\n|-heal|p1a: Gliscor|100\/100 tox|[from] ability: Poison Heal\n|-damage|p2a: Slowbro|91\/100 tox|[from] psn\n|upkeep\n|turn|126\n|c|\u2606shoubi123|\u7259\u600e\u4e48\u8bc4\u4ef7\n|\n|t:|1699703559\n|move|p1a: Gliscor|Earthquake|p2a: Slowbro\n|-damage|p2a: Slowbro|71\/100 tox\n|move|p2a: Slowbro|Scald|p1a: Gliscor\n|-damage|p1a: Gliscor|75\/100 tox\n|\n|-heal|p1a: Gliscor|88\/100 tox|[from] ability: Poison Heal\n|-damage|p2a: Slowbro|58\/100 tox|[from] psn\n|upkeep\n|turn|127\n|c| 123456cb|\u96be\u7ef7\n|\n|t:|1699703569\n|move|p1a: Gliscor|Earthquake|p2a: Slowbro\n|-damage|p2a: Slowbro|38\/100 tox\n|move|p2a: Slowbro|Teleport|p2a: Slowbro\n|\n|t:|1699703574\n|switch|p2a: Hydreigon|Hydreigon, F|64\/100 par|[from] Teleport\n|\n|-heal|p2a: Hydreigon|70\/100 par|[from] item: Leftovers\n|-heal|p1a: Gliscor|100\/100 tox|[from] ability: Poison Heal\n|upkeep\n|turn|128\n|c| 123456cb|\u8bdd\u8bf4chongwany\u6211\u5df2\u7ecf\u51c6\u5907\u9000nd\u4e86\n|c|\u2606shoubi123|\u8fd8\u662f\u9774\u5b50koukou\n|c|\u2606shoubi123|\u4e3a\u5565\u5462\n|l|\u2606shenghua\u597d\u96be\n|player|p1|\n|c| 123456cb|\u6211\u7239\u548cjj\u90fd\u6b7b\u4e86\n|c|\u2606shoubi123|6\n|c|\u2606shoubi123|\u554a\n|c|\u2606shoubi123|\u786e\u5b9e\n|c| 123456cb|\u4f60\u89c9\u5f97\u5462\n|c| 123456cb|\u545c\u545c\u545c\u545c\n|c|\u2606shoubi123|\u6211\u8fd8\u60f3\u95ee\u5462\n|c| 123456cb|\u7239\u554a\n|c|\u2606shoubi123|\u4ec0\u4e48\u65f6\u5019\u7684\u4e8b\n|c| 123456cb|\u4e0d\u77e5\u9053\n|j| DDC2\n|l| DDC2\n|c|\u2606shoubi123|\u4e00\u89c9\u8d77\u6765\u88ab\u5077\u5bb6\u4e86\n|c| 123456cb|\u545c\u545c\u545c\u545c\u545c\u6211\u7239\u6b7b\u4e86\n|c| 123456cb|\u6b7b\u7684\u662f\u90a3\u4e48\u60e8\n|c| 123456cb|\u7259\u4e00\u89c9\u9192\u6765\n|c| 123456cb|\u53d1\u73b0\u6211\u7239\u88abub\u7684\u4eba\u6536\u8d70\u4e86\n|c| 123456cb|\u545c\u545c\u545c\u545c\n|j| DDC2\n|c| 123456cb|jj\u9f99\u5c0f\u91d1\u4eba\u4e5f\u6b7b\u4e86\n|c| 123456cb|caoninainaisiquanxian\n|c| 123456cb|\u5168\u662f\u6211\u7528\u6765\u5403\u996d\u7684pm\u554a\n|c| DDC2|(\u00b0\u30fc\u00b0\u3003)\n|c|\u2606shoubi123|\u621f\u810a\u9f99\u5bcc\u8c6a\u4f60\u7239\u548c\u591a\u9f99\u90fd\u6ca1\u4e86\n|c|\u2606shoubi123|\u4e0b\u4e00\u4e2a\u96be\u9053\u662f\u5927\u7ebd\u62c9\u5417\n|l| DDC2\n|c|\u2606shoubi123|\u4e0d\u662f\n|c|\u2606shoubi123|\u8fd9\u4eba\u5462\n|c| 123456cb|\u554a\u554a\u554a\u554a\n|c|\u2606shoubi123|\u7b97\u4e86\n|j| DDC2\n|c|\u2606shoubi123|128\u5c40\n|inactive|Battle timer is ON: inactive players will automatically lose when time's up. (requested by shoubi123)\n|c|\u2606shoubi123|\u8bb0\u5165\u53f2\u518c\n|c| 123456cb|\u6211\u73b0\u5728\u5c31\u7b49\u84dddlc\n|inactive|shenghua\u597d\u96be has 30 seconds to reconnect!\n|c| 123456cb|\u770b\u80fd\u4e0d\u80fd\u51fa\u4e00\u4e2a\u7259\u7239\u4e8c\u53f7\n|inactive|shenghua\u597d\u96be has 20 seconds to reconnect!\n|c|\u2606shoubi123|\u4ec0\u4e48\u65f6\u5019\n|c| 123456cb|\uff08\u7237\u7237\n|inactive|shenghua\u597d\u96be has 15 seconds to reconnect!\n|inactive|shenghua\u597d\u96be has 10 seconds to reconnect!\n|inactive|shenghua\u597d\u96be has 5 seconds to reconnect!\n|c|\u2606shoubi123|\u6211\u5fd8\u4e86\n|-message|shenghua\u597d\u96be lost due to inactivity.\n|\n|win|shoubi123\n|raw|shenghua\u597d\u96be's rating: 1446 &rarr; <strong>1425<\/strong><br \/>(-21 for losing)\n|raw|shoubi123's rating: 1426 &rarr; <strong>1447<\/strong><br \/>(+21 for winning)\n|c|\u2606shoubi123|\u4f46\u662f\u597d\u50cf\u5feb\u4e86\n|c|\u2606shoubi123|\u597d\u8bf6\n|l| DDC2\n|l| 123456cb\n","uploadtime":1699703905,"views":7,"p1id":"shenghua","p2id":"shoubi123","formatid":"gen9nationaldex","rating":1425,"private":0,"password":""}