{"id":"gen9nationaldex-1993886596","p1":"aceeeeer","p2":"0xyt0c1njunk1e","format":"[Gen 9] National Dex","log":"|j|\u2606aceeeeer\n|j|\u26060xyt0c1njunk1e\n|t:|1700370201\n|gametype|singles\n|player|p1|aceeeeer|rocketgrunt|1294\n|player|p2|0xyt0c1njunk1e|iris|1368\n|teamsize|p1|6\n|teamsize|p2|6\n|gen|9\n|tier|[Gen 9] National Dex\n|rated|\n|rule|HP Percentage Mod: HP is shown in percentages\n|rule|Endless Battle Clause: Forcing endless battles is banned\n|rule|OHKO Clause: OHKO moves are banned\n|rule|Evasion Clause: Evasion abilities, items, and moves are banned\n|rule|Evasion Abilities Clause: Evasion abilities are banned\n|rule|Evasion Items Clause: Evasion items are banned\n|rule|Evasion Moves Clause: Evasion moves are banned\n|rule|Species Clause: Limit one of each Pok\u00e9mon\n|rule|Sleep Clause Mod: Limit one foe put to sleep\n|clearpoke\n|poke|p1|Toxapex, M|\n|poke|p1|Dondozo, M|\n|poke|p1|Gliscor, F|\n|poke|p1|Venusaur, F|\n|poke|p1|Blissey, F|\n|poke|p1|Mew|\n|poke|p2|Vaporeon, F|\n|poke|p2|Lopunny, F|\n|poke|p2|Gardevoir, F|\n|poke|p2|Tsareena, F|\n|poke|p2|Heatran, M|\n|poke|p2|Toxapex, F|\n|teampreview\n|inactive|Battle timer is ON: inactive players will automatically lose when time's up. (requested by 0xyt0c1njunk1e)\n|\n|t:|1700370221\n|start\n|switch|p1a: Gliscor|Gliscor, F|100\/100\n|switch|p2a: Lopunny|Lopunny, F|100\/100\n|turn|1\n|\n|t:|1700370229\n|switch|p1a: Hit consumer|Toxapex, M, shiny|100\/100\n|detailschange|p2a: Lopunny|Lopunny-Mega, F\n|-mega|p2a: Lopunny|Lopunny|Lopunnite\n|move|p2a: Lopunny|Fake Out|p1a: Hit consumer\n|-damage|p1a: Hit consumer|83\/100\n|-damage|p2a: Lopunny|84\/100|[from] item: Rocky Helmet|[of] p1a: Hit consumer\n|\n|upkeep\n|turn|2\n|\n|t:|1700370238\n|switch|p2a: Gardevoir|Gardevoir, F|100\/100\n|-ability|p2a: Gardevoir|Regenerator|[from] ability: Trace|[of] p1a: Hit consumer\n|move|p1a: Hit consumer|Scald|p2a: Gardevoir\n|-damage|p2a: Gardevoir|83\/100\n|-status|p2a: Gardevoir|brn\n|\n|-damage|p2a: Gardevoir|77\/100 brn|[from] brn\n|upkeep\n|turn|3\n|\n|t:|1700370250\n|move|p1a: Hit consumer|Baneful Bunker|p1a: Hit consumer\n|-singleturn|p1a: Hit consumer|move: Protect\n|move|p2a: Gardevoir|Trick|p1a: Hit consumer\n|-activate|p1a: Hit consumer|move: Protect\n|\n|-damage|p2a: Gardevoir|71\/100 brn|[from] brn\n|upkeep\n|turn|4\n|\n|t:|1700370260\n|switch|p2a: Heatran|Heatran, M|100\/100\n|switch|p1a: Blissey|Blissey, F|100\/100\n|\n|upkeep\n|turn|5\n|\n|t:|1700370266\n|move|p2a: Heatran|Stealth Rock|p1a: Blissey\n|-sidestart|p1: aceeeeer|move: Stealth Rock\n|move|p1a: Blissey|Wish|p1a: Blissey\n|\n|upkeep\n|turn|6\n|\n|t:|1700370274\n|move|p2a: Heatran|Magma Storm|p1a: Blissey\n|-damage|p1a: Blissey|86\/100\n|-activate|p1a: Blissey|move: Magma Storm|[of] p2a: Heatran\n|move|p1a: Blissey|Seismic Toss|p2a: Heatran\n|-damage|p2a: Heatran|75\/100\n|\n|-heal|p1a: Blissey|100\/100|[from] move: Wish|[wisher] Blissey\n|-heal|p2a: Heatran|81\/100|[from] item: Leftovers\n|-damage|p1a: Blissey|88\/100|[from] move: Magma Storm|[partiallytrapped]\n|upkeep\n|turn|7\n|\n|t:|1700370286\n|move|p2a: Heatran|Toxic|p1a: Blissey|[miss]\n|-miss|p2a: Heatran|p1a: Blissey\n|move|p1a: Blissey|Seismic Toss|p2a: Heatran\n|-damage|p2a: Heatran|55\/100\n|\n|-heal|p2a: Heatran|61\/100|[from] item: Leftovers\n|-heal|p1a: Blissey|94\/100|[from] item: Leftovers\n|-damage|p1a: Blissey|82\/100|[from] move: Magma Storm|[partiallytrapped]\n|upkeep\n|turn|8\n|\n|t:|1700370296\n|move|p2a: Heatran|Toxic|p1a: Blissey\n|-status|p1a: Blissey|tox\n|move|p1a: Blissey|Seismic Toss|p2a: Heatran\n|-damage|p2a: Heatran|35\/100\n|\n|-heal|p2a: Heatran|41\/100|[from] item: Leftovers\n|-heal|p1a: Blissey|88\/100 tox|[from] item: Leftovers\n|-damage|p1a: Blissey|82\/100 tox|[from] psn\n|-damage|p1a: Blissey|69\/100 tox|[from] move: Magma Storm|[partiallytrapped]\n|upkeep\n|turn|9\n|\n|t:|1700370309\n|move|p2a: Heatran|Earth Power|p1a: Blissey\n|-damage|p1a: Blissey|60\/100 tox\n|-unboost|p1a: Blissey|spd|1\n|move|p1a: Blissey|Wish|p1a: Blissey\n|\n|-heal|p2a: Heatran|48\/100|[from] item: Leftovers\n|-heal|p1a: Blissey|67\/100 tox|[from] item: Leftovers\n|-damage|p1a: Blissey|54\/100 tox|[from] psn\n|-damage|p1a: Blissey|42\/100 tox|[from] move: Magma Storm|[partiallytrapped]\n|upkeep\n|turn|10\n|\n|t:|1700370321\n|move|p2a: Heatran|Earth Power|p1a: Blissey\n|-damage|p1a: Blissey|28\/100 tox\n|move|p1a: Blissey|Seismic Toss|p2a: Heatran\n|-damage|p2a: Heatran|22\/100\n|\n|-heal|p1a: Blissey|78\/100 tox|[from] move: Wish|[wisher] Blissey\n|-heal|p2a: Heatran|28\/100|[from] item: Leftovers\n|-heal|p1a: Blissey|84\/100 tox|[from] item: Leftovers\n|-damage|p1a: Blissey|66\/100 tox|[from] psn\n|-damage|p1a: Blissey|53\/100 tox|[from] move: Magma Storm|[partiallytrapped]\n|upkeep\n|turn|11\n|\n|t:|1700370340\n|move|p2a: Heatran|Earth Power|p1a: Blissey\n|-damage|p1a: Blissey|41\/100 tox\n|move|p1a: Blissey|Seismic Toss|p2a: Heatran\n|-damage|p2a: Heatran|2\/100\n|\n|-heal|p2a: Heatran|8\/100|[from] item: Leftovers\n|-heal|p1a: Blissey|47\/100 tox|[from] item: Leftovers\n|-damage|p1a: Blissey|23\/100 tox|[from] psn\n|-end|p1a: Blissey|Magma Storm|[partiallytrapped]\n|upkeep\n|turn|12\n|\n|t:|1700370361\n|-curestatus|p1a: Blissey|tox|[from] ability: Natural Cure\n|switch|p1a: Gliscor|Gliscor, F|100\/100\n|-damage|p1a: Gliscor|88\/100|[from] Stealth Rock\n|move|p2a: Heatran|Magma Storm|p1a: Gliscor\n|-damage|p1a: Gliscor|39\/100\n|-activate|p1a: Gliscor|move: Magma Storm|[of] p2a: Heatran\n|\n|-heal|p2a: Heatran|14\/100|[from] item: Leftovers\n|-damage|p1a: Gliscor|26\/100|[from] move: Magma Storm|[partiallytrapped]\n|-status|p1a: Gliscor|tox|[from] item: Toxic Orb\n|upkeep\n|turn|13\n|\n|t:|1700370375\n|switch|p2a: Vaporeon|Vaporeon, F|100\/100\n|move|p1a: Gliscor|Knock Off|p2a: Vaporeon\n|-damage|p2a: Vaporeon|83\/100\n|-enditem|p2a: Vaporeon|Leftovers|[from] move: Knock Off|[of] p1a: Gliscor\n|\n|-heal|p1a: Gliscor|39\/100 tox|[from] ability: Poison Heal\n|-end|p1a: Gliscor|Magma Storm|[partiallytrapped]|[silent]\n|upkeep\n|turn|14\n|\n|t:|1700370388\n|switch|p1a: Venusaur|Venusaur, F|100\/100\n|-damage|p1a: Venusaur|88\/100|[from] Stealth Rock\n|move|p2a: Vaporeon|Scald|p1a: Venusaur\n|-resisted|p1a: Venusaur\n|-damage|p1a: Venusaur|75\/100\n|\n|upkeep\n|turn|15\n|\n|t:|1700370398\n|detailschange|p1a: Venusaur|Venusaur-Mega, F\n|-mega|p1a: Venusaur|Venusaur|Venusaurite\n|move|p1a: Venusaur|Sludge Bomb|p2a: Vaporeon\n|-damage|p2a: Vaporeon|58\/100\n|-status|p2a: Vaporeon|psn\n|move|p2a: Vaporeon|Wish|p2a: Vaporeon\n|\n|-damage|p2a: Vaporeon|45\/100 psn|[from] psn\n|upkeep\n|turn|16\n|\n|t:|1700370408\n|move|p2a: Vaporeon|Protect|p2a: Vaporeon\n|-singleturn|p2a: Vaporeon|Protect\n|move|p1a: Venusaur|Giga Drain|p2a: Vaporeon\n|-activate|p2a: Vaporeon|move: Protect\n|\n|-heal|p2a: Vaporeon|95\/100 psn|[from] move: Wish|[wisher] Vaporeon\n|-damage|p2a: Vaporeon|83\/100 psn|[from] psn\n|upkeep\n|turn|17\n|\n|t:|1700370418\n|switch|p2a: Tsareena|Tsareena, F|100\/100\n|move|p1a: Venusaur|Giga Drain|p2a: Tsareena\n|-resisted|p2a: Tsareena\n|-crit|p2a: Tsareena\n|-damage|p2a: Tsareena|87\/100\n|-heal|p1a: Venusaur|83\/100|[from] drain|[of] p2a: Tsareena\n|\n|upkeep\n|turn|18\n|\n|t:|1700370427\n|move|p1a: Venusaur|Sludge Bomb|p2a: Tsareena\n|-supereffective|p2a: Tsareena\n|-crit|p2a: Tsareena\n|-damage|p2a: Tsareena|15\/100\n|move|p2a: Tsareena|U-turn|p1a: Venusaur\n|-damage|p1a: Venusaur|66\/100\n|\n|t:|1700370436\n|switch|p2a: Gardevoir|Gardevoir, F|100\/100 brn|[from] U-turn\n|-ability|p2a: Gardevoir|Thick Fat|[from] ability: Trace|[of] p1a: Venusaur\n|\n|-damage|p2a: Gardevoir|94\/100 brn|[from] brn\n|upkeep\n|turn|19\n|\n|t:|1700370445\n|move|p2a: Gardevoir|Psyshock|p1a: Venusaur\n|-supereffective|p1a: Venusaur\n|-damage|p1a: Venusaur|0 fnt\n|faint|p1a: Venusaur\n|\n|-damage|p2a: Gardevoir|88\/100 brn|[from] brn\n|upkeep\n|\n|t:|1700370456\n|switch|p1a: What happened?|Dondozo, M, shiny|100\/100\n|-damage|p1a: What happened?|88\/100|[from] Stealth Rock\n|turn|20\n|\n|t:|1700370462\n|switch|p2a: Vaporeon|Vaporeon, F|83\/100 psn\n|move|p1a: What happened?|Curse|p1a: What happened?\n|-unboost|p1a: What happened?|spe|1\n|-boost|p1a: What happened?|atk|1\n|-boost|p1a: What happened?|def|1\n|\n|-heal|p1a: What happened?|94\/100|[from] item: Leftovers\n|-damage|p2a: Vaporeon|71\/100 psn|[from] psn\n|upkeep\n|turn|21\n|\n|t:|1700370475\n|switch|p1a: Blissey|Blissey, F|23\/100\n|-damage|p1a: Blissey|10\/100|[from] Stealth Rock\n|move|p2a: Vaporeon|Wish|p2a: Vaporeon\n|\n|-heal|p1a: Blissey|16\/100|[from] item: Leftovers\n|-damage|p2a: Vaporeon|58\/100 psn|[from] psn\n|upkeep\n|turn|22\n|\n|t:|1700370485\n|move|p2a: Vaporeon|Flip Turn|p1a: Blissey\n|-damage|p1a: Blissey|2\/100\n|\n|t:|1700370490\n|switch|p2a: Heatran|Heatran, M|14\/100|[from] Flip Turn\n|move|p1a: Blissey|Soft-Boiled|p1a: Blissey\n|-heal|p1a: Blissey|52\/100\n|\n|-heal|p2a: Heatran|73\/100|[from] move: Wish|[wisher] Vaporeon\n|-heal|p2a: Heatran|80\/100|[from] item: Leftovers\n|-heal|p1a: Blissey|58\/100|[from] item: Leftovers\n|upkeep\n|turn|23\n|\n|t:|1700370507\n|switch|p1a: Gliscor|Gliscor, F|39\/100 tox\n|-damage|p1a: Gliscor|26\/100 tox|[from] Stealth Rock\n|move|p2a: Heatran|Toxic|p1a: Gliscor\n|-fail|p1a: Gliscor|tox\n|\n|-heal|p2a: Heatran|86\/100|[from] item: Leftovers\n|-heal|p1a: Gliscor|39\/100 tox|[from] ability: Poison Heal\n|upkeep\n|turn|24\n|\n|t:|1700370520\n|switch|p2a: Vaporeon|Vaporeon, F|58\/100 psn\n|move|p1a: Gliscor|Defog|p2a: Vaporeon\n|-unboost|p2a: Vaporeon|evasion|1\n|-sideend|p1: aceeeeer|Stealth Rock|[from] move: Defog|[of] p1a: Gliscor\n|\n|-heal|p1a: Gliscor|51\/100 tox|[from] ability: Poison Heal\n|-damage|p2a: Vaporeon|46\/100 psn|[from] psn\n|upkeep\n|turn|25\n|\n|t:|1700370531\n|switch|p1a: Blissey|Blissey, F|58\/100\n|move|p2a: Vaporeon|Scald|p1a: Blissey\n|-damage|p1a: Blissey|48\/100\n|\n|-heal|p1a: Blissey|54\/100|[from] item: Leftovers\n|-damage|p2a: Vaporeon|34\/100 psn|[from] psn\n|upkeep\n|turn|26\n|\n|t:|1700370542\n|move|p2a: Vaporeon|Flip Turn|p1a: Blissey\n|-damage|p1a: Blissey|41\/100\n|\n|t:|1700370545\n|switch|p2a: Lopunny|Lopunny-Mega, F|84\/100|[from] Flip Turn\n|move|p1a: Blissey|Seismic Toss|p2a: Lopunny\n|-damage|p2a: Lopunny|47\/100\n|\n|-heal|p1a: Blissey|47\/100|[from] item: Leftovers\n|upkeep\n|turn|27\n|\n|t:|1700370557\n|switch|p1a: Hit consumer|Toxapex, M, shiny|100\/100\n|move|p2a: Lopunny|Return|p1a: Hit consumer\n|-damage|p1a: Hit consumer|51\/100\n|-damage|p2a: Lopunny|31\/100|[from] item: Rocky Helmet|[of] p1a: Hit consumer\n|\n|upkeep\n|turn|28\n|\n|t:|1700370566\n|switch|p2a: Vaporeon|Vaporeon, F|34\/100 psn\n|move|p1a: Hit consumer|Scald|p2a: Vaporeon\n|-heal|p2a: Vaporeon|58\/100 psn|[from] ability: Water Absorb|[of] p1a: Hit consumer\n|\n|-damage|p2a: Vaporeon|46\/100 psn|[from] psn\n|upkeep\n|turn|29\n|\n|t:|1700370576\n|move|p2a: Vaporeon|Wish|p2a: Vaporeon\n|move|p1a: Hit consumer|Toxic Spikes|p2a: Vaporeon\n|-sidestart|p2: 0xyt0c1njunk1e|move: Toxic Spikes\n|\n|-damage|p2a: Vaporeon|34\/100 psn|[from] psn\n|upkeep\n|turn|30\n|\n|t:|1700370584\n|switch|p1a: Blissey|Blissey, F|47\/100\n|move|p2a: Vaporeon|Flip Turn|p1a: Blissey\n|-damage|p1a: Blissey|34\/100\n|\n|t:|1700370591\n|switch|p2a: Gardevoir|Gardevoir, F|88\/100 brn|[from] Flip Turn\n|-ability|p2a: Gardevoir|Natural Cure|[from] ability: Trace|[of] p1a: Blissey\n|\n|-heal|p2a: Gardevoir|100\/100 brn|[from] move: Wish|[wisher] Vaporeon\n|-heal|p1a: Blissey|40\/100|[from] item: Leftovers\n|-damage|p2a: Gardevoir|94\/100 brn|[from] brn\n|upkeep\n|turn|31\n|\n|t:|1700370603\n|switch|p1a: What happened?|Dondozo, M, shiny|94\/100\n|move|p2a: Gardevoir|Psyshock|p1a: What happened?\n|-damage|p1a: What happened?|73\/100\n|\n|-heal|p1a: What happened?|79\/100|[from] item: Leftovers\n|-damage|p2a: Gardevoir|88\/100 brn|[from] brn\n|upkeep\n|turn|32\n|\n|t:|1700370614\n|-curestatus|p2a: Gardevoir|brn|[from] ability: Natural Cure\n|switch|p2a: Toxapex|Toxapex, F|100\/100\n|-sideend|p2: 0xyt0c1njunk1e|move: Toxic Spikes|[of] p2a: Toxapex\n|switch|p1a: Blissey|Blissey, F|40\/100\n|\n|-heal|p1a: Blissey|46\/100|[from] item: Leftovers\n|upkeep\n|turn|33\n|\n|t:|1700370625\n|switch|p2a: Tsareena|Tsareena, F|15\/100\n|move|p1a: Blissey|Soft-Boiled|p1a: Blissey\n|-heal|p1a: Blissey|96\/100\n|\n|-heal|p1a: Blissey|100\/100|[from] item: Leftovers\n|upkeep\n|turn|34\n|\n|t:|1700370633\n|move|p2a: Tsareena|Power Whip|p1a: Blissey\n|-damage|p1a: Blissey|37\/100\n|move|p1a: Blissey|Seismic Toss|p2a: Tsareena\n|-damage|p2a: Tsareena|0 fnt\n|faint|p2a: Tsareena\n|\n|-heal|p1a: Blissey|44\/100|[from] item: Leftovers\n|upkeep\n|\n|t:|1700370645\n|switch|p2a: Lopunny|Lopunny-Mega, F|31\/100\n|turn|35\n|\n|t:|1700370649\n|switch|p1a: Hit consumer|Toxapex, M, shiny|84\/100\n|move|p2a: Lopunny|Return|p1a: Hit consumer\n|-damage|p1a: Hit consumer|39\/100\n|-damage|p2a: Lopunny|14\/100|[from] item: Rocky Helmet|[of] p1a: Hit consumer\n|\n|upkeep\n|turn|36\n|\n|t:|1700370661\n|switch|p2a: Vaporeon|Vaporeon, F|34\/100 psn\n|move|p1a: Hit consumer|Baneful Bunker||[still]\n|-fail|p1a: Hit consumer\n|\n|-damage|p2a: Vaporeon|21\/100 psn|[from] psn\n|upkeep\n|turn|37\n|\n|t:|1700370669\n|move|p2a: Vaporeon|Wish|p2a: Vaporeon\n|move|p1a: Hit consumer|Recover|p1a: Hit consumer\n|-heal|p1a: Hit consumer|89\/100\n|\n|-damage|p2a: Vaporeon|9\/100 psn|[from] psn\n|upkeep\n|turn|38\n|\n|t:|1700370678\n|switch|p2a: Lopunny|Lopunny-Mega, F|14\/100\n|move|p1a: Hit consumer|Toxic Spikes|p2a: Lopunny\n|-sidestart|p2: 0xyt0c1njunk1e|move: Toxic Spikes\n|\n|-heal|p2a: Lopunny|98\/100|[from] move: Wish|[wisher] Vaporeon\n|upkeep\n|turn|39\n|\n|t:|1700370687\n|switch|p2a: Toxapex|Toxapex, F|100\/100\n|-sideend|p2: 0xyt0c1njunk1e|move: Toxic Spikes|[of] p2a: Toxapex\n|move|p1a: Hit consumer|Toxic Spikes|p2a: Toxapex\n|-sidestart|p2: 0xyt0c1njunk1e|move: Toxic Spikes\n|\n|upkeep\n|turn|40\n|\n|t:|1700370693\n|switch|p2a: Heatran|Heatran, M|86\/100\n|move|p1a: Hit consumer|Toxic Spikes|p2a: Heatran\n|-sidestart|p2: 0xyt0c1njunk1e|move: Toxic Spikes\n|\n|-heal|p2a: Heatran|92\/100|[from] item: Leftovers\n|upkeep\n|turn|41\n|\n|t:|1700370704\n|move|p1a: Hit consumer|Baneful Bunker|p1a: Hit consumer\n|-singleturn|p1a: Hit consumer|move: Protect\n|move|p2a: Heatran|Magma Storm|p1a: Hit consumer\n|-activate|p1a: Hit consumer|move: Protect\n|\n|-heal|p2a: Heatran|98\/100|[from] item: Leftovers\n|upkeep\n|turn|42\n|\n|t:|1700370713\n|move|p2a: Heatran|Magma Storm|p1a: Hit consumer|[miss]\n|-miss|p2a: Heatran|p1a: Hit consumer\n|move|p1a: Hit consumer|Scald|p2a: Heatran\n|-supereffective|p2a: Heatran\n|-damage|p2a: Heatran|73\/100\n|\n|-heal|p2a: Heatran|80\/100|[from] item: Leftovers\n|upkeep\n|turn|43\n|\n|t:|1700370724\n|switch|p1a: What happened?|Dondozo, M, shiny|79\/100\n|move|p2a: Heatran|Stealth Rock|p1a: What happened?\n|-sidestart|p1: aceeeeer|move: Stealth Rock\n|\n|-heal|p2a: Heatran|86\/100|[from] item: Leftovers\n|-heal|p1a: What happened?|85\/100|[from] item: Leftovers\n|upkeep\n|turn|44\n|\n|t:|1700370733\n|switch|p1a: Blissey|Blissey, F|44\/100\n|-damage|p1a: Blissey|31\/100|[from] Stealth Rock\n|move|p2a: Heatran|Toxic|p1a: Blissey\n|-status|p1a: Blissey|tox\n|\n|-heal|p2a: Heatran|92\/100|[from] item: Leftovers\n|-heal|p1a: Blissey|37\/100 tox|[from] item: Leftovers\n|-damage|p1a: Blissey|31\/100 tox|[from] psn\n|upkeep\n|turn|45\n|\n|t:|1700370747\n|switch|p2a: Toxapex|Toxapex, F|100\/100\n|-sideend|p2: 0xyt0c1njunk1e|move: Toxic Spikes|[of] p2a: Toxapex\n|move|p1a: Blissey|Wish|p1a: Blissey\n|\n|-heal|p1a: Blissey|37\/100 tox|[from] item: Leftovers\n|-damage|p1a: Blissey|25\/100 tox|[from] psn\n|upkeep\n|turn|46\n|\n|t:|1700370757\n|switch|p2a: Lopunny|Lopunny-Mega, F|98\/100\n|move|p1a: Blissey|Seismic Toss|p2a: Lopunny\n|-damage|p2a: Lopunny|61\/100\n|\n|-heal|p1a: Blissey|75\/100 tox|[from] move: Wish|[wisher] Blissey\n|-heal|p1a: Blissey|81\/100 tox|[from] item: Leftovers\n|-damage|p1a: Blissey|63\/100 tox|[from] psn\n|upkeep\n|turn|47\n|\n|t:|1700370771\n|switch|p2a: Gardevoir|Gardevoir, F|88\/100\n|-ability|p2a: Gardevoir|Natural Cure|[from] ability: Trace|[of] p1a: Blissey\n|-curestatus|p1a: Blissey|tox|[from] ability: Natural Cure\n|switch|p1a: Mew|Mew|100\/100\n|-damage|p1a: Mew|88\/100|[from] Stealth Rock\n|\n|upkeep\n|turn|48\n|\n|t:|1700370782\n|switch|p1a: Gliscor|Gliscor, F|51\/100 tox\n|-damage|p1a: Gliscor|39\/100 tox|[from] Stealth Rock\n|move|p2a: Gardevoir|Moonblast|p1a: Gliscor\n|-damage|p1a: Gliscor|0 fnt\n|faint|p1a: Gliscor\n|\n|upkeep\n|\n|t:|1700370794\n|switch|p1a: Mew|Mew|88\/100\n|-damage|p1a: Mew|76\/100|[from] Stealth Rock\n|turn|49\n|\n|t:|1700370799\n|move|p2a: Gardevoir|Moonblast|p1a: Mew\n|-damage|p1a: Mew|37\/100\n|-unboost|p1a: Mew|spa|1\n|move|p1a: Mew|Cosmic Power|p1a: Mew\n|-boost|p1a: Mew|def|1\n|-boost|p1a: Mew|spd|1\n|\n|upkeep\n|turn|50\n|\n|t:|1700370809\n|switch|p2a: Heatran|Heatran, M|92\/100\n|-terastallize|p1a: Mew|Poison\n|move|p1a: Mew|Roost|p1a: Mew\n|-heal|p1a: Mew|87\/100\n|\n|-heal|p2a: Heatran|98\/100|[from] item: Leftovers\n|upkeep\n|turn|51\n|\n|t:|1700370819\n|move|p1a: Mew|Cosmic Power|p1a: Mew\n|-boost|p1a: Mew|def|1\n|-boost|p1a: Mew|spd|1\n|move|p2a: Heatran|Magma Storm|p1a: Mew\n|-damage|p1a: Mew|70\/100\n|-activate|p1a: Mew|move: Magma Storm|[of] p2a: Heatran\n|\n|-heal|p2a: Heatran|100\/100|[from] item: Leftovers\n|-damage|p1a: Mew|58\/100|[from] move: Magma Storm|[partiallytrapped]\n|upkeep\n|turn|52\n|\n|t:|1700370830\n|move|p1a: Mew|Roost|p1a: Mew\n|-heal|p1a: Mew|100\/100\n|move|p2a: Heatran|Earth Power|p1a: Mew\n|-supereffective|p1a: Mew\n|-damage|p1a: Mew|79\/100\n|-enditem|p1a: Mew|Weakness Policy\n|-boost|p1a: Mew|atk|2|[from] item: Weakness Policy\n|-boost|p1a: Mew|spa|2|[from] item: Weakness Policy\n|\n|-damage|p1a: Mew|66\/100|[from] move: Magma Storm|[partiallytrapped]\n|upkeep\n|turn|53\n|\n|t:|1700370841\n|move|p1a: Mew|Body Press|p2a: Heatran\n|-supereffective|p2a: Heatran\n|-damage|p2a: Heatran|42\/100\n|-status|p1a: Mew|brn|[from] ability: Flame Body|[of] p2a: Heatran\n|-activate|p1a: Mew|ability: Synchronize\n|-immune|p2a: Heatran\n|move|p2a: Heatran|Earth Power|p1a: Mew\n|-supereffective|p1a: Mew\n|-crit|p1a: Mew\n|-damage|p1a: Mew|3\/100 brn\n|\n|-heal|p2a: Heatran|48\/100|[from] item: Leftovers\n|-damage|p1a: Mew|0 fnt|[from] brn\n|faint|p1a: Mew\n|upkeep\n|\n|t:|1700370857\n|switch|p1a: Blissey|Blissey, F|63\/100\n|-damage|p1a: Blissey|50\/100|[from] Stealth Rock\n|turn|54\n|\n|t:|1700370863\n|move|p2a: Heatran|Toxic|p1a: Blissey\n|-status|p1a: Blissey|tox\n|move|p1a: Blissey|Soft-Boiled|p1a: Blissey\n|-heal|p1a: Blissey|99\/100 tox\n|\n|-heal|p2a: Heatran|54\/100|[from] item: Leftovers\n|-heal|p1a: Blissey|100\/100 tox|[from] item: Leftovers\n|-damage|p1a: Blissey|94\/100 tox|[from] psn\n|upkeep\n|turn|55\n|\n|t:|1700370874\n|switch|p2a: Gardevoir|Gardevoir, F|88\/100\n|-ability|p2a: Gardevoir|Natural Cure|[from] ability: Trace|[of] p1a: Blissey\n|move|p1a: Blissey|Seismic Toss|p2a: Gardevoir\n|-damage|p2a: Gardevoir|52\/100\n|\n|-heal|p1a: Blissey|100\/100 tox|[from] item: Leftovers\n|-damage|p1a: Blissey|88\/100 tox|[from] psn\n|upkeep\n|turn|56\n|\n|t:|1700370886\n|switch|p2a: Vaporeon|Vaporeon, F|9\/100 psn\n|move|p1a: Blissey|Toxic||[still]\n|-fail|p1a: Blissey\n|\n|-heal|p1a: Blissey|94\/100 tox|[from] item: Leftovers\n|-damage|p2a: Vaporeon|0 fnt|[from] psn\n|faint|p2a: Vaporeon\n|-damage|p1a: Blissey|76\/100 tox|[from] psn\n|upkeep\n|\n|t:|1700370892\n|switch|p2a: Lopunny|Lopunny-Mega, F|61\/100\n|turn|57\n|\n|t:|1700370900\n|switch|p2a: Gardevoir|Gardevoir, F|52\/100\n|-ability|p2a: Gardevoir|Natural Cure|[from] ability: Trace|[of] p1a: Blissey\n|-curestatus|p1a: Blissey|tox|[from] ability: Natural Cure\n|switch|p1a: Hit consumer|Toxapex, M, shiny|100\/100\n|-damage|p1a: Hit consumer|88\/100|[from] Stealth Rock\n|\n|upkeep\n|turn|58\n|\n|t:|1700370912\n|move|p2a: Gardevoir|Trick|p1a: Hit consumer\n|-activate|p2a: Gardevoir|move: Trick|[of] p1a: Hit consumer\n|-item|p1a: Hit consumer|Choice Scarf|[from] move: Trick\n|-item|p2a: Gardevoir|Rocky Helmet|[from] move: Trick\n|move|p1a: Hit consumer|Scald|p2a: Gardevoir\n|-damage|p2a: Gardevoir|34\/100\n|-status|p2a: Gardevoir|brn\n|\n|-damage|p2a: Gardevoir|28\/100 brn|[from] brn\n|upkeep\n|turn|59\n|\n|t:|1700370923\n|move|p2a: Gardevoir|Psyshock|p1a: Hit consumer\n|-supereffective|p1a: Hit consumer\n|-damage|p1a: Hit consumer|21\/100\n|move|p1a: Hit consumer|Scald|p2a: Gardevoir\n|-damage|p2a: Gardevoir|11\/100 brn\n|\n|-damage|p2a: Gardevoir|5\/100 brn|[from] brn\n|upkeep\n|turn|60\n|\n|t:|1700370933\n|switch|p1a: What happened?|Dondozo, M, shiny|85\/100\n|-damage|p1a: What happened?|73\/100|[from] Stealth Rock\n|move|p2a: Gardevoir|Psyshock|p1a: What happened?\n|-damage|p1a: What happened?|51\/100\n|\n|-heal|p1a: What happened?|57\/100|[from] item: Leftovers\n|-damage|p2a: Gardevoir|0 fnt|[from] brn\n|faint|p2a: Gardevoir\n|upkeep\n|\n|t:|1700370938\n|switch|p2a: Toxapex|Toxapex, F|100\/100\n|turn|61\n|\n|t:|1700370947\n|move|p2a: Toxapex|Toxic|p1a: What happened?\n|-status|p1a: What happened?|tox\n|move|p1a: What happened?|Curse|p1a: What happened?\n|-unboost|p1a: What happened?|spe|1\n|-boost|p1a: What happened?|atk|1\n|-boost|p1a: What happened?|def|1\n|\n|-heal|p1a: What happened?|63\/100 tox|[from] item: Leftovers\n|-damage|p1a: What happened?|57\/100 tox|[from] psn\n|upkeep\n|turn|62\n|\n|t:|1700370958\n|move|p2a: Toxapex|Haze|p2a: Toxapex\n|-clearallboost\n|move|p1a: What happened?|Curse|p1a: What happened?\n|-unboost|p1a: What happened?|spe|1\n|-boost|p1a: What happened?|atk|1\n|-boost|p1a: What happened?|def|1\n|\n|-heal|p1a: What happened?|63\/100 tox|[from] item: Leftovers\n|-damage|p1a: What happened?|51\/100 tox|[from] psn\n|upkeep\n|turn|63\n|\n|t:|1700370970\n|move|p2a: Toxapex|Haze|p2a: Toxapex\n|-clearallboost\n|move|p1a: What happened?|Rest|p1a: What happened?\n|-status|p1a: What happened?|slp|[from] move: Rest\n|-heal|p1a: What happened?|100\/100 slp|[silent]\n|\n|upkeep\n|turn|64\n|\n|t:|1700370980\n|switch|p1a: Blissey|Blissey, F|76\/100\n|-damage|p1a: Blissey|63\/100|[from] Stealth Rock\n|move|p2a: Toxapex|Scald|p1a: Blissey\n|-damage|p1a: Blissey|58\/100\n|-status|p1a: Blissey|brn\n|\n|-heal|p1a: Blissey|64\/100 brn|[from] item: Leftovers\n|-damage|p1a: Blissey|58\/100 brn|[from] brn\n|upkeep\n|turn|65\n|\n|t:|1700370993\n|switch|p2a: Lopunny|Lopunny-Mega, F|61\/100\n|move|p1a: Blissey|Soft-Boiled|p1a: Blissey\n|-heal|p1a: Blissey|100\/100 brn\n|\n|-damage|p1a: Blissey|94\/100 brn|[from] brn\n|upkeep\n|turn|66\n|\n|t:|1700371002\n|move|p2a: Lopunny|Return|p1a: Blissey\n|-damage|p1a: Blissey|37\/100 brn\n|move|p1a: Blissey|Toxic|p2a: Lopunny\n|-status|p2a: Lopunny|tox\n|\n|-heal|p1a: Blissey|43\/100 brn|[from] item: Leftovers\n|-damage|p2a: Lopunny|55\/100 tox|[from] psn\n|-damage|p1a: Blissey|37\/100 brn|[from] brn\n|upkeep\n|turn|67\n|\n|t:|1700371014\n|-curestatus|p1a: Blissey|brn|[from] ability: Natural Cure\n|switch|p1a: Hit consumer|Toxapex, M, shiny|54\/100\n|-damage|p1a: Hit consumer|42\/100|[from] Stealth Rock\n|move|p2a: Lopunny|Return|p1a: Hit consumer\n|-damage|p1a: Hit consumer|0 fnt\n|faint|p1a: Hit consumer\n|\n|-damage|p2a: Lopunny|42\/100 tox|[from] psn\n|upkeep\n|\n|t:|1700371027\n|switch|p1a: What happened?|Dondozo, M, shiny|100\/100 slp\n|-damage|p1a: What happened?|88\/100 slp|[from] Stealth Rock\n|turn|68\n|\n|t:|1700371031\n|move|p2a: Lopunny|Close Combat|p1a: What happened?\n|-damage|p1a: What happened?|52\/100 slp\n|-unboost|p2a: Lopunny|def|1\n|-unboost|p2a: Lopunny|spd|1\n|cant|p1a: What happened?|slp\n|move|p1a: What happened?|Sleep Talk|p1a: What happened?\n|move|p1a: What happened?|Liquidation|p2a: Lopunny|[from]move: Sleep Talk\n|-damage|p2a: Lopunny|0 fnt\n|faint|p2a: Lopunny\n|\n|-heal|p1a: What happened?|58\/100 slp|[from] item: Leftovers\n|upkeep\n|\n|t:|1700371038\n|switch|p2a: Toxapex|Toxapex, F|100\/100\n|turn|69\n|\n|t:|1700371049\n|cant|p1a: What happened?|slp\n|move|p1a: What happened?|Sleep Talk|p1a: What happened?\n|move|p1a: What happened?|Curse|p1a: What happened?|[from]move: Sleep Talk\n|-unboost|p1a: What happened?|spe|1\n|-boost|p1a: What happened?|atk|1\n|-boost|p1a: What happened?|def|1\n|move|p2a: Toxapex|Scald|p1a: What happened?\n|-resisted|p1a: What happened?\n|-damage|p1a: What happened?|52\/100 slp\n|\n|-heal|p1a: What happened?|58\/100 slp|[from] item: Leftovers\n|upkeep\n|turn|70\n|\n|t:|1700371062\n|move|p2a: Toxapex|Haze|p2a: Toxapex\n|-clearallboost\n|-curestatus|p1a: What happened?|slp|[msg]\n|move|p1a: What happened?|Liquidation|p2a: Toxapex\n|-resisted|p2a: Toxapex\n|-damage|p2a: Toxapex|90\/100\n|\n|-heal|p1a: What happened?|64\/100|[from] item: Leftovers\n|-heal|p2a: Toxapex|96\/100|[from] item: Leftovers\n|upkeep\n|turn|71\n|\n|t:|1700371075\n|switch|p1a: Blissey|Blissey, F|37\/100\n|-damage|p1a: Blissey|24\/100|[from] Stealth Rock\n|move|p2a: Toxapex|Toxic|p1a: Blissey\n|-status|p1a: Blissey|tox\n|\n|-heal|p1a: Blissey|30\/100 tox|[from] item: Leftovers\n|-heal|p2a: Toxapex|100\/100|[from] item: Leftovers\n|-damage|p1a: Blissey|24\/100 tox|[from] psn\n|upkeep\n|turn|72\n|\n|t:|1700371087\n|switch|p2a: Heatran|Heatran, M|54\/100\n|move|p1a: Blissey|Soft-Boiled|p1a: Blissey\n|-heal|p1a: Blissey|74\/100 tox\n|\n|-heal|p2a: Heatran|61\/100|[from] item: Leftovers\n|-heal|p1a: Blissey|81\/100 tox|[from] item: Leftovers\n|-damage|p1a: Blissey|68\/100 tox|[from] psn\n|upkeep\n|turn|73\n|\n|t:|1700371098\n|-curestatus|p1a: Blissey|tox|[from] ability: Natural Cure\n|switch|p1a: What happened?|Dondozo, M, shiny|64\/100\n|-damage|p1a: What happened?|52\/100|[from] Stealth Rock\n|move|p2a: Heatran|Magma Storm|p1a: What happened?\n|-resisted|p1a: What happened?\n|-damage|p1a: What happened?|36\/100\n|-activate|p1a: What happened?|move: Magma Storm|[of] p2a: Heatran\n|\n|-heal|p2a: Heatran|67\/100|[from] item: Leftovers\n|-heal|p1a: What happened?|42\/100|[from] item: Leftovers\n|-damage|p1a: What happened?|30\/100|[from] move: Magma Storm|[partiallytrapped]\n|upkeep\n|turn|74\n|\n|t:|1700371112\n|move|p2a: Heatran|Earth Power|p1a: What happened?\n|-damage|p1a: What happened?|8\/100\n|move|p1a: What happened?|Liquidation|p2a: Heatran\n|-supereffective|p2a: Heatran\n|-damage|p2a: Heatran|26\/100\n|-unboost|p2a: Heatran|def|1\n|\n|-heal|p2a: Heatran|33\/100|[from] item: Leftovers\n|-heal|p1a: What happened?|14\/100|[from] item: Leftovers\n|-damage|p1a: What happened?|2\/100|[from] move: Magma Storm|[partiallytrapped]\n|upkeep\n|turn|75\n|\n|t:|1700371124\n|move|p2a: Heatran|Earth Power|p1a: What happened?\n|-damage|p1a: What happened?|0 fnt\n|faint|p1a: What happened?\n|\n|-heal|p2a: Heatran|39\/100|[from] item: Leftovers\n|upkeep\n|\n|t:|1700371131\n|switch|p1a: Blissey|Blissey, F|68\/100\n|-damage|p1a: Blissey|56\/100|[from] Stealth Rock\n|turn|76\n|\n|t:|1700371137\n|move|p2a: Heatran|Toxic|p1a: Blissey\n|-status|p1a: Blissey|tox\n|move|p1a: Blissey|Seismic Toss|p2a: Heatran\n|-damage|p2a: Heatran|13\/100\n|\n|-heal|p2a: Heatran|19\/100|[from] item: Leftovers\n|-heal|p1a: Blissey|62\/100 tox|[from] item: Leftovers\n|-damage|p1a: Blissey|56\/100 tox|[from] psn\n|upkeep\n|turn|77\n|-message|aceeeeer forfeited.\n|\n|win|0xyt0c1njunk1e\n|raw|aceeeeer's rating: 1294 &rarr; <strong>1274<\/strong><br \/>(-20 for losing)\n|raw|0xyt0c1njunk1e's rating: 1368 &rarr; <strong>1384<\/strong><br \/>(+16 for winning)\n|l|\u2606aceeeeer\n","uploadtime":1700371161,"views":13,"p1id":"aceeeeer","p2id":"0xyt0c1njunk1e","formatid":"gen9nationaldex","rating":1274,"private":0,"password":""}