{"id":"gen9nationaldex-1998535987","p1":"vheneko","p2":"Keanmon","format":"[Gen 9] National Dex","log":"|html|<div class=\"broadcast-blue\"><strong>[Gen 9] National Dex is currently suspecting Sneasler! For information on how to participate check out the <a href=\"https:\/\/www.smogon.com\/forums\/threads\/sv-national-dex-suspect-8-just-dance.3731534\/\">suspect thread<\/a>.<\/strong><\/div>\n|j|\u2606vheneko\n|j|\u2606Keanmon\n|t:|1700953502\n|gametype|singles\n|player|p1|vheneko|depotagent|1316\n|player|p2|Keanmon|rood|1245\n|teamsize|p1|6\n|teamsize|p2|6\n|gen|9\n|tier|[Gen 9] National Dex\n|rated|\n|rule|HP Percentage Mod: HP is shown in percentages\n|rule|Endless Battle Clause: Forcing endless battles is banned\n|rule|OHKO Clause: OHKO moves are banned\n|rule|Evasion Clause: Evasion abilities, items, and moves are banned\n|rule|Evasion Abilities Clause: Evasion abilities are banned\n|rule|Evasion Items Clause: Evasion items are banned\n|rule|Evasion Moves Clause: Evasion moves are banned\n|rule|Species Clause: Limit one of each Pok\u00e9mon\n|rule|Sleep Clause Mod: Limit one foe put to sleep\n|clearpoke\n|poke|p1|Tinkaton, F|\n|poke|p1|Clodsire, M|\n|poke|p1|Dondozo, F|\n|poke|p1|Goodra, M|\n|poke|p1|Trevenant, F|\n|poke|p1|Torkoal, F|\n|poke|p2|Cloyster, M|\n|poke|p2|Forretress, M|\n|poke|p2|Solrock|\n|poke|p2|Glalie, M|\n|poke|p2|Ferrothorn, M|\n|poke|p2|Carbink|\n|teampreview\n|\n|t:|1700953514\n|start\n|switch|p1a: Goodra|Goodra, M|100\/100\n|switch|p2a: Geoshine|Solrock|100\/100\n|turn|1\n|\n|t:|1700953521\n|move|p2a: Geoshine|Rock Slide|p1a: Goodra|[miss]\n|-miss|p2a: Geoshine|p1a: Goodra\n|move|p1a: Goodra|Rain Dance|p1a: Goodra\n|-weather|RainDance\n|\n|-weather|RainDance|[upkeep]\n|upkeep\n|turn|2\n|\n|t:|1700953531\n|switch|p2a: Whiplash|Ferrothorn, M|100\/100\n|move|p1a: Goodra|Thunderbolt|p2a: Whiplash\n|-resisted|p2a: Whiplash\n|-damage|p2a: Whiplash|90\/100\n|\n|-weather|RainDance|[upkeep]\n|upkeep\n|turn|3\n|\n|t:|1700953538\n|switch|p1a: Tinkaton|Tinkaton, F|100\/100\n|-ability|p1a: Tinkaton|Mold Breaker\n|move|p2a: Whiplash|Protect||[still]\n|-fail|p2a: Whiplash\n|\n|-weather|RainDance|[upkeep]\n|upkeep\n|turn|4\n|\n|t:|1700953545\n|switch|p2a: Ironut|Forretress, M|100\/100\n|move|p1a: Tinkaton|Encore||[still]\n|-fail|p1a: Tinkaton\n|\n|-weather|RainDance|[upkeep]\n|upkeep\n|turn|5\n|\n|t:|1700953550\n|move|p1a: Tinkaton|Thunder Wave|p2a: Ironut\n|-status|p2a: Ironut|par\n|move|p2a: Ironut|Zap Cannon|p1a: Tinkaton\n|-damage|p1a: Tinkaton|90\/100\n|-status|p1a: Tinkaton|par\n|\n|-weather|none\n|-heal|p1a: Tinkaton|96\/100 par|[from] item: Leftovers\n|upkeep\n|turn|6\n|\n|t:|1700953558\n|move|p1a: Tinkaton|Stealth Rock|p2a: Ironut\n|-sidestart|p2: Keanmon|move: Stealth Rock\n|cant|p2a: Ironut|par\n|\n|-heal|p1a: Tinkaton|100\/100 par|[from] item: Leftovers\n|upkeep\n|turn|7\n|\n|t:|1700953564\n|switch|p1a: Torkoal|Torkoal, F|100\/100\n|-weather|SunnyDay|[from] ability: Drought|[of] p1a: Torkoal\n|move|p2a: Ironut|Rapid Spin|p1a: Torkoal\n|-damage|p1a: Torkoal|93\/100\n|-boost|p2a: Ironut|spe|1\n|-sideend|p2: Keanmon|Stealth Rock|[from] move: Rapid Spin|[of] p2a: Ironut\n|\n|-weather|SunnyDay|[upkeep]\n|upkeep\n|turn|8\n|\n|t:|1700953575\n|switch|p2a: Geoshine|Solrock|100\/100\n|move|p1a: Torkoal|Scorching Sands|p2a: Geoshine\n|-immune|p2a: Geoshine|[from] ability: Levitate\n|\n|-weather|SunnyDay|[upkeep]\n|upkeep\n|turn|9\n|\n|t:|1700953583\n|switch|p1a: Tinkaton|Tinkaton, F|100\/100 par\n|-ability|p1a: Tinkaton|Mold Breaker\n|move|p2a: Geoshine|Rock Slide|p1a: Tinkaton\n|-resisted|p1a: Tinkaton\n|-damage|p1a: Tinkaton|84\/100 par\n|\n|-weather|SunnyDay|[upkeep]\n|-heal|p1a: Tinkaton|90\/100 par|[from] item: Leftovers\n|upkeep\n|turn|10\n|\n|t:|1700953598\n|switch|p2a: Ironut|Forretress, M|100\/100 par\n|move|p1a: Tinkaton|Stealth Rock|p2a: Ironut\n|-sidestart|p2: Keanmon|move: Stealth Rock\n|\n|-weather|SunnyDay|[upkeep]\n|-heal|p1a: Tinkaton|96\/100 par|[from] item: Leftovers\n|upkeep\n|turn|11\n|\n|t:|1700953606\n|switch|p1a: Trevenant|Trevenant, F|100\/100\n|cant|p2a: Ironut|par\n|\n|-weather|none\n|upkeep\n|turn|12\n|\n|t:|1700953612\n|move|p1a: Trevenant|Curse|p2a: Ironut\n|-start|p2a: Ironut|Curse|[of] p1a: Trevenant\n|-damage|p1a: Trevenant|50\/100\n|-enditem|p1a: Trevenant|Sitrus Berry|[eat]\n|-heal|p1a: Trevenant|75\/100|[from] item: Sitrus Berry\n|move|p2a: Ironut|Zap Cannon|p1a: Trevenant|[miss]\n|-miss|p2a: Ironut|p1a: Trevenant\n|\n|-damage|p2a: Ironut|76\/100 par|[from] Curse\n|upkeep\n|turn|13\n|\n|t:|1700953623\n|move|p1a: Trevenant|Disable|p2a: Ironut\n|-start|p2a: Ironut|Disable|Zap Cannon\n|move|p2a: Ironut|Stealth Rock|p1a: Trevenant\n|-sidestart|p1: vheneko|move: Stealth Rock\n|\n|-heal|p2a: Ironut|82\/100 par|[from] item: Leftovers\n|-damage|p2a: Ironut|57\/100 par|[from] Curse\n|upkeep\n|turn|14\n|\n|t:|1700953635\n|switch|p2a: Cryosion|Glalie, M|100\/100\n|-damage|p2a: Cryosion|76\/100|[from] Stealth Rock\n|move|p1a: Trevenant|Protect||[still]\n|-fail|p1a: Trevenant\n|\n|-item|p1a: Trevenant|Sitrus Berry|[from] ability: Harvest\n|upkeep\n|turn|15\n|\n|t:|1700953642\n|switch|p1a: Torkoal|Torkoal, F|93\/100\n|-damage|p1a: Torkoal|68\/100|[from] Stealth Rock\n|-weather|SunnyDay|[from] ability: Drought|[of] p1a: Torkoal\n|detailschange|p2a: Cryosion|Glalie-Mega, M\n|-mega|p2a: Cryosion|Glalie|Glalitite\n|move|p2a: Cryosion|Return|p1a: Torkoal\n|-resisted|p1a: Torkoal\n|-damage|p1a: Torkoal|45\/100\n|\n|-weather|SunnyDay|[upkeep]\n|upkeep\n|turn|16\n|\n|t:|1700953654\n|switch|p2a: Geoshine|Solrock|100\/100\n|-damage|p2a: Geoshine|88\/100|[from] Stealth Rock\n|move|p1a: Torkoal|Rapid Spin|p2a: Geoshine\n|-resisted|p2a: Geoshine\n|-damage|p2a: Geoshine|84\/100\n|-boost|p1a: Torkoal|spe|1\n|-sideend|p1: vheneko|Stealth Rock|[from] move: Rapid Spin|[of] p1a: Torkoal\n|\n|-weather|SunnyDay|[upkeep]\n|upkeep\n|turn|17\n|\n|t:|1700953663\n|switch|p1a: Dondozo|Dondozo, F|100\/100\n|move|p2a: Geoshine|Rock Slide|p1a: Dondozo\n|-damage|p1a: Dondozo|88\/100\n|\n|-weather|SunnyDay|[upkeep]\n|-heal|p1a: Dondozo|95\/100|[from] item: Leftovers\n|upkeep\n|turn|18\n|\n|t:|1700953696\n|switch|p2a: Whiplash|Ferrothorn, M|90\/100\n|-damage|p2a: Whiplash|83\/100|[from] Stealth Rock\n|switch|p1a: Torkoal|Torkoal, F|45\/100\n|\n|-weather|SunnyDay|[upkeep]\n|upkeep\n|turn|19\n|\n|t:|1700953703\n|switch|p2a: Geoshine|Solrock|84\/100\n|-damage|p2a: Geoshine|71\/100|[from] Stealth Rock\n|move|p1a: Torkoal|Eruption|p2a: Geoshine\n|-resisted|p2a: Geoshine\n|-damage|p2a: Geoshine|39\/100\n|\n|-weather|none\n|upkeep\n|turn|20\n|\n|t:|1700953713\n|switch|p1a: Tinkaton|Tinkaton, F|96\/100 par\n|-ability|p1a: Tinkaton|Mold Breaker\n|move|p2a: Geoshine|Rock Slide|p1a: Tinkaton\n|-resisted|p1a: Tinkaton\n|-damage|p1a: Tinkaton|81\/100 par\n|\n|-heal|p1a: Tinkaton|87\/100 par|[from] item: Leftovers\n|upkeep\n|turn|21\n|\n|t:|1700953734\n|switch|p2a: Ironut|Forretress, M|57\/100 par\n|-damage|p2a: Ironut|45\/100 par|[from] Stealth Rock\n|cant|p1a: Tinkaton|par\n|\n|-heal|p1a: Tinkaton|93\/100 par|[from] item: Leftovers\n|-heal|p2a: Ironut|51\/100 par|[from] item: Leftovers\n|upkeep\n|turn|22\n|\n|t:|1700953742\n|switch|p1a: Trevenant|Trevenant, F|75\/100\n|move|p2a: Ironut|Rapid Spin|p1a: Trevenant\n|-immune|p1a: Trevenant\n|\n|-heal|p2a: Ironut|57\/100 par|[from] item: Leftovers\n|upkeep\n|turn|23\n|\n|t:|1700953749\n|move|p1a: Trevenant|Disable|p2a: Ironut\n|-start|p2a: Ironut|Disable|Rapid Spin\n|move|p2a: Ironut|Zap Cannon|p1a: Trevenant|[miss]\n|-miss|p2a: Ironut|p1a: Trevenant\n|\n|-heal|p2a: Ironut|63\/100 par|[from] item: Leftovers\n|upkeep\n|turn|24\n|\n|t:|1700953756\n|move|p1a: Trevenant|Leech Seed|p2a: Ironut\n|-start|p2a: Ironut|move: Leech Seed\n|move|p2a: Ironut|Zap Cannon|p1a: Trevenant|[miss]\n|-miss|p2a: Ironut|p1a: Trevenant\n|\n|-heal|p2a: Ironut|69\/100 par|[from] item: Leftovers\n|-damage|p2a: Ironut|57\/100 par|[from] Leech Seed|[of] p1a: Trevenant\n|-heal|p1a: Trevenant|87\/100|[silent]\n|upkeep\n|turn|25\n|\n|t:|1700953764\n|switch|p2a: Cryosion|Glalie-Mega, M|76\/100\n|-damage|p2a: Cryosion|51\/100|[from] Stealth Rock\n|move|p1a: Trevenant|Curse|p2a: Cryosion\n|-start|p2a: Cryosion|Curse|[of] p1a: Trevenant\n|-damage|p1a: Trevenant|37\/100\n|-enditem|p1a: Trevenant|Sitrus Berry|[eat]\n|-heal|p1a: Trevenant|62\/100|[from] item: Sitrus Berry\n|\n|-damage|p2a: Cryosion|26\/100|[from] Curse\n|-item|p1a: Trevenant|Sitrus Berry|[from] ability: Harvest\n|upkeep\n|turn|26\n|\n|t:|1700953776\n|move|p1a: Trevenant|Protect|p1a: Trevenant\n|-singleturn|p1a: Trevenant|Protect\n|move|p2a: Cryosion|Earthquake|p1a: Trevenant\n|-activate|p1a: Trevenant|move: Protect\n|\n|-damage|p2a: Cryosion|1\/100|[from] Curse\n|upkeep\n|turn|27\n|\n|t:|1700953784\n|switch|p1a: Dondozo|Dondozo, F|95\/100\n|move|p2a: Cryosion|Return|p1a: Dondozo\n|-resisted|p1a: Dondozo\n|-damage|p1a: Dondozo|79\/100\n|\n|-heal|p1a: Dondozo|85\/100|[from] item: Leftovers\n|-damage|p2a: Cryosion|0 fnt|[from] Curse\n|faint|p2a: Cryosion\n|upkeep\n|\n|t:|1700953789\n|switch|p2a: Ironut|Forretress, M|57\/100 par\n|-damage|p2a: Ironut|45\/100 par|[from] Stealth Rock\n|turn|28\n|\n|t:|1700953796\n|switch|p1a: Torkoal|Torkoal, F|45\/100\n|-weather|SunnyDay|[from] ability: Drought|[of] p1a: Torkoal\n|cant|p2a: Ironut|par\n|\n|-weather|SunnyDay|[upkeep]\n|-heal|p2a: Ironut|51\/100 par|[from] item: Leftovers\n|upkeep\n|turn|29\n|\n|t:|1700953809\n|switch|p2a: Geoshine|Solrock|39\/100\n|-damage|p2a: Geoshine|26\/100|[from] Stealth Rock\n|move|p1a: Torkoal|Eruption|p2a: Geoshine\n|-resisted|p2a: Geoshine\n|-damage|p2a: Geoshine|0 fnt\n|faint|p2a: Geoshine\n|\n|-weather|SunnyDay|[upkeep]\n|upkeep\n|c|\u2606vheneko|bababoing\n|\n|t:|1700953814\n|switch|p2a: Shellshocker|Cloyster, M|100\/100\n|-damage|p2a: Shellshocker|76\/100|[from] Stealth Rock\n|turn|30\n|\n|t:|1700953821\n|switch|p1a: Tinkaton|Tinkaton, F|93\/100 par\n|-ability|p1a: Tinkaton|Mold Breaker\n|move|p2a: Shellshocker|Rock Blast|p1a: Tinkaton\n|-resisted|p1a: Tinkaton\n|-damage|p1a: Tinkaton|89\/100 par\n|-resisted|p1a: Tinkaton\n|-damage|p1a: Tinkaton|85\/100 par\n|-resisted|p1a: Tinkaton\n|-damage|p1a: Tinkaton|81\/100 par\n|-resisted|p1a: Tinkaton\n|-damage|p1a: Tinkaton|77\/100 par\n|-resisted|p1a: Tinkaton\n|-crit|p1a: Tinkaton\n|-damage|p1a: Tinkaton|71\/100 par\n|-hitcount|p1a: Tinkaton|5\n|\n|-weather|SunnyDay|[upkeep]\n|-heal|p1a: Tinkaton|78\/100 par|[from] item: Leftovers\n|upkeep\n|turn|31\n|\n|t:|1700953836\n|move|p2a: Shellshocker|Shell Smash|p2a: Shellshocker\n|-unboost|p2a: Shellshocker|def|1\n|-unboost|p2a: Shellshocker|spd|1\n|-boost|p2a: Shellshocker|atk|2\n|-boost|p2a: Shellshocker|spa|2\n|-boost|p2a: Shellshocker|spe|2\n|move|p1a: Tinkaton|Thunder Wave|p2a: Shellshocker\n|-status|p2a: Shellshocker|par\n|\n|-weather|SunnyDay|[upkeep]\n|-heal|p1a: Tinkaton|84\/100 par|[from] item: Leftovers\n|upkeep\n|turn|32\n|\n|t:|1700953846\n|cant|p2a: Shellshocker|par\n|move|p1a: Tinkaton|Encore|p2a: Shellshocker\n|-start|p2a: Shellshocker|Encore\n|\n|-weather|none\n|-heal|p1a: Tinkaton|90\/100 par|[from] item: Leftovers\n|upkeep\n|turn|33\n|\n|t:|1700953854\n|switch|p1a: Goodra|Goodra, M|100\/100\n|move|p2a: Shellshocker|Shell Smash|p2a: Shellshocker\n|-unboost|p2a: Shellshocker|def|1\n|-unboost|p2a: Shellshocker|spd|1\n|-boost|p2a: Shellshocker|atk|2\n|-boost|p2a: Shellshocker|spa|2\n|-boost|p2a: Shellshocker|spe|2\n|\n|upkeep\n|turn|34\n|\n|t:|1700953862\n|switch|p2a: Whiplash|Ferrothorn, M|83\/100\n|-damage|p2a: Whiplash|77\/100|[from] Stealth Rock\n|move|p1a: Goodra|Thunderbolt|p2a: Whiplash\n|-resisted|p2a: Whiplash\n|-damage|p2a: Whiplash|65\/100\n|\n|upkeep\n|turn|35\n|\n|t:|1700953869\n|switch|p1a: Trevenant|Trevenant, F|62\/100\n|move|p2a: Whiplash|Leech Seed|p1a: Trevenant\n|-immune|p1a: Trevenant\n|\n|upkeep\n|turn|36\n|\n|t:|1700953877\n|move|p1a: Trevenant|Curse|p2a: Whiplash\n|-start|p2a: Whiplash|Curse|[of] p1a: Trevenant\n|-damage|p1a: Trevenant|12\/100\n|-enditem|p1a: Trevenant|Sitrus Berry|[eat]\n|-heal|p1a: Trevenant|37\/100|[from] item: Sitrus Berry\n|move|p2a: Whiplash|Gyro Ball|p1a: Trevenant\n|-damage|p1a: Trevenant|15\/100\n|\n|-damage|p2a: Whiplash|40\/100|[from] Curse\n|-item|p1a: Trevenant|Sitrus Berry|[from] ability: Harvest\n|upkeep\n|-enditem|p1a: Trevenant|Sitrus Berry|[eat]\n|-heal|p1a: Trevenant|40\/100|[from] item: Sitrus Berry\n|turn|37\n|\n|t:|1700953891\n|move|p1a: Trevenant|Disable|p2a: Whiplash\n|-start|p2a: Whiplash|Disable|Gyro Ball\n|cant|p2a: Whiplash|Disable|Gyro Ball\n|\n|-damage|p2a: Whiplash|16\/100|[from] Curse\n|upkeep\n|turn|38\n|\n|t:|1700953898\n|move|p1a: Trevenant|Protect|p1a: Trevenant\n|-singleturn|p1a: Trevenant|Protect\n|move|p2a: Whiplash|Power Whip|p1a: Trevenant\n|-activate|p1a: Trevenant|move: Protect\n|\n|-damage|p2a: Whiplash|0 fnt|[from] Curse\n|faint|p2a: Whiplash\n|upkeep\n|\n|t:|1700953910\n|switch|p2a: Shellshocker|Cloyster, M|76\/100 par\n|-damage|p2a: Shellshocker|51\/100 par|[from] Stealth Rock\n|turn|39\n|\n|t:|1700953917\n|switch|p1a: Dondozo|Dondozo, F|85\/100\n|move|p2a: Shellshocker|Icicle Spear|p1a: Dondozo\n|-resisted|p1a: Dondozo\n|-damage|p1a: Dondozo|82\/100\n|-resisted|p1a: Dondozo\n|-damage|p1a: Dondozo|80\/100\n|-resisted|p1a: Dondozo\n|-damage|p1a: Dondozo|78\/100\n|-resisted|p1a: Dondozo\n|-damage|p1a: Dondozo|76\/100\n|-resisted|p1a: Dondozo\n|-damage|p1a: Dondozo|73\/100\n|-hitcount|p1a: Dondozo|5\n|\n|-heal|p1a: Dondozo|79\/100|[from] item: Leftovers\n|upkeep\n|turn|40\n|c|\u2606Keanmon|your're good,\n|\n|t:|1700953934\n|switch|p1a: Tinkaton|Tinkaton, F|90\/100 par\n|-ability|p1a: Tinkaton|Mold Breaker\n|move|p2a: Shellshocker|Icicle Spear|p1a: Tinkaton\n|-resisted|p1a: Tinkaton\n|-damage|p1a: Tinkaton|83\/100 par\n|-resisted|p1a: Tinkaton\n|-damage|p1a: Tinkaton|77\/100 par\n|-resisted|p1a: Tinkaton\n|-damage|p1a: Tinkaton|72\/100 par\n|-resisted|p1a: Tinkaton\n|-damage|p1a: Tinkaton|65\/100 par\n|-resisted|p1a: Tinkaton\n|-damage|p1a: Tinkaton|60\/100 par\n|-hitcount|p1a: Tinkaton|5\n|\n|-heal|p1a: Tinkaton|66\/100 par|[from] item: Leftovers\n|upkeep\n|turn|41\n|c|\u2606vheneko|all my teams are half stall half ofensive\n|\n|t:|1700953969\n|move|p2a: Shellshocker|Icicle Spear|p1a: Tinkaton\n|-resisted|p1a: Tinkaton\n|-damage|p1a: Tinkaton|60\/100 par\n|-resisted|p1a: Tinkaton\n|-damage|p1a: Tinkaton|54\/100 par\n|-resisted|p1a: Tinkaton\n|-damage|p1a: Tinkaton|48\/100 par\n|-resisted|p1a: Tinkaton\n|-damage|p1a: Tinkaton|42\/100 par\n|-resisted|p1a: Tinkaton\n|-damage|p1a: Tinkaton|36\/100 par\n|-hitcount|p1a: Tinkaton|5\n|move|p1a: Tinkaton|Encore|p2a: Shellshocker\n|-start|p2a: Shellshocker|Encore\n|\n|-heal|p1a: Tinkaton|42\/100 par|[from] item: Leftovers\n|upkeep\n|turn|42\n|\n|t:|1700953986\n|switch|p2a: Ironut|Forretress, M|51\/100 par\n|-damage|p2a: Ironut|38\/100 par|[from] Stealth Rock\n|move|p1a: Tinkaton|Gigaton Hammer|p2a: Ironut\n|-resisted|p2a: Ironut\n|-damage|p2a: Ironut|26\/100 par\n|\n|-heal|p1a: Tinkaton|49\/100 par|[from] item: Leftovers\n|-heal|p2a: Ironut|32\/100 par|[from] item: Leftovers\n|upkeep\n|turn|43\n|\n|t:|1700953996\n|switch|p1a: Trevenant|Trevenant, F|40\/100\n|move|p2a: Ironut|Rapid Spin|p1a: Trevenant\n|-immune|p1a: Trevenant\n|\n|-heal|p2a: Ironut|38\/100 par|[from] item: Leftovers\n|-item|p1a: Trevenant|Sitrus Berry|[from] ability: Harvest\n|upkeep\n|-enditem|p1a: Trevenant|Sitrus Berry|[eat]\n|-heal|p1a: Trevenant|65\/100|[from] item: Sitrus Berry\n|turn|44\n|\n|t:|1700954006\n|move|p1a: Trevenant|Curse|p2a: Ironut\n|-start|p2a: Ironut|Curse|[of] p1a: Trevenant\n|-damage|p1a: Trevenant|15\/100\n|cant|p2a: Ironut|par\n|\n|-heal|p2a: Ironut|44\/100 par|[from] item: Leftovers\n|-damage|p2a: Ironut|19\/100 par|[from] Curse\n|-item|p1a: Trevenant|Sitrus Berry|[from] ability: Harvest\n|upkeep\n|-enditem|p1a: Trevenant|Sitrus Berry|[eat]\n|-heal|p1a: Trevenant|40\/100|[from] item: Sitrus Berry\n|turn|45\n|\n|t:|1700954020\n|move|p1a: Trevenant|Leech Seed|p2a: Ironut\n|-start|p2a: Ironut|move: Leech Seed\n|cant|p2a: Ironut|par\n|\n|-heal|p2a: Ironut|26\/100 par|[from] item: Leftovers\n|-damage|p2a: Ironut|13\/100 par|[from] Leech Seed|[of] p1a: Trevenant\n|-heal|p1a: Trevenant|52\/100|[silent]\n|-damage|p2a: Ironut|0 fnt|[from] Curse\n|faint|p2a: Ironut\n|upkeep\n|\n|t:|1700954024\n|switch|p2a: Comastone|Carbink|100\/100\n|-damage|p2a: Comastone|88\/100|[from] Stealth Rock\n|turn|46\n|\n|t:|1700954031\n|move|p1a: Trevenant|Leech Seed|p2a: Comastone\n|-start|p2a: Comastone|move: Leech Seed\n|move|p2a: Comastone|Calm Mind|p2a: Comastone\n|-boost|p2a: Comastone|spa|1\n|-boost|p2a: Comastone|spd|1\n|\n|-damage|p2a: Comastone|76\/100|[from] Leech Seed|[of] p1a: Trevenant\n|-heal|p1a: Trevenant|60\/100|[silent]\n|-item|p1a: Trevenant|Sitrus Berry|[from] ability: Harvest\n|upkeep\n|turn|47\n|\n|t:|1700954041\n|move|p1a: Trevenant|Curse|p2a: Comastone\n|-start|p2a: Comastone|Curse|[of] p1a: Trevenant\n|-damage|p1a: Trevenant|10\/100\n|-enditem|p1a: Trevenant|Sitrus Berry|[eat]\n|-heal|p1a: Trevenant|34\/100|[from] item: Sitrus Berry\n|move|p2a: Comastone|Calm Mind|p2a: Comastone\n|-boost|p2a: Comastone|spa|1\n|-boost|p2a: Comastone|spd|1\n|\n|-damage|p2a: Comastone|63\/100|[from] Leech Seed|[of] p1a: Trevenant\n|-heal|p1a: Trevenant|42\/100|[silent]\n|-damage|p2a: Comastone|39\/100|[from] Curse\n|upkeep\n|-enditem|p2a: Comastone|Sitrus Berry|[eat]\n|-heal|p2a: Comastone|63\/100|[from] item: Sitrus Berry\n|turn|48\n|\n|t:|1700954056\n|move|p1a: Trevenant|Protect|p1a: Trevenant\n|-singleturn|p1a: Trevenant|Protect\n|move|p2a: Comastone|Moonblast|p1a: Trevenant\n|-activate|p1a: Trevenant|move: Protect\n|\n|-damage|p2a: Comastone|51\/100|[from] Leech Seed|[of] p1a: Trevenant\n|-heal|p1a: Trevenant|50\/100|[silent]\n|-damage|p2a: Comastone|26\/100|[from] Curse\n|-item|p1a: Trevenant|Sitrus Berry|[from] ability: Harvest\n|upkeep\n|-enditem|p1a: Trevenant|Sitrus Berry|[eat]\n|-heal|p1a: Trevenant|75\/100|[from] item: Sitrus Berry\n|turn|49\n|\n|t:|1700954067\n|switch|p1a: Clodsire|Clodsire, M|100\/100\n|move|p2a: Comastone|Rest|p2a: Comastone\n|-status|p2a: Comastone|slp|[from] move: Rest\n|-heal|p2a: Comastone|100\/100 slp|[silent]\n|\n|-damage|p2a: Comastone|88\/100 slp|[from] Leech Seed|[of] p1a: Clodsire\n|-damage|p2a: Comastone|63\/100 slp|[from] Curse\n|upkeep\n|turn|50\n|\n|t:|1700954082\n|switch|p1a: Tinkaton|Tinkaton, F|49\/100 par\n|-ability|p1a: Tinkaton|Mold Breaker\n|cant|p2a: Comastone|slp\n|move|p2a: Comastone|Sleep Talk|p2a: Comastone\n|move|p2a: Comastone|Rest||[from]move: Sleep Talk|[still]\n|-fail|p2a: Comastone\n|\n|-heal|p1a: Tinkaton|55\/100 par|[from] item: Leftovers\n|-damage|p2a: Comastone|51\/100 slp|[from] Leech Seed|[of] p1a: Tinkaton\n|-heal|p1a: Tinkaton|63\/100 par|[silent]\n|-damage|p2a: Comastone|26\/100 slp|[from] Curse\n|upkeep\n|turn|51\n|\n|t:|1700954095\n|cant|p2a: Comastone|slp\n|move|p2a: Comastone|Sleep Talk|p2a: Comastone\n|move|p2a: Comastone|Rest||[from]move: Sleep Talk|[still]\n|-fail|p2a: Comastone\n|cant|p1a: Tinkaton|par\n|\n|-heal|p1a: Tinkaton|69\/100 par|[from] item: Leftovers\n|-damage|p2a: Comastone|14\/100 slp|[from] Leech Seed|[of] p1a: Tinkaton\n|-heal|p1a: Tinkaton|77\/100 par|[silent]\n|-damage|p2a: Comastone|0 fnt|[from] Curse\n|faint|p2a: Comastone\n|upkeep\n|\n|t:|1700954098\n|switch|p2a: Shellshocker|Cloyster, M|51\/100 par\n|-damage|p2a: Shellshocker|26\/100 par|[from] Stealth Rock\n|turn|52\n|\n|t:|1700954108\n|move|p2a: Shellshocker|Shell Smash|p2a: Shellshocker\n|-unboost|p2a: Shellshocker|def|1\n|-unboost|p2a: Shellshocker|spd|1\n|-boost|p2a: Shellshocker|atk|2\n|-boost|p2a: Shellshocker|spa|2\n|-boost|p2a: Shellshocker|spe|2\n|cant|p1a: Tinkaton|par\n|\n|-heal|p1a: Tinkaton|83\/100 par|[from] item: Leftovers\n|upkeep\n|turn|53\n|\n|t:|1700954116\n|switch|p1a: Dondozo|Dondozo, F|79\/100\n|move|p2a: Shellshocker|Icicle Spear|p1a: Dondozo\n|-resisted|p1a: Dondozo\n|-damage|p1a: Dondozo|77\/100\n|-resisted|p1a: Dondozo\n|-damage|p1a: Dondozo|75\/100\n|-resisted|p1a: Dondozo\n|-damage|p1a: Dondozo|72\/100\n|-resisted|p1a: Dondozo\n|-damage|p1a: Dondozo|70\/100\n|-resisted|p1a: Dondozo\n|-damage|p1a: Dondozo|67\/100\n|-hitcount|p1a: Dondozo|5\n|\n|-heal|p1a: Dondozo|73\/100|[from] item: Leftovers\n|upkeep\n|turn|54\n|c|\u2606vheneko|well i think its gg\n|\n|t:|1700954144\n|cant|p2a: Shellshocker|par\n|move|p1a: Dondozo|Liquidation|p2a: Shellshocker\n|-resisted|p2a: Shellshocker\n|-damage|p2a: Shellshocker|13\/100 par\n|\n|-heal|p1a: Dondozo|79\/100|[from] item: Leftovers\n|upkeep\n|turn|55\n|\n|t:|1700954151\n|move|p2a: Shellshocker|Icicle Spear|p1a: Dondozo\n|-resisted|p1a: Dondozo\n|-damage|p1a: Dondozo|77\/100\n|-resisted|p1a: Dondozo\n|-damage|p1a: Dondozo|75\/100\n|-resisted|p1a: Dondozo\n|-damage|p1a: Dondozo|72\/100\n|-resisted|p1a: Dondozo\n|-damage|p1a: Dondozo|70\/100\n|-resisted|p1a: Dondozo\n|-damage|p1a: Dondozo|68\/100\n|-hitcount|p1a: Dondozo|5\n|move|p1a: Dondozo|Liquidation|p2a: Shellshocker\n|-resisted|p2a: Shellshocker\n|-damage|p2a: Shellshocker|0 fnt\n|faint|p2a: Shellshocker\n|\n|win|vheneko\n|raw|vheneko's rating: 1316 &rarr; <strong>1332<\/strong><br \/>(+16 for winning)\n|raw|Keanmon's rating: 1245 &rarr; <strong>1225<\/strong><br \/>(-20 for losing)\n|c|\u2606vheneko|you battle good\n|c|\u2606vheneko|gg\n|c|\u2606vheneko|nice gem teams\n|l|\u2606Keanmon\n","uploadtime":1700954192,"views":8,"p1id":"vheneko","p2id":"keanmon","formatid":"gen9nationaldex","rating":1225,"private":0,"password":""}