{"id":"gen9nationaldex-1998455293","p1":"Better Fuck Chuck","p2":"TPD JOHTO","format":"[Gen 9] National Dex","log":"|html|<div class=\"broadcast-blue\"><strong>[Gen 9] National Dex is currently suspecting Sneasler! For information on how to participate check out the <a href=\"https:\/\/www.smogon.com\/forums\/threads\/sv-national-dex-suspect-8-just-dance.3731534\/\">suspect thread<\/a>.<\/strong><\/div>\n|j|\u2606Better Fuck Chuck\n|j|\u2606TPD JOHTO\n|t:|1700944233\n|gametype|singles\n|player|p1|Better Fuck Chuck|gentleman-gen4dp|1568\n|player|p2|TPD JOHTO|drayden|1591\n|teamsize|p1|6\n|teamsize|p2|6\n|gen|9\n|tier|[Gen 9] National Dex\n|rated|\n|rule|HP Percentage Mod: HP is shown in percentages\n|rule|Endless Battle Clause: Forcing endless battles is banned\n|rule|OHKO Clause: OHKO moves are banned\n|rule|Evasion Clause: Evasion abilities, items, and moves are banned\n|rule|Evasion Abilities Clause: Evasion abilities are banned\n|rule|Evasion Items Clause: Evasion items are banned\n|rule|Evasion Moves Clause: Evasion moves are banned\n|rule|Species Clause: Limit one of each Pok\u00e9mon\n|rule|Sleep Clause Mod: Limit one foe put to sleep\n|clearpoke\n|poke|p1|Serperior, F|\n|poke|p1|Landorus-Therian, M|\n|poke|p1|Charizard, M|\n|poke|p1|Buzzwole|\n|poke|p1|Empoleon, M|\n|poke|p1|Tapu Koko|\n|poke|p2|Raikou|\n|poke|p2|Suicune|\n|poke|p2|Entei|\n|poke|p2|Tyranitar, M|\n|poke|p2|Celebi|\n|poke|p2|Skarmory, F|\n|teampreview\n|c|\u2606TPD JOHTO|Glhf\n|c|\u2606Better Fuck Chuck|U2\n|\n|t:|1700944272\n|start\n|switch|p1a: Tapu Koko|Tapu Koko|100\/100\n|switch|p2a: Kubo|Raikou, shiny|100\/100\n|-fieldstart|move: Electric Terrain|[from] ability: Electric Surge|[of] p1a: Tapu Koko\n|-ability|p2a: Kubo|Pressure\n|turn|1\n|\n|t:|1700944280\n|-zpower|p1a: Tapu Koko\n|move|p1a: Tapu Koko|Twinkle Tackle|p2a: Kubo|[zeffect]\n|-damage|p2a: Kubo|49\/100\n|move|p2a: Kubo|Substitute|p2a: Kubo\n|-start|p2a: Kubo|Substitute\n|-damage|p2a: Kubo|24\/100\n|\n|-heal|p2a: Kubo|30\/100|[from] item: Leftovers\n|upkeep\n|turn|2\n|\n|t:|1700944288\n|move|p2a: Kubo|Protect|p2a: Kubo\n|-singleturn|p2a: Kubo|Protect\n|move|p1a: Tapu Koko|Dazzling Gleam|p2a: Kubo\n|-activate|p2a: Kubo|move: Protect\n|\n|-heal|p2a: Kubo|36\/100|[from] item: Leftovers\n|upkeep\n|turn|3\n|\n|t:|1700944295\n|move|p1a: Tapu Koko|Dazzling Gleam|p2a: Kubo\n|-end|p2a: Kubo|Substitute\n|move|p2a: Kubo|Calm Mind|p2a: Kubo\n|-boost|p2a: Kubo|spa|1\n|-boost|p2a: Kubo|spd|1\n|\n|-heal|p2a: Kubo|43\/100|[from] item: Leftovers\n|upkeep\n|turn|4\n|\n|t:|1700944300\n|move|p2a: Kubo|Protect|p2a: Kubo\n|-singleturn|p2a: Kubo|Protect\n|move|p1a: Tapu Koko|U-turn|p2a: Kubo\n|-activate|p2a: Kubo|move: Protect\n|\n|-heal|p2a: Kubo|49\/100|[from] item: Leftovers\n|upkeep\n|turn|5\n|\n|t:|1700944317\n|move|p1a: Tapu Koko|U-turn|p2a: Kubo\n|-damage|p2a: Kubo|27\/100\n|\n|t:|1700944320\n|switch|p1a: Landorus|Landorus-Therian, M|100\/100|[from] U-turn\n|-ability|p1a: Landorus|Intimidate|boost\n|-unboost|p2a: Kubo|atk|1\n|move|p2a: Kubo|Calm Mind|p2a: Kubo\n|-boost|p2a: Kubo|spa|1\n|-boost|p2a: Kubo|spd|1\n|\n|-heal|p2a: Kubo|33\/100|[from] item: Leftovers\n|-fieldend|move: Electric Terrain\n|upkeep\n|turn|6\n|\n|t:|1700944324\n|move|p2a: Kubo|Protect|p2a: Kubo\n|-singleturn|p2a: Kubo|Protect\n|move|p1a: Landorus|Earthquake|p2a: Kubo\n|-activate|p2a: Kubo|move: Protect\n|\n|-heal|p2a: Kubo|39\/100|[from] item: Leftovers\n|upkeep\n|turn|7\n|\n|t:|1700944333\n|-terastallize|p2a: Kubo|Flying\n|move|p2a: Kubo|Substitute|p2a: Kubo\n|-start|p2a: Kubo|Substitute\n|-damage|p2a: Kubo|15\/100\n|move|p1a: Landorus|Stealth Rock|p2a: Kubo\n|-sidestart|p2: TPD JOHTO|move: Stealth Rock\n|\n|-heal|p2a: Kubo|21\/100|[from] item: Leftovers\n|upkeep\n|turn|8\n|\n|t:|1700944341\n|move|p2a: Kubo|Protect|p2a: Kubo\n|-singleturn|p2a: Kubo|Protect\n|move|p1a: Landorus|Stone Edge|p2a: Kubo\n|-activate|p2a: Kubo|move: Protect\n|\n|-heal|p2a: Kubo|27\/100|[from] item: Leftovers\n|upkeep\n|turn|9\n|\n|t:|1700944348\n|move|p2a: Kubo|Scald|p1a: Landorus\n|-supereffective|p1a: Landorus\n|-damage|p1a: Landorus|37\/100\n|move|p1a: Landorus|Stone Edge|p2a: Kubo\n|-supereffective|p2a: Kubo\n|-end|p2a: Kubo|Substitute\n|\n|-heal|p2a: Kubo|33\/100|[from] item: Leftovers\n|-heal|p1a: Landorus|43\/100|[from] item: Leftovers\n|upkeep\n|turn|10\n|\n|t:|1700944362\n|move|p2a: Kubo|Substitute|p2a: Kubo\n|-start|p2a: Kubo|Substitute\n|-damage|p2a: Kubo|8\/100\n|move|p1a: Landorus|Earthquake|p2a: Kubo\n|-immune|p2a: Kubo\n|\n|-heal|p2a: Kubo|15\/100|[from] item: Leftovers\n|-heal|p1a: Landorus|49\/100|[from] item: Leftovers\n|upkeep\n|turn|11\n|\n|t:|1700944369\n|move|p2a: Kubo|Protect|p2a: Kubo\n|-singleturn|p2a: Kubo|Protect\n|move|p1a: Landorus|Stone Edge|p2a: Kubo\n|-activate|p2a: Kubo|move: Protect\n|\n|-heal|p2a: Kubo|21\/100|[from] item: Leftovers\n|-heal|p1a: Landorus|55\/100|[from] item: Leftovers\n|upkeep\n|turn|12\n|\n|t:|1700944391\n|move|p2a: Kubo|Scald|p1a: Landorus\n|-supereffective|p1a: Landorus\n|-damage|p1a: Landorus|0 fnt\n|faint|p1a: Landorus\n|\n|-heal|p2a: Kubo|27\/100|[from] item: Leftovers\n|upkeep\n|\n|t:|1700944402\n|switch|p1a: Empoleon|Empoleon, M|100\/100\n|turn|13\n|\n|t:|1700944407\n|move|p2a: Kubo|Scald|p1a: Empoleon\n|-resisted|p1a: Empoleon\n|-damage|p1a: Empoleon|87\/100\n|move|p1a: Empoleon|Scald|p2a: Kubo\n|-activate|p2a: Kubo|move: Substitute|[damage]\n|\n|-heal|p2a: Kubo|33\/100|[from] item: Leftovers\n|-heal|p1a: Empoleon|93\/100|[from] item: Leftovers\n|upkeep\n|turn|14\n|\n|t:|1700944414\n|move|p2a: Kubo|Protect|p2a: Kubo\n|-singleturn|p2a: Kubo|Protect\n|move|p1a: Empoleon|Scald|p2a: Kubo\n|-activate|p2a: Kubo|move: Protect\n|\n|-heal|p2a: Kubo|39\/100|[from] item: Leftovers\n|-heal|p1a: Empoleon|99\/100|[from] item: Leftovers\n|upkeep\n|turn|15\n|\n|t:|1700944418\n|move|p2a: Kubo|Calm Mind|p2a: Kubo\n|-boost|p2a: Kubo|spa|1\n|-boost|p2a: Kubo|spd|1\n|move|p1a: Empoleon|Scald|p2a: Kubo\n|-activate|p2a: Kubo|move: Substitute|[damage]\n|\n|-heal|p2a: Kubo|46\/100|[from] item: Leftovers\n|-heal|p1a: Empoleon|100\/100|[from] item: Leftovers\n|upkeep\n|turn|16\n|\n|t:|1700944427\n|move|p2a: Kubo|Protect|p2a: Kubo\n|-singleturn|p2a: Kubo|Protect\n|move|p1a: Empoleon|Roost||[still]\n|-fail|p1a: Empoleon|heal\n|\n|-heal|p2a: Kubo|52\/100|[from] item: Leftovers\n|upkeep\n|turn|17\n|\n|t:|1700944432\n|move|p2a: Kubo|Calm Mind|p2a: Kubo\n|-boost|p2a: Kubo|spa|1\n|-boost|p2a: Kubo|spd|1\n|move|p1a: Empoleon|Scald|p2a: Kubo\n|-end|p2a: Kubo|Substitute\n|\n|-heal|p2a: Kubo|58\/100|[from] item: Leftovers\n|upkeep\n|turn|18\n|\n|t:|1700944439\n|move|p2a: Kubo|Substitute|p2a: Kubo\n|-start|p2a: Kubo|Substitute\n|-damage|p2a: Kubo|33\/100\n|move|p1a: Empoleon|Toxic||[still]\n|-fail|p1a: Empoleon\n|\n|-heal|p2a: Kubo|39\/100|[from] item: Leftovers\n|upkeep\n|turn|19\n|\n|t:|1700944446\n|move|p2a: Kubo|Calm Mind|p2a: Kubo\n|-boost|p2a: Kubo|spa|1\n|-boost|p2a: Kubo|spd|1\n|move|p1a: Empoleon|Toxic||[still]\n|-fail|p1a: Empoleon\n|\n|-heal|p2a: Kubo|46\/100|[from] item: Leftovers\n|upkeep\n|turn|20\n|\n|t:|1700944452\n|move|p2a: Kubo|Calm Mind|p2a: Kubo\n|-boost|p2a: Kubo|spa|1\n|-boost|p2a: Kubo|spd|1\n|move|p1a: Empoleon|Scald|p2a: Kubo\n|-activate|p2a: Kubo|move: Substitute|[damage]\n|\n|-heal|p2a: Kubo|52\/100|[from] item: Leftovers\n|upkeep\n|turn|21\n|\n|t:|1700944457\n|move|p2a: Kubo|Protect|p2a: Kubo\n|-singleturn|p2a: Kubo|Protect\n|move|p1a: Empoleon|Scald|p2a: Kubo\n|-activate|p2a: Kubo|move: Protect\n|\n|-heal|p2a: Kubo|58\/100|[from] item: Leftovers\n|upkeep\n|turn|22\n|\n|t:|1700944461\n|move|p2a: Kubo|Scald|p1a: Empoleon\n|-resisted|p1a: Empoleon\n|-damage|p1a: Empoleon|74\/100\n|move|p1a: Empoleon|Scald|p2a: Kubo\n|-activate|p2a: Kubo|move: Substitute|[damage]\n|\n|-heal|p2a: Kubo|64\/100|[from] item: Leftovers\n|-heal|p1a: Empoleon|80\/100|[from] item: Leftovers\n|upkeep\n|turn|23\n|\n|t:|1700944469\n|move|p2a: Kubo|Scald|p1a: Empoleon\n|-resisted|p1a: Empoleon\n|-damage|p1a: Empoleon|52\/100\n|move|p1a: Empoleon|Toxic||[still]\n|-fail|p1a: Empoleon\n|\n|-heal|p2a: Kubo|71\/100|[from] item: Leftovers\n|-heal|p1a: Empoleon|58\/100|[from] item: Leftovers\n|upkeep\n|turn|24\n|\n|t:|1700944474\n|move|p2a: Kubo|Scald|p1a: Empoleon\n|-resisted|p1a: Empoleon\n|-damage|p1a: Empoleon|31\/100\n|move|p1a: Empoleon|Roost|p1a: Empoleon\n|-heal|p1a: Empoleon|81\/100\n|-singleturn|p1a: Empoleon|move: Roost\n|\n|-heal|p2a: Kubo|77\/100|[from] item: Leftovers\n|-heal|p1a: Empoleon|87\/100|[from] item: Leftovers\n|upkeep\n|turn|25\n|\n|t:|1700944486\n|move|p2a: Kubo|Scald|p1a: Empoleon\n|-resisted|p1a: Empoleon\n|-damage|p1a: Empoleon|59\/100\n|move|p1a: Empoleon|Scald|p2a: Kubo\n|-activate|p2a: Kubo|move: Substitute|[damage]\n|\n|-heal|p2a: Kubo|83\/100|[from] item: Leftovers\n|-heal|p1a: Empoleon|65\/100|[from] item: Leftovers\n|upkeep\n|turn|26\n|-message|Better Fuck Chuck forfeited.\n|\n|win|TPD JOHTO\n|raw|Better Fuck Chuck's rating: 1568 &rarr; <strong>1549<\/strong><br \/>(-19 for losing)\n|raw|TPD JOHTO's rating: 1591 &rarr; <strong>1610<\/strong><br \/>(+19 for winning)\n|l|\u2606Better Fuck Chuck\n","uploadtime":1700944506,"views":2,"p1id":"betterfuckchuck","p2id":"tpdjohto","formatid":"gen9nationaldex","rating":1549,"private":0,"password":""}