{"id":"gen9nationaldex-1990812547","p1":"r1pandy","p2":"blujaystorm","format":"[Gen 9] National Dex","log":"|j|\u2606r1pandy\n|j|\u2606blujaystorm\n|t:|1700003374\n|gametype|singles\n|player|p1|r1pandy|102|\n|player|p2|blujaystorm|psychic-gen4|\n|teamsize|p1|6\n|teamsize|p2|6\n|gen|9\n|tier|[Gen 9] National Dex\n|rule|HP Percentage Mod: HP is shown in percentages\n|rule|Endless Battle Clause: Forcing endless battles is banned\n|rule|OHKO Clause: OHKO moves are banned\n|rule|Evasion Clause: Evasion abilities, items, and moves are banned\n|rule|Evasion Abilities Clause: Evasion abilities are banned\n|rule|Evasion Items Clause: Evasion items are banned\n|rule|Evasion Moves Clause: Evasion moves are banned\n|rule|Species Clause: Limit one of each Pok\u00e9mon\n|rule|Sleep Clause Mod: Limit one foe put to sleep\n|clearpoke\n|poke|p1|Gengar, M|\n|poke|p1|Blastoise, F|\n|poke|p1|Hatterene, F|\n|poke|p1|Typhlosion, M|\n|poke|p1|Tinkaton, F|\n|poke|p1|Marowak-Alola, M|\n|poke|p2|Gastrodon, M|\n|poke|p2|Empoleon, F|\n|poke|p2|Mimikyu, M|\n|poke|p2|Glimmora, M|\n|poke|p2|Komala, F|\n|poke|p2|Banette, F|\n|teampreview\n|\n|t:|1700003389\n|start\n|switch|p1a: Marowak|Marowak-Alola, M|100\/100\n|switch|p2a: OoooooBlooooob|Gastrodon, M|100\/100\n|turn|1\n|\n|t:|1700003397\n|move|p1a: Marowak|Stealth Rock|p2a: OoooooBlooooob\n|-sidestart|p2: blujaystorm|move: Stealth Rock\n|move|p2a: OoooooBlooooob|Surf|p1a: Marowak\n|-supereffective|p1a: Marowak\n|-damage|p1a: Marowak|42\/100\n|\n|-heal|p1a: Marowak|48\/100|[from] item: Leftovers\n|upkeep\n|turn|2\n|\n|t:|1700003406\n|switch|p1a: Blastoise|Blastoise, F|100\/100\n|move|p2a: OoooooBlooooob|Surf|p1a: Blastoise\n|-resisted|p1a: Blastoise\n|-damage|p1a: Blastoise|86\/100\n|\n|upkeep\n|turn|3\n|\n|t:|1700003414\n|switch|p2a: Prince of Wails|Empoleon, F|100\/100\n|-damage|p2a: Prince of Wails|94\/100|[from] Stealth Rock\n|move|p1a: Blastoise|Body Press|p2a: Prince of Wails\n|-supereffective|p2a: Prince of Wails\n|-damage|p2a: Prince of Wails|52\/100\n|\n|-heal|p2a: Prince of Wails|59\/100|[from] item: Leftovers\n|upkeep\n|turn|4\n|\n|t:|1700003424\n|move|p1a: Blastoise|Body Press|p2a: Prince of Wails\n|-supereffective|p2a: Prince of Wails\n|-damage|p2a: Prince of Wails|18\/100\n|move|p2a: Prince of Wails|Grass Knot|p1a: Blastoise\n|-supereffective|p1a: Blastoise\n|-damage|p1a: Blastoise|37\/100\n|\n|-heal|p2a: Prince of Wails|24\/100|[from] item: Leftovers\n|upkeep\n|turn|5\n|\n|t:|1700003437\n|switch|p2a: Inky|Mimikyu, M|100\/100\n|-damage|p2a: Inky|88\/100|[from] Stealth Rock\n|move|p1a: Blastoise|Body Press|p2a: Inky\n|-immune|p2a: Inky\n|\n|upkeep\n|turn|6\n|\n|t:|1700003451\n|switch|p1a: Gengar|Gengar, M|100\/100\n|move|p2a: Inky|Trick Room|p2a: Inky\n|-fieldstart|move: Trick Room|[of] p2a: Inky\n|\n|upkeep\n|turn|7\n|\n|t:|1700003464\n|switch|p2a: OoooooBlooooob|Gastrodon, M|100\/100\n|-damage|p2a: OoooooBlooooob|94\/100|[from] Stealth Rock\n|move|p1a: Gengar|Psychic|p2a: OoooooBlooooob\n|-damage|p2a: OoooooBlooooob|76\/100\n|\n|-heal|p2a: OoooooBlooooob|82\/100|[from] item: Leftovers\n|upkeep\n|turn|8\n|\n|t:|1700003476\n|switch|p1a: Typhlosion|Typhlosion, M|100\/100\n|move|p2a: OoooooBlooooob|Earth Power|p1a: Typhlosion\n|-supereffective|p1a: Typhlosion\n|-damage|p1a: Typhlosion|29\/100\n|\n|-heal|p2a: OoooooBlooooob|88\/100|[from] item: Leftovers\n|upkeep\n|turn|9\n|\n|t:|1700003487\n|move|p2a: OoooooBlooooob|Surf|p1a: Typhlosion\n|-supereffective|p1a: Typhlosion\n|-damage|p1a: Typhlosion|0 fnt\n|faint|p1a: Typhlosion\n|\n|-heal|p2a: OoooooBlooooob|94\/100|[from] item: Leftovers\n|upkeep\n|\n|t:|1700003495\n|switch|p1a: Tinkaton|Tinkaton, F|100\/100\n|-ability|p1a: Tinkaton|Mold Breaker\n|turn|10\n|\n|t:|1700003509\n|move|p2a: OoooooBlooooob|Earth Power|p1a: Tinkaton\n|-supereffective|p1a: Tinkaton\n|-damage|p1a: Tinkaton|47\/100\n|-unboost|p1a: Tinkaton|spd|1\n|move|p1a: Tinkaton|Gigaton Hammer|p2a: OoooooBlooooob\n|-resisted|p2a: OoooooBlooooob\n|-damage|p2a: OoooooBlooooob|68\/100\n|\n|-heal|p2a: OoooooBlooooob|74\/100|[from] item: Leftovers\n|-fieldend|move: Trick Room\n|upkeep\n|turn|11\n|\n|t:|1700003524\n|switch|p1a: Gengar|Gengar, M|100\/100\n|move|p2a: OoooooBlooooob|Earth Power|p1a: Gengar\n|-supereffective|p1a: Gengar\n|-damage|p1a: Gengar|20\/100\n|\n|-heal|p1a: Gengar|27\/100|[from] item: Black Sludge\n|-heal|p2a: OoooooBlooooob|81\/100|[from] item: Leftovers\n|upkeep\n|turn|12\n|\n|t:|1700003535\n|move|p1a: Gengar|Curse|p2a: OoooooBlooooob\n|-start|p2a: OoooooBlooooob|Curse|[of] p1a: Gengar\n|-damage|p1a: Gengar|0 fnt\n|faint|p1a: Gengar\n|move|p2a: OoooooBlooooob|Earth Power|p1: Gengar|[notarget]\n|-fail|p2a: OoooooBlooooob\n|\n|-heal|p2a: OoooooBlooooob|87\/100|[from] item: Leftovers\n|-damage|p2a: OoooooBlooooob|62\/100|[from] Curse\n|upkeep\n|\n|t:|1700003548\n|switch|p1a: Blastoise|Blastoise, F|37\/100\n|turn|13\n|\n|t:|1700003556\n|switch|p2a: Clyde|Banette, F|100\/100\n|-damage|p2a: Clyde|88\/100|[from] Stealth Rock\n|move|p1a: Blastoise|Body Press|p2a: Clyde\n|-immune|p2a: Clyde\n|\n|-heal|p2a: Clyde|94\/100|[from] item: Leftovers\n|upkeep\n|turn|14\n|\n|t:|1700003569\n|move|p1a: Blastoise|Hydro Pump|p2a: Clyde\n|-damage|p2a: Clyde|41\/100\n|move|p2a: Clyde|Thunderbolt|p1a: Blastoise\n|-supereffective|p1a: Blastoise\n|-damage|p1a: Blastoise|0 fnt\n|faint|p1a: Blastoise\n|\n|-heal|p2a: Clyde|47\/100|[from] item: Leftovers\n|upkeep\n|\n|t:|1700003579\n|switch|p1a: Hatterene|Hatterene, F|100\/100\n|turn|15\n|\n|t:|1700003584\n|move|p2a: Clyde|Curse|p1a: Hatterene\n|-start|p1a: Hatterene|Curse|[of] p2a: Clyde\n|-damage|p2a: Clyde|0 fnt\n|faint|p2a: Clyde\n|move|p1a: Hatterene|Draining Kiss|p2: Clyde|[notarget]\n|-fail|p1a: Hatterene\n|\n|-damage|p1a: Hatterene|76\/100|[from] Curse\n|upkeep\n|\n|t:|1700003597\n|switch|p2a: OoooooBlooooob|Gastrodon, M|62\/100\n|-damage|p2a: OoooooBlooooob|56\/100|[from] Stealth Rock\n|turn|16\n|\n|t:|1700003602\n|move|p2a: OoooooBlooooob|Sludge Bomb|p1a: Hatterene\n|-supereffective|p1a: Hatterene\n|-damage|p1a: Hatterene|29\/100\n|move|p1a: Hatterene|Giga Drain|p2a: OoooooBlooooob\n|-supereffective|p2a: OoooooBlooooob\n|-damage|p2a: OoooooBlooooob|0 fnt\n|-heal|p1a: Hatterene|72\/100|[from] drain|[of] p2a: OoooooBlooooob\n|faint|p2a: OoooooBlooooob\n|\n|-damage|p1a: Hatterene|47\/100|[from] Curse\n|upkeep\n|\n|t:|1700003614\n|switch|p2a: Bella Donna|Glimmora, M|100\/100\n|-damage|p2a: Bella Donna|88\/100|[from] Stealth Rock\n|turn|17\n|\n|t:|1700003625\n|move|p2a: Bella Donna|Venoshock|p1a: Hatterene\n|-supereffective|p1a: Hatterene\n|-damage|p1a: Hatterene|0 fnt\n|faint|p1a: Hatterene\n|\n|-heal|p2a: Bella Donna|94\/100|[from] item: Leftovers\n|upkeep\n|\n|t:|1700003632\n|switch|p1a: Marowak|Marowak-Alola, M|48\/100\n|turn|18\n|\n|t:|1700003641\n|move|p2a: Bella Donna|Earth Power|p1a: Marowak\n|-supereffective|p1a: Marowak\n|-damage|p1a: Marowak|0 fnt\n|faint|p1a: Marowak\n|\n|-heal|p2a: Bella Donna|100\/100|[from] item: Leftovers\n|upkeep\n|\n|t:|1700003647\n|switch|p1a: Tinkaton|Tinkaton, F|47\/100\n|-ability|p1a: Tinkaton|Mold Breaker\n|turn|19\n|\n|t:|1700003656\n|move|p1a: Tinkaton|Play Rough|p2a: Bella Donna\n|-resisted|p2a: Bella Donna\n|-damage|p2a: Bella Donna|86\/100\n|move|p2a: Bella Donna|Earth Power|p1a: Tinkaton\n|-supereffective|p1a: Tinkaton\n|-damage|p1a: Tinkaton|2\/100\n|\n|-heal|p2a: Bella Donna|92\/100|[from] item: Leftovers\n|upkeep\n|turn|20\n|\n|t:|1700003665\n|move|p1a: Tinkaton|Draining Kiss|p2a: Bella Donna\n|-resisted|p2a: Bella Donna\n|-damage|p2a: Bella Donna|85\/100\n|-heal|p1a: Tinkaton|7\/100|[from] drain|[of] p2a: Bella Donna\n|move|p2a: Bella Donna|Earth Power|p1a: Tinkaton\n|-supereffective|p1a: Tinkaton\n|-damage|p1a: Tinkaton|0 fnt\n|faint|p1a: Tinkaton\n|\n|win|blujaystorm\n|c|\u2606blujaystorm|gg!\n|l|\u2606r1pandy\n","uploadtime":1700003684,"views":65,"p1id":"r1pandy","p2id":"blujaystorm","formatid":"gen9nationaldex","rating":0,"private":0,"password":""}