{"id":"gen9nationaldex-1993248570","p1":"lokksow","p2":"Aygay","format":"[Gen 9] National Dex","log":"|j|\u2606lokksow\n|j|\u2606Aygay\n|t:|1700283974\n|gametype|singles\n|player|p1|lokksow|cynthia|1346\n|player|p2|Aygay|169|1455\n|teamsize|p1|6\n|teamsize|p2|6\n|gen|9\n|tier|[Gen 9] National Dex\n|rated|\n|rule|HP Percentage Mod: HP is shown in percentages\n|rule|Endless Battle Clause: Forcing endless battles is banned\n|rule|OHKO Clause: OHKO moves are banned\n|rule|Evasion Clause: Evasion abilities, items, and moves are banned\n|rule|Evasion Abilities Clause: Evasion abilities are banned\n|rule|Evasion Items Clause: Evasion items are banned\n|rule|Evasion Moves Clause: Evasion moves are banned\n|rule|Species Clause: Limit one of each Pok\u00e9mon\n|rule|Sleep Clause Mod: Limit one foe put to sleep\n|clearpoke\n|poke|p1|Pelipper, F|\n|poke|p1|Swampert, M|\n|poke|p1|Basculegion, M|\n|poke|p1|Great Tusk|\n|poke|p1|Ferrothorn, M|\n|poke|p1|Zapdos|\n|poke|p2|Pelipper, M|\n|poke|p2|Ogerpon-Wellspring, F|\n|poke|p2|Hatterene, F|\n|poke|p2|Greninja-*, M|\n|poke|p2|Scizor, M|\n|poke|p2|Salamence, F|\n|teampreview\n|\n|t:|1700283983\n|start\n|switch|p1a: \u559c\u6b22\u6c34\u6d41\u8fde\u6253\u662f\u5427|Zapdos|100\/100\n|switch|p2a: Salamence|Salamence, F|100\/100\n|-ability|p2a: Salamence|Intimidate|boost\n|-unboost|p1a: \u559c\u6b22\u6c34\u6d41\u8fde\u6253\u662f\u5427|atk|1\n|turn|1\n|\n|t:|1700283988\n|-zpower|p2a: Salamence\n|move|p2a: Salamence|Devastating Drake|p1a: \u559c\u6b22\u6c34\u6d41\u8fde\u6253\u662f\u5427|[zeffect]\n|-damage|p1a: \u559c\u6b22\u6c34\u6d41\u8fde\u6253\u662f\u5427|11\/100\n|move|p1a: \u559c\u6b22\u6c34\u6d41\u8fde\u6253\u662f\u5427|Thunder|p2a: Salamence\n|-damage|p2a: Salamence|35\/100\n|-status|p2a: Salamence|par\n|\n|upkeep\n|turn|2\n|inactive|Battle timer is ON: inactive players will automatically lose when time's up. (requested by lokksow)\n|c|\u2606Aygay|6\n|\n|t:|1700284010\n|move|p1a: \u559c\u6b22\u6c34\u6d41\u8fde\u6253\u662f\u5427|Volt Switch|p2a: Salamence\n|-damage|p2a: Salamence|0 fnt\n|faint|p2a: Salamence\n|\n|t:|1700284016\n|switch|p1a: mega\u539f\u59cb\u76d6\u6b27\u5361|Pelipper, F, shiny|100\/100|[from] Volt Switch\n|-weather|RainDance|[from] ability: Drizzle|[of] p1a: mega\u539f\u59cb\u76d6\u6b27\u5361\n|\n|-weather|RainDance|[upkeep]\n|upkeep\n|\n|t:|1700284030\n|switch|p2a: Greninja|Greninja, M|100\/100\n|turn|3\n|\n|t:|1700284038\n|move|p2a: Greninja|Ice Beam|p1a: mega\u539f\u59cb\u76d6\u6b27\u5361\n|-damage|p1a: mega\u539f\u59cb\u76d6\u6b27\u5361|59\/100\n|move|p1a: mega\u539f\u59cb\u76d6\u6b27\u5361|Weather Ball|p2a: Greninja\n|-resisted|p2a: Greninja\n|-damage|p2a: Greninja|61\/100\n|\n|-weather|RainDance|[upkeep]\n|upkeep\n|turn|4\n|\n|t:|1700284045\n|move|p2a: Greninja|Dark Pulse|p1a: mega\u539f\u59cb\u76d6\u6b27\u5361\n|-damage|p1a: mega\u539f\u59cb\u76d6\u6b27\u5361|7\/100\n|move|p1a: mega\u539f\u59cb\u76d6\u6b27\u5361|U-turn|p2a: Greninja\n|-supereffective|p2a: Greninja\n|-damage|p2a: Greninja|31\/100\n|\n|t:|1700284052\n|switch|p1a: \u5443\u554a\uff0c\u5403\u6211\u81c2\u9524|Swampert, M, shiny|100\/100|[from] U-turn\n|\n|-weather|RainDance|[upkeep]\n|upkeep\n|turn|5\n|\n|t:|1700284065\n|switch|p2a: Hatterene|Hatterene, F|100\/100\n|detailschange|p1a: \u5443\u554a\uff0c\u5403\u6211\u81c2\u9524|Swampert-Mega, M, shiny\n|-mega|p1a: \u5443\u554a\uff0c\u5403\u6211\u81c2\u9524|Swampert|Swampertite\n|move|p1a: \u5443\u554a\uff0c\u5403\u6211\u81c2\u9524|Earthquake|p2a: Hatterene\n|-damage|p2a: Hatterene|30\/100\n|\n|-weather|RainDance|[upkeep]\n|-heal|p2a: Hatterene|36\/100|[from] item: Leftovers\n|upkeep\n|turn|6\n|\n|t:|1700284077\n|switch|p2a: Ogerpon|Ogerpon-Wellspring, F|100\/100\n|move|p1a: \u5443\u554a\uff0c\u5403\u6211\u81c2\u9524|Waterfall|p2a: Ogerpon\n|-immune|p2a: Ogerpon|[from] ability: Water Absorb\n|\n|-weather|RainDance|[upkeep]\n|upkeep\n|turn|7\n|\n|t:|1700284087\n|switch|p1a: \u810fb|Ferrothorn, M|100\/100\n|move|p2a: Ogerpon|Swords Dance|p2a: Ogerpon\n|-boost|p2a: Ogerpon|atk|2\n|\n|-weather|RainDance|[upkeep]\n|upkeep\n|turn|8\n|\n|t:|1700284094\n|move|p2a: Ogerpon|Taunt|p1a: \u810fb\n|-start|p1a: \u810fb|move: Taunt\n|cant|p1a: \u810fb|move: Taunt|Leech Seed\n|\n|-weather|RainDance|[upkeep]\n|upkeep\n|turn|9\n|\n|t:|1700284100\n|move|p2a: Ogerpon|Swords Dance|p2a: Ogerpon\n|-boost|p2a: Ogerpon|atk|2\n|move|p1a: \u810fb|Knock Off|p2a: Ogerpon\n|-damage|p2a: Ogerpon|81\/100\n|\n|-weather|none\n|upkeep\n|turn|10\n|\n|t:|1700284106\n|move|p2a: Ogerpon|Swords Dance|p2a: Ogerpon\n|-boost|p2a: Ogerpon|atk|2\n|move|p1a: \u810fb|Knock Off|p2a: Ogerpon\n|-damage|p2a: Ogerpon|63\/100\n|\n|-end|p1a: \u810fb|move: Taunt\n|upkeep\n|turn|11\n|\n|t:|1700284113\n|move|p1a: \u810fb|Protect|p1a: \u810fb\n|-singleturn|p1a: \u810fb|Protect\n|move|p2a: Ogerpon|Taunt|p1a: \u810fb\n|-activate|p1a: \u810fb|move: Protect\n|\n|upkeep\n|turn|12\n|\n|t:|1700284123\n|move|p2a: Ogerpon|Horn Leech|p1a: \u810fb\n|-resisted|p1a: \u810fb\n|-damage|p1a: \u810fb|67\/100\n|-heal|p2a: Ogerpon|83\/100|[from] drain|[of] p1a: \u810fb\n|-damage|p2a: Ogerpon|71\/100|[from] ability: Iron Barbs|[of] p1a: \u810fb\n|move|p1a: \u810fb|Knock Off|p2a: Ogerpon\n|-damage|p2a: Ogerpon|53\/100\n|\n|-heal|p1a: \u810fb|73\/100|[from] item: Leftovers\n|upkeep\n|turn|13\n|\n|t:|1700284131\n|move|p2a: Ogerpon|Taunt|p1a: \u810fb\n|-start|p1a: \u810fb|move: Taunt\n|move|p1a: \u810fb|Knock Off|p2a: Ogerpon\n|-damage|p2a: Ogerpon|35\/100\n|\n|-heal|p1a: \u810fb|79\/100|[from] item: Leftovers\n|upkeep\n|turn|14\n|\n|t:|1700284146\n|move|p2a: Ogerpon|Horn Leech|p1a: \u810fb\n|-resisted|p1a: \u810fb\n|-damage|p1a: \u810fb|48\/100\n|-heal|p2a: Ogerpon|53\/100|[from] drain|[of] p1a: \u810fb\n|-damage|p2a: Ogerpon|41\/100|[from] ability: Iron Barbs|[of] p1a: \u810fb\n|move|p1a: \u810fb|Knock Off|p2a: Ogerpon\n|-damage|p2a: Ogerpon|23\/100\n|\n|-heal|p1a: \u810fb|54\/100|[from] item: Leftovers\n|upkeep\n|turn|15\n|\n|t:|1700284154\n|move|p2a: Ogerpon|Ivy Cudgel|p1a: \u810fb|[anim] Ivy Cudgel Water\n|-resisted|p1a: \u810fb\n|-damage|p1a: \u810fb|0 fnt\n|faint|p1a: \u810fb\n|\n|upkeep\n|\n|t:|1700284165\n|switch|p1a: mega\u539f\u59cb\u76d6\u6b27\u5361|Pelipper, F, shiny|7\/100\n|-weather|RainDance|[from] ability: Drizzle|[of] p1a: mega\u539f\u59cb\u76d6\u6b27\u5361\n|turn|16\n|\n|t:|1700284168\n|move|p2a: Ogerpon|Horn Leech|p1a: mega\u539f\u59cb\u76d6\u6b27\u5361\n|-damage|p1a: mega\u539f\u59cb\u76d6\u6b27\u5361|0 fnt\n|-heal|p2a: Ogerpon|27\/100|[from] drain|[of] p1a: mega\u539f\u59cb\u76d6\u6b27\u5361\n|faint|p1a: mega\u539f\u59cb\u76d6\u6b27\u5361\n|\n|-weather|RainDance|[upkeep]\n|upkeep\n|\n|t:|1700284171\n|switch|p1a: \u754c\u5f90\u76db|Basculegion, M, shiny|100\/100\n|turn|17\n|\n|t:|1700284190\n|switch|p2a: Hatterene|Hatterene, F|36\/100\n|move|p1a: \u754c\u5f90\u76db|Phantom Force||[still]\n|-prepare|p1a: \u754c\u5f90\u76db|Phantom Force\n|\n|-weather|RainDance|[upkeep]\n|-heal|p2a: Hatterene|42\/100|[from] item: Leftovers\n|upkeep\n|turn|18\n|\n|t:|1700284201\n|move|p1a: \u754c\u5f90\u76db|Phantom Force|p2a: Hatterene|[from]lockedmove\n|-supereffective|p2a: Hatterene\n|-damage|p2a: Hatterene|0 fnt\n|faint|p2a: Hatterene\n|\n|-weather|RainDance|[upkeep]\n|upkeep\n|\n|t:|1700284204\n|switch|p2a: Scizor|Scizor, M|100\/100\n|turn|19\n|\n|t:|1700284209\n|-activate|p1a: \u754c\u5f90\u76db|move: Pursuit\n|detailschange|p2a: Scizor|Scizor-Mega, M\n|-mega|p2a: Scizor|Scizor|Scizorite\n|move|p2a: Scizor|Pursuit|p1a: \u754c\u5f90\u76db|[from]Pursuit\n|-supereffective|p1a: \u754c\u5f90\u76db\n|-damage|p1a: \u754c\u5f90\u76db|15\/100\n|switch|p1a: \u559c\u6b22\u6c34\u6d41\u8fde\u6253\u662f\u5427|Zapdos|11\/100\n|\n|-weather|RainDance|[upkeep]\n|upkeep\n|turn|20\n|\n|t:|1700284219\n|move|p2a: Scizor|Bullet Punch|p1a: \u559c\u6b22\u6c34\u6d41\u8fde\u6253\u662f\u5427\n|-resisted|p1a: \u559c\u6b22\u6c34\u6d41\u8fde\u6253\u662f\u5427\n|-damage|p1a: \u559c\u6b22\u6c34\u6d41\u8fde\u6253\u662f\u5427|0 fnt\n|faint|p1a: \u559c\u6b22\u6c34\u6d41\u8fde\u6253\u662f\u5427\n|\n|-weather|RainDance|[upkeep]\n|upkeep\n|\n|t:|1700284223\n|switch|p1a: \u5443\u554a\uff0c\u5403\u6211\u81c2\u9524|Swampert-Mega, M, shiny|100\/100\n|turn|21\n|\n|t:|1700284239\n|switch|p2a: Ogerpon|Ogerpon-Wellspring, F|27\/100\n|move|p1a: \u5443\u554a\uff0c\u5403\u6211\u81c2\u9524|Earthquake|p2a: Ogerpon\n|-resisted|p2a: Ogerpon\n|-damage|p2a: Ogerpon|0 fnt\n|faint|p2a: Ogerpon\n|\n|-weather|RainDance|[upkeep]\n|upkeep\n|\n|t:|1700284247\n|switch|p2a: Pelipper|Pelipper, M|100\/100\n|turn|22\n|\n|t:|1700284251\n|move|p1a: \u5443\u554a\uff0c\u5403\u6211\u81c2\u9524|Waterfall|p2a: Pelipper\n|-resisted|p2a: Pelipper\n|-damage|p2a: Pelipper|72\/100\n|move|p2a: Pelipper|Scald|p1a: \u5443\u554a\uff0c\u5403\u6211\u81c2\u9524\n|-damage|p1a: \u5443\u554a\uff0c\u5403\u6211\u81c2\u9524|64\/100\n|\n|-weather|RainDance|[upkeep]\n|upkeep\n|turn|23\n|\n|t:|1700284257\n|move|p1a: \u5443\u554a\uff0c\u5403\u6211\u81c2\u9524|Ice Punch|p2a: Pelipper\n|-damage|p2a: Pelipper|46\/100\n|move|p2a: Pelipper|Scald|p1a: \u5443\u554a\uff0c\u5403\u6211\u81c2\u9524\n|-damage|p1a: \u5443\u554a\uff0c\u5403\u6211\u81c2\u9524|27\/100\n|-status|p1a: \u5443\u554a\uff0c\u5403\u6211\u81c2\u9524|brn\n|\n|-weather|none\n|-damage|p1a: \u5443\u554a\uff0c\u5403\u6211\u81c2\u9524|21\/100 brn|[from] brn\n|upkeep\n|turn|24\n|\n|t:|1700284265\n|move|p1a: \u5443\u554a\uff0c\u5403\u6211\u81c2\u9524|Flip Turn|p2a: Pelipper\n|-resisted|p2a: Pelipper\n|-damage|p2a: Pelipper|39\/100\n|\n|t:|1700284269\n|switch|p1a: \u5927\u5c06\u6ca1\u4e86\u4f60\u6211\u600e\u4e48\u6d3b\u554a|Great Tusk|100\/100|[from] Flip Turn\n|move|p2a: Pelipper|Roost|p2a: Pelipper\n|-heal|p2a: Pelipper|89\/100\n|-singleturn|p2a: Pelipper|move: Roost\n|\n|upkeep\n|turn|25\n|\n|t:|1700284273\n|move|p1a: \u5927\u5c06\u6ca1\u4e86\u4f60\u6211\u600e\u4e48\u6d3b\u554a|Head Smash|p2a: Pelipper\n|-supereffective|p2a: Pelipper\n|-damage|p2a: Pelipper|8\/100\n|-damage|p1a: \u5927\u5c06\u6ca1\u4e86\u4f60\u6211\u600e\u4e48\u6d3b\u554a|67\/100|[from] Recoil\n|move|p2a: Pelipper|Scald|p1a: \u5927\u5c06\u6ca1\u4e86\u4f60\u6211\u600e\u4e48\u6d3b\u554a\n|-supereffective|p1a: \u5927\u5c06\u6ca1\u4e86\u4f60\u6211\u600e\u4e48\u6d3b\u554a\n|-damage|p1a: \u5927\u5c06\u6ca1\u4e86\u4f60\u6211\u600e\u4e48\u6d3b\u554a|0 fnt\n|faint|p1a: \u5927\u5c06\u6ca1\u4e86\u4f60\u6211\u600e\u4e48\u6d3b\u554a\n|-end|p1a: \u5927\u5c06\u6ca1\u4e86\u4f60\u6211\u600e\u4e48\u6d3b\u554a|Protosynthesis|[silent]\n|\n|upkeep\n|\n|t:|1700284278\n|switch|p1a: \u5443\u554a\uff0c\u5403\u6211\u81c2\u9524|Swampert-Mega, M, shiny|21\/100 brn\n|turn|26\n|\n|t:|1700284282\n|move|p1a: \u5443\u554a\uff0c\u5403\u6211\u81c2\u9524|Earthquake|p2a: Pelipper\n|-immune|p2a: Pelipper\n|move|p2a: Pelipper|Roost|p2a: Pelipper\n|-heal|p2a: Pelipper|58\/100\n|-singleturn|p2a: Pelipper|move: Roost\n|\n|-damage|p1a: \u5443\u554a\uff0c\u5403\u6211\u81c2\u9524|15\/100 brn|[from] brn\n|upkeep\n|turn|27\n|\n|t:|1700284286\n|move|p1a: \u5443\u554a\uff0c\u5403\u6211\u81c2\u9524|Waterfall|p2a: Pelipper\n|-resisted|p2a: Pelipper\n|-damage|p2a: Pelipper|49\/100\n|move|p2a: Pelipper|Roost|p2a: Pelipper\n|-heal|p2a: Pelipper|99\/100\n|-singleturn|p2a: Pelipper|move: Roost\n|\n|-damage|p1a: \u5443\u554a\uff0c\u5403\u6211\u81c2\u9524|9\/100 brn|[from] brn\n|upkeep\n|turn|28\n|\n|t:|1700284292\n|move|p1a: \u5443\u554a\uff0c\u5403\u6211\u81c2\u9524|Ice Punch|p2a: Pelipper\n|-damage|p2a: Pelipper|88\/100\n|move|p2a: Pelipper|Scald|p1a: \u5443\u554a\uff0c\u5403\u6211\u81c2\u9524\n|-damage|p1a: \u5443\u554a\uff0c\u5403\u6211\u81c2\u9524|0 fnt\n|faint|p1a: \u5443\u554a\uff0c\u5403\u6211\u81c2\u9524\n|\n|upkeep\n|\n|t:|1700284294\n|switch|p1a: \u754c\u5f90\u76db|Basculegion, M, shiny|15\/100\n|turn|29\n|\n|t:|1700284298\n|-terastallize|p1a: \u754c\u5f90\u76db|Water\n|move|p1a: \u754c\u5f90\u76db|Wave Crash|p2a: Pelipper\n|-resisted|p2a: Pelipper\n|-damage|p2a: Pelipper|37\/100\n|-damage|p1a: \u754c\u5f90\u76db|1\/100|[from] Recoil\n|move|p2a: Pelipper|Scald|p1a: \u754c\u5f90\u76db\n|-resisted|p1a: \u754c\u5f90\u76db\n|-damage|p1a: \u754c\u5f90\u76db|0 fnt\n|faint|p1a: \u754c\u5f90\u76db\n|\n|win|Aygay\n|raw|lokksow's rating: 1346 &rarr; <strong>1332<\/strong><br \/>(-14 for losing)\n|raw|Aygay's rating: 1455 &rarr; <strong>1469<\/strong><br \/>(+14 for winning)\n|l|\u2606lokksow\n","uploadtime":1700284314,"views":17,"p1id":"lokksow","p2id":"aygay","formatid":"gen9nationaldex","rating":1332,"private":0,"password":""}