{"id":"gen9nationaldex-1993286344","p1":"DreamFreedom","p2":"Julz0102","format":"[Gen 9] National Dex","log":"|j|\u2606DreamFreedom\n|j|\u2606Julz0102\n|t:|1700290565\n|gametype|singles\n|player|p1|DreamFreedom|bianca|1629\n|player|p2|Julz0102|265|1591\n|teamsize|p1|6\n|teamsize|p2|6\n|gen|9\n|tier|[Gen 9] National Dex\n|rated|\n|rule|HP Percentage Mod: HP is shown in percentages\n|rule|Endless Battle Clause: Forcing endless battles is banned\n|rule|OHKO Clause: OHKO moves are banned\n|rule|Evasion Clause: Evasion abilities, items, and moves are banned\n|rule|Evasion Abilities Clause: Evasion abilities are banned\n|rule|Evasion Items Clause: Evasion items are banned\n|rule|Evasion Moves Clause: Evasion moves are banned\n|rule|Species Clause: Limit one of each Pok\u00e9mon\n|rule|Sleep Clause Mod: Limit one foe put to sleep\n|clearpoke\n|poke|p1|Kyurem|\n|poke|p1|Moltres|\n|poke|p1|Garchomp, M|\n|poke|p1|Tapu Lele|\n|poke|p1|Sneasler, F|\n|poke|p1|Ogerpon-Wellspring, F|\n|poke|p2|Tapu Lele|\n|poke|p2|Alakazam, F|\n|poke|p2|Victini|\n|poke|p2|Banette, M|\n|poke|p2|Sneasler, F|\n|poke|p2|Mew|\n|teampreview\n|inactive|Battle timer is ON: inactive players will automatically lose when time's up. (requested by DreamFreedom)\n|inactive|Julz0102 has 120 seconds left.\n|\n|t:|1700290632\n|start\n|switch|p1a: Garchomp|Garchomp, M|100\/100\n|switch|p2a: Banette|Banette, M|100\/100\n|turn|1\n|\n|t:|1700290644\n|detailschange|p2a: Banette|Banette-Mega, M\n|-mega|p2a: Banette|Banette|Banettite\n|move|p2a: Banette|Taunt|p1a: Garchomp\n|-start|p1a: Garchomp|move: Taunt\n|cant|p1a: Garchomp|move: Taunt|Toxic\n|\n|upkeep\n|turn|2\n|\n|t:|1700290650\n|move|p2a: Banette|Destiny Bond|p2a: Banette\n|-singlemove|p2a: Banette|Destiny Bond\n|move|p1a: Garchomp|Dragon Tail|p2a: Banette\n|-damage|p2a: Banette|69\/100\n|drag|p2a: Alakazam|Alakazam, F|100\/100\n|\n|upkeep\n|turn|3\n|\n|t:|1700290659\n|switch|p2a: Tapu Lele|Tapu Lele|100\/100\n|-fieldstart|move: Psychic Terrain|[from] ability: Psychic Surge|[of] p2a: Tapu Lele\n|move|p1a: Garchomp|Earthquake|p2a: Tapu Lele\n|-damage|p2a: Tapu Lele|32\/100\n|\n|-end|p1a: Garchomp|move: Taunt\n|upkeep\n|turn|4\n|\n|t:|1700290668\n|switch|p1a: Moltres|Moltres|100\/100\n|move|p2a: Tapu Lele|Moonblast|p1a: Moltres\n|-resisted|p1a: Moltres\n|-damage|p1a: Moltres|75\/100\n|\n|upkeep\n|turn|5\n|\n|t:|1700290678\n|switch|p2a: Banette|Banette-Mega, M|69\/100\n|move|p1a: Moltres|U-turn|p2a: Banette\n|-resisted|p2a: Banette\n|-damage|p2a: Banette|59\/100\n|\n|t:|1700290683\n|switch|p1a: Garchomp|Garchomp, M|100\/100|[from] U-turn\n|\n|upkeep\n|turn|6\n|\n|t:|1700290690\n|move|p2a: Banette|Taunt|p1a: Garchomp\n|-activate|p1a: Garchomp|move: Psychic Terrain\n|move|p1a: Garchomp|Stealth Rock|p2a: Banette\n|-sidestart|p2: Julz0102|move: Stealth Rock\n|\n|upkeep\n|turn|7\n|\n|t:|1700290697\n|move|p2a: Banette|Destiny Bond|p2a: Banette\n|-singlemove|p2a: Banette|Destiny Bond\n|move|p1a: Garchomp|Toxic|p2a: Banette\n|-status|p2a: Banette|tox\n|\n|-damage|p2a: Banette|53\/100 tox|[from] psn\n|upkeep\n|turn|8\n|\n|t:|1700290703\n|move|p2a: Banette|Poltergeist|p1a: Garchomp\n|-activate|p1a: Garchomp|move: Poltergeist|Rocky Helmet\n|-damage|p1a: Garchomp|68\/100\n|move|p1a: Garchomp|Dragon Tail|p2a: Banette|[miss]\n|-miss|p1a: Garchomp|p2a: Banette\n|\n|-damage|p2a: Banette|41\/100 tox|[from] psn\n|upkeep\n|turn|9\n|\n|t:|1700290717\n|move|p2a: Banette|Destiny Bond|p2a: Banette\n|-singlemove|p2a: Banette|Destiny Bond\n|move|p1a: Garchomp|Dragon Tail|p2a: Banette\n|-damage|p2a: Banette|6\/100 tox\n|drag|p2a: Alakazam|Alakazam, F|100\/100\n|\n|upkeep\n|turn|10\n|\n|t:|1700290724\n|move|p2a: Alakazam|Expanding Force|p1a: Garchomp\n|-crit|p1a: Garchomp\n|-damage|p1a: Garchomp|0 fnt\n|faint|p1a: Garchomp\n|\n|-fieldend|move: Psychic Terrain\n|upkeep\n|\n|t:|1700290735\n|switch|p1a: Kyurem|Kyurem|100\/100\n|-ability|p1a: Kyurem|Pressure\n|turn|11\n|\n|t:|1700290743\n|switch|p2a: Banette|Banette-Mega, M|6\/100 tox\n|-damage|p2a: Banette|0 fnt|[from] Stealth Rock\n|faint|p2a: Banette\n|move|p1a: Kyurem|Freeze-Dry|p2: Banette|[notarget]\n|-fail|p1a: Kyurem\n|\n|upkeep\n|\n|t:|1700290751\n|switch|p2a: Tapu Lele|Tapu Lele|32\/100\n|-damage|p2a: Tapu Lele|19\/100|[from] Stealth Rock\n|-fieldstart|move: Psychic Terrain|[from] ability: Psychic Surge|[of] p2a: Tapu Lele\n|turn|12\n|\n|t:|1700290757\n|switch|p1a: Moltres|Moltres|75\/100\n|move|p2a: Tapu Lele|Moonblast|p1a: Moltres\n|-resisted|p1a: Moltres\n|-damage|p1a: Moltres|50\/100\n|\n|upkeep\n|turn|13\n|\n|t:|1700290763\n|move|p2a: Tapu Lele|Psychic|p1a: Moltres\n|-damage|p1a: Moltres|0 fnt\n|faint|p1a: Moltres\n|\n|upkeep\n|\n|t:|1700290767\n|switch|p1a: Ogerpon|Ogerpon-Wellspring, F|100\/100\n|turn|14\n|\n|t:|1700290773\n|move|p1a: Ogerpon|U-turn|p2a: Tapu Lele\n|-crit|p2a: Tapu Lele\n|-damage|p2a: Tapu Lele|0 fnt\n|faint|p2a: Tapu Lele\n|\n|t:|1700290778\n|switch|p1a: Kyurem|Kyurem|100\/100|[from] U-turn\n|-ability|p1a: Kyurem|Pressure\n|\n|upkeep\n|\n|t:|1700290790\n|switch|p2a: Victini|Victini|100\/100\n|-damage|p2a: Victini|76\/100|[from] Stealth Rock\n|turn|15\n|\n|t:|1700290797\n|-zpower|p2a: Victini\n|move|p2a: Victini|Z-Celebrate|p2a: Victini|[anim]Celebrate\n|-boost|p2a: Victini|atk|1|[zeffect]\n|-boost|p2a: Victini|def|1|[zeffect]\n|-boost|p2a: Victini|spa|1|[zeffect]\n|-boost|p2a: Victini|spd|1|[zeffect]\n|-boost|p2a: Victini|spe|1|[zeffect]\n|-activate|p2a: Victini|move: Celebrate\n|move|p1a: Kyurem|Earth Power|p2a: Victini\n|-supereffective|p2a: Victini\n|-damage|p2a: Victini|19\/100\n|-unboost|p2a: Victini|spd|1\n|-damage|p1a: Kyurem|91\/100|[from] item: Life Orb\n|\n|upkeep\n|turn|16\n|\n|t:|1700290810\n|switch|p1a: Tapu Lele|Tapu Lele|100\/100\n|move|p2a: Victini|Stored Power|p1a: Tapu Lele\n|-resisted|p1a: Tapu Lele\n|-damage|p1a: Tapu Lele|52\/100\n|\n|upkeep\n|turn|17\n|\n|t:|1700290817\n|switch|p1a: Kyurem|Kyurem|91\/100\n|-ability|p1a: Kyurem|Pressure\n|move|p2a: Victini|V-create|p1a: Kyurem\n|-damage|p1a: Kyurem|10\/100\n|-unboost|p2a: Victini|spe|1\n|-unboost|p2a: Victini|def|1\n|-unboost|p2a: Victini|spd|1\n|\n|upkeep\n|turn|18\n|\n|t:|1700290828\n|move|p2a: Victini|Stored Power|p1a: Kyurem\n|-damage|p1a: Kyurem|0 fnt\n|faint|p1a: Kyurem\n|\n|upkeep\n|\n|t:|1700290832\n|switch|p1a: Sneasler|Sneasler, F|100\/100\n|-enditem|p1a: Sneasler|Psychic Seed\n|-boost|p1a: Sneasler|spd|1|[from] item: Psychic Seed\n|turn|19\n|\n|t:|1700290838\n|move|p1a: Sneasler|Dire Claw|p2a: Victini\n|-damage|p2a: Victini|0 fnt\n|faint|p2a: Victini\n|\n|-fieldend|move: Psychic Terrain\n|upkeep\n|\n|t:|1700290847\n|switch|p2a: Alakazam|Alakazam, F|100\/100\n|turn|20\n|\n|t:|1700290852\n|-terastallize|p1a: Sneasler|Flying\n|move|p1a: Sneasler|Acrobatics|p2a: Alakazam\n|-enditem|p2a: Alakazam|Focus Sash\n|-damage|p2a: Alakazam|1\/100\n|move|p2a: Alakazam|Psychic|p1a: Sneasler\n|-damage|p1a: Sneasler|55\/100\n|\n|upkeep\n|turn|21\n|\n|t:|1700290861\n|move|p1a: Sneasler|Acrobatics|p2a: Alakazam\n|-damage|p2a: Alakazam|0 fnt\n|faint|p2a: Alakazam\n|\n|upkeep\n|\n|t:|1700290870\n|switch|p2a: Mew|Mew|100\/100\n|-damage|p2a: Mew|88\/100|[from] Stealth Rock\n|turn|22\n|\n|t:|1700290878\n|-terastallize|p2a: Mew|Poison\n|move|p1a: Sneasler|Acrobatics|p2a: Mew\n|-damage|p2a: Mew|51\/100\n|move|p2a: Mew|Cosmic Power|p2a: Mew\n|-boost|p2a: Mew|def|1\n|-boost|p2a: Mew|spd|1\n|\n|upkeep\n|turn|23\n|\n|t:|1700290885\n|move|p1a: Sneasler|Swords Dance|p1a: Sneasler\n|-boost|p1a: Sneasler|atk|2\n|move|p2a: Mew|Roost|p2a: Mew\n|-heal|p2a: Mew|100\/100\n|\n|upkeep\n|turn|24\n|\n|t:|1700290892\n|move|p1a: Sneasler|Swords Dance|p1a: Sneasler\n|-boost|p1a: Sneasler|atk|2\n|move|p2a: Mew|Cosmic Power|p2a: Mew\n|-boost|p2a: Mew|def|1\n|-boost|p2a: Mew|spd|1\n|\n|upkeep\n|turn|25\n|\n|t:|1700290901\n|move|p1a: Sneasler|Acrobatics|p2a: Mew\n|-damage|p2a: Mew|51\/100\n|move|p2a: Mew|Cosmic Power|p2a: Mew\n|-boost|p2a: Mew|def|1\n|-boost|p2a: Mew|spd|1\n|\n|upkeep\n|turn|26\n|\n|t:|1700290908\n|move|p1a: Sneasler|Swords Dance|p1a: Sneasler\n|-boost|p1a: Sneasler|atk|2\n|move|p2a: Mew|Roost|p2a: Mew\n|-heal|p2a: Mew|100\/100\n|\n|upkeep\n|turn|27\n|\n|t:|1700290934\n|move|p1a: Sneasler|Acrobatics|p2a: Mew\n|-damage|p2a: Mew|48\/100\n|move|p2a: Mew|Stored Power|p1a: Sneasler\n|-damage|p1a: Sneasler|14\/100\n|\n|upkeep\n|turn|28\n|\n|t:|1700290946\n|move|p1a: Sneasler|Acrobatics|p2a: Mew\n|-damage|p2a: Mew|0 fnt\n|faint|p2a: Mew\n|\n|upkeep\n|-message|Julz0102 forfeited.\n|\n|win|DreamFreedom\n|raw|DreamFreedom's rating: 1629 &rarr; <strong>1647<\/strong><br \/>(+18 for winning)\n|raw|Julz0102's rating: 1591 &rarr; <strong>1573<\/strong><br \/>(-18 for losing)\n|l|\u2606Julz0102\n","uploadtime":1700290956,"views":9,"p1id":"dreamfreedom","p2id":"julz0102","formatid":"gen9nationaldex","rating":1573,"private":0,"password":""}