{"id":"gen9nationaldex-1990143304","p1":"spylent6","p2":"selexa","format":"[Gen 9] National Dex","log":"|j|\u2606spylent6\n|j|\u2606selexa\n|t:|1699929261\n|gametype|singles\n|player|p1|spylent6|palmer|1351\n|player|p2|selexa|mira|1406\n|teamsize|p1|6\n|teamsize|p2|6\n|gen|9\n|tier|[Gen 9] National Dex\n|rated|\n|rule|HP Percentage Mod: HP is shown in percentages\n|rule|Endless Battle Clause: Forcing endless battles is banned\n|rule|OHKO Clause: OHKO moves are banned\n|rule|Evasion Clause: Evasion abilities, items, and moves are banned\n|rule|Evasion Abilities Clause: Evasion abilities are banned\n|rule|Evasion Items Clause: Evasion items are banned\n|rule|Evasion Moves Clause: Evasion moves are banned\n|rule|Species Clause: Limit one of each Pok\u00e9mon\n|rule|Sleep Clause Mod: Limit one foe put to sleep\n|clearpoke\n|poke|p1|Hatterene, F|\n|poke|p1|Porygon2|\n|poke|p1|Mawile, M|\n|poke|p1|Crawdaunt, M|\n|poke|p1|Cresselia, F|\n|poke|p1|Stakataka|\n|poke|p2|Gliscor, M|\n|poke|p2|Ferrothorn, F|\n|poke|p2|Hydreigon, F|\n|poke|p2|Aegislash, F|\n|poke|p2|Dondozo, F|\n|poke|p2|Iron Moth|\n|teampreview\n|inactive|Battle timer is ON: inactive players will automatically lose when time's up. (requested by spylent6)\n|inactive|spylent6 has 120 seconds left.\n|c|\u2606selexa|how original\n|\n|t:|1699929298\n|start\n|switch|p1a: Stakataka|Stakataka|100\/100\n|switch|p2a: Aegislash|Aegislash, F|100\/100\n|turn|1\n|\n|t:|1699929306\n|-terastallize|p1a: Stakataka|Flying\n|move|p2a: Aegislash|Substitute|p2a: Aegislash\n|-start|p2a: Aegislash|Substitute\n|-damage|p2a: Aegislash|76\/100\n|move|p1a: Stakataka|Trick Room|p1a: Stakataka\n|-fieldstart|move: Trick Room|[of] p1a: Stakataka\n|\n|-heal|p2a: Aegislash|82\/100|[from] item: Leftovers\n|upkeep\n|turn|2\n|\n|t:|1699929315\n|move|p1a: Stakataka|Heat Crash|p2a: Aegislash\n|-supereffective|p2a: Aegislash\n|-end|p2a: Aegislash|Substitute\n|move|p2a: Aegislash|Toxic|p1a: Stakataka\n|-status|p1a: Stakataka|tox\n|\n|-heal|p2a: Aegislash|88\/100|[from] item: Leftovers\n|-damage|p1a: Stakataka|94\/100 tox|[from] psn\n|upkeep\n|turn|3\n|\n|t:|1699929321\n|move|p2a: Aegislash|King's Shield|p2a: Aegislash\n|-singleturn|p2a: Aegislash|Protect\n|move|p1a: Stakataka|Heat Crash|p2a: Aegislash\n|-activate|p2a: Aegislash|move: Protect\n|-unboost|p1a: Stakataka|atk|1\n|\n|-heal|p2a: Aegislash|94\/100|[from] item: Leftovers\n|-damage|p1a: Stakataka|82\/100 tox|[from] psn\n|upkeep\n|turn|4\n|\n|t:|1699929331\n|switch|p2a: Dondozo|Dondozo, F|100\/100\n|move|p1a: Stakataka|Earthquake|p2a: Dondozo\n|-damage|p2a: Dondozo|76\/100\n|\n|-damage|p1a: Stakataka|64\/100 tox|[from] psn\n|upkeep\n|turn|5\n|\n|t:|1699929345\n|switch|p1a: Porygon2|Porygon2|100\/100\n|-ability|p1a: Porygon2|Unaware|[from] ability: Trace|[of] p2a: Dondozo\n|move|p2a: Dondozo|Heavy Slam|p1a: Porygon2\n|-damage|p1a: Porygon2|82\/100\n|\n|-fieldend|move: Trick Room\n|upkeep\n|turn|6\n|\n|t:|1699929354\n|switch|p2a: Ferrothorn|Ferrothorn, F|100\/100\n|move|p1a: Porygon2|Trick Room|p1a: Porygon2\n|-fieldstart|move: Trick Room|[of] p1a: Porygon2\n|\n|upkeep\n|turn|7\n|\n|t:|1699929359\n|move|p2a: Ferrothorn|Stealth Rock|p1a: Porygon2\n|-sidestart|p1: spylent6|move: Stealth Rock\n|move|p1a: Porygon2|Teleport|p1a: Porygon2\n|\n|t:|1699929361\n|switch|p1a: Stakataka|Stakataka, tera:Flying|64\/100 tox|[from] Teleport\n|-damage|p1a: Stakataka|39\/100 tox|[from] Stealth Rock\n|\n|-damage|p1a: Stakataka|33\/100 tox|[from] psn\n|upkeep\n|turn|8\n|\n|t:|1699929383\n|switch|p1a: Hatterene|Hatterene, F|100\/100\n|-damage|p1a: Hatterene|88\/100|[from] Stealth Rock\n|-terastallize|p2a: Ferrothorn|Water\n|move|p2a: Ferrothorn|Knock Off|p1a: Hatterene\n|-damage|p1a: Hatterene|64\/100\n|-enditem|p1a: Hatterene|Focus Sash|[from] move: Knock Off|[of] p2a: Ferrothorn\n|\n|upkeep\n|turn|9\n|\n|t:|1699929393\n|move|p2a: Ferrothorn|Gyro Ball|p1a: Hatterene\n|-supereffective|p1a: Hatterene\n|-damage|p1a: Hatterene|33\/100\n|move|p1a: Hatterene|Healing Wish|p1a: Hatterene\n|faint|p1a: Hatterene\n|\n|upkeep\n|\n|t:|1699929397\n|switch|p1a: Stakataka|Stakataka, tera:Flying|33\/100 tox\n|-heal|p1a: Stakataka|100\/100|[from] move: Healing Wish\n|-damage|p1a: Stakataka|75\/100|[from] Stealth Rock\n|turn|10\n|\n|t:|1699929407\n|switch|p1a: Porygon2|Porygon2|82\/100\n|-damage|p1a: Porygon2|70\/100|[from] Stealth Rock\n|-ability|p1a: Porygon2|Iron Barbs|[from] ability: Trace|[of] p2a: Ferrothorn\n|move|p2a: Ferrothorn|Knock Off|p1a: Porygon2\n|-damage|p1a: Porygon2|59\/100\n|-damage|p2a: Ferrothorn|88\/100|[from] ability: Iron Barbs|[of] p1a: Porygon2\n|-enditem|p1a: Porygon2|Eviolite|[from] move: Knock Off|[of] p2a: Ferrothorn\n|\n|-fieldend|move: Trick Room\n|upkeep\n|turn|11\n|inactive|selexa has 120 seconds left.\n|\n|t:|1699929444\n|move|p1a: Porygon2|Recover|p1a: Porygon2\n|-heal|p1a: Porygon2|100\/100\n|move|p2a: Ferrothorn|Knock Off|p1a: Porygon2\n|-damage|p1a: Porygon2|91\/100\n|-damage|p2a: Ferrothorn|76\/100|[from] ability: Iron Barbs|[of] p1a: Porygon2\n|\n|upkeep\n|turn|12\n|inactive|selexa has 120 seconds left.\n|\n|t:|1699929457\n|move|p2a: Ferrothorn|Leech Seed|p1a: Porygon2\n|-start|p1a: Porygon2|move: Leech Seed\n|move|p1a: Porygon2|Trick Room|p1a: Porygon2\n|-fieldstart|move: Trick Room|[of] p1a: Porygon2\n|\n|-damage|p1a: Porygon2|78\/100|[from] Leech Seed|[of] p2a: Ferrothorn\n|-heal|p2a: Ferrothorn|89\/100|[silent]\n|upkeep\n|turn|13\n|inactive|selexa has 120 seconds left.\n|\n|t:|1699929480\n|switch|p2a: Dondozo|Dondozo, F|76\/100\n|switch|p1a: Mawile|Mawile, M|100\/100\n|-damage|p1a: Mawile|95\/100|[from] Stealth Rock\n|-ability|p1a: Mawile|Intimidate|boost\n|-unboost|p2a: Dondozo|atk|1\n|\n|upkeep\n|turn|14\n|\n|t:|1699929486\n|detailschange|p1a: Mawile|Mawile-Mega, M\n|-mega|p1a: Mawile|Mawile|Mawilite\n|move|p2a: Dondozo|Earthquake|p1a: Mawile\n|-supereffective|p1a: Mawile\n|-damage|p1a: Mawile|52\/100\n|move|p1a: Mawile|Thunder Punch|p2a: Dondozo\n|-supereffective|p2a: Dondozo\n|-damage|p2a: Dondozo|18\/100\n|\n|upkeep\n|turn|15\n|inactive|selexa has 120 seconds left.\n|\n|t:|1699929506\n|move|p2a: Dondozo|Earthquake|p1a: Mawile\n|-supereffective|p1a: Mawile\n|-damage|p1a: Mawile|11\/100\n|move|p1a: Mawile|Play Rough|p2a: Dondozo\n|-damage|p2a: Dondozo|0 fnt\n|faint|p2a: Dondozo\n|\n|upkeep\n|\n|t:|1699929516\n|switch|p2a: Gliscor|Gliscor, M, shiny|100\/100\n|turn|16\n|\n|t:|1699929522\n|switch|p1a: Cresselia|Cresselia, F|100\/100\n|-damage|p1a: Cresselia|88\/100|[from] Stealth Rock\n|move|p2a: Gliscor|Swords Dance|p2a: Gliscor\n|-boost|p2a: Gliscor|atk|2\n|\n|-fieldend|move: Trick Room\n|-status|p2a: Gliscor|tox|[from] item: Toxic Orb\n|upkeep\n|turn|17\n|\n|t:|1699929529\n|move|p2a: Gliscor|Facade|p1a: Cresselia\n|-crit|p1a: Cresselia\n|-damage|p1a: Cresselia|26\/100\n|move|p1a: Cresselia|Trick Room|p1a: Cresselia\n|-fieldstart|move: Trick Room|[of] p1a: Cresselia\n|\n|upkeep\n|turn|18\n|\n|t:|1699929533\n|move|p1a: Cresselia|Lunar Dance|p1a: Cresselia\n|faint|p1a: Cresselia\n|move|p2a: Gliscor|Facade|p1: Cresselia|[notarget]\n|-fail|p2a: Gliscor\n|\n|upkeep\n|\n|t:|1699929542\n|switch|p1a: Crawdaunt|Crawdaunt, M, shiny|100\/100\n|-damage|p1a: Crawdaunt|88\/100|[from] Stealth Rock\n|turn|19\n|\n|t:|1699929553\n|move|p1a: Crawdaunt|Crabhammer|p2a: Gliscor\n|-supereffective|p2a: Gliscor\n|-damage|p2a: Gliscor|0 fnt\n|faint|p2a: Gliscor\n|-damage|p1a: Crawdaunt|78\/100|[from] item: Life Orb\n|\n|upkeep\n|inactive|selexa has 120 seconds left.\n|\n|t:|1699929600\n|switch|p2a: Hydreigon|Hydreigon, F|100\/100\n|turn|20\n|\n|t:|1699929610\n|switch|p1a: Mawile|Mawile-Mega, M|11\/100\n|-heal|p1a: Mawile|100\/100|[from] move: Lunar Dance\n|-damage|p1a: Mawile|95\/100|[from] Stealth Rock\n|move|p2a: Hydreigon|Thunder Wave|p1a: Mawile\n|-status|p1a: Mawile|par\n|\n|upkeep\n|turn|21\n|\n|t:|1699929622\n|switch|p2a: Aegislash|Aegislash, F|94\/100\n|move|p1a: Mawile|Play Rough|p2a: Aegislash\n|-resisted|p2a: Aegislash\n|-damage|p2a: Aegislash|57\/100\n|\n|-heal|p2a: Aegislash|63\/100|[from] item: Leftovers\n|-fieldend|move: Trick Room\n|upkeep\n|turn|22\n|\n|t:|1699929642\n|move|p2a: Aegislash|Substitute|p2a: Aegislash\n|-start|p2a: Aegislash|Substitute\n|-damage|p2a: Aegislash|39\/100\n|cant|p1a: Mawile|par\n|\n|-heal|p2a: Aegislash|45\/100|[from] item: Leftovers\n|upkeep\n|turn|23\n|inactive|selexa has 120 seconds left.\n|\n|t:|1699929665\n|cant|p1a: Mawile|par\n|-formechange|p2a: Aegislash|Aegislash-Blade||[from] ability: Stance Change\n|move|p2a: Aegislash|Shadow Ball|p1a: Mawile\n|-damage|p1a: Mawile|54\/100 par\n|\n|-heal|p2a: Aegislash|51\/100|[from] item: Leftovers\n|upkeep\n|turn|24\n|inactive|spylent6 has 120 seconds left.\n|\n|t:|1699929697\n|cant|p1a: Mawile|par\n|move|p2a: Aegislash|Shadow Ball|p1a: Mawile\n|-damage|p1a: Mawile|14\/100 par\n|\n|-heal|p2a: Aegislash|57\/100|[from] item: Leftovers\n|upkeep\n|turn|25\n|\n|t:|1699929711\n|move|p1a: Mawile|Sucker Punch|p2a: Aegislash\n|-supereffective|p2a: Aegislash\n|-end|p2a: Aegislash|Substitute\n|move|p2a: Aegislash|Shadow Ball|p1a: Mawile\n|-damage|p1a: Mawile|0 fnt\n|faint|p1a: Mawile\n|\n|-heal|p2a: Aegislash|63\/100|[from] item: Leftovers\n|upkeep\n|\n|t:|1699929714\n|switch|p1a: Crawdaunt|Crawdaunt, M, shiny|78\/100\n|-damage|p1a: Crawdaunt|66\/100|[from] Stealth Rock\n|turn|26\n|\n|t:|1699929721\n|-formechange|p2a: Aegislash|Aegislash||[from] ability: Stance Change\n|move|p2a: Aegislash|King's Shield|p2a: Aegislash\n|-singleturn|p2a: Aegislash|Protect\n|move|p1a: Crawdaunt|Swords Dance|p1a: Crawdaunt\n|-boost|p1a: Crawdaunt|atk|2\n|\n|-heal|p2a: Aegislash|70\/100|[from] item: Leftovers\n|upkeep\n|turn|27\n|\n|t:|1699929736\n|move|p2a: Aegislash|Toxic|p1a: Crawdaunt\n|-status|p1a: Crawdaunt|tox\n|move|p1a: Crawdaunt|Knock Off|p2a: Aegislash\n|-supereffective|p2a: Aegislash\n|-damage|p2a: Aegislash|0 fnt\n|-enditem|p2a: Aegislash|Leftovers|[from] move: Knock Off|[of] p1a: Crawdaunt\n|faint|p2a: Aegislash\n|-damage|p1a: Crawdaunt|56\/100 tox|[from] item: Life Orb\n|\n|-damage|p1a: Crawdaunt|50\/100 tox|[from] psn\n|upkeep\n|\n|t:|1699929747\n|switch|p2a: Ferrothorn|Ferrothorn, F, tera:Water|89\/100\n|turn|28\n|\n|t:|1699929751\n|move|p1a: Crawdaunt|Knock Off|p2a: Ferrothorn\n|-damage|p2a: Ferrothorn|0 fnt\n|-damage|p1a: Crawdaunt|37\/100 tox|[from] ability: Iron Barbs|[of] p2a: Ferrothorn\n|-damage|p1a: Crawdaunt|20\/100 tox|[from] item: Rocky Helmet|[of] p2a: Ferrothorn\n|-enditem|p2a: Ferrothorn|Rocky Helmet|[from] move: Knock Off|[of] p1a: Crawdaunt\n|faint|p2a: Ferrothorn\n|-damage|p1a: Crawdaunt|10\/100 tox|[from] item: Life Orb\n|\n|-damage|p1a: Crawdaunt|0 fnt|[from] psn\n|faint|p1a: Crawdaunt\n|upkeep\n|\n|t:|1699929764\n|switch|p1a: Porygon2|Porygon2|78\/100\n|switch|p2a: Iron Moth|Iron Moth|100\/100\n|-damage|p1a: Porygon2|66\/100|[from] Stealth Rock\n|turn|29\n|inactive|selexa has 120 seconds left.\n|\n|t:|1699929773\n|move|p2a: Iron Moth|Fiery Dance|p1a: Porygon2\n|-damage|p1a: Porygon2|22\/100\n|-boost|p2a: Iron Moth|spa|1\n|move|p1a: Porygon2|Trick Room|p1a: Porygon2\n|-fieldstart|move: Trick Room|[of] p1a: Porygon2\n|\n|upkeep\n|turn|30\n|\n|t:|1699929777\n|move|p2a: Iron Moth|Fiery Dance|p1a: Porygon2\n|-damage|p1a: Porygon2|0 fnt\n|faint|p1a: Porygon2\n|\n|upkeep\n|\n|t:|1699929779\n|switch|p1a: Stakataka|Stakataka, tera:Flying|75\/100\n|-damage|p1a: Stakataka|50\/100|[from] Stealth Rock\n|turn|31\n|\n|t:|1699929783\n|move|p1a: Stakataka|Earthquake|p2a: Iron Moth\n|-supereffective|p2a: Iron Moth\n|-damage|p2a: Iron Moth|0 fnt\n|faint|p2a: Iron Moth\n|-end|p2a: Iron Moth|Quark Drive|[silent]\n|-ability|p1a: Stakataka|Beast Boost|boost\n|-boost|p1a: Stakataka|atk|1\n|\n|upkeep\n|\n|t:|1699929787\n|switch|p2a: Hydreigon|Hydreigon, F|100\/100\n|turn|32\n|\n|t:|1699929791\n|move|p1a: Stakataka|Rock Blast|p2a: Hydreigon\n|-damage|p2a: Hydreigon|81\/100\n|-damage|p2a: Hydreigon|61\/100\n|-damage|p2a: Hydreigon|38\/100\n|-damage|p2a: Hydreigon|16\/100\n|-crit|p2a: Hydreigon\n|-damage|p2a: Hydreigon|0 fnt\n|faint|p2a: Hydreigon\n|-hitcount|p2: Hydreigon|5\n|\n|win|spylent6\n|raw|spylent6's rating: 1351 &rarr; <strong>1374<\/strong><br \/>(+23 for winning)\n|raw|selexa's rating: 1406 &rarr; <strong>1383<\/strong><br \/>(-23 for losing)\n|l|\u2606selexa\n","uploadtime":1699929823,"views":10,"p1id":"spylent6","p2id":"selexa","formatid":"gen9nationaldex","rating":1374,"private":0,"password":""}