{"id":"gen9nationaldex-1987189342","p1":"BaronTPDPurgestein","p2":"kjarrr","format":"[Gen 9] National Dex","log":"|j|\u2606BaronTPDPurgestein\n|j|\u2606kjarrr\n|t:|1699563663\n|gametype|singles\n|player|p1|BaronTPDPurgestein|artist|1233\n|player|p2|kjarrr|ghetsis-gen5bw|1263\n|teamsize|p1|6\n|teamsize|p2|6\n|gen|9\n|tier|[Gen 9] National Dex\n|rated|\n|rule|HP Percentage Mod: HP is shown in percentages\n|rule|Endless Battle Clause: Forcing endless battles is banned\n|rule|OHKO Clause: OHKO moves are banned\n|rule|Evasion Clause: Evasion abilities, items, and moves are banned\n|rule|Evasion Abilities Clause: Evasion abilities are banned\n|rule|Evasion Items Clause: Evasion items are banned\n|rule|Evasion Moves Clause: Evasion moves are banned\n|rule|Species Clause: Limit one of each Pok\u00e9mon\n|rule|Sleep Clause Mod: Limit one foe put to sleep\n|clearpoke\n|poke|p1|Beedrill, M|\n|poke|p1|Sneasler, M|\n|poke|p1|Munkidori, M|\n|poke|p1|Nidoking, M|\n|poke|p1|Skuntank, M|\n|poke|p1|Fezandipiti, M|\n|poke|p2|Torterra, M|\n|poke|p2|Volcarona, M|\n|poke|p2|Empoleon, F|\n|poke|p2|Diancie|\n|poke|p2|Quaquaval, F|\n|poke|p2|Serperior, M|\n|teampreview\n|\n|t:|1699563667\n|start\n|switch|p1a: Neko Von Purger|Nidoking, M, shiny|100\/100\n|switch|p2a: Poseidon|Empoleon, F|100\/100\n|turn|1\n|\n|t:|1699563675\n|move|p1a: Neko Von Purger|Earth Power|p2a: Poseidon\n|-supereffective|p2a: Poseidon\n|-damage|p2a: Poseidon|3\/100\n|move|p2a: Poseidon|Stealth Rock|p1a: Neko Von Purger\n|-sidestart|p1: BaronTPDPurgestein|move: Stealth Rock\n|\n|-heal|p2a: Poseidon|9\/100|[from] item: Leftovers\n|upkeep\n|turn|2\n|\n|t:|1699563687\n|switch|p2a: Atlas|Torterra, M|100\/100\n|move|p1a: Neko Von Purger|Earth Power|p2a: Atlas\n|-resisted|p2a: Atlas\n|-damage|p2a: Atlas|69\/100\n|\n|upkeep\n|turn|3\n|\n|t:|1699563694\n|switch|p1a: StinkyVonPurge|Skuntank, M, shiny|100\/100\n|-damage|p1a: StinkyVonPurge|88\/100|[from] Stealth Rock\n|-item|p1a: StinkyVonPurge|Air Balloon\n|-terastallize|p2a: Atlas|Rock\n|move|p2a: Atlas|Shell Smash|p2a: Atlas\n|-unboost|p2a: Atlas|def|1\n|-unboost|p2a: Atlas|spd|1\n|-boost|p2a: Atlas|atk|2\n|-boost|p2a: Atlas|spa|2\n|-boost|p2a: Atlas|spe|2\n|\n|upkeep\n|turn|4\n|\n|t:|1699563707\n|move|p2a: Atlas|Rock Blast|p1a: StinkyVonPurge\n|-damage|p1a: StinkyVonPurge|67\/100\n|-enditem|p1a: StinkyVonPurge|Air Balloon\n|-damage|p1a: StinkyVonPurge|42\/100\n|-damage|p1a: StinkyVonPurge|20\/100\n|-damage|p1a: StinkyVonPurge|0 fnt\n|faint|p1a: StinkyVonPurge\n|-hitcount|p1: StinkyVonPurge|4\n|\n|upkeep\n|\n|t:|1699563722\n|switch|p1a: PurgeAntibird|Fezandipiti, M|100\/100\n|-damage|p1a: PurgeAntibird|88\/100|[from] Stealth Rock\n|turn|5\n|\n|t:|1699563727\n|move|p2a: Atlas|Rock Blast|p1a: PurgeAntibird\n|-damage|p1a: PurgeAntibird|58\/100\n|-damage|p1a: PurgeAntibird|30\/100\n|-damage|p1a: PurgeAntibird|0 fnt\n|faint|p1a: PurgeAntibird\n|-hitcount|p1: PurgeAntibird|3\n|\n|upkeep\n|\n|t:|1699563734\n|switch|p1a: PurgeCarrier|Sneasler, M, shiny|100\/100\n|-damage|p1a: PurgeCarrier|95\/100|[from] Stealth Rock\n|turn|6\n|\n|t:|1699563738\n|move|p1a: PurgeCarrier|Fake Out|p2a: Atlas\n|-resisted|p2a: Atlas\n|-damage|p2a: Atlas|56\/100\n|-damage|p1a: PurgeCarrier|85\/100|[from] item: Life Orb\n|cant|p2a: Atlas|flinch\n|\n|upkeep\n|turn|7\n|\n|t:|1699563746\n|switch|p1a: Neko Von Purger|Nidoking, M, shiny|100\/100\n|-damage|p1a: Neko Von Purger|95\/100|[from] Stealth Rock\n|move|p2a: Atlas|Rock Blast|p1a: Neko Von Purger\n|-resisted|p1a: Neko Von Purger\n|-damage|p1a: Neko Von Purger|75\/100\n|-resisted|p1a: Neko Von Purger\n|-damage|p1a: Neko Von Purger|56\/100\n|-resisted|p1a: Neko Von Purger\n|-damage|p1a: Neko Von Purger|39\/100\n|-resisted|p1a: Neko Von Purger\n|-damage|p1a: Neko Von Purger|22\/100\n|-hitcount|p1a: Neko Von Purger|4\n|\n|upkeep\n|turn|8\n|\n|t:|1699563759\n|move|p2a: Atlas|Rock Blast|p1a: Neko Von Purger\n|-resisted|p1a: Neko Von Purger\n|-damage|p1a: Neko Von Purger|5\/100\n|-resisted|p1a: Neko Von Purger\n|-damage|p1a: Neko Von Purger|0 fnt\n|faint|p1a: Neko Von Purger\n|-hitcount|p1: Neko Von Purger|2\n|\n|upkeep\n|\n|t:|1699563773\n|switch|p1a: SimpVonPurge|Munkidori, M|100\/100\n|-damage|p1a: SimpVonPurge|88\/100|[from] Stealth Rock\n|-item|p2a: Atlas|Loaded Dice|[from] ability: Frisk|[of] p1a: SimpVonPurge|[identify]\n|turn|9\n|\n|t:|1699563781\n|-terastallize|p1a: SimpVonPurge|Fighting\n|move|p1a: SimpVonPurge|Tera Blast|p2a: Atlas|[anim] Tera Blast Fighting\n|-supereffective|p2a: Atlas\n|-damage|p2a: Atlas|0 fnt\n|faint|p2a: Atlas\n|\n|upkeep\n|\n|t:|1699563792\n|switch|p2a: Aphrodite|Diancie|100\/100\n|turn|10\n|\n|t:|1699563796\n|detailschange|p2a: Aphrodite|Diancie-Mega\n|-mega|p2a: Aphrodite|Diancie|Diancite\n|move|p1a: SimpVonPurge|Tera Blast|p2a: Aphrodite|[anim] Tera Blast Fighting\n|-crit|p2a: Aphrodite\n|-damage|p2a: Aphrodite|20\/100\n|move|p2a: Aphrodite|Moonblast|p1a: SimpVonPurge\n|-supereffective|p1a: SimpVonPurge\n|-damage|p1a: SimpVonPurge|0 fnt\n|faint|p1a: SimpVonPurge\n|\n|upkeep\n|\n|t:|1699563802\n|switch|p1a: BeePurging|Beedrill, M|100\/100\n|-damage|p1a: BeePurging|76\/100|[from] Stealth Rock\n|turn|11\n|\n|t:|1699563810\n|detailschange|p1a: BeePurging|Beedrill-Mega, M\n|-mega|p1a: BeePurging|Beedrill|Beedrillite\n|move|p1a: BeePurging|Fell Stinger|p2a: Aphrodite\n|-resisted|p2a: Aphrodite\n|-damage|p2a: Aphrodite|0 fnt\n|faint|p2a: Aphrodite\n|-boost|p1a: BeePurging|atk|3\n|\n|upkeep\n|inactive|Battle timer is ON: inactive players will automatically lose when time's up. (requested by BaronTPDPurgestein)\n|\n|t:|1699563830\n|switch|p2a: Hera|Quaquaval, F|100\/100\n|turn|12\n|\n|t:|1699563836\n|move|p1a: BeePurging|Poison Jab|p2a: Hera\n|-damage|p2a: Hera|0 fnt\n|faint|p2a: Hera\n|\n|upkeep\n|\n|t:|1699563845\n|switch|p2a: Helios|Volcarona, M|100\/100\n|turn|13\n|\n|t:|1699563849\n|move|p1a: BeePurging|Poison Jab|p2a: Helios\n|-damage|p2a: Helios|0 fnt\n|faint|p2a: Helios\n|\n|upkeep\n|\n|t:|1699563854\n|switch|p2a: Medusa|Serperior, M|100\/100\n|turn|14\n|\n|t:|1699563857\n|move|p1a: BeePurging|Poison Jab|p2a: Medusa\n|-supereffective|p2a: Medusa\n|-damage|p2a: Medusa|0 fnt\n|faint|p2a: Medusa\n|\n|upkeep\n|\n|t:|1699563862\n|switch|p2a: Poseidon|Empoleon, F|9\/100\n|turn|15\n|\n|t:|1699563871\n|move|p1a: BeePurging|Fell Stinger|p2a: Poseidon\n|-resisted|p2a: Poseidon\n|-damage|p2a: Poseidon|0 fnt\n|faint|p2a: Poseidon\n|\n|win|BaronTPDPurgestein\n|raw|BaronTPDPurgestein's rating: 1233 &rarr; <strong>1260<\/strong><br \/>(+27 for winning)\n|raw|kjarrr's rating: 1263 &rarr; <strong>1236<\/strong><br \/>(-27 for losing)\n","uploadtime":1699563876,"views":11,"p1id":"barontpdpurgestein","p2id":"kjarrr","formatid":"gen9nationaldex","rating":1236,"private":0,"password":""}