{"id":"gen9nationaldex-1994585441","p1":"sgzf","p2":"MLGKRAV","format":"[Gen 9] National Dex","log":"|html|<div class=\"broadcast-blue\"><strong>[Gen 9] National Dex is currently suspecting Sneasler! For information on how to participate check out the <a href=\"https:\/\/www.smogon.com\/forums\/threads\/sv-national-dex-suspect-8-just-dance.3731534\/\">suspect thread<\/a>.<\/strong><\/div>\n|j|\u2606sgzf\n|j|\u2606MLGKRAV\n|t:|1700464500\n|gametype|singles\n|player|p1|sgzf|dawn-gen4pt|1129\n|player|p2|MLGKRAV|bruno|1206\n|teamsize|p1|6\n|teamsize|p2|6\n|gen|9\n|tier|[Gen 9] National Dex\n|rated|\n|rule|HP Percentage Mod: HP is shown in percentages\n|rule|Endless Battle Clause: Forcing endless battles is banned\n|rule|OHKO Clause: OHKO moves are banned\n|rule|Evasion Clause: Evasion abilities, items, and moves are banned\n|rule|Evasion Abilities Clause: Evasion abilities are banned\n|rule|Evasion Items Clause: Evasion items are banned\n|rule|Evasion Moves Clause: Evasion moves are banned\n|rule|Species Clause: Limit one of each Pok\u00e9mon\n|rule|Sleep Clause Mod: Limit one foe put to sleep\n|clearpoke\n|poke|p1|Garchomp, F|\n|poke|p1|Ferrothorn, F|\n|poke|p1|Lopunny, F|\n|poke|p1|Moltres|\n|poke|p1|Slowking-Galar, F|\n|poke|p1|Corviknight, F|\n|poke|p2|Snorlax, M|\n|poke|p2|Urshifu-*, M|\n|poke|p2|Toxtricity, M|\n|poke|p2|Garchomp, F|\n|poke|p2|Volcarona, M|\n|poke|p2|Landorus-Therian, M|\n|teampreview\n|\n|t:|1700464508\n|start\n|switch|p1a: Ferrothorn|Ferrothorn, F|100\/100\n|switch|p2a: Buck Bumble|Volcarona, M, shiny|100\/100\n|turn|1\n|\n|t:|1700464521\n|switch|p1a: Garchomp|Garchomp, F|100\/100\n|move|p2a: Buck Bumble|Fiery Dance|p1a: Garchomp\n|-resisted|p1a: Garchomp\n|-damage|p1a: Garchomp|74\/100\n|\n|upkeep\n|turn|2\n|\n|t:|1700464525\n|switch|p2a: Gorgonops|Landorus-Therian, M|100\/100\n|-ability|p2a: Gorgonops|Intimidate|boost\n|-unboost|p1a: Garchomp|atk|1\n|move|p1a: Garchomp|Swords Dance|p1a: Garchomp\n|-boost|p1a: Garchomp|atk|2\n|\n|upkeep\n|turn|3\n|\n|t:|1700464535\n|-zpower|p1a: Garchomp\n|move|p1a: Garchomp|Devastating Drake|p2a: Gorgonops|[zeffect]\n|-damage|p2a: Gorgonops|0 fnt\n|faint|p2a: Gorgonops\n|\n|upkeep\n|\n|t:|1700464547\n|switch|p2a: Nanaue|Garchomp, F|100\/100\n|turn|4\n|\n|t:|1700464552\n|move|p1a: Garchomp|Outrage|p2a: Nanaue\n|-supereffective|p2a: Nanaue\n|-damage|p2a: Nanaue|0 fnt\n|-damage|p1a: Garchomp|62\/100|[from] ability: Rough Skin|[of] p2a: Nanaue\n|-damage|p1a: Garchomp|46\/100|[from] item: Rocky Helmet|[of] p2a: Nanaue\n|faint|p2a: Nanaue\n|\n|upkeep\n|\n|t:|1700464557\n|switch|p2a: Afferdin|Snorlax, M, shiny|100\/100\n|turn|5\n|\n|t:|1700464560\n|move|p1a: Garchomp|Outrage|p2a: Afferdin|[from]lockedmove\n|-damage|p2a: Afferdin|24\/100\n|-start|p1a: Garchomp|confusion|[fatigue]\n|move|p2a: Afferdin|Rest|p2a: Afferdin\n|-status|p2a: Afferdin|slp|[from] move: Rest\n|-heal|p2a: Afferdin|100\/100 slp|[silent]\n|\n|upkeep\n|turn|6\n|\n|t:|1700464568\n|switch|p1a: Ferrothorn|Ferrothorn, F|100\/100\n|cant|p2a: Afferdin|slp\n|\n|upkeep\n|turn|7\n|\n|t:|1700464572\n|cant|p2a: Afferdin|slp\n|move|p1a: Ferrothorn|Leech Seed|p2a: Afferdin\n|-start|p2a: Afferdin|move: Leech Seed\n|\n|-damage|p2a: Afferdin|88\/100 slp|[from] Leech Seed|[of] p1a: Ferrothorn\n|upkeep\n|turn|8\n|\n|t:|1700464574\n|-curestatus|p2a: Afferdin|slp|[msg]\n|move|p2a: Afferdin|Earthquake|p1a: Ferrothorn\n|-damage|p1a: Ferrothorn|86\/100\n|move|p1a: Ferrothorn|Spikes|p2a: Afferdin\n|-sidestart|p2: MLGKRAV|Spikes\n|\n|-heal|p2a: Afferdin|94\/100|[from] item: Leftovers\n|-heal|p1a: Ferrothorn|92\/100|[from] item: Leftovers\n|-damage|p2a: Afferdin|82\/100|[from] Leech Seed|[of] p1a: Ferrothorn\n|-heal|p1a: Ferrothorn|100\/100|[silent]\n|upkeep\n|turn|9\n|\n|t:|1700464578\n|move|p2a: Afferdin|Earthquake|p1a: Ferrothorn\n|-damage|p1a: Ferrothorn|86\/100\n|move|p1a: Ferrothorn|Knock Off|p2a: Afferdin\n|-damage|p2a: Afferdin|65\/100\n|-enditem|p2a: Afferdin|Leftovers|[from] move: Knock Off|[of] p1a: Ferrothorn\n|\n|-heal|p1a: Ferrothorn|92\/100|[from] item: Leftovers\n|-damage|p2a: Afferdin|53\/100|[from] Leech Seed|[of] p1a: Ferrothorn\n|-heal|p1a: Ferrothorn|100\/100|[silent]\n|upkeep\n|turn|10\n|\n|t:|1700464586\n|switch|p2a: Buck Bumble|Volcarona, M, shiny|100\/100\n|move|p1a: Ferrothorn|Thunder Wave|p2a: Buck Bumble\n|-status|p2a: Buck Bumble|par\n|\n|upkeep\n|turn|11\n|\n|t:|1700464592\n|switch|p1a: Garchomp|Garchomp, F|46\/100\n|move|p2a: Buck Bumble|Quiver Dance|p2a: Buck Bumble\n|-boost|p2a: Buck Bumble|spa|1\n|-boost|p2a: Buck Bumble|spd|1\n|-boost|p2a: Buck Bumble|spe|1\n|\n|upkeep\n|turn|12\n|\n|t:|1700464602\n|move|p1a: Garchomp|Stealth Rock|p2a: Buck Bumble\n|-sidestart|p2: MLGKRAV|move: Stealth Rock\n|cant|p2a: Buck Bumble|par\n|\n|upkeep\n|turn|13\n|\n|t:|1700464607\n|move|p1a: Garchomp|Swords Dance|p1a: Garchomp\n|-boost|p1a: Garchomp|atk|2\n|move|p2a: Buck Bumble|Psychic|p1a: Garchomp\n|-damage|p1a: Garchomp|0 fnt\n|faint|p1a: Garchomp\n|\n|upkeep\n|\n|t:|1700464620\n|switch|p1a: Lopunny|Lopunny, F, shiny|100\/100\n|turn|14\n|\n|t:|1700464624\n|detailschange|p1a: Lopunny|Lopunny-Mega, F, shiny\n|-mega|p1a: Lopunny|Lopunny|Lopunnite\n|move|p1a: Lopunny|Fake Out|p2a: Buck Bumble\n|-damage|p2a: Buck Bumble|69\/100 par\n|-status|p1a: Lopunny|brn|[from] ability: Flame Body|[of] p2a: Buck Bumble\n|cant|p2a: Buck Bumble|flinch\n|\n|-damage|p1a: Lopunny|95\/100 brn|[from] brn\n|upkeep\n|turn|15\n|\n|t:|1700464628\n|move|p1a: Lopunny|Return|p2a: Buck Bumble\n|-damage|p2a: Buck Bumble|24\/100 par\n|move|p2a: Buck Bumble|Psychic|p1a: Lopunny\n|-supereffective|p1a: Lopunny\n|-damage|p1a: Lopunny|0 fnt\n|faint|p1a: Lopunny\n|\n|upkeep\n|\n|t:|1700464638\n|switch|p1a: Slowking|Slowking-Galar, F|100\/100\n|turn|16\n|\n|t:|1700464642\n|move|p2a: Buck Bumble|Bug Buzz|p1a: Slowking\n|-damage|p1a: Slowking|57\/100\n|move|p1a: Slowking|Sludge Bomb|p2a: Buck Bumble\n|-damage|p2a: Buck Bumble|2\/100 par\n|\n|upkeep\n|turn|17\n|\n|t:|1700464646\n|move|p2a: Buck Bumble|Bug Buzz|p1a: Slowking\n|-damage|p1a: Slowking|10\/100\n|move|p1a: Slowking|Slack Off|p1a: Slowking\n|-heal|p1a: Slowking|60\/100\n|\n|upkeep\n|turn|18\n|\n|t:|1700464652\n|move|p2a: Buck Bumble|Bug Buzz|p1a: Slowking\n|-damage|p1a: Slowking|18\/100\n|move|p1a: Slowking|Slack Off|p1a: Slowking\n|-heal|p1a: Slowking|68\/100\n|\n|upkeep\n|turn|19\n|\n|t:|1700464655\n|move|p2a: Buck Bumble|Bug Buzz|p1a: Slowking\n|-damage|p1a: Slowking|20\/100\n|move|p1a: Slowking|Slack Off|p1a: Slowking\n|-heal|p1a: Slowking|70\/100\n|\n|upkeep\n|turn|20\n|\n|t:|1700464658\n|move|p2a: Buck Bumble|Bug Buzz|p1a: Slowking\n|-damage|p1a: Slowking|22\/100\n|-unboost|p1a: Slowking|spd|1\n|move|p1a: Slowking|Slack Off|p1a: Slowking\n|-heal|p1a: Slowking|72\/100\n|\n|upkeep\n|turn|21\n|\n|t:|1700464661\n|move|p2a: Buck Bumble|Psychic|p1a: Slowking\n|-damage|p1a: Slowking|24\/100\n|move|p1a: Slowking|Slack Off|p1a: Slowking\n|-heal|p1a: Slowking|74\/100\n|\n|upkeep\n|turn|22\n|\n|t:|1700464665\n|cant|p2a: Buck Bumble|par\n|move|p1a: Slowking|Sludge Bomb|p2a: Buck Bumble\n|-damage|p2a: Buck Bumble|0 fnt\n|faint|p2a: Buck Bumble\n|\n|upkeep\n|\n|t:|1700464669\n|switch|p2a: Afferdin|Snorlax, M, shiny|53\/100\n|-damage|p2a: Afferdin|40\/100|[from] Spikes\n|-damage|p2a: Afferdin|28\/100|[from] Stealth Rock\n|turn|23\n|\n|t:|1700464674\n|switch|p1a: Corviknight|Corviknight, F|100\/100\n|-ability|p1a: Corviknight|Pressure\n|move|p2a: Afferdin|Earthquake|p1a: Corviknight\n|-immune|p1a: Corviknight\n|\n|upkeep\n|turn|24\n|\n|t:|1700464684\n|switch|p2a: Gracie|Urshifu-Rapid-Strike, M|100\/100\n|-damage|p2a: Gracie|88\/100|[from] Spikes\n|-damage|p2a: Gracie|82\/100|[from] Stealth Rock\n|move|p1a: Corviknight|Iron Defense|p1a: Corviknight\n|-boost|p1a: Corviknight|def|2\n|\n|upkeep\n|turn|25\n|\n|t:|1700464693\n|-terastallize|p1a: Corviknight|Dragon\n|move|p2a: Gracie|Close Combat|p1a: Corviknight\n|-damage|p1a: Corviknight|71\/100\n|-unboost|p2a: Gracie|def|1\n|-unboost|p2a: Gracie|spd|1\n|move|p1a: Corviknight|Body Press|p2a: Gracie\n|-damage|p2a: Gracie|11\/100\n|\n|-heal|p1a: Corviknight|77\/100|[from] item: Leftovers\n|upkeep\n|turn|26\n|\n|t:|1700464700\n|move|p2a: Gracie|Close Combat|p1a: Corviknight\n|-damage|p1a: Corviknight|46\/100\n|-unboost|p2a: Gracie|def|1\n|-unboost|p2a: Gracie|spd|1\n|move|p1a: Corviknight|Body Press|p2a: Gracie\n|-damage|p2a: Gracie|0 fnt\n|faint|p2a: Gracie\n|\n|-heal|p1a: Corviknight|52\/100|[from] item: Leftovers\n|upkeep\n|\n|t:|1700464701\n|switch|p2a: Trent Reznor|Toxtricity, M|100\/100\n|-damage|p2a: Trent Reznor|88\/100|[from] Spikes\n|-damage|p2a: Trent Reznor|76\/100|[from] Stealth Rock\n|turn|27\n|\n|t:|1700464707\n|move|p2a: Trent Reznor|Boomburst|p1a: Corviknight\n|-damage|p1a: Corviknight|4\/100\n|move|p1a: Corviknight|Body Press|p2a: Trent Reznor\n|-resisted|p2a: Trent Reznor\n|-damage|p2a: Trent Reznor|40\/100\n|\n|-heal|p1a: Corviknight|10\/100|[from] item: Leftovers\n|upkeep\n|turn|28\n|\n|t:|1700464711\n|move|p2a: Trent Reznor|Boomburst|p1a: Corviknight\n|-damage|p1a: Corviknight|0 fnt\n|faint|p1a: Corviknight\n|\n|upkeep\n|\n|t:|1700464713\n|switch|p1a: Ferrothorn|Ferrothorn, F|100\/100\n|turn|29\n|\n|t:|1700464716\n|move|p2a: Trent Reznor|Boomburst|p1a: Ferrothorn\n|-resisted|p1a: Ferrothorn\n|-damage|p1a: Ferrothorn|74\/100\n|move|p1a: Ferrothorn|Leech Seed|p2a: Trent Reznor\n|-start|p2a: Trent Reznor|move: Leech Seed\n|\n|-heal|p1a: Ferrothorn|80\/100|[from] item: Leftovers\n|-damage|p2a: Trent Reznor|28\/100|[from] Leech Seed|[of] p1a: Ferrothorn\n|-heal|p1a: Ferrothorn|90\/100|[silent]\n|upkeep\n|turn|30\n|\n|t:|1700464721\n|-terastallize|p2a: Trent Reznor|Normal\n|move|p2a: Trent Reznor|Boomburst|p1a: Ferrothorn\n|-resisted|p1a: Ferrothorn\n|-damage|p1a: Ferrothorn|51\/100\n|move|p1a: Ferrothorn|Knock Off|p2a: Trent Reznor\n|-damage|p2a: Trent Reznor|0 fnt\n|-enditem|p2a: Trent Reznor|Choice Scarf|[from] move: Knock Off|[of] p1a: Ferrothorn\n|faint|p2a: Trent Reznor\n|\n|-heal|p1a: Ferrothorn|57\/100|[from] item: Leftovers\n|upkeep\n|\n|t:|1700464724\n|switch|p2a: Afferdin|Snorlax, M, shiny|28\/100\n|-damage|p2a: Afferdin|15\/100|[from] Spikes\n|-damage|p2a: Afferdin|3\/100|[from] Stealth Rock\n|turn|31\n|c|\u2606MLGKRAV|gg\n|\n|t:|1700464727\n|move|p2a: Afferdin|Return|p1a: Ferrothorn\n|-resisted|p1a: Ferrothorn\n|-damage|p1a: Ferrothorn|47\/100\n|-damage|p2a: Afferdin|0 fnt|[from] ability: Iron Barbs|[of] p1a: Ferrothorn\n|faint|p2a: Afferdin\n|\n|win|sgzf\n|raw|sgzf's rating: 1129 &rarr; <strong>1159<\/strong><br \/>(+30 for winning)\n|raw|MLGKRAV's rating: 1206 &rarr; <strong>1176<\/strong><br \/>(-30 for losing)\n|l|\u2606MLGKRAV\n","uploadtime":1700464734,"views":7,"p1id":"sgzf","p2id":"mlgkrav","formatid":"gen9nationaldex","rating":1159,"private":0,"password":""}