{"id":"gen9nationaldex-1997838317","p1":"David07xd","p2":"taki1223","format":"[Gen 9] National Dex","log":"|html|<div class=\"broadcast-blue\"><strong>[Gen 9] National Dex is currently suspecting Sneasler! For information on how to participate check out the <a href=\"https:\/\/www.smogon.com\/forums\/threads\/sv-national-dex-suspect-8-just-dance.3731534\/\">suspect thread<\/a>.<\/strong><\/div>\n|j|\u2606David07xd\n|j|\u2606taki1223\n|t:|1700858224\n|gametype|singles\n|player|p1|David07xd|265|\n|player|p2|taki1223|cyclist-gen4|\n|teamsize|p1|6\n|teamsize|p2|6\n|gen|9\n|tier|[Gen 9] National Dex\n|rule|HP Percentage Mod: HP is shown in percentages\n|rule|Endless Battle Clause: Forcing endless battles is banned\n|rule|OHKO Clause: OHKO moves are banned\n|rule|Evasion Clause: Evasion abilities, items, and moves are banned\n|rule|Evasion Abilities Clause: Evasion abilities are banned\n|rule|Evasion Items Clause: Evasion items are banned\n|rule|Evasion Moves Clause: Evasion moves are banned\n|rule|Species Clause: Limit one of each Pok\u00e9mon\n|rule|Sleep Clause Mod: Limit one foe put to sleep\n|clearpoke\n|poke|p1|Landorus-Therian, M|\n|poke|p1|Gyarados, F|\n|poke|p1|Volcarona, M|\n|poke|p1|Hatterene, F|\n|poke|p1|Ferrothorn, F|\n|poke|p1|Rotom-Wash|\n|poke|p2|Cresselia, F|\n|poke|p2|Grimmsnarl, M|\n|poke|p2|Tapu Koko|\n|poke|p2|Raichu-Alola, M|\n|poke|p2|Corviknight, F|\n|poke|p2|Lopunny, F|\n|teampreview\n|c|\u2606taki1223|veamos\n|c|\u2606taki1223|si se puede\n|c|\u2606taki1223|xdd\n|\n|t:|1700858251\n|start\n|switch|p1a: Hatterene|Hatterene, F|100\/100\n|switch|p2a: Grimmsnarl|Grimmsnarl, M|100\/100\n|turn|1\n|\n|t:|1700858258\n|move|p2a: Grimmsnarl|Parting Shot|p1a: Hatterene\n|move|p1a: Hatterene|Parting Shot|p2a: Grimmsnarl|[from]ability: Magic Bounce\n|-unboost|p2a: Grimmsnarl|atk|1\n|-unboost|p2a: Grimmsnarl|spa|1\n|\n|t:|1700858270\n|switch|p1a: Volcarona|Volcarona, M|100\/100|[from] Parting Shot\n|\n|upkeep\n|turn|2\n|\n|t:|1700858276\n|move|p2a: Grimmsnarl|Light Screen|p2a: Grimmsnarl\n|-sidestart|p2: taki1223|move: Light Screen\n|move|p1a: Volcarona|Bug Buzz|p2a: Grimmsnarl\n|-damage|p2a: Grimmsnarl|78\/100\n|\n|upkeep\n|turn|3\n|\n|t:|1700858281\n|move|p2a: Grimmsnarl|Parting Shot|p1a: Volcarona\n|-unboost|p1a: Volcarona|atk|1\n|-unboost|p1a: Volcarona|spa|1\n|\n|t:|1700858285\n|switch|p2a: Cresselia|Cresselia, F|100\/100|[from] Parting Shot\n|move|p1a: Volcarona|Quiver Dance|p1a: Volcarona\n|-boost|p1a: Volcarona|spa|1\n|-boost|p1a: Volcarona|spd|1\n|-boost|p1a: Volcarona|spe|1\n|\n|upkeep\n|turn|4\n|\n|t:|1700858293\n|move|p1a: Volcarona|Bug Buzz|p2a: Cresselia\n|-supereffective|p2a: Cresselia\n|-damage|p2a: Cresselia|67\/100\n|move|p2a: Cresselia|Calm Mind|p2a: Cresselia\n|-boost|p2a: Cresselia|spa|1\n|-boost|p2a: Cresselia|spd|1\n|\n|-heal|p2a: Cresselia|73\/100|[from] item: Leftovers\n|upkeep\n|turn|5\n|\n|t:|1700858303\n|move|p1a: Volcarona|Flamethrower|p2a: Cresselia\n|-damage|p2a: Cresselia|63\/100\n|move|p2a: Cresselia|Calm Mind|p2a: Cresselia\n|-boost|p2a: Cresselia|spa|1\n|-boost|p2a: Cresselia|spd|1\n|\n|-heal|p2a: Cresselia|69\/100|[from] item: Leftovers\n|upkeep\n|turn|6\n|\n|t:|1700858314\n|move|p1a: Volcarona|Flamethrower|p2a: Cresselia\n|-damage|p2a: Cresselia|62\/100\n|move|p2a: Cresselia|Calm Mind|p2a: Cresselia\n|-boost|p2a: Cresselia|spa|1\n|-boost|p2a: Cresselia|spd|1\n|\n|-heal|p2a: Cresselia|68\/100|[from] item: Leftovers\n|upkeep\n|turn|7\n|\n|t:|1700858322\n|move|p1a: Volcarona|Bug Buzz|p2a: Cresselia\n|-supereffective|p2a: Cresselia\n|-damage|p2a: Cresselia|54\/100\n|move|p2a: Cresselia|Calm Mind|p2a: Cresselia\n|-boost|p2a: Cresselia|spa|1\n|-boost|p2a: Cresselia|spd|1\n|\n|-heal|p2a: Cresselia|60\/100|[from] item: Leftovers\n|upkeep\n|turn|8\n|\n|t:|1700858329\n|-terastallize|p2a: Cresselia|Electric\n|move|p1a: Volcarona|Quiver Dance|p1a: Volcarona\n|-boost|p1a: Volcarona|spa|1\n|-boost|p1a: Volcarona|spd|1\n|-boost|p1a: Volcarona|spe|1\n|move|p2a: Cresselia|Moonlight|p2a: Cresselia\n|-heal|p2a: Cresselia|100\/100\n|\n|upkeep\n|turn|9\n|\n|t:|1700858341\n|move|p1a: Volcarona|Quiver Dance|p1a: Volcarona\n|-boost|p1a: Volcarona|spa|1\n|-boost|p1a: Volcarona|spd|1\n|-boost|p1a: Volcarona|spe|1\n|move|p2a: Cresselia|Calm Mind|p2a: Cresselia\n|-boost|p2a: Cresselia|spa|1\n|-boost|p2a: Cresselia|spd|1\n|\n|-sideend|p2: taki1223|move: Light Screen\n|upkeep\n|turn|10\n|\n|t:|1700858349\n|move|p1a: Volcarona|Bug Buzz|p2a: Cresselia\n|-damage|p2a: Cresselia|81\/100\n|move|p2a: Cresselia|Calm Mind|p2a: Cresselia\n|-boost|p2a: Cresselia|spa|1\n|-boost|p2a: Cresselia|spd|1\n|\n|-heal|p2a: Cresselia|87\/100|[from] item: Leftovers\n|upkeep\n|turn|11\n|c|\u2606taki1223|y hizo\n|\n|t:|1700858359\n|move|p1a: Volcarona|Giga Drain|p2a: Cresselia\n|-damage|p2a: Cresselia|78\/100\n|move|p2a: Cresselia|Stored Power|p1a: Volcarona\n|-damage|p1a: Volcarona|0 fnt\n|faint|p1a: Volcarona\n|\n|-heal|p2a: Cresselia|84\/100|[from] item: Leftovers\n|upkeep\n|c|\u2606taki1223|PUUUUM\n|c|\u2606taki1223|jsjsj\n|\n|t:|1700858368\n|switch|p1a: Gyarados|Gyarados, F|100\/100\n|-ability|p1a: Gyarados|Intimidate|boost\n|-unboost|p2a: Cresselia|atk|1\n|turn|12\n|\n|t:|1700858375\n|detailschange|p1a: Gyarados|Gyarados-Mega, F\n|-mega|p1a: Gyarados|Gyarados|Gyaradosite\n|-ability|p1a: Gyarados|Mold Breaker\n|move|p1a: Gyarados|Crunch|p2a: Cresselia\n|-damage|p2a: Cresselia|54\/100\n|move|p2a: Cresselia|Thunderbolt|p1a: Gyarados\n|-supereffective|p1a: Gyarados\n|-damage|p1a: Gyarados|0 fnt\n|faint|p1a: Gyarados\n|\n|-heal|p2a: Cresselia|60\/100|[from] item: Leftovers\n|upkeep\n|\n|t:|1700858385\n|switch|p1a: Landorus|Landorus-Therian, M|100\/100\n|-ability|p1a: Landorus|Intimidate|boost\n|-unboost|p2a: Cresselia|atk|1\n|turn|13\n|\n|t:|1700858391\n|move|p1a: Landorus|Toxic|p2a: Cresselia\n|-status|p2a: Cresselia|tox\n|move|p2a: Cresselia|Moonlight|p2a: Cresselia\n|-heal|p2a: Cresselia|100\/100 tox\n|\n|-damage|p2a: Cresselia|94\/100 tox|[from] psn\n|upkeep\n|turn|14\n|\n|t:|1700858400\n|move|p1a: Landorus|Stone Edge|p2a: Cresselia|[miss]\n|-miss|p1a: Landorus|p2a: Cresselia\n|move|p2a: Cresselia|Stored Power|p1a: Landorus\n|-damage|p1a: Landorus|0 fnt\n|faint|p1a: Landorus\n|\n|-heal|p2a: Cresselia|100\/100 tox|[from] item: Leftovers\n|-damage|p2a: Cresselia|88\/100 tox|[from] psn\n|upkeep\n|\n|t:|1700858409\n|switch|p1a: Rotom|Rotom-Wash|100\/100\n|turn|15\n|\n|t:|1700858414\n|move|p1a: Rotom|Thunderbolt|p2a: Cresselia\n|-resisted|p2a: Cresselia\n|-damage|p2a: Cresselia|85\/100 tox\n|move|p2a: Cresselia|Stored Power|p1a: Rotom\n|-damage|p1a: Rotom|0 fnt\n|faint|p1a: Rotom\n|\n|-heal|p2a: Cresselia|91\/100 tox|[from] item: Leftovers\n|-damage|p2a: Cresselia|73\/100 tox|[from] psn\n|upkeep\n|\n|t:|1700858424\n|switch|p1a: Hatterene|Hatterene, F|100\/100\n|turn|16\n|\n|t:|1700858438\n|move|p2a: Cresselia|Thunderbolt|p1a: Hatterene\n|-damage|p1a: Hatterene|2\/100\n|move|p1a: Hatterene|Draining Kiss|p2a: Cresselia\n|-damage|p2a: Cresselia|68\/100 tox\n|-heal|p1a: Hatterene|7\/100|[from] drain|[of] p2a: Cresselia\n|\n|-heal|p2a: Cresselia|74\/100 tox|[from] item: Leftovers\n|-heal|p1a: Hatterene|13\/100|[from] item: Leftovers\n|-damage|p2a: Cresselia|50\/100 tox|[from] psn\n|upkeep\n|turn|17\n|-message|David07xd forfeited.\n|\n|win|taki1223\n|l|\u2606David07xd\n|c|\u2606taki1223|gg\n","uploadtime":1700858454,"views":13,"p1id":"david07xd","p2id":"taki1223","formatid":"gen9nationaldex","rating":0,"private":0,"password":""}