{"id":"gen9nationaldex-1989285009","p1":"Oxxo_ntsm","p2":"Jor99fran","format":"[Gen 9] National Dex","log":"|j|\u2606Oxxo_ntsm\n|j|\u2606Jor99fran\n|t:|1699831867\n|gametype|singles\n|player|p1|Oxxo_ntsm|hilbert-wonderlauncher|\n|player|p2|Jor99fran|ghetsis|\n|teamsize|p1|6\n|teamsize|p2|6\n|gen|9\n|tier|[Gen 9] National Dex\n|rule|HP Percentage Mod: HP is shown in percentages\n|rule|Endless Battle Clause: Forcing endless battles is banned\n|rule|OHKO Clause: OHKO moves are banned\n|rule|Evasion Clause: Evasion abilities, items, and moves are banned\n|rule|Evasion Abilities Clause: Evasion abilities are banned\n|rule|Evasion Items Clause: Evasion items are banned\n|rule|Evasion Moves Clause: Evasion moves are banned\n|rule|Species Clause: Limit one of each Pok\u00e9mon\n|rule|Sleep Clause Mod: Limit one foe put to sleep\n|clearpoke\n|poke|p1|Charizard, M|\n|poke|p1|Volcarona, F|\n|poke|p1|Victini|\n|poke|p1|Ceruledge, M|\n|poke|p1|Chandelure, F|\n|poke|p1|Flareon, M|\n|poke|p2|Basculegion-F, F|\n|poke|p2|Chandelure, M|\n|poke|p2|Gengar, M|\n|poke|p2|Decidueye, F|\n|poke|p2|Palossand, M|\n|poke|p2|Skeledirge, F|\n|teampreview\n|inactive|Battle timer is ON: inactive players will automatically lose when time's up. (requested by Oxxo_ntsm)\n|c|\u2606Oxxo_ntsm|Buena suerte\n|c|\u2606Jor99fran|igual\n|c|\u2606Jor99fran|es mi team v2\n|c|\u2606Jor99fran|XD\n|\n|t:|1699831888\n|start\n|switch|p1a: Mothra|Volcarona, F|100\/100\n|switch|p2a: Gengar|Gengar, M, shiny|100\/100\n|turn|1\n|c|\u2606Jor99fran|por si filtran el normal\n|\n|t:|1699831899\n|move|p2a: Gengar|Toxic Spikes|p1a: Mothra\n|-sidestart|p1: Oxxo_ntsm|move: Toxic Spikes\n|move|p1a: Mothra|Quiver Dance|p1a: Mothra\n|-boost|p1a: Mothra|spa|1\n|-boost|p1a: Mothra|spd|1\n|-boost|p1a: Mothra|spe|1\n|\n|upkeep\n|turn|2\n|\n|t:|1699831910\n|move|p1a: Mothra|Fiery Dance|p2a: Gengar\n|-damage|p2a: Gengar|0 fnt\n|faint|p2a: Gengar\n|\n|upkeep\n|\n|t:|1699831915\n|switch|p2a: Basculegion|Basculegion-F, F, shiny|100\/100\n|turn|3\n|\n|t:|1699831922\n|-terastallize|p2a: Basculegion|Water\n|move|p1a: Mothra|Bug Buzz|p2a: Basculegion\n|-damage|p2a: Basculegion|4\/100\n|move|p2a: Basculegion|Substitute|p2a: Basculegion\n|-fail|p2a: Basculegion|move: Substitute|[weak]\n|\n|-heal|p2a: Basculegion|10\/100|[from] item: Leftovers\n|upkeep\n|turn|4\n|\n|t:|1699831932\n|move|p1a: Mothra|Bug Buzz|p2a: Basculegion\n|-damage|p2a: Basculegion|0 fnt\n|faint|p2a: Basculegion\n|\n|upkeep\n|\n|t:|1699831941\n|switch|p2a: Palossand|Palossand, M|100\/100\n|turn|5\n|\n|t:|1699831949\n|move|p1a: Mothra|Bug Buzz|p2a: Palossand\n|-resisted|p2a: Palossand\n|-damage|p2a: Palossand|53\/100\n|move|p2a: Palossand|Stealth Rock|p1a: Mothra\n|-sidestart|p1: Oxxo_ntsm|move: Stealth Rock\n|\n|upkeep\n|turn|6\n|\n|t:|1699831960\n|move|p1a: Mothra|Bug Buzz|p2a: Palossand\n|-resisted|p2a: Palossand\n|-damage|p2a: Palossand|4\/100\n|move|p2a: Palossand|Shore Up|p2a: Palossand\n|-heal|p2a: Palossand|54\/100\n|\n|upkeep\n|turn|7\n|\n|t:|1699831968\n|move|p1a: Mothra|Quiver Dance|p1a: Mothra\n|-boost|p1a: Mothra|spa|1\n|-boost|p1a: Mothra|spd|1\n|-boost|p1a: Mothra|spe|1\n|move|p2a: Palossand|Shore Up|p2a: Palossand\n|-heal|p2a: Palossand|100\/100\n|\n|upkeep\n|turn|8\n|\n|t:|1699831976\n|move|p1a: Mothra|Bug Buzz|p2a: Palossand\n|-resisted|p2a: Palossand\n|-damage|p2a: Palossand|44\/100\n|move|p2a: Palossand|Shadow Ball|p1a: Mothra\n|-damage|p1a: Mothra|85\/100\n|\n|upkeep\n|turn|9\n|\n|t:|1699831984\n|move|p1a: Mothra|Bug Buzz|p2a: Palossand\n|-resisted|p2a: Palossand\n|-damage|p2a: Palossand|0 fnt\n|faint|p2a: Palossand\n|\n|upkeep\n|\n|t:|1699831989\n|switch|p2a: Skeledirge|Skeledirge, F|100\/100\n|turn|10\n|\n|t:|1699831993\n|-terastallize|p1a: Mothra|Ground\n|move|p1a: Mothra|Tera Blast|p2a: Skeledirge|[anim] Tera Blast Ground\n|-supereffective|p2a: Skeledirge\n|-damage|p2a: Skeledirge|23\/100\n|move|p2a: Skeledirge|Torch Song|p1a: Mothra\n|-damage|p1a: Mothra|53\/100\n|-boost|p2a: Skeledirge|spa|1\n|\n|upkeep\n|turn|11\n|\n|t:|1699832003\n|move|p1a: Mothra|Tera Blast|p2a: Skeledirge|[anim] Tera Blast Ground\n|-supereffective|p2a: Skeledirge\n|-damage|p2a: Skeledirge|0 fnt\n|faint|p2a: Skeledirge\n|\n|upkeep\n|\n|t:|1699832008\n|switch|p2a: Chandelure|Chandelure, M|100\/100\n|turn|12\n|\n|t:|1699832013\n|move|p1a: Mothra|Tera Blast|p2a: Chandelure|[anim] Tera Blast Ground\n|-supereffective|p2a: Chandelure\n|-damage|p2a: Chandelure|0 fnt\n|faint|p2a: Chandelure\n|\n|upkeep\n|\n|t:|1699832016\n|switch|p2a: Decidueye|Decidueye, F|100\/100\n|turn|13\n|\n|t:|1699832021\n|move|p1a: Mothra|Bug Buzz|p2a: Decidueye\n|-damage|p2a: Decidueye|0 fnt\n|faint|p2a: Decidueye\n|\n|win|Oxxo_ntsm\n|c|\u2606Jor99fran|tmr\n|c|\u2606Oxxo_ntsm|gg\n","uploadtime":1699832029,"views":28,"p1id":"oxxontsm","p2id":"jor99fran","formatid":"gen9nationaldex","rating":0,"private":0,"password":""}