{"id":"gen9nationaldex-1990509599","p1":"lxvliiz","p2":"Dark Umbreon 08","format":"[Gen 9] National Dex","log":"|j|\u2606lxvliiz\n|j|\u2606Dark Umbreon 08\n|t:|1699977326\n|gametype|singles\n|player|p1|lxvliiz|guitarist|1091\n|player|p2|Dark Umbreon 08|lass-gen4dp|1000\n|teamsize|p1|6\n|teamsize|p2|1\n|gen|9\n|tier|[Gen 9] National Dex\n|rated|\n|rule|HP Percentage Mod: HP is shown in percentages\n|rule|Endless Battle Clause: Forcing endless battles is banned\n|rule|OHKO Clause: OHKO moves are banned\n|rule|Evasion Clause: Evasion abilities, items, and moves are banned\n|rule|Evasion Abilities Clause: Evasion abilities are banned\n|rule|Evasion Items Clause: Evasion items are banned\n|rule|Evasion Moves Clause: Evasion moves are banned\n|rule|Species Clause: Limit one of each Pok\u00e9mon\n|rule|Sleep Clause Mod: Limit one foe put to sleep\n|clearpoke\n|poke|p1|Charizard, M|\n|poke|p1|Azumarill, F|\n|poke|p1|Lilligant-Hisui, F|\n|poke|p1|Aegislash, M|\n|poke|p1|Nidoking, M|\n|poke|p1|Grimmsnarl, M|\n|poke|p2|Blaziken, M|\n|teampreview\n|inactive|Battle timer is ON: inactive players will automatically lose when time's up. (requested by Dark Umbreon 08)\n|\n|t:|1699977332\n|start\n|switch|p1a: Grimmsnarl|Grimmsnarl, M|100\/100\n|switch|p2a: Blaziken|Blaziken, M|100\/100\n|turn|1\n|\n|t:|1699977338\n|-terastallize|p2a: Blaziken|Flying\n|move|p1a: Grimmsnarl|Fake Out|p2a: Blaziken\n|-damage|p2a: Blaziken|85\/100\n|cant|p2a: Blaziken|flinch\n|\n|-ability|p2a: Blaziken|Speed Boost|boost\n|-boost|p2a: Blaziken|spe|1\n|upkeep\n|turn|2\n|\n|t:|1699977343\n|move|p1a: Grimmsnarl|Reflect|p1a: Grimmsnarl\n|-sidestart|p1: lxvliiz|Reflect\n|move|p2a: Blaziken|Swagger|p1a: Grimmsnarl\n|-boost|p1a: Grimmsnarl|atk|2\n|-enditem|p2a: Blaziken|Mirror Herb\n|-boost|p2a: Blaziken|atk|2|[from] item: Mirror Herb\n|-start|p1a: Grimmsnarl|confusion\n|\n|-ability|p2a: Blaziken|Speed Boost|boost\n|-boost|p2a: Blaziken|spe|1\n|upkeep\n|turn|3\n|\n|t:|1699977353\n|-activate|p1a: Grimmsnarl|confusion\n|-damage|p1a: Grimmsnarl|72\/100|[from] confusion\n|move|p2a: Blaziken|Blaze Kick|p1a: Grimmsnarl|[miss]\n|-miss|p2a: Blaziken|p1a: Grimmsnarl\n|\n|-ability|p2a: Blaziken|Speed Boost|boost\n|-boost|p2a: Blaziken|spe|1\n|upkeep\n|turn|4\n|\n|t:|1699977363\n|-activate|p1a: Grimmsnarl|confusion\n|-damage|p1a: Grimmsnarl|47\/100|[from] confusion\n|move|p2a: Blaziken|Focus Energy|p2a: Blaziken\n|-start|p2a: Blaziken|move: Focus Energy\n|\n|-ability|p2a: Blaziken|Speed Boost|boost\n|-boost|p2a: Blaziken|spe|1\n|upkeep\n|turn|5\n|\n|t:|1699977366\n|-activate|p1a: Grimmsnarl|confusion\n|-damage|p1a: Grimmsnarl|19\/100|[from] confusion\n|move|p2a: Blaziken|Blaze Kick|p1a: Grimmsnarl\n|-crit|p1a: Grimmsnarl\n|-damage|p1a: Grimmsnarl|0 fnt\n|faint|p1a: Grimmsnarl\n|\n|-ability|p2a: Blaziken|Speed Boost|boost\n|-boost|p2a: Blaziken|spe|1\n|upkeep\n|\n|t:|1699977374\n|switch|p1a: Azumarill|Azumarill, F|100\/100\n|turn|6\n|\n|t:|1699977381\n|-terastallize|p1a: Azumarill|Water\n|move|p1a: Azumarill|Aqua Jet|p2a: Blaziken\n|-damage|p2a: Blaziken|30\/100\n|move|p2a: Blaziken|Blaze Kick|p1a: Azumarill\n|-resisted|p1a: Azumarill\n|-crit|p1a: Azumarill\n|-damage|p1a: Azumarill|33\/100\n|-enditem|p1a: Azumarill|Sitrus Berry|[eat]\n|-heal|p1a: Azumarill|58\/100|[from] item: Sitrus Berry\n|\n|-ability|p2a: Blaziken|Speed Boost|boost\n|-boost|p2a: Blaziken|spe|1\n|upkeep\n|turn|7\n|-message|Dark Umbreon 08 forfeited.\n|\n|win|lxvliiz\n|raw|lxvliiz's rating: 1091 &rarr; <strong>1111<\/strong><br \/>(+20 for winning)\n|raw|Dark Umbreon 08's rating: 1000 &rarr; <strong>1000<\/strong><br \/>(+0 for losing)\n|l|\u2606Dark Umbreon 08\n|c|\u2606lxvliiz|lol\n","uploadtime":1699977396,"views":3,"p1id":"lxvliiz","p2id":"darkumbreon08","formatid":"gen9nationaldex","rating":1000,"private":0,"password":""}