{"id":"gen9nationaldex-1988747804","p1":"shiyv","p2":"landiwosh","format":"[Gen 9] National Dex","log":"|j|\u2606shiyv\n|j|\u2606landiwosh\n|t:|1699758038\n|gametype|singles\n|player|p1|shiyv|wallace|1517\n|player|p2|landiwosh|steven|1581\n|teamsize|p1|6\n|teamsize|p2|6\n|gen|9\n|tier|[Gen 9] National Dex\n|rated|\n|rule|HP Percentage Mod: HP is shown in percentages\n|rule|Endless Battle Clause: Forcing endless battles is banned\n|rule|OHKO Clause: OHKO moves are banned\n|rule|Evasion Clause: Evasion abilities, items, and moves are banned\n|rule|Evasion Abilities Clause: Evasion abilities are banned\n|rule|Evasion Items Clause: Evasion items are banned\n|rule|Evasion Moves Clause: Evasion moves are banned\n|rule|Species Clause: Limit one of each Pok\u00e9mon\n|rule|Sleep Clause Mod: Limit one foe put to sleep\n|clearpoke\n|poke|p1|Tapu Koko|\n|poke|p1|Raichu-Alola, M|\n|poke|p1|Iron Valiant|\n|poke|p1|Corviknight, F|\n|poke|p1|Iron Treads|\n|poke|p1|Tyranitar, M|\n|poke|p2|Zapdos|\n|poke|p2|Lopunny, M|\n|poke|p2|Landorus-Therian, M|\n|poke|p2|Volcanion|\n|poke|p2|Tapu Koko|\n|poke|p2|Sneasler, M|\n|teampreview\n|inactive|Battle timer is ON: inactive players will automatically lose when time's up. (requested by shiyv)\n|\n|t:|1699758060\n|start\n|switch|p1a: Tyranitar|Tyranitar, M|100\/100\n|switch|p2a: Lopunny|Lopunny, M|100\/100\n|-weather|Sandstorm|[from] ability: Sand Stream|[of] p1a: Tyranitar\n|turn|1\n|\n|t:|1699758066\n|switch|p1a: Corviknight|Corviknight, F|100\/100\n|detailschange|p2a: Lopunny|Lopunny-Mega, M\n|-mega|p2a: Lopunny|Lopunny|Lopunnite\n|move|p2a: Lopunny|Fake Out|p1a: Corviknight\n|-resisted|p1a: Corviknight\n|-damage|p1a: Corviknight|91\/100\n|\n|-weather|Sandstorm|[upkeep]\n|-damage|p2a: Lopunny|95\/100|[from] Sandstorm\n|-heal|p1a: Corviknight|97\/100|[from] item: Leftovers\n|upkeep\n|turn|2\n|\n|t:|1699758074\n|switch|p2a: Landorus|Landorus-Therian, M|100\/100\n|-ability|p2a: Landorus|Intimidate|boost\n|-ability|p1a: Corviknight|Mirror Armor\n|-unboost|p2a: Landorus|atk|1\n|move|p1a: Corviknight|U-turn|p2a: Landorus\n|-resisted|p2a: Landorus\n|-crit|p2a: Landorus\n|-damage|p2a: Landorus|93\/100\n|-damage|p1a: Corviknight|81\/100|[from] item: Rocky Helmet|[of] p2a: Landorus\n|\n|t:|1699758079\n|switch|p1a: Tyranitar|Tyranitar, M|100\/100|[from] U-turn\n|\n|-weather|Sandstorm|[upkeep]\n|upkeep\n|turn|3\n|\n|t:|1699758098\n|detailschange|p1a: Tyranitar|Tyranitar-Mega, M\n|-mega|p1a: Tyranitar|Tyranitar|Tyranitarite\n|move|p1a: Tyranitar|Ice Punch|p2a: Landorus\n|-supereffective|p2a: Landorus\n|-damage|p2a: Landorus|0 fnt\n|-damage|p1a: Tyranitar|84\/100|[from] item: Rocky Helmet|[of] p2a: Landorus\n|faint|p2a: Landorus\n|\n|-weather|Sandstorm|[upkeep]\n|upkeep\n|\n|t:|1699758102\n|switch|p2a: Lopunny|Lopunny-Mega, M|95\/100\n|turn|4\n|\n|t:|1699758110\n|switch|p1a: Corviknight|Corviknight, F|81\/100\n|move|p2a: Lopunny|Close Combat|p1a: Corviknight\n|-damage|p1a: Corviknight|30\/100\n|-unboost|p2a: Lopunny|def|1\n|-unboost|p2a: Lopunny|spd|1\n|\n|-weather|Sandstorm|[upkeep]\n|-damage|p2a: Lopunny|89\/100|[from] Sandstorm\n|-heal|p1a: Corviknight|36\/100|[from] item: Leftovers\n|upkeep\n|turn|5\n|\n|t:|1699758115\n|move|p2a: Lopunny|Close Combat|p1a: Corviknight\n|-damage|p1a: Corviknight|0 fnt\n|-unboost|p2a: Lopunny|def|1\n|-unboost|p2a: Lopunny|spd|1\n|faint|p1a: Corviknight\n|\n|-weather|none\n|upkeep\n|\n|t:|1699758118\n|switch|p1a: Tapu Koko|Tapu Koko|100\/100\n|-fieldstart|move: Electric Terrain|[from] ability: Electric Surge|[of] p1a: Tapu Koko\n|turn|6\n|\n|t:|1699758129\n|switch|p2a: Zapdos|Zapdos|100\/100\n|move|p1a: Tapu Koko|Volt Switch|p2a: Zapdos\n|-damage|p2a: Zapdos|66\/100\n|\n|t:|1699758134\n|switch|p1a: Raichu|Raichu-Alola, M|100\/100|[from] Volt Switch\n|\n|upkeep\n|turn|7\n|\n|t:|1699758138\n|-terastallize|p1a: Raichu|Electric\n|move|p1a: Raichu|Rising Voltage|p2a: Zapdos\n|-damage|p2a: Zapdos|0 fnt\n|faint|p2a: Zapdos\n|\n|upkeep\n|\n|t:|1699758145\n|switch|p2a: Lopunny|Lopunny-Mega, M|89\/100\n|turn|8\n|\n|t:|1699758148\n|move|p2a: Lopunny|Fake Out|p1a: Raichu\n|-damage|p1a: Raichu|52\/100\n|cant|p1a: Raichu|flinch\n|\n|upkeep\n|turn|9\n|\n|t:|1699758155\n|switch|p2a: Tapu Koko|Tapu Koko|100\/100\n|move|p1a: Raichu|Rising Voltage|p2a: Tapu Koko\n|-hint|Rising Voltage's BP doubled on grounded target.\n|-resisted|p2a: Tapu Koko\n|-damage|p2a: Tapu Koko|0 fnt\n|faint|p2a: Tapu Koko\n|\n|upkeep\n|\n|t:|1699758157\n|switch|p2a: Lopunny|Lopunny-Mega, M|89\/100\n|turn|10\n|\n|t:|1699758161\n|switch|p1a: Iron Treads|Iron Treads|100\/100\n|-activate|p1a: Iron Treads|ability: Quark Drive\n|-start|p1a: Iron Treads|quarkdrivespe\n|move|p2a: Lopunny|Fake Out|p1a: Iron Treads\n|-resisted|p1a: Iron Treads\n|-damage|p1a: Iron Treads|91\/100\n|\n|upkeep\n|turn|11\n|\n|t:|1699758169\n|move|p1a: Iron Treads|Earthquake|p2a: Lopunny\n|-damage|p2a: Lopunny|26\/100\n|move|p2a: Lopunny|Close Combat|p1a: Iron Treads\n|-supereffective|p1a: Iron Treads\n|-damage|p1a: Iron Treads|0 fnt\n|-unboost|p2a: Lopunny|def|1\n|-unboost|p2a: Lopunny|spd|1\n|faint|p1a: Iron Treads\n|-end|p1a: Iron Treads|Quark Drive|[silent]\n|\n|upkeep\n|\n|t:|1699758174\n|switch|p1a: Raichu|Raichu-Alola, M, tera:Electric|52\/100\n|turn|12\n|\n|t:|1699758176\n|move|p2a: Lopunny|Quick Attack|p1a: Raichu\n|-damage|p1a: Raichu|7\/100\n|move|p1a: Raichu|Rising Voltage|p2a: Lopunny\n|-hint|Rising Voltage's BP doubled on grounded target.\n|-damage|p2a: Lopunny|0 fnt\n|faint|p2a: Lopunny\n|\n|upkeep\n|\n|t:|1699758181\n|switch|p2a: Sneasler|Sneasler, M|100\/100\n|-enditem|p2a: Sneasler|Electric Seed\n|-boost|p2a: Sneasler|def|1|[from] item: Electric Seed\n|turn|13\n|\n|t:|1699758186\n|move|p1a: Raichu|Rising Voltage|p2a: Sneasler\n|-hint|Rising Voltage's BP doubled on grounded target.\n|-damage|p2a: Sneasler|0 fnt\n|faint|p2a: Sneasler\n|\n|-fieldend|move: Electric Terrain\n|upkeep\n|\n|t:|1699758188\n|switch|p2a: Volcanion|Volcanion|100\/100\n|turn|14\n|\n|t:|1699758191\n|move|p1a: Raichu|Rising Voltage|p2a: Volcanion\n|-supereffective|p2a: Volcanion\n|-damage|p2a: Volcanion|0 fnt\n|faint|p2a: Volcanion\n|\n|win|shiyv\n|raw|shiyv's rating: 1517 &rarr; <strong>1541<\/strong><br \/>(+24 for winning)\n|raw|landiwosh's rating: 1581 &rarr; <strong>1557<\/strong><br \/>(-24 for losing)\n|l|\u2606landiwosh\n|l|\u2606shiyv\n|j|\u2606shiyv\n|player|p1|shiyv|wallace\n","uploadtime":1699758230,"views":4,"p1id":"shiyv","p2id":"landiwosh","formatid":"gen9nationaldex","rating":1541,"private":0,"password":""}