{"id":"gen9nationaldex-1995413025","p1":"Chili D Dewd","p2":"baigu2","format":"[Gen 9] National Dex","log":"|html|<div class=\"broadcast-blue\"><strong>[Gen 9] National Dex is currently suspecting Sneasler! For information on how to participate check out the <a href=\"https:\/\/www.smogon.com\/forums\/threads\/sv-national-dex-suspect-8-just-dance.3731534\/\">suspect thread<\/a>.<\/strong><\/div>\n|j|\u2606Chili D Dewd\n|j|\u2606baigu2\n|t:|1700567489\n|gametype|singles\n|player|p1|Chili D Dewd|flint|1749\n|player|p2|baigu2|101|1769\n|teamsize|p1|6\n|teamsize|p2|6\n|gen|9\n|tier|[Gen 9] National Dex\n|rated|\n|rule|HP Percentage Mod: HP is shown in percentages\n|rule|Endless Battle Clause: Forcing endless battles is banned\n|rule|OHKO Clause: OHKO moves are banned\n|rule|Evasion Clause: Evasion abilities, items, and moves are banned\n|rule|Evasion Abilities Clause: Evasion abilities are banned\n|rule|Evasion Items Clause: Evasion items are banned\n|rule|Evasion Moves Clause: Evasion moves are banned\n|rule|Species Clause: Limit one of each Pok\u00e9mon\n|rule|Sleep Clause Mod: Limit one foe put to sleep\n|clearpoke\n|poke|p1|Scovillain, M|\n|poke|p1|Torkoal, M|\n|poke|p1|Great Tusk|\n|poke|p1|Houndoom, F|\n|poke|p1|Tapu Lele|\n|poke|p1|Rotom-Wash|\n|poke|p2|Ursaluna, M|\n|poke|p2|Dragonite, M|\n|poke|p2|Slowking, F|\n|poke|p2|Tapu Koko|\n|poke|p2|Hoopa-Unbound|\n|poke|p2|Great Tusk|\n|teampreview\n|inactive|Battle timer is ON: inactive players will automatically lose when time's up. (requested by Chili D Dewd)\n|\n|t:|1700567497\n|start\n|switch|p1a: Torkoal|Torkoal, M|100\/100\n|switch|p2a: Hoopa|Hoopa-Unbound|100\/100\n|-weather|SunnyDay|[from] ability: Drought|[of] p1a: Torkoal\n|turn|1\n|\n|t:|1700567502\n|switch|p1a: Rotom|Rotom-Wash|100\/100\n|-zpower|p2a: Hoopa\n|move|p2a: Hoopa|All-Out Pummeling|p1a: Rotom|[zeffect]\n|-crit|p1a: Rotom\n|-damage|p1a: Rotom|9\/100\n|\n|-weather|SunnyDay|[upkeep]\n|-heal|p1a: Rotom|15\/100|[from] item: Leftovers\n|upkeep\n|turn|2\n|\n|t:|1700567510\n|move|p2a: Hoopa|Dark Pulse|p1a: Rotom\n|-damage|p1a: Rotom|0 fnt\n|faint|p1a: Rotom\n|\n|-weather|SunnyDay|[upkeep]\n|upkeep\n|\n|t:|1700567513\n|switch|p1a: Houndoom|Houndoom, F|100\/100\n|turn|3\n|\n|t:|1700567527\n|switch|p2a: Dragonite|Dragonite, M|100\/100\n|detailschange|p1a: Houndoom|Houndoom-Mega, F\n|-mega|p1a: Houndoom|Houndoom|Houndoominite\n|move|p1a: Houndoom|Flamethrower|p2a: Dragonite\n|-resisted|p2a: Dragonite\n|-damage|p2a: Dragonite|76\/100\n|\n|-weather|SunnyDay|[upkeep]\n|-damage|p1a: Houndoom|88\/100|[from] ability: Solar Power|[of] p1a: Houndoom\n|upkeep\n|turn|4\n|j| ooMIZUHASUoo\n|\n|t:|1700567532\n|-terastallize|p2a: Dragonite|Normal\n|move|p2a: Dragonite|Extreme Speed|p1a: Houndoom\n|-damage|p1a: Houndoom|0 fnt\n|faint|p1a: Houndoom\n|\n|-weather|SunnyDay|[upkeep]\n|upkeep\n|\n|t:|1700567536\n|switch|p1a: Great Tusk|Great Tusk|100\/100\n|-activate|p1a: Great Tusk|ability: Protosynthesis\n|-start|p1a: Great Tusk|protosynthesisatk\n|turn|5\n|\n|t:|1700567545\n|switch|p2a: Hoopa|Hoopa-Unbound|100\/100\n|move|p1a: Great Tusk|Close Combat|p2a: Hoopa\n|-damage|p2a: Hoopa|0 fnt\n|-unboost|p1a: Great Tusk|def|1\n|-unboost|p1a: Great Tusk|spd|1\n|faint|p2a: Hoopa\n|\n|-weather|SunnyDay|[upkeep]\n|upkeep\n|\n|t:|1700567548\n|switch|p2a: Great Tusk|Great Tusk|100\/100\n|-activate|p2a: Great Tusk|ability: Protosynthesis\n|-start|p2a: Great Tusk|protosynthesisatk\n|turn|6\n|\n|t:|1700567552\n|-zpower|p1a: Great Tusk\n|move|p1a: Great Tusk|Subzero Slammer|p2a: Great Tusk|[zeffect]\n|-supereffective|p2a: Great Tusk\n|-damage|p2a: Great Tusk|5\/100\n|move|p2a: Great Tusk|Ice Spinner|p1a: Great Tusk\n|-supereffective|p1a: Great Tusk\n|-damage|p1a: Great Tusk|6\/100\n|\n|-weather|SunnyDay|[upkeep]\n|upkeep\n|turn|7\n|\n|t:|1700567563\n|move|p1a: Great Tusk|Rapid Spin|p2a: Great Tusk\n|-damage|p2a: Great Tusk|0 fnt\n|-boost|p1a: Great Tusk|spe|1\n|faint|p2a: Great Tusk\n|-end|p2a: Great Tusk|Protosynthesis|[silent]\n|\n|-weather|SunnyDay|[upkeep]\n|upkeep\n|\n|t:|1700567566\n|switch|p2a: Dragonite|Dragonite, M, tera:Normal|76\/100\n|turn|8\n|\n|t:|1700567575\n|-end|p1a: Great Tusk|Protosynthesis|[silent]\n|switch|p1a: Tapu Lele|Tapu Lele|100\/100\n|-fieldstart|move: Psychic Terrain|[from] ability: Psychic Surge|[of] p1a: Tapu Lele\n|move|p2a: Dragonite|Extreme Speed|p1a: Tapu Lele\n|-activate|p1a: Tapu Lele|move: Psychic Terrain\n|\n|-weather|none\n|upkeep\n|turn|9\n|\n|t:|1700567579\n|switch|p1a: Torkoal|Torkoal, M|100\/100\n|-weather|SunnyDay|[from] ability: Drought|[of] p1a: Torkoal\n|switch|p2a: Slowking|Slowking, F|100\/100\n|\n|-weather|SunnyDay|[upkeep]\n|upkeep\n|turn|10\n|\n|t:|1700567583\n|move|p1a: Torkoal|Stealth Rock|p2a: Slowking\n|-sidestart|p2: baigu2|move: Stealth Rock\n|move|p2a: Slowking|Teleport|p2a: Slowking\n|\n|t:|1700567585\n|switch|p2a: Ursaluna|Ursaluna, M|100\/100|[from] Teleport\n|-damage|p2a: Ursaluna|94\/100|[from] Stealth Rock\n|\n|-weather|SunnyDay|[upkeep]\n|-status|p2a: Ursaluna|brn|[from] item: Flame Orb\n|upkeep\n|turn|11\n|\n|t:|1700567590\n|switch|p1a: Great Tusk|Great Tusk|6\/100\n|-activate|p1a: Great Tusk|ability: Protosynthesis\n|-start|p1a: Great Tusk|protosynthesisatk\n|move|p2a: Ursaluna|Headlong Rush|p1a: Great Tusk\n|-damage|p1a: Great Tusk|0 fnt\n|-unboost|p2a: Ursaluna|def|1\n|-unboost|p2a: Ursaluna|spd|1\n|faint|p1a: Great Tusk\n|-end|p1a: Great Tusk|Protosynthesis|[silent]\n|\n|-weather|SunnyDay|[upkeep]\n|-damage|p2a: Ursaluna|88\/100 brn|[from] brn\n|upkeep\n|\n|t:|1700567592\n|switch|p1a: Scovillain|Scovillain, M|100\/100\n|turn|12\n|\n|t:|1700567600\n|switch|p2a: Tapu Koko|Tapu Koko|100\/100\n|-damage|p2a: Tapu Koko|88\/100|[from] Stealth Rock\n|-fieldstart|move: Electric Terrain|[from] ability: Electric Surge|[of] p2a: Tapu Koko\n|-terastallize|p1a: Scovillain|Fire\n|move|p1a: Scovillain|Fire Blast|p2a: Tapu Koko\n|-damage|p2a: Tapu Koko|0 fnt\n|faint|p2a: Tapu Koko\n|-damage|p1a: Scovillain|91\/100|[from] item: Life Orb\n|\n|-weather|SunnyDay|[upkeep]\n|upkeep\n|\n|t:|1700567604\n|switch|p2a: Slowking|Slowking, F|100\/100\n|turn|13\n|\n|t:|1700567608\n|move|p1a: Scovillain|Giga Drain|p2a: Slowking\n|-supereffective|p2a: Slowking\n|-damage|p2a: Slowking|48\/100\n|-heal|p1a: Scovillain|100\/100|[from] drain|[of] p2a: Slowking\n|-damage|p1a: Scovillain|91\/100|[from] item: Life Orb\n|move|p2a: Slowking|Trick Room|p2a: Slowking\n|-fieldstart|move: Trick Room|[of] p2a: Slowking\n|\n|-weather|SunnyDay|[upkeep]\n|upkeep\n|turn|14\n|\n|t:|1700567623\n|move|p1a: Scovillain|Giga Drain|p2a: Slowking\n|-supereffective|p2a: Slowking\n|-damage|p2a: Slowking|0 fnt\n|-heal|p1a: Scovillain|100\/100|[from] drain|[of] p2a: Slowking\n|faint|p2a: Slowking\n|-damage|p1a: Scovillain|91\/100|[from] item: Life Orb\n|\n|-weather|SunnyDay|[upkeep]\n|upkeep\n|\n|t:|1700567625\n|switch|p2a: Ursaluna|Ursaluna, M|88\/100 brn\n|-damage|p2a: Ursaluna|82\/100 brn|[from] Stealth Rock\n|turn|15\n|\n|t:|1700567632\n|switch|p1a: Tapu Lele|Tapu Lele|100\/100\n|-fieldstart|move: Psychic Terrain|[from] ability: Psychic Surge|[of] p1a: Tapu Lele\n|move|p2a: Ursaluna|Facade|p1a: Tapu Lele\n|-damage|p1a: Tapu Lele|0 fnt\n|faint|p1a: Tapu Lele\n|\n|-weather|SunnyDay|[upkeep]\n|-damage|p2a: Ursaluna|75\/100 brn|[from] brn\n|upkeep\n|\n|t:|1700567635\n|switch|p1a: Torkoal|Torkoal, M|100\/100\n|turn|16\n|\n|t:|1700567638\n|move|p1a: Torkoal|Body Press|p2a: Ursaluna\n|-supereffective|p2a: Ursaluna\n|-damage|p2a: Ursaluna|33\/100 brn\n|move|p2a: Ursaluna|Headlong Rush|p1a: Torkoal\n|-supereffective|p1a: Torkoal\n|-damage|p1a: Torkoal|0 fnt\n|-unboost|p2a: Ursaluna|def|1\n|-unboost|p2a: Ursaluna|spd|1\n|faint|p1a: Torkoal\n|\n|-weather|none\n|-damage|p2a: Ursaluna|27\/100 brn|[from] brn\n|upkeep\n|\n|t:|1700567641\n|switch|p1a: Scovillain|Scovillain, M, tera:Fire|91\/100\n|turn|17\n|\n|t:|1700567644\n|move|p2a: Ursaluna|Headlong Rush|p1a: Scovillain\n|-supereffective|p1a: Scovillain\n|-damage|p1a: Scovillain|0 fnt\n|-unboost|p2a: Ursaluna|def|1\n|-unboost|p2a: Ursaluna|spd|1\n|faint|p1a: Scovillain\n|\n|win|baigu2\n|raw|Chili D Dewd's rating: 1749 &rarr; <strong>1730<\/strong><br \/>(-19 for losing)\n|raw|baigu2's rating: 1769 &rarr; <strong>1788<\/strong><br \/>(+19 for winning)\n","uploadtime":1700567647,"views":0,"p1id":"chiliddewd","p2id":"baigu2","formatid":"gen9nationaldex","rating":1730,"private":0,"password":""}