{"id":"gen9nationaldex-1988229374","p1":"Jam20Jam","p2":"BriefStar","format":"[Gen 9] National Dex","log":"|j|\u2606Jam20Jam\n|j|\u2606BriefStar\n|t:|1699689831\n|gametype|singles\n|player|p1|Jam20Jam|carmine|\n|player|p2|BriefStar|benga|\n|teamsize|p1|6\n|teamsize|p2|6\n|gen|9\n|tier|[Gen 9] National Dex\n|rule|HP Percentage Mod: HP is shown in percentages\n|rule|Endless Battle Clause: Forcing endless battles is banned\n|rule|OHKO Clause: OHKO moves are banned\n|rule|Evasion Clause: Evasion abilities, items, and moves are banned\n|rule|Evasion Abilities Clause: Evasion abilities are banned\n|rule|Evasion Items Clause: Evasion items are banned\n|rule|Evasion Moves Clause: Evasion moves are banned\n|rule|Species Clause: Limit one of each Pok\u00e9mon\n|rule|Sleep Clause Mod: Limit one foe put to sleep\n|clearpoke\n|poke|p1|Amoonguss, M|\n|poke|p1|Skeledirge, F|\n|poke|p1|Grimer-Alola, F|\n|poke|p1|Coalossal, F|\n|poke|p1|Veluza, M|\n|poke|p1|Cetitan, F|\n|poke|p2|Torkoal, F|\n|poke|p2|Tinkaton, F|\n|poke|p2|Bellibolt, M|\n|poke|p2|Mismagius, F|\n|poke|p2|Charizard, F|\n|poke|p2|Fraxure, F|\n|teampreview\n|\n|t:|1699689847\n|start\n|switch|p1a: Amoonguss|Amoonguss, M|100\/100\n|switch|p2a: Hey There|Fraxure, F|100\/100\n|-ability|p2a: Hey There|Mold Breaker\n|turn|1\n|\n|t:|1699689857\n|move|p2a: Hey There|Substitute|p2a: Hey There\n|-start|p2a: Hey There|Substitute\n|-damage|p2a: Hey There|76\/100\n|move|p1a: Amoonguss|Sludge Bomb|p2a: Hey There\n|-end|p2a: Hey There|Substitute\n|\n|upkeep\n|turn|2\n|\n|t:|1699689866\n|switch|p2a: Megaton|Tinkaton, F|100\/100\n|-ability|p2a: Megaton|Mold Breaker\n|move|p1a: Amoonguss|Sludge Bomb|p2a: Megaton\n|-immune|p2a: Megaton\n|\n|upkeep\n|turn|3\n|\n|t:|1699689874\n|move|p2a: Megaton|Ice Hammer|p1a: Amoonguss\n|-supereffective|p1a: Amoonguss\n|-damage|p1a: Amoonguss|52\/100\n|-unboost|p2a: Megaton|spe|1\n|move|p1a: Amoonguss|Spore|p2a: Megaton\n|-status|p2a: Megaton|slp|[from] move: Spore\n|\n|-heal|p1a: Amoonguss|58\/100|[from] item: Black Sludge\n|upkeep\n|turn|4\n|\n|t:|1699689889\n|switch|p2a: Donny|Torkoal, F|100\/100\n|-weather|SunnyDay|[from] ability: Drought|[of] p2a: Donny\n|switch|p1a: Cetitan|Cetitan, F|100\/100\n|\n|-weather|SunnyDay|[upkeep]\n|upkeep\n|turn|5\n|\n|t:|1699689908\n|-terastallize|p1a: Cetitan|Ground\n|move|p1a: Cetitan|Belly Drum|p1a: Cetitan\n|-damage|p1a: Cetitan|50\/100\n|-setboost|p1a: Cetitan|atk|6|[from] move: Belly Drum\n|-enditem|p1a: Cetitan|Sitrus Berry|[eat]\n|-heal|p1a: Cetitan|75\/100|[from] item: Sitrus Berry\n|move|p2a: Donny|Yawn|p1a: Cetitan\n|-start|p1a: Cetitan|move: Yawn|[of] p2a: Donny\n|\n|-weather|SunnyDay|[upkeep]\n|upkeep\n|turn|6\n|\n|t:|1699689926\n|move|p1a: Cetitan|Ice Shard|p2a: Donny\n|-resisted|p2a: Donny\n|-damage|p2a: Donny|80\/100\n|move|p2a: Donny|Stealth Rock|p1a: Cetitan\n|-sidestart|p1: Jam20Jam|move: Stealth Rock\n|\n|-weather|SunnyDay|[upkeep]\n|-end|p1a: Cetitan|move: Yawn|[silent]\n|-status|p1a: Cetitan|slp\n|upkeep\n|turn|7\n|\n|t:|1699689942\n|switch|p2a: Charizard|Charizard, F, shiny|100\/100\n|cant|p1a: Cetitan|slp\n|\n|-weather|SunnyDay|[upkeep]\n|-damage|p2a: Charizard|88\/100|[from] ability: Solar Power|[of] p2a: Charizard\n|upkeep\n|turn|8\n|\n|t:|1699689951\n|cant|p1a: Cetitan|slp\n|move|p2a: Charizard|Solar Beam||[still]\n|-prepare|p2a: Charizard|Solar Beam\n|-anim|p2a: Charizard|Solar Beam|p1a: Cetitan\n|-supereffective|p1a: Cetitan\n|-damage|p1a: Cetitan|0 fnt\n|faint|p1a: Cetitan\n|\n|-weather|SunnyDay|[upkeep]\n|-damage|p2a: Charizard|76\/100|[from] ability: Solar Power|[of] p2a: Charizard\n|upkeep\n|\n|t:|1699689963\n|switch|p1a: Amoonguss|Amoonguss, M|91\/100\n|-damage|p1a: Amoonguss|79\/100|[from] Stealth Rock\n|turn|9\n|\n|t:|1699689976\n|switch|p2a: Donny|Torkoal, F|80\/100\n|switch|p1a: Coalossal|Coalossal, F|100\/100\n|-damage|p1a: Coalossal|76\/100|[from] Stealth Rock\n|\n|-weather|SunnyDay|[upkeep]\n|upkeep\n|turn|10\n|\n|t:|1699689998\n|switch|p2a: Hey There|Fraxure, F|76\/100\n|-ability|p2a: Hey There|Mold Breaker\n|move|p1a: Coalossal|Power Gem|p2a: Hey There\n|-damage|p2a: Hey There|14\/100\n|-damage|p1a: Coalossal|66\/100|[from] item: Life Orb\n|\n|-weather|SunnyDay|[upkeep]\n|upkeep\n|turn|11\n|\n|t:|1699690020\n|switch|p1a: Amoonguss|Amoonguss, M|100\/100\n|-damage|p1a: Amoonguss|88\/100|[from] Stealth Rock\n|move|p2a: Hey There|Stomping Tantrum|p1a: Amoonguss\n|-damage|p1a: Amoonguss|61\/100\n|\n|-weather|none\n|-heal|p1a: Amoonguss|67\/100|[from] item: Black Sludge\n|upkeep\n|turn|12\n|\n|t:|1699690033\n|switch|p2a: Donny|Torkoal, F|80\/100\n|-weather|SunnyDay|[from] ability: Drought|[of] p2a: Donny\n|move|p1a: Amoonguss|Giga Drain|p2a: Donny\n|-resisted|p2a: Donny\n|-damage|p2a: Donny|66\/100\n|-heal|p1a: Amoonguss|73\/100|[from] drain|[of] p2a: Donny\n|\n|-weather|SunnyDay|[upkeep]\n|-heal|p1a: Amoonguss|79\/100|[from] item: Black Sludge\n|upkeep\n|turn|13\n|\n|t:|1699690045\n|move|p1a: Amoonguss|Toxic|p2a: Donny\n|-status|p2a: Donny|tox\n|move|p2a: Donny|Yawn|p1a: Amoonguss\n|-start|p1a: Amoonguss|move: Yawn|[of] p2a: Donny\n|\n|-weather|SunnyDay|[upkeep]\n|-heal|p1a: Amoonguss|85\/100|[from] item: Black Sludge\n|-damage|p2a: Donny|60\/100 tox|[from] psn\n|upkeep\n|turn|14\n|\n|t:|1699690056\n|switch|p1a: Coalossal|Coalossal, F|66\/100\n|-damage|p1a: Coalossal|41\/100|[from] Stealth Rock\n|move|p2a: Donny|Yawn|p1a: Coalossal\n|-start|p1a: Coalossal|move: Yawn|[of] p2a: Donny\n|\n|-weather|SunnyDay|[upkeep]\n|-damage|p2a: Donny|47\/100 tox|[from] psn\n|upkeep\n|turn|15\n|\n|t:|1699690069\n|switch|p1a: Amoonguss|Amoonguss, M|100\/100\n|-damage|p1a: Amoonguss|88\/100|[from] Stealth Rock\n|switch|p2a: Hey There|Fraxure, F|14\/100\n|-ability|p2a: Hey There|Mold Breaker\n|\n|-weather|SunnyDay|[upkeep]\n|-heal|p1a: Amoonguss|94\/100|[from] item: Black Sludge\n|upkeep\n|turn|16\n|\n|t:|1699690085\n|move|p2a: Hey There|Outrage|p1a: Amoonguss\n|-damage|p1a: Amoonguss|28\/100\n|move|p1a: Amoonguss|Giga Drain|p2a: Hey There\n|-resisted|p2a: Hey There\n|-damage|p2a: Hey There|0 fnt\n|-heal|p1a: Amoonguss|32\/100|[from] drain|[of] p2a: Hey There\n|faint|p2a: Hey There\n|\n|-weather|SunnyDay|[upkeep]\n|-heal|p1a: Amoonguss|38\/100|[from] item: Black Sludge\n|upkeep\n|\n|t:|1699690106\n|switch|p2a: Charizard|Charizard, F, shiny|76\/100\n|turn|17\n|\n|t:|1699690128\n|switch|p1a: Grimer|Grimer-Alola, F|100\/100\n|-damage|p1a: Grimer|88\/100|[from] Stealth Rock\n|-terastallize|p2a: Charizard|Steel\n|move|p2a: Charizard|Tera Blast|p1a: Grimer|[anim] Tera Blast Steel\n|-damage|p1a: Grimer|0 fnt\n|faint|p1a: Grimer\n|\n|-weather|SunnyDay|[upkeep]\n|-damage|p2a: Charizard|63\/100|[from] ability: Solar Power|[of] p2a: Charizard\n|upkeep\n|\n|t:|1699690138\n|switch|p1a: Skeledirge|Skeledirge, F|100\/100\n|-damage|p1a: Skeledirge|75\/100|[from] Stealth Rock\n|turn|18\n|\n|t:|1699690169\n|switch|p2a: Donny|Torkoal, F|47\/100 tox\n|move|p1a: Skeledirge|Shadow Ball|p2a: Donny\n|-damage|p2a: Donny|9\/100 tox\n|\n|-weather|SunnyDay|[upkeep]\n|-heal|p1a: Skeledirge|82\/100|[from] item: Leftovers\n|-damage|p2a: Donny|3\/100 tox|[from] psn\n|upkeep\n|turn|19\n|\n|t:|1699690180\n|move|p1a: Skeledirge|Torch Song|p2a: Donny\n|-resisted|p2a: Donny\n|-damage|p2a: Donny|0 fnt\n|-boost|p1a: Skeledirge|spa|1\n|faint|p2a: Donny\n|\n|-weather|none\n|-heal|p1a: Skeledirge|88\/100|[from] item: Leftovers\n|upkeep\n|\n|t:|1699690190\n|switch|p2a: Magic|Mismagius, F|100\/100\n|turn|20\n|\n|t:|1699690220\n|move|p2a: Magic|Shadow Ball|p1a: Skeledirge\n|-supereffective|p1a: Skeledirge\n|-damage|p1a: Skeledirge|19\/100\n|-damage|p2a: Magic|91\/100|[from] item: Life Orb\n|move|p1a: Skeledirge|Shadow Ball|p2a: Magic\n|-supereffective|p2a: Magic\n|-damage|p2a: Magic|0 fnt\n|faint|p2a: Magic\n|\n|-heal|p1a: Skeledirge|25\/100|[from] item: Leftovers\n|upkeep\n|\n|t:|1699690231\n|switch|p2a: Charizard|Charizard, F, shiny, tera:Steel|63\/100\n|turn|21\n|\n|t:|1699690265\n|move|p2a: Charizard|Ancient Power|p1a: Skeledirge\n|-supereffective|p1a: Skeledirge\n|-damage|p1a: Skeledirge|0 fnt\n|faint|p1a: Skeledirge\n|\n|upkeep\n|\n|t:|1699690271\n|switch|p1a: Amoonguss|Amoonguss, M|71\/100\n|-damage|p1a: Amoonguss|59\/100|[from] Stealth Rock\n|turn|22\n|\n|t:|1699690281\n|switch|p2a: Get in MY BELLY|Bellibolt, M|100\/100\n|move|p1a: Amoonguss|Giga Drain|p2a: Get in MY BELLY\n|-damage|p2a: Get in MY BELLY|81\/100\n|-heal|p1a: Amoonguss|69\/100|[from] drain|[of] p2a: Get in MY BELLY\n|-start|p2a: Get in MY BELLY|Charge|Giga Drain|[from] ability: Electromorphosis\n|\n|-heal|p1a: Amoonguss|75\/100|[from] item: Black Sludge\n|upkeep\n|turn|23\n|\n|t:|1699690299\n|move|p2a: Get in MY BELLY|Volt Switch|p1a: Amoonguss\n|-resisted|p1a: Amoonguss\n|-damage|p1a: Amoonguss|58\/100\n|-end|p2a: Get in MY BELLY|Charge|[silent]\n|\n|t:|1699690303\n|switch|p2a: Charizard|Charizard, F, shiny, tera:Steel|63\/100|[from] Volt Switch\n|move|p1a: Amoonguss|Giga Drain|p2a: Charizard\n|-resisted|p2a: Charizard\n|-damage|p2a: Charizard|47\/100\n|-heal|p1a: Amoonguss|64\/100|[from] drain|[of] p2a: Charizard\n|\n|-heal|p1a: Amoonguss|70\/100|[from] item: Black Sludge\n|upkeep\n|turn|24\n|\n|t:|1699690313\n|move|p2a: Charizard|Flamethrower|p1a: Amoonguss\n|-supereffective|p1a: Amoonguss\n|-damage|p1a: Amoonguss|0 fnt\n|faint|p1a: Amoonguss\n|\n|upkeep\n|\n|t:|1699690319\n|switch|p1a: Coalossal|Coalossal, F|41\/100\n|-damage|p1a: Coalossal|16\/100|[from] Stealth Rock\n|turn|25\n|\n|t:|1699690328\n|switch|p2a: Get in MY BELLY|Bellibolt, M|81\/100\n|move|p1a: Coalossal|Power Gem|p2a: Get in MY BELLY\n|-damage|p2a: Get in MY BELLY|47\/100\n|-start|p2a: Get in MY BELLY|Charge|Power Gem|[from] ability: Electromorphosis\n|-damage|p1a: Coalossal|7\/100|[from] item: Life Orb\n|\n|upkeep\n|turn|26\n|j| lunchbox5536\n|\n|t:|1699690337\n|move|p1a: Coalossal|Power Gem|p2a: Get in MY BELLY\n|-damage|p2a: Get in MY BELLY|12\/100\n|-start|p2a: Get in MY BELLY|Charge|Power Gem|[from] ability: Electromorphosis\n|-damage|p1a: Coalossal|0 fnt|[from] item: Life Orb\n|faint|p1a: Coalossal\n|move|p2a: Get in MY BELLY|Slack Off|p2a: Get in MY BELLY\n|-heal|p2a: Get in MY BELLY|62\/100\n|\n|upkeep\n|\n|t:|1699690346\n|switch|p1a: Veluza|Veluza, M|100\/100\n|-damage|p1a: Veluza|88\/100|[from] Stealth Rock\n|turn|27\n|\n|t:|1699690359\n|move|p1a: Veluza|Drill Run|p2a: Get in MY BELLY\n|-supereffective|p2a: Get in MY BELLY\n|-damage|p2a: Get in MY BELLY|35\/100\n|-start|p2a: Get in MY BELLY|Charge|Drill Run|[from] ability: Electromorphosis\n|move|p2a: Get in MY BELLY|Volt Switch|p1a: Veluza\n|-supereffective|p1a: Veluza\n|-damage|p1a: Veluza|0 fnt\n|faint|p1a: Veluza\n|-end|p2a: Get in MY BELLY|Charge|[silent]\n|\n|win|BriefStar\n","uploadtime":1699690370,"views":4,"p1id":"jam20jam","p2id":"briefstar","formatid":"gen9nationaldex","rating":0,"private":0,"password":""}