{"id":"gen9nationaldex-1988217973","p1":"Mryo64","p2":"Forever1507","format":"[Gen 9] National Dex","log":"|j|\u203dMryo64\n|j|\u2606Forever1507\n|t:|1699687474\n|gametype|singles\n|player|p1|Mryo64|2|1675\n|player|p2|Forever1507|266|1692\n|teamsize|p1|6\n|teamsize|p2|6\n|gen|9\n|tier|[Gen 9] National Dex\n|rated|\n|rule|HP Percentage Mod: HP is shown in percentages\n|rule|Endless Battle Clause: Forcing endless battles is banned\n|rule|OHKO Clause: OHKO moves are banned\n|rule|Evasion Clause: Evasion abilities, items, and moves are banned\n|rule|Evasion Abilities Clause: Evasion abilities are banned\n|rule|Evasion Items Clause: Evasion items are banned\n|rule|Evasion Moves Clause: Evasion moves are banned\n|rule|Species Clause: Limit one of each Pok\u00e9mon\n|rule|Sleep Clause Mod: Limit one foe put to sleep\n|clearpoke\n|poke|p1|Kleavor, M|\n|poke|p1|Moltres|\n|poke|p1|Clodsire, M|\n|poke|p1|Diancie|\n|poke|p1|Ferrothorn, F|\n|poke|p1|Urshifu-*, F|\n|poke|p2|Charizard, M|\n|poke|p2|Corviknight, F|\n|poke|p2|Kommo-o, M|\n|poke|p2|Rillaboom, F|\n|poke|p2|Sneasler, M|\n|poke|p2|Volcarona, F|\n|teampreview\n|inactive|Battle timer is ON: inactive players will automatically lose when time's up. (requested by Mryo64)\n|j| XYStarshone.\u661f\u8000\n|\n|t:|1699687492\n|start\n|switch|p1a: Moltres|Moltres|100\/100\n|switch|p2a: Volcarona|Volcarona, F|100\/100\n|turn|1\n|\n|t:|1699687497\n|move|p2a: Volcarona|Quiver Dance|p2a: Volcarona\n|-boost|p2a: Volcarona|spa|1\n|-boost|p2a: Volcarona|spd|1\n|-boost|p2a: Volcarona|spe|1\n|move|p1a: Moltres|U-turn|p2a: Volcarona\n|-resisted|p2a: Volcarona\n|-damage|p2a: Volcarona|90\/100\n|\n|t:|1699687499\n|switch|p1a: Clodsire|Clodsire, M|100\/100|[from] U-turn\n|\n|upkeep\n|turn|2\n|j| hainiumm\n|\n|t:|1699687509\n|-terastallize|p2a: Volcarona|Ground\n|move|p2a: Volcarona|Tera Blast|p1a: Clodsire|[anim] Tera Blast Ground\n|-supereffective|p1a: Clodsire\n|-damage|p1a: Clodsire|33\/100\n|move|p1a: Clodsire|Haze|p1a: Clodsire\n|-clearallboost\n|\n|-heal|p1a: Clodsire|39\/100|[from] item: Black Sludge\n|upkeep\n|turn|3\n|\n|t:|1699687523\n|switch|p1a: Moltres|Moltres|100\/100\n|move|p2a: Volcarona|Quiver Dance|p2a: Volcarona\n|-boost|p2a: Volcarona|spa|1\n|-boost|p2a: Volcarona|spd|1\n|-boost|p2a: Volcarona|spe|1\n|\n|upkeep\n|turn|4\n|\n|t:|1699687529\n|move|p2a: Volcarona|Fiery Dance|p1a: Moltres\n|-resisted|p1a: Moltres\n|-damage|p1a: Moltres|70\/100\n|move|p1a: Moltres|Roar|p2a: Volcarona\n|drag|p2a: Sneasler|Sneasler, M|100\/100\n|\n|upkeep\n|turn|5\n|\n|t:|1699687544\n|switch|p2a: Volcarona|Volcarona, F, tera:Ground|90\/100\n|move|p1a: Moltres|U-turn|p2a: Volcarona\n|-damage|p2a: Volcarona|65\/100\n|\n|t:|1699687565\n|switch|p1a: Clodsire|Clodsire, M|39\/100|[from] U-turn\n|\n|-heal|p1a: Clodsire|45\/100|[from] item: Black Sludge\n|upkeep\n|turn|6\n|\n|t:|1699687571\n|move|p2a: Volcarona|Tera Blast|p1a: Clodsire|[anim] Tera Blast Ground\n|-supereffective|p1a: Clodsire\n|-damage|p1a: Clodsire|1\/100\n|move|p1a: Clodsire|Recover|p1a: Clodsire\n|-heal|p1a: Clodsire|51\/100\n|\n|-heal|p1a: Clodsire|58\/100|[from] item: Black Sludge\n|upkeep\n|turn|7\n|\n|t:|1699687580\n|move|p2a: Volcarona|Quiver Dance|p2a: Volcarona\n|-boost|p2a: Volcarona|spa|1\n|-boost|p2a: Volcarona|spd|1\n|-boost|p2a: Volcarona|spe|1\n|move|p1a: Clodsire|Toxic|p2a: Volcarona\n|-status|p2a: Volcarona|tox\n|\n|-heal|p1a: Clodsire|64\/100|[from] item: Black Sludge\n|-damage|p2a: Volcarona|59\/100 tox|[from] psn\n|upkeep\n|turn|8\n|\n|t:|1699687590\n|switch|p1a: Moltres|Moltres|70\/100\n|move|p2a: Volcarona|Tera Blast|p1a: Moltres|[anim] Tera Blast Ground\n|-immune|p1a: Moltres\n|\n|-damage|p2a: Volcarona|47\/100 tox|[from] psn\n|upkeep\n|turn|9\n|\n|t:|1699687598\n|move|p2a: Volcarona|Fiery Dance|p1a: Moltres\n|-resisted|p1a: Moltres\n|-crit|p1a: Moltres\n|-damage|p1a: Moltres|22\/100\n|-boost|p2a: Volcarona|spa|1\n|move|p1a: Moltres|Roost|p1a: Moltres\n|-heal|p1a: Moltres|72\/100\n|-singleturn|p1a: Moltres|move: Roost\n|\n|-damage|p2a: Volcarona|28\/100 tox|[from] psn\n|upkeep\n|turn|10\n|\n|t:|1699687607\n|move|p2a: Volcarona|Fiery Dance|p1a: Moltres\n|-resisted|p1a: Moltres\n|-damage|p1a: Moltres|25\/100\n|move|p1a: Moltres|Roost|p1a: Moltres\n|-heal|p1a: Moltres|75\/100\n|-singleturn|p1a: Moltres|move: Roost\n|\n|-damage|p2a: Volcarona|4\/100 tox|[from] psn\n|upkeep\n|turn|11\n|\n|t:|1699687611\n|move|p2a: Volcarona|Fiery Dance|p1a: Moltres\n|-resisted|p1a: Moltres\n|-damage|p1a: Moltres|29\/100\n|-boost|p2a: Volcarona|spa|1\n|move|p1a: Moltres|Roost|p1a: Moltres\n|-heal|p1a: Moltres|79\/100\n|-singleturn|p1a: Moltres|move: Roost\n|\n|-damage|p2a: Volcarona|0 fnt|[from] psn\n|faint|p2a: Volcarona\n|upkeep\n|\n|t:|1699687623\n|switch|p2a: Kommo-o|Kommo-o, M|100\/100\n|turn|12\n|\n|t:|1699687629\n|switch|p2a: Rillaboom|Rillaboom, F|100\/100\n|-fieldstart|move: Grassy Terrain|[from] ability: Grassy Surge|[of] p2a: Rillaboom\n|move|p1a: Moltres|Roar|p2a: Rillaboom\n|drag|p2a: Kommo-o|Kommo-o, M|100\/100\n|\n|upkeep\n|turn|13\n|\n|t:|1699687641\n|-zpower|p2a: Kommo-o\n|move|p2a: Kommo-o|Clangorous Soulblaze|p1a: Moltres|[zeffect]\n|-damage|p1a: Moltres|0 fnt\n|faint|p1a: Moltres\n|-boost|p2a: Kommo-o|atk|1\n|-boost|p2a: Kommo-o|def|1\n|-boost|p2a: Kommo-o|spa|1\n|-boost|p2a: Kommo-o|spd|1\n|-boost|p2a: Kommo-o|spe|1\n|\n|upkeep\n|\n|t:|1699687645\n|switch|p1a: Clodsire|Clodsire, M|64\/100\n|turn|14\n|\n|t:|1699687653\n|move|p2a: Kommo-o|Clanging Scales|p1a: Clodsire\n|-damage|p1a: Clodsire|27\/100\n|-unboost|p2a: Kommo-o|def|1\n|move|p1a: Clodsire|Haze|p1a: Clodsire\n|-clearallboost\n|\n|-heal|p1a: Clodsire|34\/100|[from] Grassy Terrain\n|-heal|p1a: Clodsire|40\/100|[from] item: Black Sludge\n|upkeep\n|turn|15\n|\n|t:|1699687660\n|move|p2a: Kommo-o|Clanging Scales|p1a: Clodsire\n|-damage|p1a: Clodsire|15\/100\n|-unboost|p2a: Kommo-o|def|1\n|move|p1a: Clodsire|Recover|p1a: Clodsire\n|-heal|p1a: Clodsire|65\/100\n|\n|-heal|p1a: Clodsire|71\/100|[from] Grassy Terrain\n|-heal|p1a: Clodsire|77\/100|[from] item: Black Sludge\n|upkeep\n|turn|16\n|\n|t:|1699687669\n|switch|p2a: Corviknight|Corviknight, F|100\/100\n|-ability|p2a: Corviknight|Pressure\n|move|p1a: Clodsire|Toxic|p2a: Corviknight\n|-immune|p2a: Corviknight\n|\n|-heal|p1a: Clodsire|83\/100|[from] Grassy Terrain\n|-heal|p1a: Clodsire|90\/100|[from] item: Black Sludge\n|-fieldend|move: Grassy Terrain\n|upkeep\n|turn|17\n|\n|t:|1699687676\n|switch|p1a: Ferrothorn|Ferrothorn, F|100\/100\n|move|p2a: Corviknight|Brave Bird|p1a: Ferrothorn\n|-damage|p1a: Ferrothorn|77\/100\n|-damage|p2a: Corviknight|88\/100|[from] ability: Iron Barbs|[of] p1a: Ferrothorn\n|-damage|p2a: Corviknight|71\/100|[from] item: Rocky Helmet|[of] p1a: Ferrothorn\n|-damage|p2a: Corviknight|64\/100|[from] Recoil\n|\n|upkeep\n|turn|18\n|\n|t:|1699687686\n|switch|p2a: Rillaboom|Rillaboom, F|100\/100\n|-fieldstart|move: Grassy Terrain|[from] ability: Grassy Surge|[of] p2a: Rillaboom\n|move|p1a: Ferrothorn|Leech Seed|p2a: Rillaboom\n|-immune|p2a: Rillaboom\n|\n|-heal|p1a: Ferrothorn|83\/100|[from] Grassy Terrain\n|upkeep\n|turn|19\n|\n|t:|1699687690\n|move|p1a: Ferrothorn|Protect|p1a: Ferrothorn\n|-singleturn|p1a: Ferrothorn|Protect\n|move|p2a: Rillaboom|U-turn|p1a: Ferrothorn\n|-activate|p1a: Ferrothorn|move: Protect\n|\n|-heal|p1a: Ferrothorn|89\/100|[from] Grassy Terrain\n|upkeep\n|turn|20\n|\n|t:|1699687698\n|move|p2a: Rillaboom|U-turn|p1a: Ferrothorn\n|-damage|p1a: Ferrothorn|63\/100\n|-damage|p2a: Rillaboom|88\/100|[from] ability: Iron Barbs|[of] p1a: Ferrothorn\n|-damage|p2a: Rillaboom|72\/100|[from] item: Rocky Helmet|[of] p1a: Ferrothorn\n|\n|t:|1699687702\n|switch|p2a: Charizard|Charizard, M|100\/100|[from] U-turn\n|move|p1a: Ferrothorn|Leech Seed|p2a: Charizard\n|-start|p2a: Charizard|move: Leech Seed\n|\n|-heal|p1a: Ferrothorn|69\/100|[from] Grassy Terrain\n|-damage|p2a: Charizard|88\/100|[from] Leech Seed|[of] p1a: Ferrothorn\n|-heal|p1a: Ferrothorn|80\/100|[silent]\n|upkeep\n|turn|21\n|\n|t:|1699687711\n|move|p1a: Ferrothorn|Protect|p1a: Ferrothorn\n|-singleturn|p1a: Ferrothorn|Protect\n|move|p2a: Charizard|Dragon Dance|p2a: Charizard\n|-boost|p2a: Charizard|atk|1\n|-boost|p2a: Charizard|spe|1\n|\n|-heal|p1a: Ferrothorn|86\/100|[from] Grassy Terrain\n|-damage|p2a: Charizard|76\/100|[from] Leech Seed|[of] p1a: Ferrothorn\n|-heal|p1a: Ferrothorn|97\/100|[silent]\n|upkeep\n|turn|22\n|\n|t:|1699687724\n|detailschange|p2a: Charizard|Charizard-Mega-X, M\n|-mega|p2a: Charizard|Charizard|Charizardite X\n|move|p2a: Charizard|Flare Blitz|p1a: Ferrothorn\n|-supereffective|p1a: Ferrothorn\n|-damage|p1a: Ferrothorn|0 fnt\n|-damage|p2a: Charizard|63\/100|[from] ability: Iron Barbs|[of] p1a: Ferrothorn\n|-damage|p2a: Charizard|47\/100|[from] item: Rocky Helmet|[of] p1a: Ferrothorn\n|faint|p1a: Ferrothorn\n|-damage|p2a: Charizard|10\/100|[from] Recoil\n|\n|-heal|p2a: Charizard|16\/100|[from] Grassy Terrain\n|-fieldend|move: Grassy Terrain\n|upkeep\n|\n|t:|1699687731\n|switch|p1a: Kleavor|Kleavor, M|100\/100\n|turn|23\n|\n|t:|1699687734\n|move|p2a: Charizard|Flare Blitz|p1a: Kleavor\n|-enditem|p1a: Kleavor|Focus Sash\n|-damage|p1a: Kleavor|1\/100\n|-damage|p2a: Charizard|0 fnt|[from] Recoil\n|faint|p2a: Charizard\n|move|p1a: Kleavor|Stone Axe|p2: Charizard|[notarget]\n|-fail|p1a: Kleavor\n|\n|upkeep\n|\n|t:|1699687743\n|switch|p2a: Rillaboom|Rillaboom, F|72\/100\n|-fieldstart|move: Grassy Terrain|[from] ability: Grassy Surge|[of] p2a: Rillaboom\n|turn|24\n|\n|t:|1699687748\n|move|p2a: Rillaboom|U-turn|p1a: Kleavor\n|-damage|p1a: Kleavor|0 fnt\n|faint|p1a: Kleavor\n|j| YJLF2\n|\n|t:|1699687765\n|switch|p2a: Sneasler|Sneasler, M|100\/100|[from] U-turn\n|-enditem|p2a: Sneasler|Grassy Seed\n|-boost|p2a: Sneasler|def|1|[from] item: Grassy Seed\n|\n|upkeep\n|\n|t:|1699687769\n|switch|p1a: Urshifu|Urshifu-Rapid-Strike, F|100\/100\n|turn|25\n|\n|t:|1699687782\n|move|p2a: Sneasler|Acrobatics|p1a: Urshifu\n|-supereffective|p1a: Urshifu\n|-damage|p1a: Urshifu|18\/100\n|move|p1a: Urshifu|Surging Strikes|p2a: Sneasler\n|-crit|p2a: Sneasler\n|-damage|p2a: Sneasler|64\/100\n|-crit|p2a: Sneasler\n|-damage|p2a: Sneasler|31\/100\n|-crit|p2a: Sneasler\n|-damage|p2a: Sneasler|0 fnt\n|faint|p2a: Sneasler\n|-hitcount|p2: Sneasler|3\n|\n|-heal|p1a: Urshifu|25\/100|[from] Grassy Terrain\n|upkeep\n|\n|t:|1699687794\n|switch|p2a: Kommo-o|Kommo-o, M|100\/100\n|turn|26\n|\n|t:|1699687806\n|switch|p1a: Clodsire|Clodsire, M|90\/100\n|move|p2a: Kommo-o|Boomburst|p1a: Clodsire\n|-damage|p1a: Clodsire|69\/100\n|\n|-heal|p1a: Clodsire|75\/100|[from] Grassy Terrain\n|-heal|p1a: Clodsire|82\/100|[from] item: Black Sludge\n|upkeep\n|turn|27\n|\n|t:|1699687812\n|move|p2a: Kommo-o|Boomburst|p1a: Clodsire\n|-damage|p1a: Clodsire|59\/100\n|move|p1a: Clodsire|Toxic|p2a: Kommo-o\n|-status|p2a: Kommo-o|tox\n|\n|-heal|p1a: Clodsire|66\/100|[from] Grassy Terrain\n|-heal|p1a: Clodsire|72\/100|[from] item: Black Sludge\n|-damage|p2a: Kommo-o|94\/100 tox|[from] psn\n|upkeep\n|turn|28\n|\n|t:|1699687818\n|switch|p2a: Corviknight|Corviknight, F|64\/100\n|-ability|p2a: Corviknight|Pressure\n|move|p1a: Clodsire|Recover|p1a: Clodsire\n|-heal|p1a: Clodsire|100\/100\n|\n|-fieldend|move: Grassy Terrain\n|upkeep\n|turn|29\n|\n|t:|1699687825\n|switch|p1a: Urshifu|Urshifu-Rapid-Strike, F|25\/100\n|move|p2a: Corviknight|Roost|p2a: Corviknight\n|-heal|p2a: Corviknight|100\/100\n|-singleturn|p2a: Corviknight|move: Roost\n|\n|upkeep\n|turn|30\n|\n|t:|1699687830\n|move|p1a: Urshifu|Surging Strikes|p2a: Corviknight\n|-crit|p2a: Corviknight\n|-damage|p2a: Corviknight|89\/100\n|-damage|p1a: Urshifu|8\/100|[from] item: Rocky Helmet|[of] p2a: Corviknight\n|-crit|p2a: Corviknight\n|-damage|p2a: Corviknight|77\/100\n|-damage|p1a: Urshifu|0 fnt|[from] item: Rocky Helmet|[of] p2a: Corviknight\n|faint|p1a: Urshifu\n|-hitcount|p2a: Corviknight|2\n|move|p2a: Corviknight|Brave Bird|p1: Urshifu|[notarget]\n|-fail|p2a: Corviknight\n|\n|upkeep\n|\n|t:|1699687836\n|switch|p1a: Diancie|Diancie|100\/100\n|turn|31\n|\n|t:|1699687843\n|detailschange|p1a: Diancie|Diancie-Mega\n|-mega|p1a: Diancie|Diancie|Diancite\n|move|p1a: Diancie|Mystical Fire|p2a: Corviknight\n|-supereffective|p2a: Corviknight\n|-crit|p2a: Corviknight\n|-damage|p2a: Corviknight|0 fnt\n|faint|p2a: Corviknight\n|\n|upkeep\n|\n|t:|1699687850\n|switch|p2a: Rillaboom|Rillaboom, F|72\/100\n|-fieldstart|move: Grassy Terrain|[from] ability: Grassy Surge|[of] p2a: Rillaboom\n|turn|32\n|\n|t:|1699687853\n|move|p2a: Rillaboom|Grassy Glide|p1a: Diancie\n|-supereffective|p1a: Diancie\n|-damage|p1a: Diancie|0 fnt\n|faint|p1a: Diancie\n|\n|-heal|p2a: Rillaboom|78\/100|[from] Grassy Terrain\n|upkeep\n|\n|t:|1699687856\n|switch|p1a: Clodsire|Clodsire, M|100\/100\n|turn|33\n|\n|t:|1699687862\n|switch|p2a: Kommo-o|Kommo-o, M|94\/100 tox\n|move|p1a: Clodsire|Toxic|p2a: Kommo-o\n|-fail|p2a: Kommo-o|tox\n|\n|-heal|p2a: Kommo-o|100\/100 tox|[from] Grassy Terrain\n|-damage|p2a: Kommo-o|94\/100 tox|[from] psn\n|upkeep\n|turn|34\n|\n|t:|1699687867\n|move|p2a: Kommo-o|Boomburst|p1a: Clodsire\n|-damage|p1a: Clodsire|77\/100\n|move|p1a: Clodsire|Earthquake|p2a: Kommo-o\n|-damage|p2a: Kommo-o|81\/100 tox\n|\n|-heal|p2a: Kommo-o|87\/100 tox|[from] Grassy Terrain\n|-heal|p1a: Clodsire|84\/100|[from] Grassy Terrain\n|-heal|p1a: Clodsire|90\/100|[from] item: Black Sludge\n|-damage|p2a: Kommo-o|74\/100 tox|[from] psn\n|upkeep\n|turn|35\n|\n|t:|1699687879\n|move|p2a: Kommo-o|Boomburst|p1a: Clodsire\n|-crit|p1a: Clodsire\n|-damage|p1a: Clodsire|56\/100\n|move|p1a: Clodsire|Earthquake|p2a: Kommo-o\n|-damage|p2a: Kommo-o|62\/100 tox\n|\n|-heal|p2a: Kommo-o|68\/100 tox|[from] Grassy Terrain\n|-heal|p1a: Clodsire|63\/100|[from] Grassy Terrain\n|-heal|p1a: Clodsire|69\/100|[from] item: Black Sludge\n|-damage|p2a: Kommo-o|50\/100 tox|[from] psn\n|upkeep\n|turn|36\n|\n|t:|1699687891\n|move|p2a: Kommo-o|Boomburst|p1a: Clodsire\n|-damage|p1a: Clodsire|45\/100\n|move|p1a: Clodsire|Recover|p1a: Clodsire\n|-heal|p1a: Clodsire|95\/100\n|\n|-heal|p2a: Kommo-o|56\/100 tox|[from] Grassy Terrain\n|-heal|p1a: Clodsire|100\/100|[from] Grassy Terrain\n|-damage|p2a: Kommo-o|31\/100 tox|[from] psn\n|-fieldend|move: Grassy Terrain\n|upkeep\n|turn|37\n|\n|t:|1699687900\n|move|p2a: Kommo-o|Clanging Scales|p1a: Clodsire\n|-damage|p1a: Clodsire|75\/100\n|-unboost|p2a: Kommo-o|def|1\n|move|p1a: Clodsire|Recover|p1a: Clodsire\n|-heal|p1a: Clodsire|100\/100\n|\n|-damage|p2a: Kommo-o|0 fnt|[from] psn\n|faint|p2a: Kommo-o\n|upkeep\n|\n|t:|1699687920\n|switch|p2a: Rillaboom|Rillaboom, F|78\/100\n|-fieldstart|move: Grassy Terrain|[from] ability: Grassy Surge|[of] p2a: Rillaboom\n|turn|38\n|\n|t:|1699687924\n|move|p2a: Rillaboom|Wood Hammer|p1a: Clodsire\n|-damage|p1a: Clodsire|0 fnt\n|faint|p1a: Clodsire\n|-damage|p2a: Rillaboom|33\/100|[from] Recoil\n|\n|win|Forever1507\n|raw|Mryo64's rating: 1675 &rarr; <strong>1656<\/strong><br \/>(-19 for losing)\n|raw|Forever1507's rating: 1692 &rarr; <strong>1711<\/strong><br \/>(+19 for winning)\n","uploadtime":1699687934,"views":4,"p1id":"mryo64","p2id":"forever1507","formatid":"gen9nationaldex","rating":1656,"private":0,"password":""}