{"id":"gen9nationaldex-1998130518","p1":"daniel241595","p2":"tensaiindustries","format":"[Gen 9] National Dex","log":"|html|<div class=\"broadcast-blue\"><strong>[Gen 9] National Dex is currently suspecting Sneasler! For information on how to participate check out the <a href=\"https:\/\/www.smogon.com\/forums\/threads\/sv-national-dex-suspect-8-just-dance.3731534\/\">suspect thread<\/a>.<\/strong><\/div>\n|j|\u2606daniel241595\n|j|\u2606tensaiindustries\n|t:|1700896981\n|gametype|singles\n|player|p1|daniel241595|gambler|1598\n|player|p2|tensaiindustries|lance|1641\n|teamsize|p1|6\n|teamsize|p2|6\n|gen|9\n|tier|[Gen 9] National Dex\n|rated|\n|rule|HP Percentage Mod: HP is shown in percentages\n|rule|Endless Battle Clause: Forcing endless battles is banned\n|rule|OHKO Clause: OHKO moves are banned\n|rule|Evasion Clause: Evasion abilities, items, and moves are banned\n|rule|Evasion Abilities Clause: Evasion abilities are banned\n|rule|Evasion Items Clause: Evasion items are banned\n|rule|Evasion Moves Clause: Evasion moves are banned\n|rule|Species Clause: Limit one of each Pok\u00e9mon\n|rule|Sleep Clause Mod: Limit one foe put to sleep\n|clearpoke\n|poke|p1|Arcanine, M|\n|poke|p1|Flygon, F|\n|poke|p1|Empoleon, M|\n|poke|p1|Eelektross, F|\n|poke|p1|Florges, F|\n|poke|p1|Kleavor, M|\n|poke|p2|Dragonite, M|\n|poke|p2|Enamorus, F|\n|poke|p2|Cresselia, F|\n|poke|p2|Iron Hands|\n|poke|p2|Alomomola, M|\n|poke|p2|Scizor, F|\n|teampreview\n|inactive|Battle timer is ON: inactive players will automatically lose when time's up. (requested by daniel241595)\n|\n|t:|1700897002\n|start\n|switch|p1a: Eelektross|Eelektross, F|100\/100\n|switch|p2a: Scizor|Scizor, F|100\/100\n|turn|1\n|\n|t:|1700897007\n|detailschange|p2a: Scizor|Scizor-Mega, F\n|-mega|p2a: Scizor|Scizor|Scizorite\n|move|p2a: Scizor|Knock Off|p1a: Eelektross\n|-damage|p1a: Eelektross|53\/100\n|-enditem|p1a: Eelektross|Assault Vest|[from] move: Knock Off|[of] p2a: Scizor\n|move|p1a: Eelektross|Flamethrower|p2a: Scizor\n|-supereffective|p2a: Scizor\n|-damage|p2a: Scizor|0 fnt\n|faint|p2a: Scizor\n|\n|upkeep\n|\n|t:|1700897019\n|switch|p2a: Enamorus|Enamorus, F|100\/100\n|turn|2\n|\n|t:|1700897022\n|move|p2a: Enamorus|Calm Mind|p2a: Enamorus\n|-boost|p2a: Enamorus|spa|1\n|-boost|p2a: Enamorus|spd|1\n|move|p1a: Eelektross|Volt Switch|p2a: Enamorus\n|-supereffective|p2a: Enamorus\n|-damage|p2a: Enamorus|40\/100\n|\n|t:|1700897033\n|switch|p1a: Kleavor|Kleavor, M|100\/100|[from] Volt Switch\n|\n|upkeep\n|turn|3\n|\n|t:|1700897039\n|move|p1a: Kleavor|Stone Axe|p2a: Enamorus\n|-supereffective|p2a: Enamorus\n|-damage|p2a: Enamorus|0 fnt\n|-sidestart|p2: tensaiindustries|move: Stealth Rock\n|faint|p2a: Enamorus\n|\n|upkeep\n|\n|t:|1700897043\n|switch|p2a: Iron Hands|Iron Hands|100\/100\n|-damage|p2a: Iron Hands|94\/100|[from] Stealth Rock\n|-enditem|p2a: Iron Hands|Booster Energy\n|-activate|p2a: Iron Hands|ability: Quark Drive|[fromitem]\n|-start|p2a: Iron Hands|quarkdriveatk\n|turn|4\n|\n|t:|1700897049\n|switch|p1a: Florges|Florges, F|100\/100\n|move|p2a: Iron Hands|Swords Dance|p2a: Iron Hands\n|-boost|p2a: Iron Hands|atk|2\n|\n|upkeep\n|turn|5\n|\n|t:|1700897053\n|move|p1a: Florges|Moonblast|p2a: Iron Hands\n|-supereffective|p2a: Iron Hands\n|-damage|p2a: Iron Hands|29\/100\n|move|p2a: Iron Hands|Wild Charge|p1a: Florges\n|-damage|p1a: Florges|0 fnt\n|faint|p1a: Florges\n|-damage|p2a: Iron Hands|12\/100|[from] Recoil\n|\n|upkeep\n|inactive|daniel241595 has 120 seconds left.\n|\n|t:|1700897089\n|switch|p1a: Kleavor|Kleavor, M|100\/100\n|turn|6\n|inactive|daniel241595 has 120 seconds left.\n|\n|t:|1700897110\n|move|p1a: Kleavor|Cross Poison|p2a: Iron Hands\n|-damage|p2a: Iron Hands|0 fnt\n|faint|p2a: Iron Hands\n|-end|p2a: Iron Hands|Quark Drive|[silent]\n|\n|upkeep\n|\n|t:|1700897115\n|switch|p2a: Cresselia|Cresselia, F|100\/100\n|-damage|p2a: Cresselia|88\/100|[from] Stealth Rock\n|turn|7\n|\n|t:|1700897130\n|switch|p1a: Arcanine|Arcanine, M, shiny|100\/100\n|-ability|p1a: Arcanine|Intimidate|boost\n|-unboost|p2a: Cresselia|atk|1\n|-terastallize|p2a: Cresselia|Poison\n|move|p2a: Cresselia|Calm Mind|p2a: Cresselia\n|-boost|p2a: Cresselia|spa|1\n|-boost|p2a: Cresselia|spd|1\n|\n|-heal|p2a: Cresselia|94\/100|[from] item: Leftovers\n|upkeep\n|turn|8\n|\n|t:|1700897138\n|move|p1a: Arcanine|Flare Blitz|p2a: Cresselia\n|-damage|p2a: Cresselia|46\/100\n|-damage|p1a: Arcanine|82\/100|[from] Recoil\n|move|p2a: Cresselia|Stored Power|p1a: Arcanine\n|-crit|p1a: Arcanine\n|-damage|p1a: Arcanine|37\/100\n|\n|-heal|p2a: Cresselia|52\/100|[from] item: Leftovers\n|upkeep\n|turn|9\n|\n|t:|1700897141\n|move|p1a: Arcanine|Flare Blitz|p2a: Cresselia\n|-damage|p2a: Cresselia|0 fnt\n|faint|p2a: Cresselia\n|-damage|p1a: Arcanine|18\/100|[from] Recoil\n|\n|upkeep\n|c|\u2606tensaiindustries|the roll....\n|\n|t:|1700897150\n|switch|p2a: Dragonite|Dragonite, M|100\/100\n|-damage|p2a: Dragonite|76\/100|[from] Stealth Rock\n|turn|10\n|\n|t:|1700897160\n|switch|p1a: Eelektross|Eelektross, F|53\/100\n|move|p2a: Dragonite|Curse|p2a: Dragonite\n|-unboost|p2a: Dragonite|spe|1\n|-boost|p2a: Dragonite|atk|1\n|-boost|p2a: Dragonite|def|1\n|\n|-heal|p2a: Dragonite|82\/100|[from] item: Leftovers\n|upkeep\n|turn|11\n|\n|t:|1700897163\n|move|p2a: Dragonite|Extreme Speed|p1a: Eelektross\n|-damage|p1a: Eelektross|5\/100\n|move|p1a: Eelektross|Dragon Tail|p2a: Dragonite\n|-supereffective|p2a: Dragonite\n|-damage|p2a: Dragonite|63\/100\n|drag|p2a: Alomomola|Alomomola, M|100\/100\n|-damage|p2a: Alomomola|88\/100|[from] Stealth Rock\n|\n|upkeep\n|turn|12\n|\n|t:|1700897170\n|move|p2a: Alomomola|Protect|p2a: Alomomola\n|-singleturn|p2a: Alomomola|Protect\n|move|p1a: Eelektross|Giga Drain|p2a: Alomomola\n|-activate|p2a: Alomomola|move: Protect\n|\n|upkeep\n|turn|13\n|\n|t:|1700897178\n|move|p2a: Alomomola|Toxic|p1a: Eelektross\n|-status|p1a: Eelektross|tox\n|move|p1a: Eelektross|Volt Switch|p2a: Alomomola\n|-supereffective|p2a: Alomomola\n|-damage|p2a: Alomomola|2\/100\n|\n|t:|1700897184\n|switch|p1a: Kleavor|Kleavor, M|100\/100|[from] Volt Switch\n|\n|upkeep\n|turn|14\n|\n|t:|1700897191\n|move|p2a: Alomomola|Protect|p2a: Alomomola\n|-singleturn|p2a: Alomomola|Protect\n|move|p1a: Kleavor|Stone Axe|p2a: Alomomola\n|-activate|p2a: Alomomola|move: Protect\n|\n|upkeep\n|turn|15\n|\n|t:|1700897198\n|move|p1a: Kleavor|Stone Axe|p2a: Alomomola\n|-crit|p2a: Alomomola\n|-damage|p2a: Alomomola|0 fnt\n|-damage|p1a: Kleavor|84\/100|[from] item: Rocky Helmet|[of] p2a: Alomomola\n|faint|p2a: Alomomola\n|\n|upkeep\n|\n|t:|1700897199\n|switch|p2a: Dragonite|Dragonite, M|63\/100\n|-damage|p2a: Dragonite|38\/100|[from] Stealth Rock\n|turn|16\n|\n|t:|1700897204\n|move|p1a: Kleavor|Stone Axe|p2a: Dragonite\n|-supereffective|p2a: Dragonite\n|-damage|p2a: Dragonite|0 fnt\n|faint|p2a: Dragonite\n|\n|win|daniel241595\n|raw|daniel241595's rating: 1598 &rarr; <strong>1620<\/strong><br \/>(+22 for winning)\n|raw|tensaiindustries's rating: 1641 &rarr; <strong>1619<\/strong><br \/>(-22 for losing)\n|l|\u2606tensaiindustries\n","uploadtime":1700897214,"views":1,"p1id":"daniel241595","p2id":"tensaiindustries","formatid":"gen9nationaldex","rating":1619,"private":0,"password":""}