{"id":"gen9nationaldex-1996042469","p1":"PikaTheRat","p2":"JackPotatoGuy","format":"[Gen 9] National Dex","log":"|html|<div class=\"broadcast-blue\"><strong>[Gen 9] National Dex is currently suspecting Sneasler! For information on how to participate check out the <a href=\"https:\/\/www.smogon.com\/forums\/threads\/sv-national-dex-suspect-8-just-dance.3731534\/\">suspect thread<\/a>.<\/strong><\/div>\n|j|\u2606PikaTheRat\n|j|\u2606JackPotatoGuy\n|t:|1700634157\n|gametype|singles\n|player|p1|PikaTheRat|lucas|\n|player|p2|JackPotatoGuy|psychicf-gen4|\n|teamsize|p1|4\n|teamsize|p2|4\n|gen|9\n|tier|[Gen 9] National Dex\n|rule|HP Percentage Mod: HP is shown in percentages\n|rule|Endless Battle Clause: Forcing endless battles is banned\n|rule|OHKO Clause: OHKO moves are banned\n|rule|Evasion Clause: Evasion abilities, items, and moves are banned\n|rule|Evasion Abilities Clause: Evasion abilities are banned\n|rule|Evasion Items Clause: Evasion items are banned\n|rule|Evasion Moves Clause: Evasion moves are banned\n|rule|Species Clause: Limit one of each Pok\u00e9mon\n|rule|Sleep Clause Mod: Limit one foe put to sleep\n|clearpoke\n|poke|p1|Bagon, L29, M|\n|poke|p1|Lycanroc-Midnight, L29, F|\n|poke|p1|Ludicolo, L29, F|\n|poke|p1|Litleo, L29, M|\n|poke|p2|Kadabra, L28, F|\n|poke|p2|Nidoqueen, L28, F|\n|poke|p2|Steenee, L28, F|\n|poke|p2|Salandit, L28, F|\n|teampreview\n|\n|t:|1700634179\n|start\n|switch|p1a: Rocky|Bagon, L29, M|100\/100\n|switch|p2a: Abigail|Kadabra, L28, F|100\/100\n|turn|1\n|\n|t:|1700634192\n|-terastallize|p1a: Rocky|Dark\n|move|p2a: Abigail|Psycho Cut|p1a: Rocky\n|-immune|p1a: Rocky\n|move|p1a: Rocky|Dragon Breath|p2a: Abigail\n|-damage|p2a: Abigail|66\/100\n|-status|p2a: Abigail|par\n|-activate|p2a: Abigail|ability: Synchronize\n|-status|p1a: Rocky|par\n|\n|upkeep\n|turn|2\n|c|\u2606JackPotatoGuy|You fucking bitch\n|\n|t:|1700634209\n|move|p2a: Abigail|Disable|p1a: Rocky\n|-start|p1a: Rocky|Disable|Dragon Breath\n|cant|p1a: Rocky|par\n|\n|upkeep\n|turn|3\n|\n|t:|1700634231\n|switch|p2a: Blue|Nidoqueen, L28, F|100\/100\n|move|p1a: Rocky|Crunch|p2a: Blue\n|-damage|p2a: Blue|82\/100\n|\n|upkeep\n|turn|4\n|\n|t:|1700634246\n|move|p2a: Blue|Superpower|p1a: Rocky\n|-supereffective|p1a: Rocky\n|-damage|p1a: Rocky|0 fnt\n|-unboost|p2a: Blue|atk|1\n|-unboost|p2a: Blue|def|1\n|faint|p1a: Rocky\n|\n|upkeep\n|c|\u2606JackPotatoGuy|Yeah that's right fuck you\n|\n|t:|1700634273\n|switch|p1a: Lycanroc|Lycanroc-Midnight, L29, F|100\/100\n|turn|5\n|\n|t:|1700634283\n|move|p1a: Lycanroc|Bulldoze|p2a: Blue\n|-supereffective|p2a: Blue\n|-damage|p2a: Blue|40\/100\n|-unboost|p2a: Blue|spe|1\n|move|p2a: Blue|Superpower|p1a: Lycanroc\n|-supereffective|p1a: Lycanroc\n|-damage|p1a: Lycanroc|51\/100\n|-unboost|p2a: Blue|atk|1\n|-unboost|p2a: Blue|def|1\n|\n|upkeep\n|turn|6\n|\n|t:|1700634309\n|move|p1a: Lycanroc|Bulldoze|p2a: Blue\n|-supereffective|p2a: Blue\n|-damage|p2a: Blue|0 fnt\n|faint|p2a: Blue\n|\n|upkeep\n|\n|t:|1700634316\n|switch|p2a: Cinnabon|Steenee, L28, F|100\/100\n|turn|7\n|\n|t:|1700634322\n|switch|p1a: Litleo|Litleo, L29, M|100\/100\n|-terastallize|p2a: Cinnabon|Grass\n|move|p2a: Cinnabon|Razor Leaf|p1a: Litleo\n|-resisted|p1a: Litleo\n|-damage|p1a: Litleo|77\/100\n|\n|upkeep\n|turn|8\n|\n|t:|1700634352\n|move|p1a: Litleo|Fire Fang|p2a: Cinnabon\n|-supereffective|p2a: Cinnabon\n|-damage|p2a: Cinnabon|0 fnt\n|faint|p2a: Cinnabon\n|-ability|p1a: Litleo|Moxie|boost\n|-boost|p1a: Litleo|atk|1\n|\n|upkeep\n|\n|t:|1700634361\n|switch|p2a: Abigail|Kadabra, L28, F|66\/100 par\n|turn|9\n|\n|t:|1700634372\n|move|p1a: Litleo|Fire Fang|p2a: Abigail\n|-damage|p2a: Abigail|0 fnt\n|faint|p2a: Abigail\n|-ability|p1a: Litleo|Moxie|boost\n|-boost|p1a: Litleo|atk|1\n|\n|upkeep\n|\n|t:|1700634377\n|switch|p2a: Sally|Salandit, L28, F|100\/100\n|turn|10\n|\n|t:|1700634395\n|switch|p1a: Lycanroc|Lycanroc-Midnight, L29, F|51\/100\n|move|p2a: Sally|Poison Fang|p1a: Lycanroc\n|-resisted|p1a: Lycanroc\n|-damage|p1a: Lycanroc|45\/100\n|-status|p1a: Lycanroc|tox\n|\n|-damage|p1a: Lycanroc|39\/100 tox|[from] psn\n|upkeep\n|turn|11\n|\n|t:|1700634407\n|move|p1a: Lycanroc|Bulldoze|p2a: Sally\n|-supereffective|p2a: Sally\n|-damage|p2a: Sally|0 fnt\n|faint|p2a: Sally\n|\n|win|PikaTheRat\n","uploadtime":1700634417,"views":3,"p1id":"pikatherat","p2id":"jackpotatoguy","formatid":"gen9nationaldex","rating":0,"private":0,"password":""}