{"id":"gen9nationaldex-1991066952","p1":"biezouhaoma","p2":"GAGA233","format":"[Gen 9] National Dex","log":"|j|\u203dbiezouhaoma\n|j|\u2606GAGA233\n|t:|1700037531\n|gametype|singles\n|player|p1|biezouhaoma|bugcatcher-gen4dp|1808\n|player|p2|GAGA233|red|1631\n|teamsize|p1|6\n|teamsize|p2|6\n|gen|9\n|tier|[Gen 9] National Dex\n|rated|\n|rule|HP Percentage Mod: HP is shown in percentages\n|rule|Endless Battle Clause: Forcing endless battles is banned\n|rule|OHKO Clause: OHKO moves are banned\n|rule|Evasion Clause: Evasion abilities, items, and moves are banned\n|rule|Evasion Abilities Clause: Evasion abilities are banned\n|rule|Evasion Items Clause: Evasion items are banned\n|rule|Evasion Moves Clause: Evasion moves are banned\n|rule|Species Clause: Limit one of each Pok\u00e9mon\n|rule|Sleep Clause Mod: Limit one foe put to sleep\n|clearpoke\n|poke|p1|Pelipper, M|\n|poke|p1|Barraskewda, F|\n|poke|p1|Garganacl, F|\n|poke|p1|Scizor, M|\n|poke|p1|Volcanion|\n|poke|p1|Iron Treads|\n|poke|p2|Ogerpon, F|\n|poke|p2|Corviknight, M|\n|poke|p2|Clodsire, M|\n|poke|p2|Tyranitar, F|\n|poke|p2|Alomomola, F|\n|poke|p2|Banette, M|\n|teampreview\n|inactive|Battle timer is ON: inactive players will automatically lose when time's up. (requested by biezouhaoma)\n|inactive|GAGA233 has 120 seconds left.\n|inactive|GAGA233 has 90 seconds left.\n|n|\u203dbiezouhaoma|biezouhaoma\n|\n|t:|1700037609\n|start\n|switch|p1a: Iron Treads|Iron Treads|100\/100\n|switch|p2a: Banette|Banette, M|100\/100\n|turn|1\n|\n|t:|1700037617\n|detailschange|p2a: Banette|Banette-Mega, M\n|-mega|p2a: Banette|Banette|Banettite\n|move|p1a: Iron Treads|Stealth Rock|p2a: Banette\n|-sidestart|p2: GAGA233|move: Stealth Rock\n|move|p2a: Banette|Poltergeist|p1a: Iron Treads\n|-activate|p1a: Iron Treads|move: Poltergeist|Icium Z\n|-damage|p1a: Iron Treads|42\/100\n|\n|upkeep\n|turn|2\n|\n|t:|1700037624\n|move|p2a: Banette|Encore|p1a: Iron Treads\n|-start|p1a: Iron Treads|Encore\n|-zpower|p1a: Iron Treads\n|move|p1a: Iron Treads|Subzero Slammer|p2a: Banette|[zeffect]\n|-damage|p2a: Banette|33\/100\n|\n|upkeep\n|turn|3\n|\n|t:|1700037632\n|move|p1a: Iron Treads|Stealth Rock||[still]\n|-fail|p1a: Iron Treads\n|move|p2a: Banette|Poltergeist|p1a: Iron Treads|[miss]\n|-miss|p2a: Banette|p1a: Iron Treads\n|\n|upkeep\n|turn|4\n|\n|t:|1700037636\n|move|p1a: Iron Treads|Stealth Rock||[still]\n|-fail|p1a: Iron Treads\n|move|p2a: Banette|Poltergeist|p1a: Iron Treads\n|-activate|p1a: Iron Treads|move: Poltergeist|Icium Z\n|-damage|p1a: Iron Treads|0 fnt\n|faint|p1a: Iron Treads\n|-end|p1a: Iron Treads|Quark Drive|[silent]\n|\n|upkeep\n|\n|t:|1700037645\n|switch|p1a: Scizor|Scizor, M|100\/100\n|turn|5\n|\n|t:|1700037650\n|switch|p2a: Corviknight|Corviknight, M|100\/100\n|-damage|p2a: Corviknight|88\/100|[from] Stealth Rock\n|-ability|p2a: Corviknight|Pressure\n|detailschange|p1a: Scizor|Scizor-Mega, M\n|-mega|p1a: Scizor|Scizor|Scizorite\n|move|p1a: Scizor|Bullet Punch|p2a: Corviknight\n|-resisted|p2a: Corviknight\n|-damage|p2a: Corviknight|79\/100\n|\n|upkeep\n|turn|6\n|\n|t:|1700037662\n|move|p2a: Corviknight|U-turn|p1a: Scizor\n|-resisted|p1a: Scizor\n|-damage|p1a: Scizor|95\/100\n|\n|t:|1700037670\n|switch|p2a: Clodsire|Clodsire, M|100\/100|[from] U-turn\n|-damage|p2a: Clodsire|94\/100|[from] Stealth Rock\n|move|p1a: Scizor|U-turn|p2a: Clodsire\n|-resisted|p2a: Clodsire\n|-damage|p2a: Clodsire|76\/100\n|\n|t:|1700037675\n|switch|p1a: Pelipper|Pelipper, M|100\/100|[from] U-turn\n|-weather|RainDance|[from] ability: Drizzle|[of] p1a: Pelipper\n|\n|-weather|RainDance|[upkeep]\n|-heal|p2a: Clodsire|82\/100|[from] item: Leftovers\n|upkeep\n|turn|7\n|inactive|GAGA233 has 120 seconds left.\n|\n|t:|1700037720\n|move|p1a: Pelipper|U-turn|p2a: Clodsire\n|-resisted|p2a: Clodsire\n|-damage|p2a: Clodsire|76\/100\n|\n|t:|1700037723\n|switch|p1a: Volcanion|Volcanion|100\/100|[from] U-turn\n|move|p2a: Clodsire|Stealth Rock|p1a: Volcanion\n|-sidestart|p1: biezouhaoma|move: Stealth Rock\n|\n|-weather|RainDance|[upkeep]\n|-heal|p2a: Clodsire|82\/100|[from] item: Leftovers\n|upkeep\n|turn|8\n|\n|t:|1700037729\n|move|p1a: Volcanion|Steam Eruption|p2a: Clodsire\n|-heal|p2a: Clodsire|100\/100|[from] ability: Water Absorb|[of] p1a: Volcanion\n|move|p2a: Clodsire|Yawn|p1a: Volcanion\n|-start|p1a: Volcanion|move: Yawn|[of] p2a: Clodsire\n|\n|-weather|RainDance|[upkeep]\n|upkeep\n|turn|9\n|inactive|GAGA233 has 120 seconds left.\n|\n|t:|1700037735\n|switch|p1a: Garganacl|Garganacl, F|100\/100\n|-damage|p1a: Garganacl|88\/100|[from] Stealth Rock\n|move|p2a: Clodsire|Yawn|p1a: Garganacl\n|-immune|p1a: Garganacl|[from] ability: Purifying Salt\n|\n|-weather|RainDance|[upkeep]\n|-heal|p1a: Garganacl|94\/100|[from] item: Leftovers\n|upkeep\n|turn|10\n|\n|t:|1700037743\n|switch|p2a: Corviknight|Corviknight, M|79\/100\n|-damage|p2a: Corviknight|66\/100|[from] Stealth Rock\n|-ability|p2a: Corviknight|Pressure\n|-terastallize|p1a: Garganacl|Dragon\n|move|p1a: Garganacl|Salt Cure|p2a: Corviknight\n|-damage|p2a: Corviknight|58\/100\n|\n|-weather|RainDance|[upkeep]\n|-heal|p1a: Garganacl|100\/100|[from] item: Leftovers\n|upkeep\n|turn|11\n|\n|t:|1700037753\n|move|p2a: Corviknight|Roost|p2a: Corviknight\n|-heal|p2a: Corviknight|100\/100\n|-singleturn|p2a: Corviknight|move: Roost\n|move|p1a: Garganacl|Iron Defense|p1a: Garganacl\n|-boost|p1a: Garganacl|def|2\n|\n|-weather|RainDance|[upkeep]\n|upkeep\n|turn|12\n|\n|t:|1700037759\n|switch|p1a: Volcanion|Volcanion|100\/100\n|-damage|p1a: Volcanion|76\/100|[from] Stealth Rock\n|move|p2a: Corviknight|Iron Defense|p2a: Corviknight\n|-boost|p2a: Corviknight|def|2\n|\n|-weather|RainDance|[upkeep]\n|upkeep\n|turn|13\n|\n|t:|1700037768\n|switch|p2a: Clodsire|Clodsire, M|100\/100\n|-damage|p2a: Clodsire|94\/100|[from] Stealth Rock\n|move|p1a: Volcanion|Steam Eruption|p2a: Clodsire\n|-heal|p2a: Clodsire|100\/100|[from] ability: Water Absorb|[of] p1a: Volcanion\n|\n|-weather|none\n|upkeep\n|turn|14\n|-message|biezouhaoma forfeited.\n|\n|win|GAGA233\n|raw|biezouhaoma's rating: 1808 &rarr; <strong>1779<\/strong><br \/>(-29 for losing)\n|raw|GAGA233's rating: 1631 &rarr; <strong>1660<\/strong><br \/>(+29 for winning)\n|l|\u203dbiezouhaoma\n","uploadtime":1700037794,"views":15,"p1id":"biezouhaoma","p2id":"gaga233","formatid":"gen9nationaldex","rating":1660,"private":0,"password":""}