{"id":"gen9nationaldex-1996180786","p1":"pmJZS","p2":"IceBerryCoffee","format":"[Gen 9] National Dex","log":"|html|<div class=\"broadcast-blue\"><strong>[Gen 9] National Dex is currently suspecting Sneasler! For information on how to participate check out the <a href=\"https:\/\/www.smogon.com\/forums\/threads\/sv-national-dex-suspect-8-just-dance.3731534\/\">suspect thread<\/a>.<\/strong><\/div>\n|j|\u2606pmJZS\n|j|\u2606IceBerryCoffee\n|t:|1700655894\n|gametype|singles\n|player|p1|pmJZS|colress|1425\n|player|p2|IceBerryCoffee|266|1288\n|teamsize|p1|6\n|teamsize|p2|6\n|gen|9\n|tier|[Gen 9] National Dex\n|rated|\n|rule|HP Percentage Mod: HP is shown in percentages\n|rule|Endless Battle Clause: Forcing endless battles is banned\n|rule|OHKO Clause: OHKO moves are banned\n|rule|Evasion Clause: Evasion abilities, items, and moves are banned\n|rule|Evasion Abilities Clause: Evasion abilities are banned\n|rule|Evasion Items Clause: Evasion items are banned\n|rule|Evasion Moves Clause: Evasion moves are banned\n|rule|Species Clause: Limit one of each Pok\u00e9mon\n|rule|Sleep Clause Mod: Limit one foe put to sleep\n|clearpoke\n|poke|p1|Serperior, F|\n|poke|p1|Mawile, F|\n|poke|p1|Victini|\n|poke|p1|Sneasler, F|\n|poke|p1|Tapu Koko|\n|poke|p1|Landorus-Therian, M|\n|poke|p2|Maushold-Four|\n|poke|p2|Empoleon, F|\n|poke|p2|Conkeldurr, F|\n|poke|p2|Typhlosion-Hisui, M|\n|poke|p2|Hydreigon, F|\n|poke|p2|Swampert, F|\n|teampreview\n|inactive|Battle timer is ON: inactive players will automatically lose when time's up. (requested by IceBerryCoffee)\n|\n|t:|1700655907\n|start\n|switch|p1a: \u571f\u732b|Landorus-Therian, M|100\/100\n|switch|p2a: Empoleon|Empoleon, F|100\/100\n|-ability|p1a: \u571f\u732b|Intimidate|boost\n|-unboost|p2a: Empoleon|atk|1\n|-ability|p2a: Empoleon|Competitive|boost\n|-boost|p2a: Empoleon|spa|2\n|turn|1\n|\n|t:|1700655916\n|-terastallize|p2a: Empoleon|Ghost\n|move|p1a: \u571f\u732b|Stealth Rock|p2a: Empoleon\n|-sidestart|p2: IceBerryCoffee|move: Stealth Rock\n|move|p2a: Empoleon|Surf|p1a: \u571f\u732b\n|-supereffective|p1a: \u571f\u732b\n|-damage|p1a: \u571f\u732b|0 fnt\n|faint|p1a: \u571f\u732b\n|\n|upkeep\n|\n|t:|1700655934\n|switch|p1a: \u53cc\u9a6c\u5c3e|Mawile, F, shiny|100\/100\n|-ability|p1a: \u53cc\u9a6c\u5c3e|Intimidate|boost\n|-unboost|p2a: Empoleon|atk|1\n|-ability|p2a: Empoleon|Competitive|boost\n|-boost|p2a: Empoleon|spa|2\n|turn|2\n|\n|t:|1700655943\n|detailschange|p1a: \u53cc\u9a6c\u5c3e|Mawile-Mega, F, shiny\n|-mega|p1a: \u53cc\u9a6c\u5c3e|Mawile|Mawilite\n|move|p1a: \u53cc\u9a6c\u5c3e|Play Rough|p2a: Empoleon\n|-damage|p2a: Empoleon|19\/100\n|move|p2a: Empoleon|Surf|p1a: \u53cc\u9a6c\u5c3e\n|-damage|p1a: \u53cc\u9a6c\u5c3e|0 fnt\n|faint|p1a: \u53cc\u9a6c\u5c3e\n|\n|-heal|p2a: Empoleon|25\/100|[from] item: Leftovers\n|upkeep\n|\n|t:|1700655955\n|switch|p1a: \u86c7\u86c7|Serperior, F|100\/100\n|turn|3\n|\n|t:|1700655967\n|move|p1a: \u86c7\u86c7|Leaf Storm|p2a: Empoleon\n|-damage|p2a: Empoleon|0 fnt\n|-boost|p1a: \u86c7\u86c7|spa|2\n|faint|p2a: Empoleon\n|\n|upkeep\n|inactive|IceBerryCoffee has 120 seconds left.\n|\n|t:|1700655997\n|switch|p2a: Hydreigon|Hydreigon, F|100\/100\n|-damage|p2a: Hydreigon|88\/100|[from] Stealth Rock\n|turn|4\n|inactive|IceBerryCoffee has 120 seconds left.\n|\n|t:|1700656004\n|move|p1a: \u86c7\u86c7|Glare|p2a: Hydreigon\n|-status|p2a: Hydreigon|par\n|move|p2a: Hydreigon|Draco Meteor|p1a: \u86c7\u86c7\n|-damage|p1a: \u86c7\u86c7|0 fnt\n|-unboost|p2a: Hydreigon|spa|2\n|faint|p1a: \u86c7\u86c7\n|\n|upkeep\n|\n|t:|1700656011\n|switch|p1a: \u95ea\u7535\u9e1f|Tapu Koko|100\/100\n|-fieldstart|move: Electric Terrain|[from] ability: Electric Surge|[of] p1a: \u95ea\u7535\u9e1f\n|turn|5\n|\n|t:|1700656021\n|move|p1a: \u95ea\u7535\u9e1f|Grass Knot|p2a: Hydreigon\n|-resisted|p2a: Hydreigon\n|-damage|p2a: Hydreigon|71\/100 par\n|move|p2a: Hydreigon|Draco Meteor|p1a: \u95ea\u7535\u9e1f\n|-immune|p1a: \u95ea\u7535\u9e1f\n|\n|upkeep\n|turn|6\n|\n|t:|1700656035\n|move|p1a: \u95ea\u7535\u9e1f|Hidden Power|p2a: Hydreigon\n|-supereffective|p2a: Hydreigon\n|-damage|p2a: Hydreigon|29\/100 par\n|cant|p2a: Hydreigon|par\n|\n|upkeep\n|turn|7\n|\n|t:|1700656042\n|move|p1a: \u95ea\u7535\u9e1f|Hidden Power|p2a: Hydreigon\n|-supereffective|p2a: Hydreigon\n|-damage|p2a: Hydreigon|0 fnt\n|faint|p2a: Hydreigon\n|\n|upkeep\n|\n|t:|1700656048\n|switch|p2a: Maushold|Maushold-Four|100\/100\n|-damage|p2a: Maushold|88\/100|[from] Stealth Rock\n|turn|8\n|\n|t:|1700656052\n|move|p1a: \u95ea\u7535\u9e1f|Thunderbolt|p2a: Maushold\n|-damage|p2a: Maushold|14\/100\n|move|p2a: Maushold|Tidy Up|p2a: Maushold\n|-sideend|p2: IceBerryCoffee|Stealth Rock\n|-activate|p2a: Maushold|move: Tidy Up\n|-boost|p2a: Maushold|atk|1\n|-boost|p2a: Maushold|spe|1\n|\n|upkeep\n|turn|9\n|\n|t:|1700656061\n|move|p2a: Maushold|Population Bomb|p1a: \u95ea\u7535\u9e1f\n|-damage|p1a: \u95ea\u7535\u9e1f|78\/100\n|-damage|p1a: \u95ea\u7535\u9e1f|55\/100\n|-damage|p1a: \u95ea\u7535\u9e1f|30\/100\n|-damage|p1a: \u95ea\u7535\u9e1f|7\/100\n|-damage|p1a: \u95ea\u7535\u9e1f|0 fnt\n|faint|p1a: \u95ea\u7535\u9e1f\n|-hitcount|p1: \u95ea\u7535\u9e1f|5\n|\n|-fieldend|move: Electric Terrain\n|upkeep\n|\n|t:|1700656076\n|switch|p1a: \u5927\u732b\u54aa|Sneasler, F|100\/100\n|turn|10\n|\n|t:|1700656084\n|move|p2a: Maushold|Population Bomb|p1a: \u5927\u732b\u54aa\n|-damage|p1a: \u5927\u732b\u54aa|73\/100\n|-damage|p1a: \u5927\u732b\u54aa|44\/100\n|-crit|p1a: \u5927\u732b\u54aa\n|-damage|p1a: \u5927\u732b\u54aa|2\/100\n|-damage|p1a: \u5927\u732b\u54aa|0 fnt\n|faint|p1a: \u5927\u732b\u54aa\n|-hitcount|p1: \u5927\u732b\u54aa|4\n|\n|upkeep\n|\n|t:|1700656086\n|switch|p1a: \u80dc\u5229\u4e4b\u661f|Victini|100\/100\n|turn|11\n|\n|t:|1700656094\n|move|p2a: Maushold|Population Bomb|p1a: \u80dc\u5229\u4e4b\u661f\n|-damage|p1a: \u80dc\u5229\u4e4b\u661f|84\/100\n|-damage|p1a: \u80dc\u5229\u4e4b\u661f|68\/100\n|-damage|p1a: \u80dc\u5229\u4e4b\u661f|51\/100\n|-damage|p1a: \u80dc\u5229\u4e4b\u661f|34\/100\n|-damage|p1a: \u80dc\u5229\u4e4b\u661f|17\/100\n|-damage|p1a: \u80dc\u5229\u4e4b\u661f|2\/100\n|-damage|p1a: \u80dc\u5229\u4e4b\u661f|0 fnt\n|faint|p1a: \u80dc\u5229\u4e4b\u661f\n|-hitcount|p1: \u80dc\u5229\u4e4b\u661f|7\n|\n|win|IceBerryCoffee\n|raw|pmJZS's rating: 1425 &rarr; <strong>1397<\/strong><br \/>(-28 for losing)\n|raw|IceBerryCoffee's rating: 1288 &rarr; <strong>1322<\/strong><br \/>(+34 for winning)\n|l|\u2606pmJZS\n","uploadtime":1700656108,"views":0,"p1id":"pmjzs","p2id":"iceberrycoffee","formatid":"gen9nationaldex","rating":1322,"private":0,"password":""}