{"id":"gen9nationaldex-1988391362","p1":"MrGoddessli","p2":"bobo junior","format":"[Gen 9] National Dex","log":"|j|\u2606MrGoddessli\n|j|\u2606bobo junior\n|t:|1699717688\n|gametype|singles\n|player|p1|MrGoddessli|iris-gen5bw2|1353\n|player|p2|bobo junior|marshal|1439\n|teamsize|p1|6\n|teamsize|p2|6\n|gen|9\n|tier|[Gen 9] National Dex\n|rated|\n|rule|HP Percentage Mod: HP is shown in percentages\n|rule|Endless Battle Clause: Forcing endless battles is banned\n|rule|OHKO Clause: OHKO moves are banned\n|rule|Evasion Clause: Evasion abilities, items, and moves are banned\n|rule|Evasion Abilities Clause: Evasion abilities are banned\n|rule|Evasion Items Clause: Evasion items are banned\n|rule|Evasion Moves Clause: Evasion moves are banned\n|rule|Species Clause: Limit one of each Pok\u00e9mon\n|rule|Sleep Clause Mod: Limit one foe put to sleep\n|clearpoke\n|poke|p1|Ninetales-Alola, F|\n|poke|p1|Rillaboom, M|\n|poke|p1|Greninja-*, M|\n|poke|p1|Volcarona, M|\n|poke|p1|Blaziken, F|\n|poke|p1|Kommo-o, M|\n|poke|p2|Landorus-Therian, M|\n|poke|p2|Tapu Koko|\n|poke|p2|Iron Valiant|\n|poke|p2|Iron Moth|\n|poke|p2|Iron Treads|\n|poke|p2|Manectric, M|\n|teampreview\n|\n|t:|1699717692\n|start\n|switch|p1a: Ninetales|Ninetales-Alola, F, shiny|100\/100\n|switch|p2a: Landorus|Landorus-Therian, M|100\/100\n|-weather|Snow|[from] ability: Snow Warning|[of] p1a: Ninetales\n|-ability|p2a: Landorus|Intimidate|boost\n|-unboost|p1a: Ninetales|atk|1\n|turn|1\n|inactive|Battle timer is ON: inactive players will automatically lose when time's up. (requested by MrGoddessli)\n|\n|t:|1699717700\n|move|p1a: Ninetales|Aurora Veil|p1a: Ninetales\n|-sidestart|p1: MrGoddessli|move: Aurora Veil\n|move|p2a: Landorus|Stealth Rock|p1a: Ninetales\n|-sidestart|p1: MrGoddessli|move: Stealth Rock\n|\n|-weather|Snow|[upkeep]\n|upkeep\n|turn|2\n|\n|t:|1699717705\n|move|p1a: Ninetales|Toxic|p2a: Landorus\n|-status|p2a: Landorus|tox\n|move|p2a: Landorus|Explosion|p1a: Ninetales\n|-damage|p1a: Ninetales|64\/100\n|faint|p2a: Landorus\n|\n|-weather|Snow|[upkeep]\n|upkeep\n|\n|t:|1699717711\n|switch|p2a: Tapu Koko|Tapu Koko|100\/100\n|-fieldstart|move: Electric Terrain|[from] ability: Electric Surge|[of] p2a: Tapu Koko\n|turn|3\n|\n|t:|1699717715\n|move|p2a: Tapu Koko|U-turn|p1a: Ninetales\n|-resisted|p1a: Ninetales\n|-crit|p1a: Ninetales\n|-damage|p1a: Ninetales|53\/100\n|\n|t:|1699717720\n|switch|p2a: Iron Treads|Iron Treads|100\/100|[from] U-turn\n|-activate|p2a: Iron Treads|ability: Quark Drive\n|-start|p2a: Iron Treads|quarkdrivedef\n|move|p1a: Ninetales|Toxic|p2a: Iron Treads|[miss]\n|-miss|p1a: Ninetales|p2a: Iron Treads\n|\n|-weather|Snow|[upkeep]\n|upkeep\n|turn|4\n|\n|t:|1699717741\n|switch|p1a: Blaziken|Blaziken, F|100\/100\n|-damage|p1a: Blaziken|88\/100|[from] Stealth Rock\n|move|p2a: Iron Treads|Knock Off|p1a: Blaziken\n|-resisted|p1a: Blaziken\n|-damage|p1a: Blaziken|82\/100\n|\n|-weather|Snow|[upkeep]\n|upkeep\n|turn|5\n|\n|t:|1699717753\n|move|p1a: Blaziken|Protect|p1a: Blaziken\n|-singleturn|p1a: Blaziken|Protect\n|move|p2a: Iron Treads|Earthquake|p1a: Blaziken\n|-activate|p1a: Blaziken|move: Protect\n|\n|-weather|none\n|-ability|p1a: Blaziken|Speed Boost|boost\n|-boost|p1a: Blaziken|spe|1\n|upkeep\n|turn|6\n|\n|t:|1699717770\n|move|p1a: Blaziken|Swords Dance|p1a: Blaziken\n|-boost|p1a: Blaziken|atk|2\n|move|p2a: Iron Treads|Earthquake|p1a: Blaziken\n|-supereffective|p1a: Blaziken\n|-damage|p1a: Blaziken|24\/100\n|\n|-ability|p1a: Blaziken|Speed Boost|boost\n|-boost|p1a: Blaziken|spe|1\n|upkeep\n|turn|7\n|\n|t:|1699717789\n|-terastallize|p2a: Iron Treads|Ghost\n|move|p1a: Blaziken|Close Combat|p2a: Iron Treads\n|-immune|p2a: Iron Treads\n|move|p2a: Iron Treads|Earthquake|p1a: Blaziken\n|-supereffective|p1a: Blaziken\n|-damage|p1a: Blaziken|0 fnt\n|faint|p1a: Blaziken\n|\n|upkeep\n|\n|t:|1699717803\n|switch|p1a: Greninja|Greninja, M|100\/100\n|-damage|p1a: Greninja|88\/100|[from] Stealth Rock\n|turn|8\n|\n|t:|1699717808\n|move|p1a: Greninja|Dark Pulse|p2a: Iron Treads\n|-supereffective|p2a: Iron Treads\n|-damage|p2a: Iron Treads|55\/100\n|-damage|p1a: Greninja|78\/100|[from] item: Life Orb\n|move|p2a: Iron Treads|Volt Switch|p1a: Greninja\n|-supereffective|p1a: Greninja\n|-damage|p1a: Greninja|57\/100\n|\n|t:|1699717821\n|-end|p2a: Iron Treads|Quark Drive|[silent]\n|switch|p2a: Manectric|Manectric, M|100\/100|[from] Volt Switch\n|\n|-sideend|p1: MrGoddessli|move: Aurora Veil\n|upkeep\n|turn|9\n|inactive|MrGoddessli has 120 seconds left.\n|\n|t:|1699717855\n|switch|p1a: Kommo-o|Kommo-o, M|100\/100\n|-damage|p1a: Kommo-o|94\/100|[from] Stealth Rock\n|detailschange|p2a: Manectric|Manectric-Mega, M\n|-mega|p2a: Manectric|Manectric|Manectite\n|-ability|p2a: Manectric|Intimidate|boost\n|-unboost|p1a: Kommo-o|atk|1\n|move|p2a: Manectric|Volt Switch|p1a: Kommo-o\n|-resisted|p1a: Kommo-o\n|-damage|p1a: Kommo-o|68\/100\n|\n|t:|1699717867\n|switch|p2a: Iron Moth|Iron Moth|100\/100|[from] Volt Switch\n|-activate|p2a: Iron Moth|ability: Quark Drive\n|-start|p2a: Iron Moth|quarkdrivespe\n|\n|upkeep\n|turn|10\n|\n|t:|1699717894\n|move|p2a: Iron Moth|Psychic|p1a: Kommo-o\n|-supereffective|p1a: Kommo-o\n|-damage|p1a: Kommo-o|0 fnt\n|faint|p1a: Kommo-o\n|\n|-fieldend|move: Electric Terrain\n|-end|p2a: Iron Moth|Quark Drive\n|upkeep\n|inactive|MrGoddessli has 120 seconds left.\n|\n|t:|1699717907\n|switch|p1a: Ninetales|Ninetales-Alola, F, shiny|53\/100\n|-damage|p1a: Ninetales|29\/100|[from] Stealth Rock\n|-weather|Snow|[from] ability: Snow Warning|[of] p1a: Ninetales\n|turn|11\n|\n|t:|1699717912\n|move|p2a: Iron Moth|Fiery Dance|p1a: Ninetales\n|-supereffective|p1a: Ninetales\n|-damage|p1a: Ninetales|0 fnt\n|-boost|p2a: Iron Moth|spa|1\n|faint|p1a: Ninetales\n|\n|-weather|Snow|[upkeep]\n|upkeep\n|\n|t:|1699717922\n|switch|p1a: Greninja|Greninja, M|57\/100\n|-damage|p1a: Greninja|45\/100|[from] Stealth Rock\n|turn|12\n|\n|t:|1699717936\n|-end|p2a: Iron Moth|Quark Drive|[silent]\n|switch|p2a: Tapu Koko|Tapu Koko|100\/100\n|-fieldstart|move: Electric Terrain|[from] ability: Electric Surge|[of] p2a: Tapu Koko\n|move|p1a: Greninja|Surf|p2a: Tapu Koko\n|-damage|p2a: Tapu Koko|20\/100\n|-damage|p1a: Greninja|35\/100|[from] item: Life Orb\n|\n|-weather|Snow|[upkeep]\n|upkeep\n|turn|13\n|\n|t:|1699717947\n|switch|p2a: Iron Treads|Iron Treads, tera:Ghost|55\/100\n|-activate|p2a: Iron Treads|ability: Quark Drive\n|-start|p2a: Iron Treads|quarkdrivedef\n|move|p1a: Greninja|Water Shuriken|p2a: Iron Treads\n|-damage|p2a: Iron Treads|50\/100\n|-damage|p2a: Iron Treads|45\/100\n|-hitcount|p2a: Iron Treads|2\n|-damage|p1a: Greninja|25\/100|[from] item: Life Orb\n|\n|-weather|Snow|[upkeep]\n|upkeep\n|turn|14\n|\n|t:|1699717959\n|move|p1a: Greninja|Surf|p2a: Iron Treads\n|-damage|p2a: Iron Treads|18\/100\n|-damage|p1a: Greninja|15\/100|[from] item: Life Orb\n|move|p2a: Iron Treads|Volt Switch|p1a: Greninja\n|-supereffective|p1a: Greninja\n|-damage|p1a: Greninja|0 fnt\n|faint|p1a: Greninja\n|\n|t:|1699717968\n|-end|p2a: Iron Treads|Quark Drive|[silent]\n|switch|p2a: Iron Moth|Iron Moth|100\/100|[from] Volt Switch\n|-activate|p2a: Iron Moth|ability: Quark Drive\n|-start|p2a: Iron Moth|quarkdrivespe\n|\n|-weather|Snow|[upkeep]\n|upkeep\n|\n|t:|1699717973\n|switch|p1a: Volcarona|Volcarona, M, shiny|100\/100\n|turn|15\n|\n|t:|1699717980\n|move|p2a: Iron Moth|Fiery Dance|p1a: Volcarona\n|-damage|p1a: Volcarona|57\/100\n|move|p1a: Volcarona|Quiver Dance|p1a: Volcarona\n|-boost|p1a: Volcarona|spa|1\n|-boost|p1a: Volcarona|spd|1\n|-boost|p1a: Volcarona|spe|1\n|\n|-weather|none\n|upkeep\n|turn|16\n|\n|t:|1699717988\n|move|p2a: Iron Moth|Fiery Dance|p1a: Volcarona\n|-damage|p1a: Volcarona|28\/100\n|-boost|p2a: Iron Moth|spa|1\n|move|p1a: Volcarona|Roost|p1a: Volcarona\n|-heal|p1a: Volcarona|79\/100\n|-singleturn|p1a: Volcarona|move: Roost\n|\n|upkeep\n|turn|17\n|\n|t:|1699717998\n|move|p2a: Iron Moth|Agility|p2a: Iron Moth\n|-boost|p2a: Iron Moth|spe|2\n|move|p1a: Volcarona|Quiver Dance|p1a: Volcarona\n|-boost|p1a: Volcarona|spa|1\n|-boost|p1a: Volcarona|spd|1\n|-boost|p1a: Volcarona|spe|1\n|\n|upkeep\n|turn|18\n|\n|t:|1699718004\n|move|p2a: Iron Moth|Fiery Dance|p1a: Volcarona\n|-damage|p1a: Volcarona|46\/100\n|-boost|p2a: Iron Moth|spa|1\n|move|p1a: Volcarona|Quiver Dance|p1a: Volcarona\n|-boost|p1a: Volcarona|spa|1\n|-boost|p1a: Volcarona|spd|1\n|-boost|p1a: Volcarona|spe|1\n|\n|upkeep\n|turn|19\n|\n|t:|1699718013\n|move|p2a: Iron Moth|Fiery Dance|p1a: Volcarona\n|-damage|p1a: Volcarona|10\/100\n|move|p1a: Volcarona|Roost|p1a: Volcarona\n|-heal|p1a: Volcarona|60\/100\n|-singleturn|p1a: Volcarona|move: Roost\n|\n|-fieldend|move: Electric Terrain\n|-end|p2a: Iron Moth|Quark Drive\n|upkeep\n|turn|20\n|\n|t:|1699718020\n|move|p1a: Volcarona|Roost|p1a: Volcarona\n|-heal|p1a: Volcarona|100\/100\n|-singleturn|p1a: Volcarona|move: Roost\n|move|p2a: Iron Moth|Agility|p2a: Iron Moth\n|-boost|p2a: Iron Moth|spe|2\n|\n|upkeep\n|turn|21\n|\n|t:|1699718027\n|move|p2a: Iron Moth|Fiery Dance|p1a: Volcarona\n|-damage|p1a: Volcarona|64\/100\n|-boost|p2a: Iron Moth|spa|1\n|move|p1a: Volcarona|Fiery Dance|p2a: Iron Moth\n|-resisted|p2a: Iron Moth\n|-damage|p2a: Iron Moth|40\/100\n|-boost|p1a: Volcarona|spa|1\n|\n|upkeep\n|turn|22\n|inactive|bobo junior has 120 seconds left.\n|j| guess19\n|\n|t:|1699718078\n|move|p2a: Iron Moth|Sludge Wave|p1a: Volcarona\n|-damage|p1a: Volcarona|10\/100\n|move|p1a: Volcarona|Fiery Dance|p2a: Iron Moth\n|-resisted|p2a: Iron Moth\n|-damage|p2a: Iron Moth|0 fnt\n|faint|p2a: Iron Moth\n|-end|p2a: Iron Moth|Quark Drive|[silent]\n|\n|upkeep\n|\n|t:|1699718087\n|switch|p2a: Tapu Koko|Tapu Koko|20\/100\n|-fieldstart|move: Electric Terrain|[from] ability: Electric Surge|[of] p2a: Tapu Koko\n|turn|23\n|\n|t:|1699718097\n|move|p1a: Volcarona|Giga Drain|p2a: Tapu Koko\n|-damage|p2a: Tapu Koko|0 fnt\n|-heal|p1a: Volcarona|19\/100|[from] drain|[of] p2a: Tapu Koko\n|faint|p2a: Tapu Koko\n|\n|upkeep\n|l| guess19\n|inactive|bobo junior has 90 seconds left.\n|\n|t:|1699718113\n|switch|p2a: Iron Treads|Iron Treads, tera:Ghost|18\/100\n|-activate|p2a: Iron Treads|ability: Quark Drive\n|-start|p2a: Iron Treads|quarkdrivedef\n|turn|24\n|\n|t:|1699718118\n|move|p1a: Volcarona|Giga Drain|p2a: Iron Treads\n|-damage|p2a: Iron Treads|0 fnt\n|-heal|p1a: Volcarona|30\/100|[from] drain|[of] p2a: Iron Treads\n|faint|p2a: Iron Treads\n|-end|p2a: Iron Treads|Quark Drive|[silent]\n|\n|upkeep\n|-message|bobo junior forfeited.\n|\n|win|MrGoddessli\n|raw|MrGoddessli's rating: 1353 &rarr; <strong>1378<\/strong><br \/>(+25 for winning)\n|raw|bobo junior's rating: 1439 &rarr; <strong>1414<\/strong><br \/>(-25 for losing)\n|l|\u2606bobo junior\n","uploadtime":1699718126,"views":4,"p1id":"mrgoddessli","p2id":"bobojunior","formatid":"gen9nationaldex","rating":1378,"private":0,"password":""}