{"id":"gen9nationaldex-1998680413","p1":"cross_build","p2":"starlitbox","format":"[Gen 9] National Dex","log":"|html|<div class=\"broadcast-blue\"><strong>[Gen 9] National Dex is currently suspecting Sneasler! For information on how to participate check out the <a href=\"https:\/\/www.smogon.com\/forums\/threads\/sv-national-dex-suspect-8-just-dance.3731534\/\">suspect thread<\/a>.<\/strong><\/div>\n|j|\u2606cross_build\n|j|\u2606starlitbox\n|t:|1700971619\n|gametype|singles\n|player|p1|cross_build|cynthia-gen4|1288\n|player|p2|starlitbox|silver|1308\n|teamsize|p1|6\n|teamsize|p2|6\n|gen|9\n|tier|[Gen 9] National Dex\n|rated|\n|rule|HP Percentage Mod: HP is shown in percentages\n|rule|Endless Battle Clause: Forcing endless battles is banned\n|rule|OHKO Clause: OHKO moves are banned\n|rule|Evasion Clause: Evasion abilities, items, and moves are banned\n|rule|Evasion Abilities Clause: Evasion abilities are banned\n|rule|Evasion Items Clause: Evasion items are banned\n|rule|Evasion Moves Clause: Evasion moves are banned\n|rule|Species Clause: Limit one of each Pok\u00e9mon\n|rule|Sleep Clause Mod: Limit one foe put to sleep\n|clearpoke\n|poke|p1|Rillaboom, M|\n|poke|p1|Garganacl, M|\n|poke|p1|Landorus-Therian, M|\n|poke|p1|Urshifu-*, M|\n|poke|p1|Dragonite, F|\n|poke|p1|Moltres|\n|poke|p2|Landorus-Therian, M|\n|poke|p2|Greninja-*, M|\n|poke|p2|Volcarona, M|\n|poke|p2|Iron Valiant|\n|poke|p2|Ogerpon-Wellspring, F|\n|poke|p2|Tapu Koko|\n|teampreview\n|\n|t:|1700971636\n|start\n|switch|p1a: Landorus|Landorus-Therian, M|100\/100\n|switch|p2a: Ogerpon|Ogerpon-Wellspring, F|100\/100\n|-ability|p1a: Landorus|Intimidate|boost\n|-unboost|p2a: Ogerpon|atk|1\n|turn|1\n|\n|t:|1700971651\n|move|p2a: Ogerpon|U-turn|p1a: Landorus\n|-resisted|p1a: Landorus\n|-damage|p1a: Landorus|95\/100\n|-damage|p2a: Ogerpon|84\/100|[from] item: Rocky Helmet|[of] p1a: Landorus\n|\n|t:|1700971660\n|switch|p2a: Greninja|Greninja, M|100\/100|[from] U-turn\n|move|p1a: Landorus|U-turn|p2a: Greninja\n|-supereffective|p2a: Greninja\n|-damage|p2a: Greninja|24\/100\n|\n|t:|1700971674\n|switch|p1a: Rillaboom|Rillaboom, M|100\/100|[from] U-turn\n|-fieldstart|move: Grassy Terrain|[from] ability: Grassy Surge|[of] p1a: Rillaboom\n|\n|-heal|p2a: Greninja|30\/100|[from] Grassy Terrain\n|upkeep\n|turn|2\n|\n|t:|1700971682\n|switch|p2a: Landorus|Landorus-Therian, M|100\/100\n|-ability|p2a: Landorus|Intimidate|boost\n|-unboost|p1a: Rillaboom|atk|1\n|move|p1a: Rillaboom|Grassy Glide|p2a: Landorus\n|-damage|p2a: Landorus|77\/100\n|\n|-heal|p2a: Landorus|83\/100|[from] item: Leftovers\n|upkeep\n|turn|3\n|\n|t:|1700971701\n|move|p1a: Rillaboom|Knock Off|p2a: Landorus\n|-damage|p2a: Landorus|62\/100\n|-enditem|p2a: Landorus|Leftovers|[from] move: Knock Off|[of] p1a: Rillaboom\n|move|p2a: Landorus|Knock Off|p1a: Rillaboom\n|-damage|p1a: Rillaboom|59\/100\n|-enditem|p1a: Rillaboom|Leftovers|[from] move: Knock Off|[of] p2a: Landorus\n|\n|-heal|p1a: Rillaboom|66\/100|[from] Grassy Terrain\n|upkeep\n|turn|4\n|\n|t:|1700971713\n|move|p1a: Rillaboom|U-turn|p2a: Landorus\n|-resisted|p2a: Landorus\n|-damage|p2a: Landorus|54\/100\n|\n|t:|1700971718\n|switch|p1a: Urshifu|Urshifu-Rapid-Strike, M|100\/100|[from] U-turn\n|move|p2a: Landorus|U-turn|p1a: Urshifu\n|-resisted|p1a: Urshifu\n|-damage|p1a: Urshifu|87\/100\n|\n|t:|1700971737\n|switch|p2a: Iron Valiant|Iron Valiant|100\/100|[from] U-turn\n|\n|-heal|p1a: Urshifu|93\/100|[from] Grassy Terrain\n|upkeep\n|turn|5\n|\n|t:|1700971756\n|switch|p1a: Landorus|Landorus-Therian, M|95\/100\n|-ability|p1a: Landorus|Intimidate|boost\n|-unboost|p2a: Iron Valiant|atk|1\n|move|p2a: Iron Valiant|Moonblast|p1a: Landorus\n|-damage|p1a: Landorus|17\/100\n|\n|-fieldend|move: Grassy Terrain\n|upkeep\n|turn|6\n|\n|t:|1700971765\n|move|p2a: Iron Valiant|Moonblast|p1a: Landorus\n|-damage|p1a: Landorus|0 fnt\n|faint|p1a: Landorus\n|\n|upkeep\n|\n|t:|1700971773\n|switch|p1a: Moltres|Moltres|100\/100\n|turn|7\n|\n|t:|1700971782\n|-end|p2a: Iron Valiant|Quark Drive|[silent]\n|switch|p2a: Greninja|Greninja, M|30\/100\n|move|p1a: Moltres|Toxic|p2a: Greninja\n|-status|p2a: Greninja|tox\n|\n|-damage|p2a: Greninja|24\/100 tox|[from] psn\n|upkeep\n|turn|8\n|\n|t:|1700971804\n|move|p2a: Greninja|Ice Beam|p1a: Moltres\n|-damage|p1a: Moltres|72\/100\n|move|p1a: Moltres|Overheat|p2a: Greninja\n|-resisted|p2a: Greninja\n|-damage|p2a: Greninja|0 fnt\n|-unboost|p1a: Moltres|spa|2\n|faint|p2a: Greninja\n|\n|-heal|p1a: Moltres|78\/100|[from] item: Leftovers\n|upkeep\n|\n|t:|1700971817\n|switch|p2a: Tapu Koko|Tapu Koko|100\/100\n|-fieldstart|move: Electric Terrain|[from] ability: Electric Surge|[of] p2a: Tapu Koko\n|turn|9\n|\n|t:|1700971825\n|switch|p1a: Garganacl|Garganacl, M|100\/100\n|move|p2a: Tapu Koko|Volt Switch|p1a: Garganacl\n|-damage|p1a: Garganacl|76\/100\n|\n|t:|1700971844\n|switch|p2a: Ogerpon|Ogerpon-Wellspring, F|84\/100|[from] Volt Switch\n|\n|-heal|p1a: Garganacl|83\/100|[from] item: Leftovers\n|upkeep\n|turn|10\n|\n|t:|1700971855\n|move|p2a: Ogerpon|Ivy Cudgel|p1a: Garganacl|[anim] Ivy Cudgel Water\n|-supereffective|p1a: Garganacl\n|-damage|p1a: Garganacl|2\/100\n|move|p1a: Garganacl|Salt Cure|p2a: Ogerpon\n|-damage|p2a: Ogerpon|66\/100\n|-start|p2a: Ogerpon|Salt Cure\n|\n|-heal|p1a: Garganacl|8\/100|[from] item: Leftovers\n|-damage|p2a: Ogerpon|41\/100|[from] Salt Cure\n|upkeep\n|turn|11\n|\n|t:|1700971865\n|move|p1a: Garganacl|Protect|p1a: Garganacl\n|-singleturn|p1a: Garganacl|Protect\n|move|p2a: Ogerpon|U-turn|p1a: Garganacl\n|-activate|p1a: Garganacl|move: Protect\n|\n|-heal|p1a: Garganacl|15\/100|[from] item: Leftovers\n|-damage|p2a: Ogerpon|16\/100|[from] Salt Cure\n|upkeep\n|turn|12\n|\n|t:|1700971880\n|move|p2a: Ogerpon|U-turn|p1a: Garganacl\n|-damage|p1a: Garganacl|0 fnt\n|faint|p1a: Garganacl\n|\n|t:|1700971891\n|switch|p2a: Iron Valiant|Iron Valiant|100\/100|[from] U-turn\n|-activate|p2a: Iron Valiant|ability: Quark Drive\n|-start|p2a: Iron Valiant|quarkdrivespe\n|\n|upkeep\n|\n|t:|1700971899\n|switch|p1a: Rillaboom|Rillaboom, M|66\/100\n|-fieldstart|move: Grassy Terrain|[from] ability: Grassy Surge|[of] p1a: Rillaboom\n|-end|p2a: Iron Valiant|Quark Drive\n|turn|13\n|\n|t:|1700971910\n|-end|p2a: Iron Valiant|Quark Drive|[silent]\n|switch|p2a: Landorus|Landorus-Therian, M|54\/100\n|-ability|p2a: Landorus|Intimidate|boost\n|-unboost|p1a: Rillaboom|atk|1\n|move|p1a: Rillaboom|Grassy Glide|p2a: Landorus\n|-damage|p2a: Landorus|29\/100\n|\n|-heal|p1a: Rillaboom|72\/100|[from] Grassy Terrain\n|upkeep\n|turn|14\n|\n|t:|1700971921\n|move|p1a: Rillaboom|U-turn|p2a: Landorus\n|-resisted|p2a: Landorus\n|-damage|p2a: Landorus|22\/100\n|\n|t:|1700971924\n|switch|p1a: Dragonite|Dragonite, F|100\/100|[from] U-turn\n|move|p2a: Landorus|U-turn|p1a: Dragonite\n|-resisted|p1a: Dragonite\n|-damage|p1a: Dragonite|92\/100\n|\n|t:|1700971934\n|switch|p2a: Iron Valiant|Iron Valiant|100\/100|[from] U-turn\n|\n|upkeep\n|turn|15\n|\n|t:|1700971941\n|-terastallize|p1a: Dragonite|Normal\n|move|p2a: Iron Valiant|Moonblast|p1a: Dragonite\n|-damage|p1a: Dragonite|22\/100\n|move|p1a: Dragonite|Dragon Dance|p1a: Dragonite\n|-boost|p1a: Dragonite|atk|1\n|-boost|p1a: Dragonite|spe|1\n|\n|-heal|p1a: Dragonite|28\/100|[from] Grassy Terrain\n|upkeep\n|turn|16\n|\n|t:|1700971954\n|-end|p2a: Iron Valiant|Quark Drive|[silent]\n|switch|p2a: Tapu Koko|Tapu Koko|100\/100\n|-fieldstart|move: Electric Terrain|[from] ability: Electric Surge|[of] p2a: Tapu Koko\n|move|p1a: Dragonite|Earthquake|p2a: Tapu Koko\n|-supereffective|p2a: Tapu Koko\n|-damage|p2a: Tapu Koko|0 fnt\n|faint|p2a: Tapu Koko\n|\n|upkeep\n|\n|t:|1700971961\n|switch|p2a: Iron Valiant|Iron Valiant|100\/100\n|-activate|p2a: Iron Valiant|ability: Quark Drive\n|-start|p2a: Iron Valiant|quarkdrivespe\n|turn|17\n|\n|t:|1700971970\n|-terastallize|p2a: Iron Valiant|Fairy\n|move|p2a: Iron Valiant|Moonblast|p1a: Dragonite\n|-damage|p1a: Dragonite|0 fnt\n|faint|p1a: Dragonite\n|\n|upkeep\n|\n|t:|1700971978\n|switch|p1a: Rillaboom|Rillaboom, M|72\/100\n|-fieldstart|move: Grassy Terrain|[from] ability: Grassy Surge|[of] p1a: Rillaboom\n|-end|p2a: Iron Valiant|Quark Drive\n|turn|18\n|\n|t:|1700971987\n|-end|p2a: Iron Valiant|Quark Drive|[silent]\n|switch|p2a: Landorus|Landorus-Therian, M|22\/100\n|-ability|p2a: Landorus|Intimidate|boost\n|-unboost|p1a: Rillaboom|atk|1\n|move|p1a: Rillaboom|Grassy Glide|p2a: Landorus\n|-damage|p2a: Landorus|0 fnt\n|faint|p2a: Landorus\n|\n|-heal|p1a: Rillaboom|78\/100|[from] Grassy Terrain\n|upkeep\n|\n|t:|1700972002\n|switch|p2a: Iron Valiant|Iron Valiant, tera:Fairy|100\/100\n|turn|19\n|\n|t:|1700972006\n|switch|p1a: Moltres|Moltres|78\/100\n|move|p2a: Iron Valiant|Moonblast|p1a: Moltres\n|-resisted|p1a: Moltres\n|-damage|p1a: Moltres|34\/100\n|\n|-heal|p1a: Moltres|40\/100|[from] item: Leftovers\n|upkeep\n|turn|20\n|\n|t:|1700972015\n|move|p2a: Iron Valiant|Moonblast|p1a: Moltres\n|-resisted|p1a: Moltres\n|-damage|p1a: Moltres|0 fnt\n|faint|p1a: Moltres\n|\n|upkeep\n|\n|t:|1700972021\n|switch|p1a: Rillaboom|Rillaboom, M|78\/100\n|turn|21\n|\n|t:|1700972025\n|-end|p2a: Iron Valiant|Quark Drive|[silent]\n|switch|p2a: Volcarona|Volcarona, M|100\/100\n|move|p1a: Rillaboom|Grassy Glide|p2a: Volcarona\n|-resisted|p2a: Volcarona\n|-damage|p2a: Volcarona|86\/100\n|-status|p1a: Rillaboom|brn|[from] ability: Flame Body|[of] p2a: Volcarona\n|\n|-heal|p2a: Volcarona|92\/100|[from] Grassy Terrain\n|-heal|p1a: Rillaboom|84\/100 brn|[from] Grassy Terrain\n|-damage|p1a: Rillaboom|78\/100 brn|[from] brn\n|upkeep\n|turn|22\n|\n|t:|1700972037\n|move|p2a: Volcarona|Quiver Dance|p2a: Volcarona\n|-boost|p2a: Volcarona|spa|1\n|-boost|p2a: Volcarona|spd|1\n|-boost|p2a: Volcarona|spe|1\n|move|p1a: Rillaboom|Knock Off|p2a: Volcarona\n|-damage|p2a: Volcarona|67\/100\n|-enditem|p2a: Volcarona|Heavy-Duty Boots|[from] move: Knock Off|[of] p1a: Rillaboom\n|\n|-heal|p2a: Volcarona|73\/100|[from] Grassy Terrain\n|-heal|p1a: Rillaboom|84\/100 brn|[from] Grassy Terrain\n|-damage|p1a: Rillaboom|78\/100 brn|[from] brn\n|-fieldend|move: Grassy Terrain\n|upkeep\n|turn|23\n|-message|cross_build forfeited.\n|\n|win|starlitbox\n|raw|cross_build's rating: 1288 &rarr; <strong>1264<\/strong><br \/>(-24 for losing)\n|raw|starlitbox's rating: 1308 &rarr; <strong>1327<\/strong><br \/>(+19 for winning)\n|l|\u2606cross_build\n|l|\u2606starlitbox\n|j|\u2606starlitbox\n|player|p2|starlitbox|silver\n","uploadtime":1700972054,"views":1,"p1id":"crossbuild","p2id":"starlitbox","formatid":"gen9nationaldex","rating":1264,"private":0,"password":""}