{"id":"gen9nationaldex-1998537839","p1":"hobinrobin","p2":"Irmao grimm","format":"[Gen 9] National Dex","log":"|html|<div class=\"broadcast-blue\"><strong>[Gen 9] National Dex is currently suspecting Sneasler! For information on how to participate check out the <a href=\"https:\/\/www.smogon.com\/forums\/threads\/sv-national-dex-suspect-8-just-dance.3731534\/\">suspect thread<\/a>.<\/strong><\/div>\n|j|\u2606hobinrobin\n|j|\u2606Irmao grimm\n|t:|1700953721\n|gametype|singles\n|player|p1|hobinrobin|steven|1000\n|player|p2|Irmao grimm|1|1010\n|teamsize|p1|6\n|teamsize|p2|6\n|gen|9\n|tier|[Gen 9] National Dex\n|rated|\n|rule|HP Percentage Mod: HP is shown in percentages\n|rule|Endless Battle Clause: Forcing endless battles is banned\n|rule|OHKO Clause: OHKO moves are banned\n|rule|Evasion Clause: Evasion abilities, items, and moves are banned\n|rule|Evasion Abilities Clause: Evasion abilities are banned\n|rule|Evasion Items Clause: Evasion items are banned\n|rule|Evasion Moves Clause: Evasion moves are banned\n|rule|Species Clause: Limit one of each Pok\u00e9mon\n|rule|Sleep Clause Mod: Limit one foe put to sleep\n|clearpoke\n|poke|p1|Linoone, M|\n|poke|p1|Spinda, M|\n|poke|p1|Flareon, F|\n|poke|p1|Reuniclus, F|\n|poke|p1|Minun, M|\n|poke|p1|Audino, M|\n|poke|p2|Wigglytuff, M|\n|poke|p2|Bellossom, M|\n|poke|p2|Arbok, F|\n|poke|p2|Oricorio-Sensu, F|\n|poke|p2|Primarina, F|\n|poke|p2|Smeargle, F|\n|teampreview\n|inactive|Battle timer is ON: inactive players will automatically lose when time's up. (requested by hobinrobin)\n|\n|t:|1700953734\n|start\n|switch|p1a: #17|Minun, M|100\/100\n|switch|p2a: Smeargle|Smeargle, F|100\/100\n|turn|1\n|\n|t:|1700953745\n|move|p1a: #17|Thunder Wave|p2a: Smeargle\n|-status|p2a: Smeargle|par\n|move|p2a: Smeargle|Mean Look|p1a: #17\n|-activate|p1a: #17|trapped\n|\n|upkeep\n|turn|2\n|\n|t:|1700953760\n|move|p1a: #17|Nasty Plot|p1a: #17\n|-boost|p1a: #17|spa|2\n|cant|p2a: Smeargle|par\n|\n|upkeep\n|turn|3\n|\n|t:|1700953769\n|switch|p2a: Wigglytuff|Wigglytuff, M, shiny|100\/100\n|move|p1a: #17|Thunderbolt|p2a: Wigglytuff\n|-damage|p2a: Wigglytuff|52\/100\n|-status|p2a: Wigglytuff|par\n|\n|-heal|p2a: Wigglytuff|58\/100 par|[from] item: Leftovers\n|upkeep\n|turn|4\n|\n|t:|1700953784\n|move|p1a: #17|Light Screen|p1a: #17\n|-sidestart|p1: hobinrobin|move: Light Screen\n|move|p2a: Wigglytuff|Perish Song|p2a: Wigglytuff\n|-start|p1a: #17|perish3|[silent]\n|-start|p2a: Wigglytuff|perish3|[silent]\n|-fieldactivate|move: Perish Song\n|\n|-heal|p2a: Wigglytuff|65\/100 par|[from] item: Leftovers\n|-start|p1a: #17|perish3\n|-start|p2a: Wigglytuff|perish3\n|upkeep\n|turn|5\n|\n|t:|1700953799\n|move|p2a: Wigglytuff|Protect|p2a: Wigglytuff\n|-singleturn|p2a: Wigglytuff|Protect\n|move|p1a: #17|Thunderbolt|p2a: Wigglytuff\n|-activate|p2a: Wigglytuff|move: Protect\n|\n|-heal|p2a: Wigglytuff|71\/100 par|[from] item: Leftovers\n|-start|p1a: #17|perish2\n|-start|p2a: Wigglytuff|perish2\n|upkeep\n|turn|6\n|\n|t:|1700953816\n|move|p2a: Wigglytuff|Protect||[still]\n|-fail|p2a: Wigglytuff\n|move|p1a: #17|Thunderbolt|p2a: Wigglytuff\n|-damage|p2a: Wigglytuff|20\/100 par\n|\n|-heal|p2a: Wigglytuff|26\/100 par|[from] item: Leftovers\n|-start|p1a: #17|perish1\n|-start|p2a: Wigglytuff|perish1\n|upkeep\n|turn|7\n|\n|t:|1700953833\n|switch|p1a: #13|Linoone, M|100\/100\n|move|p2a: Wigglytuff|Protect||[still]\n|-fail|p2a: Wigglytuff\n|\n|-heal|p2a: Wigglytuff|32\/100 par|[from] item: Leftovers\n|-start|p2a: Wigglytuff|perish0\n|faint|p2a: Wigglytuff\n|upkeep\n|inactive|Irmao grimm has 120 seconds left.\n|\n|t:|1700953851\n|switch|p2a: Smeargle|Smeargle, F|100\/100 par\n|turn|8\n|\n|t:|1700953869\n|-terastallize|p1a: #13|Normal\n|move|p1a: #13|Extreme Speed|p2a: Smeargle\n|-damage|p2a: Smeargle|18\/100 par\n|cant|p2a: Smeargle|par\n|\n|-sideend|p1: hobinrobin|move: Light Screen\n|upkeep\n|turn|9\n|inactive|Irmao grimm has 120 seconds left.\n|\n|t:|1700953888\n|move|p1a: #13|Belly Drum|p1a: #13\n|-damage|p1a: #13|50\/100\n|-setboost|p1a: #13|atk|6|[from] move: Belly Drum\n|-enditem|p1a: #13|Aguav Berry|[eat]\n|-heal|p1a: #13|84\/100|[from] item: Aguav Berry\n|move|p2a: Smeargle|Endeavor|p1a: #13\n|-damage|p1a: #13|19\/100\n|\n|upkeep\n|turn|10\n|inactive|Irmao grimm has 120 seconds left.\n|\n|t:|1700953907\n|move|p1a: #13|Extreme Speed|p2a: Smeargle\n|-damage|p2a: Smeargle|0 fnt\n|faint|p2a: Smeargle\n|\n|upkeep\n|\n|t:|1700953916\n|switch|p2a: Oricorio|Oricorio-Sensu, F, shiny|100\/100\n|turn|11\n|inactive|Irmao grimm has 120 seconds left.\n|\n|t:|1700953926\n|move|p1a: #13|Play Rough|p2a: Oricorio|[miss]\n|-miss|p1a: #13|p2a: Oricorio\n|move|p2a: Oricorio|Hurricane|p1a: #13|[miss]\n|-miss|p2a: Oricorio|p1a: #13\n|\n|upkeep\n|turn|12\n|inactive|Irmao grimm has 120 seconds left.\n|\n|t:|1700953939\n|move|p1a: #13|Play Rough|p2a: Oricorio\n|-damage|p2a: Oricorio|0 fnt\n|-damage|p1a: #13|2\/100|[from] item: Rocky Helmet|[of] p2a: Oricorio\n|faint|p2a: Oricorio\n|\n|upkeep\n|inactive|Irmao grimm has 120 seconds left.\n|-message|Irmao grimm forfeited.\n|\n|win|hobinrobin\n|raw|hobinrobin's rating: 1000 &rarr; <strong>1041<\/strong><br \/>(+41 for winning)\n|raw|Irmao grimm's rating: 1010 &rarr; <strong>1000<\/strong><br \/>(-10 for losing)\n|l|\u2606Irmao grimm\n","uploadtime":1700953953,"views":1,"p1id":"hobinrobin","p2id":"irmaogrimm","formatid":"gen9nationaldex","rating":1000,"private":0,"password":""}