{"id":"gen9nationaldex-1998803488","p1":"Sinnerofgod","p2":"jarddededdd","format":"[Gen 9] National Dex","log":"|html|<div class=\"broadcast-blue\"><strong>[Gen 9] National Dex is currently suspecting Sneasler! For information on how to participate check out the <a href=\"https:\/\/www.smogon.com\/forums\/threads\/sv-national-dex-suspect-8-just-dance.3731534\/\">suspect thread<\/a>.<\/strong><\/div>\n|j|\u2606Sinnerofgod\n|j|\u2606jarddededdd\n|t:|1700994197\n|gametype|singles\n|player|p1|Sinnerofgod|richboy-gen4|1053\n|player|p2|jarddededdd|pilot|1000\n|teamsize|p1|2\n|teamsize|p2|6\n|gen|9\n|tier|[Gen 9] National Dex\n|rated|\n|rule|HP Percentage Mod: HP is shown in percentages\n|rule|Endless Battle Clause: Forcing endless battles is banned\n|rule|OHKO Clause: OHKO moves are banned\n|rule|Evasion Clause: Evasion abilities, items, and moves are banned\n|rule|Evasion Abilities Clause: Evasion abilities are banned\n|rule|Evasion Items Clause: Evasion items are banned\n|rule|Evasion Moves Clause: Evasion moves are banned\n|rule|Species Clause: Limit one of each Pok\u00e9mon\n|rule|Sleep Clause Mod: Limit one foe put to sleep\n|clearpoke\n|poke|p1|Lapras, F|\n|poke|p1|Latios, M|\n|poke|p2|Charizard, F|\n|poke|p2|Torkoal, F|\n|poke|p2|Serperior, M|\n|poke|p2|Manaphy|\n|poke|p2|Pelipper, M|\n|poke|p2|Excadrill, F|\n|teampreview\n|\n|t:|1700994207\n|start\n|switch|p1a: Latios|Latios, M|100\/100\n|switch|p2a: Torkoal|Torkoal, F|100\/100\n|-weather|SunnyDay|[from] ability: Drought|[of] p2a: Torkoal\n|turn|1\n|\n|t:|1700994222\n|move|p1a: Latios|Light Screen|p1a: Latios\n|-sidestart|p1: Sinnerofgod|move: Light Screen\n|move|p2a: Torkoal|Solar Beam||[still]\n|-prepare|p2a: Torkoal|Solar Beam\n|-anim|p2a: Torkoal|Solar Beam|p1a: Latios\n|-resisted|p1a: Latios\n|-damage|p1a: Latios|94\/100\n|\n|-weather|SunnyDay|[upkeep]\n|upkeep\n|turn|2\n|\n|t:|1700994236\n|move|p1a: Latios|Reflect|p1a: Latios\n|-sidestart|p1: Sinnerofgod|Reflect\n|move|p2a: Torkoal|Toxic|p1a: Latios|[miss]\n|-miss|p2a: Torkoal|p1a: Latios\n|\n|-weather|SunnyDay|[upkeep]\n|upkeep\n|turn|3\n|\n|t:|1700994243\n|move|p1a: Latios|Rain Dance|p1a: Latios\n|-weather|RainDance\n|move|p2a: Torkoal|Toxic|p1a: Latios\n|-status|p1a: Latios|tox\n|\n|-weather|RainDance|[upkeep]\n|-damage|p1a: Latios|88\/100 tox|[from] psn\n|upkeep\n|turn|4\n|\n|t:|1700994254\n|switch|p2a: Manaphy|Manaphy|100\/100\n|move|p1a: Latios|Memento|p2a: Manaphy\n|-unboost|p2a: Manaphy|atk|2\n|-unboost|p2a: Manaphy|spa|2\n|faint|p1a: Latios\n|\n|-weather|RainDance|[upkeep]\n|upkeep\n|\n|t:|1700994258\n|switch|p1a: Lapras|Lapras, F|100\/100\n|turn|5\n|\n|t:|1700994267\n|move|p2a: Manaphy|Tail Glow|p2a: Manaphy\n|-boost|p2a: Manaphy|spa|3\n|move|p1a: Lapras|Dragon Dance|p1a: Lapras\n|-boost|p1a: Lapras|atk|1\n|-boost|p1a: Lapras|spe|1\n|\n|-weather|RainDance|[upkeep]\n|upkeep\n|turn|6\n|\n|t:|1700994278\n|move|p1a: Lapras|Dragon Dance|p1a: Lapras\n|-boost|p1a: Lapras|atk|1\n|-boost|p1a: Lapras|spe|1\n|move|p2a: Manaphy|Tail Glow|p2a: Manaphy\n|-boost|p2a: Manaphy|spa|3\n|\n|-weather|RainDance|[upkeep]\n|upkeep\n|turn|7\n|\n|t:|1700994291\n|move|p1a: Lapras|Megahorn|p2a: Manaphy\n|-damage|p2a: Manaphy|46\/100\n|move|p2a: Manaphy|Surf|p1a: Lapras\n|-resisted|p1a: Lapras\n|-damage|p1a: Lapras|59\/100\n|\n|-weather|none\n|upkeep\n|turn|8\n|\n|t:|1700994303\n|switch|p2a: Pelipper|Pelipper, M|100\/100\n|-weather|RainDance|[from] ability: Drizzle|[of] p2a: Pelipper\n|move|p1a: Lapras|Megahorn|p2a: Pelipper\n|-resisted|p2a: Pelipper\n|-damage|p2a: Pelipper|64\/100\n|\n|-weather|RainDance|[upkeep]\n|-heal|p2a: Pelipper|70\/100|[from] item: Leftovers\n|-sideend|p1: Sinnerofgod|move: Light Screen\n|upkeep\n|turn|9\n|\n|t:|1700994319\n|move|p1a: Lapras|Liquidation|p2a: Pelipper\n|-resisted|p2a: Pelipper\n|-damage|p2a: Pelipper|3\/100\n|move|p2a: Pelipper|Knock Off|p1a: Lapras\n|-damage|p1a: Lapras|51\/100\n|-enditem|p1a: Lapras|Weakness Policy|[from] move: Knock Off|[of] p2a: Pelipper\n|\n|-weather|RainDance|[upkeep]\n|-heal|p2a: Pelipper|9\/100|[from] item: Leftovers\n|-sideend|p1: Sinnerofgod|Reflect\n|upkeep\n|turn|10\n|\n|t:|1700994337\n|move|p1a: Lapras|Liquidation|p2a: Pelipper\n|-resisted|p2a: Pelipper\n|-damage|p2a: Pelipper|0 fnt\n|faint|p2a: Pelipper\n|\n|-weather|RainDance|[upkeep]\n|upkeep\n|\n|t:|1700994345\n|switch|p2a: Serperior|Serperior, M|100\/100\n|turn|11\n|\n|t:|1700994366\n|move|p1a: Lapras|Megahorn|p2a: Serperior\n|-supereffective|p2a: Serperior\n|-damage|p2a: Serperior|0 fnt\n|faint|p2a: Serperior\n|\n|-weather|RainDance|[upkeep]\n|upkeep\n|\n|t:|1700994376\n|switch|p2a: Manaphy|Manaphy|46\/100\n|turn|12\n|\n|t:|1700994386\n|move|p1a: Lapras|Megahorn|p2a: Manaphy\n|-damage|p2a: Manaphy|0 fnt\n|faint|p2a: Manaphy\n|\n|-weather|none\n|upkeep\n|\n|t:|1700994393\n|switch|p2a: Excadrill|Excadrill, F|100\/100\n|-ability|p2a: Excadrill|Mold Breaker\n|turn|13\n|\n|t:|1700994404\n|move|p1a: Lapras|Liquidation|p2a: Excadrill\n|-supereffective|p2a: Excadrill\n|-damage|p2a: Excadrill|0 fnt\n|faint|p2a: Excadrill\n|\n|upkeep\n|-message|jarddededdd forfeited.\n|\n|win|Sinnerofgod\n|raw|Sinnerofgod's rating: 1053 &rarr; <strong>1080<\/strong><br \/>(+27 for winning)\n|raw|jarddededdd's rating: 1000 &rarr; <strong>1000<\/strong><br \/>(+0 for losing)\n|l|\u2606jarddededdd\n","uploadtime":1700994415,"views":2,"p1id":"sinnerofgod","p2id":"jarddededdd","formatid":"gen9nationaldex","rating":1000,"private":0,"password":""}