{"id":"gen9nationaldex-1996649667","p1":"qwe Hdm","p2":"Hooploops<3","format":"[Gen 9] National Dex","log":"|html|<div class=\"broadcast-blue\"><strong>[Gen 9] National Dex is currently suspecting Sneasler! For information on how to participate check out the <a href=\"https:\/\/www.smogon.com\/forums\/threads\/sv-national-dex-suspect-8-just-dance.3731534\/\">suspect thread<\/a>.<\/strong><\/div>\n|j|\u2606qwe Hdm\n|j|\u2606Hooploops<3\n|t:|1700705107\n|gametype|singles\n|player|p1|qwe Hdm|roxie|1334\n|player|p2|Hooploops<3|rocketgruntf|1281\n|teamsize|p1|6\n|teamsize|p2|6\n|gen|9\n|tier|[Gen 9] National Dex\n|rated|\n|rule|HP Percentage Mod: HP is shown in percentages\n|rule|Endless Battle Clause: Forcing endless battles is banned\n|rule|OHKO Clause: OHKO moves are banned\n|rule|Evasion Clause: Evasion abilities, items, and moves are banned\n|rule|Evasion Abilities Clause: Evasion abilities are banned\n|rule|Evasion Items Clause: Evasion items are banned\n|rule|Evasion Moves Clause: Evasion moves are banned\n|rule|Species Clause: Limit one of each Pok\u00e9mon\n|rule|Sleep Clause Mod: Limit one foe put to sleep\n|clearpoke\n|poke|p1|Cinderace, F|\n|poke|p1|Great Tusk|\n|poke|p1|Mawile, M|\n|poke|p1|Tyranitar, M|\n|poke|p1|Nidoking, M|\n|poke|p1|Hatterene, F|\n|poke|p2|Lopunny, F|\n|poke|p2|Sylveon, F|\n|poke|p2|Alomomola, F|\n|poke|p2|Furret, F|\n|poke|p2|Articuno-Galar|\n|poke|p2|Skeledirge, F|\n|teampreview\n|\n|t:|1700705136\n|start\n|switch|p1a: Nidoking|Nidoking, M|100\/100\n|switch|p2a: Lopunny|Lopunny, F, shiny|100\/100\n|turn|1\n|\n|t:|1700705147\n|switch|p1a: Tyranitar|Tyranitar, M|100\/100\n|-weather|Sandstorm|[from] ability: Sand Stream|[of] p1a: Tyranitar\n|detailschange|p2a: Lopunny|Lopunny-Mega, F, shiny\n|-mega|p2a: Lopunny|Lopunny|Lopunnite\n|move|p2a: Lopunny|Fake Out|p1a: Tyranitar\n|-resisted|p1a: Tyranitar\n|-damage|p1a: Tyranitar|92\/100\n|\n|-weather|Sandstorm|[upkeep]\n|-damage|p2a: Lopunny|95\/100|[from] Sandstorm\n|upkeep\n|turn|2\n|\n|t:|1700705157\n|switch|p1a: Hatterene|Hatterene, F|100\/100\n|move|p2a: Lopunny|Close Combat|p1a: Hatterene\n|-resisted|p1a: Hatterene\n|-crit|p1a: Hatterene\n|-damage|p1a: Hatterene|70\/100\n|-unboost|p2a: Lopunny|def|1\n|-unboost|p2a: Lopunny|spd|1\n|-damage|p2a: Lopunny|78\/100|[from] item: Rocky Helmet|[of] p1a: Hatterene\n|\n|-weather|Sandstorm|[upkeep]\n|-damage|p2a: Lopunny|72\/100|[from] Sandstorm\n|-damage|p1a: Hatterene|64\/100|[from] Sandstorm\n|upkeep\n|turn|3\n|\n|t:|1700705168\n|move|p2a: Lopunny|U-turn|p1a: Hatterene\n|-damage|p1a: Hatterene|32\/100\n|-damage|p2a: Lopunny|55\/100|[from] item: Rocky Helmet|[of] p1a: Hatterene\n|inactive|Battle timer is ON: inactive players will automatically lose when time's up. (requested by qwe Hdm)\n|\n|t:|1700705218\n|switch|p2a: Skeledirge|Skeledirge, F, shiny|100\/100|[from] U-turn\n|move|p1a: Hatterene|Draining Kiss|p2a: Skeledirge\n|-resisted|p2a: Skeledirge\n|-crit|p2a: Skeledirge\n|-damage|p2a: Skeledirge|87\/100\n|-heal|p1a: Hatterene|49\/100|[from] drain|[of] p2a: Skeledirge\n|\n|-weather|Sandstorm|[upkeep]\n|-damage|p2a: Skeledirge|81\/100|[from] Sandstorm\n|-damage|p1a: Hatterene|43\/100|[from] Sandstorm\n|upkeep\n|turn|4\n|inactive|Hooploops<3 has 120 seconds left.\n|\n|t:|1700705255\n|switch|p1a: Tyranitar|Tyranitar, M|92\/100\n|move|p2a: Skeledirge|Hex|p1a: Tyranitar\n|-resisted|p1a: Tyranitar\n|-damage|p1a: Tyranitar|85\/100\n|\n|-weather|Sandstorm|[upkeep]\n|-damage|p2a: Skeledirge|75\/100|[from] Sandstorm\n|upkeep\n|turn|5\n|inactive|Hooploops<3 has 120 seconds left.\n|inactive|Hooploops<3 has 90 seconds left.\n|\n|t:|1700705297\n|switch|p2a: Alomomola|Alomomola, F|100\/100\n|move|p1a: Tyranitar|Knock Off|p2a: Alomomola\n|-crit|p2a: Alomomola\n|-damage|p2a: Alomomola|62\/100\n|-enditem|p2a: Alomomola|Leftovers|[from] move: Knock Off|[of] p1a: Tyranitar\n|\n|-weather|none\n|upkeep\n|turn|6\n|inactive|qwe Hdm has 120 seconds left.\n|\n|t:|1700705316\n|switch|p1a: Hatterene|Hatterene, F|43\/100\n|move|p2a: Alomomola|Wish|p2a: Alomomola\n|\n|upkeep\n|turn|7\n|\n|t:|1700705321\n|move|p2a: Alomomola|Protect|p2a: Alomomola\n|-singleturn|p2a: Alomomola|Protect\n|move|p1a: Hatterene|Calm Mind|p1a: Hatterene\n|-boost|p1a: Hatterene|spa|1\n|-boost|p1a: Hatterene|spd|1\n|\n|-heal|p2a: Alomomola|100\/100|[from] move: Wish|[wisher] Alomomola\n|upkeep\n|turn|8\n|\n|t:|1700705336\n|switch|p2a: Sylveon|Sylveon, F|100\/100\n|move|p1a: Hatterene|Draining Kiss|p2a: Sylveon\n|-damage|p2a: Sylveon|73\/100\n|-heal|p1a: Hatterene|75\/100|[from] drain|[of] p2a: Sylveon\n|\n|upkeep\n|turn|9\n|\n|t:|1700705343\n|move|p2a: Sylveon|Hyper Beam|p1a: Hatterene\n|-damage|p1a: Hatterene|0 fnt\n|-mustrecharge|p2a: Sylveon\n|faint|p1a: Hatterene\n|\n|upkeep\n|\n|t:|1700705353\n|switch|p1a: Nidoking|Nidoking, M|100\/100\n|turn|10\n|\n|t:|1700705357\n|move|p1a: Nidoking|Sludge Wave|p2a: Sylveon\n|-supereffective|p2a: Sylveon\n|-damage|p2a: Sylveon|9\/100\n|cant|p2a: Sylveon|recharge\n|\n|upkeep\n|turn|11\n|\n|t:|1700705364\n|move|p1a: Nidoking|Sludge Wave|p2a: Sylveon\n|-supereffective|p2a: Sylveon\n|-damage|p2a: Sylveon|0 fnt\n|faint|p2a: Sylveon\n|\n|upkeep\n|\n|t:|1700705380\n|switch|p2a: Articuno|Articuno-Galar|100\/100\n|turn|12\n|\n|t:|1700705399\n|switch|p1a: Tyranitar|Tyranitar, M|85\/100\n|-weather|Sandstorm|[from] ability: Sand Stream|[of] p1a: Tyranitar\n|move|p2a: Articuno|Agility|p2a: Articuno\n|-boost|p2a: Articuno|spe|2\n|\n|-weather|Sandstorm|[upkeep]\n|-damage|p2a: Articuno|94\/100|[from] Sandstorm\n|upkeep\n|turn|13\n|\n|t:|1700705416\n|switch|p2a: Alomomola|Alomomola, F|100\/100\n|move|p1a: Tyranitar|Knock Off|p2a: Alomomola\n|-damage|p2a: Alomomola|81\/100\n|\n|-weather|Sandstorm|[upkeep]\n|-damage|p2a: Alomomola|75\/100|[from] Sandstorm\n|upkeep\n|turn|14\n|inactive|qwe Hdm has 120 seconds left.\n|\n|t:|1700705453\n|switch|p1a: \u5927\u5634|Mawile, M|100\/100\n|-ability|p1a: \u5927\u5634|Intimidate|boost\n|-unboost|p2a: Alomomola|atk|1\n|move|p2a: Alomomola|Toxic|p1a: \u5927\u5634\n|-immune|p1a: \u5927\u5634\n|\n|-weather|Sandstorm|[upkeep]\n|-damage|p2a: Alomomola|69\/100|[from] Sandstorm\n|upkeep\n|turn|15\n|inactive|qwe Hdm has 120 seconds left.\n|\n|t:|1700705471\n|detailschange|p1a: \u5927\u5634|Mawile-Mega, M\n|-mega|p1a: \u5927\u5634|Mawile|Mawilite\n|move|p2a: Alomomola|Chilling Water|p1a: \u5927\u5634\n|-damage|p1a: \u5927\u5634|88\/100\n|-unboost|p1a: \u5927\u5634|atk|1\n|move|p1a: \u5927\u5634|Swords Dance|p1a: \u5927\u5634\n|-boost|p1a: \u5927\u5634|atk|2\n|\n|-weather|Sandstorm|[upkeep]\n|-damage|p2a: Alomomola|63\/100|[from] Sandstorm\n|upkeep\n|turn|16\n|inactive|qwe Hdm has 120 seconds left.\n|\n|t:|1700705487\n|switch|p2a: Skeledirge|Skeledirge, F, shiny|75\/100\n|move|p1a: \u5927\u5634|Play Rough|p2a: Skeledirge|[miss]\n|-miss|p1a: \u5927\u5634|p2a: Skeledirge\n|\n|-weather|none\n|upkeep\n|turn|17\n|inactive|qwe Hdm has 120 seconds left.\n|\n|t:|1700705494\n|-terastallize|p2a: Skeledirge|Fire\n|move|p1a: \u5927\u5634|Sucker Punch|p2a: Skeledirge\n|-damage|p2a: Skeledirge|39\/100\n|move|p2a: Skeledirge|Torch Song|p1a: \u5927\u5634\n|-supereffective|p1a: \u5927\u5634\n|-damage|p1a: \u5927\u5634|0 fnt\n|-boost|p2a: Skeledirge|spa|1\n|faint|p1a: \u5927\u5634\n|\n|upkeep\n|inactive|qwe Hdm has 120 seconds left.\n|\n|t:|1700705503\n|switch|p1a: Tyranitar|Tyranitar, M|85\/100\n|-weather|Sandstorm|[from] ability: Sand Stream|[of] p1a: Tyranitar\n|turn|18\n|inactive|qwe Hdm has 120 seconds left.\n|\n|t:|1700705519\n|switch|p2a: Alomomola|Alomomola, F|96\/100\n|move|p1a: Tyranitar|Rock Blast|p2a: Alomomola\n|-damage|p2a: Alomomola|88\/100\n|-damage|p2a: Alomomola|81\/100\n|-hitcount|p2a: Alomomola|2\n|\n|-weather|Sandstorm|[upkeep]\n|-damage|p2a: Alomomola|75\/100|[from] Sandstorm\n|upkeep\n|turn|19\n|inactive|qwe Hdm has 120 seconds left.\n|\n|t:|1700705531\n|switch|p1a: Nidoking|Nidoking, M|100\/100\n|move|p2a: Alomomola|Wish|p2a: Alomomola\n|\n|-weather|Sandstorm|[upkeep]\n|-damage|p2a: Alomomola|69\/100|[from] Sandstorm\n|upkeep\n|turn|20\n|inactive|qwe Hdm has 120 seconds left.\n|\n|t:|1700705541\n|switch|p2a: Skeledirge|Skeledirge, F, shiny, tera:Fire|39\/100\n|move|p1a: Nidoking|Sludge Wave|p2a: Skeledirge\n|-damage|p2a: Skeledirge|2\/100\n|\n|-weather|Sandstorm|[upkeep]\n|-damage|p2a: Skeledirge|0 fnt|[from] Sandstorm\n|faint|p2a: Skeledirge\n|upkeep\n|\n|t:|1700705558\n|switch|p2a: Articuno|Articuno-Galar|94\/100\n|turn|21\n|\n|t:|1700705573\n|switch|p2a: Lopunny|Lopunny-Mega, F, shiny|55\/100\n|move|p1a: Nidoking|Blizzard|p2a: Lopunny\n|-damage|p2a: Lopunny|8\/100\n|\n|-weather|Sandstorm|[upkeep]\n|-damage|p2a: Lopunny|2\/100|[from] Sandstorm\n|upkeep\n|turn|22\n|inactive|qwe Hdm has 120 seconds left.\n|\n|t:|1700705593\n|switch|p1a: Great Tusk|Great Tusk|100\/100\n|move|p2a: Lopunny|U-turn|p1a: Great Tusk\n|-resisted|p1a: Great Tusk\n|-damage|p1a: Great Tusk|92\/100\n|\n|t:|1700705600\n|switch|p2a: Articuno|Articuno-Galar|94\/100|[from] U-turn\n|\n|-weather|none\n|-heal|p1a: Great Tusk|99\/100|[from] item: Leftovers\n|upkeep\n|turn|23\n|\n|t:|1700705608\n|move|p2a: Articuno|Hurricane|p1a: Great Tusk\n|-supereffective|p1a: Great Tusk\n|-crit|p1a: Great Tusk\n|-damage|p1a: Great Tusk|0 fnt\n|faint|p1a: Great Tusk\n|-end|p1a: Great Tusk|Protosynthesis|[silent]\n|\n|upkeep\n|\n|t:|1700705611\n|switch|p1a: Tyranitar|Tyranitar, M|85\/100\n|-weather|Sandstorm|[from] ability: Sand Stream|[of] p1a: Tyranitar\n|turn|24\n|\n|t:|1700705623\n|move|p2a: Articuno|Hurricane|p1a: Tyranitar\n|-resisted|p1a: Tyranitar\n|-damage|p1a: Tyranitar|67\/100\n|-start|p1a: Tyranitar|confusion\n|-activate|p1a: Tyranitar|confusion\n|-damage|p1a: Tyranitar|56\/100|[from] confusion\n|\n|-weather|Sandstorm|[upkeep]\n|-damage|p2a: Articuno|88\/100|[from] Sandstorm\n|upkeep\n|turn|25\n|\n|t:|1700705632\n|move|p2a: Articuno|Hurricane|p1a: Tyranitar\n|-resisted|p1a: Tyranitar\n|-damage|p1a: Tyranitar|38\/100\n|-activate|p1a: Tyranitar|confusion\n|move|p1a: Tyranitar|Ice Fang|p2a: Articuno\n|-supereffective|p2a: Articuno\n|-damage|p2a: Articuno|31\/100\n|\n|-weather|Sandstorm|[upkeep]\n|-damage|p2a: Articuno|24\/100|[from] Sandstorm\n|upkeep\n|turn|26\n|\n|t:|1700705640\n|move|p2a: Articuno|Hurricane|p1a: Tyranitar|[miss]\n|-miss|p2a: Articuno|p1a: Tyranitar\n|-activate|p1a: Tyranitar|confusion\n|-damage|p1a: Tyranitar|28\/100|[from] confusion\n|\n|-weather|Sandstorm|[upkeep]\n|-damage|p2a: Articuno|18\/100|[from] Sandstorm\n|upkeep\n|turn|27\n|\n|t:|1700705643\n|move|p2a: Articuno|Hurricane|p1a: Tyranitar\n|-resisted|p1a: Tyranitar\n|-damage|p1a: Tyranitar|10\/100\n|-end|p1a: Tyranitar|confusion\n|move|p1a: Tyranitar|Ice Fang|p2a: Articuno\n|-supereffective|p2a: Articuno\n|-damage|p2a: Articuno|0 fnt\n|faint|p2a: Articuno\n|\n|-weather|Sandstorm|[upkeep]\n|upkeep\n|\n|t:|1700705650\n|switch|p2a: Furret|Furret, F, shiny|100\/100\n|-item|p1a: Tyranitar|Focus Sash|[from] ability: Frisk|[of] p2a: Furret|[identify]\n|turn|28\n|\n|t:|1700705662\n|move|p2a: Furret|Tidy Up|p2a: Furret\n|-boost|p2a: Furret|atk|1\n|-boost|p2a: Furret|spe|1\n|move|p1a: Tyranitar|Earthquake|p2a: Furret\n|-damage|p2a: Furret|41\/100\n|\n|-weather|none\n|upkeep\n|turn|29\n|\n|t:|1700705670\n|move|p2a: Furret|Knock Off|p1a: Tyranitar\n|-resisted|p1a: Tyranitar\n|-damage|p1a: Tyranitar|0 fnt\n|-enditem|p1a: Tyranitar|Focus Sash|[from] move: Knock Off|[of] p2a: Furret\n|faint|p1a: Tyranitar\n|\n|upkeep\n|\n|t:|1700705677\n|switch|p1a: Cinderace|Cinderace, F|100\/100\n|turn|30\n|\n|t:|1700705680\n|move|p1a: Cinderace|Pyro Ball|p2a: Furret|[miss]\n|-miss|p1a: Cinderace|p2a: Furret\n|move|p2a: Furret|Return|p1a: Cinderace\n|-crit|p1a: Cinderace\n|-damage|p1a: Cinderace|0 fnt\n|faint|p1a: Cinderace\n|\n|upkeep\n|\n|t:|1700705683\n|switch|p1a: Nidoking|Nidoking, M|100\/100\n|turn|31\n|\n|t:|1700705690\n|move|p2a: Furret|Knock Off|p1a: Nidoking\n|-damage|p1a: Nidoking|68\/100\n|move|p1a: Nidoking|Sludge Wave|p2a: Furret\n|-damage|p2a: Furret|0 fnt\n|faint|p2a: Furret\n|\n|upkeep\n|\n|t:|1700705702\n|switch|p2a: Lopunny|Lopunny-Mega, F, shiny|2\/100\n|turn|32\n|\n|t:|1700705709\n|move|p2a: Lopunny|Fake Out|p1a: Nidoking\n|-damage|p1a: Nidoking|37\/100\n|cant|p1a: Nidoking|flinch\n|\n|upkeep\n|turn|33\n|\n|t:|1700705712\n|move|p2a: Lopunny|Triple Axel|p1a: Nidoking\n|-supereffective|p1a: Nidoking\n|-damage|p1a: Nidoking|18\/100\n|-supereffective|p1a: Nidoking\n|-damage|p1a: Nidoking|0 fnt\n|faint|p1a: Nidoking\n|-hitcount|p1: Nidoking|2\n|\n|win|Hooploops<3\n|raw|qwe Hdm's rating: 1334 &rarr; <strong>1311<\/strong><br \/>(-23 for losing)\n|raw|Hooploops&lt;3's rating: 1281 &rarr; <strong>1310<\/strong><br \/>(+29 for winning)\n|l|\u2606qwe Hdm\n","uploadtime":1700705722,"views":2,"p1id":"qwehdm","p2id":"hooploops3","formatid":"gen9nationaldex","rating":1310,"private":0,"password":""}