{"id":"gen9nationaldex-1996740282","p1":"FlyingSudowoodo","p2":"Vrayturbo","format":"[Gen 9] National Dex","log":"|html|<div class=\"broadcast-blue\"><strong>[Gen 9] National Dex is currently suspecting Sneasler! For information on how to participate check out the <a href=\"https:\/\/www.smogon.com\/forums\/threads\/sv-national-dex-suspect-8-just-dance.3731534\/\">suspect thread<\/a>.<\/strong><\/div>\n|j|\u2606FlyingSudowoodo\n|j|\u2606Vrayturbo\n|t:|1700717267\n|gametype|singles\n|player|p1|FlyingSudowoodo|brock|1283\n|player|p2|Vrayturbo|firebreather|1383\n|teamsize|p1|6\n|teamsize|p2|6\n|gen|9\n|tier|[Gen 9] National Dex\n|rated|\n|rule|HP Percentage Mod: HP is shown in percentages\n|rule|Endless Battle Clause: Forcing endless battles is banned\n|rule|OHKO Clause: OHKO moves are banned\n|rule|Evasion Clause: Evasion abilities, items, and moves are banned\n|rule|Evasion Abilities Clause: Evasion abilities are banned\n|rule|Evasion Items Clause: Evasion items are banned\n|rule|Evasion Moves Clause: Evasion moves are banned\n|rule|Species Clause: Limit one of each Pok\u00e9mon\n|rule|Sleep Clause Mod: Limit one foe put to sleep\n|clearpoke\n|poke|p1|Garganacl, M|\n|poke|p1|Diancie|\n|poke|p1|Glimmora, M|\n|poke|p1|Ogerpon-Cornerstone, F|\n|poke|p1|Golem-Alola, F|\n|poke|p1|Tyranitar, M|\n|poke|p2|Quaquaval, F|\n|poke|p2|Charizard, M|\n|poke|p2|Venusaur, M|\n|poke|p2|Dragonite, F|\n|poke|p2|Togekiss, F|\n|poke|p2|Tyranitar, M|\n|teampreview\n|\n|t:|1700717284\n|start\n|switch|p1a: Ogerpon|Ogerpon-Cornerstone, F|100\/100\n|switch|p2a: Charizard|Charizard, M, shiny|100\/100\n|turn|1\n|inactive|Battle timer is ON: inactive players will automatically lose when time's up. (requested by FlyingSudowoodo)\n|\n|t:|1700717295\n|switch|p2a: Venusaur|Venusaur, M|100\/100\n|move|p1a: Ogerpon|Ivy Cudgel|p2a: Venusaur|[anim] Ivy Cudgel Rock\n|-damage|p2a: Venusaur|25\/100\n|\n|upkeep\n|turn|2\n|\n|t:|1700717303\n|move|p1a: Ogerpon|Ivy Cudgel|p2a: Venusaur|[anim] Ivy Cudgel Rock\n|-crit|p2a: Venusaur\n|-damage|p2a: Venusaur|0 fnt\n|faint|p2a: Venusaur\n|\n|upkeep\n|\n|t:|1700717306\n|switch|p2a: Dragonite|Dragonite, F|100\/100\n|turn|3\n|\n|t:|1700717314\n|switch|p1a: Glimmora|Glimmora, M|100\/100\n|-item|p1a: Glimmora|Air Balloon\n|move|p2a: Dragonite|Dragon Dance|p2a: Dragonite\n|-boost|p2a: Dragonite|atk|1\n|-boost|p2a: Dragonite|spe|1\n|\n|upkeep\n|turn|4\n|\n|t:|1700717322\n|move|p2a: Dragonite|Extreme Speed|p1a: Glimmora\n|-resisted|p1a: Glimmora\n|-damage|p1a: Glimmora|71\/100\n|-activate|p1a: Glimmora|ability: Toxic Debris\n|-sidestart|p2: Vrayturbo|move: Toxic Spikes\n|-enditem|p1a: Glimmora|Air Balloon\n|move|p1a: Glimmora|Mortal Spin|p2a: Dragonite\n|-crit|p2a: Dragonite\n|-damage|p2a: Dragonite|95\/100\n|-status|p2a: Dragonite|psn\n|\n|-damage|p2a: Dragonite|83\/100 psn|[from] psn\n|upkeep\n|turn|5\n|\n|t:|1700717340\n|move|p2a: Dragonite|Earthquake|p1a: Glimmora\n|-supereffective|p1a: Glimmora\n|-damage|p1a: Glimmora|0 fnt\n|-activate|p1a: Glimmora|ability: Toxic Debris\n|-sidestart|p2: Vrayturbo|move: Toxic Spikes\n|faint|p1a: Glimmora\n|\n|-damage|p2a: Dragonite|70\/100 psn|[from] psn\n|upkeep\n|\n|t:|1700717351\n|switch|p1a: Golem|Golem-Alola, F|100\/100\n|turn|6\n|\n|t:|1700717359\n|-terastallize|p2a: Dragonite|Normal\n|move|p1a: Golem|Endure|p1a: Golem\n|-singleturn|p1a: Golem|move: Endure\n|move|p2a: Dragonite|Earthquake|p1a: Golem\n|-supereffective|p1a: Golem\n|-activate|p1a: Golem|move: Endure\n|-damage|p1a: Golem|1\/100\n|\n|-damage|p2a: Dragonite|58\/100 psn|[from] psn\n|upkeep\n|turn|7\n|\n|t:|1700717369\n|switch|p1a: Garganacl|Garganacl, M|100\/100\n|move|p2a: Dragonite|Extreme Speed|p1a: Garganacl\n|-resisted|p1a: Garganacl\n|-damage|p1a: Garganacl|78\/100\n|\n|-heal|p1a: Garganacl|84\/100|[from] item: Leftovers\n|-damage|p2a: Dragonite|45\/100 psn|[from] psn\n|upkeep\n|turn|8\n|\n|t:|1700717384\n|move|p1a: Garganacl|Protect|p1a: Garganacl\n|-singleturn|p1a: Garganacl|Protect\n|move|p2a: Dragonite|Earthquake|p1a: Garganacl\n|-activate|p1a: Garganacl|move: Protect\n|\n|-heal|p1a: Garganacl|90\/100|[from] item: Leftovers\n|-damage|p2a: Dragonite|33\/100 psn|[from] psn\n|upkeep\n|turn|9\n|\n|t:|1700717392\n|-terastallize|p1a: Garganacl|Ghost\n|move|p2a: Dragonite|Dragon Dance|p2a: Dragonite\n|-boost|p2a: Dragonite|atk|1\n|-boost|p2a: Dragonite|spe|1\n|move|p1a: Garganacl|Recover|p1a: Garganacl\n|-heal|p1a: Garganacl|100\/100\n|\n|-damage|p2a: Dragonite|21\/100 psn|[from] psn\n|upkeep\n|turn|10\n|\n|t:|1700717402\n|move|p2a: Dragonite|Dual Wingbeat|p1a: Garganacl|[miss]\n|-miss|p2a: Dragonite|p1a: Garganacl\n|move|p1a: Garganacl|Stealth Rock|p2a: Dragonite\n|-sidestart|p2: Vrayturbo|move: Stealth Rock\n|\n|-damage|p2a: Dragonite|8\/100 psn|[from] psn\n|upkeep\n|turn|11\n|\n|t:|1700717408\n|move|p1a: Garganacl|Protect|p1a: Garganacl\n|-singleturn|p1a: Garganacl|Protect\n|move|p2a: Dragonite|Earthquake|p1a: Garganacl\n|-activate|p1a: Garganacl|move: Protect\n|\n|-damage|p2a: Dragonite|0 fnt|[from] psn\n|faint|p2a: Dragonite\n|upkeep\n|\n|t:|1700717416\n|switch|p2a: Charizard|Charizard, M, shiny|100\/100\n|-damage|p2a: Charizard|51\/100|[from] Stealth Rock\n|turn|12\n|\n|t:|1700717422\n|switch|p1a: Diancie|Diancie|100\/100\n|detailschange|p2a: Charizard|Charizard-Mega-Y, M, shiny\n|-mega|p2a: Charizard|Charizard|Charizardite Y\n|-weather|SunnyDay|[from] ability: Drought|[of] p2a: Charizard\n|move|p2a: Charizard|Weather Ball|p1a: Diancie\n|-resisted|p1a: Diancie\n|-crit|p1a: Diancie\n|-damage|p1a: Diancie|13\/100\n|\n|-weather|SunnyDay|[upkeep]\n|upkeep\n|turn|13\n|\n|t:|1700717433\n|switch|p2a: Tyranitar|Tyranitar, M, shiny|100\/100\n|-status|p2a: Tyranitar|tox\n|-damage|p2a: Tyranitar|88\/100 tox|[from] Stealth Rock\n|-weather|Sandstorm|[from] ability: Sand Stream|[of] p2a: Tyranitar\n|detailschange|p1a: Diancie|Diancie-Mega\n|-mega|p1a: Diancie|Diancie|Diancite\n|move|p1a: Diancie|Diamond Storm|p2a: Tyranitar\n|-damage|p2a: Tyranitar|45\/100 tox\n|-boost|p1a: Diancie|def|2\n|\n|-weather|Sandstorm|[upkeep]\n|-damage|p2a: Tyranitar|39\/100 tox|[from] psn\n|upkeep\n|turn|14\n|\n|t:|1700717445\n|move|p1a: Diancie|Moonblast|p2a: Tyranitar\n|-supereffective|p2a: Tyranitar\n|-damage|p2a: Tyranitar|0 fnt\n|faint|p2a: Tyranitar\n|\n|-weather|Sandstorm|[upkeep]\n|upkeep\n|-message|Vrayturbo forfeited.\n|\n|win|FlyingSudowoodo\n|raw|FlyingSudowoodo's rating: 1283 &rarr; <strong>1315<\/strong><br \/>(+32 for winning)\n|raw|Vrayturbo's rating: 1383 &rarr; <strong>1357<\/strong><br \/>(-26 for losing)\n|l|\u2606Vrayturbo\n","uploadtime":1700717453,"views":1,"p1id":"flyingsudowoodo","p2id":"vrayturbo","formatid":"gen9nationaldex","rating":1315,"private":0,"password":""}