{"id":"gen9nationaldex-1989977386","p1":"Sly Killdex 2","p2":"Wolfheart87","format":"[Gen 9] National Dex","log":"|j|\u2606Sly Killdex 2\n|j|\u2606Wolfheart87\n|t:|1699911911\n|gametype|singles\n|player|p1|Sly Killdex 2|volkner|1058\n|player|p2|Wolfheart87|102|1135\n|teamsize|p1|6\n|teamsize|p2|6\n|gen|9\n|tier|[Gen 9] National Dex\n|rated|\n|rule|HP Percentage Mod: HP is shown in percentages\n|rule|Endless Battle Clause: Forcing endless battles is banned\n|rule|OHKO Clause: OHKO moves are banned\n|rule|Evasion Clause: Evasion abilities, items, and moves are banned\n|rule|Evasion Abilities Clause: Evasion abilities are banned\n|rule|Evasion Items Clause: Evasion items are banned\n|rule|Evasion Moves Clause: Evasion moves are banned\n|rule|Species Clause: Limit one of each Pok\u00e9mon\n|rule|Sleep Clause Mod: Limit one foe put to sleep\n|clearpoke\n|poke|p1|Silvally-*|\n|poke|p1|Rockruff, F|\n|poke|p1|Oricorio-Pom-Pom, M|\n|poke|p1|Grubbin, F|\n|poke|p1|Toucannon, F|\n|poke|p1|Primarina, F|\n|poke|p2|Dragonite, M|\n|poke|p2|Ferrothorn, F|\n|poke|p2|Toxapex, M|\n|poke|p2|Cyclizar, M|\n|poke|p2|Volcarona, F|\n|poke|p2|Urshifu-*, F|\n|teampreview\n|inactive|Battle timer is ON: inactive players will automatically lose when time's up. (requested by Wolfheart87)\n|\n|t:|1699911935\n|start\n|switch|p1a: Silvally|Silvally-Steel|100\/100\n|switch|p2a: Cyclizar|Cyclizar, M|100\/100\n|turn|1\n|\n|t:|1699911944\n|move|p2a: Cyclizar|Taunt|p1a: Silvally\n|-start|p1a: Silvally|move: Taunt\n|cant|p1a: Silvally|move: Taunt|Swords Dance\n|\n|upkeep\n|turn|2\n|\n|t:|1699911953\n|move|p2a: Cyclizar|U-turn|p1a: Silvally\n|-resisted|p1a: Silvally\n|-damage|p1a: Silvally|90\/100\n|\n|t:|1699911962\n|switch|p2a: Toxapex|Toxapex, M|100\/100|[from] U-turn\n|move|p1a: Silvally|Multi-Attack|p2a: Toxapex\n|-resisted|p2a: Toxapex\n|-damage|p2a: Toxapex|83\/100\n|\n|-heal|p2a: Toxapex|89\/100|[from] item: Black Sludge\n|upkeep\n|turn|3\n|\n|t:|1699911972\n|switch|p1a: Oricorio|Oricorio-Pom-Pom, M|100\/100\n|move|p2a: Toxapex|Scald|p1a: Oricorio\n|-damage|p1a: Oricorio|75\/100\n|\n|-heal|p2a: Toxapex|95\/100|[from] item: Black Sludge\n|upkeep\n|turn|4\n|\n|t:|1699911981\n|switch|p2a: Ferrothorn|Ferrothorn, F|100\/100\n|move|p1a: Oricorio|Revelation Dance|p2a: Ferrothorn\n|-resisted|p2a: Ferrothorn\n|-damage|p2a: Ferrothorn|85\/100\n|\n|-heal|p2a: Ferrothorn|91\/100|[from] item: Leftovers\n|upkeep\n|turn|5\n|\n|t:|1699911997\n|move|p1a: Oricorio|Hurricane|p2a: Ferrothorn\n|-damage|p2a: Ferrothorn|55\/100\n|move|p2a: Ferrothorn|Stealth Rock|p1a: Oricorio\n|-sidestart|p1: Sly Killdex 2|move: Stealth Rock\n|\n|-heal|p2a: Ferrothorn|61\/100|[from] item: Leftovers\n|upkeep\n|turn|6\n|\n|t:|1699912011\n|move|p1a: Oricorio|Defog|p2a: Ferrothorn\n|-unboost|p2a: Ferrothorn|evasion|1\n|-sideend|p1: Sly Killdex 2|Stealth Rock|[from] move: Defog|[of] p1a: Oricorio\n|move|p2a: Ferrothorn|Leech Seed|p1a: Oricorio\n|-start|p1a: Oricorio|move: Leech Seed\n|\n|-heal|p2a: Ferrothorn|67\/100|[from] item: Leftovers\n|-damage|p1a: Oricorio|62\/100|[from] Leech Seed|[of] p2a: Ferrothorn\n|-heal|p2a: Ferrothorn|79\/100|[silent]\n|upkeep\n|turn|7\n|\n|t:|1699912022\n|move|p2a: Ferrothorn|Protect|p2a: Ferrothorn\n|-singleturn|p2a: Ferrothorn|Protect\n|move|p1a: Oricorio|Hurricane|p2a: Ferrothorn\n|-activate|p2a: Ferrothorn|move: Protect\n|\n|-heal|p2a: Ferrothorn|86\/100|[from] item: Leftovers\n|-damage|p1a: Oricorio|50\/100|[from] Leech Seed|[of] p2a: Ferrothorn\n|-heal|p2a: Ferrothorn|98\/100|[silent]\n|upkeep\n|turn|8\n|\n|t:|1699912033\n|move|p1a: Oricorio|Roost|p1a: Oricorio\n|-heal|p1a: Oricorio|99\/100\n|-singleturn|p1a: Oricorio|move: Roost\n|move|p2a: Ferrothorn|Stealth Rock|p1a: Oricorio\n|-sidestart|p1: Sly Killdex 2|move: Stealth Rock\n|\n|-heal|p2a: Ferrothorn|100\/100|[from] item: Leftovers\n|-damage|p1a: Oricorio|88\/100|[from] Leech Seed|[of] p2a: Ferrothorn\n|upkeep\n|turn|9\n|\n|t:|1699912044\n|move|p1a: Oricorio|Defog|p2a: Ferrothorn\n|-unboost|p2a: Ferrothorn|evasion|1\n|-sideend|p1: Sly Killdex 2|Stealth Rock|[from] move: Defog|[of] p1a: Oricorio\n|move|p2a: Ferrothorn|Gyro Ball|p1a: Oricorio\n|-resisted|p1a: Oricorio\n|-damage|p1a: Oricorio|46\/100\n|\n|-damage|p1a: Oricorio|34\/100|[from] Leech Seed|[of] p2a: Ferrothorn\n|upkeep\n|turn|10\n|\n|t:|1699912062\n|move|p1a: Oricorio|Hurricane|p2a: Ferrothorn\n|-damage|p2a: Ferrothorn|63\/100\n|move|p2a: Ferrothorn|Stealth Rock|p1a: Oricorio\n|-sidestart|p1: Sly Killdex 2|move: Stealth Rock\n|\n|-heal|p2a: Ferrothorn|69\/100|[from] item: Leftovers\n|-damage|p1a: Oricorio|21\/100|[from] Leech Seed|[of] p2a: Ferrothorn\n|-heal|p2a: Ferrothorn|82\/100|[silent]\n|upkeep\n|turn|11\n|\n|t:|1699912077\n|move|p1a: Oricorio|Roost|p1a: Oricorio\n|-heal|p1a: Oricorio|72\/100\n|-singleturn|p1a: Oricorio|move: Roost\n|move|p2a: Ferrothorn|Gyro Ball|p1a: Oricorio\n|-resisted|p1a: Oricorio\n|-damage|p1a: Oricorio|32\/100\n|\n|-heal|p2a: Ferrothorn|88\/100|[from] item: Leftovers\n|-damage|p1a: Oricorio|19\/100|[from] Leech Seed|[of] p2a: Ferrothorn\n|-heal|p2a: Ferrothorn|99\/100|[silent]\n|upkeep\n|turn|12\n|\n|t:|1699912088\n|move|p1a: Oricorio|Defog|p2a: Ferrothorn\n|-unboost|p2a: Ferrothorn|evasion|1\n|-sideend|p1: Sly Killdex 2|Stealth Rock|[from] move: Defog|[of] p1a: Oricorio\n|move|p2a: Ferrothorn|Gyro Ball|p1a: Oricorio\n|-resisted|p1a: Oricorio\n|-damage|p1a: Oricorio|0 fnt\n|faint|p1a: Oricorio\n|\n|-heal|p2a: Ferrothorn|100\/100|[from] item: Leftovers\n|upkeep\n|\n|t:|1699912095\n|switch|p1a: Rockruff|Rockruff, F|100\/100\n|turn|13\n|\n|t:|1699912102\n|move|p2a: Ferrothorn|Protect|p2a: Ferrothorn\n|-singleturn|p2a: Ferrothorn|Protect\n|move|p1a: Rockruff|Stealth Rock|p2a: Ferrothorn\n|-sidestart|p2: Wolfheart87|move: Stealth Rock\n|\n|upkeep\n|turn|14\n|\n|t:|1699912108\n|move|p1a: Rockruff|Stone Edge|p2a: Ferrothorn\n|-resisted|p2a: Ferrothorn\n|-damage|p2a: Ferrothorn|87\/100\n|move|p2a: Ferrothorn|Stealth Rock|p1a: Rockruff\n|-sidestart|p1: Sly Killdex 2|move: Stealth Rock\n|\n|-heal|p2a: Ferrothorn|93\/100|[from] item: Leftovers\n|upkeep\n|turn|15\n|\n|t:|1699912116\n|move|p1a: Rockruff|Stone Edge|p2a: Ferrothorn\n|-resisted|p2a: Ferrothorn\n|-damage|p2a: Ferrothorn|81\/100\n|move|p2a: Ferrothorn|Gyro Ball|p1a: Rockruff\n|-supereffective|p1a: Rockruff\n|-enditem|p1a: Rockruff|Focus Sash\n|-damage|p1a: Rockruff|1\/100\n|\n|-heal|p2a: Ferrothorn|87\/100|[from] item: Leftovers\n|upkeep\n|turn|16\n|\n|t:|1699912130\n|switch|p2a: Cyclizar|Cyclizar, M|100\/100\n|-damage|p2a: Cyclizar|88\/100|[from] Stealth Rock\n|move|p1a: Rockruff|Endeavor|p2a: Cyclizar\n|-damage|p2a: Cyclizar|1\/100\n|-enditem|p2a: Cyclizar|Aguav Berry|[eat]\n|-heal|p2a: Cyclizar|34\/100|[from] item: Aguav Berry\n|\n|upkeep\n|turn|17\n|\n|t:|1699912148\n|move|p2a: Cyclizar|Rapid Spin|p1a: Rockruff\n|-resisted|p1a: Rockruff\n|-damage|p1a: Rockruff|0 fnt\n|-boost|p2a: Cyclizar|spe|1\n|-sideend|p2: Wolfheart87|Stealth Rock|[from] move: Rapid Spin|[of] p2a: Cyclizar\n|faint|p1a: Rockruff\n|\n|upkeep\n|\n|t:|1699912155\n|switch|p1a: Toucannon|Toucannon, F|100\/100\n|-damage|p1a: Toucannon|76\/100|[from] Stealth Rock\n|turn|18\n|\n|t:|1699912160\n|-singleturn|p1a: Toucannon|move: Beak Blast\n|move|p2a: Cyclizar|U-turn|p1a: Toucannon\n|-resisted|p1a: Toucannon\n|-damage|p1a: Toucannon|63\/100\n|-status|p2a: Cyclizar|brn\n|\n|t:|1699912168\n|switch|p2a: Toxapex|Toxapex, M|100\/100|[from] U-turn\n|move|p1a: Toucannon|Beak Blast|p2a: Toxapex\n|-damage|p2a: Toxapex|53\/100\n|\n|-heal|p2a: Toxapex|59\/100|[from] item: Black Sludge\n|upkeep\n|turn|19\n|\n|t:|1699912178\n|switch|p1a: Grubbin|Grubbin, F|100\/100\n|-damage|p1a: Grubbin|76\/100|[from] Stealth Rock\n|move|p2a: Toxapex|Scald|p1a: Grubbin\n|-damage|p1a: Grubbin|38\/100\n|-status|p1a: Grubbin|brn\n|\n|-heal|p2a: Toxapex|65\/100|[from] item: Black Sludge\n|-damage|p1a: Grubbin|32\/100 brn|[from] brn\n|upkeep\n|turn|20\n|\n|t:|1699912193\n|move|p2a: Toxapex|Baneful Bunker|p2a: Toxapex\n|-singleturn|p2a: Toxapex|move: Protect\n|move|p1a: Grubbin|Sticky Web|p2a: Toxapex\n|-sidestart|p2: Wolfheart87|move: Sticky Web\n|\n|-heal|p2a: Toxapex|71\/100|[from] item: Black Sludge\n|-damage|p1a: Grubbin|26\/100 brn|[from] brn\n|upkeep\n|turn|21\n|\n|t:|1699912202\n|switch|p2a: Cyclizar|Cyclizar, M|68\/100 brn\n|-activate|p2a: Cyclizar|move: Sticky Web\n|-unboost|p2a: Cyclizar|spe|1\n|move|p1a: Grubbin|Volt Switch|p2a: Cyclizar\n|-resisted|p2a: Cyclizar\n|-damage|p2a: Cyclizar|59\/100 brn\n|\n|t:|1699912213\n|switch|p1a: Silvally|Silvally-Steel|90\/100|[from] Volt Switch\n|-damage|p1a: Silvally|84\/100|[from] Stealth Rock\n|\n|-damage|p2a: Cyclizar|53\/100 brn|[from] brn\n|upkeep\n|turn|22\n|\n|t:|1699912221\n|move|p1a: Silvally|Multi-Attack|p2a: Cyclizar\n|-damage|p2a: Cyclizar|0 fnt\n|faint|p2a: Cyclizar\n|\n|upkeep\n|\n|t:|1699912236\n|switch|p2a: Urshifu|Urshifu-Rapid-Strike, F|100\/100\n|-activate|p2a: Urshifu|move: Sticky Web\n|-unboost|p2a: Urshifu|spe|1\n|turn|23\n|\n|t:|1699912242\n|move|p1a: Silvally|Parting Shot|p2a: Urshifu\n|-unboost|p2a: Urshifu|atk|1\n|-unboost|p2a: Urshifu|spa|1\n|\n|t:|1699912244\n|switch|p1a: Grubbin|Grubbin, F|26\/100 brn|[from] Parting Shot\n|-damage|p1a: Grubbin|1\/100 brn|[from] Stealth Rock\n|move|p2a: Urshifu|Bulk Up|p2a: Urshifu\n|-boost|p2a: Urshifu|atk|1\n|-boost|p2a: Urshifu|def|1\n|\n|-damage|p1a: Grubbin|0 fnt|[from] brn\n|faint|p1a: Grubbin\n|upkeep\n|\n|t:|1699912249\n|switch|p1a: Primarina|Primarina, F|100\/100\n|-damage|p1a: Primarina|88\/100|[from] Stealth Rock\n|turn|24\n|\n|t:|1699912265\n|switch|p2a: Toxapex|Toxapex, M|100\/100\n|-activate|p2a: Toxapex|move: Sticky Web\n|-unboost|p2a: Toxapex|spe|1\n|move|p1a: Primarina|Moonblast|p2a: Toxapex\n|-resisted|p2a: Toxapex\n|-damage|p2a: Toxapex|78\/100\n|\n|-heal|p2a: Toxapex|84\/100|[from] item: Black Sludge\n|upkeep\n|turn|25\n|\n|t:|1699912278\n|move|p1a: Primarina|Ice Beam|p2a: Toxapex\n|-resisted|p2a: Toxapex\n|-damage|p2a: Toxapex|71\/100\n|move|p2a: Toxapex|Toxic|p1a: Primarina\n|-status|p1a: Primarina|tox\n|\n|-heal|p2a: Toxapex|77\/100|[from] item: Black Sludge\n|-damage|p1a: Primarina|82\/100 tox|[from] psn\n|upkeep\n|turn|26\n|inactive|Sly Killdex 2 has 120 seconds left.\n|\n|t:|1699912329\n|move|p1a: Primarina|Flip Turn|p2a: Toxapex\n|-resisted|p2a: Toxapex\n|-damage|p2a: Toxapex|72\/100\n|\n|t:|1699912333\n|switch|p1a: Toucannon|Toucannon, F|63\/100|[from] Flip Turn\n|-damage|p1a: Toucannon|38\/100|[from] Stealth Rock\n|move|p2a: Toxapex|Scald|p1a: Toucannon\n|-damage|p1a: Toucannon|20\/100\n|-status|p1a: Toucannon|brn\n|\n|-heal|p2a: Toxapex|78\/100|[from] item: Black Sludge\n|-damage|p1a: Toucannon|14\/100 brn|[from] brn\n|upkeep\n|turn|27\n|-message|Sly Killdex 2 forfeited.\n|\n|win|Wolfheart87\n|raw|Sly Killdex 2's rating: 1058 &rarr; <strong>1043<\/strong><br \/>(-15 for losing)\n|raw|Wolfheart87's rating: 1135 &rarr; <strong>1155<\/strong><br \/>(+20 for winning)\n","uploadtime":1699912346,"views":4,"p1id":"slykilldex2","p2id":"wolfheart87","formatid":"gen9nationaldex","rating":1043,"private":0,"password":""}