{"id":"gen9nationaldex-1990118940","p1":"AyuQAQ","p2":"redbeardred","format":"[Gen 9] National Dex","log":"|j|\u2606AyuQAQ\n|j|\u2606redbeardred\n|t:|1699926564\n|gametype|singles\n|player|p1|AyuQAQ|giovanni|1224\n|player|p2|redbeardred|veteran|1323\n|teamsize|p1|6\n|teamsize|p2|6\n|gen|9\n|tier|[Gen 9] National Dex\n|rated|\n|rule|HP Percentage Mod: HP is shown in percentages\n|rule|Endless Battle Clause: Forcing endless battles is banned\n|rule|OHKO Clause: OHKO moves are banned\n|rule|Evasion Clause: Evasion abilities, items, and moves are banned\n|rule|Evasion Abilities Clause: Evasion abilities are banned\n|rule|Evasion Items Clause: Evasion items are banned\n|rule|Evasion Moves Clause: Evasion moves are banned\n|rule|Species Clause: Limit one of each Pok\u00e9mon\n|rule|Sleep Clause Mod: Limit one foe put to sleep\n|clearpoke\n|poke|p1|Banette, M|\n|poke|p1|Alomomola, F|\n|poke|p1|Landorus-Therian, M|\n|poke|p1|Heatran, F|\n|poke|p1|Aegislash, F|\n|poke|p1|Porygon-Z|\n|poke|p2|Chansey, F|\n|poke|p2|Gliscor, M|\n|poke|p2|Corsola-Galar, M|\n|poke|p2|Mawile, F|\n|poke|p2|Polteageist-Antique|\n|poke|p2|Slurpuff, M|\n|teampreview\n|inactive|Battle timer is ON: inactive players will automatically lose when time's up. (requested by AyuQAQ)\n|\n|t:|1699926569\n|start\n|switch|p1a: Porygon-Z|Porygon-Z|100\/100\n|switch|p2a: Slurpuff|Slurpuff, M|100\/100\n|turn|1\n|\n|t:|1699926591\n|-zpower|p1a: Porygon-Z\n|move|p1a: Porygon-Z|Z-Conversion|p1a: Porygon-Z|[anim]Conversion\n|-boost|p1a: Porygon-Z|atk|1|[zeffect]\n|-boost|p1a: Porygon-Z|def|1|[zeffect]\n|-boost|p1a: Porygon-Z|spa|1|[zeffect]\n|-boost|p1a: Porygon-Z|spd|1|[zeffect]\n|-boost|p1a: Porygon-Z|spe|1|[zeffect]\n|-start|p1a: Porygon-Z|typechange|Ghost\n|move|p2a: Slurpuff|Belly Drum|p2a: Slurpuff\n|-damage|p2a: Slurpuff|50\/100\n|-setboost|p2a: Slurpuff|atk|6|[from] move: Belly Drum\n|-enditem|p2a: Slurpuff|Sitrus Berry|[eat]\n|-heal|p2a: Slurpuff|75\/100|[from] item: Sitrus Berry\n|\n|upkeep\n|turn|2\n|\n|t:|1699926607\n|move|p2a: Slurpuff|Play Rough|p1a: Porygon-Z|[miss]\n|-miss|p2a: Slurpuff|p1a: Porygon-Z\n|move|p1a: Porygon-Z|Shadow Ball|p2a: Slurpuff\n|-damage|p2a: Slurpuff|0 fnt\n|faint|p2a: Slurpuff\n|\n|upkeep\n|c|\u2606redbeardred|killing myself\n|\n|t:|1699926618\n|switch|p2a: Chansey|Chansey, F, shiny|100\/100\n|turn|3\n|\n|t:|1699926630\n|switch|p1a: Aegislash|Aegislash, F|100\/100\n|move|p2a: Chansey|Toxic|p1a: Aegislash\n|-immune|p1a: Aegislash\n|\n|upkeep\n|turn|4\n|\n|t:|1699926634\n|switch|p2a: Mawile|Mawile, F|100\/100\n|-ability|p2a: Mawile|Intimidate|boost\n|-unboost|p1a: Aegislash|atk|1\n|move|p1a: Aegislash|Toxic|p2a: Mawile|[miss]\n|-miss|p1a: Aegislash|p2a: Mawile\n|\n|upkeep\n|turn|5\n|\n|t:|1699926641\n|switch|p1a: Landorus|Landorus-Therian, M|100\/100\n|-ability|p1a: Landorus|Intimidate|boost\n|-unboost|p2a: Mawile|atk|1\n|detailschange|p2a: Mawile|Mawile-Mega, F\n|-mega|p2a: Mawile|Mawile|Mawilite\n|move|p2a: Mawile|Swords Dance|p2a: Mawile\n|-boost|p2a: Mawile|atk|2\n|\n|upkeep\n|turn|6\n|\n|t:|1699926645\n|move|p1a: Landorus|Earthquake|p2a: Mawile\n|-supereffective|p2a: Mawile\n|-damage|p2a: Mawile|7\/100\n|move|p2a: Mawile|Play Rough|p1a: Landorus\n|-damage|p1a: Landorus|2\/100\n|-damage|p2a: Mawile|0 fnt|[from] item: Rocky Helmet|[of] p1a: Landorus\n|faint|p2a: Mawile\n|\n|upkeep\n|\n|t:|1699926658\n|switch|p2a: Polteageist|Polteageist-Antique|100\/100\n|turn|7\n|\n|t:|1699926661\n|switch|p1a: Alomomola|Alomomola, F|100\/100\n|move|p2a: Polteageist|Shell Smash|p2a: Polteageist\n|-unboost|p2a: Polteageist|def|1\n|-unboost|p2a: Polteageist|spd|1\n|-boost|p2a: Polteageist|atk|2\n|-boost|p2a: Polteageist|spa|2\n|-boost|p2a: Polteageist|spe|2\n|\n|upkeep\n|turn|8\n|\n|t:|1699926666\n|move|p2a: Polteageist|Shell Smash|p2a: Polteageist\n|-unboost|p2a: Polteageist|def|1\n|-unboost|p2a: Polteageist|spd|1\n|-boost|p2a: Polteageist|atk|2\n|-boost|p2a: Polteageist|spa|2\n|-boost|p2a: Polteageist|spe|2\n|move|p1a: Alomomola|Wish|p1a: Alomomola\n|\n|upkeep\n|turn|9\n|\n|t:|1699926673\n|move|p2a: Polteageist|Stored Power|p1a: Alomomola\n|-damage|p1a: Alomomola|0 fnt\n|faint|p1a: Alomomola\n|\n|upkeep\n|\n|t:|1699926678\n|switch|p1a: Banette|Banette, M|100\/100\n|-item|p2a: Polteageist|Focus Sash|[from] ability: Frisk|[of] p1a: Banette|[identify]\n|turn|10\n|\n|t:|1699926682\n|detailschange|p1a: Banette|Banette-Mega, M\n|-mega|p1a: Banette|Banette|Banettite\n|move|p1a: Banette|Destiny Bond|p1a: Banette\n|-singlemove|p1a: Banette|Destiny Bond\n|move|p2a: Polteageist|Shadow Ball|p1a: Banette\n|-supereffective|p1a: Banette\n|-damage|p1a: Banette|0 fnt\n|faint|p1a: Banette\n|-activate|p1a: Banette|move: Destiny Bond\n|faint|p2a: Polteageist\n|\n|upkeep\n|\n|t:|1699926688\n|switch|p2a: Gliscor|Gliscor, M|100\/100\n|switch|p1a: Porygon-Z|Porygon-Z|100\/100\n|turn|11\n|\n|t:|1699926691\n|switch|p2a: Chansey|Chansey, F, shiny|100\/100\n|move|p1a: Porygon-Z|Conversion|p1a: Porygon-Z\n|-start|p1a: Porygon-Z|typechange|Ghost\n|\n|upkeep\n|turn|12\n|\n|t:|1699926698\n|switch|p1a: Aegislash|Aegislash, F|100\/100\n|switch|p2a: Gliscor|Gliscor, M|100\/100\n|\n|-status|p2a: Gliscor|tox|[from] item: Toxic Orb\n|upkeep\n|turn|13\n|\n|t:|1699926704\n|move|p2a: Gliscor|Earthquake|p1a: Aegislash\n|-supereffective|p1a: Aegislash\n|-damage|p1a: Aegislash|52\/100\n|move|p1a: Aegislash|Substitute|p1a: Aegislash\n|-start|p1a: Aegislash|Substitute\n|-damage|p1a: Aegislash|27\/100\n|\n|-heal|p1a: Aegislash|33\/100|[from] item: Leftovers\n|upkeep\n|turn|14\n|\n|t:|1699926707\n|move|p1a: Aegislash|King's Shield|p1a: Aegislash\n|-singleturn|p1a: Aegislash|Protect\n|move|p2a: Gliscor|Earthquake|p1a: Aegislash\n|-activate|p1a: Aegislash|move: Protect\n|\n|-heal|p1a: Aegislash|39\/100|[from] item: Leftovers\n|upkeep\n|turn|15\n|\n|t:|1699926710\n|move|p2a: Gliscor|Earthquake|p1a: Aegislash\n|-supereffective|p1a: Aegislash\n|-end|p1a: Aegislash|Substitute\n|-formechange|p1a: Aegislash|Aegislash-Blade||[from] ability: Stance Change\n|move|p1a: Aegislash|Shadow Ball|p2a: Gliscor\n|-damage|p2a: Gliscor|39\/100 tox\n|\n|-heal|p1a: Aegislash|45\/100|[from] item: Leftovers\n|-heal|p2a: Gliscor|52\/100 tox|[from] ability: Poison Heal\n|upkeep\n|turn|16\n|\n|t:|1699926717\n|-formechange|p1a: Aegislash|Aegislash||[from] ability: Stance Change\n|move|p1a: Aegislash|King's Shield|p1a: Aegislash\n|-singleturn|p1a: Aegislash|Protect\n|move|p2a: Gliscor|Roost|p2a: Gliscor\n|-heal|p2a: Gliscor|100\/100 tox\n|-singleturn|p2a: Gliscor|move: Roost\n|\n|-heal|p1a: Aegislash|51\/100|[from] item: Leftovers\n|upkeep\n|turn|17\n|\n|t:|1699926723\n|switch|p1a: Landorus|Landorus-Therian, M|2\/100\n|-ability|p1a: Landorus|Intimidate|boost\n|-unboost|p2a: Gliscor|atk|1\n|move|p2a: Gliscor|Earthquake|p1a: Landorus\n|-immune|p1a: Landorus\n|\n|upkeep\n|turn|18\n|\n|t:|1699926730\n|move|p2a: Gliscor|Toxic|p1a: Landorus\n|-status|p1a: Landorus|tox\n|move|p1a: Landorus|U-turn|p2a: Gliscor\n|-resisted|p2a: Gliscor\n|-damage|p2a: Gliscor|93\/100 tox\n|\n|t:|1699926735\n|switch|p1a: Heatran|Heatran, F|100\/100|[from] U-turn\n|\n|-heal|p2a: Gliscor|100\/100 tox|[from] ability: Poison Heal\n|upkeep\n|turn|19\n|\n|t:|1699926739\n|-terastallize|p2a: Gliscor|Water\n|-terastallize|p1a: Heatran|Grass\n|move|p2a: Gliscor|Earthquake|p1a: Heatran\n|-resisted|p1a: Heatran\n|-damage|p1a: Heatran|92\/100\n|move|p1a: Heatran|Magma Storm|p2a: Gliscor|[miss]\n|-miss|p1a: Heatran|p2a: Gliscor\n|\n|-heal|p1a: Heatran|98\/100|[from] item: Leftovers\n|upkeep\n|turn|20\n|\n|t:|1699926748\n|move|p2a: Gliscor|Toxic|p1a: Heatran\n|-status|p1a: Heatran|tox\n|move|p1a: Heatran|Taunt|p2a: Gliscor\n|-start|p2a: Gliscor|move: Taunt\n|\n|-heal|p1a: Heatran|100\/100 tox|[from] item: Leftovers\n|-damage|p1a: Heatran|94\/100 tox|[from] psn\n|upkeep\n|turn|21\n|\n|t:|1699926751\n|switch|p2a: Chansey|Chansey, F, shiny|100\/100\n|move|p1a: Heatran|Earth Power|p2a: Chansey\n|-damage|p2a: Chansey|94\/100\n|\n|-heal|p1a: Heatran|100\/100 tox|[from] item: Leftovers\n|-damage|p1a: Heatran|88\/100 tox|[from] psn\n|upkeep\n|turn|22\n|\n|t:|1699926758\n|switch|p1a: Aegislash|Aegislash, F|51\/100\n|switch|p2a: Corsola|Corsola-Galar, M, shiny|100\/100\n|\n|-heal|p1a: Aegislash|58\/100|[from] item: Leftovers\n|upkeep\n|turn|23\n|\n|t:|1699926764\n|-formechange|p1a: Aegislash|Aegislash-Blade||[from] ability: Stance Change\n|move|p1a: Aegislash|Shadow Ball|p2a: Corsola\n|-supereffective|p2a: Corsola\n|-damage|p2a: Corsola|33\/100\n|move|p2a: Corsola|Will-O-Wisp|p1a: Aegislash\n|-status|p1a: Aegislash|brn\n|\n|-heal|p1a: Aegislash|64\/100 brn|[from] item: Leftovers\n|-damage|p1a: Aegislash|58\/100 brn|[from] brn\n|upkeep\n|turn|24\n|\n|t:|1699926775\n|move|p1a: Aegislash|Shadow Ball|p2a: Corsola\n|-supereffective|p2a: Corsola\n|-damage|p2a: Corsola|0 fnt\n|faint|p2a: Corsola\n|\n|-heal|p1a: Aegislash|64\/100 brn|[from] item: Leftovers\n|-damage|p1a: Aegislash|58\/100 brn|[from] brn\n|upkeep\n|\n|t:|1699926778\n|switch|p2a: Chansey|Chansey, F, shiny|94\/100\n|turn|25\n|\n|t:|1699926787\n|switch|p2a: Gliscor|Gliscor, M, tera:Water|100\/100 tox\n|move|p1a: Aegislash|Toxic|p2a: Gliscor\n|-fail|p2a: Gliscor|tox\n|\n|-heal|p1a: Aegislash|64\/100 brn|[from] item: Leftovers\n|-damage|p1a: Aegislash|58\/100 brn|[from] brn\n|upkeep\n|turn|26\n|\n|t:|1699926794\n|switch|p1a: Landorus|Landorus-Therian, M|2\/100 tox\n|-ability|p1a: Landorus|Intimidate|boost\n|-unboost|p2a: Gliscor|atk|1\n|move|p2a: Gliscor|Earthquake|p1a: Landorus\n|-immune|p1a: Landorus\n|\n|-damage|p1a: Landorus|0 fnt|[from] psn\n|faint|p1a: Landorus\n|upkeep\n|\n|t:|1699926798\n|switch|p1a: Porygon-Z|Porygon-Z|100\/100\n|turn|27\n|\n|t:|1699926805\n|move|p1a: Porygon-Z|Thunderbolt|p2a: Gliscor\n|-supereffective|p2a: Gliscor\n|-damage|p2a: Gliscor|20\/100 tox\n|move|p2a: Gliscor|Toxic|p1a: Porygon-Z\n|-status|p1a: Porygon-Z|tox\n|\n|-damage|p1a: Porygon-Z|94\/100 tox|[from] psn\n|-heal|p2a: Gliscor|32\/100 tox|[from] ability: Poison Heal\n|upkeep\n|turn|28\n|\n|t:|1699926813\n|switch|p2a: Chansey|Chansey, F, shiny|94\/100\n|move|p1a: Porygon-Z|Thunderbolt|p2a: Chansey\n|-damage|p2a: Chansey|87\/100\n|\n|-damage|p1a: Porygon-Z|82\/100 tox|[from] psn\n|upkeep\n|turn|29\n|\n|t:|1699926823\n|switch|p1a: Heatran|Heatran, F, tera:Grass|88\/100 tox\n|switch|p2a: Gliscor|Gliscor, M, tera:Water|32\/100 tox\n|\n|-heal|p1a: Heatran|94\/100 tox|[from] item: Leftovers\n|-heal|p2a: Gliscor|45\/100 tox|[from] ability: Poison Heal\n|-damage|p1a: Heatran|88\/100 tox|[from] psn\n|upkeep\n|turn|30\n|\n|t:|1699926830\n|move|p2a: Gliscor|Roost|p2a: Gliscor\n|-heal|p2a: Gliscor|95\/100 tox\n|move|p1a: Heatran|Stealth Rock|p2a: Gliscor\n|-sidestart|p2: redbeardred|move: Stealth Rock\n|\n|-heal|p1a: Heatran|94\/100 tox|[from] item: Leftovers\n|-heal|p2a: Gliscor|100\/100 tox|[from] ability: Poison Heal\n|-damage|p1a: Heatran|82\/100 tox|[from] psn\n|upkeep\n|turn|31\n|\n|t:|1699926834\n|move|p2a: Gliscor|Defog|p1a: Heatran\n|-unboost|p1a: Heatran|evasion|1\n|-sideend|p2: redbeardred|Stealth Rock|[from] move: Defog|[of] p2a: Gliscor\n|move|p1a: Heatran|Magma Storm|p2a: Gliscor\n|-resisted|p2a: Gliscor\n|-damage|p2a: Gliscor|75\/100 tox\n|-activate|p2a: Gliscor|move: Magma Storm|[of] p1a: Heatran\n|\n|-heal|p1a: Heatran|88\/100 tox|[from] item: Leftovers\n|-heal|p2a: Gliscor|88\/100 tox|[from] ability: Poison Heal\n|-damage|p1a: Heatran|69\/100 tox|[from] psn\n|-damage|p2a: Gliscor|75\/100 tox|[from] move: Magma Storm|[partiallytrapped]\n|upkeep\n|turn|32\n|\n|t:|1699926842\n|move|p2a: Gliscor|Roost|p2a: Gliscor\n|-heal|p2a: Gliscor|100\/100 tox\n|move|p1a: Heatran|Taunt|p2a: Gliscor\n|-start|p2a: Gliscor|move: Taunt\n|\n|-heal|p1a: Heatran|76\/100 tox|[from] item: Leftovers\n|-damage|p1a: Heatran|51\/100 tox|[from] psn\n|-damage|p2a: Gliscor|88\/100 tox|[from] move: Magma Storm|[partiallytrapped]\n|upkeep\n|turn|33\n|\n|t:|1699926846\n|move|p2a: Gliscor|Earthquake|p1a: Heatran\n|-resisted|p1a: Heatran\n|-damage|p1a: Heatran|36\/100 tox\n|move|p1a: Heatran|Earth Power|p2a: Gliscor\n|-damage|p2a: Gliscor|55\/100 tox\n|-unboost|p2a: Gliscor|spd|1\n|\n|-heal|p1a: Heatran|42\/100 tox|[from] item: Leftovers\n|-heal|p2a: Gliscor|67\/100 tox|[from] ability: Poison Heal\n|-damage|p1a: Heatran|11\/100 tox|[from] psn\n|-damage|p2a: Gliscor|55\/100 tox|[from] move: Magma Storm|[partiallytrapped]\n|upkeep\n|turn|34\n|\n|t:|1699926853\n|move|p2a: Gliscor|Earthquake|p1a: Heatran\n|-resisted|p1a: Heatran\n|-damage|p1a: Heatran|0 fnt\n|faint|p1a: Heatran\n|\n|-heal|p2a: Gliscor|67\/100 tox|[from] ability: Poison Heal\n|-end|p2a: Gliscor|Magma Storm|[partiallytrapped]|[silent]\n|upkeep\n|\n|t:|1699926859\n|switch|p1a: Aegislash|Aegislash, F|58\/100 brn\n|turn|35\n|\n|t:|1699926864\n|move|p2a: Gliscor|Earthquake|p1a: Aegislash\n|-supereffective|p1a: Aegislash\n|-damage|p1a: Aegislash|6\/100 brn\n|move|p1a: Aegislash|Toxic|p2a: Gliscor\n|-fail|p2a: Gliscor|tox\n|\n|-heal|p1a: Aegislash|12\/100 brn|[from] item: Leftovers\n|-heal|p2a: Gliscor|80\/100 tox|[from] ability: Poison Heal\n|-damage|p1a: Aegislash|6\/100 brn|[from] brn\n|-end|p2a: Gliscor|move: Taunt\n|upkeep\n|turn|36\n|-message|AyuQAQ forfeited.\n|\n|win|redbeardred\n|raw|AyuQAQ's rating: 1224 &rarr; <strong>1206<\/strong><br \/>(-18 for losing)\n|raw|redbeardred's rating: 1323 &rarr; <strong>1337<\/strong><br \/>(+14 for winning)\n|l|\u2606AyuQAQ\n","uploadtime":1699926899,"views":13,"p1id":"ayuqaq","p2id":"redbeardred","formatid":"gen9nationaldex","rating":1206,"private":0,"password":""}