{"id":"gen9nationaldex-1987552428","p1":"chengbei111","p2":"SoyuzaBrother","format":"[Gen 9] National Dex","log":"|j|\u2606chengbei111\n|j|\u2606SoyuzaBrother\n|t:|1699610909\n|gametype|singles\n|player|p1|chengbei111|dawn|1559\n|player|p2|SoyuzaBrother|cynthia-masters|1657\n|teamsize|p1|6\n|teamsize|p2|6\n|gen|9\n|tier|[Gen 9] National Dex\n|rated|\n|rule|HP Percentage Mod: HP is shown in percentages\n|rule|Endless Battle Clause: Forcing endless battles is banned\n|rule|OHKO Clause: OHKO moves are banned\n|rule|Evasion Clause: Evasion abilities, items, and moves are banned\n|rule|Evasion Abilities Clause: Evasion abilities are banned\n|rule|Evasion Items Clause: Evasion items are banned\n|rule|Evasion Moves Clause: Evasion moves are banned\n|rule|Species Clause: Limit one of each Pok\u00e9mon\n|rule|Sleep Clause Mod: Limit one foe put to sleep\n|clearpoke\n|poke|p1|Camerupt, M|\n|poke|p1|Hatterene, F|\n|poke|p1|Hoopa-Unbound|\n|poke|p1|Iron Hands|\n|poke|p1|Cresselia, F|\n|poke|p1|Mimikyu, M|\n|poke|p2|Ninetales-Alola, M|\n|poke|p2|Glimmora, M|\n|poke|p2|Great Tusk|\n|poke|p2|Charizard, F|\n|poke|p2|Aegislash, F|\n|poke|p2|Kyurem|\n|teampreview\n|inactive|Battle timer is ON: inactive players will automatically lose when time's up. (requested by SoyuzaBrother)\n|\n|t:|1699610915\n|start\n|switch|p1a: Hatterene|Hatterene, F|100\/100\n|switch|p2a: Uranium|Glimmora, M|100\/100\n|turn|1\n|\n|t:|1699610926\n|switch|p2a: Huh?|Charizard, F|100\/100\n|move|p1a: Hatterene|Trick Room|p1a: Hatterene\n|-fieldstart|move: Trick Room|[of] p1a: Hatterene\n|\n|upkeep\n|turn|2\n|\n|t:|1699610945\n|switch|p1a: Camerupt|Camerupt, M, shiny|100\/100\n|detailschange|p2a: Huh?|Charizard-Mega-Y, F\n|-mega|p2a: Huh?|Charizard|Charizardite Y\n|-weather|SunnyDay|[from] ability: Drought|[of] p2a: Huh?\n|move|p2a: Huh?|Flamethrower|p1a: Camerupt\n|-resisted|p1a: Camerupt\n|-damage|p1a: Camerupt|47\/100\n|\n|-weather|SunnyDay|[upkeep]\n|upkeep\n|turn|3\n|\n|t:|1699610949\n|detailschange|p1a: Camerupt|Camerupt-Mega, M, shiny\n|-mega|p1a: Camerupt|Camerupt|Cameruptite\n|move|p1a: Camerupt|Ancient Power|p2a: Huh?\n|-supereffective|p2a: Huh?\n|-damage|p2a: Huh?|0 fnt\n|faint|p2a: Huh?\n|\n|-weather|SunnyDay|[upkeep]\n|upkeep\n|\n|t:|1699610959\n|switch|p2a: Spooky Sword|Aegislash, F|100\/100\n|turn|4\n|\n|t:|1699610962\n|move|p2a: Spooky Sword|King's Shield|p2a: Spooky Sword\n|-singleturn|p2a: Spooky Sword|Protect\n|move|p1a: Camerupt|Stealth Rock|p2a: Spooky Sword\n|-sidestart|p2: SoyuzaBrother|move: Stealth Rock\n|\n|-weather|SunnyDay|[upkeep]\n|upkeep\n|turn|5\n|\n|t:|1699610971\n|move|p1a: Camerupt|Fire Blast|p2a: Spooky Sword\n|-supereffective|p2a: Spooky Sword\n|-damage|p2a: Spooky Sword|0 fnt\n|faint|p2a: Spooky Sword\n|\n|-weather|SunnyDay|[upkeep]\n|-fieldend|move: Trick Room\n|upkeep\n|\n|t:|1699610976\n|switch|p2a: Manny|Great Tusk|100\/100\n|-damage|p2a: Manny|98\/100|[from] Stealth Rock\n|-activate|p2a: Manny|ability: Protosynthesis\n|-start|p2a: Manny|protosynthesisatk\n|turn|6\n|\n|t:|1699610982\n|switch|p1a: Cresselia|Cresselia, F, shiny|100\/100\n|move|p2a: Manny|Rapid Spin|p1a: Cresselia\n|-damage|p1a: Cresselia|89\/100\n|-boost|p2a: Manny|spe|1\n|-sideend|p2: SoyuzaBrother|Stealth Rock|[from] move: Rapid Spin|[of] p2a: Manny\n|\n|-weather|none\n|-end|p2a: Manny|Protosynthesis\n|-heal|p2a: Manny|100\/100|[from] item: Leftovers\n|upkeep\n|turn|7\n|\n|t:|1699610986\n|move|p2a: Manny|Knock Off|p1a: Cresselia\n|-supereffective|p1a: Cresselia\n|-damage|p1a: Cresselia|55\/100\n|-enditem|p1a: Cresselia|Aguav Berry|[from] move: Knock Off|[of] p2a: Manny\n|move|p1a: Cresselia|Trick Room|p1a: Cresselia\n|-fieldstart|move: Trick Room|[of] p1a: Cresselia\n|\n|upkeep\n|turn|8\n|\n|t:|1699610997\n|move|p1a: Cresselia|Lunar Dance|p1a: Cresselia\n|faint|p1a: Cresselia\n|move|p2a: Manny|Headlong Rush|p1: Cresselia|[notarget]\n|-fail|p2a: Manny\n|\n|upkeep\n|\n|t:|1699611002\n|switch|p1a: Camerupt|Camerupt-Mega, M, shiny|47\/100\n|-heal|p1a: Camerupt|100\/100|[from] move: Lunar Dance\n|turn|9\n|\n|t:|1699611007\n|move|p1a: Camerupt|Fire Blast|p2a: Manny\n|-damage|p2a: Manny|0 fnt\n|faint|p2a: Manny\n|-end|p2a: Manny|Protosynthesis|[silent]\n|\n|upkeep\n|\n|t:|1699611012\n|switch|p2a: Uranium|Glimmora, M|100\/100\n|turn|10\n|\n|t:|1699611016\n|move|p1a: Camerupt|Earth Power|p2a: Uranium\n|-supereffective|p2a: Uranium\n|-enditem|p2a: Uranium|Focus Sash\n|-damage|p2a: Uranium|1\/100\n|move|p2a: Uranium|Power Gem|p1a: Camerupt\n|-damage|p1a: Camerupt|65\/100\n|\n|upkeep\n|turn|11\n|\n|t:|1699611025\n|move|p1a: Camerupt|Stealth Rock|p2a: Uranium\n|-sidestart|p2: SoyuzaBrother|move: Stealth Rock\n|move|p2a: Uranium|Mortal Spin|p1a: Camerupt\n|-resisted|p1a: Camerupt\n|-damage|p1a: Camerupt|61\/100\n|-status|p1a: Camerupt|psn\n|-sideend|p2: SoyuzaBrother|Stealth Rock|[from] move: Mortal Spin|[of] p2a: Uranium\n|\n|-damage|p1a: Camerupt|49\/100 psn|[from] psn\n|-fieldend|move: Trick Room\n|upkeep\n|turn|12\n|\n|t:|1699611029\n|switch|p1a: Hatterene|Hatterene, F|100\/100\n|move|p2a: Uranium|Power Gem|p1a: Hatterene\n|-damage|p1a: Hatterene|67\/100\n|\n|upkeep\n|turn|13\n|\n|t:|1699611034\n|move|p2a: Uranium|Mortal Spin|p1a: Hatterene\n|-supereffective|p1a: Hatterene\n|-damage|p1a: Hatterene|52\/100\n|-status|p1a: Hatterene|psn\n|move|p1a: Hatterene|Trick Room|p1a: Hatterene\n|-fieldstart|move: Trick Room|[of] p1a: Hatterene\n|\n|-damage|p1a: Hatterene|40\/100 psn|[from] psn\n|upkeep\n|turn|14\n|\n|t:|1699611041\n|move|p1a: Hatterene|Healing Wish|p1a: Hatterene\n|faint|p1a: Hatterene\n|move|p2a: Uranium|Power Gem|p1: Hatterene|[notarget]\n|-fail|p2a: Uranium\n|\n|upkeep\n|\n|t:|1699611043\n|switch|p1a: Camerupt|Camerupt-Mega, M, shiny|49\/100 psn\n|-heal|p1a: Camerupt|100\/100|[from] move: Healing Wish\n|turn|15\n|c|\u2606SoyuzaBrother|MAN\n|\n|t:|1699611056\n|move|p1a: Camerupt|Earth Power|p2a: Uranium\n|-supereffective|p2a: Uranium\n|-damage|p2a: Uranium|0 fnt\n|faint|p2a: Uranium\n|\n|upkeep\n|\n|t:|1699611059\n|switch|p2a: Snow Doggy|Ninetales-Alola, M|100\/100\n|-weather|Snow|[from] ability: Snow Warning|[of] p2a: Snow Doggy\n|turn|16\n|\n|t:|1699611063\n|-terastallize|p2a: Snow Doggy|Fairy\n|move|p1a: Camerupt|Fire Blast|p2a: Snow Doggy\n|-damage|p2a: Snow Doggy|20\/100\n|move|p2a: Snow Doggy|Aurora Veil|p2a: Snow Doggy\n|-sidestart|p2: SoyuzaBrother|move: Aurora Veil\n|\n|-weather|Snow|[upkeep]\n|upkeep\n|turn|17\n|\n|t:|1699611072\n|move|p1a: Camerupt|Stealth Rock|p2a: Snow Doggy\n|-sidestart|p2: SoyuzaBrother|move: Stealth Rock\n|move|p2a: Snow Doggy|Freeze-Dry|p1a: Camerupt\n|-damage|p1a: Camerupt|82\/100\n|\n|-weather|Snow|[upkeep]\n|-fieldend|move: Trick Room\n|upkeep\n|turn|18\n|\n|t:|1699611079\n|switch|p1a: Hoopa|Hoopa-Unbound|100\/100\n|move|p2a: Snow Doggy|Moonblast|p1a: Hoopa\n|-supereffective|p1a: Hoopa\n|-damage|p1a: Hoopa|42\/100\n|\n|-weather|Snow|[upkeep]\n|upkeep\n|turn|19\n|\n|t:|1699611089\n|switch|p1a: Camerupt|Camerupt-Mega, M, shiny|82\/100\n|move|p2a: Snow Doggy|Moonblast|p1a: Camerupt\n|-resisted|p1a: Camerupt\n|-damage|p1a: Camerupt|65\/100\n|\n|-weather|Snow|[upkeep]\n|upkeep\n|turn|20\n|\n|t:|1699611094\n|move|p2a: Snow Doggy|Moonblast|p1a: Camerupt\n|-resisted|p1a: Camerupt\n|-damage|p1a: Camerupt|47\/100\n|-unboost|p1a: Camerupt|spa|1\n|move|p1a: Camerupt|Fire Blast|p2a: Snow Doggy\n|-damage|p2a: Snow Doggy|0 fnt\n|faint|p2a: Snow Doggy\n|\n|-weather|none\n|upkeep\n|\n|t:|1699611099\n|switch|p2a: Ice Machine|Kyurem|100\/100\n|-damage|p2a: Ice Machine|76\/100|[from] Stealth Rock\n|-ability|p2a: Ice Machine|Pressure\n|turn|21\n|\n|t:|1699611103\n|switch|p1a: Hoopa|Hoopa-Unbound|42\/100\n|move|p2a: Ice Machine|Dragon Dance|p2a: Ice Machine\n|-boost|p2a: Ice Machine|atk|1\n|-boost|p2a: Ice Machine|spe|1\n|\n|upkeep\n|turn|22\n|\n|t:|1699611107\n|move|p2a: Ice Machine|Icicle Spear|p1a: Hoopa\n|-damage|p1a: Hoopa|9\/100\n|-damage|p1a: Hoopa|0 fnt\n|faint|p1a: Hoopa\n|-hitcount|p1: Hoopa|2\n|\n|upkeep\n|\n|t:|1699611109\n|switch|p1a: Mimikyu|Mimikyu, M|100\/100\n|turn|23\n|\n|t:|1699611111\n|move|p2a: Ice Machine|Icicle Spear|p1a: Mimikyu\n|-activate|p1a: Mimikyu|ability: Disguise\n|-damage|p1a: Mimikyu|100\/100\n|detailschange|p1a: Mimikyu|Mimikyu-Busted, M\n|-damage|p1a: Mimikyu|88\/100|[from] pokemon: Mimikyu-Busted\n|-damage|p1a: Mimikyu|62\/100\n|-damage|p1a: Mimikyu|31\/100\n|-damage|p1a: Mimikyu|4\/100\n|-damage|p1a: Mimikyu|0 fnt\n|faint|p1a: Mimikyu\n|-hitcount|p1: Mimikyu|5\n|\n|-sideend|p2: SoyuzaBrother|move: Aurora Veil\n|upkeep\n|\n|t:|1699611113\n|switch|p1a: Iron Hands|Iron Hands|100\/100\n|-enditem|p1a: Iron Hands|Booster Energy\n|-activate|p1a: Iron Hands|ability: Quark Drive|[fromitem]\n|-start|p1a: Iron Hands|quarkdriveatk\n|turn|24\n|\n|t:|1699611126\n|-terastallize|p1a: Iron Hands|Grass\n|move|p2a: Ice Machine|Icicle Spear|p1a: Iron Hands\n|-supereffective|p1a: Iron Hands\n|-damage|p1a: Iron Hands|73\/100\n|-supereffective|p1a: Iron Hands\n|-damage|p1a: Iron Hands|45\/100\n|-supereffective|p1a: Iron Hands\n|-damage|p1a: Iron Hands|17\/100\n|-supereffective|p1a: Iron Hands\n|-damage|p1a: Iron Hands|0 fnt\n|faint|p1a: Iron Hands\n|-end|p1a: Iron Hands|Quark Drive|[silent]\n|-hitcount|p1: Iron Hands|4\n|\n|upkeep\n|\n|t:|1699611130\n|switch|p1a: Camerupt|Camerupt-Mega, M, shiny|47\/100\n|turn|25\n|\n|t:|1699611134\n|move|p2a: Ice Machine|Icicle Spear|p1a: Camerupt\n|-damage|p1a: Camerupt|25\/100\n|-crit|p1a: Camerupt\n|-damage|p1a: Camerupt|0 fnt\n|faint|p1a: Camerupt\n|-hitcount|p1: Camerupt|2\n|\n|win|SoyuzaBrother\n|raw|chengbei111's rating: 1559 &rarr; <strong>1544<\/strong><br \/>(-15 for losing)\n|raw|SoyuzaBrother's rating: 1657 &rarr; <strong>1672<\/strong><br \/>(+15 for winning)\n|l|\u2606chengbei111\n","uploadtime":1699611153,"views":29,"p1id":"chengbei111","p2id":"soyuzabrother","formatid":"gen9nationaldex","rating":1544,"private":0,"password":""}