{"id":"gen9nationaldex-1990310466","p1":"Lynix0980","p2":"steals many wives","format":"[Gen 9] National Dex","log":"|j|\u2606Lynix0980\n|j|\u2606steals many wives\n|t:|1699954766\n|gametype|singles\n|player|p1|Lynix0980|169|1107\n|player|p2|steals many wives|waitress|1123\n|teamsize|p1|6\n|teamsize|p2|6\n|gen|9\n|tier|[Gen 9] National Dex\n|rated|\n|rule|HP Percentage Mod: HP is shown in percentages\n|rule|Endless Battle Clause: Forcing endless battles is banned\n|rule|OHKO Clause: OHKO moves are banned\n|rule|Evasion Clause: Evasion abilities, items, and moves are banned\n|rule|Evasion Abilities Clause: Evasion abilities are banned\n|rule|Evasion Items Clause: Evasion items are banned\n|rule|Evasion Moves Clause: Evasion moves are banned\n|rule|Species Clause: Limit one of each Pok\u00e9mon\n|rule|Sleep Clause Mod: Limit one foe put to sleep\n|clearpoke\n|poke|p1|Glimmora, F|\n|poke|p1|Lilligant-Hisui, F|\n|poke|p1|Ceruledge, F|\n|poke|p1|Ribombee, F|\n|poke|p1|Urshifu-*, M|\n|poke|p1|Banette, F|\n|poke|p2|Aggron, M|\n|poke|p2|Ferrothorn, M|\n|poke|p2|Goodra-Hisui, F|\n|poke|p2|Celesteela|\n|poke|p2|Heatran, M|\n|poke|p2|Excadrill, M|\n|teampreview\n|\n|t:|1699954776\n|start\n|switch|p1a: Glimmora|Glimmora, F|100\/100\n|switch|p2a: Lego|Ferrothorn, M|100\/100\n|turn|1\n|\n|t:|1699954793\n|move|p1a: Glimmora|Spiky Shield|p1a: Glimmora\n|-singleturn|p1a: Glimmora|move: Protect\n|move|p2a: Lego|Stealth Rock|p1a: Glimmora\n|-sidestart|p1: Lynix0980|move: Stealth Rock\n|\n|upkeep\n|turn|2\n|\n|t:|1699954798\n|move|p1a: Glimmora|Flash Cannon|p2a: Lego\n|-resisted|p2a: Lego\n|-damage|p2a: Lego|89\/100\n|move|p2a: Lego|Gyro Ball|p1a: Glimmora\n|-supereffective|p1a: Glimmora\n|-enditem|p1a: Glimmora|Focus Sash\n|-damage|p1a: Glimmora|1\/100\n|-activate|p1a: Glimmora|ability: Toxic Debris\n|-sidestart|p2: steals many wives|move: Toxic Spikes\n|\n|upkeep\n|turn|3\n|\n|t:|1699954808\n|move|p1a: Glimmora|Energy Ball|p2a: Lego\n|-resisted|p2a: Lego\n|-crit|p2a: Lego\n|-damage|p2a: Lego|80\/100\n|move|p2a: Lego|Leech Seed|p1a: Glimmora\n|-start|p1a: Glimmora|move: Leech Seed\n|\n|-damage|p1a: Glimmora|0 fnt|[from] Leech Seed|[of] p2a: Lego\n|-heal|p2a: Lego|80\/100|[silent]\n|faint|p1a: Glimmora\n|upkeep\n|\n|t:|1699954825\n|switch|p1a: Lilligant|Lilligant-Hisui, F|100\/100\n|-damage|p1a: Lilligant|94\/100|[from] Stealth Rock\n|turn|4\n|c|\u2606steals many wives|No stealth rocks?\n|\n|t:|1699954833\n|move|p1a: Lilligant|Close Combat|p2a: Lego\n|-supereffective|p2a: Lego\n|-damage|p2a: Lego|0 fnt\n|-unboost|p1a: Lilligant|def|1\n|-unboost|p1a: Lilligant|spd|1\n|-damage|p1a: Lilligant|82\/100|[from] ability: Iron Barbs|[of] p2a: Lego\n|-damage|p1a: Lilligant|66\/100|[from] item: Rocky Helmet|[of] p2a: Lego\n|faint|p2a: Lego\n|\n|upkeep\n|c|\u2606Lynix0980|nah it was an attacker\n|c|\u2606steals many wives|WAS\n|\n|t:|1699954852\n|switch|p2a: Team Rocket|Celesteela|100\/100\n|turn|5\n|c|\u2606Lynix0980|yes\n|\n|t:|1699954860\n|move|p1a: Lilligant|Close Combat|p2a: Team Rocket\n|-crit|p2a: Team Rocket\n|-damage|p2a: Team Rocket|8\/100\n|-unboost|p1a: Lilligant|def|1\n|-unboost|p1a: Lilligant|spd|1\n|move|p2a: Team Rocket|Fly||[still]\n|-prepare|p2a: Team Rocket|Fly\n|\n|-heal|p2a: Team Rocket|15\/100|[from] item: Leftovers\n|upkeep\n|turn|6\n|c|\u2606steals many wives|LETS GO\n|\n|t:|1699954871\n|move|p1a: Lilligant|Leaf Blade|p2a: Team Rocket|[miss]\n|-miss|p1a: Lilligant|p2a: Team Rocket\n|move|p2a: Team Rocket|Fly|p1a: Lilligant|[from]lockedmove\n|-supereffective|p1a: Lilligant\n|-damage|p1a: Lilligant|0 fnt\n|faint|p1a: Lilligant\n|-ability|p2a: Team Rocket|Beast Boost|boost\n|-boost|p2a: Team Rocket|def|1\n|\n|-heal|p2a: Team Rocket|21\/100|[from] item: Leftovers\n|upkeep\n|\n|t:|1699954886\n|switch|p1a: Banette|Banette, F|100\/100\n|-damage|p1a: Banette|88\/100|[from] Stealth Rock\n|turn|7\n|\n|t:|1699954890\n|detailschange|p1a: Banette|Banette-Mega, F\n|-mega|p1a: Banette|Banette|Banettite\n|move|p1a: Banette|Swords Dance|p1a: Banette\n|-boost|p1a: Banette|atk|2\n|move|p2a: Team Rocket|Leech Seed|p1a: Banette|[miss]\n|-miss|p2a: Team Rocket|p1a: Banette\n|\n|-heal|p2a: Team Rocket|27\/100|[from] item: Leftovers\n|upkeep\n|turn|8\n|\n|t:|1699954900\n|move|p1a: Banette|Poltergeist|p2a: Team Rocket\n|-activate|p2a: Team Rocket|move: Poltergeist|Leftovers\n|-damage|p2a: Team Rocket|0 fnt\n|faint|p2a: Team Rocket\n|\n|upkeep\n|\n|t:|1699954908\n|switch|p2a: Slime Shady|Goodra-Hisui, F|100\/100\n|turn|9\n|\n|t:|1699954918\n|switch|p2a: The Wall|Aggron, M|100\/100\n|move|p1a: Banette|Poltergeist|p2a: The Wall\n|-activate|p2a: The Wall|move: Poltergeist|Aggronite\n|-damage|p2a: The Wall|23\/100\n|\n|upkeep\n|turn|10\n|c|\u2606steals many wives|this was a mistake\n|\n|t:|1699954934\n|detailschange|p2a: The Wall|Aggron-Mega, M\n|-mega|p2a: The Wall|Aggron|Aggronite\n|move|p1a: Banette|Foul Play|p2a: The Wall\n|-damage|p2a: The Wall|8\/100\n|move|p2a: The Wall|Iron Head|p1a: Banette\n|-damage|p1a: Banette|20\/100\n|\n|upkeep\n|turn|11\n|\n|t:|1699954943\n|move|p1a: Banette|Poltergeist|p2a: The Wall\n|-activate|p2a: The Wall|move: Poltergeist|Aggronite\n|-crit|p2a: The Wall\n|-damage|p2a: The Wall|0 fnt\n|faint|p2a: The Wall\n|\n|upkeep\n|\n|t:|1699954956\n|switch|p2a: Drilliam Wallace|Excadrill, M|100\/100\n|-ability|p2a: Drilliam Wallace|Mold Breaker\n|turn|12\n|\n|t:|1699954964\n|move|p1a: Banette|Sucker Punch|p2a: Drilliam Wallace\n|-damage|p2a: Drilliam Wallace|11\/100\n|move|p2a: Drilliam Wallace|Earthquake|p1a: Banette\n|-damage|p1a: Banette|0 fnt\n|faint|p1a: Banette\n|\n|upkeep\n|\n|t:|1699954974\n|switch|p1a: Ceruledge|Ceruledge, F|100\/100\n|-damage|p1a: Ceruledge|76\/100|[from] Stealth Rock\n|turn|13\n|\n|t:|1699954979\n|move|p1a: Ceruledge|Shadow Sneak|p2a: Drilliam Wallace\n|-damage|p2a: Drilliam Wallace|0 fnt\n|faint|p2a: Drilliam Wallace\n|\n|upkeep\n|\n|t:|1699954983\n|switch|p2a: Slag Heap|Heatran, M|100\/100\n|turn|14\n|inactive|Battle timer is ON: inactive players will automatically lose when time's up. (requested by steals many wives)\n|\n|t:|1699955006\n|move|p2a: Slag Heap|Earth Power|p1a: Ceruledge\n|-supereffective|p1a: Ceruledge\n|-damage|p1a: Ceruledge|4\/100\n|move|p1a: Ceruledge|Brick Break|p2a: Slag Heap\n|-supereffective|p2a: Slag Heap\n|-damage|p2a: Slag Heap|47\/100\n|\n|upkeep\n|turn|15\n|c|\u2606steals many wives|what?\n|c|\u2606steals many wives|how?\n|\n|t:|1699955014\n|-terastallize|p1a: Ceruledge|Flying\n|move|p2a: Slag Heap|Earth Power|p1a: Ceruledge\n|-immune|p1a: Ceruledge\n|move|p1a: Ceruledge|Swords Dance|p1a: Ceruledge\n|-boost|p1a: Ceruledge|atk|2\n|\n|upkeep\n|turn|16\n|c|\u2606steals many wives|oh thats just rude\n|\n|t:|1699955023\n|switch|p2a: Slime Shady|Goodra-Hisui, F|100\/100\n|move|p1a: Ceruledge|Brick Break|p2a: Slime Shady\n|-supereffective|p2a: Slime Shady\n|-damage|p2a: Slime Shady|20\/100\n|-damage|p1a: Ceruledge|0 fnt|[from] item: Rocky Helmet|[of] p2a: Slime Shady\n|-ability|p2a: Slime Shady|Gooey\n|faint|p1a: Ceruledge\n|\n|upkeep\n|\n|t:|1699955032\n|switch|p1a: Urshifu|Urshifu-Rapid-Strike, M|100\/100\n|-damage|p1a: Urshifu|94\/100|[from] Stealth Rock\n|turn|17\n|\n|t:|1699955038\n|move|p1a: Urshifu|Surging Strikes|p2a: Slime Shady\n|-resisted|p2a: Slime Shady\n|-crit|p2a: Slime Shady\n|-damage|p2a: Slime Shady|10\/100\n|-damage|p1a: Urshifu|78\/100|[from] item: Rocky Helmet|[of] p2a: Slime Shady\n|-ability|p2a: Slime Shady|Gooey\n|-unboost|p1a: Urshifu|spe|1\n|-resisted|p2a: Slime Shady\n|-crit|p2a: Slime Shady\n|-damage|p2a: Slime Shady|1\/100\n|-damage|p1a: Urshifu|61\/100|[from] item: Rocky Helmet|[of] p2a: Slime Shady\n|-ability|p2a: Slime Shady|Gooey\n|-unboost|p1a: Urshifu|spe|1\n|-resisted|p2a: Slime Shady\n|-crit|p2a: Slime Shady\n|-damage|p2a: Slime Shady|0 fnt\n|-damage|p1a: Urshifu|45\/100|[from] item: Rocky Helmet|[of] p2a: Slime Shady\n|-ability|p2a: Slime Shady|Gooey\n|-unboost|p1a: Urshifu|spe|1\n|faint|p2a: Slime Shady\n|-hitcount|p2: Slime Shady|3\n|\n|upkeep\n|c|\u2606steals many wives|i swear, tera is worse than Dynamax ever was\n|\n|t:|1699955058\n|switch|p2a: Slag Heap|Heatran, M|47\/100\n|turn|18\n|c|\u2606Lynix0980|yes I agree\n|\n|t:|1699955071\n|-terastallize|p2a: Slag Heap|Flying\n|move|p2a: Slag Heap|Tera Blast|p1a: Urshifu|[anim] Tera Blast Flying\n|-supereffective|p1a: Urshifu\n|-damage|p1a: Urshifu|0 fnt\n|faint|p1a: Urshifu\n|\n|upkeep\n|\n|t:|1699955078\n|switch|p1a: Ribombee|Ribombee, F|100\/100\n|-damage|p1a: Ribombee|76\/100|[from] Stealth Rock\n|turn|19\n|\n|t:|1699955083\n|move|p1a: Ribombee|Draining Kiss|p2a: Slag Heap\n|-damage|p2a: Slag Heap|24\/100\n|-heal|p1a: Ribombee|97\/100|[from] drain|[of] p2a: Slag Heap\n|move|p2a: Slag Heap|Tera Blast|p1a: Ribombee|[anim] Tera Blast Flying\n|-supereffective|p1a: Ribombee\n|-damage|p1a: Ribombee|0 fnt\n|faint|p1a: Ribombee\n|\n|win|steals many wives\n|raw|Lynix0980's rating: 1107 &rarr; <strong>1083<\/strong><br \/>(-24 for losing)\n|raw|steals many wives's rating: 1123 &rarr; <strong>1147<\/strong><br \/>(+24 for winning)\n|c|\u2606Lynix0980|gg\n|c|\u2606steals many wives|gg\n|l|\u2606Lynix0980\n","uploadtime":1699955098,"views":4,"p1id":"lynix0980","p2id":"stealsmanywives","formatid":"gen9nationaldex","rating":1083,"private":0,"password":""}