{"id":"gen9nationaldex-1990623457","p1":"NeroFireSpeed","p2":"IncognitoWorld","format":"[Gen 9] National Dex","log":"|j|\u2606NeroFireSpeed\n|j|\u2606IncognitoWorld\n|t:|1699986579\n|gametype|singles\n|player|p1|NeroFireSpeed|unknown|1092\n|player|p2|IncognitoWorld|gambler|1066\n|teamsize|p1|6\n|teamsize|p2|6\n|gen|9\n|tier|[Gen 9] National Dex\n|rated|\n|rule|HP Percentage Mod: HP is shown in percentages\n|rule|Endless Battle Clause: Forcing endless battles is banned\n|rule|OHKO Clause: OHKO moves are banned\n|rule|Evasion Clause: Evasion abilities, items, and moves are banned\n|rule|Evasion Abilities Clause: Evasion abilities are banned\n|rule|Evasion Items Clause: Evasion items are banned\n|rule|Evasion Moves Clause: Evasion moves are banned\n|rule|Species Clause: Limit one of each Pok\u00e9mon\n|rule|Sleep Clause Mod: Limit one foe put to sleep\n|clearpoke\n|poke|p1|Zoroark, M|\n|poke|p1|Grafaiai, M|\n|poke|p1|Coalossal, M|\n|poke|p1|Dusknoir, M|\n|poke|p1|Vikavolt, M|\n|poke|p1|Haxorus, M|\n|poke|p2|Slurpuff, F|\n|poke|p2|Togekiss, F|\n|poke|p2|Rhyperior, F|\n|poke|p2|Noivern, F|\n|poke|p2|Omastar, F|\n|poke|p2|Vileplume, M|\n|teampreview\n|\n|t:|1699986588\n|start\n|switch|p1a: Vikavolt|Vikavolt, M|100\/100\n|switch|p2a: My Lord|Omastar, F|100\/100\n|turn|1\n|\n|t:|1699986595\n|move|p1a: Vikavolt|Volt Switch|p2a: My Lord\n|-supereffective|p2a: My Lord\n|-crit|p2a: My Lord\n|-damage|p2a: My Lord|0 fnt\n|faint|p2a: My Lord\n|c|\u2606IncognitoWorld|and it crit\n|\n|t:|1699986602\n|switch|p1a: Coalossal|Coalossal, M|100\/100|[from] Volt Switch\n|\n|upkeep\n|c|\u2606IncognitoWorld|god damn\n|\n|t:|1699986607\n|switch|p2a: ruk|Rhyperior, F|100\/100\n|turn|2\n|\n|t:|1699986619\n|move|p2a: ruk|Aqua Tail|p1a: Coalossal\n|-supereffective|p1a: Coalossal\n|-damage|p1a: Coalossal|0 fnt\n|faint|p1a: Coalossal\n|\n|upkeep\n|\n|t:|1699986625\n|switch|p1a: Dusknoir|Dusknoir, M|100\/100\n|turn|3\n|\n|t:|1699986628\n|move|p1a: Dusknoir|Focus Blast|p2a: ruk|[miss]\n|-miss|p1a: Dusknoir|p2a: ruk\n|move|p2a: ruk|Aqua Tail|p1a: Dusknoir\n|-damage|p1a: Dusknoir|0 fnt\n|replace|p1a: Zoroark|Zoroark, M\n|-end|p1a: Zoroark|Illusion\n|faint|p1a: Zoroark\n|\n|upkeep\n|c|\u2606IncognitoWorld|no clue why this thing has aqua tail\n|c|\u2606IncognitoWorld|and surf\n|\n|t:|1699986669\n|switch|p1a: Haxorus|Haxorus, M|100\/100\n|-ability|p1a: Haxorus|Mold Breaker\n|turn|4\n|\n|t:|1699986687\n|switch|p2a: Vile DISGUSTING|Vileplume, M|100\/100\n|move|p1a: Haxorus|Dragon Dance|p1a: Haxorus\n|-boost|p1a: Haxorus|atk|1\n|-boost|p1a: Haxorus|spe|1\n|\n|upkeep\n|turn|5\n|\n|t:|1699986692\n|move|p1a: Haxorus|Dragon Claw|p2a: Vile DISGUSTING\n|-damage|p2a: Vile DISGUSTING|28\/100\n|move|p2a: Vile DISGUSTING|Strength Sap|p1a: Haxorus\n|-unboost|p1a: Haxorus|atk|1\n|-heal|p2a: Vile DISGUSTING|100\/100\n|\n|upkeep\n|turn|6\n|\n|t:|1699986698\n|move|p1a: Haxorus|Dragon Dance|p1a: Haxorus\n|-boost|p1a: Haxorus|atk|1\n|-boost|p1a: Haxorus|spe|1\n|move|p2a: Vile DISGUSTING|Sludge Wave|p1a: Haxorus\n|-damage|p1a: Haxorus|22\/100\n|-status|p1a: Haxorus|psn\n|\n|-heal|p1a: Haxorus|28\/100 psn|[from] item: Leftovers\n|-damage|p1a: Haxorus|16\/100 psn|[from] psn\n|upkeep\n|turn|7\n|\n|t:|1699986705\n|move|p1a: Haxorus|Aqua Tail|p2a: Vile DISGUSTING\n|-resisted|p2a: Vile DISGUSTING\n|-damage|p2a: Vile DISGUSTING|74\/100\n|move|p2a: Vile DISGUSTING|Strength Sap|p1a: Haxorus\n|-unboost|p1a: Haxorus|atk|1\n|-heal|p2a: Vile DISGUSTING|100\/100\n|\n|-heal|p1a: Haxorus|22\/100 psn|[from] item: Leftovers\n|-damage|p1a: Haxorus|9\/100 psn|[from] psn\n|upkeep\n|turn|8\n|\n|t:|1699986708\n|move|p1a: Haxorus|Dragon Claw|p2a: Vile DISGUSTING\n|-damage|p2a: Vile DISGUSTING|54\/100\n|move|p2a: Vile DISGUSTING|Sludge Wave|p1a: Haxorus\n|-damage|p1a: Haxorus|0 fnt\n|faint|p1a: Haxorus\n|\n|-heal|p2a: Vile DISGUSTING|60\/100|[from] item: Black Sludge\n|upkeep\n|\n|t:|1699986711\n|switch|p1a: Grafaiai|Grafaiai, M|100\/100\n|-item|p1a: Grafaiai|Air Balloon\n|turn|9\n|\n|t:|1699986716\n|move|p1a: Grafaiai|Swords Dance|p1a: Grafaiai\n|-boost|p1a: Grafaiai|atk|2\n|move|p2a: Vile DISGUSTING|Energy Ball|p1a: Grafaiai\n|-resisted|p1a: Grafaiai\n|-damage|p1a: Grafaiai|64\/100\n|-enditem|p1a: Grafaiai|Air Balloon\n|\n|-heal|p2a: Vile DISGUSTING|66\/100|[from] item: Black Sludge\n|upkeep\n|turn|10\n|\n|t:|1699986718\n|move|p1a: Grafaiai|Acrobatics|p2a: Vile DISGUSTING\n|-supereffective|p2a: Vile DISGUSTING\n|-damage|p2a: Vile DISGUSTING|0 fnt\n|faint|p2a: Vile DISGUSTING\n|\n|upkeep\n|\n|t:|1699986724\n|switch|p2a: boom|Noivern, F, shiny|100\/100\n|turn|11\n|\n|t:|1699986729\n|move|p1a: Grafaiai|Gunk Shot|p2a: boom|[miss]\n|-miss|p1a: Grafaiai|p2a: boom\n|move|p2a: boom|Draco Meteor|p1a: Grafaiai|[miss]\n|-miss|p2a: boom|p1a: Grafaiai\n|\n|upkeep\n|turn|12\n|c|\u2606IncognitoWorld|that was just a sad turn\n|c|\u2606IncognitoWorld|is it unburden\n|\n|t:|1699986764\n|move|p1a: Grafaiai|Gunk Shot|p2a: boom\n|-damage|p2a: boom|0 fnt\n|faint|p2a: boom\n|\n|upkeep\n|\n|t:|1699986768\n|switch|p2a: ruk|Rhyperior, F|100\/100\n|turn|13\n|\n|t:|1699986783\n|switch|p1a: Dusknoir|Dusknoir, M|100\/100\n|-ability|p1a: Dusknoir|Pressure\n|move|p2a: ruk|Double-Edge|p1a: Dusknoir\n|-immune|p1a: Dusknoir\n|\n|upkeep\n|turn|14\n|\n|t:|1699986786\n|switch|p2a: Stuck in the webs|Slurpuff, F, shiny|100\/100\n|move|p1a: Dusknoir|Curse|p2a: Stuck in the webs\n|-start|p2a: Stuck in the webs|Curse|[of] p1a: Dusknoir\n|-damage|p1a: Dusknoir|50\/100\n|\n|-heal|p1a: Dusknoir|57\/100|[from] item: Leftovers\n|-damage|p2a: Stuck in the webs|76\/100|[from] Curse\n|upkeep\n|turn|15\n|\n|t:|1699986790\n|move|p2a: Stuck in the webs|Belly Drum|p2a: Stuck in the webs\n|-damage|p2a: Stuck in the webs|26\/100\n|-setboost|p2a: Stuck in the webs|atk|6|[from] move: Belly Drum\n|move|p1a: Dusknoir|Pain Split|p2a: Stuck in the webs\n|-sethp|p2a: Stuck in the webs|40\/100|[from] move: Pain Split|[silent]\n|-sethp|p1a: Dusknoir|42\/100|[from] move: Pain Split\n|\n|-heal|p1a: Dusknoir|48\/100|[from] item: Leftovers\n|-damage|p2a: Stuck in the webs|15\/100|[from] Curse\n|upkeep\n|-enditem|p2a: Stuck in the webs|Aguav Berry|[eat]\n|-heal|p2a: Stuck in the webs|48\/100|[from] item: Aguav Berry\n|turn|16\n|\n|t:|1699986802\n|move|p1a: Dusknoir|Shadow Sneak|p2a: Stuck in the webs\n|-damage|p2a: Stuck in the webs|31\/100\n|move|p2a: Stuck in the webs|Play Rough|p1a: Dusknoir\n|-damage|p1a: Dusknoir|0 fnt\n|faint|p1a: Dusknoir\n|\n|-damage|p2a: Stuck in the webs|6\/100|[from] Curse\n|upkeep\n|\n|t:|1699986811\n|switch|p1a: Grafaiai|Grafaiai, M|64\/100\n|turn|17\n|\n|t:|1699986824\n|move|p2a: Stuck in the webs|Drain Punch|p1a: Grafaiai\n|-damage|p1a: Grafaiai|0 fnt\n|-heal|p2a: Stuck in the webs|34\/100|[from] drain|[of] p1a: Grafaiai\n|faint|p1a: Grafaiai\n|\n|-damage|p2a: Stuck in the webs|9\/100|[from] Curse\n|upkeep\n|-message|NeroFireSpeed forfeited.\n|\n|win|IncognitoWorld\n|raw|NeroFireSpeed's rating: 1092 &rarr; <strong>1066<\/strong><br \/>(-26 for losing)\n|raw|IncognitoWorld's rating: 1066 &rarr; <strong>1098<\/strong><br \/>(+32 for winning)\n|l|\u2606NeroFireSpeed\n","uploadtime":1699986836,"views":4,"p1id":"nerofirespeed","p2id":"incognitoworld","formatid":"gen9nationaldex","rating":1066,"private":0,"password":""}