{"id":"gen9nationaldex-1988700267","p1":"Serena1111","p2":"AminitraboTTT","format":"[Gen 9] National Dex","log":"|j|\u2606Serena1111\n|j|\u2606AminitraboTTT\n|t:|1699752277\n|gametype|singles\n|player|p1|Serena1111|serena|\n|player|p2|AminitraboTTT|supernerd|\n|teamsize|p1|6\n|teamsize|p2|6\n|gen|9\n|tier|[Gen 9] National Dex\n|rule|HP Percentage Mod: HP is shown in percentages\n|rule|Endless Battle Clause: Forcing endless battles is banned\n|rule|OHKO Clause: OHKO moves are banned\n|rule|Evasion Clause: Evasion abilities, items, and moves are banned\n|rule|Evasion Abilities Clause: Evasion abilities are banned\n|rule|Evasion Items Clause: Evasion items are banned\n|rule|Evasion Moves Clause: Evasion moves are banned\n|rule|Species Clause: Limit one of each Pok\u00e9mon\n|rule|Sleep Clause Mod: Limit one foe put to sleep\n|clearpoke\n|poke|p1|Chansey, F|\n|poke|p1|Dondozo, F|\n|poke|p1|Ditto|\n|poke|p1|Alomomola, M|\n|poke|p1|Ogerpon-Wellspring, F|\n|poke|p1|Whimsicott, F|\n|poke|p2|Tapu Koko|\n|poke|p2|Iron Valiant|\n|poke|p2|Hawlucha, M|\n|poke|p2|Iron Moth|\n|poke|p2|Landorus-Therian, M|\n|poke|p2|Scizor, F|\n|teampreview\n|c|\u2606AminitraboTTT|Hola, soy AminitraboTTT, el bot de la sala Espa\u00f1ol. gl hf\n|inactive|Battle timer is ON: inactive players will automatically lose when time's up. (requested by AminitraboTTT)\n|inactive|Serena1111 also wants the timer to be on.\n|\n|t:|1699752283\n|start\n|switch|p1a: \u767d\u9e64|Chansey, F|100\/100\n|switch|p2a: Iron Valiant|Iron Valiant|100\/100\n|turn|1\n|\n|t:|1699752288\n|move|p2a: Iron Valiant|Aura Sphere|p1a: \u767d\u9e64\n|-supereffective|p1a: \u767d\u9e64\n|-damage|p1a: \u767d\u9e64|67\/100\n|-damage|p2a: Iron Valiant|91\/100|[from] item: Life Orb\n|move|p1a: \u767d\u9e64|Thunder Wave|p2a: Iron Valiant\n|-status|p2a: Iron Valiant|par\n|\n|upkeep\n|turn|2\n|\n|t:|1699752293\n|move|p2a: Iron Valiant|Moonblast|p1a: \u767d\u9e64\n|-crit|p1a: \u767d\u9e64\n|-damage|p1a: \u767d\u9e64|40\/100\n|-unboost|p1a: \u767d\u9e64|spa|1\n|-damage|p2a: Iron Valiant|81\/100 par|[from] item: Life Orb\n|move|p1a: \u767d\u9e64|Seismic Toss|p2a: Iron Valiant\n|-damage|p2a: Iron Valiant|47\/100 par\n|\n|upkeep\n|turn|3\n|\n|t:|1699752296\n|move|p2a: Iron Valiant|Aura Sphere|p1a: \u767d\u9e64\n|-supereffective|p1a: \u767d\u9e64\n|-damage|p1a: \u767d\u9e64|8\/100\n|-damage|p2a: Iron Valiant|37\/100 par|[from] item: Life Orb\n|move|p1a: \u767d\u9e64|Soft-Boiled|p1a: \u767d\u9e64\n|-heal|p1a: \u767d\u9e64|58\/100\n|\n|upkeep\n|turn|4\n|\n|t:|1699752300\n|-terastallize|p2a: Iron Valiant|Electric\n|move|p2a: Iron Valiant|Aura Sphere|p1a: \u767d\u9e64\n|-supereffective|p1a: \u767d\u9e64\n|-damage|p1a: \u767d\u9e64|27\/100\n|-damage|p2a: Iron Valiant|27\/100 par|[from] item: Life Orb\n|move|p1a: \u767d\u9e64|Seismic Toss|p2a: Iron Valiant\n|-damage|p2a: Iron Valiant|0 fnt\n|faint|p2a: Iron Valiant\n|-end|p2a: Iron Valiant|Quark Drive|[silent]\n|\n|upkeep\n|\n|t:|1699752300\n|switch|p2a: Scizor|Scizor, F|100\/100\n|turn|5\n|\n|t:|1699752307\n|switch|p1a: \u4e8c\u5e08\u59d0|Alomomola, M|100\/100\n|detailschange|p2a: Scizor|Scizor-Mega, F\n|-mega|p2a: Scizor|Scizor|Scizorite\n|move|p2a: Scizor|Close Combat|p1a: \u4e8c\u5e08\u59d0\n|-damage|p1a: \u4e8c\u5e08\u59d0|71\/100\n|-unboost|p2a: Scizor|def|1\n|-unboost|p2a: Scizor|spd|1\n|\n|upkeep\n|turn|6\n|\n|t:|1699752314\n|switch|p2a: Tapu Koko|Tapu Koko|100\/100\n|-fieldstart|move: Electric Terrain|[from] ability: Electric Surge|[of] p2a: Tapu Koko\n|move|p1a: \u4e8c\u5e08\u59d0|Wish|p1a: \u4e8c\u5e08\u59d0\n|\n|upkeep\n|turn|7\n|\n|t:|1699752319\n|switch|p1a: \u767d\u9e64|Chansey, F|27\/100\n|move|p2a: Tapu Koko|Thunderbolt|p1a: \u767d\u9e64\n|-damage|p1a: \u767d\u9e64|12\/100\n|\n|-heal|p1a: \u767d\u9e64|50\/100|[from] move: Wish|[wisher] \u4e8c\u5e08\u59d0\n|upkeep\n|turn|8\n|\n|t:|1699752327\n|move|p2a: Tapu Koko|Thunderbolt|p1a: \u767d\u9e64\n|-damage|p1a: \u767d\u9e64|36\/100\n|move|p1a: \u767d\u9e64|Soft-Boiled|p1a: \u767d\u9e64\n|-heal|p1a: \u767d\u9e64|86\/100\n|\n|upkeep\n|turn|9\n|\n|t:|1699752329\n|switch|p2a: Scizor|Scizor-Mega, F|100\/100\n|move|p1a: \u767d\u9e64|Seismic Toss|p2a: Scizor\n|-damage|p2a: Scizor|67\/100\n|\n|upkeep\n|turn|10\n|\n|t:|1699752341\n|switch|p1a: \u4e8c\u5e08\u59d0|Alomomola, M|100\/100\n|move|p2a: Scizor|Close Combat|p1a: \u4e8c\u5e08\u59d0\n|-damage|p1a: \u4e8c\u5e08\u59d0|72\/100\n|-unboost|p2a: Scizor|def|1\n|-unboost|p2a: Scizor|spd|1\n|\n|upkeep\n|turn|11\n|\n|t:|1699752346\n|switch|p2a: Tapu Koko|Tapu Koko|100\/100\n|move|p1a: \u4e8c\u5e08\u59d0|Flip Turn|p2a: Tapu Koko\n|-damage|p2a: Tapu Koko|78\/100\n|\n|t:|1699752354\n|switch|p1a: \u767d\u9e64|Chansey, F|86\/100|[from] Flip Turn\n|\n|upkeep\n|turn|12\n|\n|t:|1699752358\n|switch|p2a: Scizor|Scizor-Mega, F|67\/100\n|move|p1a: \u767d\u9e64|Seismic Toss|p2a: Scizor\n|-damage|p2a: Scizor|33\/100\n|\n|upkeep\n|turn|13\n|\n|t:|1699752365\n|switch|p1a: \u4e8c\u5e08\u59d0|Alomomola, M|100\/100\n|move|p2a: Scizor|Close Combat|p1a: \u4e8c\u5e08\u59d0\n|-damage|p1a: \u4e8c\u5e08\u59d0|75\/100\n|-unboost|p2a: Scizor|def|1\n|-unboost|p2a: Scizor|spd|1\n|\n|-fieldend|move: Electric Terrain\n|upkeep\n|turn|14\n|\n|t:|1699752370\n|switch|p2a: Tapu Koko|Tapu Koko|78\/100\n|-fieldstart|move: Electric Terrain|[from] ability: Electric Surge|[of] p2a: Tapu Koko\n|move|p1a: \u4e8c\u5e08\u59d0|Flip Turn|p2a: Tapu Koko\n|-damage|p2a: Tapu Koko|56\/100\n|\n|t:|1699752377\n|switch|p1a: \u767d\u9e64|Chansey, F|86\/100|[from] Flip Turn\n|\n|upkeep\n|turn|15\n|\n|t:|1699752382\n|switch|p2a: Scizor|Scizor-Mega, F|33\/100\n|move|p1a: \u767d\u9e64|Seismic Toss|p2a: Scizor\n|-damage|p2a: Scizor|0 fnt\n|faint|p2a: Scizor\n|\n|upkeep\n|\n|t:|1699752382\n|switch|p2a: Hawlucha|Hawlucha, M|100\/100\n|-enditem|p2a: Hawlucha|Electric Seed\n|-boost|p2a: Hawlucha|def|1|[from] item: Electric Seed\n|turn|16\n|\n|t:|1699752388\n|switch|p1a: \u4e8c\u5e08\u59d0|Alomomola, M|100\/100\n|move|p2a: Hawlucha|Close Combat|p1a: \u4e8c\u5e08\u59d0\n|-damage|p1a: \u4e8c\u5e08\u59d0|74\/100\n|-unboost|p2a: Hawlucha|def|1\n|-unboost|p2a: Hawlucha|spd|1\n|\n|upkeep\n|turn|17\n|\n|t:|1699752397\n|switch|p2a: Tapu Koko|Tapu Koko|56\/100\n|move|p1a: \u4e8c\u5e08\u59d0|Flip Turn|p2a: Tapu Koko\n|-damage|p2a: Tapu Koko|35\/100\n|\n|t:|1699752402\n|switch|p1a: \u767d\u9e64|Chansey, F|86\/100|[from] Flip Turn\n|\n|upkeep\n|turn|18\n|\n|t:|1699752404\n|switch|p2a: Hawlucha|Hawlucha, M|100\/100\n|move|p1a: \u767d\u9e64|Seismic Toss|p2a: Hawlucha\n|-damage|p2a: Hawlucha|69\/100\n|\n|upkeep\n|turn|19\n|\n|t:|1699752409\n|switch|p1a: \u4e8c\u5e08\u59d0|Alomomola, M|100\/100\n|move|p2a: Hawlucha|Taunt|p1a: \u4e8c\u5e08\u59d0\n|-start|p1a: \u4e8c\u5e08\u59d0|move: Taunt\n|\n|upkeep\n|turn|20\n|\n|t:|1699752414\n|switch|p2a: Tapu Koko|Tapu Koko|35\/100\n|move|p1a: \u4e8c\u5e08\u59d0|Flip Turn|p2a: Tapu Koko\n|-damage|p2a: Tapu Koko|11\/100\n|\n|t:|1699752422\n|switch|p1a: \u767d\u9e64|Chansey, F|86\/100|[from] Flip Turn\n|\n|upkeep\n|turn|21\n|\n|t:|1699752426\n|switch|p2a: Hawlucha|Hawlucha, M|69\/100\n|move|p1a: \u767d\u9e64|Seismic Toss|p2a: Hawlucha\n|-damage|p2a: Hawlucha|38\/100\n|\n|-fieldend|move: Electric Terrain\n|upkeep\n|turn|22\n|\n|t:|1699752439\n|switch|p1a: \u4e8c\u5e08\u59d0|Alomomola, M|100\/100\n|move|p2a: Hawlucha|Taunt|p1a: \u4e8c\u5e08\u59d0\n|-start|p1a: \u4e8c\u5e08\u59d0|move: Taunt\n|\n|upkeep\n|turn|23\n|\n|t:|1699752444\n|switch|p2a: Tapu Koko|Tapu Koko|11\/100\n|-fieldstart|move: Electric Terrain|[from] ability: Electric Surge|[of] p2a: Tapu Koko\n|move|p1a: \u4e8c\u5e08\u59d0|Flip Turn|p2a: Tapu Koko\n|-damage|p2a: Tapu Koko|0 fnt\n|faint|p2a: Tapu Koko\n|\n|t:|1699752456\n|switch|p1a: \u767d\u9e64|Chansey, F|86\/100|[from] Flip Turn\n|\n|upkeep\n|\n|t:|1699752456\n|switch|p2a: Hawlucha|Hawlucha, M|38\/100\n|turn|24\n|\n|t:|1699752461\n|switch|p1a: \u4e8c\u5e08\u59d0|Alomomola, M|100\/100\n|move|p2a: Hawlucha|Close Combat|p1a: \u4e8c\u5e08\u59d0\n|-damage|p1a: \u4e8c\u5e08\u59d0|74\/100\n|-unboost|p2a: Hawlucha|def|1\n|-unboost|p2a: Hawlucha|spd|1\n|\n|upkeep\n|turn|25\n|\n|t:|1699752467\n|move|p2a: Hawlucha|Close Combat|p1a: \u4e8c\u5e08\u59d0\n|-damage|p1a: \u4e8c\u5e08\u59d0|43\/100\n|-unboost|p2a: Hawlucha|def|1\n|-unboost|p2a: Hawlucha|spd|1\n|move|p1a: \u4e8c\u5e08\u59d0|Flip Turn|p2a: Hawlucha\n|-damage|p2a: Hawlucha|0 fnt\n|faint|p2a: Hawlucha\n|\n|t:|1699752478\n|switch|p1a: \u53f6\u97f5\u521d|Ogerpon-Wellspring, F|100\/100|[from] Flip Turn\n|\n|upkeep\n|\n|t:|1699752478\n|switch|p2a: Iron Moth|Iron Moth|100\/100\n|-activate|p2a: Iron Moth|ability: Quark Drive\n|-start|p2a: Iron Moth|quarkdrivespe\n|turn|26\n|\n|t:|1699752487\n|-terastallize|p1a: \u53f6\u97f5\u521d|Water\n|detailschange|p1a: \u53f6\u97f5\u521d|Ogerpon-Wellspring-Tera, F, tera:Water\n|-ability|p1a: \u53f6\u97f5\u521d|Embody Aspect (Wellspring)|boost\n|-boost|p1a: \u53f6\u97f5\u521d|spd|1\n|move|p2a: Iron Moth|Sludge Wave|p1a: \u53f6\u97f5\u521d\n|-damage|p1a: \u53f6\u97f5\u521d|65\/100\n|move|p1a: \u53f6\u97f5\u521d|Focus Energy|p1a: \u53f6\u97f5\u521d\n|-start|p1a: \u53f6\u97f5\u521d|move: Focus Energy\n|\n|upkeep\n|turn|27\n|\n|t:|1699752494\n|move|p2a: Iron Moth|Sludge Wave|p1a: \u53f6\u97f5\u521d\n|-damage|p1a: \u53f6\u97f5\u521d|26\/100\n|move|p1a: \u53f6\u97f5\u521d|Ivy Cudgel|p2a: Iron Moth\n|-supereffective|p2a: Iron Moth\n|-crit|p2a: Iron Moth\n|-damage|p2a: Iron Moth|0 fnt\n|faint|p2a: Iron Moth\n|-end|p2a: Iron Moth|Quark Drive|[silent]\n|\n|upkeep\n|\n|t:|1699752495\n|switch|p2a: Landorus|Landorus-Therian, M|100\/100\n|-ability|p2a: Landorus|Intimidate|boost\n|-unboost|p1a: \u53f6\u97f5\u521d|atk|1\n|turn|28\n|\n|t:|1699752504\n|move|p1a: \u53f6\u97f5\u521d|Ivy Cudgel|p2a: Landorus\n|-supereffective|p2a: Landorus\n|-crit|p2a: Landorus\n|-damage|p2a: Landorus|0 fnt\n|faint|p2a: Landorus\n|\n|win|Serena1111\n|c|\u2606AminitraboTTT|hax c:\n|l|\u2606AminitraboTTT\n","uploadtime":1699752512,"views":13,"p1id":"serena1111","p2id":"aminitrabottt","formatid":"gen9nationaldex","rating":0,"private":0,"password":""}