{"id":"gen9nationaldex-1988851694","p1":"qerwat","p2":"TianBing","format":"[Gen 9] National Dex","log":"|j|\u2606qerwat\n|j|\u2606TianBing\n|t:|1699773875\n|gametype|singles\n|player|p1|qerwat|lucas|1271\n|player|p2|TianBing|cynthia|1273\n|teamsize|p1|6\n|teamsize|p2|6\n|gen|9\n|tier|[Gen 9] National Dex\n|rated|\n|rule|HP Percentage Mod: HP is shown in percentages\n|rule|Endless Battle Clause: Forcing endless battles is banned\n|rule|OHKO Clause: OHKO moves are banned\n|rule|Evasion Clause: Evasion abilities, items, and moves are banned\n|rule|Evasion Abilities Clause: Evasion abilities are banned\n|rule|Evasion Items Clause: Evasion items are banned\n|rule|Evasion Moves Clause: Evasion moves are banned\n|rule|Species Clause: Limit one of each Pok\u00e9mon\n|rule|Sleep Clause Mod: Limit one foe put to sleep\n|clearpoke\n|poke|p1|Nihilego|\n|poke|p1|Landorus-Therian, M|\n|poke|p1|Lopunny, M|\n|poke|p1|Ting-Lu|\n|poke|p1|Moltres|\n|poke|p1|Rillaboom, F|\n|poke|p2|Skarmory, M|\n|poke|p2|Garganacl, M|\n|poke|p2|Toxapex, F|\n|poke|p2|Dondozo, M|\n|poke|p2|Sableye, F|\n|poke|p2|Chansey, F|\n|teampreview\n|\n|t:|1699773887\n|start\n|switch|p1a: Ting-Lu|Ting-Lu|100\/100\n|switch|p2a: Toxapex|Toxapex, F|100\/100\n|-ability|p1a: Ting-Lu|Vessel of Ruin\n|turn|1\n|inactive|Battle timer is ON: inactive players will automatically lose when time's up. (requested by qerwat)\n|\n|t:|1699773892\n|move|p1a: Ting-Lu|Stealth Rock|p2a: Toxapex\n|-sidestart|p2: TianBing|move: Stealth Rock\n|move|p2a: Toxapex|Toxic|p1a: Ting-Lu\n|-status|p1a: Ting-Lu|tox\n|\n|-damage|p1a: Ting-Lu|94\/100 tox|[from] psn\n|upkeep\n|turn|2\n|\n|t:|1699773906\n|move|p1a: Ting-Lu|Ruination|p2a: Toxapex\n|-damage|p2a: Toxapex|50\/100\n|move|p2a: Toxapex|Scald|p1a: Ting-Lu\n|-supereffective|p1a: Ting-Lu\n|-damage|p1a: Ting-Lu|81\/100 tox\n|\n|-heal|p1a: Ting-Lu|87\/100 tox|[from] item: Leftovers\n|-damage|p1a: Ting-Lu|75\/100 tox|[from] psn\n|upkeep\n|turn|3\n|\n|t:|1699773912\n|switch|p2a: Sableye|Sableye, F|100\/100\n|-damage|p2a: Sableye|88\/100|[from] Stealth Rock\n|move|p1a: Ting-Lu|Earthquake|p2a: Sableye\n|-damage|p2a: Sableye|33\/100\n|\n|-heal|p1a: Ting-Lu|81\/100 tox|[from] item: Leftovers\n|-damage|p1a: Ting-Lu|62\/100 tox|[from] psn\n|upkeep\n|turn|4\n|\n|t:|1699773922\n|detailschange|p2a: Sableye|Sableye-Mega, F\n|-mega|p2a: Sableye|Sableye|Sablenite\n|move|p2a: Sableye|Protect|p2a: Sableye\n|-singleturn|p2a: Sableye|Protect\n|move|p1a: Ting-Lu|Earthquake|p2a: Sableye\n|-activate|p2a: Sableye|move: Protect\n|\n|-heal|p1a: Ting-Lu|69\/100 tox|[from] item: Leftovers\n|-damage|p1a: Ting-Lu|44\/100 tox|[from] psn\n|upkeep\n|turn|5\n|\n|t:|1699773933\n|switch|p1a: Moltres|Moltres|100\/100\n|switch|p2a: Skarmory|Skarmory, M|100\/100\n|-damage|p2a: Skarmory|88\/100|[from] Stealth Rock\n|\n|upkeep\n|turn|6\n|\n|t:|1699773939\n|switch|p2a: Toxapex|Toxapex, F|84\/100\n|move|p1a: Moltres|Mystical Fire|p2a: Toxapex\n|-resisted|p2a: Toxapex\n|-damage|p2a: Toxapex|75\/100\n|-unboost|p2a: Toxapex|spa|1\n|\n|upkeep\n|turn|7\n|\n|t:|1699773945\n|switch|p1a: Nihilego|Nihilego|100\/100\n|move|p2a: Toxapex|Toxic|p1a: Nihilego\n|-immune|p1a: Nihilego\n|\n|upkeep\n|turn|8\n|\n|t:|1699773954\n|switch|p2a: Chansey|Chansey, F|100\/100\n|-damage|p2a: Chansey|88\/100|[from] Stealth Rock\n|move|p1a: Nihilego|Meteor Beam||[still]\n|-prepare|p1a: Nihilego|Meteor Beam\n|-boost|p1a: Nihilego|spa|1\n|-enditem|p1a: Nihilego|Power Herb\n|-anim|p1a: Nihilego|Meteor Beam|p2a: Chansey\n|-damage|p2a: Chansey|69\/100\n|\n|upkeep\n|turn|9\n|\n|t:|1699773963\n|move|p1a: Nihilego|Sludge Wave|p2a: Chansey\n|-damage|p2a: Chansey|52\/100\n|move|p2a: Chansey|Soft-Boiled|p2a: Chansey\n|-heal|p2a: Chansey|100\/100\n|\n|upkeep\n|turn|10\n|\n|t:|1699773968\n|switch|p1a: Ting-Lu|Ting-Lu|44\/100 tox\n|-ability|p1a: Ting-Lu|Vessel of Ruin\n|move|p2a: Chansey|Seismic Toss|p1a: Ting-Lu\n|-damage|p1a: Ting-Lu|24\/100 tox\n|\n|-heal|p1a: Ting-Lu|30\/100 tox|[from] item: Leftovers\n|-damage|p1a: Ting-Lu|24\/100 tox|[from] psn\n|upkeep\n|turn|11\n|\n|t:|1699773973\n|switch|p2a: Skarmory|Skarmory, M|88\/100\n|-damage|p2a: Skarmory|76\/100|[from] Stealth Rock\n|move|p1a: Ting-Lu|Ruination|p2a: Skarmory\n|-damage|p2a: Skarmory|38\/100\n|\n|-heal|p1a: Ting-Lu|30\/100 tox|[from] item: Leftovers\n|-damage|p1a: Ting-Lu|18\/100 tox|[from] psn\n|upkeep\n|turn|12\n|\n|t:|1699773980\n|move|p2a: Skarmory|Roost|p2a: Skarmory\n|-heal|p2a: Skarmory|88\/100\n|-singleturn|p2a: Skarmory|move: Roost\n|move|p1a: Ting-Lu|Earthquake|p2a: Skarmory\n|-supereffective|p2a: Skarmory\n|-damage|p2a: Skarmory|46\/100\n|\n|-heal|p1a: Ting-Lu|24\/100 tox|[from] item: Leftovers\n|-damage|p1a: Ting-Lu|6\/100 tox|[from] psn\n|upkeep\n|turn|13\n|\n|t:|1699773985\n|move|p2a: Skarmory|Roost|p2a: Skarmory\n|-heal|p2a: Skarmory|96\/100\n|-singleturn|p2a: Skarmory|move: Roost\n|move|p1a: Ting-Lu|Earthquake|p2a: Skarmory\n|-supereffective|p2a: Skarmory\n|-damage|p2a: Skarmory|49\/100\n|\n|-heal|p1a: Ting-Lu|12\/100 tox|[from] item: Leftovers\n|-damage|p1a: Ting-Lu|0 fnt|[from] psn\n|faint|p1a: Ting-Lu\n|upkeep\n|\n|t:|1699773993\n|switch|p1a: Lopunny|Lopunny, M|100\/100\n|turn|14\n|\n|t:|1699773999\n|detailschange|p1a: Lopunny|Lopunny-Mega, M\n|-mega|p1a: Lopunny|Lopunny|Lopunnite\n|move|p1a: Lopunny|Fake Out|p2a: Skarmory\n|-resisted|p2a: Skarmory\n|-damage|p2a: Skarmory|43\/100\n|-damage|p1a: Lopunny|84\/100|[from] item: Rocky Helmet|[of] p2a: Skarmory\n|cant|p2a: Skarmory|flinch\n|\n|upkeep\n|turn|15\n|\n|t:|1699774003\n|move|p1a: Lopunny|Close Combat|p2a: Skarmory\n|-damage|p2a: Skarmory|8\/100\n|-unboost|p1a: Lopunny|def|1\n|-unboost|p1a: Lopunny|spd|1\n|-damage|p1a: Lopunny|67\/100|[from] item: Rocky Helmet|[of] p2a: Skarmory\n|move|p2a: Skarmory|Roost|p2a: Skarmory\n|-heal|p2a: Skarmory|58\/100\n|-singleturn|p2a: Skarmory|move: Roost\n|\n|upkeep\n|turn|16\n|\n|t:|1699774009\n|move|p1a: Lopunny|U-turn|p2a: Skarmory\n|-resisted|p2a: Skarmory\n|-damage|p2a: Skarmory|54\/100\n|-damage|p1a: Lopunny|51\/100|[from] item: Rocky Helmet|[of] p2a: Skarmory\n|\n|t:|1699774012\n|switch|p1a: Rillaboom|Rillaboom, F|100\/100|[from] U-turn\n|-fieldstart|move: Grassy Terrain|[from] ability: Grassy Surge|[of] p1a: Rillaboom\n|move|p2a: Skarmory|Roost|p2a: Skarmory\n|-heal|p2a: Skarmory|100\/100\n|-singleturn|p2a: Skarmory|move: Roost\n|\n|upkeep\n|turn|17\n|\n|t:|1699774016\n|move|p1a: Rillaboom|Knock Off|p2a: Skarmory\n|-damage|p2a: Skarmory|70\/100\n|-damage|p1a: Rillaboom|84\/100|[from] item: Rocky Helmet|[of] p2a: Skarmory\n|-enditem|p2a: Skarmory|Rocky Helmet|[from] move: Knock Off|[of] p1a: Rillaboom\n|move|p2a: Skarmory|Brave Bird|p1a: Rillaboom\n|-supereffective|p1a: Rillaboom\n|-damage|p1a: Rillaboom|10\/100\n|-damage|p2a: Skarmory|45\/100|[from] Recoil\n|\n|-heal|p1a: Rillaboom|16\/100|[from] Grassy Terrain\n|upkeep\n|turn|18\n|\n|t:|1699774025\n|switch|p1a: Moltres|Moltres|100\/100\n|move|p2a: Skarmory|Roost|p2a: Skarmory\n|-heal|p2a: Skarmory|95\/100\n|-singleturn|p2a: Skarmory|move: Roost\n|\n|-heal|p2a: Skarmory|100\/100|[from] Grassy Terrain\n|upkeep\n|turn|19\n|\n|t:|1699774031\n|switch|p2a: Toxapex|Toxapex, F|100\/100\n|move|p1a: Moltres|Toxic|p2a: Toxapex\n|-immune|p2a: Toxapex\n|\n|upkeep\n|turn|20\n|\n|t:|1699774035\n|move|p1a: Moltres|Scorching Sands|p2a: Toxapex\n|-supereffective|p2a: Toxapex\n|-damage|p2a: Toxapex|74\/100\n|move|p2a: Toxapex|Toxic|p1a: Moltres\n|-status|p1a: Moltres|tox\n|\n|-heal|p2a: Toxapex|80\/100|[from] Grassy Terrain\n|-damage|p1a: Moltres|94\/100 tox|[from] psn\n|-fieldend|move: Grassy Terrain\n|upkeep\n|turn|21\n|\n|t:|1699774039\n|switch|p1a: Nihilego|Nihilego|100\/100\n|move|p2a: Toxapex|Scald|p1a: Nihilego\n|-supereffective|p1a: Nihilego\n|-damage|p1a: Nihilego|74\/100\n|-status|p1a: Nihilego|brn\n|\n|-damage|p1a: Nihilego|68\/100 brn|[from] brn\n|upkeep\n|turn|22\n|\n|t:|1699774049\n|switch|p2a: Chansey|Chansey, F|100\/100\n|-damage|p2a: Chansey|88\/100|[from] Stealth Rock\n|move|p1a: Nihilego|Meteor Beam||[still]\n|-prepare|p1a: Nihilego|Meteor Beam\n|-boost|p1a: Nihilego|spa|1\n|\n|-damage|p1a: Nihilego|62\/100 brn|[from] brn\n|upkeep\n|turn|23\n|\n|t:|1699774061\n|move|p1a: Nihilego|Meteor Beam|p2a: Chansey|[from]lockedmove\n|-damage|p2a: Chansey|68\/100\n|move|p2a: Chansey|Seismic Toss|p1a: Nihilego\n|-damage|p1a: Nihilego|34\/100 brn\n|\n|-damage|p1a: Nihilego|28\/100 brn|[from] brn\n|upkeep\n|turn|24\n|\n|t:|1699774067\n|switch|p1a: Rillaboom|Rillaboom, F|16\/100\n|-fieldstart|move: Grassy Terrain|[from] ability: Grassy Surge|[of] p1a: Rillaboom\n|move|p2a: Chansey|Soft-Boiled|p2a: Chansey\n|-heal|p2a: Chansey|100\/100\n|\n|-heal|p1a: Rillaboom|22\/100|[from] Grassy Terrain\n|upkeep\n|turn|25\n|\n|t:|1699774073\n|switch|p2a: Skarmory|Skarmory, M|100\/100\n|-damage|p2a: Skarmory|88\/100|[from] Stealth Rock\n|-terastallize|p1a: Rillaboom|Grass\n|move|p1a: Rillaboom|Wood Hammer|p2a: Skarmory\n|-resisted|p2a: Skarmory\n|-damage|p2a: Skarmory|63\/100\n|-damage|p1a: Rillaboom|14\/100|[from] Recoil\n|\n|-heal|p1a: Rillaboom|20\/100|[from] Grassy Terrain\n|upkeep\n|turn|26\n|\n|t:|1699774079\n|switch|p1a: Landorus|Landorus-Therian, M|100\/100\n|-ability|p1a: Landorus|Intimidate|boost\n|-unboost|p2a: Skarmory|atk|1\n|move|p2a: Skarmory|Stealth Rock|p1a: Landorus\n|-sidestart|p1: qerwat|move: Stealth Rock\n|\n|upkeep\n|turn|27\n|\n|t:|1699774088\n|-zpower|p1a: Landorus\n|move|p1a: Landorus|Supersonic Skystrike|p2a: Skarmory|[zeffect]\n|-resisted|p2a: Skarmory\n|-damage|p2a: Skarmory|32\/100\n|move|p2a: Skarmory|Spikes|p1a: Landorus\n|-sidestart|p1: qerwat|Spikes\n|\n|upkeep\n|turn|28\n|\n|t:|1699774093\n|move|p1a: Landorus|Defog|p2a: Skarmory\n|-unboost|p2a: Skarmory|evasion|1\n|-sideend|p2: TianBing|Stealth Rock|[from] move: Defog|[of] p1a: Landorus\n|-sideend|p1: qerwat|Spikes|[from] move: Defog|[of] p1a: Landorus\n|-sideend|p1: qerwat|Stealth Rock|[from] move: Defog|[of] p1a: Landorus\n|-fieldend|move: Grassy Terrain\n|move|p2a: Skarmory|Roost|p2a: Skarmory\n|-heal|p2a: Skarmory|82\/100\n|-singleturn|p2a: Skarmory|move: Roost\n|\n|upkeep\n|turn|29\n|\n|t:|1699774100\n|switch|p1a: Moltres|Moltres|94\/100 tox\n|switch|p2a: Toxapex|Toxapex, F|100\/100\n|\n|-damage|p1a: Moltres|88\/100 tox|[from] psn\n|upkeep\n|turn|30\n|\n|t:|1699774103\n|move|p1a: Moltres|Scorching Sands|p2a: Toxapex\n|-supereffective|p2a: Toxapex\n|-damage|p2a: Toxapex|77\/100\n|-status|p2a: Toxapex|brn\n|move|p2a: Toxapex|Scald|p1a: Moltres\n|-supereffective|p1a: Moltres\n|-damage|p1a: Moltres|55\/100 tox\n|\n|-damage|p1a: Moltres|42\/100 tox|[from] psn\n|-damage|p2a: Toxapex|71\/100 brn|[from] brn\n|upkeep\n|turn|31\n|\n|t:|1699774111\n|move|p1a: Moltres|Roost|p1a: Moltres\n|-heal|p1a: Moltres|92\/100 tox\n|-singleturn|p1a: Moltres|move: Roost\n|move|p2a: Toxapex|Scald|p1a: Moltres\n|-supereffective|p1a: Moltres\n|-damage|p1a: Moltres|56\/100 tox\n|\n|-damage|p1a: Moltres|37\/100 tox|[from] psn\n|-damage|p2a: Toxapex|65\/100 brn|[from] brn\n|upkeep\n|turn|32\n|\n|t:|1699774119\n|switch|p1a: Nihilego|Nihilego|28\/100 brn\n|switch|p2a: Chansey|Chansey, F|100\/100\n|\n|-damage|p1a: Nihilego|21\/100 brn|[from] brn\n|upkeep\n|turn|33\n|\n|t:|1699774126\n|move|p1a: Nihilego|Meteor Beam||[still]\n|-prepare|p1a: Nihilego|Meteor Beam\n|-boost|p1a: Nihilego|spa|1\n|move|p2a: Chansey|Heal Bell|p2a: Chansey\n|-activate|p2a: Chansey|move: Heal Bell\n|-curestatus|p2: Toxapex|brn|[msg]\n|\n|-damage|p1a: Nihilego|15\/100 brn|[from] brn\n|upkeep\n|turn|34\n|\n|t:|1699774142\n|move|p1a: Nihilego|Meteor Beam|p2a: Chansey|[from]lockedmove\n|-damage|p2a: Chansey|81\/100\n|move|p2a: Chansey|Seismic Toss|p1a: Nihilego\n|-damage|p1a: Nihilego|0 fnt\n|faint|p1a: Nihilego\n|\n|upkeep\n|\n|t:|1699774145\n|switch|p1a: Lopunny|Lopunny-Mega, M|51\/100\n|turn|35\n|\n|t:|1699774149\n|switch|p2a: Dondozo|Dondozo, M|100\/100\n|move|p1a: Lopunny|Frustration|p2a: Dondozo\n|-damage|p2a: Dondozo|77\/100\n|\n|-heal|p2a: Dondozo|83\/100|[from] item: Leftovers\n|upkeep\n|turn|36\n|\n|t:|1699774155\n|move|p1a: Lopunny|U-turn|p2a: Dondozo\n|-damage|p2a: Dondozo|71\/100\n|\n|t:|1699774157\n|switch|p1a: Moltres|Moltres|37\/100 tox|[from] U-turn\n|move|p2a: Dondozo|Curse|p2a: Dondozo\n|-unboost|p2a: Dondozo|spe|1\n|-boost|p2a: Dondozo|atk|1\n|-boost|p2a: Dondozo|def|1\n|\n|-heal|p2a: Dondozo|77\/100|[from] item: Leftovers\n|-damage|p1a: Moltres|31\/100 tox|[from] psn\n|upkeep\n|turn|37\n|\n|t:|1699774165\n|move|p1a: Moltres|Toxic|p2a: Dondozo\n|-status|p2a: Dondozo|tox\n|move|p2a: Dondozo|Liquidation|p1a: Moltres\n|-supereffective|p1a: Moltres\n|-damage|p1a: Moltres|0 fnt\n|faint|p1a: Moltres\n|\n|-heal|p2a: Dondozo|83\/100 tox|[from] item: Leftovers\n|-damage|p2a: Dondozo|77\/100 tox|[from] psn\n|upkeep\n|\n|t:|1699774169\n|switch|p1a: Rillaboom|Rillaboom, F, tera:Grass|20\/100\n|-fieldstart|move: Grassy Terrain|[from] ability: Grassy Surge|[of] p1a: Rillaboom\n|turn|38\n|\n|t:|1699774175\n|switch|p2a: Skarmory|Skarmory, M|82\/100\n|move|p1a: Rillaboom|Wood Hammer|p2a: Skarmory\n|-resisted|p2a: Skarmory\n|-damage|p2a: Skarmory|58\/100\n|-damage|p1a: Rillaboom|12\/100|[from] Recoil\n|\n|-heal|p1a: Rillaboom|18\/100|[from] Grassy Terrain\n|upkeep\n|turn|39\n|-message|qerwat forfeited.\n|\n|win|TianBing\n|raw|qerwat's rating: 1271 &rarr; <strong>1246<\/strong><br \/>(-25 for losing)\n|raw|TianBing's rating: 1273 &rarr; <strong>1298<\/strong><br \/>(+25 for winning)\n|l|\u2606qerwat\n","uploadtime":1699774212,"views":10,"p1id":"qerwat","p2id":"tianbing","formatid":"gen9nationaldex","rating":1246,"private":0,"password":""}