{"id":"gen9nationaldex-1998696630","p1":"Elder Don87","p2":"immortal_3","format":"[Gen 9] National Dex","log":"|html|<div class=\"broadcast-blue\"><strong>[Gen 9] National Dex is currently suspecting Sneasler! For information on how to participate check out the <a href=\"https:\/\/www.smogon.com\/forums\/threads\/sv-national-dex-suspect-8-just-dance.3731534\/\">suspect thread<\/a>.<\/strong><\/div>\n|j|\u2606Elder Don87\n|j|\u2606immortal_3\n|t:|1700973923\n|gametype|singles\n|player|p1|Elder Don87|policeman|1312\n|player|p2|immortal_3|marnie-masters3|1296\n|teamsize|p1|6\n|teamsize|p2|6\n|gen|9\n|tier|[Gen 9] National Dex\n|rated|\n|rule|HP Percentage Mod: HP is shown in percentages\n|rule|Endless Battle Clause: Forcing endless battles is banned\n|rule|OHKO Clause: OHKO moves are banned\n|rule|Evasion Clause: Evasion abilities, items, and moves are banned\n|rule|Evasion Abilities Clause: Evasion abilities are banned\n|rule|Evasion Items Clause: Evasion items are banned\n|rule|Evasion Moves Clause: Evasion moves are banned\n|rule|Species Clause: Limit one of each Pok\u00e9mon\n|rule|Sleep Clause Mod: Limit one foe put to sleep\n|clearpoke\n|poke|p1|Arcanine-Hisui, M|\n|poke|p1|Marowak-Alola, M|\n|poke|p1|Darmanitan, M|\n|poke|p1|Torkoal, M|\n|poke|p1|Turtonator, M|\n|poke|p1|Volcanion|\n|poke|p2|Volcarona, F|\n|poke|p2|Lopunny, F|\n|poke|p2|Alomomola, F|\n|poke|p2|Hoopa-Unbound|\n|poke|p2|Clodsire, F|\n|poke|p2|Hatterene, F|\n|teampreview\n|inactive|Battle timer is ON: inactive players will automatically lose when time's up. (requested by immortal_3)\n|\n|t:|1700973961\n|start\n|switch|p1a: Turtonator|Turtonator, M|100\/100\n|switch|p2a: Lopunny|Lopunny, F|100\/100\n|turn|1\n|\n|t:|1700973969\n|detailschange|p2a: Lopunny|Lopunny-Mega, F\n|-mega|p2a: Lopunny|Lopunny|Lopunnite\n|move|p2a: Lopunny|Fake Out|p1a: Turtonator\n|-damage|p1a: Turtonator|76\/100\n|cant|p1a: Turtonator|flinch\n|\n|upkeep\n|turn|2\n|\n|t:|1700973984\n|move|p2a: Lopunny|Close Combat|p1a: Turtonator\n|-damage|p1a: Turtonator|7\/100\n|-unboost|p2a: Lopunny|def|1\n|-unboost|p2a: Lopunny|spd|1\n|move|p1a: Turtonator|Shell Smash|p1a: Turtonator\n|-unboost|p1a: Turtonator|def|1\n|-unboost|p1a: Turtonator|spd|1\n|-boost|p1a: Turtonator|atk|2\n|-boost|p1a: Turtonator|spa|2\n|-boost|p1a: Turtonator|spe|2\n|-enditem|p1a: Turtonator|White Herb\n|-clearnegativeboost|p1a: Turtonator|[silent]\n|\n|upkeep\n|turn|3\n|inactive|immortal_3 has 120 seconds left.\n|\n|t:|1700974018\n|switch|p2a: Hatterene|Hatterene, F|100\/100\n|move|p1a: Turtonator|Flamethrower|p2a: Hatterene\n|-damage|p2a: Hatterene|27\/100\n|\n|-heal|p2a: Hatterene|33\/100|[from] item: Leftovers\n|upkeep\n|turn|4\n|inactive|immortal_3 has 120 seconds left.\n|\n|t:|1700974026\n|move|p1a: Turtonator|Flamethrower|p2a: Hatterene\n|-damage|p2a: Hatterene|0 fnt\n|faint|p2a: Hatterene\n|\n|upkeep\n|inactive|immortal_3 has 120 seconds left.\n|\n|t:|1700974031\n|switch|p2a: Lopunny|Lopunny-Mega, F|100\/100\n|turn|5\n|\n|t:|1700974036\n|switch|p1a: Marowak|Marowak-Alola, M|100\/100\n|move|p2a: Lopunny|Fake Out|p1a: Marowak\n|-damage|p1a: Marowak|73\/100\n|\n|upkeep\n|turn|6\n|\n|t:|1700974045\n|move|p2a: Lopunny|Close Combat|p1a: Marowak\n|-damage|p1a: Marowak|0 fnt\n|-unboost|p2a: Lopunny|def|1\n|-unboost|p2a: Lopunny|spd|1\n|faint|p1a: Marowak\n|\n|upkeep\n|\n|t:|1700974052\n|switch|p1a: Torkoal|Torkoal, M|100\/100\n|-weather|SunnyDay|[from] ability: Drought|[of] p1a: Torkoal\n|turn|7\n|\n|t:|1700974058\n|move|p2a: Lopunny|U-turn|p1a: Torkoal\n|-resisted|p1a: Torkoal\n|-damage|p1a: Torkoal|91\/100\n|\n|t:|1700974065\n|switch|p2a: Clodsire|Clodsire, F|100\/100|[from] U-turn\n|move|p1a: Torkoal|Toxic|p2a: Clodsire\n|-immune|p2a: Clodsire\n|\n|-weather|SunnyDay|[upkeep]\n|upkeep\n|turn|8\n|\n|t:|1700974075\n|move|p2a: Clodsire|Spikes|p1a: Torkoal\n|-sidestart|p1: Elder Don87|Spikes\n|move|p1a: Torkoal|Stealth Rock|p2a: Clodsire\n|-sidestart|p2: immortal_3|move: Stealth Rock\n|\n|-weather|SunnyDay|[upkeep]\n|upkeep\n|turn|9\n|\n|t:|1700974081\n|move|p2a: Clodsire|Earthquake|p1a: Torkoal\n|-supereffective|p1a: Torkoal\n|-damage|p1a: Torkoal|49\/100\n|move|p1a: Torkoal|Stealth Rock||[still]\n|-fail|p1a: Torkoal\n|\n|-weather|SunnyDay|[upkeep]\n|upkeep\n|turn|10\n|\n|t:|1700974089\n|move|p2a: Clodsire|Earthquake|p1a: Torkoal\n|-supereffective|p1a: Torkoal\n|-damage|p1a: Torkoal|7\/100\n|move|p1a: Torkoal|Lava Plume|p2a: Clodsire\n|-damage|p2a: Clodsire|79\/100\n|\n|-weather|SunnyDay|[upkeep]\n|upkeep\n|turn|11\n|\n|t:|1700974097\n|move|p2a: Clodsire|Spikes|p1a: Torkoal\n|-sidestart|p1: Elder Don87|Spikes\n|move|p1a: Torkoal|Lava Plume|p2a: Clodsire\n|-damage|p2a: Clodsire|58\/100\n|\n|-weather|none\n|upkeep\n|turn|12\n|\n|t:|1700974112\n|move|p2a: Clodsire|Earthquake|p1a: Torkoal\n|-supereffective|p1a: Torkoal\n|-damage|p1a: Torkoal|0 fnt\n|faint|p1a: Torkoal\n|\n|upkeep\n|\n|t:|1700974117\n|switch|p1a: Volcanion|Volcanion|100\/100\n|-damage|p1a: Volcanion|84\/100|[from] Spikes\n|turn|13\n|\n|t:|1700974126\n|move|p1a: Volcanion|Steam Eruption|p2a: Clodsire\n|-supereffective|p2a: Clodsire\n|-damage|p2a: Clodsire|0 fnt\n|faint|p2a: Clodsire\n|\n|upkeep\n|\n|t:|1700974136\n|switch|p2a: Alomomola|Alomomola, F, shiny|100\/100\n|turn|14\n|\n|t:|1700974141\n|move|p1a: Volcanion|Defog|p2a: Alomomola\n|-unboost|p2a: Alomomola|evasion|1\n|-sideend|p2: immortal_3|Stealth Rock|[from] move: Defog|[of] p1a: Volcanion\n|-sideend|p1: Elder Don87|Spikes|[from] move: Defog|[of] p1a: Volcanion\n|move|p2a: Alomomola|Toxic|p1a: Volcanion\n|-status|p1a: Volcanion|tox\n|\n|-damage|p1a: Volcanion|78\/100 tox|[from] psn\n|upkeep\n|turn|15\n|\n|t:|1700974152\n|move|p2a: Alomomola|Protect|p2a: Alomomola\n|-singleturn|p2a: Alomomola|Protect\n|move|p1a: Volcanion|Earth Power|p2a: Alomomola\n|-activate|p2a: Alomomola|move: Protect\n|\n|-damage|p1a: Volcanion|66\/100 tox|[from] psn\n|upkeep\n|turn|16\n|\n|t:|1700974167\n|switch|p1a: Arcanine|Arcanine-Hisui, M|100\/100\n|move|p2a: Alomomola|Wish|p2a: Alomomola\n|\n|upkeep\n|turn|17\n|\n|t:|1700974173\n|move|p1a: Arcanine|Head Smash|p2a: Alomomola\n|-damage|p2a: Alomomola|44\/100\n|-damage|p1a: Arcanine|91\/100|[from] item: Life Orb\n|move|p2a: Alomomola|Flip Turn|p1a: Arcanine\n|-supereffective|p1a: Arcanine\n|-damage|p1a: Arcanine|13\/100\n|\n|t:|1700974186\n|switch|p2a: Lopunny|Lopunny-Mega, F|100\/100|[from] Flip Turn\n|\n|upkeep\n|turn|18\n|\n|t:|1700974192\n|move|p2a: Lopunny|Fake Out|p1a: Arcanine\n|-resisted|p1a: Arcanine\n|-damage|p1a: Arcanine|1\/100\n|cant|p1a: Arcanine|flinch\n|\n|upkeep\n|turn|19\n|\n|t:|1700974202\n|move|p2a: Lopunny|U-turn|p1a: Arcanine\n|-resisted|p1a: Arcanine\n|-damage|p1a: Arcanine|0 fnt\n|faint|p1a: Arcanine\n|-message|Elder Don87 forfeited.\n|\n|win|immortal_3\n|raw|Elder Don87's rating: 1312 &rarr; <strong>1291<\/strong><br \/>(-21 for losing)\n|raw|immortal_3's rating: 1296 &rarr; <strong>1322<\/strong><br \/>(+26 for winning)\n|l|\u2606Elder Don87\n","uploadtime":1700974209,"views":1,"p1id":"elderdon87","p2id":"immortal3","formatid":"gen9nationaldex","rating":1291,"private":0,"password":""}