{"id":"gen9nationaldex-1993898576","p1":"daybreak wave2","p2":"Yuanshen61\u6211\u8981\u73a9\u539f\u795e","format":"[Gen 9] National Dex","log":"|j|\u2606daybreak wave2\n|j|\u2606Yuanshen61\u6211\u8981\u73a9\u539f\u795e\n|t:|1700372028\n|gametype|singles\n|player|p1|daybreak wave2|lillie-masters2|1454\n|player|p2|Yuanshen61\u6211\u8981\u73a9\u539f\u795e|dawn-contest|1557\n|teamsize|p1|6\n|teamsize|p2|6\n|gen|9\n|tier|[Gen 9] National Dex\n|rated|\n|rule|HP Percentage Mod: HP is shown in percentages\n|rule|Endless Battle Clause: Forcing endless battles is banned\n|rule|OHKO Clause: OHKO moves are banned\n|rule|Evasion Clause: Evasion abilities, items, and moves are banned\n|rule|Evasion Abilities Clause: Evasion abilities are banned\n|rule|Evasion Items Clause: Evasion items are banned\n|rule|Evasion Moves Clause: Evasion moves are banned\n|rule|Species Clause: Limit one of each Pok\u00e9mon\n|rule|Sleep Clause Mod: Limit one foe put to sleep\n|clearpoke\n|poke|p1|Pinsir, M|\n|poke|p1|Aegislash, F|\n|poke|p1|Ogerpon-Wellspring, F|\n|poke|p1|Moltres|\n|poke|p1|Electrode-Hisui|\n|poke|p1|Clodsire, F|\n|poke|p2|Zoroark-Hisui, F|\n|poke|p2|Cresselia, F|\n|poke|p2|Heatran, M|\n|poke|p2|Tapu Koko|\n|poke|p2|Lopunny, M|\n|poke|p2|Great Tusk|\n|teampreview\n|inactive|Battle timer is ON: inactive players will automatically lose when time's up. (requested by Yuanshen61\u6211\u8981\u73a9\u539f\u795e)\n|inactive|daybreak wave2 has 120 seconds left.\n|\n|t:|1700372059\n|start\n|switch|p1a: \u6d1b\u6258\u59c6-\u5207\u5272|Electrode-Hisui|100\/100\n|switch|p2a: Lopunny|Lopunny, M|100\/100\n|turn|1\n|\n|t:|1700372068\n|switch|p1a: \u70c8\u7bad\u9e70|Moltres|100\/100\n|move|p2a: Lopunny|Flamethrower|p1a: \u70c8\u7bad\u9e70\n|-resisted|p1a: \u70c8\u7bad\u9e70\n|-damage|p1a: \u70c8\u7bad\u9e70|86\/100\n|\n|upkeep\n|turn|2\n|\n|t:|1700372077\n|move|p2a: Lopunny|Hyper Voice|p1a: \u70c8\u7bad\u9e70\n|-damage|p1a: \u70c8\u7bad\u9e70|45\/100\n|move|p1a: \u70c8\u7bad\u9e70|U-turn|p2a: Lopunny\n|-resisted|p2a: Lopunny\n|-damage|p2a: Lopunny|85\/100\n|replace|p2a: Zoroark|Zoroark-Hisui, F\n|-end|p2a: Zoroark|Illusion\n|\n|t:|1700372103\n|switch|p1a: \u6c34\u72f1\u5352|Ogerpon-Wellspring, F|100\/100|[from] U-turn\n|\n|upkeep\n|turn|3\n|\n|t:|1700372109\n|move|p1a: \u6c34\u72f1\u5352|Ivy Cudgel|p2a: Zoroark|[anim] Ivy Cudgel Water\n|-crit|p2a: Zoroark\n|-damage|p2a: Zoroark|0 fnt\n|faint|p2a: Zoroark\n|\n|upkeep\n|\n|t:|1700372113\n|switch|p2a: Tapu Koko|Tapu Koko|100\/100\n|-fieldstart|move: Electric Terrain|[from] ability: Electric Surge|[of] p2a: Tapu Koko\n|turn|4\n|\n|t:|1700372124\n|switch|p1a: \u571f~\u2191\u738b|Clodsire, F|100\/100\n|move|p2a: Tapu Koko|Thunderbolt|p1a: \u571f~\u2191\u738b\n|-immune|p1a: \u571f~\u2191\u738b\n|\n|upkeep\n|turn|5\n|\n|t:|1700372129\n|switch|p2a: Heatran|Heatran, M|100\/100\n|move|p1a: \u571f~\u2191\u738b|Stealth Rock|p2a: Heatran\n|-sidestart|p2: Yuanshen61\u6211\u8981\u73a9\u539f\u795e|move: Stealth Rock\n|\n|upkeep\n|turn|6\n|\n|t:|1700372143\n|-terastallize|p2a: Heatran|Grass\n|move|p2a: Heatran|Magma Storm|p1a: \u571f~\u2191\u738b\n|-damage|p1a: \u571f~\u2191\u738b|78\/100\n|-activate|p1a: \u571f~\u2191\u738b|move: Magma Storm|[of] p2a: Heatran\n|move|p1a: \u571f~\u2191\u738b|Recover|p1a: \u571f~\u2191\u738b\n|-heal|p1a: \u571f~\u2191\u738b|100\/100\n|\n|-damage|p1a: \u571f~\u2191\u738b|88\/100|[from] move: Magma Storm|[partiallytrapped]\n|upkeep\n|turn|7\n|\n|t:|1700372148\n|move|p2a: Heatran|Taunt|p1a: \u571f~\u2191\u738b\n|-start|p1a: \u571f~\u2191\u738b|move: Taunt\n|cant|p1a: \u571f~\u2191\u738b|move: Taunt|Toxic\n|\n|-damage|p1a: \u571f~\u2191\u738b|75\/100|[from] move: Magma Storm|[partiallytrapped]\n|upkeep\n|turn|8\n|\n|t:|1700372153\n|move|p2a: Heatran|Stealth Rock|p1a: \u571f~\u2191\u738b\n|-sidestart|p1: daybreak wave2|move: Stealth Rock\n|move|p1a: \u571f~\u2191\u738b|Earthquake|p2a: Heatran\n|-resisted|p2a: Heatran\n|-damage|p2a: Heatran|89\/100\n|\n|-heal|p2a: Heatran|96\/100|[from] item: Leftovers\n|-damage|p1a: \u571f~\u2191\u738b|63\/100|[from] move: Magma Storm|[partiallytrapped]\n|-fieldend|move: Electric Terrain\n|upkeep\n|turn|9\n|\n|t:|1700372158\n|move|p2a: Heatran|Earth Power|p1a: \u571f~\u2191\u738b\n|-supereffective|p1a: \u571f~\u2191\u738b\n|-damage|p1a: \u571f~\u2191\u738b|36\/100\n|move|p1a: \u571f~\u2191\u738b|Earthquake|p2a: Heatran\n|-resisted|p2a: Heatran\n|-damage|p2a: Heatran|83\/100\n|\n|-heal|p2a: Heatran|90\/100|[from] item: Leftovers\n|-damage|p1a: \u571f~\u2191\u738b|23\/100|[from] move: Magma Storm|[partiallytrapped]\n|-end|p1a: \u571f~\u2191\u738b|move: Taunt\n|upkeep\n|turn|10\n|\n|t:|1700372167\n|move|p2a: Heatran|Earth Power|p1a: \u571f~\u2191\u738b\n|-supereffective|p1a: \u571f~\u2191\u738b\n|-damage|p1a: \u571f~\u2191\u738b|0 fnt\n|faint|p1a: \u571f~\u2191\u738b\n|\n|-heal|p2a: Heatran|96\/100|[from] item: Leftovers\n|upkeep\n|\n|t:|1700372174\n|switch|p1a: \u70c8\u7bad\u9e70|Moltres|45\/100\n|turn|11\n|\n|t:|1700372178\n|switch|p2a: Tapu Koko|Tapu Koko|100\/100\n|-damage|p2a: Tapu Koko|88\/100|[from] Stealth Rock\n|-fieldstart|move: Electric Terrain|[from] ability: Electric Surge|[of] p2a: Tapu Koko\n|move|p1a: \u70c8\u7bad\u9e70|Roost|p1a: \u70c8\u7bad\u9e70\n|-heal|p1a: \u70c8\u7bad\u9e70|95\/100\n|-singleturn|p1a: \u70c8\u7bad\u9e70|move: Roost\n|\n|upkeep\n|turn|12\n|\n|t:|1700372186\n|switch|p1a: \u6d1b\u6258\u59c6-\u5207\u5272|Electrode-Hisui|100\/100\n|-damage|p1a: \u6d1b\u6258\u59c6-\u5207\u5272|88\/100|[from] Stealth Rock\n|move|p2a: Tapu Koko|Volt Switch|p1a: \u6d1b\u6258\u59c6-\u5207\u5272\n|-resisted|p1a: \u6d1b\u6258\u59c6-\u5207\u5272\n|-damage|p1a: \u6d1b\u6258\u59c6-\u5207\u5272|65\/100\n|\n|t:|1700372189\n|switch|p2a: Lopunny|Lopunny, M|100\/100|[from] Volt Switch\n|-damage|p2a: Lopunny|88\/100|[from] Stealth Rock\n|\n|upkeep\n|turn|13\n|\n|t:|1700372197\n|switch|p1a: \u70c8\u7bad\u9e70|Moltres|95\/100\n|detailschange|p2a: Lopunny|Lopunny-Mega, M\n|-mega|p2a: Lopunny|Lopunny|Lopunnite\n|move|p2a: Lopunny|U-turn|p1a: \u70c8\u7bad\u9e70\n|-resisted|p1a: \u70c8\u7bad\u9e70\n|-damage|p1a: \u70c8\u7bad\u9e70|91\/100\n|-status|p2a: Lopunny|brn|[from] ability: Flame Body|[of] p1a: \u70c8\u7bad\u9e70\n|\n|t:|1700372208\n|switch|p2a: Tapu Koko|Tapu Koko|88\/100|[from] U-turn\n|-damage|p2a: Tapu Koko|76\/100|[from] Stealth Rock\n|\n|upkeep\n|turn|14\n|\n|t:|1700372225\n|move|p2a: Tapu Koko|Thunderbolt|p1a: \u70c8\u7bad\u9e70\n|-supereffective|p1a: \u70c8\u7bad\u9e70\n|-damage|p1a: \u70c8\u7bad\u9e70|0 fnt\n|faint|p1a: \u70c8\u7bad\u9e70\n|\n|upkeep\n|\n|t:|1700372235\n|switch|p1a: \u585e\u8c6a\u5bcc|Aegislash, F, shiny|100\/100\n|-damage|p1a: \u585e\u8c6a\u5bcc|94\/100|[from] Stealth Rock\n|turn|15\n|\n|t:|1700372248\n|move|p2a: Tapu Koko|Thunderbolt|p1a: \u585e\u8c6a\u5bcc\n|-damage|p1a: \u585e\u8c6a\u5bcc|31\/100\n|-zpower|p1a: \u585e\u8c6a\u5bcc\n|-formechange|p1a: \u585e\u8c6a\u5bcc|Aegislash-Blade||[from] ability: Stance Change\n|move|p1a: \u585e\u8c6a\u5bcc|Never-Ending Nightmare|p2a: Tapu Koko|[zeffect]\n|-damage|p2a: Tapu Koko|0 fnt\n|faint|p2a: Tapu Koko\n|\n|-fieldend|move: Electric Terrain\n|upkeep\n|\n|t:|1700372259\n|switch|p2a: Heatran|Heatran, M, tera:Grass|96\/100\n|-damage|p2a: Heatran|83\/100|[from] Stealth Rock\n|turn|16\n|\n|t:|1700372264\n|-formechange|p1a: \u585e\u8c6a\u5bcc|Aegislash||[from] ability: Stance Change\n|move|p1a: \u585e\u8c6a\u5bcc|King's Shield|p1a: \u585e\u8c6a\u5bcc\n|-singleturn|p1a: \u585e\u8c6a\u5bcc|Protect\n|move|p2a: Heatran|Magma Storm|p1a: \u585e\u8c6a\u5bcc\n|-activate|p1a: \u585e\u8c6a\u5bcc|move: Protect\n|\n|-heal|p2a: Heatran|90\/100|[from] item: Leftovers\n|upkeep\n|turn|17\n|\n|t:|1700372278\n|move|p2a: Heatran|Magma Storm|p1a: \u585e\u8c6a\u5bcc|[miss]\n|-miss|p2a: Heatran|p1a: \u585e\u8c6a\u5bcc\n|-formechange|p1a: \u585e\u8c6a\u5bcc|Aegislash-Blade||[from] ability: Stance Change\n|move|p1a: \u585e\u8c6a\u5bcc|Shadow Ball|p2a: Heatran\n|-damage|p2a: Heatran|62\/100\n|-unboost|p2a: Heatran|spd|1\n|\n|-heal|p2a: Heatran|68\/100|[from] item: Leftovers\n|upkeep\n|turn|18\n|\n|t:|1700372290\n|switch|p2a: Lopunny|Lopunny-Mega, M|88\/100 brn\n|-damage|p2a: Lopunny|82\/100 brn|[from] Stealth Rock\n|move|p1a: \u585e\u8c6a\u5bcc|Shadow Ball|p2a: Lopunny\n|-immune|p2a: Lopunny\n|\n|-damage|p2a: Lopunny|77\/100 brn|[from] brn\n|upkeep\n|turn|19\n|\n|t:|1700372304\n|-formechange|p1a: \u585e\u8c6a\u5bcc|Aegislash||[from] ability: Stance Change\n|move|p1a: \u585e\u8c6a\u5bcc|King's Shield|p1a: \u585e\u8c6a\u5bcc\n|-singleturn|p1a: \u585e\u8c6a\u5bcc|Protect\n|move|p2a: Lopunny|U-turn|p1a: \u585e\u8c6a\u5bcc\n|-activate|p1a: \u585e\u8c6a\u5bcc|move: Protect\n|-unboost|p2a: Lopunny|atk|1\n|\n|-damage|p2a: Lopunny|71\/100 brn|[from] brn\n|upkeep\n|turn|20\n|\n|t:|1700372311\n|move|p2a: Lopunny|U-turn|p1a: \u585e\u8c6a\u5bcc\n|-resisted|p1a: \u585e\u8c6a\u5bcc\n|-damage|p1a: \u585e\u8c6a\u5bcc|30\/100\n|\n|t:|1700372314\n|switch|p2a: Great Tusk|Great Tusk|100\/100|[from] U-turn\n|-damage|p2a: Great Tusk|98\/100|[from] Stealth Rock\n|-formechange|p1a: \u585e\u8c6a\u5bcc|Aegislash-Blade||[from] ability: Stance Change\n|move|p1a: \u585e\u8c6a\u5bcc|Close Combat|p2a: Great Tusk\n|-damage|p2a: Great Tusk|71\/100\n|-unboost|p1a: \u585e\u8c6a\u5bcc|def|1\n|-unboost|p1a: \u585e\u8c6a\u5bcc|spd|1\n|\n|-heal|p2a: Great Tusk|77\/100|[from] item: Leftovers\n|upkeep\n|turn|21\n|\n|t:|1700372324\n|-formechange|p1a: \u585e\u8c6a\u5bcc|Aegislash||[from] ability: Stance Change\n|move|p1a: \u585e\u8c6a\u5bcc|King's Shield|p1a: \u585e\u8c6a\u5bcc\n|-singleturn|p1a: \u585e\u8c6a\u5bcc|Protect\n|move|p2a: Great Tusk|Rapid Spin|p1a: \u585e\u8c6a\u5bcc\n|-activate|p1a: \u585e\u8c6a\u5bcc|move: Protect\n|-unboost|p2a: Great Tusk|atk|1\n|\n|-heal|p2a: Great Tusk|83\/100|[from] item: Leftovers\n|upkeep\n|turn|22\n|\n|t:|1700372332\n|move|p2a: Great Tusk|Headlong Rush|p1a: \u585e\u8c6a\u5bcc\n|-supereffective|p1a: \u585e\u8c6a\u5bcc\n|-damage|p1a: \u585e\u8c6a\u5bcc|0 fnt\n|-unboost|p2a: Great Tusk|def|1\n|-unboost|p2a: Great Tusk|spd|1\n|faint|p1a: \u585e\u8c6a\u5bcc\n|\n|-heal|p2a: Great Tusk|89\/100|[from] item: Leftovers\n|upkeep\n|\n|t:|1700372344\n|switch|p1a: \u7532\u54e5|Pinsir, M, shiny|100\/100\n|-damage|p1a: \u7532\u54e5|76\/100|[from] Stealth Rock\n|turn|23\n|\n|t:|1700372351\n|-end|p2a: Great Tusk|Protosynthesis|[silent]\n|switch|p2a: Lopunny|Lopunny-Mega, M|71\/100 brn\n|-damage|p2a: Lopunny|65\/100 brn|[from] Stealth Rock\n|detailschange|p1a: \u7532\u54e5|Pinsir-Mega, M, shiny\n|-mega|p1a: \u7532\u54e5|Pinsir|Pinsirite\n|move|p1a: \u7532\u54e5|Return|p2a: Lopunny\n|-supereffective|p2a: Lopunny\n|-damage|p2a: Lopunny|0 fnt\n|faint|p2a: Lopunny\n|\n|upkeep\n|\n|t:|1700372358\n|switch|p2a: Cresselia|Cresselia, F|100\/100\n|-damage|p2a: Cresselia|88\/100|[from] Stealth Rock\n|turn|24\n|\n|t:|1700372369\n|move|p1a: \u7532\u54e5|Swords Dance|p1a: \u7532\u54e5\n|-boost|p1a: \u7532\u54e5|atk|2\n|move|p2a: Cresselia|Moonblast|p1a: \u7532\u54e5\n|-crit|p1a: \u7532\u54e5\n|-damage|p1a: \u7532\u54e5|37\/100\n|\n|upkeep\n|turn|25\n|\n|t:|1700372374\n|move|p1a: \u7532\u54e5|Return|p2a: Cresselia\n|-damage|p2a: Cresselia|16\/100\n|move|p2a: Cresselia|Moonblast|p1a: \u7532\u54e5\n|-damage|p1a: \u7532\u54e5|15\/100\n|\n|upkeep\n|turn|26\n|\n|t:|1700372381\n|move|p1a: \u7532\u54e5|Return|p2a: Cresselia\n|-damage|p2a: Cresselia|0 fnt\n|faint|p2a: Cresselia\n|\n|upkeep\n|\n|t:|1700372384\n|switch|p2a: Great Tusk|Great Tusk|89\/100\n|-damage|p2a: Great Tusk|86\/100|[from] Stealth Rock\n|turn|27\n|\n|t:|1700372390\n|move|p1a: \u7532\u54e5|Return|p2a: Great Tusk\n|-supereffective|p2a: Great Tusk\n|-damage|p2a: Great Tusk|0 fnt\n|faint|p2a: Great Tusk\n|-end|p2a: Great Tusk|Protosynthesis|[silent]\n|\n|upkeep\n|-message|Yuanshen61\u6211\u8981\u73a9\u539f\u795e forfeited.\n|\n|win|daybreak wave2\n|raw|daybreak wave2's rating: 1454 &rarr; <strong>1480<\/strong><br \/>(+26 for winning)\n|raw|Yuanshen61\u6211\u8981\u73a9\u539f\u795e's rating: 1557 &rarr; <strong>1531<\/strong><br \/>(-26 for losing)\n|l|\u2606Yuanshen61\u6211\u8981\u73a9\u539f\u795e\n","uploadtime":1700372400,"views":7,"p1id":"daybreakwave2","p2id":"yuanshen61","formatid":"gen9nationaldex","rating":1480,"private":0,"password":""}