{"id":"gen9nationaldex-1999883038","p1":"Techwiz_101","p2":"Cozyk8ng","format":"[Gen 9] National Dex","log":"|html|<div class=\"broadcast-blue\"><strong>[Gen 9] National Dex is currently suspecting Sneasler! For information on how to participate check out the <a href=\"https:\/\/www.smogon.com\/forums\/threads\/sv-national-dex-suspect-8-just-dance.3731534\/\">suspect thread<\/a>.<\/strong><\/div>\n|j|\u2606Techwiz_101\n|j|\u2606Cozyk8ng\n|t:|1701126025\n|gametype|singles\n|player|p1|Techwiz_101|gentleman-gen4|1204\n|player|p2|Cozyk8ng|266|1249\n|teamsize|p1|6\n|teamsize|p2|6\n|gen|9\n|tier|[Gen 9] National Dex\n|rated|\n|rule|HP Percentage Mod: HP is shown in percentages\n|rule|Endless Battle Clause: Forcing endless battles is banned\n|rule|OHKO Clause: OHKO moves are banned\n|rule|Evasion Clause: Evasion abilities, items, and moves are banned\n|rule|Evasion Abilities Clause: Evasion abilities are banned\n|rule|Evasion Items Clause: Evasion items are banned\n|rule|Evasion Moves Clause: Evasion moves are banned\n|rule|Species Clause: Limit one of each Pok\u00e9mon\n|rule|Sleep Clause Mod: Limit one foe put to sleep\n|clearpoke\n|poke|p1|Tinkaton, F|\n|poke|p1|Quagsire, M|\n|poke|p1|Haxorus, F|\n|poke|p1|Murkrow, M|\n|poke|p1|Aurorus, M|\n|poke|p1|Toxtricity, M|\n|poke|p2|Garchomp, F|\n|poke|p2|Lucario, F|\n|poke|p2|Roserade, M|\n|poke|p2|Spiritomb, F|\n|poke|p2|Milotic, M|\n|poke|p2|Togekiss, M|\n|teampreview\n|inactive|Battle timer is ON: inactive players will automatically lose when time's up. (requested by Cozyk8ng)\n|\n|t:|1701126038\n|start\n|switch|p1a: Haxorus|Haxorus, F|100\/100\n|switch|p2a: grace|Milotic, M, shiny|100\/100\n|-ability|p1a: Haxorus|Mold Breaker\n|turn|1\n|\n|t:|1701126047\n|move|p1a: Haxorus|Dragon Dance|p1a: Haxorus\n|-boost|p1a: Haxorus|atk|1\n|-boost|p1a: Haxorus|spe|1\n|move|p2a: grace|Ice Beam|p1a: Haxorus\n|-supereffective|p1a: Haxorus\n|-damage|p1a: Haxorus|32\/100\n|\n|-status|p2a: grace|brn|[from] item: Flame Orb\n|upkeep\n|turn|2\n|\n|t:|1701126060\n|move|p1a: Haxorus|Dragon Claw|p2a: grace\n|-damage|p2a: grace|44\/100 brn\n|move|p2a: grace|Ice Beam|p1a: Haxorus\n|-supereffective|p1a: Haxorus\n|-damage|p1a: Haxorus|0 fnt\n|faint|p1a: Haxorus\n|\n|-damage|p2a: grace|38\/100 brn|[from] brn\n|upkeep\n|\n|t:|1701126071\n|switch|p1a: Aurorus|Aurorus, M|100\/100\n|turn|3\n|\n|t:|1701126092\n|move|p2a: grace|Recover|p2a: grace\n|-heal|p2a: grace|88\/100 brn\n|move|p1a: Aurorus|Freeze-Dry|p2a: grace\n|-supereffective|p2a: grace\n|-damage|p2a: grace|36\/100 brn\n|\n|-damage|p2a: grace|30\/100 brn|[from] brn\n|upkeep\n|turn|4\n|\n|t:|1701126101\n|switch|p2a: goku|Lucario, F, shiny|100\/100\n|move|p1a: Aurorus|Freeze-Dry|p2a: goku\n|-resisted|p2a: goku\n|-damage|p2a: goku|70\/100\n|\n|upkeep\n|turn|5\n|\n|t:|1701126117\n|move|p2a: goku|Meteor Mash|p1a: Aurorus\n|-supereffective|p1a: Aurorus\n|-damage|p1a: Aurorus|0 fnt\n|faint|p1a: Aurorus\n|\n|upkeep\n|\n|t:|1701126123\n|switch|p1a: Tinkaton|Tinkaton, F|100\/100\n|-ability|p1a: Tinkaton|Mold Breaker\n|turn|6\n|\n|t:|1701126131\n|move|p2a: goku|Endure|p2a: goku\n|-singleturn|p2a: goku|move: Endure\n|move|p1a: Tinkaton|Fake Out|p2a: goku\n|-resisted|p2a: goku\n|-damage|p2a: goku|61\/100\n|\n|upkeep\n|turn|7\n|\n|t:|1701126137\n|move|p1a: Tinkaton|Play Rough|p2a: goku\n|-damage|p2a: goku|5\/100\n|-enditem|p2a: goku|Salac Berry|[eat]\n|-boost|p2a: goku|spe|1|[from] item: Salac Berry\n|move|p2a: goku|Meteor Mash|p1a: Tinkaton\n|-damage|p1a: Tinkaton|45\/100\n|\n|-heal|p1a: Tinkaton|51\/100|[from] item: Leftovers\n|upkeep\n|turn|8\n|\n|t:|1701126151\n|switch|p1a: Quagsire|Quagsire, M|100\/100\n|move|p2a: goku|Reversal|p1a: Quagsire\n|-damage|p1a: Quagsire|48\/100\n|-enditem|p1a: Quagsire|Sitrus Berry|[eat]\n|-heal|p1a: Quagsire|73\/100|[from] item: Sitrus Berry\n|\n|upkeep\n|turn|9\n|\n|t:|1701126164\n|move|p2a: goku|Endure|p2a: goku\n|-singleturn|p2a: goku|move: Endure\n|move|p1a: Quagsire|Curse|p1a: Quagsire\n|-unboost|p1a: Quagsire|spe|1\n|-boost|p1a: Quagsire|atk|1\n|-boost|p1a: Quagsire|def|1\n|\n|upkeep\n|turn|10\n|\n|t:|1701126171\n|move|p2a: goku|Reversal|p1a: Quagsire\n|-damage|p1a: Quagsire|42\/100\n|move|p1a: Quagsire|Recover|p1a: Quagsire\n|-heal|p1a: Quagsire|92\/100\n|\n|upkeep\n|turn|11\n|\n|t:|1701126181\n|switch|p2a: hit.ler|Spiritomb, F, shiny|100\/100\n|move|p1a: Quagsire|Curse|p1a: Quagsire\n|-unboost|p1a: Quagsire|spe|1\n|-boost|p1a: Quagsire|atk|1\n|-boost|p1a: Quagsire|def|1\n|\n|upkeep\n|turn|12\n|\n|t:|1701126188\n|move|p2a: hit.ler|Curse|p1a: Quagsire\n|-start|p1a: Quagsire|Curse|[of] p2a: hit.ler\n|-damage|p2a: hit.ler|50\/100\n|move|p1a: Quagsire|Earthquake|p2a: hit.ler\n|-damage|p2a: hit.ler|0 fnt\n|faint|p2a: hit.ler\n|\n|-damage|p1a: Quagsire|68\/100|[from] Curse\n|upkeep\n|\n|t:|1701126200\n|switch|p2a: goku|Lucario, F, shiny|5\/100\n|turn|13\n|\n|t:|1701126203\n|move|p2a: goku|Reversal|p1a: Quagsire\n|-damage|p1a: Quagsire|43\/100\n|move|p1a: Quagsire|Aqua Tail|p2a: goku|[miss]\n|-miss|p1a: Quagsire|p2a: goku\n|\n|-damage|p1a: Quagsire|18\/100|[from] Curse\n|upkeep\n|turn|14\n|\n|t:|1701126209\n|move|p2a: goku|Reversal|p1a: Quagsire\n|-damage|p1a: Quagsire|0 fnt\n|faint|p1a: Quagsire\n|\n|upkeep\n|\n|t:|1701126212\n|switch|p1a: Tinkaton|Tinkaton, F|51\/100\n|-ability|p1a: Tinkaton|Mold Breaker\n|turn|15\n|inactive|Cozyk8ng has 120 seconds left.\n|\n|t:|1701126243\n|move|p1a: Tinkaton|Fake Out|p2a: goku\n|-resisted|p2a: goku\n|-damage|p2a: goku|0 fnt\n|faint|p2a: goku\n|\n|-heal|p1a: Tinkaton|57\/100|[from] item: Leftovers\n|upkeep\n|\n|t:|1701126245\n|switch|p2a: grace|Milotic, M, shiny|30\/100 brn\n|turn|16\n|\n|t:|1701126251\n|move|p1a: Tinkaton|Gigaton Hammer|p2a: grace\n|-resisted|p2a: grace\n|-damage|p2a: grace|9\/100 brn\n|move|p2a: grace|Recover|p2a: grace\n|-heal|p2a: grace|59\/100 brn\n|\n|-heal|p1a: Tinkaton|63\/100|[from] item: Leftovers\n|-damage|p2a: grace|53\/100 brn|[from] brn\n|upkeep\n|turn|17\n|\n|t:|1701126257\n|move|p1a: Tinkaton|Play Rough|p2a: grace\n|-damage|p2a: grace|28\/100 brn\n|move|p2a: grace|Recover|p2a: grace\n|-heal|p2a: grace|78\/100 brn\n|\n|-heal|p1a: Tinkaton|69\/100|[from] item: Leftovers\n|-damage|p2a: grace|72\/100 brn|[from] brn\n|upkeep\n|turn|18\n|\n|t:|1701126262\n|switch|p1a: Murkrow|Murkrow, M|100\/100\n|move|p2a: grace|Recover|p2a: grace\n|-heal|p2a: grace|100\/100 brn\n|\n|-damage|p2a: grace|94\/100 brn|[from] brn\n|upkeep\n|turn|19\n|\n|t:|1701126267\n|-terastallize|p1a: Murkrow|Ghost\n|move|p1a: Murkrow|Curse|p2a: grace\n|-start|p2a: grace|Curse|[of] p1a: Murkrow\n|-damage|p1a: Murkrow|50\/100\n|-enditem|p1a: Murkrow|Sitrus Berry|[eat]\n|-heal|p1a: Murkrow|75\/100|[from] item: Sitrus Berry\n|move|p2a: grace|Ice Beam|p1a: Murkrow\n|-damage|p1a: Murkrow|52\/100\n|\n|-damage|p2a: grace|88\/100 brn|[from] brn\n|-damage|p2a: grace|63\/100 brn|[from] Curse\n|upkeep\n|turn|20\n|\n|t:|1701126280\n|switch|p2a: marvel|Togekiss, M, shiny|100\/100\n|move|p1a: Murkrow|Roost|p1a: Murkrow\n|-heal|p1a: Murkrow|100\/100\n|\n|upkeep\n|turn|21\n|\n|t:|1701126285\n|move|p1a: Murkrow|Curse|p2a: marvel\n|-start|p2a: marvel|Curse|[of] p1a: Murkrow\n|-damage|p1a: Murkrow|50\/100\n|move|p2a: marvel|Ancient Power|p1a: Murkrow\n|-damage|p1a: Murkrow|24\/100\n|\n|-damage|p2a: marvel|76\/100|[from] Curse\n|upkeep\n|turn|22\n|\n|t:|1701126290\n|move|p1a: Murkrow|Roost|p1a: Murkrow\n|-heal|p1a: Murkrow|74\/100\n|move|p2a: marvel|Air Slash|p1a: Murkrow\n|-damage|p1a: Murkrow|25\/100\n|\n|-damage|p2a: marvel|51\/100|[from] Curse\n|upkeep\n|turn|23\n|\n|t:|1701126296\n|switch|p2a: goku rose|Roserade, M, shiny|100\/100\n|move|p1a: Murkrow|Roost|p1a: Murkrow\n|-heal|p1a: Murkrow|75\/100\n|\n|upkeep\n|turn|24\n|j| theviolator3000\n|\n|t:|1701126300\n|move|p1a: Murkrow|Curse|p2a: goku rose\n|-start|p2a: goku rose|Curse|[of] p1a: Murkrow\n|-damage|p1a: Murkrow|25\/100\n|move|p2a: goku rose|Shadow Ball|p1a: Murkrow\n|-supereffective|p1a: Murkrow\n|-damage|p1a: Murkrow|0 fnt\n|faint|p1a: Murkrow\n|\n|-damage|p2a: goku rose|76\/100|[from] Curse\n|upkeep\n|\n|t:|1701126310\n|switch|p1a: Toxtricity|Toxtricity, M|100\/100\n|turn|25\n|\n|t:|1701126315\n|switch|p2a: hell spawn|Garchomp, F, shiny|100\/100\n|move|p1a: Toxtricity|Shift Gear|p1a: Toxtricity\n|-boost|p1a: Toxtricity|spe|2\n|-boost|p1a: Toxtricity|atk|1\n|\n|upkeep\n|turn|26\n|\n|t:|1701126323\n|detailschange|p2a: hell spawn|Garchomp-Mega, F, shiny\n|-mega|p2a: hell spawn|Garchomp|Garchompite\n|move|p1a: Toxtricity|Boomburst|p2a: hell spawn\n|-crit|p2a: hell spawn\n|-damage|p2a: hell spawn|10\/100\n|-enditem|p1a: Toxtricity|Throat Spray\n|-boost|p1a: Toxtricity|spa|1|[from] item: Throat Spray\n|move|p2a: hell spawn|Scale Shot|p1a: Toxtricity\n|-damage|p1a: Toxtricity|78\/100\n|-damage|p1a: Toxtricity|56\/100\n|-damage|p1a: Toxtricity|36\/100\n|-hitcount|p1a: Toxtricity|3\n|-unboost|p2a: hell spawn|def|1\n|-boost|p2a: hell spawn|spe|1\n|\n|upkeep\n|turn|27\n|c|\u2606Cozyk8ng|miss click\n|\n|t:|1701126343\n|move|p2a: hell spawn|Earthquake|p1a: Toxtricity\n|-supereffective|p1a: Toxtricity\n|-crit|p1a: Toxtricity\n|-damage|p1a: Toxtricity|0 fnt\n|faint|p1a: Toxtricity\n|\n|upkeep\n|\n|t:|1701126348\n|switch|p1a: Tinkaton|Tinkaton, F|69\/100\n|-ability|p1a: Tinkaton|Mold Breaker\n|turn|28\n|c|\u2606Cozyk8ng|still works\n|\n|t:|1701126355\n|switch|p2a: grace|Milotic, M, shiny|63\/100 brn\n|move|p1a: Tinkaton|Fake Out|p2a: grace\n|-damage|p2a: grace|56\/100 brn\n|\n|-heal|p1a: Tinkaton|75\/100|[from] item: Leftovers\n|-damage|p2a: grace|50\/100 brn|[from] brn\n|upkeep\n|turn|29\n|\n|t:|1701126365\n|move|p1a: Tinkaton|Play Rough|p2a: grace\n|-damage|p2a: grace|27\/100 brn\n|move|p2a: grace|Scald|p1a: Tinkaton\n|-damage|p1a: Tinkaton|44\/100\n|-status|p1a: Tinkaton|brn\n|\n|-heal|p1a: Tinkaton|50\/100 brn|[from] item: Leftovers\n|-damage|p1a: Tinkaton|44\/100 brn|[from] brn\n|-damage|p2a: grace|21\/100 brn|[from] brn\n|upkeep\n|turn|30\n|\n|t:|1701126371\n|move|p1a: Tinkaton|Gigaton Hammer|p2a: grace\n|-resisted|p2a: grace\n|-damage|p2a: grace|10\/100 brn\n|move|p2a: grace|Scald|p1a: Tinkaton\n|-damage|p1a: Tinkaton|15\/100 brn\n|\n|-heal|p1a: Tinkaton|21\/100 brn|[from] item: Leftovers\n|-damage|p1a: Tinkaton|15\/100 brn|[from] brn\n|-damage|p2a: grace|4\/100 brn|[from] brn\n|upkeep\n|turn|31\n|\n|t:|1701126378\n|switch|p2a: goku rose|Roserade, M, shiny|76\/100\n|move|p1a: Tinkaton|Play Rough|p2a: goku rose\n|-resisted|p2a: goku rose\n|-damage|p2a: goku rose|61\/100\n|\n|-heal|p1a: Tinkaton|21\/100 brn|[from] item: Leftovers\n|-damage|p1a: Tinkaton|15\/100 brn|[from] brn\n|upkeep\n|turn|32\n|\n|t:|1701126380\n|move|p2a: goku rose|Leaf Storm|p1a: Tinkaton\n|-resisted|p1a: Tinkaton\n|-damage|p1a: Tinkaton|0 fnt\n|-unboost|p2a: goku rose|spa|2\n|faint|p1a: Tinkaton\n|\n|win|Cozyk8ng\n|raw|Techwiz_101's rating: 1204 &rarr; <strong>1182<\/strong><br \/>(-22 for losing)\n|raw|Cozyk8ng's rating: 1249 &rarr; <strong>1271<\/strong><br \/>(+22 for winning)\n|l|\u2606Cozyk8ng\n","uploadtime":1701126386,"views":10,"p1id":"techwiz101","p2id":"cozyk8ng","formatid":"gen9nationaldex","rating":1182,"private":0,"password":""}