{"id":"gen9nationaldex-1995388762","p1":"wind233","p2":"jujibalaoshi001","format":"[Gen 9] National Dex","log":"|html|<div class=\"broadcast-blue\"><strong>[Gen 9] National Dex is currently suspecting Sneasler! For information on how to participate check out the <a href=\"https:\/\/www.smogon.com\/forums\/threads\/sv-national-dex-suspect-8-just-dance.3731534\/\">suspect thread<\/a>.<\/strong><\/div>\n|j|\u2606wind233\n|j|\u2606jujibalaoshi001\n|t:|1700564090\n|gametype|singles\n|player|p1|wind233|dawn|1499\n|player|p2|jujibalaoshi001|hexmaniac-gen6|1568\n|teamsize|p1|6\n|teamsize|p2|6\n|gen|9\n|tier|[Gen 9] National Dex\n|rated|\n|rule|HP Percentage Mod: HP is shown in percentages\n|rule|Endless Battle Clause: Forcing endless battles is banned\n|rule|OHKO Clause: OHKO moves are banned\n|rule|Evasion Clause: Evasion abilities, items, and moves are banned\n|rule|Evasion Abilities Clause: Evasion abilities are banned\n|rule|Evasion Items Clause: Evasion items are banned\n|rule|Evasion Moves Clause: Evasion moves are banned\n|rule|Species Clause: Limit one of each Pok\u00e9mon\n|rule|Sleep Clause Mod: Limit one foe put to sleep\n|clearpoke\n|poke|p1|Diancie|\n|poke|p1|Goodra-Hisui, F|\n|poke|p1|Buzzwole|\n|poke|p1|Urshifu-*, F|\n|poke|p1|Kommo-o, F|\n|poke|p1|Jirachi|\n|poke|p2|Galvantula, M|\n|poke|p2|Nidoking, M|\n|poke|p2|Great Tusk|\n|poke|p2|Garchomp, F|\n|poke|p2|Kartana|\n|poke|p2|Ogerpon-Wellspring, F|\n|teampreview\n|\n|t:|1700564101\n|start\n|switch|p1a: \u767d\u7ed9\u516c\u4e3b|Diancie|100\/100\n|switch|p2a: Kartana|Kartana|100\/100\n|turn|1\n|\n|t:|1700564109\n|switch|p1a: \u6597\u9f99\u4f60\u884c\u4e0d\u884c|Kommo-o, F|100\/100\n|move|p2a: Kartana|Smart Strike|p1a: \u6597\u9f99\u4f60\u884c\u4e0d\u884c\n|-damage|p1a: \u6597\u9f99\u4f60\u884c\u4e0d\u884c|52\/100\n|\n|upkeep\n|turn|2\n|\n|t:|1700564116\n|move|p2a: Kartana|Smart Strike|p1a: \u6597\u9f99\u4f60\u884c\u4e0d\u884c\n|-damage|p1a: \u6597\u9f99\u4f60\u884c\u4e0d\u884c|0 fnt\n|faint|p1a: \u6597\u9f99\u4f60\u884c\u4e0d\u884c\n|-ability|p2a: Kartana|Beast Boost|boost\n|-boost|p2a: Kartana|atk|1\n|\n|upkeep\n|\n|t:|1700564124\n|switch|p1a: \u5b89\u5fc3\u7684\u80cc\u5f71|Buzzwole|100\/100\n|turn|3\n|c|\u2606jujibalaoshi001|\u6597\u9f99\u4ed6\u4e0d\u884c\uff0c\u7b54\u6848\n|\n|t:|1700564159\n|switch|p2a: Garchomp|Garchomp, F|100\/100\n|move|p1a: \u5b89\u5fc3\u7684\u80cc\u5f71|Ice Punch|p2a: Garchomp\n|-supereffective|p2a: Garchomp\n|-damage|p2a: Garchomp|5\/100\n|-damage|p1a: \u5b89\u5fc3\u7684\u80cc\u5f71|88\/100|[from] ability: Rough Skin|[of] p2a: Garchomp\n|\n|upkeep\n|turn|4\n|c|\u2606wind233|\u968f\u673a\u6570\u592a\u9ad8\u4e86\uff0c\u6ca1\u529e\u6cd5\n|\n|t:|1700564171\n|move|p2a: Garchomp|Stealth Rock|p1a: \u5b89\u5fc3\u7684\u80cc\u5f71\n|-sidestart|p1: wind233|move: Stealth Rock\n|move|p1a: \u5b89\u5fc3\u7684\u80cc\u5f71|Earthquake|p2a: Garchomp\n|-damage|p2a: Garchomp|0 fnt\n|faint|p2a: Garchomp\n|-ability|p1a: \u5b89\u5fc3\u7684\u80cc\u5f71|Beast Boost|boost\n|-boost|p1a: \u5b89\u5fc3\u7684\u80cc\u5f71|def|1\n|\n|upkeep\n|\n|t:|1700564179\n|switch|p2a: Nidoking|Nidoking, M|100\/100\n|turn|5\n|\n|t:|1700564192\n|switch|p1a: \u6709\u6ca1\u6709\u7f81\u7eca\u554a|Goodra-Hisui, F|100\/100\n|-damage|p1a: \u6709\u6ca1\u6709\u7f81\u7eca\u554a|94\/100|[from] Stealth Rock\n|move|p2a: Nidoking|Flamethrower|p1a: \u6709\u6ca1\u6709\u7f81\u7eca\u554a\n|-damage|p1a: \u6709\u6ca1\u6709\u7f81\u7eca\u554a|74\/100\n|\n|upkeep\n|turn|6\n|\n|t:|1700564205\n|switch|p2a: Galvantula|Galvantula, M|100\/100\n|move|p1a: \u6709\u6ca1\u6709\u7f81\u7eca\u554a|Ice Beam|p2a: Galvantula\n|-crit|p2a: Galvantula\n|-damage|p2a: Galvantula|21\/100\n|\n|upkeep\n|turn|7\n|\n|t:|1700564215\n|switch|p1a: \u767d\u7ed9\u516c\u4e3b|Diancie|100\/100\n|-damage|p1a: \u767d\u7ed9\u516c\u4e3b|88\/100|[from] Stealth Rock\n|move|p2a: Galvantula|Sticky Web|p1a: \u767d\u7ed9\u516c\u4e3b\n|-sidestart|p1: wind233|move: Sticky Web\n|\n|upkeep\n|turn|8\n|\n|t:|1700564221\n|detailschange|p1a: \u767d\u7ed9\u516c\u4e3b|Diancie-Mega\n|-mega|p1a: \u767d\u7ed9\u516c\u4e3b|Diancie|Diancite\n|move|p1a: \u767d\u7ed9\u516c\u4e3b|Earth Power|p2a: Galvantula\n|-damage|p2a: Galvantula|0 fnt\n|faint|p2a: Galvantula\n|\n|upkeep\n|\n|t:|1700564228\n|switch|p2a: Kartana|Kartana|100\/100\n|turn|9\n|\n|t:|1700564243\n|switch|p1a: \u5b89\u5fc3\u7684\u80cc\u5f71|Buzzwole|88\/100\n|-damage|p1a: \u5b89\u5fc3\u7684\u80cc\u5f71|76\/100|[from] Stealth Rock\n|-activate|p1a: \u5b89\u5fc3\u7684\u80cc\u5f71|move: Sticky Web\n|-unboost|p1a: \u5b89\u5fc3\u7684\u80cc\u5f71|spe|1\n|move|p2a: Kartana|Smart Strike|p1a: \u5b89\u5fc3\u7684\u80cc\u5f71\n|-damage|p1a: \u5b89\u5fc3\u7684\u80cc\u5f71|52\/100\n|-damage|p2a: Kartana|84\/100|[from] item: Rocky Helmet|[of] p1a: \u5b89\u5fc3\u7684\u80cc\u5f71\n|\n|upkeep\n|turn|10\n|\n|t:|1700564256\n|switch|p2a: Ogerpon|Ogerpon-Wellspring, F|100\/100\n|move|p1a: \u5b89\u5fc3\u7684\u80cc\u5f71|Roost|p1a: \u5b89\u5fc3\u7684\u80cc\u5f71\n|-heal|p1a: \u5b89\u5fc3\u7684\u80cc\u5f71|100\/100\n|-singleturn|p1a: \u5b89\u5fc3\u7684\u80cc\u5f71|move: Roost\n|\n|upkeep\n|turn|11\n|\n|t:|1700564274\n|-terastallize|p2a: Ogerpon|Water\n|detailschange|p2a: Ogerpon|Ogerpon-Wellspring-Tera, F, tera:Water\n|-ability|p2a: Ogerpon|Embody Aspect (Wellspring)|boost\n|-boost|p2a: Ogerpon|spd|1\n|move|p2a: Ogerpon|Swords Dance|p2a: Ogerpon\n|-boost|p2a: Ogerpon|atk|2\n|move|p1a: \u5b89\u5fc3\u7684\u80cc\u5f71|Bulk Up|p1a: \u5b89\u5fc3\u7684\u80cc\u5f71\n|-boost|p1a: \u5b89\u5fc3\u7684\u80cc\u5f71|atk|1\n|-boost|p1a: \u5b89\u5fc3\u7684\u80cc\u5f71|def|1\n|\n|upkeep\n|turn|12\n|\n|t:|1700564288\n|move|p2a: Ogerpon|Taunt|p1a: \u5b89\u5fc3\u7684\u80cc\u5f71\n|-start|p1a: \u5b89\u5fc3\u7684\u80cc\u5f71|move: Taunt\n|cant|p1a: \u5b89\u5fc3\u7684\u80cc\u5f71|move: Taunt|Bulk Up\n|\n|upkeep\n|turn|13\n|\n|t:|1700564300\n|move|p2a: Ogerpon|Ivy Cudgel|p1a: \u5b89\u5fc3\u7684\u80cc\u5f71|[anim] Ivy Cudgel Water\n|-damage|p1a: \u5b89\u5fc3\u7684\u80cc\u5f71|48\/100\n|move|p1a: \u5b89\u5fc3\u7684\u80cc\u5f71|Earthquake|p2a: Ogerpon\n|-damage|p2a: Ogerpon|34\/100\n|\n|upkeep\n|turn|14\n|\n|t:|1700564307\n|-terastallize|p1a: \u5b89\u5fc3\u7684\u80cc\u5f71|Electric\n|move|p2a: Ogerpon|Ivy Cudgel|p1a: \u5b89\u5fc3\u7684\u80cc\u5f71|[anim] Ivy Cudgel Water\n|-damage|p1a: \u5b89\u5fc3\u7684\u80cc\u5f71|0 fnt\n|faint|p1a: \u5b89\u5fc3\u7684\u80cc\u5f71\n|\n|upkeep\n|\n|t:|1700564316\n|switch|p1a: \u6c34\u5e08\u5085\u522b\u6f14\u4e86|Urshifu-Rapid-Strike, F|100\/100\n|-damage|p1a: \u6c34\u5e08\u5085\u522b\u6f14\u4e86|94\/100|[from] Stealth Rock\n|-activate|p1a: \u6c34\u5e08\u5085\u522b\u6f14\u4e86|move: Sticky Web\n|-unboost|p1a: \u6c34\u5e08\u5085\u522b\u6f14\u4e86|spe|1\n|turn|15\n|\n|t:|1700564325\n|move|p2a: Ogerpon|Horn Leech|p1a: \u6c34\u5e08\u5085\u522b\u6f14\u4e86\n|-supereffective|p1a: \u6c34\u5e08\u5085\u522b\u6f14\u4e86\n|-damage|p1a: \u6c34\u5e08\u5085\u522b\u6f14\u4e86|0 fnt\n|-heal|p2a: Ogerpon|88\/100|[from] drain|[of] p1a: \u6c34\u5e08\u5085\u522b\u6f14\u4e86\n|faint|p1a: \u6c34\u5e08\u5085\u522b\u6f14\u4e86\n|\n|upkeep\n|\n|t:|1700564331\n|switch|p1a: \u6211\u505a\u4eba\u5e72\u5e72\u51c0\u51c0|Jirachi|100\/100\n|-damage|p1a: \u6211\u505a\u4eba\u5e72\u5e72\u51c0\u51c0|94\/100|[from] Stealth Rock\n|-activate|p1a: \u6211\u505a\u4eba\u5e72\u5e72\u51c0\u51c0|move: Sticky Web\n|-unboost|p1a: \u6211\u505a\u4eba\u5e72\u5e72\u51c0\u51c0|spe|1\n|turn|16\n|\n|t:|1700564340\n|move|p2a: Ogerpon|Ivy Cudgel|p1a: \u6211\u505a\u4eba\u5e72\u5e72\u51c0\u51c0|[anim] Ivy Cudgel Water\n|-crit|p1a: \u6211\u505a\u4eba\u5e72\u5e72\u51c0\u51c0\n|-damage|p1a: \u6211\u505a\u4eba\u5e72\u5e72\u51c0\u51c0|0 fnt\n|faint|p1a: \u6211\u505a\u4eba\u5e72\u5e72\u51c0\u51c0\n|\n|upkeep\n|\n|t:|1700564343\n|switch|p1a: \u6709\u6ca1\u6709\u7f81\u7eca\u554a|Goodra-Hisui, F|74\/100\n|-damage|p1a: \u6709\u6ca1\u6709\u7f81\u7eca\u554a|68\/100|[from] Stealth Rock\n|-activate|p1a: \u6709\u6ca1\u6709\u7f81\u7eca\u554a|move: Sticky Web\n|-unboost|p1a: \u6709\u6ca1\u6709\u7f81\u7eca\u554a|spe|1\n|turn|17\n|\n|t:|1700564350\n|move|p2a: Ogerpon|Ivy Cudgel|p1a: \u6709\u6ca1\u6709\u7f81\u7eca\u554a|[anim] Ivy Cudgel Water\n|-resisted|p1a: \u6709\u6ca1\u6709\u7f81\u7eca\u554a\n|-damage|p1a: \u6709\u6ca1\u6709\u7f81\u7eca\u554a|0 fnt\n|faint|p1a: \u6709\u6ca1\u6709\u7f81\u7eca\u554a\n|\n|upkeep\n|\n|t:|1700564352\n|switch|p1a: \u767d\u7ed9\u516c\u4e3b|Diancie-Mega|88\/100\n|-damage|p1a: \u767d\u7ed9\u516c\u4e3b|76\/100|[from] Stealth Rock\n|-activate|p1a: \u767d\u7ed9\u516c\u4e3b|move: Sticky Web\n|-unboost|p1a: \u767d\u7ed9\u516c\u4e3b|spe|1\n|turn|18\n|\n|t:|1700564359\n|move|p2a: Ogerpon|Ivy Cudgel|p1a: \u767d\u7ed9\u516c\u4e3b|[anim] Ivy Cudgel Water\n|-supereffective|p1a: \u767d\u7ed9\u516c\u4e3b\n|-damage|p1a: \u767d\u7ed9\u516c\u4e3b|0 fnt\n|faint|p1a: \u767d\u7ed9\u516c\u4e3b\n|\n|win|jujibalaoshi001\n|raw|wind233's rating: 1499 &rarr; <strong>1483<\/strong><br \/>(-16 for losing)\n|raw|jujibalaoshi001's rating: 1568 &rarr; <strong>1584<\/strong><br \/>(+16 for winning)\n|l|\u2606wind233\n","uploadtime":1700564367,"views":4,"p1id":"wind233","p2id":"jujibalaoshi001","formatid":"gen9nationaldex","rating":1483,"private":0,"password":""}