{"id":"gen9nationaldex-1998887225","p1":"Technecium","p2":"lucky1111","format":"[Gen 9] National Dex","log":"|html|<div class=\"broadcast-blue\"><strong>[Gen 9] National Dex is currently suspecting Sneasler! For information on how to participate check out the <a href=\"https:\/\/www.smogon.com\/forums\/threads\/sv-national-dex-suspect-8-just-dance.3731534\/\">suspect thread<\/a>.<\/strong><\/div>\n|j|\u2606Technecium\n|j|\u2606lucky1111\n|t:|1701008790\n|gametype|singles\n|player|p1|Technecium|birdkeeper|1201\n|player|p2|lucky1111|dawn|1219\n|teamsize|p1|6\n|teamsize|p2|6\n|gen|9\n|tier|[Gen 9] National Dex\n|rated|\n|rule|HP Percentage Mod: HP is shown in percentages\n|rule|Endless Battle Clause: Forcing endless battles is banned\n|rule|OHKO Clause: OHKO moves are banned\n|rule|Evasion Clause: Evasion abilities, items, and moves are banned\n|rule|Evasion Abilities Clause: Evasion abilities are banned\n|rule|Evasion Items Clause: Evasion items are banned\n|rule|Evasion Moves Clause: Evasion moves are banned\n|rule|Species Clause: Limit one of each Pok\u00e9mon\n|rule|Sleep Clause Mod: Limit one foe put to sleep\n|clearpoke\n|poke|p1|Latias, F|\n|poke|p1|Staraptor, M|\n|poke|p1|Nidoqueen, F|\n|poke|p1|Arcanine, F|\n|poke|p1|Zoroark-Hisui, F|\n|poke|p1|Hattrem, F|\n|poke|p2|Charizard, M|\n|poke|p2|Great Tusk|\n|poke|p2|Heatran, M|\n|poke|p2|Sneasler, M|\n|poke|p2|Garganacl, F|\n|poke|p2|Greninja-*, M|\n|teampreview\n|inactive|Battle timer is ON: inactive players will automatically lose when time's up. (requested by Technecium)\n|\n|t:|1701008804\n|start\n|switch|p1a: Just Nemona...|Nidoqueen, F, shiny|100\/100\n|switch|p2a: \u8001\u55b7|Charizard, M|100\/100\n|-item|p1a: Just Nemona...|Air Balloon\n|turn|1\n|\n|t:|1701008819\n|detailschange|p2a: \u8001\u55b7|Charizard-Mega-Y, M\n|-mega|p2a: \u8001\u55b7|Charizard|Charizardite Y\n|-weather|SunnyDay|[from] ability: Drought|[of] p2a: \u8001\u55b7\n|move|p2a: \u8001\u55b7|Weather Ball|p1a: Just Nemona...\n|-damage|p1a: Just Nemona...|7\/100\n|-enditem|p1a: Just Nemona...|Air Balloon\n|move|p1a: Just Nemona...|Stealth Rock|p2a: \u8001\u55b7\n|-sidestart|p2: lucky1111|move: Stealth Rock\n|\n|-weather|SunnyDay|[upkeep]\n|upkeep\n|turn|2\n|\n|t:|1701008832\n|switch|p2a: \u7259\u54e5|Great Tusk|100\/100\n|-damage|p2a: \u7259\u54e5|98\/100|[from] Stealth Rock\n|-activate|p2a: \u7259\u54e5|ability: Protosynthesis\n|-start|p2a: \u7259\u54e5|protosynthesisatk\n|switch|p1a: Arkani|Arcanine, F|100\/100\n|\n|-weather|SunnyDay|[upkeep]\n|upkeep\n|turn|3\n|\n|t:|1701008843\n|move|p2a: \u7259\u54e5|Headlong Rush|p1a: Arkani\n|-supereffective|p1a: Arkani\n|-damage|p1a: Arkani|0 fnt\n|-unboost|p2a: \u7259\u54e5|def|1\n|-unboost|p2a: \u7259\u54e5|spd|1\n|faint|p1a: Arkani\n|\n|-weather|SunnyDay|[upkeep]\n|upkeep\n|\n|t:|1701008849\n|switch|p1a: Star|Staraptor, M|100\/100\n|turn|4\n|\n|t:|1701008853\n|move|p1a: Star|Brave Bird|p2a: \u7259\u54e5\n|-supereffective|p2a: \u7259\u54e5\n|-damage|p2a: \u7259\u54e5|0 fnt\n|faint|p2a: \u7259\u54e5\n|-end|p2a: \u7259\u54e5|Protosynthesis|[silent]\n|-damage|p1a: Star|62\/100|[from] Recoil\n|\n|-weather|SunnyDay|[upkeep]\n|upkeep\n|\n|t:|1701008881\n|switch|p2a: Greninja|Greninja, M|100\/100\n|-damage|p2a: Greninja|88\/100|[from] Stealth Rock\n|turn|5\n|\n|t:|1701008886\n|move|p1a: Star|Brave Bird|p2a: Greninja\n|-damage|p2a: Greninja|0 fnt\n|faint|p2a: Greninja\n|-damage|p1a: Star|36\/100|[from] Recoil\n|\n|-weather|none\n|upkeep\n|\n|t:|1701008905\n|switch|p2a: \u76d0\u738b|Garganacl, F|100\/100\n|-damage|p2a: \u76d0\u738b|88\/100|[from] Stealth Rock\n|turn|6\n|\n|t:|1701008912\n|switch|p1a: Just Nemona...|Nidoqueen, F, shiny|7\/100\n|move|p2a: \u76d0\u738b|Iron Defense|p2a: \u76d0\u738b\n|-boost|p2a: \u76d0\u738b|def|2\n|\n|-heal|p2a: \u76d0\u738b|94\/100|[from] item: Leftovers\n|upkeep\n|turn|7\n|\n|t:|1701008923\n|move|p2a: \u76d0\u738b|Iron Defense|p2a: \u76d0\u738b\n|-boost|p2a: \u76d0\u738b|def|2\n|move|p1a: Just Nemona...|Dragon Tail|p2a: \u76d0\u738b\n|-damage|p2a: \u76d0\u738b|92\/100\n|drag|p2a: \u5927\u54e5|Sneasler, M|100\/100\n|-damage|p2a: \u5927\u54e5|95\/100|[from] Stealth Rock\n|\n|upkeep\n|turn|8\n|\n|t:|1701008935\n|move|p2a: \u5927\u54e5|Close Combat|p1a: Just Nemona...\n|-resisted|p1a: Just Nemona...\n|-damage|p1a: Just Nemona...|0 fnt\n|-unboost|p2a: \u5927\u54e5|def|1\n|-unboost|p2a: \u5927\u54e5|spd|1\n|-enditem|p2a: \u5927\u54e5|White Herb\n|-clearnegativeboost|p2a: \u5927\u54e5|[silent]\n|faint|p1a: Just Nemona...\n|\n|upkeep\n|\n|t:|1701008946\n|switch|p1a: Star|Staraptor, M|36\/100\n|turn|9\n|\n|t:|1701008951\n|-terastallize|p2a: \u5927\u54e5|Flying\n|move|p2a: \u5927\u54e5|Dire Claw|p1a: Star\n|-damage|p1a: Star|0 fnt\n|faint|p1a: Star\n|\n|upkeep\n|\n|t:|1701008964\n|switch|p1a: Latias|Latias, F|100\/100\n|turn|10\n|\n|t:|1701008968\n|move|p2a: \u5927\u54e5|Acrobatics|p1a: Latias\n|-damage|p1a: Latias|46\/100\n|move|p1a: Latias|Calm Mind|p1a: Latias\n|-boost|p1a: Latias|spa|1\n|-boost|p1a: Latias|spd|1\n|\n|-heal|p1a: Latias|53\/100|[from] item: Leftovers\n|upkeep\n|turn|11\n|\n|t:|1701008978\n|move|p2a: \u5927\u54e5|Acrobatics|p1a: Latias\n|-damage|p1a: Latias|5\/100\n|move|p1a: Latias|Psychic|p2a: \u5927\u54e5\n|-damage|p2a: \u5927\u54e5|17\/100\n|\n|-heal|p1a: Latias|11\/100|[from] item: Leftovers\n|upkeep\n|turn|12\n|\n|t:|1701008995\n|switch|p1a: Hattrem|Hattrem, F|100\/100\n|move|p2a: \u5927\u54e5|Acrobatics|p1a: Hattrem\n|-damage|p1a: Hattrem|45\/100\n|\n|upkeep\n|turn|13\n|\n|t:|1701009011\n|move|p2a: \u5927\u54e5|Acrobatics|p1a: Hattrem\n|-damage|p1a: Hattrem|0 fnt\n|faint|p1a: Hattrem\n|\n|upkeep\n|\n|t:|1701009020\n|switch|p1a: Latias|Latias, F|100\/100\n|turn|14\n|\n|t:|1701009028\n|move|p2a: \u5927\u54e5|Acrobatics|p1a: Latias\n|-damage|p1a: Latias|0 fnt\n|replace|p1a: Heidi|Zoroark-Hisui, F\n|-end|p1a: Heidi|Illusion\n|faint|p1a: Heidi\n|\n|upkeep\n|\n|t:|1701009034\n|switch|p1a: Latias|Latias, F|11\/100\n|turn|15\n|\n|t:|1701009037\n|move|p2a: \u5927\u54e5|Acrobatics|p1a: Latias\n|-damage|p1a: Latias|0 fnt\n|faint|p1a: Latias\n|\n|win|lucky1111\n|raw|Technecium's rating: 1201 &rarr; <strong>1177<\/strong><br \/>(-24 for losing)\n|raw|lucky1111's rating: 1219 &rarr; <strong>1243<\/strong><br \/>(+24 for winning)\n|l|\u2606Technecium\n","uploadtime":1701009063,"views":13,"p1id":"technecium","p2id":"lucky1111","formatid":"gen9nationaldex","rating":1177,"private":0,"password":""}