{"id":"gen9nationaldex-1995219329","p1":"yaya_x3","p2":"MikazukiRex_","format":"[Gen 9] National Dex","log":"|html|<div class=\"broadcast-blue\"><strong>[Gen 9] National Dex is currently suspecting Sneasler! For information on how to participate check out the <a href=\"https:\/\/www.smogon.com\/forums\/threads\/sv-national-dex-suspect-8-just-dance.3731534\/\">suspect thread<\/a>.<\/strong><\/div>\n|j|\u2606yaya_x3\n|j|\u2606MikazukiRex_\n|t:|1700536087\n|gametype|singles\n|player|p1|yaya_x3|acetrainerf|\n|player|p2|MikazukiRex_|ltsurge|\n|teamsize|p1|6\n|teamsize|p2|6\n|gen|9\n|tier|[Gen 9] National Dex\n|rule|HP Percentage Mod: HP is shown in percentages\n|rule|Endless Battle Clause: Forcing endless battles is banned\n|rule|OHKO Clause: OHKO moves are banned\n|rule|Evasion Clause: Evasion abilities, items, and moves are banned\n|rule|Evasion Abilities Clause: Evasion abilities are banned\n|rule|Evasion Items Clause: Evasion items are banned\n|rule|Evasion Moves Clause: Evasion moves are banned\n|rule|Species Clause: Limit one of each Pok\u00e9mon\n|rule|Sleep Clause Mod: Limit one foe put to sleep\n|clearpoke\n|poke|p1|Iron Valiant|\n|poke|p1|Clefable, M|\n|poke|p1|Ampharos, F|\n|poke|p1|Rotom-Heat|\n|poke|p1|Audino, M|\n|poke|p1|Clodsire, M|\n|poke|p2|Zeraora|\n|poke|p2|Tapu Koko|\n|poke|p2|Rotom-Wash|\n|poke|p2|Zapdos|\n|poke|p2|Manectric, F|\n|poke|p2|Iron Leaves|\n|teampreview\n|c|\u2606MikazukiRex_|time or no time?\n|c|\u2606yaya_x3|no time ty\n|c|\u2606MikazukiRex_|and also glhf :)\n|\n|t:|1700536147\n|start\n|switch|p1a: Bob|Clodsire, M|100\/100\n|switch|p2a: Rotom|Rotom-Wash, shiny|100\/100\n|turn|1\n|\n|t:|1700536161\n|switch|p1a: Amazing Hair|Ampharos, F, shiny|100\/100\n|move|p2a: Rotom|Will-O-Wisp|p1a: Amazing Hair|[miss]\n|-miss|p2a: Rotom|p1a: Amazing Hair\n|\n|upkeep\n|turn|2\n|\n|t:|1700536175\n|switch|p1a: microwave|Rotom-Heat, shiny|100\/100\n|move|p2a: Rotom|Will-O-Wisp|p1a: microwave\n|-immune|p1a: microwave\n|\n|upkeep\n|turn|3\n|\n|t:|1700536188\n|move|p2a: Rotom|Hydro Pump|p1a: microwave\n|-supereffective|p1a: microwave\n|-damage|p1a: microwave|41\/100\n|move|p1a: microwave|Toxic|p2a: Rotom|[miss]\n|-miss|p1a: microwave|p2a: Rotom\n|\n|upkeep\n|turn|4\n|\n|t:|1700536205\n|switch|p1a: I d K|Audino, M|100\/100\n|move|p2a: Rotom|Hydro Pump|p1a: I d K|[miss]\n|-miss|p2a: Rotom|p1a: I d K\n|\n|upkeep\n|turn|5\n|\n|t:|1700536215\n|move|p2a: Rotom|Volt Switch|p1a: I d K\n|-damage|p1a: I d K|83\/100\n|\n|t:|1700536231\n|switch|p2a: Zeraora|Zeraora|100\/100|[from] Volt Switch\n|move|p1a: I d K|Trick Room|p1a: I d K\n|-fieldstart|move: Trick Room|[of] p1a: I d K\n|\n|-heal|p1a: I d K|90\/100|[from] item: Leftovers\n|upkeep\n|turn|6\n|\n|t:|1700536251\n|move|p1a: I d K|Reflect|p1a: I d K\n|-sidestart|p1: yaya_x3|Reflect\n|move|p2a: Zeraora|Knock Off|p1a: I d K\n|-damage|p1a: I d K|68\/100\n|-enditem|p1a: I d K|Leftovers|[from] move: Knock Off|[of] p2a: Zeraora\n|\n|upkeep\n|turn|7\n|\n|t:|1700536268\n|switch|p2a: Iron Leaves|Iron Leaves|100\/100\n|move|p1a: I d K|Wish|p1a: I d K\n|\n|upkeep\n|turn|8\n|\n|t:|1700536286\n|move|p1a: I d K|Toxic|p2a: Iron Leaves\n|-status|p2a: Iron Leaves|tox\n|move|p2a: Iron Leaves|Psyblade|p1a: I d K\n|-damage|p1a: I d K|47\/100\n|\n|-heal|p1a: I d K|97\/100|[from] move: Wish|[wisher] I d K\n|-damage|p2a: Iron Leaves|94\/100 tox|[from] psn\n|upkeep\n|turn|9\n|\n|t:|1700536299\n|-end|p2a: Iron Leaves|Quark Drive|[silent]\n|switch|p2a: Tapu Koko|Tapu Koko, shiny|100\/100\n|-fieldstart|move: Electric Terrain|[from] ability: Electric Surge|[of] p2a: Tapu Koko\n|move|p1a: I d K|Toxic|p2a: Tapu Koko\n|-status|p2a: Tapu Koko|tox\n|\n|-damage|p2a: Tapu Koko|94\/100 tox|[from] psn\n|-fieldend|move: Trick Room\n|upkeep\n|turn|10\n|\n|t:|1700536310\n|switch|p1a: Bob|Clodsire, M|100\/100\n|move|p2a: Tapu Koko|Volt Switch|p1a: Bob\n|-immune|p1a: Bob\n|\n|-damage|p2a: Tapu Koko|82\/100 tox|[from] psn\n|-sideend|p1: yaya_x3|Reflect\n|upkeep\n|turn|11\n|\n|t:|1700536334\n|move|p2a: Tapu Koko|Hidden Power|p1a: Bob\n|-supereffective|p1a: Bob\n|-damage|p1a: Bob|83\/100\n|move|p1a: Bob|Toxic Spikes|p2a: Tapu Koko\n|-sidestart|p2: MikazukiRex_|move: Toxic Spikes\n|\n|-heal|p1a: Bob|89\/100|[from] item: Black Sludge\n|-damage|p2a: Tapu Koko|64\/100 tox|[from] psn\n|upkeep\n|turn|12\n|\n|t:|1700536348\n|switch|p2a: Iron Leaves|Iron Leaves|94\/100 tox\n|-activate|p2a: Iron Leaves|ability: Quark Drive\n|-start|p2a: Iron Leaves|quarkdriveatk\n|move|p1a: Bob|Toxic Spikes|p2a: Iron Leaves\n|-sidestart|p2: MikazukiRex_|move: Toxic Spikes\n|\n|-heal|p1a: Bob|95\/100|[from] item: Black Sludge\n|-damage|p2a: Iron Leaves|88\/100 tox|[from] psn\n|upkeep\n|turn|13\n|\n|t:|1700536358\n|move|p1a: Bob|Protect|p1a: Bob\n|-singleturn|p1a: Bob|Protect\n|move|p2a: Iron Leaves|Trailblaze|p1a: Bob\n|-activate|p1a: Bob|move: Protect\n|\n|-heal|p1a: Bob|100\/100|[from] item: Black Sludge\n|-damage|p2a: Iron Leaves|76\/100 tox|[from] psn\n|upkeep\n|turn|14\n|\n|t:|1700536379\n|switch|p1a: I d K|Audino, M|100\/100\n|move|p2a: Iron Leaves|Trailblaze|p1a: I d K\n|-damage|p1a: I d K|69\/100\n|-boost|p2a: Iron Leaves|spe|1\n|\n|-damage|p2a: Iron Leaves|57\/100 tox|[from] psn\n|upkeep\n|turn|15\n|\n|t:|1700536397\n|move|p2a: Iron Leaves|Psyblade|p1a: I d K\n|-damage|p1a: I d K|0 fnt\n|faint|p1a: I d K\n|\n|-damage|p2a: Iron Leaves|32\/100 tox|[from] psn\n|upkeep\n|\n|t:|1700536407\n|switch|p1a: Twinkle|Clefable, M|100\/100\n|turn|16\n|\n|t:|1700536450\n|move|p2a: Iron Leaves|Psyblade|p1a: Twinkle\n|-damage|p1a: Twinkle|33\/100\n|-damage|p2a: Iron Leaves|16\/100 tox|[from] item: Rocky Helmet|[of] p1a: Twinkle\n|move|p1a: Twinkle|Light Screen|p1a: Twinkle\n|-sidestart|p1: yaya_x3|move: Light Screen\n|\n|-damage|p2a: Iron Leaves|0 fnt|[from] psn\n|faint|p2a: Iron Leaves\n|-end|p2a: Iron Leaves|Quark Drive|[silent]\n|-fieldend|move: Electric Terrain\n|upkeep\n|\n|t:|1700536475\n|switch|p2a: Zeraora|Zeraora|100\/100\n|-status|p2a: Zeraora|tox\n|turn|17\n|\n|t:|1700536494\n|switch|p1a: Amazing Hair|Ampharos, F, shiny|100\/100\n|move|p2a: Zeraora|Close Combat|p1a: Amazing Hair\n|-damage|p1a: Amazing Hair|46\/100\n|-unboost|p2a: Zeraora|def|1\n|-unboost|p2a: Zeraora|spd|1\n|\n|-damage|p2a: Zeraora|95\/100 tox|[from] psn\n|upkeep\n|turn|18\n|\n|t:|1700536519\n|detailschange|p1a: Amazing Hair|Ampharos-Mega, F, shiny\n|-mega|p1a: Amazing Hair|Ampharos|Ampharosite\n|-ability|p1a: Amazing Hair|Mold Breaker\n|move|p2a: Zeraora|Close Combat|p1a: Amazing Hair\n|-damage|p1a: Amazing Hair|2\/100\n|-unboost|p2a: Zeraora|def|1\n|-unboost|p2a: Zeraora|spd|1\n|move|p1a: Amazing Hair|Rest|p1a: Amazing Hair\n|-status|p1a: Amazing Hair|slp|[from] move: Rest\n|-heal|p1a: Amazing Hair|100\/100 slp|[silent]\n|\n|-damage|p2a: Zeraora|83\/100 tox|[from] psn\n|upkeep\n|turn|19\n|c|\u2606MikazukiRex_|damn\n|\n|t:|1700536546\n|switch|p1a: Bob|Clodsire, M|100\/100\n|move|p2a: Zeraora|Close Combat|p1a: Bob\n|-resisted|p1a: Bob\n|-damage|p1a: Bob|67\/100\n|-unboost|p2a: Zeraora|def|1\n|-unboost|p2a: Zeraora|spd|1\n|\n|-heal|p1a: Bob|73\/100|[from] item: Black Sludge\n|-damage|p2a: Zeraora|65\/100 tox|[from] psn\n|upkeep\n|turn|20\n|\n|t:|1700536561\n|switch|p2a: Zapdos|Zapdos|100\/100\n|switch|p1a: Amazing Hair|Ampharos-Mega, F, shiny|100\/100 slp\n|-ability|p1a: Amazing Hair|Mold Breaker\n|\n|-sideend|p1: yaya_x3|move: Light Screen\n|upkeep\n|turn|21\n|\n|t:|1700536608\n|move|p2a: Zapdos|Hurricane|p1a: Amazing Hair|[miss]\n|-miss|p2a: Zapdos|p1a: Amazing Hair\n|cant|p1a: Amazing Hair|slp\n|move|p1a: Amazing Hair|Sleep Talk|p1a: Amazing Hair\n|move|p1a: Amazing Hair|Seismic Toss|p2a: Zapdos|[from]move: Sleep Talk\n|-damage|p2a: Zapdos|69\/100\n|\n|upkeep\n|turn|22\n|\n|t:|1700536618\n|move|p2a: Zapdos|Hurricane|p1a: Amazing Hair\n|-resisted|p1a: Amazing Hair\n|-damage|p1a: Amazing Hair|83\/100 slp\n|-start|p1a: Amazing Hair|confusion\n|cant|p1a: Amazing Hair|slp\n|-activate|p1a: Amazing Hair|confusion\n|move|p1a: Amazing Hair|Sleep Talk|p1a: Amazing Hair\n|move|p1a: Amazing Hair|Rest||[from]move: Sleep Talk|[still]\n|-fail|p1a: Amazing Hair\n|\n|upkeep\n|turn|23\n|\n|t:|1700536628\n|switch|p2a: Tapu Koko|Tapu Koko, shiny|64\/100 tox\n|-fieldstart|move: Electric Terrain|[from] ability: Electric Surge|[of] p2a: Tapu Koko\n|-curestatus|p1a: Amazing Hair|slp|[msg]\n|-activate|p1a: Amazing Hair|confusion\n|move|p1a: Amazing Hair|Cotton Guard|p1a: Amazing Hair\n|-boost|p1a: Amazing Hair|def|3\n|\n|-damage|p2a: Tapu Koko|58\/100 tox|[from] psn\n|upkeep\n|turn|24\n|\n|t:|1700536640\n|move|p2a: Tapu Koko|Dazzling Gleam|p1a: Amazing Hair\n|-supereffective|p1a: Amazing Hair\n|-damage|p1a: Amazing Hair|40\/100\n|-end|p1a: Amazing Hair|confusion\n|move|p1a: Amazing Hair|Seismic Toss|p2a: Tapu Koko\n|-damage|p2a: Tapu Koko|23\/100 tox\n|\n|-damage|p2a: Tapu Koko|10\/100 tox|[from] psn\n|upkeep\n|turn|25\n|\n|t:|1700536650\n|move|p2a: Tapu Koko|Dazzling Gleam|p1a: Amazing Hair\n|-supereffective|p1a: Amazing Hair\n|-damage|p1a: Amazing Hair|2\/100\n|move|p1a: Amazing Hair|Rest||[still]\n|-activate|p1a: Amazing Hair|move: Electric Terrain\n|-fail|p1a: Amazing Hair\n|\n|-damage|p2a: Tapu Koko|0 fnt|[from] psn\n|faint|p2a: Tapu Koko\n|upkeep\n|c|\u2606MikazukiRex_|dude\n|\n|t:|1700536668\n|switch|p2a: Zapdos|Zapdos|69\/100\n|turn|26\n|\n|t:|1700536682\n|switch|p1a: Bob|Clodsire, M|73\/100\n|move|p2a: Zapdos|Hidden Power|p1a: Bob\n|-supereffective|p1a: Bob\n|-damage|p1a: Bob|48\/100\n|\n|-heal|p1a: Bob|54\/100|[from] item: Black Sludge\n|upkeep\n|turn|27\n|\n|t:|1700536698\n|switch|p2a: Rotom|Rotom-Wash, shiny|100\/100\n|move|p1a: Bob|Recover|p1a: Bob\n|-heal|p1a: Bob|100\/100\n|\n|upkeep\n|turn|28\n|\n|t:|1700536708\n|move|p2a: Rotom|Hydro Pump|p1a: Bob|[miss]\n|-miss|p2a: Rotom|p1a: Bob\n|move|p1a: Bob|Toxic|p2a: Rotom\n|-status|p2a: Rotom|tox\n|\n|-damage|p2a: Rotom|94\/100 tox|[from] psn\n|upkeep\n|turn|29\n|\n|t:|1700536738\n|switch|p1a: microwave|Rotom-Heat, shiny|41\/100\n|move|p2a: Rotom|Hydro Pump|p1a: microwave|[miss]\n|-miss|p2a: Rotom|p1a: microwave\n|\n|-heal|p2a: Rotom|100\/100 tox|[from] item: Leftovers\n|-damage|p2a: Rotom|88\/100 tox|[from] psn\n|upkeep\n|turn|30\n|\n|t:|1700536748\n|move|p1a: microwave|Protect|p1a: microwave\n|-singleturn|p1a: microwave|Protect\n|move|p2a: Rotom|Hydro Pump|p1a: microwave\n|-activate|p1a: microwave|move: Protect\n|\n|-heal|p2a: Rotom|94\/100 tox|[from] item: Leftovers\n|-damage|p2a: Rotom|75\/100 tox|[from] psn\n|-fieldend|move: Electric Terrain\n|upkeep\n|turn|31\n|\n|t:|1700536762\n|move|p2a: Rotom|Hydro Pump|p1a: microwave\n|-supereffective|p1a: microwave\n|-damage|p1a: microwave|0 fnt\n|faint|p1a: microwave\n|\n|-heal|p2a: Rotom|82\/100 tox|[from] item: Leftovers\n|-damage|p2a: Rotom|57\/100 tox|[from] psn\n|upkeep\n|\n|t:|1700536771\n|switch|p1a: Iron Bot|Iron Valiant, shiny|100\/100\n|turn|32\n|\n|t:|1700536802\n|-terastallize|p2a: Rotom|Steel\n|move|p1a: Iron Bot|Substitute|p1a: Iron Bot\n|-start|p1a: Iron Bot|Substitute\n|-damage|p1a: Iron Bot|76\/100\n|move|p2a: Rotom|Will-O-Wisp||[still]\n|-fail|p2a: Rotom\n|\n|-heal|p2a: Rotom|63\/100 tox|[from] item: Leftovers\n|-damage|p2a: Rotom|32\/100 tox|[from] psn\n|upkeep\n|turn|33\n|\n|t:|1700536820\n|move|p1a: Iron Bot|Encore|p2a: Rotom\n|-start|p2a: Rotom|Encore\n|move|p2a: Rotom|Will-O-Wisp||[still]\n|-fail|p2a: Rotom\n|\n|-heal|p2a: Rotom|38\/100 tox|[from] item: Leftovers\n|-damage|p2a: Rotom|0 fnt|[from] psn\n|faint|p2a: Rotom\n|upkeep\n|\n|t:|1700536846\n|switch|p2a: Manectric|Manectric, F, shiny|100\/100\n|-status|p2a: Manectric|tox\n|turn|34\n|\n|t:|1700536859\n|detailschange|p2a: Manectric|Manectric-Mega, F, shiny\n|-mega|p2a: Manectric|Manectric|Manectite\n|-ability|p2a: Manectric|Intimidate|boost\n|-immune|p1a: Iron Bot\n|-terastallize|p1a: Iron Bot|Ground\n|move|p2a: Manectric|Flamethrower|p1a: Iron Bot\n|-end|p1a: Iron Bot|Substitute\n|move|p1a: Iron Bot|Calm Mind|p1a: Iron Bot\n|-boost|p1a: Iron Bot|spa|1\n|-boost|p1a: Iron Bot|spd|1\n|\n|-damage|p2a: Manectric|94\/100 tox|[from] psn\n|upkeep\n|turn|35\n|\n|t:|1700536874\n|move|p2a: Manectric|Hidden Power|p1a: Iron Bot\n|-supereffective|p1a: Iron Bot\n|-damage|p1a: Iron Bot|27\/100\n|move|p1a: Iron Bot|Moonblast|p2a: Manectric\n|-damage|p2a: Manectric|0 fnt\n|faint|p2a: Manectric\n|\n|upkeep\n|\n|t:|1700536882\n|switch|p2a: Zapdos|Zapdos|69\/100\n|turn|36\n|\n|t:|1700536898\n|move|p2a: Zapdos|Hidden Power|p1a: Iron Bot\n|-supereffective|p1a: Iron Bot\n|-damage|p1a: Iron Bot|0 fnt\n|faint|p1a: Iron Bot\n|-end|p1a: Iron Bot|Quark Drive|[silent]\n|\n|upkeep\n|\n|t:|1700536916\n|switch|p1a: Twinkle|Clefable, M|33\/100\n|turn|37\n|\n|t:|1700536921\n|move|p2a: Zapdos|Hidden Power|p1a: Twinkle\n|-damage|p1a: Twinkle|14\/100\n|move|p1a: Twinkle|Moonlight|p1a: Twinkle\n|-heal|p1a: Twinkle|64\/100\n|\n|upkeep\n|turn|38\n|\n|t:|1700536928\n|switch|p2a: Zeraora|Zeraora|65\/100 tox\n|move|p1a: Twinkle|Reflect|p1a: Twinkle\n|-sidestart|p1: yaya_x3|Reflect\n|\n|-damage|p2a: Zeraora|59\/100 tox|[from] psn\n|upkeep\n|turn|39\n|\n|t:|1700536942\n|move|p2a: Zeraora|Plasma Fists|p1a: Twinkle\n|-damage|p1a: Twinkle|34\/100\n|-fieldactivate|move: Ion Deluge\n|-hint|Normal-type moves become Electric-type after using Plasma Fists.\n|-damage|p2a: Zeraora|42\/100 tox|[from] item: Rocky Helmet|[of] p1a: Twinkle\n|move|p1a: Twinkle|Moonlight|p1a: Twinkle\n|-heal|p1a: Twinkle|84\/100\n|\n|-damage|p2a: Zeraora|30\/100 tox|[from] psn\n|upkeep\n|turn|40\n|c|\u2606MikazukiRex_|ggs\n|\n|t:|1700536955\n|move|p2a: Zeraora|Plasma Fists|p1a: Twinkle\n|-damage|p1a: Twinkle|53\/100\n|-fieldactivate|move: Ion Deluge\n|-hint|Normal-type moves become Electric-type after using Plasma Fists.\n|-damage|p2a: Zeraora|14\/100 tox|[from] item: Rocky Helmet|[of] p1a: Twinkle\n|move|p1a: Twinkle|Light Screen|p1a: Twinkle\n|-sidestart|p1: yaya_x3|move: Light Screen\n|\n|-damage|p2a: Zeraora|0 fnt|[from] psn\n|faint|p2a: Zeraora\n|upkeep\n|\n|t:|1700536964\n|switch|p2a: Zapdos|Zapdos|69\/100\n|turn|41\n|\n|t:|1700536971\n|move|p2a: Zapdos|Hurricane|p1a: Twinkle|[miss]\n|-miss|p2a: Zapdos|p1a: Twinkle\n|move|p1a: Twinkle|Toxic|p2a: Zapdos\n|-status|p2a: Zapdos|tox\n|\n|-damage|p2a: Zapdos|63\/100 tox|[from] psn\n|upkeep\n|turn|42\n|\n|t:|1700536979\n|move|p2a: Zapdos|Hurricane|p1a: Twinkle\n|-damage|p1a: Twinkle|27\/100\n|-start|p1a: Twinkle|confusion\n|-activate|p1a: Twinkle|confusion\n|move|p1a: Twinkle|Moonlight|p1a: Twinkle\n|-heal|p1a: Twinkle|77\/100\n|\n|-damage|p2a: Zapdos|51\/100 tox|[from] psn\n|-sideend|p1: yaya_x3|Reflect\n|upkeep\n|turn|43\n|\n|t:|1700536989\n|move|p2a: Zapdos|Hurricane|p1a: Twinkle\n|-damage|p1a: Twinkle|52\/100\n|-activate|p1a: Twinkle|confusion\n|-damage|p1a: Twinkle|47\/100|[from] confusion\n|\n|-damage|p2a: Zapdos|32\/100 tox|[from] psn\n|upkeep\n|turn|44\n|\n|t:|1700536996\n|move|p2a: Zapdos|Hurricane|p1a: Twinkle\n|-damage|p1a: Twinkle|24\/100\n|-end|p1a: Twinkle|confusion\n|move|p1a: Twinkle|Moonlight|p1a: Twinkle\n|-heal|p1a: Twinkle|74\/100\n|\n|-damage|p2a: Zapdos|7\/100 tox|[from] psn\n|-sideend|p1: yaya_x3|move: Light Screen\n|upkeep\n|turn|45\n|\n|t:|1700537006\n|move|p2a: Zapdos|Hurricane|p1a: Twinkle|[miss]\n|-miss|p2a: Zapdos|p1a: Twinkle\n|move|p1a: Twinkle|Moonlight|p1a: Twinkle\n|-heal|p1a: Twinkle|100\/100\n|\n|-damage|p2a: Zapdos|0 fnt|[from] psn\n|faint|p2a: Zapdos\n|\n|win|yaya_x3\n|upkeep\n|l|\u2606MikazukiRex_\n","uploadtime":1700537029,"views":23,"p1id":"yayax3","p2id":"mikazukirex","formatid":"gen9nationaldex","rating":0,"private":0,"password":""}