{"id":"gen9nationaldex-1996756923","p1":"AxolotlNumber2","p2":"Meb78910","format":"[Gen 9] National Dex","log":"|html|<div class=\"broadcast-blue\"><strong>[Gen 9] National Dex is currently suspecting Sneasler! For information on how to participate check out the <a href=\"https:\/\/www.smogon.com\/forums\/threads\/sv-national-dex-suspect-8-just-dance.3731534\/\">suspect thread<\/a>.<\/strong><\/div>\n|j|\u2606AxolotlNumber2\n|j|\u2606Meb78910\n|t:|1700720007\n|gametype|singles\n|player|p1|AxolotlNumber2|firebreather|1148\n|player|p2|Meb78910|1|1097\n|teamsize|p1|6\n|teamsize|p2|6\n|gen|9\n|tier|[Gen 9] National Dex\n|rated|\n|rule|HP Percentage Mod: HP is shown in percentages\n|rule|Endless Battle Clause: Forcing endless battles is banned\n|rule|OHKO Clause: OHKO moves are banned\n|rule|Evasion Clause: Evasion abilities, items, and moves are banned\n|rule|Evasion Abilities Clause: Evasion abilities are banned\n|rule|Evasion Items Clause: Evasion items are banned\n|rule|Evasion Moves Clause: Evasion moves are banned\n|rule|Species Clause: Limit one of each Pok\u00e9mon\n|rule|Sleep Clause Mod: Limit one foe put to sleep\n|clearpoke\n|poke|p1|Blastoise, M|\n|poke|p1|Azumarill, M|\n|poke|p1|Vivillon-Icy Snow, F|\n|poke|p1|Amoonguss, M|\n|poke|p1|Iron Valiant|\n|poke|p1|Glimmora, M|\n|poke|p2|Venusaur, M|\n|poke|p2|Arcanine-Hisui, F|\n|poke|p2|Ninetales-Alola, F|\n|poke|p2|Skarmory, F|\n|poke|p2|Starmie|\n|poke|p2|Togekiss, F|\n|teampreview\n|c|\u2606AxolotlNumber2|glhf\n|inactive|Battle timer is ON: inactive players will automatically lose when time's up. (requested by AxolotlNumber2)\n|\n|t:|1700720017\n|start\n|switch|p1a: Glimmora|Glimmora, M|100\/100\n|switch|p2a: Ninetales|Ninetales-Alola, F|100\/100\n|-weather|Snow|[from] ability: Snow Warning|[of] p2a: Ninetales\n|turn|1\n|\n|t:|1700720028\n|move|p2a: Ninetales|Aurora Veil|p2a: Ninetales\n|-sidestart|p2: Meb78910|move: Aurora Veil\n|move|p1a: Glimmora|Mortal Spin|p2a: Ninetales\n|-supereffective|p2a: Ninetales\n|-damage|p2a: Ninetales|93\/100\n|-status|p2a: Ninetales|psn\n|\n|-weather|Snow|[upkeep]\n|-damage|p2a: Ninetales|81\/100 psn|[from] psn\n|upkeep\n|turn|2\n|\n|t:|1700720044\n|move|p2a: Ninetales|Blizzard|p1a: Glimmora\n|-damage|p1a: Glimmora|41\/100\n|move|p1a: Glimmora|Stealth Rock|p2a: Ninetales\n|-sidestart|p2: Meb78910|move: Stealth Rock\n|\n|-weather|Snow|[upkeep]\n|-damage|p2a: Ninetales|68\/100 psn|[from] psn\n|upkeep\n|turn|3\n|\n|t:|1700720061\n|switch|p1a: Tortel|Blastoise, M|100\/100\n|move|p2a: Ninetales|Blizzard|p1a: Tortel\n|-resisted|p1a: Tortel\n|-damage|p1a: Tortel|78\/100\n|\n|-weather|Snow|[upkeep]\n|-damage|p2a: Ninetales|56\/100 psn|[from] psn\n|upkeep\n|turn|4\n|\n|t:|1700720072\n|switch|p2a: Starmie|Starmie|100\/100\n|-damage|p2a: Starmie|88\/100|[from] Stealth Rock\n|move|p1a: Tortel|Shell Smash|p1a: Tortel\n|-unboost|p1a: Tortel|def|1\n|-unboost|p1a: Tortel|spd|1\n|-boost|p1a: Tortel|atk|2\n|-boost|p1a: Tortel|spa|2\n|-boost|p1a: Tortel|spe|2\n|\n|-weather|Snow|[upkeep]\n|upkeep\n|turn|5\n|\n|t:|1700720085\n|move|p1a: Tortel|Dark Pulse|p2a: Starmie\n|-supereffective|p2a: Starmie\n|-damage|p2a: Starmie|46\/100\n|move|p2a: Starmie|Rapid Spin|p1a: Tortel\n|-damage|p1a: Tortel|64\/100\n|-boost|p2a: Starmie|spe|1\n|-sideend|p2: Meb78910|Stealth Rock|[from] move: Rapid Spin|[of] p2a: Starmie\n|\n|-weather|none\n|upkeep\n|turn|6\n|\n|t:|1700720111\n|switch|p2a: Venusaur|Venusaur, M|100\/100\n|move|p1a: Tortel|Dark Pulse|p2a: Venusaur\n|-damage|p2a: Venusaur|81\/100\n|\n|upkeep\n|turn|7\n|\n|t:|1700720120\n|move|p1a: Tortel|Ice Beam|p2a: Venusaur\n|-supereffective|p2a: Venusaur\n|-damage|p2a: Venusaur|38\/100\n|move|p2a: Venusaur|Giga Drain|p1a: Tortel\n|-supereffective|p1a: Tortel\n|-damage|p1a: Tortel|0 fnt\n|-heal|p2a: Venusaur|65\/100|[from] drain|[of] p1a: Tortel\n|faint|p1a: Tortel\n|\n|upkeep\n|\n|t:|1700720129\n|switch|p1a: Vivillon|Vivillon-Icy Snow, F|100\/100\n|turn|8\n|inactive|Meb78910 has 120 seconds left.\n|\n|t:|1700720156\n|switch|p1a: Amoonguss|Amoonguss, M|100\/100\n|switch|p2a: Ninetales|Ninetales-Alola, F|56\/100 psn\n|-weather|Snow|[from] ability: Snow Warning|[of] p2a: Ninetales\n|\n|-weather|Snow|[upkeep]\n|-damage|p2a: Ninetales|43\/100 psn|[from] psn\n|-sideend|p2: Meb78910|move: Aurora Veil\n|upkeep\n|turn|9\n|inactive|Meb78910 has 120 seconds left.\n|\n|t:|1700720175\n|move|p2a: Ninetales|Aurora Veil|p2a: Ninetales\n|-sidestart|p2: Meb78910|move: Aurora Veil\n|move|p1a: Amoonguss|Spore||[still]\n|-fail|p1a: Amoonguss\n|\n|-weather|Snow|[upkeep]\n|-damage|p2a: Ninetales|31\/100 psn|[from] psn\n|upkeep\n|turn|10\n|inactive|Meb78910 has 120 seconds left.\n|\n|t:|1700720187\n|move|p2a: Ninetales|Blizzard|p1a: Amoonguss\n|-supereffective|p1a: Amoonguss\n|-damage|p1a: Amoonguss|27\/100\n|move|p1a: Amoonguss|Hex|p2a: Ninetales\n|-damage|p2a: Ninetales|7\/100 psn\n|\n|-weather|Snow|[upkeep]\n|-heal|p1a: Amoonguss|33\/100|[from] item: Leftovers\n|-damage|p2a: Ninetales|0 fnt|[from] psn\n|faint|p2a: Ninetales\n|upkeep\n|\n|t:|1700720202\n|switch|p2a: Arcanine|Arcanine-Hisui, F|100\/100\n|turn|11\n|\n|t:|1700720207\n|switch|p1a: Glimmora|Glimmora, M|41\/100\n|move|p2a: Arcanine|Flare Blitz|p1a: Glimmora\n|-resisted|p1a: Glimmora\n|-damage|p1a: Glimmora|5\/100\n|-activate|p1a: Glimmora|ability: Toxic Debris\n|-sidestart|p2: Meb78910|move: Toxic Spikes\n|\n|-weather|Snow|[upkeep]\n|upkeep\n|turn|12\n|inactive|Meb78910 has 120 seconds left.\n|\n|t:|1700720217\n|move|p2a: Arcanine|Flare Blitz|p1a: Glimmora\n|-resisted|p1a: Glimmora\n|-damage|p1a: Glimmora|0 fnt\n|-activate|p1a: Glimmora|ability: Toxic Debris\n|-sidestart|p2: Meb78910|move: Toxic Spikes\n|faint|p1a: Glimmora\n|\n|-weather|none\n|upkeep\n|\n|t:|1700720226\n|switch|p1a: Azumarill|Azumarill, M|100\/100\n|turn|13\n|inactive|Meb78910 has 120 seconds left.\n|\n|t:|1700720236\n|switch|p2a: Venusaur|Venusaur, M|65\/100\n|-sideend|p2: Meb78910|move: Toxic Spikes|[of] p2a: Venusaur\n|-zpower|p1a: Azumarill\n|move|p1a: Azumarill|Z-Belly Drum|p1a: Azumarill|[anim]Belly Drum\n|-damage|p1a: Azumarill|51\/100\n|-setboost|p1a: Azumarill|atk|6|[from] move: Belly Drum\n|\n|upkeep\n|turn|14\n|inactive|Meb78910 has 120 seconds left.\n|\n|t:|1700720251\n|detailschange|p2a: Venusaur|Venusaur-Mega, M\n|-mega|p2a: Venusaur|Venusaur|Venusaurite\n|move|p2a: Venusaur|Giga Drain|p1a: Azumarill\n|-supereffective|p1a: Azumarill\n|-damage|p1a: Azumarill|0 fnt\n|-heal|p2a: Venusaur|95\/100|[from] drain|[of] p1a: Azumarill\n|faint|p1a: Azumarill\n|\n|upkeep\n|\n|t:|1700720261\n|switch|p1a: Iron Valiant|Iron Valiant|100\/100\n|-enditem|p1a: Iron Valiant|Booster Energy\n|-activate|p1a: Iron Valiant|ability: Quark Drive|[fromitem]\n|-start|p1a: Iron Valiant|quarkdrivespe\n|turn|15\n|\n|t:|1700720274\n|move|p1a: Iron Valiant|Swords Dance|p1a: Iron Valiant\n|-boost|p1a: Iron Valiant|atk|2\n|move|p2a: Venusaur|Leech Seed|p1a: Iron Valiant\n|-start|p1a: Iron Valiant|move: Leech Seed\n|\n|-damage|p1a: Iron Valiant|88\/100|[from] Leech Seed|[of] p2a: Venusaur\n|-heal|p2a: Venusaur|100\/100|[silent]\n|upkeep\n|turn|16\n|inactive|Meb78910 has 120 seconds left.\n|\n|t:|1700720291\n|move|p1a: Iron Valiant|Psycho Cut|p2a: Venusaur\n|-supereffective|p2a: Venusaur\n|-damage|p2a: Venusaur|67\/100\n|move|p2a: Venusaur|Sludge Bomb|p1a: Iron Valiant\n|-supereffective|p1a: Iron Valiant\n|-crit|p1a: Iron Valiant\n|-damage|p1a: Iron Valiant|0 fnt\n|faint|p1a: Iron Valiant\n|-end|p1a: Iron Valiant|Quark Drive|[silent]\n|\n|-sideend|p2: Meb78910|move: Aurora Veil\n|upkeep\n|\n|t:|1700720302\n|switch|p1a: Vivillon|Vivillon-Icy Snow, F|100\/100\n|turn|17\n|\n|t:|1700720311\n|move|p1a: Vivillon|Quiver Dance|p1a: Vivillon\n|-boost|p1a: Vivillon|spa|1\n|-boost|p1a: Vivillon|spd|1\n|-boost|p1a: Vivillon|spe|1\n|move|p2a: Venusaur|Giga Drain|p1a: Vivillon\n|-resisted|p1a: Vivillon\n|-damage|p1a: Vivillon|88\/100\n|-heal|p2a: Venusaur|73\/100|[from] drain|[of] p1a: Vivillon\n|\n|upkeep\n|turn|18\n|\n|t:|1700720321\n|switch|p2a: Skarmory|Skarmory, F|100\/100\n|move|p1a: Vivillon|Quiver Dance|p1a: Vivillon\n|-boost|p1a: Vivillon|spa|1\n|-boost|p1a: Vivillon|spd|1\n|-boost|p1a: Vivillon|spe|1\n|\n|upkeep\n|turn|19\n|\n|t:|1700720328\n|move|p1a: Vivillon|Sleep Powder|p2a: Skarmory\n|-status|p2a: Skarmory|slp|[from] move: Sleep Powder\n|cant|p2a: Skarmory|slp\n|\n|upkeep\n|turn|20\n|\n|t:|1700720335\n|move|p1a: Vivillon|Hurricane|p2a: Skarmory\n|-resisted|p2a: Skarmory\n|-damage|p2a: Skarmory|35\/100 slp\n|-start|p2a: Skarmory|confusion\n|cant|p2a: Skarmory|slp\n|\n|upkeep\n|turn|21\n|\n|t:|1700720343\n|move|p1a: Vivillon|Hurricane|p2a: Skarmory\n|-resisted|p2a: Skarmory\n|-damage|p2a: Skarmory|0 fnt\n|faint|p2a: Skarmory\n|\n|upkeep\n|\n|t:|1700720353\n|switch|p2a: Arcanine|Arcanine-Hisui, F|100\/100\n|turn|22\n|\n|t:|1700720363\n|move|p1a: Vivillon|Sleep Powder|p2a: Arcanine\n|-status|p2a: Arcanine|slp|[from] move: Sleep Powder\n|cant|p2a: Arcanine|slp\n|\n|upkeep\n|turn|23\n|\n|t:|1700720370\n|move|p1a: Vivillon|Giga Drain|p2a: Arcanine\n|-damage|p2a: Arcanine|57\/100 slp\n|-heal|p1a: Vivillon|100\/100|[from] drain|[of] p2a: Arcanine\n|cant|p2a: Arcanine|slp\n|\n|upkeep\n|turn|24\n|\n|t:|1700720377\n|move|p1a: Vivillon|Giga Drain|p2a: Arcanine\n|-damage|p2a: Arcanine|9\/100 slp\n|-curestatus|p2a: Arcanine|slp|[msg]\n|move|p2a: Arcanine|Flare Blitz|p1a: Vivillon\n|-supereffective|p1a: Vivillon\n|-enditem|p1a: Vivillon|Focus Sash\n|-damage|p1a: Vivillon|1\/100\n|-status|p1a: Vivillon|brn\n|\n|-damage|p1a: Vivillon|0 fnt|[from] brn\n|faint|p1a: Vivillon\n|upkeep\n|-message|AxolotlNumber2 forfeited.\n|\n|win|Meb78910\n|raw|AxolotlNumber2's rating: 1148 &rarr; <strong>1119<\/strong><br \/>(-29 for losing)\n|raw|Meb78910's rating: 1097 &rarr; <strong>1126<\/strong><br \/>(+29 for winning)\n|l|\u2606AxolotlNumber2\n","uploadtime":1700720402,"views":9,"p1id":"axolotlnumber2","p2id":"meb78910","formatid":"gen9nationaldex","rating":1119,"private":0,"password":""}