{"id":"gen9nationaldex-1999931702","p1":"ItsEvan369","p2":"EvaroTheFox","format":"[Gen 9] National Dex","log":"|html|<div class=\"broadcast-blue\"><strong>[Gen 9] National Dex is currently suspecting Sneasler! For information on how to participate check out the <a href=\"https:\/\/www.smogon.com\/forums\/threads\/sv-national-dex-suspect-8-just-dance.3731534\/\">suspect thread<\/a>.<\/strong><\/div>\n|j|\u2606ItsEvan369\n|j|\u2606EvaroTheFox\n|t:|1701131513\n|gametype|singles\n|player|p1|ItsEvan369|red|1074\n|player|p2|EvaroTheFox|preschooler|1125\n|teamsize|p1|6\n|teamsize|p2|6\n|gen|9\n|tier|[Gen 9] National Dex\n|rated|\n|rule|HP Percentage Mod: HP is shown in percentages\n|rule|Endless Battle Clause: Forcing endless battles is banned\n|rule|OHKO Clause: OHKO moves are banned\n|rule|Evasion Clause: Evasion abilities, items, and moves are banned\n|rule|Evasion Abilities Clause: Evasion abilities are banned\n|rule|Evasion Items Clause: Evasion items are banned\n|rule|Evasion Moves Clause: Evasion moves are banned\n|rule|Species Clause: Limit one of each Pok\u00e9mon\n|rule|Sleep Clause Mod: Limit one foe put to sleep\n|clearpoke\n|poke|p1|Charizard, M|\n|poke|p1|Umbreon, M|\n|poke|p1|Pikachu, M|\n|poke|p1|Hitmonchan, M|\n|poke|p1|Marowak, M|\n|poke|p1|Lapras, F|\n|poke|p2|Smeargle, M|\n|poke|p2|Azumarill, M|\n|poke|p2|Leafeon, M|\n|poke|p2|Ninetales, F|\n|poke|p2|Reuniclus, M|\n|poke|p2|Honchkrow, M|\n|teampreview\n|\n|t:|1701131530\n|start\n|switch|p1a: Lapras|Lapras, F|100\/100\n|switch|p2a: Honchkrow|Honchkrow, M|100\/100\n|turn|1\n|\n|t:|1701131539\n|-terastallize|p1a: Lapras|Ice\n|move|p1a: Lapras|Ice Beam|p2a: Honchkrow\n|-supereffective|p2a: Honchkrow\n|-crit|p2a: Honchkrow\n|-damage|p2a: Honchkrow|0 fnt\n|faint|p2a: Honchkrow\n|\n|upkeep\n|\n|t:|1701131550\n|switch|p2a: Ninetales|Ninetales, F|100\/100\n|-weather|SunnyDay|[from] ability: Drought|[of] p2a: Ninetales\n|turn|2\n|inactive|Battle timer is ON: inactive players will automatically lose when time's up. (requested by ItsEvan369)\n|\n|t:|1701131557\n|move|p2a: Ninetales|Flamethrower|p1a: Lapras\n|-supereffective|p1a: Lapras\n|-damage|p1a: Lapras|6\/100\n|move|p1a: Lapras|Hydro Pump|p2a: Ninetales\n|-supereffective|p2a: Ninetales\n|-damage|p2a: Ninetales|54\/100\n|\n|-weather|SunnyDay|[upkeep]\n|-heal|p1a: Lapras|12\/100|[from] item: Leftovers\n|upkeep\n|turn|3\n|\n|t:|1701131567\n|move|p2a: Ninetales|Flamethrower|p1a: Lapras\n|-supereffective|p1a: Lapras\n|-damage|p1a: Lapras|0 fnt\n|faint|p1a: Lapras\n|\n|-weather|SunnyDay|[upkeep]\n|upkeep\n|\n|t:|1701131574\n|switch|p1a: Marowak|Marowak, M|100\/100\n|turn|4\n|\n|t:|1701131577\n|move|p2a: Ninetales|Solar Beam||[still]\n|-prepare|p2a: Ninetales|Solar Beam\n|-anim|p2a: Ninetales|Solar Beam|p1a: Marowak\n|-supereffective|p1a: Marowak\n|-damage|p1a: Marowak|6\/100\n|move|p1a: Marowak|Earthquake|p2a: Ninetales\n|-supereffective|p2a: Ninetales\n|-crit|p2a: Ninetales\n|-damage|p2a: Ninetales|0 fnt\n|faint|p2a: Ninetales\n|\n|-weather|SunnyDay|[upkeep]\n|upkeep\n|\n|t:|1701131592\n|switch|p2a: Leafeon|Leafeon, M|100\/100\n|turn|5\n|\n|t:|1701131597\n|move|p2a: Leafeon|Swords Dance|p2a: Leafeon\n|-boost|p2a: Leafeon|atk|2\n|move|p1a: Marowak|Bonemerang|p2a: Leafeon\n|-resisted|p2a: Leafeon\n|-damage|p2a: Leafeon|83\/100\n|-resisted|p2a: Leafeon\n|-damage|p2a: Leafeon|63\/100\n|-hitcount|p2a: Leafeon|2\n|\n|-weather|SunnyDay|[upkeep]\n|-heal|p2a: Leafeon|69\/100|[from] item: Leftovers\n|upkeep\n|turn|6\n|\n|t:|1701131610\n|move|p2a: Leafeon|Swords Dance|p2a: Leafeon\n|-boost|p2a: Leafeon|atk|2\n|move|p1a: Marowak|Iron Head|p2a: Leafeon\n|-damage|p2a: Leafeon|31\/100\n|\n|-weather|none\n|-heal|p2a: Leafeon|37\/100|[from] item: Leftovers\n|upkeep\n|turn|7\n|\n|t:|1701131621\n|move|p2a: Leafeon|Return|p1a: Marowak\n|-damage|p1a: Marowak|0 fnt\n|faint|p1a: Marowak\n|\n|-heal|p2a: Leafeon|43\/100|[from] item: Leftovers\n|upkeep\n|\n|t:|1701131628\n|switch|p1a: Charizard|Charizard, M|100\/100\n|turn|8\n|\n|t:|1701131650\n|detailschange|p1a: Charizard|Charizard-Mega-Y, M\n|-mega|p1a: Charizard|Charizard|Charizardite Y\n|-weather|SunnyDay|[from] ability: Drought|[of] p1a: Charizard\n|move|p2a: Leafeon|Return|p1a: Charizard\n|-damage|p1a: Charizard|0 fnt\n|faint|p1a: Charizard\n|\n|-weather|SunnyDay|[upkeep]\n|-heal|p2a: Leafeon|49\/100|[from] item: Leftovers\n|upkeep\n|\n|t:|1701131662\n|switch|p1a: Hitmonchan|Hitmonchan, M|100\/100\n|turn|9\n|\n|t:|1701131665\n|move|p2a: Leafeon|Leaf Blade|p1a: Hitmonchan\n|-enditem|p1a: Hitmonchan|Focus Sash\n|-damage|p1a: Hitmonchan|1\/100\n|move|p1a: Hitmonchan|Drain Punch|p2a: Leafeon\n|-damage|p2a: Leafeon|6\/100\n|-heal|p1a: Hitmonchan|25\/100|[from] drain|[of] p2a: Leafeon\n|\n|-weather|SunnyDay|[upkeep]\n|-heal|p2a: Leafeon|12\/100|[from] item: Leftovers\n|upkeep\n|turn|10\n|\n|t:|1701131677\n|move|p1a: Hitmonchan|Bullet Punch|p2a: Leafeon\n|-crit|p2a: Leafeon\n|-damage|p2a: Leafeon|0 fnt\n|faint|p2a: Leafeon\n|\n|-weather|SunnyDay|[upkeep]\n|upkeep\n|\n|t:|1701131692\n|switch|p2a: Reuniclus|Reuniclus, M|100\/100\n|turn|11\n|\n|t:|1701131696\n|switch|p1a: Umbreon|Umbreon, M, shiny|100\/100\n|move|p2a: Reuniclus|Calm Mind|p2a: Reuniclus\n|-boost|p2a: Reuniclus|spa|1\n|-boost|p2a: Reuniclus|spd|1\n|\n|-weather|SunnyDay|[upkeep]\n|upkeep\n|turn|12\n|\n|t:|1701131705\n|move|p1a: Umbreon|Foul Play|p2a: Reuniclus\n|-supereffective|p2a: Reuniclus\n|-damage|p2a: Reuniclus|73\/100\n|move|p2a: Reuniclus|Focus Blast|p1a: Umbreon|[miss]\n|-miss|p2a: Reuniclus|p1a: Umbreon\n|\n|-weather|none\n|-heal|p2a: Reuniclus|79\/100|[from] item: Leftovers\n|upkeep\n|turn|13\n|\n|t:|1701131715\n|move|p1a: Umbreon|Dark Pulse|p2a: Reuniclus\n|-supereffective|p2a: Reuniclus\n|-damage|p2a: Reuniclus|50\/100\n|cant|p2a: Reuniclus|flinch\n|\n|-heal|p2a: Reuniclus|57\/100|[from] item: Leftovers\n|upkeep\n|turn|14\n|\n|t:|1701131724\n|move|p1a: Umbreon|Dark Pulse|p2a: Reuniclus\n|-supereffective|p2a: Reuniclus\n|-damage|p2a: Reuniclus|30\/100\n|cant|p2a: Reuniclus|flinch\n|\n|-heal|p2a: Reuniclus|36\/100|[from] item: Leftovers\n|upkeep\n|turn|15\n|\n|t:|1701131734\n|move|p1a: Umbreon|Dark Pulse|p2a: Reuniclus\n|-supereffective|p2a: Reuniclus\n|-damage|p2a: Reuniclus|9\/100\n|move|p2a: Reuniclus|Recover|p2a: Reuniclus\n|-heal|p2a: Reuniclus|59\/100\n|\n|-heal|p2a: Reuniclus|65\/100|[from] item: Leftovers\n|upkeep\n|turn|16\n|l|\u2606ItsEvan369\n|inactive|ItsEvan369 disconnected and has a minute to reconnect!\n|player|p1|\n|inactive|ItsEvan369 has 30 seconds to reconnect!\n|inactive|ItsEvan369 has 20 seconds to reconnect!\n|inactive|ItsEvan369 has 15 seconds to reconnect!\n|inactive|ItsEvan369 has 10 seconds to reconnect!\n|inactive|ItsEvan369 has 5 seconds to reconnect!\n|-message|ItsEvan369 lost due to inactivity.\n|\n|win|EvaroTheFox\n|raw|ItsEvan369's rating: 1074 &rarr; <strong>1056<\/strong><br \/>(-18 for losing)\n|raw|EvaroTheFox's rating: 1125 &rarr; <strong>1146<\/strong><br \/>(+21 for winning)\n","uploadtime":1701131807,"views":2,"p1id":"itsevan369","p2id":"evarothefox","formatid":"gen9nationaldex","rating":1056,"private":0,"password":""}