{"id":"gen9nationaldex-1993788881","p1":"eliblast","p2":"Reshirider","format":"[Gen 9] National Dex","log":"|j|\u2606eliblast\n|j|\u2606Reshirider\n|t:|1700357411\n|gametype|singles\n|player|p1|eliblast|dancer|1497\n|player|p2|Reshirider|red|1613\n|teamsize|p1|6\n|teamsize|p2|6\n|gen|9\n|tier|[Gen 9] National Dex\n|rated|\n|rule|HP Percentage Mod: HP is shown in percentages\n|rule|Endless Battle Clause: Forcing endless battles is banned\n|rule|OHKO Clause: OHKO moves are banned\n|rule|Evasion Clause: Evasion abilities, items, and moves are banned\n|rule|Evasion Abilities Clause: Evasion abilities are banned\n|rule|Evasion Items Clause: Evasion items are banned\n|rule|Evasion Moves Clause: Evasion moves are banned\n|rule|Species Clause: Limit one of each Pok\u00e9mon\n|rule|Sleep Clause Mod: Limit one foe put to sleep\n|clearpoke\n|poke|p1|Sneasler, M|\n|poke|p1|Tapu Koko|\n|poke|p1|Urshifu-*, M|\n|poke|p1|Volcarona, F|\n|poke|p1|Ninetales-Alola, F|\n|poke|p1|Landorus-Therian, M|\n|poke|p2|Sceptile, M|\n|poke|p2|Jolteon, M|\n|poke|p2|Greninja-*, M|\n|poke|p2|Garchomp, M|\n|poke|p2|Volcarona, F|\n|poke|p2|Lycanroc-Dusk, M|\n|teampreview\n|inactive|Battle timer is ON: inactive players will automatically lose when time's up. (requested by eliblast)\n|inactive|Reshirider has 120 seconds left.\n|\n|t:|1700357445\n|start\n|switch|p1a: Jobber|Tapu Koko|100\/100\n|switch|p2a: Jolteon|Jolteon, M|100\/100\n|-fieldstart|move: Electric Terrain|[from] ability: Electric Surge|[of] p1a: Jobber\n|turn|1\n|\n|t:|1700357452\n|move|p2a: Jolteon|Volt Switch|p1a: Jobber\n|-resisted|p1a: Jobber\n|-damage|p1a: Jobber|54\/100\n|\n|t:|1700357461\n|switch|p2a: Garchomp|Garchomp, M|100\/100|[from] Volt Switch\n|move|p1a: Jobber|Dazzling Gleam|p2a: Garchomp\n|-supereffective|p2a: Garchomp\n|-damage|p2a: Garchomp|0 fnt\n|faint|p2a: Garchomp\n|\n|upkeep\n|\n|t:|1700357467\n|switch|p2a: Sceptile|Sceptile, M|100\/100\n|turn|2\n|\n|t:|1700357470\n|detailschange|p2a: Sceptile|Sceptile-Mega, M\n|-mega|p2a: Sceptile|Sceptile|Sceptilite\n|move|p2a: Sceptile|Earthquake|p1a: Jobber\n|-supereffective|p1a: Jobber\n|-damage|p1a: Jobber|0 fnt\n|faint|p1a: Jobber\n|\n|upkeep\n|\n|t:|1700357476\n|switch|p1a: Hit|Sneasler, M|100\/100\n|-enditem|p1a: Hit|Electric Seed\n|-boost|p1a: Hit|def|1|[from] item: Electric Seed\n|turn|3\n|\n|t:|1700357490\n|-terastallize|p1a: Hit|Flying\n|move|p1a: Hit|Acrobatics|p2a: Sceptile\n|-supereffective|p2a: Sceptile\n|-damage|p2a: Sceptile|0 fnt\n|faint|p2a: Sceptile\n|\n|upkeep\n|\n|t:|1700357503\n|switch|p2a: Lycanroc|Lycanroc-Dusk, M|100\/100\n|turn|4\n|\n|t:|1700357513\n|move|p1a: Hit|Close Combat|p2a: Lycanroc\n|-supereffective|p2a: Lycanroc\n|-enditem|p2a: Lycanroc|Focus Sash\n|-damage|p2a: Lycanroc|1\/100\n|-unboost|p1a: Hit|def|1\n|-unboost|p1a: Hit|spd|1\n|move|p2a: Lycanroc|Swords Dance|p2a: Lycanroc\n|-boost|p2a: Lycanroc|atk|2\n|\n|upkeep\n|turn|5\n|\n|t:|1700357525\n|switch|p1a: MAC DADDY|Landorus-Therian, M|100\/100\n|-ability|p1a: MAC DADDY|Intimidate|boost\n|-unboost|p2a: Lycanroc|atk|1\n|move|p2a: Lycanroc|Accelerock|p1a: MAC DADDY\n|-damage|p1a: MAC DADDY|59\/100\n|\n|-heal|p1a: MAC DADDY|65\/100|[from] item: Leftovers\n|-fieldend|move: Electric Terrain\n|upkeep\n|turn|6\n|\n|t:|1700357536\n|move|p2a: Lycanroc|Iron Head|p1a: MAC DADDY\n|-damage|p1a: MAC DADDY|11\/100\n|move|p1a: MAC DADDY|Earthquake|p2a: Lycanroc\n|-supereffective|p2a: Lycanroc\n|-damage|p2a: Lycanroc|0 fnt\n|faint|p2a: Lycanroc\n|\n|-heal|p1a: MAC DADDY|17\/100|[from] item: Leftovers\n|upkeep\n|\n|t:|1700357541\n|switch|p2a: Greninja|Greninja, M|100\/100\n|turn|7\n|\n|t:|1700357550\n|switch|p1a: Rapid-Stroke|Urshifu-Rapid-Strike, M|100\/100\n|move|p2a: Greninja|Hydro Pump|p1a: Rapid-Stroke\n|-resisted|p1a: Rapid-Stroke\n|-damage|p1a: Rapid-Stroke|59\/100\n|\n|upkeep\n|turn|8\n|\n|t:|1700357561\n|-zpower|p2a: Greninja\n|move|p2a: Greninja|Hydro Vortex|p1a: Rapid-Stroke|[zeffect]\n|-resisted|p1a: Rapid-Stroke\n|-damage|p1a: Rapid-Stroke|0 fnt\n|faint|p1a: Rapid-Stroke\n|-ability|p2a: Greninja|Battle Bond|boost\n|-boost|p2a: Greninja|atk|1\n|-boost|p2a: Greninja|spa|1\n|-boost|p2a: Greninja|spe|1\n|-activate|p2a: Greninja|ability: Battle Bond\n|\n|upkeep\n|\n|t:|1700357572\n|switch|p1a: Ninetales|Ninetales-Alola, F|100\/100\n|-weather|Snow|[from] ability: Snow Warning|[of] p1a: Ninetales\n|turn|9\n|\n|t:|1700357576\n|move|p2a: Greninja|Hydro Pump|p1a: Ninetales\n|-damage|p1a: Ninetales|8\/100\n|move|p1a: Ninetales|Aurora Veil|p1a: Ninetales\n|-sidestart|p1: eliblast|move: Aurora Veil\n|\n|-weather|Snow|[upkeep]\n|upkeep\n|turn|10\n|\n|t:|1700357582\n|move|p2a: Greninja|Dark Pulse|p1a: Ninetales\n|-resisted|p1a: Ninetales\n|-crit|p1a: Ninetales\n|-damage|p1a: Ninetales|0 fnt\n|faint|p1a: Ninetales\n|\n|-weather|Snow|[upkeep]\n|upkeep\n|\n|t:|1700357596\n|switch|p1a: Hit|Sneasler, M, tera:Flying|100\/100\n|turn|11\n|\n|t:|1700357601\n|move|p2a: Greninja|Ice Beam|p1a: Hit\n|-supereffective|p1a: Hit\n|-damage|p1a: Hit|38\/100\n|move|p1a: Hit|Close Combat|p2a: Greninja\n|-supereffective|p2a: Greninja\n|-crit|p2a: Greninja\n|-damage|p2a: Greninja|0 fnt\n|-unboost|p1a: Hit|def|1\n|-unboost|p1a: Hit|spd|1\n|faint|p2a: Greninja\n|\n|-weather|Snow|[upkeep]\n|upkeep\n|\n|t:|1700357612\n|switch|p2a: Jolteon|Jolteon, M|100\/100\n|turn|12\n|\n|t:|1700357616\n|move|p2a: Jolteon|Shadow Ball|p1a: Hit\n|-damage|p1a: Hit|0 fnt\n|faint|p1a: Hit\n|\n|-weather|Snow|[upkeep]\n|upkeep\n|\n|t:|1700357622\n|switch|p1a: Cubed Root|Volcarona, F|100\/100\n|turn|13\n|\n|t:|1700357644\n|move|p2a: Jolteon|Shadow Ball|p1a: Cubed Root\n|-damage|p1a: Cubed Root|85\/100\n|-unboost|p1a: Cubed Root|spd|1\n|move|p1a: Cubed Root|Quiver Dance|p1a: Cubed Root\n|-boost|p1a: Cubed Root|spa|1\n|-boost|p1a: Cubed Root|spd|1\n|-boost|p1a: Cubed Root|spe|1\n|\n|-weather|none\n|upkeep\n|turn|14\n|\n|t:|1700357652\n|move|p2a: Jolteon|Shadow Ball|p1a: Cubed Root\n|-damage|p1a: Cubed Root|70\/100\n|move|p1a: Cubed Root|Quiver Dance|p1a: Cubed Root\n|-boost|p1a: Cubed Root|spa|1\n|-boost|p1a: Cubed Root|spd|1\n|-boost|p1a: Cubed Root|spe|1\n|\n|upkeep\n|turn|15\n|\n|t:|1700357659\n|move|p1a: Cubed Root|Quiver Dance|p1a: Cubed Root\n|-boost|p1a: Cubed Root|spa|1\n|-boost|p1a: Cubed Root|spd|1\n|-boost|p1a: Cubed Root|spe|1\n|move|p2a: Jolteon|Shadow Ball|p1a: Cubed Root\n|-damage|p1a: Cubed Root|62\/100\n|\n|upkeep\n|turn|16\n|\n|t:|1700357666\n|move|p1a: Cubed Root|Fiery Dance|p2a: Jolteon\n|-damage|p2a: Jolteon|0 fnt\n|faint|p2a: Jolteon\n|\n|-sideend|p1: eliblast|move: Aurora Veil\n|upkeep\n|\n|t:|1700357668\n|switch|p2a: Volcarona|Volcarona, F, shiny|100\/100\n|turn|17\n|\n|t:|1700357673\n|-terastallize|p2a: Volcarona|Fire\n|move|p1a: Cubed Root|Fiery Dance|p2a: Volcarona\n|-resisted|p2a: Volcarona\n|-damage|p2a: Volcarona|54\/100\n|move|p2a: Volcarona|Fiery Dance|p1a: Cubed Root\n|-crit|p1a: Cubed Root\n|-damage|p1a: Cubed Root|0 fnt\n|faint|p1a: Cubed Root\n|\n|upkeep\n|\n|t:|1700357683\n|switch|p1a: MAC DADDY|Landorus-Therian, M|17\/100\n|-ability|p1a: MAC DADDY|Intimidate|boost\n|-unboost|p2a: Volcarona|atk|1\n|turn|18\n|\n|t:|1700357690\n|move|p2a: Volcarona|Fiery Dance|p1a: MAC DADDY\n|-damage|p1a: MAC DADDY|0 fnt\n|-boost|p2a: Volcarona|spa|1\n|faint|p1a: MAC DADDY\n|\n|win|Reshirider\n|raw|eliblast's rating: 1497 &rarr; <strong>1483<\/strong><br \/>(-14 for losing)\n|raw|Reshirider's rating: 1613 &rarr; <strong>1627<\/strong><br \/>(+14 for winning)\n|l|\u2606eliblast\n","uploadtime":1700357702,"views":8,"p1id":"eliblast","p2id":"reshirider","formatid":"gen9nationaldex","rating":1483,"private":0,"password":""}