{"id":"gen9nationaldex-1995963456","p1":"Mixlus pi","p2":"batmanga","format":"[Gen 9] National Dex","log":"|html|<div class=\"broadcast-blue\"><strong>[Gen 9] National Dex is currently suspecting Sneasler! For information on how to participate check out the <a href=\"https:\/\/www.smogon.com\/forums\/threads\/sv-national-dex-suspect-8-just-dance.3731534\/\">suspect thread<\/a>.<\/strong><\/div>\n|j|\u2606Mixlus pi\n|j|\u2606batmanga\n|t:|1700622679\n|gametype|singles\n|player|p1|Mixlus pi|hilbert|1501\n|player|p2|batmanga|riley|1598\n|teamsize|p1|6\n|teamsize|p2|6\n|gen|9\n|tier|[Gen 9] National Dex\n|rated|\n|rule|HP Percentage Mod: HP is shown in percentages\n|rule|Endless Battle Clause: Forcing endless battles is banned\n|rule|OHKO Clause: OHKO moves are banned\n|rule|Evasion Clause: Evasion abilities, items, and moves are banned\n|rule|Evasion Abilities Clause: Evasion abilities are banned\n|rule|Evasion Items Clause: Evasion items are banned\n|rule|Evasion Moves Clause: Evasion moves are banned\n|rule|Species Clause: Limit one of each Pok\u00e9mon\n|rule|Sleep Clause Mod: Limit one foe put to sleep\n|clearpoke\n|poke|p1|Ogerpon-Wellspring, F|\n|poke|p1|Iron Valiant|\n|poke|p1|Magnezone|\n|poke|p1|Charizard, F|\n|poke|p1|Landorus-Therian, M|\n|poke|p1|Slowking-Galar, F|\n|poke|p2|Slowking, F|\n|poke|p2|Zamazenta-*|\n|poke|p2|Raticate, M|\n|poke|p2|Skeledirge, M|\n|poke|p2|Arctozolt|\n|poke|p2|Iron Valiant|\n|teampreview\n|\n|t:|1700622686\n|start\n|switch|p1a: Magnezone|Magnezone|100\/100\n|switch|p2a: Vallar.|Zamazenta|100\/100\n|-ability|p2a: Vallar.|Dauntless Shield|boost\n|-boost|p2a: Vallar.|def|1\n|turn|1\n|\n|t:|1700622692\n|switch|p1a: Landorus|Landorus-Therian, M|100\/100\n|-ability|p1a: Landorus|Intimidate|boost\n|-unboost|p2a: Vallar.|atk|1\n|move|p2a: Vallar.|Ice Fang|p1a: Landorus|[miss]\n|-miss|p2a: Vallar.|p1a: Landorus\n|\n|upkeep\n|turn|2\n|\n|t:|1700622709\n|move|p2a: Vallar.|Ice Fang|p1a: Landorus\n|-supereffective|p1a: Landorus\n|-damage|p1a: Landorus|36\/100\n|-status|p1a: Landorus|frz\n|-damage|p2a: Vallar.|84\/100|[from] item: Rocky Helmet|[of] p1a: Landorus\n|cant|p1a: Landorus|frz\n|\n|upkeep\n|turn|3\n|\n|t:|1700622722\n|switch|p1a: Magnezone|Magnezone|100\/100\n|move|p2a: Vallar.|Ice Fang|p1a: Magnezone\n|-resisted|p1a: Magnezone\n|-damage|p1a: Magnezone|90\/100\n|\n|upkeep\n|turn|4\n|\n|t:|1700622735\n|switch|p2a: Pearl.|Slowking, F|100\/100\n|switch|p1a: Landorus|Landorus-Therian, M|36\/100 frz\n|-ability|p1a: Landorus|Intimidate|boost\n|-unboost|p2a: Pearl.|atk|1\n|\n|upkeep\n|turn|5\n|\n|t:|1700622741\n|cant|p1a: Landorus|frz\n|move|p2a: Pearl.|Scald|p1a: Landorus\n|-supereffective|p1a: Landorus\n|-damage|p1a: Landorus|0 fnt\n|faint|p1a: Landorus\n|\n|upkeep\n|\n|t:|1700622746\n|switch|p1a: Slowking|Slowking-Galar, F|100\/100\n|turn|6\n|\n|t:|1700622750\n|move|p1a: Slowking|Future Sight|p2a: Pearl.\n|-start|p1a: Slowking|move: Future Sight\n|move|p2a: Pearl.|Chilly Reception|p2a: Pearl.\n|-weather|Snow\n|\n|t:|1700622754\n|switch|p2a: RATKING.|Raticate, M, shiny|100\/100|[from] Chilly Reception\n|\n|-weather|Snow|[upkeep]\n|-status|p2a: RATKING.|brn|[from] item: Flame Orb\n|upkeep\n|turn|7\n|\n|t:|1700622758\n|move|p2a: RATKING.|Facade|p1a: Slowking\n|-damage|p1a: Slowking|28\/100\n|move|p1a: Slowking|Chilly Reception|p1a: Slowking\n|\n|t:|1700622765\n|switch|p1a: Charizard|Charizard, F|100\/100|[from] Chilly Reception\n|\n|-weather|Snow|[upkeep]\n|-damage|p2a: RATKING.|95\/100 brn|[from] brn\n|upkeep\n|turn|8\n|\n|t:|1700622769\n|detailschange|p1a: Charizard|Charizard-Mega-Y, F\n|-mega|p1a: Charizard|Charizard|Charizardite Y\n|-weather|SunnyDay|[from] ability: Drought|[of] p1a: Charizard\n|move|p1a: Charizard|Weather Ball|p2a: RATKING.\n|-damage|p2a: RATKING.|0 fnt\n|faint|p2a: RATKING.\n|\n|-weather|SunnyDay|[upkeep]\n|-hint|Future Sight did not hit because the target is fainted.\n|upkeep\n|\n|t:|1700622778\n|switch|p2a: Pearl.|Slowking, F|100\/100\n|turn|9\n|\n|t:|1700622782\n|move|p1a: Charizard|Air Slash|p2a: Pearl.\n|-damage|p2a: Pearl.|74\/100\n|move|p2a: Pearl.|Chilly Reception|p2a: Pearl.\n|-weather|Snow\n|\n|t:|1700622784\n|switch|p2a: Blueberry.|Arctozolt|100\/100|[from] Chilly Reception\n|\n|-weather|Snow|[upkeep]\n|upkeep\n|turn|10\n|\n|t:|1700622793\n|switch|p1a: Magnezone|Magnezone|90\/100\n|move|p2a: Blueberry.|Low Kick|p1a: Magnezone\n|-supereffective|p1a: Magnezone\n|-damage|p1a: Magnezone|33\/100\n|\n|-weather|Snow|[upkeep]\n|upkeep\n|turn|11\n|\n|t:|1700622800\n|move|p2a: Blueberry.|Low Kick|p1a: Magnezone\n|-supereffective|p1a: Magnezone\n|-damage|p1a: Magnezone|0 fnt\n|faint|p1a: Magnezone\n|\n|-weather|Snow|[upkeep]\n|upkeep\n|\n|t:|1700622802\n|switch|p1a: Charizard|Charizard-Mega-Y, F|100\/100\n|-weather|SunnyDay|[from] ability: Drought|[of] p1a: Charizard\n|turn|12\n|\n|t:|1700622810\n|switch|p2a: Pearl.|Slowking, F|100\/100\n|move|p1a: Charizard|Weather Ball|p2a: Pearl.\n|-resisted|p2a: Pearl.\n|-damage|p2a: Pearl.|74\/100\n|\n|-weather|SunnyDay|[upkeep]\n|upkeep\n|turn|13\n|\n|t:|1700622816\n|move|p1a: Charizard|Air Slash|p2a: Pearl.\n|-damage|p2a: Pearl.|46\/100\n|move|p2a: Pearl.|Chilly Reception|p2a: Pearl.\n|-weather|Snow\n|\n|t:|1700622821\n|switch|p2a: Blueberry.|Arctozolt|100\/100|[from] Chilly Reception\n|\n|-weather|Snow|[upkeep]\n|upkeep\n|turn|14\n|\n|t:|1700622830\n|switch|p1a: Slowking|Slowking-Galar, F|61\/100\n|move|p2a: Blueberry.|Substitute|p2a: Blueberry.\n|-start|p2a: Blueberry.|Substitute\n|-damage|p2a: Blueberry.|76\/100\n|\n|-weather|Snow|[upkeep]\n|upkeep\n|turn|15\n|\n|t:|1700622833\n|-terastallize|p2a: Blueberry.|Electric\n|move|p2a: Blueberry.|Bolt Beak|p1a: Slowking\n|-damage|p1a: Slowking|0 fnt\n|faint|p1a: Slowking\n|\n|-weather|Snow|[upkeep]\n|upkeep\n|\n|t:|1700622838\n|switch|p1a: Iron Valiant|Iron Valiant|100\/100\n|-enditem|p1a: Iron Valiant|Booster Energy\n|-activate|p1a: Iron Valiant|ability: Quark Drive|[fromitem]\n|-start|p1a: Iron Valiant|quarkdrivespe\n|turn|16\n|\n|t:|1700622843\n|move|p1a: Iron Valiant|Spirit Break|p2a: Blueberry.\n|-end|p2a: Blueberry.|Substitute\n|move|p2a: Blueberry.|Bolt Beak|p1a: Iron Valiant\n|-damage|p1a: Iron Valiant|35\/100\n|\n|-weather|Snow|[upkeep]\n|upkeep\n|turn|17\n|\n|t:|1700622854\n|switch|p2a: Ryomen Sukuna|Skeledirge, M|100\/100\n|move|p1a: Iron Valiant|Close Combat|p2a: Ryomen Sukuna\n|-immune|p2a: Ryomen Sukuna\n|\n|-weather|Snow|[upkeep]\n|upkeep\n|turn|18\n|\n|t:|1700622859\n|move|p1a: Iron Valiant|Knock Off|p2a: Ryomen Sukuna\n|-supereffective|p2a: Ryomen Sukuna\n|-damage|p2a: Ryomen Sukuna|62\/100\n|-enditem|p2a: Ryomen Sukuna|Heavy-Duty Boots|[from] move: Knock Off|[of] p1a: Iron Valiant\n|move|p2a: Ryomen Sukuna|Will-O-Wisp|p1a: Iron Valiant\n|-status|p1a: Iron Valiant|brn\n|\n|-weather|Snow|[upkeep]\n|-damage|p1a: Iron Valiant|29\/100 brn|[from] brn\n|upkeep\n|turn|19\n|\n|t:|1700622864\n|move|p1a: Iron Valiant|Swords Dance|p1a: Iron Valiant\n|-boost|p1a: Iron Valiant|atk|2\n|move|p2a: Ryomen Sukuna|Hex|p1a: Iron Valiant\n|-damage|p1a: Iron Valiant|0 fnt\n|faint|p1a: Iron Valiant\n|-end|p1a: Iron Valiant|Quark Drive|[silent]\n|\n|-weather|Snow|[upkeep]\n|upkeep\n|\n|t:|1700622871\n|switch|p1a: Charizard|Charizard-Mega-Y, F|100\/100\n|-weather|SunnyDay|[from] ability: Drought|[of] p1a: Charizard\n|turn|20\n|\n|t:|1700622877\n|move|p1a: Charizard|Air Slash|p2a: Ryomen Sukuna\n|-damage|p2a: Ryomen Sukuna|14\/100\n|move|p2a: Ryomen Sukuna|Torch Song|p1a: Charizard\n|-resisted|p1a: Charizard\n|-damage|p1a: Charizard|76\/100\n|-boost|p2a: Ryomen Sukuna|spa|1\n|\n|-weather|SunnyDay|[upkeep]\n|upkeep\n|turn|21\n|\n|t:|1700622882\n|move|p1a: Charizard|Weather Ball|p2a: Ryomen Sukuna\n|-resisted|p2a: Ryomen Sukuna\n|-crit|p2a: Ryomen Sukuna\n|-damage|p2a: Ryomen Sukuna|0 fnt\n|faint|p2a: Ryomen Sukuna\n|\n|-weather|SunnyDay|[upkeep]\n|upkeep\n|\n|t:|1700622885\n|switch|p2a: Pearl.|Slowking, F|80\/100\n|turn|22\n|\n|t:|1700622889\n|move|p1a: Charizard|Air Slash|p2a: Pearl.\n|-crit|p2a: Pearl.\n|-damage|p2a: Pearl.|38\/100\n|move|p2a: Pearl.|Chilly Reception|p2a: Pearl.\n|-weather|Snow\n|\n|t:|1700622893\n|switch|p2a: Blueberry.|Arctozolt, tera:Electric|76\/100|[from] Chilly Reception\n|\n|-weather|Snow|[upkeep]\n|upkeep\n|turn|23\n|\n|t:|1700622899\n|move|p2a: Blueberry.|Bolt Beak|p1a: Charizard\n|-supereffective|p1a: Charizard\n|-damage|p1a: Charizard|0 fnt\n|faint|p1a: Charizard\n|\n|-weather|Snow|[upkeep]\n|upkeep\n|\n|t:|1700622901\n|switch|p1a: Ogerpon|Ogerpon-Wellspring, F|100\/100\n|turn|24\n|\n|t:|1700622905\n|move|p2a: Blueberry.|Bolt Beak|p1a: Ogerpon\n|-damage|p1a: Ogerpon|0 fnt\n|faint|p1a: Ogerpon\n|\n|win|batmanga\n|raw|Mixlus pi's rating: 1501 &rarr; <strong>1486<\/strong><br \/>(-15 for losing)\n|raw|batmanga's rating: 1598 &rarr; <strong>1613<\/strong><br \/>(+15 for winning)\n","uploadtime":1700622913,"views":7,"p1id":"mixluspi","p2id":"batmanga","formatid":"gen9nationaldex","rating":1486,"private":0,"password":""}