{"id":"gen9nationaldex-1989389463","p1":"Elitebanjofreak","p2":"ayic","format":"[Gen 9] National Dex","log":"|j|\u2606Elitebanjofreak\n|j|\u2606ayic\n|t:|1699844077\n|gametype|singles\n|player|p1|Elitebanjofreak|170|\n|player|p2|ayic|byron|\n|teamsize|p1|6\n|teamsize|p2|6\n|gen|9\n|tier|[Gen 9] National Dex\n|rule|HP Percentage Mod: HP is shown in percentages\n|rule|Endless Battle Clause: Forcing endless battles is banned\n|rule|OHKO Clause: OHKO moves are banned\n|rule|Evasion Clause: Evasion abilities, items, and moves are banned\n|rule|Evasion Abilities Clause: Evasion abilities are banned\n|rule|Evasion Items Clause: Evasion items are banned\n|rule|Evasion Moves Clause: Evasion moves are banned\n|rule|Species Clause: Limit one of each Pok\u00e9mon\n|rule|Sleep Clause Mod: Limit one foe put to sleep\n|clearpoke\n|poke|p1|Iron Thorns|\n|poke|p1|Sneasler, M|\n|poke|p1|Ceruledge, M|\n|poke|p1|Tapu Lele|\n|poke|p1|Sharpedo, F|\n|poke|p1|Corviknight, M|\n|poke|p2|Jirachi|\n|poke|p2|Salamence, F|\n|poke|p2|Latias, F|\n|poke|p2|Xurkitree|\n|poke|p2|Dusclops, M|\n|poke|p2|Swampert, M|\n|teampreview\n|j| jbkgaming\n|j| mfdrew\n|j| DarnitNick\n|l| mfdrew\n|j| GG_Dex2\n|inactive|Battle timer is ON: inactive players will automatically lose when time's up. (requested by ayic)\n|\n|t:|1699844173\n|start\n|switch|p1a: Iron Thorns|Iron Thorns|100\/100\n|switch|p2a: Jirachi|Jirachi|100\/100\n|-enditem|p1a: Iron Thorns|Booster Energy\n|-activate|p1a: Iron Thorns|ability: Quark Drive|[fromitem]\n|-start|p1a: Iron Thorns|quarkdriveatk\n|turn|1\n|inactive|Elitebanjofreak has 270 seconds left.\n|\n|t:|1699844205\n|move|p2a: Jirachi|Trick|p1a: Iron Thorns\n|-activate|p2a: Jirachi|move: Trick|[of] p1a: Iron Thorns\n|-item|p1a: Iron Thorns|Flame Orb|[from] move: Trick\n|-enditem|p2a: Jirachi|Flame Orb|[silent]|[from] move: Trick\n|move|p1a: Iron Thorns|Dragon Dance|p1a: Iron Thorns\n|-boost|p1a: Iron Thorns|atk|1\n|-boost|p1a: Iron Thorns|spe|1\n|\n|-status|p1a: Iron Thorns|brn|[from] item: Flame Orb\n|upkeep\n|turn|2\n|inactive|Elitebanjofreak has 270 seconds left.\n|inactive|ayic has 270 seconds left.\n|\n|t:|1699844225\n|move|p1a: Iron Thorns|Dragon Dance|p1a: Iron Thorns\n|-boost|p1a: Iron Thorns|atk|1\n|-boost|p1a: Iron Thorns|spe|1\n|move|p2a: Jirachi|Reflect|p2a: Jirachi\n|-sidestart|p2: ayic|Reflect\n|\n|-damage|p1a: Iron Thorns|94\/100 brn|[from] brn\n|upkeep\n|turn|3\n|inactive|Elitebanjofreak has 270 seconds left.\n|\n|t:|1699844236\n|move|p1a: Iron Thorns|Earthquake|p2a: Jirachi\n|-supereffective|p2a: Jirachi\n|-damage|p2a: Jirachi|61\/100\n|move|p2a: Jirachi|Light Screen|p2a: Jirachi\n|-sidestart|p2: ayic|move: Light Screen\n|\n|-damage|p1a: Iron Thorns|88\/100 brn|[from] brn\n|upkeep\n|turn|4\n|\n|t:|1699844242\n|switch|p2a: Salamence|Salamence, F|100\/100\n|move|p1a: Iron Thorns|Earthquake|p2a: Salamence\n|-immune|p2a: Salamence\n|\n|-damage|p1a: Iron Thorns|82\/100 brn|[from] brn\n|upkeep\n|turn|5\n|\n|t:|1699844251\n|move|p1a: Iron Thorns|Ice Punch|p2a: Salamence\n|-supereffective|p2a: Salamence\n|-damage|p2a: Salamence|11\/100\n|move|p2a: Salamence|Dragon Dance|p2a: Salamence\n|-boost|p2a: Salamence|atk|1\n|-boost|p2a: Salamence|spe|1\n|\n|-damage|p1a: Iron Thorns|76\/100 brn|[from] brn\n|upkeep\n|turn|6\n|j| GG_Dex\n|\n|t:|1699844262\n|move|p2a: Salamence|Earthquake|p1a: Iron Thorns\n|-supereffective|p1a: Iron Thorns\n|-damage|p1a: Iron Thorns|0 fnt\n|faint|p1a: Iron Thorns\n|-end|p1a: Iron Thorns|Quark Drive|[silent]\n|-ability|p2a: Salamence|Moxie|boost\n|-boost|p2a: Salamence|atk|1\n|-damage|p2a: Salamence|1\/100|[from] item: Life Orb\n|\n|-sideend|p2: ayic|Reflect\n|upkeep\n|\n|t:|1699844280\n|switch|p1a: Corviknight|Corviknight, M|100\/100\n|-ability|p1a: Corviknight|Pressure\n|turn|7\n|\n|t:|1699844306\n|move|p2a: Salamence|Roost|p2a: Salamence\n|-heal|p2a: Salamence|51\/100\n|-singleturn|p2a: Salamence|move: Roost\n|move|p1a: Corviknight|Roost||[still]\n|-fail|p1a: Corviknight|heal\n|\n|-sideend|p2: ayic|move: Light Screen\n|upkeep\n|turn|8\n|l|\u2606Elitebanjofreak\n|inactive|Elitebanjofreak disconnected and has 300 seconds to reconnect!\n|player|p1|\n|inactive|ayic has 270 seconds left.\n|j|\u2606Elitebanjofreak\n|inactive|Elitebanjofreak reconnected and has 285 seconds left.\n|player|p1|Elitebanjofreak|170\n|\n|t:|1699844340\n|switch|p2a: Xurkitree|Xurkitree|100\/100\n|move|p1a: Corviknight|Bulk Up|p1a: Corviknight\n|-boost|p1a: Corviknight|atk|1\n|-boost|p1a: Corviknight|def|1\n|\n|upkeep\n|turn|9\n|inactive|ayic has 270 seconds left.\n|\n|t:|1699844350\n|switch|p1a: Tapu Lele|Tapu Lele|100\/100\n|-fieldstart|move: Psychic Terrain|[from] ability: Psychic Surge|[of] p1a: Tapu Lele\n|move|p2a: Xurkitree|Thunderbolt|p1a: Tapu Lele\n|-crit|p1a: Tapu Lele\n|-damage|p1a: Tapu Lele|8\/100\n|\n|upkeep\n|turn|10\n|j| GG_Dex\n|\n|t:|1699844375\n|move|p1a: Tapu Lele|Psychic|p2a: Xurkitree\n|-damage|p2a: Xurkitree|14\/100\n|move|p2a: Xurkitree|Thunderbolt|p1a: Tapu Lele\n|-damage|p1a: Tapu Lele|0 fnt\n|faint|p1a: Tapu Lele\n|-ability|p2a: Xurkitree|Beast Boost|boost\n|-boost|p2a: Xurkitree|spa|1\n|\n|upkeep\n|\n|t:|1699844385\n|switch|p1a: Sharpedo|Sharpedo, F|100\/100\n|turn|11\n|\n|t:|1699844389\n|move|p1a: Sharpedo|Protect|p1a: Sharpedo\n|-singleturn|p1a: Sharpedo|Protect\n|move|p2a: Xurkitree|Thunderbolt|p1a: Sharpedo\n|-activate|p1a: Sharpedo|move: Protect\n|\n|-ability|p1a: Sharpedo|Speed Boost|boost\n|-boost|p1a: Sharpedo|spe|1\n|upkeep\n|turn|12\n|\n|t:|1699844402\n|detailschange|p1a: Sharpedo|Sharpedo-Mega, F\n|-mega|p1a: Sharpedo|Sharpedo|Sharpedonite\n|move|p1a: Sharpedo|Crunch|p2a: Xurkitree\n|-damage|p2a: Xurkitree|0 fnt\n|faint|p2a: Xurkitree\n|\n|upkeep\n|l|\u2606Elitebanjofreak\n|inactive|Elitebanjofreak disconnected and has 280 seconds to reconnect!\n|player|p1|\n|inactiveoff|Battle timer is now OFF.\n|j|\u2606Elitebanjofreak\n|player|p1|Elitebanjofreak|170\n|\n|t:|1699844450\n|switch|p2a: Swampert|Swampert, M|100\/100\n|turn|13\n|\n|t:|1699844469\n|move|p1a: Sharpedo|Crunch|p2a: Swampert\n|-damage|p2a: Swampert|37\/100\n|move|p2a: Swampert|Superpower|p1a: Sharpedo\n|-supereffective|p1a: Sharpedo\n|-damage|p1a: Sharpedo|0 fnt\n|-unboost|p2a: Swampert|atk|1\n|-unboost|p2a: Swampert|def|1\n|faint|p1a: Sharpedo\n|\n|-fieldend|move: Psychic Terrain\n|upkeep\n|\n|t:|1699844493\n|switch|p1a: Sneasler|Sneasler, M|100\/100\n|turn|14\n|\n|t:|1699844547\n|switch|p2a: Latias|Latias, F|100\/100\n|move|p1a: Sneasler|Swords Dance|p1a: Sneasler\n|-boost|p1a: Sneasler|atk|2\n|\n|upkeep\n|turn|15\n|\n|t:|1699844581\n|detailschange|p2a: Latias|Latias-Mega, F\n|-mega|p2a: Latias|Latias|Latiasite\n|move|p1a: Sneasler|Dire Claw|p2a: Latias\n|-damage|p2a: Latias|52\/100\n|-status|p2a: Latias|psn|[from] ability: Poison Touch|[of] p1a: Sneasler\n|move|p2a: Latias|Psyshock|p1a: Sneasler\n|-supereffective|p1a: Sneasler\n|-damage|p1a: Sneasler|0 fnt\n|faint|p1a: Sneasler\n|\n|-damage|p2a: Latias|39\/100 psn|[from] psn\n|upkeep\n|\n|t:|1699844621\n|switch|p1a: Ceruledge|Ceruledge, M|100\/100\n|turn|16\n|\n|t:|1699844638\n|switch|p2a: Dusclops|Dusclops, M|100\/100\n|-item|p1a: Ceruledge|Life Orb|[from] ability: Frisk|[of] p2a: Dusclops|[identify]\n|move|p1a: Ceruledge|Poltergeist|p2a: Dusclops\n|-activate|p2a: Dusclops|move: Poltergeist|Eviolite\n|-supereffective|p2a: Dusclops\n|-damage|p2a: Dusclops|12\/100\n|-damage|p1a: Ceruledge|91\/100|[from] item: Life Orb\n|\n|upkeep\n|turn|17\n|\n|t:|1699844653\n|move|p1a: Ceruledge|Bitter Blade|p2a: Dusclops\n|-damage|p2a: Dusclops|0 fnt\n|-heal|p1a: Ceruledge|96\/100|[from] drain|[of] p2a: Dusclops\n|faint|p2a: Dusclops\n|-damage|p1a: Ceruledge|86\/100|[from] item: Life Orb\n|\n|upkeep\n|\n|t:|1699844680\n|switch|p2a: Salamence|Salamence, F|51\/100\n|turn|18\n|\n|t:|1699844708\n|move|p2a: Salamence|Earthquake|p1a: Ceruledge\n|-supereffective|p1a: Ceruledge\n|-damage|p1a: Ceruledge|0 fnt\n|faint|p1a: Ceruledge\n|-ability|p2a: Salamence|Moxie|boost\n|-boost|p2a: Salamence|atk|1\n|-damage|p2a: Salamence|41\/100|[from] item: Life Orb\n|\n|upkeep\n|\n|t:|1699844716\n|switch|p1a: Corviknight|Corviknight, M|100\/100\n|-ability|p1a: Corviknight|Pressure\n|turn|19\n|\n|t:|1699844732\n|move|p2a: Salamence|Dual Wingbeat|p1a: Corviknight\n|-resisted|p1a: Corviknight\n|-damage|p1a: Corviknight|81\/100\n|-resisted|p1a: Corviknight\n|-damage|p1a: Corviknight|62\/100\n|-hitcount|p1a: Corviknight|2\n|-damage|p2a: Salamence|31\/100|[from] item: Life Orb\n|move|p1a: Corviknight|Bulk Up|p1a: Corviknight\n|-boost|p1a: Corviknight|atk|1\n|-boost|p1a: Corviknight|def|1\n|\n|-heal|p1a: Corviknight|69\/100|[from] item: Leftovers\n|upkeep\n|turn|20\n|\n|t:|1699844774\n|move|p2a: Salamence|Dual Wingbeat|p1a: Corviknight|[miss]\n|-miss|p2a: Salamence|p1a: Corviknight\n|move|p1a: Corviknight|Bulk Up|p1a: Corviknight\n|-boost|p1a: Corviknight|atk|1\n|-boost|p1a: Corviknight|def|1\n|\n|-heal|p1a: Corviknight|75\/100|[from] item: Leftovers\n|upkeep\n|turn|21\n|l|\u2606Elitebanjofreak\n|player|p1|\n|c|\u2606ayic|we;re having conection issues\n|j|\u2606Elitebanjofreak\n|player|p1|Elitebanjofreak|170\n|\n|t:|1699844891\n|switch|p2a: Jirachi|Jirachi|61\/100\n|move|p1a: Corviknight|Bulk Up|p1a: Corviknight\n|-boost|p1a: Corviknight|atk|1\n|-boost|p1a: Corviknight|def|1\n|\n|-heal|p1a: Corviknight|81\/100|[from] item: Leftovers\n|upkeep\n|turn|22\n|\n|t:|1699844910\n|move|p2a: Jirachi|Reflect|p2a: Jirachi\n|-sidestart|p2: ayic|Reflect\n|move|p1a: Corviknight|Body Press|p2a: Jirachi\n|-damage|p2a: Jirachi|40\/100\n|\n|-heal|p1a: Corviknight|87\/100|[from] item: Leftovers\n|upkeep\n|turn|23\n|\n|t:|1699844925\n|switch|p2a: Latias|Latias-Mega, F|39\/100 psn\n|move|p1a: Corviknight|Body Press|p2a: Latias\n|-resisted|p2a: Latias\n|-damage|p2a: Latias|33\/100 psn\n|\n|-heal|p1a: Corviknight|94\/100|[from] item: Leftovers\n|-damage|p2a: Latias|20\/100 psn|[from] psn\n|upkeep\n|turn|24\n|l|\u2606Elitebanjofreak\n|player|p1|\n|j|\u2606Elitebanjofreak\n|player|p1|Elitebanjofreak|170\n|\n|t:|1699844975\n|move|p2a: Latias|Roost|p2a: Latias\n|-heal|p2a: Latias|70\/100 psn\n|-singleturn|p2a: Latias|move: Roost\n|move|p1a: Corviknight|Drill Peck|p2a: Latias\n|-damage|p2a: Latias|50\/100 psn\n|\n|-heal|p1a: Corviknight|99\/100|[from] item: Leftovers\n|-damage|p2a: Latias|38\/100 psn|[from] psn\n|upkeep\n|turn|25\n|\n|t:|1699844986\n|move|p2a: Latias|Ice Beam|p1a: Corviknight\n|-damage|p1a: Corviknight|82\/100\n|move|p1a: Corviknight|Drill Peck|p2a: Latias\n|-damage|p2a: Latias|19\/100 psn\n|\n|-heal|p1a: Corviknight|88\/100|[from] item: Leftovers\n|-damage|p2a: Latias|7\/100 psn|[from] psn\n|upkeep\n|turn|26\n|\n|t:|1699844995\n|move|p2a: Latias|Ice Beam|p1a: Corviknight\n|-damage|p1a: Corviknight|70\/100\n|move|p1a: Corviknight|Bulk Up|p1a: Corviknight\n|-boost|p1a: Corviknight|atk|1\n|-boost|p1a: Corviknight|def|1\n|\n|-heal|p1a: Corviknight|76\/100|[from] item: Leftovers\n|-damage|p2a: Latias|0 fnt|[from] psn\n|faint|p2a: Latias\n|-sideend|p2: ayic|Reflect\n|upkeep\n|c|\u2606ayic|gg\n|c|\u2606ayic|i sopld\n|\n|t:|1699845011\n|switch|p2a: Swampert|Swampert, M|37\/100\n|turn|27\n|\n|t:|1699845022\n|move|p1a: Corviknight|Drill Peck|p2a: Swampert\n|-damage|p2a: Swampert|0 fnt\n|faint|p2a: Swampert\n|\n|-heal|p1a: Corviknight|82\/100|[from] item: Leftovers\n|upkeep\n|\n|t:|1699845028\n|switch|p2a: Jirachi|Jirachi|40\/100\n|turn|28\n|\n|t:|1699845033\n|move|p2a: Jirachi|Reflect|p2a: Jirachi\n|-sidestart|p2: ayic|Reflect\n|move|p1a: Corviknight|Body Press|p2a: Jirachi\n|-damage|p2a: Jirachi|17\/100\n|\n|-heal|p1a: Corviknight|89\/100|[from] item: Leftovers\n|upkeep\n|turn|29\n|\n|t:|1699845040\n|move|p2a: Jirachi|Trick|p1a: Corviknight\n|-activate|p2a: Jirachi|move: Trick|[of] p1a: Corviknight\n|-enditem|p1a: Corviknight|Leftovers|[silent]|[from] move: Trick\n|-item|p2a: Jirachi|Leftovers|[from] move: Trick\n|move|p1a: Corviknight|Body Press|p2a: Jirachi\n|-damage|p2a: Jirachi|0 fnt\n|faint|p2a: Jirachi\n|\n|upkeep\n|\n|t:|1699845045\n|switch|p2a: Salamence|Salamence, F|31\/100\n|turn|30\n|\n|t:|1699845063\n|move|p2a: Salamence|Roost|p2a: Salamence\n|-heal|p2a: Salamence|81\/100\n|-singleturn|p2a: Salamence|move: Roost\n|move|p1a: Corviknight|Drill Peck|p2a: Salamence\n|-damage|p2a: Salamence|38\/100\n|\n|upkeep\n|turn|31\n|\n|t:|1699845070\n|move|p2a: Salamence|Roost|p2a: Salamence\n|-heal|p2a: Salamence|88\/100\n|-singleturn|p2a: Salamence|move: Roost\n|move|p1a: Corviknight|Drill Peck|p2a: Salamence\n|-damage|p2a: Salamence|41\/100\n|\n|upkeep\n|turn|32\n|\n|t:|1699845080\n|move|p2a: Salamence|Roost|p2a: Salamence\n|-heal|p2a: Salamence|91\/100\n|-singleturn|p2a: Salamence|move: Roost\n|move|p1a: Corviknight|Drill Peck|p2a: Salamence\n|-damage|p2a: Salamence|43\/100\n|\n|-sideend|p2: ayic|Reflect\n|upkeep\n|turn|33\n|\n|t:|1699845087\n|move|p2a: Salamence|Roost|p2a: Salamence\n|-heal|p2a: Salamence|93\/100\n|-singleturn|p2a: Salamence|move: Roost\n|move|p1a: Corviknight|Drill Peck|p2a: Salamence\n|-damage|p2a: Salamence|0 fnt\n|faint|p2a: Salamence\n|\n|win|Elitebanjofreak\n","uploadtime":1699845114,"views":5,"p1id":"elitebanjofreak","p2id":"ayic","formatid":"gen9nationaldex","rating":0,"private":0,"password":""}