{"id":"gen9nationaldex-1988650996","p1":"female charizard","p2":"Mooser Gangooser","format":"[Gen 9] National Dex","log":"|j|\u2606female charizard\n|j|\u2606Mooser Gangooser\n|t:|1699746331\n|gametype|singles\n|player|p1|female charizard|170|1211\n|player|p2|Mooser Gangooser|rood|1145\n|teamsize|p1|6\n|teamsize|p2|6\n|gen|9\n|tier|[Gen 9] National Dex\n|rated|\n|rule|HP Percentage Mod: HP is shown in percentages\n|rule|Endless Battle Clause: Forcing endless battles is banned\n|rule|OHKO Clause: OHKO moves are banned\n|rule|Evasion Clause: Evasion abilities, items, and moves are banned\n|rule|Evasion Abilities Clause: Evasion abilities are banned\n|rule|Evasion Items Clause: Evasion items are banned\n|rule|Evasion Moves Clause: Evasion moves are banned\n|rule|Species Clause: Limit one of each Pok\u00e9mon\n|rule|Sleep Clause Mod: Limit one foe put to sleep\n|clearpoke\n|poke|p1|Kyurem|\n|poke|p1|Abomasnow, F|\n|poke|p1|Breloom, F|\n|poke|p1|Rhyperior, F|\n|poke|p1|Ogerpon-Wellspring, F|\n|poke|p1|Arbok, F|\n|poke|p2|Banette, F|\n|poke|p2|Ribombee, F|\n|poke|p2|Gliscor, F|\n|poke|p2|Greninja-*, M|\n|poke|p2|Kyurem|\n|poke|p2|Zapdos-Galar|\n|teampreview\n|\n|t:|1699746351\n|start\n|switch|p1a: A subtle joke|Abomasnow, F|100\/100\n|switch|p2a: Ribombee|Ribombee, F|100\/100\n|-weather|Snow|[from] ability: Snow Warning|[of] p1a: A subtle joke\n|turn|1\n|\n|t:|1699746364\n|move|p2a: Ribombee|Sticky Web|p1a: A subtle joke\n|-sidestart|p1: female charizard|move: Sticky Web\n|move|p1a: A subtle joke|Aurora Veil|p1a: A subtle joke\n|-sidestart|p1: female charizard|move: Aurora Veil\n|\n|-weather|Snow|[upkeep]\n|upkeep\n|turn|2\n|\n|t:|1699746374\n|move|p2a: Ribombee|Moonblast|p1a: A subtle joke\n|-damage|p1a: A subtle joke|82\/100\n|move|p1a: A subtle joke|Blizzard|p2a: Ribombee\n|-damage|p2a: Ribombee|15\/100\n|\n|-weather|Snow|[upkeep]\n|upkeep\n|turn|3\n|\n|t:|1699746379\n|move|p1a: A subtle joke|Ice Shard|p2a: Ribombee\n|-damage|p2a: Ribombee|0 fnt\n|faint|p2a: Ribombee\n|\n|-weather|Snow|[upkeep]\n|upkeep\n|\n|t:|1699746389\n|switch|p2a: Kyurem|Kyurem|100\/100\n|-ability|p2a: Kyurem|Pressure\n|turn|4\n|\n|t:|1699746396\n|move|p2a: Kyurem|Freeze-Dry|p1a: A subtle joke\n|-damage|p1a: A subtle joke|58\/100\n|move|p1a: A subtle joke|Blizzard|p2a: Kyurem\n|-damage|p2a: Kyurem|58\/100\n|\n|-weather|Snow|[upkeep]\n|upkeep\n|turn|5\n|\n|t:|1699746401\n|move|p2a: Kyurem|Freeze-Dry|p1a: A subtle joke\n|-damage|p1a: A subtle joke|33\/100\n|move|p1a: A subtle joke|Blizzard|p2a: Kyurem\n|-damage|p2a: Kyurem|15\/100\n|\n|-weather|none\n|upkeep\n|turn|6\n|\n|t:|1699746406\n|move|p1a: A subtle joke|Ice Shard|p2a: Kyurem\n|-damage|p2a: Kyurem|4\/100\n|move|p2a: Kyurem|Freeze-Dry|p1a: A subtle joke\n|-damage|p1a: A subtle joke|10\/100\n|\n|upkeep\n|turn|7\n|\n|t:|1699746410\n|move|p1a: A subtle joke|Ice Shard|p2a: Kyurem\n|-damage|p2a: Kyurem|0 fnt\n|faint|p2a: Kyurem\n|\n|upkeep\n|\n|t:|1699746413\n|switch|p2a: Greninja|Greninja, M|100\/100\n|turn|8\n|j| kung fu pokechu\n|\n|t:|1699746420\n|switch|p1a: mods annoy me|Ogerpon-Wellspring, F|100\/100\n|-activate|p1a: mods annoy me|move: Sticky Web\n|-unboost|p1a: mods annoy me|spe|1\n|move|p2a: Greninja|Dark Pulse|p1a: mods annoy me\n|-damage|p1a: mods annoy me|80\/100\n|\n|-sideend|p1: female charizard|move: Aurora Veil\n|upkeep\n|turn|9\n|\n|t:|1699746426\n|move|p2a: Greninja|U-turn|p1a: mods annoy me\n|-supereffective|p1a: mods annoy me\n|-damage|p1a: mods annoy me|46\/100\n|\n|t:|1699746430\n|switch|p2a: Zapdos|Zapdos-Galar|100\/100|[from] U-turn\n|move|p1a: mods annoy me|Ivy Cudgel|p2a: Zapdos\n|-damage|p2a: Zapdos|29\/100\n|\n|upkeep\n|turn|10\n|\n|t:|1699746446\n|move|p2a: Zapdos|U-turn|p1a: mods annoy me\n|-supereffective|p1a: mods annoy me\n|-damage|p1a: mods annoy me|0 fnt\n|faint|p1a: mods annoy me\n|\n|t:|1699746451\n|switch|p2a: Gliscor|Gliscor, F|100\/100|[from] U-turn\n|\n|-status|p2a: Gliscor|tox|[from] item: Toxic Orb\n|upkeep\n|\n|t:|1699746464\n|switch|p1a: pressure friends|Kyurem|100\/100\n|-activate|p1a: pressure friends|move: Sticky Web\n|-unboost|p1a: pressure friends|spe|1\n|-ability|p1a: pressure friends|Pressure\n|turn|11\n|\n|t:|1699746477\n|-terastallize|p2a: Gliscor|Normal\n|move|p2a: Gliscor|Swords Dance|p2a: Gliscor\n|-boost|p2a: Gliscor|atk|2\n|move|p1a: pressure friends|Substitute|p1a: pressure friends\n|-start|p1a: pressure friends|Substitute\n|-damage|p1a: pressure friends|76\/100\n|\n|-heal|p1a: pressure friends|82\/100|[from] item: Leftovers\n|upkeep\n|turn|12\n|\n|t:|1699746485\n|move|p2a: Gliscor|Facade|p1a: pressure friends\n|-end|p1a: pressure friends|Substitute\n|move|p1a: pressure friends|Freeze-Dry|p2a: Gliscor\n|-damage|p2a: Gliscor|60\/100 tox\n|\n|-heal|p1a: pressure friends|88\/100|[from] item: Leftovers\n|-heal|p2a: Gliscor|72\/100 tox|[from] ability: Poison Heal\n|upkeep\n|turn|13\n|\n|t:|1699746490\n|move|p1a: pressure friends|Protect|p1a: pressure friends\n|-singleturn|p1a: pressure friends|Protect\n|move|p2a: Gliscor|Facade|p1a: pressure friends\n|-activate|p1a: pressure friends|move: Protect\n|\n|-heal|p1a: pressure friends|94\/100|[from] item: Leftovers\n|-heal|p2a: Gliscor|84\/100 tox|[from] ability: Poison Heal\n|upkeep\n|turn|14\n|\n|t:|1699746514\n|switch|p1a: at last|Arbok, F|100\/100\n|-activate|p1a: at last|move: Sticky Web\n|-unboost|p1a: at last|spe|1\n|-ability|p1a: at last|Intimidate|boost\n|-unboost|p2a: Gliscor|atk|1\n|move|p2a: Gliscor|Swords Dance|p2a: Gliscor\n|-boost|p2a: Gliscor|atk|2\n|\n|-heal|p2a: Gliscor|97\/100 tox|[from] ability: Poison Heal\n|upkeep\n|turn|15\n|\n|t:|1699746529\n|move|p2a: Gliscor|Facade|p1a: at last\n|-damage|p1a: at last|0 fnt\n|faint|p1a: at last\n|\n|-heal|p2a: Gliscor|100\/100 tox|[from] ability: Poison Heal\n|upkeep\n|\n|t:|1699746539\n|switch|p1a: SOLID SUGGESTER|Rhyperior, F|100\/100\n|-activate|p1a: SOLID SUGGESTER|move: Sticky Web\n|-unboost|p1a: SOLID SUGGESTER|spe|1\n|turn|16\n|\n|t:|1699746543\n|move|p2a: Gliscor|Earthquake|p1a: SOLID SUGGESTER\n|-supereffective|p1a: SOLID SUGGESTER\n|-damage|p1a: SOLID SUGGESTER|0 fnt\n|faint|p1a: SOLID SUGGESTER\n|\n|upkeep\n|\n|t:|1699746548\n|switch|p1a: bisexual|Breloom, F|100\/100\n|-activate|p1a: bisexual|move: Sticky Web\n|-unboost|p1a: bisexual|spe|1\n|turn|17\n|\n|t:|1699746551\n|move|p1a: bisexual|Mach Punch|p2a: Gliscor\n|-supereffective|p2a: Gliscor\n|-damage|p2a: Gliscor|45\/100 tox\n|move|p2a: Gliscor|Facade|p1a: bisexual\n|-damage|p1a: bisexual|0 fnt\n|faint|p1a: bisexual\n|\n|-heal|p2a: Gliscor|58\/100 tox|[from] ability: Poison Heal\n|upkeep\n|\n|t:|1699746556\n|switch|p1a: A subtle joke|Abomasnow, F|10\/100\n|-activate|p1a: A subtle joke|move: Sticky Web\n|-unboost|p1a: A subtle joke|spe|1\n|-weather|Snow|[from] ability: Snow Warning|[of] p1a: A subtle joke\n|turn|18\n|\n|t:|1699746559\n|move|p1a: A subtle joke|Ice Shard|p2a: Gliscor\n|-damage|p2a: Gliscor|48\/100 tox\n|move|p2a: Gliscor|Facade|p1a: A subtle joke\n|-damage|p1a: A subtle joke|0 fnt\n|faint|p1a: A subtle joke\n|\n|-weather|Snow|[upkeep]\n|-heal|p2a: Gliscor|60\/100 tox|[from] ability: Poison Heal\n|upkeep\n|\n|t:|1699746563\n|switch|p1a: pressure friends|Kyurem|94\/100\n|-activate|p1a: pressure friends|move: Sticky Web\n|-unboost|p1a: pressure friends|spe|1\n|-ability|p1a: pressure friends|Pressure\n|turn|19\n|\n|t:|1699746568\n|move|p1a: pressure friends|Protect|p1a: pressure friends\n|-singleturn|p1a: pressure friends|Protect\n|move|p2a: Gliscor|Facade|p1a: pressure friends\n|-activate|p1a: pressure friends|move: Protect\n|\n|-weather|Snow|[upkeep]\n|-heal|p1a: pressure friends|99\/100|[from] item: Leftovers\n|-heal|p2a: Gliscor|73\/100 tox|[from] ability: Poison Heal\n|upkeep\n|turn|20\n|\n|t:|1699746571\n|move|p2a: Gliscor|Facade|p1a: pressure friends\n|-damage|p1a: pressure friends|15\/100\n|move|p1a: pressure friends|Substitute|p1a: pressure friends\n|-fail|p1a: pressure friends|move: Substitute|[weak]\n|\n|-weather|Snow|[upkeep]\n|-heal|p1a: pressure friends|21\/100|[from] item: Leftovers\n|-heal|p2a: Gliscor|85\/100 tox|[from] ability: Poison Heal\n|upkeep\n|turn|21\n|\n|t:|1699746577\n|move|p1a: pressure friends|Protect|p1a: pressure friends\n|-singleturn|p1a: pressure friends|Protect\n|move|p2a: Gliscor|Facade|p1a: pressure friends\n|-activate|p1a: pressure friends|move: Protect\n|\n|-weather|Snow|[upkeep]\n|-heal|p1a: pressure friends|28\/100|[from] item: Leftovers\n|-heal|p2a: Gliscor|98\/100 tox|[from] ability: Poison Heal\n|upkeep\n|turn|22\n|\n|t:|1699746580\n|move|p1a: pressure friends|Protect||[still]\n|-fail|p1a: pressure friends\n|move|p2a: Gliscor|Facade|p1a: pressure friends\n|-damage|p1a: pressure friends|0 fnt\n|faint|p1a: pressure friends\n|\n|win|Mooser Gangooser\n|raw|female charizard's rating: 1240 &rarr; <strong>1208<\/strong><br \/>(-32 for losing)\n|raw|Mooser Gangooser's rating: 1145 &rarr; <strong>1177<\/strong><br \/>(+32 for winning)\n|l|\u2606Mooser Gangooser\n","uploadtime":1699746593,"views":4,"p1id":"femalecharizard","p2id":"moosergangooser","formatid":"gen9nationaldex","rating":1177,"private":0,"password":""}