{"id":"gen9nationaldex-1990056820","p1":"PyroGaleZX","p2":"Solaris2003","format":"[Gen 9] National Dex","log":"|j|\u2606PyroGaleZX\n|j|\u2606Solaris2003\n|t:|1699919872\n|gametype|singles\n|player|p1|PyroGaleZX|grusha|\n|player|p2|Solaris2003|169|\n|teamsize|p1|6\n|teamsize|p2|6\n|gen|9\n|tier|[Gen 9] National Dex\n|rule|HP Percentage Mod: HP is shown in percentages\n|rule|Endless Battle Clause: Forcing endless battles is banned\n|rule|OHKO Clause: OHKO moves are banned\n|rule|Evasion Clause: Evasion abilities, items, and moves are banned\n|rule|Evasion Abilities Clause: Evasion abilities are banned\n|rule|Evasion Items Clause: Evasion items are banned\n|rule|Evasion Moves Clause: Evasion moves are banned\n|rule|Species Clause: Limit one of each Pok\u00e9mon\n|rule|Sleep Clause Mod: Limit one foe put to sleep\n|clearpoke\n|poke|p1|Samurott-Hisui, M|\n|poke|p1|Enamorus-Therian, F|\n|poke|p1|Arcanine, F|\n|poke|p1|Umbreon, M|\n|poke|p1|Spiritomb, F|\n|poke|p1|Pawmo, F|\n|poke|p2|Cinderace, M|\n|poke|p2|Lycanroc-Dusk, M|\n|poke|p2|Noivern, F|\n|poke|p2|Copperajah, M|\n|poke|p2|Leafeon, M|\n|poke|p2|Flaaffy, M|\n|teampreview\n|\n|t:|1699919885\n|start\n|switch|p1a: Pawmo|Pawmo, F|100\/100\n|switch|p2a: Flaaffy|Flaaffy, M|100\/100\n|turn|1\n|\n|t:|1699919891\n|move|p1a: Pawmo|Knock Off|p2a: Flaaffy\n|-damage|p2a: Flaaffy|73\/100\n|-enditem|p2a: Flaaffy|Heat Rock|[from] move: Knock Off|[of] p1a: Pawmo\n|move|p2a: Flaaffy|Light Screen|p2a: Flaaffy\n|-sidestart|p2: Solaris2003|move: Light Screen\n|\n|upkeep\n|turn|2\n|\n|t:|1699919897\n|move|p1a: Pawmo|Super Fang|p2a: Flaaffy\n|-damage|p2a: Flaaffy|37\/100\n|move|p2a: Flaaffy|Sunny Day|p2a: Flaaffy\n|-weather|SunnyDay\n|\n|-weather|SunnyDay|[upkeep]\n|upkeep\n|turn|3\n|\n|t:|1699919903\n|move|p1a: Pawmo|Knock Off|p2a: Flaaffy\n|-damage|p2a: Flaaffy|19\/100\n|move|p2a: Flaaffy|Volt Switch|p1a: Pawmo\n|-resisted|p1a: Pawmo\n|-damage|p1a: Pawmo|92\/100\n|\n|t:|1699919909\n|switch|p2a: Glockeon Jr|Leafeon, M|100\/100|[from] Volt Switch\n|\n|-weather|SunnyDay|[upkeep]\n|upkeep\n|turn|4\n|\n|t:|1699919920\n|move|p2a: Glockeon Jr|Swords Dance|p2a: Glockeon Jr\n|-boost|p2a: Glockeon Jr|atk|2\n|move|p1a: Pawmo|Knock Off|p2a: Glockeon Jr\n|-damage|p2a: Glockeon Jr|83\/100\n|-enditem|p2a: Glockeon Jr|Life Orb|[from] move: Knock Off|[of] p1a: Pawmo\n|\n|-weather|SunnyDay|[upkeep]\n|upkeep\n|turn|5\n|\n|t:|1699919928\n|move|p2a: Glockeon Jr|Solar Blade||[still]\n|-prepare|p2a: Glockeon Jr|Solar Blade\n|-anim|p2a: Glockeon Jr|Solar Blade|p1a: Pawmo\n|-damage|p1a: Pawmo|0 fnt\n|faint|p1a: Pawmo\n|\n|-weather|SunnyDay|[upkeep]\n|-sideend|p2: Solaris2003|move: Light Screen\n|upkeep\n|\n|t:|1699919932\n|switch|p1a: Arcanine|Arcanine, F|100\/100\n|-ability|p1a: Arcanine|Intimidate|boost\n|-unboost|p2a: Glockeon Jr|atk|1\n|turn|6\n|\n|t:|1699919941\n|move|p2a: Glockeon Jr|Knock Off|p1a: Arcanine\n|-crit|p1a: Arcanine\n|-damage|p1a: Arcanine|0 fnt\n|-enditem|p1a: Arcanine|Heavy-Duty Boots|[from] move: Knock Off|[of] p2a: Glockeon Jr\n|faint|p1a: Arcanine\n|\n|-weather|none\n|upkeep\n|\n|t:|1699919946\n|switch|p1a: Spiritomb|Spiritomb, F, shiny|100\/100\n|-ability|p1a: Spiritomb|Pressure\n|turn|7\n|\n|t:|1699919995\n|switch|p2a: Copperajah|Copperajah, M|100\/100\n|move|p1a: Spiritomb|Trick Room|p1a: Spiritomb\n|-fieldstart|move: Trick Room|[of] p1a: Spiritomb\n|\n|upkeep\n|turn|8\n|\n|t:|1699920005\n|switch|p1a: Umbreon|Umbreon, M|100\/100\n|move|p2a: Copperajah|Stealth Rock|p1a: Umbreon\n|-sidestart|p1: PyroGaleZX|move: Stealth Rock\n|\n|upkeep\n|turn|9\n|\n|t:|1699920023\n|switch|p1a: Spiritomb|Spiritomb, F, shiny|100\/100\n|-damage|p1a: Spiritomb|88\/100|[from] Stealth Rock\n|-ability|p1a: Spiritomb|Pressure\n|move|p2a: Copperajah|Stone Edge|p1a: Spiritomb\n|-crit|p1a: Spiritomb\n|-damage|p1a: Spiritomb|32\/100\n|\n|upkeep\n|turn|10\n|\n|t:|1699920036\n|move|p1a: Spiritomb|Destiny Bond|p1a: Spiritomb\n|-singlemove|p1a: Spiritomb|Destiny Bond\n|move|p2a: Copperajah|Heavy Slam|p1a: Spiritomb\n|-damage|p1a: Spiritomb|0 fnt\n|faint|p1a: Spiritomb\n|-activate|p1a: Spiritomb|move: Destiny Bond\n|faint|p2a: Copperajah\n|\n|upkeep\n|\n|t:|1699920081\n|switch|p1a: Enamorus|Enamorus-Therian, F|100\/100\n|switch|p2a: Cinderace|Cinderace, M|100\/100\n|-damage|p1a: Enamorus|76\/100|[from] Stealth Rock\n|turn|11\n|\n|t:|1699920090\n|move|p1a: Enamorus|Iron Defense|p1a: Enamorus\n|-boost|p1a: Enamorus|def|2\n|move|p2a: Cinderace|Gunk Shot|p1a: Enamorus\n|-start|p2a: Cinderace|typechange|Poison|[from] ability: Libero\n|-supereffective|p1a: Enamorus\n|-damage|p1a: Enamorus|19\/100\n|\n|-fieldend|move: Trick Room\n|upkeep\n|turn|12\n|\n|t:|1699920102\n|move|p2a: Cinderace|Gunk Shot|p1a: Enamorus\n|-supereffective|p1a: Enamorus\n|-damage|p1a: Enamorus|0 fnt\n|faint|p1a: Enamorus\n|\n|upkeep\n|\n|t:|1699920106\n|switch|p1a: Umbreon|Umbreon, M|100\/100\n|-damage|p1a: Umbreon|88\/100|[from] Stealth Rock\n|turn|13\n|\n|t:|1699920111\n|move|p2a: Cinderace|Pyro Ball|p1a: Umbreon\n|-damage|p1a: Umbreon|59\/100\n|move|p1a: Umbreon|Foul Play|p2a: Cinderace\n|-damage|p2a: Cinderace|31\/100\n|\n|-heal|p1a: Umbreon|65\/100|[from] item: Leftovers\n|upkeep\n|turn|14\n|\n|t:|1699920122\n|-terastallize|p1a: Umbreon|Poison\n|move|p2a: Cinderace|Gunk Shot|p1a: Umbreon\n|-resisted|p1a: Umbreon\n|-damage|p1a: Umbreon|44\/100\n|move|p1a: Umbreon|Wish|p1a: Umbreon\n|\n|-heal|p1a: Umbreon|50\/100|[from] item: Leftovers\n|upkeep\n|turn|15\n|\n|t:|1699920134\n|move|p2a: Cinderace|Pyro Ball|p1a: Umbreon\n|-damage|p1a: Umbreon|21\/100\n|move|p1a: Umbreon|Foul Play|p2a: Cinderace\n|-damage|p2a: Cinderace|0 fnt\n|faint|p2a: Cinderace\n|\n|-heal|p1a: Umbreon|71\/100|[from] move: Wish|[wisher] Umbreon\n|-heal|p1a: Umbreon|77\/100|[from] item: Leftovers\n|upkeep\n|\n|t:|1699920146\n|switch|p2a: Lycanroc|Lycanroc-Dusk, M|100\/100\n|turn|16\n|\n|t:|1699920160\n|move|p1a: Umbreon|Protect|p1a: Umbreon\n|-singleturn|p1a: Umbreon|Protect\n|move|p2a: Lycanroc|Psychic Fangs|p1a: Umbreon\n|-activate|p1a: Umbreon|move: Protect\n|\n|-heal|p1a: Umbreon|83\/100|[from] item: Leftovers\n|upkeep\n|turn|17\n|\n|t:|1699920167\n|move|p2a: Lycanroc|Psychic Fangs|p1a: Umbreon\n|-supereffective|p1a: Umbreon\n|-damage|p1a: Umbreon|0 fnt\n|faint|p1a: Umbreon\n|\n|upkeep\n|\n|t:|1699920169\n|switch|p1a: Samurott|Samurott-Hisui, M|100\/100\n|-damage|p1a: Samurott|88\/100|[from] Stealth Rock\n|turn|18\n|\n|t:|1699920178\n|switch|p2a: Noivern|Noivern, F|100\/100\n|move|p1a: Samurott|Razor Shell|p2a: Noivern\n|-resisted|p2a: Noivern\n|-damage|p2a: Noivern|53\/100\n|\n|upkeep\n|turn|19\n|\n|t:|1699920185\n|move|p2a: Noivern|Sunny Day|p2a: Noivern\n|-weather|SunnyDay\n|move|p1a: Samurott|Razor Shell|p2a: Noivern\n|-resisted|p2a: Noivern\n|-damage|p2a: Noivern|28\/100\n|-unboost|p2a: Noivern|def|1\n|\n|-weather|SunnyDay|[upkeep]\n|upkeep\n|turn|20\n|\n|t:|1699920192\n|move|p2a: Noivern|Draco Meteor|p1a: Samurott\n|-damage|p1a: Samurott|0 fnt\n|-unboost|p2a: Noivern|spa|2\n|faint|p1a: Samurott\n|-damage|p2a: Noivern|18\/100|[from] item: Life Orb\n|\n|win|Solaris2003\n","uploadtime":1699920196,"views":9,"p1id":"pyrogalezx","p2id":"solaris2003","formatid":"gen9nationaldex","rating":0,"private":0,"password":""}