{"id":"gen9nationaldex-1995169218","p1":"Dumbgimmic.png","p2":"Thomas Manseau 18","format":"[Gen 9] National Dex","log":"|html|<div class=\"broadcast-blue\"><strong>[Gen 9] National Dex is currently suspecting Sneasler! For information on how to participate check out the <a href=\"https:\/\/www.smogon.com\/forums\/threads\/sv-national-dex-suspect-8-just-dance.3731534\/\">suspect thread<\/a>.<\/strong><\/div>\n|j|\u2606Dumbgimmic.png\n|j|\u2606Thomas Manseau 18\n|t:|1700530325\n|gametype|singles\n|player|p1|Dumbgimmic.png|lady-gen4|1073\n|player|p2|Thomas Manseau 18|lucas|1067\n|teamsize|p1|6\n|teamsize|p2|6\n|gen|9\n|tier|[Gen 9] National Dex\n|rated|\n|rule|HP Percentage Mod: HP is shown in percentages\n|rule|Endless Battle Clause: Forcing endless battles is banned\n|rule|OHKO Clause: OHKO moves are banned\n|rule|Evasion Clause: Evasion abilities, items, and moves are banned\n|rule|Evasion Abilities Clause: Evasion abilities are banned\n|rule|Evasion Items Clause: Evasion items are banned\n|rule|Evasion Moves Clause: Evasion moves are banned\n|rule|Species Clause: Limit one of each Pok\u00e9mon\n|rule|Sleep Clause Mod: Limit one foe put to sleep\n|clearpoke\n|poke|p1|Decidueye-Hisui, F|\n|poke|p1|Samurott-Hisui, F|\n|poke|p1|Charizard, M|\n|poke|p1|Farigiraf, F|\n|poke|p1|Mudsdale, F|\n|poke|p1|Slither Wing|\n|poke|p2|Pinsir, M|\n|poke|p2|Ferrothorn, M|\n|poke|p2|Landorus-Therian, M|\n|poke|p2|Rotom-Wash|\n|poke|p2|Heatran, F|\n|poke|p2|Tapu Lele|\n|teampreview\n|inactive|Battle timer is ON: inactive players will automatically lose when time's up. (requested by Thomas Manseau 18)\n|\n|t:|1700530350\n|start\n|switch|p1a: Charizard|Charizard, M|100\/100\n|switch|p2a: Tapu Lele|Tapu Lele|100\/100\n|-fieldstart|move: Psychic Terrain|[from] ability: Psychic Surge|[of] p2a: Tapu Lele\n|turn|1\n|\n|t:|1700530366\n|detailschange|p1a: Charizard|Charizard-Mega-Y, M\n|-mega|p1a: Charizard|Charizard|Charizardite Y\n|-weather|SunnyDay|[from] ability: Drought|[of] p1a: Charizard\n|move|p1a: Charizard|Blast Burn|p2a: Tapu Lele\n|-damage|p2a: Tapu Lele|0 fnt\n|-mustrecharge|p1a: Charizard\n|faint|p2a: Tapu Lele\n|\n|-weather|SunnyDay|[upkeep]\n|upkeep\n|\n|t:|1700530378\n|switch|p2a: Pinsir|Pinsir, M|100\/100\n|turn|2\n|\n|t:|1700530384\n|detailschange|p2a: Pinsir|Pinsir-Mega, M\n|-mega|p2a: Pinsir|Pinsir|Pinsirite\n|move|p2a: Pinsir|Swords Dance|p2a: Pinsir\n|-boost|p2a: Pinsir|atk|2\n|cant|p1a: Charizard|recharge\n|\n|-weather|SunnyDay|[upkeep]\n|upkeep\n|turn|3\n|\n|t:|1700530392\n|switch|p1a: Mudsdale|Mudsdale, F|100\/100\n|move|p2a: Pinsir|Return|p1a: Mudsdale\n|-damage|p1a: Mudsdale|2\/100\n|-ability|p1a: Mudsdale|Stamina|boost\n|-boost|p1a: Mudsdale|def|1\n|\n|-weather|SunnyDay|[upkeep]\n|-heal|p1a: Mudsdale|8\/100|[from] item: Leftovers\n|upkeep\n|turn|4\n|\n|t:|1700530403\n|move|p2a: Pinsir|Return|p1a: Mudsdale\n|-damage|p1a: Mudsdale|0 fnt\n|faint|p1a: Mudsdale\n|\n|-weather|SunnyDay|[upkeep]\n|upkeep\n|\n|t:|1700530418\n|switch|p1a: Slither Wing|Slither Wing|100\/100\n|-activate|p1a: Slither Wing|ability: Protosynthesis\n|-start|p1a: Slither Wing|protosynthesisatk\n|turn|5\n|\n|t:|1700530424\n|move|p1a: Slither Wing|First Impression|p2a: Pinsir\n|-hint|Psychic Terrain doesn't affect Pok\u00e9mon immune to Ground.\n|-resisted|p2a: Pinsir\n|-damage|p2a: Pinsir|49\/100\n|-damage|p1a: Slither Wing|91\/100|[from] item: Life Orb\n|move|p2a: Pinsir|Return|p1a: Slither Wing\n|-supereffective|p1a: Slither Wing\n|-damage|p1a: Slither Wing|0 fnt\n|faint|p1a: Slither Wing\n|-end|p1a: Slither Wing|Protosynthesis|[silent]\n|\n|-weather|none\n|-fieldend|move: Psychic Terrain\n|upkeep\n|inactive|Dumbgimmic.png has 120 seconds left.\n|\n|t:|1700530445\n|switch|p1a: Samurott|Samurott-Hisui, F|100\/100\n|turn|6\n|\n|t:|1700530450\n|move|p1a: Samurott|Sucker Punch|p2a: Pinsir\n|-damage|p2a: Pinsir|0 fnt\n|faint|p2a: Pinsir\n|-damage|p1a: Samurott|91\/100|[from] item: Life Orb\n|\n|upkeep\n|\n|t:|1700530458\n|switch|p2a: Ferrothorn|Ferrothorn, M|100\/100\n|turn|7\n|\n|t:|1700530470\n|move|p1a: Samurott|Ceaseless Edge|p2a: Ferrothorn\n|-damage|p2a: Ferrothorn|61\/100\n|-damage|p1a: Samurott|78\/100|[from] ability: Iron Barbs|[of] p2a: Ferrothorn\n|-sidestart|p2: Thomas Manseau 18|Spikes\n|-damage|p1a: Samurott|68\/100|[from] item: Life Orb\n|move|p2a: Ferrothorn|Leech Seed|p1a: Samurott\n|-start|p1a: Samurott|move: Leech Seed\n|\n|-heal|p2a: Ferrothorn|67\/100|[from] item: Leftovers\n|-damage|p1a: Samurott|56\/100|[from] Leech Seed|[of] p2a: Ferrothorn\n|-heal|p2a: Ferrothorn|78\/100|[silent]\n|upkeep\n|turn|8\n|\n|t:|1700530482\n|move|p1a: Samurott|Ceaseless Edge|p2a: Ferrothorn\n|-damage|p2a: Ferrothorn|39\/100\n|-damage|p1a: Samurott|43\/100|[from] ability: Iron Barbs|[of] p2a: Ferrothorn\n|-sidestart|p2: Thomas Manseau 18|Spikes\n|-damage|p1a: Samurott|33\/100|[from] item: Life Orb\n|move|p2a: Ferrothorn|Stealth Rock|p1a: Samurott\n|-sidestart|p1: Dumbgimmic.png|move: Stealth Rock\n|\n|-heal|p2a: Ferrothorn|45\/100|[from] item: Leftovers\n|-damage|p1a: Samurott|21\/100|[from] Leech Seed|[of] p2a: Ferrothorn\n|-heal|p2a: Ferrothorn|56\/100|[silent]\n|upkeep\n|turn|9\n|\n|t:|1700530500\n|switch|p2a: Landorus|Landorus-Therian, M|100\/100\n|-ability|p2a: Landorus|Intimidate|boost\n|-unboost|p1a: Samurott|atk|1\n|move|p1a: Samurott|Ceaseless Edge|p2a: Landorus\n|-damage|p2a: Landorus|63\/100\n|-sidestart|p2: Thomas Manseau 18|Spikes\n|-damage|p1a: Samurott|11\/100|[from] item: Life Orb\n|\n|-heal|p2a: Landorus|69\/100|[from] item: Leftovers\n|-damage|p1a: Samurott|0 fnt|[from] Leech Seed|[of] p2a: Landorus\n|-heal|p2a: Landorus|78\/100|[silent]\n|faint|p1a: Samurott\n|upkeep\n|inactive|Dumbgimmic.png has 120 seconds left.\n|\n|t:|1700530526\n|switch|p1a: Decidueye|Decidueye-Hisui, F|100\/100\n|-damage|p1a: Decidueye|94\/100|[from] Stealth Rock\n|turn|10\n|\n|t:|1700530552\n|-terastallize|p1a: Decidueye|Flying\n|move|p2a: Landorus|U-turn|p1a: Decidueye\n|-resisted|p1a: Decidueye\n|-damage|p1a: Decidueye|83\/100\n|\n|t:|1700530556\n|switch|p2a: Heatran|Heatran, F|100\/100|[from] U-turn\n|-damage|p2a: Heatran|76\/100|[from] Spikes\n|move|p1a: Decidueye|Trailblaze|p2a: Heatran\n|-resisted|p2a: Heatran\n|-damage|p2a: Heatran|71\/100\n|-boost|p1a: Decidueye|spe|1\n|\n|-heal|p2a: Heatran|77\/100|[from] item: Leftovers\n|upkeep\n|turn|11\n|inactive|Dumbgimmic.png has 120 seconds left.\n|\n|t:|1700530578\n|move|p1a: Decidueye|Triple Arrows|p2a: Heatran\n|-supereffective|p2a: Heatran\n|-damage|p2a: Heatran|2\/100\n|-unboost|p2a: Heatran|def|1\n|move|p2a: Heatran|Magma Storm|p1a: Decidueye\n|-damage|p1a: Decidueye|40\/100\n|-activate|p1a: Decidueye|move: Magma Storm|[of] p2a: Heatran\n|-enditem|p1a: Decidueye|Sitrus Berry|[eat]\n|-heal|p1a: Decidueye|65\/100|[from] item: Sitrus Berry\n|\n|-heal|p2a: Heatran|8\/100|[from] item: Leftovers\n|-damage|p1a: Decidueye|53\/100|[from] move: Magma Storm|[partiallytrapped]\n|upkeep\n|turn|12\n|inactive|Thomas Manseau 18 has 120 seconds left.\n|\n|t:|1700530601\n|move|p1a: Decidueye|Trailblaze|p2a: Heatran\n|-resisted|p2a: Heatran\n|-damage|p2a: Heatran|0 fnt\n|-boost|p1a: Decidueye|spe|1\n|faint|p2a: Heatran\n|\n|-end|p1a: Decidueye|Magma Storm|[partiallytrapped]|[silent]\n|upkeep\n|inactive|Thomas Manseau 18 has 120 seconds left.\n|\n|t:|1700530608\n|switch|p2a: Landorus|Landorus-Therian, M|78\/100\n|-ability|p2a: Landorus|Intimidate|boost\n|-fail|p1a: Decidueye|unboost|Attack|[from] ability: Scrappy|[of] p1a: Decidueye\n|turn|13\n|\n|t:|1700530617\n|move|p1a: Decidueye|Synthesis|p1a: Decidueye\n|-heal|p1a: Decidueye|100\/100\n|move|p2a: Landorus|Defog|p1a: Decidueye\n|-unboost|p1a: Decidueye|evasion|1\n|-sideend|p1: Dumbgimmic.png|Stealth Rock|[from] move: Defog|[of] p2a: Landorus\n|-sideend|p2: Thomas Manseau 18|Spikes|[from] move: Defog|[of] p2a: Landorus\n|\n|-heal|p2a: Landorus|85\/100|[from] item: Leftovers\n|upkeep\n|turn|14\n|inactive|Dumbgimmic.png has 120 seconds left.\n|-message|Thomas Manseau 18 forfeited.\n|\n|win|Dumbgimmic.png\n|raw|Dumbgimmic.png's rating: 1073 &rarr; <strong>1102<\/strong><br \/>(+29 for winning)\n|raw|Thomas Manseau 18's rating: 1067 &rarr; <strong>1047<\/strong><br \/>(-20 for losing)\n|l|\u2606Thomas Manseau 18\n","uploadtime":1700530693,"views":2,"p1id":"dumbgimmicpng","p2id":"thomasmanseau18","formatid":"gen9nationaldex","rating":1047,"private":0,"password":""}