{"id":"gen9nationaldex-1995375333","p1":"ditissjoerd","p2":"vladisfaction","format":"[Gen 9] National Dex","log":"|html|<div class=\"broadcast-blue\"><strong>[Gen 9] National Dex is currently suspecting Sneasler! For information on how to participate check out the <a href=\"https:\/\/www.smogon.com\/forums\/threads\/sv-national-dex-suspect-8-just-dance.3731534\/\">suspect thread<\/a>.<\/strong><\/div>\n|j|\u2606ditissjoerd\n|j|\u2606vladisfaction\n|t:|1700562091\n|gametype|singles\n|player|p1|ditissjoerd|clown|1483\n|player|p2|vladisfaction|265|1383\n|teamsize|p1|6\n|teamsize|p2|6\n|gen|9\n|tier|[Gen 9] National Dex\n|rated|\n|rule|HP Percentage Mod: HP is shown in percentages\n|rule|Endless Battle Clause: Forcing endless battles is banned\n|rule|OHKO Clause: OHKO moves are banned\n|rule|Evasion Clause: Evasion abilities, items, and moves are banned\n|rule|Evasion Abilities Clause: Evasion abilities are banned\n|rule|Evasion Items Clause: Evasion items are banned\n|rule|Evasion Moves Clause: Evasion moves are banned\n|rule|Species Clause: Limit one of each Pok\u00e9mon\n|rule|Sleep Clause Mod: Limit one foe put to sleep\n|clearpoke\n|poke|p1|Absol, F|\n|poke|p1|Volcarona, F|\n|poke|p1|Klefki, M|\n|poke|p1|Salamence, M|\n|poke|p1|Ferrothorn, F|\n|poke|p1|Quaquaval, M|\n|poke|p2|Samurott-Hisui, F|\n|poke|p2|Gliscor, F|\n|poke|p2|Venusaur, M|\n|poke|p2|Skeledirge, M|\n|poke|p2|Blissey, F|\n|poke|p2|Slowbro, F|\n|teampreview\n|inactive|Battle timer is ON: inactive players will automatically lose when time's up. (requested by ditissjoerd)\n|\n|t:|1700562104\n|start\n|switch|p1a: Volcarona|Volcarona, F|100\/100\n|switch|p2a: Venice|Gliscor, F|100\/100\n|turn|1\n|\n|t:|1700562110\n|move|p1a: Volcarona|Quiver Dance|p1a: Volcarona\n|-boost|p1a: Volcarona|spa|1\n|-boost|p1a: Volcarona|spd|1\n|-boost|p1a: Volcarona|spe|1\n|move|p2a: Venice|Earthquake|p1a: Volcarona\n|-damage|p1a: Volcarona|46\/100\n|\n|-status|p2a: Venice|tox|[from] item: Toxic Orb\n|upkeep\n|turn|2\n|\n|t:|1700562136\n|move|p1a: Volcarona|Fiery Dance|p2a: Venice\n|-damage|p2a: Venice|43\/100 tox\n|-boost|p1a: Volcarona|spa|1\n|move|p2a: Venice|Earthquake|p1a: Volcarona\n|-damage|p1a: Volcarona|0 fnt\n|faint|p1a: Volcarona\n|\n|-heal|p2a: Venice|56\/100 tox|[from] ability: Poison Heal\n|upkeep\n|\n|t:|1700562140\n|switch|p1a: Quaquaval|Quaquaval, M|100\/100\n|turn|3\n|\n|t:|1700562148\n|switch|p2a: Slowbro|Slowbro, F, shiny|100\/100\n|move|p1a: Quaquaval|Aqua Step|p2a: Slowbro\n|-resisted|p2a: Slowbro\n|-damage|p2a: Slowbro|89\/100\n|-boost|p1a: Quaquaval|spe|1\n|\n|upkeep\n|turn|4\n|\n|t:|1700562155\n|move|p1a: Quaquaval|U-turn|p2a: Slowbro\n|-supereffective|p2a: Slowbro\n|-damage|p2a: Slowbro|62\/100\n|\n|t:|1700562157\n|switch|p1a: Ferrothorn|Ferrothorn, F|100\/100|[from] U-turn\n|move|p2a: Slowbro|Scald|p1a: Ferrothorn\n|-resisted|p1a: Ferrothorn\n|-damage|p1a: Ferrothorn|89\/100\n|\n|upkeep\n|turn|5\n|\n|t:|1700562164\n|move|p2a: Slowbro|Protect|p2a: Slowbro\n|-singleturn|p2a: Slowbro|Protect\n|move|p1a: Ferrothorn|Knock Off|p2a: Slowbro\n|-activate|p2a: Slowbro|move: Protect\n|\n|upkeep\n|turn|6\n|\n|t:|1700562168\n|switch|p2a: Gorf|Venusaur, M, shiny|100\/100\n|move|p1a: Ferrothorn|Knock Off|p2a: Gorf\n|-damage|p2a: Gorf|87\/100\n|\n|upkeep\n|turn|7\n|\n|t:|1700562171\n|detailschange|p2a: Gorf|Venusaur-Mega, M, shiny\n|-mega|p2a: Gorf|Venusaur|Venusaurite\n|move|p2a: Gorf|Hidden Power|p1a: Ferrothorn\n|-supereffective|p1a: Ferrothorn\n|-damage|p1a: Ferrothorn|32\/100\n|move|p1a: Ferrothorn|Stealth Rock|p2a: Gorf\n|-sidestart|p2: vladisfaction|move: Stealth Rock\n|\n|upkeep\n|turn|8\n|\n|t:|1700562179\n|switch|p1a: Klefki|Klefki, M|100\/100\n|move|p2a: Gorf|Giga Drain|p1a: Klefki\n|-resisted|p1a: Klefki\n|-damage|p1a: Klefki|82\/100\n|-heal|p2a: Gorf|95\/100|[from] drain|[of] p1a: Klefki\n|\n|upkeep\n|turn|9\n|\n|t:|1700562183\n|move|p1a: Klefki|Thunder Wave|p2a: Gorf\n|-status|p2a: Gorf|par\n|move|p2a: Gorf|Earth Power|p1a: Klefki\n|-supereffective|p1a: Klefki\n|-damage|p1a: Klefki|21\/100\n|-unboost|p1a: Klefki|spd|1\n|\n|upkeep\n|turn|10\n|\n|t:|1700562188\n|move|p1a: Klefki|Light Screen|p1a: Klefki\n|-sidestart|p1: ditissjoerd|move: Light Screen\n|move|p2a: Gorf|Hidden Power|p1a: Klefki\n|-supereffective|p1a: Klefki\n|-damage|p1a: Klefki|0 fnt\n|faint|p1a: Klefki\n|\n|upkeep\n|\n|t:|1700562193\n|switch|p1a: Salamence|Salamence, M|100\/100\n|turn|11\n|inactive|vladisfaction has 120 seconds left.\n|\n|t:|1700562224\n|switch|p2a: Slowbro|Slowbro, F, shiny|96\/100\n|move|p1a: Salamence|Dragon Dance|p1a: Salamence\n|-boost|p1a: Salamence|atk|1\n|-boost|p1a: Salamence|spe|1\n|\n|upkeep\n|turn|12\n|\n|t:|1700562230\n|move|p1a: Salamence|Dragon Dance|p1a: Salamence\n|-boost|p1a: Salamence|atk|1\n|-boost|p1a: Salamence|spe|1\n|move|p2a: Slowbro|Toxic|p1a: Salamence\n|-status|p1a: Salamence|tox\n|\n|-damage|p1a: Salamence|94\/100 tox|[from] psn\n|upkeep\n|turn|13\n|\n|t:|1700562238\n|move|p2a: Slowbro|Protect|p2a: Slowbro\n|-singleturn|p2a: Slowbro|Protect\n|move|p1a: Salamence|Earthquake|p2a: Slowbro\n|-activate|p2a: Slowbro|move: Protect\n|\n|-damage|p1a: Salamence|82\/100 tox|[from] psn\n|upkeep\n|turn|14\n|\n|t:|1700562247\n|move|p1a: Salamence|Dual Wingbeat|p2a: Slowbro\n|-damage|p2a: Slowbro|67\/100\n|-damage|p2a: Slowbro|37\/100\n|-hitcount|p2a: Slowbro|2\n|move|p2a: Slowbro|Slack Off|p2a: Slowbro\n|-heal|p2a: Slowbro|87\/100\n|\n|-damage|p1a: Salamence|64\/100 tox|[from] psn\n|upkeep\n|turn|15\n|\n|t:|1700562253\n|move|p1a: Salamence|Dragon Dance|p1a: Salamence\n|-boost|p1a: Salamence|atk|1\n|-boost|p1a: Salamence|spe|1\n|move|p2a: Slowbro|Scald|p1a: Salamence\n|-resisted|p1a: Salamence\n|-damage|p1a: Salamence|56\/100 tox\n|\n|-damage|p1a: Salamence|32\/100 tox|[from] psn\n|upkeep\n|turn|16\n|\n|t:|1700562256\n|move|p2a: Slowbro|Protect|p2a: Slowbro\n|-singleturn|p2a: Slowbro|Protect\n|move|p1a: Salamence|Dual Wingbeat|p2a: Slowbro\n|-activate|p2a: Slowbro|move: Protect\n|\n|-damage|p1a: Salamence|2\/100 tox|[from] psn\n|upkeep\n|turn|17\n|\n|t:|1700562261\n|move|p1a: Salamence|Dual Wingbeat|p2a: Slowbro\n|-damage|p2a: Slowbro|53\/100\n|-damage|p2a: Slowbro|20\/100\n|-hitcount|p2a: Slowbro|2\n|move|p2a: Slowbro|Slack Off|p2a: Slowbro\n|-heal|p2a: Slowbro|70\/100\n|\n|-damage|p1a: Salamence|0 fnt|[from] psn\n|faint|p1a: Salamence\n|-sideend|p1: ditissjoerd|move: Light Screen\n|upkeep\n|\n|t:|1700562266\n|switch|p1a: Ferrothorn|Ferrothorn, F|32\/100\n|turn|18\n|\n|t:|1700562271\n|switch|p2a: Gorf|Venusaur-Mega, M, shiny|95\/100 par\n|-damage|p2a: Gorf|83\/100 par|[from] Stealth Rock\n|move|p1a: Ferrothorn|Knock Off|p2a: Gorf\n|-damage|p2a: Gorf|74\/100 par\n|\n|upkeep\n|turn|19\n|\n|t:|1700562277\n|switch|p1a: Quaquaval|Quaquaval, M|100\/100\n|cant|p2a: Gorf|par\n|\n|upkeep\n|turn|20\n|\n|t:|1700562282\n|move|p1a: Quaquaval|U-turn|p2a: Gorf\n|-damage|p2a: Gorf|58\/100 par\n|\n|t:|1700562284\n|switch|p1a: Absol|Absol, F|100\/100|[from] U-turn\n|move|p2a: Gorf|Giga Drain|p1a: Absol\n|-damage|p1a: Absol|45\/100\n|-heal|p2a: Gorf|78\/100 par|[from] drain|[of] p1a: Absol\n|\n|upkeep\n|turn|21\n|\n|t:|1700562288\n|detailschange|p1a: Absol|Absol-Mega, F\n|-mega|p1a: Absol|Absol|Absolite\n|move|p1a: Absol|Hone Claws|p1a: Absol\n|-boost|p1a: Absol|atk|1\n|-boost|p1a: Absol|accuracy|1\n|move|p2a: Gorf|Giga Drain|p1a: Absol\n|-damage|p1a: Absol|0 fnt\n|-heal|p2a: Gorf|95\/100 par|[from] drain|[of] p1a: Absol\n|faint|p1a: Absol\n|\n|upkeep\n|-message|ditissjoerd forfeited.\n|\n|win|vladisfaction\n|raw|ditissjoerd's rating: 1483 &rarr; <strong>1457<\/strong><br \/>(-26 for losing)\n|raw|vladisfaction's rating: 1383 &rarr; <strong>1409<\/strong><br \/>(+26 for winning)\n|l|\u2606ditissjoerd\n|l|\u2606vladisfaction\n","uploadtime":1700562357,"views":2,"p1id":"ditissjoerd","p2id":"vladisfaction","formatid":"gen9nationaldex","rating":1409,"private":0,"password":""}