{"id":"gen9nationaldex-1994603820","p1":"TheGrassKing1","p2":"Meelll0","format":"[Gen 9] National Dex","log":"|html|<div class=\"broadcast-blue\"><strong>[Gen 9] National Dex is currently suspecting Sneasler! For information on how to participate check out the <a href=\"https:\/\/www.smogon.com\/forums\/threads\/sv-national-dex-suspect-8-just-dance.3731534\/\">suspect thread<\/a>.<\/strong><\/div>\n|j|\u2606TheGrassKing1\n|j|\u2606Meelll0\n|t:|1700467844\n|gametype|singles\n|player|p1|TheGrassKing1|morty-masters2|1716\n|player|p2|Meelll0|n|1748\n|teamsize|p1|6\n|teamsize|p2|6\n|gen|9\n|tier|[Gen 9] National Dex\n|rated|\n|rule|HP Percentage Mod: HP is shown in percentages\n|rule|Endless Battle Clause: Forcing endless battles is banned\n|rule|OHKO Clause: OHKO moves are banned\n|rule|Evasion Clause: Evasion abilities, items, and moves are banned\n|rule|Evasion Abilities Clause: Evasion abilities are banned\n|rule|Evasion Items Clause: Evasion items are banned\n|rule|Evasion Moves Clause: Evasion moves are banned\n|rule|Species Clause: Limit one of each Pok\u00e9mon\n|rule|Sleep Clause Mod: Limit one foe put to sleep\n|clearpoke\n|poke|p1|Torkoal, F|\n|poke|p1|Leafeon, F|\n|poke|p1|Landorus-Therian, M|\n|poke|p1|Heatran, F|\n|poke|p1|Scizor, F|\n|poke|p1|Victini|\n|poke|p2|Aegislash, M|\n|poke|p2|Hatterene, F|\n|poke|p2|Gliscor, F|\n|poke|p2|Heatran, M|\n|poke|p2|Greninja-*, F|\n|poke|p2|Mawile, F|\n|teampreview\n|inactive|Battle timer is ON: inactive players will automatically lose when time's up. (requested by Meelll0)\n|\n|t:|1700467859\n|start\n|switch|p1a: Torkoal|Torkoal, F|100\/100\n|switch|p2a: Greninja|Greninja, F, shiny|100\/100\n|-weather|SunnyDay|[from] ability: Drought|[of] p1a: Torkoal\n|turn|1\n|\n|t:|1700467874\n|switch|p1a: Scizor|Scizor, F|100\/100\n|move|p2a: Greninja|U-turn|p1a: Scizor\n|-start|p2a: Greninja|typechange|Bug|[from] ability: Protean\n|-resisted|p1a: Scizor\n|-damage|p1a: Scizor|93\/100\n|\n|t:|1700467879\n|switch|p2a: Heatran|Heatran, M, shiny|100\/100|[from] U-turn\n|\n|-weather|SunnyDay|[upkeep]\n|upkeep\n|turn|2\n|\n|t:|1700467890\n|switch|p1a: Heatran|Heatran, F|100\/100\n|-item|p1a: Heatran|Air Balloon\n|move|p2a: Heatran|Magma Storm|p1a: Heatran\n|-start|p1a: Heatran|ability: Flash Fire\n|\n|-weather|SunnyDay|[upkeep]\n|upkeep\n|turn|3\n|\n|t:|1700467903\n|switch|p2a: Greninja|Greninja, F, shiny|100\/100\n|move|p1a: Heatran|Stealth Rock|p2a: Greninja\n|-sidestart|p2: Meelll0|move: Stealth Rock\n|\n|-weather|SunnyDay|[upkeep]\n|upkeep\n|turn|4\n|\n|t:|1700467916\n|-end|p1a: Heatran|ability: Flash Fire|[silent]\n|switch|p1a: Landorus|Landorus-Therian, M|100\/100\n|-ability|p1a: Landorus|Intimidate|boost\n|-unboost|p2a: Greninja|atk|1\n|move|p2a: Greninja|U-turn|p1a: Landorus\n|-start|p2a: Greninja|typechange|Bug|[from] ability: Protean\n|-resisted|p1a: Landorus\n|-damage|p1a: Landorus|94\/100\n|-enditem|p1a: Landorus|Eject Button\n|\n|t:|1700467931\n|switch|p1a: Scizor|Scizor, F|93\/100\n|\n|-weather|SunnyDay|[upkeep]\n|upkeep\n|turn|5\n|\n|t:|1700467935\n|detailschange|p1a: Scizor|Scizor-Mega, F\n|-mega|p1a: Scizor|Scizor|Scizorite\n|move|p2a: Greninja|U-turn|p1a: Scizor\n|-resisted|p1a: Scizor\n|-damage|p1a: Scizor|88\/100\n|\n|t:|1700467940\n|switch|p2a: Aegislash|Aegislash, M|100\/100|[from] U-turn\n|-damage|p2a: Aegislash|94\/100|[from] Stealth Rock\n|move|p1a: Scizor|U-turn|p2a: Aegislash\n|-resisted|p2a: Aegislash\n|-damage|p2a: Aegislash|88\/100\n|inactive|TheGrassKing1 has 120 seconds left.\n|\n|t:|1700467979\n|switch|p1a: Victini|Victini|100\/100|[from] U-turn\n|\n|-weather|SunnyDay|[upkeep]\n|-heal|p2a: Aegislash|94\/100|[from] item: Leftovers\n|upkeep\n|turn|6\n|inactive|TheGrassKing1 has 120 seconds left.\n|\n|t:|1700467984\n|move|p2a: Aegislash|King's Shield|p2a: Aegislash\n|-singleturn|p2a: Aegislash|Protect\n|move|p1a: Victini|V-create|p2a: Aegislash\n|-activate|p2a: Aegislash|move: Protect\n|-unboost|p1a: Victini|atk|1\n|\n|-weather|SunnyDay|[upkeep]\n|-heal|p2a: Aegislash|99\/100|[from] item: Leftovers\n|upkeep\n|turn|7\n|\n|t:|1700467988\n|move|p1a: Victini|V-create|p2a: Aegislash\n|-supereffective|p2a: Aegislash\n|-damage|p2a: Aegislash|0 fnt\n|-unboost|p1a: Victini|spe|1\n|-unboost|p1a: Victini|def|1\n|-unboost|p1a: Victini|spd|1\n|faint|p2a: Aegislash\n|\n|-weather|SunnyDay|[upkeep]\n|upkeep\n|\n|t:|1700467999\n|switch|p2a: Heatran|Heatran, M, shiny|100\/100\n|-damage|p2a: Heatran|88\/100|[from] Stealth Rock\n|turn|8\n|\n|t:|1700468007\n|switch|p1a: Heatran|Heatran, F|100\/100\n|-item|p1a: Heatran|Air Balloon\n|switch|p2a: Greninja|Greninja, F, shiny|100\/100\n|-damage|p2a: Greninja|88\/100|[from] Stealth Rock\n|\n|-weather|none\n|upkeep\n|turn|9\n|\n|t:|1700468028\n|switch|p1a: Scizor|Scizor-Mega, F|88\/100\n|move|p2a: Greninja|Dark Pulse|p1a: Scizor\n|-start|p2a: Greninja|typechange|Dark|[from] ability: Protean\n|-damage|p1a: Scizor|45\/100\n|\n|upkeep\n|turn|10\n|inactive|TheGrassKing1 has 120 seconds left.\n|\n|t:|1700468049\n|switch|p2a: Heatran|Heatran, M, shiny|88\/100\n|-damage|p2a: Heatran|76\/100|[from] Stealth Rock\n|move|p1a: Scizor|Bullet Punch|p2a: Heatran\n|-resisted|p2a: Heatran\n|-damage|p2a: Heatran|70\/100\n|\n|-heal|p2a: Heatran|77\/100|[from] item: Leftovers\n|upkeep\n|turn|11\n|inactive|TheGrassKing1 has 120 seconds left.\n|\n|t:|1700468061\n|switch|p2a: Greninja|Greninja, F, shiny|88\/100\n|-damage|p2a: Greninja|76\/100|[from] Stealth Rock\n|switch|p1a: Heatran|Heatran, F|100\/100\n|-item|p1a: Heatran|Air Balloon\n|\n|upkeep\n|turn|12\n|inactive|TheGrassKing1 has 120 seconds left.\n|inactive|TheGrassKing1 has 90 seconds left.\n|\n|t:|1700468102\n|switch|p1a: Torkoal|Torkoal, F|100\/100\n|-weather|SunnyDay|[from] ability: Drought|[of] p1a: Torkoal\n|move|p2a: Greninja|Surf|p1a: Torkoal\n|-start|p2a: Greninja|typechange|Water|[from] ability: Protean\n|-supereffective|p1a: Torkoal\n|-damage|p1a: Torkoal|46\/100\n|\n|-weather|SunnyDay|[upkeep]\n|upkeep\n|turn|13\n|j| haokunya\n|\n|t:|1700468115\n|switch|p2a: Heatran|Heatran, M, shiny|77\/100\n|-damage|p2a: Heatran|64\/100|[from] Stealth Rock\n|switch|p1a: Leafeon|Leafeon, F|100\/100\n|\n|-weather|SunnyDay|[upkeep]\n|-heal|p2a: Heatran|70\/100|[from] item: Leftovers\n|upkeep\n|turn|14\n|l| haokunya\n|\n|t:|1700468120\n|switch|p1a: Heatran|Heatran, F|100\/100\n|-item|p1a: Heatran|Air Balloon\n|move|p2a: Heatran|Magma Storm|p1a: Heatran\n|-start|p1a: Heatran|ability: Flash Fire\n|\n|-weather|SunnyDay|[upkeep]\n|-heal|p2a: Heatran|77\/100|[from] item: Leftovers\n|upkeep\n|turn|15\n|\n|t:|1700468145\n|switch|p2a: Greninja|Greninja, F, shiny|76\/100\n|-damage|p2a: Greninja|64\/100|[from] Stealth Rock\n|move|p1a: Heatran|Earth Power|p2a: Greninja\n|-damage|p2a: Greninja|15\/100\n|\n|-weather|SunnyDay|[upkeep]\n|upkeep\n|turn|16\n|\n|t:|1700468159\n|-end|p1a: Heatran|ability: Flash Fire|[silent]\n|switch|p1a: Scizor|Scizor-Mega, F|45\/100\n|move|p2a: Greninja|U-turn|p1a: Scizor\n|-start|p2a: Greninja|typechange|Bug|[from] ability: Protean\n|-resisted|p1a: Scizor\n|-damage|p1a: Scizor|38\/100\n|\n|t:|1700468164\n|switch|p2a: Gliscor|Gliscor, F|100\/100|[from] U-turn\n|-damage|p2a: Gliscor|88\/100|[from] Stealth Rock\n|\n|-weather|SunnyDay|[upkeep]\n|-status|p2a: Gliscor|tox|[from] item: Toxic Orb\n|upkeep\n|turn|17\n|\n|t:|1700468168\n|move|p2a: Gliscor|Stealth Rock|p1a: Scizor\n|-sidestart|p1: TheGrassKing1|move: Stealth Rock\n|move|p1a: Scizor|Roost|p1a: Scizor\n|-heal|p1a: Scizor|88\/100\n|-singleturn|p1a: Scizor|move: Roost\n|\n|-weather|SunnyDay|[upkeep]\n|-heal|p2a: Gliscor|100\/100 tox|[from] ability: Poison Heal\n|upkeep\n|turn|18\n|\n|t:|1700468179\n|move|p2a: Gliscor|Earthquake|p1a: Scizor\n|-damage|p1a: Scizor|68\/100\n|move|p1a: Scizor|U-turn|p2a: Gliscor\n|-resisted|p2a: Gliscor\n|-damage|p2a: Gliscor|90\/100 tox\n|inactive|TheGrassKing1 has 120 seconds left.\n|\n|t:|1700468189\n|switch|p1a: Heatran|Heatran, F|100\/100|[from] U-turn\n|-damage|p1a: Heatran|88\/100|[from] Stealth Rock\n|-item|p1a: Heatran|Air Balloon\n|\n|-weather|SunnyDay|[upkeep]\n|-heal|p2a: Gliscor|100\/100 tox|[from] ability: Poison Heal\n|upkeep\n|turn|19\n|\n|t:|1700468195\n|move|p1a: Heatran|Magma Storm|p2a: Gliscor\n|-damage|p2a: Gliscor|8\/100 tox\n|-activate|p2a: Gliscor|move: Magma Storm|[of] p1a: Heatran\n|move|p2a: Gliscor|Earthquake|p1a: Heatran\n|-immune|p1a: Heatran\n|\n|-weather|none\n|-heal|p2a: Gliscor|21\/100 tox|[from] ability: Poison Heal\n|-damage|p2a: Gliscor|8\/100 tox|[from] move: Magma Storm|[partiallytrapped]\n|upkeep\n|turn|20\n|\n|t:|1700468205\n|move|p1a: Heatran|Magma Storm|p2a: Gliscor\n|-damage|p2a: Gliscor|0 fnt\n|faint|p2a: Gliscor\n|\n|upkeep\n|\n|t:|1700468225\n|switch|p2a: Greninja|Greninja, F, shiny|15\/100\n|-damage|p2a: Greninja|2\/100|[from] Stealth Rock\n|turn|21\n|\n|t:|1700468243\n|switch|p1a: Scizor|Scizor-Mega, F|68\/100\n|-damage|p1a: Scizor|56\/100|[from] Stealth Rock\n|move|p2a: Greninja|U-turn|p1a: Scizor\n|-start|p2a: Greninja|typechange|Bug|[from] ability: Protean\n|-resisted|p1a: Scizor\n|-damage|p1a: Scizor|49\/100\n|\n|t:|1700468245\n|switch|p2a: Mawile|Mawile, F|100\/100|[from] U-turn\n|-damage|p2a: Mawile|95\/100|[from] Stealth Rock\n|-ability|p2a: Mawile|Intimidate|boost\n|-unboost|p1a: Scizor|atk|1\n|\n|upkeep\n|turn|22\n|\n|t:|1700468253\n|detailschange|p2a: Mawile|Mawile-Mega, F\n|-mega|p2a: Mawile|Mawile|Mawilite\n|move|p1a: Scizor|U-turn|p2a: Mawile\n|-resisted|p2a: Mawile\n|-damage|p2a: Mawile|89\/100\n|\n|t:|1700468260\n|switch|p1a: Landorus|Landorus-Therian, M|94\/100|[from] U-turn\n|-damage|p1a: Landorus|82\/100|[from] Stealth Rock\n|-ability|p1a: Landorus|Intimidate|boost\n|-unboost|p2a: Mawile|atk|1\n|move|p2a: Mawile|Swords Dance|p2a: Mawile\n|-boost|p2a: Mawile|atk|2\n|\n|upkeep\n|turn|23\n|inactive|Meelll0 has 120 seconds left.\n|j| ndtester2\n|inactive|Meelll0 has 90 seconds left.\n|\n|t:|1700468338\n|switch|p2a: Greninja|Greninja, F, shiny|2\/100\n|-damage|p2a: Greninja|0 fnt|[from] Stealth Rock\n|faint|p2a: Greninja\n|move|p1a: Landorus|Earth Power|p2: Greninja|[notarget]\n|-fail|p1a: Landorus\n|\n|upkeep\n|\n|t:|1700468351\n|switch|p2a: Hatterene|Hatterene, F|100\/100\n|-damage|p2a: Hatterene|88\/100|[from] Stealth Rock\n|turn|24\n|\n|t:|1700468357\n|move|p1a: Landorus|U-turn|p2a: Hatterene\n|-damage|p2a: Hatterene|72\/100\n|inactive|TheGrassKing1 has 120 seconds left.\n|\n|t:|1700468398\n|switch|p1a: Victini|Victini|100\/100|[from] U-turn\n|-damage|p1a: Victini|76\/100|[from] Stealth Rock\n|move|p2a: Hatterene|Draining Kiss|p1a: Victini\n|-resisted|p1a: Victini\n|-damage|p1a: Victini|64\/100\n|-heal|p2a: Hatterene|81\/100|[from] drain|[of] p1a: Victini\n|\n|-heal|p2a: Hatterene|87\/100|[from] item: Leftovers\n|upkeep\n|turn|25\n|\n|t:|1700468403\n|move|p2a: Hatterene|Protect|p2a: Hatterene\n|-singleturn|p2a: Hatterene|Protect\n|move|p1a: Victini|Bolt Strike|p2a: Hatterene\n|-activate|p2a: Hatterene|move: Protect\n|\n|-heal|p2a: Hatterene|93\/100|[from] item: Leftovers\n|upkeep\n|turn|26\n|\n|t:|1700468408\n|move|p1a: Victini|Bolt Strike|p2a: Hatterene\n|-damage|p2a: Hatterene|46\/100\n|move|p2a: Hatterene|Calm Mind|p2a: Hatterene\n|-boost|p2a: Hatterene|spa|1\n|-boost|p2a: Hatterene|spd|1\n|\n|-heal|p2a: Hatterene|52\/100|[from] item: Leftovers\n|upkeep\n|turn|27\n|\n|t:|1700468412\n|move|p2a: Hatterene|Protect|p2a: Hatterene\n|-singleturn|p2a: Hatterene|Protect\n|move|p1a: Victini|Bolt Strike|p2a: Hatterene\n|-activate|p2a: Hatterene|move: Protect\n|\n|-heal|p2a: Hatterene|58\/100|[from] item: Leftovers\n|upkeep\n|turn|28\n|inactive|Meelll0 has 120 seconds left.\n|\n|t:|1700468420\n|move|p1a: Victini|Bolt Strike|p2a: Hatterene\n|-damage|p2a: Hatterene|10\/100\n|move|p2a: Hatterene|Draining Kiss|p1a: Victini\n|-resisted|p1a: Victini\n|-damage|p1a: Victini|48\/100\n|-heal|p2a: Hatterene|23\/100|[from] drain|[of] p1a: Victini\n|\n|-heal|p2a: Hatterene|29\/100|[from] item: Leftovers\n|upkeep\n|turn|29\n|\n|t:|1700468425\n|move|p2a: Hatterene|Protect|p2a: Hatterene\n|-singleturn|p2a: Hatterene|Protect\n|move|p1a: Victini|Bolt Strike|p2a: Hatterene\n|-activate|p2a: Hatterene|move: Protect\n|\n|-heal|p2a: Hatterene|35\/100|[from] item: Leftovers\n|upkeep\n|turn|30\n|\n|t:|1700468431\n|move|p1a: Victini|Bolt Strike|p2a: Hatterene\n|-damage|p2a: Hatterene|0 fnt\n|faint|p2a: Hatterene\n|\n|upkeep\n|\n|t:|1700468433\n|switch|p2a: Mawile|Mawile-Mega, F|89\/100\n|-damage|p2a: Mawile|83\/100|[from] Stealth Rock\n|turn|31\n|\n|t:|1700468438\n|move|p1a: Victini|Bolt Strike|p2a: Mawile\n|-damage|p2a: Mawile|28\/100\n|move|p2a: Mawile|Swords Dance|p2a: Mawile\n|-boost|p2a: Mawile|atk|2\n|\n|upkeep\n|turn|32\n|\n|t:|1700468445\n|move|p2a: Mawile|Sucker Punch|p1a: Victini\n|-supereffective|p1a: Victini\n|-damage|p1a: Victini|0 fnt\n|faint|p1a: Victini\n|\n|upkeep\n|\n|t:|1700468449\n|switch|p1a: Landorus|Landorus-Therian, M|82\/100\n|-damage|p1a: Landorus|70\/100|[from] Stealth Rock\n|-ability|p1a: Landorus|Intimidate|boost\n|-unboost|p2a: Mawile|atk|1\n|turn|33\n|\n|t:|1700468457\n|move|p2a: Mawile|Sucker Punch|p1a: Landorus\n|-damage|p1a: Landorus|4\/100\n|move|p1a: Landorus|Earth Power|p2a: Mawile\n|-supereffective|p2a: Mawile\n|-damage|p2a: Mawile|0 fnt\n|faint|p2a: Mawile\n|\n|upkeep\n|-message|Meelll0 forfeited.\n|\n|win|TheGrassKing1\n|raw|TheGrassKing1's rating: 1716 &rarr; <strong>1738<\/strong><br \/>(+22 for winning)\n|raw|Meelll0's rating: 1748 &rarr; <strong>1726<\/strong><br \/>(-22 for losing)\n|l|\u2606Meelll0\n","uploadtime":1700468469,"views":3,"p1id":"thegrassking1","p2id":"meelll0","formatid":"gen9nationaldex","rating":1726,"private":0,"password":""}