{"id":"gen9nationaldex-1993143720","p1":"As cheu","p2":"Jarl_jake","format":"[Gen 9] National Dex","log":"|j|\u2606As cheu\n|j|\u2606Jarl_jake\n|t:|1700270010\n|gametype|singles\n|player|p1|As cheu|officeworker|1525\n|player|p2|Jarl_jake|red|1592\n|teamsize|p1|6\n|teamsize|p2|6\n|gen|9\n|tier|[Gen 9] National Dex\n|rated|\n|rule|HP Percentage Mod: HP is shown in percentages\n|rule|Endless Battle Clause: Forcing endless battles is banned\n|rule|OHKO Clause: OHKO moves are banned\n|rule|Evasion Clause: Evasion abilities, items, and moves are banned\n|rule|Evasion Abilities Clause: Evasion abilities are banned\n|rule|Evasion Items Clause: Evasion items are banned\n|rule|Evasion Moves Clause: Evasion moves are banned\n|rule|Species Clause: Limit one of each Pok\u00e9mon\n|rule|Sleep Clause Mod: Limit one foe put to sleep\n|clearpoke\n|poke|p1|Steelix, M|\n|poke|p1|Hatterene, F|\n|poke|p1|Greninja-*, M|\n|poke|p1|Marowak-Alola, M|\n|poke|p1|Medicham, F|\n|poke|p1|Salamence, M|\n|poke|p2|Arcanine-Hisui, M|\n|poke|p2|Toxapex, F|\n|poke|p2|Flygon, M|\n|poke|p2|Metagross|\n|poke|p2|Porygon2|\n|poke|p2|Cloyster, F|\n|teampreview\n|inactive|Battle timer is ON: inactive players will automatically lose when time's up. (requested by As cheu)\n|\n|t:|1700270021\n|start\n|switch|p1a: Medicham|Medicham, F|100\/100\n|switch|p2a: Metagross|Metagross, shiny|100\/100\n|turn|1\n|\n|t:|1700270032\n|detailschange|p1a: Medicham|Medicham-Mega, F\n|-mega|p1a: Medicham|Medicham|Medichamite\n|move|p1a: Medicham|Fake Out|p2a: Metagross\n|-resisted|p2a: Metagross\n|-damage|p2a: Metagross|90\/100\n|cant|p2a: Metagross|flinch\n|\n|upkeep\n|turn|2\n|\n|t:|1700270041\n|switch|p1a: \u963f\u83ca|Steelix, M|100\/100\n|move|p2a: Metagross|Psycho Cut|p1a: \u963f\u83ca\n|-resisted|p1a: \u963f\u83ca\n|-damage|p1a: \u963f\u83ca|89\/100\n|\n|upkeep\n|turn|3\n|\n|t:|1700270054\n|switch|p2a: Flygon|Flygon, M, shiny|100\/100\n|move|p1a: \u963f\u83ca|Stealth Rock|p2a: Flygon\n|-sidestart|p2: Jarl_jake|move: Stealth Rock\n|\n|upkeep\n|turn|4\n|\n|t:|1700270063\n|switch|p1a: Hatterene|Hatterene, F|100\/100\n|move|p2a: Flygon|Fire Blast|p1a: Hatterene\n|-damage|p1a: Hatterene|82\/100\n|-damage|p2a: Flygon|91\/100|[from] item: Life Orb\n|\n|upkeep\n|turn|5\n|\n|t:|1700270077\n|move|p2a: Flygon|Earthquake|p1a: Hatterene\n|-damage|p1a: Hatterene|31\/100\n|-damage|p2a: Flygon|81\/100|[from] item: Life Orb\n|move|p1a: Hatterene|Nuzzle|p2a: Flygon\n|-immune|p2a: Flygon\n|\n|upkeep\n|turn|6\n|\n|t:|1700270086\n|move|p2a: Flygon|Earthquake|p1a: Hatterene\n|-damage|p1a: Hatterene|0 fnt\n|faint|p1a: Hatterene\n|-damage|p2a: Flygon|71\/100|[from] item: Life Orb\n|\n|upkeep\n|\n|t:|1700270093\n|switch|p1a: \u8840\u7ffc\u98de\u9f99|Salamence, M|100\/100\n|-ability|p1a: \u8840\u7ffc\u98de\u9f99|Intimidate|boost\n|-unboost|p2a: Flygon|atk|1\n|turn|7\n|\n|t:|1700270105\n|switch|p1a: \u963f\u83ca|Steelix, M|89\/100\n|move|p2a: Flygon|Defog|p1a: \u963f\u83ca\n|-unboost|p1a: \u963f\u83ca|evasion|1\n|-sideend|p2: Jarl_jake|Stealth Rock|[from] move: Defog|[of] p2a: Flygon\n|\n|upkeep\n|turn|8\n|\n|t:|1700270116\n|-terastallize|p1a: \u963f\u83ca|Water\n|move|p2a: Flygon|Fire Blast|p1a: \u963f\u83ca\n|-resisted|p1a: \u963f\u83ca\n|-damage|p1a: \u963f\u83ca|73\/100\n|-damage|p2a: Flygon|61\/100|[from] item: Life Orb\n|move|p1a: \u963f\u83ca|Stealth Rock|p2a: Flygon\n|-sidestart|p2: Jarl_jake|move: Stealth Rock\n|\n|upkeep\n|turn|9\n|\n|t:|1700270125\n|move|p2a: Flygon|Defog|p1a: \u963f\u83ca\n|-unboost|p1a: \u963f\u83ca|evasion|1\n|-sideend|p2: Jarl_jake|Stealth Rock|[from] move: Defog|[of] p2a: Flygon\n|move|p1a: \u963f\u83ca|Roar|p2a: Flygon\n|drag|p2a: Metagross|Metagross, shiny|90\/100\n|\n|upkeep\n|turn|10\n|\n|t:|1700270138\n|-terastallize|p2a: Metagross|Electric\n|move|p2a: Metagross|Thunder Punch|p1a: \u963f\u83ca\n|-supereffective|p1a: \u963f\u83ca\n|-damage|p1a: \u963f\u83ca|29\/100\n|-damage|p2a: Metagross|73\/100|[from] item: Rocky Helmet|[of] p1a: \u963f\u83ca\n|move|p1a: \u963f\u83ca|Stealth Rock|p2a: Metagross\n|-sidestart|p2: Jarl_jake|move: Stealth Rock\n|\n|upkeep\n|turn|11\n|\n|t:|1700270148\n|move|p2a: Metagross|Thunder Punch|p1a: \u963f\u83ca\n|-supereffective|p1a: \u963f\u83ca\n|-damage|p1a: \u963f\u83ca|0 fnt\n|-damage|p2a: Metagross|56\/100|[from] item: Rocky Helmet|[of] p1a: \u963f\u83ca\n|faint|p1a: \u963f\u83ca\n|\n|upkeep\n|\n|t:|1700270153\n|switch|p1a: \u8840\u7ffc\u98de\u9f99|Salamence, M|100\/100\n|-ability|p1a: \u8840\u7ffc\u98de\u9f99|Intimidate|boost\n|-fail|p2a: Metagross|unboost|[from] ability: Clear Body|[of] p2a: Metagross\n|turn|12\n|\n|t:|1700270160\n|move|p1a: \u8840\u7ffc\u98de\u9f99|Earthquake|p2a: Metagross\n|-supereffective|p2a: Metagross\n|-damage|p2a: Metagross|4\/100\n|move|p2a: Metagross|Meteor Mash|p1a: \u8840\u7ffc\u98de\u9f99\n|-damage|p1a: \u8840\u7ffc\u98de\u9f99|31\/100\n|\n|upkeep\n|turn|13\n|\n|t:|1700270167\n|move|p2a: Metagross|Bullet Punch|p1a: \u8840\u7ffc\u98de\u9f99\n|-damage|p1a: \u8840\u7ffc\u98de\u9f99|1\/100\n|move|p1a: \u8840\u7ffc\u98de\u9f99|Earthquake|p2a: Metagross\n|-supereffective|p2a: Metagross\n|-damage|p2a: Metagross|0 fnt\n|faint|p2a: Metagross\n|\n|upkeep\n|\n|t:|1700270176\n|switch|p2a: Flygon|Flygon, M, shiny|61\/100\n|-damage|p2a: Flygon|55\/100|[from] Stealth Rock\n|turn|14\n|\n|t:|1700270181\n|move|p2a: Flygon|First Impression|p1a: \u8840\u7ffc\u98de\u9f99\n|-resisted|p1a: \u8840\u7ffc\u98de\u9f99\n|-damage|p1a: \u8840\u7ffc\u98de\u9f99|0 fnt\n|faint|p1a: \u8840\u7ffc\u98de\u9f99\n|-damage|p2a: Flygon|45\/100|[from] item: Life Orb\n|\n|upkeep\n|\n|t:|1700270184\n|switch|p1a: Medicham|Medicham-Mega, F|100\/100\n|turn|15\n|\n|t:|1700270193\n|move|p2a: Flygon|Defog|p1a: Medicham\n|-unboost|p1a: Medicham|evasion|1\n|-sideend|p2: Jarl_jake|Stealth Rock|[from] move: Defog|[of] p2a: Flygon\n|move|p1a: Medicham|Psycho Cut|p2a: Flygon\n|-damage|p2a: Flygon|0 fnt\n|faint|p2a: Flygon\n|\n|upkeep\n|\n|t:|1700270219\n|switch|p2a: Arcanine|Arcanine-Hisui, M, shiny|100\/100\n|turn|16\n|\n|t:|1700270231\n|move|p2a: Arcanine|Flare Blitz|p1a: Medicham\n|-damage|p1a: Medicham|0 fnt\n|faint|p1a: Medicham\n|\n|upkeep\n|-message|As cheu forfeited.\n|\n|win|Jarl_jake\n|raw|As cheu's rating: 1525 &rarr; <strong>1509<\/strong><br \/>(-16 for losing)\n|raw|Jarl_jake's rating: 1592 &rarr; <strong>1608<\/strong><br \/>(+16 for winning)\n|l|\u2606As cheu\n","uploadtime":1700270240,"views":21,"p1id":"ascheu","p2id":"jarljake","formatid":"gen9nationaldex","rating":1509,"private":0,"password":""}