{"id":"gen9nationaldex-1993017012","p1":"marcolalenda","p2":"wobens613","format":"[Gen 9] National Dex","log":"|j|\u2606marcolalenda\n|j|\u2606wobens613\n|t:|1700255841\n|gametype|singles\n|player|p1|marcolalenda|kiawe|1474\n|player|p2|wobens613|hilda-masters|1588\n|teamsize|p1|6\n|teamsize|p2|6\n|gen|9\n|tier|[Gen 9] National Dex\n|rated|\n|rule|HP Percentage Mod: HP is shown in percentages\n|rule|Endless Battle Clause: Forcing endless battles is banned\n|rule|OHKO Clause: OHKO moves are banned\n|rule|Evasion Clause: Evasion abilities, items, and moves are banned\n|rule|Evasion Abilities Clause: Evasion abilities are banned\n|rule|Evasion Items Clause: Evasion items are banned\n|rule|Evasion Moves Clause: Evasion moves are banned\n|rule|Species Clause: Limit one of each Pok\u00e9mon\n|rule|Sleep Clause Mod: Limit one foe put to sleep\n|clearpoke\n|poke|p1|Tapu Koko|\n|poke|p1|Iron Valiant|\n|poke|p1|Volcarona, M|\n|poke|p1|Aegislash, F|\n|poke|p1|Gyarados, M|\n|poke|p1|Sneasler, M|\n|poke|p2|Gardevoir, F|\n|poke|p2|Blaziken, F|\n|poke|p2|Ting-Lu|\n|poke|p2|Nihilego|\n|poke|p2|Zapdos|\n|poke|p2|Kartana|\n|teampreview\n|inactive|Battle timer is ON: inactive players will automatically lose when time's up. (requested by wobens613)\n|\n|t:|1700255850\n|start\n|switch|p1a: Tapu Koko|Tapu Koko|100\/100\n|switch|p2a: Ting-Lu|Ting-Lu|100\/100\n|-fieldstart|move: Electric Terrain|[from] ability: Electric Surge|[of] p1a: Tapu Koko\n|-ability|p2a: Ting-Lu|Vessel of Ruin\n|turn|1\n|\n|t:|1700255861\n|move|p1a: Tapu Koko|Reflect|p1a: Tapu Koko\n|-sidestart|p1: marcolalenda|Reflect\n|move|p2a: Ting-Lu|Stealth Rock|p1a: Tapu Koko\n|-sidestart|p1: marcolalenda|move: Stealth Rock\n|\n|upkeep\n|turn|2\n|\n|t:|1700255864\n|move|p1a: Tapu Koko|U-turn|p2a: Ting-Lu\n|-supereffective|p2a: Ting-Lu\n|-damage|p2a: Ting-Lu|83\/100\n|\n|t:|1700255872\n|switch|p1a: Gyarados|Gyarados, M, shiny|100\/100|[from] U-turn\n|-damage|p1a: Gyarados|76\/100|[from] Stealth Rock\n|-ability|p1a: Gyarados|Intimidate|boost\n|-unboost|p2a: Ting-Lu|atk|1\n|move|p2a: Ting-Lu|Spikes|p1a: Gyarados\n|-sidestart|p1: marcolalenda|Spikes\n|\n|-heal|p2a: Ting-Lu|90\/100|[from] item: Leftovers\n|upkeep\n|turn|3\n|\n|t:|1700255876\n|detailschange|p1a: Gyarados|Gyarados-Mega, M, shiny\n|-mega|p1a: Gyarados|Gyarados|Gyaradosite\n|-ability|p1a: Gyarados|Mold Breaker\n|move|p1a: Gyarados|Waterfall|p2a: Ting-Lu\n|-supereffective|p2a: Ting-Lu\n|-damage|p2a: Ting-Lu|27\/100\n|move|p2a: Ting-Lu|Whirlwind|p1a: Gyarados\n|drag|p1a: Sneasler|Sneasler, M|100\/100\n|-damage|p1a: Sneasler|95\/100|[from] Stealth Rock\n|-damage|p1a: Sneasler|82\/100|[from] Spikes\n|-enditem|p1a: Sneasler|Electric Seed\n|-boost|p1a: Sneasler|def|1|[from] item: Electric Seed\n|\n|-heal|p2a: Ting-Lu|34\/100|[from] item: Leftovers\n|upkeep\n|turn|4\n|\n|t:|1700255889\n|-terastallize|p2a: Ting-Lu|Poison\n|move|p1a: Sneasler|Close Combat|p2a: Ting-Lu\n|-resisted|p2a: Ting-Lu\n|-damage|p2a: Ting-Lu|16\/100\n|-unboost|p1a: Sneasler|def|1\n|-unboost|p1a: Sneasler|spd|1\n|move|p2a: Ting-Lu|Whirlwind|p1a: Sneasler\n|drag|p1a: Aegislash|Aegislash, F|100\/100\n|-damage|p1a: Aegislash|94\/100|[from] Stealth Rock\n|-damage|p1a: Aegislash|82\/100|[from] Spikes\n|\n|-heal|p2a: Ting-Lu|22\/100|[from] item: Leftovers\n|upkeep\n|turn|5\n|\n|t:|1700255894\n|-formechange|p1a: Aegislash|Aegislash-Blade||[from] ability: Stance Change\n|move|p1a: Aegislash|Iron Head|p2a: Ting-Lu\n|-damage|p2a: Ting-Lu|0 fnt\n|faint|p2a: Ting-Lu\n|\n|-fieldend|move: Electric Terrain\n|upkeep\n|\n|t:|1700255906\n|switch|p2a: Kartana|Kartana|100\/100\n|turn|6\n|\n|t:|1700255912\n|-formechange|p1a: Aegislash|Aegislash||[from] ability: Stance Change\n|move|p1a: Aegislash|King's Shield|p1a: Aegislash\n|-singleturn|p1a: Aegislash|Protect\n|move|p2a: Kartana|Knock Off|p1a: Aegislash\n|-activate|p1a: Aegislash|move: Protect\n|-unboost|p2a: Kartana|atk|1\n|\n|upkeep\n|turn|7\n|\n|t:|1700255918\n|move|p2a: Kartana|Knock Off|p1a: Aegislash\n|-supereffective|p1a: Aegislash\n|-damage|p1a: Aegislash|58\/100\n|-enditem|p1a: Aegislash|Weakness Policy\n|-boost|p1a: Aegislash|atk|2|[from] item: Weakness Policy\n|-boost|p1a: Aegislash|spa|2|[from] item: Weakness Policy\n|move|p1a: Aegislash|Swords Dance|p1a: Aegislash\n|-boost|p1a: Aegislash|atk|2\n|\n|upkeep\n|turn|8\n|\n|t:|1700255927\n|switch|p2a: Zapdos|Zapdos|100\/100\n|-formechange|p1a: Aegislash|Aegislash-Blade||[from] ability: Stance Change\n|move|p1a: Aegislash|Iron Head|p2a: Zapdos\n|-resisted|p2a: Zapdos\n|-damage|p2a: Zapdos|47\/100\n|-status|p1a: Aegislash|par|[from] ability: Static|[of] p2a: Zapdos\n|\n|-sideend|p1: marcolalenda|Reflect\n|upkeep\n|turn|9\n|\n|t:|1700255934\n|move|p1a: Aegislash|Shadow Sneak|p2a: Zapdos\n|-damage|p2a: Zapdos|0 fnt\n|faint|p2a: Zapdos\n|\n|upkeep\n|\n|t:|1700255936\n|switch|p2a: Blaziken|Blaziken, F|100\/100\n|turn|10\n|\n|t:|1700255943\n|move|p2a: Blaziken|Swords Dance|p2a: Blaziken\n|-boost|p2a: Blaziken|atk|2\n|move|p1a: Aegislash|Swords Dance|p1a: Aegislash\n|-boost|p1a: Aegislash|atk|2\n|\n|-ability|p2a: Blaziken|Speed Boost|boost\n|-boost|p2a: Blaziken|spe|1\n|upkeep\n|turn|11\n|\n|t:|1700255949\n|cant|p1a: Aegislash|par\n|move|p2a: Blaziken|Swords Dance|p2a: Blaziken\n|-boost|p2a: Blaziken|atk|2\n|\n|-ability|p2a: Blaziken|Speed Boost|boost\n|-boost|p2a: Blaziken|spe|1\n|upkeep\n|turn|12\n|\n|t:|1700255953\n|move|p1a: Aegislash|Shadow Sneak|p2a: Blaziken\n|-damage|p2a: Blaziken|0 fnt\n|faint|p2a: Blaziken\n|\n|upkeep\n|\n|t:|1700255956\n|switch|p2a: Kartana|Kartana|100\/100\n|turn|13\n|\n|t:|1700255959\n|cant|p1a: Aegislash|par\n|move|p2a: Kartana|Knock Off|p1a: Aegislash\n|-supereffective|p1a: Aegislash\n|-damage|p1a: Aegislash|0 fnt\n|faint|p1a: Aegislash\n|-ability|p2a: Kartana|Beast Boost|boost\n|-boost|p2a: Kartana|atk|1\n|\n|upkeep\n|\n|t:|1700255969\n|switch|p1a: Sneasler|Sneasler, M|82\/100\n|-damage|p1a: Sneasler|76\/100|[from] Stealth Rock\n|-damage|p1a: Sneasler|64\/100|[from] Spikes\n|turn|14\n|\n|t:|1700255974\n|switch|p2a: Gardevoir|Gardevoir, F|100\/100\n|-ability|p2a: Gardevoir|Unburden|[from] ability: Trace|[of] p1a: Sneasler\n|move|p1a: Sneasler|Close Combat|p2a: Gardevoir\n|-resisted|p2a: Gardevoir\n|-crit|p2a: Gardevoir\n|-damage|p2a: Gardevoir|54\/100\n|-unboost|p1a: Sneasler|def|1\n|-unboost|p1a: Sneasler|spd|1\n|\n|upkeep\n|turn|15\n|\n|t:|1700255981\n|detailschange|p2a: Gardevoir|Gardevoir-Mega, F\n|-mega|p2a: Gardevoir|Gardevoir|Gardevoirite\n|move|p1a: Sneasler|Dire Claw|p2a: Gardevoir\n|-supereffective|p2a: Gardevoir\n|-damage|p2a: Gardevoir|0 fnt\n|faint|p2a: Gardevoir\n|\n|upkeep\n|\n|t:|1700255984\n|switch|p2a: Kartana|Kartana|100\/100\n|turn|16\n|\n|t:|1700255992\n|switch|p1a: Volcarona|Volcarona, M|100\/100\n|move|p2a: Kartana|Smart Strike|p1a: Volcarona\n|-resisted|p1a: Volcarona\n|-damage|p1a: Volcarona|64\/100\n|\n|upkeep\n|turn|17\n|\n|t:|1700256002\n|switch|p2a: Nihilego|Nihilego|100\/100\n|move|p1a: Volcarona|Quiver Dance|p1a: Volcarona\n|-boost|p1a: Volcarona|spa|1\n|-boost|p1a: Volcarona|spd|1\n|-boost|p1a: Volcarona|spe|1\n|\n|upkeep\n|turn|18\n|\n|t:|1700256007\n|-terastallize|p1a: Volcarona|Grass\n|move|p1a: Volcarona|Quiver Dance|p1a: Volcarona\n|-boost|p1a: Volcarona|spa|1\n|-boost|p1a: Volcarona|spd|1\n|-boost|p1a: Volcarona|spe|1\n|move|p2a: Nihilego|Meteor Beam||[still]\n|-prepare|p2a: Nihilego|Meteor Beam\n|-boost|p2a: Nihilego|spa|1\n|-enditem|p2a: Nihilego|Power Herb\n|-anim|p2a: Nihilego|Meteor Beam|p1a: Volcarona\n|-damage|p1a: Volcarona|22\/100\n|\n|upkeep\n|turn|19\n|\n|t:|1700256016\n|move|p1a: Volcarona|Giga Drain|p2a: Nihilego\n|-damage|p2a: Nihilego|47\/100\n|-heal|p1a: Volcarona|55\/100|[from] drain|[of] p2a: Nihilego\n|move|p2a: Nihilego|Sludge Wave|p1a: Volcarona\n|-supereffective|p1a: Volcarona\n|-damage|p1a: Volcarona|0 fnt\n|faint|p1a: Volcarona\n|-ability|p2a: Nihilego|Beast Boost|boost\n|-boost|p2a: Nihilego|spe|1\n|\n|upkeep\n|\n|t:|1700256030\n|switch|p1a: Tapu Koko|Tapu Koko|100\/100\n|-damage|p1a: Tapu Koko|88\/100|[from] Stealth Rock\n|-damage|p1a: Tapu Koko|76\/100|[from] Spikes\n|-fieldstart|move: Electric Terrain|[from] ability: Electric Surge|[of] p1a: Tapu Koko\n|turn|20\n|\n|t:|1700256036\n|move|p2a: Nihilego|Sludge Wave|p1a: Tapu Koko\n|-supereffective|p1a: Tapu Koko\n|-damage|p1a: Tapu Koko|0 fnt\n|faint|p1a: Tapu Koko\n|-ability|p2a: Nihilego|Beast Boost|boost\n|-boost|p2a: Nihilego|spe|1\n|\n|upkeep\n|\n|t:|1700256040\n|switch|p1a: Gyarados|Gyarados-Mega, M, shiny|76\/100\n|-damage|p1a: Gyarados|63\/100|[from] Stealth Rock\n|-damage|p1a: Gyarados|51\/100|[from] Spikes\n|-ability|p1a: Gyarados|Mold Breaker\n|turn|21\n|\n|t:|1700256044\n|move|p2a: Nihilego|Sludge Wave|p1a: Gyarados\n|-damage|p1a: Gyarados|0 fnt\n|faint|p1a: Gyarados\n|-ability|p2a: Nihilego|Beast Boost|boost\n|-boost|p2a: Nihilego|spe|1\n|\n|upkeep\n|\n|t:|1700256048\n|switch|p1a: Sneasler|Sneasler, M|64\/100\n|-damage|p1a: Sneasler|58\/100|[from] Stealth Rock\n|-damage|p1a: Sneasler|46\/100|[from] Spikes\n|turn|22\n|inactive|wobens613 has 120 seconds left.\n|inactive|wobens613 has 90 seconds left.\n|\n|t:|1700256117\n|move|p2a: Nihilego|Sludge Wave|p1a: Sneasler\n|-resisted|p1a: Sneasler\n|-damage|p1a: Sneasler|1\/100\n|move|p1a: Sneasler|Acrobatics|p2a: Nihilego\n|-resisted|p2a: Nihilego\n|-damage|p2a: Nihilego|11\/100\n|\n|upkeep\n|turn|23\n|\n|t:|1700256127\n|move|p2a: Nihilego|Sludge Wave|p1a: Sneasler\n|-resisted|p1a: Sneasler\n|-damage|p1a: Sneasler|0 fnt\n|faint|p1a: Sneasler\n|-ability|p2a: Nihilego|Beast Boost|boost\n|-boost|p2a: Nihilego|spe|1\n|\n|upkeep\n|\n|t:|1700256129\n|switch|p1a: Iron Valiant|Iron Valiant|100\/100\n|-damage|p1a: Iron Valiant|94\/100|[from] Stealth Rock\n|-damage|p1a: Iron Valiant|82\/100|[from] Spikes\n|-activate|p1a: Iron Valiant|ability: Quark Drive\n|-start|p1a: Iron Valiant|quarkdrivespe\n|turn|24\n|\n|t:|1700256134\n|move|p2a: Nihilego|Sludge Wave|p1a: Iron Valiant\n|-supereffective|p1a: Iron Valiant\n|-crit|p1a: Iron Valiant\n|-damage|p1a: Iron Valiant|0 fnt\n|faint|p1a: Iron Valiant\n|-end|p1a: Iron Valiant|Quark Drive|[silent]\n|\n|win|wobens613\n|raw|marcolalenda's rating: 1474 &rarr; <strong>1460<\/strong><br \/>(-14 for losing)\n|raw|wobens613's rating: 1588 &rarr; <strong>1602<\/strong><br \/>(+14 for winning)\n|l|\u2606marcolalenda\n","uploadtime":1700256141,"views":6,"p1id":"marcolalenda","p2id":"wobens613","formatid":"gen9nationaldex","rating":1460,"private":0,"password":""}