{"id":"gen9nationaldex-1987136807","p1":"1Tyler08","p2":"Feigar2004","format":"[Gen 9] National Dex","log":"|j|\u26061Tyler08\n|j|\u2606Feigar2004\n|t:|1699559105\n|gametype|singles\n|player|p1|1Tyler08|brycenman|1155\n|player|p2|Feigar2004|benga|1232\n|teamsize|p1|6\n|teamsize|p2|6\n|gen|9\n|tier|[Gen 9] National Dex\n|rated|\n|rule|HP Percentage Mod: HP is shown in percentages\n|rule|Endless Battle Clause: Forcing endless battles is banned\n|rule|OHKO Clause: OHKO moves are banned\n|rule|Evasion Clause: Evasion abilities, items, and moves are banned\n|rule|Evasion Abilities Clause: Evasion abilities are banned\n|rule|Evasion Items Clause: Evasion items are banned\n|rule|Evasion Moves Clause: Evasion moves are banned\n|rule|Species Clause: Limit one of each Pok\u00e9mon\n|rule|Sleep Clause Mod: Limit one foe put to sleep\n|clearpoke\n|poke|p1|Glimmora, F|\n|poke|p1|Hatterene, F|\n|poke|p1|Ogerpon-Wellspring, F|\n|poke|p1|Kommo-o, F|\n|poke|p1|Scizor, M|\n|poke|p1|Charizard, M|\n|poke|p2|Greninja-*, M|\n|poke|p2|Beedrill, M|\n|poke|p2|Skeledirge, M|\n|poke|p2|Leafeon, M|\n|poke|p2|Muk-Alola, M|\n|poke|p2|Corviknight, M|\n|teampreview\n|inactive|Battle timer is ON: inactive players will automatically lose when time's up. (requested by 1Tyler08)\n|\n|t:|1699559134\n|start\n|switch|p1a: Charizard|Charizard, M|100\/100\n|switch|p2a: Muk|Muk-Alola, M|100\/100\n|turn|1\n|\n|t:|1699559143\n|switch|p1a: Ogerpon|Ogerpon-Wellspring, F|100\/100\n|move|p2a: Muk|Toxic|p1a: Ogerpon\n|-status|p1a: Ogerpon|tox\n|\n|-damage|p1a: Ogerpon|95\/100 tox|[from] psn\n|upkeep\n|turn|2\n|\n|t:|1699559149\n|move|p1a: Ogerpon|Stomping Tantrum|p2a: Muk\n|-supereffective|p2a: Muk\n|-damage|p2a: Muk|40\/100\n|-enditem|p2a: Muk|Figy Berry|[eat]\n|-heal|p2a: Muk|73\/100|[from] item: Figy Berry\n|move|p2a: Muk|Poison Jab|p1a: Ogerpon\n|-supereffective|p1a: Ogerpon\n|-damage|p1a: Ogerpon|22\/100 tox\n|\n|-damage|p1a: Ogerpon|10\/100 tox|[from] psn\n|upkeep\n|turn|3\n|\n|t:|1699559161\n|move|p1a: Ogerpon|Stomping Tantrum|p2a: Muk\n|-supereffective|p2a: Muk\n|-damage|p2a: Muk|7\/100\n|move|p2a: Muk|Recycle|p2a: Muk\n|-item|p2a: Muk|Figy Berry|[from] move: Recycle\n|-enditem|p2a: Muk|Figy Berry|[eat]\n|-heal|p2a: Muk|41\/100|[from] item: Figy Berry\n|\n|-damage|p1a: Ogerpon|0 fnt|[from] psn\n|faint|p1a: Ogerpon\n|upkeep\n|\n|t:|1699559172\n|switch|p1a: Kommo-o|Kommo-o, F|100\/100\n|turn|4\n|\n|t:|1699559181\n|move|p1a: Kommo-o|Drain Punch|p2a: Muk\n|-damage|p2a: Muk|11\/100\n|move|p2a: Muk|Toxic|p1a: Kommo-o\n|-status|p1a: Kommo-o|tox\n|\n|-damage|p1a: Kommo-o|94\/100 tox|[from] psn\n|upkeep\n|turn|5\n|\n|t:|1699559189\n|switch|p2a: Corviknight|Corviknight, M|100\/100\n|move|p1a: Kommo-o|Drain Punch|p2a: Corviknight\n|-damage|p2a: Corviknight|83\/100\n|-heal|p1a: Kommo-o|100\/100 tox|[from] drain|[of] p2a: Corviknight\n|-damage|p1a: Kommo-o|84\/100 tox|[from] item: Rocky Helmet|[of] p2a: Corviknight\n|\n|-damage|p1a: Kommo-o|71\/100 tox|[from] psn\n|upkeep\n|turn|6\n|\n|t:|1699559212\n|switch|p1a: Glimmora|Glimmora, F|100\/100\n|move|p2a: Corviknight|Iron Defense|p2a: Corviknight\n|-boost|p2a: Corviknight|def|2\n|\n|upkeep\n|turn|7\n|\n|t:|1699559230\n|move|p1a: Glimmora|Stealth Rock|p2a: Corviknight\n|-sidestart|p2: Feigar2004|move: Stealth Rock\n|move|p2a: Corviknight|Iron Defense|p2a: Corviknight\n|-boost|p2a: Corviknight|def|2\n|\n|upkeep\n|turn|8\n|\n|t:|1699559237\n|move|p1a: Glimmora|Energy Ball|p2a: Corviknight\n|-resisted|p2a: Corviknight\n|-damage|p2a: Corviknight|77\/100\n|move|p2a: Corviknight|Iron Defense|p2a: Corviknight\n|-boost|p2a: Corviknight|def|2\n|\n|upkeep\n|turn|9\n|\n|t:|1699559260\n|move|p1a: Glimmora|Energy Ball|p2a: Corviknight\n|-resisted|p2a: Corviknight\n|-damage|p2a: Corviknight|71\/100\n|move|p2a: Corviknight|Body Press|p1a: Glimmora\n|-damage|p1a: Glimmora|0 fnt\n|-damage|p2a: Corviknight|55\/100|[from] item: Rocky Helmet|[of] p1a: Glimmora\n|-activate|p1a: Glimmora|ability: Toxic Debris\n|-sidestart|p2: Feigar2004|move: Toxic Spikes\n|faint|p1a: Glimmora\n|\n|upkeep\n|\n|t:|1699559270\n|switch|p1a: Charizard|Charizard, M|100\/100\n|turn|10\n|\n|t:|1699559273\n|detailschange|p1a: Charizard|Charizard-Mega-Y, M\n|-mega|p1a: Charizard|Charizard|Charizardite Y\n|-weather|SunnyDay|[from] ability: Drought|[of] p1a: Charizard\n|move|p1a: Charizard|Flamethrower|p2a: Corviknight\n|-supereffective|p2a: Corviknight\n|-damage|p2a: Corviknight|0 fnt\n|faint|p2a: Corviknight\n|\n|-weather|SunnyDay|[upkeep]\n|upkeep\n|\n|t:|1699559286\n|switch|p2a: Beedrill|Beedrill, M|100\/100\n|-damage|p2a: Beedrill|76\/100|[from] Stealth Rock\n|-sideend|p2: Feigar2004|move: Toxic Spikes|[of] p2a: Beedrill\n|turn|11\n|\n|t:|1699559290\n|detailschange|p2a: Beedrill|Beedrill-Mega, M\n|-mega|p2a: Beedrill|Beedrill|Beedrillite\n|move|p2a: Beedrill|U-turn|p1a: Charizard\n|-resisted|p1a: Charizard\n|-damage|p1a: Charizard|80\/100\n|\n|t:|1699559300\n|switch|p2a: Skeledirge|Skeledirge, M|100\/100|[from] U-turn\n|-damage|p2a: Skeledirge|76\/100|[from] Stealth Rock\n|move|p1a: Charizard|Flamethrower|p2a: Skeledirge\n|-resisted|p2a: Skeledirge\n|-damage|p2a: Skeledirge|46\/100\n|\n|-weather|SunnyDay|[upkeep]\n|upkeep\n|turn|12\n|\n|t:|1699559311\n|move|p1a: Charizard|Flamethrower|p2a: Skeledirge\n|-resisted|p2a: Skeledirge\n|-damage|p2a: Skeledirge|18\/100\n|move|p2a: Skeledirge|Shadow Ball|p1a: Charizard\n|-damage|p1a: Charizard|38\/100\n|-unboost|p1a: Charizard|spd|1\n|\n|-weather|SunnyDay|[upkeep]\n|upkeep\n|turn|13\n|\n|t:|1699559321\n|switch|p1a: Hatterene|Hatterene, F|100\/100\n|move|p2a: Skeledirge|Shadow Ball|p1a: Hatterene\n|-supereffective|p1a: Hatterene\n|-damage|p1a: Hatterene|19\/100\n|\n|-weather|SunnyDay|[upkeep]\n|upkeep\n|turn|14\n|\n|t:|1699559349\n|move|p2a: Skeledirge|Shadow Ball|p1a: Hatterene\n|-supereffective|p1a: Hatterene\n|-damage|p1a: Hatterene|0 fnt\n|faint|p1a: Hatterene\n|\n|-weather|none\n|upkeep\n|\n|t:|1699559355\n|switch|p1a: Scizor|Scizor, M|100\/100\n|turn|15\n|\n|t:|1699559360\n|move|p1a: Scizor|Bullet Punch|p2a: Skeledirge\n|-resisted|p2a: Skeledirge\n|-damage|p2a: Skeledirge|7\/100\n|move|p2a: Skeledirge|Torch Song|p1a: Scizor\n|-supereffective|p1a: Scizor\n|-crit|p1a: Scizor\n|-damage|p1a: Scizor|0 fnt\n|-boost|p2a: Skeledirge|spa|1\n|faint|p1a: Scizor\n|\n|upkeep\n|\n|t:|1699559370\n|switch|p1a: Charizard|Charizard-Mega-Y, M|38\/100\n|-weather|SunnyDay|[from] ability: Drought|[of] p1a: Charizard\n|turn|16\n|\n|t:|1699559395\n|move|p1a: Charizard|Flamethrower|p2a: Skeledirge\n|-resisted|p2a: Skeledirge\n|-damage|p2a: Skeledirge|0 fnt\n|faint|p2a: Skeledirge\n|\n|-weather|SunnyDay|[upkeep]\n|upkeep\n|\n|t:|1699559405\n|switch|p2a: Leafeon|Leafeon, M|100\/100\n|-damage|p2a: Leafeon|88\/100|[from] Stealth Rock\n|turn|17\n|\n|t:|1699559414\n|move|p1a: Charizard|Flamethrower|p2a: Leafeon\n|-supereffective|p2a: Leafeon\n|-damage|p2a: Leafeon|0 fnt\n|faint|p2a: Leafeon\n|\n|-weather|SunnyDay|[upkeep]\n|upkeep\n|inactive|Feigar2004 has 120 seconds left.\n|\n|t:|1699559431\n|switch|p2a: Beedrill|Beedrill-Mega, M|76\/100\n|-damage|p2a: Beedrill|51\/100|[from] Stealth Rock\n|turn|18\n|\n|t:|1699559438\n|move|p2a: Beedrill|Poison Jab|p1a: Charizard\n|-damage|p1a: Charizard|0 fnt\n|faint|p1a: Charizard\n|\n|-weather|SunnyDay|[upkeep]\n|upkeep\n|\n|t:|1699559443\n|switch|p1a: Kommo-o|Kommo-o, F|71\/100 tox\n|turn|19\n|inactive|Feigar2004 has 120 seconds left.\n|inactive|Feigar2004 has 90 seconds left.\n|inactive|Feigar2004 has 60 seconds left.\n|\n|t:|1699559540\n|move|p2a: Beedrill|U-turn|p1a: Kommo-o\n|-resisted|p1a: Kommo-o\n|-damage|p1a: Kommo-o|55\/100 tox\n|\n|t:|1699559544\n|switch|p2a: Muk|Muk-Alola, M|11\/100|[from] U-turn\n|-damage|p2a: Muk|0 fnt|[from] Stealth Rock\n|faint|p2a: Muk\n|-zpower|p1a: Kommo-o\n|move|p1a: Kommo-o|Clangorous Soulblaze|p2: Muk|[zeffect]|[notarget]\n|-fail|p1a: Kommo-o\n|\n|-weather|SunnyDay|[upkeep]\n|-damage|p1a: Kommo-o|49\/100 tox|[from] psn\n|upkeep\n|\n|t:|1699559554\n|switch|p2a: Greninja|Greninja, M|100\/100\n|-damage|p2a: Greninja|88\/100|[from] Stealth Rock\n|turn|20\n|\n|t:|1699559558\n|move|p2a: Greninja|Ice Beam|p1a: Kommo-o\n|-start|p2a: Greninja|typechange|Ice|[from] ability: Protean\n|-supereffective|p1a: Kommo-o\n|-damage|p1a: Kommo-o|0 fnt\n|faint|p1a: Kommo-o\n|-damage|p2a: Greninja|78\/100|[from] item: Life Orb\n|\n|win|Feigar2004\n|raw|1Tyler08's rating: 1155 &rarr; <strong>1135<\/strong><br \/>(-20 for losing)\n|raw|Feigar2004's rating: 1232 &rarr; <strong>1252<\/strong><br \/>(+20 for winning)\n|c|\u26061Tyler08|gg\n","uploadtime":1699559571,"views":5,"p1id":"1tyler08","p2id":"feigar2004","formatid":"gen9nationaldex","rating":1135,"private":0,"password":""}