{"id":"gen9nationaldex-1993091169","p1":"beantheduck13","p2":"Jarl_jake","format":"[Gen 9] National Dex","log":"|j|\u2606beantheduck13\n|j|\u2606Jarl_jake\n|t:|1700263701\n|gametype|singles\n|player|p1|beantheduck13|101|1438\n|player|p2|Jarl_jake|red|1560\n|teamsize|p1|6\n|teamsize|p2|6\n|gen|9\n|tier|[Gen 9] National Dex\n|rated|\n|rule|HP Percentage Mod: HP is shown in percentages\n|rule|Endless Battle Clause: Forcing endless battles is banned\n|rule|OHKO Clause: OHKO moves are banned\n|rule|Evasion Clause: Evasion abilities, items, and moves are banned\n|rule|Evasion Abilities Clause: Evasion abilities are banned\n|rule|Evasion Items Clause: Evasion items are banned\n|rule|Evasion Moves Clause: Evasion moves are banned\n|rule|Species Clause: Limit one of each Pok\u00e9mon\n|rule|Sleep Clause Mod: Limit one foe put to sleep\n|clearpoke\n|poke|p1|Scizor, F|\n|poke|p1|Hatterene, F|\n|poke|p1|Ceruledge, F|\n|poke|p1|Meowscarada, F|\n|poke|p1|Dragalge, F|\n|poke|p1|Milotic, M|\n|poke|p2|Ninetales-Alola, F|\n|poke|p2|Serperior, F|\n|poke|p2|Salamence, M|\n|poke|p2|Blaziken, M|\n|poke|p2|Blastoise, F|\n|poke|p2|Grimmsnarl, M|\n|teampreview\n|\n|t:|1700263723\n|start\n|switch|p1a: Hughes|Dragalge, F|100\/100\n|switch|p2a: Paarthurnax|Salamence, M, shiny|100\/100\n|turn|1\n|\n|t:|1700263754\n|-terastallize|p1a: Hughes|Poison\n|move|p2a: Paarthurnax|Earthquake|p1a: Hughes\n|-supereffective|p1a: Hughes\n|-damage|p1a: Hughes|1\/100\n|move|p1a: Hughes|Draco Meteor|p2a: Paarthurnax\n|-supereffective|p2a: Paarthurnax\n|-damage|p2a: Paarthurnax|0 fnt\n|-unboost|p1a: Hughes|spa|2\n|-enditem|p1a: Hughes|White Herb\n|-clearnegativeboost|p1a: Hughes|[silent]\n|faint|p2a: Paarthurnax\n|\n|upkeep\n|\n|t:|1700263780\n|switch|p2a: Lady Oscar|Serperior, F, shiny|100\/100\n|turn|2\n|\n|t:|1700263783\n|move|p2a: Lady Oscar|Leaf Storm|p1a: Hughes\n|-resisted|p1a: Hughes\n|-damage|p1a: Hughes|0 fnt\n|-boost|p2a: Lady Oscar|spa|2\n|faint|p1a: Hughes\n|-damage|p2a: Lady Oscar|91\/100|[from] item: Life Orb\n|\n|upkeep\n|\n|t:|1700263791\n|switch|p1a: Romero|Ceruledge, F|100\/100\n|turn|3\n|\n|t:|1700263796\n|-terastallize|p2a: Lady Oscar|Fire\n|move|p2a: Lady Oscar|Dragon Pulse|p1a: Romero\n|-damage|p1a: Romero|39\/100\n|-damage|p2a: Lady Oscar|81\/100|[from] item: Life Orb\n|move|p1a: Romero|Bitter Blade|p2a: Lady Oscar\n|-resisted|p2a: Lady Oscar\n|-damage|p2a: Lady Oscar|50\/100\n|-heal|p1a: Romero|54\/100|[from] drain|[of] p2a: Lady Oscar\n|\n|upkeep\n|turn|4\n|\n|t:|1700263815\n|switch|p1a: Ymir|Hatterene, F|100\/100\n|move|p2a: Lady Oscar|Dragon Pulse|p1a: Ymir\n|-immune|p1a: Ymir\n|\n|upkeep\n|turn|5\n|\n|t:|1700263822\n|move|p2a: Lady Oscar|Leaf Storm|p1a: Ymir|[miss]\n|-miss|p2a: Lady Oscar|p1a: Ymir\n|move|p1a: Ymir|Psychic|p2a: Lady Oscar\n|-damage|p2a: Lady Oscar|0 fnt\n|faint|p2a: Lady Oscar\n|\n|upkeep\n|\n|t:|1700263834\n|switch|p2a: Fat Girl|Blastoise, F, shiny|100\/100\n|turn|6\n|\n|t:|1700263843\n|move|p2a: Fat Girl|Shell Smash|p2a: Fat Girl\n|-unboost|p2a: Fat Girl|def|1\n|-unboost|p2a: Fat Girl|spd|1\n|-boost|p2a: Fat Girl|atk|2\n|-boost|p2a: Fat Girl|spa|2\n|-boost|p2a: Fat Girl|spe|2\n|move|p1a: Ymir|Psychic|p2a: Fat Girl\n|-damage|p2a: Fat Girl|32\/100\n|\n|upkeep\n|turn|7\n|\n|t:|1700263852\n|move|p2a: Fat Girl|Scald|p1a: Ymir\n|-damage|p1a: Ymir|36\/100\n|move|p1a: Ymir|Psychic|p2a: Fat Girl\n|-damage|p2a: Fat Girl|0 fnt\n|faint|p2a: Fat Girl\n|\n|upkeep\n|\n|t:|1700263861\n|switch|p2a: Kurama|Ninetales-Alola, F, shiny|100\/100\n|-weather|Snow|[from] ability: Snow Warning|[of] p2a: Kurama\n|turn|8\n|\n|t:|1700263867\n|switch|p1a: Romero|Ceruledge, F|54\/100\n|move|p2a: Kurama|Blizzard|p1a: Romero\n|-resisted|p1a: Romero\n|-damage|p1a: Romero|28\/100\n|\n|-weather|Snow|[upkeep]\n|upkeep\n|turn|9\n|\n|t:|1700263877\n|move|p2a: Kurama|Blizzard|p1a: Romero\n|-resisted|p1a: Romero\n|-crit|p1a: Romero\n|-damage|p1a: Romero|0 fnt\n|faint|p1a: Romero\n|\n|-weather|Snow|[upkeep]\n|upkeep\n|\n|t:|1700263885\n|switch|p1a: Stark|Scizor, F|100\/100\n|turn|10\n|\n|t:|1700263893\n|detailschange|p1a: Stark|Scizor-Mega, F\n|-mega|p1a: Stark|Scizor|Scizorite\n|move|p2a: Kurama|Aurora Veil|p2a: Kurama\n|-sidestart|p2: Jarl_jake|move: Aurora Veil\n|move|p1a: Stark|Superpower|p2a: Kurama\n|-damage|p2a: Kurama|76\/100\n|-unboost|p1a: Stark|atk|1\n|-unboost|p1a: Stark|def|1\n|\n|-weather|Snow|[upkeep]\n|upkeep\n|turn|11\n|\n|t:|1700263904\n|move|p1a: Stark|Bullet Punch|p2a: Kurama\n|-supereffective|p2a: Kurama\n|-damage|p2a: Kurama|24\/100\n|move|p2a: Kurama|Encore|p1a: Stark\n|-start|p1a: Stark|Encore\n|\n|-weather|Snow|[upkeep]\n|upkeep\n|turn|12\n|\n|t:|1700263913\n|switch|p1a: Ymir|Hatterene, F|36\/100\n|move|p2a: Kurama|Blizzard|p1a: Ymir\n|-damage|p1a: Ymir|9\/100\n|\n|-weather|none\n|upkeep\n|turn|13\n|\n|t:|1700263921\n|move|p2a: Kurama|Moonblast|p1a: Ymir\n|-crit|p1a: Ymir\n|-damage|p1a: Ymir|0 fnt\n|faint|p1a: Ymir\n|\n|upkeep\n|\n|t:|1700263943\n|switch|p1a: Stark|Scizor-Mega, F|100\/100\n|turn|14\n|\n|t:|1700263949\n|move|p2a: Kurama|Encore||[still]\n|-fail|p2a: Kurama\n|move|p1a: Stark|Swords Dance|p1a: Stark\n|-boost|p1a: Stark|atk|2\n|\n|upkeep\n|turn|15\n|\n|t:|1700263955\n|move|p1a: Stark|Bullet Punch|p2a: Kurama\n|-supereffective|p2a: Kurama\n|-damage|p2a: Kurama|0 fnt\n|faint|p2a: Kurama\n|\n|upkeep\n|\n|t:|1700263960\n|switch|p2a: Chicharron|Blaziken, M, shiny|100\/100\n|turn|16\n|\n|t:|1700263966\n|move|p2a: Chicharron|Blaze Kick|p1a: Stark\n|-supereffective|p1a: Stark\n|-damage|p1a: Stark|0 fnt\n|faint|p1a: Stark\n|\n|-ability|p2a: Chicharron|Speed Boost|boost\n|-boost|p2a: Chicharron|spe|1\n|upkeep\n|\n|t:|1700263973\n|switch|p1a: Oura|Milotic, M|100\/100\n|turn|17\n|\n|t:|1700263976\n|move|p2a: Chicharron|Swords Dance|p2a: Chicharron\n|-boost|p2a: Chicharron|atk|2\n|move|p1a: Oura|Surf|p2a: Chicharron\n|-supereffective|p2a: Chicharron\n|-damage|p2a: Chicharron|38\/100\n|\n|-sideend|p2: Jarl_jake|move: Aurora Veil\n|-ability|p2a: Chicharron|Speed Boost|boost\n|-boost|p2a: Chicharron|spe|1\n|upkeep\n|turn|18\n|\n|t:|1700263991\n|move|p2a: Chicharron|Thunder Punch|p1a: Oura\n|-supereffective|p1a: Oura\n|-damage|p1a: Oura|0 fnt\n|faint|p1a: Oura\n|\n|-ability|p2a: Chicharron|Speed Boost|boost\n|-boost|p2a: Chicharron|spe|1\n|upkeep\n|\n|t:|1700263997\n|switch|p1a: Quri|Meowscarada, F|100\/100\n|turn|19\n|\n|t:|1700264001\n|move|p1a: Quri|Sucker Punch|p2a: Chicharron\n|-resisted|p2a: Chicharron\n|-damage|p2a: Chicharron|14\/100\n|move|p2a: Chicharron|Close Combat|p1a: Quri\n|-supereffective|p1a: Quri\n|-damage|p1a: Quri|0 fnt\n|-unboost|p2a: Chicharron|def|1\n|-unboost|p2a: Chicharron|spd|1\n|faint|p1a: Quri\n|\n|win|Jarl_jake\n|raw|beantheduck13's rating: 1438 &rarr; <strong>1425<\/strong><br \/>(-13 for losing)\n|raw|Jarl_jake's rating: 1560 &rarr; <strong>1573<\/strong><br \/>(+13 for winning)\n|l|\u2606beantheduck13\n","uploadtime":1700264015,"views":16,"p1id":"beantheduck13","p2id":"jarljake","formatid":"gen9nationaldex","rating":1425,"private":0,"password":""}