{"id":"gen9nationaldex-1987674352","p1":"I'm not a singer","p2":"johim","format":"[Gen 9] National Dex","log":"|j|\u2606I'm not a singer\n|j|\u2606johim\n|t:|1699626453\n|gametype|singles\n|player|p1|I'm not a singer|giovanni|1323\n|player|p2|johim|riley|1324\n|teamsize|p1|6\n|teamsize|p2|6\n|gen|9\n|tier|[Gen 9] National Dex\n|rated|\n|rule|HP Percentage Mod: HP is shown in percentages\n|rule|Endless Battle Clause: Forcing endless battles is banned\n|rule|OHKO Clause: OHKO moves are banned\n|rule|Evasion Clause: Evasion abilities, items, and moves are banned\n|rule|Evasion Abilities Clause: Evasion abilities are banned\n|rule|Evasion Items Clause: Evasion items are banned\n|rule|Evasion Moves Clause: Evasion moves are banned\n|rule|Species Clause: Limit one of each Pok\u00e9mon\n|rule|Sleep Clause Mod: Limit one foe put to sleep\n|clearpoke\n|poke|p1|Torkoal, M|\n|poke|p1|Venusaur, F|\n|poke|p1|Charizard, M|\n|poke|p1|Great Tusk|\n|poke|p1|Lilligant-Hisui, F|\n|poke|p1|Kommo-o, M|\n|poke|p2|Charizard, M|\n|poke|p2|Crobat, M|\n|poke|p2|Rhydon, M|\n|poke|p2|Cloyster, M|\n|poke|p2|Magneton|\n|poke|p2|Kabutops, F|\n|teampreview\n|\n|t:|1699626473\n|start\n|switch|p1a: Lilligant|Lilligant-Hisui, F|100\/100\n|switch|p2a: Kabutops|Kabutops, F|100\/100\n|turn|1\n|inactive|Battle timer is ON: inactive players will automatically lose when time's up. (requested by johim)\n|\n|t:|1699626502\n|move|p1a: Lilligant|Leaf Blade|p2a: Kabutops\n|-supereffective|p2a: Kabutops\n|-enditem|p2a: Kabutops|Focus Sash\n|-damage|p2a: Kabutops|1\/100\n|-ability|p2a: Kabutops|Weak Armor|boost\n|-unboost|p2a: Kabutops|def|1\n|-boost|p2a: Kabutops|spe|2\n|move|p2a: Kabutops|Swords Dance|p2a: Kabutops\n|-boost|p2a: Kabutops|atk|2\n|\n|upkeep\n|turn|2\n|\n|t:|1699626514\n|move|p2a: Kabutops|Leech Life|p1a: Lilligant\n|-damage|p1a: Lilligant|7\/100\n|-heal|p2a: Kabutops|51\/100|[from] drain|[of] p1a: Lilligant\n|move|p1a: Lilligant|Leaf Blade|p2a: Kabutops\n|-supereffective|p2a: Kabutops\n|-damage|p2a: Kabutops|0 fnt\n|faint|p2a: Kabutops\n|\n|upkeep\n|\n|t:|1699626536\n|switch|p2a: Crobat|Crobat, M|100\/100\n|turn|3\n|\n|t:|1699626542\n|switch|p1a: Torkoal|Torkoal, M|100\/100\n|-weather|SunnyDay|[from] ability: Drought|[of] p1a: Torkoal\n|move|p2a: Crobat|Nasty Plot|p2a: Crobat\n|-boost|p2a: Crobat|spa|2\n|\n|-weather|SunnyDay|[upkeep]\n|upkeep\n|turn|4\n|\n|t:|1699626549\n|move|p2a: Crobat|Air Slash|p1a: Torkoal\n|-damage|p1a: Torkoal|59\/100\n|move|p1a: Torkoal|Stealth Rock|p2a: Crobat\n|-sidestart|p2: johim|move: Stealth Rock\n|\n|-weather|SunnyDay|[upkeep]\n|upkeep\n|turn|5\n|\n|t:|1699626553\n|move|p2a: Crobat|Nasty Plot|p2a: Crobat\n|-boost|p2a: Crobat|spa|2\n|move|p1a: Torkoal|Clear Smog|p2a: Crobat\n|-resisted|p2a: Crobat\n|-damage|p2a: Crobat|93\/100\n|-clearboost|p2a: Crobat\n|\n|-weather|SunnyDay|[upkeep]\n|upkeep\n|turn|6\n|\n|t:|1699626558\n|move|p2a: Crobat|Nasty Plot|p2a: Crobat\n|-boost|p2a: Crobat|spa|2\n|move|p1a: Torkoal|Clear Smog|p2a: Crobat\n|-resisted|p2a: Crobat\n|-damage|p2a: Crobat|86\/100\n|-clearboost|p2a: Crobat\n|\n|-weather|SunnyDay|[upkeep]\n|upkeep\n|turn|7\n|\n|t:|1699626561\n|move|p2a: Crobat|Air Slash|p1a: Torkoal\n|-damage|p1a: Torkoal|37\/100\n|move|p1a: Torkoal|Clear Smog|p2a: Crobat\n|-resisted|p2a: Crobat\n|-damage|p2a: Crobat|79\/100\n|-clearboost|p2a: Crobat\n|\n|-weather|SunnyDay|[upkeep]\n|upkeep\n|turn|8\n|\n|t:|1699626564\n|move|p2a: Crobat|Air Slash|p1a: Torkoal\n|-crit|p1a: Torkoal\n|-damage|p1a: Torkoal|4\/100\n|move|p1a: Torkoal|Eruption|p2a: Crobat\n|-damage|p2a: Crobat|75\/100\n|\n|-weather|SunnyDay|[upkeep]\n|upkeep\n|turn|9\n|\n|t:|1699626569\n|move|p2a: Crobat|Giga Drain|p1a: Torkoal\n|-resisted|p1a: Torkoal\n|-damage|p1a: Torkoal|0 fnt\n|-heal|p2a: Crobat|77\/100|[from] drain|[of] p1a: Torkoal\n|faint|p1a: Torkoal\n|\n|-weather|SunnyDay|[upkeep]\n|upkeep\n|\n|t:|1699626572\n|switch|p1a: Lilligant|Lilligant-Hisui, F|7\/100\n|turn|10\n|\n|t:|1699626576\n|move|p1a: Lilligant|Ice Spinner|p2a: Crobat\n|-supereffective|p2a: Crobat\n|-damage|p2a: Crobat|20\/100\n|move|p2a: Crobat|Air Slash|p1a: Lilligant\n|-supereffective|p1a: Lilligant\n|-damage|p1a: Lilligant|0 fnt\n|faint|p1a: Lilligant\n|\n|-weather|none\n|upkeep\n|\n|t:|1699626584\n|switch|p1a: Charizard|Charizard, M|100\/100\n|turn|11\n|\n|t:|1699626589\n|detailschange|p1a: Charizard|Charizard-Mega-Y, M\n|-mega|p1a: Charizard|Charizard|Charizardite Y\n|-weather|SunnyDay|[from] ability: Drought|[of] p1a: Charizard\n|move|p2a: Crobat|Air Slash|p1a: Charizard\n|-damage|p1a: Charizard|81\/100\n|move|p1a: Charizard|Scorching Sands|p2a: Crobat\n|-immune|p2a: Crobat\n|\n|-weather|SunnyDay|[upkeep]\n|upkeep\n|turn|12\n|\n|t:|1699626593\n|move|p2a: Crobat|Air Slash|p1a: Charizard\n|-damage|p1a: Charizard|61\/100\n|move|p1a: Charizard|Air Slash|p2a: Crobat\n|-damage|p2a: Crobat|0 fnt\n|faint|p2a: Crobat\n|\n|-weather|SunnyDay|[upkeep]\n|upkeep\n|\n|t:|1699626598\n|switch|p2a: Rhydon|Rhydon, M|100\/100\n|-damage|p2a: Rhydon|95\/100|[from] Stealth Rock\n|turn|13\n|\n|t:|1699626602\n|switch|p1a: Venusaur|Venusaur, F|100\/100\n|-terastallize|p2a: Rhydon|Water\n|move|p2a: Rhydon|Stone Edge|p1a: Venusaur\n|-damage|p1a: Venusaur|28\/100\n|\n|-weather|SunnyDay|[upkeep]\n|upkeep\n|turn|14\n|\n|t:|1699626606\n|move|p1a: Venusaur|Giga Drain|p2a: Rhydon\n|-supereffective|p2a: Rhydon\n|-damage|p2a: Rhydon|21\/100\n|-heal|p1a: Venusaur|71\/100|[from] drain|[of] p2a: Rhydon\n|-damage|p1a: Venusaur|61\/100|[from] item: Life Orb\n|move|p2a: Rhydon|Ice Punch|p1a: Venusaur\n|-supereffective|p1a: Venusaur\n|-damage|p1a: Venusaur|0 fnt\n|faint|p1a: Venusaur\n|\n|-weather|SunnyDay|[upkeep]\n|upkeep\n|\n|t:|1699626610\n|switch|p1a: Kommo-o|Kommo-o, M|100\/100\n|turn|15\n|\n|t:|1699626613\n|-zpower|p1a: Kommo-o\n|move|p1a: Kommo-o|Clangorous Soulblaze|p2a: Rhydon|[zeffect]\n|-damage|p2a: Rhydon|0 fnt\n|faint|p2a: Rhydon\n|-boost|p1a: Kommo-o|atk|1\n|-boost|p1a: Kommo-o|def|1\n|-boost|p1a: Kommo-o|spa|1\n|-boost|p1a: Kommo-o|spd|1\n|-boost|p1a: Kommo-o|spe|1\n|\n|-weather|none\n|upkeep\n|\n|t:|1699626619\n|switch|p2a: Magneton|Magneton|100\/100\n|-damage|p2a: Magneton|94\/100|[from] Stealth Rock\n|turn|16\n|\n|t:|1699626629\n|move|p1a: Kommo-o|Aura Sphere|p2a: Magneton\n|-supereffective|p2a: Magneton\n|-damage|p2a: Magneton|0 fnt\n|faint|p2a: Magneton\n|\n|upkeep\n|\n|t:|1699626632\n|switch|p2a: Charizard|Charizard, M|100\/100\n|-damage|p2a: Charizard|51\/100|[from] Stealth Rock\n|turn|17\n|\n|t:|1699626637\n|detailschange|p2a: Charizard|Charizard-Mega-Y, M\n|-mega|p2a: Charizard|Charizard|Charizardite Y\n|-weather|SunnyDay|[from] ability: Drought|[of] p2a: Charizard\n|move|p1a: Kommo-o|Clanging Scales|p2a: Charizard\n|-damage|p2a: Charizard|0 fnt\n|faint|p2a: Charizard\n|-unboost|p1a: Kommo-o|def|1\n|\n|-weather|SunnyDay|[upkeep]\n|upkeep\n|-message|johim forfeited.\n|\n|win|I'm not a singer\n|raw|I&apos;m not a singer's rating: 1323 &rarr; <strong>1343<\/strong><br \/>(+20 for winning)\n|raw|johim's rating: 1324 &rarr; <strong>1304<\/strong><br \/>(-20 for losing)\n|l|\u2606johim\n","uploadtime":1699626645,"views":5,"p1id":"imnotasinger","p2id":"johim","formatid":"gen9nationaldex","rating":1304,"private":0,"password":""}