{"id":"gen9nationaldex-1994336498","p1":"Die Zahnfee","p2":"Blrrrd","format":"[Gen 9] National Dex","log":"|j|\u2606Die Zahnfee\n|j|\u2606Blrrrd\n|t:|1700432478\n|gametype|singles\n|player|p1|Die Zahnfee|blaine|1259\n|player|p2|Blrrrd|leon|1245\n|teamsize|p1|6\n|teamsize|p2|6\n|gen|9\n|tier|[Gen 9] National Dex\n|rated|\n|rule|HP Percentage Mod: HP is shown in percentages\n|rule|Endless Battle Clause: Forcing endless battles is banned\n|rule|OHKO Clause: OHKO moves are banned\n|rule|Evasion Clause: Evasion abilities, items, and moves are banned\n|rule|Evasion Abilities Clause: Evasion abilities are banned\n|rule|Evasion Items Clause: Evasion items are banned\n|rule|Evasion Moves Clause: Evasion moves are banned\n|rule|Species Clause: Limit one of each Pok\u00e9mon\n|rule|Sleep Clause Mod: Limit one foe put to sleep\n|clearpoke\n|poke|p1|Hoopa|\n|poke|p1|Ursaluna, F|\n|poke|p1|Conkeldurr, F|\n|poke|p1|Hatterene, F|\n|poke|p1|Porygon2|\n|poke|p1|Ampharos, M|\n|poke|p2|Alomomola, F|\n|poke|p2|Tangrowth, F|\n|poke|p2|Sableye, F|\n|poke|p2|Toxapex, F|\n|poke|p2|Great Tusk|\n|poke|p2|Corviknight, M|\n|teampreview\n|inactive|Battle timer is ON: inactive players will automatically lose when time's up. (requested by Blrrrd)\n|\n|t:|1700432488\n|start\n|switch|p1a: Hatterene|Hatterene, F|100\/100\n|switch|p2a: Great Tusk|Great Tusk|100\/100\n|turn|1\n|\n|t:|1700432494\n|move|p2a: Great Tusk|Bulk Up|p2a: Great Tusk\n|-boost|p2a: Great Tusk|atk|1\n|-boost|p2a: Great Tusk|def|1\n|move|p1a: Hatterene|Trick Room|p1a: Hatterene\n|-fieldstart|move: Trick Room|[of] p1a: Hatterene\n|\n|upkeep\n|turn|2\n|\n|t:|1700432501\n|move|p1a: Hatterene|Draining Kiss|p2a: Great Tusk\n|-supereffective|p2a: Great Tusk\n|-damage|p2a: Great Tusk|37\/100\n|-enditem|p2a: Great Tusk|Weakness Policy\n|-boost|p2a: Great Tusk|atk|2|[from] item: Weakness Policy\n|-boost|p2a: Great Tusk|spa|2|[from] item: Weakness Policy\n|move|p2a: Great Tusk|Earthquake|p1a: Hatterene\n|-damage|p1a: Hatterene|0 fnt\n|faint|p1a: Hatterene\n|\n|upkeep\n|\n|t:|1700432512\n|switch|p1a: Ampharos|Ampharos, M|100\/100\n|turn|3\n|\n|t:|1700432517\n|detailschange|p1a: Ampharos|Ampharos-Mega, M\n|-mega|p1a: Ampharos|Ampharos|Ampharosite\n|-ability|p1a: Ampharos|Mold Breaker\n|move|p1a: Ampharos|Dazzling Gleam|p2a: Great Tusk\n|-supereffective|p2a: Great Tusk\n|-damage|p2a: Great Tusk|0 fnt\n|faint|p2a: Great Tusk\n|-end|p2a: Great Tusk|Protosynthesis|[silent]\n|\n|upkeep\n|\n|t:|1700432527\n|switch|p2a: Tangrowth|Tangrowth, F|100\/100\n|turn|4\n|\n|t:|1700432535\n|move|p1a: Ampharos|Dragon Pulse|p2a: Tangrowth\n|-damage|p2a: Tangrowth|47\/100\n|move|p2a: Tangrowth|Sleep Powder|p1a: Ampharos\n|-status|p1a: Ampharos|slp|[from] move: Sleep Powder\n|\n|-heal|p2a: Tangrowth|53\/100|[from] item: Leftovers\n|upkeep\n|turn|5\n|\n|t:|1700432544\n|switch|p1a: Porygon2|Porygon2|100\/100\n|-ability|p1a: Porygon2|Regenerator|[from] ability: Trace|[of] p2a: Tangrowth\n|move|p2a: Tangrowth|Leech Seed|p1a: Porygon2|[miss]\n|-miss|p2a: Tangrowth|p1a: Porygon2\n|\n|-heal|p2a: Tangrowth|59\/100|[from] item: Leftovers\n|-fieldend|move: Trick Room\n|upkeep\n|turn|6\n|\n|t:|1700432555\n|switch|p2a: Toxapex|Toxapex, F|100\/100\n|move|p1a: Porygon2|Trick Room|p1a: Porygon2\n|-fieldstart|move: Trick Room|[of] p1a: Porygon2\n|\n|upkeep\n|turn|7\n|\n|t:|1700432562\n|move|p2a: Toxapex|Toxic|p1a: Porygon2\n|-status|p1a: Porygon2|tox\n|move|p1a: Porygon2|Teleport|p1a: Porygon2\n|\n|t:|1700432569\n|switch|p1a: Ursaluna|Ursaluna, F|100\/100|[from] Teleport\n|\n|-status|p1a: Ursaluna|brn|[from] item: Flame Orb\n|upkeep\n|turn|8\n|\n|t:|1700432576\n|switch|p2a: Corviknight|Corviknight, M|100\/100\n|-ability|p2a: Corviknight|Pressure\n|move|p1a: Ursaluna|Thunder Punch|p2a: Corviknight\n|-supereffective|p2a: Corviknight\n|-damage|p2a: Corviknight|42\/100\n|-damage|p1a: Ursaluna|84\/100 brn|[from] item: Rocky Helmet|[of] p2a: Corviknight\n|\n|-damage|p1a: Ursaluna|78\/100 brn|[from] brn\n|upkeep\n|turn|9\n|\n|t:|1700432588\n|move|p1a: Ursaluna|Thunder Punch|p2a: Corviknight\n|-supereffective|p2a: Corviknight\n|-damage|p2a: Corviknight|0 fnt\n|-damage|p1a: Ursaluna|61\/100 brn|[from] item: Rocky Helmet|[of] p2a: Corviknight\n|faint|p2a: Corviknight\n|\n|-damage|p1a: Ursaluna|55\/100 brn|[from] brn\n|upkeep\n|\n|t:|1700432597\n|switch|p2a: Tangrowth|Tangrowth, F|92\/100\n|turn|10\n|\n|t:|1700432600\n|move|p1a: Ursaluna|Facade|p2a: Tangrowth\n|-damage|p2a: Tangrowth|0 fnt\n|faint|p2a: Tangrowth\n|\n|-damage|p1a: Ursaluna|49\/100 brn|[from] brn\n|-fieldend|move: Trick Room\n|upkeep\n|-message|Blrrrd forfeited.\n|\n|win|Die Zahnfee\n|raw|Die Zahnfee's rating: 1259 &rarr; <strong>1283<\/strong><br \/>(+24 for winning)\n|raw|Blrrrd's rating: 1245 &rarr; <strong>1221<\/strong><br \/>(-24 for losing)\n|l|\u2606Blrrrd\n","uploadtime":1700432611,"views":29,"p1id":"diezahnfee","p2id":"blrrrd","formatid":"gen9nationaldex","rating":1221,"private":0,"password":""}