{"id":"gen9nationaldex-1991934757","p1":"ChewyGold719","p2":"pzzs","format":"[Gen 9] National Dex","log":"|j|\u2606ChewyGold719\n|j|\u2606pzzs\n|t:|1700140004\n|gametype|singles\n|player|p1|ChewyGold719|palmer|1256\n|player|p2|pzzs|janine|1332\n|teamsize|p1|6\n|teamsize|p2|6\n|gen|9\n|tier|[Gen 9] National Dex\n|rated|\n|rule|HP Percentage Mod: HP is shown in percentages\n|rule|Endless Battle Clause: Forcing endless battles is banned\n|rule|OHKO Clause: OHKO moves are banned\n|rule|Evasion Clause: Evasion abilities, items, and moves are banned\n|rule|Evasion Abilities Clause: Evasion abilities are banned\n|rule|Evasion Items Clause: Evasion items are banned\n|rule|Evasion Moves Clause: Evasion moves are banned\n|rule|Species Clause: Limit one of each Pok\u00e9mon\n|rule|Sleep Clause Mod: Limit one foe put to sleep\n|clearpoke\n|poke|p1|Venusaur, F|\n|poke|p1|Butterfree, M|\n|poke|p1|Kingler, F|\n|poke|p1|Nidoqueen, F|\n|poke|p1|Clefable, M|\n|poke|p1|Dragonite, M|\n|poke|p2|Quaquaval, F|\n|poke|p2|Dragonite, F|\n|poke|p2|Chandelure, M|\n|poke|p2|Mawile, M|\n|poke|p2|Overqwil, F|\n|poke|p2|Illumise, F|\n|teampreview\n|inactive|Battle timer is ON: inactive players will automatically lose when time's up. (requested by pzzs)\n|\n|t:|1700140028\n|start\n|switch|p1a: Kingler|Kingler, F|100\/100\n|switch|p2a: Chandelure|Chandelure, M|100\/100\n|turn|1\n|\n|t:|1700140033\n|move|p2a: Chandelure|Energy Ball|p1a: Kingler\n|-supereffective|p1a: Kingler\n|-damage|p1a: Kingler|0 fnt\n|faint|p1a: Kingler\n|\n|upkeep\n|\n|t:|1700140038\n|switch|p1a: Butterfree|Butterfree, M|100\/100\n|turn|2\n|\n|t:|1700140046\n|-terastallize|p2a: Chandelure|Grass\n|move|p2a: Chandelure|Energy Ball|p1a: Butterfree\n|-resisted|p1a: Butterfree\n|-damage|p1a: Butterfree|82\/100\n|-unboost|p1a: Butterfree|spd|1\n|move|p1a: Butterfree|Sleep Powder|p2a: Chandelure\n|-immune|p2a: Chandelure\n|\n|upkeep\n|turn|3\n|\n|t:|1700140058\n|switch|p2a: Quaquaval|Quaquaval, F, shiny|100\/100\n|move|p1a: Butterfree|Quiver Dance|p1a: Butterfree\n|-boost|p1a: Butterfree|spa|1\n|-boost|p1a: Butterfree|spd|1\n|-boost|p1a: Butterfree|spe|1\n|\n|upkeep\n|turn|4\n|\n|t:|1700140065\n|move|p2a: Quaquaval|Aqua Jet|p1a: Butterfree\n|-damage|p1a: Butterfree|37\/100\n|move|p1a: Butterfree|Hurricane|p2a: Quaquaval\n|-supereffective|p2a: Quaquaval\n|-enditem|p2a: Quaquaval|Focus Sash\n|-damage|p2a: Quaquaval|1\/100\n|-start|p2a: Quaquaval|confusion\n|\n|upkeep\n|turn|5\n|\n|t:|1700140074\n|-activate|p2a: Quaquaval|confusion\n|move|p2a: Quaquaval|Aqua Jet|p1a: Butterfree\n|-damage|p1a: Butterfree|0 fnt\n|faint|p1a: Butterfree\n|-ability|p2a: Quaquaval|Moxie|boost\n|-boost|p2a: Quaquaval|atk|1\n|\n|upkeep\n|\n|t:|1700140080\n|switch|p1a: Venusaur|Venusaur, F|100\/100\n|turn|6\n|\n|t:|1700140088\n|detailschange|p1a: Venusaur|Venusaur-Mega, F\n|-mega|p1a: Venusaur|Venusaur|Venusaurite\n|-activate|p2a: Quaquaval|confusion\n|move|p2a: Quaquaval|Knock Off|p1a: Venusaur\n|-damage|p1a: Venusaur|74\/100\n|move|p1a: Venusaur|Curse|p1a: Venusaur\n|-unboost|p1a: Venusaur|spe|1\n|-boost|p1a: Venusaur|atk|1\n|-boost|p1a: Venusaur|def|1\n|\n|upkeep\n|turn|7\n|\n|t:|1700140097\n|switch|p2a: Illumise|Illumise, F, shiny|100\/100\n|move|p1a: Venusaur|Curse|p1a: Venusaur\n|-unboost|p1a: Venusaur|spe|1\n|-boost|p1a: Venusaur|atk|1\n|-boost|p1a: Venusaur|def|1\n|\n|upkeep\n|turn|8\n|\n|t:|1700140103\n|move|p2a: Illumise|Encore|p1a: Venusaur\n|-start|p1a: Venusaur|Encore\n|move|p1a: Venusaur|Curse|p1a: Venusaur\n|-unboost|p1a: Venusaur|spe|1\n|-boost|p1a: Venusaur|atk|1\n|-boost|p1a: Venusaur|def|1\n|\n|upkeep\n|turn|9\n|\n|t:|1700140105\n|switch|p2a: Chandelure|Chandelure, M, tera:Grass|100\/100\n|move|p1a: Venusaur|Curse|p1a: Venusaur\n|-unboost|p1a: Venusaur|spe|1\n|-boost|p1a: Venusaur|atk|1\n|-boost|p1a: Venusaur|def|1\n|\n|upkeep\n|turn|10\n|\n|t:|1700140107\n|switch|p1a: Nidoqueen|Nidoqueen, F|100\/100\n|move|p2a: Chandelure|Flamethrower|p1a: Nidoqueen\n|-damage|p1a: Nidoqueen|53\/100\n|\n|-heal|p1a: Nidoqueen|59\/100|[from] item: Black Sludge\n|upkeep\n|turn|11\n|\n|t:|1700140117\n|switch|p2a: Illumise|Illumise, F, shiny|100\/100\n|move|p1a: Nidoqueen|Stealth Rock|p2a: Illumise\n|-sidestart|p2: pzzs|move: Stealth Rock\n|\n|-heal|p1a: Nidoqueen|65\/100|[from] item: Black Sludge\n|upkeep\n|turn|12\n|\n|t:|1700140123\n|switch|p1a: Dragonite|Dragonite, M|100\/100\n|move|p2a: Illumise|Defog|p1a: Dragonite\n|-unboost|p1a: Dragonite|evasion|1\n|-sideend|p2: pzzs|Stealth Rock|[from] move: Defog|[of] p2a: Illumise\n|\n|upkeep\n|turn|13\n|\n|t:|1700140128\n|move|p2a: Illumise|Thunder Wave|p1a: Dragonite\n|-status|p1a: Dragonite|par\n|move|p1a: Dragonite|Fire Punch|p2a: Illumise\n|-supereffective|p2a: Illumise\n|-damage|p2a: Illumise|36\/100\n|\n|upkeep\n|turn|14\n|\n|t:|1700140135\n|switch|p1a: Nidoqueen|Nidoqueen, F|65\/100\n|move|p2a: Illumise|Wish|p2a: Illumise\n|\n|-heal|p1a: Nidoqueen|72\/100|[from] item: Black Sludge\n|upkeep\n|turn|15\n|\n|t:|1700140141\n|switch|p2a: Quaquaval|Quaquaval, F, shiny|1\/100\n|move|p1a: Nidoqueen|Stealth Rock|p2a: Quaquaval\n|-sidestart|p2: pzzs|move: Stealth Rock\n|\n|-heal|p2a: Quaquaval|55\/100|[from] move: Wish|[wisher] Illumise\n|-heal|p1a: Nidoqueen|78\/100|[from] item: Black Sludge\n|upkeep\n|turn|16\n|\n|t:|1700140147\n|move|p2a: Quaquaval|Aqua Step|p1a: Nidoqueen\n|-supereffective|p1a: Nidoqueen\n|-damage|p1a: Nidoqueen|15\/100\n|-boost|p2a: Quaquaval|spe|1\n|move|p1a: Nidoqueen|Counter|p2a: Quaquaval\n|-damage|p2a: Quaquaval|0 fnt\n|faint|p2a: Quaquaval\n|\n|-heal|p1a: Nidoqueen|21\/100|[from] item: Black Sludge\n|upkeep\n|\n|t:|1700140154\n|switch|p2a: Illumise|Illumise, F, shiny|36\/100\n|turn|17\n|\n|t:|1700140157\n|move|p2a: Illumise|Encore|p1a: Nidoqueen\n|-start|p1a: Nidoqueen|Encore\n|move|p1a: Nidoqueen|Counter||[still]\n|-fail|p1a: Nidoqueen\n|\n|-heal|p1a: Nidoqueen|27\/100|[from] item: Black Sludge\n|upkeep\n|turn|18\n|\n|t:|1700140161\n|move|p2a: Illumise|Defog|p1a: Nidoqueen\n|-unboost|p1a: Nidoqueen|evasion|1\n|-sideend|p2: pzzs|Stealth Rock|[from] move: Defog|[of] p2a: Illumise\n|move|p1a: Nidoqueen|Counter||[still]\n|-fail|p1a: Nidoqueen\n|\n|-heal|p1a: Nidoqueen|34\/100|[from] item: Black Sludge\n|upkeep\n|turn|19\n|\n|t:|1700140163\n|move|p2a: Illumise|Wish|p2a: Illumise\n|move|p1a: Nidoqueen|Counter||[still]\n|-fail|p1a: Nidoqueen\n|\n|-heal|p1a: Nidoqueen|40\/100|[from] item: Black Sludge\n|-end|p1a: Nidoqueen|Encore\n|upkeep\n|turn|20\n|\n|t:|1700140170\n|move|p2a: Illumise|Encore|p1a: Nidoqueen\n|-start|p1a: Nidoqueen|Encore\n|move|p1a: Nidoqueen|Counter||[still]\n|-fail|p1a: Nidoqueen\n|\n|-heal|p2a: Illumise|86\/100|[from] move: Wish|[wisher] Illumise\n|-heal|p1a: Nidoqueen|46\/100|[from] item: Black Sludge\n|upkeep\n|turn|21\n|\n|t:|1700140177\n|switch|p2a: Chandelure|Chandelure, M, tera:Grass|100\/100\n|move|p1a: Nidoqueen|Counter||[still]\n|-fail|p1a: Nidoqueen\n|\n|-heal|p1a: Nidoqueen|52\/100|[from] item: Black Sludge\n|upkeep\n|turn|22\n|\n|t:|1700140180\n|move|p2a: Chandelure|Flamethrower|p1a: Nidoqueen\n|-damage|p1a: Nidoqueen|8\/100\n|move|p1a: Nidoqueen|Counter||[still]\n|-fail|p1a: Nidoqueen\n|\n|-heal|p1a: Nidoqueen|14\/100|[from] item: Black Sludge\n|-end|p1a: Nidoqueen|Encore\n|upkeep\n|turn|23\n|\n|t:|1700140184\n|move|p2a: Chandelure|Flamethrower|p1a: Nidoqueen\n|-damage|p1a: Nidoqueen|0 fnt\n|faint|p1a: Nidoqueen\n|\n|upkeep\n|\n|t:|1700140186\n|switch|p1a: Dragonite|Dragonite, M|100\/100 par\n|turn|24\n|\n|t:|1700140192\n|switch|p2a: Mawile|Mawile, M|100\/100\n|-ability|p2a: Mawile|Intimidate|boost\n|-unboost|p1a: Dragonite|atk|1\n|move|p1a: Dragonite|Iron Tail|p2a: Mawile|[miss]\n|-miss|p1a: Dragonite|p2a: Mawile\n|\n|upkeep\n|turn|25\n|\n|t:|1700140199\n|switch|p1a: Venusaur|Venusaur-Mega, F|74\/100\n|detailschange|p2a: Mawile|Mawile-Mega, M\n|-mega|p2a: Mawile|Mawile|Mawilite\n|move|p2a: Mawile|Swords Dance|p2a: Mawile\n|-boost|p2a: Mawile|atk|2\n|\n|upkeep\n|turn|26\n|\n|t:|1700140207\n|switch|p1a: Clefable|Clefable, M|100\/100\n|move|p2a: Mawile|Iron Head|p1a: Clefable\n|-supereffective|p1a: Clefable\n|-damage|p1a: Clefable|0 fnt\n|faint|p1a: Clefable\n|\n|upkeep\n|-message|ChewyGold719 forfeited.\n|\n|win|pzzs\n|raw|ChewyGold719's rating: 1256 &rarr; <strong>1236<\/strong><br \/>(-20 for losing)\n|raw|pzzs's rating: 1332 &rarr; <strong>1348<\/strong><br \/>(+16 for winning)\n|l|\u2606ChewyGold719\n","uploadtime":1700140225,"views":15,"p1id":"chewygold719","p2id":"pzzs","formatid":"gen9nationaldex","rating":1236,"private":0,"password":""}