{"id":"gen9nationaldex-1999804171","p1":"boi in the back","p2":"vheneko","format":"[Gen 9] National Dex","log":"|html|<div class=\"broadcast-blue\"><strong>[Gen 9] National Dex is currently suspecting Sneasler! For information on how to participate check out the <a href=\"https:\/\/www.smogon.com\/forums\/threads\/sv-national-dex-suspect-8-just-dance.3731534\/\">suspect thread<\/a>.<\/strong><\/div>\n|j|\u2606boi in the back\n|j|\u2606vheneko\n|t:|1701118213\n|gametype|singles\n|player|p1|boi in the back|penny|1142\n|player|p2|vheneko|depotagent|1226\n|teamsize|p1|6\n|teamsize|p2|6\n|gen|9\n|tier|[Gen 9] National Dex\n|rated|\n|rule|HP Percentage Mod: HP is shown in percentages\n|rule|Endless Battle Clause: Forcing endless battles is banned\n|rule|OHKO Clause: OHKO moves are banned\n|rule|Evasion Clause: Evasion abilities, items, and moves are banned\n|rule|Evasion Abilities Clause: Evasion abilities are banned\n|rule|Evasion Items Clause: Evasion items are banned\n|rule|Evasion Moves Clause: Evasion moves are banned\n|rule|Species Clause: Limit one of each Pok\u00e9mon\n|rule|Sleep Clause Mod: Limit one foe put to sleep\n|clearpoke\n|poke|p1|Victini|\n|poke|p1|Charizard, M|\n|poke|p1|Tornadus-Therian, M|\n|poke|p1|Aegislash, M|\n|poke|p1|Gliscor, F|\n|poke|p1|Toxapex, F|\n|poke|p2|Iron Valiant|\n|poke|p2|Mew|\n|poke|p2|Lokix, F|\n|poke|p2|Kyurem|\n|poke|p2|Skeledirge, F|\n|poke|p2|Ribombee, F|\n|teampreview\n|inactive|Battle timer is ON: inactive players will automatically lose when time's up. (requested by boi in the back)\n|j| SamFuraxy\n|\n|t:|1701118228\n|start\n|switch|p1a: Charizard|Charizard, M|100\/100\n|switch|p2a: Ribombee|Ribombee, F|100\/100\n|turn|1\n|c|\u2606vheneko|luego de esta vamos a ubers siva?\n|\n|t:|1701118234\n|detailschange|p1a: Charizard|Charizard-Mega-Y, M\n|-mega|p1a: Charizard|Charizard|Charizardite Y\n|-weather|SunnyDay|[from] ability: Drought|[of] p1a: Charizard\n|move|p2a: Ribombee|Sticky Web|p1a: Charizard\n|-sidestart|p1: boi in the back|move: Sticky Web\n|move|p1a: Charizard|Weather Ball|p2a: Ribombee\n|-supereffective|p2a: Ribombee\n|-enditem|p2a: Ribombee|Focus Sash\n|-damage|p2a: Ribombee|1\/100\n|\n|-weather|SunnyDay|[upkeep]\n|upkeep\n|turn|2\n|\n|t:|1701118246\n|switch|p1a: Tornadus|Tornadus-Therian, M|100\/100\n|move|p2a: Ribombee|Stun Spore|p1a: Tornadus\n|-status|p1a: Tornadus|par\n|\n|-weather|SunnyDay|[upkeep]\n|upkeep\n|turn|3\n|\n|t:|1701118251\n|move|p2a: Ribombee|Moonblast|p1a: Tornadus\n|-damage|p1a: Tornadus|57\/100 par\n|-unboost|p1a: Tornadus|spa|1\n|move|p1a: Tornadus|Defog|p2a: Ribombee\n|-unboost|p2a: Ribombee|evasion|1\n|-sideend|p1: boi in the back|Sticky Web|[from] move: Defog|[of] p1a: Tornadus\n|\n|-weather|SunnyDay|[upkeep]\n|upkeep\n|turn|4\n|\n|t:|1701118259\n|switch|p1a: Toxapex|Toxapex, F|100\/100\n|move|p2a: Ribombee|Sticky Web|p1a: Toxapex\n|-sidestart|p1: boi in the back|move: Sticky Web\n|\n|-weather|SunnyDay|[upkeep]\n|upkeep\n|turn|5\n|\n|t:|1701118264\n|move|p2a: Ribombee|Stun Spore|p1a: Toxapex\n|-status|p1a: Toxapex|par\n|move|p1a: Toxapex|Scald|p2a: Ribombee\n|-damage|p2a: Ribombee|0 fnt\n|faint|p2a: Ribombee\n|\n|-weather|none\n|upkeep\n|\n|t:|1701118273\n|switch|p2a: Kyurem|Kyurem|100\/100\n|-ability|p2a: Kyurem|Pressure\n|turn|6\n|\n|t:|1701118277\n|move|p2a: Kyurem|Draco Meteor|p1a: Toxapex\n|-damage|p1a: Toxapex|46\/100 par\n|-unboost|p2a: Kyurem|spa|2\n|move|p1a: Toxapex|Knock Off|p2a: Kyurem\n|-damage|p2a: Kyurem|86\/100\n|-enditem|p2a: Kyurem|Choice Scarf|[from] move: Knock Off|[of] p1a: Toxapex\n|\n|-heal|p1a: Toxapex|52\/100 par|[from] item: Black Sludge\n|upkeep\n|turn|7\n|\n|t:|1701118286\n|switch|p2a: Lokix|Lokix, F|100\/100\n|move|p1a: Toxapex|Recover|p1a: Toxapex\n|-heal|p1a: Toxapex|100\/100 par\n|\n|upkeep\n|turn|8\n|\n|t:|1701118292\n|-terastallize|p2a: Lokix|Bug\n|move|p2a: Lokix|First Impression|p1a: Toxapex\n|-resisted|p1a: Toxapex\n|-damage|p1a: Toxapex|68\/100 par\n|move|p1a: Toxapex|Scald|p2a: Lokix\n|-damage|p2a: Lokix|72\/100\n|\n|-heal|p1a: Toxapex|75\/100 par|[from] item: Black Sludge\n|upkeep\n|turn|9\n|\n|t:|1701118301\n|move|p2a: Lokix|U-turn|p1a: Toxapex\n|-resisted|p1a: Toxapex\n|-damage|p1a: Toxapex|48\/100 par\n|\n|t:|1701118304\n|switch|p2a: Kyurem|Kyurem|86\/100|[from] U-turn\n|-ability|p2a: Kyurem|Pressure\n|move|p1a: Toxapex|Recover|p1a: Toxapex\n|-heal|p1a: Toxapex|98\/100 par\n|\n|-heal|p1a: Toxapex|100\/100 par|[from] item: Black Sludge\n|upkeep\n|turn|10\n|\n|t:|1701118313\n|switch|p2a: Skeledirge|Skeledirge, F|100\/100\n|cant|p1a: Toxapex|par\n|\n|upkeep\n|turn|11\n|\n|t:|1701118320\n|move|p2a: Skeledirge|Torch Song|p1a: Toxapex\n|-resisted|p1a: Toxapex\n|-damage|p1a: Toxapex|88\/100 par\n|-boost|p2a: Skeledirge|spa|1\n|move|p1a: Toxapex|Toxic|p2a: Skeledirge\n|-status|p2a: Skeledirge|tox\n|\n|-heal|p1a: Toxapex|94\/100 par|[from] item: Black Sludge\n|-damage|p2a: Skeledirge|94\/100 tox|[from] psn\n|upkeep\n|turn|12\n|c|\u2606boi in the back|ubers uu?\n|\n|t:|1701118347\n|move|p2a: Skeledirge|Will-O-Wisp||[still]\n|-fail|p2a: Skeledirge\n|cant|p1a: Toxapex|par\n|\n|-heal|p2a: Skeledirge|100\/100 tox|[from] item: Leftovers\n|-heal|p1a: Toxapex|100\/100 par|[from] item: Black Sludge\n|-damage|p2a: Skeledirge|88\/100 tox|[from] psn\n|upkeep\n|turn|13\n|\n|t:|1701118354\n|move|p2a: Skeledirge|Torch Song|p1a: Toxapex\n|-resisted|p1a: Toxapex\n|-damage|p1a: Toxapex|84\/100 par\n|-boost|p2a: Skeledirge|spa|1\n|move|p1a: Toxapex|Knock Off|p2a: Skeledirge\n|-supereffective|p2a: Skeledirge\n|-damage|p2a: Skeledirge|60\/100 tox\n|-enditem|p2a: Skeledirge|Leftovers|[from] move: Knock Off|[of] p1a: Toxapex\n|\n|-heal|p1a: Toxapex|90\/100 par|[from] item: Black Sludge\n|-damage|p2a: Skeledirge|42\/100 tox|[from] psn\n|upkeep\n|turn|14\n|\n|t:|1701118369\n|switch|p1a: Tornadus|Tornadus-Therian, M|90\/100 par\n|move|p2a: Skeledirge|Hex|p1a: Tornadus\n|-damage|p1a: Tornadus|0 fnt\n|faint|p1a: Tornadus\n|\n|-damage|p2a: Skeledirge|18\/100 tox|[from] psn\n|upkeep\n|\n|t:|1701118377\n|switch|p1a: Gliscor|Gliscor, F|100\/100\n|turn|15\n|\n|t:|1701118379\n|move|p1a: Gliscor|Scale Shot|p2a: Skeledirge\n|-damage|p2a: Skeledirge|12\/100 tox\n|-damage|p2a: Skeledirge|6\/100 tox\n|-damage|p2a: Skeledirge|0 fnt\n|faint|p2a: Skeledirge\n|-hitcount|p2: Skeledirge|3\n|-unboost|p1a: Gliscor|def|1\n|-boost|p1a: Gliscor|spe|1\n|\n|-status|p1a: Gliscor|tox|[from] item: Toxic Orb\n|upkeep\n|\n|t:|1701118389\n|switch|p2a: Kyurem|Kyurem|86\/100\n|-ability|p2a: Kyurem|Pressure\n|turn|16\n|\n|t:|1701118392\n|switch|p1a: Aegislash|Aegislash, M, shiny|100\/100\n|-activate|p1a: Aegislash|move: Sticky Web\n|-unboost|p1a: Aegislash|spe|1\n|move|p2a: Kyurem|Freeze-Dry|p1a: Aegislash\n|-resisted|p1a: Aegislash\n|-crit|p1a: Aegislash\n|-damage|p1a: Aegislash|85\/100\n|\n|-heal|p1a: Aegislash|91\/100|[from] item: Leftovers\n|upkeep\n|turn|17\n|\n|t:|1701118403\n|switch|p2a: Mew|Mew, shiny|100\/100\n|move|p1a: Aegislash|Toxic|p2a: Mew\n|-status|p2a: Mew|tox\n|-activate|p2a: Mew|ability: Synchronize\n|-immune|p1a: Aegislash\n|\n|-heal|p1a: Aegislash|97\/100|[from] item: Leftovers\n|-damage|p2a: Mew|94\/100 tox|[from] psn\n|upkeep\n|turn|18\n|\n|t:|1701118412\n|-formechange|p1a: Aegislash|Aegislash-Blade||[from] ability: Stance Change\n|move|p1a: Aegislash|Shadow Sneak|p2a: Mew\n|-supereffective|p2a: Mew\n|-damage|p2a: Mew|60\/100 tox\n|move|p2a: Mew|Cosmic Power|p2a: Mew\n|-boost|p2a: Mew|def|1\n|-boost|p2a: Mew|spd|1\n|\n|-heal|p2a: Mew|66\/100 tox|[from] item: Leftovers\n|-heal|p1a: Aegislash|100\/100|[from] item: Leftovers\n|-damage|p2a: Mew|53\/100 tox|[from] psn\n|upkeep\n|turn|19\n|c|\u2606vheneko|pspsps sam\n|c|\u2606vheneko|vamos a ubers\n|c| SamFuraxy|okii\n|c|\u2606vheneko|quiero mostrarte a ursaluna wii\n|-message|vheneko forfeited.\n|\n|win|boi in the back\n|raw|boi in the back's rating: 1142 &rarr; <strong>1173<\/strong><br \/>(+31 for winning)\n|raw|vheneko's rating: 1226 &rarr; <strong>1195<\/strong><br \/>(-31 for losing)\n|l|\u2606vheneko\n|l| SamFuraxy\n","uploadtime":1701118436,"views":1,"p1id":"boiintheback","p2id":"vheneko","formatid":"gen9nationaldex","rating":1173,"private":0,"password":""}