{"id":"gen9nationaldex-1988006257","p1":"Juan13pro","p2":"cafecito con leche","format":"[Gen 9] National Dex","log":"|j|\u2606Juan13pro\n|j|\u2606cafecito con leche\n|t:|1699658343\n|gametype|singles\n|player|p1|Juan13pro|iono|\n|player|p2|cafecito con leche|1|\n|teamsize|p1|6\n|teamsize|p2|6\n|gen|9\n|tier|[Gen 9] National Dex\n|rule|HP Percentage Mod: HP is shown in percentages\n|rule|Endless Battle Clause: Forcing endless battles is banned\n|rule|OHKO Clause: OHKO moves are banned\n|rule|Evasion Clause: Evasion abilities, items, and moves are banned\n|rule|Evasion Abilities Clause: Evasion abilities are banned\n|rule|Evasion Items Clause: Evasion items are banned\n|rule|Evasion Moves Clause: Evasion moves are banned\n|rule|Species Clause: Limit one of each Pok\u00e9mon\n|rule|Sleep Clause Mod: Limit one foe put to sleep\n|clearpoke\n|poke|p1|Pelipper, M|\n|poke|p1|Zapdos|\n|poke|p1|Swampert, M|\n|poke|p1|Barraskewda, F|\n|poke|p1|Manaphy|\n|poke|p1|Ferrothorn, M|\n|poke|p2|Charizard, F|\n|poke|p2|Victini|\n|poke|p2|Great Tusk|\n|poke|p2|Tapu Lele|\n|poke|p2|Sneasler, M|\n|poke|p2|Meowscarada, F|\n|teampreview\n|inactive|Battle timer is ON: inactive players will automatically lose when time's up. (requested by cafecito con leche)\n|c|\u2606cafecito con leche|buaaah\n|j| Lugia\u25bc\u25b2\u00b2JP\n|c|\u2606Juan13pro|gl\n|c|\u2606cafecito con leche|es mal match\n|c|\u2606cafecito con leche|glhf!!\n|inactive|Juan13pro has 270 seconds left.\n|\n|t:|1699658384\n|start\n|switch|p1a: Barraskewda|Barraskewda, F|100\/100\n|switch|p2a: Tapu Lele|Tapu Lele|100\/100\n|-fieldstart|move: Psychic Terrain|[from] ability: Psychic Surge|[of] p2a: Tapu Lele\n|turn|1\n|\n|t:|1699658396\n|switch|p1a: Ferrothorn|Ferrothorn, M|100\/100\n|move|p2a: Tapu Lele|Psychic|p1a: Ferrothorn\n|-resisted|p1a: Ferrothorn\n|-damage|p1a: Ferrothorn|71\/100\n|\n|-heal|p1a: Ferrothorn|77\/100|[from] item: Leftovers\n|upkeep\n|turn|2\n|inactive|Juan13pro has 270 seconds left.\n|\n|t:|1699658436\n|switch|p2a: Charizard|Charizard, F|100\/100\n|move|p1a: Ferrothorn|Stealth Rock|p2a: Charizard\n|-sidestart|p2: cafecito con leche|move: Stealth Rock\n|\n|-heal|p1a: Ferrothorn|83\/100|[from] item: Leftovers\n|upkeep\n|turn|3\n|\n|t:|1699658447\n|switch|p1a: Swampert|Swampert, M|100\/100\n|move|p2a: Charizard|Focus Blast|p1a: Swampert\n|-damage|p1a: Swampert|59\/100\n|\n|upkeep\n|turn|4\n|\n|t:|1699658459\n|switch|p2a: Meowscarada|Meowscarada, F|100\/100\n|-damage|p2a: Meowscarada|88\/100|[from] Stealth Rock\n|switch|p1a: Ferrothorn|Ferrothorn, M|83\/100\n|\n|-heal|p1a: Ferrothorn|90\/100|[from] item: Leftovers\n|upkeep\n|turn|5\n|\n|t:|1699658467\n|move|p2a: Meowscarada|Knock Off|p1a: Ferrothorn\n|-start|p2a: Meowscarada|typechange|Dark|[from] ability: Protean\n|-damage|p1a: Ferrothorn|44\/100\n|-damage|p2a: Meowscarada|76\/100|[from] ability: Iron Barbs|[of] p1a: Ferrothorn\n|-enditem|p1a: Ferrothorn|Leftovers|[from] move: Knock Off|[of] p2a: Meowscarada\n|-damage|p2a: Meowscarada|66\/100|[from] item: Life Orb\n|move|p1a: Ferrothorn|Body Press|p2a: Meowscarada\n|-supereffective|p2a: Meowscarada\n|-damage|p2a: Meowscarada|0 fnt\n|faint|p2a: Meowscarada\n|\n|-fieldend|move: Psychic Terrain\n|upkeep\n|\n|t:|1699658474\n|switch|p2a: Great Tusk|Great Tusk|100\/100\n|-damage|p2a: Great Tusk|97\/100|[from] Stealth Rock\n|turn|6\n|\n|t:|1699658478\n|switch|p1a: Pelipper|Pelipper, M|100\/100\n|-weather|RainDance|[from] ability: Drizzle|[of] p1a: Pelipper\n|move|p2a: Great Tusk|Rapid Spin|p1a: Pelipper\n|-crit|p1a: Pelipper\n|-damage|p1a: Pelipper|83\/100\n|-boost|p2a: Great Tusk|spe|1\n|-sideend|p2: cafecito con leche|Stealth Rock|[from] move: Rapid Spin|[of] p2a: Great Tusk\n|\n|-weather|RainDance|[upkeep]\n|-heal|p2a: Great Tusk|100\/100|[from] item: Leftovers\n|upkeep\n|turn|7\n|\n|t:|1699658487\n|-end|p2a: Great Tusk|Protosynthesis|[silent]\n|switch|p2a: Tapu Lele|Tapu Lele|100\/100\n|-fieldstart|move: Psychic Terrain|[from] ability: Psychic Surge|[of] p2a: Tapu Lele\n|move|p1a: Pelipper|U-turn|p2a: Tapu Lele\n|-damage|p2a: Tapu Lele|88\/100\n|\n|t:|1699658490\n|switch|p1a: Barraskewda|Barraskewda, F|100\/100|[from] U-turn\n|\n|-weather|RainDance|[upkeep]\n|upkeep\n|turn|8\n|\n|t:|1699658511\n|move|p1a: Barraskewda|Liquidation|p2a: Tapu Lele\n|-damage|p2a: Tapu Lele|0 fnt\n|faint|p2a: Tapu Lele\n|\n|-weather|RainDance|[upkeep]\n|upkeep\n|\n|t:|1699658519\n|switch|p2a: Sneasler|Sneasler, M|100\/100\n|-enditem|p2a: Sneasler|Psychic Seed\n|-boost|p2a: Sneasler|spd|1|[from] item: Psychic Seed\n|turn|9\n|\n|t:|1699658529\n|move|p1a: Barraskewda|Liquidation|p2a: Sneasler\n|-damage|p2a: Sneasler|0 fnt\n|faint|p2a: Sneasler\n|\n|-weather|RainDance|[upkeep]\n|upkeep\n|\n|t:|1699658534\n|switch|p2a: Charizard|Charizard, F|100\/100\n|turn|10\n|\n|t:|1699658542\n|detailschange|p2a: Charizard|Charizard-Mega-Y, F\n|-mega|p2a: Charizard|Charizard|Charizardite Y\n|-weather|SunnyDay|[from] ability: Drought|[of] p2a: Charizard\n|-terastallize|p1a: Barraskewda|Water\n|move|p1a: Barraskewda|Liquidation|p2a: Charizard\n|-supereffective|p2a: Charizard\n|-damage|p2a: Charizard|0 fnt\n|faint|p2a: Charizard\n|\n|-weather|SunnyDay|[upkeep]\n|upkeep\n|\n|t:|1699658548\n|switch|p2a: mina|Victini|100\/100\n|turn|11\n|\n|t:|1699658561\n|move|p2a: mina|Bolt Strike|p1a: Barraskewda\n|-supereffective|p1a: Barraskewda\n|-damage|p1a: Barraskewda|0 fnt\n|faint|p1a: Barraskewda\n|\n|-weather|SunnyDay|[upkeep]\n|-fieldend|move: Psychic Terrain\n|upkeep\n|\n|t:|1699658566\n|switch|p1a: Swampert|Swampert, M|59\/100\n|turn|12\n|\n|t:|1699658571\n|switch|p2a: Great Tusk|Great Tusk|100\/100\n|-activate|p2a: Great Tusk|ability: Protosynthesis\n|-start|p2a: Great Tusk|protosynthesisspe\n|detailschange|p1a: Swampert|Swampert-Mega, M\n|-mega|p1a: Swampert|Swampert|Swampertite\n|move|p1a: Swampert|Flip Turn|p2a: Great Tusk\n|-supereffective|p2a: Great Tusk\n|-damage|p2a: Great Tusk|78\/100\n|\n|t:|1699658575\n|switch|p1a: Pelipper|Pelipper, M|83\/100|[from] Flip Turn\n|-weather|RainDance|[from] ability: Drizzle|[of] p1a: Pelipper\n|-end|p2a: Great Tusk|Protosynthesis\n|\n|-weather|RainDance|[upkeep]\n|-heal|p2a: Great Tusk|85\/100|[from] item: Leftovers\n|upkeep\n|turn|13\n|\n|t:|1699658583\n|move|p2a: Great Tusk|Knock Off|p1a: Pelipper\n|-damage|p1a: Pelipper|60\/100\n|-enditem|p1a: Pelipper|Damp Rock|[from] move: Knock Off|[of] p2a: Great Tusk\n|move|p1a: Pelipper|Scald|p2a: Great Tusk\n|-supereffective|p2a: Great Tusk\n|-damage|p2a: Great Tusk|0 fnt\n|faint|p2a: Great Tusk\n|-end|p2a: Great Tusk|Protosynthesis|[silent]\n|\n|-weather|RainDance|[upkeep]\n|upkeep\n|\n|t:|1699658587\n|switch|p2a: mina|Victini|100\/100\n|turn|14\n|\n|t:|1699658594\n|-terastallize|p2a: mina|Psychic\n|move|p2a: mina|Zen Headbutt|p1a: Pelipper\n|-damage|p1a: Pelipper|25\/100\n|move|p1a: Pelipper|Scald|p2a: mina\n|-damage|p2a: mina|62\/100\n|\n|-weather|RainDance|[upkeep]\n|upkeep\n|turn|15\n|\n|t:|1699658601\n|switch|p1a: Ferrothorn|Ferrothorn, M|44\/100\n|move|p2a: mina|Zen Headbutt|p1a: Ferrothorn\n|-resisted|p1a: Ferrothorn\n|-damage|p1a: Ferrothorn|25\/100\n|-damage|p2a: mina|50\/100|[from] ability: Iron Barbs|[of] p1a: Ferrothorn\n|\n|-weather|RainDance|[upkeep]\n|upkeep\n|turn|16\n|c|\u2606Juan13pro|gg\n|\n|t:|1699658607\n|move|p2a: mina|Zen Headbutt|p1a: Ferrothorn\n|-resisted|p1a: Ferrothorn\n|-damage|p1a: Ferrothorn|6\/100\n|-damage|p2a: mina|38\/100|[from] ability: Iron Barbs|[of] p1a: Ferrothorn\n|move|p1a: Ferrothorn|Leech Seed|p2a: mina\n|-start|p2a: mina|move: Leech Seed\n|\n|-weather|RainDance|[upkeep]\n|-damage|p2a: mina|25\/100|[from] Leech Seed|[of] p1a: Ferrothorn\n|-heal|p1a: Ferrothorn|18\/100|[silent]\n|upkeep\n|turn|17\n|\n|t:|1699658611\n|move|p2a: mina|Zen Headbutt|p1a: Ferrothorn\n|-resisted|p1a: Ferrothorn\n|-damage|p1a: Ferrothorn|1\/100\n|-damage|p2a: mina|13\/100|[from] ability: Iron Barbs|[of] p1a: Ferrothorn\n|move|p1a: Ferrothorn|Body Press|p2a: mina\n|-resisted|p2a: mina\n|-damage|p2a: mina|2\/100\n|\n|-weather|RainDance|[upkeep]\n|-damage|p2a: mina|0 fnt|[from] Leech Seed|[of] p1a: Ferrothorn\n|-heal|p1a: Ferrothorn|2\/100|[silent]\n|faint|p2a: mina\n|\n|win|Juan13pro\n|upkeep\n|c|\u2606cafecito con leche|ggwp\n|l| Lugia\u25bc\u25b2\u00b2JP\n","uploadtime":1699658614,"views":18,"p1id":"juan13pro","p2id":"cafecitoconleche","formatid":"gen9nationaldex","rating":0,"private":0,"password":""}