{"id":"gen9nationaldex-1993877616","p1":"firstteameveryay","p2":"MermanMuah","format":"[Gen 9] National Dex","log":"|j|\u2606firstteameveryay\n|j|\u2606MermanMuah\n|t:|1700368899\n|gametype|singles\n|player|p1|firstteameveryay|swimmerf-gen4dp|1108\n|player|p2|MermanMuah|cress|1016\n|teamsize|p1|6\n|teamsize|p2|6\n|gen|9\n|tier|[Gen 9] National Dex\n|rated|\n|rule|HP Percentage Mod: HP is shown in percentages\n|rule|Endless Battle Clause: Forcing endless battles is banned\n|rule|OHKO Clause: OHKO moves are banned\n|rule|Evasion Clause: Evasion abilities, items, and moves are banned\n|rule|Evasion Abilities Clause: Evasion abilities are banned\n|rule|Evasion Items Clause: Evasion items are banned\n|rule|Evasion Moves Clause: Evasion moves are banned\n|rule|Species Clause: Limit one of each Pok\u00e9mon\n|rule|Sleep Clause Mod: Limit one foe put to sleep\n|clearpoke\n|poke|p1|Landorus-Therian, M|\n|poke|p1|Heatran, M|\n|poke|p1|Latios, M|\n|poke|p1|Tapu Lele|\n|poke|p1|Hawlucha, M|\n|poke|p1|Alomomola, F|\n|poke|p2|Comfey, M|\n|poke|p2|Sinistcha-Masterpiece|\n|poke|p2|Manaphy|\n|poke|p2|Vaporeon, M|\n|poke|p2|Mamoswine, M|\n|poke|p2|Vespiquen, F|\n|teampreview\n|inactive|Battle timer is ON: inactive players will automatically lose when time's up. (requested by firstteameveryay)\n|inactive|firstteameveryay has 120 seconds left.\n|\n|t:|1700368960\n|start\n|switch|p1a: Tapu Lele|Tapu Lele, shiny|100\/100\n|switch|p2a: Vespiquen|Vespiquen, F|100\/100\n|-ability|p2a: Vespiquen|Unnerve\n|-fieldstart|move: Psychic Terrain|[from] ability: Psychic Surge|[of] p1a: Tapu Lele\n|turn|1\n|\n|t:|1700368967\n|-terastallize|p1a: Tapu Lele|Psychic\n|move|p1a: Tapu Lele|Psychic|p2a: Vespiquen\n|-damage|p2a: Vespiquen|40\/100\n|move|p2a: Vespiquen|Defend Order|p2a: Vespiquen\n|-boost|p2a: Vespiquen|def|1\n|-boost|p2a: Vespiquen|spd|1\n|\n|upkeep\n|turn|2\n|\n|t:|1700368977\n|move|p1a: Tapu Lele|Psychic|p2a: Vespiquen\n|-damage|p2a: Vespiquen|0 fnt\n|faint|p2a: Vespiquen\n|\n|upkeep\n|\n|t:|1700368983\n|switch|p2a: Sinistcha|Sinistcha-Masterpiece|100\/100\n|turn|3\n|\n|t:|1700369003\n|switch|p1a: Heatran|Heatran, M|100\/100\n|-item|p1a: Heatran|Air Balloon\n|move|p2a: Sinistcha|Calm Mind|p2a: Sinistcha\n|-boost|p2a: Sinistcha|spa|1\n|-boost|p2a: Sinistcha|spd|1\n|\n|upkeep\n|turn|4\n|inactive|firstteameveryay has 120 seconds left.\n|inactive|MermanMuah has 120 seconds left.\n|\n|t:|1700369037\n|switch|p1a: Hawlucha|Hawlucha, M, shiny|100\/100\n|-enditem|p1a: Hawlucha|Psychic Seed\n|-boost|p1a: Hawlucha|spd|1|[from] item: Psychic Seed\n|switch|p2a: Vaporeon|Vaporeon, M|100\/100\n|\n|upkeep\n|turn|5\n|inactive|firstteameveryay has 120 seconds left.\n|inactive|MermanMuah has 120 seconds left.\n|\n|t:|1700369049\n|move|p1a: Hawlucha|U-turn|p2a: Vaporeon\n|-damage|p2a: Vaporeon|77\/100\n|inactive|firstteameveryay has 120 seconds left.\n|\n|t:|1700369057\n|switch|p1a: Tapu Lele|Tapu Lele, shiny, tera:Psychic|100\/100|[from] U-turn\n|move|p2a: Vaporeon|Calm Mind|p2a: Vaporeon\n|-boost|p2a: Vaporeon|spa|1\n|-boost|p2a: Vaporeon|spd|1\n|\n|-fieldend|move: Psychic Terrain\n|upkeep\n|turn|6\n|inactive|firstteameveryay has 120 seconds left.\n|\n|t:|1700369070\n|switch|p1a: Latios|Latios, M|100\/100\n|move|p2a: Vaporeon|Aqua Ring|p2a: Vaporeon\n|-start|p2a: Vaporeon|Aqua Ring\n|\n|-heal|p2a: Vaporeon|84\/100|[from] Aqua Ring\n|upkeep\n|turn|7\n|\n|t:|1700369078\n|move|p1a: Latios|Psychic|p2a: Vaporeon\n|-damage|p2a: Vaporeon|59\/100\n|move|p2a: Vaporeon|Ice Beam|p1a: Latios\n|-supereffective|p1a: Latios\n|-damage|p1a: Latios|19\/100\n|\n|-heal|p2a: Vaporeon|65\/100|[from] Aqua Ring\n|upkeep\n|turn|8\n|\n|t:|1700369084\n|switch|p1a: Heatran|Heatran, M|100\/100\n|-item|p1a: Heatran|Air Balloon\n|move|p2a: Vaporeon|Ice Beam|p1a: Heatran\n|-resisted|p1a: Heatran\n|-damage|p1a: Heatran|93\/100\n|-enditem|p1a: Heatran|Air Balloon\n|\n|-heal|p2a: Vaporeon|71\/100|[from] Aqua Ring\n|upkeep\n|turn|9\n|\n|t:|1700369106\n|switch|p1a: Alomomola|Alomomola, F, shiny|100\/100\n|move|p2a: Vaporeon|Surf|p1a: Alomomola\n|-resisted|p1a: Alomomola\n|-damage|p1a: Alomomola|76\/100\n|\n|-heal|p1a: Alomomola|82\/100|[from] item: Leftovers\n|-heal|p2a: Vaporeon|77\/100|[from] Aqua Ring\n|upkeep\n|turn|10\n|\n|t:|1700369111\n|move|p2a: Vaporeon|Calm Mind|p2a: Vaporeon\n|-boost|p2a: Vaporeon|spa|1\n|-boost|p2a: Vaporeon|spd|1\n|move|p1a: Alomomola|Toxic|p2a: Vaporeon\n|-status|p2a: Vaporeon|tox\n|\n|-heal|p1a: Alomomola|88\/100|[from] item: Leftovers\n|-heal|p2a: Vaporeon|83\/100 tox|[from] Aqua Ring\n|-damage|p2a: Vaporeon|77\/100 tox|[from] psn\n|upkeep\n|turn|11\n|\n|t:|1700369121\n|move|p2a: Vaporeon|Ice Beam|p1a: Alomomola\n|-resisted|p1a: Alomomola\n|-damage|p1a: Alomomola|68\/100\n|move|p1a: Alomomola|Wish|p1a: Alomomola\n|\n|-heal|p1a: Alomomola|74\/100|[from] item: Leftovers\n|-heal|p2a: Vaporeon|83\/100 tox|[from] Aqua Ring\n|-damage|p2a: Vaporeon|71\/100 tox|[from] psn\n|upkeep\n|turn|12\n|\n|t:|1700369129\n|switch|p2a: Manaphy|Manaphy|100\/100\n|move|p1a: Alomomola|Flip Turn|p2a: Manaphy\n|-resisted|p2a: Manaphy\n|-damage|p2a: Manaphy|93\/100\n|\n|t:|1700369156\n|switch|p1a: Tapu Lele|Tapu Lele, shiny, tera:Psychic|100\/100|[from] Flip Turn\n|-fieldstart|move: Psychic Terrain|[from] ability: Psychic Surge|[of] p1a: Tapu Lele\n|\n|upkeep\n|turn|13\n|\n|t:|1700369166\n|move|p1a: Tapu Lele|Psychic|p2a: Manaphy\n|-damage|p2a: Manaphy|13\/100\n|-enditem|p2a: Manaphy|Aguav Berry|[eat]\n|-heal|p2a: Manaphy|46\/100|[from] item: Aguav Berry\n|move|p2a: Manaphy|Tail Glow|p2a: Manaphy\n|-boost|p2a: Manaphy|spa|3\n|\n|upkeep\n|turn|14\n|\n|t:|1700369176\n|switch|p2a: Sinistcha|Sinistcha-Masterpiece|100\/100\n|move|p1a: Tapu Lele|Psychic|p2a: Sinistcha\n|-damage|p2a: Sinistcha|5\/100\n|\n|upkeep\n|turn|15\n|\n|t:|1700369183\n|switch|p2a: Vaporeon|Vaporeon, M|71\/100 tox\n|move|p1a: Tapu Lele|Psychic|p2a: Vaporeon\n|-damage|p2a: Vaporeon|8\/100 tox\n|-enditem|p2a: Vaporeon|Salac Berry|[eat]\n|-boost|p2a: Vaporeon|spe|1|[from] item: Salac Berry\n|\n|-damage|p2a: Vaporeon|2\/100 tox|[from] psn\n|upkeep\n|turn|16\n|\n|t:|1700369196\n|move|p1a: Tapu Lele|Psychic|p2a: Vaporeon\n|-crit|p2a: Vaporeon\n|-damage|p2a: Vaporeon|0 fnt\n|faint|p2a: Vaporeon\n|\n|-fieldend|move: Psychic Terrain\n|upkeep\n|\n|t:|1700369203\n|switch|p2a: Comfey|Comfey, M|100\/100\n|turn|17\n|inactive|firstteameveryay has 120 seconds left.\n|\n|t:|1700369268\n|switch|p2a: Sinistcha|Sinistcha-Masterpiece|5\/100\n|move|p1a: Tapu Lele|Psychic|p2a: Sinistcha\n|-damage|p2a: Sinistcha|0 fnt\n|faint|p2a: Sinistcha\n|\n|upkeep\n|\n|t:|1700369274\n|switch|p2a: Comfey|Comfey, M|100\/100\n|turn|18\n|\n|t:|1700369279\n|move|p2a: Comfey|Giga Drain|p1a: Tapu Lele\n|-damage|p1a: Tapu Lele|81\/100\n|move|p1a: Tapu Lele|Psychic|p2a: Comfey\n|-damage|p2a: Comfey|35\/100\n|\n|upkeep\n|turn|19\n|\n|t:|1700369282\n|move|p2a: Comfey|Draining Kiss|p1a: Tapu Lele\n|-damage|p1a: Tapu Lele|60\/100\n|-heal|p2a: Comfey|54\/100|[from] drain|[of] p1a: Tapu Lele\n|move|p1a: Tapu Lele|Psychic|p2a: Comfey\n|-damage|p2a: Comfey|0 fnt\n|faint|p2a: Comfey\n|\n|upkeep\n|inactive|MermanMuah has 120 seconds left.\n|c|\u2606firstteameveryay|wp\n|-message|MermanMuah forfeited.\n|\n|win|firstteameveryay\n|raw|firstteameveryay's rating: 1108 &rarr; <strong>1129<\/strong><br \/>(+21 for winning)\n|raw|MermanMuah's rating: 1056 &rarr; <strong>1040<\/strong><br \/>(-16 for losing)\n|l|\u2606MermanMuah\n","uploadtime":1700369337,"views":10,"p1id":"firstteameveryay","p2id":"mermanmuah","formatid":"gen9nationaldex","rating":1040,"private":0,"password":""}