{"id":"gen9nationaldex-1998852064","p1":"bubulangte","p2":"gobbyhappy","format":"[Gen 9] National Dex","log":"|html|<div class=\"broadcast-blue\"><strong>[Gen 9] National Dex is currently suspecting Sneasler! For information on how to participate check out the <a href=\"https:\/\/www.smogon.com\/forums\/threads\/sv-national-dex-suspect-8-just-dance.3731534\/\">suspect thread<\/a>.<\/strong><\/div>\n|j|\u2606bubulangte\n|j|\u2606gobbyhappy\n|t:|1701003245\n|gametype|singles\n|player|p1|bubulangte|clair|1655\n|player|p2|gobbyhappy|2|1726\n|teamsize|p1|6\n|teamsize|p2|6\n|gen|9\n|tier|[Gen 9] National Dex\n|rated|\n|rule|HP Percentage Mod: HP is shown in percentages\n|rule|Endless Battle Clause: Forcing endless battles is banned\n|rule|OHKO Clause: OHKO moves are banned\n|rule|Evasion Clause: Evasion abilities, items, and moves are banned\n|rule|Evasion Abilities Clause: Evasion abilities are banned\n|rule|Evasion Items Clause: Evasion items are banned\n|rule|Evasion Moves Clause: Evasion moves are banned\n|rule|Species Clause: Limit one of each Pok\u00e9mon\n|rule|Sleep Clause Mod: Limit one foe put to sleep\n|clearpoke\n|poke|p1|Ogerpon-Wellspring, F|\n|poke|p1|Landorus-Therian, M|\n|poke|p1|Heatran, F|\n|poke|p1|Weezing-Galar, F|\n|poke|p1|Scizor, M|\n|poke|p1|Weavile, F|\n|poke|p2|Alomomola, F|\n|poke|p2|Ogerpon-Wellspring, F|\n|poke|p2|Ferrothorn, F|\n|poke|p2|Tapu Lele|\n|poke|p2|Hydreigon, M|\n|poke|p2|Lopunny, M|\n|teampreview\n|inactive|Battle timer is ON: inactive players will automatically lose when time's up. (requested by gobbyhappy)\n|\n|t:|1701003254\n|start\n|switch|p1a: Weavile|Weavile, F|100\/100\n|switch|p2a: Ogerpon|Ogerpon-Wellspring, F|100\/100\n|-ability|p1a: Weavile|Pressure\n|turn|1\n|\n|t:|1701003268\n|switch|p1a: Landorus|Landorus-Therian, M|100\/100\n|-ability|p1a: Landorus|Intimidate|boost\n|-unboost|p2a: Ogerpon|atk|1\n|move|p2a: Ogerpon|Horn Leech|p1a: Landorus\n|-damage|p1a: Landorus|81\/100\n|-damage|p2a: Ogerpon|84\/100|[from] item: Rocky Helmet|[of] p1a: Landorus\n|\n|upkeep\n|turn|2\n|\n|t:|1701003277\n|switch|p1a: Weezing|Weezing-Galar, F|100\/100\n|-ability|p1a: Weezing|Neutralizing Gas\n|move|p2a: Ogerpon|Ivy Cudgel|p1a: Weezing|[anim] Ivy Cudgel Water\n|-damage|p1a: Weezing|73\/100\n|\n|upkeep\n|turn|3\n|\n|t:|1701003290\n|switch|p2a: Tapu Lele|Tapu Lele|100\/100\n|move|p1a: Weezing|Will-O-Wisp|p2a: Tapu Lele\n|-status|p2a: Tapu Lele|brn\n|\n|-damage|p2a: Tapu Lele|94\/100 brn|[from] brn\n|upkeep\n|turn|4\n|\n|t:|1701003295\n|-end|p1a: Weezing|ability: Neutralizing Gas\n|-fieldstart|move: Psychic Terrain|[from] ability: Psychic Surge|[of] p2a: Tapu Lele\n|switch|p1a: Scizor|Scizor, M|100\/100\n|move|p2a: Tapu Lele|Future Sight|p1a: Scizor\n|-start|p2a: Tapu Lele|move: Future Sight\n|\n|-damage|p2a: Tapu Lele|88\/100 brn|[from] brn\n|upkeep\n|turn|5\n|\n|t:|1701003301\n|switch|p2a: Ferrothorn|Ferrothorn, F|100\/100\n|detailschange|p1a: Scizor|Scizor-Mega, M\n|-mega|p1a: Scizor|Scizor|Scizorite\n|move|p1a: Scizor|U-turn|p2a: Ferrothorn\n|-damage|p2a: Ferrothorn|80\/100\n|-damage|p1a: Scizor|88\/100|[from] ability: Iron Barbs|[of] p2a: Ferrothorn\n|\n|t:|1701003307\n|switch|p1a: Heatran|Heatran, F|100\/100|[from] U-turn\n|\n|-heal|p2a: Ferrothorn|86\/100|[from] item: Leftovers\n|upkeep\n|turn|6\n|\n|t:|1701003312\n|switch|p2a: Ogerpon|Ogerpon-Wellspring, F|84\/100\n|move|p1a: Heatran|Magma Storm|p2a: Ogerpon\n|-damage|p2a: Ogerpon|36\/100\n|-activate|p2a: Ogerpon|move: Magma Storm|[of] p1a: Heatran\n|\n|-end|p1a: Heatran|move: Future Sight\n|-resisted|p1a: Heatran\n|-damage|p1a: Heatran|71\/100\n|-heal|p1a: Heatran|78\/100|[from] item: Leftovers\n|-damage|p2a: Ogerpon|24\/100|[from] move: Magma Storm|[partiallytrapped]\n|upkeep\n|turn|7\n|\n|t:|1701003323\n|move|p1a: Heatran|Protect|p1a: Heatran\n|-singleturn|p1a: Heatran|Protect\n|move|p2a: Ogerpon|Ivy Cudgel|p1a: Heatran|[anim] Ivy Cudgel Water\n|-activate|p1a: Heatran|move: Protect\n|\n|-heal|p1a: Heatran|84\/100|[from] item: Leftovers\n|-damage|p2a: Ogerpon|12\/100|[from] move: Magma Storm|[partiallytrapped]\n|upkeep\n|turn|8\n|\n|t:|1701003338\n|switch|p1a: Scizor|Scizor-Mega, M|88\/100\n|move|p2a: Ogerpon|Ivy Cudgel|p1a: Scizor|[anim] Ivy Cudgel Water\n|-damage|p1a: Scizor|44\/100\n|\n|-end|p2a: Ogerpon|Magma Storm|[partiallytrapped]|[silent]\n|-fieldend|move: Psychic Terrain\n|upkeep\n|turn|9\n|\n|t:|1701003345\n|switch|p2a: Ferrothorn|Ferrothorn, F|86\/100\n|move|p1a: Scizor|Bullet Punch|p2a: Ferrothorn\n|-resisted|p2a: Ferrothorn\n|-damage|p2a: Ferrothorn|79\/100\n|-damage|p1a: Scizor|31\/100|[from] ability: Iron Barbs|[of] p2a: Ferrothorn\n|\n|-heal|p2a: Ferrothorn|85\/100|[from] item: Leftovers\n|upkeep\n|turn|10\n|j| NicksRokaya\n|\n|t:|1701003349\n|move|p1a: Scizor|Roost|p1a: Scizor\n|-heal|p1a: Scizor|81\/100\n|-singleturn|p1a: Scizor|move: Roost\n|move|p2a: Ferrothorn|Stealth Rock|p1a: Scizor\n|-sidestart|p1: bubulangte|move: Stealth Rock\n|\n|-heal|p2a: Ferrothorn|91\/100|[from] item: Leftovers\n|upkeep\n|turn|11\n|\n|t:|1701003355\n|move|p1a: Scizor|Defog|p2a: Ferrothorn\n|-unboost|p2a: Ferrothorn|evasion|1\n|-sideend|p1: bubulangte|Stealth Rock|[from] move: Defog|[of] p1a: Scizor\n|move|p2a: Ferrothorn|Leech Seed|p1a: Scizor\n|-start|p1a: Scizor|move: Leech Seed\n|\n|-heal|p2a: Ferrothorn|97\/100|[from] item: Leftovers\n|-damage|p1a: Scizor|69\/100|[from] Leech Seed|[of] p2a: Ferrothorn\n|-heal|p2a: Ferrothorn|100\/100|[silent]\n|upkeep\n|turn|12\n|\n|t:|1701003362\n|switch|p1a: Heatran|Heatran, F|84\/100\n|move|p2a: Ferrothorn|Stealth Rock|p1a: Heatran\n|-sidestart|p1: bubulangte|move: Stealth Rock\n|\n|-heal|p1a: Heatran|90\/100|[from] item: Leftovers\n|upkeep\n|turn|13\n|\n|t:|1701003365\n|switch|p2a: Hydreigon|Hydreigon, M|100\/100\n|move|p1a: Heatran|Magma Storm|p2a: Hydreigon|[miss]\n|-miss|p1a: Heatran|p2a: Hydreigon\n|\n|-heal|p1a: Heatran|96\/100|[from] item: Leftovers\n|upkeep\n|turn|14\n|\n|t:|1701003375\n|move|p1a: Heatran|Protect|p1a: Heatran\n|-singleturn|p1a: Heatran|Protect\n|move|p2a: Hydreigon|Dark Pulse|p1a: Heatran\n|-activate|p1a: Heatran|move: Protect\n|\n|-heal|p1a: Heatran|100\/100|[from] item: Leftovers\n|upkeep\n|turn|15\n|\n|t:|1701003398\n|switch|p1a: Landorus|Landorus-Therian, M|81\/100\n|-damage|p1a: Landorus|69\/100|[from] Stealth Rock\n|-ability|p1a: Landorus|Intimidate|boost\n|-unboost|p2a: Hydreigon|atk|1\n|move|p2a: Hydreigon|Dark Pulse|p1a: Landorus\n|-damage|p1a: Landorus|31\/100\n|\n|upkeep\n|turn|16\n|\n|t:|1701003405\n|move|p2a: Hydreigon|Dark Pulse|p1a: Landorus\n|-damage|p1a: Landorus|0 fnt\n|faint|p1a: Landorus\n|\n|upkeep\n|\n|t:|1701003412\n|switch|p1a: Weavile|Weavile, F|100\/100\n|-damage|p1a: Weavile|76\/100|[from] Stealth Rock\n|-ability|p1a: Weavile|Pressure\n|turn|17\n|\n|t:|1701003423\n|-activate|p2a: Hydreigon|move: Pursuit\n|move|p1a: Weavile|Pursuit|p2a: Hydreigon|[from]Pursuit\n|-resisted|p2a: Hydreigon\n|-damage|p2a: Hydreigon|73\/100\n|switch|p2a: Alomomola|Alomomola, F|100\/100\n|\n|upkeep\n|turn|18\n|\n|t:|1701003432\n|switch|p1a: Scizor|Scizor-Mega, M|69\/100\n|-damage|p1a: Scizor|56\/100|[from] Stealth Rock\n|move|p2a: Alomomola|Wish|p2a: Alomomola\n|\n|upkeep\n|turn|19\n|\n|t:|1701003436\n|move|p1a: Scizor|Defog|p2a: Alomomola\n|-unboost|p2a: Alomomola|evasion|1\n|-sideend|p1: bubulangte|Stealth Rock|[from] move: Defog|[of] p1a: Scizor\n|move|p2a: Alomomola|Flip Turn|p1a: Scizor\n|-damage|p1a: Scizor|44\/100\n|\n|t:|1701003439\n|switch|p2a: Ogerpon|Ogerpon-Wellspring, F|12\/100|[from] Flip Turn\n|\n|-heal|p2a: Ogerpon|99\/100|[from] move: Wish|[wisher] Alomomola\n|upkeep\n|turn|20\n|\n|t:|1701003453\n|move|p2a: Ogerpon|Horn Leech|p1a: Scizor\n|-resisted|p1a: Scizor\n|-damage|p1a: Scizor|35\/100\n|-heal|p2a: Ogerpon|100\/100|[from] drain|[of] p1a: Scizor\n|move|p1a: Scizor|U-turn|p2a: Ogerpon\n|-supereffective|p2a: Ogerpon\n|-damage|p2a: Ogerpon|5\/100\n|\n|t:|1701003457\n|switch|p1a: Weavile|Weavile, F|76\/100|[from] U-turn\n|-ability|p1a: Weavile|Pressure\n|\n|upkeep\n|turn|21\n|\n|t:|1701003466\n|-activate|p2a: Ogerpon|move: Pursuit\n|move|p1a: Weavile|Pursuit|p2a: Ogerpon|[from]Pursuit\n|-damage|p2a: Ogerpon|0 fnt\n|faint|p2a: Ogerpon\n|-hint|A Pokemon can't switch between when it runs out of HP and when it faints\n|\n|upkeep\n|\n|t:|1701003468\n|switch|p2a: Lopunny|Lopunny, M|100\/100\n|turn|22\n|\n|t:|1701003478\n|switch|p1a: Weezing|Weezing-Galar, F|73\/100\n|-ability|p1a: Weezing|Neutralizing Gas\n|detailschange|p2a: Lopunny|Lopunny-Mega, M\n|-mega|p2a: Lopunny|Lopunny|Lopunnite\n|move|p2a: Lopunny|Frustration|p1a: Weezing\n|-damage|p1a: Weezing|37\/100\n|-damage|p2a: Lopunny|84\/100|[from] item: Rocky Helmet|[of] p1a: Weezing\n|\n|upkeep\n|turn|23\n|\n|t:|1701003489\n|move|p2a: Lopunny|U-turn|p1a: Weezing\n|-resisted|p1a: Weezing\n|-damage|p1a: Weezing|34\/100\n|-damage|p2a: Lopunny|67\/100|[from] item: Rocky Helmet|[of] p1a: Weezing\n|\n|t:|1701003492\n|switch|p2a: Tapu Lele|Tapu Lele|88\/100 brn|[from] U-turn\n|move|p1a: Weezing|Toxic Spikes|p2a: Tapu Lele\n|-sidestart|p2: gobbyhappy|move: Toxic Spikes\n|\n|-damage|p2a: Tapu Lele|82\/100 brn|[from] brn\n|upkeep\n|turn|24\n|\n|t:|1701003499\n|-end|p1a: Weezing|ability: Neutralizing Gas\n|-fieldstart|move: Psychic Terrain|[from] ability: Psychic Surge|[of] p2a: Tapu Lele\n|switch|p1a: Heatran|Heatran, F|100\/100\n|move|p2a: Tapu Lele|Future Sight|p1a: Heatran\n|-start|p2a: Tapu Lele|move: Future Sight\n|\n|-damage|p2a: Tapu Lele|76\/100 brn|[from] brn\n|upkeep\n|turn|25\n|\n|t:|1701003509\n|switch|p2a: Hydreigon|Hydreigon, M|73\/100\n|move|p1a: Heatran|Magma Storm|p2a: Hydreigon\n|-resisted|p2a: Hydreigon\n|-damage|p2a: Hydreigon|60\/100\n|-activate|p2a: Hydreigon|move: Magma Storm|[of] p1a: Heatran\n|\n|-heal|p2a: Hydreigon|66\/100|[from] item: Leftovers\n|-damage|p2a: Hydreigon|53\/100|[from] move: Magma Storm|[partiallytrapped]\n|upkeep\n|turn|26\n|\n|t:|1701003514\n|move|p1a: Heatran|Protect|p1a: Heatran\n|-singleturn|p1a: Heatran|Protect\n|move|p2a: Hydreigon|Roost|p2a: Hydreigon\n|-heal|p2a: Hydreigon|100\/100\n|-singleturn|p2a: Hydreigon|move: Roost\n|\n|-end|p1a: Heatran|move: Future Sight\n|-resisted|p1a: Heatran\n|-damage|p1a: Heatran|73\/100\n|-heal|p1a: Heatran|79\/100|[from] item: Leftovers\n|-damage|p2a: Hydreigon|88\/100|[from] move: Magma Storm|[partiallytrapped]\n|upkeep\n|turn|27\n|\n|t:|1701003539\n|move|p1a: Heatran|Protect||[still]\n|-fail|p1a: Heatran\n|move|p2a: Hydreigon|Dark Pulse|p1a: Heatran\n|-damage|p1a: Heatran|59\/100\n|\n|-heal|p2a: Hydreigon|94\/100|[from] item: Leftovers\n|-heal|p1a: Heatran|65\/100|[from] item: Leftovers\n|-damage|p2a: Hydreigon|82\/100|[from] move: Magma Storm|[partiallytrapped]\n|upkeep\n|turn|28\n|inactive|bubulangte has 120 seconds left.\n|\n|t:|1701003558\n|move|p2a: Hydreigon|Dark Pulse|p1a: Heatran\n|-damage|p1a: Heatran|46\/100\n|move|p1a: Heatran|Taunt|p2a: Hydreigon\n|-start|p2a: Hydreigon|move: Taunt\n|\n|-heal|p2a: Hydreigon|88\/100|[from] item: Leftovers\n|-heal|p1a: Heatran|52\/100|[from] item: Leftovers\n|-damage|p2a: Hydreigon|76\/100|[from] move: Magma Storm|[partiallytrapped]\n|-fieldend|move: Psychic Terrain\n|upkeep\n|turn|29\n|\n|t:|1701003565\n|move|p2a: Hydreigon|Dark Pulse|p1a: Heatran\n|-damage|p1a: Heatran|32\/100\n|move|p1a: Heatran|Magma Storm|p2a: Hydreigon\n|-resisted|p2a: Hydreigon\n|-damage|p2a: Hydreigon|60\/100\n|\n|-heal|p2a: Hydreigon|67\/100|[from] item: Leftovers\n|-heal|p1a: Heatran|38\/100|[from] item: Leftovers\n|-damage|p2a: Hydreigon|54\/100|[from] move: Magma Storm|[partiallytrapped]\n|upkeep\n|turn|30\n|\n|t:|1701003574\n|move|p1a: Heatran|Protect|p1a: Heatran\n|-singleturn|p1a: Heatran|Protect\n|move|p2a: Hydreigon|Dark Pulse|p1a: Heatran\n|-activate|p1a: Heatran|move: Protect\n|\n|-heal|p2a: Hydreigon|60\/100|[from] item: Leftovers\n|-heal|p1a: Heatran|45\/100|[from] item: Leftovers\n|-end|p2a: Hydreigon|Magma Storm|[partiallytrapped]\n|upkeep\n|turn|31\n|inactive|bubulangte has 120 seconds left.\n|\n|t:|1701003599\n|switch|p2a: Alomomola|Alomomola, F|100\/100\n|switch|p1a: Weezing|Weezing-Galar, F|34\/100\n|-ability|p1a: Weezing|Neutralizing Gas\n|\n|upkeep\n|turn|32\n|\n|t:|1701003604\n|move|p1a: Weezing|Will-O-Wisp|p2a: Alomomola\n|-status|p2a: Alomomola|brn\n|move|p2a: Alomomola|Wish|p2a: Alomomola\n|\n|-damage|p2a: Alomomola|94\/100 brn|[from] brn\n|upkeep\n|turn|33\n|\n|t:|1701003614\n|-end|p1a: Weezing|ability: Neutralizing Gas\n|switch|p1a: Ogerpon|Ogerpon-Wellspring, F|100\/100\n|move|p2a: Alomomola|Flip Turn|p1a: Ogerpon\n|-immune|p1a: Ogerpon|[from] ability: Water Absorb\n|\n|-heal|p2a: Alomomola|100\/100 brn|[from] move: Wish|[wisher] Alomomola\n|-damage|p2a: Alomomola|94\/100 brn|[from] brn\n|upkeep\n|turn|34\n|\n|t:|1701003623\n|switch|p2a: Ferrothorn|Ferrothorn, F|100\/100\n|move|p1a: Ogerpon|Taunt|p2a: Ferrothorn\n|-start|p2a: Ferrothorn|move: Taunt\n|\n|upkeep\n|turn|35\n|l| NicksRokaya\n|\n|t:|1701003629\n|switch|p1a: Scizor|Scizor-Mega, M|35\/100\n|move|p2a: Ferrothorn|Gyro Ball|p1a: Scizor\n|-resisted|p1a: Scizor\n|-damage|p1a: Scizor|20\/100\n|\n|upkeep\n|turn|36\n|\n|t:|1701003635\n|switch|p2a: Hydreigon|Hydreigon, M|60\/100\n|move|p1a: Scizor|Roost|p1a: Scizor\n|-heal|p1a: Scizor|70\/100\n|-singleturn|p1a: Scizor|move: Roost\n|\n|-heal|p2a: Hydreigon|67\/100|[from] item: Leftovers\n|upkeep\n|turn|37\n|\n|t:|1701003638\n|switch|p1a: Heatran|Heatran, F|45\/100\n|move|p2a: Hydreigon|Fire Blast|p1a: Heatran\n|-start|p1a: Heatran|ability: Flash Fire\n|\n|-heal|p2a: Hydreigon|73\/100|[from] item: Leftovers\n|-heal|p1a: Heatran|51\/100|[from] item: Leftovers\n|upkeep\n|turn|38\n|\n|t:|1701003641\n|move|p2a: Hydreigon|Dark Pulse|p1a: Heatran\n|-damage|p1a: Heatran|31\/100\n|move|p1a: Heatran|Magma Storm|p2a: Hydreigon\n|-resisted|p2a: Hydreigon\n|-damage|p2a: Hydreigon|52\/100\n|-activate|p2a: Hydreigon|move: Magma Storm|[of] p1a: Heatran\n|\n|-heal|p2a: Hydreigon|58\/100|[from] item: Leftovers\n|-heal|p1a: Heatran|37\/100|[from] item: Leftovers\n|-damage|p2a: Hydreigon|46\/100|[from] move: Magma Storm|[partiallytrapped]\n|upkeep\n|turn|39\n|\n|t:|1701003649\n|move|p2a: Hydreigon|Roost|p2a: Hydreigon\n|-heal|p2a: Hydreigon|96\/100\n|-singleturn|p2a: Hydreigon|move: Roost\n|move|p1a: Heatran|Taunt|p2a: Hydreigon\n|-start|p2a: Hydreigon|move: Taunt\n|\n|-heal|p2a: Hydreigon|100\/100|[from] item: Leftovers\n|-heal|p1a: Heatran|43\/100|[from] item: Leftovers\n|-damage|p2a: Hydreigon|88\/100|[from] move: Magma Storm|[partiallytrapped]\n|upkeep\n|turn|40\n|\n|t:|1701003651\n|move|p1a: Heatran|Protect|p1a: Heatran\n|-singleturn|p1a: Heatran|Protect\n|move|p2a: Hydreigon|Dark Pulse|p1a: Heatran\n|-activate|p1a: Heatran|move: Protect\n|\n|-heal|p2a: Hydreigon|94\/100|[from] item: Leftovers\n|-heal|p1a: Heatran|49\/100|[from] item: Leftovers\n|-damage|p2a: Hydreigon|82\/100|[from] move: Magma Storm|[partiallytrapped]\n|upkeep\n|turn|41\n|\n|t:|1701003659\n|move|p2a: Hydreigon|Dark Pulse|p1a: Heatran\n|-damage|p1a: Heatran|30\/100\n|move|p1a: Heatran|Magma Storm|p2a: Hydreigon|[miss]\n|-miss|p1a: Heatran|p2a: Hydreigon\n|\n|-heal|p2a: Hydreigon|88\/100|[from] item: Leftovers\n|-heal|p1a: Heatran|36\/100|[from] item: Leftovers\n|-damage|p2a: Hydreigon|76\/100|[from] move: Magma Storm|[partiallytrapped]\n|upkeep\n|turn|42\n|\n|t:|1701003663\n|move|p1a: Heatran|Protect|p1a: Heatran\n|-singleturn|p1a: Heatran|Protect\n|move|p2a: Hydreigon|Dark Pulse|p1a: Heatran\n|-activate|p1a: Heatran|move: Protect\n|\n|-heal|p2a: Hydreigon|82\/100|[from] item: Leftovers\n|-heal|p1a: Heatran|42\/100|[from] item: Leftovers\n|-end|p2a: Hydreigon|Magma Storm|[partiallytrapped]\n|-end|p2a: Hydreigon|move: Taunt\n|upkeep\n|turn|43\n|\n|t:|1701003669\n|move|p2a: Hydreigon|Defog|p1a: Heatran\n|-unboost|p1a: Heatran|evasion|1\n|-sideend|p2: gobbyhappy|Toxic Spikes|[from] move: Defog|[of] p2a: Hydreigon\n|move|p1a: Heatran|Magma Storm|p2a: Hydreigon\n|-resisted|p2a: Hydreigon\n|-damage|p2a: Hydreigon|62\/100\n|-activate|p2a: Hydreigon|move: Magma Storm|[of] p1a: Heatran\n|\n|-heal|p2a: Hydreigon|68\/100|[from] item: Leftovers\n|-heal|p1a: Heatran|48\/100|[from] item: Leftovers\n|-damage|p2a: Hydreigon|55\/100|[from] move: Magma Storm|[partiallytrapped]\n|upkeep\n|turn|44\n|\n|t:|1701003672\n|-end|p1a: Heatran|ability: Flash Fire|[silent]\n|switch|p1a: Weavile|Weavile, F|76\/100\n|-ability|p1a: Weavile|Pressure\n|move|p2a: Hydreigon|Roost|p2a: Hydreigon\n|-heal|p2a: Hydreigon|100\/100\n|-singleturn|p2a: Hydreigon|move: Roost\n|\n|-end|p2a: Hydreigon|Magma Storm|[partiallytrapped]|[silent]\n|upkeep\n|turn|45\n|\n|t:|1701003676\n|-terastallize|p1a: Weavile|Dark\n|-terastallize|p2a: Hydreigon|Fire\n|move|p1a: Weavile|Beat Up|p2a: Hydreigon\n|-damage|p2a: Hydreigon|84\/100\n|-damage|p2a: Hydreigon|68\/100\n|-damage|p2a: Hydreigon|47\/100\n|-damage|p2a: Hydreigon|33\/100\n|-damage|p2a: Hydreigon|20\/100\n|-hitcount|p2a: Hydreigon|5\n|move|p2a: Hydreigon|Fire Blast|p1a: Weavile\n|-damage|p1a: Weavile|9\/100\n|\n|-heal|p2a: Hydreigon|26\/100|[from] item: Leftovers\n|upkeep\n|turn|46\n|\n|t:|1701003684\n|switch|p2a: Ferrothorn|Ferrothorn, F|100\/100\n|move|p1a: Weavile|Beat Up|p2a: Ferrothorn\n|-crit|p2a: Ferrothorn\n|-damage|p2a: Ferrothorn|86\/100\n|-damage|p2a: Ferrothorn|76\/100\n|-damage|p2a: Ferrothorn|65\/100\n|-damage|p2a: Ferrothorn|57\/100\n|-damage|p2a: Ferrothorn|49\/100\n|-hitcount|p2a: Ferrothorn|5\n|\n|-heal|p2a: Ferrothorn|55\/100|[from] item: Leftovers\n|upkeep\n|turn|47\n|\n|t:|1701003698\n|move|p1a: Weavile|Beat Up|p2a: Ferrothorn\n|-damage|p2a: Ferrothorn|45\/100\n|-damage|p2a: Ferrothorn|36\/100\n|-damage|p2a: Ferrothorn|24\/100\n|-damage|p2a: Ferrothorn|15\/100\n|-damage|p2a: Ferrothorn|6\/100\n|-hitcount|p2a: Ferrothorn|5\n|move|p2a: Ferrothorn|Stealth Rock|p1a: Weavile\n|-sidestart|p1: bubulangte|move: Stealth Rock\n|\n|-heal|p2a: Ferrothorn|12\/100|[from] item: Leftovers\n|upkeep\n|turn|48\n|\n|t:|1701003703\n|switch|p2a: Alomomola|Alomomola, F|100\/100 brn\n|move|p1a: Weavile|Beat Up|p2a: Alomomola\n|-damage|p2a: Alomomola|92\/100 brn\n|-damage|p2a: Alomomola|83\/100 brn\n|-damage|p2a: Alomomola|71\/100 brn\n|-damage|p2a: Alomomola|63\/100 brn\n|-damage|p2a: Alomomola|55\/100 brn\n|-hitcount|p2a: Alomomola|5\n|\n|-damage|p2a: Alomomola|49\/100 brn|[from] brn\n|upkeep\n|turn|49\n|\n|t:|1701003713\n|switch|p2a: Hydreigon|Hydreigon, M, tera:Fire|26\/100\n|move|p1a: Weavile|Beat Up|p2a: Hydreigon\n|-damage|p2a: Hydreigon|10\/100\n|-damage|p2a: Hydreigon|0 fnt\n|faint|p2a: Hydreigon\n|-hitcount|p2: Hydreigon|2\n|\n|upkeep\n|\n|t:|1701003715\n|switch|p2a: Lopunny|Lopunny-Mega, M|67\/100\n|turn|50\n|\n|t:|1701003720\n|switch|p1a: Scizor|Scizor-Mega, M|70\/100\n|-damage|p1a: Scizor|58\/100|[from] Stealth Rock\n|move|p2a: Lopunny|Close Combat|p1a: Scizor\n|-damage|p1a: Scizor|8\/100\n|-unboost|p2a: Lopunny|def|1\n|-unboost|p2a: Lopunny|spd|1\n|\n|upkeep\n|turn|51\n|\n|t:|1701003727\n|move|p1a: Scizor|Bullet Punch|p2a: Lopunny\n|-damage|p2a: Lopunny|5\/100\n|move|p2a: Lopunny|Close Combat|p1a: Scizor\n|-damage|p1a: Scizor|0 fnt\n|-unboost|p2a: Lopunny|def|1\n|-unboost|p2a: Lopunny|spd|1\n|faint|p1a: Scizor\n|\n|upkeep\n|\n|t:|1701003735\n|switch|p1a: Weezing|Weezing-Galar, F|34\/100\n|-ability|p1a: Weezing|Neutralizing Gas\n|-damage|p1a: Weezing|21\/100|[from] Stealth Rock\n|turn|52\n|\n|t:|1701003739\n|switch|p2a: Alomomola|Alomomola, F|82\/100 brn\n|move|p1a: Weezing|Toxic Spikes|p2a: Alomomola\n|-sidestart|p2: gobbyhappy|move: Toxic Spikes\n|\n|-damage|p2a: Alomomola|76\/100 brn|[from] brn\n|upkeep\n|turn|53\n|\n|t:|1701003744\n|-end|p1a: Weezing|ability: Neutralizing Gas\n|switch|p1a: Ogerpon|Ogerpon-Wellspring, F|100\/100\n|-damage|p1a: Ogerpon|88\/100|[from] Stealth Rock\n|move|p2a: Alomomola|Wish|p2a: Alomomola\n|\n|-damage|p2a: Alomomola|70\/100 brn|[from] brn\n|upkeep\n|turn|54\n|\n|t:|1701003755\n|switch|p2a: Ferrothorn|Ferrothorn, F|12\/100\n|move|p1a: Ogerpon|Horn Leech|p2a: Ferrothorn\n|-resisted|p2a: Ferrothorn\n|-damage|p2a: Ferrothorn|6\/100\n|-heal|p1a: Ogerpon|92\/100|[from] drain|[of] p2a: Ferrothorn\n|-damage|p1a: Ogerpon|80\/100|[from] ability: Iron Barbs|[of] p2a: Ferrothorn\n|\n|-heal|p2a: Ferrothorn|81\/100|[from] move: Wish|[wisher] Alomomola\n|-heal|p2a: Ferrothorn|88\/100|[from] item: Leftovers\n|upkeep\n|turn|55\n|\n|t:|1701003762\n|switch|p1a: Heatran|Heatran, F|48\/100\n|-damage|p1a: Heatran|36\/100|[from] Stealth Rock\n|switch|p2a: Alomomola|Alomomola, F|100\/100 brn\n|\n|-heal|p1a: Heatran|42\/100|[from] item: Leftovers\n|-damage|p2a: Alomomola|94\/100 brn|[from] brn\n|upkeep\n|turn|56\n|\n|t:|1701003769\n|switch|p1a: Ogerpon|Ogerpon-Wellspring, F|80\/100\n|-damage|p1a: Ogerpon|68\/100|[from] Stealth Rock\n|move|p2a: Alomomola|Flip Turn|p1a: Ogerpon\n|-heal|p1a: Ogerpon|93\/100|[from] ability: Water Absorb|[of] p2a: Alomomola\n|\n|-damage|p2a: Alomomola|88\/100 brn|[from] brn\n|upkeep\n|turn|57\n|\n|t:|1701003773\n|switch|p1a: Heatran|Heatran, F|42\/100\n|-damage|p1a: Heatran|30\/100|[from] Stealth Rock\n|switch|p2a: Ferrothorn|Ferrothorn, F|88\/100\n|\n|-heal|p1a: Heatran|36\/100|[from] item: Leftovers\n|-heal|p2a: Ferrothorn|94\/100|[from] item: Leftovers\n|upkeep\n|turn|58\n|\n|t:|1701003777\n|switch|p2a: Alomomola|Alomomola, F|100\/100 brn\n|move|p1a: Heatran|Magma Storm|p2a: Alomomola\n|-resisted|p2a: Alomomola\n|-damage|p2a: Alomomola|76\/100 brn\n|-activate|p2a: Alomomola|move: Magma Storm|[of] p1a: Heatran\n|\n|-heal|p1a: Heatran|42\/100|[from] item: Leftovers\n|-damage|p2a: Alomomola|70\/100 brn|[from] brn\n|-damage|p2a: Alomomola|57\/100 brn|[from] move: Magma Storm|[partiallytrapped]\n|upkeep\n|turn|59\n|\n|t:|1701003779\n|move|p1a: Heatran|Taunt|p2a: Alomomola\n|-start|p2a: Alomomola|move: Taunt\n|move|p2a: Alomomola|Flip Turn|p1a: Heatran\n|-supereffective|p1a: Heatran\n|-damage|p1a: Heatran|28\/100\n|\n|t:|1701003784\n|switch|p2a: Tapu Lele|Tapu Lele|76\/100 brn|[from] Flip Turn\n|-fieldstart|move: Psychic Terrain|[from] ability: Psychic Surge|[of] p2a: Tapu Lele\n|\n|-heal|p1a: Heatran|34\/100|[from] item: Leftovers\n|-damage|p2a: Tapu Lele|70\/100 brn|[from] brn\n|upkeep\n|turn|60\n|\n|t:|1701003789\n|move|p2a: Tapu Lele|Future Sight|p1a: Heatran\n|-start|p2a: Tapu Lele|move: Future Sight\n|move|p1a: Heatran|Earth Power|p2a: Tapu Lele\n|-damage|p2a: Tapu Lele|40\/100 brn\n|\n|-heal|p1a: Heatran|40\/100|[from] item: Leftovers\n|-damage|p2a: Tapu Lele|34\/100 brn|[from] brn\n|upkeep\n|turn|61\n|\n|t:|1701003795\n|switch|p2a: Alomomola|Alomomola, F|91\/100 brn\n|move|p1a: Heatran|Earth Power|p2a: Alomomola\n|-damage|p2a: Alomomola|58\/100 brn\n|\n|-heal|p1a: Heatran|46\/100|[from] item: Leftovers\n|-damage|p2a: Alomomola|52\/100 brn|[from] brn\n|upkeep\n|turn|62\n|\n|t:|1701003800\n|move|p1a: Heatran|Taunt|p2a: Alomomola\n|-start|p2a: Alomomola|move: Taunt\n|move|p2a: Alomomola|Flip Turn|p1a: Heatran\n|-supereffective|p1a: Heatran\n|-crit|p1a: Heatran\n|-damage|p1a: Heatran|27\/100\n|\n|t:|1701003805\n|switch|p2a: Tapu Lele|Tapu Lele|34\/100 brn|[from] Flip Turn\n|\n|-end|p1a: Heatran|move: Future Sight\n|-resisted|p1a: Heatran\n|-damage|p1a: Heatran|0 fnt\n|faint|p1a: Heatran\n|-damage|p2a: Tapu Lele|28\/100 brn|[from] brn\n|upkeep\n|\n|t:|1701003816\n|switch|p1a: Ogerpon|Ogerpon-Wellspring, F|93\/100\n|-damage|p1a: Ogerpon|80\/100|[from] Stealth Rock\n|turn|63\n|\n|t:|1701003827\n|switch|p2a: Ferrothorn|Ferrothorn, F|94\/100\n|move|p1a: Ogerpon|Ivy Cudgel|p2a: Ferrothorn|[anim] Ivy Cudgel Water\n|-resisted|p2a: Ferrothorn\n|-damage|p2a: Ferrothorn|77\/100\n|\n|-heal|p2a: Ferrothorn|83\/100|[from] item: Leftovers\n|-fieldend|move: Psychic Terrain\n|upkeep\n|turn|64\n|inactive|bubulangte has 120 seconds left.\n|inactive|bubulangte has 90 seconds left.\n|inactive|bubulangte has 60 seconds left.\n|inactive|bubulangte has 30 seconds left.\n|inactive|bubulangte has 20 seconds left.\n|inactive|bubulangte has 15 seconds left.\n|c|\u2606gobbyhappy|gg\uff1f\n|inactive|bubulangte has 10 seconds left.\n|inactive|bubulangte has 5 seconds left.\n|-message|bubulangte lost due to inactivity.\n|\n|win|gobbyhappy\n|raw|bubulangte's rating: 1655 &rarr; <strong>1639<\/strong><br \/>(-16 for losing)\n|raw|gobbyhappy's rating: 1726 &rarr; <strong>1742<\/strong><br \/>(+16 for winning)\n","uploadtime":1701003984,"views":3,"p1id":"bubulangte","p2id":"gobbyhappy","formatid":"gen9nationaldex","rating":1639,"private":0,"password":""}