{"id":"gen9nationaldex-1997188427","p1":"RARMolina","p2":"Gamer00ooO","format":"[Gen 9] National Dex","log":"|html|<div class=\"broadcast-blue\"><strong>[Gen 9] National Dex is currently suspecting Sneasler! For information on how to participate check out the <a href=\"https:\/\/www.smogon.com\/forums\/threads\/sv-national-dex-suspect-8-just-dance.3731534\/\">suspect thread<\/a>.<\/strong><\/div>\n|j|\u2606RARMolina\n|j|\u2606Gamer00ooO\n|t:|1700773597\n|gametype|singles\n|player|p1|RARMolina|veteran|\n|player|p2|Gamer00ooO|hilbert|\n|teamsize|p1|6\n|teamsize|p2|6\n|gen|9\n|tier|[Gen 9] National Dex\n|rule|HP Percentage Mod: HP is shown in percentages\n|rule|Endless Battle Clause: Forcing endless battles is banned\n|rule|OHKO Clause: OHKO moves are banned\n|rule|Evasion Clause: Evasion abilities, items, and moves are banned\n|rule|Evasion Abilities Clause: Evasion abilities are banned\n|rule|Evasion Items Clause: Evasion items are banned\n|rule|Evasion Moves Clause: Evasion moves are banned\n|rule|Species Clause: Limit one of each Pok\u00e9mon\n|rule|Sleep Clause Mod: Limit one foe put to sleep\n|clearpoke\n|poke|p1|Empoleon, M|\n|poke|p1|Garchomp, M|\n|poke|p1|Pelipper, M|\n|poke|p1|Jellicent, F|\n|poke|p1|Golisopod, M|\n|poke|p1|Swampert, F|\n|poke|p2|Sneasler, F|\n|poke|p2|Gliscor, M|\n|poke|p2|Klefki, F|\n|poke|p2|Venusaur, M|\n|poke|p2|Enamorus, F|\n|poke|p2|Garganacl, M|\n|teampreview\n|\n|t:|1700773612\n|start\n|switch|p1a: Weater report|Pelipper, M|100\/100\n|switch|p2a: Llaveros|Klefki, F|100\/100\n|-weather|RainDance|[from] ability: Drizzle|[of] p1a: Weater report\n|turn|1\n|\n|t:|1700773618\n|move|p2a: Llaveros|Thunder Wave|p1a: Weater report\n|-status|p1a: Weater report|par\n|cant|p1a: Weater report|par\n|\n|-weather|RainDance|[upkeep]\n|upkeep\n|turn|2\n|\n|t:|1700773625\n|move|p2a: Llaveros|Reflect|p2a: Llaveros\n|-sidestart|p2: Gamer00ooO|Reflect\n|move|p1a: Weater report|Knock Off|p2a: Llaveros\n|-resisted|p2a: Llaveros\n|-damage|p2a: Llaveros|98\/100\n|-enditem|p2a: Llaveros|Light Clay|[from] move: Knock Off|[of] p1a: Weater report\n|\n|-weather|RainDance|[upkeep]\n|upkeep\n|turn|3\n|\n|t:|1700773629\n|move|p2a: Llaveros|Light Screen|p2a: Llaveros\n|-sidestart|p2: Gamer00ooO|move: Light Screen\n|move|p1a: Weater report|Defog|p2a: Llaveros\n|-unboost|p2a: Llaveros|evasion|1\n|-sideend|p2: Gamer00ooO|Reflect\n|-sideend|p2: Gamer00ooO|move: Light Screen\n|\n|-weather|RainDance|[upkeep]\n|upkeep\n|turn|4\n|\n|t:|1700773642\n|switch|p2a: Venusaur|Venusaur, M|100\/100\n|move|p1a: Weater report|U-turn|p2a: Venusaur\n|-damage|p2a: Venusaur|91\/100\n|\n|t:|1700773651\n|switch|p1a: Shredder|Golisopod, M|100\/100|[from] U-turn\n|\n|-weather|RainDance|[upkeep]\n|upkeep\n|turn|5\n|\n|t:|1700773658\n|detailschange|p2a: Venusaur|Venusaur-Mega, M\n|-mega|p2a: Venusaur|Venusaur|Venusaurite\n|move|p1a: Shredder|First Impression|p2a: Venusaur\n|-damage|p2a: Venusaur|48\/100\n|move|p2a: Venusaur|Giga Drain|p1a: Shredder\n|-damage|p1a: Shredder|74\/100\n|-heal|p2a: Venusaur|59\/100|[from] drain|[of] p1a: Shredder\n|\n|-weather|RainDance|[upkeep]\n|upkeep\n|turn|6\n|\n|t:|1700773667\n|switch|p2a: Llaveros|Klefki, F|98\/100\n|move|p1a: Shredder|Leech Life|p2a: Llaveros\n|-resisted|p2a: Llaveros\n|-damage|p2a: Llaveros|87\/100\n|-heal|p1a: Shredder|81\/100|[from] drain|[of] p2a: Llaveros\n|\n|-weather|RainDance|[upkeep]\n|upkeep\n|turn|7\n|\n|t:|1700773676\n|switch|p1a: Jatziri|Swampert, F|100\/100\n|move|p2a: Llaveros|Thunder Wave|p1a: Jatziri\n|-immune|p1a: Jatziri\n|\n|-weather|RainDance|[upkeep]\n|upkeep\n|turn|8\n|\n|t:|1700773680\n|detailschange|p1a: Jatziri|Swampert-Mega, F\n|-mega|p1a: Jatziri|Swampert|Swampertite\n|move|p2a: Llaveros|Reflect|p2a: Llaveros\n|-sidestart|p2: Gamer00ooO|Reflect\n|move|p1a: Jatziri|Earthquake|p2a: Llaveros\n|-supereffective|p2a: Llaveros\n|-damage|p2a: Llaveros|36\/100\n|\n|-weather|none\n|upkeep\n|turn|9\n|\n|t:|1700773708\n|switch|p2a: Scorp corp|Gliscor, M|100\/100\n|move|p1a: Jatziri|Flip Turn|p2a: Scorp corp\n|-supereffective|p2a: Scorp corp\n|-damage|p2a: Scorp corp|69\/100\n|\n|t:|1700773716\n|switch|p1a: Weater report|Pelipper, M|100\/100 par|[from] Flip Turn\n|-weather|RainDance|[from] ability: Drizzle|[of] p1a: Weater report\n|\n|-weather|RainDance|[upkeep]\n|-status|p2a: Scorp corp|tox|[from] item: Toxic Orb\n|upkeep\n|turn|10\n|l|\u2606Gamer00ooO\n|player|p2|\n|j|\u2606Gamer00ooO\n|player|p2|Gamer00ooO|hilbert\n|\n|t:|1700773760\n|-terastallize|p2a: Scorp corp|Normal\n|move|p2a: Scorp corp|Swords Dance|p2a: Scorp corp\n|-boost|p2a: Scorp corp|atk|2\n|move|p1a: Weater report|U-turn|p2a: Scorp corp\n|-damage|p2a: Scorp corp|65\/100 tox\n|\n|t:|1700773767\n|switch|p1a: Srta. Tess|Jellicent, F|100\/100|[from] U-turn\n|\n|-weather|RainDance|[upkeep]\n|-heal|p2a: Scorp corp|77\/100 tox|[from] ability: Poison Heal\n|upkeep\n|turn|11\n|\n|t:|1700773776\n|move|p2a: Scorp corp|Earthquake|p1a: Srta. Tess\n|-damage|p1a: Srta. Tess|31\/100\n|move|p1a: Srta. Tess|Scald|p2a: Scorp corp\n|-damage|p2a: Scorp corp|37\/100 tox\n|\n|-weather|RainDance|[upkeep]\n|-heal|p1a: Srta. Tess|37\/100|[from] item: Leftovers\n|-heal|p2a: Scorp corp|50\/100 tox|[from] ability: Poison Heal\n|upkeep\n|turn|12\n|\n|t:|1700773785\n|move|p2a: Scorp corp|Earthquake|p1a: Srta. Tess\n|-damage|p1a: Srta. Tess|0 fnt\n|faint|p1a: Srta. Tess\n|\n|-weather|RainDance|[upkeep]\n|-heal|p2a: Scorp corp|62\/100 tox|[from] ability: Poison Heal\n|-sideend|p2: Gamer00ooO|Reflect\n|upkeep\n|\n|t:|1700773791\n|switch|p1a: Jatziri|Swampert-Mega, F|100\/100\n|turn|13\n|\n|t:|1700773815\n|move|p1a: Jatziri|Waterfall|p2a: Scorp corp\n|-damage|p2a: Scorp corp|0 fnt\n|faint|p2a: Scorp corp\n|\n|-weather|RainDance|[upkeep]\n|upkeep\n|\n|t:|1700773818\n|switch|p2a: Venusaur|Venusaur-Mega, M|59\/100\n|turn|14\n|\n|t:|1700773826\n|move|p1a: Jatziri|Earthquake|p2a: Venusaur\n|-damage|p2a: Venusaur|9\/100\n|move|p2a: Venusaur|Giga Drain|p1a: Jatziri\n|-supereffective|p1a: Jatziri\n|-damage|p1a: Jatziri|0 fnt\n|-heal|p2a: Venusaur|56\/100|[from] drain|[of] p1a: Jatziri\n|faint|p1a: Jatziri\n|\n|-weather|RainDance|[upkeep]\n|upkeep\n|\n|t:|1700773831\n|switch|p1a: Shredder|Golisopod, M|81\/100\n|turn|15\n|\n|t:|1700773844\n|switch|p2a: Llaveros|Klefki, F|36\/100\n|move|p1a: Shredder|First Impression|p2a: Llaveros\n|-resisted|p2a: Llaveros\n|-damage|p2a: Llaveros|24\/100\n|\n|-weather|RainDance|[upkeep]\n|upkeep\n|turn|16\n|l|\u2606Gamer00ooO\n|player|p2|\n|j|\u2606Gamer00ooO\n|player|p2|Gamer00ooO|hilbert\n|\n|t:|1700773906\n|switch|p1a: Weater report|Pelipper, M|100\/100 par\n|move|p2a: Llaveros|Reflect|p2a: Llaveros\n|-sidestart|p2: Gamer00ooO|Reflect\n|\n|-weather|none\n|upkeep\n|turn|17\n|\n|t:|1700773923\n|move|p2a: Llaveros|Light Screen|p2a: Llaveros\n|-sidestart|p2: Gamer00ooO|move: Light Screen\n|cant|p1a: Weater report|par\n|\n|upkeep\n|turn|18\n|\n|t:|1700773935\n|switch|p2a: Enamorus|Enamorus, F|100\/100\n|move|p1a: Weater report|Defog|p2a: Enamorus\n|-boost|p2a: Enamorus|evasion|1\n|-sideend|p2: Gamer00ooO|Reflect\n|-sideend|p2: Gamer00ooO|move: Light Screen\n|\n|upkeep\n|turn|19\n|\n|t:|1700773956\n|move|p2a: Enamorus|Superpower|p1a: Weater report\n|-resisted|p1a: Weater report\n|-damage|p1a: Weater report|88\/100 par\n|-boost|p2a: Enamorus|atk|1\n|-boost|p2a: Enamorus|def|1\n|move|p1a: Weater report|Knock Off|p2a: Enamorus\n|-resisted|p2a: Enamorus\n|-damage|p2a: Enamorus|94\/100\n|-enditem|p2a: Enamorus|Assault Vest|[from] move: Knock Off|[of] p1a: Weater report\n|\n|upkeep\n|turn|20\n|\n|t:|1700773969\n|move|p2a: Enamorus|Iron Head|p1a: Weater report\n|-resisted|p1a: Weater report\n|-damage|p1a: Weater report|77\/100 par\n|move|p1a: Weater report|U-turn|p2a: Enamorus|[miss]\n|-miss|p1a: Weater report|p2a: Enamorus\n|\n|upkeep\n|turn|21\n|\n|t:|1700773976\n|move|p2a: Enamorus|Superpower|p1a: Weater report\n|-resisted|p1a: Weater report\n|-damage|p1a: Weater report|59\/100 par\n|-boost|p2a: Enamorus|atk|1\n|-boost|p2a: Enamorus|def|1\n|move|p1a: Weater report|U-turn|p2a: Enamorus\n|-resisted|p2a: Enamorus\n|-damage|p2a: Enamorus|93\/100\n|\n|t:|1700773986\n|switch|p1a: Poseidon|Empoleon, M|100\/100|[from] U-turn\n|\n|upkeep\n|turn|22\n|\n|t:|1700773994\n|-terastallize|p1a: Poseidon|Flying\n|move|p2a: Enamorus|Superpower|p1a: Poseidon\n|-resisted|p1a: Poseidon\n|-damage|p1a: Poseidon|65\/100\n|-boost|p2a: Enamorus|atk|1\n|-boost|p2a: Enamorus|def|1\n|move|p1a: Poseidon|Agility|p1a: Poseidon\n|-boost|p1a: Poseidon|spe|2\n|\n|upkeep\n|turn|23\n|\n|t:|1700774007\n|move|p1a: Poseidon|Surf|p2a: Enamorus\n|-damage|p2a: Enamorus|37\/100\n|move|p2a: Enamorus|Superpower|p1a: Poseidon\n|-resisted|p1a: Poseidon\n|-damage|p1a: Poseidon|17\/100\n|-boost|p2a: Enamorus|atk|1\n|-boost|p2a: Enamorus|def|1\n|\n|upkeep\n|turn|24\n|\n|t:|1700774025\n|move|p1a: Poseidon|Surf|p2a: Enamorus\n|-damage|p2a: Enamorus|0 fnt\n|faint|p2a: Enamorus\n|\n|upkeep\n|\n|t:|1700774028\n|switch|p2a: Sneasler|Sneasler, F|100\/100\n|turn|25\n|\n|t:|1700774035\n|switch|p1a: Weater report|Pelipper, M|59\/100 par\n|-weather|RainDance|[from] ability: Drizzle|[of] p1a: Weater report\n|move|p2a: Sneasler|Fake Out|p1a: Weater report\n|-damage|p1a: Weater report|48\/100 par\n|\n|-weather|RainDance|[upkeep]\n|upkeep\n|turn|26\n|\n|t:|1700774045\n|move|p2a: Sneasler|U-turn|p1a: Weater report\n|-resisted|p1a: Weater report\n|-damage|p1a: Weater report|39\/100 par\n|\n|t:|1700774063\n|switch|p2a: Llaveros|Klefki, F|24\/100|[from] U-turn\n|move|p1a: Weater report|Hurricane|p2a: Llaveros\n|-resisted|p2a: Llaveros\n|-damage|p2a: Llaveros|5\/100\n|-start|p2a: Llaveros|confusion\n|\n|-weather|RainDance|[upkeep]\n|upkeep\n|turn|27\n|\n|t:|1700774079\n|-activate|p2a: Llaveros|confusion\n|move|p2a: Llaveros|Reflect|p2a: Llaveros\n|-sidestart|p2: Gamer00ooO|Reflect\n|move|p1a: Weater report|U-turn|p2a: Llaveros\n|-resisted|p2a: Llaveros\n|-damage|p2a: Llaveros|4\/100\n|\n|t:|1700774086\n|switch|p1a: Bocho|Garchomp, M|100\/100|[from] U-turn\n|\n|-weather|RainDance|[upkeep]\n|upkeep\n|turn|28\n|\n|t:|1700774090\n|-activate|p2a: Llaveros|confusion\n|move|p2a: Llaveros|Light Screen|p2a: Llaveros\n|-sidestart|p2: Gamer00ooO|move: Light Screen\n|move|p1a: Bocho|Swords Dance|p1a: Bocho\n|-boost|p1a: Bocho|atk|2\n|\n|-weather|RainDance|[upkeep]\n|upkeep\n|turn|29\n|\n|t:|1700774143\n|switch|p2a: Garganacl|Garganacl, M|100\/100\n|move|p1a: Bocho|Earthquake|p2a: Garganacl\n|-supereffective|p2a: Garganacl\n|-damage|p2a: Garganacl|37\/100\n|\n|-weather|RainDance|[upkeep]\n|-heal|p2a: Garganacl|43\/100|[from] item: Leftovers\n|upkeep\n|turn|30\n|\n|t:|1700774160\n|move|p1a: Bocho|Earthquake|p2a: Garganacl\n|-supereffective|p2a: Garganacl\n|-damage|p2a: Garganacl|0 fnt\n|faint|p2a: Garganacl\n|\n|-weather|RainDance|[upkeep]\n|upkeep\n|\n|t:|1700774170\n|switch|p2a: Sneasler|Sneasler, F|100\/100\n|turn|31\n|\n|t:|1700774175\n|move|p2a: Sneasler|Fake Out|p1a: Bocho\n|-crit|p1a: Bocho\n|-damage|p1a: Bocho|78\/100\n|-damage|p2a: Sneasler|88\/100|[from] ability: Rough Skin|[of] p1a: Bocho\n|-status|p1a: Bocho|psn|[from] ability: Poison Touch|[of] p2a: Sneasler\n|cant|p1a: Bocho|flinch\n|\n|-weather|RainDance|[upkeep]\n|-damage|p1a: Bocho|66\/100 psn|[from] psn\n|-sideend|p2: Gamer00ooO|Reflect\n|upkeep\n|turn|32\n|\n|t:|1700774188\n|move|p2a: Sneasler|Dire Claw|p1a: Bocho\n|-resisted|p1a: Bocho\n|-damage|p1a: Bocho|46\/100 psn\n|-damage|p2a: Sneasler|76\/100|[from] ability: Rough Skin|[of] p1a: Bocho\n|move|p1a: Bocho|Scale Shot|p2a: Sneasler|[miss]\n|-miss|p1a: Bocho|p2a: Sneasler\n|\n|-weather|none\n|-damage|p1a: Bocho|33\/100 psn|[from] psn\n|-sideend|p2: Gamer00ooO|move: Light Screen\n|upkeep\n|turn|33\n|c|\u2606RARMolina|Toque t\u00f3xico?\n|\n|t:|1700774239\n|move|p2a: Sneasler|U-turn|p1a: Bocho\n|-damage|p1a: Bocho|10\/100 psn\n|-damage|p2a: Sneasler|64\/100|[from] ability: Rough Skin|[of] p1a: Bocho\n|\n|t:|1700774242\n|switch|p2a: Venusaur|Venusaur-Mega, M|56\/100|[from] U-turn\n|move|p1a: Bocho|Scale Shot|p2a: Venusaur\n|-damage|p2a: Venusaur|37\/100\n|-damage|p2a: Venusaur|17\/100\n|-damage|p2a: Venusaur|0 fnt\n|faint|p2a: Venusaur\n|-hitcount|p2: Venusaur|3\n|-unboost|p1a: Bocho|def|1\n|-boost|p1a: Bocho|spe|1\n|\n|-damage|p1a: Bocho|0 fnt|[from] psn\n|faint|p1a: Bocho\n|upkeep\n|\n|t:|1700774257\n|switch|p1a: Weater report|Pelipper, M|39\/100 par\n|switch|p2a: Llaveros|Klefki, F|4\/100\n|-weather|RainDance|[from] ability: Drizzle|[of] p1a: Weater report\n|turn|34\n|\n|t:|1700774263\n|move|p2a: Llaveros|Light Screen|p2a: Llaveros\n|-sidestart|p2: Gamer00ooO|move: Light Screen\n|move|p1a: Weater report|Hurricane|p2a: Llaveros\n|-resisted|p2a: Llaveros\n|-damage|p2a: Llaveros|0 fnt\n|faint|p2a: Llaveros\n|\n|-weather|RainDance|[upkeep]\n|upkeep\n|\n|t:|1700774268\n|switch|p2a: Sneasler|Sneasler, F|64\/100\n|turn|35\n|\n|t:|1700774294\n|switch|p1a: Poseidon|Empoleon, M, tera:Flying|17\/100\n|move|p2a: Sneasler|Dire Claw|p1a: Poseidon\n|-damage|p1a: Poseidon|0 fnt\n|faint|p1a: Poseidon\n|\n|-weather|RainDance|[upkeep]\n|upkeep\n|\n|t:|1700774302\n|switch|p1a: Weater report|Pelipper, M|39\/100 par\n|turn|36\n|\n|t:|1700774308\n|move|p2a: Sneasler|Dire Claw|p1a: Weater report\n|-damage|p1a: Weater report|5\/100 par\n|move|p1a: Weater report|Hurricane|p2a: Sneasler\n|-supereffective|p2a: Sneasler\n|-damage|p2a: Sneasler|17\/100\n|\n|-weather|RainDance|[upkeep]\n|upkeep\n|turn|37\n|\n|t:|1700774316\n|move|p2a: Sneasler|Dire Claw|p1a: Weater report\n|-damage|p1a: Weater report|0 fnt\n|faint|p1a: Weater report\n|\n|-weather|RainDance|[upkeep]\n|upkeep\n|\n|t:|1700774318\n|switch|p1a: Shredder|Golisopod, M|81\/100\n|turn|38\n|c|\u2606RARMolina|Gg\n|\n|t:|1700774351\n|move|p2a: Sneasler|Fake Out||[still]\n|-hint|Fake Out only works on your first turn out.\n|-fail|p2a: Sneasler\n|move|p1a: Shredder|Razor Shell|p2a: Sneasler\n|-damage|p2a: Sneasler|0 fnt\n|faint|p2a: Sneasler\n|\n|win|RARMolina\n|l|\u2606RARMolina\n|c|\u2606Gamer00ooO|Gg\n","uploadtime":1700774513,"views":13,"p1id":"rarmolina","p2id":"gamer00ooo","formatid":"gen9nationaldex","rating":0,"private":0,"password":""}