{"id":"gen9nationaldex-1992623957","p1":"KIOOOOOOOO","p2":"Amber-acid","format":"[Gen 9] National Dex","log":"|j|\u2606KIOOOOOOOO\n|j|\u2606Amber-acid\n|t:|1700216494\n|gametype|singles\n|player|p1|KIOOOOOOOO|pokekid|1314\n|player|p2|Amber-acid|265|1346\n|teamsize|p1|6\n|teamsize|p2|6\n|gen|9\n|tier|[Gen 9] National Dex\n|rated|\n|rule|HP Percentage Mod: HP is shown in percentages\n|rule|Endless Battle Clause: Forcing endless battles is banned\n|rule|OHKO Clause: OHKO moves are banned\n|rule|Evasion Clause: Evasion abilities, items, and moves are banned\n|rule|Evasion Abilities Clause: Evasion abilities are banned\n|rule|Evasion Items Clause: Evasion items are banned\n|rule|Evasion Moves Clause: Evasion moves are banned\n|rule|Species Clause: Limit one of each Pok\u00e9mon\n|rule|Sleep Clause Mod: Limit one foe put to sleep\n|clearpoke\n|poke|p1|Grimmsnarl, M|\n|poke|p1|Typhlosion-Hisui, M|\n|poke|p1|Heracross, F|\n|poke|p1|Mandibuzz, F|\n|poke|p1|Gallade, M|\n|poke|p1|Great Tusk|\n|poke|p2|Pelipper, M|\n|poke|p2|Barraskewda, M|\n|poke|p2|Swampert, F|\n|poke|p2|Kingdra, F|\n|poke|p2|Zapdos|\n|poke|p2|Garganacl, M|\n|teampreview\n|inactive|Battle timer is ON: inactive players will automatically lose when time's up. (requested by KIOOOOOOOO)\n|\n|t:|1700216515\n|start\n|switch|p1a: Gallade|Gallade, M|100\/100\n|switch|p2a: Barraskewda|Barraskewda, M, shiny|100\/100\n|turn|1\n|\n|t:|1700216524\n|switch|p1a: Mandibuzz|Mandibuzz, F|100\/100\n|move|p2a: Barraskewda|Flip Turn|p1a: Mandibuzz\n|-damage|p1a: Mandibuzz|73\/100\n|\n|t:|1700216530\n|switch|p2a: Pelipper|Pelipper, M|100\/100|[from] Flip Turn\n|-weather|RainDance|[from] ability: Drizzle|[of] p2a: Pelipper\n|\n|-weather|RainDance|[upkeep]\n|-heal|p1a: Mandibuzz|80\/100|[from] item: Leftovers\n|upkeep\n|turn|2\n|\n|t:|1700216537\n|switch|p1a: Grimmsnarl|Grimmsnarl, M|100\/100\n|move|p2a: Pelipper|U-turn|p1a: Grimmsnarl\n|-crit|p1a: Grimmsnarl\n|-damage|p1a: Grimmsnarl|85\/100\n|\n|t:|1700216544\n|switch|p2a: Barraskewda|Barraskewda, M, shiny|100\/100|[from] U-turn\n|\n|-weather|RainDance|[upkeep]\n|upkeep\n|turn|3\n|\n|t:|1700216550\n|move|p1a: Grimmsnarl|Reflect|p1a: Grimmsnarl\n|-sidestart|p1: KIOOOOOOOO|Reflect\n|move|p2a: Barraskewda|Flip Turn|p1a: Grimmsnarl\n|-damage|p1a: Grimmsnarl|47\/100\n|\n|t:|1700216554\n|switch|p2a: Swampert|Swampert, F|100\/100|[from] Flip Turn\n|\n|-weather|RainDance|[upkeep]\n|upkeep\n|turn|4\n|\n|t:|1700216562\n|detailschange|p2a: Swampert|Swampert-Mega, F\n|-mega|p2a: Swampert|Swampert|Swampertite\n|move|p1a: Grimmsnarl|Parting Shot|p2a: Swampert\n|-unboost|p2a: Swampert|atk|1\n|-unboost|p2a: Swampert|spa|1\n|\n|t:|1700216568\n|switch|p1a: Heracross|Heracross, F|100\/100|[from] Parting Shot\n|move|p2a: Swampert|Brick Break|p1a: Heracross\n|-sideend|p1: KIOOOOOOOO|Reflect\n|-resisted|p1a: Heracross\n|-damage|p1a: Heracross|87\/100\n|\n|-weather|RainDance|[upkeep]\n|upkeep\n|turn|5\n|\n|t:|1700216576\n|move|p2a: Swampert|Liquidation|p1a: Heracross\n|-damage|p1a: Heracross|11\/100\n|-unboost|p1a: Heracross|def|1\n|move|p1a: Heracross|Trailblaze|p2a: Swampert\n|-supereffective|p2a: Swampert\n|-damage|p2a: Swampert|40\/100\n|-boost|p1a: Heracross|spe|1\n|\n|-weather|RainDance|[upkeep]\n|upkeep\n|turn|6\n|\n|t:|1700216587\n|move|p2a: Swampert|Liquidation|p1a: Heracross\n|-crit|p1a: Heracross\n|-damage|p1a: Heracross|0 fnt\n|faint|p1a: Heracross\n|\n|-weather|RainDance|[upkeep]\n|upkeep\n|\n|t:|1700216603\n|switch|p1a: Grimmsnarl|Grimmsnarl, M|47\/100\n|turn|7\n|\n|t:|1700216628\n|switch|p2a: Barraskewda|Barraskewda, M, shiny|100\/100\n|move|p1a: Grimmsnarl|Reflect|p1a: Grimmsnarl\n|-sidestart|p1: KIOOOOOOOO|Reflect\n|\n|-weather|RainDance|[upkeep]\n|upkeep\n|turn|8\n|\n|t:|1700216637\n|-terastallize|p2a: Barraskewda|Water\n|move|p1a: Grimmsnarl|Light Screen|p1a: Grimmsnarl\n|-sidestart|p1: KIOOOOOOOO|move: Light Screen\n|move|p2a: Barraskewda|Flip Turn|p1a: Grimmsnarl\n|-damage|p1a: Grimmsnarl|0 fnt\n|faint|p1a: Grimmsnarl\n|\n|t:|1700216646\n|switch|p2a: Zapdos|Zapdos|100\/100|[from] Flip Turn\n|\n|-weather|none\n|upkeep\n|\n|t:|1700216652\n|switch|p1a: Great Tusk|Great Tusk|100\/100\n|-enditem|p1a: Great Tusk|Booster Energy\n|-activate|p1a: Great Tusk|ability: Protosynthesis|[fromitem]\n|-start|p1a: Great Tusk|protosynthesisspe\n|turn|9\n|inactive|Amber-acid has 120 seconds left.\n|\n|t:|1700216682\n|move|p1a: Great Tusk|Bulk Up|p1a: Great Tusk\n|-boost|p1a: Great Tusk|atk|1\n|-boost|p1a: Great Tusk|def|1\n|move|p2a: Zapdos|Defog|p1a: Great Tusk\n|-unboost|p1a: Great Tusk|evasion|1\n|-sideend|p1: KIOOOOOOOO|Reflect\n|-sideend|p1: KIOOOOOOOO|move: Light Screen\n|\n|upkeep\n|turn|10\n|inactive|Amber-acid has 120 seconds left.\n|\n|t:|1700216699\n|switch|p2a: Pelipper|Pelipper, M|100\/100\n|-weather|RainDance|[from] ability: Drizzle|[of] p2a: Pelipper\n|move|p1a: Great Tusk|Bulk Up|p1a: Great Tusk\n|-boost|p1a: Great Tusk|atk|1\n|-boost|p1a: Great Tusk|def|1\n|\n|-weather|RainDance|[upkeep]\n|upkeep\n|turn|11\n|\n|t:|1700216713\n|-terastallize|p1a: Great Tusk|Water\n|move|p1a: Great Tusk|Ice Spinner|p2a: Pelipper\n|-damage|p2a: Pelipper|63\/100\n|move|p2a: Pelipper|Hurricane|p1a: Great Tusk\n|-damage|p1a: Great Tusk|61\/100\n|-start|p1a: Great Tusk|confusion\n|\n|-weather|RainDance|[upkeep]\n|upkeep\n|turn|12\n|\n|t:|1700216724\n|-activate|p1a: Great Tusk|confusion\n|move|p1a: Great Tusk|Ice Spinner|p2a: Pelipper\n|-damage|p2a: Pelipper|29\/100\n|move|p2a: Pelipper|U-turn|p1a: Great Tusk\n|-damage|p1a: Great Tusk|57\/100\n|\n|t:|1700216730\n|switch|p2a: Zapdos|Zapdos|100\/100|[from] U-turn\n|\n|-weather|RainDance|[upkeep]\n|upkeep\n|turn|13\n|\n|t:|1700216734\n|-activate|p1a: Great Tusk|confusion\n|move|p1a: Great Tusk|Ice Spinner|p2a: Zapdos\n|-supereffective|p2a: Zapdos\n|-damage|p2a: Zapdos|30\/100\n|-status|p1a: Great Tusk|par|[from] ability: Static|[of] p2a: Zapdos\n|move|p2a: Zapdos|Volt Switch|p1a: Great Tusk\n|-supereffective|p1a: Great Tusk\n|-damage|p1a: Great Tusk|0 fnt\n|faint|p1a: Great Tusk\n|-end|p1a: Great Tusk|Protosynthesis|[silent]\n|\n|t:|1700216744\n|switch|p2a: Barraskewda|Barraskewda, M, shiny, tera:Water|100\/100|[from] Volt Switch\n|\n|-weather|RainDance|[upkeep]\n|upkeep\n|\n|t:|1700216748\n|switch|p1a: Mandibuzz|Mandibuzz, F|80\/100\n|turn|14\n|\n|t:|1700216766\n|move|p2a: Barraskewda|Liquidation|p1a: Mandibuzz\n|-damage|p1a: Mandibuzz|2\/100\n|move|p1a: Mandibuzz|Toxic|p2a: Barraskewda\n|-status|p2a: Barraskewda|tox\n|\n|-weather|RainDance|[upkeep]\n|-heal|p1a: Mandibuzz|8\/100|[from] item: Leftovers\n|-damage|p2a: Barraskewda|95\/100 tox|[from] psn\n|upkeep\n|turn|15\n|\n|t:|1700216774\n|move|p2a: Barraskewda|Liquidation|p1a: Mandibuzz\n|-damage|p1a: Mandibuzz|0 fnt\n|faint|p1a: Mandibuzz\n|\n|-weather|RainDance|[upkeep]\n|-damage|p2a: Barraskewda|83\/100 tox|[from] psn\n|upkeep\n|\n|t:|1700216782\n|switch|p1a: Gallade|Gallade, M|100\/100\n|turn|16\n|\n|t:|1700216786\n|detailschange|p1a: Gallade|Gallade-Mega, M\n|-mega|p1a: Gallade|Gallade|Galladite\n|move|p2a: Barraskewda|Liquidation|p1a: Gallade\n|-damage|p1a: Gallade|0 fnt\n|faint|p1a: Gallade\n|\n|-weather|RainDance|[upkeep]\n|-damage|p2a: Barraskewda|65\/100 tox|[from] psn\n|upkeep\n|-message|KIOOOOOOOO forfeited.\n|\n|win|Amber-acid\n|raw|KIOOOOOOOO's rating: 1314 &rarr; <strong>1296<\/strong><br \/>(-18 for losing)\n|raw|Amber-acid's rating: 1346 &rarr; <strong>1364<\/strong><br \/>(+18 for winning)\n|l|\u2606KIOOOOOOOO\n","uploadtime":1700216796,"views":12,"p1id":"kioooooooo","p2id":"amberacid","formatid":"gen9nationaldex","rating":1296,"private":0,"password":""}