{"id":"gen9nationaldex-1994715449","p1":"wwaaa","p2":"xiada","format":"[Gen 9] National Dex","log":"|html|<div class=\"broadcast-blue\"><strong>[Gen 9] National Dex is currently suspecting Sneasler! For information on how to participate check out the <a href=\"https:\/\/www.smogon.com\/forums\/threads\/sv-national-dex-suspect-8-just-dance.3731534\/\">suspect thread<\/a>.<\/strong><\/div>\n|j|\u2606wwaaa\n|j|\u2606xiada\n|t:|1700484888\n|gametype|singles\n|player|p1|wwaaa|candice|1630\n|player|p2|xiada|101|1712\n|teamsize|p1|6\n|teamsize|p2|6\n|gen|9\n|tier|[Gen 9] National Dex\n|rated|\n|rule|HP Percentage Mod: HP is shown in percentages\n|rule|Endless Battle Clause: Forcing endless battles is banned\n|rule|OHKO Clause: OHKO moves are banned\n|rule|Evasion Clause: Evasion abilities, items, and moves are banned\n|rule|Evasion Abilities Clause: Evasion abilities are banned\n|rule|Evasion Items Clause: Evasion items are banned\n|rule|Evasion Moves Clause: Evasion moves are banned\n|rule|Species Clause: Limit one of each Pok\u00e9mon\n|rule|Sleep Clause Mod: Limit one foe put to sleep\n|clearpoke\n|poke|p1|Weavile, F|\n|poke|p1|Zamazenta-*|\n|poke|p1|Banette, F|\n|poke|p1|Dragonite, F|\n|poke|p1|Slowking-Galar, F|\n|poke|p1|Ferrothorn, F|\n|poke|p2|Hatterene, F|\n|poke|p2|Hoopa-Unbound|\n|poke|p2|Banette, M|\n|poke|p2|Tapu Koko|\n|poke|p2|Serperior, M|\n|poke|p2|Slowbro, M|\n|teampreview\n|\n|t:|1700484897\n|start\n|switch|p1a: Ferrothorn|Ferrothorn, F|100\/100\n|switch|p2a: Tapu Koko|Tapu Koko|100\/100\n|-fieldstart|move: Electric Terrain|[from] ability: Electric Surge|[of] p2a: Tapu Koko\n|turn|1\n|\n|t:|1700484908\n|move|p2a: Tapu Koko|Volt Switch|p1a: Ferrothorn\n|-resisted|p1a: Ferrothorn\n|-damage|p1a: Ferrothorn|82\/100\n|\n|t:|1700484910\n|switch|p2a: Hatterene|Hatterene, F|100\/100|[from] Volt Switch\n|move|p1a: Ferrothorn|Gyro Ball|p2a: Hatterene\n|-supereffective|p2a: Hatterene\n|-damage|p2a: Hatterene|63\/100\n|\n|-heal|p1a: Ferrothorn|88\/100|[from] item: Leftovers\n|upkeep\n|turn|2\n|\n|t:|1700484919\n|move|p2a: Hatterene|Nuzzle|p1a: Ferrothorn\n|-resisted|p1a: Ferrothorn\n|-damage|p1a: Ferrothorn|86\/100\n|-status|p1a: Ferrothorn|par\n|-damage|p2a: Hatterene|50\/100|[from] ability: Iron Barbs|[of] p1a: Ferrothorn\n|move|p1a: Ferrothorn|Power Whip|p2a: Hatterene\n|-damage|p2a: Hatterene|9\/100\n|\n|-heal|p1a: Ferrothorn|93\/100 par|[from] item: Leftovers\n|upkeep\n|turn|3\n|inactive|Battle timer is ON: inactive players will automatically lose when time's up. (requested by xiada)\n|inactive|wwaaa has 120 seconds left.\n|inactive|wwaaa has 90 seconds left.\n|\n|t:|1700485014\n|move|p2a: Hatterene|Mystical Fire|p1a: Ferrothorn\n|-supereffective|p1a: Ferrothorn\n|-damage|p1a: Ferrothorn|7\/100 par\n|-unboost|p1a: Ferrothorn|spa|1\n|move|p1a: Ferrothorn|Stealth Rock|p2a: Hatterene\n|move|p2a: Hatterene|Stealth Rock|p1a: Ferrothorn|[from]ability: Magic Bounce\n|-sidestart|p1: wwaaa|move: Stealth Rock\n|\n|-heal|p1a: Ferrothorn|14\/100 par|[from] item: Leftovers\n|upkeep\n|turn|4\n|\n|t:|1700485039\n|move|p2a: Hatterene|Mystical Fire|p1a: Ferrothorn\n|-supereffective|p1a: Ferrothorn\n|-damage|p1a: Ferrothorn|0 fnt\n|faint|p1a: Ferrothorn\n|\n|upkeep\n|\n|t:|1700485050\n|switch|p1a: Banette|Banette, F|100\/100\n|-damage|p1a: Banette|88\/100|[from] Stealth Rock\n|-item|p2a: Hatterene|Assault Vest|[from] ability: Frisk|[of] p1a: Banette|[identify]\n|turn|5\n|\n|t:|1700485066\n|detailschange|p1a: Banette|Banette-Mega, F\n|-mega|p1a: Banette|Banette|Banettite\n|move|p1a: Banette|Poltergeist|p2a: Hatterene\n|-activate|p2a: Hatterene|move: Poltergeist|Assault Vest\n|-supereffective|p2a: Hatterene\n|-damage|p2a: Hatterene|0 fnt\n|faint|p2a: Hatterene\n|\n|-fieldend|move: Electric Terrain\n|upkeep\n|inactive|xiada has 120 seconds left.\n|\n|t:|1700485092\n|switch|p2a: Serperior|Serperior, M, shiny|100\/100\n|turn|6\n|\n|t:|1700485097\n|move|p2a: Serperior|Leaf Storm|p1a: Banette|[miss]\n|-miss|p2a: Serperior|p1a: Banette\n|move|p1a: Banette|Poltergeist|p2a: Serperior\n|-activate|p2a: Serperior|move: Poltergeist|Leftovers\n|-damage|p2a: Serperior|21\/100\n|\n|-heal|p2a: Serperior|27\/100|[from] item: Leftovers\n|upkeep\n|turn|7\n|\n|t:|1700485100\n|move|p1a: Banette|Shadow Sneak|p2a: Serperior\n|-damage|p2a: Serperior|0 fnt\n|faint|p2a: Serperior\n|\n|upkeep\n|inactive|xiada has 120 seconds left.\n|\n|t:|1700485117\n|switch|p2a: Banette|Banette, M|100\/100\n|-item|p1a: Banette|Banettite|[from] ability: Frisk|[of] p2a: Banette|[identify]\n|turn|8\n|\n|t:|1700485125\n|switch|p1a: Weavile|Weavile, F|100\/100\n|-ability|p1a: Weavile|Pressure\n|detailschange|p2a: Banette|Banette-Mega, M\n|-mega|p2a: Banette|Banette|Banettite\n|move|p2a: Banette|Destiny Bond|p2a: Banette\n|-singlemove|p2a: Banette|Destiny Bond\n|\n|upkeep\n|turn|9\n|\n|t:|1700485134\n|-activate|p2a: Banette|move: Pursuit\n|move|p1a: Weavile|Pursuit|p2a: Banette|[from]Pursuit\n|-supereffective|p2a: Banette\n|-damage|p2a: Banette|0 fnt\n|faint|p2a: Banette\n|-hint|A Pokemon can't switch between when it runs out of HP and when it faints\n|\n|upkeep\n|\n|t:|1700485148\n|switch|p2a: Tapu Koko|Tapu Koko|100\/100\n|-fieldstart|move: Electric Terrain|[from] ability: Electric Surge|[of] p2a: Tapu Koko\n|turn|10\n|\n|t:|1700485153\n|switch|p1a: Slowking|Slowking-Galar, F|100\/100\n|move|p2a: Tapu Koko|Volt Switch|p1a: Slowking\n|-damage|p1a: Slowking|69\/100\n|inactive|xiada has 120 seconds left.\n|\n|t:|1700485185\n|switch|p2a: Hoopa|Hoopa-Unbound|100\/100|[from] Volt Switch\n|\n|upkeep\n|turn|11\n|\n|t:|1700485189\n|move|p2a: Hoopa|Hyperspace Fury|p1a: Slowking\n|-supereffective|p1a: Slowking\n|-damage|p1a: Slowking|0 fnt\n|-unboost|p2a: Hoopa|def|1\n|faint|p1a: Slowking\n|\n|upkeep\n|\n|t:|1700485194\n|switch|p1a: Weavile|Weavile, F|100\/100\n|-ability|p1a: Weavile|Pressure\n|turn|12\n|\n|t:|1700485210\n|move|p1a: Weavile|Knock Off|p2a: Hoopa\n|-damage|p2a: Hoopa|0 fnt\n|-enditem|p2a: Hoopa|Choice Band|[from] move: Knock Off|[of] p1a: Weavile\n|faint|p2a: Hoopa\n|\n|upkeep\n|\n|t:|1700485213\n|switch|p2a: Tapu Koko|Tapu Koko|100\/100\n|turn|13\n|\n|t:|1700485230\n|switch|p1a: Dragonite|Dragonite, F|100\/100\n|move|p2a: Tapu Koko|Thunderbolt|p1a: Dragonite\n|-damage|p1a: Dragonite|60\/100\n|\n|upkeep\n|turn|14\n|j| NDSNEZTees\n|l| NDSNEZTees\n|\n|t:|1700485242\n|switch|p2a: Slowbro|Slowbro, M|100\/100\n|move|p1a: Dragonite|Extreme Speed|p2a: Slowbro\n|-damage|p2a: Slowbro|81\/100\n|-damage|p1a: Dragonite|43\/100|[from] item: Rocky Helmet|[of] p2a: Slowbro\n|\n|-fieldend|move: Electric Terrain\n|upkeep\n|turn|15\n|\n|t:|1700485248\n|move|p1a: Dragonite|Roost|p1a: Dragonite\n|-heal|p1a: Dragonite|93\/100\n|-singleturn|p1a: Dragonite|move: Roost\n|move|p2a: Slowbro|Future Sight|p1a: Dragonite\n|-start|p2a: Slowbro|move: Future Sight\n|\n|upkeep\n|turn|16\n|\n|t:|1700485255\n|move|p1a: Dragonite|Dragon Dance|p1a: Dragonite\n|-boost|p1a: Dragonite|atk|1\n|-boost|p1a: Dragonite|spe|1\n|move|p2a: Slowbro|Teleport|p2a: Slowbro\n|\n|t:|1700485279\n|switch|p2a: Tapu Koko|Tapu Koko|100\/100|[from] Teleport\n|-fieldstart|move: Electric Terrain|[from] ability: Electric Surge|[of] p2a: Tapu Koko\n|\n|upkeep\n|turn|17\n|\n|t:|1700485285\n|switch|p1a: Weavile|Weavile, F|100\/100\n|-ability|p1a: Weavile|Pressure\n|move|p2a: Tapu Koko|Hidden Power|p1a: Weavile\n|-resisted|p1a: Weavile\n|-damage|p1a: Weavile|83\/100\n|\n|-end|p1a: Weavile|move: Future Sight\n|-immune|p1a: Weavile\n|upkeep\n|turn|18\n|\n|t:|1700485297\n|switch|p2a: Slowbro|Slowbro, M|100\/100\n|move|p1a: Weavile|Knock Off|p2a: Slowbro\n|-supereffective|p2a: Slowbro\n|-damage|p2a: Slowbro|47\/100\n|-damage|p1a: Weavile|67\/100|[from] item: Rocky Helmet|[of] p2a: Slowbro\n|-enditem|p2a: Slowbro|Rocky Helmet|[from] move: Knock Off|[of] p1a: Weavile\n|\n|upkeep\n|turn|19\n|\n|t:|1700485312\n|switch|p1a: Banette|Banette-Mega, F|88\/100\n|-damage|p1a: Banette|76\/100|[from] Stealth Rock\n|-terastallize|p2a: Slowbro|Fairy\n|move|p2a: Slowbro|Teleport|p2a: Slowbro\n|\n|t:|1700485316\n|switch|p2a: Tapu Koko|Tapu Koko|100\/100|[from] Teleport\n|\n|upkeep\n|turn|20\n|\n|t:|1700485319\n|move|p1a: Banette|Destiny Bond|p1a: Banette\n|-singlemove|p1a: Banette|Destiny Bond\n|move|p2a: Tapu Koko|Volt Switch|p1a: Banette\n|-damage|p1a: Banette|0 fnt\n|faint|p1a: Banette\n|-activate|p1a: Banette|move: Destiny Bond\n|faint|p2a: Tapu Koko\n|\n|-fieldend|move: Electric Terrain\n|upkeep\n|\n|t:|1700485340\n|switch|p2a: Slowbro|Slowbro, M, tera:Fairy|80\/100\n|switch|p1a: Weavile|Weavile, F|67\/100\n|-ability|p1a: Weavile|Pressure\n|turn|21\n|\n|t:|1700485343\n|move|p1a: Weavile|Triple Axel|p2a: Slowbro\n|-damage|p2a: Slowbro|73\/100\n|-damage|p2a: Slowbro|61\/100\n|-damage|p2a: Slowbro|44\/100\n|-hitcount|p2a: Slowbro|3\n|move|p2a: Slowbro|Scald|p1a: Weavile\n|-damage|p1a: Weavile|31\/100\n|\n|upkeep\n|turn|22\n|\n|t:|1700485350\n|move|p1a: Weavile|Triple Axel|p2a: Slowbro\n|-damage|p2a: Slowbro|39\/100\n|-damage|p2a: Slowbro|27\/100\n|-damage|p2a: Slowbro|9\/100\n|-hitcount|p2a: Slowbro|3\n|move|p2a: Slowbro|Scald|p1a: Weavile\n|-damage|p1a: Weavile|0 fnt\n|faint|p1a: Weavile\n|\n|upkeep\n|\n|t:|1700485354\n|switch|p1a: Zamazenta|Zamazenta|100\/100\n|-damage|p1a: Zamazenta|94\/100|[from] Stealth Rock\n|-ability|p1a: Zamazenta|Dauntless Shield|boost\n|-boost|p1a: Zamazenta|def|1\n|turn|23\n|\n|t:|1700485359\n|-terastallize|p1a: Zamazenta|Steel\n|move|p1a: Zamazenta|Heavy Slam|p2a: Slowbro\n|-supereffective|p2a: Slowbro\n|-damage|p2a: Slowbro|0 fnt\n|faint|p2a: Slowbro\n|\n|win|wwaaa\n|raw|wwaaa's rating: 1630 &rarr; <strong>1655<\/strong><br \/>(+25 for winning)\n|raw|xiada's rating: 1712 &rarr; <strong>1687<\/strong><br \/>(-25 for losing)\n|l|\u2606xiada\n","uploadtime":1700485378,"views":2,"p1id":"wwaaa","p2id":"xiada","formatid":"gen9nationaldex","rating":1655,"private":0,"password":""}