{"id":"gen9nationaldex-1998741296","p1":"The Gambit King","p2":"Hyuhao\u60f3\u8981\u5929\u6069","format":"[Gen 9] National Dex","log":"|html|<div class=\"broadcast-blue\"><strong>[Gen 9] National Dex is currently suspecting Sneasler! For information on how to participate check out the <a href=\"https:\/\/www.smogon.com\/forums\/threads\/sv-national-dex-suspect-8-just-dance.3731534\/\">suspect thread<\/a>.<\/strong><\/div>\n|j|\u2606The Gambit King\n|j|\u2606Hyuhao\u60f3\u8981\u5929\u6069\n|t:|1700981359\n|gametype|singles\n|player|p1|The Gambit King|ghetsis|1392\n|player|p2|Hyuhao\u60f3\u8981\u5929\u6069|mira|1322\n|teamsize|p1|6\n|teamsize|p2|6\n|gen|9\n|tier|[Gen 9] National Dex\n|rated|\n|rule|HP Percentage Mod: HP is shown in percentages\n|rule|Endless Battle Clause: Forcing endless battles is banned\n|rule|OHKO Clause: OHKO moves are banned\n|rule|Evasion Clause: Evasion abilities, items, and moves are banned\n|rule|Evasion Abilities Clause: Evasion abilities are banned\n|rule|Evasion Items Clause: Evasion items are banned\n|rule|Evasion Moves Clause: Evasion moves are banned\n|rule|Species Clause: Limit one of each Pok\u00e9mon\n|rule|Sleep Clause Mod: Limit one foe put to sleep\n|clearpoke\n|poke|p1|Inteleon, M|\n|poke|p1|Cinderace, M|\n|poke|p1|Rillaboom, M|\n|poke|p1|Charizard, F|\n|poke|p1|Mr. Rime, M|\n|poke|p1|Kommo-o, M|\n|poke|p2|Blastoise, M|\n|poke|p2|Feraligatr, M|\n|poke|p2|Swampert, M|\n|poke|p2|Empoleon, M|\n|poke|p2|Greninja-*, M|\n|poke|p2|Primarina, M|\n|teampreview\n|\n|t:|1700981372\n|start\n|switch|p1a: Inteleon|Inteleon, M|100\/100\n|switch|p2a: \u795e\u5965|Empoleon, M, shiny|100\/100\n|turn|1\n|\n|t:|1700981374\n|move|p1a: Inteleon|Focus Energy|p1a: Inteleon\n|-start|p1a: Inteleon|move: Focus Energy\n|move|p2a: \u795e\u5965|Stealth Rock|p1a: Inteleon\n|-sidestart|p1: The Gambit King|move: Stealth Rock\n|\n|upkeep\n|turn|2\n|\n|t:|1700981377\n|move|p1a: Inteleon|Dark Pulse|p2a: \u795e\u5965\n|-crit|p2a: \u795e\u5965\n|-damage|p2a: \u795e\u5965|46\/100\n|move|p2a: \u795e\u5965|Yawn|p1a: Inteleon\n|-start|p1a: Inteleon|move: Yawn|[of] p2a: \u795e\u5965\n|\n|upkeep\n|turn|3\n|\n|t:|1700981383\n|move|p1a: Inteleon|Dark Pulse|p2a: \u795e\u5965\n|-crit|p2a: \u795e\u5965\n|-damage|p2a: \u795e\u5965|0 fnt\n|faint|p2a: \u795e\u5965\n|\n|-end|p1a: Inteleon|move: Yawn|[silent]\n|-status|p1a: Inteleon|slp\n|upkeep\n|\n|t:|1700981392\n|switch|p2a: \u6210\u90fd|Feraligatr, M, shiny|100\/100\n|turn|4\n|\n|t:|1700981396\n|cant|p1a: Inteleon|slp\n|move|p2a: \u6210\u90fd|Dragon Dance|p2a: \u6210\u90fd\n|-boost|p2a: \u6210\u90fd|atk|1\n|-boost|p2a: \u6210\u90fd|spe|1\n|\n|upkeep\n|turn|5\n|\n|t:|1700981401\n|move|p2a: \u6210\u90fd|Dragon Dance|p2a: \u6210\u90fd\n|-boost|p2a: \u6210\u90fd|atk|1\n|-boost|p2a: \u6210\u90fd|spe|1\n|cant|p1a: Inteleon|slp\n|\n|upkeep\n|turn|6\n|\n|t:|1700981405\n|move|p2a: \u6210\u90fd|Liquidation|p1a: Inteleon\n|-resisted|p1a: Inteleon\n|-damage|p1a: Inteleon|0 fnt\n|faint|p1a: Inteleon\n|\n|upkeep\n|\n|t:|1700981415\n|switch|p1a: Mr. Rime|Mr. Rime, M|100\/100\n|turn|7\n|\n|t:|1700981420\n|move|p2a: \u6210\u90fd|Liquidation|p1a: Mr. Rime\n|-damage|p1a: Mr. Rime|0 fnt\n|faint|p1a: Mr. Rime\n|\n|upkeep\n|\n|t:|1700981424\n|switch|p1a: Rillaboom|Rillaboom, M|100\/100\n|-damage|p1a: Rillaboom|88\/100|[from] Stealth Rock\n|-fieldstart|move: Grassy Terrain|[from] ability: Grassy Surge|[of] p1a: Rillaboom\n|turn|8\n|\n|t:|1700981429\n|-terastallize|p2a: \u6210\u90fd|Steel\n|-terastallize|p1a: Rillaboom|Grass\n|move|p1a: Rillaboom|Grassy Glide|p2a: \u6210\u90fd\n|-resisted|p2a: \u6210\u90fd\n|-damage|p2a: \u6210\u90fd|63\/100\n|-damage|p1a: Rillaboom|78\/100|[from] item: Life Orb\n|move|p2a: \u6210\u90fd|Ice Punch|p1a: Rillaboom\n|-supereffective|p1a: Rillaboom\n|-damage|p1a: Rillaboom|0 fnt\n|faint|p1a: Rillaboom\n|\n|-heal|p2a: \u6210\u90fd|69\/100|[from] Grassy Terrain\n|upkeep\n|\n|t:|1700981440\n|switch|p1a: Kommo-o|Kommo-o, M|100\/100\n|-damage|p1a: Kommo-o|94\/100|[from] Stealth Rock\n|turn|9\n|\n|t:|1700981443\n|move|p2a: \u6210\u90fd|Ice Punch|p1a: Kommo-o\n|-supereffective|p1a: Kommo-o\n|-damage|p1a: Kommo-o|0 fnt\n|faint|p1a: Kommo-o\n|\n|-heal|p2a: \u6210\u90fd|75\/100|[from] Grassy Terrain\n|upkeep\n|\n|t:|1700981450\n|switch|p1a: Charizard|Charizard, F, shiny|100\/100\n|-damage|p1a: Charizard|51\/100|[from] Stealth Rock\n|turn|10\n|\n|t:|1700981452\n|detailschange|p1a: Charizard|Charizard-Mega-Y, F, shiny\n|-mega|p1a: Charizard|Charizard|Charizardite Y\n|-weather|SunnyDay|[from] ability: Drought|[of] p1a: Charizard\n|move|p2a: \u6210\u90fd|Liquidation|p1a: Charizard\n|-supereffective|p1a: Charizard\n|-damage|p1a: Charizard|0 fnt\n|faint|p1a: Charizard\n|\n|-weather|SunnyDay|[upkeep]\n|-heal|p2a: \u6210\u90fd|81\/100|[from] Grassy Terrain\n|upkeep\n|\n|t:|1700981455\n|switch|p1a: Cinderace|Cinderace, M|100\/100\n|turn|11\n|\n|t:|1700981458\n|move|p2a: \u6210\u90fd|Liquidation|p1a: Cinderace\n|-supereffective|p1a: Cinderace\n|-damage|p1a: Cinderace|0 fnt\n|faint|p1a: Cinderace\n|\n|win|Hyuhao\u60f3\u8981\u5929\u6069\n|raw|The Gambit King's rating: 1392 &rarr; <strong>1368<\/strong><br \/>(-24 for losing)\n|raw|Hyuhao\u60f3\u8981\u5929\u6069's rating: 1322 &rarr; <strong>1346<\/strong><br \/>(+24 for winning)\n|l|\u2606The Gambit King\n","uploadtime":1700981463,"views":12,"p1id":"thegambitking","p2id":"hyuhao","formatid":"gen9nationaldex","rating":1346,"private":0,"password":""}