{"id":"gen9nationaldex-1991854539","p1":"hengqiqi","p2":"backin95","format":"[Gen 9] National Dex","log":"|j|\u2606hengqiqi\n|j|\u2606backin95\n|t:|1700128915\n|gametype|singles\n|player|p1|hengqiqi|nemona-s|1360\n|player|p2|backin95|clair|1348\n|teamsize|p1|6\n|teamsize|p2|6\n|gen|9\n|tier|[Gen 9] National Dex\n|rated|\n|rule|HP Percentage Mod: HP is shown in percentages\n|rule|Endless Battle Clause: Forcing endless battles is banned\n|rule|OHKO Clause: OHKO moves are banned\n|rule|Evasion Clause: Evasion abilities, items, and moves are banned\n|rule|Evasion Abilities Clause: Evasion abilities are banned\n|rule|Evasion Items Clause: Evasion items are banned\n|rule|Evasion Moves Clause: Evasion moves are banned\n|rule|Species Clause: Limit one of each Pok\u00e9mon\n|rule|Sleep Clause Mod: Limit one foe put to sleep\n|clearpoke\n|poke|p1|Landorus-Therian, M|\n|poke|p1|Weavile, F|\n|poke|p1|Zamazenta-*|\n|poke|p1|Iron Valiant|\n|poke|p1|Kartana|\n|poke|p1|Hoopa-Unbound|\n|poke|p2|Samurott-Hisui, F|\n|poke|p2|Excadrill, F|\n|poke|p2|Iron Valiant|\n|poke|p2|Tapu Koko|\n|poke|p2|Charizard, F|\n|poke|p2|Corviknight, F|\n|teampreview\n|inactive|Battle timer is ON: inactive players will automatically lose when time's up. (requested by hengqiqi)\n|\n|t:|1700128925\n|start\n|switch|p1a: Weavile|Weavile, F|100\/100\n|switch|p2a: Tapu Koko|Tapu Koko|100\/100\n|-fieldstart|move: Electric Terrain|[from] ability: Electric Surge|[of] p2a: Tapu Koko\n|-ability|p1a: Weavile|Pressure\n|turn|1\n|\n|t:|1700128939\n|move|p2a: Tapu Koko|U-turn|p1a: Weavile\n|-supereffective|p1a: Weavile\n|-damage|p1a: Weavile|39\/100\n|\n|t:|1700128945\n|switch|p2a: Corviknight|Corviknight, F, shiny|100\/100|[from] U-turn\n|move|p1a: Weavile|Beat Up|p2a: Corviknight\n|-damage|p2a: Corviknight|93\/100\n|-damage|p2a: Corviknight|85\/100\n|-damage|p2a: Corviknight|77\/100\n|-damage|p2a: Corviknight|70\/100\n|-damage|p2a: Corviknight|60\/100\n|-damage|p2a: Corviknight|51\/100\n|-hitcount|p2a: Corviknight|6\n|\n|upkeep\n|turn|2\n|\n|t:|1700128966\n|move|p1a: Weavile|Beat Up|p2a: Corviknight\n|-damage|p2a: Corviknight|43\/100\n|-damage|p2a: Corviknight|35\/100\n|-damage|p2a: Corviknight|27\/100\n|-damage|p2a: Corviknight|18\/100\n|-crit|p2a: Corviknight\n|-damage|p2a: Corviknight|3\/100\n|-damage|p2a: Corviknight|0 fnt\n|faint|p2a: Corviknight\n|-hitcount|p2: Corviknight|6\n|\n|upkeep\n|inactive|backin95 has 120 seconds left.\n|\n|t:|1700128983\n|switch|p2a: Iron Valiant|Iron Valiant|100\/100\n|-activate|p2a: Iron Valiant|ability: Quark Drive\n|-start|p2a: Iron Valiant|quarkdrivespe\n|turn|3\n|\n|t:|1700128989\n|switch|p1a: Landorus|Landorus-Therian, M|100\/100\n|-ability|p1a: Landorus|Intimidate|boost\n|-unboost|p2a: Iron Valiant|atk|1\n|move|p2a: Iron Valiant|Moonblast|p1a: Landorus\n|-damage|p1a: Landorus|55\/100\n|-unboost|p1a: Landorus|spa|1\n|-damage|p2a: Iron Valiant|91\/100|[from] item: Life Orb\n|\n|-heal|p1a: Landorus|61\/100|[from] item: Leftovers\n|upkeep\n|turn|4\n|inactive|backin95 has 120 seconds left.\n|\n|t:|1700129009\n|move|p2a: Iron Valiant|Moonblast|p1a: Landorus\n|-damage|p1a: Landorus|15\/100\n|-unboost|p1a: Landorus|spa|1\n|-damage|p2a: Iron Valiant|81\/100|[from] item: Life Orb\n|move|p1a: Landorus|Stealth Rock|p2a: Iron Valiant\n|-sidestart|p2: backin95|move: Stealth Rock\n|\n|-heal|p1a: Landorus|21\/100|[from] item: Leftovers\n|upkeep\n|turn|5\n|inactive|hengqiqi has 120 seconds left.\n|\n|t:|1700129051\n|move|p2a: Iron Valiant|Moonblast|p1a: Landorus\n|-damage|p1a: Landorus|0 fnt\n|faint|p1a: Landorus\n|-damage|p2a: Iron Valiant|71\/100|[from] item: Life Orb\n|\n|-fieldend|move: Electric Terrain\n|-end|p2a: Iron Valiant|Quark Drive\n|upkeep\n|\n|t:|1700129054\n|switch|p1a: Weavile|Weavile, F|39\/100\n|-ability|p1a: Weavile|Pressure\n|turn|6\n|inactive|hengqiqi has 120 seconds left.\n|\n|t:|1700129066\n|-end|p2a: Iron Valiant|Quark Drive|[silent]\n|switch|p2a: Samurott|Samurott-Hisui, F|100\/100\n|-damage|p2a: Samurott|88\/100|[from] Stealth Rock\n|move|p1a: Weavile|Knock Off|p2a: Samurott\n|-resisted|p2a: Samurott\n|-damage|p2a: Samurott|44\/100\n|-enditem|p2a: Samurott|Choice Scarf|[from] move: Knock Off|[of] p1a: Weavile\n|\n|upkeep\n|turn|7\n|inactive|hengqiqi has 120 seconds left.\n|inactive|backin95 has 120 seconds left.\n|\n|t:|1700129088\n|switch|p2a: Tapu Koko|Tapu Koko|100\/100\n|-damage|p2a: Tapu Koko|88\/100|[from] Stealth Rock\n|-fieldstart|move: Electric Terrain|[from] ability: Electric Surge|[of] p2a: Tapu Koko\n|move|p1a: Weavile|Knock Off|p2a: Tapu Koko\n|-resisted|p2a: Tapu Koko\n|-damage|p2a: Tapu Koko|54\/100\n|\n|upkeep\n|turn|8\n|\n|t:|1700129091\n|move|p2a: Tapu Koko|Volt Switch|p1a: Weavile\n|-damage|p1a: Weavile|0 fnt\n|faint|p1a: Weavile\n|\n|t:|1700129099\n|switch|p2a: Iron Valiant|Iron Valiant|71\/100|[from] Volt Switch\n|-damage|p2a: Iron Valiant|65\/100|[from] Stealth Rock\n|-activate|p2a: Iron Valiant|ability: Quark Drive\n|-start|p2a: Iron Valiant|quarkdrivespe\n|\n|upkeep\n|\n|t:|1700129104\n|switch|p1a: Iron Valiant|Iron Valiant|100\/100\n|-activate|p1a: Iron Valiant|ability: Quark Drive\n|-start|p1a: Iron Valiant|quarkdrivespe\n|turn|9\n|\n|t:|1700129130\n|-terastallize|p2a: Iron Valiant|Steel\n|move|p1a: Iron Valiant|Moonblast|p2a: Iron Valiant\n|-resisted|p2a: Iron Valiant\n|-damage|p2a: Iron Valiant|24\/100\n|move|p2a: Iron Valiant|Moonblast|p1a: Iron Valiant\n|-supereffective|p1a: Iron Valiant\n|-damage|p1a: Iron Valiant|0 fnt\n|faint|p1a: Iron Valiant\n|-end|p1a: Iron Valiant|Quark Drive|[silent]\n|-damage|p2a: Iron Valiant|14\/100|[from] item: Life Orb\n|\n|upkeep\n|\n|t:|1700129139\n|switch|p1a: Hoopa|Hoopa-Unbound|100\/100\n|turn|10\n|\n|t:|1700129146\n|-terastallize|p1a: Hoopa|Steel\n|move|p2a: Iron Valiant|Moonblast|p1a: Hoopa\n|-resisted|p1a: Hoopa\n|-damage|p1a: Hoopa|73\/100\n|-unboost|p1a: Hoopa|spa|1\n|-damage|p2a: Iron Valiant|4\/100|[from] item: Life Orb\n|move|p1a: Hoopa|Drain Punch|p2a: Iron Valiant\n|-supereffective|p2a: Iron Valiant\n|-damage|p2a: Iron Valiant|0 fnt\n|-heal|p1a: Hoopa|75\/100|[from] drain|[of] p2a: Iron Valiant\n|faint|p2a: Iron Valiant\n|-end|p2a: Iron Valiant|Quark Drive|[silent]\n|-damage|p1a: Hoopa|65\/100|[from] item: Life Orb\n|\n|upkeep\n|\n|t:|1700129174\n|switch|p2a: Excadrill|Excadrill, F|100\/100\n|-damage|p2a: Excadrill|97\/100|[from] Stealth Rock\n|-ability|p2a: Excadrill|Mold Breaker\n|turn|11\n|\n|t:|1700129176\n|move|p1a: Hoopa|Drain Punch|p2a: Excadrill\n|-supereffective|p2a: Excadrill\n|-damage|p2a: Excadrill|18\/100\n|-heal|p1a: Hoopa|100\/100|[from] drain|[of] p2a: Excadrill\n|-damage|p1a: Hoopa|91\/100|[from] item: Life Orb\n|move|p2a: Excadrill|Rapid Spin|p1a: Hoopa\n|-resisted|p1a: Hoopa\n|-damage|p1a: Hoopa|76\/100\n|-boost|p2a: Excadrill|spe|1\n|-sideend|p2: backin95|Stealth Rock|[from] move: Rapid Spin|[of] p2a: Excadrill\n|\n|-heal|p2a: Excadrill|25\/100|[from] item: Leftovers\n|-fieldend|move: Electric Terrain\n|upkeep\n|turn|12\n|\n|t:|1700129182\n|move|p2a: Excadrill|Earthquake|p1a: Hoopa\n|-supereffective|p1a: Hoopa\n|-damage|p1a: Hoopa|0 fnt\n|faint|p1a: Hoopa\n|\n|-heal|p2a: Excadrill|31\/100|[from] item: Leftovers\n|upkeep\n|\n|t:|1700129194\n|switch|p1a: Kartana|Kartana|100\/100\n|turn|13\n|\n|t:|1700129220\n|move|p1a: Kartana|Smart Strike|p2a: Excadrill\n|-resisted|p2a: Excadrill\n|-damage|p2a: Excadrill|3\/100\n|move|p2a: Excadrill|Earthquake|p1a: Kartana\n|-damage|p1a: Kartana|50\/100\n|\n|-heal|p2a: Excadrill|9\/100|[from] item: Leftovers\n|upkeep\n|turn|14\n|\n|t:|1700129227\n|switch|p2a: Charizard|Charizard, F|100\/100\n|move|p1a: Kartana|Smart Strike|p2a: Charizard\n|-resisted|p2a: Charizard\n|-damage|p2a: Charizard|67\/100\n|\n|upkeep\n|turn|15\n|\n|t:|1700129234\n|detailschange|p2a: Charizard|Charizard-Mega-X, F\n|-mega|p2a: Charizard|Charizard|Charizardite X\n|move|p1a: Kartana|Smart Strike|p2a: Charizard\n|-resisted|p2a: Charizard\n|-damage|p2a: Charizard|41\/100\n|move|p2a: Charizard|Dragon Dance|p2a: Charizard\n|-boost|p2a: Charizard|atk|1\n|-boost|p2a: Charizard|spe|1\n|\n|upkeep\n|turn|16\n|\n|t:|1700129241\n|move|p1a: Kartana|Smart Strike|p2a: Charizard\n|-resisted|p2a: Charizard\n|-damage|p2a: Charizard|18\/100\n|move|p2a: Charizard|Roost|p2a: Charizard\n|-heal|p2a: Charizard|68\/100\n|-singleturn|p2a: Charizard|move: Roost\n|\n|upkeep\n|turn|17\n|\n|t:|1700129250\n|switch|p1a: Zamazenta|Zamazenta, shiny|100\/100\n|-ability|p1a: Zamazenta|Dauntless Shield|boost\n|-boost|p1a: Zamazenta|def|1\n|move|p2a: Charizard|Flare Blitz|p1a: Zamazenta\n|-damage|p1a: Zamazenta|39\/100\n|-damage|p2a: Charizard|42\/100|[from] Recoil\n|\n|-heal|p1a: Zamazenta|45\/100|[from] item: Leftovers\n|upkeep\n|turn|18\n|\n|t:|1700129262\n|move|p2a: Charizard|Flare Blitz|p1a: Zamazenta\n|-damage|p1a: Zamazenta|0 fnt\n|faint|p1a: Zamazenta\n|-damage|p2a: Charizard|22\/100|[from] Recoil\n|\n|upkeep\n|\n|t:|1700129265\n|switch|p1a: Kartana|Kartana|50\/100\n|turn|19\n|\n|t:|1700129281\n|move|p1a: Kartana|Sacred Sword|p2a: Charizard\n|-damage|p2a: Charizard|0 fnt\n|faint|p2a: Charizard\n|-ability|p1a: Kartana|Beast Boost|boost\n|-boost|p1a: Kartana|atk|1\n|\n|upkeep\n|\n|t:|1700129291\n|switch|p2a: Samurott|Samurott-Hisui, F|44\/100\n|turn|20\n|\n|t:|1700129293\n|move|p2a: Samurott|Sucker Punch|p1a: Kartana\n|-damage|p1a: Kartana|18\/100\n|move|p1a: Kartana|Sacred Sword|p2a: Samurott\n|-supereffective|p2a: Samurott\n|-damage|p2a: Samurott|0 fnt\n|faint|p2a: Samurott\n|-ability|p1a: Kartana|Beast Boost|boost\n|-boost|p1a: Kartana|atk|1\n|\n|upkeep\n|-message|backin95 forfeited.\n|\n|win|hengqiqi\n|raw|hengqiqi's rating: 1360 &rarr; <strong>1379<\/strong><br \/>(+19 for winning)\n|raw|backin95's rating: 1348 &rarr; <strong>1329<\/strong><br \/>(-19 for losing)\n|l|\u2606backin95\n","uploadtime":1700129304,"views":5,"p1id":"hengqiqi","p2id":"backin95","formatid":"gen9nationaldex","rating":1329,"private":0,"password":""}