{"id":"gen9nationaldex-1991698996","p1":"Magig64","p2":"hackilla15","format":"[Gen 9] National Dex","log":"|j|\u2606Magig64\n|j|\u2606hackilla15\n|t:|1700104080\n|gametype|singles\n|player|p1|Magig64|barry|1143\n|player|p2|hackilla15|ethan|1196\n|teamsize|p1|6\n|teamsize|p2|6\n|gen|9\n|tier|[Gen 9] National Dex\n|rated|\n|rule|HP Percentage Mod: HP is shown in percentages\n|rule|Endless Battle Clause: Forcing endless battles is banned\n|rule|OHKO Clause: OHKO moves are banned\n|rule|Evasion Clause: Evasion abilities, items, and moves are banned\n|rule|Evasion Abilities Clause: Evasion abilities are banned\n|rule|Evasion Items Clause: Evasion items are banned\n|rule|Evasion Moves Clause: Evasion moves are banned\n|rule|Species Clause: Limit one of each Pok\u00e9mon\n|rule|Sleep Clause Mod: Limit one foe put to sleep\n|clearpoke\n|poke|p1|Samurott-Hisui, F|\n|poke|p1|Beedrill, F|\n|poke|p1|Lilligant-Hisui, F|\n|poke|p1|Marowak-Alola, F|\n|poke|p1|Boltund, M|\n|poke|p1|Klefki, M|\n|poke|p2|Hitmontop, M|\n|poke|p2|Garganacl, M|\n|poke|p2|Volcarona, F|\n|poke|p2|Ribombee, F|\n|poke|p2|Venusaur, M|\n|poke|p2|Krookodile, M|\n|teampreview\n|\n|t:|1700104084\n|start\n|switch|p1a: Klefki|Klefki, M|100\/100\n|switch|p2a: Ribombee|Ribombee, F, shiny|100\/100\n|turn|1\n|\n|t:|1700104099\n|move|p1a: Klefki|Light Screen|p1a: Klefki\n|-sidestart|p1: Magig64|move: Light Screen\n|move|p2a: Ribombee|Stun Spore|p1a: Klefki\n|-status|p1a: Klefki|par\n|\n|upkeep\n|turn|2\n|\n|t:|1700104105\n|move|p1a: Klefki|Reflect|p1a: Klefki\n|-sidestart|p1: Magig64|Reflect\n|move|p2a: Ribombee|Sticky Web|p1a: Klefki\n|-sidestart|p1: Magig64|move: Sticky Web\n|\n|upkeep\n|turn|3\n|\n|t:|1700104112\n|move|p1a: Klefki|Protect|p1a: Klefki\n|-singleturn|p1a: Klefki|Protect\n|move|p2a: Ribombee|Quiver Dance|p2a: Ribombee\n|-boost|p2a: Ribombee|spa|1\n|-boost|p2a: Ribombee|spd|1\n|-boost|p2a: Ribombee|spe|1\n|\n|upkeep\n|turn|4\n|\n|t:|1700104120\n|move|p1a: Klefki|Toxic|p2a: Ribombee\n|-status|p2a: Ribombee|tox\n|move|p2a: Ribombee|Quiver Dance|p2a: Ribombee\n|-boost|p2a: Ribombee|spa|1\n|-boost|p2a: Ribombee|spd|1\n|-boost|p2a: Ribombee|spe|1\n|\n|-damage|p2a: Ribombee|94\/100 tox|[from] psn\n|upkeep\n|turn|5\n|\n|t:|1700104138\n|move|p1a: Klefki|Protect|p1a: Klefki\n|-singleturn|p1a: Klefki|Protect\n|move|p2a: Ribombee|Quiver Dance|p2a: Ribombee\n|-boost|p2a: Ribombee|spa|1\n|-boost|p2a: Ribombee|spd|1\n|-boost|p2a: Ribombee|spe|1\n|\n|-damage|p2a: Ribombee|82\/100 tox|[from] psn\n|upkeep\n|turn|6\n|\n|t:|1700104150\n|cant|p1a: Klefki|par\n|move|p2a: Ribombee|Quiver Dance|p2a: Ribombee\n|-boost|p2a: Ribombee|spa|1\n|-boost|p2a: Ribombee|spd|1\n|-boost|p2a: Ribombee|spe|1\n|\n|-damage|p2a: Ribombee|63\/100 tox|[from] psn\n|upkeep\n|turn|7\n|\n|t:|1700104162\n|cant|p1a: Klefki|par\n|move|p2a: Ribombee|Quiver Dance|p2a: Ribombee\n|-boost|p2a: Ribombee|spa|1\n|-boost|p2a: Ribombee|spd|1\n|-boost|p2a: Ribombee|spe|1\n|\n|-damage|p2a: Ribombee|38\/100 tox|[from] psn\n|upkeep\n|turn|8\n|\n|t:|1700104171\n|cant|p1a: Klefki|par\n|move|p2a: Ribombee|Quiver Dance|p2a: Ribombee\n|-boost|p2a: Ribombee|spa|1\n|-boost|p2a: Ribombee|spd|1\n|-boost|p2a: Ribombee|spe|1\n|\n|-damage|p2a: Ribombee|7\/100 tox|[from] psn\n|-sideend|p1: Magig64|move: Light Screen\n|upkeep\n|turn|9\n|\n|t:|1700104180\n|move|p1a: Klefki|Protect|p1a: Klefki\n|-singleturn|p1a: Klefki|Protect\n|move|p2a: Ribombee|Moonblast|p1a: Klefki\n|-activate|p1a: Klefki|move: Protect\n|\n|-damage|p2a: Ribombee|0 fnt|[from] psn\n|faint|p2a: Ribombee\n|-sideend|p1: Magig64|Reflect\n|upkeep\n|\n|t:|1700104186\n|switch|p2a: Venusaur|Venusaur, M, shiny|100\/100\n|turn|10\n|\n|t:|1700104195\n|move|p1a: Klefki|Light Screen|p1a: Klefki\n|-sidestart|p1: Magig64|move: Light Screen\n|move|p2a: Venusaur|Leech Seed|p1a: Klefki\n|-start|p1a: Klefki|move: Leech Seed\n|\n|-damage|p1a: Klefki|88\/100 par|[from] Leech Seed|[of] p2a: Venusaur\n|upkeep\n|turn|11\n|\n|t:|1700104202\n|detailschange|p2a: Venusaur|Venusaur-Mega, M, shiny\n|-mega|p2a: Venusaur|Venusaur|Venusaurite\n|cant|p1a: Klefki|par\n|move|p2a: Venusaur|Earth Power|p1a: Klefki\n|-supereffective|p1a: Klefki\n|-damage|p1a: Klefki|59\/100 par\n|\n|-damage|p1a: Klefki|47\/100 par|[from] Leech Seed|[of] p2a: Venusaur\n|upkeep\n|turn|12\n|\n|t:|1700104213\n|cant|p1a: Klefki|par\n|move|p2a: Venusaur|Earth Power|p1a: Klefki\n|-supereffective|p1a: Klefki\n|-damage|p1a: Klefki|14\/100 par\n|\n|-damage|p1a: Klefki|2\/100 par|[from] Leech Seed|[of] p2a: Venusaur\n|upkeep\n|turn|13\n|\n|t:|1700104221\n|switch|p2a: Volcarona|Volcarona, F, shiny|100\/100\n|move|p1a: Klefki|Reflect|p1a: Klefki\n|-sidestart|p1: Magig64|Reflect\n|\n|-damage|p1a: Klefki|0 fnt|[from] Leech Seed|[of] p2a: Volcarona\n|faint|p1a: Klefki\n|upkeep\n|\n|t:|1700104233\n|switch|p1a: Samurott|Samurott-Hisui, F|100\/100\n|-activate|p1a: Samurott|move: Sticky Web\n|-unboost|p1a: Samurott|spe|1\n|turn|14\n|\n|t:|1700104242\n|-terastallize|p2a: Volcarona|Grass\n|-terastallize|p1a: Samurott|Water\n|move|p2a: Volcarona|Quiver Dance|p2a: Volcarona\n|-boost|p2a: Volcarona|spa|1\n|-boost|p2a: Volcarona|spd|1\n|-boost|p2a: Volcarona|spe|1\n|move|p1a: Samurott|Swords Dance|p1a: Samurott\n|-boost|p1a: Samurott|atk|2\n|\n|upkeep\n|turn|15\n|\n|t:|1700104257\n|move|p1a: Samurott|Sucker Punch||[still]\n|-fail|p1a: Samurott\n|move|p2a: Volcarona|Quiver Dance|p2a: Volcarona\n|-boost|p2a: Volcarona|spa|1\n|-boost|p2a: Volcarona|spd|1\n|-boost|p2a: Volcarona|spe|1\n|\n|upkeep\n|turn|16\n|\n|t:|1700104265\n|move|p2a: Volcarona|Quiver Dance|p2a: Volcarona\n|-boost|p2a: Volcarona|spa|1\n|-boost|p2a: Volcarona|spd|1\n|-boost|p2a: Volcarona|spe|1\n|move|p1a: Samurott|Swords Dance|p1a: Samurott\n|-boost|p1a: Samurott|atk|2\n|\n|upkeep\n|turn|17\n|\n|t:|1700104273\n|move|p1a: Samurott|Sucker Punch|p2a: Volcarona\n|-damage|p2a: Volcarona|0 fnt\n|faint|p2a: Volcarona\n|\n|-sideend|p1: Magig64|move: Light Screen\n|upkeep\n|\n|t:|1700104277\n|switch|p2a: Garganacl|Garganacl, M, shiny|100\/100\n|turn|18\n|\n|t:|1700104285\n|move|p1a: Samurott|Aqua Cutter|p2a: Garganacl\n|-supereffective|p2a: Garganacl\n|-damage|p2a: Garganacl|0 fnt\n|faint|p2a: Garganacl\n|\n|upkeep\n|\n|t:|1700104289\n|switch|p2a: Venusaur|Venusaur-Mega, M, shiny|100\/100\n|turn|19\n|\n|t:|1700104297\n|move|p1a: Samurott|Sucker Punch||[still]\n|-fail|p1a: Samurott\n|move|p2a: Venusaur|Leech Seed|p1a: Samurott\n|-start|p1a: Samurott|move: Leech Seed\n|\n|-damage|p1a: Samurott|88\/100|[from] Leech Seed|[of] p2a: Venusaur\n|upkeep\n|turn|20\n|\n|t:|1700104305\n|switch|p2a: Hitmontop|Hitmontop, M|100\/100\n|-ability|p2a: Hitmontop|Intimidate|boost\n|-unboost|p1a: Samurott|atk|1\n|move|p1a: Samurott|Sucker Punch||[still]\n|-fail|p1a: Samurott\n|\n|-damage|p1a: Samurott|76\/100|[from] Leech Seed|[of] p2a: Hitmontop\n|-sideend|p1: Magig64|Reflect\n|upkeep\n|turn|21\n|\n|t:|1700104319\n|switch|p2a: Venusaur|Venusaur-Mega, M, shiny|100\/100\n|move|p1a: Samurott|Sucker Punch||[still]\n|-fail|p1a: Samurott\n|\n|-damage|p1a: Samurott|63\/100|[from] Leech Seed|[of] p2a: Venusaur\n|upkeep\n|turn|22\n|\n|t:|1700104331\n|move|p2a: Venusaur|Giga Drain|p1a: Samurott\n|-supereffective|p1a: Samurott\n|-damage|p1a: Samurott|0 fnt\n|faint|p1a: Samurott\n|\n|upkeep\n|\n|t:|1700104343\n|switch|p1a: Beedrill|Beedrill, F|100\/100\n|-activate|p1a: Beedrill|move: Sticky Web\n|-unboost|p1a: Beedrill|spe|1\n|turn|23\n|inactive|Battle timer is ON: inactive players will automatically lose when time's up. (requested by hackilla15)\n|\n|t:|1700104350\n|detailschange|p1a: Beedrill|Beedrill-Mega, F\n|-mega|p1a: Beedrill|Beedrill|Beedrillite\n|move|p1a: Beedrill|Swords Dance|p1a: Beedrill\n|-boost|p1a: Beedrill|atk|2\n|move|p2a: Venusaur|Earth Power|p1a: Beedrill\n|-damage|p1a: Beedrill|68\/100\n|\n|upkeep\n|turn|24\n|\n|t:|1700104361\n|move|p1a: Beedrill|Poison Jab|p2a: Venusaur\n|-crit|p2a: Venusaur\n|-damage|p2a: Venusaur|0 fnt\n|faint|p2a: Venusaur\n|\n|upkeep\n|\n|t:|1700104365\n|switch|p2a: Hitmontop|Hitmontop, M|100\/100\n|-ability|p2a: Hitmontop|Intimidate|boost\n|-unboost|p1a: Beedrill|atk|1\n|turn|25\n|\n|t:|1700104375\n|move|p1a: Beedrill|U-turn|p2a: Hitmontop\n|-resisted|p2a: Hitmontop\n|-crit|p2a: Hitmontop\n|-damage|p2a: Hitmontop|43\/100\n|\n|t:|1700104378\n|switch|p1a: Marowak|Marowak-Alola, F|100\/100|[from] U-turn\n|-activate|p1a: Marowak|move: Sticky Web\n|-unboost|p1a: Marowak|spe|1\n|move|p2a: Hitmontop|Mud-Slap|p1a: Marowak\n|-supereffective|p1a: Marowak\n|-damage|p1a: Marowak|95\/100\n|-unboost|p1a: Marowak|accuracy|1\n|\n|upkeep\n|turn|26\n|\n|t:|1700104389\n|move|p2a: Hitmontop|Mud-Slap|p1a: Marowak\n|-supereffective|p1a: Marowak\n|-damage|p1a: Marowak|89\/100\n|-unboost|p1a: Marowak|accuracy|1\n|move|p1a: Marowak|Shadow Bone|p2a: Hitmontop|[miss]\n|-miss|p1a: Marowak|p2a: Hitmontop\n|\n|upkeep\n|turn|27\n|\n|t:|1700104398\n|move|p2a: Hitmontop|Mud-Slap|p1a: Marowak\n|-supereffective|p1a: Marowak\n|-damage|p1a: Marowak|84\/100\n|-unboost|p1a: Marowak|accuracy|1\n|move|p1a: Marowak|Shadow Bone|p2a: Hitmontop\n|-damage|p2a: Hitmontop|0 fnt\n|faint|p2a: Hitmontop\n|\n|upkeep\n|\n|t:|1700104400\n|switch|p2a: Krookodile|Krookodile, M|100\/100\n|turn|28\n|\n|t:|1700104422\n|switch|p1a: Lilligant|Lilligant-Hisui, F, shiny|100\/100\n|-activate|p1a: Lilligant|move: Sticky Web\n|-unboost|p1a: Lilligant|spe|1\n|move|p2a: Krookodile|Hone Claws|p2a: Krookodile\n|-boost|p2a: Krookodile|atk|1\n|-boost|p2a: Krookodile|accuracy|1\n|\n|upkeep\n|turn|29\n|\n|t:|1700104432\n|move|p2a: Krookodile|Scale Shot|p1a: Lilligant\n|-damage|p1a: Lilligant|83\/100\n|-damage|p1a: Lilligant|67\/100\n|-damage|p1a: Lilligant|50\/100\n|-damage|p1a: Lilligant|32\/100\n|-damage|p1a: Lilligant|13\/100\n|-hitcount|p1a: Lilligant|5\n|-unboost|p2a: Krookodile|def|1\n|-boost|p2a: Krookodile|spe|1\n|move|p1a: Lilligant|Victory Dance|p1a: Lilligant\n|-boost|p1a: Lilligant|atk|1\n|-boost|p1a: Lilligant|def|1\n|-boost|p1a: Lilligant|spe|1\n|\n|upkeep\n|turn|30\n|\n|t:|1700104454\n|move|p2a: Krookodile|Scale Shot|p1a: Lilligant\n|-damage|p1a: Lilligant|0 fnt\n|faint|p1a: Lilligant\n|-ability|p2a: Krookodile|Moxie|boost\n|-boost|p2a: Krookodile|atk|1\n|-hitcount|p1: Lilligant|1\n|-unboost|p2a: Krookodile|def|1\n|-boost|p2a: Krookodile|spe|1\n|\n|upkeep\n|inactive|Magig64 has 120 seconds left.\n|\n|t:|1700104476\n|switch|p1a: Boltund|Boltund, M|100\/100\n|-activate|p1a: Boltund|move: Sticky Web\n|-unboost|p1a: Boltund|spe|1\n|turn|31\n|inactive|Magig64 has 120 seconds left.\n|\n|t:|1700104486\n|move|p2a: Krookodile|Earthquake|p1a: Boltund\n|-supereffective|p1a: Boltund\n|-damage|p1a: Boltund|0 fnt\n|faint|p1a: Boltund\n|-ability|p2a: Krookodile|Moxie|boost\n|-boost|p2a: Krookodile|atk|1\n|\n|upkeep\n|inactive|Magig64 has 120 seconds left.\n|\n|t:|1700104493\n|switch|p1a: Beedrill|Beedrill-Mega, F|68\/100\n|-activate|p1a: Beedrill|move: Sticky Web\n|-unboost|p1a: Beedrill|spe|1\n|turn|32\n|\n|t:|1700104500\n|move|p2a: Krookodile|Earthquake|p1a: Beedrill\n|-damage|p1a: Beedrill|0 fnt\n|faint|p1a: Beedrill\n|-ability|p2a: Krookodile|Moxie|boost\n|-boost|p2a: Krookodile|atk|1\n|\n|upkeep\n|inactive|Magig64 has 120 seconds left.\n|c|\u2606Magig64|Damn, Gg\n|\n|t:|1700104515\n|switch|p1a: Marowak|Marowak-Alola, F|84\/100\n|-activate|p1a: Marowak|move: Sticky Web\n|-unboost|p1a: Marowak|spe|1\n|turn|33\n|inactive|Magig64 has 120 seconds left.\n|c|\u2606hackilla15|Gg\n|\n|t:|1700104542\n|move|p2a: Krookodile|Darkest Lariat|p1a: Marowak\n|-supereffective|p1a: Marowak\n|-damage|p1a: Marowak|0 fnt\n|faint|p1a: Marowak\n|\n|win|hackilla15\n|raw|Magig64's rating: 1143 &rarr; <strong>1122<\/strong><br \/>(-21 for losing)\n|raw|hackilla15's rating: 1196 &rarr; <strong>1217<\/strong><br \/>(+21 for winning)\n","uploadtime":1700104550,"views":18,"p1id":"magig64","p2id":"hackilla15","formatid":"gen9nationaldex","rating":1122,"private":0,"password":""}