{"id":"gen9nationaldex-1988343970","p1":"Accelerater01","p2":"hsenb\u59da\u67d0","format":"[Gen 9] National Dex","log":"|j|\u2606Accelerater01\n|j|\u2606hsenb\u59da\u67d0\n|t:|1699711535\n|gametype|singles\n|player|p1|Accelerater01|266|1615\n|player|p2|hsenb\u59da\u67d0|may-contest|1721\n|teamsize|p1|6\n|teamsize|p2|6\n|gen|9\n|tier|[Gen 9] National Dex\n|rated|\n|rule|HP Percentage Mod: HP is shown in percentages\n|rule|Endless Battle Clause: Forcing endless battles is banned\n|rule|OHKO Clause: OHKO moves are banned\n|rule|Evasion Clause: Evasion abilities, items, and moves are banned\n|rule|Evasion Abilities Clause: Evasion abilities are banned\n|rule|Evasion Items Clause: Evasion items are banned\n|rule|Evasion Moves Clause: Evasion moves are banned\n|rule|Species Clause: Limit one of each Pok\u00e9mon\n|rule|Sleep Clause Mod: Limit one foe put to sleep\n|clearpoke\n|poke|p1|Medicham, M|\n|poke|p1|Sandy Shocks|\n|poke|p1|Ceruledge, F|\n|poke|p1|Tapu Fini|\n|poke|p1|Landorus-Therian, M|\n|poke|p1|Hatterene, F|\n|poke|p2|Diancie|\n|poke|p2|Garganacl, M|\n|poke|p2|Arcanine-Hisui, F|\n|poke|p2|Nihilego|\n|poke|p2|Glimmora, F|\n|poke|p2|Kleavor, F|\n|teampreview\n|inactive|Battle timer is ON: inactive players will automatically lose when time's up. (requested by Accelerater01)\n|\n|t:|1699711560\n|start\n|switch|p1a: Landorus|Landorus-Therian, M|100\/100\n|switch|p2a: Kleavor|Kleavor, F|100\/100\n|-ability|p1a: Landorus|Intimidate|boost\n|-unboost|p2a: Kleavor|atk|1\n|turn|1\n|\n|t:|1699711573\n|switch|p2a: Glimmora|Glimmora, F|100\/100\n|move|p1a: Landorus|Knock Off|p2a: Glimmora\n|-damage|p2a: Glimmora|56\/100\n|-activate|p2a: Glimmora|ability: Toxic Debris\n|-sidestart|p1: Accelerater01|move: Toxic Spikes\n|-enditem|p2a: Glimmora|Focus Sash|[from] move: Knock Off|[of] p1a: Landorus\n|\n|upkeep\n|turn|2\n|\n|t:|1699711596\n|move|p1a: Landorus|Earthquake|p2a: Glimmora\n|-supereffective|p2a: Glimmora\n|-damage|p2a: Glimmora|0 fnt\n|-activate|p2a: Glimmora|ability: Toxic Debris\n|-sidestart|p1: Accelerater01|move: Toxic Spikes\n|faint|p2a: Glimmora\n|\n|upkeep\n|\n|t:|1699711623\n|switch|p2a: Kleavor|Kleavor, F|100\/100\n|turn|3\n|\n|t:|1699711631\n|move|p2a: Kleavor|Stone Axe|p1a: Landorus\n|-damage|p1a: Landorus|42\/100\n|-sidestart|p1: Accelerater01|move: Stealth Rock\n|-zpower|p1a: Landorus\n|move|p1a: Landorus|Supersonic Skystrike|p2a: Kleavor|[zeffect]\n|-damage|p2a: Kleavor|0 fnt\n|faint|p2a: Kleavor\n|\n|upkeep\n|\n|t:|1699711639\n|switch|p2a: Diancie|Diancie|100\/100\n|turn|4\n|\n|t:|1699711667\n|detailschange|p2a: Diancie|Diancie-Mega\n|-mega|p2a: Diancie|Diancie|Diancite\n|move|p2a: Diancie|Diamond Storm|p1a: Landorus\n|-damage|p1a: Landorus|0 fnt\n|faint|p1a: Landorus\n|\n|upkeep\n|inactive|Accelerater01 has 120 seconds left.\n|\n|t:|1699711691\n|switch|p1a: Tapu Fini|Tapu Fini, shiny|100\/100\n|-status|p1a: Tapu Fini|tox\n|-damage|p1a: Tapu Fini|88\/100 tox|[from] Stealth Rock\n|-fieldstart|move: Misty Terrain|[from] ability: Misty Surge|[of] p1a: Tapu Fini\n|turn|5\n|\n|t:|1699711703\n|move|p2a: Diancie|Moonblast|p1a: Tapu Fini\n|-damage|p1a: Tapu Fini|44\/100 tox\n|move|p1a: Tapu Fini|Surf|p2a: Diancie\n|-supereffective|p2a: Diancie\n|-damage|p2a: Diancie|27\/100\n|\n|-heal|p1a: Tapu Fini|50\/100 tox|[from] item: Leftovers\n|-damage|p1a: Tapu Fini|44\/100 tox|[from] psn\n|upkeep\n|turn|6\n|\n|t:|1699711725\n|move|p2a: Diancie|Moonblast|p1a: Tapu Fini\n|-damage|p1a: Tapu Fini|3\/100 tox\n|move|p1a: Tapu Fini|Surf|p2a: Diancie\n|-supereffective|p2a: Diancie\n|-damage|p2a: Diancie|0 fnt\n|faint|p2a: Diancie\n|\n|-heal|p1a: Tapu Fini|9\/100 tox|[from] item: Leftovers\n|-damage|p1a: Tapu Fini|0 fnt|[from] psn\n|faint|p1a: Tapu Fini\n|upkeep\n|\n|t:|1699711731\n|switch|p2a: Arcanine|Arcanine-Hisui, F|100\/100\n|switch|p1a: Sandy Shocks|Sandy Shocks|100\/100\n|-damage|p1a: Sandy Shocks|94\/100|[from] Stealth Rock\n|turn|7\n|\n|t:|1699711743\n|move|p2a: Arcanine|Extreme Speed|p1a: Sandy Shocks\n|-damage|p1a: Sandy Shocks|43\/100\n|move|p1a: Sandy Shocks|Earth Power|p2a: Arcanine\n|-supereffective|p2a: Arcanine\n|-damage|p2a: Arcanine|0 fnt\n|faint|p2a: Arcanine\n|\n|upkeep\n|\n|t:|1699711755\n|switch|p2a: Nihilego|Nihilego|100\/100\n|turn|8\n|inactive|Accelerater01 has 120 seconds left.\n|\n|t:|1699711762\n|-terastallize|p2a: Nihilego|Psychic\n|move|p1a: Sandy Shocks|Earth Power|p2a: Nihilego\n|-damage|p2a: Nihilego|68\/100\n|move|p2a: Nihilego|Meteor Beam||[still]\n|-prepare|p2a: Nihilego|Meteor Beam\n|-boost|p2a: Nihilego|spa|1\n|-enditem|p2a: Nihilego|Power Herb\n|-anim|p2a: Nihilego|Meteor Beam|p1a: Sandy Shocks\n|-resisted|p1a: Sandy Shocks\n|-damage|p1a: Sandy Shocks|0 fnt\n|faint|p1a: Sandy Shocks\n|-end|p1a: Sandy Shocks|Protosynthesis|[silent]\n|-ability|p2a: Nihilego|Beast Boost|boost\n|-boost|p2a: Nihilego|spe|1\n|\n|upkeep\n|inactive|Accelerater01 has 120 seconds left.\n|\n|t:|1699711781\n|switch|p1a: Medicham|Medicham, M|100\/100\n|-damage|p1a: Medicham|94\/100|[from] Stealth Rock\n|turn|9\n|\n|t:|1699711788\n|detailschange|p1a: Medicham|Medicham-Mega, M\n|-mega|p1a: Medicham|Medicham|Medichamite\n|move|p1a: Medicham|Fake Out|p2a: Nihilego\n|-damage|p2a: Nihilego|30\/100\n|cant|p2a: Nihilego|flinch\n|\n|-fieldend|Misty Terrain\n|upkeep\n|turn|10\n|inactive|Accelerater01 has 120 seconds left.\n|\n|t:|1699711795\n|move|p1a: Medicham|Bullet Punch|p2a: Nihilego\n|-damage|p2a: Nihilego|0 fnt\n|faint|p2a: Nihilego\n|\n|upkeep\n|-message|hsenb\u59da\u67d0 forfeited.\n|\n|win|Accelerater01\n|raw|Accelerater01's rating: 1615 &rarr; <strong>1642<\/strong><br \/>(+27 for winning)\n|raw|hsenb\u59da\u67d0's rating: 1735 &rarr; <strong>1708<\/strong><br \/>(-27 for losing)\n|l|\u2606hsenb\u59da\u67d0\n","uploadtime":1699711924,"views":4,"p1id":"accelerater01","p2id":"hsenb","formatid":"gen9nationaldex","rating":1642,"private":0,"password":""}