{"id":"gen9nationaldex-1992800087","p1":"CopperSulfate","p2":"grass knot zygarde","format":"[Gen 9] National Dex","log":"|j|\u2606CopperSulfate\n|j|\u2606grass knot zygarde\n|t:|1700236530\n|gametype|singles\n|player|p1|CopperSulfate|170|1572\n|player|p2|grass knot zygarde|dawn|1695\n|teamsize|p1|6\n|teamsize|p2|6\n|gen|9\n|tier|[Gen 9] National Dex\n|rated|\n|rule|HP Percentage Mod: HP is shown in percentages\n|rule|Endless Battle Clause: Forcing endless battles is banned\n|rule|OHKO Clause: OHKO moves are banned\n|rule|Evasion Clause: Evasion abilities, items, and moves are banned\n|rule|Evasion Abilities Clause: Evasion abilities are banned\n|rule|Evasion Items Clause: Evasion items are banned\n|rule|Evasion Moves Clause: Evasion moves are banned\n|rule|Species Clause: Limit one of each Pok\u00e9mon\n|rule|Sleep Clause Mod: Limit one foe put to sleep\n|clearpoke\n|poke|p1|Moltres|\n|poke|p1|Clefable, F|\n|poke|p1|Toxapex, F|\n|poke|p1|Heatran, F|\n|poke|p1|Gliscor, F|\n|poke|p1|Sableye, F|\n|poke|p2|Latios, M|\n|poke|p2|Buzzwole|\n|poke|p2|Gliscor, F|\n|poke|p2|Weavile, M|\n|poke|p2|Heatran, F|\n|poke|p2|Ogerpon-Wellspring, F|\n|teampreview\n|inactive|Battle timer is ON: inactive players will automatically lose when time's up. (requested by grass knot zygarde)\n|\n|t:|1700236551\n|start\n|switch|p1a: Sableye|Sableye, F|100\/100\n|switch|p2a: i|Gliscor, F, shiny|100\/100\n|turn|1\n|\n|t:|1700236561\n|switch|p2a: u|Heatran, F|100\/100\n|move|p1a: Sableye|Will-O-Wisp|p2a: u\n|-start|p2a: u|ability: Flash Fire\n|\n|upkeep\n|turn|2\n|j| iliveinohiorizz\n|\n|t:|1700236578\n|detailschange|p1a: Sableye|Sableye-Mega, F\n|-mega|p1a: Sableye|Sableye|Sablenite\n|move|p2a: u|Earth Power|p1a: Sableye\n|-damage|p1a: Sableye|76\/100\n|move|p1a: Sableye|Knock Off|p2a: u\n|-damage|p2a: u|75\/100\n|-enditem|p2a: u|Leftovers|[from] move: Knock Off|[of] p1a: Sableye\n|\n|upkeep\n|turn|3\n|\n|t:|1700236588\n|move|p1a: Sableye|Protect|p1a: Sableye\n|-singleturn|p1a: Sableye|Protect\n|move|p2a: u|Magma Storm|p1a: Sableye\n|-activate|p1a: Sableye|move: Protect\n|\n|upkeep\n|turn|4\n|\n|t:|1700236594\n|move|p2a: u|Magma Storm|p1a: Sableye\n|-damage|p1a: Sableye|20\/100\n|-activate|p1a: Sableye|move: Magma Storm|[of] p2a: u\n|move|p1a: Sableye|Recover|p1a: Sableye\n|-heal|p1a: Sableye|70\/100\n|\n|-damage|p1a: Sableye|58\/100|[from] move: Magma Storm|[partiallytrapped]\n|upkeep\n|turn|5\n|\n|t:|1700236603\n|switch|p1a: Gliscor|Gliscor, F|100\/100\n|move|p2a: u|Magma Storm|p1a: Gliscor|[miss]\n|-miss|p2a: u|p1a: Gliscor\n|\n|-status|p1a: Gliscor|tox|[from] item: Toxic Orb\n|upkeep\n|turn|6\n|\n|t:|1700236621\n|-end|p2a: u|ability: Flash Fire|[silent]\n|switch|p2a: i|Gliscor, F, shiny|100\/100\n|move|p1a: Gliscor|Substitute|p1a: Gliscor\n|-start|p1a: Gliscor|Substitute\n|-damage|p1a: Gliscor|76\/100 tox\n|\n|-heal|p1a: Gliscor|88\/100 tox|[from] ability: Poison Heal\n|-status|p2a: i|tox|[from] item: Toxic Orb\n|upkeep\n|turn|7\n|\n|t:|1700236629\n|switch|p2a: nitro cell device|Buzzwole|100\/100\n|move|p1a: Gliscor|Spikes|p2a: nitro cell device\n|-sidestart|p2: grass knot zygarde|Spikes\n|\n|-heal|p1a: Gliscor|100\/100 tox|[from] ability: Poison Heal\n|upkeep\n|turn|8\n|\n|t:|1700236634\n|move|p1a: Gliscor|Toxic|p2a: nitro cell device|[miss]\n|-miss|p1a: Gliscor|p2a: nitro cell device\n|move|p2a: nitro cell device|Ice Punch|p1a: Gliscor\n|-supereffective|p1a: Gliscor\n|-end|p1a: Gliscor|Substitute\n|\n|upkeep\n|turn|9\n|c|\u2606grass knot zygarde|oh this aint it\n|\n|t:|1700236645\n|-terastallize|p1a: Gliscor|Water\n|move|p1a: Gliscor|Toxic|p2a: nitro cell device\n|-status|p2a: nitro cell device|tox\n|move|p2a: nitro cell device|Ice Punch|p1a: Gliscor\n|-resisted|p1a: Gliscor\n|-damage|p1a: Gliscor|92\/100 tox\n|\n|-heal|p1a: Gliscor|100\/100 tox|[from] ability: Poison Heal\n|-damage|p2a: nitro cell device|94\/100 tox|[from] psn\n|upkeep\n|turn|10\n|\n|t:|1700236657\n|switch|p2a: i|Gliscor, F, shiny|100\/100 tox\n|move|p1a: Gliscor|Spikes|p2a: i\n|-sidestart|p2: grass knot zygarde|Spikes\n|\n|upkeep\n|turn|11\n|\n|t:|1700236665\n|switch|p1a: Sableye|Sableye-Mega, F|58\/100\n|move|p2a: i|Defog|p1a: Sableye\n|move|p1a: Sableye|Defog|p2a: i|[from]ability: Magic Bounce\n|-unboost|p2a: i|evasion|1\n|-sideend|p2: grass knot zygarde|Spikes|[from] move: Defog|[of] p1a: Sableye\n|\n|upkeep\n|turn|12\n|\n|t:|1700236677\n|switch|p2a: u|Heatran, F|75\/100\n|move|p1a: Sableye|Recover|p1a: Sableye\n|-heal|p1a: Sableye|100\/100\n|\n|upkeep\n|turn|13\n|\n|t:|1700236682\n|switch|p1a: Gliscor|Gliscor, F, tera:Water|100\/100 tox\n|move|p2a: u|Magma Storm|p1a: Gliscor\n|-resisted|p1a: Gliscor\n|-damage|p1a: Gliscor|82\/100 tox\n|-activate|p1a: Gliscor|move: Magma Storm|[of] p2a: u\n|\n|-heal|p1a: Gliscor|94\/100 tox|[from] ability: Poison Heal\n|-damage|p1a: Gliscor|82\/100 tox|[from] move: Magma Storm|[partiallytrapped]\n|upkeep\n|turn|14\n|\n|t:|1700236689\n|switch|p2a: i|Gliscor, F, shiny|100\/100 tox\n|move|p1a: Gliscor|Substitute|p1a: Gliscor\n|-start|p1a: Gliscor|Substitute\n|-end|p1a: Gliscor|Magma Storm|[partiallytrapped]|[silent]\n|-damage|p1a: Gliscor|57\/100 tox\n|\n|-heal|p1a: Gliscor|69\/100 tox|[from] ability: Poison Heal\n|upkeep\n|turn|15\n|\n|t:|1700236696\n|move|p1a: Gliscor|Spikes|p2a: i\n|-sidestart|p2: grass knot zygarde|Spikes\n|move|p2a: i|Earthquake|p1a: Gliscor\n|-crit|p1a: Gliscor\n|-end|p1a: Gliscor|Substitute\n|\n|-heal|p1a: Gliscor|82\/100 tox|[from] ability: Poison Heal\n|upkeep\n|turn|16\n|\n|t:|1700236701\n|switch|p1a: Moltres|Moltres|100\/100\n|-ability|p1a: Moltres|Pressure\n|move|p2a: i|Defog|p1a: Moltres\n|-unboost|p1a: Moltres|evasion|1\n|-sideend|p2: grass knot zygarde|Spikes|[from] move: Defog|[of] p2a: i\n|\n|upkeep\n|turn|17\n|\n|t:|1700236705\n|move|p2a: i|Toxic|p1a: Moltres\n|-status|p1a: Moltres|tox\n|move|p1a: Moltres|Flamethrower|p2a: i\n|-damage|p2a: i|69\/100 tox\n|\n|-heal|p2a: i|81\/100 tox|[from] ability: Poison Heal\n|-damage|p1a: Moltres|94\/100 tox|[from] psn\n|upkeep\n|turn|18\n|c| iliveinohiorizz|oh mein gott i love glaiscor!!\n|c| iliveinohiorizz|yes!Q\n|inactive|grass knot zygarde has 120 seconds left.\n|\n|t:|1700236738\n|switch|p2a: u|Heatran, F|75\/100\n|switch|p1a: Heatran|Heatran, F|100\/100\n|\n|upkeep\n|turn|19\n|\n|t:|1700236745\n|switch|p2a: i|Gliscor, F, shiny|81\/100 tox\n|move|p1a: Heatran|Earth Power|p2a: i\n|-immune|p2a: i\n|\n|-heal|p2a: i|94\/100 tox|[from] ability: Poison Heal\n|upkeep\n|turn|20\n|\n|t:|1700236752\n|-zpower|p1a: Heatran\n|move|p1a: Heatran|Inferno Overdrive|p2a: i|[zeffect]\n|-damage|p2a: i|33\/100 tox\n|move|p2a: i|Earthquake|p1a: Heatran\n|-supereffective|p1a: Heatran\n|-damage|p1a: Heatran|0 fnt\n|faint|p1a: Heatran\n|\n|-heal|p2a: i|45\/100 tox|[from] ability: Poison Heal\n|upkeep\n|-message|CopperSulfate forfeited.\n|\n|win|grass knot zygarde\n|raw|CopperSulfate's rating: 1572 &rarr; <strong>1559<\/strong><br \/>(-13 for losing)\n|raw|grass knot zygarde's rating: 1695 &rarr; <strong>1708<\/strong><br \/>(+13 for winning)\n|l|\u2606CopperSulfate\n|c|\u2606grass knot zygarde|oh okay\n","uploadtime":1700236769,"views":9,"p1id":"coppersulfate","p2id":"grassknotzygarde","formatid":"gen9nationaldex","rating":1559,"private":0,"password":""}