{"id":"gen9nationaldex-1994628210","p1":"TheGrassKing1","p2":"csb1123","format":"[Gen 9] National Dex","log":"|html|<div class=\"broadcast-blue\"><strong>[Gen 9] National Dex is currently suspecting Sneasler! For information on how to participate check out the <a href=\"https:\/\/www.smogon.com\/forums\/threads\/sv-national-dex-suspect-8-just-dance.3731534\/\">suspect thread<\/a>.<\/strong><\/div>\n|j|\u2606TheGrassKing1\n|j|\u2606csb1123\n|t:|1700471935\n|gametype|singles\n|player|p1|TheGrassKing1|morty-masters2|1707\n|player|p2|csb1123|101|1744\n|teamsize|p1|6\n|teamsize|p2|6\n|gen|9\n|tier|[Gen 9] National Dex\n|rated|\n|rule|HP Percentage Mod: HP is shown in percentages\n|rule|Endless Battle Clause: Forcing endless battles is banned\n|rule|OHKO Clause: OHKO moves are banned\n|rule|Evasion Clause: Evasion abilities, items, and moves are banned\n|rule|Evasion Abilities Clause: Evasion abilities are banned\n|rule|Evasion Items Clause: Evasion items are banned\n|rule|Evasion Moves Clause: Evasion moves are banned\n|rule|Species Clause: Limit one of each Pok\u00e9mon\n|rule|Sleep Clause Mod: Limit one foe put to sleep\n|clearpoke\n|poke|p1|Torkoal, M|\n|poke|p1|Leafeon, F|\n|poke|p1|Landorus-Therian, M|\n|poke|p1|Heatran, F|\n|poke|p1|Scizor, F|\n|poke|p1|Victini|\n|poke|p2|Ogerpon, F|\n|poke|p2|Corviknight, M|\n|poke|p2|Clodsire, F|\n|poke|p2|Tyranitar, M|\n|poke|p2|Tapu Fini|\n|poke|p2|Banette, M|\n|teampreview\n|inactive|Battle timer is ON: inactive players will automatically lose when time's up. (requested by TheGrassKing1)\n|\n|t:|1700471962\n|start\n|switch|p1a: Victini|Victini|100\/100\n|switch|p2a: Clodsire|Clodsire, F|100\/100\n|turn|1\n|\n|t:|1700471973\n|-terastallize|p1a: Victini|Fire\n|move|p1a: Victini|V-create|p2a: Clodsire\n|-damage|p2a: Clodsire|0 fnt\n|-unboost|p1a: Victini|spe|1\n|-unboost|p1a: Victini|def|1\n|-unboost|p1a: Victini|spd|1\n|faint|p2a: Clodsire\n|\n|upkeep\n|\n|t:|1700471978\n|switch|p2a: Tyranitar|Tyranitar, M|100\/100\n|-weather|Sandstorm|[from] ability: Sand Stream|[of] p2a: Tyranitar\n|turn|2\n|\n|t:|1700471980\n|move|p2a: Tyranitar|Pursuit|p1a: Victini\n|-damage|p1a: Victini|75\/100\n|move|p1a: Victini|V-create|p2a: Tyranitar\n|-resisted|p2a: Tyranitar\n|-damage|p2a: Tyranitar|14\/100\n|-unboost|p1a: Victini|spe|1\n|-unboost|p1a: Victini|def|1\n|-unboost|p1a: Victini|spd|1\n|\n|-weather|Sandstorm|[upkeep]\n|-damage|p1a: Victini|69\/100|[from] Sandstorm\n|upkeep\n|turn|3\n|\n|t:|1700471991\n|move|p2a: Tyranitar|Earthquake|p1a: Victini\n|-supereffective|p1a: Victini\n|-damage|p1a: Victini|0 fnt\n|faint|p1a: Victini\n|\n|-weather|Sandstorm|[upkeep]\n|upkeep\n|\n|t:|1700471996\n|switch|p1a: Heatran|Heatran, F|100\/100\n|-item|p1a: Heatran|Air Balloon\n|turn|4\n|\n|t:|1700472025\n|move|p1a: Heatran|Earth Power|p2a: Tyranitar\n|-supereffective|p2a: Tyranitar\n|-damage|p2a: Tyranitar|0 fnt\n|faint|p2a: Tyranitar\n|\n|-weather|Sandstorm|[upkeep]\n|upkeep\n|\n|t:|1700472028\n|switch|p2a: Banette|Banette, M|100\/100\n|turn|5\n|\n|t:|1700472033\n|switch|p1a: Landorus|Landorus-Therian, M|100\/100\n|-ability|p1a: Landorus|Intimidate|boost\n|-unboost|p2a: Banette|atk|1\n|detailschange|p2a: Banette|Banette-Mega, M\n|-mega|p2a: Banette|Banette|Banettite\n|move|p2a: Banette|Poltergeist|p1a: Landorus\n|-activate|p1a: Landorus|move: Poltergeist|Eject Button\n|-damage|p1a: Landorus|53\/100\n|-enditem|p1a: Landorus|Eject Button\n|\n|t:|1700472042\n|switch|p1a: Torkoal|Torkoal, M|100\/100\n|-weather|SunnyDay|[from] ability: Drought|[of] p1a: Torkoal\n|\n|-weather|SunnyDay|[upkeep]\n|upkeep\n|turn|6\n|\n|t:|1700472050\n|switch|p1a: Landorus|Landorus-Therian, M|53\/100\n|-ability|p1a: Landorus|Intimidate|boost\n|-unboost|p2a: Banette|atk|1\n|move|p2a: Banette|Poltergeist||[still]\n|-fail|p2a: Banette\n|\n|-weather|SunnyDay|[upkeep]\n|upkeep\n|turn|7\n|\n|t:|1700472061\n|switch|p2a: Corviknight|Corviknight, M|100\/100\n|-ability|p2a: Corviknight|Pressure\n|move|p1a: Landorus|U-turn|p2a: Corviknight\n|-resisted|p2a: Corviknight\n|-damage|p2a: Corviknight|97\/100\n|\n|t:|1700472066\n|switch|p1a: Heatran|Heatran, F|100\/100|[from] U-turn\n|-item|p1a: Heatran|Air Balloon\n|\n|-weather|SunnyDay|[upkeep]\n|upkeep\n|turn|8\n|\n|t:|1700472075\n|switch|p2a: Tapu Fini|Tapu Fini|100\/100\n|-fieldstart|move: Misty Terrain|[from] ability: Misty Surge|[of] p2a: Tapu Fini\n|move|p1a: Heatran|Stealth Rock|p2a: Tapu Fini\n|-sidestart|p2: csb1123|move: Stealth Rock\n|\n|-weather|SunnyDay|[upkeep]\n|upkeep\n|turn|9\n|\n|t:|1700472088\n|move|p1a: Heatran|Magma Storm|p2a: Tapu Fini\n|-resisted|p2a: Tapu Fini\n|-damage|p2a: Tapu Fini|70\/100\n|-activate|p2a: Tapu Fini|move: Magma Storm|[of] p1a: Heatran\n|move|p2a: Tapu Fini|Calm Mind|p2a: Tapu Fini\n|-boost|p2a: Tapu Fini|spa|1\n|-boost|p2a: Tapu Fini|spd|1\n|\n|-weather|SunnyDay|[upkeep]\n|-heal|p2a: Tapu Fini|76\/100|[from] item: Leftovers\n|-damage|p2a: Tapu Fini|64\/100|[from] move: Magma Storm|[partiallytrapped]\n|upkeep\n|turn|10\n|\n|t:|1700472101\n|switch|p1a: Scizor|Scizor, F|100\/100\n|move|p2a: Tapu Fini|Draining Kiss|p1a: Scizor\n|-resisted|p1a: Scizor\n|-damage|p1a: Scizor|90\/100\n|-heal|p2a: Tapu Fini|72\/100|[from] drain|[of] p1a: Scizor\n|\n|-weather|SunnyDay|[upkeep]\n|-heal|p2a: Tapu Fini|78\/100|[from] item: Leftovers\n|-end|p2a: Tapu Fini|Magma Storm|[partiallytrapped]|[silent]\n|upkeep\n|turn|11\n|\n|t:|1700472110\n|switch|p2a: Corviknight|Corviknight, M|97\/100\n|-damage|p2a: Corviknight|85\/100|[from] Stealth Rock\n|-ability|p2a: Corviknight|Pressure\n|detailschange|p1a: Scizor|Scizor-Mega, F\n|-mega|p1a: Scizor|Scizor|Scizorite\n|move|p1a: Scizor|U-turn|p2a: Corviknight\n|-resisted|p2a: Corviknight\n|-damage|p2a: Corviknight|79\/100\n|\n|t:|1700472112\n|switch|p1a: Heatran|Heatran, F|100\/100|[from] U-turn\n|-item|p1a: Heatran|Air Balloon\n|\n|-weather|SunnyDay|[upkeep]\n|upkeep\n|turn|12\n|j| trTR1\n|\n|t:|1700472120\n|switch|p2a: Tapu Fini|Tapu Fini|78\/100\n|-damage|p2a: Tapu Fini|65\/100|[from] Stealth Rock\n|move|p1a: Heatran|Magma Storm|p2a: Tapu Fini\n|-resisted|p2a: Tapu Fini\n|-damage|p2a: Tapu Fini|32\/100\n|-activate|p2a: Tapu Fini|move: Magma Storm|[of] p1a: Heatran\n|\n|-weather|none\n|-heal|p2a: Tapu Fini|38\/100|[from] item: Leftovers\n|-damage|p2a: Tapu Fini|26\/100|[from] move: Magma Storm|[partiallytrapped]\n|-fieldend|Misty Terrain\n|upkeep\n|turn|13\n|\n|t:|1700472124\n|move|p1a: Heatran|Earth Power|p2a: Tapu Fini\n|-damage|p2a: Tapu Fini|0 fnt\n|faint|p2a: Tapu Fini\n|\n|upkeep\n|\n|t:|1700472128\n|switch|p2a: Banette|Banette-Mega, M|100\/100\n|-damage|p2a: Banette|88\/100|[from] Stealth Rock\n|turn|14\n|\n|t:|1700472131\n|switch|p1a: Landorus|Landorus-Therian, M|53\/100\n|-ability|p1a: Landorus|Intimidate|boost\n|-unboost|p2a: Banette|atk|1\n|move|p2a: Banette|Poltergeist||[still]\n|-fail|p2a: Banette\n|\n|upkeep\n|turn|15\n|j| Sur12\n|\n|t:|1700472146\n|move|p1a: Landorus|U-turn|p2a: Banette\n|-resisted|p2a: Banette\n|-damage|p2a: Banette|73\/100\n|-activate|p1a: Landorus|move: Pursuit\n|move|p2a: Banette|Pursuit|p1a: Landorus|[from]Pursuit\n|-damage|p1a: Landorus|32\/100\n|\n|t:|1700472150\n|switch|p1a: Torkoal|Torkoal, M|100\/100|[from] U-turn\n|-weather|SunnyDay|[from] ability: Drought|[of] p1a: Torkoal\n|\n|-weather|SunnyDay|[upkeep]\n|upkeep\n|turn|16\n|l| Sur12\n|\n|t:|1700472160\n|move|p2a: Banette|Poltergeist|p1a: Torkoal\n|-activate|p1a: Torkoal|move: Poltergeist|Heat Rock\n|-damage|p1a: Torkoal|65\/100\n|move|p1a: Torkoal|Toxic|p2a: Banette\n|-status|p2a: Banette|tox\n|\n|-weather|SunnyDay|[upkeep]\n|-damage|p2a: Banette|67\/100 tox|[from] psn\n|upkeep\n|turn|17\n|\n|t:|1700472165\n|switch|p1a: Landorus|Landorus-Therian, M|32\/100\n|-ability|p1a: Landorus|Intimidate|boost\n|-unboost|p2a: Banette|atk|1\n|move|p2a: Banette|Encore||[still]\n|-fail|p2a: Banette\n|\n|-weather|SunnyDay|[upkeep]\n|-damage|p2a: Banette|55\/100 tox|[from] psn\n|upkeep\n|turn|18\n|-message|csb1123 forfeited.\n|\n|win|TheGrassKing1\n|raw|TheGrassKing1's rating: 1707 &rarr; <strong>1729<\/strong><br \/>(+22 for winning)\n|raw|csb1123's rating: 1744 &rarr; <strong>1722<\/strong><br \/>(-22 for losing)\n|l|\u2606csb1123\n","uploadtime":1700472180,"views":18,"p1id":"thegrassking1","p2id":"csb1123","formatid":"gen9nationaldex","rating":1722,"private":0,"password":""}