{"id":"gen9nationaldex-1996021006","p1":"vestkid27","p2":"taowang","format":"[Gen 9] National Dex","log":"|html|<div class=\"broadcast-blue\"><strong>[Gen 9] National Dex is currently suspecting Sneasler! For information on how to participate check out the <a href=\"https:\/\/www.smogon.com\/forums\/threads\/sv-national-dex-suspect-8-just-dance.3731534\/\">suspect thread<\/a>.<\/strong><\/div>\n|j|\u2606vestkid27\n|j|\u2606taowang\n|t:|1700630543\n|gametype|singles\n|player|p1|vestkid27|janitor|1490\n|player|p2|taowang|169|1371\n|teamsize|p1|6\n|teamsize|p2|6\n|gen|9\n|tier|[Gen 9] National Dex\n|rated|\n|rule|HP Percentage Mod: HP is shown in percentages\n|rule|Endless Battle Clause: Forcing endless battles is banned\n|rule|OHKO Clause: OHKO moves are banned\n|rule|Evasion Clause: Evasion abilities, items, and moves are banned\n|rule|Evasion Abilities Clause: Evasion abilities are banned\n|rule|Evasion Items Clause: Evasion items are banned\n|rule|Evasion Moves Clause: Evasion moves are banned\n|rule|Species Clause: Limit one of each Pok\u00e9mon\n|rule|Sleep Clause Mod: Limit one foe put to sleep\n|clearpoke\n|poke|p1|Steelix, M|\n|poke|p1|Pinsir, M|\n|poke|p1|Victini|\n|poke|p1|Brambleghast, M|\n|poke|p1|Umbreon, M|\n|poke|p1|Araquanid, M|\n|poke|p2|Toxapex, F|\n|poke|p2|Dondozo, M|\n|poke|p2|Garganacl, M|\n|poke|p2|Sableye, M|\n|poke|p2|Clodsire, M|\n|poke|p2|Gliscor, M|\n|teampreview\n|c|\u2606vestkid27|Glhf\n|inactive|Battle timer is ON: inactive players will automatically lose when time's up. (requested by taowang)\n|\n|t:|1700630563\n|start\n|switch|p1a: Victini|Victini|100\/100\n|switch|p2a: Sableye|Sableye, M|100\/100\n|turn|1\n|\n|t:|1700630587\n|detailschange|p2a: Sableye|Sableye-Mega, M\n|-mega|p2a: Sableye|Sableye|Sablenite\n|move|p2a: Sableye|Protect|p2a: Sableye\n|-singleturn|p2a: Sableye|Protect\n|move|p1a: Victini|Blue Flare|p2a: Sableye\n|-activate|p2a: Sableye|move: Protect\n|\n|upkeep\n|turn|2\n|\n|t:|1700630595\n|switch|p2a: Dondozo|Dondozo, M|100\/100\n|move|p1a: Victini|Blue Flare|p2a: Dondozo\n|-resisted|p2a: Dondozo\n|-damage|p2a: Dondozo|61\/100\n|\n|-heal|p2a: Dondozo|67\/100|[from] item: Leftovers\n|upkeep\n|turn|3\n|\n|t:|1700630613\n|switch|p1a: Brambleghast|Brambleghast, M|100\/100\n|move|p2a: Dondozo|Curse|p2a: Dondozo\n|-unboost|p2a: Dondozo|spe|1\n|-boost|p2a: Dondozo|atk|1\n|-boost|p2a: Dondozo|def|1\n|\n|-heal|p2a: Dondozo|73\/100|[from] item: Leftovers\n|upkeep\n|turn|4\n|\n|t:|1700630628\n|-terastallize|p2a: Dondozo|Dragon\n|move|p1a: Brambleghast|Spikes|p2a: Dondozo\n|-sidestart|p2: taowang|Spikes\n|move|p2a: Dondozo|Curse|p2a: Dondozo\n|-unboost|p2a: Dondozo|spe|1\n|-boost|p2a: Dondozo|atk|1\n|-boost|p2a: Dondozo|def|1\n|\n|-heal|p2a: Dondozo|80\/100|[from] item: Leftovers\n|upkeep\n|turn|5\n|\n|t:|1700630648\n|switch|p1a: Araquanid|Araquanid, M|100\/100\n|move|p2a: Dondozo|Curse|p2a: Dondozo\n|-unboost|p2a: Dondozo|spe|1\n|-boost|p2a: Dondozo|atk|1\n|-boost|p2a: Dondozo|def|1\n|\n|-heal|p2a: Dondozo|86\/100|[from] item: Leftovers\n|upkeep\n|turn|6\n|\n|t:|1700630658\n|switch|p2a: Sableye|Sableye-Mega, M|100\/100\n|-damage|p2a: Sableye|88\/100|[from] Spikes\n|move|p1a: Araquanid|Toxic|p2a: Sableye\n|move|p2a: Sableye|Toxic|p1a: Araquanid|[from]ability: Magic Bounce\n|-status|p1a: Araquanid|tox\n|\n|-damage|p1a: Araquanid|94\/100 tox|[from] psn\n|upkeep\n|turn|7\n|\n|t:|1700630679\n|move|p1a: Araquanid|Liquidation|p2a: Sableye\n|-damage|p2a: Sableye|60\/100\n|move|p2a: Sableye|Knock Off|p1a: Araquanid\n|-damage|p1a: Araquanid|72\/100 tox\n|-enditem|p1a: Araquanid|Leftovers|[from] move: Knock Off|[of] p2a: Sableye\n|\n|-damage|p1a: Araquanid|60\/100 tox|[from] psn\n|upkeep\n|turn|8\n|\n|t:|1700630692\n|switch|p1a: Victini|Victini|100\/100\n|move|p2a: Sableye|Recover|p2a: Sableye\n|-heal|p2a: Sableye|100\/100\n|\n|upkeep\n|turn|9\n|\n|t:|1700630702\n|switch|p2a: Dondozo|Dondozo, M, tera:Dragon|86\/100\n|-damage|p2a: Dondozo|73\/100|[from] Spikes\n|move|p1a: Victini|Blue Flare|p2a: Dondozo\n|-resisted|p2a: Dondozo\n|-damage|p2a: Dondozo|31\/100\n|\n|-heal|p2a: Dondozo|37\/100|[from] item: Leftovers\n|upkeep\n|turn|10\n|\n|t:|1700630720\n|switch|p2a: Garganacl|Garganacl, M|100\/100\n|-damage|p2a: Garganacl|88\/100|[from] Spikes\n|move|p1a: Victini|Blue Flare|p2a: Garganacl\n|-resisted|p2a: Garganacl\n|-damage|p2a: Garganacl|59\/100\n|\n|-heal|p2a: Garganacl|66\/100|[from] item: Leftovers\n|upkeep\n|turn|11\n|\n|t:|1700630735\n|switch|p1a: Umbreon|Umbreon, M|100\/100\n|move|p2a: Garganacl|Recover|p2a: Garganacl\n|-heal|p2a: Garganacl|100\/100\n|\n|upkeep\n|turn|12\n|\n|t:|1700630743\n|switch|p2a: Sableye|Sableye-Mega, M|100\/100\n|-damage|p2a: Sableye|88\/100|[from] Spikes\n|move|p1a: Umbreon|Taunt|p2a: Sableye\n|move|p2a: Sableye|Taunt|p1a: Umbreon|[from]ability: Magic Bounce\n|-start|p1a: Umbreon|move: Taunt\n|\n|upkeep\n|turn|13\n|inactive|vestkid27 has 120 seconds left.\n|\n|t:|1700630767\n|switch|p1a: Araquanid|Araquanid, M|60\/100 tox\n|move|p2a: Sableye|Knock Off|p1a: Araquanid\n|-damage|p1a: Araquanid|44\/100 tox\n|\n|-damage|p1a: Araquanid|38\/100 tox|[from] psn\n|upkeep\n|turn|14\n|\n|t:|1700630776\n|move|p1a: Araquanid|Liquidation|p2a: Sableye\n|-crit|p2a: Sableye\n|-damage|p2a: Sableye|42\/100\n|-unboost|p2a: Sableye|def|1\n|move|p2a: Sableye|Knock Off|p1a: Araquanid\n|-damage|p1a: Araquanid|23\/100 tox\n|\n|-damage|p1a: Araquanid|11\/100 tox|[from] psn\n|upkeep\n|turn|15\n|\n|t:|1700630786\n|move|p2a: Sableye|Protect|p2a: Sableye\n|-singleturn|p2a: Sableye|Protect\n|move|p1a: Araquanid|Liquidation|p2a: Sableye\n|-activate|p2a: Sableye|move: Protect\n|\n|-damage|p1a: Araquanid|0 fnt|[from] psn\n|faint|p1a: Araquanid\n|upkeep\n|inactive|vestkid27 has 120 seconds left.\n|\n|t:|1700630810\n|switch|p1a: Brambleghast|Brambleghast, M|100\/100\n|turn|16\n|inactive|vestkid27 has 120 seconds left.\n|\n|t:|1700630816\n|switch|p2a: Dondozo|Dondozo, M, tera:Dragon|37\/100\n|-damage|p2a: Dondozo|24\/100|[from] Spikes\n|move|p1a: Brambleghast|Poltergeist|p2a: Dondozo\n|-activate|p2a: Dondozo|move: Poltergeist|Leftovers\n|-damage|p2a: Dondozo|2\/100\n|\n|-heal|p2a: Dondozo|8\/100|[from] item: Leftovers\n|upkeep\n|turn|17\n|inactive|vestkid27 has 120 seconds left.\n|\n|t:|1700630828\n|switch|p2a: Toxapex|Toxapex, F|100\/100\n|move|p1a: Brambleghast|Poltergeist|p2a: Toxapex|[miss]\n|-miss|p1a: Brambleghast|p2a: Toxapex\n|\n|upkeep\n|turn|18\n|\n|t:|1700630835\n|move|p1a: Brambleghast|Spikes|p2a: Toxapex\n|-sidestart|p2: taowang|Spikes\n|move|p2a: Toxapex|Toxic|p1a: Brambleghast\n|-status|p1a: Brambleghast|tox\n|\n|-damage|p1a: Brambleghast|95\/100 tox|[from] psn\n|upkeep\n|turn|19\n|\n|t:|1700630855\n|move|p1a: Brambleghast|Spikes|p2a: Toxapex\n|-sidestart|p2: taowang|Spikes\n|move|p2a: Toxapex|Scald|p1a: Brambleghast\n|-resisted|p1a: Brambleghast\n|-damage|p1a: Brambleghast|79\/100 tox\n|\n|-damage|p1a: Brambleghast|67\/100 tox|[from] psn\n|upkeep\n|turn|20\n|inactive|vestkid27 has 120 seconds left.\n|\n|t:|1700630877\n|move|p1a: Brambleghast|Power Whip|p2a: Toxapex\n|-damage|p2a: Toxapex|58\/100\n|move|p2a: Toxapex|Toxic|p1a: Brambleghast\n|-fail|p1a: Brambleghast|tox\n|\n|-damage|p1a: Brambleghast|49\/100 tox|[from] psn\n|upkeep\n|turn|21\n|inactive|vestkid27 has 120 seconds left.\n|\n|t:|1700630887\n|move|p1a: Brambleghast|Power Whip|p2a: Toxapex\n|-damage|p2a: Toxapex|14\/100\n|move|p2a: Toxapex|Recover|p2a: Toxapex\n|-heal|p2a: Toxapex|64\/100\n|\n|-damage|p1a: Brambleghast|25\/100 tox|[from] psn\n|upkeep\n|turn|22\n|\n|t:|1700630896\n|move|p1a: Brambleghast|Power Whip|p2a: Toxapex\n|-damage|p2a: Toxapex|21\/100\n|move|p2a: Toxapex|Recover|p2a: Toxapex\n|-heal|p2a: Toxapex|71\/100\n|\n|-damage|p1a: Brambleghast|0 fnt|[from] psn\n|faint|p1a: Brambleghast\n|upkeep\n|inactive|vestkid27 has 120 seconds left.\n|\n|t:|1700630931\n|switch|p1a: Victini|Victini|100\/100\n|turn|23\n|\n|t:|1700630943\n|move|p1a: Victini|Psychic|p2a: Toxapex\n|-supereffective|p2a: Toxapex\n|-damage|p2a: Toxapex|0 fnt\n|faint|p2a: Toxapex\n|\n|upkeep\n|\n|t:|1700630947\n|switch|p2a: Garganacl|Garganacl, M|100\/100\n|-damage|p2a: Garganacl|76\/100|[from] Spikes\n|turn|24\n|\n|t:|1700630956\n|move|p1a: Victini|Psychic|p2a: Garganacl\n|-damage|p2a: Garganacl|39\/100\n|move|p2a: Garganacl|Salt Cure|p1a: Victini\n|-supereffective|p1a: Victini\n|-damage|p1a: Victini|70\/100\n|-start|p1a: Victini|Salt Cure\n|\n|-heal|p2a: Garganacl|46\/100|[from] item: Leftovers\n|-damage|p1a: Victini|58\/100|[from] Salt Cure\n|upkeep\n|turn|25\n|\n|t:|1700630967\n|switch|p1a: Umbreon|Umbreon, M|100\/100\n|move|p2a: Garganacl|Recover|p2a: Garganacl\n|-heal|p2a: Garganacl|96\/100\n|\n|-heal|p2a: Garganacl|100\/100|[from] item: Leftovers\n|upkeep\n|turn|26\n|\n|t:|1700630976\n|switch|p2a: Sableye|Sableye-Mega, M|42\/100\n|-damage|p2a: Sableye|17\/100|[from] Spikes\n|move|p1a: Umbreon|Taunt|p2a: Sableye\n|move|p2a: Sableye|Taunt|p1a: Umbreon|[from]ability: Magic Bounce\n|-start|p1a: Umbreon|move: Taunt\n|\n|upkeep\n|turn|27\n|inactive|vestkid27 has 120 seconds left.\n|\n|t:|1700630985\n|move|p1a: Umbreon|Foul Play|p2a: Sableye\n|-damage|p2a: Sableye|0 fnt\n|faint|p2a: Sableye\n|\n|upkeep\n|\n|t:|1700630989\n|switch|p2a: Gliscor|Gliscor, M|100\/100\n|turn|28\n|inactive|vestkid27 has 120 seconds left.\n|\n|t:|1700631012\n|switch|p1a: Steelix|Steelix, M|100\/100\n|move|p2a: Gliscor|Defog|p1a: Steelix\n|-unboost|p1a: Steelix|evasion|1\n|-sideend|p2: taowang|Spikes|[from] move: Defog|[of] p2a: Gliscor\n|\n|-status|p2a: Gliscor|tox|[from] item: Toxic Orb\n|upkeep\n|turn|29\n|inactive|vestkid27 has 120 seconds left.\n|\n|t:|1700631039\n|move|p2a: Gliscor|Earthquake|p1a: Steelix\n|-supereffective|p1a: Steelix\n|-damage|p1a: Steelix|64\/100\n|move|p1a: Steelix|Dragon Tail|p2a: Gliscor|[miss]\n|-miss|p1a: Steelix|p2a: Gliscor\n|\n|upkeep\n|turn|30\n|\n|t:|1700631049\n|switch|p1a: Umbreon|Umbreon, M|100\/100\n|move|p2a: Gliscor|Earthquake|p1a: Umbreon\n|-damage|p1a: Umbreon|80\/100\n|\n|-heal|p1a: Umbreon|86\/100|[from] item: Leftovers\n|upkeep\n|turn|31\n|\n|t:|1700631064\n|switch|p1a: Steelix|Steelix, M|64\/100\n|move|p2a: Gliscor|Toxic|p1a: Steelix\n|-immune|p1a: Steelix\n|\n|upkeep\n|turn|32\n|\n|t:|1700631070\n|switch|p1a: Umbreon|Umbreon, M|86\/100\n|move|p2a: Gliscor|Earthquake|p1a: Umbreon\n|-damage|p1a: Umbreon|67\/100\n|\n|-heal|p1a: Umbreon|73\/100|[from] item: Leftovers\n|upkeep\n|turn|33\n|\n|t:|1700631078\n|move|p2a: Gliscor|Toxic|p1a: Umbreon\n|-status|p1a: Umbreon|tox\n|-activate|p1a: Umbreon|ability: Synchronize\n|-fail|p2a: Gliscor|tox\n|move|p1a: Umbreon|Taunt|p2a: Gliscor\n|-start|p2a: Gliscor|move: Taunt\n|\n|-heal|p1a: Umbreon|79\/100 tox|[from] item: Leftovers\n|-damage|p1a: Umbreon|73\/100 tox|[from] psn\n|upkeep\n|turn|34\n|\n|t:|1700631096\n|switch|p2a: Garganacl|Garganacl, M|100\/100\n|switch|p1a: Pinsir|Pinsir, M|100\/100\n|\n|upkeep\n|turn|35\n|\n|t:|1700631119\n|switch|p1a: Victini|Victini|58\/100\n|move|p2a: Garganacl|Protect||[still]\n|-fail|p2a: Garganacl\n|\n|upkeep\n|turn|36\n|\n|t:|1700631125\n|move|p1a: Victini|Trick|p2a: Garganacl\n|-activate|p1a: Victini|move: Trick|[of] p2a: Garganacl\n|-item|p2a: Garganacl|Choice Specs|[from] move: Trick\n|-item|p1a: Victini|Leftovers|[from] move: Trick\n|move|p2a: Garganacl|Salt Cure|p1a: Victini\n|-supereffective|p1a: Victini\n|-damage|p1a: Victini|27\/100\n|-start|p1a: Victini|Salt Cure\n|\n|-heal|p1a: Victini|33\/100|[from] item: Leftovers\n|-damage|p1a: Victini|21\/100|[from] Salt Cure\n|upkeep\n|turn|37\n|\n|t:|1700631136\n|move|p1a: Victini|U-turn|p2a: Garganacl\n|-damage|p2a: Garganacl|91\/100\n|\n|t:|1700631139\n|switch|p1a: Umbreon|Umbreon, M|73\/100 tox|[from] U-turn\n|move|p2a: Garganacl|Salt Cure|p1a: Umbreon\n|-damage|p1a: Umbreon|64\/100 tox\n|-start|p1a: Umbreon|Salt Cure\n|\n|-heal|p1a: Umbreon|71\/100 tox|[from] item: Leftovers\n|-damage|p1a: Umbreon|64\/100 tox|[from] psn\n|-damage|p1a: Umbreon|52\/100 tox|[from] Salt Cure\n|upkeep\n|turn|38\n|inactive|vestkid27 has 120 seconds left.\n|\n|t:|1700631152\n|switch|p2a: Dondozo|Dondozo, M, tera:Dragon|8\/100\n|move|p1a: Umbreon|Foul Play|p2a: Dondozo\n|-damage|p2a: Dondozo|0 fnt\n|faint|p2a: Dondozo\n|\n|-heal|p1a: Umbreon|58\/100 tox|[from] item: Leftovers\n|-damage|p1a: Umbreon|46\/100 tox|[from] psn\n|-damage|p1a: Umbreon|33\/100 tox|[from] Salt Cure\n|upkeep\n|\n|t:|1700631171\n|switch|p2a: Clodsire|Clodsire, M|100\/100\n|turn|39\n|\n|t:|1700631176\n|move|p1a: Umbreon|Taunt|p2a: Clodsire\n|-start|p2a: Clodsire|move: Taunt\n|cant|p2a: Clodsire|move: Taunt|Spikes\n|\n|-heal|p1a: Umbreon|40\/100 tox|[from] item: Leftovers\n|-damage|p1a: Umbreon|21\/100 tox|[from] psn\n|-damage|p1a: Umbreon|9\/100 tox|[from] Salt Cure\n|upkeep\n|turn|40\n|\n|t:|1700631190\n|switch|p2a: Gliscor|Gliscor, M|100\/100 tox\n|move|p1a: Umbreon|Wish|p1a: Umbreon\n|\n|-heal|p1a: Umbreon|15\/100 tox|[from] item: Leftovers\n|-damage|p1a: Umbreon|0 fnt|[from] psn\n|faint|p1a: Umbreon\n|upkeep\n|inactive|vestkid27 has 120 seconds left.\n|\n|t:|1700631215\n|switch|p1a: Victini|Victini|21\/100\n|turn|41\n|\n|t:|1700631227\n|switch|p2a: Garganacl|Garganacl, M|91\/100\n|move|p1a: Victini|Blue Flare|p2a: Garganacl\n|-resisted|p2a: Garganacl\n|-damage|p2a: Garganacl|72\/100\n|\n|-heal|p1a: Victini|79\/100|[from] move: Wish|[wisher] Umbreon\n|-heal|p1a: Victini|85\/100|[from] item: Leftovers\n|upkeep\n|turn|42\n|inactive|vestkid27 has 120 seconds left.\n|\n|t:|1700631237\n|move|p1a: Victini|U-turn|p2a: Garganacl\n|-damage|p2a: Garganacl|62\/100\n|\n|t:|1700631240\n|switch|p1a: Steelix|Steelix, M|64\/100|[from] U-turn\n|move|p2a: Garganacl|Salt Cure|p1a: Steelix\n|-resisted|p1a: Steelix\n|-damage|p1a: Steelix|62\/100\n|-start|p1a: Steelix|Salt Cure\n|\n|-damage|p1a: Steelix|37\/100|[from] Salt Cure\n|upkeep\n|turn|43\n|inactive|vestkid27 has 120 seconds left.\n|\n|t:|1700631263\n|switch|p2a: Gliscor|Gliscor, M|100\/100 tox\n|move|p1a: Steelix|Iron Head|p2a: Gliscor\n|-damage|p2a: Gliscor|73\/100 tox\n|\n|-heal|p2a: Gliscor|85\/100 tox|[from] ability: Poison Heal\n|-damage|p1a: Steelix|12\/100|[from] Salt Cure\n|upkeep\n|turn|44\n|inactive|vestkid27 has 120 seconds left.\n|\n|t:|1700631276\n|move|p2a: Gliscor|Toxic|p1a: Steelix\n|-immune|p1a: Steelix\n|move|p1a: Steelix|Iron Head|p2a: Gliscor\n|-damage|p2a: Gliscor|56\/100 tox\n|\n|-heal|p2a: Gliscor|68\/100 tox|[from] ability: Poison Heal\n|-damage|p1a: Steelix|0 fnt|[from] Salt Cure\n|faint|p1a: Steelix\n|upkeep\n|inactive|vestkid27 has 120 seconds left.\n|\n|t:|1700631285\n|switch|p1a: Victini|Victini|85\/100\n|turn|45\n|inactive|vestkid27 has 120 seconds left.\n|\n|t:|1700631298\n|switch|p2a: Garganacl|Garganacl, M|62\/100\n|move|p1a: Victini|Blue Flare|p2a: Garganacl\n|-resisted|p2a: Garganacl\n|-damage|p2a: Garganacl|42\/100\n|\n|-heal|p1a: Victini|91\/100|[from] item: Leftovers\n|upkeep\n|turn|46\n|\n|t:|1700631308\n|move|p1a: Victini|Psychic|p2a: Garganacl\n|-damage|p2a: Garganacl|16\/100\n|move|p2a: Garganacl|Recover|p2a: Garganacl\n|-heal|p2a: Garganacl|66\/100\n|\n|-heal|p1a: Victini|97\/100|[from] item: Leftovers\n|upkeep\n|turn|47\n|\n|t:|1700631317\n|move|p1a: Victini|U-turn|p2a: Garganacl\n|-damage|p2a: Garganacl|57\/100\n|\n|t:|1700631319\n|switch|p1a: Pinsir|Pinsir, M|100\/100|[from] U-turn\n|move|p2a: Garganacl|Recover|p2a: Garganacl\n|-heal|p2a: Garganacl|100\/100\n|\n|upkeep\n|turn|48\n|\n|t:|1700631335\n|switch|p2a: Clodsire|Clodsire, M|100\/100\n|detailschange|p1a: Pinsir|Pinsir-Mega, M\n|-mega|p1a: Pinsir|Pinsir|Pinsirite\n|move|p1a: Pinsir|Swords Dance|p1a: Pinsir\n|-boost|p1a: Pinsir|atk|2\n|\n|upkeep\n|turn|49\n|\n|t:|1700631350\n|move|p1a: Pinsir|Return|p2a: Clodsire\n|-damage|p2a: Clodsire|19\/100\n|move|p2a: Clodsire|Poison Jab|p1a: Pinsir\n|-damage|p1a: Pinsir|75\/100\n|\n|upkeep\n|turn|50\n|\n|t:|1700631358\n|move|p1a: Pinsir|Return|p2a: Clodsire\n|-damage|p2a: Clodsire|0 fnt\n|faint|p2a: Clodsire\n|\n|upkeep\n|\n|t:|1700631360\n|switch|p2a: Gliscor|Gliscor, M|68\/100 tox\n|turn|51\n|\n|t:|1700631365\n|move|p1a: Pinsir|Return|p2a: Gliscor\n|-damage|p2a: Gliscor|0 fnt\n|faint|p2a: Gliscor\n|\n|upkeep\n|\n|t:|1700631369\n|switch|p2a: Garganacl|Garganacl, M|100\/100\n|turn|52\n|\n|t:|1700631373\n|move|p1a: Pinsir|Earthquake|p2a: Garganacl\n|-supereffective|p2a: Garganacl\n|-damage|p2a: Garganacl|0 fnt\n|faint|p2a: Garganacl\n|\n|win|vestkid27\n|raw|vestkid27's rating: 1490 &rarr; <strong>1503<\/strong><br \/>(+13 for winning)\n|raw|taowang's rating: 1371 &rarr; <strong>1358<\/strong><br \/>(-13 for losing)\n|l|\u2606taowang\n|c|\u2606vestkid27|RIP GG STALL SUCKS\n","uploadtime":1700631387,"views":0,"p1id":"vestkid27","p2id":"taowang","formatid":"gen9nationaldex","rating":1358,"private":0,"password":""}