{"id":"gen9nationaldex-1996272740","p1":"AvacadoOil","p2":"ScootDDuck","format":"[Gen 9] National Dex","log":"|html|<div class=\"broadcast-blue\"><strong>[Gen 9] National Dex is currently suspecting Sneasler! For information on how to participate check out the <a href=\"https:\/\/www.smogon.com\/forums\/threads\/sv-national-dex-suspect-8-just-dance.3731534\/\">suspect thread<\/a>.<\/strong><\/div>\n|j|\u2606AvacadoOil\n|j|\u2606ScootDDuck\n|t:|1700666276\n|gametype|singles\n|player|p1|AvacadoOil|elesa|\n|player|p2|ScootDDuck|falkner|\n|teamsize|p1|6\n|teamsize|p2|6\n|gen|9\n|tier|[Gen 9] National Dex\n|rule|HP Percentage Mod: HP is shown in percentages\n|rule|Endless Battle Clause: Forcing endless battles is banned\n|rule|OHKO Clause: OHKO moves are banned\n|rule|Evasion Clause: Evasion abilities, items, and moves are banned\n|rule|Evasion Abilities Clause: Evasion abilities are banned\n|rule|Evasion Items Clause: Evasion items are banned\n|rule|Evasion Moves Clause: Evasion moves are banned\n|rule|Species Clause: Limit one of each Pok\u00e9mon\n|rule|Sleep Clause Mod: Limit one foe put to sleep\n|clearpoke\n|poke|p1|Leafeon, M|\n|poke|p1|Torkoal, F|\n|poke|p1|Swampert, F|\n|poke|p1|Pelipper, M|\n|poke|p1|Mimikyu, F|\n|poke|p1|Empoleon, M|\n|poke|p2|Hippowdon, M|\n|poke|p2|Minior|\n|poke|p2|Excadrill, M|\n|poke|p2|Garchomp, M|\n|poke|p2|Nidoking, M|\n|poke|p2|Gastrodon, F|\n|teampreview\n|inactive|Battle timer is ON: inactive players will automatically lose when time's up. (requested by AvacadoOil)\n|\n|t:|1700666286\n|start\n|switch|p1a: Torkoal|Torkoal, F|100\/100\n|switch|p2a: Sabo|Minior, shiny|100\/100\n|-formechange|p2a: Sabo|Minior-Meteor||[from] ability: Shields Down\n|-weather|SunnyDay|[from] ability: Drought|[of] p1a: Torkoal\n|turn|1\n|\n|t:|1700666293\n|move|p2a: Sabo|Shell Smash|p2a: Sabo\n|-unboost|p2a: Sabo|def|1\n|-unboost|p2a: Sabo|spd|1\n|-boost|p2a: Sabo|atk|2\n|-boost|p2a: Sabo|spa|2\n|-boost|p2a: Sabo|spe|2\n|move|p1a: Torkoal|Stealth Rock|p2a: Sabo\n|-sidestart|p2: ScootDDuck|move: Stealth Rock\n|\n|-weather|SunnyDay|[upkeep]\n|upkeep\n|turn|2\n|\n|t:|1700666301\n|move|p2a: Sabo|Earthquake|p1a: Torkoal\n|-supereffective|p1a: Torkoal\n|-damage|p1a: Torkoal|37\/100\n|move|p1a: Torkoal|Overheat|p2a: Sabo\n|-resisted|p2a: Sabo\n|-enditem|p2a: Sabo|Focus Sash\n|-damage|p2a: Sabo|1\/100\n|-unboost|p1a: Torkoal|spa|2\n|\n|-weather|SunnyDay|[upkeep]\n|-formechange|p2a: Sabo|Minior||[from] ability: Shields Down\n|upkeep\n|turn|3\n|\n|t:|1700666308\n|move|p2a: Sabo|Earthquake|p1a: Torkoal\n|-supereffective|p1a: Torkoal\n|-damage|p1a: Torkoal|0 fnt\n|faint|p1a: Torkoal\n|\n|-weather|SunnyDay|[upkeep]\n|upkeep\n|\n|t:|1700666313\n|switch|p1a: Mimikyu|Mimikyu, F|100\/100\n|turn|4\n|\n|t:|1700666317\n|move|p2a: Sabo|Rock Slide|p1a: Mimikyu|[miss]\n|-miss|p2a: Sabo|p1a: Mimikyu\n|move|p1a: Mimikyu|Swords Dance|p1a: Mimikyu\n|-boost|p1a: Mimikyu|atk|2\n|\n|-weather|SunnyDay|[upkeep]\n|upkeep\n|turn|5\n|\n|t:|1700666319\n|move|p2a: Sabo|Rock Slide|p1a: Mimikyu\n|-activate|p1a: Mimikyu|ability: Disguise\n|-damage|p1a: Mimikyu|100\/100\n|detailschange|p1a: Mimikyu|Mimikyu-Busted, F\n|-damage|p1a: Mimikyu|88\/100|[from] pokemon: Mimikyu-Busted\n|move|p1a: Mimikyu|Swords Dance|p1a: Mimikyu\n|-boost|p1a: Mimikyu|atk|2\n|\n|-weather|none\n|upkeep\n|turn|6\n|\n|t:|1700666328\n|move|p1a: Mimikyu|Shadow Sneak|p2a: Sabo\n|-damage|p2a: Sabo|0 fnt\n|faint|p2a: Sabo\n|\n|upkeep\n|\n|t:|1700666333\n|switch|p2a: Whitebeard|Hippowdon, M|100\/100\n|-damage|p2a: Whitebeard|94\/100|[from] Stealth Rock\n|-weather|Sandstorm|[from] ability: Sand Stream|[of] p2a: Whitebeard\n|turn|7\n|\n|t:|1700666335\n|switch|p2a: Doku Doku|Nidoking, M|100\/100\n|-damage|p2a: Doku Doku|95\/100|[from] Stealth Rock\n|-zpower|p1a: Mimikyu\n|move|p1a: Mimikyu|Let's Snuggle Forever|p2a: Doku Doku|[zeffect]\n|-resisted|p2a: Doku Doku\n|-damage|p2a: Doku Doku|0 fnt\n|faint|p2a: Doku Doku\n|\n|-weather|Sandstorm|[upkeep]\n|-damage|p1a: Mimikyu|82\/100|[from] Sandstorm\n|upkeep\n|\n|t:|1700666342\n|switch|p2a: Zoro|Excadrill, M, shiny|100\/100\n|-damage|p2a: Zoro|97\/100|[from] Stealth Rock\n|turn|8\n|\n|t:|1700666352\n|move|p1a: Mimikyu|Shadow Sneak|p2a: Zoro\n|-damage|p2a: Zoro|25\/100\n|move|p2a: Zoro|Iron Head|p1a: Mimikyu\n|-supereffective|p1a: Mimikyu\n|-damage|p1a: Mimikyu|0 fnt\n|faint|p1a: Mimikyu\n|\n|-weather|Sandstorm|[upkeep]\n|upkeep\n|\n|t:|1700666356\n|switch|p1a: Pelipper|Pelipper, M|100\/100\n|-weather|RainDance|[from] ability: Drizzle|[of] p1a: Pelipper\n|turn|9\n|\n|t:|1700666360\n|switch|p2a: Pudding|Gastrodon, F|100\/100\n|-damage|p2a: Pudding|94\/100|[from] Stealth Rock\n|move|p1a: Pelipper|Hydro Pump|p2a: Pudding\n|-ability|p2a: Pudding|Storm Drain|boost\n|-boost|p2a: Pudding|spa|1\n|\n|-weather|RainDance|[upkeep]\n|-heal|p2a: Pudding|100\/100|[from] item: Leftovers\n|upkeep\n|turn|10\n|\n|t:|1700666364\n|move|p1a: Pelipper|Hurricane|p2a: Pudding\n|-damage|p2a: Pudding|54\/100\n|-start|p2a: Pudding|confusion\n|-activate|p2a: Pudding|confusion\n|move|p2a: Pudding|Ice Beam|p1a: Pelipper\n|-damage|p1a: Pelipper|59\/100\n|\n|-weather|RainDance|[upkeep]\n|-heal|p1a: Pelipper|65\/100|[from] item: Leftovers\n|-heal|p2a: Pudding|61\/100|[from] item: Leftovers\n|upkeep\n|turn|11\n|\n|t:|1700666373\n|move|p1a: Pelipper|U-turn|p2a: Pudding\n|-damage|p2a: Pudding|55\/100\n|\n|t:|1700666375\n|switch|p1a: Swampert|Swampert, F|100\/100|[from] U-turn\n|-activate|p2a: Pudding|confusion\n|move|p2a: Pudding|Ice Beam|p1a: Swampert\n|-damage|p1a: Swampert|67\/100\n|\n|-weather|RainDance|[upkeep]\n|-heal|p2a: Pudding|61\/100|[from] item: Leftovers\n|upkeep\n|turn|12\n|\n|t:|1700666387\n|detailschange|p1a: Swampert|Swampert-Mega, F\n|-mega|p1a: Swampert|Swampert|Swampertite\n|move|p1a: Swampert|High Horsepower|p2a: Pudding\n|-damage|p2a: Pudding|15\/100\n|-end|p2a: Pudding|confusion\n|move|p2a: Pudding|Scald|p1a: Swampert\n|-damage|p1a: Swampert|14\/100\n|\n|-weather|RainDance|[upkeep]\n|-heal|p2a: Pudding|21\/100|[from] item: Leftovers\n|upkeep\n|turn|13\n|\n|t:|1700666399\n|move|p1a: Swampert|High Horsepower|p2a: Pudding\n|-damage|p2a: Pudding|0 fnt\n|faint|p2a: Pudding\n|\n|-weather|none\n|upkeep\n|\n|t:|1700666413\n|switch|p2a: Monkey D. Dragon|Garchomp, M, shiny|100\/100\n|-damage|p2a: Monkey D. Dragon|94\/100|[from] Stealth Rock\n|turn|14\n|\n|t:|1700666417\n|switch|p1a: Empoleon|Empoleon, M|100\/100\n|detailschange|p2a: Monkey D. Dragon|Garchomp-Mega, M, shiny\n|-mega|p2a: Monkey D. Dragon|Garchomp|Garchompite\n|move|p2a: Monkey D. Dragon|Dragon Claw|p1a: Empoleon\n|-resisted|p1a: Empoleon\n|-crit|p1a: Empoleon\n|-damage|p1a: Empoleon|60\/100\n|\n|upkeep\n|turn|15\n|\n|t:|1700666424\n|move|p2a: Monkey D. Dragon|Earthquake|p1a: Empoleon\n|-supereffective|p1a: Empoleon\n|-damage|p1a: Empoleon|0 fnt\n|faint|p1a: Empoleon\n|\n|upkeep\n|\n|t:|1700666426\n|switch|p1a: Pelipper|Pelipper, M|65\/100\n|-weather|RainDance|[from] ability: Drizzle|[of] p1a: Pelipper\n|turn|16\n|\n|t:|1700666428\n|move|p2a: Monkey D. Dragon|Dragon Claw|p1a: Pelipper\n|-damage|p1a: Pelipper|12\/100\n|move|p1a: Pelipper|Ice Beam|p2a: Monkey D. Dragon\n|-supereffective|p2a: Monkey D. Dragon\n|-damage|p2a: Monkey D. Dragon|0 fnt\n|faint|p2a: Monkey D. Dragon\n|\n|-weather|RainDance|[upkeep]\n|-heal|p1a: Pelipper|18\/100|[from] item: Leftovers\n|upkeep\n|\n|t:|1700666442\n|switch|p2a: Zoro|Excadrill, M, shiny|25\/100\n|-damage|p2a: Zoro|22\/100|[from] Stealth Rock\n|turn|17\n|\n|t:|1700666446\n|move|p2a: Zoro|Iron Head|p1a: Pelipper\n|-resisted|p1a: Pelipper\n|-damage|p1a: Pelipper|0 fnt\n|faint|p1a: Pelipper\n|\n|-weather|RainDance|[upkeep]\n|upkeep\n|\n|t:|1700666448\n|switch|p1a: Swampert|Swampert-Mega, F|14\/100\n|turn|18\n|\n|t:|1700666452\n|switch|p2a: Whitebeard|Hippowdon, M|94\/100\n|-damage|p2a: Whitebeard|88\/100|[from] Stealth Rock\n|-weather|Sandstorm|[from] ability: Sand Stream|[of] p2a: Whitebeard\n|move|p1a: Swampert|Aqua Tail|p2a: Whitebeard\n|-supereffective|p2a: Whitebeard\n|-damage|p2a: Whitebeard|24\/100\n|\n|-weather|Sandstorm|[upkeep]\n|upkeep\n|turn|19\n|\n|t:|1700666459\n|move|p1a: Swampert|Aqua Tail|p2a: Whitebeard\n|-supereffective|p2a: Whitebeard\n|-damage|p2a: Whitebeard|0 fnt\n|faint|p2a: Whitebeard\n|\n|-weather|Sandstorm|[upkeep]\n|upkeep\n|\n|t:|1700666461\n|switch|p2a: Zoro|Excadrill, M, shiny|22\/100\n|-damage|p2a: Zoro|19\/100|[from] Stealth Rock\n|turn|20\n|\n|t:|1700666479\n|move|p2a: Zoro|Poison Jab|p1a: Swampert\n|-resisted|p1a: Swampert\n|-crit|p1a: Swampert\n|-damage|p1a: Swampert|0 fnt\n|faint|p1a: Swampert\n|\n|-weather|Sandstorm|[upkeep]\n|upkeep\n|\n|t:|1700666481\n|switch|p1a: Leafeon|Leafeon, M|100\/100\n|turn|21\n|\n|t:|1700666484\n|-terastallize|p1a: Leafeon|Grass\n|move|p2a: Zoro|Poison Jab|p1a: Leafeon\n|-supereffective|p1a: Leafeon\n|-damage|p1a: Leafeon|8\/100\n|move|p1a: Leafeon|Knock Off|p2a: Zoro\n|-damage|p2a: Zoro|0 fnt\n|-enditem|p2a: Zoro|Choice Band|[from] move: Knock Off|[of] p1a: Leafeon\n|faint|p2a: Zoro\n|\n|win|AvacadoOil\n|c|\u2606ScootDDuck|G&\n|c|\u2606ScootDDuck|GG\n","uploadtime":1700666496,"views":2,"p1id":"avacadooil","p2id":"scootdduck","formatid":"gen9nationaldex","rating":0,"private":0,"password":""}