{"id":"gen9nationaldex-1987956864","p1":"Tobit (Triple Zone","p2":"leon lp","format":"[Gen 9] National Dex","log":"|j|\u2606Tobit (Triple Zone\n|j|\u2606leon lp\n|t:|1699652993\n|gametype|singles\n|player|p1|Tobit (Triple Zone|marley|1202\n|player|p2|leon lp|265|1329\n|teamsize|p1|6\n|teamsize|p2|6\n|gen|9\n|tier|[Gen 9] National Dex\n|rated|\n|rule|HP Percentage Mod: HP is shown in percentages\n|rule|Endless Battle Clause: Forcing endless battles is banned\n|rule|OHKO Clause: OHKO moves are banned\n|rule|Evasion Clause: Evasion abilities, items, and moves are banned\n|rule|Evasion Abilities Clause: Evasion abilities are banned\n|rule|Evasion Items Clause: Evasion items are banned\n|rule|Evasion Moves Clause: Evasion moves are banned\n|rule|Species Clause: Limit one of each Pok\u00e9mon\n|rule|Sleep Clause Mod: Limit one foe put to sleep\n|clearpoke\n|poke|p1|Diancie|\n|poke|p1|Glimmora, F|\n|poke|p1|Delphox, F|\n|poke|p1|Greninja-*, M|\n|poke|p1|Magnezone|\n|poke|p1|Breloom, M|\n|poke|p2|Blaziken, M|\n|poke|p2|Aegislash, F|\n|poke|p2|Charizard, F|\n|poke|p2|Grimmsnarl, M|\n|poke|p2|Sneasler, M|\n|poke|p2|Gourgeist-*, M|\n|teampreview\n|c|\u2606leon lp|dude\n|c|\u2606leon lp|glimora\n|\n|t:|1699653019\n|start\n|switch|p1a: Magnezone|Magnezone|100\/100\n|switch|p2a: chalenger 123|Charizard, F|100\/100\n|turn|1\n|\n|t:|1699653026\n|detailschange|p2a: chalenger 123|Charizard-Mega-Y, F\n|-mega|p2a: chalenger 123|Charizard|Charizardite Y\n|-weather|SunnyDay|[from] ability: Drought|[of] p2a: chalenger 123\n|move|p2a: chalenger 123|Overheat|p1a: Magnezone\n|-supereffective|p1a: Magnezone\n|-damage|p1a: Magnezone|0 fnt\n|-unboost|p2a: chalenger 123|spa|2\n|faint|p1a: Magnezone\n|\n|-weather|SunnyDay|[upkeep]\n|upkeep\n|\n|t:|1699653035\n|switch|p1a: Diancie|Diancie|100\/100\n|turn|2\n|\n|t:|1699653039\n|switch|p2a: Sneasler|Sneasler, M|100\/100\n|detailschange|p1a: Diancie|Diancie-Mega\n|-mega|p1a: Diancie|Diancie|Diancite\n|move|p1a: Diancie|Diamond Storm|p2a: Sneasler\n|-resisted|p2a: Sneasler\n|-damage|p2a: Sneasler|55\/100\n|\n|-weather|SunnyDay|[upkeep]\n|upkeep\n|turn|3\n|\n|t:|1699653048\n|switch|p1a: Glimmora|Glimmora, F, shiny|100\/100\n|move|p2a: Sneasler|Fake Out|p1a: Glimmora\n|-enditem|p2a: Sneasler|Normal Gem|[from] gem\n|-resisted|p1a: Glimmora\n|-damage|p1a: Glimmora|93\/100\n|-activate|p1a: Glimmora|ability: Toxic Debris\n|-sidestart|p2: leon lp|move: Toxic Spikes\n|\n|-weather|SunnyDay|[upkeep]\n|-heal|p1a: Glimmora|99\/100|[from] item: Leftovers\n|upkeep\n|turn|4\n|\n|t:|1699653058\n|move|p2a: Sneasler|Close Combat|p1a: Glimmora\n|-damage|p1a: Glimmora|44\/100\n|-unboost|p2a: Sneasler|def|1\n|-unboost|p2a: Sneasler|spd|1\n|-activate|p1a: Glimmora|ability: Toxic Debris\n|-sidestart|p2: leon lp|move: Toxic Spikes\n|move|p1a: Glimmora|Stealth Rock|p2a: Sneasler\n|-sidestart|p2: leon lp|move: Stealth Rock\n|\n|-weather|SunnyDay|[upkeep]\n|-heal|p1a: Glimmora|50\/100|[from] item: Leftovers\n|upkeep\n|turn|5\n|\n|t:|1699653068\n|move|p2a: Sneasler|Dire Claw|p1a: Glimmora\n|-resisted|p1a: Glimmora\n|-damage|p1a: Glimmora|42\/100\n|move|p1a: Glimmora|Spikes|p2a: Sneasler\n|-sidestart|p2: leon lp|Spikes\n|\n|-weather|none\n|-heal|p1a: Glimmora|48\/100|[from] item: Leftovers\n|upkeep\n|turn|6\n|c|\u2606leon lp|dude\n|c|\u2606leon lp|please\n|c|\u2606leon lp|DIE\n|\n|t:|1699653079\n|move|p2a: Sneasler|Close Combat|p1a: Glimmora\n|-damage|p1a: Glimmora|0 fnt\n|-unboost|p2a: Sneasler|def|1\n|-unboost|p2a: Sneasler|spd|1\n|faint|p1a: Glimmora\n|\n|upkeep\n|\n|t:|1699653092\n|switch|p1a: Greninja|Greninja, M|100\/100\n|turn|7\n|\n|t:|1699653111\n|switch|p2a: Kakuzu|Grimmsnarl, M|100\/100\n|-status|p2a: Kakuzu|tox\n|-damage|p2a: Kakuzu|88\/100 tox|[from] Stealth Rock\n|-damage|p2a: Kakuzu|76\/100 tox|[from] Spikes\n|move|p1a: Greninja|Scald|p2a: Kakuzu\n|-damage|p2a: Kakuzu|51\/100 tox\n|\n|-damage|p2a: Kakuzu|45\/100 tox|[from] psn\n|upkeep\n|turn|8\n|j| sulm\n|\n|t:|1699653124\n|-terastallize|p1a: Greninja|Steel\n|move|p1a: Greninja|Tera Blast|p2a: Kakuzu|[anim] Tera Blast Steel\n|-supereffective|p2a: Kakuzu\n|-damage|p2a: Kakuzu|0 fnt\n|faint|p2a: Kakuzu\n|-ability|p1a: Greninja|Battle Bond|boost\n|-boost|p1a: Greninja|atk|1\n|-boost|p1a: Greninja|spa|1\n|-boost|p1a: Greninja|spe|1\n|-activate|p1a: Greninja|ability: Battle Bond\n|\n|upkeep\n|\n|t:|1699653138\n|switch|p2a: Sneasler|Sneasler, M|55\/100\n|-sideend|p2: leon lp|move: Toxic Spikes|[of] p2a: Sneasler\n|-damage|p2a: Sneasler|49\/100|[from] Stealth Rock\n|-damage|p2a: Sneasler|37\/100|[from] Spikes\n|turn|9\n|\n|t:|1699653147\n|move|p1a: Greninja|Scald|p2a: Sneasler\n|-damage|p2a: Sneasler|0 fnt\n|faint|p2a: Sneasler\n|\n|upkeep\n|c| sulm|kk glimmora que tu ta falando?\n|\n|t:|1699653152\n|switch|p2a: Muramasa|Aegislash, F|100\/100\n|-damage|p2a: Muramasa|94\/100|[from] Stealth Rock\n|-damage|p2a: Muramasa|82\/100|[from] Spikes\n|turn|10\n|\n|t:|1699653159\n|move|p1a: Greninja|Dark Pulse|p2a: Muramasa\n|-supereffective|p2a: Muramasa\n|-damage|p2a: Muramasa|0 fnt\n|faint|p2a: Muramasa\n|\n|upkeep\n|\n|t:|1699653164\n|switch|p2a: chalenger 123|Charizard-Mega-Y, F|100\/100\n|-damage|p2a: chalenger 123|51\/100|[from] Stealth Rock\n|-weather|SunnyDay|[from] ability: Drought|[of] p2a: chalenger 123\n|turn|11\n|\n|t:|1699653172\n|move|p1a: Greninja|Scald|p2a: chalenger 123\n|-supereffective|p2a: chalenger 123\n|-damage|p2a: chalenger 123|0 fnt\n|faint|p2a: chalenger 123\n|\n|-weather|SunnyDay|[upkeep]\n|upkeep\n|\n|t:|1699653177\n|switch|p2a: Candy|Gourgeist-Small, M|100\/100\n|-damage|p2a: Candy|88\/100|[from] Stealth Rock\n|-damage|p2a: Candy|76\/100|[from] Spikes\n|-item|p1a: Greninja|Expert Belt|[from] ability: Frisk|[of] p2a: Candy|[identify]\n|turn|12\n|\n|t:|1699653184\n|move|p1a: Greninja|Dark Pulse|p2a: Candy\n|-supereffective|p2a: Candy\n|-damage|p2a: Candy|0 fnt\n|faint|p2a: Candy\n|\n|-weather|SunnyDay|[upkeep]\n|upkeep\n|\n|t:|1699653189\n|switch|p2a: KFC|Blaziken, M, shiny|100\/100\n|-damage|p2a: KFC|88\/100|[from] Stealth Rock\n|-damage|p2a: KFC|76\/100|[from] Spikes\n|turn|13\n|\n|t:|1699653194\n|move|p2a: KFC|Protect|p2a: KFC\n|-singleturn|p2a: KFC|Protect\n|move|p1a: Greninja|Scald|p2a: KFC\n|-activate|p2a: KFC|move: Protect\n|\n|-weather|SunnyDay|[upkeep]\n|-ability|p2a: KFC|Speed Boost|boost\n|-boost|p2a: KFC|spe|1\n|upkeep\n|turn|14\n|j| birdlover123\n|\n|t:|1699653201\n|move|p2a: KFC|Protect||[still]\n|-fail|p2a: KFC\n|move|p1a: Greninja|Scald|p2a: KFC\n|-supereffective|p2a: KFC\n|-damage|p2a: KFC|0 fnt\n|faint|p2a: KFC\n|\n|win|Tobit (Triple Zone\n|raw|Tobit (Triple Zone's rating: 1202 &rarr; <strong>1236<\/strong><br \/>(+34 for winning)\n|raw|leon lp's rating: 1329 &rarr; <strong>1302<\/strong><br \/>(-27 for losing)\n|c|\u2606leon lp|buff\n|c|\u2606Tobit (Triple Zone|gg\n|l| birdlover123\n|c|\u2606leon lp|you dont deserve\n|l|\u2606Tobit (Triple Zone\n|l| sulm\n","uploadtime":1699653270,"views":4,"p1id":"tobittriplezone","p2id":"leonlp","formatid":"gen9nationaldex","rating":1236,"private":0,"password":""}