{"id":"gen9nationaldex-2000181588","p1":"weirdnomad","p2":"wangchenkai","format":"[Gen 9] National Dex","log":"|html|<div class=\"broadcast-blue\"><strong>[Gen 9] National Dex is currently suspecting Sneasler! For information on how to participate check out the <a href=\"https:\/\/www.smogon.com\/forums\/threads\/sv-national-dex-suspect-8-just-dance.3731534\/\">suspect thread<\/a>.<\/strong><\/div>\n|j|\u203dweirdnomad\n|j|\u2606wangchenkai\n|t:|1701168452\n|gametype|singles\n|player|p1|weirdnomad|hiker-gen4|1172\n|player|p2|wangchenkai|juggler|1272\n|teamsize|p1|6\n|teamsize|p2|6\n|gen|9\n|tier|[Gen 9] National Dex\n|rated|\n|rule|HP Percentage Mod: HP is shown in percentages\n|rule|Endless Battle Clause: Forcing endless battles is banned\n|rule|OHKO Clause: OHKO moves are banned\n|rule|Evasion Clause: Evasion abilities, items, and moves are banned\n|rule|Evasion Abilities Clause: Evasion abilities are banned\n|rule|Evasion Items Clause: Evasion items are banned\n|rule|Evasion Moves Clause: Evasion moves are banned\n|rule|Species Clause: Limit one of each Pok\u00e9mon\n|rule|Sleep Clause Mod: Limit one foe put to sleep\n|clearpoke\n|poke|p1|Gliscor, M|\n|poke|p1|Urshifu-*, M|\n|poke|p1|Heatran, M|\n|poke|p1|Ninetales-Alola, F|\n|poke|p1|Gengar, M|\n|poke|p1|Hydreigon, F|\n|poke|p2|Hatterene, F|\n|poke|p2|Mawile, M|\n|poke|p2|Ursaluna, F|\n|poke|p2|Porygon2|\n|poke|p2|Cresselia, F|\n|poke|p2|Marowak-Alola, M|\n|teampreview\n|\n|t:|1701168462\n|start\n|switch|p1a: Ninetales|Ninetales-Alola, F, shiny|100\/100\n|switch|p2a: Hatterene|Hatterene, F|100\/100\n|-weather|Snow|[from] ability: Snow Warning|[of] p1a: Ninetales\n|turn|1\n|\n|t:|1701168470\n|move|p1a: Ninetales|Aurora Veil|p1a: Ninetales\n|-sidestart|p1: weirdnomad|move: Aurora Veil\n|move|p2a: Hatterene|Trick Room|p2a: Hatterene\n|-fieldstart|move: Trick Room|[of] p2a: Hatterene\n|\n|-weather|Snow|[upkeep]\n|upkeep\n|turn|2\n|\n|t:|1701168485\n|switch|p2a: Marowak|Marowak-Alola, M|100\/100\n|switch|p1a: Heatran|Heatran, M, shiny|100\/100\n|\n|-weather|Snow|[upkeep]\n|upkeep\n|turn|3\n|\n|t:|1701168501\n|-terastallize|p1a: Heatran|Dragon\n|move|p2a: Marowak|Low Kick|p1a: Heatran\n|-damage|p1a: Heatran|73\/100\n|move|p1a: Heatran|Scorching Sands|p2a: Marowak\n|-supereffective|p2a: Marowak\n|-damage|p2a: Marowak|48\/100\n|\n|-weather|Snow|[upkeep]\n|-heal|p1a: Heatran|79\/100|[from] item: Leftovers\n|upkeep\n|turn|4\n|\n|t:|1701168517\n|move|p2a: Marowak|Poltergeist|p1a: Heatran\n|-activate|p1a: Heatran|move: Poltergeist|Leftovers\n|-damage|p1a: Heatran|41\/100\n|move|p1a: Heatran|Stealth Rock|p2a: Marowak\n|-sidestart|p2: wangchenkai|move: Stealth Rock\n|\n|-weather|Snow|[upkeep]\n|-heal|p1a: Heatran|47\/100|[from] item: Leftovers\n|upkeep\n|turn|5\n|\n|t:|1701168526\n|move|p1a: Heatran|Protect|p1a: Heatran\n|-singleturn|p1a: Heatran|Protect\n|move|p2a: Marowak|Poltergeist|p1a: Heatran\n|-activate|p1a: Heatran|move: Protect\n|\n|-weather|none\n|-heal|p1a: Heatran|53\/100|[from] item: Leftovers\n|-fieldend|move: Trick Room\n|upkeep\n|turn|6\n|\n|t:|1701168538\n|move|p1a: Heatran|Scorching Sands|p2a: Marowak\n|-supereffective|p2a: Marowak\n|-damage|p2a: Marowak|0 fnt\n|faint|p2a: Marowak\n|\n|-heal|p1a: Heatran|59\/100|[from] item: Leftovers\n|upkeep\n|\n|t:|1701168546\n|switch|p2a: Hatterene|Hatterene, F|100\/100\n|-damage|p2a: Hatterene|88\/100|[from] Stealth Rock\n|turn|7\n|\n|t:|1701168554\n|move|p1a: Heatran|Magma Storm|p2a: Hatterene\n|-damage|p2a: Hatterene|44\/100\n|-activate|p2a: Hatterene|move: Magma Storm|[of] p1a: Heatran\n|move|p2a: Hatterene|Trick Room|p2a: Hatterene\n|-fieldstart|move: Trick Room|[of] p2a: Hatterene\n|\n|-heal|p1a: Heatran|66\/100|[from] item: Leftovers\n|-damage|p2a: Hatterene|32\/100|[from] move: Magma Storm|[partiallytrapped]\n|upkeep\n|turn|8\n|\n|t:|1701168564\n|move|p1a: Heatran|Protect|p1a: Heatran\n|-singleturn|p1a: Heatran|Protect\n|move|p2a: Hatterene|Misty Explosion|p1a: Heatran\n|-activate|p1a: Heatran|move: Protect\n|faint|p2a: Hatterene\n|\n|-heal|p1a: Heatran|72\/100|[from] item: Leftovers\n|-sideend|p1: weirdnomad|move: Aurora Veil\n|upkeep\n|\n|t:|1701168575\n|switch|p2a: Mawile|Mawile, M|100\/100\n|-damage|p2a: Mawile|95\/100|[from] Stealth Rock\n|-ability|p2a: Mawile|Intimidate|boost\n|-unboost|p1a: Heatran|atk|1\n|turn|9\n|inactive|Battle timer is ON: inactive players will automatically lose when time's up. (requested by wangchenkai)\n|\n|t:|1701168599\n|detailschange|p2a: Mawile|Mawile-Mega, M\n|-mega|p2a: Mawile|Mawile|Mawilite\n|move|p2a: Mawile|Play Rough|p1a: Heatran\n|-supereffective|p1a: Heatran\n|-damage|p1a: Heatran|0 fnt\n|-status|p2a: Mawile|brn|[from] ability: Flame Body|[of] p1a: Heatran\n|faint|p1a: Heatran\n|\n|-damage|p2a: Mawile|89\/100 brn|[from] brn\n|upkeep\n|\n|t:|1701168628\n|switch|p1a: Gliscor|Gliscor, M|100\/100\n|turn|10\n|\n|t:|1701168633\n|move|p1a: Gliscor|Protect|p1a: Gliscor\n|-singleturn|p1a: Gliscor|Protect\n|move|p2a: Mawile|Ice Punch|p1a: Gliscor\n|-activate|p1a: Gliscor|move: Protect\n|\n|-damage|p2a: Mawile|83\/100 brn|[from] brn\n|-status|p1a: Gliscor|tox|[from] item: Toxic Orb\n|upkeep\n|turn|11\n|\n|t:|1701168643\n|switch|p1a: Ninetales|Ninetales-Alola, F, shiny|100\/100\n|-weather|Snow|[from] ability: Snow Warning|[of] p1a: Ninetales\n|move|p2a: Mawile|Ice Punch|p1a: Ninetales\n|-resisted|p1a: Ninetales\n|-damage|p1a: Ninetales|88\/100\n|\n|-weather|Snow|[upkeep]\n|-damage|p2a: Mawile|77\/100 brn|[from] brn\n|-fieldend|move: Trick Room\n|upkeep\n|turn|12\n|\n|t:|1701168655\n|move|p1a: Ninetales|Aurora Veil|p1a: Ninetales\n|-sidestart|p1: weirdnomad|move: Aurora Veil\n|move|p2a: Mawile|Play Rough|p1a: Ninetales\n|-damage|p1a: Ninetales|68\/100\n|\n|-weather|Snow|[upkeep]\n|-damage|p2a: Mawile|71\/100 brn|[from] brn\n|upkeep\n|turn|13\n|\n|t:|1701168664\n|switch|p1a: Gengar|Gengar, M|100\/100\n|switch|p2a: Cresselia|Cresselia, F|100\/100\n|-damage|p2a: Cresselia|88\/100|[from] Stealth Rock\n|\n|-weather|Snow|[upkeep]\n|upkeep\n|turn|14\n|\n|t:|1701168680\n|move|p1a: Gengar|Trick|p2a: Cresselia\n|-activate|p1a: Gengar|move: Trick|[of] p2a: Cresselia\n|-item|p2a: Cresselia|Choice Scarf|[from] move: Trick\n|-item|p1a: Gengar|Mental Herb|[from] move: Trick\n|move|p2a: Cresselia|Trick Room|p2a: Cresselia\n|-fieldstart|move: Trick Room|[of] p2a: Cresselia\n|\n|-weather|Snow|[upkeep]\n|upkeep\n|turn|15\n|\n|t:|1701168698\n|switch|p2a: Mawile|Mawile-Mega, M|71\/100 brn\n|-damage|p2a: Mawile|65\/100 brn|[from] Stealth Rock\n|switch|p1a: Gliscor|Gliscor, M|100\/100 tox\n|\n|-weather|none\n|-damage|p2a: Mawile|59\/100 brn|[from] brn\n|upkeep\n|turn|16\n|\n|t:|1701168711\n|move|p1a: Gliscor|Protect|p1a: Gliscor\n|-singleturn|p1a: Gliscor|Protect\n|move|p2a: Mawile|Play Rough|p1a: Gliscor\n|-activate|p1a: Gliscor|move: Protect\n|\n|-damage|p2a: Mawile|53\/100 brn|[from] brn\n|upkeep\n|turn|17\n|\n|t:|1701168719\n|move|p2a: Mawile|Play Rough|p1a: Gliscor\n|-damage|p1a: Gliscor|86\/100 tox\n|move|p1a: Gliscor|U-turn|p2a: Mawile\n|-resisted|p2a: Mawile\n|-damage|p2a: Mawile|49\/100 brn\n|\n|t:|1701168728\n|switch|p1a: Gengar|Gengar, M|100\/100|[from] U-turn\n|\n|-damage|p2a: Mawile|43\/100 brn|[from] brn\n|upkeep\n|turn|18\n|\n|t:|1701168735\n|move|p2a: Mawile|Play Rough|p1a: Gengar\n|-resisted|p1a: Gengar\n|-damage|p1a: Gengar|80\/100\n|-start|p2a: Mawile|Disable|Play Rough|[from] ability: Cursed Body|[of] p1a: Gengar\n|move|p1a: Gengar|Hex|p2a: Mawile\n|-damage|p2a: Mawile|0 fnt\n|faint|p2a: Mawile\n|\n|-fieldend|move: Trick Room\n|upkeep\n|\n|t:|1701168755\n|switch|p2a: Porygon2|Porygon2|100\/100\n|-damage|p2a: Porygon2|88\/100|[from] Stealth Rock\n|-ability|p2a: Porygon2|Cursed Body|[from] ability: Trace|[of] p1a: Gengar\n|turn|19\n|\n|t:|1701168761\n|move|p1a: Gengar|Nasty Plot|p1a: Gengar\n|-boost|p1a: Gengar|spa|2\n|move|p2a: Porygon2|Trick Room|p2a: Porygon2\n|-fieldstart|move: Trick Room|[of] p2a: Porygon2\n|\n|-sideend|p1: weirdnomad|move: Aurora Veil\n|upkeep\n|turn|20\n|\n|t:|1701168770\n|switch|p2a: Ursaluna|Ursaluna, F|100\/100\n|-damage|p2a: Ursaluna|94\/100|[from] Stealth Rock\n|move|p1a: Gengar|Giga Drain|p2a: Ursaluna\n|-supereffective|p2a: Ursaluna\n|-damage|p2a: Ursaluna|8\/100\n|-heal|p1a: Gengar|100\/100|[from] drain|[of] p2a: Ursaluna\n|\n|-status|p2a: Ursaluna|brn|[from] item: Flame Orb\n|upkeep\n|turn|21\n|\n|t:|1701168782\n|switch|p1a: Gliscor|Gliscor, M|86\/100 tox\n|move|p2a: Ursaluna|Earthquake|p1a: Gliscor\n|-immune|p1a: Gliscor\n|\n|-heal|p1a: Gliscor|99\/100 tox|[from] ability: Poison Heal\n|-damage|p2a: Ursaluna|2\/100 brn|[from] brn\n|upkeep\n|turn|22\n|-message|wangchenkai forfeited.\n|\n|win|weirdnomad\n|raw|weirdnomad's rating: 1172 &rarr; <strong>1204<\/strong><br \/>(+32 for winning)\n|raw|wangchenkai's rating: 1272 &rarr; <strong>1240<\/strong><br \/>(-32 for losing)\n|l|\u2606wangchenkai\n","uploadtime":1701168796,"views":6,"p1id":"weirdnomad","p2id":"wangchenkai","formatid":"gen9nationaldex","rating":1204,"private":0,"password":""}