{"id":"gen9nationaldex-1987414752","p1":"qewt","p2":"JogadorCaro","format":"[Gen 9] National Dex","log":"|j|\u2606qewt\n|j|\u2606JogadorCaro\n|t:|1699588299\n|gametype|singles\n|player|p1|qewt|caitlin-masters|1691\n|player|p2|JogadorCaro|tate|1833\n|teamsize|p1|6\n|teamsize|p2|6\n|gen|9\n|tier|[Gen 9] National Dex\n|rated|\n|rule|HP Percentage Mod: HP is shown in percentages\n|rule|Endless Battle Clause: Forcing endless battles is banned\n|rule|OHKO Clause: OHKO moves are banned\n|rule|Evasion Clause: Evasion abilities, items, and moves are banned\n|rule|Evasion Abilities Clause: Evasion abilities are banned\n|rule|Evasion Items Clause: Evasion items are banned\n|rule|Evasion Moves Clause: Evasion moves are banned\n|rule|Species Clause: Limit one of each Pok\u00e9mon\n|rule|Sleep Clause Mod: Limit one foe put to sleep\n|clearpoke\n|poke|p1|Latias, F|\n|poke|p1|Heatran, M|\n|poke|p1|Landorus-Therian, M|\n|poke|p1|Aegislash, M|\n|poke|p1|Urshifu-*, M|\n|poke|p1|Weezing-Galar, F|\n|poke|p2|Garganacl, F|\n|poke|p2|Zamazenta-*|\n|poke|p2|Volcarona, M|\n|poke|p2|Hoopa-Unbound|\n|poke|p2|Dondozo, M|\n|poke|p2|Rotom-Wash|\n|teampreview\n|j| cheezerrat\n|\n|t:|1699588315\n|start\n|switch|p1a: Urshifu|Urshifu-Rapid-Strike, M|100\/100\n|switch|p2a: mulher|Rotom-Wash|100\/100\n|turn|1\n|\n|t:|1699588331\n|move|p1a: Urshifu|U-turn|p2a: mulher\n|-damage|p2a: mulher|74\/100\n|\n|t:|1699588336\n|switch|p1a: Landorus|Landorus-Therian, M, shiny|100\/100|[from] U-turn\n|-ability|p1a: Landorus|Intimidate|boost\n|-unboost|p2a: mulher|atk|1\n|move|p2a: mulher|Volt Switch|p1a: Landorus\n|-immune|p1a: Landorus\n|\n|-heal|p2a: mulher|80\/100|[from] item: Leftovers\n|upkeep\n|turn|2\n|\n|t:|1699588343\n|move|p1a: Landorus|Toxic|p2a: mulher\n|-status|p2a: mulher|tox\n|move|p2a: mulher|Hydro Pump|p1a: Landorus\n|-supereffective|p1a: Landorus\n|-damage|p1a: Landorus|18\/100\n|\n|-heal|p2a: mulher|86\/100 tox|[from] item: Leftovers\n|-damage|p2a: mulher|80\/100 tox|[from] psn\n|upkeep\n|turn|3\n|\n|t:|1699588349\n|move|p1a: Landorus|Stealth Rock|p2a: mulher\n|-sidestart|p2: JogadorCaro|move: Stealth Rock\n|move|p2a: mulher|Hydro Pump|p1a: Landorus|[miss]\n|-miss|p2a: mulher|p1a: Landorus\n|\n|-heal|p2a: mulher|86\/100 tox|[from] item: Leftovers\n|-damage|p2a: mulher|74\/100 tox|[from] psn\n|upkeep\n|turn|4\n|inactive|Battle timer is ON: inactive players will automatically lose when time's up. (requested by qewt)\n|\n|t:|1699588353\n|switch|p1a: Latias|Latias, F, shiny|100\/100\n|move|p2a: mulher|Hydro Pump|p1a: Latias\n|-resisted|p1a: Latias\n|-damage|p1a: Latias|83\/100\n|\n|-heal|p2a: mulher|80\/100 tox|[from] item: Leftovers\n|-damage|p2a: mulher|61\/100 tox|[from] psn\n|upkeep\n|turn|5\n|\n|t:|1699588357\n|detailschange|p1a: Latias|Latias-Mega, F, shiny\n|-mega|p1a: Latias|Latias|Latiasite\n|move|p1a: Latias|Substitute|p1a: Latias\n|-start|p1a: Latias|Substitute\n|-damage|p1a: Latias|58\/100\n|move|p2a: mulher|Defog|p1a: Latias\n|-sideend|p2: JogadorCaro|Stealth Rock|[from] move: Defog|[of] p2a: mulher\n|\n|-heal|p2a: mulher|67\/100 tox|[from] item: Leftovers\n|-damage|p2a: mulher|42\/100 tox|[from] psn\n|upkeep\n|turn|6\n|\n|t:|1699588367\n|move|p1a: Latias|Psychic|p2a: mulher\n|-damage|p2a: mulher|5\/100 tox\n|move|p2a: mulher|Volt Switch|p1a: Latias\n|-resisted|p1a: Latias\n|-activate|p1a: Latias|move: Substitute|[damage]\n|\n|t:|1699588369\n|switch|p2a: Endeavor|Volcarona, M|100\/100|[from] Volt Switch\n|\n|upkeep\n|turn|7\n|\n|t:|1699588373\n|switch|p1a: Heatran|Heatran, M|100\/100\n|move|p2a: Endeavor|Bug Buzz|p1a: Heatran\n|-resisted|p1a: Heatran\n|-damage|p1a: Heatran|94\/100\n|\n|-heal|p1a: Heatran|99\/100|[from] item: Leftovers\n|upkeep\n|turn|8\n|\n|t:|1699588381\n|switch|p2a: mulher|Rotom-Wash|5\/100 tox\n|move|p1a: Heatran|Magma Storm|p2a: mulher\n|-resisted|p2a: mulher\n|-damage|p2a: mulher|0 fnt\n|faint|p2a: mulher\n|\n|-heal|p1a: Heatran|100\/100|[from] item: Leftovers\n|upkeep\n|\n|t:|1699588387\n|switch|p2a: Toji|Zamazenta|100\/100\n|-ability|p2a: Toji|Dauntless Shield|boost\n|-boost|p2a: Toji|def|1\n|turn|9\n|\n|t:|1699588397\n|move|p2a: Toji|Close Combat|p1a: Heatran\n|-supereffective|p1a: Heatran\n|-damage|p1a: Heatran|0 fnt\n|-unboost|p2a: Toji|def|1\n|-unboost|p2a: Toji|spd|1\n|faint|p1a: Heatran\n|\n|upkeep\n|\n|t:|1699588400\n|switch|p1a: Weezing|Weezing-Galar, F, shiny|100\/100\n|-ability|p1a: Weezing|Neutralizing Gas\n|turn|10\n|\n|t:|1699588411\n|switch|p2a: Agito|Hoopa-Unbound|100\/100\n|move|p1a: Weezing|Will-O-Wisp|p2a: Agito|[miss]\n|-miss|p1a: Weezing|p2a: Agito\n|\n|upkeep\n|turn|11\n|\n|t:|1699588416\n|-end|p1a: Weezing|ability: Neutralizing Gas\n|switch|p1a: Landorus|Landorus-Therian, M, shiny|18\/100\n|-ability|p1a: Landorus|Intimidate|boost\n|-unboost|p2a: Agito|atk|1\n|move|p2a: Agito|Psychic|p1a: Landorus\n|-damage|p1a: Landorus|0 fnt\n|faint|p1a: Landorus\n|\n|upkeep\n|\n|t:|1699588419\n|switch|p1a: Urshifu|Urshifu-Rapid-Strike, M|100\/100\n|turn|12\n|\n|t:|1699588426\n|switch|p2a: Bale\u00e3o|Dondozo, M|100\/100\n|move|p1a: Urshifu|U-turn|p2a: Bale\u00e3o\n|-damage|p2a: Bale\u00e3o|85\/100\n|\n|t:|1699588434\n|switch|p1a: Aegislash|Aegislash, M, shiny|100\/100|[from] U-turn\n|\n|-heal|p2a: Bale\u00e3o|91\/100|[from] item: Leftovers\n|upkeep\n|turn|13\n|\n|t:|1699588438\n|-formechange|p1a: Aegislash|Aegislash-Blade||[from] ability: Stance Change\n|move|p1a: Aegislash|Shadow Ball|p2a: Bale\u00e3o\n|-damage|p2a: Bale\u00e3o|55\/100\n|move|p2a: Bale\u00e3o|Wave Crash|p1a: Aegislash\n|-damage|p1a: Aegislash|1\/100\n|-damage|p2a: Bale\u00e3o|38\/100|[from] Recoil\n|\n|-heal|p2a: Bale\u00e3o|44\/100|[from] item: Leftovers\n|upkeep\n|turn|14\n|\n|t:|1699588446\n|move|p1a: Aegislash|Shadow Ball|p2a: Bale\u00e3o\n|-damage|p2a: Bale\u00e3o|8\/100\n|-unboost|p2a: Bale\u00e3o|spd|1\n|move|p2a: Bale\u00e3o|Wave Crash|p1a: Aegislash\n|-damage|p1a: Aegislash|0 fnt\n|faint|p1a: Aegislash\n|-damage|p2a: Bale\u00e3o|8\/100|[from] Recoil\n|\n|-heal|p2a: Bale\u00e3o|14\/100|[from] item: Leftovers\n|upkeep\n|\n|t:|1699588452\n|switch|p1a: Urshifu|Urshifu-Rapid-Strike, M|100\/100\n|turn|15\n|\n|t:|1699588455\n|-terastallize|p1a: Urshifu|Water\n|move|p1a: Urshifu|Surging Strikes|p2a: Bale\u00e3o\n|-resisted|p2a: Bale\u00e3o\n|-crit|p2a: Bale\u00e3o\n|-damage|p2a: Bale\u00e3o|6\/100\n|-resisted|p2a: Bale\u00e3o\n|-crit|p2a: Bale\u00e3o\n|-damage|p2a: Bale\u00e3o|0 fnt\n|faint|p2a: Bale\u00e3o\n|-hitcount|p2: Bale\u00e3o|2\n|\n|upkeep\n|\n|t:|1699588465\n|switch|p2a: Mahoraga|Garganacl, F|100\/100\n|turn|16\n|j| BurritoSave\n|\n|t:|1699588468\n|switch|p1a: Weezing|Weezing-Galar, F, shiny|100\/100\n|-ability|p1a: Weezing|Neutralizing Gas\n|-terastallize|p2a: Mahoraga|Ghost\n|move|p2a: Mahoraga|Iron Defense|p2a: Mahoraga\n|-boost|p2a: Mahoraga|def|2\n|\n|upkeep\n|turn|17\n|\n|t:|1699588473\n|switch|p2a: Agito|Hoopa-Unbound|100\/100\n|move|p1a: Weezing|Will-O-Wisp|p2a: Agito\n|-status|p2a: Agito|brn\n|\n|-damage|p2a: Agito|95\/100 brn|[from] brn\n|upkeep\n|turn|18\n|\n|t:|1699588481\n|move|p2a: Agito|Psychic|p1a: Weezing\n|-supereffective|p1a: Weezing\n|-damage|p1a: Weezing|0 fnt\n|faint|p1a: Weezing\n|-end|p1a: Weezing|ability: Neutralizing Gas\n|\n|-damage|p2a: Agito|89\/100 brn|[from] brn\n|upkeep\n|\n|t:|1699588483\n|switch|p1a: Urshifu|Urshifu-Rapid-Strike, M, tera:Water|100\/100\n|turn|19\n|\n|t:|1699588494\n|switch|p2a: Endeavor|Volcarona, M|100\/100\n|move|p1a: Urshifu|Surging Strikes|p2a: Endeavor\n|-supereffective|p2a: Endeavor\n|-crit|p2a: Endeavor\n|-damage|p2a: Endeavor|16\/100\n|-supereffective|p2a: Endeavor\n|-crit|p2a: Endeavor\n|-damage|p2a: Endeavor|0 fnt\n|-status|p1a: Urshifu|brn|[from] ability: Flame Body|[of] p2a: Endeavor\n|faint|p2a: Endeavor\n|-hitcount|p2: Endeavor|2\n|\n|-damage|p1a: Urshifu|94\/100 brn|[from] brn\n|upkeep\n|c|\u2606qewt|gg\n|c|\u2606JogadorCaro|burneeeeeeeeeeeeeeeeeeeeed\n|\n|t:|1699588508\n|switch|p2a: Mahoraga|Garganacl, F, tera:Ghost|100\/100\n|turn|20\n|\n|t:|1699588512\n|switch|p1a: Latias|Latias-Mega, F, shiny|58\/100\n|move|p2a: Mahoraga|Iron Defense|p2a: Mahoraga\n|-boost|p2a: Mahoraga|def|2\n|\n|upkeep\n|turn|21\n|\n|t:|1699588515\n|switch|p2a: Agito|Hoopa-Unbound|89\/100 brn\n|move|p1a: Latias|Substitute|p1a: Latias\n|-start|p1a: Latias|Substitute\n|-damage|p1a: Latias|33\/100\n|\n|-damage|p2a: Agito|83\/100 brn|[from] brn\n|upkeep\n|turn|22\n|j| i hate fs\n|c|\u2606qewt|won if not for that :(\n|\n|t:|1699588522\n|move|p1a: Latias|Aura Sphere|p2a: Agito\n|-damage|p2a: Agito|55\/100 brn\n|move|p2a: Agito|Dark Pulse|p1a: Latias\n|-supereffective|p1a: Latias\n|-end|p1a: Latias|Substitute\n|\n|-damage|p2a: Agito|49\/100 brn|[from] brn\n|upkeep\n|turn|23\n|\n|t:|1699588526\n|switch|p1a: Urshifu|Urshifu-Rapid-Strike, M, tera:Water|94\/100 brn\n|move|p2a: Agito|Dark Pulse|p1a: Urshifu\n|-damage|p1a: Urshifu|0 fnt\n|faint|p1a: Urshifu\n|\n|-damage|p2a: Agito|43\/100 brn|[from] brn\n|upkeep\n|\n|t:|1699588528\n|switch|p1a: Latias|Latias-Mega, F, shiny|33\/100\n|turn|24\n|\n|t:|1699588531\n|move|p1a: Latias|Aura Sphere|p2a: Agito\n|-damage|p2a: Agito|17\/100 brn\n|move|p2a: Agito|Dark Pulse|p1a: Latias\n|-supereffective|p1a: Latias\n|-damage|p1a: Latias|0 fnt\n|faint|p1a: Latias\n|\n|win|JogadorCaro\n|raw|qewt's rating: 1691 &rarr; <strong>1679<\/strong><br \/>(-12 for losing)\n|raw|JogadorCaro's rating: 1833 &rarr; <strong>1845<\/strong><br \/>(+12 for winning)\n|c|\u2606qewt|gg\n|c|\u2606JogadorCaro|gg\n|c|\u2606qewt|burn was unfort\n|c|\u2606JogadorCaro|i know\n|c|\u2606JogadorCaro|this is why i put the Volcarona\n|c|\u2606qewt|yeah\n|l| BurritoSave\n|c|\u2606JogadorCaro|two hits in a turn is two times more chances to burn\n|l| cheezerrat\n|c|\u2606JogadorCaro|be pride\n|c|\u2606JogadorCaro|you are strong\n","uploadtime":1699588619,"views":7,"p1id":"qewt","p2id":"jogadorcaro","formatid":"gen9nationaldex","rating":1679,"private":0,"password":""}