{"id":"gen9nationaldex-1990301417","p1":"Sonanta","p2":"lemon1119","format":"[Gen 9] National Dex","log":"|j|\u2606Sonanta\n|j|\u2606lemon1119\n|t:|1699953355\n|gametype|singles\n|player|p1|Sonanta|flint|1584\n|player|p2|lemon1119|lillie-masters2|1658\n|teamsize|p1|6\n|teamsize|p2|6\n|gen|9\n|tier|[Gen 9] National Dex\n|rated|\n|rule|HP Percentage Mod: HP is shown in percentages\n|rule|Endless Battle Clause: Forcing endless battles is banned\n|rule|OHKO Clause: OHKO moves are banned\n|rule|Evasion Clause: Evasion abilities, items, and moves are banned\n|rule|Evasion Abilities Clause: Evasion abilities are banned\n|rule|Evasion Items Clause: Evasion items are banned\n|rule|Evasion Moves Clause: Evasion moves are banned\n|rule|Species Clause: Limit one of each Pok\u00e9mon\n|rule|Sleep Clause Mod: Limit one foe put to sleep\n|clearpoke\n|poke|p1|Garchomp, M|\n|poke|p1|Dondozo, M|\n|poke|p1|Scizor, M|\n|poke|p1|Chansey, F|\n|poke|p1|Zapdos|\n|poke|p1|Heatran, M|\n|poke|p2|Hoopa-Unbound|\n|poke|p2|Alomomola, M|\n|poke|p2|Scizor, F|\n|poke|p2|Ogerpon-Cornerstone, F|\n|poke|p2|Zapdos|\n|poke|p2|Dragonite, F|\n|teampreview\n|inactive|Battle timer is ON: inactive players will automatically lose when time's up. (requested by lemon1119)\n|inactive|Sonanta has 120 seconds left.\n|inactive|lemon1119 has 120 seconds left.\n|\n|t:|1699953387\n|start\n|switch|p1a: Dragon hunter|Garchomp, M, shiny|100\/100\n|switch|p2a: Alomomola|Alomomola, M|100\/100\n|turn|1\n|\n|t:|1699953394\n|switch|p1a: Zapdos|Zapdos|100\/100\n|move|p2a: Alomomola|Toxic|p1a: Zapdos\n|-status|p1a: Zapdos|tox\n|\n|-damage|p1a: Zapdos|94\/100 tox|[from] psn\n|upkeep\n|turn|2\n|\n|t:|1699953402\n|switch|p2a: Scizor|Scizor, F|100\/100\n|move|p1a: Zapdos|Volt Switch|p2a: Scizor\n|-damage|p2a: Scizor|73\/100\n|\n|t:|1699953410\n|switch|p1a: magna|Heatran, M|100\/100|[from] Volt Switch\n|\n|upkeep\n|turn|3\n|\n|t:|1699953414\n|switch|p2a: Alomomola|Alomomola, M|100\/100\n|-terastallize|p1a: magna|Fire\n|move|p1a: magna|Eruption|p2a: Alomomola\n|-resisted|p2a: Alomomola\n|-crit|p2a: Alomomola\n|-damage|p2a: Alomomola|3\/100\n|\n|upkeep\n|turn|4\n|\n|t:|1699953426\n|switch|p2a: Scizor|Scizor, F|73\/100\n|move|p1a: magna|Eruption|p2a: Scizor\n|-supereffective|p2a: Scizor\n|-damage|p2a: Scizor|0 fnt\n|faint|p2a: Scizor\n|\n|upkeep\n|\n|t:|1699953430\n|switch|p2a: Dragonite|Dragonite, F|100\/100\n|turn|5\n|\n|t:|1699953446\n|switch|p1a: Zapdos|Zapdos|94\/100 tox\n|move|p2a: Dragonite|Earthquake|p1a: Zapdos\n|-immune|p1a: Zapdos\n|\n|-damage|p1a: Zapdos|88\/100 tox|[from] psn\n|upkeep\n|turn|6\n|\n|t:|1699953456\n|move|p2a: Dragonite|Earthquake|p1a: Zapdos\n|-immune|p1a: Zapdos\n|move|p1a: Zapdos|Volt Switch|p2a: Dragonite\n|-damage|p2a: Dragonite|85\/100\n|\n|t:|1699953466\n|switch|p1a: Dragon hunter|Garchomp, M, shiny|100\/100|[from] Volt Switch\n|\n|upkeep\n|turn|7\n|\n|t:|1699953470\n|switch|p2a: Zapdos|Zapdos|100\/100\n|move|p1a: Dragon hunter|Outrage|p2a: Zapdos\n|-damage|p2a: Zapdos|51\/100\n|\n|upkeep\n|turn|8\n|\n|t:|1699953477\n|move|p1a: Dragon hunter|Outrage|p2a: Zapdos|[from]lockedmove\n|-damage|p2a: Zapdos|0 fnt\n|-status|p1a: Dragon hunter|par|[from] ability: Static|[of] p2a: Zapdos\n|faint|p2a: Zapdos\n|\n|upkeep\n|\n|t:|1699953489\n|switch|p2a: Ogerpon|Ogerpon-Cornerstone, F|100\/100\n|turn|9\n|\n|t:|1699953494\n|move|p2a: Ogerpon|Swords Dance|p2a: Ogerpon\n|-boost|p2a: Ogerpon|atk|2\n|move|p1a: Dragon hunter|Outrage|p2a: Ogerpon|[from]lockedmove\n|-damage|p2a: Ogerpon|17\/100\n|-start|p1a: Dragon hunter|confusion|[fatigue]\n|\n|upkeep\n|turn|10\n|\n|t:|1699953511\n|switch|p1a: Dondozo|Dondozo, M, shiny|100\/100\n|move|p2a: Ogerpon|Horn Leech|p1a: Dondozo\n|-supereffective|p1a: Dondozo\n|-damage|p1a: Dondozo|62\/100\n|-heal|p2a: Ogerpon|49\/100|[from] drain|[of] p1a: Dondozo\n|\n|-heal|p1a: Dondozo|69\/100|[from] item: Leftovers\n|upkeep\n|turn|11\n|\n|t:|1699953522\n|move|p2a: Ogerpon|Horn Leech|p1a: Dondozo\n|-supereffective|p1a: Dondozo\n|-damage|p1a: Dondozo|26\/100\n|-heal|p2a: Ogerpon|84\/100|[from] drain|[of] p1a: Dondozo\n|move|p1a: Dondozo|Wave Crash|p2a: Ogerpon\n|-damage|p2a: Ogerpon|29\/100\n|-damage|p1a: Dondozo|16\/100|[from] Recoil\n|\n|-heal|p1a: Dondozo|22\/100|[from] item: Leftovers\n|upkeep\n|turn|12\n|\n|t:|1699953532\n|move|p2a: Ogerpon|Horn Leech|p1a: Dondozo\n|-supereffective|p1a: Dondozo\n|-damage|p1a: Dondozo|0 fnt\n|-heal|p2a: Ogerpon|47\/100|[from] drain|[of] p1a: Dondozo\n|faint|p1a: Dondozo\n|\n|upkeep\n|\n|t:|1699953540\n|switch|p1a: magna|Heatran, M, tera:Fire|100\/100\n|turn|13\n|\n|t:|1699953543\n|-terastallize|p2a: Ogerpon|Rock\n|detailschange|p2a: Ogerpon|Ogerpon-Cornerstone-Tera, F, tera:Rock\n|-ability|p2a: Ogerpon|Embody Aspect (Cornerstone)|boost\n|-boost|p2a: Ogerpon|def|1\n|move|p1a: magna|Eruption|p2a: Ogerpon\n|-resisted|p2a: Ogerpon\n|-damage|p2a: Ogerpon|0 fnt\n|faint|p2a: Ogerpon\n|\n|upkeep\n|\n|t:|1699953553\n|switch|p2a: Hoopa|Hoopa-Unbound|100\/100\n|turn|14\n|\n|t:|1699953556\n|move|p1a: magna|Eruption|p2a: Hoopa\n|-damage|p2a: Hoopa|4\/100\n|move|p2a: Hoopa|Hyperspace Fury|p1a: magna\n|-damage|p1a: magna|10\/100\n|-unboost|p2a: Hoopa|def|1\n|\n|upkeep\n|turn|15\n|\n|t:|1699953568\n|switch|p2a: Dragonite|Dragonite, F|85\/100\n|move|p1a: magna|Eruption|p2a: Dragonite\n|-resisted|p2a: Dragonite\n|-damage|p2a: Dragonite|79\/100\n|\n|upkeep\n|turn|16\n|\n|t:|1699953579\n|switch|p1a: Chansey|Chansey, F|100\/100\n|move|p2a: Dragonite|Extreme Speed|p1a: Chansey\n|-damage|p1a: Chansey|71\/100\n|\n|upkeep\n|turn|17\n|\n|t:|1699953585\n|switch|p2a: Alomomola|Alomomola, M|36\/100\n|move|p1a: Chansey|Heal Bell|p1a: Chansey\n|-activate|p1a: Chansey|move: Heal Bell\n|-curestatus|p1: Dragon hunter|par|[msg]\n|-curestatus|p1: Zapdos|tox|[msg]\n|\n|upkeep\n|turn|18\n|\n|t:|1699953592\n|move|p1a: Chansey|Toxic|p2a: Alomomola\n|-status|p2a: Alomomola|tox\n|move|p2a: Alomomola|Wish|p2a: Alomomola\n|\n|-damage|p2a: Alomomola|30\/100 tox|[from] psn\n|upkeep\n|turn|19\n|j| hainiumm\n|\n|t:|1699953600\n|move|p1a: Chansey|Seismic Toss|p2a: Alomomola\n|-damage|p2a: Alomomola|11\/100 tox\n|move|p2a: Alomomola|Flip Turn|p1a: Chansey\n|-damage|p1a: Chansey|60\/100\n|\n|t:|1699953603\n|switch|p2a: Hoopa|Hoopa-Unbound|4\/100|[from] Flip Turn\n|\n|-heal|p2a: Hoopa|93\/100|[from] move: Wish|[wisher] Alomomola\n|upkeep\n|turn|20\n|\n|t:|1699953624\n|move|p2a: Hoopa|Hyperspace Fury|p1a: Chansey\n|-damage|p1a: Chansey|0 fnt\n|-unboost|p2a: Hoopa|def|1\n|faint|p1a: Chansey\n|\n|upkeep\n|\n|t:|1699953629\n|switch|p1a: Dragon hunter|Garchomp, M, shiny|100\/100\n|turn|21\n|\n|t:|1699953642\n|move|p1a: Dragon hunter|Outrage|p2a: Hoopa\n|-damage|p2a: Hoopa|0 fnt\n|faint|p2a: Hoopa\n|\n|upkeep\n|-message|lemon1119 forfeited.\n|\n|win|Sonanta\n|raw|Sonanta's rating: 1584 &rarr; <strong>1608<\/strong><br \/>(+24 for winning)\n|raw|lemon1119's rating: 1658 &rarr; <strong>1634<\/strong><br \/>(-24 for losing)\n|l|\u2606lemon1119\n","uploadtime":1699953659,"views":7,"p1id":"sonanta","p2id":"lemon1119","formatid":"gen9nationaldex","rating":1608,"private":0,"password":""}