{"id":"gen9nationaldex-1999322283","p1":"QY_CS","p2":"NDSNEZ Strong Fire","format":"[Gen 9] National Dex","log":"|html|<div class=\"broadcast-blue\"><strong>[Gen 9] National Dex is currently suspecting Sneasler! For information on how to participate check out the <a href=\"https:\/\/www.smogon.com\/forums\/threads\/sv-national-dex-suspect-8-just-dance.3731534\/\">suspect thread<\/a>.<\/strong><\/div>\n|j|\u2606QY_CS\n|j|\u2606NDSNEZ Strong Fire\n|t:|1701060146\n|gametype|singles\n|player|p1|QY_CS|elesa-gen5bw2|1657\n|player|p2|NDSNEZ Strong Fire|gambler|1495\n|teamsize|p1|6\n|teamsize|p2|6\n|gen|9\n|tier|[Gen 9] National Dex\n|rated|\n|rule|HP Percentage Mod: HP is shown in percentages\n|rule|Endless Battle Clause: Forcing endless battles is banned\n|rule|OHKO Clause: OHKO moves are banned\n|rule|Evasion Clause: Evasion abilities, items, and moves are banned\n|rule|Evasion Abilities Clause: Evasion abilities are banned\n|rule|Evasion Items Clause: Evasion items are banned\n|rule|Evasion Moves Clause: Evasion moves are banned\n|rule|Species Clause: Limit one of each Pok\u00e9mon\n|rule|Sleep Clause Mod: Limit one foe put to sleep\n|clearpoke\n|poke|p1|Blissey, F|\n|poke|p1|Dondozo, M|\n|poke|p1|Corviknight, M|\n|poke|p1|Toxapex, F|\n|poke|p1|Tangrowth, F|\n|poke|p1|Ditto|\n|poke|p2|Glimmora, F|\n|poke|p2|Ogerpon-Wellspring, F|\n|poke|p2|Ceruledge, M|\n|poke|p2|Scizor, M|\n|poke|p2|Iron Valiant|\n|poke|p2|Dragonite, F|\n|teampreview\n|\n|t:|1701060162\n|start\n|switch|p1a: Ditto|Ditto|100\/100\n|switch|p2a: Glimmora|Glimmora, F|100\/100\n|-transform|p1a: Ditto|p2a: Glimmora|[from] ability: Imposter\n|turn|1\n|\n|t:|1701060182\n|move|p1a: Ditto|Power Gem|p2a: Glimmora\n|-damage|p2a: Glimmora|49\/100\n|move|p2a: Glimmora|Stealth Rock|p1a: Ditto\n|-sidestart|p1: QY_CS|move: Stealth Rock\n|\n|upkeep\n|turn|2\n|\n|t:|1701060189\n|switch|p2a: Scizor|Scizor, M|100\/100\n|move|p1a: Ditto|Power Gem|p2a: Scizor\n|-damage|p2a: Scizor|44\/100\n|\n|upkeep\n|turn|3\n|\n|t:|1701060198\n|detailschange|p2a: Scizor|Scizor-Mega, M\n|-mega|p2a: Scizor|Scizor|Scizorite\n|move|p1a: Ditto|Power Gem|p2a: Scizor\n|-damage|p2a: Scizor|0 fnt\n|faint|p2a: Scizor\n|\n|upkeep\n|\n|t:|1701060220\n|switch|p2a: Ogerpon|Ogerpon-Wellspring, F|100\/100\n|turn|4\n|c|\u2606QY_CS|damn\n|c|\u2606QY_CS|no rock resist?\n|c|\u2606NDSNEZ Strong Fire|thought u was finna switch no cap\n|\n|t:|1701060242\n|switch|p1a: Tangrowth|Tangrowth, F|100\/100\n|-damage|p1a: Tangrowth|88\/100|[from] Stealth Rock\n|move|p2a: Ogerpon|Ivy Cudgel|p1a: Tangrowth|[anim] Ivy Cudgel Water\n|-resisted|p1a: Tangrowth\n|-damage|p1a: Tangrowth|73\/100\n|\n|upkeep\n|turn|5\n|\n|t:|1701060251\n|switch|p2a: Dragonite|Dragonite, F|100\/100\n|move|p1a: Tangrowth|Knock Off|p2a: Dragonite\n|-damage|p2a: Dragonite|92\/100\n|\n|upkeep\n|turn|6\n|\n|t:|1701060259\n|move|p2a: Dragonite|Dragon Dance|p2a: Dragonite\n|-boost|p2a: Dragonite|atk|1\n|-boost|p2a: Dragonite|spe|1\n|move|p1a: Tangrowth|Nature Power|p2a: Dragonite\n|move|p1a: Tangrowth|Tri Attack|p2a: Dragonite|[from]move: Nature Power\n|-damage|p2a: Dragonite|70\/100\n|\n|upkeep\n|turn|7\n|\n|t:|1701060271\n|switch|p1a: Dondozo|Dondozo, M|100\/100\n|-zpower|p2a: Dragonite\n|move|p2a: Dragonite|Devastating Drake|p1a: Dondozo|[zeffect]\n|-damage|p1a: Dondozo|50\/100\n|\n|upkeep\n|turn|8\n|\n|t:|1701060278\n|move|p2a: Dragonite|Outrage|p1a: Dondozo\n|-damage|p1a: Dondozo|18\/100\n|move|p1a: Dondozo|Rest|p1a: Dondozo\n|-status|p1a: Dondozo|slp|[from] move: Rest\n|-heal|p1a: Dondozo|100\/100 slp|[silent]\n|\n|upkeep\n|turn|9\n|\n|t:|1701060281\n|move|p2a: Dragonite|Outrage|p1a: Dondozo|[from]lockedmove\n|-damage|p1a: Dondozo|71\/100 slp\n|-start|p2a: Dragonite|confusion|[fatigue]\n|cant|p1a: Dondozo|slp\n|move|p1a: Dondozo|Sleep Talk|p1a: Dondozo\n|move|p1a: Dondozo|Rest||[from]move: Sleep Talk|[still]\n|-fail|p1a: Dondozo\n|\n|upkeep\n|turn|10\n|\n|t:|1701060287\n|-activate|p2a: Dragonite|confusion\n|-damage|p2a: Dragonite|43\/100|[from] confusion\n|cant|p1a: Dondozo|slp\n|move|p1a: Dondozo|Sleep Talk|p1a: Dondozo\n|move|p1a: Dondozo|Liquidation|p2a: Dragonite|[from]move: Sleep Talk\n|-resisted|p2a: Dragonite\n|-damage|p2a: Dragonite|28\/100\n|\n|upkeep\n|turn|11\n|\n|t:|1701060295\n|switch|p2a: Ogerpon|Ogerpon-Wellspring, F|100\/100\n|-curestatus|p1a: Dondozo|slp|[msg]\n|move|p1a: Dondozo|Curse|p1a: Dondozo\n|-unboost|p1a: Dondozo|spe|1\n|-boost|p1a: Dondozo|atk|1\n|-boost|p1a: Dondozo|def|1\n|\n|upkeep\n|turn|12\n|\n|t:|1701060301\n|switch|p1a: Tangrowth|Tangrowth, F|100\/100\n|-damage|p1a: Tangrowth|88\/100|[from] Stealth Rock\n|move|p2a: Ogerpon|Taunt|p1a: Tangrowth\n|-start|p1a: Tangrowth|move: Taunt\n|\n|upkeep\n|turn|13\n|\n|t:|1701060309\n|switch|p2a: Glimmora|Glimmora, F|49\/100\n|move|p1a: Tangrowth|Knock Off|p2a: Glimmora\n|-damage|p2a: Glimmora|20\/100\n|-activate|p2a: Glimmora|ability: Toxic Debris\n|-sidestart|p1: QY_CS|move: Toxic Spikes\n|-enditem|p2a: Glimmora|Focus Sash|[from] move: Knock Off|[of] p1a: Tangrowth\n|\n|upkeep\n|turn|14\n|\n|t:|1701060316\n|move|p2a: Glimmora|Mortal Spin|p1a: Tangrowth\n|-supereffective|p1a: Tangrowth\n|-damage|p1a: Tangrowth|82\/100\n|-status|p1a: Tangrowth|psn\n|-damage|p2a: Glimmora|3\/100|[from] item: Rocky Helmet|[of] p1a: Tangrowth\n|move|p1a: Tangrowth|Earthquake|p2a: Glimmora\n|-supereffective|p2a: Glimmora\n|-damage|p2a: Glimmora|0 fnt\n|-activate|p2a: Glimmora|ability: Toxic Debris\n|-sidestart|p1: QY_CS|move: Toxic Spikes\n|faint|p2a: Glimmora\n|\n|-damage|p1a: Tangrowth|70\/100 psn|[from] psn\n|-end|p1a: Tangrowth|move: Taunt\n|upkeep\n|\n|t:|1701060331\n|switch|p2a: Ceruledge|Ceruledge, M|100\/100\n|turn|15\n|\n|t:|1701060342\n|switch|p1a: Toxapex|Toxapex, F|100\/100\n|-sideend|p1: QY_CS|move: Toxic Spikes|[of] p1a: Toxapex\n|move|p2a: Ceruledge|Bitter Blade|p1a: Toxapex\n|-resisted|p1a: Toxapex\n|-damage|p1a: Toxapex|80\/100\n|\n|upkeep\n|turn|16\n|\n|t:|1701060351\n|switch|p2a: Ogerpon|Ogerpon-Wellspring, F|100\/100\n|move|p1a: Toxapex|Toxic Spikes|p2a: Ogerpon\n|-sidestart|p2: NDSNEZ Strong Fire|move: Toxic Spikes\n|\n|upkeep\n|turn|17\n|\n|t:|1701060357\n|move|p2a: Ogerpon|Taunt|p1a: Toxapex\n|-start|p1a: Toxapex|move: Taunt\n|cant|p1a: Toxapex|move: Taunt|Toxic Spikes\n|\n|upkeep\n|turn|18\n|\n|t:|1701060364\n|switch|p2a: Ceruledge|Ceruledge, M|100\/100\n|-status|p2a: Ceruledge|psn\n|switch|p1a: Tangrowth|Tangrowth, F|100\/100 psn\n|-damage|p1a: Tangrowth|88\/100 psn|[from] Stealth Rock\n|\n|-damage|p2a: Ceruledge|88\/100 psn|[from] psn\n|-damage|p1a: Tangrowth|76\/100 psn|[from] psn\n|upkeep\n|turn|19\n|\n|t:|1701060368\n|switch|p1a: Toxapex|Toxapex, F|100\/100\n|move|p2a: Ceruledge|Swords Dance|p2a: Ceruledge\n|-boost|p2a: Ceruledge|atk|2\n|\n|-damage|p2a: Ceruledge|76\/100 psn|[from] psn\n|upkeep\n|turn|20\n|\n|t:|1701060372\n|-terastallize|p2a: Ceruledge|Ghost\n|move|p2a: Ceruledge|Poltergeist|p1a: Toxapex\n|-activate|p1a: Toxapex|move: Poltergeist|Heavy-Duty Boots\n|-damage|p1a: Toxapex|0 fnt\n|faint|p1a: Toxapex\n|\n|-damage|p2a: Ceruledge|63\/100 psn|[from] psn\n|upkeep\n|\n|t:|1701060379\n|switch|p1a: Ditto|Ditto|100\/100\n|-damage|p1a: Ditto|88\/100|[from] Stealth Rock\n|-transform|p1a: Ditto|p2a: Ceruledge|[from] ability: Imposter\n|-start|p1a: Ditto|typechange|Fire\/Ghost|[silent]\n|turn|21\n|\n|t:|1701060382\n|move|p1a: Ditto|Shadow Sneak|p2a: Ceruledge\n|-supereffective|p2a: Ceruledge\n|-damage|p2a: Ceruledge|0 fnt\n|faint|p2a: Ceruledge\n|\n|upkeep\n|\n|t:|1701060387\n|switch|p2a: Dragonite|Dragonite, F|28\/100\n|turn|22\n|\n|t:|1701060389\n|move|p1a: Ditto|Shadow Sneak|p2a: Dragonite\n|-damage|p2a: Dragonite|0 fnt\n|faint|p2a: Dragonite\n|\n|upkeep\n|\n|t:|1701060391\n|switch|p2a: Iron Valiant|Iron Valiant|100\/100\n|-status|p2a: Iron Valiant|psn\n|-enditem|p2a: Iron Valiant|Booster Energy\n|-activate|p2a: Iron Valiant|ability: Quark Drive|[fromitem]\n|-start|p2a: Iron Valiant|quarkdrivespe\n|turn|23\n|\n|t:|1701060398\n|switch|p1a: Dondozo|Dondozo, M|71\/100\n|move|p2a: Iron Valiant|Shadow Ball|p1a: Dondozo\n|-damage|p1a: Dondozo|44\/100\n|\n|-damage|p2a: Iron Valiant|88\/100 psn|[from] psn\n|upkeep\n|turn|24\n|\n|t:|1701060408\n|move|p2a: Iron Valiant|Calm Mind|p2a: Iron Valiant\n|-boost|p2a: Iron Valiant|spa|1\n|-boost|p2a: Iron Valiant|spd|1\n|move|p1a: Dondozo|Liquidation|p2a: Iron Valiant\n|-damage|p2a: Iron Valiant|51\/100 psn\n|-unboost|p2a: Iron Valiant|def|1\n|\n|-damage|p2a: Iron Valiant|38\/100 psn|[from] psn\n|upkeep\n|turn|25\n|\n|t:|1701060414\n|move|p2a: Iron Valiant|Moonblast|p1a: Dondozo\n|-damage|p1a: Dondozo|3\/100\n|move|p1a: Dondozo|Liquidation|p2a: Iron Valiant\n|-damage|p2a: Iron Valiant|1\/100 psn\n|\n|-damage|p2a: Iron Valiant|0 fnt|[from] psn\n|faint|p2a: Iron Valiant\n|-end|p2a: Iron Valiant|Quark Drive|[silent]\n|upkeep\n|\n|t:|1701060417\n|switch|p2a: Ogerpon|Ogerpon-Wellspring, F|100\/100\n|-status|p2a: Ogerpon|psn\n|turn|26\n|c|\u2606NDSNEZ Strong Fire|gg\n|\n|t:|1701060423\n|move|p2a: Ogerpon|Swords Dance|p2a: Ogerpon\n|-boost|p2a: Ogerpon|atk|2\n|move|p1a: Dondozo|Liquidation|p2a: Ogerpon\n|-immune|p2a: Ogerpon|[from] ability: Water Absorb\n|\n|-damage|p2a: Ogerpon|88\/100 psn|[from] psn\n|upkeep\n|turn|27\n|c|\u2606QY_CS|gg\n|\n|t:|1701060428\n|move|p2a: Ogerpon|Swords Dance|p2a: Ogerpon\n|-boost|p2a: Ogerpon|atk|2\n|move|p1a: Dondozo|Liquidation|p2a: Ogerpon\n|-heal|p2a: Ogerpon|100\/100 psn|[from] ability: Water Absorb|[of] p1a: Dondozo\n|\n|-damage|p2a: Ogerpon|88\/100 psn|[from] psn\n|upkeep\n|turn|28\n|\n|t:|1701060430\n|move|p2a: Ogerpon|Swords Dance|p2a: Ogerpon\n|-boost|p2a: Ogerpon|atk|2\n|move|p1a: Dondozo|Liquidation|p2a: Ogerpon\n|-heal|p2a: Ogerpon|100\/100 psn|[from] ability: Water Absorb|[of] p1a: Dondozo\n|\n|-damage|p2a: Ogerpon|88\/100 psn|[from] psn\n|upkeep\n|turn|29\n|\n|t:|1701060434\n|move|p2a: Ogerpon|Ivy Cudgel|p1a: Dondozo|[anim] Ivy Cudgel Water\n|-resisted|p1a: Dondozo\n|-crit|p1a: Dondozo\n|-damage|p1a: Dondozo|0 fnt\n|faint|p1a: Dondozo\n|\n|-damage|p2a: Ogerpon|76\/100 psn|[from] psn\n|upkeep\n|\n|t:|1701060439\n|switch|p1a: Ditto|Ditto|88\/100\n|-damage|p1a: Ditto|76\/100|[from] Stealth Rock\n|-transform|p1a: Ditto|p2a: Ogerpon|[from] ability: Imposter\n|turn|30\n|\n|t:|1701060445\n|switch|p1a: Tangrowth|Tangrowth, F|100\/100 psn\n|-damage|p1a: Tangrowth|88\/100 psn|[from] Stealth Rock\n|move|p2a: Ogerpon|Power Whip|p1a: Tangrowth\n|-resisted|p1a: Tangrowth\n|-damage|p1a: Tangrowth|20\/100 psn\n|-damage|p2a: Ogerpon|59\/100 psn|[from] item: Rocky Helmet|[of] p1a: Tangrowth\n|\n|-damage|p2a: Ogerpon|47\/100 psn|[from] psn\n|-damage|p1a: Tangrowth|7\/100 psn|[from] psn\n|upkeep\n|turn|31\n|\n|t:|1701060452\n|switch|p1a: Corviknight|Corviknight, M|100\/100\n|-damage|p1a: Corviknight|88\/100|[from] Stealth Rock\n|-ability|p1a: Corviknight|Pressure\n|move|p2a: Ogerpon|Ivy Cudgel|p1a: Corviknight|[anim] Ivy Cudgel Water\n|-damage|p1a: Corviknight|0 fnt\n|faint|p1a: Corviknight\n|\n|-damage|p2a: Ogerpon|35\/100 psn|[from] psn\n|upkeep\n|\n|t:|1701060456\n|switch|p1a: Blissey|Blissey, F|100\/100\n|turn|32\n|\n|t:|1701060461\n|switch|p1a: Tangrowth|Tangrowth, F|41\/100 psn\n|-damage|p1a: Tangrowth|28\/100 psn|[from] Stealth Rock\n|move|p2a: Ogerpon|Ivy Cudgel|p1a: Tangrowth|[anim] Ivy Cudgel Water\n|-resisted|p1a: Tangrowth\n|-crit|p1a: Tangrowth\n|-damage|p1a: Tangrowth|0 fnt\n|faint|p1a: Tangrowth\n|\n|-damage|p2a: Ogerpon|22\/100 psn|[from] psn\n|upkeep\n|\n|t:|1701060464\n|switch|p1a: Blissey|Blissey, F|100\/100\n|turn|33\n|\n|t:|1701060467\n|move|p2a: Ogerpon|Ivy Cudgel|p1a: Blissey|[anim] Ivy Cudgel Water\n|-damage|p1a: Blissey|0 fnt\n|faint|p1a: Blissey\n|\n|-damage|p2a: Ogerpon|10\/100 psn|[from] psn\n|upkeep\n|\n|t:|1701060469\n|switch|p1a: Ditto|Ditto|76\/100\n|-damage|p1a: Ditto|63\/100|[from] Stealth Rock\n|-transform|p1a: Ditto|p2a: Ogerpon|[from] ability: Imposter\n|turn|34\n|\n|t:|1701060472\n|move|p1a: Ditto|Ivy Cudgel|p2a: Ogerpon|[anim] Ivy Cudgel Water\n|-heal|p2a: Ogerpon|35\/100 psn|[from] ability: Water Absorb|[of] p1a: Ditto\n|move|p2a: Ogerpon|Ivy Cudgel|p1a: Ditto|[anim] Ivy Cudgel Water\n|-heal|p1a: Ditto|88\/100|[from] ability: Water Absorb|[of] p2a: Ogerpon\n|\n|-damage|p2a: Ogerpon|23\/100 psn|[from] psn\n|upkeep\n|turn|35\n|c|\u2606QY_CS|omg im stupid\n|c|\u2606NDSNEZ Strong Fire|?\n|c|\u2606QY_CS|lol\n|c|\u2606NDSNEZ Strong Fire|lol\n|c|\u2606QY_CS|i completely forgot\n|c|\u2606QY_CS|gg its ok\n|\n|t:|1701060495\n|move|p1a: Ditto|Ivy Cudgel|p2a: Ogerpon|[anim] Ivy Cudgel Water\n|-heal|p2a: Ogerpon|48\/100 psn|[from] ability: Water Absorb|[of] p1a: Ditto\n|move|p2a: Ogerpon|Power Whip|p1a: Ditto\n|-damage|p1a: Ditto|0 fnt\n|faint|p1a: Ditto\n|\n|win|NDSNEZ Strong Fire\n|raw|QY_CS's rating: 1657 &rarr; <strong>1628<\/strong><br \/>(-29 for losing)\n|raw|NDSNEZ Strong Fire's rating: 1495 &rarr; <strong>1524<\/strong><br \/>(+29 for winning)\n|c|\u2606NDSNEZ Strong Fire|gg\n","uploadtime":1701060506,"views":6,"p1id":"qycs","p2id":"ndsnezstrongfire","formatid":"gen9nationaldex","rating":1524,"private":0,"password":""}