{"id":"gen9nationaldex-1991098355","p1":"Kylokyz","p2":"Spocha","format":"[Gen 9] National Dex","log":"|j|\u2606Kylokyz\n|j|\u2606Spocha\n|t:|1700042588\n|gametype|singles\n|player|p1|Kylokyz|siebold|1130\n|player|p2|Spocha|benga|1174\n|teamsize|p1|6\n|teamsize|p2|6\n|gen|9\n|tier|[Gen 9] National Dex\n|rated|\n|rule|HP Percentage Mod: HP is shown in percentages\n|rule|Endless Battle Clause: Forcing endless battles is banned\n|rule|OHKO Clause: OHKO moves are banned\n|rule|Evasion Clause: Evasion abilities, items, and moves are banned\n|rule|Evasion Abilities Clause: Evasion abilities are banned\n|rule|Evasion Items Clause: Evasion items are banned\n|rule|Evasion Moves Clause: Evasion moves are banned\n|rule|Species Clause: Limit one of each Pok\u00e9mon\n|rule|Sleep Clause Mod: Limit one foe put to sleep\n|clearpoke\n|poke|p1|Nidoking, M|\n|poke|p1|Banette, F|\n|poke|p1|Empoleon, F|\n|poke|p1|Moltres|\n|poke|p1|Garchomp, M|\n|poke|p1|Clefable, F|\n|poke|p2|Breloom, M|\n|poke|p2|Rillaboom, M|\n|poke|p2|Ferrothorn, M|\n|poke|p2|Ogerpon-Wellspring, F|\n|poke|p2|Meowscarada, F|\n|poke|p2|Venusaur, M|\n|teampreview\n|c|\u2606Spocha|i am plant gym leader\n|c|\u2606Kylokyz|gl\n|\n|t:|1700042624\n|start\n|switch|p1a: Clefable|Clefable, F|100\/100\n|switch|p2a: Breloom|Breloom, M, shiny|100\/100\n|turn|1\n|c|\u2606Spocha|i really suck at this game\n|inactive|Battle timer is ON: inactive players will automatically lose when time's up. (requested by Spocha)\n|\n|t:|1700042689\n|move|p2a: Breloom|Swords Dance|p2a: Breloom\n|-boost|p2a: Breloom|atk|2\n|move|p1a: Clefable|Thunder Wave|p2a: Breloom\n|-status|p2a: Breloom|par\n|\n|upkeep\n|turn|2\n|\n|t:|1700042697\n|move|p1a: Clefable|Moonblast|p2a: Breloom\n|-supereffective|p2a: Breloom\n|-damage|p2a: Breloom|0 fnt\n|faint|p2a: Breloom\n|\n|upkeep\n|\n|t:|1700042705\n|switch|p2a: Venusaur|Venusaur, M|100\/100\n|turn|3\n|c|\u2606Spocha|darnit\n|\n|t:|1700042719\n|switch|p1a: Empoleon|Empoleon, F|100\/100\n|detailschange|p2a: Venusaur|Venusaur-Mega, M\n|-mega|p2a: Venusaur|Venusaur|Venusaurite\n|move|p2a: Venusaur|Sludge Bomb|p1a: Empoleon\n|-immune|p1a: Empoleon\n|\n|upkeep\n|turn|4\n|c|\u2606Spocha|you killed brelooom\n|\n|t:|1700042730\n|move|p2a: Venusaur|Giga Drain|p1a: Empoleon\n|-damage|p1a: Empoleon|72\/100\n|move|p1a: Empoleon|Knock Off|p2a: Venusaur\n|-damage|p2a: Venusaur|91\/100\n|\n|-heal|p1a: Empoleon|78\/100|[from] item: Leftovers\n|upkeep\n|turn|5\n|\n|t:|1700042739\n|move|p2a: Venusaur|Earth Power|p1a: Empoleon\n|-supereffective|p1a: Empoleon\n|-damage|p1a: Empoleon|37\/100\n|move|p1a: Empoleon|Scald|p2a: Venusaur\n|-resisted|p2a: Venusaur\n|-damage|p2a: Venusaur|78\/100\n|\n|-heal|p1a: Empoleon|43\/100|[from] item: Leftovers\n|upkeep\n|turn|6\n|\n|t:|1700042747\n|move|p2a: Venusaur|Earth Power|p1a: Empoleon\n|-supereffective|p1a: Empoleon\n|-damage|p1a: Empoleon|0 fnt\n|faint|p1a: Empoleon\n|\n|upkeep\n|\n|t:|1700042755\n|switch|p1a: Moltres|Moltres|100\/100\n|turn|7\n|\n|t:|1700042760\n|move|p1a: Moltres|Hurricane|p2a: Venusaur|[miss]\n|-miss|p1a: Moltres|p2a: Venusaur\n|move|p2a: Venusaur|Toxic|p1a: Moltres\n|-status|p1a: Moltres|tox\n|\n|-damage|p1a: Moltres|94\/100 tox|[from] psn\n|upkeep\n|turn|8\n|\n|t:|1700042768\n|move|p1a: Moltres|Hurricane|p2a: Venusaur\n|-supereffective|p2a: Venusaur\n|-damage|p2a: Venusaur|0 fnt\n|faint|p2a: Venusaur\n|\n|-damage|p1a: Moltres|82\/100 tox|[from] psn\n|upkeep\n|\n|t:|1700042775\n|switch|p2a: Ogerpon|Ogerpon-Wellspring, F|100\/100\n|turn|9\n|\n|t:|1700042783\n|-terastallize|p2a: Ogerpon|Water\n|detailschange|p2a: Ogerpon|Ogerpon-Wellspring-Tera, F, tera:Water\n|-ability|p2a: Ogerpon|Embody Aspect (Wellspring)|boost\n|-boost|p2a: Ogerpon|spd|1\n|-terastallize|p1a: Moltres|Water\n|move|p2a: Ogerpon|Swords Dance|p2a: Ogerpon\n|-boost|p2a: Ogerpon|atk|2\n|move|p1a: Moltres|Hurricane|p2a: Ogerpon|[miss]\n|-miss|p1a: Moltres|p2a: Ogerpon\n|\n|-damage|p1a: Moltres|64\/100 tox|[from] psn\n|upkeep\n|turn|10\n|\n|t:|1700042805\n|move|p2a: Ogerpon|Knock Off|p1a: Moltres\n|-damage|p1a: Moltres|4\/100 tox\n|-status|p2a: Ogerpon|brn|[from] ability: Flame Body|[of] p1a: Moltres\n|-enditem|p1a: Moltres|Heavy-Duty Boots|[from] move: Knock Off|[of] p2a: Ogerpon\n|move|p1a: Moltres|Roost|p1a: Moltres\n|-heal|p1a: Moltres|54\/100 tox\n|\n|-damage|p1a: Moltres|30\/100 tox|[from] psn\n|-damage|p2a: Ogerpon|95\/100 brn|[from] brn\n|upkeep\n|turn|11\n|\n|t:|1700042817\n|move|p2a: Ogerpon|Ivy Cudgel|p1a: Moltres|[anim] Ivy Cudgel Water\n|-resisted|p1a: Moltres\n|-damage|p1a: Moltres|0 fnt\n|faint|p1a: Moltres\n|\n|-damage|p2a: Ogerpon|89\/100 brn|[from] brn\n|upkeep\n|\n|t:|1700042822\n|switch|p1a: Clefable|Clefable, F|100\/100\n|turn|12\n|\n|t:|1700042827\n|move|p2a: Ogerpon|Swords Dance|p2a: Ogerpon\n|-boost|p2a: Ogerpon|atk|2\n|move|p1a: Clefable|Calm Mind|p1a: Clefable\n|-boost|p1a: Clefable|spa|1\n|-boost|p1a: Clefable|spd|1\n|\n|-damage|p2a: Ogerpon|83\/100 brn|[from] brn\n|upkeep\n|turn|13\n|\n|t:|1700042834\n|move|p2a: Ogerpon|Ivy Cudgel|p1a: Clefable|[anim] Ivy Cudgel Water\n|-damage|p1a: Clefable|16\/100\n|move|p1a: Clefable|Calm Mind|p1a: Clefable\n|-boost|p1a: Clefable|spa|1\n|-boost|p1a: Clefable|spd|1\n|\n|-heal|p1a: Clefable|22\/100|[from] item: Leftovers\n|-damage|p2a: Ogerpon|77\/100 brn|[from] brn\n|upkeep\n|turn|14\n|\n|t:|1700042842\n|move|p2a: Ogerpon|Ivy Cudgel|p1a: Clefable|[anim] Ivy Cudgel Water\n|-damage|p1a: Clefable|0 fnt\n|faint|p1a: Clefable\n|\n|-damage|p2a: Ogerpon|71\/100 brn|[from] brn\n|upkeep\n|\n|t:|1700042852\n|switch|p1a: Garchomp|Garchomp, M, shiny|100\/100\n|turn|15\n|\n|t:|1700042858\n|move|p2a: Ogerpon|Knock Off|p1a: Garchomp\n|-damage|p1a: Garchomp|61\/100\n|-damage|p2a: Ogerpon|58\/100 brn|[from] ability: Rough Skin|[of] p1a: Garchomp\n|-zpower|p1a: Garchomp\n|move|p1a: Garchomp|Devastating Drake|p2a: Ogerpon|[zeffect]\n|-damage|p2a: Ogerpon|0 fnt\n|faint|p2a: Ogerpon\n|\n|upkeep\n|\n|t:|1700042867\n|switch|p2a: Meowscarada|Meowscarada, F|100\/100\n|turn|16\n|\n|t:|1700042882\n|move|p2a: Meowscarada|Flower Trick|p1a: Garchomp\n|-start|p2a: Meowscarada|typechange|Grass|[from] ability: Protean\n|-crit|p1a: Garchomp\n|-damage|p1a: Garchomp|1\/100\n|-damage|p2a: Meowscarada|91\/100|[from] item: Life Orb\n|move|p1a: Garchomp|Outrage|p2a: Meowscarada\n|-damage|p2a: Meowscarada|0 fnt\n|faint|p2a: Meowscarada\n|\n|upkeep\n|\n|t:|1700042892\n|switch|p2a: Rillaboom|Rillaboom, M, shiny|100\/100\n|-fieldstart|move: Grassy Terrain|[from] ability: Grassy Surge|[of] p2a: Rillaboom\n|turn|17\n|\n|t:|1700042896\n|move|p2a: Rillaboom|Grassy Glide|p1a: Garchomp\n|-damage|p1a: Garchomp|0 fnt\n|-damage|p2a: Rillaboom|88\/100|[from] ability: Rough Skin|[of] p1a: Garchomp\n|faint|p1a: Garchomp\n|\n|-heal|p2a: Rillaboom|94\/100|[from] Grassy Terrain\n|-heal|p2a: Rillaboom|100\/100|[from] item: Leftovers\n|upkeep\n|\n|t:|1700042915\n|switch|p1a: Banette|Banette, F|100\/100\n|-item|p2a: Rillaboom|Leftovers|[from] ability: Frisk|[of] p1a: Banette|[identify]\n|turn|18\n|\n|t:|1700042920\n|detailschange|p1a: Banette|Banette-Mega, F\n|-mega|p1a: Banette|Banette|Banettite\n|move|p2a: Rillaboom|Swords Dance|p2a: Rillaboom\n|-boost|p2a: Rillaboom|atk|2\n|move|p1a: Banette|Poltergeist|p2a: Rillaboom\n|-activate|p2a: Rillaboom|move: Poltergeist|Leftovers\n|-damage|p2a: Rillaboom|13\/100\n|\n|-heal|p2a: Rillaboom|19\/100|[from] Grassy Terrain\n|-heal|p2a: Rillaboom|25\/100|[from] item: Leftovers\n|upkeep\n|turn|19\n|\n|t:|1700042931\n|move|p2a: Rillaboom|Grassy Glide|p1a: Banette\n|-damage|p1a: Banette|0 fnt\n|faint|p1a: Banette\n|\n|-heal|p2a: Rillaboom|31\/100|[from] Grassy Terrain\n|-heal|p2a: Rillaboom|37\/100|[from] item: Leftovers\n|upkeep\n|\n|t:|1700042936\n|switch|p1a: Nidoking|Nidoking, M, shiny|100\/100\n|turn|20\n|\n|t:|1700042944\n|move|p2a: Rillaboom|Grassy Glide|p1a: Nidoking\n|-crit|p1a: Nidoking\n|-damage|p1a: Nidoking|0 fnt\n|faint|p1a: Nidoking\n|\n|win|Spocha\n|raw|Kylokyz's rating: 1130 &rarr; <strong>1108<\/strong><br \/>(-22 for losing)\n|raw|Spocha's rating: 1174 &rarr; <strong>1196<\/strong><br \/>(+22 for winning)\n","uploadtime":1700042948,"views":5,"p1id":"kylokyz","p2id":"spocha","formatid":"gen9nationaldex","rating":1108,"private":0,"password":""}