{"id":"gen9nationaldex-1992667842","p1":"Master MatMart","p2":"Clayanto","format":"[Gen 9] National Dex","log":"|j|\u2606Master MatMart\n|j|\u2606Clayanto\n|t:|1700222830\n|gametype|singles\n|player|p1|Master MatMart|byron|1370\n|player|p2|Clayanto|ariana|1330\n|teamsize|p1|6\n|teamsize|p2|6\n|gen|9\n|tier|[Gen 9] National Dex\n|rated|\n|rule|HP Percentage Mod: HP is shown in percentages\n|rule|Endless Battle Clause: Forcing endless battles is banned\n|rule|OHKO Clause: OHKO moves are banned\n|rule|Evasion Clause: Evasion abilities, items, and moves are banned\n|rule|Evasion Abilities Clause: Evasion abilities are banned\n|rule|Evasion Items Clause: Evasion items are banned\n|rule|Evasion Moves Clause: Evasion moves are banned\n|rule|Species Clause: Limit one of each Pok\u00e9mon\n|rule|Sleep Clause Mod: Limit one foe put to sleep\n|clearpoke\n|poke|p1|Infernape, F|\n|poke|p1|Urshifu-*, M|\n|poke|p1|Grimmsnarl, M|\n|poke|p1|Landorus-Therian, M|\n|poke|p1|Kartana|\n|poke|p1|Mawile, F|\n|poke|p2|Latios, M|\n|poke|p2|Gardevoir, M|\n|poke|p2|Hoopa-Unbound|\n|poke|p2|Tapu Lele|\n|poke|p2|Sneasler, F|\n|poke|p2|Tyranitar, F|\n|teampreview\n|inactive|Battle timer is ON: inactive players will automatically lose when time's up. (requested by Clayanto)\n|inactive|Master MatMart has 120 seconds left.\n|\n|t:|1700222880\n|start\n|switch|p1a: Landorus|Landorus-Therian, M|100\/100\n|switch|p2a: Latios|Latios, M|100\/100\n|-ability|p1a: Landorus|Intimidate|boost\n|-unboost|p2a: Latios|atk|1\n|turn|1\n|\n|t:|1700222893\n|move|p1a: Landorus|Stealth Rock|p2a: Latios\n|-sidestart|p2: Clayanto|move: Stealth Rock\n|move|p2a: Latios|Whirlpool|p1a: Landorus\n|-supereffective|p1a: Landorus\n|-damage|p1a: Landorus|75\/100\n|-activate|p1a: Landorus|move: Whirlpool|[of] p2a: Latios\n|\n|-damage|p1a: Landorus|63\/100|[from] move: Whirlpool|[partiallytrapped]\n|upkeep\n|turn|2\n|\n|t:|1700222901\n|move|p1a: Landorus|Nasty Plot|p1a: Landorus\n|-boost|p1a: Landorus|spa|2\n|move|p2a: Latios|Simple Beam|p1a: Landorus\n|-endability|p1a: Landorus|Intimidate|[from] move: Simple Beam\n|-ability|p1a: Landorus|Simple|[from] move: Simple Beam\n|\n|-damage|p1a: Landorus|50\/100|[from] move: Whirlpool|[partiallytrapped]\n|upkeep\n|turn|3\n|\n|t:|1700222911\n|-zpower|p1a: Landorus\n|move|p1a: Landorus|Shattered Psyche|p2a: Latios|[zeffect]\n|-resisted|p2a: Latios\n|-damage|p2a: Latios|60\/100\n|-zpower|p2a: Latios\n|move|p2a: Latios|Z-Memento|p1a: Landorus|[anim]Memento\n|-activate|p2a: Latios|healreplacement\n|-unboost|p1a: Landorus|atk|4\n|-unboost|p1a: Landorus|spa|4\n|faint|p2a: Latios\n|\n|-end|p1a: Landorus|Whirlpool|[partiallytrapped]|[silent]\n|upkeep\n|\n|t:|1700222916\n|switch|p2a: Gardevoir|Gardevoir, M|100\/100\n|-heal|p2a: Gardevoir|100\/100|[from] move: Memento|[zeffect]\n|-damage|p2a: Gardevoir|88\/100|[from] Stealth Rock\n|-ability|p2a: Gardevoir|Simple|[from] ability: Trace|[of] p1a: Landorus\n|turn|4\n|c|\u2606Master MatMart|idk whats going on but this is scary\n|inactive|Master MatMart has 120 seconds left.\n|\n|t:|1700222951\n|switch|p1a: Kartana|Kartana|100\/100\n|move|p2a: Gardevoir|Calm Mind|p2a: Gardevoir\n|-boost|p2a: Gardevoir|spa|2\n|-boost|p2a: Gardevoir|spd|2\n|\n|upkeep\n|turn|5\n|\n|t:|1700222958\n|-terastallize|p2a: Gardevoir|Steel\n|move|p1a: Kartana|Leaf Blade|p2a: Gardevoir\n|-resisted|p2a: Gardevoir\n|-damage|p2a: Gardevoir|62\/100\n|-enditem|p2a: Gardevoir|Kee Berry|[eat]\n|-boost|p2a: Gardevoir|def|2|[from] item: Kee Berry\n|move|p2a: Gardevoir|Mystical Fire|p1a: Kartana\n|-supereffective|p1a: Kartana\n|-damage|p1a: Kartana|0 fnt\n|faint|p1a: Kartana\n|\n|upkeep\n|inactive|Master MatMart has 120 seconds left.\n|c|\u2606Master MatMart|woah\n|c|\u2606Master MatMart|nice strat\n|\n|t:|1700222980\n|switch|p1a: Landorus|Landorus-Therian, M|50\/100\n|-ability|p1a: Landorus|Intimidate|boost\n|-unboost|p2a: Gardevoir|atk|2\n|turn|6\n|\n|t:|1700222985\n|move|p1a: Landorus|Earth Power|p2a: Gardevoir\n|-supereffective|p2a: Gardevoir\n|-damage|p2a: Gardevoir|28\/100\n|move|p2a: Gardevoir|Draining Kiss|p1a: Landorus\n|-damage|p1a: Landorus|1\/100\n|-heal|p2a: Gardevoir|62\/100|[from] drain|[of] p1a: Landorus\n|\n|upkeep\n|turn|7\n|\n|t:|1700222994\n|move|p1a: Landorus|Earth Power|p2a: Gardevoir\n|-supereffective|p2a: Gardevoir\n|-damage|p2a: Gardevoir|27\/100\n|move|p2a: Gardevoir|Draining Kiss|p1a: Landorus\n|-damage|p1a: Landorus|0 fnt\n|-heal|p2a: Gardevoir|28\/100|[from] drain|[of] p1a: Landorus\n|faint|p1a: Landorus\n|\n|upkeep\n|inactive|Master MatMart has 120 seconds left.\n|\n|t:|1700223016\n|switch|p1a: Urshifu|Urshifu-Rapid-Strike, M|100\/100\n|turn|8\n|\n|t:|1700223020\n|move|p1a: Urshifu|Drain Punch|p2a: Gardevoir\n|-supereffective|p2a: Gardevoir\n|-damage|p2a: Gardevoir|0 fnt\n|faint|p2a: Gardevoir\n|\n|upkeep\n|\n|t:|1700223024\n|switch|p2a: Tapu Lele|Tapu Lele|100\/100\n|-damage|p2a: Tapu Lele|88\/100|[from] Stealth Rock\n|-fieldstart|move: Psychic Terrain|[from] ability: Psychic Surge|[of] p2a: Tapu Lele\n|turn|9\n|\n|t:|1700223031\n|-terastallize|p1a: Urshifu|Water\n|move|p1a: Urshifu|Surging Strikes|p2a: Tapu Lele\n|-crit|p2a: Tapu Lele\n|-damage|p2a: Tapu Lele|42\/100\n|-crit|p2a: Tapu Lele\n|-damage|p2a: Tapu Lele|0 fnt\n|faint|p2a: Tapu Lele\n|-hitcount|p2: Tapu Lele|2\n|\n|upkeep\n|\n|t:|1700223036\n|switch|p2a: Sneasler|Sneasler, F|100\/100\n|-damage|p2a: Sneasler|94\/100|[from] Stealth Rock\n|-enditem|p2a: Sneasler|Psychic Seed\n|-boost|p2a: Sneasler|spd|1|[from] item: Psychic Seed\n|turn|10\n|\n|t:|1700223050\n|switch|p1a: Mawile|Mawile, F|100\/100\n|-ability|p1a: Mawile|Intimidate|boost\n|-unboost|p2a: Sneasler|atk|1\n|move|p2a: Sneasler|Close Combat|p1a: Mawile\n|-damage|p1a: Mawile|40\/100\n|-unboost|p2a: Sneasler|def|1\n|-unboost|p2a: Sneasler|spd|1\n|\n|upkeep\n|turn|11\n|\n|t:|1700223060\n|detailschange|p1a: Mawile|Mawile-Mega, F\n|-mega|p1a: Mawile|Mawile|Mawilite\n|move|p1a: Mawile|Sucker Punch|p2a: Sneasler\n|-activate|p2a: Sneasler|move: Psychic Terrain\n|move|p2a: Sneasler|Close Combat|p1a: Mawile\n|-damage|p1a: Mawile|0 fnt\n|-unboost|p2a: Sneasler|def|1\n|-unboost|p2a: Sneasler|spd|1\n|faint|p1a: Mawile\n|\n|upkeep\n|\n|t:|1700223077\n|switch|p1a: Urshifu|Urshifu-Rapid-Strike, M, tera:Water|100\/100\n|turn|12\n|\n|t:|1700223083\n|move|p2a: Sneasler|Close Combat|p1a: Urshifu\n|-damage|p1a: Urshifu|61\/100\n|-unboost|p2a: Sneasler|def|1\n|-unboost|p2a: Sneasler|spd|1\n|move|p1a: Urshifu|Surging Strikes|p2a: Sneasler\n|-crit|p2a: Sneasler\n|-damage|p2a: Sneasler|0 fnt\n|faint|p2a: Sneasler\n|-hitcount|p2: Sneasler|1\n|\n|upkeep\n|\n|t:|1700223085\n|switch|p2a: Tyranitar|Tyranitar, F|100\/100\n|-damage|p2a: Tyranitar|88\/100|[from] Stealth Rock\n|-weather|Sandstorm|[from] ability: Sand Stream|[of] p2a: Tyranitar\n|turn|13\n|\n|t:|1700223096\n|detailschange|p2a: Tyranitar|Tyranitar-Mega, F\n|-mega|p2a: Tyranitar|Tyranitar|Tyranitarite\n|move|p1a: Urshifu|Drain Punch|p2a: Tyranitar\n|-supereffective|p2a: Tyranitar\n|-damage|p2a: Tyranitar|0 fnt\n|-heal|p1a: Urshifu|100\/100|[from] drain|[of] p2a: Tyranitar\n|faint|p2a: Tyranitar\n|\n|-weather|Sandstorm|[upkeep]\n|-damage|p1a: Urshifu|94\/100|[from] Sandstorm\n|-fieldend|move: Psychic Terrain\n|upkeep\n|-message|Clayanto forfeited.\n|\n|win|Master MatMart\n|raw|Master MatMart's rating: 1370 &rarr; <strong>1388<\/strong><br \/>(+18 for winning)\n|raw|Clayanto's rating: 1330 &rarr; <strong>1312<\/strong><br \/>(-18 for losing)\n|l|\u2606Clayanto\n","uploadtime":1700223109,"views":5,"p1id":"mastermatmart","p2id":"clayanto","formatid":"gen9nationaldex","rating":1312,"private":0,"password":""}