{"id":"gen9nationaldex-1999150752","p1":"gabardine_bobs","p2":"mannmilk","format":"[Gen 9] National Dex","log":"|html|<div class=\"broadcast-blue\"><strong>[Gen 9] National Dex is currently suspecting Sneasler! For information on how to participate check out the <a href=\"https:\/\/www.smogon.com\/forums\/threads\/sv-national-dex-suspect-8-just-dance.3731534\/\">suspect thread<\/a>.<\/strong><\/div>\n|j|\u2606gabardine_bobs\n|j|\u2606mannmilk\n|t:|1701038710\n|gametype|singles\n|player|p1|gabardine_bobs|170|1117\n|player|p2|mannmilk|clown|1152\n|teamsize|p1|6\n|teamsize|p2|6\n|gen|9\n|tier|[Gen 9] National Dex\n|rated|\n|rule|HP Percentage Mod: HP is shown in percentages\n|rule|Endless Battle Clause: Forcing endless battles is banned\n|rule|OHKO Clause: OHKO moves are banned\n|rule|Evasion Clause: Evasion abilities, items, and moves are banned\n|rule|Evasion Abilities Clause: Evasion abilities are banned\n|rule|Evasion Items Clause: Evasion items are banned\n|rule|Evasion Moves Clause: Evasion moves are banned\n|rule|Species Clause: Limit one of each Pok\u00e9mon\n|rule|Sleep Clause Mod: Limit one foe put to sleep\n|clearpoke\n|poke|p1|Urshifu-*, M|\n|poke|p1|Tapu Lele|\n|poke|p1|Sneasler, M|\n|poke|p1|Banette, F|\n|poke|p1|Ogerpon-Wellspring, F|\n|poke|p1|Garganacl, M|\n|poke|p2|Garchomp, M|\n|poke|p2|Smeargle, M|\n|poke|p2|Tapu Lele|\n|poke|p2|Vivillon-Fancy, F|\n|poke|p2|Slowking-Galar, F|\n|poke|p2|Mr. Rime, M|\n|teampreview\n|\n|t:|1701038720\n|start\n|switch|p1a: Urshifu|Urshifu-Rapid-Strike, M|100\/100\n|switch|p2a: it just works|Vivillon-Fancy, F|100\/100\n|turn|1\n|inactive|Battle timer is ON: inactive players will automatically lose when time's up. (requested by gabardine_bobs)\n|\n|t:|1701038797\n|move|p1a: Urshifu|Thunder Punch|p2a: it just works\n|-supereffective|p2a: it just works\n|-enditem|p2a: it just works|Focus Sash\n|-damage|p2a: it just works|1\/100\n|move|p2a: it just works|Sleep Powder|p1a: Urshifu\n|-status|p1a: Urshifu|slp|[from] move: Sleep Powder\n|\n|upkeep\n|turn|2\n|\n|t:|1701038804\n|cant|p1a: Urshifu|slp\n|move|p2a: it just works|Quiver Dance|p2a: it just works\n|-boost|p2a: it just works|spa|1\n|-boost|p2a: it just works|spd|1\n|-boost|p2a: it just works|spe|1\n|\n|upkeep\n|turn|3\n|\n|t:|1701038807\n|move|p2a: it just works|Hurricane|p1a: Urshifu\n|-supereffective|p1a: Urshifu\n|-damage|p1a: Urshifu|0 fnt\n|faint|p1a: Urshifu\n|\n|upkeep\n|\n|t:|1701038823\n|switch|p1a: Sneasler|Sneasler, M|100\/100\n|turn|4\n|\n|t:|1701038827\n|move|p2a: it just works|Sleep Powder|p1a: Sneasler\n|-status|p1a: Sneasler|slp|[from] move: Sleep Powder\n|cant|p1a: Sneasler|slp\n|\n|upkeep\n|turn|5\n|\n|t:|1701038833\n|move|p2a: it just works|Quiver Dance|p2a: it just works\n|-boost|p2a: it just works|spa|1\n|-boost|p2a: it just works|spd|1\n|-boost|p2a: it just works|spe|1\n|cant|p1a: Sneasler|slp\n|\n|upkeep\n|turn|6\n|\n|t:|1701038842\n|move|p2a: it just works|Hurricane|p1a: Sneasler\n|-supereffective|p1a: Sneasler\n|-damage|p1a: Sneasler|0 fnt\n|faint|p1a: Sneasler\n|\n|upkeep\n|\n|t:|1701038850\n|switch|p1a: Banette|Banette, F|100\/100\n|turn|7\n|c|\u2606mannmilk|go banette\n|c|\u2606mannmilk|press destiny bond\n|\n|t:|1701038857\n|detailschange|p1a: Banette|Banette-Mega, F\n|-mega|p1a: Banette|Banette|Banettite\n|move|p1a: Banette|Destiny Bond|p1a: Banette\n|-singlemove|p1a: Banette|Destiny Bond\n|move|p2a: it just works|Sleep Powder|p1a: Banette\n|-status|p1a: Banette|slp|[from] move: Sleep Powder\n|\n|upkeep\n|turn|8\n|\n|t:|1701038861\n|move|p2a: it just works|Quiver Dance|p2a: it just works\n|-boost|p2a: it just works|spa|1\n|-boost|p2a: it just works|spd|1\n|-boost|p2a: it just works|spe|1\n|cant|p1a: Banette|slp\n|\n|upkeep\n|turn|9\n|\n|t:|1701038864\n|move|p2a: it just works|Hurricane|p1a: Banette\n|-damage|p1a: Banette|0 fnt\n|faint|p1a: Banette\n|\n|upkeep\n|\n|t:|1701038866\n|switch|p1a: Ogerpon|Ogerpon-Wellspring, F|100\/100\n|turn|10\n|\n|t:|1701038873\n|-terastallize|p1a: Ogerpon|Water\n|detailschange|p1a: Ogerpon|Ogerpon-Wellspring-Tera, F, tera:Water\n|-ability|p1a: Ogerpon|Embody Aspect (Wellspring)|boost\n|-boost|p1a: Ogerpon|spd|1\n|move|p2a: it just works|Hurricane|p1a: Ogerpon\n|-damage|p1a: Ogerpon|0 fnt\n|faint|p1a: Ogerpon\n|\n|upkeep\n|\n|t:|1701038881\n|switch|p1a: Tapu Lele|Tapu Lele|100\/100\n|-fieldstart|move: Psychic Terrain|[from] ability: Psychic Surge|[of] p1a: Tapu Lele\n|turn|11\n|\n|t:|1701038885\n|move|p2a: it just works|Hurricane|p1a: Tapu Lele\n|-damage|p1a: Tapu Lele|0 fnt\n|faint|p1a: Tapu Lele\n|\n|upkeep\n|\n|t:|1701038887\n|switch|p1a: Garganacl|Garganacl, M|100\/100\n|turn|12\n|\n|t:|1701038890\n|-terastallize|p2a: it just works|Fighting\n|move|p2a: it just works|Tera Blast|p1a: Garganacl|[anim] Tera Blast Fighting\n|-supereffective|p1a: Garganacl\n|-damage|p1a: Garganacl|0 fnt\n|faint|p1a: Garganacl\n|\n|win|mannmilk\n|raw|gabardine_bobs's rating: 1117 &rarr; <strong>1096<\/strong><br \/>(-21 for losing)\n|raw|mannmilk's rating: 1179 &rarr; <strong>1200<\/strong><br \/>(+21 for winning)\n|l|\u2606gabardine_bobs\n","uploadtime":1701038896,"views":2,"p1id":"gabardinebobs","p2id":"mannmilk","formatid":"gen9nationaldex","rating":1096,"private":0,"password":""}