{"id":"gen9nationaldex-1995668523","p1":"Bonus6","p2":"keynerriv","format":"[Gen 9] National Dex","log":"|html|<div class=\"broadcast-blue\"><strong>[Gen 9] National Dex is currently suspecting Sneasler! For information on how to participate check out the <a href=\"https:\/\/www.smogon.com\/forums\/threads\/sv-national-dex-suspect-8-just-dance.3731534\/\">suspect thread<\/a>.<\/strong><\/div>\n|j|\u2606Bonus6\n|j|\u2606keynerriv\n|t:|1700592354\n|gametype|singles\n|player|p1|Bonus6|2|1300\n|player|p2|keynerriv|265|1192\n|teamsize|p1|6\n|teamsize|p2|6\n|gen|9\n|tier|[Gen 9] National Dex\n|rated|\n|rule|HP Percentage Mod: HP is shown in percentages\n|rule|Endless Battle Clause: Forcing endless battles is banned\n|rule|OHKO Clause: OHKO moves are banned\n|rule|Evasion Clause: Evasion abilities, items, and moves are banned\n|rule|Evasion Abilities Clause: Evasion abilities are banned\n|rule|Evasion Items Clause: Evasion items are banned\n|rule|Evasion Moves Clause: Evasion moves are banned\n|rule|Species Clause: Limit one of each Pok\u00e9mon\n|rule|Sleep Clause Mod: Limit one foe put to sleep\n|clearpoke\n|poke|p1|Houndoom, M|\n|poke|p1|Ninetales, F|\n|poke|p1|Great Tusk|\n|poke|p1|Sandy Shocks|\n|poke|p1|Rillaboom, M|\n|poke|p1|Heliolisk, M|\n|poke|p2|Chesnaught, F|\n|poke|p2|Skeledirge, M|\n|poke|p2|Enamorus, F|\n|poke|p2|Slowking-Galar, M|\n|poke|p2|Great Tusk|\n|poke|p2|Iron Valiant|\n|teampreview\n|inactive|Battle timer is ON: inactive players will automatically lose when time's up. (requested by Bonus6)\n|\n|t:|1700592365\n|start\n|switch|p1a: Ninetales|Ninetales, F|100\/100\n|switch|p2a: Iron Valiant|Iron Valiant, shiny|100\/100\n|-weather|SunnyDay|[from] ability: Drought|[of] p1a: Ninetales\n|-enditem|p2a: Iron Valiant|Booster Energy\n|-activate|p2a: Iron Valiant|ability: Quark Drive|[fromitem]\n|-start|p2a: Iron Valiant|quarkdrivespe\n|turn|1\n|\n|t:|1700592386\n|switch|p1a: Rillaboom|Rillaboom, M|100\/100\n|-fieldstart|move: Grassy Terrain|[from] ability: Grassy Surge|[of] p1a: Rillaboom\n|-enditem|p1a: Rillaboom|Grassy Seed\n|-boost|p1a: Rillaboom|def|1|[from] item: Grassy Seed\n|move|p2a: Iron Valiant|Spirit Break|p1a: Rillaboom\n|-damage|p1a: Rillaboom|74\/100\n|-unboost|p1a: Rillaboom|spa|1\n|\n|-weather|SunnyDay|[upkeep]\n|-heal|p1a: Rillaboom|80\/100|[from] Grassy Terrain\n|upkeep\n|turn|2\n|\n|t:|1700592397\n|move|p2a: Iron Valiant|Poison Jab|p1a: Rillaboom\n|-supereffective|p1a: Rillaboom\n|-damage|p1a: Rillaboom|40\/100\n|-status|p1a: Rillaboom|psn\n|move|p1a: Rillaboom|Acrobatics|p2a: Iron Valiant\n|-supereffective|p2a: Iron Valiant\n|-damage|p2a: Iron Valiant|0 fnt\n|faint|p2a: Iron Valiant\n|-end|p2a: Iron Valiant|Quark Drive|[silent]\n|\n|-weather|SunnyDay|[upkeep]\n|-heal|p1a: Rillaboom|46\/100 psn|[from] Grassy Terrain\n|-damage|p1a: Rillaboom|33\/100 psn|[from] psn\n|upkeep\n|\n|t:|1700592408\n|switch|p2a: Great Tusk|Great Tusk|100\/100\n|-activate|p2a: Great Tusk|ability: Protosynthesis\n|-start|p2a: Great Tusk|protosynthesisatk\n|turn|3\n|\n|t:|1700592420\n|-terastallize|p2a: Great Tusk|Steel\n|move|p1a: Rillaboom|Grassy Glide|p2a: Great Tusk\n|-resisted|p2a: Great Tusk\n|-damage|p2a: Great Tusk|87\/100\n|move|p2a: Great Tusk|Rapid Spin|p1a: Rillaboom\n|-damage|p1a: Rillaboom|12\/100 psn\n|-boost|p2a: Great Tusk|spe|1\n|-damage|p2a: Great Tusk|77\/100|[from] item: Life Orb\n|\n|-weather|SunnyDay|[upkeep]\n|-heal|p2a: Great Tusk|83\/100|[from] Grassy Terrain\n|-heal|p1a: Rillaboom|18\/100 psn|[from] Grassy Terrain\n|-damage|p1a: Rillaboom|5\/100 psn|[from] psn\n|upkeep\n|turn|4\n|inactive|keynerriv has 120 seconds left.\n|\n|t:|1700592436\n|move|p1a: Rillaboom|Grassy Glide|p2a: Great Tusk\n|-resisted|p2a: Great Tusk\n|-crit|p2a: Great Tusk\n|-damage|p2a: Great Tusk|61\/100\n|move|p2a: Great Tusk|Rapid Spin|p1a: Rillaboom\n|-damage|p1a: Rillaboom|0 fnt\n|-boost|p2a: Great Tusk|spe|1\n|faint|p1a: Rillaboom\n|-damage|p2a: Great Tusk|51\/100|[from] item: Life Orb\n|\n|-weather|SunnyDay|[upkeep]\n|-heal|p2a: Great Tusk|57\/100|[from] Grassy Terrain\n|upkeep\n|\n|t:|1700592451\n|switch|p1a: Great Tusk|Great Tusk|100\/100\n|-activate|p1a: Great Tusk|ability: Protosynthesis\n|-start|p1a: Great Tusk|protosynthesisatk\n|turn|5\n|\n|t:|1700592460\n|-terastallize|p1a: Great Tusk|Steel\n|move|p2a: Great Tusk|Ice Spinner|p1a: Great Tusk\n|-resisted|p1a: Great Tusk\n|-crit|p1a: Great Tusk\n|-damage|p1a: Great Tusk|77\/100\n|-fieldend|move: Grassy Terrain\n|-damage|p2a: Great Tusk|47\/100|[from] item: Life Orb\n|move|p1a: Great Tusk|Earthquake|p2a: Great Tusk\n|-supereffective|p2a: Great Tusk\n|-damage|p2a: Great Tusk|0 fnt\n|faint|p2a: Great Tusk\n|-end|p2a: Great Tusk|Protosynthesis|[silent]\n|\n|-weather|SunnyDay|[upkeep]\n|upkeep\n|\n|t:|1700592473\n|switch|p2a: Chesnaught|Chesnaught, F, shiny|100\/100\n|turn|6\n|\n|t:|1700592479\n|move|p1a: Great Tusk|Play Rough|p2a: Chesnaught\n|-supereffective|p2a: Chesnaught\n|-damage|p2a: Chesnaught|53\/100\n|move|p2a: Chesnaught|Leech Seed|p1a: Great Tusk\n|-start|p1a: Great Tusk|move: Leech Seed\n|\n|-weather|SunnyDay|[upkeep]\n|-heal|p2a: Chesnaught|59\/100|[from] item: Leftovers\n|-damage|p1a: Great Tusk|65\/100|[from] Leech Seed|[of] p2a: Chesnaught\n|-heal|p2a: Chesnaught|73\/100|[silent]\n|upkeep\n|turn|7\n|\n|t:|1700592489\n|move|p1a: Great Tusk|Play Rough|p2a: Chesnaught\n|-supereffective|p2a: Chesnaught\n|-damage|p2a: Chesnaught|21\/100\n|move|p2a: Chesnaught|Drain Punch|p1a: Great Tusk\n|-supereffective|p1a: Great Tusk\n|-damage|p1a: Great Tusk|30\/100\n|-heal|p2a: Chesnaught|40\/100|[from] drain|[of] p1a: Great Tusk\n|\n|-weather|SunnyDay|[upkeep]\n|-heal|p2a: Chesnaught|47\/100|[from] item: Leftovers\n|-damage|p1a: Great Tusk|18\/100|[from] Leech Seed|[of] p2a: Chesnaught\n|-heal|p2a: Chesnaught|61\/100|[silent]\n|upkeep\n|turn|8\n|\n|t:|1700592500\n|move|p2a: Chesnaught|Spiky Shield|p2a: Chesnaught\n|-singleturn|p2a: Chesnaught|move: Protect\n|move|p1a: Great Tusk|Play Rough|p2a: Chesnaught\n|-activate|p2a: Chesnaught|move: Protect\n|-damage|p1a: Great Tusk|5\/100|[from] Spiky Shield|[of] p2a: Chesnaught\n|\n|-weather|none\n|-end|p1a: Great Tusk|Protosynthesis\n|-heal|p2a: Chesnaught|67\/100|[from] item: Leftovers\n|-damage|p1a: Great Tusk|0 fnt|[from] Leech Seed|[of] p2a: Chesnaught\n|-heal|p2a: Chesnaught|72\/100|[silent]\n|faint|p1a: Great Tusk\n|-end|p1a: Great Tusk|Protosynthesis|[silent]\n|upkeep\n|\n|t:|1700592514\n|switch|p1a: Ninetales|Ninetales, F|100\/100\n|-weather|SunnyDay|[from] ability: Drought|[of] p1a: Ninetales\n|turn|9\n|inactive|keynerriv has 120 seconds left.\n|\n|t:|1700592563\n|switch|p2a: Slowking|Slowking-Galar, M, shiny|100\/100\n|move|p1a: Ninetales|Weather Ball|p2a: Slowking\n|-damage|p2a: Slowking|77\/100\n|\n|-weather|SunnyDay|[upkeep]\n|upkeep\n|turn|10\n|\n|t:|1700592577\n|switch|p1a: Sandy Shocks|Sandy Shocks|100\/100\n|-activate|p1a: Sandy Shocks|ability: Protosynthesis\n|-start|p1a: Sandy Shocks|protosynthesisspa\n|move|p2a: Slowking|Sludge Bomb|p1a: Sandy Shocks\n|-resisted|p1a: Sandy Shocks\n|-damage|p1a: Sandy Shocks|79\/100\n|\n|-weather|SunnyDay|[upkeep]\n|upkeep\n|turn|11\n|\n|t:|1700592587\n|move|p1a: Sandy Shocks|Earth Power|p2a: Slowking\n|-supereffective|p2a: Slowking\n|-damage|p2a: Slowking|19\/100\n|-damage|p1a: Sandy Shocks|69\/100|[from] item: Life Orb\n|move|p2a: Slowking|Ice Beam|p1a: Sandy Shocks\n|-supereffective|p1a: Sandy Shocks\n|-damage|p1a: Sandy Shocks|13\/100\n|\n|-weather|SunnyDay|[upkeep]\n|upkeep\n|turn|12\n|\n|t:|1700592598\n|switch|p2a: Enamorus|Enamorus, F|100\/100\n|move|p1a: Sandy Shocks|Thunderbolt|p2a: Enamorus\n|-supereffective|p2a: Enamorus\n|-damage|p2a: Enamorus|0 fnt\n|faint|p2a: Enamorus\n|-damage|p1a: Sandy Shocks|3\/100|[from] item: Life Orb\n|\n|-weather|SunnyDay|[upkeep]\n|upkeep\n|\n|t:|1700592606\n|switch|p2a: Slowking|Slowking-Galar, M, shiny|52\/100\n|turn|13\n|inactive|keynerriv has 120 seconds left.\n|\n|t:|1700592613\n|move|p1a: Sandy Shocks|Earth Power|p2a: Slowking\n|-supereffective|p2a: Slowking\n|-damage|p2a: Slowking|0 fnt\n|faint|p2a: Slowking\n|-damage|p1a: Sandy Shocks|0 fnt|[from] item: Life Orb\n|faint|p1a: Sandy Shocks\n|-end|p1a: Sandy Shocks|Protosynthesis|[silent]\n|\n|-weather|SunnyDay|[upkeep]\n|upkeep\n|\n|t:|1700592625\n|switch|p1a: Heliolisk|Heliolisk, M|100\/100\n|switch|p2a: Skeledirge|Skeledirge, M, shiny|100\/100\n|turn|14\n|\n|t:|1700592633\n|move|p1a: Heliolisk|Thunderbolt|p2a: Skeledirge\n|-damage|p2a: Skeledirge|27\/100\n|move|p2a: Skeledirge|Torch Song|p1a: Heliolisk\n|-damage|p1a: Heliolisk|44\/100\n|-boost|p2a: Skeledirge|spa|1\n|\n|-weather|SunnyDay|[upkeep]\n|-damage|p1a: Heliolisk|31\/100|[from] ability: Solar Power|[of] p1a: Heliolisk\n|upkeep\n|turn|15\n|\n|t:|1700592648\n|switch|p2a: Chesnaught|Chesnaught, F, shiny|72\/100\n|move|p1a: Heliolisk|Thunderbolt|p2a: Chesnaught\n|-resisted|p2a: Chesnaught\n|-damage|p2a: Chesnaught|36\/100\n|\n|-weather|SunnyDay|[upkeep]\n|-damage|p1a: Heliolisk|19\/100|[from] ability: Solar Power|[of] p1a: Heliolisk\n|-heal|p2a: Chesnaught|42\/100|[from] item: Leftovers\n|upkeep\n|turn|16\n|\n|t:|1700592657\n|move|p2a: Chesnaught|Spiky Shield|p2a: Chesnaught\n|-singleturn|p2a: Chesnaught|move: Protect\n|move|p1a: Heliolisk|Thunderbolt|p2a: Chesnaught\n|-activate|p2a: Chesnaught|move: Protect\n|\n|-weather|none\n|-heal|p2a: Chesnaught|48\/100|[from] item: Leftovers\n|upkeep\n|turn|17\n|\n|t:|1700592665\n|move|p1a: Heliolisk|Thunderbolt|p2a: Chesnaught\n|-resisted|p2a: Chesnaught\n|-damage|p2a: Chesnaught|22\/100\n|move|p2a: Chesnaught|Drain Punch|p1a: Heliolisk\n|-supereffective|p1a: Heliolisk\n|-damage|p1a: Heliolisk|0 fnt\n|-heal|p2a: Chesnaught|28\/100|[from] drain|[of] p1a: Heliolisk\n|faint|p1a: Heliolisk\n|\n|-heal|p2a: Chesnaught|34\/100|[from] item: Leftovers\n|upkeep\n|\n|t:|1700592668\n|switch|p1a: Ninetales|Ninetales, F|100\/100\n|-weather|SunnyDay|[from] ability: Drought|[of] p1a: Ninetales\n|turn|18\n|\n|t:|1700592678\n|move|p1a: Ninetales|Weather Ball|p2a: Chesnaught\n|-immune|p2a: Chesnaught|[from] ability: Bulletproof\n|move|p2a: Chesnaught|Leech Seed|p1a: Ninetales\n|-start|p1a: Ninetales|move: Leech Seed\n|\n|-weather|SunnyDay|[upkeep]\n|-heal|p2a: Chesnaught|40\/100|[from] item: Leftovers\n|-damage|p1a: Ninetales|88\/100|[from] Leech Seed|[of] p2a: Chesnaught\n|-heal|p2a: Chesnaught|49\/100|[silent]\n|upkeep\n|turn|19\n|\n|t:|1700592691\n|move|p2a: Chesnaught|Spiky Shield|p2a: Chesnaught\n|-singleturn|p2a: Chesnaught|move: Protect\n|move|p1a: Ninetales|Scorching Sands|p2a: Chesnaught\n|-activate|p2a: Chesnaught|move: Protect\n|\n|-weather|SunnyDay|[upkeep]\n|-heal|p2a: Chesnaught|55\/100|[from] item: Leftovers\n|-damage|p1a: Ninetales|76\/100|[from] Leech Seed|[of] p2a: Chesnaught\n|-heal|p2a: Chesnaught|64\/100|[silent]\n|upkeep\n|turn|20\n|\n|t:|1700592700\n|switch|p1a: Houndoom|Houndoom, M|100\/100\n|move|p2a: Chesnaught|Drain Punch|p1a: Houndoom\n|-supereffective|p1a: Houndoom\n|-damage|p1a: Houndoom|0 fnt\n|-heal|p2a: Chesnaught|100\/100|[from] drain|[of] p1a: Houndoom\n|faint|p1a: Houndoom\n|\n|-weather|SunnyDay|[upkeep]\n|upkeep\n|-message|Bonus6 forfeited.\n|\n|win|keynerriv\n|raw|Bonus6's rating: 1300 &rarr; <strong>1267<\/strong><br \/>(-33 for losing)\n|raw|keynerriv's rating: 1192 &rarr; <strong>1225<\/strong><br \/>(+33 for winning)\n|l|\u2606Bonus6\n","uploadtime":1700592718,"views":7,"p1id":"bonus6","p2id":"keynerriv","formatid":"gen9nationaldex","rating":1225,"private":0,"password":""}