{"id":"gen9nationaldex-1987232034","p1":"Orkodork","p2":"JuanTz","format":"[Gen 9] National Dex","log":"|j|\u2606Orkodork\n|j|\u2606JuanTz\n|t:|1699567641\n|gametype|singles\n|player|p1|Orkodork|youngster-gen4dp|1553\n|player|p2|JuanTz|alec-anime|1513\n|teamsize|p1|6\n|teamsize|p2|6\n|gen|9\n|tier|[Gen 9] National Dex\n|rated|\n|rule|HP Percentage Mod: HP is shown in percentages\n|rule|Endless Battle Clause: Forcing endless battles is banned\n|rule|OHKO Clause: OHKO moves are banned\n|rule|Evasion Clause: Evasion abilities, items, and moves are banned\n|rule|Evasion Abilities Clause: Evasion abilities are banned\n|rule|Evasion Items Clause: Evasion items are banned\n|rule|Evasion Moves Clause: Evasion moves are banned\n|rule|Species Clause: Limit one of each Pok\u00e9mon\n|rule|Sleep Clause Mod: Limit one foe put to sleep\n|clearpoke\n|poke|p1|Scizor, F|\n|poke|p1|Rotom-Wash|\n|poke|p1|Garchomp, F|\n|poke|p1|Weavile, F|\n|poke|p1|Iron Valiant|\n|poke|p1|Zapdos|\n|poke|p2|Pelipper, M|\n|poke|p2|Ferrothorn, F|\n|poke|p2|Urshifu-*, F|\n|poke|p2|Thundurus-Therian, M|\n|poke|p2|Swampert, M|\n|poke|p2|Basculegion-F, F|\n|teampreview\n|inactive|Battle timer is ON: inactive players will automatically lose when time's up. (requested by JuanTz)\n|\n|t:|1699567660\n|start\n|switch|p1a: Zapdos|Zapdos|100\/100\n|switch|p2a: Pelipper|Pelipper, M, shiny|100\/100\n|-weather|RainDance|[from] ability: Drizzle|[of] p2a: Pelipper\n|turn|1\n|\n|t:|1699567665\n|switch|p2a: Swampert|Swampert, M|100\/100\n|move|p1a: Zapdos|Toxic|p2a: Swampert\n|-status|p2a: Swampert|tox\n|\n|-weather|RainDance|[upkeep]\n|-damage|p2a: Swampert|94\/100 tox|[from] psn\n|upkeep\n|turn|2\n|\n|t:|1699567675\n|switch|p1a: Rotom|Rotom-Wash|100\/100\n|detailschange|p2a: Swampert|Swampert-Mega, M\n|-mega|p2a: Swampert|Swampert|Swampertite\n|move|p2a: Swampert|Flip Turn|p1a: Rotom\n|-resisted|p1a: Rotom\n|-damage|p1a: Rotom|81\/100\n|\n|t:|1699567683\n|switch|p2a: Basculegion|Basculegion-F, F|100\/100|[from] Flip Turn\n|\n|-weather|RainDance|[upkeep]\n|-heal|p1a: Rotom|87\/100|[from] item: Leftovers\n|upkeep\n|turn|3\n|\n|t:|1699567694\n|switch|p1a: Weavile|Weavile, F|100\/100\n|-ability|p1a: Weavile|Pressure\n|move|p2a: Basculegion|Shadow Ball|p1a: Weavile\n|-resisted|p1a: Weavile\n|-damage|p1a: Weavile|63\/100\n|\n|-weather|RainDance|[upkeep]\n|upkeep\n|turn|4\n|\n|t:|1699567701\n|switch|p2a: Ferrothorn|Ferrothorn, F, shiny|100\/100\n|move|p1a: Weavile|Knock Off|p2a: Ferrothorn\n|-damage|p2a: Ferrothorn|49\/100\n|-damage|p1a: Weavile|51\/100|[from] ability: Iron Barbs|[of] p2a: Ferrothorn\n|-enditem|p2a: Ferrothorn|Leftovers|[from] move: Knock Off|[of] p1a: Weavile\n|\n|-weather|RainDance|[upkeep]\n|upkeep\n|turn|5\n|\n|t:|1699567716\n|switch|p1a: Garchomp|Garchomp, F|100\/100\n|move|p2a: Ferrothorn|Leech Seed|p1a: Garchomp\n|-start|p1a: Garchomp|move: Leech Seed\n|\n|-weather|RainDance|[upkeep]\n|-damage|p1a: Garchomp|88\/100|[from] Leech Seed|[of] p2a: Ferrothorn\n|-heal|p2a: Ferrothorn|62\/100|[silent]\n|upkeep\n|turn|6\n|\n|t:|1699567735\n|move|p1a: Garchomp|Earthquake|p2a: Ferrothorn\n|-damage|p2a: Ferrothorn|25\/100\n|move|p2a: Ferrothorn|Stealth Rock|p1a: Garchomp\n|-sidestart|p1: Orkodork|move: Stealth Rock\n|\n|-weather|RainDance|[upkeep]\n|-damage|p1a: Garchomp|76\/100|[from] Leech Seed|[of] p2a: Ferrothorn\n|-heal|p2a: Ferrothorn|38\/100|[silent]\n|upkeep\n|turn|7\n|\n|t:|1699567753\n|switch|p2a: Thundurus|Thundurus-Therian, M|100\/100\n|move|p1a: Garchomp|Stone Edge|p2a: Thundurus|[miss]\n|-miss|p1a: Garchomp|p2a: Thundurus\n|\n|-weather|RainDance|[upkeep]\n|-damage|p1a: Garchomp|64\/100|[from] Leech Seed|[of] p2a: Thundurus\n|upkeep\n|turn|8\n|\n|t:|1699567772\n|switch|p1a: Zapdos|Zapdos|100\/100\n|switch|p2a: Basculegion|Basculegion-F, F|100\/100\n|\n|-weather|none\n|upkeep\n|turn|9\n|inactive|JuanTz has 120 seconds left.\n|\n|t:|1699567803\n|switch|p2a: Swampert|Swampert-Mega, M|94\/100 tox\n|move|p1a: Zapdos|Volt Switch|p2a: Swampert\n|-immune|p2a: Swampert\n|\n|-damage|p2a: Swampert|88\/100 tox|[from] psn\n|upkeep\n|turn|10\n|\n|t:|1699567813\n|move|p1a: Zapdos|Hurricane|p2a: Swampert\n|-damage|p2a: Swampert|42\/100 tox\n|move|p2a: Swampert|Flip Turn|p1a: Zapdos\n|-damage|p1a: Zapdos|58\/100\n|inactive|JuanTz has 120 seconds left.\n|inactive|JuanTz has 90 seconds left.\n|\n|t:|1699567858\n|switch|p2a: Pelipper|Pelipper, M, shiny|100\/100|[from] Flip Turn\n|-weather|RainDance|[from] ability: Drizzle|[of] p2a: Pelipper\n|\n|-weather|RainDance|[upkeep]\n|upkeep\n|turn|11\n|\n|t:|1699567873\n|-terastallize|p2a: Pelipper|Ground\n|move|p1a: Zapdos|Hurricane|p2a: Pelipper\n|-damage|p2a: Pelipper|32\/100\n|move|p2a: Pelipper|Scald|p1a: Zapdos\n|-damage|p1a: Zapdos|13\/100\n|\n|-weather|RainDance|[upkeep]\n|upkeep\n|turn|12\n|\n|t:|1699567881\n|switch|p2a: Swampert|Swampert-Mega, M|42\/100 tox\n|move|p1a: Zapdos|Roost|p1a: Zapdos\n|-heal|p1a: Zapdos|63\/100\n|-singleturn|p1a: Zapdos|move: Roost\n|\n|-weather|RainDance|[upkeep]\n|-damage|p2a: Swampert|36\/100 tox|[from] psn\n|upkeep\n|turn|13\n|\n|t:|1699567886\n|switch|p1a: Rotom|Rotom-Wash|87\/100\n|-damage|p1a: Rotom|75\/100|[from] Stealth Rock\n|move|p2a: Swampert|Flip Turn|p1a: Rotom\n|-resisted|p1a: Rotom\n|-damage|p1a: Rotom|53\/100\n|\n|t:|1699567891\n|switch|p2a: Thundurus|Thundurus-Therian, M|100\/100|[from] Flip Turn\n|\n|-weather|RainDance|[upkeep]\n|-heal|p1a: Rotom|59\/100|[from] item: Leftovers\n|upkeep\n|turn|14\n|\n|t:|1699567894\n|move|p2a: Thundurus|Tera Blast|p1a: Rotom\n|-damage|p1a: Rotom|26\/100\n|move|p1a: Rotom|Hydro Pump|p2a: Thundurus\n|-damage|p2a: Thundurus|15\/100\n|\n|-weather|RainDance|[upkeep]\n|-heal|p1a: Rotom|32\/100|[from] item: Leftovers\n|upkeep\n|turn|15\n|\n|t:|1699567902\n|switch|p1a: Garchomp|Garchomp, F|64\/100\n|-damage|p1a: Garchomp|57\/100|[from] Stealth Rock\n|move|p2a: Thundurus|Volt Switch|p1a: Garchomp\n|-immune|p1a: Garchomp\n|\n|-weather|RainDance|[upkeep]\n|upkeep\n|turn|16\n|\n|t:|1699567919\n|switch|p2a: Basculegion|Basculegion-F, F|100\/100\n|-zpower|p1a: Garchomp\n|move|p1a: Garchomp|Devastating Drake|p2a: Basculegion|[zeffect]\n|-damage|p2a: Basculegion|0 fnt\n|faint|p2a: Basculegion\n|\n|-weather|RainDance|[upkeep]\n|upkeep\n|-message|JuanTz forfeited.\n|\n|win|Orkodork\n|raw|Orkodork's rating: 1553 &rarr; <strong>1571<\/strong><br \/>(+18 for winning)\n|raw|JuanTz's rating: 1513 &rarr; <strong>1495<\/strong><br \/>(-18 for losing)\n|l|\u2606JuanTz\n","uploadtime":1699567942,"views":10,"p1id":"orkodork","p2id":"juantz","formatid":"gen9nationaldex","rating":1495,"private":0,"password":""}