{"id":"gen9nationaldex-1997567083","p1":"ghostkinggengar","p2":"gobbyhappy","format":"[Gen 9] National Dex","log":"|html|<div class=\"broadcast-blue\"><strong>[Gen 9] National Dex is currently suspecting Sneasler! For information on how to participate check out the <a href=\"https:\/\/www.smogon.com\/forums\/threads\/sv-national-dex-suspect-8-just-dance.3731534\/\">suspect thread<\/a>.<\/strong><\/div>\n|j|\u2606ghostkinggengar\n|j|\u2606gobbyhappy\n|t:|1700826567\n|gametype|singles\n|player|p1|ghostkinggengar|swimmerf|1775\n|player|p2|gobbyhappy|266|1699\n|teamsize|p1|6\n|teamsize|p2|6\n|gen|9\n|tier|[Gen 9] National Dex\n|rated|\n|rule|HP Percentage Mod: HP is shown in percentages\n|rule|Endless Battle Clause: Forcing endless battles is banned\n|rule|OHKO Clause: OHKO moves are banned\n|rule|Evasion Clause: Evasion abilities, items, and moves are banned\n|rule|Evasion Abilities Clause: Evasion abilities are banned\n|rule|Evasion Items Clause: Evasion items are banned\n|rule|Evasion Moves Clause: Evasion moves are banned\n|rule|Species Clause: Limit one of each Pok\u00e9mon\n|rule|Sleep Clause Mod: Limit one foe put to sleep\n|clearpoke\n|poke|p1|Slowbro, M|\n|poke|p1|Ursaluna, M|\n|poke|p1|Blacephalon|\n|poke|p1|Empoleon, F|\n|poke|p1|Garchomp, M|\n|poke|p1|Ferrothorn, F|\n|poke|p2|Alomomola, M|\n|poke|p2|Ogerpon-Wellspring, F|\n|poke|p2|Ferrothorn, F|\n|poke|p2|Tapu Lele|\n|poke|p2|Hydreigon, F|\n|poke|p2|Lopunny, F|\n|teampreview\n|inactive|Battle timer is ON: inactive players will automatically lose when time's up. (requested by gobbyhappy)\n|\n|t:|1700826578\n|start\n|switch|p1a: Garchomp|Garchomp, M|100\/100\n|switch|p2a: Lopunny|Lopunny, F|100\/100\n|turn|1\n|\n|t:|1700826586\n|switch|p1a: Slowbro|Slowbro, M|100\/100\n|detailschange|p2a: Lopunny|Lopunny-Mega, F\n|-mega|p2a: Lopunny|Lopunny|Lopunnite\n|move|p2a: Lopunny|Fake Out|p1a: Slowbro\n|-damage|p1a: Slowbro|89\/100\n|-damage|p2a: Lopunny|84\/100|[from] item: Rocky Helmet|[of] p1a: Slowbro\n|\n|upkeep\n|turn|2\n|\n|t:|1700826596\n|switch|p2a: Ferrothorn|Ferrothorn, F|100\/100\n|move|p1a: Slowbro|Trick Room|p1a: Slowbro\n|-fieldstart|move: Trick Room|[of] p1a: Slowbro\n|\n|upkeep\n|turn|3\n|\n|t:|1700826615\n|-terastallize|p1a: Slowbro|Fairy\n|move|p2a: Ferrothorn|Stealth Rock|p1a: Slowbro\n|-sidestart|p1: ghostkinggengar|move: Stealth Rock\n|move|p1a: Slowbro|Teleport|p1a: Slowbro\n|\n|t:|1700826620\n|switch|p1a: Ursaluna|Ursaluna, M|100\/100|[from] Teleport\n|-damage|p1a: Ursaluna|94\/100|[from] Stealth Rock\n|\n|-status|p1a: Ursaluna|brn|[from] item: Flame Orb\n|upkeep\n|turn|4\n|\n|t:|1700826624\n|move|p2a: Ferrothorn|Protect|p2a: Ferrothorn\n|-singleturn|p2a: Ferrothorn|Protect\n|move|p1a: Ursaluna|Fire Punch|p2a: Ferrothorn\n|-activate|p2a: Ferrothorn|move: Protect\n|\n|-damage|p1a: Ursaluna|88\/100 brn|[from] brn\n|upkeep\n|turn|5\n|\n|t:|1700826630\n|switch|p2a: Alomomola|Alomomola, M|100\/100\n|move|p1a: Ursaluna|Headlong Rush|p2a: Alomomola\n|-damage|p2a: Alomomola|40\/100\n|-unboost|p1a: Ursaluna|def|1\n|-unboost|p1a: Ursaluna|spd|1\n|\n|-damage|p1a: Ursaluna|82\/100 brn|[from] brn\n|upkeep\n|turn|6\n|\n|t:|1700826637\n|move|p2a: Alomomola|Protect|p2a: Alomomola\n|-singleturn|p2a: Alomomola|Protect\n|move|p1a: Ursaluna|Facade|p2a: Alomomola\n|-activate|p2a: Alomomola|move: Protect\n|\n|-damage|p1a: Ursaluna|76\/100 brn|[from] brn\n|-fieldend|move: Trick Room\n|upkeep\n|turn|7\n|\n|t:|1700826644\n|move|p1a: Ursaluna|Facade|p2a: Alomomola\n|-crit|p2a: Alomomola\n|-damage|p2a: Alomomola|0 fnt\n|faint|p2a: Alomomola\n|\n|-damage|p1a: Ursaluna|70\/100 brn|[from] brn\n|upkeep\n|\n|t:|1700826650\n|switch|p2a: Tapu Lele|Tapu Lele|100\/100\n|-fieldstart|move: Psychic Terrain|[from] ability: Psychic Surge|[of] p2a: Tapu Lele\n|turn|8\n|\n|t:|1700826655\n|switch|p1a: Empoleon|Empoleon, F|100\/100\n|-damage|p1a: Empoleon|94\/100|[from] Stealth Rock\n|move|p2a: Tapu Lele|Psychic|p1a: Empoleon\n|-resisted|p1a: Empoleon\n|-damage|p1a: Empoleon|71\/100\n|\n|-heal|p1a: Empoleon|77\/100|[from] item: Leftovers\n|upkeep\n|turn|9\n|\n|t:|1700826661\n|switch|p2a: Ogerpon|Ogerpon-Wellspring, F|100\/100\n|move|p1a: Empoleon|Defog|p2a: Ogerpon\n|-unboost|p2a: Ogerpon|evasion|1\n|-sideend|p1: ghostkinggengar|Stealth Rock|[from] move: Defog|[of] p1a: Empoleon\n|-fieldend|move: Psychic Terrain\n|\n|-heal|p1a: Empoleon|83\/100|[from] item: Leftovers\n|upkeep\n|turn|10\n|\n|t:|1700826669\n|switch|p1a: Ferrothorn|Ferrothorn, F|100\/100\n|move|p2a: Ogerpon|Encore||[still]\n|-fail|p2a: Ogerpon\n|\n|upkeep\n|turn|11\n|\n|t:|1700826673\n|switch|p2a: Ferrothorn|Ferrothorn, F|100\/100\n|move|p1a: Ferrothorn|Stealth Rock|p2a: Ferrothorn\n|-sidestart|p2: gobbyhappy|move: Stealth Rock\n|\n|upkeep\n|turn|12\n|\n|t:|1700826679\n|switch|p1a: Blacephalon|Blacephalon|100\/100\n|move|p2a: Ferrothorn|Stealth Rock|p1a: Blacephalon\n|-sidestart|p1: ghostkinggengar|move: Stealth Rock\n|\n|upkeep\n|turn|13\n|\n|t:|1700826694\n|switch|p2a: Hydreigon|Hydreigon, F|100\/100\n|-damage|p2a: Hydreigon|88\/100|[from] Stealth Rock\n|move|p1a: Blacephalon|Trick|p2a: Hydreigon\n|-activate|p1a: Blacephalon|move: Trick|[of] p2a: Hydreigon\n|-item|p2a: Hydreigon|Choice Scarf|[from] move: Trick\n|-item|p1a: Blacephalon|Leftovers|[from] move: Trick\n|\n|upkeep\n|turn|14\n|\n|t:|1700826706\n|switch|p1a: Empoleon|Empoleon, F|83\/100\n|-damage|p1a: Empoleon|77\/100|[from] Stealth Rock\n|move|p2a: Hydreigon|Dark Pulse|p1a: Empoleon\n|-crit|p1a: Empoleon\n|-damage|p1a: Empoleon|41\/100\n|\n|-heal|p1a: Empoleon|47\/100|[from] item: Leftovers\n|upkeep\n|turn|15\n|\n|t:|1700826715\n|switch|p2a: Ferrothorn|Ferrothorn, F|100\/100\n|-damage|p2a: Ferrothorn|94\/100|[from] Stealth Rock\n|move|p1a: Empoleon|Roost|p1a: Empoleon\n|-heal|p1a: Empoleon|97\/100\n|-singleturn|p1a: Empoleon|move: Roost\n|\n|-heal|p1a: Empoleon|100\/100|[from] item: Leftovers\n|-heal|p2a: Ferrothorn|100\/100|[from] item: Leftovers\n|upkeep\n|turn|16\n|\n|t:|1700826721\n|move|p1a: Empoleon|Scald|p2a: Ferrothorn\n|-resisted|p2a: Ferrothorn\n|-damage|p2a: Ferrothorn|89\/100\n|-status|p2a: Ferrothorn|brn\n|move|p2a: Ferrothorn|Leech Seed|p1a: Empoleon\n|-start|p1a: Empoleon|move: Leech Seed\n|\n|-heal|p2a: Ferrothorn|95\/100 brn|[from] item: Leftovers\n|-damage|p1a: Empoleon|88\/100|[from] Leech Seed|[of] p2a: Ferrothorn\n|-heal|p2a: Ferrothorn|100\/100 brn|[silent]\n|-damage|p2a: Ferrothorn|94\/100 brn|[from] brn\n|upkeep\n|turn|17\n|\n|t:|1700826734\n|switch|p1a: Blacephalon|Blacephalon|100\/100\n|-damage|p1a: Blacephalon|76\/100|[from] Stealth Rock\n|switch|p2a: Tapu Lele|Tapu Lele|100\/100\n|-damage|p2a: Tapu Lele|88\/100|[from] Stealth Rock\n|-fieldstart|move: Psychic Terrain|[from] ability: Psychic Surge|[of] p2a: Tapu Lele\n|\n|-heal|p1a: Blacephalon|82\/100|[from] item: Leftovers\n|upkeep\n|turn|18\n|\n|t:|1700826743\n|switch|p1a: Empoleon|Empoleon, F|88\/100\n|-damage|p1a: Empoleon|82\/100|[from] Stealth Rock\n|move|p2a: Tapu Lele|Thunderbolt|p1a: Empoleon\n|-supereffective|p1a: Empoleon\n|-crit|p1a: Empoleon\n|-damage|p1a: Empoleon|10\/100\n|\n|-heal|p1a: Empoleon|17\/100|[from] item: Leftovers\n|upkeep\n|turn|19\n|\n|t:|1700826752\n|switch|p2a: Lopunny|Lopunny-Mega, F|84\/100\n|-damage|p2a: Lopunny|78\/100|[from] Stealth Rock\n|move|p1a: Empoleon|Roost|p1a: Empoleon\n|-heal|p1a: Empoleon|67\/100\n|-singleturn|p1a: Empoleon|move: Roost\n|\n|-heal|p1a: Empoleon|73\/100|[from] item: Leftovers\n|upkeep\n|turn|20\n|\n|t:|1700826756\n|switch|p1a: Slowbro|Slowbro, M, tera:Fairy|100\/100\n|-damage|p1a: Slowbro|88\/100|[from] Stealth Rock\n|move|p2a: Lopunny|Close Combat|p1a: Slowbro\n|-resisted|p1a: Slowbro\n|-damage|p1a: Slowbro|69\/100\n|-unboost|p2a: Lopunny|def|1\n|-unboost|p2a: Lopunny|spd|1\n|-damage|p2a: Lopunny|61\/100|[from] item: Rocky Helmet|[of] p1a: Slowbro\n|\n|upkeep\n|turn|21\n|\n|t:|1700826762\n|move|p2a: Lopunny|U-turn|p1a: Slowbro\n|-resisted|p1a: Slowbro\n|-damage|p1a: Slowbro|61\/100\n|-damage|p2a: Lopunny|45\/100|[from] item: Rocky Helmet|[of] p1a: Slowbro\n|\n|t:|1700826765\n|switch|p2a: Tapu Lele|Tapu Lele|88\/100|[from] U-turn\n|-damage|p2a: Tapu Lele|76\/100|[from] Stealth Rock\n|move|p1a: Slowbro|Trick Room|p1a: Slowbro\n|-fieldstart|move: Trick Room|[of] p1a: Slowbro\n|\n|-fieldend|move: Psychic Terrain\n|upkeep\n|turn|22\n|\n|t:|1700826776\n|switch|p1a: Empoleon|Empoleon, F|73\/100\n|-damage|p1a: Empoleon|67\/100|[from] Stealth Rock\n|move|p2a: Tapu Lele|Future Sight|p1a: Empoleon\n|-start|p2a: Tapu Lele|move: Future Sight\n|\n|-heal|p1a: Empoleon|73\/100|[from] item: Leftovers\n|upkeep\n|turn|23\n|\n|t:|1700826784\n|switch|p2a: Ferrothorn|Ferrothorn, F|94\/100 brn\n|-damage|p2a: Ferrothorn|88\/100 brn|[from] Stealth Rock\n|move|p1a: Empoleon|Scald|p2a: Ferrothorn\n|-resisted|p2a: Ferrothorn\n|-damage|p2a: Ferrothorn|75\/100 brn\n|\n|-heal|p2a: Ferrothorn|81\/100 brn|[from] item: Leftovers\n|-heal|p1a: Empoleon|79\/100|[from] item: Leftovers\n|-damage|p2a: Ferrothorn|75\/100 brn|[from] brn\n|upkeep\n|turn|24\n|\n|t:|1700826790\n|move|p2a: Ferrothorn|Leech Seed|p1a: Empoleon\n|-start|p1a: Empoleon|move: Leech Seed\n|move|p1a: Empoleon|Roost|p1a: Empoleon\n|-heal|p1a: Empoleon|100\/100\n|-singleturn|p1a: Empoleon|move: Roost\n|\n|-end|p1a: Empoleon|move: Future Sight\n|-resisted|p1a: Empoleon\n|-damage|p1a: Empoleon|78\/100\n|-heal|p2a: Ferrothorn|81\/100 brn|[from] item: Leftovers\n|-heal|p1a: Empoleon|84\/100|[from] item: Leftovers\n|-damage|p1a: Empoleon|72\/100|[from] Leech Seed|[of] p2a: Ferrothorn\n|-heal|p2a: Ferrothorn|94\/100 brn|[silent]\n|-damage|p2a: Ferrothorn|88\/100 brn|[from] brn\n|upkeep\n|turn|25\n|\n|t:|1700826804\n|move|p2a: Ferrothorn|Gyro Ball|p1a: Empoleon\n|-resisted|p1a: Empoleon\n|-damage|p1a: Empoleon|68\/100\n|move|p1a: Empoleon|Flip Turn|p2a: Ferrothorn\n|-resisted|p2a: Ferrothorn\n|-damage|p2a: Ferrothorn|82\/100 brn\n|-damage|p1a: Empoleon|56\/100|[from] ability: Iron Barbs|[of] p2a: Ferrothorn\n|\n|t:|1700826811\n|switch|p1a: Ursaluna|Ursaluna, M|70\/100 brn|[from] Flip Turn\n|-damage|p1a: Ursaluna|64\/100 brn|[from] Stealth Rock\n|\n|-heal|p2a: Ferrothorn|89\/100 brn|[from] item: Leftovers\n|-damage|p2a: Ferrothorn|82\/100 brn|[from] brn\n|-damage|p1a: Ursaluna|57\/100 brn|[from] brn\n|-fieldend|move: Trick Room\n|upkeep\n|turn|26\n|\n|t:|1700826824\n|move|p2a: Ferrothorn|Protect|p2a: Ferrothorn\n|-singleturn|p2a: Ferrothorn|Protect\n|move|p1a: Ursaluna|Fire Punch|p2a: Ferrothorn\n|-activate|p2a: Ferrothorn|move: Protect\n|\n|-heal|p2a: Ferrothorn|89\/100 brn|[from] item: Leftovers\n|-damage|p1a: Ursaluna|51\/100 brn|[from] brn\n|-damage|p2a: Ferrothorn|82\/100 brn|[from] brn\n|upkeep\n|turn|27\n|\n|t:|1700826832\n|switch|p2a: Hydreigon|Hydreigon, F|88\/100\n|-damage|p2a: Hydreigon|76\/100|[from] Stealth Rock\n|move|p1a: Ursaluna|Fire Punch|p2a: Hydreigon\n|-resisted|p2a: Hydreigon\n|-damage|p2a: Hydreigon|53\/100\n|\n|-damage|p1a: Ursaluna|45\/100 brn|[from] brn\n|upkeep\n|turn|28\n|\n|t:|1700826838\n|switch|p1a: Slowbro|Slowbro, M, tera:Fairy|94\/100\n|-damage|p1a: Slowbro|82\/100|[from] Stealth Rock\n|move|p2a: Hydreigon|Dark Pulse|p1a: Slowbro\n|-resisted|p1a: Slowbro\n|-damage|p1a: Slowbro|63\/100\n|\n|upkeep\n|turn|29\n|\n|t:|1700826844\n|move|p2a: Hydreigon|Dark Pulse|p1a: Slowbro\n|-resisted|p1a: Slowbro\n|-damage|p1a: Slowbro|45\/100\n|cant|p1a: Slowbro|flinch\n|\n|upkeep\n|turn|30\n|\n|t:|1700826850\n|switch|p2a: Ogerpon|Ogerpon-Wellspring, F|100\/100\n|-damage|p2a: Ogerpon|88\/100|[from] Stealth Rock\n|move|p1a: Slowbro|Trick Room|p1a: Slowbro\n|-fieldstart|move: Trick Room|[of] p1a: Slowbro\n|\n|upkeep\n|turn|31\n|\n|t:|1700826861\n|move|p2a: Ogerpon|Swords Dance|p2a: Ogerpon\n|-boost|p2a: Ogerpon|atk|2\n|move|p1a: Slowbro|Teleport|p1a: Slowbro\n|\n|t:|1700826864\n|switch|p1a: Ursaluna|Ursaluna, M|45\/100 brn|[from] Teleport\n|-damage|p1a: Ursaluna|39\/100 brn|[from] Stealth Rock\n|\n|-damage|p1a: Ursaluna|33\/100 brn|[from] brn\n|upkeep\n|turn|32\n|\n|t:|1700826870\n|switch|p2a: Ferrothorn|Ferrothorn, F|82\/100 brn\n|-damage|p2a: Ferrothorn|76\/100 brn|[from] Stealth Rock\n|move|p1a: Ursaluna|Fire Punch|p2a: Ferrothorn\n|-supereffective|p2a: Ferrothorn\n|-damage|p2a: Ferrothorn|0 fnt\n|-damage|p1a: Ursaluna|21\/100 brn|[from] ability: Iron Barbs|[of] p2a: Ferrothorn\n|faint|p2a: Ferrothorn\n|\n|-damage|p1a: Ursaluna|14\/100 brn|[from] brn\n|upkeep\n|\n|t:|1700826878\n|switch|p2a: Lopunny|Lopunny-Mega, F|45\/100\n|-damage|p2a: Lopunny|39\/100|[from] Stealth Rock\n|turn|33\n|\n|t:|1700826890\n|switch|p1a: Slowbro|Slowbro, M, tera:Fairy|78\/100\n|-damage|p1a: Slowbro|65\/100|[from] Stealth Rock\n|move|p2a: Lopunny|Frustration|p1a: Slowbro\n|-damage|p1a: Slowbro|35\/100\n|-damage|p2a: Lopunny|22\/100|[from] item: Rocky Helmet|[of] p1a: Slowbro\n|\n|upkeep\n|turn|34\n|\n|t:|1700826908\n|move|p2a: Lopunny|Frustration|p1a: Slowbro\n|-damage|p1a: Slowbro|3\/100\n|-damage|p2a: Lopunny|6\/100|[from] item: Rocky Helmet|[of] p1a: Slowbro\n|move|p1a: Slowbro|Teleport|p1a: Slowbro\n|\n|t:|1700826918\n|switch|p1a: Blacephalon|Blacephalon|82\/100|[from] Teleport\n|-damage|p1a: Blacephalon|57\/100|[from] Stealth Rock\n|\n|-heal|p1a: Blacephalon|63\/100|[from] item: Leftovers\n|-fieldend|move: Trick Room\n|upkeep\n|turn|35\n|\n|t:|1700826926\n|switch|p1a: Ferrothorn|Ferrothorn, F|100\/100\n|-damage|p1a: Ferrothorn|94\/100|[from] Stealth Rock\n|move|p2a: Lopunny|Close Combat|p1a: Ferrothorn\n|-supereffective|p1a: Ferrothorn\n|-damage|p1a: Ferrothorn|12\/100\n|-unboost|p2a: Lopunny|def|1\n|-unboost|p2a: Lopunny|spd|1\n|-damage|p2a: Lopunny|0 fnt|[from] ability: Iron Barbs|[of] p1a: Ferrothorn\n|faint|p2a: Lopunny\n|\n|-heal|p1a: Ferrothorn|19\/100|[from] item: Leftovers\n|upkeep\n|\n|t:|1700826937\n|switch|p2a: Ogerpon|Ogerpon-Wellspring, F|88\/100\n|-damage|p2a: Ogerpon|76\/100|[from] Stealth Rock\n|turn|36\n|\n|t:|1700826944\n|move|p2a: Ogerpon|Swords Dance|p2a: Ogerpon\n|-boost|p2a: Ogerpon|atk|2\n|move|p1a: Ferrothorn|Power Whip|p2a: Ogerpon\n|-damage|p2a: Ogerpon|21\/100\n|\n|-heal|p1a: Ferrothorn|25\/100|[from] item: Leftovers\n|upkeep\n|turn|37\n|\n|t:|1700826955\n|move|p2a: Ogerpon|Ivy Cudgel|p1a: Ferrothorn|[anim] Ivy Cudgel Water\n|-resisted|p1a: Ferrothorn\n|-damage|p1a: Ferrothorn|0 fnt\n|faint|p1a: Ferrothorn\n|\n|upkeep\n|\n|t:|1700826966\n|switch|p1a: Slowbro|Slowbro, M, tera:Fairy|36\/100\n|-damage|p1a: Slowbro|24\/100|[from] Stealth Rock\n|turn|38\n|\n|t:|1700826971\n|switch|p1a: Empoleon|Empoleon, F|56\/100\n|-damage|p1a: Empoleon|49\/100|[from] Stealth Rock\n|move|p2a: Ogerpon|Ivy Cudgel|p1a: Empoleon|[anim] Ivy Cudgel Water\n|-resisted|p1a: Empoleon\n|-damage|p1a: Empoleon|0 fnt\n|faint|p1a: Empoleon\n|\n|upkeep\n|\n|t:|1700826978\n|switch|p1a: Slowbro|Slowbro, M, tera:Fairy|57\/100\n|-damage|p1a: Slowbro|44\/100|[from] Stealth Rock\n|turn|39\n|\n|t:|1700826987\n|switch|p1a: Blacephalon|Blacephalon|63\/100\n|-damage|p1a: Blacephalon|39\/100|[from] Stealth Rock\n|move|p2a: Ogerpon|Ivy Cudgel|p1a: Blacephalon|[anim] Ivy Cudgel Water\n|-supereffective|p1a: Blacephalon\n|-damage|p1a: Blacephalon|0 fnt\n|faint|p1a: Blacephalon\n|\n|upkeep\n|\n|t:|1700826992\n|switch|p1a: Garchomp|Garchomp, M|100\/100\n|-damage|p1a: Garchomp|94\/100|[from] Stealth Rock\n|turn|40\n|\n|t:|1700827009\n|move|p2a: Ogerpon|Ivy Cudgel|p1a: Garchomp|[anim] Ivy Cudgel Water\n|-damage|p1a: Garchomp|0 fnt\n|faint|p1a: Garchomp\n|\n|upkeep\n|\n|t:|1700827013\n|switch|p1a: Slowbro|Slowbro, M, tera:Fairy|78\/100\n|-damage|p1a: Slowbro|65\/100|[from] Stealth Rock\n|turn|41\n|\n|t:|1700827016\n|-terastallize|p2a: Ogerpon|Water\n|detailschange|p2a: Ogerpon|Ogerpon-Wellspring-Tera, F, tera:Water\n|-ability|p2a: Ogerpon|Embody Aspect (Wellspring)|boost\n|-boost|p2a: Ogerpon|spd|1\n|move|p2a: Ogerpon|Ivy Cudgel|p1a: Slowbro|[anim] Ivy Cudgel Water\n|-damage|p1a: Slowbro|0 fnt\n|faint|p1a: Slowbro\n|\n|upkeep\n|-message|ghostkinggengar forfeited.\n|\n|win|gobbyhappy\n|raw|ghostkinggengar's rating: 1775 &rarr; <strong>1751<\/strong><br \/>(-24 for losing)\n|raw|gobbyhappy's rating: 1699 &rarr; <strong>1723<\/strong><br \/>(+24 for winning)\n|l|\u2606ghostkinggengar\n","uploadtime":1700827024,"views":8,"p1id":"ghostkinggengar","p2id":"gobbyhappy","formatid":"gen9nationaldex","rating":1723,"private":0,"password":""}