{"id":"gen9nationaldex-1998247005","p1":"attttttkk","p2":"kaishishoudui","format":"[Gen 9] National Dex","log":"|html|<div class=\"broadcast-blue\"><strong>[Gen 9] National Dex is currently suspecting Sneasler! For information on how to participate check out the <a href=\"https:\/\/www.smogon.com\/forums\/threads\/sv-national-dex-suspect-8-just-dance.3731534\/\">suspect thread<\/a>.<\/strong><\/div>\n|j|\u2606attttttkk\n|j|\u2606kaishishoudui\n|t:|1700919348\n|gametype|singles\n|player|p1|attttttkk|dawn|1033\n|player|p2|kaishishoudui|dawn-gen4pt|1000\n|teamsize|p1|6\n|teamsize|p2|6\n|gen|9\n|tier|[Gen 9] National Dex\n|rated|\n|rule|HP Percentage Mod: HP is shown in percentages\n|rule|Endless Battle Clause: Forcing endless battles is banned\n|rule|OHKO Clause: OHKO moves are banned\n|rule|Evasion Clause: Evasion abilities, items, and moves are banned\n|rule|Evasion Abilities Clause: Evasion abilities are banned\n|rule|Evasion Items Clause: Evasion items are banned\n|rule|Evasion Moves Clause: Evasion moves are banned\n|rule|Species Clause: Limit one of each Pok\u00e9mon\n|rule|Sleep Clause Mod: Limit one foe put to sleep\n|clearpoke\n|poke|p1|Ninetales-Alola, F|\n|poke|p1|Rillaboom, M|\n|poke|p1|Sneasler, M|\n|poke|p1|Hatterene, F|\n|poke|p1|Sinistcha|\n|poke|p1|Great Tusk|\n|poke|p2|Zamazenta-*|\n|poke|p2|Diancie|\n|poke|p2|Heatran, M|\n|poke|p2|Rillaboom, M|\n|poke|p2|Zapdos|\n|poke|p2|Kommo-o, F|\n|teampreview\n|inactive|Battle timer is ON: inactive players will automatically lose when time's up. (requested by kaishishoudui)\n|\n|t:|1700919356\n|start\n|switch|p1a: Ninetales|Ninetales-Alola, F|100\/100\n|switch|p2a: Kommo-o|Kommo-o, F|100\/100\n|-weather|Snow|[from] ability: Snow Warning|[of] p1a: Ninetales\n|turn|1\n|\n|t:|1700919366\n|switch|p2a: Heatran|Heatran, M|100\/100\n|move|p1a: Ninetales|Aurora Veil|p1a: Ninetales\n|-sidestart|p1: attttttkk|move: Aurora Veil\n|\n|-weather|Snow|[upkeep]\n|upkeep\n|turn|2\n|inactive|attttttkk has 120 seconds left.\n|\n|t:|1700919397\n|move|p1a: Ninetales|Safeguard|p1a: Ninetales\n|-sidestart|p1: attttttkk|Safeguard\n|move|p2a: Heatran|Magma Storm|p1a: Ninetales\n|-supereffective|p1a: Ninetales\n|-damage|p1a: Ninetales|57\/100\n|-activate|p1a: Ninetales|move: Magma Storm|[of] p2a: Heatran\n|\n|-weather|Snow|[upkeep]\n|-damage|p1a: Ninetales|44\/100|[from] move: Magma Storm|[partiallytrapped]\n|upkeep\n|turn|3\n|inactive|attttttkk has 120 seconds left.\n|\n|t:|1700919411\n|move|p2a: Heatran|Protect|p2a: Heatran\n|-singleturn|p2a: Heatran|Protect\n|move|p1a: Ninetales|Encore|p2a: Heatran\n|-activate|p2a: Heatran|move: Protect\n|\n|-weather|Snow|[upkeep]\n|-damage|p1a: Ninetales|32\/100|[from] move: Magma Storm|[partiallytrapped]\n|upkeep\n|turn|4\n|inactive|attttttkk has 120 seconds left.\n|\n|t:|1700919422\n|move|p1a: Ninetales|Encore|p2a: Heatran\n|-start|p2a: Heatran|Encore\n|move|p2a: Heatran|Protect||[still]\n|-fail|p2a: Heatran\n|\n|-weather|Snow|[upkeep]\n|-damage|p1a: Ninetales|20\/100|[from] move: Magma Storm|[partiallytrapped]\n|upkeep\n|turn|5\n|inactive|attttttkk has 120 seconds left.\n|\n|t:|1700919438\n|move|p2a: Heatran|Protect|p2a: Heatran\n|-singleturn|p2a: Heatran|Protect\n|move|p1a: Ninetales|Encore|p2a: Heatran\n|-activate|p2a: Heatran|move: Protect\n|\n|-weather|none\n|-damage|p1a: Ninetales|7\/100|[from] move: Magma Storm|[partiallytrapped]\n|upkeep\n|turn|6\n|inactive|attttttkk has 120 seconds left.\n|\n|t:|1700919453\n|move|p2a: Heatran|Protect||[still]\n|-fail|p2a: Heatran\n|move|p1a: Ninetales|Encore||[still]\n|-fail|p1a: Ninetales\n|\n|-damage|p1a: Ninetales|0 fnt|[from] move: Magma Storm|[partiallytrapped]\n|faint|p1a: Ninetales\n|-end|p2a: Heatran|Encore\n|-sideend|p1: attttttkk|Safeguard\n|upkeep\n|\n|t:|1700919467\n|switch|p1a: Great Tusk|Great Tusk|100\/100\n|-enditem|p1a: Great Tusk|Booster Energy\n|-activate|p1a: Great Tusk|ability: Protosynthesis|[fromitem]\n|-start|p1a: Great Tusk|protosynthesisatk\n|turn|7\n|\n|t:|1700919481\n|switch|p2a: Rillaboom|Rillaboom, M|100\/100\n|-fieldstart|move: Grassy Terrain|[from] ability: Grassy Surge|[of] p2a: Rillaboom\n|move|p1a: Great Tusk|Bulk Up|p1a: Great Tusk\n|-boost|p1a: Great Tusk|atk|1\n|-boost|p1a: Great Tusk|def|1\n|\n|upkeep\n|turn|8\n|inactive|attttttkk has 90 seconds left.\n|\n|t:|1700919532\n|move|p1a: Great Tusk|Ice Spinner|p2a: Rillaboom\n|-supereffective|p2a: Rillaboom\n|-damage|p2a: Rillaboom|0 fnt\n|-fieldend|move: Grassy Terrain\n|faint|p2a: Rillaboom\n|\n|-sideend|p1: attttttkk|move: Aurora Veil\n|upkeep\n|\n|t:|1700919552\n|switch|p2a: Diancie|Diancie|100\/100\n|turn|9\n|\n|t:|1700919562\n|detailschange|p2a: Diancie|Diancie-Mega\n|-mega|p2a: Diancie|Diancie|Diancite\n|move|p2a: Diancie|Moonblast|p1a: Great Tusk\n|-supereffective|p1a: Great Tusk\n|-damage|p1a: Great Tusk|0 fnt\n|faint|p1a: Great Tusk\n|-end|p1a: Great Tusk|Protosynthesis|[silent]\n|\n|upkeep\n|\n|t:|1700919571\n|switch|p1a: Rillaboom|Rillaboom, M|100\/100\n|-fieldstart|move: Grassy Terrain|[from] ability: Grassy Surge|[of] p1a: Rillaboom\n|turn|10\n|\n|t:|1700919593\n|switch|p2a: Zapdos|Zapdos|100\/100\n|switch|p1a: Hatterene|Hatterene, F|100\/100\n|-enditem|p1a: Hatterene|Grassy Seed\n|-boost|p1a: Hatterene|def|1|[from] item: Grassy Seed\n|\n|upkeep\n|turn|11\n|\n|t:|1700919604\n|switch|p2a: Heatran|Heatran, M|100\/100\n|move|p1a: Hatterene|Calm Mind|p1a: Hatterene\n|-boost|p1a: Hatterene|spa|1\n|-boost|p1a: Hatterene|spd|1\n|\n|upkeep\n|turn|12\n|\n|t:|1700919614\n|move|p2a: Heatran|Magma Storm|p1a: Hatterene\n|-damage|p1a: Hatterene|67\/100\n|-activate|p1a: Hatterene|move: Magma Storm|[of] p2a: Heatran\n|move|p1a: Hatterene|Calm Mind|p1a: Hatterene\n|-boost|p1a: Hatterene|spa|1\n|-boost|p1a: Hatterene|spd|1\n|\n|-heal|p1a: Hatterene|73\/100|[from] Grassy Terrain\n|-damage|p1a: Hatterene|61\/100|[from] move: Magma Storm|[partiallytrapped]\n|upkeep\n|turn|13\n|\n|t:|1700919629\n|move|p2a: Heatran|Earth Power|p1a: Hatterene\n|-damage|p1a: Hatterene|48\/100\n|move|p1a: Hatterene|Calm Mind|p1a: Hatterene\n|-boost|p1a: Hatterene|spa|1\n|-boost|p1a: Hatterene|spd|1\n|\n|-heal|p1a: Hatterene|54\/100|[from] Grassy Terrain\n|-damage|p1a: Hatterene|42\/100|[from] move: Magma Storm|[partiallytrapped]\n|upkeep\n|turn|14\n|inactive|attttttkk has 60 seconds left.\n|\n|t:|1700919644\n|move|p2a: Heatran|Magma Storm|p1a: Hatterene\n|-damage|p1a: Hatterene|23\/100\n|move|p1a: Hatterene|Stored Power|p2a: Heatran\n|-resisted|p2a: Heatran\n|-damage|p2a: Heatran|49\/100\n|\n|-heal|p2a: Heatran|55\/100|[from] Grassy Terrain\n|-heal|p2a: Heatran|62\/100|[from] item: Leftovers\n|-heal|p1a: Hatterene|29\/100|[from] Grassy Terrain\n|-damage|p1a: Hatterene|17\/100|[from] move: Magma Storm|[partiallytrapped]\n|upkeep\n|turn|15\n|inactive|attttttkk has 60 seconds left.\n|\n|t:|1700919663\n|move|p2a: Heatran|Earth Power|p1a: Hatterene\n|-damage|p1a: Hatterene|6\/100\n|-unboost|p1a: Hatterene|spd|1\n|move|p1a: Hatterene|Draining Kiss|p2a: Heatran\n|-resisted|p2a: Heatran\n|-damage|p2a: Heatran|53\/100\n|-heal|p1a: Hatterene|14\/100|[from] drain|[of] p2a: Heatran\n|\n|-heal|p2a: Heatran|59\/100|[from] Grassy Terrain\n|-heal|p2a: Heatran|66\/100|[from] item: Leftovers\n|-heal|p1a: Hatterene|20\/100|[from] Grassy Terrain\n|-damage|p1a: Hatterene|7\/100|[from] move: Magma Storm|[partiallytrapped]\n|upkeep\n|turn|16\n|inactive|attttttkk has 60 seconds left.\n|\n|t:|1700919680\n|move|p2a: Heatran|Earth Power|p1a: Hatterene\n|-damage|p1a: Hatterene|0 fnt\n|faint|p1a: Hatterene\n|\n|-heal|p2a: Heatran|72\/100|[from] Grassy Terrain\n|-heal|p2a: Heatran|78\/100|[from] item: Leftovers\n|upkeep\n|\n|t:|1700919689\n|switch|p1a: Sneasler|Sneasler, M|100\/100\n|-enditem|p1a: Sneasler|Grassy Seed\n|-boost|p1a: Sneasler|def|1|[from] item: Grassy Seed\n|turn|17\n|\n|t:|1700919702\n|move|p1a: Sneasler|Close Combat|p2a: Heatran\n|-supereffective|p2a: Heatran\n|-damage|p2a: Heatran|0 fnt\n|-unboost|p1a: Sneasler|def|1\n|-unboost|p1a: Sneasler|spd|1\n|faint|p2a: Heatran\n|\n|-fieldend|move: Grassy Terrain\n|upkeep\n|\n|t:|1700919711\n|switch|p2a: Zamazenta|Zamazenta|100\/100\n|-ability|p2a: Zamazenta|Dauntless Shield|boost\n|-boost|p2a: Zamazenta|def|1\n|turn|18\n|inactive|attttttkk has 60 seconds left.\n|\n|t:|1700919724\n|move|p1a: Sneasler|Close Combat|p2a: Zamazenta\n|-damage|p2a: Zamazenta|71\/100\n|-unboost|p1a: Sneasler|def|1\n|-unboost|p1a: Sneasler|spd|1\n|move|p2a: Zamazenta|Substitute|p2a: Zamazenta\n|-start|p2a: Zamazenta|Substitute\n|-damage|p2a: Zamazenta|46\/100\n|\n|-heal|p2a: Zamazenta|52\/100|[from] item: Leftovers\n|upkeep\n|turn|19\n|inactive|attttttkk has 60 seconds left.\n|\n|t:|1700919737\n|move|p1a: Sneasler|Acrobatics|p2a: Zamazenta\n|-supereffective|p2a: Zamazenta\n|-end|p2a: Zamazenta|Substitute\n|move|p2a: Zamazenta|Iron Defense|p2a: Zamazenta\n|-boost|p2a: Zamazenta|def|2\n|\n|-heal|p2a: Zamazenta|58\/100|[from] item: Leftovers\n|upkeep\n|turn|20\n|inactive|attttttkk has 60 seconds left.\n|\n|t:|1700919751\n|-terastallize|p2a: Zamazenta|Electric\n|move|p1a: Sneasler|Dire Claw|p2a: Zamazenta\n|-damage|p2a: Zamazenta|45\/100\n|move|p2a: Zamazenta|Body Press|p1a: Sneasler\n|-resisted|p1a: Sneasler\n|-damage|p1a: Sneasler|0 fnt\n|faint|p1a: Sneasler\n|\n|-heal|p2a: Zamazenta|51\/100|[from] item: Leftovers\n|upkeep\n|\n|t:|1700919764\n|switch|p1a: Rillaboom|Rillaboom, M|100\/100\n|-fieldstart|move: Grassy Terrain|[from] ability: Grassy Surge|[of] p1a: Rillaboom\n|turn|21\n|\n|t:|1700919787\n|switch|p1a: Sinistcha|Sinistcha|100\/100\n|-enditem|p1a: Sinistcha|Grassy Seed\n|-boost|p1a: Sinistcha|def|1|[from] item: Grassy Seed\n|move|p2a: Zamazenta|Body Press|p1a: Sinistcha\n|-immune|p1a: Sinistcha\n|\n|-heal|p2a: Zamazenta|57\/100|[from] Grassy Terrain\n|-heal|p2a: Zamazenta|64\/100|[from] item: Leftovers\n|upkeep\n|turn|22\n|inactive|attttttkk has 60 seconds left.\n|\n|t:|1700919804\n|move|p2a: Zamazenta|Crunch|p1a: Sinistcha\n|-supereffective|p1a: Sinistcha\n|-damage|p1a: Sinistcha|79\/100\n|move|p1a: Sinistcha|Calm Mind|p1a: Sinistcha\n|-boost|p1a: Sinistcha|spa|1\n|-boost|p1a: Sinistcha|spd|1\n|\n|-heal|p2a: Zamazenta|70\/100|[from] Grassy Terrain\n|-heal|p2a: Zamazenta|76\/100|[from] item: Leftovers\n|-heal|p1a: Sinistcha|85\/100|[from] Grassy Terrain\n|upkeep\n|turn|23\n|\n|t:|1700919828\n|switch|p2a: Diancie|Diancie-Mega|100\/100\n|move|p1a: Sinistcha|Calm Mind|p1a: Sinistcha\n|-boost|p1a: Sinistcha|spa|1\n|-boost|p1a: Sinistcha|spd|1\n|\n|-heal|p1a: Sinistcha|91\/100|[from] Grassy Terrain\n|upkeep\n|turn|24\n|\n|t:|1700919843\n|move|p2a: Diancie|Diamond Storm|p1a: Sinistcha\n|-damage|p1a: Sinistcha|68\/100\n|-boost|p2a: Diancie|def|2\n|move|p1a: Sinistcha|Calm Mind|p1a: Sinistcha\n|-boost|p1a: Sinistcha|spa|1\n|-boost|p1a: Sinistcha|spd|1\n|\n|-heal|p1a: Sinistcha|74\/100|[from] Grassy Terrain\n|upkeep\n|turn|25\n|\n|t:|1700919856\n|move|p2a: Diancie|Diamond Storm|p1a: Sinistcha\n|-damage|p1a: Sinistcha|52\/100\n|move|p1a: Sinistcha|Matcha Gotcha|p2a: Diancie\n|-supereffective|p2a: Diancie\n|-damage|p2a: Diancie|0 fnt\n|-heal|p1a: Sinistcha|87\/100|[from] drain|[of] p2a: Diancie\n|faint|p2a: Diancie\n|\n|-heal|p1a: Sinistcha|93\/100|[from] Grassy Terrain\n|upkeep\n|\n|t:|1700919864\n|switch|p2a: Zapdos|Zapdos|100\/100\n|turn|26\n|\n|t:|1700919878\n|-terastallize|p1a: Sinistcha|Poison\n|move|p2a: Zapdos|Hurricane|p1a: Sinistcha\n|-damage|p1a: Sinistcha|72\/100\n|-start|p1a: Sinistcha|confusion\n|-activate|p1a: Sinistcha|confusion\n|move|p1a: Sinistcha|Shadow Ball|p2a: Zapdos\n|-damage|p2a: Zapdos|22\/100\n|\n|-heal|p1a: Sinistcha|78\/100|[from] Grassy Terrain\n|upkeep\n|turn|27\n|\n|t:|1700919893\n|move|p2a: Zapdos|Roost|p2a: Zapdos\n|-heal|p2a: Zapdos|72\/100\n|-singleturn|p2a: Zapdos|move: Roost\n|-end|p1a: Sinistcha|confusion\n|move|p1a: Sinistcha|Shadow Ball|p2a: Zapdos\n|-damage|p2a: Zapdos|0 fnt\n|faint|p2a: Zapdos\n|\n|-heal|p1a: Sinistcha|84\/100|[from] Grassy Terrain\n|upkeep\n|\n|t:|1700919901\n|switch|p2a: Kommo-o|Kommo-o, F|100\/100\n|turn|28\n|inactive|attttttkk has 60 seconds left.\n|\n|t:|1700919909\n|-zpower|p2a: Kommo-o\n|move|p2a: Kommo-o|Clangorous Soulblaze|p1a: Sinistcha|[zeffect]\n|-damage|p1a: Sinistcha|48\/100\n|-boost|p2a: Kommo-o|atk|1\n|-boost|p2a: Kommo-o|def|1\n|-boost|p2a: Kommo-o|spa|1\n|-boost|p2a: Kommo-o|spd|1\n|-boost|p2a: Kommo-o|spe|1\n|move|p1a: Sinistcha|Strength Sap|p2a: Kommo-o\n|-unboost|p2a: Kommo-o|atk|1\n|-heal|p1a: Sinistcha|100\/100\n|\n|-fieldend|move: Grassy Terrain\n|upkeep\n|turn|29\n|inactive|attttttkk has 60 seconds left.\n|-message|kaishishoudui forfeited.\n|\n|win|attttttkk\n|raw|attttttkk's rating: 1033 &rarr; <strong>1065<\/strong><br \/>(+32 for winning)\n|raw|kaishishoudui's rating: 1000 &rarr; <strong>1000<\/strong><br \/>(+0 for losing)\n|l|\u2606kaishishoudui\n","uploadtime":1700919931,"views":0,"p1id":"attttttkk","p2id":"kaishishoudui","formatid":"gen9nationaldex","rating":1000,"private":0,"password":""}