{"id":"gen9nationaldex-1990632935","p1":"JogadorCaro","p2":"xyf13511744988","format":"[Gen 9] National Dex","log":"|j|\u2606JogadorCaro\n|j|\u2606xyf13511744988\n|t:|1699987337\n|gametype|singles\n|player|p1|JogadorCaro|tate|1742\n|player|p2|xyf13511744988|1|1813\n|teamsize|p1|6\n|teamsize|p2|6\n|gen|9\n|tier|[Gen 9] National Dex\n|rated|\n|rule|HP Percentage Mod: HP is shown in percentages\n|rule|Endless Battle Clause: Forcing endless battles is banned\n|rule|OHKO Clause: OHKO moves are banned\n|rule|Evasion Clause: Evasion abilities, items, and moves are banned\n|rule|Evasion Abilities Clause: Evasion abilities are banned\n|rule|Evasion Items Clause: Evasion items are banned\n|rule|Evasion Moves Clause: Evasion moves are banned\n|rule|Species Clause: Limit one of each Pok\u00e9mon\n|rule|Sleep Clause Mod: Limit one foe put to sleep\n|clearpoke\n|poke|p1|Garganacl, F|\n|poke|p1|Zamazenta-*|\n|poke|p1|Volcarona, M|\n|poke|p1|Hoopa-Unbound|\n|poke|p1|Dondozo, M|\n|poke|p1|Rotom-Wash|\n|poke|p2|Weavile, F|\n|poke|p2|Landorus-Therian, M|\n|poke|p2|Zapdos|\n|poke|p2|Volcanion|\n|poke|p2|Ursaluna, M|\n|poke|p2|Kartana|\n|teampreview\n|\n|t:|1699987372\n|start\n|switch|p1a: mulher|Rotom-Wash|100\/100\n|switch|p2a: Weavile|Weavile, F|100\/100\n|-ability|p2a: Weavile|Pressure\n|turn|1\n|inactive|Battle timer is ON: inactive players will automatically lose when time's up. (requested by xyf13511744988)\n|\n|t:|1699987391\n|-terastallize|p2a: Weavile|Dark\n|move|p2a: Weavile|Beat Up|p1a: mulher\n|-damage|p1a: mulher|80\/100\n|-damage|p1a: mulher|58\/100\n|-damage|p1a: mulher|43\/100\n|-damage|p1a: mulher|25\/100\n|-damage|p1a: mulher|6\/100\n|-crit|p1a: mulher\n|-damage|p1a: mulher|0 fnt\n|faint|p1a: mulher\n|-hitcount|p1: mulher|6\n|\n|upkeep\n|\n|t:|1699987401\n|switch|p1a: Mahoraga|Garganacl, F|100\/100\n|turn|2\n|\n|t:|1699987403\n|move|p2a: Weavile|Beat Up|p1a: Mahoraga\n|-damage|p1a: Mahoraga|92\/100\n|-damage|p1a: Mahoraga|82\/100\n|-damage|p1a: Mahoraga|74\/100\n|-damage|p1a: Mahoraga|66\/100\n|-damage|p1a: Mahoraga|56\/100\n|-damage|p1a: Mahoraga|45\/100\n|-hitcount|p1a: Mahoraga|6\n|move|p1a: Mahoraga|Iron Defense|p1a: Mahoraga\n|-boost|p1a: Mahoraga|def|2\n|\n|-heal|p1a: Mahoraga|51\/100|[from] item: Leftovers\n|upkeep\n|turn|3\n|\n|t:|1699987411\n|switch|p2a: Volcanion|Volcanion|100\/100\n|move|p1a: Mahoraga|Salt Cure|p2a: Volcanion\n|-supereffective|p2a: Volcanion\n|-damage|p2a: Volcanion|83\/100\n|-start|p2a: Volcanion|Salt Cure\n|\n|-heal|p1a: Mahoraga|57\/100|[from] item: Leftovers\n|-damage|p2a: Volcanion|59\/100|[from] Salt Cure\n|upkeep\n|turn|4\n|\n|t:|1699987417\n|switch|p2a: Ursaluna|Ursaluna, M|100\/100\n|switch|p1a: Bale\u00e3o|Dondozo, M|100\/100\n|\n|-status|p2a: Ursaluna|brn|[from] item: Flame Orb\n|upkeep\n|turn|5\n|\n|t:|1699987421\n|switch|p2a: Volcanion|Volcanion|59\/100\n|move|p1a: Bale\u00e3o|Wave Crash|p2a: Volcanion\n|-heal|p2a: Volcanion|83\/100|[from] ability: Water Absorb|[of] p1a: Bale\u00e3o\n|\n|upkeep\n|turn|6\n|\n|t:|1699987431\n|switch|p1a: Toji|Zamazenta|100\/100\n|-ability|p1a: Toji|Dauntless Shield|boost\n|-boost|p1a: Toji|def|1\n|move|p2a: Volcanion|Steam Eruption|p1a: Toji\n|-damage|p1a: Toji|56\/100\n|-status|p1a: Toji|brn\n|\n|-damage|p1a: Toji|50\/100 brn|[from] brn\n|upkeep\n|turn|7\n|c|\u2606JogadorCaro|aaaaaaaaaaaaaaaaaaaaaa\n|\n|t:|1699987440\n|switch|p2a: Landorus|Landorus-Therian, M|100\/100\n|-ability|p2a: Landorus|Intimidate|boost\n|-unboost|p1a: Toji|atk|1\n|move|p1a: Toji|Ice Fang|p2a: Landorus|[miss]\n|-miss|p1a: Toji|p2a: Landorus\n|\n|-damage|p1a: Toji|44\/100 brn|[from] brn\n|upkeep\n|turn|8\n|c|\u2606JogadorCaro|aaaaaaaaaaaaaaaaaaaaaaaaaaaaaaaaaaaaaaaaaaa\n|\n|t:|1699987452\n|switch|p2a: Zapdos|Zapdos|100\/100\n|move|p1a: Toji|Ice Fang|p2a: Zapdos\n|-supereffective|p2a: Zapdos\n|-damage|p2a: Zapdos|86\/100\n|\n|-damage|p1a: Toji|38\/100 brn|[from] brn\n|upkeep\n|turn|9\n|\n|t:|1699987459\n|move|p1a: Toji|Ice Fang|p2a: Zapdos\n|-supereffective|p2a: Zapdos\n|-damage|p2a: Zapdos|70\/100\n|move|p2a: Zapdos|U-turn|p1a: Toji\n|-resisted|p1a: Toji\n|-damage|p1a: Toji|34\/100 brn\n|\n|t:|1699987465\n|switch|p2a: Ursaluna|Ursaluna, M|100\/100 brn|[from] U-turn\n|\n|-damage|p1a: Toji|28\/100 brn|[from] brn\n|-damage|p2a: Ursaluna|94\/100 brn|[from] brn\n|upkeep\n|turn|10\n|\n|t:|1699987483\n|switch|p1a: Bale\u00e3o|Dondozo, M|100\/100\n|move|p2a: Ursaluna|Facade|p1a: Bale\u00e3o\n|-damage|p1a: Bale\u00e3o|30\/100\n|\n|-heal|p1a: Bale\u00e3o|36\/100|[from] item: Leftovers\n|-damage|p2a: Ursaluna|88\/100 brn|[from] brn\n|upkeep\n|turn|11\n|\n|t:|1699987488\n|move|p2a: Ursaluna|Facade|p1a: Bale\u00e3o\n|-damage|p1a: Bale\u00e3o|0 fnt\n|faint|p1a: Bale\u00e3o\n|\n|-damage|p2a: Ursaluna|82\/100 brn|[from] brn\n|upkeep\n|\n|t:|1699987492\n|switch|p1a: Agito|Hoopa-Unbound|100\/100\n|turn|12\n|\n|t:|1699987495\n|switch|p2a: Landorus|Landorus-Therian, M|100\/100\n|-ability|p2a: Landorus|Intimidate|boost\n|-unboost|p1a: Agito|atk|1\n|move|p1a: Agito|Dark Pulse|p2a: Landorus\n|-damage|p2a: Landorus|46\/100\n|\n|-heal|p2a: Landorus|52\/100|[from] item: Leftovers\n|upkeep\n|turn|13\n|\n|t:|1699987501\n|move|p1a: Agito|Dark Pulse|p2a: Landorus\n|-damage|p2a: Landorus|0 fnt\n|faint|p2a: Landorus\n|\n|upkeep\n|\n|t:|1699987508\n|switch|p2a: Weavile|Weavile, F, tera:Dark|100\/100\n|-ability|p2a: Weavile|Pressure\n|turn|14\n|\n|t:|1699987512\n|switch|p1a: Endeavor|Volcarona, M|100\/100\n|move|p2a: Weavile|Knock Off|p1a: Endeavor\n|-damage|p1a: Endeavor|0 fnt\n|-enditem|p1a: Endeavor|Heavy-Duty Boots|[from] move: Knock Off|[of] p2a: Weavile\n|faint|p1a: Endeavor\n|\n|upkeep\n|c|\u2606JogadorCaro|miss click..\n|c|\u2606JogadorCaro|onyo\n|\n|t:|1699987524\n|switch|p1a: Toji|Zamazenta|28\/100 brn\n|turn|15\n|\n|t:|1699987530\n|switch|p2a: Zapdos|Zapdos|70\/100\n|move|p1a: Toji|Close Combat|p2a: Zapdos\n|-resisted|p2a: Zapdos\n|-damage|p2a: Zapdos|55\/100\n|-unboost|p1a: Toji|def|1\n|-unboost|p1a: Toji|spd|1\n|\n|-damage|p1a: Toji|21\/100 brn|[from] brn\n|upkeep\n|turn|16\n|\n|t:|1699987533\n|move|p1a: Toji|Close Combat|p2a: Zapdos\n|-resisted|p2a: Zapdos\n|-damage|p2a: Zapdos|38\/100\n|-unboost|p1a: Toji|def|1\n|-unboost|p1a: Toji|spd|1\n|move|p2a: Zapdos|U-turn|p1a: Toji\n|-resisted|p1a: Toji\n|-damage|p1a: Toji|9\/100 brn\n|\n|t:|1699987537\n|switch|p2a: Kartana|Kartana|100\/100|[from] U-turn\n|\n|-damage|p1a: Toji|3\/100 brn|[from] brn\n|upkeep\n|turn|17\n|\n|t:|1699987541\n|move|p2a: Kartana|Leaf Blade|p1a: Toji\n|-damage|p1a: Toji|0 fnt\n|faint|p1a: Toji\n|-ability|p2a: Kartana|Beast Boost|boost\n|-boost|p2a: Kartana|atk|1\n|\n|upkeep\n|\n|t:|1699987544\n|switch|p1a: Mahoraga|Garganacl, F|57\/100\n|turn|18\n|\n|t:|1699987547\n|-terastallize|p1a: Mahoraga|Ghost\n|move|p2a: Kartana|Leaf Blade|p1a: Mahoraga\n|-damage|p1a: Mahoraga|9\/100\n|move|p1a: Mahoraga|Recover|p1a: Mahoraga\n|-heal|p1a: Mahoraga|59\/100\n|\n|-heal|p1a: Mahoraga|65\/100|[from] item: Leftovers\n|upkeep\n|turn|19\n|\n|t:|1699987554\n|move|p2a: Kartana|Leaf Blade|p1a: Mahoraga\n|-damage|p1a: Mahoraga|22\/100\n|move|p1a: Mahoraga|Recover|p1a: Mahoraga\n|-heal|p1a: Mahoraga|72\/100\n|\n|-heal|p1a: Mahoraga|78\/100|[from] item: Leftovers\n|upkeep\n|turn|20\n|\n|t:|1699987557\n|move|p2a: Kartana|Leaf Blade|p1a: Mahoraga\n|-damage|p1a: Mahoraga|34\/100\n|move|p1a: Mahoraga|Iron Defense|p1a: Mahoraga\n|-boost|p1a: Mahoraga|def|2\n|\n|-heal|p1a: Mahoraga|40\/100|[from] item: Leftovers\n|upkeep\n|turn|21\n|\n|t:|1699987562\n|move|p2a: Kartana|Leaf Blade|p1a: Mahoraga\n|-damage|p1a: Mahoraga|16\/100\n|move|p1a: Mahoraga|Recover|p1a: Mahoraga\n|-heal|p1a: Mahoraga|66\/100\n|\n|-heal|p1a: Mahoraga|72\/100|[from] item: Leftovers\n|upkeep\n|turn|22\n|\n|t:|1699987568\n|move|p2a: Kartana|Leaf Blade|p1a: Mahoraga\n|-damage|p1a: Mahoraga|50\/100\n|move|p1a: Mahoraga|Body Press|p2a: Kartana\n|-supereffective|p2a: Kartana\n|-crit|p2a: Kartana\n|-damage|p2a: Kartana|0 fnt\n|faint|p2a: Kartana\n|\n|-heal|p1a: Mahoraga|56\/100|[from] item: Leftovers\n|upkeep\n|\n|t:|1699987572\n|switch|p2a: Weavile|Weavile, F, tera:Dark|100\/100\n|-ability|p2a: Weavile|Pressure\n|turn|23\n|\n|t:|1699987579\n|move|p2a: Weavile|Knock Off|p1a: Mahoraga\n|-supereffective|p1a: Mahoraga\n|-damage|p1a: Mahoraga|6\/100\n|-enditem|p1a: Mahoraga|Leftovers|[from] move: Knock Off|[of] p2a: Weavile\n|move|p1a: Mahoraga|Body Press|p2a: Weavile\n|-supereffective|p2a: Weavile\n|-damage|p2a: Weavile|0 fnt\n|faint|p2a: Weavile\n|\n|upkeep\n|\n|t:|1699987588\n|switch|p2a: Volcanion|Volcanion|83\/100\n|turn|24\n|\n|t:|1699987590\n|move|p2a: Volcanion|Flamethrower|p1a: Mahoraga\n|-damage|p1a: Mahoraga|0 fnt\n|faint|p1a: Mahoraga\n|\n|upkeep\n|\n|t:|1699987593\n|switch|p1a: Agito|Hoopa-Unbound|100\/100\n|turn|25\n|\n|t:|1699987596\n|move|p1a: Agito|Psychic|p2a: Volcanion\n|-crit|p2a: Volcanion\n|-damage|p2a: Volcanion|0 fnt\n|faint|p2a: Volcanion\n|\n|upkeep\n|\n|t:|1699987599\n|switch|p2a: Ursaluna|Ursaluna, M|82\/100 brn\n|turn|26\n|\n|t:|1699987601\n|move|p1a: Agito|Psychic|p2a: Ursaluna\n|-damage|p2a: Ursaluna|0 fnt\n|faint|p2a: Ursaluna\n|\n|upkeep\n|\n|t:|1699987606\n|switch|p2a: Zapdos|Zapdos|38\/100\n|turn|27\n|\n|t:|1699987609\n|move|p1a: Agito|Psychic|p2a: Zapdos\n|-damage|p2a: Zapdos|0 fnt\n|faint|p2a: Zapdos\n|\n|win|JogadorCaro\n|raw|JogadorCaro's rating: 1742 &rarr; <strong>1766<\/strong><br \/>(+24 for winning)\n|raw|xyf13511744988's rating: 1813 &rarr; <strong>1789<\/strong><br \/>(-24 for losing)\n|l|\u2606xyf13511744988\n","uploadtime":1699987615,"views":5,"p1id":"jogadorcaro","p2id":"xyf13511744988","formatid":"gen9nationaldex","rating":1766,"private":0,"password":""}