{"id":"gen9nationaldex-1989128677","p1":"lemur878","p2":"kilatas","format":"[Gen 9] National Dex","log":"|j|\u2606lemur878\n|j|\u2606kilatas\n|t:|1699815300\n|gametype|singles\n|player|p1|lemur878|lucas|1136\n|player|p2|kilatas|picnicker|1203\n|teamsize|p1|6\n|teamsize|p2|6\n|gen|9\n|tier|[Gen 9] National Dex\n|rated|\n|rule|HP Percentage Mod: HP is shown in percentages\n|rule|Endless Battle Clause: Forcing endless battles is banned\n|rule|OHKO Clause: OHKO moves are banned\n|rule|Evasion Clause: Evasion abilities, items, and moves are banned\n|rule|Evasion Abilities Clause: Evasion abilities are banned\n|rule|Evasion Items Clause: Evasion items are banned\n|rule|Evasion Moves Clause: Evasion moves are banned\n|rule|Species Clause: Limit one of each Pok\u00e9mon\n|rule|Sleep Clause Mod: Limit one foe put to sleep\n|clearpoke\n|poke|p1|Shuckle, F|\n|poke|p1|Golisopod, M|\n|poke|p1|Tsareena, F|\n|poke|p1|Salamence, F|\n|poke|p1|Magnezone|\n|poke|p1|Vaporeon, M|\n|poke|p2|Braviary-Hisui, M|\n|poke|p2|Floatzel, M|\n|poke|p2|Iron Valiant|\n|poke|p2|Volcanion|\n|poke|p2|Ambipom, F|\n|poke|p2|Jirachi|\n|teampreview\n|inactive|Battle timer is ON: inactive players will automatically lose when time's up. (requested by kilatas)\n|\n|t:|1699815309\n|start\n|switch|p1a: Aw Shucks|Shuckle, F, shiny|100\/100\n|switch|p2a: Ambipom|Ambipom, F, shiny|100\/100\n|turn|1\n|\n|t:|1699815324\n|-terastallize|p2a: Ambipom|Normal\n|move|p2a: Ambipom|Fake Out|p1a: Aw Shucks\n|-resisted|p1a: Aw Shucks\n|-crit|p1a: Aw Shucks\n|-damage|p1a: Aw Shucks|70\/100\n|-damage|p2a: Ambipom|84\/100|[from] item: Rocky Helmet|[of] p1a: Aw Shucks\n|-damage|p2a: Ambipom|74\/100|[from] item: Life Orb\n|cant|p1a: Aw Shucks|flinch\n|\n|upkeep\n|turn|2\n|\n|t:|1699815334\n|move|p2a: Ambipom|Last Resort|p1a: Aw Shucks\n|-resisted|p1a: Aw Shucks\n|-damage|p1a: Aw Shucks|25\/100\n|-damage|p2a: Ambipom|58\/100|[from] item: Rocky Helmet|[of] p1a: Aw Shucks\n|-damage|p2a: Ambipom|48\/100|[from] item: Life Orb\n|move|p1a: Aw Shucks|Shell Smash|p1a: Aw Shucks\n|-boost|p1a: Aw Shucks|def|1\n|-boost|p1a: Aw Shucks|spd|1\n|-unboost|p1a: Aw Shucks|atk|2\n|-unboost|p1a: Aw Shucks|spa|2\n|-unboost|p1a: Aw Shucks|spe|2\n|\n|upkeep\n|turn|3\n|\n|t:|1699815346\n|move|p2a: Ambipom|Last Resort|p1a: Aw Shucks\n|-resisted|p1a: Aw Shucks\n|-damage|p1a: Aw Shucks|0 fnt\n|-damage|p2a: Ambipom|31\/100|[from] item: Rocky Helmet|[of] p1a: Aw Shucks\n|faint|p1a: Aw Shucks\n|-damage|p2a: Ambipom|21\/100|[from] item: Life Orb\n|\n|upkeep\n|\n|t:|1699815360\n|switch|p1a: Golisopod|Golisopod, M|100\/100\n|turn|4\n|\n|t:|1699815366\n|switch|p2a: Volcanion|Volcanion|100\/100\n|move|p1a: Golisopod|First Impression|p2a: Volcanion\n|-resisted|p2a: Volcanion\n|-damage|p2a: Volcanion|74\/100\n|\n|upkeep\n|turn|5\n|\n|t:|1699815380\n|move|p2a: Volcanion|Flame Charge|p1a: Golisopod\n|-damage|p1a: Golisopod|86\/100\n|-boost|p2a: Volcanion|spe|1\n|move|p1a: Golisopod|Knock Off|p2a: Volcanion\n|-damage|p2a: Volcanion|39\/100\n|-enditem|p2a: Volcanion|Assault Vest|[from] move: Knock Off|[of] p1a: Golisopod\n|\n|upkeep\n|turn|6\n|\n|t:|1699815392\n|switch|p1a: Megalania|Salamence, F|100\/100\n|move|p2a: Volcanion|Steam Eruption|p1a: Megalania\n|-resisted|p1a: Megalania\n|-damage|p1a: Megalania|65\/100\n|\n|upkeep\n|turn|7\n|\n|t:|1699815403\n|move|p2a: Volcanion|Sludge Bomb|p1a: Megalania\n|-damage|p1a: Megalania|27\/100\n|-status|p1a: Megalania|psn\n|move|p1a: Megalania|Dragon Dance|p1a: Megalania\n|-boost|p1a: Megalania|atk|1\n|-boost|p1a: Megalania|spe|1\n|\n|-damage|p1a: Megalania|15\/100 psn|[from] psn\n|upkeep\n|turn|8\n|\n|t:|1699815416\n|move|p1a: Megalania|Earthquake|p2a: Volcanion\n|-supereffective|p2a: Volcanion\n|-damage|p2a: Volcanion|0 fnt\n|faint|p2a: Volcanion\n|-ability|p1a: Megalania|Moxie|boost\n|-boost|p1a: Megalania|atk|1\n|\n|-damage|p1a: Megalania|3\/100 psn|[from] psn\n|upkeep\n|\n|t:|1699815419\n|switch|p2a: Ambipom|Ambipom, F, shiny, tera:Normal|21\/100\n|turn|9\n|\n|t:|1699815436\n|move|p2a: Ambipom|Fake Out|p1a: Megalania\n|-damage|p1a: Megalania|0 fnt\n|faint|p1a: Megalania\n|-damage|p2a: Ambipom|11\/100|[from] item: Life Orb\n|\n|upkeep\n|\n|t:|1699815442\n|switch|p1a: Golisopod|Golisopod, M|86\/100\n|turn|10\n|\n|t:|1699815449\n|move|p1a: Golisopod|Aqua Jet|p2a: Ambipom\n|-damage|p2a: Ambipom|0 fnt\n|faint|p2a: Ambipom\n|\n|upkeep\n|\n|t:|1699815451\n|switch|p2a: Floatzel|Floatzel, M, shiny|100\/100\n|turn|11\n|\n|t:|1699815464\n|switch|p1a: Tsareena|Tsareena, F|100\/100\n|move|p2a: Floatzel|Fling|p1a: Tsareena\n|-damage|p1a: Tsareena|90\/100\n|-status|p1a: Tsareena|brn\n|-enditem|p2a: Floatzel|Flame Orb|[from] move: Fling\n|\n|-damage|p1a: Tsareena|84\/100 brn|[from] brn\n|upkeep\n|turn|12\n|\n|t:|1699815481\n|move|p2a: Floatzel|Thief|p1a: Tsareena\n|-damage|p1a: Tsareena|63\/100 brn\n|-enditem|p1a: Tsareena|Choice Band|[silent]|[from] move: Thief|[of] p2a: Floatzel\n|-item|p2a: Floatzel|Choice Band|[from] move: Thief|[of] p1a: Tsareena\n|move|p1a: Tsareena|Power Whip|p2a: Floatzel\n|-supereffective|p2a: Floatzel\n|-damage|p2a: Floatzel|1\/100\n|\n|-damage|p1a: Tsareena|57\/100 brn|[from] brn\n|upkeep\n|turn|13\n|\n|t:|1699815502\n|move|p2a: Floatzel|Wave Crash|p1a: Tsareena\n|-resisted|p1a: Tsareena\n|-damage|p1a: Tsareena|7\/100 brn\n|-damage|p2a: Floatzel|0 fnt|[from] Recoil\n|faint|p2a: Floatzel\n|move|p1a: Tsareena|Knock Off|p2: Floatzel|[notarget]\n|-fail|p1a: Tsareena\n|\n|-damage|p1a: Tsareena|1\/100 brn|[from] brn\n|upkeep\n|\n|t:|1699815507\n|switch|p2a: Braviary|Braviary-Hisui, M, shiny|100\/100\n|turn|14\n|inactive|lemur878 has 120 seconds left.\n|\n|t:|1699815529\n|move|p1a: Tsareena|Knock Off|p2a: Braviary\n|-supereffective|p2a: Braviary\n|-damage|p2a: Braviary|59\/100\n|-enditem|p2a: Braviary|Covert Cloak|[from] move: Knock Off|[of] p1a: Tsareena\n|move|p2a: Braviary|Esper Wing|p1a: Tsareena\n|-damage|p1a: Tsareena|0 fnt\n|-boost|p2a: Braviary|spe|1\n|faint|p1a: Tsareena\n|\n|upkeep\n|inactive|lemur878 has 120 seconds left.\n|\n|t:|1699815539\n|switch|p1a: Golisopod|Golisopod, M|86\/100\n|turn|15\n|\n|t:|1699815563\n|move|p1a: Golisopod|First Impression|p2a: Braviary\n|-damage|p2a: Braviary|0 fnt\n|faint|p2a: Braviary\n|\n|upkeep\n|\n|t:|1699815566\n|switch|p2a: Iron Valiant|Iron Valiant, shiny|100\/100\n|-enditem|p2a: Iron Valiant|Booster Energy\n|-activate|p2a: Iron Valiant|ability: Quark Drive|[fromitem]\n|-start|p2a: Iron Valiant|quarkdrivespe\n|turn|16\n|inactive|lemur878 has 120 seconds left.\n|\n|t:|1699815592\n|switch|p1a: Magnezone|Magnezone|100\/100\n|move|p2a: Iron Valiant|Drain Punch|p1a: Magnezone\n|-supereffective|p1a: Magnezone\n|-crit|p1a: Magnezone\n|-damage|p1a: Magnezone|2\/100\n|\n|upkeep\n|turn|17\n|inactive|lemur878 has 120 seconds left.\n|\n|t:|1699815603\n|move|p2a: Iron Valiant|Drain Punch|p1a: Magnezone\n|-supereffective|p1a: Magnezone\n|-damage|p1a: Magnezone|0 fnt\n|faint|p1a: Magnezone\n|\n|upkeep\n|\n|t:|1699815611\n|switch|p1a: Hydro Homie|Vaporeon, M|100\/100\n|turn|18\n|inactive|lemur878 has 120 seconds left.\n|\n|t:|1699815616\n|-terastallize|p1a: Hydro Homie|Fairy\n|move|p2a: Iron Valiant|Leaf Blade|p1a: Hydro Homie\n|-damage|p1a: Hydro Homie|79\/100\n|move|p1a: Hydro Homie|Calm Mind|p1a: Hydro Homie\n|-boost|p1a: Hydro Homie|spa|1\n|-boost|p1a: Hydro Homie|spd|1\n|\n|-heal|p1a: Hydro Homie|85\/100|[from] item: Leftovers\n|upkeep\n|turn|19\n|inactive|lemur878 has 120 seconds left.\n|\n|t:|1699815627\n|move|p2a: Iron Valiant|Spirit Break|p1a: Hydro Homie\n|-damage|p1a: Hydro Homie|57\/100\n|-unboost|p1a: Hydro Homie|spa|1\n|move|p1a: Hydro Homie|Calm Mind|p1a: Hydro Homie\n|-boost|p1a: Hydro Homie|spa|1\n|-boost|p1a: Hydro Homie|spd|1\n|\n|-heal|p1a: Hydro Homie|63\/100|[from] item: Leftovers\n|upkeep\n|turn|20\n|inactive|lemur878 has 120 seconds left.\n|\n|t:|1699815645\n|move|p1a: Hydro Homie|Protect|p1a: Hydro Homie\n|-singleturn|p1a: Hydro Homie|Protect\n|move|p2a: Iron Valiant|Spirit Break|p1a: Hydro Homie\n|-activate|p1a: Hydro Homie|move: Protect\n|\n|-heal|p1a: Hydro Homie|69\/100|[from] item: Leftovers\n|upkeep\n|turn|21\n|inactive|lemur878 has 120 seconds left.\n|\n|t:|1699815653\n|move|p2a: Iron Valiant|Spirit Break|p1a: Hydro Homie\n|-damage|p1a: Hydro Homie|42\/100\n|-unboost|p1a: Hydro Homie|spa|1\n|move|p1a: Hydro Homie|Calm Mind|p1a: Hydro Homie\n|-boost|p1a: Hydro Homie|spa|1\n|-boost|p1a: Hydro Homie|spd|1\n|\n|-heal|p1a: Hydro Homie|48\/100|[from] item: Leftovers\n|upkeep\n|turn|22\n|\n|t:|1699815663\n|move|p2a: Iron Valiant|Shadow Claw|p1a: Hydro Homie\n|-crit|p1a: Hydro Homie\n|-damage|p1a: Hydro Homie|24\/100\n|move|p1a: Hydro Homie|Surf|p2a: Iron Valiant\n|-damage|p2a: Iron Valiant|10\/100\n|\n|-heal|p1a: Hydro Homie|30\/100|[from] item: Leftovers\n|upkeep\n|turn|23\n|\n|t:|1699815672\n|move|p2a: Iron Valiant|Spirit Break|p1a: Hydro Homie\n|-damage|p1a: Hydro Homie|3\/100\n|-unboost|p1a: Hydro Homie|spa|1\n|move|p1a: Hydro Homie|Wish|p1a: Hydro Homie\n|\n|-heal|p1a: Hydro Homie|9\/100|[from] item: Leftovers\n|upkeep\n|turn|24\n|\n|t:|1699815680\n|move|p1a: Hydro Homie|Protect|p1a: Hydro Homie\n|-singleturn|p1a: Hydro Homie|Protect\n|move|p2a: Iron Valiant|Spirit Break|p1a: Hydro Homie\n|-activate|p1a: Hydro Homie|move: Protect\n|\n|-heal|p1a: Hydro Homie|59\/100|[from] move: Wish|[wisher] Hydro Homie\n|-heal|p1a: Hydro Homie|65\/100|[from] item: Leftovers\n|upkeep\n|turn|25\n|\n|t:|1699815690\n|move|p2a: Iron Valiant|Spirit Break|p1a: Hydro Homie\n|-damage|p1a: Hydro Homie|38\/100\n|-unboost|p1a: Hydro Homie|spa|1\n|move|p1a: Hydro Homie|Calm Mind|p1a: Hydro Homie\n|-boost|p1a: Hydro Homie|spa|1\n|-boost|p1a: Hydro Homie|spd|1\n|\n|-heal|p1a: Hydro Homie|44\/100|[from] item: Leftovers\n|upkeep\n|turn|26\n|\n|t:|1699815700\n|move|p2a: Iron Valiant|Spirit Break|p1a: Hydro Homie\n|-damage|p1a: Hydro Homie|18\/100\n|-unboost|p1a: Hydro Homie|spa|1\n|move|p1a: Hydro Homie|Surf|p2a: Iron Valiant\n|-damage|p2a: Iron Valiant|0 fnt\n|faint|p2a: Iron Valiant\n|-end|p2a: Iron Valiant|Quark Drive|[silent]\n|\n|-heal|p1a: Hydro Homie|24\/100|[from] item: Leftovers\n|upkeep\n|\n|t:|1699815703\n|switch|p2a: Jirachi|Jirachi|100\/100\n|turn|27\n|\n|t:|1699815713\n|move|p2a: Jirachi|Iron Head|p1a: Hydro Homie\n|-supereffective|p1a: Hydro Homie\n|-damage|p1a: Hydro Homie|0 fnt\n|faint|p1a: Hydro Homie\n|\n|upkeep\n|\n|t:|1699815718\n|switch|p1a: Golisopod|Golisopod, M|86\/100\n|turn|28\n|\n|t:|1699815722\n|move|p1a: Golisopod|First Impression|p2a: Jirachi\n|-damage|p2a: Jirachi|50\/100\n|move|p2a: Jirachi|Iron Head|p1a: Golisopod\n|-resisted|p1a: Golisopod\n|-damage|p1a: Golisopod|74\/100\n|\n|upkeep\n|turn|29\n|\n|t:|1699815733\n|move|p2a: Jirachi|Iron Head|p1a: Golisopod\n|-resisted|p1a: Golisopod\n|-damage|p1a: Golisopod|60\/100\n|move|p1a: Golisopod|Knock Off|p2a: Jirachi\n|-supereffective|p2a: Jirachi\n|-damage|p2a: Jirachi|0 fnt\n|-enditem|p2a: Jirachi|Choice Scarf|[from] move: Knock Off|[of] p1a: Golisopod\n|faint|p2a: Jirachi\n|\n|win|lemur878\n|raw|lemur878's rating: 1136 &rarr; <strong>1166<\/strong><br \/>(+30 for winning)\n|raw|kilatas's rating: 1203 &rarr; <strong>1173<\/strong><br \/>(-30 for losing)\n|l|\u2606kilatas\n","uploadtime":1699816015,"views":4,"p1id":"lemur878","p2id":"kilatas","formatid":"gen9nationaldex","rating":1166,"private":0,"password":""}