{"id":"gen9nationaldex-1996379083","p1":"Markoakuma","p2":"luperro1529","format":"[Gen 9] National Dex","log":"|html|<div class=\"broadcast-blue\"><strong>[Gen 9] National Dex is currently suspecting Sneasler! For information on how to participate check out the <a href=\"https:\/\/www.smogon.com\/forums\/threads\/sv-national-dex-suspect-8-just-dance.3731534\/\">suspect thread<\/a>.<\/strong><\/div>\n|j|\u2606Markoakuma\n|j|\u2606luperro1529\n|t:|1700676410\n|gametype|singles\n|player|p1|Markoakuma|266|1107\n|player|p2|luperro1529|170|1033\n|teamsize|p1|6\n|teamsize|p2|6\n|gen|9\n|tier|[Gen 9] National Dex\n|rated|\n|rule|HP Percentage Mod: HP is shown in percentages\n|rule|Endless Battle Clause: Forcing endless battles is banned\n|rule|OHKO Clause: OHKO moves are banned\n|rule|Evasion Clause: Evasion abilities, items, and moves are banned\n|rule|Evasion Abilities Clause: Evasion abilities are banned\n|rule|Evasion Items Clause: Evasion items are banned\n|rule|Evasion Moves Clause: Evasion moves are banned\n|rule|Species Clause: Limit one of each Pok\u00e9mon\n|rule|Sleep Clause Mod: Limit one foe put to sleep\n|clearpoke\n|poke|p1|Swoobat, F|\n|poke|p1|Mawile, F|\n|poke|p1|Gallade, M|\n|poke|p1|Ninetales, F|\n|poke|p1|Magmortar, M|\n|poke|p1|Banette, F|\n|poke|p2|Venusaur, M|\n|poke|p2|Mimikyu, M|\n|poke|p2|Bibarel, F|\n|poke|p2|Sneasler, F|\n|poke|p2|Marowak-Alola, M|\n|poke|p2|Kecleon, M|\n|teampreview\n|\n|t:|1700676427\n|start\n|switch|p1a: Ninetales|Ninetales, F|100\/100\n|switch|p2a: American|Venusaur, M|100\/100\n|-weather|SunnyDay|[from] ability: Drought|[of] p1a: Ninetales\n|turn|1\n|\n|t:|1700676437\n|move|p2a: American|Leech Seed|p1a: Ninetales\n|-start|p1a: Ninetales|move: Leech Seed\n|move|p1a: Ninetales|Will-O-Wisp|p2a: American\n|-status|p2a: American|brn\n|\n|-weather|SunnyDay|[upkeep]\n|-damage|p1a: Ninetales|88\/100|[from] Leech Seed|[of] p2a: American\n|-damage|p2a: American|95\/100 brn|[from] brn\n|upkeep\n|turn|2\n|\n|t:|1700676446\n|move|p2a: American|Toxic|p1a: Ninetales\n|-status|p1a: Ninetales|tox\n|move|p1a: Ninetales|Mystical Fire|p2a: American\n|-supereffective|p2a: American\n|-damage|p2a: American|25\/100 brn\n|-unboost|p2a: American|spa|1\n|\n|-weather|SunnyDay|[upkeep]\n|-heal|p2a: American|31\/100 brn|[from] item: Leftovers\n|-damage|p1a: Ninetales|76\/100 tox|[from] Leech Seed|[of] p2a: American\n|-heal|p2a: American|42\/100 brn|[silent]\n|-damage|p1a: Ninetales|70\/100 tox|[from] psn\n|-damage|p2a: American|36\/100 brn|[from] brn\n|upkeep\n|turn|3\n|\n|t:|1700676460\n|switch|p2a: Marowak|Marowak-Alola, M, shiny|100\/100\n|move|p1a: Ninetales|Mystical Fire|p2a: Marowak\n|-resisted|p2a: Marowak\n|-damage|p2a: Marowak|68\/100\n|-unboost|p2a: Marowak|spa|1\n|\n|-weather|SunnyDay|[upkeep]\n|-damage|p1a: Ninetales|58\/100 tox|[from] Leech Seed|[of] p2a: Marowak\n|-heal|p2a: Marowak|81\/100|[silent]\n|-damage|p1a: Ninetales|46\/100 tox|[from] psn\n|upkeep\n|turn|4\n|\n|t:|1700676472\n|switch|p1a: Swoobat|Swoobat, F|100\/100\n|move|p2a: Marowak|Earthquake|p1a: Swoobat\n|-immune|p1a: Swoobat\n|\n|-weather|SunnyDay|[upkeep]\n|upkeep\n|turn|5\n|\n|t:|1700676484\n|move|p1a: Swoobat|Calm Mind|p1a: Swoobat\n|-boost|p1a: Swoobat|spa|2\n|-boost|p1a: Swoobat|spd|2\n|move|p2a: Marowak|Will-O-Wisp|p1a: Swoobat|[miss]\n|-miss|p2a: Marowak|p1a: Swoobat\n|\n|-weather|SunnyDay|[upkeep]\n|upkeep\n|turn|6\n|\n|t:|1700676493\n|-terastallize|p2a: Marowak|Fire\n|move|p1a: Swoobat|Calm Mind|p1a: Swoobat\n|-boost|p1a: Swoobat|spa|2\n|-boost|p1a: Swoobat|spd|2\n|move|p2a: Marowak|Will-O-Wisp|p1a: Swoobat\n|-status|p1a: Swoobat|brn\n|\n|-weather|SunnyDay|[upkeep]\n|-damage|p1a: Swoobat|94\/100 brn|[from] brn\n|upkeep\n|turn|7\n|\n|t:|1700676503\n|move|p1a: Swoobat|Expanding Force|p2a: Marowak\n|-damage|p2a: Marowak|0 fnt\n|faint|p2a: Marowak\n|\n|-weather|SunnyDay|[upkeep]\n|-damage|p1a: Swoobat|88\/100 brn|[from] brn\n|upkeep\n|\n|t:|1700676510\n|switch|p2a: American|Venusaur, M|36\/100 brn\n|turn|8\n|\n|t:|1700676513\n|move|p2a: American|Leech Seed|p1a: Swoobat\n|-start|p1a: Swoobat|move: Leech Seed\n|move|p1a: Swoobat|Expanding Force|p2a: American\n|-supereffective|p2a: American\n|-damage|p2a: American|0 fnt\n|faint|p2a: American\n|\n|-weather|none\n|-damage|p1a: Swoobat|82\/100 brn|[from] brn\n|upkeep\n|\n|t:|1700676525\n|switch|p2a: Foap!|Kecleon, M, shiny|100\/100\n|turn|9\n|\n|t:|1700676533\n|-terastallize|p1a: Swoobat|Psychic\n|move|p1a: Swoobat|Expanding Force|p2a: Foap!\n|-damage|p2a: Foap!|0 fnt\n|faint|p2a: Foap!\n|\n|-damage|p1a: Swoobat|76\/100 brn|[from] brn\n|upkeep\n|\n|t:|1700676548\n|switch|p2a: Luperro|Bibarel, F|100\/100\n|turn|10\n|\n|t:|1700676552\n|move|p1a: Swoobat|Expanding Force|p2a: Luperro\n|-damage|p2a: Luperro|0 fnt\n|faint|p2a: Luperro\n|\n|-damage|p1a: Swoobat|70\/100 brn|[from] brn\n|upkeep\n|\n|t:|1700676557\n|switch|p2a: A.B.C.|Mimikyu, M|100\/100\n|turn|11\n|\n|t:|1700676563\n|move|p1a: Swoobat|Expanding Force|p2a: A.B.C.\n|-activate|p2a: A.B.C.|ability: Disguise\n|-damage|p2a: A.B.C.|100\/100\n|detailschange|p2a: A.B.C.|Mimikyu-Busted, M\n|-damage|p2a: A.B.C.|88\/100|[from] pokemon: Mimikyu-Busted\n|move|p2a: A.B.C.|Curse|p1a: Swoobat\n|-start|p1a: Swoobat|Curse|[of] p2a: A.B.C.\n|-damage|p2a: A.B.C.|38\/100\n|\n|-damage|p1a: Swoobat|57\/100 brn|[from] Leech Seed|[of] p2a: A.B.C.\n|-heal|p2a: A.B.C.|52\/100|[silent]\n|-damage|p1a: Swoobat|51\/100 brn|[from] brn\n|-damage|p1a: Swoobat|26\/100 brn|[from] Curse\n|upkeep\n|turn|12\n|\n|t:|1700676577\n|move|p1a: Swoobat|Expanding Force|p2a: A.B.C.\n|-damage|p2a: A.B.C.|0 fnt\n|faint|p2a: A.B.C.\n|\n|-damage|p1a: Swoobat|20\/100 brn|[from] brn\n|-damage|p1a: Swoobat|0 fnt|[from] Curse\n|faint|p1a: Swoobat\n|upkeep\n|\n|t:|1700676587\n|switch|p1a: Mawile|Mawile, F|100\/100\n|switch|p2a: Sneasler|Sneasler, F|100\/100\n|-ability|p1a: Mawile|Intimidate|boost\n|-unboost|p2a: Sneasler|atk|1\n|turn|13\n|\n|t:|1700676595\n|detailschange|p1a: Mawile|Mawile-Mega, F\n|-mega|p1a: Mawile|Mawile|Mawilite\n|move|p2a: Sneasler|Dire Claw|p1a: Mawile\n|-immune|p1a: Mawile\n|move|p1a: Mawile|Play Rough|p2a: Sneasler\n|-damage|p2a: Sneasler|0 fnt\n|-damage|p1a: Mawile|84\/100|[from] item: Rocky Helmet|[of] p2a: Sneasler\n|faint|p2a: Sneasler\n|\n|win|Markoakuma\n|raw|Markoakuma's rating: 1107 &rarr; <strong>1127<\/strong><br \/>(+20 for winning)\n|raw|luperro1529's rating: 1033 &rarr; <strong>1021<\/strong><br \/>(-12 for losing)\n|l|\u2606luperro1529\n","uploadtime":1700676614,"views":4,"p1id":"markoakuma","p2id":"luperro1529","formatid":"gen9nationaldex","rating":1021,"private":0,"password":""}