{"id":"gen9nationaldex-1998234816","p1":"Sokko666","p2":"chatgptgamering","format":"[Gen 9] National Dex","log":"|html|<div class=\"broadcast-blue\"><strong>[Gen 9] National Dex is currently suspecting Sneasler! For information on how to participate check out the <a href=\"https:\/\/www.smogon.com\/forums\/threads\/sv-national-dex-suspect-8-just-dance.3731534\/\">suspect thread<\/a>.<\/strong><\/div>\n|j|\u2606Sokko666\n|j|\u2606chatgptgamering\n|t:|1700917394\n|gametype|singles\n|player|p1|Sokko666|wattson|1223\n|player|p2|chatgptgamering|dawn|1199\n|teamsize|p1|6\n|teamsize|p2|6\n|gen|9\n|tier|[Gen 9] National Dex\n|rated|\n|rule|HP Percentage Mod: HP is shown in percentages\n|rule|Endless Battle Clause: Forcing endless battles is banned\n|rule|OHKO Clause: OHKO moves are banned\n|rule|Evasion Clause: Evasion abilities, items, and moves are banned\n|rule|Evasion Abilities Clause: Evasion abilities are banned\n|rule|Evasion Items Clause: Evasion items are banned\n|rule|Evasion Moves Clause: Evasion moves are banned\n|rule|Species Clause: Limit one of each Pok\u00e9mon\n|rule|Sleep Clause Mod: Limit one foe put to sleep\n|clearpoke\n|poke|p1|Charizard, M|\n|poke|p1|Venusaur, F|\n|poke|p1|Great Tusk|\n|poke|p1|Grimmsnarl, M|\n|poke|p1|Alomomola, F|\n|poke|p1|Aegislash, M|\n|poke|p2|Garchomp, M|\n|poke|p2|Volcarona, F|\n|poke|p2|Urshifu-*, M|\n|poke|p2|Great Tusk|\n|poke|p2|Clodsire, M|\n|poke|p2|Corviknight, F|\n|teampreview\n|inactive|Battle timer is ON: inactive players will automatically lose when time's up. (requested by chatgptgamering)\n|\n|t:|1700917404\n|start\n|switch|p1a: Grimmsnarl|Grimmsnarl, M|100\/100\n|switch|p2a: Urshifu|Urshifu-Rapid-Strike, M|100\/100\n|turn|1\n|\n|t:|1700917410\n|move|p1a: Grimmsnarl|Reflect|p1a: Grimmsnarl\n|-sidestart|p1: Sokko666|Reflect\n|move|p2a: Urshifu|U-turn|p1a: Grimmsnarl\n|-damage|p1a: Grimmsnarl|85\/100\n|\n|t:|1700917420\n|switch|p2a: Clodsire|Clodsire, M|100\/100|[from] U-turn\n|\n|upkeep\n|turn|2\n|\n|t:|1700917424\n|move|p1a: Grimmsnarl|Parting Shot|p2a: Clodsire\n|-unboost|p2a: Clodsire|atk|1\n|-unboost|p2a: Clodsire|spa|1\n|\n|t:|1700917432\n|switch|p1a: Great Tusk|Great Tusk|100\/100|[from] Parting Shot\n|move|p2a: Clodsire|Toxic|p1a: Great Tusk\n|-status|p1a: Great Tusk|tox\n|\n|-damage|p1a: Great Tusk|94\/100 tox|[from] psn\n|upkeep\n|turn|3\n|l|\u2606chatgptgamering\n|inactive|chatgptgamering disconnected and has a minute to reconnect!\n|player|p2|\n|inactive|chatgptgamering has 30 seconds to reconnect!\n|inactive|chatgptgamering has 20 seconds to reconnect!\n|j|\u2606chatgptgamering\n|inactive|chatgptgamering reconnected and has 85 seconds left.\n|player|p2|chatgptgamering|dawn\n|\n|t:|1700917502\n|switch|p2a: Corviknight|Corviknight, F|100\/100\n|-ability|p2a: Corviknight|Pressure\n|move|p1a: Great Tusk|Headlong Rush|p2a: Corviknight\n|-immune|p2a: Corviknight\n|\n|-damage|p1a: Great Tusk|82\/100 tox|[from] psn\n|upkeep\n|turn|4\n|\n|t:|1700917512\n|-end|p1a: Great Tusk|Protosynthesis|[silent]\n|switch|p1a: Charizard|Charizard, M|100\/100\n|move|p2a: Corviknight|U-turn|p1a: Charizard\n|-resisted|p1a: Charizard\n|-damage|p1a: Charizard|98\/100\n|inactive|chatgptgamering has 90 seconds left.\n|\n|t:|1700917531\n|switch|p2a: Garchomp|Garchomp, M|100\/100|[from] U-turn\n|\n|upkeep\n|turn|5\n|\n|t:|1700917548\n|switch|p1a: Grimmsnarl|Grimmsnarl, M|85\/100\n|detailschange|p2a: Garchomp|Garchomp-Mega, M\n|-mega|p2a: Garchomp|Garchomp|Garchompite\n|move|p2a: Garchomp|Swords Dance|p2a: Garchomp\n|-boost|p2a: Garchomp|atk|2\n|\n|upkeep\n|turn|6\n|\n|t:|1700917558\n|move|p2a: Garchomp|Earthquake|p1a: Grimmsnarl\n|-damage|p1a: Grimmsnarl|6\/100\n|move|p1a: Grimmsnarl|Spirit Break|p2a: Garchomp\n|-supereffective|p2a: Garchomp\n|-damage|p2a: Garchomp|48\/100\n|-unboost|p2a: Garchomp|spa|1\n|\n|upkeep\n|turn|7\n|\n|t:|1700917565\n|move|p1a: Grimmsnarl|Parting Shot|p2a: Garchomp\n|-unboost|p2a: Garchomp|atk|1\n|-unboost|p2a: Garchomp|spa|1\n|\n|t:|1700917573\n|switch|p1a: Alomomola|Alomomola, F|100\/100|[from] Parting Shot\n|move|p2a: Garchomp|Earthquake|p1a: Alomomola\n|-damage|p1a: Alomomola|70\/100\n|\n|upkeep\n|turn|8\n|\n|t:|1700917582\n|move|p2a: Garchomp|Scale Shot|p1a: Alomomola\n|-damage|p1a: Alomomola|63\/100\n|-damage|p1a: Alomomola|56\/100\n|-hitcount|p1a: Alomomola|2\n|-unboost|p2a: Garchomp|def|1\n|-boost|p2a: Garchomp|spe|1\n|move|p1a: Alomomola|Toxic|p2a: Garchomp\n|-status|p2a: Garchomp|tox\n|\n|-damage|p2a: Garchomp|42\/100 tox|[from] psn\n|-sideend|p1: Sokko666|Reflect\n|upkeep\n|turn|9\n|\n|t:|1700917595\n|move|p1a: Alomomola|Protect|p1a: Alomomola\n|-singleturn|p1a: Alomomola|Protect\n|move|p2a: Garchomp|Earthquake|p1a: Alomomola\n|-activate|p1a: Alomomola|move: Protect\n|\n|-damage|p2a: Garchomp|29\/100 tox|[from] psn\n|upkeep\n|turn|10\n|\n|t:|1700917605\n|move|p2a: Garchomp|Scale Shot|p1a: Alomomola\n|-damage|p1a: Alomomola|42\/100\n|-damage|p1a: Alomomola|26\/100\n|-hitcount|p1a: Alomomola|2\n|-unboost|p2a: Garchomp|def|1\n|-boost|p2a: Garchomp|spe|1\n|move|p1a: Alomomola|Wish|p1a: Alomomola\n|\n|-damage|p2a: Garchomp|11\/100 tox|[from] psn\n|upkeep\n|turn|11\n|\n|t:|1700917619\n|switch|p2a: Volcarona|Volcarona, F|100\/100\n|move|p1a: Alomomola|Protect||[still]\n|-fail|p1a: Alomomola\n|\n|-heal|p1a: Alomomola|76\/100|[from] move: Wish|[wisher] Alomomola\n|upkeep\n|turn|12\n|\n|t:|1700917630\n|switch|p2a: Garchomp|Garchomp-Mega, M|11\/100 tox\n|move|p1a: Alomomola|Toxic|p2a: Garchomp\n|-fail|p2a: Garchomp|tox\n|\n|-damage|p2a: Garchomp|5\/100 tox|[from] psn\n|upkeep\n|turn|13\n|\n|t:|1700917639\n|move|p2a: Garchomp|Earthquake|p1a: Alomomola\n|-damage|p1a: Alomomola|37\/100\n|move|p1a: Alomomola|Wish|p1a: Alomomola\n|\n|-damage|p2a: Garchomp|0 fnt|[from] psn\n|faint|p2a: Garchomp\n|upkeep\n|\n|t:|1700917651\n|switch|p2a: Volcarona|Volcarona, F|100\/100\n|turn|14\n|\n|t:|1700917658\n|-terastallize|p1a: Alomomola|Dragon\n|move|p2a: Volcarona|Quiver Dance|p2a: Volcarona\n|-boost|p2a: Volcarona|spa|1\n|-boost|p2a: Volcarona|spd|1\n|-boost|p2a: Volcarona|spe|1\n|move|p1a: Alomomola|Toxic|p2a: Volcarona\n|-status|p2a: Volcarona|tox\n|\n|-heal|p1a: Alomomola|87\/100|[from] move: Wish|[wisher] Alomomola\n|-damage|p2a: Volcarona|94\/100 tox|[from] psn\n|upkeep\n|turn|15\n|\n|t:|1700917668\n|move|p2a: Volcarona|Bug Buzz|p1a: Alomomola\n|-damage|p1a: Alomomola|22\/100\n|move|p1a: Alomomola|Wish|p1a: Alomomola\n|\n|-damage|p2a: Volcarona|82\/100 tox|[from] psn\n|upkeep\n|turn|16\n|\n|t:|1700917674\n|move|p1a: Alomomola|Protect|p1a: Alomomola\n|-singleturn|p1a: Alomomola|Protect\n|move|p2a: Volcarona|Quiver Dance|p2a: Volcarona\n|-boost|p2a: Volcarona|spa|1\n|-boost|p2a: Volcarona|spd|1\n|-boost|p2a: Volcarona|spe|1\n|\n|-heal|p1a: Alomomola|72\/100|[from] move: Wish|[wisher] Alomomola\n|-damage|p2a: Volcarona|64\/100 tox|[from] psn\n|upkeep\n|turn|17\n|\n|t:|1700917687\n|switch|p1a: Grimmsnarl|Grimmsnarl, M|6\/100\n|move|p2a: Volcarona|Bug Buzz|p1a: Grimmsnarl\n|-damage|p1a: Grimmsnarl|0 fnt\n|faint|p1a: Grimmsnarl\n|\n|-damage|p2a: Volcarona|39\/100 tox|[from] psn\n|upkeep\n|\n|t:|1700917695\n|switch|p1a: Alomomola|Alomomola, F, tera:Dragon|100\/100\n|turn|18\n|\n|t:|1700917701\n|move|p2a: Volcarona|Bug Buzz|p1a: Alomomola\n|-damage|p1a: Alomomola|11\/100\n|move|p1a: Alomomola|Wish|p1a: Alomomola\n|\n|-damage|p2a: Volcarona|9\/100 tox|[from] psn\n|upkeep\n|turn|19\n|\n|t:|1700917709\n|move|p1a: Alomomola|Protect|p1a: Alomomola\n|-singleturn|p1a: Alomomola|Protect\n|move|p2a: Volcarona|Bug Buzz|p1a: Alomomola\n|-activate|p1a: Alomomola|move: Protect\n|\n|-heal|p1a: Alomomola|61\/100|[from] move: Wish|[wisher] Alomomola\n|-damage|p2a: Volcarona|0 fnt|[from] psn\n|faint|p2a: Volcarona\n|upkeep\n|\n|t:|1700917715\n|switch|p2a: Urshifu|Urshifu-Rapid-Strike, M|100\/100\n|turn|20\n|\n|t:|1700917722\n|move|p2a: Urshifu|Close Combat|p1a: Alomomola\n|-damage|p1a: Alomomola|26\/100\n|-unboost|p2a: Urshifu|def|1\n|-unboost|p2a: Urshifu|spd|1\n|move|p1a: Alomomola|Toxic|p2a: Urshifu\n|-status|p2a: Urshifu|tox\n|\n|-damage|p2a: Urshifu|94\/100 tox|[from] psn\n|upkeep\n|turn|21\n|-message|chatgptgamering forfeited.\n|\n|win|Sokko666\n|raw|Sokko666's rating: 1223 &rarr; <strong>1246<\/strong><br \/>(+23 for winning)\n|raw|chatgptgamering's rating: 1199 &rarr; <strong>1176<\/strong><br \/>(-23 for losing)\n|l|\u2606chatgptgamering\n","uploadtime":1700917761,"views":0,"p1id":"sokko666","p2id":"chatgptgamering","formatid":"gen9nationaldex","rating":1176,"private":0,"password":""}