{"id":"gen9nationaldex-1988846477","p1":"Jarl_jake","p2":"doghhh","format":"[Gen 9] National Dex","log":"|j|\u2606Jarl_jake\n|j|\u2606doghhh\n|t:|1699772779\n|gametype|singles\n|player|p1|Jarl_jake|red|1362\n|player|p2|doghhh|bugcatcher-gen4dp|1432\n|teamsize|p1|6\n|teamsize|p2|6\n|gen|9\n|tier|[Gen 9] National Dex\n|rated|\n|rule|HP Percentage Mod: HP is shown in percentages\n|rule|Endless Battle Clause: Forcing endless battles is banned\n|rule|OHKO Clause: OHKO moves are banned\n|rule|Evasion Clause: Evasion abilities, items, and moves are banned\n|rule|Evasion Abilities Clause: Evasion abilities are banned\n|rule|Evasion Items Clause: Evasion items are banned\n|rule|Evasion Moves Clause: Evasion moves are banned\n|rule|Species Clause: Limit one of each Pok\u00e9mon\n|rule|Sleep Clause Mod: Limit one foe put to sleep\n|clearpoke\n|poke|p1|Arcanine-Hisui, M|\n|poke|p1|Toxapex, F|\n|poke|p1|Corviknight, M|\n|poke|p1|Garchomp, M|\n|poke|p1|Scizor, F|\n|poke|p1|Zapdos|\n|poke|p2|Zapdos|\n|poke|p2|Pelipper, F|\n|poke|p2|Swampert, M|\n|poke|p2|Urshifu-*, M|\n|poke|p2|Barraskewda, F|\n|poke|p2|Moltres|\n|teampreview\n|inactive|Battle timer is ON: inactive players will automatically lose when time's up. (requested by doghhh)\n|\n|t:|1699772796\n|start\n|switch|p1a: Zapdos|Zapdos, shiny|100\/100\n|switch|p2a: Pelipper|Pelipper, F|100\/100\n|-weather|RainDance|[from] ability: Drizzle|[of] p2a: Pelipper\n|turn|1\n|\n|t:|1699772822\n|switch|p2a: Swampert|Swampert, M|100\/100\n|move|p1a: Zapdos|Hurricane|p2a: Swampert\n|-damage|p2a: Swampert|37\/100\n|-start|p2a: Swampert|confusion\n|\n|-weather|RainDance|[upkeep]\n|upkeep\n|turn|2\n|inactive|doghhh has 120 seconds left.\n|\n|t:|1699772850\n|switch|p2a: Zapdos|Zapdos, shiny|100\/100\n|move|p1a: Zapdos|Hurricane|p2a: Zapdos\n|-resisted|p2a: Zapdos\n|-damage|p2a: Zapdos|81\/100\n|\n|-weather|RainDance|[upkeep]\n|-heal|p2a: Zapdos|87\/100|[from] item: Leftovers\n|upkeep\n|turn|3\n|\n|t:|1699772865\n|move|p1a: Zapdos|Thunderbolt|p2a: Zapdos\n|-damage|p2a: Zapdos|56\/100\n|move|p2a: Zapdos|Toxic|p1a: Zapdos\n|-status|p1a: Zapdos|tox\n|\n|-weather|RainDance|[upkeep]\n|-heal|p2a: Zapdos|63\/100|[from] item: Leftovers\n|-damage|p1a: Zapdos|94\/100 tox|[from] psn\n|upkeep\n|turn|4\n|inactive|doghhh has 120 seconds left.\n|\n|t:|1699772881\n|move|p1a: Zapdos|Thunderbolt|p2a: Zapdos\n|-damage|p2a: Zapdos|32\/100\n|move|p2a: Zapdos|Thunder|p1a: Zapdos\n|-damage|p1a: Zapdos|47\/100 tox\n|\n|-weather|RainDance|[upkeep]\n|-heal|p1a: Zapdos|53\/100 tox|[from] item: Leftovers\n|-heal|p2a: Zapdos|39\/100|[from] item: Leftovers\n|-damage|p1a: Zapdos|41\/100 tox|[from] psn\n|upkeep\n|turn|5\n|\n|t:|1699772894\n|switch|p1a: Garchomp|Garchomp, M, shiny|100\/100\n|move|p2a: Zapdos|Hurricane|p1a: Garchomp\n|-damage|p1a: Garchomp|51\/100\n|-start|p1a: Garchomp|confusion\n|\n|-weather|RainDance|[upkeep]\n|-heal|p2a: Zapdos|45\/100|[from] item: Leftovers\n|upkeep\n|turn|6\n|\n|t:|1699772915\n|switch|p2a: Moltres|Moltres, shiny|100\/100\n|-activate|p1a: Garchomp|confusion\n|-damage|p1a: Garchomp|38\/100|[from] confusion\n|\n|-weather|RainDance|[upkeep]\n|upkeep\n|turn|7\n|\n|t:|1699772927\n|-activate|p1a: Garchomp|confusion\n|-damage|p1a: Garchomp|25\/100|[from] confusion\n|move|p2a: Moltres|Hurricane|p1a: Garchomp\n|-damage|p1a: Garchomp|0 fnt\n|faint|p1a: Garchomp\n|\n|-weather|RainDance|[upkeep]\n|upkeep\n|\n|t:|1699772944\n|switch|p1a: Arcanine|Arcanine-Hisui, M, shiny|100\/100\n|turn|8\n|\n|t:|1699772963\n|switch|p2a: Urshifu|Urshifu-Rapid-Strike, M|100\/100\n|move|p1a: Arcanine|Head Smash|p2a: Urshifu\n|-resisted|p2a: Urshifu\n|-damage|p2a: Urshifu|46\/100\n|-damage|p1a: Arcanine|91\/100|[from] item: Life Orb\n|\n|-weather|none\n|upkeep\n|turn|9\n|\n|t:|1699772980\n|switch|p1a: Corviknight|Corviknight, M, shiny|100\/100\n|-terastallize|p2a: Urshifu|Water\n|move|p2a: Urshifu|Surging Strikes|p1a: Corviknight\n|-crit|p1a: Corviknight\n|-damage|p1a: Corviknight|82\/100\n|-damage|p2a: Urshifu|29\/100|[from] item: Rocky Helmet|[of] p1a: Corviknight\n|-crit|p1a: Corviknight\n|-damage|p1a: Corviknight|61\/100\n|-damage|p2a: Urshifu|12\/100|[from] item: Rocky Helmet|[of] p1a: Corviknight\n|-crit|p1a: Corviknight\n|-damage|p1a: Corviknight|41\/100\n|-damage|p2a: Urshifu|0 fnt|[from] item: Rocky Helmet|[of] p1a: Corviknight\n|faint|p2a: Urshifu\n|-hitcount|p1a: Corviknight|3\n|\n|upkeep\n|inactive|doghhh has 90 seconds left.\n|\n|t:|1699772996\n|switch|p2a: Pelipper|Pelipper, F|100\/100\n|-weather|RainDance|[from] ability: Drizzle|[of] p2a: Pelipper\n|turn|10\n|\n|t:|1699773009\n|move|p1a: Corviknight|Roost|p1a: Corviknight\n|-heal|p1a: Corviknight|91\/100\n|-singleturn|p1a: Corviknight|move: Roost\n|move|p2a: Pelipper|Scald|p1a: Corviknight\n|-damage|p1a: Corviknight|55\/100\n|\n|-weather|RainDance|[upkeep]\n|upkeep\n|turn|11\n|\n|t:|1699773026\n|switch|p1a: Zapdos|Zapdos, shiny|41\/100 tox\n|move|p2a: Pelipper|Scald|p1a: Zapdos\n|-damage|p1a: Zapdos|3\/100 tox\n|\n|-weather|RainDance|[upkeep]\n|-heal|p1a: Zapdos|9\/100 tox|[from] item: Leftovers\n|-damage|p1a: Zapdos|3\/100 tox|[from] psn\n|upkeep\n|turn|12\n|\n|t:|1699773039\n|switch|p2a: Zapdos|Zapdos, shiny|45\/100\n|move|p1a: Zapdos|Hurricane|p2a: Zapdos\n|-resisted|p2a: Zapdos\n|-damage|p2a: Zapdos|24\/100\n|\n|-weather|RainDance|[upkeep]\n|-heal|p1a: Zapdos|9\/100 tox|[from] item: Leftovers\n|-heal|p2a: Zapdos|30\/100|[from] item: Leftovers\n|-damage|p1a: Zapdos|0 fnt|[from] psn\n|faint|p1a: Zapdos\n|upkeep\n|inactive|Jarl_jake has 120 seconds left.\n|\n|t:|1699773057\n|switch|p1a: Arcanine|Arcanine-Hisui, M, shiny|91\/100\n|turn|13\n|inactive|Jarl_jake has 120 seconds left.\n|inactive|doghhh has 90 seconds left.\n|\n|t:|1699773098\n|move|p1a: Arcanine|Head Smash|p2a: Zapdos\n|-supereffective|p2a: Zapdos\n|-damage|p2a: Zapdos|0 fnt\n|-status|p1a: Arcanine|par|[from] ability: Static|[of] p2a: Zapdos\n|faint|p2a: Zapdos\n|-damage|p1a: Arcanine|81\/100 par|[from] item: Life Orb\n|\n|-weather|RainDance|[upkeep]\n|upkeep\n|\n|t:|1699773105\n|switch|p2a: Swampert|Swampert, M|37\/100\n|turn|14\n|\n|t:|1699773112\n|detailschange|p2a: Swampert|Swampert-Mega, M\n|-mega|p2a: Swampert|Swampert|Swampertite\n|move|p1a: Arcanine|Extreme Speed|p2a: Swampert\n|-damage|p2a: Swampert|3\/100\n|-damage|p1a: Arcanine|71\/100 par|[from] item: Life Orb\n|move|p2a: Swampert|Waterfall|p1a: Arcanine\n|-supereffective|p1a: Arcanine\n|-damage|p1a: Arcanine|0 fnt\n|faint|p1a: Arcanine\n|\n|-weather|RainDance|[upkeep]\n|upkeep\n|inactive|Jarl_jake has 120 seconds left.\n|\n|t:|1699773133\n|switch|p1a: Corviknight|Corviknight, M, shiny|55\/100\n|turn|15\n|inactive|doghhh has 90 seconds left.\n|\n|t:|1699773148\n|switch|p2a: Moltres|Moltres, shiny|100\/100\n|move|p1a: Corviknight|Brave Bird|p2a: Moltres\n|-damage|p2a: Moltres|69\/100\n|-status|p1a: Corviknight|brn|[from] ability: Flame Body|[of] p2a: Moltres\n|-damage|p1a: Corviknight|45\/100 brn|[from] Recoil\n|\n|-weather|RainDance|[upkeep]\n|-damage|p1a: Corviknight|39\/100 brn|[from] brn\n|upkeep\n|turn|16\n|inactive|Jarl_jake has 120 seconds left.\n|inactive|doghhh has 90 seconds left.\n|\n|t:|1699773162\n|move|p2a: Moltres|Hurricane|p1a: Corviknight\n|-resisted|p1a: Corviknight\n|-damage|p1a: Corviknight|17\/100 brn\n|move|p1a: Corviknight|Brave Bird|p2a: Moltres\n|-crit|p2a: Moltres\n|-damage|p2a: Moltres|48\/100\n|-damage|p1a: Corviknight|11\/100 brn|[from] Recoil\n|\n|-weather|RainDance|[upkeep]\n|-damage|p1a: Corviknight|5\/100 brn|[from] brn\n|upkeep\n|turn|17\n|inactive|Jarl_jake has 120 seconds left.\n|inactive|doghhh has 90 seconds left.\n|\n|t:|1699773179\n|move|p2a: Moltres|Hurricane|p1a: Corviknight\n|-resisted|p1a: Corviknight\n|-damage|p1a: Corviknight|0 fnt\n|faint|p1a: Corviknight\n|\n|-weather|none\n|upkeep\n|\n|t:|1699773186\n|switch|p1a: Toxapex|Toxapex, F, shiny|100\/100\n|turn|18\n|inactive|Jarl_jake has 120 seconds left.\n|inactive|doghhh has 90 seconds left.\n|\n|t:|1699773207\n|switch|p2a: Pelipper|Pelipper, F|100\/100\n|-weather|RainDance|[from] ability: Drizzle|[of] p2a: Pelipper\n|move|p1a: Toxapex|Toxic|p2a: Pelipper\n|-status|p2a: Pelipper|tox\n|\n|-weather|RainDance|[upkeep]\n|-damage|p2a: Pelipper|94\/100 tox|[from] psn\n|upkeep\n|turn|19\n|\n|t:|1699773220\n|move|p2a: Pelipper|U-turn|p1a: Toxapex\n|-resisted|p1a: Toxapex\n|-damage|p1a: Toxapex|98\/100\n|\n|t:|1699773225\n|switch|p2a: Barraskewda|Barraskewda, F, shiny|100\/100|[from] U-turn\n|move|p1a: Toxapex|Infestation|p2a: Barraskewda\n|-damage|p2a: Barraskewda|94\/100\n|-activate|p2a: Barraskewda|move: Infestation|[of] p1a: Toxapex\n|\n|-weather|RainDance|[upkeep]\n|-heal|p1a: Toxapex|100\/100|[from] item: Leftovers\n|-damage|p2a: Barraskewda|82\/100|[from] move: Infestation|[partiallytrapped]\n|upkeep\n|turn|20\n|inactive|doghhh has 90 seconds left.\n|\n|t:|1699773238\n|move|p1a: Toxapex|Baneful Bunker|p1a: Toxapex\n|-singleturn|p1a: Toxapex|move: Protect\n|move|p2a: Barraskewda|Psychic Fangs|p1a: Toxapex\n|-activate|p1a: Toxapex|move: Protect\n|-status|p2a: Barraskewda|psn\n|\n|-weather|RainDance|[upkeep]\n|-damage|p2a: Barraskewda|70\/100 psn|[from] psn\n|-damage|p2a: Barraskewda|58\/100 psn|[from] move: Infestation|[partiallytrapped]\n|upkeep\n|turn|21\n|inactive|doghhh has 90 seconds left.\n|\n|t:|1699773253\n|-terastallize|p1a: Toxapex|Flying\n|move|p2a: Barraskewda|Psychic Fangs|p1a: Toxapex\n|-damage|p1a: Toxapex|73\/100\n|-damage|p2a: Barraskewda|48\/100 psn|[from] item: Life Orb\n|move|p1a: Toxapex|Recover|p1a: Toxapex\n|-heal|p1a: Toxapex|100\/100\n|\n|-weather|RainDance|[upkeep]\n|-damage|p2a: Barraskewda|36\/100 psn|[from] psn\n|-damage|p2a: Barraskewda|24\/100 psn|[from] move: Infestation|[partiallytrapped]\n|upkeep\n|turn|22\n|inactive|doghhh has 90 seconds left.\n|\n|t:|1699773281\n|move|p1a: Toxapex|Baneful Bunker|p1a: Toxapex\n|-singleturn|p1a: Toxapex|move: Protect\n|move|p2a: Barraskewda|Liquidation|p1a: Toxapex\n|-activate|p1a: Toxapex|move: Protect\n|\n|-weather|RainDance|[upkeep]\n|-damage|p2a: Barraskewda|12\/100 psn|[from] psn\n|-damage|p2a: Barraskewda|0 fnt|[from] move: Infestation|[partiallytrapped]\n|faint|p2a: Barraskewda\n|upkeep\n|inactive|doghhh has 60 seconds left.\n|\n|t:|1699773302\n|switch|p2a: Moltres|Moltres, shiny|48\/100\n|turn|23\n|inactive|doghhh has 60 seconds left.\n|\n|t:|1699773318\n|move|p2a: Moltres|Toxic|p1a: Toxapex\n|-status|p1a: Toxapex|tox\n|move|p1a: Toxapex|Toxic|p2a: Moltres|[miss]\n|-miss|p1a: Toxapex|p2a: Moltres\n|\n|-weather|RainDance|[upkeep]\n|-damage|p1a: Toxapex|94\/100 tox|[from] psn\n|upkeep\n|turn|24\n|\n|t:|1699773330\n|move|p2a: Moltres|Hurricane|p1a: Toxapex\n|-damage|p1a: Toxapex|59\/100 tox\n|move|p1a: Toxapex|Toxic|p2a: Moltres\n|-status|p2a: Moltres|tox\n|\n|-weather|RainDance|[upkeep]\n|-heal|p1a: Toxapex|65\/100 tox|[from] item: Leftovers\n|-damage|p2a: Moltres|42\/100 tox|[from] psn\n|-damage|p1a: Toxapex|52\/100 tox|[from] psn\n|upkeep\n|turn|25\n|\n|t:|1699773343\n|move|p2a: Moltres|Hurricane|p1a: Toxapex\n|-damage|p1a: Toxapex|19\/100 tox\n|move|p1a: Toxapex|Recover|p1a: Toxapex\n|-heal|p1a: Toxapex|69\/100 tox\n|\n|-weather|none\n|-heal|p1a: Toxapex|75\/100 tox|[from] item: Leftovers\n|-damage|p2a: Moltres|30\/100 tox|[from] psn\n|-damage|p1a: Toxapex|56\/100 tox|[from] psn\n|upkeep\n|turn|26\n|\n|t:|1699773353\n|move|p2a: Moltres|Roost|p2a: Moltres\n|-heal|p2a: Moltres|80\/100 tox\n|-singleturn|p2a: Moltres|move: Roost\n|move|p1a: Toxapex|Recover|p1a: Toxapex\n|-heal|p1a: Toxapex|100\/100 tox\n|\n|-damage|p2a: Moltres|61\/100 tox|[from] psn\n|-damage|p1a: Toxapex|75\/100 tox|[from] psn\n|upkeep\n|turn|27\n|inactive|doghhh has 60 seconds left.\n|\n|t:|1699773366\n|move|p2a: Moltres|Hurricane|p1a: Toxapex|[miss]\n|-miss|p2a: Moltres|p1a: Toxapex\n|move|p1a: Toxapex|Infestation|p2a: Moltres\n|-resisted|p2a: Moltres\n|-damage|p2a: Moltres|60\/100 tox\n|-activate|p2a: Moltres|move: Infestation|[of] p1a: Toxapex\n|\n|-heal|p1a: Toxapex|82\/100 tox|[from] item: Leftovers\n|-damage|p2a: Moltres|35\/100 tox|[from] psn\n|-damage|p1a: Toxapex|50\/100 tox|[from] psn\n|-damage|p2a: Moltres|23\/100 tox|[from] move: Infestation|[partiallytrapped]\n|upkeep\n|turn|28\n|inactive|doghhh has 60 seconds left.\n|\n|t:|1699773380\n|move|p2a: Moltres|Roost|p2a: Moltres\n|-heal|p2a: Moltres|73\/100 tox\n|-singleturn|p2a: Moltres|move: Roost\n|move|p1a: Toxapex|Recover|p1a: Toxapex\n|-heal|p1a: Toxapex|100\/100 tox\n|\n|-damage|p2a: Moltres|42\/100 tox|[from] psn\n|-damage|p1a: Toxapex|63\/100 tox|[from] psn\n|-damage|p2a: Moltres|29\/100 tox|[from] move: Infestation|[partiallytrapped]\n|upkeep\n|turn|29\n|\n|t:|1699773395\n|move|p2a: Moltres|Roost|p2a: Moltres\n|-heal|p2a: Moltres|79\/100 tox\n|-singleturn|p2a: Moltres|move: Roost\n|move|p1a: Toxapex|Recover|p1a: Toxapex\n|-heal|p1a: Toxapex|100\/100 tox\n|\n|-damage|p2a: Moltres|42\/100 tox|[from] psn\n|-damage|p1a: Toxapex|57\/100 tox|[from] psn\n|-damage|p2a: Moltres|29\/100 tox|[from] move: Infestation|[partiallytrapped]\n|upkeep\n|turn|30\n|\n|t:|1699773410\n|move|p2a: Moltres|Roost|p2a: Moltres\n|-heal|p2a: Moltres|79\/100 tox\n|-singleturn|p2a: Moltres|move: Roost\n|move|p1a: Toxapex|Recover|p1a: Toxapex\n|-heal|p1a: Toxapex|100\/100 tox\n|\n|-damage|p2a: Moltres|35\/100 tox|[from] psn\n|-damage|p1a: Toxapex|50\/100 tox|[from] psn\n|-damage|p2a: Moltres|23\/100 tox|[from] move: Infestation|[partiallytrapped]\n|upkeep\n|turn|31\n|\n|t:|1699773421\n|switch|p1a: Scizor|Scizor, F, shiny|100\/100\n|move|p2a: Moltres|Roost|p2a: Moltres\n|-heal|p2a: Moltres|73\/100 tox\n|-singleturn|p2a: Moltres|move: Roost\n|\n|-damage|p2a: Moltres|23\/100 tox|[from] psn\n|-end|p2a: Moltres|Infestation|[partiallytrapped]\n|upkeep\n|turn|32\n|\n|t:|1699773433\n|switch|p2a: Pelipper|Pelipper, F|94\/100 tox\n|-weather|RainDance|[from] ability: Drizzle|[of] p2a: Pelipper\n|switch|p1a: Toxapex|Toxapex, F, shiny, tera:Flying|84\/100 tox\n|\n|-weather|RainDance|[upkeep]\n|-heal|p1a: Toxapex|90\/100 tox|[from] item: Leftovers\n|-damage|p2a: Pelipper|88\/100 tox|[from] psn\n|-damage|p1a: Toxapex|84\/100 tox|[from] psn\n|upkeep\n|turn|33\n|inactive|doghhh has 60 seconds left.\n|\n|t:|1699773464\n|move|p2a: Pelipper|Scald|p1a: Toxapex\n|-damage|p1a: Toxapex|53\/100 tox\n|move|p1a: Toxapex|Infestation|p2a: Pelipper\n|-resisted|p2a: Pelipper\n|-crit|p2a: Pelipper\n|-damage|p2a: Pelipper|86\/100 tox\n|-activate|p2a: Pelipper|move: Infestation|[of] p1a: Toxapex\n|\n|-weather|RainDance|[upkeep]\n|-heal|p1a: Toxapex|59\/100 tox|[from] item: Leftovers\n|-damage|p2a: Pelipper|74\/100 tox|[from] psn\n|-damage|p1a: Toxapex|47\/100 tox|[from] psn\n|-damage|p2a: Pelipper|61\/100 tox|[from] move: Infestation|[partiallytrapped]\n|upkeep\n|turn|34\n|\n|t:|1699773478\n|move|p2a: Pelipper|U-turn|p1a: Toxapex\n|-resisted|p1a: Toxapex\n|-damage|p1a: Toxapex|44\/100 tox\n|\n|t:|1699773486\n|switch|p2a: Swampert|Swampert-Mega, M|3\/100|[from] U-turn\n|move|p1a: Toxapex|Recover|p1a: Toxapex\n|-heal|p1a: Toxapex|94\/100 tox\n|\n|-weather|RainDance|[upkeep]\n|-heal|p1a: Toxapex|99\/100 tox|[from] item: Leftovers\n|-damage|p1a: Toxapex|81\/100 tox|[from] psn\n|upkeep\n|turn|35\n|\n|t:|1699773503\n|move|p1a: Toxapex|Baneful Bunker|p1a: Toxapex\n|-singleturn|p1a: Toxapex|move: Protect\n|move|p2a: Swampert|Waterfall|p1a: Toxapex\n|-activate|p1a: Toxapex|move: Protect\n|-status|p2a: Swampert|psn\n|\n|-weather|RainDance|[upkeep]\n|-heal|p1a: Toxapex|88\/100 tox|[from] item: Leftovers\n|-damage|p2a: Swampert|0 fnt|[from] psn\n|faint|p2a: Swampert\n|-damage|p1a: Toxapex|63\/100 tox|[from] psn\n|upkeep\n|inactive|doghhh has 30 seconds left.\n|\n|t:|1699773531\n|switch|p2a: Moltres|Moltres, shiny|23\/100 tox\n|turn|36\n|inactive|doghhh has 30 seconds left.\n|\n|t:|1699773548\n|move|p2a: Moltres|Roost|p2a: Moltres\n|-heal|p2a: Moltres|73\/100 tox\n|-singleturn|p2a: Moltres|move: Roost\n|move|p1a: Toxapex|Infestation|p2a: Moltres\n|-resisted|p2a: Moltres\n|-damage|p2a: Moltres|71\/100 tox\n|-activate|p2a: Moltres|move: Infestation|[of] p1a: Toxapex\n|\n|-weather|RainDance|[upkeep]\n|-heal|p1a: Toxapex|69\/100 tox|[from] item: Leftovers\n|-damage|p2a: Moltres|65\/100 tox|[from] psn\n|-damage|p1a: Toxapex|38\/100 tox|[from] psn\n|-damage|p2a: Moltres|53\/100 tox|[from] move: Infestation|[partiallytrapped]\n|upkeep\n|turn|37\n|inactive|doghhh has 30 seconds left.\n|\n|t:|1699773564\n|switch|p1a: Scizor|Scizor, F, shiny|100\/100\n|move|p2a: Moltres|Roost|p2a: Moltres\n|-heal|p2a: Moltres|100\/100 tox\n|-singleturn|p2a: Moltres|move: Roost\n|\n|-weather|RainDance|[upkeep]\n|-damage|p2a: Moltres|88\/100 tox|[from] psn\n|-end|p2a: Moltres|Infestation|[partiallytrapped]|[silent]\n|upkeep\n|turn|38\n|inactive|doghhh has 30 seconds left.\n|inactive|doghhh has 20 seconds left.\n|\n|t:|1699773588\n|detailschange|p1a: Scizor|Scizor-Mega, F, shiny\n|-mega|p1a: Scizor|Scizor|Scizorite\n|move|p2a: Moltres|Flamethrower|p1a: Scizor\n|-supereffective|p1a: Scizor\n|-damage|p1a: Scizor|20\/100\n|move|p1a: Scizor|Dual Wingbeat|p2a: Moltres\n|-damage|p2a: Moltres|71\/100 tox\n|-damage|p2a: Moltres|52\/100 tox\n|-hitcount|p2a: Moltres|2\n|\n|-weather|RainDance|[upkeep]\n|-damage|p2a: Moltres|33\/100 tox|[from] psn\n|upkeep\n|turn|39\n|inactive|doghhh has 30 seconds left this turn.\n|inactive|doghhh has 20 seconds left.\n|inactive|doghhh has 15 seconds left.\n|inactive|Jarl_jake has 120 seconds left.\n|inactive|doghhh has 10 seconds left.\n|\n|t:|1699773609\n|move|p1a: Scizor|Bullet Punch|p2a: Moltres\n|-resisted|p2a: Moltres\n|-damage|p2a: Moltres|20\/100 tox\n|-status|p1a: Scizor|brn|[from] ability: Flame Body|[of] p2a: Moltres\n|move|p2a: Moltres|Flamethrower|p1a: Scizor\n|-supereffective|p1a: Scizor\n|-damage|p1a: Scizor|0 fnt\n|faint|p1a: Scizor\n|\n|-weather|none\n|-damage|p2a: Moltres|0 fnt|[from] psn\n|faint|p2a: Moltres\n|upkeep\n|inactive|doghhh has 20 seconds left this turn.\n|inactive|doghhh has 15 seconds left.\n|inactive|Jarl_jake has 120 seconds left.\n|inactive|doghhh has 10 seconds left.\n|\n|t:|1699773621\n|switch|p2a: Pelipper|Pelipper, F|61\/100 tox\n|switch|p1a: Toxapex|Toxapex, F, shiny, tera:Flying|71\/100 tox\n|-weather|RainDance|[from] ability: Drizzle|[of] p2a: Pelipper\n|turn|40\n|inactive|doghhh has 20 seconds left this turn.\n|inactive|doghhh has 15 seconds left.\n|\n|t:|1699773631\n|move|p2a: Pelipper|Scald|p1a: Toxapex\n|-damage|p1a: Toxapex|39\/100 tox\n|move|p1a: Toxapex|Infestation|p2a: Pelipper\n|-resisted|p2a: Pelipper\n|-damage|p2a: Pelipper|60\/100 tox\n|-activate|p2a: Pelipper|move: Infestation|[of] p1a: Toxapex\n|\n|-weather|RainDance|[upkeep]\n|-heal|p1a: Toxapex|45\/100 tox|[from] item: Leftovers\n|-damage|p2a: Pelipper|54\/100 tox|[from] psn\n|-damage|p1a: Toxapex|39\/100 tox|[from] psn\n|-damage|p2a: Pelipper|42\/100 tox|[from] move: Infestation|[partiallytrapped]\n|upkeep\n|turn|41\n|inactive|doghhh has 25 seconds left this turn.\n|inactive|doghhh has 20 seconds left.\n|inactive|doghhh has 15 seconds left.\n|\n|t:|1699773643\n|move|p2a: Pelipper|Scald|p1a: Toxapex\n|-damage|p1a: Toxapex|10\/100 tox\n|move|p1a: Toxapex|Recover|p1a: Toxapex\n|-heal|p1a: Toxapex|60\/100 tox\n|\n|-weather|RainDance|[upkeep]\n|-heal|p1a: Toxapex|67\/100 tox|[from] item: Leftovers\n|-damage|p2a: Pelipper|29\/100 tox|[from] psn\n|-damage|p1a: Toxapex|54\/100 tox|[from] psn\n|-damage|p2a: Pelipper|17\/100 tox|[from] move: Infestation|[partiallytrapped]\n|upkeep\n|turn|42\n|inactive|doghhh has 25 seconds left this turn.\n|inactive|doghhh has 20 seconds left.\n|\n|t:|1699773654\n|move|p1a: Toxapex|Baneful Bunker|p1a: Toxapex\n|-singleturn|p1a: Toxapex|move: Protect\n|move|p2a: Pelipper|Scald|p1a: Toxapex\n|-activate|p1a: Toxapex|move: Protect\n|\n|-weather|RainDance|[upkeep]\n|-heal|p1a: Toxapex|60\/100 tox|[from] item: Leftovers\n|-damage|p2a: Pelipper|0 fnt|[from] psn\n|faint|p2a: Pelipper\n|\n|win|Jarl_jake\n|upkeep\n|inactive|doghhh has 25 seconds left this turn.\n|raw|Jarl_jake's rating: 1362 &rarr; <strong>1386<\/strong><br \/>(+24 for winning)\n|raw|doghhh's rating: 1432 &rarr; <strong>1408<\/strong><br \/>(-24 for losing)\n|l|\u2606doghhh\n","uploadtime":1699773668,"views":13,"p1id":"jarljake","p2id":"doghhh","formatid":"gen9nationaldex","rating":1386,"private":0,"password":""}