{"id":"gen9nationaldex-1998781204","p1":"The power of ROCK","p2":"ThePowerofElectric","format":"[Gen 9] National Dex","log":"|html|<div class=\"broadcast-blue\"><strong>[Gen 9] National Dex is currently suspecting Sneasler! For information on how to participate check out the <a href=\"https:\/\/www.smogon.com\/forums\/threads\/sv-national-dex-suspect-8-just-dance.3731534\/\">suspect thread<\/a>.<\/strong><\/div>\n|j|\u2606The power of ROCK\n|j|\u2606ThePowerofElectric\n|inactive|Battle timer is ON: inactive players will automatically lose when time's up.\n|t:|1700989530\n|gametype|singles\n|player|p1|The power of ROCK|roark|\n|player|p2|ThePowerofElectric|blackbelt-gen4dp|\n|teamsize|p1|6\n|teamsize|p2|6\n|gen|9\n|tier|[Gen 9] National Dex\n|rated|Tournament battle\n|rule|HP Percentage Mod: HP is shown in percentages\n|rule|Endless Battle Clause: Forcing endless battles is banned\n|rule|OHKO Clause: OHKO moves are banned\n|rule|Evasion Clause: Evasion abilities, items, and moves are banned\n|rule|Evasion Abilities Clause: Evasion abilities are banned\n|rule|Evasion Items Clause: Evasion items are banned\n|rule|Evasion Moves Clause: Evasion moves are banned\n|rule|Species Clause: Limit one of each Pok\u00e9mon\n|rule|Sleep Clause Mod: Limit one foe put to sleep\n|clearpoke\n|poke|p1|Tyranitar, M|\n|poke|p1|Garganacl, M|\n|poke|p1|Aggron, F|\n|poke|p1|Glimmora, M|\n|poke|p1|Stakataka|\n|poke|p1|Rampardos, M|\n|poke|p2|Zapdos|\n|poke|p2|Rotom-Wash|\n|poke|p2|Magnezone|\n|poke|p2|Iron Hands|\n|poke|p2|Tapu Koko|\n|poke|p2|Xurkitree|\n|teampreview\n|c|\u2606The power of ROCK|Welcome to the ROCK gym\n|c|\u2606ThePowerofElectric|Welcome to the Electric gym\n|inactive|The power of ROCK has 120 seconds left.\n|\n|t:|1700989570\n|start\n|switch|p1a: Glimmora|Glimmora, M|100\/100\n|switch|p2a: Xurkitree|Xurkitree|100\/100\n|turn|1\n|\n|t:|1700989577\n|switch|p2a: Rotom|Rotom-Wash|100\/100\n|move|p1a: Glimmora|Sludge Wave|p2a: Rotom\n|-damage|p2a: Rotom|51\/100\n|\n|-heal|p2a: Rotom|57\/100|[from] item: Leftovers\n|upkeep\n|turn|2\n|\n|t:|1700989585\n|switch|p2a: Magnezone|Magnezone|100\/100\n|move|p1a: Glimmora|Sludge Wave|p2a: Magnezone\n|-immune|p2a: Magnezone\n|\n|upkeep\n|turn|3\n|\n|t:|1700989589\n|switch|p1a: Tyranitar|Tyranitar, M|100\/100\n|-weather|Sandstorm|[from] ability: Sand Stream|[of] p1a: Tyranitar\n|move|p2a: Magnezone|Volt Switch|p1a: Tyranitar\n|-damage|p1a: Tyranitar|89\/100\n|\n|t:|1700989594\n|switch|p2a: Iron Hands|Iron Hands|100\/100|[from] Volt Switch\n|\n|-weather|Sandstorm|[upkeep]\n|-damage|p2a: Iron Hands|94\/100|[from] Sandstorm\n|upkeep\n|turn|4\n|\n|t:|1700989601\n|switch|p1a: Glimmora|Glimmora, M|100\/100\n|move|p2a: Iron Hands|Drain Punch|p1a: Glimmora\n|-damage|p1a: Glimmora|36\/100\n|-heal|p2a: Iron Hands|100\/100|[from] drain|[of] p1a: Glimmora\n|-activate|p1a: Glimmora|ability: Toxic Debris\n|-sidestart|p2: ThePowerofElectric|move: Toxic Spikes\n|\n|-weather|Sandstorm|[upkeep]\n|-damage|p2a: Iron Hands|94\/100|[from] Sandstorm\n|upkeep\n|turn|5\n|\n|t:|1700989609\n|-end|p2a: Iron Hands|Quark Drive|[silent]\n|switch|p2a: Rotom|Rotom-Wash|57\/100\n|move|p1a: Glimmora|Sludge Wave|p2a: Rotom\n|-damage|p2a: Rotom|7\/100\n|-status|p2a: Rotom|psn\n|\n|-weather|Sandstorm|[upkeep]\n|-damage|p2a: Rotom|0 fnt|[from] Sandstorm\n|faint|p2a: Rotom\n|upkeep\n|\n|t:|1700989612\n|switch|p2a: Magnezone|Magnezone|100\/100\n|turn|6\n|\n|t:|1700989615\n|switch|p1a: Tyranitar|Tyranitar, M|89\/100\n|move|p2a: Magnezone|Volt Switch|p1a: Tyranitar\n|-damage|p1a: Tyranitar|78\/100\n|\n|t:|1700989621\n|switch|p2a: Iron Hands|Iron Hands|94\/100|[from] Volt Switch\n|-status|p2a: Iron Hands|psn\n|\n|-weather|Sandstorm|[upkeep]\n|-damage|p2a: Iron Hands|88\/100 psn|[from] Sandstorm\n|-damage|p2a: Iron Hands|75\/100 psn|[from] psn\n|upkeep\n|turn|7\n|c|\u2606The power of ROCK|!dt iron hands\n|raw|<div class=\"message\"><ul class=\"utilichart\"><li class=\"result\"><span class=\"col numcol\">UU<\/span> <span class=\"col iconcol\"><psicon pokemon=\"ironhands\"\/><\/span> <span class=\"col pokemonnamecol\" style=\"white-space:nowrap\"><a href=\"https:\/\/dex.pokemonshowdown.com\/pokemon\/ironhands\" target=\"_blank\">Iron Hands<\/a><\/span> <span class=\"col typecol\"><img src=\"https:\/\/play.pokemonshowdown.com\/sprites\/types\/Fighting.png\" alt=\"Fighting\" height=\"14\" width=\"32\"><img src=\"https:\/\/play.pokemonshowdown.com\/sprites\/types\/Electric.png\" alt=\"Electric\" height=\"14\" width=\"32\"><\/span> <span style=\"float:left;min-height:26px\"><span class=\"col abilitycol\">Quark Drive<\/span><span class=\"col abilitycol\"><\/span><\/span><span style=\"float:left;min-height:26px\"><span class=\"col statcol\"><em>HP<\/em><br \/>154<\/span> <span class=\"col statcol\"><em>Atk<\/em><br \/>140<\/span> <span class=\"col statcol\"><em>Def<\/em><br \/>108<\/span> <span class=\"col statcol\"><em>SpA<\/em><br \/>50<\/span> <span class=\"col statcol\"><em>SpD<\/em><br \/>68<\/span> <span class=\"col statcol\"><em>Spe<\/em><br \/>50<\/span> <span class=\"col bstcol\"><em>BST<br \/>570<\/em><\/span> <\/span><\/li><li style=\"clear:both\"><\/li><\/ul><\/div>\n|raw|<font size=\"1\"><font color=\"#686868\">Dex#:<\/font> 992&nbsp;|&ThickSpace;<font color=\"#686868\">Gen:<\/font> 9&nbsp;|&ThickSpace;<font color=\"#686868\">Height:<\/font> 1.8 m&nbsp;|&ThickSpace;<font color=\"#686868\">Weight:<\/font> 380.7 kg <em>(120 BP)<\/em>&nbsp;|&ThickSpace;<font color=\"#686868\">Dex Colour:<\/font> Gray&nbsp;|&ThickSpace;<font color=\"#686868\">Egg Group(s):<\/font> Undiscovered&nbsp;|&ThickSpace;<font color=\"#686868\">Does Not Evolve<\/font><\/font>\n\n|\n|t:|1700989636\n|switch|p1a: Glimmora|Glimmora, M|36\/100\n|move|p2a: Iron Hands|Drain Punch|p1a: Glimmora\n|-damage|p1a: Glimmora|0 fnt\n|-heal|p2a: Iron Hands|87\/100 psn|[from] drain|[of] p1a: Glimmora\n|-activate|p1a: Glimmora|ability: Toxic Debris\n|-sidestart|p2: ThePowerofElectric|move: Toxic Spikes\n|faint|p1a: Glimmora\n|\n|-weather|none\n|-damage|p2a: Iron Hands|75\/100 psn|[from] psn\n|upkeep\n|\n|t:|1700989638\n|switch|p1a: Rampardos|Rampardos, M|100\/100\n|-ability|p1a: Rampardos|Mold Breaker\n|turn|8\n|\n|t:|1700989647\n|-zpower|p1a: Rampardos\n|move|p1a: Rampardos|Continental Crush|p2a: Iron Hands|[zeffect]\n|-resisted|p2a: Iron Hands\n|-damage|p2a: Iron Hands|30\/100 psn\n|move|p2a: Iron Hands|Drain Punch|p1a: Rampardos\n|-supereffective|p1a: Rampardos\n|-crit|p1a: Rampardos\n|-damage|p1a: Rampardos|0 fnt\n|-heal|p2a: Iron Hands|66\/100 psn|[from] drain|[of] p1a: Rampardos\n|faint|p1a: Rampardos\n|\n|-damage|p2a: Iron Hands|54\/100 psn|[from] psn\n|upkeep\n|\n|t:|1700989650\n|switch|p1a: Aggron|Aggron, F|100\/100\n|turn|9\n|\n|t:|1700989655\n|-end|p2a: Iron Hands|Quark Drive|[silent]\n|switch|p2a: Zapdos|Zapdos|100\/100\n|detailschange|p1a: Aggron|Aggron-Mega, F\n|-mega|p1a: Aggron|Aggron|Aggronite\n|move|p1a: Aggron|Body Press|p2a: Zapdos\n|-resisted|p2a: Zapdos\n|-damage|p2a: Zapdos|84\/100\n|-status|p1a: Aggron|par|[from] ability: Static|[of] p2a: Zapdos\n|\n|upkeep\n|turn|10\n|\n|t:|1700989669\n|switch|p1a: Garganacl|Garganacl, M|100\/100\n|move|p2a: Zapdos|Defog|p1a: Garganacl\n|-unboost|p1a: Garganacl|evasion|1\n|-sideend|p2: ThePowerofElectric|Toxic Spikes|[from] move: Defog|[of] p2a: Zapdos\n|\n|upkeep\n|turn|11\n|inactive|The power of ROCK has 120 seconds left.\n|\n|t:|1700989704\n|switch|p2a: Tapu Koko|Tapu Koko|100\/100\n|-fieldstart|move: Electric Terrain|[from] ability: Electric Surge|[of] p2a: Tapu Koko\n|move|p1a: Garganacl|Iron Defense|p1a: Garganacl\n|-boost|p1a: Garganacl|def|2\n|\n|upkeep\n|turn|12\n|\n|t:|1700989712\n|-terastallize|p1a: Garganacl|Ghost\n|move|p2a: Tapu Koko|U-turn|p1a: Garganacl\n|-resisted|p1a: Garganacl\n|-damage|p1a: Garganacl|98\/100\n|\n|t:|1700989717\n|switch|p2a: Magnezone|Magnezone|100\/100|[from] U-turn\n|move|p1a: Garganacl|Salt Cure|p2a: Magnezone\n|-resisted|p2a: Magnezone\n|-damage|p2a: Magnezone|93\/100\n|-start|p2a: Magnezone|Salt Cure\n|\n|-damage|p2a: Magnezone|69\/100|[from] Salt Cure\n|upkeep\n|turn|13\n|\n|t:|1700989724\n|move|p2a: Magnezone|Flash Cannon|p1a: Garganacl\n|-damage|p1a: Garganacl|69\/100\n|-enditem|p1a: Garganacl|Maranga Berry|[eat]\n|-boost|p1a: Garganacl|spd|1|[from] item: Maranga Berry\n|move|p1a: Garganacl|Recover|p1a: Garganacl\n|-heal|p1a: Garganacl|100\/100\n|\n|-damage|p2a: Magnezone|44\/100|[from] Salt Cure\n|upkeep\n|turn|14\n|\n|t:|1700989728\n|move|p2a: Magnezone|Flash Cannon|p1a: Garganacl\n|-damage|p1a: Garganacl|81\/100\n|move|p1a: Garganacl|Iron Defense|p1a: Garganacl\n|-boost|p1a: Garganacl|def|2\n|\n|-damage|p2a: Magnezone|19\/100|[from] Salt Cure\n|upkeep\n|turn|15\n|\n|t:|1700989731\n|move|p2a: Magnezone|Flash Cannon|p1a: Garganacl\n|-damage|p1a: Garganacl|62\/100\n|move|p1a: Garganacl|Recover|p1a: Garganacl\n|-heal|p1a: Garganacl|100\/100\n|\n|-damage|p2a: Magnezone|0 fnt|[from] Salt Cure\n|faint|p2a: Magnezone\n|-fieldend|move: Electric Terrain\n|upkeep\n|\n|t:|1700989734\n|switch|p2a: Tapu Koko|Tapu Koko|100\/100\n|-fieldstart|move: Electric Terrain|[from] ability: Electric Surge|[of] p2a: Tapu Koko\n|turn|16\n|\n|t:|1700989738\n|move|p2a: Tapu Koko|Thunderbolt|p1a: Garganacl\n|-damage|p1a: Garganacl|81\/100\n|move|p1a: Garganacl|Salt Cure|p2a: Tapu Koko\n|-damage|p2a: Tapu Koko|80\/100\n|-start|p2a: Tapu Koko|Salt Cure\n|\n|-damage|p2a: Tapu Koko|68\/100|[from] Salt Cure\n|upkeep\n|turn|17\n|\n|t:|1700989741\n|move|p2a: Tapu Koko|Thunderbolt|p1a: Garganacl\n|-damage|p1a: Garganacl|60\/100\n|move|p1a: Garganacl|Salt Cure|p2a: Tapu Koko\n|-damage|p2a: Tapu Koko|50\/100\n|\n|-damage|p2a: Tapu Koko|37\/100|[from] Salt Cure\n|upkeep\n|turn|18\n|\n|t:|1700989744\n|move|p2a: Tapu Koko|U-turn|p1a: Garganacl\n|-resisted|p1a: Garganacl\n|-damage|p1a: Garganacl|58\/100\n|\n|t:|1700989747\n|switch|p2a: Xurkitree|Xurkitree|100\/100|[from] U-turn\n|move|p1a: Garganacl|Recover|p1a: Garganacl\n|-heal|p1a: Garganacl|100\/100\n|\n|upkeep\n|turn|19\n|\n|t:|1700989753\n|-terastallize|p2a: Xurkitree|Electric\n|move|p2a: Xurkitree|Rising Voltage|p1a: Garganacl\n|-hint|Rising Voltage's BP doubled on grounded target.\n|-damage|p1a: Garganacl|33\/100\n|move|p1a: Garganacl|Body Press|p2a: Xurkitree\n|-damage|p2a: Xurkitree|0 fnt\n|faint|p2a: Xurkitree\n|\n|upkeep\n|\n|t:|1700989761\n|switch|p2a: Tapu Koko|Tapu Koko|37\/100\n|turn|20\n|\n|t:|1700989765\n|move|p2a: Tapu Koko|Thunderbolt|p1a: Garganacl\n|-damage|p1a: Garganacl|13\/100\n|move|p1a: Garganacl|Recover|p1a: Garganacl\n|-heal|p1a: Garganacl|63\/100\n|\n|-fieldend|move: Electric Terrain\n|upkeep\n|turn|21\n|-message|ThePowerofElectric forfeited.\n|\n|win|The power of ROCK\n|n|\u2606The power of ROCK|thepowerofrock\n|n|\u2606ThePowerofElectric|thepowerofelectric\n|l|\u2606ThePowerofElectric\n|c|\u2606The power of ROCK|gg : )\n","uploadtime":1700989788,"views":4,"p1id":"thepowerofrock","p2id":"thepowerofelectric","formatid":"gen9nationaldex","rating":0,"private":0,"password":""}