{"id":"gen9nationaldex-1993755267","p1":"NotAmazingYT","p2":"if canot","format":"[Gen 9] National Dex","log":"|j|\u2606NotAmazingYT\n|j|\u2606if canot\n|t:|1700353403\n|gametype|singles\n|player|p1|NotAmazingYT|170|1176\n|player|p2|if canot|misty-masters|1146\n|teamsize|p1|6\n|teamsize|p2|6\n|gen|9\n|tier|[Gen 9] National Dex\n|rated|\n|rule|HP Percentage Mod: HP is shown in percentages\n|rule|Endless Battle Clause: Forcing endless battles is banned\n|rule|OHKO Clause: OHKO moves are banned\n|rule|Evasion Clause: Evasion abilities, items, and moves are banned\n|rule|Evasion Abilities Clause: Evasion abilities are banned\n|rule|Evasion Items Clause: Evasion items are banned\n|rule|Evasion Moves Clause: Evasion moves are banned\n|rule|Species Clause: Limit one of each Pok\u00e9mon\n|rule|Sleep Clause Mod: Limit one foe put to sleep\n|clearpoke\n|poke|p1|Garchomp, M|\n|poke|p1|Gliscor, M|\n|poke|p1|Zoroark-Hisui, M|\n|poke|p1|Weavile, M|\n|poke|p1|Heatran, M|\n|poke|p1|Manaphy|\n|poke|p2|Ursaluna, F|\n|poke|p2|Slowbro, F|\n|poke|p2|Cresselia, F|\n|poke|p2|Camerupt, F|\n|poke|p2|Hatterene, F|\n|poke|p2|Klefki, M|\n|teampreview\n|inactive|Battle timer is ON: inactive players will automatically lose when time's up. (requested by if canot)\n|\n|t:|1700353413\n|start\n|switch|p1a: Heatran|Heatran, M|100\/100\n|switch|p2a: Klefki|Klefki, M|100\/100\n|turn|1\n|\n|t:|1700353420\n|move|p2a: Klefki|Light Screen|p2a: Klefki\n|-sidestart|p2: if canot|move: Light Screen\n|move|p1a: Heatran|Taunt|p2a: Klefki\n|-start|p2a: Klefki|move: Taunt\n|\n|upkeep\n|turn|2\n|\n|t:|1700353429\n|switch|p2a: Camerupt|Camerupt, F|100\/100\n|move|p1a: Heatran|Magma Storm|p2a: Camerupt\n|-resisted|p2a: Camerupt\n|-damage|p2a: Camerupt|87\/100\n|-activate|p2a: Camerupt|move: Magma Storm|[of] p1a: Heatran\n|\n|-damage|p2a: Camerupt|75\/100|[from] move: Magma Storm|[partiallytrapped]\n|upkeep\n|turn|3\n|\n|t:|1700353440\n|switch|p1a: Gliscor|Gliscor, M|100\/100\n|detailschange|p2a: Camerupt|Camerupt-Mega, F\n|-mega|p2a: Camerupt|Camerupt|Cameruptite\n|move|p2a: Camerupt|Hidden Power|p1a: Gliscor\n|-supereffective|p1a: Gliscor\n|-damage|p1a: Gliscor|0 fnt\n|faint|p1a: Gliscor\n|\n|-end|p2a: Camerupt|Magma Storm|[partiallytrapped]|[silent]\n|upkeep\n|\n|t:|1700353455\n|switch|p1a: Garchomp|Garchomp, M|100\/100\n|turn|4\n|\n|t:|1700353473\n|switch|p2a: Slowbro|Slowbro, F|100\/100\n|detailschange|p1a: Garchomp|Garchomp-Mega, M\n|-mega|p1a: Garchomp|Garchomp|Garchompite\n|move|p1a: Garchomp|Earthquake|p2a: Slowbro\n|-damage|p2a: Slowbro|57\/100\n|\n|upkeep\n|turn|5\n|inactive|NotAmazingYT has 120 seconds left.\n|inactive|if canot has 120 seconds left.\n|\n|t:|1700353504\n|move|p1a: Garchomp|Swords Dance|p1a: Garchomp\n|-boost|p1a: Garchomp|atk|2\n|move|p2a: Slowbro|Trick Room|p2a: Slowbro\n|-fieldstart|move: Trick Room|[of] p2a: Slowbro\n|\n|upkeep\n|turn|6\n|inactive|NotAmazingYT has 120 seconds left.\n|\n|t:|1700353518\n|move|p1a: Garchomp|Earthquake|p2a: Slowbro\n|-damage|p2a: Slowbro|0 fnt\n|faint|p2a: Slowbro\n|\n|upkeep\n|\n|t:|1700353522\n|switch|p2a: Camerupt|Camerupt-Mega, F|75\/100\n|turn|7\n|\n|t:|1700353527\n|switch|p1a: Heatran|Heatran, M|100\/100\n|move|p2a: Camerupt|Hidden Power|p1a: Heatran\n|-resisted|p1a: Heatran\n|-damage|p1a: Heatran|96\/100\n|\n|-heal|p1a: Heatran|100\/100|[from] item: Leftovers\n|upkeep\n|turn|8\n|\n|t:|1700353541\n|-terastallize|p1a: Heatran|Flying\n|move|p2a: Camerupt|Earth Power|p1a: Heatran\n|-immune|p1a: Heatran\n|move|p1a: Heatran|Earth Power|p2a: Camerupt\n|-supereffective|p2a: Camerupt\n|-damage|p2a: Camerupt|49\/100\n|\n|-sideend|p2: if canot|move: Light Screen\n|upkeep\n|turn|9\n|\n|t:|1700353556\n|move|p2a: Camerupt|Hidden Power|p1a: Heatran\n|-supereffective|p1a: Heatran\n|-damage|p1a: Heatran|69\/100\n|move|p1a: Heatran|Stealth Rock|p2a: Camerupt\n|-sidestart|p2: if canot|move: Stealth Rock\n|\n|-heal|p1a: Heatran|75\/100|[from] item: Leftovers\n|-fieldend|move: Trick Room\n|upkeep\n|turn|10\n|\n|t:|1700353566\n|switch|p2a: Klefki|Klefki, M|100\/100\n|-damage|p2a: Klefki|95\/100|[from] Stealth Rock\n|move|p1a: Heatran|Earth Power|p2a: Klefki\n|-supereffective|p2a: Klefki\n|-damage|p2a: Klefki|47\/100\n|\n|-heal|p1a: Heatran|81\/100|[from] item: Leftovers\n|upkeep\n|turn|11\n|\n|t:|1700353575\n|move|p2a: Klefki|Light Screen|p2a: Klefki\n|-sidestart|p2: if canot|move: Light Screen\n|move|p1a: Heatran|Taunt|p2a: Klefki\n|-start|p2a: Klefki|move: Taunt\n|\n|-heal|p1a: Heatran|88\/100|[from] item: Leftovers\n|upkeep\n|turn|12\n|-message|if canot forfeited.\n|\n|win|NotAmazingYT\n|raw|NotAmazingYT's rating: 1176 &rarr; <strong>1199<\/strong><br \/>(+23 for winning)\n|raw|if canot's rating: 1146 &rarr; <strong>1123<\/strong><br \/>(-23 for losing)\n|l|\u2606if canot\n","uploadtime":1700353593,"views":7,"p1id":"notamazingyt","p2id":"ifcanot","formatid":"gen9nationaldex","rating":1123,"private":0,"password":""}