{"id":"gen9nationaldex-1993958763","p1":"Avinobellissimo","p2":"jujibalaoshi001","format":"[Gen 9] National Dex","log":"|j|\u2606Avinobellissimo\n|j|\u2606jujibalaoshi001\n|t:|1700382920\n|gametype|singles\n|player|p1|Avinobellissimo|volkner|1510\n|player|p2|jujibalaoshi001|hexmaniac-gen6|1523\n|teamsize|p1|6\n|teamsize|p2|6\n|gen|9\n|tier|[Gen 9] National Dex\n|rated|\n|rule|HP Percentage Mod: HP is shown in percentages\n|rule|Endless Battle Clause: Forcing endless battles is banned\n|rule|OHKO Clause: OHKO moves are banned\n|rule|Evasion Clause: Evasion abilities, items, and moves are banned\n|rule|Evasion Abilities Clause: Evasion abilities are banned\n|rule|Evasion Items Clause: Evasion items are banned\n|rule|Evasion Moves Clause: Evasion moves are banned\n|rule|Species Clause: Limit one of each Pok\u00e9mon\n|rule|Sleep Clause Mod: Limit one foe put to sleep\n|clearpoke\n|poke|p1|Kleavor, F|\n|poke|p1|Rotom-Wash|\n|poke|p1|Goodra-Hisui, M|\n|poke|p1|Landorus-Therian, M|\n|poke|p1|Greninja-*, M|\n|poke|p1|Latias, F|\n|poke|p2|Tapu Lele|\n|poke|p2|Sneasler, M|\n|poke|p2|Polteageist|\n|poke|p2|Torkoal, M|\n|poke|p2|Lilligant-Hisui, F|\n|poke|p2|Cloyster, F|\n|teampreview\n|inactive|Battle timer is ON: inactive players will automatically lose when time's up. (requested by Avinobellissimo)\n|\n|t:|1700382935\n|start\n|switch|p1a: Landorus|Landorus-Therian, M|100\/100\n|switch|p2a: Cloyster|Cloyster, F|100\/100\n|-ability|p1a: Landorus|Intimidate|boost\n|-unboost|p2a: Cloyster|atk|1\n|turn|1\n|\n|t:|1700382950\n|switch|p2a: Torkoal|Torkoal, M, shiny|100\/100\n|-weather|SunnyDay|[from] ability: Drought|[of] p2a: Torkoal\n|move|p1a: Landorus|U-turn|p2a: Torkoal\n|-resisted|p2a: Torkoal\n|-damage|p2a: Torkoal|92\/100\n|\n|t:|1700382955\n|switch|p1a: Rotom|Rotom-Wash|100\/100|[from] U-turn\n|\n|-weather|SunnyDay|[upkeep]\n|upkeep\n|turn|2\n|\n|t:|1700382970\n|switch|p2a: Lilligant|Lilligant-Hisui, F|100\/100\n|move|p1a: Rotom|Volt Switch|p2a: Lilligant\n|-resisted|p2a: Lilligant\n|-damage|p2a: Lilligant|84\/100\n|\n|t:|1700382980\n|switch|p1a: Landorus|Landorus-Therian, M|100\/100|[from] Volt Switch\n|-ability|p1a: Landorus|Intimidate|boost\n|-unboost|p2a: Lilligant|atk|1\n|\n|-weather|SunnyDay|[upkeep]\n|upkeep\n|turn|3\n|\n|t:|1700382987\n|move|p2a: Lilligant|Victory Dance|p2a: Lilligant\n|-boost|p2a: Lilligant|atk|1\n|-boost|p2a: Lilligant|def|1\n|-boost|p2a: Lilligant|spe|1\n|move|p1a: Landorus|U-turn|p2a: Lilligant\n|-damage|p2a: Lilligant|67\/100\n|-damage|p1a: Landorus|84\/100|[from] item: Rocky Helmet|[of] p2a: Lilligant\n|\n|t:|1700382993\n|switch|p1a: Latias|Latias, F|100\/100|[from] U-turn\n|\n|-weather|SunnyDay|[upkeep]\n|-status|p1a: Latias|brn|[from] item: Flame Orb\n|upkeep\n|turn|4\n|c|\u2606Avinobellissimo|h\n|inactive|jujibalaoshi001 has 120 seconds left.\n|\n|t:|1700383032\n|switch|p2a: Tapu Lele|Tapu Lele|100\/100\n|-fieldstart|move: Psychic Terrain|[from] ability: Psychic Surge|[of] p2a: Tapu Lele\n|move|p1a: Latias|Psycho Shift|p2a: Tapu Lele\n|-status|p2a: Tapu Lele|brn\n|-curestatus|p1a: Latias|brn|[msg]\n|\n|-weather|SunnyDay|[upkeep]\n|-damage|p2a: Tapu Lele|94\/100 brn|[from] brn\n|-status|p1a: Latias|brn|[from] item: Flame Orb\n|upkeep\n|turn|5\n|inactive|jujibalaoshi001 has 120 seconds left.\n|\n|t:|1700383050\n|switch|p1a: Goodra|Goodra-Hisui, M|100\/100\n|move|p2a: Tapu Lele|Moonblast|p1a: Goodra\n|-damage|p1a: Goodra|77\/100\n|-unboost|p1a: Goodra|spa|1\n|\n|-weather|none\n|-damage|p2a: Tapu Lele|88\/100 brn|[from] brn\n|upkeep\n|turn|6\n|\n|t:|1700383073\n|move|p2a: Tapu Lele|Focus Blast|p1a: Goodra|[miss]\n|-miss|p2a: Tapu Lele|p1a: Goodra\n|move|p1a: Goodra|Flash Cannon|p2a: Tapu Lele\n|-supereffective|p2a: Tapu Lele\n|-damage|p2a: Tapu Lele|30\/100 brn\n|\n|-damage|p2a: Tapu Lele|24\/100 brn|[from] brn\n|upkeep\n|turn|7\n|\n|t:|1700383082\n|switch|p2a: Sneasler|Sneasler, M|100\/100\n|-enditem|p2a: Sneasler|Psychic Seed\n|-boost|p2a: Sneasler|spd|1|[from] item: Psychic Seed\n|move|p1a: Goodra|Flash Cannon|p2a: Sneasler\n|-damage|p2a: Sneasler|75\/100\n|\n|upkeep\n|turn|8\n|\n|t:|1700383090\n|move|p2a: Sneasler|Swords Dance|p2a: Sneasler\n|-boost|p2a: Sneasler|atk|2\n|move|p1a: Goodra|Draco Meteor|p2a: Sneasler|[miss]\n|-miss|p1a: Goodra|p2a: Sneasler\n|\n|-fieldend|move: Psychic Terrain\n|upkeep\n|turn|9\n|\n|t:|1700383098\n|switch|p1a: Landorus|Landorus-Therian, M|84\/100\n|-ability|p1a: Landorus|Intimidate|boost\n|-unboost|p2a: Sneasler|atk|1\n|move|p2a: Sneasler|Close Combat|p1a: Landorus\n|-resisted|p1a: Landorus\n|-damage|p1a: Landorus|20\/100\n|-unboost|p2a: Sneasler|def|1\n|-unboost|p2a: Sneasler|spd|1\n|\n|upkeep\n|turn|10\n|inactive|jujibalaoshi001 has 120 seconds left.\n|\n|t:|1700383114\n|switch|p1a: Goodra|Goodra-Hisui, M|77\/100\n|move|p2a: Sneasler|Dire Claw|p1a: Goodra\n|-immune|p1a: Goodra\n|\n|upkeep\n|turn|11\n|\n|t:|1700383119\n|move|p2a: Sneasler|Swords Dance|p2a: Sneasler\n|-boost|p2a: Sneasler|atk|2\n|move|p1a: Goodra|Draco Meteor|p2a: Sneasler\n|-damage|p2a: Sneasler|0 fnt\n|-unboost|p1a: Goodra|spa|2\n|faint|p2a: Sneasler\n|\n|upkeep\n|inactive|jujibalaoshi001 has 120 seconds left.\n|\n|t:|1700383134\n|switch|p2a: Cloyster|Cloyster, F|100\/100\n|turn|12\n|\n|t:|1700383140\n|move|p2a: Cloyster|Shell Smash|p2a: Cloyster\n|-unboost|p2a: Cloyster|def|1\n|-unboost|p2a: Cloyster|spd|1\n|-boost|p2a: Cloyster|atk|2\n|-boost|p2a: Cloyster|spa|2\n|-boost|p2a: Cloyster|spe|2\n|move|p1a: Goodra|Thunderbolt|p2a: Cloyster\n|-supereffective|p2a: Cloyster\n|-enditem|p2a: Cloyster|Focus Sash\n|-damage|p2a: Cloyster|1\/100\n|\n|upkeep\n|turn|13\n|\n|t:|1700383148\n|move|p2a: Cloyster|Icicle Spear|p1a: Goodra\n|-damage|p1a: Goodra|50\/100\n|-damage|p1a: Goodra|22\/100\n|-damage|p1a: Goodra|0 fnt\n|faint|p1a: Goodra\n|-hitcount|p1: Goodra|3\n|\n|upkeep\n|\n|t:|1700383155\n|switch|p1a: Greninja|Greninja, M|100\/100\n|turn|14\n|\n|t:|1700383160\n|switch|p2a: Tapu Lele|Tapu Lele|24\/100 brn\n|-fieldstart|move: Psychic Terrain|[from] ability: Psychic Surge|[of] p2a: Tapu Lele\n|move|p1a: Greninja|Water Shuriken|p2a: Tapu Lele\n|-activate|p2a: Tapu Lele|move: Psychic Terrain\n|\n|-damage|p2a: Tapu Lele|18\/100 brn|[from] brn\n|upkeep\n|turn|15\n|\n|t:|1700383171\n|switch|p1a: Landorus|Landorus-Therian, M|20\/100\n|-ability|p1a: Landorus|Intimidate|boost\n|-unboost|p2a: Tapu Lele|atk|1\n|move|p2a: Tapu Lele|Moonblast|p1a: Landorus\n|-damage|p1a: Landorus|0 fnt\n|faint|p1a: Landorus\n|\n|-damage|p2a: Tapu Lele|12\/100 brn|[from] brn\n|upkeep\n|\n|t:|1700383173\n|switch|p1a: Kleavor|Kleavor, F|100\/100\n|turn|16\n|\n|t:|1700383184\n|switch|p2a: Cloyster|Cloyster, F|1\/100\n|move|p1a: Kleavor|Stone Axe|p2a: Cloyster\n|-supereffective|p2a: Cloyster\n|-damage|p2a: Cloyster|0 fnt\n|-sidestart|p2: jujibalaoshi001|move: Stealth Rock\n|faint|p2a: Cloyster\n|\n|upkeep\n|\n|t:|1700383193\n|switch|p2a: Torkoal|Torkoal, M, shiny|92\/100\n|-weather|SunnyDay|[from] ability: Drought|[of] p2a: Torkoal\n|turn|17\n|\n|t:|1700383201\n|move|p1a: Kleavor|Stone Axe|p2a: Torkoal\n|-supereffective|p2a: Torkoal\n|-damage|p2a: Torkoal|35\/100\n|move|p2a: Torkoal|Rapid Spin|p1a: Kleavor\n|-resisted|p1a: Kleavor\n|-crit|p1a: Kleavor\n|-damage|p1a: Kleavor|92\/100\n|-boost|p2a: Torkoal|spe|1\n|-sideend|p2: jujibalaoshi001|Stealth Rock|[from] move: Rapid Spin|[of] p2a: Torkoal\n|\n|-weather|SunnyDay|[upkeep]\n|upkeep\n|turn|18\n|\n|t:|1700383228\n|switch|p2a: Lilligant|Lilligant-Hisui, F|67\/100\n|move|p1a: Kleavor|Stone Axe|p2a: Lilligant\n|-resisted|p2a: Lilligant\n|-damage|p2a: Lilligant|44\/100\n|-damage|p1a: Kleavor|75\/100|[from] item: Rocky Helmet|[of] p2a: Lilligant\n|-sidestart|p2: jujibalaoshi001|move: Stealth Rock\n|\n|-weather|SunnyDay|[upkeep]\n|-fieldend|move: Psychic Terrain\n|upkeep\n|turn|19\n|inactive|jujibalaoshi001 has 120 seconds left.\n|\n|t:|1700383245\n|move|p2a: Lilligant|Axe Kick|p1a: Kleavor\n|-damage|p1a: Kleavor|12\/100\n|move|p1a: Kleavor|Stone Axe|p2a: Lilligant\n|-resisted|p2a: Lilligant\n|-damage|p2a: Lilligant|18\/100\n|-damage|p1a: Kleavor|0 fnt|[from] item: Rocky Helmet|[of] p2a: Lilligant\n|faint|p1a: Kleavor\n|\n|-weather|SunnyDay|[upkeep]\n|upkeep\n|\n|t:|1700383248\n|switch|p1a: Latias|Latias, F|100\/100 brn\n|turn|20\n|\n|t:|1700383252\n|move|p2a: Lilligant|Synthesis|p2a: Lilligant\n|-heal|p2a: Lilligant|85\/100\n|move|p1a: Latias|Stored Power|p2a: Lilligant\n|-supereffective|p2a: Lilligant\n|-damage|p2a: Lilligant|64\/100\n|\n|-weather|SunnyDay|[upkeep]\n|-damage|p1a: Latias|94\/100 brn|[from] brn\n|upkeep\n|turn|21\n|c|\u2606Avinobellissimo|NOOO\n|c|\u2606Avinobellissimo|missclick sorry\n|\n|t:|1700383275\n|move|p2a: Lilligant|Victory Dance|p2a: Lilligant\n|-boost|p2a: Lilligant|atk|1\n|-boost|p2a: Lilligant|def|1\n|-boost|p2a: Lilligant|spe|1\n|move|p1a: Latias|Calm Mind|p1a: Latias\n|-boost|p1a: Latias|spa|1\n|-boost|p1a: Latias|spd|1\n|\n|-weather|none\n|-damage|p1a: Latias|88\/100 brn|[from] brn\n|upkeep\n|turn|22\n|inactive|jujibalaoshi001 has 120 seconds left.\n|\n|t:|1700383297\n|move|p2a: Lilligant|Axe Kick|p1a: Latias\n|-resisted|p1a: Latias\n|-damage|p1a: Latias|56\/100 brn\n|move|p1a: Latias|Psycho Shift|p2a: Lilligant\n|-status|p2a: Lilligant|brn\n|-curestatus|p1a: Latias|brn|[msg]\n|\n|-damage|p2a: Lilligant|57\/100 brn|[from] brn\n|-status|p1a: Latias|brn|[from] item: Flame Orb\n|upkeep\n|turn|23\n|inactive|jujibalaoshi001 has 120 seconds left.\n|\n|t:|1700383308\n|switch|p2a: Torkoal|Torkoal, M, shiny|35\/100\n|-weather|SunnyDay|[from] ability: Drought|[of] p2a: Torkoal\n|move|p1a: Latias|Roost|p1a: Latias\n|-heal|p1a: Latias|100\/100 brn\n|-singleturn|p1a: Latias|move: Roost\n|\n|-weather|SunnyDay|[upkeep]\n|-damage|p1a: Latias|94\/100 brn|[from] brn\n|upkeep\n|turn|24\n|inactive|jujibalaoshi001 has 120 seconds left.\n|\n|t:|1700383315\n|move|p1a: Latias|Calm Mind|p1a: Latias\n|-boost|p1a: Latias|spa|1\n|-boost|p1a: Latias|spd|1\n|move|p2a: Torkoal|Rapid Spin|p1a: Latias\n|-damage|p1a: Latias|87\/100 brn\n|-boost|p2a: Torkoal|spe|1\n|-sideend|p2: jujibalaoshi001|Stealth Rock|[from] move: Rapid Spin|[of] p2a: Torkoal\n|\n|-weather|SunnyDay|[upkeep]\n|-damage|p1a: Latias|81\/100 brn|[from] brn\n|upkeep\n|turn|25\n|\n|t:|1700383323\n|move|p1a: Latias|Calm Mind|p1a: Latias\n|-boost|p1a: Latias|spa|1\n|-boost|p1a: Latias|spd|1\n|move|p2a: Torkoal|Stealth Rock|p1a: Latias\n|-sidestart|p1: Avinobellissimo|move: Stealth Rock\n|\n|-weather|SunnyDay|[upkeep]\n|-damage|p1a: Latias|75\/100 brn|[from] brn\n|upkeep\n|turn|26\n|\n|t:|1700383333\n|switch|p2a: Lilligant|Lilligant-Hisui, F|57\/100 brn\n|move|p1a: Latias|Calm Mind|p1a: Latias\n|-boost|p1a: Latias|spa|1\n|-boost|p1a: Latias|spd|1\n|\n|-weather|SunnyDay|[upkeep]\n|-damage|p2a: Lilligant|51\/100 brn|[from] brn\n|-damage|p1a: Latias|69\/100 brn|[from] brn\n|upkeep\n|turn|27\n|\n|t:|1700383343\n|move|p2a: Lilligant|Axe Kick|p1a: Latias\n|-resisted|p1a: Latias\n|-damage|p1a: Latias|58\/100 brn\n|-start|p1a: Latias|confusion\n|-activate|p1a: Latias|confusion\n|move|p1a: Latias|Calm Mind|p1a: Latias\n|-boost|p1a: Latias|spa|1\n|-boost|p1a: Latias|spd|1\n|\n|-weather|none\n|-damage|p2a: Lilligant|45\/100 brn|[from] brn\n|-damage|p1a: Latias|52\/100 brn|[from] brn\n|upkeep\n|turn|28\n|\n|t:|1700383356\n|switch|p2a: Torkoal|Torkoal, M, shiny|35\/100\n|-weather|SunnyDay|[from] ability: Drought|[of] p2a: Torkoal\n|-activate|p1a: Latias|confusion\n|move|p1a: Latias|Roost|p1a: Latias\n|-heal|p1a: Latias|100\/100 brn\n|-singleturn|p1a: Latias|move: Roost\n|\n|-weather|SunnyDay|[upkeep]\n|-damage|p1a: Latias|94\/100 brn|[from] brn\n|upkeep\n|turn|29\n|\n|t:|1700383370\n|-end|p1a: Latias|confusion\n|move|p1a: Latias|Calm Mind|p1a: Latias\n|-boost|p1a: Latias|spa|1\n|-boost|p1a: Latias|spd|1\n|move|p2a: Torkoal|Body Press|p1a: Latias\n|-resisted|p1a: Latias\n|-damage|p1a: Latias|80\/100 brn\n|\n|-weather|SunnyDay|[upkeep]\n|-damage|p1a: Latias|74\/100 brn|[from] brn\n|upkeep\n|turn|30\n|\n|t:|1700383381\n|move|p1a: Latias|Stored Power|p2a: Torkoal\n|-damage|p2a: Torkoal|0 fnt\n|faint|p2a: Torkoal\n|\n|-weather|SunnyDay|[upkeep]\n|-damage|p1a: Latias|68\/100 brn|[from] brn\n|upkeep\n|\n|t:|1700383387\n|switch|p2a: Lilligant|Lilligant-Hisui, F|45\/100 brn\n|turn|31\n|\n|t:|1700383390\n|move|p2a: Lilligant|Axe Kick|p1a: Latias\n|-resisted|p1a: Latias\n|-damage|p1a: Latias|58\/100 brn\n|move|p1a: Latias|Roost|p1a: Latias\n|-heal|p1a: Latias|100\/100 brn\n|-singleturn|p1a: Latias|move: Roost\n|\n|-weather|SunnyDay|[upkeep]\n|-damage|p2a: Lilligant|39\/100 brn|[from] brn\n|-damage|p1a: Latias|94\/100 brn|[from] brn\n|upkeep\n|turn|32\n|\n|t:|1700383398\n|move|p2a: Lilligant|Victory Dance|p2a: Lilligant\n|-boost|p2a: Lilligant|atk|1\n|-boost|p2a: Lilligant|def|1\n|-boost|p2a: Lilligant|spe|1\n|move|p1a: Latias|Stored Power|p2a: Lilligant\n|-supereffective|p2a: Lilligant\n|-damage|p2a: Lilligant|0 fnt\n|faint|p2a: Lilligant\n|\n|-weather|none\n|-damage|p1a: Latias|88\/100 brn|[from] brn\n|upkeep\n|\n|t:|1700383405\n|switch|p2a: Tapu Lele|Tapu Lele|12\/100 brn\n|-fieldstart|move: Psychic Terrain|[from] ability: Psychic Surge|[of] p2a: Tapu Lele\n|turn|33\n|\n|t:|1700383412\n|-zpower|p2a: Tapu Lele\n|move|p2a: Tapu Lele|Shattered Psyche|p1a: Latias|[zeffect]\n|-resisted|p1a: Latias\n|-damage|p1a: Latias|76\/100 brn\n|move|p1a: Latias|Roost|p1a: Latias\n|-heal|p1a: Latias|100\/100 brn\n|-singleturn|p1a: Latias|move: Roost\n|\n|-damage|p2a: Tapu Lele|6\/100 brn|[from] brn\n|-damage|p1a: Latias|94\/100 brn|[from] brn\n|upkeep\n|turn|34\n|\n|t:|1700383419\n|move|p2a: Tapu Lele|Moonblast|p1a: Latias\n|-supereffective|p1a: Latias\n|-damage|p1a: Latias|76\/100 brn\n|move|p1a: Latias|Roost|p1a: Latias\n|-heal|p1a: Latias|100\/100 brn\n|-singleturn|p1a: Latias|move: Roost\n|\n|-damage|p2a: Tapu Lele|0 fnt|[from] brn\n|faint|p2a: Tapu Lele\n|-damage|p1a: Latias|94\/100 brn|[from] brn\n|upkeep\n|\n|t:|1700383424\n|switch|p2a: Polteageist|Polteageist|100\/100\n|turn|35\n|\n|t:|1700383429\n|move|p2a: Polteageist|Shell Smash|p2a: Polteageist\n|-unboost|p2a: Polteageist|def|1\n|-unboost|p2a: Polteageist|spd|1\n|-boost|p2a: Polteageist|atk|2\n|-boost|p2a: Polteageist|spa|2\n|-boost|p2a: Polteageist|spe|2\n|move|p1a: Latias|Stored Power|p2a: Polteageist\n|-enditem|p2a: Polteageist|Focus Sash\n|-damage|p2a: Polteageist|1\/100\n|\n|-damage|p1a: Latias|88\/100 brn|[from] brn\n|upkeep\n|turn|36\n|\n|t:|1700383440\n|move|p2a: Polteageist|Shadow Ball|p1a: Latias\n|-supereffective|p1a: Latias\n|-damage|p1a: Latias|54\/100 brn\n|move|p1a: Latias|Psycho Shift|p2a: Polteageist\n|-status|p2a: Polteageist|brn\n|-curestatus|p1a: Latias|brn|[msg]\n|\n|-damage|p2a: Polteageist|0 fnt|[from] brn\n|faint|p2a: Polteageist\n|\n|win|Avinobellissimo\n|upkeep\n|raw|Avinobellissimo's rating: 1510 &rarr; <strong>1531<\/strong><br \/>(+21 for winning)\n|raw|jujibalaoshi001's rating: 1523 &rarr; <strong>1502<\/strong><br \/>(-21 for losing)\n|l|\u2606Avinobellissimo\n","uploadtime":1700383488,"views":6,"p1id":"avinobellissimo","p2id":"jujibalaoshi001","formatid":"gen9nationaldex","rating":1502,"private":0,"password":""}