{"id":"gen9nationaldex-1998720616","p1":"Compton crackhouse","p2":"SoulEdge1217","format":"[Gen 9] National Dex","log":"|html|<div class=\"broadcast-blue\"><strong>[Gen 9] National Dex is currently suspecting Sneasler! For information on how to participate check out the <a href=\"https:\/\/www.smogon.com\/forums\/threads\/sv-national-dex-suspect-8-just-dance.3731534\/\">suspect thread<\/a>.<\/strong><\/div>\n|j|\u2606Compton crackhouse\n|j|\u2606SoulEdge1217\n|t:|1700977643\n|gametype|singles\n|player|p1|Compton crackhouse|marshal|1136\n|player|p2|SoulEdge1217|roxie|1000\n|teamsize|p1|6\n|teamsize|p2|6\n|gen|9\n|tier|[Gen 9] National Dex\n|rated|\n|rule|HP Percentage Mod: HP is shown in percentages\n|rule|Endless Battle Clause: Forcing endless battles is banned\n|rule|OHKO Clause: OHKO moves are banned\n|rule|Evasion Clause: Evasion abilities, items, and moves are banned\n|rule|Evasion Abilities Clause: Evasion abilities are banned\n|rule|Evasion Items Clause: Evasion items are banned\n|rule|Evasion Moves Clause: Evasion moves are banned\n|rule|Species Clause: Limit one of each Pok\u00e9mon\n|rule|Sleep Clause Mod: Limit one foe put to sleep\n|clearpoke\n|poke|p1|Mimikyu, M|\n|poke|p1|Banette, F|\n|poke|p1|Blacephalon|\n|poke|p1|Jellicent, M|\n|poke|p1|Golurk|\n|poke|p1|Brambleghast, M|\n|poke|p2|Pidgeot, M|\n|poke|p2|Staraptor, M|\n|poke|p2|Toucannon, F|\n|poke|p2|Noctowl, F|\n|poke|p2|Swellow, M|\n|poke|p2|Chatot, M|\n|teampreview\n|\n|t:|1700977656\n|start\n|switch|p1a: Golurk|Golurk|100\/100\n|switch|p2a: Chatot|Chatot, M|100\/100\n|turn|1\n|\n|t:|1700977664\n|move|p2a: Chatot|Tailwind|p2a: Chatot\n|-sidestart|p2: SoulEdge1217|move: Tailwind\n|move|p1a: Golurk|Power-Up Punch|p2a: Chatot\n|-damage|p2a: Chatot|61\/100\n|-boost|p1a: Golurk|atk|1\n|\n|upkeep\n|turn|2\n|c|\u2606Compton crackhouse|Regional birds\u2026\n|c|\u2606SoulEdge1217|I was dared to do this\n|c|\u2606Compton crackhouse|and chatot?\n|\n|t:|1700977707\n|move|p2a: Chatot|Heat Wave|p1a: Golurk\n|-damage|p1a: Golurk|81\/100\n|move|p1a: Golurk|Power-Up Punch|p2a: Chatot\n|-damage|p2a: Chatot|3\/100\n|-boost|p1a: Golurk|atk|1\n|\n|upkeep\n|turn|3\n|c|\u2606SoulEdge1217|correct\n|\n|t:|1700977717\n|move|p2a: Chatot|Heat Wave|p1a: Golurk\n|-damage|p1a: Golurk|62\/100\n|move|p1a: Golurk|Power-Up Punch|p2a: Chatot\n|-damage|p2a: Chatot|0 fnt\n|-boost|p1a: Golurk|atk|1\n|faint|p2a: Chatot\n|\n|upkeep\n|c|\u2606Compton crackhouse|Interesting\n|\n|t:|1700977721\n|switch|p2a: Toucannon|Toucannon, F, shiny|100\/100\n|turn|4\n|c|\u2606Compton crackhouse|Love chatot tho\n|c|\u2606SoulEdge1217|Pog indeed\n|c|\u2606Compton crackhouse|Second shiny alpha in pla\n|\n|t:|1700977756\n|move|p2a: Toucannon|Bullet Seed|p1a: Golurk\n|-supereffective|p1a: Golurk\n|-damage|p1a: Golurk|37\/100\n|-supereffective|p1a: Golurk\n|-damage|p1a: Golurk|13\/100\n|-supereffective|p1a: Golurk\n|-damage|p1a: Golurk|0 fnt\n|faint|p1a: Golurk\n|-hitcount|p1: Golurk|3\n|-damage|p2a: Toucannon|91\/100|[from] item: Life Orb\n|\n|-sideend|p2: SoulEdge1217|move: Tailwind\n|upkeep\n|\n|t:|1700977766\n|switch|p1a: Blacephalon|Blacephalon|100\/100\n|turn|5\n|\n|t:|1700977775\n|switch|p2a: Noctowl|Noctowl, F|100\/100\n|-terastallize|p1a: Blacephalon|Fire\n|move|p1a: Blacephalon|Flamethrower|p2a: Noctowl\n|-damage|p2a: Noctowl|39\/100\n|\n|upkeep\n|turn|6\n|\n|t:|1700977785\n|move|p1a: Blacephalon|Flamethrower|p2a: Noctowl\n|-damage|p2a: Noctowl|0 fnt\n|faint|p2a: Noctowl\n|-ability|p1a: Blacephalon|Beast Boost|boost\n|-boost|p1a: Blacephalon|spa|1\n|\n|upkeep\n|\n|t:|1700977802\n|switch|p2a: Swellow|Swellow, M|100\/100\n|turn|7\n|\n|t:|1700977809\n|move|p2a: Swellow|Brave Bird|p1a: Blacephalon\n|-damage|p1a: Blacephalon|0 fnt\n|faint|p1a: Blacephalon\n|-damage|p2a: Swellow|69\/100|[from] Recoil\n|\n|-status|p2a: Swellow|brn|[from] item: Flame Orb\n|upkeep\n|\n|t:|1700977818\n|switch|p1a: Banette|Banette, F|100\/100\n|turn|8\n|\n|t:|1700977832\n|detailschange|p1a: Banette|Banette-Mega, F\n|-mega|p1a: Banette|Banette|Banettite\n|move|p1a: Banette|Destiny Bond|p1a: Banette\n|-singlemove|p1a: Banette|Destiny Bond\n|move|p2a: Swellow|Brave Bird|p1a: Banette\n|-damage|p1a: Banette|6\/100\n|-damage|p2a: Swellow|30\/100 brn|[from] Recoil\n|\n|-damage|p2a: Swellow|23\/100 brn|[from] brn\n|upkeep\n|turn|9\n|c|\u2606Compton crackhouse|That birb fast af\n|\n|t:|1700977845\n|move|p2a: Swellow|Pursuit|p1a: Banette\n|-supereffective|p1a: Banette\n|-damage|p1a: Banette|0 fnt\n|faint|p1a: Banette\n|-activate|p1a: Banette|move: Destiny Bond\n|faint|p2a: Swellow\n|\n|upkeep\n|\n|t:|1700977857\n|switch|p2a: Staraptor|Staraptor, M|100\/100\n|switch|p1a: Mimikyu|Mimikyu, M|100\/100\n|turn|10\n|\n|t:|1700977865\n|move|p2a: Staraptor|U-turn|p1a: Mimikyu\n|-activate|p1a: Mimikyu|ability: Disguise\n|-damage|p1a: Mimikyu|100\/100\n|detailschange|p1a: Mimikyu|Mimikyu-Busted, M\n|-damage|p1a: Mimikyu|88\/100|[from] pokemon: Mimikyu-Busted\n|\n|t:|1700977877\n|switch|p2a: Pidgeot|Pidgeot, M, shiny|100\/100|[from] U-turn\n|-zpower|p1a: Mimikyu\n|move|p1a: Mimikyu|Z-Splash|p1a: Mimikyu|[anim]Splash\n|-boost|p1a: Mimikyu|atk|3|[zeffect]\n|-nothing\n|\n|upkeep\n|turn|11\n|\n|t:|1700977887\n|detailschange|p2a: Pidgeot|Pidgeot-Mega, M, shiny\n|-mega|p2a: Pidgeot|Pidgeot|Pidgeotite\n|move|p2a: Pidgeot|Hurricane|p1a: Mimikyu\n|-damage|p1a: Mimikyu|16\/100\n|move|p1a: Mimikyu|Play Rough|p2a: Pidgeot\n|-damage|p2a: Pidgeot|0 fnt\n|faint|p2a: Pidgeot\n|\n|upkeep\n|\n|t:|1700977896\n|switch|p2a: Staraptor|Staraptor, M|100\/100\n|turn|12\n|\n|t:|1700977907\n|move|p2a: Staraptor|Brave Bird|p1a: Mimikyu\n|-damage|p1a: Mimikyu|0 fnt\n|faint|p1a: Mimikyu\n|-damage|p2a: Staraptor|96\/100|[from] Recoil\n|\n|upkeep\n|\n|t:|1700977909\n|switch|p1a: Jellicent|Jellicent, M, shiny|100\/100\n|turn|13\n|\n|t:|1700977916\n|move|p2a: Staraptor|Brave Bird|p1a: Jellicent\n|-crit|p1a: Jellicent\n|-damage|p1a: Jellicent|0 fnt\n|faint|p1a: Jellicent\n|-damage|p2a: Staraptor|54\/100|[from] Recoil\n|\n|upkeep\n|\n|t:|1700977918\n|switch|p1a: Brambleghast|Brambleghast, M|100\/100\n|turn|14\n|c|\u2606SoulEdge1217|GG\n|\n|t:|1700977923\n|move|p2a: Staraptor|Brave Bird|p1a: Brambleghast\n|-supereffective|p1a: Brambleghast\n|-damage|p1a: Brambleghast|0 fnt\n|faint|p1a: Brambleghast\n|-damage|p2a: Staraptor|20\/100|[from] Recoil\n|\n|win|SoulEdge1217\n|raw|Compton crackhouse's rating: 1136 &rarr; <strong>1102<\/strong><br \/>(-34 for losing)\n|raw|SoulEdge1217's rating: 1000 &rarr; <strong>1055<\/strong><br \/>(+55 for winning)\n|c|\u2606Compton crackhouse|GG\n","uploadtime":1700977935,"views":2,"p1id":"comptoncrackhouse","p2id":"souledge1217","formatid":"gen9nationaldex","rating":1055,"private":0,"password":""}