{"id":"gen9nationaldex-1996272640","p1":"akxhdwy","p2":"Regielekiv2","format":"[Gen 9] National Dex","log":"|html|<div class=\"broadcast-blue\"><strong>[Gen 9] National Dex is currently suspecting Sneasler! For information on how to participate check out the <a href=\"https:\/\/www.smogon.com\/forums\/threads\/sv-national-dex-suspect-8-just-dance.3731534\/\">suspect thread<\/a>.<\/strong><\/div>\n|j|\u2606akxhdwy\n|j|\u2606Regielekiv2\n|t:|1700666267\n|gametype|singles\n|player|p1|akxhdwy|265|1721\n|player|p2|Regielekiv2|clair|1633\n|teamsize|p1|6\n|teamsize|p2|6\n|gen|9\n|tier|[Gen 9] National Dex\n|rated|\n|rule|HP Percentage Mod: HP is shown in percentages\n|rule|Endless Battle Clause: Forcing endless battles is banned\n|rule|OHKO Clause: OHKO moves are banned\n|rule|Evasion Clause: Evasion abilities, items, and moves are banned\n|rule|Evasion Abilities Clause: Evasion abilities are banned\n|rule|Evasion Items Clause: Evasion items are banned\n|rule|Evasion Moves Clause: Evasion moves are banned\n|rule|Species Clause: Limit one of each Pok\u00e9mon\n|rule|Sleep Clause Mod: Limit one foe put to sleep\n|clearpoke\n|poke|p1|Tapu Lele|\n|poke|p1|Sneasler, F|\n|poke|p1|Ogerpon-Wellspring, F|\n|poke|p1|Moltres|\n|poke|p1|Scizor, M|\n|poke|p1|Garchomp, M|\n|poke|p2|Ogerpon-Wellspring, F|\n|poke|p2|Iron Valiant|\n|poke|p2|Volcarona, F|\n|poke|p2|Heatran, M|\n|poke|p2|Slowking-Galar, M|\n|poke|p2|Landorus-Therian, M|\n|teampreview\n|inactive|Battle timer is ON: inactive players will automatically lose when time's up. (requested by akxhdwy)\n|\n|t:|1700666286\n|start\n|switch|p1a: Scizor|Scizor, M, shiny|100\/100\n|switch|p2a: Ogerpon|Ogerpon-Wellspring, F|100\/100\n|turn|1\n|\n|t:|1700666300\n|switch|p2a: Volcarona|Volcarona, F|100\/100\n|detailschange|p1a: Scizor|Scizor-Mega, M, shiny\n|-mega|p1a: Scizor|Scizor|Scizorite\n|move|p1a: Scizor|U-turn|p2a: Volcarona\n|-resisted|p2a: Volcarona\n|-damage|p2a: Volcarona|73\/100\n|-status|p1a: Scizor|brn|[from] ability: Flame Body|[of] p2a: Volcarona\n|j| Floppy_Bananas\n|\n|t:|1700666306\n|switch|p1a: Ogerpon|Ogerpon-Wellspring, F|100\/100|[from] U-turn\n|\n|upkeep\n|turn|2\n|\n|t:|1700666312\n|switch|p2a: Ogerpon|Ogerpon-Wellspring, F|100\/100\n|move|p1a: Ogerpon|Ivy Cudgel|p2a: Ogerpon|[anim] Ivy Cudgel Water\n|-immune|p2a: Ogerpon|[from] ability: Water Absorb\n|\n|upkeep\n|turn|3\n|\n|t:|1700666316\n|move|p2a: Ogerpon|Power Whip|p1a: Ogerpon\n|-damage|p1a: Ogerpon|4\/100\n|move|p1a: Ogerpon|Horn Leech|p2a: Ogerpon\n|-damage|p2a: Ogerpon|46\/100\n|-heal|p1a: Ogerpon|31\/100|[from] drain|[of] p2a: Ogerpon\n|\n|upkeep\n|turn|4\n|\n|t:|1700666328\n|switch|p2a: Volcarona|Volcarona, F|73\/100\n|move|p1a: Ogerpon|Horn Leech|p2a: Volcarona\n|-resisted|p2a: Volcarona\n|-damage|p2a: Volcarona|56\/100\n|-heal|p1a: Ogerpon|40\/100|[from] drain|[of] p2a: Volcarona\n|\n|upkeep\n|turn|5\n|\n|t:|1700666339\n|switch|p1a: Garchomp|Garchomp, M, shiny|100\/100\n|move|p2a: Volcarona|Flamethrower|p1a: Garchomp\n|-resisted|p1a: Garchomp\n|-damage|p1a: Garchomp|74\/100\n|-status|p1a: Garchomp|brn\n|\n|-damage|p1a: Garchomp|68\/100 brn|[from] brn\n|upkeep\n|turn|6\n|\n|t:|1700666347\n|-zpower|p1a: Garchomp\n|move|p1a: Garchomp|Devastating Drake|p2a: Volcarona|[zeffect]\n|-damage|p2a: Volcarona|0 fnt\n|faint|p2a: Volcarona\n|\n|-damage|p1a: Garchomp|62\/100 brn|[from] brn\n|upkeep\n|\n|t:|1700666349\n|switch|p2a: Ogerpon|Ogerpon-Wellspring, F|46\/100\n|turn|7\n|\n|t:|1700666356\n|move|p2a: Ogerpon|Play Rough|p1a: Garchomp\n|-supereffective|p1a: Garchomp\n|-damage|p1a: Garchomp|0 fnt\n|-damage|p2a: Ogerpon|34\/100|[from] ability: Rough Skin|[of] p1a: Garchomp\n|faint|p1a: Garchomp\n|\n|upkeep\n|\n|t:|1700666360\n|switch|p1a: Tapu Lele|Tapu Lele|100\/100\n|-fieldstart|move: Psychic Terrain|[from] ability: Psychic Surge|[of] p1a: Tapu Lele\n|turn|8\n|\n|t:|1700666364\n|switch|p2a: Slowking|Slowking-Galar, M|100\/100\n|move|p1a: Tapu Lele|Focus Blast|p2a: Slowking|[miss]\n|-miss|p1a: Tapu Lele|p2a: Slowking\n|\n|upkeep\n|turn|9\n|\n|t:|1700666372\n|switch|p1a: Scizor|Scizor-Mega, M, shiny|100\/100 brn\n|move|p2a: Slowking|Future Sight|p1a: Scizor\n|-start|p2a: Slowking|move: Future Sight\n|\n|-damage|p1a: Scizor|94\/100 brn|[from] brn\n|upkeep\n|turn|10\n|\n|t:|1700666382\n|move|p1a: Scizor|U-turn|p2a: Slowking\n|-damage|p2a: Slowking|83\/100\n|\n|t:|1700666390\n|switch|p1a: Moltres|Moltres|100\/100|[from] U-turn\n|move|p2a: Slowking|Flamethrower|p1a: Moltres\n|-resisted|p1a: Moltres\n|-damage|p1a: Moltres|88\/100\n|\n|upkeep\n|turn|11\n|\n|t:|1700666397\n|move|p1a: Moltres|Hurricane|p2a: Slowking|[miss]\n|-miss|p1a: Moltres|p2a: Slowking\n|move|p2a: Slowking|Scald|p1a: Moltres\n|-supereffective|p1a: Moltres\n|-damage|p1a: Moltres|47\/100\n|\n|-end|p1a: Moltres|move: Future Sight\n|-damage|p1a: Moltres|0 fnt\n|faint|p1a: Moltres\n|upkeep\n|\n|t:|1700666402\n|switch|p1a: Ogerpon|Ogerpon-Wellspring, F|40\/100\n|turn|12\n|j| i-TigEr4\n|\n|t:|1700666408\n|move|p1a: Ogerpon|Horn Leech|p2a: Slowking\n|-resisted|p2a: Slowking\n|-damage|p2a: Slowking|61\/100\n|-heal|p1a: Ogerpon|54\/100|[from] drain|[of] p2a: Slowking\n|move|p2a: Slowking|Sludge Bomb|p1a: Ogerpon\n|-supereffective|p1a: Ogerpon\n|-damage|p1a: Ogerpon|0 fnt\n|faint|p1a: Ogerpon\n|\n|-fieldend|move: Psychic Terrain\n|upkeep\n|\n|t:|1700666412\n|switch|p1a: Tapu Lele|Tapu Lele|100\/100\n|-fieldstart|move: Psychic Terrain|[from] ability: Psychic Surge|[of] p1a: Tapu Lele\n|turn|13\n|\n|t:|1700666417\n|switch|p2a: Heatran|Heatran, M|100\/100\n|move|p1a: Tapu Lele|Psychic|p2a: Heatran\n|-resisted|p2a: Heatran\n|-damage|p2a: Heatran|81\/100\n|\n|-heal|p2a: Heatran|87\/100|[from] item: Leftovers\n|upkeep\n|turn|14\n|\n|t:|1700666420\n|switch|p1a: Scizor|Scizor-Mega, M, shiny|94\/100 brn\n|move|p2a: Heatran|Magma Storm|p1a: Scizor\n|-supereffective|p1a: Scizor\n|-damage|p1a: Scizor|0 fnt\n|faint|p1a: Scizor\n|\n|-heal|p2a: Heatran|94\/100|[from] item: Leftovers\n|upkeep\n|\n|t:|1700666423\n|switch|p1a: Sneasler|Sneasler, F|100\/100\n|-enditem|p1a: Sneasler|Psychic Seed\n|-boost|p1a: Sneasler|spd|1|[from] item: Psychic Seed\n|turn|15\n|\n|t:|1700666426\n|-terastallize|p1a: Sneasler|Flying\n|move|p1a: Sneasler|Swords Dance|p1a: Sneasler\n|-boost|p1a: Sneasler|atk|2\n|move|p2a: Heatran|Magma Storm|p1a: Sneasler\n|-damage|p1a: Sneasler|60\/100\n|-activate|p1a: Sneasler|move: Magma Storm|[of] p2a: Heatran\n|\n|-heal|p2a: Heatran|99\/100|[from] item: Leftovers\n|-damage|p1a: Sneasler|48\/100|[from] move: Magma Storm|[partiallytrapped]\n|upkeep\n|turn|16\n|\n|t:|1700666430\n|switch|p2a: Landorus|Landorus-Therian, M|100\/100\n|-ability|p2a: Landorus|Intimidate|boost\n|-unboost|p1a: Sneasler|atk|1\n|move|p1a: Sneasler|Close Combat|p2a: Landorus\n|-resisted|p2a: Landorus\n|-damage|p2a: Landorus|66\/100\n|-unboost|p1a: Sneasler|def|1\n|-unboost|p1a: Sneasler|spd|1\n|-damage|p1a: Sneasler|31\/100|[from] item: Rocky Helmet|[of] p2a: Landorus\n|\n|-end|p1a: Sneasler|Magma Storm|[partiallytrapped]|[silent]\n|upkeep\n|turn|17\n|\n|t:|1700666434\n|move|p1a: Sneasler|Dire Claw|p2a: Landorus\n|-resisted|p2a: Landorus\n|-damage|p2a: Landorus|42\/100\n|-damage|p1a: Sneasler|15\/100|[from] item: Rocky Helmet|[of] p2a: Landorus\n|move|p2a: Landorus|U-turn|p1a: Sneasler\n|-resisted|p1a: Sneasler\n|-damage|p1a: Sneasler|0 fnt\n|faint|p1a: Sneasler\n|\n|t:|1700666441\n|switch|p2a: Slowking|Slowking-Galar, M|94\/100|[from] U-turn\n|\n|-fieldend|move: Psychic Terrain\n|upkeep\n|-message|akxhdwy forfeited.\n|\n|win|Regielekiv2\n|raw|akxhdwy's rating: 1721 &rarr; <strong>1696<\/strong><br \/>(-25 for losing)\n|raw|Regielekiv2's rating: 1633 &rarr; <strong>1658<\/strong><br \/>(+25 for winning)\n|l|\u2606akxhdwy\n","uploadtime":1700666449,"views":2,"p1id":"akxhdwy","p2id":"regielekiv2","formatid":"gen9nationaldex","rating":1658,"private":0,"password":""}