{"id":"gen9nationaldex-1990918060","p1":"FlyingSudowoodo","p2":"opop777","format":"[Gen 9] National Dex","log":"|j|\u2606FlyingSudowoodo\n|j|\u2606opop777\n|t:|1700014993\n|gametype|singles\n|player|p1|FlyingSudowoodo|cheren|1471\n|player|p2|opop777|alec-anime|1418\n|teamsize|p1|6\n|teamsize|p2|6\n|gen|9\n|tier|[Gen 9] National Dex\n|rated|\n|rule|HP Percentage Mod: HP is shown in percentages\n|rule|Endless Battle Clause: Forcing endless battles is banned\n|rule|OHKO Clause: OHKO moves are banned\n|rule|Evasion Clause: Evasion abilities, items, and moves are banned\n|rule|Evasion Abilities Clause: Evasion abilities are banned\n|rule|Evasion Items Clause: Evasion items are banned\n|rule|Evasion Moves Clause: Evasion moves are banned\n|rule|Species Clause: Limit one of each Pok\u00e9mon\n|rule|Sleep Clause Mod: Limit one foe put to sleep\n|clearpoke\n|poke|p1|Pelipper, M|\n|poke|p1|Corviknight, M|\n|poke|p1|Gliscor, M|\n|poke|p1|Talonflame, M|\n|poke|p1|Zapdos|\n|poke|p1|Enamorus, F|\n|poke|p2|Slurpuff, M|\n|poke|p2|Charizard, F|\n|poke|p2|Great Tusk|\n|poke|p2|Rillaboom, M|\n|poke|p2|Dragonite, F|\n|poke|p2|Sneasler, F|\n|teampreview\n|inactive|Battle timer is ON: inactive players will automatically lose when time's up. (requested by opop777)\n|\n|t:|1700015002\n|start\n|switch|p1a: Corviknight|Corviknight, M, shiny|100\/100\n|switch|p2a: Slurpuff|Slurpuff, M|100\/100\n|turn|1\n|\n|t:|1700015008\n|move|p2a: Slurpuff|Sticky Web|p1a: Corviknight\n|-sidestart|p1: FlyingSudowoodo|move: Sticky Web\n|move|p1a: Corviknight|Heavy Slam|p2a: Slurpuff\n|-supereffective|p2a: Slurpuff\n|-damage|p2a: Slurpuff|8\/100\n|-enditem|p2a: Slurpuff|Sitrus Berry|[eat]\n|-heal|p2a: Slurpuff|33\/100|[from] item: Sitrus Berry\n|\n|upkeep\n|turn|2\n|\n|t:|1700015016\n|switch|p2a: Charizard|Charizard, F|100\/100\n|move|p1a: Corviknight|U-turn|p2a: Charizard\n|-resisted|p2a: Charizard\n|-damage|p2a: Charizard|95\/100\n|\n|t:|1700015033\n|switch|p1a: Gliscor|Gliscor, M, shiny|100\/100|[from] U-turn\n|\n|-status|p1a: Gliscor|tox|[from] item: Toxic Orb\n|upkeep\n|turn|3\n|\n|t:|1700015048\n|switch|p2a: Slurpuff|Slurpuff, M|33\/100\n|move|p1a: Gliscor|Stealth Rock|p2a: Slurpuff\n|-sidestart|p2: opop777|move: Stealth Rock\n|\n|upkeep\n|turn|4\n|\n|t:|1700015056\n|move|p2a: Slurpuff|Return|p1a: Gliscor\n|-damage|p1a: Gliscor|80\/100 tox\n|move|p1a: Gliscor|Taunt|p2a: Slurpuff\n|-start|p2a: Slurpuff|move: Taunt\n|\n|-heal|p1a: Gliscor|92\/100 tox|[from] ability: Poison Heal\n|upkeep\n|turn|5\n|\n|t:|1700015066\n|move|p2a: Slurpuff|Return|p1a: Gliscor\n|-damage|p1a: Gliscor|70\/100 tox\n|move|p1a: Gliscor|Earthquake|p2a: Slurpuff\n|-damage|p2a: Slurpuff|0 fnt\n|faint|p2a: Slurpuff\n|\n|-heal|p1a: Gliscor|82\/100 tox|[from] ability: Poison Heal\n|upkeep\n|\n|t:|1700015080\n|switch|p2a: Dragonite|Dragonite, F|100\/100\n|-damage|p2a: Dragonite|76\/100|[from] Stealth Rock\n|turn|6\n|\n|t:|1700015086\n|switch|p1a: Enamorus|Enamorus, F|100\/100\n|move|p2a: Dragonite|Ice Beam|p1a: Enamorus\n|-supereffective|p1a: Enamorus\n|-damage|p1a: Enamorus|0 fnt\n|faint|p1a: Enamorus\n|\n|upkeep\n|\n|t:|1700015093\n|switch|p1a: Pelipper|Pelipper, M|100\/100\n|-weather|RainDance|[from] ability: Drizzle|[of] p1a: Pelipper\n|turn|7\n|\n|t:|1700015103\n|switch|p2a: Rillaboom|Rillaboom, M|100\/100\n|-damage|p2a: Rillaboom|88\/100|[from] Stealth Rock\n|-fieldstart|move: Grassy Terrain|[from] ability: Grassy Surge|[of] p2a: Rillaboom\n|move|p1a: Pelipper|Scald|p2a: Rillaboom\n|-resisted|p2a: Rillaboom\n|-damage|p2a: Rillaboom|64\/100\n|\n|-weather|RainDance|[upkeep]\n|-heal|p2a: Rillaboom|70\/100|[from] Grassy Terrain\n|upkeep\n|turn|8\n|\n|t:|1700015116\n|switch|p2a: Dragonite|Dragonite, F|76\/100\n|-damage|p2a: Dragonite|51\/100|[from] Stealth Rock\n|switch|p1a: Corviknight|Corviknight, M, shiny|100\/100\n|\n|-weather|RainDance|[upkeep]\n|upkeep\n|turn|9\n|\n|t:|1700015127\n|switch|p1a: Gliscor|Gliscor, M, shiny|82\/100 tox\n|move|p2a: Dragonite|Fire Blast|p1a: Gliscor\n|-damage|p1a: Gliscor|61\/100 tox\n|\n|-weather|RainDance|[upkeep]\n|-heal|p1a: Gliscor|74\/100 tox|[from] ability: Poison Heal\n|upkeep\n|turn|10\n|\n|t:|1700015142\n|switch|p2a: Sneasler|Sneasler, F|100\/100\n|-damage|p2a: Sneasler|95\/100|[from] Stealth Rock\n|-enditem|p2a: Sneasler|Grassy Seed\n|-boost|p2a: Sneasler|def|1|[from] item: Grassy Seed\n|switch|p1a: Zapdos|Zapdos|100\/100\n|\n|-weather|RainDance|[upkeep]\n|-heal|p2a: Sneasler|100\/100|[from] Grassy Terrain\n|upkeep\n|turn|11\n|\n|t:|1700015153\n|move|p2a: Sneasler|Dire Claw|p1a: Zapdos\n|-damage|p1a: Zapdos|50\/100\n|move|p1a: Zapdos|Hurricane|p2a: Sneasler\n|-supereffective|p2a: Sneasler\n|-damage|p2a: Sneasler|0 fnt\n|faint|p2a: Sneasler\n|\n|-weather|RainDance|[upkeep]\n|-fieldend|move: Grassy Terrain\n|upkeep\n|\n|t:|1700015164\n|switch|p2a: Charizard|Charizard, F|95\/100\n|-damage|p2a: Charizard|46\/100|[from] Stealth Rock\n|turn|12\n|\n|t:|1700015174\n|switch|p1a: Gliscor|Gliscor, M, shiny|74\/100 tox\n|move|p2a: Charizard|Roost|p2a: Charizard\n|-heal|p2a: Charizard|96\/100\n|-singleturn|p2a: Charizard|move: Roost\n|\n|-weather|RainDance|[upkeep]\n|-heal|p1a: Gliscor|86\/100 tox|[from] ability: Poison Heal\n|upkeep\n|turn|13\n|\n|t:|1700015187\n|detailschange|p2a: Charizard|Charizard-Mega-Y, F\n|-mega|p2a: Charizard|Charizard|Charizardite Y\n|-weather|SunnyDay|[from] ability: Drought|[of] p2a: Charizard\n|move|p2a: Charizard|Weather Ball|p1a: Gliscor\n|-damage|p1a: Gliscor|15\/100 tox\n|move|p1a: Gliscor|Earthquake|p2a: Charizard\n|-immune|p2a: Charizard\n|\n|-weather|SunnyDay|[upkeep]\n|-heal|p1a: Gliscor|27\/100 tox|[from] ability: Poison Heal\n|upkeep\n|turn|14\n|\n|t:|1700015205\n|switch|p2a: Rillaboom|Rillaboom, M|70\/100\n|-damage|p2a: Rillaboom|58\/100|[from] Stealth Rock\n|-fieldstart|move: Grassy Terrain|[from] ability: Grassy Surge|[of] p2a: Rillaboom\n|move|p1a: Gliscor|Roost|p1a: Gliscor\n|-heal|p1a: Gliscor|77\/100 tox\n|-singleturn|p1a: Gliscor|move: Roost\n|\n|-weather|SunnyDay|[upkeep]\n|-heal|p2a: Rillaboom|64\/100|[from] Grassy Terrain\n|-heal|p1a: Gliscor|83\/100 tox|[from] Grassy Terrain\n|-heal|p1a: Gliscor|95\/100 tox|[from] ability: Poison Heal\n|upkeep\n|turn|15\n|\n|t:|1700015219\n|switch|p2a: Charizard|Charizard-Mega-Y, F|96\/100\n|-damage|p2a: Charizard|46\/100|[from] Stealth Rock\n|switch|p1a: Corviknight|Corviknight, M, shiny|100\/100\n|\n|-weather|SunnyDay|[upkeep]\n|upkeep\n|turn|16\n|\n|t:|1700015228\n|switch|p1a: Pelipper|Pelipper, M|100\/100\n|-weather|RainDance|[from] ability: Drizzle|[of] p1a: Pelipper\n|move|p2a: Charizard|Roost|p2a: Charizard\n|-heal|p2a: Charizard|96\/100\n|-singleturn|p2a: Charizard|move: Roost\n|\n|-weather|RainDance|[upkeep]\n|-heal|p2a: Charizard|100\/100|[from] Grassy Terrain\n|upkeep\n|turn|17\n|\n|t:|1700015237\n|switch|p2a: Dragonite|Dragonite, F|51\/100\n|-damage|p2a: Dragonite|26\/100|[from] Stealth Rock\n|move|p1a: Pelipper|Hurricane|p2a: Dragonite\n|-damage|p2a: Dragonite|0 fnt\n|faint|p2a: Dragonite\n|\n|-weather|RainDance|[upkeep]\n|upkeep\n|\n|t:|1700015243\n|switch|p2a: Charizard|Charizard-Mega-Y, F|100\/100\n|-damage|p2a: Charizard|51\/100|[from] Stealth Rock\n|-weather|SunnyDay|[from] ability: Drought|[of] p2a: Charizard\n|turn|18\n|\n|t:|1700015253\n|switch|p1a: Gliscor|Gliscor, M, shiny|95\/100 tox\n|move|p2a: Charizard|Weather Ball|p1a: Gliscor\n|-damage|p1a: Gliscor|23\/100 tox\n|\n|-weather|SunnyDay|[upkeep]\n|-heal|p1a: Gliscor|36\/100 tox|[from] ability: Poison Heal\n|-fieldend|move: Grassy Terrain\n|upkeep\n|turn|19\n|\n|t:|1700015264\n|switch|p1a: Pelipper|Pelipper, M|100\/100\n|-weather|RainDance|[from] ability: Drizzle|[of] p1a: Pelipper\n|move|p2a: Charizard|Weather Ball|p1a: Pelipper\n|-resisted|p1a: Pelipper\n|-damage|p1a: Pelipper|60\/100\n|\n|-weather|RainDance|[upkeep]\n|upkeep\n|turn|20\n|\n|t:|1700015273\n|move|p2a: Charizard|Weather Ball|p1a: Pelipper\n|-resisted|p1a: Pelipper\n|-damage|p1a: Pelipper|20\/100\n|move|p1a: Pelipper|Hurricane|p2a: Charizard\n|-damage|p2a: Charizard|15\/100\n|-start|p2a: Charizard|confusion\n|\n|-weather|RainDance|[upkeep]\n|upkeep\n|turn|21\n|\n|t:|1700015285\n|-activate|p2a: Charizard|confusion\n|move|p2a: Charizard|Weather Ball|p1a: Pelipper\n|-resisted|p1a: Pelipper\n|-damage|p1a: Pelipper|0 fnt\n|faint|p1a: Pelipper\n|\n|-weather|RainDance|[upkeep]\n|upkeep\n|\n|t:|1700015292\n|switch|p1a: Talonflame|Talonflame, M, shiny|100\/100\n|turn|22\n|\n|t:|1700015297\n|move|p1a: Talonflame|Hurricane|p2a: Charizard\n|-damage|p2a: Charizard|0 fnt\n|faint|p2a: Charizard\n|\n|-weather|RainDance|[upkeep]\n|upkeep\n|\n|t:|1700015300\n|switch|p2a: Great Tusk|Great Tusk|100\/100\n|-damage|p2a: Great Tusk|98\/100|[from] Stealth Rock\n|turn|23\n|\n|t:|1700015306\n|-terastallize|p1a: Talonflame|Flying\n|move|p1a: Talonflame|Hurricane|p2a: Great Tusk\n|-supereffective|p2a: Great Tusk\n|-damage|p2a: Great Tusk|0 fnt\n|faint|p2a: Great Tusk\n|-end|p2a: Great Tusk|Protosynthesis|[silent]\n|\n|-weather|RainDance|[upkeep]\n|upkeep\n|-message|opop777 forfeited.\n|\n|win|FlyingSudowoodo\n|raw|FlyingSudowoodo's rating: 1471 &rarr; <strong>1488<\/strong><br \/>(+17 for winning)\n|raw|opop777's rating: 1418 &rarr; <strong>1401<\/strong><br \/>(-17 for losing)\n|l|\u2606opop777\n","uploadtime":1700015318,"views":4,"p1id":"flyingsudowoodo","p2id":"opop777","formatid":"gen9nationaldex","rating":1401,"private":0,"password":""}