{"id":"gen9nationaldex-1993053079","p1":"KnxVzs","p2":"HighSchoolHeroine","format":"[Gen 9] National Dex","log":"|j|\u2606KnxVzs\n|j|\u2606HighSchoolHeroine\n|t:|1700259545\n|gametype|singles\n|player|p1|KnxVzs|shadowtriad|1099\n|player|p2|HighSchoolHeroine|caitlin|1174\n|teamsize|p1|6\n|teamsize|p2|6\n|gen|9\n|tier|[Gen 9] National Dex\n|rated|\n|rule|HP Percentage Mod: HP is shown in percentages\n|rule|Endless Battle Clause: Forcing endless battles is banned\n|rule|OHKO Clause: OHKO moves are banned\n|rule|Evasion Clause: Evasion abilities, items, and moves are banned\n|rule|Evasion Abilities Clause: Evasion abilities are banned\n|rule|Evasion Items Clause: Evasion items are banned\n|rule|Evasion Moves Clause: Evasion moves are banned\n|rule|Species Clause: Limit one of each Pok\u00e9mon\n|rule|Sleep Clause Mod: Limit one foe put to sleep\n|clearpoke\n|poke|p1|Gardevoir, F|\n|poke|p1|Snorlax, F|\n|poke|p1|Chandelure, M|\n|poke|p1|Meowscarada, F|\n|poke|p1|Swampert, M|\n|poke|p1|Magnezone|\n|poke|p2|Blacephalon|\n|poke|p2|Tapu Lele|\n|poke|p2|Ribombee, F|\n|poke|p2|Great Tusk|\n|poke|p2|Beedrill, F|\n|poke|p2|Porygon-Z|\n|teampreview\n|\n|t:|1700259555\n|start\n|switch|p1a: Magnezone|Magnezone|100\/100\n|switch|p2a: i love ribee!!!|Ribombee, F, shiny|100\/100\n|turn|1\n|\n|t:|1700259564\n|move|p2a: i love ribee!!!|Sticky Web|p1a: Magnezone\n|-sidestart|p1: KnxVzs|move: Sticky Web\n|move|p1a: Magnezone|Flash Cannon|p2a: i love ribee!!!\n|-supereffective|p2a: i love ribee!!!\n|-enditem|p2a: i love ribee!!!|Focus Sash\n|-damage|p2a: i love ribee!!!|1\/100\n|-unboost|p2a: i love ribee!!!|spd|1\n|\n|upkeep\n|turn|2\n|\n|t:|1700259572\n|move|p2a: i love ribee!!!|Pollen Puff|p1a: Magnezone\n|-resisted|p1a: Magnezone\n|-damage|p1a: Magnezone|79\/100\n|move|p1a: Magnezone|Flash Cannon|p2a: i love ribee!!!\n|-supereffective|p2a: i love ribee!!!\n|-damage|p2a: i love ribee!!!|0 fnt\n|faint|p2a: i love ribee!!!\n|\n|upkeep\n|\n|t:|1700259585\n|switch|p2a: big man|Great Tusk|100\/100\n|turn|3\n|\n|t:|1700259594\n|switch|p1a: Gardevoir|Gardevoir, F, shiny|100\/100\n|-activate|p1a: Gardevoir|move: Sticky Web\n|-unboost|p1a: Gardevoir|spe|1\n|move|p2a: big man|Headlong Rush|p1a: Gardevoir\n|-damage|p1a: Gardevoir|0 fnt\n|-unboost|p2a: big man|def|1\n|-unboost|p2a: big man|spd|1\n|faint|p1a: Gardevoir\n|\n|upkeep\n|\n|t:|1700259604\n|switch|p1a: Swampert|Swampert, M|100\/100\n|-activate|p1a: Swampert|move: Sticky Web\n|-unboost|p1a: Swampert|spe|1\n|turn|4\n|\n|t:|1700259613\n|detailschange|p1a: Swampert|Swampert-Mega, M\n|-mega|p1a: Swampert|Swampert|Swampertite\n|move|p2a: big man|Ice Spinner|p1a: Swampert\n|-damage|p1a: Swampert|77\/100\n|move|p1a: Swampert|Superpower|p2a: big man\n|-damage|p2a: big man|41\/100\n|-unboost|p1a: Swampert|atk|1\n|-unboost|p1a: Swampert|def|1\n|\n|upkeep\n|turn|5\n|\n|t:|1700259623\n|move|p2a: big man|Close Combat|p1a: Swampert\n|-damage|p1a: Swampert|0 fnt\n|-unboost|p2a: big man|def|1\n|-unboost|p2a: big man|spd|1\n|faint|p1a: Swampert\n|\n|upkeep\n|\n|t:|1700259631\n|switch|p1a: Snorlax|Snorlax, F|100\/100\n|-activate|p1a: Snorlax|move: Sticky Web\n|-unboost|p1a: Snorlax|spe|1\n|turn|6\n|\n|t:|1700259636\n|move|p2a: big man|Close Combat|p1a: Snorlax\n|-supereffective|p1a: Snorlax\n|-damage|p1a: Snorlax|0 fnt\n|-unboost|p2a: big man|def|1\n|-unboost|p2a: big man|spd|1\n|faint|p1a: Snorlax\n|\n|upkeep\n|-message|KnxVzs forfeited.\n|\n|win|HighSchoolHeroine\n|raw|KnxVzs's rating: 1099 &rarr; <strong>1079<\/strong><br \/>(-20 for losing)\n|raw|HighSchoolHeroine's rating: 1174 &rarr; <strong>1194<\/strong><br \/>(+20 for winning)\n|l|\u2606KnxVzs\n","uploadtime":1700259644,"views":8,"p1id":"knxvzs","p2id":"highschoolheroine","formatid":"gen9nationaldex","rating":1079,"private":0,"password":""}