{"id":"gen9nationaldex-1988838734","p1":"dadi02","p2":"chengbei111","format":"[Gen 9] National Dex","log":"|j|\u2606dadi02\n|j|\u2606chengbei111\n|t:|1699771188\n|gametype|singles\n|player|p1|dadi02|guitarist|1273\n|player|p2|chengbei111|dawn|1378\n|teamsize|p1|6\n|teamsize|p2|6\n|gen|9\n|tier|[Gen 9] National Dex\n|rated|\n|rule|HP Percentage Mod: HP is shown in percentages\n|rule|Endless Battle Clause: Forcing endless battles is banned\n|rule|OHKO Clause: OHKO moves are banned\n|rule|Evasion Clause: Evasion abilities, items, and moves are banned\n|rule|Evasion Abilities Clause: Evasion abilities are banned\n|rule|Evasion Items Clause: Evasion items are banned\n|rule|Evasion Moves Clause: Evasion moves are banned\n|rule|Species Clause: Limit one of each Pok\u00e9mon\n|rule|Sleep Clause Mod: Limit one foe put to sleep\n|clearpoke\n|poke|p1|Golisopod, M|\n|poke|p1|Hoopa-Unbound|\n|poke|p1|Zapdos|\n|poke|p1|Landorus-Therian, M|\n|poke|p1|Heatran, M|\n|poke|p1|Scizor, F|\n|poke|p2|Camerupt, F|\n|poke|p2|Slowbro, M|\n|poke|p2|Celesteela|\n|poke|p2|Tapu Koko|\n|poke|p2|Accelgor, M|\n|poke|p2|Iron Valiant|\n|teampreview\n|l|\u2606chengbei111\n|player|p2|\n|inactive|Battle timer is ON: inactive players will automatically lose when time's up. (requested by dadi02)\n|j|\u2606chengbei111\n|inactive|chengbei111 reconnected and has 145 seconds left.\n|player|p2|chengbei111|dawn\n|\n|t:|1699771215\n|start\n|switch|p1a: Scizor|Scizor, F|100\/100\n|switch|p2a: Accelgor|Accelgor, M, shiny|100\/100\n|turn|1\n|inactive|dadi02 has 120 seconds left.\n|inactive|dadi02 has 90 seconds left.\n|inactive|dadi02 has 60 seconds left.\n|\n|t:|1699771325\n|detailschange|p1a: Scizor|Scizor-Mega, F\n|-mega|p1a: Scizor|Scizor|Scizorite\n|move|p2a: Accelgor|Toxic Spikes|p1a: Scizor\n|-sidestart|p1: dadi02|move: Toxic Spikes\n|move|p1a: Scizor|U-turn|p2a: Accelgor\n|-damage|p2a: Accelgor|2\/100\n|\n|t:|1699771332\n|switch|p1a: Zapdos|Zapdos|100\/100|[from] U-turn\n|\n|upkeep\n|turn|2\n|\n|t:|1699771339\n|switch|p2a: Camerupt|Camerupt, F|100\/100\n|move|p1a: Zapdos|Hidden Power|p2a: Camerupt\n|-crit|p2a: Camerupt\n|-damage|p2a: Camerupt|69\/100\n|\n|upkeep\n|turn|3\n|\n|t:|1699771347\n|detailschange|p2a: Camerupt|Camerupt-Mega, F\n|-mega|p2a: Camerupt|Camerupt|Cameruptite\n|move|p1a: Zapdos|Defog|p2a: Camerupt\n|-unboost|p2a: Camerupt|evasion|1\n|-sideend|p1: dadi02|Toxic Spikes|[from] move: Defog|[of] p1a: Zapdos\n|move|p2a: Camerupt|Fire Blast|p1a: Zapdos\n|-damage|p1a: Zapdos|16\/100\n|\n|upkeep\n|turn|4\n|inactive|dadi02 has 60 seconds left.\n|\n|t:|1699771355\n|move|p1a: Zapdos|Volt Switch|p2a: Camerupt\n|-immune|p2a: Camerupt\n|move|p2a: Camerupt|Earth Power|p1a: Zapdos\n|-immune|p1a: Zapdos\n|\n|upkeep\n|turn|5\n|inactive|dadi02 has 60 seconds left.\n|\n|t:|1699771379\n|move|p1a: Zapdos|Roost|p1a: Zapdos\n|-heal|p1a: Zapdos|66\/100\n|-singleturn|p1a: Zapdos|move: Roost\n|move|p2a: Camerupt|Earth Power|p1a: Zapdos\n|-supereffective|p1a: Zapdos\n|-damage|p1a: Zapdos|0 fnt\n|faint|p1a: Zapdos\n|\n|upkeep\n|\n|t:|1699771390\n|switch|p1a: Hoopa|Hoopa-Unbound|100\/100\n|turn|6\n|\n|t:|1699771398\n|switch|p2a: Accelgor|Accelgor, M, shiny|2\/100\n|-terastallize|p1a: Hoopa|Dark\n|move|p1a: Hoopa|Hyperspace Fury|p2a: Accelgor\n|-damage|p2a: Accelgor|0 fnt\n|-unboost|p1a: Hoopa|def|1\n|faint|p2a: Accelgor\n|\n|upkeep\n|\n|t:|1699771404\n|switch|p2a: Iron Valiant|Iron Valiant, shiny|100\/100\n|turn|7\n|inactive|dadi02 has 60 seconds left.\n|\n|t:|1699771417\n|switch|p1a: Landorus|Landorus-Therian, M, shiny|100\/100\n|-ability|p1a: Landorus|Intimidate|boost\n|-unboost|p2a: Iron Valiant|atk|1\n|move|p2a: Iron Valiant|Substitute|p2a: Iron Valiant\n|-start|p2a: Iron Valiant|Substitute\n|-damage|p2a: Iron Valiant|76\/100\n|\n|upkeep\n|turn|8\n|\n|t:|1699771426\n|move|p2a: Iron Valiant|Swords Dance|p2a: Iron Valiant\n|-boost|p2a: Iron Valiant|atk|2\n|move|p1a: Landorus|Earthquake|p2a: Iron Valiant\n|-end|p2a: Iron Valiant|Substitute\n|\n|upkeep\n|turn|9\n|\n|t:|1699771440\n|move|p2a: Iron Valiant|Knock Off|p1a: Landorus\n|-damage|p1a: Landorus|37\/100\n|-enditem|p1a: Landorus|Assault Vest|[from] move: Knock Off|[of] p2a: Iron Valiant\n|-damage|p2a: Iron Valiant|66\/100|[from] item: Life Orb\n|move|p1a: Landorus|U-turn|p2a: Iron Valiant\n|-resisted|p2a: Iron Valiant\n|-damage|p2a: Iron Valiant|58\/100\n|\n|t:|1699771448\n|switch|p1a: Golisopod|Golisopod, M, shiny|100\/100|[from] U-turn\n|\n|upkeep\n|turn|10\n|\n|t:|1699771475\n|move|p1a: Golisopod|First Impression|p2a: Iron Valiant\n|-resisted|p2a: Iron Valiant\n|-damage|p2a: Iron Valiant|40\/100\n|move|p2a: Iron Valiant|Knock Off|p1a: Golisopod\n|-damage|p1a: Golisopod|54\/100\n|-enditem|p1a: Golisopod|Heavy-Duty Boots|[from] move: Knock Off|[of] p2a: Iron Valiant\n|-damage|p2a: Iron Valiant|31\/100|[from] item: Life Orb\n|\n|upkeep\n|turn|11\n|\n|t:|1699771488\n|move|p2a: Iron Valiant|Close Combat|p1a: Golisopod\n|-resisted|p1a: Golisopod\n|-damage|p1a: Golisopod|9\/100\n|-unboost|p2a: Iron Valiant|def|1\n|-unboost|p2a: Iron Valiant|spd|1\n|-activate|p1a: Golisopod|ability: Emergency Exit\n|-damage|p2a: Iron Valiant|21\/100|[from] item: Life Orb\n|\n|t:|1699771503\n|switch|p1a: Scizor|Scizor-Mega, F|100\/100\n|\n|upkeep\n|turn|12\n|\n|t:|1699771509\n|-end|p2a: Iron Valiant|Quark Drive|[silent]\n|switch|p2a: Camerupt|Camerupt-Mega, F|69\/100\n|move|p1a: Scizor|Bullet Punch|p2a: Camerupt\n|-resisted|p2a: Camerupt\n|-damage|p2a: Camerupt|53\/100\n|\n|upkeep\n|turn|13\n|\n|t:|1699771516\n|move|p1a: Scizor|U-turn|p2a: Camerupt\n|-resisted|p2a: Camerupt\n|-damage|p2a: Camerupt|33\/100\n|\n|t:|1699771520\n|switch|p1a: Landorus|Landorus-Therian, M, shiny|37\/100|[from] U-turn\n|-ability|p1a: Landorus|Intimidate|boost\n|-unboost|p2a: Camerupt|atk|1\n|move|p2a: Camerupt|Earth Power|p1a: Landorus\n|-immune|p1a: Landorus\n|\n|upkeep\n|turn|14\n|inactive|dadi02 has 90 seconds left.\n|\n|t:|1699771533\n|switch|p2a: Slowbro|Slowbro, M|100\/100\n|move|p1a: Landorus|Earthquake|p2a: Slowbro\n|-damage|p2a: Slowbro|66\/100\n|\n|upkeep\n|turn|15\n|\n|t:|1699771539\n|move|p1a: Landorus|U-turn|p2a: Slowbro\n|-supereffective|p2a: Slowbro\n|-damage|p2a: Slowbro|33\/100\n|-damage|p1a: Landorus|20\/100|[from] item: Rocky Helmet|[of] p2a: Slowbro\n|\n|t:|1699771543\n|switch|p1a: Scizor|Scizor-Mega, F|100\/100|[from] U-turn\n|move|p2a: Slowbro|Scald|p1a: Scizor\n|-damage|p1a: Scizor|74\/100\n|\n|upkeep\n|turn|16\n|\n|t:|1699771555\n|switch|p2a: Celesteela|Celesteela|100\/100\n|move|p1a: Scizor|U-turn|p2a: Celesteela\n|-resisted|p2a: Celesteela\n|-damage|p2a: Celesteela|94\/100\n|\n|t:|1699771562\n|switch|p1a: Heatran|Heatran, M|100\/100|[from] U-turn\n|\n|-heal|p2a: Celesteela|99\/100|[from] item: Leftovers\n|upkeep\n|turn|17\n|\n|t:|1699771568\n|move|p2a: Celesteela|Protect|p2a: Celesteela\n|-singleturn|p2a: Celesteela|Protect\n|move|p1a: Heatran|Magma Storm|p2a: Celesteela\n|-activate|p2a: Celesteela|move: Protect\n|\n|-heal|p2a: Celesteela|100\/100|[from] item: Leftovers\n|upkeep\n|turn|18\n|\n|t:|1699771576\n|switch|p2a: Slowbro|Slowbro, M|67\/100\n|move|p1a: Heatran|Stealth Rock|p2a: Slowbro\n|-sidestart|p2: chengbei111|move: Stealth Rock\n|\n|upkeep\n|turn|19\n|\n|t:|1699771584\n|move|p1a: Heatran|Toxic|p2a: Slowbro\n|-status|p2a: Slowbro|tox\n|move|p2a: Slowbro|Slack Off|p2a: Slowbro\n|-heal|p2a: Slowbro|100\/100 tox\n|\n|-damage|p2a: Slowbro|94\/100 tox|[from] psn\n|upkeep\n|turn|20\n|\n|t:|1699771591\n|move|p1a: Heatran|Magma Storm|p2a: Slowbro|[miss]\n|-miss|p1a: Heatran|p2a: Slowbro\n|move|p2a: Slowbro|Teleport|p2a: Slowbro\n|\n|t:|1699771593\n|switch|p2a: Iron Valiant|Iron Valiant, shiny|21\/100|[from] Teleport\n|-damage|p2a: Iron Valiant|15\/100|[from] Stealth Rock\n|\n|upkeep\n|turn|21\n|\n|t:|1699771600\n|switch|p1a: Landorus|Landorus-Therian, M, shiny|20\/100\n|-ability|p1a: Landorus|Intimidate|boost\n|-unboost|p2a: Iron Valiant|atk|1\n|move|p2a: Iron Valiant|Close Combat|p1a: Landorus\n|-resisted|p1a: Landorus\n|-damage|p1a: Landorus|0 fnt\n|-unboost|p2a: Iron Valiant|def|1\n|-unboost|p2a: Iron Valiant|spd|1\n|faint|p1a: Landorus\n|-damage|p2a: Iron Valiant|5\/100|[from] item: Life Orb\n|\n|upkeep\n|\n|t:|1699771611\n|switch|p1a: Scizor|Scizor-Mega, F|74\/100\n|turn|22\n|\n|t:|1699771615\n|move|p2a: Iron Valiant|Close Combat|p1a: Scizor\n|-damage|p1a: Scizor|35\/100\n|-unboost|p2a: Iron Valiant|def|1\n|-unboost|p2a: Iron Valiant|spd|1\n|-damage|p2a: Iron Valiant|0 fnt|[from] item: Life Orb\n|faint|p2a: Iron Valiant\n|-end|p2a: Iron Valiant|Quark Drive|[silent]\n|move|p1a: Scizor|U-turn|p2: Iron Valiant|[notarget]\n|-fail|p1a: Scizor\n|\n|upkeep\n|\n|t:|1699771624\n|switch|p2a: Tapu Koko|Tapu Koko|100\/100\n|-damage|p2a: Tapu Koko|88\/100|[from] Stealth Rock\n|-fieldstart|move: Electric Terrain|[from] ability: Electric Surge|[of] p2a: Tapu Koko\n|turn|23\n|\n|t:|1699771636\n|move|p2a: Tapu Koko|Volt Switch|p1a: Scizor\n|-damage|p1a: Scizor|0 fnt\n|faint|p1a: Scizor\n|\n|t:|1699771639\n|switch|p2a: Slowbro|Slowbro, M|100\/100 tox|[from] Volt Switch\n|-damage|p2a: Slowbro|88\/100 tox|[from] Stealth Rock\n|\n|-damage|p2a: Slowbro|82\/100 tox|[from] psn\n|upkeep\n|\n|t:|1699771645\n|switch|p1a: Hoopa|Hoopa-Unbound, tera:Dark|100\/100\n|turn|24\n|\n|t:|1699771652\n|-terastallize|p2a: Slowbro|Fairy\n|move|p1a: Hoopa|Hyperspace Fury|p2a: Slowbro\n|-resisted|p2a: Slowbro\n|-damage|p2a: Slowbro|42\/100 tox\n|-unboost|p1a: Hoopa|def|1\n|move|p2a: Slowbro|Trick Room|p2a: Slowbro\n|-fieldstart|move: Trick Room|[of] p2a: Slowbro\n|\n|-damage|p2a: Slowbro|30\/100 tox|[from] psn\n|upkeep\n|turn|25\n|\n|t:|1699771660\n|move|p2a: Slowbro|Slack Off|p2a: Slowbro\n|-heal|p2a: Slowbro|80\/100 tox\n|move|p1a: Hoopa|Hyperspace Fury|p2a: Slowbro\n|-resisted|p2a: Slowbro\n|-damage|p2a: Slowbro|43\/100 tox\n|-unboost|p1a: Hoopa|def|1\n|\n|-damage|p2a: Slowbro|25\/100 tox|[from] psn\n|upkeep\n|turn|26\n|\n|t:|1699771670\n|switch|p1a: Heatran|Heatran, M|100\/100\n|move|p2a: Slowbro|Slack Off|p2a: Slowbro\n|-heal|p2a: Slowbro|75\/100 tox\n|\n|-damage|p2a: Slowbro|51\/100 tox|[from] psn\n|upkeep\n|turn|27\n|\n|t:|1699771677\n|move|p1a: Heatran|Magma Storm|p2a: Slowbro\n|-damage|p2a: Slowbro|5\/100 tox\n|-activate|p2a: Slowbro|move: Magma Storm|[of] p1a: Heatran\n|move|p2a: Slowbro|Teleport|p2a: Slowbro\n|\n|t:|1699771679\n|switch|p2a: Camerupt|Camerupt-Mega, F|33\/100|[from] Teleport\n|-damage|p2a: Camerupt|21\/100|[from] Stealth Rock\n|\n|-fieldend|move: Electric Terrain\n|upkeep\n|turn|28\n|\n|t:|1699771690\n|switch|p1a: Golisopod|Golisopod, M, shiny|9\/100\n|move|p2a: Camerupt|Earth Power|p1a: Golisopod\n|-resisted|p1a: Golisopod\n|-damage|p1a: Golisopod|0 fnt\n|faint|p1a: Golisopod\n|\n|-fieldend|move: Trick Room\n|upkeep\n|\n|t:|1699771699\n|switch|p1a: Hoopa|Hoopa-Unbound, tera:Dark|100\/100\n|turn|29\n|\n|t:|1699771703\n|switch|p2a: Tapu Koko|Tapu Koko|88\/100\n|-damage|p2a: Tapu Koko|76\/100|[from] Stealth Rock\n|-fieldstart|move: Electric Terrain|[from] ability: Electric Surge|[of] p2a: Tapu Koko\n|move|p1a: Hoopa|Hyperspace Fury|p2a: Tapu Koko\n|-resisted|p2a: Tapu Koko\n|-damage|p2a: Tapu Koko|0 fnt\n|-unboost|p1a: Hoopa|def|1\n|faint|p2a: Tapu Koko\n|\n|upkeep\n|\n|t:|1699771712\n|switch|p2a: Celesteela|Celesteela|100\/100\n|-damage|p2a: Celesteela|88\/100|[from] Stealth Rock\n|turn|30\n|\n|t:|1699771717\n|move|p2a: Celesteela|Protect|p2a: Celesteela\n|-singleturn|p2a: Celesteela|Protect\n|move|p1a: Hoopa|Hyperspace Fury|p2a: Celesteela\n|-activate|p2a: Celesteela|move: Hyperspace Fury|[broken]\n|-damage|p2a: Celesteela|7\/100\n|-unboost|p1a: Hoopa|def|1\n|\n|-heal|p2a: Celesteela|13\/100|[from] item: Leftovers\n|upkeep\n|turn|31\n|-message|chengbei111 forfeited.\n|\n|win|dadi02\n|raw|dadi02's rating: 1300 &rarr; <strong>1331<\/strong><br \/>(+31 for winning)\n|raw|chengbei111's rating: 1378 &rarr; <strong>1354<\/strong><br \/>(-24 for losing)\n|l|\u2606chengbei111\n","uploadtime":1699771873,"views":5,"p1id":"dadi02","p2id":"chengbei111","formatid":"gen9nationaldex","rating":1331,"private":0,"password":""}