{"id":"gen9nationaldex-1996069269","p1":"MilkLadsForever","p2":"SeekerOfKnowledge","format":"[Gen 9] National Dex","log":"|html|<div class=\"broadcast-blue\"><strong>[Gen 9] National Dex is currently suspecting Sneasler! For information on how to participate check out the <a href=\"https:\/\/www.smogon.com\/forums\/threads\/sv-national-dex-suspect-8-just-dance.3731534\/\">suspect thread<\/a>.<\/strong><\/div>\n|j|\u2606MilkLadsForever\n|j|\u2606SeekerOfKnowledge\n|t:|1700638958\n|gametype|singles\n|player|p1|MilkLadsForever|kris-masters|1328\n|player|p2|SeekerOfKnowledge|1|1245\n|teamsize|p1|6\n|teamsize|p2|6\n|gen|9\n|tier|[Gen 9] National Dex\n|rated|\n|rule|HP Percentage Mod: HP is shown in percentages\n|rule|Endless Battle Clause: Forcing endless battles is banned\n|rule|OHKO Clause: OHKO moves are banned\n|rule|Evasion Clause: Evasion abilities, items, and moves are banned\n|rule|Evasion Abilities Clause: Evasion abilities are banned\n|rule|Evasion Items Clause: Evasion items are banned\n|rule|Evasion Moves Clause: Evasion moves are banned\n|rule|Species Clause: Limit one of each Pok\u00e9mon\n|rule|Sleep Clause Mod: Limit one foe put to sleep\n|clearpoke\n|poke|p1|Kyurem|\n|poke|p1|Diancie|\n|poke|p1|Iron Valiant|\n|poke|p1|Corviknight, M|\n|poke|p1|Seismitoad, M|\n|poke|p1|Bisharp, F|\n|poke|p2|Typhlosion, M|\n|poke|p2|Quagsire, M|\n|poke|p2|Hitmontop, M|\n|poke|p2|Skarmory, M|\n|poke|p2|Sudowoodo, M|\n|poke|p2|Espeon, F|\n|teampreview\n|\n|t:|1700638970\n|start\n|switch|p1a: Seismitoad|Seismitoad, M|100\/100\n|switch|p2a: Quagsire|Quagsire, M|100\/100\n|turn|1\n|\n|t:|1700638975\n|move|p1a: Seismitoad|Knock Off|p2a: Quagsire\n|-damage|p2a: Quagsire|84\/100\n|-enditem|p2a: Quagsire|Leftovers|[from] move: Knock Off|[of] p1a: Seismitoad\n|move|p2a: Quagsire|Toxic|p1a: Seismitoad|[miss]\n|-miss|p2a: Quagsire|p1a: Seismitoad\n|\n|upkeep\n|turn|2\n|\n|t:|1700638987\n|switch|p1a: Corviknight|Corviknight, M|100\/100\n|-ability|p1a: Corviknight|Pressure\n|move|p2a: Quagsire|Toxic|p1a: Corviknight\n|-immune|p1a: Corviknight\n|\n|upkeep\n|turn|3\n|\n|t:|1700638993\n|move|p1a: Corviknight|U-turn|p2a: Quagsire\n|-damage|p2a: Quagsire|74\/100\n|\n|t:|1700638997\n|switch|p1a: Kyurem|Kyurem|100\/100|[from] U-turn\n|-ability|p1a: Kyurem|Pressure\n|move|p2a: Quagsire|Scald|p1a: Kyurem\n|-resisted|p1a: Kyurem\n|-damage|p1a: Kyurem|92\/100\n|-status|p1a: Kyurem|brn\n|\n|-damage|p1a: Kyurem|85\/100 brn|[from] brn\n|upkeep\n|turn|4\n|\n|t:|1700639003\n|switch|p2a: Hitmontop|Hitmontop, M|100\/100\n|move|p1a: Kyurem|Freeze-Dry|p2a: Hitmontop\n|-damage|p2a: Hitmontop|64\/100\n|\n|-damage|p1a: Kyurem|79\/100 brn|[from] brn\n|upkeep\n|turn|5\n|\n|t:|1700639010\n|switch|p1a: Iron Valiant|Iron Valiant|100\/100\n|-enditem|p1a: Iron Valiant|Booster Energy\n|-activate|p1a: Iron Valiant|ability: Quark Drive|[fromitem]\n|-start|p1a: Iron Valiant|quarkdrivespe\n|move|p2a: Hitmontop|Rapid Spin|p1a: Iron Valiant\n|-damage|p1a: Iron Valiant|75\/100\n|-boost|p2a: Hitmontop|spe|1\n|\n|upkeep\n|turn|6\n|\n|t:|1700639020\n|move|p1a: Iron Valiant|Moonblast|p2a: Hitmontop\n|-supereffective|p2a: Hitmontop\n|-damage|p2a: Hitmontop|1\/100\n|move|p2a: Hitmontop|Triple Axel|p1a: Iron Valiant\n|-damage|p1a: Iron Valiant|63\/100\n|-hitcount|p1a: Iron Valiant|1\n|\n|upkeep\n|turn|7\n|\n|t:|1700639030\n|move|p1a: Iron Valiant|Moonblast|p2a: Hitmontop\n|-supereffective|p2a: Hitmontop\n|-damage|p2a: Hitmontop|0 fnt\n|faint|p2a: Hitmontop\n|\n|upkeep\n|\n|t:|1700639032\n|switch|p2a: Skarmory|Skarmory, M|100\/100\n|turn|8\n|\n|t:|1700639034\n|move|p1a: Iron Valiant|Thunderbolt|p2a: Skarmory\n|-supereffective|p2a: Skarmory\n|-damage|p2a: Skarmory|22\/100\n|move|p2a: Skarmory|Stealth Rock|p1a: Iron Valiant\n|-sidestart|p1: MilkLadsForever|move: Stealth Rock\n|\n|upkeep\n|turn|9\n|\n|t:|1700639037\n|switch|p2a: Quagsire|Quagsire, M|74\/100\n|move|p1a: Iron Valiant|Thunderbolt|p2a: Quagsire\n|-immune|p2a: Quagsire\n|\n|upkeep\n|turn|10\n|\n|t:|1700639041\n|move|p1a: Iron Valiant|Focus Blast|p2a: Quagsire\n|-damage|p2a: Quagsire|10\/100\n|move|p2a: Quagsire|Earthquake|p1a: Iron Valiant\n|-damage|p1a: Iron Valiant|24\/100\n|\n|upkeep\n|turn|11\n|\n|t:|1700639046\n|move|p1a: Iron Valiant|Moonblast|p2a: Quagsire\n|-damage|p2a: Quagsire|0 fnt\n|faint|p2a: Quagsire\n|\n|upkeep\n|\n|t:|1700639048\n|switch|p2a: Typhlosion|Typhlosion, M|100\/100\n|turn|12\n|\n|t:|1700639061\n|-terastallize|p1a: Iron Valiant|Electric\n|-terastallize|p2a: Typhlosion|Fire\n|move|p1a: Iron Valiant|Thunderbolt|p2a: Typhlosion\n|-damage|p2a: Typhlosion|46\/100\n|move|p2a: Typhlosion|Burn Up|p1a: Iron Valiant\n|-damage|p1a: Iron Valiant|0 fnt\n|-start|p2a: Typhlosion|typechange|Fire|[from] move: Burn Up\n|faint|p1a: Iron Valiant\n|-end|p1a: Iron Valiant|Quark Drive|[silent]\n|-damage|p2a: Typhlosion|36\/100|[from] item: Life Orb\n|\n|upkeep\n|\n|t:|1700639069\n|switch|p1a: Bisharp|Bisharp, F|100\/100\n|-damage|p1a: Bisharp|95\/100|[from] Stealth Rock\n|turn|13\n|\n|t:|1700639072\n|switch|p2a: Skarmory|Skarmory, M|22\/100\n|move|p1a: Bisharp|Sucker Punch||[still]\n|-fail|p1a: Bisharp\n|\n|upkeep\n|turn|14\n|\n|t:|1700639076\n|move|p1a: Bisharp|Knock Off|p2a: Skarmory\n|-damage|p2a: Skarmory|0 fnt\n|-damage|p1a: Bisharp|78\/100|[from] item: Rocky Helmet|[of] p2a: Skarmory\n|-enditem|p2a: Skarmory|Rocky Helmet|[from] move: Knock Off|[of] p1a: Bisharp\n|faint|p2a: Skarmory\n|\n|upkeep\n|\n|t:|1700639080\n|switch|p2a: Sudowoodo|Sudowoodo, M|100\/100\n|turn|15\n|\n|t:|1700639083\n|move|p1a: Bisharp|Iron Head|p2a: Sudowoodo\n|-supereffective|p2a: Sudowoodo\n|-enditem|p2a: Sudowoodo|Focus Sash\n|-damage|p2a: Sudowoodo|1\/100\n|move|p2a: Sudowoodo|Counter|p1a: Bisharp\n|-damage|p1a: Bisharp|0 fnt\n|faint|p1a: Bisharp\n|\n|upkeep\n|\n|t:|1700639089\n|switch|p1a: Corviknight|Corviknight, M|100\/100\n|-damage|p1a: Corviknight|88\/100|[from] Stealth Rock\n|-ability|p1a: Corviknight|Pressure\n|turn|16\n|\n|t:|1700639093\n|move|p1a: Corviknight|Defog|p2a: Sudowoodo\n|-unboost|p2a: Sudowoodo|evasion|1\n|-sideend|p1: MilkLadsForever|Stealth Rock|[from] move: Defog|[of] p1a: Corviknight\n|move|p2a: Sudowoodo|Head Smash|p1a: Corviknight\n|-damage|p1a: Corviknight|44\/100\n|-damage|p2a: Sudowoodo|0 fnt|[from] item: Rocky Helmet|[of] p1a: Corviknight\n|faint|p2a: Sudowoodo\n|\n|upkeep\n|\n|t:|1700639096\n|switch|p2a: Typhlosion|Typhlosion, M, tera:Fire|36\/100\n|turn|17\n|\n|t:|1700639111\n|switch|p1a: Seismitoad|Seismitoad, M|100\/100\n|move|p2a: Typhlosion|Burn Up|p1a: Seismitoad\n|-resisted|p1a: Seismitoad\n|-damage|p1a: Seismitoad|50\/100\n|-start|p2a: Typhlosion|typechange|Fire|[from] move: Burn Up\n|-damage|p2a: Typhlosion|26\/100|[from] item: Life Orb\n|\n|-heal|p1a: Seismitoad|56\/100|[from] item: Leftovers\n|upkeep\n|turn|18\n|inactive|Battle timer is ON: inactive players will automatically lose when time's up. (requested by SeekerOfKnowledge)\n|\n|t:|1700639116\n|move|p2a: Typhlosion|Hidden Power|p1a: Seismitoad\n|-supereffective|p1a: Seismitoad\n|-damage|p1a: Seismitoad|0 fnt\n|faint|p1a: Seismitoad\n|-damage|p2a: Typhlosion|17\/100|[from] item: Life Orb\n|\n|upkeep\n|\n|t:|1700639119\n|switch|p1a: Diancie|Diancie|100\/100\n|turn|19\n|\n|t:|1700639122\n|detailschange|p1a: Diancie|Diancie-Mega\n|-mega|p1a: Diancie|Diancie|Diancite\n|move|p1a: Diancie|Diamond Storm|p2a: Typhlosion\n|-supereffective|p2a: Typhlosion\n|-damage|p2a: Typhlosion|0 fnt\n|faint|p2a: Typhlosion\n|\n|upkeep\n|\n|t:|1700639124\n|switch|p2a: Espeon|Espeon, F|100\/100\n|turn|20\n|\n|t:|1700639127\n|move|p1a: Diancie|Diamond Storm|p2a: Espeon\n|-damage|p2a: Espeon|34\/100\n|-boost|p1a: Diancie|def|2\n|-zpower|p2a: Espeon\n|move|p2a: Espeon|Z-Celebrate|p2a: Espeon|[anim]Celebrate\n|-boost|p2a: Espeon|atk|1|[zeffect]\n|-boost|p2a: Espeon|def|1|[zeffect]\n|-boost|p2a: Espeon|spa|1|[zeffect]\n|-boost|p2a: Espeon|spd|1|[zeffect]\n|-boost|p2a: Espeon|spe|1|[zeffect]\n|-activate|p2a: Espeon|move: Celebrate\n|\n|upkeep\n|turn|21\n|\n|t:|1700639135\n|move|p2a: Espeon|Stored Power|p1a: Diancie\n|-damage|p1a: Diancie|0 fnt\n|faint|p1a: Diancie\n|\n|upkeep\n|\n|t:|1700639139\n|switch|p1a: Corviknight|Corviknight, M|44\/100\n|-ability|p1a: Corviknight|Pressure\n|turn|22\n|\n|t:|1700639141\n|move|p2a: Espeon|Stored Power|p1a: Corviknight\n|-resisted|p1a: Corviknight\n|-damage|p1a: Corviknight|10\/100\n|move|p1a: Corviknight|Roost|p1a: Corviknight\n|-heal|p1a: Corviknight|60\/100\n|-singleturn|p1a: Corviknight|move: Roost\n|\n|upkeep\n|turn|23\n|\n|t:|1700639145\n|move|p2a: Espeon|Calm Mind|p2a: Espeon\n|-boost|p2a: Espeon|spa|1\n|-boost|p2a: Espeon|spd|1\n|move|p1a: Corviknight|U-turn|p2a: Espeon\n|-supereffective|p2a: Espeon\n|-damage|p2a: Espeon|9\/100\n|\n|t:|1700639147\n|switch|p1a: Kyurem|Kyurem|79\/100 brn|[from] U-turn\n|-ability|p1a: Kyurem|Pressure\n|\n|-damage|p1a: Kyurem|73\/100 brn|[from] brn\n|upkeep\n|turn|24\n|\n|t:|1700639152\n|move|p2a: Espeon|Stored Power|p1a: Kyurem\n|-damage|p1a: Kyurem|0 fnt\n|faint|p1a: Kyurem\n|\n|upkeep\n|\n|t:|1700639154\n|switch|p1a: Corviknight|Corviknight, M|60\/100\n|-ability|p1a: Corviknight|Pressure\n|turn|25\n|\n|t:|1700639159\n|move|p2a: Espeon|Stored Power|p1a: Corviknight\n|-resisted|p1a: Corviknight\n|-damage|p1a: Corviknight|0 fnt\n|faint|p1a: Corviknight\n|\n|win|SeekerOfKnowledge\n|raw|MilkLadsForever's rating: 1328 &rarr; <strong>1303<\/strong><br \/>(-25 for losing)\n|raw|SeekerOfKnowledge's rating: 1245 &rarr; <strong>1276<\/strong><br \/>(+31 for winning)\n|l|\u2606MilkLadsForever\n","uploadtime":1700639185,"views":1,"p1id":"milkladsforever","p2id":"seekerofknowledge","formatid":"gen9nationaldex","rating":1276,"private":0,"password":""}