{"id":"gen9nationaldex-1990134166","p1":"akyraaiko","p2":"Ekkogandr","format":"[Gen 9] National Dex","log":"|j|\u2606akyraaiko\n|j|\u2606Ekkogandr\n|t:|1699928237\n|gametype|singles\n|player|p1|akyraaiko|170|\n|player|p2|Ekkogandr|turo-ai|\n|teamsize|p1|6\n|teamsize|p2|6\n|gen|9\n|tier|[Gen 9] National Dex\n|rule|HP Percentage Mod: HP is shown in percentages\n|rule|Endless Battle Clause: Forcing endless battles is banned\n|rule|OHKO Clause: OHKO moves are banned\n|rule|Evasion Clause: Evasion abilities, items, and moves are banned\n|rule|Evasion Abilities Clause: Evasion abilities are banned\n|rule|Evasion Items Clause: Evasion items are banned\n|rule|Evasion Moves Clause: Evasion moves are banned\n|rule|Species Clause: Limit one of each Pok\u00e9mon\n|rule|Sleep Clause Mod: Limit one foe put to sleep\n|clearpoke\n|poke|p1|Zoroark-Hisui, M|\n|poke|p1|Sneasler, M|\n|poke|p1|Aerodactyl, M|\n|poke|p1|Lycanroc-Dusk, F|\n|poke|p1|Urshifu-*, F|\n|poke|p1|Rillaboom, M|\n|poke|p2|Garchomp, M|\n|poke|p2|Scizor, M|\n|poke|p2|Iron Valiant|\n|poke|p2|Tornadus-Therian, M|\n|poke|p2|Heatran, F|\n|poke|p2|Rotom-Wash|\n|teampreview\n|\n|t:|1699928246\n|start\n|switch|p1a: OKOSAAAA|Rillaboom, M|100\/100\n|switch|p2a: Tornadus|Tornadus-Therian, M|100\/100\n|-fieldstart|move: Grassy Terrain|[from] ability: Grassy Surge|[of] p1a: OKOSAAAA\n|turn|1\n|\n|t:|1699928260\n|switch|p1a: Passaro a pika|Aerodactyl, M|100\/100\n|move|p2a: Tornadus|U-turn|p1a: Passaro a pika\n|-resisted|p1a: Passaro a pika\n|-damage|p1a: Passaro a pika|89\/100\n|\n|t:|1699928278\n|switch|p2a: Scizor|Scizor, M|100\/100|[from] U-turn\n|\n|upkeep\n|turn|2\n|\n|t:|1699928284\n|detailschange|p1a: Passaro a pika|Aerodactyl-Mega, M\n|-mega|p1a: Passaro a pika|Aerodactyl|Aerodactylite\n|detailschange|p2a: Scizor|Scizor-Mega, M\n|-mega|p2a: Scizor|Scizor|Scizorite\n|move|p2a: Scizor|Bullet Punch|p1a: Passaro a pika\n|-supereffective|p1a: Passaro a pika\n|-damage|p1a: Passaro a pika|13\/100\n|move|p1a: Passaro a pika|Flamethrower|p2a: Scizor\n|-supereffective|p2a: Scizor\n|-damage|p2a: Scizor|50\/100\n|\n|-heal|p2a: Scizor|56\/100|[from] Grassy Terrain\n|upkeep\n|turn|3\n|\n|t:|1699928295\n|move|p2a: Scizor|Bullet Punch|p1a: Passaro a pika\n|-supereffective|p1a: Passaro a pika\n|-damage|p1a: Passaro a pika|0 fnt\n|faint|p1a: Passaro a pika\n|\n|-heal|p2a: Scizor|63\/100|[from] Grassy Terrain\n|upkeep\n|\n|t:|1699928300\n|switch|p1a: Toma safada|Urshifu-Rapid-Strike, F|100\/100\n|turn|4\n|\n|t:|1699928310\n|switch|p2a: Rotom|Rotom-Wash|100\/100\n|move|p1a: Toma safada|Nasty Plot|p1a: Toma safada\n|-boost|p1a: Toma safada|spa|2\n|\n|upkeep\n|turn|5\n|\n|t:|1699928314\n|move|p1a: Toma safada|Bitter Malice|p2a: Rotom\n|-damage|p2a: Rotom|0 fnt\n|faint|p2a: Rotom\n|\n|-fieldend|move: Grassy Terrain\n|upkeep\n|\n|t:|1699928319\n|switch|p2a: Heatran|Heatran, F|100\/100\n|turn|6\n|\n|t:|1699928334\n|switch|p1a: Toma safada|Urshifu-Rapid-Strike, F|100\/100\n|move|p2a: Heatran|Magma Storm|p1a: Toma safada|[miss]\n|-miss|p2a: Heatran|p1a: Toma safada\n|\n|upkeep\n|turn|7\n|\n|t:|1699928339\n|switch|p2a: Garchomp|Garchomp, M|100\/100\n|move|p1a: Toma safada|Surging Strikes|p2a: Garchomp\n|-crit|p2a: Garchomp\n|-damage|p2a: Garchomp|69\/100\n|-damage|p1a: Toma safada|88\/100|[from] ability: Rough Skin|[of] p2a: Garchomp\n|-crit|p2a: Garchomp\n|-damage|p2a: Garchomp|37\/100\n|-damage|p1a: Toma safada|76\/100|[from] ability: Rough Skin|[of] p2a: Garchomp\n|-crit|p2a: Garchomp\n|-damage|p2a: Garchomp|5\/100\n|-damage|p1a: Toma safada|64\/100|[from] ability: Rough Skin|[of] p2a: Garchomp\n|-hitcount|p2a: Garchomp|3\n|\n|upkeep\n|turn|8\n|\n|t:|1699928357\n|move|p2a: Garchomp|Earthquake|p1a: Toma safada\n|-damage|p1a: Toma safada|8\/100\n|move|p1a: Toma safada|Surging Strikes|p2a: Garchomp\n|-crit|p2a: Garchomp\n|-damage|p2a: Garchomp|0 fnt\n|-damage|p1a: Toma safada|0 fnt|[from] ability: Rough Skin|[of] p2a: Garchomp\n|faint|p2a: Garchomp\n|faint|p1a: Toma safada\n|-hitcount|p2: Garchomp|1\n|\n|upkeep\n|\n|t:|1699928366\n|switch|p2a: Tornadus|Tornadus-Therian, M|100\/100\n|switch|p1a: cruzeiro|Lycanroc-Dusk, F, shiny|100\/100\n|turn|9\n|\n|t:|1699928378\n|move|p2a: Tornadus|U-turn|p1a: cruzeiro\n|-resisted|p1a: cruzeiro\n|-damage|p1a: cruzeiro|85\/100\n|replace|p1a: Who? cares|Zoroark-Hisui, M, shiny\n|-end|p1a: Who? cares|Illusion\n|\n|t:|1699928385\n|switch|p2a: Heatran|Heatran, F|100\/100|[from] U-turn\n|move|p1a: Who? cares|Nasty Plot|p1a: Who? cares\n|-boost|p1a: Who? cares|spa|2\n|\n|upkeep\n|turn|10\n|\n|t:|1699928411\n|move|p1a: Who? cares|Bitter Malice|p2a: Heatran\n|-damage|p2a: Heatran|47\/100\n|-unboost|p2a: Heatran|atk|1\n|move|p2a: Heatran|Magma Storm|p1a: Who? cares\n|-damage|p1a: Who? cares|0 fnt\n|faint|p1a: Who? cares\n|\n|-heal|p2a: Heatran|53\/100|[from] item: Leftovers\n|upkeep\n|\n|t:|1699928424\n|switch|p1a: cruzeiro|Lycanroc-Dusk, F, shiny|100\/100\n|turn|11\n|\n|t:|1699928434\n|switch|p2a: Tornadus|Tornadus-Therian, M|100\/100\n|move|p1a: cruzeiro|Drill Run|p2a: Tornadus\n|-immune|p2a: Tornadus\n|\n|upkeep\n|turn|12\n|\n|t:|1699928442\n|move|p1a: cruzeiro|Accelerock|p2a: Tornadus\n|-supereffective|p2a: Tornadus\n|-damage|p2a: Tornadus|20\/100\n|-damage|p1a: cruzeiro|91\/100|[from] item: Life Orb\n|move|p2a: Tornadus|Knock Off|p1a: cruzeiro\n|-damage|p1a: cruzeiro|57\/100\n|-enditem|p1a: cruzeiro|Life Orb|[from] move: Knock Off|[of] p2a: Tornadus\n|\n|upkeep\n|turn|13\n|\n|t:|1699928447\n|switch|p2a: Scizor|Scizor-Mega, M|63\/100\n|move|p1a: cruzeiro|Accelerock|p2a: Scizor\n|-damage|p2a: Scizor|43\/100\n|\n|upkeep\n|turn|14\n|\n|t:|1699928449\n|move|p2a: Scizor|Bullet Punch|p1a: cruzeiro\n|-supereffective|p1a: cruzeiro\n|-damage|p1a: cruzeiro|0 fnt\n|faint|p1a: cruzeiro\n|\n|upkeep\n|\n|t:|1699928455\n|switch|p1a: Garras|Sneasler, M, shiny|100\/100\n|turn|15\n|\n|t:|1699928467\n|move|p1a: Garras|Close Combat|p2a: Scizor\n|-damage|p2a: Scizor|0 fnt\n|-unboost|p1a: Garras|def|1\n|-unboost|p1a: Garras|spd|1\n|faint|p2a: Scizor\n|-damage|p1a: Garras|91\/100|[from] item: Life Orb\n|\n|upkeep\n|\n|t:|1699928479\n|switch|p2a: Tornadus|Tornadus-Therian, M|53\/100\n|turn|16\n|\n|t:|1699928495\n|-terastallize|p1a: Garras|Fire\n|move|p2a: Tornadus|Hurricane|p1a: Garras\n|-damage|p1a: Garras|7\/100\n|-start|p1a: Garras|confusion\n|-activate|p1a: Garras|confusion\n|-damage|p1a: Garras|0 fnt|[from] confusion\n|faint|p1a: Garras\n|\n|upkeep\n|\n|t:|1699928502\n|switch|p1a: OKOSAAAA|Rillaboom, M|100\/100\n|-fieldstart|move: Grassy Terrain|[from] ability: Grassy Surge|[of] p1a: OKOSAAAA\n|turn|17\n|\n|t:|1699928507\n|-singleturn|p1a: OKOSAAAA|move: Focus Punch\n|move|p2a: Tornadus|Hurricane|p1a: OKOSAAAA\n|-supereffective|p1a: OKOSAAAA\n|-damage|p1a: OKOSAAAA|5\/100\n|-start|p1a: OKOSAAAA|confusion\n|-activate|p1a: OKOSAAAA|confusion\n|cant|p1a: OKOSAAAA|Focus Punch|Focus Punch\n|\n|-heal|p1a: OKOSAAAA|11\/100|[from] Grassy Terrain\n|upkeep\n|turn|18\n|\n|t:|1699928544\n|move|p2a: Tornadus|U-turn|p1a: OKOSAAAA\n|-supereffective|p1a: OKOSAAAA\n|-damage|p1a: OKOSAAAA|0 fnt\n|-damage|p2a: Tornadus|37\/100|[from] item: Rocky Helmet|[of] p1a: OKOSAAAA\n|faint|p1a: OKOSAAAA\n|\n|win|Ekkogandr\n","uploadtime":1699928549,"views":20,"p1id":"akyraaiko","p2id":"ekkogandr","formatid":"gen9nationaldex","rating":0,"private":0,"password":""}