{"id":"gen9nationaldex-2000321365","p1":"Najirs","p2":"Psvishal","format":"[Gen 9] National Dex","log":"|html|<div class=\"broadcast-blue\"><strong>[Gen 9] National Dex is currently suspecting Sneasler! For information on how to participate check out the <a href=\"https:\/\/www.smogon.com\/forums\/threads\/sv-national-dex-suspect-8-just-dance.3731534\/\">suspect thread<\/a>.<\/strong><\/div>\n|j|\u2606Najirs\n|j|\u2606Psvishal\n|t:|1701184763\n|gametype|singles\n|player|p1|Najirs|grimsley-masters|\n|player|p2|Psvishal|1|\n|teamsize|p1|6\n|teamsize|p2|6\n|gen|9\n|tier|[Gen 9] National Dex\n|rule|HP Percentage Mod: HP is shown in percentages\n|rule|Endless Battle Clause: Forcing endless battles is banned\n|rule|OHKO Clause: OHKO moves are banned\n|rule|Evasion Clause: Evasion abilities, items, and moves are banned\n|rule|Evasion Abilities Clause: Evasion abilities are banned\n|rule|Evasion Items Clause: Evasion items are banned\n|rule|Evasion Moves Clause: Evasion moves are banned\n|rule|Species Clause: Limit one of each Pok\u00e9mon\n|rule|Sleep Clause Mod: Limit one foe put to sleep\n|clearpoke\n|poke|p1|Bronzong|\n|poke|p1|Charizard, F|\n|poke|p1|Magnezone|\n|poke|p1|Urshifu-*, F|\n|poke|p1|Dusknoir, M|\n|poke|p1|Moltres|\n|poke|p2|Garchomp, F|\n|poke|p2|Hippowdon, M|\n|poke|p2|Excadrill, M|\n|poke|p2|Gastrodon, M|\n|poke|p2|Mamoswine, F|\n|poke|p2|Landorus-Therian, M|\n|teampreview\n|c|\u2606Psvishal|damn two fire flyings\n|c|\u2606Najirs|mogga somehow predicted them all\n|c|\u2606Psvishal|yeah he did\n|j| DracoShivam\n|c|\u2606Najirs|why do I have to deal with mfing sand rush\n|c|\u2606Najirs|unless ps forgor to change ability\n|c|\u2606Najirs|oh nice\n|c|\u2606Najirs|they have the good background music lessgoo\n|c|\u2606Najirs|ah nvm\n|c| DracoShivam|Did you give teras ps\n|c|\u2606Psvishal|yeah\n|c|\u2606Psvishal|I just remembere it 5 mins ago\n|\n|t:|1701184890\n|start\n|switch|p1a: Inner Peace|Urshifu-Rapid-Strike, F|100\/100\n|switch|p2a: Garchomp|Garchomp, F|100\/100\n|turn|1\n|c|\u2606Najirs|lol\n|j| Etherlords\n|\n|t:|1701184917\n|detailschange|p2a: Garchomp|Garchomp-Mega, F\n|-mega|p2a: Garchomp|Garchomp|Garchompite\n|move|p2a: Garchomp|Scale Shot|p1a: Inner Peace\n|-crit|p1a: Inner Peace\n|-damage|p1a: Inner Peace|76\/100\n|-damage|p1a: Inner Peace|60\/100\n|-crit|p1a: Inner Peace\n|-damage|p1a: Inner Peace|38\/100\n|-damage|p1a: Inner Peace|23\/100\n|-hitcount|p1a: Inner Peace|4\n|-unboost|p2a: Garchomp|def|1\n|-boost|p2a: Garchomp|spe|1\n|move|p1a: Inner Peace|Ice Spinner|p2a: Garchomp\n|-supereffective|p2a: Garchomp\n|-damage|p2a: Garchomp|0 fnt\n|faint|p2a: Garchomp\n|\n|upkeep\n|c|\u2606Psvishal|fuck\n|c|\u2606Psvishal|I thought that would kill\n|\n|t:|1701184947\n|switch|p2a: Gastrodon|Gastrodon, M|100\/100\n|turn|2\n|c|\u2606Najirs|not  bad assumption\n|\n|t:|1701184970\n|switch|p1a: BlueWingsNotGreen|Charizard, F|100\/100\n|move|p2a: Gastrodon|Toxic|p1a: BlueWingsNotGreen\n|-status|p1a: BlueWingsNotGreen|tox\n|\n|-damage|p1a: BlueWingsNotGreen|94\/100 tox|[from] psn\n|upkeep\n|turn|3\n|c| Etherlords|y would u mega it without setting sand first tho?\n|c| Etherlords|sand force is significant\n|c|\u2606Psvishal|thought it would kill and I can switch out\n|\n|t:|1701185008\n|switch|p2a: Landorus|Landorus-Therian, M|100\/100\n|-ability|p2a: Landorus|Intimidate|boost\n|-unboost|p1a: BlueWingsNotGreen|atk|1\n|detailschange|p1a: BlueWingsNotGreen|Charizard-Mega-Y, F\n|-mega|p1a: BlueWingsNotGreen|Charizard|Charizardite Y\n|-weather|SunnyDay|[from] ability: Drought|[of] p1a: BlueWingsNotGreen\n|move|p1a: BlueWingsNotGreen|Solar Beam||[still]\n|-prepare|p1a: BlueWingsNotGreen|Solar Beam\n|-anim|p1a: BlueWingsNotGreen|Solar Beam|p2a: Landorus\n|-damage|p2a: Landorus|36\/100\n|\n|-weather|SunnyDay|[upkeep]\n|-damage|p1a: BlueWingsNotGreen|82\/100 tox|[from] psn\n|upkeep\n|turn|4\n|c|\u2606Psvishal|lack of damage calcs smh\n|\n|t:|1701185037\n|switch|p2a: Hippowdon|Hippowdon, M|100\/100\n|-weather|Sandstorm|[from] ability: Sand Stream|[of] p2a: Hippowdon\n|switch|p1a: >:3|Dusknoir, M|100\/100\n|-ability|p1a: >:3|Pressure\n|\n|-weather|Sandstorm|[upkeep]\n|-damage|p1a: >:3|94\/100|[from] Sandstorm\n|upkeep\n|turn|5\n|c| Etherlords|wings are turquoise change my mind\n|\n|t:|1701185052\n|move|p2a: Hippowdon|Yawn|p1a: >:3\n|-start|p1a: >:3|move: Yawn|[of] p2a: Hippowdon\n|move|p1a: >:3|Will-O-Wisp|p2a: Hippowdon\n|-status|p2a: Hippowdon|brn\n|-enditem|p2a: Hippowdon|Lum Berry|[eat]\n|-curestatus|p2a: Hippowdon|brn|[msg]\n|\n|-weather|Sandstorm|[upkeep]\n|-damage|p1a: >:3|88\/100|[from] Sandstorm\n|upkeep\n|turn|6\n|c|\u2606Najirs|fuck off\n|c|\u2606Psvishal|lmaoo\n|c|\u2606Najirs|why does this bitch have a lum berry\n|c|\u2606Najirs|ah lol etherlords just understood you\n|\n|t:|1701185096\n|switch|p2a: Landorus|Landorus-Therian, M|36\/100\n|-ability|p2a: Landorus|Intimidate|boost\n|-unboost|p1a: >:3|atk|1\n|switch|p1a: Spin Me Round|Bronzong|100\/100\n|\n|-weather|Sandstorm|[upkeep]\n|upkeep\n|turn|7\n|j| plasma_fistem\n|\n|t:|1701185112\n|move|p2a: Landorus|Gravity|p2a: Landorus\n|-fieldstart|move: Gravity\n|move|p1a: Spin Me Round|Ice Spinner|p2a: Landorus\n|-supereffective|p2a: Landorus\n|-crit|p2a: Landorus\n|-damage|p2a: Landorus|0 fnt\n|faint|p2a: Landorus\n|\n|-weather|Sandstorm|[upkeep]\n|upkeep\n|\n|t:|1701185119\n|switch|p2a: Excadrill|Excadrill, M|100\/100\n|turn|8\n|c|\u2606Najirs|I love this gen\n|c| plasma_fistem|did someone just say lum berry\n|c|\u2606Najirs|everyone and their mom gets ice spinner\n|c|\u2606Psvishal|lmaooo\n|c|\u2606Najirs|ah lol nice\n|c|\u2606Najirs|man fml\n|c|\u2606Najirs|sand rush plus gravity\n|c|\u2606Najirs|I can't\n|c|\u2606Najirs|motherfriggin gravity\n|c| Etherlords|beautiful\n|\n|t:|1701185166\n|move|p2a: Excadrill|Swords Dance|p2a: Excadrill\n|-boost|p2a: Excadrill|atk|2\n|move|p1a: Spin Me Round|Ice Spinner|p2a: Excadrill\n|-damage|p2a: Excadrill|51\/100\n|\n|-weather|none\n|upkeep\n|turn|9\n|j| DeathRayKPK\n|c|\u2606Najirs|phew\n|c| plasma_fistem|no sand\n|c|\u2606Najirs|that's a relief\n|c|\u2606Psvishal|I'm gonna cry\n|c|\u2606Najirs|lum berry lmao\n|c|\u2606Najirs|missed smooth rock eh\n|c|\u2606Psvishal|I changed it last moment\n|c|\u2606Psvishal|sleeep aaaaa\n|\n|t:|1701185205\n|move|p2a: Excadrill|Earthquake|p1a: Spin Me Round\n|-supereffective|p1a: Spin Me Round\n|-damage|p1a: Spin Me Round|0 fnt\n|faint|p1a: Spin Me Round\n|\n|upkeep\n|c| DeathRayKPK|xD smart\n|c| DeathRayKPK|man figured you're not a levitate bronzong\n|c|\u2606Psvishal|gravity...\n|c| plasma_fistem|u didnt really need swords dance anyway\n|c| DeathRayKPK|and that\n|c|\u2606Psvishal|I forgot abotu changing smooth rock\n|c| Etherlords|he was a levitate zong\n|\n|t:|1701185253\n|switch|p1a: Inner Peace|Urshifu-Rapid-Strike, F|23\/100\n|turn|10\n|c| DeathRayKPK|it's okay SD sweeps Moltres and gang\n|\n|t:|1701185264\n|switch|p2a: Gastrodon|Gastrodon, M|100\/100\n|move|p1a: Inner Peace|Ice Spinner|p2a: Gastrodon\n|-damage|p2a: Gastrodon|68\/100\n|\n|-heal|p2a: Gastrodon|74\/100|[from] item: Leftovers\n|upkeep\n|turn|11\n|c| plasma_fistem|no theyre faster w\/o sand rush\n|\n|t:|1701185283\n|switch|p1a: UFO|Magnezone|100\/100\n|move|p2a: Gastrodon|Earth Power|p1a: UFO\n|-supereffective|p1a: UFO\n|-damage|p1a: UFO|0 fnt\n|-enditem|p1a: UFO|Air Balloon\n|faint|p1a: UFO\n|\n|-heal|p2a: Gastrodon|80\/100|[from] item: Leftovers\n|-fieldend|move: Gravity\n|upkeep\n|c| DeathRayKPK|oh yeah crap\n|c| DeathRayKPK|ha\n|c| DeathRayKPK|eat dirt magnezone\n|c|\u2606Najirs|ah fell for it\n|c| plasma_fistem|lollll\n|\n|t:|1701185294\n|switch|p1a: BlueWingsNotGreen|Charizard-Mega-Y, F|82\/100 tox\n|-weather|SunnyDay|[from] ability: Drought|[of] p1a: BlueWingsNotGreen\n|turn|12\n|c| DeathRayKPK|wait\n|c| DeathRayKPK|did you have mega vs me and choose not to mega lol\n|\n|t:|1701185306\n|switch|p2a: Hippowdon|Hippowdon, M|100\/100\n|-weather|Sandstorm|[from] ability: Sand Stream|[of] p2a: Hippowdon\n|move|p1a: BlueWingsNotGreen|Hidden Power|p2a: Hippowdon\n|-supereffective|p2a: Hippowdon\n|-damage|p2a: Hippowdon|48\/100\n|\n|-weather|Sandstorm|[upkeep]\n|-damage|p1a: BlueWingsNotGreen|76\/100 tox|[from] Sandstorm\n|-damage|p1a: BlueWingsNotGreen|70\/100 tox|[from] psn\n|upkeep\n|turn|13\n|c| plasma_fistem|bruh\n|c| plasma_fistem|the fuck\n|c| DeathRayKPK|yeah xD\n|c|\u2606Najirs|no I had boots vs you\n|c| DeathRayKPK|I thought he ran regular charizard for god knows whatever reasons\n|c| DeathRayKPK|oh okay nvm\n|c| plasma_fistem|no idc about mega that dmg is bonkers\n|c|\u2606Najirs|lol\n|\n|t:|1701185366\n|switch|p1a: >:3|Dusknoir, M|88\/100\n|-ability|p1a: >:3|Pressure\n|move|p2a: Hippowdon|Stealth Rock|p1a: >:3\n|-sidestart|p1: Najirs|move: Stealth Rock\n|\n|-weather|Sandstorm|[upkeep]\n|-damage|p1a: >:3|82\/100|[from] Sandstorm\n|upkeep\n|turn|14\n|c| DeathRayKPK|the problem with hidden power is\n|c| Etherlords|hippo isn't specially defensive is it\n|c| DeathRayKPK|you can never tell which hidden power it is\n|c|\u2606Najirs|aaaaaaaaa\n|c| plasma_fistem|nice lol\n|c| plasma_fistem|good play\n|c| DeathRayKPK|yeah madlad\n|\n|t:|1701185385\n|move|p2a: Hippowdon|Yawn|p1a: >:3\n|-start|p1a: >:3|move: Yawn|[of] p2a: Hippowdon\n|move|p1a: >:3|Ice Punch|p2a: Hippowdon\n|-supereffective|p2a: Hippowdon\n|-damage|p2a: Hippowdon|13\/100\n|\n|-weather|Sandstorm|[upkeep]\n|-damage|p1a: >:3|76\/100|[from] Sandstorm\n|upkeep\n|turn|15\n|c| DeathRayKPK|perfect rocks moment\n|c| DeathRayKPK|good hippo\n|\n|t:|1701185394\n|move|p2a: Hippowdon|Slack Off|p2a: Hippowdon\n|-heal|p2a: Hippowdon|63\/100\n|move|p1a: >:3|Ice Punch|p2a: Hippowdon\n|-supereffective|p2a: Hippowdon\n|-damage|p2a: Hippowdon|28\/100\n|\n|-weather|Sandstorm|[upkeep]\n|-damage|p1a: >:3|70\/100|[from] Sandstorm\n|-end|p1a: >:3|move: Yawn|[silent]\n|-status|p1a: >:3|slp\n|upkeep\n|turn|16\n|c| DeathRayKPK|lived that\n|c| DeathRayKPK|bruh why da Srijan lol\n|\n|t:|1701185409\n|move|p2a: Hippowdon|Slack Off|p2a: Hippowdon\n|-heal|p2a: Hippowdon|78\/100\n|cant|p1a: >:3|slp\n|\n|-weather|none\n|upkeep\n|turn|17\n|c|\u2606Najirs|man fml\n|c| plasma_fistem|i thought thered be spdef investment but nvm\n|c|\u2606Najirs|...\n|c| DeathRayKPK|no defog moltres?\n|c| DeathRayKPK|HDB?\n|\n|t:|1701185454\n|switch|p2a: Excadrill|Excadrill, M|51\/100\n|cant|p1a: >:3|slp\n|\n|upkeep\n|turn|18\n|\n|t:|1701185463\n|move|p2a: Excadrill|Rock Slide|p1a: >:3\n|-damage|p1a: >:3|45\/100 slp\n|-curestatus|p1a: >:3|slp|[msg]\n|cant|p1a: >:3|flinch\n|\n|upkeep\n|turn|19\n|c|\u2606Najirs|phew\n|c|\u2606Najirs|nooooooooooooooooo\n|c| plasma_fistem|lol\n|c|\u2606Psvishal|W\n|c| DeathRayKPK|XDDDDD\n|c| plasma_fistem|lol\n|c|\u2606Najirs|lmao\n|\n|t:|1701185483\n|-zpower|p2a: Excadrill\n|move|p2a: Excadrill|Corkscrew Crash|p1a: >:3|[zeffect]\n|-damage|p1a: >:3|0 fnt\n|faint|p1a: >:3\n|\n|upkeep\n|c| Etherlords|get srijaned bitch\n|c| DeathRayKPK|psv be like \"I used the Srijan to beat the Srijan\"\n|c|\u2606Najirs|damn\n|c|\u2606Najirs|ah fuck man\n|\n|t:|1701185517\n|switch|p1a: Chardos|Moltres|100\/100\n|-ability|p1a: Chardos|Pressure\n|turn|20\n|\n|t:|1701185526\n|switch|p2a: Gastrodon|Gastrodon, M|80\/100\n|move|p1a: Chardos|Flamethrower|p2a: Gastrodon\n|-resisted|p2a: Gastrodon\n|-damage|p2a: Gastrodon|58\/100\n|\n|-heal|p2a: Gastrodon|64\/100|[from] item: Leftovers\n|upkeep\n|turn|21\n|\n|t:|1701185545\n|move|p1a: Chardos|Solar Beam||[still]\n|-prepare|p1a: Chardos|Solar Beam\n|move|p2a: Gastrodon|Scald|p1a: Chardos\n|-supereffective|p1a: Chardos\n|-damage|p1a: Chardos|40\/100\n|\n|-heal|p2a: Gastrodon|70\/100|[from] item: Leftovers\n|upkeep\n|turn|22\n|c| DeathRayKPK|both of you still have tera?\n|c| plasma_fistem|loll\n|c|\u2606Najirs|yeah\n|c| DeathRayKPK|lol he's trapped into solaar beam\n|c| plasma_fistem|tbf theres not really a switch-in\n|c| plasma_fistem|maybe only tera\n|c| DeathRayKPK|yeah gotta throw something\n|c| DeathRayKPK|or tera\n|\n|t:|1701185580\n|switch|p2a: Mamoswine|Mamoswine, F|100\/100\n|move|p1a: Chardos|Solar Beam|p2a: Mamoswine|[from]lockedmove\n|-supereffective|p2a: Mamoswine\n|-damage|p2a: Mamoswine|0 fnt\n|faint|p2a: Mamoswine\n|\n|upkeep\n|c| DeathRayKPK|noooo\n|c| DeathRayKPK|mamooo\n|c|\u2606Psvishal|FUCK\n|c|\u2606Psvishal|I thought it would tank it\n|c| plasma_fistem|bruh whyre you surprised lol\n|c| DeathRayKPK|should have given excadrill\n|\n|t:|1701185600\n|switch|p2a: Gastrodon|Gastrodon, M|70\/100\n|turn|23\n|c| DeathRayKPK|atleast takes neutral\n|c| plasma_fistem|the thing did 20ish to gastrodon with resisted flamethrower\n|c|\u2606Najirs|fml again\n|c|\u2606Najirs|losing to this stupid type\n|\n|t:|1701185623\n|move|p1a: Chardos|Air Slash|p2a: Gastrodon\n|-damage|p2a: Gastrodon|36\/100\n|move|p2a: Gastrodon|Scald|p1a: Chardos\n|-supereffective|p1a: Chardos\n|-damage|p1a: Chardos|0 fnt\n|faint|p1a: Chardos\n|\n|-heal|p2a: Gastrodon|42\/100|[from] item: Leftovers\n|upkeep\n|c| plasma_fistem|its deffo spatk invested anyway\n|c| Etherlords|did mamo have bulk?\n|c| DeathRayKPK|thought you'd land a flinch huh\n|c| DeathRayKPK|cheapo\n|\n|t:|1701185638\n|switch|p1a: BlueWingsNotGreen|Charizard-Mega-Y, F|70\/100 tox\n|-damage|p1a: BlueWingsNotGreen|20\/100 tox|[from] Stealth Rock\n|-weather|SunnyDay|[from] ability: Drought|[of] p1a: BlueWingsNotGreen\n|turn|24\n|c| DeathRayKPK|is it the AV mamo?\n|c| DeathRayKPK|time to bend the weather xD\n|\n|t:|1701185650\n|-terastallize|p2a: Gastrodon|Dragon\n|move|p1a: BlueWingsNotGreen|Solar Beam||[still]\n|-prepare|p1a: BlueWingsNotGreen|Solar Beam\n|-anim|p1a: BlueWingsNotGreen|Solar Beam|p2a: Gastrodon\n|-resisted|p2a: Gastrodon\n|-damage|p2a: Gastrodon|16\/100\n|move|p2a: Gastrodon|Recover|p2a: Gastrodon\n|-heal|p2a: Gastrodon|66\/100\n|\n|-weather|SunnyDay|[upkeep]\n|-heal|p2a: Gastrodon|73\/100|[from] item: Leftovers\n|-damage|p1a: BlueWingsNotGreen|14\/100 tox|[from] psn\n|upkeep\n|turn|25\n|c| Etherlords|i doubt it\n|c| plasma_fistem|lol\n|\n|t:|1701185665\n|move|p1a: BlueWingsNotGreen|Hidden Power|p2a: Gastrodon\n|-supereffective|p2a: Gastrodon\n|-damage|p2a: Gastrodon|21\/100\n|move|p2a: Gastrodon|Scald|p1a: BlueWingsNotGreen\n|-supereffective|p1a: BlueWingsNotGreen\n|-damage|p1a: BlueWingsNotGreen|0 fnt\n|faint|p1a: BlueWingsNotGreen\n|\n|-weather|SunnyDay|[upkeep]\n|-heal|p2a: Gastrodon|27\/100|[from] item: Leftovers\n|upkeep\n|c| DeathRayKPK|wait why didn't you tera vs moltres?\n|c|\u2606Psvishal|forgor\n|c|\u2606Najirs|fuck\n|c|\u2606Najirs|gg\n|c| plasma_fistem|lol\n|\n|t:|1701185677\n|switch|p1a: Inner Peace|Urshifu-Rapid-Strike, F|23\/100\n|-damage|p1a: Inner Peace|17\/100|[from] Stealth Rock\n|turn|26\n|\n|t:|1701185685\n|move|p1a: Inner Peace|Ice Spinner|p2a: Gastrodon\n|-supereffective|p2a: Gastrodon\n|-damage|p2a: Gastrodon|0 fnt\n|faint|p2a: Gastrodon\n|\n|-weather|SunnyDay|[upkeep]\n|upkeep\n|c| plasma_fistem|is it\n|\n|t:|1701185690\n|switch|p2a: Hippowdon|Hippowdon, M|78\/100\n|-weather|Sandstorm|[from] ability: Sand Stream|[of] p2a: Hippowdon\n|turn|27\n|c| DeathRayKPK|is it\n|c| DeathRayKPK|xD\n|c|\u2606Najirs|it is\n|c|\u2606Najirs|see\n|\n|t:|1701185696\n|move|p1a: Inner Peace|Ice Spinner|p2a: Hippowdon\n|-supereffective|p2a: Hippowdon\n|-damage|p2a: Hippowdon|34\/100\n|move|p2a: Hippowdon|Earthquake|p1a: Inner Peace\n|-damage|p1a: Inner Peace|0 fnt\n|faint|p1a: Inner Peace\n|\n|win|Psvishal\n|c|\u2606Psvishal|gg\n|c| Etherlords|yessss\n|c| DeathRayKPK|ohhh damn\n|c|\u2606Najirs|gg\n|c| DeathRayKPK|GGG\n|c| plasma_fistem|ah lol\n|c| Etherlords|gg\n|c| plasma_fistem|gg\n","uploadtime":1701185707,"views":7,"p1id":"najirs","p2id":"psvishal","formatid":"gen9nationaldex","rating":0,"private":0,"password":""}