{"id":"gen9nationaldex-1988350090","p1":"Dezjaws","p2":"AshtonCoolGuy","format":"[Gen 9] National Dex","log":"|j|\u2606Dezjaws\n|j|\u2606AshtonCoolGuy\n|t:|1699712406\n|gametype|singles\n|player|p1|Dezjaws|ghetsis|\n|player|p2|AshtonCoolGuy|2|\n|teamsize|p1|6\n|teamsize|p2|6\n|gen|9\n|tier|[Gen 9] National Dex\n|rule|HP Percentage Mod: HP is shown in percentages\n|rule|Endless Battle Clause: Forcing endless battles is banned\n|rule|OHKO Clause: OHKO moves are banned\n|rule|Evasion Clause: Evasion abilities, items, and moves are banned\n|rule|Evasion Abilities Clause: Evasion abilities are banned\n|rule|Evasion Items Clause: Evasion items are banned\n|rule|Evasion Moves Clause: Evasion moves are banned\n|rule|Species Clause: Limit one of each Pok\u00e9mon\n|rule|Sleep Clause Mod: Limit one foe put to sleep\n|clearpoke\n|poke|p1|Ninetales-Alola, F|\n|poke|p1|Scizor, F|\n|poke|p1|Greninja-*, M|\n|poke|p1|Zapdos|\n|poke|p1|Clodsire, F|\n|poke|p1|Ditto|\n|poke|p2|Ogerpon, F|\n|poke|p2|Pidgeot, F|\n|poke|p2|Zeraora|\n|poke|p2|Urshifu-*, M|\n|poke|p2|Alakazam, M|\n|poke|p2|Zoroark-Hisui, M|\n|teampreview\n|\n|t:|1699712451\n|start\n|switch|p1a: Cizayox|Scizor, F|100\/100\n|switch|p2a: MaGiCaL TrIcK|Alakazam, M|100\/100\n|turn|1\n|\n|t:|1699712462\n|switch|p2a: Bolt|Zeraora|100\/100\n|detailschange|p1a: Cizayox|Scizor-Mega, F\n|-mega|p1a: Cizayox|Scizor|Scizorite\n|move|p1a: Cizayox|U-turn|p2a: Bolt\n|-damage|p2a: Bolt|37\/100\n|\n|t:|1699712474\n|switch|p1a: M\u00e9tamorph|Ditto|100\/100|[from] U-turn\n|-transform|p1a: M\u00e9tamorph|p2a: Bolt|[from] ability: Imposter\n|\n|upkeep\n|turn|2\n|\n|t:|1699712505\n|switch|p2a: Master Shi-fu|Urshifu-Rapid-Strike, M|100\/100\n|move|p1a: M\u00e9tamorph|Blaze Kick|p2a: Master Shi-fu\n|-resisted|p2a: Master Shi-fu\n|-damage|p2a: Master Shi-fu|87\/100\n|\n|upkeep\n|turn|3\n|\n|t:|1699712517\n|switch|p1a: \u00c9lecthor|Zapdos|100\/100\n|move|p2a: Master Shi-fu|Trailblaze|p1a: \u00c9lecthor\n|-resisted|p1a: \u00c9lecthor\n|-damage|p1a: \u00c9lecthor|94\/100\n|-boost|p2a: Master Shi-fu|spe|1\n|-status|p2a: Master Shi-fu|par|[from] ability: Static|[of] p1a: \u00c9lecthor\n|\n|upkeep\n|turn|4\n|c|\u2606AshtonCoolGuy|pourreeeer XD\n|\n|t:|1699712539\n|-terastallize|p2a: Master Shi-fu|Water\n|move|p2a: Master Shi-fu|Surging Strikes|p1a: \u00c9lecthor\n|-crit|p1a: \u00c9lecthor\n|-damage|p1a: \u00c9lecthor|73\/100\n|-crit|p1a: \u00c9lecthor\n|-damage|p1a: \u00c9lecthor|50\/100\n|-crit|p1a: \u00c9lecthor\n|-damage|p1a: \u00c9lecthor|28\/100\n|-hitcount|p1a: \u00c9lecthor|3\n|move|p1a: \u00c9lecthor|Volt Switch|p2a: Master Shi-fu\n|-supereffective|p2a: Master Shi-fu\n|-damage|p2a: Master Shi-fu|0 fnt\n|faint|p2a: Master Shi-fu\n|\n|t:|1699712555\n|switch|p1a: Cizayox|Scizor-Mega, F|100\/100|[from] Volt Switch\n|\n|upkeep\n|\n|t:|1699712563\n|switch|p2a: R\u00e2|Pidgeot, F|100\/100\n|turn|5\n|\n|t:|1699712570\n|switch|p1a: Terraiste|Clodsire, F|100\/100\n|detailschange|p2a: R\u00e2|Pidgeot-Mega, F\n|-mega|p2a: R\u00e2|Pidgeot|Pidgeotite\n|move|p2a: R\u00e2|Substitute|p2a: R\u00e2\n|-start|p2a: R\u00e2|Substitute\n|-damage|p2a: R\u00e2|76\/100\n|\n|upkeep\n|turn|6\n|j| Lester Jr\n|\n|t:|1699712581\n|switch|p1a: \u00c9lecthor|Zapdos|28\/100\n|move|p2a: R\u00e2|Hurricane|p1a: \u00c9lecthor\n|-resisted|p1a: \u00c9lecthor\n|-damage|p1a: \u00c9lecthor|0 fnt\n|faint|p1a: \u00c9lecthor\n|\n|upkeep\n|\n|t:|1699712589\n|switch|p1a: Amphinobie|Greninja, M|100\/100\n|turn|7\n|\n|t:|1699712595\n|move|p1a: Amphinobie|Water Shuriken|p2a: R\u00e2\n|-start|p1a: Amphinobie|typechange|Water|[from] ability: Protean\n|-activate|p2a: R\u00e2|move: Substitute|[damage]\n|-end|p2a: R\u00e2|Substitute\n|-hitcount|p2a: R\u00e2|2\n|move|p2a: R\u00e2|Hurricane|p1a: Amphinobie\n|-damage|p1a: Amphinobie|4\/100\n|\n|upkeep\n|turn|8\n|j| prolecteur\n|l| prolecteur\n|\n|t:|1699712627\n|switch|p2a: Bolt|Zeraora|37\/100\n|move|p1a: Amphinobie|Water Shuriken|p2a: Bolt\n|-damage|p2a: Bolt|23\/100\n|-damage|p2a: Bolt|10\/100\n|-damage|p2a: Bolt|0 fnt\n|faint|p2a: Bolt\n|-hitcount|p2: Bolt|3\n|\n|upkeep\n|\n|t:|1699712664\n|switch|p2a: MaGiCaL TrIcK|Alakazam, M|100\/100\n|turn|9\n|\n|t:|1699712671\n|move|p1a: Amphinobie|Water Shuriken|p2a: MaGiCaL TrIcK\n|-damage|p2a: MaGiCaL TrIcK|85\/100\n|-damage|p2a: MaGiCaL TrIcK|71\/100\n|-hitcount|p2a: MaGiCaL TrIcK|2\n|move|p2a: MaGiCaL TrIcK|Shadow Ball|p1a: Amphinobie\n|-damage|p1a: Amphinobie|0 fnt\n|faint|p1a: Amphinobie\n|\n|upkeep\n|\n|t:|1699712685\n|switch|p1a: Cizayox|Scizor-Mega, F|100\/100\n|turn|10\n|\n|t:|1699712692\n|move|p1a: Cizayox|Bullet Punch|p2a: MaGiCaL TrIcK\n|-damage|p2a: MaGiCaL TrIcK|0 fnt\n|faint|p2a: MaGiCaL TrIcK\n|\n|upkeep\n|\n|t:|1699712704\n|switch|p2a: R\u00e2|Pidgeot-Mega, F|76\/100\n|turn|11\n|\n|t:|1699712708\n|switch|p1a: Feunard|Ninetales-Alola, F|100\/100\n|-weather|Snow|[from] ability: Snow Warning|[of] p1a: Feunard\n|move|p2a: R\u00e2|Substitute|p2a: R\u00e2\n|-start|p2a: R\u00e2|Substitute\n|-damage|p2a: R\u00e2|51\/100\n|\n|-weather|Snow|[upkeep]\n|upkeep\n|turn|12\n|\n|t:|1699712718\n|move|p2a: R\u00e2|Heat Wave|p1a: Feunard\n|-supereffective|p1a: Feunard\n|-damage|p1a: Feunard|38\/100\n|move|p1a: Feunard|Aurora Veil|p1a: Feunard\n|-sidestart|p1: Dezjaws|move: Aurora Veil\n|\n|-weather|Snow|[upkeep]\n|upkeep\n|turn|13\n|j| prolecteur\n|l| prolecteur\n|\n|t:|1699712727\n|move|p2a: R\u00e2|Hurricane|p1a: Feunard\n|-damage|p1a: Feunard|9\/100\n|move|p1a: Feunard|Freeze-Dry|p2a: R\u00e2\n|-supereffective|p2a: R\u00e2\n|-end|p2a: R\u00e2|Substitute\n|\n|-weather|Snow|[upkeep]\n|upkeep\n|turn|14\n|\n|t:|1699712752\n|move|p2a: R\u00e2|Hurricane|p1a: Feunard\n|-damage|p1a: Feunard|0 fnt\n|faint|p1a: Feunard\n|\n|-weather|Snow|[upkeep]\n|upkeep\n|\n|t:|1699712758\n|switch|p1a: Cizayox|Scizor-Mega, F|100\/100\n|turn|15\n|\n|t:|1699712803\n|move|p1a: Cizayox|Bullet Punch|p2a: R\u00e2\n|-damage|p2a: R\u00e2|0 fnt\n|faint|p2a: R\u00e2\n|\n|-weather|none\n|upkeep\n|\n|t:|1699712809\n|switch|p2a: Ponpon|Ogerpon, F|100\/100\n|turn|16\n|\n|t:|1699712822\n|move|p2a: Ponpon|Poltergeist|p1a: Cizayox|[miss]\n|-miss|p2a: Ponpon|p1a: Cizayox\n|move|p1a: Cizayox|U-turn|p2a: Ponpon\n|-resisted|p2a: Ponpon\n|-damage|p2a: Ponpon|53\/100\n|replace|p2a: Zoro|Zoroark-Hisui, M, shiny\n|-end|p2a: Zoro|Illusion\n|\n|t:|1699712835\n|switch|p1a: M\u00e9tamorph|Ditto|100\/100|[from] U-turn\n|-transform|p1a: M\u00e9tamorph|p2a: Zoro|[from] ability: Imposter\n|\n|upkeep\n|turn|17\n|\n|t:|1699712861\n|switch|p1a: Cizayox|Scizor-Mega, F|100\/100\n|move|p2a: Zoro|Swords Dance|p2a: Zoro\n|-boost|p2a: Zoro|atk|2\n|\n|upkeep\n|turn|18\n|\n|t:|1699712868\n|move|p1a: Cizayox|Bullet Punch|p2a: Zoro\n|-damage|p2a: Zoro|0 fnt\n|faint|p2a: Zoro\n|\n|upkeep\n|\n|t:|1699712873\n|switch|p2a: Ponpon|Ogerpon, F|100\/100\n|turn|19\n|\n|t:|1699712886\n|move|p2a: Ponpon|Ivy Cudgel|p1a: Cizayox\n|-resisted|p1a: Cizayox\n|-crit|p1a: Cizayox\n|-damage|p1a: Cizayox|75\/100\n|move|p1a: Cizayox|U-turn|p2a: Ponpon\n|-supereffective|p2a: Ponpon\n|-damage|p2a: Ponpon|0 fnt\n|faint|p2a: Ponpon\n|\n|win|Dezjaws\n|c|\u2606AshtonCoolGuy|gg\n|l|\u2606Dezjaws\n|l|\u2606AshtonCoolGuy\n|j|\u2606Dezjaws\n|player|p1|Dezjaws|ghetsis\n|l|\u2606Dezjaws\n|player|p1|\n|j|\u2606Dezjaws\n|player|p1|Dezjaws|ghetsis\n","uploadtime":1699712935,"views":6,"p1id":"dezjaws","p2id":"ashtoncoolguy","formatid":"gen9nationaldex","rating":0,"private":0,"password":""}