{"id":"gen9nationaldex-1996785529","p1":"draco cula","p2":"mantidfly","format":"[Gen 9] National Dex","log":"|html|<div class=\"broadcast-blue\"><strong>[Gen 9] National Dex is currently suspecting Sneasler! For information on how to participate check out the <a href=\"https:\/\/www.smogon.com\/forums\/threads\/sv-national-dex-suspect-8-just-dance.3731534\/\">suspect thread<\/a>.<\/strong><\/div>\n|j|\u2606draco cula\n|j|\u2606mantidfly\n|t:|1700724980\n|gametype|singles\n|player|p1|draco cula|blue|1072\n|player|p2|mantidfly|policeman-gen4|1121\n|teamsize|p1|6\n|teamsize|p2|6\n|gen|9\n|tier|[Gen 9] National Dex\n|rated|\n|rule|HP Percentage Mod: HP is shown in percentages\n|rule|Endless Battle Clause: Forcing endless battles is banned\n|rule|OHKO Clause: OHKO moves are banned\n|rule|Evasion Clause: Evasion abilities, items, and moves are banned\n|rule|Evasion Abilities Clause: Evasion abilities are banned\n|rule|Evasion Items Clause: Evasion items are banned\n|rule|Evasion Moves Clause: Evasion moves are banned\n|rule|Species Clause: Limit one of each Pok\u00e9mon\n|rule|Sleep Clause Mod: Limit one foe put to sleep\n|clearpoke\n|poke|p1|Charizard, M|\n|poke|p1|Gengar, F|\n|poke|p1|Blaziken, F|\n|poke|p1|Feraligatr, F|\n|poke|p1|Sirfetch\u2019d, F|\n|poke|p1|Shuckle, F|\n|poke|p2|Quaquaval, M|\n|poke|p2|Weavile, M|\n|poke|p2|Scizor, M|\n|poke|p2|Murkrow, M|\n|poke|p2|Slurpuff, M|\n|poke|p2|Sceptile, F|\n|teampreview\n|inactive|Battle timer is ON: inactive players will automatically lose when time's up. (requested by draco cula)\n|c|\u2606mantidfly|Glhf\n|\n|t:|1700724991\n|start\n|switch|p1a: Shuckle|Shuckle, F|100\/100\n|switch|p2a: Slurpuff|Slurpuff, M|100\/100\n|turn|1\n|\n|t:|1700724996\n|move|p2a: Slurpuff|Belly Drum|p2a: Slurpuff\n|-damage|p2a: Slurpuff|50\/100\n|-setboost|p2a: Slurpuff|atk|6|[from] move: Belly Drum\n|-enditem|p2a: Slurpuff|Sitrus Berry|[eat]\n|-heal|p2a: Slurpuff|75\/100|[from] item: Sitrus Berry\n|move|p1a: Shuckle|Sticky Web|p2a: Slurpuff\n|-sidestart|p2: mantidfly|move: Sticky Web\n|\n|upkeep\n|turn|2\n|\n|t:|1700725008\n|move|p2a: Slurpuff|Sticky Web|p1a: Shuckle\n|-sidestart|p1: draco cula|move: Sticky Web\n|move|p1a: Shuckle|Toxic|p2a: Slurpuff\n|-status|p2a: Slurpuff|tox\n|\n|-damage|p2a: Slurpuff|69\/100 tox|[from] psn\n|upkeep\n|turn|3\n|\n|t:|1700725022\n|move|p2a: Slurpuff|Drain Punch|p1a: Shuckle\n|-damage|p1a: Shuckle|33\/100\n|-heal|p2a: Slurpuff|89\/100 tox|[from] drain|[of] p1a: Shuckle\n|move|p1a: Shuckle|Stealth Rock|p2a: Slurpuff\n|-sidestart|p2: mantidfly|move: Stealth Rock\n|\n|-damage|p2a: Slurpuff|77\/100 tox|[from] psn\n|upkeep\n|turn|4\n|\n|t:|1700725030\n|move|p2a: Slurpuff|Drain Punch|p1a: Shuckle\n|-damage|p1a: Shuckle|0 fnt\n|-heal|p2a: Slurpuff|86\/100 tox|[from] drain|[of] p1a: Shuckle\n|faint|p1a: Shuckle\n|\n|-damage|p2a: Slurpuff|68\/100 tox|[from] psn\n|upkeep\n|\n|t:|1700725046\n|switch|p1a: Charizard|Charizard, M|100\/100\n|turn|5\n|\n|t:|1700725052\n|move|p2a: Slurpuff|Play Rough|p1a: Charizard\n|-resisted|p1a: Charizard\n|-damage|p1a: Charizard|4\/100\n|move|p1a: Charizard|Fire Blast|p2a: Slurpuff\n|-damage|p2a: Slurpuff|0 fnt\n|faint|p2a: Slurpuff\n|\n|upkeep\n|\n|t:|1700725064\n|switch|p2a: Bal Chagi|Quaquaval, M|100\/100\n|-activate|p2a: Bal Chagi|move: Sticky Web\n|-unboost|p2a: Bal Chagi|spe|1\n|-damage|p2a: Bal Chagi|94\/100|[from] Stealth Rock\n|turn|6\n|\n|t:|1700725072\n|detailschange|p1a: Charizard|Charizard-Mega-X, M\n|-mega|p1a: Charizard|Charizard|Charizardite X\n|move|p1a: Charizard|Thunder Punch|p2a: Bal Chagi\n|-supereffective|p2a: Bal Chagi\n|-damage|p2a: Bal Chagi|17\/100\n|move|p2a: Bal Chagi|Aqua Step|p1a: Charizard\n|-damage|p1a: Charizard|0 fnt\n|-boost|p2a: Bal Chagi|spe|1\n|faint|p1a: Charizard\n|-ability|p2a: Bal Chagi|Moxie|boost\n|-boost|p2a: Bal Chagi|atk|1\n|\n|upkeep\n|\n|t:|1700725090\n|switch|p1a: Sirfetch\u2019d|Sirfetch\u2019d, F|100\/100\n|-activate|p1a: Sirfetch\u2019d|move: Sticky Web\n|-unboost|p1a: Sirfetch\u2019d|spe|1\n|turn|7\n|\n|t:|1700725100\n|move|p2a: Bal Chagi|Aqua Step|p1a: Sirfetch\u2019d\n|-damage|p1a: Sirfetch\u2019d|5\/100\n|-boost|p2a: Bal Chagi|spe|1\n|move|p1a: Sirfetch\u2019d|Leaf Blade|p2a: Bal Chagi\n|-supereffective|p2a: Bal Chagi\n|-crit|p2a: Bal Chagi\n|-damage|p2a: Bal Chagi|0 fnt\n|faint|p2a: Bal Chagi\n|\n|upkeep\n|\n|t:|1700725121\n|switch|p2a: Murkrow|Murkrow, M|100\/100\n|-damage|p2a: Murkrow|76\/100|[from] Stealth Rock\n|turn|8\n|inactive|mantidfly has 120 seconds left.\n|\n|t:|1700725144\n|move|p2a: Murkrow|Calm Mind|p2a: Murkrow\n|-boost|p2a: Murkrow|spa|1\n|-boost|p2a: Murkrow|spd|1\n|move|p1a: Sirfetch\u2019d|Brave Bird|p2a: Murkrow\n|-crit|p2a: Murkrow\n|-damage|p2a: Murkrow|0 fnt\n|faint|p2a: Murkrow\n|-damage|p1a: Sirfetch\u2019d|0 fnt|[from] Recoil\n|faint|p1a: Sirfetch\u2019d\n|\n|upkeep\n|inactive|mantidfly has 120 seconds left.\n|\n|t:|1700725160\n|switch|p2a: Gunter|Sceptile, F|100\/100\n|switch|p1a: Blaziken|Blaziken, F|100\/100\n|-activate|p2a: Gunter|move: Sticky Web\n|-unboost|p2a: Gunter|spe|1\n|-damage|p2a: Gunter|88\/100|[from] Stealth Rock\n|-activate|p1a: Blaziken|move: Sticky Web\n|-unboost|p1a: Blaziken|spe|1\n|turn|9\n|inactive|mantidfly has 120 seconds left.\n|\n|t:|1700725169\n|move|p2a: Gunter|Endure|p2a: Gunter\n|-singleturn|p2a: Gunter|move: Endure\n|move|p1a: Blaziken|Blaze Kick|p2a: Gunter\n|-supereffective|p2a: Gunter\n|-activate|p2a: Gunter|move: Endure\n|-damage|p2a: Gunter|1\/100\n|-enditem|p2a: Gunter|Weakness Policy\n|-boost|p2a: Gunter|atk|2|[from] item: Weakness Policy\n|-boost|p2a: Gunter|spa|2|[from] item: Weakness Policy\n|\n|-ability|p1a: Blaziken|Speed Boost|boost\n|-boost|p1a: Blaziken|spe|1\n|upkeep\n|turn|10\n|inactive|mantidfly has 120 seconds left.\n|\n|t:|1700725183\n|move|p2a: Gunter|Acrobatics|p1a: Blaziken\n|-supereffective|p1a: Blaziken\n|-damage|p1a: Blaziken|0 fnt\n|faint|p1a: Blaziken\n|\n|upkeep\n|\n|t:|1700725192\n|switch|p1a: Gengar|Gengar, F|100\/100\n|-activate|p1a: Gengar|move: Sticky Web\n|-unboost|p1a: Gengar|spe|1\n|turn|11\n|\n|t:|1700725211\n|move|p2a: Gunter|Earthquake|p1a: Gengar\n|-supereffective|p1a: Gengar\n|-damage|p1a: Gengar|0 fnt\n|-start|p2a: Gunter|Disable|Earthquake|[from] ability: Cursed Body|[of] p1a: Gengar\n|faint|p1a: Gengar\n|\n|upkeep\n|\n|t:|1700725218\n|switch|p1a: Feraligatr|Feraligatr, F|100\/100\n|-activate|p1a: Feraligatr|move: Sticky Web\n|-unboost|p1a: Feraligatr|spe|1\n|turn|12\n|\n|t:|1700725225\n|-terastallize|p1a: Feraligatr|Steel\n|move|p2a: Gunter|Leaf Blade|p1a: Feraligatr\n|-resisted|p1a: Feraligatr\n|-damage|p1a: Feraligatr|67\/100\n|move|p1a: Feraligatr|Ice Fang|p2a: Gunter\n|-supereffective|p2a: Gunter\n|-damage|p2a: Gunter|0 fnt\n|faint|p2a: Gunter\n|\n|-heal|p1a: Feraligatr|73\/100|[from] item: Leftovers\n|upkeep\n|\n|t:|1700725241\n|switch|p2a: Scizor|Scizor, M|100\/100\n|-activate|p2a: Scizor|move: Sticky Web\n|-unboost|p2a: Scizor|spe|1\n|-damage|p2a: Scizor|88\/100|[from] Stealth Rock\n|turn|13\n|\n|t:|1700725248\n|detailschange|p2a: Scizor|Scizor-Mega, M\n|-mega|p2a: Scizor|Scizor|Scizorite\n|move|p1a: Feraligatr|Dragon Dance|p1a: Feraligatr\n|-boost|p1a: Feraligatr|atk|1\n|-boost|p1a: Feraligatr|spe|1\n|move|p2a: Scizor|Close Combat|p1a: Feraligatr\n|-supereffective|p1a: Feraligatr\n|-damage|p1a: Feraligatr|0 fnt\n|-unboost|p2a: Scizor|def|1\n|-unboost|p2a: Scizor|spd|1\n|faint|p1a: Feraligatr\n|\n|win|mantidfly\n|raw|draco cula's rating: 1072 &rarr; <strong>1054<\/strong><br \/>(-18 for losing)\n|raw|mantidfly's rating: 1121 &rarr; <strong>1142<\/strong><br \/>(+21 for winning)\n|c|\u2606mantidfly|Gg\n|l|\u2606draco cula\n","uploadtime":1700725258,"views":2,"p1id":"dracocula","p2id":"mantidfly","formatid":"gen9nationaldex","rating":1054,"private":0,"password":""}