{"id":"gen9nationaldex-1995063011","p1":"RakzoTR","p2":"GameBored","format":"[Gen 9] National Dex","log":"|html|<div class=\"broadcast-blue\"><strong>[Gen 9] National Dex is currently suspecting Sneasler! For information on how to participate check out the <a href=\"https:\/\/www.smogon.com\/forums\/threads\/sv-national-dex-suspect-8-just-dance.3731534\/\">suspect thread<\/a>.<\/strong><\/div>\n|j|\u2606RakzoTR\n|j|\u2606GameBored\n|t:|1700518528\n|gametype|singles\n|player|p1|RakzoTR|gambler|1516\n|player|p2|GameBored|schoolkid-gen8|1572\n|teamsize|p1|6\n|teamsize|p2|6\n|gen|9\n|tier|[Gen 9] National Dex\n|rated|\n|rule|HP Percentage Mod: HP is shown in percentages\n|rule|Endless Battle Clause: Forcing endless battles is banned\n|rule|OHKO Clause: OHKO moves are banned\n|rule|Evasion Clause: Evasion abilities, items, and moves are banned\n|rule|Evasion Abilities Clause: Evasion abilities are banned\n|rule|Evasion Items Clause: Evasion items are banned\n|rule|Evasion Moves Clause: Evasion moves are banned\n|rule|Species Clause: Limit one of each Pok\u00e9mon\n|rule|Sleep Clause Mod: Limit one foe put to sleep\n|clearpoke\n|poke|p1|Goodra-Hisui, F|\n|poke|p1|Ogerpon-Wellspring, F|\n|poke|p1|Donphan, M|\n|poke|p1|Zamazenta-*|\n|poke|p1|Cinderace, M|\n|poke|p1|Zapdos|\n|poke|p2|Grimmsnarl, M|\n|poke|p2|Toxtricity, M|\n|poke|p2|Turtonator, M|\n|poke|p2|Sharpedo, M|\n|poke|p2|Slowbro-Galar, M|\n|poke|p2|Cofagrigus, M|\n|teampreview\n|inactive|Battle timer is ON: inactive players will automatically lose when time's up. (requested by GameBored)\n|\n|t:|1700518534\n|start\n|switch|p1a: Rhaenyra|Goodra-Hisui, F|100\/100\n|switch|p2a: Grimmsnarl|Grimmsnarl, M, shiny|100\/100\n|turn|1\n|\n|t:|1700518537\n|move|p2a: Grimmsnarl|Light Screen|p2a: Grimmsnarl\n|-sidestart|p2: GameBored|move: Light Screen\n|move|p1a: Rhaenyra|Flash Cannon|p2a: Grimmsnarl\n|-supereffective|p2a: Grimmsnarl\n|-damage|p2a: Grimmsnarl|69\/100\n|\n|upkeep\n|turn|2\n|\n|t:|1700518550\n|move|p2a: Grimmsnarl|Reflect|p2a: Grimmsnarl\n|-sidestart|p2: GameBored|Reflect\n|move|p1a: Rhaenyra|Flash Cannon|p2a: Grimmsnarl\n|-supereffective|p2a: Grimmsnarl\n|-damage|p2a: Grimmsnarl|36\/100\n|\n|upkeep\n|turn|3\n|\n|t:|1700518554\n|move|p2a: Grimmsnarl|Parting Shot|p1a: Rhaenyra\n|-unboost|p1a: Rhaenyra|atk|1\n|-unboost|p1a: Rhaenyra|spa|1\n|\n|t:|1700518560\n|switch|p2a: Slowbro|Slowbro-Galar, M, shiny|100\/100|[from] Parting Shot\n|move|p1a: Rhaenyra|Flash Cannon|p2a: Slowbro\n|-damage|p2a: Slowbro|86\/100\n|\n|upkeep\n|turn|4\n|\n|t:|1700518565\n|switch|p1a: Kandula|Donphan, M|100\/100\n|move|p2a: Slowbro|Belly Drum|p2a: Slowbro\n|-damage|p2a: Slowbro|36\/100\n|-setboost|p2a: Slowbro|atk|6|[from] move: Belly Drum\n|-enditem|p2a: Slowbro|Sitrus Berry|[eat]\n|-heal|p2a: Slowbro|61\/100|[from] item: Sitrus Berry\n|\n|upkeep\n|turn|5\n|-activate|p2a: Slowbro|ability: Quick Draw\n|\n|t:|1700518569\n|move|p2a: Slowbro|Earthquake|p1a: Kandula\n|-ability|p1a: Kandula|Sturdy\n|-damage|p1a: Kandula|1\/100\n|move|p1a: Kandula|Encore|p2a: Slowbro\n|-start|p2a: Slowbro|Encore\n|\n|upkeep\n|turn|6\n|-activate|p2a: Slowbro|ability: Quick Draw\n|\n|t:|1700518576\n|move|p2a: Slowbro|Earthquake|p1a: Kandula\n|-damage|p1a: Kandula|0 fnt\n|faint|p1a: Kandula\n|\n|upkeep\n|\n|t:|1700518583\n|switch|p1a: Zip-Zap-Dos|Zapdos|100\/100\n|turn|7\n|c|\u2606RakzoTR|Lucky\n|c|\u2606RakzoTR|XD\n|\n|t:|1700518590\n|move|p1a: Zip-Zap-Dos|Hurricane|p2a: Slowbro\n|-damage|p2a: Slowbro|23\/100\n|-start|p2a: Slowbro|confusion\n|-activate|p2a: Slowbro|confusion\n|move|p2a: Slowbro|Earthquake|p1a: Zip-Zap-Dos\n|-immune|p1a: Zip-Zap-Dos\n|\n|upkeep\n|turn|8\n|\n|t:|1700518598\n|move|p1a: Zip-Zap-Dos|Hurricane|p2a: Slowbro|[miss]\n|-miss|p1a: Zip-Zap-Dos|p2a: Slowbro\n|-activate|p2a: Slowbro|confusion\n|move|p2a: Slowbro|Earthquake|p1a: Zip-Zap-Dos\n|-immune|p1a: Zip-Zap-Dos\n|\n|-end|p2a: Slowbro|Encore\n|-sideend|p2: GameBored|move: Light Screen\n|upkeep\n|turn|9\n|\n|t:|1700518604\n|move|p1a: Zip-Zap-Dos|Volt Switch|p2a: Slowbro\n|-damage|p2a: Slowbro|0 fnt\n|faint|p2a: Slowbro\n|\n|t:|1700518610\n|switch|p1a: Ogo|Ogerpon-Wellspring, F|100\/100|[from] Volt Switch\n|\n|-sideend|p2: GameBored|Reflect\n|upkeep\n|\n|t:|1700518615\n|switch|p2a: Cofagrigus|Cofagrigus, M, shiny|100\/100\n|turn|10\n|\n|t:|1700518632\n|move|p1a: Ogo|Substitute|p1a: Ogo\n|-start|p1a: Ogo|Substitute\n|-damage|p1a: Ogo|76\/100\n|move|p2a: Cofagrigus|Will-O-Wisp||[still]\n|-fail|p2a: Cofagrigus\n|\n|upkeep\n|turn|11\n|\n|t:|1700518637\n|-terastallize|p1a: Ogo|Water\n|detailschange|p1a: Ogo|Ogerpon-Wellspring-Tera, F, tera:Water\n|-ability|p1a: Ogo|Embody Aspect (Wellspring)|boost\n|-boost|p1a: Ogo|spd|1\n|move|p1a: Ogo|Swords Dance|p1a: Ogo\n|-boost|p1a: Ogo|atk|2\n|move|p2a: Cofagrigus|Haze|p2a: Cofagrigus\n|-clearallboost\n|\n|upkeep\n|turn|12\n|\n|t:|1700518643\n|move|p1a: Ogo|Swords Dance|p1a: Ogo\n|-boost|p1a: Ogo|atk|2\n|move|p2a: Cofagrigus|Night Shade|p1a: Ogo\n|-end|p1a: Ogo|Substitute\n|\n|upkeep\n|turn|13\n|\n|t:|1700518648\n|move|p1a: Ogo|Ivy Cudgel|p2a: Cofagrigus|[anim] Ivy Cudgel Water\n|-damage|p2a: Cofagrigus|0 fnt\n|faint|p2a: Cofagrigus\n|\n|upkeep\n|\n|t:|1700518656\n|switch|p2a: Grimmsnarl|Grimmsnarl, M, shiny|36\/100\n|turn|14\n|\n|t:|1700518671\n|move|p2a: Grimmsnarl|Taunt|p1a: Ogo\n|-start|p1a: Ogo|move: Taunt\n|move|p1a: Ogo|Ivy Cudgel|p2a: Grimmsnarl|[anim] Ivy Cudgel Water\n|-damage|p2a: Grimmsnarl|0 fnt\n|faint|p2a: Grimmsnarl\n|\n|upkeep\n|\n|t:|1700518675\n|switch|p2a: Toxtricity|Toxtricity, M, shiny|100\/100\n|turn|15\n|\n|t:|1700518678\n|move|p1a: Ogo|Ivy Cudgel|p2a: Toxtricity|[anim] Ivy Cudgel Water\n|-damage|p2a: Toxtricity|0 fnt\n|faint|p2a: Toxtricity\n|\n|upkeep\n|\n|t:|1700518685\n|switch|p2a: Sharpedo|Sharpedo, M, shiny|100\/100\n|turn|16\n|\n|t:|1700518698\n|switch|p1a: Zip-Zap-Dos|Zapdos|100\/100\n|move|p2a: Sharpedo|Protect||[still]\n|-fail|p2a: Sharpedo\n|\n|-ability|p2a: Sharpedo|Speed Boost|boost\n|-boost|p2a: Sharpedo|spe|1\n|upkeep\n|turn|17\n|\n|t:|1700518702\n|move|p2a: Sharpedo|Protect|p2a: Sharpedo\n|-singleturn|p2a: Sharpedo|Protect\n|move|p1a: Zip-Zap-Dos|Volt Switch|p2a: Sharpedo\n|-activate|p2a: Sharpedo|move: Protect\n|\n|-ability|p2a: Sharpedo|Speed Boost|boost\n|-boost|p2a: Sharpedo|spe|1\n|upkeep\n|turn|18\n|\n|t:|1700518707\n|switch|p2a: Turtonator|Turtonator, M, shiny|100\/100\n|move|p1a: Zip-Zap-Dos|Volt Switch|p2a: Turtonator\n|-resisted|p2a: Turtonator\n|-damage|p2a: Turtonator|71\/100\n|\n|t:|1700518714\n|switch|p1a: Ogo|Ogerpon-Wellspring-Tera, F, tera:Water|76\/100|[from] Volt Switch\n|-ability|p1a: Ogo|Embody Aspect (Wellspring)|boost\n|-boost|p1a: Ogo|spd|1\n|\n|upkeep\n|turn|19\n|\n|t:|1700518721\n|move|p1a: Ogo|Ivy Cudgel|p2a: Turtonator|[anim] Ivy Cudgel Water\n|-damage|p2a: Turtonator|0 fnt\n|faint|p2a: Turtonator\n|\n|upkeep\n|\n|t:|1700518726\n|switch|p2a: Sharpedo|Sharpedo, M, shiny|100\/100\n|turn|20\n|inactive|RakzoTR has 120 seconds left.\n|\n|t:|1700518760\n|move|p1a: Ogo|Ivy Cudgel|p2a: Sharpedo|[anim] Ivy Cudgel Water\n|-resisted|p2a: Sharpedo\n|-damage|p2a: Sharpedo|6\/100\n|move|p2a: Sharpedo|Crunch|p1a: Ogo\n|-damage|p1a: Ogo|16\/100\n|-unboost|p1a: Ogo|def|1\n|\n|-ability|p2a: Sharpedo|Speed Boost|boost\n|-boost|p2a: Sharpedo|spe|1\n|upkeep\n|turn|21\n|\n|t:|1700518767\n|move|p2a: Sharpedo|Crunch|p1a: Ogo\n|-damage|p1a: Ogo|0 fnt\n|faint|p1a: Ogo\n|\n|-ability|p2a: Sharpedo|Speed Boost|boost\n|-boost|p2a: Sharpedo|spe|1\n|upkeep\n|\n|t:|1700518775\n|switch|p1a: Zip-Zap-Dos|Zapdos|100\/100\n|turn|22\n|c|\u2606GameBored|there's still a chance\n|c|\u2606GameBored|i believe\n|\n|t:|1700518782\n|move|p2a: Sharpedo|Protect|p2a: Sharpedo\n|-singleturn|p2a: Sharpedo|Protect\n|move|p1a: Zip-Zap-Dos|Volt Switch|p2a: Sharpedo\n|-activate|p2a: Sharpedo|move: Protect\n|\n|-ability|p2a: Sharpedo|Speed Boost|boost\n|-boost|p2a: Sharpedo|spe|1\n|upkeep\n|turn|23\n|\n|t:|1700518793\n|detailschange|p2a: Sharpedo|Sharpedo-Mega, M, shiny\n|-mega|p2a: Sharpedo|Sharpedo|Sharpedonite\n|move|p2a: Sharpedo|Ice Fang|p1a: Zip-Zap-Dos\n|-supereffective|p1a: Zip-Zap-Dos\n|-damage|p1a: Zip-Zap-Dos|17\/100\n|-damage|p2a: Sharpedo|0 fnt|[from] item: Rocky Helmet|[of] p1a: Zip-Zap-Dos\n|faint|p2a: Sharpedo\n|\n|win|RakzoTR\n|raw|RakzoTR's rating: 1516 &rarr; <strong>1539<\/strong><br \/>(+23 for winning)\n|raw|GameBored's rating: 1572 &rarr; <strong>1549<\/strong><br \/>(-23 for losing)\n|c|\u2606GameBored|rip\n|c|\u2606GameBored|gg\n|l|\u2606GameBored\n|c|\u2606RakzoTR|Gg\n","uploadtime":1700519040,"views":1,"p1id":"rakzotr","p2id":"gamebored","formatid":"gen9nationaldex","rating":1539,"private":0,"password":""}