{"id":"gen9nationaldex-1995603553","p1":"Rafudia","p2":"mariousHex","format":"[Gen 9] National Dex","log":"|html|<div class=\"broadcast-blue\"><strong>[Gen 9] National Dex is currently suspecting Sneasler! For information on how to participate check out the <a href=\"https:\/\/www.smogon.com\/forums\/threads\/sv-national-dex-suspect-8-just-dance.3731534\/\">suspect thread<\/a>.<\/strong><\/div>\n|j|\u2606Rafudia\n|j|\u2606mariousHex\n|t:|1700586690\n|gametype|singles\n|player|p1|Rafudia|elesa|1606\n|player|p2|mariousHex|lillie-masters|1704\n|teamsize|p1|6\n|teamsize|p2|6\n|gen|9\n|tier|[Gen 9] National Dex\n|rated|\n|rule|HP Percentage Mod: HP is shown in percentages\n|rule|Endless Battle Clause: Forcing endless battles is banned\n|rule|OHKO Clause: OHKO moves are banned\n|rule|Evasion Clause: Evasion abilities, items, and moves are banned\n|rule|Evasion Abilities Clause: Evasion abilities are banned\n|rule|Evasion Items Clause: Evasion items are banned\n|rule|Evasion Moves Clause: Evasion moves are banned\n|rule|Species Clause: Limit one of each Pok\u00e9mon\n|rule|Sleep Clause Mod: Limit one foe put to sleep\n|clearpoke\n|poke|p1|Lopunny, F|\n|poke|p1|Glimmora, F|\n|poke|p1|Landorus-Therian, M|\n|poke|p1|Toxapex, F|\n|poke|p1|Volcarona, F|\n|poke|p1|Ferrothorn, M|\n|poke|p2|Gliscor, M|\n|poke|p2|Great Tusk|\n|poke|p2|Scizor, M|\n|poke|p2|Greninja-*, M|\n|poke|p2|Zapdos|\n|poke|p2|Toxapex, M|\n|teampreview\n|inactive|Battle timer is ON: inactive players will automatically lose when time's up. (requested by Rafudia)\n|\n|t:|1700586699\n|start\n|switch|p1a: Glimmora|Glimmora, F|100\/100\n|switch|p2a: Gliscor|Gliscor, M|100\/100\n|turn|1\n|\n|t:|1700586716\n|move|p2a: Gliscor|Protect|p2a: Gliscor\n|-singleturn|p2a: Gliscor|Protect\n|move|p1a: Glimmora|Spikes|p2a: Gliscor\n|-sidestart|p2: mariousHex|Spikes\n|\n|-status|p2a: Gliscor|tox|[from] item: Toxic Orb\n|upkeep\n|turn|2\n|\n|t:|1700586722\n|move|p1a: Glimmora|Energy Ball|p2a: Gliscor\n|-damage|p2a: Gliscor|76\/100 tox\n|move|p2a: Gliscor|Stealth Rock|p1a: Glimmora\n|-sidestart|p1: Rafudia|move: Stealth Rock\n|\n|-heal|p2a: Gliscor|89\/100 tox|[from] ability: Poison Heal\n|upkeep\n|turn|3\n|\n|t:|1700586730\n|move|p1a: Glimmora|Spikes|p2a: Gliscor\n|-sidestart|p2: mariousHex|Spikes\n|move|p2a: Gliscor|Earthquake|p1a: Glimmora\n|-supereffective|p1a: Glimmora\n|-enditem|p1a: Glimmora|Focus Sash\n|-damage|p1a: Glimmora|1\/100\n|-activate|p1a: Glimmora|ability: Toxic Debris\n|-sidestart|p2: mariousHex|move: Toxic Spikes\n|\n|-heal|p2a: Gliscor|100\/100 tox|[from] ability: Poison Heal\n|upkeep\n|turn|4\n|\n|t:|1700586733\n|move|p1a: Glimmora|Spikes|p2a: Gliscor\n|-sidestart|p2: mariousHex|Spikes\n|move|p2a: Gliscor|Earthquake|p1a: Glimmora\n|-supereffective|p1a: Glimmora\n|-damage|p1a: Glimmora|0 fnt\n|-activate|p1a: Glimmora|ability: Toxic Debris\n|-sidestart|p2: mariousHex|move: Toxic Spikes\n|faint|p1a: Glimmora\n|\n|upkeep\n|\n|t:|1700586739\n|switch|p1a: Lopunny|Lopunny, F|100\/100\n|-damage|p1a: Lopunny|88\/100|[from] Stealth Rock\n|turn|5\n|\n|t:|1700586742\n|detailschange|p1a: Lopunny|Lopunny-Mega, F\n|-mega|p1a: Lopunny|Lopunny|Lopunnite\n|move|p2a: Gliscor|Protect|p2a: Gliscor\n|-singleturn|p2a: Gliscor|Protect\n|move|p1a: Lopunny|Triple Axel|p2a: Gliscor\n|-activate|p2a: Gliscor|move: Protect\n|\n|upkeep\n|turn|6\n|\n|t:|1700586749\n|switch|p2a: Toxapex|Toxapex, M|100\/100\n|-damage|p2a: Toxapex|76\/100|[from] Spikes\n|-sideend|p2: mariousHex|move: Toxic Spikes|[of] p2a: Toxapex\n|move|p1a: Lopunny|U-turn|p2a: Toxapex\n|-resisted|p2a: Toxapex\n|-damage|p2a: Toxapex|68\/100\n|\n|t:|1700586756\n|switch|p1a: Landorus|Landorus-Therian, M|100\/100|[from] U-turn\n|-damage|p1a: Landorus|88\/100|[from] Stealth Rock\n|-ability|p1a: Landorus|Intimidate|boost\n|-unboost|p2a: Toxapex|atk|1\n|\n|-heal|p1a: Landorus|94\/100|[from] item: Leftovers\n|upkeep\n|turn|7\n|\n|t:|1700586764\n|switch|p2a: Zapdos|Zapdos|100\/100\n|move|p1a: Landorus|Stealth Rock|p2a: Zapdos\n|-sidestart|p2: mariousHex|move: Stealth Rock\n|\n|-heal|p1a: Landorus|99\/100|[from] item: Leftovers\n|upkeep\n|turn|8\n|\n|t:|1700586772\n|move|p2a: Zapdos|Hurricane|p1a: Landorus\n|-damage|p1a: Landorus|67\/100\n|move|p1a: Landorus|Knock Off|p2a: Zapdos\n|-damage|p2a: Zapdos|79\/100\n|-enditem|p2a: Zapdos|Heavy-Duty Boots|[from] move: Knock Off|[of] p1a: Landorus\n|\n|-heal|p1a: Landorus|73\/100|[from] item: Leftovers\n|upkeep\n|turn|9\n|\n|t:|1700586780\n|move|p2a: Zapdos|Hurricane|p1a: Landorus|[miss]\n|-miss|p2a: Zapdos|p1a: Landorus\n|move|p1a: Landorus|U-turn|p2a: Zapdos\n|-resisted|p2a: Zapdos\n|-damage|p2a: Zapdos|71\/100\n|\n|t:|1700586790\n|switch|p1a: Lopunny|Lopunny-Mega, F|88\/100|[from] U-turn\n|-damage|p1a: Lopunny|82\/100|[from] Stealth Rock\n|\n|upkeep\n|turn|10\n|inactive|mariousHex has 120 seconds left.\n|\n|t:|1700586823\n|switch|p2a: Toxapex|Toxapex, M|100\/100\n|-damage|p2a: Toxapex|76\/100|[from] Spikes\n|-damage|p2a: Toxapex|64\/100|[from] Stealth Rock\n|move|p1a: Lopunny|Triple Axel|p2a: Toxapex\n|-resisted|p2a: Toxapex\n|-damage|p2a: Toxapex|61\/100\n|-hitcount|p2a: Toxapex|1\n|\n|upkeep\n|turn|11\n|\n|t:|1700586832\n|move|p1a: Lopunny|U-turn|p2a: Toxapex\n|-resisted|p2a: Toxapex\n|-damage|p2a: Toxapex|53\/100\n|\n|t:|1700586835\n|switch|p1a: Landorus|Landorus-Therian, M|73\/100|[from] U-turn\n|-damage|p1a: Landorus|61\/100|[from] Stealth Rock\n|-ability|p1a: Landorus|Intimidate|boost\n|-unboost|p2a: Toxapex|atk|1\n|move|p2a: Toxapex|Toxic Spikes|p1a: Landorus\n|-sidestart|p1: Rafudia|move: Toxic Spikes\n|\n|-heal|p1a: Landorus|67\/100|[from] item: Leftovers\n|upkeep\n|turn|12\n|\n|t:|1700586843\n|move|p1a: Landorus|Knock Off|p2a: Toxapex\n|-damage|p2a: Toxapex|33\/100\n|-enditem|p2a: Toxapex|Covert Cloak|[from] move: Knock Off|[of] p1a: Landorus\n|move|p2a: Toxapex|Scald|p1a: Landorus\n|-supereffective|p1a: Landorus\n|-damage|p1a: Landorus|41\/100\n|\n|-heal|p1a: Landorus|47\/100|[from] item: Leftovers\n|upkeep\n|turn|13\n|\n|t:|1700586849\n|move|p1a: Landorus|Earthquake|p2a: Toxapex\n|-supereffective|p2a: Toxapex\n|-damage|p2a: Toxapex|0 fnt\n|faint|p2a: Toxapex\n|\n|-heal|p1a: Landorus|53\/100|[from] item: Leftovers\n|upkeep\n|\n|t:|1700586852\n|switch|p2a: Great Tusk|Great Tusk|100\/100\n|-damage|p2a: Great Tusk|76\/100|[from] Spikes\n|-damage|p2a: Great Tusk|73\/100|[from] Stealth Rock\n|-enditem|p2a: Great Tusk|Booster Energy\n|-activate|p2a: Great Tusk|ability: Protosynthesis|[fromitem]\n|-start|p2a: Great Tusk|protosynthesisspe\n|turn|14\n|\n|t:|1700586860\n|switch|p1a: Ferrothorn|Ferrothorn, M|100\/100\n|-damage|p1a: Ferrothorn|94\/100|[from] Stealth Rock\n|move|p2a: Great Tusk|Rapid Spin|p1a: Ferrothorn\n|-resisted|p1a: Ferrothorn\n|-damage|p1a: Ferrothorn|90\/100\n|-boost|p2a: Great Tusk|spe|1\n|-damage|p2a: Great Tusk|60\/100|[from] ability: Iron Barbs|[of] p1a: Ferrothorn\n|-sideend|p2: mariousHex|Spikes|[from] move: Rapid Spin|[of] p2a: Great Tusk\n|-sideend|p2: mariousHex|Stealth Rock|[from] move: Rapid Spin|[of] p2a: Great Tusk\n|\n|-heal|p1a: Ferrothorn|97\/100|[from] item: Leftovers\n|upkeep\n|turn|15\n|\n|t:|1700586877\n|-end|p2a: Great Tusk|Protosynthesis|[silent]\n|switch|p2a: Zapdos|Zapdos|71\/100\n|move|p1a: Ferrothorn|Leech Seed|p2a: Zapdos\n|-start|p2a: Zapdos|move: Leech Seed\n|\n|-heal|p1a: Ferrothorn|100\/100|[from] item: Leftovers\n|-damage|p2a: Zapdos|59\/100|[from] Leech Seed|[of] p1a: Ferrothorn\n|upkeep\n|turn|16\n|\n|t:|1700586884\n|switch|p1a: Landorus|Landorus-Therian, M|53\/100\n|-damage|p1a: Landorus|41\/100|[from] Stealth Rock\n|-ability|p1a: Landorus|Intimidate|boost\n|-unboost|p2a: Zapdos|atk|1\n|move|p2a: Zapdos|Roost|p2a: Zapdos\n|-heal|p2a: Zapdos|100\/100\n|-singleturn|p2a: Zapdos|move: Roost\n|\n|-heal|p1a: Landorus|47\/100|[from] item: Leftovers\n|-damage|p2a: Zapdos|88\/100|[from] Leech Seed|[of] p1a: Landorus\n|-heal|p1a: Landorus|59\/100|[silent]\n|upkeep\n|turn|17\n|\n|t:|1700586891\n|switch|p2a: Gliscor|Gliscor, M|100\/100 tox\n|move|p1a: Landorus|Stealth Rock|p2a: Gliscor\n|-sidestart|p2: mariousHex|move: Stealth Rock\n|\n|-heal|p1a: Landorus|65\/100|[from] item: Leftovers\n|upkeep\n|turn|18\n|\n|t:|1700586896\n|move|p2a: Gliscor|Toxic|p1a: Landorus\n|-status|p1a: Landorus|tox\n|move|p1a: Landorus|Knock Off|p2a: Gliscor\n|-damage|p2a: Gliscor|77\/100 tox\n|-enditem|p2a: Gliscor|Toxic Orb|[from] move: Knock Off|[of] p1a: Landorus\n|\n|-heal|p1a: Landorus|71\/100 tox|[from] item: Leftovers\n|-heal|p2a: Gliscor|89\/100 tox|[from] ability: Poison Heal\n|-damage|p1a: Landorus|65\/100 tox|[from] psn\n|upkeep\n|turn|19\n|\n|t:|1700586909\n|move|p2a: Gliscor|Earthquake|p1a: Landorus\n|-immune|p1a: Landorus\n|move|p1a: Landorus|U-turn|p2a: Gliscor\n|-resisted|p2a: Gliscor\n|-damage|p2a: Gliscor|81\/100 tox\n|\n|t:|1700586915\n|switch|p1a: Lopunny|Lopunny-Mega, F|82\/100|[from] U-turn\n|-damage|p1a: Lopunny|77\/100|[from] Stealth Rock\n|-status|p1a: Lopunny|psn\n|\n|-damage|p1a: Lopunny|64\/100 psn|[from] psn\n|-heal|p2a: Gliscor|93\/100 tox|[from] ability: Poison Heal\n|upkeep\n|turn|20\n|\n|t:|1700586925\n|move|p2a: Gliscor|Protect|p2a: Gliscor\n|-singleturn|p2a: Gliscor|Protect\n|move|p1a: Lopunny|Close Combat|p2a: Gliscor\n|-activate|p2a: Gliscor|move: Protect\n|\n|-damage|p1a: Lopunny|52\/100 psn|[from] psn\n|-heal|p2a: Gliscor|100\/100 tox|[from] ability: Poison Heal\n|upkeep\n|turn|21\n|\n|t:|1700586947\n|switch|p2a: Scizor|Scizor, M|100\/100\n|-damage|p2a: Scizor|88\/100|[from] Stealth Rock\n|move|p1a: Lopunny|Triple Axel|p2a: Scizor\n|-resisted|p2a: Scizor\n|-damage|p2a: Scizor|85\/100\n|-resisted|p2a: Scizor\n|-damage|p2a: Scizor|78\/100\n|-resisted|p2a: Scizor\n|-damage|p2a: Scizor|68\/100\n|-hitcount|p2a: Scizor|3\n|\n|-damage|p1a: Lopunny|40\/100 psn|[from] psn\n|upkeep\n|turn|22\n|\n|t:|1700586961\n|switch|p1a: Ferrothorn|Ferrothorn, M|100\/100\n|-damage|p1a: Ferrothorn|94\/100|[from] Stealth Rock\n|detailschange|p2a: Scizor|Scizor-Mega, M\n|-mega|p2a: Scizor|Scizor|Scizorite\n|move|p2a: Scizor|Bullet Punch|p1a: Ferrothorn\n|-resisted|p1a: Ferrothorn\n|-damage|p1a: Ferrothorn|85\/100\n|-damage|p2a: Scizor|55\/100|[from] ability: Iron Barbs|[of] p1a: Ferrothorn\n|\n|-heal|p1a: Ferrothorn|91\/100|[from] item: Leftovers\n|upkeep\n|turn|23\n|\n|t:|1700586964\n|move|p2a: Scizor|Knock Off|p1a: Ferrothorn\n|-damage|p1a: Ferrothorn|74\/100\n|-damage|p2a: Scizor|43\/100|[from] ability: Iron Barbs|[of] p1a: Ferrothorn\n|-enditem|p1a: Ferrothorn|Leftovers|[from] move: Knock Off|[of] p2a: Scizor\n|move|p1a: Ferrothorn|Thunder Wave|p2a: Scizor\n|-status|p2a: Scizor|par\n|\n|upkeep\n|turn|24\n|\n|t:|1700586971\n|move|p2a: Scizor|U-turn|p1a: Ferrothorn\n|-damage|p1a: Ferrothorn|55\/100\n|-damage|p2a: Scizor|31\/100 par|[from] ability: Iron Barbs|[of] p1a: Ferrothorn\n|\n|t:|1700586979\n|switch|p2a: Zapdos|Zapdos|88\/100|[from] U-turn\n|-damage|p2a: Zapdos|63\/100|[from] Stealth Rock\n|move|p1a: Ferrothorn|Leech Seed|p2a: Zapdos\n|-start|p2a: Zapdos|move: Leech Seed\n|\n|-damage|p2a: Zapdos|51\/100|[from] Leech Seed|[of] p1a: Ferrothorn\n|-heal|p1a: Ferrothorn|69\/100|[silent]\n|upkeep\n|turn|25\n|\n|t:|1700586986\n|move|p2a: Zapdos|Heat Wave|p1a: Ferrothorn\n|-supereffective|p1a: Ferrothorn\n|-damage|p1a: Ferrothorn|0 fnt\n|faint|p1a: Ferrothorn\n|\n|upkeep\n|\n|t:|1700586995\n|switch|p1a: Landorus|Landorus-Therian, M|65\/100 tox\n|-damage|p1a: Landorus|53\/100 tox|[from] Stealth Rock\n|-ability|p1a: Landorus|Intimidate|boost\n|-unboost|p2a: Zapdos|atk|1\n|turn|26\n|\n|t:|1700587006\n|move|p2a: Zapdos|Roost|p2a: Zapdos\n|-heal|p2a: Zapdos|100\/100\n|-singleturn|p2a: Zapdos|move: Roost\n|move|p1a: Landorus|Earthquake|p2a: Zapdos\n|-supereffective|p2a: Zapdos\n|-damage|p2a: Zapdos|33\/100\n|\n|-heal|p1a: Landorus|59\/100 tox|[from] item: Leftovers\n|-damage|p2a: Zapdos|21\/100|[from] Leech Seed|[of] p1a: Landorus\n|-heal|p1a: Landorus|71\/100 tox|[silent]\n|-damage|p1a: Landorus|65\/100 tox|[from] psn\n|upkeep\n|turn|27\n|\n|t:|1700587021\n|move|p2a: Zapdos|Roost|p2a: Zapdos\n|-heal|p2a: Zapdos|71\/100\n|-singleturn|p2a: Zapdos|move: Roost\n|move|p1a: Landorus|Knock Off|p2a: Zapdos\n|-crit|p2a: Zapdos\n|-damage|p2a: Zapdos|50\/100\n|\n|-heal|p1a: Landorus|71\/100 tox|[from] item: Leftovers\n|-damage|p2a: Zapdos|38\/100|[from] Leech Seed|[of] p1a: Landorus\n|-heal|p1a: Landorus|83\/100 tox|[silent]\n|-damage|p1a: Landorus|71\/100 tox|[from] psn\n|upkeep\n|turn|28\n|\n|t:|1700587027\n|switch|p2a: Gliscor|Gliscor, M|100\/100 tox\n|-damage|p2a: Gliscor|88\/100 tox|[from] Stealth Rock\n|move|p1a: Landorus|Earthquake|p2a: Gliscor\n|-immune|p2a: Gliscor\n|\n|-heal|p1a: Landorus|77\/100 tox|[from] item: Leftovers\n|-heal|p2a: Gliscor|100\/100 tox|[from] ability: Poison Heal\n|-damage|p1a: Landorus|59\/100 tox|[from] psn\n|upkeep\n|turn|29\n|\n|t:|1700587034\n|switch|p1a: Lopunny|Lopunny-Mega, F|40\/100 psn\n|-damage|p1a: Lopunny|34\/100 psn|[from] Stealth Rock\n|move|p2a: Gliscor|Toxic||[still]\n|-fail|p2a: Gliscor\n|\n|-damage|p1a: Lopunny|22\/100 psn|[from] psn\n|upkeep\n|turn|30\n|\n|t:|1700587057\n|move|p2a: Gliscor|Protect|p2a: Gliscor\n|-singleturn|p2a: Gliscor|Protect\n|move|p1a: Lopunny|Triple Axel|p2a: Gliscor\n|-activate|p2a: Gliscor|move: Protect\n|\n|-damage|p1a: Lopunny|10\/100 psn|[from] psn\n|upkeep\n|turn|31\n|\n|t:|1700587062\n|switch|p2a: Scizor|Scizor-Mega, M|31\/100 par\n|-damage|p2a: Scizor|19\/100 par|[from] Stealth Rock\n|move|p1a: Lopunny|Triple Axel|p2a: Scizor\n|-resisted|p2a: Scizor\n|-damage|p2a: Scizor|16\/100 par\n|-resisted|p2a: Scizor\n|-damage|p2a: Scizor|10\/100 par\n|-resisted|p2a: Scizor\n|-crit|p2a: Scizor\n|-damage|p2a: Scizor|0 fnt\n|faint|p2a: Scizor\n|-hitcount|p2: Scizor|3\n|\n|-damage|p1a: Lopunny|0 fnt|[from] psn\n|faint|p1a: Lopunny\n|upkeep\n|\n|t:|1700587073\n|switch|p1a: Toxapex|Toxapex, F|100\/100\n|switch|p2a: Greninja|Greninja, M|100\/100\n|-damage|p2a: Greninja|88\/100|[from] Stealth Rock\n|-damage|p1a: Toxapex|88\/100|[from] Stealth Rock\n|-sideend|p1: Rafudia|move: Toxic Spikes|[of] p1a: Toxapex\n|turn|32\n|\n|t:|1700587085\n|switch|p2a: Zapdos|Zapdos|38\/100\n|-damage|p2a: Zapdos|13\/100|[from] Stealth Rock\n|move|p1a: Toxapex|Toxic|p2a: Zapdos\n|-status|p2a: Zapdos|tox\n|\n|-damage|p2a: Zapdos|7\/100 tox|[from] psn\n|upkeep\n|turn|33\n|\n|t:|1700587089\n|move|p2a: Zapdos|Roost|p2a: Zapdos\n|-heal|p2a: Zapdos|57\/100 tox\n|-singleturn|p2a: Zapdos|move: Roost\n|move|p1a: Toxapex|Scald|p2a: Zapdos\n|-damage|p2a: Zapdos|40\/100 tox\n|\n|-damage|p2a: Zapdos|28\/100 tox|[from] psn\n|upkeep\n|turn|34\n|\n|t:|1700587095\n|move|p2a: Zapdos|Roost|p2a: Zapdos\n|-heal|p2a: Zapdos|78\/100 tox\n|-singleturn|p2a: Zapdos|move: Roost\n|move|p1a: Toxapex|Scald|p2a: Zapdos\n|-damage|p2a: Zapdos|62\/100 tox\n|\n|-damage|p2a: Zapdos|44\/100 tox|[from] psn\n|upkeep\n|turn|35\n|\n|t:|1700587100\n|move|p2a: Zapdos|Volt Switch|p1a: Toxapex\n|-supereffective|p1a: Toxapex\n|-damage|p1a: Toxapex|42\/100\n|\n|t:|1700587104\n|switch|p2a: Gliscor|Gliscor, M|100\/100 tox|[from] Volt Switch\n|-damage|p2a: Gliscor|88\/100 tox|[from] Stealth Rock\n|move|p1a: Toxapex|Scald|p2a: Gliscor\n|-supereffective|p2a: Gliscor\n|-damage|p2a: Gliscor|57\/100 tox\n|\n|-heal|p2a: Gliscor|70\/100 tox|[from] ability: Poison Heal\n|upkeep\n|turn|36\n|\n|t:|1700587111\n|switch|p1a: Landorus|Landorus-Therian, M|59\/100 tox\n|-damage|p1a: Landorus|47\/100 tox|[from] Stealth Rock\n|-ability|p1a: Landorus|Intimidate|boost\n|-unboost|p2a: Gliscor|atk|1\n|-terastallize|p2a: Gliscor|Dragon\n|move|p2a: Gliscor|Earthquake|p1a: Landorus\n|-immune|p1a: Landorus\n|\n|-heal|p1a: Landorus|53\/100 tox|[from] item: Leftovers\n|-heal|p2a: Gliscor|82\/100 tox|[from] ability: Poison Heal\n|-damage|p1a: Landorus|47\/100 tox|[from] psn\n|upkeep\n|turn|37\n|\n|t:|1700587118\n|move|p2a: Gliscor|Toxic|p1a: Landorus\n|-fail|p1a: Landorus|tox\n|move|p1a: Landorus|Earthquake|p2a: Gliscor\n|-crit|p2a: Gliscor\n|-damage|p2a: Gliscor|24\/100 tox\n|\n|-heal|p1a: Landorus|53\/100 tox|[from] item: Leftovers\n|-heal|p2a: Gliscor|37\/100 tox|[from] ability: Poison Heal\n|-damage|p1a: Landorus|41\/100 tox|[from] psn\n|upkeep\n|turn|38\n|\n|t:|1700587124\n|move|p2a: Gliscor|Protect|p2a: Gliscor\n|-singleturn|p2a: Gliscor|Protect\n|move|p1a: Landorus|U-turn|p2a: Gliscor\n|-activate|p2a: Gliscor|move: Protect\n|\n|-heal|p1a: Landorus|47\/100 tox|[from] item: Leftovers\n|-heal|p2a: Gliscor|49\/100 tox|[from] ability: Poison Heal\n|-damage|p1a: Landorus|29\/100 tox|[from] psn\n|upkeep\n|turn|39\n|\n|t:|1700587131\n|switch|p2a: Zapdos|Zapdos|44\/100 tox\n|-damage|p2a: Zapdos|19\/100 tox|[from] Stealth Rock\n|move|p1a: Landorus|U-turn|p2a: Zapdos\n|-resisted|p2a: Zapdos\n|-damage|p2a: Zapdos|11\/100 tox\n|\n|t:|1700587136\n|switch|p1a: Toxapex|Toxapex, F|75\/100|[from] U-turn\n|-damage|p1a: Toxapex|63\/100|[from] Stealth Rock\n|\n|-damage|p2a: Zapdos|5\/100 tox|[from] psn\n|upkeep\n|turn|40\n|\n|t:|1700587139\n|move|p2a: Zapdos|Volt Switch|p1a: Toxapex\n|-supereffective|p1a: Toxapex\n|-damage|p1a: Toxapex|19\/100\n|\n|t:|1700587144\n|switch|p2a: Great Tusk|Great Tusk|60\/100|[from] Volt Switch\n|-damage|p2a: Great Tusk|57\/100|[from] Stealth Rock\n|move|p1a: Toxapex|Scald|p2a: Great Tusk\n|-supereffective|p2a: Great Tusk\n|-damage|p2a: Great Tusk|14\/100\n|\n|upkeep\n|turn|41\n|\n|t:|1700587156\n|move|p2a: Great Tusk|Headlong Rush|p1a: Toxapex\n|-supereffective|p1a: Toxapex\n|-damage|p1a: Toxapex|0 fnt\n|-unboost|p2a: Great Tusk|def|1\n|-unboost|p2a: Great Tusk|spd|1\n|-damage|p2a: Great Tusk|0 fnt|[from] item: Rocky Helmet|[of] p1a: Toxapex\n|faint|p1a: Toxapex\n|faint|p2a: Great Tusk\n|-end|p2a: Great Tusk|Protosynthesis|[silent]\n|\n|upkeep\n|\n|t:|1700587171\n|switch|p2a: Greninja|Greninja, M|88\/100\n|switch|p1a: Volcarona|Volcarona, F|100\/100\n|-damage|p2a: Greninja|76\/100|[from] Stealth Rock\n|turn|42\n|\n|t:|1700587179\n|-terastallize|p1a: Volcarona|Grass\n|move|p2a: Greninja|Switcheroo|p1a: Volcarona\n|-activate|p2a: Greninja|move: Trick|[of] p1a: Volcarona\n|-item|p1a: Volcarona|Choice Specs|[from] move: Switcheroo\n|-item|p2a: Greninja|Heavy-Duty Boots|[from] move: Switcheroo\n|move|p1a: Volcarona|Quiver Dance|p1a: Volcarona\n|-boost|p1a: Volcarona|spa|1\n|-boost|p1a: Volcarona|spd|1\n|-boost|p1a: Volcarona|spe|1\n|\n|upkeep\n|turn|43\n|\n|t:|1700587188\n|switch|p1a: Landorus|Landorus-Therian, M|29\/100 tox\n|-damage|p1a: Landorus|17\/100 tox|[from] Stealth Rock\n|-ability|p1a: Landorus|Intimidate|boost\n|-unboost|p2a: Greninja|atk|1\n|move|p2a: Greninja|Dark Pulse|p1a: Landorus\n|-damage|p1a: Landorus|0 fnt\n|faint|p1a: Landorus\n|-ability|p2a: Greninja|Battle Bond|boost\n|-boost|p2a: Greninja|atk|1\n|-boost|p2a: Greninja|spa|1\n|-boost|p2a: Greninja|spe|1\n|-activate|p2a: Greninja|ability: Battle Bond\n|\n|upkeep\n|j| epongeggcarlate\n|c|\u2606mariousHex|gg\n|\n|t:|1700587198\n|switch|p1a: Volcarona|Volcarona, F, tera:Grass|100\/100\n|-damage|p1a: Volcarona|88\/100|[from] Stealth Rock\n|turn|44\n|\n|t:|1700587212\n|move|p2a: Greninja|Dark Pulse|p1a: Volcarona\n|-damage|p1a: Volcarona|45\/100\n|cant|p1a: Volcarona|flinch\n|\n|upkeep\n|turn|45\n|c|\u2606Rafudia|lol\n|\n|t:|1700587217\n|switch|p2a: Zapdos|Zapdos|5\/100 tox\n|-damage|p2a: Zapdos|0 fnt|[from] Stealth Rock\n|faint|p2a: Zapdos\n|move|p1a: Volcarona|Psychic|p2: Zapdos|[notarget]\n|-fail|p1a: Volcarona\n|\n|upkeep\n|\n|t:|1700587229\n|switch|p2a: Gliscor|Gliscor, M, tera:Dragon|49\/100 tox\n|-damage|p2a: Gliscor|37\/100 tox|[from] Stealth Rock\n|turn|46\n|\n|t:|1700587231\n|move|p2a: Gliscor|Protect|p2a: Gliscor\n|-singleturn|p2a: Gliscor|Protect\n|move|p1a: Volcarona|Psychic|p2a: Gliscor\n|-activate|p2a: Gliscor|move: Protect\n|\n|-heal|p2a: Gliscor|49\/100 tox|[from] ability: Poison Heal\n|upkeep\n|turn|47\n|\n|t:|1700587237\n|move|p1a: Volcarona|Psychic|p2a: Gliscor\n|-damage|p2a: Gliscor|14\/100 tox\n|move|p2a: Gliscor|Toxic|p1a: Volcarona\n|-status|p1a: Volcarona|tox\n|\n|-damage|p1a: Volcarona|39\/100 tox|[from] psn\n|-heal|p2a: Gliscor|27\/100 tox|[from] ability: Poison Heal\n|upkeep\n|turn|48\n|\n|t:|1700587241\n|move|p2a: Gliscor|Protect|p2a: Gliscor\n|-singleturn|p2a: Gliscor|Protect\n|move|p1a: Volcarona|Psychic|p2a: Gliscor\n|-activate|p2a: Gliscor|move: Protect\n|\n|-damage|p1a: Volcarona|26\/100 tox|[from] psn\n|-heal|p2a: Gliscor|39\/100 tox|[from] ability: Poison Heal\n|upkeep\n|turn|49\n|\n|t:|1700587251\n|move|p1a: Volcarona|Psychic|p2a: Gliscor\n|-damage|p2a: Gliscor|1\/100 tox\n|move|p2a: Gliscor|Earthquake|p1a: Volcarona\n|-resisted|p1a: Volcarona\n|-damage|p1a: Volcarona|6\/100 tox\n|\n|-damage|p1a: Volcarona|0 fnt|[from] psn\n|faint|p1a: Volcarona\n|\n|win|mariousHex\n|upkeep\n|raw|Rafudia's rating: 1606 &rarr; <strong>1591<\/strong><br \/>(-15 for losing)\n|raw|mariousHex's rating: 1704 &rarr; <strong>1719<\/strong><br \/>(+15 for winning)\n|l|\u2606Rafudia\n","uploadtime":1700587261,"views":0,"p1id":"rafudia","p2id":"marioushex","formatid":"gen9nationaldex","rating":1591,"private":0,"password":""}