{"id":"gen9nationaldex-1999971804","p1":"yikiru233","p2":"X3N037","format":"[Gen 9] National Dex","log":"|html|<div class=\"broadcast-blue\"><strong>[Gen 9] National Dex is currently suspecting Sneasler! For information on how to participate check out the <a href=\"https:\/\/www.smogon.com\/forums\/threads\/sv-national-dex-suspect-8-just-dance.3731534\/\">suspect thread<\/a>.<\/strong><\/div>\n|j|\u2606yikiru233\n|j|\u2606X3N037\n|t:|1701136166\n|gametype|singles\n|player|p1|yikiru233|ingo|1191\n|player|p2|X3N037|unknown|1266\n|teamsize|p1|6\n|teamsize|p2|6\n|gen|9\n|tier|[Gen 9] National Dex\n|rated|\n|rule|HP Percentage Mod: HP is shown in percentages\n|rule|Endless Battle Clause: Forcing endless battles is banned\n|rule|OHKO Clause: OHKO moves are banned\n|rule|Evasion Clause: Evasion abilities, items, and moves are banned\n|rule|Evasion Abilities Clause: Evasion abilities are banned\n|rule|Evasion Items Clause: Evasion items are banned\n|rule|Evasion Moves Clause: Evasion moves are banned\n|rule|Species Clause: Limit one of each Pok\u00e9mon\n|rule|Sleep Clause Mod: Limit one foe put to sleep\n|clearpoke\n|poke|p1|Nihilego|\n|poke|p1|Mimikyu, M|\n|poke|p1|Ogerpon-Wellspring, F|\n|poke|p1|Ting-Lu|\n|poke|p1|Moltres|\n|poke|p1|Aegislash, M|\n|poke|p2|Serperior, M|\n|poke|p2|Seismitoad, M|\n|poke|p2|Volcarona, F|\n|poke|p2|Golurk|\n|poke|p2|Escavalier, M|\n|poke|p2|Haxorus, M|\n|teampreview\n|inactive|Battle timer is ON: inactive players will automatically lose when time's up. (requested by yikiru233)\n|\n|t:|1701136179\n|start\n|switch|p1a: Ogerpon|Ogerpon-Wellspring, F|100\/100\n|switch|p2a: Escavalier|Escavalier, M|100\/100\n|turn|1\n|\n|t:|1701136198\n|move|p1a: Ogerpon|U-turn|p2a: Escavalier\n|-resisted|p2a: Escavalier\n|-damage|p2a: Escavalier|88\/100\n|-damage|p1a: Ogerpon|84\/100|[from] item: Rocky Helmet|[of] p2a: Escavalier\n|\n|t:|1701136206\n|switch|p1a: Ting-Lu|Ting-Lu|100\/100|[from] U-turn\n|-ability|p1a: Ting-Lu|Vessel of Ruin\n|move|p2a: Escavalier|Knock Off|p1a: Ting-Lu\n|-resisted|p1a: Ting-Lu\n|-damage|p1a: Ting-Lu|91\/100\n|-enditem|p1a: Ting-Lu|Leftovers|[from] move: Knock Off|[of] p2a: Escavalier\n|\n|upkeep\n|turn|2\n|\n|t:|1701136218\n|move|p1a: Ting-Lu|Stealth Rock|p2a: Escavalier\n|-sidestart|p2: X3N037|move: Stealth Rock\n|move|p2a: Escavalier|Iron Defense|p2a: Escavalier\n|-boost|p2a: Escavalier|def|2\n|\n|upkeep\n|turn|3\n|\n|t:|1701136229\n|move|p1a: Ting-Lu|Ruination|p2a: Escavalier\n|-damage|p2a: Escavalier|44\/100\n|move|p2a: Escavalier|Iron Defense|p2a: Escavalier\n|-boost|p2a: Escavalier|def|2\n|\n|upkeep\n|turn|4\n|\n|t:|1701136232\n|move|p2a: Escavalier|Iron Defense|p2a: Escavalier\n|-boost|p2a: Escavalier|def|2\n|move|p1a: Ting-Lu|Whirlwind|p2a: Escavalier\n|drag|p2a: Haxorus|Haxorus, M, shiny|100\/100\n|-damage|p2a: Haxorus|88\/100|[from] Stealth Rock\n|\n|upkeep\n|turn|5\n|inactive|yikiru233 has 120 seconds left.\n|\n|t:|1701136269\n|move|p2a: Haxorus|Dragon Dance|p2a: Haxorus\n|-boost|p2a: Haxorus|atk|1\n|-boost|p2a: Haxorus|spe|1\n|move|p1a: Ting-Lu|Ruination|p2a: Haxorus\n|-damage|p2a: Haxorus|45\/100\n|\n|upkeep\n|turn|6\n|\n|t:|1701136276\n|move|p2a: Haxorus|Outrage|p1a: Ting-Lu\n|-damage|p1a: Ting-Lu|34\/100\n|move|p1a: Ting-Lu|Whirlwind|p2a: Haxorus\n|drag|p2a: Volcarona|Volcarona, F|100\/100\n|\n|upkeep\n|turn|7\n|\n|t:|1701136289\n|move|p2a: Volcarona|Giga Drain|p1a: Ting-Lu\n|-supereffective|p1a: Ting-Lu\n|-damage|p1a: Ting-Lu|12\/100\n|move|p1a: Ting-Lu|Earthquake|p2a: Volcarona\n|-damage|p2a: Volcarona|45\/100\n|\n|upkeep\n|turn|8\n|\n|t:|1701136297\n|-terastallize|p1a: Ting-Lu|Poison\n|move|p2a: Volcarona|Giga Drain|p1a: Ting-Lu\n|-resisted|p1a: Ting-Lu\n|-damage|p1a: Ting-Lu|6\/100\n|-heal|p2a: Volcarona|50\/100|[from] drain|[of] p1a: Ting-Lu\n|move|p1a: Ting-Lu|Whirlwind|p2a: Volcarona\n|drag|p2a: Golurk|Golurk|100\/100\n|-damage|p2a: Golurk|94\/100|[from] Stealth Rock\n|\n|upkeep\n|turn|9\n|\n|t:|1701136312\n|move|p2a: Golurk|Earthquake|p1a: Ting-Lu\n|-supereffective|p1a: Ting-Lu\n|-damage|p1a: Ting-Lu|0 fnt\n|faint|p1a: Ting-Lu\n|\n|upkeep\n|inactive|yikiru233 has 120 seconds left.\n|\n|t:|1701136343\n|switch|p1a: Mimikyu|Mimikyu, M|100\/100\n|turn|10\n|\n|t:|1701136367\n|move|p1a: Mimikyu|Swords Dance|p1a: Mimikyu\n|-boost|p1a: Mimikyu|atk|2\n|move|p2a: Golurk|Darkest Lariat|p1a: Mimikyu\n|-activate|p1a: Mimikyu|ability: Disguise\n|-damage|p1a: Mimikyu|100\/100\n|detailschange|p1a: Mimikyu|Mimikyu-Busted, M\n|-damage|p1a: Mimikyu|88\/100|[from] pokemon: Mimikyu-Busted\n|\n|upkeep\n|turn|11\n|\n|t:|1701136385\n|move|p1a: Mimikyu|Shadow Claw|p2a: Golurk\n|-supereffective|p2a: Golurk\n|-damage|p2a: Golurk|0 fnt\n|faint|p2a: Golurk\n|-damage|p1a: Mimikyu|78\/100|[from] item: Life Orb\n|\n|upkeep\n|\n|t:|1701136398\n|switch|p2a: Escavalier|Escavalier, M|44\/100\n|-damage|p2a: Escavalier|32\/100|[from] Stealth Rock\n|turn|12\n|\n|t:|1701136423\n|move|p1a: Mimikyu|Shadow Claw|p2a: Escavalier\n|-damage|p2a: Escavalier|0 fnt\n|-damage|p1a: Mimikyu|62\/100|[from] item: Rocky Helmet|[of] p2a: Escavalier\n|faint|p2a: Escavalier\n|-damage|p1a: Mimikyu|52\/100|[from] item: Life Orb\n|\n|upkeep\n|\n|t:|1701136435\n|switch|p2a: Haxorus|Haxorus, M, shiny|45\/100\n|-damage|p2a: Haxorus|32\/100|[from] Stealth Rock\n|turn|13\n|\n|t:|1701136443\n|-terastallize|p2a: Haxorus|Steel\n|move|p1a: Mimikyu|Shadow Sneak|p2a: Haxorus\n|-damage|p2a: Haxorus|0 fnt\n|faint|p2a: Haxorus\n|-damage|p1a: Mimikyu|42\/100|[from] item: Life Orb\n|\n|upkeep\n|\n|t:|1701136451\n|switch|p2a: Serperior|Serperior, M|100\/100\n|-damage|p2a: Serperior|88\/100|[from] Stealth Rock\n|turn|14\n|\n|t:|1701136457\n|move|p1a: Mimikyu|Shadow Sneak|p2a: Serperior\n|-damage|p2a: Serperior|36\/100\n|-damage|p1a: Mimikyu|32\/100|[from] item: Life Orb\n|move|p2a: Serperior|Leaf Storm|p1a: Mimikyu\n|-damage|p1a: Mimikyu|0 fnt\n|-boost|p2a: Serperior|spa|2\n|faint|p1a: Mimikyu\n|\n|-heal|p2a: Serperior|42\/100|[from] item: Leftovers\n|upkeep\n|\n|t:|1701136470\n|switch|p1a: Moltres|Moltres|100\/100\n|turn|15\n|\n|t:|1701136475\n|move|p2a: Serperior|Glare|p1a: Moltres\n|-status|p1a: Moltres|par\n|move|p1a: Moltres|Mystical Fire|p2a: Serperior\n|-supereffective|p2a: Serperior\n|-damage|p2a: Serperior|0 fnt\n|faint|p2a: Serperior\n|\n|upkeep\n|\n|t:|1701136479\n|switch|p2a: Volcarona|Volcarona, F|50\/100\n|turn|16\n|\n|t:|1701136486\n|move|p2a: Volcarona|Quiver Dance|p2a: Volcarona\n|-boost|p2a: Volcarona|spa|1\n|-boost|p2a: Volcarona|spd|1\n|-boost|p2a: Volcarona|spe|1\n|move|p1a: Moltres|Mystical Fire|p2a: Volcarona\n|-damage|p2a: Volcarona|30\/100\n|-unboost|p2a: Volcarona|spa|1\n|\n|upkeep\n|turn|17\n|\n|t:|1701136497\n|move|p2a: Volcarona|Giga Drain|p1a: Moltres\n|-resisted|p1a: Moltres\n|-damage|p1a: Moltres|93\/100 par\n|-heal|p2a: Volcarona|34\/100|[from] drain|[of] p1a: Moltres\n|move|p1a: Moltres|Toxic|p2a: Volcarona|[miss]\n|-miss|p1a: Moltres|p2a: Volcarona\n|\n|upkeep\n|turn|18\n|\n|t:|1701136506\n|move|p2a: Volcarona|Quiver Dance|p2a: Volcarona\n|-boost|p2a: Volcarona|spa|1\n|-boost|p2a: Volcarona|spd|1\n|-boost|p2a: Volcarona|spe|1\n|move|p1a: Moltres|Toxic|p2a: Volcarona\n|-status|p2a: Volcarona|tox\n|\n|-damage|p2a: Volcarona|28\/100 tox|[from] psn\n|upkeep\n|turn|19\n|\n|t:|1701136513\n|move|p2a: Volcarona|Quiver Dance|p2a: Volcarona\n|-boost|p2a: Volcarona|spa|1\n|-boost|p2a: Volcarona|spd|1\n|-boost|p2a: Volcarona|spe|1\n|move|p1a: Moltres|Mystical Fire|p2a: Volcarona\n|-damage|p2a: Volcarona|16\/100 tox\n|-unboost|p2a: Volcarona|spa|1\n|\n|-damage|p2a: Volcarona|3\/100 tox|[from] psn\n|upkeep\n|turn|20\n|\n|t:|1701136524\n|move|p2a: Volcarona|Bug Buzz|p1a: Moltres\n|-resisted|p1a: Moltres\n|-damage|p1a: Moltres|75\/100 par\n|cant|p1a: Moltres|par\n|\n|-damage|p2a: Volcarona|0 fnt|[from] psn\n|faint|p2a: Volcarona\n|upkeep\n|\n|t:|1701136529\n|switch|p2a: Seismitoad|Seismitoad, M|100\/100\n|-damage|p2a: Seismitoad|94\/100|[from] Stealth Rock\n|turn|21\n|\n|t:|1701136538\n|move|p2a: Seismitoad|Ice Punch|p1a: Moltres\n|-damage|p1a: Moltres|59\/100 par\n|move|p1a: Moltres|Toxic|p2a: Seismitoad|[miss]\n|-miss|p1a: Moltres|p2a: Seismitoad\n|\n|-heal|p2a: Seismitoad|100\/100|[from] item: Leftovers\n|upkeep\n|turn|22\n|\n|t:|1701136545\n|move|p2a: Seismitoad|Liquidation|p1a: Moltres\n|-supereffective|p1a: Moltres\n|-damage|p1a: Moltres|5\/100 par\n|-unboost|p1a: Moltres|def|1\n|cant|p1a: Moltres|par\n|\n|upkeep\n|turn|23\n|\n|t:|1701136552\n|move|p2a: Seismitoad|Ice Punch|p1a: Moltres\n|-damage|p1a: Moltres|0 fnt\n|faint|p1a: Moltres\n|\n|upkeep\n|\n|t:|1701136556\n|switch|p1a: Ogerpon|Ogerpon-Wellspring, F|84\/100\n|turn|24\n|\n|t:|1701136564\n|move|p1a: Ogerpon|Power Whip|p2a: Seismitoad|[miss]\n|-miss|p1a: Ogerpon|p2a: Seismitoad\n|move|p2a: Seismitoad|Toxic|p1a: Ogerpon\n|-status|p1a: Ogerpon|tox\n|\n|-damage|p1a: Ogerpon|78\/100 tox|[from] psn\n|upkeep\n|turn|25\n|\n|t:|1701136579\n|move|p1a: Ogerpon|Power Whip|p2a: Seismitoad|[miss]\n|-miss|p1a: Ogerpon|p2a: Seismitoad\n|move|p2a: Seismitoad|Ice Punch|p1a: Ogerpon\n|-damage|p1a: Ogerpon|50\/100 tox\n|\n|-damage|p1a: Ogerpon|38\/100 tox|[from] psn\n|upkeep\n|turn|26\n|\n|t:|1701136587\n|move|p1a: Ogerpon|Power Whip|p2a: Seismitoad|[miss]\n|-miss|p1a: Ogerpon|p2a: Seismitoad\n|move|p2a: Seismitoad|Ice Punch|p1a: Ogerpon\n|-damage|p1a: Ogerpon|9\/100 tox\n|\n|-damage|p1a: Ogerpon|0 fnt|[from] psn\n|faint|p1a: Ogerpon\n|upkeep\n|inactive|yikiru233 has 120 seconds left.\n|\n|t:|1701136621\n|switch|p1a: Aegislash|Aegislash, M|100\/100\n|turn|27\n|\n|t:|1701136627\n|move|p1a: Aegislash|King's Shield|p1a: Aegislash\n|-singleturn|p1a: Aegislash|Protect\n|move|p2a: Seismitoad|Earthquake|p1a: Aegislash\n|-activate|p1a: Aegislash|move: Protect\n|\n|upkeep\n|turn|28\n|\n|t:|1701136644\n|-formechange|p1a: Aegislash|Aegislash-Blade||[from] ability: Stance Change\n|move|p1a: Aegislash|Shadow Ball|p2a: Seismitoad\n|-damage|p2a: Seismitoad|51\/100\n|-unboost|p2a: Seismitoad|spd|1\n|move|p2a: Seismitoad|Earthquake|p1a: Aegislash\n|-supereffective|p1a: Aegislash\n|-damage|p1a: Aegislash|0 fnt\n|faint|p1a: Aegislash\n|\n|-heal|p2a: Seismitoad|57\/100|[from] item: Leftovers\n|upkeep\n|\n|t:|1701136654\n|switch|p1a: Nihilego|Nihilego, shiny|100\/100\n|turn|29\n|\n|t:|1701136659\n|move|p1a: Nihilego|Grass Knot|p2a: Seismitoad\n|-supereffective|p2a: Seismitoad\n|-damage|p2a: Seismitoad|0 fnt\n|faint|p2a: Seismitoad\n|\n|win|yikiru233\n|raw|yikiru233's rating: 1191 &rarr; <strong>1221<\/strong><br \/>(+30 for winning)\n|raw|X3N037's rating: 1266 &rarr; <strong>1236<\/strong><br \/>(-30 for losing)\n|l|\u2606yikiru233\n","uploadtime":1701136713,"views":3,"p1id":"yikiru233","p2id":"x3n037","formatid":"gen9nationaldex","rating":1221,"private":0,"password":""}