{"id":"gen9nationaldex-1995940833","p1":"cookiesinmilk","p2":"Zayko_096","format":"[Gen 9] National Dex","log":"|html|<div class=\"broadcast-blue\"><strong>[Gen 9] National Dex is currently suspecting Sneasler! For information on how to participate check out the <a href=\"https:\/\/www.smogon.com\/forums\/threads\/sv-national-dex-suspect-8-just-dance.3731534\/\">suspect thread<\/a>.<\/strong><\/div>\n|j|\u2606cookiesinmilk\n|j|\u2606Zayko_096\n|t:|1700619916\n|gametype|singles\n|player|p1|cookiesinmilk|iris-gen5bw2|1322\n|player|p2|Zayko_096|colress|1209\n|teamsize|p1|6\n|teamsize|p2|6\n|gen|9\n|tier|[Gen 9] National Dex\n|rated|\n|rule|HP Percentage Mod: HP is shown in percentages\n|rule|Endless Battle Clause: Forcing endless battles is banned\n|rule|OHKO Clause: OHKO moves are banned\n|rule|Evasion Clause: Evasion abilities, items, and moves are banned\n|rule|Evasion Abilities Clause: Evasion abilities are banned\n|rule|Evasion Items Clause: Evasion items are banned\n|rule|Evasion Moves Clause: Evasion moves are banned\n|rule|Species Clause: Limit one of each Pok\u00e9mon\n|rule|Sleep Clause Mod: Limit one foe put to sleep\n|clearpoke\n|poke|p1|Wyrdeer, F|\n|poke|p1|Mawile, M|\n|poke|p1|Tangrowth, M|\n|poke|p1|Armarouge, F|\n|poke|p1|Blissey, F|\n|poke|p1|Ampharos, F|\n|poke|p2|Glimmora, M|\n|poke|p2|Banette, M|\n|poke|p2|Kartana|\n|poke|p2|Meowscarada, M|\n|poke|p2|Espeon, M|\n|poke|p2|Ceruledge, M|\n|teampreview\n|\n|t:|1700619921\n|start\n|switch|p1a: Ampharos|Ampharos, F|100\/100\n|switch|p2a: Glimmora|Glimmora, M|100\/100\n|-item|p2a: Glimmora|Air Balloon\n|turn|1\n|\n|t:|1700619926\n|move|p2a: Glimmora|Mortal Spin|p1a: Ampharos\n|-damage|p1a: Ampharos|95\/100\n|-status|p1a: Ampharos|psn\n|-status|p2a: Glimmora|par|[from] ability: Static|[of] p1a: Ampharos\n|move|p1a: Ampharos|Charge|p1a: Ampharos\n|-boost|p1a: Ampharos|spd|1\n|-start|p1a: Ampharos|Charge\n|\n|-damage|p1a: Ampharos|82\/100 psn|[from] psn\n|upkeep\n|turn|2\n|\n|t:|1700619936\n|move|p1a: Ampharos|Cotton Guard|p1a: Ampharos\n|-boost|p1a: Ampharos|def|3\n|cant|p2a: Glimmora|par\n|\n|-damage|p1a: Ampharos|70\/100 psn|[from] psn\n|upkeep\n|turn|3\n|\n|t:|1700619950\n|move|p1a: Ampharos|Thunderbolt|p2a: Glimmora\n|-damage|p2a: Glimmora|10\/100 par\n|-enditem|p2a: Glimmora|Air Balloon\n|-end|p1a: Ampharos|Charge|[silent]\n|move|p2a: Glimmora|Stealth Rock|p1a: Ampharos\n|-sidestart|p1: cookiesinmilk|move: Stealth Rock\n|\n|-damage|p1a: Ampharos|58\/100 psn|[from] psn\n|upkeep\n|turn|4\n|\n|t:|1700619966\n|move|p2a: Glimmora|Spiky Shield|p2a: Glimmora\n|-singleturn|p2a: Glimmora|move: Protect\n|move|p1a: Ampharos|Charge|p1a: Ampharos\n|-boost|p1a: Ampharos|spd|1\n|-start|p1a: Ampharos|Charge\n|\n|-damage|p1a: Ampharos|46\/100 psn|[from] psn\n|upkeep\n|turn|5\n|\n|t:|1700619970\n|move|p2a: Glimmora|Spiky Shield|p2a: Glimmora\n|-singleturn|p2a: Glimmora|move: Protect\n|move|p1a: Ampharos|Cotton Guard|p1a: Ampharos\n|-boost|p1a: Ampharos|def|3\n|\n|-damage|p1a: Ampharos|33\/100 psn|[from] psn\n|upkeep\n|turn|6\n|\n|t:|1700619977\n|move|p1a: Ampharos|Charge|p1a: Ampharos\n|-boost|p1a: Ampharos|spd|1\n|-start|p1a: Ampharos|Charge\n|move|p2a: Glimmora|Ancient Power|p1a: Ampharos\n|-damage|p1a: Ampharos|23\/100 psn\n|\n|-damage|p1a: Ampharos|11\/100 psn|[from] psn\n|upkeep\n|turn|7\n|\n|t:|1700619981\n|cant|p2a: Glimmora|par\n|move|p1a: Ampharos|Rest|p1a: Ampharos\n|-status|p1a: Ampharos|slp|[from] move: Rest\n|-heal|p1a: Ampharos|100\/100 slp|[silent]\n|-enditem|p1a: Ampharos|Chesto Berry|[eat]\n|-curestatus|p1a: Ampharos|slp|[msg]\n|\n|upkeep\n|turn|8\n|\n|t:|1700619990\n|move|p1a: Ampharos|Thunderbolt|p2a: Glimmora\n|-damage|p2a: Glimmora|0 fnt\n|faint|p2a: Glimmora\n|-end|p1a: Ampharos|Charge|[silent]\n|\n|upkeep\n|\n|t:|1700620003\n|switch|p2a: Kartana|Kartana|100\/100\n|turn|9\n|\n|t:|1700620010\n|move|p2a: Kartana|Sacred Sword|p1a: Ampharos\n|-damage|p1a: Ampharos|58\/100\n|-status|p2a: Kartana|par|[from] ability: Static|[of] p1a: Ampharos\n|move|p1a: Ampharos|Thunderbolt|p2a: Kartana\n|-resisted|p2a: Kartana\n|-damage|p2a: Kartana|47\/100 par\n|\n|upkeep\n|turn|10\n|\n|t:|1700620018\n|cant|p2a: Kartana|par\n|move|p1a: Ampharos|Thunderbolt|p2a: Kartana\n|-resisted|p2a: Kartana\n|-damage|p2a: Kartana|0 fnt\n|faint|p2a: Kartana\n|\n|upkeep\n|\n|t:|1700620026\n|switch|p2a: Banette|Banette, M|100\/100\n|turn|11\n|\n|t:|1700620034\n|detailschange|p2a: Banette|Banette-Mega, M\n|-mega|p2a: Banette|Banette|Banettite\n|move|p2a: Banette|Destiny Bond|p2a: Banette\n|-singlemove|p2a: Banette|Destiny Bond\n|move|p1a: Ampharos|Thunderbolt|p2a: Banette\n|-damage|p2a: Banette|58\/100\n|\n|upkeep\n|turn|12\n|\n|t:|1700620041\n|move|p2a: Banette|Metronome|p2a: Banette\n|move|p2a: Banette|Double-Edge|p1a: Ampharos|[from]move: Metronome\n|-damage|p1a: Ampharos|45\/100\n|-status|p2a: Banette|par|[from] ability: Static|[of] p1a: Ampharos\n|-damage|p2a: Banette|52\/100 par|[from] Recoil\n|move|p1a: Ampharos|Thunderbolt|p2a: Banette\n|-damage|p2a: Banette|2\/100 par\n|\n|upkeep\n|turn|13\n|\n|t:|1700620050\n|cant|p2a: Banette|par\n|move|p1a: Ampharos|Rest|p1a: Ampharos\n|-status|p1a: Ampharos|slp|[from] move: Rest\n|-heal|p1a: Ampharos|100\/100 slp|[silent]\n|\n|upkeep\n|turn|14\n|\n|t:|1700620064\n|move|p2a: Banette|Destiny Bond|p2a: Banette\n|-singlemove|p2a: Banette|Destiny Bond\n|cant|p1a: Ampharos|slp\n|\n|upkeep\n|turn|15\n|\n|t:|1700620072\n|cant|p2a: Banette|par\n|cant|p1a: Ampharos|slp\n|\n|upkeep\n|turn|16\n|\n|t:|1700620075\n|move|p2a: Banette|Destiny Bond|p2a: Banette\n|-singlemove|p2a: Banette|Destiny Bond\n|-curestatus|p1a: Ampharos|slp|[msg]\n|move|p1a: Ampharos|Charge|p1a: Ampharos\n|-boost|p1a: Ampharos|spd|1\n|-start|p1a: Ampharos|Charge\n|\n|upkeep\n|turn|17\n|\n|t:|1700620083\n|move|p2a: Banette|Metronome|p2a: Banette\n|move|p2a: Banette|Glaive Rush|p1a: Ampharos|[from]move: Metronome\n|-damage|p1a: Ampharos|87\/100\n|-singlemove|p2a: Banette|Glaive Rush|[silent]\n|move|p1a: Ampharos|Charge|p1a: Ampharos\n|-boost|p1a: Ampharos|spd|1\n|-start|p1a: Ampharos|Charge\n|\n|upkeep\n|turn|18\n|\n|t:|1700620091\n|move|p2a: Banette|Destiny Bond|p2a: Banette\n|-singlemove|p2a: Banette|Destiny Bond\n|move|p1a: Ampharos|Charge|p1a: Ampharos\n|-boost|p1a: Ampharos|spd|1\n|-start|p1a: Ampharos|Charge\n|\n|upkeep\n|turn|19\n|\n|t:|1700620098\n|move|p2a: Banette|Metronome|p2a: Banette\n|move|p2a: Banette|Spin Out|p1a: Ampharos|[from]move: Metronome\n|-resisted|p1a: Ampharos\n|-damage|p1a: Ampharos|81\/100\n|-unboost|p2a: Banette|spe|2\n|move|p1a: Ampharos|Thunderbolt|p2a: Banette\n|-damage|p2a: Banette|0 fnt\n|faint|p2a: Banette\n|-end|p1a: Ampharos|Charge|[silent]\n|\n|upkeep\n|\n|t:|1700620105\n|switch|p2a: Ceruledge|Ceruledge, M|100\/100\n|turn|20\n|\n|t:|1700620110\n|move|p2a: Ceruledge|Destiny Bond|p2a: Ceruledge\n|-singlemove|p2a: Ceruledge|Destiny Bond\n|move|p1a: Ampharos|Thunderbolt|p2a: Ceruledge\n|-damage|p2a: Ceruledge|62\/100\n|\n|upkeep\n|turn|21\n|\n|t:|1700620121\n|move|p2a: Ceruledge|Poltergeist||[still]\n|-fail|p2a: Ceruledge\n|move|p1a: Ampharos|Thunderbolt|p2a: Ceruledge\n|-damage|p2a: Ceruledge|23\/100\n|\n|upkeep\n|turn|22\n|\n|t:|1700620127\n|move|p2a: Ceruledge|Destiny Bond|p2a: Ceruledge\n|-singlemove|p2a: Ceruledge|Destiny Bond\n|move|p1a: Ampharos|Charge|p1a: Ampharos\n|-boost|p1a: Ampharos|spd|0\n|-start|p1a: Ampharos|Charge\n|\n|upkeep\n|turn|23\n|\n|t:|1700620144\n|move|p2a: Ceruledge|Bitter Blade|p1a: Ampharos\n|-damage|p1a: Ampharos|66\/100\n|-heal|p2a: Ceruledge|33\/100|[from] drain|[of] p1a: Ampharos\n|move|p1a: Ampharos|Thunderbolt|p2a: Ceruledge\n|-damage|p2a: Ceruledge|0 fnt\n|faint|p2a: Ceruledge\n|-end|p1a: Ampharos|Charge|[silent]\n|\n|upkeep\n|\n|t:|1700620152\n|switch|p2a: Meowscarada|Meowscarada, M|100\/100\n|turn|24\n|\n|t:|1700620161\n|-terastallize|p1a: Ampharos|Grass\n|move|p2a: Meowscarada|Flower Trick|p1a: Ampharos\n|-start|p2a: Meowscarada|typechange|Grass|[from] ability: Protean\n|-resisted|p1a: Ampharos\n|-crit|p1a: Ampharos\n|-damage|p1a: Ampharos|39\/100\n|move|p1a: Ampharos|Thunderbolt|p2a: Meowscarada\n|-resisted|p2a: Meowscarada\n|-damage|p2a: Meowscarada|71\/100\n|\n|upkeep\n|turn|25\n|\n|t:|1700620185\n|move|p2a: Meowscarada|Flower Trick|p1a: Ampharos\n|-resisted|p1a: Ampharos\n|-crit|p1a: Ampharos\n|-damage|p1a: Ampharos|12\/100\n|move|p1a: Ampharos|Rest|p1a: Ampharos\n|-status|p1a: Ampharos|slp|[from] move: Rest\n|-heal|p1a: Ampharos|100\/100 slp|[silent]\n|\n|upkeep\n|turn|26\n|-message|Zayko_096 forfeited.\n|\n|win|cookiesinmilk\n|raw|cookiesinmilk's rating: 1322 &rarr; <strong>1336<\/strong><br \/>(+14 for winning)\n|raw|Zayko_096's rating: 1209 &rarr; <strong>1192<\/strong><br \/>(-17 for losing)\n|l|\u2606Zayko_096\n","uploadtime":1700620197,"views":1,"p1id":"cookiesinmilk","p2id":"zayko096","formatid":"gen9nationaldex","rating":1192,"private":0,"password":""}