{"id":"gen9nationaldex-1992759381","p1":"testing a funni3","p2":"Sans_toes","format":"[Gen 9] National Dex","log":"|j|\u2606testing a funni3\n|j|\u2606Sans_toes\n|t:|1700232907\n|gametype|singles\n|player|p1|testing a funni3|unknownf|1508\n|player|p2|Sans_toes|brock|1444\n|teamsize|p1|6\n|teamsize|p2|6\n|gen|9\n|tier|[Gen 9] National Dex\n|rated|\n|rule|HP Percentage Mod: HP is shown in percentages\n|rule|Endless Battle Clause: Forcing endless battles is banned\n|rule|OHKO Clause: OHKO moves are banned\n|rule|Evasion Clause: Evasion abilities, items, and moves are banned\n|rule|Evasion Abilities Clause: Evasion abilities are banned\n|rule|Evasion Items Clause: Evasion items are banned\n|rule|Evasion Moves Clause: Evasion moves are banned\n|rule|Species Clause: Limit one of each Pok\u00e9mon\n|rule|Sleep Clause Mod: Limit one foe put to sleep\n|clearpoke\n|poke|p1|Latios, M|\n|poke|p1|Buzzwole|\n|poke|p1|Gliscor, M|\n|poke|p1|Weavile, F|\n|poke|p1|Heatran, F|\n|poke|p1|Ogerpon-Wellspring, F|\n|poke|p2|Slurpuff, F|\n|poke|p2|Darmanitan, F|\n|poke|p2|Xurkitree|\n|poke|p2|Tornadus-Therian, M|\n|poke|p2|Dondozo, F|\n|poke|p2|Diancie|\n|teampreview\n|inactive|Battle timer is ON: inactive players will automatically lose when time's up. (requested by Sans_toes)\n|\n|t:|1700232916\n|start\n|switch|p1a: Weavile|Weavile, F|100\/100\n|switch|p2a: Slurpuff|Slurpuff, F, shiny|100\/100\n|-ability|p1a: Weavile|Pressure\n|turn|1\n|\n|t:|1700232923\n|move|p1a: Weavile|Triple Axel|p2a: Slurpuff\n|-damage|p2a: Slurpuff|74\/100\n|-hitcount|p2a: Slurpuff|1\n|move|p2a: Slurpuff|Sticky Web|p1a: Weavile\n|-sidestart|p1: testing a funni3|move: Sticky Web\n|\n|upkeep\n|turn|2\n|\n|t:|1700232928\n|move|p1a: Weavile|Triple Axel|p2a: Slurpuff\n|-damage|p2a: Slurpuff|48\/100\n|-damage|p2a: Slurpuff|0 fnt\n|faint|p2a: Slurpuff\n|-hitcount|p2: Slurpuff|2\n|\n|upkeep\n|\n|t:|1700232933\n|switch|p2a: Dondozo|Dondozo, F|100\/100\n|turn|3\n|\n|t:|1700232944\n|switch|p1a: Ogerpon|Ogerpon-Wellspring, F|100\/100\n|-activate|p1a: Ogerpon|move: Sticky Web\n|-unboost|p1a: Ogerpon|spe|1\n|move|p2a: Dondozo|Liquidation|p1a: Ogerpon\n|-immune|p1a: Ogerpon|[from] ability: Water Absorb\n|\n|upkeep\n|turn|4\n|\n|t:|1700232955\n|switch|p2a: Tornadus|Tornadus-Therian, M|100\/100\n|move|p1a: Ogerpon|Power Whip|p2a: Tornadus|[miss]\n|-miss|p1a: Ogerpon|p2a: Tornadus\n|\n|upkeep\n|turn|5\n|\n|t:|1700232969\n|switch|p1a: Heatran|Heatran, F|100\/100\n|-activate|p1a: Heatran|move: Sticky Web\n|-unboost|p1a: Heatran|spe|1\n|move|p2a: Tornadus|Hurricane|p1a: Heatran\n|-resisted|p1a: Heatran\n|-damage|p1a: Heatran|87\/100\n|\n|-heal|p1a: Heatran|93\/100|[from] item: Leftovers\n|upkeep\n|turn|6\n|\n|t:|1700232973\n|move|p2a: Tornadus|Knock Off|p1a: Heatran\n|-damage|p1a: Heatran|73\/100\n|-enditem|p1a: Heatran|Leftovers|[from] move: Knock Off|[of] p2a: Tornadus\n|move|p1a: Heatran|Stealth Rock|p2a: Tornadus\n|-sidestart|p2: Sans_toes|move: Stealth Rock\n|\n|upkeep\n|turn|7\n|\n|t:|1700232985\n|switch|p2a: Diancie|Diancie|100\/100\n|-damage|p2a: Diancie|88\/100|[from] Stealth Rock\n|move|p1a: Heatran|Magma Storm|p2a: Diancie\n|-resisted|p2a: Diancie\n|-damage|p2a: Diancie|68\/100\n|-activate|p2a: Diancie|move: Magma Storm|[of] p1a: Heatran\n|\n|-damage|p2a: Diancie|56\/100|[from] move: Magma Storm|[partiallytrapped]\n|upkeep\n|turn|8\n|\n|t:|1700232991\n|switch|p1a: Gliscor|Gliscor, M|100\/100\n|detailschange|p2a: Diancie|Diancie-Mega\n|-mega|p2a: Diancie|Diancie|Diancite\n|move|p2a: Diancie|Earth Power|p1a: Gliscor\n|-immune|p1a: Gliscor\n|\n|-end|p2a: Diancie|Magma Storm|[partiallytrapped]|[silent]\n|-status|p1a: Gliscor|tox|[from] item: Toxic Orb\n|upkeep\n|turn|9\n|\n|t:|1700232995\n|move|p2a: Diancie|Moonblast|p1a: Gliscor\n|-damage|p1a: Gliscor|51\/100 tox\n|move|p1a: Gliscor|Earthquake|p2a: Diancie\n|-supereffective|p2a: Diancie\n|-damage|p2a: Diancie|0 fnt\n|faint|p2a: Diancie\n|\n|-heal|p1a: Gliscor|64\/100 tox|[from] ability: Poison Heal\n|upkeep\n|\n|t:|1700233000\n|switch|p2a: Mr. Electric|Xurkitree, shiny|100\/100\n|-damage|p2a: Mr. Electric|88\/100|[from] Stealth Rock\n|turn|10\n|\n|t:|1700233013\n|-terastallize|p1a: Gliscor|Fairy\n|move|p2a: Mr. Electric|Hidden Power|p1a: Gliscor\n|-damage|p1a: Gliscor|42\/100 tox\n|move|p1a: Gliscor|Earthquake|p2a: Mr. Electric\n|-supereffective|p2a: Mr. Electric\n|-damage|p2a: Mr. Electric|0 fnt\n|faint|p2a: Mr. Electric\n|\n|-heal|p1a: Gliscor|54\/100 tox|[from] ability: Poison Heal\n|upkeep\n|-message|Sans_toes forfeited.\n|\n|win|testing a funni3\n|raw|testing a funni3's rating: 1508 &rarr; <strong>1524<\/strong><br \/>(+16 for winning)\n|raw|Sans_toes's rating: 1444 &rarr; <strong>1428<\/strong><br \/>(-16 for losing)\n|l|\u2606Sans_toes\n","uploadtime":1700233025,"views":10,"p1id":"testingafunni3","p2id":"sanstoes","formatid":"gen9nationaldex","rating":1428,"private":0,"password":""}