{"id":"gen9nationaldex-1998105761","p1":"xiongerzhi","p2":"baigu2","format":"[Gen 9] National Dex","log":"|html|<div class=\"broadcast-blue\"><strong>[Gen 9] National Dex is currently suspecting Sneasler! For information on how to participate check out the <a href=\"https:\/\/www.smogon.com\/forums\/threads\/sv-national-dex-suspect-8-just-dance.3731534\/\">suspect thread<\/a>.<\/strong><\/div>\n|j|\u2606xiongerzhi\n|j|\u2606baigu2\n|t:|1700892254\n|gametype|singles\n|player|p1|xiongerzhi|cynthia|1554\n|player|p2|baigu2|265|1624\n|teamsize|p1|6\n|teamsize|p2|6\n|gen|9\n|tier|[Gen 9] National Dex\n|rated|\n|rule|HP Percentage Mod: HP is shown in percentages\n|rule|Endless Battle Clause: Forcing endless battles is banned\n|rule|OHKO Clause: OHKO moves are banned\n|rule|Evasion Clause: Evasion abilities, items, and moves are banned\n|rule|Evasion Abilities Clause: Evasion abilities are banned\n|rule|Evasion Items Clause: Evasion items are banned\n|rule|Evasion Moves Clause: Evasion moves are banned\n|rule|Species Clause: Limit one of each Pok\u00e9mon\n|rule|Sleep Clause Mod: Limit one foe put to sleep\n|clearpoke\n|poke|p1|Rillaboom, M|\n|poke|p1|Tyranitar, F|\n|poke|p1|Excadrill, F|\n|poke|p1|Moltres|\n|poke|p1|Tapu Lele|\n|poke|p1|Ogerpon-Cornerstone, F|\n|poke|p2|Ursaluna, M|\n|poke|p2|Slowking, M|\n|poke|p2|Corviknight, M|\n|poke|p2|Hoopa-Unbound|\n|poke|p2|Dragonite, F|\n|poke|p2|Tapu Koko|\n|teampreview\n|inactive|Battle timer is ON: inactive players will automatically lose when time's up. (requested by xiongerzhi)\n|\n|t:|1700892266\n|start\n|switch|p1a: JAYSHOU|Rillaboom, M|100\/100\n|switch|p2a: Tapu Koko|Tapu Koko|100\/100\n|-fieldstart|move: Electric Terrain|[from] ability: Electric Surge|[of] p2a: Tapu Koko\n|-fieldstart|move: Grassy Terrain|[from] ability: Grassy Surge|[of] p1a: JAYSHOU\n|turn|1\n|\n|t:|1700892272\n|switch|p2a: Corviknight|Corviknight, M|100\/100\n|-ability|p2a: Corviknight|Pressure\n|move|p1a: JAYSHOU|U-turn|p2a: Corviknight\n|-resisted|p2a: Corviknight\n|-damage|p2a: Corviknight|95\/100\n|-damage|p1a: JAYSHOU|84\/100|[from] item: Rocky Helmet|[of] p2a: Corviknight\n|\n|t:|1700892275\n|switch|p1a: LOIYII|Moltres|100\/100|[from] U-turn\n|\n|upkeep\n|turn|2\n|\n|t:|1700892288\n|switch|p2a: Tapu Koko|Tapu Koko|100\/100\n|-fieldstart|move: Electric Terrain|[from] ability: Electric Surge|[of] p2a: Tapu Koko\n|move|p1a: LOIYII|Toxic|p2a: Tapu Koko\n|-status|p2a: Tapu Koko|tox\n|\n|-damage|p2a: Tapu Koko|94\/100 tox|[from] psn\n|upkeep\n|turn|3\n|\n|t:|1700892296\n|switch|p1a: CC|Tyranitar, F|100\/100\n|-weather|Sandstorm|[from] ability: Sand Stream|[of] p1a: CC\n|move|p2a: Tapu Koko|U-turn|p1a: CC\n|-supereffective|p1a: CC\n|-damage|p1a: CC|70\/100\n|\n|t:|1700892302\n|switch|p2a: Hoopa|Hoopa-Unbound|100\/100|[from] U-turn\n|\n|-weather|Sandstorm|[upkeep]\n|-damage|p2a: Hoopa|95\/100|[from] Sandstorm\n|upkeep\n|turn|4\n|\n|t:|1700892309\n|detailschange|p1a: CC|Tyranitar-Mega, F\n|-mega|p1a: CC|Tyranitar|Tyranitarite\n|-zpower|p2a: Hoopa\n|move|p2a: Hoopa|All-Out Pummeling|p1a: CC|[zeffect]\n|-supereffective|p1a: CC\n|-damage|p1a: CC|0 fnt\n|faint|p1a: CC\n|\n|-weather|Sandstorm|[upkeep]\n|-damage|p2a: Hoopa|89\/100|[from] Sandstorm\n|upkeep\n|\n|t:|1700892323\n|switch|p1a: YINGKI|Tapu Lele|100\/100\n|-fieldstart|move: Psychic Terrain|[from] ability: Psychic Surge|[of] p1a: YINGKI\n|turn|5\n|\n|t:|1700892332\n|switch|p2a: Slowking|Slowking, M|100\/100\n|move|p1a: YINGKI|Moonblast|p2a: Slowking\n|-damage|p2a: Slowking|56\/100\n|\n|-weather|Sandstorm|[upkeep]\n|-damage|p1a: YINGKI|94\/100|[from] Sandstorm\n|-damage|p2a: Slowking|50\/100|[from] Sandstorm\n|upkeep\n|turn|6\n|\n|t:|1700892345\n|switch|p1a: LOIYII|Moltres|100\/100\n|move|p2a: Slowking|Slack Off|p2a: Slowking\n|-heal|p2a: Slowking|99\/100\n|\n|-weather|Sandstorm|[upkeep]\n|-damage|p1a: LOIYII|94\/100|[from] Sandstorm\n|-damage|p2a: Slowking|94\/100|[from] Sandstorm\n|upkeep\n|turn|7\n|\n|t:|1700892350\n|move|p1a: LOIYII|Toxic|p2a: Slowking\n|-status|p2a: Slowking|tox\n|move|p2a: Slowking|Trick Room|p2a: Slowking\n|-fieldstart|move: Trick Room|[of] p2a: Slowking\n|\n|-weather|none\n|-damage|p2a: Slowking|88\/100 tox|[from] psn\n|upkeep\n|turn|8\n|\n|t:|1700892358\n|switch|p1a: JAYSHOU|Rillaboom, M|84\/100\n|-fieldstart|move: Grassy Terrain|[from] ability: Grassy Surge|[of] p1a: JAYSHOU\n|move|p2a: Slowking|Teleport|p2a: Slowking\n|\n|t:|1700892370\n|switch|p2a: Ursaluna|Ursaluna, M|100\/100|[from] Teleport\n|\n|-heal|p1a: JAYSHOU|90\/100|[from] Grassy Terrain\n|-status|p2a: Ursaluna|brn|[from] item: Flame Orb\n|upkeep\n|turn|9\n|\n|t:|1700892378\n|-terastallize|p2a: Ursaluna|Normal\n|move|p2a: Ursaluna|Facade|p1a: JAYSHOU\n|-damage|p1a: JAYSHOU|0 fnt\n|faint|p1a: JAYSHOU\n|\n|-damage|p2a: Ursaluna|94\/100 brn|[from] brn\n|upkeep\n|\n|t:|1700892395\n|switch|p1a: YINGHAN|Excadrill, F|100\/100\n|turn|10\n|\n|t:|1700892400\n|move|p2a: Ursaluna|Facade|p1a: YINGHAN\n|-resisted|p1a: YINGHAN\n|-damage|p1a: YINGHAN|0 fnt\n|faint|p1a: YINGHAN\n|\n|-heal|p2a: Ursaluna|100\/100 brn|[from] Grassy Terrain\n|-damage|p2a: Ursaluna|94\/100 brn|[from] brn\n|upkeep\n|\n|t:|1700892409\n|switch|p1a: LOIYII|Moltres|94\/100\n|turn|11\n|\n|t:|1700892412\n|move|p2a: Ursaluna|Facade|p1a: LOIYII\n|-damage|p1a: LOIYII|0 fnt\n|faint|p1a: LOIYII\n|\n|-heal|p2a: Ursaluna|100\/100 brn|[from] Grassy Terrain\n|-damage|p2a: Ursaluna|94\/100 brn|[from] brn\n|-fieldend|move: Trick Room\n|upkeep\n|\n|t:|1700892414\n|switch|p1a: HH|Ogerpon-Cornerstone, F|100\/100\n|turn|12\n|\n|t:|1700892422\n|move|p1a: HH|Trailblaze|p2a: Ursaluna\n|-damage|p2a: Ursaluna|66\/100 brn\n|-boost|p1a: HH|spe|1\n|move|p2a: Ursaluna|Facade|p1a: HH\n|-resisted|p1a: HH\n|-ability|p1a: HH|Sturdy\n|-damage|p1a: HH|1\/100\n|\n|-heal|p1a: HH|7\/100|[from] Grassy Terrain\n|-heal|p2a: Ursaluna|72\/100 brn|[from] Grassy Terrain\n|-damage|p2a: Ursaluna|66\/100 brn|[from] brn\n|-fieldend|move: Grassy Terrain\n|upkeep\n|turn|13\n|\n|t:|1700892437\n|-terastallize|p1a: HH|Rock\n|detailschange|p1a: HH|Ogerpon-Cornerstone-Tera, F, tera:Rock\n|-ability|p1a: HH|Embody Aspect (Cornerstone)|boost\n|-boost|p1a: HH|def|1\n|move|p1a: HH|Ivy Cudgel|p2a: Ursaluna|[anim] Ivy Cudgel Rock\n|-damage|p2a: Ursaluna|7\/100 brn\n|move|p2a: Ursaluna|Facade|p1a: HH\n|-resisted|p1a: HH\n|-damage|p1a: HH|0 fnt\n|faint|p1a: HH\n|\n|-damage|p2a: Ursaluna|1\/100 brn|[from] brn\n|upkeep\n|-message|xiongerzhi forfeited.\n|\n|win|baigu2\n|raw|xiongerzhi's rating: 1554 &rarr; <strong>1538<\/strong><br \/>(-16 for losing)\n|raw|baigu2's rating: 1624 &rarr; <strong>1640<\/strong><br \/>(+16 for winning)\n|l|\u2606xiongerzhi\n","uploadtime":1700892449,"views":1,"p1id":"xiongerzhi","p2id":"baigu2","formatid":"gen9nationaldex","rating":1538,"private":0,"password":""}