{"id":"gen9nationaldex-1995817189","p1":"fakel1l","p2":"bodi 69","format":"[Gen 9] National Dex","log":"|html|<div class=\"broadcast-blue\"><strong>[Gen 9] National Dex is currently suspecting Sneasler! For information on how to participate check out the <a href=\"https:\/\/www.smogon.com\/forums\/threads\/sv-national-dex-suspect-8-just-dance.3731534\/\">suspect thread<\/a>.<\/strong><\/div>\n|j|\u2606fakel1l\n|j|\u2606bodi 69\n|inactive|Battle timer is ON: inactive players will automatically lose when time's up.\n|t:|1700606043\n|gametype|singles\n|player|p1|fakel1l|pokefanf-gen4|\n|player|p2|bodi 69|leon|\n|teamsize|p1|6\n|teamsize|p2|6\n|gen|9\n|tier|[Gen 9] National Dex\n|rated|Tournament battle\n|rule|HP Percentage Mod: HP is shown in percentages\n|rule|Endless Battle Clause: Forcing endless battles is banned\n|rule|OHKO Clause: OHKO moves are banned\n|rule|Evasion Clause: Evasion abilities, items, and moves are banned\n|rule|Evasion Abilities Clause: Evasion abilities are banned\n|rule|Evasion Items Clause: Evasion items are banned\n|rule|Evasion Moves Clause: Evasion moves are banned\n|rule|Species Clause: Limit one of each Pok\u00e9mon\n|rule|Sleep Clause Mod: Limit one foe put to sleep\n|clearpoke\n|poke|p1|Sinistcha-Masterpiece|\n|poke|p1|Tapu Lele|\n|poke|p1|Urshifu-*, M|\n|poke|p1|Heatran, M|\n|poke|p1|Landorus-Therian, M|\n|poke|p1|Weavile, M|\n|poke|p2|Ribombee, M|\n|poke|p2|Serperior, F|\n|poke|p2|Togekiss, F|\n|poke|p2|Jirachi|\n|poke|p2|Diancie|\n|poke|p2|Glimmora, F|\n|teampreview\n|inactive|bodi 69 also wants the timer to be on.\n|\n|t:|1700606061\n|start\n|switch|p1a: \u9ed1\u8c79 Abdostone|Weavile, M|100\/100\n|switch|p2a: Ribombee|Ribombee, M|100\/100\n|-ability|p1a: \u9ed1\u8c79 Abdostone|Pressure\n|turn|1\n|\n|t:|1700606067\n|move|p1a: \u9ed1\u8c79 Abdostone|Triple Axel|p2a: Ribombee\n|-damage|p2a: Ribombee|68\/100\n|-damage|p2a: Ribombee|13\/100\n|-damage|p2a: Ribombee|0 fnt\n|faint|p2a: Ribombee\n|-hitcount|p2: Ribombee|3\n|\n|upkeep\n|inactive|bodi 69 has 120 seconds left.\n|inactive|bodi 69 has 90 seconds left.\n|inactive|bodi 69 has 60 seconds left.\n|\n|t:|1700606161\n|switch|p2a: Diancie|Diancie|100\/100\n|turn|2\n|\n|t:|1700606182\n|switch|p1a: \u706b\u92fc Kensaki|Heatran, M|100\/100\n|detailschange|p2a: Diancie|Diancie-Mega\n|-mega|p2a: Diancie|Diancie|Diancite\n|move|p2a: Diancie|Moonblast|p1a: \u706b\u92fc Kensaki\n|-resisted|p1a: \u706b\u92fc Kensaki\n|-damage|p1a: \u706b\u92fc Kensaki|91\/100\n|\n|-heal|p1a: \u706b\u92fc Kensaki|97\/100|[from] item: Leftovers\n|upkeep\n|turn|3\n|inactive|fakel1l has 120 seconds left.\n|\n|t:|1700606206\n|switch|p1a: \u5730\u864e Kashi|Landorus-Therian, M|100\/100\n|-ability|p1a: \u5730\u864e Kashi|Intimidate|boost\n|-unboost|p2a: Diancie|atk|1\n|move|p2a: Diancie|Earth Power|p1a: \u5730\u864e Kashi\n|-immune|p1a: \u5730\u864e Kashi\n|\n|upkeep\n|turn|4\n|j| ndsnez lo\n|inactive|fakel1l has 120 seconds left.\n|\n|t:|1700606219\n|switch|p2a: Togekiss|Togekiss, F|100\/100\n|move|p1a: \u5730\u864e Kashi|Earthquake|p2a: Togekiss\n|-immune|p2a: Togekiss\n|\n|upkeep\n|turn|5\n|inactive|fakel1l has 120 seconds left.\n|\n|t:|1700606233\n|move|p2a: Togekiss|Ancient Power|p1a: \u5730\u864e Kashi\n|-damage|p1a: \u5730\u864e Kashi|80\/100\n|move|p1a: \u5730\u864e Kashi|Toxic|p2a: Togekiss\n|-status|p2a: Togekiss|tox\n|\n|-heal|p1a: \u5730\u864e Kashi|86\/100|[from] item: Leftovers\n|-damage|p2a: Togekiss|94\/100 tox|[from] psn\n|upkeep\n|turn|6\n|j| prince5\n|\n|t:|1700606243\n|move|p2a: Togekiss|Ancient Power|p1a: \u5730\u864e Kashi\n|-damage|p1a: \u5730\u864e Kashi|60\/100\n|move|p1a: \u5730\u864e Kashi|U-turn|p2a: Togekiss\n|-resisted|p2a: Togekiss\n|-damage|p2a: Togekiss|88\/100 tox\n|\n|t:|1700606246\n|switch|p1a: \u9ed1\u8c79 Abdostone|Weavile, M|100\/100|[from] U-turn\n|-ability|p1a: \u9ed1\u8c79 Abdostone|Pressure\n|\n|-damage|p2a: Togekiss|76\/100 tox|[from] psn\n|upkeep\n|turn|7\n|l| prince5\n|\n|t:|1700606256\n|-terastallize|p2a: Togekiss|Steel\n|move|p1a: \u9ed1\u8c79 Abdostone|Knock Off|p2a: Togekiss\n|-damage|p2a: Togekiss|0 fnt\n|-enditem|p2a: Togekiss|Metronome|[from] move: Knock Off|[of] p1a: \u9ed1\u8c79 Abdostone\n|faint|p2a: Togekiss\n|\n|upkeep\n|\n|t:|1700606269\n|switch|p2a: Diancie|Diancie-Mega|100\/100\n|turn|8\n|\n|t:|1700606291\n|switch|p1a: \u7da0\u8336 Akashi|Sinistcha-Masterpiece, shiny|100\/100\n|move|p2a: Diancie|Moonblast|p1a: \u7da0\u8336 Akashi\n|-damage|p1a: \u7da0\u8336 Akashi|36\/100\n|\n|-heal|p1a: \u7da0\u8336 Akashi|42\/100|[from] item: Leftovers\n|upkeep\n|turn|9\n|\n|t:|1700606298\n|-terastallize|p1a: \u7da0\u8336 Akashi|Poison\n|move|p2a: Diancie|Moonblast|p1a: \u7da0\u8336 Akashi\n|-resisted|p1a: \u7da0\u8336 Akashi\n|-damage|p1a: \u7da0\u8336 Akashi|10\/100\n|move|p1a: \u7da0\u8336 Akashi|Matcha Gotcha|p2a: Diancie|[miss]\n|-miss|p1a: \u7da0\u8336 Akashi|p2a: Diancie\n|\n|-heal|p1a: \u7da0\u8336 Akashi|16\/100|[from] item: Leftovers\n|upkeep\n|turn|10\n|inactive|bodi 69 has 120 seconds left.\n|inactive|fakel1l has 120 seconds left.\n|\n|t:|1700606332\n|move|p2a: Diancie|Moonblast|p1a: \u7da0\u8336 Akashi\n|-resisted|p1a: \u7da0\u8336 Akashi\n|-damage|p1a: \u7da0\u8336 Akashi|0 fnt\n|faint|p1a: \u7da0\u8336 Akashi\n|\n|upkeep\n|\n|t:|1700606337\n|switch|p1a: \u8776\u8776 Tatsumaki|Tapu Lele|100\/100\n|-fieldstart|move: Psychic Terrain|[from] ability: Psychic Surge|[of] p1a: \u8776\u8776 Tatsumaki\n|turn|11\n|inactive|fakel1l has 120 seconds left.\n|inactive|bodi 69 has 120 seconds left.\n|\n|t:|1700606375\n|switch|p2a: Jirachi|Jirachi, shiny|100\/100\n|move|p1a: \u8776\u8776 Tatsumaki|Future Sight|p2a: Jirachi\n|-start|p1a: \u8776\u8776 Tatsumaki|move: Future Sight\n|\n|upkeep\n|turn|12\n|inactive|fakel1l has 120 seconds left.\n|\n|t:|1700606387\n|switch|p1a: \u706b\u92fc Kensaki|Heatran, M|97\/100\n|-zpower|p2a: Jirachi\n|move|p2a: Jirachi|Z-Happy Hour|p2a: Jirachi|[anim]Happy Hour\n|-boost|p2a: Jirachi|atk|1|[zeffect]\n|-boost|p2a: Jirachi|def|1|[zeffect]\n|-boost|p2a: Jirachi|spa|1|[zeffect]\n|-boost|p2a: Jirachi|spd|1|[zeffect]\n|-boost|p2a: Jirachi|spe|1|[zeffect]\n|\n|-heal|p1a: \u706b\u92fc Kensaki|100\/100|[from] item: Leftovers\n|upkeep\n|turn|13\n|inactive|fakel1l has 120 seconds left.\n|\n|t:|1700606401\n|move|p2a: Jirachi|Iron Head|p1a: \u706b\u92fc Kensaki\n|-resisted|p1a: \u706b\u92fc Kensaki\n|-damage|p1a: \u706b\u92fc Kensaki|89\/100\n|cant|p1a: \u706b\u92fc Kensaki|flinch\n|\n|-end|p2a: Jirachi|move: Future Sight\n|-resisted|p2a: Jirachi\n|-damage|p2a: Jirachi|88\/100\n|-heal|p1a: \u706b\u92fc Kensaki|96\/100|[from] item: Leftovers\n|upkeep\n|turn|14\n|\n|t:|1700606405\n|move|p2a: Jirachi|Power-Up Punch|p1a: \u706b\u92fc Kensaki\n|-supereffective|p1a: \u706b\u92fc Kensaki\n|-crit|p1a: \u706b\u92fc Kensaki\n|-damage|p1a: \u706b\u92fc Kensaki|45\/100\n|-boost|p2a: Jirachi|atk|1\n|move|p1a: \u706b\u92fc Kensaki|Magma Storm|p2a: Jirachi\n|-supereffective|p2a: Jirachi\n|-damage|p2a: Jirachi|28\/100\n|-activate|p2a: Jirachi|move: Magma Storm|[of] p1a: \u706b\u92fc Kensaki\n|\n|-heal|p1a: \u706b\u92fc Kensaki|51\/100|[from] item: Leftovers\n|-damage|p2a: Jirachi|15\/100|[from] move: Magma Storm|[partiallytrapped]\n|upkeep\n|turn|15\n|inactive|fakel1l has 120 seconds left.\n|\n|t:|1700606446\n|switch|p1a: \u5730\u864e Kashi|Landorus-Therian, M|60\/100\n|-ability|p1a: \u5730\u864e Kashi|Intimidate|boost\n|-unboost|p2a: Jirachi|atk|1\n|move|p2a: Jirachi|Power-Up Punch|p1a: \u5730\u864e Kashi\n|-resisted|p1a: \u5730\u864e Kashi\n|-damage|p1a: \u5730\u864e Kashi|54\/100\n|-boost|p2a: Jirachi|atk|1\n|\n|-heal|p1a: \u5730\u864e Kashi|60\/100|[from] item: Leftovers\n|-end|p2a: Jirachi|Magma Storm|[partiallytrapped]|[silent]\n|-fieldend|move: Psychic Terrain\n|upkeep\n|turn|16\n|\n|t:|1700606454\n|move|p2a: Jirachi|Iron Head|p1a: \u5730\u864e Kashi\n|-damage|p1a: \u5730\u864e Kashi|3\/100\n|move|p1a: \u5730\u864e Kashi|Earthquake|p2a: Jirachi\n|-supereffective|p2a: Jirachi\n|-damage|p2a: Jirachi|0 fnt\n|faint|p2a: Jirachi\n|\n|-heal|p1a: \u5730\u864e Kashi|9\/100|[from] item: Leftovers\n|upkeep\n|\n|t:|1700606457\n|switch|p2a: Serperior|Serperior, F|100\/100\n|turn|17\n|\n|t:|1700606463\n|move|p2a: Serperior|Glare|p1a: \u5730\u864e Kashi\n|-status|p1a: \u5730\u864e Kashi|par\n|move|p1a: \u5730\u864e Kashi|U-turn|p2a: Serperior\n|-supereffective|p2a: Serperior\n|-damage|p2a: Serperior|46\/100\n|\n|t:|1700606466\n|switch|p1a: \u9ed1\u8c79 Abdostone|Weavile, M|100\/100|[from] U-turn\n|-ability|p1a: \u9ed1\u8c79 Abdostone|Pressure\n|\n|-heal|p2a: Serperior|52\/100|[from] item: Leftovers\n|upkeep\n|turn|18\n|\n|t:|1700606478\n|switch|p2a: Glimmora|Glimmora, F|100\/100\n|move|p1a: \u9ed1\u8c79 Abdostone|Ice Shard|p2a: Glimmora\n|-damage|p2a: Glimmora|62\/100\n|-activate|p2a: Glimmora|ability: Toxic Debris\n|-sidestart|p1: fakel1l|move: Toxic Spikes\n|\n|upkeep\n|turn|19\n|inactive|fakel1l has 120 seconds left.\n|\n|t:|1700606495\n|switch|p1a: \u5730\u864e Kashi|Landorus-Therian, M|9\/100 par\n|-ability|p1a: \u5730\u864e Kashi|Intimidate|boost\n|-unboost|p2a: Glimmora|atk|1\n|move|p2a: Glimmora|Stealth Rock|p1a: \u5730\u864e Kashi\n|-sidestart|p1: fakel1l|move: Stealth Rock\n|\n|-heal|p1a: \u5730\u864e Kashi|15\/100 par|[from] item: Leftovers\n|upkeep\n|turn|20\n|inactive|bodi 69 has 120 seconds left.\n|inactive|bodi 69 has 90 seconds left.\n|\n|t:|1700606569\n|move|p2a: Glimmora|Energy Ball|p1a: \u5730\u864e Kashi\n|-damage|p1a: \u5730\u864e Kashi|0 fnt\n|faint|p1a: \u5730\u864e Kashi\n|\n|upkeep\n|\n|t:|1700606577\n|switch|p1a: \u5e2b\u5085 Arashi|Urshifu-Rapid-Strike, M|100\/100\n|-status|p1a: \u5e2b\u5085 Arashi|psn\n|-damage|p1a: \u5e2b\u5085 Arashi|94\/100 psn|[from] Stealth Rock\n|turn|21\n|inactive|bodi 69 has 90 seconds left.\n|\n|t:|1700606594\n|switch|p2a: Serperior|Serperior, F|52\/100\n|move|p1a: \u5e2b\u5085 Arashi|Surging Strikes|p2a: Serperior\n|-resisted|p2a: Serperior\n|-crit|p2a: Serperior\n|-damage|p2a: Serperior|41\/100\n|-resisted|p2a: Serperior\n|-crit|p2a: Serperior\n|-damage|p2a: Serperior|29\/100\n|-resisted|p2a: Serperior\n|-crit|p2a: Serperior\n|-damage|p2a: Serperior|18\/100\n|-hitcount|p2a: Serperior|3\n|\n|-heal|p2a: Serperior|24\/100|[from] item: Leftovers\n|-damage|p1a: \u5e2b\u5085 Arashi|82\/100 psn|[from] psn\n|upkeep\n|turn|22\n|inactive|fakel1l has 120 seconds left.\n|\n|t:|1700606614\n|move|p2a: Serperior|Leaf Storm|p1a: \u5e2b\u5085 Arashi\n|-supereffective|p1a: \u5e2b\u5085 Arashi\n|-damage|p1a: \u5e2b\u5085 Arashi|0 fnt\n|-boost|p2a: Serperior|spa|2\n|faint|p1a: \u5e2b\u5085 Arashi\n|\n|-heal|p2a: Serperior|30\/100|[from] item: Leftovers\n|upkeep\n|\n|t:|1700606616\n|switch|p1a: \u9ed1\u8c79 Abdostone|Weavile, M|100\/100\n|-status|p1a: \u9ed1\u8c79 Abdostone|psn\n|-damage|p1a: \u9ed1\u8c79 Abdostone|76\/100 psn|[from] Stealth Rock\n|-ability|p1a: \u9ed1\u8c79 Abdostone|Pressure\n|turn|23\n|\n|t:|1700606625\n|move|p1a: \u9ed1\u8c79 Abdostone|Pursuit|p2a: Serperior\n|-damage|p2a: Serperior|0 fnt\n|faint|p2a: Serperior\n|\n|-damage|p1a: \u9ed1\u8c79 Abdostone|63\/100 psn|[from] psn\n|upkeep\n|\n|t:|1700606630\n|switch|p2a: Diancie|Diancie-Mega|100\/100\n|turn|24\n|\n|t:|1700606635\n|switch|p1a: \u706b\u92fc Kensaki|Heatran, M|51\/100\n|-damage|p1a: \u706b\u92fc Kensaki|39\/100|[from] Stealth Rock\n|move|p2a: Diancie|Earth Power|p1a: \u706b\u92fc Kensaki\n|-supereffective|p1a: \u706b\u92fc Kensaki\n|-damage|p1a: \u706b\u92fc Kensaki|0 fnt\n|faint|p1a: \u706b\u92fc Kensaki\n|\n|upkeep\n|\n|t:|1700606644\n|switch|p1a: \u9ed1\u8c79 Abdostone|Weavile, M|63\/100 psn\n|-damage|p1a: \u9ed1\u8c79 Abdostone|38\/100 psn|[from] Stealth Rock\n|-ability|p1a: \u9ed1\u8c79 Abdostone|Pressure\n|turn|25\n|\n|t:|1700606649\n|move|p2a: Diancie|Protect|p2a: Diancie\n|-singleturn|p2a: Diancie|Protect\n|move|p1a: \u9ed1\u8c79 Abdostone|Triple Axel|p2a: Diancie\n|-activate|p2a: Diancie|move: Protect\n|\n|-damage|p1a: \u9ed1\u8c79 Abdostone|26\/100 psn|[from] psn\n|upkeep\n|turn|26\n|\n|t:|1700606655\n|switch|p2a: Glimmora|Glimmora, F|62\/100\n|move|p1a: \u9ed1\u8c79 Abdostone|Triple Axel|p2a: Glimmora\n|-damage|p2a: Glimmora|45\/100\n|-activate|p2a: Glimmora|ability: Toxic Debris\n|-sidestart|p1: fakel1l|move: Toxic Spikes\n|-damage|p2a: Glimmora|10\/100\n|-damage|p2a: Glimmora|0 fnt\n|faint|p2a: Glimmora\n|-hitcount|p2: Glimmora|3\n|\n|-damage|p1a: \u9ed1\u8c79 Abdostone|13\/100 psn|[from] psn\n|upkeep\n|\n|t:|1700606658\n|switch|p2a: Diancie|Diancie-Mega|100\/100\n|turn|27\n|\n|t:|1700606673\n|move|p2a: Diancie|Protect|p2a: Diancie\n|-singleturn|p2a: Diancie|Protect\n|move|p1a: \u9ed1\u8c79 Abdostone|Triple Axel|p2a: Diancie\n|-activate|p2a: Diancie|move: Protect\n|\n|-damage|p1a: \u9ed1\u8c79 Abdostone|1\/100 psn|[from] psn\n|upkeep\n|turn|28\n|\n|t:|1700606678\n|move|p2a: Diancie|Protect||[still]\n|-fail|p2a: Diancie\n|move|p1a: \u9ed1\u8c79 Abdostone|Triple Axel|p2a: Diancie|[miss]\n|-miss|p1a: \u9ed1\u8c79 Abdostone|p2a: Diancie\n|\n|-damage|p1a: \u9ed1\u8c79 Abdostone|0 fnt|[from] psn\n|faint|p1a: \u9ed1\u8c79 Abdostone\n|upkeep\n|\n|t:|1700606689\n|switch|p1a: \u8776\u8776 Tatsumaki|Tapu Lele|100\/100\n|-status|p1a: \u8776\u8776 Tatsumaki|tox\n|-damage|p1a: \u8776\u8776 Tatsumaki|88\/100 tox|[from] Stealth Rock\n|-fieldstart|move: Psychic Terrain|[from] ability: Psychic Surge|[of] p1a: \u8776\u8776 Tatsumaki\n|turn|29\n|\n|t:|1700606698\n|move|p1a: \u8776\u8776 Tatsumaki|Psyshock|p2a: Diancie\n|-damage|p2a: Diancie|29\/100\n|move|p2a: Diancie|Moonblast|p1a: \u8776\u8776 Tatsumaki\n|-damage|p1a: \u8776\u8776 Tatsumaki|27\/100 tox\n|\n|-damage|p1a: \u8776\u8776 Tatsumaki|21\/100 tox|[from] psn\n|upkeep\n|turn|30\n|\n|t:|1700606707\n|move|p2a: Diancie|Protect|p2a: Diancie\n|-singleturn|p2a: Diancie|Protect\n|move|p1a: \u8776\u8776 Tatsumaki|Psyshock|p2a: Diancie\n|-activate|p2a: Diancie|move: Protect\n|\n|-damage|p1a: \u8776\u8776 Tatsumaki|9\/100 tox|[from] psn\n|upkeep\n|turn|31\n|\n|t:|1700606712\n|move|p2a: Diancie|Protect|p2a: Diancie\n|-singleturn|p2a: Diancie|Protect\n|move|p1a: \u8776\u8776 Tatsumaki|Psyshock|p2a: Diancie\n|-activate|p2a: Diancie|move: Protect\n|\n|-damage|p1a: \u8776\u8776 Tatsumaki|0 fnt|[from] psn\n|faint|p1a: \u8776\u8776 Tatsumaki\n|\n|win|bodi 69\n|upkeep\n|n|\u2606fakel1l|fakel1l\n|n|\u2606bodi 69|bodi69\n|n| ndsnez lo|ndsnezlo\n|c|\u2606bodi 69|yoo\n","uploadtime":1700606713,"views":0,"p1id":"fakel1l","p2id":"bodi69","formatid":"gen9nationaldex","rating":0,"private":0,"password":""}