{"id":"gen9nationaldex-1994812580","p1":"Velcroc","p2":"NDSNEZ Zoro","format":"[Gen 9] National Dex","log":"|j|\u2606Velcroc\n|j|\u2606NDSNEZ Zoro\n|inactive|Battle timer is ON: inactive players will automatically lose when time's up.\n|t:|1700495128\n|gametype|singles\n|player|p1|Velcroc|theroyal|\n|player|p2|NDSNEZ Zoro|lusamine-nihilego|\n|teamsize|p1|6\n|teamsize|p2|6\n|gen|9\n|tier|[Gen 9] National Dex\n|rated|Tournament battle\n|rule|HP Percentage Mod: HP is shown in percentages\n|rule|Endless Battle Clause: Forcing endless battles is banned\n|rule|OHKO Clause: OHKO moves are banned\n|rule|Evasion Clause: Evasion abilities, items, and moves are banned\n|rule|Evasion Abilities Clause: Evasion abilities are banned\n|rule|Evasion Items Clause: Evasion items are banned\n|rule|Evasion Moves Clause: Evasion moves are banned\n|rule|Species Clause: Limit one of each Pok\u00e9mon\n|rule|Sleep Clause Mod: Limit one foe put to sleep\n|clearpoke\n|poke|p1|Melmetal|\n|poke|p1|Cresselia, F|\n|poke|p1|Marowak-Alola, F|\n|poke|p1|Crawdaunt, F|\n|poke|p1|Porygon2|\n|poke|p1|Hatterene, F|\n|poke|p2|Grimmsnarl, M|\n|poke|p2|Melmetal|\n|poke|p2|Gyarados, M|\n|poke|p2|Cresselia, F|\n|poke|p2|Ursaluna, M|\n|poke|p2|Iron Valiant|\n|teampreview\n|j| Gholdie\n|c|\u2606Velcroc|hf\n|c|\u2606NDSNEZ Zoro|u2\n|j| SandySubway\n|j| XXMurdrXX\n|inactive|Velcroc has 120 seconds left.\n|\n|t:|1700495161\n|start\n|switch|p1a: Crawdaunt|Crawdaunt, F|100\/100\n|switch|p2a: MRSTEELYOGIRL|Melmetal|100\/100\n|turn|1\n|\n|t:|1700495168\n|move|p1a: Crawdaunt|Knock Off|p2a: MRSTEELYOGIRL\n|-damage|p2a: MRSTEELYOGIRL|63\/100\n|-enditem|p2a: MRSTEELYOGIRL|Choice Band|[from] move: Knock Off|[of] p1a: Crawdaunt\n|move|p2a: MRSTEELYOGIRL|Thunder Punch|p1a: Crawdaunt\n|-supereffective|p1a: Crawdaunt\n|-damage|p1a: Crawdaunt|10\/100\n|\n|upkeep\n|turn|2\n|\n|t:|1700495177\n|-zpower|p1a: Crawdaunt\n|move|p1a: Crawdaunt|Hydro Vortex|p2a: MRSTEELYOGIRL|[zeffect]\n|-crit|p2a: MRSTEELYOGIRL\n|-damage|p2a: MRSTEELYOGIRL|0 fnt\n|faint|p2a: MRSTEELYOGIRL\n|\n|upkeep\n|c|\u2606NDSNEZ Zoro|based\n|\n|t:|1700495187\n|switch|p2a: NO BOZOS|Gyarados, M, shiny|100\/100\n|-ability|p2a: NO BOZOS|Intimidate|boost\n|-unboost|p1a: Crawdaunt|atk|1\n|turn|3\n|j| newbootgoof\n|\n|t:|1700495198\n|switch|p1a: Hatterene|Hatterene, F|100\/100\n|detailschange|p2a: NO BOZOS|Gyarados-Mega, M, shiny\n|-mega|p2a: NO BOZOS|Gyarados|Gyaradosite\n|-ability|p2a: NO BOZOS|Mold Breaker\n|move|p2a: NO BOZOS|Dragon Dance|p2a: NO BOZOS\n|-boost|p2a: NO BOZOS|atk|1\n|-boost|p2a: NO BOZOS|spe|1\n|\n|upkeep\n|turn|4\n|j| NDSNEZ ban voter\n|\n|t:|1700495206\n|move|p2a: NO BOZOS|Taunt|p1a: Hatterene\n|-start|p1a: Hatterene|move: Taunt\n|cant|p1a: Hatterene|move: Taunt|Trick Room\n|\n|upkeep\n|turn|5\n|j|@Wildfiree\n|c| XXMurdrXX|noice\n|\n|t:|1700495224\n|switch|p1a: Cresselia|Cresselia, F|100\/100\n|move|p2a: NO BOZOS|Waterfall|p1a: Cresselia\n|-damage|p1a: Cresselia|58\/100\n|\n|upkeep\n|turn|6\n|\n|t:|1700495230\n|move|p2a: NO BOZOS|Crunch|p1a: Cresselia\n|-supereffective|p1a: Cresselia\n|-damage|p1a: Cresselia|0 fnt\n|faint|p1a: Cresselia\n|\n|upkeep\n|\n|t:|1700495233\n|switch|p1a: Melmetal|Melmetal|100\/100\n|turn|7\n|\n|t:|1700495236\n|move|p2a: NO BOZOS|Waterfall|p1a: Melmetal\n|-damage|p1a: Melmetal|58\/100\n|move|p1a: Melmetal|Superpower|p2a: NO BOZOS\n|-supereffective|p2a: NO BOZOS\n|-damage|p2a: NO BOZOS|0 fnt\n|-unboost|p1a: Melmetal|atk|1\n|-unboost|p1a: Melmetal|def|1\n|faint|p2a: NO BOZOS\n|\n|upkeep\n|c|\u2606NDSNEZ Zoro|gyuh\n|\n|t:|1700495260\n|switch|p2a: YOGI BOPS|Ursaluna, M|100\/100\n|turn|8\n|\n|t:|1700495278\n|switch|p1a: Crawdaunt|Crawdaunt, F|10\/100\n|move|p2a: YOGI BOPS|Headlong Rush|p1a: Crawdaunt\n|-damage|p1a: Crawdaunt|0 fnt\n|-unboost|p2a: YOGI BOPS|def|1\n|-unboost|p2a: YOGI BOPS|spd|1\n|faint|p1a: Crawdaunt\n|\n|-status|p2a: YOGI BOPS|brn|[from] item: Flame Orb\n|upkeep\n|\n|t:|1700495281\n|switch|p1a: Hatterene|Hatterene, F|100\/100\n|turn|9\n|\n|t:|1700495297\n|switch|p2a: SUS TERA DNB VOTER|Grimmsnarl, M, shiny|100\/100\n|move|p1a: Hatterene|Trick Room|p1a: Hatterene\n|-fieldstart|move: Trick Room|[of] p1a: Hatterene\n|\n|upkeep\n|turn|10\n|\n|t:|1700495301\n|move|p2a: SUS TERA DNB VOTER|Light Screen|p2a: SUS TERA DNB VOTER\n|-sidestart|p2: NDSNEZ Zoro|move: Light Screen\n|move|p1a: Hatterene|Healing Wish|p1a: Hatterene\n|faint|p1a: Hatterene\n|\n|upkeep\n|\n|t:|1700495303\n|switch|p1a: Melmetal|Melmetal|58\/100\n|-heal|p1a: Melmetal|100\/100|[from] move: Healing Wish\n|turn|11\n|\n|t:|1700495308\n|-terastallize|p1a: Melmetal|Steel\n|move|p2a: SUS TERA DNB VOTER|Reflect|p2a: SUS TERA DNB VOTER\n|-sidestart|p2: NDSNEZ Zoro|Reflect\n|move|p1a: Melmetal|Double Iron Bash|p2a: SUS TERA DNB VOTER\n|-supereffective|p2a: SUS TERA DNB VOTER\n|-damage|p2a: SUS TERA DNB VOTER|29\/100\n|-supereffective|p2a: SUS TERA DNB VOTER\n|-damage|p2a: SUS TERA DNB VOTER|0 fnt\n|faint|p2a: SUS TERA DNB VOTER\n|-hitcount|p2: SUS TERA DNB VOTER|2\n|\n|upkeep\n|\n|t:|1700495316\n|switch|p2a: YOGI BOPS|Ursaluna, M|100\/100 brn\n|turn|12\n|c|@Wildfiree|\ud83d\udc40\n|c|\u2606NDSNEZ Zoro|gojo vs sukuna be like\n|\n|t:|1700495328\n|move|p1a: Melmetal|Double Iron Bash|p2a: YOGI BOPS\n|-damage|p2a: YOGI BOPS|64\/100 brn\n|-damage|p2a: YOGI BOPS|27\/100 brn\n|-hitcount|p2a: YOGI BOPS|2\n|cant|p2a: YOGI BOPS|flinch\n|\n|-damage|p2a: YOGI BOPS|21\/100 brn|[from] brn\n|upkeep\n|turn|13\n|c|@Wildfiree|Rip\n|c|\u2606Velcroc|honest move\n|\n|t:|1700495339\n|switch|p2a: DJ KHALED|Cresselia, F, shiny|100\/100\n|move|p1a: Melmetal|Double Iron Bash|p2a: DJ KHALED\n|-damage|p2a: DJ KHALED|77\/100\n|-damage|p2a: DJ KHALED|54\/100\n|-hitcount|p2a: DJ KHALED|2\n|-enditem|p2a: DJ KHALED|Kee Berry|[eat]\n|-boost|p2a: DJ KHALED|def|1|[from] item: Kee Berry\n|\n|-fieldend|move: Trick Room\n|upkeep\n|turn|14\n|\n|t:|1700495350\n|switch|p1a: Marowak|Marowak-Alola, F|100\/100\n|move|p2a: DJ KHALED|Calm Mind|p2a: DJ KHALED\n|-boost|p2a: DJ KHALED|spa|1\n|-boost|p2a: DJ KHALED|spd|1\n|\n|upkeep\n|turn|15\n|\n|t:|1700495359\n|move|p2a: DJ KHALED|Stored Power|p1a: Marowak\n|-crit|p1a: Marowak\n|-damage|p1a: Marowak|41\/100\n|move|p1a: Marowak|Substitute|p1a: Marowak\n|-start|p1a: Marowak|Substitute\n|-damage|p1a: Marowak|16\/100\n|\n|upkeep\n|turn|16\n|\n|t:|1700495368\n|-terastallize|p2a: DJ KHALED|Poison\n|move|p2a: DJ KHALED|Stored Power|p1a: Marowak\n|-end|p1a: Marowak|Substitute\n|move|p1a: Marowak|Flare Blitz|p2a: DJ KHALED\n|-damage|p2a: DJ KHALED|36\/100\n|\n|upkeep\n|turn|17\n|\n|t:|1700495388\n|move|p2a: DJ KHALED|Moonlight|p2a: DJ KHALED\n|-heal|p2a: DJ KHALED|86\/100\n|move|p1a: Marowak|Flare Blitz|p2a: DJ KHALED\n|-damage|p2a: DJ KHALED|68\/100\n|\n|-sideend|p2: NDSNEZ Zoro|move: Light Screen\n|upkeep\n|turn|18\n|\n|t:|1700495394\n|move|p2a: DJ KHALED|Stored Power|p1a: Marowak\n|-damage|p1a: Marowak|0 fnt\n|faint|p1a: Marowak\n|\n|-sideend|p2: NDSNEZ Zoro|Reflect\n|upkeep\n|\n|t:|1700495396\n|switch|p1a: Melmetal|Melmetal, tera:Steel|100\/100\n|turn|19\n|\n|t:|1700495401\n|move|p2a: DJ KHALED|Stored Power|p1a: Melmetal\n|-resisted|p1a: Melmetal\n|-crit|p1a: Melmetal\n|-damage|p1a: Melmetal|75\/100\n|move|p1a: Melmetal|Double Iron Bash|p2a: DJ KHALED\n|-damage|p2a: DJ KHALED|34\/100\n|-damage|p2a: DJ KHALED|3\/100\n|-hitcount|p2a: DJ KHALED|2\n|\n|upkeep\n|turn|20\n|\n|t:|1700495413\n|switch|p1a: Porygon2|Porygon2|100\/100\n|-ability|p1a: Porygon2|Levitate|[from] ability: Trace|[of] p2a: DJ KHALED\n|move|p2a: DJ KHALED|Stored Power|p1a: Porygon2\n|-damage|p1a: Porygon2|84\/100\n|\n|upkeep\n|turn|21\n|l| Gholdie\n|\n|t:|1700495427\n|move|p2a: DJ KHALED|Stored Power|p1a: Porygon2\n|-damage|p1a: Porygon2|69\/100\n|move|p1a: Porygon2|Trick Room|p1a: Porygon2\n|-fieldstart|move: Trick Room|[of] p1a: Porygon2\n|\n|upkeep\n|turn|22\n|\n|t:|1700495432\n|move|p2a: DJ KHALED|Moonlight|p2a: DJ KHALED\n|-heal|p2a: DJ KHALED|53\/100\n|move|p1a: Porygon2|Teleport|p1a: Porygon2\n|\n|t:|1700495434\n|switch|p1a: Melmetal|Melmetal, tera:Steel|75\/100|[from] Teleport\n|\n|upkeep\n|turn|23\n|\n|t:|1700495438\n|move|p1a: Melmetal|Double Iron Bash|p2a: DJ KHALED\n|-damage|p2a: DJ KHALED|22\/100\n|-damage|p2a: DJ KHALED|0 fnt\n|faint|p2a: DJ KHALED\n|-hitcount|p2: DJ KHALED|2\n|\n|upkeep\n|c| XXMurdrXX|ur ded\n|c|\u2606NDSNEZ Zoro|nah, i'd win\n|\n|t:|1700495460\n|switch|p2a: GALLADEORADE|Iron Valiant|100\/100\n|-enditem|p2a: GALLADEORADE|Booster Energy\n|-activate|p2a: GALLADEORADE|ability: Quark Drive|[fromitem]\n|-start|p2a: GALLADEORADE|quarkdrivespe\n|turn|24\n|j| OuterDreams\n|\n|t:|1700495466\n|move|p1a: Melmetal|Double Iron Bash|p2a: GALLADEORADE\n|-supereffective|p2a: GALLADEORADE\n|-damage|p2a: GALLADEORADE|0 fnt\n|faint|p2a: GALLADEORADE\n|-end|p2a: GALLADEORADE|Quark Drive|[silent]\n|-hitcount|p2: GALLADEORADE|1\n|\n|upkeep\n|l| OuterDreams\n|\n|t:|1700495470\n|switch|p2a: YOGI BOPS|Ursaluna, M|21\/100 brn\n|turn|25\n|j| SacolaDaG30\n|\n|t:|1700495474\n|move|p1a: Melmetal|Double Iron Bash|p2a: YOGI BOPS\n|-damage|p2a: YOGI BOPS|0 fnt\n|faint|p2a: YOGI BOPS\n|-hitcount|p2: YOGI BOPS|1\n|\n|win|Velcroc\n|n|\u2606Velcroc|velcroc\n|n|\u2606NDSNEZ Zoro|ndsnezzoro\n|n| SandySubway|sandysubway\n|n| XXMurdrXX|xxmurdrxx\n|n| newbootgoof|newbootgoof\n|n| NDSNEZ ban voter|ndsnezbanvoter\n|n|+Wildfiree|wildfiree\n|n| SacolaDaG30|sacoladag30\n","uploadtime":1700495483,"views":1,"p1id":"velcroc","p2id":"ndsnezzoro","formatid":"gen9nationaldex","rating":0,"private":0,"password":""}