{"id":"gen9nationaldex-1990956055","p1":"dwill16","p2":"Simon C4","format":"[Gen 9] National Dex","log":"|j|\u2606dwill16\n|j|\u2606Simon C4\n|t:|1700019516\n|gametype|singles\n|player|p1|dwill16|lady-gen4|1501\n|player|p2|Simon C4|265|1423\n|teamsize|p1|6\n|teamsize|p2|6\n|gen|9\n|tier|[Gen 9] National Dex\n|rated|\n|rule|HP Percentage Mod: HP is shown in percentages\n|rule|Endless Battle Clause: Forcing endless battles is banned\n|rule|OHKO Clause: OHKO moves are banned\n|rule|Evasion Clause: Evasion abilities, items, and moves are banned\n|rule|Evasion Abilities Clause: Evasion abilities are banned\n|rule|Evasion Items Clause: Evasion items are banned\n|rule|Evasion Moves Clause: Evasion moves are banned\n|rule|Species Clause: Limit one of each Pok\u00e9mon\n|rule|Sleep Clause Mod: Limit one foe put to sleep\n|clearpoke\n|poke|p1|Tapu Lele|\n|poke|p1|Great Tusk|\n|poke|p1|Charizard, M|\n|poke|p1|Garganacl, F|\n|poke|p1|Skarmory, M|\n|poke|p1|Aegislash, F|\n|poke|p2|Gengar, M|\n|poke|p2|Tapu Lele|\n|poke|p2|Ting-Lu|\n|poke|p2|Corviknight, F|\n|poke|p2|Lopunny, M|\n|poke|p2|Dragonite, F|\n|teampreview\n|inactive|Battle timer is ON: inactive players will automatically lose when time's up. (requested by dwill16)\n|\n|t:|1700019533\n|start\n|switch|p1a: \u94c1\u8f99\u8ff9|Great Tusk|100\/100\n|switch|p2a: Ting-Lu|Ting-Lu|100\/100\n|-ability|p2a: Ting-Lu|Vessel of Ruin\n|turn|1\n|inactive|dwill16 has 120 seconds left.\n|\n|t:|1700019572\n|switch|p2a: Corviknight|Corviknight, F|100\/100\n|-ability|p2a: Corviknight|Pressure\n|move|p1a: \u94c1\u8f99\u8ff9|Rapid Spin|p2a: Corviknight\n|-resisted|p2a: Corviknight\n|-damage|p2a: Corviknight|96\/100\n|-boost|p1a: \u94c1\u8f99\u8ff9|spe|1\n|-damage|p1a: \u94c1\u8f99\u8ff9|84\/100|[from] item: Rocky Helmet|[of] p2a: Corviknight\n|\n|upkeep\n|turn|2\n|\n|t:|1700019582\n|-end|p1a: \u94c1\u8f99\u8ff9|Protosynthesis|[silent]\n|switch|p1a: \u55b7\u706b\u9f99X|Charizard, M|100\/100\n|move|p2a: Corviknight|U-turn|p1a: \u55b7\u706b\u9f99X\n|-resisted|p1a: \u55b7\u706b\u9f99X\n|-damage|p1a: \u55b7\u706b\u9f99X|96\/100\n|inactive|Simon C4 has 120 seconds left.\n|\n|t:|1700019604\n|switch|p2a: Ting-Lu|Ting-Lu|100\/100|[from] U-turn\n|-ability|p2a: Ting-Lu|Vessel of Ruin\n|\n|upkeep\n|turn|3\n|inactive|Simon C4 has 120 seconds left.\n|\n|t:|1700019616\n|detailschange|p1a: \u55b7\u706b\u9f99X|Charizard-Mega-Y, M\n|-mega|p1a: \u55b7\u706b\u9f99X|Charizard|Charizardite Y\n|-weather|SunnyDay|[from] ability: Drought|[of] p1a: \u55b7\u706b\u9f99X\n|move|p1a: \u55b7\u706b\u9f99X|Solar Beam||[still]\n|-prepare|p1a: \u55b7\u706b\u9f99X|Solar Beam\n|-anim|p1a: \u55b7\u706b\u9f99X|Solar Beam|p2a: Ting-Lu\n|-supereffective|p2a: Ting-Lu\n|-damage|p2a: Ting-Lu|61\/100\n|move|p2a: Ting-Lu|Whirlwind|p1a: \u55b7\u706b\u9f99X\n|drag|p1a: \u5361\u666e\u9e23\u9e23|Tapu Lele|100\/100\n|-fieldstart|move: Psychic Terrain|[from] ability: Psychic Surge|[of] p1a: \u5361\u666e\u9e23\u9e23\n|\n|-weather|SunnyDay|[upkeep]\n|-heal|p2a: Ting-Lu|67\/100|[from] item: Leftovers\n|upkeep\n|turn|4\n|inactive|Simon C4 has 120 seconds left.\n|\n|t:|1700019633\n|move|p1a: \u5361\u666e\u9e23\u9e23|Moonblast|p2a: Ting-Lu\n|-supereffective|p2a: Ting-Lu\n|-damage|p2a: Ting-Lu|29\/100\n|move|p2a: Ting-Lu|Stealth Rock|p1a: \u5361\u666e\u9e23\u9e23\n|-sidestart|p1: dwill16|move: Stealth Rock\n|\n|-weather|SunnyDay|[upkeep]\n|-heal|p2a: Ting-Lu|35\/100|[from] item: Leftovers\n|upkeep\n|turn|5\n|inactive|Simon C4 has 120 seconds left.\n|\n|t:|1700019642\n|switch|p1a: \u94a2\u94e0\u9e26|Skarmory, M|100\/100\n|-damage|p1a: \u94a2\u94e0\u9e26|88\/100|[from] Stealth Rock\n|switch|p2a: Gengar|Gengar, M|100\/100\n|\n|-weather|SunnyDay|[upkeep]\n|upkeep\n|turn|6\n|inactive|Simon C4 has 120 seconds left.\n|\n|t:|1700019654\n|move|p2a: Gengar|Nasty Plot|p2a: Gengar\n|-boost|p2a: Gengar|spa|2\n|move|p1a: \u94a2\u94e0\u9e26|Defog|p2a: Gengar\n|-unboost|p2a: Gengar|evasion|1\n|-sideend|p1: dwill16|Stealth Rock|[from] move: Defog|[of] p1a: \u94a2\u94e0\u9e26\n|-fieldend|move: Psychic Terrain\n|\n|-weather|SunnyDay|[upkeep]\n|upkeep\n|turn|7\n|\n|t:|1700019662\n|move|p2a: Gengar|Shadow Ball|p1a: \u94a2\u94e0\u9e26\n|-damage|p1a: \u94a2\u94e0\u9e26|3\/100\n|move|p1a: \u94a2\u94e0\u9e26|Whirlwind|p2a: Gengar\n|drag|p2a: Tapu Lele|Tapu Lele|100\/100\n|-fieldstart|move: Psychic Terrain|[from] ability: Psychic Surge|[of] p2a: Tapu Lele\n|\n|-weather|none\n|upkeep\n|turn|8\n|\n|t:|1700019675\n|switch|p2a: Ting-Lu|Ting-Lu|35\/100\n|-ability|p2a: Ting-Lu|Vessel of Ruin\n|move|p1a: \u94a2\u94e0\u9e26|Iron Head|p2a: Ting-Lu\n|-damage|p2a: Ting-Lu|23\/100\n|\n|-heal|p2a: Ting-Lu|29\/100|[from] item: Leftovers\n|upkeep\n|turn|9\n|\n|t:|1700019685\n|move|p1a: \u94a2\u94e0\u9e26|Roost|p1a: \u94a2\u94e0\u9e26\n|-heal|p1a: \u94a2\u94e0\u9e26|53\/100\n|-singleturn|p1a: \u94a2\u94e0\u9e26|move: Roost\n|move|p2a: Ting-Lu|Stealth Rock|p1a: \u94a2\u94e0\u9e26\n|-sidestart|p1: dwill16|move: Stealth Rock\n|\n|-heal|p2a: Ting-Lu|35\/100|[from] item: Leftovers\n|upkeep\n|turn|10\n|\n|t:|1700019693\n|move|p1a: \u94a2\u94e0\u9e26|Defog|p2a: Ting-Lu\n|-unboost|p2a: Ting-Lu|evasion|1\n|-sideend|p1: dwill16|Stealth Rock|[from] move: Defog|[of] p1a: \u94a2\u94e0\u9e26\n|-fieldend|move: Psychic Terrain\n|move|p2a: Ting-Lu|Whirlwind|p1a: \u94a2\u94e0\u9e26\n|drag|p1a: \u5361\u666e\u9e23\u9e23|Tapu Lele|100\/100\n|-fieldstart|move: Psychic Terrain|[from] ability: Psychic Surge|[of] p1a: \u5361\u666e\u9e23\u9e23\n|\n|-heal|p2a: Ting-Lu|42\/100|[from] item: Leftovers\n|upkeep\n|turn|11\n|\n|t:|1700019710\n|switch|p2a: Corviknight|Corviknight, F|96\/100\n|-ability|p2a: Corviknight|Pressure\n|move|p1a: \u5361\u666e\u9e23\u9e23|Psyshock|p2a: Corviknight\n|-resisted|p2a: Corviknight\n|-damage|p2a: Corviknight|80\/100\n|\n|upkeep\n|turn|12\n|\n|t:|1700019730\n|switch|p1a: \u94a2\u94e0\u9e26|Skarmory, M|53\/100\n|move|p2a: Corviknight|U-turn|p1a: \u94a2\u94e0\u9e26\n|-resisted|p1a: \u94a2\u94e0\u9e26\n|-damage|p1a: \u94a2\u94e0\u9e26|50\/100\n|-damage|p2a: Corviknight|63\/100|[from] item: Rocky Helmet|[of] p1a: \u94a2\u94e0\u9e26\n|\n|t:|1700019736\n|switch|p2a: Gengar|Gengar, M|100\/100|[from] U-turn\n|\n|upkeep\n|turn|13\n|\n|t:|1700019745\n|move|p2a: Gengar|Shadow Ball|p1a: \u94a2\u94e0\u9e26\n|-damage|p1a: \u94a2\u94e0\u9e26|10\/100\n|-unboost|p1a: \u94a2\u94e0\u9e26|spd|1\n|move|p1a: \u94a2\u94e0\u9e26|Whirlwind|p2a: Gengar\n|drag|p2a: Dragonite|Dragonite, F|100\/100\n|\n|upkeep\n|turn|14\n|\n|t:|1700019760\n|move|p2a: Dragonite|Extreme Speed|p1a: \u94a2\u94e0\u9e26\n|-hint|Psychic Terrain doesn't affect Pok\u00e9mon immune to Ground.\n|-resisted|p1a: \u94a2\u94e0\u9e26\n|-damage|p1a: \u94a2\u94e0\u9e26|0 fnt\n|-damage|p2a: Dragonite|84\/100|[from] item: Rocky Helmet|[of] p1a: \u94a2\u94e0\u9e26\n|faint|p1a: \u94a2\u94e0\u9e26\n|\n|-fieldend|move: Psychic Terrain\n|upkeep\n|\n|t:|1700019765\n|switch|p1a: \u94c1\u8f99\u8ff9|Great Tusk|84\/100\n|turn|15\n|\n|t:|1700019773\n|-end|p1a: \u94c1\u8f99\u8ff9|Protosynthesis|[silent]\n|switch|p1a: \u571f\u738b|Garganacl, F|100\/100\n|switch|p2a: Corviknight|Corviknight, F|63\/100\n|-ability|p2a: Corviknight|Pressure\n|\n|upkeep\n|turn|16\n|\n|t:|1700019785\n|move|p2a: Corviknight|U-turn|p1a: \u571f\u738b\n|-damage|p1a: \u571f\u738b|91\/100\n|\n|t:|1700019788\n|switch|p2a: Ting-Lu|Ting-Lu|42\/100|[from] U-turn\n|-ability|p2a: Ting-Lu|Vessel of Ruin\n|move|p1a: \u571f\u738b|Salt Cure|p2a: Ting-Lu\n|-resisted|p2a: Ting-Lu\n|-damage|p2a: Ting-Lu|38\/100\n|-start|p2a: Ting-Lu|Salt Cure\n|\n|-heal|p2a: Ting-Lu|44\/100|[from] item: Leftovers\n|-heal|p1a: \u571f\u738b|97\/100|[from] item: Leftovers\n|-damage|p2a: Ting-Lu|32\/100|[from] Salt Cure\n|upkeep\n|turn|17\n|\n|t:|1700019801\n|move|p2a: Ting-Lu|Stealth Rock|p1a: \u571f\u738b\n|-sidestart|p1: dwill16|move: Stealth Rock\n|move|p1a: \u571f\u738b|Stealth Rock|p2a: Ting-Lu\n|-sidestart|p2: Simon C4|move: Stealth Rock\n|\n|-heal|p2a: Ting-Lu|38\/100|[from] item: Leftovers\n|-heal|p1a: \u571f\u738b|100\/100|[from] item: Leftovers\n|-damage|p2a: Ting-Lu|26\/100|[from] Salt Cure\n|upkeep\n|turn|18\n|\n|t:|1700019810\n|move|p1a: \u571f\u738b|Salt Cure|p2a: Ting-Lu\n|-resisted|p2a: Ting-Lu\n|-damage|p2a: Ting-Lu|22\/100\n|move|p2a: Ting-Lu|Whirlwind|p1a: \u571f\u738b\n|drag|p1a: \u8d5b\u5bcc\u8c6a|Aegislash, F|100\/100\n|-damage|p1a: \u8d5b\u5bcc\u8c6a|94\/100|[from] Stealth Rock\n|\n|-heal|p2a: Ting-Lu|28\/100|[from] item: Leftovers\n|-damage|p2a: Ting-Lu|16\/100|[from] Salt Cure\n|upkeep\n|turn|19\n|\n|t:|1700019822\n|-formechange|p1a: \u8d5b\u5bcc\u8c6a|Aegislash-Blade||[from] ability: Stance Change\n|move|p1a: \u8d5b\u5bcc\u8c6a|Iron Head|p2a: Ting-Lu\n|-damage|p2a: Ting-Lu|0 fnt\n|faint|p2a: Ting-Lu\n|\n|upkeep\n|\n|t:|1700019837\n|switch|p2a: Lopunny|Lopunny, M|100\/100\n|-damage|p2a: Lopunny|88\/100|[from] Stealth Rock\n|turn|20\n|\n|t:|1700019843\n|detailschange|p2a: Lopunny|Lopunny-Mega, M\n|-mega|p2a: Lopunny|Lopunny|Lopunnite\n|-formechange|p1a: \u8d5b\u5bcc\u8c6a|Aegislash||[from] ability: Stance Change\n|move|p1a: \u8d5b\u5bcc\u8c6a|King's Shield|p1a: \u8d5b\u5bcc\u8c6a\n|-singleturn|p1a: \u8d5b\u5bcc\u8c6a|Protect\n|move|p2a: Lopunny|Encore|p1a: \u8d5b\u5bcc\u8c6a\n|-start|p1a: \u8d5b\u5bcc\u8c6a|Encore\n|\n|upkeep\n|turn|21\n|\n|t:|1700019853\n|move|p1a: \u8d5b\u5bcc\u8c6a|King's Shield||[still]\n|-fail|p1a: \u8d5b\u5bcc\u8c6a\n|move|p2a: Lopunny|Close Combat|p1a: \u8d5b\u5bcc\u8c6a\n|-supereffective|p1a: \u8d5b\u5bcc\u8c6a\n|-damage|p1a: \u8d5b\u5bcc\u8c6a|5\/100\n|-unboost|p2a: Lopunny|def|1\n|-unboost|p2a: Lopunny|spd|1\n|\n|upkeep\n|turn|22\n|\n|t:|1700019872\n|switch|p1a: \u94c1\u8f99\u8ff9|Great Tusk|84\/100\n|-damage|p1a: \u94c1\u8f99\u8ff9|81\/100|[from] Stealth Rock\n|move|p2a: Lopunny|Close Combat|p1a: \u94c1\u8f99\u8ff9\n|-damage|p1a: \u94c1\u8f99\u8ff9|39\/100\n|-unboost|p2a: Lopunny|def|1\n|-unboost|p2a: Lopunny|spd|1\n|\n|upkeep\n|turn|23\n|\n|t:|1700019884\n|switch|p2a: Gengar|Gengar, M|100\/100\n|-damage|p2a: Gengar|88\/100|[from] Stealth Rock\n|move|p1a: \u94c1\u8f99\u8ff9|Rapid Spin|p2a: Gengar\n|-immune|p2a: Gengar\n|\n|upkeep\n|turn|24\n|\n|t:|1700019893\n|move|p2a: Gengar|Shadow Ball|p1a: \u94c1\u8f99\u8ff9\n|-damage|p1a: \u94c1\u8f99\u8ff9|0 fnt\n|faint|p1a: \u94c1\u8f99\u8ff9\n|-end|p1a: \u94c1\u8f99\u8ff9|Protosynthesis|[silent]\n|\n|upkeep\n|\n|t:|1700019897\n|switch|p1a: \u5361\u666e\u9e23\u9e23|Tapu Lele|100\/100\n|-damage|p1a: \u5361\u666e\u9e23\u9e23|88\/100|[from] Stealth Rock\n|-fieldstart|move: Psychic Terrain|[from] ability: Psychic Surge|[of] p1a: \u5361\u666e\u9e23\u9e23\n|turn|25\n|\n|t:|1700019911\n|switch|p2a: Corviknight|Corviknight, F|63\/100\n|-damage|p2a: Corviknight|51\/100|[from] Stealth Rock\n|-ability|p2a: Corviknight|Pressure\n|-terastallize|p1a: \u5361\u666e\u9e23\u9e23|Psychic\n|move|p1a: \u5361\u666e\u9e23\u9e23|Psyshock|p2a: Corviknight\n|-resisted|p2a: Corviknight\n|-damage|p2a: Corviknight|28\/100\n|\n|upkeep\n|turn|26\n|\n|t:|1700019933\n|switch|p1a: \u571f\u738b|Garganacl, F|100\/100\n|-damage|p1a: \u571f\u738b|88\/100|[from] Stealth Rock\n|move|p2a: Corviknight|Brave Bird|p1a: \u571f\u738b\n|-resisted|p1a: \u571f\u738b\n|-damage|p1a: \u571f\u738b|76\/100\n|-damage|p2a: Corviknight|24\/100|[from] Recoil\n|\n|-heal|p1a: \u571f\u738b|82\/100|[from] item: Leftovers\n|upkeep\n|turn|27\n|\n|t:|1700019945\n|move|p2a: Corviknight|Roost|p2a: Corviknight\n|-heal|p2a: Corviknight|74\/100\n|-singleturn|p2a: Corviknight|move: Roost\n|move|p1a: \u571f\u738b|Salt Cure|p2a: Corviknight\n|-resisted|p2a: Corviknight\n|-damage|p2a: Corviknight|70\/100\n|-start|p2a: Corviknight|Salt Cure\n|\n|-heal|p1a: \u571f\u738b|88\/100|[from] item: Leftovers\n|-damage|p2a: Corviknight|45\/100|[from] Salt Cure\n|upkeep\n|turn|28\n|\n|t:|1700019957\n|move|p1a: \u571f\u738b|Protect|p1a: \u571f\u738b\n|-singleturn|p1a: \u571f\u738b|Protect\n|move|p2a: Corviknight|Roost|p2a: Corviknight\n|-heal|p2a: Corviknight|95\/100\n|-singleturn|p2a: Corviknight|move: Roost\n|\n|-heal|p1a: \u571f\u738b|94\/100|[from] item: Leftovers\n|-damage|p2a: Corviknight|70\/100|[from] Salt Cure\n|upkeep\n|turn|29\n|\n|t:|1700019969\n|switch|p2a: Lopunny|Lopunny-Mega, M|88\/100\n|-damage|p2a: Lopunny|82\/100|[from] Stealth Rock\n|move|p1a: \u571f\u738b|Salt Cure|p2a: Lopunny\n|-resisted|p2a: Lopunny\n|-damage|p2a: Lopunny|74\/100\n|-start|p2a: Lopunny|Salt Cure\n|\n|-heal|p1a: \u571f\u738b|100\/100|[from] item: Leftovers\n|-damage|p2a: Lopunny|61\/100|[from] Salt Cure\n|-fieldend|move: Psychic Terrain\n|upkeep\n|turn|30\n|\n|t:|1700019980\n|switch|p1a: \u8d5b\u5bcc\u8c6a|Aegislash, F|5\/100\n|-damage|p1a: \u8d5b\u5bcc\u8c6a|0 fnt|[from] Stealth Rock\n|faint|p1a: \u8d5b\u5bcc\u8c6a\n|move|p2a: Lopunny|Encore|p1: \u8d5b\u5bcc\u8c6a|[notarget]\n|-fail|p2a: Lopunny\n|\n|-damage|p2a: Lopunny|49\/100|[from] Salt Cure\n|upkeep\n|\n|t:|1700019983\n|switch|p1a: \u5361\u666e\u9e23\u9e23|Tapu Lele, tera:Psychic|88\/100\n|-damage|p1a: \u5361\u666e\u9e23\u9e23|76\/100|[from] Stealth Rock\n|-fieldstart|move: Psychic Terrain|[from] ability: Psychic Surge|[of] p1a: \u5361\u666e\u9e23\u9e23\n|turn|31\n|inactive|Simon C4 has 120 seconds left.\n|\n|t:|1700020017\n|switch|p2a: Gengar|Gengar, M|88\/100\n|-damage|p2a: Gengar|76\/100|[from] Stealth Rock\n|move|p1a: \u5361\u666e\u9e23\u9e23|Hidden Power|p2a: Gengar\n|-damage|p2a: Gengar|41\/100\n|-start|p1a: \u5361\u666e\u9e23\u9e23|Disable|Hidden Power|[from] ability: Cursed Body|[of] p2a: Gengar\n|\n|upkeep\n|turn|32\n|inactive|Simon C4 has 120 seconds left.\n|\n|t:|1700020045\n|switch|p1a: \u571f\u738b|Garganacl, F|100\/100\n|-damage|p1a: \u571f\u738b|88\/100|[from] Stealth Rock\n|move|p2a: Gengar|Nasty Plot|p2a: Gengar\n|-boost|p2a: Gengar|spa|2\n|\n|-heal|p1a: \u571f\u738b|94\/100|[from] item: Leftovers\n|upkeep\n|turn|33\n|inactive|Simon C4 has 120 seconds left.\n|\n|t:|1700020055\n|move|p2a: Gengar|Focus Blast|p1a: \u571f\u738b\n|-supereffective|p1a: \u571f\u738b\n|-damage|p1a: \u571f\u738b|0 fnt\n|faint|p1a: \u571f\u738b\n|\n|upkeep\n|-message|dwill16 forfeited.\n|\n|win|Simon C4\n|raw|dwill16's rating: 1501 &rarr; <strong>1477<\/strong><br \/>(-24 for losing)\n|raw|Simon C4's rating: 1423 &rarr; <strong>1447<\/strong><br \/>(+24 for winning)\n|l|\u2606dwill16\n","uploadtime":1700020068,"views":12,"p1id":"dwill16","p2id":"simonc4","formatid":"gen9nationaldex","rating":1447,"private":0,"password":""}