{"id":"gen9nationaldex-1997362970","p1":"FelixShade","p2":"Lufano5","format":"[Gen 9] National Dex","log":"|html|<div class=\"broadcast-blue\"><strong>[Gen 9] National Dex is currently suspecting Sneasler! For information on how to participate check out the <a href=\"https:\/\/www.smogon.com\/forums\/threads\/sv-national-dex-suspect-8-just-dance.3731534\/\">suspect thread<\/a>.<\/strong><\/div>\n|j|\u2606FelixShade\n|j|\u2606Lufano5\n|t:|1700794375\n|gametype|singles\n|player|p1|FelixShade|burglar|1157\n|player|p2|Lufano5|266|1163\n|teamsize|p1|6\n|teamsize|p2|6\n|gen|9\n|tier|[Gen 9] National Dex\n|rated|\n|rule|HP Percentage Mod: HP is shown in percentages\n|rule|Endless Battle Clause: Forcing endless battles is banned\n|rule|OHKO Clause: OHKO moves are banned\n|rule|Evasion Clause: Evasion abilities, items, and moves are banned\n|rule|Evasion Abilities Clause: Evasion abilities are banned\n|rule|Evasion Items Clause: Evasion items are banned\n|rule|Evasion Moves Clause: Evasion moves are banned\n|rule|Species Clause: Limit one of each Pok\u00e9mon\n|rule|Sleep Clause Mod: Limit one foe put to sleep\n|clearpoke\n|poke|p1|Goodra-Hisui, M|\n|poke|p1|Altaria, F|\n|poke|p1|Kommo-o, F|\n|poke|p1|Kyurem|\n|poke|p1|Dragalge, M|\n|poke|p1|Latias, F|\n|poke|p2|Weezing-Galar, M|\n|poke|p2|Lopunny, M|\n|poke|p2|Hatterene, F|\n|poke|p2|Gliscor, F|\n|poke|p2|Aurorus, F|\n|poke|p2|Mimikyu, M|\n|teampreview\n|\n|t:|1700794384\n|start\n|switch|p1a: Dragalge|Dragalge, M|100\/100\n|switch|p2a: Aurorus|Aurorus, F, shiny|100\/100\n|-weather|Snow|[from] ability: Snow Warning|[of] p2a: Aurorus\n|turn|1\n|\n|t:|1700794393\n|switch|p2a: Hatterene|Hatterene, F, shiny|100\/100\n|move|p1a: Dragalge|Toxic Spikes|p2a: Hatterene\n|move|p2a: Hatterene|Toxic Spikes|p1a: Dragalge|[from]ability: Magic Bounce\n|-sidestart|p1: FelixShade|move: Toxic Spikes\n|\n|-weather|Snow|[upkeep]\n|upkeep\n|turn|2\n|\n|t:|1700794404\n|switch|p1a: Goodra|Goodra-Hisui, M|100\/100\n|move|p2a: Hatterene|Draining Kiss|p1a: Goodra\n|-damage|p1a: Goodra|89\/100\n|\n|-weather|Snow|[upkeep]\n|upkeep\n|turn|3\n|\n|t:|1700794412\n|move|p1a: Goodra|Sludge Wave|p2a: Hatterene\n|-supereffective|p2a: Hatterene\n|-damage|p2a: Hatterene|43\/100\n|move|p2a: Hatterene|Mystical Fire|p1a: Goodra\n|-damage|p1a: Goodra|75\/100\n|-unboost|p1a: Goodra|spa|1\n|\n|-weather|Snow|[upkeep]\n|-heal|p2a: Hatterene|49\/100|[from] item: Leftovers\n|upkeep\n|turn|4\n|\n|t:|1700794424\n|switch|p2a: Aurorus|Aurorus, F, shiny|100\/100\n|move|p1a: Goodra|Flash Cannon|p2a: Aurorus\n|-supereffective|p2a: Aurorus\n|-damage|p2a: Aurorus|23\/100\n|\n|-weather|Snow|[upkeep]\n|upkeep\n|turn|5\n|\n|t:|1700794431\n|move|p1a: Goodra|Flash Cannon|p2a: Aurorus\n|-supereffective|p2a: Aurorus\n|-damage|p2a: Aurorus|0 fnt\n|faint|p2a: Aurorus\n|\n|-weather|none\n|upkeep\n|\n|t:|1700794448\n|switch|p2a: Lopunny|Lopunny, M|100\/100\n|turn|6\n|\n|t:|1700794454\n|switch|p1a: Dragalge|Dragalge, M|100\/100\n|-sideend|p1: FelixShade|move: Toxic Spikes|[of] p1a: Dragalge\n|detailschange|p2a: Lopunny|Lopunny-Mega, M\n|-mega|p2a: Lopunny|Lopunny|Lopunnite\n|move|p2a: Lopunny|Power-Up Punch|p1a: Dragalge\n|-resisted|p1a: Dragalge\n|-damage|p1a: Dragalge|89\/100\n|-boost|p2a: Lopunny|atk|1\n|\n|-heal|p1a: Dragalge|95\/100|[from] item: Leftovers\n|upkeep\n|turn|7\n|\n|t:|1700794467\n|move|p2a: Lopunny|Ice Punch|p1a: Dragalge\n|-supereffective|p1a: Dragalge\n|-damage|p1a: Dragalge|0 fnt\n|faint|p1a: Dragalge\n|\n|upkeep\n|\n|t:|1700794480\n|switch|p1a: Kyurem|Kyurem|100\/100\n|-ability|p1a: Kyurem|Pressure\n|turn|8\n|\n|t:|1700794494\n|move|p2a: Lopunny|Return|p1a: Kyurem\n|-damage|p1a: Kyurem|21\/100\n|move|p1a: Kyurem|Draco Meteor|p2a: Lopunny\n|-damage|p2a: Lopunny|0 fnt\n|-unboost|p1a: Kyurem|spa|2\n|faint|p2a: Lopunny\n|\n|upkeep\n|\n|t:|1700794513\n|switch|p2a: Hatterene|Hatterene, F, shiny|49\/100\n|turn|9\n|\n|t:|1700794518\n|switch|p1a: Goodra|Goodra-Hisui, M|75\/100\n|move|p2a: Hatterene|Trick Room|p2a: Hatterene\n|-fieldstart|move: Trick Room|[of] p2a: Hatterene\n|\n|-heal|p2a: Hatterene|55\/100|[from] item: Leftovers\n|upkeep\n|turn|10\n|\n|t:|1700794528\n|move|p2a: Hatterene|Mystical Fire|p1a: Goodra\n|-damage|p1a: Goodra|63\/100\n|-unboost|p1a: Goodra|spa|1\n|move|p1a: Goodra|Flash Cannon|p2a: Hatterene\n|-supereffective|p2a: Hatterene\n|-damage|p2a: Hatterene|3\/100\n|\n|-heal|p2a: Hatterene|9\/100|[from] item: Leftovers\n|upkeep\n|turn|11\n|\n|t:|1700794545\n|move|p2a: Hatterene|Mystical Fire|p1a: Goodra\n|-damage|p1a: Goodra|51\/100\n|-unboost|p1a: Goodra|spa|1\n|move|p1a: Goodra|Sludge Wave|p2a: Hatterene\n|-supereffective|p2a: Hatterene\n|-damage|p2a: Hatterene|0 fnt\n|faint|p2a: Hatterene\n|\n|upkeep\n|\n|t:|1700794558\n|switch|p2a: Gliscor|Gliscor, F|100\/100\n|turn|12\n|\n|t:|1700794567\n|-terastallize|p2a: Gliscor|Water\n|move|p1a: Goodra|Ice Beam|p2a: Gliscor\n|-resisted|p2a: Gliscor\n|-damage|p2a: Gliscor|90\/100\n|move|p2a: Gliscor|Hone Claws|p2a: Gliscor\n|-boost|p2a: Gliscor|atk|1\n|-boost|p2a: Gliscor|accuracy|1\n|\n|-status|p2a: Gliscor|tox|[from] item: Toxic Orb\n|upkeep\n|turn|13\n|\n|t:|1700794594\n|switch|p1a: Altaria|Altaria, F|100\/100\n|move|p2a: Gliscor|Stone Edge|p1a: Altaria\n|-supereffective|p1a: Altaria\n|-damage|p1a: Altaria|2\/100\n|\n|-heal|p2a: Gliscor|100\/100 tox|[from] ability: Poison Heal\n|-fieldend|move: Trick Room\n|upkeep\n|turn|14\n|\n|t:|1700794605\n|detailschange|p1a: Altaria|Altaria-Mega, F\n|-mega|p1a: Altaria|Altaria|Altarianite\n|move|p2a: Gliscor|Stone Edge|p1a: Altaria\n|-damage|p1a: Altaria|0 fnt\n|faint|p1a: Altaria\n|\n|upkeep\n|\n|t:|1700794614\n|switch|p1a: Kyurem|Kyurem|21\/100\n|-ability|p1a: Kyurem|Pressure\n|turn|15\n|\n|t:|1700794621\n|move|p1a: Kyurem|Freeze-Dry|p2a: Gliscor\n|-supereffective|p2a: Gliscor\n|-damage|p2a: Gliscor|0 fnt\n|faint|p2a: Gliscor\n|\n|upkeep\n|\n|t:|1700794631\n|switch|p2a: Weezing|Weezing-Galar, M|100\/100\n|-ability|p2a: Weezing|Neutralizing Gas\n|turn|16\n|\n|t:|1700794638\n|switch|p1a: Goodra|Goodra-Hisui, M|51\/100\n|move|p2a: Weezing|Toxic Spikes|p1a: Goodra\n|-sidestart|p1: FelixShade|move: Toxic Spikes\n|\n|upkeep\n|turn|17\n|\n|t:|1700794647\n|move|p1a: Goodra|Flash Cannon|p2a: Weezing\n|-supereffective|p2a: Weezing\n|-damage|p2a: Weezing|0 fnt\n|faint|p2a: Weezing\n|-end|p2a: Weezing|ability: Neutralizing Gas\n|\n|upkeep\n|\n|t:|1700794653\n|switch|p2a: Mimikyu|Mimikyu, M|100\/100\n|turn|18\n|\n|t:|1700794657\n|move|p2a: Mimikyu|Swords Dance|p2a: Mimikyu\n|-boost|p2a: Mimikyu|atk|2\n|move|p1a: Goodra|Flash Cannon|p2a: Mimikyu\n|-activate|p2a: Mimikyu|ability: Disguise\n|-damage|p2a: Mimikyu|100\/100\n|detailschange|p2a: Mimikyu|Mimikyu-Busted, M\n|-damage|p2a: Mimikyu|88\/100|[from] pokemon: Mimikyu-Busted\n|-enditem|p2a: Mimikyu|Red Card|[of] p1a: Goodra\n|drag|p1a: Kyurem|Kyurem|21\/100\n|-status|p1a: Kyurem|psn\n|-ability|p1a: Kyurem|Pressure\n|\n|-damage|p1a: Kyurem|8\/100 psn|[from] psn\n|upkeep\n|turn|19\n|\n|t:|1700794674\n|move|p2a: Mimikyu|Shadow Sneak|p1a: Kyurem\n|-damage|p1a: Kyurem|0 fnt\n|faint|p1a: Kyurem\n|\n|upkeep\n|\n|t:|1700794679\n|switch|p1a: Goodra|Goodra-Hisui, M|51\/100\n|turn|20\n|\n|t:|1700794684\n|move|p2a: Mimikyu|Drain Punch|p1a: Goodra\n|-supereffective|p1a: Goodra\n|-damage|p1a: Goodra|0 fnt\n|-heal|p2a: Mimikyu|100\/100|[from] drain|[of] p1a: Goodra\n|faint|p1a: Goodra\n|\n|upkeep\n|\n|t:|1700794697\n|switch|p1a: Latias|Latias, F|100\/100\n|turn|21\n|\n|t:|1700794705\n|move|p1a: Latias|Thunder Wave|p2a: Mimikyu\n|-status|p2a: Mimikyu|par\n|move|p2a: Mimikyu|Swords Dance|p2a: Mimikyu\n|-boost|p2a: Mimikyu|atk|2\n|\n|upkeep\n|turn|22\n|\n|t:|1700794714\n|move|p2a: Mimikyu|Shadow Sneak|p1a: Latias\n|-supereffective|p1a: Latias\n|-damage|p1a: Latias|13\/100\n|move|p1a: Latias|Psyshock|p2a: Mimikyu\n|-damage|p2a: Mimikyu|51\/100 par\n|\n|upkeep\n|turn|23\n|\n|t:|1700794722\n|move|p2a: Mimikyu|Shadow Sneak|p1a: Latias\n|-supereffective|p1a: Latias\n|-damage|p1a: Latias|0 fnt\n|faint|p1a: Latias\n|\n|upkeep\n|\n|t:|1700794728\n|switch|p1a: Kommo-o|Kommo-o, F|100\/100\n|-status|p1a: Kommo-o|psn\n|turn|24\n|\n|t:|1700794734\n|move|p1a: Kommo-o|Flamethrower|p2a: Mimikyu\n|-crit|p2a: Mimikyu\n|-damage|p2a: Mimikyu|6\/100 par\n|move|p2a: Mimikyu|Play Rough|p1a: Kommo-o\n|-supereffective|p1a: Kommo-o\n|-damage|p1a: Kommo-o|0 fnt\n|faint|p1a: Kommo-o\n|\n|win|Lufano5\n|raw|FelixShade's rating: 1157 &rarr; <strong>1132<\/strong><br \/>(-25 for losing)\n|raw|Lufano5's rating: 1163 &rarr; <strong>1188<\/strong><br \/>(+25 for winning)\n|c|\u2606Lufano5|gg\n|c|\u2606FelixShade|gg's\n|l|\u2606FelixShade\n","uploadtime":1700794764,"views":3,"p1id":"felixshade","p2id":"lufano5","formatid":"gen9nationaldex","rating":1132,"private":0,"password":""}