{"id":"gen9nationaldex-1998502098","p1":"imbwc","p2":"pickapup","format":"[Gen 9] National Dex","log":"|html|<div class=\"broadcast-blue\"><strong>[Gen 9] National Dex is currently suspecting Sneasler! For information on how to participate check out the <a href=\"https:\/\/www.smogon.com\/forums\/threads\/sv-national-dex-suspect-8-just-dance.3731534\/\">suspect thread<\/a>.<\/strong><\/div>\n|j|\u2606imbwc\n|j|\u2606pickapup\n|t:|1700949568\n|gametype|singles\n|player|p1|imbwc|poppy|1113\n|player|p2|pickapup|ethan|1000\n|teamsize|p1|6\n|teamsize|p2|4\n|gen|9\n|tier|[Gen 9] National Dex\n|rated|\n|rule|HP Percentage Mod: HP is shown in percentages\n|rule|Endless Battle Clause: Forcing endless battles is banned\n|rule|OHKO Clause: OHKO moves are banned\n|rule|Evasion Clause: Evasion abilities, items, and moves are banned\n|rule|Evasion Abilities Clause: Evasion abilities are banned\n|rule|Evasion Items Clause: Evasion items are banned\n|rule|Evasion Moves Clause: Evasion moves are banned\n|rule|Species Clause: Limit one of each Pok\u00e9mon\n|rule|Sleep Clause Mod: Limit one foe put to sleep\n|clearpoke\n|poke|p1|Banette, M|\n|poke|p1|Oinkologne-F, F|\n|poke|p1|Darmanitan, F|\n|poke|p1|Hoopa-Unbound|\n|poke|p1|Stakataka|\n|poke|p1|Tornadus-Therian, M|\n|poke|p2|Grovyle, F|\n|poke|p2|Shelgon, F|\n|poke|p2|Sliggoo, M|\n|poke|p2|Dragonair, F|\n|teampreview\n|j| Lonsol\n|j| TheStroker\n|j| mistahmerrikuu\n|inactive|Battle timer is ON: inactive players will automatically lose when time's up. (requested by pickapup)\n|j| kung fu pokechu\n|\n|t:|1700949599\n|start\n|switch|p1a: morpheo at home|Tornadus-Therian, M|100\/100\n|switch|p2a: Shelgon|Shelgon, F|100\/100\n|turn|1\n|\n|t:|1700949617\n|move|p1a: morpheo at home|Knock Off|p2a: Shelgon\n|-damage|p2a: Shelgon|79\/100\n|-enditem|p2a: Shelgon|Aguav Berry|[from] move: Knock Off|[of] p1a: morpheo at home\n|move|p2a: Shelgon|Hidden Power|p1a: morpheo at home\n|-supereffective|p1a: morpheo at home\n|-damage|p1a: morpheo at home|77\/100\n|\n|upkeep\n|turn|2\n|\n|t:|1700949626\n|move|p1a: morpheo at home|Hurricane|p2a: Shelgon\n|-damage|p2a: Shelgon|8\/100\n|move|p2a: Shelgon|Hidden Power|p1a: morpheo at home\n|-supereffective|p1a: morpheo at home\n|-damage|p1a: morpheo at home|55\/100\n|\n|upkeep\n|turn|3\n|\n|t:|1700949631\n|move|p1a: morpheo at home|U-turn|p2a: Shelgon\n|-damage|p2a: Shelgon|0 fnt\n|faint|p2a: Shelgon\n|\n|t:|1700949634\n|switch|p1a: morbius|Darmanitan, F|100\/100|[from] U-turn\n|\n|upkeep\n|\n|t:|1700949646\n|switch|p2a: Dragonair|Dragonair, F|100\/100\n|turn|4\n|\n|t:|1700949649\n|move|p2a: Dragonair|Aqua Jet|p1a: morbius\n|-supereffective|p1a: morbius\n|-damage|p1a: morbius|71\/100\n|move|p1a: morbius|Hidden Power|p2a: Dragonair\n|-supereffective|p2a: Dragonair\n|-crit|p2a: Dragonair\n|-damage|p2a: Dragonair|58\/100\n|\n|upkeep\n|turn|5\n|\n|t:|1700949663\n|move|p2a: Dragonair|Aqua Jet|p1a: morbius\n|-supereffective|p1a: morbius\n|-damage|p1a: morbius|44\/100\n|move|p1a: morbius|Hidden Power|p2a: Dragonair\n|-supereffective|p2a: Dragonair\n|-damage|p2a: Dragonair|30\/100\n|\n|-formechange|p1a: morbius|Darmanitan-Zen|\n|upkeep\n|turn|6\n|\n|t:|1700949671\n|move|p1a: morbius|Hidden Power|p2a: Dragonair\n|-supereffective|p2a: Dragonair\n|-damage|p2a: Dragonair|0 fnt\n|faint|p2a: Dragonair\n|\n|upkeep\n|\n|t:|1700949677\n|switch|p2a: Sliggoo|Sliggoo, M|100\/100\n|turn|7\n|\n|t:|1700949681\n|move|p1a: morbius|Hidden Power|p2a: Sliggoo\n|-supereffective|p2a: Sliggoo\n|-damage|p2a: Sliggoo|33\/100\n|move|p2a: Sliggoo|Ice Beam|p1a: morbius\n|-resisted|p1a: morbius\n|-damage|p1a: morbius|36\/100\n|\n|upkeep\n|turn|8\n|\n|t:|1700949686\n|move|p1a: morbius|Hidden Power|p2a: Sliggoo\n|-supereffective|p2a: Sliggoo\n|-damage|p2a: Sliggoo|0 fnt\n|faint|p2a: Sliggoo\n|\n|upkeep\n|\n|t:|1700949692\n|switch|p2a: Grovyle|Grovyle, F, shiny|100\/100\n|turn|9\n|\n|t:|1700949700\n|-terastallize|p2a: Grovyle|Grass\n|-terastallize|p1a: morbius|Dark\n|move|p2a: Grovyle|Brick Break|p1a: morbius\n|-supereffective|p1a: morbius\n|-damage|p1a: morbius|11\/100\n|move|p1a: morbius|Hidden Power|p2a: Grovyle\n|-supereffective|p2a: Grovyle\n|-damage|p2a: Grovyle|0 fnt\n|faint|p2a: Grovyle\n|\n|win|imbwc\n|raw|imbwc's rating: 1113 &rarr; <strong>1130<\/strong><br \/>(+17 for winning)\n|raw|pickapup's rating: 1000 &rarr; <strong>1000<\/strong><br \/>(+0 for losing)\n","uploadtime":1700949725,"views":1,"p1id":"imbwc","p2id":"pickapup","formatid":"gen9nationaldex","rating":1000,"private":0,"password":""}