{"id":"gen9nationaldex-1996017288","p1":"aaaapeng","p2":"taoke","format":"[Gen 9] National Dex","log":"|html|<div class=\"broadcast-blue\"><strong>[Gen 9] National Dex is currently suspecting Sneasler! For information on how to participate check out the <a href=\"https:\/\/www.smogon.com\/forums\/threads\/sv-national-dex-suspect-8-just-dance.3731534\/\">suspect thread<\/a>.<\/strong><\/div>\n|j|\u2606aaaapeng\n|j|\u2606taoke\n|t:|1700629969\n|gametype|singles\n|player|p1|aaaapeng|dawn-gen4pt|1447\n|player|p2|taoke|cyclist|1567\n|teamsize|p1|6\n|teamsize|p2|6\n|gen|9\n|tier|[Gen 9] National Dex\n|rated|\n|rule|HP Percentage Mod: HP is shown in percentages\n|rule|Endless Battle Clause: Forcing endless battles is banned\n|rule|OHKO Clause: OHKO moves are banned\n|rule|Evasion Clause: Evasion abilities, items, and moves are banned\n|rule|Evasion Abilities Clause: Evasion abilities are banned\n|rule|Evasion Items Clause: Evasion items are banned\n|rule|Evasion Moves Clause: Evasion moves are banned\n|rule|Species Clause: Limit one of each Pok\u00e9mon\n|rule|Sleep Clause Mod: Limit one foe put to sleep\n|clearpoke\n|poke|p1|Greninja-*, M|\n|poke|p1|Gliscor, F|\n|poke|p1|Zapdos|\n|poke|p1|Great Tusk|\n|poke|p1|Heatran, M|\n|poke|p1|Scizor, F|\n|poke|p2|Zamazenta-*|\n|poke|p2|Vaporeon, F|\n|poke|p2|Umbreon, F|\n|poke|p2|Great Tusk|\n|poke|p2|Espeon, M|\n|poke|p2|Sylveon, F|\n|teampreview\n|inactive|Battle timer is ON: inactive players will automatically lose when time's up. (requested by aaaapeng)\n|\n|t:|1700629981\n|start\n|switch|p1a: Zapdos|Zapdos|100\/100\n|switch|p2a: Zamazenta|Zamazenta|100\/100\n|-ability|p2a: Zamazenta|Dauntless Shield|boost\n|-boost|p2a: Zamazenta|def|1\n|turn|1\n|\n|t:|1700629997\n|-terastallize|p2a: Zamazenta|Electric\n|move|p2a: Zamazenta|Iron Defense|p2a: Zamazenta\n|-boost|p2a: Zamazenta|def|2\n|move|p1a: Zapdos|Hurricane|p2a: Zamazenta\n|-resisted|p2a: Zamazenta\n|-damage|p2a: Zamazenta|83\/100\n|-start|p2a: Zamazenta|confusion\n|\n|-heal|p2a: Zamazenta|89\/100|[from] item: Leftovers\n|upkeep\n|turn|2\n|\n|t:|1700630005\n|-activate|p2a: Zamazenta|confusion\n|-damage|p2a: Zamazenta|86\/100|[from] confusion\n|move|p1a: Zapdos|Toxic|p2a: Zamazenta\n|-status|p2a: Zamazenta|tox\n|\n|-heal|p2a: Zamazenta|92\/100 tox|[from] item: Leftovers\n|-damage|p2a: Zamazenta|86\/100 tox|[from] psn\n|upkeep\n|turn|3\n|\n|t:|1700630017\n|-activate|p2a: Zamazenta|confusion\n|move|p2a: Zamazenta|Iron Defense|p2a: Zamazenta\n|-boost|p2a: Zamazenta|def|2\n|move|p1a: Zapdos|Volt Switch|p2a: Zamazenta\n|-resisted|p2a: Zamazenta\n|-damage|p2a: Zamazenta|74\/100 tox\n|\n|t:|1700630024\n|switch|p1a: Gliscor|Gliscor, F|100\/100|[from] Volt Switch\n|\n|-heal|p2a: Zamazenta|80\/100 tox|[from] item: Leftovers\n|-damage|p2a: Zamazenta|68\/100 tox|[from] psn\n|-status|p1a: Gliscor|tox|[from] item: Toxic Orb\n|upkeep\n|turn|4\n|\n|t:|1700630029\n|-activate|p2a: Zamazenta|confusion\n|move|p2a: Zamazenta|Iron Defense|p2a: Zamazenta\n|-boost|p2a: Zamazenta|def|1\n|move|p1a: Gliscor|Spikes|p2a: Zamazenta\n|-sidestart|p2: taoke|Spikes\n|\n|-heal|p2a: Zamazenta|74\/100 tox|[from] item: Leftovers\n|-damage|p2a: Zamazenta|56\/100 tox|[from] psn\n|upkeep\n|turn|5\n|\n|t:|1700630040\n|-end|p2a: Zamazenta|confusion\n|move|p2a: Zamazenta|Rest|p2a: Zamazenta\n|-status|p2a: Zamazenta|slp|[from] move: Rest\n|-heal|p2a: Zamazenta|100\/100 slp|[silent]\n|move|p1a: Gliscor|Earthquake|p2a: Zamazenta\n|-supereffective|p2a: Zamazenta\n|-damage|p2a: Zamazenta|88\/100 slp\n|\n|-heal|p2a: Zamazenta|94\/100 slp|[from] item: Leftovers\n|upkeep\n|turn|6\n|\n|t:|1700630052\n|switch|p1a: Zapdos|Zapdos|100\/100\n|cant|p2a: Zamazenta|slp\n|\n|-heal|p2a: Zamazenta|100\/100 slp|[from] item: Leftovers\n|upkeep\n|turn|7\n|\n|t:|1700630060\n|cant|p2a: Zamazenta|slp\n|move|p1a: Zapdos|Hurricane|p2a: Zamazenta\n|-resisted|p2a: Zamazenta\n|-damage|p2a: Zamazenta|83\/100 slp\n|-start|p2a: Zamazenta|confusion\n|\n|-heal|p2a: Zamazenta|89\/100 slp|[from] item: Leftovers\n|upkeep\n|turn|8\n|\n|t:|1700630068\n|-curestatus|p2a: Zamazenta|slp|[msg]\n|-activate|p2a: Zamazenta|confusion\n|move|p2a: Zamazenta|Body Press|p1a: Zapdos\n|-resisted|p1a: Zapdos\n|-damage|p1a: Zapdos|51\/100\n|move|p1a: Zapdos|Toxic|p2a: Zamazenta|[miss]\n|-miss|p1a: Zapdos|p2a: Zamazenta\n|\n|-heal|p2a: Zamazenta|95\/100|[from] item: Leftovers\n|upkeep\n|turn|9\n|\n|t:|1700630080\n|-end|p2a: Zamazenta|confusion\n|move|p2a: Zamazenta|Body Press|p1a: Zapdos\n|-resisted|p1a: Zapdos\n|-damage|p1a: Zapdos|0 fnt\n|faint|p1a: Zapdos\n|\n|-heal|p2a: Zamazenta|100\/100|[from] item: Leftovers\n|upkeep\n|\n|t:|1700630088\n|switch|p1a: Greninja|Greninja, M|100\/100\n|turn|10\n|\n|t:|1700630095\n|-terastallize|p1a: Greninja|Water\n|move|p1a: Greninja|Water Shuriken|p2a: Zamazenta\n|-damage|p2a: Zamazenta|89\/100\n|-damage|p2a: Zamazenta|78\/100\n|-damage|p2a: Zamazenta|68\/100\n|-hitcount|p2a: Zamazenta|3\n|move|p2a: Zamazenta|Body Press|p1a: Greninja\n|-damage|p1a: Greninja|0 fnt\n|faint|p1a: Greninja\n|\n|-heal|p2a: Zamazenta|74\/100|[from] item: Leftovers\n|upkeep\n|-message|aaaapeng forfeited.\n|\n|win|taoke\n|raw|aaaapeng's rating: 1447 &rarr; <strong>1434<\/strong><br \/>(-13 for losing)\n|raw|taoke's rating: 1567 &rarr; <strong>1580<\/strong><br \/>(+13 for winning)\n|l|\u2606aaaapeng\n|l|\u2606taoke\n|j| NDSNEZ COCAKK2\n|j|+gewwge\n|j| Ruin sword\n|j| mtws1605\n|l|+gewwge\n|j| PotatoMined\n|l| PotatoMined\n|l| Ruin sword\n|j| Ruin sword\n","uploadtime":1700630115,"views":0,"p1id":"aaaapeng","p2id":"taoke","formatid":"gen9nationaldex","rating":1434,"private":0,"password":""}