{"id":"gen9nationaldex-1998662052","p1":"AxelAkaHell","p2":"sonarsys","format":"[Gen 9] National Dex","log":"|html|<div class=\"broadcast-blue\"><strong>[Gen 9] National Dex is currently suspecting Sneasler! For information on how to participate check out the <a href=\"https:\/\/www.smogon.com\/forums\/threads\/sv-national-dex-suspect-8-just-dance.3731534\/\">suspect thread<\/a>.<\/strong><\/div>\n|j|\u2606AxelAkaHell\n|j|\u2606sonarsys\n|t:|1700969149\n|gametype|singles\n|player|p1|AxelAkaHell|unknown|1033\n|player|p2|sonarsys|2|1000\n|teamsize|p1|6\n|teamsize|p2|6\n|gen|9\n|tier|[Gen 9] National Dex\n|rated|\n|rule|HP Percentage Mod: HP is shown in percentages\n|rule|Endless Battle Clause: Forcing endless battles is banned\n|rule|OHKO Clause: OHKO moves are banned\n|rule|Evasion Clause: Evasion abilities, items, and moves are banned\n|rule|Evasion Abilities Clause: Evasion abilities are banned\n|rule|Evasion Items Clause: Evasion items are banned\n|rule|Evasion Moves Clause: Evasion moves are banned\n|rule|Species Clause: Limit one of each Pok\u00e9mon\n|rule|Sleep Clause Mod: Limit one foe put to sleep\n|clearpoke\n|poke|p1|Krookodile, M|\n|poke|p1|Iron Hands|\n|poke|p1|Iron Moth|\n|poke|p1|Ceruledge, M|\n|poke|p1|Lechonk, M|\n|poke|p1|Garchomp, F|\n|poke|p2|Slurpuff, F|\n|poke|p2|Alcremie, F|\n|poke|p2|Articuno-Galar|\n|poke|p2|Indeedee, M|\n|poke|p2|Polteageist-Antique|\n|poke|p2|Drakloak, M|\n|teampreview\n|\n|t:|1700969159\n|start\n|switch|p1a: Iron Hands|Iron Hands|100\/100\n|switch|p2a: Slurpuff|Slurpuff, F, shiny|100\/100\n|turn|1\n|\n|t:|1700969169\n|move|p2a: Slurpuff|Sticky Web|p1a: Iron Hands\n|-sidestart|p1: AxelAkaHell|move: Sticky Web\n|move|p1a: Iron Hands|Substitute|p1a: Iron Hands\n|-start|p1a: Iron Hands|Substitute\n|-damage|p1a: Iron Hands|76\/100\n|\n|upkeep\n|turn|2\n|\n|t:|1700969174\n|move|p2a: Slurpuff|Sticky Web||[still]\n|-fail|p2a: Slurpuff\n|move|p1a: Iron Hands|Belly Drum|p1a: Iron Hands\n|-damage|p1a: Iron Hands|26\/100\n|-setboost|p1a: Iron Hands|atk|6|[from] move: Belly Drum\n|-enditem|p1a: Iron Hands|Sitrus Berry|[eat]\n|-heal|p1a: Iron Hands|51\/100|[from] item: Sitrus Berry\n|\n|upkeep\n|turn|3\n|\n|t:|1700969190\n|move|p2a: Slurpuff|Magic Coat|p2a: Slurpuff\n|-singleturn|p2a: Slurpuff|move: Magic Coat\n|move|p1a: Iron Hands|Earthquake|p2a: Slurpuff\n|-enditem|p2a: Slurpuff|Focus Sash\n|-damage|p2a: Slurpuff|1\/100\n|\n|upkeep\n|turn|4\n|\n|t:|1700969199\n|move|p2a: Slurpuff|Yawn||[still]\n|-fail|p2a: Slurpuff\n|move|p1a: Iron Hands|Earthquake|p2a: Slurpuff\n|-damage|p2a: Slurpuff|0 fnt\n|faint|p2a: Slurpuff\n|\n|upkeep\n|\n|t:|1700969216\n|switch|p2a: Indeedee|Indeedee, M|100\/100\n|-fieldstart|move: Psychic Terrain|[from] ability: Psychic Surge|[of] p2a: Indeedee\n|turn|5\n|\n|t:|1700969229\n|move|p2a: Indeedee|Mystical Fire|p1a: Iron Hands\n|-activate|p1a: Iron Hands|move: Substitute|[damage]\n|move|p1a: Iron Hands|Earthquake|p2a: Indeedee\n|-damage|p2a: Indeedee|0 fnt\n|faint|p2a: Indeedee\n|\n|upkeep\n|\n|t:|1700969242\n|switch|p2a: Articuno|Articuno-Galar|100\/100\n|turn|6\n|\n|t:|1700969249\n|move|p2a: Articuno|Future Sight|p1a: Iron Hands\n|-start|p2a: Articuno|move: Future Sight\n|move|p1a: Iron Hands|Earthquake|p2a: Articuno\n|-immune|p2a: Articuno\n|\n|upkeep\n|turn|7\n|\n|t:|1700969263\n|move|p2a: Articuno|Hurricane|p1a: Iron Hands\n|-end|p1a: Iron Hands|Substitute\n|move|p1a: Iron Hands|Electric Terrain|p1a: Iron Hands\n|-fieldstart|move: Electric Terrain\n|-activate|p1a: Iron Hands|ability: Quark Drive\n|-start|p1a: Iron Hands|quarkdriveatk\n|\n|upkeep\n|turn|8\n|\n|t:|1700969279\n|-end|p1a: Iron Hands|Quark Drive|[silent]\n|switch|p1a: Garchomp|Garchomp, F, shiny|100\/100\n|-activate|p1a: Garchomp|move: Sticky Web\n|-unboost|p1a: Garchomp|spe|1\n|move|p2a: Articuno|Hurricane|p1a: Garchomp\n|-damage|p1a: Garchomp|34\/100\n|-start|p1a: Garchomp|confusion\n|\n|-end|p1a: Garchomp|move: Future Sight\n|-crit|p1a: Garchomp\n|-damage|p1a: Garchomp|0 fnt\n|faint|p1a: Garchomp\n|upkeep\n|\n|t:|1700969295\n|switch|p1a: Iron Moth|Iron Moth|100\/100\n|-activate|p1a: Iron Moth|move: Sticky Web\n|-unboost|p1a: Iron Moth|spe|1\n|-activate|p1a: Iron Moth|ability: Quark Drive\n|-start|p1a: Iron Moth|quarkdrivespa\n|turn|9\n|\n|t:|1700969310\n|-terastallize|p2a: Articuno|Psychic\n|move|p2a: Articuno|Future Sight|p1a: Iron Moth\n|-start|p2a: Articuno|move: Future Sight\n|-zpower|p1a: Iron Moth\n|move|p1a: Iron Moth|Inferno Overdrive|p2a: Articuno|[zeffect]\n|-damage|p2a: Articuno|0 fnt\n|faint|p2a: Articuno\n|\n|upkeep\n|\n|t:|1700969325\n|switch|p2a: Alcremie|Alcremie, F, shiny|100\/100\n|turn|10\n|\n|t:|1700969333\n|move|p1a: Iron Moth|Fiery Dance|p2a: Alcremie\n|-crit|p2a: Alcremie\n|-damage|p2a: Alcremie|21\/100\n|move|p2a: Alcremie|Acid Armor|p2a: Alcremie\n|-boost|p2a: Alcremie|def|2\n|\n|upkeep\n|turn|11\n|\n|t:|1700969341\n|move|p1a: Iron Moth|Fiery Dance|p2a: Alcremie\n|-damage|p2a: Alcremie|0 fnt\n|faint|p2a: Alcremie\n|\n|-end|p1a: Iron Moth|move: Future Sight\n|-supereffective|p1a: Iron Moth\n|-damage|p1a: Iron Moth|0 fnt\n|faint|p1a: Iron Moth\n|-end|p1a: Iron Moth|Quark Drive|[silent]\n|-fieldend|move: Electric Terrain\n|upkeep\n|\n|t:|1700969353\n|switch|p1a: Lechonk|Lechonk, M|100\/100\n|switch|p2a: Drakloak|Drakloak, M, shiny|100\/100\n|-activate|p1a: Lechonk|move: Sticky Web\n|-unboost|p1a: Lechonk|spe|1\n|turn|12\n|\n|t:|1700969361\n|move|p2a: Drakloak|Fire Blast|p1a: Lechonk\n|-damage|p1a: Lechonk|79\/100\n|move|p1a: Lechonk|Endeavor|p2a: Drakloak\n|-immune|p2a: Drakloak\n|\n|upkeep\n|turn|13\n|\n|t:|1700969372\n|move|p2a: Drakloak|Thunder Wave|p1a: Lechonk\n|-status|p1a: Lechonk|par\n|cant|p1a: Lechonk|par\n|\n|upkeep\n|turn|14\n|\n|t:|1700969382\n|move|p2a: Drakloak|Fire Blast|p1a: Lechonk\n|-damage|p1a: Lechonk|56\/100 par\n|cant|p1a: Lechonk|par\n|\n|upkeep\n|turn|15\n|\n|t:|1700969388\n|move|p2a: Drakloak|Fire Blast|p1a: Lechonk|[miss]\n|-miss|p2a: Drakloak|p1a: Lechonk\n|cant|p1a: Lechonk|par\n|\n|upkeep\n|turn|16\n|\n|t:|1700969397\n|move|p2a: Drakloak|Fire Blast|p1a: Lechonk|[miss]\n|-miss|p2a: Drakloak|p1a: Lechonk\n|cant|p1a: Lechonk|par\n|\n|upkeep\n|turn|17\n|\n|t:|1700969409\n|move|p2a: Drakloak|U-turn|p1a: Lechonk\n|-damage|p1a: Lechonk|23\/100 par\n|\n|t:|1700969412\n|switch|p2a: Polteageist|Polteageist-Antique|100\/100|[from] U-turn\n|move|p1a: Lechonk|Iron Head|p2a: Polteageist\n|-damage|p2a: Polteageist|70\/100\n|-start|p1a: Lechonk|Disable|Iron Head|[from] ability: Cursed Body|[of] p2a: Polteageist\n|\n|upkeep\n|turn|18\n|\n|t:|1700969426\n|cant|p1a: Lechonk|par\n|move|p2a: Polteageist|Shell Smash|p2a: Polteageist\n|-unboost|p2a: Polteageist|def|1\n|-unboost|p2a: Polteageist|spd|1\n|-boost|p2a: Polteageist|atk|2\n|-boost|p2a: Polteageist|spa|2\n|-boost|p2a: Polteageist|spe|2\n|-enditem|p2a: Polteageist|White Herb\n|-clearnegativeboost|p2a: Polteageist|[silent]\n|\n|upkeep\n|turn|19\n|\n|t:|1700969446\n|switch|p1a: Ceruledge|Ceruledge, M, shiny|100\/100\n|-activate|p1a: Ceruledge|move: Sticky Web\n|-unboost|p1a: Ceruledge|spe|1\n|move|p2a: Polteageist|Strength Sap|p1a: Ceruledge\n|-unboost|p1a: Ceruledge|atk|1\n|-heal|p2a: Polteageist|100\/100\n|\n|upkeep\n|turn|20\n|\n|t:|1700969473\n|move|p2a: Polteageist|Shadow Ball|p1a: Ceruledge\n|-supereffective|p1a: Ceruledge\n|-damage|p1a: Ceruledge|0 fnt\n|faint|p1a: Ceruledge\n|\n|upkeep\n|\n|t:|1700969481\n|switch|p1a: Jaws|Krookodile, M, shiny|100\/100\n|-activate|p1a: Jaws|move: Sticky Web\n|-unboost|p1a: Jaws|spe|1\n|turn|21\n|\n|t:|1700969492\n|move|p2a: Polteageist|Shadow Ball|p1a: Jaws\n|-resisted|p1a: Jaws\n|-damage|p1a: Jaws|43\/100\n|-unboost|p1a: Jaws|spd|1\n|move|p1a: Jaws|Earthquake|p2a: Polteageist\n|-damage|p2a: Polteageist|7\/100\n|\n|upkeep\n|turn|22\n|\n|t:|1700969501\n|move|p2a: Polteageist|Strength Sap|p1a: Jaws\n|-unboost|p1a: Jaws|atk|1\n|-heal|p2a: Polteageist|100\/100\n|move|p1a: Jaws|Earthquake|p2a: Polteageist\n|-damage|p2a: Polteageist|43\/100\n|-start|p1a: Jaws|Disable|Earthquake|[from] ability: Cursed Body|[of] p2a: Polteageist\n|\n|upkeep\n|turn|23\n|\n|t:|1700969511\n|move|p2a: Polteageist|Shadow Ball|p1a: Jaws\n|-resisted|p1a: Jaws\n|-damage|p1a: Jaws|0 fnt\n|faint|p1a: Jaws\n|\n|upkeep\n|\n|t:|1700969517\n|switch|p1a: Iron Hands|Iron Hands|51\/100\n|-activate|p1a: Iron Hands|move: Sticky Web\n|-unboost|p1a: Iron Hands|spe|1\n|turn|24\n|\n|t:|1700969524\n|move|p2a: Polteageist|Strength Sap|p1a: Iron Hands\n|-unboost|p1a: Iron Hands|atk|1\n|-heal|p2a: Polteageist|100\/100\n|move|p1a: Iron Hands|Earthquake|p2a: Polteageist\n|-damage|p2a: Polteageist|51\/100\n|-start|p1a: Iron Hands|Disable|Earthquake|[from] ability: Cursed Body|[of] p2a: Polteageist\n|\n|upkeep\n|turn|25\n|\n|t:|1700969539\n|move|p2a: Polteageist|Stored Power|p1a: Iron Hands\n|-supereffective|p1a: Iron Hands\n|-damage|p1a: Iron Hands|0 fnt\n|faint|p1a: Iron Hands\n|-end|p1a: Iron Hands|Quark Drive|[silent]\n|\n|upkeep\n|\n|t:|1700969544\n|switch|p1a: Lechonk|Lechonk, M|23\/100 par\n|-activate|p1a: Lechonk|move: Sticky Web\n|-unboost|p1a: Lechonk|spe|1\n|turn|26\n|\n|t:|1700969550\n|move|p2a: Polteageist|Strength Sap|p1a: Lechonk\n|-unboost|p1a: Lechonk|atk|1\n|-heal|p2a: Polteageist|100\/100\n|move|p1a: Lechonk|Iron Head|p2a: Polteageist\n|-damage|p2a: Polteageist|81\/100\n|\n|upkeep\n|turn|27\n|\n|t:|1700969558\n|move|p2a: Polteageist|Stored Power|p1a: Lechonk\n|-damage|p1a: Lechonk|0 fnt\n|faint|p1a: Lechonk\n|\n|win|sonarsys\n|raw|AxelAkaHell's rating: 1033 &rarr; <strong>1017<\/strong><br \/>(-16 for losing)\n|raw|sonarsys's rating: 1000 &rarr; <strong>1044<\/strong><br \/>(+44 for winning)\n|l|\u2606AxelAkaHell\n","uploadtime":1700969605,"views":23,"p1id":"axelakahell","p2id":"sonarsys","formatid":"gen9nationaldex","rating":1017,"private":0,"password":""}