{"id":"gen9nationaldex-1993131695","p1":"Joestar4ever","p2":"RiouruK","format":"[Gen 9] National Dex","log":"|j|\u2606Joestar4ever\n|j|\u2606RiouruK\n|t:|1700268501\n|gametype|singles\n|player|p1|Joestar4ever|lance|1119\n|player|p2|RiouruK|ghetsis|1119\n|teamsize|p1|6\n|teamsize|p2|6\n|gen|9\n|tier|[Gen 9] National Dex\n|rated|\n|rule|HP Percentage Mod: HP is shown in percentages\n|rule|Endless Battle Clause: Forcing endless battles is banned\n|rule|OHKO Clause: OHKO moves are banned\n|rule|Evasion Clause: Evasion abilities, items, and moves are banned\n|rule|Evasion Abilities Clause: Evasion abilities are banned\n|rule|Evasion Items Clause: Evasion items are banned\n|rule|Evasion Moves Clause: Evasion moves are banned\n|rule|Species Clause: Limit one of each Pok\u00e9mon\n|rule|Sleep Clause Mod: Limit one foe put to sleep\n|clearpoke\n|poke|p1|Charizard, M|\n|poke|p1|Grimmsnarl, M|\n|poke|p1|Toxapex, M|\n|poke|p1|Aegislash, F|\n|poke|p1|Gliscor, F|\n|poke|p1|Urshifu-*, M|\n|poke|p2|Kommo-o, F|\n|poke|p2|Iron Valiant|\n|poke|p2|Lopunny, F|\n|poke|p2|Blaziken, F|\n|poke|p2|Urshifu-*, F|\n|poke|p2|Great Tusk|\n|teampreview\n|inactive|Battle timer is ON: inactive players will automatically lose when time's up. (requested by Joestar4ever)\n|\n|t:|1700268513\n|start\n|switch|p1a: Grimmsnarl|Grimmsnarl, M|100\/100\n|switch|p2a: Urshifu|Urshifu-Rapid-Strike, F|100\/100\n|turn|1\n|\n|t:|1700268525\n|move|p1a: Grimmsnarl|Thunder Wave|p2a: Urshifu\n|-status|p2a: Urshifu|par\n|move|p2a: Urshifu|Surging Strikes|p1a: Grimmsnarl\n|-crit|p1a: Grimmsnarl\n|-damage|p1a: Grimmsnarl|71\/100\n|-crit|p1a: Grimmsnarl\n|-damage|p1a: Grimmsnarl|45\/100\n|-crit|p1a: Grimmsnarl\n|-damage|p1a: Grimmsnarl|16\/100\n|-hitcount|p1a: Grimmsnarl|3\n|\n|upkeep\n|turn|2\n|\n|t:|1700268536\n|switch|p2a: Lopunny|Lopunny, F, shiny|100\/100\n|move|p1a: Grimmsnarl|Reflect|p1a: Grimmsnarl\n|-sidestart|p1: Joestar4ever|Reflect\n|\n|upkeep\n|turn|3\n|\n|t:|1700268541\n|move|p2a: Lopunny|Quick Attack|p1a: Grimmsnarl\n|-crit|p1a: Grimmsnarl\n|-damage|p1a: Grimmsnarl|0 fnt\n|faint|p1a: Grimmsnarl\n|\n|upkeep\n|\n|t:|1700268547\n|switch|p1a: Charizard|Charizard, M|100\/100\n|turn|4\n|\n|t:|1700268553\n|move|p2a: Lopunny|Frustration|p1a: Charizard\n|-damage|p1a: Charizard|76\/100\n|move|p1a: Charizard|Belly Drum|p1a: Charizard\n|-damage|p1a: Charizard|26\/100\n|-setboost|p1a: Charizard|atk|6|[from] move: Belly Drum\n|\n|upkeep\n|turn|5\n|\n|t:|1700268562\n|detailschange|p1a: Charizard|Charizard-Mega-X, M\n|-mega|p1a: Charizard|Charizard|Charizardite X\n|move|p1a: Charizard|Quick Attack|p2a: Lopunny\n|-damage|p2a: Lopunny|0 fnt\n|faint|p2a: Lopunny\n|\n|upkeep\n|\n|t:|1700268570\n|switch|p2a: We|Iron Valiant|100\/100\n|turn|6\n|\n|t:|1700268589\n|-terastallize|p2a: We|Fairy\n|move|p1a: Charizard|Quick Attack|p2a: We\n|-damage|p2a: We|13\/100\n|move|p2a: We|Moonblast|p1a: Charizard\n|-damage|p1a: Charizard|0 fnt\n|faint|p1a: Charizard\n|\n|upkeep\n|\n|t:|1700268598\n|switch|p1a: Aegislash|Aegislash, F|100\/100\n|turn|7\n|\n|t:|1700268602\n|-formechange|p1a: Aegislash|Aegislash-Blade||[from] ability: Stance Change\n|move|p1a: Aegislash|Shadow Sneak|p2a: We\n|-damage|p2a: We|0 fnt\n|faint|p2a: We\n|-end|p2a: We|Quark Drive|[silent]\n|\n|upkeep\n|\n|t:|1700268609\n|switch|p2a: Lucarion't|Kommo-o, F|100\/100\n|turn|8\n|\n|t:|1700268619\n|-formechange|p1a: Aegislash|Aegislash||[from] ability: Stance Change\n|move|p1a: Aegislash|King's Shield|p1a: Aegislash\n|-singleturn|p1a: Aegislash|Protect\n|move|p2a: Lucarion't|Flamethrower|p1a: Aegislash\n|-activate|p1a: Aegislash|move: Protect\n|\n|upkeep\n|turn|9\n|\n|t:|1700268628\n|switch|p1a: Toxapex|Toxapex, M|100\/100\n|-zpower|p2a: Lucarion't\n|move|p2a: Lucarion't|Clangorous Soulblaze|p1a: Toxapex|[zeffect]\n|-damage|p1a: Toxapex|39\/100\n|-boost|p2a: Lucarion't|atk|1\n|-boost|p2a: Lucarion't|def|1\n|-boost|p2a: Lucarion't|spa|1\n|-boost|p2a: Lucarion't|spd|1\n|-boost|p2a: Lucarion't|spe|1\n|\n|-heal|p1a: Toxapex|45\/100|[from] item: Leftovers\n|-sideend|p1: Joestar4ever|Reflect\n|upkeep\n|turn|10\n|\n|t:|1700268644\n|move|p1a: Toxapex|Baneful Bunker|p1a: Toxapex\n|-singleturn|p1a: Toxapex|move: Protect\n|move|p2a: Lucarion't|Boomburst|p1a: Toxapex\n|-activate|p1a: Toxapex|move: Protect\n|\n|-heal|p1a: Toxapex|51\/100|[from] item: Leftovers\n|upkeep\n|turn|11\n|\n|t:|1700268654\n|move|p2a: Lucarion't|Boomburst|p1a: Toxapex\n|-damage|p1a: Toxapex|1\/100\n|move|p1a: Toxapex|Haze|p1a: Toxapex\n|-clearallboost\n|\n|-heal|p1a: Toxapex|8\/100|[from] item: Leftovers\n|upkeep\n|turn|12\n|\n|t:|1700268675\n|move|p2a: Lucarion't|Boomburst|p1a: Toxapex\n|-damage|p1a: Toxapex|0 fnt\n|faint|p1a: Toxapex\n|\n|upkeep\n|inactive|Joestar4ever has 120 seconds left.\n|\n|t:|1700268691\n|switch|p1a: Gliscor|Gliscor, F|100\/100\n|turn|13\n|\n|t:|1700268698\n|move|p2a: Lucarion't|Clanging Scales|p1a: Gliscor\n|-damage|p1a: Gliscor|37\/100\n|-unboost|p2a: Lucarion't|def|1\n|move|p1a: Gliscor|Knock Off|p2a: Lucarion't\n|-resisted|p2a: Lucarion't\n|-damage|p2a: Lucarion't|91\/100\n|\n|-status|p1a: Gliscor|tox|[from] item: Toxic Orb\n|upkeep\n|turn|14\n|\n|t:|1700268709\n|move|p2a: Lucarion't|Clanging Scales|p1a: Gliscor\n|-damage|p1a: Gliscor|0 fnt\n|faint|p1a: Gliscor\n|-unboost|p2a: Lucarion't|def|1\n|\n|upkeep\n|\n|t:|1700268716\n|switch|p1a: Urshifu|Urshifu-Rapid-Strike, M|100\/100\n|turn|15\n|\n|t:|1700268723\n|move|p1a: Urshifu|Close Combat|p2a: Lucarion't\n|-damage|p2a: Lucarion't|0 fnt\n|-unboost|p1a: Urshifu|def|1\n|-unboost|p1a: Urshifu|spd|1\n|faint|p2a: Lucarion't\n|\n|upkeep\n|\n|t:|1700268733\n|switch|p2a: Great Tusk|Great Tusk|100\/100\n|turn|16\n|\n|t:|1700268739\n|move|p1a: Urshifu|Surging Strikes|p2a: Great Tusk\n|-supereffective|p2a: Great Tusk\n|-crit|p2a: Great Tusk\n|-damage|p2a: Great Tusk|76\/100\n|-supereffective|p2a: Great Tusk\n|-crit|p2a: Great Tusk\n|-damage|p2a: Great Tusk|52\/100\n|-supereffective|p2a: Great Tusk\n|-crit|p2a: Great Tusk\n|-damage|p2a: Great Tusk|25\/100\n|-hitcount|p2a: Great Tusk|3\n|move|p2a: Great Tusk|Headlong Rush|p1a: Urshifu\n|-damage|p1a: Urshifu|19\/100\n|-unboost|p2a: Great Tusk|def|1\n|-unboost|p2a: Great Tusk|spd|1\n|\n|-heal|p2a: Great Tusk|32\/100|[from] item: Leftovers\n|upkeep\n|turn|17\n|\n|t:|1700268753\n|move|p1a: Urshifu|Surging Strikes|p2a: Great Tusk\n|-supereffective|p2a: Great Tusk\n|-crit|p2a: Great Tusk\n|-damage|p2a: Great Tusk|0 fnt\n|faint|p2a: Great Tusk\n|-end|p2a: Great Tusk|Protosynthesis|[silent]\n|-hitcount|p2: Great Tusk|1\n|\n|upkeep\n|\n|t:|1700268755\n|switch|p2a: Blaziken|Blaziken, F|100\/100\n|turn|18\n|\n|t:|1700268761\n|move|p2a: Blaziken|Protect|p2a: Blaziken\n|-singleturn|p2a: Blaziken|Protect\n|move|p1a: Urshifu|Surging Strikes|p2a: Blaziken\n|-supereffective|p2a: Blaziken\n|-crit|p2a: Blaziken\n|-damage|p2a: Blaziken|38\/100\n|-supereffective|p2a: Blaziken\n|-crit|p2a: Blaziken\n|-damage|p2a: Blaziken|0 fnt\n|faint|p2a: Blaziken\n|-hitcount|p2: Blaziken|2\n|\n|upkeep\n|\n|t:|1700268764\n|switch|p2a: Urshifu|Urshifu-Rapid-Strike, F|100\/100 par\n|turn|19\n|\n|t:|1700268773\n|move|p1a: Urshifu|Thunder Punch|p2a: Urshifu\n|-supereffective|p2a: Urshifu\n|-damage|p2a: Urshifu|52\/100 par\n|move|p2a: Urshifu|Thunder Punch|p1a: Urshifu\n|-supereffective|p1a: Urshifu\n|-damage|p1a: Urshifu|0 fnt\n|faint|p1a: Urshifu\n|\n|upkeep\n|\n|t:|1700268781\n|switch|p1a: Aegislash|Aegislash, F|100\/100\n|turn|20\n|\n|t:|1700268787\n|move|p1a: Aegislash|King's Shield|p1a: Aegislash\n|-singleturn|p1a: Aegislash|Protect\n|move|p2a: Urshifu|Surging Strikes|p1a: Aegislash\n|-activate|p1a: Aegislash|move: Protect\n|\n|upkeep\n|turn|21\n|\n|t:|1700268795\n|-formechange|p1a: Aegislash|Aegislash-Blade||[from] ability: Stance Change\n|move|p1a: Aegislash|Shadow Sneak|p2a: Urshifu\n|-damage|p2a: Urshifu|28\/100 par\n|move|p2a: Urshifu|Surging Strikes|p1a: Aegislash\n|-crit|p1a: Aegislash\n|-damage|p1a: Aegislash|61\/100\n|-crit|p1a: Aegislash\n|-damage|p1a: Aegislash|17\/100\n|-crit|p1a: Aegislash\n|-damage|p1a: Aegislash|0 fnt\n|faint|p1a: Aegislash\n|-hitcount|p1: Aegislash|3\n|\n|win|RiouruK\n|raw|Joestar4ever's rating: 1119 &rarr; <strong>1094<\/strong><br \/>(-25 for losing)\n|raw|RiouruK's rating: 1119 &rarr; <strong>1144<\/strong><br \/>(+25 for winning)\n|l|\u2606Joestar4ever\n","uploadtime":1700268813,"views":10,"p1id":"joestar4ever","p2id":"riouruk","formatid":"gen9nationaldex","rating":1094,"private":0,"password":""}