{"id":"gen9nationaldex-1991313852","p1":"Sirrawrz","p2":"itay7689","format":"[Gen 9] National Dex","log":"|j|\u2606Sirrawrz\n|j|\u2606itay7689\n|t:|1700066738\n|gametype|singles\n|player|p1|Sirrawrz|emmet|1466\n|player|p2|itay7689|cynthia-gen4|1428\n|teamsize|p1|6\n|teamsize|p2|6\n|gen|9\n|tier|[Gen 9] National Dex\n|rated|\n|rule|HP Percentage Mod: HP is shown in percentages\n|rule|Endless Battle Clause: Forcing endless battles is banned\n|rule|OHKO Clause: OHKO moves are banned\n|rule|Evasion Clause: Evasion abilities, items, and moves are banned\n|rule|Evasion Abilities Clause: Evasion abilities are banned\n|rule|Evasion Items Clause: Evasion items are banned\n|rule|Evasion Moves Clause: Evasion moves are banned\n|rule|Species Clause: Limit one of each Pok\u00e9mon\n|rule|Sleep Clause Mod: Limit one foe put to sleep\n|clearpoke\n|poke|p1|Ninetales, M|\n|poke|p1|Venusaur, M|\n|poke|p1|Jolteon, F|\n|poke|p1|Blastoise, M|\n|poke|p1|Rhydon, F|\n|poke|p1|Dragonite, M|\n|poke|p2|Tapu Koko|\n|poke|p2|Iron Valiant|\n|poke|p2|Raichu-Alola, F|\n|poke|p2|Toucannon, M|\n|poke|p2|Garchomp, F|\n|poke|p2|Sneasler, M|\n|teampreview\n|inactive|Battle timer is ON: inactive players will automatically lose when time's up. (requested by itay7689)\n|\n|t:|1700066747\n|start\n|switch|p1a: Ninetales|Ninetales, M, shiny|100\/100\n|switch|p2a: The god of alola|Tapu Koko|100\/100\n|-weather|SunnyDay|[from] ability: Drought|[of] p1a: Ninetales\n|-fieldstart|move: Electric Terrain|[from] ability: Electric Surge|[of] p2a: The god of alola\n|turn|1\n|\n|t:|1700066752\n|move|p1a: Ninetales|Weather Ball|p2a: The god of alola\n|-crit|p2a: The god of alola\n|-damage|p2a: The god of alola|0 fnt\n|faint|p2a: The god of alola\n|\n|-weather|SunnyDay|[upkeep]\n|upkeep\n|\n|t:|1700066757\n|switch|p2a: Volt surfer|Raichu-Alola, F, shiny|100\/100\n|turn|2\n|\n|t:|1700066760\n|switch|p1a: Rhydon|Rhydon, F, shiny|100\/100\n|move|p2a: Volt surfer|Rising Voltage|p1a: Rhydon\n|-ability|p1a: Rhydon|Lightning Rod|boost\n|-boost|p1a: Rhydon|spa|1\n|\n|-weather|SunnyDay|[upkeep]\n|upkeep\n|turn|3\n|\n|t:|1700066766\n|-terastallize|p1a: Rhydon|Ghost\n|move|p2a: Volt surfer|Surf|p1a: Rhydon\n|-damage|p1a: Rhydon|92\/100\n|move|p1a: Rhydon|Earthquake|p2a: Volt surfer\n|-supereffective|p2a: Volt surfer\n|-damage|p2a: Volt surfer|0 fnt\n|faint|p2a: Volt surfer\n|\n|-weather|SunnyDay|[upkeep]\n|upkeep\n|\n|t:|1700066771\n|switch|p2a: Sagoli's Soul|Garchomp, F|100\/100\n|turn|4\n|\n|t:|1700066773\n|-terastallize|p2a: Sagoli's Soul|Dragon\n|move|p2a: Sagoli's Soul|Outrage|p1a: Rhydon\n|-damage|p1a: Rhydon|46\/100\n|move|p1a: Rhydon|Avalanche|p2a: Sagoli's Soul\n|-supereffective|p2a: Sagoli's Soul\n|-damage|p2a: Sagoli's Soul|28\/100\n|-damage|p1a: Rhydon|34\/100|[from] ability: Rough Skin|[of] p2a: Sagoli's Soul\n|\n|-weather|SunnyDay|[upkeep]\n|upkeep\n|turn|5\n|\n|t:|1700066785\n|move|p2a: Sagoli's Soul|Outrage|p1a: Rhydon|[from]lockedmove\n|-damage|p1a: Rhydon|0 fnt\n|faint|p1a: Rhydon\n|\n|-weather|none\n|upkeep\n|\n|t:|1700066800\n|switch|p1a: Dragonite|Dragonite, M, shiny|100\/100\n|turn|6\n|\n|t:|1700066806\n|move|p1a: Dragonite|Extreme Speed|p2a: Sagoli's Soul\n|-damage|p2a: Sagoli's Soul|0 fnt\n|-damage|p1a: Dragonite|88\/100|[from] ability: Rough Skin|[of] p2a: Sagoli's Soul\n|faint|p2a: Sagoli's Soul\n|\n|-heal|p1a: Dragonite|94\/100|[from] item: Leftovers\n|upkeep\n|\n|t:|1700066813\n|switch|p2a: I hate you|Sneasler, M|100\/100\n|-enditem|p2a: I hate you|Electric Seed\n|-boost|p2a: I hate you|def|1|[from] item: Electric Seed\n|turn|7\n|\n|t:|1700066818\n|move|p2a: I hate you|Dire Claw|p1a: Dragonite\n|-damage|p1a: Dragonite|51\/100\n|move|p1a: Dragonite|Dual Wingbeat|p2a: I hate you\n|-supereffective|p2a: I hate you\n|-damage|p2a: I hate you|44\/100\n|-supereffective|p2a: I hate you\n|-damage|p2a: I hate you|0 fnt\n|faint|p2a: I hate you\n|-hitcount|p2: I hate you|2\n|\n|-heal|p1a: Dragonite|57\/100|[from] item: Leftovers\n|upkeep\n|\n|t:|1700066823\n|switch|p2a: Blade|Iron Valiant, shiny|100\/100\n|-activate|p2a: Blade|ability: Quark Drive\n|-start|p2a: Blade|quarkdrivespe\n|turn|8\n|\n|t:|1700066826\n|switch|p1a: Jolteon|Jolteon, F, shiny|100\/100\n|move|p2a: Blade|Moonblast|p1a: Jolteon\n|-damage|p1a: Jolteon|19\/100\n|-damage|p2a: Blade|91\/100|[from] item: Life Orb\n|\n|-fieldend|move: Electric Terrain\n|-end|p2a: Blade|Quark Drive\n|-status|p1a: Jolteon|brn|[from] item: Flame Orb\n|upkeep\n|turn|9\n|\n|t:|1700066831\n|move|p1a: Jolteon|Copycat|p1a: Jolteon\n|move|p1a: Jolteon|Moonblast|p2a: Blade|[from]move: Copycat\n|-supereffective|p2a: Blade\n|-damage|p2a: Blade|3\/100\n|-unboost|p2a: Blade|spa|1\n|move|p2a: Blade|Energy Ball|p1a: Jolteon\n|-damage|p1a: Jolteon|0 fnt\n|faint|p1a: Jolteon\n|-damage|p2a: Blade|0 fnt|[from] item: Life Orb\n|faint|p2a: Blade\n|-end|p2a: Blade|Quark Drive|[silent]\n|\n|upkeep\n|\n|t:|1700066838\n|switch|p1a: Ninetales|Ninetales, M, shiny|100\/100\n|switch|p2a: The biggest bird|Toucannon, M, shiny|100\/100\n|-weather|SunnyDay|[from] ability: Drought|[of] p1a: Ninetales\n|turn|10\n|\n|t:|1700066841\n|move|p1a: Ninetales|Weather Ball|p2a: The biggest bird\n|-damage|p2a: The biggest bird|38\/100\n|move|p2a: The biggest bird|Rock Blast|p1a: Ninetales\n|-supereffective|p1a: Ninetales\n|-damage|p1a: Ninetales|73\/100\n|-supereffective|p1a: Ninetales\n|-damage|p1a: Ninetales|46\/100\n|-supereffective|p1a: Ninetales\n|-damage|p1a: Ninetales|20\/100\n|-supereffective|p1a: Ninetales\n|-damage|p1a: Ninetales|0 fnt\n|faint|p1a: Ninetales\n|-hitcount|p1: Ninetales|4\n|\n|-weather|SunnyDay|[upkeep]\n|upkeep\n|\n|t:|1700066845\n|switch|p1a: Venusaur|Venusaur, M, shiny|100\/100\n|turn|11\n|\n|t:|1700066848\n|-singleturn|p2a: The biggest bird|move: Beak Blast\n|move|p1a: Venusaur|Weather Ball|p2a: The biggest bird\n|-damage|p2a: The biggest bird|0 fnt\n|faint|p2a: The biggest bird\n|-damage|p1a: Venusaur|91\/100|[from] item: Life Orb\n|\n|win|Sirrawrz\n|raw|Sirrawrz's rating: 1466 &rarr; <strong>1484<\/strong><br \/>(+18 for winning)\n|raw|itay7689's rating: 1428 &rarr; <strong>1410<\/strong><br \/>(-18 for losing)\n|c|\u2606Sirrawrz|was saved by that first crit\n|c|\u2606Sirrawrz|gg neat team\n","uploadtime":1700066874,"views":5,"p1id":"sirrawrz","p2id":"itay7689","formatid":"gen9nationaldex","rating":1410,"private":0,"password":""}