{"id":"gen9nationaldex-1996413708","p1":"DutchyGold","p2":"DearNya","format":"[Gen 9] National Dex","log":"|html|<div class=\"broadcast-blue\"><strong>[Gen 9] National Dex is currently suspecting Sneasler! For information on how to participate check out the <a href=\"https:\/\/www.smogon.com\/forums\/threads\/sv-national-dex-suspect-8-just-dance.3731534\/\">suspect thread<\/a>.<\/strong><\/div>\n|j|\u2606DutchyGold\n|j|\u2606DearNya\n|t:|1700679669\n|gametype|singles\n|player|p1|DutchyGold|guzma|\n|player|p2|DearNya|kris-masters|\n|teamsize|p1|6\n|teamsize|p2|6\n|gen|9\n|tier|[Gen 9] National Dex\n|rule|HP Percentage Mod: HP is shown in percentages\n|rule|Endless Battle Clause: Forcing endless battles is banned\n|rule|OHKO Clause: OHKO moves are banned\n|rule|Evasion Clause: Evasion abilities, items, and moves are banned\n|rule|Evasion Abilities Clause: Evasion abilities are banned\n|rule|Evasion Items Clause: Evasion items are banned\n|rule|Evasion Moves Clause: Evasion moves are banned\n|rule|Species Clause: Limit one of each Pok\u00e9mon\n|rule|Sleep Clause Mod: Limit one foe put to sleep\n|clearpoke\n|poke|p1|Scizor, F|\n|poke|p1|Toxapex, F|\n|poke|p1|Landorus-Therian, M|\n|poke|p1|Victini|\n|poke|p1|Overqwil, M|\n|poke|p1|Aegislash, M|\n|poke|p2|Grimmsnarl, M|\n|poke|p2|Togekiss, F|\n|poke|p2|Tapu Lele|\n|poke|p2|Mimikyu, F|\n|poke|p2|Hatterene, F|\n|poke|p2|Tapu Fini|\n|teampreview\n|c|\u2606DearNya|balance?\n|c|\u2606DearNya|lol\n|c|\u2606DutchyGold|yes\n|\n|t:|1700679691\n|start\n|switch|p1a: Landorus|Landorus-Therian, M|100\/100\n|switch|p2a: Grimmsnarl|Grimmsnarl, M|100\/100\n|-ability|p1a: Landorus|Intimidate|boost\n|-unboost|p2a: Grimmsnarl|atk|1\n|turn|1\n|c|\u2606DearNya|fun fun\n|\n|t:|1700679700\n|move|p2a: Grimmsnarl|Taunt|p1a: Landorus\n|-start|p1a: Landorus|move: Taunt\n|cant|p1a: Landorus|move: Taunt|Stealth Rock\n|\n|upkeep\n|turn|2\n|\n|t:|1700679709\n|move|p2a: Grimmsnarl|Reflect|p2a: Grimmsnarl\n|-sidestart|p2: DearNya|Reflect\n|move|p1a: Landorus|Knock Off|p2a: Grimmsnarl\n|-resisted|p2a: Grimmsnarl\n|-damage|p2a: Grimmsnarl|96\/100\n|-enditem|p2a: Grimmsnarl|Light Clay|[from] move: Knock Off|[of] p1a: Landorus\n|\n|upkeep\n|turn|3\n|\n|t:|1700679726\n|switch|p1a: Overqwil|Overqwil, M|100\/100\n|-ability|p1a: Overqwil|Intimidate|boost\n|-unboost|p2a: Grimmsnarl|atk|1\n|switch|p2a: Togekiss|Togekiss, F|100\/100\n|\n|upkeep\n|turn|4\n|j| real kyao\n|c|\u2606DearNya|ngl we need a proper steel\/fairy type tank mon\n|c| real kyao|True\n|c|\u2606DutchyGold|yea wheres my mega mawile cmon\n|c|\u2606DutchyGold|fix the megas already smh\n|c|\u2606DearNya|Not a tank\n|c|\u2606DearNya|I mean like\n|c|\u2606DearNya|a toxapex like mon\n|c|\u2606DearNya|thats fairy steel\n|c| real kyao|Waiting for the elec\/steel rotom to drop I am\n|\n|t:|1700679775\n|switch|p2a: Grimmsnarl|Grimmsnarl, M|96\/100\n|move|p1a: Overqwil|Barb Barrage|p2a: Grimmsnarl\n|-supereffective|p2a: Grimmsnarl\n|-damage|p2a: Grimmsnarl|59\/100\n|\n|upkeep\n|turn|5\n|\n|t:|1700679787\n|move|p2a: Grimmsnarl|Light Screen|p2a: Grimmsnarl\n|-sidestart|p2: DearNya|move: Light Screen\n|move|p1a: Overqwil|Spikes|p2a: Grimmsnarl\n|-sidestart|p2: DearNya|Spikes\n|\n|upkeep\n|turn|6\n|\n|t:|1700679807\n|move|p2a: Grimmsnarl|Taunt|p1a: Overqwil\n|-hint|Since gen 7, Dark is immune to Prankster moves.\n|-immune|p1a: Overqwil\n|move|p1a: Overqwil|Barb Barrage|p2a: Grimmsnarl\n|-supereffective|p2a: Grimmsnarl\n|-damage|p2a: Grimmsnarl|24\/100\n|-status|p2a: Grimmsnarl|psn\n|\n|-damage|p2a: Grimmsnarl|12\/100 psn|[from] psn\n|upkeep\n|turn|7\n|c|\u2606DearNya|..\n|c|\u2606DearNya|oh yea\n|c|\u2606DearNya|mb\n|c|\u2606DearNya|that\n|c|\u2606DearNya|very necessary interaction\n|c|\u2606DearNya|that definately makes sense\n|c|\u2606DutchyGold|xD\n|\n|t:|1700679838\n|switch|p2a: Hatterene|Hatterene, F|100\/100\n|-damage|p2a: Hatterene|88\/100|[from] Spikes\n|move|p1a: Overqwil|Barb Barrage|p2a: Hatterene\n|-supereffective|p2a: Hatterene\n|-damage|p2a: Hatterene|56\/100\n|-status|p2a: Hatterene|psn\n|\n|-heal|p2a: Hatterene|62\/100 psn|[from] item: Leftovers\n|-damage|p2a: Hatterene|50\/100 psn|[from] psn\n|upkeep\n|turn|8\n|c|\u2606DearNya|ah yes\n|c|\u2606DearNya|yk im just gonna stop\n|\n|t:|1700679863\n|switch|p1a: Scizor|Scizor, F|100\/100\n|move|p2a: Hatterene|Trick Room|p2a: Hatterene\n|-fieldstart|move: Trick Room|[of] p2a: Hatterene\n|\n|-heal|p2a: Hatterene|56\/100 psn|[from] item: Leftovers\n|-damage|p2a: Hatterene|43\/100 psn|[from] psn\n|upkeep\n|turn|9\n|\n|t:|1700679877\n|switch|p2a: Tapu Lele|Tapu Lele|100\/100\n|-damage|p2a: Tapu Lele|88\/100|[from] Spikes\n|-fieldstart|move: Psychic Terrain|[from] ability: Psychic Surge|[of] p2a: Tapu Lele\n|move|p1a: Scizor|Bullet Punch|p2a: Tapu Lele\n|-activate|p2a: Tapu Lele|move: Psychic Terrain\n|\n|-sideend|p2: DearNya|Reflect\n|-sideend|p2: DearNya|move: Light Screen\n|upkeep\n|turn|10\n|\n|t:|1700679917\n|switch|p2a: Togekiss|Togekiss, F|100\/100\n|move|p1a: Scizor|Knock Off|p2a: Togekiss\n|-resisted|p2a: Togekiss\n|-damage|p2a: Togekiss|87\/100\n|-enditem|p2a: Togekiss|Leftovers|[from] move: Knock Off|[of] p1a: Scizor\n|\n|upkeep\n|turn|11\n|\n|t:|1700679945\n|move|p1a: Scizor|Bullet Punch|p2a: Togekiss\n|-hint|Psychic Terrain doesn't affect Pok\u00e9mon immune to Ground.\n|-supereffective|p2a: Togekiss\n|-damage|p2a: Togekiss|40\/100\n|move|p2a: Togekiss|Substitute|p2a: Togekiss\n|-start|p2a: Togekiss|Substitute\n|-damage|p2a: Togekiss|15\/100\n|\n|upkeep\n|turn|12\n|c|\u2606DearNya|AH YES\n|c|\u2606DearNya|THAT VERY NECESSARY INTERACTION\n|c|\u2606DearNya|THAT DEFINATELY MAKES SENSE XD\n|\n|t:|1700679969\n|move|p1a: Scizor|Bullet Punch|p2a: Togekiss\n|-hint|Psychic Terrain doesn't affect Pok\u00e9mon immune to Ground.\n|-supereffective|p2a: Togekiss\n|-end|p2a: Togekiss|Substitute\n|move|p2a: Togekiss|Flamethrower|p1a: Scizor\n|-supereffective|p1a: Scizor\n|-damage|p1a: Scizor|4\/100\n|-status|p1a: Scizor|brn\n|\n|-damage|p1a: Scizor|0 fnt|[from] brn\n|faint|p1a: Scizor\n|-fieldend|move: Trick Room\n|upkeep\n|\n|t:|1700679989\n|switch|p1a: Overqwil|Overqwil, M|100\/100\n|-ability|p1a: Overqwil|Intimidate|boost\n|-unboost|p2a: Togekiss|atk|1\n|turn|13\n|\n|t:|1700680000\n|move|p1a: Overqwil|Barb Barrage|p2a: Togekiss\n|-supereffective|p2a: Togekiss\n|-damage|p2a: Togekiss|0 fnt\n|faint|p2a: Togekiss\n|\n|-fieldend|move: Psychic Terrain\n|upkeep\n|\n|t:|1700680002\n|switch|p2a: Grimmsnarl|Grimmsnarl, M|12\/100 psn\n|-damage|p2a: Grimmsnarl|0 fnt|[from] Spikes\n|faint|p2a: Grimmsnarl\n|\n|t:|1700680047\n|switch|p2a: Tapu Lele|Tapu Lele|88\/100\n|-damage|p2a: Tapu Lele|76\/100|[from] Spikes\n|-fieldstart|move: Psychic Terrain|[from] ability: Psychic Surge|[of] p2a: Tapu Lele\n|turn|14\n|\n|t:|1700680078\n|switch|p1a: Victini|Victini|100\/100\n|move|p2a: Tapu Lele|Moonblast|p1a: Victini\n|-resisted|p1a: Victini\n|-damage|p1a: Victini|74\/100\n|\n|upkeep\n|turn|15\n|\n|t:|1700680098\n|switch|p2a: Hatterene|Hatterene, F|43\/100 psn\n|-damage|p2a: Hatterene|31\/100 psn|[from] Spikes\n|move|p1a: Victini|V-create|p2a: Hatterene\n|-damage|p2a: Hatterene|0 fnt\n|-unboost|p1a: Victini|spe|1\n|-unboost|p1a: Victini|def|1\n|-unboost|p1a: Victini|spd|1\n|faint|p2a: Hatterene\n|\n|upkeep\n|\n|t:|1700680100\n|switch|p2a: Mimikyu|Mimikyu, F|100\/100\n|-damage|p2a: Mimikyu|88\/100|[from] Spikes\n|turn|16\n|\n|t:|1700680105\n|move|p1a: Victini|V-create|p2a: Mimikyu\n|-activate|p2a: Mimikyu|ability: Disguise\n|-damage|p2a: Mimikyu|88\/100\n|-unboost|p1a: Victini|spe|1\n|-unboost|p1a: Victini|def|1\n|-unboost|p1a: Victini|spd|1\n|detailschange|p2a: Mimikyu|Mimikyu-Busted, F\n|-damage|p2a: Mimikyu|76\/100|[from] pokemon: Mimikyu-Busted\n|move|p2a: Mimikyu|Swords Dance|p2a: Mimikyu\n|-boost|p2a: Mimikyu|atk|2\n|\n|upkeep\n|turn|17\n|\n|t:|1700680112\n|move|p2a: Mimikyu|Shadow Sneak|p1a: Victini\n|-activate|p1a: Victini|move: Psychic Terrain\n|move|p1a: Victini|V-create|p2a: Mimikyu\n|-damage|p2a: Mimikyu|0 fnt\n|-unboost|p1a: Victini|spe|1\n|-unboost|p1a: Victini|def|1\n|-unboost|p1a: Victini|spd|1\n|faint|p2a: Mimikyu\n|\n|upkeep\n|c|\u2606DearNya|bruh\n|c|\u2606DearNya|istg\n|c|\u2606DearNya|i hate\n|c|\u2606DearNya|myself\n|c|\u2606DearNya|so much\n|c|\u2606DearNya|rn\n|c|\u2606DearNya|XD\n|c|\u2606DutchyGold|lmao\n|c|\u2606DutchyGold|you're already faster xD\n|c|\u2606DearNya|IK\n|c|\u2606DearNya|shadow claw > prly\n|c|\u2606DutchyGold|or is it drain punch?#\n|c|\u2606DearNya|dp ye\n|c|\u2606DutchyGold|ahhhh makes sense\n|c|\u2606DearNya|shadow claw + sneak is troll unfort ig\n|\n|t:|1700680162\n|switch|p2a: Tapu Lele|Tapu Lele|76\/100\n|-damage|p2a: Tapu Lele|63\/100|[from] Spikes\n|turn|18\n|c|\u2606DutchyGold|yeah sometimes drain is better sometimes claw\n|\n|t:|1700680198\n|move|p2a: Tapu Lele|Psyshock|p1a: Victini\n|-resisted|p1a: Victini\n|-damage|p1a: Victini|3\/100\n|move|p1a: Victini|V-create|p2a: Tapu Lele\n|-damage|p2a: Tapu Lele|0 fnt\n|-unboost|p1a: Victini|spe|1\n|-unboost|p1a: Victini|def|1\n|-unboost|p1a: Victini|spd|1\n|faint|p2a: Tapu Lele\n|\n|-fieldend|move: Psychic Terrain\n|upkeep\n|\n|t:|1700680200\n|switch|p2a: Tapu Fini|Tapu Fini|100\/100\n|-damage|p2a: Tapu Fini|88\/100|[from] Spikes\n|-fieldstart|move: Misty Terrain|[from] ability: Misty Surge|[of] p2a: Tapu Fini\n|turn|19\n|c|\u2606DearNya|gg ig\n|\n|t:|1700680208\n|move|p2a: Tapu Fini|Scald|p1a: Victini\n|-supereffective|p1a: Victini\n|-damage|p1a: Victini|0 fnt\n|faint|p1a: Victini\n|\n|-heal|p2a: Tapu Fini|94\/100|[from] item: Leftovers\n|upkeep\n|c|\u2606DearNya|okay\n|c|\u2606DearNya|im rly not using my brain\n|c|\u2606DearNya|god\n|\n|t:|1700680225\n|switch|p1a: Overqwil|Overqwil, M|100\/100\n|-ability|p1a: Overqwil|Intimidate|boost\n|-unboost|p2a: Tapu Fini|atk|1\n|turn|20\n|\n|t:|1700680238\n|move|p1a: Overqwil|Barb Barrage|p2a: Tapu Fini\n|-supereffective|p2a: Tapu Fini\n|-damage|p2a: Tapu Fini|49\/100\n|move|p2a: Tapu Fini|Scald|p1a: Overqwil\n|-damage|p1a: Overqwil|62\/100\n|\n|-heal|p1a: Overqwil|68\/100|[from] item: Black Sludge\n|-heal|p2a: Tapu Fini|55\/100|[from] item: Leftovers\n|upkeep\n|turn|21\n|\n|t:|1700680267\n|move|p1a: Overqwil|Barb Barrage|p2a: Tapu Fini\n|-supereffective|p2a: Tapu Fini\n|-damage|p2a: Tapu Fini|10\/100\n|move|p2a: Tapu Fini|Scald|p1a: Overqwil\n|-damage|p1a: Overqwil|30\/100\n|\n|-heal|p1a: Overqwil|37\/100|[from] item: Black Sludge\n|-heal|p2a: Tapu Fini|16\/100|[from] item: Leftovers\n|upkeep\n|turn|22\n|c|\u2606DearNya|ye no this team needs work idk\n|\n|t:|1700680273\n|move|p1a: Overqwil|Barb Barrage|p2a: Tapu Fini\n|-supereffective|p2a: Tapu Fini\n|-damage|p2a: Tapu Fini|0 fnt\n|faint|p2a: Tapu Fini\n|\n|win|DutchyGold\n|c|\u2606DutchyGold|ggs\n|c|\u2606DearNya|gg\n|c|\u2606DutchyGold|ky will do the other 2\n|l| real kyao\n|c|\u2606DearNya|ye\n|l|\u2606DearNya\n","uploadtime":1700680347,"views":1,"p1id":"dutchygold","p2id":"dearnya","formatid":"gen9nationaldex","rating":0,"private":0,"password":""}