{"id":"gen9nationaldex-1999038542","p1":"PyroGaleZX","p2":"Jam20Jam","format":"[Gen 9] National Dex","log":"|html|<div class=\"broadcast-blue\"><strong>[Gen 9] National Dex is currently suspecting Sneasler! For information on how to participate check out the <a href=\"https:\/\/www.smogon.com\/forums\/threads\/sv-national-dex-suspect-8-just-dance.3731534\/\">suspect thread<\/a>.<\/strong><\/div>\n|j|\u2606PyroGaleZX\n|j|\u2606Jam20Jam\n|t:|1701026571\n|gametype|singles\n|player|p1|PyroGaleZX|grusha|\n|player|p2|Jam20Jam|carmine|\n|teamsize|p1|6\n|teamsize|p2|6\n|gen|9\n|tier|[Gen 9] National Dex\n|rule|HP Percentage Mod: HP is shown in percentages\n|rule|Endless Battle Clause: Forcing endless battles is banned\n|rule|OHKO Clause: OHKO moves are banned\n|rule|Evasion Clause: Evasion abilities, items, and moves are banned\n|rule|Evasion Abilities Clause: Evasion abilities are banned\n|rule|Evasion Items Clause: Evasion items are banned\n|rule|Evasion Moves Clause: Evasion moves are banned\n|rule|Species Clause: Limit one of each Pok\u00e9mon\n|rule|Sleep Clause Mod: Limit one foe put to sleep\n|clearpoke\n|poke|p1|Gyarados, M|\n|poke|p1|Arcanine, F|\n|poke|p1|Spiritomb, F|\n|poke|p1|Luxio, F|\n|poke|p1|Articuno-Galar|\n|poke|p1|Dragonite, M|\n|poke|p2|Coalossal, M|\n|poke|p2|Veluza, M|\n|poke|p2|Cetitan, M|\n|poke|p2|Great Tusk|\n|poke|p2|Meditite, M|\n|poke|p2|Gengar, F|\n|teampreview\n|j| lunchbox5536\n|\n|t:|1701026588\n|start\n|switch|p1a: Water Gun|Gyarados, M|100\/100\n|switch|p2a: Veluza|Veluza, M|100\/100\n|-ability|p2a: Veluza|Mold Breaker\n|-ability|p1a: Water Gun|Intimidate|boost\n|-unboost|p2a: Veluza|atk|1\n|turn|1\n|\n|t:|1701026611\n|move|p2a: Veluza|Snowscape|p2a: Veluza\n|-weather|Snow\n|move|p1a: Water Gun|Dragon Dance|p1a: Water Gun\n|-boost|p1a: Water Gun|atk|1\n|-boost|p1a: Water Gun|spe|1\n|\n|-weather|Snow|[upkeep]\n|upkeep\n|turn|2\n|\n|t:|1701026634\n|-terastallize|p2a: Veluza|Ice\n|move|p1a: Water Gun|Dragon Dance|p1a: Water Gun\n|-boost|p1a: Water Gun|atk|1\n|-boost|p1a: Water Gun|spe|1\n|move|p2a: Veluza|Ice Beam|p1a: Water Gun\n|-damage|p1a: Water Gun|66\/100\n|\n|-weather|Snow|[upkeep]\n|upkeep\n|turn|3\n|\n|t:|1701026645\n|move|p1a: Water Gun|Waterfall|p2a: Veluza\n|-damage|p2a: Veluza|0 fnt\n|faint|p2a: Veluza\n|-damage|p1a: Water Gun|56\/100|[from] item: Life Orb\n|\n|-weather|Snow|[upkeep]\n|upkeep\n|\n|t:|1701026653\n|switch|p2a: Gengar|Gengar, F|100\/100\n|turn|4\n|\n|t:|1701026669\n|move|p1a: Water Gun|Waterfall|p2a: Gengar\n|-damage|p2a: Gengar|0 fnt\n|faint|p2a: Gengar\n|-damage|p1a: Water Gun|46\/100|[from] item: Life Orb\n|\n|-weather|Snow|[upkeep]\n|upkeep\n|\n|t:|1701026681\n|switch|p2a: SpanishInquisition|Coalossal, M|100\/100\n|turn|5\n|\n|t:|1701026694\n|move|p1a: Water Gun|Waterfall|p2a: SpanishInquisition\n|-supereffective|p2a: SpanishInquisition\n|-damage|p2a: SpanishInquisition|0 fnt\n|faint|p2a: SpanishInquisition\n|-damage|p1a: Water Gun|36\/100|[from] item: Life Orb\n|\n|-weather|Snow|[upkeep]\n|upkeep\n|\n|t:|1701026705\n|switch|p2a: Meditite|Meditite, M|100\/100\n|turn|6\n|\n|t:|1701026714\n|move|p1a: Water Gun|Waterfall|p2a: Meditite\n|-damage|p2a: Meditite|0 fnt\n|faint|p2a: Meditite\n|-damage|p1a: Water Gun|26\/100|[from] item: Life Orb\n|\n|-weather|Snow|[upkeep]\n|upkeep\n|\n|t:|1701026722\n|switch|p2a: I BELIVE|Cetitan, M|100\/100\n|turn|7\n|\n|t:|1701026728\n|move|p2a: I BELIVE|Ice Shard|p1a: Water Gun\n|-damage|p1a: Water Gun|0 fnt\n|faint|p1a: Water Gun\n|\n|-weather|Snow|[upkeep]\n|upkeep\n|\n|t:|1701026732\n|switch|p1a: Shameful Gun|Arcanine, F|100\/100\n|-ability|p1a: Shameful Gun|Intimidate|boost\n|-unboost|p2a: I BELIVE|atk|1\n|turn|8\n|\n|t:|1701026739\n|move|p1a: Shameful Gun|Flare Blitz|p2a: I BELIVE\n|-supereffective|p2a: I BELIVE\n|-damage|p2a: I BELIVE|37\/100\n|-enditem|p2a: I BELIVE|Sitrus Berry|[eat]\n|-heal|p2a: I BELIVE|62\/100|[from] item: Sitrus Berry\n|-damage|p1a: Shameful Gun|65\/100|[from] Recoil\n|move|p2a: I BELIVE|Belly Drum|p2a: I BELIVE\n|-damage|p2a: I BELIVE|12\/100\n|-setboost|p2a: I BELIVE|atk|6|[from] move: Belly Drum\n|\n|-weather|none\n|upkeep\n|turn|9\n|\n|t:|1701026751\n|move|p2a: I BELIVE|Ice Shard|p1a: Shameful Gun\n|-resisted|p1a: Shameful Gun\n|-damage|p1a: Shameful Gun|12\/100\n|move|p1a: Shameful Gun|Flare Blitz|p2a: I BELIVE\n|-supereffective|p2a: I BELIVE\n|-damage|p2a: I BELIVE|0 fnt\n|faint|p2a: I BELIVE\n|-damage|p1a: Shameful Gun|5\/100|[from] Recoil\n|\n|upkeep\n|\n|t:|1701026758\n|switch|p2a: Great Tusk|Great Tusk|100\/100\n|-enditem|p2a: Great Tusk|Booster Energy\n|-activate|p2a: Great Tusk|ability: Protosynthesis|[fromitem]\n|-start|p2a: Great Tusk|protosynthesisatk\n|turn|10\n|\n|t:|1701026766\n|move|p1a: Shameful Gun|Flare Blitz|p2a: Great Tusk\n|-damage|p2a: Great Tusk|61\/100\n|-damage|p1a: Shameful Gun|0 fnt|[from] Recoil\n|faint|p1a: Shameful Gun\n|move|p2a: Great Tusk|Rapid Spin|p1: Shameful Gun|[notarget]\n|-fail|p2a: Great Tusk\n|\n|upkeep\n|\n|t:|1701026774\n|switch|p1a: Not Gun|Spiritomb, F, shiny|100\/100\n|-ability|p1a: Not Gun|Pressure\n|turn|11\n|\n|t:|1701026779\n|move|p2a: Great Tusk|Ice Spinner|p1a: Not Gun\n|-damage|p1a: Not Gun|65\/100\n|-damage|p2a: Great Tusk|44\/100|[from] item: Rocky Helmet|[of] p1a: Not Gun\n|move|p1a: Not Gun|Trick Room|p1a: Not Gun\n|-fieldstart|move: Trick Room|[of] p1a: Not Gun\n|\n|upkeep\n|turn|12\n|\n|t:|1701026790\n|move|p1a: Not Gun|Foul Play|p2a: Great Tusk\n|-resisted|p2a: Great Tusk\n|-damage|p2a: Great Tusk|25\/100\n|move|p2a: Great Tusk|Ice Spinner|p1a: Not Gun\n|-damage|p1a: Not Gun|28\/100\n|-damage|p2a: Great Tusk|9\/100|[from] item: Rocky Helmet|[of] p1a: Not Gun\n|\n|upkeep\n|turn|13\n|\n|t:|1701026797\n|move|p1a: Not Gun|Destiny Bond|p1a: Not Gun\n|-singlemove|p1a: Not Gun|Destiny Bond\n|move|p2a: Great Tusk|Ice Spinner|p1a: Not Gun\n|-damage|p1a: Not Gun|0 fnt\n|-damage|p2a: Great Tusk|0 fnt|[from] item: Rocky Helmet|[of] p1a: Not Gun\n|faint|p1a: Not Gun\n|-activate|p1a: Not Gun|move: Destiny Bond\n|faint|p2a: Great Tusk\n|-end|p2a: Great Tusk|Protosynthesis|[silent]\n|\n|win|PyroGaleZX\n","uploadtime":1701026807,"views":1,"p1id":"pyrogalezx","p2id":"jam20jam","formatid":"gen9nationaldex","rating":0,"private":0,"password":""}