{"id":"gen9nationaldex-1998897079","p1":"ALEX.HONG","p2":"lawrenceyu","format":"[Gen 9] National Dex","log":"|html|<div class=\"broadcast-blue\"><strong>[Gen 9] National Dex is currently suspecting Sneasler! For information on how to participate check out the <a href=\"https:\/\/www.smogon.com\/forums\/threads\/sv-national-dex-suspect-8-just-dance.3731534\/\">suspect thread<\/a>.<\/strong><\/div>\n|j|\u2606ALEX.HONG\n|j|\u2606lawrenceyu\n|t:|1701010165\n|gametype|singles\n|player|p1|ALEX.HONG|giovanni|1549\n|player|p2|lawrenceyu|1|1671\n|teamsize|p1|6\n|teamsize|p2|6\n|gen|9\n|tier|[Gen 9] National Dex\n|rated|\n|rule|HP Percentage Mod: HP is shown in percentages\n|rule|Endless Battle Clause: Forcing endless battles is banned\n|rule|OHKO Clause: OHKO moves are banned\n|rule|Evasion Clause: Evasion abilities, items, and moves are banned\n|rule|Evasion Abilities Clause: Evasion abilities are banned\n|rule|Evasion Items Clause: Evasion items are banned\n|rule|Evasion Moves Clause: Evasion moves are banned\n|rule|Species Clause: Limit one of each Pok\u00e9mon\n|rule|Sleep Clause Mod: Limit one foe put to sleep\n|clearpoke\n|poke|p1|Galvantula, F|\n|poke|p1|Nidoking, M|\n|poke|p1|Great Tusk|\n|poke|p1|Garchomp, M|\n|poke|p1|Kartana|\n|poke|p1|Dragonite, M|\n|poke|p2|Toxapex, F|\n|poke|p2|Sirfetch\u2019d, M|\n|poke|p2|Tapu Lele|\n|poke|p2|Ferrothorn, F|\n|poke|p2|Landorus-Therian, M|\n|poke|p2|Diancie|\n|teampreview\n|\n|t:|1701010174\n|start\n|switch|p1a: Nidoking|Nidoking, M|100\/100\n|switch|p2a: Diancie|Diancie|100\/100\n|turn|1\n|inactive|Battle timer is ON: inactive players will automatically lose when time's up. (requested by ALEX.HONG)\n|inactive|lawrenceyu also wants the timer to be on.\n|\n|t:|1701010185\n|switch|p1a: Great Tusk|Great Tusk|100\/100\n|-enditem|p1a: Great Tusk|Booster Energy\n|-activate|p1a: Great Tusk|ability: Protosynthesis|[fromitem]\n|-start|p1a: Great Tusk|protosynthesisatk\n|move|p2a: Diancie|Earth Power|p1a: Great Tusk\n|-damage|p1a: Great Tusk|63\/100\n|\n|upkeep\n|turn|2\n|\n|t:|1701010195\n|detailschange|p2a: Diancie|Diancie-Mega\n|-mega|p2a: Diancie|Diancie|Diancite\n|move|p2a: Diancie|Moonblast|p1a: Great Tusk\n|-supereffective|p1a: Great Tusk\n|-damage|p1a: Great Tusk|0 fnt\n|faint|p1a: Great Tusk\n|-end|p1a: Great Tusk|Protosynthesis|[silent]\n|\n|upkeep\n|\n|t:|1701010211\n|switch|p1a: Kartana|Kartana|100\/100\n|turn|3\n|\n|t:|1701010218\n|switch|p2a: Ferrothorn|Ferrothorn, F|100\/100\n|-terastallize|p1a: Kartana|Fighting\n|move|p1a: Kartana|Sacred Sword|p2a: Ferrothorn\n|-supereffective|p2a: Ferrothorn\n|-damage|p2a: Ferrothorn|8\/100\n|-damage|p1a: Kartana|88\/100|[from] ability: Iron Barbs|[of] p2a: Ferrothorn\n|\n|-heal|p2a: Ferrothorn|14\/100|[from] item: Leftovers\n|upkeep\n|turn|4\n|\n|t:|1701010228\n|move|p2a: Ferrothorn|Protect|p2a: Ferrothorn\n|-singleturn|p2a: Ferrothorn|Protect\n|move|p1a: Kartana|Sacred Sword|p2a: Ferrothorn\n|-activate|p2a: Ferrothorn|move: Protect\n|\n|-heal|p2a: Ferrothorn|20\/100|[from] item: Leftovers\n|upkeep\n|turn|5\n|\n|t:|1701010252\n|switch|p2a: Tapu Lele|Tapu Lele|100\/100\n|-fieldstart|move: Psychic Terrain|[from] ability: Psychic Surge|[of] p2a: Tapu Lele\n|move|p1a: Kartana|Sacred Sword|p2a: Tapu Lele\n|-resisted|p2a: Tapu Lele\n|-damage|p2a: Tapu Lele|79\/100\n|\n|upkeep\n|turn|6\n|\n|t:|1701010263\n|switch|p1a: Galvantula|Galvantula, F|100\/100\n|-terastallize|p2a: Tapu Lele|Psychic\n|move|p2a: Tapu Lele|Psyshock|p1a: Galvantula\n|-enditem|p1a: Galvantula|Focus Sash\n|-damage|p1a: Galvantula|1\/100\n|\n|upkeep\n|turn|7\n|\n|t:|1701010270\n|move|p2a: Tapu Lele|Psyshock|p1a: Galvantula\n|-damage|p1a: Galvantula|0 fnt\n|faint|p1a: Galvantula\n|\n|upkeep\n|\n|t:|1701010277\n|switch|p1a: Kartana|Kartana, tera:Fighting|88\/100\n|turn|8\n|\n|t:|1701010287\n|switch|p2a: Ferrothorn|Ferrothorn, F|20\/100\n|move|p1a: Kartana|Leaf Blade|p2a: Ferrothorn\n|-resisted|p2a: Ferrothorn\n|-damage|p2a: Ferrothorn|9\/100\n|-damage|p1a: Kartana|76\/100|[from] ability: Iron Barbs|[of] p2a: Ferrothorn\n|\n|-heal|p2a: Ferrothorn|15\/100|[from] item: Leftovers\n|upkeep\n|turn|9\n|\n|t:|1701010296\n|move|p1a: Kartana|Leaf Blade|p2a: Ferrothorn\n|-resisted|p2a: Ferrothorn\n|-crit|p2a: Ferrothorn\n|-damage|p2a: Ferrothorn|0 fnt\n|-damage|p1a: Kartana|63\/100|[from] ability: Iron Barbs|[of] p2a: Ferrothorn\n|faint|p2a: Ferrothorn\n|-ability|p1a: Kartana|Beast Boost|boost\n|-boost|p1a: Kartana|atk|1\n|\n|-fieldend|move: Psychic Terrain\n|upkeep\n|j| NicksRokaya\n|\n|t:|1701010308\n|switch|p2a: Toxapex|Toxapex, F|100\/100\n|turn|10\n|\n|t:|1701010335\n|move|p2a: Toxapex|Baneful Bunker|p2a: Toxapex\n|-singleturn|p2a: Toxapex|move: Protect\n|move|p1a: Kartana|Leaf Blade|p2a: Toxapex\n|-activate|p2a: Toxapex|move: Protect\n|-status|p1a: Kartana|psn\n|\n|-damage|p1a: Kartana|51\/100 psn|[from] psn\n|upkeep\n|turn|11\n|\n|t:|1701010343\n|move|p1a: Kartana|Leaf Blade|p2a: Toxapex\n|-crit|p2a: Toxapex\n|-damage|p2a: Toxapex|20\/100\n|-damage|p1a: Kartana|34\/100 psn|[from] item: Rocky Helmet|[of] p2a: Toxapex\n|move|p2a: Toxapex|Recover|p2a: Toxapex\n|-heal|p2a: Toxapex|70\/100\n|\n|-damage|p1a: Kartana|22\/100 psn|[from] psn\n|upkeep\n|turn|12\n|\n|t:|1701010361\n|switch|p1a: Nidoking|Nidoking, M|100\/100\n|move|p2a: Toxapex|Recover|p2a: Toxapex\n|-heal|p2a: Toxapex|100\/100\n|\n|upkeep\n|turn|13\n|\n|t:|1701010370\n|move|p1a: Nidoking|Ice Beam|p2a: Toxapex\n|-resisted|p2a: Toxapex\n|-damage|p2a: Toxapex|82\/100\n|move|p2a: Toxapex|Scald|p1a: Nidoking\n|-supereffective|p1a: Nidoking\n|-damage|p1a: Nidoking|52\/100\n|-status|p1a: Nidoking|brn\n|\n|-damage|p1a: Nidoking|46\/100 brn|[from] brn\n|upkeep\n|turn|14\n|\n|t:|1701010379\n|move|p1a: Nidoking|Earth Power|p2a: Toxapex\n|-supereffective|p2a: Toxapex\n|-damage|p2a: Toxapex|0 fnt\n|faint|p2a: Toxapex\n|\n|-damage|p1a: Nidoking|40\/100 brn|[from] brn\n|upkeep\n|\n|t:|1701010386\n|switch|p2a: Diancie|Diancie-Mega|100\/100\n|turn|15\n|\n|t:|1701010395\n|move|p2a: Diancie|Earth Power|p1a: Nidoking\n|-supereffective|p1a: Nidoking\n|-damage|p1a: Nidoking|0 fnt\n|faint|p1a: Nidoking\n|\n|upkeep\n|\n|t:|1701010406\n|switch|p1a: Garchomp|Garchomp, M|100\/100\n|turn|16\n|\n|t:|1701010409\n|move|p2a: Diancie|Moonblast|p1a: Garchomp\n|-supereffective|p1a: Garchomp\n|-damage|p1a: Garchomp|0 fnt\n|faint|p1a: Garchomp\n|\n|upkeep\n|\n|t:|1701010416\n|switch|p1a: Dragonite|Dragonite, M|100\/100\n|turn|17\n|\n|t:|1701010419\n|move|p1a: Dragonite|Extreme Speed|p2a: Diancie\n|-resisted|p2a: Diancie\n|-damage|p2a: Diancie|80\/100\n|move|p2a: Diancie|Moonblast|p1a: Dragonite\n|-supereffective|p1a: Dragonite\n|-crit|p1a: Dragonite\n|-damage|p1a: Dragonite|33\/100\n|\n|upkeep\n|turn|18\n|\n|t:|1701010427\n|move|p1a: Dragonite|Extreme Speed|p2a: Diancie\n|-resisted|p2a: Diancie\n|-damage|p2a: Diancie|61\/100\n|move|p2a: Diancie|Moonblast|p1a: Dragonite\n|-supereffective|p1a: Dragonite\n|-damage|p1a: Dragonite|0 fnt\n|faint|p1a: Dragonite\n|\n|upkeep\n|-message|ALEX.HONG forfeited.\n|\n|win|lawrenceyu\n|raw|ALEX.HONG's rating: 1549 &rarr; <strong>1536<\/strong><br \/>(-13 for losing)\n|raw|lawrenceyu's rating: 1671 &rarr; <strong>1684<\/strong><br \/>(+13 for winning)\n|l|\u2606ALEX.HONG\n","uploadtime":1701010438,"views":1,"p1id":"alexhong","p2id":"lawrenceyu","formatid":"gen9nationaldex","rating":1536,"private":0,"password":""}