{"id":"gen9nationaldex-2000464743","p1":"fmxhdjdisosla","p2":"Ilikegolisopod","format":"[Gen 9] National Dex","log":"|html|<div class=\"broadcast-blue\"><strong>[Gen 9] National Dex is currently suspecting Sneasler! For information on how to participate check out the <a href=\"https:\/\/www.smogon.com\/forums\/threads\/sv-national-dex-suspect-8-just-dance.3731534\/\">suspect thread<\/a>.<\/strong><\/div>\n|j|\u2606fmxhdjdisosla\n|j|\u2606Ilikegolisopod\n|t:|1701197048\n|gametype|singles\n|player|p1|fmxhdjdisosla|101|1036\n|player|p2|Ilikegolisopod|colress|1150\n|teamsize|p1|6\n|teamsize|p2|3\n|gen|9\n|tier|[Gen 9] National Dex\n|rated|\n|rule|HP Percentage Mod: HP is shown in percentages\n|rule|Endless Battle Clause: Forcing endless battles is banned\n|rule|OHKO Clause: OHKO moves are banned\n|rule|Evasion Clause: Evasion abilities, items, and moves are banned\n|rule|Evasion Abilities Clause: Evasion abilities are banned\n|rule|Evasion Items Clause: Evasion items are banned\n|rule|Evasion Moves Clause: Evasion moves are banned\n|rule|Species Clause: Limit one of each Pok\u00e9mon\n|rule|Sleep Clause Mod: Limit one foe put to sleep\n|clearpoke\n|poke|p1|Muk-Alola, M|\n|poke|p1|Alomomola, F|\n|poke|p1|Garchomp, F|\n|poke|p1|Gliscor, F|\n|poke|p1|Great Tusk|\n|poke|p1|Corviknight, M|\n|poke|p2|Shinx, M|\n|poke|p2|Bulbasaur, M|\n|poke|p2|Golisopod, M|\n|teampreview\n|c|\u2606Ilikegolisopod|Gl Hf\n|inactive|Battle timer is ON: inactive players will automatically lose when time's up. (requested by fmxhdjdisosla)\n|c|\u2606Ilikegolisopod|Random question, What's your favorite pok\u00e9mon\n|\n|t:|1701197080\n|start\n|switch|p1a: Muk|Muk-Alola, M|100\/100\n|switch|p2a: Bulbasaur|Bulbasaur, M|100\/100\n|turn|1\n|\n|t:|1701197090\n|move|p1a: Muk|Knock Off|p2a: Bulbasaur\n|-damage|p2a: Bulbasaur|40\/100\n|-enditem|p2a: Bulbasaur|Eviolite|[from] move: Knock Off|[of] p1a: Muk\n|move|p2a: Bulbasaur|Leech Seed|p1a: Muk\n|-start|p1a: Muk|move: Leech Seed\n|\n|-damage|p1a: Muk|88\/100|[from] Leech Seed|[of] p2a: Bulbasaur\n|-heal|p2a: Bulbasaur|58\/100|[silent]\n|upkeep\n|turn|2\n|\n|t:|1701197102\n|move|p2a: Bulbasaur|Protect|p2a: Bulbasaur\n|-singleturn|p2a: Bulbasaur|Protect\n|move|p1a: Muk|Poison Jab|p2a: Bulbasaur\n|-activate|p2a: Bulbasaur|move: Protect\n|\n|-damage|p1a: Muk|76\/100|[from] Leech Seed|[of] p2a: Bulbasaur\n|-heal|p2a: Bulbasaur|75\/100|[silent]\n|upkeep\n|turn|3\n|\n|t:|1701197112\n|switch|p1a: Garchomp|Garchomp, F|100\/100\n|move|p2a: Bulbasaur|Giga Drain|p1a: Garchomp\n|-damage|p1a: Garchomp|82\/100\n|-heal|p2a: Bulbasaur|86\/100|[from] drain|[of] p1a: Garchomp\n|\n|upkeep\n|turn|4\n|\n|t:|1701197120\n|switch|p2a: Golisopod|Golisopod, M|100\/100\n|-zpower|p1a: Garchomp\n|move|p1a: Garchomp|Devastating Drake|p2a: Golisopod|[zeffect]\n|-damage|p2a: Golisopod|34\/100\n|-activate|p2a: Golisopod|ability: Emergency Exit\n|\n|t:|1701197131\n|switch|p2a: Shinx|Shinx, M|100\/100\n|\n|-status|p2a: Shinx|brn|[from] item: Flame Orb\n|upkeep\n|turn|5\n|\n|t:|1701197151\n|-terastallize|p2a: Shinx|Normal\n|move|p1a: Garchomp|Earthquake|p2a: Shinx\n|-damage|p2a: Shinx|0 fnt\n|faint|p2a: Shinx\n|\n|upkeep\n|c|\u2606Ilikegolisopod|Dang\n|\n|t:|1701197160\n|switch|p2a: Golisopod|Golisopod, M|34\/100\n|turn|6\n|\n|t:|1701197175\n|move|p2a: Golisopod|First Impression|p1a: Garchomp\n|-damage|p1a: Garchomp|35\/100\n|-damage|p2a: Golisopod|22\/100|[from] ability: Rough Skin|[of] p1a: Garchomp\n|move|p1a: Garchomp|Outrage|p2a: Golisopod\n|-damage|p2a: Golisopod|0 fnt\n|faint|p2a: Golisopod\n|\n|upkeep\n|\n|t:|1701197181\n|switch|p2a: Bulbasaur|Bulbasaur, M|86\/100\n|turn|7\n|inactive|fmxhdjdisosla has 120 seconds left.\n|\n|t:|1701197212\n|move|p2a: Bulbasaur|Protect|p2a: Bulbasaur\n|-singleturn|p2a: Bulbasaur|Protect\n|move|p1a: Garchomp|Outrage|p2a: Bulbasaur|[from]lockedmove\n|-activate|p2a: Bulbasaur|move: Protect\n|-start|p1a: Garchomp|confusion|[fatigue]\n|\n|upkeep\n|turn|8\n|\n|t:|1701197218\n|-activate|p1a: Garchomp|confusion\n|-damage|p1a: Garchomp|20\/100|[from] confusion\n|move|p2a: Bulbasaur|Leech Seed|p1a: Garchomp\n|-start|p1a: Garchomp|move: Leech Seed\n|\n|-damage|p1a: Garchomp|8\/100|[from] Leech Seed|[of] p2a: Bulbasaur\n|-heal|p2a: Bulbasaur|100\/100|[silent]\n|upkeep\n|turn|9\n|\n|t:|1701197228\n|switch|p1a: Great Tusk|Great Tusk|100\/100\n|move|p2a: Bulbasaur|Leech Seed|p1a: Great Tusk\n|-start|p1a: Great Tusk|move: Leech Seed\n|\n|-damage|p1a: Great Tusk|88\/100|[from] Leech Seed|[of] p2a: Bulbasaur\n|upkeep\n|turn|10\n|\n|t:|1701197237\n|move|p1a: Great Tusk|Earthquake|p2a: Bulbasaur\n|-damage|p2a: Bulbasaur|18\/100\n|move|p2a: Bulbasaur|Giga Drain|p1a: Great Tusk\n|-supereffective|p1a: Great Tusk\n|-damage|p1a: Great Tusk|19\/100\n|-heal|p2a: Bulbasaur|69\/100|[from] drain|[of] p1a: Great Tusk\n|\n|-heal|p1a: Great Tusk|25\/100|[from] item: Leftovers\n|-damage|p1a: Great Tusk|13\/100|[from] Leech Seed|[of] p2a: Bulbasaur\n|-heal|p2a: Bulbasaur|87\/100|[silent]\n|upkeep\n|turn|11\n|\n|t:|1701197249\n|move|p1a: Great Tusk|Bulk Up|p1a: Great Tusk\n|-boost|p1a: Great Tusk|atk|1\n|-boost|p1a: Great Tusk|def|1\n|move|p2a: Bulbasaur|Leech Seed||[still]\n|-fail|p2a: Bulbasaur\n|\n|-heal|p1a: Great Tusk|19\/100|[from] item: Leftovers\n|-damage|p1a: Great Tusk|6\/100|[from] Leech Seed|[of] p2a: Bulbasaur\n|-heal|p2a: Bulbasaur|100\/100|[silent]\n|upkeep\n|turn|12\n|\n|t:|1701197255\n|move|p2a: Bulbasaur|Protect|p2a: Bulbasaur\n|-singleturn|p2a: Bulbasaur|Protect\n|move|p1a: Great Tusk|Earthquake|p2a: Bulbasaur\n|-activate|p2a: Bulbasaur|move: Protect\n|\n|-heal|p1a: Great Tusk|13\/100|[from] item: Leftovers\n|-damage|p1a: Great Tusk|0 fnt|[from] Leech Seed|[of] p2a: Bulbasaur\n|faint|p1a: Great Tusk\n|-end|p1a: Great Tusk|Protosynthesis|[silent]\n|upkeep\n|\n|t:|1701197259\n|switch|p1a: Garchomp|Garchomp, F|8\/100\n|turn|13\n|\n|t:|1701197269\n|move|p1a: Garchomp|Outrage|p2a: Bulbasaur\n|-damage|p2a: Bulbasaur|0 fnt\n|faint|p2a: Bulbasaur\n|\n|win|fmxhdjdisosla\n|raw|fmxhdjdisosla's rating: 1022 &rarr; <strong>1072<\/strong><br \/>(+50 for winning)\n|raw|Ilikegolisopod's rating: 1150 &rarr; <strong>1116<\/strong><br \/>(-34 for losing)\n|c|\u2606Ilikegolisopod|Gg\n","uploadtime":1701197295,"views":6,"p1id":"fmxhdjdisosla","p2id":"ilikegolisopod","formatid":"gen9nationaldex","rating":1072,"private":0,"password":""}