{"id":"gen9nationaldex-1991251895","p1":"wahrer","p2":"Funkyss","format":"[Gen 9] National Dex","log":"|j|\u2606wahrer\n|j|\u2606Funkyss\n|t:|1700061405\n|gametype|singles\n|player|p1|wahrer|burgh|1268\n|player|p2|Funkyss|burglar|1183\n|teamsize|p1|6\n|teamsize|p2|6\n|gen|9\n|tier|[Gen 9] National Dex\n|rated|\n|rule|HP Percentage Mod: HP is shown in percentages\n|rule|Endless Battle Clause: Forcing endless battles is banned\n|rule|OHKO Clause: OHKO moves are banned\n|rule|Evasion Clause: Evasion abilities, items, and moves are banned\n|rule|Evasion Abilities Clause: Evasion abilities are banned\n|rule|Evasion Items Clause: Evasion items are banned\n|rule|Evasion Moves Clause: Evasion moves are banned\n|rule|Species Clause: Limit one of each Pok\u00e9mon\n|rule|Sleep Clause Mod: Limit one foe put to sleep\n|clearpoke\n|poke|p1|Togekiss, M|\n|poke|p1|Golisopod, F|\n|poke|p1|Scizor, M|\n|poke|p1|Sneasler, F|\n|poke|p1|Gliscor, F|\n|poke|p1|Ribombee, F|\n|poke|p2|Kleavor, F|\n|poke|p2|Hippowdon, F|\n|poke|p2|Dracozolt|\n|poke|p2|Kommo-o, M|\n|poke|p2|Toedscruel, M|\n|poke|p2|Clodsire, M|\n|teampreview\n|inactive|Battle timer is ON: inactive players will automatically lose when time's up. (requested by Funkyss)\n|\n|t:|1700061411\n|start\n|switch|p1a: Sneasler|Sneasler, F|100\/100\n|switch|p2a: Kleavor|Kleavor, F|100\/100\n|turn|1\n|\n|t:|1700061423\n|move|p1a: Sneasler|Fake Out|p2a: Kleavor\n|-resisted|p2a: Kleavor\n|-damage|p2a: Kleavor|92\/100\n|cant|p2a: Kleavor|flinch\n|\n|upkeep\n|turn|2\n|\n|t:|1700061444\n|move|p1a: Sneasler|U-turn|p2a: Kleavor\n|-damage|p2a: Kleavor|62\/100\n|-status|p2a: Kleavor|psn|[from] ability: Poison Touch|[of] p1a: Sneasler\n|\n|t:|1700061449\n|switch|p1a: Scizor|Scizor, M, shiny|100\/100|[from] U-turn\n|move|p2a: Kleavor|Tailwind|p2a: Kleavor\n|-sidestart|p2: Funkyss|move: Tailwind\n|\n|-damage|p2a: Kleavor|50\/100 psn|[from] psn\n|upkeep\n|turn|3\n|\n|t:|1700061459\n|detailschange|p1a: Scizor|Scizor-Mega, M, shiny\n|-mega|p1a: Scizor|Scizor|Scizorite\n|move|p1a: Scizor|Bullet Punch|p2a: Kleavor\n|-supereffective|p2a: Kleavor\n|-damage|p2a: Kleavor|0 fnt\n|faint|p2a: Kleavor\n|\n|upkeep\n|\n|t:|1700061463\n|switch|p2a: Hippowdon|Hippowdon, F|100\/100\n|-weather|Sandstorm|[from] ability: Sand Stream|[of] p2a: Hippowdon\n|turn|4\n|\n|t:|1700061470\n|move|p2a: Hippowdon|Yawn|p1a: Scizor\n|-start|p1a: Scizor|move: Yawn|[of] p2a: Hippowdon\n|move|p1a: Scizor|U-turn|p2a: Hippowdon\n|-damage|p2a: Hippowdon|74\/100\n|\n|t:|1700061477\n|switch|p1a: Golisopod|Golisopod, F|100\/100|[from] U-turn\n|\n|-weather|Sandstorm|[upkeep]\n|-damage|p1a: Golisopod|95\/100|[from] Sandstorm\n|upkeep\n|turn|5\n|inactive|Funkyss has 120 seconds left.\n|\n|t:|1700061513\n|switch|p2a: Dracozolt|Dracozolt|100\/100\n|move|p1a: Golisopod|Knock Off|p2a: Dracozolt\n|-damage|p2a: Dracozolt|60\/100\n|-enditem|p2a: Dracozolt|Life Orb|[from] move: Knock Off|[of] p1a: Golisopod\n|\n|-weather|Sandstorm|[upkeep]\n|-damage|p1a: Golisopod|89\/100|[from] Sandstorm\n|-sideend|p2: Funkyss|move: Tailwind\n|upkeep\n|turn|6\n|inactive|Funkyss has 120 seconds left.\n|\n|t:|1700061539\n|-terastallize|p1a: Golisopod|Electric\n|move|p2a: Dracozolt|Bolt Beak|p1a: Golisopod\n|-resisted|p1a: Golisopod\n|-damage|p1a: Golisopod|55\/100\n|move|p1a: Golisopod|Leech Life|p2a: Dracozolt\n|-damage|p2a: Dracozolt|7\/100\n|-heal|p1a: Golisopod|81\/100|[from] drain|[of] p2a: Dracozolt\n|\n|-weather|Sandstorm|[upkeep]\n|-damage|p1a: Golisopod|75\/100|[from] Sandstorm\n|upkeep\n|turn|7\n|\n|t:|1700061552\n|move|p1a: Golisopod|Aqua Jet|p2a: Dracozolt\n|-resisted|p2a: Dracozolt\n|-damage|p2a: Dracozolt|0 fnt\n|faint|p2a: Dracozolt\n|\n|-weather|Sandstorm|[upkeep]\n|-damage|p1a: Golisopod|69\/100|[from] Sandstorm\n|upkeep\n|\n|t:|1700061555\n|switch|p2a: Kommo-o|Kommo-o, M|100\/100\n|turn|8\n|\n|t:|1700061564\n|-zpower|p2a: Kommo-o\n|move|p2a: Kommo-o|Clangorous Soulblaze|p1a: Golisopod|[zeffect]\n|-damage|p1a: Golisopod|21\/100\n|-activate|p1a: Golisopod|ability: Emergency Exit\n|-boost|p2a: Kommo-o|atk|1\n|-boost|p2a: Kommo-o|def|1\n|-boost|p2a: Kommo-o|spa|1\n|-boost|p2a: Kommo-o|spd|1\n|-boost|p2a: Kommo-o|spe|1\n|\n|t:|1700061580\n|switch|p1a: Ribombee|Ribombee, F|100\/100\n|\n|-weather|Sandstorm|[upkeep]\n|-damage|p1a: Ribombee|94\/100|[from] Sandstorm\n|upkeep\n|turn|9\n|\n|t:|1700061589\n|move|p2a: Kommo-o|Ice Punch|p1a: Ribombee\n|-damage|p1a: Ribombee|19\/100\n|move|p1a: Ribombee|Moonblast|p2a: Kommo-o\n|-supereffective|p2a: Kommo-o\n|-damage|p2a: Kommo-o|0 fnt\n|faint|p2a: Kommo-o\n|\n|-weather|Sandstorm|[upkeep]\n|-damage|p1a: Ribombee|13\/100|[from] Sandstorm\n|upkeep\n|\n|t:|1700061592\n|switch|p2a: Toedscruel|Toedscruel, M|100\/100\n|turn|10\n|-message|Funkyss forfeited.\n|\n|win|wahrer\n|raw|wahrer's rating: 1268 &rarr; <strong>1287<\/strong><br \/>(+19 for winning)\n|raw|Funkyss's rating: 1183 &rarr; <strong>1164<\/strong><br \/>(-19 for losing)\n|l|\u2606Funkyss\n","uploadtime":1700061624,"views":10,"p1id":"wahrer","p2id":"funkyss","formatid":"gen9nationaldex","rating":1164,"private":0,"password":""}