{"id":"gen9nationaldex-1988619887","p1":"L3vD3x","p2":"female charizard","format":"[Gen 9] National Dex","log":"|j|\u2606L3vD3x\n|j|\u2606female charizard\n|t:|1699742753\n|gametype|singles\n|player|p1|L3vD3x|alder|1282\n|player|p2|female charizard|170|1214\n|teamsize|p1|6\n|teamsize|p2|6\n|gen|9\n|tier|[Gen 9] National Dex\n|rated|\n|rule|HP Percentage Mod: HP is shown in percentages\n|rule|Endless Battle Clause: Forcing endless battles is banned\n|rule|OHKO Clause: OHKO moves are banned\n|rule|Evasion Clause: Evasion abilities, items, and moves are banned\n|rule|Evasion Abilities Clause: Evasion abilities are banned\n|rule|Evasion Items Clause: Evasion items are banned\n|rule|Evasion Moves Clause: Evasion moves are banned\n|rule|Species Clause: Limit one of each Pok\u00e9mon\n|rule|Sleep Clause Mod: Limit one foe put to sleep\n|clearpoke\n|poke|p1|Moltres|\n|poke|p1|Dragonite, F|\n|poke|p1|Floatzel, M|\n|poke|p1|Tapu Koko|\n|poke|p1|Iron Hands|\n|poke|p1|Raikou|\n|poke|p2|Kyurem|\n|poke|p2|Abomasnow, F|\n|poke|p2|Breloom, F|\n|poke|p2|Rhyperior, M|\n|poke|p2|Ogerpon-Wellspring, F|\n|poke|p2|Arbok, M|\n|teampreview\n|\n|t:|1699742763\n|start\n|switch|p1a: Tapu Koko|Tapu Koko|100\/100\n|switch|p2a: A subtle joke|Abomasnow, F|100\/100\n|-fieldstart|move: Electric Terrain|[from] ability: Electric Surge|[of] p1a: Tapu Koko\n|-weather|Snow|[from] ability: Snow Warning|[of] p2a: A subtle joke\n|turn|1\n|\n|t:|1699742793\n|switch|p1a: Moltres|Moltres|100\/100\n|move|p2a: A subtle joke|Aurora Veil|p2a: A subtle joke\n|-sidestart|p2: female charizard|move: Aurora Veil\n|\n|-weather|Snow|[upkeep]\n|upkeep\n|turn|2\n|\n|t:|1699742814\n|switch|p2a: mods annoy me|Ogerpon-Wellspring, F|100\/100\n|move|p1a: Moltres|Defog|p2a: mods annoy me\n|-unboost|p2a: mods annoy me|evasion|1\n|-sideend|p2: female charizard|move: Aurora Veil\n|-fieldend|move: Electric Terrain\n|\n|-weather|Snow|[upkeep]\n|upkeep\n|turn|3\n|\n|t:|1699742826\n|switch|p1a: Tapu Koko|Tapu Koko|100\/100\n|-fieldstart|move: Electric Terrain|[from] ability: Electric Surge|[of] p1a: Tapu Koko\n|move|p2a: mods annoy me|Ivy Cudgel|p1a: Tapu Koko\n|-damage|p1a: Tapu Koko|35\/100\n|\n|-weather|Snow|[upkeep]\n|upkeep\n|turn|4\n|\n|t:|1699742834\n|switch|p1a: Iron Hands|Iron Hands, shiny|100\/100\n|-activate|p1a: Iron Hands|ability: Quark Drive\n|-start|p1a: Iron Hands|quarkdriveatk\n|move|p2a: mods annoy me|Ivy Cudgel|p1a: Iron Hands\n|-crit|p1a: Iron Hands\n|-damage|p1a: Iron Hands|48\/100\n|\n|-weather|Snow|[upkeep]\n|upkeep\n|turn|5\n|\n|t:|1699742849\n|move|p2a: mods annoy me|Ivy Cudgel|p1a: Iron Hands\n|-damage|p1a: Iron Hands|12\/100\n|move|p1a: Iron Hands|Wild Charge|p2a: mods annoy me\n|-damage|p2a: mods annoy me|0 fnt\n|faint|p2a: mods annoy me\n|-damage|p1a: Iron Hands|0 fnt|[from] Recoil\n|faint|p1a: Iron Hands\n|-end|p1a: Iron Hands|Quark Drive|[silent]\n|\n|-weather|none\n|upkeep\n|\n|t:|1699742859\n|switch|p2a: A subtle joke|Abomasnow, F|100\/100\n|switch|p1a: Raikou|Raikou|100\/100\n|-ability|p1a: Raikou|Pressure\n|-weather|Snow|[from] ability: Snow Warning|[of] p2a: A subtle joke\n|turn|6\n|\n|t:|1699742872\n|-terastallize|p1a: Raikou|Electric\n|move|p1a: Raikou|Rising Voltage|p2a: A subtle joke\n|-hint|Rising Voltage's BP doubled on grounded target.\n|-resisted|p2a: A subtle joke\n|-damage|p2a: A subtle joke|38\/100\n|move|p2a: A subtle joke|Aurora Veil|p2a: A subtle joke\n|-sidestart|p2: female charizard|move: Aurora Veil\n|\n|-weather|Snow|[upkeep]\n|upkeep\n|turn|7\n|\n|t:|1699742885\n|switch|p1a: Moltres|Moltres|100\/100\n|move|p2a: A subtle joke|Blizzard|p1a: Moltres\n|-damage|p1a: Moltres|51\/100\n|\n|-weather|Snow|[upkeep]\n|upkeep\n|turn|8\n|\n|t:|1699742894\n|move|p1a: Moltres|Flamethrower|p2a: A subtle joke\n|-supereffective|p2a: A subtle joke\n|-damage|p2a: A subtle joke|0 fnt\n|faint|p2a: A subtle joke\n|\n|-weather|Snow|[upkeep]\n|upkeep\n|\n|t:|1699742916\n|switch|p2a: at last|Arbok, M|100\/100\n|-ability|p2a: at last|Intimidate|boost\n|-unboost|p1a: Moltres|atk|1\n|turn|9\n|\n|t:|1699742939\n|move|p2a: at last|Coil|p2a: at last\n|-boost|p2a: at last|atk|1\n|-boost|p2a: at last|def|1\n|-boost|p2a: at last|accuracy|1\n|move|p1a: Moltres|Roost|p1a: Moltres\n|-heal|p1a: Moltres|100\/100\n|-singleturn|p1a: Moltres|move: Roost\n|\n|-weather|Snow|[upkeep]\n|upkeep\n|turn|10\n|\n|t:|1699742946\n|move|p2a: at last|Coil|p2a: at last\n|-boost|p2a: at last|atk|1\n|-boost|p2a: at last|def|1\n|-boost|p2a: at last|accuracy|1\n|move|p1a: Moltres|Defog|p2a: at last\n|-unboost|p2a: at last|evasion|1\n|-sideend|p2: female charizard|move: Aurora Veil\n|-fieldend|move: Electric Terrain\n|\n|-weather|none\n|upkeep\n|turn|11\n|\n|t:|1699742953\n|move|p2a: at last|Scale Shot|p1a: Moltres\n|-damage|p1a: Moltres|90\/100\n|-damage|p1a: Moltres|80\/100\n|-damage|p1a: Moltres|70\/100\n|-damage|p1a: Moltres|61\/100\n|-hitcount|p1a: Moltres|4\n|-unboost|p2a: at last|def|1\n|-boost|p2a: at last|spe|1\n|move|p1a: Moltres|U-turn|p2a: at last\n|-resisted|p2a: at last\n|-damage|p2a: at last|95\/100\n|\n|t:|1699742960\n|switch|p1a: Tapu Koko|Tapu Koko|35\/100|[from] U-turn\n|-fieldstart|move: Electric Terrain|[from] ability: Electric Surge|[of] p1a: Tapu Koko\n|\n|-heal|p2a: at last|100\/100|[from] item: Leftovers\n|upkeep\n|turn|12\n|\n|t:|1699742968\n|move|p2a: at last|Earthquake|p1a: Tapu Koko\n|-supereffective|p1a: Tapu Koko\n|-damage|p1a: Tapu Koko|0 fnt\n|faint|p1a: Tapu Koko\n|\n|upkeep\n|\n|t:|1699742998\n|switch|p1a: Dragonite|Dragonite, F|100\/100\n|turn|13\n|\n|t:|1699743005\n|-terastallize|p2a: at last|Dragon\n|move|p2a: at last|Scale Shot|p1a: Dragonite\n|-supereffective|p1a: Dragonite\n|-damage|p1a: Dragonite|79\/100\n|-supereffective|p1a: Dragonite\n|-damage|p1a: Dragonite|35\/100\n|-supereffective|p1a: Dragonite\n|-damage|p1a: Dragonite|0 fnt\n|faint|p1a: Dragonite\n|-hitcount|p1: Dragonite|3\n|-unboost|p2a: at last|def|1\n|-boost|p2a: at last|spe|1\n|\n|upkeep\n|\n|t:|1699743022\n|switch|p1a: Raikou|Raikou, tera:Electric|100\/100\n|-ability|p1a: Raikou|Pressure\n|turn|14\n|\n|t:|1699743030\n|move|p2a: at last|Scale Shot|p1a: Raikou\n|-damage|p1a: Raikou|73\/100\n|-damage|p1a: Raikou|44\/100\n|-hitcount|p1a: Raikou|2\n|-unboost|p2a: at last|def|1\n|-boost|p2a: at last|spe|1\n|move|p1a: Raikou|Rising Voltage|p2a: at last\n|-hint|Rising Voltage's BP doubled on grounded target.\n|-resisted|p2a: at last\n|-damage|p2a: at last|0 fnt\n|faint|p2a: at last\n|\n|upkeep\n|\n|t:|1699743049\n|switch|p2a: pressure friends|Kyurem|100\/100\n|-ability|p2a: pressure friends|Pressure\n|turn|15\n|\n|t:|1699743057\n|move|p1a: Raikou|Rising Voltage|p2a: pressure friends\n|-hint|Rising Voltage's BP doubled on grounded target.\n|-resisted|p2a: pressure friends\n|-damage|p2a: pressure friends|45\/100\n|move|p2a: pressure friends|Substitute|p2a: pressure friends\n|-start|p2a: pressure friends|Substitute\n|-damage|p2a: pressure friends|20\/100\n|\n|-heal|p2a: pressure friends|26\/100|[from] item: Leftovers\n|upkeep\n|turn|16\n|\n|t:|1699743080\n|move|p2a: pressure friends|Protect|p2a: pressure friends\n|-singleturn|p2a: pressure friends|Protect\n|move|p1a: Raikou|Rising Voltage|p2a: pressure friends\n|-activate|p2a: pressure friends|move: Protect\n|\n|-heal|p2a: pressure friends|32\/100|[from] item: Leftovers\n|upkeep\n|turn|17\n|\n|t:|1699743087\n|move|p1a: Raikou|Rising Voltage|p2a: pressure friends\n|-hint|Rising Voltage's BP doubled on grounded target.\n|-resisted|p2a: pressure friends\n|-end|p2a: pressure friends|Substitute\n|move|p2a: pressure friends|Roost|p2a: pressure friends\n|-heal|p2a: pressure friends|82\/100\n|-singleturn|p2a: pressure friends|move: Roost\n|\n|-heal|p2a: pressure friends|89\/100|[from] item: Leftovers\n|upkeep\n|turn|18\n|\n|t:|1699743097\n|move|p1a: Raikou|Rising Voltage|p2a: pressure friends\n|-hint|Rising Voltage's BP doubled on grounded target.\n|-resisted|p2a: pressure friends\n|-damage|p2a: pressure friends|36\/100\n|move|p2a: pressure friends|Substitute|p2a: pressure friends\n|-start|p2a: pressure friends|Substitute\n|-damage|p2a: pressure friends|11\/100\n|\n|-heal|p2a: pressure friends|17\/100|[from] item: Leftovers\n|-fieldend|move: Electric Terrain\n|upkeep\n|turn|19\n|\n|t:|1699743109\n|move|p1a: Raikou|Rising Voltage|p2a: pressure friends\n|-resisted|p2a: pressure friends\n|-activate|p2a: pressure friends|move: Substitute|[damage]\n|move|p2a: pressure friends|Roost|p2a: pressure friends\n|-heal|p2a: pressure friends|67\/100\n|-singleturn|p2a: pressure friends|move: Roost\n|\n|-heal|p2a: pressure friends|74\/100|[from] item: Leftovers\n|upkeep\n|turn|20\n|\n|t:|1699743118\n|switch|p1a: Floatzel|Floatzel, M|100\/100\n|move|p2a: pressure friends|Roost|p2a: pressure friends\n|-heal|p2a: pressure friends|100\/100\n|-singleturn|p2a: pressure friends|move: Roost\n|\n|upkeep\n|turn|21\n|\n|t:|1699743128\n|move|p1a: Floatzel|Flip Turn|p2a: pressure friends\n|-resisted|p2a: pressure friends\n|-end|p2a: pressure friends|Substitute\n|\n|t:|1699743131\n|switch|p1a: Moltres|Moltres|61\/100|[from] Flip Turn\n|move|p2a: pressure friends|Freeze-Dry|p1a: Moltres\n|-damage|p1a: Moltres|31\/100\n|\n|upkeep\n|turn|22\n|\n|t:|1699743141\n|move|p2a: pressure friends|Freeze-Dry|p1a: Moltres\n|-damage|p1a: Moltres|0 fnt\n|faint|p1a: Moltres\n|\n|upkeep\n|\n|t:|1699743146\n|switch|p1a: Floatzel|Floatzel, M|100\/100\n|turn|23\n|\n|t:|1699743150\n|move|p1a: Floatzel|Switcheroo|p2a: pressure friends\n|-activate|p1a: Floatzel|move: Trick|[of] p2a: pressure friends\n|-item|p2a: pressure friends|Choice Band|[from] move: Switcheroo\n|-item|p1a: Floatzel|Leftovers|[from] move: Switcheroo\n|move|p2a: pressure friends|Substitute|p2a: pressure friends\n|-start|p2a: pressure friends|Substitute\n|-damage|p2a: pressure friends|76\/100\n|\n|upkeep\n|turn|24\n|\n|t:|1699743157\n|switch|p2a: bisexual|Breloom, F|100\/100\n|move|p1a: Floatzel|Flip Turn|p2a: bisexual\n|-resisted|p2a: bisexual\n|-damage|p2a: bisexual|75\/100\n|\n|t:|1699743163\n|switch|p1a: Raikou|Raikou, tera:Electric|44\/100|[from] Flip Turn\n|-ability|p1a: Raikou|Pressure\n|\n|upkeep\n|turn|25\n|j| snugglesnfluff\n|\n|t:|1699743169\n|move|p1a: Raikou|Hidden Power|p2a: bisexual\n|-supereffective|p2a: bisexual\n|-damage|p2a: bisexual|4\/100\n|move|p2a: bisexual|Spore|p1a: Raikou\n|-status|p1a: Raikou|slp|[from] move: Spore\n|\n|upkeep\n|turn|26\n|\n|t:|1699743176\n|move|p2a: bisexual|Mach Punch|p1a: Raikou\n|-damage|p1a: Raikou|0 fnt\n|faint|p1a: Raikou\n|\n|upkeep\n|j| less might be more\n|\n|t:|1699743178\n|switch|p1a: Floatzel|Floatzel, M|100\/100\n|turn|27\n|\n|t:|1699743187\n|move|p1a: Floatzel|Aqua Jet|p2a: bisexual\n|-resisted|p2a: bisexual\n|-damage|p2a: bisexual|0 fnt\n|faint|p2a: bisexual\n|\n|upkeep\n|j| Adamanzane\n|\n|t:|1699743189\n|switch|p2a: pressure friends|Kyurem|76\/100\n|-ability|p2a: pressure friends|Pressure\n|turn|28\n|\n|t:|1699743198\n|move|p1a: Floatzel|Wave Crash|p2a: pressure friends\n|-resisted|p2a: pressure friends\n|-damage|p2a: pressure friends|50\/100\n|-damage|p1a: Floatzel|88\/100|[from] Recoil\n|move|p2a: pressure friends|Freeze-Dry|p1a: Floatzel\n|-supereffective|p1a: Floatzel\n|-damage|p1a: Floatzel|0 fnt\n|faint|p1a: Floatzel\n|\n|win|female charizard\n|raw|L3vD3x's rating: 1282 &rarr; <strong>1250<\/strong><br \/>(-32 for losing)\n|raw|female charizard's rating: 1182 &rarr; <strong>1214<\/strong><br \/>(+32 for winning)\n|l|\u2606L3vD3x\n|l| less might be more\n|j| mistahmerrikuu\n|l| mistahmerrikuu\n|l| snugglesnfluff\n|j| kung fu pokechu\n","uploadtime":1699743452,"views":4,"p1id":"l3vd3x","p2id":"femalecharizard","formatid":"gen9nationaldex","rating":1214,"private":0,"password":""}