{"id":"gen9nationaldex-1993636500","p1":"um_sad2","p2":"StarChaserV","format":"[Gen 9] National Dex","log":"|j|\u2606um_sad2\n|j|\u2606StarChaserV\n|t:|1700340065\n|gametype|singles\n|player|p1|um_sad2|red|1277\n|player|p2|StarChaserV|tate|1410\n|teamsize|p1|6\n|teamsize|p2|6\n|gen|9\n|tier|[Gen 9] National Dex\n|rated|\n|rule|HP Percentage Mod: HP is shown in percentages\n|rule|Endless Battle Clause: Forcing endless battles is banned\n|rule|OHKO Clause: OHKO moves are banned\n|rule|Evasion Clause: Evasion abilities, items, and moves are banned\n|rule|Evasion Abilities Clause: Evasion abilities are banned\n|rule|Evasion Items Clause: Evasion items are banned\n|rule|Evasion Moves Clause: Evasion moves are banned\n|rule|Species Clause: Limit one of each Pok\u00e9mon\n|rule|Sleep Clause Mod: Limit one foe put to sleep\n|clearpoke\n|poke|p1|Slowbro, F|\n|poke|p1|Donphan, F|\n|poke|p1|Eiscue, M|\n|poke|p1|Serperior, M|\n|poke|p1|Inteleon, F|\n|poke|p1|Darmanitan, F|\n|poke|p2|Inteleon, F|\n|poke|p2|Dragonite, M|\n|poke|p2|Vivillon-Pokeball, F|\n|poke|p2|Clefable, F|\n|poke|p2|Victini|\n|poke|p2|Clodsire, M|\n|teampreview\n|inactive|Battle timer is ON: inactive players will automatically lose when time's up. (requested by StarChaserV)\n|\n|t:|1700340078\n|start\n|switch|p1a: Eiscue|Eiscue, M, shiny|100\/100\n|switch|p2a: Pok\u00e9ball|Vivillon-Pokeball, F|100\/100\n|turn|1\n|\n|t:|1700340082\n|-terastallize|p1a: Eiscue|Dragon\n|move|p2a: Pok\u00e9ball|Sleep Powder|p1a: Eiscue\n|-status|p1a: Eiscue|slp|[from] move: Sleep Powder\n|cant|p1a: Eiscue|slp\n|\n|upkeep\n|turn|2\n|\n|t:|1700340097\n|switch|p1a: Darmanitan|Darmanitan, F, shiny|100\/100\n|move|p2a: Pok\u00e9ball|Quiver Dance|p2a: Pok\u00e9ball\n|-boost|p2a: Pok\u00e9ball|spa|1\n|-boost|p2a: Pok\u00e9ball|spd|1\n|-boost|p2a: Pok\u00e9ball|spe|1\n|\n|upkeep\n|turn|3\n|\n|t:|1700340100\n|move|p1a: Darmanitan|Flare Blitz|p2a: Pok\u00e9ball\n|-supereffective|p2a: Pok\u00e9ball\n|-enditem|p2a: Pok\u00e9ball|Focus Sash\n|-damage|p2a: Pok\u00e9ball|1\/100\n|-damage|p1a: Darmanitan|72\/100|[from] Recoil\n|move|p2a: Pok\u00e9ball|Hurricane|p1a: Darmanitan\n|-damage|p1a: Darmanitan|0 fnt\n|faint|p1a: Darmanitan\n|\n|upkeep\n|\n|t:|1700340109\n|switch|p1a: Donphan|Donphan, F|100\/100\n|turn|4\n|\n|t:|1700340113\n|move|p2a: Pok\u00e9ball|Hurricane|p1a: Donphan\n|-damage|p1a: Donphan|20\/100\n|move|p1a: Donphan|Knock Off|p2a: Pok\u00e9ball\n|-damage|p2a: Pok\u00e9ball|0 fnt\n|faint|p2a: Pok\u00e9ball\n|\n|-heal|p1a: Donphan|26\/100|[from] item: Leftovers\n|upkeep\n|\n|t:|1700340126\n|switch|p2a: Wing|Dragonite, M|100\/100\n|turn|5\n|\n|t:|1700340129\n|move|p2a: Wing|Dragon Dance|p2a: Wing\n|-boost|p2a: Wing|atk|1\n|-boost|p2a: Wing|spe|1\n|move|p1a: Donphan|Stealth Rock|p2a: Wing\n|-sidestart|p2: StarChaserV|move: Stealth Rock\n|\n|-heal|p1a: Donphan|32\/100|[from] item: Leftovers\n|upkeep\n|turn|6\n|\n|t:|1700340133\n|move|p2a: Wing|Dragon Dance|p2a: Wing\n|-boost|p2a: Wing|atk|1\n|-boost|p2a: Wing|spe|1\n|move|p1a: Donphan|Knock Off|p2a: Wing\n|-damage|p2a: Wing|83\/100\n|-enditem|p2a: Wing|Weakness Policy|[from] move: Knock Off|[of] p1a: Donphan\n|\n|-heal|p1a: Donphan|39\/100|[from] item: Leftovers\n|upkeep\n|turn|7\n|\n|t:|1700340146\n|move|p2a: Wing|Earthquake|p1a: Donphan\n|-damage|p1a: Donphan|0 fnt\n|faint|p1a: Donphan\n|\n|upkeep\n|\n|t:|1700340150\n|switch|p1a: Slowbro|Slowbro, F, shiny|100\/100\n|turn|8\n|\n|t:|1700340160\n|switch|p2a: GODtini|Victini|100\/100\n|-damage|p2a: GODtini|76\/100|[from] Stealth Rock\n|detailschange|p1a: Slowbro|Slowbro-Mega, F, shiny\n|-mega|p1a: Slowbro|Slowbro|Slowbronite\n|move|p1a: Slowbro|Slack Off||[still]\n|-fail|p1a: Slowbro|heal\n|\n|upkeep\n|turn|9\n|\n|t:|1700340168\n|switch|p2a: Clod D. Sire|Clodsire, M|100\/100\n|-damage|p2a: Clod D. Sire|94\/100|[from] Stealth Rock\n|move|p1a: Slowbro|Calm Mind|p1a: Slowbro\n|-boost|p1a: Slowbro|spa|1\n|-boost|p1a: Slowbro|spd|1\n|\n|-heal|p2a: Clod D. Sire|100\/100|[from] item: Leftovers\n|upkeep\n|turn|10\n|\n|t:|1700340173\n|-terastallize|p2a: Clod D. Sire|Water\n|move|p1a: Slowbro|Scald|p2a: Clod D. Sire\n|-resisted|p2a: Clod D. Sire\n|-damage|p2a: Clod D. Sire|89\/100\n|-status|p2a: Clod D. Sire|brn\n|move|p2a: Clod D. Sire|Stockpile|p2a: Clod D. Sire\n|-start|p2a: Clod D. Sire|stockpile1\n|-boost|p2a: Clod D. Sire|def|1\n|-boost|p2a: Clod D. Sire|spd|1\n|\n|-heal|p2a: Clod D. Sire|95\/100 brn|[from] item: Leftovers\n|-damage|p2a: Clod D. Sire|89\/100 brn|[from] brn\n|upkeep\n|turn|11\n|\n|t:|1700340190\n|switch|p1a: Serperior|Serperior, M|100\/100\n|move|p2a: Clod D. Sire|Stockpile|p2a: Clod D. Sire\n|-start|p2a: Clod D. Sire|stockpile2\n|-boost|p2a: Clod D. Sire|def|1\n|-boost|p2a: Clod D. Sire|spd|1\n|\n|-heal|p2a: Clod D. Sire|95\/100 brn|[from] item: Leftovers\n|-damage|p2a: Clod D. Sire|89\/100 brn|[from] brn\n|upkeep\n|turn|12\n|\n|t:|1700340194\n|move|p1a: Serperior|Leaf Storm|p2a: Clod D. Sire\n|-supereffective|p2a: Clod D. Sire\n|-damage|p2a: Clod D. Sire|58\/100 brn\n|-boost|p1a: Serperior|spa|2\n|move|p2a: Clod D. Sire|Mud-Slap|p1a: Serperior\n|-resisted|p1a: Serperior\n|-damage|p1a: Serperior|99\/100\n|-boost|p1a: Serperior|accuracy|1\n|\n|-heal|p2a: Clod D. Sire|64\/100 brn|[from] item: Leftovers\n|-damage|p2a: Clod D. Sire|58\/100 brn|[from] brn\n|upkeep\n|turn|13\n|\n|t:|1700340200\n|move|p1a: Serperior|Leaf Storm|p2a: Clod D. Sire\n|-supereffective|p2a: Clod D. Sire\n|-damage|p2a: Clod D. Sire|28\/100 brn\n|-boost|p1a: Serperior|spa|2\n|move|p2a: Clod D. Sire|Recover|p2a: Clod D. Sire\n|-heal|p2a: Clod D. Sire|78\/100 brn\n|\n|-heal|p2a: Clod D. Sire|84\/100 brn|[from] item: Leftovers\n|-damage|p2a: Clod D. Sire|78\/100 brn|[from] brn\n|upkeep\n|turn|14\n|\n|t:|1700340217\n|move|p1a: Serperior|Leaf Storm|p2a: Clod D. Sire\n|-supereffective|p2a: Clod D. Sire\n|-damage|p2a: Clod D. Sire|47\/100 brn\n|-boost|p1a: Serperior|spa|2\n|move|p2a: Clod D. Sire|Mud-Slap|p1a: Serperior\n|-resisted|p1a: Serperior\n|-damage|p1a: Serperior|97\/100\n|-boost|p1a: Serperior|accuracy|1\n|\n|-heal|p2a: Clod D. Sire|54\/100 brn|[from] item: Leftovers\n|-damage|p2a: Clod D. Sire|47\/100 brn|[from] brn\n|upkeep\n|turn|15\n|\n|t:|1700340225\n|move|p1a: Serperior|Knock Off|p2a: Clod D. Sire\n|-damage|p2a: Clod D. Sire|42\/100 brn\n|-enditem|p2a: Clod D. Sire|Leftovers|[from] move: Knock Off|[of] p1a: Serperior\n|move|p2a: Clod D. Sire|Recover|p2a: Clod D. Sire\n|-heal|p2a: Clod D. Sire|92\/100 brn\n|\n|-damage|p2a: Clod D. Sire|85\/100 brn|[from] brn\n|upkeep\n|turn|16\n|\n|t:|1700340227\n|move|p1a: Serperior|Giga Drain|p2a: Clod D. Sire\n|-supereffective|p2a: Clod D. Sire\n|-damage|p2a: Clod D. Sire|67\/100 brn\n|-heal|p1a: Serperior|100\/100|[from] drain|[of] p2a: Clod D. Sire\n|move|p2a: Clod D. Sire|Mud-Slap|p1a: Serperior\n|-resisted|p1a: Serperior\n|-damage|p1a: Serperior|98\/100\n|-boost|p1a: Serperior|accuracy|1\n|\n|-damage|p2a: Clod D. Sire|61\/100 brn|[from] brn\n|upkeep\n|turn|17\n|\n|t:|1700340230\n|move|p1a: Serperior|Leaf Storm|p2a: Clod D. Sire\n|-supereffective|p2a: Clod D. Sire\n|-crit|p2a: Clod D. Sire\n|-damage|p2a: Clod D. Sire|0 fnt\n|faint|p2a: Clod D. Sire\n|\n|upkeep\n|\n|t:|1700340232\n|switch|p2a: Clef\u00e9f\u00e9|Clefable, F|100\/100\n|-damage|p2a: Clef\u00e9f\u00e9|88\/100|[from] Stealth Rock\n|turn|18\n|\n|t:|1700340241\n|move|p1a: Serperior|Giga Drain|p2a: Clef\u00e9f\u00e9\n|-damage|p2a: Clef\u00e9f\u00e9|64\/100\n|-heal|p1a: Serperior|100\/100|[from] drain|[of] p2a: Clef\u00e9f\u00e9\n|move|p2a: Clef\u00e9f\u00e9|Cosmic Power|p2a: Clef\u00e9f\u00e9\n|-boost|p2a: Clef\u00e9f\u00e9|def|1\n|-boost|p2a: Clef\u00e9f\u00e9|spd|1\n|\n|upkeep\n|turn|19\n|\n|t:|1700340249\n|switch|p1a: Slowbro|Slowbro-Mega, F, shiny|100\/100\n|move|p2a: Clef\u00e9f\u00e9|Rest|p2a: Clef\u00e9f\u00e9\n|-status|p2a: Clef\u00e9f\u00e9|slp|[from] move: Rest\n|-heal|p2a: Clef\u00e9f\u00e9|100\/100 slp|[silent]\n|-enditem|p2a: Clef\u00e9f\u00e9|Chesto Berry|[eat]\n|-curestatus|p2a: Clef\u00e9f\u00e9|slp|[msg]\n|\n|upkeep\n|turn|20\n|\n|t:|1700340251\n|move|p2a: Clef\u00e9f\u00e9|Cosmic Power|p2a: Clef\u00e9f\u00e9\n|-boost|p2a: Clef\u00e9f\u00e9|def|1\n|-boost|p2a: Clef\u00e9f\u00e9|spd|1\n|move|p1a: Slowbro|Yawn|p2a: Clef\u00e9f\u00e9\n|-start|p2a: Clef\u00e9f\u00e9|move: Yawn|[of] p1a: Slowbro\n|\n|upkeep\n|turn|21\n|\n|t:|1700340258\n|switch|p1a: Eiscue|Eiscue, M, shiny, tera:Dragon|100\/100 slp\n|move|p2a: Clef\u00e9f\u00e9|Charge Beam|p1a: Eiscue|[miss]\n|-miss|p2a: Clef\u00e9f\u00e9|p1a: Eiscue\n|\n|-end|p2a: Clef\u00e9f\u00e9|move: Yawn|[silent]\n|-status|p2a: Clef\u00e9f\u00e9|slp\n|upkeep\n|turn|22\n|\n|t:|1700340262\n|cant|p1a: Eiscue|slp\n|cant|p2a: Clef\u00e9f\u00e9|slp\n|\n|upkeep\n|turn|23\n|\n|t:|1700340264\n|cant|p1a: Eiscue|slp\n|cant|p2a: Clef\u00e9f\u00e9|slp\n|\n|upkeep\n|turn|24\n|\n|t:|1700340265\n|-curestatus|p1a: Eiscue|slp|[msg]\n|move|p1a: Eiscue|Substitute|p1a: Eiscue\n|-start|p1a: Eiscue|Substitute\n|-damage|p1a: Eiscue|76\/100\n|cant|p2a: Clef\u00e9f\u00e9|slp\n|\n|upkeep\n|turn|25\n|\n|t:|1700340270\n|move|p1a: Eiscue|Belly Drum|p1a: Eiscue\n|-damage|p1a: Eiscue|26\/100\n|-setboost|p1a: Eiscue|atk|6|[from] move: Belly Drum\n|-enditem|p1a: Eiscue|Sitrus Berry|[eat]\n|-heal|p1a: Eiscue|51\/100|[from] item: Sitrus Berry\n|-curestatus|p2a: Clef\u00e9f\u00e9|slp|[msg]\n|move|p2a: Clef\u00e9f\u00e9|Charge Beam|p1a: Eiscue\n|-resisted|p1a: Eiscue\n|-activate|p1a: Eiscue|move: Substitute|[damage]\n|-boost|p2a: Clef\u00e9f\u00e9|spa|1\n|\n|upkeep\n|turn|26\n|\n|t:|1700340274\n|move|p1a: Eiscue|Zen Headbutt|p2a: Clef\u00e9f\u00e9\n|-damage|p2a: Clef\u00e9f\u00e9|92\/100\n|move|p2a: Clef\u00e9f\u00e9|Cosmic Power|p2a: Clef\u00e9f\u00e9\n|-boost|p2a: Clef\u00e9f\u00e9|def|1\n|-boost|p2a: Clef\u00e9f\u00e9|spd|1\n|\n|upkeep\n|turn|27\n|\n|t:|1700340279\n|move|p1a: Eiscue|Icicle Crash|p2a: Clef\u00e9f\u00e9\n|-damage|p2a: Clef\u00e9f\u00e9|79\/100\n|cant|p2a: Clef\u00e9f\u00e9|flinch\n|\n|upkeep\n|turn|28\n|\n|t:|1700340282\n|move|p1a: Eiscue|Zen Headbutt|p2a: Clef\u00e9f\u00e9\n|-damage|p2a: Clef\u00e9f\u00e9|72\/100\n|move|p2a: Clef\u00e9f\u00e9|Stored Power|p1a: Eiscue\n|-end|p1a: Eiscue|Substitute\n|\n|upkeep\n|turn|29\n|\n|t:|1700340285\n|move|p1a: Eiscue|Zen Headbutt|p2a: Clef\u00e9f\u00e9\n|-damage|p2a: Clef\u00e9f\u00e9|65\/100\n|move|p2a: Clef\u00e9f\u00e9|Stored Power|p1a: Eiscue\n|-damage|p1a: Eiscue|0 fnt\n|faint|p1a: Eiscue\n|\n|upkeep\n|\n|t:|1700340288\n|switch|p1a: Inteleon|Inteleon, F|100\/100\n|turn|30\n|\n|t:|1700340291\n|move|p1a: Inteleon|Snipe Shot|p2a: Clef\u00e9f\u00e9\n|-damage|p2a: Clef\u00e9f\u00e9|51\/100\n|move|p2a: Clef\u00e9f\u00e9|Stored Power|p1a: Inteleon\n|-damage|p1a: Inteleon|8\/100\n|\n|upkeep\n|turn|31\n|\n|t:|1700340294\n|move|p1a: Inteleon|Snipe Shot|p2a: Clef\u00e9f\u00e9\n|-damage|p2a: Clef\u00e9f\u00e9|38\/100\n|move|p2a: Clef\u00e9f\u00e9|Rest|p2a: Clef\u00e9f\u00e9\n|-status|p2a: Clef\u00e9f\u00e9|slp|[from] move: Rest\n|-heal|p2a: Clef\u00e9f\u00e9|100\/100 slp|[silent]\n|\n|upkeep\n|turn|32\n|\n|t:|1700340297\n|move|p1a: Inteleon|Snipe Shot|p2a: Clef\u00e9f\u00e9\n|-damage|p2a: Clef\u00e9f\u00e9|88\/100 slp\n|cant|p2a: Clef\u00e9f\u00e9|slp\n|\n|upkeep\n|turn|33\n|\n|t:|1700340299\n|move|p1a: Inteleon|Snipe Shot|p2a: Clef\u00e9f\u00e9\n|-crit|p2a: Clef\u00e9f\u00e9\n|-damage|p2a: Clef\u00e9f\u00e9|14\/100 slp\n|cant|p2a: Clef\u00e9f\u00e9|slp\n|\n|upkeep\n|turn|34\n|\n|t:|1700340302\n|move|p1a: Inteleon|Snipe Shot|p2a: Clef\u00e9f\u00e9\n|-crit|p2a: Clef\u00e9f\u00e9\n|-damage|p2a: Clef\u00e9f\u00e9|0 fnt\n|faint|p2a: Clef\u00e9f\u00e9\n|\n|upkeep\n|\n|t:|1700340305\n|switch|p2a: Wing|Dragonite, M|83\/100\n|-damage|p2a: Wing|58\/100|[from] Stealth Rock\n|turn|35\n|\n|t:|1700340310\n|move|p2a: Wing|Extreme Speed|p1a: Inteleon\n|-damage|p1a: Inteleon|0 fnt\n|faint|p1a: Inteleon\n|\n|upkeep\n|\n|t:|1700340317\n|switch|p1a: Serperior|Serperior, M|100\/100\n|turn|36\n|\n|t:|1700340319\n|move|p1a: Serperior|Leaf Storm|p2a: Wing\n|-resisted|p2a: Wing\n|-damage|p2a: Wing|46\/100\n|-boost|p1a: Serperior|spa|2\n|move|p2a: Wing|Fire Punch|p1a: Serperior\n|-supereffective|p1a: Serperior\n|-damage|p1a: Serperior|37\/100\n|\n|upkeep\n|turn|37\n|\n|t:|1700340324\n|move|p2a: Wing|Extreme Speed|p1a: Serperior\n|-damage|p1a: Serperior|0 fnt\n|faint|p1a: Serperior\n|\n|upkeep\n|\n|t:|1700340329\n|switch|p1a: Slowbro|Slowbro-Mega, F, shiny|100\/100\n|turn|38\n|\n|t:|1700340335\n|move|p2a: Wing|Earthquake|p1a: Slowbro\n|-damage|p1a: Slowbro|83\/100\n|move|p1a: Slowbro|Scald|p2a: Wing\n|-resisted|p2a: Wing\n|-damage|p2a: Wing|28\/100\n|-status|p2a: Wing|brn\n|\n|-damage|p2a: Wing|22\/100 brn|[from] brn\n|upkeep\n|turn|39\n|\n|t:|1700340339\n|move|p2a: Wing|Earthquake|p1a: Slowbro\n|-damage|p1a: Slowbro|75\/100\n|move|p1a: Slowbro|Calm Mind|p1a: Slowbro\n|-boost|p1a: Slowbro|spa|1\n|-boost|p1a: Slowbro|spd|1\n|\n|-damage|p2a: Wing|16\/100 brn|[from] brn\n|upkeep\n|turn|40\n|\n|t:|1700340342\n|move|p2a: Wing|Earthquake|p1a: Slowbro\n|-damage|p1a: Slowbro|66\/100\n|move|p1a: Slowbro|Calm Mind|p1a: Slowbro\n|-boost|p1a: Slowbro|spa|1\n|-boost|p1a: Slowbro|spd|1\n|\n|-damage|p2a: Wing|10\/100 brn|[from] brn\n|upkeep\n|turn|41\n|\n|t:|1700340344\n|move|p2a: Wing|Earthquake|p1a: Slowbro\n|-damage|p1a: Slowbro|59\/100\n|move|p1a: Slowbro|Slack Off|p1a: Slowbro\n|-heal|p1a: Slowbro|100\/100\n|\n|-damage|p2a: Wing|4\/100 brn|[from] brn\n|upkeep\n|turn|42\n|\n|t:|1700340346\n|move|p2a: Wing|Earthquake|p1a: Slowbro\n|-damage|p1a: Slowbro|93\/100\n|move|p1a: Slowbro|Calm Mind|p1a: Slowbro\n|-boost|p1a: Slowbro|spa|1\n|-boost|p1a: Slowbro|spd|1\n|\n|-damage|p2a: Wing|0 fnt|[from] brn\n|faint|p2a: Wing\n|upkeep\n|\n|t:|1700340348\n|switch|p2a: Aqua|Inteleon, F|100\/100\n|-damage|p2a: Aqua|88\/100|[from] Stealth Rock\n|turn|43\n|\n|t:|1700340351\n|move|p2a: Aqua|Haze|p2a: Aqua\n|-clearallboost\n|move|p1a: Slowbro|Yawn|p2a: Aqua\n|-start|p2a: Aqua|move: Yawn|[of] p1a: Slowbro\n|\n|upkeep\n|turn|44\n|\n|t:|1700340358\n|move|p2a: Aqua|Dark Pulse|p1a: Slowbro\n|-supereffective|p1a: Slowbro\n|-damage|p1a: Slowbro|51\/100\n|move|p1a: Slowbro|Calm Mind|p1a: Slowbro\n|-boost|p1a: Slowbro|spa|1\n|-boost|p1a: Slowbro|spd|1\n|\n|-end|p2a: Aqua|move: Yawn|[silent]\n|-status|p2a: Aqua|slp\n|upkeep\n|turn|45\n|\n|t:|1700340361\n|cant|p2a: Aqua|slp\n|move|p1a: Slowbro|Scald|p2a: Aqua\n|-resisted|p2a: Aqua\n|-damage|p2a: Aqua|46\/100 slp\n|\n|upkeep\n|turn|46\n|\n|t:|1700340366\n|-curestatus|p2a: Aqua|slp|[msg]\n|move|p2a: Aqua|Haze|p2a: Aqua\n|-clearallboost\n|move|p1a: Slowbro|Slack Off|p1a: Slowbro\n|-heal|p1a: Slowbro|100\/100\n|\n|upkeep\n|turn|47\n|\n|t:|1700340371\n|move|p2a: Aqua|Dark Pulse|p1a: Slowbro\n|-supereffective|p1a: Slowbro\n|-damage|p1a: Slowbro|58\/100\n|move|p1a: Slowbro|Yawn|p2a: Aqua\n|-start|p2a: Aqua|move: Yawn|[of] p1a: Slowbro\n|\n|upkeep\n|turn|48\n|\n|t:|1700340376\n|move|p2a: Aqua|Dark Pulse|p1a: Slowbro\n|-supereffective|p1a: Slowbro\n|-damage|p1a: Slowbro|12\/100\n|move|p1a: Slowbro|Calm Mind|p1a: Slowbro\n|-boost|p1a: Slowbro|spa|1\n|-boost|p1a: Slowbro|spd|1\n|\n|-end|p2a: Aqua|move: Yawn|[silent]\n|-status|p2a: Aqua|slp\n|upkeep\n|turn|49\n|\n|t:|1700340379\n|cant|p2a: Aqua|slp\n|move|p1a: Slowbro|Scald|p2a: Aqua\n|-resisted|p2a: Aqua\n|-damage|p2a: Aqua|0 fnt\n|faint|p2a: Aqua\n|\n|upkeep\n|\n|t:|1700340381\n|switch|p2a: GODtini|Victini|76\/100\n|-damage|p2a: GODtini|51\/100|[from] Stealth Rock\n|turn|50\n|\n|t:|1700340389\n|move|p2a: GODtini|Searing Shot|p1a: Slowbro\n|-resisted|p1a: Slowbro\n|-damage|p1a: Slowbro|0 fnt\n|faint|p1a: Slowbro\n|\n|win|StarChaserV\n|raw|um_sad2's rating: 1277 &rarr; <strong>1261<\/strong><br \/>(-16 for losing)\n|raw|StarChaserV's rating: 1410 &rarr; <strong>1423<\/strong><br \/>(+13 for winning)\n|l|\u2606um_sad2\n","uploadtime":1700340394,"views":6,"p1id":"umsad2","p2id":"starchaserv","formatid":"gen9nationaldex","rating":1261,"private":0,"password":""}