{"id":"gen9nationaldex-1998202233","p1":"anmol123","p2":"suijidyh666","format":"[Gen 9] National Dex","log":"|html|<div class=\"broadcast-blue\"><strong>[Gen 9] National Dex is currently suspecting Sneasler! For information on how to participate check out the <a href=\"https:\/\/www.smogon.com\/forums\/threads\/sv-national-dex-suspect-8-just-dance.3731534\/\">suspect thread<\/a>.<\/strong><\/div>\n|j|\u2606anmol123\n|j|\u2606suijidyh666\n|t:|1700911767\n|gametype|singles\n|player|p1|anmol123|1|1000\n|player|p2|suijidyh666|li|1082\n|teamsize|p1|6\n|teamsize|p2|6\n|gen|9\n|tier|[Gen 9] National Dex\n|rated|\n|rule|HP Percentage Mod: HP is shown in percentages\n|rule|Endless Battle Clause: Forcing endless battles is banned\n|rule|OHKO Clause: OHKO moves are banned\n|rule|Evasion Clause: Evasion abilities, items, and moves are banned\n|rule|Evasion Abilities Clause: Evasion abilities are banned\n|rule|Evasion Items Clause: Evasion items are banned\n|rule|Evasion Moves Clause: Evasion moves are banned\n|rule|Species Clause: Limit one of each Pok\u00e9mon\n|rule|Sleep Clause Mod: Limit one foe put to sleep\n|clearpoke\n|poke|p1|Tyranitar, M|\n|poke|p1|Excadrill, F|\n|poke|p1|Greninja-*, M|\n|poke|p1|Charizard, F|\n|poke|p1|Iron Valiant|\n|poke|p1|Rillaboom, M|\n|poke|p2|Basculegion-F, F|\n|poke|p2|Kartana|\n|poke|p2|Hawlucha, M|\n|poke|p2|Glimmora, M|\n|poke|p2|Latios, M|\n|poke|p2|Heatran, F|\n|teampreview\n|inactive|Battle timer is ON: inactive players will automatically lose when time's up. (requested by suijidyh666)\n|\n|t:|1700911784\n|start\n|switch|p1a: Tyranitar|Tyranitar, M|100\/100\n|switch|p2a: Basculegion|Basculegion-F, F, shiny|100\/100\n|-weather|Sandstorm|[from] ability: Sand Stream|[of] p1a: Tyranitar\n|turn|1\n|\n|t:|1700911790\n|move|p2a: Basculegion|Hydro Pump|p1a: Tyranitar|[miss]\n|-miss|p2a: Basculegion|p1a: Tyranitar\n|move|p1a: Tyranitar|Stealth Rock|p2a: Basculegion\n|-sidestart|p2: suijidyh666|move: Stealth Rock\n|\n|-weather|Sandstorm|[upkeep]\n|-damage|p2a: Basculegion|94\/100|[from] Sandstorm\n|upkeep\n|turn|2\n|\n|t:|1700911795\n|switch|p1a: Rillaboom|Rillaboom, M|100\/100\n|-fieldstart|move: Grassy Terrain|[from] ability: Grassy Surge|[of] p1a: Rillaboom\n|move|p2a: Basculegion|Hydro Pump|p1a: Rillaboom\n|-resisted|p1a: Rillaboom\n|-damage|p1a: Rillaboom|56\/100\n|\n|-weather|Sandstorm|[upkeep]\n|-damage|p1a: Rillaboom|49\/100|[from] Sandstorm\n|-damage|p2a: Basculegion|88\/100|[from] Sandstorm\n|-heal|p1a: Rillaboom|56\/100|[from] Grassy Terrain\n|-heal|p2a: Basculegion|94\/100|[from] Grassy Terrain\n|upkeep\n|turn|3\n|\n|t:|1700911804\n|move|p1a: Rillaboom|U-turn|p2a: Basculegion\n|-resisted|p2a: Basculegion\n|-damage|p2a: Basculegion|73\/100\n|\n|t:|1700911807\n|switch|p1a: Greninja|Greninja, M|100\/100|[from] U-turn\n|move|p2a: Basculegion|Ice Beam|p1a: Greninja\n|-resisted|p1a: Greninja\n|-damage|p1a: Greninja|78\/100\n|\n|-weather|Sandstorm|[upkeep]\n|-damage|p1a: Greninja|72\/100|[from] Sandstorm\n|-damage|p2a: Basculegion|67\/100|[from] Sandstorm\n|-heal|p1a: Greninja|78\/100|[from] Grassy Terrain\n|-heal|p2a: Basculegion|73\/100|[from] Grassy Terrain\n|upkeep\n|turn|4\n|\n|t:|1700911822\n|move|p1a: Greninja|Dark Pulse|p2a: Basculegion\n|-supereffective|p2a: Basculegion\n|-damage|p2a: Basculegion|0 fnt\n|faint|p2a: Basculegion\n|-ability|p1a: Greninja|Battle Bond|boost\n|-boost|p1a: Greninja|atk|1\n|-boost|p1a: Greninja|spa|1\n|-boost|p1a: Greninja|spe|1\n|-activate|p1a: Greninja|ability: Battle Bond\n|-damage|p1a: Greninja|69\/100|[from] item: Life Orb\n|\n|-weather|Sandstorm|[upkeep]\n|-damage|p1a: Greninja|63\/100|[from] Sandstorm\n|-heal|p1a: Greninja|69\/100|[from] Grassy Terrain\n|upkeep\n|\n|t:|1700911827\n|switch|p2a: Glimmora|Glimmora, M|100\/100\n|-damage|p2a: Glimmora|88\/100|[from] Stealth Rock\n|turn|5\n|\n|t:|1700911832\n|move|p1a: Greninja|Water Shuriken|p2a: Glimmora\n|-supereffective|p2a: Glimmora\n|-crit|p2a: Glimmora\n|-damage|p2a: Glimmora|53\/100\n|-supereffective|p2a: Glimmora\n|-damage|p2a: Glimmora|30\/100\n|-hitcount|p2a: Glimmora|2\n|-damage|p1a: Greninja|59\/100|[from] item: Life Orb\n|move|p2a: Glimmora|Sludge Wave|p1a: Greninja\n|-damage|p1a: Greninja|0 fnt\n|faint|p1a: Greninja\n|\n|-weather|Sandstorm|[upkeep]\n|-heal|p2a: Glimmora|36\/100|[from] Grassy Terrain\n|upkeep\n|\n|t:|1700911850\n|switch|p1a: Excadrill|Excadrill, F|100\/100\n|turn|6\n|\n|t:|1700911865\n|move|p1a: Excadrill|Iron Head|p2a: Glimmora\n|-supereffective|p2a: Glimmora\n|-damage|p2a: Glimmora|0 fnt\n|-activate|p2a: Glimmora|ability: Toxic Debris\n|-sidestart|p1: anmol123|move: Toxic Spikes\n|faint|p2a: Glimmora\n|-damage|p1a: Excadrill|91\/100|[from] item: Life Orb\n|\n|-weather|Sandstorm|[upkeep]\n|-heal|p1a: Excadrill|97\/100|[from] Grassy Terrain\n|-fieldend|move: Grassy Terrain\n|upkeep\n|\n|t:|1700911872\n|switch|p2a: Hawlucha|Hawlucha, M, shiny|100\/100\n|-damage|p2a: Hawlucha|88\/100|[from] Stealth Rock\n|-item|p2a: Hawlucha|Air Balloon\n|turn|7\n|\n|t:|1700911879\n|move|p1a: Excadrill|Rapid Spin|p2a: Hawlucha\n|-damage|p2a: Hawlucha|53\/100\n|-boost|p1a: Excadrill|spe|1\n|-enditem|p2a: Hawlucha|Air Balloon\n|-sideend|p1: anmol123|Toxic Spikes|[from] move: Rapid Spin|[of] p1a: Excadrill\n|-damage|p1a: Excadrill|87\/100|[from] item: Life Orb\n|move|p2a: Hawlucha|Swords Dance|p2a: Hawlucha\n|-boost|p2a: Hawlucha|atk|2\n|\n|-weather|Sandstorm|[upkeep]\n|-damage|p2a: Hawlucha|47\/100|[from] Sandstorm\n|upkeep\n|turn|8\n|\n|t:|1700911893\n|move|p1a: Excadrill|Iron Head|p2a: Hawlucha\n|-damage|p2a: Hawlucha|0 fnt\n|faint|p2a: Hawlucha\n|-damage|p1a: Excadrill|77\/100|[from] item: Life Orb\n|\n|-weather|none\n|upkeep\n|\n|t:|1700911904\n|switch|p2a: Latios|Latios, M, shiny|100\/100\n|-damage|p2a: Latios|88\/100|[from] Stealth Rock\n|turn|9\n|\n|t:|1700911913\n|move|p1a: Excadrill|Iron Head|p2a: Latios\n|-damage|p2a: Latios|4\/100\n|-damage|p1a: Excadrill|67\/100|[from] item: Life Orb\n|move|p2a: Latios|Dragon Dance|p2a: Latios\n|-boost|p2a: Latios|atk|1\n|-boost|p2a: Latios|spe|1\n|\n|upkeep\n|turn|10\n|\n|t:|1700911920\n|-zpower|p2a: Latios\n|move|p2a: Latios|Tectonic Rage|p1a: Excadrill|[zeffect]\n|-supereffective|p1a: Excadrill\n|-damage|p1a: Excadrill|0 fnt\n|faint|p1a: Excadrill\n|\n|upkeep\n|\n|t:|1700911926\n|switch|p1a: Rillaboom|Rillaboom, M|56\/100\n|-fieldstart|move: Grassy Terrain|[from] ability: Grassy Surge|[of] p1a: Rillaboom\n|turn|11\n|\n|t:|1700911933\n|switch|p2a: Kartana|Kartana, shiny|100\/100\n|-damage|p2a: Kartana|94\/100|[from] Stealth Rock\n|move|p1a: Rillaboom|Grassy Glide|p2a: Kartana\n|-resisted|p2a: Kartana\n|-damage|p2a: Kartana|80\/100\n|\n|-heal|p2a: Kartana|86\/100|[from] Grassy Terrain\n|-heal|p1a: Rillaboom|62\/100|[from] Grassy Terrain\n|upkeep\n|turn|12\n|\n|t:|1700911941\n|switch|p1a: Charizard|Charizard, F|100\/100\n|move|p2a: Kartana|Knock Off|p1a: Charizard\n|-damage|p1a: Charizard|62\/100\n|\n|-heal|p2a: Kartana|92\/100|[from] Grassy Terrain\n|upkeep\n|turn|13\n|\n|t:|1700911948\n|switch|p2a: Heatran|Heatran, F, shiny|100\/100\n|-damage|p2a: Heatran|88\/100|[from] Stealth Rock\n|-item|p2a: Heatran|Air Balloon\n|detailschange|p1a: Charizard|Charizard-Mega-X, F\n|-mega|p1a: Charizard|Charizard|Charizardite X\n|move|p1a: Charizard|Roost|p1a: Charizard\n|-heal|p1a: Charizard|100\/100\n|-singleturn|p1a: Charizard|move: Roost\n|\n|upkeep\n|turn|14\n|\n|t:|1700911961\n|switch|p1a: Iron Valiant|Iron Valiant|100\/100\n|-enditem|p1a: Iron Valiant|Booster Energy\n|-activate|p1a: Iron Valiant|ability: Quark Drive|[fromitem]\n|-start|p1a: Iron Valiant|quarkdriveatk\n|move|p2a: Heatran|Earth Power|p1a: Iron Valiant\n|-damage|p1a: Iron Valiant|37\/100\n|\n|-heal|p1a: Iron Valiant|43\/100|[from] Grassy Terrain\n|upkeep\n|turn|15\n|\n|t:|1700911974\n|switch|p2a: Latios|Latios, M, shiny|4\/100\n|-damage|p2a: Latios|0 fnt|[from] Stealth Rock\n|faint|p2a: Latios\n|move|p1a: Iron Valiant|Close Combat|p2: Latios|[notarget]\n|-fail|p1a: Iron Valiant\n|\n|-heal|p1a: Iron Valiant|49\/100|[from] Grassy Terrain\n|-fieldend|move: Grassy Terrain\n|upkeep\n|\n|t:|1700911981\n|switch|p2a: Kartana|Kartana, shiny|92\/100\n|-damage|p2a: Kartana|86\/100|[from] Stealth Rock\n|turn|16\n|\n|t:|1700911990\n|move|p2a: Kartana|Leaf Blade|p1a: Iron Valiant\n|-damage|p1a: Iron Valiant|0 fnt\n|faint|p1a: Iron Valiant\n|-end|p1a: Iron Valiant|Quark Drive|[silent]\n|-ability|p2a: Kartana|Beast Boost|boost\n|-boost|p2a: Kartana|atk|1\n|\n|upkeep\n|\n|t:|1700911997\n|switch|p1a: Charizard|Charizard-Mega-X, F|100\/100\n|turn|17\n|\n|t:|1700912000\n|switch|p2a: Heatran|Heatran, F, shiny|88\/100\n|-damage|p2a: Heatran|76\/100|[from] Stealth Rock\n|-item|p2a: Heatran|Air Balloon\n|move|p1a: Charizard|Dragon Dance|p1a: Charizard\n|-boost|p1a: Charizard|atk|1\n|-boost|p1a: Charizard|spe|1\n|\n|upkeep\n|turn|18\n|\n|t:|1700912011\n|move|p1a: Charizard|Dragon Dance|p1a: Charizard\n|-boost|p1a: Charizard|atk|1\n|-boost|p1a: Charizard|spe|1\n|move|p2a: Heatran|Earth Power|p1a: Charizard\n|-supereffective|p1a: Charizard\n|-damage|p1a: Charizard|15\/100\n|\n|upkeep\n|turn|19\n|\n|t:|1700912017\n|move|p1a: Charizard|Outrage|p2a: Heatran\n|-resisted|p2a: Heatran\n|-damage|p2a: Heatran|12\/100\n|-enditem|p2a: Heatran|Air Balloon\n|move|p2a: Heatran|Earth Power|p1a: Charizard\n|-supereffective|p1a: Charizard\n|-crit|p1a: Charizard\n|-damage|p1a: Charizard|0 fnt\n|faint|p1a: Charizard\n|\n|upkeep\n|\n|t:|1700912025\n|switch|p1a: Rillaboom|Rillaboom, M|62\/100\n|-fieldstart|move: Grassy Terrain|[from] ability: Grassy Surge|[of] p1a: Rillaboom\n|turn|20\n|\n|t:|1700912029\n|move|p1a: Rillaboom|Drain Punch|p2a: Heatran\n|-supereffective|p2a: Heatran\n|-damage|p2a: Heatran|0 fnt\n|-heal|p1a: Rillaboom|69\/100|[from] drain|[of] p2a: Heatran\n|faint|p2a: Heatran\n|\n|-heal|p1a: Rillaboom|75\/100|[from] Grassy Terrain\n|upkeep\n|\n|t:|1700912031\n|switch|p2a: Kartana|Kartana, shiny|86\/100\n|-damage|p2a: Kartana|80\/100|[from] Stealth Rock\n|turn|21\n|\n|t:|1700912049\n|-terastallize|p2a: Kartana|Grass\n|move|p2a: Kartana|Sacred Sword|p1a: Rillaboom\n|-damage|p1a: Rillaboom|30\/100\n|move|p1a: Rillaboom|Drain Punch|p2a: Kartana\n|-damage|p2a: Kartana|38\/100\n|-heal|p1a: Rillaboom|46\/100|[from] drain|[of] p2a: Kartana\n|\n|-heal|p2a: Kartana|45\/100|[from] Grassy Terrain\n|-heal|p1a: Rillaboom|52\/100|[from] Grassy Terrain\n|upkeep\n|turn|22\n|\n|t:|1700912057\n|move|p2a: Kartana|Sacred Sword|p1a: Rillaboom\n|-damage|p1a: Rillaboom|6\/100\n|move|p1a: Rillaboom|Drain Punch|p2a: Kartana\n|-damage|p2a: Kartana|6\/100\n|-heal|p1a: Rillaboom|21\/100|[from] drain|[of] p2a: Kartana\n|\n|-heal|p2a: Kartana|12\/100|[from] Grassy Terrain\n|-heal|p1a: Rillaboom|27\/100|[from] Grassy Terrain\n|upkeep\n|turn|23\n|\n|t:|1700912061\n|move|p2a: Kartana|Sacred Sword|p1a: Rillaboom\n|-damage|p1a: Rillaboom|0 fnt\n|faint|p1a: Rillaboom\n|-ability|p2a: Kartana|Beast Boost|boost\n|-boost|p2a: Kartana|atk|1\n|\n|-heal|p2a: Kartana|18\/100|[from] Grassy Terrain\n|upkeep\n|\n|t:|1700912064\n|switch|p1a: Tyranitar|Tyranitar, M|100\/100\n|-weather|Sandstorm|[from] ability: Sand Stream|[of] p1a: Tyranitar\n|turn|24\n|\n|t:|1700912067\n|move|p2a: Kartana|Sacred Sword|p1a: Tyranitar\n|-supereffective|p1a: Tyranitar\n|-damage|p1a: Tyranitar|0 fnt\n|faint|p1a: Tyranitar\n|\n|win|suijidyh666\n|raw|anmol123's rating: 1000 &rarr; <strong>1000<\/strong><br \/>(+0 for losing)\n|raw|suijidyh666's rating: 1082 &rarr; <strong>1103<\/strong><br \/>(+21 for winning)\n","uploadtime":1700912070,"views":0,"p1id":"anmol123","p2id":"suijidyh666","formatid":"gen9nationaldex","rating":1000,"private":0,"password":""}