{"id":"gen9nationaldex-1988334528","p1":"F.F.H.P.D.I.O.","p2":"Mr.Shadowdusk","format":"[Gen 9] National Dex","log":"|j|\u2606F.F.H.P.D.I.O.\n|j|\u2606Mr.Shadowdusk\n|t:|1699710178\n|gametype|singles\n|player|p1|F.F.H.P.D.I.O.|li|1135\n|player|p2|Mr.Shadowdusk|ghetsis|1179\n|teamsize|p1|6\n|teamsize|p2|6\n|gen|9\n|tier|[Gen 9] National Dex\n|rated|\n|rule|HP Percentage Mod: HP is shown in percentages\n|rule|Endless Battle Clause: Forcing endless battles is banned\n|rule|OHKO Clause: OHKO moves are banned\n|rule|Evasion Clause: Evasion abilities, items, and moves are banned\n|rule|Evasion Abilities Clause: Evasion abilities are banned\n|rule|Evasion Items Clause: Evasion items are banned\n|rule|Evasion Moves Clause: Evasion moves are banned\n|rule|Species Clause: Limit one of each Pok\u00e9mon\n|rule|Sleep Clause Mod: Limit one foe put to sleep\n|clearpoke\n|poke|p1|Ribombee, M|\n|poke|p1|Azelf|\n|poke|p1|Slither Wing|\n|poke|p1|Escavalier, F|\n|poke|p1|Glimmora, F|\n|poke|p1|Ampharos, F|\n|poke|p2|Hatterene, F|\n|poke|p2|Gliscor, F|\n|poke|p2|Heatran, F|\n|poke|p2|Hydreigon, M|\n|poke|p2|Lopunny, M|\n|poke|p2|Ogerpon-Wellspring, F|\n|teampreview\n|\n|t:|1699710247\n|start\n|switch|p1a: Glimmora|Glimmora, F|100\/100\n|switch|p2a: Alex|Lopunny, M, shiny|100\/100\n|turn|1\n|inactive|Battle timer is ON: inactive players will automatically lose when time's up. (requested by F.F.H.P.D.I.O.)\n|\n|t:|1699710288\n|switch|p2a: Hatterene|Hatterene, F, shiny|100\/100\n|switch|p1a: Slither Wing|Slither Wing|100\/100\n|-enditem|p1a: Slither Wing|Booster Energy\n|-activate|p1a: Slither Wing|ability: Protosynthesis|[fromitem]\n|-start|p1a: Slither Wing|protosynthesisatk\n|\n|upkeep\n|turn|2\n|inactive|F.F.H.P.D.I.O. has 120 seconds left.\n|\n|t:|1699710324\n|-terastallize|p2a: Hatterene|Fire\n|move|p1a: Slither Wing|First Impression|p2a: Hatterene\n|-resisted|p2a: Hatterene\n|-damage|p2a: Hatterene|75\/100\n|move|p2a: Hatterene|Psychic|p1a: Slither Wing\n|-supereffective|p1a: Slither Wing\n|-damage|p1a: Slither Wing|28\/100\n|\n|-heal|p2a: Hatterene|81\/100|[from] item: Leftovers\n|upkeep\n|turn|3\n|inactive|F.F.H.P.D.I.O. has 120 seconds left.\n|\n|t:|1699710339\n|switch|p2a: Ogerpon|Ogerpon-Wellspring, F|100\/100\n|move|p1a: Slither Wing|Close Combat|p2a: Ogerpon\n|-damage|p2a: Ogerpon|0 fnt\n|-unboost|p1a: Slither Wing|def|1\n|-unboost|p1a: Slither Wing|spd|1\n|faint|p2a: Ogerpon\n|\n|upkeep\n|\n|t:|1699710346\n|switch|p2a: Alex|Lopunny, M, shiny|100\/100\n|turn|4\n|inactive|F.F.H.P.D.I.O. has 120 seconds left.\n|inactive|F.F.H.P.D.I.O. has 90 seconds left.\n|\n|t:|1699710413\n|-end|p1a: Slither Wing|Protosynthesis|[silent]\n|switch|p1a: Escavalier|Escavalier, F|100\/100\n|detailschange|p2a: Alex|Lopunny-Mega, M, shiny\n|-mega|p2a: Alex|Lopunny|Lopunnite\n|move|p2a: Alex|Fake Out|p1a: Escavalier\n|-resisted|p1a: Escavalier\n|-damage|p1a: Escavalier|90\/100\n|\n|-heal|p1a: Escavalier|96\/100|[from] item: Leftovers\n|upkeep\n|turn|5\n|inactive|F.F.H.P.D.I.O. has 60 seconds left.\n|\n|t:|1699710439\n|switch|p2a: Heatran|Heatran, F, shiny|100\/100\n|move|p1a: Escavalier|Iron Head|p2a: Heatran\n|-resisted|p2a: Heatran\n|-damage|p2a: Heatran|92\/100\n|\n|-heal|p2a: Heatran|98\/100|[from] item: Leftovers\n|-heal|p1a: Escavalier|100\/100|[from] item: Leftovers\n|upkeep\n|turn|6\n|inactive|F.F.H.P.D.I.O. has 60 seconds left.\n|\n|t:|1699710458\n|switch|p1a: Glimmora|Glimmora, F|100\/100\n|move|p2a: Heatran|Magma Storm|p1a: Glimmora\n|-resisted|p1a: Glimmora\n|-damage|p1a: Glimmora|82\/100\n|-activate|p1a: Glimmora|move: Magma Storm|[of] p2a: Heatran\n|\n|-heal|p2a: Heatran|100\/100|[from] item: Leftovers\n|-damage|p1a: Glimmora|70\/100|[from] move: Magma Storm|[partiallytrapped]\n|upkeep\n|turn|7\n|\n|t:|1699710482\n|move|p2a: Heatran|Protect|p2a: Heatran\n|-singleturn|p2a: Heatran|Protect\n|move|p1a: Glimmora|Sludge Wave|p2a: Heatran\n|-activate|p2a: Heatran|move: Protect\n|\n|-damage|p1a: Glimmora|57\/100|[from] move: Magma Storm|[partiallytrapped]\n|upkeep\n|turn|8\n|\n|t:|1699710495\n|move|p1a: Glimmora|Earth Power|p2a: Heatran\n|-supereffective|p2a: Heatran\n|-damage|p2a: Heatran|0 fnt\n|faint|p2a: Heatran\n|\n|-end|p1a: Glimmora|Magma Storm|[partiallytrapped]|[silent]\n|upkeep\n|\n|t:|1699710502\n|switch|p2a: Hydreigon|Hydreigon, M|100\/100\n|turn|9\n|inactive|F.F.H.P.D.I.O. has 30 seconds left.\n|\n|t:|1699710536\n|move|p2a: Hydreigon|Flash Cannon|p1a: Glimmora\n|-supereffective|p1a: Glimmora\n|-damage|p1a: Glimmora|8\/100\n|move|p1a: Glimmora|Sludge Wave|p2a: Hydreigon\n|-damage|p2a: Hydreigon|43\/100\n|\n|upkeep\n|turn|10\n|inactive|F.F.H.P.D.I.O. has 30 seconds left.\n|\n|t:|1699710544\n|move|p2a: Hydreigon|Flash Cannon|p1a: Glimmora\n|-supereffective|p1a: Glimmora\n|-damage|p1a: Glimmora|0 fnt\n|faint|p1a: Glimmora\n|\n|upkeep\n|inactive|F.F.H.P.D.I.O. has 30 seconds left.\n|\n|t:|1699710552\n|switch|p1a: Ribombee|Ribombee, M|100\/100\n|turn|11\n|inactive|F.F.H.P.D.I.O. has 30 seconds left.\n|\n|t:|1699710565\n|switch|p2a: Hatterene|Hatterene, F, shiny, tera:Fire|81\/100\n|move|p1a: Ribombee|Sticky Web|p2a: Hatterene\n|move|p2a: Hatterene|Sticky Web|p1a: Ribombee|[from]ability: Magic Bounce\n|-sidestart|p1: F.F.H.P.D.I.O.|move: Sticky Web\n|\n|-heal|p2a: Hatterene|87\/100|[from] item: Leftovers\n|upkeep\n|turn|12\n|inactive|F.F.H.P.D.I.O. has 30 seconds left.\n|\n|t:|1699710578\n|move|p1a: Ribombee|Tailwind|p1a: Ribombee\n|-sidestart|p1: F.F.H.P.D.I.O.|move: Tailwind\n|move|p2a: Hatterene|Calm Mind|p2a: Hatterene\n|-boost|p2a: Hatterene|spa|1\n|-boost|p2a: Hatterene|spd|1\n|\n|-heal|p2a: Hatterene|93\/100|[from] item: Leftovers\n|upkeep\n|turn|13\n|\n|t:|1699710585\n|move|p1a: Ribombee|Dazzling Gleam|p2a: Hatterene\n|-resisted|p2a: Hatterene\n|-damage|p2a: Hatterene|81\/100\n|move|p2a: Hatterene|Calm Mind|p2a: Hatterene\n|-boost|p2a: Hatterene|spa|1\n|-boost|p2a: Hatterene|spd|1\n|\n|-heal|p2a: Hatterene|87\/100|[from] item: Leftovers\n|upkeep\n|turn|14\n|inactive|F.F.H.P.D.I.O. has 30 seconds left.\n|\n|t:|1699710604\n|move|p1a: Ribombee|Bug Buzz|p2a: Hatterene\n|-resisted|p2a: Hatterene\n|-crit|p2a: Hatterene\n|-damage|p2a: Hatterene|56\/100\n|move|p2a: Hatterene|Calm Mind|p2a: Hatterene\n|-boost|p2a: Hatterene|spa|1\n|-boost|p2a: Hatterene|spd|1\n|\n|-heal|p2a: Hatterene|62\/100|[from] item: Leftovers\n|upkeep\n|turn|15\n|inactive|F.F.H.P.D.I.O. has 30 seconds left.\n|\n|t:|1699710614\n|move|p1a: Ribombee|Bug Buzz|p2a: Hatterene\n|-resisted|p2a: Hatterene\n|-damage|p2a: Hatterene|55\/100\n|move|p2a: Hatterene|Draining Kiss|p1a: Ribombee\n|-enditem|p1a: Ribombee|Focus Sash\n|-damage|p1a: Ribombee|1\/100\n|-heal|p2a: Hatterene|100\/100|[from] drain|[of] p1a: Ribombee\n|\n|-sideend|p1: F.F.H.P.D.I.O.|move: Tailwind\n|upkeep\n|turn|16\n|\n|t:|1699710622\n|move|p1a: Ribombee|Tailwind|p1a: Ribombee\n|-sidestart|p1: F.F.H.P.D.I.O.|move: Tailwind\n|move|p2a: Hatterene|Draining Kiss|p1a: Ribombee\n|-damage|p1a: Ribombee|0 fnt\n|faint|p1a: Ribombee\n|\n|upkeep\n|inactive|F.F.H.P.D.I.O. has 30 seconds left.\n|inactive|F.F.H.P.D.I.O. has 20 seconds left.\n|\n|t:|1699710643\n|switch|p1a: Ampharos|Ampharos, F|100\/100\n|-activate|p1a: Ampharos|move: Sticky Web\n|-unboost|p1a: Ampharos|spe|1\n|turn|17\n|inactive|F.F.H.P.D.I.O. has 30 seconds left this turn.\n|inactive|F.F.H.P.D.I.O. has 20 seconds left.\n|\n|t:|1699710653\n|detailschange|p1a: Ampharos|Ampharos-Mega, F\n|-mega|p1a: Ampharos|Ampharos|Ampharosite\n|-ability|p1a: Ampharos|Mold Breaker\n|move|p1a: Ampharos|Power Gem|p2a: Hatterene\n|-supereffective|p2a: Hatterene\n|-damage|p2a: Hatterene|74\/100\n|move|p2a: Hatterene|Psychic|p1a: Ampharos\n|-damage|p1a: Ampharos|0 fnt\n|faint|p1a: Ampharos\n|\n|-heal|p2a: Hatterene|80\/100|[from] item: Leftovers\n|upkeep\n|inactive|F.F.H.P.D.I.O. has 25 seconds left this turn.\n|inactive|F.F.H.P.D.I.O. has 20 seconds left.\n|inactive|F.F.H.P.D.I.O. has 15 seconds left.\n|inactive|F.F.H.P.D.I.O. has 10 seconds left.\n|\n|t:|1699710671\n|switch|p1a: Slither Wing|Slither Wing|28\/100\n|-activate|p1a: Slither Wing|move: Sticky Web\n|-unboost|p1a: Slither Wing|spe|1\n|turn|18\n|inactive|F.F.H.P.D.I.O. has 20 seconds left this turn.\n|inactive|F.F.H.P.D.I.O. has 15 seconds left.\n|\n|t:|1699710677\n|-terastallize|p1a: Slither Wing|Bug\n|move|p1a: Slither Wing|First Impression|p2a: Hatterene\n|-resisted|p2a: Hatterene\n|-damage|p2a: Hatterene|50\/100\n|move|p2a: Hatterene|Draining Kiss|p1a: Slither Wing\n|-damage|p1a: Slither Wing|0 fnt\n|-heal|p2a: Hatterene|72\/100|[from] drain|[of] p1a: Slither Wing\n|faint|p1a: Slither Wing\n|-end|p1a: Slither Wing|Protosynthesis|[silent]\n|\n|-heal|p2a: Hatterene|78\/100|[from] item: Leftovers\n|upkeep\n|inactive|F.F.H.P.D.I.O. has 20 seconds left this turn.\n|inactive|F.F.H.P.D.I.O. has 15 seconds left.\n|inactive|F.F.H.P.D.I.O. has 10 seconds left.\n|\n|t:|1699710687\n|switch|p1a: Azelf|Azelf|100\/100\n|turn|19\n|inactive|F.F.H.P.D.I.O. has 20 seconds left this turn.\n|inactive|F.F.H.P.D.I.O. has 15 seconds left.\n|inactive|F.F.H.P.D.I.O. has 10 seconds left.\n|\n|t:|1699710703\n|move|p1a: Azelf|Psychic|p2a: Hatterene\n|-crit|p2a: Hatterene\n|-damage|p2a: Hatterene|0 fnt\n|faint|p2a: Hatterene\n|\n|-sideend|p1: F.F.H.P.D.I.O.|move: Tailwind\n|upkeep\n|inactive|F.F.H.P.D.I.O. has 15 seconds left this turn.\n|\n|t:|1699710708\n|switch|p2a: Hydreigon|Hydreigon, M|43\/100\n|turn|20\n|inactive|F.F.H.P.D.I.O. has 25 seconds left this turn.\n|inactive|F.F.H.P.D.I.O. has 20 seconds left.\n|\n|t:|1699710714\n|switch|p1a: Escavalier|Escavalier, F|100\/100\n|-activate|p1a: Escavalier|move: Sticky Web\n|-unboost|p1a: Escavalier|spe|1\n|move|p2a: Hydreigon|Dark Pulse|p1a: Escavalier\n|-damage|p1a: Escavalier|59\/100\n|\n|-heal|p1a: Escavalier|65\/100|[from] item: Leftovers\n|upkeep\n|turn|21\n|inactive|F.F.H.P.D.I.O. has 30 seconds left this turn.\n|inactive|F.F.H.P.D.I.O. has 20 seconds left.\n|\n|t:|1699710725\n|switch|p2a: Gliscor|Gliscor, F|100\/100\n|move|p1a: Escavalier|Close Combat|p2a: Gliscor\n|-resisted|p2a: Gliscor\n|-damage|p2a: Gliscor|86\/100\n|-unboost|p1a: Escavalier|def|1\n|-unboost|p1a: Escavalier|spd|1\n|\n|-heal|p1a: Escavalier|71\/100|[from] item: Leftovers\n|-status|p2a: Gliscor|tox|[from] item: Toxic Orb\n|upkeep\n|turn|22\n|inactive|F.F.H.P.D.I.O. has 30 seconds left this turn.\n|inactive|F.F.H.P.D.I.O. has 20 seconds left.\n|inactive|F.F.H.P.D.I.O. has 15 seconds left.\n|\n|t:|1699710742\n|move|p2a: Gliscor|Earthquake|p1a: Escavalier\n|-damage|p1a: Escavalier|20\/100\n|move|p1a: Escavalier|Iron Head|p2a: Gliscor\n|-damage|p2a: Gliscor|60\/100 tox\n|\n|-heal|p1a: Escavalier|26\/100|[from] item: Leftovers\n|-heal|p2a: Gliscor|72\/100 tox|[from] ability: Poison Heal\n|upkeep\n|turn|23\n|inactive|F.F.H.P.D.I.O. has 25 seconds left this turn.\n|inactive|F.F.H.P.D.I.O. has 20 seconds left.\n|\n|t:|1699710748\n|move|p2a: Gliscor|Earthquake|p1a: Escavalier\n|-damage|p1a: Escavalier|0 fnt\n|faint|p1a: Escavalier\n|\n|-heal|p2a: Gliscor|85\/100 tox|[from] ability: Poison Heal\n|upkeep\n|inactive|F.F.H.P.D.I.O. has 25 seconds left this turn.\n|\n|t:|1699710752\n|switch|p1a: Azelf|Azelf|100\/100\n|turn|24\n|inactive|F.F.H.P.D.I.O. has 30 seconds left.\n|\n|t:|1699710761\n|move|p1a: Azelf|Dazzling Gleam|p2a: Gliscor\n|-damage|p2a: Gliscor|28\/100 tox\n|move|p2a: Gliscor|Toxic|p1a: Azelf\n|-status|p1a: Azelf|tox\n|\n|-damage|p1a: Azelf|94\/100 tox|[from] psn\n|-heal|p2a: Gliscor|41\/100 tox|[from] ability: Poison Heal\n|upkeep\n|turn|25\n|\n|t:|1699710769\n|move|p2a: Gliscor|Protect|p2a: Gliscor\n|-singleturn|p2a: Gliscor|Protect\n|move|p1a: Azelf|Dazzling Gleam|p2a: Gliscor\n|-activate|p2a: Gliscor|move: Protect\n|\n|-damage|p1a: Azelf|82\/100 tox|[from] psn\n|-heal|p2a: Gliscor|53\/100 tox|[from] ability: Poison Heal\n|upkeep\n|turn|26\n|\n|t:|1699710778\n|move|p1a: Azelf|Dazzling Gleam|p2a: Gliscor\n|-damage|p2a: Gliscor|0 fnt\n|faint|p2a: Gliscor\n|\n|-damage|p1a: Azelf|64\/100 tox|[from] psn\n|upkeep\n|\n|t:|1699710782\n|switch|p2a: Hydreigon|Hydreigon, M|43\/100\n|turn|27\n|inactive|F.F.H.P.D.I.O. has 60 seconds left.\n|\n|t:|1699710795\n|move|p2a: Hydreigon|Dark Pulse|p1a: Azelf\n|-supereffective|p1a: Azelf\n|-damage|p1a: Azelf|0 fnt\n|faint|p1a: Azelf\n|\n|win|Mr.Shadowdusk\n|raw|F.F.H.P.D.I.O.'s rating: 1135 &rarr; <strong>1113<\/strong><br \/>(-22 for losing)\n|raw|Mr.Shadowdusk's rating: 1179 &rarr; <strong>1201<\/strong><br \/>(+22 for winning)\n","uploadtime":1699710804,"views":4,"p1id":"ffhpdio","p2id":"mrshadowdusk","formatid":"gen9nationaldex","rating":1113,"private":0,"password":""}