{"id":"gen9nationaldex-1988879656","p1":"mcharixard320","p2":"steals many wives","format":"[Gen 9] National Dex","log":"|j|\u2606mcharixard320\n|j|\u2606steals many wives\n|t:|1699779798\n|gametype|singles\n|player|p1|mcharixard320|pokemaniac|1048\n|player|p2|steals many wives|waitress|1110\n|teamsize|p1|5\n|teamsize|p2|6\n|gen|9\n|tier|[Gen 9] National Dex\n|rated|\n|rule|HP Percentage Mod: HP is shown in percentages\n|rule|Endless Battle Clause: Forcing endless battles is banned\n|rule|OHKO Clause: OHKO moves are banned\n|rule|Evasion Clause: Evasion abilities, items, and moves are banned\n|rule|Evasion Abilities Clause: Evasion abilities are banned\n|rule|Evasion Items Clause: Evasion items are banned\n|rule|Evasion Moves Clause: Evasion moves are banned\n|rule|Species Clause: Limit one of each Pok\u00e9mon\n|rule|Sleep Clause Mod: Limit one foe put to sleep\n|clearpoke\n|poke|p1|Avalugg-Hisui, F|\n|poke|p1|Dusknoir, M|\n|poke|p1|Blaziken, F|\n|poke|p1|Garchomp, F|\n|poke|p1|Bisharp, F|\n|poke|p2|Aggron, M|\n|poke|p2|Ferrothorn, M|\n|poke|p2|Goodra-Hisui, F|\n|poke|p2|Celesteela|\n|poke|p2|Heatran, M|\n|poke|p2|Excadrill, M|\n|teampreview\n|\n|t:|1699779809\n|start\n|switch|p1a: pain.|Garchomp, F|100\/100\n|switch|p2a: Lego|Ferrothorn, M|100\/100\n|turn|1\n|c|\u2606steals many wives|why do you only have 5 pokemon?\n|\n|t:|1699779825\n|move|p1a: pain.|Swords Dance|p1a: pain.\n|-boost|p1a: pain.|atk|2\n|move|p2a: Lego|Stealth Rock|p1a: pain.\n|-sidestart|p1: mcharixard320|move: Stealth Rock\n|\n|upkeep\n|turn|2\n|c|\u2606mcharixard320|i am stealing pokemon\n|c|\u2606mcharixard320|i started from hisui avalugg\n|c|\u2606steals many wives|Ah, like i do wives\n|\n|t:|1699779843\n|move|p1a: pain.|Scale Shot|p2a: Lego\n|-resisted|p2a: Lego\n|-damage|p2a: Lego|93\/100\n|-resisted|p2a: Lego\n|-damage|p2a: Lego|85\/100\n|-resisted|p2a: Lego\n|-damage|p2a: Lego|76\/100\n|-resisted|p2a: Lego\n|-damage|p2a: Lego|68\/100\n|-hitcount|p2a: Lego|4\n|-unboost|p1a: pain.|def|1\n|-boost|p1a: pain.|spe|1\n|move|p2a: Lego|Leech Seed|p1a: pain.\n|-start|p1a: pain.|move: Leech Seed\n|\n|-damage|p1a: pain.|88\/100|[from] Leech Seed|[of] p2a: Lego\n|-heal|p2a: Lego|81\/100|[silent]\n|upkeep\n|turn|3\n|c|\u2606mcharixard320|ayo\n|c|\u2606steals many wives|do you only steal pokemon you beat?\n|\n|t:|1699779862\n|switch|p2a: Team Rocket|Celesteela|100\/100\n|move|p1a: pain.|Earthquake|p2a: Team Rocket\n|-immune|p2a: Team Rocket\n|\n|-damage|p1a: pain.|76\/100|[from] Leech Seed|[of] p2a: Team Rocket\n|upkeep\n|turn|4\n|c|\u2606mcharixard320|nah\n|c|\u2606mcharixard320|i just take what i want lol\n|c|\u2606mcharixard320|like rn\n|c|\u2606steals many wives|...so why do you want Hisui Avalugg?\n|c|\u2606mcharixard320|bad typing\n|c|\u2606mcharixard320|slow\n|c|\u2606steals many wives|Objectively speaking, it sucks\n|\n|t:|1699779901\n|move|p1a: pain.|Iron Head|p2a: Team Rocket\n|-resisted|p2a: Team Rocket\n|-damage|p2a: Team Rocket|79\/100\n|move|p2a: Team Rocket|Iron Head|p1a: pain.\n|-damage|p1a: pain.|34\/100\n|-damage|p2a: Team Rocket|67\/100|[from] ability: Rough Skin|[of] p1a: pain.\n|\n|-heal|p2a: Team Rocket|73\/100|[from] item: Leftovers\n|-damage|p1a: pain.|21\/100|[from] Leech Seed|[of] p2a: Team Rocket\n|-heal|p2a: Team Rocket|84\/100|[silent]\n|upkeep\n|turn|5\n|c|\u2606mcharixard320|easy to lose and choose pok\u00e9mon immediately\n|\n|t:|1699779911\n|move|p2a: Team Rocket|Protect|p2a: Team Rocket\n|-singleturn|p2a: Team Rocket|Protect\n|move|p1a: pain.|Iron Head|p2a: Team Rocket\n|-activate|p2a: Team Rocket|move: Protect\n|\n|-heal|p2a: Team Rocket|91\/100|[from] item: Leftovers\n|-damage|p1a: pain.|9\/100|[from] Leech Seed|[of] p2a: Team Rocket\n|-heal|p2a: Team Rocket|100\/100|[silent]\n|upkeep\n|turn|6\n|\n|t:|1699779923\n|move|p1a: pain.|Scale Shot|p2a: Team Rocket|[miss]\n|-miss|p1a: pain.|p2a: Team Rocket\n|move|p2a: Team Rocket|Fly||[still]\n|-prepare|p2a: Team Rocket|Fly\n|\n|-damage|p1a: pain.|0 fnt|[from] Leech Seed|[of] p2a: Team Rocket\n|faint|p1a: pain.\n|upkeep\n|c|\u2606mcharixard320|we need some action\n|c|\u2606mcharixard320|some swordplay\n|c|\u2606mcharixard320|some\n|c|\u2606mcharixard320|bisharp\n|\n|t:|1699779947\n|switch|p1a: budget gambit|Bisharp, F|100\/100\n|-damage|p1a: budget gambit|95\/100|[from] Stealth Rock\n|turn|7\n|\n|t:|1699779951\n|move|p1a: budget gambit|Swords Dance|p1a: budget gambit\n|-boost|p1a: budget gambit|atk|2\n|move|p2a: Team Rocket|Fly|p1a: budget gambit|[from]lockedmove\n|-resisted|p1a: budget gambit\n|-damage|p1a: budget gambit|75\/100\n|\n|upkeep\n|turn|8\n|\n|t:|1699779957\n|move|p1a: budget gambit|Swords Dance|p1a: budget gambit\n|-boost|p1a: budget gambit|atk|2\n|move|p2a: Team Rocket|Leech Seed|p1a: budget gambit\n|-start|p1a: budget gambit|move: Leech Seed\n|\n|-damage|p1a: budget gambit|63\/100|[from] Leech Seed|[of] p2a: Team Rocket\n|upkeep\n|turn|9\n|\n|t:|1699779968\n|move|p2a: Team Rocket|Protect|p2a: Team Rocket\n|-singleturn|p2a: Team Rocket|Protect\n|move|p1a: budget gambit|Knock Off|p2a: Team Rocket\n|-activate|p2a: Team Rocket|move: Protect\n|\n|-damage|p1a: budget gambit|51\/100|[from] Leech Seed|[of] p2a: Team Rocket\n|upkeep\n|turn|10\n|c|\u2606steals many wives|we need human misery\n|\n|t:|1699779980\n|switch|p2a: Lego|Ferrothorn, M|81\/100\n|-terastallize|p1a: budget gambit|Dark\n|move|p1a: budget gambit|Sucker Punch||[still]\n|-fail|p1a: budget gambit\n|\n|-damage|p1a: budget gambit|39\/100|[from] Leech Seed|[of] p2a: Lego\n|-heal|p2a: Lego|90\/100|[silent]\n|upkeep\n|turn|11\n|\n|t:|1699779990\n|move|p1a: budget gambit|Swords Dance|p1a: budget gambit\n|-boost|p1a: budget gambit|atk|2\n|move|p2a: Lego|Gyro Ball|p1a: budget gambit\n|-damage|p1a: budget gambit|0 fnt\n|faint|p1a: budget gambit\n|\n|upkeep\n|\n|t:|1699779996\n|switch|p1a: KFC|Blaziken, F|100\/100\n|turn|12\n|\n|t:|1699779999\n|move|p1a: KFC|Protect|p1a: KFC\n|-singleturn|p1a: KFC|Protect\n|move|p2a: Lego|Leech Seed|p1a: KFC\n|-activate|p1a: KFC|move: Protect\n|\n|-ability|p1a: KFC|Speed Boost|boost\n|-boost|p1a: KFC|spe|1\n|upkeep\n|turn|13\n|\n|t:|1699780006\n|move|p1a: KFC|Swords Dance|p1a: KFC\n|-boost|p1a: KFC|atk|2\n|move|p2a: Lego|Leech Seed|p1a: KFC\n|-start|p1a: KFC|move: Leech Seed\n|\n|-damage|p1a: KFC|88\/100|[from] Leech Seed|[of] p2a: Lego\n|-heal|p2a: Lego|100\/100|[silent]\n|-ability|p1a: KFC|Speed Boost|boost\n|-boost|p1a: KFC|spe|1\n|upkeep\n|turn|14\n|\n|t:|1699780015\n|move|p1a: KFC|Close Combat|p2a: Lego\n|-supereffective|p2a: Lego\n|-damage|p2a: Lego|0 fnt\n|-unboost|p1a: KFC|def|1\n|-unboost|p1a: KFC|spd|1\n|-damage|p1a: KFC|76\/100|[from] ability: Iron Barbs|[of] p2a: Lego\n|-damage|p1a: KFC|59\/100|[from] item: Rocky Helmet|[of] p2a: Lego\n|faint|p2a: Lego\n|\n|-ability|p1a: KFC|Speed Boost|boost\n|-boost|p1a: KFC|spe|1\n|upkeep\n|\n|t:|1699780029\n|switch|p2a: Drilliam Wallace|Excadrill, M|100\/100\n|-ability|p2a: Drilliam Wallace|Mold Breaker\n|turn|15\n|c|\u2606mcharixard320|i love iron barbs rocky helmet as much as i like rough skin rocky helmet\n|\n|t:|1699780050\n|move|p1a: KFC|Close Combat|p2a: Drilliam Wallace\n|-supereffective|p2a: Drilliam Wallace\n|-enditem|p2a: Drilliam Wallace|Focus Sash\n|-damage|p2a: Drilliam Wallace|1\/100\n|-unboost|p1a: KFC|def|1\n|-unboost|p1a: KFC|spd|1\n|move|p2a: Drilliam Wallace|Earthquake|p1a: KFC\n|-supereffective|p1a: KFC\n|-damage|p1a: KFC|0 fnt\n|faint|p1a: KFC\n|\n|upkeep\n|\n|t:|1699780055\n|switch|p1a: ufo|Dusknoir, M|100\/100\n|-damage|p1a: ufo|88\/100|[from] Stealth Rock\n|-ability|p1a: ufo|Pressure\n|turn|16\n|c|\u2606steals many wives|yeah, but ferrothorn has actual defence stats\n|c|\u2606mcharixard320|yes\n|c|\u2606steals many wives|you should see what my Goodra has\n|\n|t:|1699780081\n|move|p1a: ufo|Shadow Sneak|p2a: Drilliam Wallace\n|-damage|p2a: Drilliam Wallace|0 fnt\n|faint|p2a: Drilliam Wallace\n|\n|-heal|p1a: ufo|94\/100|[from] item: Leftovers\n|upkeep\n|c|\u2606mcharixard320|oh no\n|\n|t:|1699780087\n|switch|p2a: Slime Shady|Goodra-Hisui, F|100\/100\n|turn|17\n|\n|t:|1699780092\n|move|p2a: Slime Shady|Substitute|p2a: Slime Shady\n|-start|p2a: Slime Shady|Substitute\n|-damage|p2a: Slime Shady|75\/100\n|move|p1a: ufo|Poltergeist|p2a: Slime Shady\n|-activate|p2a: Slime Shady|move: Poltergeist|Rocky Helmet\n|-end|p2a: Slime Shady|Substitute\n|\n|-heal|p1a: ufo|100\/100|[from] item: Leftovers\n|upkeep\n|turn|18\n|\n|t:|1699780102\n|move|p2a: Slime Shady|Dragon Pulse|p1a: ufo\n|-damage|p1a: ufo|74\/100\n|move|p1a: ufo|Poltergeist|p2a: Slime Shady\n|-activate|p2a: Slime Shady|move: Poltergeist|Rocky Helmet\n|-damage|p2a: Slime Shady|43\/100\n|\n|-heal|p1a: ufo|80\/100|[from] item: Leftovers\n|upkeep\n|turn|19\n|c|\u2606mcharixard320|do you know what's the meaning of insanity...?\n|\n|t:|1699780117\n|move|p2a: Slime Shady|Dragon Pulse|p1a: ufo\n|-damage|p1a: ufo|55\/100\n|move|p1a: ufo|Poltergeist|p2a: Slime Shady\n|-activate|p2a: Slime Shady|move: Poltergeist|Rocky Helmet\n|-damage|p2a: Slime Shady|10\/100\n|\n|-heal|p1a: ufo|61\/100|[from] item: Leftovers\n|upkeep\n|turn|20\n|c|\u2606mcharixard320|insanity is\n|c|\u2606mcharixard320|full regenerator teams\n|c|\u2606steals many wives|Enjoying the movie \"White chicks\"\n|c|\u2606steals many wives|oh that\n|\n|t:|1699780140\n|move|p1a: ufo|Shadow Sneak|p2a: Slime Shady\n|-damage|p2a: Slime Shady|0 fnt\n|-damage|p1a: ufo|44\/100|[from] item: Rocky Helmet|[of] p2a: Slime Shady\n|-ability|p2a: Slime Shady|Gooey\n|-unboost|p1a: ufo|spe|1\n|faint|p2a: Slime Shady\n|\n|-heal|p1a: ufo|50\/100|[from] item: Leftovers\n|upkeep\n|\n|t:|1699780153\n|switch|p2a: Slag Heap|Heatran, M|100\/100\n|turn|21\n|c|\u2606mcharixard320|the speed drop was absolutely important\n|c|\u2606steals many wives|yes\n|\n|t:|1699780162\n|move|p2a: Slag Heap|Eruption|p1a: ufo\n|-damage|p1a: ufo|0 fnt\n|faint|p1a: ufo\n|\n|upkeep\n|\n|t:|1699780168\n|switch|p1a: ice table|Avalugg-Hisui, F|100\/100\n|turn|22\n|c|\u2606mcharixard320|RUH ROH RAGGY AVALUGG PRESS\n|\n|t:|1699780180\n|move|p2a: Slag Heap|Eruption|p1a: ice table\n|-ability|p1a: ice table|Sturdy\n|-damage|p1a: ice table|1\/100\n|move|p1a: ice table|Body Press|p2a: Slag Heap\n|-supereffective|p2a: Slag Heap\n|-damage|p2a: Slag Heap|21\/100\n|\n|upkeep\n|turn|23\n|c|\u2606steals many wives|goodbye. pokemon with 7 weaknesses\n|c|\u2606mcharixard320|ye\n|c|\u2606mcharixard320|rematbh?\n|c|\u2606mcharixard320|side note: i do have a full regenerator team\n|c|\u2606steals many wives|and literally the worst defensive typing\n|\n|t:|1699780209\n|move|p2a: Slag Heap|Eruption|p1a: ice table\n|-damage|p1a: ice table|0 fnt\n|faint|p1a: ice table\n|\n|win|steals many wives\n|raw|mcharixard320's rating: 1048 &rarr; <strong>1034<\/strong><br \/>(-14 for losing)\n|raw|steals many wives's rating: 1110 &rarr; <strong>1131<\/strong><br \/>(+21 for winning)\n|c|\u2606mcharixard320|yes\n|l|\u2606mcharixard320\n","uploadtime":1699780227,"views":4,"p1id":"mcharixard320","p2id":"stealsmanywives","formatid":"gen9nationaldex","rating":1034,"private":0,"password":""}