{"id":"gen9nationaldex-1999624177","p1":"abigolname","p2":"HackingIsBad122","format":"[Gen 9] National Dex","log":"|html|<div class=\"broadcast-blue\"><strong>[Gen 9] National Dex is currently suspecting Sneasler! For information on how to participate check out the <a href=\"https:\/\/www.smogon.com\/forums\/threads\/sv-national-dex-suspect-8-just-dance.3731534\/\">suspect thread<\/a>.<\/strong><\/div>\n|j|\u2606abigolname\n|j|\u2606HackingIsBad122\n|t:|1701102225\n|gametype|singles\n|player|p1|abigolname|ingo|1354\n|player|p2|HackingIsBad122|aetherfoundation|1378\n|teamsize|p1|6\n|teamsize|p2|6\n|gen|9\n|tier|[Gen 9] National Dex\n|rated|\n|rule|HP Percentage Mod: HP is shown in percentages\n|rule|Endless Battle Clause: Forcing endless battles is banned\n|rule|OHKO Clause: OHKO moves are banned\n|rule|Evasion Clause: Evasion abilities, items, and moves are banned\n|rule|Evasion Abilities Clause: Evasion abilities are banned\n|rule|Evasion Items Clause: Evasion items are banned\n|rule|Evasion Moves Clause: Evasion moves are banned\n|rule|Species Clause: Limit one of each Pok\u00e9mon\n|rule|Sleep Clause Mod: Limit one foe put to sleep\n|clearpoke\n|poke|p1|Latios, M|\n|poke|p1|Gardevoir, M|\n|poke|p1|Gliscor, F|\n|poke|p1|Banette, M|\n|poke|p1|Alomomola, F|\n|poke|p1|Volcarona, M|\n|poke|p2|Moltres|\n|poke|p2|Clodsire, M|\n|poke|p2|Scizor, M|\n|poke|p2|Zoroark-Hisui, M|\n|poke|p2|Samurott-Hisui, F|\n|poke|p2|Comfey, F|\n|teampreview\n|inactive|Battle timer is ON: inactive players will automatically lose when time's up. (requested by abigolname)\n|\n|t:|1701102254\n|start\n|switch|p1a: Banette|Banette, M|100\/100\n|switch|p2a: Smash|Samurott-Hisui, F|100\/100\n|turn|1\n|\n|t:|1701102265\n|switch|p1a: Alomomola|Alomomola, F|100\/100\n|move|p2a: Smash|Ceaseless Edge|p1a: Alomomola\n|-damage|p1a: Alomomola|76\/100\n|-sidestart|p1: abigolname|Spikes\n|-enditem|p1a: Alomomola|Red Card|[of] p2a: Smash\n|drag|p2a: Comfey|Comfey, F, shiny|100\/100\n|\n|upkeep\n|turn|2\n|\n|t:|1701102284\n|switch|p2a: Perfection|Clodsire, M|100\/100\n|move|p1a: Alomomola|Toxic|p2a: Perfection\n|-immune|p2a: Perfection\n|\n|upkeep\n|turn|3\n|\n|t:|1701102291\n|move|p1a: Alomomola|Flip Turn|p2a: Perfection\n|-immune|p2a: Perfection|[from] ability: Water Absorb\n|move|p2a: Perfection|Stealth Rock|p1a: Alomomola\n|-sidestart|p1: abigolname|move: Stealth Rock\n|\n|upkeep\n|turn|4\n|\n|t:|1701102301\n|switch|p1a: Gliscor|Gliscor, F|100\/100\n|-damage|p1a: Gliscor|88\/100|[from] Stealth Rock\n|move|p2a: Perfection|Gunk Shot|p1a: Gliscor\n|-resisted|p1a: Gliscor\n|-damage|p1a: Gliscor|74\/100\n|\n|-status|p1a: Gliscor|tox|[from] item: Toxic Orb\n|upkeep\n|turn|5\n|\n|t:|1701102330\n|switch|p2a: Smash|Samurott-Hisui, F|100\/100\n|move|p1a: Gliscor|Agility|p1a: Gliscor\n|-boost|p1a: Gliscor|spe|2\n|\n|-heal|p1a: Gliscor|87\/100 tox|[from] ability: Poison Heal\n|upkeep\n|turn|6\n|\n|t:|1701102342\n|-terastallize|p1a: Gliscor|Normal\n|move|p1a: Gliscor|Swords Dance|p1a: Gliscor\n|-boost|p1a: Gliscor|atk|2\n|move|p2a: Smash|Aqua Cutter|p1a: Gliscor\n|-crit|p1a: Gliscor\n|-damage|p1a: Gliscor|33\/100 tox\n|\n|-heal|p1a: Gliscor|45\/100 tox|[from] ability: Poison Heal\n|upkeep\n|turn|7\n|\n|t:|1701102350\n|-terastallize|p2a: Smash|Water\n|move|p1a: Gliscor|Facade|p2a: Smash\n|-damage|p2a: Smash|0 fnt\n|faint|p2a: Smash\n|\n|-heal|p1a: Gliscor|57\/100 tox|[from] ability: Poison Heal\n|upkeep\n|\n|t:|1701102355\n|switch|p2a: Scizor Hands|Scizor, M, shiny|100\/100\n|turn|8\n|\n|t:|1701102363\n|move|p1a: Gliscor|Earthquake|p2a: Scizor Hands\n|-damage|p2a: Scizor Hands|0 fnt\n|replace|p2a: :3|Zoroark-Hisui, M, shiny\n|-end|p2a: :3|Illusion\n|faint|p2a: :3\n|\n|-heal|p1a: Gliscor|70\/100 tox|[from] ability: Poison Heal\n|upkeep\n|\n|t:|1701102366\n|switch|p2a: Birb|Moltres|100\/100\n|turn|9\n|\n|t:|1701102369\n|move|p1a: Gliscor|Facade|p2a: Birb\n|-damage|p2a: Birb|35\/100\n|move|p2a: Birb|Fire Blast|p1a: Gliscor\n|-damage|p1a: Gliscor|8\/100 tox\n|\n|-heal|p1a: Gliscor|21\/100 tox|[from] ability: Poison Heal\n|upkeep\n|turn|10\n|\n|t:|1701102376\n|move|p1a: Gliscor|Facade|p2a: Birb\n|-crit|p2a: Birb\n|-damage|p2a: Birb|0 fnt\n|faint|p2a: Birb\n|\n|-heal|p1a: Gliscor|33\/100 tox|[from] ability: Poison Heal\n|upkeep\n|\n|t:|1701102379\n|switch|p2a: Comfey|Comfey, F, shiny|100\/100\n|turn|11\n|\n|t:|1701102383\n|move|p2a: Comfey|Draining Kiss|p1a: Gliscor\n|-damage|p1a: Gliscor|14\/100 tox\n|move|p1a: Gliscor|Facade|p2a: Comfey\n|-damage|p2a: Comfey|0 fnt\n|faint|p2a: Comfey\n|\n|-heal|p1a: Gliscor|27\/100 tox|[from] ability: Poison Heal\n|upkeep\n|\n|t:|1701102388\n|switch|p2a: Scizor Hands|Scizor, M, shiny|100\/100\n|turn|12\n|\n|t:|1701102391\n|detailschange|p2a: Scizor Hands|Scizor-Mega, M, shiny\n|-mega|p2a: Scizor Hands|Scizor|Scizorite\n|move|p2a: Scizor Hands|Bullet Punch|p1a: Gliscor\n|-damage|p1a: Gliscor|4\/100 tox\n|move|p1a: Gliscor|Earthquake|p2a: Scizor Hands\n|-damage|p2a: Scizor Hands|64\/100\n|\n|-heal|p1a: Gliscor|17\/100 tox|[from] ability: Poison Heal\n|upkeep\n|turn|13\n|\n|t:|1701102407\n|switch|p1a: Alomomola|Alomomola, F|100\/100\n|-damage|p1a: Alomomola|88\/100|[from] Spikes\n|-damage|p1a: Alomomola|76\/100|[from] Stealth Rock\n|move|p2a: Scizor Hands|Bullet Punch|p1a: Alomomola\n|-resisted|p1a: Alomomola\n|-damage|p1a: Alomomola|68\/100\n|\n|upkeep\n|turn|14\n|\n|t:|1701102415\n|move|p2a: Scizor Hands|Swords Dance|p2a: Scizor Hands\n|-boost|p2a: Scizor Hands|atk|2\n|move|p1a: Alomomola|Wish|p1a: Alomomola\n|\n|upkeep\n|turn|15\n|\n|t:|1701102418\n|move|p2a: Scizor Hands|Swords Dance|p2a: Scizor Hands\n|-boost|p2a: Scizor Hands|atk|2\n|move|p1a: Alomomola|Scald|p2a: Scizor Hands\n|-damage|p2a: Scizor Hands|50\/100\n|\n|-heal|p1a: Alomomola|100\/100|[from] move: Wish|[wisher] Alomomola\n|upkeep\n|turn|16\n|\n|t:|1701102420\n|move|p2a: Scizor Hands|Roost|p2a: Scizor Hands\n|-heal|p2a: Scizor Hands|100\/100\n|-singleturn|p2a: Scizor Hands|move: Roost\n|move|p1a: Alomomola|Scald|p2a: Scizor Hands\n|-damage|p2a: Scizor Hands|88\/100\n|\n|upkeep\n|turn|17\n|\n|t:|1701102423\n|move|p2a: Scizor Hands|Bug Bite|p1a: Alomomola\n|-damage|p1a: Alomomola|35\/100\n|move|p1a: Alomomola|Scald|p2a: Scizor Hands\n|-damage|p2a: Scizor Hands|75\/100\n|-status|p2a: Scizor Hands|brn\n|\n|-damage|p2a: Scizor Hands|69\/100 brn|[from] brn\n|upkeep\n|turn|18\n|\n|t:|1701102430\n|move|p2a: Scizor Hands|Swords Dance|p2a: Scizor Hands\n|-boost|p2a: Scizor Hands|atk|2\n|move|p1a: Alomomola|Wish|p1a: Alomomola\n|\n|-damage|p2a: Scizor Hands|63\/100 brn|[from] brn\n|upkeep\n|turn|19\n|\n|t:|1701102444\n|switch|p1a: Volcarona|Volcarona, M|100\/100\n|move|p2a: Scizor Hands|Bug Bite|p1a: Volcarona\n|-resisted|p1a: Volcarona\n|-damage|p1a: Volcarona|36\/100\n|\n|-heal|p1a: Volcarona|100\/100|[from] move: Wish|[wisher] Alomomola\n|-damage|p2a: Scizor Hands|57\/100 brn|[from] brn\n|upkeep\n|turn|20\n|\n|t:|1701102455\n|move|p1a: Volcarona|Fiery Dance|p2a: Scizor Hands\n|-supereffective|p2a: Scizor Hands\n|-damage|p2a: Scizor Hands|0 fnt\n|faint|p2a: Scizor Hands\n|\n|upkeep\n|\n|t:|1701102457\n|switch|p2a: Perfection|Clodsire, M|100\/100\n|turn|21\n|\n|t:|1701102461\n|move|p1a: Volcarona|Defog|p2a: Perfection\n|-unboost|p2a: Perfection|evasion|1\n|-sideend|p1: abigolname|Spikes|[from] move: Defog|[of] p1a: Volcarona\n|-sideend|p1: abigolname|Stealth Rock|[from] move: Defog|[of] p1a: Volcarona\n|move|p2a: Perfection|Gunk Shot|p1a: Volcarona\n|-damage|p1a: Volcarona|49\/100\n|\n|upkeep\n|turn|22\n|\n|t:|1701102474\n|move|p1a: Volcarona|Fiery Dance|p2a: Perfection\n|-damage|p2a: Perfection|75\/100\n|-boost|p1a: Volcarona|spa|1\n|move|p2a: Perfection|Gunk Shot|p1a: Volcarona\n|-damage|p1a: Volcarona|0 fnt\n|faint|p1a: Volcarona\n|\n|-heal|p2a: Perfection|81\/100|[from] item: Leftovers\n|upkeep\n|\n|t:|1701102477\n|switch|p1a: Banette|Banette, M|100\/100\n|turn|23\n|\n|t:|1701102482\n|detailschange|p1a: Banette|Banette-Mega, M\n|-mega|p1a: Banette|Banette|Banettite\n|move|p1a: Banette|Taunt|p2a: Perfection\n|-start|p2a: Perfection|move: Taunt\n|move|p2a: Perfection|Gunk Shot|p1a: Banette\n|-resisted|p1a: Banette\n|-damage|p1a: Banette|78\/100\n|-status|p1a: Banette|psn\n|\n|-heal|p2a: Perfection|87\/100|[from] item: Leftovers\n|-damage|p1a: Banette|66\/100 psn|[from] psn\n|upkeep\n|turn|24\n|\n|t:|1701102488\n|move|p1a: Banette|Poltergeist|p2a: Perfection\n|-activate|p2a: Perfection|move: Poltergeist|Leftovers\n|-damage|p2a: Perfection|3\/100\n|move|p2a: Perfection|Earthquake|p1a: Banette\n|-damage|p1a: Banette|28\/100 psn\n|\n|-heal|p2a: Perfection|9\/100|[from] item: Leftovers\n|-damage|p1a: Banette|16\/100 psn|[from] psn\n|upkeep\n|turn|25\n|\n|t:|1701102495\n|move|p1a: Banette|Destiny Bond|p1a: Banette\n|-singlemove|p1a: Banette|Destiny Bond\n|move|p2a: Perfection|Earthquake|p1a: Banette\n|-damage|p1a: Banette|0 fnt\n|faint|p1a: Banette\n|-activate|p1a: Banette|move: Destiny Bond\n|faint|p2a: Perfection\n|\n|win|abigolname\n|raw|abigolname's rating: 1354 &rarr; <strong>1375<\/strong><br \/>(+21 for winning)\n|raw|HackingIsBad122's rating: 1378 &rarr; <strong>1357<\/strong><br \/>(-21 for losing)\n|l|\u2606HackingIsBad122\n","uploadtime":1701102505,"views":1,"p1id":"abigolname","p2id":"hackingisbad122","formatid":"gen9nationaldex","rating":1357,"private":0,"password":""}