{"id":"gen9nationaldex-1999054097","p1":"xiaokeen","p2":"Wordedmantis","format":"[Gen 9] National Dex","log":"|html|<div class=\"broadcast-blue\"><strong>[Gen 9] National Dex is currently suspecting Sneasler! For information on how to participate check out the <a href=\"https:\/\/www.smogon.com\/forums\/threads\/sv-national-dex-suspect-8-just-dance.3731534\/\">suspect thread<\/a>.<\/strong><\/div>\n|j|\u2606xiaokeen\n|j|\u2606Wordedmantis\n|t:|1701028219\n|gametype|singles\n|player|p1|xiaokeen|artist|1202\n|player|p2|Wordedmantis|266|1288\n|teamsize|p1|6\n|teamsize|p2|6\n|gen|9\n|tier|[Gen 9] National Dex\n|rated|\n|rule|HP Percentage Mod: HP is shown in percentages\n|rule|Endless Battle Clause: Forcing endless battles is banned\n|rule|OHKO Clause: OHKO moves are banned\n|rule|Evasion Clause: Evasion abilities, items, and moves are banned\n|rule|Evasion Abilities Clause: Evasion abilities are banned\n|rule|Evasion Items Clause: Evasion items are banned\n|rule|Evasion Moves Clause: Evasion moves are banned\n|rule|Species Clause: Limit one of each Pok\u00e9mon\n|rule|Sleep Clause Mod: Limit one foe put to sleep\n|clearpoke\n|poke|p1|Honchkrow, F|\n|poke|p1|Tyranitar, M|\n|poke|p1|Meowscarada, F|\n|poke|p1|Ceruledge, F|\n|poke|p1|Chansey, F|\n|poke|p1|Thundurus-Therian, M|\n|poke|p2|Ambipom, F|\n|poke|p2|Espeon, F|\n|poke|p2|Ferrothorn, M|\n|poke|p2|Glimmora, M|\n|poke|p2|Tapu Fini|\n|poke|p2|Pinsir, M|\n|teampreview\n|inactive|Battle timer is ON: inactive players will automatically lose when time's up. (requested by Wordedmantis)\n|\n|t:|1701028241\n|start\n|switch|p1a: Thundurus|Thundurus-Therian, M|100\/100\n|switch|p2a: Ambipom|Ambipom, F|100\/100\n|turn|1\n|\n|t:|1701028252\n|switch|p1a: Chansey|Chansey, F|100\/100\n|move|p2a: Ambipom|Fake Out|p1a: Chansey\n|-damage|p1a: Chansey|79\/100\n|\n|upkeep\n|turn|2\n|\n|t:|1701028260\n|move|p2a: Ambipom|Last Resort|p1a: Chansey\n|-damage|p1a: Chansey|31\/100\n|move|p1a: Chansey|Soft-Boiled|p1a: Chansey\n|-heal|p1a: Chansey|81\/100\n|\n|upkeep\n|turn|3\n|\n|t:|1701028271\n|switch|p1a: Tyranitar|Tyranitar, M|100\/100\n|-weather|Sandstorm|[from] ability: Sand Stream|[of] p1a: Tyranitar\n|move|p2a: Ambipom|Last Resort|p1a: Tyranitar\n|-resisted|p1a: Tyranitar\n|-damage|p1a: Tyranitar|69\/100\n|\n|-weather|Sandstorm|[upkeep]\n|-damage|p2a: Ambipom|94\/100|[from] Sandstorm\n|upkeep\n|turn|4\n|\n|t:|1701028280\n|detailschange|p1a: Tyranitar|Tyranitar-Mega, M\n|-mega|p1a: Tyranitar|Tyranitar|Tyranitarite\n|-terastallize|p2a: Ambipom|Normal\n|move|p2a: Ambipom|Last Resort|p1a: Tyranitar\n|-resisted|p1a: Tyranitar\n|-damage|p1a: Tyranitar|31\/100\n|move|p1a: Tyranitar|Dragon Dance|p1a: Tyranitar\n|-boost|p1a: Tyranitar|atk|1\n|-boost|p1a: Tyranitar|spe|1\n|\n|-weather|Sandstorm|[upkeep]\n|-damage|p2a: Ambipom|88\/100|[from] Sandstorm\n|upkeep\n|turn|5\n|\n|t:|1701028292\n|move|p1a: Tyranitar|Earthquake|p2a: Ambipom\n|-damage|p2a: Ambipom|0 fnt\n|faint|p2a: Ambipom\n|\n|-weather|Sandstorm|[upkeep]\n|upkeep\n|\n|t:|1701028303\n|switch|p2a: Tapu Fini|Tapu Fini|100\/100\n|-fieldstart|move: Misty Terrain|[from] ability: Misty Surge|[of] p2a: Tapu Fini\n|turn|6\n|\n|t:|1701028310\n|move|p1a: Tyranitar|Stone Edge|p2a: Tapu Fini|[miss]\n|-miss|p1a: Tyranitar|p2a: Tapu Fini\n|move|p2a: Tapu Fini|Draining Kiss|p1a: Tyranitar\n|-supereffective|p1a: Tyranitar\n|-damage|p1a: Tyranitar|5\/100\n|\n|-weather|Sandstorm|[upkeep]\n|-damage|p2a: Tapu Fini|94\/100|[from] Sandstorm\n|-heal|p2a: Tapu Fini|100\/100|[from] item: Leftovers\n|upkeep\n|turn|7\n|\n|t:|1701028318\n|move|p1a: Tyranitar|Stone Edge|p2a: Tapu Fini\n|-damage|p2a: Tapu Fini|0 fnt\n|faint|p2a: Tapu Fini\n|\n|-weather|none\n|upkeep\n|\n|t:|1701028323\n|switch|p2a: Espeon|Espeon, F|100\/100\n|turn|8\n|\n|t:|1701028327\n|move|p2a: Espeon|Dazzling Gleam|p1a: Tyranitar\n|-supereffective|p1a: Tyranitar\n|-damage|p1a: Tyranitar|0 fnt\n|faint|p1a: Tyranitar\n|\n|upkeep\n|\n|t:|1701028335\n|switch|p1a: Chansey|Chansey, F|81\/100\n|turn|9\n|\n|t:|1701028339\n|switch|p2a: Glimmora|Glimmora, M|100\/100\n|move|p1a: Chansey|Soft-Boiled|p1a: Chansey\n|-heal|p1a: Chansey|100\/100\n|\n|upkeep\n|turn|10\n|\n|t:|1701028354\n|switch|p1a: Meowscarada|Meowscarada, F|100\/100\n|move|p2a: Glimmora|Mortal Spin|p1a: Meowscarada\n|-supereffective|p1a: Meowscarada\n|-damage|p1a: Meowscarada|78\/100\n|\n|-fieldend|Misty Terrain\n|upkeep\n|turn|11\n|\n|t:|1701028364\n|move|p1a: Meowscarada|Flower Trick|p2a: Glimmora\n|-start|p1a: Meowscarada|typechange|Grass|[from] ability: Protean\n|-crit|p2a: Glimmora\n|-damage|p2a: Glimmora|37\/100\n|-activate|p2a: Glimmora|ability: Toxic Debris\n|-sidestart|p1: xiaokeen|move: Toxic Spikes\n|move|p2a: Glimmora|Sludge Wave|p1a: Meowscarada\n|-supereffective|p1a: Meowscarada\n|-damage|p1a: Meowscarada|0 fnt\n|faint|p1a: Meowscarada\n|\n|upkeep\n|\n|t:|1701028375\n|switch|p1a: Thundurus|Thundurus-Therian, M|100\/100\n|turn|12\n|\n|t:|1701028382\n|move|p1a: Thundurus|Thunderbolt|p2a: Glimmora\n|-damage|p2a: Glimmora|0 fnt\n|faint|p2a: Glimmora\n|\n|upkeep\n|\n|t:|1701028393\n|switch|p2a: Espeon|Espeon, F|100\/100\n|turn|13\n|\n|t:|1701028396\n|move|p2a: Espeon|Trick|p1a: Thundurus\n|-activate|p2a: Espeon|move: Trick|[of] p1a: Thundurus\n|-item|p1a: Thundurus|Choice Scarf|[from] move: Trick\n|-item|p2a: Espeon|Heavy-Duty Boots|[from] move: Trick\n|move|p1a: Thundurus|Nasty Plot|p1a: Thundurus\n|-boost|p1a: Thundurus|spa|2\n|\n|upkeep\n|turn|14\n|\n|t:|1701028407\n|switch|p1a: Chansey|Chansey, F|100\/100\n|-status|p1a: Chansey|psn\n|move|p2a: Espeon|Psychic|p1a: Chansey\n|-damage|p1a: Chansey|87\/100 psn\n|-unboost|p1a: Chansey|spd|1\n|\n|-damage|p1a: Chansey|74\/100 psn|[from] psn\n|upkeep\n|turn|15\n|\n|t:|1701028418\n|move|p2a: Espeon|Psychic|p1a: Chansey\n|-damage|p1a: Chansey|51\/100 psn\n|move|p1a: Chansey|Toxic||[still]\n|-status|p2a: Espeon|tox\n|-activate|p2a: Espeon|ability: Synchronize\n|-fail|p2a: Espeon\n|\n|-damage|p2a: Espeon|95\/100 tox|[from] psn\n|-damage|p1a: Chansey|38\/100 psn|[from] psn\n|upkeep\n|turn|16\n|\n|t:|1701028432\n|-terastallize|p1a: Chansey|Steel\n|move|p2a: Espeon|Psychic|p1a: Chansey\n|-resisted|p1a: Chansey\n|-damage|p1a: Chansey|28\/100 psn\n|move|p1a: Chansey|Soft-Boiled|p1a: Chansey\n|-heal|p1a: Chansey|78\/100 psn\n|\n|-damage|p2a: Espeon|83\/100 tox|[from] psn\n|-damage|p1a: Chansey|65\/100 psn|[from] psn\n|upkeep\n|turn|17\n|\n|t:|1701028445\n|move|p2a: Espeon|Shadow Ball|p1a: Chansey\n|-damage|p1a: Chansey|53\/100 psn\n|move|p1a: Chansey|Aromatherapy|p1a: Chansey\n|-activate|p1a: Chansey|move: Aromatherapy\n|-curestatus|p1a: Chansey|psn|[msg]\n|\n|-damage|p2a: Espeon|65\/100 tox|[from] psn\n|upkeep\n|turn|18\n|\n|t:|1701028453\n|switch|p2a: Ferrothorn|Ferrothorn, M|100\/100\n|move|p1a: Chansey|Soft-Boiled|p1a: Chansey\n|-heal|p1a: Chansey|100\/100\n|\n|upkeep\n|turn|19\n|\n|t:|1701028466\n|switch|p1a: Honchkrow|Honchkrow, F|100\/100\n|move|p2a: Ferrothorn|Leech Seed|p1a: Honchkrow\n|-start|p1a: Honchkrow|move: Leech Seed\n|\n|-damage|p1a: Honchkrow|88\/100|[from] Leech Seed|[of] p2a: Ferrothorn\n|upkeep\n|turn|20\n|\n|t:|1701028472\n|move|p1a: Honchkrow|Thunder Wave|p2a: Ferrothorn\n|-status|p2a: Ferrothorn|par\n|move|p2a: Ferrothorn|Iron Defense|p2a: Ferrothorn\n|-boost|p2a: Ferrothorn|def|2\n|\n|-damage|p1a: Honchkrow|76\/100|[from] Leech Seed|[of] p2a: Ferrothorn\n|upkeep\n|turn|21\n|\n|t:|1701028480\n|switch|p1a: Thundurus|Thundurus-Therian, M|100\/100\n|move|p2a: Ferrothorn|Stealth Rock|p1a: Thundurus\n|-sidestart|p1: xiaokeen|move: Stealth Rock\n|\n|upkeep\n|turn|22\n|\n|t:|1701028494\n|move|p1a: Thundurus|Focus Blast|p2a: Ferrothorn\n|-supereffective|p2a: Ferrothorn\n|-damage|p2a: Ferrothorn|48\/100 par\n|move|p2a: Ferrothorn|Leech Seed|p1a: Thundurus\n|-start|p1a: Thundurus|move: Leech Seed\n|\n|-damage|p1a: Thundurus|88\/100|[from] Leech Seed|[of] p2a: Ferrothorn\n|-heal|p2a: Ferrothorn|58\/100 par|[silent]\n|upkeep\n|turn|23\n|\n|t:|1701028504\n|move|p1a: Thundurus|Focus Blast|p2a: Ferrothorn|[miss]\n|-miss|p1a: Thundurus|p2a: Ferrothorn\n|move|p2a: Ferrothorn|Heavy Slam|p1a: Thundurus\n|-resisted|p1a: Thundurus\n|-crit|p1a: Thundurus\n|-damage|p1a: Thundurus|73\/100\n|\n|-damage|p1a: Thundurus|60\/100|[from] Leech Seed|[of] p2a: Ferrothorn\n|-heal|p2a: Ferrothorn|69\/100 par|[silent]\n|upkeep\n|turn|24\n|\n|t:|1701028512\n|move|p1a: Thundurus|Focus Blast|p2a: Ferrothorn\n|-supereffective|p2a: Ferrothorn\n|-damage|p2a: Ferrothorn|10\/100 par\n|move|p2a: Ferrothorn|Heavy Slam|p1a: Thundurus\n|-resisted|p1a: Thundurus\n|-damage|p1a: Thundurus|50\/100\n|\n|-damage|p1a: Thundurus|38\/100|[from] Leech Seed|[of] p2a: Ferrothorn\n|-heal|p2a: Ferrothorn|21\/100 par|[silent]\n|upkeep\n|turn|25\n|\n|t:|1701028522\n|move|p1a: Thundurus|Focus Blast|p2a: Ferrothorn\n|-supereffective|p2a: Ferrothorn\n|-damage|p2a: Ferrothorn|0 fnt\n|faint|p2a: Ferrothorn\n|\n|upkeep\n|\n|t:|1701028530\n|switch|p2a: Pinsir|Pinsir, M|100\/100\n|turn|26\n|\n|t:|1701028535\n|move|p1a: Thundurus|Focus Blast|p2a: Pinsir\n|-resisted|p2a: Pinsir\n|-damage|p2a: Pinsir|62\/100\n|move|p2a: Pinsir|Return|p1a: Thundurus\n|-damage|p1a: Thundurus|0 fnt\n|faint|p1a: Thundurus\n|-ability|p2a: Pinsir|Moxie|boost\n|-boost|p2a: Pinsir|atk|1\n|\n|upkeep\n|\n|t:|1701028548\n|switch|p1a: Honchkrow|Honchkrow, F|76\/100\n|turn|27\n|\n|t:|1701028552\n|detailschange|p2a: Pinsir|Pinsir-Mega, M\n|-mega|p2a: Pinsir|Pinsir|Pinsirite\n|move|p1a: Honchkrow|Sucker Punch|p2a: Pinsir\n|-crit|p2a: Pinsir\n|-damage|p2a: Pinsir|4\/100\n|move|p2a: Pinsir|X-Scissor|p1a: Honchkrow\n|-damage|p1a: Honchkrow|0 fnt\n|faint|p1a: Honchkrow\n|\n|upkeep\n|\n|t:|1701028561\n|switch|p1a: Ceruledge|Ceruledge, F|100\/100\n|-status|p1a: Ceruledge|psn\n|-damage|p1a: Ceruledge|76\/100 psn|[from] Stealth Rock\n|turn|28\n|\n|t:|1701028568\n|move|p1a: Ceruledge|Shadow Sneak|p2a: Pinsir\n|-damage|p2a: Pinsir|0 fnt\n|faint|p2a: Pinsir\n|\n|-damage|p1a: Ceruledge|63\/100 psn|[from] psn\n|upkeep\n|\n|t:|1701028570\n|switch|p2a: Espeon|Espeon, F|65\/100 tox\n|turn|29\n|\n|t:|1701028574\n|move|p1a: Ceruledge|Shadow Sneak|p2a: Espeon\n|-supereffective|p2a: Espeon\n|-damage|p2a: Espeon|0 fnt\n|faint|p2a: Espeon\n|\n|win|xiaokeen\n|raw|xiaokeen's rating: 1202 &rarr; <strong>1233<\/strong><br \/>(+31 for winning)\n|raw|Wordedmantis's rating: 1288 &rarr; <strong>1257<\/strong><br \/>(-31 for losing)\n","uploadtime":1701028577,"views":1,"p1id":"xiaokeen","p2id":"wordedmantis","formatid":"gen9nationaldex","rating":1233,"private":0,"password":""}