{"id":"gen9nationaldex-1997946875","p1":"Yannaros","p2":"AzureSpinda","format":"[Gen 9] National Dex","log":"|html|<div class=\"broadcast-blue\"><strong>[Gen 9] National Dex is currently suspecting Sneasler! For information on how to participate check out the <a href=\"https:\/\/www.smogon.com\/forums\/threads\/sv-national-dex-suspect-8-just-dance.3731534\/\">suspect thread<\/a>.<\/strong><\/div>\n|j|\u2606Yannaros\n|j|\u2606AzureSpinda\n|t:|1700870760\n|gametype|singles\n|player|p1|Yannaros|ghetsis-gen5bw|1072\n|player|p2|AzureSpinda|102|1044\n|teamsize|p1|6\n|teamsize|p2|6\n|gen|9\n|tier|[Gen 9] National Dex\n|rated|\n|rule|HP Percentage Mod: HP is shown in percentages\n|rule|Endless Battle Clause: Forcing endless battles is banned\n|rule|OHKO Clause: OHKO moves are banned\n|rule|Evasion Clause: Evasion abilities, items, and moves are banned\n|rule|Evasion Abilities Clause: Evasion abilities are banned\n|rule|Evasion Items Clause: Evasion items are banned\n|rule|Evasion Moves Clause: Evasion moves are banned\n|rule|Species Clause: Limit one of each Pok\u00e9mon\n|rule|Sleep Clause Mod: Limit one foe put to sleep\n|clearpoke\n|poke|p1|Banette, F|\n|poke|p1|Zoroark-Hisui, F|\n|poke|p1|Mimikyu, F|\n|poke|p1|Galvantula, F|\n|poke|p1|Pawmot, F|\n|poke|p1|Golurk|\n|poke|p2|Cresselia, F|\n|poke|p2|Inteleon, F|\n|poke|p2|Ursaring, M|\n|poke|p2|Dondozo, M|\n|poke|p2|Liepard, M|\n|poke|p2|Gothita, M|\n|teampreview\n|\n|t:|1700870791\n|start\n|switch|p1a: Galvantula|Galvantula, F|100\/100\n|switch|p2a: Gaga|Gothita, M|100\/100\n|-item|p1a: Galvantula|Focus Sash|[from] ability: Frisk|[of] p2a: Gaga|[identify]\n|turn|1\n|\n|t:|1700870801\n|move|p1a: Galvantula|Sticky Web|p2a: Gaga\n|-sidestart|p2: AzureSpinda|move: Sticky Web\n|move|p2a: Gaga|Trick Room|p2a: Gaga\n|-fieldstart|move: Trick Room|[of] p2a: Gaga\n|\n|upkeep\n|turn|2\n|c|\u2606Yannaros|hmmmm\n|c|\u2606Yannaros|that is fun\n|\n|t:|1700870839\n|switch|p2a: Bearly Alive|Ursaring, M|100\/100\n|-activate|p2a: Bearly Alive|move: Sticky Web\n|-unboost|p2a: Bearly Alive|spe|1\n|move|p1a: Galvantula|Light Screen|p1a: Galvantula\n|-sidestart|p1: Yannaros|move: Light Screen\n|\n|-status|p2a: Bearly Alive|brn|[from] item: Flame Orb\n|upkeep\n|turn|3\n|\n|t:|1700870853\n|move|p2a: Bearly Alive|Earthquake|p1a: Galvantula\n|-enditem|p1a: Galvantula|Focus Sash\n|-damage|p1a: Galvantula|1\/100\n|move|p1a: Galvantula|Electro Ball|p2a: Bearly Alive\n|-damage|p2a: Bearly Alive|26\/100 brn\n|\n|-damage|p2a: Bearly Alive|20\/100 brn|[from] brn\n|upkeep\n|turn|4\n|\n|t:|1700870880\n|move|p2a: Bearly Alive|Earthquake|p1a: Galvantula\n|-crit|p1a: Galvantula\n|-damage|p1a: Galvantula|0 fnt\n|faint|p1a: Galvantula\n|\n|-damage|p2a: Bearly Alive|14\/100 brn|[from] brn\n|upkeep\n|\n|t:|1700870887\n|switch|p1a: Banette|Banette, F|100\/100\n|-item|p2a: Bearly Alive|Flame Orb|[from] ability: Frisk|[of] p1a: Banette|[identify]\n|turn|5\n|\n|t:|1700870895\n|detailschange|p1a: Banette|Banette-Mega, F\n|-mega|p1a: Banette|Banette|Banettite\n|move|p1a: Banette|Swords Dance|p1a: Banette\n|-boost|p1a: Banette|atk|2\n|move|p2a: Bearly Alive|Earthquake|p1a: Banette\n|-damage|p1a: Banette|43\/100\n|\n|-damage|p2a: Bearly Alive|7\/100 brn|[from] brn\n|-fieldend|move: Trick Room\n|upkeep\n|turn|6\n|\n|t:|1700870910\n|move|p1a: Banette|Sucker Punch|p2a: Bearly Alive\n|-damage|p2a: Bearly Alive|0 fnt\n|faint|p2a: Bearly Alive\n|\n|-sideend|p1: Yannaros|move: Light Screen\n|upkeep\n|\n|t:|1700870914\n|switch|p2a: Gaga|Gothita, M|100\/100\n|-activate|p2a: Gaga|move: Sticky Web\n|-unboost|p2a: Gaga|spe|1\n|-item|p1a: Banette|Banettite|[from] ability: Frisk|[of] p2a: Gaga|[identify]\n|turn|7\n|\n|t:|1700870920\n|move|p1a: Banette|Poltergeist|p2a: Gaga\n|-activate|p2a: Gaga|move: Poltergeist|Focus Sash\n|-supereffective|p2a: Gaga\n|-enditem|p2a: Gaga|Focus Sash\n|-damage|p2a: Gaga|1\/100\n|move|p2a: Gaga|Trick Room|p2a: Gaga\n|-fieldstart|move: Trick Room|[of] p2a: Gaga\n|\n|upkeep\n|turn|8\n|\n|t:|1700870935\n|move|p2a: Gaga|Toxic|p1a: Banette\n|-status|p1a: Banette|tox\n|move|p1a: Banette|Poltergeist||[still]\n|-fail|p1a: Banette\n|\n|-damage|p1a: Banette|37\/100 tox|[from] psn\n|upkeep\n|turn|9\n|\n|t:|1700870945\n|move|p2a: Gaga|Reflect|p2a: Gaga\n|-sidestart|p2: AzureSpinda|Reflect\n|move|p1a: Banette|Poltergeist||[still]\n|-fail|p1a: Banette\n|\n|-damage|p1a: Banette|25\/100 tox|[from] psn\n|upkeep\n|turn|10\n|c|\u2606Yannaros|'-'\n|\n|t:|1700870953\n|move|p2a: Gaga|Light Screen|p2a: Gaga\n|-sidestart|p2: AzureSpinda|move: Light Screen\n|move|p1a: Banette|Poltergeist||[still]\n|-fail|p1a: Banette\n|\n|-damage|p1a: Banette|7\/100 tox|[from] psn\n|upkeep\n|turn|11\n|c|\u2606Yannaros|wtf?\n|\n|t:|1700870985\n|switch|p1a: Pawmot|Pawmot, F|100\/100\n|move|p2a: Gaga|Toxic|p1a: Pawmot\n|-status|p1a: Pawmot|tox\n|\n|-damage|p1a: Pawmot|94\/100 tox|[from] psn\n|-fieldend|move: Trick Room\n|upkeep\n|turn|12\n|\n|t:|1700870997\n|move|p1a: Pawmot|Wish|p1a: Pawmot\n|move|p2a: Gaga|Trick Room|p2a: Gaga\n|-fieldstart|move: Trick Room|[of] p2a: Gaga\n|\n|-heal|p1a: Pawmot|100\/100 tox|[from] item: Leftovers\n|-damage|p1a: Pawmot|88\/100 tox|[from] psn\n|upkeep\n|turn|13\n|\n|t:|1700871013\n|switch|p2a: Moonlight Uh|Cresselia, F|100\/100\n|switch|p1a: Banette|Banette-Mega, F|7\/100 tox\n|\n|-heal|p1a: Banette|50\/100 tox|[from] move: Wish|[wisher] Pawmot\n|-damage|p1a: Banette|44\/100 tox|[from] psn\n|-sideend|p2: AzureSpinda|Reflect\n|upkeep\n|turn|14\n|\n|t:|1700871036\n|switch|p2a: KC Undercover|Inteleon, F|100\/100\n|-activate|p2a: KC Undercover|move: Sticky Web\n|-unboost|p2a: KC Undercover|spe|1\n|-enditem|p2a: KC Undercover|Room Service\n|-unboost|p2a: KC Undercover|spe|1|[from] item: Room Service\n|move|p1a: Banette|Sucker Punch||[still]\n|-fail|p1a: Banette\n|\n|-damage|p1a: Banette|32\/100 tox|[from] psn\n|-sideend|p2: AzureSpinda|move: Light Screen\n|upkeep\n|turn|15\n|inactive|Battle timer is ON: inactive players will automatically lose when time's up. (requested by Yannaros)\n|\n|t:|1700871121\n|move|p2a: KC Undercover|Aqua Jet|p1a: Banette\n|-damage|p1a: Banette|15\/100 tox\n|move|p1a: Banette|Destiny Bond|p1a: Banette\n|-singlemove|p1a: Banette|Destiny Bond\n|\n|-damage|p1a: Banette|0 fnt|[from] psn\n|faint|p1a: Banette\n|upkeep\n|\n|t:|1700871144\n|switch|p1a: Pawmot|Pawmot, F|88\/100 tox\n|turn|16\n|inactive|AzureSpinda has 120 seconds left.\n|\n|t:|1700871176\n|move|p2a: KC Undercover|Waterfall|p1a: Pawmot\n|-damage|p1a: Pawmot|30\/100 tox\n|cant|p1a: Pawmot|flinch\n|\n|-heal|p1a: Pawmot|36\/100 tox|[from] item: Leftovers\n|-damage|p1a: Pawmot|30\/100 tox|[from] psn\n|-fieldend|move: Trick Room\n|upkeep\n|turn|17\n|inactive|AzureSpinda has 120 seconds left.\n|c|\u2606Yannaros|how lucky can someone be\n|\n|t:|1700871198\n|move|p2a: KC Undercover|Aqua Jet|p1a: Pawmot\n|-damage|p1a: Pawmot|4\/100 tox\n|move|p1a: Pawmot|Revival Blessing|p1a: Pawmot\n|\n|t:|1700871202\n|-heal|p1: Banette|50\/100|[from] move: Revival Blessing\n|\n|-heal|p1a: Pawmot|10\/100 tox|[from] item: Leftovers\n|-damage|p1a: Pawmot|0 fnt|[from] psn\n|faint|p1a: Pawmot\n|upkeep\n|inactive|Yannaros has 120 seconds left.\n|c|\u2606AzureSpinda|poltergeist missed 3 times u right\n|inactive|Yannaros has 90 seconds left.\n|\n|t:|1700871253\n|switch|p1a: Mimikyu|Mimikyu, F|100\/100\n|-item|p1a: Mimikyu|Air Balloon\n|turn|18\n|inactive|Yannaros has 90 seconds left.\n|\n|t:|1700871265\n|move|p2a: KC Undercover|Aqua Jet|p1a: Mimikyu\n|-damage|p1a: Mimikyu|69\/100\n|replace|p1a: Zoroark|Zoroark-Hisui, F\n|-end|p1a: Zoroark|Illusion\n|-enditem|p1a: Zoroark|Air Balloon\n|move|p1a: Zoroark|Crunch|p2a: KC Undercover\n|-damage|p2a: KC Undercover|65\/100\n|-unboost|p2a: KC Undercover|def|1\n|\n|upkeep\n|turn|19\n|inactive|Yannaros has 90 seconds left.\n|\n|t:|1700871278\n|move|p1a: Zoroark|Phantom Force||[still]\n|-prepare|p1a: Zoroark|Phantom Force\n|move|p2a: KC Undercover|Waterfall|p1a: Zoroark|[miss]\n|-miss|p2a: KC Undercover|p1a: Zoroark\n|\n|upkeep\n|turn|20\n|\n|t:|1700871285\n|switch|p2a: Gaga|Gothita, M|1\/100\n|-activate|p2a: Gaga|move: Sticky Web\n|-unboost|p2a: Gaga|spe|1\n|move|p1a: Zoroark|Phantom Force|p2a: Gaga|[from]lockedmove\n|-supereffective|p2a: Gaga\n|-damage|p2a: Gaga|0 fnt\n|faint|p2a: Gaga\n|\n|upkeep\n|\n|t:|1700871300\n|switch|p2a: Moonlight Uh|Cresselia, F|100\/100\n|turn|21\n|\n|t:|1700871308\n|move|p1a: Zoroark|Crunch|p2a: Moonlight Uh\n|-supereffective|p2a: Moonlight Uh\n|-damage|p2a: Moonlight Uh|67\/100\n|move|p2a: Moonlight Uh|Trick Room|p2a: Moonlight Uh\n|-fieldstart|move: Trick Room|[of] p2a: Moonlight Uh\n|\n|-heal|p2a: Moonlight Uh|73\/100|[from] item: Leftovers\n|upkeep\n|turn|22\n|inactive|AzureSpinda has 120 seconds left.\n|\n|t:|1700871340\n|switch|p2a: Piss Bozo|Dondozo, M, shiny|100\/100\n|-activate|p2a: Piss Bozo|move: Sticky Web\n|-unboost|p2a: Piss Bozo|spe|1\n|move|p1a: Zoroark|Phantom Force||[still]\n|-prepare|p1a: Zoroark|Phantom Force\n|\n|upkeep\n|turn|23\n|inactive|Yannaros has 120 seconds left.\n|inactive|AzureSpinda has 120 seconds left.\n|\n|t:|1700871352\n|move|p2a: Piss Bozo|Wave Crash|p1a: Zoroark|[miss]\n|-miss|p2a: Piss Bozo|p1a: Zoroark\n|move|p1a: Zoroark|Phantom Force|p2a: Piss Bozo|[from]lockedmove\n|-damage|p2a: Piss Bozo|75\/100\n|\n|upkeep\n|turn|24\n|\n|t:|1700871362\n|move|p2a: Piss Bozo|Wave Crash|p1a: Zoroark\n|-damage|p1a: Zoroark|0 fnt\n|faint|p1a: Zoroark\n|-damage|p2a: Piss Bozo|63\/100|[from] Recoil\n|\n|upkeep\n|\n|t:|1700871369\n|switch|p1a: Mimikyu|Mimikyu, F|100\/100\n|turn|25\n|inactive|Yannaros has 120 seconds left.\n|\n|t:|1700871389\n|move|p2a: Piss Bozo|Wave Crash|p1a: Mimikyu\n|-activate|p1a: Mimikyu|ability: Disguise\n|-damage|p1a: Mimikyu|100\/100\n|detailschange|p1a: Mimikyu|Mimikyu-Busted, F\n|-damage|p1a: Mimikyu|88\/100|[from] pokemon: Mimikyu-Busted\n|move|p1a: Mimikyu|Play Rough|p2a: Piss Bozo\n|-damage|p2a: Piss Bozo|41\/100\n|\n|-fieldend|move: Trick Room\n|upkeep\n|turn|26\n|inactive|Yannaros has 120 seconds left.\n|\n|t:|1700871404\n|move|p1a: Mimikyu|Drain Punch|p2a: Piss Bozo\n|-damage|p2a: Piss Bozo|28\/100\n|-heal|p1a: Mimikyu|100\/100|[from] drain|[of] p2a: Piss Bozo\n|move|p2a: Piss Bozo|Wave Crash|p1a: Mimikyu\n|-crit|p1a: Mimikyu\n|-damage|p1a: Mimikyu|0 fnt\n|faint|p1a: Mimikyu\n|-damage|p2a: Piss Bozo|12\/100|[from] Recoil\n|\n|upkeep\n|\n|t:|1700871417\n|switch|p1a: Banette|Banette-Mega, F|50\/100\n|turn|27\n|\n|t:|1700871427\n|switch|p2a: Rouge the Cat|Liepard, M, shiny|100\/100\n|-activate|p2a: Rouge the Cat|move: Sticky Web\n|-unboost|p2a: Rouge the Cat|spe|1\n|move|p1a: Banette|Sucker Punch||[still]\n|-fail|p1a: Banette\n|\n|upkeep\n|turn|28\n|\n|t:|1700871447\n|move|p2a: Rouge the Cat|Swagger|p1a: Banette|[miss]\n|-miss|p2a: Rouge the Cat|p1a: Banette\n|move|p1a: Banette|Destiny Bond|p1a: Banette\n|-singlemove|p1a: Banette|Destiny Bond\n|\n|upkeep\n|turn|29\n|\n|t:|1700871455\n|move|p2a: Rouge the Cat|Swagger|p1a: Banette\n|-boost|p1a: Banette|atk|2\n|-enditem|p2a: Rouge the Cat|Mirror Herb\n|-boost|p2a: Rouge the Cat|atk|2|[from] item: Mirror Herb\n|-start|p1a: Banette|confusion\n|-activate|p1a: Banette|confusion\n|move|p1a: Banette|Swords Dance|p1a: Banette\n|-boost|p1a: Banette|atk|2\n|\n|upkeep\n|turn|30\n|\n|t:|1700871466\n|move|p2a: Rouge the Cat|Pursuit|p1a: Banette\n|-supereffective|p1a: Banette\n|-damage|p1a: Banette|0 fnt\n|faint|p1a: Banette\n|\n|upkeep\n|\n|t:|1700871472\n|switch|p1a: Golurk|Golurk|100\/100\n|turn|31\n|\n|t:|1700871481\n|-terastallize|p1a: Golurk|Steel\n|move|p2a: Rouge the Cat|Knock Off|p1a: Golurk\n|-damage|p1a: Golurk|22\/100\n|-enditem|p1a: Golurk|Punching Glove|[from] move: Knock Off|[of] p2a: Rouge the Cat\n|move|p1a: Golurk|Dynamic Punch|p2a: Rouge the Cat\n|-supereffective|p2a: Rouge the Cat\n|-damage|p2a: Rouge the Cat|0 fnt\n|faint|p2a: Rouge the Cat\n|\n|upkeep\n|\n|t:|1700871496\n|switch|p2a: Moonlight Uh|Cresselia, F|73\/100\n|turn|32\n|\n|t:|1700871500\n|move|p1a: Golurk|Poltergeist|p2a: Moonlight Uh\n|-activate|p2a: Moonlight Uh|move: Poltergeist|Leftovers\n|-supereffective|p2a: Moonlight Uh\n|-damage|p2a: Moonlight Uh|0 fnt\n|faint|p2a: Moonlight Uh\n|\n|upkeep\n|c|\u2606Yannaros|O_O\n|\n|t:|1700871508\n|switch|p2a: KC Undercover|Inteleon, F|65\/100\n|-activate|p2a: KC Undercover|move: Sticky Web\n|-unboost|p2a: KC Undercover|spe|1\n|turn|33\n|\n|t:|1700871525\n|-terastallize|p2a: KC Undercover|Flying\n|move|p1a: Golurk|Dynamic Punch|p2a: KC Undercover\n|-resisted|p2a: KC Undercover\n|-damage|p2a: KC Undercover|40\/100\n|-start|p2a: KC Undercover|confusion\n|-activate|p2a: KC Undercover|confusion\n|move|p2a: KC Undercover|Waterfall|p1a: Golurk\n|-damage|p1a: Golurk|0 fnt\n|faint|p1a: Golurk\n|\n|win|AzureSpinda\n|raw|Yannaros's rating: 1072 &rarr; <strong>1050<\/strong><br \/>(-22 for losing)\n|raw|AzureSpinda's rating: 1044 &rarr; <strong>1080<\/strong><br \/>(+36 for winning)\n|c|\u2606AzureSpinda|great game\n|c|\u2606Yannaros|gg\n|l|\u2606Yannaros\n","uploadtime":1700871555,"views":6,"p1id":"yannaros","p2id":"azurespinda","formatid":"gen9nationaldex","rating":1050,"private":0,"password":""}