{"id":"gen9nationaldex-1997599008","p1":"Buttdragon69","p2":"FromRussiaWithLove","format":"[Gen 9] National Dex","log":"|html|<div class=\"broadcast-blue\"><strong>[Gen 9] National Dex is currently suspecting Sneasler! For information on how to participate check out the <a href=\"https:\/\/www.smogon.com\/forums\/threads\/sv-national-dex-suspect-8-just-dance.3731534\/\">suspect thread<\/a>.<\/strong><\/div>\n|j|\u2606Buttdragon69\n|j|\u2606FromRussiaWithLove\n|t:|1700831149\n|gametype|singles\n|player|p1|Buttdragon69|102|1128\n|player|p2|FromRussiaWithLove|swimmerf|1180\n|teamsize|p1|6\n|teamsize|p2|6\n|gen|9\n|tier|[Gen 9] National Dex\n|rated|\n|rule|HP Percentage Mod: HP is shown in percentages\n|rule|Endless Battle Clause: Forcing endless battles is banned\n|rule|OHKO Clause: OHKO moves are banned\n|rule|Evasion Clause: Evasion abilities, items, and moves are banned\n|rule|Evasion Abilities Clause: Evasion abilities are banned\n|rule|Evasion Items Clause: Evasion items are banned\n|rule|Evasion Moves Clause: Evasion moves are banned\n|rule|Species Clause: Limit one of each Pok\u00e9mon\n|rule|Sleep Clause Mod: Limit one foe put to sleep\n|clearpoke\n|poke|p1|Clefable, M|\n|poke|p1|Corviknight, F|\n|poke|p1|Greninja-*, M|\n|poke|p1|Typhlosion-Hisui, F|\n|poke|p1|Zapdos-Galar|\n|poke|p1|Garganacl, M|\n|poke|p2|Jirachi|\n|poke|p2|Grimmsnarl, M|\n|poke|p2|Absol, M|\n|poke|p2|Ninetales, M|\n|poke|p2|Quagsire, M|\n|poke|p2|Gourgeist-*, M|\n|teampreview\n|inactive|Battle timer is ON: inactive players will automatically lose when time's up. (requested by FromRussiaWithLove)\n|\n|t:|1700831153\n|start\n|switch|p1a: ButtSKAnacl69|Garganacl, M|100\/100\n|switch|p2a: YETI|Grimmsnarl, M, shiny|100\/100\n|turn|1\n|\n|t:|1700831165\n|move|p2a: YETI|Taunt|p1a: ButtSKAnacl69\n|-start|p1a: ButtSKAnacl69|move: Taunt\n|move|p1a: ButtSKAnacl69|Salt Cure|p2a: YETI\n|-damage|p2a: YETI|88\/100\n|-start|p2a: YETI|Salt Cure\n|\n|-damage|p2a: YETI|76\/100|[from] Salt Cure\n|upkeep\n|turn|2\n|\n|t:|1700831175\n|move|p2a: YETI|Reflect|p2a: YETI\n|-sidestart|p2: FromRussiaWithLove|Reflect\n|move|p1a: ButtSKAnacl69|Earthquake|p2a: YETI\n|-damage|p2a: YETI|65\/100\n|\n|-damage|p2a: YETI|53\/100|[from] Salt Cure\n|upkeep\n|turn|3\n|\n|t:|1700831188\n|switch|p1a: ButtSKAble69|Clefable, M|100\/100\n|move|p2a: YETI|Light Screen|p2a: YETI\n|-sidestart|p2: FromRussiaWithLove|move: Light Screen\n|\n|-damage|p2a: YETI|40\/100|[from] Salt Cure\n|upkeep\n|turn|4\n|\n|t:|1700831196\n|move|p2a: YETI|Taunt|p1a: ButtSKAble69\n|-start|p1a: ButtSKAble69|move: Taunt\n|cant|p1a: ButtSKAble69|move: Taunt|Wish\n|\n|-damage|p2a: YETI|28\/100|[from] Salt Cure\n|upkeep\n|turn|5\n|\n|t:|1700831203\n|move|p2a: YETI|Parting Shot|p1a: ButtSKAble69\n|-unboost|p1a: ButtSKAble69|atk|1\n|-unboost|p1a: ButtSKAble69|spa|1\n|\n|t:|1700831206\n|switch|p2a: MARIACHI|Jirachi|100\/100|[from] Parting Shot\n|move|p1a: ButtSKAble69|Moonblast|p2a: MARIACHI\n|-resisted|p2a: MARIACHI\n|-damage|p2a: MARIACHI|97\/100\n|\n|upkeep\n|turn|6\n|\n|t:|1700831216\n|switch|p1a: ButtSKAnacl69|Garganacl, M|100\/100\n|move|p2a: MARIACHI|Ancient Power|p1a: ButtSKAnacl69\n|-damage|p1a: ButtSKAnacl69|90\/100\n|\n|upkeep\n|turn|7\n|\n|t:|1700831223\n|move|p2a: MARIACHI|Ancient Power|p1a: ButtSKAnacl69\n|-crit|p1a: ButtSKAnacl69\n|-damage|p1a: ButtSKAnacl69|76\/100\n|-boost|p2a: MARIACHI|atk|1\n|-boost|p2a: MARIACHI|def|1\n|-boost|p2a: MARIACHI|spa|1\n|-boost|p2a: MARIACHI|spd|1\n|-boost|p2a: MARIACHI|spe|1\n|move|p1a: ButtSKAnacl69|Salt Cure|p2a: MARIACHI\n|-resisted|p2a: MARIACHI\n|-damage|p2a: MARIACHI|94\/100\n|-start|p2a: MARIACHI|Salt Cure\n|\n|-damage|p2a: MARIACHI|69\/100|[from] Salt Cure\n|upkeep\n|turn|8\n|\n|t:|1700831236\n|move|p2a: MARIACHI|Ancient Power|p1a: ButtSKAnacl69\n|-damage|p1a: ButtSKAnacl69|63\/100\n|-boost|p2a: MARIACHI|atk|1\n|-boost|p2a: MARIACHI|def|1\n|-boost|p2a: MARIACHI|spa|1\n|-boost|p2a: MARIACHI|spd|1\n|-boost|p2a: MARIACHI|spe|1\n|move|p1a: ButtSKAnacl69|Recover|p1a: ButtSKAnacl69\n|-heal|p1a: ButtSKAnacl69|100\/100\n|\n|-damage|p2a: MARIACHI|44\/100|[from] Salt Cure\n|upkeep\n|turn|9\n|\n|t:|1700831253\n|move|p2a: MARIACHI|Drain Punch|p1a: ButtSKAnacl69\n|-supereffective|p1a: ButtSKAnacl69\n|-damage|p1a: ButtSKAnacl69|57\/100\n|-heal|p2a: MARIACHI|66\/100|[from] drain|[of] p1a: ButtSKAnacl69\n|-enditem|p1a: ButtSKAnacl69|Weakness Policy\n|-boost|p1a: ButtSKAnacl69|atk|2|[from] item: Weakness Policy\n|-boost|p1a: ButtSKAnacl69|spa|2|[from] item: Weakness Policy\n|move|p1a: ButtSKAnacl69|Earthquake|p2a: MARIACHI\n|-supereffective|p2a: MARIACHI\n|-damage|p2a: MARIACHI|46\/100\n|-enditem|p2a: MARIACHI|Weakness Policy\n|-boost|p2a: MARIACHI|atk|2|[from] item: Weakness Policy\n|-boost|p2a: MARIACHI|spa|2|[from] item: Weakness Policy\n|\n|-damage|p2a: MARIACHI|21\/100|[from] Salt Cure\n|-sideend|p2: FromRussiaWithLove|Reflect\n|upkeep\n|turn|10\n|\n|t:|1700831268\n|-terastallize|p2a: MARIACHI|Fighting\n|move|p2a: MARIACHI|Drain Punch|p1a: ButtSKAnacl69\n|-supereffective|p1a: ButtSKAnacl69\n|-damage|p1a: ButtSKAnacl69|0 fnt\n|-heal|p2a: MARIACHI|50\/100|[from] drain|[of] p1a: ButtSKAnacl69\n|faint|p1a: ButtSKAnacl69\n|\n|-damage|p2a: MARIACHI|37\/100|[from] Salt Cure\n|-sideend|p2: FromRussiaWithLove|move: Light Screen\n|upkeep\n|\n|t:|1700831286\n|switch|p1a: SKArvibutt69|Corviknight, F|100\/100\n|-ability|p1a: SKArvibutt69|Pressure\n|turn|11\n|\n|t:|1700831294\n|move|p1a: SKArvibutt69|Protect|p1a: SKArvibutt69\n|-singleturn|p1a: SKArvibutt69|Protect\n|move|p2a: MARIACHI|Stored Power|p1a: SKArvibutt69\n|-activate|p1a: SKArvibutt69|move: Protect\n|\n|-damage|p2a: MARIACHI|25\/100|[from] Salt Cure\n|upkeep\n|turn|12\n|\n|t:|1700831304\n|switch|p1a: ButtSKAble69|Clefable, M|100\/100\n|move|p2a: MARIACHI|Thunder|p1a: ButtSKAble69\n|-damage|p1a: ButtSKAble69|47\/100\n|-status|p1a: ButtSKAble69|par\n|\n|-heal|p1a: ButtSKAble69|53\/100 par|[from] item: Leftovers\n|-damage|p2a: MARIACHI|12\/100|[from] Salt Cure\n|upkeep\n|turn|13\n|\n|t:|1700831319\n|cant|p1a: ButtSKAble69|par\n|move|p2a: MARIACHI|Stored Power|p1a: ButtSKAble69\n|-damage|p1a: ButtSKAble69|0 fnt\n|faint|p1a: ButtSKAble69\n|\n|-damage|p2a: MARIACHI|0 fnt|[from] Salt Cure\n|faint|p2a: MARIACHI\n|upkeep\n|\n|t:|1700831336\n|switch|p2a: YETI|Grimmsnarl, M, shiny|28\/100\n|switch|p1a: Typhlosion|Typhlosion-Hisui, F|100\/100\n|turn|14\n|\n|t:|1700831345\n|move|p2a: YETI|Light Screen|p2a: YETI\n|-sidestart|p2: FromRussiaWithLove|move: Light Screen\n|move|p1a: Typhlosion|Shadow Ball|p2a: YETI\n|-resisted|p2a: YETI\n|-damage|p2a: YETI|15\/100\n|-damage|p1a: Typhlosion|91\/100|[from] item: Life Orb\n|\n|upkeep\n|turn|15\n|\n|t:|1700831352\n|move|p2a: YETI|Reflect|p2a: YETI\n|-sidestart|p2: FromRussiaWithLove|Reflect\n|move|p1a: Typhlosion|Eruption|p2a: YETI\n|-damage|p2a: YETI|0 fnt\n|faint|p2a: YETI\n|-damage|p1a: Typhlosion|81\/100|[from] item: Life Orb\n|\n|upkeep\n|\n|t:|1700831359\n|switch|p2a: NINE ASSES|Ninetales, M, shiny|100\/100\n|turn|16\n|\n|t:|1700831371\n|move|p1a: Typhlosion|Protect|p1a: Typhlosion\n|-singleturn|p1a: Typhlosion|Protect\n|move|p2a: NINE ASSES|Nasty Plot|p2a: NINE ASSES\n|-boost|p2a: NINE ASSES|spa|2\n|\n|upkeep\n|turn|17\n|\n|t:|1700831378\n|move|p2a: NINE ASSES|Dark Pulse|p1a: Typhlosion\n|-supereffective|p1a: Typhlosion\n|-damage|p1a: Typhlosion|0 fnt\n|faint|p1a: Typhlosion\n|-damage|p2a: NINE ASSES|91\/100|[from] item: Life Orb\n|\n|upkeep\n|\n|t:|1700831391\n|switch|p1a: Zapdos|Zapdos-Galar|100\/100\n|turn|18\n|\n|t:|1700831397\n|move|p2a: NINE ASSES|Flamethrower|p1a: Zapdos\n|-damage|p1a: Zapdos|0 fnt\n|faint|p1a: Zapdos\n|-damage|p2a: NINE ASSES|81\/100|[from] item: Life Orb\n|\n|upkeep\n|\n|t:|1700831414\n|switch|p1a: SKArvibutt69|Corviknight, F|100\/100\n|-ability|p1a: SKArvibutt69|Pressure\n|turn|19\n|\n|t:|1700831418\n|move|p1a: SKArvibutt69|Protect|p1a: SKArvibutt69\n|-singleturn|p1a: SKArvibutt69|Protect\n|move|p2a: NINE ASSES|Nasty Plot|p2a: NINE ASSES\n|-boost|p2a: NINE ASSES|spa|2\n|\n|upkeep\n|turn|20\n|\n|t:|1700831425\n|move|p2a: NINE ASSES|Flamethrower|p1a: SKArvibutt69\n|-supereffective|p1a: SKArvibutt69\n|-damage|p1a: SKArvibutt69|0 fnt\n|faint|p1a: SKArvibutt69\n|-damage|p2a: NINE ASSES|71\/100|[from] item: Life Orb\n|\n|upkeep\n|\n|t:|1700831428\n|switch|p1a: Butninja69|Greninja, M|100\/100\n|turn|21\n|\n|t:|1700831434\n|move|p1a: Butninja69|Scald|p2a: NINE ASSES\n|-supereffective|p2a: NINE ASSES\n|-damage|p2a: NINE ASSES|19\/100\n|move|p2a: NINE ASSES|Energy Ball|p1a: Butninja69\n|-supereffective|p1a: Butninja69\n|-damage|p1a: Butninja69|0 fnt\n|faint|p1a: Butninja69\n|-damage|p2a: NINE ASSES|9\/100|[from] item: Life Orb\n|\n|win|FromRussiaWithLove\n|raw|Buttdragon69's rating: 1128 &rarr; <strong>1107<\/strong><br \/>(-21 for losing)\n|raw|FromRussiaWithLove's rating: 1180 &rarr; <strong>1201<\/strong><br \/>(+21 for winning)\n","uploadtime":1700831439,"views":5,"p1id":"buttdragon69","p2id":"fromrussiawithlove","formatid":"gen9nationaldex","rating":1107,"private":0,"password":""}