{"id":"gen9nationaldex-1989456464","p1":"kaigualelaodi","p2":"gglao4","format":"[Gen 9] National Dex","log":"|j|\u2606kaigualelaodi\n|j|\u2606gglao4\n|t:|1699853297\n|gametype|singles\n|player|p1|kaigualelaodi|elesa-masters|1419\n|player|p2|gglao4|102|1546\n|teamsize|p1|6\n|teamsize|p2|6\n|gen|9\n|tier|[Gen 9] National Dex\n|rated|\n|rule|HP Percentage Mod: HP is shown in percentages\n|rule|Endless Battle Clause: Forcing endless battles is banned\n|rule|OHKO Clause: OHKO moves are banned\n|rule|Evasion Clause: Evasion abilities, items, and moves are banned\n|rule|Evasion Abilities Clause: Evasion abilities are banned\n|rule|Evasion Items Clause: Evasion items are banned\n|rule|Evasion Moves Clause: Evasion moves are banned\n|rule|Species Clause: Limit one of each Pok\u00e9mon\n|rule|Sleep Clause Mod: Limit one foe put to sleep\n|clearpoke\n|poke|p1|Heatran, F|\n|poke|p1|Zapdos|\n|poke|p1|Tapu Bulu|\n|poke|p1|Great Tusk|\n|poke|p1|Cresselia, F|\n|poke|p1|Garganacl, F|\n|poke|p2|Alomomola, M|\n|poke|p2|Zamazenta-*|\n|poke|p2|Ditto|\n|poke|p2|Victini|\n|poke|p2|Gliscor, F|\n|poke|p2|Goodra-Hisui, M|\n|teampreview\n|inactive|Battle timer is ON: inactive players will automatically lose when time's up. (requested by gglao4)\n|\n|t:|1699853309\n|start\n|switch|p1a: Garganacl|Garganacl, F|100\/100\n|switch|p2a: Gliscor|Gliscor, F|100\/100\n|turn|1\n|\n|t:|1699853314\n|move|p2a: Gliscor|Earthquake|p1a: Garganacl\n|-supereffective|p1a: Garganacl\n|-damage|p1a: Garganacl|59\/100\n|move|p1a: Garganacl|Salt Cure|p2a: Gliscor\n|-damage|p2a: Gliscor|90\/100\n|-start|p2a: Gliscor|Salt Cure\n|\n|-heal|p1a: Garganacl|65\/100|[from] item: Leftovers\n|-damage|p2a: Gliscor|78\/100|[from] Salt Cure\n|-status|p2a: Gliscor|tox|[from] item: Toxic Orb\n|upkeep\n|turn|2\n|\n|t:|1699853327\n|move|p1a: Garganacl|Protect|p1a: Garganacl\n|-singleturn|p1a: Garganacl|Protect\n|move|p2a: Gliscor|Earthquake|p1a: Garganacl\n|-activate|p1a: Garganacl|move: Protect\n|\n|-heal|p1a: Garganacl|71\/100|[from] item: Leftovers\n|-heal|p2a: Gliscor|90\/100 tox|[from] ability: Poison Heal\n|-damage|p2a: Gliscor|78\/100 tox|[from] Salt Cure\n|upkeep\n|turn|3\n|\n|t:|1699853337\n|switch|p1a: Tapu Bulu|Tapu Bulu, shiny|100\/100\n|-fieldstart|move: Grassy Terrain|[from] ability: Grassy Surge|[of] p1a: Tapu Bulu\n|move|p2a: Gliscor|Earthquake|p1a: Tapu Bulu\n|-resisted|p1a: Tapu Bulu\n|-damage|p1a: Tapu Bulu|92\/100\n|\n|-heal|p1a: Tapu Bulu|98\/100|[from] Grassy Terrain\n|-heal|p1a: Tapu Bulu|100\/100|[from] item: Leftovers\n|-heal|p2a: Gliscor|90\/100 tox|[from] ability: Poison Heal\n|-damage|p2a: Gliscor|78\/100 tox|[from] Salt Cure\n|upkeep\n|turn|4\n|\n|t:|1699853350\n|switch|p1a: Heatran|Heatran, F|100\/100\n|move|p2a: Gliscor|U-turn|p1a: Heatran\n|-resisted|p1a: Heatran\n|-damage|p1a: Heatran|97\/100\n|\n|t:|1699853363\n|switch|p2a: Alomomola|Alomomola, M|100\/100|[from] U-turn\n|\n|-heal|p1a: Heatran|100\/100|[from] Grassy Terrain\n|upkeep\n|turn|5\n|\n|t:|1699853367\n|move|p1a: Heatran|Magma Storm|p2a: Alomomola\n|-resisted|p2a: Alomomola\n|-damage|p2a: Alomomola|76\/100\n|-activate|p2a: Alomomola|move: Magma Storm|[of] p1a: Heatran\n|move|p2a: Alomomola|Knock Off|p1a: Heatran\n|-damage|p1a: Heatran|85\/100\n|-enditem|p1a: Heatran|Leftovers|[from] move: Knock Off|[of] p2a: Alomomola\n|\n|-heal|p1a: Heatran|92\/100|[from] Grassy Terrain\n|-heal|p2a: Alomomola|82\/100|[from] Grassy Terrain\n|-damage|p2a: Alomomola|70\/100|[from] move: Magma Storm|[partiallytrapped]\n|upkeep\n|turn|6\n|\n|t:|1699853374\n|move|p1a: Heatran|Protect|p1a: Heatran\n|-singleturn|p1a: Heatran|Protect\n|move|p2a: Alomomola|Flip Turn|p1a: Heatran\n|-activate|p1a: Heatran|move: Protect\n|\n|-heal|p1a: Heatran|98\/100|[from] Grassy Terrain\n|-heal|p2a: Alomomola|76\/100|[from] Grassy Terrain\n|-damage|p2a: Alomomola|64\/100|[from] move: Magma Storm|[partiallytrapped]\n|upkeep\n|turn|7\n|\n|t:|1699853383\n|move|p1a: Heatran|Toxic|p2a: Alomomola\n|-status|p2a: Alomomola|tox\n|move|p2a: Alomomola|Flip Turn|p1a: Heatran\n|-supereffective|p1a: Heatran\n|-damage|p1a: Heatran|70\/100\n|\n|t:|1699853386\n|switch|p2a: Gliscor|Gliscor, F|78\/100 tox|[from] Flip Turn\n|\n|-heal|p1a: Heatran|76\/100|[from] Grassy Terrain\n|-heal|p2a: Gliscor|90\/100 tox|[from] ability: Poison Heal\n|-fieldend|move: Grassy Terrain\n|upkeep\n|turn|8\n|\n|t:|1699853393\n|switch|p1a: Garganacl|Garganacl, F|71\/100\n|move|p2a: Gliscor|U-turn|p1a: Garganacl\n|-damage|p1a: Garganacl|60\/100\n|\n|t:|1699853400\n|switch|p2a: Zamazenta|Zamazenta|100\/100|[from] U-turn\n|-ability|p2a: Zamazenta|Dauntless Shield|boost\n|-boost|p2a: Zamazenta|def|1\n|\n|-heal|p1a: Garganacl|66\/100|[from] item: Leftovers\n|upkeep\n|turn|9\n|\n|t:|1699853406\n|move|p2a: Zamazenta|Stone Edge|p1a: Garganacl\n|-crit|p1a: Garganacl\n|-damage|p1a: Garganacl|8\/100\n|move|p1a: Garganacl|Salt Cure|p2a: Zamazenta\n|-resisted|p2a: Zamazenta\n|-damage|p2a: Zamazenta|96\/100\n|-start|p2a: Zamazenta|Salt Cure\n|\n|-heal|p1a: Garganacl|14\/100|[from] item: Leftovers\n|-damage|p2a: Zamazenta|84\/100|[from] Salt Cure\n|upkeep\n|turn|10\n|\n|t:|1699853414\n|switch|p2a: Gliscor|Gliscor, F|90\/100 tox\n|move|p1a: Garganacl|Protect||[still]\n|-fail|p1a: Garganacl\n|\n|-heal|p1a: Garganacl|20\/100|[from] item: Leftovers\n|-heal|p2a: Gliscor|100\/100 tox|[from] ability: Poison Heal\n|upkeep\n|turn|11\n|\n|t:|1699853420\n|move|p1a: Garganacl|Protect|p1a: Garganacl\n|-singleturn|p1a: Garganacl|Protect\n|move|p2a: Gliscor|Earthquake|p1a: Garganacl\n|-activate|p1a: Garganacl|move: Protect\n|\n|-heal|p1a: Garganacl|26\/100|[from] item: Leftovers\n|upkeep\n|turn|12\n|\n|t:|1699853424\n|-terastallize|p1a: Garganacl|Ghost\n|move|p2a: Gliscor|Earthquake|p1a: Garganacl\n|-damage|p1a: Garganacl|5\/100\n|move|p1a: Garganacl|Recover|p1a: Garganacl\n|-heal|p1a: Garganacl|56\/100\n|\n|-heal|p1a: Garganacl|62\/100|[from] item: Leftovers\n|upkeep\n|turn|13\n|\n|t:|1699853434\n|move|p2a: Gliscor|U-turn|p1a: Garganacl\n|-resisted|p1a: Garganacl\n|-damage|p1a: Garganacl|57\/100\n|\n|t:|1699853437\n|switch|p2a: Ditto|Ditto|100\/100|[from] U-turn\n|-transform|p2a: Ditto|p1a: Garganacl|[from] ability: Imposter\n|move|p1a: Garganacl|Salt Cure|p2a: Ditto\n|-damage|p2a: Ditto|89\/100\n|-start|p2a: Ditto|Salt Cure\n|\n|-heal|p1a: Garganacl|63\/100|[from] item: Leftovers\n|-damage|p2a: Ditto|77\/100|[from] Salt Cure\n|upkeep\n|-start|p2a: Ditto|typechange|Rock|[silent]\n|turn|14\n|\n|t:|1699853441\n|move|p1a: Garganacl|Protect|p1a: Garganacl\n|-singleturn|p1a: Garganacl|Protect\n|move|p2a: Ditto|Salt Cure|p1a: Garganacl\n|-activate|p1a: Garganacl|move: Protect\n|\n|-heal|p1a: Garganacl|69\/100|[from] item: Leftovers\n|-damage|p2a: Ditto|64\/100|[from] Salt Cure\n|upkeep\n|turn|15\n|\n|t:|1699853444\n|move|p2a: Ditto|Salt Cure|p1a: Garganacl\n|-damage|p1a: Garganacl|60\/100\n|-start|p1a: Garganacl|Salt Cure\n|move|p1a: Garganacl|Salt Cure|p2a: Ditto\n|-damage|p2a: Ditto|52\/100\n|\n|-heal|p1a: Garganacl|67\/100|[from] item: Leftovers\n|-damage|p2a: Ditto|40\/100|[from] Salt Cure\n|-damage|p1a: Garganacl|54\/100|[from] Salt Cure\n|upkeep\n|turn|16\n|\n|t:|1699853449\n|switch|p2a: Alomomola|Alomomola, M|97\/100 tox\n|move|p1a: Garganacl|Recover|p1a: Garganacl\n|-heal|p1a: Garganacl|100\/100\n|\n|-damage|p2a: Alomomola|91\/100 tox|[from] psn\n|-damage|p1a: Garganacl|88\/100|[from] Salt Cure\n|upkeep\n|turn|17\n|\n|t:|1699853457\n|switch|p1a: Tapu Bulu|Tapu Bulu, shiny|100\/100\n|-fieldstart|move: Grassy Terrain|[from] ability: Grassy Surge|[of] p1a: Tapu Bulu\n|move|p2a: Alomomola|Knock Off|p1a: Tapu Bulu\n|-resisted|p1a: Tapu Bulu\n|-damage|p1a: Tapu Bulu|92\/100\n|-enditem|p1a: Tapu Bulu|Leftovers|[from] move: Knock Off|[of] p2a: Alomomola\n|\n|-heal|p1a: Tapu Bulu|98\/100|[from] Grassy Terrain\n|-heal|p2a: Alomomola|97\/100 tox|[from] Grassy Terrain\n|-damage|p2a: Alomomola|85\/100 tox|[from] psn\n|upkeep\n|turn|18\n|\n|t:|1699853469\n|switch|p2a: Gliscor|Gliscor, F|100\/100 tox\n|move|p1a: Tapu Bulu|Stone Edge|p2a: Gliscor\n|-damage|p2a: Gliscor|73\/100 tox\n|\n|-heal|p1a: Tapu Bulu|100\/100|[from] Grassy Terrain\n|-heal|p2a: Gliscor|85\/100 tox|[from] ability: Poison Heal\n|upkeep\n|turn|19\n|\n|t:|1699853475\n|move|p1a: Tapu Bulu|Swords Dance|p1a: Tapu Bulu\n|-boost|p1a: Tapu Bulu|atk|2\n|move|p2a: Gliscor|Toxic|p1a: Tapu Bulu\n|-status|p1a: Tapu Bulu|tox\n|\n|-damage|p1a: Tapu Bulu|94\/100 tox|[from] psn\n|-heal|p2a: Gliscor|97\/100 tox|[from] ability: Poison Heal\n|upkeep\n|turn|20\n|\n|t:|1699853487\n|move|p1a: Tapu Bulu|Horn Leech|p2a: Gliscor\n|-damage|p2a: Gliscor|8\/100 tox\n|-heal|p1a: Tapu Bulu|100\/100 tox|[from] drain|[of] p2a: Gliscor\n|move|p2a: Gliscor|U-turn|p1a: Tapu Bulu\n|-damage|p1a: Tapu Bulu|84\/100 tox\n|\n|t:|1699853492\n|switch|p2a: Victini|Victini|100\/100|[from] U-turn\n|\n|-heal|p1a: Tapu Bulu|90\/100 tox|[from] Grassy Terrain\n|-damage|p1a: Tapu Bulu|77\/100 tox|[from] psn\n|upkeep\n|turn|21\n|\n|t:|1699853497\n|switch|p1a: Heatran|Heatran, F|76\/100\n|move|p2a: Victini|U-turn|p1a: Heatran\n|-resisted|p1a: Heatran\n|-damage|p1a: Heatran|72\/100\n|\n|t:|1699853502\n|switch|p2a: Gliscor|Gliscor, F|8\/100 tox|[from] U-turn\n|\n|-heal|p1a: Heatran|78\/100|[from] Grassy Terrain\n|-heal|p2a: Gliscor|20\/100 tox|[from] ability: Poison Heal\n|-fieldend|move: Grassy Terrain\n|upkeep\n|turn|22\n|\n|t:|1699853506\n|switch|p1a: Tapu Bulu|Tapu Bulu, shiny|77\/100 tox\n|-fieldstart|move: Grassy Terrain|[from] ability: Grassy Surge|[of] p1a: Tapu Bulu\n|move|p2a: Gliscor|Earthquake|p1a: Tapu Bulu\n|-resisted|p1a: Tapu Bulu\n|-damage|p1a: Tapu Bulu|68\/100 tox\n|\n|-heal|p1a: Tapu Bulu|74\/100 tox|[from] Grassy Terrain\n|-damage|p1a: Tapu Bulu|68\/100 tox|[from] psn\n|-heal|p2a: Gliscor|32\/100 tox|[from] ability: Poison Heal\n|upkeep\n|turn|23\n|\n|t:|1699853516\n|switch|p2a: Goodra|Goodra-Hisui, M|100\/100\n|move|p1a: Tapu Bulu|Stone Edge|p2a: Goodra|[miss]\n|-miss|p1a: Tapu Bulu|p2a: Goodra\n|\n|-heal|p1a: Tapu Bulu|74\/100 tox|[from] Grassy Terrain\n|-damage|p1a: Tapu Bulu|62\/100 tox|[from] psn\n|upkeep\n|turn|24\n|\n|t:|1699853522\n|switch|p1a: Great Tusk|Great Tusk|100\/100\n|-enditem|p1a: Great Tusk|Booster Energy\n|-activate|p1a: Great Tusk|ability: Protosynthesis|[fromitem]\n|-start|p1a: Great Tusk|protosynthesisatk\n|switch|p2a: Alomomola|Alomomola, M|100\/100 tox\n|\n|-damage|p2a: Alomomola|94\/100 tox|[from] psn\n|upkeep\n|turn|25\n|\n|t:|1699853525\n|move|p1a: Great Tusk|Stealth Rock|p2a: Alomomola\n|-sidestart|p2: gglao4|move: Stealth Rock\n|move|p2a: Alomomola|Wish|p2a: Alomomola\n|\n|-heal|p2a: Alomomola|100\/100 tox|[from] Grassy Terrain\n|-damage|p2a: Alomomola|88\/100 tox|[from] psn\n|upkeep\n|turn|26\n|\n|t:|1699853531\n|move|p1a: Great Tusk|Headlong Rush|p2a: Alomomola\n|-damage|p2a: Alomomola|43\/100 tox\n|-unboost|p1a: Great Tusk|def|1\n|-unboost|p1a: Great Tusk|spd|1\n|-damage|p1a: Great Tusk|84\/100|[from] item: Rocky Helmet|[of] p2a: Alomomola\n|move|p2a: Alomomola|Flip Turn|p1a: Great Tusk\n|-supereffective|p1a: Great Tusk\n|-damage|p1a: Great Tusk|47\/100\n|\n|t:|1699853540\n|switch|p2a: Ditto|Ditto|40\/100|[from] Flip Turn\n|-damage|p2a: Ditto|27\/100|[from] Stealth Rock\n|-transform|p2a: Ditto|p1a: Great Tusk|[from] ability: Imposter\n|\n|-heal|p2a: Ditto|100\/100|[from] move: Wish|[wisher] Alomomola\n|-heal|p1a: Great Tusk|53\/100|[from] Grassy Terrain\n|-fieldend|move: Grassy Terrain\n|upkeep\n|turn|27\n|\n|t:|1699853547\n|-end|p1a: Great Tusk|Protosynthesis|[silent]\n|switch|p1a: Heatran|Heatran, F|78\/100\n|move|p2a: Ditto|Headlong Rush|p1a: Heatran\n|-supereffective|p1a: Heatran\n|-damage|p1a: Heatran|0 fnt\n|-unboost|p2a: Ditto|def|1\n|-unboost|p2a: Ditto|spd|1\n|faint|p1a: Heatran\n|\n|upkeep\n|\n|t:|1699853554\n|switch|p1a: Tapu Bulu|Tapu Bulu, shiny|62\/100 tox\n|-fieldstart|move: Grassy Terrain|[from] ability: Grassy Surge|[of] p1a: Tapu Bulu\n|turn|28\n|\n|t:|1699853565\n|-end|p2a: Ditto|Protosynthesis|[silent]\n|switch|p2a: Goodra|Goodra-Hisui, M|100\/100\n|-damage|p2a: Goodra|94\/100|[from] Stealth Rock\n|move|p1a: Tapu Bulu|Horn Leech|p2a: Goodra\n|-ability|p2a: Goodra|Sap Sipper|boost\n|-boost|p2a: Goodra|atk|1\n|\n|-heal|p1a: Tapu Bulu|68\/100 tox|[from] Grassy Terrain\n|-heal|p2a: Goodra|100\/100|[from] Grassy Terrain\n|-damage|p1a: Tapu Bulu|62\/100 tox|[from] psn\n|upkeep\n|turn|29\n|\n|t:|1699853575\n|switch|p1a: Cresselia|Cresselia, F, shiny|100\/100\n|-enditem|p1a: Cresselia|Grassy Seed\n|-boost|p1a: Cresselia|def|1|[from] item: Grassy Seed\n|switch|p2a: Alomomola|Alomomola, M|76\/100 tox\n|-damage|p2a: Alomomola|64\/100 tox|[from] Stealth Rock\n|\n|-heal|p2a: Alomomola|70\/100 tox|[from] Grassy Terrain\n|-damage|p2a: Alomomola|64\/100 tox|[from] psn\n|upkeep\n|turn|30\n|\n|t:|1699853579\n|move|p1a: Cresselia|Calm Mind|p1a: Cresselia\n|-boost|p1a: Cresselia|spa|1\n|-boost|p1a: Cresselia|spd|1\n|move|p2a: Alomomola|Toxic|p1a: Cresselia|[miss]\n|-miss|p2a: Alomomola|p1a: Cresselia\n|\n|-heal|p2a: Alomomola|70\/100 tox|[from] Grassy Terrain\n|-damage|p2a: Alomomola|57\/100 tox|[from] psn\n|upkeep\n|turn|31\n|\n|t:|1699853585\n|move|p1a: Cresselia|Stored Power|p2a: Alomomola\n|-damage|p2a: Alomomola|20\/100 tox\n|move|p2a: Alomomola|Toxic|p1a: Cresselia\n|-status|p1a: Cresselia|tox\n|\n|-heal|p2a: Alomomola|26\/100 tox|[from] Grassy Terrain\n|-damage|p1a: Cresselia|94\/100 tox|[from] psn\n|-damage|p2a: Alomomola|7\/100 tox|[from] psn\n|upkeep\n|turn|32\n|\n|t:|1699853593\n|move|p1a: Cresselia|Calm Mind|p1a: Cresselia\n|-boost|p1a: Cresselia|spa|1\n|-boost|p1a: Cresselia|spd|1\n|move|p2a: Alomomola|Flip Turn|p1a: Cresselia\n|-damage|p1a: Cresselia|89\/100 tox\n|\n|t:|1699853599\n|switch|p2a: Goodra|Goodra-Hisui, M|100\/100|[from] Flip Turn\n|-damage|p2a: Goodra|94\/100|[from] Stealth Rock\n|\n|-heal|p2a: Goodra|100\/100|[from] Grassy Terrain\n|-damage|p1a: Cresselia|77\/100 tox|[from] psn\n|-fieldend|move: Grassy Terrain\n|upkeep\n|turn|33\n|\n|t:|1699853608\n|move|p1a: Cresselia|Moonblast|p2a: Goodra\n|-damage|p2a: Goodra|84\/100\n|-unboost|p2a: Goodra|spa|1\n|move|p2a: Goodra|Flash Cannon|p1a: Cresselia\n|-damage|p1a: Cresselia|68\/100 tox\n|\n|-damage|p1a: Cresselia|49\/100 tox|[from] psn\n|upkeep\n|turn|34\n|\n|t:|1699853618\n|move|p1a: Cresselia|Stored Power|p2a: Goodra\n|-resisted|p2a: Goodra\n|-damage|p2a: Goodra|70\/100\n|move|p2a: Goodra|Flash Cannon|p1a: Cresselia\n|-damage|p1a: Cresselia|40\/100 tox\n|\n|-damage|p1a: Cresselia|16\/100 tox|[from] psn\n|upkeep\n|turn|35\n|\n|t:|1699853625\n|switch|p1a: Great Tusk|Great Tusk|53\/100\n|move|p2a: Goodra|Flash Cannon|p1a: Great Tusk\n|-damage|p1a: Great Tusk|9\/100\n|\n|upkeep\n|turn|36\n|\n|t:|1699853639\n|switch|p2a: Alomomola|Alomomola, M|41\/100 tox\n|-damage|p2a: Alomomola|28\/100 tox|[from] Stealth Rock\n|move|p1a: Great Tusk|Headlong Rush|p2a: Alomomola\n|-damage|p2a: Alomomola|0 fnt\n|-unboost|p1a: Great Tusk|def|1\n|-unboost|p1a: Great Tusk|spd|1\n|-damage|p1a: Great Tusk|0 fnt|[from] item: Rocky Helmet|[of] p2a: Alomomola\n|faint|p2a: Alomomola\n|faint|p1a: Great Tusk\n|-end|p1a: Great Tusk|Protosynthesis|[silent]\n|\n|upkeep\n|\n|t:|1699853651\n|switch|p1a: Tapu Bulu|Tapu Bulu, shiny|62\/100 tox\n|switch|p2a: Victini|Victini|100\/100\n|-damage|p2a: Victini|76\/100|[from] Stealth Rock\n|-fieldstart|move: Grassy Terrain|[from] ability: Grassy Surge|[of] p1a: Tapu Bulu\n|turn|37\n|\n|t:|1699853658\n|switch|p1a: Garganacl|Garganacl, F, tera:Ghost|88\/100\n|move|p2a: Victini|V-create|p1a: Garganacl\n|-damage|p1a: Garganacl|31\/100\n|-unboost|p2a: Victini|spe|1\n|-unboost|p2a: Victini|def|1\n|-unboost|p2a: Victini|spd|1\n|\n|-heal|p2a: Victini|82\/100|[from] Grassy Terrain\n|-heal|p1a: Garganacl|37\/100|[from] Grassy Terrain\n|-heal|p1a: Garganacl|44\/100|[from] item: Leftovers\n|upkeep\n|turn|38\n|\n|t:|1699853665\n|move|p1a: Garganacl|Protect|p1a: Garganacl\n|-singleturn|p1a: Garganacl|Protect\n|move|p2a: Victini|V-create|p1a: Garganacl\n|-activate|p1a: Garganacl|move: Protect\n|\n|-heal|p2a: Victini|88\/100|[from] Grassy Terrain\n|-heal|p1a: Garganacl|50\/100|[from] Grassy Terrain\n|-heal|p1a: Garganacl|56\/100|[from] item: Leftovers\n|upkeep\n|turn|39\n|\n|t:|1699853671\n|switch|p1a: Zapdos|Zapdos|100\/100\n|move|p2a: Victini|V-create|p1a: Zapdos\n|-damage|p1a: Zapdos|40\/100\n|-unboost|p2a: Victini|spe|1\n|-unboost|p2a: Victini|def|1\n|-unboost|p2a: Victini|spd|1\n|-status|p2a: Victini|par|[from] ability: Static|[of] p1a: Zapdos\n|\n|-heal|p2a: Victini|94\/100 par|[from] Grassy Terrain\n|upkeep\n|turn|40\n|\n|t:|1699853684\n|switch|p2a: Ditto|Ditto|100\/100\n|-damage|p2a: Ditto|88\/100|[from] Stealth Rock\n|-transform|p2a: Ditto|p1a: Zapdos|[from] ability: Imposter\n|move|p1a: Zapdos|Volt Switch|p2a: Ditto\n|-damage|p2a: Ditto|54\/100\n|\n|t:|1699853693\n|switch|p1a: Garganacl|Garganacl, F, tera:Ghost|56\/100|[from] Volt Switch\n|\n|-heal|p1a: Garganacl|62\/100|[from] Grassy Terrain\n|-heal|p1a: Garganacl|68\/100|[from] item: Leftovers\n|upkeep\n|turn|41\n|\n|t:|1699853708\n|move|p2a: Ditto|Defog|p1a: Garganacl\n|-unboost|p1a: Garganacl|evasion|1\n|-sideend|p2: gglao4|Stealth Rock|[from] move: Defog|[of] p2a: Ditto\n|-fieldend|move: Grassy Terrain\n|move|p1a: Garganacl|Recover|p1a: Garganacl\n|-heal|p1a: Garganacl|100\/100\n|\n|upkeep\n|turn|42\n|\n|t:|1699853718\n|switch|p2a: Gliscor|Gliscor, F|32\/100 tox\n|move|p1a: Garganacl|Salt Cure|p2a: Gliscor\n|-damage|p2a: Gliscor|21\/100 tox\n|-start|p2a: Gliscor|Salt Cure\n|\n|-heal|p2a: Gliscor|34\/100 tox|[from] ability: Poison Heal\n|-damage|p2a: Gliscor|21\/100 tox|[from] Salt Cure\n|upkeep\n|turn|43\n|\n|t:|1699853734\n|move|p2a: Gliscor|Earthquake|p1a: Garganacl\n|-damage|p1a: Garganacl|80\/100\n|move|p1a: Garganacl|Salt Cure|p2a: Gliscor\n|-damage|p2a: Gliscor|10\/100 tox\n|\n|-heal|p1a: Garganacl|86\/100|[from] item: Leftovers\n|-heal|p2a: Gliscor|23\/100 tox|[from] ability: Poison Heal\n|-damage|p2a: Gliscor|10\/100 tox|[from] Salt Cure\n|upkeep\n|turn|44\n|\n|t:|1699853740\n|move|p2a: Gliscor|Earthquake|p1a: Garganacl\n|-damage|p1a: Garganacl|66\/100\n|move|p1a: Garganacl|Salt Cure|p2a: Gliscor\n|-damage|p2a: Gliscor|0 fnt\n|faint|p2a: Gliscor\n|\n|-heal|p1a: Garganacl|72\/100|[from] item: Leftovers\n|upkeep\n|\n|t:|1699853751\n|switch|p2a: Zamazenta|Zamazenta|84\/100\n|turn|45\n|\n|t:|1699853758\n|move|p2a: Zamazenta|Crunch|p1a: Garganacl\n|-supereffective|p1a: Garganacl\n|-damage|p1a: Garganacl|19\/100\n|move|p1a: Garganacl|Salt Cure|p2a: Zamazenta\n|-resisted|p2a: Zamazenta\n|-damage|p2a: Zamazenta|77\/100\n|-start|p2a: Zamazenta|Salt Cure\n|\n|-heal|p1a: Garganacl|25\/100|[from] item: Leftovers\n|-damage|p2a: Zamazenta|65\/100|[from] Salt Cure\n|upkeep\n|turn|46\n|\n|t:|1699853767\n|move|p1a: Garganacl|Protect|p1a: Garganacl\n|-singleturn|p1a: Garganacl|Protect\n|move|p2a: Zamazenta|Crunch|p1a: Garganacl\n|-activate|p1a: Garganacl|move: Protect\n|\n|-heal|p1a: Garganacl|32\/100|[from] item: Leftovers\n|-damage|p2a: Zamazenta|53\/100|[from] Salt Cure\n|upkeep\n|turn|47\n|\n|t:|1699853770\n|switch|p2a: Ditto|Ditto|54\/100\n|-transform|p2a: Ditto|p1a: Garganacl|[from] ability: Imposter\n|switch|p1a: Tapu Bulu|Tapu Bulu, shiny|62\/100 tox\n|-fieldstart|move: Grassy Terrain|[from] ability: Grassy Surge|[of] p1a: Tapu Bulu\n|\n|-heal|p1a: Tapu Bulu|68\/100 tox|[from] Grassy Terrain\n|-heal|p2a: Ditto|60\/100|[from] Grassy Terrain\n|-damage|p1a: Tapu Bulu|62\/100 tox|[from] psn\n|upkeep\n|turn|48\n|\n|t:|1699853780\n|switch|p2a: Goodra|Goodra-Hisui, M|70\/100\n|move|p1a: Tapu Bulu|Stone Edge|p2a: Goodra|[miss]\n|-miss|p1a: Tapu Bulu|p2a: Goodra\n|\n|-heal|p1a: Tapu Bulu|68\/100 tox|[from] Grassy Terrain\n|-heal|p2a: Goodra|76\/100|[from] Grassy Terrain\n|-damage|p1a: Tapu Bulu|56\/100 tox|[from] psn\n|upkeep\n|turn|49\n|\n|t:|1699853791\n|move|p1a: Tapu Bulu|Close Combat|p2a: Goodra\n|-supereffective|p2a: Goodra\n|-crit|p2a: Goodra\n|-damage|p2a: Goodra|0 fnt\n|-unboost|p1a: Tapu Bulu|def|1\n|-unboost|p1a: Tapu Bulu|spd|1\n|faint|p2a: Goodra\n|\n|-heal|p1a: Tapu Bulu|62\/100 tox|[from] Grassy Terrain\n|-damage|p1a: Tapu Bulu|43\/100 tox|[from] psn\n|upkeep\n|\n|t:|1699853798\n|switch|p2a: Victini|Victini|94\/100 par\n|turn|50\n|\n|t:|1699853801\n|move|p2a: Victini|V-create|p1a: Tapu Bulu\n|-supereffective|p1a: Tapu Bulu\n|-damage|p1a: Tapu Bulu|0 fnt\n|-unboost|p2a: Victini|spe|1\n|-unboost|p2a: Victini|def|1\n|-unboost|p2a: Victini|spd|1\n|faint|p1a: Tapu Bulu\n|\n|-heal|p2a: Victini|99\/100 par|[from] Grassy Terrain\n|upkeep\n|\n|t:|1699853805\n|switch|p1a: Garganacl|Garganacl, F, tera:Ghost|32\/100\n|turn|51\n|\n|t:|1699853810\n|move|p1a: Garganacl|Protect|p1a: Garganacl\n|-singleturn|p1a: Garganacl|Protect\n|move|p2a: Victini|V-create|p1a: Garganacl\n|-activate|p1a: Garganacl|move: Protect\n|\n|-heal|p2a: Victini|100\/100 par|[from] Grassy Terrain\n|-heal|p1a: Garganacl|38\/100|[from] Grassy Terrain\n|-heal|p1a: Garganacl|44\/100|[from] item: Leftovers\n|-fieldend|move: Grassy Terrain\n|upkeep\n|turn|52\n|\n|t:|1699853816\n|switch|p1a: Cresselia|Cresselia, F, shiny|16\/100 tox\n|move|p2a: Victini|V-create|p1a: Cresselia\n|-damage|p1a: Cresselia|0 fnt\n|-unboost|p2a: Victini|spe|1\n|-unboost|p2a: Victini|def|1\n|-unboost|p2a: Victini|spd|1\n|faint|p1a: Cresselia\n|\n|upkeep\n|\n|t:|1699853818\n|switch|p1a: Zapdos|Zapdos|40\/100\n|turn|53\n|\n|t:|1699853826\n|switch|p2a: Ditto|Ditto|60\/100\n|-transform|p2a: Ditto|p1a: Zapdos|[from] ability: Imposter\n|move|p1a: Zapdos|Volt Switch|p2a: Ditto\n|-damage|p2a: Ditto|22\/100\n|\n|t:|1699853833\n|switch|p1a: Garganacl|Garganacl, F, tera:Ghost|44\/100|[from] Volt Switch\n|\n|-heal|p1a: Garganacl|50\/100|[from] item: Leftovers\n|upkeep\n|turn|54\n|\n|t:|1699853836\n|move|p2a: Ditto|Volt Switch|p1a: Garganacl\n|-damage|p1a: Garganacl|32\/100\n|\n|t:|1699853841\n|switch|p2a: Zamazenta|Zamazenta|53\/100|[from] Volt Switch\n|move|p1a: Garganacl|Recover|p1a: Garganacl\n|-heal|p1a: Garganacl|82\/100\n|\n|-heal|p1a: Garganacl|88\/100|[from] item: Leftovers\n|upkeep\n|turn|55\n|\n|t:|1699853847\n|move|p2a: Zamazenta|Crunch|p1a: Garganacl\n|-supereffective|p1a: Garganacl\n|-damage|p1a: Garganacl|29\/100\n|-unboost|p1a: Garganacl|def|1\n|move|p1a: Garganacl|Salt Cure|p2a: Zamazenta\n|-resisted|p2a: Zamazenta\n|-damage|p2a: Zamazenta|46\/100\n|-start|p2a: Zamazenta|Salt Cure\n|\n|-heal|p1a: Garganacl|35\/100|[from] item: Leftovers\n|-damage|p2a: Zamazenta|34\/100|[from] Salt Cure\n|upkeep\n|turn|56\n|\n|t:|1699853858\n|switch|p2a: Victini|Victini|100\/100 par\n|move|p1a: Garganacl|Protect||[still]\n|-fail|p1a: Garganacl\n|\n|-heal|p1a: Garganacl|42\/100|[from] item: Leftovers\n|upkeep\n|turn|57\n|\n|t:|1699853864\n|switch|p1a: Zapdos|Zapdos|40\/100\n|move|p2a: Victini|V-create|p1a: Zapdos\n|-damage|p1a: Zapdos|0 fnt\n|-unboost|p2a: Victini|spe|1\n|-unboost|p2a: Victini|def|1\n|-unboost|p2a: Victini|spd|1\n|faint|p1a: Zapdos\n|\n|upkeep\n|\n|t:|1699853867\n|switch|p1a: Garganacl|Garganacl, F, tera:Ghost|42\/100\n|turn|58\n|\n|t:|1699853874\n|-terastallize|p2a: Victini|Fire\n|cant|p2a: Victini|par\n|move|p1a: Garganacl|Recover|p1a: Garganacl\n|-heal|p1a: Garganacl|92\/100\n|\n|-heal|p1a: Garganacl|98\/100|[from] item: Leftovers\n|upkeep\n|turn|59\n|c|\u2606gglao4|\u4f60\u662f\u6709\u591a\u72d7\u8fd0\n|\n|t:|1699853898\n|switch|p2a: Ditto|Ditto|22\/100\n|-transform|p2a: Ditto|p1a: Garganacl|[from] ability: Imposter\n|move|p1a: Garganacl|Salt Cure|p2a: Ditto\n|-damage|p2a: Ditto|10\/100\n|-start|p2a: Ditto|Salt Cure\n|\n|-heal|p1a: Garganacl|100\/100|[from] item: Leftovers\n|-damage|p2a: Ditto|0 fnt|[from] Salt Cure\n|faint|p2a: Ditto\n|upkeep\n|\n|t:|1699853910\n|switch|p2a: Victini|Victini, tera:Fire|100\/100 par\n|turn|60\n|\n|t:|1699853914\n|move|p2a: Victini|V-create|p1a: Garganacl\n|-damage|p1a: Garganacl|33\/100\n|-unboost|p2a: Victini|spe|1\n|-unboost|p2a: Victini|def|1\n|-unboost|p2a: Victini|spd|1\n|move|p1a: Garganacl|Salt Cure|p2a: Victini\n|-supereffective|p2a: Victini\n|-damage|p2a: Victini|61\/100 par\n|-start|p2a: Victini|Salt Cure\n|\n|-heal|p1a: Garganacl|39\/100|[from] item: Leftovers\n|-damage|p2a: Victini|49\/100 par|[from] Salt Cure\n|upkeep\n|turn|61\n|\n|t:|1699853923\n|switch|p2a: Zamazenta|Zamazenta|34\/100\n|move|p1a: Garganacl|Protect||[still]\n|-fail|p1a: Garganacl\n|\n|-heal|p1a: Garganacl|45\/100|[from] item: Leftovers\n|upkeep\n|turn|62\n|\n|t:|1699853928\n|move|p2a: Zamazenta|Crunch|p1a: Garganacl\n|-supereffective|p1a: Garganacl\n|-damage|p1a: Garganacl|0 fnt\n|faint|p1a: Garganacl\n|\n|win|gglao4\n|raw|kaigualelaodi's rating: 1419 &rarr; <strong>1406<\/strong><br \/>(-13 for losing)\n|raw|gglao4's rating: 1546 &rarr; <strong>1559<\/strong><br \/>(+13 for winning)\n","uploadtime":1699853933,"views":4,"p1id":"kaigualelaodi","p2id":"gglao4","formatid":"gen9nationaldex","rating":1406,"private":0,"password":""}