{"id":"gen9nationaldex-1995327057","p1":"NDSNEZ Larrea","p2":"batmanga","format":"[Gen 9] National Dex","log":"|html|<div class=\"broadcast-blue\"><strong>[Gen 9] National Dex is currently suspecting Sneasler! For information on how to participate check out the <a href=\"https:\/\/www.smogon.com\/forums\/threads\/sv-national-dex-suspect-8-just-dance.3731534\/\">suspect thread<\/a>.<\/strong><\/div>\n|j|\u2606NDSNEZ Larrea\n|j|\u2606batmanga\n|inactive|Battle timer is ON: inactive players will automatically lose when time's up.\n|t:|1700554267\n|gametype|singles\n|player|p1|NDSNEZ Larrea|olivia|\n|player|p2|batmanga|riley|\n|teamsize|p1|6\n|teamsize|p2|6\n|gen|9\n|tier|[Gen 9] National Dex\n|rated|Tournament battle\n|rule|HP Percentage Mod: HP is shown in percentages\n|rule|Endless Battle Clause: Forcing endless battles is banned\n|rule|OHKO Clause: OHKO moves are banned\n|rule|Evasion Clause: Evasion abilities, items, and moves are banned\n|rule|Evasion Abilities Clause: Evasion abilities are banned\n|rule|Evasion Items Clause: Evasion items are banned\n|rule|Evasion Moves Clause: Evasion moves are banned\n|rule|Species Clause: Limit one of each Pok\u00e9mon\n|rule|Sleep Clause Mod: Limit one foe put to sleep\n|clearpoke\n|poke|p1|Tapu Lele|\n|poke|p1|Garchomp, F|\n|poke|p1|Sneasler, M|\n|poke|p1|Landorus-Therian, M|\n|poke|p1|Ninetales-Alola, F|\n|poke|p1|Kommo-o, F|\n|poke|p2|Slowking, M|\n|poke|p2|Zamazenta-*|\n|poke|p2|Raticate, F|\n|poke|p2|Skeledirge, F|\n|poke|p2|Arctozolt|\n|poke|p2|Iron Treads|\n|teampreview\n|c|\u2606NDSNEZ Larrea|hey we just played in ladder\n|c|\u2606NDSNEZ Larrea|:)\n|inactive|batmanga has 120 seconds left.\n|j| DoctorFiraga\n|inactive|batmanga has 90 seconds left.\n|\n|t:|1700554328\n|start\n|switch|p1a: Ninetales|Ninetales-Alola, F|100\/100\n|switch|p2a: Slowking|Slowking, M|100\/100\n|-weather|Snow|[from] ability: Snow Warning|[of] p1a: Ninetales\n|turn|1\n|c| DoctorFiraga|Raticate???\n|inactive|batmanga has 120 seconds left.\n|\n|t:|1700554363\n|move|p1a: Ninetales|Aurora Veil|p1a: Ninetales\n|-sidestart|p1: NDSNEZ Larrea|move: Aurora Veil\n|move|p2a: Slowking|Future Sight|p1a: Ninetales\n|-start|p2a: Slowking|move: Future Sight\n|\n|-weather|Snow|[upkeep]\n|upkeep\n|turn|2\n|c|\u2606NDSNEZ Larrea|its guts\n|\n|t:|1700554388\n|move|p1a: Ninetales|Encore|p2a: Slowking\n|-start|p2a: Slowking|Encore\n|move|p2a: Slowking|Future Sight||[still]\n|-fail|p2a: Slowking\n|\n|-weather|Snow|[upkeep]\n|upkeep\n|turn|3\n|\n|t:|1700554400\n|switch|p1a: Garchomp|Garchomp, F|100\/100\n|switch|p2a: Arctozolt|Arctozolt|100\/100\n|\n|-weather|Snow|[upkeep]\n|-end|p1a: Garchomp|move: Future Sight\n|-crit|p1a: Garchomp\n|-damage|p1a: Garchomp|30\/100\n|upkeep\n|turn|4\n|\n|t:|1700554410\n|switch|p1a: Landorus|Landorus-Therian, M|100\/100\n|-ability|p1a: Landorus|Intimidate|boost\n|-unboost|p2a: Arctozolt|atk|1\n|move|p2a: Arctozolt|Blizzard|p1a: Landorus\n|-supereffective|p1a: Landorus\n|-damage|p1a: Landorus|36\/100\n|\n|-weather|Snow|[upkeep]\n|upkeep\n|turn|5\n|\n|t:|1700554423\n|switch|p1a: Tapu Lele|Tapu Lele|100\/100\n|-fieldstart|move: Psychic Terrain|[from] ability: Psychic Surge|[of] p1a: Tapu Lele\n|move|p2a: Arctozolt|Blizzard|p1a: Tapu Lele\n|-damage|p1a: Tapu Lele|82\/100\n|\n|-weather|none\n|upkeep\n|turn|6\n|\n|t:|1700554437\n|switch|p2a: Iron Treads|Iron Treads|100\/100\n|-enditem|p2a: Iron Treads|Booster Energy\n|-activate|p2a: Iron Treads|ability: Quark Drive|[fromitem]\n|-start|p2a: Iron Treads|quarkdrivespe\n|move|p1a: Tapu Lele|Psychic|p2a: Iron Treads\n|-resisted|p2a: Iron Treads\n|-damage|p2a: Iron Treads|30\/100\n|\n|upkeep\n|turn|7\n|\n|t:|1700554445\n|move|p2a: Iron Treads|Stealth Rock|p1a: Tapu Lele\n|-sidestart|p1: NDSNEZ Larrea|move: Stealth Rock\n|move|p1a: Tapu Lele|Psychic|p2a: Iron Treads\n|-resisted|p2a: Iron Treads\n|-damage|p2a: Iron Treads|0 fnt\n|faint|p2a: Iron Treads\n|-end|p2a: Iron Treads|Quark Drive|[silent]\n|\n|upkeep\n|\n|t:|1700554457\n|switch|p2a: Slowking|Slowking, M|100\/100\n|turn|8\n|\n|t:|1700554459\n|move|p1a: Tapu Lele|Psychic|p2a: Slowking\n|-resisted|p2a: Slowking\n|-damage|p2a: Slowking|72\/100\n|move|p2a: Slowking|Chilly Reception|p2a: Slowking\n|-weather|Snow\n|\n|t:|1700554463\n|switch|p2a: Arctozolt|Arctozolt|100\/100|[from] Chilly Reception\n|\n|-weather|Snow|[upkeep]\n|-sideend|p1: NDSNEZ Larrea|move: Aurora Veil\n|upkeep\n|turn|9\n|\n|t:|1700554470\n|switch|p1a: Garchomp|Garchomp, F|30\/100\n|-damage|p1a: Garchomp|24\/100|[from] Stealth Rock\n|move|p2a: Arctozolt|Bolt Beak|p1a: Garchomp\n|-immune|p1a: Garchomp\n|\n|-weather|Snow|[upkeep]\n|-fieldend|move: Psychic Terrain\n|upkeep\n|turn|10\n|\n|t:|1700554475\n|move|p2a: Arctozolt|Blizzard|p1a: Garchomp\n|-supereffective|p1a: Garchomp\n|-damage|p1a: Garchomp|0 fnt\n|faint|p1a: Garchomp\n|\n|-weather|Snow|[upkeep]\n|upkeep\n|\n|t:|1700554478\n|switch|p1a: Ninetales|Ninetales-Alola, F|100\/100\n|-damage|p1a: Ninetales|76\/100|[from] Stealth Rock\n|turn|11\n|\n|t:|1700554483\n|-terastallize|p2a: Arctozolt|Electric\n|-terastallize|p1a: Ninetales|Steel\n|move|p2a: Arctozolt|Bolt Beak|p1a: Ninetales\n|-damage|p1a: Ninetales|0 fnt\n|faint|p1a: Ninetales\n|\n|-weather|Snow|[upkeep]\n|upkeep\n|c|\u2606NDSNEZ Larrea|:(\n|\n|t:|1700554491\n|switch|p1a: Tapu Lele|Tapu Lele|82\/100\n|-damage|p1a: Tapu Lele|70\/100|[from] Stealth Rock\n|-fieldstart|move: Psychic Terrain|[from] ability: Psychic Surge|[of] p1a: Tapu Lele\n|turn|12\n|\n|t:|1700554496\n|switch|p1a: Landorus|Landorus-Therian, M|36\/100\n|-damage|p1a: Landorus|23\/100|[from] Stealth Rock\n|-ability|p1a: Landorus|Intimidate|boost\n|-unboost|p2a: Arctozolt|atk|1\n|move|p2a: Arctozolt|Bolt Beak|p1a: Landorus\n|-immune|p1a: Landorus\n|\n|-weather|Snow|[upkeep]\n|upkeep\n|turn|13\n|\n|t:|1700554501\n|move|p2a: Arctozolt|Blizzard|p1a: Landorus\n|-supereffective|p1a: Landorus\n|-damage|p1a: Landorus|0 fnt\n|faint|p1a: Landorus\n|\n|-weather|Snow|[upkeep]\n|upkeep\n|\n|t:|1700554506\n|switch|p1a: Sneasler|Sneasler, M|100\/100\n|-damage|p1a: Sneasler|95\/100|[from] Stealth Rock\n|-enditem|p1a: Sneasler|Psychic Seed\n|-boost|p1a: Sneasler|spd|1|[from] item: Psychic Seed\n|turn|14\n|\n|t:|1700554523\n|switch|p2a: Skeledirge|Skeledirge, F|100\/100\n|move|p1a: Sneasler|Swords Dance|p1a: Sneasler\n|-boost|p1a: Sneasler|atk|2\n|\n|-weather|Snow|[upkeep]\n|upkeep\n|turn|15\n|\n|t:|1700554532\n|move|p1a: Sneasler|Dire Claw|p2a: Skeledirge\n|-resisted|p2a: Skeledirge\n|-damage|p2a: Skeledirge|88\/100\n|-status|p2a: Skeledirge|slp\n|cant|p2a: Skeledirge|slp\n|\n|-weather|none\n|upkeep\n|turn|16\n|\n|t:|1700554540\n|move|p1a: Sneasler|Acrobatics|p2a: Skeledirge\n|-damage|p2a: Skeledirge|63\/100 slp\n|cant|p2a: Skeledirge|slp\n|\n|-fieldend|move: Psychic Terrain\n|upkeep\n|turn|17\n|\n|t:|1700554544\n|move|p1a: Sneasler|Acrobatics|p2a: Skeledirge\n|-damage|p2a: Skeledirge|36\/100 slp\n|cant|p2a: Skeledirge|slp\n|\n|upkeep\n|turn|18\n|\n|t:|1700554549\n|move|p1a: Sneasler|Acrobatics|p2a: Skeledirge\n|-damage|p2a: Skeledirge|10\/100 slp\n|-curestatus|p2a: Skeledirge|slp|[msg]\n|move|p2a: Skeledirge|Slack Off|p2a: Skeledirge\n|-heal|p2a: Skeledirge|60\/100\n|\n|upkeep\n|turn|19\n|\n|t:|1700554554\n|move|p1a: Sneasler|Dire Claw|p2a: Skeledirge\n|-resisted|p2a: Skeledirge\n|-damage|p2a: Skeledirge|46\/100\n|move|p2a: Skeledirge|Will-O-Wisp|p1a: Sneasler|[miss]\n|-miss|p2a: Skeledirge|p1a: Sneasler\n|\n|upkeep\n|turn|20\n|c|\u2606batmanga|:D\n|c|\u2606batmanga|I will get crit fuck skill\n|\n|t:|1700554575\n|move|p1a: Sneasler|Dire Claw|p2a: Skeledirge\n|-resisted|p2a: Skeledirge\n|-damage|p2a: Skeledirge|32\/100\n|-status|p2a: Skeledirge|par\n|move|p2a: Skeledirge|Will-O-Wisp|p1a: Sneasler|[miss]\n|-miss|p2a: Skeledirge|p1a: Sneasler\n|\n|upkeep\n|turn|21\n|c|\u2606batmanga|BRO\n|\n|t:|1700554583\n|move|p1a: Sneasler|Acrobatics|p2a: Skeledirge\n|-crit|p2a: Skeledirge\n|-damage|p2a: Skeledirge|0 fnt\n|faint|p2a: Skeledirge\n|\n|upkeep\n|c|\u2606NDSNEZ Larrea|:)\n|c|\u2606NDSNEZ Larrea|; )\n|c| DoctorFiraga|Holy\n|c|\u2606batmanga|so i destroy you on skill right\n|inactive|batmanga has 120 seconds left.\n|c|\u2606batmanga|I played better\n|c|\u2606NDSNEZ Larrea|yes thats how it works\n|c|\u2606batmanga|Ok\n|\n|t:|1700554614\n|switch|p2a: Slowking|Slowking, M|100\/100\n|turn|22\n|\n|t:|1700554619\n|move|p1a: Sneasler|Swords Dance|p1a: Sneasler\n|-boost|p1a: Sneasler|atk|2\n|move|p2a: Slowking|Chilly Reception|p2a: Slowking\n|-weather|Snow\n|\n|t:|1700554623\n|switch|p2a: Arctozolt|Arctozolt, tera:Electric|100\/100|[from] Chilly Reception\n|\n|-weather|Snow|[upkeep]\n|upkeep\n|turn|23\n|\n|t:|1700554625\n|move|p1a: Sneasler|Close Combat|p2a: Arctozolt\n|-damage|p2a: Arctozolt|0 fnt\n|-unboost|p1a: Sneasler|def|1\n|-unboost|p1a: Sneasler|spd|1\n|faint|p2a: Arctozolt\n|\n|-weather|Snow|[upkeep]\n|upkeep\n|\n|t:|1700554630\n|switch|p2a: Slowking|Slowking, M|100\/100\n|turn|24\n|\n|t:|1700554633\n|move|p1a: Sneasler|Acrobatics|p2a: Slowking\n|-crit|p2a: Slowking\n|-damage|p2a: Slowking|0 fnt\n|faint|p2a: Slowking\n|\n|-weather|Snow|[upkeep]\n|upkeep\n|c|\u2606batmanga|WTF\n|c|\u2606batmanga|???????????????\n|c|\u2606NDSNEZ Larrea|you wouldnt have survived that anyways\n|\n|t:|1700554647\n|switch|p2a: Zamazenta|Zamazenta|100\/100\n|-ability|p2a: Zamazenta|Dauntless Shield|boost\n|-boost|p2a: Zamazenta|def|1\n|turn|25\n|\n|t:|1700554650\n|move|p1a: Sneasler|Acrobatics|p2a: Zamazenta\n|-supereffective|p2a: Zamazenta\n|-damage|p2a: Zamazenta|0 fnt\n|faint|p2a: Zamazenta\n|\n|-weather|Snow|[upkeep]\n|upkeep\n|j| Meelll0\n|c|\u2606batmanga|You literally\n|c|\u2606batmanga|would have lost if this bullshit never happens\n|inactive|batmanga has 120 seconds left.\n|c|\u2606batmanga|haha\n|c|\u2606NDSNEZ Larrea|so true!\n|\n|t:|1700554685\n|switch|p2a: Raticate|Raticate, F|100\/100\n|turn|26\n|\n|t:|1700554687\n|move|p1a: Sneasler|Close Combat|p2a: Raticate\n|-supereffective|p2a: Raticate\n|-damage|p2a: Raticate|0 fnt\n|-unboost|p1a: Sneasler|def|1\n|-unboost|p1a: Sneasler|spd|1\n|faint|p2a: Raticate\n|\n|win|NDSNEZ Larrea\n|n|\u2606NDSNEZ Larrea|ndsnezlarrea\n|n|\u2606batmanga|batmanga\n|n| DoctorFiraga|doctorfiraga\n|n| Meelll0|meelll0\n|c|\u2606batmanga|no skill only luck\n|l| DoctorFiraga\n|c|\u2606batmanga|i love sneasler\n|c|\u2606NDSNEZ Larrea|so true!\n|l|\u2606NDSNEZ Larrea\n|c|\u2606batmanga|Never in your life complained about your luck\n","uploadtime":1700554831,"views":14,"p1id":"ndsnezlarrea","p2id":"batmanga","formatid":"gen9nationaldex","rating":0,"private":0,"password":""}