{"id":"gen9nationaldex-1996578474","p1":"lolowtf09","p2":"PeppsiAsiEs","format":"[Gen 9] National Dex","log":"|html|<div class=\"broadcast-blue\"><strong>[Gen 9] National Dex is currently suspecting Sneasler! For information on how to participate check out the <a href=\"https:\/\/www.smogon.com\/forums\/threads\/sv-national-dex-suspect-8-just-dance.3731534\/\">suspect thread<\/a>.<\/strong><\/div>\n|j|\u2606lolowtf09\n|j|\u2606PeppsiAsiEs\n|t:|1700696457\n|gametype|singles\n|player|p1|lolowtf09|burgh|\n|player|p2|PeppsiAsiEs|poppy|\n|teamsize|p1|6\n|teamsize|p2|6\n|gen|9\n|tier|[Gen 9] National Dex\n|rule|HP Percentage Mod: HP is shown in percentages\n|rule|Endless Battle Clause: Forcing endless battles is banned\n|rule|OHKO Clause: OHKO moves are banned\n|rule|Evasion Clause: Evasion abilities, items, and moves are banned\n|rule|Evasion Abilities Clause: Evasion abilities are banned\n|rule|Evasion Items Clause: Evasion items are banned\n|rule|Evasion Moves Clause: Evasion moves are banned\n|rule|Species Clause: Limit one of each Pok\u00e9mon\n|rule|Sleep Clause Mod: Limit one foe put to sleep\n|clearpoke\n|poke|p1|Victini|\n|poke|p1|Ogerpon-Wellspring, F|\n|poke|p1|Sandy Shocks|\n|poke|p1|Bellibolt, F|\n|poke|p1|Venusaur, M|\n|poke|p1|Corviknight, F|\n|poke|p2|Skarmory, F|\n|poke|p2|Jirachi|\n|poke|p2|Celesteela|\n|poke|p2|Bisharp, M|\n|poke|p2|Aegislash, M|\n|poke|p2|Heatran, M|\n|teampreview\n|c|\u2606PeppsiAsiEs|\u00a1Hola, Aspirante! Veo que has llegado muy lejos hasta aqu\u00ed ahora con demasiado esfuerzo conllevado a batallas esplendidas. Esta batalla, no ser\u00e1 la excepci\u00f3n.\n|c|\u2606lolowtf09|si lo sera\n|c|\u2606PeppsiAsiEs|Antes de empezar el combate, prefieres romperte... o doblarte\n|c|\u2606lolowtf09|que me la doblen\n|\n|t:|1700696508\n|start\n|switch|p1a: Sandy Cocks|Sandy Shocks|100\/100\n|switch|p2a: Aegislash|Aegislash, M|100\/100\n|-enditem|p1a: Sandy Cocks|Booster Energy\n|-activate|p1a: Sandy Cocks|ability: Protosynthesis|[fromitem]\n|-start|p1a: Sandy Cocks|protosynthesisspe\n|turn|1\n|\n|t:|1700696518\n|move|p1a: Sandy Cocks|Thunderbolt|p2a: Aegislash\n|-damage|p2a: Aegislash|64\/100\n|move|p2a: Aegislash|Swords Dance|p2a: Aegislash\n|-boost|p2a: Aegislash|atk|2\n|\n|upkeep\n|turn|2\n|j| Insipido\n|\n|t:|1700696531\n|move|p1a: Sandy Cocks|Earth Power|p2a: Aegislash\n|-supereffective|p2a: Aegislash\n|-damage|p2a: Aegislash|0 fnt\n|faint|p2a: Aegislash\n|\n|upkeep\n|j| Gamer00ooO\n|j| WSoldat\n|\n|t:|1700696542\n|switch|p2a: Heatran|Heatran, M|100\/100\n|-item|p2a: Heatran|Air Balloon\n|turn|3\n|c|\u2606lolowtf09|insipido joined\n|j| Sylveon(404)\n|\n|t:|1700696551\n|move|p1a: Sandy Cocks|Thunderbolt|p2a: Heatran\n|-damage|p2a: Heatran|76\/100\n|-enditem|p2a: Heatran|Air Balloon\n|move|p2a: Heatran|Earth Power|p1a: Sandy Cocks\n|-supereffective|p1a: Sandy Cocks\n|-damage|p1a: Sandy Cocks|42\/100\n|\n|upkeep\n|turn|4\n|\n|t:|1700696559\n|-terastallize|p2a: Heatran|Grass\n|move|p1a: Sandy Cocks|Earth Power|p2a: Heatran\n|-resisted|p2a: Heatran\n|-damage|p2a: Heatran|63\/100\n|move|p2a: Heatran|Earth Power|p1a: Sandy Cocks\n|-supereffective|p1a: Sandy Cocks\n|-crit|p1a: Sandy Cocks\n|-damage|p1a: Sandy Cocks|0 fnt\n|faint|p1a: Sandy Cocks\n|-end|p1a: Sandy Cocks|Protosynthesis|[silent]\n|\n|upkeep\n|\n|t:|1700696570\n|switch|p1a: Drogadiccion|Venusaur, M|100\/100\n|turn|5\n|c| Sylveon(404)|pep no pierdas 2 veces hoy con la silla dale!\n|\n|t:|1700696585\n|switch|p2a: Skarmory|Skarmory, F|100\/100\n|detailschange|p1a: Drogadiccion|Venusaur-Mega, M\n|-mega|p1a: Drogadiccion|Venusaur|Venusaurite\n|move|p1a: Drogadiccion|Sludge Bomb|p2a: Skarmory\n|-immune|p2a: Skarmory\n|\n|upkeep\n|turn|6\n|\n|t:|1700696597\n|switch|p1a: Depresion|Ogerpon-Wellspring, F|100\/100\n|move|p2a: Skarmory|Stealth Rock|p1a: Depresion\n|-sidestart|p1: lolowtf09|move: Stealth Rock\n|\n|upkeep\n|turn|7\n|\n|t:|1700696604\n|-terastallize|p1a: Depresion|Water\n|detailschange|p1a: Depresion|Ogerpon-Wellspring-Tera, F, tera:Water\n|-ability|p1a: Depresion|Embody Aspect (Wellspring)|boost\n|-boost|p1a: Depresion|spd|1\n|move|p1a: Depresion|Swords Dance|p1a: Depresion\n|-boost|p1a: Depresion|atk|2\n|move|p2a: Skarmory|Brave Bird|p1a: Depresion\n|-damage|p1a: Depresion|42\/100\n|-damage|p2a: Skarmory|79\/100|[from] Recoil\n|\n|upkeep\n|turn|8\n|\n|t:|1700696613\n|move|p1a: Depresion|Horn Leech|p2a: Skarmory\n|-resisted|p2a: Skarmory\n|-damage|p2a: Skarmory|60\/100\n|-heal|p1a: Depresion|51\/100|[from] drain|[of] p2a: Skarmory\n|move|p2a: Skarmory|Brave Bird|p1a: Depresion\n|-damage|p1a: Depresion|0 fnt\n|faint|p1a: Depresion\n|-damage|p2a: Skarmory|41\/100|[from] Recoil\n|\n|upkeep\n|\n|t:|1700696621\n|switch|p1a: Tuberculosis|Bellibolt, F|100\/100\n|-damage|p1a: Tuberculosis|88\/100|[from] Stealth Rock\n|turn|9\n|c|\u2606PeppsiAsiEs|maxi le sabia mejor al ogerpong\n|c| Sylveon(404)|si\n|c|\u2606lolowtf09|bah\n|c| WSoldat|Dale pep vos podes\n|c| WSoldat|Soy down pense que era una replay\n|c|\u2606lolowtf09|que me hablas de tus ex\n|c|\u2606lolowtf09|red flag\n|\n|t:|1700696649\n|switch|p2a: Heatran|Heatran, M, tera:Grass|63\/100\n|move|p1a: Tuberculosis|Thunderbolt|p2a: Heatran\n|-resisted|p2a: Heatran\n|-damage|p2a: Heatran|49\/100\n|\n|upkeep\n|turn|10\n|\n|t:|1700696662\n|switch|p1a: Drogadiccion|Venusaur-Mega, M|100\/100\n|-damage|p1a: Drogadiccion|88\/100|[from] Stealth Rock\n|move|p2a: Heatran|Magma Storm|p1a: Drogadiccion\n|-supereffective|p1a: Drogadiccion\n|-damage|p1a: Drogadiccion|48\/100\n|-activate|p1a: Drogadiccion|move: Magma Storm|[of] p2a: Heatran\n|\n|-damage|p1a: Drogadiccion|36\/100|[from] move: Magma Storm|[partiallytrapped]\n|upkeep\n|turn|11\n|\n|t:|1700696671\n|switch|p2a: Skarmory|Skarmory, F|41\/100\n|move|p1a: Drogadiccion|Sludge Bomb|p2a: Skarmory\n|-immune|p2a: Skarmory\n|\n|-end|p1a: Drogadiccion|Magma Storm|[partiallytrapped]|[silent]\n|upkeep\n|turn|12\n|\n|t:|1700696677\n|move|p2a: Skarmory|Brave Bird|p1a: Drogadiccion\n|-supereffective|p1a: Drogadiccion\n|-damage|p1a: Drogadiccion|0 fnt\n|faint|p1a: Drogadiccion\n|-damage|p2a: Skarmory|29\/100|[from] Recoil\n|\n|upkeep\n|\n|t:|1700696681\n|switch|p1a: Edgy|Corviknight, F|100\/100\n|-damage|p1a: Edgy|88\/100|[from] Stealth Rock\n|turn|13\n|c|\u2606PeppsiAsiEs|Skarmory esta tri carreando\n|\n|t:|1700696692\n|switch|p2a: Jirachi|Jirachi, shiny|100\/100\n|move|p1a: Edgy|Bulk Up|p1a: Edgy\n|-boost|p1a: Edgy|atk|1\n|-boost|p1a: Edgy|def|1\n|\n|upkeep\n|turn|14\n|\n|t:|1700696697\n|-zpower|p2a: Jirachi\n|move|p2a: Jirachi|Z-Happy Hour|p2a: Jirachi|[anim]Happy Hour\n|-boost|p2a: Jirachi|atk|1|[zeffect]\n|-boost|p2a: Jirachi|def|1|[zeffect]\n|-boost|p2a: Jirachi|spa|1|[zeffect]\n|-boost|p2a: Jirachi|spd|1|[zeffect]\n|-boost|p2a: Jirachi|spe|1|[zeffect]\n|move|p1a: Edgy|Bulk Up|p1a: Edgy\n|-boost|p1a: Edgy|atk|1\n|-boost|p1a: Edgy|def|1\n|\n|upkeep\n|turn|15\n|\n|t:|1700696704\n|move|p2a: Jirachi|Thunderbolt|p1a: Edgy\n|-supereffective|p1a: Edgy\n|-damage|p1a: Edgy|33\/100\n|move|p1a: Edgy|Bulk Up|p1a: Edgy\n|-boost|p1a: Edgy|atk|1\n|-boost|p1a: Edgy|def|1\n|\n|upkeep\n|turn|16\n|\n|t:|1700696709\n|move|p2a: Jirachi|Thunderbolt|p1a: Edgy\n|-supereffective|p1a: Edgy\n|-damage|p1a: Edgy|0 fnt\n|faint|p1a: Edgy\n|\n|upkeep\n|c|\u2606lolowtf09|ya\n|c|\u2606lolowtf09|gg\n|\n|t:|1700696717\n|switch|p1a: Tuberculosis|Bellibolt, F|88\/100\n|-damage|p1a: Tuberculosis|76\/100|[from] Stealth Rock\n|turn|17\n|\n|t:|1700696720\n|move|p2a: Jirachi|Psychic|p1a: Tuberculosis\n|-damage|p1a: Tuberculosis|41\/100\n|-start|p1a: Tuberculosis|Charge|Psychic|[from] ability: Electromorphosis\n|move|p1a: Tuberculosis|Parabolic Charge|p2a: Jirachi\n|-damage|p2a: Jirachi|50\/100\n|-heal|p1a: Tuberculosis|61\/100|[from] drain|[of] p2a: Jirachi\n|-end|p1a: Tuberculosis|Charge|[silent]\n|\n|upkeep\n|turn|18\n|\n|t:|1700696729\n|move|p2a: Jirachi|Psychic|p1a: Tuberculosis\n|-damage|p1a: Tuberculosis|24\/100\n|-start|p1a: Tuberculosis|Charge|Psychic|[from] ability: Electromorphosis\n|move|p1a: Tuberculosis|Parabolic Charge|p2a: Jirachi\n|-damage|p2a: Jirachi|0 fnt\n|-heal|p1a: Tuberculosis|44\/100|[from] drain|[of] p2a: Jirachi\n|faint|p2a: Jirachi\n|-end|p1a: Tuberculosis|Charge|[silent]\n|\n|upkeep\n|\n|t:|1700696733\n|switch|p2a: Heatran|Heatran, M, tera:Grass|49\/100\n|turn|19\n|\n|t:|1700696741\n|move|p2a: Heatran|Magma Storm|p1a: Tuberculosis\n|-damage|p1a: Tuberculosis|18\/100\n|-activate|p1a: Tuberculosis|move: Magma Storm|[of] p2a: Heatran\n|-start|p1a: Tuberculosis|Charge|Magma Storm|[from] ability: Electromorphosis\n|move|p1a: Tuberculosis|Parabolic Charge|p2a: Heatran\n|-resisted|p2a: Heatran\n|-damage|p2a: Heatran|30\/100\n|-heal|p1a: Tuberculosis|27\/100|[from] drain|[of] p2a: Heatran\n|-end|p1a: Tuberculosis|Charge|[silent]\n|\n|-damage|p1a: Tuberculosis|15\/100|[from] move: Magma Storm|[partiallytrapped]\n|upkeep\n|turn|20\n|\n|t:|1700696748\n|move|p2a: Heatran|Earth Power|p1a: Tuberculosis\n|-supereffective|p1a: Tuberculosis\n|-damage|p1a: Tuberculosis|0 fnt\n|faint|p1a: Tuberculosis\n|\n|upkeep\n|\n|t:|1700696752\n|switch|p1a: YOU DIE|Victini|100\/100\n|-damage|p1a: YOU DIE|76\/100|[from] Stealth Rock\n|turn|21\n|c|\u2606lolowtf09|gg\n|\n|t:|1700696762\n|move|p1a: YOU DIE|Zen Headbutt|p2a: Heatran\n|-damage|p2a: Heatran|0 fnt\n|faint|p2a: Heatran\n|\n|upkeep\n|\n|t:|1700696767\n|switch|p2a: Skarmory|Skarmory, F|29\/100\n|turn|22\n|\n|t:|1700696770\n|move|p1a: YOU DIE|Zen Headbutt|p2a: Skarmory\n|-resisted|p2a: Skarmory\n|-damage|p2a: Skarmory|10\/100\n|move|p2a: Skarmory|Brave Bird|p1a: YOU DIE\n|-damage|p1a: YOU DIE|28\/100\n|-damage|p2a: Skarmory|0 fnt|[from] Recoil\n|faint|p2a: Skarmory\n|\n|upkeep\n|\n|t:|1700696778\n|switch|p2a: Celesteela|Celesteela|100\/100\n|turn|23\n|c|\u2606lolowtf09|es scarf y tiene un siniiestro\n|c|\u2606lolowtf09|ya esta\n|\n|t:|1700696791\n|move|p1a: YOU DIE|Zen Headbutt|p2a: Celesteela\n|-resisted|p2a: Celesteela\n|-damage|p2a: Celesteela|83\/100\n|move|p2a: Celesteela|Meteor Beam||[still]\n|-prepare|p2a: Celesteela|Meteor Beam\n|-boost|p2a: Celesteela|spa|1\n|-enditem|p2a: Celesteela|Power Herb\n|-anim|p2a: Celesteela|Meteor Beam|p1a: YOU DIE|[miss]\n|-miss|p2a: Celesteela|p1a: YOU DIE\n|\n|upkeep\n|turn|24\n|\n|t:|1700696797\n|move|p1a: YOU DIE|Zen Headbutt|p2a: Celesteela\n|-resisted|p2a: Celesteela\n|-crit|p2a: Celesteela\n|-damage|p2a: Celesteela|52\/100\n|move|p2a: Celesteela|Autotomize|p2a: Celesteela\n|-boost|p2a: Celesteela|spe|2\n|-start|p2a: Celesteela|Autotomize\n|\n|upkeep\n|turn|25\n|c| Sylveon(404)|XD\n|\n|t:|1700696813\n|switch|p2a: Bisharp|Bisharp, M|100\/100\n|move|p1a: YOU DIE|Zen Headbutt|p2a: Bisharp\n|-immune|p2a: Bisharp\n|\n|upkeep\n|turn|26\n|\n|t:|1700696819\n|move|p1a: YOU DIE|Zen Headbutt|p2a: Bisharp\n|-immune|p2a: Bisharp\n|move|p2a: Bisharp|Swords Dance|p2a: Bisharp\n|-boost|p2a: Bisharp|atk|2\n|\n|upkeep\n|turn|27\n|c| Sylveon(404)|q hdp pep\n|c| Sylveon(404)|xd\n|c|\u2606lolowtf09|no voy dejarte alargar esto\n|c| Gamer00ooO|Los est\u00e1 humillando\n|inactive|Battle timer is ON: inactive players will automatically lose when time's up. (requested by lolowtf09)\n|c|\u2606PeppsiAsiEs|jijiji\n|c|\u2606PeppsiAsiEs|parece que puse pared\n|c|\u2606lolowtf09|yo puse timer\n|c|\u2606PeppsiAsiEs|btw que raro que sea scarf sinceramente\n|c|\u2606lolowtf09|aqui nos quedamos\n|inactive|lolowtf09 has 270 seconds left.\n|c|\u2606lolowtf09|ya que si no hago mi turno\n|c|\u2606PeppsiAsiEs|que derrota tan lenta\n|c|\u2606PeppsiAsiEs|pipipi\n|c|\u2606lolowtf09|tu tampoco podras\n|l| Gamer00ooO\n|inactive|lolowtf09 has 240 seconds left.\n|c| Insipido|15 palabras\n|c| Insipido|Ins\u00edpido\n|c| WSoldat|Acaben esta mafufada de una ves\n|c|\u2606lolowtf09|nah\n|c|\u2606PeppsiAsiEs|lolo dejame hacerte el dancer\n|c|\u2606PeppsiAsiEs|porfavor\n|c|\u2606lolowtf09|nah\n|inactive|lolowtf09 has 210 seconds left.\n|c|\u2606lolowtf09|estoy muy comodo aqui\n|c|\u2606lolowtf09|esperando que acabe\n|inactive|lolowtf09 has 180 seconds left.\n|c|\u2606PeppsiAsiEs|va tio\n|c|\u2606PeppsiAsiEs|sabias que una muerte mas lenta es dolorosa\n|c|\u2606lolowtf09|que pasa\n|c|\u2606PeppsiAsiEs|ya fue ataco con sucker punch si insistes\n|c|\u2606lolowtf09|no te gusta qiue te qiten el tiempo a ti?\n|c|\u2606PeppsiAsiEs|acepto tu decisi\u00f3n\n|l| Insipido\n|inactive|lolowtf09 has 150 seconds left.\n|c|\u2606lolowtf09|sorry\n|c|\u2606lolowtf09|pero\n|c|\u2606lolowtf09|me\n|c|\u2606lolowtf09|gusta\n|c|\u2606lolowtf09|joder\n|c|\u2606lolowtf09|hasta\n|c|\u2606lolowtf09|mi\n|c|\u2606lolowtf09|muerte\n|inactive|lolowtf09 has 120 seconds left.\n|j| Gamer00ooO\n|c|\u2606PeppsiAsiEs|brw que es esa mamada de llevarlo scarf a la victini\n|c|\u2606PeppsiAsiEs|btw\n|inactive|lolowtf09 has 90 seconds left.\n|c| Sylveon(404)|le dije q lo use z celebrate xd\n|c|\u2606lolowtf09|pues para ser mas rapido\n|c|\u2606lolowtf09|y z celebrate es mierda\n|c|\u2606lolowtf09|puro joto lo usa\n|inactive|lolowtf09 has 60 seconds left.\n|c| Gamer00ooO|Est\u00e1 al nivel diahtha contra Ash\n|c| Gamer00ooO|Est\u00e1 paliza\n|inactive|lolowtf09 has 30 seconds left.\n|inactive|lolowtf09 has 20 seconds left.\n|inactive|lolowtf09 has 15 seconds left.\n|inactive|lolowtf09 has 10 seconds left.\n|inactive|lolowtf09 has 5 seconds left.\n|-message|lolowtf09 lost due to inactivity.\n|\n|win|PeppsiAsiEs\n|l| Sylveon(404)\n","uploadtime":1700697150,"views":2,"p1id":"lolowtf09","p2id":"peppsiasies","formatid":"gen9nationaldex","rating":0,"private":0,"password":""}