{"id":"gen9nationaldex-1998431792","p1":"Pingu3591","p2":"TimDaMan123","format":"[Gen 9] National Dex","log":"|j|\u2606Pingu3591\n|j|\u203dTimDaMan123\n|inactive|Battle timer is ON: inactive players will automatically lose when time's up.\n|t:|1700941605\n|gametype|singles\n|player|p1|Pingu3591|scientistf|\n|player|p2|TimDaMan123|ghetsis|\n|teamsize|p1|6\n|teamsize|p2|6\n|gen|9\n|tier|[Gen 9] National Dex\n|rated|Tournament battle\n|rule|HP Percentage Mod: HP is shown in percentages\n|rule|Endless Battle Clause: Forcing endless battles is banned\n|rule|OHKO Clause: OHKO moves are banned\n|rule|Evasion Clause: Evasion abilities, items, and moves are banned\n|rule|Evasion Abilities Clause: Evasion abilities are banned\n|rule|Evasion Items Clause: Evasion items are banned\n|rule|Evasion Moves Clause: Evasion moves are banned\n|rule|Species Clause: Limit one of each Pok\u00e9mon\n|rule|Sleep Clause Mod: Limit one foe put to sleep\n|clearpoke\n|poke|p1|Gliscor, M|\n|poke|p1|Dondozo, F|\n|poke|p1|Aegislash, F|\n|poke|p1|Ampharos, M|\n|poke|p1|Chansey, F|\n|poke|p1|Tornadus-Therian, M|\n|poke|p2|Charizard, M|\n|poke|p2|Torkoal, F|\n|poke|p2|Abomasnow, F|\n|poke|p2|Politoed, M|\n|poke|p2|Pelipper, M|\n|poke|p2|Ninetales-Alola, F|\n|teampreview\n|j|*Lady Monita \u2746\n|inactive|TimDaMan123 also wants the timer to be on.\n|\n|t:|1700941610\n|start\n|switch|p1a: Ampharos|Ampharos, M|100\/100\n|switch|p2a: Charizard|Charizard, M|100\/100\n|-weather|SunnyDay|[from] ability: Drought|[of] p2a: Charizard\n|turn|1\n|c|\u2606Pingu3591|goo luck\n|\n|t:|1700941637\n|detailschange|p2a: Charizard|Charizard-Mega-Y, M\n|-mega|p2a: Charizard|Charizard|Charizardite Y\n|detailschange|p1a: Ampharos|Ampharos-Mega, M\n|-mega|p1a: Ampharos|Ampharos|Ampharosite\n|-ability|p1a: Ampharos|Mold Breaker\n|move|p2a: Charizard|Overheat|p1a: Ampharos\n|-resisted|p1a: Ampharos\n|-damage|p1a: Ampharos|50\/100\n|-unboost|p2a: Charizard|spa|2\n|move|p1a: Ampharos|Thunderbolt|p2a: Charizard\n|-supereffective|p2a: Charizard\n|-damage|p2a: Charizard|0 fnt\n|faint|p2a: Charizard\n|\n|-weather|SunnyDay|[upkeep]\n|upkeep\n|inactive|TimDaMan123 has 120 seconds left.\n|\n|t:|1700941651\n|switch|p2a: Torkoal|Torkoal, F|100\/100\n|turn|2\n|\n|t:|1700941666\n|-terastallize|p2a: Torkoal|Fire\n|move|p2a: Torkoal|Eruption|p1a: Ampharos\n|-resisted|p1a: Ampharos\n|-damage|p1a: Ampharos|0 fnt\n|faint|p1a: Ampharos\n|\n|-weather|SunnyDay|[upkeep]\n|upkeep\n|\n|t:|1700941671\n|switch|p1a: Dondozo|Dondozo, F|100\/100\n|-weather|Sandstorm|[from] ability: Sand Stream|[of] p1a: Dondozo\n|turn|3\n|\n|t:|1700941685\n|move|p2a: Torkoal|Eruption|p1a: Dondozo\n|-resisted|p1a: Dondozo\n|-damage|p1a: Dondozo|61\/100\n|move|p1a: Dondozo|Curse|p1a: Dondozo\n|-unboost|p1a: Dondozo|spe|1\n|-boost|p1a: Dondozo|atk|1\n|-boost|p1a: Dondozo|def|1\n|\n|-weather|Sandstorm|[upkeep]\n|-damage|p2a: Torkoal|94\/100|[from] Sandstorm\n|-damage|p1a: Dondozo|55\/100|[from] Sandstorm\n|-heal|p1a: Dondozo|61\/100|[from] item: Leftovers\n|upkeep\n|turn|4\n|\n|t:|1700941691\n|move|p2a: Torkoal|Eruption|p1a: Dondozo\n|-resisted|p1a: Dondozo\n|-damage|p1a: Dondozo|26\/100\n|move|p1a: Dondozo|Liquidation|p2a: Torkoal\n|-supereffective|p2a: Torkoal\n|-damage|p2a: Torkoal|19\/100\n|\n|-weather|Sandstorm|[upkeep]\n|-damage|p2a: Torkoal|13\/100|[from] Sandstorm\n|-damage|p1a: Dondozo|20\/100|[from] Sandstorm\n|-heal|p1a: Dondozo|26\/100|[from] item: Leftovers\n|upkeep\n|turn|5\n|\n|t:|1700941704\n|move|p2a: Torkoal|Eruption|p1a: Dondozo\n|-resisted|p1a: Dondozo\n|-damage|p1a: Dondozo|21\/100\n|move|p1a: Dondozo|Rest|p1a: Dondozo\n|-status|p1a: Dondozo|slp|[from] move: Rest\n|-heal|p1a: Dondozo|100\/100 slp|[silent]\n|\n|-weather|Sandstorm|[upkeep]\n|-damage|p2a: Torkoal|7\/100|[from] Sandstorm\n|-damage|p1a: Dondozo|94\/100 slp|[from] Sandstorm\n|-heal|p1a: Dondozo|100\/100 slp|[from] item: Leftovers\n|upkeep\n|turn|6\n|\n|t:|1700941708\n|move|p2a: Torkoal|Eruption|p1a: Dondozo\n|-resisted|p1a: Dondozo\n|-damage|p1a: Dondozo|98\/100 slp\n|cant|p1a: Dondozo|slp\n|move|p1a: Dondozo|Sleep Talk|p1a: Dondozo\n|move|p1a: Dondozo|Liquidation|p2a: Torkoal|[from]move: Sleep Talk\n|-supereffective|p2a: Torkoal\n|-damage|p2a: Torkoal|0 fnt\n|faint|p2a: Torkoal\n|\n|-weather|Sandstorm|[upkeep]\n|-damage|p1a: Dondozo|92\/100 slp|[from] Sandstorm\n|-heal|p1a: Dondozo|98\/100 slp|[from] item: Leftovers\n|upkeep\n|\n|t:|1700941716\n|switch|p2a: Abomasnow|Abomasnow, F|100\/100\n|-weather|Snow|[from] ability: Snow Warning|[of] p2a: Abomasnow\n|turn|7\n|\n|t:|1700941732\n|switch|p1a: Chansey|Chansey, F|100\/100\n|-weather|Sandstorm|[from] ability: Sand Stream|[of] p1a: Chansey\n|move|p2a: Abomasnow|Energy Ball|p1a: Chansey\n|-damage|p1a: Chansey|89\/100\n|\n|-weather|Sandstorm|[upkeep]\n|-damage|p2a: Abomasnow|94\/100|[from] Sandstorm\n|-damage|p1a: Chansey|83\/100|[from] Sandstorm\n|upkeep\n|turn|8\n|\n|t:|1700941751\n|move|p2a: Abomasnow|Earth Power|p1a: Chansey\n|-damage|p1a: Chansey|74\/100\n|move|p1a: Chansey|Toxic|p2a: Abomasnow\n|-status|p2a: Abomasnow|tox\n|\n|-weather|Sandstorm|[upkeep]\n|-damage|p2a: Abomasnow|88\/100 tox|[from] Sandstorm\n|-damage|p1a: Chansey|68\/100|[from] Sandstorm\n|-damage|p2a: Abomasnow|82\/100 tox|[from] psn\n|upkeep\n|turn|9\n|\n|t:|1700941758\n|switch|p2a: Pelipper|Pelipper, M|100\/100\n|-weather|RainDance|[from] ability: Drizzle|[of] p2a: Pelipper\n|move|p1a: Chansey|Seismic Toss|p2a: Pelipper\n|-damage|p2a: Pelipper|62\/100\n|\n|-weather|RainDance|[upkeep]\n|-heal|p2a: Pelipper|68\/100|[from] item: Leftovers\n|upkeep\n|turn|10\n|\n|t:|1700941765\n|move|p2a: Pelipper|Brave Bird|p1a: Chansey\n|-damage|p1a: Chansey|54\/100\n|-damage|p2a: Pelipper|56\/100|[from] Recoil\n|move|p1a: Chansey|Wish|p1a: Chansey\n|\n|-weather|RainDance|[upkeep]\n|-heal|p2a: Pelipper|62\/100|[from] item: Leftovers\n|upkeep\n|turn|11\n|\n|t:|1700941769\n|move|p2a: Pelipper|Hydro Pump|p1a: Chansey\n|-damage|p1a: Chansey|29\/100\n|move|p1a: Chansey|Toxic|p2a: Pelipper\n|-status|p2a: Pelipper|tox\n|\n|-weather|RainDance|[upkeep]\n|-heal|p1a: Chansey|79\/100|[from] move: Wish|[wisher] Chansey\n|-heal|p2a: Pelipper|68\/100 tox|[from] item: Leftovers\n|-damage|p2a: Pelipper|62\/100 tox|[from] psn\n|upkeep\n|turn|12\n|\n|t:|1700941775\n|move|p2a: Pelipper|Hydro Pump|p1a: Chansey\n|-damage|p1a: Chansey|56\/100\n|move|p1a: Chansey|Soft-Boiled|p1a: Chansey\n|-heal|p1a: Chansey|100\/100\n|\n|-weather|RainDance|[upkeep]\n|-heal|p2a: Pelipper|68\/100 tox|[from] item: Leftovers\n|-damage|p2a: Pelipper|56\/100 tox|[from] psn\n|upkeep\n|turn|13\n|\n|t:|1700941778\n|move|p2a: Pelipper|Hydro Pump|p1a: Chansey|[miss]\n|-miss|p2a: Pelipper|p1a: Chansey\n|move|p1a: Chansey|Seismic Toss|p2a: Pelipper\n|-damage|p2a: Pelipper|17\/100 tox\n|\n|-weather|none\n|-heal|p2a: Pelipper|23\/100 tox|[from] item: Leftovers\n|-damage|p2a: Pelipper|5\/100 tox|[from] psn\n|upkeep\n|turn|14\n|\n|t:|1700941791\n|move|p2a: Pelipper|Hurricane|p1a: Chansey\n|-damage|p1a: Chansey|85\/100\n|-start|p1a: Chansey|confusion\n|-activate|p1a: Chansey|confusion\n|-damage|p1a: Chansey|84\/100|[from] confusion\n|\n|-heal|p2a: Pelipper|11\/100 tox|[from] item: Leftovers\n|-damage|p2a: Pelipper|0 fnt|[from] psn\n|faint|p2a: Pelipper\n|upkeep\n|\n|t:|1700941795\n|switch|p2a: Politoed|Politoed, M|100\/100\n|-weather|RainDance|[from] ability: Drizzle|[of] p2a: Politoed\n|turn|15\n|\n|t:|1700941802\n|move|p2a: Politoed|Weather Ball|p1a: Chansey\n|-damage|p1a: Chansey|53\/100\n|-activate|p1a: Chansey|confusion\n|-damage|p1a: Chansey|52\/100|[from] confusion\n|\n|-weather|RainDance|[upkeep]\n|upkeep\n|turn|16\n|\n|t:|1700941811\n|move|p2a: Politoed|Weather Ball|p1a: Chansey\n|-damage|p1a: Chansey|22\/100\n|-activate|p1a: Chansey|confusion\n|move|p1a: Chansey|Toxic|p2a: Politoed\n|-status|p2a: Politoed|tox\n|\n|-weather|RainDance|[upkeep]\n|-damage|p2a: Politoed|94\/100 tox|[from] psn\n|upkeep\n|turn|17\n|\n|t:|1700941814\n|move|p2a: Politoed|Weather Ball|p1a: Chansey\n|-damage|p1a: Chansey|0 fnt\n|faint|p1a: Chansey\n|\n|-weather|RainDance|[upkeep]\n|-damage|p2a: Politoed|82\/100 tox|[from] psn\n|upkeep\n|\n|t:|1700941827\n|switch|p1a: Gliscor|Gliscor, M|100\/100\n|-weather|Sandstorm|[from] ability: Sand Stream|[of] p1a: Gliscor\n|turn|18\n|\n|t:|1700941834\n|switch|p2a: Ninetales|Ninetales-Alola, F|100\/100\n|-weather|Snow|[from] ability: Snow Warning|[of] p2a: Ninetales\n|move|p1a: Gliscor|Spikes|p2a: Ninetales\n|-sidestart|p2: TimDaMan123|Spikes\n|\n|-weather|Snow|[upkeep]\n|upkeep\n|turn|19\n|\n|t:|1700941842\n|-terastallize|p1a: Gliscor|Fairy\n|move|p2a: Ninetales|Blizzard|p1a: Gliscor\n|-crit|p1a: Gliscor\n|-damage|p1a: Gliscor|35\/100\n|-damage|p2a: Ninetales|91\/100|[from] item: Life Orb\n|move|p1a: Gliscor|Toxic|p2a: Ninetales\n|-status|p2a: Ninetales|tox\n|\n|-weather|Snow|[upkeep]\n|-heal|p1a: Gliscor|41\/100|[from] item: Leftovers\n|-damage|p2a: Ninetales|85\/100 tox|[from] psn\n|upkeep\n|turn|20\n|\n|t:|1700941850\n|move|p1a: Gliscor|Protect|p1a: Gliscor\n|-singleturn|p1a: Gliscor|Protect\n|move|p2a: Ninetales|Blizzard|p1a: Gliscor\n|-activate|p1a: Gliscor|move: Protect\n|\n|-weather|Snow|[upkeep]\n|-heal|p1a: Gliscor|48\/100|[from] item: Leftovers\n|-damage|p2a: Ninetales|73\/100 tox|[from] psn\n|upkeep\n|turn|21\n|\n|t:|1700941858\n|move|p2a: Ninetales|Blizzard|p1a: Gliscor\n|-damage|p1a: Gliscor|1\/100\n|-damage|p2a: Ninetales|63\/100 tox|[from] item: Life Orb\n|move|p1a: Gliscor|Spikes|p2a: Ninetales\n|-sidestart|p2: TimDaMan123|Spikes\n|\n|-weather|Snow|[upkeep]\n|-heal|p1a: Gliscor|7\/100|[from] item: Leftovers\n|-damage|p2a: Ninetales|45\/100 tox|[from] psn\n|upkeep\n|turn|22\n|\n|t:|1700941865\n|move|p1a: Gliscor|Protect|p1a: Gliscor\n|-singleturn|p1a: Gliscor|Protect\n|move|p2a: Ninetales|Blizzard|p1a: Gliscor\n|-activate|p1a: Gliscor|move: Protect\n|\n|-weather|none\n|-heal|p1a: Gliscor|13\/100|[from] item: Leftovers\n|-damage|p2a: Ninetales|22\/100 tox|[from] psn\n|upkeep\n|turn|23\n|c|\u2606Pingu3591|ok lets see if this works\n|\n|t:|1700941882\n|move|p1a: Gliscor|Protect|p1a: Gliscor\n|-singleturn|p1a: Gliscor|Protect\n|move|p2a: Ninetales|Blizzard|p1a: Gliscor\n|-activate|p1a: Gliscor|move: Protect\n|\n|-heal|p1a: Gliscor|20\/100|[from] item: Leftovers\n|-damage|p2a: Ninetales|0 fnt|[from] psn\n|faint|p2a: Ninetales\n|upkeep\n|c|\u2606Pingu3591|:0000\n|c|\u2606Pingu3591|OMGGGGG\n|\n|t:|1700941892\n|switch|p2a: Abomasnow|Abomasnow, F|82\/100 tox\n|-damage|p2a: Abomasnow|65\/100 tox|[from] Spikes\n|-weather|Snow|[from] ability: Snow Warning|[of] p2a: Abomasnow\n|turn|24\n|\n|t:|1700941901\n|move|p1a: Gliscor|Earthquake|p2a: Abomasnow\n|-resisted|p2a: Abomasnow\n|-damage|p2a: Abomasnow|50\/100 tox\n|move|p2a: Abomasnow|Blizzard|p1a: Gliscor\n|-damage|p1a: Gliscor|0 fnt\n|faint|p1a: Gliscor\n|\n|-weather|Snow|[upkeep]\n|-damage|p2a: Abomasnow|44\/100 tox|[from] psn\n|upkeep\n|\n|t:|1700941910\n|switch|p1a: Tornadus|Tornadus-Therian, M|100\/100\n|-weather|RainDance|[from] ability: Drizzle|[of] p1a: Tornadus\n|turn|25\n|\n|t:|1700941917\n|move|p1a: Tornadus|Hurricane|p2a: Abomasnow\n|-supereffective|p2a: Abomasnow\n|-damage|p2a: Abomasnow|0 fnt\n|faint|p2a: Abomasnow\n|\n|-weather|RainDance|[upkeep]\n|upkeep\n|c|\u2606Pingu3591|gg:D\n|j| Gulping Gallops\n|\n|t:|1700941926\n|switch|p2a: Politoed|Politoed, M|82\/100 tox\n|-damage|p2a: Politoed|66\/100 tox|[from] Spikes\n|turn|26\n|\n|t:|1700941932\n|move|p1a: Tornadus|Knock Off|p2a: Politoed\n|-damage|p2a: Politoed|45\/100 tox\n|-enditem|p2a: Politoed|Choice Specs|[from] move: Knock Off|[of] p1a: Tornadus\n|move|p2a: Politoed|Blizzard|p1a: Tornadus\n|-supereffective|p1a: Tornadus\n|-damage|p1a: Tornadus|38\/100\n|-status|p1a: Tornadus|frz\n|\n|-weather|RainDance|[upkeep]\n|-damage|p2a: Politoed|39\/100 tox|[from] psn\n|upkeep\n|turn|27\n|\n|t:|1700941939\n|cant|p1a: Tornadus|frz\n|move|p2a: Politoed|Weather Ball|p1a: Tornadus\n|-damage|p1a: Tornadus|0 fnt\n|faint|p1a: Tornadus\n|\n|-weather|RainDance|[upkeep]\n|-damage|p2a: Politoed|27\/100 tox|[from] psn\n|upkeep\n|c|\u2606Pingu3591|that goddamn miss \u00bfclick\n|\n|t:|1700941948\n|switch|p1a: Aegislash|Aegislash, F|100\/100\n|-weather|Snow|[from] ability: Snow Warning|[of] p1a: Aegislash\n|turn|28\n|\n|t:|1700941953\n|move|p1a: Aegislash|King's Shield|p1a: Aegislash\n|-singleturn|p1a: Aegislash|Protect\n|move|p2a: Politoed|Earth Power|p1a: Aegislash\n|-activate|p1a: Aegislash|move: Protect\n|\n|-weather|Snow|[upkeep]\n|-damage|p2a: Politoed|9\/100 tox|[from] psn\n|upkeep\n|turn|29\n|c|\u2606Pingu3591|ok ok\n|c|\u2606Pingu3591|again lets see\n|\n|t:|1700941967\n|move|p1a: Aegislash|King's Shield|p1a: Aegislash\n|-singleturn|p1a: Aegislash|Protect\n|move|p2a: Politoed|Earth Power|p1a: Aegislash\n|-activate|p1a: Aegislash|move: Protect\n|\n|-weather|Snow|[upkeep]\n|-damage|p2a: Politoed|0 fnt|[from] psn\n|faint|p2a: Politoed\n|\n|win|Pingu3591\n|upkeep\n|n|\u2606Pingu3591|pingu3591\n|n|\u203dTimDaMan123|timdaman123\n|n|*Lady Monita \u2746|ladymonita\n|n| Gulping Gallops|gulpinggallops\n","uploadtime":1700941969,"views":8,"p1id":"pingu3591","p2id":"timdaman123","formatid":"gen9nationaldex","rating":0,"private":0,"password":""}