{"id":"gen9nationaldex-1995428144","p1":"Geren08","p2":"yuanzhi","format":"[Gen 9] National Dex","log":"|html|<div class=\"broadcast-blue\"><strong>[Gen 9] National Dex is currently suspecting Sneasler! For information on how to participate check out the <a href=\"https:\/\/www.smogon.com\/forums\/threads\/sv-national-dex-suspect-8-just-dance.3731534\/\">suspect thread<\/a>.<\/strong><\/div>\n|j|\u2606Geren08\n|j|\u2606yuanzhi\n|t:|1700569516\n|gametype|singles\n|player|p1|Geren08|lucas|1104\n|player|p2|yuanzhi|bugcatcher-gen4dp|1122\n|teamsize|p1|6\n|teamsize|p2|6\n|gen|9\n|tier|[Gen 9] National Dex\n|rated|\n|rule|HP Percentage Mod: HP is shown in percentages\n|rule|Endless Battle Clause: Forcing endless battles is banned\n|rule|OHKO Clause: OHKO moves are banned\n|rule|Evasion Clause: Evasion abilities, items, and moves are banned\n|rule|Evasion Abilities Clause: Evasion abilities are banned\n|rule|Evasion Items Clause: Evasion items are banned\n|rule|Evasion Moves Clause: Evasion moves are banned\n|rule|Species Clause: Limit one of each Pok\u00e9mon\n|rule|Sleep Clause Mod: Limit one foe put to sleep\n|clearpoke\n|poke|p1|Toxapex, M|\n|poke|p1|Landorus-Therian, M|\n|poke|p1|Greninja-*, M|\n|poke|p1|Ninetales-Alola, M|\n|poke|p1|Volcarona, M|\n|poke|p1|Lopunny, M|\n|poke|p2|Tapu Koko|\n|poke|p2|Iron Moth|\n|poke|p2|Gastrodon, M|\n|poke|p2|Garchomp, M|\n|poke|p2|Tapu Lele|\n|poke|p2|Garganacl, F|\n|teampreview\n|inactive|Battle timer is ON: inactive players will automatically lose when time's up. (requested by yuanzhi)\n|\n|t:|1700569535\n|start\n|switch|p1a: Landorus|Landorus-Therian, M, shiny|100\/100\n|switch|p2a: Gastrodon|Gastrodon, M, shiny|100\/100\n|-ability|p1a: Landorus|Intimidate|boost\n|-unboost|p2a: Gastrodon|atk|1\n|turn|1\n|\n|t:|1700569544\n|move|p1a: Landorus|Taunt|p2a: Gastrodon\n|-start|p2a: Gastrodon|move: Taunt\n|cant|p2a: Gastrodon|move: Taunt|Toxic\n|\n|upkeep\n|turn|2\n|\n|t:|1700569556\n|switch|p1a: Lopunny|Lopunny, M, shiny|100\/100\n|switch|p2a: Garchomp|Garchomp, M|100\/100\n|\n|upkeep\n|turn|3\n|\n|t:|1700569561\n|detailschange|p1a: Lopunny|Lopunny-Mega, M, shiny\n|-mega|p1a: Lopunny|Lopunny|Lopunnite\n|move|p1a: Lopunny|Fake Out|p2a: Garchomp\n|-damage|p2a: Garchomp|82\/100\n|-damage|p1a: Lopunny|88\/100|[from] ability: Rough Skin|[of] p2a: Garchomp\n|cant|p2a: Garchomp|flinch\n|\n|upkeep\n|turn|4\n|\n|t:|1700569573\n|move|p1a: Lopunny|Close Combat|p2a: Garchomp\n|-damage|p2a: Garchomp|29\/100\n|-unboost|p1a: Lopunny|def|1\n|-unboost|p1a: Lopunny|spd|1\n|-damage|p1a: Lopunny|76\/100|[from] ability: Rough Skin|[of] p2a: Garchomp\n|move|p2a: Garchomp|Swords Dance|p2a: Garchomp\n|-boost|p2a: Garchomp|atk|2\n|\n|upkeep\n|turn|5\n|\n|t:|1700569579\n|move|p1a: Lopunny|Close Combat|p2a: Garchomp\n|-damage|p2a: Garchomp|0 fnt\n|-unboost|p1a: Lopunny|def|1\n|-unboost|p1a: Lopunny|spd|1\n|-damage|p1a: Lopunny|64\/100|[from] ability: Rough Skin|[of] p2a: Garchomp\n|faint|p2a: Garchomp\n|\n|upkeep\n|\n|t:|1700569586\n|switch|p2a: Tapu Koko|Tapu Koko, shiny|100\/100\n|-fieldstart|move: Electric Terrain|[from] ability: Electric Surge|[of] p2a: Tapu Koko\n|turn|6\n|\n|t:|1700569590\n|move|p2a: Tapu Koko|Volt Switch|p1a: Lopunny\n|-damage|p1a: Lopunny|0 fnt\n|faint|p1a: Lopunny\n|\n|t:|1700569597\n|switch|p2a: Iron Moth|Iron Moth, shiny|100\/100|[from] Volt Switch\n|-activate|p2a: Iron Moth|ability: Quark Drive\n|-start|p2a: Iron Moth|quarkdrivespa\n|\n|upkeep\n|\n|t:|1700569603\n|switch|p1a: Landorus|Landorus-Therian, M, shiny|100\/100\n|-ability|p1a: Landorus|Intimidate|boost\n|-unboost|p2a: Iron Moth|atk|1\n|turn|7\n|\n|t:|1700569618\n|-end|p2a: Iron Moth|Quark Drive|[silent]\n|switch|p2a: Gastrodon|Gastrodon, M, shiny|100\/100\n|move|p1a: Landorus|Earthquake|p2a: Gastrodon\n|-damage|p2a: Gastrodon|39\/100\n|\n|-heal|p2a: Gastrodon|45\/100|[from] item: Leftovers\n|upkeep\n|turn|8\n|\n|t:|1700569625\n|move|p1a: Landorus|Earthquake|p2a: Gastrodon\n|-damage|p2a: Gastrodon|0 fnt\n|faint|p2a: Gastrodon\n|\n|upkeep\n|\n|t:|1700569628\n|switch|p2a: Tapu Lele|Tapu Lele|100\/100\n|-fieldstart|move: Psychic Terrain|[from] ability: Psychic Surge|[of] p2a: Tapu Lele\n|turn|9\n|\n|t:|1700569635\n|switch|p1a: Greninja|Greninja, M|100\/100\n|move|p2a: Tapu Lele|Focus Blast|p1a: Greninja|[miss]\n|-miss|p2a: Tapu Lele|p1a: Greninja\n|\n|upkeep\n|turn|10\n|\n|t:|1700569641\n|-terastallize|p1a: Greninja|Water\n|move|p1a: Greninja|Water Shuriken|p2a: Tapu Lele\n|-activate|p2a: Tapu Lele|move: Psychic Terrain\n|move|p2a: Tapu Lele|Focus Blast|p1a: Greninja\n|-damage|p1a: Greninja|7\/100\n|\n|upkeep\n|turn|11\n|\n|t:|1700569660\n|move|p1a: Greninja|U-turn|p2a: Tapu Lele\n|-damage|p2a: Tapu Lele|81\/100\n|\n|t:|1700569665\n|switch|p1a: Toxapex|Toxapex, M, shiny|100\/100|[from] U-turn\n|move|p2a: Tapu Lele|Focus Blast|p1a: Toxapex\n|-resisted|p1a: Toxapex\n|-damage|p1a: Toxapex|76\/100\n|\n|-heal|p1a: Toxapex|82\/100|[from] item: Black Sludge\n|upkeep\n|turn|12\n|\n|t:|1700569671\n|switch|p2a: Tapu Koko|Tapu Koko, shiny|100\/100\n|-fieldstart|move: Electric Terrain|[from] ability: Electric Surge|[of] p2a: Tapu Koko\n|move|p1a: Toxapex|Toxic|p2a: Tapu Koko\n|-status|p2a: Tapu Koko|tox\n|\n|-heal|p1a: Toxapex|89\/100|[from] item: Black Sludge\n|-damage|p2a: Tapu Koko|94\/100 tox|[from] psn\n|upkeep\n|turn|13\n|\n|t:|1700569677\n|switch|p1a: Landorus|Landorus-Therian, M, shiny|100\/100\n|-ability|p1a: Landorus|Intimidate|boost\n|-unboost|p2a: Tapu Koko|atk|1\n|move|p2a: Tapu Koko|Volt Switch|p1a: Landorus\n|-immune|p1a: Landorus\n|\n|-damage|p2a: Tapu Koko|82\/100 tox|[from] psn\n|upkeep\n|turn|14\n|\n|t:|1700569685\n|switch|p2a: Iron Moth|Iron Moth, shiny|100\/100\n|-activate|p2a: Iron Moth|ability: Quark Drive\n|-start|p2a: Iron Moth|quarkdrivespa\n|move|p1a: Landorus|Earthquake|p2a: Iron Moth\n|-supereffective|p2a: Iron Moth\n|-damage|p2a: Iron Moth|0 fnt\n|faint|p2a: Iron Moth\n|-end|p2a: Iron Moth|Quark Drive|[silent]\n|\n|upkeep\n|\n|t:|1700569689\n|switch|p2a: Tapu Lele|Tapu Lele|81\/100\n|-fieldstart|move: Psychic Terrain|[from] ability: Psychic Surge|[of] p2a: Tapu Lele\n|turn|15\n|\n|t:|1700569701\n|switch|p1a: Toxapex|Toxapex, M, shiny|100\/100\n|move|p2a: Tapu Lele|Future Sight|p1a: Toxapex\n|-start|p2a: Tapu Lele|move: Future Sight\n|\n|upkeep\n|turn|16\n|\n|t:|1700569705\n|switch|p2a: Garganacl|Garganacl, F|100\/100\n|-enditem|p2a: Garganacl|Psychic Seed\n|-boost|p2a: Garganacl|spd|1|[from] item: Psychic Seed\n|move|p1a: Toxapex|Toxic|p2a: Garganacl\n|-immune|p2a: Garganacl|[from] ability: Purifying Salt\n|\n|upkeep\n|turn|17\n|\n|t:|1700569713\n|move|p1a: Toxapex|Baneful Bunker|p1a: Toxapex\n|-singleturn|p1a: Toxapex|move: Protect\n|move|p2a: Garganacl|Iron Defense|p2a: Garganacl\n|-boost|p2a: Garganacl|def|2\n|\n|-end|p1a: Toxapex|move: Future Sight\n|-supereffective|p1a: Toxapex\n|-damage|p1a: Toxapex|0 fnt\n|faint|p1a: Toxapex\n|upkeep\n|\n|t:|1700569726\n|switch|p1a: Ninetales|Ninetales-Alola, M, shiny|100\/100\n|-weather|Snow|[from] ability: Snow Warning|[of] p1a: Ninetales\n|turn|18\n|\n|t:|1700569734\n|move|p1a: Ninetales|Blizzard|p2a: Garganacl\n|-damage|p2a: Garganacl|83\/100\n|move|p2a: Garganacl|Salt Cure|p1a: Ninetales\n|-supereffective|p1a: Ninetales\n|-damage|p1a: Ninetales|71\/100\n|-start|p1a: Ninetales|Salt Cure\n|\n|-weather|Snow|[upkeep]\n|-damage|p1a: Ninetales|59\/100|[from] Salt Cure\n|upkeep\n|turn|19\n|\n|t:|1700569738\n|move|p1a: Ninetales|Aurora Veil|p1a: Ninetales\n|-sidestart|p1: Geren08|move: Aurora Veil\n|move|p2a: Garganacl|Iron Defense|p2a: Garganacl\n|-boost|p2a: Garganacl|def|2\n|\n|-weather|Snow|[upkeep]\n|-damage|p1a: Ninetales|47\/100|[from] Salt Cure\n|-fieldend|move: Psychic Terrain\n|upkeep\n|turn|20\n|\n|t:|1700569742\n|move|p1a: Ninetales|Blizzard|p2a: Garganacl\n|-damage|p2a: Garganacl|65\/100\n|move|p2a: Garganacl|Iron Defense|p2a: Garganacl\n|-boost|p2a: Garganacl|def|2\n|\n|-weather|Snow|[upkeep]\n|-damage|p1a: Ninetales|35\/100|[from] Salt Cure\n|upkeep\n|turn|21\n|\n|t:|1700569745\n|move|p1a: Ninetales|Blizzard|p2a: Garganacl\n|-damage|p2a: Garganacl|47\/100\n|move|p2a: Garganacl|Recover|p2a: Garganacl\n|-heal|p2a: Garganacl|97\/100\n|\n|-weather|Snow|[upkeep]\n|-damage|p1a: Ninetales|22\/100|[from] Salt Cure\n|upkeep\n|turn|22\n|\n|t:|1700569748\n|move|p1a: Ninetales|Blizzard|p2a: Garganacl\n|-damage|p2a: Garganacl|79\/100\n|move|p2a: Garganacl|Body Press|p1a: Ninetales\n|-damage|p1a: Ninetales|0 fnt\n|faint|p1a: Ninetales\n|\n|-weather|none\n|upkeep\n|\n|t:|1700569751\n|switch|p1a: Greninja|Greninja, M, tera:Water|7\/100\n|turn|23\n|\n|t:|1700569755\n|move|p1a: Greninja|Water Shuriken|p2a: Garganacl\n|-supereffective|p2a: Garganacl\n|-damage|p2a: Garganacl|71\/100\n|-supereffective|p2a: Garganacl\n|-damage|p2a: Garganacl|63\/100\n|-supereffective|p2a: Garganacl\n|-damage|p2a: Garganacl|55\/100\n|-supereffective|p2a: Garganacl\n|-damage|p2a: Garganacl|46\/100\n|-supereffective|p2a: Garganacl\n|-damage|p2a: Garganacl|38\/100\n|-hitcount|p2a: Garganacl|5\n|move|p2a: Garganacl|Recover|p2a: Garganacl\n|-heal|p2a: Garganacl|88\/100\n|\n|upkeep\n|turn|24\n|\n|t:|1700569775\n|move|p1a: Greninja|Water Shuriken|p2a: Garganacl\n|-supereffective|p2a: Garganacl\n|-damage|p2a: Garganacl|79\/100\n|-supereffective|p2a: Garganacl\n|-crit|p2a: Garganacl\n|-damage|p2a: Garganacl|61\/100\n|-supereffective|p2a: Garganacl\n|-damage|p2a: Garganacl|52\/100\n|-supereffective|p2a: Garganacl\n|-damage|p2a: Garganacl|44\/100\n|-hitcount|p2a: Garganacl|4\n|move|p2a: Garganacl|Salt Cure|p1a: Greninja\n|-damage|p1a: Greninja|0 fnt\n|faint|p1a: Greninja\n|\n|upkeep\n|\n|t:|1700569786\n|switch|p1a: Landorus|Landorus-Therian, M, shiny|100\/100\n|-ability|p1a: Landorus|Intimidate|boost\n|-unboost|p2a: Garganacl|atk|1\n|turn|25\n|\n|t:|1700569790\n|move|p1a: Landorus|Taunt|p2a: Garganacl\n|-start|p2a: Garganacl|move: Taunt\n|cant|p2a: Garganacl|move: Taunt|Recover\n|\n|upkeep\n|turn|26\n|\n|t:|1700569795\n|switch|p1a: Volcarona|Volcarona, M|100\/100\n|move|p2a: Garganacl|Salt Cure|p1a: Volcarona\n|-supereffective|p1a: Volcarona\n|-damage|p1a: Volcarona|72\/100\n|-start|p1a: Volcarona|Salt Cure\n|\n|-damage|p1a: Volcarona|59\/100|[from] Salt Cure\n|-sideend|p1: Geren08|move: Aurora Veil\n|upkeep\n|turn|27\n|\n|t:|1700569804\n|move|p1a: Volcarona|Fiery Dance|p2a: Garganacl\n|-resisted|p2a: Garganacl\n|-damage|p2a: Garganacl|34\/100\n|-boost|p1a: Volcarona|spa|1\n|move|p2a: Garganacl|Body Press|p1a: Volcarona\n|-resisted|p1a: Volcarona\n|-damage|p1a: Volcarona|0 fnt\n|faint|p1a: Volcarona\n|\n|-end|p2a: Garganacl|move: Taunt\n|upkeep\n|\n|t:|1700569806\n|switch|p1a: Landorus|Landorus-Therian, M, shiny|100\/100\n|-ability|p1a: Landorus|Intimidate|boost\n|-unboost|p2a: Garganacl|atk|1\n|turn|28\n|\n|t:|1700569809\n|move|p1a: Landorus|Earthquake|p2a: Garganacl\n|-supereffective|p2a: Garganacl\n|-damage|p2a: Garganacl|16\/100\n|move|p2a: Garganacl|Salt Cure|p1a: Landorus\n|-damage|p1a: Landorus|92\/100\n|-start|p1a: Landorus|Salt Cure\n|\n|-damage|p1a: Landorus|79\/100|[from] Salt Cure\n|upkeep\n|turn|29\n|\n|t:|1700569816\n|move|p1a: Landorus|Earthquake|p2a: Garganacl\n|-supereffective|p2a: Garganacl\n|-damage|p2a: Garganacl|0 fnt\n|faint|p2a: Garganacl\n|\n|-damage|p1a: Landorus|67\/100|[from] Salt Cure\n|upkeep\n|\n|t:|1700569823\n|switch|p2a: Tapu Lele|Tapu Lele|81\/100\n|-fieldstart|move: Psychic Terrain|[from] ability: Psychic Surge|[of] p2a: Tapu Lele\n|turn|30\n|\n|t:|1700569828\n|move|p1a: Landorus|Earthquake|p2a: Tapu Lele\n|-damage|p2a: Tapu Lele|0 fnt\n|faint|p2a: Tapu Lele\n|\n|-damage|p1a: Landorus|55\/100|[from] Salt Cure\n|upkeep\n|\n|t:|1700569831\n|switch|p2a: Tapu Koko|Tapu Koko, shiny|82\/100 tox\n|-fieldstart|move: Electric Terrain|[from] ability: Electric Surge|[of] p2a: Tapu Koko\n|turn|31\n|\n|t:|1700569837\n|-terastallize|p2a: Tapu Koko|Fairy\n|move|p2a: Tapu Koko|Dazzling Gleam|p1a: Landorus\n|-damage|p1a: Landorus|0 fnt\n|faint|p1a: Landorus\n|\n|win|yuanzhi\n|raw|Geren08's rating: 1104 &rarr; <strong>1080<\/strong><br \/>(-24 for losing)\n|raw|yuanzhi's rating: 1122 &rarr; <strong>1146<\/strong><br \/>(+24 for winning)\n|c|\u2606yuanzhi|gg\n|l|\u2606Geren08\n","uploadtime":1700569854,"views":0,"p1id":"geren08","p2id":"yuanzhi","formatid":"gen9nationaldex","rating":1080,"private":0,"password":""}