{"id":"gen9nationaldex-1991770594","p1":"w0909","p2":"HeirEhm","format":"[Gen 9] National Dex","log":"|j|\u2606w0909\n|j|\u2606HeirEhm\n|t:|1700114226\n|gametype|singles\n|player|p1|w0909|klara|\n|player|p2|HeirEhm|cynthia-gen7|\n|teamsize|p1|6\n|teamsize|p2|6\n|gen|9\n|tier|[Gen 9] National Dex\n|rule|HP Percentage Mod: HP is shown in percentages\n|rule|Endless Battle Clause: Forcing endless battles is banned\n|rule|OHKO Clause: OHKO moves are banned\n|rule|Evasion Clause: Evasion abilities, items, and moves are banned\n|rule|Evasion Abilities Clause: Evasion abilities are banned\n|rule|Evasion Items Clause: Evasion items are banned\n|rule|Evasion Moves Clause: Evasion moves are banned\n|rule|Species Clause: Limit one of each Pok\u00e9mon\n|rule|Sleep Clause Mod: Limit one foe put to sleep\n|clearpoke\n|poke|p1|Corviknight, M|\n|poke|p1|Regidrago|\n|poke|p1|Sylveon, M|\n|poke|p1|Medicham, M|\n|poke|p1|Dugtrio-Alola, F|\n|poke|p1|Arctibax, F|\n|poke|p2|Garganacl, M|\n|poke|p2|Ceruledge, F|\n|poke|p2|Klefki, F|\n|poke|p2|Electrode-Hisui|\n|poke|p2|Chansey, F|\n|poke|p2|Murkrow, M|\n|teampreview\n|\n|t:|1700114246\n|start\n|switch|p1a: Dugtrio|Dugtrio-Alola, F|100\/100\n|switch|p2a: Jingle Jingle|Klefki, F|100\/100\n|turn|1\n|\n|t:|1700114256\n|move|p2a: Jingle Jingle|Spikes|p1a: Dugtrio\n|-sidestart|p1: w0909|Spikes\n|move|p1a: Dugtrio|Earthquake|p2a: Jingle Jingle\n|-supereffective|p2a: Jingle Jingle\n|-damage|p2a: Jingle Jingle|14\/100\n|-damage|p1a: Dugtrio|91\/100|[from] item: Life Orb\n|\n|upkeep\n|turn|2\n|\n|t:|1700114262\n|switch|p2a: Rowkrum|Murkrow, M|100\/100\n|move|p1a: Dugtrio|Iron Head|p2a: Rowkrum\n|-damage|p2a: Rowkrum|27\/100\n|-damage|p1a: Dugtrio|81\/100|[from] item: Life Orb\n|\n|upkeep\n|turn|3\n|\n|t:|1700114269\n|switch|p2a: RegiSalt|Garganacl, M, shiny|100\/100\n|move|p1a: Dugtrio|Iron Head|p2a: RegiSalt\n|-supereffective|p2a: RegiSalt\n|-damage|p2a: RegiSalt|34\/100\n|-damage|p1a: Dugtrio|71\/100|[from] item: Life Orb\n|\n|-heal|p2a: RegiSalt|40\/100|[from] item: Leftovers\n|upkeep\n|turn|4\n|\n|t:|1700114292\n|move|p1a: Dugtrio|Iron Head|p2a: RegiSalt\n|-supereffective|p2a: RegiSalt\n|-damage|p2a: RegiSalt|0 fnt\n|faint|p2a: RegiSalt\n|-damage|p1a: Dugtrio|61\/100|[from] item: Life Orb\n|\n|upkeep\n|\n|t:|1700114301\n|switch|p2a: SWORDSFORHANDS|Ceruledge, F|100\/100\n|turn|5\n|\n|t:|1700114310\n|-terastallize|p2a: SWORDSFORHANDS|Dark\n|move|p1a: Dugtrio|Earthquake|p2a: SWORDSFORHANDS\n|-damage|p2a: SWORDSFORHANDS|20\/100\n|-ability|p2a: SWORDSFORHANDS|Weak Armor|boost\n|-unboost|p2a: SWORDSFORHANDS|def|1\n|-boost|p2a: SWORDSFORHANDS|spe|2\n|-damage|p1a: Dugtrio|51\/100|[from] item: Life Orb\n|move|p2a: SWORDSFORHANDS|Bitter Blade|p1a: Dugtrio\n|-supereffective|p1a: Dugtrio\n|-damage|p1a: Dugtrio|0 fnt\n|-heal|p2a: SWORDSFORHANDS|38\/100|[from] drain|[of] p1a: Dugtrio\n|-ability|p1a: Dugtrio|Tangling Hair\n|-unboost|p2a: SWORDSFORHANDS|spe|1\n|faint|p1a: Dugtrio\n|\n|upkeep\n|\n|t:|1700114323\n|switch|p1a: Medicham|Medicham, M|100\/100\n|-damage|p1a: Medicham|88\/100|[from] Spikes\n|turn|6\n|\n|t:|1700114343\n|move|p2a: SWORDSFORHANDS|Shadow Sneak|p1a: Medicham\n|-supereffective|p1a: Medicham\n|-damage|p1a: Medicham|17\/100\n|move|p1a: Medicham|Bullet Punch|p2a: SWORDSFORHANDS\n|-damage|p2a: SWORDSFORHANDS|4\/100\n|-ability|p2a: SWORDSFORHANDS|Weak Armor|boost\n|-unboost|p2a: SWORDSFORHANDS|def|1\n|-boost|p2a: SWORDSFORHANDS|spe|2\n|\n|upkeep\n|turn|7\n|\n|t:|1700114353\n|switch|p1a: Corviknight|Corviknight, M|100\/100\n|move|p2a: SWORDSFORHANDS|Shadow Sneak|p1a: Corviknight\n|-crit|p1a: Corviknight\n|-damage|p1a: Corviknight|80\/100\n|-damage|p2a: SWORDSFORHANDS|0 fnt|[from] item: Rocky Helmet|[of] p1a: Corviknight\n|faint|p2a: SWORDSFORHANDS\n|\n|upkeep\n|\n|t:|1700114368\n|switch|p2a: Wambulance|Chansey, F|100\/100\n|turn|8\n|\n|t:|1700114375\n|move|p1a: Corviknight|Defog|p2a: Wambulance\n|-unboost|p2a: Wambulance|evasion|1\n|-sideend|p1: w0909|Spikes|[from] move: Defog|[of] p1a: Corviknight\n|move|p2a: Wambulance|Tri Attack|p1a: Corviknight\n|-resisted|p1a: Corviknight\n|-crit|p1a: Corviknight\n|-damage|p1a: Corviknight|65\/100\n|\n|upkeep\n|turn|9\n|\n|t:|1700114385\n|move|p1a: Corviknight|U-turn|p2a: Wambulance\n|-damage|p2a: Wambulance|85\/100\n|\n|t:|1700114389\n|switch|p1a: Arctibax|Arctibax, F|100\/100|[from] U-turn\n|move|p2a: Wambulance|Tri Attack|p1a: Arctibax\n|-damage|p1a: Arctibax|68\/100\n|\n|upkeep\n|turn|10\n|\n|t:|1700114399\n|move|p1a: Arctibax|Brick Break|p2a: Wambulance\n|-supereffective|p2a: Wambulance\n|-damage|p2a: Wambulance|43\/100\n|move|p2a: Wambulance|Tri Attack|p1a: Arctibax\n|-crit|p1a: Arctibax\n|-damage|p1a: Arctibax|25\/100\n|-enditem|p1a: Arctibax|Salac Berry|[eat]\n|-boost|p1a: Arctibax|spe|1|[from] item: Salac Berry\n|\n|upkeep\n|turn|11\n|\n|t:|1700114411\n|move|p1a: Arctibax|Brick Break|p2a: Wambulance\n|-supereffective|p2a: Wambulance\n|-damage|p2a: Wambulance|0 fnt\n|faint|p2a: Wambulance\n|\n|upkeep\n|\n|t:|1700114413\n|switch|p2a: Beyblade beyblade|Electrode-Hisui|100\/100\n|turn|12\n|\n|t:|1700114419\n|move|p2a: Beyblade beyblade|Thunderbolt|p1a: Arctibax\n|-resisted|p1a: Arctibax\n|-damage|p1a: Arctibax|0 fnt\n|faint|p1a: Arctibax\n|\n|upkeep\n|\n|t:|1700114430\n|switch|p1a: Sylveon|Sylveon, M|100\/100\n|turn|13\n|\n|t:|1700114433\n|move|p2a: Beyblade beyblade|Thunderbolt|p1a: Sylveon\n|-damage|p1a: Sylveon|67\/100\n|move|p1a: Sylveon|Hyper Voice|p2a: Beyblade beyblade\n|-crit|p2a: Beyblade beyblade\n|-damage|p2a: Beyblade beyblade|0 fnt\n|faint|p2a: Beyblade beyblade\n|\n|-heal|p1a: Sylveon|73\/100|[from] item: Leftovers\n|upkeep\n|\n|t:|1700114437\n|switch|p2a: Rowkrum|Murkrow, M|27\/100\n|turn|14\n|\n|t:|1700114441\n|move|p2a: Rowkrum|Air Slash|p1a: Sylveon\n|-damage|p1a: Sylveon|51\/100\n|cant|p1a: Sylveon|flinch\n|\n|-heal|p1a: Sylveon|57\/100|[from] item: Leftovers\n|upkeep\n|turn|15\n|\n|t:|1700114445\n|move|p1a: Sylveon|Protect|p1a: Sylveon\n|-singleturn|p1a: Sylveon|Protect\n|move|p2a: Rowkrum|Air Slash|p1a: Sylveon\n|-activate|p1a: Sylveon|move: Protect\n|\n|-heal|p1a: Sylveon|63\/100|[from] item: Leftovers\n|upkeep\n|turn|16\n|\n|t:|1700114450\n|move|p2a: Rowkrum|Air Slash|p1a: Sylveon\n|-damage|p1a: Sylveon|39\/100\n|cant|p1a: Sylveon|flinch\n|\n|-heal|p1a: Sylveon|45\/100|[from] item: Leftovers\n|upkeep\n|turn|17\n|\n|t:|1700114454\n|move|p1a: Sylveon|Protect|p1a: Sylveon\n|-singleturn|p1a: Sylveon|Protect\n|move|p2a: Rowkrum|Air Slash|p1a: Sylveon\n|-activate|p1a: Sylveon|move: Protect\n|\n|-heal|p1a: Sylveon|51\/100|[from] item: Leftovers\n|upkeep\n|turn|18\n|\n|t:|1700114460\n|move|p2a: Rowkrum|Air Slash|p1a: Sylveon\n|-damage|p1a: Sylveon|28\/100\n|move|p1a: Sylveon|Hyper Voice|p2a: Rowkrum\n|-supereffective|p2a: Rowkrum\n|-damage|p2a: Rowkrum|0 fnt\n|faint|p2a: Rowkrum\n|\n|-heal|p1a: Sylveon|35\/100|[from] item: Leftovers\n|upkeep\n|\n|t:|1700114464\n|switch|p2a: Jingle Jingle|Klefki, F|14\/100\n|turn|19\n|\n|t:|1700114470\n|move|p2a: Jingle Jingle|Draining Kiss|p1a: Sylveon\n|-damage|p1a: Sylveon|25\/100\n|-heal|p2a: Jingle Jingle|23\/100|[from] drain|[of] p1a: Sylveon\n|move|p1a: Sylveon|Mystical Fire|p2a: Jingle Jingle\n|-supereffective|p2a: Jingle Jingle\n|-damage|p2a: Jingle Jingle|0 fnt\n|faint|p2a: Jingle Jingle\n|\n|win|w0909\n","uploadtime":1700114476,"views":4,"p1id":"w0909","p2id":"heirehm","formatid":"gen9nationaldex","rating":0,"private":0,"password":""}