{"id":"gen9nationaldex-1990488286","p1":"As cheu","p2":"xiangbr","format":"[Gen 9] National Dex","log":"|j|\u2606As cheu\n|j|\u2606xiangbr\n|t:|1699975519\n|gametype|singles\n|player|p1|As cheu|officeworker|1515\n|player|p2|xiangbr|170|1499\n|teamsize|p1|6\n|teamsize|p2|6\n|gen|9\n|tier|[Gen 9] National Dex\n|rated|\n|rule|HP Percentage Mod: HP is shown in percentages\n|rule|Endless Battle Clause: Forcing endless battles is banned\n|rule|OHKO Clause: OHKO moves are banned\n|rule|Evasion Clause: Evasion abilities, items, and moves are banned\n|rule|Evasion Abilities Clause: Evasion abilities are banned\n|rule|Evasion Items Clause: Evasion items are banned\n|rule|Evasion Moves Clause: Evasion moves are banned\n|rule|Species Clause: Limit one of each Pok\u00e9mon\n|rule|Sleep Clause Mod: Limit one foe put to sleep\n|clearpoke\n|poke|p1|Kabutops, M|\n|poke|p1|Steelix, M|\n|poke|p1|Hatterene, F|\n|poke|p1|Greninja-*, M|\n|poke|p1|Marowak-Alola, M|\n|poke|p1|Medicham, F|\n|poke|p2|Blissey, F|\n|poke|p2|Skeledirge, F|\n|poke|p2|Gliscor, M|\n|poke|p2|Empoleon, F|\n|poke|p2|Lopunny, F|\n|poke|p2|Skarmory, F|\n|teampreview\n|\n|t:|1699975538\n|start\n|switch|p1a: Medicham|Medicham, F|100\/100\n|switch|p2a: Skeledirge|Skeledirge, F|100\/100\n|turn|1\n|inactive|Battle timer is ON: inactive players will automatically lose when time's up. (requested by As cheu)\n|\n|t:|1699975544\n|switch|p1a: Marowak|Marowak-Alola, M|100\/100\n|move|p2a: Skeledirge|Will-O-Wisp|p1a: Marowak\n|-immune|p1a: Marowak\n|\n|upkeep\n|turn|2\n|\n|t:|1699975548\n|move|p1a: Marowak|Poltergeist|p2a: Skeledirge\n|-activate|p2a: Skeledirge|move: Poltergeist|Heavy-Duty Boots\n|-supereffective|p2a: Skeledirge\n|-damage|p2a: Skeledirge|22\/100\n|move|p2a: Skeledirge|Slack Off|p2a: Skeledirge\n|-heal|p2a: Skeledirge|72\/100\n|\n|upkeep\n|turn|3\n|\n|t:|1699975555\n|switch|p1a: Greninja|Greninja, M|100\/100\n|-terastallize|p2a: Skeledirge|Water\n|move|p2a: Skeledirge|Hex|p1a: Greninja\n|-resisted|p1a: Greninja\n|-damage|p1a: Greninja|80\/100\n|\n|upkeep\n|turn|4\n|\n|t:|1699975561\n|switch|p2a: Blissey|Blissey, F|100\/100\n|move|p1a: Greninja|Grass Knot|p2a: Blissey\n|-start|p1a: Greninja|typechange|Grass|[from] ability: Protean\n|-damage|p2a: Blissey|86\/100\n|\n|upkeep\n|turn|5\n|\n|t:|1699975569\n|switch|p1a: Hatterene|Hatterene, F|100\/100\n|-zpower|p2a: Blissey\n|move|p2a: Blissey|Inferno Overdrive|p1a: Hatterene|[zeffect]\n|-damage|p1a: Hatterene|80\/100\n|\n|upkeep\n|turn|6\n|\n|t:|1699975577\n|move|p2a: Blissey|Seismic Toss|p1a: Hatterene\n|-damage|p1a: Hatterene|49\/100\n|move|p1a: Hatterene|Psyshock|p2a: Blissey\n|-damage|p2a: Blissey|51\/100\n|\n|upkeep\n|turn|7\n|\n|t:|1699975583\n|switch|p1a: Steelix|Steelix, M|100\/100\n|move|p2a: Blissey|Seismic Toss|p1a: Steelix\n|-damage|p1a: Steelix|72\/100\n|-damage|p2a: Blissey|35\/100|[from] item: Rocky Helmet|[of] p1a: Steelix\n|\n|upkeep\n|turn|8\n|\n|t:|1699975587\n|move|p2a: Blissey|Soft-Boiled|p2a: Blissey\n|-heal|p2a: Blissey|85\/100\n|move|p1a: Steelix|Stealth Rock|p2a: Blissey\n|-sidestart|p2: xiangbr|move: Stealth Rock\n|\n|upkeep\n|turn|9\n|\n|t:|1699975593\n|switch|p1a: Hatterene|Hatterene, F|49\/100\n|move|p2a: Blissey|Fire Blast|p1a: Hatterene\n|-damage|p1a: Hatterene|38\/100\n|\n|upkeep\n|turn|10\n|\n|t:|1699975599\n|move|p2a: Blissey|Seismic Toss|p1a: Hatterene\n|-damage|p1a: Hatterene|6\/100\n|move|p1a: Hatterene|Nuzzle|p2a: Blissey\n|-damage|p2a: Blissey|81\/100\n|-status|p2a: Blissey|par\n|\n|upkeep\n|turn|11\n|\n|t:|1699975603\n|switch|p1a: Marowak|Marowak-Alola, M|100\/100\n|move|p2a: Blissey|Seismic Toss|p1a: Marowak\n|-immune|p1a: Marowak\n|\n|upkeep\n|turn|12\n|\n|t:|1699975608\n|-curestatus|p2a: Blissey|par|[from] ability: Natural Cure\n|switch|p2a: Skeledirge|Skeledirge, F, tera:Water|72\/100\n|move|p1a: Marowak|Fire Punch|p2a: Skeledirge\n|-resisted|p2a: Skeledirge\n|-damage|p2a: Skeledirge|59\/100\n|\n|upkeep\n|turn|13\n|\n|t:|1699975615\n|move|p1a: Marowak|Poltergeist|p2a: Skeledirge\n|-activate|p2a: Skeledirge|move: Poltergeist|Heavy-Duty Boots\n|-damage|p2a: Skeledirge|18\/100\n|move|p2a: Skeledirge|Slack Off|p2a: Skeledirge\n|-heal|p2a: Skeledirge|68\/100\n|\n|upkeep\n|turn|14\n|\n|t:|1699975624\n|switch|p1a: Medicham|Medicham, F|100\/100\n|move|p2a: Skeledirge|Slack Off|p2a: Skeledirge\n|-heal|p2a: Skeledirge|100\/100\n|\n|upkeep\n|turn|15\n|\n|t:|1699975634\n|detailschange|p1a: Medicham|Medicham-Mega, F\n|-mega|p1a: Medicham|Medicham|Medichamite\n|move|p1a: Medicham|Fake Out|p2a: Skeledirge\n|-damage|p2a: Skeledirge|85\/100\n|cant|p2a: Skeledirge|flinch\n|\n|upkeep\n|turn|16\n|\n|t:|1699975638\n|move|p1a: Medicham|Close Combat|p2a: Skeledirge\n|-damage|p2a: Skeledirge|27\/100\n|-unboost|p1a: Medicham|def|1\n|-unboost|p1a: Medicham|spd|1\n|move|p2a: Skeledirge|Will-O-Wisp|p1a: Medicham\n|-status|p1a: Medicham|brn\n|\n|-damage|p1a: Medicham|94\/100 brn|[from] brn\n|upkeep\n|turn|17\n|\n|t:|1699975647\n|switch|p2a: Gliscor|Gliscor, M|100\/100\n|-damage|p2a: Gliscor|88\/100|[from] Stealth Rock\n|move|p1a: Medicham|Close Combat|p2a: Gliscor\n|-resisted|p2a: Gliscor\n|-damage|p2a: Gliscor|68\/100\n|-unboost|p1a: Medicham|def|1\n|-unboost|p1a: Medicham|spd|1\n|\n|-damage|p1a: Medicham|88\/100 brn|[from] brn\n|-status|p2a: Gliscor|tox|[from] item: Toxic Orb\n|upkeep\n|turn|18\n|\n|t:|1699975651\n|move|p1a: Medicham|Ice Punch|p2a: Gliscor\n|-supereffective|p2a: Gliscor\n|-damage|p2a: Gliscor|0 fnt\n|faint|p2a: Gliscor\n|\n|-damage|p1a: Medicham|82\/100 brn|[from] brn\n|upkeep\n|\n|t:|1699975656\n|switch|p2a: Lopunny|Lopunny, F|100\/100\n|-damage|p2a: Lopunny|88\/100|[from] Stealth Rock\n|turn|19\n|\n|t:|1699975661\n|switch|p1a: Steelix|Steelix, M|72\/100\n|detailschange|p2a: Lopunny|Lopunny-Mega, F\n|-mega|p2a: Lopunny|Lopunny|Lopunnite\n|move|p2a: Lopunny|Fake Out|p1a: Steelix\n|-resisted|p1a: Steelix\n|-damage|p1a: Steelix|67\/100\n|-damage|p2a: Lopunny|72\/100|[from] item: Rocky Helmet|[of] p1a: Steelix\n|\n|upkeep\n|turn|20\n|\n|t:|1699975667\n|switch|p1a: Hatterene|Hatterene, F|6\/100\n|move|p2a: Lopunny|Close Combat|p1a: Hatterene\n|-resisted|p1a: Hatterene\n|-damage|p1a: Hatterene|0 fnt\n|-unboost|p2a: Lopunny|def|1\n|-unboost|p2a: Lopunny|spd|1\n|faint|p1a: Hatterene\n|\n|upkeep\n|\n|t:|1699975673\n|switch|p1a: Kabutops|Kabutops, M|100\/100\n|turn|21\n|\n|t:|1699975679\n|switch|p2a: Empoleon|Empoleon, F|100\/100\n|move|p1a: Kabutops|Swords Dance|p1a: Kabutops\n|-boost|p1a: Kabutops|atk|2\n|\n|upkeep\n|turn|22\n|\n|t:|1699975684\n|move|p1a: Kabutops|Waterfall|p2a: Empoleon\n|-resisted|p2a: Empoleon\n|-damage|p2a: Empoleon|59\/100\n|move|p2a: Empoleon|Defog|p1a: Kabutops\n|-unboost|p1a: Kabutops|evasion|1\n|-sideend|p2: xiangbr|Stealth Rock|[from] move: Defog|[of] p2a: Empoleon\n|\n|upkeep\n|turn|23\n|\n|t:|1699975690\n|-terastallize|p1a: Kabutops|Water\n|move|p1a: Kabutops|Waterfall|p2a: Empoleon\n|-resisted|p2a: Empoleon\n|-damage|p2a: Empoleon|7\/100\n|move|p2a: Empoleon|Scald|p1a: Kabutops\n|-resisted|p1a: Kabutops\n|-damage|p1a: Kabutops|72\/100\n|\n|upkeep\n|turn|24\n|\n|t:|1699975697\n|move|p1a: Kabutops|Rapid Spin|p2a: Empoleon\n|-resisted|p2a: Empoleon\n|-damage|p2a: Empoleon|0 fnt\n|-boost|p1a: Kabutops|spe|1\n|faint|p2a: Empoleon\n|\n|upkeep\n|\n|t:|1699975707\n|switch|p2a: Skarmory|Skarmory, F|100\/100\n|turn|25\n|\n|t:|1699975718\n|move|p1a: Kabutops|Waterfall|p2a: Skarmory\n|-damage|p2a: Skarmory|19\/100\n|-damage|p1a: Kabutops|56\/100|[from] item: Rocky Helmet|[of] p2a: Skarmory\n|cant|p2a: Skarmory|flinch\n|\n|upkeep\n|turn|26\n|\n|t:|1699975724\n|move|p1a: Kabutops|Waterfall|p2a: Skarmory\n|-damage|p2a: Skarmory|0 fnt\n|-damage|p1a: Kabutops|39\/100|[from] item: Rocky Helmet|[of] p2a: Skarmory\n|faint|p2a: Skarmory\n|\n|upkeep\n|\n|t:|1699975726\n|switch|p2a: Lopunny|Lopunny-Mega, F|72\/100\n|turn|27\n|\n|t:|1699975731\n|move|p2a: Lopunny|Fake Out|p1a: Kabutops\n|-damage|p1a: Kabutops|14\/100\n|-ability|p1a: Kabutops|Weak Armor|boost\n|-unboost|p1a: Kabutops|def|1\n|-boost|p1a: Kabutops|spe|2\n|cant|p1a: Kabutops|flinch\n|\n|upkeep\n|turn|28\n|\n|t:|1699975738\n|move|p2a: Lopunny|Quick Attack|p1a: Kabutops\n|-damage|p1a: Kabutops|0 fnt\n|faint|p1a: Kabutops\n|\n|upkeep\n|\n|t:|1699975750\n|switch|p1a: Medicham|Medicham-Mega, F|82\/100 brn\n|turn|29\n|\n|t:|1699975756\n|switch|p2a: Skeledirge|Skeledirge, F, tera:Water|27\/100\n|move|p1a: Medicham|Close Combat|p2a: Skeledirge\n|-damage|p2a: Skeledirge|0 fnt\n|-unboost|p1a: Medicham|def|1\n|-unboost|p1a: Medicham|spd|1\n|faint|p2a: Skeledirge\n|\n|-damage|p1a: Medicham|76\/100 brn|[from] brn\n|upkeep\n|\n|t:|1699975758\n|switch|p2a: Lopunny|Lopunny-Mega, F|72\/100\n|turn|30\n|\n|t:|1699975765\n|switch|p1a: Steelix|Steelix, M|67\/100\n|move|p2a: Lopunny|Close Combat|p1a: Steelix\n|-supereffective|p1a: Steelix\n|-crit|p1a: Steelix\n|-damage|p1a: Steelix|0 fnt\n|-unboost|p2a: Lopunny|def|1\n|-unboost|p2a: Lopunny|spd|1\n|-damage|p2a: Lopunny|55\/100|[from] item: Rocky Helmet|[of] p1a: Steelix\n|faint|p1a: Steelix\n|\n|upkeep\n|\n|t:|1699975771\n|switch|p1a: Marowak|Marowak-Alola, M|100\/100\n|turn|31\n|\n|t:|1699975775\n|move|p2a: Lopunny|Close Combat|p1a: Marowak\n|-damage|p1a: Marowak|33\/100\n|-unboost|p2a: Lopunny|def|1\n|-unboost|p2a: Lopunny|spd|1\n|move|p1a: Marowak|Fire Punch|p2a: Lopunny\n|-damage|p2a: Lopunny|0 fnt\n|faint|p2a: Lopunny\n|\n|upkeep\n|\n|t:|1699975778\n|switch|p2a: Blissey|Blissey, F|81\/100\n|turn|32\n|\n|t:|1699975781\n|move|p1a: Marowak|Fire Punch|p2a: Blissey\n|-damage|p2a: Blissey|42\/100\n|move|p2a: Blissey|Soft-Boiled|p2a: Blissey\n|-heal|p2a: Blissey|92\/100\n|\n|upkeep\n|turn|33\n|\n|t:|1699975786\n|move|p1a: Marowak|Pain Split|p2a: Blissey\n|-sethp|p2a: Blissey|54\/100|[from] move: Pain Split|[silent]\n|-sethp|p1a: Marowak|100\/100|[from] move: Pain Split\n|move|p2a: Blissey|Calm Mind|p2a: Blissey\n|-boost|p2a: Blissey|spa|1\n|-boost|p2a: Blissey|spd|1\n|\n|upkeep\n|turn|34\n|\n|t:|1699975791\n|move|p1a: Marowak|Fire Punch|p2a: Blissey\n|-damage|p2a: Blissey|11\/100\n|move|p2a: Blissey|Calm Mind|p2a: Blissey\n|-boost|p2a: Blissey|spa|1\n|-boost|p2a: Blissey|spd|1\n|\n|upkeep\n|turn|35\n|-message|xiangbr forfeited.\n|\n|win|As cheu\n|raw|As cheu's rating: 1515 &rarr; <strong>1534<\/strong><br \/>(+19 for winning)\n|raw|xiangbr's rating: 1499 &rarr; <strong>1480<\/strong><br \/>(-19 for losing)\n|l|\u2606xiangbr\n","uploadtime":1699975842,"views":4,"p1id":"ascheu","p2id":"xiangbr","formatid":"gen9nationaldex","rating":1480,"private":0,"password":""}