{"id":"gen9nationaldex-1994217287","p1":"Natdex dancer","p2":"RunicPower419","format":"[Gen 9] National Dex","log":"|j|\u2606Natdex dancer\n|j|\u2606RunicPower419\n|t:|1700420009\n|gametype|singles\n|player|p1|Natdex dancer|ninjaboy|1381\n|player|p2|RunicPower419|red-masters|1292\n|teamsize|p1|6\n|teamsize|p2|6\n|gen|9\n|tier|[Gen 9] National Dex\n|rated|\n|rule|HP Percentage Mod: HP is shown in percentages\n|rule|Endless Battle Clause: Forcing endless battles is banned\n|rule|OHKO Clause: OHKO moves are banned\n|rule|Evasion Clause: Evasion abilities, items, and moves are banned\n|rule|Evasion Abilities Clause: Evasion abilities are banned\n|rule|Evasion Items Clause: Evasion items are banned\n|rule|Evasion Moves Clause: Evasion moves are banned\n|rule|Species Clause: Limit one of each Pok\u00e9mon\n|rule|Sleep Clause Mod: Limit one foe put to sleep\n|clearpoke\n|poke|p1|Rillaboom, M|\n|poke|p1|Aegislash, F|\n|poke|p1|Alomomola, F|\n|poke|p1|Hawlucha, M|\n|poke|p1|Nidoking, M|\n|poke|p1|Kleavor, F|\n|poke|p2|Zapdos|\n|poke|p2|Sinistcha-Masterpiece|\n|poke|p2|Ting-Lu|\n|poke|p2|Alomomola, M|\n|poke|p2|Heatran, F|\n|poke|p2|Zamazenta-*|\n|teampreview\n|inactive|Battle timer is ON: inactive players will automatically lose when time's up. (requested by RunicPower419)\n|inactive|Natdex dancer has 120 seconds left.\n|\n|t:|1700420046\n|start\n|switch|p1a: Kleavor|Kleavor, F|100\/100\n|switch|p2a: Zamazenta|Zamazenta|100\/100\n|-ability|p2a: Zamazenta|Dauntless Shield|boost\n|-boost|p2a: Zamazenta|def|1\n|turn|1\n|\n|t:|1700420051\n|-terastallize|p2a: Zamazenta|Fighting\n|move|p1a: Kleavor|U-turn|p2a: Zamazenta\n|-resisted|p2a: Zamazenta\n|-damage|p2a: Zamazenta|88\/100\n|\n|t:|1700420057\n|switch|p1a: Aegislash|Aegislash, F, shiny|100\/100|[from] U-turn\n|move|p2a: Zamazenta|Close Combat|p1a: Aegislash\n|-immune|p1a: Aegislash\n|\n|upkeep\n|turn|2\n|\n|t:|1700420069\n|switch|p2a: Ting-Lu|Ting-Lu|100\/100\n|-ability|p2a: Ting-Lu|Vessel of Ruin\n|move|p1a: Aegislash|Toxic|p2a: Ting-Lu\n|-status|p2a: Ting-Lu|tox\n|\n|-damage|p2a: Ting-Lu|94\/100 tox|[from] psn\n|upkeep\n|turn|3\n|\n|t:|1700420081\n|switch|p1a: Rillaboom|Rillaboom, M|100\/100\n|-fieldstart|move: Grassy Terrain|[from] ability: Grassy Surge|[of] p1a: Rillaboom\n|move|p2a: Ting-Lu|Earthquake|p1a: Rillaboom\n|-resisted|p1a: Rillaboom\n|-damage|p1a: Rillaboom|90\/100\n|\n|-heal|p1a: Rillaboom|96\/100|[from] Grassy Terrain\n|-heal|p2a: Ting-Lu|100\/100 tox|[from] Grassy Terrain\n|-damage|p2a: Ting-Lu|88\/100 tox|[from] psn\n|upkeep\n|turn|4\n|\n|t:|1700420105\n|switch|p2a: Zapdos|Zapdos, shiny|100\/100\n|move|p1a: Rillaboom|Knock Off|p2a: Zapdos\n|-damage|p2a: Zapdos|60\/100\n|-status|p1a: Rillaboom|par|[from] ability: Static|[of] p2a: Zapdos\n|-enditem|p2a: Zapdos|Heavy-Duty Boots|[from] move: Knock Off|[of] p1a: Rillaboom\n|\n|-heal|p1a: Rillaboom|100\/100 par|[from] Grassy Terrain\n|upkeep\n|turn|5\n|\n|t:|1700420114\n|switch|p1a: Nidoking|Nidoking, M, shiny|100\/100\n|move|p2a: Zapdos|Roost|p2a: Zapdos\n|-heal|p2a: Zapdos|100\/100\n|-singleturn|p2a: Zapdos|move: Roost\n|\n|upkeep\n|turn|6\n|inactive|RunicPower419 has 120 seconds left.\n|\n|t:|1700420149\n|switch|p2a: Alomomola|Alomomola, M|100\/100\n|move|p1a: Nidoking|Ice Beam|p2a: Alomomola\n|-resisted|p2a: Alomomola\n|-damage|p2a: Alomomola|83\/100\n|\n|-heal|p2a: Alomomola|89\/100|[from] Grassy Terrain\n|upkeep\n|turn|7\n|inactive|RunicPower419 has 120 seconds left.\n|\n|t:|1700420160\n|switch|p1a: Alomomola|Alomomola, F|100\/100\n|move|p2a: Alomomola|Wish|p2a: Alomomola\n|\n|-heal|p2a: Alomomola|95\/100|[from] Grassy Terrain\n|-fieldend|move: Grassy Terrain\n|upkeep\n|turn|8\n|inactive|RunicPower419 has 120 seconds left.\n|\n|t:|1700420186\n|move|p2a: Alomomola|Flip Turn|p1a: Alomomola\n|-resisted|p1a: Alomomola\n|-damage|p1a: Alomomola|96\/100\n|-enditem|p1a: Alomomola|Eject Button\n|\n|t:|1700420196\n|switch|p1a: Rillaboom|Rillaboom, M|100\/100 par\n|-fieldstart|move: Grassy Terrain|[from] ability: Grassy Surge|[of] p1a: Rillaboom\n|\n|-heal|p2a: Alomomola|100\/100|[from] move: Wish|[wisher] Alomomola\n|upkeep\n|turn|9\n|\n|t:|1700420219\n|switch|p2a: Zapdos|Zapdos, shiny|100\/100\n|switch|p1a: Kleavor|Kleavor, F|100\/100\n|\n|upkeep\n|turn|10\n|\n|t:|1700420227\n|switch|p2a: Sinistcha|Sinistcha-Masterpiece, shiny|100\/100\n|move|p1a: Kleavor|Stone Axe|p2a: Sinistcha\n|-damage|p2a: Sinistcha|64\/100\n|-sidestart|p2: RunicPower419|move: Stealth Rock\n|\n|-heal|p2a: Sinistcha|70\/100|[from] Grassy Terrain\n|-heal|p2a: Sinistcha|76\/100|[from] item: Leftovers\n|upkeep\n|turn|11\n|\n|t:|1700420239\n|switch|p1a: Nidoking|Nidoking, M, shiny|100\/100\n|move|p2a: Sinistcha|Strength Sap|p1a: Nidoking\n|-unboost|p1a: Nidoking|atk|1\n|-heal|p2a: Sinistcha|100\/100\n|\n|upkeep\n|turn|12\n|\n|t:|1700420246\n|switch|p2a: Alomomola|Alomomola, M|100\/100\n|move|p1a: Nidoking|Ice Beam|p2a: Alomomola\n|-resisted|p2a: Alomomola\n|-crit|p2a: Alomomola\n|-damage|p2a: Alomomola|72\/100\n|\n|-heal|p2a: Alomomola|78\/100|[from] Grassy Terrain\n|-fieldend|move: Grassy Terrain\n|upkeep\n|turn|13\n|\n|t:|1700420253\n|move|p1a: Nidoking|Thunderbolt|p2a: Alomomola\n|-supereffective|p2a: Alomomola\n|-damage|p2a: Alomomola|11\/100\n|move|p2a: Alomomola|Flip Turn|p1a: Nidoking\n|-supereffective|p1a: Nidoking\n|-damage|p1a: Nidoking|56\/100\n|inactive|RunicPower419 has 120 seconds left.\n|inactive|RunicPower419 has 90 seconds left.\n|\n|t:|1700420294\n|switch|p2a: Zamazenta|Zamazenta, tera:Fighting|88\/100|[from] Flip Turn\n|-damage|p2a: Zamazenta|82\/100|[from] Stealth Rock\n|\n|upkeep\n|turn|14\n|inactive|RunicPower419 has 90 seconds left.\n|\n|t:|1700420312\n|switch|p1a: Aegislash|Aegislash, F, shiny|100\/100\n|move|p2a: Zamazenta|Crunch|p1a: Aegislash\n|-supereffective|p1a: Aegislash\n|-damage|p1a: Aegislash|30\/100\n|\n|-heal|p1a: Aegislash|36\/100|[from] item: Leftovers\n|upkeep\n|turn|15\n|\n|t:|1700420320\n|move|p1a: Aegislash|King's Shield|p1a: Aegislash\n|-singleturn|p1a: Aegislash|Protect\n|move|p2a: Zamazenta|Crunch|p1a: Aegislash\n|-activate|p1a: Aegislash|move: Protect\n|-unboost|p2a: Zamazenta|atk|1\n|\n|-heal|p1a: Aegislash|43\/100|[from] item: Leftovers\n|upkeep\n|turn|16\n|\n|t:|1700420340\n|switch|p2a: Heatran|Heatran, F|100\/100\n|-damage|p2a: Heatran|88\/100|[from] Stealth Rock\n|switch|p1a: Alomomola|Alomomola, F|100\/100\n|\n|-heal|p2a: Heatran|94\/100|[from] item: Leftovers\n|upkeep\n|turn|17\n|\n|t:|1700420347\n|move|p2a: Heatran|Magma Storm|p1a: Alomomola|[miss]\n|-miss|p2a: Heatran|p1a: Alomomola\n|move|p1a: Alomomola|Flip Turn|p2a: Heatran\n|-supereffective|p2a: Heatran\n|-damage|p2a: Heatran|69\/100\n|\n|t:|1700420369\n|switch|p1a: Nidoking|Nidoking, M, shiny|56\/100|[from] Flip Turn\n|\n|-heal|p2a: Heatran|75\/100|[from] item: Leftovers\n|upkeep\n|turn|18\n|\n|t:|1700420395\n|switch|p2a: Ting-Lu|Ting-Lu|88\/100 tox\n|-damage|p2a: Ting-Lu|82\/100 tox|[from] Stealth Rock\n|-ability|p2a: Ting-Lu|Vessel of Ruin\n|move|p1a: Nidoking|Earth Power|p2a: Ting-Lu\n|-damage|p2a: Ting-Lu|56\/100 tox\n|\n|-heal|p2a: Ting-Lu|62\/100 tox|[from] item: Leftovers\n|-damage|p2a: Ting-Lu|56\/100 tox|[from] psn\n|upkeep\n|turn|19\n|\n|t:|1700420412\n|switch|p1a: Rillaboom|Rillaboom, M|100\/100 par\n|-fieldstart|move: Grassy Terrain|[from] ability: Grassy Surge|[of] p1a: Rillaboom\n|move|p2a: Ting-Lu|Earthquake|p1a: Rillaboom\n|-resisted|p1a: Rillaboom\n|-damage|p1a: Rillaboom|91\/100 par\n|\n|-heal|p1a: Rillaboom|97\/100 par|[from] Grassy Terrain\n|-heal|p2a: Ting-Lu|62\/100 tox|[from] Grassy Terrain\n|-heal|p2a: Ting-Lu|68\/100 tox|[from] item: Leftovers\n|-damage|p2a: Ting-Lu|56\/100 tox|[from] psn\n|upkeep\n|turn|20\n|\n|t:|1700420429\n|switch|p2a: Zapdos|Zapdos, shiny|100\/100\n|-damage|p2a: Zapdos|76\/100|[from] Stealth Rock\n|move|p1a: Rillaboom|U-turn|p2a: Zapdos\n|-resisted|p2a: Zapdos\n|-damage|p2a: Zapdos|61\/100\n|inactive|Natdex dancer has 120 seconds left.\n|\n|t:|1700420443\n|switch|p1a: Nidoking|Nidoking, M, shiny|56\/100|[from] U-turn\n|\n|-heal|p1a: Nidoking|62\/100|[from] Grassy Terrain\n|upkeep\n|turn|21\n|inactive|RunicPower419 has 120 seconds left.\n|\n|t:|1700420465\n|switch|p2a: Ting-Lu|Ting-Lu|56\/100 tox\n|-damage|p2a: Ting-Lu|50\/100 tox|[from] Stealth Rock\n|-ability|p2a: Ting-Lu|Vessel of Ruin\n|move|p1a: Nidoking|Sludge Wave|p2a: Ting-Lu\n|-resisted|p2a: Ting-Lu\n|-damage|p2a: Ting-Lu|37\/100 tox\n|\n|-heal|p1a: Nidoking|68\/100|[from] Grassy Terrain\n|-heal|p2a: Ting-Lu|43\/100 tox|[from] Grassy Terrain\n|-heal|p2a: Ting-Lu|50\/100 tox|[from] item: Leftovers\n|-damage|p2a: Ting-Lu|43\/100 tox|[from] psn\n|upkeep\n|turn|22\n|\n|t:|1700420488\n|move|p1a: Nidoking|Ice Beam|p2a: Ting-Lu\n|-supereffective|p2a: Ting-Lu\n|-damage|p2a: Ting-Lu|10\/100 tox\n|move|p2a: Ting-Lu|Earthquake|p1a: Nidoking\n|-supereffective|p1a: Nidoking\n|-damage|p1a: Nidoking|20\/100\n|\n|-heal|p1a: Nidoking|26\/100|[from] Grassy Terrain\n|-heal|p2a: Ting-Lu|16\/100 tox|[from] Grassy Terrain\n|-heal|p2a: Ting-Lu|22\/100 tox|[from] item: Leftovers\n|-damage|p2a: Ting-Lu|10\/100 tox|[from] psn\n|upkeep\n|turn|23\n|\n|t:|1700420498\n|move|p1a: Nidoking|Earth Power|p2a: Ting-Lu\n|-damage|p2a: Ting-Lu|0 fnt\n|faint|p2a: Ting-Lu\n|\n|-heal|p1a: Nidoking|32\/100|[from] Grassy Terrain\n|-fieldend|move: Grassy Terrain\n|upkeep\n|\n|t:|1700420501\n|switch|p2a: Zamazenta|Zamazenta, tera:Fighting|82\/100\n|-damage|p2a: Zamazenta|76\/100|[from] Stealth Rock\n|turn|24\n|\n|t:|1700420514\n|switch|p1a: Alomomola|Alomomola, F|100\/100\n|move|p2a: Zamazenta|Crunch|p1a: Alomomola\n|-damage|p1a: Alomomola|81\/100\n|\n|upkeep\n|turn|25\n|\n|t:|1700420522\n|switch|p2a: Sinistcha|Sinistcha-Masterpiece, shiny|100\/100\n|-damage|p2a: Sinistcha|88\/100|[from] Stealth Rock\n|move|p1a: Alomomola|Flip Turn|p2a: Sinistcha\n|-resisted|p2a: Sinistcha\n|-damage|p2a: Sinistcha|82\/100\n|\n|t:|1700420536\n|switch|p1a: Nidoking|Nidoking, M, shiny|32\/100|[from] Flip Turn\n|\n|-heal|p2a: Sinistcha|88\/100|[from] item: Leftovers\n|upkeep\n|turn|26\n|\n|t:|1700420546\n|switch|p2a: Alomomola|Alomomola, M|44\/100\n|move|p1a: Nidoking|Ice Beam|p2a: Alomomola\n|-resisted|p2a: Alomomola\n|-damage|p2a: Alomomola|26\/100\n|\n|upkeep\n|turn|27\n|\n|t:|1700420553\n|move|p2a: Alomomola|Protect|p2a: Alomomola\n|-singleturn|p2a: Alomomola|Protect\n|move|p1a: Nidoking|Earth Power|p2a: Alomomola\n|-activate|p2a: Alomomola|move: Protect\n|\n|upkeep\n|turn|28\n|\n|t:|1700420560\n|move|p1a: Nidoking|Earth Power|p2a: Alomomola\n|-damage|p2a: Alomomola|0 fnt\n|faint|p2a: Alomomola\n|\n|upkeep\n|\n|t:|1700420563\n|switch|p2a: Zamazenta|Zamazenta, tera:Fighting|76\/100\n|-damage|p2a: Zamazenta|70\/100|[from] Stealth Rock\n|turn|29\n|\n|t:|1700420572\n|switch|p1a: Aegislash|Aegislash, F, shiny|43\/100\n|move|p2a: Zamazenta|Wild Charge|p1a: Aegislash\n|-damage|p1a: Aegislash|8\/100\n|-damage|p2a: Zamazenta|61\/100|[from] Recoil\n|\n|-heal|p1a: Aegislash|15\/100|[from] item: Leftovers\n|upkeep\n|turn|30\n|\n|t:|1700420580\n|switch|p1a: Nidoking|Nidoking, M, shiny|32\/100\n|move|p2a: Zamazenta|Wild Charge|p1a: Nidoking\n|-immune|p1a: Nidoking\n|\n|upkeep\n|turn|31\n|\n|t:|1700420597\n|switch|p2a: Sinistcha|Sinistcha-Masterpiece, shiny|88\/100\n|-damage|p2a: Sinistcha|76\/100|[from] Stealth Rock\n|move|p1a: Nidoking|Sludge Wave|p2a: Sinistcha\n|-damage|p2a: Sinistcha|5\/100\n|\n|-heal|p2a: Sinistcha|11\/100|[from] item: Leftovers\n|upkeep\n|turn|32\n|\n|t:|1700420609\n|move|p1a: Nidoking|Ice Beam|p2a: Sinistcha\n|-supereffective|p2a: Sinistcha\n|-crit|p2a: Sinistcha\n|-damage|p2a: Sinistcha|0 fnt\n|faint|p2a: Sinistcha\n|\n|upkeep\n|\n|t:|1700420612\n|switch|p2a: Zamazenta|Zamazenta, tera:Fighting|61\/100\n|-damage|p2a: Zamazenta|55\/100|[from] Stealth Rock\n|turn|33\n|\n|t:|1700420627\n|switch|p1a: Alomomola|Alomomola, F|100\/100\n|move|p2a: Zamazenta|Close Combat|p1a: Alomomola\n|-damage|p1a: Alomomola|42\/100\n|-unboost|p2a: Zamazenta|def|1\n|-unboost|p2a: Zamazenta|spd|1\n|\n|upkeep\n|turn|34\n|\n|t:|1700420637\n|switch|p2a: Zapdos|Zapdos, shiny|61\/100\n|-damage|p2a: Zapdos|36\/100|[from] Stealth Rock\n|switch|p1a: Aegislash|Aegislash, F, shiny|15\/100\n|\n|-heal|p1a: Aegislash|21\/100|[from] item: Leftovers\n|upkeep\n|turn|35\n|\n|t:|1700420643\n|move|p2a: Zapdos|Volt Switch|p1a: Aegislash\n|-damage|p1a: Aegislash|0 fnt\n|faint|p1a: Aegislash\n|\n|t:|1700420646\n|switch|p2a: Zamazenta|Zamazenta, tera:Fighting|55\/100|[from] Volt Switch\n|-damage|p2a: Zamazenta|49\/100|[from] Stealth Rock\n|\n|upkeep\n|\n|t:|1700420661\n|switch|p1a: Rillaboom|Rillaboom, M|97\/100 par\n|-fieldstart|move: Grassy Terrain|[from] ability: Grassy Surge|[of] p1a: Rillaboom\n|turn|36\n|\n|t:|1700420666\n|move|p1a: Rillaboom|Grassy Glide|p2a: Zamazenta\n|-damage|p2a: Zamazenta|0 fnt\n|faint|p2a: Zamazenta\n|\n|-heal|p1a: Rillaboom|100\/100 par|[from] Grassy Terrain\n|upkeep\n|\n|t:|1700420669\n|switch|p2a: Zapdos|Zapdos, shiny|36\/100\n|-damage|p2a: Zapdos|11\/100|[from] Stealth Rock\n|turn|37\n|\n|t:|1700420675\n|move|p1a: Rillaboom|Grassy Glide|p2a: Zapdos\n|-resisted|p2a: Zapdos\n|-damage|p2a: Zapdos|0 fnt\n|faint|p2a: Zapdos\n|\n|upkeep\n|\n|t:|1700420678\n|switch|p2a: Heatran|Heatran, F|75\/100\n|-damage|p2a: Heatran|63\/100|[from] Stealth Rock\n|turn|38\n|\n|t:|1700420684\n|switch|p1a: Alomomola|Alomomola, F|75\/100\n|move|p2a: Heatran|Magma Storm|p1a: Alomomola\n|-resisted|p1a: Alomomola\n|-damage|p1a: Alomomola|52\/100\n|-activate|p1a: Alomomola|move: Magma Storm|[of] p2a: Heatran\n|\n|-heal|p2a: Heatran|69\/100|[from] Grassy Terrain\n|-heal|p2a: Heatran|75\/100|[from] item: Leftovers\n|-heal|p1a: Alomomola|58\/100|[from] Grassy Terrain\n|-damage|p1a: Alomomola|46\/100|[from] move: Magma Storm|[partiallytrapped]\n|upkeep\n|turn|39\n|\n|t:|1700420688\n|move|p2a: Heatran|Earth Power|p1a: Alomomola\n|-damage|p1a: Alomomola|16\/100\n|move|p1a: Alomomola|Flip Turn|p2a: Heatran\n|-supereffective|p2a: Heatran\n|-damage|p2a: Heatran|45\/100\n|\n|t:|1700420697\n|switch|p1a: Nidoking|Nidoking, M, shiny|32\/100|[from] Flip Turn\n|\n|-heal|p1a: Nidoking|38\/100|[from] Grassy Terrain\n|-heal|p2a: Heatran|51\/100|[from] Grassy Terrain\n|-heal|p2a: Heatran|57\/100|[from] item: Leftovers\n|upkeep\n|turn|40\n|\n|t:|1700420702\n|move|p1a: Nidoking|Earth Power|p2a: Heatran\n|-supereffective|p2a: Heatran\n|-damage|p2a: Heatran|0 fnt\n|faint|p2a: Heatran\n|\n|win|Natdex dancer\n|raw|Natdex dancer's rating: 1381 &rarr; <strong>1396<\/strong><br \/>(+15 for winning)\n|raw|RunicPower419's rating: 1292 &rarr; <strong>1273<\/strong><br \/>(-19 for losing)\n|l|\u2606RunicPower419\n","uploadtime":1700420752,"views":4,"p1id":"natdexdancer","p2id":"runicpower419","formatid":"gen9nationaldex","rating":1273,"private":0,"password":""}