{"id":"gen9nationaldex-1992338286","p1":"Battlemin","p2":"QM3 Levistra","format":"[Gen 9] National Dex","log":"|j|\u2606Battlemin\n|j|\u2606QM3 Levistra\n|t:|1700176221\n|gametype|singles\n|player|p1|Battlemin|brycenman|1141\n|player|p2|QM3 Levistra|plasmagrunt-gen5bw|1089\n|teamsize|p1|6\n|teamsize|p2|4\n|gen|9\n|tier|[Gen 9] National Dex\n|rated|\n|rule|HP Percentage Mod: HP is shown in percentages\n|rule|Endless Battle Clause: Forcing endless battles is banned\n|rule|OHKO Clause: OHKO moves are banned\n|rule|Evasion Clause: Evasion abilities, items, and moves are banned\n|rule|Evasion Abilities Clause: Evasion abilities are banned\n|rule|Evasion Items Clause: Evasion items are banned\n|rule|Evasion Moves Clause: Evasion moves are banned\n|rule|Species Clause: Limit one of each Pok\u00e9mon\n|rule|Sleep Clause Mod: Limit one foe put to sleep\n|clearpoke\n|poke|p1|Smeargle, M|\n|poke|p1|Machamp, F|\n|poke|p1|Porygon2|\n|poke|p1|Gliscor, F|\n|poke|p1|Barbaracle, M|\n|poke|p1|Chandelure, F|\n|poke|p2|Pelipper, M|\n|poke|p2|Torkoal, F|\n|poke|p2|Tyranitar, F|\n|poke|p2|Abomasnow, M|\n|teampreview\n|inactive|Battle timer is ON: inactive players will automatically lose when time's up. (requested by QM3 Levistra)\n|\n|t:|1700176232\n|start\n|switch|p1a: Machamp|Machamp, F|100\/100\n|switch|p2a: Pelipper|Pelipper, M|100\/100\n|-weather|RainDance|[from] ability: Drizzle|[of] p2a: Pelipper\n|turn|1\n|\n|t:|1700176239\n|switch|p2a: Torkoal|Torkoal, F|100\/100\n|-weather|SunnyDay|[from] ability: Drought|[of] p2a: Torkoal\n|move|p1a: Machamp|Stone Edge|p2a: Torkoal\n|-supereffective|p2a: Torkoal\n|-damage|p2a: Torkoal|42\/100\n|\n|-weather|SunnyDay|[upkeep]\n|upkeep\n|turn|2\n|\n|t:|1700176247\n|switch|p2a: Tyranitar|Tyranitar, F|100\/100\n|-weather|Sandstorm|[from] ability: Sand Stream|[of] p2a: Tyranitar\n|move|p1a: Machamp|Stone Edge|p2a: Tyranitar\n|-damage|p2a: Tyranitar|73\/100\n|\n|-weather|Sandstorm|[upkeep]\n|-damage|p1a: Machamp|94\/100|[from] Sandstorm\n|upkeep\n|turn|3\n|\n|t:|1700176255\n|switch|p2a: Abomasnow|Abomasnow, M|100\/100\n|-weather|Snow|[from] ability: Snow Warning|[of] p2a: Abomasnow\n|move|p1a: Machamp|Dynamic Punch|p2a: Abomasnow\n|-supereffective|p2a: Abomasnow\n|-damage|p2a: Abomasnow|7\/100\n|-start|p2a: Abomasnow|confusion\n|\n|-weather|Snow|[upkeep]\n|upkeep\n|turn|4\n|\n|t:|1700176268\n|switch|p2a: Pelipper|Pelipper, M|100\/100\n|-weather|RainDance|[from] ability: Drizzle|[of] p2a: Pelipper\n|move|p1a: Machamp|Bullet Punch|p2a: Pelipper\n|-resisted|p2a: Pelipper\n|-damage|p2a: Pelipper|92\/100\n|\n|-weather|RainDance|[upkeep]\n|upkeep\n|turn|5\n|\n|t:|1700176275\n|switch|p2a: Torkoal|Torkoal, F|42\/100\n|-weather|SunnyDay|[from] ability: Drought|[of] p2a: Torkoal\n|move|p1a: Machamp|Dynamic Punch|p2a: Torkoal\n|-damage|p2a: Torkoal|0 fnt\n|faint|p2a: Torkoal\n|\n|-weather|SunnyDay|[upkeep]\n|upkeep\n|c|\u2606Battlemin|what is this bro\n|\n|t:|1700176277\n|switch|p2a: Tyranitar|Tyranitar, F|73\/100\n|-weather|Sandstorm|[from] ability: Sand Stream|[of] p2a: Tyranitar\n|turn|6\n|\n|t:|1700176286\n|switch|p2a: Abomasnow|Abomasnow, M|7\/100\n|-weather|Snow|[from] ability: Snow Warning|[of] p2a: Abomasnow\n|move|p1a: Machamp|Dynamic Punch|p2a: Abomasnow\n|-supereffective|p2a: Abomasnow\n|-damage|p2a: Abomasnow|0 fnt\n|faint|p2a: Abomasnow\n|\n|-weather|Snow|[upkeep]\n|upkeep\n|\n|t:|1700176292\n|switch|p2a: Tyranitar|Tyranitar, F|73\/100\n|-weather|Sandstorm|[from] ability: Sand Stream|[of] p2a: Tyranitar\n|turn|7\n|\n|t:|1700176296\n|switch|p2a: Pelipper|Pelipper, M|92\/100\n|-weather|RainDance|[from] ability: Drizzle|[of] p2a: Pelipper\n|move|p1a: Machamp|Dynamic Punch|p2a: Pelipper\n|-resisted|p2a: Pelipper\n|-damage|p2a: Pelipper|60\/100\n|-start|p2a: Pelipper|confusion\n|\n|-weather|RainDance|[upkeep]\n|upkeep\n|turn|8\n|\n|t:|1700176303\n|switch|p2a: Tyranitar|Tyranitar, F|73\/100\n|-weather|Sandstorm|[from] ability: Sand Stream|[of] p2a: Tyranitar\n|move|p1a: Machamp|Dynamic Punch|p2a: Tyranitar\n|-supereffective|p2a: Tyranitar\n|-crit|p2a: Tyranitar\n|-damage|p2a: Tyranitar|0 fnt\n|faint|p2a: Tyranitar\n|\n|-weather|Sandstorm|[upkeep]\n|-damage|p1a: Machamp|88\/100|[from] Sandstorm\n|upkeep\n|\n|t:|1700176304\n|switch|p2a: Pelipper|Pelipper, M|60\/100\n|-weather|RainDance|[from] ability: Drizzle|[of] p2a: Pelipper\n|turn|9\n|\n|t:|1700176314\n|-terastallize|p2a: Pelipper|Water\n|move|p1a: Machamp|Dynamic Punch|p2a: Pelipper\n|-damage|p2a: Pelipper|3\/100\n|-start|p2a: Pelipper|confusion\n|-activate|p2a: Pelipper|confusion\n|move|p2a: Pelipper|Rest|p2a: Pelipper\n|-status|p2a: Pelipper|slp|[from] move: Rest\n|-heal|p2a: Pelipper|100\/100 slp|[silent]\n|\n|-weather|RainDance|[upkeep]\n|upkeep\n|turn|10\n|\n|t:|1700176320\n|move|p1a: Machamp|Bullet Punch|p2a: Pelipper\n|-resisted|p2a: Pelipper\n|-damage|p2a: Pelipper|93\/100 slp\n|cant|p2a: Pelipper|slp\n|\n|-weather|RainDance|[upkeep]\n|upkeep\n|turn|11\n|\n|t:|1700176325\n|move|p1a: Machamp|Dynamic Punch|p2a: Pelipper\n|-damage|p2a: Pelipper|33\/100 slp\n|cant|p2a: Pelipper|slp\n|\n|-weather|RainDance|[upkeep]\n|upkeep\n|turn|12\n|\n|t:|1700176328\n|move|p1a: Machamp|Dynamic Punch|p2a: Pelipper\n|-damage|p2a: Pelipper|0 fnt\n|faint|p2a: Pelipper\n|\n|win|Battlemin\n|raw|Battlemin's rating: 1141 &rarr; <strong>1162<\/strong><br \/>(+21 for winning)\n|raw|QM3 Levistra's rating: 1089 &rarr; <strong>1069<\/strong><br \/>(-20 for losing)\n|c|\u2606QM3 Levistra|gg\n|l|\u2606Battlemin\n","uploadtime":1700176342,"views":5,"p1id":"battlemin","p2id":"qm3levistra","formatid":"gen9nationaldex","rating":1069,"private":0,"password":""}