{"id":"gen9nationaldex-2000010288","p1":"vl riot lv","p2":"zen_dragoon","format":"[Gen 9] National Dex","log":"|html|<div class=\"broadcast-blue\"><strong>[Gen 9] National Dex is currently suspecting Sneasler! For information on how to participate check out the <a href=\"https:\/\/www.smogon.com\/forums\/threads\/sv-national-dex-suspect-8-just-dance.3731534\/\">suspect thread<\/a>.<\/strong><\/div>\n|j|\u2606vl riot lv\n|j|\u2606zen_dragoon\n|t:|1701140801\n|gametype|singles\n|player|p1|vl riot lv|clair|1052\n|player|p2|zen_dragoon|falkner|1024\n|teamsize|p1|6\n|teamsize|p2|6\n|gen|9\n|tier|[Gen 9] National Dex\n|rated|\n|rule|HP Percentage Mod: HP is shown in percentages\n|rule|Endless Battle Clause: Forcing endless battles is banned\n|rule|OHKO Clause: OHKO moves are banned\n|rule|Evasion Clause: Evasion abilities, items, and moves are banned\n|rule|Evasion Abilities Clause: Evasion abilities are banned\n|rule|Evasion Items Clause: Evasion items are banned\n|rule|Evasion Moves Clause: Evasion moves are banned\n|rule|Species Clause: Limit one of each Pok\u00e9mon\n|rule|Sleep Clause Mod: Limit one foe put to sleep\n|clearpoke\n|poke|p1|Sableye, M|\n|poke|p1|Malamar, M|\n|poke|p1|Bisharp, M|\n|poke|p1|Lokix, F|\n|poke|p1|Samurott-Hisui, M|\n|poke|p1|Tyranitar, M|\n|poke|p2|Blaziken, F|\n|poke|p2|Kingdra, M|\n|poke|p2|Morpeko, M|\n|poke|p2|Samurott-Hisui, M|\n|poke|p2|Primeape, F|\n|poke|p2|Venomoth, F|\n|teampreview\n|\n|t:|1701140807\n|start\n|switch|p1a: Tyranitar|Tyranitar, M, shiny|100\/100\n|switch|p2a: Shinobu|Venomoth, F|100\/100\n|-weather|Sandstorm|[from] ability: Sand Stream|[of] p1a: Tyranitar\n|turn|1\n|inactive|Battle timer is ON: inactive players will automatically lose when time's up. (requested by vl riot lv)\n|\n|t:|1701140814\n|move|p2a: Shinobu|Bug Buzz|p1a: Tyranitar\n|-supereffective|p1a: Tyranitar\n|-damage|p1a: Tyranitar|71\/100\n|move|p1a: Tyranitar|Stealth Rock|p2a: Shinobu\n|-sidestart|p2: zen_dragoon|move: Stealth Rock\n|\n|-weather|Sandstorm|[upkeep]\n|-damage|p2a: Shinobu|94\/100|[from] Sandstorm\n|upkeep\n|turn|2\n|\n|t:|1701140826\n|switch|p1a: Bisharp|Bisharp, M, shiny|100\/100\n|move|p2a: Shinobu|Toxic Spikes|p1a: Bisharp\n|-sidestart|p1: vl riot lv|move: Toxic Spikes\n|\n|-weather|Sandstorm|[upkeep]\n|-damage|p2a: Shinobu|88\/100|[from] Sandstorm\n|upkeep\n|turn|3\n|\n|t:|1701140835\n|move|p2a: Shinobu|Toxic Spikes|p1a: Bisharp\n|-sidestart|p1: vl riot lv|move: Toxic Spikes\n|move|p1a: Bisharp|Iron Head|p2a: Shinobu\n|-damage|p2a: Shinobu|35\/100\n|\n|-weather|Sandstorm|[upkeep]\n|-damage|p2a: Shinobu|29\/100|[from] Sandstorm\n|upkeep\n|turn|4\n|\n|t:|1701140842\n|move|p1a: Bisharp|Psycho Cut|p2a: Shinobu\n|-supereffective|p2a: Shinobu\n|-damage|p2a: Shinobu|0 fnt\n|faint|p2a: Shinobu\n|\n|-weather|Sandstorm|[upkeep]\n|upkeep\n|\n|t:|1701140856\n|switch|p2a: Zenitsu|Morpeko, M|100\/100\n|-damage|p2a: Zenitsu|88\/100|[from] Stealth Rock\n|turn|5\n|\n|t:|1701140862\n|move|p2a: Zenitsu|Rapid Spin|p1a: Bisharp\n|-resisted|p1a: Bisharp\n|-damage|p1a: Bisharp|95\/100\n|-boost|p2a: Zenitsu|spe|1\n|-sideend|p2: zen_dragoon|Stealth Rock|[from] move: Rapid Spin|[of] p2a: Zenitsu\n|move|p1a: Bisharp|Iron Head|p2a: Zenitsu\n|-resisted|p2a: Zenitsu\n|-damage|p2a: Zenitsu|41\/100\n|\n|-weather|Sandstorm|[upkeep]\n|-damage|p2a: Zenitsu|34\/100|[from] Sandstorm\n|-formechange|p2a: Zenitsu|Morpeko-Hangry||[from] ability: Hunger Switch\n|upkeep\n|turn|6\n|\n|t:|1701140875\n|move|p2a: Zenitsu|Stomping Tantrum|p1a: Bisharp\n|-supereffective|p1a: Bisharp\n|-damage|p1a: Bisharp|62\/100\n|move|p1a: Bisharp|Swords Dance|p1a: Bisharp\n|-boost|p1a: Bisharp|atk|2\n|\n|-weather|Sandstorm|[upkeep]\n|-damage|p2a: Zenitsu|28\/100|[from] Sandstorm\n|-formechange|p2a: Zenitsu|Morpeko||[from] ability: Hunger Switch\n|upkeep\n|turn|7\n|\n|t:|1701140883\n|move|p2a: Zenitsu|Aura Wheel|p1a: Bisharp\n|-damage|p1a: Bisharp|27\/100\n|-boost|p2a: Zenitsu|spe|1\n|move|p1a: Bisharp|Iron Head|p2a: Zenitsu\n|-resisted|p2a: Zenitsu\n|-damage|p2a: Zenitsu|0 fnt\n|faint|p2a: Zenitsu\n|\n|-weather|Sandstorm|[upkeep]\n|upkeep\n|\n|t:|1701140896\n|switch|p2a: Inosuke|Primeape, F, shiny|100\/100\n|turn|8\n|\n|t:|1701140906\n|-terastallize|p1a: Bisharp|Ghost\n|move|p2a: Inosuke|Drain Punch|p1a: Bisharp\n|-immune|p1a: Bisharp\n|move|p1a: Bisharp|Psycho Cut|p2a: Inosuke\n|-supereffective|p2a: Inosuke\n|-damage|p2a: Inosuke|8\/100\n|\n|-weather|none\n|upkeep\n|turn|9\n|\n|t:|1701140914\n|move|p1a: Bisharp|Sucker Punch|p2a: Inosuke\n|-resisted|p2a: Inosuke\n|-damage|p2a: Inosuke|0 fnt\n|faint|p2a: Inosuke\n|\n|upkeep\n|\n|t:|1701140918\n|switch|p2a: Nezuko|Blaziken, F, shiny|100\/100\n|turn|10\n|\n|t:|1701140921\n|move|p2a: Nezuko|Bulk Up|p2a: Nezuko\n|-boost|p2a: Nezuko|atk|1\n|-boost|p2a: Nezuko|def|1\n|move|p1a: Bisharp|Psycho Cut|p2a: Nezuko\n|-supereffective|p2a: Nezuko\n|-damage|p2a: Nezuko|32\/100\n|\n|-ability|p2a: Nezuko|Speed Boost|boost\n|-boost|p2a: Nezuko|spe|1\n|upkeep\n|turn|11\n|\n|t:|1701140929\n|move|p2a: Nezuko|Bulk Up|p2a: Nezuko\n|-boost|p2a: Nezuko|atk|1\n|-boost|p2a: Nezuko|def|1\n|move|p1a: Bisharp|Psycho Cut|p2a: Nezuko\n|-supereffective|p2a: Nezuko\n|-crit|p2a: Nezuko\n|-damage|p2a: Nezuko|0 fnt\n|faint|p2a: Nezuko\n|\n|upkeep\n|-message|zen_dragoon forfeited.\n|\n|win|vl riot lv\n|raw|vl riot lv's rating: 1052 &rarr; <strong>1082<\/strong><br \/>(+30 for winning)\n|raw|zen_dragoon's rating: 1024 &rarr; <strong>1011<\/strong><br \/>(-13 for losing)\n|l|\u2606zen_dragoon\n","uploadtime":1701140939,"views":2,"p1id":"vlriotlv","p2id":"zendragoon","formatid":"gen9nationaldex","rating":1011,"private":0,"password":""}