{"id":"gen9nationaldex-1993344824","p1":"Fengylin9","p2":"Levelup_yaman","format":"[Gen 9] National Dex","log":"|j|\u2606Fengylin9\n|j|\u2606Levelup_yaman\n|t:|1700302720\n|gametype|singles\n|player|p1|Fengylin9|dawn|1101\n|player|p2|Levelup_yaman|picnicker|1158\n|teamsize|p1|6\n|teamsize|p2|6\n|gen|9\n|tier|[Gen 9] National Dex\n|rated|\n|rule|HP Percentage Mod: HP is shown in percentages\n|rule|Endless Battle Clause: Forcing endless battles is banned\n|rule|OHKO Clause: OHKO moves are banned\n|rule|Evasion Clause: Evasion abilities, items, and moves are banned\n|rule|Evasion Abilities Clause: Evasion abilities are banned\n|rule|Evasion Items Clause: Evasion items are banned\n|rule|Evasion Moves Clause: Evasion moves are banned\n|rule|Species Clause: Limit one of each Pok\u00e9mon\n|rule|Sleep Clause Mod: Limit one foe put to sleep\n|clearpoke\n|poke|p1|Pidgeot, M|\n|poke|p1|Clodsire, M|\n|poke|p1|Skarmory, F|\n|poke|p1|Great Tusk|\n|poke|p1|Tapu Koko|\n|poke|p1|Aegislash, F|\n|poke|p2|Garchomp, F|\n|poke|p2|Urshifu-*, F|\n|poke|p2|Decidueye, M|\n|poke|p2|Armarouge, M|\n|poke|p2|Scizor, F|\n|poke|p2|Avalugg-Hisui, M|\n|teampreview\n|inactive|Battle timer is ON: inactive players will automatically lose when time's up. (requested by Levelup_yaman)\n|\n|t:|1700302738\n|start\n|switch|p1a: \u5c0f\u9e1f\u4e71\u98de|Pidgeot, M, shiny|100\/100\n|switch|p2a: Urshifu|Urshifu-Rapid-Strike, F|100\/100\n|turn|1\n|inactive|Fengylin9 has 120 seconds left.\n|\n|t:|1700302786\n|detailschange|p1a: \u5c0f\u9e1f\u4e71\u98de|Pidgeot-Mega, M, shiny\n|-mega|p1a: \u5c0f\u9e1f\u4e71\u98de|Pidgeot|Pidgeotite\n|move|p2a: Urshifu|Ice Spinner|p1a: \u5c0f\u9e1f\u4e71\u98de\n|-supereffective|p1a: \u5c0f\u9e1f\u4e71\u98de\n|-damage|p1a: \u5c0f\u9e1f\u4e71\u98de|22\/100\n|move|p1a: \u5c0f\u9e1f\u4e71\u98de|Hurricane|p2a: Urshifu\n|-supereffective|p2a: Urshifu\n|-damage|p2a: Urshifu|0 fnt\n|faint|p2a: Urshifu\n|\n|upkeep\n|\n|t:|1700302794\n|switch|p2a: Scizor|Scizor, F|100\/100\n|turn|2\n|\n|t:|1700302808\n|switch|p1a: \u5c0f\u6ce5\u5df4\u4e71\u7761|Clodsire, M|100\/100\n|move|p2a: Scizor|Bullet Punch|p1a: \u5c0f\u6ce5\u5df4\u4e71\u7761\n|-damage|p1a: \u5c0f\u6ce5\u5df4\u4e71\u7761|64\/100\n|\n|-heal|p1a: \u5c0f\u6ce5\u5df4\u4e71\u7761|71\/100|[from] item: Leftovers\n|upkeep\n|turn|3\n|\n|t:|1700302823\n|move|p2a: Scizor|Bullet Punch|p1a: \u5c0f\u6ce5\u5df4\u4e71\u7761\n|-damage|p1a: \u5c0f\u6ce5\u5df4\u4e71\u7761|34\/100\n|move|p1a: \u5c0f\u6ce5\u5df4\u4e71\u7761|Spikes|p2a: Scizor\n|-sidestart|p2: Levelup_yaman|Spikes\n|\n|-heal|p1a: \u5c0f\u6ce5\u5df4\u4e71\u7761|40\/100|[from] item: Leftovers\n|upkeep\n|turn|4\n|inactive|Fengylin9 has 120 seconds left.\n|\n|t:|1700302837\n|move|p2a: Scizor|Bullet Punch|p1a: \u5c0f\u6ce5\u5df4\u4e71\u7761\n|-damage|p1a: \u5c0f\u6ce5\u5df4\u4e71\u7761|1\/100\n|move|p1a: \u5c0f\u6ce5\u5df4\u4e71\u7761|Recover|p1a: \u5c0f\u6ce5\u5df4\u4e71\u7761\n|-heal|p1a: \u5c0f\u6ce5\u5df4\u4e71\u7761|51\/100\n|\n|-heal|p1a: \u5c0f\u6ce5\u5df4\u4e71\u7761|57\/100|[from] item: Leftovers\n|upkeep\n|turn|5\n|\n|t:|1700302846\n|switch|p1a: \u5c0f\u8c61\u4e71\u649e|Great Tusk|100\/100\n|move|p2a: Scizor|Bullet Punch|p1a: \u5c0f\u8c61\u4e71\u649e\n|-damage|p1a: \u5c0f\u8c61\u4e71\u649e|80\/100\n|\n|upkeep\n|turn|6\n|\n|t:|1700302852\n|move|p1a: \u5c0f\u8c61\u4e71\u649e|Rapid Spin|p2a: Scizor\n|-resisted|p2a: Scizor\n|-damage|p2a: Scizor|90\/100\n|-boost|p1a: \u5c0f\u8c61\u4e71\u649e|spe|1\n|move|p2a: Scizor|Lunge|p1a: \u5c0f\u8c61\u4e71\u649e\n|-resisted|p1a: \u5c0f\u8c61\u4e71\u649e\n|-damage|p1a: \u5c0f\u8c61\u4e71\u649e|64\/100\n|-unboost|p1a: \u5c0f\u8c61\u4e71\u649e|atk|1\n|\n|upkeep\n|turn|7\n|\n|t:|1700302866\n|move|p1a: \u5c0f\u8c61\u4e71\u649e|Earthquake|p2a: Scizor\n|-damage|p2a: Scizor|49\/100\n|move|p2a: Scizor|Lunge|p1a: \u5c0f\u8c61\u4e71\u649e\n|-resisted|p1a: \u5c0f\u8c61\u4e71\u649e\n|-damage|p1a: \u5c0f\u8c61\u4e71\u649e|47\/100\n|-unboost|p1a: \u5c0f\u8c61\u4e71\u649e|atk|1\n|\n|upkeep\n|turn|8\n|\n|t:|1700302891\n|-end|p1a: \u5c0f\u8c61\u4e71\u649e|Protosynthesis|[silent]\n|switch|p1a: \u7535\u6b7b\u4f60\uff01\uff01\uff01|Tapu Koko|100\/100\n|-fieldstart|move: Electric Terrain|[from] ability: Electric Surge|[of] p1a: \u7535\u6b7b\u4f60\uff01\uff01\uff01\n|move|p2a: Scizor|Aerial Ace|p1a: \u7535\u6b7b\u4f60\uff01\uff01\uff01\n|-resisted|p1a: \u7535\u6b7b\u4f60\uff01\uff01\uff01\n|-damage|p1a: \u7535\u6b7b\u4f60\uff01\uff01\uff01|78\/100\n|\n|upkeep\n|turn|9\n|\n|t:|1700302902\n|move|p2a: Scizor|Bullet Punch|p1a: \u7535\u6b7b\u4f60\uff01\uff01\uff01\n|-damage|p1a: \u7535\u6b7b\u4f60\uff01\uff01\uff01|35\/100\n|move|p1a: \u7535\u6b7b\u4f60\uff01\uff01\uff01|Thunderbolt|p2a: Scizor\n|-damage|p2a: Scizor|0 fnt\n|faint|p2a: Scizor\n|\n|upkeep\n|\n|t:|1700302909\n|switch|p2a: Garchomp|Garchomp, F|100\/100\n|-damage|p2a: Garchomp|88\/100|[from] Spikes\n|turn|10\n|\n|t:|1700302928\n|-terastallize|p1a: \u7535\u6b7b\u4f60\uff01\uff01\uff01|Fairy\n|-terastallize|p2a: Garchomp|Fire\n|move|p1a: \u7535\u6b7b\u4f60\uff01\uff01\uff01|Dazzling Gleam|p2a: Garchomp\n|-resisted|p2a: Garchomp\n|-damage|p2a: Garchomp|67\/100\n|move|p2a: Garchomp|Stone Edge|p1a: \u7535\u6b7b\u4f60\uff01\uff01\uff01\n|-damage|p1a: \u7535\u6b7b\u4f60\uff01\uff01\uff01|0 fnt\n|faint|p1a: \u7535\u6b7b\u4f60\uff01\uff01\uff01\n|\n|upkeep\n|\n|t:|1700302941\n|switch|p1a: \u5c0f\u8c61\u4e71\u649e|Great Tusk|47\/100\n|turn|11\n|\n|t:|1700302950\n|move|p2a: Garchomp|Earthquake|p1a: \u5c0f\u8c61\u4e71\u649e\n|-damage|p1a: \u5c0f\u8c61\u4e71\u649e|10\/100\n|move|p1a: \u5c0f\u8c61\u4e71\u649e|Earthquake|p2a: Garchomp\n|-supereffective|p2a: Garchomp\n|-damage|p2a: Garchomp|0 fnt\n|faint|p2a: Garchomp\n|\n|upkeep\n|\n|t:|1700302956\n|switch|p2a: Decidueye|Decidueye, M|100\/100\n|-damage|p2a: Decidueye|88\/100|[from] Spikes\n|turn|12\n|\n|t:|1700302974\n|-end|p1a: \u5c0f\u8c61\u4e71\u649e|Protosynthesis|[silent]\n|switch|p1a: \u5c0f\u94a2\u94c1\u4e71\u73a9|Skarmory, F, shiny|100\/100\n|move|p2a: Decidueye|U-turn|p1a: \u5c0f\u94a2\u94c1\u4e71\u73a9\n|-resisted|p1a: \u5c0f\u94a2\u94c1\u4e71\u73a9\n|-damage|p1a: \u5c0f\u94a2\u94c1\u4e71\u73a9|98\/100\n|\n|t:|1700302979\n|switch|p2a: Armarouge|Armarouge, M|100\/100|[from] U-turn\n|-damage|p2a: Armarouge|88\/100|[from] Spikes\n|\n|-fieldend|move: Electric Terrain\n|upkeep\n|turn|13\n|inactive|Fengylin9 has 120 seconds left.\n|\n|t:|1700303017\n|switch|p1a: \u5c0f\u8c61\u4e71\u649e|Great Tusk|10\/100\n|move|p2a: Armarouge|Armor Cannon|p1a: \u5c0f\u8c61\u4e71\u649e\n|-damage|p1a: \u5c0f\u8c61\u4e71\u649e|0 fnt\n|-unboost|p2a: Armarouge|def|1\n|-unboost|p2a: Armarouge|spd|1\n|faint|p1a: \u5c0f\u8c61\u4e71\u649e\n|-end|p1a: \u5c0f\u8c61\u4e71\u649e|Protosynthesis|[silent]\n|-damage|p2a: Armarouge|78\/100|[from] item: Life Orb\n|\n|upkeep\n|\n|t:|1700303022\n|switch|p1a: \u5c0f\u9e1f\u4e71\u98de|Pidgeot-Mega, M, shiny|22\/100\n|turn|14\n|\n|t:|1700303031\n|switch|p2a: Decidueye|Decidueye, M|88\/100\n|-damage|p2a: Decidueye|76\/100|[from] Spikes\n|move|p1a: \u5c0f\u9e1f\u4e71\u98de|Hurricane|p2a: Decidueye\n|-supereffective|p2a: Decidueye\n|-damage|p2a: Decidueye|0 fnt\n|faint|p2a: Decidueye\n|\n|upkeep\n|\n|t:|1700303034\n|switch|p2a: Avalugg|Avalugg-Hisui, M|100\/100\n|-damage|p2a: Avalugg|88\/100|[from] Spikes\n|turn|15\n|inactive|Fengylin9 has 120 seconds left.\n|\n|t:|1700303052\n|move|p1a: \u5c0f\u9e1f\u4e71\u98de|Hurricane|p2a: Avalugg\n|-resisted|p2a: Avalugg\n|-damage|p2a: Avalugg|36\/100\n|-start|p2a: Avalugg|confusion\n|-activate|p2a: Avalugg|confusion\n|move|p2a: Avalugg|Rock Slide|p1a: \u5c0f\u9e1f\u4e71\u98de\n|-supereffective|p1a: \u5c0f\u9e1f\u4e71\u98de\n|-damage|p1a: \u5c0f\u9e1f\u4e71\u98de|0 fnt\n|faint|p1a: \u5c0f\u9e1f\u4e71\u98de\n|\n|upkeep\n|\n|t:|1700303055\n|switch|p1a: \u5c0f\u8d5b\u5bcc\u8c6a|Aegislash, F|100\/100\n|turn|16\n|\n|t:|1700303064\n|-formechange|p1a: \u5c0f\u8d5b\u5bcc\u8c6a|Aegislash-Blade||[from] ability: Stance Change\n|move|p1a: \u5c0f\u8d5b\u5bcc\u8c6a|Shadow Ball|p2a: Avalugg\n|-damage|p2a: Avalugg|0 fnt\n|faint|p2a: Avalugg\n|\n|upkeep\n|\n|t:|1700303069\n|switch|p2a: Armarouge|Armarouge, M|78\/100\n|-damage|p2a: Armarouge|66\/100|[from] Spikes\n|turn|17\n|\n|t:|1700303073\n|-formechange|p1a: \u5c0f\u8d5b\u5bcc\u8c6a|Aegislash||[from] ability: Stance Change\n|move|p1a: \u5c0f\u8d5b\u5bcc\u8c6a|King's Shield|p1a: \u5c0f\u8d5b\u5bcc\u8c6a\n|-singleturn|p1a: \u5c0f\u8d5b\u5bcc\u8c6a|Protect\n|move|p2a: Armarouge|Armor Cannon|p1a: \u5c0f\u8d5b\u5bcc\u8c6a\n|-activate|p1a: \u5c0f\u8d5b\u5bcc\u8c6a|move: Protect\n|\n|upkeep\n|turn|18\n|\n|t:|1700303080\n|move|p2a: Armarouge|Armor Cannon|p1a: \u5c0f\u8d5b\u5bcc\u8c6a\n|-supereffective|p1a: \u5c0f\u8d5b\u5bcc\u8c6a\n|-damage|p1a: \u5c0f\u8d5b\u5bcc\u8c6a|0 fnt\n|-unboost|p2a: Armarouge|def|1\n|-unboost|p2a: Armarouge|spd|1\n|faint|p1a: \u5c0f\u8d5b\u5bcc\u8c6a\n|-damage|p2a: Armarouge|56\/100|[from] item: Life Orb\n|\n|upkeep\n|\n|t:|1700303083\n|switch|p1a: \u5c0f\u6ce5\u5df4\u4e71\u7761|Clodsire, M|57\/100\n|turn|19\n|\n|t:|1700303091\n|move|p2a: Armarouge|Armor Cannon|p1a: \u5c0f\u6ce5\u5df4\u4e71\u7761\n|-damage|p1a: \u5c0f\u6ce5\u5df4\u4e71\u7761|11\/100\n|-unboost|p2a: Armarouge|def|1\n|-unboost|p2a: Armarouge|spd|1\n|-damage|p2a: Armarouge|46\/100|[from] item: Life Orb\n|move|p1a: \u5c0f\u6ce5\u5df4\u4e71\u7761|Toxic|p2a: Armarouge\n|-status|p2a: Armarouge|tox\n|\n|-heal|p1a: \u5c0f\u6ce5\u5df4\u4e71\u7761|18\/100|[from] item: Leftovers\n|-damage|p2a: Armarouge|40\/100 tox|[from] psn\n|upkeep\n|turn|20\n|\n|t:|1700303111\n|move|p2a: Armarouge|Psychic|p1a: \u5c0f\u6ce5\u5df4\u4e71\u7761\n|-supereffective|p1a: \u5c0f\u6ce5\u5df4\u4e71\u7761\n|-crit|p1a: \u5c0f\u6ce5\u5df4\u4e71\u7761\n|-damage|p1a: \u5c0f\u6ce5\u5df4\u4e71\u7761|0 fnt\n|faint|p1a: \u5c0f\u6ce5\u5df4\u4e71\u7761\n|-damage|p2a: Armarouge|30\/100 tox|[from] item: Life Orb\n|\n|-damage|p2a: Armarouge|17\/100 tox|[from] psn\n|upkeep\n|\n|t:|1700303113\n|switch|p1a: \u5c0f\u94a2\u94c1\u4e71\u73a9|Skarmory, F, shiny|98\/100\n|turn|21\n|\n|t:|1700303117\n|move|p2a: Armarouge|Armor Cannon|p1a: \u5c0f\u94a2\u94c1\u4e71\u73a9\n|-supereffective|p1a: \u5c0f\u94a2\u94c1\u4e71\u73a9\n|-crit|p1a: \u5c0f\u94a2\u94c1\u4e71\u73a9\n|-damage|p1a: \u5c0f\u94a2\u94c1\u4e71\u73a9|0 fnt\n|-unboost|p2a: Armarouge|def|1\n|-unboost|p2a: Armarouge|spd|1\n|faint|p1a: \u5c0f\u94a2\u94c1\u4e71\u73a9\n|-damage|p2a: Armarouge|7\/100 tox|[from] item: Life Orb\n|\n|win|Levelup_yaman\n|raw|Fengylin9's rating: 1101 &rarr; <strong>1079<\/strong><br \/>(-22 for losing)\n|raw|Levelup_yaman's rating: 1141 &rarr; <strong>1163<\/strong><br \/>(+22 for winning)\n|l|\u2606Fengylin9\n","uploadtime":1700303126,"views":6,"p1id":"fengylin9","p2id":"levelupyaman","formatid":"gen9nationaldex","rating":1079,"private":0,"password":""}