{"id":"gen9nationaldex-1995608554","p1":"therapyisgood","p2":"beetlejuggler","format":"[Gen 9] National Dex","log":"|html|<div class=\"broadcast-blue\"><strong>[Gen 9] National Dex is currently suspecting Sneasler! For information on how to participate check out the <a href=\"https:\/\/www.smogon.com\/forums\/threads\/sv-national-dex-suspect-8-just-dance.3731534\/\">suspect thread<\/a>.<\/strong><\/div>\n|j|\u2606therapyisgood\n|j|\u2606beetlejuggler\n|t:|1700587126\n|gametype|singles\n|player|p1|therapyisgood|170|1079\n|player|p2|beetlejuggler|102|1177\n|teamsize|p1|6\n|teamsize|p2|6\n|gen|9\n|tier|[Gen 9] National Dex\n|rated|\n|rule|HP Percentage Mod: HP is shown in percentages\n|rule|Endless Battle Clause: Forcing endless battles is banned\n|rule|OHKO Clause: OHKO moves are banned\n|rule|Evasion Clause: Evasion abilities, items, and moves are banned\n|rule|Evasion Abilities Clause: Evasion abilities are banned\n|rule|Evasion Items Clause: Evasion items are banned\n|rule|Evasion Moves Clause: Evasion moves are banned\n|rule|Species Clause: Limit one of each Pok\u00e9mon\n|rule|Sleep Clause Mod: Limit one foe put to sleep\n|clearpoke\n|poke|p1|Tyranitar, M|\n|poke|p1|Diancie|\n|poke|p1|Excadrill, M|\n|poke|p1|Dracozolt|\n|poke|p1|Kommo-o, M|\n|poke|p1|Gliscor, M|\n|poke|p2|Ogerpon-Wellspring, F|\n|poke|p2|Corviknight, F|\n|poke|p2|Great Tusk|\n|poke|p2|Ribombee, F|\n|poke|p2|Hydreigon, M|\n|poke|p2|Rotom-Heat|\n|teampreview\n|inactive|Battle timer is ON: inactive players will automatically lose when time's up. (requested by beetlejuggler)\n|\n|t:|1700587158\n|start\n|switch|p1a: Tyranitar|Tyranitar, M|100\/100\n|switch|p2a: Great Tusk|Great Tusk|100\/100\n|-weather|Sandstorm|[from] ability: Sand Stream|[of] p1a: Tyranitar\n|turn|1\n|\n|t:|1700587167\n|switch|p1a: Kommo-o|Kommo-o, M|100\/100\n|move|p2a: Great Tusk|Rapid Spin|p1a: Kommo-o\n|-damage|p1a: Kommo-o|84\/100\n|-boost|p2a: Great Tusk|spe|1\n|\n|-weather|Sandstorm|[upkeep]\n|upkeep\n|turn|2\n|\n|t:|1700587182\n|move|p2a: Great Tusk|Ice Spinner|p1a: Kommo-o\n|-supereffective|p1a: Kommo-o\n|-crit|p1a: Kommo-o\n|-damage|p1a: Kommo-o|0 fnt\n|faint|p1a: Kommo-o\n|\n|-weather|Sandstorm|[upkeep]\n|upkeep\n|\n|t:|1700587190\n|switch|p1a: Excadrill|Excadrill, M|100\/100\n|turn|3\n|\n|t:|1700587194\n|move|p1a: Excadrill|Iron Head|p2a: Great Tusk\n|-damage|p2a: Great Tusk|52\/100\n|-damage|p1a: Excadrill|91\/100|[from] item: Life Orb\n|move|p2a: Great Tusk|Rapid Spin|p1a: Excadrill\n|-resisted|p1a: Excadrill\n|-damage|p1a: Excadrill|77\/100\n|-boost|p2a: Great Tusk|spe|1\n|\n|-weather|Sandstorm|[upkeep]\n|upkeep\n|turn|4\n|\n|t:|1700587202\n|-terastallize|p1a: Excadrill|Flying\n|move|p2a: Great Tusk|Headlong Rush|p1a: Excadrill\n|-immune|p1a: Excadrill\n|move|p1a: Excadrill|Earthquake|p2a: Great Tusk\n|-damage|p2a: Great Tusk|0 fnt\n|faint|p2a: Great Tusk\n|-end|p2a: Great Tusk|Protosynthesis|[silent]\n|-damage|p1a: Excadrill|67\/100|[from] item: Life Orb\n|\n|-weather|Sandstorm|[upkeep]\n|upkeep\n|\n|t:|1700587213\n|switch|p2a: Rotom|Rotom-Heat|100\/100\n|turn|5\n|\n|t:|1700587222\n|switch|p1a: Tyranitar|Tyranitar, M|100\/100\n|move|p2a: Rotom|Trick|p1a: Tyranitar\n|-activate|p2a: Rotom|move: Trick|[of] p1a: Tyranitar\n|-item|p1a: Tyranitar|Choice Scarf|[from] move: Trick\n|-item|p2a: Rotom|Smooth Rock|[from] move: Trick\n|\n|-weather|Sandstorm|[upkeep]\n|-damage|p2a: Rotom|94\/100|[from] Sandstorm\n|upkeep\n|turn|6\n|\n|t:|1700587230\n|move|p2a: Rotom|Will-O-Wisp|p1a: Tyranitar\n|-status|p1a: Tyranitar|brn\n|move|p1a: Tyranitar|Stealth Rock|p2a: Rotom\n|-sidestart|p2: beetlejuggler|move: Stealth Rock\n|\n|-weather|Sandstorm|[upkeep]\n|-damage|p2a: Rotom|88\/100|[from] Sandstorm\n|-damage|p1a: Tyranitar|94\/100 brn|[from] brn\n|upkeep\n|turn|7\n|\n|t:|1700587237\n|switch|p1a: Diancie|Diancie|100\/100\n|move|p2a: Rotom|Volt Switch|p1a: Diancie\n|-damage|p1a: Diancie|80\/100\n|\n|t:|1700587259\n|switch|p2a: Ogerpon|Ogerpon-Wellspring, F|100\/100|[from] Volt Switch\n|-damage|p2a: Ogerpon|88\/100|[from] Stealth Rock\n|\n|-weather|Sandstorm|[upkeep]\n|-damage|p2a: Ogerpon|82\/100|[from] Sandstorm\n|upkeep\n|turn|8\n|\n|t:|1700587269\n|detailschange|p1a: Diancie|Diancie-Mega\n|-mega|p1a: Diancie|Diancie|Diancite\n|move|p1a: Diancie|Diamond Storm|p2a: Ogerpon\n|-damage|p2a: Ogerpon|14\/100\n|-boost|p1a: Diancie|def|2\n|move|p2a: Ogerpon|Swords Dance|p2a: Ogerpon\n|-boost|p2a: Ogerpon|atk|2\n|\n|-weather|none\n|upkeep\n|turn|9\n|\n|t:|1700587283\n|move|p2a: Ogerpon|Ivy Cudgel|p1a: Diancie|[anim] Ivy Cudgel Water\n|-supereffective|p1a: Diancie\n|-damage|p1a: Diancie|0 fnt\n|faint|p1a: Diancie\n|\n|upkeep\n|\n|t:|1700587288\n|switch|p1a: Tyranitar|Tyranitar, M|94\/100 brn\n|-weather|Sandstorm|[from] ability: Sand Stream|[of] p1a: Tyranitar\n|turn|10\n|\n|t:|1700587294\n|move|p2a: Ogerpon|Ivy Cudgel|p1a: Tyranitar|[anim] Ivy Cudgel Water\n|-supereffective|p1a: Tyranitar\n|-damage|p1a: Tyranitar|0 fnt\n|faint|p1a: Tyranitar\n|\n|-weather|Sandstorm|[upkeep]\n|-damage|p2a: Ogerpon|8\/100|[from] Sandstorm\n|upkeep\n|\n|t:|1700587302\n|switch|p1a: Excadrill|Excadrill, M, tera:Flying|67\/100\n|turn|11\n|\n|t:|1700587310\n|switch|p2a: Rotom|Rotom-Heat|88\/100\n|-damage|p2a: Rotom|63\/100|[from] Stealth Rock\n|move|p1a: Excadrill|Rapid Spin|p2a: Rotom\n|-damage|p2a: Rotom|31\/100\n|-boost|p1a: Excadrill|spe|1\n|-damage|p1a: Excadrill|57\/100|[from] item: Life Orb\n|\n|-weather|Sandstorm|[upkeep]\n|-damage|p2a: Rotom|25\/100|[from] Sandstorm\n|upkeep\n|turn|12\n|\n|t:|1700587321\n|move|p1a: Excadrill|Rapid Spin|p2a: Rotom\n|-damage|p2a: Rotom|0 fnt\n|-boost|p1a: Excadrill|spe|1\n|faint|p2a: Rotom\n|-damage|p1a: Excadrill|47\/100|[from] item: Life Orb\n|\n|-weather|Sandstorm|[upkeep]\n|upkeep\n|\n|t:|1700587328\n|switch|p2a: Corviknight|Corviknight, F|100\/100\n|-damage|p2a: Corviknight|88\/100|[from] Stealth Rock\n|-ability|p2a: Corviknight|Pressure\n|turn|13\n|\n|t:|1700587332\n|switch|p1a: Dracozolt|Dracozolt|100\/100\n|move|p2a: Corviknight|Roost|p2a: Corviknight\n|-heal|p2a: Corviknight|100\/100\n|-singleturn|p2a: Corviknight|move: Roost\n|\n|-weather|Sandstorm|[upkeep]\n|upkeep\n|turn|14\n|\n|t:|1700587339\n|-terastallize|p2a: Corviknight|Dragon\n|move|p1a: Dracozolt|Bolt Beak|p2a: Corviknight\n|-resisted|p2a: Corviknight\n|-damage|p2a: Corviknight|64\/100\n|-damage|p1a: Dracozolt|84\/100|[from] item: Rocky Helmet|[of] p2a: Corviknight\n|move|p2a: Corviknight|Defog|p1a: Dracozolt\n|-unboost|p1a: Dracozolt|evasion|1\n|-sideend|p2: beetlejuggler|Stealth Rock|[from] move: Defog|[of] p2a: Corviknight\n|\n|-weather|none\n|upkeep\n|turn|15\n|\n|t:|1700587345\n|switch|p1a: Gliscor|Gliscor, M|100\/100\n|move|p2a: Corviknight|Roost|p2a: Corviknight\n|-heal|p2a: Corviknight|100\/100\n|\n|-status|p1a: Gliscor|tox|[from] item: Toxic Orb\n|upkeep\n|turn|16\n|\n|t:|1700587363\n|switch|p2a: Ribombee|Ribombee, F|100\/100\n|move|p1a: Gliscor|Toxic|p2a: Ribombee|[miss]\n|-miss|p1a: Gliscor|p2a: Ribombee\n|\n|upkeep\n|turn|17\n|\n|t:|1700587370\n|move|p2a: Ribombee|Skill Swap|p1a: Gliscor\n|-activate|p2a: Ribombee|move: Skill Swap|Poison Heal|Sweet Veil|[of] p1a: Gliscor\n|move|p1a: Gliscor|Toxic|p2a: Ribombee\n|-status|p2a: Ribombee|tox\n|\n|-damage|p1a: Gliscor|88\/100 tox|[from] psn\n|upkeep\n|turn|18\n|-message|therapyisgood forfeited.\n|\n|win|beetlejuggler\n|raw|therapyisgood's rating: 1079 &rarr; <strong>1063<\/strong><br \/>(-16 for losing)\n|raw|beetlejuggler's rating: 1177 &rarr; <strong>1195<\/strong><br \/>(+18 for winning)\n|l|\u2606therapyisgood\n","uploadtime":1700587388,"views":3,"p1id":"therapyisgood","p2id":"beetlejuggler","formatid":"gen9nationaldex","rating":1063,"private":0,"password":""}