{"id":"gen9nationaldex-1994714114","p1":"wastedog","p2":"baigu2","format":"[Gen 9] National Dex","log":"|html|<div class=\"broadcast-blue\"><strong>[Gen 9] National Dex is currently suspecting Sneasler! For information on how to participate check out the <a href=\"https:\/\/www.smogon.com\/forums\/threads\/sv-national-dex-suspect-8-just-dance.3731534\/\">suspect thread<\/a>.<\/strong><\/div>\n|j|\u2606wastedog\n|j|\u2606baigu2\n|t:|1700484727\n|gametype|singles\n|player|p1|wastedog|265|1667\n|player|p2|baigu2|101|1724\n|teamsize|p1|6\n|teamsize|p2|6\n|gen|9\n|tier|[Gen 9] National Dex\n|rated|\n|rule|HP Percentage Mod: HP is shown in percentages\n|rule|Endless Battle Clause: Forcing endless battles is banned\n|rule|OHKO Clause: OHKO moves are banned\n|rule|Evasion Clause: Evasion abilities, items, and moves are banned\n|rule|Evasion Abilities Clause: Evasion abilities are banned\n|rule|Evasion Items Clause: Evasion items are banned\n|rule|Evasion Moves Clause: Evasion moves are banned\n|rule|Species Clause: Limit one of each Pok\u00e9mon\n|rule|Sleep Clause Mod: Limit one foe put to sleep\n|clearpoke\n|poke|p1|Charizard, F|\n|poke|p1|Garchomp, M|\n|poke|p1|Noivern, M|\n|poke|p1|Volcarona, F|\n|poke|p1|Aegislash, M|\n|poke|p1|Rotom-Wash|\n|poke|p2|Ursaluna, M|\n|poke|p2|Dragonite, F|\n|poke|p2|Slowking, M|\n|poke|p2|Tapu Koko|\n|poke|p2|Hoopa-Unbound|\n|poke|p2|Great Tusk|\n|teampreview\n|\n|t:|1700484750\n|start\n|switch|p1a: Rotom|Rotom-Wash|100\/100\n|switch|p2a: Tapu Koko|Tapu Koko|100\/100\n|-fieldstart|move: Electric Terrain|[from] ability: Electric Surge|[of] p2a: Tapu Koko\n|turn|1\n|\n|t:|1700484771\n|move|p2a: Tapu Koko|U-turn|p1a: Rotom\n|-damage|p1a: Rotom|83\/100\n|\n|t:|1700484774\n|switch|p2a: Ursaluna|Ursaluna, M|100\/100|[from] U-turn\n|move|p1a: Rotom|Trick|p2a: Ursaluna\n|-activate|p1a: Rotom|move: Trick|[of] p2a: Ursaluna\n|-item|p2a: Ursaluna|Choice Scarf|[from] move: Trick\n|-item|p1a: Rotom|Flame Orb|[from] move: Trick\n|\n|-status|p1a: Rotom|brn|[from] item: Flame Orb\n|upkeep\n|turn|2\n|\n|t:|1700484789\n|switch|p2a: Slowking|Slowking, M|100\/100\n|move|p1a: Rotom|Hydro Pump|p2a: Slowking\n|-resisted|p2a: Slowking\n|-damage|p2a: Slowking|89\/100\n|\n|-damage|p1a: Rotom|76\/100 brn|[from] brn\n|upkeep\n|turn|3\n|\n|t:|1700484797\n|move|p1a: Rotom|Volt Switch|p2a: Slowking\n|-supereffective|p2a: Slowking\n|-damage|p2a: Slowking|59\/100\n|j| Zaka10\n|l|\u2606wastedog\n|player|p1|\n|j|\u2606wastedog\n|player|p1|wastedog|265\n|\n|t:|1700484819\n|switch|p1a: Volcarona|Volcarona, F|100\/100|[from] Volt Switch\n|move|p2a: Slowking|Teleport|p2a: Slowking\n|\n|t:|1700484825\n|switch|p2a: Dragonite|Dragonite, F|100\/100|[from] Teleport\n|\n|upkeep\n|turn|4\n|inactive|Battle timer is ON: inactive players will automatically lose when time's up. (requested by baigu2)\n|\n|t:|1700484845\n|move|p1a: Volcarona|Fiery Dance|p2a: Dragonite\n|-resisted|p2a: Dragonite\n|-damage|p2a: Dragonite|93\/100\n|move|p2a: Dragonite|Dual Wingbeat|p1a: Volcarona\n|-supereffective|p1a: Volcarona\n|-damage|p1a: Volcarona|37\/100\n|-supereffective|p1a: Volcarona\n|-damage|p1a: Volcarona|0 fnt\n|-status|p2a: Dragonite|brn|[from] ability: Flame Body|[of] p1a: Volcarona\n|faint|p1a: Volcarona\n|-hitcount|p1: Volcarona|2\n|\n|-damage|p2a: Dragonite|87\/100 brn|[from] brn\n|upkeep\n|\n|t:|1700484857\n|switch|p1a: Garchomp|Garchomp, M|100\/100\n|turn|5\n|\n|t:|1700484862\n|switch|p2a: Great Tusk|Great Tusk|100\/100\n|move|p1a: Garchomp|Stealth Rock|p2a: Great Tusk\n|-sidestart|p2: baigu2|move: Stealth Rock\n|\n|-fieldend|move: Electric Terrain\n|upkeep\n|turn|6\n|\n|t:|1700484870\n|move|p1a: Garchomp|Swords Dance|p1a: Garchomp\n|-boost|p1a: Garchomp|atk|2\n|move|p2a: Great Tusk|Ice Spinner|p1a: Garchomp\n|-supereffective|p1a: Garchomp\n|-damage|p1a: Garchomp|0 fnt\n|-damage|p2a: Great Tusk|88\/100|[from] ability: Rough Skin|[of] p1a: Garchomp\n|faint|p1a: Garchomp\n|\n|upkeep\n|\n|t:|1700484882\n|switch|p1a: Charizard|Charizard, F|100\/100\n|turn|7\n|\n|t:|1700484887\n|-end|p2a: Great Tusk|Protosynthesis|[silent]\n|switch|p2a: Slowking|Slowking, M|92\/100\n|move|p1a: Charizard|Dragon Dance|p1a: Charizard\n|-boost|p1a: Charizard|atk|1\n|-boost|p1a: Charizard|spe|1\n|\n|upkeep\n|turn|8\n|\n|t:|1700484893\n|detailschange|p1a: Charizard|Charizard-Mega-X, F\n|-mega|p1a: Charizard|Charizard|Charizardite X\n|move|p1a: Charizard|Dragon Dance|p1a: Charizard\n|-boost|p1a: Charizard|atk|1\n|-boost|p1a: Charizard|spe|1\n|move|p2a: Slowking|Trick Room|p2a: Slowking\n|-fieldstart|move: Trick Room|[of] p2a: Slowking\n|\n|upkeep\n|turn|9\n|\n|t:|1700484906\n|move|p1a: Charizard|Dragon Claw|p2a: Slowking\n|-damage|p2a: Slowking|0 fnt\n|faint|p2a: Slowking\n|\n|upkeep\n|\n|t:|1700484909\n|switch|p2a: Ursaluna|Ursaluna, M|100\/100\n|-damage|p2a: Ursaluna|94\/100|[from] Stealth Rock\n|turn|10\n|\n|t:|1700484918\n|switch|p1a: Rotom|Rotom-Wash|76\/100 brn\n|move|p2a: Ursaluna|Headlong Rush|p1a: Rotom\n|-immune|p1a: Rotom|[from] ability: Levitate\n|\n|-damage|p1a: Rotom|70\/100 brn|[from] brn\n|upkeep\n|turn|11\n|\n|t:|1700484928\n|switch|p2a: Dragonite|Dragonite, F|87\/100 brn\n|-damage|p2a: Dragonite|62\/100 brn|[from] Stealth Rock\n|move|p1a: Rotom|Volt Switch|p2a: Dragonite\n|-damage|p2a: Dragonite|39\/100 brn\n|\n|t:|1700484933\n|switch|p1a: Charizard|Charizard-Mega-X, F|100\/100|[from] Volt Switch\n|\n|-damage|p2a: Dragonite|33\/100 brn|[from] brn\n|upkeep\n|turn|12\n|\n|t:|1700484937\n|move|p2a: Dragonite|Outrage|p1a: Charizard\n|-supereffective|p1a: Charizard\n|-damage|p1a: Charizard|0 fnt\n|faint|p1a: Charizard\n|\n|-damage|p2a: Dragonite|27\/100 brn|[from] brn\n|-fieldend|move: Trick Room\n|upkeep\n|\n|t:|1700484947\n|switch|p1a: Aegislash|Aegislash, M|100\/100\n|turn|13\n|\n|t:|1700484952\n|move|p2a: Dragonite|Outrage|p1a: Aegislash|[from]lockedmove\n|-resisted|p1a: Aegislash\n|-damage|p1a: Aegislash|80\/100\n|-formechange|p1a: Aegislash|Aegislash-Blade||[from] ability: Stance Change\n|move|p1a: Aegislash|Shadow Ball|p2a: Dragonite\n|-damage|p2a: Dragonite|0 fnt\n|faint|p2a: Dragonite\n|\n|-heal|p1a: Aegislash|86\/100|[from] item: Leftovers\n|upkeep\n|\n|t:|1700484961\n|switch|p2a: Ursaluna|Ursaluna, M|94\/100\n|-damage|p2a: Ursaluna|88\/100|[from] Stealth Rock\n|turn|14\n|\n|t:|1700484967\n|-formechange|p1a: Aegislash|Aegislash||[from] ability: Stance Change\n|move|p1a: Aegislash|King's Shield|p1a: Aegislash\n|-singleturn|p1a: Aegislash|Protect\n|move|p2a: Ursaluna|Throat Chop|p1a: Aegislash\n|-activate|p1a: Aegislash|move: Protect\n|-unboost|p2a: Ursaluna|atk|1\n|\n|-heal|p1a: Aegislash|92\/100|[from] item: Leftovers\n|upkeep\n|turn|15\n|\n|t:|1700484974\n|move|p2a: Ursaluna|Throat Chop|p1a: Aegislash\n|-supereffective|p1a: Aegislash\n|-damage|p1a: Aegislash|57\/100\n|-start|p1a: Aegislash|Throat Chop|[silent]\n|-formechange|p1a: Aegislash|Aegislash-Blade||[from] ability: Stance Change\n|move|p1a: Aegislash|Sacred Sword|p2a: Ursaluna\n|-supereffective|p2a: Ursaluna\n|-damage|p2a: Ursaluna|51\/100\n|\n|-heal|p1a: Aegislash|63\/100|[from] item: Leftovers\n|upkeep\n|turn|16\n|\n|t:|1700484983\n|switch|p2a: Tapu Koko|Tapu Koko|100\/100\n|-damage|p2a: Tapu Koko|88\/100|[from] Stealth Rock\n|-fieldstart|move: Electric Terrain|[from] ability: Electric Surge|[of] p2a: Tapu Koko\n|switch|p1a: Noivern|Noivern, M|100\/100\n|\n|upkeep\n|turn|17\n|\n|t:|1700484992\n|-terastallize|p2a: Tapu Koko|Electric\n|-terastallize|p1a: Noivern|Normal\n|move|p2a: Tapu Koko|Thunderbolt|p1a: Noivern\n|-damage|p1a: Noivern|0 fnt\n|faint|p1a: Noivern\n|\n|upkeep\n|\n|t:|1700484998\n|switch|p1a: Rotom|Rotom-Wash|70\/100 brn\n|turn|18\n|\n|t:|1700485001\n|move|p2a: Tapu Koko|Thunderbolt|p1a: Rotom\n|-damage|p1a: Rotom|0 fnt\n|faint|p1a: Rotom\n|\n|upkeep\n|-message|wastedog forfeited.\n|\n|win|baigu2\n|raw|wastedog's rating: 1667 &rarr; <strong>1650<\/strong><br \/>(-17 for losing)\n|raw|baigu2's rating: 1724 &rarr; <strong>1741<\/strong><br \/>(+17 for winning)\n|l|\u2606wastedog\n","uploadtime":1700485009,"views":6,"p1id":"wastedog","p2id":"baigu2","formatid":"gen9nationaldex","rating":1650,"private":0,"password":""}