{"id":"gen9nationaldex-1998574732","p1":"Rodomaestre","p2":"Serena1111","format":"[Gen 9] National Dex","log":"|html|<div class=\"broadcast-blue\"><strong>[Gen 9] National Dex is currently suspecting Sneasler! For information on how to participate check out the <a href=\"https:\/\/www.smogon.com\/forums\/threads\/sv-national-dex-suspect-8-just-dance.3731534\/\">suspect thread<\/a>.<\/strong><\/div>\n|j|\u2606Rodomaestre\n|j|\u2606Serena1111\n|t:|1700958206\n|gametype|singles\n|player|p1|Rodomaestre|hoopster|1102\n|player|p2|Serena1111|serena|1160\n|teamsize|p1|6\n|teamsize|p2|6\n|gen|9\n|tier|[Gen 9] National Dex\n|rated|\n|rule|HP Percentage Mod: HP is shown in percentages\n|rule|Endless Battle Clause: Forcing endless battles is banned\n|rule|OHKO Clause: OHKO moves are banned\n|rule|Evasion Clause: Evasion abilities, items, and moves are banned\n|rule|Evasion Abilities Clause: Evasion abilities are banned\n|rule|Evasion Items Clause: Evasion items are banned\n|rule|Evasion Moves Clause: Evasion moves are banned\n|rule|Species Clause: Limit one of each Pok\u00e9mon\n|rule|Sleep Clause Mod: Limit one foe put to sleep\n|clearpoke\n|poke|p1|Thundurus-Therian, M|\n|poke|p1|Skarmory, F|\n|poke|p1|Kartana|\n|poke|p1|Ferrothorn, M|\n|poke|p1|Togekiss, M|\n|poke|p1|Azumarill, M|\n|poke|p2|Chansey, F|\n|poke|p2|Dondozo, M|\n|poke|p2|Ditto|\n|poke|p2|Alomomola, M|\n|poke|p2|Banette, M|\n|poke|p2|Gliscor, F|\n|teampreview\n|inactive|Battle timer is ON: inactive players will automatically lose when time's up. (requested by Serena1111)\n|\n|t:|1700958234\n|start\n|switch|p1a: Ferrothorn|Ferrothorn, M|100\/100\n|switch|p2a: \u5c0f\u667a\u518d\u4e5f\u4e0d\u7528\u62c5\u5fc3\u6211\u4e0d\u77e5\u9053\u5bf9\u65b9\u62db\u5f0f\u4e86|Ditto|100\/100\n|-transform|p2a: \u5c0f\u667a\u518d\u4e5f\u4e0d\u7528\u62c5\u5fc3\u6211\u4e0d\u77e5\u9053\u5bf9\u65b9\u62db\u5f0f\u4e86|p1a: Ferrothorn|[from] ability: Imposter\n|turn|1\n|\n|t:|1700958247\n|switch|p2a: \u7269\u653b\u624b\u6211\u6d4b\u4f60\u7801|Banette, M|100\/100\n|-terastallize|p1a: Ferrothorn|Grass\n|move|p1a: Ferrothorn|Leech Seed|p2a: \u7269\u653b\u624b\u6211\u6d4b\u4f60\u7801\n|-start|p2a: \u7269\u653b\u624b\u6211\u6d4b\u4f60\u7801|move: Leech Seed\n|\n|-damage|p2a: \u7269\u653b\u624b\u6211\u6d4b\u4f60\u7801|88\/100|[from] Leech Seed|[of] p1a: Ferrothorn\n|upkeep\n|turn|2\n|\n|t:|1700958258\n|detailschange|p2a: \u7269\u653b\u624b\u6211\u6d4b\u4f60\u7801|Banette-Mega, M\n|-mega|p2a: \u7269\u653b\u624b\u6211\u6d4b\u4f60\u7801|Banette|Banettite\n|move|p2a: \u7269\u653b\u624b\u6211\u6d4b\u4f60\u7801|Will-O-Wisp|p1a: Ferrothorn\n|-status|p1a: Ferrothorn|brn\n|move|p1a: Ferrothorn|Spikes|p2a: \u7269\u653b\u624b\u6211\u6d4b\u4f60\u7801\n|-sidestart|p2: Serena1111|Spikes\n|\n|-damage|p2a: \u7269\u653b\u624b\u6211\u6d4b\u4f60\u7801|76\/100|[from] Leech Seed|[of] p1a: Ferrothorn\n|-damage|p1a: Ferrothorn|94\/100 brn|[from] brn\n|upkeep\n|turn|3\n|\n|t:|1700958281\n|switch|p2a: \u6635\u79f0\u6211\u4e0d\u4f1a\u8d77\u5440|Gliscor, F|100\/100\n|move|p1a: Ferrothorn|Spikes|p2a: \u6635\u79f0\u6211\u4e0d\u4f1a\u8d77\u5440\n|-sidestart|p2: Serena1111|Spikes\n|\n|-heal|p1a: Ferrothorn|100\/100 brn|[from] item: Leftovers\n|-damage|p1a: Ferrothorn|94\/100 brn|[from] brn\n|-status|p2a: \u6635\u79f0\u6211\u4e0d\u4f1a\u8d77\u5440|tox|[from] item: Toxic Orb\n|upkeep\n|turn|4\n|\n|t:|1700958291\n|move|p2a: \u6635\u79f0\u6211\u4e0d\u4f1a\u8d77\u5440|Defog|p1a: Ferrothorn\n|-unboost|p1a: Ferrothorn|evasion|1\n|-sideend|p2: Serena1111|Spikes|[from] move: Defog|[of] p2a: \u6635\u79f0\u6211\u4e0d\u4f1a\u8d77\u5440\n|move|p1a: Ferrothorn|Leech Seed|p2a: \u6635\u79f0\u6211\u4e0d\u4f1a\u8d77\u5440\n|-start|p2a: \u6635\u79f0\u6211\u4e0d\u4f1a\u8d77\u5440|move: Leech Seed\n|\n|-heal|p1a: Ferrothorn|100\/100 brn|[from] item: Leftovers\n|-damage|p2a: \u6635\u79f0\u6211\u4e0d\u4f1a\u8d77\u5440|88\/100 tox|[from] Leech Seed|[of] p1a: Ferrothorn\n|-heal|p2a: \u6635\u79f0\u6211\u4e0d\u4f1a\u8d77\u5440|100\/100 tox|[from] ability: Poison Heal\n|-damage|p1a: Ferrothorn|94\/100 brn|[from] brn\n|upkeep\n|turn|5\n|\n|t:|1700958304\n|switch|p2a: \u5c0f\u667a\u518d\u4e5f\u4e0d\u7528\u62c5\u5fc3\u6211\u4e0d\u77e5\u9053\u5bf9\u65b9\u62db\u5f0f\u4e86|Ditto|100\/100\n|-transform|p2a: \u5c0f\u667a\u518d\u4e5f\u4e0d\u7528\u62c5\u5fc3\u6211\u4e0d\u77e5\u9053\u5bf9\u65b9\u62db\u5f0f\u4e86|p1a: Ferrothorn|[from] ability: Imposter\n|move|p1a: Ferrothorn|Gyro Ball|p2a: \u5c0f\u667a\u518d\u4e5f\u4e0d\u7528\u62c5\u5fc3\u6211\u4e0d\u77e5\u9053\u5bf9\u65b9\u62db\u5f0f\u4e86\n|-resisted|p2a: \u5c0f\u667a\u518d\u4e5f\u4e0d\u7528\u62c5\u5fc3\u6211\u4e0d\u77e5\u9053\u5bf9\u65b9\u62db\u5f0f\u4e86\n|-damage|p2a: \u5c0f\u667a\u518d\u4e5f\u4e0d\u7528\u62c5\u5fc3\u6211\u4e0d\u77e5\u9053\u5bf9\u65b9\u62db\u5f0f\u4e86|98\/100\n|-damage|p1a: Ferrothorn|82\/100 brn|[from] ability: Iron Barbs|[of] p2a: \u5c0f\u667a\u518d\u4e5f\u4e0d\u7528\u62c5\u5fc3\u6211\u4e0d\u77e5\u9053\u5bf9\u65b9\u62db\u5f0f\u4e86\n|\n|-heal|p1a: Ferrothorn|88\/100 brn|[from] item: Leftovers\n|-damage|p1a: Ferrothorn|82\/100 brn|[from] brn\n|upkeep\n|-start|p2a: \u5c0f\u667a\u518d\u4e5f\u4e0d\u7528\u62c5\u5fc3\u6211\u4e0d\u77e5\u9053\u5bf9\u65b9\u62db\u5f0f\u4e86|typechange|Grass\/Steel|[silent]\n|turn|6\n|\n|t:|1700958319\n|move|p2a: \u5c0f\u667a\u518d\u4e5f\u4e0d\u7528\u62c5\u5fc3\u6211\u4e0d\u77e5\u9053\u5bf9\u65b9\u62db\u5f0f\u4e86|Gyro Ball|p1a: Ferrothorn\n|-damage|p1a: Ferrothorn|78\/100 brn\n|-damage|p2a: \u5c0f\u667a\u518d\u4e5f\u4e0d\u7528\u62c5\u5fc3\u6211\u4e0d\u77e5\u9053\u5bf9\u65b9\u62db\u5f0f\u4e86|86\/100|[from] ability: Iron Barbs|[of] p1a: Ferrothorn\n|move|p1a: Ferrothorn|Spikes|p2a: \u5c0f\u667a\u518d\u4e5f\u4e0d\u7528\u62c5\u5fc3\u6211\u4e0d\u77e5\u9053\u5bf9\u65b9\u62db\u5f0f\u4e86\n|-sidestart|p2: Serena1111|Spikes\n|\n|-heal|p1a: Ferrothorn|85\/100 brn|[from] item: Leftovers\n|-damage|p1a: Ferrothorn|78\/100 brn|[from] brn\n|upkeep\n|turn|7\n|\n|t:|1700958329\n|switch|p2a: \u6635\u79f0\u6211\u4e0d\u4f1a\u8d77\u5440|Gliscor, F|100\/100 tox\n|move|p1a: Ferrothorn|Spikes|p2a: \u6635\u79f0\u6211\u4e0d\u4f1a\u8d77\u5440\n|-sidestart|p2: Serena1111|Spikes\n|\n|-heal|p1a: Ferrothorn|85\/100 brn|[from] item: Leftovers\n|-damage|p1a: Ferrothorn|78\/100 brn|[from] brn\n|upkeep\n|turn|8\n|\n|t:|1700958339\n|move|p2a: \u6635\u79f0\u6211\u4e0d\u4f1a\u8d77\u5440|Defog|p1a: Ferrothorn\n|-unboost|p1a: Ferrothorn|evasion|1\n|-sideend|p2: Serena1111|Spikes|[from] move: Defog|[of] p2a: \u6635\u79f0\u6211\u4e0d\u4f1a\u8d77\u5440\n|move|p1a: Ferrothorn|Leech Seed|p2a: \u6635\u79f0\u6211\u4e0d\u4f1a\u8d77\u5440\n|-start|p2a: \u6635\u79f0\u6211\u4e0d\u4f1a\u8d77\u5440|move: Leech Seed\n|\n|-heal|p1a: Ferrothorn|85\/100 brn|[from] item: Leftovers\n|-damage|p2a: \u6635\u79f0\u6211\u4e0d\u4f1a\u8d77\u5440|88\/100 tox|[from] Leech Seed|[of] p1a: Ferrothorn\n|-heal|p1a: Ferrothorn|97\/100 brn|[silent]\n|-heal|p2a: \u6635\u79f0\u6211\u4e0d\u4f1a\u8d77\u5440|100\/100 tox|[from] ability: Poison Heal\n|-damage|p1a: Ferrothorn|91\/100 brn|[from] brn\n|upkeep\n|turn|9\n|\n|t:|1700958351\n|switch|p2a: \u5403\u543c\u9738\u7684\u53cd\u5f3a\u5316\u7269\u8bed|Dondozo, M|100\/100\n|move|p1a: Ferrothorn|Spikes|p2a: \u5403\u543c\u9738\u7684\u53cd\u5f3a\u5316\u7269\u8bed\n|-sidestart|p2: Serena1111|Spikes\n|\n|-heal|p1a: Ferrothorn|97\/100 brn|[from] item: Leftovers\n|-damage|p1a: Ferrothorn|91\/100 brn|[from] brn\n|upkeep\n|turn|10\n|\n|t:|1700958361\n|move|p1a: Ferrothorn|Protect|p1a: Ferrothorn\n|-singleturn|p1a: Ferrothorn|Protect\n|move|p2a: \u5403\u543c\u9738\u7684\u53cd\u5f3a\u5316\u7269\u8bed|Curse|p2a: \u5403\u543c\u9738\u7684\u53cd\u5f3a\u5316\u7269\u8bed\n|-unboost|p2a: \u5403\u543c\u9738\u7684\u53cd\u5f3a\u5316\u7269\u8bed|spe|1\n|-boost|p2a: \u5403\u543c\u9738\u7684\u53cd\u5f3a\u5316\u7269\u8bed|atk|1\n|-boost|p2a: \u5403\u543c\u9738\u7684\u53cd\u5f3a\u5316\u7269\u8bed|def|1\n|\n|-heal|p1a: Ferrothorn|97\/100 brn|[from] item: Leftovers\n|-damage|p1a: Ferrothorn|91\/100 brn|[from] brn\n|upkeep\n|turn|11\n|\n|t:|1700958372\n|move|p2a: \u5403\u543c\u9738\u7684\u53cd\u5f3a\u5316\u7269\u8bed|Curse|p2a: \u5403\u543c\u9738\u7684\u53cd\u5f3a\u5316\u7269\u8bed\n|-unboost|p2a: \u5403\u543c\u9738\u7684\u53cd\u5f3a\u5316\u7269\u8bed|spe|1\n|-boost|p2a: \u5403\u543c\u9738\u7684\u53cd\u5f3a\u5316\u7269\u8bed|atk|1\n|-boost|p2a: \u5403\u543c\u9738\u7684\u53cd\u5f3a\u5316\u7269\u8bed|def|1\n|move|p1a: Ferrothorn|Leech Seed|p2a: \u5403\u543c\u9738\u7684\u53cd\u5f3a\u5316\u7269\u8bed\n|-start|p2a: \u5403\u543c\u9738\u7684\u53cd\u5f3a\u5316\u7269\u8bed|move: Leech Seed\n|\n|-heal|p1a: Ferrothorn|97\/100 brn|[from] item: Leftovers\n|-damage|p2a: \u5403\u543c\u9738\u7684\u53cd\u5f3a\u5316\u7269\u8bed|88\/100|[from] Leech Seed|[of] p1a: Ferrothorn\n|-heal|p1a: Ferrothorn|100\/100 brn|[silent]\n|-damage|p1a: Ferrothorn|94\/100 brn|[from] brn\n|upkeep\n|turn|12\n|\n|t:|1700958384\n|move|p1a: Ferrothorn|Protect|p1a: Ferrothorn\n|-singleturn|p1a: Ferrothorn|Protect\n|move|p2a: \u5403\u543c\u9738\u7684\u53cd\u5f3a\u5316\u7269\u8bed|Wave Crash|p1a: Ferrothorn\n|-activate|p1a: Ferrothorn|move: Protect\n|\n|-heal|p2a: \u5403\u543c\u9738\u7684\u53cd\u5f3a\u5316\u7269\u8bed|94\/100|[from] item: Leftovers\n|-heal|p1a: Ferrothorn|100\/100 brn|[from] item: Leftovers\n|-damage|p2a: \u5403\u543c\u9738\u7684\u53cd\u5f3a\u5316\u7269\u8bed|82\/100|[from] Leech Seed|[of] p1a: Ferrothorn\n|-damage|p1a: Ferrothorn|94\/100 brn|[from] brn\n|upkeep\n|turn|13\n|\n|t:|1700958397\n|move|p1a: Ferrothorn|Protect|p1a: Ferrothorn\n|-singleturn|p1a: Ferrothorn|Protect\n|move|p2a: \u5403\u543c\u9738\u7684\u53cd\u5f3a\u5316\u7269\u8bed|Wave Crash|p1a: Ferrothorn\n|-activate|p1a: Ferrothorn|move: Protect\n|\n|-heal|p2a: \u5403\u543c\u9738\u7684\u53cd\u5f3a\u5316\u7269\u8bed|88\/100|[from] item: Leftovers\n|-heal|p1a: Ferrothorn|100\/100 brn|[from] item: Leftovers\n|-damage|p2a: \u5403\u543c\u9738\u7684\u53cd\u5f3a\u5316\u7269\u8bed|75\/100|[from] Leech Seed|[of] p1a: Ferrothorn\n|-damage|p1a: Ferrothorn|94\/100 brn|[from] brn\n|upkeep\n|turn|14\n|\n|t:|1700958409\n|move|p1a: Ferrothorn|Protect|p1a: Ferrothorn\n|-singleturn|p1a: Ferrothorn|Protect\n|move|p2a: \u5403\u543c\u9738\u7684\u53cd\u5f3a\u5316\u7269\u8bed|Wave Crash|p1a: Ferrothorn\n|-activate|p1a: Ferrothorn|move: Protect\n|\n|-heal|p2a: \u5403\u543c\u9738\u7684\u53cd\u5f3a\u5316\u7269\u8bed|81\/100|[from] item: Leftovers\n|-heal|p1a: Ferrothorn|100\/100 brn|[from] item: Leftovers\n|-damage|p2a: \u5403\u543c\u9738\u7684\u53cd\u5f3a\u5316\u7269\u8bed|69\/100|[from] Leech Seed|[of] p1a: Ferrothorn\n|-damage|p1a: Ferrothorn|94\/100 brn|[from] brn\n|upkeep\n|turn|15\n|\n|t:|1700958427\n|move|p2a: \u5403\u543c\u9738\u7684\u53cd\u5f3a\u5316\u7269\u8bed|Wave Crash|p1a: Ferrothorn\n|-resisted|p1a: Ferrothorn\n|-damage|p1a: Ferrothorn|70\/100 brn\n|-damage|p2a: \u5403\u543c\u9738\u7684\u53cd\u5f3a\u5316\u7269\u8bed|56\/100|[from] ability: Iron Barbs|[of] p1a: Ferrothorn\n|-damage|p2a: \u5403\u543c\u9738\u7684\u53cd\u5f3a\u5316\u7269\u8bed|51\/100|[from] Recoil\n|move|p1a: Ferrothorn|Spikes|p2a: \u5403\u543c\u9738\u7684\u53cd\u5f3a\u5316\u7269\u8bed\n|-sidestart|p2: Serena1111|Spikes\n|\n|-heal|p2a: \u5403\u543c\u9738\u7684\u53cd\u5f3a\u5316\u7269\u8bed|57\/100|[from] item: Leftovers\n|-heal|p1a: Ferrothorn|77\/100 brn|[from] item: Leftovers\n|-damage|p2a: \u5403\u543c\u9738\u7684\u53cd\u5f3a\u5316\u7269\u8bed|45\/100|[from] Leech Seed|[of] p1a: Ferrothorn\n|-heal|p1a: Ferrothorn|95\/100 brn|[silent]\n|-damage|p1a: Ferrothorn|88\/100 brn|[from] brn\n|upkeep\n|turn|16\n|\n|t:|1700958448\n|move|p2a: \u5403\u543c\u9738\u7684\u53cd\u5f3a\u5316\u7269\u8bed|Curse|p2a: \u5403\u543c\u9738\u7684\u53cd\u5f3a\u5316\u7269\u8bed\n|-unboost|p2a: \u5403\u543c\u9738\u7684\u53cd\u5f3a\u5316\u7269\u8bed|spe|1\n|-boost|p2a: \u5403\u543c\u9738\u7684\u53cd\u5f3a\u5316\u7269\u8bed|atk|1\n|-boost|p2a: \u5403\u543c\u9738\u7684\u53cd\u5f3a\u5316\u7269\u8bed|def|1\n|move|p1a: Ferrothorn|Spikes|p2a: \u5403\u543c\u9738\u7684\u53cd\u5f3a\u5316\u7269\u8bed\n|-sidestart|p2: Serena1111|Spikes\n|\n|-heal|p2a: \u5403\u543c\u9738\u7684\u53cd\u5f3a\u5316\u7269\u8bed|51\/100|[from] item: Leftovers\n|-heal|p1a: Ferrothorn|95\/100 brn|[from] item: Leftovers\n|-damage|p2a: \u5403\u543c\u9738\u7684\u53cd\u5f3a\u5316\u7269\u8bed|38\/100|[from] Leech Seed|[of] p1a: Ferrothorn\n|-heal|p1a: Ferrothorn|100\/100 brn|[silent]\n|-damage|p1a: Ferrothorn|94\/100 brn|[from] brn\n|upkeep\n|turn|17\n|\n|t:|1700958462\n|move|p2a: \u5403\u543c\u9738\u7684\u53cd\u5f3a\u5316\u7269\u8bed|Curse|p2a: \u5403\u543c\u9738\u7684\u53cd\u5f3a\u5316\u7269\u8bed\n|-unboost|p2a: \u5403\u543c\u9738\u7684\u53cd\u5f3a\u5316\u7269\u8bed|spe|1\n|-boost|p2a: \u5403\u543c\u9738\u7684\u53cd\u5f3a\u5316\u7269\u8bed|atk|1\n|-boost|p2a: \u5403\u543c\u9738\u7684\u53cd\u5f3a\u5316\u7269\u8bed|def|1\n|move|p1a: Ferrothorn|Gyro Ball|p2a: \u5403\u543c\u9738\u7684\u53cd\u5f3a\u5316\u7269\u8bed\n|-resisted|p2a: \u5403\u543c\u9738\u7684\u53cd\u5f3a\u5316\u7269\u8bed\n|-damage|p2a: \u5403\u543c\u9738\u7684\u53cd\u5f3a\u5316\u7269\u8bed|38\/100\n|\n|-heal|p1a: Ferrothorn|100\/100 brn|[from] item: Leftovers\n|-heal|p2a: \u5403\u543c\u9738\u7684\u53cd\u5f3a\u5316\u7269\u8bed|44\/100|[from] item: Leftovers\n|-damage|p2a: \u5403\u543c\u9738\u7684\u53cd\u5f3a\u5316\u7269\u8bed|32\/100|[from] Leech Seed|[of] p1a: Ferrothorn\n|-damage|p1a: Ferrothorn|94\/100 brn|[from] brn\n|upkeep\n|turn|18\n|\n|t:|1700958476\n|move|p1a: Ferrothorn|Protect|p1a: Ferrothorn\n|-singleturn|p1a: Ferrothorn|Protect\n|move|p2a: \u5403\u543c\u9738\u7684\u53cd\u5f3a\u5316\u7269\u8bed|Rest|p2a: \u5403\u543c\u9738\u7684\u53cd\u5f3a\u5316\u7269\u8bed\n|-status|p2a: \u5403\u543c\u9738\u7684\u53cd\u5f3a\u5316\u7269\u8bed|slp|[from] move: Rest\n|-heal|p2a: \u5403\u543c\u9738\u7684\u53cd\u5f3a\u5316\u7269\u8bed|100\/100 slp|[silent]\n|\n|-heal|p1a: Ferrothorn|100\/100 brn|[from] item: Leftovers\n|-damage|p2a: \u5403\u543c\u9738\u7684\u53cd\u5f3a\u5316\u7269\u8bed|88\/100 slp|[from] Leech Seed|[of] p1a: Ferrothorn\n|-damage|p1a: Ferrothorn|94\/100 brn|[from] brn\n|upkeep\n|turn|19\n|\n|t:|1700958498\n|move|p1a: Ferrothorn|Gyro Ball|p2a: \u5403\u543c\u9738\u7684\u53cd\u5f3a\u5316\u7269\u8bed\n|-resisted|p2a: \u5403\u543c\u9738\u7684\u53cd\u5f3a\u5316\u7269\u8bed\n|-damage|p2a: \u5403\u543c\u9738\u7684\u53cd\u5f3a\u5316\u7269\u8bed|88\/100 slp\n|cant|p2a: \u5403\u543c\u9738\u7684\u53cd\u5f3a\u5316\u7269\u8bed|slp\n|move|p2a: \u5403\u543c\u9738\u7684\u53cd\u5f3a\u5316\u7269\u8bed|Sleep Talk|p2a: \u5403\u543c\u9738\u7684\u53cd\u5f3a\u5316\u7269\u8bed\n|move|p2a: \u5403\u543c\u9738\u7684\u53cd\u5f3a\u5316\u7269\u8bed|Wave Crash|p1a: Ferrothorn|[from]move: Sleep Talk\n|-resisted|p1a: Ferrothorn\n|-damage|p1a: Ferrothorn|60\/100 brn\n|-damage|p2a: \u5403\u543c\u9738\u7684\u53cd\u5f3a\u5316\u7269\u8bed|75\/100 slp|[from] ability: Iron Barbs|[of] p1a: Ferrothorn\n|-damage|p2a: \u5403\u543c\u9738\u7684\u53cd\u5f3a\u5316\u7269\u8bed|67\/100 slp|[from] Recoil\n|\n|-heal|p1a: Ferrothorn|66\/100 brn|[from] item: Leftovers\n|-heal|p2a: \u5403\u543c\u9738\u7684\u53cd\u5f3a\u5316\u7269\u8bed|74\/100 slp|[from] item: Leftovers\n|-damage|p2a: \u5403\u543c\u9738\u7684\u53cd\u5f3a\u5316\u7269\u8bed|61\/100 slp|[from] Leech Seed|[of] p1a: Ferrothorn\n|-heal|p1a: Ferrothorn|84\/100 brn|[silent]\n|-damage|p1a: Ferrothorn|78\/100 brn|[from] brn\n|upkeep\n|turn|20\n|\n|t:|1700958517\n|move|p1a: Ferrothorn|Leech Seed||[still]\n|-fail|p1a: Ferrothorn\n|cant|p2a: \u5403\u543c\u9738\u7684\u53cd\u5f3a\u5316\u7269\u8bed|slp\n|\n|-heal|p1a: Ferrothorn|84\/100 brn|[from] item: Leftovers\n|-heal|p2a: \u5403\u543c\u9738\u7684\u53cd\u5f3a\u5316\u7269\u8bed|67\/100 slp|[from] item: Leftovers\n|-damage|p2a: \u5403\u543c\u9738\u7684\u53cd\u5f3a\u5316\u7269\u8bed|55\/100 slp|[from] Leech Seed|[of] p1a: Ferrothorn\n|-heal|p1a: Ferrothorn|100\/100 brn|[silent]\n|-damage|p1a: Ferrothorn|94\/100 brn|[from] brn\n|upkeep\n|turn|21\n|inactive|Serena1111 has 120 seconds left.\n|\n|t:|1700958557\n|move|p1a: Ferrothorn|Protect|p1a: Ferrothorn\n|-singleturn|p1a: Ferrothorn|Protect\n|-curestatus|p2a: \u5403\u543c\u9738\u7684\u53cd\u5f3a\u5316\u7269\u8bed|slp|[msg]\n|move|p2a: \u5403\u543c\u9738\u7684\u53cd\u5f3a\u5316\u7269\u8bed|Wave Crash|p1a: Ferrothorn\n|-activate|p1a: Ferrothorn|move: Protect\n|\n|-heal|p1a: Ferrothorn|100\/100 brn|[from] item: Leftovers\n|-heal|p2a: \u5403\u543c\u9738\u7684\u53cd\u5f3a\u5316\u7269\u8bed|61\/100|[from] item: Leftovers\n|-damage|p2a: \u5403\u543c\u9738\u7684\u53cd\u5f3a\u5316\u7269\u8bed|48\/100|[from] Leech Seed|[of] p1a: Ferrothorn\n|-damage|p1a: Ferrothorn|94\/100 brn|[from] brn\n|upkeep\n|turn|22\n|\n|t:|1700958574\n|switch|p1a: Skarmory|Skarmory, F|100\/100\n|move|p2a: \u5403\u543c\u9738\u7684\u53cd\u5f3a\u5316\u7269\u8bed|Wave Crash|p1a: Skarmory\n|-damage|p1a: Skarmory|27\/100\n|-damage|p2a: \u5403\u543c\u9738\u7684\u53cd\u5f3a\u5316\u7269\u8bed|32\/100|[from] Recoil\n|-enditem|p1a: Skarmory|Red Card|[of] p2a: \u5403\u543c\u9738\u7684\u53cd\u5f3a\u5316\u7269\u8bed\n|drag|p2a: \u6635\u79f0\u6211\u4e0d\u4f1a\u8d77\u5440|Gliscor, F|100\/100 tox\n|\n|upkeep\n|turn|23\n|\n|t:|1700958588\n|move|p2a: \u6635\u79f0\u6211\u4e0d\u4f1a\u8d77\u5440|Defog|p1a: Skarmory\n|-unboost|p1a: Skarmory|evasion|1\n|-sideend|p2: Serena1111|Spikes|[from] move: Defog|[of] p2a: \u6635\u79f0\u6211\u4e0d\u4f1a\u8d77\u5440\n|move|p1a: Skarmory|Roost|p1a: Skarmory\n|-heal|p1a: Skarmory|77\/100\n|-singleturn|p1a: Skarmory|move: Roost\n|\n|upkeep\n|turn|24\n|\n|t:|1700958599\n|switch|p2a: \u5c0f\u667a\u518d\u4e5f\u4e0d\u7528\u62c5\u5fc3\u6211\u4e0d\u77e5\u9053\u5bf9\u65b9\u62db\u5f0f\u4e86|Ditto|86\/100\n|-transform|p2a: \u5c0f\u667a\u518d\u4e5f\u4e0d\u7528\u62c5\u5fc3\u6211\u4e0d\u77e5\u9053\u5bf9\u65b9\u62db\u5f0f\u4e86|p1a: Skarmory|[from] ability: Imposter\n|switch|p1a: Ferrothorn|Ferrothorn, M, tera:Grass|94\/100 brn\n|\n|-heal|p1a: Ferrothorn|100\/100 brn|[from] item: Leftovers\n|-damage|p1a: Ferrothorn|94\/100 brn|[from] brn\n|upkeep\n|turn|25\n|\n|t:|1700958611\n|move|p1a: Ferrothorn|Leech Seed|p2a: \u5c0f\u667a\u518d\u4e5f\u4e0d\u7528\u62c5\u5fc3\u6211\u4e0d\u77e5\u9053\u5bf9\u65b9\u62db\u5f0f\u4e86\n|-start|p2a: \u5c0f\u667a\u518d\u4e5f\u4e0d\u7528\u62c5\u5fc3\u6211\u4e0d\u77e5\u9053\u5bf9\u65b9\u62db\u5f0f\u4e86|move: Leech Seed\n|move|p2a: \u5c0f\u667a\u518d\u4e5f\u4e0d\u7528\u62c5\u5fc3\u6211\u4e0d\u77e5\u9053\u5bf9\u65b9\u62db\u5f0f\u4e86|Whirlwind|p1a: Ferrothorn\n|drag|p1a: Skarmory|Skarmory, F|77\/100\n|\n|-damage|p2a: \u5c0f\u667a\u518d\u4e5f\u4e0d\u7528\u62c5\u5fc3\u6211\u4e0d\u77e5\u9053\u5bf9\u65b9\u62db\u5f0f\u4e86|74\/100|[from] Leech Seed|[of] p1a: Skarmory\n|-heal|p1a: Skarmory|89\/100|[silent]\n|upkeep\n|turn|26\n|\n|t:|1700958621\n|move|p2a: \u5c0f\u667a\u518d\u4e5f\u4e0d\u7528\u62c5\u5fc3\u6211\u4e0d\u77e5\u9053\u5bf9\u65b9\u62db\u5f0f\u4e86|Whirlwind|p1a: Skarmory\n|drag|p1a: Togekiss|Togekiss, M|100\/100\n|\n|-damage|p2a: \u5c0f\u667a\u518d\u4e5f\u4e0d\u7528\u62c5\u5fc3\u6211\u4e0d\u77e5\u9053\u5bf9\u65b9\u62db\u5f0f\u4e86|61\/100|[from] Leech Seed|[of] p1a: Togekiss\n|upkeep\n|turn|27\n|inactive|Serena1111 has 120 seconds left.\n|\n|t:|1700958629\n|move|p1a: Togekiss|Thunder Wave|p2a: \u5c0f\u667a\u518d\u4e5f\u4e0d\u7528\u62c5\u5fc3\u6211\u4e0d\u77e5\u9053\u5bf9\u65b9\u62db\u5f0f\u4e86\n|-status|p2a: \u5c0f\u667a\u518d\u4e5f\u4e0d\u7528\u62c5\u5fc3\u6211\u4e0d\u77e5\u9053\u5bf9\u65b9\u62db\u5f0f\u4e86|par\n|move|p2a: \u5c0f\u667a\u518d\u4e5f\u4e0d\u7528\u62c5\u5fc3\u6211\u4e0d\u77e5\u9053\u5bf9\u65b9\u62db\u5f0f\u4e86|Whirlwind|p1a: Togekiss\n|drag|p1a: Skarmory|Skarmory, F|89\/100\n|\n|-damage|p2a: \u5c0f\u667a\u518d\u4e5f\u4e0d\u7528\u62c5\u5fc3\u6211\u4e0d\u77e5\u9053\u5bf9\u65b9\u62db\u5f0f\u4e86|49\/100 par|[from] Leech Seed|[of] p1a: Skarmory\n|-heal|p1a: Skarmory|99\/100|[silent]\n|upkeep\n|turn|28\n|\n|t:|1700958642\n|move|p1a: Skarmory|Stealth Rock|p2a: \u5c0f\u667a\u518d\u4e5f\u4e0d\u7528\u62c5\u5fc3\u6211\u4e0d\u77e5\u9053\u5bf9\u65b9\u62db\u5f0f\u4e86\n|-sidestart|p2: Serena1111|move: Stealth Rock\n|move|p2a: \u5c0f\u667a\u518d\u4e5f\u4e0d\u7528\u62c5\u5fc3\u6211\u4e0d\u77e5\u9053\u5bf9\u65b9\u62db\u5f0f\u4e86|Whirlwind|p1a: Skarmory\n|drag|p1a: Thundurus|Thundurus-Therian, M|100\/100\n|\n|-damage|p2a: \u5c0f\u667a\u518d\u4e5f\u4e0d\u7528\u62c5\u5fc3\u6211\u4e0d\u77e5\u9053\u5bf9\u65b9\u62db\u5f0f\u4e86|37\/100 par|[from] Leech Seed|[of] p1a: Thundurus\n|upkeep\n|turn|29\n|\n|t:|1700958653\n|switch|p2a: \u6e05\u6f88\u7684\u53cc\u773c \u53ef\u7231\u7684\u8138\u5e9e|Chansey, F|100\/100\n|-damage|p2a: \u6e05\u6f88\u7684\u53cc\u773c \u53ef\u7231\u7684\u8138\u5e9e|88\/100|[from] Stealth Rock\n|move|p1a: Thundurus|Thunder|p2a: \u6e05\u6f88\u7684\u53cc\u773c \u53ef\u7231\u7684\u8138\u5e9e|[miss]\n|-miss|p1a: Thundurus|p2a: \u6e05\u6f88\u7684\u53cc\u773c \u53ef\u7231\u7684\u8138\u5e9e\n|\n|upkeep\n|turn|30\n|\n|t:|1700958662\n|move|p1a: Thundurus|Thunderbolt|p2a: \u6e05\u6f88\u7684\u53cc\u773c \u53ef\u7231\u7684\u8138\u5e9e\n|-crit|p2a: \u6e05\u6f88\u7684\u53cc\u773c \u53ef\u7231\u7684\u8138\u5e9e\n|-damage|p2a: \u6e05\u6f88\u7684\u53cc\u773c \u53ef\u7231\u7684\u8138\u5e9e|57\/100\n|-damage|p1a: Thundurus|91\/100|[from] item: Life Orb\n|move|p2a: \u6e05\u6f88\u7684\u53cc\u773c \u53ef\u7231\u7684\u8138\u5e9e|Seismic Toss|p1a: Thundurus\n|-damage|p1a: Thundurus|57\/100\n|\n|upkeep\n|turn|31\n|\n|t:|1700958671\n|move|p1a: Thundurus|Hidden Power|p2a: \u6e05\u6f88\u7684\u53cc\u773c \u53ef\u7231\u7684\u8138\u5e9e\n|-damage|p2a: \u6e05\u6f88\u7684\u53cc\u773c \u53ef\u7231\u7684\u8138\u5e9e|49\/100\n|-damage|p1a: Thundurus|48\/100|[from] item: Life Orb\n|move|p2a: \u6e05\u6f88\u7684\u53cc\u773c \u53ef\u7231\u7684\u8138\u5e9e|Soft-Boiled|p2a: \u6e05\u6f88\u7684\u53cc\u773c \u53ef\u7231\u7684\u8138\u5e9e\n|-heal|p2a: \u6e05\u6f88\u7684\u53cc\u773c \u53ef\u7231\u7684\u8138\u5e9e|99\/100\n|\n|upkeep\n|turn|32\n|\n|t:|1700958684\n|switch|p1a: Azumarill|Azumarill, M|100\/100\n|move|p2a: \u6e05\u6f88\u7684\u53cc\u773c \u53ef\u7231\u7684\u8138\u5e9e|Seismic Toss|p1a: Azumarill\n|-damage|p1a: Azumarill|76\/100\n|\n|-heal|p1a: Azumarill|82\/100|[from] item: Leftovers\n|upkeep\n|turn|33\n|\n|t:|1700958695\n|switch|p2a: \u7269\u653b\u624b\u6211\u6d4b\u4f60\u7801|Banette-Mega, M|76\/100\n|-damage|p2a: \u7269\u653b\u624b\u6211\u6d4b\u4f60\u7801|63\/100|[from] Stealth Rock\n|move|p1a: Azumarill|Play Rough|p2a: \u7269\u653b\u624b\u6211\u6d4b\u4f60\u7801\n|-damage|p2a: \u7269\u653b\u624b\u6211\u6d4b\u4f60\u7801|0 fnt\n|faint|p2a: \u7269\u653b\u624b\u6211\u6d4b\u4f60\u7801\n|\n|-heal|p1a: Azumarill|88\/100|[from] item: Leftovers\n|upkeep\n|\n|t:|1700958704\n|switch|p2a: \u4fdd\u59c6\u9c7c|Alomomola, M|100\/100\n|turn|34\n|\n|t:|1700958709\n|move|p2a: \u4fdd\u59c6\u9c7c|Wish|p2a: \u4fdd\u59c6\u9c7c\n|move|p1a: Azumarill|Waterfall|p2a: \u4fdd\u59c6\u9c7c\n|-resisted|p2a: \u4fdd\u59c6\u9c7c\n|-crit|p2a: \u4fdd\u59c6\u9c7c\n|-damage|p2a: \u4fdd\u59c6\u9c7c|82\/100\n|\n|-heal|p1a: Azumarill|94\/100|[from] item: Leftovers\n|upkeep\n|turn|35\n|\n|t:|1700958721\n|switch|p1a: Thundurus|Thundurus-Therian, M|48\/100\n|move|p2a: \u4fdd\u59c6\u9c7c|Flip Turn|p1a: Thundurus\n|-damage|p1a: Thundurus|21\/100\n|\n|t:|1700958726\n|switch|p2a: \u5c0f\u667a\u518d\u4e5f\u4e0d\u7528\u62c5\u5fc3\u6211\u4e0d\u77e5\u9053\u5bf9\u65b9\u62db\u5f0f\u4e86|Ditto|37\/100 par|[from] Flip Turn\n|-damage|p2a: \u5c0f\u667a\u518d\u4e5f\u4e0d\u7528\u62c5\u5fc3\u6211\u4e0d\u77e5\u9053\u5bf9\u65b9\u62db\u5f0f\u4e86|24\/100 par|[from] Stealth Rock\n|-transform|p2a: \u5c0f\u667a\u518d\u4e5f\u4e0d\u7528\u62c5\u5fc3\u6211\u4e0d\u77e5\u9053\u5bf9\u65b9\u62db\u5f0f\u4e86|p1a: Thundurus|[from] ability: Imposter\n|\n|-heal|p2a: \u5c0f\u667a\u518d\u4e5f\u4e0d\u7528\u62c5\u5fc3\u6211\u4e0d\u77e5\u9053\u5bf9\u65b9\u62db\u5f0f\u4e86|100\/100 par|[from] move: Wish|[wisher] \u4fdd\u59c6\u9c7c\n|upkeep\n|turn|36\n|\n|t:|1700958738\n|switch|p1a: Ferrothorn|Ferrothorn, M, tera:Grass|94\/100 brn\n|move|p2a: \u5c0f\u667a\u518d\u4e5f\u4e0d\u7528\u62c5\u5fc3\u6211\u4e0d\u77e5\u9053\u5bf9\u65b9\u62db\u5f0f\u4e86|Volt Switch|p1a: Ferrothorn\n|-resisted|p1a: Ferrothorn\n|-damage|p1a: Ferrothorn|76\/100 brn\n|\n|t:|1700958753\n|switch|p2a: \u5403\u543c\u9738\u7684\u53cd\u5f3a\u5316\u7269\u8bed|Dondozo, M|32\/100|[from] Volt Switch\n|-damage|p2a: \u5403\u543c\u9738\u7684\u53cd\u5f3a\u5316\u7269\u8bed|20\/100|[from] Stealth Rock\n|\n|-heal|p2a: \u5403\u543c\u9738\u7684\u53cd\u5f3a\u5316\u7269\u8bed|26\/100|[from] item: Leftovers\n|-heal|p1a: Ferrothorn|82\/100 brn|[from] item: Leftovers\n|-damage|p1a: Ferrothorn|76\/100 brn|[from] brn\n|upkeep\n|turn|37\n|\n|t:|1700958766\n|move|p2a: \u5403\u543c\u9738\u7684\u53cd\u5f3a\u5316\u7269\u8bed|Rest|p2a: \u5403\u543c\u9738\u7684\u53cd\u5f3a\u5316\u7269\u8bed\n|-status|p2a: \u5403\u543c\u9738\u7684\u53cd\u5f3a\u5316\u7269\u8bed|slp|[from] move: Rest\n|-heal|p2a: \u5403\u543c\u9738\u7684\u53cd\u5f3a\u5316\u7269\u8bed|100\/100 slp|[silent]\n|move|p1a: Ferrothorn|Leech Seed|p2a: \u5403\u543c\u9738\u7684\u53cd\u5f3a\u5316\u7269\u8bed\n|-start|p2a: \u5403\u543c\u9738\u7684\u53cd\u5f3a\u5316\u7269\u8bed|move: Leech Seed\n|\n|-heal|p1a: Ferrothorn|82\/100 brn|[from] item: Leftovers\n|-damage|p2a: \u5403\u543c\u9738\u7684\u53cd\u5f3a\u5316\u7269\u8bed|88\/100 slp|[from] Leech Seed|[of] p1a: Ferrothorn\n|-heal|p1a: Ferrothorn|99\/100 brn|[silent]\n|-damage|p1a: Ferrothorn|94\/100 brn|[from] brn\n|upkeep\n|turn|38\n|\n|t:|1700958778\n|switch|p2a: \u6e05\u6f88\u7684\u53cc\u773c \u53ef\u7231\u7684\u8138\u5e9e|Chansey, F|99\/100\n|-damage|p2a: \u6e05\u6f88\u7684\u53cc\u773c \u53ef\u7231\u7684\u8138\u5e9e|86\/100|[from] Stealth Rock\n|move|p1a: Ferrothorn|Gyro Ball|p2a: \u6e05\u6f88\u7684\u53cc\u773c \u53ef\u7231\u7684\u8138\u5e9e\n|-damage|p2a: \u6e05\u6f88\u7684\u53cc\u773c \u53ef\u7231\u7684\u8138\u5e9e|78\/100\n|\n|-heal|p1a: Ferrothorn|99\/100 brn|[from] item: Leftovers\n|-damage|p1a: Ferrothorn|94\/100 brn|[from] brn\n|upkeep\n|turn|39\n|\n|t:|1700958789\n|switch|p2a: \u4fdd\u59c6\u9c7c|Alomomola, M|100\/100\n|move|p1a: Ferrothorn|Leech Seed|p2a: \u4fdd\u59c6\u9c7c\n|-start|p2a: \u4fdd\u59c6\u9c7c|move: Leech Seed\n|\n|-heal|p1a: Ferrothorn|99\/100 brn|[from] item: Leftovers\n|-damage|p2a: \u4fdd\u59c6\u9c7c|88\/100|[from] Leech Seed|[of] p1a: Ferrothorn\n|-heal|p1a: Ferrothorn|100\/100 brn|[silent]\n|-damage|p1a: Ferrothorn|94\/100 brn|[from] brn\n|upkeep\n|turn|40\n|\n|t:|1700958801\n|switch|p2a: \u5c0f\u667a\u518d\u4e5f\u4e0d\u7528\u62c5\u5fc3\u6211\u4e0d\u77e5\u9053\u5bf9\u65b9\u62db\u5f0f\u4e86|Ditto|100\/100 par\n|-damage|p2a: \u5c0f\u667a\u518d\u4e5f\u4e0d\u7528\u62c5\u5fc3\u6211\u4e0d\u77e5\u9053\u5bf9\u65b9\u62db\u5f0f\u4e86|88\/100 par|[from] Stealth Rock\n|-transform|p2a: \u5c0f\u667a\u518d\u4e5f\u4e0d\u7528\u62c5\u5fc3\u6211\u4e0d\u77e5\u9053\u5bf9\u65b9\u62db\u5f0f\u4e86|p1a: Ferrothorn|[from] ability: Imposter\n|switch|p1a: Thundurus|Thundurus-Therian, M|21\/100\n|\n|upkeep\n|turn|41\n|\n|t:|1700958826\n|move|p1a: Thundurus|Hidden Power|p2a: \u5c0f\u667a\u518d\u4e5f\u4e0d\u7528\u62c5\u5fc3\u6211\u4e0d\u77e5\u9053\u5bf9\u65b9\u62db\u5f0f\u4e86\n|-resisted|p2a: \u5c0f\u667a\u518d\u4e5f\u4e0d\u7528\u62c5\u5fc3\u6211\u4e0d\u77e5\u9053\u5bf9\u65b9\u62db\u5f0f\u4e86\n|-damage|p2a: \u5c0f\u667a\u518d\u4e5f\u4e0d\u7528\u62c5\u5fc3\u6211\u4e0d\u77e5\u9053\u5bf9\u65b9\u62db\u5f0f\u4e86|72\/100 par\n|-damage|p1a: Thundurus|12\/100|[from] item: Life Orb\n|move|p2a: \u5c0f\u667a\u518d\u4e5f\u4e0d\u7528\u62c5\u5fc3\u6211\u4e0d\u77e5\u9053\u5bf9\u65b9\u62db\u5f0f\u4e86|Leech Seed|p1a: Thundurus\n|-start|p1a: Thundurus|move: Leech Seed\n|\n|-damage|p1a: Thundurus|0 fnt|[from] Leech Seed|[of] p2a: \u5c0f\u667a\u518d\u4e5f\u4e0d\u7528\u62c5\u5fc3\u6211\u4e0d\u77e5\u9053\u5bf9\u65b9\u62db\u5f0f\u4e86\n|-heal|p2a: \u5c0f\u667a\u518d\u4e5f\u4e0d\u7528\u62c5\u5fc3\u6211\u4e0d\u77e5\u9053\u5bf9\u65b9\u62db\u5f0f\u4e86|83\/100 par|[silent]\n|faint|p1a: Thundurus\n|upkeep\n|\n|t:|1700958837\n|switch|p1a: Kartana|Kartana|100\/100\n|turn|42\n|\n|t:|1700958844\n|switch|p2a: \u5403\u543c\u9738\u7684\u53cd\u5f3a\u5316\u7269\u8bed|Dondozo, M|88\/100 slp\n|-damage|p2a: \u5403\u543c\u9738\u7684\u53cd\u5f3a\u5316\u7269\u8bed|75\/100 slp|[from] Stealth Rock\n|move|p1a: Kartana|Sacred Sword|p2a: \u5403\u543c\u9738\u7684\u53cd\u5f3a\u5316\u7269\u8bed\n|-damage|p2a: \u5403\u543c\u9738\u7684\u53cd\u5f3a\u5316\u7269\u8bed|48\/100 slp\n|\n|-heal|p2a: \u5403\u543c\u9738\u7684\u53cd\u5f3a\u5316\u7269\u8bed|54\/100 slp|[from] item: Leftovers\n|upkeep\n|turn|43\n|\n|t:|1700958856\n|switch|p2a: \u6635\u79f0\u6211\u4e0d\u4f1a\u8d77\u5440|Gliscor, F|100\/100 tox\n|-damage|p2a: \u6635\u79f0\u6211\u4e0d\u4f1a\u8d77\u5440|88\/100 tox|[from] Stealth Rock\n|move|p1a: Kartana|Sacred Sword|p2a: \u6635\u79f0\u6211\u4e0d\u4f1a\u8d77\u5440\n|-resisted|p2a: \u6635\u79f0\u6211\u4e0d\u4f1a\u8d77\u5440\n|-damage|p2a: \u6635\u79f0\u6211\u4e0d\u4f1a\u8d77\u5440|69\/100 tox\n|\n|-heal|p2a: \u6635\u79f0\u6211\u4e0d\u4f1a\u8d77\u5440|81\/100 tox|[from] ability: Poison Heal\n|upkeep\n|turn|44\n|\n|t:|1700958867\n|switch|p1a: Togekiss|Togekiss, M|100\/100\n|move|p2a: \u6635\u79f0\u6211\u4e0d\u4f1a\u8d77\u5440|Defog|p1a: Togekiss\n|-unboost|p1a: Togekiss|evasion|1\n|-sideend|p2: Serena1111|Stealth Rock|[from] move: Defog|[of] p2a: \u6635\u79f0\u6211\u4e0d\u4f1a\u8d77\u5440\n|\n|-heal|p2a: \u6635\u79f0\u6211\u4e0d\u4f1a\u8d77\u5440|94\/100 tox|[from] ability: Poison Heal\n|upkeep\n|turn|45\n|\n|t:|1700958879\n|move|p2a: \u6635\u79f0\u6211\u4e0d\u4f1a\u8d77\u5440|Toxic|p1a: Togekiss\n|-status|p1a: Togekiss|tox\n|move|p1a: Togekiss|Aura Sphere|p2a: \u6635\u79f0\u6211\u4e0d\u4f1a\u8d77\u5440\n|-resisted|p2a: \u6635\u79f0\u6211\u4e0d\u4f1a\u8d77\u5440\n|-damage|p2a: \u6635\u79f0\u6211\u4e0d\u4f1a\u8d77\u5440|77\/100 tox\n|\n|-heal|p2a: \u6635\u79f0\u6211\u4e0d\u4f1a\u8d77\u5440|90\/100 tox|[from] ability: Poison Heal\n|-damage|p1a: Togekiss|94\/100 tox|[from] psn\n|upkeep\n|turn|46\n|\n|t:|1700958891\n|switch|p2a: \u5c0f\u667a\u518d\u4e5f\u4e0d\u7528\u62c5\u5fc3\u6211\u4e0d\u77e5\u9053\u5bf9\u65b9\u62db\u5f0f\u4e86|Ditto|83\/100 par\n|-transform|p2a: \u5c0f\u667a\u518d\u4e5f\u4e0d\u7528\u62c5\u5fc3\u6211\u4e0d\u77e5\u9053\u5bf9\u65b9\u62db\u5f0f\u4e86|p1a: Togekiss|[from] ability: Imposter\n|move|p1a: Togekiss|Thunder Wave|p2a: \u5c0f\u667a\u518d\u4e5f\u4e0d\u7528\u62c5\u5fc3\u6211\u4e0d\u77e5\u9053\u5bf9\u65b9\u62db\u5f0f\u4e86\n|-fail|p2a: \u5c0f\u667a\u518d\u4e5f\u4e0d\u7528\u62c5\u5fc3\u6211\u4e0d\u77e5\u9053\u5bf9\u65b9\u62db\u5f0f\u4e86|par\n|\n|-heal|p1a: Togekiss|100\/100 tox|[from] item: Leftovers\n|-damage|p1a: Togekiss|88\/100 tox|[from] psn\n|upkeep\n|turn|47\n|\n|t:|1700958904\n|switch|p2a: \u6635\u79f0\u6211\u4e0d\u4f1a\u8d77\u5440|Gliscor, F|90\/100 tox\n|move|p1a: Togekiss|Air Slash|p2a: \u6635\u79f0\u6211\u4e0d\u4f1a\u8d77\u5440\n|-damage|p2a: \u6635\u79f0\u6211\u4e0d\u4f1a\u8d77\u5440|40\/100 tox\n|\n|-heal|p1a: Togekiss|94\/100 tox|[from] item: Leftovers\n|-heal|p2a: \u6635\u79f0\u6211\u4e0d\u4f1a\u8d77\u5440|53\/100 tox|[from] ability: Poison Heal\n|-damage|p1a: Togekiss|76\/100 tox|[from] psn\n|upkeep\n|turn|48\n|\n|t:|1700958915\n|move|p2a: \u6635\u79f0\u6211\u4e0d\u4f1a\u8d77\u5440|Protect|p2a: \u6635\u79f0\u6211\u4e0d\u4f1a\u8d77\u5440\n|-singleturn|p2a: \u6635\u79f0\u6211\u4e0d\u4f1a\u8d77\u5440|Protect\n|move|p1a: Togekiss|Air Slash|p2a: \u6635\u79f0\u6211\u4e0d\u4f1a\u8d77\u5440\n|-activate|p2a: \u6635\u79f0\u6211\u4e0d\u4f1a\u8d77\u5440|move: Protect\n|\n|-heal|p1a: Togekiss|82\/100 tox|[from] item: Leftovers\n|-heal|p2a: \u6635\u79f0\u6211\u4e0d\u4f1a\u8d77\u5440|65\/100 tox|[from] ability: Poison Heal\n|-damage|p1a: Togekiss|57\/100 tox|[from] psn\n|upkeep\n|turn|49\n|\n|t:|1700958926\n|switch|p2a: \u6e05\u6f88\u7684\u53cc\u773c \u53ef\u7231\u7684\u8138\u5e9e|Chansey, F|78\/100\n|move|p1a: Togekiss|Air Slash|p2a: \u6e05\u6f88\u7684\u53cc\u773c \u53ef\u7231\u7684\u8138\u5e9e\n|-damage|p2a: \u6e05\u6f88\u7684\u53cc\u773c \u53ef\u7231\u7684\u8138\u5e9e|66\/100\n|\n|-heal|p1a: Togekiss|64\/100 tox|[from] item: Leftovers\n|-damage|p1a: Togekiss|33\/100 tox|[from] psn\n|upkeep\n|turn|50\n|\n|t:|1700958936\n|move|p1a: Togekiss|Roost|p1a: Togekiss\n|-heal|p1a: Togekiss|83\/100 tox\n|-singleturn|p1a: Togekiss|move: Roost\n|move|p2a: \u6e05\u6f88\u7684\u53cc\u773c \u53ef\u7231\u7684\u8138\u5e9e|Seismic Toss|p1a: Togekiss\n|-damage|p1a: Togekiss|56\/100 tox\n|\n|-heal|p1a: Togekiss|62\/100 tox|[from] item: Leftovers\n|-damage|p1a: Togekiss|25\/100 tox|[from] psn\n|upkeep\n|turn|51\n|\n|t:|1700958948\n|move|p1a: Togekiss|Roost|p1a: Togekiss\n|-heal|p1a: Togekiss|75\/100 tox\n|-singleturn|p1a: Togekiss|move: Roost\n|move|p2a: \u6e05\u6f88\u7684\u53cc\u773c \u53ef\u7231\u7684\u8138\u5e9e|Seismic Toss|p1a: Togekiss\n|-damage|p1a: Togekiss|49\/100 tox\n|\n|-heal|p1a: Togekiss|55\/100 tox|[from] item: Leftovers\n|-damage|p1a: Togekiss|12\/100 tox|[from] psn\n|upkeep\n|turn|52\n|\n|t:|1700958963\n|switch|p1a: Skarmory|Skarmory, F|99\/100\n|switch|p2a: \u6635\u79f0\u6211\u4e0d\u4f1a\u8d77\u5440|Gliscor, F|65\/100 tox\n|\n|-heal|p2a: \u6635\u79f0\u6211\u4e0d\u4f1a\u8d77\u5440|78\/100 tox|[from] ability: Poison Heal\n|upkeep\n|turn|53\n|\n|t:|1700958974\n|switch|p2a: \u5c0f\u667a\u518d\u4e5f\u4e0d\u7528\u62c5\u5fc3\u6211\u4e0d\u77e5\u9053\u5bf9\u65b9\u62db\u5f0f\u4e86|Ditto|83\/100 par\n|-transform|p2a: \u5c0f\u667a\u518d\u4e5f\u4e0d\u7528\u62c5\u5fc3\u6211\u4e0d\u77e5\u9053\u5bf9\u65b9\u62db\u5f0f\u4e86|p1a: Skarmory|[from] ability: Imposter\n|move|p1a: Skarmory|Stealth Rock|p2a: \u5c0f\u667a\u518d\u4e5f\u4e0d\u7528\u62c5\u5fc3\u6211\u4e0d\u77e5\u9053\u5bf9\u65b9\u62db\u5f0f\u4e86\n|-sidestart|p2: Serena1111|move: Stealth Rock\n|\n|upkeep\n|turn|54\n|\n|t:|1700958984\n|move|p1a: Skarmory|Whirlwind|p2a: \u5c0f\u667a\u518d\u4e5f\u4e0d\u7528\u62c5\u5fc3\u6211\u4e0d\u77e5\u9053\u5bf9\u65b9\u62db\u5f0f\u4e86\n|drag|p2a: \u4fdd\u59c6\u9c7c|Alomomola, M|100\/100\n|\n|upkeep\n|turn|55\n|\n|t:|1700958998\n|switch|p2a: \u6635\u79f0\u6211\u4e0d\u4f1a\u8d77\u5440|Gliscor, F|78\/100 tox\n|-damage|p2a: \u6635\u79f0\u6211\u4e0d\u4f1a\u8d77\u5440|65\/100 tox|[from] Stealth Rock\n|move|p1a: Skarmory|Stealth Rock||[still]\n|-fail|p1a: Skarmory\n|\n|-heal|p2a: \u6635\u79f0\u6211\u4e0d\u4f1a\u8d77\u5440|78\/100 tox|[from] ability: Poison Heal\n|upkeep\n|turn|56\n|\n|t:|1700959008\n|switch|p2a: \u4fdd\u59c6\u9c7c|Alomomola, M|100\/100\n|move|p1a: Skarmory|Whirlwind|p2a: \u4fdd\u59c6\u9c7c\n|drag|p2a: \u6635\u79f0\u6211\u4e0d\u4f1a\u8d77\u5440|Gliscor, F|78\/100 tox\n|-damage|p2a: \u6635\u79f0\u6211\u4e0d\u4f1a\u8d77\u5440|65\/100 tox|[from] Stealth Rock\n|\n|-heal|p2a: \u6635\u79f0\u6211\u4e0d\u4f1a\u8d77\u5440|78\/100 tox|[from] ability: Poison Heal\n|upkeep\n|turn|57\n|\n|t:|1700959018\n|switch|p2a: \u4fdd\u59c6\u9c7c|Alomomola, M|100\/100\n|move|p1a: Skarmory|Iron Head|p2a: \u4fdd\u59c6\u9c7c\n|-resisted|p2a: \u4fdd\u59c6\u9c7c\n|-damage|p2a: \u4fdd\u59c6\u9c7c|94\/100\n|\n|upkeep\n|turn|58\n|\n|t:|1700959026\n|switch|p2a: \u6635\u79f0\u6211\u4e0d\u4f1a\u8d77\u5440|Gliscor, F|78\/100 tox\n|-damage|p2a: \u6635\u79f0\u6211\u4e0d\u4f1a\u8d77\u5440|65\/100 tox|[from] Stealth Rock\n|move|p1a: Skarmory|Whirlwind|p2a: \u6635\u79f0\u6211\u4e0d\u4f1a\u8d77\u5440\n|drag|p2a: \u4fdd\u59c6\u9c7c|Alomomola, M|100\/100\n|\n|upkeep\n|turn|59\n|\n|t:|1700959035\n|switch|p2a: \u6635\u79f0\u6211\u4e0d\u4f1a\u8d77\u5440|Gliscor, F|65\/100 tox\n|-damage|p2a: \u6635\u79f0\u6211\u4e0d\u4f1a\u8d77\u5440|53\/100 tox|[from] Stealth Rock\n|move|p1a: Skarmory|Iron Head|p2a: \u6635\u79f0\u6211\u4e0d\u4f1a\u8d77\u5440\n|-damage|p2a: \u6635\u79f0\u6211\u4e0d\u4f1a\u8d77\u5440|39\/100 tox\n|\n|-heal|p2a: \u6635\u79f0\u6211\u4e0d\u4f1a\u8d77\u5440|51\/100 tox|[from] ability: Poison Heal\n|upkeep\n|turn|60\n|\n|t:|1700959045\n|move|p2a: \u6635\u79f0\u6211\u4e0d\u4f1a\u8d77\u5440|Protect|p2a: \u6635\u79f0\u6211\u4e0d\u4f1a\u8d77\u5440\n|-singleturn|p2a: \u6635\u79f0\u6211\u4e0d\u4f1a\u8d77\u5440|Protect\n|move|p1a: Skarmory|Whirlwind|p2a: \u6635\u79f0\u6211\u4e0d\u4f1a\u8d77\u5440\n|drag|p2a: \u6e05\u6f88\u7684\u53cc\u773c \u53ef\u7231\u7684\u8138\u5e9e|Chansey, F|66\/100\n|-damage|p2a: \u6e05\u6f88\u7684\u53cc\u773c \u53ef\u7231\u7684\u8138\u5e9e|54\/100|[from] Stealth Rock\n|\n|upkeep\n|turn|61\n|\n|t:|1700959055\n|move|p1a: Skarmory|Iron Head|p2a: \u6e05\u6f88\u7684\u53cc\u773c \u53ef\u7231\u7684\u8138\u5e9e\n|-damage|p2a: \u6e05\u6f88\u7684\u53cc\u773c \u53ef\u7231\u7684\u8138\u5e9e|38\/100\n|cant|p2a: \u6e05\u6f88\u7684\u53cc\u773c \u53ef\u7231\u7684\u8138\u5e9e|flinch\n|\n|upkeep\n|turn|62\n|\n|t:|1700959061\n|move|p2a: \u6e05\u6f88\u7684\u53cc\u773c \u53ef\u7231\u7684\u8138\u5e9e|Soft-Boiled|p2a: \u6e05\u6f88\u7684\u53cc\u773c \u53ef\u7231\u7684\u8138\u5e9e\n|-heal|p2a: \u6e05\u6f88\u7684\u53cc\u773c \u53ef\u7231\u7684\u8138\u5e9e|88\/100\n|move|p1a: Skarmory|Whirlwind|p2a: \u6e05\u6f88\u7684\u53cc\u773c \u53ef\u7231\u7684\u8138\u5e9e\n|drag|p2a: \u5403\u543c\u9738\u7684\u53cd\u5f3a\u5316\u7269\u8bed|Dondozo, M|54\/100 slp\n|-damage|p2a: \u5403\u543c\u9738\u7684\u53cd\u5f3a\u5316\u7269\u8bed|41\/100 slp|[from] Stealth Rock\n|\n|-heal|p2a: \u5403\u543c\u9738\u7684\u53cd\u5f3a\u5316\u7269\u8bed|47\/100 slp|[from] item: Leftovers\n|upkeep\n|turn|63\n|\n|t:|1700959072\n|cant|p2a: \u5403\u543c\u9738\u7684\u53cd\u5f3a\u5316\u7269\u8bed|slp\n|move|p2a: \u5403\u543c\u9738\u7684\u53cd\u5f3a\u5316\u7269\u8bed|Sleep Talk|p2a: \u5403\u543c\u9738\u7684\u53cd\u5f3a\u5316\u7269\u8bed\n|move|p2a: \u5403\u543c\u9738\u7684\u53cd\u5f3a\u5316\u7269\u8bed|Rest||[from]move: Sleep Talk|[still]\n|-fail|p2a: \u5403\u543c\u9738\u7684\u53cd\u5f3a\u5316\u7269\u8bed\n|move|p1a: Skarmory|Whirlwind|p2a: \u5403\u543c\u9738\u7684\u53cd\u5f3a\u5316\u7269\u8bed\n|drag|p2a: \u4fdd\u59c6\u9c7c|Alomomola, M|100\/100\n|\n|upkeep\n|turn|64\n|\n|t:|1700959084\n|switch|p2a: \u6635\u79f0\u6211\u4e0d\u4f1a\u8d77\u5440|Gliscor, F|51\/100 tox\n|-damage|p2a: \u6635\u79f0\u6211\u4e0d\u4f1a\u8d77\u5440|39\/100 tox|[from] Stealth Rock\n|move|p1a: Skarmory|Iron Head|p2a: \u6635\u79f0\u6211\u4e0d\u4f1a\u8d77\u5440\n|-damage|p2a: \u6635\u79f0\u6211\u4e0d\u4f1a\u8d77\u5440|24\/100 tox\n|\n|-heal|p2a: \u6635\u79f0\u6211\u4e0d\u4f1a\u8d77\u5440|37\/100 tox|[from] ability: Poison Heal\n|upkeep\n|turn|65\n|\n|t:|1700959094\n|move|p2a: \u6635\u79f0\u6211\u4e0d\u4f1a\u8d77\u5440|Defog|p1a: Skarmory\n|-unboost|p1a: Skarmory|evasion|1\n|-sideend|p2: Serena1111|Stealth Rock|[from] move: Defog|[of] p2a: \u6635\u79f0\u6211\u4e0d\u4f1a\u8d77\u5440\n|move|p1a: Skarmory|Whirlwind|p2a: \u6635\u79f0\u6211\u4e0d\u4f1a\u8d77\u5440\n|drag|p2a: \u5403\u543c\u9738\u7684\u53cd\u5f3a\u5316\u7269\u8bed|Dondozo, M|47\/100 slp\n|\n|-heal|p2a: \u5403\u543c\u9738\u7684\u53cd\u5f3a\u5316\u7269\u8bed|53\/100 slp|[from] item: Leftovers\n|upkeep\n|turn|66\n|\n|t:|1700959104\n|switch|p2a: \u6635\u79f0\u6211\u4e0d\u4f1a\u8d77\u5440|Gliscor, F|37\/100 tox\n|move|p1a: Skarmory|Stealth Rock|p2a: \u6635\u79f0\u6211\u4e0d\u4f1a\u8d77\u5440\n|-sidestart|p2: Serena1111|move: Stealth Rock\n|\n|-heal|p2a: \u6635\u79f0\u6211\u4e0d\u4f1a\u8d77\u5440|49\/100 tox|[from] ability: Poison Heal\n|upkeep\n|turn|67\n|\n|t:|1700959112\n|move|p2a: \u6635\u79f0\u6211\u4e0d\u4f1a\u8d77\u5440|Defog|p1a: Skarmory\n|-unboost|p1a: Skarmory|evasion|1\n|-sideend|p2: Serena1111|Stealth Rock|[from] move: Defog|[of] p2a: \u6635\u79f0\u6211\u4e0d\u4f1a\u8d77\u5440\n|move|p1a: Skarmory|Whirlwind|p2a: \u6635\u79f0\u6211\u4e0d\u4f1a\u8d77\u5440\n|drag|p2a: \u6e05\u6f88\u7684\u53cc\u773c \u53ef\u7231\u7684\u8138\u5e9e|Chansey, F|88\/100\n|\n|upkeep\n|turn|68\n|\n|t:|1700959126\n|move|p1a: Skarmory|Stealth Rock|p2a: \u6e05\u6f88\u7684\u53cc\u773c \u53ef\u7231\u7684\u8138\u5e9e\n|-sidestart|p2: Serena1111|move: Stealth Rock\n|move|p2a: \u6e05\u6f88\u7684\u53cc\u773c \u53ef\u7231\u7684\u8138\u5e9e|Aromatherapy|p2a: \u6e05\u6f88\u7684\u53cc\u773c \u53ef\u7231\u7684\u8138\u5e9e\n|-activate|p2a: \u6e05\u6f88\u7684\u53cc\u773c \u53ef\u7231\u7684\u8138\u5e9e|move: Aromatherapy\n|-curestatus|p2: \u5c0f\u667a\u518d\u4e5f\u4e0d\u7528\u62c5\u5fc3\u6211\u4e0d\u77e5\u9053\u5bf9\u65b9\u62db\u5f0f\u4e86|par|[msg]\n|-curestatus|p2: \u6635\u79f0\u6211\u4e0d\u4f1a\u8d77\u5440|tox|[msg]\n|-curestatus|p2: \u5403\u543c\u9738\u7684\u53cd\u5f3a\u5316\u7269\u8bed|slp|[msg]\n|\n|upkeep\n|turn|69\n|\n|t:|1700959137\n|move|p1a: Skarmory|Iron Head|p2a: \u6e05\u6f88\u7684\u53cc\u773c \u53ef\u7231\u7684\u8138\u5e9e\n|-damage|p2a: \u6e05\u6f88\u7684\u53cc\u773c \u53ef\u7231\u7684\u8138\u5e9e|72\/100\n|cant|p2a: \u6e05\u6f88\u7684\u53cc\u773c \u53ef\u7231\u7684\u8138\u5e9e|flinch\n|\n|upkeep\n|turn|70\n|\n|t:|1700959143\n|move|p1a: Skarmory|Iron Head|p2a: \u6e05\u6f88\u7684\u53cc\u773c \u53ef\u7231\u7684\u8138\u5e9e\n|-damage|p2a: \u6e05\u6f88\u7684\u53cc\u773c \u53ef\u7231\u7684\u8138\u5e9e|57\/100\n|move|p2a: \u6e05\u6f88\u7684\u53cc\u773c \u53ef\u7231\u7684\u8138\u5e9e|Seismic Toss|p1a: Skarmory\n|-damage|p1a: Skarmory|70\/100\n|\n|upkeep\n|turn|71\n|\n|t:|1700959150\n|move|p1a: Skarmory|Iron Head|p2a: \u6e05\u6f88\u7684\u53cc\u773c \u53ef\u7231\u7684\u8138\u5e9e\n|-damage|p2a: \u6e05\u6f88\u7684\u53cc\u773c \u53ef\u7231\u7684\u8138\u5e9e|43\/100\n|move|p2a: \u6e05\u6f88\u7684\u53cc\u773c \u53ef\u7231\u7684\u8138\u5e9e|Thunder Wave|p1a: Skarmory\n|-status|p1a: Skarmory|par\n|\n|upkeep\n|turn|72\n|\n|t:|1700959158\n|move|p2a: \u6e05\u6f88\u7684\u53cc\u773c \u53ef\u7231\u7684\u8138\u5e9e|Soft-Boiled|p2a: \u6e05\u6f88\u7684\u53cc\u773c \u53ef\u7231\u7684\u8138\u5e9e\n|-heal|p2a: \u6e05\u6f88\u7684\u53cc\u773c \u53ef\u7231\u7684\u8138\u5e9e|93\/100\n|move|p1a: Skarmory|Iron Head|p2a: \u6e05\u6f88\u7684\u53cc\u773c \u53ef\u7231\u7684\u8138\u5e9e\n|-damage|p2a: \u6e05\u6f88\u7684\u53cc\u773c \u53ef\u7231\u7684\u8138\u5e9e|78\/100\n|\n|upkeep\n|turn|73\n|\n|t:|1700959165\n|switch|p2a: \u6635\u79f0\u6211\u4e0d\u4f1a\u8d77\u5440|Gliscor, F|49\/100\n|-damage|p2a: \u6635\u79f0\u6211\u4e0d\u4f1a\u8d77\u5440|37\/100|[from] Stealth Rock\n|move|p1a: Skarmory|Iron Head|p2a: \u6635\u79f0\u6211\u4e0d\u4f1a\u8d77\u5440\n|-damage|p2a: \u6635\u79f0\u6211\u4e0d\u4f1a\u8d77\u5440|23\/100\n|\n|-status|p2a: \u6635\u79f0\u6211\u4e0d\u4f1a\u8d77\u5440|tox|[from] item: Toxic Orb\n|upkeep\n|turn|74\n|\n|t:|1700959176\n|move|p2a: \u6635\u79f0\u6211\u4e0d\u4f1a\u8d77\u5440|Protect|p2a: \u6635\u79f0\u6211\u4e0d\u4f1a\u8d77\u5440\n|-singleturn|p2a: \u6635\u79f0\u6211\u4e0d\u4f1a\u8d77\u5440|Protect\n|move|p1a: Skarmory|Stealth Rock||[still]\n|-fail|p1a: Skarmory\n|\n|-heal|p2a: \u6635\u79f0\u6211\u4e0d\u4f1a\u8d77\u5440|35\/100 tox|[from] ability: Poison Heal\n|upkeep\n|turn|75\n|\n|t:|1700959185\n|move|p2a: \u6635\u79f0\u6211\u4e0d\u4f1a\u8d77\u5440|Defog|p1a: Skarmory\n|-unboost|p1a: Skarmory|evasion|1\n|-sideend|p2: Serena1111|Stealth Rock|[from] move: Defog|[of] p2a: \u6635\u79f0\u6211\u4e0d\u4f1a\u8d77\u5440\n|move|p1a: Skarmory|Stealth Rock|p2a: \u6635\u79f0\u6211\u4e0d\u4f1a\u8d77\u5440\n|-sidestart|p2: Serena1111|move: Stealth Rock\n|\n|-heal|p2a: \u6635\u79f0\u6211\u4e0d\u4f1a\u8d77\u5440|48\/100 tox|[from] ability: Poison Heal\n|upkeep\n|turn|76\n|\n|t:|1700959195\n|move|p2a: \u6635\u79f0\u6211\u4e0d\u4f1a\u8d77\u5440|Defog|p1a: Skarmory\n|-unboost|p1a: Skarmory|evasion|1\n|-sideend|p2: Serena1111|Stealth Rock|[from] move: Defog|[of] p2a: \u6635\u79f0\u6211\u4e0d\u4f1a\u8d77\u5440\n|move|p1a: Skarmory|Whirlwind|p2a: \u6635\u79f0\u6211\u4e0d\u4f1a\u8d77\u5440\n|drag|p2a: \u4fdd\u59c6\u9c7c|Alomomola, M|100\/100\n|\n|upkeep\n|turn|77\n|\n|t:|1700959207\n|switch|p1a: Kartana|Kartana|100\/100\n|move|p2a: \u4fdd\u59c6\u9c7c|Flip Turn|p1a: Kartana\n|-resisted|p1a: Kartana\n|-damage|p1a: Kartana|92\/100\n|\n|t:|1700959213\n|switch|p2a: \u5c0f\u667a\u518d\u4e5f\u4e0d\u7528\u62c5\u5fc3\u6211\u4e0d\u77e5\u9053\u5bf9\u65b9\u62db\u5f0f\u4e86|Ditto|83\/100|[from] Flip Turn\n|-transform|p2a: \u5c0f\u667a\u518d\u4e5f\u4e0d\u7528\u62c5\u5fc3\u6211\u4e0d\u77e5\u9053\u5bf9\u65b9\u62db\u5f0f\u4e86|p1a: Kartana|[from] ability: Imposter\n|\n|upkeep\n|turn|78\n|\n|t:|1700959220\n|move|p2a: \u5c0f\u667a\u518d\u4e5f\u4e0d\u7528\u62c5\u5fc3\u6211\u4e0d\u77e5\u9053\u5bf9\u65b9\u62db\u5f0f\u4e86|Sacred Sword|p1a: Kartana\n|-supereffective|p1a: Kartana\n|-damage|p1a: Kartana|14\/100\n|move|p1a: Kartana|Sacred Sword|p2a: \u5c0f\u667a\u518d\u4e5f\u4e0d\u7528\u62c5\u5fc3\u6211\u4e0d\u77e5\u9053\u5bf9\u65b9\u62db\u5f0f\u4e86\n|-supereffective|p2a: \u5c0f\u667a\u518d\u4e5f\u4e0d\u7528\u62c5\u5fc3\u6211\u4e0d\u77e5\u9053\u5bf9\u65b9\u62db\u5f0f\u4e86\n|-damage|p2a: \u5c0f\u667a\u518d\u4e5f\u4e0d\u7528\u62c5\u5fc3\u6211\u4e0d\u77e5\u9053\u5bf9\u65b9\u62db\u5f0f\u4e86|0 fnt\n|faint|p2a: \u5c0f\u667a\u518d\u4e5f\u4e0d\u7528\u62c5\u5fc3\u6211\u4e0d\u77e5\u9053\u5bf9\u65b9\u62db\u5f0f\u4e86\n|-ability|p1a: Kartana|Beast Boost|boost\n|-boost|p1a: Kartana|atk|1\n|\n|upkeep\n|\n|t:|1700959234\n|switch|p2a: \u5403\u543c\u9738\u7684\u53cd\u5f3a\u5316\u7269\u8bed|Dondozo, M|53\/100\n|turn|79\n|\n|t:|1700959238\n|move|p1a: Kartana|Sacred Sword|p2a: \u5403\u543c\u9738\u7684\u53cd\u5f3a\u5316\u7269\u8bed\n|-damage|p2a: \u5403\u543c\u9738\u7684\u53cd\u5f3a\u5316\u7269\u8bed|26\/100\n|move|p2a: \u5403\u543c\u9738\u7684\u53cd\u5f3a\u5316\u7269\u8bed|Rest|p2a: \u5403\u543c\u9738\u7684\u53cd\u5f3a\u5316\u7269\u8bed\n|-status|p2a: \u5403\u543c\u9738\u7684\u53cd\u5f3a\u5316\u7269\u8bed|slp|[from] move: Rest\n|-heal|p2a: \u5403\u543c\u9738\u7684\u53cd\u5f3a\u5316\u7269\u8bed|100\/100 slp|[silent]\n|\n|upkeep\n|turn|80\n|\n|t:|1700959247\n|move|p1a: Kartana|Sacred Sword|p2a: \u5403\u543c\u9738\u7684\u53cd\u5f3a\u5316\u7269\u8bed\n|-damage|p2a: \u5403\u543c\u9738\u7684\u53cd\u5f3a\u5316\u7269\u8bed|76\/100 slp\n|cant|p2a: \u5403\u543c\u9738\u7684\u53cd\u5f3a\u5316\u7269\u8bed|slp\n|move|p2a: \u5403\u543c\u9738\u7684\u53cd\u5f3a\u5316\u7269\u8bed|Sleep Talk|p2a: \u5403\u543c\u9738\u7684\u53cd\u5f3a\u5316\u7269\u8bed\n|move|p2a: \u5403\u543c\u9738\u7684\u53cd\u5f3a\u5316\u7269\u8bed|Rest||[from]move: Sleep Talk|[still]\n|-fail|p2a: \u5403\u543c\u9738\u7684\u53cd\u5f3a\u5316\u7269\u8bed\n|\n|-heal|p2a: \u5403\u543c\u9738\u7684\u53cd\u5f3a\u5316\u7269\u8bed|82\/100 slp|[from] item: Leftovers\n|upkeep\n|turn|81\n|\n|t:|1700959259\n|move|p1a: Kartana|Sacred Sword|p2a: \u5403\u543c\u9738\u7684\u53cd\u5f3a\u5316\u7269\u8bed\n|-damage|p2a: \u5403\u543c\u9738\u7684\u53cd\u5f3a\u5316\u7269\u8bed|53\/100 slp\n|cant|p2a: \u5403\u543c\u9738\u7684\u53cd\u5f3a\u5316\u7269\u8bed|slp\n|move|p2a: \u5403\u543c\u9738\u7684\u53cd\u5f3a\u5316\u7269\u8bed|Sleep Talk|p2a: \u5403\u543c\u9738\u7684\u53cd\u5f3a\u5316\u7269\u8bed\n|move|p2a: \u5403\u543c\u9738\u7684\u53cd\u5f3a\u5316\u7269\u8bed|Rest||[from]move: Sleep Talk|[still]\n|-fail|p2a: \u5403\u543c\u9738\u7684\u53cd\u5f3a\u5316\u7269\u8bed\n|\n|-heal|p2a: \u5403\u543c\u9738\u7684\u53cd\u5f3a\u5316\u7269\u8bed|60\/100 slp|[from] item: Leftovers\n|upkeep\n|turn|82\n|j| qazserfvgyujnko\n|\n|t:|1700959271\n|move|p1a: Kartana|Sacred Sword|p2a: \u5403\u543c\u9738\u7684\u53cd\u5f3a\u5316\u7269\u8bed\n|-damage|p2a: \u5403\u543c\u9738\u7684\u53cd\u5f3a\u5316\u7269\u8bed|34\/100 slp\n|-curestatus|p2a: \u5403\u543c\u9738\u7684\u53cd\u5f3a\u5316\u7269\u8bed|slp|[msg]\n|move|p2a: \u5403\u543c\u9738\u7684\u53cd\u5f3a\u5316\u7269\u8bed|Wave Crash|p1a: Kartana\n|-resisted|p1a: Kartana\n|-damage|p1a: Kartana|0 fnt\n|faint|p1a: Kartana\n|-damage|p2a: \u5403\u543c\u9738\u7684\u53cd\u5f3a\u5316\u7269\u8bed|32\/100|[from] Recoil\n|\n|-heal|p2a: \u5403\u543c\u9738\u7684\u53cd\u5f3a\u5316\u7269\u8bed|38\/100|[from] item: Leftovers\n|upkeep\n|\n|t:|1700959288\n|switch|p1a: Skarmory|Skarmory, F|70\/100 par\n|turn|83\n|\n|t:|1700959292\n|move|p2a: \u5403\u543c\u9738\u7684\u53cd\u5f3a\u5316\u7269\u8bed|Rest|p2a: \u5403\u543c\u9738\u7684\u53cd\u5f3a\u5316\u7269\u8bed\n|-status|p2a: \u5403\u543c\u9738\u7684\u53cd\u5f3a\u5316\u7269\u8bed|slp|[from] move: Rest\n|-heal|p2a: \u5403\u543c\u9738\u7684\u53cd\u5f3a\u5316\u7269\u8bed|100\/100 slp|[silent]\n|move|p1a: Skarmory|Whirlwind|p2a: \u5403\u543c\u9738\u7684\u53cd\u5f3a\u5316\u7269\u8bed\n|drag|p2a: \u4fdd\u59c6\u9c7c|Alomomola, M|100\/100\n|\n|upkeep\n|turn|84\n|\n|t:|1700959302\n|switch|p2a: \u6635\u79f0\u6211\u4e0d\u4f1a\u8d77\u5440|Gliscor, F|48\/100 tox\n|cant|p1a: Skarmory|par\n|\n|-heal|p2a: \u6635\u79f0\u6211\u4e0d\u4f1a\u8d77\u5440|60\/100 tox|[from] ability: Poison Heal\n|upkeep\n|turn|85\n|\n|t:|1700959310\n|switch|p2a: \u4fdd\u59c6\u9c7c|Alomomola, M|100\/100\n|move|p1a: Skarmory|Stealth Rock|p2a: \u4fdd\u59c6\u9c7c\n|-sidestart|p2: Serena1111|move: Stealth Rock\n|\n|upkeep\n|turn|86\n|\n|t:|1700959316\n|switch|p2a: \u6635\u79f0\u6211\u4e0d\u4f1a\u8d77\u5440|Gliscor, F|60\/100 tox\n|-damage|p2a: \u6635\u79f0\u6211\u4e0d\u4f1a\u8d77\u5440|48\/100 tox|[from] Stealth Rock\n|move|p1a: Skarmory|Whirlwind|p2a: \u6635\u79f0\u6211\u4e0d\u4f1a\u8d77\u5440\n|drag|p2a: \u5403\u543c\u9738\u7684\u53cd\u5f3a\u5316\u7269\u8bed|Dondozo, M|100\/100 slp\n|-damage|p2a: \u5403\u543c\u9738\u7684\u53cd\u5f3a\u5316\u7269\u8bed|88\/100 slp|[from] Stealth Rock\n|\n|-heal|p2a: \u5403\u543c\u9738\u7684\u53cd\u5f3a\u5316\u7269\u8bed|94\/100 slp|[from] item: Leftovers\n|upkeep\n|turn|87\n|\n|t:|1700959328\n|switch|p2a: \u4fdd\u59c6\u9c7c|Alomomola, M|100\/100\n|move|p1a: Skarmory|Iron Head|p2a: \u4fdd\u59c6\u9c7c\n|-resisted|p2a: \u4fdd\u59c6\u9c7c\n|-damage|p2a: \u4fdd\u59c6\u9c7c|94\/100\n|\n|upkeep\n|turn|88\n|\n|t:|1700959337\n|switch|p2a: \u6635\u79f0\u6211\u4e0d\u4f1a\u8d77\u5440|Gliscor, F|48\/100 tox\n|-damage|p2a: \u6635\u79f0\u6211\u4e0d\u4f1a\u8d77\u5440|35\/100 tox|[from] Stealth Rock\n|move|p1a: Skarmory|Iron Head|p2a: \u6635\u79f0\u6211\u4e0d\u4f1a\u8d77\u5440\n|-damage|p2a: \u6635\u79f0\u6211\u4e0d\u4f1a\u8d77\u5440|20\/100 tox\n|\n|-heal|p2a: \u6635\u79f0\u6211\u4e0d\u4f1a\u8d77\u5440|32\/100 tox|[from] ability: Poison Heal\n|upkeep\n|turn|89\n|\n|t:|1700959348\n|move|p2a: \u6635\u79f0\u6211\u4e0d\u4f1a\u8d77\u5440|Defog|p1a: Skarmory\n|-unboost|p1a: Skarmory|evasion|1\n|-sideend|p2: Serena1111|Stealth Rock|[from] move: Defog|[of] p2a: \u6635\u79f0\u6211\u4e0d\u4f1a\u8d77\u5440\n|cant|p1a: Skarmory|par\n|\n|-heal|p2a: \u6635\u79f0\u6211\u4e0d\u4f1a\u8d77\u5440|45\/100 tox|[from] ability: Poison Heal\n|upkeep\n|turn|90\n|\n|t:|1700959359\n|switch|p2a: \u4fdd\u59c6\u9c7c|Alomomola, M|100\/100\n|move|p1a: Skarmory|Stealth Rock|p2a: \u4fdd\u59c6\u9c7c\n|-sidestart|p2: Serena1111|move: Stealth Rock\n|\n|upkeep\n|turn|91\n|\n|t:|1700959369\n|switch|p2a: \u6635\u79f0\u6211\u4e0d\u4f1a\u8d77\u5440|Gliscor, F|45\/100 tox\n|-damage|p2a: \u6635\u79f0\u6211\u4e0d\u4f1a\u8d77\u5440|32\/100 tox|[from] Stealth Rock\n|cant|p1a: Skarmory|par\n|\n|-heal|p2a: \u6635\u79f0\u6211\u4e0d\u4f1a\u8d77\u5440|45\/100 tox|[from] ability: Poison Heal\n|upkeep\n|turn|92\n|\n|t:|1700959382\n|switch|p1a: Ferrothorn|Ferrothorn, M, tera:Grass|94\/100 brn\n|move|p2a: \u6635\u79f0\u6211\u4e0d\u4f1a\u8d77\u5440|Defog|p1a: Ferrothorn\n|-unboost|p1a: Ferrothorn|evasion|1\n|-sideend|p2: Serena1111|Stealth Rock|[from] move: Defog|[of] p2a: \u6635\u79f0\u6211\u4e0d\u4f1a\u8d77\u5440\n|\n|-heal|p1a: Ferrothorn|100\/100 brn|[from] item: Leftovers\n|-heal|p2a: \u6635\u79f0\u6211\u4e0d\u4f1a\u8d77\u5440|57\/100 tox|[from] ability: Poison Heal\n|-damage|p1a: Ferrothorn|94\/100 brn|[from] brn\n|upkeep\n|turn|93\n|\n|t:|1700959400\n|switch|p2a: \u6e05\u6f88\u7684\u53cc\u773c \u53ef\u7231\u7684\u8138\u5e9e|Chansey, F|78\/100\n|move|p1a: Ferrothorn|Leech Seed|p2a: \u6e05\u6f88\u7684\u53cc\u773c \u53ef\u7231\u7684\u8138\u5e9e|[miss]\n|-miss|p1a: Ferrothorn|p2a: \u6e05\u6f88\u7684\u53cc\u773c \u53ef\u7231\u7684\u8138\u5e9e\n|\n|-heal|p1a: Ferrothorn|100\/100 brn|[from] item: Leftovers\n|-damage|p1a: Ferrothorn|94\/100 brn|[from] brn\n|upkeep\n|turn|94\n|\n|t:|1700959411\n|move|p2a: \u6e05\u6f88\u7684\u53cc\u773c \u53ef\u7231\u7684\u8138\u5e9e|Seismic Toss|p1a: Ferrothorn\n|-damage|p1a: Ferrothorn|66\/100 brn\n|-damage|p2a: \u6e05\u6f88\u7684\u53cc\u773c \u53ef\u7231\u7684\u8138\u5e9e|66\/100|[from] ability: Iron Barbs|[of] p1a: Ferrothorn\n|move|p1a: Ferrothorn|Leech Seed|p2a: \u6e05\u6f88\u7684\u53cc\u773c \u53ef\u7231\u7684\u8138\u5e9e\n|-start|p2a: \u6e05\u6f88\u7684\u53cc\u773c \u53ef\u7231\u7684\u8138\u5e9e|move: Leech Seed\n|\n|-heal|p1a: Ferrothorn|72\/100 brn|[from] item: Leftovers\n|-damage|p2a: \u6e05\u6f88\u7684\u53cc\u773c \u53ef\u7231\u7684\u8138\u5e9e|53\/100|[from] Leech Seed|[of] p1a: Ferrothorn\n|-heal|p1a: Ferrothorn|97\/100 brn|[silent]\n|-damage|p1a: Ferrothorn|91\/100 brn|[from] brn\n|upkeep\n|turn|95\n|\n|t:|1700959423\n|switch|p2a: \u6635\u79f0\u6211\u4e0d\u4f1a\u8d77\u5440|Gliscor, F|57\/100 tox\n|move|p1a: Ferrothorn|Leech Seed|p2a: \u6635\u79f0\u6211\u4e0d\u4f1a\u8d77\u5440\n|-start|p2a: \u6635\u79f0\u6211\u4e0d\u4f1a\u8d77\u5440|move: Leech Seed\n|\n|-heal|p1a: Ferrothorn|97\/100 brn|[from] item: Leftovers\n|-damage|p2a: \u6635\u79f0\u6211\u4e0d\u4f1a\u8d77\u5440|45\/100 tox|[from] Leech Seed|[of] p1a: Ferrothorn\n|-heal|p1a: Ferrothorn|100\/100 brn|[silent]\n|-heal|p2a: \u6635\u79f0\u6211\u4e0d\u4f1a\u8d77\u5440|57\/100 tox|[from] ability: Poison Heal\n|-damage|p1a: Ferrothorn|94\/100 brn|[from] brn\n|upkeep\n|turn|96\n|inactive|Rodomaestre has 120 seconds left.\n|\n|t:|1700959436\n|switch|p2a: \u4fdd\u59c6\u9c7c|Alomomola, M|100\/100\n|move|p1a: Ferrothorn|Leech Seed|p2a: \u4fdd\u59c6\u9c7c\n|-start|p2a: \u4fdd\u59c6\u9c7c|move: Leech Seed\n|\n|-heal|p1a: Ferrothorn|100\/100 brn|[from] item: Leftovers\n|-damage|p2a: \u4fdd\u59c6\u9c7c|88\/100|[from] Leech Seed|[of] p1a: Ferrothorn\n|-damage|p1a: Ferrothorn|94\/100 brn|[from] brn\n|upkeep\n|turn|97\n|inactive|Rodomaestre has 120 seconds left.\n|\n|t:|1700959447\n|switch|p2a: \u5403\u543c\u9738\u7684\u53cd\u5f3a\u5316\u7269\u8bed|Dondozo, M|94\/100 slp\n|move|p1a: Ferrothorn|Leech Seed|p2a: \u5403\u543c\u9738\u7684\u53cd\u5f3a\u5316\u7269\u8bed\n|-start|p2a: \u5403\u543c\u9738\u7684\u53cd\u5f3a\u5316\u7269\u8bed|move: Leech Seed\n|\n|-heal|p2a: \u5403\u543c\u9738\u7684\u53cd\u5f3a\u5316\u7269\u8bed|99\/100 slp|[from] item: Leftovers\n|-heal|p1a: Ferrothorn|100\/100 brn|[from] item: Leftovers\n|-damage|p2a: \u5403\u543c\u9738\u7684\u53cd\u5f3a\u5316\u7269\u8bed|88\/100 slp|[from] Leech Seed|[of] p1a: Ferrothorn\n|-damage|p1a: Ferrothorn|94\/100 brn|[from] brn\n|upkeep\n|turn|98\n|\n|t:|1700959458\n|switch|p2a: \u4fdd\u59c6\u9c7c|Alomomola, M|100\/100\n|move|p1a: Ferrothorn|Leech Seed|p2a: \u4fdd\u59c6\u9c7c\n|-start|p2a: \u4fdd\u59c6\u9c7c|move: Leech Seed\n|\n|-heal|p1a: Ferrothorn|100\/100 brn|[from] item: Leftovers\n|-damage|p2a: \u4fdd\u59c6\u9c7c|88\/100|[from] Leech Seed|[of] p1a: Ferrothorn\n|-damage|p1a: Ferrothorn|94\/100 brn|[from] brn\n|upkeep\n|turn|99\n|\n|t:|1700959468\n|switch|p2a: \u5403\u543c\u9738\u7684\u53cd\u5f3a\u5316\u7269\u8bed|Dondozo, M|88\/100 slp\n|move|p1a: Ferrothorn|Spikes|p2a: \u5403\u543c\u9738\u7684\u53cd\u5f3a\u5316\u7269\u8bed\n|-sidestart|p2: Serena1111|Spikes\n|\n|-heal|p2a: \u5403\u543c\u9738\u7684\u53cd\u5f3a\u5316\u7269\u8bed|94\/100 slp|[from] item: Leftovers\n|-heal|p1a: Ferrothorn|100\/100 brn|[from] item: Leftovers\n|-damage|p1a: Ferrothorn|94\/100 brn|[from] brn\n|upkeep\n|turn|100\n|\n|t:|1700959479\n|switch|p2a: \u6635\u79f0\u6211\u4e0d\u4f1a\u8d77\u5440|Gliscor, F|57\/100 tox\n|move|p1a: Ferrothorn|Spikes|p2a: \u6635\u79f0\u6211\u4e0d\u4f1a\u8d77\u5440\n|-sidestart|p2: Serena1111|Spikes\n|\n|-heal|p1a: Ferrothorn|100\/100 brn|[from] item: Leftovers\n|-heal|p2a: \u6635\u79f0\u6211\u4e0d\u4f1a\u8d77\u5440|70\/100 tox|[from] ability: Poison Heal\n|-damage|p1a: Ferrothorn|94\/100 brn|[from] brn\n|upkeep\n|turn|101\n|\n|t:|1700959490\n|switch|p2a: \u4fdd\u59c6\u9c7c|Alomomola, M|100\/100\n|move|p1a: Ferrothorn|Leech Seed|p2a: \u4fdd\u59c6\u9c7c\n|-start|p2a: \u4fdd\u59c6\u9c7c|move: Leech Seed\n|\n|-heal|p1a: Ferrothorn|100\/100 brn|[from] item: Leftovers\n|-damage|p2a: \u4fdd\u59c6\u9c7c|88\/100|[from] Leech Seed|[of] p1a: Ferrothorn\n|-damage|p1a: Ferrothorn|94\/100 brn|[from] brn\n|upkeep\n|turn|102\n|inactive|Rodomaestre has 90 seconds left.\n|\n|t:|1700959501\n|switch|p2a: \u6635\u79f0\u6211\u4e0d\u4f1a\u8d77\u5440|Gliscor, F|70\/100 tox\n|move|p1a: Ferrothorn|Spikes|p2a: \u6635\u79f0\u6211\u4e0d\u4f1a\u8d77\u5440\n|-sidestart|p2: Serena1111|Spikes\n|\n|-heal|p1a: Ferrothorn|100\/100 brn|[from] item: Leftovers\n|-heal|p2a: \u6635\u79f0\u6211\u4e0d\u4f1a\u8d77\u5440|82\/100 tox|[from] ability: Poison Heal\n|-damage|p1a: Ferrothorn|94\/100 brn|[from] brn\n|upkeep\n|turn|103\n|inactive|Rodomaestre has 90 seconds left.\n|\n|t:|1700959511\n|switch|p2a: \u4fdd\u59c6\u9c7c|Alomomola, M|100\/100\n|move|p1a: Ferrothorn|Leech Seed|p2a: \u4fdd\u59c6\u9c7c\n|-start|p2a: \u4fdd\u59c6\u9c7c|move: Leech Seed\n|\n|-heal|p1a: Ferrothorn|100\/100 brn|[from] item: Leftovers\n|-damage|p2a: \u4fdd\u59c6\u9c7c|88\/100|[from] Leech Seed|[of] p1a: Ferrothorn\n|-damage|p1a: Ferrothorn|94\/100 brn|[from] brn\n|upkeep\n|turn|104\n|j| Forever1507\n|\n|t:|1700959524\n|switch|p2a: \u6635\u79f0\u6211\u4e0d\u4f1a\u8d77\u5440|Gliscor, F|82\/100 tox\n|switch|p1a: Azumarill|Azumarill, M|94\/100\n|\n|-heal|p1a: Azumarill|100\/100|[from] item: Leftovers\n|-heal|p2a: \u6635\u79f0\u6211\u4e0d\u4f1a\u8d77\u5440|95\/100 tox|[from] ability: Poison Heal\n|upkeep\n|turn|105\n|\n|t:|1700959535\n|switch|p2a: \u5403\u543c\u9738\u7684\u53cd\u5f3a\u5316\u7269\u8bed|Dondozo, M|94\/100 slp\n|-damage|p2a: \u5403\u543c\u9738\u7684\u53cd\u5f3a\u5316\u7269\u8bed|69\/100 slp|[from] Spikes\n|move|p1a: Azumarill|Aqua Jet|p2a: \u5403\u543c\u9738\u7684\u53cd\u5f3a\u5316\u7269\u8bed\n|-resisted|p2a: \u5403\u543c\u9738\u7684\u53cd\u5f3a\u5316\u7269\u8bed\n|-damage|p2a: \u5403\u543c\u9738\u7684\u53cd\u5f3a\u5316\u7269\u8bed|63\/100 slp\n|\n|-heal|p2a: \u5403\u543c\u9738\u7684\u53cd\u5f3a\u5316\u7269\u8bed|69\/100 slp|[from] item: Leftovers\n|upkeep\n|turn|106\n|j| santabarata\n|\n|t:|1700959548\n|move|p1a: Azumarill|Play Rough|p2a: \u5403\u543c\u9738\u7684\u53cd\u5f3a\u5316\u7269\u8bed\n|-crit|p2a: \u5403\u543c\u9738\u7684\u53cd\u5f3a\u5316\u7269\u8bed\n|-damage|p2a: \u5403\u543c\u9738\u7684\u53cd\u5f3a\u5316\u7269\u8bed|30\/100 slp\n|cant|p2a: \u5403\u543c\u9738\u7684\u53cd\u5f3a\u5316\u7269\u8bed|slp\n|move|p2a: \u5403\u543c\u9738\u7684\u53cd\u5f3a\u5316\u7269\u8bed|Sleep Talk|p2a: \u5403\u543c\u9738\u7684\u53cd\u5f3a\u5316\u7269\u8bed\n|move|p2a: \u5403\u543c\u9738\u7684\u53cd\u5f3a\u5316\u7269\u8bed|Curse|p2a: \u5403\u543c\u9738\u7684\u53cd\u5f3a\u5316\u7269\u8bed|[from]move: Sleep Talk\n|-unboost|p2a: \u5403\u543c\u9738\u7684\u53cd\u5f3a\u5316\u7269\u8bed|spe|1\n|-boost|p2a: \u5403\u543c\u9738\u7684\u53cd\u5f3a\u5316\u7269\u8bed|atk|1\n|-boost|p2a: \u5403\u543c\u9738\u7684\u53cd\u5f3a\u5316\u7269\u8bed|def|1\n|\n|-heal|p2a: \u5403\u543c\u9738\u7684\u53cd\u5f3a\u5316\u7269\u8bed|36\/100 slp|[from] item: Leftovers\n|upkeep\n|turn|107\n|c| santabarata|\u5443\u554act\u4e86\n|\n|t:|1700959562\n|move|p1a: Azumarill|Play Rough|p2a: \u5403\u543c\u9738\u7684\u53cd\u5f3a\u5316\u7269\u8bed\n|-damage|p2a: \u5403\u543c\u9738\u7684\u53cd\u5f3a\u5316\u7269\u8bed|18\/100 slp\n|cant|p2a: \u5403\u543c\u9738\u7684\u53cd\u5f3a\u5316\u7269\u8bed|slp\n|\n|-heal|p2a: \u5403\u543c\u9738\u7684\u53cd\u5f3a\u5316\u7269\u8bed|24\/100 slp|[from] item: Leftovers\n|upkeep\n|turn|108\n|\n|t:|1700959571\n|move|p1a: Azumarill|Play Rough|p2a: \u5403\u543c\u9738\u7684\u53cd\u5f3a\u5316\u7269\u8bed\n|-damage|p2a: \u5403\u543c\u9738\u7684\u53cd\u5f3a\u5316\u7269\u8bed|8\/100 slp\n|-curestatus|p2a: \u5403\u543c\u9738\u7684\u53cd\u5f3a\u5316\u7269\u8bed|slp|[msg]\n|move|p2a: \u5403\u543c\u9738\u7684\u53cd\u5f3a\u5316\u7269\u8bed|Rest|p2a: \u5403\u543c\u9738\u7684\u53cd\u5f3a\u5316\u7269\u8bed\n|-status|p2a: \u5403\u543c\u9738\u7684\u53cd\u5f3a\u5316\u7269\u8bed|slp|[from] move: Rest\n|-heal|p2a: \u5403\u543c\u9738\u7684\u53cd\u5f3a\u5316\u7269\u8bed|100\/100 slp|[silent]\n|\n|upkeep\n|turn|109\n|c| santabarata|\u597d\uff0c\u56de\u4e0a\u6765\u4e86\n|inactive|Rodomaestre has 60 seconds left.\n|\n|t:|1700959581\n|move|p1a: Azumarill|Knock Off|p2a: \u5403\u543c\u9738\u7684\u53cd\u5f3a\u5316\u7269\u8bed\n|-damage|p2a: \u5403\u543c\u9738\u7684\u53cd\u5f3a\u5316\u7269\u8bed|88\/100 slp\n|-enditem|p2a: \u5403\u543c\u9738\u7684\u53cd\u5f3a\u5316\u7269\u8bed|Leftovers|[from] move: Knock Off|[of] p1a: Azumarill\n|cant|p2a: \u5403\u543c\u9738\u7684\u53cd\u5f3a\u5316\u7269\u8bed|slp\n|move|p2a: \u5403\u543c\u9738\u7684\u53cd\u5f3a\u5316\u7269\u8bed|Sleep Talk|p2a: \u5403\u543c\u9738\u7684\u53cd\u5f3a\u5316\u7269\u8bed\n|move|p2a: \u5403\u543c\u9738\u7684\u53cd\u5f3a\u5316\u7269\u8bed|Wave Crash|p1a: Azumarill|[from]move: Sleep Talk\n|-resisted|p1a: Azumarill\n|-damage|p1a: Azumarill|69\/100\n|-damage|p2a: \u5403\u543c\u9738\u7684\u53cd\u5f3a\u5316\u7269\u8bed|79\/100 slp|[from] Recoil\n|\n|-heal|p1a: Azumarill|75\/100|[from] item: Leftovers\n|upkeep\n|turn|110\n|inactive|Rodomaestre has 60 seconds left.\n|\n|t:|1700959596\n|move|p1a: Azumarill|Play Rough|p2a: \u5403\u543c\u9738\u7684\u53cd\u5f3a\u5316\u7269\u8bed\n|-damage|p2a: \u5403\u543c\u9738\u7684\u53cd\u5f3a\u5316\u7269\u8bed|61\/100 slp\n|cant|p2a: \u5403\u543c\u9738\u7684\u53cd\u5f3a\u5316\u7269\u8bed|slp\n|move|p2a: \u5403\u543c\u9738\u7684\u53cd\u5f3a\u5316\u7269\u8bed|Sleep Talk|p2a: \u5403\u543c\u9738\u7684\u53cd\u5f3a\u5316\u7269\u8bed\n|move|p2a: \u5403\u543c\u9738\u7684\u53cd\u5f3a\u5316\u7269\u8bed|Wave Crash|p1a: Azumarill|[from]move: Sleep Talk\n|-resisted|p1a: Azumarill\n|-damage|p1a: Azumarill|41\/100\n|-damage|p2a: \u5403\u543c\u9738\u7684\u53cd\u5f3a\u5316\u7269\u8bed|52\/100 slp|[from] Recoil\n|\n|-heal|p1a: Azumarill|47\/100|[from] item: Leftovers\n|upkeep\n|turn|111\n|l| santabarata\n|\n|t:|1700959611\n|switch|p1a: Ferrothorn|Ferrothorn, M, tera:Grass|94\/100 brn\n|-curestatus|p2a: \u5403\u543c\u9738\u7684\u53cd\u5f3a\u5316\u7269\u8bed|slp|[msg]\n|move|p2a: \u5403\u543c\u9738\u7684\u53cd\u5f3a\u5316\u7269\u8bed|Curse|p2a: \u5403\u543c\u9738\u7684\u53cd\u5f3a\u5316\u7269\u8bed\n|-unboost|p2a: \u5403\u543c\u9738\u7684\u53cd\u5f3a\u5316\u7269\u8bed|spe|1\n|-boost|p2a: \u5403\u543c\u9738\u7684\u53cd\u5f3a\u5316\u7269\u8bed|atk|1\n|-boost|p2a: \u5403\u543c\u9738\u7684\u53cd\u5f3a\u5316\u7269\u8bed|def|1\n|\n|-heal|p1a: Ferrothorn|100\/100 brn|[from] item: Leftovers\n|-damage|p1a: Ferrothorn|94\/100 brn|[from] brn\n|upkeep\n|turn|112\n|\n|t:|1700959626\n|switch|p2a: \u6635\u79f0\u6211\u4e0d\u4f1a\u8d77\u5440|Gliscor, F|95\/100 tox\n|move|p1a: Ferrothorn|Gyro Ball|p2a: \u6635\u79f0\u6211\u4e0d\u4f1a\u8d77\u5440\n|-damage|p2a: \u6635\u79f0\u6211\u4e0d\u4f1a\u8d77\u5440|79\/100 tox\n|\n|-heal|p1a: Ferrothorn|100\/100 brn|[from] item: Leftovers\n|-heal|p2a: \u6635\u79f0\u6211\u4e0d\u4f1a\u8d77\u5440|92\/100 tox|[from] ability: Poison Heal\n|-damage|p1a: Ferrothorn|94\/100 brn|[from] brn\n|upkeep\n|turn|113\n|\n|t:|1700959638\n|switch|p1a: Togekiss|Togekiss, M|12\/100 tox\n|move|p2a: \u6635\u79f0\u6211\u4e0d\u4f1a\u8d77\u5440|Defog|p1a: Togekiss\n|-unboost|p1a: Togekiss|evasion|1\n|-sideend|p2: Serena1111|Spikes|[from] move: Defog|[of] p2a: \u6635\u79f0\u6211\u4e0d\u4f1a\u8d77\u5440\n|\n|-heal|p1a: Togekiss|18\/100 tox|[from] item: Leftovers\n|-heal|p2a: \u6635\u79f0\u6211\u4e0d\u4f1a\u8d77\u5440|100\/100 tox|[from] ability: Poison Heal\n|-damage|p1a: Togekiss|12\/100 tox|[from] psn\n|upkeep\n|turn|114\n|inactive|Rodomaestre has 30 seconds left.\n|\n|t:|1700959651\n|switch|p2a: \u6e05\u6f88\u7684\u53cc\u773c \u53ef\u7231\u7684\u8138\u5e9e|Chansey, F|53\/100\n|move|p1a: Togekiss|Aura Sphere|p2a: \u6e05\u6f88\u7684\u53cc\u773c \u53ef\u7231\u7684\u8138\u5e9e\n|-supereffective|p2a: \u6e05\u6f88\u7684\u53cc\u773c \u53ef\u7231\u7684\u8138\u5e9e\n|-damage|p2a: \u6e05\u6f88\u7684\u53cc\u773c \u53ef\u7231\u7684\u8138\u5e9e|36\/100\n|\n|-heal|p1a: Togekiss|18\/100 tox|[from] item: Leftovers\n|-damage|p1a: Togekiss|6\/100 tox|[from] psn\n|upkeep\n|turn|115\n|inactive|Rodomaestre has 30 seconds left.\n|\n|t:|1700959663\n|move|p1a: Togekiss|Roost|p1a: Togekiss\n|-heal|p1a: Togekiss|56\/100 tox\n|-singleturn|p1a: Togekiss|move: Roost\n|move|p2a: \u6e05\u6f88\u7684\u53cc\u773c \u53ef\u7231\u7684\u8138\u5e9e|Soft-Boiled|p2a: \u6e05\u6f88\u7684\u53cc\u773c \u53ef\u7231\u7684\u8138\u5e9e\n|-heal|p2a: \u6e05\u6f88\u7684\u53cc\u773c \u53ef\u7231\u7684\u8138\u5e9e|86\/100\n|\n|-heal|p1a: Togekiss|62\/100 tox|[from] item: Leftovers\n|-damage|p1a: Togekiss|43\/100 tox|[from] psn\n|upkeep\n|turn|116\n|inactive|Rodomaestre has 30 seconds left this turn.\n|inactive|Rodomaestre has 20 seconds left.\n|inactive|Serena1111 has 120 seconds left.\n|\n|t:|1700959674\n|switch|p2a: \u6635\u79f0\u6211\u4e0d\u4f1a\u8d77\u5440|Gliscor, F|100\/100 tox\n|move|p1a: Togekiss|Air Slash|p2a: \u6635\u79f0\u6211\u4e0d\u4f1a\u8d77\u5440\n|-damage|p2a: \u6635\u79f0\u6211\u4e0d\u4f1a\u8d77\u5440|51\/100 tox\n|\n|-heal|p1a: Togekiss|49\/100 tox|[from] item: Leftovers\n|-heal|p2a: \u6635\u79f0\u6211\u4e0d\u4f1a\u8d77\u5440|64\/100 tox|[from] ability: Poison Heal\n|-damage|p1a: Togekiss|25\/100 tox|[from] psn\n|upkeep\n|turn|117\n|inactive|Rodomaestre has 25 seconds left this turn.\n|inactive|Rodomaestre has 20 seconds left.\n|inactive|Serena1111 has 120 seconds left.\n|inactive|Rodomaestre has 15 seconds left.\n|\n|t:|1700959685\n|switch|p2a: \u6e05\u6f88\u7684\u53cc\u773c \u53ef\u7231\u7684\u8138\u5e9e|Chansey, F|86\/100\n|move|p1a: Togekiss|Roost|p1a: Togekiss\n|-heal|p1a: Togekiss|75\/100 tox\n|-singleturn|p1a: Togekiss|move: Roost\n|\n|-heal|p1a: Togekiss|81\/100 tox|[from] item: Leftovers\n|-damage|p1a: Togekiss|50\/100 tox|[from] psn\n|upkeep\n|turn|118\n|inactive|Rodomaestre has 20 seconds left this turn.\n|inactive|Rodomaestre has 15 seconds left.\n|inactive|Serena1111 has 120 seconds left.\n|inactive|Rodomaestre has 10 seconds left.\n|\n|t:|1700959696\n|move|p1a: Togekiss|Air Slash|p2a: \u6e05\u6f88\u7684\u53cc\u773c \u53ef\u7231\u7684\u8138\u5e9e\n|-damage|p2a: \u6e05\u6f88\u7684\u53cc\u773c \u53ef\u7231\u7684\u8138\u5e9e|73\/100\n|cant|p2a: \u6e05\u6f88\u7684\u53cc\u773c \u53ef\u7231\u7684\u8138\u5e9e|flinch\n|\n|-heal|p1a: Togekiss|56\/100 tox|[from] item: Leftovers\n|-damage|p1a: Togekiss|19\/100 tox|[from] psn\n|upkeep\n|turn|119\n|inactive|Rodomaestre has 15 seconds left this turn.\n|inactive|Rodomaestre has 10 seconds left.\n|inactive|Serena1111 has 120 seconds left.\n|\n|t:|1700959706\n|move|p1a: Togekiss|Roost|p1a: Togekiss\n|-heal|p1a: Togekiss|69\/100 tox\n|-singleturn|p1a: Togekiss|move: Roost\n|move|p2a: \u6e05\u6f88\u7684\u53cc\u773c \u53ef\u7231\u7684\u8138\u5e9e|Seismic Toss|p1a: Togekiss\n|-damage|p1a: Togekiss|43\/100 tox\n|\n|-heal|p1a: Togekiss|49\/100 tox|[from] item: Leftovers\n|-damage|p1a: Togekiss|6\/100 tox|[from] psn\n|upkeep\n|turn|120\n|inactive|Rodomaestre has 15 seconds left this turn.\n|inactive|Rodomaestre has 10 seconds left.\n|inactive|Rodomaestre has 5 seconds left.\n|\n|t:|1700959717\n|move|p1a: Togekiss|Roost|p1a: Togekiss\n|-heal|p1a: Togekiss|56\/100 tox\n|-singleturn|p1a: Togekiss|move: Roost\n|move|p2a: \u6e05\u6f88\u7684\u53cc\u773c \u53ef\u7231\u7684\u8138\u5e9e|Seismic Toss|p1a: Togekiss\n|-damage|p1a: Togekiss|29\/100 tox\n|\n|-heal|p1a: Togekiss|35\/100 tox|[from] item: Leftovers\n|-damage|p1a: Togekiss|0 fnt|[from] psn\n|faint|p1a: Togekiss\n|upkeep\n|inactive|Rodomaestre has 10 seconds left this turn.\n|inactive|Rodomaestre has 5 seconds left.\n|-message|Rodomaestre lost due to inactivity.\n|\n|win|Serena1111\n|raw|Rodomaestre's rating: 1102 &rarr; <strong>1081<\/strong><br \/>(-21 for losing)\n|raw|Serena1111's rating: 1160 &rarr; <strong>1181<\/strong><br \/>(+21 for winning)\n|l|\u2606Rodomaestre\n|l| qazserfvgyujnko\n","uploadtime":1700959752,"views":3,"p1id":"rodomaestre","p2id":"serena1111","formatid":"gen9nationaldex","rating":1081,"private":0,"password":""}