{"id":"gen9nationaldex-1995556768","p1":"Void280","p2":"Martu2863","format":"[Gen 9] National Dex","log":"|html|<div class=\"broadcast-blue\"><strong>[Gen 9] National Dex is currently suspecting Sneasler! For information on how to participate check out the <a href=\"https:\/\/www.smogon.com\/forums\/threads\/sv-national-dex-suspect-8-just-dance.3731534\/\">suspect thread<\/a>.<\/strong><\/div>\n|j|\u2606Void280\n|j|\u2606Martu2863\n|t:|1700582615\n|gametype|singles\n|player|p1|Void280|cynthia-masters|\n|player|p2|Martu2863|cynthia-gen7|\n|teamsize|p1|6\n|teamsize|p2|6\n|gen|9\n|tier|[Gen 9] National Dex\n|rule|HP Percentage Mod: HP is shown in percentages\n|rule|Endless Battle Clause: Forcing endless battles is banned\n|rule|OHKO Clause: OHKO moves are banned\n|rule|Evasion Clause: Evasion abilities, items, and moves are banned\n|rule|Evasion Abilities Clause: Evasion abilities are banned\n|rule|Evasion Items Clause: Evasion items are banned\n|rule|Evasion Moves Clause: Evasion moves are banned\n|rule|Species Clause: Limit one of each Pok\u00e9mon\n|rule|Sleep Clause Mod: Limit one foe put to sleep\n|clearpoke\n|poke|p1|Great Tusk|\n|poke|p1|Ogerpon-Wellspring, F|\n|poke|p1|Lopunny, M|\n|poke|p1|Hydreigon, F|\n|poke|p1|Togekiss, F|\n|poke|p1|Goodra-Hisui, F|\n|poke|p2|Krookodile, M|\n|poke|p2|Moltres|\n|poke|p2|Tapu Fini|\n|poke|p2|Rillaboom, F|\n|poke|p2|Kartana|\n|poke|p2|Manectric, M|\n|teampreview\n|j| xCookieBallx\n|j| Sylveon(404)\n|j| Sai4rr\n|c| Sylveon(404)|martu ganaa\n|c| Sylveon(404)|por la patria\n|c| Sai4rr|Vaya equipo fumado\n|c| xCookieBallx|Que curioso que ambos avatares son Cynthia\n|c| Sai4rr|Ola jun\n|c| xCookieBallx|Wenas\n|c| Sai4rr|Wenas las tienes\n|c| Sai4rr|Bueno ya comiencen\n|c|\u2606Martu2863|Hola, aspirante. Has llegado muy lejos hasta mi sala de victoria, donde resguardo en mi preciado trono.\n|c|\u2606Martu2863|Veamos si pudiste con tus alas de acero poder cruzar el oc\u00e9ano para llegar a la pradera del otro lado.\n|c|\u2606Martu2863|Te deseo suerte.\n|c| Sylveon(404)|ojoo\n|c|\u2606Void280|Igualmente campeon. Suerte\n|\n|t:|1700582788\n|start\n|switch|p1a: Bless|Togekiss, F|100\/100\n|switch|p2a: Zen|Manectric, M|100\/100\n|turn|1\n|c| Sai4rr|Ojo\n|\n|t:|1700582821\n|switch|p2a: Fenix|Moltres|100\/100\n|switch|p1a: Sui|Goodra-Hisui, F|100\/100\n|\n|upkeep\n|turn|2\n|l| Sai4rr\n|j| Sai4rr\n|\n|t:|1700582856\n|switch|p2a: Tarzan|Rillaboom, F|100\/100\n|-fieldstart|move: Grassy Terrain|[from] ability: Grassy Surge|[of] p2a: Tarzan\n|move|p1a: Sui|Acid Armor|p1a: Sui\n|-boost|p1a: Sui|def|2\n|\n|upkeep\n|turn|3\n|\n|t:|1700582877\n|move|p2a: Tarzan|Superpower|p1a: Sui\n|-supereffective|p1a: Sui\n|-damage|p1a: Sui|40\/100\n|-unboost|p2a: Tarzan|atk|1\n|-unboost|p2a: Tarzan|def|1\n|-ability|p1a: Sui|Gooey\n|-unboost|p2a: Tarzan|spe|1\n|move|p1a: Sui|Body Press|p2a: Tarzan\n|-damage|p2a: Tarzan|39\/100\n|\n|-heal|p2a: Tarzan|45\/100|[from] Grassy Terrain\n|-heal|p1a: Sui|46\/100|[from] Grassy Terrain\n|-heal|p1a: Sui|52\/100|[from] item: Leftovers\n|upkeep\n|turn|4\n|c| Sai4rr|T\u00fa puedes Maxi\n|\n|t:|1700582897\n|move|p2a: Tarzan|Superpower|p1a: Sui\n|-supereffective|p1a: Sui\n|-damage|p1a: Sui|14\/100\n|-unboost|p2a: Tarzan|atk|1\n|-unboost|p2a: Tarzan|def|1\n|-ability|p1a: Sui|Gooey\n|-unboost|p2a: Tarzan|spe|1\n|move|p1a: Sui|Body Press|p2a: Tarzan\n|-damage|p2a: Tarzan|0 fnt\n|faint|p2a: Tarzan\n|\n|-heal|p1a: Sui|20\/100|[from] Grassy Terrain\n|-heal|p1a: Sui|26\/100|[from] item: Leftovers\n|upkeep\n|\n|t:|1700582903\n|switch|p2a: Gavial|Krookodile, M|100\/100\n|-ability|p2a: Gavial|Intimidate|boost\n|-unboost|p1a: Sui|atk|1\n|turn|5\n|\n|t:|1700582914\n|switch|p1a: Hydra|Hydreigon, F|100\/100\n|move|p2a: Gavial|Close Combat|p1a: Hydra\n|-supereffective|p1a: Hydra\n|-damage|p1a: Hydra|4\/100\n|-unboost|p2a: Gavial|def|1\n|-unboost|p2a: Gavial|spd|1\n|\n|upkeep\n|turn|6\n|\n|t:|1700582933\n|move|p2a: Gavial|Close Combat|p1a: Hydra\n|-supereffective|p1a: Hydra\n|-damage|p1a: Hydra|0 fnt\n|-unboost|p2a: Gavial|def|1\n|-unboost|p2a: Gavial|spd|1\n|faint|p1a: Hydra\n|\n|-fieldend|move: Grassy Terrain\n|upkeep\n|c| xCookieBallx|Oof\n|\n|t:|1700582958\n|switch|p1a: Yuna|Ogerpon-Wellspring, F|100\/100\n|turn|7\n|\n|t:|1700582997\n|-terastallize|p2a: Gavial|Fighting\n|move|p2a: Gavial|Close Combat|p1a: Yuna\n|-damage|p1a: Yuna|27\/100\n|-unboost|p2a: Gavial|def|1\n|-unboost|p2a: Gavial|spd|1\n|move|p1a: Yuna|Horn Leech|p2a: Gavial\n|-damage|p2a: Gavial|0 fnt\n|-heal|p1a: Yuna|83\/100|[from] drain|[of] p2a: Gavial\n|faint|p2a: Gavial\n|\n|upkeep\n|c| Sai4rr|Ojo\n|\n|t:|1700583020\n|switch|p2a: Zen|Manectric, M|100\/100\n|turn|8\n|\n|t:|1700583031\n|detailschange|p2a: Zen|Manectric-Mega, M\n|-mega|p2a: Zen|Manectric|Manectite\n|-ability|p2a: Zen|Intimidate|boost\n|-unboost|p1a: Yuna|atk|1\n|move|p2a: Zen|Flamethrower|p1a: Yuna\n|-damage|p1a: Yuna|47\/100\n|-status|p1a: Yuna|brn\n|move|p1a: Yuna|U-turn|p2a: Zen\n|-damage|p2a: Zen|87\/100\n|\n|t:|1700583040\n|switch|p1a: Kilo|Great Tusk|100\/100|[from] U-turn\n|\n|upkeep\n|turn|9\n|\n|t:|1700583055\n|switch|p2a: Fenix|Moltres|100\/100\n|move|p1a: Kilo|Knock Off|p2a: Fenix\n|-damage|p2a: Fenix|77\/100\n|-enditem|p2a: Fenix|Heavy-Duty Boots|[from] move: Knock Off|[of] p1a: Kilo\n|\n|upkeep\n|turn|10\n|\n|t:|1700583070\n|-end|p1a: Kilo|Protosynthesis|[silent]\n|switch|p1a: Sui|Goodra-Hisui, F|26\/100\n|move|p2a: Fenix|Will-O-Wisp|p1a: Sui\n|-status|p1a: Sui|brn\n|\n|-heal|p1a: Sui|32\/100 brn|[from] item: Leftovers\n|-damage|p1a: Sui|26\/100 brn|[from] brn\n|upkeep\n|turn|11\n|\n|t:|1700583080\n|switch|p2a: Kanaloa|Tapu Fini|100\/100\n|-fieldstart|move: Misty Terrain|[from] ability: Misty Surge|[of] p2a: Kanaloa\n|move|p1a: Sui|Draco Meteor|p2a: Kanaloa\n|-immune|p2a: Kanaloa\n|\n|-heal|p1a: Sui|32\/100 brn|[from] item: Leftovers\n|-damage|p1a: Sui|26\/100 brn|[from] brn\n|upkeep\n|turn|12\n|\n|t:|1700583090\n|move|p2a: Kanaloa|Calm Mind|p2a: Kanaloa\n|-boost|p2a: Kanaloa|spa|1\n|-boost|p2a: Kanaloa|spd|1\n|move|p1a: Sui|Ice Beam|p2a: Kanaloa\n|-resisted|p2a: Kanaloa\n|-damage|p2a: Kanaloa|95\/100\n|\n|-heal|p2a: Kanaloa|100\/100|[from] item: Leftovers\n|-heal|p1a: Sui|32\/100 brn|[from] item: Leftovers\n|-damage|p1a: Sui|26\/100 brn|[from] brn\n|upkeep\n|turn|13\n|c| Sai4rr|Ya vali\u00f3\n|\n|t:|1700583147\n|move|p2a: Kanaloa|Nature's Madness|p1a: Sui\n|-damage|p1a: Sui|13\/100 brn\n|move|p1a: Sui|Ice Beam|p2a: Kanaloa\n|-resisted|p2a: Kanaloa\n|-damage|p2a: Kanaloa|94\/100\n|\n|-heal|p2a: Kanaloa|100\/100|[from] item: Leftovers\n|-heal|p1a: Sui|19\/100 brn|[from] item: Leftovers\n|-damage|p1a: Sui|13\/100 brn|[from] brn\n|upkeep\n|turn|14\n|\n|t:|1700583183\n|switch|p1a: Yuna|Ogerpon-Wellspring, F|47\/100 brn\n|move|p2a: Kanaloa|Calm Mind|p2a: Kanaloa\n|-boost|p2a: Kanaloa|spa|1\n|-boost|p2a: Kanaloa|spd|1\n|\n|-damage|p1a: Yuna|41\/100 brn|[from] brn\n|upkeep\n|turn|15\n|\n|t:|1700583191\n|switch|p2a: Zen|Manectric-Mega, M|87\/100\n|-ability|p2a: Zen|Intimidate|boost\n|-unboost|p1a: Yuna|atk|1\n|move|p1a: Yuna|Horn Leech|p2a: Zen\n|-damage|p2a: Zen|63\/100\n|-heal|p1a: Yuna|52\/100 brn|[from] drain|[of] p2a: Zen\n|\n|-damage|p1a: Yuna|46\/100 brn|[from] brn\n|-fieldend|Misty Terrain\n|upkeep\n|turn|16\n|\n|t:|1700583224\n|move|p1a: Yuna|Spiky Shield|p1a: Yuna\n|-singleturn|p1a: Yuna|move: Protect\n|move|p2a: Zen|Thunderbolt|p1a: Yuna\n|-activate|p1a: Yuna|move: Protect\n|\n|-damage|p1a: Yuna|40\/100 brn|[from] brn\n|upkeep\n|turn|17\n|\n|t:|1700583254\n|switch|p1a: Sui|Goodra-Hisui, F|13\/100 brn\n|move|p2a: Zen|Hidden Power|p1a: Sui\n|-damage|p1a: Sui|0 fnt\n|faint|p1a: Sui\n|\n|upkeep\n|\n|t:|1700583260\n|switch|p1a: Kilo|Great Tusk|100\/100\n|turn|18\n|\n|t:|1700583287\n|switch|p2a: Fenix|Moltres|77\/100\n|-terastallize|p1a: Kilo|Steel\n|move|p1a: Kilo|Ice Spinner|p2a: Fenix\n|-damage|p2a: Fenix|55\/100\n|\n|upkeep\n|turn|19\n|\n|t:|1700583295\n|-end|p1a: Kilo|Protosynthesis|[silent]\n|switch|p1a: Yuna|Ogerpon-Wellspring, F|40\/100 brn\n|move|p2a: Fenix|Roost|p2a: Fenix\n|-heal|p2a: Fenix|100\/100\n|-singleturn|p2a: Fenix|move: Roost\n|\n|-damage|p1a: Yuna|34\/100 brn|[from] brn\n|upkeep\n|turn|20\n|\n|t:|1700583302\n|switch|p2a: Zen|Manectric-Mega, M|63\/100\n|-ability|p2a: Zen|Intimidate|boost\n|-unboost|p1a: Yuna|atk|1\n|move|p1a: Yuna|Ivy Cudgel|p2a: Zen|[anim] Ivy Cudgel Water\n|-damage|p2a: Zen|33\/100\n|\n|-damage|p1a: Yuna|28\/100 brn|[from] brn\n|upkeep\n|turn|21\n|\n|t:|1700583312\n|move|p2a: Zen|Volt Switch|p1a: Yuna\n|-damage|p1a: Yuna|0 fnt\n|faint|p1a: Yuna\n|l| Sylveon(404)\n|\n|t:|1700583328\n|switch|p2a: Fenix|Moltres|100\/100|[from] Volt Switch\n|\n|upkeep\n|\n|t:|1700583338\n|switch|p1a: Bless|Togekiss, F|100\/100\n|turn|22\n|\n|t:|1700583346\n|move|p1a: Bless|Air Slash|p2a: Fenix\n|-damage|p2a: Fenix|60\/100\n|cant|p2a: Fenix|flinch\n|\n|upkeep\n|turn|23\n|\n|t:|1700583352\n|switch|p2a: Kanaloa|Tapu Fini|100\/100\n|-fieldstart|move: Misty Terrain|[from] ability: Misty Surge|[of] p2a: Kanaloa\n|move|p1a: Bless|Air Slash|p2a: Kanaloa\n|-damage|p2a: Kanaloa|78\/100\n|\n|-heal|p2a: Kanaloa|84\/100|[from] item: Leftovers\n|upkeep\n|turn|24\n|c| Sai4rr|T\u00fa puedes maxi\n|j| Sylveon(404)\n|\n|t:|1700583374\n|switch|p1a: Kilo|Great Tusk, tera:Steel|100\/100\n|move|p2a: Kanaloa|Nature's Madness|p1a: Kilo\n|-damage|p1a: Kilo|51\/100\n|\n|-heal|p2a: Kanaloa|90\/100|[from] item: Leftovers\n|upkeep\n|turn|25\n|\n|t:|1700583432\n|switch|p2a: Fenix|Moltres|60\/100\n|move|p1a: Kilo|Knock Off|p2a: Fenix\n|-damage|p2a: Fenix|42\/100\n|\n|upkeep\n|turn|26\n|\n|t:|1700583446\n|-end|p1a: Kilo|Protosynthesis|[silent]\n|switch|p1a: Bless|Togekiss, F|100\/100\n|move|p2a: Fenix|Roost|p2a: Fenix\n|-heal|p2a: Fenix|92\/100\n|-singleturn|p2a: Fenix|move: Roost\n|\n|upkeep\n|turn|27\n|c| Sylveon(404)|martu gana\n|\n|t:|1700583464\n|move|p1a: Bless|Air Slash|p2a: Fenix|[miss]\n|-miss|p1a: Bless|p2a: Fenix\n|move|p2a: Fenix|Toxic|p1a: Bless\n|-status|p1a: Bless|tox\n|\n|-damage|p1a: Bless|94\/100 tox|[from] psn\n|-fieldend|Misty Terrain\n|upkeep\n|turn|28\n|\n|t:|1700583474\n|switch|p2a: Kanaloa|Tapu Fini|90\/100\n|-fieldstart|move: Misty Terrain|[from] ability: Misty Surge|[of] p2a: Kanaloa\n|move|p1a: Bless|Air Slash|p2a: Kanaloa\n|-damage|p2a: Kanaloa|66\/100\n|\n|-heal|p1a: Bless|100\/100 tox|[from] item: Leftovers\n|-heal|p2a: Kanaloa|73\/100|[from] item: Leftovers\n|-damage|p1a: Bless|88\/100 tox|[from] psn\n|upkeep\n|turn|29\n|\n|t:|1700583489\n|move|p1a: Bless|Air Slash|p2a: Kanaloa\n|-damage|p2a: Kanaloa|52\/100\n|cant|p2a: Kanaloa|flinch\n|\n|-heal|p1a: Bless|94\/100 tox|[from] item: Leftovers\n|-heal|p2a: Kanaloa|58\/100|[from] item: Leftovers\n|-damage|p1a: Bless|76\/100 tox|[from] psn\n|upkeep\n|turn|30\n|\n|t:|1700583502\n|move|p1a: Bless|Air Slash|p2a: Kanaloa\n|-damage|p2a: Kanaloa|36\/100\n|cant|p2a: Kanaloa|flinch\n|\n|-heal|p1a: Bless|82\/100 tox|[from] item: Leftovers\n|-heal|p2a: Kanaloa|42\/100|[from] item: Leftovers\n|-damage|p1a: Bless|58\/100 tox|[from] psn\n|upkeep\n|turn|31\n|\n|t:|1700583517\n|move|p1a: Bless|Air Slash|p2a: Kanaloa\n|-damage|p2a: Kanaloa|21\/100\n|cant|p2a: Kanaloa|flinch\n|\n|-heal|p1a: Bless|64\/100 tox|[from] item: Leftovers\n|-heal|p2a: Kanaloa|27\/100|[from] item: Leftovers\n|-damage|p1a: Bless|33\/100 tox|[from] psn\n|upkeep\n|turn|32\n|c| Sylveon(404)|martu q no se muera la tapu fini\n|\n|t:|1700583531\n|move|p1a: Bless|Air Slash|p2a: Kanaloa\n|-damage|p2a: Kanaloa|6\/100\n|cant|p2a: Kanaloa|flinch\n|\n|-heal|p1a: Bless|39\/100 tox|[from] item: Leftovers\n|-heal|p2a: Kanaloa|12\/100|[from] item: Leftovers\n|-damage|p1a: Bless|3\/100 tox|[from] psn\n|-fieldend|Misty Terrain\n|upkeep\n|turn|33\n|c| Sai4rr|Ojo\n|\n|t:|1700583548\n|move|p1a: Bless|Air Slash|p2a: Kanaloa\n|-damage|p2a: Kanaloa|0 fnt\n|faint|p2a: Kanaloa\n|\n|-heal|p1a: Bless|9\/100 tox|[from] item: Leftovers\n|-damage|p1a: Bless|0 fnt|[from] psn\n|faint|p1a: Bless\n|upkeep\n|\n|t:|1700583560\n|switch|p1a: Ansel|Lopunny, M, shiny|100\/100\n|switch|p2a: Fenix|Moltres|92\/100\n|turn|34\n|\n|t:|1700583565\n|detailschange|p1a: Ansel|Lopunny-Mega, M, shiny\n|-mega|p1a: Ansel|Lopunny|Lopunnite\n|move|p1a: Ansel|Fake Out|p2a: Fenix\n|-damage|p2a: Fenix|77\/100\n|cant|p2a: Fenix|flinch\n|\n|upkeep\n|turn|35\n|\n|t:|1700583579\n|switch|p2a: Zen|Manectric-Mega, M|33\/100\n|-ability|p2a: Zen|Intimidate|boost\n|-fail|p1a: Ansel|unboost|Attack|[from] ability: Scrappy|[of] p1a: Ansel\n|move|p1a: Ansel|Thunder Punch|p2a: Zen\n|-resisted|p2a: Zen\n|-damage|p2a: Zen|13\/100\n|\n|upkeep\n|turn|36\n|\n|t:|1700583588\n|move|p2a: Zen|Volt Switch|p1a: Ansel\n|-damage|p1a: Ansel|50\/100\n|\n|t:|1700583591\n|switch|p2a: Fenix|Moltres|77\/100|[from] Volt Switch\n|move|p1a: Ansel|Thunder Punch|p2a: Fenix\n|-supereffective|p2a: Fenix\n|-damage|p2a: Fenix|42\/100\n|\n|upkeep\n|turn|37\n|\n|t:|1700583600\n|move|p1a: Ansel|Thunder Punch|p2a: Fenix\n|-supereffective|p2a: Fenix\n|-damage|p2a: Fenix|5\/100\n|move|p2a: Fenix|Roost|p2a: Fenix\n|-heal|p2a: Fenix|55\/100\n|-singleturn|p2a: Fenix|move: Roost\n|\n|upkeep\n|turn|38\n|\n|t:|1700583609\n|move|p1a: Ansel|Thunder Punch|p2a: Fenix\n|-supereffective|p2a: Fenix\n|-damage|p2a: Fenix|18\/100\n|move|p2a: Fenix|Roost|p2a: Fenix\n|-heal|p2a: Fenix|68\/100\n|-singleturn|p2a: Fenix|move: Roost\n|\n|upkeep\n|turn|39\n|c|\u2606Martu2863|Flame body?(\n|\n|t:|1700583619\n|move|p1a: Ansel|Thunder Punch|p2a: Fenix\n|-supereffective|p2a: Fenix\n|-damage|p2a: Fenix|33\/100\n|move|p2a: Fenix|Roost|p2a: Fenix\n|-heal|p2a: Fenix|83\/100\n|-singleturn|p2a: Fenix|move: Roost\n|\n|upkeep\n|turn|40\n|l| xCookieBallx\n|c| Sylveon(404)|XD\n|\n|t:|1700583627\n|move|p1a: Ansel|Thunder Punch|p2a: Fenix\n|-supereffective|p2a: Fenix\n|-damage|p2a: Fenix|45\/100\n|-status|p1a: Ansel|brn|[from] ability: Flame Body|[of] p2a: Fenix\n|move|p2a: Fenix|Will-O-Wisp|p1a: Ansel\n|-fail|p1a: Ansel|brn\n|\n|-damage|p1a: Ansel|44\/100 brn|[from] brn\n|upkeep\n|turn|41\n|c| Sylveon(404)|XDDD\n|\n|t:|1700583636\n|move|p1a: Ansel|Thunder Punch|p2a: Fenix\n|-supereffective|p2a: Fenix\n|-damage|p2a: Fenix|27\/100\n|move|p2a: Fenix|Roost|p2a: Fenix\n|-heal|p2a: Fenix|77\/100\n|-singleturn|p2a: Fenix|move: Roost\n|\n|-damage|p1a: Ansel|38\/100 brn|[from] brn\n|upkeep\n|turn|42\n|c|\u2606Martu2863|EPico\n|j| xCookieBallx\n|c| Sylveon(404)|nada GG gana martu\n|\n|t:|1700583653\n|switch|p2a: Kami|Kartana|100\/100\n|move|p1a: Ansel|Thunder Punch|p2a: Kami\n|-resisted|p2a: Kami\n|-damage|p2a: Kami|94\/100\n|\n|-damage|p1a: Ansel|32\/100 brn|[from] brn\n|upkeep\n|turn|43\n|c| Sai4rr|Sigue golpeandolo\n|c| Sai4rr|Se le va a acabar el recover\n|\n|t:|1700583664\n|move|p1a: Ansel|Close Combat|p2a: Kami\n|-supereffective|p2a: Kami\n|-damage|p2a: Kami|21\/100\n|-unboost|p1a: Ansel|def|1\n|-unboost|p1a: Ansel|spd|1\n|-zpower|p2a: Kami\n|move|p2a: Kami|Corkscrew Crash|p1a: Ansel|[zeffect]\n|-damage|p1a: Ansel|0 fnt\n|faint|p1a: Ansel\n|-ability|p2a: Kami|Beast Boost|boost\n|-boost|p2a: Kami|atk|1\n|\n|upkeep\n|c| Sylveon(404)|es roost\n|c| Sylveon(404)|no recover\n|\n|t:|1700583676\n|switch|p1a: Kilo|Great Tusk, tera:Steel|51\/100\n|turn|44\n|c| Sai4rr|Casi lo mismo\n|\n|t:|1700583691\n|move|p1a: Kilo|Close Combat|p2a: Kami\n|-supereffective|p2a: Kami\n|-damage|p2a: Kami|0 fnt\n|-unboost|p1a: Kilo|def|1\n|-unboost|p1a: Kilo|spd|1\n|faint|p2a: Kami\n|\n|upkeep\n|\n|t:|1700583695\n|switch|p2a: Fenix|Moltres|77\/100\n|turn|45\n|c| Sylveon(404)|no\n|\n|t:|1700583698\n|move|p1a: Kilo|Close Combat|p2a: Fenix\n|-resisted|p2a: Fenix\n|-damage|p2a: Fenix|52\/100\n|-unboost|p1a: Kilo|def|1\n|-unboost|p1a: Kilo|spd|1\n|move|p2a: Fenix|Roost|p2a: Fenix\n|-heal|p2a: Fenix|100\/100\n|-singleturn|p2a: Fenix|move: Roost\n|\n|upkeep\n|turn|46\n|c|\u2606Void280|gg\n|c| Sai4rr|Ya vali\u00f3\n|\n|t:|1700583707\n|move|p1a: Kilo|Close Combat|p2a: Fenix\n|-resisted|p2a: Fenix\n|-damage|p2a: Fenix|75\/100\n|-unboost|p1a: Kilo|def|1\n|-unboost|p1a: Kilo|spd|1\n|move|p2a: Fenix|Will-O-Wisp|p1a: Kilo|[miss]\n|-miss|p2a: Fenix|p1a: Kilo\n|\n|upkeep\n|turn|47\n|\n|t:|1700583716\n|move|p1a: Kilo|Close Combat|p2a: Fenix\n|-resisted|p2a: Fenix\n|-damage|p2a: Fenix|50\/100\n|-unboost|p1a: Kilo|def|1\n|-unboost|p1a: Kilo|spd|1\n|move|p2a: Fenix|Flamethrower|p1a: Kilo\n|-supereffective|p1a: Kilo\n|-damage|p1a: Kilo|0 fnt\n|faint|p1a: Kilo\n|-end|p1a: Kilo|Protosynthesis|[silent]\n|\n|win|Martu2863\n|c|\u2606Martu2863|Gg\n|c|\u2606Void280|Buen combate\n|c| Sai4rr|Gg\n|c|\u2606Martu2863|Igualmente\n|l| Sylveon(404)\n|l| Sai4rr\n","uploadtime":1700583733,"views":10,"p1id":"void280","p2id":"martu2863","formatid":"gen9nationaldex","rating":0,"private":0,"password":""}