{"id":"gen9nationaldex-1991861398","p1":"mtyqjltz5","p2":"Kuro_xq","format":"[Gen 9] National Dex","log":"|j|\u2606mtyqjltz5\n|j|\u2606Kuro_xq\n|t:|1700129980\n|gametype|singles\n|player|p1|mtyqjltz5|elesa|1398\n|player|p2|Kuro_xq|giovanni|1431\n|teamsize|p1|6\n|teamsize|p2|6\n|gen|9\n|tier|[Gen 9] National Dex\n|rated|\n|rule|HP Percentage Mod: HP is shown in percentages\n|rule|Endless Battle Clause: Forcing endless battles is banned\n|rule|OHKO Clause: OHKO moves are banned\n|rule|Evasion Clause: Evasion abilities, items, and moves are banned\n|rule|Evasion Abilities Clause: Evasion abilities are banned\n|rule|Evasion Items Clause: Evasion items are banned\n|rule|Evasion Moves Clause: Evasion moves are banned\n|rule|Species Clause: Limit one of each Pok\u00e9mon\n|rule|Sleep Clause Mod: Limit one foe put to sleep\n|clearpoke\n|poke|p1|Pidgeot, M|\n|poke|p1|Sandy Shocks|\n|poke|p1|Rillaboom, M|\n|poke|p1|Weezing-Galar, M|\n|poke|p1|Heatran, F|\n|poke|p1|Greninja-*, M|\n|poke|p2|Beedrill, F|\n|poke|p2|Skarmory, M|\n|poke|p2|Ogerpon, F|\n|poke|p2|Landorus-Therian, M|\n|poke|p2|Tapu Lele|\n|poke|p2|Ditto|\n|teampreview\n|inactive|Battle timer is ON: inactive players will automatically lose when time's up. (requested by mtyqjltz5)\n|\n|t:|1700130004\n|start\n|switch|p1a: Weezing|Weezing-Galar, M|100\/100\n|switch|p2a: Beedrill|Beedrill, F|100\/100\n|turn|1\n|\n|t:|1700130013\n|detailschange|p2a: Beedrill|Beedrill-Mega, F\n|-mega|p2a: Beedrill|Beedrill|Beedrillite\n|move|p2a: Beedrill|U-turn|p1a: Weezing\n|-resisted|p1a: Weezing\n|-damage|p1a: Weezing|92\/100\n|\n|t:|1700130017\n|switch|p2a: Ditto|Ditto|100\/100|[from] U-turn\n|-transform|p2a: Ditto|p1a: Weezing|[from] ability: Imposter\n|move|p1a: Weezing|Will-O-Wisp|p2a: Ditto\n|-status|p2a: Ditto|brn\n|\n|-heal|p1a: Weezing|98\/100|[from] item: Leftovers\n|-damage|p2a: Ditto|94\/100 brn|[from] brn\n|upkeep\n|turn|2\n|\n|t:|1700130033\n|switch|p1a: Heatran|Heatran, F|100\/100\n|move|p2a: Ditto|Will-O-Wisp|p1a: Heatran\n|-start|p1a: Heatran|ability: Flash Fire\n|\n|-damage|p2a: Ditto|88\/100 brn|[from] brn\n|upkeep\n|turn|3\n|\n|t:|1700130040\n|switch|p2a: Landorus|Landorus-Therian, M|100\/100\n|-ability|p2a: Landorus|Intimidate|boost\n|-unboost|p1a: Heatran|atk|1\n|move|p1a: Heatran|Magma Storm|p2a: Landorus|[miss]\n|-miss|p1a: Heatran|p2a: Landorus\n|\n|upkeep\n|turn|4\n|\n|t:|1700130046\n|-end|p1a: Heatran|ability: Flash Fire|[silent]\n|switch|p1a: Rillaboom|Rillaboom, M|100\/100\n|-fieldstart|move: Grassy Terrain|[from] ability: Grassy Surge|[of] p1a: Rillaboom\n|move|p2a: Landorus|Earthquake|p1a: Rillaboom\n|-resisted|p1a: Rillaboom\n|-damage|p1a: Rillaboom|85\/100\n|\n|-heal|p1a: Rillaboom|91\/100|[from] Grassy Terrain\n|upkeep\n|turn|5\n|\n|t:|1700130058\n|switch|p2a: Skarmory|Skarmory, M|100\/100\n|move|p1a: Rillaboom|Knock Off|p2a: Skarmory\n|-damage|p2a: Skarmory|70\/100\n|-damage|p1a: Rillaboom|75\/100|[from] item: Rocky Helmet|[of] p2a: Skarmory\n|-enditem|p2a: Skarmory|Rocky Helmet|[from] move: Knock Off|[of] p1a: Rillaboom\n|\n|-heal|p1a: Rillaboom|81\/100|[from] Grassy Terrain\n|upkeep\n|turn|6\n|l|\u2606mtyqjltz5\n|inactive|mtyqjltz5 disconnected and has a minute to reconnect!\n|player|p1|\n|j|\u2606mtyqjltz5\n|inactive|mtyqjltz5 reconnected and has 115 seconds left.\n|player|p1|mtyqjltz5|elesa\n|\n|t:|1700130108\n|switch|p1a: Sandy Shocks|Sandy Shocks|100\/100\n|move|p2a: Skarmory|Stealth Rock|p1a: Sandy Shocks\n|-sidestart|p1: mtyqjltz5|move: Stealth Rock\n|\n|upkeep\n|turn|7\n|\n|t:|1700130116\n|switch|p2a: Landorus|Landorus-Therian, M|100\/100\n|-ability|p2a: Landorus|Intimidate|boost\n|-unboost|p1a: Sandy Shocks|atk|1\n|-terastallize|p1a: Sandy Shocks|Ice\n|move|p1a: Sandy Shocks|Tera Blast|p2a: Landorus|[anim] Tera Blast Ice\n|-supereffective|p2a: Landorus\n|-damage|p2a: Landorus|0 fnt\n|faint|p2a: Landorus\n|\n|upkeep\n|\n|t:|1700130126\n|switch|p2a: Beedrill|Beedrill-Mega, F|100\/100\n|turn|8\n|inactive|mtyqjltz5 has 120 seconds left.\n|\n|t:|1700130136\n|-end|p1a: Sandy Shocks|Protosynthesis|[silent]\n|switch|p1a: Weezing|Weezing-Galar, M|98\/100\n|-damage|p1a: Weezing|86\/100|[from] Stealth Rock\n|move|p2a: Beedrill|U-turn|p1a: Weezing\n|-resisted|p1a: Weezing\n|-damage|p1a: Weezing|77\/100\n|\n|t:|1700130148\n|switch|p2a: Tapu Lele|Tapu Lele|100\/100|[from] U-turn\n|-fieldstart|move: Psychic Terrain|[from] ability: Psychic Surge|[of] p2a: Tapu Lele\n|\n|-heal|p1a: Weezing|83\/100|[from] item: Leftovers\n|upkeep\n|turn|9\n|\n|t:|1700130155\n|switch|p1a: Heatran|Heatran, F|100\/100\n|-damage|p1a: Heatran|88\/100|[from] Stealth Rock\n|move|p2a: Tapu Lele|Moonblast|p1a: Heatran\n|-resisted|p1a: Heatran\n|-damage|p1a: Heatran|78\/100\n|-unboost|p1a: Heatran|spa|1\n|-damage|p2a: Tapu Lele|91\/100|[from] item: Life Orb\n|\n|-heal|p1a: Heatran|84\/100|[from] item: Leftovers\n|upkeep\n|turn|10\n|\n|t:|1700130168\n|move|p2a: Tapu Lele|Focus Blast|p1a: Heatran\n|-supereffective|p1a: Heatran\n|-damage|p1a: Heatran|22\/100\n|-damage|p2a: Tapu Lele|81\/100|[from] item: Life Orb\n|move|p1a: Heatran|Stealth Rock|p2a: Tapu Lele\n|-sidestart|p2: Kuro_xq|move: Stealth Rock\n|\n|-heal|p1a: Heatran|28\/100|[from] item: Leftovers\n|upkeep\n|turn|11\n|inactive|mtyqjltz5 has 120 seconds left.\n|\n|t:|1700130188\n|move|p2a: Tapu Lele|Psychic|p1a: Heatran\n|-resisted|p1a: Heatran\n|-crit|p1a: Heatran\n|-damage|p1a: Heatran|0 fnt\n|faint|p1a: Heatran\n|-damage|p2a: Tapu Lele|71\/100|[from] item: Life Orb\n|\n|upkeep\n|inactive|mtyqjltz5 has 120 seconds left.\n|\n|t:|1700130211\n|switch|p1a: Greninja|Greninja, M|100\/100\n|-damage|p1a: Greninja|88\/100|[from] Stealth Rock\n|turn|12\n|\n|t:|1700130231\n|-zpower|p1a: Greninja\n|move|p1a: Greninja|Hydro Vortex|p2a: Tapu Lele|[zeffect]\n|-damage|p2a: Tapu Lele|0 fnt\n|faint|p2a: Tapu Lele\n|-ability|p1a: Greninja|Battle Bond|boost\n|-boost|p1a: Greninja|atk|1\n|-boost|p1a: Greninja|spa|1\n|-boost|p1a: Greninja|spe|1\n|-activate|p1a: Greninja|ability: Battle Bond\n|\n|-fieldend|move: Psychic Terrain\n|upkeep\n|\n|t:|1700130244\n|switch|p2a: Ditto|Ditto|88\/100 brn\n|-damage|p2a: Ditto|76\/100 brn|[from] Stealth Rock\n|-transform|p2a: Ditto|p1a: Greninja|[from] ability: Imposter\n|turn|13\n|\n|t:|1700130255\n|move|p2a: Ditto|Dark Pulse|p1a: Greninja\n|-resisted|p1a: Greninja\n|-damage|p1a: Greninja|46\/100\n|move|p1a: Greninja|Hydro Pump|p2a: Ditto\n|-resisted|p2a: Ditto\n|-damage|p2a: Ditto|24\/100 brn\n|\n|-damage|p2a: Ditto|18\/100 brn|[from] brn\n|upkeep\n|turn|14\n|\n|t:|1700130266\n|switch|p2a: Skarmory|Skarmory, M|70\/100\n|-damage|p2a: Skarmory|58\/100|[from] Stealth Rock\n|move|p1a: Greninja|Water Shuriken|p2a: Skarmory\n|-damage|p2a: Skarmory|43\/100\n|-damage|p2a: Skarmory|29\/100\n|-hitcount|p2a: Skarmory|2\n|\n|upkeep\n|turn|15\n|\n|t:|1700130277\n|move|p1a: Greninja|Dark Pulse|p2a: Skarmory\n|-crit|p2a: Skarmory\n|-damage|p2a: Skarmory|0 fnt\n|faint|p2a: Skarmory\n|\n|upkeep\n|\n|t:|1700130280\n|switch|p2a: Ditto|Ditto|18\/100 brn\n|-damage|p2a: Ditto|5\/100 brn|[from] Stealth Rock\n|-transform|p2a: Ditto|p1a: Greninja|[from] ability: Imposter\n|turn|16\n|inactive|mtyqjltz5 has 120 seconds left.\n|\n|t:|1700130286\n|move|p2a: Ditto|Water Shuriken|p1a: Greninja\n|-resisted|p1a: Greninja\n|-damage|p1a: Greninja|39\/100\n|-resisted|p1a: Greninja\n|-damage|p1a: Greninja|31\/100\n|-resisted|p1a: Greninja\n|-damage|p1a: Greninja|23\/100\n|-hitcount|p1a: Greninja|3\n|move|p1a: Greninja|Water Shuriken|p2a: Ditto\n|-resisted|p2a: Ditto\n|-damage|p2a: Ditto|0 fnt\n|faint|p2a: Ditto\n|-hitcount|p2: Ditto|1\n|\n|upkeep\n|\n|t:|1700130295\n|switch|p2a: Ogerpon|Ogerpon, F|100\/100\n|-damage|p2a: Ogerpon|88\/100|[from] Stealth Rock\n|turn|17\n|\n|t:|1700130298\n|-terastallize|p2a: Ogerpon|Grass\n|detailschange|p2a: Ogerpon|Ogerpon-Teal-Tera, F, tera:Grass\n|-ability|p2a: Ogerpon|Embody Aspect (Teal)|boost\n|-boost|p2a: Ogerpon|spe|1\n|move|p1a: Greninja|Ice Beam|p2a: Ogerpon\n|-supereffective|p2a: Ogerpon\n|-damage|p2a: Ogerpon|0 fnt\n|faint|p2a: Ogerpon\n|\n|upkeep\n|\n|t:|1700130300\n|switch|p2a: Beedrill|Beedrill-Mega, F|100\/100\n|-damage|p2a: Beedrill|76\/100|[from] Stealth Rock\n|turn|18\n|\n|t:|1700130307\n|move|p1a: Greninja|Dark Pulse|p2a: Beedrill\n|-damage|p2a: Beedrill|0 fnt\n|faint|p2a: Beedrill\n|\n|win|mtyqjltz5\n|raw|mtyqjltz5's rating: 1398 &rarr; <strong>1420<\/strong><br \/>(+22 for winning)\n|raw|Kuro_xq's rating: 1431 &rarr; <strong>1409<\/strong><br \/>(-22 for losing)\n|l|\u2606Kuro_xq\n","uploadtime":1700130318,"views":4,"p1id":"mtyqjltz5","p2id":"kuroxq","formatid":"gen9nationaldex","rating":1409,"private":0,"password":""}