{"id":"gen9nationaldex-2000536755","p1":"ElRabiDelPO","p2":"cthulhuux","format":"[Gen 9] National Dex","log":"|html|<div class=\"broadcast-blue\"><strong>[Gen 9] National Dex is currently suspecting Sneasler! For information on how to participate check out the <a href=\"https:\/\/www.smogon.com\/forums\/threads\/sv-national-dex-suspect-8-just-dance.3731534\/\">suspect thread<\/a>.<\/strong><\/div>\n|j|\u2606ElRabiDelPO\n|j|\u2606cthulhuux\n|t:|1701203253\n|gametype|singles\n|player|p1|ElRabiDelPO|agatha-gen3|1131\n|player|p2|cthulhuux|clemont|1100\n|teamsize|p1|6\n|teamsize|p2|6\n|gen|9\n|tier|[Gen 9] National Dex\n|rated|\n|rule|HP Percentage Mod: HP is shown in percentages\n|rule|Endless Battle Clause: Forcing endless battles is banned\n|rule|OHKO Clause: OHKO moves are banned\n|rule|Evasion Clause: Evasion abilities, items, and moves are banned\n|rule|Evasion Abilities Clause: Evasion abilities are banned\n|rule|Evasion Items Clause: Evasion items are banned\n|rule|Evasion Moves Clause: Evasion moves are banned\n|rule|Species Clause: Limit one of each Pok\u00e9mon\n|rule|Sleep Clause Mod: Limit one foe put to sleep\n|clearpoke\n|poke|p1|Tsareena, F|\n|poke|p1|Gardevoir, F|\n|poke|p1|Vaporeon, F|\n|poke|p1|Roggenrola, F|\n|poke|p1|Braixen, F|\n|poke|p1|Lopunny, F|\n|poke|p2|Typhlosion-Hisui, M|\n|poke|p2|Pawmot, M|\n|poke|p2|Kyurem|\n|poke|p2|Toxapex, F|\n|poke|p2|Venusaur, M|\n|poke|p2|Landorus-Therian, M|\n|teampreview\n|inactive|Battle timer is ON: inactive players will automatically lose when time's up. (requested by cthulhuux)\n|\n|t:|1701203270\n|start\n|switch|p1a: Waifu 1|Roggenrola, F|100\/100\n|switch|p2a: Toxapex|Toxapex, F|100\/100\n|turn|1\n|\n|t:|1701203278\n|move|p2a: Toxapex|Scald|p1a: Waifu 1\n|-supereffective|p1a: Waifu 1\n|-damage|p1a: Waifu 1|31\/100\n|-status|p1a: Waifu 1|brn\n|move|p1a: Waifu 1|Stealth Rock|p2a: Toxapex\n|-sidestart|p2: cthulhuux|move: Stealth Rock\n|\n|-damage|p1a: Waifu 1|25\/100 brn|[from] brn\n|upkeep\n|turn|2\n|\n|t:|1701203288\n|move|p2a: Toxapex|Scald|p1a: Waifu 1\n|-supereffective|p1a: Waifu 1\n|-damage|p1a: Waifu 1|0 fnt\n|faint|p1a: Waifu 1\n|\n|upkeep\n|\n|t:|1701203294\n|switch|p1a: Waifu 2|Gardevoir, F|100\/100\n|-ability|p1a: Waifu 2|Regenerator|[from] ability: Trace|[of] p2a: Toxapex\n|turn|3\n|\n|t:|1701203301\n|move|p1a: Waifu 2|Substitute|p1a: Waifu 2\n|-start|p1a: Waifu 2|Substitute\n|-damage|p1a: Waifu 2|75\/100\n|move|p2a: Toxapex|Toxic||[still]\n|-fail|p2a: Toxapex\n|\n|-heal|p1a: Waifu 2|82\/100|[from] item: Leftovers\n|upkeep\n|turn|4\n|\n|t:|1701203311\n|move|p1a: Waifu 2|Calm Mind|p1a: Waifu 2\n|-boost|p1a: Waifu 2|spa|1\n|-boost|p1a: Waifu 2|spd|1\n|move|p2a: Toxapex|Scald|p1a: Waifu 2\n|-activate|p1a: Waifu 2|move: Substitute|[damage]\n|\n|-heal|p1a: Waifu 2|88\/100|[from] item: Leftovers\n|upkeep\n|turn|5\n|\n|t:|1701203320\n|switch|p2a: Landorus|Landorus-Therian, M|100\/100\n|-damage|p2a: Landorus|88\/100|[from] Stealth Rock\n|-ability|p2a: Landorus|Intimidate|boost\n|-immune|p1a: Waifu 2\n|move|p1a: Waifu 2|Psyshock|p2a: Landorus\n|-damage|p2a: Landorus|16\/100\n|\n|-heal|p1a: Waifu 2|94\/100|[from] item: Leftovers\n|upkeep\n|turn|6\n|\n|t:|1701203335\n|move|p2a: Landorus|Earthquake|p1a: Waifu 2\n|-end|p1a: Waifu 2|Substitute\n|move|p1a: Waifu 2|Psyshock|p2a: Landorus\n|-damage|p2a: Landorus|0 fnt\n|faint|p2a: Landorus\n|\n|-heal|p1a: Waifu 2|99\/100|[from] item: Leftovers\n|upkeep\n|\n|t:|1701203339\n|switch|p2a: Typhlosion|Typhlosion-Hisui, M|100\/100\n|-damage|p2a: Typhlosion|76\/100|[from] Stealth Rock\n|turn|7\n|inactive|ElRabiDelPO has 120 seconds left.\n|c|\u2606ElRabiDelPO|\ud83e\udd14\n|\n|t:|1701203377\n|switch|p1a: Waifu 4|Lopunny, F|100\/100\n|move|p2a: Typhlosion|Shadow Ball|p1a: Waifu 4\n|-immune|p1a: Waifu 4\n|\n|upkeep\n|turn|8\n|inactive|ElRabiDelPO has 120 seconds left.\n|c|\u2606ElRabiDelPO|\ud83e\udd14\n|\n|t:|1701203404\n|switch|p2a: Toxapex|Toxapex, F|100\/100\n|switch|p1a: Waifu 2|Gardevoir, F|100\/100\n|-ability|p1a: Waifu 2|Regenerator|[from] ability: Trace|[of] p2a: Toxapex\n|\n|upkeep\n|turn|9\n|\n|t:|1701203427\n|move|p1a: Waifu 2|Substitute|p1a: Waifu 2\n|-start|p1a: Waifu 2|Substitute\n|-damage|p1a: Waifu 2|75\/100\n|move|p2a: Toxapex|Toxic||[still]\n|-fail|p2a: Toxapex\n|\n|-heal|p1a: Waifu 2|82\/100|[from] item: Leftovers\n|upkeep\n|turn|10\n|\n|t:|1701203436\n|move|p1a: Waifu 2|Calm Mind|p1a: Waifu 2\n|-boost|p1a: Waifu 2|spa|1\n|-boost|p1a: Waifu 2|spd|1\n|move|p2a: Toxapex|Scald|p1a: Waifu 2\n|-activate|p1a: Waifu 2|move: Substitute|[damage]\n|\n|-heal|p1a: Waifu 2|88\/100|[from] item: Leftovers\n|upkeep\n|turn|11\n|\n|t:|1701203447\n|switch|p2a: Typhlosion|Typhlosion-Hisui, M|76\/100\n|-damage|p2a: Typhlosion|51\/100|[from] Stealth Rock\n|move|p1a: Waifu 2|Psyshock|p2a: Typhlosion\n|-damage|p2a: Typhlosion|0 fnt\n|faint|p2a: Typhlosion\n|\n|-heal|p1a: Waifu 2|94\/100|[from] item: Leftovers\n|upkeep\n|\n|t:|1701203452\n|switch|p2a: Kyurem|Kyurem|100\/100\n|-damage|p2a: Kyurem|76\/100|[from] Stealth Rock\n|-ability|p2a: Kyurem|Pressure\n|turn|12\n|inactive|ElRabiDelPO has 120 seconds left.\n|\n|t:|1701203463\n|move|p2a: Kyurem|Icicle Spear|p1a: Waifu 2\n|-activate|p1a: Waifu 2|move: Substitute|[damage]\n|-end|p1a: Waifu 2|Substitute\n|-damage|p1a: Waifu 2|81\/100\n|-damage|p1a: Waifu 2|67\/100\n|-hitcount|p1a: Waifu 2|4\n|move|p1a: Waifu 2|Draining Kiss|p2a: Kyurem\n|-supereffective|p2a: Kyurem\n|-damage|p2a: Kyurem|1\/100\n|-heal|p1a: Waifu 2|100\/100|[from] drain|[of] p2a: Kyurem\n|\n|upkeep\n|turn|13\n|inactive|ElRabiDelPO has 120 seconds left.\n|c|\u2606ElRabiDelPO|\ud83e\udd14\n|\n|t:|1701203490\n|-terastallize|p1a: Waifu 2|Steel\n|move|p2a: Kyurem|Icicle Spear|p1a: Waifu 2\n|-resisted|p1a: Waifu 2\n|-damage|p1a: Waifu 2|94\/100\n|-resisted|p1a: Waifu 2\n|-damage|p1a: Waifu 2|87\/100\n|-resisted|p1a: Waifu 2\n|-damage|p1a: Waifu 2|80\/100\n|-resisted|p1a: Waifu 2\n|-damage|p1a: Waifu 2|73\/100\n|-hitcount|p1a: Waifu 2|4\n|move|p1a: Waifu 2|Substitute|p1a: Waifu 2\n|-start|p1a: Waifu 2|Substitute\n|-damage|p1a: Waifu 2|48\/100\n|\n|-heal|p1a: Waifu 2|55\/100|[from] item: Leftovers\n|upkeep\n|turn|14\n|l|\u2606cthulhuux\n|inactive|cthulhuux disconnected and has a minute to reconnect!\n|player|p2|\n|inactive|cthulhuux has 30 seconds to reconnect!\n|c|\u2606ElRabiDelPO|Easy\n|inactive|cthulhuux has 20 seconds to reconnect!\n|inactive|cthulhuux has 15 seconds to reconnect!\n|inactive|cthulhuux has 10 seconds to reconnect!\n|inactive|cthulhuux has 5 seconds to reconnect!\n|-message|cthulhuux lost due to inactivity.\n|\n|win|ElRabiDelPO\n|raw|ElRabiDelPO's rating: 1131 &rarr; <strong>1154<\/strong><br \/>(+23 for winning)\n|raw|cthulhuux's rating: 1100 &rarr; <strong>1077<\/strong><br \/>(-23 for losing)\n","uploadtime":1701203580,"views":1,"p1id":"elrabidelpo","p2id":"cthulhuux","formatid":"gen9nationaldex","rating":1077,"private":0,"password":""}