{"id":"gen9nationaldex-1993500653","p1":"ElektraFunk","p2":"The_Matouflamme","format":"[Gen 9] National Dex","log":"|j|\u2606ElektraFunk\n|j|\u2606The_Matouflamme\n|t:|1700325287\n|gametype|singles\n|player|p1|ElektraFunk|2|1247\n|player|p2|The_Matouflamme|ryuki|1282\n|teamsize|p1|6\n|teamsize|p2|6\n|gen|9\n|tier|[Gen 9] National Dex\n|rated|\n|rule|HP Percentage Mod: HP is shown in percentages\n|rule|Endless Battle Clause: Forcing endless battles is banned\n|rule|OHKO Clause: OHKO moves are banned\n|rule|Evasion Clause: Evasion abilities, items, and moves are banned\n|rule|Evasion Abilities Clause: Evasion abilities are banned\n|rule|Evasion Items Clause: Evasion items are banned\n|rule|Evasion Moves Clause: Evasion moves are banned\n|rule|Species Clause: Limit one of each Pok\u00e9mon\n|rule|Sleep Clause Mod: Limit one foe put to sleep\n|clearpoke\n|poke|p1|Mudsdale, M|\n|poke|p1|Blissey, F|\n|poke|p1|Toxapex, F|\n|poke|p1|Obstagoon, F|\n|poke|p1|Braviary-Hisui, M|\n|poke|p1|Venusaur, F|\n|poke|p2|Iron Valiant|\n|poke|p2|Tapu Koko|\n|poke|p2|Sneasler, M|\n|poke|p2|Great Tusk|\n|poke|p2|Zapdos|\n|poke|p2|Scizor, M|\n|teampreview\n|inactive|Battle timer is ON: inactive players will automatically lose when time's up. (requested by The_Matouflamme)\n|j| Drascore666\n|c| Drascore666|MATOU MATOU\n|\n|t:|1700325304\n|start\n|switch|p1a: Venusaur|Venusaur, F|100\/100\n|switch|p2a: Great Tusk|Great Tusk|100\/100\n|turn|1\n|\n|t:|1700325330\n|-end|p2a: Great Tusk|Protosynthesis|[silent]\n|switch|p2a: Scizor|Scizor, M|100\/100\n|detailschange|p1a: Venusaur|Venusaur-Mega, F\n|-mega|p1a: Venusaur|Venusaur|Venusaurite\n|move|p1a: Venusaur|Leech Seed|p2a: Scizor\n|-start|p2a: Scizor|move: Leech Seed\n|\n|-damage|p2a: Scizor|88\/100|[from] Leech Seed|[of] p1a: Venusaur\n|upkeep\n|turn|2\n|\n|t:|1700325342\n|switch|p1a: Mudsdale|Mudsdale, M|100\/100\n|detailschange|p2a: Scizor|Scizor-Mega, M\n|-mega|p2a: Scizor|Scizor|Scizorite\n|move|p2a: Scizor|Swords Dance|p2a: Scizor\n|-boost|p2a: Scizor|atk|2\n|\n|-damage|p2a: Scizor|76\/100|[from] Leech Seed|[of] p1a: Mudsdale\n|upkeep\n|turn|3\n|\n|t:|1700325360\n|move|p2a: Scizor|Dual Wingbeat|p1a: Mudsdale\n|-damage|p1a: Mudsdale|68\/100\n|-ability|p1a: Mudsdale|Stamina|boost\n|-boost|p1a: Mudsdale|def|1\n|-damage|p1a: Mudsdale|46\/100\n|-ability|p1a: Mudsdale|Stamina|boost\n|-boost|p1a: Mudsdale|def|1\n|-hitcount|p1a: Mudsdale|2\n|-enditem|p1a: Mudsdale|Red Card|[of] p2a: Scizor\n|drag|p2a: Sneasler|Sneasler, M|100\/100\n|move|p1a: Mudsdale|Earthquake|p2a: Sneasler\n|-supereffective|p2a: Sneasler\n|-damage|p2a: Sneasler|0 fnt\n|faint|p2a: Sneasler\n|\n|upkeep\n|inactive|The_Matouflamme has 120 seconds left.\n|\n|t:|1700325385\n|switch|p2a: Iron Valiant|Iron Valiant|100\/100\n|turn|4\n|inactive|The_Matouflamme has 120 seconds left.\n|\n|t:|1700325414\n|-terastallize|p1a: Mudsdale|Steel\n|move|p2a: Iron Valiant|Moonblast|p1a: Mudsdale\n|-resisted|p1a: Mudsdale\n|-damage|p1a: Mudsdale|10\/100\n|-unboost|p1a: Mudsdale|spa|1\n|-ability|p1a: Mudsdale|Stamina|boost\n|-boost|p1a: Mudsdale|def|1\n|move|p1a: Mudsdale|Rest|p1a: Mudsdale\n|-status|p1a: Mudsdale|slp|[from] move: Rest\n|-heal|p1a: Mudsdale|100\/100 slp|[silent]\n|\n|upkeep\n|turn|5\n|inactive|The_Matouflamme has 120 seconds left.\n|\n|t:|1700325446\n|-end|p2a: Iron Valiant|Quark Drive|[silent]\n|switch|p2a: Tapu Koko|Tapu Koko|100\/100\n|-fieldstart|move: Electric Terrain|[from] ability: Electric Surge|[of] p2a: Tapu Koko\n|cant|p1a: Mudsdale|slp\n|move|p1a: Mudsdale|Sleep Talk|p1a: Mudsdale\n|move|p1a: Mudsdale|Rest||[from]move: Sleep Talk|[still]\n|-fail|p1a: Mudsdale\n|\n|upkeep\n|turn|6\n|\n|t:|1700325457\n|move|p2a: Tapu Koko|U-turn|p1a: Mudsdale\n|-resisted|p1a: Mudsdale\n|-damage|p1a: Mudsdale|99\/100 slp\n|-ability|p1a: Mudsdale|Stamina|boost\n|-boost|p1a: Mudsdale|def|1\n|\n|t:|1700325463\n|switch|p2a: Iron Valiant|Iron Valiant|100\/100|[from] U-turn\n|-activate|p2a: Iron Valiant|ability: Quark Drive\n|-start|p2a: Iron Valiant|quarkdrivespe\n|cant|p1a: Mudsdale|slp\n|move|p1a: Mudsdale|Sleep Talk|p1a: Mudsdale\n|move|p1a: Mudsdale|Body Press|p2a: Iron Valiant|[from]move: Sleep Talk\n|-resisted|p2a: Iron Valiant\n|-damage|p2a: Iron Valiant|50\/100\n|\n|upkeep\n|turn|7\n|\n|t:|1700325476\n|move|p2a: Iron Valiant|Aura Sphere|p1a: Mudsdale\n|-supereffective|p1a: Mudsdale\n|-damage|p1a: Mudsdale|0 fnt\n|faint|p1a: Mudsdale\n|\n|upkeep\n|\n|t:|1700325480\n|switch|p1a: Blissey|Blissey, F|100\/100\n|turn|8\n|c|\u2606The_Matouflamme|i'm so unlucky omg\n|\n|t:|1700325491\n|-end|p2a: Iron Valiant|Quark Drive|[silent]\n|switch|p2a: Scizor|Scizor-Mega, M|76\/100\n|move|p1a: Blissey|Seismic Toss|p2a: Scizor\n|-damage|p2a: Scizor|40\/100\n|\n|upkeep\n|turn|9\n|\n|t:|1700325501\n|switch|p1a: Venusaur|Venusaur-Mega, F|100\/100\n|move|p2a: Scizor|Swords Dance|p2a: Scizor\n|-boost|p2a: Scizor|atk|2\n|\n|upkeep\n|turn|10\n|\n|t:|1700325510\n|switch|p1a: Toxapex|Toxapex, F|100\/100\n|move|p2a: Scizor|Dual Wingbeat|p1a: Toxapex\n|-damage|p1a: Toxapex|72\/100\n|-damage|p1a: Toxapex|42\/100\n|-hitcount|p1a: Toxapex|2\n|-enditem|p1a: Toxapex|Red Card|[of] p2a: Scizor\n|drag|p2a: Tapu Koko|Tapu Koko|100\/100\n|\n|upkeep\n|turn|11\n|inactive|The_Matouflamme has 120 seconds left.\n|\n|t:|1700325523\n|move|p1a: Toxapex|Baneful Bunker|p1a: Toxapex\n|-singleturn|p1a: Toxapex|move: Protect\n|move|p2a: Tapu Koko|Thunderbolt|p1a: Toxapex\n|-activate|p1a: Toxapex|move: Protect\n|\n|upkeep\n|turn|12\n|inactive|The_Matouflamme has 120 seconds left.\n|\n|t:|1700325529\n|switch|p1a: Blissey|Blissey, F|100\/100\n|move|p2a: Tapu Koko|U-turn|p1a: Blissey\n|-damage|p1a: Blissey|86\/100\n|inactive|The_Matouflamme has 120 seconds left.\n|\n|t:|1700325535\n|switch|p2a: Scizor|Scizor-Mega, M|40\/100|[from] U-turn\n|\n|-heal|p1a: Blissey|92\/100|[from] item: Leftovers\n|-fieldend|move: Electric Terrain\n|upkeep\n|turn|13\n|\n|t:|1700325541\n|move|p2a: Scizor|Swords Dance|p2a: Scizor\n|-boost|p2a: Scizor|atk|2\n|move|p1a: Blissey|Seismic Toss|p2a: Scizor\n|-damage|p2a: Scizor|4\/100\n|\n|-heal|p1a: Blissey|98\/100|[from] item: Leftovers\n|upkeep\n|turn|14\n|\n|t:|1700325548\n|move|p1a: Blissey|Protect|p1a: Blissey\n|-singleturn|p1a: Blissey|Protect\n|move|p2a: Scizor|Close Combat|p1a: Blissey\n|-activate|p1a: Blissey|move: Protect\n|\n|-heal|p1a: Blissey|100\/100|[from] item: Leftovers\n|upkeep\n|turn|15\n|\n|t:|1700325568\n|switch|p1a: Toxapex|Toxapex, F|76\/100\n|move|p2a: Scizor|Close Combat|p1a: Toxapex\n|-resisted|p1a: Toxapex\n|-damage|p1a: Toxapex|43\/100\n|-unboost|p2a: Scizor|def|1\n|-unboost|p2a: Scizor|spd|1\n|\n|upkeep\n|turn|16\n|\n|t:|1700325575\n|move|p1a: Toxapex|Baneful Bunker|p1a: Toxapex\n|-singleturn|p1a: Toxapex|move: Protect\n|move|p2a: Scizor|Dual Wingbeat|p1a: Toxapex\n|-activate|p1a: Toxapex|move: Protect\n|\n|upkeep\n|turn|17\n|\n|t:|1700325587\n|switch|p1a: Braviary|Braviary-Hisui, M|100\/100\n|move|p2a: Scizor|Dual Wingbeat|p1a: Braviary\n|-damage|p1a: Braviary|46\/100\n|-damage|p1a: Braviary|0 fnt\n|faint|p1a: Braviary\n|-hitcount|p1: Braviary|2\n|\n|upkeep\n|\n|t:|1700325599\n|switch|p1a: Obstagoon|Obstagoon, F|100\/100\n|turn|18\n|\n|t:|1700325606\n|move|p2a: Scizor|Bullet Punch|p1a: Obstagoon\n|-damage|p1a: Obstagoon|15\/100\n|move|p1a: Obstagoon|Knock Off|p2a: Scizor\n|-damage|p2a: Scizor|0 fnt\n|faint|p2a: Scizor\n|\n|-status|p1a: Obstagoon|brn|[from] item: Flame Orb\n|upkeep\n|\n|t:|1700325617\n|switch|p2a: Tapu Koko|Tapu Koko|100\/100\n|-fieldstart|move: Electric Terrain|[from] ability: Electric Surge|[of] p2a: Tapu Koko\n|turn|19\n|\n|t:|1700325623\n|switch|p1a: Venusaur|Venusaur-Mega, F|100\/100\n|move|p2a: Tapu Koko|U-turn|p1a: Venusaur\n|-damage|p1a: Venusaur|91\/100\n|\n|t:|1700325636\n|switch|p2a: Zapdos|Zapdos|100\/100|[from] U-turn\n|\n|upkeep\n|turn|20\n|\n|t:|1700325643\n|switch|p1a: Blissey|Blissey, F|100\/100\n|move|p2a: Zapdos|Hurricane|p1a: Blissey\n|-damage|p1a: Blissey|82\/100\n|\n|-heal|p1a: Blissey|89\/100|[from] item: Leftovers\n|upkeep\n|turn|21\n|\n|t:|1700325651\n|move|p2a: Zapdos|Volt Switch|p1a: Blissey\n|-damage|p1a: Blissey|77\/100\n|\n|t:|1700325658\n|switch|p2a: Great Tusk|Great Tusk|100\/100|[from] Volt Switch\n|move|p1a: Blissey|Heal Bell|p1a: Blissey\n|-activate|p1a: Blissey|move: Heal Bell\n|-curestatus|p1: Obstagoon|brn|[msg]\n|\n|-heal|p1a: Blissey|83\/100|[from] item: Leftovers\n|upkeep\n|turn|22\n|\n|t:|1700325670\n|switch|p1a: Venusaur|Venusaur-Mega, F|91\/100\n|move|p2a: Great Tusk|Earthquake|p1a: Venusaur\n|-damage|p1a: Venusaur|63\/100\n|\n|upkeep\n|turn|23\n|\n|t:|1700325681\n|-end|p2a: Great Tusk|Protosynthesis|[silent]\n|switch|p2a: Zapdos|Zapdos|100\/100\n|move|p1a: Venusaur|Leech Seed|p2a: Zapdos\n|-start|p2a: Zapdos|move: Leech Seed\n|\n|-damage|p2a: Zapdos|88\/100|[from] Leech Seed|[of] p1a: Venusaur\n|-heal|p1a: Venusaur|76\/100|[silent]\n|upkeep\n|turn|24\n|\n|t:|1700325694\n|switch|p1a: Blissey|Blissey, F|83\/100\n|move|p2a: Zapdos|Hurricane|p1a: Blissey\n|-damage|p1a: Blissey|67\/100\n|\n|-heal|p1a: Blissey|73\/100|[from] item: Leftovers\n|-damage|p2a: Zapdos|76\/100|[from] Leech Seed|[of] p1a: Blissey\n|-heal|p1a: Blissey|80\/100|[silent]\n|upkeep\n|turn|25\n|\n|t:|1700325704\n|move|p2a: Zapdos|Volt Switch|p1a: Blissey\n|-damage|p1a: Blissey|68\/100\n|\n|t:|1700325710\n|switch|p2a: Great Tusk|Great Tusk|100\/100|[from] Volt Switch\n|move|p1a: Blissey|Wish|p1a: Blissey\n|\n|-heal|p1a: Blissey|74\/100|[from] item: Leftovers\n|upkeep\n|turn|26\n|\n|t:|1700325718\n|switch|p1a: Venusaur|Venusaur-Mega, F|76\/100\n|move|p2a: Great Tusk|Stealth Rock|p1a: Venusaur\n|-sidestart|p1: ElektraFunk|move: Stealth Rock\n|\n|-heal|p1a: Venusaur|100\/100|[from] move: Wish|[wisher] Blissey\n|-fieldend|move: Electric Terrain\n|upkeep\n|turn|27\n|\n|t:|1700325727\n|-end|p2a: Great Tusk|Protosynthesis|[silent]\n|switch|p2a: Zapdos|Zapdos|76\/100\n|move|p1a: Venusaur|Toxic|p2a: Zapdos\n|-status|p2a: Zapdos|tox\n|\n|-damage|p2a: Zapdos|70\/100 tox|[from] psn\n|upkeep\n|turn|28\n|\n|t:|1700325738\n|switch|p1a: Toxapex|Toxapex, F|77\/100\n|-damage|p1a: Toxapex|65\/100|[from] Stealth Rock\n|move|p2a: Zapdos|Hurricane|p1a: Toxapex\n|-damage|p1a: Toxapex|24\/100\n|-start|p1a: Toxapex|confusion\n|\n|-damage|p2a: Zapdos|58\/100 tox|[from] psn\n|upkeep\n|turn|29\n|\n|t:|1700325748\n|switch|p1a: Blissey|Blissey, F|74\/100\n|-damage|p1a: Blissey|62\/100|[from] Stealth Rock\n|move|p2a: Zapdos|Volt Switch|p1a: Blissey\n|-damage|p1a: Blissey|50\/100\n|\n|t:|1700325765\n|switch|p2a: Great Tusk|Great Tusk|100\/100|[from] Volt Switch\n|\n|-heal|p1a: Blissey|57\/100|[from] item: Leftovers\n|upkeep\n|turn|30\n|\n|t:|1700325774\n|move|p2a: Great Tusk|Earthquake|p1a: Blissey\n|-damage|p1a: Blissey|15\/100\n|move|p1a: Blissey|Wish|p1a: Blissey\n|\n|-heal|p1a: Blissey|22\/100|[from] item: Leftovers\n|upkeep\n|turn|31\n|\n|t:|1700325783\n|move|p1a: Blissey|Protect|p1a: Blissey\n|-singleturn|p1a: Blissey|Protect\n|move|p2a: Great Tusk|Earthquake|p1a: Blissey\n|-activate|p1a: Blissey|move: Protect\n|\n|-heal|p1a: Blissey|72\/100|[from] move: Wish|[wisher] Blissey\n|-heal|p1a: Blissey|78\/100|[from] item: Leftovers\n|upkeep\n|turn|32\n|\n|t:|1700325795\n|switch|p1a: Venusaur|Venusaur-Mega, F|100\/100\n|-damage|p1a: Venusaur|88\/100|[from] Stealth Rock\n|move|p2a: Great Tusk|Earthquake|p1a: Venusaur\n|-damage|p1a: Venusaur|58\/100\n|\n|upkeep\n|turn|33\n|\n|t:|1700325802\n|-end|p2a: Great Tusk|Protosynthesis|[silent]\n|switch|p2a: Zapdos|Zapdos|58\/100 tox\n|move|p1a: Venusaur|Toxic|p2a: Zapdos\n|-fail|p2a: Zapdos|tox\n|\n|-damage|p2a: Zapdos|52\/100 tox|[from] psn\n|upkeep\n|turn|34\n|\n|t:|1700325814\n|switch|p1a: Blissey|Blissey, F|78\/100\n|-damage|p1a: Blissey|65\/100|[from] Stealth Rock\n|move|p2a: Zapdos|Roost|p2a: Zapdos\n|-heal|p2a: Zapdos|100\/100 tox\n|-singleturn|p2a: Zapdos|move: Roost\n|\n|-heal|p1a: Blissey|71\/100|[from] item: Leftovers\n|-damage|p2a: Zapdos|88\/100 tox|[from] psn\n|upkeep\n|turn|35\n|\n|t:|1700325824\n|move|p2a: Zapdos|Volt Switch|p1a: Blissey\n|-damage|p1a: Blissey|60\/100\n|\n|t:|1700325828\n|switch|p2a: Great Tusk|Great Tusk|100\/100|[from] Volt Switch\n|move|p1a: Blissey|Wish|p1a: Blissey\n|\n|-heal|p1a: Blissey|66\/100|[from] item: Leftovers\n|upkeep\n|turn|36\n|\n|t:|1700325835\n|switch|p1a: Venusaur|Venusaur-Mega, F|58\/100\n|-damage|p1a: Venusaur|45\/100|[from] Stealth Rock\n|move|p2a: Great Tusk|Earthquake|p1a: Venusaur\n|-damage|p1a: Venusaur|16\/100\n|\n|-heal|p1a: Venusaur|100\/100|[from] move: Wish|[wisher] Blissey\n|upkeep\n|turn|37\n|\n|t:|1700325850\n|-end|p2a: Great Tusk|Protosynthesis|[silent]\n|switch|p2a: Zapdos|Zapdos|88\/100 tox\n|move|p1a: Venusaur|Energy Ball|p2a: Zapdos\n|-resisted|p2a: Zapdos\n|-damage|p2a: Zapdos|70\/100 tox\n|\n|-damage|p2a: Zapdos|64\/100 tox|[from] psn\n|upkeep\n|turn|38\n|l|\u2606ElektraFunk\n|inactive|ElektraFunk disconnected and has a minute to reconnect!\n|player|p1|\n|j|\u2606ElektraFunk\n|inactive|ElektraFunk reconnected and has 125 seconds left.\n|player|p1|ElektraFunk|2\n|inactive|ElektraFunk has 120 seconds left.\n|\n|t:|1700325889\n|move|p2a: Zapdos|Hurricane|p1a: Venusaur\n|-supereffective|p1a: Venusaur\n|-damage|p1a: Venusaur|28\/100\n|move|p1a: Venusaur|Synthesis|p1a: Venusaur\n|-heal|p1a: Venusaur|78\/100\n|\n|-damage|p2a: Zapdos|52\/100 tox|[from] psn\n|upkeep\n|turn|39\n|inactive|ElektraFunk has 120 seconds left.\n|\n|t:|1700325901\n|move|p2a: Zapdos|Hurricane|p1a: Venusaur\n|-supereffective|p1a: Venusaur\n|-damage|p1a: Venusaur|7\/100\n|move|p1a: Venusaur|Leech Seed|p2a: Zapdos\n|-start|p2a: Zapdos|move: Leech Seed\n|\n|-damage|p2a: Zapdos|40\/100 tox|[from] Leech Seed|[of] p1a: Venusaur\n|-heal|p1a: Venusaur|19\/100|[silent]\n|-damage|p2a: Zapdos|22\/100 tox|[from] psn\n|upkeep\n|turn|40\n|\n|t:|1700325913\n|switch|p1a: Blissey|Blissey, F|66\/100\n|-damage|p1a: Blissey|54\/100|[from] Stealth Rock\n|move|p2a: Zapdos|Hurricane|p1a: Blissey|[miss]\n|-miss|p2a: Zapdos|p1a: Blissey\n|\n|-heal|p1a: Blissey|60\/100|[from] item: Leftovers\n|-damage|p2a: Zapdos|10\/100 tox|[from] Leech Seed|[of] p1a: Blissey\n|-heal|p1a: Blissey|66\/100|[silent]\n|-damage|p2a: Zapdos|0 fnt|[from] psn\n|faint|p2a: Zapdos\n|upkeep\n|\n|t:|1700325928\n|switch|p2a: Iron Valiant|Iron Valiant|50\/100\n|turn|41\n|\n|t:|1700325932\n|move|p2a: Iron Valiant|Trick|p1a: Blissey\n|-activate|p2a: Iron Valiant|move: Trick|[of] p1a: Blissey\n|-item|p1a: Blissey|Choice Specs|[from] move: Trick\n|-item|p2a: Iron Valiant|Leftovers|[from] move: Trick\n|move|p1a: Blissey|Wish|p1a: Blissey\n|\n|-heal|p2a: Iron Valiant|57\/100|[from] item: Leftovers\n|upkeep\n|turn|42\n|\n|t:|1700325954\n|switch|p1a: Venusaur|Venusaur-Mega, F|19\/100\n|-damage|p1a: Venusaur|7\/100|[from] Stealth Rock\n|move|p2a: Iron Valiant|Moonblast|p1a: Venusaur\n|-resisted|p1a: Venusaur\n|-damage|p1a: Venusaur|0 fnt\n|faint|p1a: Venusaur\n|\n|-heal|p2a: Iron Valiant|63\/100|[from] item: Leftovers\n|upkeep\n|\n|t:|1700325961\n|switch|p1a: Blissey|Blissey, F|66\/100\n|-damage|p1a: Blissey|54\/100|[from] Stealth Rock\n|turn|43\n|\n|t:|1700325966\n|move|p2a: Iron Valiant|Aura Sphere|p1a: Blissey\n|-supereffective|p1a: Blissey\n|-damage|p1a: Blissey|22\/100\n|move|p1a: Blissey|Wish|p1a: Blissey\n|\n|-heal|p2a: Iron Valiant|69\/100|[from] item: Leftovers\n|upkeep\n|turn|44\n|\n|t:|1700325974\n|switch|p1a: Toxapex|Toxapex, F|57\/100\n|-damage|p1a: Toxapex|45\/100|[from] Stealth Rock\n|move|p2a: Iron Valiant|Aura Sphere|p1a: Toxapex\n|-resisted|p1a: Toxapex\n|-damage|p1a: Toxapex|28\/100\n|\n|-heal|p1a: Toxapex|100\/100|[from] move: Wish|[wisher] Blissey\n|-heal|p2a: Iron Valiant|75\/100|[from] item: Leftovers\n|upkeep\n|turn|45\n|\n|t:|1700325987\n|-terastallize|p2a: Iron Valiant|Electric\n|move|p2a: Iron Valiant|Thunderbolt|p1a: Toxapex\n|-supereffective|p1a: Toxapex\n|-damage|p1a: Toxapex|27\/100\n|move|p1a: Toxapex|Toxic Spikes|p2a: Iron Valiant\n|-sidestart|p2: The_Matouflamme|move: Toxic Spikes\n|\n|-heal|p2a: Iron Valiant|81\/100|[from] item: Leftovers\n|upkeep\n|turn|46\n|\n|t:|1700325996\n|move|p1a: Toxapex|Baneful Bunker|p1a: Toxapex\n|-singleturn|p1a: Toxapex|move: Protect\n|move|p2a: Iron Valiant|Thunderbolt|p1a: Toxapex\n|-activate|p1a: Toxapex|move: Protect\n|\n|-heal|p2a: Iron Valiant|88\/100|[from] item: Leftovers\n|upkeep\n|turn|47\n|\n|t:|1700326003\n|switch|p1a: Blissey|Blissey, F|22\/100\n|-damage|p1a: Blissey|9\/100|[from] Stealth Rock\n|move|p2a: Iron Valiant|Thunderbolt|p1a: Blissey\n|-damage|p1a: Blissey|0 fnt\n|faint|p1a: Blissey\n|\n|-heal|p2a: Iron Valiant|94\/100|[from] item: Leftovers\n|upkeep\n|\n|t:|1700326007\n|switch|p1a: Obstagoon|Obstagoon, F|15\/100\n|-damage|p1a: Obstagoon|3\/100|[from] Stealth Rock\n|turn|48\n|\n|t:|1700326018\n|move|p2a: Iron Valiant|Thunderbolt|p1a: Obstagoon\n|-damage|p1a: Obstagoon|0 fnt\n|faint|p1a: Obstagoon\n|\n|-heal|p2a: Iron Valiant|99\/100|[from] item: Leftovers\n|upkeep\n|\n|t:|1700326032\n|switch|p1a: Toxapex|Toxapex, F|61\/100\n|-damage|p1a: Toxapex|48\/100|[from] Stealth Rock\n|turn|49\n|\n|t:|1700326040\n|move|p2a: Iron Valiant|Thunderbolt|p1a: Toxapex\n|-supereffective|p1a: Toxapex\n|-damage|p1a: Toxapex|0 fnt\n|faint|p1a: Toxapex\n|\n|win|The_Matouflamme\n|raw|ElektraFunk's rating: 1247 &rarr; <strong>1225<\/strong><br \/>(-22 for losing)\n|raw|The_Matouflamme's rating: 1282 &rarr; <strong>1304<\/strong><br \/>(+22 for winning)\n|l|\u2606ElektraFunk\n","uploadtime":1700326046,"views":14,"p1id":"elektrafunk","p2id":"thematouflamme","formatid":"gen9nationaldex","rating":1225,"private":0,"password":""}