{"id":"gen9nationaldex-1996478314","p1":"Cruc1fixed","p2":"Andrews Finn3","format":"[Gen 9] National Dex","log":"|html|<div class=\"broadcast-blue\"><strong>[Gen 9] National Dex is currently suspecting Sneasler! For information on how to participate check out the <a href=\"https:\/\/www.smogon.com\/forums\/threads\/sv-national-dex-suspect-8-just-dance.3731534\/\">suspect thread<\/a>.<\/strong><\/div>\n|j|\u2606Cruc1fixed\n|j|\u2606Andrews Finn3\n|t:|1700685914\n|gametype|singles\n|player|p1|Cruc1fixed|102|1244\n|player|p2|Andrews Finn3|steven|1310\n|teamsize|p1|6\n|teamsize|p2|6\n|gen|9\n|tier|[Gen 9] National Dex\n|rated|\n|rule|HP Percentage Mod: HP is shown in percentages\n|rule|Endless Battle Clause: Forcing endless battles is banned\n|rule|OHKO Clause: OHKO moves are banned\n|rule|Evasion Clause: Evasion abilities, items, and moves are banned\n|rule|Evasion Abilities Clause: Evasion abilities are banned\n|rule|Evasion Items Clause: Evasion items are banned\n|rule|Evasion Moves Clause: Evasion moves are banned\n|rule|Species Clause: Limit one of each Pok\u00e9mon\n|rule|Sleep Clause Mod: Limit one foe put to sleep\n|clearpoke\n|poke|p1|Flygon, F|\n|poke|p1|Banette, M|\n|poke|p1|Keldeo-Resolute|\n|poke|p1|Tsareena, F|\n|poke|p1|Nihilego|\n|poke|p1|Volcarona, M|\n|poke|p2|Hydreigon, F|\n|poke|p2|Heracross, F|\n|poke|p2|Corviknight, F|\n|poke|p2|Glimmora, M|\n|poke|p2|Ceruledge, F|\n|poke|p2|Ferrothorn, F|\n|teampreview\n|inactive|Battle timer is ON: inactive players will automatically lose when time's up. (requested by Cruc1fixed)\n|\n|t:|1700685926\n|start\n|switch|p1a: Flygon|Flygon, F|100\/100\n|switch|p2a: Glimmora|Glimmora, M|100\/100\n|turn|1\n|\n|t:|1700685947\n|move|p1a: Flygon|Earthquake|p2a: Glimmora\n|-supereffective|p2a: Glimmora\n|-damage|p2a: Glimmora|0 fnt\n|-activate|p2a: Glimmora|ability: Toxic Debris\n|-sidestart|p1: Cruc1fixed|move: Toxic Spikes\n|faint|p2a: Glimmora\n|\n|upkeep\n|\n|t:|1700685963\n|switch|p2a: Hydreigon|Hydreigon, F|100\/100\n|turn|2\n|inactive|Cruc1fixed has 120 seconds left.\n|\n|t:|1700685988\n|move|p2a: Hydreigon|Draco Meteor|p1a: Flygon\n|-supereffective|p1a: Flygon\n|-damage|p1a: Flygon|0 fnt\n|-unboost|p2a: Hydreigon|spa|2\n|faint|p1a: Flygon\n|\n|upkeep\n|\n|t:|1700685991\n|switch|p1a: Volcarona|Volcarona, M|100\/100\n|-status|p1a: Volcarona|psn\n|turn|3\n|\n|t:|1700686003\n|switch|p2a: Ceruledge|Ceruledge, F|100\/100\n|move|p1a: Volcarona|Quiver Dance|p1a: Volcarona\n|-boost|p1a: Volcarona|spa|1\n|-boost|p1a: Volcarona|spd|1\n|-boost|p1a: Volcarona|spe|1\n|\n|-damage|p1a: Volcarona|88\/100 psn|[from] psn\n|upkeep\n|turn|4\n|\n|t:|1700686009\n|move|p1a: Volcarona|Psychic|p2a: Ceruledge\n|-damage|p2a: Ceruledge|40\/100\n|move|p2a: Ceruledge|Bitter Blade|p1a: Volcarona\n|-damage|p1a: Volcarona|24\/100 psn\n|-heal|p2a: Ceruledge|74\/100|[from] drain|[of] p1a: Volcarona\n|\n|-damage|p1a: Volcarona|12\/100 psn|[from] psn\n|upkeep\n|turn|5\n|\n|t:|1700686019\n|move|p2a: Ceruledge|Shadow Sneak|p1a: Volcarona\n|-damage|p1a: Volcarona|0 fnt\n|faint|p1a: Volcarona\n|\n|upkeep\n|\n|t:|1700686023\n|switch|p1a: Nihilego|Nihilego|100\/100\n|-sideend|p1: Cruc1fixed|move: Toxic Spikes|[of] p1a: Nihilego\n|turn|6\n|\n|t:|1700686028\n|switch|p2a: Ferrothorn|Ferrothorn, F|100\/100\n|move|p1a: Nihilego|Power Gem|p2a: Ferrothorn\n|-resisted|p2a: Ferrothorn\n|-damage|p2a: Ferrothorn|87\/100\n|\n|-heal|p2a: Ferrothorn|94\/100|[from] item: Leftovers\n|upkeep\n|turn|7\n|\n|t:|1700686036\n|switch|p1a: Banette|Banette, M|100\/100\n|-item|p2a: Ferrothorn|Leftovers|[from] ability: Frisk|[of] p1a: Banette|[identify]\n|move|p2a: Ferrothorn|Knock Off|p1a: Banette\n|-supereffective|p1a: Banette\n|-damage|p1a: Banette|55\/100\n|\n|-heal|p2a: Ferrothorn|99\/100|[from] item: Leftovers\n|upkeep\n|turn|8\n|\n|t:|1700686046\n|move|p1a: Banette|Encore|p2a: Ferrothorn\n|-start|p2a: Ferrothorn|Encore\n|move|p2a: Ferrothorn|Knock Off|p1a: Banette\n|-supereffective|p1a: Banette\n|-damage|p1a: Banette|13\/100\n|\n|-heal|p2a: Ferrothorn|100\/100|[from] item: Leftovers\n|upkeep\n|turn|9\n|\n|t:|1700686056\n|switch|p2a: Ceruledge|Ceruledge, F|74\/100\n|detailschange|p1a: Banette|Banette-Mega, M\n|-mega|p1a: Banette|Banette|Banettite\n|move|p1a: Banette|Destiny Bond|p1a: Banette\n|-singlemove|p1a: Banette|Destiny Bond\n|\n|upkeep\n|turn|10\n|\n|t:|1700686067\n|switch|p2a: Ferrothorn|Ferrothorn, F|100\/100\n|move|p1a: Banette|Knock Off|p2a: Ferrothorn\n|-damage|p2a: Ferrothorn|66\/100\n|-damage|p1a: Banette|0 fnt|[from] ability: Iron Barbs|[of] p2a: Ferrothorn\n|faint|p1a: Banette\n|\n|-heal|p2a: Ferrothorn|73\/100|[from] item: Leftovers\n|upkeep\n|\n|t:|1700686072\n|switch|p1a: Keldeo|Keldeo-Resolute|100\/100\n|turn|11\n|\n|t:|1700686087\n|switch|p2a: Corviknight|Corviknight, F|100\/100\n|-ability|p2a: Corviknight|Pressure\n|move|p1a: Keldeo|Secret Sword|p2a: Corviknight\n|-damage|p2a: Corviknight|58\/100\n|\n|upkeep\n|turn|12\n|\n|t:|1700686096\n|move|p1a: Keldeo|Secret Sword|p2a: Corviknight\n|-crit|p2a: Corviknight\n|-damage|p2a: Corviknight|0 fnt\n|faint|p2a: Corviknight\n|\n|upkeep\n|\n|t:|1700686100\n|switch|p2a: Heracross|Heracross, F|100\/100\n|turn|13\n|\n|t:|1700686106\n|switch|p1a: Nihilego|Nihilego|100\/100\n|detailschange|p2a: Heracross|Heracross-Mega, F\n|-mega|p2a: Heracross|Heracross|Heracronite\n|move|p2a: Heracross|Close Combat|p1a: Nihilego\n|-damage|p1a: Nihilego|0 fnt\n|-unboost|p2a: Heracross|def|1\n|-unboost|p2a: Heracross|spd|1\n|faint|p1a: Nihilego\n|\n|upkeep\n|\n|t:|1700686113\n|switch|p1a: Keldeo|Keldeo-Resolute|100\/100\n|turn|14\n|\n|t:|1700686121\n|switch|p2a: Hydreigon|Hydreigon, F|100\/100\n|move|p1a: Keldeo|Hydro Pump|p2a: Hydreigon\n|-resisted|p2a: Hydreigon\n|-damage|p2a: Hydreigon|51\/100\n|\n|upkeep\n|turn|15\n|\n|t:|1700686128\n|move|p2a: Hydreigon|Draco Meteor|p1a: Keldeo\n|-damage|p1a: Keldeo|18\/100\n|-unboost|p2a: Hydreigon|spa|2\n|move|p1a: Keldeo|Hydro Pump|p2a: Hydreigon\n|-resisted|p2a: Hydreigon\n|-damage|p2a: Hydreigon|6\/100\n|\n|upkeep\n|turn|16\n|\n|t:|1700686135\n|move|p2a: Hydreigon|Draco Meteor|p1a: Keldeo\n|-damage|p1a: Keldeo|0 fnt\n|-unboost|p2a: Hydreigon|spa|2\n|faint|p1a: Keldeo\n|\n|upkeep\n|\n|t:|1700686137\n|switch|p1a: Tsareena|Tsareena, F|100\/100\n|turn|17\n|\n|t:|1700686141\n|switch|p2a: Ferrothorn|Ferrothorn, F|73\/100\n|move|p1a: Tsareena|Rapid Spin|p2a: Ferrothorn\n|-resisted|p2a: Ferrothorn\n|-damage|p2a: Ferrothorn|65\/100\n|-boost|p1a: Tsareena|spe|1\n|-damage|p1a: Tsareena|88\/100|[from] ability: Iron Barbs|[of] p2a: Ferrothorn\n|\n|-heal|p2a: Ferrothorn|72\/100|[from] item: Leftovers\n|upkeep\n|turn|18\n|\n|t:|1700686152\n|move|p1a: Tsareena|High Jump Kick|p2a: Ferrothorn\n|-supereffective|p2a: Ferrothorn\n|-damage|p2a: Ferrothorn|0 fnt\n|-damage|p1a: Tsareena|76\/100|[from] ability: Iron Barbs|[of] p2a: Ferrothorn\n|faint|p2a: Ferrothorn\n|\n|upkeep\n|\n|t:|1700686158\n|switch|p2a: Hydreigon|Hydreigon, F|6\/100\n|turn|19\n|\n|t:|1700686163\n|move|p2a: Hydreigon|Dark Pulse|p1a: Tsareena\n|-damage|p1a: Tsareena|28\/100\n|move|p1a: Tsareena|Rapid Spin|p2a: Hydreigon\n|-damage|p2a: Hydreigon|0 fnt\n|-boost|p1a: Tsareena|spe|1\n|faint|p2a: Hydreigon\n|\n|upkeep\n|\n|t:|1700686171\n|switch|p2a: Ceruledge|Ceruledge, F|74\/100\n|turn|20\n|\n|t:|1700686182\n|-terastallize|p1a: Tsareena|Ice\n|move|p1a: Tsareena|Triple Axel|p2a: Ceruledge\n|-resisted|p2a: Ceruledge\n|-damage|p2a: Ceruledge|67\/100\n|-resisted|p2a: Ceruledge\n|-damage|p2a: Ceruledge|53\/100\n|-resisted|p2a: Ceruledge\n|-damage|p2a: Ceruledge|30\/100\n|-hitcount|p2a: Ceruledge|3\n|move|p2a: Ceruledge|Bitter Blade|p1a: Tsareena\n|-supereffective|p1a: Tsareena\n|-damage|p1a: Tsareena|0 fnt\n|-heal|p2a: Ceruledge|44\/100|[from] drain|[of] p1a: Tsareena\n|faint|p1a: Tsareena\n|\n|win|Andrews Finn3\n|raw|Cruc1fixed's rating: 1244 &rarr; <strong>1224<\/strong><br \/>(-20 for losing)\n|raw|Andrews Finn3's rating: 1310 &rarr; <strong>1326<\/strong><br \/>(+16 for winning)\n","uploadtime":1700686195,"views":1,"p1id":"cruc1fixed","p2id":"andrewsfinn3","formatid":"gen9nationaldex","rating":1224,"private":0,"password":""}