{"id":"gen9nationaldex-1996787399","p1":"gamin'extreme","p2":"RoadPizza","format":"[Gen 9] National Dex","log":"|html|<div class=\"broadcast-blue\"><strong>[Gen 9] National Dex is currently suspecting Sneasler! For information on how to participate check out the <a href=\"https:\/\/www.smogon.com\/forums\/threads\/sv-national-dex-suspect-8-just-dance.3731534\/\">suspect thread<\/a>.<\/strong><\/div>\n|j|\u2606gamin'extreme\n|j|\u2606RoadPizza\n|t:|1700725284\n|gametype|singles\n|player|p1|gamin'extreme|chuck|1227\n|player|p2|RoadPizza|gambler|1290\n|teamsize|p1|6\n|teamsize|p2|6\n|gen|9\n|tier|[Gen 9] National Dex\n|rated|\n|rule|HP Percentage Mod: HP is shown in percentages\n|rule|Endless Battle Clause: Forcing endless battles is banned\n|rule|OHKO Clause: OHKO moves are banned\n|rule|Evasion Clause: Evasion abilities, items, and moves are banned\n|rule|Evasion Abilities Clause: Evasion abilities are banned\n|rule|Evasion Items Clause: Evasion items are banned\n|rule|Evasion Moves Clause: Evasion moves are banned\n|rule|Species Clause: Limit one of each Pok\u00e9mon\n|rule|Sleep Clause Mod: Limit one foe put to sleep\n|clearpoke\n|poke|p1|Magnezone|\n|poke|p1|Bronzong|\n|poke|p1|Garchomp, M|\n|poke|p1|Rhyperior, F|\n|poke|p1|Gallade, M|\n|poke|p1|Heatran, M|\n|poke|p2|Corviknight, M|\n|poke|p2|Porygon2|\n|poke|p2|Marowak-Alola, M|\n|poke|p2|Hoopa-Unbound|\n|poke|p2|Hatterene, F|\n|poke|p2|Camerupt, M|\n|teampreview\n|inactive|Battle timer is ON: inactive players will automatically lose when time's up. (requested by RoadPizza)\n|inactive|gamin'extreme also wants the timer to be on.\n|c|\u2606gamin'extreme|trick room\n|\n|t:|1700725309\n|start\n|switch|p1a: Bell Boy|Bronzong|100\/100\n|switch|p2a: Porygon2|Porygon2|100\/100\n|-ability|p2a: Porygon2|Levitate|[from] ability: Trace|[of] p1a: Bell Boy\n|turn|1\n|\n|t:|1700725320\n|move|p1a: Bell Boy|Iron Defense|p1a: Bell Boy\n|-boost|p1a: Bell Boy|def|2\n|move|p2a: Porygon2|Trick Room|p2a: Porygon2\n|-fieldstart|move: Trick Room|[of] p2a: Porygon2\n|\n|upkeep\n|turn|2\n|\n|t:|1700725324\n|move|p1a: Bell Boy|Iron Defense|p1a: Bell Boy\n|-boost|p1a: Bell Boy|def|2\n|move|p2a: Porygon2|Teleport|p2a: Porygon2\n|\n|t:|1700725328\n|switch|p2a: Camerupt|Camerupt, M, shiny|100\/100|[from] Teleport\n|\n|upkeep\n|turn|3\n|\n|t:|1700725339\n|switch|p1a: Rampage|Rhyperior, F|100\/100\n|detailschange|p2a: Camerupt|Camerupt-Mega, M, shiny\n|-mega|p2a: Camerupt|Camerupt|Cameruptite\n|move|p2a: Camerupt|Eruption|p1a: Rampage\n|-resisted|p1a: Rampage\n|-damage|p1a: Rampage|71\/100\n|\n|upkeep\n|turn|4\n|\n|t:|1700725351\n|move|p2a: Camerupt|Earth Power|p1a: Rampage\n|-supereffective|p1a: Rampage\n|-damage|p1a: Rampage|0 fnt\n|faint|p1a: Rampage\n|\n|upkeep\n|\n|t:|1700725364\n|switch|p1a: Magnezone|Magnezone|100\/100\n|turn|5\n|\n|t:|1700725371\n|-terastallize|p1a: Magnezone|Flying\n|move|p2a: Camerupt|Flamethrower|p1a: Magnezone\n|-damage|p1a: Magnezone|57\/100\n|move|p1a: Magnezone|Hidden Power|p2a: Camerupt\n|-supereffective|p2a: Camerupt\n|-damage|p2a: Camerupt|52\/100\n|\n|-fieldend|move: Trick Room\n|upkeep\n|turn|6\n|\n|t:|1700725393\n|switch|p2a: Porygon2|Porygon2|100\/100\n|-ability|p2a: Porygon2|Analytic|[from] ability: Trace|[of] p1a: Magnezone\n|move|p1a: Magnezone|Hidden Power|p2a: Porygon2\n|-damage|p2a: Porygon2|84\/100\n|\n|upkeep\n|turn|7\n|\n|t:|1700725402\n|move|p1a: Magnezone|Thunderbolt|p2a: Porygon2\n|-damage|p2a: Porygon2|53\/100\n|move|p2a: Porygon2|Ice Beam|p1a: Magnezone\n|-supereffective|p1a: Magnezone\n|-damage|p1a: Magnezone|15\/100\n|\n|upkeep\n|turn|8\n|\n|t:|1700725408\n|move|p1a: Magnezone|Thunderbolt|p2a: Porygon2\n|-damage|p2a: Porygon2|25\/100\n|move|p2a: Porygon2|Recover|p2a: Porygon2\n|-heal|p2a: Porygon2|75\/100\n|\n|upkeep\n|turn|9\n|\n|t:|1700725413\n|move|p1a: Magnezone|Thunderbolt|p2a: Porygon2\n|-damage|p2a: Porygon2|46\/100\n|move|p2a: Porygon2|Recover|p2a: Porygon2\n|-heal|p2a: Porygon2|96\/100\n|\n|upkeep\n|turn|10\n|\n|t:|1700725419\n|move|p1a: Magnezone|Thunderbolt|p2a: Porygon2\n|-damage|p2a: Porygon2|66\/100\n|move|p2a: Porygon2|Trick Room|p2a: Porygon2\n|-fieldstart|move: Trick Room|[of] p2a: Porygon2\n|\n|upkeep\n|turn|11\n|\n|t:|1700725425\n|move|p1a: Magnezone|Thunderbolt|p2a: Porygon2\n|-damage|p2a: Porygon2|33\/100\n|move|p2a: Porygon2|Teleport|p2a: Porygon2\n|\n|t:|1700725433\n|switch|p2a: Marowak|Marowak-Alola, M, shiny|100\/100|[from] Teleport\n|\n|upkeep\n|turn|12\n|\n|t:|1700725440\n|move|p2a: Marowak|Flare Blitz|p1a: Magnezone\n|-damage|p1a: Magnezone|0 fnt\n|faint|p1a: Magnezone\n|\n|upkeep\n|\n|t:|1700725446\n|switch|p1a: Chomper|Garchomp, M|100\/100\n|turn|13\n|\n|t:|1700725455\n|switch|p2a: Corviknight|Corviknight, M|100\/100\n|move|p1a: Chomper|Earthquake|p2a: Corviknight\n|-immune|p2a: Corviknight\n|\n|upkeep\n|turn|14\n|\n|t:|1700725462\n|move|p2a: Corviknight|Iron Defense|p2a: Corviknight\n|-boost|p2a: Corviknight|def|2\n|move|p1a: Chomper|Swords Dance|p1a: Chomper\n|-boost|p1a: Chomper|atk|2\n|\n|-fieldend|move: Trick Room\n|upkeep\n|turn|15\n|\n|t:|1700725466\n|move|p1a: Chomper|Swords Dance|p1a: Chomper\n|-boost|p1a: Chomper|atk|2\n|move|p2a: Corviknight|Iron Defense|p2a: Corviknight\n|-boost|p2a: Corviknight|def|2\n|\n|upkeep\n|turn|16\n|\n|t:|1700725471\n|move|p1a: Chomper|Swords Dance|p1a: Chomper\n|-boost|p1a: Chomper|atk|2\n|move|p2a: Corviknight|Iron Defense|p2a: Corviknight\n|-boost|p2a: Corviknight|def|2\n|\n|upkeep\n|turn|17\n|\n|t:|1700725474\n|move|p1a: Chomper|Stone Edge|p2a: Corviknight\n|-damage|p2a: Corviknight|76\/100\n|move|p2a: Corviknight|Body Press|p1a: Chomper\n|-damage|p1a: Chomper|7\/100\n|-damage|p2a: Corviknight|64\/100|[from] ability: Rough Skin|[of] p1a: Chomper\n|\n|-heal|p2a: Corviknight|70\/100|[from] item: Leftovers\n|upkeep\n|turn|18\n|\n|t:|1700725480\n|move|p1a: Chomper|Stone Edge|p2a: Corviknight|[miss]\n|-miss|p1a: Chomper|p2a: Corviknight\n|move|p2a: Corviknight|Body Press|p1a: Chomper\n|-damage|p1a: Chomper|0 fnt\n|-damage|p2a: Corviknight|58\/100|[from] ability: Rough Skin|[of] p1a: Chomper\n|faint|p1a: Chomper\n|\n|-heal|p2a: Corviknight|64\/100|[from] item: Leftovers\n|upkeep\n|\n|t:|1700725485\n|switch|p1a: Heatran|Heatran, M|100\/100\n|turn|19\n|\n|t:|1700725491\n|-terastallize|p2a: Corviknight|Dragon\n|move|p1a: Heatran|Magma Storm|p2a: Corviknight\n|-resisted|p2a: Corviknight\n|-damage|p2a: Corviknight|43\/100\n|-activate|p2a: Corviknight|move: Magma Storm|[of] p1a: Heatran\n|move|p2a: Corviknight|Body Press|p1a: Heatran\n|-supereffective|p1a: Heatran\n|-damage|p1a: Heatran|0 fnt\n|faint|p1a: Heatran\n|\n|-heal|p2a: Corviknight|49\/100|[from] item: Leftovers\n|-end|p2a: Corviknight|Magma Storm|[partiallytrapped]|[silent]\n|upkeep\n|\n|t:|1700725504\n|switch|p1a: Gallade|Gallade, M, shiny|100\/100\n|turn|20\n|\n|t:|1700725509\n|detailschange|p1a: Gallade|Gallade-Mega, M, shiny\n|-mega|p1a: Gallade|Gallade|Galladite\n|move|p1a: Gallade|Swords Dance|p1a: Gallade\n|-boost|p1a: Gallade|atk|2\n|move|p2a: Corviknight|Body Press|p1a: Gallade\n|-resisted|p1a: Gallade\n|-damage|p1a: Gallade|42\/100\n|\n|-heal|p2a: Corviknight|56\/100|[from] item: Leftovers\n|upkeep\n|turn|21\n|\n|t:|1700725520\n|move|p1a: Gallade|Close Combat|p2a: Corviknight\n|-damage|p2a: Corviknight|31\/100\n|-unboost|p1a: Gallade|def|1\n|-unboost|p1a: Gallade|spd|1\n|move|p2a: Corviknight|Body Press|p1a: Gallade\n|-resisted|p1a: Gallade\n|-damage|p1a: Gallade|0 fnt\n|faint|p1a: Gallade\n|\n|-heal|p2a: Corviknight|37\/100|[from] item: Leftovers\n|upkeep\n|\n|t:|1700725523\n|switch|p1a: Bell Boy|Bronzong|100\/100\n|turn|22\n|\n|t:|1700725527\n|move|p2a: Corviknight|Body Press|p1a: Bell Boy\n|-damage|p1a: Bell Boy|10\/100\n|move|p1a: Bell Boy|Iron Defense|p1a: Bell Boy\n|-boost|p1a: Bell Boy|def|2\n|\n|-heal|p2a: Corviknight|44\/100|[from] item: Leftovers\n|upkeep\n|turn|23\n|\n|t:|1700725531\n|move|p2a: Corviknight|Body Press|p1a: Bell Boy\n|-damage|p1a: Bell Boy|0 fnt\n|faint|p1a: Bell Boy\n|\n|win|RoadPizza\n|raw|gamin&apos;extreme's rating: 1227 &rarr; <strong>1206<\/strong><br \/>(-21 for losing)\n|raw|RoadPizza's rating: 1290 &rarr; <strong>1311<\/strong><br \/>(+21 for winning)\n","uploadtime":1700725535,"views":2,"p1id":"gaminextreme","p2id":"roadpizza","formatid":"gen9nationaldex","rating":1206,"private":0,"password":""}