{"id":"gen9nationaldex-2000091711","p1":"mujiangge","p2":"CoffeeDrummer","format":"[Gen 9] National Dex","log":"|html|<div class=\"broadcast-blue\"><strong>[Gen 9] National Dex is currently suspecting Sneasler! For information on how to participate check out the <a href=\"https:\/\/www.smogon.com\/forums\/threads\/sv-national-dex-suspect-8-just-dance.3731534\/\">suspect thread<\/a>.<\/strong><\/div>\n|j|\u2606mujiangge\n|j|\u2606CoffeeDrummer\n|t:|1701153186\n|gametype|singles\n|player|p1|mujiangge|dawn|1251\n|player|p2|CoffeeDrummer|bugsy|1193\n|teamsize|p1|6\n|teamsize|p2|6\n|gen|9\n|tier|[Gen 9] National Dex\n|rated|\n|rule|HP Percentage Mod: HP is shown in percentages\n|rule|Endless Battle Clause: Forcing endless battles is banned\n|rule|OHKO Clause: OHKO moves are banned\n|rule|Evasion Clause: Evasion abilities, items, and moves are banned\n|rule|Evasion Abilities Clause: Evasion abilities are banned\n|rule|Evasion Items Clause: Evasion items are banned\n|rule|Evasion Moves Clause: Evasion moves are banned\n|rule|Species Clause: Limit one of each Pok\u00e9mon\n|rule|Sleep Clause Mod: Limit one foe put to sleep\n|clearpoke\n|poke|p1|Lopunny, M|\n|poke|p1|Samurott-Hisui, M|\n|poke|p1|Landorus-Therian, M|\n|poke|p1|Shaymin|\n|poke|p1|Tapu Lele|\n|poke|p1|Empoleon, M|\n|poke|p2|Golisopod, F|\n|poke|p2|Medicham, F|\n|poke|p2|Kartana|\n|poke|p2|Heatran, F|\n|poke|p2|Ribombee, M|\n|poke|p2|Great Tusk|\n|teampreview\n|inactive|Battle timer is ON: inactive players will automatically lose when time's up. (requested by CoffeeDrummer)\n|\n|t:|1701153209\n|start\n|switch|p1a: Lopunny|Lopunny, M|100\/100\n|switch|p2a: Ribombee|Ribombee, M|100\/100\n|turn|1\n|\n|t:|1701153219\n|detailschange|p1a: Lopunny|Lopunny-Mega, M\n|-mega|p1a: Lopunny|Lopunny|Lopunnite\n|move|p1a: Lopunny|Fake Out|p2a: Ribombee\n|-damage|p2a: Ribombee|67\/100\n|move|p2a: Ribombee|Sticky Web|p1a: Lopunny\n|-sidestart|p1: mujiangge|move: Sticky Web\n|\n|upkeep\n|turn|2\n|\n|t:|1701153244\n|switch|p2a: Medicham|Medicham, F|100\/100\n|move|p1a: Lopunny|Return|p2a: Medicham\n|-damage|p2a: Medicham|6\/100\n|\n|upkeep\n|turn|3\n|\n|t:|1701153252\n|detailschange|p2a: Medicham|Medicham-Mega, F\n|-mega|p2a: Medicham|Medicham|Medichamite\n|move|p2a: Medicham|Fake Out|p1a: Lopunny\n|-damage|p1a: Lopunny|67\/100\n|cant|p1a: Lopunny|flinch\n|\n|upkeep\n|turn|4\n|\n|t:|1701153270\n|switch|p2a: Heatran|Heatran, F|100\/100\n|-item|p2a: Heatran|Air Balloon\n|move|p1a: Lopunny|U-turn|p2a: Heatran\n|-resisted|p2a: Heatran\n|-damage|p2a: Heatran|95\/100\n|-enditem|p2a: Heatran|Air Balloon\n|\n|t:|1701153278\n|switch|p1a: Landorus|Landorus-Therian, M|100\/100|[from] U-turn\n|-ability|p1a: Landorus|Intimidate|boost\n|-unboost|p2a: Heatran|atk|1\n|\n|upkeep\n|turn|5\n|\n|t:|1701153297\n|switch|p2a: Golisopod|Golisopod, F|100\/100\n|move|p1a: Landorus|Stealth Rock|p2a: Golisopod\n|-sidestart|p2: CoffeeDrummer|move: Stealth Rock\n|\n|upkeep\n|turn|6\n|\n|t:|1701153314\n|move|p1a: Landorus|Knock Off|p2a: Golisopod\n|-damage|p2a: Golisopod|78\/100\n|-enditem|p2a: Golisopod|Assault Vest|[from] move: Knock Off|[of] p1a: Landorus\n|move|p2a: Golisopod|Liquidation|p1a: Landorus\n|-supereffective|p1a: Landorus\n|-damage|p1a: Landorus|38\/100\n|-damage|p2a: Golisopod|61\/100|[from] item: Rocky Helmet|[of] p1a: Landorus\n|\n|upkeep\n|turn|7\n|\n|t:|1701153328\n|switch|p1a: Empoleon|Empoleon, M|100\/100\n|-activate|p1a: Empoleon|move: Sticky Web\n|-unboost|p1a: Empoleon|spe|1\n|-ability|p1a: Empoleon|Competitive|boost\n|-boost|p1a: Empoleon|spa|2\n|move|p2a: Golisopod|Aqua Jet|p1a: Empoleon\n|-resisted|p1a: Empoleon\n|-damage|p1a: Empoleon|90\/100\n|\n|-heal|p1a: Empoleon|96\/100|[from] item: Leftovers\n|upkeep\n|turn|8\n|\n|t:|1701153343\n|switch|p2a: Heatran|Heatran, F|95\/100\n|-damage|p2a: Heatran|82\/100|[from] Stealth Rock\n|move|p1a: Empoleon|Scald|p2a: Heatran\n|-supereffective|p2a: Heatran\n|-damage|p2a: Heatran|0 fnt\n|faint|p2a: Heatran\n|\n|-heal|p1a: Empoleon|100\/100|[from] item: Leftovers\n|upkeep\n|\n|t:|1701153353\n|switch|p2a: Kartana|Kartana|100\/100\n|-damage|p2a: Kartana|94\/100|[from] Stealth Rock\n|turn|9\n|\n|t:|1701153379\n|-terastallize|p2a: Kartana|Grass\n|-terastallize|p1a: Empoleon|Flying\n|move|p2a: Kartana|Leaf Blade|p1a: Empoleon\n|-resisted|p1a: Empoleon\n|-damage|p1a: Empoleon|59\/100\n|move|p1a: Empoleon|Ice Beam|p2a: Kartana\n|-supereffective|p2a: Kartana\n|-crit|p2a: Kartana\n|-damage|p2a: Kartana|0 fnt\n|faint|p2a: Kartana\n|\n|-heal|p1a: Empoleon|65\/100|[from] item: Leftovers\n|upkeep\n|\n|t:|1701153394\n|switch|p2a: Ribombee|Ribombee, M|67\/100\n|-damage|p2a: Ribombee|42\/100|[from] Stealth Rock\n|turn|10\n|\n|t:|1701153402\n|move|p2a: Ribombee|Moonblast|p1a: Empoleon\n|-damage|p1a: Empoleon|42\/100\n|move|p1a: Empoleon|Ice Beam|p2a: Ribombee\n|-damage|p2a: Ribombee|0 fnt\n|faint|p2a: Ribombee\n|\n|-heal|p1a: Empoleon|48\/100|[from] item: Leftovers\n|upkeep\n|-message|CoffeeDrummer forfeited.\n|\n|win|mujiangge\n|raw|mujiangge's rating: 1251 &rarr; <strong>1272<\/strong><br \/>(+21 for winning)\n|raw|CoffeeDrummer's rating: 1193 &rarr; <strong>1172<\/strong><br \/>(-21 for losing)\n|l|\u2606CoffeeDrummer\n","uploadtime":1701153428,"views":2,"p1id":"mujiangge","p2id":"coffeedrummer","formatid":"gen9nationaldex","rating":1172,"private":0,"password":""}