{"id":"gen9nationaldex-2000651832","p1":"DinoDudePlayzYT","p2":"colressfan34","format":"[Gen 9] National Dex","log":"|html|<div class=\"broadcast-blue\"><strong>[Gen 9] National Dex is currently suspecting Sneasler! For information on how to participate check out the <a href=\"https:\/\/www.smogon.com\/forums\/threads\/sv-national-dex-suspect-8-just-dance.3731534\/\">suspect thread<\/a>.<\/strong><\/div>\n|j|\u2606DinoDudePlayzYT\n|j|\u2606colressfan34\n|t:|1701214743\n|gametype|singles\n|player|p1|DinoDudePlayzYT|silver|1111\n|player|p2|colressfan34|ghetsis|1009\n|teamsize|p1|6\n|teamsize|p2|6\n|gen|9\n|tier|[Gen 9] National Dex\n|rated|\n|rule|HP Percentage Mod: HP is shown in percentages\n|rule|Endless Battle Clause: Forcing endless battles is banned\n|rule|OHKO Clause: OHKO moves are banned\n|rule|Evasion Clause: Evasion abilities, items, and moves are banned\n|rule|Evasion Abilities Clause: Evasion abilities are banned\n|rule|Evasion Items Clause: Evasion items are banned\n|rule|Evasion Moves Clause: Evasion moves are banned\n|rule|Species Clause: Limit one of each Pok\u00e9mon\n|rule|Sleep Clause Mod: Limit one foe put to sleep\n|clearpoke\n|poke|p1|Centiskorch, F|\n|poke|p1|Ribombee, M|\n|poke|p1|Araquanid, M|\n|poke|p1|Scolipede, F|\n|poke|p1|Charjabug, M|\n|poke|p1|Lokix, F|\n|poke|p2|Sneasler, F|\n|poke|p2|Kartana|\n|poke|p2|Ferrothorn, M|\n|poke|p2|Gardevoir, M|\n|poke|p2|Blaziken, F|\n|poke|p2|Jirachi|\n|teampreview\n|inactive|Battle timer is ON: inactive players will automatically lose when time's up. (requested by DinoDudePlayzYT)\n|c|\u2606colressfan34|gl hf !\n|\n|t:|1701214753\n|start\n|switch|p1a: Ribombee|Ribombee, M|100\/100\n|switch|p2a: cool beans|Blaziken, F|100\/100\n|turn|1\n|c|\u2606DinoDudePlayzYT|u2\n|c|\u2606DinoDudePlayzYT|hope my team doesnt bug u\n|\n|t:|1701214767\n|move|p1a: Ribombee|Reflect|p1a: Ribombee\n|-sidestart|p1: DinoDudePlayzYT|Reflect\n|move|p2a: cool beans|Fire Punch|p1a: Ribombee\n|-supereffective|p1a: Ribombee\n|-damage|p1a: Ribombee|14\/100\n|\n|-ability|p2a: cool beans|Speed Boost|boost\n|-boost|p2a: cool beans|spe|1\n|upkeep\n|turn|2\n|c|\u2606colressfan34|haha\n|\n|t:|1701214778\n|move|p2a: cool beans|Blaze Kick|p1a: Ribombee\n|-supereffective|p1a: Ribombee\n|-damage|p1a: Ribombee|0 fnt\n|faint|p1a: Ribombee\n|\n|-ability|p2a: cool beans|Speed Boost|boost\n|-boost|p2a: cool beans|spe|1\n|upkeep\n|\n|t:|1701214795\n|switch|p1a: Centiskorch|Centiskorch, F|100\/100\n|turn|3\n|\n|t:|1701214804\n|move|p2a: cool beans|High Jump Kick|p1a: Centiskorch\n|-resisted|p1a: Centiskorch\n|-damage|p1a: Centiskorch|82\/100\n|move|p1a: Centiskorch|Fire Lash|p2a: cool beans\n|-resisted|p2a: cool beans\n|-damage|p2a: cool beans|71\/100\n|-unboost|p2a: cool beans|def|1\n|\n|-ability|p2a: cool beans|Speed Boost|boost\n|-boost|p2a: cool beans|spe|1\n|upkeep\n|turn|4\n|\n|t:|1701214817\n|move|p2a: cool beans|Dynamic Punch|p1a: Centiskorch\n|-resisted|p1a: Centiskorch\n|-damage|p1a: Centiskorch|65\/100\n|-start|p1a: Centiskorch|confusion\n|-activate|p1a: Centiskorch|confusion\n|-damage|p1a: Centiskorch|49\/100|[from] confusion\n|\n|-ability|p2a: cool beans|Speed Boost|boost\n|-boost|p2a: cool beans|spe|1\n|upkeep\n|turn|5\n|\n|t:|1701214829\n|move|p2a: cool beans|Fire Punch|p1a: Centiskorch\n|-start|p1a: Centiskorch|ability: Flash Fire\n|-activate|p1a: Centiskorch|confusion\n|move|p1a: Centiskorch|Knock Off|p2a: cool beans\n|-resisted|p2a: cool beans\n|-damage|p2a: cool beans|31\/100\n|-enditem|p2a: cool beans|Punching Glove|[from] move: Knock Off|[of] p1a: Centiskorch\n|\n|-ability|p2a: cool beans|Speed Boost|boost\n|-boost|p2a: cool beans|spe|1\n|upkeep\n|turn|6\n|\n|t:|1701214839\n|move|p2a: cool beans|Blaze Kick|p1a: Centiskorch\n|-immune|p1a: Centiskorch|[from] ability: Flash Fire\n|-end|p1a: Centiskorch|confusion\n|move|p1a: Centiskorch|Fire Lash|p2a: cool beans\n|-resisted|p2a: cool beans\n|-damage|p2a: cool beans|0 fnt\n|faint|p2a: cool beans\n|\n|upkeep\n|\n|t:|1701214852\n|switch|p2a: cool dude|Sneasler, F|100\/100\n|turn|7\n|\n|t:|1701214858\n|move|p2a: cool dude|Agility|p2a: cool dude\n|-boost|p2a: cool dude|spe|2\n|move|p1a: Centiskorch|Knock Off|p2a: cool dude\n|-resisted|p2a: cool dude\n|-damage|p2a: cool dude|72\/100\n|-enditem|p2a: cool dude|Focus Sash|[from] move: Knock Off|[of] p1a: Centiskorch\n|\n|upkeep\n|turn|8\n|\n|t:|1701214866\n|move|p2a: cool dude|Acrobatics|p1a: Centiskorch\n|-supereffective|p1a: Centiskorch\n|-crit|p1a: Centiskorch\n|-damage|p1a: Centiskorch|0 fnt\n|faint|p1a: Centiskorch\n|\n|-sideend|p1: DinoDudePlayzYT|Reflect\n|upkeep\n|\n|t:|1701214874\n|switch|p1a: Araquanid|Araquanid, M|100\/100\n|turn|9\n|\n|t:|1701214879\n|move|p2a: cool dude|Acrobatics|p1a: Araquanid\n|-supereffective|p1a: Araquanid\n|-damage|p1a: Araquanid|30\/100\n|move|p1a: Araquanid|Liquidation|p2a: cool dude\n|-damage|p2a: cool dude|0 fnt\n|faint|p2a: cool dude\n|\n|upkeep\n|\n|t:|1701214890\n|switch|p2a: pointy guy|Jirachi|100\/100\n|turn|10\n|\n|t:|1701214896\n|move|p2a: pointy guy|Psyshock|p1a: Araquanid\n|-damage|p1a: Araquanid|1\/100\n|move|p1a: Araquanid|Aqua Ring|p1a: Araquanid\n|-start|p1a: Araquanid|Aqua Ring\n|\n|-heal|p1a: Araquanid|7\/100|[from] Aqua Ring\n|upkeep\n|turn|11\n|\n|t:|1701214903\n|move|p2a: pointy guy|Psyshock|p1a: Araquanid\n|-damage|p1a: Araquanid|0 fnt\n|faint|p1a: Araquanid\n|\n|upkeep\n|\n|t:|1701214910\n|switch|p1a: Charjabug|Charjabug, M|100\/100\n|turn|12\n|c|\u2606colressfan34|holy moly im doing better then i normaly am\n|\n|t:|1701214920\n|move|p2a: pointy guy|Future Sight|p1a: Charjabug\n|-start|p2a: pointy guy|move: Future Sight\n|move|p1a: Charjabug|Skitter Smack|p2a: pointy guy\n|-damage|p2a: pointy guy|74\/100\n|-unboost|p2a: pointy guy|spa|1\n|\n|upkeep\n|turn|13\n|\n|t:|1701214926\n|move|p2a: pointy guy|Dazzling Gleam|p1a: Charjabug\n|-crit|p1a: Charjabug\n|-damage|p1a: Charjabug|73\/100\n|move|p1a: Charjabug|Skitter Smack|p2a: pointy guy\n|-damage|p2a: pointy guy|48\/100\n|-unboost|p2a: pointy guy|spa|1\n|\n|upkeep\n|turn|14\n|\n|t:|1701214933\n|switch|p1a: Lokix|Lokix, F|100\/100\n|move|p2a: pointy guy|Psyshock|p1a: Lokix\n|-immune|p1a: Lokix\n|\n|-end|p1a: Lokix|move: Future Sight\n|-immune|p1a: Lokix\n|upkeep\n|turn|15\n|\n|t:|1701214942\n|switch|p2a: Ferrothorn|Ferrothorn, M|100\/100\n|move|p1a: Lokix|Trailblaze|p2a: Ferrothorn\n|-resisted|p2a: Ferrothorn\n|-damage|p2a: Ferrothorn|97\/100\n|-boost|p1a: Lokix|spe|1\n|-damage|p1a: Lokix|88\/100|[from] ability: Iron Barbs|[of] p2a: Ferrothorn\n|\n|upkeep\n|turn|16\n|\n|t:|1701214952\n|move|p1a: Lokix|Axe Kick|p2a: Ferrothorn\n|-supereffective|p2a: Ferrothorn\n|-damage|p2a: Ferrothorn|50\/100\n|-damage|p1a: Lokix|76\/100|[from] ability: Iron Barbs|[of] p2a: Ferrothorn\n|move|p2a: Ferrothorn|Acid Spray|p1a: Lokix\n|-damage|p1a: Lokix|64\/100\n|-unboost|p1a: Lokix|spd|2\n|\n|upkeep\n|turn|17\n|\n|t:|1701214975\n|switch|p1a: Charjabug|Charjabug, M|73\/100\n|move|p2a: Ferrothorn|Stealth Rock|p1a: Charjabug\n|-sidestart|p1: DinoDudePlayzYT|move: Stealth Rock\n|\n|upkeep\n|turn|18\n|\n|t:|1701214982\n|move|p1a: Charjabug|X-Scissor|p2a: Ferrothorn\n|-damage|p2a: Ferrothorn|31\/100\n|-damage|p1a: Charjabug|61\/100|[from] ability: Iron Barbs|[of] p2a: Ferrothorn\n|move|p2a: Ferrothorn|Acid Spray|p1a: Charjabug\n|-damage|p1a: Charjabug|56\/100\n|-unboost|p1a: Charjabug|spd|2\n|\n|upkeep\n|turn|19\n|\n|t:|1701214999\n|move|p1a: Charjabug|Wild Charge|p2a: Ferrothorn\n|-resisted|p2a: Ferrothorn\n|-damage|p2a: Ferrothorn|20\/100\n|-damage|p1a: Charjabug|44\/100|[from] ability: Iron Barbs|[of] p2a: Ferrothorn\n|-damage|p1a: Charjabug|41\/100|[from] Recoil\n|move|p2a: Ferrothorn|Toxic|p1a: Charjabug\n|-status|p1a: Charjabug|tox\n|\n|-damage|p1a: Charjabug|35\/100 tox|[from] psn\n|upkeep\n|turn|20\n|\n|t:|1701215009\n|move|p1a: Charjabug|X-Scissor|p2a: Ferrothorn\n|-damage|p2a: Ferrothorn|0 fnt\n|-damage|p1a: Charjabug|23\/100 tox|[from] ability: Iron Barbs|[of] p2a: Ferrothorn\n|faint|p2a: Ferrothorn\n|\n|-damage|p1a: Charjabug|11\/100 tox|[from] psn\n|upkeep\n|\n|t:|1701215016\n|switch|p2a: paper cut|Kartana|100\/100\n|turn|21\n|\n|t:|1701215020\n|move|p2a: paper cut|Leaf Blade|p1a: Charjabug\n|-resisted|p1a: Charjabug\n|-damage|p1a: Charjabug|0 fnt\n|faint|p1a: Charjabug\n|-ability|p2a: paper cut|Beast Boost|boost\n|-boost|p2a: paper cut|atk|1\n|\n|upkeep\n|\n|t:|1701215026\n|switch|p1a: Scolipede|Scolipede, F|100\/100\n|-damage|p1a: Scolipede|76\/100|[from] Stealth Rock\n|turn|22\n|\n|t:|1701215031\n|move|p1a: Scolipede|Protect|p1a: Scolipede\n|-singleturn|p1a: Scolipede|Protect\n|move|p2a: paper cut|Knock Off|p1a: Scolipede\n|-activate|p1a: Scolipede|move: Protect\n|\n|-ability|p1a: Scolipede|Speed Boost|boost\n|-boost|p1a: Scolipede|spe|1\n|upkeep\n|turn|23\n|\n|t:|1701215038\n|move|p1a: Scolipede|Swords Dance|p1a: Scolipede\n|-boost|p1a: Scolipede|atk|2\n|move|p2a: paper cut|Knock Off|p1a: Scolipede\n|-damage|p1a: Scolipede|0 fnt\n|-enditem|p1a: Scolipede|Clear Amulet|[from] move: Knock Off|[of] p2a: paper cut\n|faint|p1a: Scolipede\n|-ability|p2a: paper cut|Beast Boost|boost\n|-boost|p2a: paper cut|atk|1\n|\n|upkeep\n|\n|t:|1701215046\n|switch|p1a: Lokix|Lokix, F|64\/100\n|-damage|p1a: Lokix|39\/100|[from] Stealth Rock\n|turn|24\n|c|\u2606colressfan34|oh my goodness i might win\n|c|\u2606DinoDudePlayzYT|gg\n|\n|t:|1701215054\n|move|p1a: Lokix|Sucker Punch|p2a: paper cut\n|-damage|p2a: paper cut|72\/100\n|move|p2a: paper cut|Knock Off|p1a: Lokix\n|-resisted|p1a: Lokix\n|-damage|p1a: Lokix|0 fnt\n|-enditem|p1a: Lokix|Expert Belt|[from] move: Knock Off|[of] p2a: paper cut\n|faint|p1a: Lokix\n|\n|win|colressfan34\n|raw|DinoDudePlayzYT's rating: 1111 &rarr; <strong>1079<\/strong><br \/>(-32 for losing)\n|raw|colressfan34's rating: 1009 &rarr; <strong>1059<\/strong><br \/>(+50 for winning)\n|l|\u2606DinoDudePlayzYT\n|c|\u2606colressfan34|good game\n","uploadtime":1701215078,"views":0,"p1id":"dinodudeplayzyt","p2id":"colressfan34","formatid":"gen9nationaldex","rating":1059,"private":0,"password":""}