{"id":"gen9nationaldex-1992530252","p1":"OrcLoose","p2":"newinthegame","format":"[Gen 9] National Dex","log":"|j|\u2606OrcLoose\n|j|\u203dnewinthegame\n|t:|1700200400\n|gametype|singles\n|player|p1|OrcLoose|winona|1501\n|player|p2|newinthegame|cynthia-gen4|1610\n|teamsize|p1|6\n|teamsize|p2|6\n|gen|9\n|tier|[Gen 9] National Dex\n|rated|\n|rule|HP Percentage Mod: HP is shown in percentages\n|rule|Endless Battle Clause: Forcing endless battles is banned\n|rule|OHKO Clause: OHKO moves are banned\n|rule|Evasion Clause: Evasion abilities, items, and moves are banned\n|rule|Evasion Abilities Clause: Evasion abilities are banned\n|rule|Evasion Items Clause: Evasion items are banned\n|rule|Evasion Moves Clause: Evasion moves are banned\n|rule|Species Clause: Limit one of each Pok\u00e9mon\n|rule|Sleep Clause Mod: Limit one foe put to sleep\n|clearpoke\n|poke|p1|Sharpedo, M|\n|poke|p1|Iron Valiant|\n|poke|p1|Hippowdon, F|\n|poke|p1|Regidrago|\n|poke|p1|Slowking-Galar, M|\n|poke|p1|Tornadus-Therian, M|\n|poke|p2|Tyranitar, F|\n|poke|p2|Excadrill, F|\n|poke|p2|Ogerpon-Wellspring, F|\n|poke|p2|Moltres|\n|poke|p2|Kommo-o, F|\n|poke|p2|Tapu Lele|\n|teampreview\n|inactive|Battle timer is ON: inactive players will automatically lose when time's up. (requested by OrcLoose)\n|\n|t:|1700200422\n|start\n|switch|p1a: Tornadus|Tornadus-Therian, M|100\/100\n|switch|p2a: Ogerpon|Ogerpon-Wellspring, F|100\/100\n|turn|1\n|\n|t:|1700200427\n|switch|p2a: Tyranitar|Tyranitar, F|100\/100\n|-weather|Sandstorm|[from] ability: Sand Stream|[of] p2a: Tyranitar\n|move|p1a: Tornadus|U-turn|p2a: Tyranitar\n|-supereffective|p2a: Tyranitar\n|-damage|p2a: Tyranitar|77\/100\n|\n|t:|1700200455\n|switch|p1a: Sharpedo|Sharpedo, M|100\/100|[from] U-turn\n|\n|-weather|Sandstorm|[upkeep]\n|-damage|p1a: Sharpedo|94\/100|[from] Sandstorm\n|upkeep\n|turn|2\n|inactive|newinthegame has 120 seconds left.\n|inactive|OrcLoose has 120 seconds left.\n|inactive|newinthegame has 90 seconds left.\n|\n|t:|1700200532\n|switch|p2a: Kommo-o|Kommo-o, F|100\/100\n|move|p1a: Sharpedo|Crunch|p2a: Kommo-o\n|-resisted|p2a: Kommo-o\n|-damage|p2a: Kommo-o|81\/100\n|\n|-weather|Sandstorm|[upkeep]\n|-damage|p1a: Sharpedo|88\/100|[from] Sandstorm\n|-damage|p2a: Kommo-o|75\/100|[from] Sandstorm\n|-ability|p1a: Sharpedo|Speed Boost|boost\n|-boost|p1a: Sharpedo|spe|1\n|upkeep\n|turn|3\n|inactive|OrcLoose has 120 seconds left.\n|\n|t:|1700200562\n|move|p1a: Sharpedo|Flip Turn|p2a: Kommo-o\n|-resisted|p2a: Kommo-o\n|-damage|p2a: Kommo-o|60\/100\n|\n|t:|1700200573\n|switch|p1a: Iron Valiant|Iron Valiant|100\/100|[from] Flip Turn\n|move|p2a: Kommo-o|Drain Punch|p1a: Iron Valiant\n|-resisted|p1a: Iron Valiant\n|-damage|p1a: Iron Valiant|76\/100\n|-heal|p2a: Kommo-o|72\/100|[from] drain|[of] p1a: Iron Valiant\n|\n|-weather|Sandstorm|[upkeep]\n|-damage|p1a: Iron Valiant|69\/100|[from] Sandstorm\n|-damage|p2a: Kommo-o|66\/100|[from] Sandstorm\n|upkeep\n|turn|4\n|inactive|newinthegame has 90 seconds left.\n|inactive|OrcLoose has 90 seconds left.\n|\n|t:|1700200595\n|switch|p2a: Moltres|Moltres|100\/100\n|move|p1a: Iron Valiant|Psyshock|p2a: Moltres\n|-damage|p2a: Moltres|79\/100\n|-damage|p1a: Iron Valiant|60\/100|[from] item: Life Orb\n|\n|-weather|Sandstorm|[upkeep]\n|-damage|p1a: Iron Valiant|53\/100|[from] Sandstorm\n|-damage|p2a: Moltres|73\/100|[from] Sandstorm\n|upkeep\n|turn|5\n|inactive|OrcLoose has 90 seconds left.\n|\n|t:|1700200607\n|-end|p1a: Iron Valiant|Quark Drive|[silent]\n|switch|p1a: Hippowdon|Hippowdon, F|100\/100\n|move|p2a: Moltres|U-turn|p1a: Hippowdon\n|-damage|p1a: Hippowdon|92\/100\n|-enditem|p1a: Hippowdon|Eject Button\n|\n|t:|1700200620\n|switch|p1a: Regidrago|Regidrago|100\/100\n|\n|-weather|none\n|upkeep\n|turn|6\n|\n|t:|1700200635\n|switch|p2a: Tapu Lele|Tapu Lele|100\/100\n|-fieldstart|move: Psychic Terrain|[from] ability: Psychic Surge|[of] p2a: Tapu Lele\n|-terastallize|p1a: Regidrago|Poison\n|move|p1a: Regidrago|Tera Blast|p2a: Tapu Lele|[anim] Tera Blast Poison\n|-supereffective|p2a: Tapu Lele\n|-damage|p2a: Tapu Lele|30\/100\n|\n|upkeep\n|turn|7\n|\n|t:|1700200659\n|switch|p1a: Sharpedo|Sharpedo, M|88\/100\n|move|p2a: Tapu Lele|Psychic|p1a: Sharpedo\n|-immune|p1a: Sharpedo\n|\n|upkeep\n|turn|8\n|-message|newinthegame forfeited.\n|\n|win|OrcLoose\n|raw|OrcLoose's rating: 1501 &rarr; <strong>1527<\/strong><br \/>(+26 for winning)\n|raw|newinthegame's rating: 1610 &rarr; <strong>1584<\/strong><br \/>(-26 for losing)\n|l|\u203dnewinthegame\n","uploadtime":1700200671,"views":5,"p1id":"orcloose","p2id":"newinthegame","formatid":"gen9nationaldex","rating":1527,"private":0,"password":""}