{"id":"gen9nationaldex-1993020002","p1":"ajdrawshq","p2":"TheEmeraldGamerGuy","format":"[Gen 9] National Dex","log":"|j|\u2606ajdrawshq\n|j|\u2606TheEmeraldGamerGuy\n|t:|1700256131\n|gametype|singles\n|player|p1|ajdrawshq|silver|1441\n|player|p2|TheEmeraldGamerGuy|colress|1559\n|teamsize|p1|6\n|teamsize|p2|6\n|gen|9\n|tier|[Gen 9] National Dex\n|rated|\n|rule|HP Percentage Mod: HP is shown in percentages\n|rule|Endless Battle Clause: Forcing endless battles is banned\n|rule|OHKO Clause: OHKO moves are banned\n|rule|Evasion Clause: Evasion abilities, items, and moves are banned\n|rule|Evasion Abilities Clause: Evasion abilities are banned\n|rule|Evasion Items Clause: Evasion items are banned\n|rule|Evasion Moves Clause: Evasion moves are banned\n|rule|Species Clause: Limit one of each Pok\u00e9mon\n|rule|Sleep Clause Mod: Limit one foe put to sleep\n|clearpoke\n|poke|p1|Keldeo-Resolute|\n|poke|p1|Lopunny, M|\n|poke|p1|Ribombee, F|\n|poke|p1|Alomomola, M|\n|poke|p1|Corviknight, F|\n|poke|p1|Goodra-Hisui, F|\n|poke|p2|Alomomola, F|\n|poke|p2|Dragonite, M|\n|poke|p2|Scizor, M|\n|poke|p2|Hoopa-Unbound|\n|poke|p2|Moltres|\n|poke|p2|Clefable, M|\n|teampreview\n|inactive|Battle timer is ON: inactive players will automatically lose when time's up. (requested by TheEmeraldGamerGuy)\n|inactive|ajdrawshq also wants the timer to be on.\n|\n|t:|1700256144\n|start\n|switch|p1a: Lopunny|Lopunny, M|100\/100\n|switch|p2a: Scizor|Scizor, M|100\/100\n|turn|1\n|\n|t:|1700256154\n|switch|p2a: Moltres|Moltres|100\/100\n|-ability|p2a: Moltres|Pressure\n|detailschange|p1a: Lopunny|Lopunny-Mega, M\n|-mega|p1a: Lopunny|Lopunny|Lopunnite\n|move|p1a: Lopunny|U-turn|p2a: Moltres\n|-resisted|p2a: Moltres\n|-crit|p2a: Moltres\n|-damage|p2a: Moltres|91\/100\n|\n|t:|1700256159\n|switch|p1a: Keldeo|Keldeo-Resolute|100\/100|[from] U-turn\n|\n|upkeep\n|turn|2\n|\n|t:|1700256166\n|switch|p2a: Clefable|Clefable, M|100\/100\n|-terastallize|p1a: Keldeo|Water\n|move|p1a: Keldeo|Surf|p2a: Clefable\n|-damage|p2a: Clefable|35\/100\n|-damage|p1a: Keldeo|91\/100|[from] item: Life Orb\n|\n|-heal|p2a: Clefable|41\/100|[from] item: Leftovers\n|upkeep\n|turn|3\n|\n|t:|1700256171\n|switch|p2a: Alomomola|Alomomola, F|100\/100\n|move|p1a: Keldeo|Surf|p2a: Alomomola\n|-resisted|p2a: Alomomola\n|-damage|p2a: Alomomola|64\/100\n|-damage|p1a: Keldeo|81\/100|[from] item: Life Orb\n|\n|upkeep\n|turn|4\n|\n|t:|1700256178\n|move|p1a: Keldeo|Air Slash|p2a: Alomomola\n|-damage|p2a: Alomomola|35\/100\n|-damage|p1a: Keldeo|71\/100|[from] item: Life Orb\n|move|p2a: Alomomola|Wish|p2a: Alomomola\n|\n|upkeep\n|turn|5\n|\n|t:|1700256186\n|switch|p1a: Goodra|Goodra-Hisui, F|100\/100\n|move|p2a: Alomomola|Protect||[still]\n|-fail|p2a: Alomomola\n|\n|-heal|p2a: Alomomola|85\/100|[from] move: Wish|[wisher] Alomomola\n|upkeep\n|turn|6\n|\n|t:|1700256192\n|switch|p2a: Clefable|Clefable, M|41\/100\n|move|p1a: Goodra|Draco Meteor|p2a: Clefable\n|-immune|p2a: Clefable\n|\n|-heal|p2a: Clefable|47\/100|[from] item: Leftovers\n|upkeep\n|turn|7\n|\n|t:|1700256197\n|switch|p2a: Moltres|Moltres|91\/100\n|-ability|p2a: Moltres|Pressure\n|move|p1a: Goodra|Iron Head|p2a: Moltres\n|-resisted|p2a: Moltres\n|-damage|p2a: Moltres|78\/100\n|\n|upkeep\n|turn|8\n|\n|t:|1700256203\n|move|p2a: Moltres|Hurricane|p1a: Goodra|[miss]\n|-miss|p2a: Moltres|p1a: Goodra\n|move|p1a: Goodra|Draco Meteor|p2a: Moltres\n|-damage|p2a: Moltres|41\/100\n|-unboost|p1a: Goodra|spa|2\n|\n|upkeep\n|turn|9\n|\n|t:|1700256212\n|switch|p1a: Ribombee|Ribombee, F|100\/100\n|move|p2a: Moltres|Roost|p2a: Moltres\n|-heal|p2a: Moltres|91\/100\n|-singleturn|p2a: Moltres|move: Roost\n|\n|upkeep\n|turn|10\n|\n|t:|1700256220\n|move|p1a: Ribombee|Quiver Dance|p1a: Ribombee\n|-boost|p1a: Ribombee|spa|1\n|-boost|p1a: Ribombee|spd|1\n|-boost|p1a: Ribombee|spe|1\n|move|p2a: Moltres|Flamethrower|p1a: Ribombee\n|-supereffective|p1a: Ribombee\n|-damage|p1a: Ribombee|5\/100\n|\n|upkeep\n|turn|11\n|\n|t:|1700256227\n|move|p1a: Ribombee|Hidden Power|p2a: Moltres\n|-supereffective|p2a: Moltres\n|-damage|p2a: Moltres|21\/100\n|move|p2a: Moltres|Flamethrower|p1a: Ribombee\n|-supereffective|p1a: Ribombee\n|-damage|p1a: Ribombee|0 fnt\n|faint|p1a: Ribombee\n|\n|upkeep\n|\n|t:|1700256233\n|switch|p1a: Keldeo|Keldeo-Resolute, tera:Water|71\/100\n|turn|12\n|\n|t:|1700256241\n|switch|p2a: Alomomola|Alomomola, F|100\/100\n|move|p1a: Keldeo|Surf|p2a: Alomomola\n|-resisted|p2a: Alomomola\n|-damage|p2a: Alomomola|63\/100\n|-damage|p1a: Keldeo|61\/100|[from] item: Life Orb\n|\n|upkeep\n|turn|13\n|\n|t:|1700256247\n|switch|p1a: Alomomola|Alomomola, M, shiny|100\/100\n|move|p2a: Alomomola|Wish|p2a: Alomomola\n|\n|upkeep\n|turn|14\n|\n|t:|1700256261\n|move|p2a: Alomomola|Flip Turn|p1a: Alomomola\n|-resisted|p1a: Alomomola\n|-damage|p1a: Alomomola|96\/100\n|-damage|p2a: Alomomola|47\/100|[from] item: Rocky Helmet|[of] p1a: Alomomola\n|\n|t:|1700256267\n|switch|p2a: Moltres|Moltres|21\/100|[from] Flip Turn\n|-ability|p2a: Moltres|Pressure\n|move|p1a: Alomomola|Wish|p1a: Alomomola\n|\n|-heal|p2a: Moltres|83\/100|[from] move: Wish|[wisher] Alomomola\n|upkeep\n|turn|15\n|\n|t:|1700256285\n|switch|p2a: Alomomola|Alomomola, F|80\/100\n|move|p1a: Alomomola|Flip Turn|p2a: Alomomola\n|-resisted|p2a: Alomomola\n|-damage|p2a: Alomomola|75\/100\n|-damage|p1a: Alomomola|79\/100|[from] item: Rocky Helmet|[of] p2a: Alomomola\n|\n|t:|1700256290\n|switch|p1a: Keldeo|Keldeo-Resolute, tera:Water|61\/100|[from] Flip Turn\n|\n|-heal|p1a: Keldeo|100\/100|[from] move: Wish|[wisher] Alomomola\n|upkeep\n|turn|16\n|\n|t:|1700256295\n|move|p1a: Keldeo|Surf|p2a: Alomomola\n|-resisted|p2a: Alomomola\n|-damage|p2a: Alomomola|37\/100\n|-damage|p1a: Keldeo|91\/100|[from] item: Life Orb\n|move|p2a: Alomomola|Wish|p2a: Alomomola\n|\n|upkeep\n|turn|17\n|\n|t:|1700256305\n|move|p2a: Alomomola|Protect|p2a: Alomomola\n|-singleturn|p2a: Alomomola|Protect\n|move|p1a: Keldeo|Surf|p2a: Alomomola\n|-activate|p2a: Alomomola|move: Protect\n|\n|-heal|p2a: Alomomola|87\/100|[from] move: Wish|[wisher] Alomomola\n|upkeep\n|turn|18\n|\n|t:|1700256312\n|move|p1a: Keldeo|Air Slash|p2a: Alomomola\n|-damage|p2a: Alomomola|55\/100\n|-damage|p1a: Keldeo|81\/100|[from] item: Life Orb\n|move|p2a: Alomomola|Toxic|p1a: Keldeo\n|-status|p1a: Keldeo|tox\n|\n|-damage|p1a: Keldeo|74\/100 tox|[from] psn\n|upkeep\n|turn|19\n|\n|t:|1700256320\n|switch|p1a: Alomomola|Alomomola, M, shiny|100\/100\n|move|p2a: Alomomola|Protect||[still]\n|-fail|p2a: Alomomola\n|\n|upkeep\n|turn|20\n|-message|ajdrawshq forfeited.\n|\n|win|TheEmeraldGamerGuy\n|raw|ajdrawshq's rating: 1441 &rarr; <strong>1428<\/strong><br \/>(-13 for losing)\n|raw|TheEmeraldGamerGuy's rating: 1559 &rarr; <strong>1572<\/strong><br \/>(+13 for winning)\n|l|\u2606ajdrawshq\n","uploadtime":1700256335,"views":21,"p1id":"ajdrawshq","p2id":"theemeraldgamerguy","formatid":"gen9nationaldex","rating":1428,"private":0,"password":""}