{"id":"gen9nationaldex-1999113485","p1":"Prekoniker","p2":"MunchingPatato","format":"[Gen 9] National Dex","log":"|html|<div class=\"broadcast-blue\"><strong>[Gen 9] National Dex is currently suspecting Sneasler! For information on how to participate check out the <a href=\"https:\/\/www.smogon.com\/forums\/threads\/sv-national-dex-suspect-8-just-dance.3731534\/\">suspect thread<\/a>.<\/strong><\/div>\n|j|\u2606Prekoniker\n|j|\u2606MunchingPatato\n|t:|1701034564\n|gametype|singles\n|player|p1|Prekoniker|102|\n|player|p2|MunchingPatato|preschooler|\n|teamsize|p1|6\n|teamsize|p2|6\n|gen|9\n|tier|[Gen 9] National Dex\n|rule|HP Percentage Mod: HP is shown in percentages\n|rule|Endless Battle Clause: Forcing endless battles is banned\n|rule|OHKO Clause: OHKO moves are banned\n|rule|Evasion Clause: Evasion abilities, items, and moves are banned\n|rule|Evasion Abilities Clause: Evasion abilities are banned\n|rule|Evasion Items Clause: Evasion items are banned\n|rule|Evasion Moves Clause: Evasion moves are banned\n|rule|Species Clause: Limit one of each Pok\u00e9mon\n|rule|Sleep Clause Mod: Limit one foe put to sleep\n|clearpoke\n|poke|p1|Galvantula, F|\n|poke|p1|Zapdos|\n|poke|p1|Magnezone|\n|poke|p1|Lanturn, F|\n|poke|p1|Jolteon, M|\n|poke|p1|Luxray, F|\n|poke|p2|Rillaboom, F|\n|poke|p2|Clefable, M|\n|poke|p2|Infernape, F|\n|poke|p2|Corviknight, F|\n|poke|p2|Greninja-*, M|\n|poke|p2|Dragonite, M|\n|teampreview\n|\n|t:|1701034620\n|start\n|switch|p1a: Jolteon|Jolteon, M|100\/100\n|switch|p2a: Rillaboom|Rillaboom, F|100\/100\n|-fieldstart|move: Grassy Terrain|[from] ability: Grassy Surge|[of] p2a: Rillaboom\n|turn|1\n|\n|t:|1701034632\n|switch|p1a: Luxray|Luxray, F|100\/100\n|-ability|p1a: Luxray|Intimidate|boost\n|-unboost|p2a: Rillaboom|atk|1\n|move|p2a: Rillaboom|Grassy Glide|p1a: Luxray\n|-damage|p1a: Luxray|57\/100\n|\n|-heal|p1a: Luxray|63\/100|[from] Grassy Terrain\n|upkeep\n|turn|2\n|\n|t:|1701034645\n|switch|p2a: Clefable|Clefable, M|100\/100\n|move|p1a: Luxray|Fire Fang|p2a: Clefable\n|-damage|p2a: Clefable|73\/100\n|\n|-heal|p1a: Luxray|69\/100|[from] Grassy Terrain\n|-heal|p2a: Clefable|79\/100|[from] Grassy Terrain\n|-heal|p2a: Clefable|85\/100|[from] item: Leftovers\n|upkeep\n|turn|3\n|\n|t:|1701034656\n|move|p1a: Luxray|Wild Charge|p2a: Clefable\n|-damage|p2a: Clefable|28\/100\n|-damage|p1a: Luxray|54\/100|[from] Recoil\n|move|p2a: Clefable|Wish|p2a: Clefable\n|\n|-heal|p1a: Luxray|60\/100|[from] Grassy Terrain\n|-heal|p2a: Clefable|34\/100|[from] Grassy Terrain\n|-heal|p2a: Clefable|40\/100|[from] item: Leftovers\n|upkeep\n|turn|4\n|\n|t:|1701034671\n|switch|p1a: Galvantula|Galvantula, F|100\/100\n|switch|p2a: Rillaboom|Rillaboom, F|100\/100\n|\n|upkeep\n|turn|5\n|\n|t:|1701034694\n|move|p1a: Galvantula|Bug Buzz|p2a: Rillaboom\n|-supereffective|p2a: Rillaboom\n|-damage|p2a: Rillaboom|7\/100\n|move|p2a: Rillaboom|Drain Punch|p1a: Galvantula\n|-resisted|p1a: Galvantula\n|-damage|p1a: Galvantula|64\/100\n|-heal|p2a: Rillaboom|22\/100|[from] drain|[of] p1a: Galvantula\n|\n|-heal|p1a: Galvantula|70\/100|[from] Grassy Terrain\n|-heal|p2a: Rillaboom|28\/100|[from] Grassy Terrain\n|-fieldend|move: Grassy Terrain\n|upkeep\n|turn|6\n|\n|t:|1701034718\n|switch|p2a: Infernape|Infernape, F|100\/100\n|move|p1a: Galvantula|Sticky Web|p2a: Infernape\n|-sidestart|p2: MunchingPatato|move: Sticky Web\n|\n|upkeep\n|turn|7\n|\n|t:|1701034731\n|switch|p1a: Luxray|Luxray, F|60\/100\n|-ability|p1a: Luxray|Intimidate|boost\n|-unboost|p2a: Infernape|atk|1\n|move|p2a: Infernape|Nasty Plot|p2a: Infernape\n|-boost|p2a: Infernape|spa|2\n|\n|upkeep\n|turn|8\n|\n|t:|1701034751\n|move|p2a: Infernape|Flamethrower|p1a: Luxray\n|-damage|p1a: Luxray|0 fnt\n|faint|p1a: Luxray\n|\n|upkeep\n|\n|t:|1701034766\n|switch|p1a: Jolteon|Jolteon, M|100\/100\n|turn|9\n|\n|t:|1701034777\n|move|p2a: Infernape|Vacuum Wave|p1a: Jolteon\n|-damage|p1a: Jolteon|50\/100\n|move|p1a: Jolteon|Discharge|p2a: Infernape\n|-damage|p2a: Infernape|19\/100\n|\n|upkeep\n|turn|10\n|\n|t:|1701034801\n|switch|p1a: Zapdos|Zapdos|100\/100\n|switch|p2a: Clefable|Clefable, M|40\/100\n|-activate|p2a: Clefable|move: Sticky Web\n|-unboost|p2a: Clefable|spe|1\n|\n|-heal|p2a: Clefable|46\/100|[from] item: Leftovers\n|upkeep\n|turn|11\n|\n|t:|1701034812\n|move|p1a: Zapdos|Discharge|p2a: Clefable\n|-damage|p2a: Clefable|21\/100\n|-status|p2a: Clefable|par\n|move|p2a: Clefable|Soft-Boiled|p2a: Clefable\n|-heal|p2a: Clefable|71\/100 par\n|\n|-heal|p2a: Clefable|77\/100 par|[from] item: Leftovers\n|upkeep\n|turn|12\n|\n|t:|1701034820\n|move|p1a: Zapdos|Volt Switch|p2a: Clefable\n|-damage|p2a: Clefable|57\/100 par\n|\n|t:|1701034826\n|switch|p1a: Magnezone|Magnezone|100\/100|[from] Volt Switch\n|cant|p2a: Clefable|par\n|\n|-heal|p2a: Clefable|63\/100 par|[from] item: Leftovers\n|upkeep\n|turn|13\n|\n|t:|1701034836\n|switch|p2a: Corviknight|Corviknight, F|100\/100\n|-ability|p2a: Corviknight|Pressure\n|move|p1a: Magnezone|Flash Cannon|p2a: Corviknight\n|-resisted|p2a: Corviknight\n|-damage|p2a: Corviknight|69\/100\n|\n|upkeep\n|turn|14\n|\n|t:|1701034843\n|switch|p1a: Galvantula|Galvantula, F|70\/100\n|move|p2a: Corviknight|Defog|p1a: Galvantula\n|-unboost|p1a: Galvantula|evasion|1\n|-sideend|p2: MunchingPatato|Sticky Web|[from] move: Defog|[of] p2a: Corviknight\n|\n|upkeep\n|turn|15\n|\n|t:|1701034854\n|move|p1a: Galvantula|Electro Ball|p2a: Corviknight\n|-supereffective|p2a: Corviknight\n|-damage|p2a: Corviknight|2\/100\n|move|p2a: Corviknight|Brave Bird|p1a: Galvantula\n|-damage|p1a: Galvantula|4\/100\n|-damage|p2a: Corviknight|0 fnt|[from] Recoil\n|faint|p2a: Corviknight\n|\n|upkeep\n|\n|t:|1701034863\n|switch|p2a: Dragonite|Dragonite, M|100\/100\n|turn|16\n|\n|t:|1701034873\n|switch|p1a: Zapdos|Zapdos|100\/100\n|move|p2a: Dragonite|Dragon Dance|p2a: Dragonite\n|-boost|p2a: Dragonite|atk|1\n|-boost|p2a: Dragonite|spe|1\n|\n|upkeep\n|turn|17\n|\n|t:|1701034888\n|move|p2a: Dragonite|Dragon Dance|p2a: Dragonite\n|-boost|p2a: Dragonite|atk|1\n|-boost|p2a: Dragonite|spe|1\n|move|p1a: Zapdos|Discharge|p2a: Dragonite\n|-damage|p2a: Dragonite|81\/100\n|-status|p2a: Dragonite|par\n|\n|upkeep\n|turn|18\n|\n|t:|1701034909\n|move|p2a: Dragonite|Extreme Speed|p1a: Zapdos\n|-damage|p1a: Zapdos|51\/100\n|move|p1a: Zapdos|Volt Switch|p2a: Dragonite\n|-damage|p2a: Dragonite|44\/100 par\n|\n|t:|1701034914\n|switch|p1a: Magnezone|Magnezone|100\/100|[from] Volt Switch\n|\n|upkeep\n|turn|19\n|\n|t:|1701034929\n|switch|p2a: Greninja|Greninja, M|100\/100\n|move|p1a: Magnezone|Signal Beam|p2a: Greninja\n|-supereffective|p2a: Greninja\n|-damage|p2a: Greninja|0 fnt\n|faint|p2a: Greninja\n|\n|upkeep\n|\n|t:|1701034937\n|switch|p2a: Infernape|Infernape, F|19\/100\n|turn|20\n|\n|t:|1701034957\n|move|p2a: Infernape|Grass Knot|p1a: Magnezone\n|-resisted|p1a: Magnezone\n|-damage|p1a: Magnezone|83\/100\n|move|p1a: Magnezone|Signal Beam|p2a: Infernape\n|-resisted|p2a: Infernape\n|-damage|p2a: Infernape|3\/100\n|-start|p2a: Infernape|confusion\n|\n|upkeep\n|turn|21\n|\n|t:|1701034971\n|-activate|p2a: Infernape|confusion\n|move|p2a: Infernape|Flamethrower|p1a: Magnezone\n|-supereffective|p1a: Magnezone\n|-damage|p1a: Magnezone|0 fnt\n|faint|p1a: Magnezone\n|\n|upkeep\n|c|\u2606MunchingPatato|bro ur actually outpredicting me :(\n|c|\u2606Prekoniker|i try to atleast which cost me my magnezone xD\n|\n|t:|1701034999\n|switch|p1a: Zapdos|Zapdos|51\/100\n|turn|22\n|\n|t:|1701035007\n|-activate|p2a: Infernape|confusion\n|move|p2a: Infernape|Flamethrower|p1a: Zapdos\n|-damage|p1a: Zapdos|12\/100\n|move|p1a: Zapdos|Hurricane|p2a: Infernape\n|-supereffective|p2a: Infernape\n|-damage|p2a: Infernape|0 fnt\n|faint|p2a: Infernape\n|\n|upkeep\n|\n|t:|1701035017\n|switch|p2a: Dragonite|Dragonite, M|44\/100 par\n|turn|23\n|\n|t:|1701035039\n|move|p1a: Zapdos|Discharge|p2a: Dragonite\n|-damage|p2a: Dragonite|5\/100 par\n|move|p2a: Dragonite|Dragon Dance|p2a: Dragonite\n|-boost|p2a: Dragonite|atk|1\n|-boost|p2a: Dragonite|spe|1\n|\n|upkeep\n|turn|24\n|\n|t:|1701035049\n|cant|p2a: Dragonite|par\n|move|p1a: Zapdos|Discharge|p2a: Dragonite\n|-damage|p2a: Dragonite|0 fnt\n|faint|p2a: Dragonite\n|\n|upkeep\n|c|\u2606MunchingPatato|bruh the paralyze\n|\n|t:|1701035066\n|switch|p2a: Rillaboom|Rillaboom, F|28\/100\n|-fieldstart|move: Grassy Terrain|[from] ability: Grassy Surge|[of] p2a: Rillaboom\n|turn|25\n|c|\u2606Prekoniker|thats what its for xD\n|\n|t:|1701035071\n|move|p2a: Rillaboom|Grassy Glide|p1a: Zapdos\n|-resisted|p1a: Zapdos\n|-damage|p1a: Zapdos|0 fnt\n|faint|p1a: Zapdos\n|\n|-heal|p2a: Rillaboom|34\/100|[from] Grassy Terrain\n|upkeep\n|\n|t:|1701035099\n|switch|p1a: Galvantula|Galvantula, F|4\/100\n|turn|26\n|\n|t:|1701035135\n|move|p2a: Rillaboom|Grassy Glide|p1a: Galvantula\n|-resisted|p1a: Galvantula\n|-damage|p1a: Galvantula|0 fnt\n|faint|p1a: Galvantula\n|\n|-heal|p2a: Rillaboom|40\/100|[from] Grassy Terrain\n|upkeep\n|\n|t:|1701035148\n|switch|p1a: Lanturn|Lanturn, F|100\/100\n|turn|27\n|\n|t:|1701035152\n|move|p2a: Rillaboom|Grassy Glide|p1a: Lanturn\n|-supereffective|p1a: Lanturn\n|-damage|p1a: Lanturn|0 fnt\n|faint|p1a: Lanturn\n|\n|-heal|p2a: Rillaboom|47\/100|[from] Grassy Terrain\n|upkeep\n|\n|t:|1701035156\n|switch|p1a: Jolteon|Jolteon, M|50\/100\n|turn|28\n|\n|t:|1701035164\n|move|p2a: Rillaboom|Grassy Glide|p1a: Jolteon\n|-damage|p1a: Jolteon|0 fnt\n|faint|p1a: Jolteon\n|\n|win|MunchingPatato\n|c|\u2606Prekoniker|gg\n|l|\u2606Prekoniker\n|c|\u2606MunchingPatato|gg\n","uploadtime":1701036801,"views":17,"p1id":"prekoniker","p2id":"munchingpatato","formatid":"gen9nationaldex","rating":0,"private":0,"password":""}