{"id":"gen9nationaldex-1988165822","p1":"woshikoudaimi","p2":"Zoru desu","format":"[Gen 9] National Dex","log":"|j|\u2606woshikoudaimi\n|j|\u2606Zoru desu\n|t:|1699678255\n|gametype|singles\n|player|p1|woshikoudaimi|hilda-masters3|1330\n|player|p2|Zoru desu|roxie|1433\n|teamsize|p1|6\n|teamsize|p2|6\n|gen|9\n|tier|[Gen 9] National Dex\n|rated|\n|rule|HP Percentage Mod: HP is shown in percentages\n|rule|Endless Battle Clause: Forcing endless battles is banned\n|rule|OHKO Clause: OHKO moves are banned\n|rule|Evasion Clause: Evasion abilities, items, and moves are banned\n|rule|Evasion Abilities Clause: Evasion abilities are banned\n|rule|Evasion Items Clause: Evasion items are banned\n|rule|Evasion Moves Clause: Evasion moves are banned\n|rule|Species Clause: Limit one of each Pok\u00e9mon\n|rule|Sleep Clause Mod: Limit one foe put to sleep\n|clearpoke\n|poke|p1|Tyranitar, F|\n|poke|p1|Iron Valiant|\n|poke|p1|Moltres|\n|poke|p1|Glimmora, F|\n|poke|p1|Volcanion|\n|poke|p1|Dragonite, F|\n|poke|p2|Lopunny, F|\n|poke|p2|Landorus-Therian, M|\n|poke|p2|Zapdos|\n|poke|p2|Tapu Lele|\n|poke|p2|Sneasler, M|\n|poke|p2|Heatran, M|\n|teampreview\n|\n|t:|1699678262\n|start\n|switch|p1a: Psychedelic|Glimmora, F, shiny|100\/100\n|switch|p2a: Landorus|Landorus-Therian, M|100\/100\n|-ability|p2a: Landorus|Intimidate|boost\n|-unboost|p1a: Psychedelic|atk|1\n|turn|1\n|inactive|Battle timer is ON: inactive players will automatically lose when time's up. (requested by woshikoudaimi)\n|\n|t:|1699678276\n|move|p2a: Landorus|Knock Off|p1a: Psychedelic\n|-damage|p1a: Psychedelic|58\/100\n|-activate|p1a: Psychedelic|ability: Toxic Debris\n|-sidestart|p2: Zoru desu|move: Toxic Spikes\n|-enditem|p1a: Psychedelic|Focus Sash|[from] move: Knock Off|[of] p2a: Landorus\n|move|p1a: Psychedelic|Stealth Rock|p2a: Landorus\n|-sidestart|p2: Zoru desu|move: Stealth Rock\n|\n|upkeep\n|turn|2\n|j| A3322\n|\n|t:|1699678287\n|move|p2a: Landorus|Earthquake|p1a: Psychedelic\n|-supereffective|p1a: Psychedelic\n|-damage|p1a: Psychedelic|0 fnt\n|-activate|p1a: Psychedelic|ability: Toxic Debris\n|-sidestart|p2: Zoru desu|move: Toxic Spikes\n|faint|p1a: Psychedelic\n|\n|upkeep\n|\n|t:|1699678301\n|switch|p1a: Volcanion|Volcanion|100\/100\n|turn|3\n|\n|t:|1699678325\n|move|p2a: Landorus|U-turn|p1a: Volcanion\n|-resisted|p1a: Volcanion\n|-damage|p1a: Volcanion|89\/100\n|\n|t:|1699678330\n|switch|p2a: Zapdos|Zapdos|100\/100|[from] U-turn\n|-damage|p2a: Zapdos|75\/100|[from] Stealth Rock\n|move|p1a: Volcanion|Steam Eruption|p2a: Zapdos\n|-damage|p2a: Zapdos|14\/100\n|-status|p2a: Zapdos|brn\n|\n|-damage|p2a: Zapdos|7\/100 brn|[from] brn\n|upkeep\n|turn|4\n|inactive|woshikoudaimi has 120 seconds left.\n|\n|t:|1699678384\n|switch|p1a: Tyranitar|Tyranitar, F|100\/100\n|-weather|Sandstorm|[from] ability: Sand Stream|[of] p1a: Tyranitar\n|move|p2a: Zapdos|Defog|p1a: Tyranitar\n|-unboost|p1a: Tyranitar|evasion|1\n|-sideend|p2: Zoru desu|Toxic Spikes|[from] move: Defog|[of] p2a: Zapdos\n|-sideend|p2: Zoru desu|Stealth Rock|[from] move: Defog|[of] p2a: Zapdos\n|\n|-weather|Sandstorm|[upkeep]\n|-damage|p2a: Zapdos|1\/100 brn|[from] Sandstorm\n|-damage|p2a: Zapdos|0 fnt|[from] brn\n|faint|p2a: Zapdos\n|upkeep\n|\n|t:|1699678394\n|switch|p2a: Lopunny|Lopunny, F, shiny|100\/100\n|turn|5\n|\n|t:|1699678413\n|switch|p2a: Landorus|Landorus-Therian, M|100\/100\n|-ability|p2a: Landorus|Intimidate|boost\n|-unboost|p1a: Tyranitar|atk|1\n|detailschange|p1a: Tyranitar|Tyranitar-Mega, F\n|-mega|p1a: Tyranitar|Tyranitar|Tyranitarite\n|move|p1a: Tyranitar|Earthquake|p2a: Landorus\n|-immune|p2a: Landorus\n|\n|-weather|Sandstorm|[upkeep]\n|upkeep\n|turn|6\n|\n|t:|1699678424\n|move|p2a: Landorus|Stealth Rock|p1a: Tyranitar\n|-sidestart|p1: woshikoudaimi|move: Stealth Rock\n|move|p1a: Tyranitar|Ice Punch|p2a: Landorus\n|-supereffective|p2a: Landorus\n|-damage|p2a: Landorus|0 fnt\n|faint|p2a: Landorus\n|\n|-weather|Sandstorm|[upkeep]\n|upkeep\n|\n|t:|1699678430\n|switch|p2a: Lopunny|Lopunny, F, shiny|100\/100\n|turn|7\n|inactive|woshikoudaimi has 120 seconds left.\n|\n|t:|1699678453\n|switch|p1a: Moltres|Moltres|100\/100\n|detailschange|p2a: Lopunny|Lopunny-Mega, F, shiny\n|-mega|p2a: Lopunny|Lopunny|Lopunnite\n|move|p2a: Lopunny|Fake Out|p1a: Moltres\n|-damage|p1a: Moltres|85\/100\n|\n|-weather|Sandstorm|[upkeep]\n|-damage|p2a: Lopunny|95\/100|[from] Sandstorm\n|-damage|p1a: Moltres|78\/100|[from] Sandstorm\n|upkeep\n|turn|8\n|\n|t:|1699678463\n|switch|p2a: Heatran|Heatran, M|100\/100\n|move|p1a: Moltres|Will-O-Wisp|p2a: Heatran\n|-start|p2a: Heatran|ability: Flash Fire\n|\n|-weather|none\n|upkeep\n|turn|9\n|inactive|Zoru desu has 120 seconds left.\n|\n|t:|1699678493\n|move|p1a: Moltres|Defog|p2a: Heatran\n|-unboost|p2a: Heatran|evasion|1\n|-sideend|p1: woshikoudaimi|Stealth Rock|[from] move: Defog|[of] p1a: Moltres\n|move|p2a: Heatran|Fire Blast|p1a: Moltres\n|-resisted|p1a: Moltres\n|-damage|p1a: Moltres|27\/100\n|\n|upkeep\n|turn|10\n|inactive|Zoru desu has 120 seconds left.\n|\n|t:|1699678505\n|move|p1a: Moltres|U-turn|p2a: Heatran\n|-resisted|p2a: Heatran\n|-damage|p2a: Heatran|97\/100\n|\n|t:|1699678513\n|switch|p1a: Volcanion|Volcanion|89\/100|[from] U-turn\n|move|p2a: Heatran|Fire Blast|p1a: Volcanion\n|-resisted|p1a: Volcanion\n|-damage|p1a: Volcanion|63\/100\n|\n|upkeep\n|turn|11\n|inactive|Zoru desu has 120 seconds left.\n|\n|t:|1699678536\n|-terastallize|p2a: Heatran|Grass\n|move|p1a: Volcanion|Steam Eruption|p2a: Heatran\n|-resisted|p2a: Heatran\n|-damage|p2a: Heatran|81\/100\n|move|p2a: Heatran|Earth Power|p1a: Volcanion\n|-supereffective|p1a: Volcanion\n|-damage|p1a: Volcanion|0 fnt\n|faint|p1a: Volcanion\n|\n|upkeep\n|inactive|woshikoudaimi has 90 seconds left.\n|\n|t:|1699678571\n|switch|p1a: Dragonite|Dragonite, F|100\/100\n|turn|12\n|\n|t:|1699678579\n|move|p1a: Dragonite|Ice Spinner|p2a: Heatran\n|-supereffective|p2a: Heatran\n|-damage|p2a: Heatran|2\/100\n|move|p2a: Heatran|Flash Cannon|p1a: Dragonite\n|-damage|p1a: Dragonite|78\/100\n|\n|upkeep\n|turn|13\n|inactive|woshikoudaimi has 90 seconds left.\n|inactive|Zoru desu has 120 seconds left.\n|\n|t:|1699678610\n|move|p1a: Dragonite|Ice Spinner|p2a: Heatran\n|-supereffective|p2a: Heatran\n|-damage|p2a: Heatran|0 fnt\n|faint|p2a: Heatran\n|\n|upkeep\n|\n|t:|1699678613\n|switch|p2a: Tapu Lele|Tapu Lele|100\/100\n|-fieldstart|move: Psychic Terrain|[from] ability: Psychic Surge|[of] p2a: Tapu Lele\n|turn|14\n|\n|t:|1699678621\n|switch|p1a: Tyranitar|Tyranitar-Mega, F|100\/100\n|-weather|Sandstorm|[from] ability: Sand Stream|[of] p1a: Tyranitar\n|move|p2a: Tapu Lele|Moonblast|p1a: Tyranitar\n|-supereffective|p1a: Tyranitar\n|-damage|p1a: Tyranitar|29\/100\n|\n|-weather|Sandstorm|[upkeep]\n|-damage|p2a: Tapu Lele|94\/100|[from] Sandstorm\n|upkeep\n|turn|15\n|inactive|woshikoudaimi has 90 seconds left.\n|\n|t:|1699678629\n|move|p2a: Tapu Lele|Moonblast|p1a: Tyranitar\n|-supereffective|p1a: Tyranitar\n|-damage|p1a: Tyranitar|0 fnt\n|faint|p1a: Tyranitar\n|\n|-weather|Sandstorm|[upkeep]\n|-damage|p2a: Tapu Lele|88\/100|[from] Sandstorm\n|upkeep\n|\n|t:|1699678631\n|switch|p1a: Iron Valiant|Iron Valiant, shiny|100\/100\n|turn|16\n|inactive|woshikoudaimi has 90 seconds left.\n|\n|t:|1699678650\n|-terastallize|p1a: Iron Valiant|Ghost\n|move|p1a: Iron Valiant|Hex|p2a: Tapu Lele\n|-supereffective|p2a: Tapu Lele\n|-damage|p2a: Tapu Lele|0 fnt\n|faint|p2a: Tapu Lele\n|\n|-weather|Sandstorm|[upkeep]\n|-damage|p1a: Iron Valiant|94\/100|[from] Sandstorm\n|upkeep\n|\n|t:|1699678654\n|switch|p2a: Sneasler|Sneasler, M|100\/100\n|-enditem|p2a: Sneasler|Psychic Seed\n|-boost|p2a: Sneasler|spd|1|[from] item: Psychic Seed\n|turn|17\n|c| A3322|6\n|c| A3322|\u9ad8\u6f6e\u4e86\n|inactive|woshikoudaimi has 90 seconds left.\n|c| A3322|\u9ed1yee\u9b54\u5f71\n|inactive|woshikoudaimi has 60 seconds left.\n|c|\u2606woshikoudaimi|\u8fd9\u662f\u7978\u4e0d\u5355\u884c\u5443\u5443\u5443\n|\n|t:|1699678714\n|-end|p1a: Iron Valiant|Quark Drive|[silent]\n|switch|p1a: Moltres|Moltres|27\/100\n|move|p2a: Sneasler|Swords Dance|p2a: Sneasler\n|-boost|p2a: Sneasler|atk|2\n|\n|-weather|Sandstorm|[upkeep]\n|-damage|p2a: Sneasler|95\/100|[from] Sandstorm\n|-damage|p1a: Moltres|21\/100|[from] Sandstorm\n|upkeep\n|turn|18\n|c| A3322|\u989d\n|\n|t:|1699678723\n|move|p2a: Sneasler|Acrobatics|p1a: Moltres\n|-damage|p1a: Moltres|0 fnt\n|-status|p2a: Sneasler|brn|[from] ability: Flame Body|[of] p1a: Moltres\n|faint|p1a: Moltres\n|\n|-weather|none\n|-damage|p2a: Sneasler|89\/100 brn|[from] brn\n|-fieldend|move: Psychic Terrain\n|upkeep\n|\n|t:|1699678727\n|switch|p1a: Dragonite|Dragonite, F|78\/100\n|turn|19\n|c| A3322|\u7f81\u7eca\u54e5wk\n|\n|t:|1699678732\n|move|p1a: Dragonite|Extreme Speed|p2a: Sneasler\n|-damage|p2a: Sneasler|13\/100 brn\n|move|p2a: Sneasler|Dire Claw|p1a: Dragonite\n|-damage|p1a: Dragonite|28\/100\n|\n|-damage|p2a: Sneasler|7\/100 brn|[from] brn\n|upkeep\n|turn|20\n|c| A3322|\u86d9\n|\n|t:|1699678742\n|move|p1a: Dragonite|Extreme Speed|p2a: Sneasler\n|-damage|p2a: Sneasler|0 fnt\n|faint|p2a: Sneasler\n|\n|upkeep\n|c| A3322|cb\n|\n|t:|1699678746\n|switch|p2a: Lopunny|Lopunny-Mega, F, shiny|95\/100\n|turn|21\n|\n|t:|1699678750\n|move|p2a: Lopunny|Fake Out|p1a: Dragonite\n|-damage|p1a: Dragonite|4\/100\n|cant|p1a: Dragonite|flinch\n|\n|upkeep\n|turn|22\n|\n|t:|1699678755\n|move|p1a: Dragonite|Extreme Speed|p2a: Lopunny\n|-damage|p2a: Lopunny|29\/100\n|move|p2a: Lopunny|Return|p1a: Dragonite\n|-damage|p1a: Dragonite|0 fnt\n|faint|p1a: Dragonite\n|\n|upkeep\n|c|\u2606woshikoudaimi|\u80fd\u4e0d\u80fd\u884c\n|c|\u2606woshikoudaimi|\u997f\u554a\n|\n|t:|1699678760\n|switch|p1a: Iron Valiant|Iron Valiant, shiny, tera:Ghost|94\/100\n|turn|23\n|c| A3322|\u5b8c\u86cb\n|\n|t:|1699678764\n|move|p2a: Lopunny|High Jump Kick|p1a: Iron Valiant|[miss]\n|-miss|p2a: Lopunny|p1a: Iron Valiant\n|-damage|p2a: Lopunny|0 fnt|[from] highjumpkick\n|faint|p2a: Lopunny\n|\n|win|woshikoudaimi\n|raw|woshikoudaimi's rating: 1330 &rarr; <strong>1356<\/strong><br \/>(+26 for winning)\n|raw|Zoru desu's rating: 1433 &rarr; <strong>1407<\/strong><br \/>(-26 for losing)\n|c|\u2606woshikoudaimi|\u6025\n|c| A3322|\u4e50\n|c|\u2606woshikoudaimi|\u54c8\u54c8\u54c8\u54c8\n|c|\u2606woshikoudaimi|gg\n|c| A3322|\u54c8\u54c8\u54c8\u54c8\u54c8\u54c8\n|c| A3322|\u8fd9\u4e0d\u53d1\u7834\u7ad9\n|c|\u2606woshikoudaimi|\u73a9\u98de\u819d\u8e22\u73a9\u7684\n|c|\u2606woshikoudaimi|\u597d\u597d\u597d\n|c|\u2606woshikoudaimi|\u7b11\u6b7b\u6211\u4e86\n|c| A3322|\u4f60\u8fd8\u771f\u53d1\u554a\n|c| A3322|6\u7684\n|c|\u2606woshikoudaimi|\u5fc5\u987b\u53d1\u597d\u5427\n|c|\u2606woshikoudaimi|\u76f4\u63a5\u8fdb\u884c\u4e00\u4e2a\u5f55\u5c4f\n|c| A3322|\u6da6\n","uploadtime":1699678835,"views":10,"p1id":"woshikoudaimi","p2id":"zorudesu","formatid":"gen9nationaldex","rating":1356,"private":0,"password":""}