{"id":"gen9nationaldex-2000185612","p1":"MilkyrayTT","p2":"WZKASH","format":"[Gen 9] National Dex","log":"|html|<div class=\"broadcast-blue\"><strong>[Gen 9] National Dex is currently suspecting Sneasler! For information on how to participate check out the <a href=\"https:\/\/www.smogon.com\/forums\/threads\/sv-national-dex-suspect-8-just-dance.3731534\/\">suspect thread<\/a>.<\/strong><\/div>\n|j|\u2606MilkyrayTT\n|j|\u2606WZKASH\n|t:|1701169046\n|gametype|singles\n|player|p1|MilkyrayTT|skyla-masters|1281\n|player|p2|WZKASH|1|1318\n|teamsize|p1|6\n|teamsize|p2|6\n|gen|9\n|tier|[Gen 9] National Dex\n|rated|\n|rule|HP Percentage Mod: HP is shown in percentages\n|rule|Endless Battle Clause: Forcing endless battles is banned\n|rule|OHKO Clause: OHKO moves are banned\n|rule|Evasion Clause: Evasion abilities, items, and moves are banned\n|rule|Evasion Abilities Clause: Evasion abilities are banned\n|rule|Evasion Items Clause: Evasion items are banned\n|rule|Evasion Moves Clause: Evasion moves are banned\n|rule|Species Clause: Limit one of each Pok\u00e9mon\n|rule|Sleep Clause Mod: Limit one foe put to sleep\n|clearpoke\n|poke|p1|Iron Valiant|\n|poke|p1|Dragonite, F|\n|poke|p1|Blaziken, F|\n|poke|p1|Grimmsnarl, M|\n|poke|p1|Scizor, M|\n|poke|p1|Samurott-Hisui, M|\n|poke|p2|Excadrill, M|\n|poke|p2|Latias, F|\n|poke|p2|Aegislash, F|\n|poke|p2|Tyranitar, F|\n|poke|p2|Ferrothorn, F|\n|poke|p2|Mantine, F|\n|teampreview\n|inactive|Battle timer is ON: inactive players will automatically lose when time's up. (requested by WZKASH)\n|\n|t:|1701169057\n|start\n|switch|p1a: Samurott|Samurott-Hisui, M|100\/100\n|switch|p2a: Latias|Latias, F|100\/100\n|turn|1\n|\n|t:|1701169063\n|detailschange|p2a: Latias|Latias-Mega, F\n|-mega|p2a: Latias|Latias|Latiasite\n|move|p2a: Latias|Thunderbolt|p1a: Samurott\n|-supereffective|p1a: Samurott\n|-crit|p1a: Samurott\n|-damage|p1a: Samurott|0 fnt\n|faint|p1a: Samurott\n|\n|upkeep\n|\n|t:|1701169071\n|switch|p1a: Grimmsnarl|Grimmsnarl, M|100\/100\n|turn|2\n|\n|t:|1701169075\n|switch|p2a: Excadrill|Excadrill, M|100\/100\n|move|p1a: Grimmsnarl|Light Screen|p1a: Grimmsnarl\n|-sidestart|p1: MilkyrayTT|move: Light Screen\n|\n|upkeep\n|turn|3\n|\n|t:|1701169080\n|move|p1a: Grimmsnarl|Parting Shot|p2a: Excadrill\n|-unboost|p2a: Excadrill|atk|1\n|-unboost|p2a: Excadrill|spa|1\n|\n|t:|1701169084\n|switch|p1a: Scizor|Scizor, M|100\/100|[from] Parting Shot\n|-zpower|p2a: Excadrill\n|move|p2a: Excadrill|Corkscrew Crash|p1a: Scizor|[zeffect]\n|-resisted|p1a: Scizor\n|-damage|p1a: Scizor|68\/100\n|\n|upkeep\n|turn|4\n|\n|t:|1701169092\n|switch|p2a: Latias|Latias-Mega, F|100\/100\n|detailschange|p1a: Scizor|Scizor-Mega, M\n|-mega|p1a: Scizor|Scizor|Scizorite\n|move|p1a: Scizor|Swords Dance|p1a: Scizor\n|-boost|p1a: Scizor|atk|2\n|\n|upkeep\n|turn|5\n|\n|t:|1701169098\n|move|p2a: Latias|Mystical Fire|p1a: Scizor\n|-supereffective|p1a: Scizor\n|-damage|p1a: Scizor|11\/100\n|-unboost|p1a: Scizor|spa|1\n|move|p1a: Scizor|X-Scissor|p2a: Latias\n|-supereffective|p2a: Latias\n|-damage|p2a: Latias|0 fnt\n|faint|p2a: Latias\n|\n|upkeep\n|\n|t:|1701169106\n|switch|p2a: Excadrill|Excadrill, M|100\/100\n|turn|6\n|\n|t:|1701169112\n|move|p1a: Scizor|Bullet Punch|p2a: Excadrill\n|-resisted|p2a: Excadrill\n|-damage|p2a: Excadrill|53\/100\n|move|p2a: Excadrill|Earthquake|p1a: Scizor\n|-damage|p1a: Scizor|0 fnt\n|faint|p1a: Scizor\n|\n|upkeep\n|\n|t:|1701169120\n|switch|p1a: Blaziken|Blaziken, F|100\/100\n|turn|7\n|\n|t:|1701169130\n|switch|p2a: Tyranitar|Tyranitar, F|100\/100\n|-weather|Sandstorm|[from] ability: Sand Stream|[of] p2a: Tyranitar\n|-terastallize|p1a: Blaziken|Flying\n|move|p1a: Blaziken|Swagger|p2a: Tyranitar\n|-boost|p2a: Tyranitar|atk|2\n|-enditem|p1a: Blaziken|Mirror Herb\n|-boost|p1a: Blaziken|atk|2|[from] item: Mirror Herb\n|-start|p2a: Tyranitar|confusion\n|\n|-weather|Sandstorm|[upkeep]\n|-damage|p1a: Blaziken|95\/100|[from] Sandstorm\n|-ability|p1a: Blaziken|Speed Boost|boost\n|-boost|p1a: Blaziken|spe|1\n|upkeep\n|turn|8\n|\n|t:|1701169141\n|move|p1a: Blaziken|Close Combat|p2a: Tyranitar\n|-supereffective|p2a: Tyranitar\n|-damage|p2a: Tyranitar|0 fnt\n|-unboost|p1a: Blaziken|def|1\n|-unboost|p1a: Blaziken|spd|1\n|faint|p2a: Tyranitar\n|\n|-weather|Sandstorm|[upkeep]\n|-damage|p1a: Blaziken|89\/100|[from] Sandstorm\n|-ability|p1a: Blaziken|Speed Boost|boost\n|-boost|p1a: Blaziken|spe|1\n|upkeep\n|\n|t:|1701169151\n|switch|p2a: Ferrothorn|Ferrothorn, F|100\/100\n|turn|9\n|\n|t:|1701169155\n|-terastallize|p2a: Ferrothorn|Ghost\n|move|p1a: Blaziken|Blaze Kick|p2a: Ferrothorn\n|-damage|p2a: Ferrothorn|44\/100\n|-damage|p1a: Blaziken|76\/100|[from] ability: Iron Barbs|[of] p2a: Ferrothorn\n|move|p2a: Ferrothorn|Iron Defense|p2a: Ferrothorn\n|-boost|p2a: Ferrothorn|def|2\n|\n|-weather|Sandstorm|[upkeep]\n|-damage|p1a: Blaziken|70\/100|[from] Sandstorm\n|-damage|p2a: Ferrothorn|38\/100|[from] Sandstorm\n|-heal|p2a: Ferrothorn|44\/100|[from] item: Leftovers\n|-sideend|p1: MilkyrayTT|move: Light Screen\n|-ability|p1a: Blaziken|Speed Boost|boost\n|-boost|p1a: Blaziken|spe|1\n|upkeep\n|turn|10\n|\n|t:|1701169163\n|move|p1a: Blaziken|Blaze Kick|p2a: Ferrothorn\n|-crit|p2a: Ferrothorn\n|-damage|p2a: Ferrothorn|0 fnt\n|-damage|p1a: Blaziken|58\/100|[from] ability: Iron Barbs|[of] p2a: Ferrothorn\n|faint|p2a: Ferrothorn\n|\n|-weather|Sandstorm|[upkeep]\n|-damage|p1a: Blaziken|52\/100|[from] Sandstorm\n|-ability|p1a: Blaziken|Speed Boost|boost\n|-boost|p1a: Blaziken|spe|1\n|upkeep\n|\n|t:|1701169169\n|switch|p2a: Mantine|Mantine, F|100\/100\n|turn|11\n|\n|t:|1701169176\n|move|p1a: Blaziken|Acrobatics|p2a: Mantine\n|-damage|p2a: Mantine|7\/100\n|move|p2a: Mantine|Scald|p1a: Blaziken\n|-damage|p1a: Blaziken|0 fnt\n|faint|p1a: Blaziken\n|\n|-weather|none\n|upkeep\n|\n|t:|1701169183\n|switch|p1a: Dragonite|Dragonite, F|100\/100\n|turn|12\n|\n|t:|1701169190\n|move|p2a: Mantine|Toxic|p1a: Dragonite\n|-status|p1a: Dragonite|tox\n|move|p1a: Dragonite|Dragon Tail|p2a: Mantine\n|-damage|p2a: Mantine|0 fnt\n|faint|p2a: Mantine\n|-damage|p1a: Dragonite|91\/100 tox|[from] item: Life Orb\n|\n|-damage|p1a: Dragonite|84\/100 tox|[from] psn\n|upkeep\n|\n|t:|1701169194\n|switch|p2a: Excadrill|Excadrill, M|53\/100\n|turn|13\n|\n|t:|1701169204\n|move|p2a: Excadrill|Rock Slide|p1a: Dragonite\n|-supereffective|p1a: Dragonite\n|-damage|p1a: Dragonite|30\/100 tox\n|move|p1a: Dragonite|Dragon Tail|p2a: Excadrill\n|-resisted|p2a: Excadrill\n|-damage|p2a: Excadrill|20\/100\n|-damage|p1a: Dragonite|20\/100 tox|[from] item: Life Orb\n|drag|p2a: Aegislash|Aegislash, F|100\/100\n|\n|-damage|p1a: Dragonite|7\/100 tox|[from] psn\n|upkeep\n|turn|14\n|\n|t:|1701169216\n|move|p1a: Dragonite|Dual Wingbeat|p2a: Aegislash\n|-resisted|p2a: Aegislash\n|-crit|p2a: Aegislash\n|-damage|p2a: Aegislash|84\/100\n|-resisted|p2a: Aegislash\n|-damage|p2a: Aegislash|73\/100\n|-hitcount|p2a: Aegislash|2\n|-damage|p1a: Dragonite|0 fnt|[from] item: Life Orb\n|faint|p1a: Dragonite\n|move|p2a: Aegislash|Substitute|p2a: Aegislash\n|-start|p2a: Aegislash|Substitute\n|-damage|p2a: Aegislash|48\/100\n|\n|-heal|p2a: Aegislash|54\/100|[from] item: Leftovers\n|upkeep\n|\n|t:|1701169224\n|switch|p1a: Iron Valiant|Iron Valiant, shiny|100\/100\n|-enditem|p1a: Iron Valiant|Booster Energy\n|-activate|p1a: Iron Valiant|ability: Quark Drive|[fromitem]\n|-start|p1a: Iron Valiant|quarkdrivespe\n|turn|15\n|\n|t:|1701169234\n|move|p1a: Iron Valiant|Spirit Break|p2a: Aegislash\n|-resisted|p2a: Aegislash\n|-activate|p2a: Aegislash|move: Substitute|[damage]\n|-formechange|p2a: Aegislash|Aegislash-Blade||[from] ability: Stance Change\n|move|p2a: Aegislash|Shadow Ball|p1a: Iron Valiant\n|-damage|p1a: Iron Valiant|40\/100\n|\n|-heal|p2a: Aegislash|60\/100|[from] item: Leftovers\n|upkeep\n|turn|16\n|\n|t:|1701169244\n|move|p1a: Iron Valiant|Psycho Cut|p2a: Aegislash\n|-resisted|p2a: Aegislash\n|-end|p2a: Aegislash|Substitute\n|move|p2a: Aegislash|Shadow Ball|p1a: Iron Valiant\n|-damage|p1a: Iron Valiant|0 fnt\n|faint|p1a: Iron Valiant\n|-end|p1a: Iron Valiant|Quark Drive|[silent]\n|\n|-heal|p2a: Aegislash|67\/100|[from] item: Leftovers\n|upkeep\n|-message|MilkyrayTT forfeited.\n|\n|win|WZKASH\n|raw|MilkyrayTT's rating: 1281 &rarr; <strong>1259<\/strong><br \/>(-22 for losing)\n|raw|WZKASH's rating: 1318 &rarr; <strong>1336<\/strong><br \/>(+18 for winning)\n|l|\u2606MilkyrayTT\n","uploadtime":1701169257,"views":23,"p1id":"milkyraytt","p2id":"wzkash","formatid":"gen9nationaldex","rating":1259,"private":0,"password":""}