{"id":"gen9nationaldex-1992418740","p1":"IvanovStanislav21","p2":"klangerstein","format":"[Gen 9] National Dex","log":"|j|\u2606IvanovStanislav21\n|j|\u2606klangerstein\n|t:|1700185297\n|gametype|singles\n|player|p1|IvanovStanislav21|benga|1353\n|player|p2|klangerstein|wallace|1363\n|teamsize|p1|6\n|teamsize|p2|6\n|gen|9\n|tier|[Gen 9] National Dex\n|rated|\n|rule|HP Percentage Mod: HP is shown in percentages\n|rule|Endless Battle Clause: Forcing endless battles is banned\n|rule|OHKO Clause: OHKO moves are banned\n|rule|Evasion Clause: Evasion abilities, items, and moves are banned\n|rule|Evasion Abilities Clause: Evasion abilities are banned\n|rule|Evasion Items Clause: Evasion items are banned\n|rule|Evasion Moves Clause: Evasion moves are banned\n|rule|Species Clause: Limit one of each Pok\u00e9mon\n|rule|Sleep Clause Mod: Limit one foe put to sleep\n|clearpoke\n|poke|p1|Landorus-Therian, M|\n|poke|p1|Sneasler, M|\n|poke|p1|Scizor, M|\n|poke|p1|Meowscarada, M|\n|poke|p1|Ceruledge, M|\n|poke|p1|Grimmsnarl, M|\n|poke|p2|Slurpuff, M|\n|poke|p2|Galvantula, M|\n|poke|p2|Iron Valiant|\n|poke|p2|Ogerpon-Cornerstone, F|\n|poke|p2|Skeledirge, M|\n|poke|p2|Goodra-Hisui, F|\n|teampreview\n|inactive|Battle timer is ON: inactive players will automatically lose when time's up. (requested by klangerstein)\n|\n|t:|1700185302\n|start\n|switch|p1a: Gaxus|Grimmsnarl, M|100\/100\n|switch|p2a: Galvantula|Galvantula, M|100\/100\n|turn|1\n|\n|t:|1700185310\n|move|p1a: Gaxus|Parting Shot|p2a: Galvantula\n|-unboost|p2a: Galvantula|atk|1\n|-unboost|p2a: Galvantula|spa|1\n|\n|t:|1700185319\n|switch|p1a: \u00cdcarus|Scizor, M|100\/100|[from] Parting Shot\n|move|p2a: Galvantula|Sticky Web|p1a: \u00cdcarus\n|-sidestart|p1: IvanovStanislav21|move: Sticky Web\n|\n|upkeep\n|turn|2\n|\n|t:|1700185325\n|move|p2a: Galvantula|Thunder|p1a: \u00cdcarus\n|-damage|p1a: \u00cdcarus|61\/100\n|move|p1a: \u00cdcarus|Swords Dance|p1a: \u00cdcarus\n|-boost|p1a: \u00cdcarus|atk|2\n|\n|upkeep\n|turn|3\n|\n|t:|1700185334\n|detailschange|p1a: \u00cdcarus|Scizor-Mega, M\n|-mega|p1a: \u00cdcarus|Scizor|Scizorite\n|move|p2a: Galvantula|Thunder|p1a: \u00cdcarus\n|-damage|p1a: \u00cdcarus|32\/100\n|move|p1a: \u00cdcarus|Dual Wingbeat|p2a: Galvantula\n|-enditem|p2a: Galvantula|Focus Sash\n|-damage|p2a: Galvantula|1\/100\n|-damage|p2a: Galvantula|0 fnt\n|faint|p2a: Galvantula\n|-hitcount|p2: Galvantula|2\n|\n|upkeep\n|\n|t:|1700185342\n|switch|p2a: Skeledirge|Skeledirge, M|100\/100\n|turn|4\n|\n|t:|1700185364\n|move|p1a: \u00cdcarus|Roost|p1a: \u00cdcarus\n|-heal|p1a: \u00cdcarus|82\/100\n|-singleturn|p1a: \u00cdcarus|move: Roost\n|move|p2a: Skeledirge|Torch Song|p1a: \u00cdcarus\n|-supereffective|p1a: \u00cdcarus\n|-damage|p1a: \u00cdcarus|0 fnt\n|-boost|p2a: Skeledirge|spa|1\n|faint|p1a: \u00cdcarus\n|\n|upkeep\n|\n|t:|1700185374\n|switch|p1a: Gaxus|Grimmsnarl, M|100\/100\n|-activate|p1a: Gaxus|move: Sticky Web\n|-unboost|p1a: Gaxus|spe|1\n|turn|5\n|\n|t:|1700185380\n|move|p1a: Gaxus|Light Screen|p1a: Gaxus\n|-sidestart|p1: IvanovStanislav21|move: Light Screen\n|move|p2a: Skeledirge|Torch Song|p1a: Gaxus\n|-damage|p1a: Gaxus|84\/100\n|-boost|p2a: Skeledirge|spa|1\n|\n|upkeep\n|turn|6\n|\n|t:|1700185385\n|move|p1a: Gaxus|Parting Shot|p2a: Skeledirge\n|-unboost|p2a: Skeledirge|atk|1\n|-unboost|p2a: Skeledirge|spa|1\n|\n|t:|1700185391\n|switch|p1a: Kyogai|Landorus-Therian, M|100\/100|[from] Parting Shot\n|-ability|p1a: Kyogai|Intimidate|boost\n|-unboost|p2a: Skeledirge|atk|1\n|move|p2a: Skeledirge|Torch Song|p1a: Kyogai\n|-damage|p1a: Kyogai|74\/100\n|-boost|p2a: Skeledirge|spa|1\n|\n|-heal|p1a: Kyogai|79\/100|[from] item: Leftovers\n|upkeep\n|turn|7\n|\n|t:|1700185402\n|move|p1a: Kyogai|Swords Dance|p1a: Kyogai\n|-boost|p1a: Kyogai|atk|2\n|move|p2a: Skeledirge|Torch Song|p1a: Kyogai\n|-damage|p1a: Kyogai|43\/100\n|-boost|p2a: Skeledirge|spa|1\n|\n|-heal|p1a: Kyogai|49\/100|[from] item: Leftovers\n|upkeep\n|turn|8\n|\n|t:|1700185410\n|move|p1a: Kyogai|Earthquake|p2a: Skeledirge\n|-supereffective|p2a: Skeledirge\n|-crit|p2a: Skeledirge\n|-damage|p2a: Skeledirge|7\/100\n|move|p2a: Skeledirge|Torch Song|p1a: Kyogai\n|-damage|p1a: Kyogai|0 fnt\n|-boost|p2a: Skeledirge|spa|1\n|faint|p1a: Kyogai\n|\n|-heal|p2a: Skeledirge|13\/100|[from] item: Leftovers\n|upkeep\n|\n|t:|1700185420\n|switch|p1a: Megaro|Meowscarada, M|100\/100\n|-activate|p1a: Megaro|move: Sticky Web\n|-unboost|p1a: Megaro|spe|1\n|turn|9\n|\n|t:|1700185425\n|move|p1a: Megaro|Foul Play|p2a: Skeledirge\n|-start|p1a: Megaro|typechange|Dark|[from] ability: Protean\n|-supereffective|p2a: Skeledirge\n|-damage|p2a: Skeledirge|0 fnt\n|faint|p2a: Skeledirge\n|\n|upkeep\n|\n|t:|1700185431\n|switch|p2a: Slurpuff|Slurpuff, M|100\/100\n|turn|10\n|\n|t:|1700185436\n|move|p2a: Slurpuff|Belly Drum|p2a: Slurpuff\n|-damage|p2a: Slurpuff|50\/100\n|-setboost|p2a: Slurpuff|atk|6|[from] move: Belly Drum\n|-enditem|p2a: Slurpuff|Sitrus Berry|[eat]\n|-heal|p2a: Slurpuff|75\/100|[from] item: Sitrus Berry\n|move|p1a: Megaro|Flower Trick|p2a: Slurpuff\n|-crit|p2a: Slurpuff\n|-damage|p2a: Slurpuff|36\/100\n|\n|upkeep\n|turn|11\n|\n|t:|1700185445\n|move|p2a: Slurpuff|Drain Punch|p1a: Megaro\n|-supereffective|p1a: Megaro\n|-damage|p1a: Megaro|0 fnt\n|-heal|p2a: Slurpuff|84\/100|[from] drain|[of] p1a: Megaro\n|faint|p1a: Megaro\n|\n|upkeep\n|\n|t:|1700185452\n|switch|p1a: Gaxus|Grimmsnarl, M|84\/100\n|-activate|p1a: Gaxus|move: Sticky Web\n|-unboost|p1a: Gaxus|spe|1\n|turn|12\n|\n|t:|1700185459\n|move|p1a: Gaxus|Reflect|p1a: Gaxus\n|-sidestart|p1: IvanovStanislav21|Reflect\n|move|p2a: Slurpuff|Play Rough|p1a: Gaxus\n|-supereffective|p1a: Gaxus\n|-damage|p1a: Gaxus|0 fnt\n|faint|p1a: Gaxus\n|\n|-sideend|p1: IvanovStanislav21|move: Light Screen\n|upkeep\n|\n|t:|1700185466\n|switch|p1a: Kotal|Ceruledge, M|100\/100\n|-activate|p1a: Kotal|move: Sticky Web\n|-unboost|p1a: Kotal|spe|1\n|turn|13\n|\n|t:|1700185469\n|move|p2a: Slurpuff|Play Rough|p1a: Kotal\n|-resisted|p1a: Kotal\n|-damage|p1a: Kotal|51\/100\n|-ability|p1a: Kotal|Weak Armor|boost\n|-unboost|p1a: Kotal|def|1\n|-boost|p1a: Kotal|spe|2\n|move|p1a: Kotal|Swords Dance|p1a: Kotal\n|-boost|p1a: Kotal|atk|2\n|\n|-heal|p1a: Kotal|57\/100|[from] item: Leftovers\n|upkeep\n|turn|14\n|\n|t:|1700185480\n|move|p2a: Slurpuff|Play Rough|p1a: Kotal\n|-resisted|p1a: Kotal\n|-damage|p1a: Kotal|0 fnt\n|faint|p1a: Kotal\n|\n|upkeep\n|\n|t:|1700185487\n|switch|p1a: Ezzio|Sneasler, M|100\/100\n|-activate|p1a: Ezzio|move: Sticky Web\n|-unboost|p1a: Ezzio|spe|1\n|turn|15\n|\n|t:|1700185495\n|-terastallize|p2a: Slurpuff|Fighting\n|move|p2a: Slurpuff|Play Rough|p1a: Ezzio\n|-damage|p1a: Ezzio|0 fnt\n|faint|p1a: Ezzio\n|\n|win|klangerstein\n|raw|IvanovStanislav21's rating: 1353 &rarr; <strong>1334<\/strong><br \/>(-19 for losing)\n|raw|klangerstein's rating: 1363 &rarr; <strong>1382<\/strong><br \/>(+19 for winning)\n|l|\u2606IvanovStanislav21\n","uploadtime":1700185513,"views":15,"p1id":"ivanovstanislav21","p2id":"klangerstein","formatid":"gen9nationaldex","rating":1334,"private":0,"password":""}