{"id":"gen9nationaldex-1993200323","p1":"ldsadsadcsf","p2":"matheusbrr","format":"[Gen 9] National Dex","log":"|j|\u2606ldsadsadcsf\n|j|\u2606matheusbrr\n|t:|1700277170\n|gametype|singles\n|player|p1|ldsadsadcsf|unknown|1417\n|player|p2|matheusbrr|102|1461\n|teamsize|p1|6\n|teamsize|p2|6\n|gen|9\n|tier|[Gen 9] National Dex\n|rated|\n|rule|HP Percentage Mod: HP is shown in percentages\n|rule|Endless Battle Clause: Forcing endless battles is banned\n|rule|OHKO Clause: OHKO moves are banned\n|rule|Evasion Clause: Evasion abilities, items, and moves are banned\n|rule|Evasion Abilities Clause: Evasion abilities are banned\n|rule|Evasion Items Clause: Evasion items are banned\n|rule|Evasion Moves Clause: Evasion moves are banned\n|rule|Species Clause: Limit one of each Pok\u00e9mon\n|rule|Sleep Clause Mod: Limit one foe put to sleep\n|clearpoke\n|poke|p1|Weavile, M|\n|poke|p1|Kartana|\n|poke|p1|Landorus-Therian, M|\n|poke|p1|Ursaluna, M|\n|poke|p1|Volcanion|\n|poke|p1|Zapdos|\n|poke|p2|Sableye, M|\n|poke|p2|Blissey, F|\n|poke|p2|Toxapex, M|\n|poke|p2|Clefable, M|\n|poke|p2|Clodsire, F|\n|poke|p2|Corviknight, M|\n|teampreview\n|inactive|Battle timer is ON: inactive players will automatically lose when time's up. (requested by ldsadsadcsf)\n|\n|t:|1700277181\n|start\n|switch|p1a: \u88f4\u64d2\u864e|Landorus-Therian, M, shiny|100\/100\n|switch|p2a: Sableye|Sableye, M|100\/100\n|-ability|p1a: \u88f4\u64d2\u864e|Intimidate|boost\n|-unboost|p2a: Sableye|atk|1\n|turn|1\n|\n|t:|1700277184\n|move|p2a: Sableye|Will-O-Wisp|p1a: \u88f4\u64d2\u864e\n|-status|p1a: \u88f4\u64d2\u864e|brn\n|move|p1a: \u88f4\u64d2\u864e|Stealth Rock|p2a: Sableye\n|-sidestart|p2: matheusbrr|move: Stealth Rock\n|\n|-damage|p1a: \u88f4\u64d2\u864e|94\/100 brn|[from] brn\n|upkeep\n|turn|2\n|\n|t:|1700277196\n|move|p2a: Sableye|Protect|p2a: Sableye\n|-singleturn|p2a: Sableye|Protect\n|move|p1a: \u88f4\u64d2\u864e|U-turn|p2a: Sableye\n|-activate|p2a: Sableye|move: Protect\n|\n|-heal|p1a: \u88f4\u64d2\u864e|100\/100 brn|[from] item: Leftovers\n|-damage|p1a: \u88f4\u64d2\u864e|94\/100 brn|[from] brn\n|upkeep\n|turn|3\n|\n|t:|1700277208\n|detailschange|p2a: Sableye|Sableye-Mega, M\n|-mega|p2a: Sableye|Sableye|Sablenite\n|move|p1a: \u88f4\u64d2\u864e|U-turn|p2a: Sableye\n|-damage|p2a: Sableye|91\/100\n|\n|t:|1700277213\n|switch|p1a: \u82cf\u70c8|Ursaluna, M, shiny|100\/100|[from] U-turn\n|move|p2a: Sableye|Knock Off|p1a: \u82cf\u70c8\n|-damage|p1a: \u82cf\u70c8|85\/100\n|-enditem|p1a: \u82cf\u70c8|Flame Orb|[from] move: Knock Off|[of] p2a: Sableye\n|\n|upkeep\n|turn|4\n|\n|t:|1700277226\n|switch|p2a: Corviknight|Corviknight, M|100\/100\n|-damage|p2a: Corviknight|88\/100|[from] Stealth Rock\n|-ability|p2a: Corviknight|Pressure\n|move|p1a: \u82cf\u70c8|Swords Dance|p1a: \u82cf\u70c8\n|-boost|p1a: \u82cf\u70c8|atk|2\n|\n|-heal|p2a: Corviknight|94\/100|[from] item: Leftovers\n|upkeep\n|turn|5\n|\n|t:|1700277230\n|move|p2a: Corviknight|Iron Defense|p2a: Corviknight\n|-boost|p2a: Corviknight|def|2\n|move|p1a: \u82cf\u70c8|Fire Punch|p2a: Corviknight\n|-supereffective|p2a: Corviknight\n|-damage|p2a: Corviknight|44\/100\n|\n|-heal|p2a: Corviknight|50\/100|[from] item: Leftovers\n|upkeep\n|turn|6\n|\n|t:|1700277259\n|-terastallize|p2a: Corviknight|Fighting\n|move|p2a: Corviknight|Body Press|p1a: \u82cf\u70c8\n|-supereffective|p1a: \u82cf\u70c8\n|-damage|p1a: \u82cf\u70c8|0 fnt\n|faint|p1a: \u82cf\u70c8\n|\n|-heal|p2a: Corviknight|56\/100|[from] item: Leftovers\n|upkeep\n|\n|t:|1700277273\n|switch|p1a: \u53f8\u7a7a\u9707|Zapdos, shiny|100\/100\n|turn|7\n|\n|t:|1700277280\n|switch|p2a: Clodsire|Clodsire, F|100\/100\n|move|p1a: \u53f8\u7a7a\u9707|Hurricane|p2a: Clodsire\n|-damage|p2a: Clodsire|76\/100\n|-start|p2a: Clodsire|confusion\n|\n|upkeep\n|turn|8\n|\n|t:|1700277289\n|move|p1a: \u53f8\u7a7a\u9707|U-turn|p2a: Clodsire\n|-resisted|p2a: Clodsire\n|-damage|p2a: Clodsire|69\/100\n|\n|t:|1700277297\n|switch|p1a: \u674e\u767d|Kartana, shiny|100\/100|[from] U-turn\n|-activate|p2a: Clodsire|confusion\n|move|p2a: Clodsire|Toxic|p1a: \u674e\u767d\n|-immune|p1a: \u674e\u767d\n|\n|upkeep\n|turn|9\n|\n|t:|1700277310\n|switch|p2a: Toxapex|Toxapex, M|100\/100\n|-damage|p2a: Toxapex|88\/100|[from] Stealth Rock\n|move|p1a: \u674e\u767d|Knock Off|p2a: Toxapex\n|-damage|p2a: Toxapex|63\/100\n|-enditem|p2a: Toxapex|Leftovers|[from] move: Knock Off|[of] p1a: \u674e\u767d\n|\n|upkeep\n|turn|10\n|\n|t:|1700277319\n|switch|p1a: \u88f4\u64d2\u864e|Landorus-Therian, M, shiny|94\/100 brn\n|-ability|p1a: \u88f4\u64d2\u864e|Intimidate|boost\n|-unboost|p2a: Toxapex|atk|1\n|move|p2a: Toxapex|Toxic||[still]\n|-fail|p2a: Toxapex\n|\n|-heal|p1a: \u88f4\u64d2\u864e|100\/100 brn|[from] item: Leftovers\n|-damage|p1a: \u88f4\u64d2\u864e|94\/100 brn|[from] brn\n|upkeep\n|turn|11\n|\n|t:|1700277326\n|move|p1a: \u88f4\u64d2\u864e|U-turn|p2a: Toxapex\n|-resisted|p2a: Toxapex\n|-damage|p2a: Toxapex|60\/100\n|\n|t:|1700277336\n|switch|p1a: \u674e\u767d|Kartana, shiny|100\/100|[from] U-turn\n|move|p2a: Toxapex|Scald|p1a: \u674e\u767d\n|-resisted|p1a: \u674e\u767d\n|-damage|p1a: \u674e\u767d|75\/100\n|\n|upkeep\n|turn|12\n|\n|t:|1700277347\n|switch|p1a: \u674e\u4fe1|Volcanion|100\/100\n|move|p2a: Toxapex|Scald|p1a: \u674e\u4fe1\n|-immune|p1a: \u674e\u4fe1|[from] ability: Water Absorb\n|\n|upkeep\n|turn|13\n|\n|t:|1700277353\n|switch|p2a: Blissey|Blissey, F|100\/100\n|move|p1a: \u674e\u4fe1|Taunt|p2a: Blissey\n|-start|p2a: Blissey|move: Taunt\n|\n|upkeep\n|turn|14\n|\n|t:|1700277359\n|switch|p1a: \u97e9\u4fe1|Weavile, M, shiny|100\/100\n|-ability|p1a: \u97e9\u4fe1|Pressure\n|move|p2a: Blissey|Seismic Toss|p1a: \u97e9\u4fe1\n|-damage|p1a: \u97e9\u4fe1|65\/100\n|\n|upkeep\n|turn|15\n|\n|t:|1700277376\n|switch|p2a: Sableye|Sableye-Mega, M|91\/100\n|-damage|p2a: Sableye|79\/100|[from] Stealth Rock\n|move|p1a: \u97e9\u4fe1|Beat Up|p2a: Sableye\n|-damage|p2a: Sableye|68\/100\n|-damage|p2a: Sableye|59\/100\n|-crit|p2a: Sableye\n|-damage|p2a: Sableye|42\/100\n|-damage|p2a: Sableye|28\/100\n|-hitcount|p2a: Sableye|4\n|\n|upkeep\n|turn|16\n|\n|t:|1700277388\n|move|p1a: \u97e9\u4fe1|Beat Up|p2a: Sableye\n|-damage|p2a: Sableye|17\/100\n|-damage|p2a: Sableye|9\/100\n|-damage|p2a: Sableye|0 fnt\n|faint|p2a: Sableye\n|-hitcount|p2: Sableye|3\n|\n|upkeep\n|\n|t:|1700277390\n|switch|p2a: Clefable|Clefable, M|100\/100\n|-damage|p2a: Clefable|88\/100|[from] Stealth Rock\n|turn|17\n|\n|t:|1700277403\n|switch|p1a: \u88f4\u64d2\u864e|Landorus-Therian, M, shiny|94\/100 brn\n|-ability|p1a: \u88f4\u64d2\u864e|Intimidate|boost\n|-unboost|p2a: Clefable|atk|1\n|switch|p2a: Blissey|Blissey, F|100\/100\n|\n|-heal|p1a: \u88f4\u64d2\u864e|100\/100 brn|[from] item: Leftovers\n|-damage|p1a: \u88f4\u64d2\u864e|94\/100 brn|[from] brn\n|upkeep\n|turn|18\n|\n|t:|1700277409\n|move|p1a: \u88f4\u64d2\u864e|U-turn|p2a: Blissey\n|-damage|p2a: Blissey|80\/100\n|\n|t:|1700277419\n|switch|p1a: \u674e\u767d|Kartana, shiny|75\/100|[from] U-turn\n|move|p2a: Blissey|Stealth Rock|p1a: \u674e\u767d\n|-sidestart|p1: ldsadsadcsf|move: Stealth Rock\n|\n|upkeep\n|turn|19\n|\n|t:|1700277427\n|switch|p2a: Toxapex|Toxapex, M|93\/100\n|-damage|p2a: Toxapex|81\/100|[from] Stealth Rock\n|move|p1a: \u674e\u767d|Smart Strike|p2a: Toxapex\n|-resisted|p2a: Toxapex\n|-damage|p2a: Toxapex|65\/100\n|\n|upkeep\n|turn|20\n|\n|t:|1700277436\n|switch|p1a: \u88f4\u64d2\u864e|Landorus-Therian, M, shiny|94\/100 brn\n|-damage|p1a: \u88f4\u64d2\u864e|82\/100 brn|[from] Stealth Rock\n|-ability|p1a: \u88f4\u64d2\u864e|Intimidate|boost\n|-unboost|p2a: Toxapex|atk|1\n|move|p2a: Toxapex|Scald|p1a: \u88f4\u64d2\u864e\n|-supereffective|p1a: \u88f4\u64d2\u864e\n|-damage|p1a: \u88f4\u64d2\u864e|56\/100 brn\n|\n|-heal|p1a: \u88f4\u64d2\u864e|62\/100 brn|[from] item: Leftovers\n|-damage|p1a: \u88f4\u64d2\u864e|56\/100 brn|[from] brn\n|upkeep\n|turn|21\n|\n|t:|1700277448\n|move|p1a: \u88f4\u64d2\u864e|Defog|p2a: Toxapex\n|-unboost|p2a: Toxapex|evasion|1\n|-sideend|p2: matheusbrr|Stealth Rock|[from] move: Defog|[of] p1a: \u88f4\u64d2\u864e\n|-sideend|p1: ldsadsadcsf|Stealth Rock|[from] move: Defog|[of] p1a: \u88f4\u64d2\u864e\n|move|p2a: Toxapex|Scald|p1a: \u88f4\u64d2\u864e\n|-supereffective|p1a: \u88f4\u64d2\u864e\n|-damage|p1a: \u88f4\u64d2\u864e|33\/100 brn\n|\n|-heal|p1a: \u88f4\u64d2\u864e|39\/100 brn|[from] item: Leftovers\n|-damage|p1a: \u88f4\u64d2\u864e|33\/100 brn|[from] brn\n|upkeep\n|turn|22\n|\n|t:|1700277460\n|switch|p1a: \u53f8\u7a7a\u9707|Zapdos, shiny|100\/100\n|move|p2a: Toxapex|Toxic|p1a: \u53f8\u7a7a\u9707\n|-status|p1a: \u53f8\u7a7a\u9707|tox\n|\n|-damage|p1a: \u53f8\u7a7a\u9707|94\/100 tox|[from] psn\n|upkeep\n|turn|23\n|\n|t:|1700277470\n|switch|p2a: Clodsire|Clodsire, F|69\/100\n|move|p1a: \u53f8\u7a7a\u9707|U-turn|p2a: Clodsire\n|-resisted|p2a: Clodsire\n|-crit|p2a: Clodsire\n|-damage|p2a: Clodsire|58\/100\n|\n|t:|1700277478\n|switch|p1a: \u97e9\u4fe1|Weavile, M, shiny|65\/100|[from] U-turn\n|-ability|p1a: \u97e9\u4fe1|Pressure\n|\n|upkeep\n|turn|24\n|\n|t:|1700277485\n|switch|p2a: Toxapex|Toxapex, M|99\/100\n|move|p1a: \u97e9\u4fe1|Triple Axel|p2a: Toxapex\n|-resisted|p2a: Toxapex\n|-damage|p2a: Toxapex|94\/100\n|-resisted|p2a: Toxapex\n|-crit|p2a: Toxapex\n|-damage|p2a: Toxapex|79\/100\n|-resisted|p2a: Toxapex\n|-damage|p2a: Toxapex|66\/100\n|-hitcount|p2a: Toxapex|3\n|\n|upkeep\n|turn|25\n|\n|t:|1700277497\n|switch|p1a: \u674e\u4fe1|Volcanion|100\/100\n|move|p2a: Toxapex|Scald|p1a: \u674e\u4fe1\n|-immune|p1a: \u674e\u4fe1|[from] ability: Water Absorb\n|\n|upkeep\n|turn|26\n|\n|t:|1700277505\n|switch|p2a: Blissey|Blissey, F|80\/100\n|move|p1a: \u674e\u4fe1|Taunt|p2a: Blissey\n|-start|p2a: Blissey|move: Taunt\n|\n|upkeep\n|turn|27\n|\n|t:|1700277512\n|switch|p1a: \u53f8\u7a7a\u9707|Zapdos, shiny|94\/100 tox\n|move|p2a: Blissey|Seismic Toss|p1a: \u53f8\u7a7a\u9707\n|-damage|p1a: \u53f8\u7a7a\u9707|68\/100 tox\n|-status|p2a: Blissey|par|[from] ability: Static|[of] p1a: \u53f8\u7a7a\u9707\n|\n|-damage|p1a: \u53f8\u7a7a\u9707|62\/100 tox|[from] psn\n|upkeep\n|turn|28\n|\n|t:|1700277518\n|move|p1a: \u53f8\u7a7a\u9707|U-turn|p2a: Blissey\n|-damage|p2a: Blissey|53\/100 par\n|\n|t:|1700277521\n|switch|p1a: \u97e9\u4fe1|Weavile, M, shiny|65\/100|[from] U-turn\n|-ability|p1a: \u97e9\u4fe1|Pressure\n|move|p2a: Blissey|Seismic Toss|p1a: \u97e9\u4fe1\n|-damage|p1a: \u97e9\u4fe1|29\/100\n|\n|-end|p2a: Blissey|move: Taunt\n|upkeep\n|turn|29\n|\n|t:|1700277533\n|-curestatus|p2a: Blissey|par|[from] ability: Natural Cure\n|switch|p2a: Toxapex|Toxapex, M|99\/100\n|move|p1a: \u97e9\u4fe1|Triple Axel|p2a: Toxapex\n|-resisted|p2a: Toxapex\n|-damage|p2a: Toxapex|95\/100\n|-resisted|p2a: Toxapex\n|-damage|p2a: Toxapex|86\/100\n|-resisted|p2a: Toxapex\n|-damage|p2a: Toxapex|72\/100\n|-hitcount|p2a: Toxapex|3\n|\n|upkeep\n|turn|30\n|\n|t:|1700277542\n|switch|p1a: \u674e\u767d|Kartana, shiny|75\/100\n|move|p2a: Toxapex|Toxic|p1a: \u674e\u767d\n|-immune|p1a: \u674e\u767d\n|\n|upkeep\n|turn|31\n|\n|t:|1700277550\n|-terastallize|p1a: \u674e\u767d|Grass\n|move|p1a: \u674e\u767d|Leaf Blade|p2a: Toxapex\n|-damage|p2a: Toxapex|21\/100\n|move|p2a: Toxapex|Toxic|p1a: \u674e\u767d\n|-status|p1a: \u674e\u767d|tox\n|\n|-damage|p1a: \u674e\u767d|69\/100 tox|[from] psn\n|upkeep\n|turn|32\n|\n|t:|1700277572\n|switch|p2a: Corviknight|Corviknight, M, tera:Fighting|56\/100\n|-ability|p2a: Corviknight|Pressure\n|move|p1a: \u674e\u767d|Leaf Blade|p2a: Corviknight\n|-damage|p2a: Corviknight|0 fnt\n|faint|p2a: Corviknight\n|-ability|p1a: \u674e\u767d|Beast Boost|boost\n|-boost|p1a: \u674e\u767d|atk|1\n|\n|-damage|p1a: \u674e\u767d|57\/100 tox|[from] psn\n|upkeep\n|\n|t:|1700277577\n|switch|p2a: Clefable|Clefable, M|88\/100\n|turn|33\n|\n|t:|1700277588\n|move|p1a: \u674e\u767d|Leaf Blade|p2a: Clefable\n|-damage|p2a: Clefable|25\/100\n|move|p2a: Clefable|Calm Mind|p2a: Clefable\n|-boost|p2a: Clefable|spa|1\n|-boost|p2a: Clefable|spd|1\n|\n|-heal|p2a: Clefable|31\/100|[from] item: Leftovers\n|-damage|p1a: \u674e\u767d|38\/100 tox|[from] psn\n|upkeep\n|turn|34\n|\n|t:|1700277596\n|move|p1a: \u674e\u767d|Leaf Blade|p2a: Clefable\n|-crit|p2a: Clefable\n|-damage|p2a: Clefable|0 fnt\n|faint|p2a: Clefable\n|-ability|p1a: \u674e\u767d|Beast Boost|boost\n|-boost|p1a: \u674e\u767d|atk|1\n|\n|-damage|p1a: \u674e\u767d|14\/100 tox|[from] psn\n|upkeep\n|\n|t:|1700277599\n|switch|p2a: Toxapex|Toxapex, M|55\/100\n|turn|35\n|\n|t:|1700277601\n|move|p1a: \u674e\u767d|Leaf Blade|p2a: Toxapex\n|-damage|p2a: Toxapex|0 fnt\n|faint|p2a: Toxapex\n|-ability|p1a: \u674e\u767d|Beast Boost|boost\n|-boost|p1a: \u674e\u767d|atk|1\n|\n|-damage|p1a: \u674e\u767d|0 fnt|[from] psn\n|faint|p1a: \u674e\u767d\n|upkeep\n|-message|matheusbrr forfeited.\n|\n|win|ldsadsadcsf\n|raw|ldsadsadcsf's rating: 1417 &rarr; <strong>1440<\/strong><br \/>(+23 for winning)\n|raw|matheusbrr's rating: 1461 &rarr; <strong>1438<\/strong><br \/>(-23 for losing)\n|l|\u2606matheusbrr\n","uploadtime":1700277614,"views":7,"p1id":"ldsadsadcsf","p2id":"matheusbrr","formatid":"gen9nationaldex","rating":1438,"private":0,"password":""}