{"id":"gen9nationaldex-1997163772","p1":"Milotic4","p2":"Shelmett","format":"[Gen 9] National Dex","log":"|html|<div class=\"broadcast-blue\"><strong>[Gen 9] National Dex is currently suspecting Sneasler! For information on how to participate check out the <a href=\"https:\/\/www.smogon.com\/forums\/threads\/sv-national-dex-suspect-8-just-dance.3731534\/\">suspect thread<\/a>.<\/strong><\/div>\n|j|\u2606Milotic4\n|j|\u2606Shelmett\n|t:|1700771021\n|gametype|singles\n|player|p1|Milotic4|acetrainer|1125\n|player|p2|Shelmett|roxie|1089\n|teamsize|p1|6\n|teamsize|p2|6\n|gen|9\n|tier|[Gen 9] National Dex\n|rated|\n|rule|HP Percentage Mod: HP is shown in percentages\n|rule|Endless Battle Clause: Forcing endless battles is banned\n|rule|OHKO Clause: OHKO moves are banned\n|rule|Evasion Clause: Evasion abilities, items, and moves are banned\n|rule|Evasion Abilities Clause: Evasion abilities are banned\n|rule|Evasion Items Clause: Evasion items are banned\n|rule|Evasion Moves Clause: Evasion moves are banned\n|rule|Species Clause: Limit one of each Pok\u00e9mon\n|rule|Sleep Clause Mod: Limit one foe put to sleep\n|clearpoke\n|poke|p1|Braviary-Hisui, M|\n|poke|p1|Mawile, M|\n|poke|p1|Gastrodon-East, F|\n|poke|p1|Appletun, M|\n|poke|p1|Volcarona, F|\n|poke|p1|Murkrow, F|\n|poke|p2|Cresselia, F|\n|poke|p2|Ferroseed, F|\n|poke|p2|Trapinch, F|\n|poke|p2|Ampharos, M|\n|poke|p2|Zweilous, F|\n|poke|p2|Dusclops, F|\n|teampreview\n|inactive|Battle timer is ON: inactive players will automatically lose when time's up. (requested by Milotic4)\n|\n|t:|1700771035\n|start\n|switch|p1a: Braviary|Braviary-Hisui, M|100\/100\n|switch|p2a: Dusclops|Dusclops, F|100\/100\n|-item|p1a: Braviary|Life Orb|[from] ability: Frisk|[of] p2a: Dusclops|[identify]\n|turn|1\n|\n|t:|1700771045\n|move|p1a: Braviary|Shadow Ball|p2a: Dusclops\n|-supereffective|p2a: Dusclops\n|-crit|p2a: Dusclops\n|-damage|p2a: Dusclops|3\/100\n|move|p2a: Dusclops|Trick Room|p2a: Dusclops\n|-fieldstart|move: Trick Room|[of] p2a: Dusclops\n|\n|upkeep\n|turn|2\n|\n|t:|1700771055\n|move|p2a: Dusclops|Memento|p1a: Braviary\n|-unboost|p1a: Braviary|atk|2\n|-unboost|p1a: Braviary|spa|2\n|faint|p2a: Dusclops\n|move|p1a: Braviary|Shadow Ball|p2: Dusclops|[notarget]\n|-fail|p1a: Braviary\n|\n|upkeep\n|\n|t:|1700771062\n|switch|p2a: Cresselia|Cresselia, F|100\/100\n|turn|3\n|\n|t:|1700771073\n|-terastallize|p2a: Cresselia|Electric\n|move|p1a: Braviary|Shadow Ball|p2a: Cresselia\n|-damage|p2a: Cresselia|86\/100\n|move|p2a: Cresselia|Calm Mind|p2a: Cresselia\n|-boost|p2a: Cresselia|spa|1\n|-boost|p2a: Cresselia|spd|1\n|\n|-heal|p2a: Cresselia|92\/100|[from] item: Leftovers\n|upkeep\n|turn|4\n|\n|t:|1700771093\n|switch|p1a: Appletun|Appletun, M|100\/100\n|move|p2a: Cresselia|Thunderbolt|p1a: Appletun\n|-resisted|p1a: Appletun\n|-damage|p1a: Appletun|91\/100\n|\n|-heal|p1a: Appletun|97\/100|[from] item: Leftovers\n|-heal|p2a: Cresselia|98\/100|[from] item: Leftovers\n|upkeep\n|turn|5\n|\n|t:|1700771102\n|move|p1a: Appletun|Leech Seed|p2a: Cresselia\n|-start|p2a: Cresselia|move: Leech Seed\n|move|p2a: Cresselia|Ice Beam|p1a: Appletun\n|-supereffective|p1a: Appletun\n|-damage|p1a: Appletun|51\/100\n|\n|-heal|p1a: Appletun|57\/100|[from] item: Leftovers\n|-heal|p2a: Cresselia|100\/100|[from] item: Leftovers\n|-damage|p2a: Cresselia|88\/100|[from] Leech Seed|[of] p1a: Appletun\n|-heal|p1a: Appletun|70\/100|[silent]\n|-fieldend|move: Trick Room\n|upkeep\n|turn|6\n|\n|t:|1700771113\n|move|p2a: Cresselia|Calm Mind|p2a: Cresselia\n|-boost|p2a: Cresselia|spa|1\n|-boost|p2a: Cresselia|spd|1\n|move|p1a: Appletun|Apple Acid|p2a: Cresselia\n|-damage|p2a: Cresselia|80\/100\n|-unboost|p2a: Cresselia|spd|1\n|\n|-heal|p2a: Cresselia|86\/100|[from] item: Leftovers\n|-heal|p1a: Appletun|76\/100|[from] item: Leftovers\n|-damage|p2a: Cresselia|73\/100|[from] Leech Seed|[of] p1a: Appletun\n|-heal|p1a: Appletun|89\/100|[silent]\n|upkeep\n|turn|7\n|\n|t:|1700771135\n|move|p2a: Cresselia|Ice Beam|p1a: Appletun\n|-supereffective|p1a: Appletun\n|-damage|p1a: Appletun|25\/100\n|move|p1a: Appletun|Apple Acid|p2a: Cresselia\n|-damage|p2a: Cresselia|62\/100\n|-unboost|p2a: Cresselia|spd|1\n|\n|-heal|p2a: Cresselia|68\/100|[from] item: Leftovers\n|-heal|p1a: Appletun|31\/100|[from] item: Leftovers\n|-damage|p2a: Cresselia|56\/100|[from] Leech Seed|[of] p1a: Appletun\n|-heal|p1a: Appletun|44\/100|[silent]\n|upkeep\n|turn|8\n|\n|t:|1700771151\n|move|p2a: Cresselia|Moonlight|p2a: Cresselia\n|-heal|p2a: Cresselia|100\/100\n|move|p1a: Appletun|Recover|p1a: Appletun\n|-heal|p1a: Appletun|94\/100\n|\n|-heal|p1a: Appletun|99\/100|[from] item: Leftovers\n|-damage|p2a: Cresselia|88\/100|[from] Leech Seed|[of] p1a: Appletun\n|-heal|p1a: Appletun|100\/100|[silent]\n|upkeep\n|turn|9\n|\n|t:|1700771161\n|move|p2a: Cresselia|Ice Beam|p1a: Appletun\n|-supereffective|p1a: Appletun\n|-damage|p1a: Appletun|39\/100\n|move|p1a: Appletun|Apple Acid|p2a: Cresselia\n|-damage|p2a: Cresselia|69\/100\n|-unboost|p2a: Cresselia|spd|1\n|\n|-heal|p2a: Cresselia|75\/100|[from] item: Leftovers\n|-heal|p1a: Appletun|45\/100|[from] item: Leftovers\n|-damage|p2a: Cresselia|63\/100|[from] Leech Seed|[of] p1a: Appletun\n|-heal|p1a: Appletun|58\/100|[silent]\n|upkeep\n|turn|10\n|\n|t:|1700771175\n|switch|p1a: Volcarona|Volcarona, F|100\/100\n|move|p2a: Cresselia|Ice Beam|p1a: Volcarona\n|-resisted|p1a: Volcarona\n|-damage|p1a: Volcarona|76\/100\n|\n|-heal|p2a: Cresselia|69\/100|[from] item: Leftovers\n|-damage|p2a: Cresselia|56\/100|[from] Leech Seed|[of] p1a: Volcarona\n|-heal|p1a: Volcarona|94\/100|[silent]\n|upkeep\n|turn|11\n|\n|t:|1700771187\n|move|p1a: Volcarona|Flamethrower|p2a: Cresselia\n|-damage|p2a: Cresselia|5\/100\n|move|p2a: Cresselia|Thunderbolt|p1a: Volcarona\n|-damage|p1a: Volcarona|23\/100\n|\n|-heal|p2a: Cresselia|12\/100|[from] item: Leftovers\n|-damage|p2a: Cresselia|0 fnt|[from] Leech Seed|[of] p1a: Volcarona\n|-heal|p1a: Volcarona|39\/100|[silent]\n|faint|p2a: Cresselia\n|upkeep\n|\n|t:|1700771199\n|switch|p2a: Ampharos|Ampharos, M|100\/100\n|turn|12\n|\n|t:|1700771208\n|detailschange|p2a: Ampharos|Ampharos-Mega, M\n|-mega|p2a: Ampharos|Ampharos|Ampharosite\n|-ability|p2a: Ampharos|Mold Breaker\n|move|p1a: Volcarona|Quiver Dance|p1a: Volcarona\n|-boost|p1a: Volcarona|spa|1\n|-boost|p1a: Volcarona|spd|1\n|-boost|p1a: Volcarona|spe|1\n|move|p2a: Ampharos|Volt Switch|p1a: Volcarona\n|-damage|p1a: Volcarona|4\/100\n|\n|t:|1700771213\n|switch|p2a: Trapinch|Trapinch, F|100\/100|[from] Volt Switch\n|\n|upkeep\n|turn|13\n|\n|t:|1700771221\n|move|p2a: Trapinch|First Impression|p1a: Volcarona\n|-resisted|p1a: Volcarona\n|-damage|p1a: Volcarona|0 fnt\n|faint|p1a: Volcarona\n|-damage|p2a: Trapinch|91\/100|[from] item: Life Orb\n|\n|upkeep\n|\n|t:|1700771237\n|switch|p1a: Gastrodon|Gastrodon-East, F|100\/100\n|turn|14\n|\n|t:|1700771256\n|move|p1a: Gastrodon|Scald|p2a: Trapinch\n|-supereffective|p2a: Trapinch\n|-damage|p2a: Trapinch|0 fnt\n|faint|p2a: Trapinch\n|\n|upkeep\n|\n|t:|1700771261\n|switch|p2a: Ferroseed|Ferroseed, F|100\/100\n|turn|15\n|\n|t:|1700771265\n|move|p1a: Gastrodon|Earthquake|p2a: Ferroseed\n|-damage|p2a: Ferroseed|73\/100\n|move|p2a: Ferroseed|Curse|p2a: Ferroseed\n|-unboost|p2a: Ferroseed|spe|1\n|-boost|p2a: Ferroseed|atk|1\n|-boost|p2a: Ferroseed|def|1\n|\n|upkeep\n|turn|16\n|\n|t:|1700771274\n|move|p1a: Gastrodon|Scald|p2a: Ferroseed\n|-resisted|p2a: Ferroseed\n|-damage|p2a: Ferroseed|60\/100\n|move|p2a: Ferroseed|Curse|p2a: Ferroseed\n|-unboost|p2a: Ferroseed|spe|1\n|-boost|p2a: Ferroseed|atk|1\n|-boost|p2a: Ferroseed|def|1\n|\n|upkeep\n|turn|17\n|\n|t:|1700771286\n|switch|p1a: Murkrow|Murkrow, F|100\/100\n|move|p2a: Ferroseed|Seed Bomb|p1a: Murkrow\n|-resisted|p1a: Murkrow\n|-damage|p1a: Murkrow|48\/100\n|\n|upkeep\n|turn|18\n|\n|t:|1700771293\n|move|p1a: Murkrow|Haze|p1a: Murkrow\n|-clearallboost\n|move|p2a: Ferroseed|Seed Bomb|p1a: Murkrow\n|-resisted|p1a: Murkrow\n|-damage|p1a: Murkrow|25\/100\n|\n|upkeep\n|turn|19\n|\n|t:|1700771303\n|move|p1a: Murkrow|Taunt|p2a: Ferroseed\n|-start|p2a: Ferroseed|move: Taunt\n|move|p2a: Ferroseed|Gyro Ball|p1a: Murkrow\n|-damage|p1a: Murkrow|0 fnt\n|faint|p1a: Murkrow\n|\n|upkeep\n|\n|t:|1700771311\n|switch|p1a: Mawile|Mawile, M|100\/100\n|-ability|p1a: Mawile|Intimidate|boost\n|-unboost|p2a: Ferroseed|atk|1\n|turn|20\n|\n|t:|1700771319\n|detailschange|p1a: Mawile|Mawile-Mega, M\n|-mega|p1a: Mawile|Mawile|Mawilite\n|move|p1a: Mawile|Ice Punch|p2a: Ferroseed\n|-damage|p2a: Ferroseed|13\/100\n|-damage|p1a: Mawile|88\/100|[from] ability: Iron Barbs|[of] p2a: Ferroseed\n|move|p2a: Ferroseed|Gyro Ball|p1a: Mawile\n|-damage|p1a: Mawile|59\/100\n|\n|upkeep\n|turn|21\n|\n|t:|1700771328\n|move|p1a: Mawile|Sucker Punch|p2a: Ferroseed\n|-damage|p2a: Ferroseed|0 fnt\n|-damage|p1a: Mawile|47\/100|[from] ability: Iron Barbs|[of] p2a: Ferroseed\n|faint|p2a: Ferroseed\n|\n|upkeep\n|\n|t:|1700771336\n|switch|p2a: Zweilous|Zweilous, F|100\/100\n|turn|22\n|\n|t:|1700771341\n|move|p2a: Zweilous|Stomping Tantrum|p1a: Mawile\n|-supereffective|p1a: Mawile\n|-crit|p1a: Mawile\n|-damage|p1a: Mawile|0 fnt\n|faint|p1a: Mawile\n|\n|upkeep\n|\n|t:|1700771347\n|switch|p1a: Appletun|Appletun, M|58\/100\n|turn|23\n|\n|t:|1700771350\n|switch|p2a: Ampharos|Ampharos-Mega, M|100\/100\n|-ability|p2a: Ampharos|Mold Breaker\n|move|p1a: Appletun|Leech Seed|p2a: Ampharos|[miss]\n|-miss|p1a: Appletun|p2a: Ampharos\n|\n|-heal|p1a: Appletun|64\/100|[from] item: Leftovers\n|upkeep\n|turn|24\n|\n|t:|1700771363\n|move|p2a: Ampharos|Dragon Pulse|p1a: Appletun\n|-supereffective|p1a: Appletun\n|-damage|p1a: Appletun|0 fnt\n|faint|p1a: Appletun\n|\n|upkeep\n|\n|t:|1700771369\n|switch|p1a: Gastrodon|Gastrodon-East, F|100\/100\n|turn|25\n|\n|t:|1700771374\n|move|p2a: Ampharos|Dragon Pulse|p1a: Gastrodon\n|-damage|p1a: Gastrodon|45\/100\n|move|p1a: Gastrodon|Earthquake|p2a: Ampharos\n|-supereffective|p2a: Ampharos\n|-damage|p2a: Ampharos|48\/100\n|\n|-heal|p1a: Gastrodon|51\/100|[from] item: Leftovers\n|upkeep\n|turn|26\n|\n|t:|1700771384\n|move|p2a: Ampharos|Dragon Pulse|p1a: Gastrodon\n|-damage|p1a: Gastrodon|0 fnt\n|faint|p1a: Gastrodon\n|\n|upkeep\n|\n|t:|1700771390\n|switch|p1a: Braviary|Braviary-Hisui, M|100\/100\n|turn|27\n|\n|t:|1700771395\n|move|p1a: Braviary|Psychic|p2a: Ampharos\n|-damage|p2a: Ampharos|0 fnt\n|faint|p2a: Ampharos\n|\n|upkeep\n|\n|t:|1700771397\n|switch|p2a: Zweilous|Zweilous, F|100\/100\n|turn|28\n|\n|t:|1700771408\n|move|p1a: Braviary|Heat Wave|p2a: Zweilous\n|-resisted|p2a: Zweilous\n|-damage|p2a: Zweilous|64\/100\n|move|p2a: Zweilous|Crunch|p1a: Braviary\n|-supereffective|p1a: Braviary\n|-damage|p1a: Braviary|0 fnt\n|faint|p1a: Braviary\n|\n|win|Shelmett\n|raw|Milotic4's rating: 1125 &rarr; <strong>1097<\/strong><br \/>(-28 for losing)\n|raw|Shelmett's rating: 1089 &rarr; <strong>1118<\/strong><br \/>(+29 for winning)\n|c|\u2606Shelmett|gg\n|l|\u2606Milotic4\n","uploadtime":1700771419,"views":17,"p1id":"milotic4","p2id":"shelmett","formatid":"gen9nationaldex","rating":1097,"private":0,"password":""}