{"id":"gen9nationaldex-1989214051","p1":"I like bug alots","p2":"TexanFarmersMarket","format":"[Gen 9] National Dex","log":"|j|\u2606I like bug alots\n|j|\u2606TexanFarmersMarket\n|t:|1699824160\n|gametype|singles\n|player|p1|I like bug alots|elesa|\n|player|p2|TexanFarmersMarket|bellepa|\n|teamsize|p1|6\n|teamsize|p2|6\n|gen|9\n|tier|[Gen 9] National Dex\n|rule|HP Percentage Mod: HP is shown in percentages\n|rule|Endless Battle Clause: Forcing endless battles is banned\n|rule|OHKO Clause: OHKO moves are banned\n|rule|Evasion Clause: Evasion abilities, items, and moves are banned\n|rule|Evasion Abilities Clause: Evasion abilities are banned\n|rule|Evasion Items Clause: Evasion items are banned\n|rule|Evasion Moves Clause: Evasion moves are banned\n|rule|Species Clause: Limit one of each Pok\u00e9mon\n|rule|Sleep Clause Mod: Limit one foe put to sleep\n|clearpoke\n|poke|p1|Goodra-Hisui, F|\n|poke|p1|Skarmory, M|\n|poke|p1|Kartana|\n|poke|p1|Scizor, F|\n|poke|p1|Klefki, M|\n|poke|p1|Lucario, M|\n|poke|p2|Lopunny, M|\n|poke|p2|Zoroark-Hisui, F|\n|poke|p2|Snorlax, F|\n|poke|p2|Ditto|\n|poke|p2|Pyroar, F|\n|poke|p2|Porygon-Z|\n|teampreview\n|inactive|Battle timer is ON: inactive players will automatically lose when time's up. (requested by TexanFarmersMarket)\n|c|\u2606TexanFarmersMarket|lemme send link to crim\n|l|\u2606TexanFarmersMarket\n|inactive|TexanFarmersMarket disconnected and has 300 seconds to reconnect!\n|player|p2|\n|j|\u2606TexanFarmersMarket\n|inactive|TexanFarmersMarket reconnected and has 285 seconds left.\n|player|p2|TexanFarmersMarket|bellepa\n|inactive|I like bug alots has 270 seconds left.\n|inactiveoff|Battle timer is now OFF.\n|c|\u2606TexanFarmersMarket|i dunno how long he's gonna take\n|c|\u2606I like bug alots|:P\n|c|\u2606TexanFarmersMarket|just start i guess\n|c|\u2606I like bug alots|we gotta wait\n|c|\u2606TexanFarmersMarket|doodoo\n|c|\u2606TexanFarmersMarket|im gonna go get apple juice\n|c|\u2606TexanFarmersMarket|k back\n|l|\u2606I like bug alots\n|player|p1|\n|j|\u2606I like bug alots\n|player|p1|I like bug alots|elesa\n|c|\u2606I like bug alots|ok back\n|c|\u2606TexanFarmersMarket|hi\n|c|\u2606I like bug alots|sup\n|c|\u2606TexanFarmersMarket|should we just start orr\n|c|\u2606I like bug alots|I think crim is busy\n|j| YaBoiCrim\n|c| YaBoiCrim|dont start\n|c|\u2606TexanFarmersMarket|finally\n|c| YaBoiCrim|yall can start\n|c| YaBoiCrim|just for future reference u dont have to wait for me to battle\n|\n|t:|1699825581\n|start\n|switch|p1a: Klefki|Klefki, M|100\/100\n|switch|p2a: Snorlax|Snorlax, F|100\/100\n|turn|1\n|\n|t:|1699825633\n|move|p1a: Klefki|Reflect|p1a: Klefki\n|-sidestart|p1: I like bug alots|Reflect\n|move|p2a: Snorlax|Curse|p2a: Snorlax\n|-unboost|p2a: Snorlax|spe|1\n|-boost|p2a: Snorlax|atk|1\n|-boost|p2a: Snorlax|def|1\n|\n|upkeep\n|turn|2\n|\n|t:|1699825635\n|move|p1a: Klefki|Light Screen|p1a: Klefki\n|-sidestart|p1: I like bug alots|move: Light Screen\n|move|p2a: Snorlax|Curse|p2a: Snorlax\n|-unboost|p2a: Snorlax|spe|1\n|-boost|p2a: Snorlax|atk|1\n|-boost|p2a: Snorlax|def|1\n|\n|upkeep\n|turn|3\n|\n|t:|1699825641\n|move|p1a: Klefki|Foul Play|p2a: Snorlax\n|-damage|p2a: Snorlax|70\/100\n|move|p2a: Snorlax|Earthquake|p1a: Klefki\n|-supereffective|p1a: Klefki\n|-damage|p1a: Klefki|33\/100\n|\n|-heal|p2a: Snorlax|76\/100|[from] item: Leftovers\n|upkeep\n|turn|4\n|\n|t:|1699825648\n|move|p1a: Klefki|Foul Play|p2a: Snorlax\n|-damage|p2a: Snorlax|47\/100\n|move|p2a: Snorlax|Curse|p2a: Snorlax\n|-unboost|p2a: Snorlax|spe|1\n|-boost|p2a: Snorlax|atk|1\n|-boost|p2a: Snorlax|def|1\n|\n|-heal|p2a: Snorlax|53\/100|[from] item: Leftovers\n|upkeep\n|turn|5\n|\n|t:|1699825655\n|move|p1a: Klefki|Foul Play|p2a: Snorlax\n|-damage|p2a: Snorlax|25\/100\n|move|p2a: Snorlax|Earthquake|p1a: Klefki\n|-supereffective|p1a: Klefki\n|-damage|p1a: Klefki|0 fnt\n|faint|p1a: Klefki\n|\n|-heal|p2a: Snorlax|31\/100|[from] item: Leftovers\n|upkeep\n|\n|t:|1699825658\n|switch|p1a: Skarmory|Skarmory, M|100\/100\n|turn|6\n|\n|t:|1699825666\n|move|p1a: Skarmory|Iron Defense|p1a: Skarmory\n|-boost|p1a: Skarmory|def|2\n|move|p2a: Snorlax|Darkest Lariat|p1a: Skarmory\n|-damage|p1a: Skarmory|80\/100\n|-damage|p2a: Snorlax|15\/100|[from] item: Rocky Helmet|[of] p1a: Skarmory\n|\n|-heal|p2a: Snorlax|21\/100|[from] item: Leftovers\n|upkeep\n|turn|7\n|\n|t:|1699825670\n|move|p1a: Skarmory|Stealth Rock|p2a: Snorlax\n|-sidestart|p2: TexanFarmersMarket|move: Stealth Rock\n|move|p2a: Snorlax|Body Slam|p1a: Skarmory\n|-resisted|p1a: Skarmory\n|-damage|p1a: Skarmory|72\/100\n|-damage|p2a: Snorlax|4\/100|[from] item: Rocky Helmet|[of] p1a: Skarmory\n|\n|-heal|p2a: Snorlax|10\/100|[from] item: Leftovers\n|upkeep\n|turn|8\n|\n|t:|1699825681\n|move|p1a: Skarmory|Roost|p1a: Skarmory\n|-heal|p1a: Skarmory|100\/100\n|-singleturn|p1a: Skarmory|move: Roost\n|move|p2a: Snorlax|Darkest Lariat|p1a: Skarmory\n|-damage|p1a: Skarmory|79\/100\n|-damage|p2a: Snorlax|0 fnt|[from] item: Rocky Helmet|[of] p1a: Skarmory\n|faint|p2a: Snorlax\n|\n|-sideend|p1: I like bug alots|Reflect\n|upkeep\n|\n|t:|1699825688\n|switch|p2a: Porygon-Z|Porygon-Z|100\/100\n|turn|9\n|\n|t:|1699825692\n|move|p2a: Porygon-Z|Taunt|p1a: Skarmory\n|-start|p1a: Skarmory|move: Taunt\n|move|p1a: Skarmory|Body Press|p2a: Porygon-Z\n|-immune|p2a: Porygon-Z\n|\n|-sideend|p1: I like bug alots|move: Light Screen\n|upkeep\n|turn|10\n|\n|t:|1699825698\n|move|p2a: Porygon-Z|Flamethrower|p1a: Skarmory\n|-supereffective|p1a: Skarmory\n|-damage|p1a: Skarmory|0 fnt\n|faint|p1a: Skarmory\n|\n|upkeep\n|\n|t:|1699825712\n|switch|p1a: Kartana|Kartana|100\/100\n|turn|11\n|\n|t:|1699825717\n|move|p1a: Kartana|Knock Off|p2a: Porygon-Z\n|-supereffective|p2a: Porygon-Z\n|-damage|p2a: Porygon-Z|0 fnt\n|replace|p2a: Zoroark|Zoroark-Hisui, F\n|-end|p2a: Zoroark|Illusion\n|-enditem|p2a: Zoroark|Heavy-Duty Boots|[from] move: Knock Off|[of] p1a: Kartana\n|faint|p2a: Zoroark\n|-ability|p1a: Kartana|Beast Boost|boost\n|-boost|p1a: Kartana|atk|1\n|\n|upkeep\n|\n|t:|1699825720\n|switch|p2a: Ditto|Ditto|100\/100\n|-damage|p2a: Ditto|88\/100|[from] Stealth Rock\n|-transform|p2a: Ditto|p1a: Kartana|[from] ability: Imposter\n|turn|12\n|c| YaBoiCrim|uh oh\n|\n|t:|1699825735\n|move|p1a: Kartana|Knock Off|p2a: Ditto\n|-damage|p2a: Ditto|21\/100\n|-enditem|p2a: Ditto|Choice Scarf|[from] move: Knock Off|[of] p1a: Kartana\n|move|p2a: Ditto|Sacred Sword|p1a: Kartana\n|-supereffective|p1a: Kartana\n|-damage|p1a: Kartana|0 fnt\n|faint|p1a: Kartana\n|-ability|p2a: Ditto|Beast Boost|boost\n|-boost|p2a: Ditto|atk|1\n|\n|upkeep\n|\n|t:|1699825738\n|switch|p1a: Lucario|Lucario, M|100\/100\n|turn|13\n|\n|t:|1699825744\n|move|p2a: Ditto|Sacred Sword|p1a: Lucario\n|-supereffective|p1a: Lucario\n|-enditem|p1a: Lucario|Focus Sash\n|-damage|p1a: Lucario|1\/100\n|move|p1a: Lucario|Drain Punch|p2a: Ditto\n|-supereffective|p2a: Ditto\n|-damage|p2a: Ditto|0 fnt\n|-heal|p1a: Lucario|10\/100|[from] drain|[of] p2a: Ditto\n|faint|p2a: Ditto\n|\n|upkeep\n|c|\u2606TexanFarmersMarket|aw shucks\n|\n|t:|1699825755\n|switch|p2a: Lopunny|Lopunny, M|100\/100\n|-damage|p2a: Lopunny|88\/100|[from] Stealth Rock\n|turn|14\n|\n|t:|1699825759\n|detailschange|p2a: Lopunny|Lopunny-Mega, M\n|-mega|p2a: Lopunny|Lopunny|Lopunnite\n|move|p2a: Lopunny|Fake Out|p1a: Lucario\n|-resisted|p1a: Lucario\n|-damage|p1a: Lucario|0 fnt\n|faint|p1a: Lucario\n|\n|upkeep\n|\n|t:|1699825771\n|switch|p1a: Scizor|Scizor, F|100\/100\n|turn|15\n|\n|t:|1699825774\n|switch|p2a: Pyroar|Pyroar, F|100\/100\n|-damage|p2a: Pyroar|76\/100|[from] Stealth Rock\n|detailschange|p1a: Scizor|Scizor-Mega, F\n|-mega|p1a: Scizor|Scizor|Scizorite\n|move|p1a: Scizor|Dual Wingbeat|p2a: Pyroar\n|-damage|p2a: Pyroar|37\/100\n|-damage|p2a: Pyroar|0 fnt\n|faint|p2a: Pyroar\n|-hitcount|p2: Pyroar|2\n|\n|upkeep\n|\n|t:|1699825781\n|switch|p2a: Porygon-Z|Porygon-Z|100\/100\n|-damage|p2a: Porygon-Z|88\/100|[from] Stealth Rock\n|-ability|p2a: Porygon-Z|Download|boost\n|-boost|p2a: Porygon-Z|spa|1\n|turn|16\n|\n|t:|1699825788\n|switch|p1a: Goodra|Goodra-Hisui, F|100\/100\n|move|p2a: Porygon-Z|Thunderbolt|p1a: Goodra\n|-resisted|p1a: Goodra\n|-damage|p1a: Goodra|90\/100\n|\n|upkeep\n|turn|17\n|\n|t:|1699825794\n|-zpower|p2a: Porygon-Z\n|move|p2a: Porygon-Z|Z-Conversion|p2a: Porygon-Z|[anim]Conversion\n|-boost|p2a: Porygon-Z|atk|1|[zeffect]\n|-boost|p2a: Porygon-Z|def|1|[zeffect]\n|-boost|p2a: Porygon-Z|spa|1|[zeffect]\n|-boost|p2a: Porygon-Z|spd|1|[zeffect]\n|-boost|p2a: Porygon-Z|spe|1|[zeffect]\n|-start|p2a: Porygon-Z|typechange|Ghost\n|move|p1a: Goodra|Flash Cannon|p2a: Porygon-Z\n|-damage|p2a: Porygon-Z|48\/100\n|\n|upkeep\n|turn|18\n|\n|t:|1699825803\n|move|p2a: Porygon-Z|Shadow Ball|p1a: Goodra\n|-damage|p1a: Goodra|53\/100\n|-unboost|p1a: Goodra|spd|1\n|move|p1a: Goodra|Draco Meteor|p2a: Porygon-Z\n|-damage|p2a: Porygon-Z|0 fnt\n|-unboost|p1a: Goodra|spa|2\n|faint|p2a: Porygon-Z\n|\n|upkeep\n|\n|t:|1699825810\n|switch|p2a: Lopunny|Lopunny-Mega, M|88\/100\n|-damage|p2a: Lopunny|82\/100|[from] Stealth Rock\n|turn|19\n|\n|t:|1699825821\n|move|p2a: Lopunny|Fake Out|p1a: Goodra\n|-resisted|p1a: Goodra\n|-damage|p1a: Goodra|42\/100\n|-ability|p1a: Goodra|Gooey\n|-unboost|p2a: Lopunny|spe|1\n|cant|p1a: Goodra|flinch\n|\n|upkeep\n|turn|20\n|\n|t:|1699825828\n|move|p2a: Lopunny|High Jump Kick|p1a: Goodra\n|-supereffective|p1a: Goodra\n|-damage|p1a: Goodra|0 fnt\n|-ability|p1a: Goodra|Gooey\n|-unboost|p2a: Lopunny|spe|1\n|faint|p1a: Goodra\n|\n|upkeep\n|\n|t:|1699825831\n|switch|p1a: Scizor|Scizor-Mega, F|100\/100\n|turn|21\n|\n|t:|1699825838\n|move|p2a: Lopunny|High Jump Kick|p1a: Scizor\n|-damage|p1a: Scizor|52\/100\n|move|p1a: Scizor|Dual Wingbeat|p2a: Lopunny\n|-supereffective|p2a: Lopunny\n|-damage|p2a: Lopunny|12\/100\n|-supereffective|p2a: Lopunny\n|-damage|p2a: Lopunny|0 fnt\n|faint|p2a: Lopunny\n|-hitcount|p2: Lopunny|2\n|\n|win|I like bug alots\n|c|\u2606I like bug alots|gg\n|c|\u2606TexanFarmersMarket|ggwp\n|c| YaBoiCrim|dang roberts out\n|c| YaBoiCrim|thats crazy\n|c|\u2606TexanFarmersMarket|god damn gooey\n|c|\u2606I like bug alots|indeed\n|c|\u2606TexanFarmersMarket|it was close though\n|l| YaBoiCrim\n","uploadtime":1699825856,"views":16,"p1id":"ilikebugalots","p2id":"texanfarmersmarket","formatid":"gen9nationaldex","rating":0,"private":0,"password":""}