{"id":"gen9nationaldex-1998889564","p1":"Charizardmaster45","p2":"ido1234567890","format":"[Gen 9] National Dex","log":"|html|<div class=\"broadcast-blue\"><strong>[Gen 9] National Dex is currently suspecting Sneasler! For information on how to participate check out the <a href=\"https:\/\/www.smogon.com\/forums\/threads\/sv-national-dex-suspect-8-just-dance.3731534\/\">suspect thread<\/a>.<\/strong><\/div>\n|j|\u2606Charizardmaster45\n|j|\u2606ido1234567890\n|t:|1701009126\n|gametype|singles\n|player|p1|Charizardmaster45|skyla|\n|player|p2|ido1234567890|lucas|\n|teamsize|p1|6\n|teamsize|p2|6\n|gen|9\n|tier|[Gen 9] National Dex\n|rule|HP Percentage Mod: HP is shown in percentages\n|rule|Endless Battle Clause: Forcing endless battles is banned\n|rule|OHKO Clause: OHKO moves are banned\n|rule|Evasion Clause: Evasion abilities, items, and moves are banned\n|rule|Evasion Abilities Clause: Evasion abilities are banned\n|rule|Evasion Items Clause: Evasion items are banned\n|rule|Evasion Moves Clause: Evasion moves are banned\n|rule|Species Clause: Limit one of each Pok\u00e9mon\n|rule|Sleep Clause Mod: Limit one foe put to sleep\n|clearpoke\n|poke|p1|Charizard, M|\n|poke|p1|Heatran, F|\n|poke|p1|Typhlosion-Hisui, M|\n|poke|p1|Volcarona, F|\n|poke|p1|Torkoal, F|\n|poke|p1|Rotom-Heat|\n|poke|p2|Kommo-o, F|\n|poke|p2|Lilligant-Hisui, F|\n|poke|p2|Infernape, F|\n|poke|p2|Heracross, M|\n|poke|p2|Hawlucha, M|\n|poke|p2|Urshifu-*, M|\n|teampreview\n|l|\u2606Charizardmaster45\n|player|p1|\n|j|\u2606Charizardmaster45\n|player|p1|Charizardmaster45|skyla\n|j| bidoofol\n|inactive|Battle timer is ON: inactive players will automatically lose when time's up. (requested by ido1234567890)\n|\n|t:|1701009184\n|start\n|switch|p1a: Torkoal|Torkoal, F|100\/100\n|switch|p2a: Hawlucha|Hawlucha, M|100\/100\n|-weather|SunnyDay|[from] ability: Drought|[of] p1a: Torkoal\n|turn|1\n|\n|t:|1701009187\n|move|p2a: Hawlucha|Taunt|p1a: Torkoal\n|-start|p1a: Torkoal|move: Taunt\n|cant|p1a: Torkoal|move: Taunt|Yawn\n|\n|-weather|SunnyDay|[upkeep]\n|upkeep\n|turn|2\n|j| xzeav\n|\n|t:|1701009197\n|switch|p2a: Kommo-o|Kommo-o, F|100\/100\n|move|p1a: Torkoal|Fire Blast|p2a: Kommo-o|[miss]\n|-miss|p1a: Torkoal|p2a: Kommo-o\n|\n|-weather|SunnyDay|[upkeep]\n|upkeep\n|turn|3\n|\n|t:|1701009209\n|switch|p1a: Heatran|Heatran, F|100\/100\n|-zpower|p2a: Kommo-o\n|move|p2a: Kommo-o|Clangorous Soulblaze|p1a: Heatran|[zeffect]\n|-resisted|p1a: Heatran\n|-damage|p1a: Heatran|73\/100\n|-boost|p2a: Kommo-o|atk|1\n|-boost|p2a: Kommo-o|def|1\n|-boost|p2a: Kommo-o|spa|1\n|-boost|p2a: Kommo-o|spd|1\n|-boost|p2a: Kommo-o|spe|1\n|\n|-weather|SunnyDay|[upkeep]\n|-heal|p1a: Heatran|80\/100|[from] item: Leftovers\n|upkeep\n|turn|4\n|\n|t:|1701009221\n|-terastallize|p1a: Heatran|Grass\n|move|p2a: Kommo-o|Drain Punch|p1a: Heatran\n|-damage|p1a: Heatran|33\/100\n|move|p1a: Heatran|Magma Storm|p2a: Kommo-o\n|-resisted|p2a: Kommo-o\n|-damage|p2a: Kommo-o|62\/100\n|-activate|p2a: Kommo-o|move: Magma Storm|[of] p1a: Heatran\n|\n|-weather|SunnyDay|[upkeep]\n|-heal|p1a: Heatran|40\/100|[from] item: Leftovers\n|-damage|p2a: Kommo-o|50\/100|[from] move: Magma Storm|[partiallytrapped]\n|upkeep\n|turn|5\n|\n|t:|1701009242\n|switch|p1a: Typhlosion|Typhlosion-Hisui, M|100\/100\n|move|p2a: Kommo-o|Drain Punch|p1a: Typhlosion\n|-immune|p1a: Typhlosion\n|\n|-weather|SunnyDay|[upkeep]\n|-end|p2a: Kommo-o|Magma Storm|[partiallytrapped]|[silent]\n|upkeep\n|turn|6\n|\n|t:|1701009250\n|move|p1a: Typhlosion|Eruption|p2a: Kommo-o\n|-resisted|p2a: Kommo-o\n|-damage|p2a: Kommo-o|6\/100\n|move|p2a: Kommo-o|Clanging Scales|p1a: Typhlosion\n|-damage|p1a: Typhlosion|26\/100\n|-unboost|p2a: Kommo-o|def|1\n|\n|-weather|SunnyDay|[upkeep]\n|upkeep\n|turn|7\n|\n|t:|1701009261\n|move|p1a: Typhlosion|Eruption|p2a: Kommo-o\n|-resisted|p2a: Kommo-o\n|-damage|p2a: Kommo-o|0 fnt\n|faint|p2a: Kommo-o\n|\n|-weather|SunnyDay|[upkeep]\n|upkeep\n|\n|t:|1701009266\n|switch|p2a: Urshifu|Urshifu-Rapid-Strike, M|100\/100\n|turn|8\n|\n|t:|1701009272\n|move|p1a: Typhlosion|Eruption|p2a: Urshifu\n|-resisted|p2a: Urshifu\n|-damage|p2a: Urshifu|68\/100\n|move|p2a: Urshifu|Surging Strikes|p1a: Typhlosion\n|-supereffective|p1a: Typhlosion\n|-crit|p1a: Typhlosion\n|-damage|p1a: Typhlosion|0 fnt\n|faint|p1a: Typhlosion\n|-hitcount|p1: Typhlosion|1\n|\n|-weather|none\n|upkeep\n|c| bidoofol|\u05d0\u05e0\u05d9 \u05de\u05e2\u05d5\u05d3\u05d3 \u05d0\u05ea \u05d0\u05d9\u05ea\u05d9 \u05d1\u05e7\u05e8\u05d1 \u05d4\u05d6\u05d4\n|\n|t:|1701009288\n|switch|p1a: Torkoal|Torkoal, F|100\/100\n|-weather|SunnyDay|[from] ability: Drought|[of] p1a: Torkoal\n|turn|9\n|\n|t:|1701009303\n|move|p2a: Urshifu|Surging Strikes|p1a: Torkoal\n|-supereffective|p1a: Torkoal\n|-crit|p1a: Torkoal\n|-damage|p1a: Torkoal|83\/100\n|-supereffective|p1a: Torkoal\n|-crit|p1a: Torkoal\n|-damage|p1a: Torkoal|67\/100\n|-supereffective|p1a: Torkoal\n|-crit|p1a: Torkoal\n|-damage|p1a: Torkoal|51\/100\n|-hitcount|p1a: Torkoal|3\n|move|p1a: Torkoal|Solar Beam||[still]\n|-prepare|p1a: Torkoal|Solar Beam\n|-anim|p1a: Torkoal|Solar Beam|p2a: Urshifu\n|-supereffective|p2a: Urshifu\n|-damage|p2a: Urshifu|0 fnt\n|faint|p2a: Urshifu\n|\n|-weather|SunnyDay|[upkeep]\n|upkeep\n|\n|t:|1701009315\n|switch|p2a: Lilligant|Lilligant-Hisui, F|100\/100\n|turn|10\n|\n|t:|1701009321\n|move|p2a: Lilligant|Close Combat|p1a: Torkoal\n|-damage|p1a: Torkoal|0 fnt\n|-unboost|p2a: Lilligant|def|1\n|-unboost|p2a: Lilligant|spd|1\n|faint|p1a: Torkoal\n|\n|-weather|SunnyDay|[upkeep]\n|upkeep\n|\n|t:|1701009350\n|switch|p1a: Volcarona|Volcarona, F|100\/100\n|turn|11\n|\n|t:|1701009363\n|switch|p2a: Infernape|Infernape, F|100\/100\n|move|p1a: Volcarona|Quiver Dance|p1a: Volcarona\n|-boost|p1a: Volcarona|spa|1\n|-boost|p1a: Volcarona|spd|1\n|-boost|p1a: Volcarona|spe|1\n|\n|-weather|SunnyDay|[upkeep]\n|upkeep\n|turn|12\n|\n|t:|1701009374\n|move|p1a: Volcarona|Fiery Dance|p2a: Infernape\n|-resisted|p2a: Infernape\n|-damage|p2a: Infernape|20\/100\n|move|p2a: Infernape|Stone Edge|p1a: Volcarona\n|-supereffective|p1a: Volcarona\n|-damage|p1a: Volcarona|0 fnt\n|faint|p1a: Volcarona\n|-damage|p2a: Infernape|10\/100|[from] item: Life Orb\n|\n|-weather|SunnyDay|[upkeep]\n|upkeep\n|\n|t:|1701009383\n|switch|p1a: Heatran|Heatran, F, tera:Grass|40\/100\n|turn|13\n|\n|t:|1701009388\n|move|p2a: Infernape|Close Combat|p1a: Heatran\n|-damage|p1a: Heatran|0 fnt\n|-unboost|p2a: Infernape|def|1\n|-unboost|p2a: Infernape|spd|1\n|faint|p1a: Heatran\n|-damage|p2a: Infernape|0 fnt|[from] item: Life Orb\n|faint|p2a: Infernape\n|\n|-weather|SunnyDay|[upkeep]\n|upkeep\n|\n|t:|1701009401\n|switch|p2a: Lilligant|Lilligant-Hisui, F|100\/100\n|switch|p1a: Rotom|Rotom-Heat|100\/100\n|turn|14\n|\n|t:|1701009406\n|move|p2a: Lilligant|Close Combat|p1a: Rotom\n|-damage|p1a: Rotom|0 fnt\n|-unboost|p2a: Lilligant|def|1\n|-unboost|p2a: Lilligant|spd|1\n|faint|p1a: Rotom\n|\n|-weather|SunnyDay|[upkeep]\n|upkeep\n|\n|t:|1701009412\n|switch|p1a: Charizard|Charizard, M|100\/100\n|turn|15\n|\n|t:|1701009419\n|-terastallize|p2a: Lilligant|Ice\n|move|p2a: Lilligant|Ice Spinner|p1a: Charizard\n|-damage|p1a: Charizard|22\/100\n|move|p1a: Charizard|Air Slash|p2a: Lilligant\n|-damage|p2a: Lilligant|23\/100\n|\n|-weather|SunnyDay|[upkeep]\n|upkeep\n|turn|16\n|\n|t:|1701009426\n|detailschange|p1a: Charizard|Charizard-Mega-Y, M\n|-mega|p1a: Charizard|Charizard|Charizardite Y\n|move|p2a: Lilligant|Ice Spinner|p1a: Charizard\n|-crit|p1a: Charizard\n|-damage|p1a: Charizard|0 fnt\n|faint|p1a: Charizard\n|\n|win|ido1234567890\n|l|\u2606Charizardmaster45\n|l| xzeav\n|l| bidoofol\n|j| Itay80771\n|j| Lightning emolga\n","uploadtime":1701009431,"views":16,"p1id":"charizardmaster45","p2id":"ido1234567890","formatid":"gen9nationaldex","rating":0,"private":0,"password":""}