{"id":"gen9nationaldex-1989322190","p1":"FlyingSudowoodo","p2":"Davichito22","format":"[Gen 9] National Dex","log":"|j|\u2606FlyingSudowoodo\n|j|\u2606Davichito22\n|t:|1699836211\n|gametype|singles\n|player|p1|FlyingSudowoodo|cheren|1434\n|player|p2|Davichito22|riley|1403\n|teamsize|p1|6\n|teamsize|p2|6\n|gen|9\n|tier|[Gen 9] National Dex\n|rated|\n|rule|HP Percentage Mod: HP is shown in percentages\n|rule|Endless Battle Clause: Forcing endless battles is banned\n|rule|OHKO Clause: OHKO moves are banned\n|rule|Evasion Clause: Evasion abilities, items, and moves are banned\n|rule|Evasion Abilities Clause: Evasion abilities are banned\n|rule|Evasion Items Clause: Evasion items are banned\n|rule|Evasion Moves Clause: Evasion moves are banned\n|rule|Species Clause: Limit one of each Pok\u00e9mon\n|rule|Sleep Clause Mod: Limit one foe put to sleep\n|clearpoke\n|poke|p1|Ribombee, M|\n|poke|p1|Glimmora, M|\n|poke|p1|Great Tusk|\n|poke|p1|Enamorus, F|\n|poke|p1|Samurott-Hisui, F|\n|poke|p1|Iron Moth|\n|poke|p2|Galvantula, F|\n|poke|p2|Uxie|\n|poke|p2|Houndoom, M|\n|poke|p2|Garganacl, M|\n|poke|p2|Gardevoir, M|\n|poke|p2|Ogerpon-Wellspring, F|\n|teampreview\n|inactive|Battle timer is ON: inactive players will automatically lose when time's up. (requested by Davichito22)\n|\n|t:|1699836229\n|start\n|switch|p1a: Ribombee|Ribombee, M|100\/100\n|switch|p2a: Uxie|Uxie|100\/100\n|turn|1\n|\n|t:|1699836236\n|move|p2a: Uxie|Trick|p1a: Ribombee\n|-activate|p2a: Uxie|move: Trick|[of] p1a: Ribombee\n|-item|p1a: Ribombee|Choice Scarf|[from] move: Trick\n|-item|p2a: Uxie|Focus Sash|[from] move: Trick\n|move|p1a: Ribombee|Sticky Web|p2a: Uxie\n|-sidestart|p2: Davichito22|move: Sticky Web\n|\n|upkeep\n|turn|2\n|\n|t:|1699836252\n|switch|p1a: Samurott|Samurott-Hisui, F|100\/100\n|move|p2a: Uxie|Thunder Wave|p1a: Samurott\n|-status|p1a: Samurott|par\n|\n|upkeep\n|turn|3\n|\n|t:|1699836266\n|move|p2a: Uxie|Stealth Rock|p1a: Samurott\n|-sidestart|p1: FlyingSudowoodo|move: Stealth Rock\n|move|p1a: Samurott|Ceaseless Edge|p2a: Uxie\n|-supereffective|p2a: Uxie\n|-damage|p2a: Uxie|14\/100\n|-sidestart|p2: Davichito22|Spikes\n|\n|upkeep\n|turn|4\n|\n|t:|1699836274\n|move|p2a: Uxie|Memento|p1a: Samurott\n|-unboost|p1a: Samurott|atk|2\n|-unboost|p1a: Samurott|spa|2\n|faint|p2a: Uxie\n|move|p1a: Samurott|Ceaseless Edge|p2: Uxie|[notarget]\n|-fail|p1a: Samurott\n|\n|upkeep\n|\n|t:|1699836286\n|switch|p2a: Garganacl|Garganacl, M|100\/100\n|-activate|p2a: Garganacl|move: Sticky Web\n|-unboost|p2a: Garganacl|spe|1\n|-damage|p2a: Garganacl|88\/100|[from] Spikes\n|turn|5\n|\n|t:|1699836293\n|cant|p1a: Samurott|par\n|move|p2a: Garganacl|Iron Defense|p2a: Garganacl\n|-boost|p2a: Garganacl|def|2\n|\n|-heal|p2a: Garganacl|94\/100|[from] item: Leftovers\n|upkeep\n|turn|6\n|\n|t:|1699836299\n|move|p1a: Samurott|Knock Off|p2a: Garganacl\n|-damage|p2a: Garganacl|85\/100\n|-enditem|p2a: Garganacl|Leftovers|[from] move: Knock Off|[of] p1a: Samurott\n|move|p2a: Garganacl|Body Press|p1a: Samurott\n|-supereffective|p1a: Samurott\n|-damage|p1a: Samurott|0 fnt\n|faint|p1a: Samurott\n|\n|upkeep\n|\n|t:|1699836307\n|switch|p1a: Glimmora|Glimmora, M|100\/100\n|-damage|p1a: Glimmora|88\/100|[from] Stealth Rock\n|-item|p1a: Glimmora|Air Balloon\n|turn|7\n|\n|t:|1699836316\n|move|p1a: Glimmora|Stealth Rock|p2a: Garganacl\n|-sidestart|p2: Davichito22|move: Stealth Rock\n|move|p2a: Garganacl|Body Press|p1a: Glimmora\n|-damage|p1a: Glimmora|30\/100\n|-activate|p1a: Glimmora|ability: Toxic Debris\n|-sidestart|p2: Davichito22|move: Toxic Spikes\n|-enditem|p1a: Glimmora|Air Balloon\n|\n|upkeep\n|turn|8\n|\n|t:|1699836324\n|move|p1a: Glimmora|Mortal Spin|p2a: Garganacl\n|-resisted|p2a: Garganacl\n|-damage|p2a: Garganacl|84\/100\n|-sideend|p1: FlyingSudowoodo|Stealth Rock|[from] move: Mortal Spin|[of] p1a: Glimmora\n|move|p2a: Garganacl|Body Press|p1a: Glimmora\n|-damage|p1a: Glimmora|0 fnt\n|-activate|p1a: Glimmora|ability: Toxic Debris\n|-sidestart|p2: Davichito22|move: Toxic Spikes\n|faint|p1a: Glimmora\n|\n|upkeep\n|\n|t:|1699836342\n|switch|p1a: Enamorus|Enamorus, F|100\/100\n|turn|9\n|\n|t:|1699836347\n|move|p1a: Enamorus|Earth Power|p2a: Garganacl\n|-supereffective|p2a: Garganacl\n|-damage|p2a: Garganacl|41\/100\n|move|p2a: Garganacl|Salt Cure|p1a: Enamorus\n|-supereffective|p1a: Enamorus\n|-damage|p1a: Enamorus|55\/100\n|-start|p1a: Enamorus|Salt Cure\n|\n|-damage|p1a: Enamorus|42\/100|[from] Salt Cure\n|upkeep\n|turn|10\n|\n|t:|1699836358\n|switch|p1a: Iron Moth|Iron Moth|100\/100\n|-enditem|p1a: Iron Moth|Booster Energy\n|-activate|p1a: Iron Moth|ability: Quark Drive|[fromitem]\n|-start|p1a: Iron Moth|quarkdrivespe\n|-terastallize|p2a: Garganacl|Fighting\n|move|p2a: Garganacl|Recover|p2a: Garganacl\n|-heal|p2a: Garganacl|91\/100\n|\n|upkeep\n|turn|11\n|\n|t:|1699836367\n|move|p1a: Iron Moth|Psychic|p2a: Garganacl\n|-supereffective|p2a: Garganacl\n|-damage|p2a: Garganacl|54\/100\n|-unboost|p2a: Garganacl|spd|1\n|move|p2a: Garganacl|Salt Cure|p1a: Iron Moth\n|-supereffective|p1a: Iron Moth\n|-damage|p1a: Iron Moth|64\/100\n|-start|p1a: Iron Moth|Salt Cure\n|\n|-damage|p1a: Iron Moth|52\/100|[from] Salt Cure\n|upkeep\n|turn|12\n|\n|t:|1699836377\n|move|p1a: Iron Moth|Psychic|p2a: Garganacl\n|-supereffective|p2a: Garganacl\n|-damage|p2a: Garganacl|0 fnt\n|faint|p2a: Garganacl\n|\n|-damage|p1a: Iron Moth|39\/100|[from] Salt Cure\n|upkeep\n|\n|t:|1699836385\n|switch|p2a: Galvantula|Galvantula, F|100\/100\n|-activate|p2a: Galvantula|move: Sticky Web\n|-unboost|p2a: Galvantula|spe|1\n|-damage|p2a: Galvantula|88\/100|[from] Spikes\n|-damage|p2a: Galvantula|63\/100|[from] Stealth Rock\n|-status|p2a: Galvantula|tox\n|turn|13\n|\n|t:|1699836399\n|move|p1a: Iron Moth|Fire Blast|p2a: Galvantula\n|-supereffective|p2a: Galvantula\n|-damage|p2a: Galvantula|0 fnt\n|faint|p2a: Galvantula\n|\n|-damage|p1a: Iron Moth|27\/100|[from] Salt Cure\n|upkeep\n|\n|t:|1699836408\n|switch|p2a: Houndoom|Houndoom, M|100\/100\n|-activate|p2a: Houndoom|move: Sticky Web\n|-unboost|p2a: Houndoom|spe|1\n|-damage|p2a: Houndoom|88\/100|[from] Spikes\n|-damage|p2a: Houndoom|63\/100|[from] Stealth Rock\n|-status|p2a: Houndoom|tox\n|turn|14\n|\n|t:|1699836436\n|detailschange|p2a: Houndoom|Houndoom-Mega, M\n|-mega|p2a: Houndoom|Houndoom|Houndoominite\n|move|p1a: Iron Moth|Sludge Wave|p2a: Houndoom\n|-crit|p2a: Houndoom\n|-damage|p2a: Houndoom|0 fnt\n|faint|p2a: Houndoom\n|\n|-damage|p1a: Iron Moth|15\/100|[from] Salt Cure\n|upkeep\n|\n|t:|1699836444\n|switch|p2a: Ogerpon|Ogerpon-Wellspring, F|100\/100\n|-activate|p2a: Ogerpon|move: Sticky Web\n|-unboost|p2a: Ogerpon|spe|1\n|-damage|p2a: Ogerpon|88\/100|[from] Spikes\n|-damage|p2a: Ogerpon|76\/100|[from] Stealth Rock\n|-status|p2a: Ogerpon|tox\n|turn|15\n|\n|t:|1699836453\n|move|p1a: Iron Moth|Sludge Wave|p2a: Ogerpon\n|-supereffective|p2a: Ogerpon\n|-damage|p2a: Ogerpon|0 fnt\n|faint|p2a: Ogerpon\n|\n|-damage|p1a: Iron Moth|2\/100|[from] Salt Cure\n|upkeep\n|-message|Davichito22 forfeited.\n|\n|win|FlyingSudowoodo\n|raw|FlyingSudowoodo's rating: 1434 &rarr; <strong>1452<\/strong><br \/>(+18 for winning)\n|raw|Davichito22's rating: 1403 &rarr; <strong>1385<\/strong><br \/>(-18 for losing)\n|l|\u2606Davichito22\n","uploadtime":1699836462,"views":4,"p1id":"flyingsudowoodo","p2id":"davichito22","formatid":"gen9nationaldex","rating":1385,"private":0,"password":""}