{"id":"gen9nationaldex-1997729829","p1":"volk12","p2":"MasterList2015","format":"[Gen 9] National Dex","log":"|html|<div class=\"broadcast-blue\"><strong>[Gen 9] National Dex is currently suspecting Sneasler! For information on how to participate check out the <a href=\"https:\/\/www.smogon.com\/forums\/threads\/sv-national-dex-suspect-8-just-dance.3731534\/\">suspect thread<\/a>.<\/strong><\/div>\n|j|\u2606volk12\n|j|\u2606MasterList2015\n|t:|1700846509\n|gametype|singles\n|player|p1|volk12|alder|1151\n|player|p2|MasterList2015|red|1202\n|teamsize|p1|6\n|teamsize|p2|6\n|gen|9\n|tier|[Gen 9] National Dex\n|rated|\n|rule|HP Percentage Mod: HP is shown in percentages\n|rule|Endless Battle Clause: Forcing endless battles is banned\n|rule|OHKO Clause: OHKO moves are banned\n|rule|Evasion Clause: Evasion abilities, items, and moves are banned\n|rule|Evasion Abilities Clause: Evasion abilities are banned\n|rule|Evasion Items Clause: Evasion items are banned\n|rule|Evasion Moves Clause: Evasion moves are banned\n|rule|Species Clause: Limit one of each Pok\u00e9mon\n|rule|Sleep Clause Mod: Limit one foe put to sleep\n|clearpoke\n|poke|p1|Pikachu, F|\n|poke|p1|Charizard, M|\n|poke|p1|Venusaur, M|\n|poke|p1|Espeon, M|\n|poke|p1|Snorlax, M|\n|poke|p1|Lapras, F|\n|poke|p2|Pikachu-Kalos, M|\n|poke|p2|Charizard, M|\n|poke|p2|Krookodile, F|\n|poke|p2|Greninja-*, M|\n|poke|p2|Infernape, M|\n|poke|p2|Sceptile, F|\n|teampreview\n|\n|t:|1700846546\n|start\n|switch|p1a: Venusaur|Venusaur, M|100\/100\n|switch|p2a: Pikachu|Pikachu-Kalos, M|100\/100\n|turn|1\n|\n|t:|1700846562\n|move|p2a: Pikachu|Fake Out|p1a: Venusaur\n|-damage|p1a: Venusaur|88\/100\n|cant|p1a: Venusaur|flinch\n|\n|-heal|p1a: Venusaur|94\/100|[from] item: Black Sludge\n|upkeep\n|turn|2\n|\n|t:|1700846571\n|switch|p2a: Sceptile|Sceptile, F|100\/100\n|move|p1a: Venusaur|Sludge Bomb|p2a: Sceptile\n|-supereffective|p2a: Sceptile\n|-damage|p2a: Sceptile|21\/100\n|-status|p2a: Sceptile|psn\n|\n|-heal|p1a: Venusaur|99\/100|[from] item: Black Sludge\n|-damage|p2a: Sceptile|8\/100 psn|[from] psn\n|upkeep\n|turn|3\n|\n|t:|1700846586\n|switch|p1a: Snorlax|Snorlax, M, shiny|100\/100\n|move|p2a: Sceptile|Leaf Storm|p1a: Snorlax|[miss]\n|-miss|p2a: Sceptile|p1a: Snorlax\n|\n|-damage|p2a: Sceptile|0 fnt|[from] psn\n|faint|p2a: Sceptile\n|upkeep\n|\n|t:|1700846591\n|switch|p2a: Krookodile|Krookodile, F|100\/100\n|-ability|p2a: Krookodile|Intimidate|boost\n|-unboost|p1a: Snorlax|atk|1\n|turn|4\n|\n|t:|1700846598\n|move|p2a: Krookodile|Stealth Rock|p1a: Snorlax\n|-sidestart|p1: volk12|move: Stealth Rock\n|move|p1a: Snorlax|Counter||[still]\n|-fail|p1a: Snorlax\n|\n|upkeep\n|turn|5\n|\n|t:|1700846610\n|-zpower|p2a: Krookodile\n|move|p2a: Krookodile|Tectonic Rage|p1a: Snorlax|[zeffect]\n|-damage|p1a: Snorlax|20\/100\n|move|p1a: Snorlax|Body Slam|p2a: Krookodile\n|-damage|p2a: Krookodile|67\/100\n|-status|p2a: Krookodile|par\n|\n|upkeep\n|turn|6\n|\n|t:|1700846619\n|move|p2a: Krookodile|Crunch|p1a: Snorlax\n|-damage|p1a: Snorlax|0 fnt\n|faint|p1a: Snorlax\n|\n|upkeep\n|\n|t:|1700846624\n|switch|p1a: Venusaur|Venusaur, M|99\/100\n|-damage|p1a: Venusaur|88\/100|[from] Stealth Rock\n|turn|7\n|\n|t:|1700846630\n|move|p1a: Venusaur|Giga Drain|p2a: Krookodile\n|-supereffective|p2a: Krookodile\n|-damage|p2a: Krookodile|0 fnt\n|-heal|p1a: Venusaur|100\/100|[from] drain|[of] p2a: Krookodile\n|faint|p2a: Krookodile\n|\n|upkeep\n|\n|t:|1700846633\n|switch|p2a: Charizard|Charizard, M|100\/100\n|turn|8\n|\n|t:|1700846640\n|move|p2a: Charizard|Air Slash|p1a: Venusaur\n|-supereffective|p1a: Venusaur\n|-damage|p1a: Venusaur|38\/100\n|move|p1a: Venusaur|Sleep Powder|p2a: Charizard|[miss]\n|-miss|p1a: Venusaur|p2a: Charizard\n|\n|-heal|p1a: Venusaur|44\/100|[from] item: Black Sludge\n|upkeep\n|turn|9\n|\n|t:|1700846648\n|switch|p1a: Lapras|Lapras, F, shiny|100\/100\n|-damage|p1a: Lapras|75\/100|[from] Stealth Rock\n|move|p2a: Charizard|Flamethrower|p1a: Lapras\n|-damage|p1a: Lapras|52\/100\n|-status|p1a: Lapras|brn\n|\n|-heal|p1a: Lapras|58\/100 brn|[from] item: Leftovers\n|-damage|p1a: Lapras|52\/100 brn|[from] brn\n|upkeep\n|turn|10\n|\n|t:|1700846661\n|detailschange|p2a: Charizard|Charizard-Mega-Y, M\n|-mega|p2a: Charizard|Charizard|Charizardite Y\n|-weather|SunnyDay|[from] ability: Drought|[of] p2a: Charizard\n|-terastallize|p1a: Lapras|Ground\n|move|p2a: Charizard|Solar Beam||[still]\n|-prepare|p2a: Charizard|Solar Beam\n|-anim|p2a: Charizard|Solar Beam|p1a: Lapras\n|-supereffective|p1a: Lapras\n|-damage|p1a: Lapras|3\/100 brn\n|move|p1a: Lapras|Whirlpool|p2a: Charizard\n|-supereffective|p2a: Charizard\n|-damage|p2a: Charizard|90\/100\n|-activate|p2a: Charizard|move: Whirlpool|[of] p1a: Lapras\n|\n|-weather|SunnyDay|[upkeep]\n|-heal|p1a: Lapras|9\/100 brn|[from] item: Leftovers\n|-damage|p1a: Lapras|3\/100 brn|[from] brn\n|-damage|p2a: Charizard|78\/100|[from] move: Whirlpool|[partiallytrapped]\n|upkeep\n|turn|11\n|\n|t:|1700846677\n|move|p1a: Lapras|Protect|p1a: Lapras\n|-singleturn|p1a: Lapras|Protect\n|move|p2a: Charizard|Flamethrower|p1a: Lapras\n|-activate|p1a: Lapras|move: Protect\n|\n|-weather|SunnyDay|[upkeep]\n|-heal|p1a: Lapras|9\/100 brn|[from] item: Leftovers\n|-damage|p1a: Lapras|3\/100 brn|[from] brn\n|-damage|p2a: Charizard|65\/100|[from] move: Whirlpool|[partiallytrapped]\n|upkeep\n|turn|12\n|\n|t:|1700846686\n|move|p1a: Lapras|Protect||[still]\n|-fail|p1a: Lapras\n|move|p2a: Charizard|Flamethrower|p1a: Lapras\n|-damage|p1a: Lapras|0 fnt\n|faint|p1a: Lapras\n|\n|-weather|SunnyDay|[upkeep]\n|-end|p2a: Charizard|Whirlpool|[partiallytrapped]|[silent]\n|upkeep\n|\n|t:|1700846692\n|switch|p1a: Venusaur|Venusaur, M|44\/100\n|-damage|p1a: Venusaur|32\/100|[from] Stealth Rock\n|turn|13\n|\n|t:|1700846696\n|move|p1a: Venusaur|Sleep Powder|p2a: Charizard|[miss]\n|-miss|p1a: Venusaur|p2a: Charizard\n|move|p2a: Charizard|Flamethrower|p1a: Venusaur\n|-supereffective|p1a: Venusaur\n|-damage|p1a: Venusaur|0 fnt\n|faint|p1a: Venusaur\n|\n|-weather|SunnyDay|[upkeep]\n|upkeep\n|\n|t:|1700846705\n|switch|p1a: Espeon|Espeon, M|100\/100\n|-damage|p1a: Espeon|88\/100|[from] Stealth Rock\n|turn|14\n|\n|t:|1700846712\n|move|p1a: Espeon|Light Screen|p1a: Espeon\n|-sidestart|p1: volk12|move: Light Screen\n|move|p2a: Charizard|Flamethrower|p1a: Espeon\n|-damage|p1a: Espeon|30\/100\n|\n|-weather|none\n|upkeep\n|turn|15\n|\n|t:|1700846719\n|switch|p2a: Greninja|Greninja, M|100\/100\n|move|p1a: Espeon|Psychic|p2a: Greninja\n|-immune|p2a: Greninja\n|\n|upkeep\n|turn|16\n|\n|t:|1700846730\n|switch|p2a: Infernape|Infernape, M|100\/100\n|move|p1a: Espeon|Reflect|p1a: Espeon\n|-sidestart|p1: volk12|Reflect\n|\n|upkeep\n|turn|17\n|\n|t:|1700846737\n|switch|p2a: Greninja|Greninja, M|100\/100\n|move|p1a: Espeon|Psychic|p2a: Greninja\n|-immune|p2a: Greninja\n|\n|upkeep\n|turn|18\n|\n|t:|1700846743\n|move|p2a: Greninja|Dark Pulse|p1a: Espeon\n|-supereffective|p1a: Espeon\n|-damage|p1a: Espeon|0 fnt\n|faint|p1a: Espeon\n|-ability|p2a: Greninja|Battle Bond|boost\n|-boost|p2a: Greninja|atk|1\n|-boost|p2a: Greninja|spa|1\n|-boost|p2a: Greninja|spe|1\n|-activate|p2a: Greninja|ability: Battle Bond\n|\n|upkeep\n|\n|t:|1700846751\n|switch|p1a: Charizard|Charizard, M, shiny|100\/100\n|-damage|p1a: Charizard|50\/100|[from] Stealth Rock\n|turn|19\n|\n|t:|1700846757\n|detailschange|p1a: Charizard|Charizard-Mega-X, M, shiny\n|-mega|p1a: Charizard|Charizard|Charizardite X\n|move|p2a: Greninja|Scald|p1a: Charizard\n|-damage|p1a: Charizard|18\/100\n|move|p1a: Charizard|Roost|p1a: Charizard\n|-heal|p1a: Charizard|68\/100\n|-singleturn|p1a: Charizard|move: Roost\n|\n|upkeep\n|turn|20\n|\n|t:|1700846765\n|move|p2a: Greninja|Scald|p1a: Charizard\n|-damage|p1a: Charizard|34\/100\n|move|p1a: Charizard|Dragon Dance|p1a: Charizard\n|-boost|p1a: Charizard|atk|1\n|-boost|p1a: Charizard|spe|1\n|\n|upkeep\n|turn|21\n|\n|t:|1700846774\n|move|p2a: Greninja|Water Shuriken|p1a: Charizard\n|-damage|p1a: Charizard|27\/100\n|-damage|p1a: Charizard|22\/100\n|-damage|p1a: Charizard|15\/100\n|-damage|p1a: Charizard|9\/100\n|-hitcount|p1a: Charizard|4\n|move|p1a: Charizard|Roost|p1a: Charizard\n|-heal|p1a: Charizard|59\/100\n|-singleturn|p1a: Charizard|move: Roost\n|\n|-sideend|p1: volk12|move: Light Screen\n|upkeep\n|turn|22\n|\n|t:|1700846785\n|move|p2a: Greninja|Scald|p1a: Charizard\n|-crit|p1a: Charizard\n|-damage|p1a: Charizard|0 fnt\n|faint|p1a: Charizard\n|\n|upkeep\n|-message|volk12 forfeited.\n|\n|win|MasterList2015\n|raw|volk12's rating: 1151 &rarr; <strong>1130<\/strong><br \/>(-21 for losing)\n|raw|MasterList2015's rating: 1202 &rarr; <strong>1223<\/strong><br \/>(+21 for winning)\n|l|\u2606volk12\n","uploadtime":1700846795,"views":0,"p1id":"volk12","p2id":"masterlist2015","formatid":"gen9nationaldex","rating":1130,"private":0,"password":""}