{"id":"gen9nationaldex-1995538487","p1":"Ineros","p2":"Kybushi+","format":"[Gen 9] National Dex","log":"|html|<div class=\"broadcast-blue\"><strong>[Gen 9] National Dex is currently suspecting Sneasler! For information on how to participate check out the <a href=\"https:\/\/www.smogon.com\/forums\/threads\/sv-national-dex-suspect-8-just-dance.3731534\/\">suspect thread<\/a>.<\/strong><\/div>\n|j|\u2606Ineros\n|j|\u2606Kybushi+\n|t:|1700580997\n|gametype|singles\n|player|p1|Ineros|camper|\n|player|p2|Kybushi+|pokemonbreederf|\n|teamsize|p1|6\n|teamsize|p2|6\n|gen|9\n|tier|[Gen 9] National Dex\n|rule|HP Percentage Mod: HP is shown in percentages\n|rule|Endless Battle Clause: Forcing endless battles is banned\n|rule|OHKO Clause: OHKO moves are banned\n|rule|Evasion Clause: Evasion abilities, items, and moves are banned\n|rule|Evasion Abilities Clause: Evasion abilities are banned\n|rule|Evasion Items Clause: Evasion items are banned\n|rule|Evasion Moves Clause: Evasion moves are banned\n|rule|Species Clause: Limit one of each Pok\u00e9mon\n|rule|Sleep Clause Mod: Limit one foe put to sleep\n|clearpoke\n|poke|p1|Jirachi|\n|poke|p1|Toxapex, M|\n|poke|p1|Gliscor, M|\n|poke|p1|Tornadus-Therian, M|\n|poke|p1|Kyurem|\n|poke|p1|Garganacl, F|\n|poke|p2|Morpeko, F|\n|poke|p2|Scizor, F|\n|poke|p2|Moltres|\n|poke|p2|Slowking, M|\n|poke|p2|Great Tusk|\n|poke|p2|Tapu Koko|\n|teampreview\n|inactive|Battle timer is ON: inactive players will automatically lose when time's up. (requested by Ineros)\n|inactive|Kybushi+ also wants the timer to be on.\n|c|\u2606Ineros|Glhf\n|\n|t:|1700581014\n|start\n|switch|p1a: Jirachi|Jirachi|100\/100\n|switch|p2a: Morpeko|Morpeko, F|100\/100\n|turn|1\n|c|\u2606Kybushi+|sneakus peakus of my team\n|\n|t:|1700581024\n|move|p1a: Jirachi|U-turn|p2a: Morpeko\n|-supereffective|p2a: Morpeko\n|-damage|p2a: Morpeko|12\/100\n|c|\u2606Kybushi+|MORPEKO NOO\n|\n|t:|1700581038\n|switch|p1a: Garganacl|Garganacl, F|100\/100|[from] U-turn\n|move|p2a: Morpeko|Knock Off|p1a: Garganacl\n|-damage|p1a: Garganacl|72\/100\n|-enditem|p1a: Garganacl|Leftovers|[from] move: Knock Off|[of] p2a: Morpeko\n|\n|-heal|p2a: Morpeko|18\/100|[from] item: Leftovers\n|-formechange|p2a: Morpeko|Morpeko-Hangry||[from] ability: Hunger Switch\n|upkeep\n|turn|2\n|c|\u2606Kybushi+|im more surprised you survived\n|c|\u2606Kybushi+|yessir\n|\n|t:|1700581050\n|move|p2a: Morpeko|Parting Shot|p1a: Garganacl\n|-unboost|p1a: Garganacl|atk|1\n|-unboost|p1a: Garganacl|spa|1\n|\n|t:|1700581055\n|switch|p2a: Great Tusk|Great Tusk|100\/100|[from] Parting Shot\n|move|p1a: Garganacl|Salt Cure|p2a: Great Tusk\n|-resisted|p2a: Great Tusk\n|-damage|p2a: Great Tusk|99\/100\n|-start|p2a: Great Tusk|Salt Cure\n|\n|-damage|p2a: Great Tusk|86\/100|[from] Salt Cure\n|upkeep\n|turn|3\n|\n|t:|1700581067\n|switch|p1a: Tornadus|Tornadus-Therian, M|100\/100\n|move|p2a: Great Tusk|Rapid Spin|p1a: Tornadus\n|-damage|p1a: Tornadus|80\/100\n|-boost|p2a: Great Tusk|spe|1\n|\n|-damage|p2a: Great Tusk|74\/100|[from] Salt Cure\n|upkeep\n|turn|4\n|\n|t:|1700581071\n|move|p2a: Great Tusk|Ice Spinner|p1a: Tornadus\n|-supereffective|p1a: Tornadus\n|-damage|p1a: Tornadus|20\/100\n|move|p1a: Tornadus|Hurricane|p2a: Great Tusk|[miss]\n|-miss|p1a: Tornadus|p2a: Great Tusk\n|\n|-damage|p2a: Great Tusk|62\/100|[from] Salt Cure\n|upkeep\n|turn|5\n|c|\u2606Kybushi+|LETS GOOO\n|c|\u2606Ineros|\u2026.\n|\n|t:|1700581085\n|-end|p2a: Great Tusk|Protosynthesis|[silent]\n|switch|p2a: Slowking|Slowking, M|100\/100\n|switch|p1a: Toxapex|Toxapex, M|100\/100\n|\n|upkeep\n|turn|6\n|c|\u2606Kybushi+|you live another day great tusk\n|\n|t:|1700581092\n|move|p1a: Toxapex|Toxic|p2a: Slowking\n|-status|p2a: Slowking|tox\n|move|p2a: Slowking|Future Sight|p1a: Toxapex\n|-start|p2a: Slowking|move: Future Sight\n|\n|-damage|p2a: Slowking|94\/100 tox|[from] psn\n|upkeep\n|turn|7\n|\n|t:|1700581105\n|switch|p1a: Jirachi|Jirachi|100\/100\n|move|p2a: Slowking|Teleport|p2a: Slowking\n|\n|t:|1700581112\n|switch|p2a: Tapu Koko|Tapu Koko|100\/100|[from] Teleport\n|-fieldstart|move: Electric Terrain|[from] ability: Electric Surge|[of] p2a: Tapu Koko\n|\n|upkeep\n|turn|8\n|\n|t:|1700581117\n|move|p1a: Jirachi|Iron Head|p2a: Tapu Koko\n|-crit|p2a: Tapu Koko\n|-damage|p2a: Tapu Koko|26\/100\n|move|p2a: Tapu Koko|Volt Switch|p1a: Jirachi\n|-damage|p1a: Jirachi|62\/100\n|\n|t:|1700581124\n|switch|p2a: Moltres|Moltres|100\/100|[from] Volt Switch\n|-ability|p2a: Moltres|Pressure\n|\n|-end|p1a: Jirachi|move: Future Sight\n|-resisted|p1a: Jirachi\n|-damage|p1a: Jirachi|53\/100\n|upkeep\n|turn|9\n|\n|t:|1700581129\n|switch|p1a: Toxapex|Toxapex, M|100\/100\n|move|p2a: Moltres|U-turn|p1a: Toxapex\n|-resisted|p1a: Toxapex\n|-damage|p1a: Toxapex|96\/100\n|\n|t:|1700581133\n|switch|p2a: Tapu Koko|Tapu Koko|26\/100|[from] U-turn\n|\n|-heal|p2a: Tapu Koko|32\/100|[from] item: Leftovers\n|-heal|p1a: Toxapex|100\/100|[from] item: Leftovers\n|upkeep\n|turn|10\n|\n|t:|1700581139\n|switch|p1a: Gliscor|Gliscor, M|100\/100\n|move|p2a: Tapu Koko|Volt Switch|p1a: Gliscor\n|-immune|p1a: Gliscor\n|\n|-heal|p2a: Tapu Koko|38\/100|[from] item: Leftovers\n|-status|p1a: Gliscor|tox|[from] item: Toxic Orb\n|upkeep\n|turn|11\n|c|\u2606Kybushi+|uh oh\n|\n|t:|1700581151\n|move|p2a: Tapu Koko|Hidden Power|p1a: Gliscor\n|-supereffective|p1a: Gliscor\n|-damage|p1a: Gliscor|41\/100 tox\n|move|p1a: Gliscor|Facade|p2a: Tapu Koko\n|-damage|p2a: Tapu Koko|0 fnt\n|faint|p2a: Tapu Koko\n|\n|-heal|p1a: Gliscor|54\/100 tox|[from] ability: Poison Heal\n|-fieldend|move: Electric Terrain\n|upkeep\n|c|\u2606Kybushi+|huhuhuh\n|\n|t:|1700581162\n|switch|p2a: Morpeko|Morpeko, F|18\/100\n|turn|12\n|c|\u2606Kybushi+|im funny for that\n|c|\u2606Kybushi+|laugh\n|\n|t:|1700581175\n|move|p2a: Morpeko|Knock Off|p1a: Gliscor\n|-damage|p1a: Gliscor|22\/100 tox\n|-enditem|p1a: Gliscor|Toxic Orb|[from] move: Knock Off|[of] p2a: Morpeko\n|move|p1a: Gliscor|Roost|p1a: Gliscor\n|-heal|p1a: Gliscor|72\/100 tox\n|-singleturn|p1a: Gliscor|move: Roost\n|\n|-heal|p2a: Morpeko|25\/100|[from] item: Leftovers\n|-heal|p1a: Gliscor|85\/100 tox|[from] ability: Poison Heal\n|-formechange|p2a: Morpeko|Morpeko-Hangry||[from] ability: Hunger Switch\n|upkeep\n|turn|13\n|\n|t:|1700581182\n|move|p2a: Morpeko|Aura Wheel|p1a: Gliscor\n|-damage|p1a: Gliscor|49\/100 tox\n|-boost|p2a: Morpeko|spe|1\n|move|p1a: Gliscor|Earthquake|p2a: Morpeko\n|-supereffective|p2a: Morpeko\n|-damage|p2a: Morpeko|0 fnt\n|faint|p2a: Morpeko\n|\n|-heal|p1a: Gliscor|61\/100 tox|[from] ability: Poison Heal\n|upkeep\n|\n|t:|1700581192\n|switch|p2a: Scizor|Scizor, F|100\/100\n|turn|14\n|c|\u2606Kybushi+|even in death\n|\n|t:|1700581199\n|switch|p1a: Toxapex|Toxapex, M|100\/100\n|detailschange|p2a: Scizor|Scizor-Mega, F\n|-mega|p2a: Scizor|Scizor|Scizorite\n|move|p2a: Scizor|Swords Dance|p2a: Scizor\n|-boost|p2a: Scizor|atk|2\n|\n|upkeep\n|turn|15\n|c|\u2606Kybushi+|good bye\n|c|\u2606Kybushi+|morpeko\n|\n|t:|1700581207\n|move|p2a: Scizor|Dual Wingbeat|p1a: Toxapex\n|-crit|p1a: Toxapex\n|-damage|p1a: Toxapex|54\/100\n|-damage|p1a: Toxapex|21\/100\n|-hitcount|p1a: Toxapex|2\n|move|p1a: Toxapex|Scald|p2a: Scizor\n|-damage|p2a: Scizor|81\/100\n|\n|-heal|p1a: Toxapex|27\/100|[from] item: Leftovers\n|upkeep\n|turn|16\n|c|\u2606Kybushi+|yeessir\n|\n|t:|1700581219\n|switch|p1a: Jirachi|Jirachi|53\/100\n|move|p2a: Scizor|Dual Wingbeat|p1a: Jirachi\n|-resisted|p1a: Jirachi\n|-damage|p1a: Jirachi|25\/100\n|-resisted|p1a: Jirachi\n|-damage|p1a: Jirachi|0 fnt\n|faint|p1a: Jirachi\n|-hitcount|p1: Jirachi|2\n|\n|upkeep\n|\n|t:|1700581224\n|switch|p1a: Toxapex|Toxapex, M|60\/100\n|turn|17\n|c|\u2606Kybushi+|MORPEKO\n|c|\u2606Kybushi+|IS AVENGED\n|\n|t:|1700581250\n|switch|p1a: Garganacl|Garganacl, F|72\/100\n|move|p2a: Scizor|Dual Wingbeat|p1a: Garganacl|[miss]\n|-miss|p2a: Scizor|p1a: Garganacl\n|\n|upkeep\n|turn|18\n|c|\u2606Kybushi+|AURA WHEEL\n|c|\u2606Kybushi+|AURA WHEEL\n|\n|t:|1700581257\n|-terastallize|p1a: Garganacl|Ghost\n|move|p2a: Scizor|Close Combat|p1a: Garganacl\n|-immune|p1a: Garganacl\n|move|p1a: Garganacl|Iron Defense|p1a: Garganacl\n|-boost|p1a: Garganacl|def|2\n|\n|upkeep\n|turn|19\n|\n|t:|1700581262\n|move|p2a: Scizor|Bullet Punch|p1a: Garganacl\n|-damage|p1a: Garganacl|46\/100\n|move|p1a: Garganacl|Salt Cure|p2a: Scizor\n|-damage|p2a: Scizor|71\/100\n|-start|p2a: Scizor|Salt Cure\n|\n|-damage|p2a: Scizor|46\/100|[from] Salt Cure\n|upkeep\n|turn|20\n|\n|t:|1700581267\n|move|p2a: Scizor|Bullet Punch|p1a: Garganacl\n|-damage|p1a: Garganacl|21\/100\n|move|p1a: Garganacl|Recover|p1a: Garganacl\n|-heal|p1a: Garganacl|71\/100\n|\n|-damage|p2a: Scizor|21\/100|[from] Salt Cure\n|upkeep\n|turn|21\n|\n|t:|1700581272\n|switch|p2a: Moltres|Moltres|100\/100\n|-ability|p2a: Moltres|Pressure\n|move|p1a: Garganacl|Iron Defense|p1a: Garganacl\n|-boost|p1a: Garganacl|def|2\n|\n|upkeep\n|turn|22\n|\n|t:|1700581276\n|move|p2a: Moltres|U-turn|p1a: Garganacl\n|-resisted|p1a: Garganacl\n|-damage|p1a: Garganacl|69\/100\n|c|\u2606Kybushi+|I hate garg\n|c|\u2606Kybushi+|ban it now\n|c|\u2606Kybushi+|and why am I going against Solaris\n|c|\u2606Ineros|It\u2019s pretty Manageable\n|c|\u2606Ineros|Also gl\n|\n|t:|1700581303\n|switch|p2a: Slowking|Slowking, M|100\/100 tox|[from] U-turn\n|move|p1a: Garganacl|Salt Cure|p2a: Slowking\n|-damage|p2a: Slowking|86\/100 tox\n|-start|p2a: Slowking|Salt Cure\n|\n|-damage|p2a: Slowking|80\/100 tox|[from] psn\n|-damage|p2a: Slowking|55\/100 tox|[from] Salt Cure\n|upkeep\n|turn|23\n|\n|t:|1700581309\n|switch|p2a: Moltres|Moltres|100\/100\n|-ability|p2a: Moltres|Pressure\n|move|p1a: Garganacl|Stealth Rock|p2a: Moltres\n|-sidestart|p2: Kybushi+|move: Stealth Rock\n|\n|upkeep\n|turn|24\n|c|\u2606Kybushi+|yeah\n|c|\u2606Kybushi+|I just keep forgetting to run counters\n|\n|t:|1700581319\n|move|p2a: Moltres|Flamethrower|p1a: Garganacl\n|-damage|p1a: Garganacl|45\/100\n|move|p1a: Garganacl|Salt Cure|p2a: Moltres\n|-supereffective|p2a: Moltres\n|-damage|p2a: Moltres|60\/100\n|-start|p2a: Moltres|Salt Cure\n|\n|-damage|p2a: Moltres|47\/100|[from] Salt Cure\n|upkeep\n|turn|25\n|\n|t:|1700581323\n|move|p2a: Moltres|Flamethrower|p1a: Garganacl\n|-damage|p1a: Garganacl|22\/100\n|move|p1a: Garganacl|Recover|p1a: Garganacl\n|-heal|p1a: Garganacl|72\/100\n|\n|-damage|p2a: Moltres|35\/100|[from] Salt Cure\n|upkeep\n|turn|26\n|inactive|Kybushi+ has 270 seconds left.\n|\n|t:|1700581368\n|move|p2a: Moltres|U-turn|p1a: Garganacl\n|-resisted|p1a: Garganacl\n|-damage|p1a: Garganacl|70\/100\n|\n|t:|1700581371\n|switch|p2a: Great Tusk|Great Tusk|62\/100|[from] U-turn\n|move|p1a: Garganacl|Salt Cure|p2a: Great Tusk\n|-resisted|p2a: Great Tusk\n|-damage|p2a: Great Tusk|59\/100\n|-start|p2a: Great Tusk|Salt Cure\n|\n|-damage|p2a: Great Tusk|47\/100|[from] Salt Cure\n|upkeep\n|turn|27\n|\n|t:|1700581384\n|move|p2a: Great Tusk|Headlong Rush|p1a: Garganacl\n|-damage|p1a: Garganacl|57\/100\n|-unboost|p2a: Great Tusk|def|1\n|-unboost|p2a: Great Tusk|spd|1\n|move|p1a: Garganacl|Recover|p1a: Garganacl\n|-heal|p1a: Garganacl|100\/100\n|\n|-damage|p2a: Great Tusk|34\/100|[from] Salt Cure\n|upkeep\n|turn|28\n|inactive|Kybushi+ has 270 seconds left.\n|-message|Kybushi+ forfeited.\n|\n|win|Ineros\n|l|\u2606Kybushi+\n","uploadtime":1700581451,"views":1,"p1id":"ineros","p2id":"kybushi","formatid":"gen9nationaldex","rating":0,"private":0,"password":""}