{"id":"gen9nationaldex-1993126022","p1":"Qhgkdbhdjd","p2":"Salmon900","format":"[Gen 9] National Dex","log":"|j|\u2606Qhgkdbhdjd\n|j|\u2606Salmon900\n|t:|1700267824\n|gametype|singles\n|player|p1|Qhgkdbhdjd|169|1048\n|player|p2|Salmon900|twins-gen4|1164\n|teamsize|p1|6\n|teamsize|p2|6\n|gen|9\n|tier|[Gen 9] National Dex\n|rated|\n|rule|HP Percentage Mod: HP is shown in percentages\n|rule|Endless Battle Clause: Forcing endless battles is banned\n|rule|OHKO Clause: OHKO moves are banned\n|rule|Evasion Clause: Evasion abilities, items, and moves are banned\n|rule|Evasion Abilities Clause: Evasion abilities are banned\n|rule|Evasion Items Clause: Evasion items are banned\n|rule|Evasion Moves Clause: Evasion moves are banned\n|rule|Species Clause: Limit one of each Pok\u00e9mon\n|rule|Sleep Clause Mod: Limit one foe put to sleep\n|clearpoke\n|poke|p1|Blaziken, M|\n|poke|p1|Samurott-Hisui, M|\n|poke|p1|Kartana|\n|poke|p1|Garchomp, M|\n|poke|p1|Ninetales-Alola, M|\n|poke|p1|Zoroark-Hisui, M|\n|poke|p2|Emboar, M|\n|poke|p2|Gigalith, M|\n|poke|p2|Thundurus-Therian, M|\n|poke|p2|Reuniclus, M|\n|poke|p2|Scolipede, M|\n|poke|p2|Escavalier, M|\n|teampreview\n|inactive|Battle timer is ON: inactive players will automatically lose when time's up. (requested by Salmon900)\n|\n|t:|1700267847\n|start\n|switch|p1a: Kartana|Kartana, shiny|100\/100\n|switch|p2a: Reuniclus|Reuniclus, M, shiny|100\/100\n|turn|1\n|\n|t:|1700267865\n|move|p1a: Kartana|Crunch|p2a: Reuniclus\n|-supereffective|p2a: Reuniclus\n|-damage|p2a: Reuniclus|74\/100\n|move|p2a: Reuniclus|Reflect|p2a: Reuniclus\n|-sidestart|p2: Salmon900|Reflect\n|\n|upkeep\n|turn|2\n|\n|t:|1700267873\n|move|p1a: Kartana|Calm Mind|p1a: Kartana\n|-boost|p1a: Kartana|spa|1\n|-boost|p1a: Kartana|spd|1\n|move|p2a: Reuniclus|Knock Off|p1a: Kartana\n|-supereffective|p1a: Kartana\n|-damage|p1a: Kartana|54\/100\n|replace|p1a: Zoroark|Zoroark-Hisui, M, shiny\n|-end|p1a: Zoroark|Illusion\n|\n|upkeep\n|turn|3\n|\n|t:|1700267882\n|-zpower|p1a: Zoroark\n|move|p1a: Zoroark|Never-Ending Nightmare|p2a: Reuniclus|[zeffect]\n|-supereffective|p2a: Reuniclus\n|-damage|p2a: Reuniclus|0 fnt\n|faint|p2a: Reuniclus\n|\n|upkeep\n|c|\u2606Salmon900|z movessss\n|\n|t:|1700267903\n|switch|p2a: Gigalith|Gigalith, M, shiny|100\/100\n|-weather|Sandstorm|[from] ability: Sand Stream|[of] p2a: Gigalith\n|turn|4\n|\n|t:|1700267909\n|move|p1a: Zoroark|Crunch|p2a: Gigalith\n|-damage|p2a: Gigalith|94\/100\n|move|p2a: Gigalith|Stone Edge|p1a: Zoroark\n|-damage|p1a: Zoroark|0 fnt\n|faint|p1a: Zoroark\n|\n|-weather|Sandstorm|[upkeep]\n|-heal|p2a: Gigalith|100\/100|[from] item: Leftovers\n|upkeep\n|\n|t:|1700267924\n|switch|p1a: Samurott|Samurott-Hisui, M|100\/100\n|turn|5\n|\n|t:|1700267938\n|-terastallize|p1a: Samurott|Water\n|-terastallize|p2a: Gigalith|Grass\n|move|p1a: Samurott|Hydro Cannon|p2a: Gigalith|[miss]\n|-miss|p1a: Samurott|p2a: Gigalith\n|move|p2a: Gigalith|Body Press|p1a: Samurott\n|-damage|p1a: Samurott|68\/100\n|\n|-weather|Sandstorm|[upkeep]\n|-damage|p1a: Samurott|62\/100|[from] Sandstorm\n|-damage|p2a: Gigalith|94\/100|[from] Sandstorm\n|-heal|p2a: Gigalith|100\/100|[from] item: Leftovers\n|upkeep\n|turn|6\n|\n|t:|1700267953\n|move|p1a: Samurott|Air Slash|p2a: Gigalith\n|-supereffective|p2a: Gigalith\n|-damage|p2a: Gigalith|69\/100\n|cant|p2a: Gigalith|flinch\n|\n|-weather|Sandstorm|[upkeep]\n|-damage|p1a: Samurott|56\/100|[from] Sandstorm\n|-damage|p2a: Gigalith|63\/100|[from] Sandstorm\n|-heal|p2a: Gigalith|69\/100|[from] item: Leftovers\n|upkeep\n|turn|7\n|\n|t:|1700267963\n|move|p1a: Samurott|Air Slash|p2a: Gigalith\n|-supereffective|p2a: Gigalith\n|-damage|p2a: Gigalith|35\/100\n|cant|p2a: Gigalith|flinch\n|\n|-weather|Sandstorm|[upkeep]\n|-damage|p1a: Samurott|50\/100|[from] Sandstorm\n|-damage|p2a: Gigalith|29\/100|[from] Sandstorm\n|-heal|p2a: Gigalith|35\/100|[from] item: Leftovers\n|upkeep\n|turn|8\n|c|\u2606Salmon900|great!\n|\n|t:|1700267974\n|move|p1a: Samurott|Air Slash|p2a: Gigalith\n|-supereffective|p2a: Gigalith\n|-damage|p2a: Gigalith|4\/100\n|move|p2a: Gigalith|Stone Edge|p1a: Samurott\n|-damage|p1a: Samurott|0 fnt\n|faint|p1a: Samurott\n|\n|-weather|none\n|-heal|p2a: Gigalith|10\/100|[from] item: Leftovers\n|-sideend|p2: Salmon900|Reflect\n|upkeep\n|\n|t:|1700267986\n|switch|p1a: Kartana|Kartana, shiny|100\/100\n|turn|9\n|\n|t:|1700267993\n|switch|p2a: Escavalier|Escavalier, M|100\/100\n|move|p1a: Kartana|Leaf Blade|p2a: Escavalier\n|-resisted|p2a: Escavalier\n|-damage|p2a: Escavalier|89\/100\n|\n|upkeep\n|turn|10\n|\n|t:|1700268001\n|move|p1a: Kartana|Toxic|p2a: Escavalier\n|-immune|p2a: Escavalier\n|move|p2a: Escavalier|Megahorn|p1a: Kartana\n|-damage|p1a: Kartana|46\/100\n|\n|-heal|p1a: Kartana|52\/100|[from] item: Leftovers\n|upkeep\n|turn|11\n|\n|t:|1700268017\n|move|p1a: Kartana|Leaf Blade|p2a: Escavalier\n|-resisted|p2a: Escavalier\n|-damage|p2a: Escavalier|79\/100\n|move|p2a: Escavalier|Megahorn|p1a: Kartana\n|-damage|p1a: Kartana|0 fnt\n|faint|p1a: Kartana\n|\n|upkeep\n|\n|t:|1700268026\n|switch|p1a: Blaziken|Blaziken, M|100\/100\n|turn|12\n|\n|t:|1700268031\n|switch|p2a: Gigalith|Gigalith, M, shiny, tera:Grass|10\/100\n|-weather|Sandstorm|[from] ability: Sand Stream|[of] p2a: Gigalith\n|move|p1a: Blaziken|Blaze Kick|p2a: Gigalith\n|-supereffective|p2a: Gigalith\n|-damage|p2a: Gigalith|0 fnt\n|faint|p2a: Gigalith\n|\n|-weather|Sandstorm|[upkeep]\n|-damage|p1a: Blaziken|95\/100|[from] Sandstorm\n|-ability|p1a: Blaziken|Speed Boost|boost\n|-boost|p1a: Blaziken|spe|1\n|upkeep\n|\n|t:|1700268047\n|switch|p2a: Thundurus|Thundurus-Therian, M|100\/100\n|turn|13\n|\n|t:|1700268057\n|move|p1a: Blaziken|Brave Bird|p2a: Thundurus\n|-resisted|p2a: Thundurus\n|-damage|p2a: Thundurus|65\/100\n|-damage|p1a: Blaziken|83\/100|[from] Recoil\n|move|p2a: Thundurus|Thunder Wave|p1a: Blaziken\n|-status|p1a: Blaziken|par\n|\n|-weather|Sandstorm|[upkeep]\n|-damage|p2a: Thundurus|59\/100|[from] Sandstorm\n|-damage|p1a: Blaziken|77\/100 par|[from] Sandstorm\n|-ability|p1a: Blaziken|Speed Boost|boost\n|-boost|p1a: Blaziken|spe|1\n|upkeep\n|turn|14\n|\n|t:|1700268070\n|move|p2a: Thundurus|Thunderbolt|p1a: Blaziken\n|-damage|p1a: Blaziken|0 fnt\n|faint|p1a: Blaziken\n|\n|-weather|Sandstorm|[upkeep]\n|-damage|p2a: Thundurus|53\/100|[from] Sandstorm\n|upkeep\n|\n|t:|1700268079\n|switch|p1a: Ninetales|Ninetales-Alola, M|100\/100\n|-weather|Snow|[from] ability: Snow Warning|[of] p1a: Ninetales\n|turn|15\n|\n|t:|1700268089\n|move|p1a: Ninetales|Blizzard|p2a: Thundurus\n|-supereffective|p2a: Thundurus\n|-damage|p2a: Thundurus|0 fnt\n|faint|p2a: Thundurus\n|\n|-weather|Snow|[upkeep]\n|upkeep\n|\n|t:|1700268096\n|switch|p2a: Escavalier|Escavalier, M|79\/100\n|turn|16\n|\n|t:|1700268102\n|move|p1a: Ninetales|Disable||[still]\n|-fail|p1a: Ninetales\n|move|p2a: Escavalier|Iron Head|p1a: Ninetales\n|-supereffective|p1a: Ninetales\n|-damage|p1a: Ninetales|0 fnt\n|faint|p1a: Ninetales\n|\n|-weather|Snow|[upkeep]\n|upkeep\n|\n|t:|1700268110\n|switch|p1a: Garchomp|Garchomp, M|100\/100\n|turn|17\n|\n|t:|1700268115\n|detailschange|p1a: Garchomp|Garchomp-Mega, M\n|-mega|p1a: Garchomp|Garchomp|Garchompite\n|move|p1a: Garchomp|Earthquake|p2a: Escavalier\n|-damage|p2a: Escavalier|14\/100\n|move|p2a: Escavalier|Megahorn|p1a: Garchomp|[miss]\n|-miss|p2a: Escavalier|p1a: Garchomp\n|\n|-weather|Snow|[upkeep]\n|upkeep\n|turn|18\n|c|\u2606Salmon900|cool!\n|\n|t:|1700268124\n|move|p1a: Garchomp|Earthquake|p2a: Escavalier\n|-damage|p2a: Escavalier|0 fnt\n|faint|p2a: Escavalier\n|\n|-weather|Snow|[upkeep]\n|upkeep\n|\n|t:|1700268127\n|switch|p2a: Scolipede|Scolipede, M, shiny|100\/100\n|turn|19\n|\n|t:|1700268136\n|move|p2a: Scolipede|Swords Dance|p2a: Scolipede\n|-boost|p2a: Scolipede|atk|2\n|move|p1a: Garchomp|Crunch|p2a: Scolipede\n|-damage|p2a: Scolipede|50\/100\n|\n|-weather|none\n|-ability|p2a: Scolipede|Speed Boost|boost\n|-boost|p2a: Scolipede|spe|1\n|upkeep\n|turn|20\n|\n|t:|1700268144\n|move|p2a: Scolipede|Megahorn|p1a: Garchomp\n|-damage|p1a: Garchomp|20\/100\n|move|p1a: Garchomp|Crunch|p2a: Scolipede\n|-damage|p2a: Scolipede|0 fnt\n|faint|p2a: Scolipede\n|\n|upkeep\n|\n|t:|1700268149\n|switch|p2a: Emboar|Emboar, M, shiny|100\/100\n|turn|21\n|\n|t:|1700268154\n|move|p2a: Emboar|Sucker Punch|p1a: Garchomp\n|-damage|p1a: Garchomp|6\/100\n|move|p1a: Garchomp|Earthquake|p2a: Emboar\n|-supereffective|p2a: Emboar\n|-damage|p2a: Emboar|0 fnt\n|faint|p2a: Emboar\n|\n|win|Qhgkdbhdjd\n|raw|Qhgkdbhdjd's rating: 1048 &rarr; <strong>1091<\/strong><br \/>(+43 for winning)\n|raw|Salmon900's rating: 1164 &rarr; <strong>1131<\/strong><br \/>(-33 for losing)\n|l|\u2606Salmon900\n","uploadtime":1700268170,"views":6,"p1id":"qhgkdbhdjd","p2id":"salmon900","formatid":"gen9nationaldex","rating":1091,"private":0,"password":""}