{"id":"gen9nationaldex-1991105666","p1":"kiruaru","p2":"Angryjoejoe4","format":"[Gen 9] National Dex","log":"|j|\u2606kiruaru\n|j|\u2606Angryjoejoe4\n|t:|1700043746\n|gametype|singles\n|player|p1|kiruaru|aromalady|1142\n|player|p2|Angryjoejoe4|elesa|1226\n|teamsize|p1|6\n|teamsize|p2|6\n|gen|9\n|tier|[Gen 9] National Dex\n|rated|\n|rule|HP Percentage Mod: HP is shown in percentages\n|rule|Endless Battle Clause: Forcing endless battles is banned\n|rule|OHKO Clause: OHKO moves are banned\n|rule|Evasion Clause: Evasion abilities, items, and moves are banned\n|rule|Evasion Abilities Clause: Evasion abilities are banned\n|rule|Evasion Items Clause: Evasion items are banned\n|rule|Evasion Moves Clause: Evasion moves are banned\n|rule|Species Clause: Limit one of each Pok\u00e9mon\n|rule|Sleep Clause Mod: Limit one foe put to sleep\n|clearpoke\n|poke|p1|Zapdos|\n|poke|p1|Pelipper, M|\n|poke|p1|Swampert, F|\n|poke|p1|Scizor, M|\n|poke|p1|Floatzel, F|\n|poke|p1|Greninja-*, M|\n|poke|p2|Tapu Lele|\n|poke|p2|Sneasler, F|\n|poke|p2|Alomomola, M|\n|poke|p2|Magnezone|\n|poke|p2|Landorus-Therian, M|\n|poke|p2|Umbreon, F|\n|teampreview\n|\n|t:|1700043752\n|start\n|switch|p1a: Pelipper|Pelipper, M|100\/100\n|switch|p2a: Tapu Lele|Tapu Lele|100\/100\n|-fieldstart|move: Psychic Terrain|[from] ability: Psychic Surge|[of] p2a: Tapu Lele\n|-weather|RainDance|[from] ability: Drizzle|[of] p1a: Pelipper\n|turn|1\n|inactive|Battle timer is ON: inactive players will automatically lose when time's up. (requested by kiruaru)\n|\n|t:|1700043761\n|switch|p1a: Scizor|Scizor, M|100\/100\n|move|p2a: Tapu Lele|Psychic|p1a: Scizor\n|-resisted|p1a: Scizor\n|-damage|p1a: Scizor|40\/100\n|\n|-weather|RainDance|[upkeep]\n|upkeep\n|turn|2\n|\n|t:|1700043771\n|move|p2a: Tapu Lele|Psychic|p1a: Scizor\n|-resisted|p1a: Scizor\n|-damage|p1a: Scizor|0 fnt\n|faint|p1a: Scizor\n|\n|-weather|RainDance|[upkeep]\n|upkeep\n|\n|t:|1700043778\n|switch|p1a: Floatzel|Floatzel, F|100\/100\n|turn|3\n|\n|t:|1700043783\n|switch|p2a: Alomomola|Alomomola, M|100\/100\n|-terastallize|p1a: Floatzel|Water\n|move|p1a: Floatzel|Wave Crash|p2a: Alomomola\n|-resisted|p2a: Alomomola\n|-damage|p2a: Alomomola|51\/100\n|-damage|p1a: Floatzel|84\/100|[from] item: Rocky Helmet|[of] p2a: Alomomola\n|-damage|p1a: Floatzel|59\/100|[from] Recoil\n|\n|-weather|RainDance|[upkeep]\n|upkeep\n|turn|4\n|\n|t:|1700043793\n|switch|p1a: Zapdos|Zapdos|100\/100\n|move|p2a: Alomomola|Scald|p1a: Zapdos\n|-damage|p1a: Zapdos|76\/100\n|\n|-weather|RainDance|[upkeep]\n|upkeep\n|turn|5\n|\n|t:|1700043800\n|move|p2a: Alomomola|Protect|p2a: Alomomola\n|-singleturn|p2a: Alomomola|Protect\n|move|p1a: Zapdos|Hurricane|p2a: Alomomola\n|-activate|p2a: Alomomola|move: Protect\n|\n|-weather|RainDance|[upkeep]\n|-fieldend|move: Psychic Terrain\n|upkeep\n|turn|6\n|\n|t:|1700043815\n|switch|p2a: Magnezone|Magnezone|100\/100\n|move|p1a: Zapdos|Hurricane|p2a: Magnezone\n|-resisted|p2a: Magnezone\n|-damage|p2a: Magnezone|82\/100\n|-start|p2a: Magnezone|confusion\n|\n|-weather|RainDance|[upkeep]\n|upkeep\n|turn|7\n|\n|t:|1700043827\n|switch|p1a: Swampert|Swampert, F|100\/100\n|-activate|p2a: Magnezone|confusion\n|-damage|p2a: Magnezone|76\/100|[from] confusion\n|\n|-weather|RainDance|[upkeep]\n|upkeep\n|turn|8\n|\n|t:|1700043836\n|switch|p2a: Landorus|Landorus-Therian, M|100\/100\n|-ability|p2a: Landorus|Intimidate|boost\n|-unboost|p1a: Swampert|atk|1\n|detailschange|p1a: Swampert|Swampert-Mega, F\n|-mega|p1a: Swampert|Swampert|Swampertite\n|move|p1a: Swampert|Waterfall|p2a: Landorus\n|-supereffective|p2a: Landorus\n|-damage|p2a: Landorus|31\/100\n|-damage|p1a: Swampert|84\/100|[from] item: Rocky Helmet|[of] p2a: Landorus\n|\n|-weather|none\n|upkeep\n|turn|9\n|\n|t:|1700043849\n|switch|p1a: Pelipper|Pelipper, M|100\/100\n|-weather|RainDance|[from] ability: Drizzle|[of] p1a: Pelipper\n|switch|p2a: Alomomola|Alomomola, M|84\/100\n|\n|-weather|RainDance|[upkeep]\n|upkeep\n|turn|10\n|\n|t:|1700043859\n|switch|p1a: Zapdos|Zapdos|76\/100\n|move|p2a: Alomomola|Wish|p2a: Alomomola\n|\n|-weather|RainDance|[upkeep]\n|upkeep\n|turn|11\n|\n|t:|1700043870\n|move|p1a: Zapdos|Thunder|p2a: Alomomola\n|-supereffective|p2a: Alomomola\n|-damage|p2a: Alomomola|0 fnt\n|faint|p2a: Alomomola\n|\n|-weather|RainDance|[upkeep]\n|upkeep\n|\n|t:|1700043877\n|switch|p2a: Landorus|Landorus-Therian, M|31\/100\n|-ability|p2a: Landorus|Intimidate|boost\n|-unboost|p1a: Zapdos|atk|1\n|turn|12\n|\n|t:|1700043885\n|move|p1a: Zapdos|Weather Ball|p2a: Landorus\n|-supereffective|p2a: Landorus\n|-crit|p2a: Landorus\n|-damage|p2a: Landorus|0 fnt\n|faint|p2a: Landorus\n|\n|-weather|RainDance|[upkeep]\n|upkeep\n|\n|t:|1700043891\n|switch|p2a: Umbreon|Umbreon, F|100\/100\n|turn|13\n|\n|t:|1700043896\n|move|p1a: Zapdos|Hurricane|p2a: Umbreon\n|-damage|p2a: Umbreon|70\/100\n|-start|p2a: Umbreon|confusion\n|-activate|p2a: Umbreon|confusion\n|move|p2a: Umbreon|Curse|p2a: Umbreon\n|-unboost|p2a: Umbreon|spe|1\n|-boost|p2a: Umbreon|atk|1\n|-boost|p2a: Umbreon|def|1\n|\n|-weather|RainDance|[upkeep]\n|-heal|p2a: Umbreon|76\/100|[from] item: Leftovers\n|upkeep\n|turn|14\n|\n|t:|1700043911\n|move|p1a: Zapdos|Roost|p1a: Zapdos\n|-heal|p1a: Zapdos|100\/100\n|-singleturn|p1a: Zapdos|move: Roost\n|-activate|p2a: Umbreon|confusion\n|move|p2a: Umbreon|Curse|p2a: Umbreon\n|-unboost|p2a: Umbreon|spe|1\n|-boost|p2a: Umbreon|atk|1\n|-boost|p2a: Umbreon|def|1\n|\n|-weather|RainDance|[upkeep]\n|-heal|p2a: Umbreon|82\/100|[from] item: Leftovers\n|upkeep\n|turn|15\n|\n|t:|1700043927\n|move|p1a: Zapdos|Thunder|p2a: Umbreon\n|-damage|p2a: Umbreon|51\/100\n|-activate|p2a: Umbreon|confusion\n|-damage|p2a: Umbreon|47\/100|[from] confusion\n|\n|-weather|RainDance|[upkeep]\n|-heal|p2a: Umbreon|53\/100|[from] item: Leftovers\n|upkeep\n|turn|16\n|\n|t:|1700043940\n|move|p1a: Zapdos|Thunder|p2a: Umbreon\n|-damage|p2a: Umbreon|27\/100\n|-status|p2a: Umbreon|par\n|-activate|p2a: Umbreon|ability: Synchronize\n|-immune|p1a: Zapdos\n|-activate|p2a: Umbreon|confusion\n|-damage|p2a: Umbreon|23\/100 par|[from] confusion\n|\n|-weather|none\n|-heal|p2a: Umbreon|29\/100 par|[from] item: Leftovers\n|upkeep\n|turn|17\n|-message|Angryjoejoe4 forfeited.\n|\n|win|kiruaru\n|raw|kiruaru's rating: 1142 &rarr; <strong>1173<\/strong><br \/>(+31 for winning)\n|raw|Angryjoejoe4's rating: 1226 &rarr; <strong>1195<\/strong><br \/>(-31 for losing)\n|l|\u2606Angryjoejoe4\n","uploadtime":1700043960,"views":7,"p1id":"kiruaru","p2id":"angryjoejoe4","formatid":"gen9nationaldex","rating":1173,"private":0,"password":""}