{"id":"gen9nationaldex-1999290301","p1":"Deriverse","p2":"hhxh_Queen","format":"[Gen 9] National Dex","log":"|html|<div class=\"broadcast-blue\"><strong>[Gen 9] National Dex is currently suspecting Sneasler! For information on how to participate check out the <a href=\"https:\/\/www.smogon.com\/forums\/threads\/sv-national-dex-suspect-8-just-dance.3731534\/\">suspect thread<\/a>.<\/strong><\/div>\n|j|\u2606Deriverse\n|j|\u2606hhxh_Queen\n|t:|1701055719\n|gametype|singles\n|player|p1|Deriverse|veteranf|1523\n|player|p2|hhxh_Queen|penny|1621\n|teamsize|p1|6\n|teamsize|p2|6\n|gen|9\n|tier|[Gen 9] National Dex\n|rated|\n|rule|HP Percentage Mod: HP is shown in percentages\n|rule|Endless Battle Clause: Forcing endless battles is banned\n|rule|OHKO Clause: OHKO moves are banned\n|rule|Evasion Clause: Evasion abilities, items, and moves are banned\n|rule|Evasion Abilities Clause: Evasion abilities are banned\n|rule|Evasion Items Clause: Evasion items are banned\n|rule|Evasion Moves Clause: Evasion moves are banned\n|rule|Species Clause: Limit one of each Pok\u00e9mon\n|rule|Sleep Clause Mod: Limit one foe put to sleep\n|clearpoke\n|poke|p1|Gliscor, F|\n|poke|p1|Tapu Lele|\n|poke|p1|Volcarona, F|\n|poke|p1|Ferrothorn, F|\n|poke|p1|Toxapex, F|\n|poke|p1|Rotom-Wash|\n|poke|p2|Zamazenta-*|\n|poke|p2|Zapdos|\n|poke|p2|Ceruledge, F|\n|poke|p2|Ogerpon-Wellspring, F|\n|poke|p2|Banette, F|\n|poke|p2|Hatterene, F|\n|teampreview\n|inactive|Battle timer is ON: inactive players will automatically lose when time's up. (requested by Deriverse)\n|\n|t:|1701055744\n|start\n|switch|p1a: Ferrothorn|Ferrothorn, F|100\/100\n|switch|p2a: Banette|Banette, F, shiny|100\/100\n|-item|p1a: Ferrothorn|Leftovers|[from] ability: Frisk|[of] p2a: Banette|[identify]\n|turn|1\n|\n|t:|1701055752\n|switch|p2a: Hatterene|Hatterene, F, shiny|100\/100\n|move|p1a: Ferrothorn|Thunder Wave|p2a: Hatterene\n|move|p2a: Hatterene|Thunder Wave|p1a: Ferrothorn|[from]ability: Magic Bounce\n|-status|p1a: Ferrothorn|par\n|\n|upkeep\n|turn|2\n|\n|t:|1701055758\n|move|p2a: Hatterene|Calm Mind|p2a: Hatterene\n|-boost|p2a: Hatterene|spa|1\n|-boost|p2a: Hatterene|spd|1\n|cant|p1a: Ferrothorn|par\n|\n|upkeep\n|turn|3\n|\n|t:|1701055761\n|move|p2a: Hatterene|Mystical Fire|p1a: Ferrothorn\n|-supereffective|p1a: Ferrothorn\n|-damage|p1a: Ferrothorn|21\/100 par\n|-unboost|p1a: Ferrothorn|spa|1\n|cant|p1a: Ferrothorn|par\n|\n|-heal|p1a: Ferrothorn|27\/100 par|[from] item: Leftovers\n|upkeep\n|turn|4\n|\n|t:|1701055772\n|switch|p1a: Gliscor|Gliscor, F|100\/100\n|move|p2a: Hatterene|Mystical Fire|p1a: Gliscor\n|-damage|p1a: Gliscor|59\/100\n|-unboost|p1a: Gliscor|spa|1\n|\n|-status|p1a: Gliscor|tox|[from] item: Toxic Orb\n|upkeep\n|turn|5\n|\n|t:|1701055778\n|move|p1a: Gliscor|Knock Off|p2a: Hatterene\n|-damage|p2a: Hatterene|84\/100\n|-enditem|p2a: Hatterene|Leftovers|[from] move: Knock Off|[of] p1a: Gliscor\n|move|p2a: Hatterene|Calm Mind|p2a: Hatterene\n|-boost|p2a: Hatterene|spa|1\n|-boost|p2a: Hatterene|spd|1\n|\n|-heal|p1a: Gliscor|71\/100 tox|[from] ability: Poison Heal\n|upkeep\n|turn|6\n|\n|t:|1701055788\n|switch|p1a: Rotom|Rotom-Wash|100\/100\n|move|p2a: Hatterene|Calm Mind|p2a: Hatterene\n|-boost|p2a: Hatterene|spa|1\n|-boost|p2a: Hatterene|spd|1\n|\n|upkeep\n|turn|7\n|\n|t:|1701055795\n|move|p1a: Rotom|Nasty Plot|p1a: Rotom\n|-boost|p1a: Rotom|spa|2\n|move|p2a: Hatterene|Draining Kiss|p1a: Rotom\n|-damage|p1a: Rotom|32\/100\n|-heal|p2a: Hatterene|100\/100|[from] drain|[of] p1a: Rotom\n|\n|-heal|p1a: Rotom|38\/100|[from] item: Leftovers\n|upkeep\n|turn|8\n|\n|t:|1701055803\n|move|p1a: Rotom|Hydro Pump|p2a: Hatterene\n|-damage|p2a: Hatterene|56\/100\n|move|p2a: Hatterene|Draining Kiss|p1a: Rotom\n|-damage|p1a: Rotom|0 fnt\n|-heal|p2a: Hatterene|78\/100|[from] drain|[of] p1a: Rotom\n|faint|p1a: Rotom\n|\n|upkeep\n|\n|t:|1701055808\n|switch|p1a: Toxapex|Toxapex, F|100\/100\n|turn|9\n|\n|t:|1701055812\n|-terastallize|p1a: Toxapex|Dark\n|move|p2a: Hatterene|Psyshock|p1a: Toxapex\n|-immune|p1a: Toxapex\n|move|p1a: Toxapex|Haze|p1a: Toxapex\n|-clearallboost\n|\n|upkeep\n|turn|10\n|\n|t:|1701055817\n|move|p2a: Hatterene|Draining Kiss|p1a: Toxapex\n|-supereffective|p1a: Toxapex\n|-damage|p1a: Toxapex|65\/100\n|-heal|p2a: Hatterene|100\/100|[from] drain|[of] p1a: Toxapex\n|move|p1a: Toxapex|Knock Off|p2a: Hatterene\n|-damage|p2a: Hatterene|88\/100\n|\n|-heal|p1a: Toxapex|71\/100|[from] item: Leftovers\n|upkeep\n|turn|11\n|\n|t:|1701055822\n|switch|p1a: Tapu Lele|Tapu Lele|100\/100\n|-fieldstart|move: Psychic Terrain|[from] ability: Psychic Surge|[of] p1a: Tapu Lele\n|move|p2a: Hatterene|Calm Mind|p2a: Hatterene\n|-boost|p2a: Hatterene|spa|1\n|-boost|p2a: Hatterene|spd|1\n|\n|upkeep\n|turn|12\n|\n|t:|1701055828\n|move|p1a: Tapu Lele|Shadow Ball|p2a: Hatterene\n|-supereffective|p2a: Hatterene\n|-damage|p2a: Hatterene|20\/100\n|move|p2a: Hatterene|Draining Kiss|p1a: Tapu Lele\n|-damage|p1a: Tapu Lele|62\/100\n|-heal|p2a: Hatterene|46\/100|[from] drain|[of] p1a: Tapu Lele\n|\n|upkeep\n|turn|13\n|\n|t:|1701055837\n|-terastallize|p2a: Hatterene|Normal\n|move|p1a: Tapu Lele|Shadow Ball|p2a: Hatterene\n|-immune|p2a: Hatterene\n|move|p2a: Hatterene|Draining Kiss|p1a: Tapu Lele\n|-damage|p1a: Tapu Lele|23\/100\n|-heal|p2a: Hatterene|72\/100|[from] drain|[of] p1a: Tapu Lele\n|\n|upkeep\n|turn|14\n|\n|t:|1701055844\n|switch|p1a: Toxapex|Toxapex, F, tera:Dark|100\/100\n|move|p2a: Hatterene|Calm Mind|p2a: Hatterene\n|-boost|p2a: Hatterene|spa|1\n|-boost|p2a: Hatterene|spd|1\n|\n|upkeep\n|turn|15\n|\n|t:|1701055848\n|move|p2a: Hatterene|Draining Kiss|p1a: Toxapex\n|-supereffective|p1a: Toxapex\n|-crit|p1a: Toxapex\n|-damage|p1a: Toxapex|0 fnt\n|-heal|p2a: Hatterene|100\/100|[from] drain|[of] p1a: Toxapex\n|faint|p1a: Toxapex\n|\n|-fieldend|move: Psychic Terrain\n|upkeep\n|\n|t:|1701055856\n|switch|p1a: Tapu Lele|Tapu Lele|23\/100\n|-fieldstart|move: Psychic Terrain|[from] ability: Psychic Surge|[of] p1a: Tapu Lele\n|turn|16\n|\n|t:|1701055860\n|move|p1a: Tapu Lele|Psychic|p2a: Hatterene\n|-damage|p2a: Hatterene|51\/100\n|move|p2a: Hatterene|Draining Kiss|p1a: Tapu Lele\n|-damage|p1a: Tapu Lele|0 fnt\n|-heal|p2a: Hatterene|66\/100|[from] drain|[of] p1a: Tapu Lele\n|faint|p1a: Tapu Lele\n|\n|upkeep\n|\n|t:|1701055864\n|switch|p1a: Volcarona|Volcarona, F|100\/100\n|turn|17\n|\n|t:|1701055867\n|move|p1a: Volcarona|Quiver Dance|p1a: Volcarona\n|-boost|p1a: Volcarona|spa|1\n|-boost|p1a: Volcarona|spd|1\n|-boost|p1a: Volcarona|spe|1\n|move|p2a: Hatterene|Psyshock|p1a: Volcarona\n|-damage|p1a: Volcarona|0 fnt\n|faint|p1a: Volcarona\n|\n|upkeep\n|-message|Deriverse forfeited.\n|\n|win|hhxh_Queen\n|raw|Deriverse's rating: 1523 &rarr; <strong>1508<\/strong><br \/>(-15 for losing)\n|raw|hhxh_Queen's rating: 1621 &rarr; <strong>1636<\/strong><br \/>(+15 for winning)\n|l|\u2606Deriverse\n","uploadtime":1701055876,"views":24,"p1id":"deriverse","p2id":"hhxhqueen","formatid":"gen9nationaldex","rating":1508,"private":0,"password":""}