{"id":"gen9nationaldex-1994497932","p1":"Mrunal","p2":"Horse95","format":"[Gen 9] National Dex","log":"|j|\u2606Mrunal\n|j|\u2606Horse95\n|t:|1700450960\n|gametype|singles\n|player|p1|Mrunal|cheryl|\n|player|p2|Horse95|colress|\n|teamsize|p1|6\n|teamsize|p2|6\n|gen|9\n|tier|[Gen 9] National Dex\n|rule|HP Percentage Mod: HP is shown in percentages\n|rule|Endless Battle Clause: Forcing endless battles is banned\n|rule|OHKO Clause: OHKO moves are banned\n|rule|Evasion Clause: Evasion abilities, items, and moves are banned\n|rule|Evasion Abilities Clause: Evasion abilities are banned\n|rule|Evasion Items Clause: Evasion items are banned\n|rule|Evasion Moves Clause: Evasion moves are banned\n|rule|Species Clause: Limit one of each Pok\u00e9mon\n|rule|Sleep Clause Mod: Limit one foe put to sleep\n|clearpoke\n|poke|p1|Rillaboom, M|\n|poke|p1|Breloom, M|\n|poke|p1|Ferrothorn, M|\n|poke|p1|Ogerpon-Cornerstone, F|\n|poke|p1|Sceptile, M|\n|poke|p1|Meowscarada, F|\n|poke|p2|Torterra, M|\n|poke|p2|Ceruledge, M|\n|poke|p2|Dragonite, M|\n|poke|p2|Kommo-o, M|\n|poke|p2|Beedrill, M|\n|poke|p2|Iron Moth|\n|teampreview\n|\n|t:|1700450968\n|start\n|switch|p1a: Rillaboom|Rillaboom, M|100\/100\n|switch|p2a: Ceruledge|Ceruledge, M|100\/100\n|-fieldstart|move: Grassy Terrain|[from] ability: Grassy Surge|[of] p1a: Rillaboom\n|turn|1\n|c|\u2606Horse95|glhf\n|c|\u2606Horse95|!\n|\n|t:|1700450979\n|move|p2a: Ceruledge|Swords Dance|p2a: Ceruledge\n|-boost|p2a: Ceruledge|atk|2\n|move|p1a: Rillaboom|U-turn|p2a: Ceruledge\n|-resisted|p2a: Ceruledge\n|-damage|p2a: Ceruledge|92\/100\n|-ability|p2a: Ceruledge|Weak Armor|boost\n|-unboost|p2a: Ceruledge|def|1\n|-boost|p2a: Ceruledge|spe|2\n|\n|t:|1700450987\n|switch|p1a: Sceptile|Sceptile, M|100\/100|[from] U-turn\n|-enditem|p1a: Sceptile|Grassy Seed\n|-boost|p1a: Sceptile|def|1|[from] item: Grassy Seed\n|\n|-heal|p2a: Ceruledge|98\/100|[from] Grassy Terrain\n|upkeep\n|turn|2\n|\n|t:|1700450998\n|move|p1a: Sceptile|Rock Slide|p2a: Ceruledge\n|-supereffective|p2a: Ceruledge\n|-damage|p2a: Ceruledge|8\/100\n|-ability|p2a: Ceruledge|Weak Armor|boost\n|-unboost|p2a: Ceruledge|def|1\n|-boost|p2a: Ceruledge|spe|2\n|move|p2a: Ceruledge|Bitter Blade|p1a: Sceptile\n|-supereffective|p1a: Sceptile\n|-damage|p1a: Sceptile|0 fnt\n|-heal|p2a: Ceruledge|57\/100|[from] drain|[of] p1a: Sceptile\n|faint|p1a: Sceptile\n|\n|-heal|p2a: Ceruledge|63\/100|[from] Grassy Terrain\n|upkeep\n|\n|t:|1700451012\n|switch|p1a: Ogerpon|Ogerpon-Cornerstone, F|100\/100\n|turn|3\n|\n|t:|1700451020\n|move|p2a: Ceruledge|Bitter Blade|p1a: Ogerpon\n|-ability|p1a: Ogerpon|Sturdy\n|-damage|p1a: Ogerpon|1\/100\n|-heal|p2a: Ceruledge|100\/100|[from] drain|[of] p1a: Ogerpon\n|move|p1a: Ogerpon|Ivy Cudgel|p2a: Ceruledge|[anim] Ivy Cudgel Rock\n|-supereffective|p2a: Ceruledge\n|-enditem|p2a: Ceruledge|Focus Sash\n|-damage|p2a: Ceruledge|1\/100\n|-ability|p2a: Ceruledge|Weak Armor|boost\n|-unboost|p2a: Ceruledge|def|1\n|-boost|p2a: Ceruledge|spe|2\n|\n|-heal|p2a: Ceruledge|7\/100|[from] Grassy Terrain\n|-heal|p1a: Ogerpon|7\/100|[from] Grassy Terrain\n|upkeep\n|turn|4\n|\n|t:|1700451037\n|switch|p1a: Ferrothorn|Ferrothorn, M|100\/100\n|move|p2a: Ceruledge|Shadow Sneak|p1a: Ferrothorn\n|-damage|p1a: Ferrothorn|66\/100\n|-damage|p2a: Ceruledge|0 fnt|[from] ability: Iron Barbs|[of] p1a: Ferrothorn\n|faint|p2a: Ceruledge\n|\n|-heal|p1a: Ferrothorn|72\/100|[from] Grassy Terrain\n|upkeep\n|\n|t:|1700451051\n|switch|p2a: Dragonite|Dragonite, M|100\/100\n|turn|5\n|\n|t:|1700451056\n|move|p2a: Dragonite|Dragon Dance|p2a: Dragonite\n|-boost|p2a: Dragonite|atk|1\n|-boost|p2a: Dragonite|spe|1\n|move|p1a: Ferrothorn|Knock Off|p2a: Dragonite\n|-crit|p2a: Dragonite\n|-damage|p2a: Dragonite|74\/100\n|-enditem|p2a: Dragonite|Weakness Policy|[from] move: Knock Off|[of] p1a: Ferrothorn\n|\n|-heal|p1a: Ferrothorn|78\/100|[from] Grassy Terrain\n|upkeep\n|turn|6\n|\n|t:|1700451066\n|move|p2a: Dragonite|Dragon Dance|p2a: Dragonite\n|-boost|p2a: Dragonite|atk|1\n|-boost|p2a: Dragonite|spe|1\n|move|p1a: Ferrothorn|Thunder Wave|p2a: Dragonite\n|-status|p2a: Dragonite|par\n|\n|-heal|p1a: Ferrothorn|84\/100|[from] Grassy Terrain\n|upkeep\n|turn|7\n|\n|t:|1700451076\n|move|p2a: Dragonite|Roost|p2a: Dragonite\n|-heal|p2a: Dragonite|100\/100 par\n|-singleturn|p2a: Dragonite|move: Roost\n|move|p1a: Ferrothorn|Steel Roller|p2a: Dragonite\n|-damage|p2a: Dragonite|67\/100 par\n|-fieldend|move: Grassy Terrain\n|\n|upkeep\n|turn|8\n|\n|t:|1700451084\n|move|p2a: Dragonite|Roost|p2a: Dragonite\n|-heal|p2a: Dragonite|100\/100 par\n|-singleturn|p2a: Dragonite|move: Roost\n|move|p1a: Ferrothorn|Gyro Ball|p2a: Dragonite\n|-damage|p2a: Dragonite|63\/100 par\n|\n|upkeep\n|turn|9\n|\n|t:|1700451092\n|move|p2a: Dragonite|Fire Punch|p1a: Ferrothorn\n|-supereffective|p1a: Ferrothorn\n|-damage|p1a: Ferrothorn|0 fnt\n|-damage|p2a: Dragonite|51\/100 par|[from] ability: Iron Barbs|[of] p1a: Ferrothorn\n|-damage|p2a: Dragonite|35\/100 par|[from] item: Rocky Helmet|[of] p1a: Ferrothorn\n|faint|p1a: Ferrothorn\n|\n|upkeep\n|\n|t:|1700451104\n|switch|p1a: Rillaboom|Rillaboom, M|100\/100\n|-fieldstart|move: Grassy Terrain|[from] ability: Grassy Surge|[of] p1a: Rillaboom\n|turn|10\n|\n|t:|1700451111\n|move|p1a: Rillaboom|Fake Out|p2a: Dragonite\n|-damage|p2a: Dragonite|20\/100 par\n|cant|p2a: Dragonite|flinch\n|\n|upkeep\n|turn|11\n|\n|t:|1700451118\n|cant|p2a: Dragonite|par\n|move|p1a: Rillaboom|Grassy Glide|p2a: Dragonite\n|-resisted|p2a: Dragonite\n|-damage|p2a: Dragonite|10\/100 par\n|\n|upkeep\n|turn|12\n|\n|t:|1700451125\n|move|p2a: Dragonite|Extreme Speed|p1a: Rillaboom\n|-damage|p1a: Rillaboom|30\/100\n|move|p1a: Rillaboom|Grassy Glide|p2a: Dragonite\n|-resisted|p2a: Dragonite\n|-damage|p2a: Dragonite|0 fnt\n|faint|p2a: Dragonite\n|\n|-heal|p1a: Rillaboom|37\/100|[from] Grassy Terrain\n|upkeep\n|\n|t:|1700451134\n|switch|p2a: Torterra|Torterra, M|100\/100\n|turn|13\n|\n|t:|1700451139\n|move|p1a: Rillaboom|U-turn|p2a: Torterra\n|-supereffective|p2a: Torterra\n|-damage|p2a: Torterra|52\/100\n|\n|t:|1700451146\n|switch|p1a: Breloom|Breloom, M|100\/100|[from] U-turn\n|move|p2a: Torterra|Shell Smash|p2a: Torterra\n|-unboost|p2a: Torterra|def|1\n|-unboost|p2a: Torterra|spd|1\n|-boost|p2a: Torterra|atk|2\n|-boost|p2a: Torterra|spa|2\n|-boost|p2a: Torterra|spe|2\n|-enditem|p2a: Torterra|White Herb\n|-clearnegativeboost|p2a: Torterra|[silent]\n|\n|-heal|p2a: Torterra|58\/100|[from] Grassy Terrain\n|upkeep\n|turn|14\n|\n|t:|1700451162\n|move|p2a: Torterra|Body Slam|p1a: Breloom\n|-damage|p1a: Breloom|5\/100\n|-status|p1a: Breloom|par\n|cant|p1a: Breloom|par\n|\n|-heal|p2a: Torterra|64\/100|[from] Grassy Terrain\n|-heal|p1a: Breloom|11\/100 par|[from] Grassy Terrain\n|upkeep\n|turn|15\n|\n|t:|1700451172\n|move|p2a: Torterra|Body Slam|p1a: Breloom\n|-damage|p1a: Breloom|0 fnt\n|faint|p1a: Breloom\n|\n|-heal|p2a: Torterra|70\/100|[from] Grassy Terrain\n|upkeep\n|\n|t:|1700451180\n|switch|p1a: Rillaboom|Rillaboom, M|37\/100\n|turn|16\n|\n|t:|1700451186\n|move|p1a: Rillaboom|Fake Out|p2a: Torterra\n|-damage|p2a: Torterra|56\/100\n|cant|p2a: Torterra|flinch\n|\n|-heal|p2a: Torterra|62\/100|[from] Grassy Terrain\n|-heal|p1a: Rillaboom|43\/100|[from] Grassy Terrain\n|upkeep\n|turn|17\n|\n|t:|1700451195\n|move|p2a: Torterra|Double-Edge|p1a: Rillaboom\n|-damage|p1a: Rillaboom|0 fnt\n|faint|p1a: Rillaboom\n|-damage|p2a: Torterra|48\/100|[from] Recoil\n|\n|-heal|p2a: Torterra|54\/100|[from] Grassy Terrain\n|-fieldend|move: Grassy Terrain\n|upkeep\n|\n|t:|1700451204\n|switch|p1a: Meowscarada|Meowscarada, F|100\/100\n|turn|18\n|\n|t:|1700451209\n|move|p2a: Torterra|Double-Edge|p1a: Meowscarada\n|-damage|p1a: Meowscarada|0 fnt\n|faint|p1a: Meowscarada\n|-damage|p2a: Torterra|25\/100|[from] Recoil\n|\n|upkeep\n|\n|t:|1700451215\n|switch|p1a: Ogerpon|Ogerpon-Cornerstone, F|7\/100\n|turn|19\n|c|\u2606Horse95|gg\n|c|\u2606Mrunal|Gg\n|\n|t:|1700451225\n|move|p2a: Torterra|Body Slam|p1a: Ogerpon\n|-resisted|p1a: Ogerpon\n|-damage|p1a: Ogerpon|0 fnt\n|faint|p1a: Ogerpon\n|\n|win|Horse95\n|l|\u2606Mrunal\n|j|\u2606Mrunal\n|player|p1|Mrunal|cheryl\n","uploadtime":1700451237,"views":15,"p1id":"mrunal","p2id":"horse95","formatid":"gen9nationaldex","rating":0,"private":0,"password":""}