{"id":"gen9nationaldex-1990781394","p1":"PyxlFie","p2":"oohhhyueaaaa","format":"[Gen 9] National Dex","log":"|j|\u2606PyxlFie\n|j|\u203doohhhyueaaaa\n|t:|1700000236\n|gametype|singles\n|player|p1|PyxlFie|pokemonranger-gen4|1040\n|player|p2|oohhhyueaaaa|li|1000\n|teamsize|p1|6\n|teamsize|p2|6\n|gen|9\n|tier|[Gen 9] National Dex\n|rated|\n|rule|HP Percentage Mod: HP is shown in percentages\n|rule|Endless Battle Clause: Forcing endless battles is banned\n|rule|OHKO Clause: OHKO moves are banned\n|rule|Evasion Clause: Evasion abilities, items, and moves are banned\n|rule|Evasion Abilities Clause: Evasion abilities are banned\n|rule|Evasion Items Clause: Evasion items are banned\n|rule|Evasion Moves Clause: Evasion moves are banned\n|rule|Species Clause: Limit one of each Pok\u00e9mon\n|rule|Sleep Clause Mod: Limit one foe put to sleep\n|clearpoke\n|poke|p1|Sneasler, F|\n|poke|p1|Chandelure, M|\n|poke|p1|Minior|\n|poke|p1|Pidgeot, M|\n|poke|p1|Kartana|\n|poke|p1|Samurott-Hisui, F|\n|poke|p2|Zygarde-10%|\n|poke|p2|Arbok, F|\n|poke|p2|Rhydon, M|\n|poke|p2|Nidoking, M|\n|poke|p2|Nidoqueen, F|\n|poke|p2|Blastoise, M|\n|teampreview\n|inactive|Battle timer is ON: inactive players will automatically lose when time's up. (requested by oohhhyueaaaa)\n|inactive|PyxlFie also wants the timer to be on.\n|c|\u2606PyxlFie|the three horned mons terrify me\n|c|\u2606PyxlFie|glhf\n|\n|t:|1700000265\n|start\n|switch|p1a: Samurott|Samurott-Hisui, F, shiny|100\/100\n|switch|p2a: Arbok|Arbok, F, shiny|100\/100\n|-ability|p2a: Arbok|Intimidate|boost\n|-unboost|p1a: Samurott|atk|1\n|turn|1\n|\n|t:|1700000274\n|move|p2a: Arbok|Switcheroo|p1a: Samurott\n|-activate|p2a: Arbok|move: Trick|[of] p1a: Samurott\n|-item|p1a: Samurott|Choice Scarf|[from] move: Switcheroo\n|-item|p2a: Arbok|Life Orb|[from] move: Switcheroo\n|move|p1a: Samurott|Drill Run|p2a: Arbok\n|-supereffective|p2a: Arbok\n|-crit|p2a: Arbok\n|-damage|p2a: Arbok|0 fnt\n|faint|p2a: Arbok\n|\n|upkeep\n|\n|t:|1700000282\n|switch|p2a: Rhydon|Rhydon, M, shiny|100\/100\n|turn|2\n|\n|t:|1700000288\n|switch|p1a: Kartana|Kartana, shiny|100\/100\n|move|p2a: Rhydon|Stealth Rock|p1a: Kartana\n|-sidestart|p1: PyxlFie|move: Stealth Rock\n|\n|upkeep\n|turn|3\n|\n|t:|1700000302\n|move|p1a: Kartana|Leaf Blade|p2a: Rhydon\n|-supereffective|p2a: Rhydon\n|-damage|p2a: Rhydon|0 fnt\n|faint|p2a: Rhydon\n|-ability|p1a: Kartana|Beast Boost|boost\n|-boost|p1a: Kartana|atk|1\n|\n|upkeep\n|\n|t:|1700000308\n|switch|p2a: Nidoking|Nidoking, M, shiny|100\/100\n|turn|4\n|\n|t:|1700000311\n|move|p1a: Kartana|Leaf Blade|p2a: Nidoking\n|-damage|p2a: Nidoking|0 fnt\n|faint|p2a: Nidoking\n|-ability|p1a: Kartana|Beast Boost|boost\n|-boost|p1a: Kartana|atk|1\n|\n|upkeep\n|\n|t:|1700000318\n|switch|p2a: Nidoqueen|Nidoqueen, F, shiny|100\/100\n|turn|5\n|\n|t:|1700000322\n|-terastallize|p2a: Nidoqueen|Poison\n|move|p1a: Kartana|Leaf Blade|p2a: Nidoqueen\n|-resisted|p2a: Nidoqueen\n|-damage|p2a: Nidoqueen|25\/100\n|move|p2a: Nidoqueen|Disable|p1a: Kartana\n|-start|p1a: Kartana|Disable|Leaf Blade\n|\n|-heal|p2a: Nidoqueen|31\/100|[from] item: Leftovers\n|upkeep\n|turn|6\n|\n|t:|1700000328\n|-activate|p1a: Kartana|move: Struggle\n|move|p1a: Kartana|Struggle|p2a: Nidoqueen\n|-damage|p2a: Nidoqueen|0 fnt\n|faint|p2a: Nidoqueen\n|-ability|p1a: Kartana|Beast Boost|boost\n|-boost|p1a: Kartana|atk|1\n|-damage|p1a: Kartana|75\/100|[from] recoil\n|\n|upkeep\n|\n|t:|1700000332\n|switch|p2a: Blastoise|Blastoise, M, shiny|100\/100\n|turn|7\n|\n|t:|1700000335\n|-activate|p1a: Kartana|move: Struggle\n|move|p1a: Kartana|Struggle|p2a: Blastoise\n|-damage|p2a: Blastoise|0 fnt\n|faint|p2a: Blastoise\n|-ability|p1a: Kartana|Beast Boost|boost\n|-boost|p1a: Kartana|atk|1\n|-damage|p1a: Kartana|50\/100|[from] recoil\n|\n|upkeep\n|\n|t:|1700000343\n|switch|p2a: Zygarde|Zygarde-10%, shiny|100\/100\n|-ability|p2a: Zygarde|Aura Break\n|turn|8\n|\n|t:|1700000348\n|move|p2a: Zygarde|Dragon Dance|p2a: Zygarde\n|-boost|p2a: Zygarde|atk|1\n|-boost|p2a: Zygarde|spe|1\n|-activate|p1a: Kartana|move: Struggle\n|move|p1a: Kartana|Struggle|p2a: Zygarde\n|-enditem|p2a: Zygarde|Focus Sash\n|-damage|p2a: Zygarde|1\/100\n|-damage|p1a: Kartana|25\/100|[from] recoil\n|\n|upkeep\n|turn|9\n|\n|t:|1700000353\n|move|p2a: Zygarde|Thousand Arrows|p1a: Kartana\n|-damage|p1a: Kartana|0 fnt\n|faint|p1a: Kartana\n|\n|upkeep\n|\n|t:|1700000361\n|switch|p1a: Sneasler|Sneasler, F|100\/100\n|-damage|p1a: Sneasler|95\/100|[from] Stealth Rock\n|turn|10\n|\n|t:|1700000364\n|move|p1a: Sneasler|Fake Out|p2a: Zygarde\n|-enditem|p1a: Sneasler|Normal Gem|[from] gem\n|-damage|p2a: Zygarde|0 fnt\n|faint|p2a: Zygarde\n|\n|win|PyxlFie\n|raw|PyxlFie's rating: 1040 &rarr; <strong>1070<\/strong><br \/>(+30 for winning)\n|raw|oohhhyueaaaa's rating: 1000 &rarr; <strong>1000<\/strong><br \/>(+0 for losing)\n|l|\u203doohhhyueaaaa\n","uploadtime":1700000403,"views":5,"p1id":"pyxlfie","p2id":"oohhhyueaaaa","formatid":"gen9nationaldex","rating":1000,"private":0,"password":""}