{"id":"gen9nationaldex-1996612950","p1":"OkcThunder0","p2":"Mixlus pi","format":"[Gen 9] National Dex","log":"|html|<div class=\"broadcast-blue\"><strong>[Gen 9] National Dex is currently suspecting Sneasler! For information on how to participate check out the <a href=\"https:\/\/www.smogon.com\/forums\/threads\/sv-national-dex-suspect-8-just-dance.3731534\/\">suspect thread<\/a>.<\/strong><\/div>\n|j|\u2606OkcThunder0\n|j|\u2606Mixlus pi\n|t:|1700700617\n|gametype|singles\n|player|p1|OkcThunder0|red|1701\n|player|p2|Mixlus pi|hilbert|1577\n|teamsize|p1|6\n|teamsize|p2|6\n|gen|9\n|tier|[Gen 9] National Dex\n|rated|\n|rule|HP Percentage Mod: HP is shown in percentages\n|rule|Endless Battle Clause: Forcing endless battles is banned\n|rule|OHKO Clause: OHKO moves are banned\n|rule|Evasion Clause: Evasion abilities, items, and moves are banned\n|rule|Evasion Abilities Clause: Evasion abilities are banned\n|rule|Evasion Items Clause: Evasion items are banned\n|rule|Evasion Moves Clause: Evasion moves are banned\n|rule|Species Clause: Limit one of each Pok\u00e9mon\n|rule|Sleep Clause Mod: Limit one foe put to sleep\n|clearpoke\n|poke|p1|Diancie|\n|poke|p1|Clodsire, F|\n|poke|p1|Corviknight, F|\n|poke|p1|Meowscarada, F|\n|poke|p1|Kommo-o, M|\n|poke|p1|Rotom-Wash|\n|poke|p2|Rillaboom, M|\n|poke|p2|Sneasler, F|\n|poke|p2|Manectric, M|\n|poke|p2|Moltres|\n|poke|p2|Landorus-Therian, M|\n|poke|p2|Tapu Lele|\n|teampreview\n|\n|t:|1700700631\n|start\n|switch|p1a: Clodsire|Clodsire, F|100\/100\n|switch|p2a: Rillaboom|Rillaboom, M|100\/100\n|-fieldstart|move: Grassy Terrain|[from] ability: Grassy Surge|[of] p2a: Rillaboom\n|turn|1\n|\n|t:|1700700634\n|switch|p1a: Kommo-o|Kommo-o, M|100\/100\n|move|p2a: Rillaboom|Knock Off|p1a: Kommo-o\n|-resisted|p1a: Kommo-o\n|-damage|p1a: Kommo-o|85\/100\n|-damage|p2a: Rillaboom|84\/100|[from] item: Rocky Helmet|[of] p1a: Kommo-o\n|-enditem|p1a: Kommo-o|Rocky Helmet|[from] move: Knock Off|[of] p2a: Rillaboom\n|\n|-heal|p2a: Rillaboom|90\/100|[from] Grassy Terrain\n|-heal|p1a: Kommo-o|91\/100|[from] Grassy Terrain\n|upkeep\n|turn|2\n|\n|t:|1700700640\n|switch|p2a: Tapu Lele|Tapu Lele|100\/100\n|-fieldstart|move: Psychic Terrain|[from] ability: Psychic Surge|[of] p2a: Tapu Lele\n|move|p1a: Kommo-o|Stealth Rock|p2a: Tapu Lele\n|-sidestart|p2: Mixlus pi|move: Stealth Rock\n|\n|upkeep\n|turn|3\n|\n|t:|1700700645\n|switch|p1a: Corviknight|Corviknight, F|100\/100\n|-ability|p1a: Corviknight|Pressure\n|move|p2a: Tapu Lele|Psyshock|p1a: Corviknight\n|-resisted|p1a: Corviknight\n|-damage|p1a: Corviknight|84\/100\n|\n|-heal|p1a: Corviknight|90\/100|[from] item: Leftovers\n|upkeep\n|turn|4\n|\n|t:|1700700649\n|switch|p2a: Moltres|Moltres|100\/100\n|move|p1a: Corviknight|U-turn|p2a: Moltres\n|-resisted|p2a: Moltres\n|-damage|p2a: Moltres|98\/100\n|\n|t:|1700700653\n|switch|p1a: Diancie|Diancie|100\/100|[from] U-turn\n|\n|upkeep\n|turn|5\n|\n|t:|1700700659\n|detailschange|p1a: Diancie|Diancie-Mega\n|-mega|p1a: Diancie|Diancie|Diancite\n|move|p1a: Diancie|Moonblast|p2a: Moltres\n|-resisted|p2a: Moltres\n|-damage|p2a: Moltres|72\/100\n|-unboost|p2a: Moltres|spa|1\n|move|p2a: Moltres|U-turn|p1a: Diancie\n|-resisted|p1a: Diancie\n|-damage|p1a: Diancie|89\/100\n|\n|t:|1700700663\n|switch|p2a: Landorus|Landorus-Therian, M|100\/100|[from] U-turn\n|-damage|p2a: Landorus|88\/100|[from] Stealth Rock\n|-ability|p2a: Landorus|Intimidate|boost\n|-unboost|p1a: Diancie|atk|1\n|\n|upkeep\n|turn|6\n|\n|t:|1700700668\n|switch|p1a: Rotom|Rotom-Wash|100\/100\n|move|p2a: Landorus|Defog|p1a: Rotom\n|-unboost|p1a: Rotom|evasion|1\n|-sideend|p2: Mixlus pi|Stealth Rock|[from] move: Defog|[of] p2a: Landorus\n|-fieldend|move: Psychic Terrain\n|\n|upkeep\n|turn|7\n|\n|t:|1700700676\n|switch|p2a: Tapu Lele|Tapu Lele|100\/100\n|-fieldstart|move: Psychic Terrain|[from] ability: Psychic Surge|[of] p2a: Tapu Lele\n|move|p1a: Rotom|Hydro Pump|p2a: Tapu Lele|[miss]\n|-miss|p1a: Rotom|p2a: Tapu Lele\n|\n|upkeep\n|turn|8\n|\n|t:|1700700681\n|switch|p2a: Manectric|Manectric, M|100\/100\n|switch|p1a: Corviknight|Corviknight, F|90\/100\n|-ability|p1a: Corviknight|Pressure\n|\n|-heal|p1a: Corviknight|96\/100|[from] item: Leftovers\n|upkeep\n|turn|9\n|\n|t:|1700700684\n|switch|p1a: Clodsire|Clodsire, F|100\/100\n|detailschange|p2a: Manectric|Manectric-Mega, M\n|-mega|p2a: Manectric|Manectric|Manectite\n|-ability|p2a: Manectric|Intimidate|boost\n|-unboost|p1a: Clodsire|atk|1\n|move|p2a: Manectric|Hidden Power|p1a: Clodsire\n|-supereffective|p1a: Clodsire\n|-crit|p1a: Clodsire\n|-damage|p1a: Clodsire|66\/100\n|\n|upkeep\n|turn|10\n|\n|t:|1700700696\n|switch|p2a: Landorus|Landorus-Therian, M|88\/100\n|-ability|p2a: Landorus|Intimidate|boost\n|-unboost|p1a: Clodsire|atk|1\n|move|p1a: Clodsire|Spikes|p2a: Landorus\n|-sidestart|p2: Mixlus pi|Spikes\n|\n|upkeep\n|turn|11\n|\n|t:|1700700729\n|switch|p1a: Rotom|Rotom-Wash|100\/100\n|move|p2a: Landorus|Earthquake|p1a: Rotom\n|-immune|p1a: Rotom|[from] ability: Levitate\n|\n|-fieldend|move: Psychic Terrain\n|upkeep\n|turn|12\n|\n|t:|1700700733\n|move|p1a: Rotom|Hydro Pump|p2a: Landorus\n|-supereffective|p2a: Landorus\n|-damage|p2a: Landorus|1\/100\n|move|p2a: Landorus|Stealth Rock|p1a: Rotom\n|-sidestart|p1: OkcThunder0|move: Stealth Rock\n|\n|upkeep\n|turn|13\n|\n|t:|1700700738\n|switch|p2a: Rillaboom|Rillaboom, M|90\/100\n|-damage|p2a: Rillaboom|78\/100|[from] Spikes\n|-fieldstart|move: Grassy Terrain|[from] ability: Grassy Surge|[of] p2a: Rillaboom\n|move|p1a: Rotom|Hydro Pump|p2a: Rillaboom\n|-resisted|p2a: Rillaboom\n|-damage|p2a: Rillaboom|50\/100\n|\n|-heal|p2a: Rillaboom|56\/100|[from] Grassy Terrain\n|upkeep\n|turn|14\n|\n|t:|1700700743\n|switch|p1a: Kommo-o|Kommo-o, M|91\/100\n|-damage|p1a: Kommo-o|85\/100|[from] Stealth Rock\n|move|p2a: Rillaboom|U-turn|p1a: Kommo-o\n|-resisted|p1a: Kommo-o\n|-damage|p1a: Kommo-o|73\/100\n|\n|t:|1700700750\n|switch|p2a: Landorus|Landorus-Therian, M|1\/100|[from] U-turn\n|-ability|p2a: Landorus|Intimidate|boost\n|-unboost|p1a: Kommo-o|atk|1\n|\n|-heal|p1a: Kommo-o|80\/100|[from] Grassy Terrain\n|upkeep\n|turn|15\n|\n|t:|1700700771\n|switch|p2a: Tapu Lele|Tapu Lele|100\/100\n|-damage|p2a: Tapu Lele|88\/100|[from] Spikes\n|-fieldstart|move: Psychic Terrain|[from] ability: Psychic Surge|[of] p2a: Tapu Lele\n|move|p1a: Kommo-o|Stealth Rock|p2a: Tapu Lele\n|-sidestart|p2: Mixlus pi|move: Stealth Rock\n|\n|upkeep\n|turn|16\n|\n|t:|1700700792\n|switch|p1a: Corviknight|Corviknight, F|96\/100\n|-damage|p1a: Corviknight|84\/100|[from] Stealth Rock\n|-ability|p1a: Corviknight|Pressure\n|move|p2a: Tapu Lele|Focus Blast|p1a: Corviknight\n|-damage|p1a: Corviknight|47\/100\n|-unboost|p1a: Corviknight|spd|1\n|\n|-heal|p1a: Corviknight|54\/100|[from] item: Leftovers\n|upkeep\n|turn|17\n|\n|t:|1700700802\n|switch|p2a: Landorus|Landorus-Therian, M|1\/100\n|-damage|p2a: Landorus|0 fnt|[from] Stealth Rock\n|faint|p2a: Landorus\n|switch|p1a: Kommo-o|Kommo-o, M|80\/100\n|-damage|p1a: Kommo-o|73\/100|[from] Stealth Rock\n|\n|upkeep\n|\n|t:|1700700830\n|switch|p2a: Moltres|Moltres|72\/100\n|turn|18\n|\n|t:|1700700838\n|move|p2a: Moltres|U-turn|p1a: Kommo-o\n|-resisted|p1a: Kommo-o\n|-damage|p1a: Kommo-o|69\/100\n|\n|t:|1700700841\n|switch|p2a: Tapu Lele|Tapu Lele|88\/100|[from] U-turn\n|-damage|p2a: Tapu Lele|76\/100|[from] Spikes\n|-damage|p2a: Tapu Lele|63\/100|[from] Stealth Rock\n|move|p1a: Kommo-o|Toxic|p2a: Tapu Lele\n|-status|p2a: Tapu Lele|tox\n|\n|-damage|p2a: Tapu Lele|57\/100 tox|[from] psn\n|upkeep\n|turn|19\n|\n|t:|1700700849\n|switch|p1a: Corviknight|Corviknight, F|54\/100\n|-damage|p1a: Corviknight|41\/100|[from] Stealth Rock\n|-ability|p1a: Corviknight|Pressure\n|move|p2a: Tapu Lele|Psyshock|p1a: Corviknight\n|-resisted|p1a: Corviknight\n|-damage|p1a: Corviknight|24\/100\n|\n|-heal|p1a: Corviknight|30\/100|[from] item: Leftovers\n|-damage|p2a: Tapu Lele|45\/100 tox|[from] psn\n|-fieldend|move: Psychic Terrain\n|upkeep\n|turn|20\n|\n|t:|1700700861\n|switch|p2a: Rillaboom|Rillaboom, M|56\/100\n|-damage|p2a: Rillaboom|44\/100|[from] Spikes\n|-damage|p2a: Rillaboom|32\/100|[from] Stealth Rock\n|-fieldstart|move: Grassy Terrain|[from] ability: Grassy Surge|[of] p2a: Rillaboom\n|move|p1a: Corviknight|Roost|p1a: Corviknight\n|-heal|p1a: Corviknight|80\/100\n|-singleturn|p1a: Corviknight|move: Roost\n|\n|-heal|p2a: Rillaboom|38\/100|[from] Grassy Terrain\n|-heal|p1a: Corviknight|86\/100|[from] Grassy Terrain\n|-heal|p1a: Corviknight|93\/100|[from] item: Leftovers\n|upkeep\n|turn|21\n|\n|t:|1700700867\n|move|p2a: Rillaboom|Knock Off|p1a: Corviknight\n|-damage|p1a: Corviknight|57\/100\n|-enditem|p1a: Corviknight|Leftovers|[from] move: Knock Off|[of] p2a: Rillaboom\n|move|p1a: Corviknight|U-turn|p2a: Rillaboom\n|-supereffective|p2a: Rillaboom\n|-damage|p2a: Rillaboom|5\/100\n|\n|t:|1700700884\n|switch|p1a: Meowscarada|Meowscarada, F|100\/100|[from] U-turn\n|-damage|p1a: Meowscarada|88\/100|[from] Stealth Rock\n|\n|-heal|p1a: Meowscarada|94\/100|[from] Grassy Terrain\n|-heal|p2a: Rillaboom|12\/100|[from] Grassy Terrain\n|upkeep\n|turn|22\n|\n|t:|1700700888\n|switch|p2a: Moltres|Moltres|72\/100\n|move|p1a: Meowscarada|U-turn|p2a: Moltres\n|-start|p1a: Meowscarada|typechange|Bug|[from] ability: Protean\n|-resisted|p2a: Moltres\n|-damage|p2a: Moltres|62\/100\n|\n|t:|1700700891\n|switch|p1a: Diancie|Diancie-Mega|89\/100|[from] U-turn\n|-damage|p1a: Diancie|76\/100|[from] Stealth Rock\n|\n|-heal|p1a: Diancie|83\/100|[from] Grassy Terrain\n|upkeep\n|turn|23\n|\n|t:|1700700908\n|move|p1a: Diancie|Diamond Storm|p2a: Moltres\n|-supereffective|p2a: Moltres\n|-damage|p2a: Moltres|0 fnt\n|-boost|p1a: Diancie|def|2\n|faint|p2a: Moltres\n|\n|-heal|p1a: Diancie|89\/100|[from] Grassy Terrain\n|upkeep\n|\n|t:|1700700918\n|switch|p2a: Tapu Lele|Tapu Lele|45\/100 tox\n|-damage|p2a: Tapu Lele|33\/100 tox|[from] Spikes\n|-damage|p2a: Tapu Lele|20\/100 tox|[from] Stealth Rock\n|-fieldstart|move: Psychic Terrain|[from] ability: Psychic Surge|[of] p2a: Tapu Lele\n|turn|24\n|j| Queijolol\n|l| Queijolol\n|\n|t:|1700700934\n|switch|p1a: Corviknight|Corviknight, F|57\/100\n|-damage|p1a: Corviknight|45\/100|[from] Stealth Rock\n|-ability|p1a: Corviknight|Pressure\n|move|p2a: Tapu Lele|Focus Blast|p1a: Corviknight\n|-damage|p1a: Corviknight|8\/100\n|\n|-damage|p2a: Tapu Lele|14\/100 tox|[from] psn\n|upkeep\n|turn|25\n|\n|t:|1700700939\n|switch|p1a: Clodsire|Clodsire, F|66\/100\n|move|p2a: Tapu Lele|Focus Blast|p1a: Clodsire\n|-resisted|p1a: Clodsire\n|-damage|p1a: Clodsire|55\/100\n|\n|-damage|p2a: Tapu Lele|2\/100 tox|[from] psn\n|upkeep\n|turn|26\n|\n|t:|1700700944\n|move|p2a: Tapu Lele|Focus Blast|p1a: Clodsire\n|-resisted|p1a: Clodsire\n|-damage|p1a: Clodsire|45\/100\n|-unboost|p1a: Clodsire|spd|1\n|move|p1a: Clodsire|Recover|p1a: Clodsire\n|-heal|p1a: Clodsire|95\/100\n|\n|-damage|p2a: Tapu Lele|0 fnt|[from] psn\n|faint|p2a: Tapu Lele\n|upkeep\n|\n|t:|1700700948\n|switch|p2a: Rillaboom|Rillaboom, M|12\/100\n|-damage|p2a: Rillaboom|0 fnt|[from] Spikes\n|faint|p2a: Rillaboom\n|\n|t:|1700700950\n|switch|p2a: Sneasler|Sneasler, F, shiny|100\/100\n|-damage|p2a: Sneasler|88\/100|[from] Spikes\n|-damage|p2a: Sneasler|82\/100|[from] Stealth Rock\n|turn|27\n|j| jkljlkh\n|-message|Mixlus pi forfeited.\n|\n|win|OkcThunder0\n|raw|OkcThunder0's rating: 1701 &rarr; <strong>1714<\/strong><br \/>(+13 for winning)\n|raw|Mixlus pi's rating: 1577 &rarr; <strong>1564<\/strong><br \/>(-13 for losing)\n|l|\u2606Mixlus pi\n","uploadtime":1700700964,"views":1,"p1id":"okcthunder0","p2id":"mixluspi","formatid":"gen9nationaldex","rating":1564,"private":0,"password":""}