{"id":"gen9nationaldex-1988392551","p1":"lchx","p2":"jzhuc1841","format":"[Gen 9] National Dex","log":"|j|\u2606lchx\n|j|\u2606jzhuc1841\n|t:|1699717824\n|gametype|singles\n|player|p1|lchx|ghetsis|\n|player|p2|jzhuc1841|hilbert-wonderlauncher|\n|teamsize|p1|6\n|teamsize|p2|6\n|gen|9\n|tier|[Gen 9] National Dex\n|rule|HP Percentage Mod: HP is shown in percentages\n|rule|Endless Battle Clause: Forcing endless battles is banned\n|rule|OHKO Clause: OHKO moves are banned\n|rule|Evasion Clause: Evasion abilities, items, and moves are banned\n|rule|Evasion Abilities Clause: Evasion abilities are banned\n|rule|Evasion Items Clause: Evasion items are banned\n|rule|Evasion Moves Clause: Evasion moves are banned\n|rule|Species Clause: Limit one of each Pok\u00e9mon\n|rule|Sleep Clause Mod: Limit one foe put to sleep\n|clearpoke\n|poke|p1|Tapu Lele|\n|poke|p1|Sneasler, F|\n|poke|p1|Alakazam, F|\n|poke|p1|Garchomp, M|\n|poke|p1|Moltres|\n|poke|p1|Chansey, F|\n|poke|p2|Ninetales-Alola, F|\n|poke|p2|Gyarados, M|\n|poke|p2|Torterra, F|\n|poke|p2|Moltres-Galar|\n|poke|p2|Ting-Lu|\n|poke|p2|Dragonite, F|\n|teampreview\n|\n|t:|1699717833\n|start\n|switch|p1a: Moltres|Moltres|100\/100\n|switch|p2a: Ninetales|Ninetales-Alola, F|100\/100\n|-weather|Snow|[from] ability: Snow Warning|[of] p2a: Ninetales\n|turn|1\n|\n|t:|1699717853\n|switch|p2a: Torterra|Torterra, F|100\/100\n|move|p1a: Moltres|Flamethrower|p2a: Torterra\n|-supereffective|p2a: Torterra\n|-damage|p2a: Torterra|16\/100\n|\n|-weather|Snow|[upkeep]\n|upkeep\n|turn|2\n|j| Alexcebe\n|\n|t:|1699717860\n|move|p2a: Torterra|Rock Blast|p1a: Moltres\n|-supereffective|p1a: Moltres\n|-damage|p1a: Moltres|80\/100\n|-supereffective|p1a: Moltres\n|-damage|p1a: Moltres|58\/100\n|-supereffective|p1a: Moltres\n|-damage|p1a: Moltres|37\/100\n|-supereffective|p1a: Moltres\n|-damage|p1a: Moltres|14\/100\n|-hitcount|p1a: Moltres|4\n|move|p1a: Moltres|Flamethrower|p2a: Torterra\n|-supereffective|p2a: Torterra\n|-damage|p2a: Torterra|0 fnt\n|faint|p2a: Torterra\n|\n|-weather|Snow|[upkeep]\n|upkeep\n|\n|t:|1699717880\n|switch|p2a: Ninetales|Ninetales-Alola, F|100\/100\n|turn|3\n|\n|t:|1699717895\n|move|p2a: Ninetales|Blizzard|p1a: Moltres\n|-damage|p1a: Moltres|0 fnt\n|faint|p1a: Moltres\n|\n|-weather|Snow|[upkeep]\n|upkeep\n|\n|t:|1699717899\n|switch|p1a: Tapu Lele|Tapu Lele|100\/100\n|-fieldstart|move: Psychic Terrain|[from] ability: Psychic Surge|[of] p1a: Tapu Lele\n|turn|4\n|j| veasters\n|\n|t:|1699717921\n|move|p2a: Ninetales|Aurora Veil|p2a: Ninetales\n|-sidestart|p2: jzhuc1841|move: Aurora Veil\n|move|p1a: Tapu Lele|Future Sight|p2a: Ninetales\n|-start|p1a: Tapu Lele|move: Future Sight\n|\n|-weather|Snow|[upkeep]\n|upkeep\n|turn|5\n|\n|t:|1699717944\n|switch|p1a: Chansey|Chansey, F|100\/100\n|move|p2a: Ninetales|Encore||[still]\n|-fail|p2a: Ninetales\n|\n|-weather|none\n|upkeep\n|turn|6\n|\n|t:|1699717958\n|switch|p2a: Ting-Lu|Ting-Lu|100\/100\n|-ability|p2a: Ting-Lu|Vessel of Ruin\n|move|p1a: Chansey|Toxic|p2a: Ting-Lu\n|-status|p2a: Ting-Lu|tox\n|\n|-end|p2a: Ting-Lu|move: Future Sight\n|-immune|p2a: Ting-Lu\n|-damage|p2a: Ting-Lu|94\/100 tox|[from] psn\n|upkeep\n|turn|7\n|\n|t:|1699717967\n|move|p2a: Ting-Lu|Stealth Rock|p1a: Chansey\n|-sidestart|p1: lchx|move: Stealth Rock\n|move|p1a: Chansey|Teleport|p1a: Chansey\n|\n|t:|1699717980\n|switch|p1a: Sneasler|Sneasler, F|100\/100|[from] Teleport\n|-damage|p1a: Sneasler|95\/100|[from] Stealth Rock\n|-enditem|p1a: Sneasler|Psychic Seed\n|-boost|p1a: Sneasler|spd|1|[from] item: Psychic Seed\n|\n|-heal|p2a: Ting-Lu|100\/100 tox|[from] item: Leftovers\n|-damage|p2a: Ting-Lu|88\/100 tox|[from] psn\n|upkeep\n|turn|8\n|\n|t:|1699718011\n|move|p1a: Sneasler|Close Combat|p2a: Ting-Lu\n|-supereffective|p2a: Ting-Lu\n|-damage|p2a: Ting-Lu|50\/100 tox\n|-unboost|p1a: Sneasler|def|1\n|-unboost|p1a: Sneasler|spd|1\n|move|p2a: Ting-Lu|Whirlwind|p1a: Sneasler\n|drag|p1a: Alakazam|Alakazam, F|100\/100\n|\n|-heal|p2a: Ting-Lu|56\/100 tox|[from] item: Leftovers\n|-damage|p2a: Ting-Lu|38\/100 tox|[from] psn\n|-fieldend|move: Psychic Terrain\n|upkeep\n|turn|9\n|\n|t:|1699718035\n|move|p1a: Alakazam|Focus Blast|p2a: Ting-Lu|[miss]\n|-miss|p1a: Alakazam|p2a: Ting-Lu\n|move|p2a: Ting-Lu|Whirlwind|p1a: Alakazam\n|drag|p1a: Sneasler|Sneasler, F|95\/100\n|-damage|p1a: Sneasler|89\/100|[from] Stealth Rock\n|\n|-heal|p2a: Ting-Lu|44\/100 tox|[from] item: Leftovers\n|-damage|p2a: Ting-Lu|20\/100 tox|[from] psn\n|upkeep\n|turn|10\n|\n|t:|1699718062\n|move|p1a: Sneasler|Swords Dance|p1a: Sneasler\n|-boost|p1a: Sneasler|atk|2\n|move|p2a: Ting-Lu|Earthquake|p1a: Sneasler\n|-supereffective|p1a: Sneasler\n|-damage|p1a: Sneasler|0 fnt\n|faint|p1a: Sneasler\n|\n|-heal|p2a: Ting-Lu|26\/100 tox|[from] item: Leftovers\n|-damage|p2a: Ting-Lu|0 fnt|[from] psn\n|faint|p2a: Ting-Lu\n|upkeep\n|\n|t:|1699718076\n|switch|p1a: Tapu Lele|Tapu Lele|100\/100\n|switch|p2a: Dragonite|Dragonite, F|100\/100\n|-damage|p1a: Tapu Lele|88\/100|[from] Stealth Rock\n|-fieldstart|move: Psychic Terrain|[from] ability: Psychic Surge|[of] p1a: Tapu Lele\n|turn|11\n|\n|t:|1699718087\n|move|p1a: Tapu Lele|Moonblast|p2a: Dragonite\n|-supereffective|p2a: Dragonite\n|-damage|p2a: Dragonite|64\/100\n|move|p2a: Dragonite|Dragon Dance|p2a: Dragonite\n|-boost|p2a: Dragonite|atk|1\n|-boost|p2a: Dragonite|spe|1\n|\n|-sideend|p2: jzhuc1841|move: Aurora Veil\n|upkeep\n|turn|12\n|\n|t:|1699718094\n|move|p2a: Dragonite|Earthquake|p1a: Tapu Lele\n|-damage|p1a: Tapu Lele|2\/100\n|move|p1a: Tapu Lele|Moonblast|p2a: Dragonite\n|-supereffective|p2a: Dragonite\n|-damage|p2a: Dragonite|0 fnt\n|faint|p2a: Dragonite\n|\n|upkeep\n|\n|t:|1699718101\n|switch|p2a: Ninetales|Ninetales-Alola, F|100\/100\n|-weather|Snow|[from] ability: Snow Warning|[of] p2a: Ninetales\n|turn|13\n|\n|t:|1699718109\n|move|p2a: Ninetales|Aurora Veil|p2a: Ninetales\n|-sidestart|p2: jzhuc1841|move: Aurora Veil\n|move|p1a: Tapu Lele|Moonblast|p2a: Ninetales\n|-damage|p2a: Ninetales|54\/100\n|-unboost|p2a: Ninetales|spa|1\n|\n|-weather|Snow|[upkeep]\n|upkeep\n|turn|14\n|\n|t:|1699718117\n|move|p2a: Ninetales|Blizzard|p1a: Tapu Lele\n|-damage|p1a: Tapu Lele|0 fnt\n|faint|p1a: Tapu Lele\n|\n|-weather|Snow|[upkeep]\n|upkeep\n|\n|t:|1699718122\n|switch|p1a: Chansey|Chansey, F|100\/100\n|-damage|p1a: Chansey|88\/100|[from] Stealth Rock\n|turn|15\n|\n|t:|1699718132\n|move|p2a: Ninetales|Heal Bell||[still]\n|-activate|p2a: Ninetales|move: Heal Bell\n|-fail|p2a: Ninetales\n|move|p1a: Chansey|Toxic|p2a: Ninetales\n|-status|p2a: Ninetales|tox\n|\n|-weather|Snow|[upkeep]\n|-damage|p2a: Ninetales|48\/100 tox|[from] psn\n|-fieldend|move: Psychic Terrain\n|upkeep\n|turn|16\n|\n|t:|1699718146\n|move|p2a: Ninetales|Heal Bell|p2a: Ninetales\n|-activate|p2a: Ninetales|move: Heal Bell\n|-curestatus|p2a: Ninetales|tox|[msg]\n|move|p1a: Chansey|Teleport|p1a: Chansey\n|\n|t:|1699718156\n|switch|p1a: Alakazam|Alakazam, F|100\/100|[from] Teleport\n|\n|-weather|Snow|[upkeep]\n|upkeep\n|turn|17\n|\n|t:|1699718191\n|move|p1a: Alakazam|Nasty Plot|p1a: Alakazam\n|-boost|p1a: Alakazam|spa|2\n|move|p2a: Ninetales|Blizzard|p1a: Alakazam\n|-damage|p1a: Alakazam|69\/100\n|\n|-weather|none\n|upkeep\n|turn|18\n|\n|t:|1699718209\n|move|p1a: Alakazam|Nasty Plot|p1a: Alakazam\n|-boost|p1a: Alakazam|spa|2\n|move|p2a: Ninetales|Encore|p1a: Alakazam\n|-start|p1a: Alakazam|Encore\n|\n|upkeep\n|turn|19\n|j| OuoouoouO\n|\n|t:|1699718230\n|switch|p1a: Chansey|Chansey, F|88\/100\n|-damage|p1a: Chansey|76\/100|[from] Stealth Rock\n|switch|p2a: Gyarados|Gyarados, M|100\/100\n|-ability|p2a: Gyarados|Intimidate|boost\n|-unboost|p1a: Chansey|atk|1\n|\n|upkeep\n|turn|20\n|l| OuoouoouO\n|\n|t:|1699718250\n|move|p2a: Gyarados|Substitute|p2a: Gyarados\n|-start|p2a: Gyarados|Substitute\n|-damage|p2a: Gyarados|75\/100\n|move|p1a: Chansey|Toxic||[still]\n|-fail|p1a: Chansey\n|\n|-sideend|p2: jzhuc1841|move: Aurora Veil\n|upkeep\n|turn|21\n|\n|t:|1699718257\n|move|p2a: Gyarados|Dragon Dance|p2a: Gyarados\n|-boost|p2a: Gyarados|atk|1\n|-boost|p2a: Gyarados|spe|1\n|move|p1a: Chansey|Seismic Toss|p2a: Gyarados\n|-end|p2a: Gyarados|Substitute\n|\n|upkeep\n|turn|22\n|\n|t:|1699718264\n|move|p2a: Gyarados|Substitute|p2a: Gyarados\n|-start|p2a: Gyarados|Substitute\n|-damage|p2a: Gyarados|50\/100\n|move|p1a: Chansey|Seismic Toss|p2a: Gyarados\n|-end|p2a: Gyarados|Substitute\n|\n|upkeep\n|turn|23\n|\n|t:|1699718278\n|detailschange|p2a: Gyarados|Gyarados-Mega, M\n|-mega|p2a: Gyarados|Gyarados|Gyaradosite\n|-ability|p2a: Gyarados|Mold Breaker\n|move|p2a: Gyarados|Waterfall|p1a: Chansey\n|-damage|p1a: Chansey|34\/100\n|move|p1a: Chansey|Seismic Toss|p2a: Gyarados\n|-damage|p2a: Gyarados|20\/100\n|\n|upkeep\n|turn|24\n|\n|t:|1699718296\n|switch|p1a: Alakazam|Alakazam, F|69\/100\n|move|p2a: Gyarados|Waterfall|p1a: Alakazam\n|-crit|p1a: Alakazam\n|-damage|p1a: Alakazam|0 fnt\n|faint|p1a: Alakazam\n|\n|upkeep\n|\n|t:|1699718301\n|switch|p1a: Garchomp|Garchomp, M|100\/100\n|-damage|p1a: Garchomp|94\/100|[from] Stealth Rock\n|turn|25\n|\n|t:|1699718307\n|move|p2a: Gyarados|Waterfall|p1a: Garchomp\n|-damage|p1a: Garchomp|23\/100\n|-damage|p2a: Gyarados|8\/100|[from] ability: Rough Skin|[of] p1a: Garchomp\n|move|p1a: Garchomp|Earthquake|p2a: Gyarados\n|-damage|p2a: Gyarados|0 fnt\n|faint|p2a: Gyarados\n|\n|upkeep\n|\n|t:|1699718317\n|switch|p2a: Moltres|Moltres-Galar|100\/100\n|turn|26\n|\n|t:|1699718324\n|-zpower|p1a: Garchomp\n|move|p1a: Garchomp|Devastating Drake|p2a: Moltres|[zeffect]\n|-damage|p2a: Moltres|26\/100\n|-ability|p2a: Moltres|Berserk|boost\n|-boost|p2a: Moltres|spa|1\n|-enditem|p2a: Moltres|Sitrus Berry|[eat]\n|-heal|p2a: Moltres|51\/100|[from] item: Sitrus Berry\n|move|p2a: Moltres|Nasty Plot|p2a: Moltres\n|-boost|p2a: Moltres|spa|2\n|\n|upkeep\n|turn|27\n|\n|t:|1699718341\n|-terastallize|p2a: Moltres|Steel\n|move|p1a: Garchomp|Outrage|p2a: Moltres\n|-resisted|p2a: Moltres\n|-damage|p2a: Moltres|29\/100\n|-ability|p2a: Moltres|Berserk|boost\n|-boost|p2a: Moltres|spa|1\n|move|p2a: Moltres|Agility|p2a: Moltres\n|-boost|p2a: Moltres|spe|2\n|\n|upkeep\n|turn|28\n|\n|t:|1699718353\n|move|p2a: Moltres|Fiery Wrath|p1a: Garchomp\n|-damage|p1a: Garchomp|0 fnt\n|faint|p1a: Garchomp\n|\n|upkeep\n|\n|t:|1699718356\n|switch|p1a: Chansey|Chansey, F|34\/100\n|-damage|p1a: Chansey|21\/100|[from] Stealth Rock\n|turn|29\n|\n|t:|1699718362\n|move|p2a: Moltres|Fiery Wrath|p1a: Chansey\n|-damage|p1a: Chansey|0 fnt\n|faint|p1a: Chansey\n|\n|win|jzhuc1841\n|l|\u2606lchx\n","uploadtime":1699718370,"views":7,"p1id":"lchx","p2id":"jzhuc1841","formatid":"gen9nationaldex","rating":0,"private":0,"password":""}