{"id":"gen9nationaldex-1987456312","p1":"blhvn","p2":"SansBadTime16","format":"[Gen 9] National Dex","log":"|j|\u2606blhvn\n|j|\u2606SansBadTime16\n|t:|1699594385\n|gametype|singles\n|player|p1|blhvn|169|1236\n|player|p2|SansBadTime16|brycen|1260\n|teamsize|p1|6\n|teamsize|p2|6\n|gen|9\n|tier|[Gen 9] National Dex\n|rated|\n|rule|HP Percentage Mod: HP is shown in percentages\n|rule|Endless Battle Clause: Forcing endless battles is banned\n|rule|OHKO Clause: OHKO moves are banned\n|rule|Evasion Clause: Evasion abilities, items, and moves are banned\n|rule|Evasion Abilities Clause: Evasion abilities are banned\n|rule|Evasion Items Clause: Evasion items are banned\n|rule|Evasion Moves Clause: Evasion moves are banned\n|rule|Species Clause: Limit one of each Pok\u00e9mon\n|rule|Sleep Clause Mod: Limit one foe put to sleep\n|clearpoke\n|poke|p1|Drapion, M|\n|poke|p1|Slowbro, M|\n|poke|p1|Glimmora, F|\n|poke|p1|Garchomp, F|\n|poke|p1|Diancie|\n|poke|p1|Ceruledge, F|\n|poke|p2|Serperior, M|\n|poke|p2|Greninja-*, M|\n|poke|p2|Scizor, M|\n|poke|p2|Skeledirge, F|\n|poke|p2|Cryogonal|\n|poke|p2|Diancie|\n|teampreview\n|\n|t:|1699594404\n|start\n|switch|p1a: Glimmora|Glimmora, F|100\/100\n|switch|p2a: Greninja|Greninja, M|100\/100\n|turn|1\n|\n|t:|1699594408\n|move|p2a: Greninja|Surf|p1a: Glimmora\n|-supereffective|p1a: Glimmora\n|-crit|p1a: Glimmora\n|-enditem|p1a: Glimmora|Focus Sash\n|-damage|p1a: Glimmora|1\/100\n|-damage|p2a: Greninja|91\/100|[from] item: Life Orb\n|move|p1a: Glimmora|Sludge Bomb|p2a: Greninja\n|-damage|p2a: Greninja|22\/100\n|\n|upkeep\n|turn|2\n|\n|t:|1699594414\n|move|p2a: Greninja|Surf|p1a: Glimmora\n|-supereffective|p1a: Glimmora\n|-damage|p1a: Glimmora|0 fnt\n|faint|p1a: Glimmora\n|-ability|p2a: Greninja|Battle Bond|boost\n|-boost|p2a: Greninja|atk|1\n|-boost|p2a: Greninja|spa|1\n|-boost|p2a: Greninja|spe|1\n|-activate|p2a: Greninja|ability: Battle Bond\n|-damage|p2a: Greninja|12\/100|[from] item: Life Orb\n|\n|upkeep\n|\n|t:|1699594416\n|switch|p1a: Ceruledge|Ceruledge, F|100\/100\n|turn|3\n|\n|t:|1699594422\n|move|p1a: Ceruledge|Shadow Sneak|p2a: Greninja\n|-resisted|p2a: Greninja\n|-crit|p2a: Greninja\n|-damage|p2a: Greninja|0 fnt\n|faint|p2a: Greninja\n|\n|upkeep\n|\n|t:|1699594426\n|switch|p2a: Skeledirge|Skeledirge, F|100\/100\n|turn|4\n|\n|t:|1699594442\n|switch|p1a: Slowbro|Slowbro, M|100\/100\n|move|p2a: Skeledirge|Torch Song|p1a: Slowbro\n|-resisted|p1a: Slowbro\n|-damage|p1a: Slowbro|83\/100\n|-boost|p2a: Skeledirge|spa|1\n|\n|upkeep\n|turn|5\n|inactive|Battle timer is ON: inactive players will automatically lose when time's up. (requested by SansBadTime16)\n|\n|t:|1699594447\n|move|p2a: Skeledirge|Shadow Ball|p1a: Slowbro\n|-supereffective|p1a: Slowbro\n|-damage|p1a: Slowbro|0 fnt\n|faint|p1a: Slowbro\n|\n|upkeep\n|\n|t:|1699594453\n|switch|p1a: Diancie|Diancie|100\/100\n|turn|6\n|\n|t:|1699594460\n|detailschange|p1a: Diancie|Diancie-Mega\n|-mega|p1a: Diancie|Diancie|Diancite\n|move|p1a: Diancie|Earth Power|p2a: Skeledirge\n|-supereffective|p2a: Skeledirge\n|-damage|p2a: Skeledirge|30\/100\n|-enditem|p2a: Skeledirge|Sitrus Berry|[eat]\n|-heal|p2a: Skeledirge|55\/100|[from] item: Sitrus Berry\n|move|p2a: Skeledirge|Slack Off|p2a: Skeledirge\n|-heal|p2a: Skeledirge|100\/100\n|\n|upkeep\n|turn|7\n|c|\u2606SansBadTime16|hmm\n|c|\u2606SansBadTime16|should I or not\n|\n|t:|1699594479\n|-terastallize|p2a: Skeledirge|Poison\n|move|p1a: Diancie|Diamond Storm|p2a: Skeledirge\n|-crit|p2a: Skeledirge\n|-damage|p2a: Skeledirge|41\/100\n|move|p2a: Skeledirge|Belch|p1a: Diancie\n|-damage|p1a: Diancie|0 fnt\n|faint|p1a: Diancie\n|\n|upkeep\n|\n|t:|1699594498\n|switch|p1a: Garchomp|Garchomp, F|100\/100\n|turn|8\n|\n|t:|1699594501\n|switch|p2a: Cryogonal|Cryogonal, shiny|100\/100\n|move|p1a: Garchomp|Earthquake|p2a: Cryogonal\n|-immune|p2a: Cryogonal|[from] ability: Levitate\n|\n|upkeep\n|turn|9\n|\n|t:|1699594510\n|switch|p1a: Ceruledge|Ceruledge, F|100\/100\n|switch|p2a: Serperior|Serperior, M|100\/100\n|\n|upkeep\n|turn|10\n|\n|t:|1699594513\n|move|p2a: Serperior|Glare|p1a: Ceruledge\n|-status|p1a: Ceruledge|par\n|move|p1a: Ceruledge|Bitter Blade|p2a: Serperior\n|-supereffective|p2a: Serperior\n|-damage|p2a: Serperior|0 fnt\n|faint|p2a: Serperior\n|\n|upkeep\n|\n|t:|1699594516\n|switch|p2a: Diancie|Diancie|100\/100\n|turn|11\n|\n|t:|1699594520\n|detailschange|p2a: Diancie|Diancie-Mega\n|-mega|p2a: Diancie|Diancie|Diancite\n|move|p2a: Diancie|Diamond Storm|p1a: Ceruledge\n|-supereffective|p1a: Ceruledge\n|-enditem|p1a: Ceruledge|Focus Sash\n|-damage|p1a: Ceruledge|1\/100 par\n|-boost|p2a: Diancie|def|2\n|-ability|p1a: Ceruledge|Weak Armor|boost\n|-unboost|p1a: Ceruledge|def|1\n|-boost|p1a: Ceruledge|spe|2\n|cant|p1a: Ceruledge|par\n|\n|upkeep\n|turn|12\n|-message|blhvn forfeited.\n|\n|win|SansBadTime16\n|raw|blhvn's rating: 1236 &rarr; <strong>1213<\/strong><br \/>(-23 for losing)\n|raw|SansBadTime16's rating: 1260 &rarr; <strong>1283<\/strong><br \/>(+23 for winning)\n|l|\u2606blhvn\n","uploadtime":1699594538,"views":6,"p1id":"blhvn","p2id":"sansbadtime16","formatid":"gen9nationaldex","rating":1213,"private":0,"password":""}