{"id":"gen9nationaldex-1998891483","p1":"YOMSES","p2":"221savage","format":"[Gen 9] National Dex","log":"|html|<div class=\"broadcast-blue\"><strong>[Gen 9] National Dex is currently suspecting Sneasler! For information on how to participate check out the <a href=\"https:\/\/www.smogon.com\/forums\/threads\/sv-national-dex-suspect-8-just-dance.3731534\/\">suspect thread<\/a>.<\/strong><\/div>\n|j|\u203dYOMSES\n|j|\u2606221savage\n|t:|1701009402\n|gametype|singles\n|player|p1|YOMSES|169|1360\n|player|p2|221savage|169|1476\n|teamsize|p1|6\n|teamsize|p2|6\n|gen|9\n|tier|[Gen 9] National Dex\n|rated|\n|rule|HP Percentage Mod: HP is shown in percentages\n|rule|Endless Battle Clause: Forcing endless battles is banned\n|rule|OHKO Clause: OHKO moves are banned\n|rule|Evasion Clause: Evasion abilities, items, and moves are banned\n|rule|Evasion Abilities Clause: Evasion abilities are banned\n|rule|Evasion Items Clause: Evasion items are banned\n|rule|Evasion Moves Clause: Evasion moves are banned\n|rule|Species Clause: Limit one of each Pok\u00e9mon\n|rule|Sleep Clause Mod: Limit one foe put to sleep\n|clearpoke\n|poke|p1|Altaria, F|\n|poke|p1|Landorus-Therian, M|\n|poke|p1|Gyarados, M|\n|poke|p1|Slowking-Galar, F|\n|poke|p1|Cinderace, M|\n|poke|p1|Ferrothorn, M|\n|poke|p2|Blastoise, M|\n|poke|p2|Banette, F|\n|poke|p2|Machamp, M|\n|poke|p2|Darmanitan, F|\n|poke|p2|Tsareena, F|\n|poke|p2|Toxtricity, M|\n|teampreview\n|\n|t:|1701009438\n|start\n|switch|p1a: Landorus|Landorus-Therian, M|100\/100\n|switch|p2a: Blastoise|Blastoise, M|100\/100\n|-ability|p1a: Landorus|Intimidate|boost\n|-unboost|p2a: Blastoise|atk|1\n|turn|1\n|\n|t:|1701009446\n|move|p1a: Landorus|U-turn|p2a: Blastoise\n|-damage|p2a: Blastoise|74\/100\n|\n|t:|1701009452\n|switch|p1a: Slowking|Slowking-Galar, F|100\/100|[from] U-turn\n|move|p2a: Blastoise|Shell Smash|p2a: Blastoise\n|-unboost|p2a: Blastoise|def|1\n|-unboost|p2a: Blastoise|spd|1\n|-boost|p2a: Blastoise|atk|2\n|-boost|p2a: Blastoise|spa|2\n|-boost|p2a: Blastoise|spe|2\n|\n|upkeep\n|turn|2\n|\n|t:|1701009463\n|move|p2a: Blastoise|Hydro Pump|p1a: Slowking\n|-damage|p1a: Slowking|43\/100\n|move|p1a: Slowking|Future Sight|p2a: Blastoise\n|-start|p1a: Slowking|move: Future Sight\n|\n|-heal|p1a: Slowking|49\/100|[from] item: Leftovers\n|upkeep\n|turn|3\n|\n|t:|1701009474\n|-terastallize|p1a: Slowking|Dragon\n|move|p2a: Blastoise|Hydro Pump|p1a: Slowking\n|-resisted|p1a: Slowking\n|-damage|p1a: Slowking|21\/100\n|move|p1a: Slowking|Chilly Reception|p1a: Slowking\n|-weather|Snow\n|\n|t:|1701009497\n|switch|p1a: Ferrothorn|Ferrothorn, M|100\/100|[from] Chilly Reception\n|\n|-weather|Snow|[upkeep]\n|upkeep\n|turn|4\n|\n|t:|1701009504\n|-zpower|p2a: Blastoise\n|move|p2a: Blastoise|All-Out Pummeling|p1a: Ferrothorn|[zeffect]\n|-supereffective|p1a: Ferrothorn\n|-damage|p1a: Ferrothorn|0 fnt\n|faint|p1a: Ferrothorn\n|\n|-weather|Snow|[upkeep]\n|-end|p2a: Blastoise|move: Future Sight\n|-damage|p2a: Blastoise|1\/100\n|upkeep\n|\n|t:|1701009516\n|switch|p1a: Slowking|Slowking-Galar, F, tera:Dragon|55\/100\n|turn|5\n|\n|t:|1701009523\n|move|p2a: Blastoise|Ice Beam|p1a: Slowking\n|-supereffective|p1a: Slowking\n|-damage|p1a: Slowking|0 fnt\n|faint|p1a: Slowking\n|\n|-weather|Snow|[upkeep]\n|upkeep\n|\n|t:|1701009531\n|switch|p1a: Gyarados|Gyarados, M|100\/100\n|turn|6\n|\n|t:|1701009540\n|move|p2a: Blastoise|Hydro Pump|p1a: Gyarados\n|-resisted|p1a: Gyarados\n|-damage|p1a: Gyarados|28\/100\n|move|p1a: Gyarados|Waterfall|p2a: Blastoise\n|-resisted|p2a: Blastoise\n|-damage|p2a: Blastoise|0 fnt\n|faint|p2a: Blastoise\n|-ability|p1a: Gyarados|Moxie|boost\n|-boost|p1a: Gyarados|atk|1\n|\n|-weather|Snow|[upkeep]\n|upkeep\n|\n|t:|1701009558\n|switch|p2a: Darmanitan|Darmanitan, F|100\/100\n|turn|7\n|\n|t:|1701009577\n|switch|p1a: Landorus|Landorus-Therian, M|100\/100\n|-ability|p1a: Landorus|Intimidate|boost\n|-unboost|p2a: Darmanitan|atk|1\n|-terastallize|p2a: Darmanitan|Fire\n|move|p2a: Darmanitan|Flare Blitz|p1a: Landorus\n|-damage|p1a: Landorus|0 fnt\n|faint|p1a: Landorus\n|-damage|p2a: Darmanitan|71\/100|[from] Recoil\n|\n|-weather|none\n|upkeep\n|\n|t:|1701009588\n|switch|p1a: Altaria|Altaria, F, shiny|100\/100\n|-ability|p1a: Altaria|Cloud Nine\n|turn|8\n|\n|t:|1701009601\n|switch|p2a: Toxtricity|Toxtricity, M|100\/100\n|detailschange|p1a: Altaria|Altaria-Mega, F, shiny\n|-mega|p1a: Altaria|Altaria|Altarianite\n|move|p1a: Altaria|Cotton Guard|p1a: Altaria\n|-boost|p1a: Altaria|def|3\n|\n|upkeep\n|turn|9\n|\n|t:|1701009610\n|switch|p1a: Gyarados|Gyarados, M|28\/100\n|move|p2a: Toxtricity|Sludge Wave|p1a: Gyarados\n|-damage|p1a: Gyarados|0 fnt\n|faint|p1a: Gyarados\n|\n|upkeep\n|\n|t:|1701009615\n|switch|p1a: Cinderace|Cinderace, M, shiny|100\/100\n|turn|10\n|\n|t:|1701009619\n|move|p1a: Cinderace|Pyro Ball|p2a: Toxtricity|[miss]\n|-miss|p1a: Cinderace|p2a: Toxtricity\n|move|p2a: Toxtricity|Sludge Wave|p1a: Cinderace\n|-damage|p1a: Cinderace|0 fnt\n|faint|p1a: Cinderace\n|\n|upkeep\n|\n|t:|1701009622\n|switch|p1a: Altaria|Altaria-Mega, F, shiny|100\/100\n|turn|11\n|\n|t:|1701009625\n|move|p1a: Altaria|Hyper Voice|p2a: Toxtricity\n|-resisted|p2a: Toxtricity\n|-damage|p2a: Toxtricity|87\/100\n|move|p2a: Toxtricity|Sludge Wave|p1a: Altaria\n|-supereffective|p1a: Altaria\n|-damage|p1a: Altaria|0 fnt\n|faint|p1a: Altaria\n|\n|win|221savage\n|raw|YOMSES's rating: 1360 &rarr; <strong>1346<\/strong><br \/>(-14 for losing)\n|raw|221savage's rating: 1476 &rarr; <strong>1490<\/strong><br \/>(+14 for winning)\n","uploadtime":1701009635,"views":2,"p1id":"yomses","p2id":"221savage","formatid":"gen9nationaldex","rating":1346,"private":0,"password":""}