{"id":"gen9nationaldex-1988250957","p1":"RegimusTTV","p2":"kdag2g","format":"[Gen 9] National Dex","log":"|j|\u2606RegimusTTV\n|j|\u2606kdag2g\n|t:|1699694606\n|gametype|singles\n|player|p1|RegimusTTV|lucas-gen4pt|1303\n|player|p2|kdag2g|elesa|1426\n|teamsize|p1|6\n|teamsize|p2|6\n|gen|9\n|tier|[Gen 9] National Dex\n|rated|\n|rule|HP Percentage Mod: HP is shown in percentages\n|rule|Endless Battle Clause: Forcing endless battles is banned\n|rule|OHKO Clause: OHKO moves are banned\n|rule|Evasion Clause: Evasion abilities, items, and moves are banned\n|rule|Evasion Abilities Clause: Evasion abilities are banned\n|rule|Evasion Items Clause: Evasion items are banned\n|rule|Evasion Moves Clause: Evasion moves are banned\n|rule|Species Clause: Limit one of each Pok\u00e9mon\n|rule|Sleep Clause Mod: Limit one foe put to sleep\n|clearpoke\n|poke|p1|Charizard, M|\n|poke|p1|Salamence, M|\n|poke|p1|Weavile, F|\n|poke|p1|Tangrowth, F|\n|poke|p1|Gliscor, F|\n|poke|p1|Heatran, F|\n|poke|p2|Banette, F|\n|poke|p2|Rillaboom, F|\n|poke|p2|Corviknight, F|\n|poke|p2|Toxapex, F|\n|poke|p2|Tapu Lele|\n|poke|p2|Garganacl, M|\n|teampreview\n|inactive|Battle timer is ON: inactive players will automatically lose when time's up. (requested by kdag2g)\n|\n|t:|1699694616\n|start\n|switch|p1a: Heatran|Heatran, F|100\/100\n|switch|p2a: Banette|Banette, F, shiny|100\/100\n|turn|1\n|\n|t:|1699694625\n|detailschange|p2a: Banette|Banette-Mega, F, shiny\n|-mega|p2a: Banette|Banette|Banettite\n|move|p2a: Banette|Infestation|p1a: Heatran\n|-resisted|p1a: Heatran\n|-damage|p1a: Heatran|99\/100\n|-activate|p1a: Heatran|move: Infestation|[of] p2a: Banette\n|move|p1a: Heatran|Taunt|p2a: Banette\n|-start|p2a: Banette|move: Taunt\n|\n|-heal|p1a: Heatran|100\/100|[from] item: Leftovers\n|-damage|p1a: Heatran|88\/100|[from] move: Infestation|[partiallytrapped]\n|upkeep\n|turn|2\n|\n|t:|1699694635\n|move|p2a: Banette|Poltergeist|p1a: Heatran\n|-activate|p1a: Heatran|move: Poltergeist|Leftovers\n|-damage|p1a: Heatran|20\/100\n|move|p1a: Heatran|Stealth Rock|p2a: Banette\n|-sidestart|p2: kdag2g|move: Stealth Rock\n|\n|-heal|p1a: Heatran|26\/100|[from] item: Leftovers\n|-damage|p1a: Heatran|14\/100|[from] move: Infestation|[partiallytrapped]\n|upkeep\n|turn|3\n|\n|t:|1699694645\n|move|p2a: Banette|Shadow Sneak|p1a: Heatran\n|-damage|p1a: Heatran|0 fnt\n|faint|p1a: Heatran\n|\n|upkeep\n|\n|t:|1699694649\n|switch|p1a: Weavile|Weavile, F|100\/100\n|-ability|p1a: Weavile|Pressure\n|turn|4\n|\n|t:|1699694656\n|-activate|p2a: Banette|move: Pursuit\n|move|p1a: Weavile|Pursuit|p2a: Banette|[from]Pursuit\n|-supereffective|p2a: Banette\n|-damage|p2a: Banette|0 fnt\n|faint|p2a: Banette\n|-hint|A Pokemon can't switch between when it runs out of HP and when it faints\n|\n|upkeep\n|\n|t:|1699694664\n|switch|p2a: Corviknight|Corviknight, F, shiny|100\/100\n|-damage|p2a: Corviknight|88\/100|[from] Stealth Rock\n|-ability|p2a: Corviknight|Pressure\n|turn|5\n|\n|t:|1699694673\n|switch|p1a: Gliscor|Gliscor, F|100\/100\n|move|p2a: Corviknight|Substitute|p2a: Corviknight\n|-start|p2a: Corviknight|Substitute\n|-damage|p2a: Corviknight|63\/100\n|\n|-heal|p2a: Corviknight|69\/100|[from] item: Leftovers\n|-status|p1a: Gliscor|tox|[from] item: Toxic Orb\n|upkeep\n|turn|6\n|\n|t:|1699694689\n|switch|p1a: Charizard|Charizard, M, shiny|100\/100\n|move|p2a: Corviknight|Bulk Up|p2a: Corviknight\n|-boost|p2a: Corviknight|atk|1\n|-boost|p2a: Corviknight|def|1\n|\n|-heal|p2a: Corviknight|75\/100|[from] item: Leftovers\n|upkeep\n|turn|7\n|\n|t:|1699694712\n|detailschange|p1a: Charizard|Charizard-Mega-Y, M, shiny\n|-mega|p1a: Charizard|Charizard|Charizardite Y\n|-weather|SunnyDay|[from] ability: Drought|[of] p1a: Charizard\n|move|p1a: Charizard|Fire Blast|p2a: Corviknight\n|-supereffective|p2a: Corviknight\n|-end|p2a: Corviknight|Substitute\n|move|p2a: Corviknight|Brave Bird|p1a: Charizard\n|-damage|p1a: Charizard|27\/100\n|-damage|p2a: Corviknight|57\/100|[from] Recoil\n|\n|-weather|SunnyDay|[upkeep]\n|-heal|p2a: Corviknight|63\/100|[from] item: Leftovers\n|upkeep\n|turn|8\n|\n|t:|1699694730\n|-terastallize|p2a: Corviknight|Water\n|move|p1a: Charizard|Roost|p1a: Charizard\n|-heal|p1a: Charizard|77\/100\n|-singleturn|p1a: Charizard|move: Roost\n|move|p2a: Corviknight|Brave Bird|p1a: Charizard\n|-damage|p1a: Charizard|6\/100\n|-damage|p2a: Corviknight|46\/100|[from] Recoil\n|\n|-weather|SunnyDay|[upkeep]\n|-heal|p2a: Corviknight|52\/100|[from] item: Leftovers\n|upkeep\n|turn|9\n|\n|t:|1699694741\n|switch|p2a: Rillaboom|Rillaboom, F, shiny|100\/100\n|-damage|p2a: Rillaboom|88\/100|[from] Stealth Rock\n|-fieldstart|move: Grassy Terrain|[from] ability: Grassy Surge|[of] p2a: Rillaboom\n|move|p1a: Charizard|Solar Beam||[still]\n|-prepare|p1a: Charizard|Solar Beam\n|-anim|p1a: Charizard|Solar Beam|p2a: Rillaboom\n|-resisted|p2a: Rillaboom\n|-damage|p2a: Rillaboom|54\/100\n|\n|-weather|SunnyDay|[upkeep]\n|-heal|p2a: Rillaboom|61\/100|[from] Grassy Terrain\n|upkeep\n|turn|10\n|\n|t:|1699694753\n|move|p2a: Rillaboom|Grassy Glide|p1a: Charizard\n|-resisted|p1a: Charizard\n|-damage|p1a: Charizard|0 fnt\n|faint|p1a: Charizard\n|\n|-weather|SunnyDay|[upkeep]\n|-heal|p2a: Rillaboom|67\/100|[from] Grassy Terrain\n|upkeep\n|\n|t:|1699694756\n|switch|p1a: Salamence|Salamence, M|100\/100\n|turn|11\n|\n|t:|1699694763\n|switch|p2a: Tapu Lele|Tapu Lele, shiny|100\/100\n|-damage|p2a: Tapu Lele|88\/100|[from] Stealth Rock\n|-fieldstart|move: Psychic Terrain|[from] ability: Psychic Surge|[of] p2a: Tapu Lele\n|move|p1a: Salamence|Dragon Dance|p1a: Salamence\n|-boost|p1a: Salamence|atk|1\n|-boost|p1a: Salamence|spe|1\n|\n|-weather|none\n|upkeep\n|turn|12\n|\n|t:|1699694778\n|move|p1a: Salamence|Dual Wingbeat|p2a: Tapu Lele\n|-damage|p2a: Tapu Lele|42\/100\n|-damage|p2a: Tapu Lele|0 fnt\n|faint|p2a: Tapu Lele\n|-ability|p1a: Salamence|Moxie|boost\n|-boost|p1a: Salamence|atk|1\n|-hitcount|p2: Tapu Lele|2\n|\n|upkeep\n|\n|t:|1699694790\n|switch|p2a: Toxapex|Toxapex, F, shiny|100\/100\n|turn|13\n|\n|t:|1699694795\n|move|p1a: Salamence|Earthquake|p2a: Toxapex\n|-supereffective|p2a: Toxapex\n|-damage|p2a: Toxapex|5\/100\n|move|p2a: Toxapex|Scald|p1a: Salamence\n|-resisted|p1a: Salamence\n|-damage|p1a: Salamence|91\/100\n|\n|upkeep\n|turn|14\n|\n|t:|1699694805\n|move|p2a: Toxapex|Baneful Bunker|p2a: Toxapex\n|-singleturn|p2a: Toxapex|move: Protect\n|move|p1a: Salamence|Dual Wingbeat|p2a: Toxapex\n|-activate|p2a: Toxapex|move: Protect\n|-status|p1a: Salamence|psn\n|\n|-damage|p1a: Salamence|78\/100 psn|[from] psn\n|upkeep\n|turn|15\n|\n|t:|1699694817\n|switch|p2a: Garganacl|Garganacl, M|100\/100\n|-damage|p2a: Garganacl|88\/100|[from] Stealth Rock\n|move|p1a: Salamence|Dual Wingbeat|p2a: Garganacl\n|-resisted|p2a: Garganacl\n|-damage|p2a: Garganacl|74\/100\n|-resisted|p2a: Garganacl\n|-damage|p2a: Garganacl|59\/100\n|-hitcount|p2a: Garganacl|2\n|\n|-heal|p2a: Garganacl|65\/100|[from] item: Leftovers\n|-damage|p1a: Salamence|66\/100 psn|[from] psn\n|-fieldend|move: Psychic Terrain\n|upkeep\n|turn|16\n|\n|t:|1699694826\n|switch|p2a: Rillaboom|Rillaboom, F, shiny|67\/100\n|-damage|p2a: Rillaboom|54\/100|[from] Stealth Rock\n|-fieldstart|move: Grassy Terrain|[from] ability: Grassy Surge|[of] p2a: Rillaboom\n|move|p1a: Salamence|Earthquake|p2a: Rillaboom\n|-resisted|p2a: Rillaboom\n|-damage|p2a: Rillaboom|35\/100\n|\n|-heal|p2a: Rillaboom|41\/100|[from] Grassy Terrain\n|-damage|p1a: Salamence|53\/100 psn|[from] psn\n|upkeep\n|turn|17\n|\n|t:|1699694846\n|switch|p2a: Garganacl|Garganacl, M|65\/100\n|-damage|p2a: Garganacl|52\/100|[from] Stealth Rock\n|move|p1a: Salamence|Outrage|p2a: Garganacl\n|-damage|p2a: Garganacl|0 fnt\n|faint|p2a: Garganacl\n|-ability|p1a: Salamence|Moxie|boost\n|-boost|p1a: Salamence|atk|1\n|\n|-damage|p1a: Salamence|41\/100 psn|[from] psn\n|upkeep\n|\n|t:|1699694857\n|switch|p2a: Toxapex|Toxapex, F, shiny|38\/100\n|turn|18\n|\n|t:|1699694860\n|move|p2a: Toxapex|Baneful Bunker|p2a: Toxapex\n|-singleturn|p2a: Toxapex|move: Protect\n|move|p1a: Salamence|Outrage|p2a: Toxapex|[from]lockedmove\n|-activate|p2a: Toxapex|move: Protect\n|-start|p1a: Salamence|confusion|[fatigue]\n|\n|-heal|p2a: Toxapex|44\/100|[from] Grassy Terrain\n|-damage|p1a: Salamence|29\/100 psn|[from] psn\n|upkeep\n|turn|19\n|inactive|kdag2g has 120 seconds left.\n|\n|t:|1699694899\n|switch|p2a: Rillaboom|Rillaboom, F, shiny|41\/100\n|-damage|p2a: Rillaboom|29\/100|[from] Stealth Rock\n|-activate|p1a: Salamence|confusion\n|-damage|p1a: Salamence|0 fnt|[from] confusion\n|faint|p1a: Salamence\n|\n|-heal|p2a: Rillaboom|35\/100|[from] Grassy Terrain\n|upkeep\n|\n|t:|1699694910\n|switch|p1a: Gliscor|Gliscor, F|100\/100 tox\n|turn|20\n|\n|t:|1699694917\n|move|p2a: Rillaboom|Wood Hammer|p1a: Gliscor\n|-crit|p1a: Gliscor\n|-damage|p1a: Gliscor|0 fnt\n|faint|p1a: Gliscor\n|-damage|p2a: Rillaboom|1\/100|[from] Recoil\n|\n|-heal|p2a: Rillaboom|7\/100|[from] Grassy Terrain\n|-fieldend|move: Grassy Terrain\n|upkeep\n|\n|t:|1699694921\n|switch|p1a: Weavile|Weavile, F|100\/100\n|-ability|p1a: Weavile|Pressure\n|turn|21\n|\n|t:|1699694925\n|move|p1a: Weavile|Ice Shard|p2a: Rillaboom\n|-supereffective|p2a: Rillaboom\n|-damage|p2a: Rillaboom|0 fnt\n|faint|p2a: Rillaboom\n|\n|upkeep\n|\n|t:|1699694928\n|switch|p2a: Corviknight|Corviknight, F, shiny, tera:Water|52\/100\n|-damage|p2a: Corviknight|40\/100|[from] Stealth Rock\n|-ability|p2a: Corviknight|Pressure\n|turn|22\n|\n|t:|1699694933\n|switch|p1a: Tangrowth|Tangrowth, F|100\/100\n|move|p2a: Corviknight|Roost|p2a: Corviknight\n|-heal|p2a: Corviknight|90\/100\n|\n|-heal|p2a: Corviknight|96\/100|[from] item: Leftovers\n|upkeep\n|turn|23\n|\n|t:|1699694940\n|move|p2a: Corviknight|Substitute|p2a: Corviknight\n|-start|p2a: Corviknight|Substitute\n|-damage|p2a: Corviknight|71\/100\n|move|p1a: Tangrowth|Giga Drain|p2a: Corviknight\n|-supereffective|p2a: Corviknight\n|-end|p2a: Corviknight|Substitute\n|\n|-heal|p2a: Corviknight|77\/100|[from] item: Leftovers\n|upkeep\n|turn|24\n|\n|t:|1699694945\n|switch|p2a: Toxapex|Toxapex, F, shiny|77\/100\n|move|p1a: Tangrowth|Giga Drain|p2a: Toxapex\n|-damage|p2a: Toxapex|55\/100\n|\n|upkeep\n|turn|25\n|\n|t:|1699694953\n|-terastallize|p1a: Tangrowth|Steel\n|move|p1a: Tangrowth|Earthquake|p2a: Toxapex\n|-supereffective|p2a: Toxapex\n|-damage|p2a: Toxapex|27\/100\n|move|p2a: Toxapex|Recover|p2a: Toxapex\n|-heal|p2a: Toxapex|77\/100\n|\n|upkeep\n|turn|26\n|\n|t:|1699694966\n|move|p1a: Tangrowth|Knock Off|p2a: Toxapex\n|-damage|p2a: Toxapex|64\/100\n|-enditem|p2a: Toxapex|Heavy-Duty Boots|[from] move: Knock Off|[of] p1a: Tangrowth\n|move|p2a: Toxapex|Recover|p2a: Toxapex\n|-heal|p2a: Toxapex|100\/100\n|\n|upkeep\n|turn|27\n|\n|t:|1699694985\n|move|p1a: Tangrowth|Knock Off|p2a: Toxapex\n|-damage|p2a: Toxapex|91\/100\n|move|p2a: Toxapex|Scald|p1a: Tangrowth\n|-crit|p1a: Tangrowth\n|-damage|p1a: Tangrowth|85\/100\n|-status|p1a: Tangrowth|brn\n|\n|-damage|p1a: Tangrowth|79\/100 brn|[from] brn\n|upkeep\n|turn|28\n|\n|t:|1699694996\n|move|p1a: Tangrowth|Giga Drain|p2a: Toxapex\n|-damage|p2a: Toxapex|70\/100\n|-heal|p1a: Tangrowth|87\/100 brn|[from] drain|[of] p2a: Toxapex\n|move|p2a: Toxapex|Scald|p1a: Tangrowth\n|-damage|p1a: Tangrowth|77\/100 brn\n|\n|-damage|p1a: Tangrowth|71\/100 brn|[from] brn\n|upkeep\n|turn|29\n|\n|t:|1699695004\n|move|p2a: Toxapex|Baneful Bunker|p2a: Toxapex\n|-singleturn|p2a: Toxapex|move: Protect\n|move|p1a: Tangrowth|Earthquake|p2a: Toxapex\n|-activate|p2a: Toxapex|move: Protect\n|\n|-damage|p1a: Tangrowth|64\/100 brn|[from] brn\n|upkeep\n|turn|30\n|\n|t:|1699695014\n|move|p1a: Tangrowth|Giga Drain|p2a: Toxapex\n|-damage|p2a: Toxapex|48\/100\n|-heal|p1a: Tangrowth|73\/100 brn|[from] drain|[of] p2a: Toxapex\n|move|p2a: Toxapex|Scald|p1a: Tangrowth\n|-damage|p1a: Tangrowth|62\/100 brn\n|\n|-damage|p1a: Tangrowth|56\/100 brn|[from] brn\n|upkeep\n|turn|31\n|\n|t:|1699695023\n|move|p2a: Toxapex|Baneful Bunker|p2a: Toxapex\n|-singleturn|p2a: Toxapex|move: Protect\n|move|p1a: Tangrowth|Giga Drain|p2a: Toxapex\n|-activate|p2a: Toxapex|move: Protect\n|\n|-damage|p1a: Tangrowth|50\/100 brn|[from] brn\n|upkeep\n|turn|32\n|\n|t:|1699695026\n|move|p1a: Tangrowth|Giga Drain|p2a: Toxapex\n|-damage|p2a: Toxapex|25\/100\n|-heal|p1a: Tangrowth|58\/100 brn|[from] drain|[of] p2a: Toxapex\n|move|p2a: Toxapex|Recover|p2a: Toxapex\n|-heal|p2a: Toxapex|75\/100\n|\n|-damage|p1a: Tangrowth|52\/100 brn|[from] brn\n|upkeep\n|turn|33\n|\n|t:|1699695038\n|switch|p1a: Weavile|Weavile, F|100\/100\n|-ability|p1a: Weavile|Pressure\n|move|p2a: Toxapex|Baneful Bunker||[still]\n|-fail|p2a: Toxapex\n|\n|upkeep\n|turn|34\n|\n|t:|1699695049\n|move|p1a: Weavile|Knock Off|p2a: Toxapex\n|-damage|p2a: Toxapex|47\/100\n|move|p2a: Toxapex|Scald|p1a: Weavile\n|-damage|p1a: Weavile|78\/100\n|\n|upkeep\n|turn|35\n|\n|t:|1699695054\n|move|p1a: Weavile|Knock Off|p2a: Toxapex\n|-damage|p2a: Toxapex|17\/100\n|move|p2a: Toxapex|Recover|p2a: Toxapex\n|-heal|p2a: Toxapex|67\/100\n|\n|upkeep\n|turn|36\n|\n|t:|1699695059\n|move|p1a: Weavile|Knock Off|p2a: Toxapex\n|-damage|p2a: Toxapex|37\/100\n|move|p2a: Toxapex|Recover|p2a: Toxapex\n|-heal|p2a: Toxapex|87\/100\n|\n|upkeep\n|turn|37\n|\n|t:|1699695065\n|move|p1a: Weavile|Knock Off|p2a: Toxapex\n|-damage|p2a: Toxapex|58\/100\n|move|p2a: Toxapex|Scald|p1a: Weavile\n|-damage|p1a: Weavile|54\/100\n|-status|p1a: Weavile|brn\n|\n|-damage|p1a: Weavile|48\/100 brn|[from] brn\n|upkeep\n|turn|38\n|\n|t:|1699695071\n|move|p1a: Weavile|Knock Off|p2a: Toxapex\n|-damage|p2a: Toxapex|43\/100\n|move|p2a: Toxapex|Recover|p2a: Toxapex\n|-heal|p2a: Toxapex|93\/100\n|\n|-damage|p1a: Weavile|42\/100 brn|[from] brn\n|upkeep\n|turn|39\n|\n|t:|1699695076\n|switch|p1a: Tangrowth|Tangrowth, F, tera:Steel|85\/100 brn\n|move|p2a: Toxapex|Baneful Bunker||[still]\n|-fail|p2a: Toxapex\n|\n|-damage|p1a: Tangrowth|79\/100 brn|[from] brn\n|upkeep\n|turn|40\n|\n|t:|1699695082\n|move|p1a: Tangrowth|Earthquake|p2a: Toxapex\n|-supereffective|p2a: Toxapex\n|-damage|p2a: Toxapex|78\/100\n|move|p2a: Toxapex|Scald|p1a: Tangrowth\n|-damage|p1a: Tangrowth|69\/100 brn\n|\n|-damage|p1a: Tangrowth|63\/100 brn|[from] brn\n|upkeep\n|turn|41\n|\n|t:|1699695091\n|move|p1a: Tangrowth|Earthquake|p2a: Toxapex\n|-supereffective|p2a: Toxapex\n|-damage|p2a: Toxapex|64\/100\n|move|p2a: Toxapex|Scald|p1a: Tangrowth\n|-damage|p1a: Tangrowth|53\/100 brn\n|\n|-damage|p1a: Tangrowth|47\/100 brn|[from] brn\n|upkeep\n|turn|42\n|\n|t:|1699695097\n|move|p1a: Tangrowth|Giga Drain|p2a: Toxapex\n|-damage|p2a: Toxapex|41\/100\n|-heal|p1a: Tangrowth|56\/100 brn|[from] drain|[of] p2a: Toxapex\n|move|p2a: Toxapex|Scald|p1a: Tangrowth\n|-damage|p1a: Tangrowth|46\/100 brn\n|\n|-damage|p1a: Tangrowth|40\/100 brn|[from] brn\n|upkeep\n|turn|43\n|\n|t:|1699695101\n|move|p1a: Tangrowth|Giga Drain|p2a: Toxapex\n|-damage|p2a: Toxapex|16\/100\n|-heal|p1a: Tangrowth|50\/100 brn|[from] drain|[of] p2a: Toxapex\n|move|p2a: Toxapex|Recover|p2a: Toxapex\n|-heal|p2a: Toxapex|67\/100\n|\n|-damage|p1a: Tangrowth|43\/100 brn|[from] brn\n|upkeep\n|turn|44\n|\n|t:|1699695106\n|move|p1a: Tangrowth|Giga Drain|p2a: Toxapex\n|-damage|p2a: Toxapex|44\/100\n|-heal|p1a: Tangrowth|52\/100 brn|[from] drain|[of] p2a: Toxapex\n|move|p2a: Toxapex|Recover|p2a: Toxapex\n|-heal|p2a: Toxapex|94\/100\n|\n|-damage|p1a: Tangrowth|46\/100 brn|[from] brn\n|upkeep\n|turn|45\n|\n|t:|1699695112\n|move|p1a: Tangrowth|Giga Drain|p2a: Toxapex\n|-damage|p2a: Toxapex|71\/100\n|-heal|p1a: Tangrowth|54\/100 brn|[from] drain|[of] p2a: Toxapex\n|move|p2a: Toxapex|Scald|p1a: Tangrowth\n|-damage|p1a: Tangrowth|45\/100 brn\n|\n|-damage|p1a: Tangrowth|38\/100 brn|[from] brn\n|upkeep\n|turn|46\n|\n|t:|1699695121\n|move|p2a: Toxapex|Baneful Bunker|p2a: Toxapex\n|-singleturn|p2a: Toxapex|move: Protect\n|move|p1a: Tangrowth|Giga Drain|p2a: Toxapex\n|-activate|p2a: Toxapex|move: Protect\n|\n|-damage|p1a: Tangrowth|32\/100 brn|[from] brn\n|upkeep\n|turn|47\n|\n|t:|1699695127\n|move|p1a: Tangrowth|Giga Drain|p2a: Toxapex\n|-damage|p2a: Toxapex|48\/100\n|-heal|p1a: Tangrowth|41\/100 brn|[from] drain|[of] p2a: Toxapex\n|move|p2a: Toxapex|Scald|p1a: Tangrowth\n|-damage|p1a: Tangrowth|30\/100 brn\n|\n|-damage|p1a: Tangrowth|24\/100 brn|[from] brn\n|upkeep\n|turn|48\n|\n|t:|1699695131\n|move|p2a: Toxapex|Baneful Bunker|p2a: Toxapex\n|-singleturn|p2a: Toxapex|move: Protect\n|move|p1a: Tangrowth|Hidden Power|p2a: Toxapex\n|-activate|p2a: Toxapex|move: Protect\n|\n|-damage|p1a: Tangrowth|18\/100 brn|[from] brn\n|upkeep\n|turn|49\n|\n|t:|1699695136\n|move|p1a: Tangrowth|Giga Drain|p2a: Toxapex\n|-damage|p2a: Toxapex|25\/100\n|-heal|p1a: Tangrowth|26\/100 brn|[from] drain|[of] p2a: Toxapex\n|move|p2a: Toxapex|Scald|p1a: Tangrowth\n|-damage|p1a: Tangrowth|15\/100 brn\n|\n|-damage|p1a: Tangrowth|9\/100 brn|[from] brn\n|upkeep\n|turn|50\n|\n|t:|1699695149\n|move|p1a: Tangrowth|Hidden Power|p2a: Toxapex\n|-resisted|p2a: Toxapex\n|-damage|p2a: Toxapex|18\/100\n|move|p2a: Toxapex|Scald|p1a: Tangrowth\n|-crit|p1a: Tangrowth\n|-damage|p1a: Tangrowth|0 fnt\n|faint|p1a: Tangrowth\n|\n|upkeep\n|\n|t:|1699695153\n|switch|p1a: Weavile|Weavile, F|42\/100 brn\n|-ability|p1a: Weavile|Pressure\n|turn|51\n|\n|t:|1699695158\n|move|p2a: Toxapex|Baneful Bunker|p2a: Toxapex\n|-singleturn|p2a: Toxapex|move: Protect\n|move|p1a: Weavile|Triple Axel|p2a: Toxapex\n|-activate|p2a: Toxapex|move: Protect\n|\n|-damage|p1a: Weavile|36\/100 brn|[from] brn\n|upkeep\n|turn|52\n|\n|t:|1699695163\n|move|p1a: Weavile|Triple Axel|p2a: Toxapex\n|-resisted|p2a: Toxapex\n|-damage|p2a: Toxapex|16\/100\n|-resisted|p2a: Toxapex\n|-damage|p2a: Toxapex|12\/100\n|-resisted|p2a: Toxapex\n|-damage|p2a: Toxapex|4\/100\n|-hitcount|p2a: Toxapex|3\n|move|p2a: Toxapex|Scald|p1a: Weavile\n|-damage|p1a: Weavile|13\/100 brn\n|\n|-damage|p1a: Weavile|7\/100 brn|[from] brn\n|upkeep\n|turn|53\n|\n|t:|1699695173\n|move|p2a: Toxapex|Baneful Bunker|p2a: Toxapex\n|-singleturn|p2a: Toxapex|move: Protect\n|move|p1a: Weavile|Triple Axel|p2a: Toxapex\n|-activate|p2a: Toxapex|move: Protect\n|\n|-damage|p1a: Weavile|1\/100 brn|[from] brn\n|upkeep\n|turn|54\n|\n|t:|1699695177\n|switch|p2a: Corviknight|Corviknight, F, shiny, tera:Water|77\/100\n|-damage|p2a: Corviknight|65\/100|[from] Stealth Rock\n|-ability|p2a: Corviknight|Pressure\n|move|p1a: Weavile|Triple Axel|p2a: Corviknight\n|-resisted|p2a: Corviknight\n|-damage|p2a: Corviknight|62\/100\n|-resisted|p2a: Corviknight\n|-damage|p2a: Corviknight|56\/100\n|-resisted|p2a: Corviknight\n|-damage|p2a: Corviknight|49\/100\n|-hitcount|p2a: Corviknight|3\n|\n|-heal|p2a: Corviknight|55\/100|[from] item: Leftovers\n|-damage|p1a: Weavile|0 fnt|[from] brn\n|faint|p1a: Weavile\n|\n|win|kdag2g\n|upkeep\n|raw|RegimusTTV's rating: 1303 &rarr; <strong>1290<\/strong><br \/>(-13 for losing)\n|raw|kdag2g's rating: 1426 &rarr; <strong>1439<\/strong><br \/>(+13 for winning)\n|l|\u2606RegimusTTV\n","uploadtime":1699695190,"views":4,"p1id":"regimusttv","p2id":"kdag2g","formatid":"gen9nationaldex","rating":1290,"private":0,"password":""}