{"id":"gen9nationaldex-1996737804","p1":"spylent","p2":"ZRMNoise","format":"[Gen 9] National Dex","log":"|html|<div class=\"broadcast-blue\"><strong>[Gen 9] National Dex is currently suspecting Sneasler! For information on how to participate check out the <a href=\"https:\/\/www.smogon.com\/forums\/threads\/sv-national-dex-suspect-8-just-dance.3731534\/\">suspect thread<\/a>.<\/strong><\/div>\n|j|\u2606spylent\n|j|\u2606ZRMNoise\n|t:|1700716884\n|gametype|singles\n|player|p1|spylent|iris-gen5bw2|1550\n|player|p2|ZRMNoise|101|1498\n|teamsize|p1|6\n|teamsize|p2|6\n|gen|9\n|tier|[Gen 9] National Dex\n|rated|\n|rule|HP Percentage Mod: HP is shown in percentages\n|rule|Endless Battle Clause: Forcing endless battles is banned\n|rule|OHKO Clause: OHKO moves are banned\n|rule|Evasion Clause: Evasion abilities, items, and moves are banned\n|rule|Evasion Abilities Clause: Evasion abilities are banned\n|rule|Evasion Items Clause: Evasion items are banned\n|rule|Evasion Moves Clause: Evasion moves are banned\n|rule|Species Clause: Limit one of each Pok\u00e9mon\n|rule|Sleep Clause Mod: Limit one foe put to sleep\n|clearpoke\n|poke|p1|Greninja-*, M|\n|poke|p1|Pelipper, F|\n|poke|p1|Swampert, M|\n|poke|p1|Ferrothorn, F|\n|poke|p1|Moltres|\n|poke|p1|Barraskewda, F|\n|poke|p2|Alomomola, F|\n|poke|p2|Lopunny, M|\n|poke|p2|Garganacl, F|\n|poke|p2|Gliscor, F|\n|poke|p2|Clodsire, F|\n|poke|p2|Volcarona, M|\n|teampreview\n|inactive|Battle timer is ON: inactive players will automatically lose when time's up. (requested by ZRMNoise)\n|\n|t:|1700716899\n|start\n|switch|p1a: Moltres|Moltres|100\/100\n|switch|p2a: Clodsire|Clodsire, F|100\/100\n|turn|1\n|\n|t:|1700716903\n|move|p1a: Moltres|U-turn|p2a: Clodsire\n|-resisted|p2a: Clodsire\n|-damage|p2a: Clodsire|93\/100\n|\n|t:|1700716905\n|switch|p1a: Pelipper|Pelipper, F|100\/100|[from] U-turn\n|-weather|RainDance|[from] ability: Drizzle|[of] p1a: Pelipper\n|move|p2a: Clodsire|Stealth Rock|p1a: Pelipper\n|-sidestart|p1: spylent|move: Stealth Rock\n|\n|-weather|RainDance|[upkeep]\n|upkeep\n|turn|2\n|\n|t:|1700716908\n|move|p1a: Pelipper|Defog|p2a: Clodsire\n|-unboost|p2a: Clodsire|evasion|1\n|-sideend|p1: spylent|Stealth Rock|[from] move: Defog|[of] p1a: Pelipper\n|move|p2a: Clodsire|Toxic|p1a: Pelipper\n|-status|p1a: Pelipper|tox\n|\n|-weather|RainDance|[upkeep]\n|-damage|p1a: Pelipper|94\/100 tox|[from] psn\n|upkeep\n|turn|3\n|\n|t:|1700716911\n|move|p1a: Pelipper|U-turn|p2a: Clodsire\n|-resisted|p2a: Clodsire\n|-damage|p2a: Clodsire|88\/100\n|\n|t:|1700716916\n|switch|p1a: Swampert|Swampert, M|100\/100|[from] U-turn\n|move|p2a: Clodsire|Stealth Rock|p1a: Swampert\n|-sidestart|p1: spylent|move: Stealth Rock\n|\n|-weather|RainDance|[upkeep]\n|upkeep\n|turn|4\n|\n|t:|1700716922\n|switch|p2a: Alomomola|Alomomola, F|100\/100\n|detailschange|p1a: Swampert|Swampert-Mega, M\n|-mega|p1a: Swampert|Swampert|Swampertite\n|move|p1a: Swampert|Waterfall|p2a: Alomomola\n|-resisted|p2a: Alomomola\n|-damage|p2a: Alomomola|77\/100\n|\n|-weather|RainDance|[upkeep]\n|upkeep\n|turn|5\n|\n|t:|1700716928\n|switch|p1a: Ferrothorn|Ferrothorn, F|100\/100\n|-damage|p1a: Ferrothorn|94\/100|[from] Stealth Rock\n|move|p2a: Alomomola|Toxic|p1a: Ferrothorn\n|-immune|p1a: Ferrothorn\n|\n|-weather|RainDance|[upkeep]\n|-heal|p1a: Ferrothorn|100\/100|[from] item: Leftovers\n|upkeep\n|turn|6\n|\n|t:|1700716932\n|move|p2a: Alomomola|Wish|p2a: Alomomola\n|move|p1a: Ferrothorn|Stealth Rock|p2a: Alomomola\n|-sidestart|p2: ZRMNoise|move: Stealth Rock\n|\n|-weather|RainDance|[upkeep]\n|upkeep\n|turn|7\n|\n|t:|1700716935\n|move|p2a: Alomomola|Flip Turn|p1a: Ferrothorn\n|-resisted|p1a: Ferrothorn\n|-damage|p1a: Ferrothorn|94\/100\n|-damage|p2a: Alomomola|64\/100|[from] ability: Iron Barbs|[of] p1a: Ferrothorn\n|\n|t:|1700716938\n|switch|p2a: Gliscor|Gliscor, F|100\/100|[from] Flip Turn\n|-damage|p2a: Gliscor|88\/100|[from] Stealth Rock\n|move|p1a: Ferrothorn|Leech Seed|p2a: Gliscor\n|-start|p2a: Gliscor|move: Leech Seed\n|\n|-weather|RainDance|[upkeep]\n|-heal|p2a: Gliscor|100\/100|[from] move: Wish|[wisher] Alomomola\n|-heal|p1a: Ferrothorn|99\/100|[from] item: Leftovers\n|-damage|p2a: Gliscor|88\/100|[from] Leech Seed|[of] p1a: Ferrothorn\n|-heal|p1a: Ferrothorn|100\/100|[silent]\n|-status|p2a: Gliscor|tox|[from] item: Toxic Orb\n|upkeep\n|turn|8\n|\n|t:|1700716957\n|switch|p1a: Moltres|Moltres|100\/100\n|move|p2a: Gliscor|Spikes|p1a: Moltres\n|-sidestart|p1: spylent|Spikes\n|\n|-weather|none\n|-damage|p2a: Gliscor|75\/100 tox|[from] Leech Seed|[of] p1a: Moltres\n|-heal|p2a: Gliscor|88\/100 tox|[from] ability: Poison Heal\n|upkeep\n|turn|9\n|\n|t:|1700716961\n|move|p2a: Gliscor|Toxic|p1a: Moltres\n|-status|p1a: Moltres|tox\n|move|p1a: Moltres|Roost||[still]\n|-fail|p1a: Moltres|heal\n|\n|-damage|p2a: Gliscor|75\/100 tox|[from] Leech Seed|[of] p1a: Moltres\n|-heal|p2a: Gliscor|88\/100 tox|[from] ability: Poison Heal\n|-damage|p1a: Moltres|94\/100 tox|[from] psn\n|upkeep\n|turn|10\n|\n|t:|1700716966\n|move|p2a: Gliscor|Spikes|p1a: Moltres\n|-sidestart|p1: spylent|Spikes\n|move|p1a: Moltres|Defog|p2a: Gliscor\n|-unboost|p2a: Gliscor|evasion|1\n|-sideend|p2: ZRMNoise|Stealth Rock|[from] move: Defog|[of] p1a: Moltres\n|-sideend|p1: spylent|Spikes|[from] move: Defog|[of] p1a: Moltres\n|-sideend|p1: spylent|Stealth Rock|[from] move: Defog|[of] p1a: Moltres\n|\n|-damage|p2a: Gliscor|75\/100 tox|[from] Leech Seed|[of] p1a: Moltres\n|-heal|p1a: Moltres|100\/100 tox|[silent]\n|-heal|p2a: Gliscor|88\/100 tox|[from] ability: Poison Heal\n|-damage|p1a: Moltres|88\/100 tox|[from] psn\n|upkeep\n|turn|11\n|\n|t:|1700716969\n|move|p2a: Gliscor|Spikes|p1a: Moltres\n|-sidestart|p1: spylent|Spikes\n|move|p1a: Moltres|U-turn|p2a: Gliscor\n|-resisted|p2a: Gliscor\n|-damage|p2a: Gliscor|84\/100 tox\n|\n|t:|1700716973\n|switch|p1a: Barraskewda|Barraskewda, F|100\/100|[from] U-turn\n|-damage|p1a: Barraskewda|88\/100|[from] Spikes\n|\n|-damage|p2a: Gliscor|72\/100 tox|[from] Leech Seed|[of] p1a: Barraskewda\n|-heal|p1a: Barraskewda|100\/100|[silent]\n|-heal|p2a: Gliscor|84\/100 tox|[from] ability: Poison Heal\n|upkeep\n|turn|12\n|\n|t:|1700716984\n|switch|p2a: Clodsire|Clodsire, F|88\/100\n|move|p1a: Barraskewda|Flip Turn|p2a: Clodsire\n|-heal|p2a: Clodsire|100\/100|[from] ability: Water Absorb|[of] p1a: Barraskewda\n|\n|upkeep\n|turn|13\n|\n|t:|1700716989\n|switch|p1a: Ferrothorn|Ferrothorn, F|100\/100\n|-damage|p1a: Ferrothorn|88\/100|[from] Spikes\n|switch|p2a: Alomomola|Alomomola, F|98\/100\n|\n|-heal|p1a: Ferrothorn|94\/100|[from] item: Leftovers\n|upkeep\n|turn|14\n|\n|t:|1700716993\n|move|p2a: Alomomola|Flip Turn|p1a: Ferrothorn\n|-resisted|p1a: Ferrothorn\n|-damage|p1a: Ferrothorn|89\/100\n|-damage|p2a: Alomomola|85\/100|[from] ability: Iron Barbs|[of] p1a: Ferrothorn\n|\n|t:|1700716995\n|switch|p2a: Garganacl|Garganacl, F|100\/100|[from] Flip Turn\n|move|p1a: Ferrothorn|Stealth Rock|p2a: Garganacl\n|-sidestart|p2: ZRMNoise|move: Stealth Rock\n|\n|-heal|p1a: Ferrothorn|95\/100|[from] item: Leftovers\n|upkeep\n|turn|15\n|\n|t:|1700717001\n|switch|p1a: Pelipper|Pelipper, F|94\/100 tox\n|-weather|RainDance|[from] ability: Drizzle|[of] p1a: Pelipper\n|move|p2a: Garganacl|Salt Cure|p1a: Pelipper\n|-supereffective|p1a: Pelipper\n|-damage|p1a: Pelipper|72\/100 tox\n|-start|p1a: Pelipper|Salt Cure\n|\n|-weather|RainDance|[upkeep]\n|-damage|p1a: Pelipper|66\/100 tox|[from] psn\n|-damage|p1a: Pelipper|41\/100 tox|[from] Salt Cure\n|upkeep\n|turn|16\n|\n|t:|1700717006\n|switch|p2a: Clodsire|Clodsire, F|100\/100\n|move|p1a: Pelipper|U-turn|p2a: Clodsire\n|-resisted|p2a: Clodsire\n|-damage|p2a: Clodsire|96\/100\n|\n|t:|1700717012\n|switch|p1a: Swampert|Swampert-Mega, M|100\/100|[from] U-turn\n|-damage|p1a: Swampert|88\/100|[from] Spikes\n|\n|-weather|RainDance|[upkeep]\n|upkeep\n|turn|17\n|\n|t:|1700717014\n|switch|p2a: Alomomola|Alomomola, F|100\/100\n|move|p1a: Swampert|Earthquake|p2a: Alomomola\n|-damage|p2a: Alomomola|65\/100\n|\n|-weather|RainDance|[upkeep]\n|upkeep\n|turn|18\n|-message|spylent forfeited.\n|\n|win|ZRMNoise\n|raw|spylent's rating: 1550 &rarr; <strong>1527<\/strong><br \/>(-23 for losing)\n|raw|ZRMNoise's rating: 1498 &rarr; <strong>1521<\/strong><br \/>(+23 for winning)\n|l|\u2606spylent\n","uploadtime":1700717028,"views":1,"p1id":"spylent","p2id":"zrmnoise","formatid":"gen9nationaldex","rating":1521,"private":0,"password":""}