{"id":"gen9nationaldex-1993242339","p1":"sheeps are u","p2":"khoi_3210","format":"[Gen 9] National Dex","log":"|j|\u2606sheeps are u\n|j|\u2606khoi_3210\n|t:|1700283025\n|gametype|singles\n|player|p1|sheeps are u|265|1200\n|player|p2|khoi_3210|clerkf|1302\n|teamsize|p1|6\n|teamsize|p2|6\n|gen|9\n|tier|[Gen 9] National Dex\n|rated|\n|rule|HP Percentage Mod: HP is shown in percentages\n|rule|Endless Battle Clause: Forcing endless battles is banned\n|rule|OHKO Clause: OHKO moves are banned\n|rule|Evasion Clause: Evasion abilities, items, and moves are banned\n|rule|Evasion Abilities Clause: Evasion abilities are banned\n|rule|Evasion Items Clause: Evasion items are banned\n|rule|Evasion Moves Clause: Evasion moves are banned\n|rule|Species Clause: Limit one of each Pok\u00e9mon\n|rule|Sleep Clause Mod: Limit one foe put to sleep\n|clearpoke\n|poke|p1|Tyranitar, M|\n|poke|p1|Silvally-*|\n|poke|p1|Sylveon, F|\n|poke|p1|Iron Leaves|\n|poke|p1|Salamence, M|\n|poke|p1|Arcanine, F|\n|poke|p2|Gallade, M|\n|poke|p2|Ninetales-Alola, F|\n|poke|p2|Cinderace, F|\n|poke|p2|Zapdos|\n|poke|p2|Greninja-*, M|\n|poke|p2|Zoroark-Hisui, M|\n|teampreview\n|inactive|Battle timer is ON: inactive players will automatically lose when time's up. (requested by khoi_3210)\n|\n|t:|1700283044\n|start\n|switch|p1a: red bull gives you|Salamence, M|100\/100\n|switch|p2a: Greninja|Greninja, M|100\/100\n|turn|1\n|\n|t:|1700283053\n|move|p2a: Greninja|Blizzard|p1a: red bull gives you\n|-supereffective|p1a: red bull gives you\n|-damage|p1a: red bull gives you|0 fnt\n|faint|p1a: red bull gives you\n|-ability|p2a: Greninja|Battle Bond|boost\n|-boost|p2a: Greninja|atk|1\n|-boost|p2a: Greninja|spa|1\n|-boost|p2a: Greninja|spe|1\n|-activate|p2a: Greninja|ability: Battle Bond\n|-damage|p2a: Greninja|91\/100|[from] item: Life Orb\n|\n|upkeep\n|\n|t:|1700283060\n|switch|p1a: bug is scary|Iron Leaves|100\/100\n|turn|2\n|\n|t:|1700283076\n|-terastallize|p1a: bug is scary|Fire\n|move|p2a: Greninja|Dark Pulse|p1a: bug is scary\n|-damage|p1a: bug is scary|37\/100\n|-damage|p2a: Greninja|81\/100|[from] item: Life Orb\n|move|p1a: bug is scary|Leaf Blade|p2a: Greninja\n|-supereffective|p2a: Greninja\n|-damage|p2a: Greninja|0 fnt\n|faint|p2a: Greninja\n|\n|upkeep\n|\n|t:|1700283090\n|switch|p2a: Ace|Gallade, M|100\/100\n|turn|3\n|\n|t:|1700283094\n|detailschange|p2a: Ace|Gallade-Mega, M\n|-mega|p2a: Ace|Gallade|Galladite\n|move|p1a: bug is scary|Leaf Blade|p2a: Ace\n|-damage|p2a: Ace|33\/100\n|move|p2a: Ace|Sacred Sword|p1a: bug is scary\n|-damage|p1a: bug is scary|0 fnt\n|faint|p1a: bug is scary\n|-end|p1a: bug is scary|Quark Drive|[silent]\n|\n|upkeep\n|\n|t:|1700283110\n|switch|p1a: perish mortal|Sylveon, F|100\/100\n|turn|4\n|\n|t:|1700283116\n|switch|p2a: Cinderace|Cinderace, F|100\/100\n|move|p1a: perish mortal|Hyper Voice|p2a: Cinderace\n|-resisted|p2a: Cinderace\n|-damage|p2a: Cinderace|56\/100\n|\n|upkeep\n|turn|5\n|\n|t:|1700283123\n|move|p2a: Cinderace|Pyro Ball|p1a: perish mortal\n|-damage|p1a: perish mortal|30\/100\n|move|p1a: perish mortal|Hyper Beam|p2a: Cinderace\n|-resisted|p2a: Cinderace\n|-damage|p2a: Cinderace|0 fnt\n|-mustrecharge|p1a: perish mortal\n|faint|p2a: Cinderace\n|\n|upkeep\n|\n|t:|1700283130\n|switch|p2a: Ninetales|Ninetales-Alola, F|100\/100\n|-weather|Snow|[from] ability: Snow Warning|[of] p2a: Ninetales\n|turn|6\n|\n|t:|1700283137\n|move|p2a: Ninetales|Aurora Veil|p2a: Ninetales\n|-sidestart|p2: khoi_3210|move: Aurora Veil\n|cant|p1a: perish mortal|recharge\n|\n|-weather|Snow|[upkeep]\n|upkeep\n|turn|7\n|\n|t:|1700283142\n|move|p2a: Ninetales|Blizzard|p1a: perish mortal\n|-damage|p1a: perish mortal|8\/100\n|move|p1a: perish mortal|Hyper Beam|p2a: Ninetales|[miss]\n|-miss|p1a: perish mortal|p2a: Ninetales\n|\n|-weather|Snow|[upkeep]\n|upkeep\n|turn|8\n|c|\u2606sheeps are u|aaw\n|c|\u2606sheeps are u|how sad\n|c|\u2606khoi_3210|Dang\n|\n|t:|1700283156\n|switch|p1a: why am i here|Silvally-Water|100\/100\n|move|p2a: Ninetales|Blizzard|p1a: why am i here\n|-resisted|p1a: why am i here\n|-damage|p1a: why am i here|82\/100\n|\n|-weather|Snow|[upkeep]\n|upkeep\n|turn|9\n|c|\u2606sheeps are u|hmm\n|c|\u2606sheeps are u|should hyperbeam have 100% or stay 90\n|c|\u2606sheeps are u|your opoion\n|\n|t:|1700283183\n|move|p2a: Ninetales|Hypnosis|p1a: why am i here\n|-status|p1a: why am i here|slp|[from] move: Hypnosis\n|cant|p1a: why am i here|slp\n|\n|-weather|Snow|[upkeep]\n|upkeep\n|turn|10\n|\n|t:|1700283188\n|switch|p2a: Ace|Gallade-Mega, M|33\/100\n|cant|p1a: why am i here|slp\n|\n|-weather|none\n|upkeep\n|turn|11\n|\n|t:|1700283193\n|move|p2a: Ace|Swords Dance|p2a: Ace\n|-boost|p2a: Ace|atk|2\n|-curestatus|p1a: why am i here|slp|[msg]\n|move|p1a: why am i here|Multi-Attack|p2a: Ace\n|-damage|p2a: Ace|0 fnt\n|faint|p2a: Ace\n|\n|upkeep\n|c|\u2606khoi_3210|100% fr\n|c|\u2606sheeps are u|amen\n|\n|t:|1700283214\n|switch|p2a: Shiny?|Zapdos, shiny|100\/100\n|turn|12\n|\n|t:|1700283221\n|move|p2a: Shiny?|Nasty Plot|p2a: Shiny?\n|-boost|p2a: Shiny?|spa|2\n|move|p1a: why am i here|Psychic Fangs|p2a: Shiny?\n|-sideend|p2: khoi_3210|move: Aurora Veil\n|-damage|p2a: Shiny?|53\/100\n|replace|p2a: Zoroark|Zoroark-Hisui, M\n|-end|p2a: Zoroark|Illusion\n|\n|upkeep\n|turn|13\n|\n|t:|1700283226\n|move|p2a: Zoroark|Hyper Voice|p1a: why am i here\n|-damage|p1a: why am i here|0 fnt\n|faint|p1a: why am i here\n|\n|upkeep\n|\n|t:|1700283236\n|switch|p1a: coke can|Tyranitar, M|100\/100\n|-weather|Sandstorm|[from] ability: Sand Stream|[of] p1a: coke can\n|turn|14\n|\n|t:|1700283243\n|detailschange|p1a: coke can|Tyranitar-Mega, M\n|-mega|p1a: coke can|Tyranitar|Tyranitarite\n|-terastallize|p2a: Zoroark|Normal\n|move|p2a: Zoroark|Hyper Voice|p1a: coke can\n|-resisted|p1a: coke can\n|-damage|p1a: coke can|69\/100\n|move|p1a: coke can|Stone Edge|p2a: Zoroark|[miss]\n|-miss|p1a: coke can|p2a: Zoroark\n|\n|-weather|Sandstorm|[upkeep]\n|-damage|p2a: Zoroark|47\/100|[from] Sandstorm\n|upkeep\n|turn|15\n|\n|t:|1700283257\n|move|p2a: Zoroark|Hyper Voice|p1a: coke can\n|-resisted|p1a: coke can\n|-damage|p1a: coke can|41\/100\n|move|p1a: coke can|Stone Edge|p2a: Zoroark\n|-damage|p2a: Zoroark|0 fnt\n|faint|p2a: Zoroark\n|\n|-weather|Sandstorm|[upkeep]\n|upkeep\n|\n|t:|1700283259\n|switch|p2a: Ninetales|Ninetales-Alola, F|100\/100\n|-weather|Snow|[from] ability: Snow Warning|[of] p2a: Ninetales\n|turn|16\n|\n|t:|1700283261\n|move|p2a: Ninetales|Aurora Veil|p2a: Ninetales\n|-sidestart|p2: khoi_3210|move: Aurora Veil\n|move|p1a: coke can|Stone Edge|p2a: Ninetales\n|-supereffective|p2a: Ninetales\n|-crit|p2a: Ninetales\n|-damage|p2a: Ninetales|0 fnt\n|faint|p2a: Ninetales\n|\n|-weather|Snow|[upkeep]\n|upkeep\n|\n|t:|1700283263\n|switch|p2a: Shiny?|Zapdos, shiny|100\/100\n|turn|17\n|\n|t:|1700283266\n|-zpower|p2a: Shiny?\n|move|p2a: Shiny?|Supersonic Skystrike|p1a: coke can|[zeffect]\n|-resisted|p1a: coke can\n|-damage|p1a: coke can|1\/100\n|move|p1a: coke can|Stone Edge|p2a: Shiny?\n|-supereffective|p2a: Shiny?\n|-damage|p2a: Shiny?|21\/100\n|\n|-weather|Snow|[upkeep]\n|upkeep\n|turn|18\n|\n|t:|1700283275\n|move|p2a: Shiny?|Discharge|p1a: coke can\n|-damage|p1a: coke can|0 fnt\n|faint|p1a: coke can\n|\n|-weather|Snow|[upkeep]\n|upkeep\n|\n|t:|1700283277\n|switch|p1a: Arcanine|Arcanine, F|100\/100\n|turn|19\n|\n|t:|1700283279\n|move|p1a: Arcanine|Burn Up|p2a: Shiny?\n|-damage|p2a: Shiny?|0 fnt\n|-start|p1a: Arcanine|typechange|???|[from] move: Burn Up\n|faint|p2a: Shiny?\n|\n|win|sheeps are u\n|raw|sheeps are u's rating: 1200 &rarr; <strong>1232<\/strong><br \/>(+32 for winning)\n|raw|khoi_3210's rating: 1302 &rarr; <strong>1276<\/strong><br \/>(-26 for losing)\n|c|\u2606sheeps are u|gg\n|c|\u2606khoi_3210|Dang gg\n|l|\u2606khoi_3210\n|l|\u2606sheeps are u\n|j|\u2606sheeps are u\n|player|p1|sheeps are u|265\n","uploadtime":1700283520,"views":7,"p1id":"sheepsareu","p2id":"khoi3210","formatid":"gen9nationaldex","rating":1232,"private":0,"password":""}