{"id":"gen9nationaldex-1988194330","p1":"Vedasa","p2":"xiaoheizi114514","format":"[Gen 9] National Dex","log":"|j|\u2606Vedasa\n|j|\u2606xiaoheizi114514\n|inactive|Battle timer is ON: inactive players will automatically lose when time's up.\n|t:|1699682911\n|gametype|singles\n|player|p1|Vedasa|blue|\n|player|p2|xiaoheizi114514|cyclist|\n|teamsize|p1|6\n|teamsize|p2|6\n|gen|9\n|tier|[Gen 9] National Dex\n|rated|Tournament battle\n|rule|HP Percentage Mod: HP is shown in percentages\n|rule|Endless Battle Clause: Forcing endless battles is banned\n|rule|OHKO Clause: OHKO moves are banned\n|rule|Evasion Clause: Evasion abilities, items, and moves are banned\n|rule|Evasion Abilities Clause: Evasion abilities are banned\n|rule|Evasion Items Clause: Evasion items are banned\n|rule|Evasion Moves Clause: Evasion moves are banned\n|rule|Species Clause: Limit one of each Pok\u00e9mon\n|rule|Sleep Clause Mod: Limit one foe put to sleep\n|clearpoke\n|poke|p1|Aerodactyl, M|\n|poke|p1|Machamp, M|\n|poke|p1|Alakazam, M|\n|poke|p1|Exeggutor, M|\n|poke|p1|Arcanine, M|\n|poke|p1|Gyarados, M|\n|poke|p2|Alomomola, F|\n|poke|p2|Slowking-Galar, M|\n|poke|p2|Ting-Lu|\n|poke|p2|Ursaluna, M|\n|poke|p2|Tapu Koko|\n|poke|p2|Scizor, F|\n|teampreview\n|j| thebestever543\n|j| geodude11\n|c| thebestever543|Machaaaaaamp\n|j| jasonpokemon123\n|\n|t:|1699682927\n|start\n|switch|p1a: Aerodactyl|Aerodactyl, M|100\/100\n|switch|p2a: Tapu Koko|Tapu Koko|100\/100\n|-ability|p1a: Aerodactyl|Unnerve\n|-fieldstart|move: Electric Terrain|[from] ability: Electric Surge|[of] p2a: Tapu Koko\n|turn|1\n|c|\u2606Vedasa|glhf\n|\n|t:|1699682937\n|switch|p2a: Alomomola|Alomomola, F|100\/100\n|-zpower|p1a: Aerodactyl\n|move|p1a: Aerodactyl|Continental Crush|p2a: Alomomola|[zeffect]\n|-damage|p2a: Alomomola|60\/100\n|\n|upkeep\n|turn|2\n|c|\u2606xiaoheizi114514|glhf\n|\n|t:|1699682946\n|switch|p1a: Exeggutor|Exeggutor, M|100\/100\n|move|p2a: Alomomola|Flip Turn|p1a: Exeggutor\n|-resisted|p1a: Exeggutor\n|-damage|p1a: Exeggutor|95\/100\n|\n|t:|1699682949\n|switch|p2a: Tapu Koko|Tapu Koko|100\/100|[from] Flip Turn\n|\n|upkeep\n|turn|3\n|\n|t:|1699682955\n|move|p2a: Tapu Koko|U-turn|p1a: Exeggutor\n|-supereffective|p1a: Exeggutor\n|-damage|p1a: Exeggutor|33\/100\n|-damage|p2a: Tapu Koko|91\/100|[from] item: Life Orb\n|\n|t:|1699682959\n|switch|p2a: Scizor|Scizor, F|100\/100|[from] U-turn\n|move|p1a: Exeggutor|Calm Mind|p1a: Exeggutor\n|-boost|p1a: Exeggutor|spa|1\n|-boost|p1a: Exeggutor|spd|1\n|\n|upkeep\n|turn|4\n|\n|t:|1699682961\n|switch|p1a: Arcanine|Arcanine, M|100\/100\n|-ability|p1a: Arcanine|Intimidate|boost\n|-unboost|p2a: Scizor|atk|1\n|detailschange|p2a: Scizor|Scizor-Mega, F\n|-mega|p2a: Scizor|Scizor|Scizorite\n|move|p2a: Scizor|U-turn|p1a: Arcanine\n|-resisted|p1a: Arcanine\n|-damage|p1a: Arcanine|85\/100\n|\n|t:|1699682965\n|switch|p2a: Ursaluna|Ursaluna, M|100\/100|[from] U-turn\n|\n|-status|p2a: Ursaluna|brn|[from] item: Flame Orb\n|upkeep\n|turn|5\n|\n|t:|1699682972\n|-terastallize|p1a: Arcanine|Fire\n|move|p1a: Arcanine|Burn Up|p2a: Ursaluna\n|-damage|p2a: Ursaluna|0 fnt\n|-start|p1a: Arcanine|typechange|Fire|[from] move: Burn Up\n|faint|p2a: Ursaluna\n|\n|-fieldend|move: Electric Terrain\n|upkeep\n|\n|t:|1699682978\n|switch|p2a: Tapu Koko|Tapu Koko|91\/100\n|-fieldstart|move: Electric Terrain|[from] ability: Electric Surge|[of] p2a: Tapu Koko\n|turn|6\n|\n|t:|1699682982\n|switch|p1a: Exeggutor|Exeggutor, M|33\/100\n|-terastallize|p2a: Tapu Koko|Electric\n|move|p2a: Tapu Koko|Thunderbolt|p1a: Exeggutor\n|-resisted|p1a: Exeggutor\n|-damage|p1a: Exeggutor|0 fnt\n|faint|p1a: Exeggutor\n|-damage|p2a: Tapu Koko|81\/100|[from] item: Life Orb\n|\n|upkeep\n|\n|t:|1699682989\n|switch|p1a: Alakazam|Alakazam, M|100\/100\n|turn|7\n|\n|t:|1699682994\n|move|p2a: Tapu Koko|Volt Switch|p1a: Alakazam\n|-enditem|p1a: Alakazam|Focus Sash\n|-damage|p1a: Alakazam|1\/100\n|-damage|p2a: Tapu Koko|71\/100|[from] item: Life Orb\n|\n|t:|1699682997\n|switch|p2a: Scizor|Scizor-Mega, F|100\/100|[from] Volt Switch\n|move|p1a: Alakazam|Focus Blast|p2a: Scizor\n|-damage|p2a: Scizor|58\/100\n|\n|upkeep\n|turn|8\n|\n|t:|1699683007\n|switch|p1a: Arcanine|Arcanine, M, tera:Fire|85\/100\n|-ability|p1a: Arcanine|Intimidate|boost\n|-unboost|p2a: Scizor|atk|1\n|move|p2a: Scizor|Bullet Punch|p1a: Arcanine\n|-resisted|p1a: Arcanine\n|-damage|p1a: Arcanine|74\/100\n|\n|upkeep\n|turn|9\n|\n|t:|1699683013\n|switch|p2a: Alomomola|Alomomola, F|94\/100\n|move|p1a: Arcanine|Burn Up|p2a: Alomomola\n|-resisted|p2a: Alomomola\n|-crit|p2a: Alomomola\n|-damage|p2a: Alomomola|0 fnt\n|-start|p1a: Arcanine|typechange|Fire|[from] move: Burn Up\n|faint|p2a: Alomomola\n|\n|upkeep\n|\n|t:|1699683017\n|switch|p2a: Tapu Koko|Tapu Koko, tera:Electric|71\/100\n|turn|10\n|\n|t:|1699683020\n|switch|p1a: Alakazam|Alakazam, M|1\/100\n|move|p2a: Tapu Koko|Volt Switch|p1a: Alakazam\n|-damage|p1a: Alakazam|0 fnt\n|faint|p1a: Alakazam\n|-damage|p2a: Tapu Koko|61\/100|[from] item: Life Orb\n|\n|t:|1699683025\n|switch|p2a: Slowking|Slowking-Galar, M|100\/100|[from] Volt Switch\n|\n|-fieldend|move: Electric Terrain\n|upkeep\n|\n|t:|1699683029\n|switch|p1a: Gyarados|Gyarados, M|100\/100\n|-ability|p1a: Gyarados|Intimidate|boost\n|-unboost|p2a: Slowking|atk|1\n|turn|11\n|\n|t:|1699683032\n|detailschange|p1a: Gyarados|Gyarados-Mega, M\n|-mega|p1a: Gyarados|Gyarados|Gyaradosite\n|-ability|p1a: Gyarados|Mold Breaker\n|move|p1a: Gyarados|Dragon Dance|p1a: Gyarados\n|-boost|p1a: Gyarados|atk|1\n|-boost|p1a: Gyarados|spe|1\n|move|p2a: Slowking|Chilly Reception|p2a: Slowking\n|-weather|Snow\n|\n|t:|1699683037\n|switch|p2a: Scizor|Scizor-Mega, F|58\/100|[from] Chilly Reception\n|\n|-weather|Snow|[upkeep]\n|upkeep\n|turn|12\n|\n|t:|1699683041\n|move|p1a: Gyarados|Waterfall|p2a: Scizor\n|-damage|p2a: Scizor|18\/100\n|move|p2a: Scizor|U-turn|p1a: Gyarados\n|-supereffective|p1a: Gyarados\n|-damage|p1a: Gyarados|32\/100\n|\n|t:|1699683043\n|switch|p2a: Ting-Lu|Ting-Lu|100\/100|[from] U-turn\n|-ability|p2a: Ting-Lu|Vessel of Ruin\n|\n|-weather|Snow|[upkeep]\n|upkeep\n|turn|13\n|\n|t:|1699683047\n|move|p1a: Gyarados|Waterfall|p2a: Ting-Lu\n|-supereffective|p2a: Ting-Lu\n|-damage|p2a: Ting-Lu|17\/100\n|cant|p2a: Ting-Lu|flinch\n|\n|-weather|Snow|[upkeep]\n|-heal|p2a: Ting-Lu|23\/100|[from] item: Leftovers\n|upkeep\n|turn|14\n|c|\u2606Vedasa|sry\n|c|\u2606xiaoheizi114514|uh\n|c|\u2606xiaoheizi114514|gg\n|j| programofuse\n|\n|t:|1699683061\n|move|p1a: Gyarados|Waterfall|p2a: Ting-Lu\n|-supereffective|p2a: Ting-Lu\n|-damage|p2a: Ting-Lu|0 fnt\n|faint|p2a: Ting-Lu\n|\n|-weather|Snow|[upkeep]\n|upkeep\n|c|\u2606Vedasa|gg\n|\n|t:|1699683062\n|switch|p2a: Scizor|Scizor-Mega, F|18\/100\n|turn|15\n|\n|t:|1699683068\n|move|p2a: Scizor|Bullet Punch|p1a: Gyarados\n|-resisted|p1a: Gyarados\n|-damage|p1a: Gyarados|18\/100\n|move|p1a: Gyarados|Waterfall|p2a: Scizor\n|-damage|p2a: Scizor|0 fnt\n|faint|p2a: Scizor\n|\n|-weather|none\n|upkeep\n|-message|xiaoheizi114514 forfeited.\n|\n|win|Vedasa\n|n|\u2606Vedasa|vedasa\n|n|\u2606xiaoheizi114514|xiaoheizi114514\n|n| thebestever543|thebestever543\n|n| geodude11|geodude11\n|n| jasonpokemon123|jasonpokemon123\n|n| programofuse|programofuse\n","uploadtime":1699683071,"views":4,"p1id":"vedasa","p2id":"xiaoheizi114514","formatid":"gen9nationaldex","rating":0,"private":0,"password":""}