{"id":"gen9nationaldex-1987136385","p1":"htrrrr","p2":"Zera & Lucy","format":"[Gen 9] National Dex","log":"|j|\u2606htrrrr\n|j|\u2606Zera & Lucy\n|t:|1699559069\n|gametype|singles\n|player|p1|htrrrr|beauty-gen4dp|1072\n|player|p2|Zera & Lucy|cynthia|1074\n|teamsize|p1|6\n|teamsize|p2|6\n|gen|9\n|tier|[Gen 9] National Dex\n|rated|\n|rule|HP Percentage Mod: HP is shown in percentages\n|rule|Endless Battle Clause: Forcing endless battles is banned\n|rule|OHKO Clause: OHKO moves are banned\n|rule|Evasion Clause: Evasion abilities, items, and moves are banned\n|rule|Evasion Abilities Clause: Evasion abilities are banned\n|rule|Evasion Items Clause: Evasion items are banned\n|rule|Evasion Moves Clause: Evasion moves are banned\n|rule|Species Clause: Limit one of each Pok\u00e9mon\n|rule|Sleep Clause Mod: Limit one foe put to sleep\n|clearpoke\n|poke|p1|Typhlosion, F|\n|poke|p1|Tyranitar, F|\n|poke|p1|Torterra, F|\n|poke|p1|Torkoal, F|\n|poke|p1|Togekiss, F|\n|poke|p1|Garchomp, M|\n|poke|p2|Ambipom, M|\n|poke|p2|Zoroark-Hisui, M|\n|poke|p2|Cinccino, F|\n|poke|p2|Indeedee, M|\n|poke|p2|Cyclizar, F|\n|poke|p2|Heliolisk, M|\n|teampreview\n|inactive|Battle timer is ON: inactive players will automatically lose when time's up. (requested by Zera & Lucy)\n|\n|t:|1699559085\n|start\n|switch|p1a: Tyler|Typhlosion, F, shiny|100\/100\n|switch|p2a: Heliolisk|Heliolisk, M|100\/100\n|turn|1\n|\n|t:|1699559093\n|move|p2a: Heliolisk|Volt Switch|p1a: Tyler\n|-damage|p1a: Tyler|49\/100\n|\n|t:|1699559097\n|switch|p2a: Cyclizar|Cyclizar, F|100\/100|[from] Volt Switch\n|move|p1a: Tyler|Eruption|p2a: Cyclizar\n|-resisted|p2a: Cyclizar\n|-damage|p2a: Cyclizar|71\/100\n|\n|upkeep\n|turn|2\n|\n|t:|1699559104\n|-terastallize|p1a: Tyler|Fighting\n|move|p2a: Cyclizar|Rapid Spin|p1a: Tyler\n|-damage|p1a: Tyler|11\/100\n|-boost|p2a: Cyclizar|spe|1\n|-damage|p2a: Cyclizar|54\/100|[from] item: Rocky Helmet|[of] p1a: Tyler\n|move|p1a: Tyler|Brick Break|p2a: Cyclizar\n|-supereffective|p2a: Cyclizar\n|-damage|p2a: Cyclizar|0 fnt\n|faint|p2a: Cyclizar\n|\n|upkeep\n|\n|t:|1699559112\n|switch|p2a: Heliolisk|Heliolisk, M|100\/100\n|turn|3\n|\n|t:|1699559128\n|move|p2a: Heliolisk|Bitter Malice|p1a: Tyler\n|-damage|p1a: Tyler|0 fnt\n|faint|p1a: Tyler\n|\n|upkeep\n|\n|t:|1699559134\n|switch|p1a: Tyler 2|Tyranitar, F, shiny|100\/100\n|-weather|Sandstorm|[from] ability: Sand Stream|[of] p1a: Tyler 2\n|turn|4\n|\n|t:|1699559139\n|switch|p2a: Cinccino|Cinccino, F|100\/100\n|move|p1a: Tyler 2|Earthquake|p2a: Cinccino\n|-damage|p2a: Cinccino|31\/100\n|\n|-weather|Sandstorm|[upkeep]\n|-damage|p2a: Cinccino|25\/100|[from] Sandstorm\n|upkeep\n|turn|5\n|\n|t:|1699559150\n|move|p2a: Cinccino|Bullet Seed|p1a: Tyler 2\n|-supereffective|p1a: Tyler 2\n|-damage|p1a: Tyler 2|85\/100\n|-supereffective|p1a: Tyler 2\n|-damage|p1a: Tyler 2|67\/100\n|-supereffective|p1a: Tyler 2\n|-crit|p1a: Tyler 2\n|-damage|p1a: Tyler 2|42\/100\n|-supereffective|p1a: Tyler 2\n|-damage|p1a: Tyler 2|26\/100\n|-supereffective|p1a: Tyler 2\n|-damage|p1a: Tyler 2|8\/100\n|-hitcount|p1a: Tyler 2|5\n|move|p1a: Tyler 2|Earthquake|p2a: Cinccino\n|-damage|p2a: Cinccino|0 fnt\n|faint|p2a: Cinccino\n|\n|-weather|Sandstorm|[upkeep]\n|upkeep\n|\n|t:|1699559160\n|switch|p2a: Ambipom|Ambipom, M|100\/100\n|turn|6\n|\n|t:|1699559170\n|move|p2a: Ambipom|Fake Out|p1a: Tyler 2\n|-resisted|p1a: Tyler 2\n|-damage|p1a: Tyler 2|0 fnt\n|-damage|p2a: Ambipom|84\/100|[from] item: Rocky Helmet|[of] p1a: Tyler 2\n|faint|p1a: Tyler 2\n|\n|-weather|Sandstorm|[upkeep]\n|-damage|p2a: Ambipom|78\/100|[from] Sandstorm\n|upkeep\n|\n|t:|1699559177\n|switch|p1a: Tyler 3|Torterra, F, shiny|100\/100\n|turn|7\n|\n|t:|1699559187\n|move|p2a: Ambipom|Knock Off|p1a: Tyler 3\n|-damage|p1a: Tyler 3|83\/100\n|-damage|p2a: Ambipom|61\/100|[from] item: Rocky Helmet|[of] p1a: Tyler 3\n|-enditem|p1a: Tyler 3|Rocky Helmet|[from] move: Knock Off|[of] p2a: Ambipom\n|move|p1a: Tyler 3|Outrage|p2a: Ambipom\n|-damage|p2a: Ambipom|10\/100\n|\n|-weather|Sandstorm|[upkeep]\n|-damage|p2a: Ambipom|4\/100|[from] Sandstorm\n|upkeep\n|turn|8\n|\n|t:|1699559201\n|move|p2a: Ambipom|U-turn|p1a: Tyler 3\n|-supereffective|p1a: Tyler 3\n|-damage|p1a: Tyler 3|57\/100\n|\n|t:|1699559204\n|switch|p2a: Heliolisk|Heliolisk, M|100\/100|[from] U-turn\n|move|p1a: Tyler 3|Outrage|p2a: Heliolisk|[from]lockedmove\n|-damage|p2a: Heliolisk|39\/100\n|\n|-weather|none\n|upkeep\n|turn|9\n|\n|t:|1699559213\n|move|p2a: Heliolisk|Signal Beam|p1a: Tyler 3\n|-supereffective|p1a: Tyler 3\n|-damage|p1a: Tyler 3|9\/100\n|move|p1a: Tyler 3|Outrage|p2a: Heliolisk|[from]lockedmove\n|-damage|p2a: Heliolisk|0 fnt\n|faint|p2a: Heliolisk\n|-start|p1a: Tyler 3|confusion|[fatigue]\n|\n|upkeep\n|\n|t:|1699559219\n|switch|p2a: Indeedee|Indeedee, M|100\/100\n|-fieldstart|move: Psychic Terrain|[from] ability: Psychic Surge|[of] p2a: Indeedee\n|turn|10\n|\n|t:|1699559229\n|-terastallize|p2a: Indeedee|Psychic\n|move|p2a: Indeedee|Expanding Force|p1a: Tyler 3\n|-damage|p1a: Tyler 3|0 fnt\n|faint|p1a: Tyler 3\n|\n|upkeep\n|\n|t:|1699559243\n|switch|p1a: Tyler 4|Torkoal, F, shiny|100\/100\n|-weather|SunnyDay|[from] ability: Drought|[of] p1a: Tyler 4\n|turn|11\n|\n|t:|1699559253\n|move|p2a: Indeedee|Expanding Force|p1a: Tyler 4\n|-damage|p1a: Tyler 4|0 fnt\n|faint|p1a: Tyler 4\n|\n|-weather|SunnyDay|[upkeep]\n|upkeep\n|\n|t:|1699559257\n|switch|p1a: Tyler 5|Togekiss, F, shiny|100\/100\n|turn|12\n|\n|t:|1699559262\n|move|p2a: Indeedee|Expanding Force|p1a: Tyler 5\n|-damage|p1a: Tyler 5|3\/100\n|move|p1a: Tyler 5|Shadow Ball|p2a: Indeedee\n|-supereffective|p2a: Indeedee\n|-damage|p2a: Indeedee|25\/100\n|-unboost|p2a: Indeedee|spd|1\n|\n|-weather|SunnyDay|[upkeep]\n|upkeep\n|turn|13\n|\n|t:|1699559269\n|move|p2a: Indeedee|Expanding Force|p1a: Tyler 5\n|-damage|p1a: Tyler 5|0 fnt\n|faint|p1a: Tyler 5\n|\n|-weather|SunnyDay|[upkeep]\n|upkeep\n|\n|t:|1699559284\n|switch|p1a: Gary|Garchomp, M, shiny|100\/100\n|turn|14\n|\n|t:|1699559290\n|move|p2a: Indeedee|Expanding Force|p1a: Gary\n|-damage|p1a: Gary|0 fnt\n|faint|p1a: Gary\n|\n|win|Zera & Lucy\n|raw|htrrrr's rating: 1072 &rarr; <strong>1051<\/strong><br \/>(-21 for losing)\n|raw|Zera &amp; Lucy's rating: 1074 &rarr; <strong>1103<\/strong><br \/>(+29 for winning)\n","uploadtime":1699559293,"views":5,"p1id":"htrrrr","p2id":"zeralucy","formatid":"gen9nationaldex","rating":1051,"private":0,"password":""}