{"id":"gen9nationaldex-1990756236","p1":"aplezorah","p2":"Emmsuwu","format":"[Gen 9] National Dex","log":"|j|\u2606aplezorah\n|j|\u2606Emmsuwu\n|t:|1699997877\n|gametype|singles\n|player|p1|aplezorah|roxie|1209\n|player|p2|Emmsuwu|caitlin|1151\n|teamsize|p1|6\n|teamsize|p2|6\n|gen|9\n|tier|[Gen 9] National Dex\n|rated|\n|rule|HP Percentage Mod: HP is shown in percentages\n|rule|Endless Battle Clause: Forcing endless battles is banned\n|rule|OHKO Clause: OHKO moves are banned\n|rule|Evasion Clause: Evasion abilities, items, and moves are banned\n|rule|Evasion Abilities Clause: Evasion abilities are banned\n|rule|Evasion Items Clause: Evasion items are banned\n|rule|Evasion Moves Clause: Evasion moves are banned\n|rule|Species Clause: Limit one of each Pok\u00e9mon\n|rule|Sleep Clause Mod: Limit one foe put to sleep\n|clearpoke\n|poke|p1|Forretress, F|\n|poke|p1|Mamoswine, F|\n|poke|p1|Tyranitar, M|\n|poke|p1|Gliscor, F|\n|poke|p1|Vaporeon, M|\n|poke|p1|Kartana|\n|poke|p2|Incineroar, F|\n|poke|p2|Obstagoon, M|\n|poke|p2|Gallade, M|\n|poke|p2|Talonflame, M|\n|poke|p2|Lycanroc-Midnight, M|\n|poke|p2|Oinkologne-F, F|\n|teampreview\n|inactive|Battle timer is ON: inactive players will automatically lose when time's up. (requested by aplezorah)\n|\n|t:|1699997898\n|start\n|switch|p1a: Forretress|Forretress, F|100\/100\n|switch|p2a: Lycanroc|Lycanroc-Midnight, M|100\/100\n|turn|1\n|\n|t:|1699997904\n|move|p2a: Lycanroc|Taunt|p1a: Forretress\n|-start|p1a: Forretress|move: Taunt\n|move|p1a: Forretress|Rapid Spin|p2a: Lycanroc\n|-resisted|p2a: Lycanroc\n|-damage|p2a: Lycanroc|93\/100\n|-boost|p1a: Forretress|spe|1\n|\n|upkeep\n|turn|2\n|\n|t:|1699997912\n|move|p2a: Lycanroc|Toxic|p1a: Forretress\n|-immune|p1a: Forretress\n|move|p1a: Forretress|Gyro Ball|p2a: Lycanroc\n|-supereffective|p2a: Lycanroc\n|-damage|p2a: Lycanroc|47\/100\n|\n|upkeep\n|turn|3\n|\n|t:|1699997914\n|move|p2a: Lycanroc|Stealth Rock|p1a: Forretress\n|-sidestart|p1: aplezorah|move: Stealth Rock\n|move|p1a: Forretress|Volt Switch|p2a: Lycanroc\n|-damage|p2a: Lycanroc|32\/100\n|\n|t:|1699997919\n|switch|p1a: Gliscor|Gliscor, F|100\/100|[from] Volt Switch\n|-damage|p1a: Gliscor|88\/100|[from] Stealth Rock\n|\n|-status|p1a: Gliscor|tox|[from] item: Toxic Orb\n|upkeep\n|turn|4\n|\n|t:|1699997924\n|move|p1a: Gliscor|Earthquake|p2a: Lycanroc\n|-supereffective|p2a: Lycanroc\n|-damage|p2a: Lycanroc|0 fnt\n|faint|p2a: Lycanroc\n|\n|-heal|p1a: Gliscor|100\/100 tox|[from] ability: Poison Heal\n|upkeep\n|\n|t:|1699997931\n|switch|p2a: Obstagoon|Obstagoon, M|100\/100\n|turn|5\n|\n|t:|1699997934\n|move|p1a: Gliscor|Protect|p1a: Gliscor\n|-singleturn|p1a: Gliscor|Protect\n|move|p2a: Obstagoon|Ice Punch|p1a: Gliscor\n|-activate|p1a: Gliscor|move: Protect\n|\n|-status|p2a: Obstagoon|tox|[from] item: Toxic Orb\n|upkeep\n|turn|6\n|\n|t:|1699997940\n|switch|p1a: Tyranitar|Tyranitar, M|100\/100\n|-damage|p1a: Tyranitar|88\/100|[from] Stealth Rock\n|-weather|Sandstorm|[from] ability: Sand Stream|[of] p1a: Tyranitar\n|move|p2a: Obstagoon|Bulk Up|p2a: Obstagoon\n|-boost|p2a: Obstagoon|atk|1\n|-boost|p2a: Obstagoon|def|1\n|\n|-weather|Sandstorm|[upkeep]\n|-damage|p2a: Obstagoon|94\/100 tox|[from] Sandstorm\n|-damage|p2a: Obstagoon|88\/100 tox|[from] psn\n|upkeep\n|turn|7\n|\n|t:|1699997951\n|move|p2a: Obstagoon|Ice Punch|p1a: Tyranitar\n|-damage|p1a: Tyranitar|48\/100\n|move|p1a: Tyranitar|Flamethrower|p2a: Obstagoon\n|-damage|p2a: Obstagoon|64\/100 tox\n|\n|-weather|Sandstorm|[upkeep]\n|-damage|p2a: Obstagoon|58\/100 tox|[from] Sandstorm\n|-damage|p2a: Obstagoon|46\/100 tox|[from] psn\n|upkeep\n|turn|8\n|\n|t:|1699997956\n|move|p2a: Obstagoon|Knock Off|p1a: Tyranitar\n|-resisted|p1a: Tyranitar\n|-damage|p1a: Tyranitar|10\/100\n|-enditem|p1a: Tyranitar|Assault Vest|[from] move: Knock Off|[of] p2a: Obstagoon\n|move|p1a: Tyranitar|Flamethrower|p2a: Obstagoon\n|-damage|p2a: Obstagoon|23\/100 tox\n|\n|-weather|Sandstorm|[upkeep]\n|-damage|p2a: Obstagoon|16\/100 tox|[from] Sandstorm\n|-damage|p2a: Obstagoon|0 fnt|[from] psn\n|faint|p2a: Obstagoon\n|upkeep\n|\n|t:|1699997970\n|switch|p2a: Incineroar|Incineroar, F|100\/100\n|-ability|p2a: Incineroar|Intimidate|boost\n|-unboost|p1a: Tyranitar|atk|1\n|turn|9\n|\n|t:|1699997974\n|switch|p1a: Gliscor|Gliscor, F|100\/100 tox\n|-damage|p1a: Gliscor|88\/100 tox|[from] Stealth Rock\n|move|p2a: Incineroar|Fake Out|p1a: Gliscor\n|-damage|p1a: Gliscor|77\/100 tox\n|\n|-weather|Sandstorm|[upkeep]\n|-damage|p2a: Incineroar|94\/100|[from] Sandstorm\n|-heal|p1a: Gliscor|89\/100 tox|[from] ability: Poison Heal\n|upkeep\n|turn|10\n|\n|t:|1699997981\n|move|p1a: Gliscor|Toxic Spikes|p2a: Incineroar\n|-sidestart|p2: Emmsuwu|move: Toxic Spikes\n|-zpower|p2a: Incineroar\n|move|p2a: Incineroar|Malicious Moonsault|p1a: Gliscor|[zeffect]\n|-damage|p1a: Gliscor|18\/100 tox\n|\n|-weather|none\n|-heal|p1a: Gliscor|30\/100 tox|[from] ability: Poison Heal\n|upkeep\n|turn|11\n|c|\u2606aplezorah|fake out is better in vgc imo\n|\n|t:|1699997992\n|move|p1a: Gliscor|Protect|p1a: Gliscor\n|-singleturn|p1a: Gliscor|Protect\n|move|p2a: Incineroar|Darkest Lariat|p1a: Gliscor\n|-activate|p1a: Gliscor|move: Protect\n|\n|-heal|p1a: Gliscor|43\/100 tox|[from] ability: Poison Heal\n|upkeep\n|turn|12\n|\n|t:|1699997997\n|move|p1a: Gliscor|Toxic Spikes|p2a: Incineroar\n|-sidestart|p2: Emmsuwu|move: Toxic Spikes\n|move|p2a: Incineroar|Darkest Lariat|p1a: Gliscor\n|-damage|p1a: Gliscor|6\/100 tox\n|\n|-heal|p1a: Gliscor|18\/100 tox|[from] ability: Poison Heal\n|upkeep\n|turn|13\n|\n|t:|1699997999\n|move|p1a: Gliscor|Protect|p1a: Gliscor\n|-singleturn|p1a: Gliscor|Protect\n|move|p2a: Incineroar|Darkest Lariat|p1a: Gliscor\n|-activate|p1a: Gliscor|move: Protect\n|\n|-heal|p1a: Gliscor|30\/100 tox|[from] ability: Poison Heal\n|upkeep\n|turn|14\n|\n|t:|1699998002\n|move|p1a: Gliscor|U-turn|p2a: Incineroar\n|-damage|p2a: Incineroar|81\/100\n|\n|t:|1699998004\n|switch|p1a: Forretress|Forretress, F|100\/100|[from] U-turn\n|-damage|p1a: Forretress|88\/100|[from] Stealth Rock\n|move|p2a: Incineroar|Darkest Lariat|p1a: Forretress\n|-damage|p1a: Forretress|66\/100\n|\n|-heal|p1a: Forretress|72\/100|[from] item: Leftovers\n|upkeep\n|turn|15\n|\n|t:|1699998009\n|switch|p1a: Tyranitar|Tyranitar, M|10\/100\n|-damage|p1a: Tyranitar|0 fnt|[from] Stealth Rock\n|faint|p1a: Tyranitar\n|move|p2a: Incineroar|Blaze Kick|p1: Tyranitar|[notarget]\n|-fail|p2a: Incineroar\n|\n|upkeep\n|\n|t:|1699998012\n|switch|p1a: Gliscor|Gliscor, F|30\/100 tox\n|-damage|p1a: Gliscor|18\/100 tox|[from] Stealth Rock\n|turn|16\n|\n|t:|1699998017\n|move|p1a: Gliscor|Protect|p1a: Gliscor\n|-singleturn|p1a: Gliscor|Protect\n|move|p2a: Incineroar|Darkest Lariat|p1a: Gliscor\n|-activate|p1a: Gliscor|move: Protect\n|\n|-heal|p1a: Gliscor|30\/100 tox|[from] ability: Poison Heal\n|upkeep\n|turn|17\n|\n|t:|1699998021\n|move|p1a: Gliscor|Earthquake|p2a: Incineroar\n|-supereffective|p2a: Incineroar\n|-crit|p2a: Incineroar\n|-damage|p2a: Incineroar|0 fnt\n|faint|p2a: Incineroar\n|\n|-heal|p1a: Gliscor|43\/100 tox|[from] ability: Poison Heal\n|upkeep\n|\n|t:|1699998028\n|switch|p2a: Gallade|Gallade, M|100\/100\n|-status|p2a: Gallade|tox\n|turn|18\n|\n|t:|1699998034\n|detailschange|p2a: Gallade|Gallade-Mega, M\n|-mega|p2a: Gallade|Gallade|Galladite\n|move|p2a: Gallade|Night Slash|p1a: Gliscor\n|-damage|p1a: Gliscor|16\/100 tox\n|move|p1a: Gliscor|Earthquake|p2a: Gallade\n|-damage|p2a: Gallade|55\/100 tox\n|\n|-damage|p2a: Gallade|49\/100 tox|[from] psn\n|-heal|p1a: Gliscor|29\/100 tox|[from] ability: Poison Heal\n|upkeep\n|turn|19\n|\n|t:|1699998042\n|move|p2a: Gallade|Psycho Cut|p1a: Gliscor\n|-damage|p1a: Gliscor|0 fnt\n|faint|p1a: Gliscor\n|\n|-damage|p2a: Gallade|36\/100 tox|[from] psn\n|upkeep\n|\n|t:|1699998045\n|switch|p1a: Mamoswine|Mamoswine, F|100\/100\n|-damage|p1a: Mamoswine|88\/100|[from] Stealth Rock\n|turn|20\n|\n|t:|1699998053\n|move|p1a: Mamoswine|Ice Shard|p2a: Gallade\n|-damage|p2a: Gallade|0 fnt\n|faint|p2a: Gallade\n|-damage|p1a: Mamoswine|78\/100|[from] item: Life Orb\n|\n|upkeep\n|\n|t:|1699998056\n|switch|p2a: Talonflame|Talonflame, M|100\/100\n|turn|21\n|\n|t:|1699998063\n|move|p2a: Talonflame|Defog|p1a: Mamoswine\n|-unboost|p1a: Mamoswine|evasion|1\n|-sideend|p1: aplezorah|Stealth Rock|[from] move: Defog|[of] p2a: Talonflame\n|-sideend|p2: Emmsuwu|Toxic Spikes|[from] move: Defog|[of] p2a: Talonflame\n|move|p1a: Mamoswine|Icicle Crash|p2a: Talonflame\n|-damage|p2a: Talonflame|10\/100\n|-damage|p1a: Mamoswine|68\/100|[from] item: Life Orb\n|\n|upkeep\n|turn|22\n|\n|t:|1699998070\n|move|p1a: Mamoswine|Ice Shard|p2a: Talonflame\n|-damage|p2a: Talonflame|0 fnt\n|faint|p2a: Talonflame\n|-damage|p1a: Mamoswine|58\/100|[from] item: Life Orb\n|\n|upkeep\n|\n|t:|1699998073\n|switch|p2a: Oinkologne|Oinkologne-F, F|100\/100\n|turn|23\n|\n|t:|1699998085\n|move|p2a: Oinkologne|Stuff Cheeks|p2a: Oinkologne\n|-boost|p2a: Oinkologne|def|2\n|-enditem|p2a: Oinkologne|Ganlon Berry|[eat]\n|-boost|p2a: Oinkologne|def|1|[from] item: Ganlon Berry\n|move|p1a: Mamoswine|Earthquake|p2a: Oinkologne\n|-damage|p2a: Oinkologne|75\/100\n|-damage|p1a: Mamoswine|48\/100|[from] item: Life Orb\n|\n|upkeep\n|turn|24\n|\n|t:|1699998096\n|switch|p1a: Kartana|Kartana|100\/100\n|move|p2a: Oinkologne|Body Press|p1a: Kartana\n|-supereffective|p1a: Kartana\n|-damage|p1a: Kartana|1\/100\n|\n|upkeep\n|turn|25\n|\n|t:|1699998104\n|move|p1a: Kartana|Sacred Sword|p2a: Oinkologne\n|-supereffective|p2a: Oinkologne\n|-damage|p2a: Oinkologne|8\/100\n|move|p2a: Oinkologne|Body Press|p1a: Kartana\n|-supereffective|p1a: Kartana\n|-damage|p1a: Kartana|0 fnt\n|faint|p1a: Kartana\n|\n|upkeep\n|\n|t:|1699998116\n|switch|p1a: Mamoswine|Mamoswine, F|48\/100\n|turn|26\n|\n|t:|1699998120\n|-terastallize|p1a: Mamoswine|Ice\n|move|p1a: Mamoswine|Ice Shard|p2a: Oinkologne\n|-damage|p2a: Oinkologne|0 fnt\n|faint|p2a: Oinkologne\n|-damage|p1a: Mamoswine|38\/100|[from] item: Life Orb\n|\n|win|aplezorah\n|raw|aplezorah's rating: 1209 &rarr; <strong>1230<\/strong><br \/>(+21 for winning)\n|raw|Emmsuwu's rating: 1151 &rarr; <strong>1130<\/strong><br \/>(-21 for losing)\n","uploadtime":1699998123,"views":4,"p1id":"aplezorah","p2id":"emmsuwu","formatid":"gen9nationaldex","rating":1130,"private":0,"password":""}