{"id":"gen9nationaldex-1996163395","p1":"iamMushroom","p2":"ASRoots","format":"[Gen 9] National Dex","log":"|html|<div class=\"broadcast-blue\"><strong>[Gen 9] National Dex is currently suspecting Sneasler! For information on how to participate check out the <a href=\"https:\/\/www.smogon.com\/forums\/threads\/sv-national-dex-suspect-8-just-dance.3731534\/\">suspect thread<\/a>.<\/strong><\/div>\n|j|\u2606iamMushroom\n|j|\u2606ASRoots\n|t:|1700653537\n|gametype|singles\n|player|p1|iamMushroom|linebacker|1108\n|player|p2|ASRoots|shadowtriad|1121\n|teamsize|p1|6\n|teamsize|p2|6\n|gen|9\n|tier|[Gen 9] National Dex\n|rated|\n|rule|HP Percentage Mod: HP is shown in percentages\n|rule|Endless Battle Clause: Forcing endless battles is banned\n|rule|OHKO Clause: OHKO moves are banned\n|rule|Evasion Clause: Evasion abilities, items, and moves are banned\n|rule|Evasion Abilities Clause: Evasion abilities are banned\n|rule|Evasion Items Clause: Evasion items are banned\n|rule|Evasion Moves Clause: Evasion moves are banned\n|rule|Species Clause: Limit one of each Pok\u00e9mon\n|rule|Sleep Clause Mod: Limit one foe put to sleep\n|clearpoke\n|poke|p1|Blastoise, M|\n|poke|p1|Torkoal, M|\n|poke|p1|Torterra, M|\n|poke|p1|Carracosta, M|\n|poke|p1|Turtonator, M|\n|poke|p1|Drednaw, M|\n|poke|p2|Audino, F|\n|poke|p2|Salazzle, F|\n|poke|p2|Nosepass, L2, F|\n|poke|p2|Probopass, L1, M|\n|poke|p2|Clefable, F|\n|poke|p2|Hawlucha, F|\n|teampreview\n|inactive|Battle timer is ON: inactive players will automatically lose when time's up. (requested by ASRoots)\n|\n|t:|1700653543\n|start\n|switch|p1a: Oogway|Torkoal, M|100\/100\n|switch|p2a: wut|Salazzle, F|100\/100\n|turn|1\n|\n|t:|1700653554\n|move|p2a: wut|Toxic|p1a: Oogway\n|-status|p1a: Oogway|tox\n|move|p1a: Oogway|Stealth Rock|p2a: wut\n|-sidestart|p2: ASRoots|move: Stealth Rock\n|\n|-damage|p1a: Oogway|94\/100 tox|[from] psn\n|upkeep\n|turn|2\n|\n|t:|1700653562\n|move|p2a: wut|Protect|p2a: wut\n|-singleturn|p2a: wut|Protect\n|move|p1a: Oogway|Yawn|p2a: wut\n|-activate|p2a: wut|move: Protect\n|\n|-heal|p1a: Oogway|100\/100 tox|[from] item: Leftovers\n|-damage|p1a: Oogway|88\/100 tox|[from] psn\n|upkeep\n|turn|3\n|\n|t:|1700653571\n|move|p2a: wut|Substitute|p2a: wut\n|-start|p2a: wut|Substitute\n|-damage|p2a: wut|76\/100\n|move|p1a: Oogway|Yawn||[still]\n|-fail|p1a: Oogway\n|\n|-heal|p2a: wut|82\/100|[from] item: Leftovers\n|-heal|p1a: Oogway|94\/100 tox|[from] item: Leftovers\n|-damage|p1a: Oogway|76\/100 tox|[from] psn\n|upkeep\n|turn|4\n|\n|t:|1700653587\n|switch|p1a: Crush|Carracosta, M|100\/100\n|move|p2a: wut|Toxic|p1a: Crush\n|-status|p1a: Crush|tox\n|\n|-heal|p2a: wut|88\/100|[from] item: Leftovers\n|-damage|p1a: Crush|94\/100 tox|[from] psn\n|upkeep\n|turn|5\n|\n|t:|1700653596\n|move|p2a: wut|Protect|p2a: wut\n|-singleturn|p2a: wut|Protect\n|move|p1a: Crush|Rain Dance|p1a: Crush\n|-weather|RainDance\n|\n|-weather|RainDance|[upkeep]\n|-heal|p2a: wut|94\/100|[from] item: Leftovers\n|-damage|p1a: Crush|82\/100 tox|[from] psn\n|upkeep\n|turn|6\n|\n|t:|1700653605\n|move|p2a: wut|Acid Spray|p1a: Crush\n|-resisted|p1a: Crush\n|-damage|p1a: Crush|69\/100 tox\n|-unboost|p1a: Crush|spd|2\n|move|p1a: Crush|Shell Smash|p1a: Crush\n|-unboost|p1a: Crush|def|1\n|-unboost|p1a: Crush|spd|1\n|-boost|p1a: Crush|atk|2\n|-boost|p1a: Crush|spa|2\n|-boost|p1a: Crush|spe|2\n|\n|-weather|RainDance|[upkeep]\n|-heal|p2a: wut|100\/100|[from] item: Leftovers\n|-damage|p1a: Crush|50\/100 tox|[from] psn\n|upkeep\n|turn|7\n|\n|t:|1700653618\n|move|p2a: wut|Protect|p2a: wut\n|-singleturn|p2a: wut|Protect\n|move|p1a: Crush|Stone Edge|p2a: wut\n|-activate|p2a: wut|move: Protect\n|\n|-weather|RainDance|[upkeep]\n|-damage|p1a: Crush|25\/100 tox|[from] psn\n|upkeep\n|turn|8\n|\n|t:|1700653627\n|move|p2a: wut|Acid Spray|p1a: Crush\n|-resisted|p1a: Crush\n|-damage|p1a: Crush|0 fnt\n|faint|p1a: Crush\n|\n|-weather|RainDance|[upkeep]\n|upkeep\n|\n|t:|1700653629\n|switch|p1a: Franklin|Torterra, M|100\/100\n|turn|9\n|\n|t:|1700653642\n|-terastallize|p1a: Franklin|Rock\n|move|p2a: wut|Toxic|p1a: Franklin\n|-status|p1a: Franklin|tox\n|move|p1a: Franklin|Shell Smash|p1a: Franklin\n|-unboost|p1a: Franklin|def|1\n|-unboost|p1a: Franklin|spd|1\n|-boost|p1a: Franklin|atk|2\n|-boost|p1a: Franklin|spa|2\n|-boost|p1a: Franklin|spe|2\n|\n|-weather|none\n|-damage|p1a: Franklin|94\/100 tox|[from] psn\n|upkeep\n|turn|10\n|\n|t:|1700653654\n|move|p2a: wut|Protect|p2a: wut\n|-singleturn|p2a: wut|Protect\n|move|p1a: Franklin|Headlong Rush|p2a: wut\n|-activate|p2a: wut|move: Protect\n|\n|-damage|p1a: Franklin|82\/100 tox|[from] psn\n|upkeep\n|turn|11\n|\n|t:|1700653663\n|move|p1a: Franklin|Rock Blast|p2a: wut\n|-supereffective|p2a: wut\n|-end|p2a: wut|Substitute\n|-supereffective|p2a: wut\n|-damage|p2a: wut|20\/100\n|-supereffective|p2a: wut\n|-damage|p2a: wut|0 fnt\n|faint|p2a: wut\n|-hitcount|p2: wut|3\n|\n|-damage|p1a: Franklin|64\/100 tox|[from] psn\n|upkeep\n|\n|t:|1700653673\n|switch|p2a: wee|Audino, F|100\/100\n|-damage|p2a: wee|88\/100|[from] Stealth Rock\n|turn|12\n|\n|t:|1700653685\n|detailschange|p2a: wee|Audino-Mega, F\n|-mega|p2a: wee|Audino|Audinite\n|move|p1a: Franklin|Bullet Seed|p2a: wee\n|-crit|p2a: wee\n|-damage|p2a: wee|60\/100\n|-damage|p2a: wee|44\/100\n|-damage|p2a: wee|26\/100\n|-damage|p2a: wee|8\/100\n|-damage|p2a: wee|0 fnt\n|faint|p2a: wee\n|-hitcount|p2: wee|5\n|\n|-damage|p1a: Franklin|40\/100 tox|[from] psn\n|upkeep\n|\n|t:|1700653699\n|switch|p2a: ears|Clefable, F, shiny|100\/100\n|turn|13\n|\n|t:|1700653711\n|move|p2a: ears|Protect|p2a: ears\n|-singleturn|p2a: ears|Protect\n|move|p1a: Franklin|Bullet Seed|p2a: ears\n|-activate|p2a: ears|move: Protect\n|\n|-damage|p1a: Franklin|10\/100 tox|[from] psn\n|upkeep\n|turn|14\n|\n|t:|1700653728\n|move|p1a: Franklin|Bullet Seed|p2a: ears\n|-damage|p2a: ears|76\/100\n|-damage|p2a: ears|52\/100\n|-damage|p2a: ears|27\/100\n|-damage|p2a: ears|0 fnt\n|faint|p2a: ears\n|-hitcount|p2: ears|4\n|\n|-damage|p1a: Franklin|0 fnt|[from] psn\n|faint|p1a: Franklin\n|upkeep\n|\n|t:|1700653744\n|switch|p1a: Bowser|Turtonator, M|100\/100\n|switch|p2a: lou|Hawlucha, F, shiny|100\/100\n|-ability|p2a: lou|Mold Breaker\n|turn|15\n|\n|t:|1700653754\n|move|p2a: lou|Substitute|p2a: lou\n|-start|p2a: lou|Substitute\n|-damage|p2a: lou|76\/100\n|move|p1a: Bowser|Shell Smash|p1a: Bowser\n|-unboost|p1a: Bowser|def|1\n|-unboost|p1a: Bowser|spd|1\n|-boost|p1a: Bowser|atk|2\n|-boost|p1a: Bowser|spa|2\n|-boost|p1a: Bowser|spe|2\n|-enditem|p1a: Bowser|White Herb\n|-clearnegativeboost|p1a: Bowser|[silent]\n|\n|upkeep\n|turn|16\n|\n|t:|1700653764\n|move|p1a: Bowser|Dragon Pulse|p2a: lou\n|-end|p2a: lou|Substitute\n|move|p2a: lou|Toxic|p1a: Bowser\n|-status|p1a: Bowser|tox\n|\n|-damage|p1a: Bowser|94\/100 tox|[from] psn\n|upkeep\n|turn|17\n|\n|t:|1700653773\n|move|p1a: Bowser|Dragon Pulse|p2a: lou\n|-damage|p2a: lou|0 fnt\n|faint|p2a: lou\n|\n|-damage|p1a: Bowser|82\/100 tox|[from] psn\n|upkeep\n|\n|t:|1700653785\n|switch|p2a: nose lvl 2|Nosepass, L2, F, shiny|100\/100\n|turn|18\n|\n|t:|1700653791\n|move|p2a: nose lvl 2|Protect|p2a: nose lvl 2\n|-singleturn|p2a: nose lvl 2|Protect\n|move|p1a: Bowser|Draco Meteor|p2a: nose lvl 2\n|-activate|p2a: nose lvl 2|move: Protect\n|\n|-damage|p1a: Bowser|64\/100 tox|[from] psn\n|upkeep\n|turn|19\n|\n|t:|1700653800\n|move|p1a: Bowser|Draco Meteor|p2a: nose lvl 2\n|-crit|p2a: nose lvl 2\n|-ability|p2a: nose lvl 2|Sturdy\n|-damage|p2a: nose lvl 2|8\/100\n|-unboost|p1a: Bowser|spa|2\n|move|p2a: nose lvl 2|Pain Split|p1a: Bowser\n|-sethp|p1a: Bowser|32\/100 tox|[from] move: Pain Split|[silent]\n|-sethp|p2a: nose lvl 2|100\/100|[from] move: Pain Split\n|\n|-damage|p1a: Bowser|8\/100 tox|[from] psn\n|upkeep\n|turn|20\n|\n|t:|1700653815\n|move|p2a: nose lvl 2|Protect|p2a: nose lvl 2\n|-singleturn|p2a: nose lvl 2|Protect\n|move|p1a: Bowser|Dragon Pulse|p2a: nose lvl 2\n|-activate|p2a: nose lvl 2|move: Protect\n|\n|-damage|p1a: Bowser|0 fnt|[from] psn\n|faint|p1a: Bowser\n|upkeep\n|\n|t:|1700653819\n|switch|p1a: Verne|Drednaw, M|100\/100\n|turn|21\n|\n|t:|1700653832\n|move|p1a: Verne|Liquidation|p2a: nose lvl 2\n|-supereffective|p2a: nose lvl 2\n|-ability|p2a: nose lvl 2|Sturdy\n|-damage|p2a: nose lvl 2|8\/100\n|-damage|p1a: Verne|91\/100|[from] item: Life Orb\n|move|p2a: nose lvl 2|Pain Split|p1a: Verne\n|-sethp|p1a: Verne|46\/100|[from] move: Pain Split|[silent]\n|-sethp|p2a: nose lvl 2|100\/100|[from] move: Pain Split\n|\n|upkeep\n|turn|22\n|\n|t:|1700653842\n|move|p1a: Verne|Swords Dance|p1a: Verne\n|-boost|p1a: Verne|atk|2\n|move|p2a: nose lvl 2|Pain Split|p1a: Verne\n|-sethp|p1a: Verne|25\/100|[from] move: Pain Split|[silent]\n|-sethp|p2a: nose lvl 2|100\/100|[from] move: Pain Split\n|\n|upkeep\n|turn|23\n|\n|t:|1700653849\n|move|p1a: Verne|Megahorn|p2a: nose lvl 2|[miss]\n|-miss|p1a: Verne|p2a: nose lvl 2\n|move|p2a: nose lvl 2|Toxic|p1a: Verne\n|-status|p1a: Verne|tox\n|\n|-damage|p1a: Verne|19\/100 tox|[from] psn\n|upkeep\n|turn|24\n|\n|t:|1700653857\n|move|p2a: nose lvl 2|Protect|p2a: nose lvl 2\n|-singleturn|p2a: nose lvl 2|Protect\n|move|p1a: Verne|Stone Edge|p2a: nose lvl 2\n|-activate|p2a: nose lvl 2|move: Protect\n|\n|-damage|p1a: Verne|6\/100 tox|[from] psn\n|upkeep\n|turn|25\n|\n|t:|1700653872\n|move|p1a: Verne|Liquidation|p2a: nose lvl 2\n|-supereffective|p2a: nose lvl 2\n|-ability|p2a: nose lvl 2|Sturdy\n|-damage|p2a: nose lvl 2|8\/100\n|-unboost|p2a: nose lvl 2|def|1\n|-damage|p1a: Verne|0 fnt|[from] item: Life Orb\n|faint|p1a: Verne\n|move|p2a: nose lvl 2|Pain Split|p1: Verne|[notarget]\n|-fail|p2a: nose lvl 2\n|\n|upkeep\n|\n|t:|1700653880\n|switch|p1a: Donatello|Blastoise, M|100\/100\n|turn|26\n|\n|t:|1700653887\n|move|p2a: nose lvl 2|Protect|p2a: nose lvl 2\n|-singleturn|p2a: nose lvl 2|Protect\n|move|p1a: Donatello|Aura Sphere|p2a: nose lvl 2\n|-activate|p2a: nose lvl 2|move: Protect\n|\n|upkeep\n|turn|27\n|\n|t:|1700653895\n|move|p1a: Donatello|Aura Sphere|p2a: nose lvl 2\n|-supereffective|p2a: nose lvl 2\n|-damage|p2a: nose lvl 2|0 fnt\n|faint|p2a: nose lvl 2\n|\n|upkeep\n|\n|t:|1700653901\n|switch|p2a: nose|Probopass, L1, M, shiny|100\/100\n|turn|28\n|\n|t:|1700653908\n|move|p1a: Donatello|Rapid Spin|p2a: nose\n|-resisted|p2a: nose\n|-ability|p2a: nose|Sturdy\n|-damage|p2a: nose|9\/100\n|-boost|p1a: Donatello|spe|1\n|move|p2a: nose|Pain Split|p1a: Donatello\n|-sethp|p1a: Donatello|51\/100|[from] move: Pain Split|[silent]\n|-sethp|p2a: nose|100\/100|[from] move: Pain Split\n|\n|upkeep\n|turn|29\n|\n|t:|1700653925\n|move|p1a: Donatello|Dark Pulse|p2a: nose\n|-ability|p2a: nose|Sturdy\n|-damage|p2a: nose|9\/100\n|move|p2a: nose|Pain Split|p1a: Donatello\n|-sethp|p1a: Donatello|26\/100|[from] move: Pain Split|[silent]\n|-sethp|p2a: nose|100\/100|[from] move: Pain Split\n|\n|upkeep\n|turn|30\n|\n|t:|1700653941\n|move|p1a: Donatello|Ice Beam|p2a: nose\n|-resisted|p2a: nose\n|-ability|p2a: nose|Sturdy\n|-damage|p2a: nose|9\/100\n|move|p2a: nose|Pain Split|p1a: Donatello\n|-sethp|p1a: Donatello|13\/100|[from] move: Pain Split|[silent]\n|-sethp|p2a: nose|100\/100|[from] move: Pain Split\n|\n|upkeep\n|turn|31\n|inactive|iamMushroom has 120 seconds left.\n|\n|t:|1700653964\n|move|p1a: Donatello|Ice Beam|p2a: nose\n|-resisted|p2a: nose\n|-ability|p2a: nose|Sturdy\n|-damage|p2a: nose|9\/100\n|move|p2a: nose|Toxic|p1a: Donatello\n|-status|p1a: Donatello|tox\n|\n|-damage|p1a: Donatello|7\/100 tox|[from] psn\n|upkeep\n|turn|32\n|\n|t:|1700653974\n|move|p2a: nose|Protect|p2a: nose\n|-singleturn|p2a: nose|Protect\n|move|p1a: Donatello|Aura Sphere|p2a: nose\n|-activate|p2a: nose|move: Protect\n|\n|-damage|p1a: Donatello|0 fnt|[from] psn\n|faint|p1a: Donatello\n|upkeep\n|\n|t:|1700653977\n|switch|p1a: Oogway|Torkoal, M|76\/100 tox\n|turn|33\n|\n|t:|1700653991\n|move|p2a: nose|Protect||[still]\n|-fail|p2a: nose\n|move|p1a: Oogway|Lava Plume|p2a: nose\n|-damage|p2a: nose|0 fnt\n|faint|p2a: nose\n|\n|win|iamMushroom\n|raw|iamMushroom's rating: 1108 &rarr; <strong>1134<\/strong><br \/>(+26 for winning)\n|raw|ASRoots's rating: 1121 &rarr; <strong>1095<\/strong><br \/>(-26 for losing)\n|l|\u2606ASRoots\n","uploadtime":1700656095,"views":0,"p1id":"iammushroom","p2id":"asroots","formatid":"gen9nationaldex","rating":1095,"private":0,"password":""}