{"id":"gen9nationaldex-1993365764","p1":"bazhujiadenvfen","p2":"GodLikeAlon","format":"[Gen 9] National Dex","log":"|j|\u2606bazhujiadenvfen\n|j|\u2606GodLikeAlon\n|t:|1700306782\n|gametype|singles\n|player|p1|bazhujiadenvfen|101|1189\n|player|p2|GodLikeAlon|1|1102\n|teamsize|p1|6\n|teamsize|p2|6\n|gen|9\n|tier|[Gen 9] National Dex\n|rated|\n|rule|HP Percentage Mod: HP is shown in percentages\n|rule|Endless Battle Clause: Forcing endless battles is banned\n|rule|OHKO Clause: OHKO moves are banned\n|rule|Evasion Clause: Evasion abilities, items, and moves are banned\n|rule|Evasion Abilities Clause: Evasion abilities are banned\n|rule|Evasion Items Clause: Evasion items are banned\n|rule|Evasion Moves Clause: Evasion moves are banned\n|rule|Species Clause: Limit one of each Pok\u00e9mon\n|rule|Sleep Clause Mod: Limit one foe put to sleep\n|clearpoke\n|poke|p1|Slowbro-Galar, F|\n|poke|p1|Garchomp, F|\n|poke|p1|Zamazenta-*|\n|poke|p1|Rillaboom, M|\n|poke|p1|Torterra, F|\n|poke|p1|Serperior, F|\n|poke|p2|Indeedee-F, F|\n|poke|p2|Armarouge, F|\n|poke|p2|Polteageist-Antique|\n|poke|p2|Hatterene, F|\n|poke|p2|Volcarona, F|\n|poke|p2|Great Tusk|\n|teampreview\n|\n|t:|1700306808\n|start\n|switch|p1a: Rillaboom|Rillaboom, M|100\/100\n|switch|p2a: D boy|Indeedee-F, F|100\/100\n|-fieldstart|move: Psychic Terrain|[from] ability: Psychic Surge|[of] p2a: D boy\n|-fieldstart|move: Grassy Terrain|[from] ability: Grassy Surge|[of] p1a: Rillaboom\n|turn|1\n|\n|t:|1700306835\n|switch|p2a: Lucario Pro Max|Armarouge, F|100\/100\n|move|p1a: Rillaboom|U-turn|p2a: Lucario Pro Max\n|-damage|p2a: Lucario Pro Max|76\/100\n|-ability|p2a: Lucario Pro Max|Weak Armor|boost\n|-unboost|p2a: Lucario Pro Max|def|1\n|-boost|p2a: Lucario Pro Max|spe|2\n|c|\u2606GodLikeAlon|thx for dem speed\n|\n|t:|1700306857\n|switch|p1a: Garchomp|Garchomp, F|100\/100|[from] U-turn\n|\n|-heal|p2a: Lucario Pro Max|82\/100|[from] Grassy Terrain\n|upkeep\n|turn|2\n|\n|t:|1700306873\n|move|p2a: Lucario Pro Max|Energy Ball|p1a: Garchomp\n|-damage|p1a: Garchomp|51\/100\n|move|p1a: Garchomp|Earthquake|p2a: Lucario Pro Max\n|-supereffective|p2a: Lucario Pro Max\n|-damage|p2a: Lucario Pro Max|12\/100\n|-ability|p2a: Lucario Pro Max|Weak Armor|boost\n|-unboost|p2a: Lucario Pro Max|def|1\n|-boost|p2a: Lucario Pro Max|spe|2\n|\n|-heal|p2a: Lucario Pro Max|18\/100|[from] Grassy Terrain\n|-heal|p1a: Garchomp|58\/100|[from] Grassy Terrain\n|upkeep\n|turn|3\n|c|\u2606GodLikeAlon|NAWWWWWWW\n|\n|t:|1700306891\n|move|p2a: Lucario Pro Max|Armor Cannon|p1a: Garchomp\n|-resisted|p1a: Garchomp\n|-damage|p1a: Garchomp|19\/100\n|-unboost|p2a: Lucario Pro Max|def|1\n|-unboost|p2a: Lucario Pro Max|spd|1\n|move|p1a: Garchomp|Earthquake|p2a: Lucario Pro Max\n|-supereffective|p2a: Lucario Pro Max\n|-damage|p2a: Lucario Pro Max|0 fnt\n|faint|p2a: Lucario Pro Max\n|\n|-heal|p1a: Garchomp|25\/100|[from] Grassy Terrain\n|upkeep\n|\n|t:|1700306903\n|switch|p2a: D boy|Indeedee-F, F|100\/100\n|-fieldstart|move: Psychic Terrain|[from] ability: Psychic Surge|[of] p2a: D boy\n|turn|4\n|\n|t:|1700306909\n|-zpower|p1a: Garchomp\n|move|p1a: Garchomp|Devastating Drake|p2a: D boy|[zeffect]\n|-damage|p2a: D boy|0 fnt\n|faint|p2a: D boy\n|\n|upkeep\n|c|\u2606GodLikeAlon|INDEEZ NUTZ\n|c|\u2606GodLikeAlon|now\n|c|\u2606GodLikeAlon|for the main course\n|\n|t:|1700306924\n|switch|p2a: Cheta two tea|Polteageist-Antique|100\/100\n|turn|5\n|\n|t:|1700306931\n|move|p1a: Garchomp|Stealth Rock|p2a: Cheta two tea\n|-sidestart|p2: GodLikeAlon|move: Stealth Rock\n|move|p2a: Cheta two tea|Shell Smash|p2a: Cheta two tea\n|-unboost|p2a: Cheta two tea|def|1\n|-unboost|p2a: Cheta two tea|spd|1\n|-boost|p2a: Cheta two tea|atk|2\n|-boost|p2a: Cheta two tea|spa|2\n|-boost|p2a: Cheta two tea|spe|2\n|\n|upkeep\n|turn|6\n|\n|t:|1700306946\n|move|p2a: Cheta two tea|Stored Power|p1a: Garchomp\n|-damage|p1a: Garchomp|0 fnt\n|faint|p1a: Garchomp\n|\n|upkeep\n|c|\u2606GodLikeAlon|bro u dun sweeped\n|c|\u2606GodLikeAlon|ngl\n|\n|t:|1700306968\n|switch|p1a: Rillaboom|Rillaboom, M|100\/100\n|-fieldstart|move: Grassy Terrain|[from] ability: Grassy Surge|[of] p1a: Rillaboom\n|turn|7\n|c|\u2606GodLikeAlon|my stored power is 250 dmg\n|c|\u2606GodLikeAlon|**Still 140**\n|\n|t:|1700306984\n|move|p1a: Rillaboom|Grassy Glide|p2a: Cheta two tea\n|-enditem|p2a: Cheta two tea|Focus Sash\n|-damage|p2a: Cheta two tea|1\/100\n|-ability|p2a: Cheta two tea|Weak Armor|boost\n|-unboost|p2a: Cheta two tea|def|1\n|-boost|p2a: Cheta two tea|spe|2\n|move|p2a: Cheta two tea|Stored Power|p1a: Rillaboom\n|-damage|p1a: Rillaboom|0 fnt\n|faint|p1a: Rillaboom\n|\n|-heal|p2a: Cheta two tea|7\/100|[from] Grassy Terrain\n|upkeep\n|\n|t:|1700306996\n|switch|p1a: Torterra|Torterra, F|100\/100\n|turn|8\n|c|\u2606GodLikeAlon|Its like a wise man once said\n|c|\u2606GodLikeAlon|**U are not him**\n|\n|t:|1700307006\n|move|p1a: Torterra|Grassy Glide|p2a: Cheta two tea\n|-damage|p2a: Cheta two tea|0 fnt\n|faint|p2a: Cheta two tea\n|\n|upkeep\n|c|\u2606GodLikeAlon|OMG\n|c|\u2606GodLikeAlon|WHO KEEPS\n|c|\u2606GodLikeAlon|2 POKEMON\n|c|\u2606GodLikeAlon|WITH\n|c|\u2606GodLikeAlon|THAT MOVE\n|\n|t:|1700307021\n|switch|p2a: Hati mera sathi|Great Tusk|100\/100\n|turn|9\n|\n|t:|1700307025\n|move|p2a: Hati mera sathi|Rapid Spin|p1a: Torterra\n|-damage|p1a: Torterra|85\/100\n|-boost|p2a: Hati mera sathi|spe|1\n|-sideend|p2: GodLikeAlon|Stealth Rock|[from] move: Rapid Spin|[of] p2a: Hati mera sathi\n|move|p1a: Torterra|Shell Smash|p1a: Torterra\n|-unboost|p1a: Torterra|def|1\n|-unboost|p1a: Torterra|spd|1\n|-boost|p1a: Torterra|atk|2\n|-boost|p1a: Torterra|spa|2\n|-boost|p1a: Torterra|spe|2\n|\n|-heal|p1a: Torterra|91\/100|[from] Grassy Terrain\n|upkeep\n|turn|10\n|c|\u2606GodLikeAlon|!weak Torterra\n|c| GodLikeAlon|\/raw <div class=\"infobox\">Torterra (ignoring abilities):<br \/><span class=\"message-effect-weak\">Weaknesses<\/span>: Bug, Fire, Flying, <b>Ice<\/b><br \/><span class=\"message-effect-resist\">Resistances<\/span>: Ground, Rock<br \/><span class=\"message-effect-immune\">Immunities<\/span>: Electric, Powder moves, Sandstorm damage<\/div>\n|\n|t:|1700307059\n|-terastallize|p1a: Torterra|Grass\n|move|p1a: Torterra|Grassy Glide|p2a: Hati mera sathi\n|-supereffective|p2a: Hati mera sathi\n|-damage|p2a: Hati mera sathi|0 fnt\n|faint|p2a: Hati mera sathi\n|-end|p2a: Hati mera sathi|Protosynthesis|[silent]\n|\n|-heal|p1a: Torterra|97\/100|[from] Grassy Terrain\n|upkeep\n|\n|t:|1700307068\n|switch|p2a: remember him?|Volcarona, F|100\/100\n|turn|11\n|\n|t:|1700307077\n|move|p1a: Torterra|Wood Hammer|p2a: remember him?\n|-resisted|p2a: remember him?\n|-damage|p2a: remember him?|0 fnt\n|faint|p2a: remember him?\n|-damage|p1a: Torterra|70\/100|[from] Recoil\n|\n|-heal|p1a: Torterra|76\/100|[from] Grassy Terrain\n|upkeep\n|c|\u2606GodLikeAlon|Aw damn\n|\n|t:|1700307089\n|switch|p2a: does he know??|Hatterene, F|100\/100\n|turn|12\n|\n|t:|1700307095\n|-terastallize|p2a: does he know??|Fire\n|move|p1a: Torterra|Wood Hammer|p2a: does he know??\n|-resisted|p2a: does he know??\n|-damage|p2a: does he know??|0 fnt\n|faint|p2a: does he know??\n|-damage|p1a: Torterra|48\/100|[from] Recoil\n|\n|win|bazhujiadenvfen\n|raw|bazhujiadenvfen's rating: 1189 &rarr; <strong>1208<\/strong><br \/>(+19 for winning)\n|raw|GodLikeAlon's rating: 1102 &rarr; <strong>1083<\/strong><br \/>(-19 for losing)\n|l|\u2606GodLikeAlon\n","uploadtime":1700307154,"views":19,"p1id":"bazhujiadenvfen","p2id":"godlikealon","formatid":"gen9nationaldex","rating":1083,"private":0,"password":""}