{"id":"gen9nationaldex-1988856897","p1":"PapayaStupid","p2":"doghhh","format":"[Gen 9] National Dex","log":"|j|\u2606PapayaStupid\n|j|\u2606doghhh\n|t:|1699774950\n|gametype|singles\n|player|p1|PapayaStupid|dawn-gen4pt|1370\n|player|p2|doghhh|bugcatcher-gen4dp|1401\n|teamsize|p1|6\n|teamsize|p2|6\n|gen|9\n|tier|[Gen 9] National Dex\n|rated|\n|rule|HP Percentage Mod: HP is shown in percentages\n|rule|Endless Battle Clause: Forcing endless battles is banned\n|rule|OHKO Clause: OHKO moves are banned\n|rule|Evasion Clause: Evasion abilities, items, and moves are banned\n|rule|Evasion Abilities Clause: Evasion abilities are banned\n|rule|Evasion Items Clause: Evasion items are banned\n|rule|Evasion Moves Clause: Evasion moves are banned\n|rule|Species Clause: Limit one of each Pok\u00e9mon\n|rule|Sleep Clause Mod: Limit one foe put to sleep\n|clearpoke\n|poke|p1|Tyranitar, M|\n|poke|p1|Garchomp, F|\n|poke|p1|Alomomola, F|\n|poke|p1|Zapdos|\n|poke|p1|Garganacl, F|\n|poke|p1|Iron Moth|\n|poke|p2|Zapdos|\n|poke|p2|Pelipper, F|\n|poke|p2|Swampert, M|\n|poke|p2|Barraskewda, M|\n|poke|p2|Moltres|\n|poke|p2|Ogerpon-Wellspring, F|\n|teampreview\n|\n|t:|1699774967\n|start\n|switch|p1a: Tyranitar|Tyranitar, M, shiny|100\/100\n|switch|p2a: Pelipper|Pelipper, F|100\/100\n|-weather|Sandstorm|[from] ability: Sand Stream|[of] p1a: Tyranitar\n|-weather|RainDance|[from] ability: Drizzle|[of] p2a: Pelipper\n|turn|1\n|\n|t:|1699774995\n|detailschange|p1a: Tyranitar|Tyranitar-Mega, M, shiny\n|-mega|p1a: Tyranitar|Tyranitar|Tyranitarite\n|-weather|Sandstorm|[from] ability: Sand Stream|[of] p1a: Tyranitar\n|move|p1a: Tyranitar|Stealth Rock|p2a: Pelipper\n|-sidestart|p2: doghhh|move: Stealth Rock\n|move|p2a: Pelipper|U-turn|p1a: Tyranitar\n|-supereffective|p1a: Tyranitar\n|-damage|p1a: Tyranitar|91\/100\n|inactive|Battle timer is ON: inactive players will automatically lose when time's up. (requested by doghhh)\n|\n|t:|1699775028\n|switch|p2a: Swampert|Swampert, M|100\/100|[from] U-turn\n|-damage|p2a: Swampert|94\/100|[from] Stealth Rock\n|\n|-weather|Sandstorm|[upkeep]\n|upkeep\n|turn|2\n|\n|t:|1699775035\n|switch|p1a: Zapdos|Zapdos|100\/100\n|detailschange|p2a: Swampert|Swampert-Mega, M\n|-mega|p2a: Swampert|Swampert|Swampertite\n|move|p2a: Swampert|Earthquake|p1a: Zapdos\n|-immune|p1a: Zapdos\n|\n|-weather|Sandstorm|[upkeep]\n|-damage|p1a: Zapdos|94\/100|[from] Sandstorm\n|upkeep\n|turn|3\n|\n|t:|1699775050\n|move|p2a: Swampert|Earthquake|p1a: Zapdos\n|-immune|p1a: Zapdos\n|move|p1a: Zapdos|Volt Switch|p2a: Swampert\n|-immune|p2a: Swampert\n|\n|-weather|Sandstorm|[upkeep]\n|-damage|p1a: Zapdos|88\/100|[from] Sandstorm\n|upkeep\n|turn|4\n|\n|t:|1699775059\n|move|p2a: Swampert|Earthquake|p1a: Zapdos\n|-immune|p1a: Zapdos\n|move|p1a: Zapdos|Hurricane|p2a: Swampert|[miss]\n|-miss|p1a: Zapdos|p2a: Swampert\n|\n|-weather|Sandstorm|[upkeep]\n|-damage|p1a: Zapdos|82\/100|[from] Sandstorm\n|upkeep\n|turn|5\n|\n|t:|1699775070\n|move|p2a: Swampert|Ice Punch|p1a: Zapdos\n|-supereffective|p1a: Zapdos\n|-damage|p1a: Zapdos|39\/100\n|-status|p2a: Swampert|par|[from] ability: Static|[of] p1a: Zapdos\n|move|p1a: Zapdos|Volt Switch|p2a: Swampert\n|-immune|p2a: Swampert\n|\n|-weather|none\n|upkeep\n|turn|6\n|\n|t:|1699775080\n|move|p1a: Zapdos|Hurricane|p2a: Swampert|[miss]\n|-miss|p1a: Zapdos|p2a: Swampert\n|move|p2a: Swampert|Earthquake|p1a: Zapdos\n|-immune|p1a: Zapdos\n|\n|upkeep\n|turn|7\n|\n|t:|1699775088\n|move|p1a: Zapdos|Hurricane|p2a: Swampert\n|-damage|p2a: Swampert|51\/100 par\n|move|p2a: Swampert|Ice Punch|p1a: Zapdos\n|-supereffective|p1a: Zapdos\n|-damage|p1a: Zapdos|0 fnt\n|faint|p1a: Zapdos\n|\n|upkeep\n|\n|t:|1699775102\n|switch|p1a: Iron Moth|Iron Moth|100\/100\n|turn|8\n|\n|t:|1699775123\n|move|p1a: Iron Moth|U-turn|p2a: Swampert\n|-damage|p2a: Swampert|41\/100 par\n|\n|t:|1699775127\n|-end|p1a: Iron Moth|Quark Drive|[silent]\n|switch|p1a: Alomomola|Alomomola, F|100\/100|[from] U-turn\n|move|p2a: Swampert|Earthquake|p1a: Alomomola\n|-damage|p1a: Alomomola|63\/100\n|\n|upkeep\n|turn|9\n|\n|t:|1699775138\n|move|p1a: Alomomola|Wish|p1a: Alomomola\n|move|p2a: Swampert|Earthquake|p1a: Alomomola\n|-damage|p1a: Alomomola|22\/100\n|\n|upkeep\n|turn|10\n|\n|t:|1699775150\n|move|p1a: Alomomola|Protect|p1a: Alomomola\n|-singleturn|p1a: Alomomola|Protect\n|move|p2a: Swampert|Earthquake|p1a: Alomomola\n|-activate|p1a: Alomomola|move: Protect\n|\n|-heal|p1a: Alomomola|72\/100|[from] move: Wish|[wisher] Alomomola\n|upkeep\n|turn|11\n|\n|t:|1699775167\n|move|p1a: Alomomola|Whirlpool|p2a: Swampert\n|-damage|p2a: Swampert|36\/100 par\n|-activate|p2a: Swampert|move: Whirlpool|[of] p1a: Alomomola\n|move|p2a: Swampert|Earthquake|p1a: Alomomola\n|-damage|p1a: Alomomola|37\/100\n|\n|-damage|p2a: Swampert|24\/100 par|[from] move: Whirlpool|[partiallytrapped]\n|upkeep\n|turn|12\n|\n|t:|1699775182\n|move|p1a: Alomomola|Protect|p1a: Alomomola\n|-singleturn|p1a: Alomomola|Protect\n|move|p2a: Swampert|Earthquake|p1a: Alomomola\n|-activate|p1a: Alomomola|move: Protect\n|\n|-damage|p2a: Swampert|12\/100 par|[from] move: Whirlpool|[partiallytrapped]\n|upkeep\n|turn|13\n|\n|t:|1699775199\n|switch|p1a: Garchomp|Garchomp, F, shiny|100\/100\n|move|p2a: Swampert|Earthquake|p1a: Garchomp\n|-damage|p1a: Garchomp|37\/100\n|\n|-end|p2a: Swampert|Whirlpool|[partiallytrapped]|[silent]\n|upkeep\n|turn|14\n|\n|t:|1699775216\n|move|p1a: Garchomp|Earthquake|p2a: Swampert\n|-crit|p2a: Swampert\n|-damage|p2a: Swampert|0 fnt\n|faint|p2a: Swampert\n|-damage|p1a: Garchomp|28\/100|[from] item: Life Orb\n|\n|upkeep\n|inactive|doghhh has 120 seconds left.\n|inactive|doghhh has 90 seconds left.\n|\n|t:|1699775276\n|switch|p2a: Barraskewda|Barraskewda, M, shiny|100\/100\n|-damage|p2a: Barraskewda|88\/100|[from] Stealth Rock\n|turn|15\n|inactive|doghhh has 90 seconds left.\n|inactive|PapayaStupid has 120 seconds left.\n|\n|t:|1699775302\n|switch|p1a: Alomomola|Alomomola, F|71\/100\n|move|p2a: Barraskewda|Close Combat|p1a: Alomomola\n|-damage|p1a: Alomomola|38\/100\n|-unboost|p2a: Barraskewda|def|1\n|-unboost|p2a: Barraskewda|spd|1\n|-damage|p2a: Barraskewda|78\/100|[from] item: Life Orb\n|\n|upkeep\n|turn|16\n|inactive|PapayaStupid has 120 seconds left.\n|inactive|doghhh has 90 seconds left.\n|\n|t:|1699775314\n|move|p2a: Barraskewda|Close Combat|p1a: Alomomola\n|-damage|p1a: Alomomola|1\/100\n|-unboost|p2a: Barraskewda|def|1\n|-unboost|p2a: Barraskewda|spd|1\n|-damage|p2a: Barraskewda|69\/100|[from] item: Life Orb\n|move|p1a: Alomomola|Wish|p1a: Alomomola\n|\n|upkeep\n|turn|17\n|inactive|PapayaStupid has 120 seconds left.\n|inactive|doghhh has 90 seconds left.\n|inactive|doghhh has 60 seconds left.\n|\n|t:|1699775356\n|move|p1a: Alomomola|Protect|p1a: Alomomola\n|-singleturn|p1a: Alomomola|Protect\n|move|p2a: Barraskewda|Close Combat|p1a: Alomomola\n|-activate|p1a: Alomomola|move: Protect\n|\n|-heal|p1a: Alomomola|51\/100|[from] move: Wish|[wisher] Alomomola\n|upkeep\n|turn|18\n|inactive|PapayaStupid has 120 seconds left.\n|\n|t:|1699775368\n|move|p2a: Barraskewda|Close Combat|p1a: Alomomola\n|-damage|p1a: Alomomola|17\/100\n|-unboost|p2a: Barraskewda|def|1\n|-unboost|p2a: Barraskewda|spd|1\n|-damage|p2a: Barraskewda|59\/100|[from] item: Life Orb\n|move|p1a: Alomomola|Wish|p1a: Alomomola\n|\n|upkeep\n|turn|19\n|inactive|doghhh has 60 seconds left.\n|\n|t:|1699775397\n|switch|p2a: Pelipper|Pelipper, F|100\/100\n|-damage|p2a: Pelipper|75\/100|[from] Stealth Rock\n|-weather|RainDance|[from] ability: Drizzle|[of] p2a: Pelipper\n|move|p1a: Alomomola|Protect||[still]\n|-fail|p1a: Alomomola\n|\n|-weather|RainDance|[upkeep]\n|-heal|p1a: Alomomola|67\/100|[from] move: Wish|[wisher] Alomomola\n|upkeep\n|turn|20\n|inactive|PapayaStupid has 120 seconds left.\n|\n|t:|1699775415\n|move|p2a: Pelipper|Defog|p1a: Alomomola\n|-unboost|p1a: Alomomola|evasion|1\n|-sideend|p2: doghhh|Stealth Rock|[from] move: Defog|[of] p2a: Pelipper\n|move|p1a: Alomomola|Whirlpool|p2a: Pelipper\n|-resisted|p2a: Pelipper\n|-damage|p2a: Pelipper|71\/100\n|-activate|p2a: Pelipper|move: Whirlpool|[of] p1a: Alomomola\n|\n|-weather|RainDance|[upkeep]\n|-damage|p2a: Pelipper|59\/100|[from] move: Whirlpool|[partiallytrapped]\n|upkeep\n|turn|21\n|inactive|PapayaStupid has 120 seconds left.\n|\n|t:|1699775426\n|move|p1a: Alomomola|Protect|p1a: Alomomola\n|-singleturn|p1a: Alomomola|Protect\n|move|p2a: Pelipper|Toxic|p1a: Alomomola\n|-activate|p1a: Alomomola|move: Protect\n|\n|-weather|RainDance|[upkeep]\n|-damage|p2a: Pelipper|46\/100|[from] move: Whirlpool|[partiallytrapped]\n|upkeep\n|turn|22\n|inactive|doghhh has 60 seconds left.\n|inactive|PapayaStupid has 120 seconds left.\n|\n|t:|1699775452\n|switch|p1a: Garganacl|Garganacl, F, shiny|100\/100\n|move|p2a: Pelipper|Toxic|p1a: Garganacl\n|-immune|p1a: Garganacl|[from] ability: Purifying Salt\n|\n|-weather|RainDance|[upkeep]\n|-end|p2a: Pelipper|Whirlpool|[partiallytrapped]|[silent]\n|upkeep\n|turn|23\n|\n|t:|1699775465\n|move|p2a: Pelipper|Scald|p1a: Garganacl\n|-supereffective|p1a: Garganacl\n|-damage|p1a: Garganacl|47\/100\n|move|p1a: Garganacl|Iron Defense|p1a: Garganacl\n|-boost|p1a: Garganacl|def|2\n|\n|-weather|RainDance|[upkeep]\n|-heal|p1a: Garganacl|53\/100|[from] item: Leftovers\n|upkeep\n|turn|24\n|\n|t:|1699775476\n|-terastallize|p1a: Garganacl|Fighting\n|move|p2a: Pelipper|Scald|p1a: Garganacl\n|-damage|p1a: Garganacl|28\/100\n|move|p1a: Garganacl|Recover|p1a: Garganacl\n|-heal|p1a: Garganacl|78\/100\n|\n|-weather|RainDance|[upkeep]\n|-heal|p1a: Garganacl|84\/100|[from] item: Leftovers\n|upkeep\n|turn|25\n|inactive|doghhh has 60 seconds left.\n|\n|t:|1699775506\n|move|p2a: Pelipper|U-turn|p1a: Garganacl\n|-resisted|p1a: Garganacl\n|-damage|p1a: Garganacl|82\/100\n|\n|t:|1699775514\n|switch|p2a: Zapdos|Zapdos, shiny|100\/100|[from] U-turn\n|move|p1a: Garganacl|Recover|p1a: Garganacl\n|-heal|p1a: Garganacl|100\/100\n|\n|-weather|RainDance|[upkeep]\n|upkeep\n|turn|26\n|inactive|doghhh has 60 seconds left.\n|\n|t:|1699775535\n|switch|p1a: Tyranitar|Tyranitar-Mega, M, shiny|91\/100\n|-weather|Sandstorm|[from] ability: Sand Stream|[of] p1a: Tyranitar\n|move|p2a: Zapdos|Hurricane|p1a: Tyranitar|[miss]\n|-miss|p2a: Zapdos|p1a: Tyranitar\n|\n|-weather|Sandstorm|[upkeep]\n|-damage|p2a: Zapdos|94\/100|[from] Sandstorm\n|-heal|p2a: Zapdos|100\/100|[from] item: Leftovers\n|upkeep\n|turn|27\n|inactive|doghhh has 60 seconds left.\n|inactive|PapayaStupid has 90 seconds left.\n|\n|t:|1699775564\n|move|p2a: Zapdos|Volt Switch|p1a: Tyranitar\n|-damage|p1a: Tyranitar|80\/100\n|\n|t:|1699775568\n|switch|p2a: Pelipper|Pelipper, F|46\/100|[from] Volt Switch\n|-weather|RainDance|[from] ability: Drizzle|[of] p2a: Pelipper\n|move|p1a: Tyranitar|Thunder Wave|p2a: Pelipper\n|-status|p2a: Pelipper|par\n|\n|-weather|RainDance|[upkeep]\n|upkeep\n|turn|28\n|inactive|PapayaStupid has 90 seconds left.\n|\n|t:|1699775584\n|move|p1a: Tyranitar|Ice Beam|p2a: Pelipper\n|-damage|p2a: Pelipper|25\/100 par\n|move|p2a: Pelipper|U-turn|p1a: Tyranitar\n|-supereffective|p1a: Tyranitar\n|-damage|p1a: Tyranitar|70\/100\n|inactive|doghhh has 60 seconds left.\n|\n|t:|1699775610\n|switch|p2a: Ogerpon|Ogerpon-Wellspring, F|100\/100|[from] U-turn\n|\n|-weather|RainDance|[upkeep]\n|upkeep\n|turn|29\n|inactive|PapayaStupid has 90 seconds left.\n|\n|t:|1699775630\n|move|p2a: Ogerpon|Horn Leech|p1a: Tyranitar\n|-supereffective|p1a: Tyranitar\n|-damage|p1a: Tyranitar|18\/100\n|move|p1a: Tyranitar|Thunder Wave|p2a: Ogerpon\n|-status|p2a: Ogerpon|par\n|\n|-weather|RainDance|[upkeep]\n|upkeep\n|turn|30\n|inactive|PapayaStupid has 90 seconds left.\n|\n|t:|1699775650\n|switch|p1a: Iron Moth|Iron Moth|100\/100\n|move|p2a: Ogerpon|Ivy Cudgel|p1a: Iron Moth\n|-supereffective|p1a: Iron Moth\n|-damage|p1a: Iron Moth|0 fnt\n|faint|p1a: Iron Moth\n|-end|p1a: Iron Moth|Quark Drive|[silent]\n|\n|-weather|RainDance|[upkeep]\n|upkeep\n|\n|t:|1699775667\n|switch|p1a: Garganacl|Garganacl, F, shiny, tera:Fighting|100\/100\n|turn|31\n|inactive|doghhh has 30 seconds left.\n|inactive|doghhh has 20 seconds left.\n|inactive|doghhh has 15 seconds left.\n|\n|t:|1699775703\n|move|p2a: Ogerpon|Ivy Cudgel|p1a: Garganacl\n|-damage|p1a: Garganacl|39\/100\n|move|p1a: Garganacl|Iron Defense|p1a: Garganacl\n|-boost|p1a: Garganacl|def|2\n|\n|-weather|RainDance|[upkeep]\n|-heal|p1a: Garganacl|45\/100|[from] item: Leftovers\n|upkeep\n|turn|32\n|inactive|doghhh has 25 seconds left this turn.\n|inactive|doghhh has 20 seconds left.\n|\n|t:|1699775720\n|-terastallize|p2a: Ogerpon|Water\n|detailschange|p2a: Ogerpon|Ogerpon-Wellspring-Tera, F, tera:Water\n|-ability|p2a: Ogerpon|Embody Aspect (Wellspring)|boost\n|-boost|p2a: Ogerpon|spd|1\n|cant|p2a: Ogerpon|par\n|move|p1a: Garganacl|Recover|p1a: Garganacl\n|-heal|p1a: Garganacl|95\/100\n|\n|-weather|RainDance|[upkeep]\n|-heal|p1a: Garganacl|100\/100|[from] item: Leftovers\n|upkeep\n|turn|33\n|inactive|doghhh has 30 seconds left this turn.\n|\n|t:|1699775733\n|move|p2a: Ogerpon|Ivy Cudgel|p1a: Garganacl\n|-damage|p1a: Garganacl|62\/100\n|move|p1a: Garganacl|Body Press|p2a: Ogerpon\n|-damage|p2a: Ogerpon|10\/100 par\n|\n|-weather|RainDance|[upkeep]\n|-heal|p1a: Garganacl|69\/100|[from] item: Leftovers\n|upkeep\n|turn|34\n|inactive|doghhh has 30 seconds left.\n|\n|t:|1699775747\n|cant|p2a: Ogerpon|par\n|move|p1a: Garganacl|Recover|p1a: Garganacl\n|-heal|p1a: Garganacl|100\/100\n|\n|-weather|none\n|upkeep\n|turn|35\n|inactive|doghhh has 30 seconds left.\n|\n|t:|1699775759\n|switch|p2a: Pelipper|Pelipper, F|25\/100 par\n|-weather|RainDance|[from] ability: Drizzle|[of] p2a: Pelipper\n|move|p1a: Garganacl|Salt Cure|p2a: Pelipper\n|-supereffective|p2a: Pelipper\n|-damage|p2a: Pelipper|0 fnt\n|faint|p2a: Pelipper\n|\n|-weather|RainDance|[upkeep]\n|upkeep\n|inactive|doghhh has 30 seconds left.\n|inactive|doghhh has 20 seconds left.\n|inactive|doghhh has 15 seconds left.\n|\n|t:|1699775782\n|switch|p2a: Zapdos|Zapdos, shiny|100\/100\n|turn|36\n|inactive|doghhh has 25 seconds left this turn.\n|inactive|doghhh has 20 seconds left.\n|\n|t:|1699775788\n|move|p2a: Zapdos|Hurricane|p1a: Garganacl\n|-supereffective|p1a: Garganacl\n|-damage|p1a: Garganacl|37\/100\n|-start|p1a: Garganacl|confusion\n|-activate|p1a: Garganacl|confusion\n|-damage|p1a: Garganacl|34\/100|[from] confusion\n|\n|-weather|RainDance|[upkeep]\n|-heal|p1a: Garganacl|40\/100|[from] item: Leftovers\n|upkeep\n|turn|37\n|inactive|doghhh has 30 seconds left this turn.\n|inactive|doghhh has 20 seconds left.\n|inactive|doghhh has 15 seconds left.\n|\n|t:|1699775805\n|move|p2a: Zapdos|Hurricane|p1a: Garganacl\n|-supereffective|p1a: Garganacl\n|-damage|p1a: Garganacl|0 fnt\n|faint|p1a: Garganacl\n|\n|-weather|RainDance|[upkeep]\n|upkeep\n|inactive|doghhh has 20 seconds left this turn.\n|\n|t:|1699775818\n|switch|p1a: Garchomp|Garchomp, F, shiny|28\/100\n|turn|38\n|inactive|doghhh has 30 seconds left this turn.\n|\n|t:|1699775827\n|move|p1a: Garchomp|Stone Edge|p2a: Zapdos\n|-supereffective|p2a: Zapdos\n|-damage|p2a: Zapdos|6\/100\n|-damage|p1a: Garchomp|18\/100|[from] item: Life Orb\n|move|p2a: Zapdos|Hurricane|p1a: Garchomp\n|-damage|p1a: Garchomp|0 fnt\n|faint|p1a: Garchomp\n|\n|-weather|RainDance|[upkeep]\n|-heal|p2a: Zapdos|13\/100|[from] item: Leftovers\n|upkeep\n|inactive|doghhh has 30 seconds left this turn.\n|\n|t:|1699775839\n|switch|p1a: Tyranitar|Tyranitar-Mega, M, shiny|18\/100\n|-weather|Sandstorm|[from] ability: Sand Stream|[of] p1a: Tyranitar\n|turn|39\n|\n|t:|1699775845\n|move|p2a: Zapdos|Volt Switch|p1a: Tyranitar\n|-damage|p1a: Tyranitar|4\/100\n|inactive|doghhh has 30 seconds left.\n|\n|t:|1699775865\n|switch|p2a: Moltres|Moltres, shiny|100\/100|[from] Volt Switch\n|move|p1a: Tyranitar|Ice Beam|p2a: Moltres\n|-damage|p2a: Moltres|76\/100\n|\n|-weather|Sandstorm|[upkeep]\n|-damage|p2a: Moltres|70\/100|[from] Sandstorm\n|upkeep\n|turn|40\n|inactive|PapayaStupid has 90 seconds left.\n|inactive|doghhh has 30 seconds left.\n|\n|t:|1699775879\n|switch|p1a: Alomomola|Alomomola, F|100\/100\n|move|p2a: Moltres|Flamethrower|p1a: Alomomola\n|-resisted|p1a: Alomomola\n|-damage|p1a: Alomomola|81\/100\n|\n|-weather|Sandstorm|[upkeep]\n|-damage|p2a: Moltres|64\/100|[from] Sandstorm\n|-damage|p1a: Alomomola|75\/100|[from] Sandstorm\n|upkeep\n|turn|41\n|inactive|doghhh has 30 seconds left.\n|\n|t:|1699775891\n|move|p2a: Moltres|Toxic|p1a: Alomomola\n|-status|p1a: Alomomola|tox\n|move|p1a: Alomomola|Wish|p1a: Alomomola\n|\n|-weather|Sandstorm|[upkeep]\n|-damage|p2a: Moltres|57\/100|[from] Sandstorm\n|-damage|p1a: Alomomola|69\/100 tox|[from] Sandstorm\n|-damage|p1a: Alomomola|63\/100 tox|[from] psn\n|upkeep\n|turn|42\n|inactive|doghhh has 30 seconds left.\n|\n|t:|1699775906\n|switch|p1a: Tyranitar|Tyranitar-Mega, M, shiny|4\/100\n|move|p2a: Moltres|Roost|p2a: Moltres\n|-heal|p2a: Moltres|100\/100\n|-singleturn|p2a: Moltres|move: Roost\n|\n|-weather|Sandstorm|[upkeep]\n|-damage|p2a: Moltres|94\/100|[from] Sandstorm\n|-heal|p1a: Tyranitar|71\/100|[from] move: Wish|[wisher] Alomomola\n|upkeep\n|turn|43\n|inactive|doghhh has 30 seconds left.\n|inactive|doghhh has 20 seconds left.\n|\n|t:|1699775922\n|move|p2a: Moltres|Toxic|p1a: Tyranitar\n|-status|p1a: Tyranitar|tox\n|move|p1a: Tyranitar|Thunder Wave|p2a: Moltres\n|-status|p2a: Moltres|par\n|\n|-weather|none\n|-damage|p1a: Tyranitar|64\/100 tox|[from] psn\n|upkeep\n|turn|44\n|inactive|doghhh has 30 seconds left this turn.\n|inactive|doghhh has 20 seconds left.\n|inactive|PapayaStupid has 90 seconds left.\n|inactive|doghhh has 15 seconds left.\n|\n|t:|1699775938\n|move|p1a: Tyranitar|Stealth Rock|p2a: Moltres\n|-sidestart|p2: doghhh|move: Stealth Rock\n|move|p2a: Moltres|Flamethrower|p1a: Tyranitar\n|-resisted|p1a: Tyranitar\n|-damage|p1a: Tyranitar|52\/100 tox\n|\n|-damage|p1a: Tyranitar|40\/100 tox|[from] psn\n|upkeep\n|turn|45\n|inactive|doghhh has 25 seconds left this turn.\n|inactive|doghhh has 20 seconds left.\n|inactive|doghhh has 15 seconds left.\n|inactive|doghhh has 10 seconds left.\n|inactive|doghhh has 5 seconds left.\n|\n|t:|1699775959\n|switch|p1a: Alomomola|Alomomola, F|96\/100 tox\n|cant|p2a: Moltres|par\n|\n|-damage|p1a: Alomomola|90\/100 tox|[from] psn\n|upkeep\n|turn|46\n|inactive|doghhh has 15 seconds left this turn.\n|inactive|doghhh has 10 seconds left.\n|\n|t:|1699775968\n|switch|p2a: Barraskewda|Barraskewda, M, shiny|59\/100\n|-damage|p2a: Barraskewda|47\/100|[from] Stealth Rock\n|move|p1a: Alomomola|Whirlpool|p2a: Barraskewda\n|-resisted|p2a: Barraskewda\n|-damage|p2a: Barraskewda|40\/100\n|-activate|p2a: Barraskewda|move: Whirlpool|[of] p1a: Alomomola\n|\n|-damage|p1a: Alomomola|77\/100 tox|[from] psn\n|-damage|p2a: Barraskewda|28\/100|[from] move: Whirlpool|[partiallytrapped]\n|upkeep\n|turn|47\n|inactive|doghhh has 20 seconds left this turn.\n|inactive|doghhh has 15 seconds left.\n|inactive|doghhh has 10 seconds left.\n|\n|t:|1699775981\n|move|p2a: Barraskewda|Close Combat|p1a: Alomomola\n|-damage|p1a: Alomomola|46\/100 tox\n|-unboost|p2a: Barraskewda|def|1\n|-unboost|p2a: Barraskewda|spd|1\n|-damage|p2a: Barraskewda|18\/100|[from] item: Life Orb\n|move|p1a: Alomomola|Wish|p1a: Alomomola\n|\n|-damage|p1a: Alomomola|28\/100 tox|[from] psn\n|-damage|p2a: Barraskewda|6\/100|[from] move: Whirlpool|[partiallytrapped]\n|upkeep\n|turn|48\n|inactive|doghhh has 20 seconds left this turn.\n|inactive|doghhh has 15 seconds left.\n|inactive|doghhh has 10 seconds left.\n|\n|t:|1699775994\n|move|p1a: Alomomola|Protect|p1a: Alomomola\n|-singleturn|p1a: Alomomola|Protect\n|move|p2a: Barraskewda|Close Combat|p1a: Alomomola\n|-activate|p1a: Alomomola|move: Protect\n|\n|-heal|p1a: Alomomola|78\/100 tox|[from] move: Wish|[wisher] Alomomola\n|-damage|p1a: Alomomola|53\/100 tox|[from] psn\n|-damage|p2a: Barraskewda|0 fnt|[from] move: Whirlpool|[partiallytrapped]\n|faint|p2a: Barraskewda\n|upkeep\n|inactive|doghhh has 15 seconds left this turn.\n|inactive|doghhh has 10 seconds left.\n|inactive|doghhh has 5 seconds left.\n|\n|t:|1699776007\n|switch|p2a: Ogerpon|Ogerpon-Wellspring-Tera, F, tera:Water|10\/100 par\n|-damage|p2a: Ogerpon|0 fnt|[from] Stealth Rock\n|faint|p2a: Ogerpon\n|inactive|doghhh has 10 seconds left this turn.\n|inactive|doghhh has 5 seconds left.\n|\n|t:|1699776017\n|switch|p2a: Moltres|Moltres, shiny|94\/100 par\n|turn|49\n|inactive|doghhh has 15 seconds left this turn.\n|inactive|doghhh has 10 seconds left.\n|\n|t:|1699776024\n|switch|p1a: Tyranitar|Tyranitar-Mega, M, shiny|40\/100 tox\n|-weather|Sandstorm|[from] ability: Sand Stream|[of] p1a: Tyranitar\n|cant|p2a: Moltres|par\n|\n|-weather|Sandstorm|[upkeep]\n|-damage|p2a: Moltres|88\/100 par|[from] Sandstorm\n|-damage|p1a: Tyranitar|34\/100 tox|[from] psn\n|upkeep\n|turn|50\n|inactive|doghhh has 20 seconds left this turn.\n|inactive|PapayaStupid has 120 seconds left.\n|inactive|doghhh has 15 seconds left.\n|\n|t:|1699776040\n|move|p1a: Tyranitar|Ice Beam|p2a: Moltres\n|-damage|p2a: Moltres|64\/100 par\n|move|p2a: Moltres|Flamethrower|p1a: Tyranitar\n|-resisted|p1a: Tyranitar\n|-damage|p1a: Tyranitar|25\/100 tox\n|\n|-weather|Sandstorm|[upkeep]\n|-damage|p2a: Moltres|57\/100 par|[from] Sandstorm\n|-damage|p1a: Tyranitar|13\/100 tox|[from] psn\n|upkeep\n|turn|51\n|inactive|doghhh has 25 seconds left this turn.\n|inactive|doghhh has 20 seconds left.\n|inactive|doghhh has 15 seconds left.\n|inactive|doghhh has 10 seconds left.\n|\n|t:|1699776055\n|switch|p1a: Alomomola|Alomomola, F|86\/100 tox\n|move|p2a: Moltres|Roost|p2a: Moltres\n|-heal|p2a: Moltres|100\/100 par\n|-singleturn|p2a: Moltres|move: Roost\n|\n|-weather|Sandstorm|[upkeep]\n|-damage|p1a: Alomomola|80\/100 tox|[from] Sandstorm\n|-damage|p2a: Moltres|94\/100 par|[from] Sandstorm\n|-damage|p1a: Alomomola|74\/100 tox|[from] psn\n|upkeep\n|turn|52\n|inactive|doghhh has 20 seconds left this turn.\n|inactive|doghhh has 15 seconds left.\n|inactive|doghhh has 10 seconds left.\n|inactive|doghhh has 5 seconds left.\n|\n|t:|1699776071\n|move|p1a: Alomomola|Whirlpool|p2a: Moltres\n|-supereffective|p2a: Moltres\n|-damage|p2a: Moltres|83\/100 par\n|-activate|p2a: Moltres|move: Whirlpool|[of] p1a: Alomomola\n|move|p2a: Moltres|Hurricane|p1a: Alomomola\n|-damage|p1a: Alomomola|24\/100 tox\n|\n|-weather|Sandstorm|[upkeep]\n|-damage|p1a: Alomomola|18\/100 tox|[from] Sandstorm\n|-damage|p2a: Moltres|77\/100 par|[from] Sandstorm\n|-damage|p1a: Alomomola|6\/100 tox|[from] psn\n|-damage|p2a: Moltres|65\/100 par|[from] move: Whirlpool|[partiallytrapped]\n|upkeep\n|turn|53\n|inactive|doghhh has 15 seconds left this turn.\n|inactive|doghhh has 10 seconds left.\n|inactive|doghhh has 5 seconds left.\n|\n|t:|1699776093\n|switch|p1a: Tyranitar|Tyranitar-Mega, M, shiny|13\/100 tox\n|move|p2a: Moltres|Roost|p2a: Moltres\n|-heal|p2a: Moltres|100\/100 par\n|-singleturn|p2a: Moltres|move: Roost\n|\n|-weather|none\n|-damage|p1a: Tyranitar|7\/100 tox|[from] psn\n|-end|p2a: Moltres|Whirlpool|[partiallytrapped]|[silent]\n|upkeep\n|turn|54\n|inactive|doghhh has 15 seconds left this turn.\n|inactive|doghhh has 10 seconds left.\n|\n|t:|1699776111\n|switch|p1a: Alomomola|Alomomola, F|39\/100 tox\n|move|p2a: Moltres|Hurricane|p1a: Alomomola|[miss]\n|-miss|p2a: Moltres|p1a: Alomomola\n|\n|-damage|p1a: Alomomola|33\/100 tox|[from] psn\n|upkeep\n|turn|55\n|inactive|doghhh has 20 seconds left this turn.\n|inactive|doghhh has 15 seconds left.\n|\n|t:|1699776122\n|move|p1a: Alomomola|Wish|p1a: Alomomola\n|cant|p2a: Moltres|par\n|\n|-damage|p1a: Alomomola|20\/100 tox|[from] psn\n|upkeep\n|turn|56\n|inactive|doghhh has 25 seconds left this turn.\n|inactive|doghhh has 20 seconds left.\n|\n|t:|1699776130\n|move|p1a: Alomomola|Protect|p1a: Alomomola\n|-singleturn|p1a: Alomomola|Protect\n|cant|p2a: Moltres|par\n|\n|-heal|p1a: Alomomola|70\/100 tox|[from] move: Wish|[wisher] Alomomola\n|-damage|p1a: Alomomola|52\/100 tox|[from] psn\n|upkeep\n|turn|57\n|inactive|doghhh has 30 seconds left this turn.\n|\n|t:|1699776141\n|move|p1a: Alomomola|Wish|p1a: Alomomola\n|cant|p2a: Moltres|par\n|\n|-damage|p1a: Alomomola|27\/100 tox|[from] psn\n|upkeep\n|turn|58\n|inactive|doghhh has 30 seconds left.\n|\n|t:|1699776151\n|move|p1a: Alomomola|Whirlpool|p2a: Moltres\n|-supereffective|p2a: Moltres\n|-damage|p2a: Moltres|89\/100 par\n|-activate|p2a: Moltres|move: Whirlpool|[of] p1a: Alomomola\n|move|p2a: Moltres|Flamethrower|p1a: Alomomola\n|-resisted|p1a: Alomomola\n|-damage|p1a: Alomomola|7\/100 tox\n|\n|-heal|p1a: Alomomola|57\/100 tox|[from] move: Wish|[wisher] Alomomola\n|-damage|p1a: Alomomola|27\/100 tox|[from] psn\n|-damage|p2a: Moltres|77\/100 par|[from] move: Whirlpool|[partiallytrapped]\n|upkeep\n|turn|59\n|inactive|doghhh has 30 seconds left.\n|\n|t:|1699776164\n|switch|p1a: Tyranitar|Tyranitar-Mega, M, shiny|7\/100 tox\n|-weather|Sandstorm|[from] ability: Sand Stream|[of] p1a: Tyranitar\n|move|p2a: Moltres|Hurricane|p1a: Tyranitar\n|-resisted|p1a: Tyranitar\n|-damage|p1a: Tyranitar|0 fnt\n|faint|p1a: Tyranitar\n|\n|-weather|Sandstorm|[upkeep]\n|-damage|p2a: Moltres|70\/100 par|[from] Sandstorm\n|-end|p2a: Moltres|Whirlpool|[partiallytrapped]|[silent]\n|upkeep\n|inactive|PapayaStupid has 90 seconds left.\n|\n|t:|1699776184\n|switch|p1a: Alomomola|Alomomola, F|60\/100 tox\n|turn|60\n|inactive|PapayaStupid has 90 seconds left.\n|\n|t:|1699776196\n|move|p1a: Alomomola|Wish|p1a: Alomomola\n|cant|p2a: Moltres|par\n|\n|-weather|Sandstorm|[upkeep]\n|-damage|p1a: Alomomola|54\/100 tox|[from] Sandstorm\n|-damage|p2a: Moltres|64\/100 par|[from] Sandstorm\n|-damage|p1a: Alomomola|48\/100 tox|[from] psn\n|upkeep\n|turn|61\n|inactive|PapayaStupid has 90 seconds left.\n|\n|t:|1699776208\n|move|p1a: Alomomola|Whirlpool|p2a: Moltres\n|-supereffective|p2a: Moltres\n|-damage|p2a: Moltres|53\/100 par\n|-activate|p2a: Moltres|move: Whirlpool|[of] p1a: Alomomola\n|move|p2a: Moltres|Flamethrower|p1a: Alomomola\n|-resisted|p1a: Alomomola\n|-damage|p1a: Alomomola|26\/100 tox\n|\n|-weather|Sandstorm|[upkeep]\n|-damage|p1a: Alomomola|19\/100 tox|[from] Sandstorm\n|-damage|p2a: Moltres|46\/100 par|[from] Sandstorm\n|-heal|p1a: Alomomola|69\/100 tox|[from] move: Wish|[wisher] Alomomola\n|-damage|p1a: Alomomola|57\/100 tox|[from] psn\n|-damage|p2a: Moltres|34\/100 par|[from] move: Whirlpool|[partiallytrapped]\n|upkeep\n|turn|62\n|inactive|PapayaStupid has 90 seconds left.\n|\n|t:|1699776232\n|move|p1a: Alomomola|Waterfall|p2a: Moltres\n|-supereffective|p2a: Moltres\n|-damage|p2a: Moltres|5\/100 par\n|cant|p2a: Moltres|par\n|\n|-weather|Sandstorm|[upkeep]\n|-damage|p1a: Alomomola|51\/100 tox|[from] Sandstorm\n|-damage|p2a: Moltres|0 fnt|[from] Sandstorm\n|faint|p2a: Moltres\n|-damage|p1a: Alomomola|32\/100 tox|[from] psn\n|upkeep\n|\n|t:|1699776241\n|switch|p2a: Zapdos|Zapdos, shiny|13\/100\n|-damage|p2a: Zapdos|0 fnt|[from] Stealth Rock\n|faint|p2a: Zapdos\n|\n|win|PapayaStupid\n|raw|PapayaStupid's rating: 1370 &rarr; <strong>1392<\/strong><br \/>(+22 for winning)\n|raw|doghhh's rating: 1401 &rarr; <strong>1379<\/strong><br \/>(-22 for losing)\n|l|\u2606doghhh\n|l|\u2606PapayaStupid\n|j|\u2606PapayaStupid\n|player|p1|PapayaStupid|dawn-gen4pt\n","uploadtime":1699776327,"views":10,"p1id":"papayastupid","p2id":"doghhh","formatid":"gen9nationaldex","rating":1379,"private":0,"password":""}