{"id":"gen9nationaldex-1987492786","p1":"Jjjjjjjgamesyt","p2":"Divimen","format":"[Gen 9] National Dex","log":"|j|\u2606Jjjjjjjgamesyt\n|j|\u2606Divimen\n|t:|1699600906\n|gametype|singles\n|player|p1|Jjjjjjjgamesyt|1|1078\n|player|p2|Divimen|2|1154\n|teamsize|p1|6\n|teamsize|p2|6\n|gen|9\n|tier|[Gen 9] National Dex\n|rated|\n|rule|HP Percentage Mod: HP is shown in percentages\n|rule|Endless Battle Clause: Forcing endless battles is banned\n|rule|OHKO Clause: OHKO moves are banned\n|rule|Evasion Clause: Evasion abilities, items, and moves are banned\n|rule|Evasion Abilities Clause: Evasion abilities are banned\n|rule|Evasion Items Clause: Evasion items are banned\n|rule|Evasion Moves Clause: Evasion moves are banned\n|rule|Species Clause: Limit one of each Pok\u00e9mon\n|rule|Sleep Clause Mod: Limit one foe put to sleep\n|clearpoke\n|poke|p1|Iron Valiant|\n|poke|p1|Raichu-Alola, F|\n|poke|p1|Garchomp, F|\n|poke|p1|Gliscor, M|\n|poke|p1|Salazzle, F|\n|poke|p1|Infernape, F|\n|poke|p2|Arcanine, M|\n|poke|p2|Walrein, M|\n|poke|p2|Absol, M|\n|poke|p2|Tropius, M|\n|poke|p2|Flygon, M|\n|poke|p2|Magnezone|\n|teampreview\n|\n|t:|1699600917\n|start\n|switch|p1a: Goku|Infernape, F, shiny|100\/100\n|switch|p2a: Walrein|Walrein, M|100\/100\n|turn|1\n|\n|t:|1699600930\n|move|p1a: Goku|Drain Punch|p2a: Walrein\n|-supereffective|p2a: Walrein\n|-damage|p2a: Walrein|44\/100\n|move|p2a: Walrein|Toxic|p1a: Goku\n|-status|p1a: Goku|tox\n|\n|-heal|p2a: Walrein|50\/100|[from] item: Leftovers\n|-damage|p1a: Goku|94\/100 tox|[from] psn\n|upkeep\n|turn|2\n|\n|t:|1699600947\n|switch|p2a: Flygon|Flygon, M|100\/100\n|move|p1a: Goku|Drain Punch|p2a: Flygon\n|-damage|p2a: Flygon|52\/100\n|-heal|p1a: Goku|100\/100 tox|[from] drain|[of] p2a: Flygon\n|\n|-damage|p1a: Goku|88\/100 tox|[from] psn\n|upkeep\n|turn|3\n|\n|t:|1699600974\n|move|p2a: Flygon|Earthquake|p1a: Goku\n|-supereffective|p1a: Goku\n|-damage|p1a: Goku|0 fnt\n|faint|p1a: Goku\n|\n|upkeep\n|inactive|Battle timer is ON: inactive players will automatically lose when time's up. (requested by Jjjjjjjgamesyt)\n|\n|t:|1699600987\n|switch|p1a: Kaido|Garchomp, F, shiny|100\/100\n|turn|4\n|\n|t:|1699600994\n|move|p2a: Flygon|Earthquake|p1a: Kaido\n|-damage|p1a: Kaido|62\/100\n|move|p1a: Kaido|Scale Shot|p2a: Flygon\n|-supereffective|p2a: Flygon\n|-damage|p2a: Flygon|21\/100\n|-supereffective|p2a: Flygon\n|-damage|p2a: Flygon|0 fnt\n|faint|p2a: Flygon\n|-hitcount|p2: Flygon|2\n|-unboost|p1a: Kaido|def|1\n|-boost|p1a: Kaido|spe|1\n|\n|upkeep\n|\n|t:|1699601011\n|switch|p2a: Tropius|Tropius, M|100\/100\n|turn|5\n|\n|t:|1699601019\n|switch|p1a: Magellan|Salazzle, F, shiny|100\/100\n|move|p2a: Tropius|Leech Seed|p1a: Magellan\n|-start|p1a: Magellan|move: Leech Seed\n|\n|-damage|p1a: Magellan|88\/100|[from] Leech Seed|[of] p2a: Tropius\n|upkeep\n|turn|6\n|\n|t:|1699601033\n|move|p2a: Tropius|Protect|p2a: Tropius\n|-singleturn|p2a: Tropius|Protect\n|move|p1a: Magellan|Flame Charge|p2a: Tropius\n|-activate|p2a: Tropius|move: Protect\n|\n|-heal|p1a: Magellan|94\/100|[from] item: Leftovers\n|-damage|p1a: Magellan|82\/100|[from] Leech Seed|[of] p2a: Tropius\n|upkeep\n|turn|7\n|\n|t:|1699601052\n|move|p1a: Magellan|Flame Charge|p2a: Tropius\n|-supereffective|p2a: Tropius\n|-damage|p2a: Tropius|83\/100\n|-boost|p1a: Magellan|spe|1\n|move|p2a: Tropius|Substitute|p2a: Tropius\n|-start|p2a: Tropius|Substitute\n|-damage|p2a: Tropius|58\/100\n|\n|-heal|p1a: Magellan|88\/100|[from] item: Leftovers\n|-damage|p1a: Magellan|76\/100|[from] Leech Seed|[of] p2a: Tropius\n|-heal|p2a: Tropius|68\/100|[silent]\n|upkeep\n|turn|8\n|\n|t:|1699601067\n|move|p2a: Tropius|Air Slash|p1a: Magellan\n|-damage|p1a: Magellan|44\/100\n|cant|p1a: Magellan|flinch\n|\n|-heal|p1a: Magellan|50\/100|[from] item: Leftovers\n|-damage|p1a: Magellan|38\/100|[from] Leech Seed|[of] p2a: Tropius\n|-heal|p2a: Tropius|79\/100|[silent]\n|upkeep\n|turn|9\n|\n|t:|1699601077\n|switch|p1a: Hawks|Gliscor, M, shiny|100\/100\n|move|p2a: Tropius|Air Slash|p1a: Hawks\n|-damage|p1a: Hawks|73\/100\n|\n|-status|p1a: Hawks|tox|[from] item: Toxic Orb\n|upkeep\n|turn|10\n|\n|t:|1699601090\n|move|p1a: Hawks|Agility|p1a: Hawks\n|-boost|p1a: Hawks|spe|2\n|move|p2a: Tropius|Air Slash|p1a: Hawks\n|-damage|p1a: Hawks|42\/100 tox\n|\n|-heal|p1a: Hawks|55\/100 tox|[from] ability: Poison Heal\n|upkeep\n|turn|11\n|\n|t:|1699601099\n|move|p1a: Hawks|Rock Tomb|p2a: Tropius\n|-supereffective|p2a: Tropius\n|-activate|p2a: Tropius|move: Substitute|[damage]\n|move|p2a: Tropius|Leech Seed|p1a: Hawks|[miss]\n|-miss|p2a: Tropius|p1a: Hawks\n|\n|-heal|p1a: Hawks|67\/100 tox|[from] ability: Poison Heal\n|upkeep\n|turn|12\n|\n|t:|1699601110\n|move|p1a: Hawks|Dark Pulse|p2a: Tropius\n|-crit|p2a: Tropius\n|-end|p2a: Tropius|Substitute\n|move|p2a: Tropius|Leech Seed|p1a: Hawks\n|-start|p1a: Hawks|move: Leech Seed\n|\n|-damage|p1a: Hawks|55\/100 tox|[from] Leech Seed|[of] p2a: Tropius\n|-heal|p2a: Tropius|88\/100|[silent]\n|-heal|p1a: Hawks|67\/100 tox|[from] ability: Poison Heal\n|upkeep\n|turn|13\n|\n|t:|1699601122\n|move|p2a: Tropius|Protect|p2a: Tropius\n|-singleturn|p2a: Tropius|Protect\n|move|p1a: Hawks|Rock Tomb|p2a: Tropius\n|-activate|p2a: Tropius|move: Protect\n|\n|-damage|p1a: Hawks|55\/100 tox|[from] Leech Seed|[of] p2a: Tropius\n|-heal|p2a: Tropius|97\/100|[silent]\n|-heal|p1a: Hawks|67\/100 tox|[from] ability: Poison Heal\n|upkeep\n|turn|14\n|\n|t:|1699601142\n|switch|p2a: Absol|Absol, M|100\/100\n|move|p1a: Hawks|Rock Tomb|p2a: Absol\n|-damage|p2a: Absol|76\/100\n|-unboost|p2a: Absol|spe|1\n|\n|-damage|p1a: Hawks|55\/100 tox|[from] Leech Seed|[of] p2a: Absol\n|-heal|p2a: Absol|89\/100|[silent]\n|-heal|p1a: Hawks|67\/100 tox|[from] ability: Poison Heal\n|upkeep\n|turn|15\n|inactive|Divimen has 120 seconds left.\n|\n|t:|1699601164\n|switch|p1a: Franky|Iron Valiant, shiny|100\/100\n|-enditem|p1a: Franky|Booster Energy\n|-activate|p1a: Franky|ability: Quark Drive|[fromitem]\n|-start|p1a: Franky|quarkdrivespe\n|move|p2a: Absol|Knock Off|p1a: Franky\n|-resisted|p1a: Franky\n|-damage|p1a: Franky|85\/100\n|\n|upkeep\n|turn|16\n|inactive|Divimen has 120 seconds left.\n|\n|t:|1699601178\n|switch|p2a: Tropius|Tropius, M|97\/100\n|move|p1a: Franky|Aura Sphere|p2a: Tropius\n|-resisted|p2a: Tropius\n|-damage|p2a: Tropius|83\/100\n|\n|upkeep\n|turn|17\n|\n|t:|1699601187\n|move|p1a: Franky|Fire Punch|p2a: Tropius\n|-supereffective|p2a: Tropius\n|-damage|p2a: Tropius|51\/100\n|move|p2a: Tropius|Leech Seed|p1a: Franky\n|-start|p1a: Franky|move: Leech Seed\n|\n|-damage|p1a: Franky|72\/100|[from] Leech Seed|[of] p2a: Tropius\n|-heal|p2a: Tropius|62\/100|[silent]\n|upkeep\n|turn|18\n|\n|t:|1699601198\n|-end|p1a: Franky|Quark Drive|[silent]\n|switch|p1a: Neijre|Raichu-Alola, F, shiny|100\/100\n|move|p2a: Tropius|Substitute|p2a: Tropius\n|-start|p2a: Tropius|Substitute\n|-damage|p2a: Tropius|37\/100\n|-enditem|p2a: Tropius|Sitrus Berry|[eat]\n|-heal|p2a: Tropius|62\/100|[from] item: Sitrus Berry\n|\n|-item|p2a: Tropius|Sitrus Berry|[from] ability: Harvest\n|upkeep\n|turn|19\n|\n|t:|1699601209\n|move|p1a: Neijre|Iron Tail|p2a: Tropius\n|-activate|p2a: Tropius|move: Substitute|[damage]\n|move|p2a: Tropius|Leech Seed|p1a: Neijre\n|-start|p1a: Neijre|move: Leech Seed\n|\n|-damage|p1a: Neijre|88\/100|[from] Leech Seed|[of] p2a: Tropius\n|-heal|p2a: Tropius|72\/100|[silent]\n|upkeep\n|turn|20\n|\n|t:|1699601219\n|move|p1a: Neijre|Psychic|p2a: Tropius\n|-end|p2a: Tropius|Substitute\n|move|p2a: Tropius|Air Slash|p1a: Neijre\n|-resisted|p1a: Neijre\n|-damage|p1a: Neijre|76\/100\n|\n|-damage|p1a: Neijre|64\/100|[from] Leech Seed|[of] p2a: Tropius\n|-heal|p2a: Tropius|82\/100|[silent]\n|upkeep\n|turn|21\n|\n|t:|1699601228\n|move|p2a: Tropius|Protect|p2a: Tropius\n|-singleturn|p2a: Tropius|Protect\n|move|p1a: Neijre|Thunderbolt|p2a: Tropius\n|-activate|p2a: Tropius|move: Protect\n|\n|-damage|p1a: Neijre|51\/100|[from] Leech Seed|[of] p2a: Tropius\n|-heal|p2a: Tropius|92\/100|[silent]\n|upkeep\n|turn|22\n|\n|t:|1699601236\n|move|p1a: Neijre|Thunderbolt|p2a: Tropius\n|-damage|p2a: Tropius|63\/100\n|-status|p2a: Tropius|par\n|move|p2a: Tropius|Substitute|p2a: Tropius\n|-start|p2a: Tropius|Substitute\n|-damage|p2a: Tropius|38\/100 par\n|-enditem|p2a: Tropius|Sitrus Berry|[eat]\n|-heal|p2a: Tropius|63\/100 par|[from] item: Sitrus Berry\n|\n|-damage|p1a: Neijre|39\/100|[from] Leech Seed|[of] p2a: Tropius\n|-heal|p2a: Tropius|73\/100 par|[silent]\n|-item|p2a: Tropius|Sitrus Berry|[from] ability: Harvest\n|upkeep\n|turn|23\n|\n|t:|1699601254\n|move|p1a: Neijre|Iron Tail|p2a: Tropius\n|-activate|p2a: Tropius|move: Substitute|[damage]\n|move|p2a: Tropius|Air Slash|p1a: Neijre\n|-resisted|p1a: Neijre\n|-damage|p1a: Neijre|27\/100\n|\n|-damage|p1a: Neijre|15\/100|[from] Leech Seed|[of] p2a: Tropius\n|-heal|p2a: Tropius|83\/100 par|[silent]\n|upkeep\n|turn|24\n|\n|t:|1699601265\n|switch|p1a: Hawks|Gliscor, M, shiny|67\/100 tox\n|cant|p2a: Tropius|par\n|\n|-heal|p1a: Hawks|79\/100 tox|[from] ability: Poison Heal\n|upkeep\n|turn|25\n|\n|t:|1699601276\n|move|p1a: Hawks|Rock Tomb|p2a: Tropius\n|-supereffective|p2a: Tropius\n|-end|p2a: Tropius|Substitute\n|move|p2a: Tropius|Leech Seed|p1a: Hawks\n|-start|p1a: Hawks|move: Leech Seed\n|\n|-damage|p1a: Hawks|67\/100 tox|[from] Leech Seed|[of] p2a: Tropius\n|-heal|p2a: Tropius|92\/100 par|[silent]\n|-heal|p1a: Hawks|79\/100 tox|[from] ability: Poison Heal\n|upkeep\n|turn|26\n|\n|t:|1699601287\n|switch|p2a: Absol|Absol, M|89\/100\n|move|p1a: Hawks|Rock Tomb|p2a: Absol\n|-damage|p2a: Absol|63\/100\n|-unboost|p2a: Absol|spe|1\n|\n|-damage|p1a: Hawks|67\/100 tox|[from] Leech Seed|[of] p2a: Absol\n|-heal|p2a: Absol|77\/100|[silent]\n|-heal|p1a: Hawks|79\/100 tox|[from] ability: Poison Heal\n|upkeep\n|turn|27\n|\n|t:|1699601299\n|move|p1a: Hawks|Rock Tomb|p2a: Absol\n|-damage|p2a: Absol|50\/100\n|-unboost|p2a: Absol|spe|1\n|move|p2a: Absol|Knock Off|p1a: Hawks\n|-damage|p1a: Hawks|17\/100 tox\n|-enditem|p1a: Hawks|Toxic Orb|[from] move: Knock Off|[of] p2a: Absol\n|\n|-damage|p1a: Hawks|4\/100 tox|[from] Leech Seed|[of] p2a: Absol\n|-heal|p2a: Absol|63\/100|[silent]\n|-heal|p1a: Hawks|17\/100 tox|[from] ability: Poison Heal\n|upkeep\n|turn|28\n|\n|t:|1699601312\n|move|p1a: Hawks|Stealth Rock|p2a: Absol\n|-sidestart|p2: Divimen|move: Stealth Rock\n|move|p2a: Absol|Knock Off|p1a: Hawks\n|-damage|p1a: Hawks|0 fnt\n|faint|p1a: Hawks\n|\n|upkeep\n|\n|t:|1699601320\n|switch|p1a: Kaido|Garchomp, F, shiny|62\/100\n|turn|29\n|\n|t:|1699601331\n|move|p1a: Kaido|Scale Shot|p2a: Absol\n|-damage|p2a: Absol|41\/100\n|-damage|p2a: Absol|20\/100\n|-damage|p2a: Absol|0 fnt\n|faint|p2a: Absol\n|-hitcount|p2: Absol|3\n|-unboost|p1a: Kaido|def|1\n|-boost|p1a: Kaido|spe|1\n|\n|upkeep\n|\n|t:|1699601343\n|switch|p2a: Tropius|Tropius, M|92\/100 par\n|-damage|p2a: Tropius|67\/100 par|[from] Stealth Rock\n|turn|30\n|\n|t:|1699601349\n|move|p1a: Kaido|Scale Shot|p2a: Tropius\n|-damage|p2a: Tropius|59\/100 par\n|-crit|p2a: Tropius\n|-damage|p2a: Tropius|47\/100 par\n|-enditem|p2a: Tropius|Sitrus Berry|[eat]\n|-heal|p2a: Tropius|72\/100 par|[from] item: Sitrus Berry\n|-crit|p2a: Tropius\n|-damage|p2a: Tropius|61\/100 par\n|-damage|p2a: Tropius|53\/100 par\n|-damage|p2a: Tropius|45\/100 par\n|-hitcount|p2a: Tropius|5\n|-unboost|p1a: Kaido|def|1\n|-boost|p1a: Kaido|spe|1\n|cant|p2a: Tropius|par\n|\n|-item|p2a: Tropius|Sitrus Berry|[from] ability: Harvest\n|upkeep\n|-enditem|p2a: Tropius|Sitrus Berry|[eat]\n|-heal|p2a: Tropius|70\/100 par|[from] item: Sitrus Berry\n|turn|31\n|\n|t:|1699601377\n|move|p1a: Kaido|Scale Shot|p2a: Tropius|[miss]\n|-miss|p1a: Kaido|p2a: Tropius\n|move|p2a: Tropius|Leech Seed|p1a: Kaido\n|-start|p1a: Kaido|move: Leech Seed\n|\n|-damage|p1a: Kaido|50\/100|[from] Leech Seed|[of] p2a: Tropius\n|-heal|p2a: Tropius|83\/100 par|[silent]\n|upkeep\n|turn|32\n|\n|t:|1699601387\n|move|p1a: Kaido|Draco Meteor|p2a: Tropius\n|-damage|p2a: Tropius|49\/100 par\n|-unboost|p1a: Kaido|spa|2\n|move|p2a: Tropius|Substitute|p2a: Tropius\n|-start|p2a: Tropius|Substitute\n|-damage|p2a: Tropius|24\/100 par\n|\n|-damage|p1a: Kaido|37\/100|[from] Leech Seed|[of] p2a: Tropius\n|-heal|p2a: Tropius|37\/100 par|[silent]\n|-item|p2a: Tropius|Sitrus Berry|[from] ability: Harvest\n|upkeep\n|-enditem|p2a: Tropius|Sitrus Berry|[eat]\n|-heal|p2a: Tropius|62\/100 par|[from] item: Sitrus Berry\n|turn|33\n|\n|t:|1699601402\n|move|p1a: Kaido|Scale Shot|p2a: Tropius\n|-activate|p2a: Tropius|move: Substitute|[damage]\n|-activate|p2a: Tropius|move: Substitute|[damage]\n|-activate|p2a: Tropius|move: Substitute|[damage]\n|-end|p2a: Tropius|Substitute\n|-damage|p2a: Tropius|55\/100 par\n|-hitcount|p2a: Tropius|5\n|-unboost|p1a: Kaido|def|1\n|-boost|p1a: Kaido|spe|1\n|move|p2a: Tropius|Air Slash|p1a: Kaido\n|-damage|p1a: Kaido|20\/100\n|\n|-damage|p1a: Kaido|7\/100|[from] Leech Seed|[of] p2a: Tropius\n|-heal|p2a: Tropius|68\/100 par|[silent]\n|upkeep\n|turn|34\n|inactive|Jjjjjjjgamesyt has 120 seconds left.\n|\n|t:|1699601425\n|cant|p2a: Tropius|par\n|move|p1a: Kaido|Crunch|p2a: Tropius\n|-damage|p2a: Tropius|52\/100 par\n|\n|-damage|p1a: Kaido|0 fnt|[from] Leech Seed|[of] p2a: Tropius\n|-heal|p2a: Tropius|59\/100 par|[silent]\n|faint|p1a: Kaido\n|upkeep\n|inactive|Jjjjjjjgamesyt has 120 seconds left.\n|\n|t:|1699601434\n|switch|p1a: Franky|Iron Valiant, shiny|72\/100\n|turn|35\n|\n|t:|1699601441\n|move|p1a: Franky|Fire Punch|p2a: Tropius\n|-supereffective|p2a: Tropius\n|-damage|p2a: Tropius|31\/100 par\n|move|p2a: Tropius|Substitute|p2a: Tropius\n|-start|p2a: Tropius|Substitute\n|-damage|p2a: Tropius|6\/100 par\n|\n|-item|p2a: Tropius|Sitrus Berry|[from] ability: Harvest\n|upkeep\n|-enditem|p2a: Tropius|Sitrus Berry|[eat]\n|-heal|p2a: Tropius|31\/100 par|[from] item: Sitrus Berry\n|turn|36\n|\n|t:|1699601456\n|move|p1a: Franky|Fire Punch|p2a: Tropius\n|-supereffective|p2a: Tropius\n|-end|p2a: Tropius|Substitute\n|move|p2a: Tropius|Leech Seed|p1a: Franky\n|-start|p1a: Franky|move: Leech Seed\n|\n|-damage|p1a: Franky|60\/100|[from] Leech Seed|[of] p2a: Tropius\n|-heal|p2a: Tropius|42\/100 par|[silent]\n|-item|p2a: Tropius|Sitrus Berry|[from] ability: Harvest\n|upkeep\n|-enditem|p2a: Tropius|Sitrus Berry|[eat]\n|-heal|p2a: Tropius|67\/100 par|[from] item: Sitrus Berry\n|turn|37\n|\n|t:|1699601468\n|cant|p2a: Tropius|par\n|move|p1a: Franky|Fire Punch|p2a: Tropius\n|-supereffective|p2a: Tropius\n|-damage|p2a: Tropius|35\/100 par\n|\n|-damage|p1a: Franky|47\/100|[from] Leech Seed|[of] p2a: Tropius\n|-heal|p2a: Tropius|46\/100 par|[silent]\n|-item|p2a: Tropius|Sitrus Berry|[from] ability: Harvest\n|upkeep\n|-enditem|p2a: Tropius|Sitrus Berry|[eat]\n|-heal|p2a: Tropius|71\/100 par|[from] item: Sitrus Berry\n|turn|38\n|\n|t:|1699601483\n|-end|p1a: Franky|Quark Drive|[silent]\n|switch|p1a: Neijre|Raichu-Alola, F, shiny|15\/100\n|move|p2a: Tropius|Air Slash|p1a: Neijre\n|-resisted|p1a: Neijre\n|-damage|p1a: Neijre|2\/100\n|\n|upkeep\n|turn|39\n|\n|t:|1699601492\n|move|p1a: Neijre|Psychic|p2a: Tropius\n|-damage|p2a: Tropius|45\/100 par\n|move|p2a: Tropius|Leech Seed|p1a: Neijre\n|-start|p1a: Neijre|move: Leech Seed\n|\n|-damage|p1a: Neijre|0 fnt|[from] Leech Seed|[of] p2a: Tropius\n|-heal|p2a: Tropius|46\/100 par|[silent]\n|faint|p1a: Neijre\n|upkeep\n|\n|t:|1699601503\n|switch|p1a: Magellan|Salazzle, F, shiny|38\/100\n|turn|40\n|\n|t:|1699601517\n|move|p1a: Magellan|Gunk Shot|p2a: Tropius\n|-supereffective|p2a: Tropius\n|-damage|p2a: Tropius|7\/100 par\n|move|p2a: Tropius|Leech Seed|p1a: Magellan\n|-start|p1a: Magellan|move: Leech Seed\n|\n|-heal|p1a: Magellan|44\/100|[from] item: Leftovers\n|-damage|p1a: Magellan|32\/100|[from] Leech Seed|[of] p2a: Tropius\n|-heal|p2a: Tropius|17\/100 par|[silent]\n|-item|p2a: Tropius|Sitrus Berry|[from] ability: Harvest\n|upkeep\n|-enditem|p2a: Tropius|Sitrus Berry|[eat]\n|-heal|p2a: Tropius|42\/100 par|[from] item: Sitrus Berry\n|turn|41\n|\n|t:|1699601536\n|move|p2a: Tropius|Protect|p2a: Tropius\n|-singleturn|p2a: Tropius|Protect\n|move|p1a: Magellan|Gunk Shot|p2a: Tropius\n|-activate|p2a: Tropius|move: Protect\n|\n|-heal|p1a: Magellan|38\/100|[from] item: Leftovers\n|-damage|p1a: Magellan|25\/100|[from] Leech Seed|[of] p2a: Tropius\n|-heal|p2a: Tropius|53\/100 par|[silent]\n|-item|p2a: Tropius|Sitrus Berry|[from] ability: Harvest\n|upkeep\n|turn|42\n|inactive|Jjjjjjjgamesyt has 120 seconds left.\n|-message|Jjjjjjjgamesyt forfeited.\n|\n|win|Divimen\n|raw|Jjjjjjjgamesyt's rating: 1078 &rarr; <strong>1061<\/strong><br \/>(-17 for losing)\n|raw|Divimen's rating: 1154 &rarr; <strong>1174<\/strong><br \/>(+20 for winning)\n|l|\u2606Jjjjjjjgamesyt\n","uploadtime":1699601575,"views":17,"p1id":"jjjjjjjgamesyt","p2id":"divimen","formatid":"gen9nationaldex","rating":1061,"private":0,"password":""}