{"id":"gen9nationaldex-1990482682","p1":"Elite four lai","p2":"RazberDlaPolski","format":"[Gen 9] National Dex","log":"|j|\u2606Elite four lai\n|j|\u2606RazberDlaPolski\n|t:|1699975040\n|gametype|singles\n|player|p1|Elite four lai|lady|\n|player|p2|RazberDlaPolski|supernerd|\n|teamsize|p1|6\n|teamsize|p2|6\n|gen|9\n|tier|[Gen 9] National Dex\n|rule|HP Percentage Mod: HP is shown in percentages\n|rule|Endless Battle Clause: Forcing endless battles is banned\n|rule|OHKO Clause: OHKO moves are banned\n|rule|Evasion Clause: Evasion abilities, items, and moves are banned\n|rule|Evasion Abilities Clause: Evasion abilities are banned\n|rule|Evasion Items Clause: Evasion items are banned\n|rule|Evasion Moves Clause: Evasion moves are banned\n|rule|Species Clause: Limit one of each Pok\u00e9mon\n|rule|Sleep Clause Mod: Limit one foe put to sleep\n|clearpoke\n|poke|p1|Regidrago|\n|poke|p1|Vaporeon, F|\n|poke|p1|Wyrdeer, M|\n|poke|p1|Moltres|\n|poke|p1|Arbok, M|\n|poke|p1|Dedenne, F|\n|poke|p2|Staraptor, F|\n|poke|p2|Bronzong|\n|poke|p2|Scream Tail|\n|poke|p2|Dedenne, M|\n|poke|p2|Spidops, M|\n|poke|p2|Meloetta|\n|teampreview\n|\n|t:|1699975067\n|start\n|switch|p1a: Kentucky|Moltres, shiny|100\/100\n|switch|p2a: Dedenne|Dedenne, M|100\/100\n|turn|1\n|\n|t:|1699975074\n|move|p1a: Kentucky|Tailwind|p1a: Kentucky\n|-sidestart|p1: Elite four lai|move: Tailwind\n|move|p2a: Dedenne|Nuzzle|p1a: Kentucky\n|-supereffective|p1a: Kentucky\n|-damage|p1a: Kentucky|91\/100\n|-status|p1a: Kentucky|par\n|-status|p2a: Dedenne|brn|[from] ability: Flame Body|[of] p1a: Kentucky\n|\n|-damage|p2a: Dedenne|94\/100 brn|[from] brn\n|upkeep\n|turn|2\n|\n|t:|1699975080\n|move|p1a: Kentucky|Fire Blast|p2a: Dedenne\n|-damage|p2a: Dedenne|15\/100 brn\n|-enditem|p2a: Dedenne|Sitrus Berry|[eat]\n|-heal|p2a: Dedenne|40\/100 brn|[from] item: Sitrus Berry\n|-heal|p2a: Dedenne|73\/100 brn|[from] ability: Cheek Pouch\n|move|p2a: Dedenne|Eerie Impulse|p1a: Kentucky\n|-unboost|p1a: Kentucky|spa|2\n|\n|-damage|p2a: Dedenne|67\/100 brn|[from] brn\n|upkeep\n|turn|3\n|\n|t:|1699975091\n|move|p1a: Kentucky|Fire Blast|p2a: Dedenne|[miss]\n|-miss|p1a: Kentucky|p2a: Dedenne\n|move|p2a: Dedenne|Volt Switch|p1a: Kentucky\n|-supereffective|p1a: Kentucky\n|-damage|p1a: Kentucky|42\/100 par\n|\n|t:|1699975107\n|switch|p2a: Spidops|Spidops, M|100\/100|[from] Volt Switch\n|\n|upkeep\n|turn|4\n|\n|t:|1699975113\n|move|p2a: Spidops|Silk Trap|p2a: Spidops\n|-singleturn|p2a: Spidops|Protect\n|move|p1a: Kentucky|Fire Blast|p2a: Spidops\n|-activate|p2a: Spidops|move: Protect\n|\n|-sideend|p1: Elite four lai|move: Tailwind\n|upkeep\n|turn|5\n|\n|t:|1699975123\n|move|p1a: Kentucky|Fire Blast|p2a: Spidops\n|-supereffective|p2a: Spidops\n|-damage|p2a: Spidops|36\/100\n|move|p2a: Spidops|Sticky Web|p1a: Kentucky\n|-sidestart|p1: Elite four lai|move: Sticky Web\n|\n|upkeep\n|turn|6\n|\n|t:|1699975130\n|switch|p2a: Dedenne|Dedenne, M|67\/100 brn\n|move|p1a: Kentucky|Defog|p2a: Dedenne\n|-unboost|p2a: Dedenne|evasion|1\n|-sideend|p1: Elite four lai|Sticky Web|[from] move: Defog|[of] p1a: Kentucky\n|\n|-damage|p2a: Dedenne|61\/100 brn|[from] brn\n|upkeep\n|turn|7\n|\n|t:|1699975159\n|switch|p1a: Wyoming|Regidrago, shiny|100\/100\n|move|p2a: Dedenne|Recycle|p2a: Dedenne\n|-item|p2a: Dedenne|Sitrus Berry|[from] move: Recycle\n|\n|-damage|p2a: Dedenne|55\/100 brn|[from] brn\n|upkeep\n|turn|8\n|\n|t:|1699975169\n|move|p1a: Wyoming|Earthquake|p2a: Dedenne\n|-supereffective|p2a: Dedenne\n|-damage|p2a: Dedenne|0 fnt\n|faint|p2a: Dedenne\n|\n|upkeep\n|\n|t:|1699975178\n|switch|p2a: Staraptor|Staraptor, F|100\/100\n|turn|9\n|\n|t:|1699975187\n|switch|p1a: Kentucky|Moltres, shiny|42\/100 par\n|move|p2a: Staraptor|Brave Bird|p1a: Kentucky\n|-damage|p1a: Kentucky|0 fnt\n|faint|p1a: Kentucky\n|-damage|p2a: Staraptor|86\/100|[from] Recoil\n|\n|upkeep\n|\n|t:|1699975194\n|switch|p1a: Mischigan|Dedenne, F, shiny|100\/100\n|turn|10\n|\n|t:|1699975200\n|switch|p2a: Scream Tail|Scream Tail|100\/100\n|move|p1a: Mischigan|Substitute|p1a: Mischigan\n|-start|p1a: Mischigan|Substitute\n|-damage|p1a: Mischigan|75\/100\n|\n|upkeep\n|turn|11\n|\n|t:|1699975206\n|move|p2a: Scream Tail|Perish Song|p2a: Scream Tail\n|-start|p1a: Mischigan|perish3|[silent]\n|-start|p2a: Scream Tail|perish3|[silent]\n|-fieldactivate|move: Perish Song\n|move|p1a: Mischigan|Nuzzle|p2a: Scream Tail\n|-damage|p2a: Scream Tail|97\/100\n|-status|p2a: Scream Tail|par\n|\n|-heal|p2a: Scream Tail|100\/100 par|[from] item: Leftovers\n|-start|p1a: Mischigan|perish3\n|-start|p2a: Scream Tail|perish3\n|upkeep\n|turn|12\n|\n|t:|1699975216\n|-end|p2a: Scream Tail|Protosynthesis|[silent]\n|switch|p2a: Staraptor|Staraptor, F|86\/100\n|move|p1a: Mischigan|Parabolic Charge|p2a: Staraptor\n|-supereffective|p2a: Staraptor\n|-damage|p2a: Staraptor|11\/100\n|-heal|p1a: Mischigan|100\/100|[from] drain|[of] p2a: Staraptor\n|\n|-start|p1a: Mischigan|perish2\n|upkeep\n|turn|13\n|\n|t:|1699975226\n|switch|p2a: Bronzong|Bronzong|100\/100\n|move|p1a: Mischigan|Parabolic Charge|p2a: Bronzong\n|-damage|p2a: Bronzong|85\/100\n|\n|-heal|p2a: Bronzong|91\/100|[from] item: Leftovers\n|-start|p1a: Mischigan|perish1\n|upkeep\n|turn|14\n|c|\u2606RazberDlaPolski|zw\n|c|\u2606RazberDlaPolski|obiad\n|c|\u2606RazberDlaPolski|jak cos\n|c|\u2606RazberDlaPolski|kk?\n|\n|t:|1699975252\n|switch|p1a: Utah|Wyrdeer, M, shiny|100\/100\n|-ability|p1a: Utah|Intimidate|boost\n|-unboost|p2a: Bronzong|atk|1\n|move|p2a: Bronzong|Reflect|p2a: Bronzong\n|-sidestart|p2: RazberDlaPolski|Reflect\n|\n|-heal|p2a: Bronzong|98\/100|[from] item: Leftovers\n|upkeep\n|turn|15\n|c|\u2606Elite four lai|K\n|inactive|Battle timer is ON: inactive players will automatically lose when time's up. (requested by Elite four lai)\n|inactive|RazberDlaPolski has 270 seconds left.\n|inactive|RazberDlaPolski has 240 seconds left.\n|inactiveoff|Battle timer is now OFF.\n|inactive|Battle timer is ON: inactive players will automatically lose when time's up. (requested by Elite four lai)\n|inactive|RazberDlaPolski has 270 seconds left.\n|inactive|RazberDlaPolski has 240 seconds left.\n|inactive|RazberDlaPolski has 210 seconds left.\n|inactive|RazberDlaPolski has 180 seconds left.\n|c|\u2606RazberDlaPolski|jj\n|inactive|RazberDlaPolski has 150 seconds left.\n|c|\u2606Elite four lai|Lepiej p\u00f3\u017ano ni\u017c wcale\n|\n|t:|1699976071\n|switch|p2a: Scream Tail|Scream Tail|100\/100 par\n|move|p1a: Utah|Hypnosis|p2a: Scream Tail|[miss]\n|-miss|p1a: Utah|p2a: Scream Tail\n|\n|upkeep\n|turn|16\n|inactive|RazberDlaPolski has 150 seconds left.\n|c|\u2606Elite four lai|Jeez, Timer zd\u0105\u017cy\u0142by juz 2 razy minac\n|\n|t:|1699976088\n|switch|p1a: Pensylvania|Arbok, M, shiny|100\/100\n|-ability|p1a: Pensylvania|Intimidate|boost\n|-unboost|p2a: Scream Tail|atk|1\n|move|p2a: Scream Tail|Wish|p2a: Scream Tail\n|\n|upkeep\n|turn|17\n|inactive|RazberDlaPolski has 150 seconds left.\n|\n|t:|1699976101\n|-end|p2a: Scream Tail|Protosynthesis|[silent]\n|switch|p2a: Spidops|Spidops, M|36\/100\n|move|p1a: Pensylvania|Knock Off|p2a: Spidops\n|-damage|p2a: Spidops|20\/100\n|-enditem|p2a: Spidops|Mental Herb|[from] move: Knock Off|[of] p1a: Pensylvania\n|\n|-heal|p2a: Spidops|87\/100|[from] move: Wish|[wisher] Scream Tail\n|upkeep\n|turn|18\n|inactive|RazberDlaPolski has 150 seconds left.\n|\n|t:|1699976125\n|switch|p1a: Mischigan|Dedenne, F, shiny|100\/100\n|move|p2a: Spidops|Taunt|p1a: Mischigan\n|-start|p1a: Mischigan|move: Taunt\n|\n|-sideend|p2: RazberDlaPolski|Reflect\n|upkeep\n|turn|19\n|inactive|RazberDlaPolski has 150 seconds left.\n|\n|t:|1699976135\n|move|p1a: Mischigan|Nuzzle|p2a: Spidops\n|-damage|p2a: Spidops|82\/100\n|-status|p2a: Spidops|par\n|move|p2a: Spidops|Sticky Web|p1a: Mischigan\n|-sidestart|p1: Elite four lai|move: Sticky Web\n|\n|upkeep\n|turn|20\n|inactive|RazberDlaPolski has 150 seconds left.\n|\n|t:|1699976141\n|switch|p2a: Scream Tail|Scream Tail|100\/100 par\n|move|p1a: Mischigan|Parabolic Charge|p2a: Scream Tail\n|-damage|p2a: Scream Tail|82\/100 par\n|\n|-heal|p2a: Scream Tail|88\/100 par|[from] item: Leftovers\n|-end|p1a: Mischigan|move: Taunt\n|upkeep\n|turn|21\n|\n|t:|1699976150\n|switch|p1a: Pensylvania|Arbok, M, shiny|100\/100\n|-activate|p1a: Pensylvania|move: Sticky Web\n|-unboost|p1a: Pensylvania|spe|1\n|-ability|p1a: Pensylvania|Intimidate|boost\n|-unboost|p2a: Scream Tail|atk|1\n|move|p2a: Scream Tail|Perish Song|p2a: Scream Tail\n|-start|p1a: Pensylvania|perish3|[silent]\n|-start|p2a: Scream Tail|perish3|[silent]\n|-fieldactivate|move: Perish Song\n|\n|-heal|p2a: Scream Tail|94\/100 par|[from] item: Leftovers\n|-start|p1a: Pensylvania|perish3\n|-start|p2a: Scream Tail|perish3\n|upkeep\n|turn|22\n|\n|t:|1699976160\n|move|p1a: Pensylvania|Gunk Shot|p2a: Scream Tail\n|-supereffective|p2a: Scream Tail\n|-damage|p2a: Scream Tail|18\/100 par\n|move|p2a: Scream Tail|Wish|p2a: Scream Tail\n|\n|-heal|p2a: Scream Tail|24\/100 par|[from] item: Leftovers\n|-start|p1a: Pensylvania|perish2\n|-start|p2a: Scream Tail|perish2\n|upkeep\n|turn|23\n|\n|t:|1699976170\n|-end|p2a: Scream Tail|Protosynthesis|[silent]\n|switch|p2a: Meloetta|Meloetta|100\/100\n|move|p1a: Pensylvania|Knock Off|p2a: Meloetta\n|-supereffective|p2a: Meloetta\n|-damage|p2a: Meloetta|43\/100\n|-enditem|p2a: Meloetta|Leftovers|[from] move: Knock Off|[of] p1a: Pensylvania\n|\n|-heal|p2a: Meloetta|97\/100|[from] move: Wish|[wisher] Scream Tail\n|-start|p1a: Pensylvania|perish1\n|upkeep\n|turn|24\n|\n|t:|1699976188\n|switch|p1a: Nevada|Vaporeon, F, shiny|100\/100\n|-activate|p1a: Nevada|move: Sticky Web\n|-unboost|p1a: Nevada|spe|1\n|move|p2a: Meloetta|Psychic|p1a: Nevada\n|-damage|p1a: Nevada|71\/100\n|\n|-heal|p1a: Nevada|77\/100|[from] item: Leftovers\n|upkeep\n|turn|25\n|inactive|RazberDlaPolski has 150 seconds left.\n|\n|t:|1699976211\n|move|p2a: Meloetta|Thunderbolt|p1a: Nevada\n|-supereffective|p1a: Nevada\n|-damage|p1a: Nevada|40\/100\n|move|p1a: Nevada|Wish|p1a: Nevada\n|\n|-heal|p1a: Nevada|46\/100|[from] item: Leftovers\n|upkeep\n|turn|26\n|\n|t:|1699976218\n|switch|p2a: Scream Tail|Scream Tail|24\/100 par\n|move|p1a: Nevada|Toxic||[still]\n|-fail|p1a: Nevada\n|\n|-heal|p1a: Nevada|96\/100|[from] move: Wish|[wisher] Nevada\n|-heal|p2a: Scream Tail|31\/100 par|[from] item: Leftovers\n|-heal|p1a: Nevada|100\/100|[from] item: Leftovers\n|upkeep\n|turn|27\n|\n|t:|1699976226\n|move|p2a: Scream Tail|Wish|p2a: Scream Tail\n|move|p1a: Nevada|Ice Beam|p2a: Scream Tail\n|-damage|p2a: Scream Tail|15\/100 par\n|\n|-heal|p2a: Scream Tail|21\/100 par|[from] item: Leftovers\n|upkeep\n|turn|28\n|\n|t:|1699976236\n|move|p2a: Scream Tail|Perish Song|p2a: Scream Tail\n|-start|p1a: Nevada|perish3|[silent]\n|-start|p2a: Scream Tail|perish3|[silent]\n|-fieldactivate|move: Perish Song\n|move|p1a: Nevada|Ice Beam|p2a: Scream Tail\n|-damage|p2a: Scream Tail|6\/100 par\n|\n|-heal|p2a: Scream Tail|56\/100 par|[from] move: Wish|[wisher] Scream Tail\n|-heal|p2a: Scream Tail|62\/100 par|[from] item: Leftovers\n|-start|p2a: Scream Tail|perish3\n|-start|p1a: Nevada|perish3\n|upkeep\n|turn|29\n|\n|t:|1699976247\n|move|p2a: Scream Tail|Wish|p2a: Scream Tail\n|move|p1a: Nevada|Wish|p1a: Nevada\n|\n|-heal|p2a: Scream Tail|68\/100 par|[from] item: Leftovers\n|-start|p2a: Scream Tail|perish2\n|-start|p1a: Nevada|perish2\n|upkeep\n|turn|30\n|inactive|RazberDlaPolski has 150 seconds left.\n|\n|t:|1699976267\n|cant|p2a: Scream Tail|par\n|move|p1a: Nevada|Ice Beam|p2a: Scream Tail\n|-damage|p2a: Scream Tail|51\/100 par\n|\n|-heal|p2a: Scream Tail|100\/100 par|[from] move: Wish|[wisher] Scream Tail\n|-start|p2a: Scream Tail|perish1\n|-start|p1a: Nevada|perish1\n|upkeep\n|turn|31\n|inactive|RazberDlaPolski has 150 seconds left.\n|\n|t:|1699976282\n|-end|p2a: Scream Tail|Protosynthesis|[silent]\n|switch|p2a: Meloetta|Meloetta|97\/100\n|switch|p1a: Utah|Wyrdeer, M, shiny|100\/100\n|-activate|p1a: Utah|move: Sticky Web\n|-unboost|p1a: Utah|spe|1\n|-ability|p1a: Utah|Intimidate|boost\n|-unboost|p2a: Meloetta|atk|1\n|\n|upkeep\n|turn|32\n|\n|t:|1699976292\n|switch|p2a: Scream Tail|Scream Tail|100\/100 par\n|move|p1a: Utah|Double-Edge|p2a: Scream Tail\n|-damage|p2a: Scream Tail|58\/100 par\n|-damage|p1a: Utah|83\/100|[from] Recoil\n|\n|-heal|p2a: Scream Tail|64\/100 par|[from] item: Leftovers\n|upkeep\n|turn|33\n|\n|t:|1699976302\n|move|p2a: Scream Tail|Wish|p2a: Scream Tail\n|move|p1a: Utah|Double-Edge|p2a: Scream Tail\n|-damage|p2a: Scream Tail|14\/100 par\n|-damage|p1a: Utah|62\/100|[from] Recoil\n|\n|-heal|p2a: Scream Tail|20\/100 par|[from] item: Leftovers\n|upkeep\n|turn|34\n|\n|t:|1699976306\n|move|p2a: Scream Tail|Protect|p2a: Scream Tail\n|-singleturn|p2a: Scream Tail|Protect\n|move|p1a: Utah|Double-Edge|p2a: Scream Tail\n|-activate|p2a: Scream Tail|move: Protect\n|\n|-heal|p2a: Scream Tail|70\/100 par|[from] move: Wish|[wisher] Scream Tail\n|-heal|p2a: Scream Tail|76\/100 par|[from] item: Leftovers\n|upkeep\n|turn|35\n|\n|t:|1699976324\n|-end|p2a: Scream Tail|Protosynthesis|[silent]\n|switch|p2a: Bronzong|Bronzong|98\/100\n|move|p1a: Utah|Double-Edge|p2a: Bronzong\n|-resisted|p2a: Bronzong\n|-damage|p2a: Bronzong|72\/100\n|-damage|p1a: Utah|54\/100|[from] Recoil\n|\n|-heal|p2a: Bronzong|78\/100|[from] item: Leftovers\n|upkeep\n|turn|36\n|\n|t:|1699976336\n|switch|p1a: Pensylvania|Arbok, M, shiny|100\/100\n|-activate|p1a: Pensylvania|move: Sticky Web\n|-unboost|p1a: Pensylvania|spe|1\n|-ability|p1a: Pensylvania|Intimidate|boost\n|-unboost|p2a: Bronzong|atk|1\n|move|p2a: Bronzong|Reflect|p2a: Bronzong\n|-sidestart|p2: RazberDlaPolski|Reflect\n|\n|-heal|p2a: Bronzong|84\/100|[from] item: Leftovers\n|upkeep\n|turn|37\n|\n|t:|1699976341\n|move|p1a: Pensylvania|Knock Off|p2a: Bronzong\n|-supereffective|p2a: Bronzong\n|-damage|p2a: Bronzong|61\/100\n|-enditem|p2a: Bronzong|Leftovers|[from] move: Knock Off|[of] p1a: Pensylvania\n|move|p2a: Bronzong|Light Screen|p2a: Bronzong\n|-sidestart|p2: RazberDlaPolski|move: Light Screen\n|\n|upkeep\n|turn|38\n|\n|t:|1699976351\n|switch|p2a: Meloetta|Meloetta|97\/100\n|move|p1a: Pensylvania|Psychic Fangs|p2a: Meloetta\n|-sideend|p2: RazberDlaPolski|Reflect\n|-sideend|p2: RazberDlaPolski|move: Light Screen\n|-resisted|p2a: Meloetta\n|-damage|p2a: Meloetta|85\/100\n|\n|upkeep\n|turn|39\n|inactive|RazberDlaPolski has 180 seconds left.\n|\n|t:|1699976363\n|switch|p1a: Nevada|Vaporeon, F, shiny|100\/100\n|-activate|p1a: Nevada|move: Sticky Web\n|-unboost|p1a: Nevada|spe|1\n|move|p2a: Meloetta|Psychic|p1a: Nevada\n|-damage|p1a: Nevada|74\/100\n|\n|-heal|p1a: Nevada|80\/100|[from] item: Leftovers\n|upkeep\n|turn|40\n|inactive|RazberDlaPolski has 180 seconds left.\n|\n|t:|1699976372\n|move|p2a: Meloetta|Heal Bell|p2a: Meloetta\n|-activate|p2a: Meloetta|move: Heal Bell\n|-curestatus|p2: Scream Tail|par|[msg]\n|-curestatus|p2: Spidops|par|[msg]\n|move|p1a: Nevada|Ice Beam|p2a: Meloetta\n|-damage|p2a: Meloetta|69\/100\n|-status|p2a: Meloetta|frz\n|\n|-heal|p1a: Nevada|86\/100|[from] item: Leftovers\n|upkeep\n|turn|41\n|inactive|RazberDlaPolski has 180 seconds left.\n|\n|t:|1699976384\n|switch|p2a: Scream Tail|Scream Tail|76\/100\n|move|p1a: Nevada|Wish|p1a: Nevada\n|\n|-heal|p2a: Scream Tail|83\/100|[from] item: Leftovers\n|-heal|p1a: Nevada|93\/100|[from] item: Leftovers\n|upkeep\n|turn|42\n|\n|t:|1699976393\n|move|p2a: Scream Tail|Thunder Wave|p1a: Nevada\n|-status|p1a: Nevada|par\n|move|p1a: Nevada|Toxic|p2a: Scream Tail\n|-status|p2a: Scream Tail|tox\n|\n|-heal|p1a: Nevada|100\/100 par|[from] move: Wish|[wisher] Nevada\n|-heal|p2a: Scream Tail|89\/100 tox|[from] item: Leftovers\n|-damage|p2a: Scream Tail|83\/100 tox|[from] psn\n|upkeep\n|turn|43\n|\n|t:|1699976404\n|move|p2a: Scream Tail|Wish|p2a: Scream Tail\n|move|p1a: Nevada|Wish|p1a: Nevada\n|\n|-heal|p2a: Scream Tail|89\/100 tox|[from] item: Leftovers\n|-damage|p2a: Scream Tail|76\/100 tox|[from] psn\n|upkeep\n|turn|44\n|\n|t:|1699976412\n|-end|p2a: Scream Tail|Protosynthesis|[silent]\n|switch|p2a: Meloetta|Meloetta|69\/100 frz\n|move|p1a: Nevada|Ice Beam|p2a: Meloetta\n|-damage|p2a: Meloetta|54\/100 frz\n|\n|-heal|p2a: Meloetta|100\/100 frz|[from] move: Wish|[wisher] Scream Tail\n|upkeep\n|turn|45\n|\n|t:|1699976426\n|switch|p1a: Mischigan|Dedenne, F, shiny|100\/100\n|-activate|p1a: Mischigan|move: Sticky Web\n|-unboost|p1a: Mischigan|spe|1\n|-curestatus|p2a: Meloetta|frz|[msg]\n|move|p2a: Meloetta|Thunderbolt|p1a: Mischigan\n|-resisted|p1a: Mischigan\n|-damage|p1a: Mischigan|70\/100\n|\n|upkeep\n|turn|46\n|\n|t:|1699976442\n|switch|p1a: Nevada|Vaporeon, F, shiny|100\/100 par\n|-activate|p1a: Nevada|move: Sticky Web\n|-unboost|p1a: Nevada|spe|1\n|move|p2a: Meloetta|Hyper Voice|p1a: Nevada\n|-damage|p1a: Nevada|74\/100 par\n|\n|-heal|p1a: Nevada|80\/100 par|[from] item: Leftovers\n|upkeep\n|turn|47\n|\n|t:|1699976448\n|move|p2a: Meloetta|Heal Bell|p2a: Meloetta\n|-activate|p2a: Meloetta|move: Heal Bell\n|-curestatus|p2: Scream Tail|tox|[msg]\n|move|p1a: Nevada|Wish|p1a: Nevada\n|\n|-heal|p1a: Nevada|86\/100 par|[from] item: Leftovers\n|upkeep\n|turn|48\n|\n|t:|1699976458\n|move|p2a: Meloetta|Thunderbolt|p1a: Nevada\n|-supereffective|p1a: Nevada\n|-damage|p1a: Nevada|49\/100 par\n|move|p1a: Nevada|Ice Beam|p2a: Meloetta\n|-damage|p2a: Meloetta|85\/100\n|-status|p2a: Meloetta|frz\n|\n|-heal|p1a: Nevada|99\/100 par|[from] move: Wish|[wisher] Nevada\n|-heal|p1a: Nevada|100\/100 par|[from] item: Leftovers\n|upkeep\n|turn|49\n|c|\u2606RazberDlaPolski|CO JEST XD\n|\n|t:|1699976477\n|switch|p2a: Spidops|Spidops, M|82\/100\n|cant|p1a: Nevada|par\n|\n|upkeep\n|turn|50\n|c|\u2606Elite four lai|Gi\u0144\n|\n|t:|1699976485\n|move|p2a: Spidops|Taunt|p1a: Nevada\n|-start|p1a: Nevada|move: Taunt\n|cant|p1a: Nevada|move: Taunt|Toxic\n|\n|upkeep\n|turn|51\n|\n|t:|1699976492\n|switch|p2a: Scream Tail|Scream Tail|76\/100\n|switch|p1a: Mischigan|Dedenne, F, shiny|70\/100\n|-activate|p1a: Mischigan|move: Sticky Web\n|-unboost|p1a: Mischigan|spe|1\n|\n|-heal|p2a: Scream Tail|83\/100|[from] item: Leftovers\n|upkeep\n|turn|52\n|\n|t:|1699976503\n|move|p2a: Scream Tail|Perish Song|p2a: Scream Tail\n|-start|p1a: Mischigan|perish3|[silent]\n|-start|p2a: Scream Tail|perish3|[silent]\n|-fieldactivate|move: Perish Song\n|move|p1a: Mischigan|Nuzzle|p2a: Scream Tail\n|-damage|p2a: Scream Tail|79\/100\n|-status|p2a: Scream Tail|par\n|\n|-heal|p2a: Scream Tail|85\/100 par|[from] item: Leftovers\n|-start|p1a: Mischigan|perish3\n|-start|p2a: Scream Tail|perish3\n|upkeep\n|turn|53\n|\n|t:|1699976511\n|move|p2a: Scream Tail|Protect|p2a: Scream Tail\n|-singleturn|p2a: Scream Tail|Protect\n|move|p1a: Mischigan|Parabolic Charge|p2a: Scream Tail\n|-activate|p2a: Scream Tail|move: Protect\n|\n|-heal|p2a: Scream Tail|91\/100 par|[from] item: Leftovers\n|-start|p1a: Mischigan|perish2\n|-start|p2a: Scream Tail|perish2\n|upkeep\n|turn|54\n|inactive|RazberDlaPolski has 210 seconds left.\n|\n|t:|1699976529\n|move|p1a: Mischigan|Parabolic Charge|p2a: Scream Tail\n|-damage|p2a: Scream Tail|72\/100 par\n|-heal|p1a: Mischigan|85\/100|[from] drain|[of] p2a: Scream Tail\n|move|p2a: Scream Tail|Thunder Wave|p1a: Mischigan\n|-immune|p1a: Mischigan\n|\n|-heal|p2a: Scream Tail|79\/100 par|[from] item: Leftovers\n|-start|p1a: Mischigan|perish1\n|-start|p2a: Scream Tail|perish1\n|upkeep\n|turn|55\n|\n|t:|1699976542\n|switch|p1a: Pensylvania|Arbok, M, shiny|100\/100\n|-activate|p1a: Pensylvania|move: Sticky Web\n|-unboost|p1a: Pensylvania|spe|1\n|-ability|p1a: Pensylvania|Intimidate|boost\n|-unboost|p2a: Scream Tail|atk|1\n|-end|p2a: Scream Tail|Protosynthesis|[silent]\n|switch|p2a: Bronzong|Bronzong|61\/100\n|\n|upkeep\n|turn|56\n|\n|t:|1699976554\n|move|p1a: Pensylvania|Knock Off|p2a: Bronzong\n|-supereffective|p2a: Bronzong\n|-damage|p2a: Bronzong|31\/100\n|move|p2a: Bronzong|Reflect|p2a: Bronzong\n|-sidestart|p2: RazberDlaPolski|Reflect\n|\n|upkeep\n|turn|57\n|\n|t:|1699976559\n|switch|p2a: Scream Tail|Scream Tail|79\/100 par\n|move|p1a: Pensylvania|Knock Off|p2a: Scream Tail\n|-damage|p2a: Scream Tail|68\/100 par\n|-enditem|p2a: Scream Tail|Leftovers|[from] move: Knock Off|[of] p1a: Pensylvania\n|\n|upkeep\n|turn|58\n|\n|t:|1699976564\n|move|p1a: Pensylvania|Gunk Shot|p2a: Scream Tail\n|-supereffective|p2a: Scream Tail\n|-damage|p2a: Scream Tail|27\/100 par\n|move|p2a: Scream Tail|Wish|p2a: Scream Tail\n|\n|upkeep\n|turn|59\n|inactive|RazberDlaPolski has 210 seconds left.\n|\n|t:|1699976595\n|-end|p2a: Scream Tail|Protosynthesis|[silent]\n|switch|p2a: Staraptor|Staraptor, F|11\/100\n|move|p1a: Pensylvania|Gunk Shot|p2a: Staraptor\n|-damage|p2a: Staraptor|0 fnt\n|faint|p2a: Staraptor\n|\n|upkeep\n|c|\u2606Elite four lai|Jesy\n|c|\u2606Elite four lai|Jest\n|\n|t:|1699976605\n|switch|p2a: Meloetta|Meloetta|85\/100 frz\n|turn|60\n|\n|t:|1699976615\n|cant|p2a: Meloetta|frz\n|move|p1a: Pensylvania|Gunk Shot|p2a: Meloetta\n|-damage|p2a: Meloetta|59\/100 frz\n|\n|-sideend|p2: RazberDlaPolski|Reflect\n|upkeep\n|turn|61\n|\n|t:|1699976622\n|cant|p2a: Meloetta|frz\n|move|p1a: Pensylvania|Knock Off|p2a: Meloetta\n|-supereffective|p2a: Meloetta\n|-damage|p2a: Meloetta|22\/100 frz\n|\n|upkeep\n|turn|62\n|inactive|RazberDlaPolski has 210 seconds left.\n|c|\u2606RazberDlaPolski|rng masz swietne\n|c|\u2606RazberDlaPolski|zazdro\n|\n|t:|1699976647\n|switch|p2a: Scream Tail|Scream Tail|27\/100 par\n|move|p1a: Pensylvania|Knock Off|p2a: Scream Tail\n|-damage|p2a: Scream Tail|13\/100 par\n|\n|upkeep\n|turn|63\n|c|\u2606Elite four lai|Lepsze od Quika to napewno xD\n|\n|t:|1699976659\n|move|p1a: Pensylvania|Knock Off|p2a: Scream Tail\n|-damage|p2a: Scream Tail|0 fnt\n|faint|p2a: Scream Tail\n|-end|p2a: Scream Tail|Protosynthesis|[silent]\n|\n|upkeep\n|\n|t:|1699976668\n|switch|p2a: Spidops|Spidops, M|82\/100\n|turn|64\n|\n|t:|1699976681\n|move|p2a: Spidops|First Impression|p1a: Pensylvania\n|-resisted|p1a: Pensylvania\n|-damage|p1a: Pensylvania|69\/100\n|move|p1a: Pensylvania|Gunk Shot|p2a: Spidops\n|-damage|p2a: Spidops|25\/100\n|-status|p2a: Spidops|psn\n|\n|-heal|p1a: Pensylvania|76\/100|[from] item: Black Sludge\n|-damage|p2a: Spidops|12\/100 psn|[from] psn\n|upkeep\n|turn|65\n|inactive|RazberDlaPolski has 210 seconds left.\n|\n|t:|1699976691\n|move|p2a: Spidops|Silk Trap|p2a: Spidops\n|-singleturn|p2a: Spidops|Protect\n|move|p1a: Pensylvania|Knock Off|p2a: Spidops\n|-activate|p2a: Spidops|move: Protect\n|-unboost|p1a: Pensylvania|spe|1\n|\n|-heal|p1a: Pensylvania|82\/100|[from] item: Black Sludge\n|-damage|p2a: Spidops|0 fnt|[from] psn\n|faint|p2a: Spidops\n|upkeep\n|\n|t:|1699976700\n|switch|p2a: Meloetta|Meloetta|22\/100 frz\n|turn|66\n|\n|t:|1699976706\n|switch|p1a: Nevada|Vaporeon, F, shiny|100\/100 par\n|-activate|p1a: Nevada|move: Sticky Web\n|-unboost|p1a: Nevada|spe|1\n|-curestatus|p2a: Meloetta|frz|[msg]\n|move|p2a: Meloetta|Psychic|p1a: Nevada\n|-damage|p1a: Nevada|72\/100 par\n|\n|-heal|p1a: Nevada|78\/100 par|[from] item: Leftovers\n|upkeep\n|turn|67\n|c|\u2606Elite four lai|WIEDZIALEM\n|c|\u2606Elite four lai|\u017ce teraz wyjdzie z lodu\n|\n|t:|1699976725\n|switch|p2a: Bronzong|Bronzong|31\/100\n|cant|p1a: Nevada|par\n|\n|-heal|p1a: Nevada|85\/100 par|[from] item: Leftovers\n|upkeep\n|turn|68\n|\n|t:|1699976734\n|move|p2a: Bronzong|Gyro Ball|p1a: Nevada\n|-resisted|p1a: Nevada\n|-damage|p1a: Nevada|81\/100 par\n|move|p1a: Nevada|Wish|p1a: Nevada\n|\n|-heal|p1a: Nevada|87\/100 par|[from] item: Leftovers\n|upkeep\n|turn|69\n|\n|t:|1699976749\n|switch|p1a: Utah|Wyrdeer, M, shiny|54\/100\n|-activate|p1a: Utah|move: Sticky Web\n|-unboost|p1a: Utah|spe|1\n|-ability|p1a: Utah|Intimidate|boost\n|-unboost|p2a: Bronzong|atk|1\n|move|p2a: Bronzong|Reflect|p2a: Bronzong\n|-sidestart|p2: RazberDlaPolski|Reflect\n|\n|-heal|p1a: Utah|100\/100|[from] move: Wish|[wisher] Nevada\n|upkeep\n|turn|70\n|inactive|RazberDlaPolski has 210 seconds left.\n|\n|t:|1699976770\n|move|p1a: Utah|Jump Kick|p2a: Bronzong\n|-damage|p2a: Bronzong|17\/100\n|move|p2a: Bronzong|Gyro Ball|p1a: Utah\n|-damage|p1a: Utah|85\/100\n|\n|upkeep\n|turn|71\n|\n|t:|1699976782\n|move|p1a: Utah|Hypnosis|p2a: Bronzong\n|-status|p2a: Bronzong|slp|[from] move: Hypnosis\n|cant|p2a: Bronzong|slp\n|\n|upkeep\n|turn|72\n|\n|t:|1699976788\n|switch|p1a: Nevada|Vaporeon, F, shiny|87\/100 par\n|-activate|p1a: Nevada|move: Sticky Web\n|-unboost|p1a: Nevada|spe|1\n|switch|p2a: Meloetta|Meloetta|22\/100\n|\n|-heal|p1a: Nevada|93\/100 par|[from] item: Leftovers\n|upkeep\n|turn|73\n|\n|t:|1699976796\n|move|p2a: Meloetta|Thunderbolt|p1a: Nevada\n|-supereffective|p1a: Nevada\n|-damage|p1a: Nevada|58\/100 par\n|move|p1a: Nevada|Ice Beam|p2a: Meloetta\n|-damage|p2a: Meloetta|5\/100\n|\n|-heal|p1a: Nevada|65\/100 par|[from] item: Leftovers\n|-sideend|p2: RazberDlaPolski|Reflect\n|upkeep\n|turn|74\n|\n|t:|1699976803\n|move|p1a: Nevada|Protect|p1a: Nevada\n|-singleturn|p1a: Nevada|Protect\n|move|p2a: Meloetta|Thunderbolt|p1a: Nevada\n|-activate|p1a: Nevada|move: Protect\n|\n|-heal|p1a: Nevada|71\/100 par|[from] item: Leftovers\n|upkeep\n|turn|75\n|\n|t:|1699976807\n|move|p2a: Meloetta|Thunderbolt|p1a: Nevada\n|-supereffective|p1a: Nevada\n|-damage|p1a: Nevada|36\/100 par\n|move|p1a: Nevada|Wish|p1a: Nevada\n|\n|-heal|p1a: Nevada|42\/100 par|[from] item: Leftovers\n|upkeep\n|turn|76\n|\n|t:|1699976814\n|move|p1a: Nevada|Protect|p1a: Nevada\n|-singleturn|p1a: Nevada|Protect\n|move|p2a: Meloetta|Thunderbolt|p1a: Nevada\n|-activate|p1a: Nevada|move: Protect\n|\n|-heal|p1a: Nevada|92\/100 par|[from] move: Wish|[wisher] Nevada\n|-heal|p1a: Nevada|98\/100 par|[from] item: Leftovers\n|upkeep\n|turn|77\n|\n|t:|1699976818\n|move|p2a: Meloetta|Thunderbolt|p1a: Nevada\n|-supereffective|p1a: Nevada\n|-damage|p1a: Nevada|60\/100 par\n|move|p1a: Nevada|Ice Beam|p2a: Meloetta\n|-damage|p2a: Meloetta|0 fnt\n|faint|p2a: Meloetta\n|\n|-heal|p1a: Nevada|66\/100 par|[from] item: Leftovers\n|upkeep\n|c|\u2606RazberDlaPolski|czemu mnie rng w tym meczu tak wyruchalo\n|inactive|RazberDlaPolski has 240 seconds left.\n|\n|t:|1699976838\n|switch|p2a: Bronzong|Bronzong|17\/100 slp\n|turn|78\n|\n|t:|1699976848\n|switch|p1a: Pensylvania|Arbok, M, shiny|82\/100\n|-activate|p1a: Pensylvania|move: Sticky Web\n|-unboost|p1a: Pensylvania|spe|1\n|-ability|p1a: Pensylvania|Intimidate|boost\n|-unboost|p2a: Bronzong|atk|1\n|cant|p2a: Bronzong|slp\n|\n|-heal|p1a: Pensylvania|88\/100|[from] item: Black Sludge\n|upkeep\n|turn|79\n|\n|t:|1699976854\n|move|p1a: Pensylvania|Knock Off|p2a: Bronzong\n|-supereffective|p2a: Bronzong\n|-damage|p2a: Bronzong|0 fnt\n|faint|p2a: Bronzong\n|\n|win|Elite four lai\n","uploadtime":1699976858,"views":15,"p1id":"elitefourlai","p2id":"razberdlapolski","formatid":"gen9nationaldex","rating":0,"private":0,"password":""}