{"id":"gen9nationaldex-1988223391","p1":"kunkunaidaqiu","p2":"Leifthrasir","format":"[Gen 9] National Dex","log":"|j|\u2606kunkunaidaqiu\n|j|\u2606Leifthrasir\n|t:|1699688593\n|gametype|singles\n|player|p1|kunkunaidaqiu|ninjaboy|1431\n|player|p2|Leifthrasir|lady-gen4|1464\n|teamsize|p1|6\n|teamsize|p2|6\n|gen|9\n|tier|[Gen 9] National Dex\n|rated|\n|rule|HP Percentage Mod: HP is shown in percentages\n|rule|Endless Battle Clause: Forcing endless battles is banned\n|rule|OHKO Clause: OHKO moves are banned\n|rule|Evasion Clause: Evasion abilities, items, and moves are banned\n|rule|Evasion Abilities Clause: Evasion abilities are banned\n|rule|Evasion Items Clause: Evasion items are banned\n|rule|Evasion Moves Clause: Evasion moves are banned\n|rule|Species Clause: Limit one of each Pok\u00e9mon\n|rule|Sleep Clause Mod: Limit one foe put to sleep\n|clearpoke\n|poke|p1|Garchomp, M|\n|poke|p1|Latias, F|\n|poke|p1|Kommo-o, M|\n|poke|p1|Goodra-Hisui, M|\n|poke|p1|Dragonite, F|\n|poke|p1|Kyurem|\n|poke|p2|Banette, M|\n|poke|p2|Rillaboom, M|\n|poke|p2|Victini|\n|poke|p2|Hatterene, F|\n|poke|p2|Landorus-Therian, M|\n|poke|p2|Sneasler, M|\n|teampreview\n|inactive|Battle timer is ON: inactive players will automatically lose when time's up. (requested by Leifthrasir)\n|\n|t:|1699688609\n|start\n|switch|p1a: Garchomp|Garchomp, M|100\/100\n|switch|p2a: \u51a5\u60f3\u5438\u6536\u543b|Hatterene, F|100\/100\n|turn|1\n|\n|t:|1699688616\n|-terastallize|p1a: Garchomp|Fire\n|move|p1a: Garchomp|Earthquake|p2a: \u51a5\u60f3\u5438\u6536\u543b\n|-damage|p2a: \u51a5\u60f3\u5438\u6536\u543b|32\/100\n|-damage|p1a: Garchomp|91\/100|[from] item: Life Orb\n|move|p2a: \u51a5\u60f3\u5438\u6536\u543b|Trick Room|p2a: \u51a5\u60f3\u5438\u6536\u543b\n|-fieldstart|move: Trick Room|[of] p2a: \u51a5\u60f3\u5438\u6536\u543b\n|\n|upkeep\n|turn|2\n|\n|t:|1699688631\n|move|p2a: \u51a5\u60f3\u5438\u6536\u543b|Future Sight|p1a: Garchomp\n|-start|p2a: \u51a5\u60f3\u5438\u6536\u543b|move: Future Sight\n|move|p1a: Garchomp|Earthquake|p2a: \u51a5\u60f3\u5438\u6536\u543b\n|-damage|p2a: \u51a5\u60f3\u5438\u6536\u543b|0 fnt\n|faint|p2a: \u51a5\u60f3\u5438\u6536\u543b\n|-damage|p1a: Garchomp|81\/100|[from] item: Life Orb\n|\n|upkeep\n|\n|t:|1699688641\n|switch|p2a: \u5ca9\u5207\u5927\u7206\u70b8|Landorus-Therian, M|100\/100\n|-ability|p2a: \u5ca9\u5207\u5927\u7206\u70b8|Intimidate|boost\n|-unboost|p1a: Garchomp|atk|1\n|turn|3\n|\n|t:|1699688657\n|move|p2a: \u5ca9\u5207\u5927\u7206\u70b8|Explosion|p1a: Garchomp\n|-damage|p1a: Garchomp|0 fnt\n|faint|p2a: \u5ca9\u5207\u5927\u7206\u70b8\n|faint|p1a: Garchomp\n|\n|upkeep\n|\n|t:|1699688662\n|switch|p2a: Z\u6b22\u4e50\u65f6\u5149|Victini|100\/100\n|switch|p1a: Latias|Latias, F|100\/100\n|turn|4\n|\n|t:|1699688669\n|detailschange|p1a: Latias|Latias-Mega, F\n|-mega|p1a: Latias|Latias|Latiasite\n|move|p2a: Z\u6b22\u4e50\u65f6\u5149|Final Gambit|p1a: Latias\n|-damage|p1a: Latias|0 fnt\n|faint|p2a: Z\u6b22\u4e50\u65f6\u5149\n|faint|p1a: Latias\n|\n|-hint|Future Sight did not hit because the target is fainted.\n|upkeep\n|\n|t:|1699688690\n|switch|p2a: \u5251\u821e\u8ffd\u6253|Banette, M|100\/100\n|switch|p1a: Dragonite|Dragonite, F|100\/100\n|-item|p1a: Dragonite|Choice Band|[from] ability: Frisk|[of] p2a: \u5251\u821e\u8ffd\u6253|[identify]\n|turn|5\n|\n|t:|1699688717\n|detailschange|p2a: \u5251\u821e\u8ffd\u6253|Banette-Mega, M\n|-mega|p2a: \u5251\u821e\u8ffd\u6253|Banette|Banettite\n|move|p2a: \u5251\u821e\u8ffd\u6253|Poltergeist|p1a: Dragonite\n|-activate|p1a: Dragonite|move: Poltergeist|Choice Band\n|-damage|p1a: Dragonite|56\/100\n|move|p1a: Dragonite|Outrage|p2a: \u5251\u821e\u8ffd\u6253\n|-damage|p2a: \u5251\u821e\u8ffd\u6253|0 fnt\n|faint|p2a: \u5251\u821e\u8ffd\u6253\n|\n|-fieldend|move: Trick Room\n|upkeep\n|inactive|Leifthrasir has 120 seconds left.\n|\n|t:|1699688731\n|switch|p2a: \u56f4\u5dfe\u6728\u69cc|Rillaboom, M|100\/100\n|-fieldstart|move: Grassy Terrain|[from] ability: Grassy Surge|[of] p2a: \u56f4\u5dfe\u6728\u69cc\n|turn|6\n|\n|t:|1699688740\n|move|p1a: Dragonite|Outrage|p2a: \u56f4\u5dfe\u6728\u69cc|[from]lockedmove\n|-damage|p2a: \u56f4\u5dfe\u6728\u69cc|12\/100\n|move|p2a: \u56f4\u5dfe\u6728\u69cc|Wood Hammer|p1a: Dragonite\n|-resisted|p1a: Dragonite\n|-damage|p1a: Dragonite|23\/100\n|-damage|p2a: \u56f4\u5dfe\u6728\u69cc|3\/100|[from] Recoil\n|\n|-heal|p2a: \u56f4\u5dfe\u6728\u69cc|9\/100|[from] Grassy Terrain\n|upkeep\n|turn|7\n|\n|t:|1699688751\n|move|p1a: Dragonite|Outrage|p2a: \u56f4\u5dfe\u6728\u69cc|[from]lockedmove\n|-damage|p2a: \u56f4\u5dfe\u6728\u69cc|0 fnt\n|faint|p2a: \u56f4\u5dfe\u6728\u69cc\n|-start|p1a: Dragonite|confusion|[fatigue]\n|\n|upkeep\n|\n|t:|1699688753\n|switch|p2a: Sneasler|Sneasler, M|100\/100\n|-enditem|p2a: Sneasler|Grassy Seed\n|-boost|p2a: Sneasler|def|1|[from] item: Grassy Seed\n|turn|8\n|\n|t:|1699688761\n|-terastallize|p2a: Sneasler|Flying\n|move|p2a: Sneasler|Dire Claw|p1a: Dragonite\n|-crit|p1a: Dragonite\n|-damage|p1a: Dragonite|0 fnt\n|faint|p1a: Dragonite\n|\n|upkeep\n|\n|t:|1699688777\n|switch|p1a: Kommo-o|Kommo-o, M|100\/100\n|turn|9\n|\n|t:|1699688780\n|move|p2a: Sneasler|Acrobatics|p1a: Kommo-o\n|-supereffective|p1a: Kommo-o\n|-damage|p1a: Kommo-o|0 fnt\n|faint|p1a: Kommo-o\n|\n|upkeep\n|\n|t:|1699688786\n|switch|p1a: Kyurem|Kyurem|100\/100\n|-ability|p1a: Kyurem|Pressure\n|turn|10\n|\n|t:|1699688791\n|move|p2a: Sneasler|Close Combat|p1a: Kyurem\n|-supereffective|p1a: Kyurem\n|-crit|p1a: Kyurem\n|-damage|p1a: Kyurem|0 fnt\n|-unboost|p2a: Sneasler|def|1\n|-unboost|p2a: Sneasler|spd|1\n|faint|p1a: Kyurem\n|\n|-fieldend|move: Grassy Terrain\n|upkeep\n|\n|t:|1699688798\n|switch|p1a: Goodra|Goodra-Hisui, M|100\/100\n|turn|11\n|\n|t:|1699688803\n|move|p2a: Sneasler|Close Combat|p1a: Goodra\n|-supereffective|p1a: Goodra\n|-damage|p1a: Goodra|0 fnt\n|-unboost|p2a: Sneasler|def|1\n|-unboost|p2a: Sneasler|spd|1\n|faint|p1a: Goodra\n|\n|win|Leifthrasir\n|raw|kunkunaidaqiu's rating: 1431 &rarr; <strong>1413<\/strong><br \/>(-18 for losing)\n|raw|Leifthrasir's rating: 1464 &rarr; <strong>1482<\/strong><br \/>(+18 for winning)\n|l|\u2606kunkunaidaqiu\n","uploadtime":1699688820,"views":4,"p1id":"kunkunaidaqiu","p2id":"leifthrasir","formatid":"gen9nationaldex","rating":1413,"private":0,"password":""}