{"id":"gen9nationaldex-1991157650","p1":"Whitebit09","p2":"Leaf of Frost","format":"[Gen 9] National Dex","log":"|j|\u2606Whitebit09\n|j|\u2606Leaf of Frost\n|t:|1700051463\n|gametype|singles\n|player|p1|Whitebit09|265|1651\n|player|p2|Leaf of Frost|dawn|1645\n|teamsize|p1|6\n|teamsize|p2|6\n|gen|9\n|tier|[Gen 9] National Dex\n|rated|\n|rule|HP Percentage Mod: HP is shown in percentages\n|rule|Endless Battle Clause: Forcing endless battles is banned\n|rule|OHKO Clause: OHKO moves are banned\n|rule|Evasion Clause: Evasion abilities, items, and moves are banned\n|rule|Evasion Abilities Clause: Evasion abilities are banned\n|rule|Evasion Items Clause: Evasion items are banned\n|rule|Evasion Moves Clause: Evasion moves are banned\n|rule|Species Clause: Limit one of each Pok\u00e9mon\n|rule|Sleep Clause Mod: Limit one foe put to sleep\n|clearpoke\n|poke|p1|Lopunny, M|\n|poke|p1|Clefable, F|\n|poke|p1|Landorus-Therian, M|\n|poke|p1|Urshifu-*, F|\n|poke|p1|Kyurem|\n|poke|p1|Cinderace, F|\n|poke|p2|Ninetales-Alola, M|\n|poke|p2|Meowscarada, M|\n|poke|p2|Gliscor, F|\n|poke|p2|Tapu Koko|\n|poke|p2|Nihilego|\n|poke|p2|Skeledirge, M|\n|teampreview\n|inactive|Battle timer is ON: inactive players will automatically lose when time's up. (requested by Leaf of Frost)\n|inactive|Whitebit09 has 120 seconds left.\n|\n|t:|1700051495\n|start\n|switch|p1a: Urshifu|Urshifu-Rapid-Strike, F|100\/100\n|switch|p2a: \u96ea\u5929\u961f\u957f|Ninetales-Alola, M|100\/100\n|-weather|Snow|[from] ability: Snow Warning|[of] p2a: \u96ea\u5929\u961f\u957f\n|turn|1\n|\n|t:|1700051508\n|-terastallize|p1a: Urshifu|Water\n|move|p1a: Urshifu|Surging Strikes|p2a: \u96ea\u5929\u961f\u957f\n|-crit|p2a: \u96ea\u5929\u961f\u957f\n|-damage|p2a: \u96ea\u5929\u961f\u957f|73\/100\n|-crit|p2a: \u96ea\u5929\u961f\u957f\n|-damage|p2a: \u96ea\u5929\u961f\u957f|44\/100\n|-crit|p2a: \u96ea\u5929\u961f\u957f\n|-damage|p2a: \u96ea\u5929\u961f\u957f|15\/100\n|-hitcount|p2a: \u96ea\u5929\u961f\u957f|3\n|move|p2a: \u96ea\u5929\u961f\u957f|Moonblast|p1a: Urshifu\n|-damage|p1a: Urshifu|47\/100\n|-unboost|p1a: Urshifu|spa|1\n|\n|-weather|Snow|[upkeep]\n|upkeep\n|turn|2\n|\n|t:|1700051520\n|move|p1a: Urshifu|Surging Strikes|p2a: \u96ea\u5929\u961f\u957f\n|-crit|p2a: \u96ea\u5929\u961f\u957f\n|-damage|p2a: \u96ea\u5929\u961f\u957f|0 fnt\n|faint|p2a: \u96ea\u5929\u961f\u957f\n|-hitcount|p2: \u96ea\u5929\u961f\u957f|1\n|\n|-weather|Snow|[upkeep]\n|upkeep\n|\n|t:|1700051521\n|switch|p2a: \u732b\u732b|Meowscarada, M|100\/100\n|turn|3\n|\n|t:|1700051527\n|switch|p1a: Landorus|Landorus-Therian, M|100\/100\n|-ability|p1a: Landorus|Intimidate|boost\n|-unboost|p2a: \u732b\u732b|atk|1\n|move|p2a: \u732b\u732b|U-turn|p1a: Landorus\n|-start|p2a: \u732b\u732b|typechange|Bug|[from] ability: Protean\n|-resisted|p1a: Landorus\n|-damage|p1a: Landorus|91\/100\n|\n|t:|1700051531\n|switch|p2a: \u6bd2\u7597\u5e26\u6765\u5feb\u4e50|Gliscor, F|100\/100|[from] U-turn\n|\n|-weather|Snow|[upkeep]\n|-heal|p1a: Landorus|97\/100|[from] item: Leftovers\n|-status|p2a: \u6bd2\u7597\u5e26\u6765\u5feb\u4e50|tox|[from] item: Toxic Orb\n|upkeep\n|turn|4\n|j| Aziz Le Bledart\n|\n|t:|1700051541\n|switch|p1a: Kyurem|Kyurem|100\/100\n|-ability|p1a: Kyurem|Pressure\n|move|p2a: \u6bd2\u7597\u5e26\u6765\u5feb\u4e50|Toxic|p1a: Kyurem\n|-status|p1a: Kyurem|tox\n|\n|-weather|Snow|[upkeep]\n|-damage|p1a: Kyurem|94\/100 tox|[from] psn\n|upkeep\n|turn|5\n|\n|t:|1700051548\n|switch|p2a: \u6df3\u6734\u5e26\u6765\u5feb\u4e50|Skeledirge, M|100\/100\n|move|p1a: Kyurem|Freeze-Dry|p2a: \u6df3\u6734\u5e26\u6765\u5feb\u4e50\n|-resisted|p2a: \u6df3\u6734\u5e26\u6765\u5feb\u4e50\n|-damage|p2a: \u6df3\u6734\u5e26\u6765\u5feb\u4e50|83\/100\n|-status|p2a: \u6df3\u6734\u5e26\u6765\u5feb\u4e50|frz\n|\n|-weather|none\n|-heal|p2a: \u6df3\u6734\u5e26\u6765\u5feb\u4e50|89\/100 frz|[from] item: Leftovers\n|-damage|p1a: Kyurem|82\/100 tox|[from] psn\n|upkeep\n|turn|6\n|\n|t:|1700051552\n|move|p1a: Kyurem|Earth Power|p2a: \u6df3\u6734\u5e26\u6765\u5feb\u4e50\n|-supereffective|p2a: \u6df3\u6734\u5e26\u6765\u5feb\u4e50\n|-damage|p2a: \u6df3\u6734\u5e26\u6765\u5feb\u4e50|32\/100 frz\n|cant|p2a: \u6df3\u6734\u5e26\u6765\u5feb\u4e50|frz\n|\n|-heal|p2a: \u6df3\u6734\u5e26\u6765\u5feb\u4e50|38\/100 frz|[from] item: Leftovers\n|-damage|p1a: Kyurem|64\/100 tox|[from] psn\n|upkeep\n|turn|7\n|\n|t:|1700051560\n|move|p1a: Kyurem|Roost|p1a: Kyurem\n|-heal|p1a: Kyurem|100\/100 tox\n|-singleturn|p1a: Kyurem|move: Roost\n|cant|p2a: \u6df3\u6734\u5e26\u6765\u5feb\u4e50|frz\n|\n|-heal|p2a: \u6df3\u6734\u5e26\u6765\u5feb\u4e50|44\/100 frz|[from] item: Leftovers\n|-damage|p1a: Kyurem|76\/100 tox|[from] psn\n|upkeep\n|turn|8\n|\n|t:|1700051569\n|switch|p1a: Lopunny|Lopunny, M|100\/100\n|cant|p2a: \u6df3\u6734\u5e26\u6765\u5feb\u4e50|frz\n|\n|-heal|p2a: \u6df3\u6734\u5e26\u6765\u5feb\u4e50|50\/100 frz|[from] item: Leftovers\n|upkeep\n|turn|9\n|\n|t:|1700051572\n|detailschange|p1a: Lopunny|Lopunny-Mega, M\n|-mega|p1a: Lopunny|Lopunny|Lopunnite\n|move|p1a: Lopunny|Frustration|p2a: \u6df3\u6734\u5e26\u6765\u5feb\u4e50\n|-damage|p2a: \u6df3\u6734\u5e26\u6765\u5feb\u4e50|9\/100 frz\n|cant|p2a: \u6df3\u6734\u5e26\u6765\u5feb\u4e50|frz\n|\n|-heal|p2a: \u6df3\u6734\u5e26\u6765\u5feb\u4e50|15\/100 frz|[from] item: Leftovers\n|upkeep\n|turn|10\n|\n|t:|1700051580\n|cant|p2a: \u6df3\u6734\u5e26\u6765\u5feb\u4e50|frz\n|move|p1a: Lopunny|Frustration|p2a: \u6df3\u6734\u5e26\u6765\u5feb\u4e50\n|-damage|p2a: \u6df3\u6734\u5e26\u6765\u5feb\u4e50|0 fnt\n|faint|p2a: \u6df3\u6734\u5e26\u6765\u5feb\u4e50\n|\n|upkeep\n|\n|t:|1700051586\n|switch|p2a: \u963f\u7f57\u62c9|Tapu Koko|100\/100\n|-fieldstart|move: Electric Terrain|[from] ability: Electric Surge|[of] p2a: \u963f\u7f57\u62c9\n|turn|11\n|\n|t:|1700051592\n|move|p1a: Lopunny|Frustration|p2a: \u963f\u7f57\u62c9\n|-damage|p2a: \u963f\u7f57\u62c9|30\/100\n|move|p2a: \u963f\u7f57\u62c9|Hidden Power|p1a: Lopunny\n|-damage|p1a: Lopunny|79\/100\n|\n|upkeep\n|turn|12\n|\n|t:|1700051597\n|switch|p2a: \u6bd2\u7597\u5e26\u6765\u5feb\u4e50|Gliscor, F|100\/100 tox\n|move|p1a: Lopunny|Frustration|p2a: \u6bd2\u7597\u5e26\u6765\u5feb\u4e50\n|-damage|p2a: \u6bd2\u7597\u5e26\u6765\u5feb\u4e50|59\/100 tox\n|\n|-heal|p2a: \u6bd2\u7597\u5e26\u6765\u5feb\u4e50|71\/100 tox|[from] ability: Poison Heal\n|upkeep\n|turn|13\n|\n|t:|1700051602\n|move|p1a: Lopunny|Triple Axel|p2a: \u6bd2\u7597\u5e26\u6765\u5feb\u4e50\n|-supereffective|p2a: \u6bd2\u7597\u5e26\u6765\u5feb\u4e50\n|-damage|p2a: \u6bd2\u7597\u5e26\u6765\u5feb\u4e50|48\/100 tox\n|-supereffective|p2a: \u6bd2\u7597\u5e26\u6765\u5feb\u4e50\n|-damage|p2a: \u6bd2\u7597\u5e26\u6765\u5feb\u4e50|2\/100 tox\n|-supereffective|p2a: \u6bd2\u7597\u5e26\u6765\u5feb\u4e50\n|-damage|p2a: \u6bd2\u7597\u5e26\u6765\u5feb\u4e50|0 fnt\n|faint|p2a: \u6bd2\u7597\u5e26\u6765\u5feb\u4e50\n|-hitcount|p2: \u6bd2\u7597\u5e26\u6765\u5feb\u4e50|3\n|\n|upkeep\n|\n|t:|1700051607\n|switch|p2a: \u732b\u732b|Meowscarada, M|100\/100\n|turn|14\n|\n|t:|1700051617\n|move|p2a: \u732b\u732b|Brick Break|p1a: Lopunny\n|-start|p2a: \u732b\u732b|typechange|Fighting|[from] ability: Protean\n|-supereffective|p1a: Lopunny\n|-damage|p1a: Lopunny|0 fnt\n|faint|p1a: Lopunny\n|\n|upkeep\n|l| Aziz Le Bledart\n|\n|t:|1700051626\n|switch|p1a: Landorus|Landorus-Therian, M|97\/100\n|-ability|p1a: Landorus|Intimidate|boost\n|-unboost|p2a: \u732b\u732b|atk|1\n|turn|15\n|\n|t:|1700051632\n|switch|p2a: \u963f\u7f57\u62c9|Tapu Koko|30\/100\n|move|p1a: Landorus|U-turn|p2a: \u963f\u7f57\u62c9\n|-resisted|p2a: \u963f\u7f57\u62c9\n|-damage|p2a: \u963f\u7f57\u62c9|15\/100\n|\n|t:|1700051640\n|switch|p1a: Urshifu|Urshifu-Rapid-Strike, F, tera:Water|47\/100|[from] U-turn\n|\n|-fieldend|move: Electric Terrain\n|upkeep\n|turn|16\n|\n|t:|1700051643\n|move|p1a: Urshifu|Surging Strikes|p2a: \u963f\u7f57\u62c9\n|-crit|p2a: \u963f\u7f57\u62c9\n|-damage|p2a: \u963f\u7f57\u62c9|0 fnt\n|faint|p2a: \u963f\u7f57\u62c9\n|-hitcount|p2: \u963f\u7f57\u62c9|1\n|\n|upkeep\n|\n|t:|1700051646\n|switch|p2a: \u732b\u732b|Meowscarada, M|100\/100\n|turn|17\n|\n|t:|1700051649\n|move|p2a: \u732b\u732b|Flower Trick|p1a: Urshifu\n|-start|p2a: \u732b\u732b|typechange|Grass|[from] ability: Protean\n|-supereffective|p1a: Urshifu\n|-crit|p1a: Urshifu\n|-damage|p1a: Urshifu|0 fnt\n|faint|p1a: Urshifu\n|\n|upkeep\n|\n|t:|1700051658\n|switch|p1a: Clefable|Clefable, F|100\/100\n|turn|18\n|\n|t:|1700051663\n|switch|p2a: \u8389\u8389\u827e|Nihilego|100\/100\n|move|p1a: Clefable|Thunder Wave|p2a: \u8389\u8389\u827e\n|-status|p2a: \u8389\u8389\u827e|par\n|\n|upkeep\n|turn|19\n|\n|t:|1700051670\n|switch|p1a: Landorus|Landorus-Therian, M|97\/100\n|-ability|p1a: Landorus|Intimidate|boost\n|-unboost|p2a: \u8389\u8389\u827e|atk|1\n|move|p2a: \u8389\u8389\u827e|Meteor Beam||[still]\n|-prepare|p2a: \u8389\u8389\u827e|Meteor Beam\n|-boost|p2a: \u8389\u8389\u827e|spa|1\n|-enditem|p2a: \u8389\u8389\u827e|Power Herb\n|-anim|p2a: \u8389\u8389\u827e|Meteor Beam|p1a: Landorus\n|-damage|p1a: Landorus|37\/100\n|\n|-heal|p1a: Landorus|43\/100|[from] item: Leftovers\n|upkeep\n|turn|20\n|\n|t:|1700051680\n|switch|p2a: \u732b\u732b|Meowscarada, M|100\/100\n|move|p1a: Landorus|Earthquake|p2a: \u732b\u732b\n|-resisted|p2a: \u732b\u732b\n|-damage|p2a: \u732b\u732b|67\/100\n|\n|-heal|p1a: Landorus|49\/100|[from] item: Leftovers\n|upkeep\n|turn|21\n|\n|t:|1700051687\n|-terastallize|p2a: \u732b\u732b|Grass\n|move|p2a: \u732b\u732b|Flower Trick|p1a: Landorus\n|-crit|p1a: Landorus\n|-damage|p1a: Landorus|0 fnt\n|faint|p1a: Landorus\n|\n|upkeep\n|\n|t:|1700051692\n|switch|p1a: Cinderace|Cinderace, F|100\/100\n|turn|22\n|\n|t:|1700051698\n|switch|p2a: \u8389\u8389\u827e|Nihilego|100\/100 par\n|-zpower|p1a: Cinderace\n|move|p1a: Cinderace|Shattered Psyche|p2a: \u8389\u8389\u827e|[zeffect]\n|-start|p1a: Cinderace|typechange|Psychic|[from] ability: Libero\n|-supereffective|p2a: \u8389\u8389\u827e\n|-damage|p2a: \u8389\u8389\u827e|0 fnt\n|faint|p2a: \u8389\u8389\u827e\n|\n|upkeep\n|\n|t:|1700051700\n|switch|p2a: \u732b\u732b|Meowscarada, M, tera:Grass|67\/100\n|turn|23\n|-message|Leaf of Frost forfeited.\n|\n|win|Whitebit09\n|raw|Whitebit09's rating: 1651 &rarr; <strong>1671<\/strong><br \/>(+20 for winning)\n|raw|Leaf of Frost's rating: 1645 &rarr; <strong>1625<\/strong><br \/>(-20 for losing)\n|l|\u2606Leaf of Frost\n","uploadtime":1700051739,"views":4,"p1id":"whitebit09","p2id":"leafoffrost","formatid":"gen9nationaldex","rating":1625,"private":0,"password":""}