{"id":"gen9nationaldex-1992525253","p1":"FailingFiat","p2":"How To Beat Lance","format":"[Gen 9] National Dex","log":"|j|\u2606FailingFiat\n|j|\u2606How To Beat Lance\n|t:|1700199544\n|gametype|singles\n|player|p1|FailingFiat|hiker-gen1|\n|player|p2|How To Beat Lance|lance|\n|teamsize|p1|6\n|teamsize|p2|6\n|gen|9\n|tier|[Gen 9] National Dex\n|rule|HP Percentage Mod: HP is shown in percentages\n|rule|Endless Battle Clause: Forcing endless battles is banned\n|rule|OHKO Clause: OHKO moves are banned\n|rule|Evasion Clause: Evasion abilities, items, and moves are banned\n|rule|Evasion Abilities Clause: Evasion abilities are banned\n|rule|Evasion Items Clause: Evasion items are banned\n|rule|Evasion Moves Clause: Evasion moves are banned\n|rule|Species Clause: Limit one of each Pok\u00e9mon\n|rule|Sleep Clause Mod: Limit one foe put to sleep\n|clearpoke\n|poke|p1|Necrozma|\n|poke|p1|Iron Hands|\n|poke|p1|Revavroom, M|\n|poke|p1|Pangoro, M|\n|poke|p1|Moltres-Galar|\n|poke|p1|Ceruledge, M|\n|poke|p2|Dragonite, M|\n|poke|p2|Garchomp, F|\n|poke|p2|Kommo-o, M|\n|poke|p2|Hydreigon, F|\n|poke|p2|Goodra-Hisui, F|\n|poke|p2|Duraludon, F|\n|teampreview\n|c|\u2606How To Beat Lance|cool team\n|c|\u2606FailingFiat|more dragons\n|c|\u2606FailingFiat|ty\n|c|\u2606How To Beat Lance|i like dragon monos\n|c|\u2606How To Beat Lance|maybe because im lance\n|l|\u2606FailingFiat\n|player|p1|\n|j|\u2606FailingFiat\n|player|p1|FailingFiat|hiker-gen1\n|c|\u2606FailingFiat|i dont know\n|c|\u2606FailingFiat|who to send\n|c|\u2606FailingFiat|ur tam kinda counter\n|c|\u2606FailingFiat|team\n|\n|t:|1700199651\n|start\n|switch|p1a: Revavroom|Revavroom, M|100\/100\n|switch|p2a: Garchomp|Garchomp, F|100\/100\n|-item|p1a: Revavroom|Air Balloon\n|turn|1\n|\n|t:|1700199662\n|detailschange|p2a: Garchomp|Garchomp-Mega, F\n|-mega|p2a: Garchomp|Garchomp|Garchompite\n|move|p2a: Garchomp|Swords Dance|p2a: Garchomp\n|-boost|p2a: Garchomp|atk|2\n|move|p1a: Revavroom|Shift Gear|p1a: Revavroom\n|-boost|p1a: Revavroom|spe|2\n|-boost|p1a: Revavroom|atk|1\n|\n|upkeep\n|turn|2\n|\n|t:|1700199675\n|move|p1a: Revavroom|Iron Head|p2a: Garchomp\n|-damage|p2a: Garchomp|49\/100\n|move|p2a: Garchomp|Scale Shot|p1a: Revavroom|[miss]\n|-miss|p2a: Garchomp|p1a: Revavroom\n|\n|upkeep\n|turn|3\n|c|\u2606How To Beat Lance|interesting\n|c|\u2606FailingFiat|weave\n|c|\u2606How To Beat Lance|crap\n|\n|t:|1700199689\n|switch|p2a: Duraludon|Duraludon, F, shiny|100\/100\n|move|p1a: Revavroom|Iron Head|p2a: Duraludon\n|-resisted|p2a: Duraludon\n|-damage|p2a: Duraludon|74\/100\n|-damage|p1a: Revavroom|84\/100|[from] item: Rocky Helmet|[of] p2a: Duraludon\n|\n|upkeep\n|turn|4\n|\n|t:|1700199696\n|move|p1a: Revavroom|High Horsepower|p2a: Duraludon\n|-supereffective|p2a: Duraludon\n|-crit|p2a: Duraludon\n|-damage|p2a: Duraludon|0 fnt\n|-damage|p1a: Revavroom|67\/100|[from] item: Rocky Helmet|[of] p2a: Duraludon\n|faint|p2a: Duraludon\n|\n|upkeep\n|c|\u2606FailingFiat|crit niec\n|c|\u2606FailingFiat|nice\n|\n|t:|1700199715\n|switch|p2a: Dragonite|Dragonite, M|100\/100\n|turn|5\n|\n|t:|1700199722\n|move|p1a: Revavroom|Shift Gear|p1a: Revavroom\n|-boost|p1a: Revavroom|spe|2\n|-boost|p1a: Revavroom|atk|1\n|move|p2a: Dragonite|Earthquake|p1a: Revavroom\n|-immune|p1a: Revavroom\n|\n|upkeep\n|turn|6\n|c|\u2606FailingFiat|erm\n|\n|t:|1700199729\n|move|p2a: Dragonite|Extreme Speed|p1a: Revavroom\n|-resisted|p1a: Revavroom\n|-damage|p1a: Revavroom|50\/100\n|-enditem|p1a: Revavroom|Air Balloon\n|move|p1a: Revavroom|Shift Gear|p1a: Revavroom\n|-boost|p1a: Revavroom|spe|2\n|-boost|p1a: Revavroom|atk|1\n|\n|upkeep\n|turn|7\n|c|\u2606How To Beat Lance|my brain\n|c|\u2606How To Beat Lance|is not working at 1 am\n|\n|t:|1700199749\n|-terastallize|p1a: Revavroom|Flying\n|move|p1a: Revavroom|Shift Gear|p1a: Revavroom\n|-boost|p1a: Revavroom|spe|0\n|-boost|p1a: Revavroom|atk|1\n|move|p2a: Dragonite|Earthquake|p1a: Revavroom\n|-immune|p1a: Revavroom\n|\n|upkeep\n|turn|8\n|c|\u2606FailingFiat|im so sorry\n|\n|t:|1700199761\n|move|p2a: Dragonite|Extreme Speed|p1a: Revavroom\n|-damage|p1a: Revavroom|12\/100\n|move|p1a: Revavroom|Iron Head|p2a: Dragonite\n|-damage|p2a: Dragonite|29\/100\n|\n|upkeep\n|turn|9\n|c|\u2606How To Beat Lance|its fine\n|c|\u2606FailingFiat|..\n|c|\u2606FailingFiat|ig it is fine\n|\n|t:|1700199773\n|move|p2a: Dragonite|Extreme Speed|p1a: Revavroom\n|-damage|p1a: Revavroom|0 fnt\n|faint|p1a: Revavroom\n|\n|upkeep\n|c|\u2606How To Beat Lance|yay\n|c|\u2606FailingFiat|got a bit too cocky\n|c|\u2606FailingFiat|but its fine\n|\n|t:|1700199793\n|switch|p1a: Necrozma|Necrozma, shiny|100\/100\n|turn|10\n|\n|t:|1700199801\n|move|p2a: Dragonite|Extreme Speed|p1a: Necrozma\n|-damage|p1a: Necrozma|74\/100\n|move|p1a: Necrozma|Autotomize|p1a: Necrozma\n|-boost|p1a: Necrozma|spe|2\n|-start|p1a: Necrozma|Autotomize\n|\n|upkeep\n|turn|11\n|\n|t:|1700199805\n|move|p2a: Dragonite|Extreme Speed|p1a: Necrozma\n|-damage|p1a: Necrozma|46\/100\n|move|p1a: Necrozma|Photon Geyser|p2a: Dragonite\n|-damage|p2a: Dragonite|0 fnt\n|faint|p2a: Dragonite\n|\n|upkeep\n|\n|t:|1700199814\n|switch|p2a: Hydreigon|Hydreigon, F, shiny|100\/100\n|turn|12\n|c|\u2606FailingFiat|oh\n|\n|t:|1700199823\n|move|p2a: Hydreigon|Draco Meteor|p1a: Necrozma\n|-damage|p1a: Necrozma|0 fnt\n|-unboost|p2a: Hydreigon|spa|2\n|faint|p1a: Necrozma\n|\n|upkeep\n|c|\u2606FailingFiat|choice\n|c|\u2606FailingFiat|sigh\n|c|\u2606How To Beat Lance|:)\n|\n|t:|1700199846\n|switch|p1a: Moltres|Moltres-Galar|100\/100\n|turn|13\n|c|\u2606How To Beat Lance|hes not fast enough\n|\n|t:|1700199857\n|switch|p2a: Kommo-o|Kommo-o, M|100\/100\n|move|p1a: Moltres|Agility|p1a: Moltres\n|-boost|p1a: Moltres|spe|2\n|\n|upkeep\n|turn|14\n|\n|t:|1700199862\n|move|p1a: Moltres|Nasty Plot|p1a: Moltres\n|-boost|p1a: Moltres|spa|2\n|-zpower|p2a: Kommo-o\n|move|p2a: Kommo-o|Clangorous Soulblaze|p1a: Moltres|[zeffect]\n|-damage|p1a: Moltres|33\/100\n|-ability|p1a: Moltres|Berserk|boost\n|-boost|p1a: Moltres|spa|1\n|-boost|p2a: Kommo-o|atk|1\n|-boost|p2a: Kommo-o|def|1\n|-boost|p2a: Kommo-o|spa|1\n|-boost|p2a: Kommo-o|spd|1\n|-boost|p2a: Kommo-o|spe|1\n|\n|upkeep\n|turn|15\n|c|\u2606FailingFiat|oh no\n|c|\u2606How To Beat Lance|oh\n|c|\u2606FailingFiat|forgot that raise ur speed\n|\n|t:|1700199879\n|move|p2a: Kommo-o|Flamethrower|p1a: Moltres\n|-damage|p1a: Moltres|0 fnt\n|faint|p1a: Moltres\n|\n|upkeep\n|\n|t:|1700199886\n|switch|p1a: Ceruledge|Ceruledge, M|100\/100\n|turn|16\n|\n|t:|1700199894\n|move|p2a: Kommo-o|Clanging Scales|p1a: Ceruledge\n|-damage|p1a: Ceruledge|40\/100\n|-unboost|p2a: Kommo-o|def|1\n|move|p1a: Ceruledge|Dragon Claw|p2a: Kommo-o\n|-supereffective|p2a: Kommo-o\n|-damage|p2a: Kommo-o|39\/100\n|\n|upkeep\n|turn|17\n|c|\u2606FailingFiat|whhy do i run dragon claw on this guy\n|\n|t:|1700199905\n|move|p2a: Kommo-o|Clanging Scales|p1a: Ceruledge\n|-damage|p1a: Ceruledge|0 fnt\n|faint|p1a: Ceruledge\n|-unboost|p2a: Kommo-o|def|1\n|\n|upkeep\n|\n|t:|1700199909\n|switch|p1a: Iron Hands|Iron Hands|100\/100\n|turn|18\n|c|\u2606How To Beat Lance|it worked\n|\n|t:|1700199920\n|move|p1a: Iron Hands|Fake Out|p2a: Kommo-o\n|-damage|p2a: Kommo-o|15\/100\n|cant|p2a: Kommo-o|flinch\n|\n|upkeep\n|turn|19\n|\n|t:|1700199926\n|-end|p1a: Iron Hands|Quark Drive|[silent]\n|switch|p1a: Pangoro|Pangoro, M|100\/100\n|move|p2a: Kommo-o|Aura Sphere|p1a: Pangoro\n|-supereffective|p1a: Pangoro\n|-damage|p1a: Pangoro|20\/100\n|\n|upkeep\n|turn|20\n|\n|t:|1700199933\n|move|p1a: Pangoro|Bullet Punch|p2a: Kommo-o\n|-damage|p2a: Kommo-o|0 fnt\n|faint|p2a: Kommo-o\n|\n|upkeep\n|\n|t:|1700199938\n|switch|p2a: Hydreigon|Hydreigon, F, shiny|100\/100\n|turn|21\n|c|\u2606FailingFiat|i dont know what im doing\n|\n|t:|1700199946\n|move|p1a: Pangoro|Bullet Punch|p2a: Hydreigon\n|-damage|p2a: Hydreigon|80\/100\n|move|p2a: Hydreigon|U-turn|p1a: Pangoro\n|-damage|p1a: Pangoro|4\/100\n|\n|t:|1700199951\n|switch|p2a: Goodra|Goodra-Hisui, F|100\/100|[from] U-turn\n|\n|upkeep\n|turn|22\n|c|\u2606FailingFiat|phew\n|\n|t:|1700199965\n|move|p2a: Goodra|Flash Cannon|p1a: Pangoro\n|-damage|p1a: Pangoro|0 fnt\n|faint|p1a: Pangoro\n|\n|upkeep\n|\n|t:|1700199966\n|switch|p1a: Iron Hands|Iron Hands|100\/100\n|turn|23\n|c|\u2606How To Beat Lance|yay\n|\n|t:|1700199979\n|move|p1a: Iron Hands|Fake Out|p2a: Goodra\n|-resisted|p2a: Goodra\n|-damage|p2a: Goodra|93\/100\n|cant|p2a: Goodra|flinch\n|\n|-heal|p2a: Goodra|99\/100|[from] item: Leftovers\n|upkeep\n|turn|24\n|c|\u2606FailingFiat|i believe in you iron hands\n|\n|t:|1700199985\n|move|p2a: Goodra|Flamethrower|p1a: Iron Hands\n|-damage|p1a: Iron Hands|90\/100\n|move|p1a: Iron Hands|Earthquake|p2a: Goodra\n|-supereffective|p2a: Goodra\n|-damage|p2a: Goodra|33\/100\n|\n|-heal|p2a: Goodra|39\/100|[from] item: Leftovers\n|upkeep\n|turn|25\n|c|\u2606How To Beat Lance|i was hoping for a burn\n|\n|t:|1700200011\n|move|p2a: Goodra|Flamethrower|p1a: Iron Hands\n|-damage|p1a: Iron Hands|80\/100\n|move|p1a: Iron Hands|Ice Punch|p2a: Goodra\n|-damage|p2a: Goodra|11\/100\n|-status|p2a: Goodra|frz\n|\n|-heal|p2a: Goodra|17\/100 frz|[from] item: Leftovers\n|upkeep\n|turn|26\n|c|\u2606FailingFiat|wow\n|c|\u2606FailingFiat|thats nice\n|c|\u2606How To Beat Lance|a\n|c|\u2606FailingFiat|10%\n|\n|t:|1700200025\n|cant|p2a: Goodra|frz\n|move|p1a: Iron Hands|Drain Punch|p2a: Goodra\n|-supereffective|p2a: Goodra\n|-damage|p2a: Goodra|0 fnt\n|-heal|p1a: Iron Hands|86\/100|[from] drain|[of] p2a: Goodra\n|faint|p2a: Goodra\n|\n|upkeep\n|c|\u2606How To Beat Lance|a\n|c|\u2606FailingFiat|nice a little bit of hp\n|\n|t:|1700200035\n|switch|p2a: Garchomp|Garchomp-Mega, F|49\/100\n|turn|27\n|c|\u2606FailingFiat|slight chance of winnin\n|c|\u2606FailingFiat|!weakness garchomp\n|c| FailingFiat|\/raw <div class=\"infobox\">Garchomp (ignoring abilities):<br \/><span class=\"message-effect-weak\">Weaknesses<\/span>: Dragon, Fairy, <b>Ice<\/b><br \/><span class=\"message-effect-resist\">Resistances<\/span>: Fire, Poison, Rock<br \/><span class=\"message-effect-immune\">Immunities<\/span>: Electric, Sandstorm damage<\/div>\n|\n|t:|1700200050\n|move|p2a: Garchomp|Earthquake|p1a: Iron Hands\n|-supereffective|p1a: Iron Hands\n|-damage|p1a: Iron Hands|0 fnt\n|faint|p1a: Iron Hands\n|-end|p1a: Iron Hands|Quark Drive|[silent]\n|\n|win|How To Beat Lance\n|c|\u2606How To Beat Lance|please i have 170 attack\n|c|\u2606How To Beat Lance|crap\n|c|\u2606How To Beat Lance|gg\n|c|\u2606FailingFiat|lol\n|c|\u2606FailingFiat|i will send another\n|l|\u2606FailingFiat\n|c|\u2606How To Beat Lance|i gtg\n","uploadtime":1700200145,"views":11,"p1id":"failingfiat","p2id":"howtobeatlance","formatid":"gen9nationaldex","rating":0,"private":0,"password":""}