{"id":"gen9nationaldex-1995345162","p1":"akadora","p2":"daniel241595","format":"[Gen 9] National Dex","log":"|html|<div class=\"broadcast-blue\"><strong>[Gen 9] National Dex is currently suspecting Sneasler! For information on how to participate check out the <a href=\"https:\/\/www.smogon.com\/forums\/threads\/sv-national-dex-suspect-8-just-dance.3731534\/\">suspect thread<\/a>.<\/strong><\/div>\n|j|\u2606akadora\n|j|\u2606daniel241595\n|t:|1700557291\n|gametype|singles\n|player|p1|akadora|102|1410\n|player|p2|daniel241595|gambler|1483\n|teamsize|p1|6\n|teamsize|p2|6\n|gen|9\n|tier|[Gen 9] National Dex\n|rated|\n|rule|HP Percentage Mod: HP is shown in percentages\n|rule|Endless Battle Clause: Forcing endless battles is banned\n|rule|OHKO Clause: OHKO moves are banned\n|rule|Evasion Clause: Evasion abilities, items, and moves are banned\n|rule|Evasion Abilities Clause: Evasion abilities are banned\n|rule|Evasion Items Clause: Evasion items are banned\n|rule|Evasion Moves Clause: Evasion moves are banned\n|rule|Species Clause: Limit one of each Pok\u00e9mon\n|rule|Sleep Clause Mod: Limit one foe put to sleep\n|clearpoke\n|poke|p1|Moltres|\n|poke|p1|Kyurem|\n|poke|p1|Rillaboom, M|\n|poke|p1|Diancie|\n|poke|p1|Clodsire, M|\n|poke|p1|Dragonite, F|\n|poke|p2|Arcanine, M|\n|poke|p2|Flygon, F|\n|poke|p2|Empoleon, M|\n|poke|p2|Eelektross, F|\n|poke|p2|Florges, F|\n|poke|p2|Kleavor, M|\n|teampreview\n|inactive|Battle timer is ON: inactive players will automatically lose when time's up. (requested by daniel241595)\n|\n|t:|1700557304\n|start\n|switch|p1a: Rillaboom|Rillaboom, M|100\/100\n|switch|p2a: Kleavor|Kleavor, M|100\/100\n|-fieldstart|move: Grassy Terrain|[from] ability: Grassy Surge|[of] p1a: Rillaboom\n|turn|1\n|\n|t:|1700557316\n|move|p1a: Rillaboom|Grassy Glide|p2a: Kleavor\n|-damage|p2a: Kleavor|28\/100\n|move|p2a: Kleavor|Stone Axe|p1a: Rillaboom\n|-damage|p1a: Rillaboom|43\/100\n|-sidestart|p1: akadora|move: Stealth Rock\n|\n|-heal|p2a: Kleavor|34\/100|[from] Grassy Terrain\n|-heal|p1a: Rillaboom|49\/100|[from] Grassy Terrain\n|upkeep\n|turn|2\n|\n|t:|1700557344\n|switch|p2a: Empoleon|Empoleon, M|100\/100\n|move|p1a: Rillaboom|Grassy Glide|p2a: Empoleon\n|-damage|p2a: Empoleon|58\/100\n|\n|-heal|p1a: Rillaboom|55\/100|[from] Grassy Terrain\n|-heal|p2a: Empoleon|64\/100|[from] Grassy Terrain\n|upkeep\n|turn|3\n|\n|t:|1700557358\n|switch|p1a: Moltres|Moltres|100\/100\n|move|p2a: Empoleon|Ice Beam|p1a: Moltres\n|-damage|p1a: Moltres|77\/100\n|\n|-heal|p2a: Empoleon|71\/100|[from] Grassy Terrain\n|upkeep\n|turn|4\n|\n|t:|1700557367\n|move|p1a: Moltres|U-turn|p2a: Empoleon\n|-resisted|p2a: Empoleon\n|-damage|p2a: Empoleon|65\/100\n|\n|t:|1700557378\n|switch|p1a: Rillaboom|Rillaboom, M|55\/100|[from] U-turn\n|-damage|p1a: Rillaboom|43\/100|[from] Stealth Rock\n|move|p2a: Empoleon|Scald|p1a: Rillaboom\n|-resisted|p1a: Rillaboom\n|-damage|p1a: Rillaboom|25\/100\n|\n|-heal|p1a: Rillaboom|31\/100|[from] Grassy Terrain\n|-heal|p2a: Empoleon|71\/100|[from] Grassy Terrain\n|upkeep\n|turn|5\n|\n|t:|1700557390\n|switch|p2a: Arcanine|Arcanine, M, shiny|100\/100\n|-ability|p2a: Arcanine|Intimidate|boost\n|-unboost|p1a: Rillaboom|atk|1\n|move|p1a: Rillaboom|Wood Hammer|p2a: Arcanine\n|-resisted|p2a: Arcanine\n|-damage|p2a: Arcanine|56\/100\n|-damage|p1a: Rillaboom|14\/100|[from] Recoil\n|\n|-heal|p1a: Rillaboom|20\/100|[from] Grassy Terrain\n|-heal|p2a: Arcanine|62\/100|[from] Grassy Terrain\n|-fieldend|move: Grassy Terrain\n|upkeep\n|turn|6\n|\n|t:|1700557407\n|switch|p1a: Moltres|Moltres|77\/100\n|move|p2a: Arcanine|Extreme Speed|p1a: Moltres\n|-damage|p1a: Moltres|50\/100\n|\n|upkeep\n|turn|7\n|\n|t:|1700557414\n|switch|p2a: Empoleon|Empoleon, M|71\/100\n|move|p1a: Moltres|Defog|p2a: Empoleon\n|-unboost|p2a: Empoleon|evasion|1\n|-ability|p2a: Empoleon|Competitive|boost\n|-boost|p2a: Empoleon|spa|2\n|-sideend|p1: akadora|Stealth Rock|[from] move: Defog|[of] p1a: Moltres\n|\n|upkeep\n|turn|8\n|\n|t:|1700557423\n|move|p1a: Moltres|U-turn|p2a: Empoleon\n|-resisted|p2a: Empoleon\n|-crit|p2a: Empoleon\n|-damage|p2a: Empoleon|63\/100\n|\n|t:|1700557428\n|switch|p1a: Kyurem|Kyurem|100\/100|[from] U-turn\n|-ability|p1a: Kyurem|Pressure\n|move|p2a: Empoleon|Ice Beam|p1a: Kyurem\n|-damage|p1a: Kyurem|55\/100\n|\n|upkeep\n|turn|9\n|\n|t:|1700557438\n|switch|p2a: Florges|Florges, F|100\/100\n|move|p1a: Kyurem|Earth Power|p2a: Florges\n|-damage|p2a: Florges|80\/100\n|\n|-heal|p2a: Florges|87\/100|[from] item: Leftovers\n|upkeep\n|turn|10\n|\n|t:|1700557446\n|switch|p1a: Clodsire|Clodsire, M|100\/100\n|move|p2a: Florges|Wish|p2a: Florges\n|\n|-heal|p2a: Florges|93\/100|[from] item: Leftovers\n|upkeep\n|turn|11\n|\n|t:|1700557454\n|switch|p2a: Arcanine|Arcanine, M, shiny|62\/100\n|-ability|p2a: Arcanine|Intimidate|boost\n|-unboost|p1a: Clodsire|atk|1\n|move|p1a: Clodsire|Spikes|p2a: Arcanine\n|-sidestart|p2: daniel241595|Spikes\n|\n|-heal|p2a: Arcanine|100\/100|[from] move: Wish|[wisher] Florges\n|upkeep\n|turn|12\n|\n|t:|1700557469\n|switch|p1a: Moltres|Moltres|50\/100\n|move|p2a: Arcanine|Flare Blitz|p1a: Moltres\n|-resisted|p1a: Moltres\n|-damage|p1a: Moltres|18\/100\n|-damage|p2a: Arcanine|90\/100|[from] Recoil\n|\n|upkeep\n|turn|13\n|\n|t:|1700557479\n|move|p2a: Arcanine|Flare Blitz|p1a: Moltres\n|-resisted|p1a: Moltres\n|-damage|p1a: Moltres|0 fnt\n|faint|p1a: Moltres\n|-damage|p2a: Arcanine|84\/100|[from] Recoil\n|\n|upkeep\n|\n|t:|1700557492\n|switch|p1a: Diancie|Diancie|100\/100\n|turn|14\n|\n|t:|1700557519\n|switch|p2a: Empoleon|Empoleon, M|63\/100\n|-damage|p2a: Empoleon|50\/100|[from] Spikes\n|detailschange|p1a: Diancie|Diancie-Mega\n|-mega|p1a: Diancie|Diancie|Diancite\n|move|p1a: Diancie|Diamond Storm|p2a: Empoleon\n|-resisted|p2a: Empoleon\n|-damage|p2a: Empoleon|33\/100\n|-boost|p1a: Diancie|def|2\n|\n|upkeep\n|turn|15\n|\n|t:|1700557531\n|move|p1a: Diancie|Earth Power|p2a: Empoleon\n|-supereffective|p2a: Empoleon\n|-damage|p2a: Empoleon|0 fnt\n|faint|p2a: Empoleon\n|\n|upkeep\n|\n|t:|1700557542\n|switch|p2a: Eelektross|Eelektross, F|100\/100\n|turn|16\n|\n|t:|1700557549\n|move|p1a: Diancie|Moonblast|p2a: Eelektross\n|-damage|p2a: Eelektross|60\/100\n|move|p2a: Eelektross|Giga Drain|p1a: Diancie\n|-supereffective|p1a: Diancie\n|-damage|p1a: Diancie|33\/100\n|-heal|p2a: Eelektross|82\/100|[from] drain|[of] p1a: Diancie\n|\n|upkeep\n|turn|17\n|\n|t:|1700557561\n|move|p1a: Diancie|Stealth Rock|p2a: Eelektross\n|-sidestart|p2: daniel241595|move: Stealth Rock\n|move|p2a: Eelektross|Giga Drain|p1a: Diancie\n|-supereffective|p1a: Diancie\n|-damage|p1a: Diancie|0 fnt\n|-heal|p2a: Eelektross|92\/100|[from] drain|[of] p1a: Diancie\n|faint|p1a: Diancie\n|\n|upkeep\n|\n|t:|1700557570\n|switch|p1a: Clodsire|Clodsire, M|100\/100\n|turn|18\n|inactive|daniel241595 has 120 seconds left.\n|\n|t:|1700557609\n|switch|p2a: Kleavor|Kleavor, M|34\/100\n|-damage|p2a: Kleavor|21\/100|[from] Spikes\n|-damage|p2a: Kleavor|0 fnt|[from] Stealth Rock\n|faint|p2a: Kleavor\n|move|p1a: Clodsire|Poison Jab|p2: Kleavor|[notarget]\n|-fail|p1a: Clodsire\n|\n|upkeep\n|\n|t:|1700557632\n|switch|p2a: Flygon|Flygon, F|100\/100\n|-damage|p2a: Flygon|95\/100|[from] Stealth Rock\n|turn|19\n|\n|t:|1700557640\n|switch|p1a: Rillaboom|Rillaboom, M|20\/100\n|-fieldstart|move: Grassy Terrain|[from] ability: Grassy Surge|[of] p1a: Rillaboom\n|-terastallize|p2a: Flygon|Steel\n|move|p2a: Flygon|Dragon Dance|p2a: Flygon\n|-boost|p2a: Flygon|atk|1\n|-boost|p2a: Flygon|spe|1\n|\n|-heal|p1a: Rillaboom|27\/100|[from] Grassy Terrain\n|upkeep\n|turn|20\n|\n|t:|1700557653\n|move|p2a: Flygon|Dual Wingbeat|p1a: Rillaboom\n|-supereffective|p1a: Rillaboom\n|-damage|p1a: Rillaboom|0 fnt\n|faint|p1a: Rillaboom\n|-hitcount|p1: Rillaboom|1\n|-damage|p2a: Flygon|85\/100|[from] item: Life Orb\n|\n|upkeep\n|\n|t:|1700557664\n|switch|p1a: Kyurem|Kyurem|55\/100\n|-ability|p1a: Kyurem|Pressure\n|turn|21\n|inactive|daniel241595 has 120 seconds left.\n|\n|t:|1700557691\n|move|p2a: Flygon|Dragon Dance|p2a: Flygon\n|-boost|p2a: Flygon|atk|1\n|-boost|p2a: Flygon|spe|1\n|move|p1a: Kyurem|Earth Power|p2a: Flygon\n|-immune|p2a: Flygon|[from] ability: Levitate\n|\n|-heal|p1a: Kyurem|61\/100|[from] Grassy Terrain\n|upkeep\n|turn|22\n|\n|t:|1700557703\n|switch|p1a: Clodsire|Clodsire, M|100\/100\n|move|p2a: Flygon|Earthquake|p1a: Clodsire\n|-supereffective|p1a: Clodsire\n|-damage|p1a: Clodsire|36\/100\n|-damage|p2a: Flygon|75\/100|[from] item: Life Orb\n|\n|-heal|p1a: Clodsire|42\/100|[from] Grassy Terrain\n|-heal|p1a: Clodsire|49\/100|[from] item: Leftovers\n|upkeep\n|turn|23\n|-message|akadora forfeited.\n|\n|win|daniel241595\n|raw|akadora's rating: 1410 &rarr; <strong>1394<\/strong><br \/>(-16 for losing)\n|raw|daniel241595's rating: 1483 &rarr; <strong>1499<\/strong><br \/>(+16 for winning)\n|l|\u2606akadora\n","uploadtime":1700557713,"views":12,"p1id":"akadora","p2id":"daniel241595","formatid":"gen9nationaldex","rating":1394,"private":0,"password":""}