{"id":"gen9nationaldex-1999316937","p1":"psng","p2":"gudwbs","format":"[Gen 9] National Dex","log":"|html|<div class=\"broadcast-blue\"><strong>[Gen 9] National Dex is currently suspecting Sneasler! For information on how to participate check out the <a href=\"https:\/\/www.smogon.com\/forums\/threads\/sv-national-dex-suspect-8-just-dance.3731534\/\">suspect thread<\/a>.<\/strong><\/div>\n|j|\u2606psng\n|j|\u2606gudwbs\n|t:|1701059348\n|gametype|singles\n|player|p1|psng|wallace|1504\n|player|p2|gudwbs|lady|1594\n|teamsize|p1|6\n|teamsize|p2|6\n|gen|9\n|tier|[Gen 9] National Dex\n|rated|\n|rule|HP Percentage Mod: HP is shown in percentages\n|rule|Endless Battle Clause: Forcing endless battles is banned\n|rule|OHKO Clause: OHKO moves are banned\n|rule|Evasion Clause: Evasion abilities, items, and moves are banned\n|rule|Evasion Abilities Clause: Evasion abilities are banned\n|rule|Evasion Items Clause: Evasion items are banned\n|rule|Evasion Moves Clause: Evasion moves are banned\n|rule|Species Clause: Limit one of each Pok\u00e9mon\n|rule|Sleep Clause Mod: Limit one foe put to sleep\n|clearpoke\n|poke|p1|Pelipper, M|\n|poke|p1|Tapu Lele|\n|poke|p1|Swampert, M|\n|poke|p1|Greninja-*, M|\n|poke|p1|Zapdos|\n|poke|p1|Ferrothorn, M|\n|poke|p2|Iron Valiant|\n|poke|p2|Charizard, M|\n|poke|p2|Garganacl, F|\n|poke|p2|Great Tusk|\n|poke|p2|Dragonite, M|\n|poke|p2|Clodsire, F|\n|teampreview\n|inactive|Battle timer is ON: inactive players will automatically lose when time's up. (requested by gudwbs)\n|inactive|psng also wants the timer to be on.\n|\n|t:|1701059372\n|start\n|switch|p1a: Tapu Lele|Tapu Lele, shiny|100\/100\n|switch|p2a: Iron Valiant|Iron Valiant, shiny|100\/100\n|-fieldstart|move: Psychic Terrain|[from] ability: Psychic Surge|[of] p1a: Tapu Lele\n|-enditem|p2a: Iron Valiant|Booster Energy\n|-activate|p2a: Iron Valiant|ability: Quark Drive|[fromitem]\n|-start|p2a: Iron Valiant|quarkdrivespe\n|turn|1\n|\n|t:|1701059382\n|-terastallize|p2a: Iron Valiant|Electric\n|move|p2a: Iron Valiant|Thunderbolt|p1a: Tapu Lele\n|-damage|p1a: Tapu Lele|50\/100\n|move|p1a: Tapu Lele|Psychic|p2a: Iron Valiant\n|-damage|p2a: Iron Valiant|0 fnt\n|faint|p2a: Iron Valiant\n|-end|p2a: Iron Valiant|Quark Drive|[silent]\n|\n|upkeep\n|\n|t:|1701059387\n|switch|p2a: Dragonite|Dragonite, M, shiny|100\/100\n|turn|2\n|\n|t:|1701059396\n|move|p1a: Tapu Lele|Psychic|p2a: Dragonite\n|-damage|p2a: Dragonite|67\/100\n|move|p2a: Dragonite|Dragon Dance|p2a: Dragonite\n|-boost|p2a: Dragonite|atk|1\n|-boost|p2a: Dragonite|spe|1\n|\n|upkeep\n|turn|3\n|\n|t:|1701059400\n|move|p1a: Tapu Lele|Psychic|p2a: Dragonite\n|-damage|p2a: Dragonite|0 fnt\n|faint|p2a: Dragonite\n|\n|upkeep\n|\n|t:|1701059403\n|switch|p2a: Garganacl|Garganacl, F, shiny|100\/100\n|turn|4\n|\n|t:|1701059407\n|switch|p1a: Pelipper|Pelipper, M, shiny|100\/100\n|-weather|RainDance|[from] ability: Drizzle|[of] p1a: Pelipper\n|move|p2a: Garganacl|Earthquake|p1a: Pelipper\n|-immune|p1a: Pelipper\n|\n|-weather|RainDance|[upkeep]\n|upkeep\n|turn|5\n|\n|t:|1701059412\n|move|p1a: Pelipper|Knock Off|p2a: Garganacl\n|-damage|p2a: Garganacl|92\/100\n|-enditem|p2a: Garganacl|Leftovers|[from] move: Knock Off|[of] p1a: Pelipper\n|move|p2a: Garganacl|Salt Cure|p1a: Pelipper\n|-supereffective|p1a: Pelipper\n|-damage|p1a: Pelipper|79\/100\n|-start|p1a: Pelipper|Salt Cure\n|\n|-weather|RainDance|[upkeep]\n|-damage|p1a: Pelipper|55\/100|[from] Salt Cure\n|-fieldend|move: Psychic Terrain\n|upkeep\n|turn|6\n|\n|t:|1701059428\n|switch|p1a: Ferrothorn|Ferrothorn, M, shiny|100\/100\n|move|p2a: Garganacl|Curse|p2a: Garganacl\n|-unboost|p2a: Garganacl|spe|1\n|-boost|p2a: Garganacl|atk|1\n|-boost|p2a: Garganacl|def|1\n|\n|-weather|RainDance|[upkeep]\n|upkeep\n|turn|7\n|\n|t:|1701059432\n|move|p2a: Garganacl|Salt Cure|p1a: Ferrothorn\n|-resisted|p1a: Ferrothorn\n|-damage|p1a: Ferrothorn|93\/100\n|-start|p1a: Ferrothorn|Salt Cure\n|move|p1a: Ferrothorn|Leech Seed|p2a: Garganacl\n|-start|p2a: Garganacl|move: Leech Seed\n|\n|-weather|RainDance|[upkeep]\n|-heal|p1a: Ferrothorn|99\/100|[from] item: Leftovers\n|-damage|p2a: Garganacl|80\/100|[from] Leech Seed|[of] p1a: Ferrothorn\n|-heal|p1a: Ferrothorn|100\/100|[silent]\n|-damage|p1a: Ferrothorn|76\/100|[from] Salt Cure\n|upkeep\n|turn|8\n|\n|t:|1701059436\n|move|p2a: Garganacl|Earthquake|p1a: Ferrothorn\n|-damage|p1a: Ferrothorn|49\/100\n|move|p1a: Ferrothorn|Stealth Rock|p2a: Garganacl\n|-sidestart|p2: gudwbs|move: Stealth Rock\n|\n|-weather|RainDance|[upkeep]\n|-heal|p1a: Ferrothorn|55\/100|[from] item: Leftovers\n|-damage|p2a: Garganacl|68\/100|[from] Leech Seed|[of] p1a: Ferrothorn\n|-heal|p1a: Ferrothorn|69\/100|[silent]\n|-damage|p1a: Ferrothorn|44\/100|[from] Salt Cure\n|upkeep\n|turn|9\n|\n|t:|1701059439\n|move|p2a: Garganacl|Recover|p2a: Garganacl\n|-heal|p2a: Garganacl|100\/100\n|move|p1a: Ferrothorn|Gyro Ball|p2a: Garganacl\n|-supereffective|p2a: Garganacl\n|-damage|p2a: Garganacl|87\/100\n|\n|-weather|RainDance|[upkeep]\n|-heal|p1a: Ferrothorn|50\/100|[from] item: Leftovers\n|-damage|p2a: Garganacl|74\/100|[from] Leech Seed|[of] p1a: Ferrothorn\n|-heal|p1a: Ferrothorn|64\/100|[silent]\n|-damage|p1a: Ferrothorn|40\/100|[from] Salt Cure\n|upkeep\n|turn|10\n|\n|t:|1701059444\n|move|p2a: Garganacl|Salt Cure|p1a: Ferrothorn\n|-resisted|p1a: Ferrothorn\n|-damage|p1a: Ferrothorn|32\/100\n|move|p1a: Ferrothorn|Gyro Ball|p2a: Garganacl\n|-supereffective|p2a: Garganacl\n|-damage|p2a: Garganacl|61\/100\n|\n|-weather|RainDance|[upkeep]\n|-heal|p1a: Ferrothorn|38\/100|[from] item: Leftovers\n|-damage|p2a: Garganacl|49\/100|[from] Leech Seed|[of] p1a: Ferrothorn\n|-heal|p1a: Ferrothorn|52\/100|[silent]\n|-damage|p1a: Ferrothorn|27\/100|[from] Salt Cure\n|upkeep\n|turn|11\n|\n|t:|1701059449\n|switch|p1a: Swampert|Swampert, M, shiny|100\/100\n|move|p2a: Garganacl|Recover|p2a: Garganacl\n|-heal|p2a: Garganacl|99\/100\n|\n|-weather|none\n|-damage|p2a: Garganacl|86\/100|[from] Leech Seed|[of] p1a: Swampert\n|upkeep\n|turn|12\n|\n|t:|1701059457\n|detailschange|p1a: Swampert|Swampert-Mega, M, shiny\n|-mega|p1a: Swampert|Swampert|Swampertite\n|move|p1a: Swampert|Earthquake|p2a: Garganacl\n|-supereffective|p2a: Garganacl\n|-damage|p2a: Garganacl|31\/100\n|move|p2a: Garganacl|Earthquake|p1a: Swampert\n|-damage|p1a: Swampert|69\/100\n|\n|-damage|p2a: Garganacl|19\/100|[from] Leech Seed|[of] p1a: Swampert\n|-heal|p1a: Swampert|84\/100|[silent]\n|upkeep\n|turn|13\n|\n|t:|1701059466\n|move|p1a: Swampert|Flip Turn|p2a: Garganacl\n|-supereffective|p2a: Garganacl\n|-damage|p2a: Garganacl|0 fnt\n|faint|p2a: Garganacl\n|\n|t:|1701059473\n|switch|p1a: Tapu Lele|Tapu Lele, shiny|50\/100|[from] Flip Turn\n|-fieldstart|move: Psychic Terrain|[from] ability: Psychic Surge|[of] p1a: Tapu Lele\n|\n|upkeep\n|\n|t:|1701059476\n|switch|p2a: Great Tusk|Great Tusk, shiny|100\/100\n|-damage|p2a: Great Tusk|98\/100|[from] Stealth Rock\n|-enditem|p2a: Great Tusk|Booster Energy\n|-activate|p2a: Great Tusk|ability: Protosynthesis|[fromitem]\n|-start|p2a: Great Tusk|protosynthesisatk\n|turn|14\n|\n|t:|1701059480\n|move|p1a: Tapu Lele|Psychic|p2a: Great Tusk\n|-supereffective|p2a: Great Tusk\n|-damage|p2a: Great Tusk|0 fnt\n|faint|p2a: Great Tusk\n|-end|p2a: Great Tusk|Protosynthesis|[silent]\n|\n|upkeep\n|-message|gudwbs forfeited.\n|\n|win|psng\n|raw|psng's rating: 1504 &rarr; <strong>1528<\/strong><br \/>(+24 for winning)\n|raw|gudwbs's rating: 1572 &rarr; <strong>1548<\/strong><br \/>(-24 for losing)\n|l|\u2606gudwbs\n|j|\u2606gudwbs\n|player|p2|gudwbs|lady\n","uploadtime":1701059483,"views":6,"p1id":"psng","p2id":"gudwbs","formatid":"gen9nationaldex","rating":1528,"private":0,"password":""}