{"id":"gen9nationaldex-1995848259","p1":"jole521","p2":"RivalTeams","format":"[Gen 9] National Dex","log":"|html|<div class=\"broadcast-blue\"><strong>[Gen 9] National Dex is currently suspecting Sneasler! For information on how to participate check out the <a href=\"https:\/\/www.smogon.com\/forums\/threads\/sv-national-dex-suspect-8-just-dance.3731534\/\">suspect thread<\/a>.<\/strong><\/div>\n|j|\u2606jole521\n|j|\u2606RivalTeams\n|t:|1700609298\n|gametype|singles\n|player|p1|jole521|swimmerf|1091\n|player|p2|RivalTeams|1|1085\n|teamsize|p1|6\n|teamsize|p2|6\n|gen|9\n|tier|[Gen 9] National Dex\n|rated|\n|rule|HP Percentage Mod: HP is shown in percentages\n|rule|Endless Battle Clause: Forcing endless battles is banned\n|rule|OHKO Clause: OHKO moves are banned\n|rule|Evasion Clause: Evasion abilities, items, and moves are banned\n|rule|Evasion Abilities Clause: Evasion abilities are banned\n|rule|Evasion Items Clause: Evasion items are banned\n|rule|Evasion Moves Clause: Evasion moves are banned\n|rule|Species Clause: Limit one of each Pok\u00e9mon\n|rule|Sleep Clause Mod: Limit one foe put to sleep\n|clearpoke\n|poke|p1|Iron Valiant|\n|poke|p1|Decidueye, M|\n|poke|p1|Corviknight, M|\n|poke|p1|Absol, F|\n|poke|p1|Banette, F|\n|poke|p1|Honchkrow, M|\n|poke|p2|Scream Tail|\n|poke|p2|Meloetta|\n|poke|p2|Victini|\n|poke|p2|Tsareena, F|\n|poke|p2|Lopunny, F|\n|poke|p2|Hatterene, F|\n|teampreview\n|c|\u2606jole521|Gyatt\n|\n|t:|1700609321\n|start\n|switch|p1a: Corviknight|Corviknight, M|100\/100\n|switch|p2a: Victini|Victini|100\/100\n|-ability|p1a: Corviknight|Pressure\n|turn|1\n|inactive|Battle timer is ON: inactive players will automatically lose when time's up. (requested by RivalTeams)\n|\n|t:|1700609386\n|move|p2a: Victini|Trick|p1a: Corviknight\n|-activate|p2a: Victini|move: Trick|[of] p1a: Corviknight\n|-item|p1a: Corviknight|Choice Band|[from] move: Trick\n|-item|p2a: Victini|Leftovers|[from] move: Trick\n|move|p1a: Corviknight|U-turn|p2a: Victini\n|-damage|p2a: Victini|83\/100\n|\n|t:|1700609396\n|switch|p1a: Banette|Banette, F, shiny|100\/100|[from] U-turn\n|\n|-heal|p2a: Victini|90\/100|[from] item: Leftovers\n|upkeep\n|turn|2\n|\n|t:|1700609412\n|move|p2a: Victini|Will-O-Wisp|p1a: Banette\n|-status|p1a: Banette|brn\n|move|p1a: Banette|Knock Off|p2a: Victini\n|-supereffective|p2a: Victini\n|-damage|p2a: Victini|59\/100\n|-enditem|p2a: Victini|Leftovers|[from] move: Knock Off|[of] p1a: Banette\n|\n|-damage|p1a: Banette|95\/100 brn|[from] brn\n|upkeep\n|turn|3\n|\n|t:|1700609421\n|move|p2a: Victini|U-turn|p1a: Banette\n|-resisted|p1a: Banette\n|-damage|p1a: Banette|84\/100 brn\n|inactive|RivalTeams has 120 seconds left.\n|\n|t:|1700609459\n|switch|p2a: Lopunny|Lopunny, F|100\/100|[from] U-turn\n|move|p1a: Banette|Hex|p2a: Lopunny\n|-immune|p2a: Lopunny\n|\n|-damage|p1a: Banette|78\/100 brn|[from] brn\n|upkeep\n|turn|4\n|\n|t:|1700609469\n|detailschange|p2a: Lopunny|Lopunny-Mega, F\n|-mega|p2a: Lopunny|Lopunny|Lopunnite\n|move|p2a: Lopunny|Fake Out|p1a: Banette\n|-damage|p1a: Banette|47\/100 brn\n|cant|p1a: Banette|flinch\n|\n|-damage|p1a: Banette|41\/100 brn|[from] brn\n|upkeep\n|turn|5\n|inactive|RivalTeams has 120 seconds left.\n|\n|t:|1700609482\n|move|p2a: Lopunny|U-turn|p1a: Banette\n|-resisted|p1a: Banette\n|-damage|p1a: Banette|23\/100 brn\n|inactive|RivalTeams has 120 seconds left.\n|\n|t:|1700609491\n|switch|p2a: Tsareena|Tsareena, F|100\/100|[from] U-turn\n|move|p1a: Banette|Will-O-Wisp|p2a: Tsareena|[miss]\n|-miss|p1a: Banette|p2a: Tsareena\n|\n|-damage|p1a: Banette|17\/100 brn|[from] brn\n|upkeep\n|turn|6\n|\n|t:|1700609505\n|move|p2a: Tsareena|Knock Off|p1a: Banette\n|-supereffective|p1a: Banette\n|-damage|p1a: Banette|0 fnt\n|-enditem|p1a: Banette|Heavy-Duty Boots|[from] move: Knock Off|[of] p2a: Tsareena\n|faint|p1a: Banette\n|\n|upkeep\n|\n|t:|1700609511\n|switch|p1a: Absol|Absol, F|100\/100\n|turn|7\n|\n|t:|1700609520\n|move|p1a: Absol|Iron Tail|p2a: Tsareena\n|-damage|p2a: Tsareena|67\/100\n|move|p2a: Tsareena|Trop Kick|p1a: Absol\n|-damage|p1a: Absol|47\/100\n|-unboost|p1a: Absol|atk|1\n|\n|upkeep\n|turn|8\n|\n|t:|1700609533\n|move|p1a: Absol|Knock Off|p2a: Tsareena\n|-damage|p2a: Tsareena|35\/100\n|-enditem|p2a: Tsareena|Heavy-Duty Boots|[from] move: Knock Off|[of] p1a: Absol\n|move|p2a: Tsareena|Knock Off|p1a: Absol\n|-resisted|p1a: Absol\n|-damage|p1a: Absol|32\/100\n|-ability|p1a: Absol|Justified|boost\n|-boost|p1a: Absol|atk|1\n|\n|upkeep\n|turn|9\n|\n|t:|1700609549\n|move|p1a: Absol|Iron Tail|p2a: Tsareena|[miss]\n|-miss|p1a: Absol|p2a: Tsareena\n|move|p2a: Tsareena|Trop Kick|p1a: Absol\n|-damage|p1a: Absol|0 fnt\n|faint|p1a: Absol\n|\n|upkeep\n|\n|t:|1700609557\n|switch|p1a: Corviknight|Corviknight, M|100\/100\n|-ability|p1a: Corviknight|Pressure\n|turn|10\n|\n|t:|1700609574\n|switch|p2a: Hatterene|Hatterene, F|100\/100\n|move|p1a: Corviknight|U-turn|p2a: Hatterene\n|-damage|p2a: Hatterene|78\/100\n|\n|t:|1700609579\n|switch|p1a: Honchkrow|Honchkrow, M|100\/100|[from] U-turn\n|\n|-heal|p2a: Hatterene|84\/100|[from] item: Leftovers\n|upkeep\n|turn|11\n|\n|t:|1700609588\n|move|p1a: Honchkrow|Sucker Punch|p2a: Hatterene\n|-damage|p2a: Hatterene|41\/100\n|move|p2a: Hatterene|Nuzzle|p1a: Honchkrow\n|-supereffective|p1a: Honchkrow\n|-damage|p1a: Honchkrow|86\/100\n|-status|p1a: Honchkrow|par\n|\n|-heal|p2a: Hatterene|47\/100|[from] item: Leftovers\n|upkeep\n|turn|12\n|\n|t:|1700609604\n|move|p2a: Hatterene|Protect|p2a: Hatterene\n|-singleturn|p2a: Hatterene|Protect\n|move|p1a: Honchkrow|Sucker Punch||[still]\n|-fail|p1a: Honchkrow\n|\n|-heal|p2a: Hatterene|53\/100|[from] item: Leftovers\n|upkeep\n|turn|13\n|\n|t:|1700609617\n|switch|p2a: Scream Tail|Scream Tail|100\/100\n|move|p1a: Honchkrow|Sucker Punch||[still]\n|-fail|p1a: Honchkrow\n|\n|upkeep\n|turn|14\n|\n|t:|1700609626\n|switch|p1a: Decidueye|Decidueye, M, shiny|100\/100\n|move|p2a: Scream Tail|Disable||[still]\n|-fail|p2a: Scream Tail\n|\n|upkeep\n|turn|15\n|\n|t:|1700609639\n|-end|p2a: Scream Tail|Protosynthesis|[silent]\n|switch|p2a: Victini|Victini|59\/100\n|move|p1a: Decidueye|Substitute|p1a: Decidueye\n|-start|p1a: Decidueye|Substitute\n|-damage|p1a: Decidueye|76\/100\n|\n|upkeep\n|turn|16\n|\n|t:|1700609656\n|move|p1a: Decidueye|Spirit Shackle|p2a: Victini\n|-supereffective|p2a: Victini\n|-damage|p2a: Victini|0 fnt\n|faint|p2a: Victini\n|\n|upkeep\n|\n|t:|1700609661\n|switch|p2a: Lopunny|Lopunny-Mega, F|100\/100\n|turn|17\n|\n|t:|1700609669\n|move|p2a: Lopunny|Fake Out|p1a: Decidueye\n|-end|p1a: Decidueye|Substitute\n|move|p1a: Decidueye|Leaf Blade|p2a: Lopunny\n|-damage|p2a: Lopunny|47\/100\n|\n|upkeep\n|turn|18\n|\n|t:|1700609675\n|move|p2a: Lopunny|Return|p1a: Decidueye\n|-damage|p1a: Decidueye|0 fnt\n|faint|p1a: Decidueye\n|\n|upkeep\n|\n|t:|1700609686\n|switch|p1a: Corviknight|Corviknight, M|100\/100\n|-ability|p1a: Corviknight|Pressure\n|turn|19\n|\n|t:|1700609705\n|move|p2a: Lopunny|U-turn|p1a: Corviknight\n|-resisted|p1a: Corviknight\n|-damage|p1a: Corviknight|96\/100\n|\n|t:|1700609708\n|switch|p2a: Tsareena|Tsareena, F|35\/100|[from] U-turn\n|move|p1a: Corviknight|Brave Bird|p2a: Tsareena\n|-supereffective|p2a: Tsareena\n|-damage|p2a: Tsareena|0 fnt\n|faint|p2a: Tsareena\n|-damage|p1a: Corviknight|87\/100|[from] Recoil\n|\n|upkeep\n|\n|t:|1700609718\n|switch|p2a: Hatterene|Hatterene, F|53\/100\n|turn|20\n|\n|t:|1700609722\n|move|p1a: Corviknight|Brave Bird|p2a: Hatterene\n|-damage|p2a: Hatterene|0 fnt\n|faint|p2a: Hatterene\n|-damage|p1a: Corviknight|73\/100|[from] Recoil\n|\n|upkeep\n|-message|RivalTeams forfeited.\n|\n|win|jole521\n|raw|jole521's rating: 1091 &rarr; <strong>1117<\/strong><br \/>(+26 for winning)\n|raw|RivalTeams's rating: 1085 &rarr; <strong>1063<\/strong><br \/>(-22 for losing)\n|l|\u2606RivalTeams\n","uploadtime":1700609735,"views":2,"p1id":"jole521","p2id":"rivalteams","formatid":"gen9nationaldex","rating":1063,"private":0,"password":""}