{"id":"gen9nationaldex-1994522735","p1":"Ahardlakarnis","p2":"Plurgle","format":"[Gen 9] National Dex","log":"|j|\u2606Ahardlakarnis\n|j|\u2606Plurgle\n|t:|1700454207\n|gametype|singles\n|player|p1|Ahardlakarnis|skyla|1094\n|player|p2|Plurgle|dawn|1004\n|teamsize|p1|6\n|teamsize|p2|6\n|gen|9\n|tier|[Gen 9] National Dex\n|rated|\n|rule|HP Percentage Mod: HP is shown in percentages\n|rule|Endless Battle Clause: Forcing endless battles is banned\n|rule|OHKO Clause: OHKO moves are banned\n|rule|Evasion Clause: Evasion abilities, items, and moves are banned\n|rule|Evasion Abilities Clause: Evasion abilities are banned\n|rule|Evasion Items Clause: Evasion items are banned\n|rule|Evasion Moves Clause: Evasion moves are banned\n|rule|Species Clause: Limit one of each Pok\u00e9mon\n|rule|Sleep Clause Mod: Limit one foe put to sleep\n|clearpoke\n|poke|p1|Ferrothorn, M|\n|poke|p1|Greninja-*, F|\n|poke|p1|Lopunny, M|\n|poke|p1|Incineroar, M|\n|poke|p1|Milotic, M|\n|poke|p1|Dragalge, M|\n|poke|p2|Vikavolt, F|\n|poke|p2|Pincurchin, M|\n|poke|p2|Pelipper, F|\n|poke|p2|Barraskewda, M|\n|poke|p2|Toxapex, M|\n|poke|p2|Gliscor, M|\n|teampreview\n|inactive|Battle timer is ON: inactive players will automatically lose when time's up. (requested by Ahardlakarnis)\n|\n|t:|1700454215\n|start\n|switch|p1a: Lopunny|Lopunny, M|100\/100\n|switch|p2a: Pincurchin|Pincurchin, M|100\/100\n|-fieldstart|move: Electric Terrain|[from] ability: Electric Surge|[of] p2a: Pincurchin\n|turn|1\n|\n|t:|1700454225\n|detailschange|p1a: Lopunny|Lopunny-Mega, M\n|-mega|p1a: Lopunny|Lopunny|Lopunnite\n|move|p1a: Lopunny|Fake Out|p2a: Pincurchin\n|-damage|p2a: Pincurchin|75\/100\n|cant|p2a: Pincurchin|flinch\n|\n|upkeep\n|turn|2\n|\n|t:|1700454231\n|switch|p1a: Incineroar|Incineroar, M|100\/100\n|-ability|p1a: Incineroar|Intimidate|boost\n|-unboost|p2a: Pincurchin|atk|1\n|move|p2a: Pincurchin|Protect||[still]\n|-fail|p2a: Pincurchin\n|\n|upkeep\n|turn|3\n|\n|t:|1700454238\n|move|p1a: Incineroar|Fake Out|p2a: Pincurchin\n|-damage|p2a: Pincurchin|63\/100\n|cant|p2a: Pincurchin|flinch\n|\n|upkeep\n|turn|4\n|\n|t:|1700454242\n|move|p1a: Incineroar|Parting Shot|p2a: Pincurchin\n|-unboost|p2a: Pincurchin|atk|1\n|-unboost|p2a: Pincurchin|spa|1\n|\n|t:|1700454251\n|switch|p1a: Dragalge|Dragalge, M|100\/100|[from] Parting Shot\n|move|p2a: Pincurchin|Toxic Spikes|p1a: Dragalge\n|-sidestart|p1: Ahardlakarnis|move: Toxic Spikes\n|\n|upkeep\n|turn|5\n|\n|t:|1700454257\n|move|p1a: Dragalge|Draco Meteor|p2a: Pincurchin\n|-damage|p2a: Pincurchin|0 fnt\n|-unboost|p1a: Dragalge|spa|2\n|faint|p2a: Pincurchin\n|\n|upkeep\n|\n|t:|1700454268\n|switch|p2a: Pelipper|Pelipper, F|100\/100\n|-weather|RainDance|[from] ability: Drizzle|[of] p2a: Pelipper\n|turn|6\n|\n|t:|1700454276\n|move|p1a: Dragalge|Draco Meteor|p2a: Pelipper\n|-damage|p2a: Pelipper|38\/100\n|-unboost|p1a: Dragalge|spa|2\n|move|p2a: Pelipper|Hurricane|p1a: Dragalge\n|-damage|p1a: Dragalge|68\/100\n|-start|p1a: Dragalge|confusion\n|\n|-weather|RainDance|[upkeep]\n|upkeep\n|turn|7\n|\n|t:|1700454289\n|switch|p1a: Incineroar|Incineroar, M|100\/100\n|-ability|p1a: Incineroar|Intimidate|boost\n|-unboost|p2a: Pelipper|atk|1\n|switch|p2a: Gliscor|Gliscor, M|100\/100\n|\n|-weather|RainDance|[upkeep]\n|-status|p2a: Gliscor|tox|[from] item: Toxic Orb\n|upkeep\n|turn|8\n|\n|t:|1700454298\n|move|p1a: Incineroar|Fake Out|p2a: Gliscor\n|-damage|p2a: Gliscor|92\/100 tox\n|cant|p2a: Gliscor|flinch\n|\n|-weather|RainDance|[upkeep]\n|-heal|p2a: Gliscor|100\/100 tox|[from] ability: Poison Heal\n|-fieldend|move: Electric Terrain\n|upkeep\n|turn|9\n|\n|t:|1700454315\n|switch|p1a: Ferrothorn|Ferrothorn, M|100\/100\n|move|p2a: Gliscor|Tailwind|p2a: Gliscor\n|-sidestart|p2: Plurgle|move: Tailwind\n|\n|-weather|RainDance|[upkeep]\n|upkeep\n|turn|10\n|\n|t:|1700454322\n|move|p2a: Gliscor|Earthquake|p1a: Ferrothorn\n|-damage|p1a: Ferrothorn|80\/100\n|move|p1a: Ferrothorn|Stealth Rock|p2a: Gliscor\n|-sidestart|p2: Plurgle|move: Stealth Rock\n|\n|-weather|RainDance|[upkeep]\n|upkeep\n|turn|11\n|\n|t:|1700454334\n|switch|p1a: Incineroar|Incineroar, M|100\/100\n|-ability|p1a: Incineroar|Intimidate|boost\n|-unboost|p2a: Gliscor|atk|1\n|move|p2a: Gliscor|Defog|p1a: Incineroar\n|-unboost|p1a: Incineroar|evasion|1\n|-sideend|p1: Ahardlakarnis|Toxic Spikes|[from] move: Defog|[of] p2a: Gliscor\n|-sideend|p2: Plurgle|Stealth Rock|[from] move: Defog|[of] p2a: Gliscor\n|\n|-weather|RainDance|[upkeep]\n|upkeep\n|turn|12\n|\n|t:|1700454343\n|move|p2a: Gliscor|U-turn|p1a: Incineroar\n|-damage|p1a: Incineroar|91\/100\n|\n|t:|1700454346\n|switch|p2a: Barraskewda|Barraskewda, M|100\/100|[from] U-turn\n|move|p1a: Incineroar|Parting Shot|p2a: Barraskewda\n|-unboost|p2a: Barraskewda|atk|1\n|-unboost|p2a: Barraskewda|spa|1\n|\n|t:|1700454352\n|switch|p1a: Ferrothorn|Ferrothorn, M|80\/100|[from] Parting Shot\n|\n|-weather|RainDance|[upkeep]\n|-sideend|p2: Plurgle|move: Tailwind\n|upkeep\n|turn|13\n|\n|t:|1700454360\n|switch|p2a: Pelipper|Pelipper, F|38\/100\n|move|p1a: Ferrothorn|Leech Seed|p2a: Pelipper\n|-start|p2a: Pelipper|move: Leech Seed\n|\n|-weather|none\n|-damage|p2a: Pelipper|26\/100|[from] Leech Seed|[of] p1a: Ferrothorn\n|-heal|p1a: Ferrothorn|90\/100|[silent]\n|upkeep\n|turn|14\n|\n|t:|1700454379\n|switch|p2a: Vikavolt|Vikavolt, F|100\/100\n|move|p1a: Ferrothorn|Stealth Rock|p2a: Vikavolt\n|-sidestart|p2: Plurgle|move: Stealth Rock\n|\n|upkeep\n|turn|15\n|\n|t:|1700454386\n|move|p2a: Vikavolt|Agility|p2a: Vikavolt\n|-boost|p2a: Vikavolt|spe|2\n|move|p1a: Ferrothorn|Leech Seed|p2a: Vikavolt\n|-start|p2a: Vikavolt|move: Leech Seed\n|\n|-damage|p2a: Vikavolt|88\/100|[from] Leech Seed|[of] p1a: Ferrothorn\n|-heal|p1a: Ferrothorn|100\/100|[silent]\n|upkeep\n|turn|16\n|\n|t:|1700454398\n|switch|p1a: Incineroar|Incineroar, M|91\/100\n|-ability|p1a: Incineroar|Intimidate|boost\n|-unboost|p2a: Vikavolt|atk|1\n|move|p2a: Vikavolt|Agility|p2a: Vikavolt\n|-boost|p2a: Vikavolt|spe|2\n|\n|-heal|p2a: Vikavolt|94\/100|[from] item: Leftovers\n|-damage|p2a: Vikavolt|82\/100|[from] Leech Seed|[of] p1a: Incineroar\n|-heal|p1a: Incineroar|100\/100|[silent]\n|upkeep\n|turn|17\n|\n|t:|1700454415\n|move|p1a: Incineroar|Fake Out|p2a: Vikavolt\n|-crit|p2a: Vikavolt\n|-damage|p2a: Vikavolt|63\/100\n|cant|p2a: Vikavolt|flinch\n|\n|-heal|p2a: Vikavolt|69\/100|[from] item: Leftovers\n|-damage|p2a: Vikavolt|57\/100|[from] Leech Seed|[of] p1a: Incineroar\n|upkeep\n|turn|18\n|\n|t:|1700454422\n|move|p2a: Vikavolt|Bug Buzz|p1a: Incineroar\n|-crit|p1a: Incineroar\n|-damage|p1a: Incineroar|45\/100\n|move|p1a: Incineroar|Parting Shot|p2a: Vikavolt\n|-unboost|p2a: Vikavolt|atk|1\n|-unboost|p2a: Vikavolt|spa|1\n|\n|t:|1700454436\n|switch|p1a: Dragalge|Dragalge, M|68\/100|[from] Parting Shot\n|\n|-heal|p2a: Vikavolt|63\/100|[from] item: Leftovers\n|-damage|p2a: Vikavolt|50\/100|[from] Leech Seed|[of] p1a: Dragalge\n|-heal|p1a: Dragalge|80\/100|[silent]\n|upkeep\n|turn|19\n|\n|t:|1700454446\n|switch|p2a: Gliscor|Gliscor, M|100\/100 tox\n|-damage|p2a: Gliscor|88\/100 tox|[from] Stealth Rock\n|move|p1a: Dragalge|Draco Meteor|p2a: Gliscor\n|-crit|p2a: Gliscor\n|-damage|p2a: Gliscor|0 fnt\n|-unboost|p1a: Dragalge|spa|2\n|faint|p2a: Gliscor\n|\n|upkeep\n|-message|Plurgle forfeited.\n|\n|win|Ahardlakarnis\n|raw|Ahardlakarnis's rating: 1094 &rarr; <strong>1113<\/strong><br \/>(+19 for winning)\n|raw|Plurgle's rating: 1004 &rarr; <strong>1000<\/strong><br \/>(-4 for losing)\n|l|\u2606Plurgle\n","uploadtime":1700454465,"views":25,"p1id":"ahardlakarnis","p2id":"plurgle","formatid":"gen9nationaldex","rating":1000,"private":0,"password":""}