{"id":"gen9nationaldex-1995967970","p1":"NeroStudios","p2":"Speenta","format":"[Gen 9] National Dex","log":"|html|<div class=\"broadcast-blue\"><strong>[Gen 9] National Dex is currently suspecting Sneasler! For information on how to participate check out the <a href=\"https:\/\/www.smogon.com\/forums\/threads\/sv-national-dex-suspect-8-just-dance.3731534\/\">suspect thread<\/a>.<\/strong><\/div>\n|j|\u2606NeroStudios\n|j|\u2606Speenta\n|t:|1700623239\n|gametype|singles\n|player|p1|NeroStudios|n|1127\n|player|p2|Speenta|lucas|1040\n|teamsize|p1|6\n|teamsize|p2|6\n|gen|9\n|tier|[Gen 9] National Dex\n|rated|\n|rule|HP Percentage Mod: HP is shown in percentages\n|rule|Endless Battle Clause: Forcing endless battles is banned\n|rule|OHKO Clause: OHKO moves are banned\n|rule|Evasion Clause: Evasion abilities, items, and moves are banned\n|rule|Evasion Abilities Clause: Evasion abilities are banned\n|rule|Evasion Items Clause: Evasion items are banned\n|rule|Evasion Moves Clause: Evasion moves are banned\n|rule|Species Clause: Limit one of each Pok\u00e9mon\n|rule|Sleep Clause Mod: Limit one foe put to sleep\n|clearpoke\n|poke|p1|Jellicent, F|\n|poke|p1|Iron Moth|\n|poke|p1|Slowking-Galar, F|\n|poke|p1|Ferrothorn, F|\n|poke|p1|Banette, F|\n|poke|p1|Garchomp, F|\n|poke|p2|Clodsire, F|\n|poke|p2|Corsola-Galar, F|\n|poke|p2|Bisharp, M|\n|poke|p2|Gliscor, F|\n|poke|p2|Alomomola, F|\n|poke|p2|Glimmora, M|\n|teampreview\n|\n|t:|1700623252\n|start\n|switch|p1a: Boi 2|Jellicent, F|100\/100\n|switch|p2a: Clodsire|Clodsire, F|100\/100\n|turn|1\n|\n|t:|1700623266\n|move|p1a: Boi 2|Taunt|p2a: Clodsire\n|-start|p2a: Clodsire|move: Taunt\n|cant|p2a: Clodsire|move: Taunt|Stealth Rock\n|\n|upkeep\n|turn|2\n|\n|t:|1700623277\n|switch|p2a: It Slices & Dices|Bisharp, M|100\/100\n|move|p1a: Boi 2|Will-O-Wisp|p2a: It Slices & Dices\n|-status|p2a: It Slices & Dices|brn\n|\n|-damage|p2a: It Slices & Dices|95\/100 brn|[from] brn\n|upkeep\n|turn|3\n|\n|t:|1700623287\n|switch|p1a: He stares at you|Ferrothorn, F, shiny|100\/100\n|move|p2a: It Slices & Dices|Knock Off|p1a: He stares at you\n|-damage|p1a: He stares at you|82\/100\n|-damage|p2a: It Slices & Dices|82\/100 brn|[from] ability: Iron Barbs|[of] p1a: He stares at you\n|-enditem|p1a: He stares at you|Leftovers|[from] move: Knock Off|[of] p2a: It Slices & Dices\n|\n|-damage|p2a: It Slices & Dices|76\/100 brn|[from] brn\n|upkeep\n|turn|4\n|\n|t:|1700623311\n|switch|p2a: Clodsire|Clodsire, F|100\/100\n|move|p1a: He stares at you|Knock Off|p2a: Clodsire\n|-damage|p2a: Clodsire|76\/100\n|-enditem|p2a: Clodsire|Black Sludge|[from] move: Knock Off|[of] p1a: He stares at you\n|\n|upkeep\n|turn|5\n|\n|t:|1700623319\n|move|p2a: Clodsire|Stealth Rock|p1a: He stares at you\n|-sidestart|p1: NeroStudios|move: Stealth Rock\n|move|p1a: He stares at you|Leech Seed|p2a: Clodsire\n|-start|p2a: Clodsire|move: Leech Seed\n|\n|-damage|p2a: Clodsire|64\/100|[from] Leech Seed|[of] p1a: He stares at you\n|-heal|p1a: He stares at you|98\/100|[silent]\n|upkeep\n|turn|6\n|\n|t:|1700623341\n|switch|p2a: Gliscor|Gliscor, F|100\/100\n|move|p1a: He stares at you|Spikes|p2a: Gliscor\n|-sidestart|p2: Speenta|Spikes\n|\n|-status|p2a: Gliscor|tox|[from] item: Toxic Orb\n|upkeep\n|turn|7\n|\n|t:|1700623351\n|move|p2a: Gliscor|Spikes|p1a: He stares at you\n|-sidestart|p1: NeroStudios|Spikes\n|move|p1a: He stares at you|Leech Seed|p2a: Gliscor\n|-start|p2a: Gliscor|move: Leech Seed\n|\n|-damage|p2a: Gliscor|88\/100 tox|[from] Leech Seed|[of] p1a: He stares at you\n|-heal|p1a: He stares at you|100\/100|[silent]\n|-heal|p2a: Gliscor|100\/100 tox|[from] ability: Poison Heal\n|upkeep\n|turn|8\n|\n|t:|1700623360\n|switch|p1a: Boi 2|Jellicent, F|100\/100\n|-damage|p1a: Boi 2|88\/100|[from] Stealth Rock\n|-damage|p1a: Boi 2|76\/100|[from] Spikes\n|move|p2a: Gliscor|Spikes|p1a: Boi 2\n|-sidestart|p1: NeroStudios|Spikes\n|\n|-damage|p2a: Gliscor|88\/100 tox|[from] Leech Seed|[of] p1a: Boi 2\n|-heal|p1a: Boi 2|87\/100|[silent]\n|-heal|p2a: Gliscor|100\/100 tox|[from] ability: Poison Heal\n|upkeep\n|turn|9\n|\n|t:|1700623373\n|switch|p2a: It Slices & Dices|Bisharp, M|76\/100 brn\n|-damage|p2a: It Slices & Dices|64\/100 brn|[from] Spikes\n|move|p1a: Boi 2|Hex|p2a: It Slices & Dices\n|-resisted|p2a: It Slices & Dices\n|-damage|p2a: It Slices & Dices|46\/100 brn\n|\n|-damage|p2a: It Slices & Dices|40\/100 brn|[from] brn\n|upkeep\n|turn|10\n|\n|t:|1700623390\n|switch|p2a: Alomomola|Alomomola, F|100\/100\n|-damage|p2a: Alomomola|88\/100|[from] Spikes\n|move|p1a: Boi 2|Hex|p2a: Alomomola\n|-damage|p2a: Alomomola|64\/100\n|\n|upkeep\n|turn|11\n|\n|t:|1700623400\n|move|p2a: Alomomola|Wish|p2a: Alomomola\n|move|p1a: Boi 2|Taunt|p2a: Alomomola\n|-start|p2a: Alomomola|move: Taunt\n|\n|upkeep\n|turn|12\n|\n|t:|1700623411\n|move|p2a: Alomomola|Flip Turn|p1a: Boi 2\n|-resisted|p1a: Boi 2\n|-damage|p1a: Boi 2|81\/100\n|\n|t:|1700623429\n|switch|p2a: Glimmora|Glimmora, M|100\/100|[from] Flip Turn\n|-damage|p2a: Glimmora|88\/100|[from] Spikes\n|move|p1a: Boi 2|Hex|p2a: Glimmora\n|-damage|p2a: Glimmora|68\/100\n|\n|-heal|p2a: Glimmora|100\/100|[from] move: Wish|[wisher] Alomomola\n|upkeep\n|turn|13\n|\n|t:|1700623443\n|move|p2a: Glimmora|Toxic Spikes|p1a: Boi 2\n|-sidestart|p1: NeroStudios|move: Toxic Spikes\n|move|p1a: Boi 2|Will-O-Wisp|p2a: Glimmora\n|-status|p2a: Glimmora|brn\n|\n|-damage|p2a: Glimmora|94\/100 brn|[from] brn\n|upkeep\n|turn|14\n|\n|t:|1700623453\n|move|p2a: Glimmora|Toxic|p1a: Boi 2\n|-status|p1a: Boi 2|tox\n|move|p1a: Boi 2|Hex|p2a: Glimmora\n|-damage|p2a: Glimmora|55\/100 brn\n|\n|-heal|p2a: Glimmora|61\/100 brn|[from] item: Leftovers\n|-damage|p1a: Boi 2|75\/100 tox|[from] psn\n|-damage|p2a: Glimmora|55\/100 brn|[from] brn\n|upkeep\n|turn|15\n|\n|t:|1700623469\n|switch|p2a: Clodsire|Clodsire, F|64\/100\n|-damage|p2a: Clodsire|51\/100|[from] Spikes\n|move|p1a: Boi 2|Hex|p2a: Clodsire\n|-damage|p2a: Clodsire|42\/100\n|\n|-damage|p1a: Boi 2|62\/100 tox|[from] psn\n|upkeep\n|turn|16\n|\n|t:|1700623485\n|switch|p2a: Alomomola|Alomomola, F|98\/100\n|-damage|p2a: Alomomola|85\/100|[from] Spikes\n|move|p1a: Boi 2|Will-O-Wisp|p2a: Alomomola|[miss]\n|-miss|p1a: Boi 2|p2a: Alomomola\n|\n|-damage|p1a: Boi 2|44\/100 tox|[from] psn\n|upkeep\n|turn|17\n|\n|t:|1700623494\n|move|p2a: Alomomola|Wish|p2a: Alomomola\n|move|p1a: Boi 2|Recover|p1a: Boi 2\n|-heal|p1a: Boi 2|94\/100 tox\n|\n|-damage|p1a: Boi 2|69\/100 tox|[from] psn\n|upkeep\n|turn|18\n|\n|t:|1700623503\n|switch|p2a: Clodsire|Clodsire, F|42\/100\n|-damage|p2a: Clodsire|29\/100|[from] Spikes\n|move|p1a: Boi 2|Will-O-Wisp|p2a: Clodsire\n|-status|p2a: Clodsire|brn\n|\n|-heal|p2a: Clodsire|87\/100 brn|[from] move: Wish|[wisher] Alomomola\n|-damage|p1a: Boi 2|38\/100 tox|[from] psn\n|-damage|p2a: Clodsire|81\/100 brn|[from] brn\n|upkeep\n|turn|19\n|\n|t:|1700623516\n|switch|p2a: Alomomola|Alomomola, F|100\/100\n|-damage|p2a: Alomomola|88\/100|[from] Spikes\n|move|p1a: Boi 2|Taunt|p2a: Alomomola\n|-start|p2a: Alomomola|move: Taunt\n|\n|-damage|p1a: Boi 2|1\/100 tox|[from] psn\n|upkeep\n|turn|20\n|\n|t:|1700623538\n|move|p2a: Alomomola|Flip Turn|p1a: Boi 2\n|-resisted|p1a: Boi 2\n|-damage|p1a: Boi 2|0 fnt\n|-start|p2a: Alomomola|Disable|Flip Turn|[from] ability: Cursed Body|[of] p1a: Boi 2\n|faint|p1a: Boi 2\n|\n|t:|1700623558\n|switch|p2a: Gliscor|Gliscor, F|100\/100 tox|[from] Flip Turn\n|\n|upkeep\n|\n|t:|1700623565\n|switch|p1a: Violin|Slowking-Galar, F|100\/100\n|-damage|p1a: Violin|88\/100|[from] Stealth Rock\n|-damage|p1a: Violin|72\/100|[from] Spikes\n|-sideend|p1: NeroStudios|move: Toxic Spikes|[of] p1a: Violin\n|turn|21\n|\n|t:|1700623572\n|switch|p1a: He stares at you|Ferrothorn, F, shiny|100\/100\n|-damage|p1a: He stares at you|94\/100|[from] Stealth Rock\n|-damage|p1a: He stares at you|78\/100|[from] Spikes\n|move|p2a: Gliscor|Earthquake|p1a: He stares at you\n|-damage|p1a: He stares at you|55\/100\n|\n|upkeep\n|turn|22\n|\n|t:|1700623586\n|switch|p2a: Alomomola|Alomomola, F|100\/100\n|-damage|p2a: Alomomola|88\/100|[from] Spikes\n|move|p1a: He stares at you|Leech Seed|p2a: Alomomola\n|-start|p2a: Alomomola|move: Leech Seed\n|\n|-damage|p2a: Alomomola|76\/100|[from] Leech Seed|[of] p1a: He stares at you\n|-heal|p1a: He stares at you|74\/100|[silent]\n|upkeep\n|turn|23\n|\n|t:|1700623595\n|move|p2a: Alomomola|Wish|p2a: Alomomola\n|move|p1a: He stares at you|Knock Off|p2a: Alomomola\n|-damage|p2a: Alomomola|67\/100\n|\n|-damage|p2a: Alomomola|55\/100|[from] Leech Seed|[of] p1a: He stares at you\n|-heal|p1a: He stares at you|92\/100|[silent]\n|upkeep\n|turn|24\n|\n|t:|1700623604\n|switch|p2a: It Slices & Dices|Bisharp, M|40\/100 brn\n|-damage|p2a: It Slices & Dices|28\/100 brn|[from] Spikes\n|move|p1a: He stares at you|Spikes|p2a: It Slices & Dices\n|-sidestart|p2: Speenta|Spikes\n|\n|-heal|p2a: It Slices & Dices|100\/100 brn|[from] move: Wish|[wisher] Alomomola\n|-damage|p2a: It Slices & Dices|95\/100 brn|[from] brn\n|upkeep\n|turn|25\n|\n|t:|1700623619\n|move|p2a: It Slices & Dices|Power-Up Punch|p1a: He stares at you\n|-supereffective|p1a: He stares at you\n|-damage|p1a: He stares at you|81\/100\n|-boost|p2a: It Slices & Dices|atk|1\n|-damage|p2a: It Slices & Dices|82\/100 brn|[from] ability: Iron Barbs|[of] p1a: He stares at you\n|move|p1a: He stares at you|Knock Off|p2a: It Slices & Dices\n|-resisted|p2a: It Slices & Dices\n|-damage|p2a: It Slices & Dices|74\/100 brn\n|-enditem|p2a: It Slices & Dices|Eviolite|[from] move: Knock Off|[of] p1a: He stares at you\n|\n|-damage|p2a: It Slices & Dices|68\/100 brn|[from] brn\n|upkeep\n|turn|26\n|\n|t:|1700623632\n|move|p2a: It Slices & Dices|Power-Up Punch|p1a: He stares at you\n|-supereffective|p1a: He stares at you\n|-damage|p1a: He stares at you|65\/100\n|-boost|p2a: It Slices & Dices|atk|1\n|-damage|p2a: It Slices & Dices|56\/100 brn|[from] ability: Iron Barbs|[of] p1a: He stares at you\n|move|p1a: He stares at you|Leech Seed|p2a: It Slices & Dices\n|-start|p2a: It Slices & Dices|move: Leech Seed\n|\n|-damage|p2a: It Slices & Dices|44\/100 brn|[from] Leech Seed|[of] p1a: He stares at you\n|-heal|p1a: He stares at you|77\/100|[silent]\n|-damage|p2a: It Slices & Dices|38\/100 brn|[from] brn\n|upkeep\n|turn|27\n|\n|t:|1700623649\n|switch|p2a: Alomomola|Alomomola, F|88\/100\n|-damage|p2a: Alomomola|71\/100|[from] Spikes\n|move|p1a: He stares at you|Spikes|p2a: Alomomola\n|-sidestart|p2: Speenta|Spikes\n|\n|upkeep\n|turn|28\n|\n|t:|1700623658\n|move|p2a: Alomomola|Wish|p2a: Alomomola\n|move|p1a: He stares at you|Leech Seed|p2a: Alomomola|[miss]\n|-miss|p1a: He stares at you|p2a: Alomomola\n|\n|upkeep\n|turn|29\n|\n|t:|1700623666\n|switch|p2a: It Slices & Dices|Bisharp, M|38\/100 brn\n|-damage|p2a: It Slices & Dices|13\/100 brn|[from] Spikes\n|move|p1a: He stares at you|Leech Seed|p2a: It Slices & Dices\n|-start|p2a: It Slices & Dices|move: Leech Seed\n|\n|-heal|p2a: It Slices & Dices|93\/100 brn|[from] move: Wish|[wisher] Alomomola\n|-damage|p2a: It Slices & Dices|81\/100 brn|[from] Leech Seed|[of] p1a: He stares at you\n|-heal|p1a: He stares at you|88\/100|[silent]\n|-damage|p2a: It Slices & Dices|75\/100 brn|[from] brn\n|upkeep\n|turn|30\n|\n|t:|1700623681\n|switch|p2a: Gliscor|Gliscor, F|100\/100 tox\n|move|p1a: He stares at you|Gyro Ball|p2a: Gliscor\n|-damage|p2a: Gliscor|69\/100 tox\n|\n|-heal|p2a: Gliscor|81\/100 tox|[from] ability: Poison Heal\n|upkeep\n|turn|31\n|\n|t:|1700623690\n|move|p2a: Gliscor|Spikes|p1a: He stares at you\n|-sidestart|p1: NeroStudios|Spikes\n|move|p1a: He stares at you|Leech Seed|p2a: Gliscor|[miss]\n|-miss|p1a: He stares at you|p2a: Gliscor\n|\n|-heal|p2a: Gliscor|94\/100 tox|[from] ability: Poison Heal\n|upkeep\n|turn|32\n|\n|t:|1700623722\n|switch|p2a: Corsola|Corsola-Galar, F|100\/100\n|-damage|p2a: Corsola|75\/100|[from] Spikes\n|move|p1a: He stares at you|Leech Seed|p2a: Corsola|[miss]\n|-miss|p1a: He stares at you|p2a: Corsola\n|\n|upkeep\n|turn|33\n|\n|t:|1700623731\n|move|p2a: Corsola|Will-O-Wisp|p1a: He stares at you\n|-status|p1a: He stares at you|brn\n|move|p1a: He stares at you|Knock Off|p2a: Corsola\n|-supereffective|p2a: Corsola\n|-damage|p2a: Corsola|63\/100\n|-enditem|p2a: Corsola|Eviolite|[from] move: Knock Off|[of] p1a: He stares at you\n|\n|-damage|p1a: He stares at you|82\/100 brn|[from] brn\n|upkeep\n|turn|34\n|\n|t:|1700623746\n|switch|p1a: Violin|Slowking-Galar, F|100\/100\n|-damage|p1a: Violin|88\/100|[from] Stealth Rock\n|-damage|p1a: Violin|63\/100|[from] Spikes\n|move|p2a: Corsola|Strength Sap|p1a: Violin\n|-unboost|p1a: Violin|atk|1\n|-heal|p2a: Corsola|99\/100\n|\n|upkeep\n|turn|35\n|\n|t:|1700623763\n|switch|p2a: Gliscor|Gliscor, F|94\/100 tox\n|move|p1a: Violin|Sludge Bomb|p2a: Gliscor\n|-resisted|p2a: Gliscor\n|-damage|p2a: Gliscor|70\/100 tox\n|\n|-heal|p2a: Gliscor|82\/100 tox|[from] ability: Poison Heal\n|upkeep\n|turn|36\n|\n|t:|1700623775\n|switch|p1a: He stares at you|Ferrothorn, F, shiny|82\/100 brn\n|-damage|p1a: He stares at you|76\/100 brn|[from] Stealth Rock\n|-damage|p1a: He stares at you|51\/100 brn|[from] Spikes\n|move|p2a: Gliscor|Earthquake|p1a: He stares at you\n|-damage|p1a: He stares at you|28\/100 brn\n|\n|-heal|p2a: Gliscor|95\/100 tox|[from] ability: Poison Heal\n|-damage|p1a: He stares at you|22\/100 brn|[from] brn\n|upkeep\n|turn|37\n|\n|t:|1700623787\n|move|p2a: Gliscor|Earthquake|p1a: He stares at you\n|-crit|p1a: He stares at you\n|-damage|p1a: He stares at you|0 fnt\n|faint|p1a: He stares at you\n|\n|-heal|p2a: Gliscor|100\/100 tox|[from] ability: Poison Heal\n|upkeep\n|\n|t:|1700623803\n|switch|p1a: Fate Friendship|Banette, F|100\/100\n|-damage|p1a: Fate Friendship|88\/100|[from] Stealth Rock\n|-damage|p1a: Fate Friendship|63\/100|[from] Spikes\n|turn|38\n|c|\u2606Speenta|Cool names btw\n|\n|t:|1700623824\n|move|p2a: Gliscor|Earthquake|p1a: Fate Friendship\n|-damage|p1a: Fate Friendship|18\/100\n|move|p1a: Fate Friendship|Pain Split|p2a: Gliscor\n|-sethp|p2a: Gliscor|57\/100 tox|[from] move: Pain Split|[silent]\n|-sethp|p1a: Fate Friendship|75\/100|[from] move: Pain Split\n|\n|-heal|p2a: Gliscor|70\/100 tox|[from] ability: Poison Heal\n|upkeep\n|turn|39\n|c|\u2606NeroStudios|Oh thanks\n|\n|t:|1700623846\n|switch|p2a: Glimmora|Glimmora, M|55\/100 brn\n|-damage|p2a: Glimmora|30\/100 brn|[from] Spikes\n|move|p1a: Fate Friendship|Dazzling Gleam|p2a: Glimmora\n|-resisted|p2a: Glimmora\n|-damage|p2a: Glimmora|22\/100 brn\n|\n|-heal|p2a: Glimmora|28\/100 brn|[from] item: Leftovers\n|-damage|p2a: Glimmora|22\/100 brn|[from] brn\n|upkeep\n|turn|40\n|\n|t:|1700623859\n|switch|p2a: Corsola|Corsola-Galar, F|99\/100\n|-damage|p2a: Corsola|75\/100|[from] Spikes\n|switch|p1a: Violin|Slowking-Galar, F|96\/100\n|-damage|p1a: Violin|84\/100|[from] Stealth Rock\n|-damage|p1a: Violin|59\/100|[from] Spikes\n|\n|upkeep\n|turn|41\n|\n|t:|1700623872\n|switch|p2a: It Slices & Dices|Bisharp, M|75\/100 brn\n|-damage|p2a: It Slices & Dices|50\/100 brn|[from] Spikes\n|move|p1a: Violin|Future Sight|p2a: It Slices & Dices\n|-start|p1a: Violin|move: Future Sight\n|\n|-damage|p2a: It Slices & Dices|44\/100 brn|[from] brn\n|upkeep\n|turn|42\n|\n|t:|1700623896\n|-terastallize|p1a: Violin|Normal\n|move|p2a: It Slices & Dices|Knock Off|p1a: Violin\n|-damage|p1a: Violin|32\/100\n|-enditem|p1a: Violin|Assault Vest|[from] move: Knock Off|[of] p2a: It Slices & Dices\n|move|p1a: Violin|Flamethrower|p2a: It Slices & Dices\n|-supereffective|p2a: It Slices & Dices\n|-damage|p2a: It Slices & Dices|0 fnt\n|faint|p2a: It Slices & Dices\n|\n|upkeep\n|c|\u2606Speenta|Ah you read me like a book\n|\n|t:|1700623918\n|switch|p2a: Alomomola|Alomomola, F|100\/100\n|-damage|p2a: Alomomola|76\/100|[from] Spikes\n|turn|43\n|c|\u2606NeroStudios|Aha i was hoping you didnt go into gliscote\n|c|\u2606NeroStudios|Gliscor\n|\n|t:|1700623966\n|move|p2a: Alomomola|Wish|p2a: Alomomola\n|move|p1a: Violin|Sludge Bomb|p2a: Alomomola\n|-damage|p2a: Alomomola|30\/100\n|\n|-end|p2a: Alomomola|move: Future Sight\n|-damage|p2a: Alomomola|0 fnt\n|faint|p2a: Alomomola\n|upkeep\n|c|\u2606Speenta|Honestly this is my first time using this team I never would have thought to swap to that\n|\n|t:|1700623991\n|switch|p2a: Gliscor|Gliscor, F|70\/100 tox\n|turn|44\n|\n|t:|1700624005\n|move|p2a: Gliscor|Earthquake|p1a: Violin\n|-damage|p1a: Violin|0 fnt\n|faint|p1a: Violin\n|\n|-heal|p2a: Gliscor|100\/100 tox|[from] move: Wish|[wisher] Alomomola\n|upkeep\n|\n|t:|1700624015\n|switch|p1a: Not dragapult :(|Garchomp, F|100\/100\n|-damage|p1a: Not dragapult :(|94\/100|[from] Stealth Rock\n|-damage|p1a: Not dragapult :(|69\/100|[from] Spikes\n|turn|45\n|\n|t:|1700624025\n|move|p1a: Not dragapult :(|Dragon Claw|p2a: Gliscor\n|-damage|p2a: Gliscor|75\/100 tox\n|move|p2a: Gliscor|Toxic Spikes|p1a: Not dragapult :(\n|-sidestart|p1: NeroStudios|move: Toxic Spikes\n|\n|-heal|p2a: Gliscor|88\/100 tox|[from] ability: Poison Heal\n|upkeep\n|turn|46\n|\n|t:|1700624034\n|move|p1a: Not dragapult :(|Dragon Claw|p2a: Gliscor\n|-damage|p2a: Gliscor|61\/100 tox\n|move|p2a: Gliscor|Toxic Spikes|p1a: Not dragapult :(\n|-sidestart|p1: NeroStudios|move: Toxic Spikes\n|\n|-heal|p2a: Gliscor|74\/100 tox|[from] ability: Poison Heal\n|upkeep\n|turn|47\n|c|\u2606NeroStudios|If definitely lost at this point\n|\n|t:|1700624049\n|switch|p2a: Corsola|Corsola-Galar, F|75\/100\n|-damage|p2a: Corsola|50\/100|[from] Spikes\n|move|p1a: Not dragapult :(|Dragon Claw|p2a: Corsola\n|-damage|p2a: Corsola|20\/100\n|-start|p1a: Not dragapult :(|Disable|Dragon Claw|[from] ability: Cursed Body|[of] p2a: Corsola\n|\n|upkeep\n|turn|48\n|\n|t:|1700624060\n|switch|p1a: Post-Mantra|Iron Moth, shiny|100\/100\n|-damage|p1a: Post-Mantra|76\/100|[from] Stealth Rock\n|-damage|p1a: Post-Mantra|51\/100|[from] Spikes\n|-sideend|p1: NeroStudios|move: Toxic Spikes|[of] p1a: Post-Mantra\n|-enditem|p1a: Post-Mantra|Booster Energy\n|-activate|p1a: Post-Mantra|ability: Quark Drive|[fromitem]\n|-start|p1a: Post-Mantra|quarkdrivespa\n|move|p2a: Corsola|Strength Sap|p1a: Post-Mantra\n|-unboost|p1a: Post-Mantra|atk|1\n|-heal|p2a: Corsola|60\/100\n|\n|upkeep\n|turn|49\n|\n|t:|1700624087\n|switch|p2a: Glimmora|Glimmora, M|22\/100 brn\n|-damage|p2a: Glimmora|0 fnt|[from] Spikes\n|faint|p2a: Glimmora\n|move|p1a: Post-Mantra|Fiery Dance|p2: Glimmora|[notarget]\n|-fail|p1a: Post-Mantra\n|\n|upkeep\n|c|\u2606NeroStudios|Smart\n|\n|t:|1700624096\n|switch|p2a: Clodsire|Clodsire, F|81\/100 brn\n|-damage|p2a: Clodsire|56\/100 brn|[from] Spikes\n|turn|50\n|\n|t:|1700624110\n|move|p1a: Post-Mantra|Fiery Dance|p2a: Clodsire\n|-damage|p2a: Clodsire|26\/100 brn\n|move|p2a: Clodsire|Recover|p2a: Clodsire\n|-heal|p2a: Clodsire|76\/100 brn\n|\n|-damage|p2a: Clodsire|70\/100 brn|[from] brn\n|upkeep\n|turn|51\n|\n|t:|1700624124\n|switch|p2a: Gliscor|Gliscor, F|74\/100 tox\n|move|p1a: Post-Mantra|Fiery Dance|p2a: Gliscor\n|-damage|p2a: Gliscor|5\/100 tox\n|-boost|p1a: Post-Mantra|spa|1\n|\n|-heal|p2a: Gliscor|17\/100 tox|[from] ability: Poison Heal\n|upkeep\n|turn|52\n|\n|t:|1700624137\n|move|p1a: Post-Mantra|Fiery Dance|p2a: Gliscor\n|-damage|p2a: Gliscor|0 fnt\n|-boost|p1a: Post-Mantra|spa|1\n|faint|p2a: Gliscor\n|\n|upkeep\n|c|\u2606NeroStudios|Nvm fire dance sweep\n|c|\u2606Speenta|Looks like that\u2019s gg\n|c|\u2606Speenta|cool team\n|\n|t:|1700624158\n|switch|p2a: Corsola|Corsola-Galar, F|60\/100\n|-damage|p2a: Corsola|35\/100|[from] Spikes\n|turn|53\n|c|\u2606NeroStudios|Lol thanks!\n|c|\u2606NeroStudios|I just miss dragapult, he paied really will with jellicent\n|\n|t:|1700624195\n|move|p1a: Post-Mantra|Fiery Dance|p2a: Corsola\n|-damage|p2a: Corsola|0 fnt\n|faint|p2a: Corsola\n|\n|upkeep\n|c|\u2606Speenta|Oh yeah that\u2019s seems like it would be good\n|c|\u2606Speenta|i really miss using defensive salamce\n|c|\u2606Speenta|that intimidate\n|\n|t:|1700624235\n|switch|p2a: Clodsire|Clodsire, F|70\/100 brn\n|-damage|p2a: Clodsire|45\/100 brn|[from] Spikes\n|turn|54\n|c|\u2606NeroStudios|That sounds fun\n|\n|t:|1700624245\n|move|p1a: Post-Mantra|Energy Ball|p2a: Clodsire\n|-damage|p2a: Clodsire|3\/100 brn\n|move|p2a: Clodsire|Toxic|p1a: Post-Mantra\n|-immune|p1a: Post-Mantra\n|\n|-damage|p2a: Clodsire|0 fnt|[from] brn\n|faint|p2a: Clodsire\n|\n|win|NeroStudios\n|upkeep\n|raw|NeroStudios's rating: 1127 &rarr; <strong>1146<\/strong><br \/>(+19 for winning)\n|raw|Speenta's rating: 1040 &rarr; <strong>1028<\/strong><br \/>(-12 for losing)\n|c|\u2606Speenta|Gg\n","uploadtime":1700624259,"views":8,"p1id":"nerostudios","p2id":"speenta","formatid":"gen9nationaldex","rating":1028,"private":0,"password":""}