{"id":"gen9nationaldex-1997194977","p1":"0vertime909","p2":"Viruskiller","format":"[Gen 9] National Dex","log":"|html|<div class=\"broadcast-blue\"><strong>[Gen 9] National Dex is currently suspecting Sneasler! For information on how to participate check out the <a href=\"https:\/\/www.smogon.com\/forums\/threads\/sv-national-dex-suspect-8-just-dance.3731534\/\">suspect thread<\/a>.<\/strong><\/div>\n|j|\u26060vertime909\n|j|\u2606Viruskiller\n|t:|1700774300\n|gametype|singles\n|player|p1|0vertime909|unknown|1014\n|player|p2|Viruskiller|red|1000\n|teamsize|p1|6\n|teamsize|p2|6\n|gen|9\n|tier|[Gen 9] National Dex\n|rated|\n|rule|HP Percentage Mod: HP is shown in percentages\n|rule|Endless Battle Clause: Forcing endless battles is banned\n|rule|OHKO Clause: OHKO moves are banned\n|rule|Evasion Clause: Evasion abilities, items, and moves are banned\n|rule|Evasion Abilities Clause: Evasion abilities are banned\n|rule|Evasion Items Clause: Evasion items are banned\n|rule|Evasion Moves Clause: Evasion moves are banned\n|rule|Species Clause: Limit one of each Pok\u00e9mon\n|rule|Sleep Clause Mod: Limit one foe put to sleep\n|clearpoke\n|poke|p1|Torracat, M|\n|poke|p1|Oricorio-Sensu, M|\n|poke|p1|Cinderace, M|\n|poke|p1|Hakamo-o, F|\n|poke|p1|Passimian, M|\n|poke|p1|Staraptor, F|\n|poke|p2|Krookodile, F|\n|poke|p2|Greninja-*, F|\n|poke|p2|Charizard, F|\n|poke|p2|Kleavor, F|\n|poke|p2|Sceptile, F|\n|poke|p2|Toxtricity, F|\n|teampreview\n|inactive|Battle timer is ON: inactive players will automatically lose when time's up. (requested by 0vertime909)\n|\n|t:|1700774305\n|start\n|switch|p1a: Staraptor|Staraptor, F|100\/100\n|switch|p2a: the rockler|Kleavor, F|100\/100\n|turn|1\n|\n|t:|1700774317\n|move|p1a: Staraptor|Brave Bird|p2a: the rockler\n|-damage|p2a: the rockler|0 fnt\n|faint|p2a: the rockler\n|-damage|p1a: Staraptor|71\/100|[from] Recoil\n|\n|upkeep\n|c|\u2606Viruskiller|frick\n|c|\u2606Viruskiller|no rocks then\n|\n|t:|1700774332\n|switch|p2a: uranium|Toxtricity, F, shiny|100\/100\n|turn|2\n|\n|t:|1700774334\n|move|p1a: Staraptor|Brave Bird|p2a: uranium\n|-resisted|p2a: uranium\n|-crit|p2a: uranium\n|-damage|p2a: uranium|0 fnt\n|faint|p2a: uranium\n|-damage|p1a: Staraptor|37\/100|[from] Recoil\n|\n|upkeep\n|c|\u2606Viruskiller|bro\n|c|\u2606Viruskiller|he is on some drugs or some shit lol\n|\n|t:|1700774353\n|switch|p2a: slash|Sceptile, F|100\/100\n|turn|3\n|\n|t:|1700774357\n|move|p2a: slash|Endure|p2a: slash\n|-singleturn|p2a: slash|move: Endure\n|move|p1a: Staraptor|Brave Bird|p2a: slash\n|-supereffective|p2a: slash\n|-activate|p2a: slash|move: Endure\n|-damage|p2a: slash|1\/100\n|-enditem|p2a: slash|Weakness Policy\n|-boost|p2a: slash|atk|2|[from] item: Weakness Policy\n|-boost|p2a: slash|spa|2|[from] item: Weakness Policy\n|-damage|p1a: Staraptor|7\/100|[from] Recoil\n|\n|upkeep\n|turn|4\n|c|\u2606Viruskiller|BRUH\n|c|\u2606Viruskiller|WTF UNBERDEN ISNT WORKING\n|c|\u2606Viruskiller|fuck me\n|c|\u2606Viruskiller|three outta6\n|\n|t:|1700774386\n|move|p2a: slash|Thunder Punch|p1a: Staraptor\n|-supereffective|p1a: Staraptor\n|-damage|p1a: Staraptor|0 fnt\n|faint|p1a: Staraptor\n|\n|upkeep\n|\n|t:|1700774392\n|switch|p1a: Torracat|Torracat, M|100\/100\n|-ability|p1a: Torracat|Intimidate|boost\n|-unboost|p2a: slash|atk|1\n|turn|5\n|c|\u2606Viruskiller|oh shit i outspeed\n|\n|t:|1700774398\n|move|p2a: slash|Earthquake|p1a: Torracat\n|-supereffective|p1a: Torracat\n|-damage|p1a: Torracat|0 fnt\n|faint|p1a: Torracat\n|\n|upkeep\n|c|\u2606Viruskiller|wait\n|\n|t:|1700774406\n|switch|p1a: Oricorio|Oricorio-Sensu, M|100\/100\n|turn|6\n|c|\u2606Viruskiller|it did work?\n|c|\u2606Viruskiller|i got 600 speed\n|c|\u2606Viruskiller|but it dosent show?\n|\n|t:|1700774424\n|move|p2a: slash|Thunder Punch|p1a: Oricorio\n|-supereffective|p1a: Oricorio\n|-damage|p1a: Oricorio|0 fnt\n|faint|p1a: Oricorio\n|\n|upkeep\n|\n|t:|1700774430\n|switch|p1a: Hakamo-o|Hakamo-o, F|100\/100\n|turn|7\n|\n|t:|1700774436\n|move|p2a: slash|Leaf Blade|p1a: Hakamo-o\n|-resisted|p1a: Hakamo-o\n|-damage|p1a: Hakamo-o|79\/100\n|move|p1a: Hakamo-o|Rock Slide|p2a: slash\n|-damage|p2a: slash|0 fnt\n|faint|p2a: slash\n|\n|upkeep\n|\n|t:|1700774444\n|switch|p2a: storm|Greninja, F|100\/100\n|turn|8\n|\n|t:|1700774452\n|move|p2a: storm|Ice Beam|p1a: Hakamo-o\n|-start|p2a: storm|typechange|Ice|[from] ability: Protean\n|-supereffective|p1a: Hakamo-o\n|-damage|p1a: Hakamo-o|14\/100\n|move|p1a: Hakamo-o|Drain Punch|p2a: storm\n|-supereffective|p2a: storm\n|-damage|p2a: storm|47\/100\n|-heal|p1a: Hakamo-o|40\/100|[from] drain|[of] p2a: storm\n|\n|upkeep\n|turn|9\n|\n|t:|1700774466\n|move|p2a: storm|Ice Beam|p1a: Hakamo-o\n|-supereffective|p1a: Hakamo-o\n|-damage|p1a: Hakamo-o|0 fnt\n|faint|p1a: Hakamo-o\n|\n|upkeep\n|\n|t:|1700774474\n|switch|p1a: Passimian|Passimian, M|100\/100\n|turn|10\n|\n|t:|1700774480\n|move|p1a: Passimian|U-turn|p2a: storm\n|-damage|p2a: storm|19\/100\n|\n|t:|1700774483\n|switch|p1a: Cinderace|Cinderace, M|100\/100|[from] U-turn\n|move|p2a: storm|U-turn|p1a: Cinderace\n|-resisted|p1a: Cinderace\n|-damage|p1a: Cinderace|91\/100\n|\n|t:|1700774485\n|switch|p2a: raxter|Krookodile, F|100\/100|[from] U-turn\n|\n|upkeep\n|turn|11\n|\n|t:|1700774494\n|move|p1a: Cinderace|High Jump Kick|p2a: raxter\n|-start|p1a: Cinderace|typechange|Fighting|[from] ability: Libero\n|-supereffective|p2a: raxter\n|-damage|p2a: raxter|0 fnt\n|faint|p2a: raxter\n|\n|upkeep\n|\n|t:|1700774499\n|switch|p2a: storm|Greninja, F|19\/100\n|turn|12\n|\n|t:|1700774505\n|move|p1a: Cinderace|High Jump Kick|p2a: storm\n|-supereffective|p2a: storm\n|-damage|p2a: storm|0 fnt\n|faint|p2a: storm\n|\n|upkeep\n|\n|t:|1700774508\n|switch|p2a: Charcoal|Charizard, F|100\/100\n|turn|13\n|\n|t:|1700774514\n|detailschange|p2a: Charcoal|Charizard-Mega-Y, F\n|-mega|p2a: Charcoal|Charizard|Charizardite Y\n|-weather|SunnyDay|[from] ability: Drought|[of] p2a: Charcoal\n|move|p1a: Cinderace|High Jump Kick|p2a: Charcoal\n|-resisted|p2a: Charcoal\n|-damage|p2a: Charcoal|67\/100\n|move|p2a: Charcoal|Scorching Sands|p1a: Cinderace\n|-damage|p1a: Cinderace|55\/100\n|\n|-weather|SunnyDay|[upkeep]\n|upkeep\n|turn|14\n|\n|t:|1700774530\n|move|p1a: Cinderace|High Jump Kick|p2a: Charcoal\n|-resisted|p2a: Charcoal\n|-damage|p2a: Charcoal|31\/100\n|move|p2a: Charcoal|Air Slash|p1a: Cinderace\n|-supereffective|p1a: Cinderace\n|-damage|p1a: Cinderace|0 fnt\n|faint|p1a: Cinderace\n|\n|-weather|SunnyDay|[upkeep]\n|upkeep\n|\n|t:|1700774538\n|switch|p1a: Passimian|Passimian, M|100\/100\n|turn|15\n|\n|t:|1700774542\n|move|p1a: Passimian|Knock Off|p2a: Charcoal\n|-damage|p2a: Charcoal|5\/100\n|move|p2a: Charcoal|Air Slash|p1a: Passimian\n|-supereffective|p1a: Passimian\n|-damage|p1a: Passimian|0 fnt\n|faint|p1a: Passimian\n|\n|win|Viruskiller\n|raw|0vertime909's rating: 1014 &rarr; <strong>1003<\/strong><br \/>(-11 for losing)\n|raw|Viruskiller's rating: 1040 &rarr; <strong>1071<\/strong><br \/>(+31 for winning)\n|c|\u2606Viruskiller|gg\n|c|\u26060vertime909|gg\n|l|\u26060vertime909\n","uploadtime":1700774552,"views":3,"p1id":"0vertime909","p2id":"viruskiller","formatid":"gen9nationaldex","rating":1003,"private":0,"password":""}