{"id":"gen9nationaldex-1998175939","p1":"howtoplay11","p2":"sub_0strike>(","format":"[Gen 9] National Dex","log":"|html|<div class=\"broadcast-blue\"><strong>[Gen 9] National Dex is currently suspecting Sneasler! For information on how to participate check out the <a href=\"https:\/\/www.smogon.com\/forums\/threads\/sv-national-dex-suspect-8-just-dance.3731534\/\">suspect thread<\/a>.<\/strong><\/div>\n|j|\u2606howtoplay11\n|j|\u2606sub_0strike>(\n|t:|1700906615\n|gametype|singles\n|player|p1|howtoplay11|elesa|1488\n|player|p2|sub_0strike>(|unknown|1421\n|teamsize|p1|6\n|teamsize|p2|6\n|gen|9\n|tier|[Gen 9] National Dex\n|rated|\n|rule|HP Percentage Mod: HP is shown in percentages\n|rule|Endless Battle Clause: Forcing endless battles is banned\n|rule|OHKO Clause: OHKO moves are banned\n|rule|Evasion Clause: Evasion abilities, items, and moves are banned\n|rule|Evasion Abilities Clause: Evasion abilities are banned\n|rule|Evasion Items Clause: Evasion items are banned\n|rule|Evasion Moves Clause: Evasion moves are banned\n|rule|Species Clause: Limit one of each Pok\u00e9mon\n|rule|Sleep Clause Mod: Limit one foe put to sleep\n|clearpoke\n|poke|p1|Garchomp, M|\n|poke|p1|Rillaboom, M|\n|poke|p1|Sneasler, M|\n|poke|p1|Tapu Koko|\n|poke|p1|Scizor, M|\n|poke|p1|Heatran, M|\n|poke|p2|Charizard, M|\n|poke|p2|Great Tusk|\n|poke|p2|Tyranitar, M|\n|poke|p2|Garganacl, F|\n|poke|p2|Ferrothorn, M|\n|poke|p2|Clefable, F|\n|teampreview\n|\n|t:|1700906627\n|start\n|switch|p1a: Heatran|Heatran, M|100\/100\n|switch|p2a: Charizard|Charizard, M|100\/100\n|turn|1\n|\n|t:|1700906634\n|detailschange|p2a: Charizard|Charizard-Mega-Y, M\n|-mega|p2a: Charizard|Charizard|Charizardite Y\n|-weather|SunnyDay|[from] ability: Drought|[of] p2a: Charizard\n|move|p2a: Charizard|Scorching Sands|p1a: Heatran\n|-supereffective|p1a: Heatran\n|-damage|p1a: Heatran|29\/100\n|move|p1a: Heatran|Stealth Rock|p2a: Charizard\n|-sidestart|p2: sub_0strike>(|move: Stealth Rock\n|\n|-weather|SunnyDay|[upkeep]\n|-heal|p1a: Heatran|35\/100|[from] item: Leftovers\n|upkeep\n|turn|2\n|\n|t:|1700906655\n|switch|p1a: Garchomp|Garchomp, M|100\/100\n|move|p2a: Charizard|Scorching Sands|p1a: Garchomp\n|-damage|p1a: Garchomp|68\/100\n|\n|-weather|SunnyDay|[upkeep]\n|upkeep\n|turn|3\n|\n|t:|1700906670\n|switch|p2a: Great Tusk|Great Tusk|100\/100\n|-damage|p2a: Great Tusk|98\/100|[from] Stealth Rock\n|-activate|p2a: Great Tusk|ability: Protosynthesis\n|-start|p2a: Great Tusk|protosynthesisspe\n|move|p1a: Garchomp|Scale Shot|p2a: Great Tusk\n|-damage|p2a: Great Tusk|89\/100\n|-damage|p2a: Great Tusk|81\/100\n|-damage|p2a: Great Tusk|72\/100\n|-damage|p2a: Great Tusk|63\/100\n|-hitcount|p2a: Great Tusk|4\n|-unboost|p1a: Garchomp|def|1\n|-boost|p1a: Garchomp|spe|1\n|\n|-weather|SunnyDay|[upkeep]\n|-heal|p2a: Great Tusk|69\/100|[from] item: Leftovers\n|upkeep\n|turn|4\n|\n|t:|1700906688\n|switch|p1a: Rillaboom|Rillaboom, M|100\/100\n|-fieldstart|move: Grassy Terrain|[from] ability: Grassy Surge|[of] p1a: Rillaboom\n|move|p2a: Great Tusk|Ice Spinner|p1a: Rillaboom\n|-supereffective|p1a: Rillaboom\n|-damage|p1a: Rillaboom|52\/100\n|-fieldend|move: Grassy Terrain\n|\n|-weather|SunnyDay|[upkeep]\n|-heal|p2a: Great Tusk|76\/100|[from] item: Leftovers\n|upkeep\n|turn|5\n|\n|t:|1700906700\n|-end|p2a: Great Tusk|Protosynthesis|[silent]\n|switch|p2a: Ferrothorn|Ferrothorn, M|100\/100\n|-damage|p2a: Ferrothorn|94\/100|[from] Stealth Rock\n|move|p1a: Rillaboom|Grassy Glide|p2a: Ferrothorn\n|-resisted|p2a: Ferrothorn\n|-damage|p2a: Ferrothorn|86\/100\n|-damage|p1a: Rillaboom|40\/100|[from] ability: Iron Barbs|[of] p2a: Ferrothorn\n|\n|-weather|none\n|-heal|p2a: Ferrothorn|93\/100|[from] item: Leftovers\n|upkeep\n|turn|6\n|\n|t:|1700906711\n|switch|p1a: Heatran|Heatran, M|35\/100\n|move|p2a: Ferrothorn|Thunder Wave|p1a: Heatran\n|-status|p1a: Heatran|par\n|\n|-heal|p1a: Heatran|41\/100 par|[from] item: Leftovers\n|-heal|p2a: Ferrothorn|99\/100|[from] item: Leftovers\n|upkeep\n|turn|7\n|\n|t:|1700906734\n|switch|p2a: Clefable|Clefable, F|100\/100\n|move|p1a: Heatran|Magma Storm|p2a: Clefable\n|-damage|p2a: Clefable|57\/100\n|-activate|p2a: Clefable|move: Magma Storm|[of] p1a: Heatran\n|\n|-heal|p1a: Heatran|48\/100 par|[from] item: Leftovers\n|-damage|p2a: Clefable|45\/100|[from] move: Magma Storm|[partiallytrapped]\n|upkeep\n|turn|8\n|\n|t:|1700906748\n|switch|p1a: Scizor|Scizor, M|100\/100\n|move|p2a: Clefable|Wish|p2a: Clefable\n|\n|-end|p2a: Clefable|Magma Storm|[partiallytrapped]|[silent]\n|upkeep\n|turn|9\n|\n|t:|1700906754\n|switch|p2a: Great Tusk|Great Tusk|76\/100\n|-damage|p2a: Great Tusk|73\/100|[from] Stealth Rock\n|detailschange|p1a: Scizor|Scizor-Mega, M\n|-mega|p1a: Scizor|Scizor|Scizorite\n|move|p1a: Scizor|U-turn|p2a: Great Tusk\n|-resisted|p2a: Great Tusk\n|-damage|p2a: Great Tusk|61\/100\n|\n|t:|1700906762\n|switch|p1a: Rillaboom|Rillaboom, M|40\/100|[from] U-turn\n|-fieldstart|move: Grassy Terrain|[from] ability: Grassy Surge|[of] p1a: Rillaboom\n|\n|-heal|p2a: Great Tusk|100\/100|[from] move: Wish|[wisher] Clefable\n|-heal|p1a: Rillaboom|46\/100|[from] Grassy Terrain\n|upkeep\n|turn|10\n|\n|t:|1700906779\n|switch|p1a: Heatran|Heatran, M|48\/100 par\n|move|p2a: Great Tusk|Rapid Spin|p1a: Heatran\n|-resisted|p1a: Heatran\n|-damage|p1a: Heatran|42\/100 par\n|-boost|p2a: Great Tusk|spe|1\n|-sideend|p2: sub_0strike>(|Stealth Rock|[from] move: Rapid Spin|[of] p2a: Great Tusk\n|\n|-heal|p1a: Heatran|48\/100 par|[from] Grassy Terrain\n|-heal|p1a: Heatran|54\/100 par|[from] item: Leftovers\n|upkeep\n|turn|11\n|\n|t:|1700906796\n|-terastallize|p1a: Heatran|Grass\n|move|p2a: Great Tusk|Earthquake|p1a: Heatran\n|-resisted|p1a: Heatran\n|-damage|p1a: Heatran|46\/100 par\n|move|p1a: Heatran|Toxic|p2a: Great Tusk\n|-status|p2a: Great Tusk|tox\n|\n|-heal|p1a: Heatran|52\/100 par|[from] Grassy Terrain\n|-heal|p1a: Heatran|58\/100 par|[from] item: Leftovers\n|-damage|p2a: Great Tusk|94\/100 tox|[from] psn\n|upkeep\n|turn|12\n|\n|t:|1700906808\n|-end|p2a: Great Tusk|Protosynthesis|[silent]\n|switch|p2a: Tyranitar|Tyranitar, M|100\/100\n|-weather|Sandstorm|[from] ability: Sand Stream|[of] p2a: Tyranitar\n|switch|p1a: Scizor|Scizor-Mega, M|100\/100\n|\n|-weather|Sandstorm|[upkeep]\n|upkeep\n|turn|13\n|\n|t:|1700906818\n|switch|p2a: Ferrothorn|Ferrothorn, M|99\/100\n|move|p1a: Scizor|U-turn|p2a: Ferrothorn\n|-crit|p2a: Ferrothorn\n|-damage|p2a: Ferrothorn|61\/100\n|-damage|p1a: Scizor|88\/100|[from] ability: Iron Barbs|[of] p2a: Ferrothorn\n|\n|t:|1700906825\n|switch|p1a: Heatran|Heatran, M, tera:Grass|58\/100 par|[from] U-turn\n|\n|-weather|Sandstorm|[upkeep]\n|-damage|p1a: Heatran|52\/100 par|[from] Sandstorm\n|-heal|p1a: Heatran|58\/100 par|[from] Grassy Terrain\n|-heal|p1a: Heatran|64\/100 par|[from] item: Leftovers\n|-heal|p2a: Ferrothorn|67\/100|[from] Grassy Terrain\n|-heal|p2a: Ferrothorn|74\/100|[from] item: Leftovers\n|-fieldend|move: Grassy Terrain\n|upkeep\n|turn|14\n|\n|t:|1700906838\n|switch|p2a: Tyranitar|Tyranitar, M|100\/100\n|move|p1a: Heatran|Stealth Rock|p2a: Tyranitar\n|-sidestart|p2: sub_0strike>(|move: Stealth Rock\n|\n|-weather|Sandstorm|[upkeep]\n|-damage|p1a: Heatran|58\/100 par|[from] Sandstorm\n|-heal|p1a: Heatran|64\/100 par|[from] item: Leftovers\n|upkeep\n|turn|15\n|\n|t:|1700906852\n|move|p2a: Tyranitar|Stealth Rock|p1a: Heatran\n|-sidestart|p1: howtoplay11|move: Stealth Rock\n|move|p1a: Heatran|Toxic|p2a: Tyranitar\n|-status|p2a: Tyranitar|tox\n|\n|-weather|Sandstorm|[upkeep]\n|-damage|p1a: Heatran|58\/100 par|[from] Sandstorm\n|-heal|p1a: Heatran|64\/100 par|[from] item: Leftovers\n|-damage|p2a: Tyranitar|94\/100 tox|[from] psn\n|upkeep\n|turn|16\n|\n|t:|1700906869\n|switch|p1a: Scizor|Scizor-Mega, M|88\/100\n|-damage|p1a: Scizor|76\/100|[from] Stealth Rock\n|move|p2a: Tyranitar|Knock Off|p1a: Scizor\n|-damage|p1a: Scizor|59\/100\n|\n|-weather|none\n|-heal|p2a: Tyranitar|100\/100 tox|[from] item: Leftovers\n|-damage|p2a: Tyranitar|88\/100 tox|[from] psn\n|upkeep\n|turn|17\n|\n|t:|1700906879\n|switch|p2a: Ferrothorn|Ferrothorn, M|74\/100\n|-damage|p2a: Ferrothorn|67\/100|[from] Stealth Rock\n|move|p1a: Scizor|Roost|p1a: Scizor\n|-heal|p1a: Scizor|100\/100\n|-singleturn|p1a: Scizor|move: Roost\n|\n|-heal|p2a: Ferrothorn|74\/100|[from] item: Leftovers\n|upkeep\n|turn|18\n|\n|t:|1700906890\n|switch|p1a: Heatran|Heatran, M, tera:Grass|64\/100 par\n|-damage|p1a: Heatran|52\/100 par|[from] Stealth Rock\n|move|p2a: Ferrothorn|Spikes|p1a: Heatran\n|-sidestart|p1: howtoplay11|Spikes\n|\n|-heal|p1a: Heatran|58\/100 par|[from] item: Leftovers\n|-heal|p2a: Ferrothorn|80\/100|[from] item: Leftovers\n|upkeep\n|turn|19\n|\n|t:|1700906906\n|switch|p2a: Tyranitar|Tyranitar, M|88\/100 tox\n|-damage|p2a: Tyranitar|76\/100 tox|[from] Stealth Rock\n|-weather|Sandstorm|[from] ability: Sand Stream|[of] p2a: Tyranitar\n|cant|p1a: Heatran|par\n|\n|-weather|Sandstorm|[upkeep]\n|-damage|p1a: Heatran|52\/100 par|[from] Sandstorm\n|-heal|p2a: Tyranitar|82\/100 tox|[from] item: Leftovers\n|-heal|p1a: Heatran|58\/100 par|[from] item: Leftovers\n|-damage|p2a: Tyranitar|76\/100 tox|[from] psn\n|upkeep\n|turn|20\n|\n|t:|1700906917\n|move|p2a: Tyranitar|Knock Off|p1a: Heatran\n|-damage|p1a: Heatran|23\/100 par\n|-enditem|p1a: Heatran|Leftovers|[from] move: Knock Off|[of] p2a: Tyranitar\n|move|p1a: Heatran|Earth Power|p2a: Tyranitar\n|-supereffective|p2a: Tyranitar\n|-damage|p2a: Tyranitar|55\/100 tox\n|\n|-weather|Sandstorm|[upkeep]\n|-damage|p1a: Heatran|16\/100 par|[from] Sandstorm\n|-heal|p2a: Tyranitar|62\/100 tox|[from] item: Leftovers\n|-damage|p2a: Tyranitar|49\/100 tox|[from] psn\n|upkeep\n|turn|21\n|\n|t:|1700906935\n|switch|p2a: Clefable|Clefable, F|45\/100\n|cant|p1a: Heatran|par\n|\n|-weather|Sandstorm|[upkeep]\n|-damage|p2a: Clefable|39\/100|[from] Sandstorm\n|-damage|p1a: Heatran|10\/100 par|[from] Sandstorm\n|upkeep\n|turn|22\n|\n|t:|1700906944\n|move|p2a: Clefable|Aromatherapy|p2a: Clefable\n|-activate|p2a: Clefable|move: Aromatherapy\n|-curestatus|p2: Great Tusk|tox|[msg]\n|-curestatus|p2: Tyranitar|tox|[msg]\n|cant|p1a: Heatran|par\n|\n|-weather|Sandstorm|[upkeep]\n|-damage|p2a: Clefable|32\/100|[from] Sandstorm\n|-damage|p1a: Heatran|4\/100 par|[from] Sandstorm\n|upkeep\n|turn|23\n|\n|t:|1700906953\n|move|p2a: Clefable|Wish|p2a: Clefable\n|move|p1a: Heatran|Magma Storm|p2a: Clefable|[miss]\n|-miss|p1a: Heatran|p2a: Clefable\n|\n|-weather|none\n|upkeep\n|turn|24\n|\n|t:|1700906960\n|move|p2a: Clefable|Moonblast|p1a: Heatran\n|-damage|p1a: Heatran|0 fnt\n|faint|p1a: Heatran\n|\n|-heal|p2a: Clefable|82\/100|[from] move: Wish|[wisher] Clefable\n|upkeep\n|\n|t:|1700906968\n|switch|p1a: Scizor|Scizor-Mega, M|100\/100\n|-damage|p1a: Scizor|88\/100|[from] Stealth Rock\n|-damage|p1a: Scizor|76\/100|[from] Spikes\n|turn|25\n|\n|t:|1700906986\n|switch|p2a: Ferrothorn|Ferrothorn, M|80\/100\n|-damage|p2a: Ferrothorn|74\/100|[from] Stealth Rock\n|move|p1a: Scizor|U-turn|p2a: Ferrothorn\n|-damage|p2a: Ferrothorn|49\/100\n|-damage|p1a: Scizor|64\/100|[from] ability: Iron Barbs|[of] p2a: Ferrothorn\n|\n|t:|1700906998\n|switch|p1a: Sneasler|Sneasler, M|100\/100|[from] U-turn\n|-damage|p1a: Sneasler|95\/100|[from] Stealth Rock\n|-damage|p1a: Sneasler|82\/100|[from] Spikes\n|\n|-heal|p2a: Ferrothorn|55\/100|[from] item: Leftovers\n|upkeep\n|turn|26\n|\n|t:|1700907034\n|-terastallize|p2a: Ferrothorn|Ghost\n|move|p1a: Sneasler|Close Combat|p2a: Ferrothorn\n|-immune|p2a: Ferrothorn\n|move|p2a: Ferrothorn|Thunder Wave|p1a: Sneasler\n|-status|p1a: Sneasler|par\n|\n|-heal|p2a: Ferrothorn|61\/100|[from] item: Leftovers\n|upkeep\n|turn|27\n|\n|t:|1700907055\n|switch|p1a: Tapu Koko|Tapu Koko|100\/100\n|-fieldstart|move: Electric Terrain|[from] ability: Electric Surge|[of] p1a: Tapu Koko\n|move|p2a: Ferrothorn|Leech Seed|p1a: Tapu Koko\n|-start|p1a: Tapu Koko|move: Leech Seed\n|\n|-heal|p2a: Ferrothorn|67\/100|[from] item: Leftovers\n|-damage|p1a: Tapu Koko|88\/100|[from] Leech Seed|[of] p2a: Ferrothorn\n|-heal|p2a: Ferrothorn|77\/100|[silent]\n|upkeep\n|turn|28\n|\n|t:|1700907071\n|move|p1a: Tapu Koko|Thunderbolt|p2a: Ferrothorn\n|-damage|p2a: Ferrothorn|40\/100\n|-status|p2a: Ferrothorn|par\n|move|p2a: Ferrothorn|Spikes|p1a: Tapu Koko\n|-sidestart|p1: howtoplay11|Spikes\n|\n|-heal|p2a: Ferrothorn|47\/100 par|[from] item: Leftovers\n|-damage|p1a: Tapu Koko|76\/100|[from] Leech Seed|[of] p2a: Ferrothorn\n|-heal|p2a: Ferrothorn|56\/100 par|[silent]\n|upkeep\n|turn|29\n|\n|t:|1700907082\n|switch|p1a: Scizor|Scizor-Mega, M|64\/100\n|-damage|p1a: Scizor|52\/100|[from] Stealth Rock\n|-damage|p1a: Scizor|35\/100|[from] Spikes\n|move|p2a: Ferrothorn|Spikes|p1a: Scizor\n|-sidestart|p1: howtoplay11|Spikes\n|\n|-heal|p2a: Ferrothorn|63\/100 par|[from] item: Leftovers\n|upkeep\n|turn|30\n|\n|t:|1700907090\n|move|p1a: Scizor|Roost|p1a: Scizor\n|-heal|p1a: Scizor|85\/100\n|-singleturn|p1a: Scizor|move: Roost\n|move|p2a: Ferrothorn|Leech Seed|p1a: Scizor\n|-start|p1a: Scizor|move: Leech Seed\n|\n|-heal|p2a: Ferrothorn|69\/100 par|[from] item: Leftovers\n|-damage|p1a: Scizor|73\/100|[from] Leech Seed|[of] p2a: Ferrothorn\n|-heal|p2a: Ferrothorn|81\/100 par|[silent]\n|upkeep\n|turn|31\n|\n|t:|1700907098\n|move|p1a: Scizor|Swords Dance|p1a: Scizor\n|-boost|p1a: Scizor|atk|2\n|move|p2a: Ferrothorn|Thunder Wave|p1a: Scizor\n|-status|p1a: Scizor|par\n|\n|-heal|p2a: Ferrothorn|87\/100 par|[from] item: Leftovers\n|-damage|p1a: Scizor|61\/100 par|[from] Leech Seed|[of] p2a: Ferrothorn\n|-heal|p2a: Ferrothorn|99\/100 par|[silent]\n|-fieldend|move: Electric Terrain\n|upkeep\n|turn|32\n|\n|t:|1700907107\n|switch|p2a: Great Tusk|Great Tusk|94\/100\n|-damage|p2a: Great Tusk|91\/100|[from] Stealth Rock\n|move|p1a: Scizor|Swords Dance|p1a: Scizor\n|-boost|p1a: Scizor|atk|2\n|\n|-heal|p2a: Great Tusk|98\/100|[from] item: Leftovers\n|-damage|p1a: Scizor|48\/100 par|[from] Leech Seed|[of] p2a: Great Tusk\n|-heal|p2a: Great Tusk|100\/100|[silent]\n|upkeep\n|turn|33\n|\n|t:|1700907116\n|move|p1a: Scizor|Bullet Punch|p2a: Great Tusk\n|-damage|p2a: Great Tusk|46\/100\n|move|p2a: Great Tusk|Rapid Spin|p1a: Scizor\n|-resisted|p1a: Scizor\n|-damage|p1a: Scizor|44\/100 par\n|-boost|p2a: Great Tusk|spe|1\n|-sideend|p2: sub_0strike>(|Stealth Rock|[from] move: Rapid Spin|[of] p2a: Great Tusk\n|\n|-heal|p2a: Great Tusk|52\/100|[from] item: Leftovers\n|-damage|p1a: Scizor|31\/100 par|[from] Leech Seed|[of] p2a: Great Tusk\n|-heal|p2a: Great Tusk|62\/100|[silent]\n|upkeep\n|turn|34\n|\n|t:|1700907126\n|cant|p1a: Scizor|par\n|move|p2a: Great Tusk|Earthquake|p1a: Scizor\n|-damage|p1a: Scizor|2\/100 par\n|\n|-heal|p2a: Great Tusk|68\/100|[from] item: Leftovers\n|-damage|p1a: Scizor|0 fnt|[from] Leech Seed|[of] p2a: Great Tusk\n|-heal|p2a: Great Tusk|69\/100|[silent]\n|faint|p1a: Scizor\n|upkeep\n|\n|t:|1700907136\n|switch|p1a: Rillaboom|Rillaboom, M|46\/100\n|-damage|p1a: Rillaboom|33\/100|[from] Stealth Rock\n|-damage|p1a: Rillaboom|8\/100|[from] Spikes\n|-fieldstart|move: Grassy Terrain|[from] ability: Grassy Surge|[of] p1a: Rillaboom\n|turn|35\n|\n|t:|1700907143\n|-end|p2a: Great Tusk|Protosynthesis|[silent]\n|switch|p2a: Charizard|Charizard-Mega-Y, M|100\/100\n|-weather|SunnyDay|[from] ability: Drought|[of] p2a: Charizard\n|move|p1a: Rillaboom|Knock Off|p2a: Charizard\n|-damage|p2a: Charizard|47\/100\n|\n|-weather|SunnyDay|[upkeep]\n|-heal|p1a: Rillaboom|15\/100|[from] Grassy Terrain\n|upkeep\n|turn|36\n|\n|t:|1700907155\n|move|p2a: Charizard|Roost|p2a: Charizard\n|-heal|p2a: Charizard|97\/100\n|-singleturn|p2a: Charizard|move: Roost\n|move|p1a: Rillaboom|Knock Off|p2a: Charizard\n|-damage|p2a: Charizard|50\/100\n|\n|-weather|SunnyDay|[upkeep]\n|-heal|p2a: Charizard|56\/100|[from] Grassy Terrain\n|-heal|p1a: Rillaboom|21\/100|[from] Grassy Terrain\n|upkeep\n|turn|37\n|\n|t:|1700907164\n|move|p2a: Charizard|Flamethrower|p1a: Rillaboom\n|-supereffective|p1a: Rillaboom\n|-damage|p1a: Rillaboom|0 fnt\n|faint|p1a: Rillaboom\n|\n|-weather|SunnyDay|[upkeep]\n|upkeep\n|\n|t:|1700907180\n|switch|p1a: Tapu Koko|Tapu Koko|76\/100\n|-fieldstart|move: Electric Terrain|[from] ability: Electric Surge|[of] p1a: Tapu Koko\n|turn|38\n|\n|t:|1700907197\n|switch|p2a: Tyranitar|Tyranitar, M|49\/100\n|-weather|Sandstorm|[from] ability: Sand Stream|[of] p2a: Tyranitar\n|move|p1a: Tapu Koko|Hidden Power|p2a: Tyranitar\n|-crit|p2a: Tyranitar\n|-damage|p2a: Tyranitar|38\/100\n|\n|-weather|Sandstorm|[upkeep]\n|-damage|p1a: Tapu Koko|70\/100|[from] Sandstorm\n|-heal|p2a: Tyranitar|45\/100|[from] item: Leftovers\n|upkeep\n|turn|39\n|\n|t:|1700907207\n|move|p1a: Tapu Koko|Grass Knot|p2a: Tyranitar\n|-supereffective|p2a: Tyranitar\n|-damage|p2a: Tyranitar|16\/100\n|move|p2a: Tyranitar|Stone Edge|p1a: Tapu Koko|[miss]\n|-miss|p2a: Tyranitar|p1a: Tapu Koko\n|\n|-weather|Sandstorm|[upkeep]\n|-damage|p1a: Tapu Koko|63\/100|[from] Sandstorm\n|-heal|p2a: Tyranitar|22\/100|[from] item: Leftovers\n|upkeep\n|turn|40\n|\n|t:|1700907226\n|switch|p2a: Clefable|Clefable, F|82\/100\n|move|p1a: Tapu Koko|Grass Knot|p2a: Clefable\n|-damage|p2a: Clefable|67\/100\n|\n|-weather|Sandstorm|[upkeep]\n|-damage|p1a: Tapu Koko|57\/100|[from] Sandstorm\n|-damage|p2a: Clefable|61\/100|[from] Sandstorm\n|upkeep\n|turn|41\n|\n|t:|1700907241\n|move|p1a: Tapu Koko|U-turn|p2a: Clefable\n|-resisted|p2a: Clefable\n|-damage|p2a: Clefable|55\/100\n|\n|t:|1700907243\n|switch|p1a: Sneasler|Sneasler, M|82\/100 par|[from] U-turn\n|-damage|p1a: Sneasler|76\/100 par|[from] Stealth Rock\n|-damage|p1a: Sneasler|51\/100 par|[from] Spikes\n|-enditem|p1a: Sneasler|Electric Seed\n|-boost|p1a: Sneasler|def|1|[from] item: Electric Seed\n|move|p2a: Clefable|Wish|p2a: Clefable\n|\n|-weather|Sandstorm|[upkeep]\n|-damage|p1a: Sneasler|45\/100 par|[from] Sandstorm\n|-damage|p2a: Clefable|49\/100|[from] Sandstorm\n|upkeep\n|turn|42\n|\n|t:|1700907258\n|move|p1a: Sneasler|Acrobatics|p2a: Clefable\n|-damage|p2a: Clefable|19\/100\n|move|p2a: Clefable|Moonblast|p1a: Sneasler\n|-damage|p1a: Sneasler|4\/100 par\n|\n|-weather|none\n|-heal|p2a: Clefable|69\/100|[from] move: Wish|[wisher] Clefable\n|-fieldend|move: Electric Terrain\n|upkeep\n|turn|43\n|\n|t:|1700907267\n|move|p1a: Sneasler|Dire Claw|p2a: Clefable\n|-supereffective|p2a: Clefable\n|-damage|p2a: Clefable|2\/100\n|move|p2a: Clefable|Wish|p2a: Clefable\n|\n|upkeep\n|turn|44\n|\n|t:|1700907274\n|move|p1a: Sneasler|Acrobatics|p2a: Clefable\n|-damage|p2a: Clefable|0 fnt\n|faint|p2a: Clefable\n|\n|upkeep\n|\n|t:|1700907276\n|switch|p2a: Tyranitar|Tyranitar, M|22\/100\n|-weather|Sandstorm|[from] ability: Sand Stream|[of] p2a: Tyranitar\n|turn|45\n|\n|t:|1700907283\n|move|p1a: Sneasler|Close Combat|p2a: Tyranitar\n|-supereffective|p2a: Tyranitar\n|-damage|p2a: Tyranitar|0 fnt\n|-unboost|p1a: Sneasler|def|1\n|-unboost|p1a: Sneasler|spd|1\n|faint|p2a: Tyranitar\n|\n|-weather|Sandstorm|[upkeep]\n|-damage|p1a: Sneasler|0 fnt|[from] Sandstorm\n|faint|p1a: Sneasler\n|upkeep\n|inactive|Battle timer is ON: inactive players will automatically lose when time's up. (requested by sub_0strike>()\n|\n|t:|1700907310\n|switch|p1a: Garchomp|Garchomp, M|68\/100\n|switch|p2a: Ferrothorn|Ferrothorn, M, tera:Ghost|99\/100 par\n|-damage|p1a: Garchomp|62\/100|[from] Stealth Rock\n|-damage|p1a: Garchomp|37\/100|[from] Spikes\n|turn|46\n|\n|t:|1700907321\n|move|p1a: Garchomp|Substitute|p1a: Garchomp\n|-start|p1a: Garchomp|Substitute\n|-damage|p1a: Garchomp|12\/100\n|move|p2a: Ferrothorn|Power Whip|p1a: Garchomp\n|-end|p1a: Garchomp|Substitute\n|\n|-weather|Sandstorm|[upkeep]\n|-damage|p2a: Ferrothorn|93\/100 par|[from] Sandstorm\n|-heal|p2a: Ferrothorn|99\/100 par|[from] item: Leftovers\n|upkeep\n|turn|47\n|\n|t:|1700907340\n|move|p1a: Garchomp|Swords Dance|p1a: Garchomp\n|-boost|p1a: Garchomp|atk|2\n|move|p2a: Ferrothorn|Power Whip|p1a: Garchomp\n|-damage|p1a: Garchomp|0 fnt\n|-damage|p2a: Ferrothorn|87\/100 par|[from] ability: Rough Skin|[of] p1a: Garchomp\n|faint|p1a: Garchomp\n|\n|-weather|Sandstorm|[upkeep]\n|-damage|p2a: Ferrothorn|80\/100 par|[from] Sandstorm\n|-heal|p2a: Ferrothorn|87\/100 par|[from] item: Leftovers\n|upkeep\n|\n|t:|1700907350\n|switch|p1a: Tapu Koko|Tapu Koko|57\/100\n|-fieldstart|move: Electric Terrain|[from] ability: Electric Surge|[of] p1a: Tapu Koko\n|turn|48\n|\n|t:|1700907356\n|move|p1a: Tapu Koko|Thunderbolt|p2a: Ferrothorn\n|-damage|p2a: Ferrothorn|50\/100 par\n|cant|p2a: Ferrothorn|par\n|\n|-weather|Sandstorm|[upkeep]\n|-damage|p1a: Tapu Koko|51\/100|[from] Sandstorm\n|-damage|p2a: Ferrothorn|44\/100 par|[from] Sandstorm\n|-heal|p2a: Ferrothorn|50\/100 par|[from] item: Leftovers\n|upkeep\n|turn|49\n|\n|t:|1700907363\n|move|p1a: Tapu Koko|Thunderbolt|p2a: Ferrothorn\n|-damage|p2a: Ferrothorn|17\/100 par\n|cant|p2a: Ferrothorn|par\n|\n|-weather|none\n|-heal|p2a: Ferrothorn|24\/100 par|[from] item: Leftovers\n|upkeep\n|turn|50\n|\n|t:|1700907372\n|move|p1a: Tapu Koko|Thunderbolt|p2a: Ferrothorn\n|-damage|p2a: Ferrothorn|0 fnt\n|faint|p2a: Ferrothorn\n|\n|upkeep\n|\n|t:|1700907375\n|switch|p2a: Garganacl|Garganacl, F|100\/100\n|turn|51\n|\n|t:|1700907380\n|move|p1a: Tapu Koko|Grass Knot|p2a: Garganacl\n|-supereffective|p2a: Garganacl\n|-damage|p2a: Garganacl|58\/100\n|move|p2a: Garganacl|Salt Cure|p1a: Tapu Koko\n|-damage|p1a: Tapu Koko|33\/100\n|-start|p1a: Tapu Koko|Salt Cure\n|\n|-heal|p2a: Garganacl|65\/100|[from] item: Leftovers\n|-damage|p1a: Tapu Koko|20\/100|[from] Salt Cure\n|upkeep\n|turn|52\n|\n|t:|1700907393\n|move|p2a: Garganacl|Protect|p2a: Garganacl\n|-singleturn|p2a: Garganacl|Protect\n|move|p1a: Tapu Koko|Grass Knot|p2a: Garganacl\n|-activate|p2a: Garganacl|move: Protect\n|\n|-heal|p2a: Garganacl|71\/100|[from] item: Leftovers\n|-damage|p1a: Tapu Koko|8\/100|[from] Salt Cure\n|-fieldend|move: Electric Terrain\n|upkeep\n|turn|53\n|c|\u2606sub_0strike>(|gg\n|\n|t:|1700907401\n|move|p1a: Tapu Koko|Grass Knot|p2a: Garganacl\n|-supereffective|p2a: Garganacl\n|-damage|p2a: Garganacl|25\/100\n|move|p2a: Garganacl|Recover|p2a: Garganacl\n|-heal|p2a: Garganacl|75\/100\n|\n|-heal|p2a: Garganacl|81\/100|[from] item: Leftovers\n|-damage|p1a: Tapu Koko|0 fnt|[from] Salt Cure\n|faint|p1a: Tapu Koko\n|\n|win|sub_0strike>(\n|upkeep\n|raw|howtoplay11's rating: 1488 &rarr; <strong>1464<\/strong><br \/>(-24 for losing)\n|raw|sub_0strike&gt;('s rating: 1421 &rarr; <strong>1445<\/strong><br \/>(+24 for winning)\n|l|\u2606howtoplay11\n","uploadtime":1700907408,"views":0,"p1id":"howtoplay11","p2id":"sub0strike","formatid":"gen9nationaldex","rating":1445,"private":0,"password":""}