{"id":"gen9nationaldex-1998541449","p1":"agrade","p2":"BetaBros","format":"[Gen 9] National Dex","log":"|html|<div class=\"broadcast-blue\"><strong>[Gen 9] National Dex is currently suspecting Sneasler! For information on how to participate check out the <a href=\"https:\/\/www.smogon.com\/forums\/threads\/sv-national-dex-suspect-8-just-dance.3731534\/\">suspect thread<\/a>.<\/strong><\/div>\n|j|\u2606agrade\n|j|\u2606BetaBros\n|t:|1700954144\n|gametype|singles\n|player|p1|agrade|kukui-stand|1250\n|player|p2|BetaBros|grimsley|1193\n|teamsize|p1|6\n|teamsize|p2|6\n|gen|9\n|tier|[Gen 9] National Dex\n|rated|\n|rule|HP Percentage Mod: HP is shown in percentages\n|rule|Endless Battle Clause: Forcing endless battles is banned\n|rule|OHKO Clause: OHKO moves are banned\n|rule|Evasion Clause: Evasion abilities, items, and moves are banned\n|rule|Evasion Abilities Clause: Evasion abilities are banned\n|rule|Evasion Items Clause: Evasion items are banned\n|rule|Evasion Moves Clause: Evasion moves are banned\n|rule|Species Clause: Limit one of each Pok\u00e9mon\n|rule|Sleep Clause Mod: Limit one foe put to sleep\n|clearpoke\n|poke|p1|Salamence, F|\n|poke|p1|Tapu Lele|\n|poke|p1|Pelipper, M|\n|poke|p1|Ferrothorn, F|\n|poke|p1|Basculegion, M|\n|poke|p1|Overqwil, M|\n|poke|p2|Lurantis, M|\n|poke|p2|Swoobat, F|\n|poke|p2|Arctovish|\n|poke|p2|Ninetales-Alola, M|\n|poke|p2|Cloyster, F|\n|poke|p2|Ceruledge, F|\n|teampreview\n|inactive|Battle timer is ON: inactive players will automatically lose when time's up. (requested by BetaBros)\n|inactive|agrade has 120 seconds left.\n|\n|t:|1700954175\n|start\n|switch|p1a: Basculegion|Basculegion, M|100\/100\n|switch|p2a: Swoobat|Swoobat, F|100\/100\n|turn|1\n|\n|t:|1700954184\n|move|p2a: Swoobat|Tailwind|p2a: Swoobat\n|-sidestart|p2: BetaBros|move: Tailwind\n|move|p1a: Basculegion|Flip Turn|p2a: Swoobat\n|-damage|p2a: Swoobat|10\/100\n|\n|t:|1700954202\n|switch|p1a: Pelipper|Pelipper, M|100\/100|[from] Flip Turn\n|-weather|RainDance|[from] ability: Drizzle|[of] p1a: Pelipper\n|\n|-weather|RainDance|[upkeep]\n|upkeep\n|turn|2\n|\n|t:|1700954209\n|move|p2a: Swoobat|Calm Mind|p2a: Swoobat\n|-boost|p2a: Swoobat|spa|2\n|-boost|p2a: Swoobat|spd|2\n|move|p1a: Pelipper|U-turn|p2a: Swoobat\n|-damage|p2a: Swoobat|0 fnt\n|faint|p2a: Swoobat\n|\n|t:|1700954224\n|switch|p1a: Overqwil|Overqwil, M|100\/100|[from] U-turn\n|\n|-weather|RainDance|[upkeep]\n|upkeep\n|\n|t:|1700954234\n|switch|p2a: Cloyster|Cloyster, F|100\/100\n|turn|3\n|\n|t:|1700954237\n|move|p1a: Overqwil|Taunt|p2a: Cloyster\n|-start|p2a: Cloyster|move: Taunt\n|cant|p2a: Cloyster|move: Taunt|Shell Smash\n|\n|-weather|RainDance|[upkeep]\n|upkeep\n|turn|4\n|\n|t:|1700954247\n|switch|p2a: Lurantis|Lurantis, M|100\/100\n|move|p1a: Overqwil|Swords Dance|p1a: Overqwil\n|-boost|p1a: Overqwil|atk|2\n|\n|-weather|RainDance|[upkeep]\n|-sideend|p2: BetaBros|move: Tailwind\n|upkeep\n|turn|5\n|\n|t:|1700954255\n|move|p1a: Overqwil|Poison Jab|p2a: Lurantis\n|-supereffective|p2a: Lurantis\n|-damage|p2a: Lurantis|0 fnt\n|faint|p2a: Lurantis\n|\n|-weather|RainDance|[upkeep]\n|upkeep\n|\n|t:|1700954262\n|switch|p2a: Ninetales|Ninetales-Alola, M|100\/100\n|-weather|Snow|[from] ability: Snow Warning|[of] p2a: Ninetales\n|turn|6\n|\n|t:|1700954269\n|switch|p1a: Pelipper|Pelipper, M|100\/100\n|-weather|RainDance|[from] ability: Drizzle|[of] p1a: Pelipper\n|move|p2a: Ninetales|Blizzard|p1a: Pelipper\n|-damage|p1a: Pelipper|41\/100\n|\n|-weather|RainDance|[upkeep]\n|upkeep\n|turn|7\n|\n|t:|1700954277\n|switch|p1a: Ferrothorn|Ferrothorn, F|100\/100\n|move|p2a: Ninetales|Moonblast|p1a: Ferrothorn\n|-resisted|p1a: Ferrothorn\n|-damage|p1a: Ferrothorn|87\/100\n|-enditem|p1a: Ferrothorn|Eject Button\n|\n|t:|1700954286\n|switch|p1a: Salamence|Salamence, F|100\/100\n|-ability|p1a: Salamence|Intimidate|boost\n|-unboost|p2a: Ninetales|atk|1\n|\n|-weather|RainDance|[upkeep]\n|upkeep\n|turn|8\n|\n|t:|1700954295\n|-terastallize|p1a: Salamence|Water\n|move|p2a: Ninetales|Blizzard|p1a: Salamence\n|-resisted|p1a: Salamence\n|-damage|p1a: Salamence|75\/100\n|move|p1a: Salamence|Hurricane|p2a: Ninetales\n|-damage|p2a: Ninetales|4\/100\n|\n|-weather|RainDance|[upkeep]\n|upkeep\n|turn|9\n|\n|t:|1700954303\n|move|p2a: Ninetales|Moonblast|p1a: Salamence\n|-damage|p1a: Salamence|30\/100\n|-unboost|p1a: Salamence|spa|1\n|move|p1a: Salamence|Hurricane|p2a: Ninetales\n|-damage|p2a: Ninetales|0 fnt\n|faint|p2a: Ninetales\n|\n|-weather|RainDance|[upkeep]\n|upkeep\n|\n|t:|1700954310\n|switch|p2a: Cloyster|Cloyster, F|100\/100\n|turn|10\n|\n|t:|1700954315\n|move|p1a: Salamence|Hurricane|p2a: Cloyster\n|-damage|p2a: Cloyster|0 fnt\n|faint|p2a: Cloyster\n|\n|-weather|RainDance|[upkeep]\n|upkeep\n|\n|t:|1700954318\n|switch|p2a: Ceruledge|Ceruledge, F|100\/100\n|turn|11\n|\n|t:|1700954322\n|move|p1a: Salamence|Hurricane|p2a: Ceruledge\n|-damage|p2a: Ceruledge|40\/100\n|move|p2a: Ceruledge|Swords Dance|p2a: Ceruledge\n|-boost|p2a: Ceruledge|atk|2\n|\n|-weather|RainDance|[upkeep]\n|upkeep\n|turn|12\n|\n|t:|1700954328\n|move|p2a: Ceruledge|Shadow Sneak|p1a: Salamence\n|-damage|p1a: Salamence|0 fnt\n|faint|p1a: Salamence\n|\n|-weather|RainDance|[upkeep]\n|upkeep\n|\n|t:|1700954333\n|switch|p1a: Basculegion|Basculegion, M|100\/100\n|turn|13\n|\n|t:|1700954336\n|move|p1a: Basculegion|Aqua Jet|p2a: Ceruledge\n|-supereffective|p2a: Ceruledge\n|-damage|p2a: Ceruledge|0 fnt\n|faint|p2a: Ceruledge\n|\n|-weather|none\n|upkeep\n|\n|t:|1700954339\n|switch|p2a: Arctovish|Arctovish|100\/100\n|turn|14\n|\n|t:|1700954345\n|switch|p1a: Pelipper|Pelipper, M|41\/100\n|-weather|RainDance|[from] ability: Drizzle|[of] p1a: Pelipper\n|-terastallize|p2a: Arctovish|Water\n|move|p2a: Arctovish|Fishious Rend|p1a: Pelipper\n|-resisted|p1a: Pelipper\n|-damage|p1a: Pelipper|0 fnt\n|faint|p1a: Pelipper\n|\n|-weather|RainDance|[upkeep]\n|upkeep\n|\n|t:|1700954356\n|switch|p1a: Basculegion|Basculegion, M|100\/100\n|turn|15\n|\n|t:|1700954360\n|move|p1a: Basculegion|Wave Crash|p2a: Arctovish\n|-resisted|p2a: Arctovish\n|-damage|p2a: Arctovish|26\/100\n|-damage|p1a: Basculegion|80\/100|[from] Recoil\n|move|p2a: Arctovish|Crunch|p1a: Basculegion\n|-supereffective|p1a: Basculegion\n|-damage|p1a: Basculegion|23\/100\n|\n|-weather|RainDance|[upkeep]\n|-heal|p2a: Arctovish|33\/100|[from] item: Leftovers\n|upkeep\n|turn|16\n|\n|t:|1700954366\n|move|p2a: Arctovish|Protect|p2a: Arctovish\n|-singleturn|p2a: Arctovish|Protect\n|move|p1a: Basculegion|Wave Crash|p2a: Arctovish\n|-activate|p2a: Arctovish|move: Protect\n|\n|-weather|RainDance|[upkeep]\n|-heal|p2a: Arctovish|39\/100|[from] item: Leftovers\n|upkeep\n|turn|17\n|\n|t:|1700954369\n|move|p1a: Basculegion|Wave Crash|p2a: Arctovish\n|-resisted|p2a: Arctovish\n|-damage|p2a: Arctovish|0 fnt\n|faint|p2a: Arctovish\n|-damage|p1a: Basculegion|12\/100|[from] Recoil\n|\n|win|agrade\n|raw|agrade's rating: 1250 &rarr; <strong>1271<\/strong><br \/>(+21 for winning)\n|raw|BetaBros's rating: 1193 &rarr; <strong>1172<\/strong><br \/>(-21 for losing)\n|l|\u2606BetaBros\n","uploadtime":1700954378,"views":1,"p1id":"agrade","p2id":"betabros","formatid":"gen9nationaldex","rating":1172,"private":0,"password":""}