{"id":"gen9nationaldex-1996414052","p1":"Chromilly","p2":"wahrer","format":"[Gen 9] National Dex","log":"|html|<div class=\"broadcast-blue\"><strong>[Gen 9] National Dex is currently suspecting Sneasler! For information on how to participate check out the <a href=\"https:\/\/www.smogon.com\/forums\/threads\/sv-national-dex-suspect-8-just-dance.3731534\/\">suspect thread<\/a>.<\/strong><\/div>\n|j|\u2606Chromilly\n|j|\u2606wahrer\n|t:|1700679701\n|gametype|singles\n|player|p1|Chromilly|irida|1373\n|player|p2|wahrer|burgh|1264\n|teamsize|p1|6\n|teamsize|p2|6\n|gen|9\n|tier|[Gen 9] National Dex\n|rated|\n|rule|HP Percentage Mod: HP is shown in percentages\n|rule|Endless Battle Clause: Forcing endless battles is banned\n|rule|OHKO Clause: OHKO moves are banned\n|rule|Evasion Clause: Evasion abilities, items, and moves are banned\n|rule|Evasion Abilities Clause: Evasion abilities are banned\n|rule|Evasion Items Clause: Evasion items are banned\n|rule|Evasion Moves Clause: Evasion moves are banned\n|rule|Species Clause: Limit one of each Pok\u00e9mon\n|rule|Sleep Clause Mod: Limit one foe put to sleep\n|clearpoke\n|poke|p1|Sneasler, F|\n|poke|p1|Tapu Lele|\n|poke|p1|Glimmora, M|\n|poke|p1|Lopunny, M|\n|poke|p1|Corviknight, F|\n|poke|p1|Ogerpon-Wellspring, F|\n|poke|p2|Togekiss, M|\n|poke|p2|Golisopod, M|\n|poke|p2|Scizor, F|\n|poke|p2|Sneasler, M|\n|poke|p2|Gliscor, F|\n|poke|p2|Ribombee, M|\n|teampreview\n|inactive|Battle timer is ON: inactive players will automatically lose when time's up. (requested by Chromilly)\n|\n|t:|1700679716\n|start\n|switch|p1a: Glimmora|Glimmora, M|100\/100\n|switch|p2a: Sneasler|Sneasler, M|100\/100\n|turn|1\n|\n|t:|1700679722\n|move|p2a: Sneasler|Fake Out|p1a: Glimmora\n|-resisted|p1a: Glimmora\n|-damage|p1a: Glimmora|93\/100\n|-activate|p1a: Glimmora|ability: Toxic Debris\n|-sidestart|p2: wahrer|move: Toxic Spikes\n|cant|p1a: Glimmora|flinch\n|\n|upkeep\n|turn|2\n|\n|t:|1700679735\n|move|p2a: Sneasler|Dire Claw|p1a: Glimmora\n|-resisted|p1a: Glimmora\n|-damage|p1a: Glimmora|82\/100\n|-activate|p1a: Glimmora|ability: Toxic Debris\n|-sidestart|p2: wahrer|move: Toxic Spikes\n|move|p1a: Glimmora|Stealth Rock|p2a: Sneasler\n|-sidestart|p2: wahrer|move: Stealth Rock\n|\n|upkeep\n|turn|3\n|\n|t:|1700679743\n|move|p2a: Sneasler|Close Combat|p1a: Glimmora\n|-damage|p1a: Glimmora|15\/100\n|-unboost|p2a: Sneasler|def|1\n|-unboost|p2a: Sneasler|spd|1\n|move|p1a: Glimmora|Stealth Rock||[still]\n|-fail|p1a: Glimmora\n|\n|upkeep\n|turn|4\n|\n|t:|1700679750\n|move|p2a: Sneasler|U-turn|p1a: Glimmora\n|-resisted|p1a: Glimmora\n|-damage|p1a: Glimmora|3\/100\n|\n|t:|1700679757\n|switch|p2a: Gliscor|Gliscor, F|100\/100|[from] U-turn\n|-damage|p2a: Gliscor|88\/100|[from] Stealth Rock\n|move|p1a: Glimmora|Power Gem|p2a: Gliscor\n|-damage|p2a: Gliscor|40\/100\n|\n|-status|p2a: Gliscor|tox|[from] item: Toxic Orb\n|upkeep\n|turn|5\n|\n|t:|1700679774\n|switch|p1a: Lopunny|Lopunny, M|100\/100\n|switch|p2a: Scizor|Scizor, F, shiny|100\/100\n|-damage|p2a: Scizor|88\/100|[from] Stealth Rock\n|\n|upkeep\n|turn|6\n|\n|t:|1700679784\n|detailschange|p1a: Lopunny|Lopunny-Mega, M\n|-mega|p1a: Lopunny|Lopunny|Lopunnite\n|detailschange|p2a: Scizor|Scizor-Mega, F, shiny\n|-mega|p2a: Scizor|Scizor|Scizorite\n|move|p1a: Lopunny|Fake Out|p2a: Scizor\n|-resisted|p2a: Scizor\n|-damage|p2a: Scizor|79\/100\n|cant|p2a: Scizor|flinch\n|\n|upkeep\n|turn|7\n|\n|t:|1700679792\n|move|p1a: Lopunny|Close Combat|p2a: Scizor\n|-damage|p2a: Scizor|30\/100\n|-unboost|p1a: Lopunny|def|1\n|-unboost|p1a: Lopunny|spd|1\n|move|p2a: Scizor|Superpower|p1a: Lopunny\n|-supereffective|p1a: Lopunny\n|-damage|p1a: Lopunny|0 fnt\n|-unboost|p2a: Scizor|atk|1\n|-unboost|p2a: Scizor|def|1\n|faint|p1a: Lopunny\n|\n|upkeep\n|\n|t:|1700679802\n|switch|p1a: Tapu Lele|Tapu Lele|100\/100\n|-fieldstart|move: Psychic Terrain|[from] ability: Psychic Surge|[of] p1a: Tapu Lele\n|turn|8\n|\n|t:|1700679815\n|move|p1a: Tapu Lele|Psychic|p2a: Scizor\n|-resisted|p2a: Scizor\n|-damage|p2a: Scizor|1\/100\n|move|p2a: Scizor|U-turn|p1a: Tapu Lele\n|-damage|p1a: Tapu Lele|60\/100\n|\n|t:|1700679824\n|switch|p2a: Ribombee|Ribombee, M|100\/100|[from] U-turn\n|-status|p2a: Ribombee|tox\n|-damage|p2a: Ribombee|76\/100 tox|[from] Stealth Rock\n|\n|-damage|p2a: Ribombee|69\/100 tox|[from] psn\n|upkeep\n|turn|9\n|\n|t:|1700679835\n|switch|p1a: Sneasler|Sneasler, F|100\/100\n|-enditem|p1a: Sneasler|Psychic Seed\n|-boost|p1a: Sneasler|spd|1|[from] item: Psychic Seed\n|move|p2a: Ribombee|Defog|p1a: Sneasler\n|-unboost|p1a: Sneasler|evasion|1\n|-sideend|p2: wahrer|Toxic Spikes|[from] move: Defog|[of] p2a: Ribombee\n|-sideend|p2: wahrer|Stealth Rock|[from] move: Defog|[of] p2a: Ribombee\n|-fieldend|move: Psychic Terrain\n|\n|-damage|p2a: Ribombee|57\/100 tox|[from] psn\n|upkeep\n|turn|10\n|\n|t:|1700679852\n|switch|p2a: Scizor|Scizor-Mega, F, shiny|1\/100\n|move|p1a: Sneasler|Acrobatics|p2a: Scizor\n|-crit|p2a: Scizor\n|-damage|p2a: Scizor|0 fnt\n|faint|p2a: Scizor\n|\n|upkeep\n|\n|t:|1700679860\n|switch|p2a: Sneasler|Sneasler, M|100\/100\n|turn|11\n|\n|t:|1700679864\n|-terastallize|p1a: Sneasler|Flying\n|move|p2a: Sneasler|Fake Out|p1a: Sneasler\n|-crit|p1a: Sneasler\n|-damage|p1a: Sneasler|63\/100\n|-status|p1a: Sneasler|psn|[from] ability: Poison Touch|[of] p2a: Sneasler\n|cant|p1a: Sneasler|flinch\n|\n|-damage|p1a: Sneasler|50\/100 psn|[from] psn\n|upkeep\n|turn|12\n|\n|t:|1700679874\n|move|p1a: Sneasler|Acrobatics|p2a: Sneasler\n|-supereffective|p2a: Sneasler\n|-enditem|p2a: Sneasler|Focus Sash\n|-damage|p2a: Sneasler|1\/100\n|move|p2a: Sneasler|Dire Claw|p1a: Sneasler\n|-damage|p1a: Sneasler|0 fnt\n|faint|p1a: Sneasler\n|\n|upkeep\n|\n|t:|1700679878\n|switch|p1a: Glimmora|Glimmora, M|3\/100\n|turn|13\n|\n|t:|1700679887\n|move|p2a: Sneasler|U-turn|p1a: Glimmora\n|-resisted|p1a: Glimmora\n|-damage|p1a: Glimmora|0 fnt\n|-activate|p1a: Glimmora|ability: Toxic Debris\n|-sidestart|p2: wahrer|move: Toxic Spikes\n|faint|p1a: Glimmora\n|\n|t:|1700679895\n|switch|p2a: Ribombee|Ribombee, M|57\/100 tox|[from] U-turn\n|\n|-damage|p2a: Ribombee|51\/100 tox|[from] psn\n|upkeep\n|\n|t:|1700679901\n|switch|p1a: Ogerpon|Ogerpon-Wellspring, F|100\/100\n|turn|14\n|\n|t:|1700679909\n|move|p2a: Ribombee|Stun Spore|p1a: Ogerpon\n|-immune|p1a: Ogerpon\n|move|p1a: Ogerpon|Swords Dance|p1a: Ogerpon\n|-boost|p1a: Ogerpon|atk|2\n|\n|-damage|p2a: Ribombee|39\/100 tox|[from] psn\n|upkeep\n|turn|15\n|\n|t:|1700679917\n|move|p2a: Ribombee|Sticky Web|p1a: Ogerpon\n|-sidestart|p1: Chromilly|move: Sticky Web\n|move|p1a: Ogerpon|Trailblaze|p2a: Ribombee\n|-resisted|p2a: Ribombee\n|-damage|p2a: Ribombee|0 fnt\n|-boost|p1a: Ogerpon|spe|1\n|faint|p2a: Ribombee\n|\n|upkeep\n|\n|t:|1700679924\n|switch|p2a: Golisopod|Golisopod, M|100\/100\n|-status|p2a: Golisopod|psn\n|turn|16\n|\n|t:|1700679927\n|move|p2a: Golisopod|First Impression|p1a: Ogerpon\n|-supereffective|p1a: Ogerpon\n|-damage|p1a: Ogerpon|0 fnt\n|faint|p1a: Ogerpon\n|\n|-damage|p2a: Golisopod|88\/100 psn|[from] psn\n|upkeep\n|\n|t:|1700679931\n|switch|p1a: Corviknight|Corviknight, F|100\/100\n|-ability|p1a: Corviknight|Pressure\n|turn|17\n|\n|t:|1700679939\n|move|p1a: Corviknight|Defog|p2a: Golisopod\n|-unboost|p2a: Golisopod|evasion|1\n|-sideend|p2: wahrer|Toxic Spikes|[from] move: Defog|[of] p1a: Corviknight\n|-sideend|p1: Chromilly|Sticky Web|[from] move: Defog|[of] p1a: Corviknight\n|move|p2a: Golisopod|Knock Off|p1a: Corviknight\n|-damage|p1a: Corviknight|78\/100\n|-enditem|p1a: Corviknight|Leftovers|[from] move: Knock Off|[of] p2a: Golisopod\n|\n|-damage|p2a: Golisopod|76\/100 psn|[from] psn\n|upkeep\n|turn|18\n|\n|t:|1700679948\n|move|p2a: Golisopod|Aqua Jet|p1a: Corviknight\n|-damage|p1a: Corviknight|65\/100\n|move|p1a: Corviknight|Brave Bird|p2a: Golisopod\n|-supereffective|p2a: Golisopod\n|-damage|p2a: Golisopod|23\/100 psn\n|-enditem|p2a: Golisopod|Sitrus Berry|[eat]\n|-heal|p2a: Golisopod|48\/100 psn|[from] item: Sitrus Berry\n|-damage|p1a: Corviknight|50\/100|[from] Recoil\n|-activate|p2a: Golisopod|ability: Emergency Exit\n|\n|t:|1700679962\n|switch|p2a: Gliscor|Gliscor, F|40\/100 tox\n|\n|-heal|p2a: Gliscor|52\/100 tox|[from] ability: Poison Heal\n|upkeep\n|turn|19\n|\n|t:|1700679968\n|move|p2a: Gliscor|Roost|p2a: Gliscor\n|-heal|p2a: Gliscor|100\/100 tox\n|-singleturn|p2a: Gliscor|move: Roost\n|move|p1a: Corviknight|Roost|p1a: Corviknight\n|-heal|p1a: Corviknight|99\/100\n|-singleturn|p1a: Corviknight|move: Roost\n|\n|upkeep\n|turn|20\n|\n|t:|1700679981\n|switch|p2a: Togekiss|Togekiss, M|100\/100\n|move|p1a: Corviknight|Brave Bird|p2a: Togekiss\n|-damage|p2a: Togekiss|63\/100\n|-damage|p1a: Corviknight|88\/100|[from] Recoil\n|\n|-heal|p2a: Togekiss|69\/100|[from] item: Leftovers\n|upkeep\n|turn|21\n|\n|t:|1700679990\n|move|p2a: Togekiss|Flamethrower|p1a: Corviknight\n|-supereffective|p1a: Corviknight\n|-damage|p1a: Corviknight|43\/100\n|move|p1a: Corviknight|Brave Bird|p2a: Togekiss\n|-damage|p2a: Togekiss|34\/100\n|-damage|p1a: Corviknight|32\/100|[from] Recoil\n|\n|-heal|p2a: Togekiss|40\/100|[from] item: Leftovers\n|upkeep\n|turn|22\n|\n|t:|1700679999\n|move|p2a: Togekiss|Flamethrower|p1a: Corviknight\n|-supereffective|p1a: Corviknight\n|-damage|p1a: Corviknight|0 fnt\n|faint|p1a: Corviknight\n|\n|-heal|p2a: Togekiss|46\/100|[from] item: Leftovers\n|upkeep\n|\n|t:|1700680001\n|switch|p1a: Tapu Lele|Tapu Lele|60\/100\n|-fieldstart|move: Psychic Terrain|[from] ability: Psychic Surge|[of] p1a: Tapu Lele\n|turn|23\n|\n|t:|1700680009\n|move|p1a: Tapu Lele|Light Screen|p1a: Tapu Lele\n|-sidestart|p1: Chromilly|move: Light Screen\n|move|p2a: Togekiss|Air Slash|p1a: Tapu Lele\n|-damage|p1a: Tapu Lele|44\/100\n|\n|-heal|p2a: Togekiss|52\/100|[from] item: Leftovers\n|upkeep\n|turn|24\n|\n|t:|1700680015\n|move|p1a: Tapu Lele|Reflect|p1a: Tapu Lele\n|-sidestart|p1: Chromilly|Reflect\n|move|p2a: Togekiss|Air Slash|p1a: Tapu Lele\n|-damage|p1a: Tapu Lele|28\/100\n|\n|-heal|p2a: Togekiss|58\/100|[from] item: Leftovers\n|upkeep\n|turn|25\n|\n|t:|1700680020\n|move|p1a: Tapu Lele|Psychic|p2a: Togekiss\n|-damage|p2a: Togekiss|27\/100\n|move|p2a: Togekiss|Air Slash|p1a: Tapu Lele\n|-damage|p1a: Tapu Lele|13\/100\n|\n|-heal|p2a: Togekiss|33\/100|[from] item: Leftovers\n|upkeep\n|turn|26\n|\n|t:|1700680027\n|move|p1a: Tapu Lele|Psychic|p2a: Togekiss\n|-damage|p2a: Togekiss|2\/100\n|move|p2a: Togekiss|Air Slash|p1a: Tapu Lele\n|-damage|p1a: Tapu Lele|0 fnt\n|faint|p1a: Tapu Lele\n|\n|win|wahrer\n|raw|Chromilly's rating: 1373 &rarr; <strong>1347<\/strong><br \/>(-26 for losing)\n|raw|wahrer's rating: 1264 &rarr; <strong>1297<\/strong><br \/>(+33 for winning)\n|l|\u2606Chromilly\n","uploadtime":1700680038,"views":1,"p1id":"chromilly","p2id":"wahrer","formatid":"gen9nationaldex","rating":1297,"private":0,"password":""}