{"id":"gen9nationaldex-1988850818","p1":"haokunya002","p2":"cocakk","format":"[Gen 9] National Dex","log":"|j|\u2606haokunya002\n|j|\u2606cocakk\n|t:|1699773694\n|gametype|singles\n|player|p1|haokunya002|red|1589\n|player|p2|cocakk|2|1676\n|teamsize|p1|6\n|teamsize|p2|6\n|gen|9\n|tier|[Gen 9] National Dex\n|rated|\n|rule|HP Percentage Mod: HP is shown in percentages\n|rule|Endless Battle Clause: Forcing endless battles is banned\n|rule|OHKO Clause: OHKO moves are banned\n|rule|Evasion Clause: Evasion abilities, items, and moves are banned\n|rule|Evasion Abilities Clause: Evasion abilities are banned\n|rule|Evasion Items Clause: Evasion items are banned\n|rule|Evasion Moves Clause: Evasion moves are banned\n|rule|Species Clause: Limit one of each Pok\u00e9mon\n|rule|Sleep Clause Mod: Limit one foe put to sleep\n|clearpoke\n|poke|p1|Alomomola, F|\n|poke|p1|Gliscor, M|\n|poke|p1|Corviknight, F|\n|poke|p1|Chansey, F|\n|poke|p1|Toxapex, F|\n|poke|p1|Ditto|\n|poke|p2|Urshifu-*, F|\n|poke|p2|Slowbro, F|\n|poke|p2|Diancie|\n|poke|p2|Tapu Lele|\n|poke|p2|Ting-Lu|\n|poke|p2|Moltres|\n|teampreview\n|inactive|Battle timer is ON: inactive players will automatically lose when time's up. (requested by haokunya002)\n|inactive|cocakk also wants the timer to be on.\n|\n|t:|1699773704\n|start\n|switch|p1a: Corviknight|Corviknight, F|100\/100\n|switch|p2a: Slowbro|Slowbro, F|100\/100\n|-ability|p1a: Corviknight|Pressure\n|turn|1\n|\n|t:|1699773709\n|switch|p1a: Gliscor|Gliscor, M|100\/100\n|move|p2a: Slowbro|Future Sight|p1a: Gliscor\n|-start|p2a: Slowbro|move: Future Sight\n|\n|-status|p1a: Gliscor|tox|[from] item: Toxic Orb\n|upkeep\n|turn|2\n|\n|t:|1699773715\n|move|p1a: Gliscor|Toxic|p2a: Slowbro\n|-status|p2a: Slowbro|tox\n|move|p2a: Slowbro|Teleport|p2a: Slowbro\n|\n|t:|1699773717\n|switch|p2a: Urshifu|Urshifu-Rapid-Strike, F|100\/100|[from] Teleport\n|\n|upkeep\n|turn|3\n|inactive|haokunya002 has 120 seconds left.\n|\n|t:|1699773753\n|switch|p1a: Corviknight|Corviknight, F|100\/100\n|-ability|p1a: Corviknight|Pressure\n|-terastallize|p2a: Urshifu|Water\n|move|p2a: Urshifu|Surging Strikes|p1a: Corviknight\n|-crit|p1a: Corviknight\n|-damage|p1a: Corviknight|74\/100\n|-damage|p2a: Urshifu|84\/100|[from] item: Rocky Helmet|[of] p1a: Corviknight\n|-crit|p1a: Corviknight\n|-damage|p1a: Corviknight|46\/100\n|-damage|p2a: Urshifu|68\/100|[from] item: Rocky Helmet|[of] p1a: Corviknight\n|-crit|p1a: Corviknight\n|-damage|p1a: Corviknight|20\/100\n|-damage|p2a: Urshifu|51\/100|[from] item: Rocky Helmet|[of] p1a: Corviknight\n|-hitcount|p1a: Corviknight|3\n|\n|-end|p1a: Corviknight|move: Future Sight\n|-resisted|p1a: Corviknight\n|-damage|p1a: Corviknight|2\/100\n|upkeep\n|turn|4\n|inactive|haokunya002 has 120 seconds left.\n|\n|t:|1699773758\n|switch|p1a: Alomomola|Alomomola, F|100\/100\n|move|p2a: Urshifu|Surging Strikes|p1a: Alomomola\n|-resisted|p1a: Alomomola\n|-crit|p1a: Alomomola\n|-damage|p1a: Alomomola|89\/100\n|-resisted|p1a: Alomomola\n|-crit|p1a: Alomomola\n|-damage|p1a: Alomomola|78\/100\n|-resisted|p1a: Alomomola\n|-crit|p1a: Alomomola\n|-damage|p1a: Alomomola|66\/100\n|-hitcount|p1a: Alomomola|3\n|\n|upkeep\n|turn|5\n|\n|t:|1699773762\n|switch|p2a: Slowbro|Slowbro, F|100\/100 tox\n|move|p1a: Alomomola|Wish|p1a: Alomomola\n|\n|-damage|p2a: Slowbro|94\/100 tox|[from] psn\n|upkeep\n|turn|6\n|\n|t:|1699773765\n|switch|p1a: Corviknight|Corviknight, F|2\/100\n|-ability|p1a: Corviknight|Pressure\n|move|p2a: Slowbro|Scald|p1a: Corviknight\n|-damage|p1a: Corviknight|0 fnt\n|faint|p1a: Corviknight\n|\n|-damage|p2a: Slowbro|82\/100 tox|[from] psn\n|upkeep\n|inactive|haokunya002 has 120 seconds left.\n|\n|t:|1699773801\n|switch|p1a: Chansey|Chansey, F|100\/100\n|turn|7\n|\n|t:|1699773803\n|move|p1a: Chansey|Stealth Rock|p2a: Slowbro\n|-sidestart|p2: cocakk|move: Stealth Rock\n|move|p2a: Slowbro|Teleport|p2a: Slowbro\n|\n|t:|1699773810\n|switch|p2a: Moltres|Moltres|100\/100|[from] Teleport\n|\n|upkeep\n|turn|8\n|\n|t:|1699773814\n|move|p2a: Moltres|Defog|p1a: Chansey\n|-unboost|p1a: Chansey|evasion|1\n|-sideend|p2: cocakk|Stealth Rock|[from] move: Defog|[of] p2a: Moltres\n|move|p1a: Chansey|Toxic|p2a: Moltres|[miss]\n|-miss|p1a: Chansey|p2a: Moltres\n|\n|upkeep\n|turn|9\n|\n|t:|1699773818\n|switch|p2a: Urshifu|Urshifu-Rapid-Strike, F, tera:Water|51\/100\n|move|p1a: Chansey|Stealth Rock|p2a: Urshifu\n|-sidestart|p2: cocakk|move: Stealth Rock\n|\n|upkeep\n|turn|10\n|\n|t:|1699773823\n|switch|p1a: Toxapex|Toxapex, F|100\/100\n|move|p2a: Urshifu|U-turn|p1a: Toxapex\n|-resisted|p1a: Toxapex\n|-damage|p1a: Toxapex|89\/100\n|\n|t:|1699773826\n|switch|p2a: Diancie|Diancie|100\/100|[from] U-turn\n|-damage|p2a: Diancie|88\/100|[from] Stealth Rock\n|\n|upkeep\n|turn|11\n|\n|t:|1699773830\n|detailschange|p2a: Diancie|Diancie-Mega\n|-mega|p2a: Diancie|Diancie|Diancite\n|move|p2a: Diancie|Earth Power|p1a: Toxapex\n|-supereffective|p1a: Toxapex\n|-damage|p1a: Toxapex|29\/100\n|move|p1a: Toxapex|Scald|p2a: Diancie\n|-supereffective|p2a: Diancie\n|-damage|p2a: Diancie|46\/100\n|\n|upkeep\n|turn|12\n|\n|t:|1699773838\n|switch|p2a: Moltres|Moltres|100\/100\n|switch|p1a: Alomomola|Alomomola, F|99\/100\n|\n|upkeep\n|turn|13\n|\n|t:|1699773841\n|move|p2a: Moltres|Defog|p1a: Alomomola\n|-unboost|p1a: Alomomola|evasion|1\n|-sideend|p2: cocakk|Stealth Rock|[from] move: Defog|[of] p2a: Moltres\n|move|p1a: Alomomola|Wish|p1a: Alomomola\n|\n|upkeep\n|turn|14\n|\n|t:|1699773847\n|move|p2a: Moltres|U-turn|p1a: Alomomola\n|-damage|p1a: Alomomola|91\/100\n|\n|t:|1699773850\n|switch|p2a: Slowbro|Slowbro, F|100\/100 tox|[from] U-turn\n|move|p1a: Alomomola|Flip Turn|p2a: Slowbro\n|-resisted|p2a: Slowbro\n|-damage|p2a: Slowbro|96\/100 tox\n|\n|t:|1699773855\n|switch|p1a: Toxapex|Toxapex, F|63\/100|[from] Flip Turn\n|\n|-heal|p1a: Toxapex|100\/100|[from] move: Wish|[wisher] Alomomola\n|-damage|p2a: Slowbro|90\/100 tox|[from] psn\n|upkeep\n|turn|15\n|\n|t:|1699773860\n|move|p1a: Toxapex|Scald|p2a: Slowbro\n|-resisted|p2a: Slowbro\n|-damage|p2a: Slowbro|80\/100 tox\n|move|p2a: Slowbro|Future Sight|p1a: Toxapex\n|-start|p2a: Slowbro|move: Future Sight\n|\n|-damage|p2a: Slowbro|68\/100 tox|[from] psn\n|upkeep\n|turn|16\n|\n|t:|1699773863\n|move|p1a: Toxapex|Toxic|p2a: Slowbro\n|-fail|p2a: Slowbro|tox\n|move|p2a: Slowbro|Teleport|p2a: Slowbro\n|\n|t:|1699773866\n|switch|p2a: Urshifu|Urshifu-Rapid-Strike, F, tera:Water|51\/100|[from] Teleport\n|\n|upkeep\n|turn|17\n|\n|t:|1699773880\n|switch|p2a: Tapu Lele|Tapu Lele|100\/100\n|-fieldstart|move: Psychic Terrain|[from] ability: Psychic Surge|[of] p2a: Tapu Lele\n|-terastallize|p1a: Toxapex|Dragon\n|move|p1a: Toxapex|Recover||[still]\n|-fail|p1a: Toxapex|heal\n|\n|-end|p1a: Toxapex|move: Future Sight\n|-damage|p1a: Toxapex|61\/100\n|upkeep\n|turn|18\n|\n|t:|1699773895\n|switch|p2a: Slowbro|Slowbro, F|100\/100 tox\n|switch|p1a: Chansey|Chansey, F|100\/100\n|\n|-damage|p2a: Slowbro|94\/100 tox|[from] psn\n|upkeep\n|turn|19\n|\n|t:|1699773901\n|switch|p2a: Diancie|Diancie-Mega|46\/100\n|move|p1a: Chansey|Seismic Toss|p2a: Diancie\n|-damage|p2a: Diancie|4\/100\n|\n|upkeep\n|turn|20\n|\n|t:|1699773905\n|move|p2a: Diancie|Diamond Storm|p1a: Chansey\n|-damage|p1a: Chansey|67\/100\n|-boost|p2a: Diancie|def|2\n|move|p1a: Chansey|Seismic Toss|p2a: Diancie\n|-damage|p2a: Diancie|0 fnt\n|faint|p2a: Diancie\n|\n|upkeep\n|\n|t:|1699773910\n|switch|p2a: Urshifu|Urshifu-Rapid-Strike, F, tera:Water|51\/100\n|turn|21\n|inactive|haokunya002 has 120 seconds left.\n|\n|t:|1699773961\n|switch|p1a: Alomomola|Alomomola, F|100\/100\n|move|p2a: Urshifu|Close Combat|p1a: Alomomola\n|-damage|p1a: Alomomola|45\/100\n|-unboost|p2a: Urshifu|def|1\n|-unboost|p2a: Urshifu|spd|1\n|\n|-fieldend|move: Psychic Terrain\n|upkeep\n|turn|22\n|\n|t:|1699773966\n|move|p1a: Alomomola|Protect|p1a: Alomomola\n|-singleturn|p1a: Alomomola|Protect\n|move|p2a: Urshifu|Close Combat|p1a: Alomomola\n|-damage|p1a: Alomomola|0 fnt\n|-unboost|p2a: Urshifu|def|1\n|-unboost|p2a: Urshifu|spd|1\n|faint|p1a: Alomomola\n|\n|upkeep\n|\n|t:|1699773973\n|switch|p1a: Gliscor|Gliscor, M|100\/100 tox\n|turn|23\n|\n|t:|1699773977\n|switch|p2a: Slowbro|Slowbro, F|100\/100 tox\n|move|p1a: Gliscor|Spikes|p2a: Slowbro\n|-sidestart|p2: cocakk|Spikes\n|\n|-damage|p2a: Slowbro|94\/100 tox|[from] psn\n|upkeep\n|turn|24\n|\n|t:|1699773981\n|switch|p1a: Chansey|Chansey, F|67\/100\n|move|p2a: Slowbro|Teleport|p2a: Slowbro\n|-message|haokunya002 forfeited.\n|\n|win|cocakk\n|raw|haokunya002's rating: 1589 &rarr; <strong>1574<\/strong><br \/>(-15 for losing)\n|raw|cocakk's rating: 1676 &rarr; <strong>1691<\/strong><br \/>(+15 for winning)\n|l|\u2606haokunya002\n","uploadtime":1699773986,"views":4,"p1id":"haokunya002","p2id":"cocakk","formatid":"gen9nationaldex","rating":1574,"private":0,"password":""}