{"id":"gen9nationaldex-1993990630","p1":"qkfybujin","p2":"zzhc","format":"[Gen 9] National Dex","log":"|j|\u203dqkfybujin\n|j|\u2606zzhc\n|t:|1700389400\n|gametype|singles\n|player|p1|qkfybujin|170|1287\n|player|p2|zzhc|170|1254\n|teamsize|p1|6\n|teamsize|p2|6\n|gen|9\n|tier|[Gen 9] National Dex\n|rated|\n|rule|HP Percentage Mod: HP is shown in percentages\n|rule|Endless Battle Clause: Forcing endless battles is banned\n|rule|OHKO Clause: OHKO moves are banned\n|rule|Evasion Clause: Evasion abilities, items, and moves are banned\n|rule|Evasion Abilities Clause: Evasion abilities are banned\n|rule|Evasion Items Clause: Evasion items are banned\n|rule|Evasion Moves Clause: Evasion moves are banned\n|rule|Species Clause: Limit one of each Pok\u00e9mon\n|rule|Sleep Clause Mod: Limit one foe put to sleep\n|clearpoke\n|poke|p1|Pachirisu, F|\n|poke|p1|Mamoswine, M|\n|poke|p1|Kommo-o, M|\n|poke|p1|Cetitan, M|\n|poke|p1|Camerupt, M|\n|poke|p1|Gothitelle, M|\n|poke|p2|Landorus-Therian, M|\n|poke|p2|Ogerpon-Wellspring, F|\n|poke|p2|Clodsire, M|\n|poke|p2|Great Tusk|\n|poke|p2|Lopunny, F|\n|poke|p2|Zapdos|\n|teampreview\n|inactive|Battle timer is ON: inactive players will automatically lose when time's up. (requested by zzhc)\n|\n|t:|1700389419\n|start\n|switch|p1a: Cetitan|Cetitan, M, shiny|100\/100\n|switch|p2a: Lopunny|Lopunny, F|100\/100\n|turn|1\n|\n|t:|1700389428\n|switch|p1a: Gothitelle|Gothitelle, M|100\/100\n|detailschange|p2a: Lopunny|Lopunny-Mega, F\n|-mega|p2a: Lopunny|Lopunny|Lopunnite\n|move|p2a: Lopunny|Fake Out|p1a: Gothitelle\n|-damage|p1a: Gothitelle|84\/100\n|\n|-heal|p1a: Gothitelle|90\/100|[from] item: Leftovers\n|upkeep\n|turn|2\n|\n|t:|1700389439\n|switch|p2a: Zapdos|Zapdos|100\/100\n|switch|p1a: Camerupt|Camerupt, M, shiny|100\/100\n|\n|upkeep\n|turn|3\n|\n|t:|1700389446\n|switch|p2a: Landorus|Landorus-Therian, M|100\/100\n|-ability|p2a: Landorus|Intimidate|boost\n|-unboost|p1a: Camerupt|atk|1\n|detailschange|p1a: Camerupt|Camerupt-Mega, M, shiny\n|-mega|p1a: Camerupt|Camerupt|Cameruptite\n|move|p1a: Camerupt|Hidden Power|p2a: Landorus\n|-supereffective|p2a: Landorus\n|-damage|p2a: Landorus|0 fnt\n|faint|p2a: Landorus\n|\n|upkeep\n|\n|t:|1700389455\n|switch|p2a: Ogerpon|Ogerpon-Wellspring, F|100\/100\n|turn|4\n|\n|t:|1700389463\n|switch|p1a: Pachirisu|Pachirisu, F|100\/100\n|move|p2a: Ogerpon|Swords Dance|p2a: Ogerpon\n|-boost|p2a: Ogerpon|atk|2\n|\n|upkeep\n|turn|5\n|\n|t:|1700389469\n|move|p2a: Ogerpon|Spiky Shield|p2a: Ogerpon\n|-singleturn|p2a: Ogerpon|move: Protect\n|move|p1a: Pachirisu|Nuzzle|p2a: Ogerpon\n|-activate|p2a: Ogerpon|move: Protect\n|-damage|p1a: Pachirisu|88\/100|[from] Spiky Shield|[of] p2a: Ogerpon\n|\n|-heal|p1a: Pachirisu|94\/100|[from] item: Leftovers\n|upkeep\n|turn|6\n|\n|t:|1700389489\n|-terastallize|p2a: Ogerpon|Water\n|detailschange|p2a: Ogerpon|Ogerpon-Wellspring-Tera, F, tera:Water\n|-ability|p2a: Ogerpon|Embody Aspect (Wellspring)|boost\n|-boost|p2a: Ogerpon|spd|1\n|move|p2a: Ogerpon|Ivy Cudgel|p1a: Pachirisu|[anim] Ivy Cudgel Water\n|-damage|p1a: Pachirisu|0 fnt\n|faint|p1a: Pachirisu\n|\n|upkeep\n|\n|t:|1700389515\n|switch|p1a: Gothitelle|Gothitelle, M|90\/100\n|turn|7\n|\n|t:|1700389521\n|move|p2a: Ogerpon|Ivy Cudgel|p1a: Gothitelle|[anim] Ivy Cudgel Water\n|-damage|p1a: Gothitelle|0 fnt\n|faint|p1a: Gothitelle\n|\n|upkeep\n|\n|t:|1700389523\n|switch|p1a: Kommo-o|Kommo-o, M|100\/100\n|turn|8\n|\n|t:|1700389534\n|move|p2a: Ogerpon|Spiky Shield|p2a: Ogerpon\n|-singleturn|p2a: Ogerpon|move: Protect\n|move|p1a: Kommo-o|Drain Punch|p2a: Ogerpon\n|-activate|p2a: Ogerpon|move: Protect\n|-damage|p1a: Kommo-o|88\/100|[from] Spiky Shield|[of] p2a: Ogerpon\n|\n|-heal|p1a: Kommo-o|94\/100|[from] item: Leftovers\n|upkeep\n|turn|9\n|\n|t:|1700389551\n|switch|p2a: Clodsire|Clodsire, M|100\/100\n|move|p1a: Kommo-o|Drain Punch|p2a: Clodsire\n|-resisted|p2a: Clodsire\n|-damage|p2a: Clodsire|85\/100\n|-heal|p1a: Kommo-o|100\/100|[from] drain|[of] p2a: Clodsire\n|\n|-heal|p2a: Clodsire|92\/100|[from] item: Leftovers\n|upkeep\n|turn|10\n|\n|t:|1700389562\n|-terastallize|p1a: Kommo-o|Steel\n|move|p1a: Kommo-o|Clangorous Soul|p1a: Kommo-o\n|-boost|p1a: Kommo-o|atk|1\n|-boost|p1a: Kommo-o|def|1\n|-boost|p1a: Kommo-o|spa|1\n|-boost|p1a: Kommo-o|spd|1\n|-boost|p1a: Kommo-o|spe|1\n|-damage|p1a: Kommo-o|68\/100\n|move|p2a: Clodsire|Toxic|p1a: Kommo-o\n|-immune|p1a: Kommo-o\n|\n|-heal|p1a: Kommo-o|74\/100|[from] item: Leftovers\n|-heal|p2a: Clodsire|98\/100|[from] item: Leftovers\n|upkeep\n|turn|11\n|\n|t:|1700389570\n|move|p1a: Kommo-o|Earthquake|p2a: Clodsire\n|-supereffective|p2a: Clodsire\n|-damage|p2a: Clodsire|47\/100\n|move|p2a: Clodsire|Yawn|p1a: Kommo-o\n|-start|p1a: Kommo-o|move: Yawn|[of] p2a: Clodsire\n|\n|-heal|p1a: Kommo-o|80\/100|[from] item: Leftovers\n|-heal|p2a: Clodsire|53\/100|[from] item: Leftovers\n|upkeep\n|turn|12\n|\n|t:|1700389575\n|move|p1a: Kommo-o|Clangorous Soul|p1a: Kommo-o\n|-boost|p1a: Kommo-o|atk|1\n|-boost|p1a: Kommo-o|def|1\n|-boost|p1a: Kommo-o|spa|1\n|-boost|p1a: Kommo-o|spd|1\n|-boost|p1a: Kommo-o|spe|1\n|-damage|p1a: Kommo-o|47\/100\n|move|p2a: Clodsire|Recover|p2a: Clodsire\n|-heal|p2a: Clodsire|100\/100\n|\n|-heal|p1a: Kommo-o|53\/100|[from] item: Leftovers\n|-end|p1a: Kommo-o|move: Yawn|[silent]\n|-status|p1a: Kommo-o|slp\n|upkeep\n|turn|13\n|\n|t:|1700389591\n|switch|p1a: Cetitan|Cetitan, M, shiny|100\/100\n|switch|p2a: Lopunny|Lopunny-Mega, F|100\/100\n|\n|upkeep\n|turn|14\n|\n|t:|1700389596\n|switch|p1a: Camerupt|Camerupt-Mega, M, shiny|100\/100\n|move|p2a: Lopunny|Close Combat|p1a: Camerupt\n|-damage|p1a: Camerupt|36\/100\n|-unboost|p2a: Lopunny|def|1\n|-unboost|p2a: Lopunny|spd|1\n|\n|upkeep\n|turn|15\n|\n|t:|1700389606\n|move|p2a: Lopunny|Close Combat|p1a: Camerupt\n|-damage|p1a: Camerupt|0 fnt\n|-unboost|p2a: Lopunny|def|1\n|-unboost|p2a: Lopunny|spd|1\n|faint|p1a: Camerupt\n|\n|upkeep\n|\n|t:|1700389610\n|switch|p1a: Mamoswine|Mamoswine, M|100\/100\n|turn|16\n|\n|t:|1700389622\n|switch|p2a: Great Tusk|Great Tusk|100\/100\n|move|p1a: Mamoswine|Earthquake|p2a: Great Tusk\n|-damage|p2a: Great Tusk|63\/100\n|\n|upkeep\n|turn|17\n|\n|t:|1700389631\n|switch|p1a: Kommo-o|Kommo-o, M, tera:Steel|53\/100 slp\n|move|p2a: Great Tusk|Headlong Rush|p1a: Kommo-o\n|-supereffective|p1a: Kommo-o\n|-damage|p1a: Kommo-o|0 fnt\n|-unboost|p2a: Great Tusk|def|1\n|-unboost|p2a: Great Tusk|spd|1\n|faint|p1a: Kommo-o\n|\n|upkeep\n|\n|t:|1700389636\n|switch|p1a: Cetitan|Cetitan, M, shiny|100\/100\n|turn|18\n|\n|t:|1700389638\n|move|p1a: Cetitan|Ice Shard|p2a: Great Tusk\n|-supereffective|p2a: Great Tusk\n|-crit|p2a: Great Tusk\n|-damage|p2a: Great Tusk|0 fnt\n|faint|p2a: Great Tusk\n|-end|p2a: Great Tusk|Protosynthesis|[silent]\n|\n|upkeep\n|\n|t:|1700389644\n|switch|p2a: Lopunny|Lopunny-Mega, F|100\/100\n|turn|19\n|\n|t:|1700389648\n|move|p2a: Lopunny|Close Combat|p1a: Cetitan\n|-supereffective|p1a: Cetitan\n|-damage|p1a: Cetitan|0 fnt\n|-unboost|p2a: Lopunny|def|1\n|-unboost|p2a: Lopunny|spd|1\n|faint|p1a: Cetitan\n|\n|upkeep\n|-message|qkfybujin forfeited.\n|\n|win|zzhc\n|raw|qkfybujin's rating: 1287 &rarr; <strong>1260<\/strong><br \/>(-27 for losing)\n|raw|zzhc's rating: 1254 &rarr; <strong>1281<\/strong><br \/>(+27 for winning)\n|l|\u203dqkfybujin\n","uploadtime":1700389657,"views":13,"p1id":"qkfybujin","p2id":"zzhc","formatid":"gen9nationaldex","rating":1260,"private":0,"password":""}