{"id":"gen9nationaldex-1998793008","p1":"yourlocalchicken","p2":"CanTotallyDunk","format":"[Gen 9] National Dex","log":"|html|<div class=\"broadcast-blue\"><strong>[Gen 9] National Dex is currently suspecting Sneasler! For information on how to participate check out the <a href=\"https:\/\/www.smogon.com\/forums\/threads\/sv-national-dex-suspect-8-just-dance.3731534\/\">suspect thread<\/a>.<\/strong><\/div>\n|j|\u2606yourlocalchicken\n|j|\u2606CanTotallyDunk\n|t:|1700992034\n|gametype|singles\n|player|p1|yourlocalchicken|265|1057\n|player|p2|CanTotallyDunk|pokemonranger-gen4|1033\n|teamsize|p1|6\n|teamsize|p2|6\n|gen|9\n|tier|[Gen 9] National Dex\n|rated|\n|rule|HP Percentage Mod: HP is shown in percentages\n|rule|Endless Battle Clause: Forcing endless battles is banned\n|rule|OHKO Clause: OHKO moves are banned\n|rule|Evasion Clause: Evasion abilities, items, and moves are banned\n|rule|Evasion Abilities Clause: Evasion abilities are banned\n|rule|Evasion Items Clause: Evasion items are banned\n|rule|Evasion Moves Clause: Evasion moves are banned\n|rule|Species Clause: Limit one of each Pok\u00e9mon\n|rule|Sleep Clause Mod: Limit one foe put to sleep\n|clearpoke\n|poke|p1|Electrode|\n|poke|p1|Cloyster, M|\n|poke|p1|Ferrothorn, F|\n|poke|p1|Alomomola, F|\n|poke|p1|Claydol|\n|poke|p1|Scizor, M|\n|poke|p2|Kingdra, F|\n|poke|p2|Zeraora|\n|poke|p2|Cofagrigus, F|\n|poke|p2|Gallade, M|\n|poke|p2|Milotic, F|\n|poke|p2|Delibird, M|\n|teampreview\n|\n|t:|1700992046\n|start\n|switch|p1a: Mr. Clammy|Cloyster, M, shiny|100\/100\n|switch|p2a: Hades|Cofagrigus, F|100\/100\n|turn|1\n|\n|t:|1700992054\n|move|p1a: Mr. Clammy|Shell Smash|p1a: Mr. Clammy\n|-unboost|p1a: Mr. Clammy|def|1\n|-unboost|p1a: Mr. Clammy|spd|1\n|-boost|p1a: Mr. Clammy|atk|2\n|-boost|p1a: Mr. Clammy|spa|2\n|-boost|p1a: Mr. Clammy|spe|2\n|move|p2a: Hades|Trick|p1a: Mr. Clammy\n|-activate|p2a: Hades|move: Trick|[of] p1a: Mr. Clammy\n|-item|p1a: Mr. Clammy|Choice Scarf|[from] move: Trick\n|-item|p2a: Hades|Focus Sash|[from] move: Trick\n|\n|upkeep\n|turn|2\n|\n|t:|1700992066\n|move|p1a: Mr. Clammy|Icicle Spear|p2a: Hades\n|-damage|p2a: Hades|81\/100\n|-damage|p2a: Hades|61\/100\n|-damage|p2a: Hades|42\/100\n|-damage|p2a: Hades|23\/100\n|-damage|p2a: Hades|3\/100\n|-hitcount|p2a: Hades|5\n|move|p2a: Hades|Curse|p1a: Mr. Clammy\n|-start|p1a: Mr. Clammy|Curse|[of] p2a: Hades\n|-damage|p2a: Hades|0 fnt\n|faint|p2a: Hades\n|\n|-damage|p1a: Mr. Clammy|76\/100|[from] Curse\n|upkeep\n|\n|t:|1700992083\n|switch|p2a: Aphrodite|Milotic, F|100\/100\n|turn|3\n|c|\u2606yourlocalchicken|thanks hades\n|\n|t:|1700992091\n|move|p1a: Mr. Clammy|Icicle Spear|p2a: Aphrodite\n|-resisted|p2a: Aphrodite\n|-damage|p2a: Aphrodite|91\/100\n|-resisted|p2a: Aphrodite\n|-damage|p2a: Aphrodite|80\/100\n|-resisted|p2a: Aphrodite\n|-damage|p2a: Aphrodite|70\/100\n|-resisted|p2a: Aphrodite\n|-crit|p2a: Aphrodite\n|-damage|p2a: Aphrodite|54\/100\n|-resisted|p2a: Aphrodite\n|-damage|p2a: Aphrodite|45\/100\n|-hitcount|p2a: Aphrodite|5\n|move|p2a: Aphrodite|Light Screen|p2a: Aphrodite\n|-sidestart|p2: CanTotallyDunk|move: Light Screen\n|\n|-damage|p1a: Mr. Clammy|51\/100|[from] Curse\n|upkeep\n|turn|4\n|c|\u2606yourlocalchicken|im guessing all the names are greek gods?\n|\n|t:|1700992109\n|move|p1a: Mr. Clammy|Icicle Spear|p2a: Aphrodite\n|-resisted|p2a: Aphrodite\n|-damage|p2a: Aphrodite|34\/100\n|-resisted|p2a: Aphrodite\n|-damage|p2a: Aphrodite|23\/100\n|-resisted|p2a: Aphrodite\n|-damage|p2a: Aphrodite|14\/100\n|-resisted|p2a: Aphrodite\n|-damage|p2a: Aphrodite|4\/100\n|-resisted|p2a: Aphrodite\n|-damage|p2a: Aphrodite|0 fnt\n|faint|p2a: Aphrodite\n|-hitcount|p2: Aphrodite|5\n|\n|-damage|p1a: Mr. Clammy|26\/100|[from] Curse\n|upkeep\n|c|\u2606CanTotallyDunk|ya yur\n|c|\u2606yourlocalchicken|thats very cool\n|\n|t:|1700992122\n|switch|p2a: Hermes|Delibird, M, shiny|100\/100\n|turn|5\n|\n|t:|1700992128\n|move|p1a: Mr. Clammy|Icicle Spear|p2a: Hermes\n|-damage|p2a: Hermes|60\/100\n|-damage|p2a: Hermes|17\/100\n|-damage|p2a: Hermes|0 fnt\n|faint|p2a: Hermes\n|-hitcount|p2: Hermes|3\n|\n|-damage|p1a: Mr. Clammy|1\/100|[from] Curse\n|upkeep\n|\n|t:|1700992138\n|switch|p2a: Ares|Gallade, M, shiny|100\/100\n|turn|6\n|\n|t:|1700992143\n|detailschange|p2a: Ares|Gallade-Mega, M, shiny\n|-mega|p2a: Ares|Gallade|Galladite\n|move|p1a: Mr. Clammy|Icicle Spear|p2a: Ares\n|-damage|p2a: Ares|69\/100\n|-damage|p2a: Ares|42\/100\n|-crit|p2a: Ares\n|-damage|p2a: Ares|0 fnt\n|faint|p2a: Ares\n|-hitcount|p2: Ares|3\n|\n|-damage|p1a: Mr. Clammy|0 fnt|[from] Curse\n|faint|p1a: Mr. Clammy\n|upkeep\n|c|\u2606yourlocalchicken|i thought the zeraora would be hermes\n|\n|t:|1700992158\n|switch|p2a: Poseidon|Kingdra, F|100\/100\n|switch|p1a: Parallelogram|Electrode, shiny|100\/100\n|turn|7\n|c|\u2606yourlocalchicken|cuz hes fast yknow?\n|\n|t:|1700992172\n|move|p1a: Parallelogram|Thunderbolt|p2a: Poseidon\n|-damage|p2a: Poseidon|80\/100\n|move|p2a: Poseidon|Ice Beam|p1a: Parallelogram\n|-damage|p1a: Parallelogram|60\/100\n|\n|upkeep\n|turn|8\n|c|\u2606CanTotallyDunk|god of delivery had to be delibird\n|\n|t:|1700992188\n|-terastallize|p1a: Parallelogram|Electric\n|move|p1a: Parallelogram|Thunderbolt|p2a: Poseidon\n|-damage|p2a: Poseidon|52\/100\n|move|p2a: Poseidon|Ice Beam|p1a: Parallelogram\n|-damage|p1a: Parallelogram|14\/100\n|\n|upkeep\n|turn|9\n|\n|t:|1700992199\n|switch|p1a: Big guy|Scizor, M|100\/100\n|move|p2a: Poseidon|Ice Beam|p1a: Big guy\n|-resisted|p1a: Big guy\n|-damage|p1a: Big guy|84\/100\n|\n|upkeep\n|turn|10\n|\n|t:|1700992211\n|move|p2a: Poseidon|Surf|p1a: Big guy\n|-damage|p1a: Big guy|32\/100\n|move|p1a: Big guy|Aerial Ace|p2a: Poseidon\n|-damage|p2a: Poseidon|12\/100\n|\n|-sideend|p2: CanTotallyDunk|move: Light Screen\n|upkeep\n|turn|11\n|\n|t:|1700992219\n|move|p1a: Big guy|Bullet Punch|p2a: Poseidon\n|-resisted|p2a: Poseidon\n|-damage|p2a: Poseidon|0 fnt\n|faint|p2a: Poseidon\n|\n|upkeep\n|\n|t:|1700992224\n|switch|p2a: Zeus|Zeraora, shiny|100\/100\n|turn|12\n|\n|t:|1700992229\n|move|p1a: Big guy|Bullet Punch|p2a: Zeus\n|-resisted|p2a: Zeus\n|-damage|p2a: Zeus|77\/100\n|move|p2a: Zeus|Blaze Kick|p1a: Big guy|[miss]\n|-miss|p2a: Zeus|p1a: Big guy\n|\n|upkeep\n|turn|13\n|c|\u2606CanTotallyDunk|-_-\n|\n|t:|1700992239\n|move|p1a: Big guy|Bullet Punch|p2a: Zeus\n|-resisted|p2a: Zeus\n|-damage|p2a: Zeus|55\/100\n|move|p2a: Zeus|Blaze Kick|p1a: Big guy\n|-supereffective|p1a: Big guy\n|-damage|p1a: Big guy|0 fnt\n|faint|p1a: Big guy\n|\n|upkeep\n|\n|t:|1700992247\n|switch|p1a: Moai emoji|Claydol, shiny|100\/100\n|turn|14\n|\n|t:|1700992254\n|move|p2a: Zeus|Power-Up Punch|p1a: Moai emoji\n|-resisted|p1a: Moai emoji\n|-damage|p1a: Moai emoji|94\/100\n|-boost|p2a: Zeus|atk|1\n|move|p1a: Moai emoji|Earthquake|p2a: Zeus\n|-supereffective|p2a: Zeus\n|-damage|p2a: Zeus|0 fnt\n|faint|p2a: Zeus\n|\n|win|yourlocalchicken\n|raw|yourlocalchicken's rating: 1057 &rarr; <strong>1086<\/strong><br \/>(+29 for winning)\n|raw|CanTotallyDunk's rating: 1033 &rarr; <strong>1019<\/strong><br \/>(-14 for losing)\n|c|\u2606yourlocalchicken|gg\n|c|\u2606CanTotallyDunk|gg\n|l|\u2606CanTotallyDunk\n","uploadtime":1700992283,"views":4,"p1id":"yourlocalchicken","p2id":"cantotallydunk","formatid":"gen9nationaldex","rating":1019,"private":0,"password":""}