{"id":"gen9nationaldex-1998232334","p1":"Blake-Mamba","p2":"yikiru233","format":"[Gen 9] National Dex","log":"|html|<div class=\"broadcast-blue\"><strong>[Gen 9] National Dex is currently suspecting Sneasler! For information on how to participate check out the <a href=\"https:\/\/www.smogon.com\/forums\/threads\/sv-national-dex-suspect-8-just-dance.3731534\/\">suspect thread<\/a>.<\/strong><\/div>\n|j|\u2606Blake-Mamba\n|j|\u2606yikiru233\n|t:|1700916986\n|gametype|singles\n|player|p1|Blake-Mamba|juan|1124\n|player|p2|yikiru233|smasher|1181\n|teamsize|p1|6\n|teamsize|p2|6\n|gen|9\n|tier|[Gen 9] National Dex\n|rated|\n|rule|HP Percentage Mod: HP is shown in percentages\n|rule|Endless Battle Clause: Forcing endless battles is banned\n|rule|OHKO Clause: OHKO moves are banned\n|rule|Evasion Clause: Evasion abilities, items, and moves are banned\n|rule|Evasion Abilities Clause: Evasion abilities are banned\n|rule|Evasion Items Clause: Evasion items are banned\n|rule|Evasion Moves Clause: Evasion moves are banned\n|rule|Species Clause: Limit one of each Pok\u00e9mon\n|rule|Sleep Clause Mod: Limit one foe put to sleep\n|clearpoke\n|poke|p1|Tyrantrum, M|\n|poke|p1|Aurorus, F|\n|poke|p1|Omastar, F|\n|poke|p1|Aerodactyl, F|\n|poke|p1|Rampardos, F|\n|poke|p1|Cradily, F|\n|poke|p2|Dragonite, M|\n|poke|p2|Ursaluna, F|\n|poke|p2|Tapu Koko|\n|poke|p2|Garchomp, M|\n|poke|p2|Hoopa-Unbound|\n|poke|p2|Moltres|\n|teampreview\n|inactive|Battle timer is ON: inactive players will automatically lose when time's up. (requested by yikiru233)\n|\n|t:|1700916996\n|start\n|switch|p1a: Lord Helix|Omastar, F|100\/100\n|switch|p2a: Garchomp|Garchomp, M|100\/100\n|turn|1\n|\n|t:|1700917008\n|switch|p2a: Hoopa|Hoopa-Unbound|100\/100\n|move|p1a: Lord Helix|Shell Smash|p1a: Lord Helix\n|-unboost|p1a: Lord Helix|def|1\n|-unboost|p1a: Lord Helix|spd|1\n|-boost|p1a: Lord Helix|atk|2\n|-boost|p1a: Lord Helix|spa|2\n|-boost|p1a: Lord Helix|spe|2\n|\n|upkeep\n|turn|2\n|\n|t:|1700917021\n|move|p1a: Lord Helix|Surf|p2a: Hoopa\n|-damage|p2a: Hoopa|10\/100\n|-zpower|p2a: Hoopa\n|move|p2a: Hoopa|All-Out Pummeling|p1a: Lord Helix|[zeffect]\n|-supereffective|p1a: Lord Helix\n|-enditem|p1a: Lord Helix|Focus Sash\n|-damage|p1a: Lord Helix|1\/100\n|\n|upkeep\n|turn|3\n|\n|t:|1700917032\n|switch|p2a: Dragonite|Dragonite, M|100\/100\n|move|p1a: Lord Helix|Ancient Power|p2a: Dragonite\n|-supereffective|p2a: Dragonite\n|-damage|p2a: Dragonite|33\/100\n|\n|upkeep\n|turn|4\n|\n|t:|1700917039\n|switch|p1a: Bud Might|Cradily, F|100\/100\n|move|p2a: Dragonite|Extreme Speed|p1a: Bud Might\n|-resisted|p1a: Bud Might\n|-damage|p1a: Bud Might|84\/100\n|-damage|p2a: Dragonite|16\/100|[from] item: Rocky Helmet|[of] p1a: Bud Might\n|\n|upkeep\n|turn|5\n|\n|t:|1700917059\n|switch|p2a: Ursaluna|Ursaluna, F|100\/100\n|move|p1a: Bud Might|Leech Seed|p2a: Ursaluna\n|-start|p2a: Ursaluna|move: Leech Seed\n|\n|-damage|p2a: Ursaluna|88\/100|[from] Leech Seed|[of] p1a: Bud Might\n|-heal|p1a: Bud Might|98\/100|[silent]\n|upkeep\n|turn|6\n|\n|t:|1700917068\n|-terastallize|p2a: Ursaluna|Ghost\n|move|p2a: Ursaluna|Headlong Rush|p1a: Bud Might\n|-damage|p1a: Bud Might|47\/100\n|-unboost|p2a: Ursaluna|def|1\n|-unboost|p2a: Ursaluna|spd|1\n|-damage|p2a: Ursaluna|71\/100|[from] item: Rocky Helmet|[of] p1a: Bud Might\n|move|p1a: Bud Might|Giga Drain|p2a: Ursaluna\n|-damage|p2a: Ursaluna|52\/100\n|-heal|p1a: Bud Might|58\/100|[from] drain|[of] p2a: Ursaluna\n|\n|-damage|p2a: Ursaluna|40\/100|[from] Leech Seed|[of] p1a: Bud Might\n|-heal|p1a: Bud Might|72\/100|[silent]\n|upkeep\n|turn|7\n|\n|t:|1700917086\n|move|p2a: Ursaluna|Headlong Rush|p1a: Bud Might\n|-damage|p1a: Bud Might|20\/100\n|-unboost|p2a: Ursaluna|def|1\n|-unboost|p2a: Ursaluna|spd|1\n|-damage|p2a: Ursaluna|23\/100|[from] item: Rocky Helmet|[of] p1a: Bud Might\n|move|p1a: Bud Might|Recover|p1a: Bud Might\n|-heal|p1a: Bud Might|70\/100\n|\n|-damage|p2a: Ursaluna|11\/100|[from] Leech Seed|[of] p1a: Bud Might\n|-heal|p1a: Bud Might|85\/100|[silent]\n|upkeep\n|turn|8\n|\n|t:|1700917097\n|move|p2a: Ursaluna|Headlong Rush|p1a: Bud Might\n|-damage|p1a: Bud Might|34\/100\n|-unboost|p2a: Ursaluna|def|1\n|-unboost|p2a: Ursaluna|spd|1\n|-damage|p2a: Ursaluna|0 fnt|[from] item: Rocky Helmet|[of] p1a: Bud Might\n|faint|p2a: Ursaluna\n|move|p1a: Bud Might|Leech Seed|p2: Ursaluna|[notarget]\n|-fail|p1a: Bud Might\n|\n|upkeep\n|\n|t:|1700917104\n|switch|p2a: Hoopa|Hoopa-Unbound|10\/100\n|turn|9\n|\n|t:|1700917109\n|move|p2a: Hoopa|Focus Blast|p1a: Bud Might\n|-supereffective|p1a: Bud Might\n|-damage|p1a: Bud Might|0 fnt\n|faint|p1a: Bud Might\n|\n|upkeep\n|\n|t:|1700917114\n|switch|p1a: Give me BraveBird|Aerodactyl, F, shiny|100\/100\n|-ability|p1a: Give me BraveBird|Unnerve\n|turn|10\n|\n|t:|1700917128\n|switch|p2a: Dragonite|Dragonite, M|16\/100\n|move|p1a: Give me BraveBird|Hone Claws|p1a: Give me BraveBird\n|-boost|p1a: Give me BraveBird|atk|1\n|-boost|p1a: Give me BraveBird|accuracy|1\n|\n|upkeep\n|turn|11\n|\n|t:|1700917136\n|detailschange|p1a: Give me BraveBird|Aerodactyl-Mega, F, shiny\n|-mega|p1a: Give me BraveBird|Aerodactyl|Aerodactylite\n|move|p2a: Dragonite|Extreme Speed|p1a: Give me BraveBird\n|-resisted|p1a: Give me BraveBird\n|-damage|p1a: Give me BraveBird|71\/100\n|move|p1a: Give me BraveBird|Stone Edge|p2a: Dragonite\n|-supereffective|p2a: Dragonite\n|-damage|p2a: Dragonite|0 fnt\n|faint|p2a: Dragonite\n|\n|upkeep\n|\n|t:|1700917148\n|switch|p2a: Garchomp|Garchomp, M|100\/100\n|turn|12\n|\n|t:|1700917155\n|move|p2a: Garchomp|Iron Head|p1a: Give me BraveBird\n|-supereffective|p1a: Give me BraveBird\n|-damage|p1a: Give me BraveBird|0 fnt\n|faint|p1a: Give me BraveBird\n|\n|upkeep\n|\n|t:|1700917166\n|switch|p1a: Gishath|Tyrantrum, M|100\/100\n|-item|p1a: Gishath|Air Balloon\n|turn|13\n|\n|t:|1700917173\n|move|p2a: Garchomp|Iron Head|p1a: Gishath\n|-supereffective|p1a: Gishath\n|-damage|p1a: Gishath|49\/100\n|-enditem|p1a: Gishath|Air Balloon\n|move|p1a: Gishath|Outrage|p2a: Garchomp\n|-supereffective|p2a: Garchomp\n|-damage|p2a: Garchomp|0 fnt\n|-damage|p1a: Gishath|36\/100|[from] ability: Rough Skin|[of] p2a: Garchomp\n|faint|p2a: Garchomp\n|\n|upkeep\n|\n|t:|1700917191\n|switch|p2a: Tapu Koko|Tapu Koko|100\/100\n|-fieldstart|move: Electric Terrain|[from] ability: Electric Surge|[of] p2a: Tapu Koko\n|turn|14\n|\n|t:|1700917201\n|move|p2a: Tapu Koko|Thunderbolt|p1a: Gishath\n|-resisted|p1a: Gishath\n|-damage|p1a: Gishath|0 fnt\n|faint|p1a: Gishath\n|\n|upkeep\n|\n|t:|1700917206\n|switch|p1a: Little Foot|Aurorus, F|100\/100\n|-weather|Snow|[from] ability: Snow Warning|[of] p1a: Little Foot\n|turn|15\n|\n|t:|1700917211\n|-terastallize|p1a: Little Foot|Ground\n|move|p2a: Tapu Koko|Thunderbolt|p1a: Little Foot\n|-immune|p1a: Little Foot\n|move|p1a: Little Foot|Rock Polish|p1a: Little Foot\n|-boost|p1a: Little Foot|spe|2\n|\n|-weather|Snow|[upkeep]\n|upkeep\n|turn|16\n|\n|t:|1700917220\n|switch|p2a: Moltres|Moltres|100\/100\n|move|p1a: Little Foot|Earth Power|p2a: Moltres\n|-immune|p2a: Moltres\n|\n|-weather|Snow|[upkeep]\n|upkeep\n|turn|17\n|\n|t:|1700917227\n|move|p1a: Little Foot|Meteor Beam||[still]\n|-prepare|p1a: Little Foot|Meteor Beam\n|-boost|p1a: Little Foot|spa|1\n|-enditem|p1a: Little Foot|Power Herb\n|-anim|p1a: Little Foot|Meteor Beam|p2a: Moltres\n|-supereffective|p2a: Moltres\n|-damage|p2a: Moltres|0 fnt\n|faint|p2a: Moltres\n|\n|-weather|Snow|[upkeep]\n|upkeep\n|\n|t:|1700917241\n|switch|p2a: Tapu Koko|Tapu Koko|100\/100\n|turn|18\n|\n|t:|1700917244\n|move|p1a: Little Foot|Earth Power|p2a: Tapu Koko\n|-supereffective|p2a: Tapu Koko\n|-damage|p2a: Tapu Koko|0 fnt\n|faint|p2a: Tapu Koko\n|\n|-weather|Snow|[upkeep]\n|-fieldend|move: Electric Terrain\n|upkeep\n|\n|t:|1700917248\n|switch|p2a: Hoopa|Hoopa-Unbound|10\/100\n|turn|19\n|\n|t:|1700917253\n|move|p1a: Little Foot|Blizzard|p2a: Hoopa\n|-damage|p2a: Hoopa|0 fnt\n|faint|p2a: Hoopa\n|\n|win|Blake-Mamba\n|raw|Blake-Mamba's rating: 1124 &rarr; <strong>1153<\/strong><br \/>(+29 for winning)\n|raw|yikiru233's rating: 1181 &rarr; <strong>1152<\/strong><br \/>(-29 for losing)\n|c|\u2606Blake-Mamba|Gg\n|l|\u2606yikiru233\n","uploadtime":1700917268,"views":1,"p1id":"blakemamba","p2id":"yikiru233","formatid":"gen9nationaldex","rating":1152,"private":0,"password":""}