{"id":"gen9nationaldex-1993596664","p1":"ElektraFunk","p2":"Mr300Milesof","format":"[Gen 9] National Dex","log":"|j|\u2606ElektraFunk\n|j|\u2606Mr300Milesof\n|t:|1700335749\n|gametype|singles\n|player|p1|ElektraFunk|265|1321\n|player|p2|Mr300Milesof|acerola|1309\n|teamsize|p1|6\n|teamsize|p2|6\n|gen|9\n|tier|[Gen 9] National Dex\n|rated|\n|rule|HP Percentage Mod: HP is shown in percentages\n|rule|Endless Battle Clause: Forcing endless battles is banned\n|rule|OHKO Clause: OHKO moves are banned\n|rule|Evasion Clause: Evasion abilities, items, and moves are banned\n|rule|Evasion Abilities Clause: Evasion abilities are banned\n|rule|Evasion Items Clause: Evasion items are banned\n|rule|Evasion Moves Clause: Evasion moves are banned\n|rule|Species Clause: Limit one of each Pok\u00e9mon\n|rule|Sleep Clause Mod: Limit one foe put to sleep\n|clearpoke\n|poke|p1|Mudsdale, M|\n|poke|p1|Blissey, F|\n|poke|p1|Toxapex, F|\n|poke|p1|Obstagoon, M|\n|poke|p1|Braviary-Hisui, M|\n|poke|p1|Venusaur, F|\n|poke|p2|Banette, F|\n|poke|p2|Vileplume, F|\n|poke|p2|Tapu Fini|\n|poke|p2|Mew|\n|poke|p2|Cinderace, M|\n|poke|p2|Galvantula, M|\n|teampreview\n|inactive|Battle timer is ON: inactive players will automatically lose when time's up. (requested by ElektraFunk)\n|inactive|Mr300Milesof has 120 seconds left.\n|\n|t:|1700335816\n|start\n|switch|p1a: Venusaur|Venusaur, F|100\/100\n|switch|p2a: Tapu Fini|Tapu Fini|100\/100\n|-fieldstart|move: Misty Terrain|[from] ability: Misty Surge|[of] p2a: Tapu Fini\n|turn|1\n|\n|t:|1700335828\n|switch|p2a: fetus|Mew|100\/100\n|detailschange|p1a: Venusaur|Venusaur-Mega, F\n|-mega|p1a: Venusaur|Venusaur|Venusaurite\n|move|p1a: Venusaur|Leech Seed|p2a: fetus\n|-start|p2a: fetus|move: Leech Seed\n|\n|-damage|p2a: fetus|88\/100|[from] Leech Seed|[of] p1a: Venusaur\n|upkeep\n|turn|2\n|inactive|ElektraFunk has 120 seconds left.\n|\n|t:|1700335859\n|switch|p2a: Vileplume|Vileplume, F|100\/100\n|switch|p1a: Blissey|Blissey, F|100\/100\n|\n|upkeep\n|turn|3\n|\n|t:|1700335878\n|move|p1a: Blissey|Seismic Toss|p2a: Vileplume\n|-damage|p2a: Vileplume|72\/100\n|-damage|p1a: Blissey|84\/100|[from] item: Rocky Helmet|[of] p2a: Vileplume\n|move|p2a: Vileplume|Sleep Powder|p1a: Blissey|[miss]\n|-miss|p2a: Vileplume|p1a: Blissey\n|\n|-heal|p1a: Blissey|90\/100|[from] item: Leftovers\n|upkeep\n|turn|4\n|\n|t:|1700335888\n|move|p1a: Blissey|Seismic Toss|p2a: Vileplume\n|-damage|p2a: Vileplume|44\/100\n|-damage|p1a: Blissey|73\/100|[from] item: Rocky Helmet|[of] p2a: Vileplume\n|move|p2a: Vileplume|Strength Sap|p1a: Blissey\n|-unboost|p1a: Blissey|atk|1\n|-heal|p2a: Vileplume|50\/100\n|\n|-heal|p1a: Blissey|79\/100|[from] item: Leftovers\n|upkeep\n|turn|5\n|inactive|ElektraFunk has 120 seconds left.\n|\n|t:|1700335915\n|switch|p2a: Banette|Banette, F|100\/100\n|move|p1a: Blissey|Seismic Toss|p2a: Banette\n|-immune|p2a: Banette\n|\n|-heal|p1a: Blissey|86\/100|[from] item: Leftovers\n|-fieldend|Misty Terrain\n|upkeep\n|turn|6\n|inactive|ElektraFunk has 120 seconds left.\n|\n|t:|1700335926\n|detailschange|p2a: Banette|Banette-Mega, F\n|-mega|p2a: Banette|Banette|Banettite\n|move|p2a: Banette|Taunt|p1a: Blissey\n|-start|p1a: Blissey|move: Taunt\n|cant|p1a: Blissey|move: Taunt|Wish\n|\n|-heal|p1a: Blissey|92\/100|[from] item: Leftovers\n|upkeep\n|turn|7\n|inactive|ElektraFunk has 120 seconds left.\n|\n|t:|1700335933\n|switch|p1a: Venusaur|Venusaur-Mega, F|100\/100\n|move|p2a: Banette|Knock Off|p1a: Venusaur\n|-damage|p1a: Venusaur|84\/100\n|\n|upkeep\n|turn|8\n|\n|t:|1700335940\n|move|p2a: Banette|Taunt|p1a: Venusaur\n|-start|p1a: Venusaur|move: Taunt\n|cant|p1a: Venusaur|move: Taunt|Toxic\n|\n|upkeep\n|turn|9\n|\n|t:|1700335946\n|switch|p1a: Obstagoon|Obstagoon, M|100\/100\n|move|p2a: Banette|Poltergeist|p1a: Obstagoon\n|-immune|p1a: Obstagoon\n|\n|-status|p1a: Obstagoon|brn|[from] item: Flame Orb\n|upkeep\n|turn|10\n|inactive|ElektraFunk has 120 seconds left.\n|\n|t:|1700335966\n|switch|p2a: Galvantula|Galvantula, M|100\/100\n|move|p1a: Obstagoon|Shadow Claw|p2a: Galvantula\n|-damage|p2a: Galvantula|46\/100\n|\n|-damage|p1a: Obstagoon|94\/100 brn|[from] brn\n|upkeep\n|turn|11\n|inactive|ElektraFunk has 120 seconds left.\n|\n|t:|1700335979\n|move|p2a: Galvantula|Sticky Web|p1a: Obstagoon\n|-sidestart|p1: ElektraFunk|move: Sticky Web\n|move|p1a: Obstagoon|Shadow Claw|p2a: Galvantula\n|-damage|p2a: Galvantula|0 fnt\n|faint|p2a: Galvantula\n|\n|-damage|p1a: Obstagoon|88\/100 brn|[from] brn\n|upkeep\n|\n|t:|1700335983\n|switch|p2a: Vileplume|Vileplume, F|50\/100\n|turn|12\n|\n|t:|1700335995\n|move|p1a: Obstagoon|Knock Off|p2a: Vileplume\n|-damage|p2a: Vileplume|3\/100\n|-damage|p1a: Obstagoon|72\/100 brn|[from] item: Rocky Helmet|[of] p2a: Vileplume\n|-enditem|p2a: Vileplume|Rocky Helmet|[from] move: Knock Off|[of] p1a: Obstagoon\n|move|p2a: Vileplume|Strength Sap|p1a: Obstagoon\n|-unboost|p1a: Obstagoon|atk|1\n|-heal|p2a: Vileplume|82\/100\n|\n|-damage|p1a: Obstagoon|66\/100 brn|[from] brn\n|upkeep\n|turn|13\n|\n|t:|1700336004\n|move|p1a: Obstagoon|Switcheroo|p2a: Vileplume\n|-activate|p1a: Obstagoon|move: Trick|[of] p2a: Vileplume\n|-item|p2a: Vileplume|Flame Orb|[from] move: Switcheroo\n|-enditem|p1a: Obstagoon|Flame Orb|[silent]|[from] move: Switcheroo\n|move|p2a: Vileplume|Giga Drain|p1a: Obstagoon\n|-damage|p1a: Obstagoon|30\/100 brn\n|-heal|p2a: Vileplume|98\/100|[from] drain|[of] p1a: Obstagoon\n|\n|-damage|p1a: Obstagoon|24\/100 brn|[from] brn\n|-status|p2a: Vileplume|brn|[from] item: Flame Orb\n|upkeep\n|turn|14\n|\n|t:|1700336016\n|switch|p1a: Blissey|Blissey, F|92\/100\n|-activate|p1a: Blissey|move: Sticky Web\n|-unboost|p1a: Blissey|spe|1\n|move|p2a: Vileplume|Sludge Bomb|p1a: Blissey\n|-damage|p1a: Blissey|79\/100\n|-status|p1a: Blissey|psn\n|\n|-heal|p1a: Blissey|86\/100 psn|[from] item: Leftovers\n|-damage|p1a: Blissey|73\/100 psn|[from] psn\n|-damage|p2a: Vileplume|92\/100 brn|[from] brn\n|upkeep\n|turn|15\n|\n|t:|1700336022\n|switch|p2a: Banette|Banette-Mega, F|100\/100\n|move|p1a: Blissey|Wish|p1a: Blissey\n|\n|-heal|p1a: Blissey|79\/100 psn|[from] item: Leftovers\n|-damage|p1a: Blissey|67\/100 psn|[from] psn\n|upkeep\n|turn|16\n|\n|t:|1700336034\n|switch|p2a: Tapu Fini|Tapu Fini|100\/100\n|-fieldstart|move: Misty Terrain|[from] ability: Misty Surge|[of] p2a: Tapu Fini\n|-curestatus|p1a: Blissey|psn|[from] ability: Natural Cure\n|switch|p1a: Obstagoon|Obstagoon, M|24\/100 brn\n|-activate|p1a: Obstagoon|move: Sticky Web\n|-unboost|p1a: Obstagoon|spe|1\n|\n|-heal|p1a: Obstagoon|100\/100 brn|[from] move: Wish|[wisher] Blissey\n|-damage|p1a: Obstagoon|94\/100 brn|[from] brn\n|upkeep\n|turn|17\n|\n|t:|1700336052\n|switch|p1a: Venusaur|Venusaur-Mega, F|84\/100\n|-activate|p1a: Venusaur|move: Sticky Web\n|-unboost|p1a: Venusaur|spe|1\n|move|p2a: Tapu Fini|Trick||[still]\n|-fail|p2a: Tapu Fini\n|\n|upkeep\n|turn|18\n|\n|t:|1700336068\n|switch|p2a: Cinderace|Cinderace, M|100\/100\n|move|p1a: Venusaur|Leech Seed|p2a: Cinderace\n|-start|p2a: Cinderace|move: Leech Seed\n|\n|-damage|p2a: Cinderace|88\/100|[from] Leech Seed|[of] p1a: Venusaur\n|-heal|p1a: Venusaur|94\/100|[silent]\n|upkeep\n|turn|19\n|\n|t:|1700336083\n|move|p2a: Cinderace|U-turn|p1a: Venusaur\n|-start|p2a: Cinderace|typechange|Bug|[from] ability: Libero\n|-damage|p1a: Venusaur|74\/100\n|\n|t:|1700336087\n|switch|p2a: Vileplume|Vileplume, F|92\/100 brn|[from] U-turn\n|move|p1a: Venusaur|Energy Ball|p2a: Vileplume\n|-resisted|p2a: Vileplume\n|-damage|p2a: Vileplume|82\/100 brn\n|\n|-damage|p2a: Vileplume|76\/100 brn|[from] brn\n|upkeep\n|turn|20\n|\n|t:|1700336104\n|move|p2a: Vileplume|Sludge Bomb|p1a: Venusaur\n|-damage|p1a: Venusaur|49\/100\n|move|p1a: Venusaur|Synthesis|p1a: Venusaur\n|-heal|p1a: Venusaur|99\/100\n|\n|-damage|p2a: Vileplume|70\/100 brn|[from] brn\n|-fieldend|Misty Terrain\n|upkeep\n|turn|21\n|\n|t:|1700336114\n|switch|p1a: Blissey|Blissey, F|67\/100\n|-activate|p1a: Blissey|move: Sticky Web\n|-unboost|p1a: Blissey|spe|1\n|move|p2a: Vileplume|Sludge Bomb|p1a: Blissey\n|-damage|p1a: Blissey|54\/100\n|\n|-heal|p1a: Blissey|60\/100|[from] item: Leftovers\n|-damage|p2a: Vileplume|63\/100 brn|[from] brn\n|upkeep\n|turn|22\n|inactive|ElektraFunk has 120 seconds left.\n|\n|t:|1700336135\n|move|p2a: Vileplume|Sleep Powder|p1a: Blissey|[miss]\n|-miss|p2a: Vileplume|p1a: Blissey\n|move|p1a: Blissey|Wish|p1a: Blissey\n|\n|-heal|p1a: Blissey|66\/100|[from] item: Leftovers\n|-damage|p2a: Vileplume|57\/100 brn|[from] brn\n|upkeep\n|turn|23\n|\n|t:|1700336140\n|move|p1a: Blissey|Protect|p1a: Blissey\n|-singleturn|p1a: Blissey|Protect\n|move|p2a: Vileplume|Sludge Bomb|p1a: Blissey\n|-activate|p1a: Blissey|move: Protect\n|\n|-heal|p1a: Blissey|100\/100|[from] move: Wish|[wisher] Blissey\n|-damage|p2a: Vileplume|51\/100 brn|[from] brn\n|upkeep\n|turn|24\n|\n|t:|1700336147\n|switch|p2a: fetus|Mew|88\/100\n|move|p1a: Blissey|Seismic Toss|p2a: fetus\n|-damage|p2a: fetus|63\/100\n|\n|upkeep\n|turn|25\n|\n|t:|1700336160\n|switch|p1a: Obstagoon|Obstagoon, M|94\/100 brn\n|-activate|p1a: Obstagoon|move: Sticky Web\n|-unboost|p1a: Obstagoon|spe|1\n|-terastallize|p2a: fetus|Poison\n|move|p2a: fetus|Cosmic Power|p2a: fetus\n|-boost|p2a: fetus|def|1\n|-boost|p2a: fetus|spd|1\n|\n|-damage|p1a: Obstagoon|88\/100 brn|[from] brn\n|upkeep\n|turn|26\n|\n|t:|1700336174\n|move|p2a: fetus|Soft-Boiled|p2a: fetus\n|-heal|p2a: fetus|100\/100\n|move|p1a: Obstagoon|Switcheroo|p2a: fetus\n|-activate|p1a: Obstagoon|move: Trick|[of] p2a: fetus\n|-enditem|p2a: fetus|Covert Cloak|[silent]|[from] move: Switcheroo\n|-item|p1a: Obstagoon|Covert Cloak|[from] move: Switcheroo\n|\n|-damage|p1a: Obstagoon|82\/100 brn|[from] brn\n|upkeep\n|turn|27\n|inactive|ElektraFunk has 120 seconds left.\n|\n|t:|1700336206\n|move|p2a: fetus|Body Press|p1a: Obstagoon\n|-supereffective|p1a: Obstagoon\n|-damage|p1a: Obstagoon|0 fnt\n|faint|p1a: Obstagoon\n|\n|upkeep\n|\n|t:|1700336214\n|switch|p1a: Venusaur|Venusaur-Mega, F|99\/100\n|-activate|p1a: Venusaur|move: Sticky Web\n|-unboost|p1a: Venusaur|spe|1\n|turn|28\n|inactive|ElektraFunk has 120 seconds left.\n|\n|t:|1700336230\n|switch|p2a: Vileplume|Vileplume, F|51\/100 brn\n|move|p1a: Venusaur|Leech Seed|p2a: Vileplume\n|-immune|p2a: Vileplume\n|\n|-damage|p2a: Vileplume|45\/100 brn|[from] brn\n|upkeep\n|turn|29\n|\n|t:|1700336245\n|move|p2a: Vileplume|Sleep Powder|p1a: Venusaur\n|-immune|p1a: Venusaur\n|move|p1a: Venusaur|Energy Ball|p2a: Vileplume\n|-resisted|p2a: Vileplume\n|-damage|p2a: Vileplume|35\/100 brn\n|-unboost|p2a: Vileplume|spd|1\n|\n|-damage|p2a: Vileplume|29\/100 brn|[from] brn\n|upkeep\n|turn|30\n|\n|t:|1700336249\n|move|p2a: Vileplume|Strength Sap|p1a: Venusaur\n|-unboost|p1a: Venusaur|atk|1\n|-heal|p2a: Vileplume|81\/100 brn\n|move|p1a: Venusaur|Energy Ball|p2a: Vileplume\n|-resisted|p2a: Vileplume\n|-crit|p2a: Vileplume\n|-damage|p2a: Vileplume|58\/100 brn\n|\n|-damage|p2a: Vileplume|52\/100 brn|[from] brn\n|upkeep\n|turn|31\n|inactive|ElektraFunk has 120 seconds left.\n|\n|t:|1700336279\n|switch|p2a: Cinderace|Cinderace, M|88\/100\n|move|p1a: Venusaur|Energy Ball|p2a: Cinderace\n|-resisted|p2a: Cinderace\n|-damage|p2a: Cinderace|62\/100\n|\n|upkeep\n|turn|32\n|\n|t:|1700336295\n|move|p2a: Cinderace|Pyro Ball|p1a: Venusaur\n|-supereffective|p1a: Venusaur\n|-damage|p1a: Venusaur|62\/100\n|move|p1a: Venusaur|Toxic|p2a: Cinderace\n|-status|p2a: Cinderace|tox\n|\n|-damage|p2a: Cinderace|56\/100 tox|[from] psn\n|upkeep\n|turn|33\n|\n|t:|1700336308\n|move|p2a: Cinderace|U-turn|p1a: Venusaur\n|-start|p2a: Cinderace|typechange|Bug|[from] ability: Libero\n|-crit|p1a: Venusaur\n|-damage|p1a: Venusaur|33\/100\n|\n|t:|1700336315\n|switch|p2a: Vileplume|Vileplume, F|52\/100 brn|[from] U-turn\n|move|p1a: Venusaur|Leech Seed|p2a: Vileplume\n|-immune|p2a: Vileplume\n|\n|-damage|p2a: Vileplume|46\/100 brn|[from] brn\n|upkeep\n|turn|34\n|\n|t:|1700336339\n|move|p2a: Vileplume|Sludge Bomb|p1a: Venusaur\n|-damage|p1a: Venusaur|7\/100\n|move|p1a: Venusaur|Synthesis|p1a: Venusaur\n|-heal|p1a: Venusaur|57\/100\n|\n|-damage|p2a: Vileplume|39\/100 brn|[from] brn\n|upkeep\n|turn|35\n|inactive|ElektraFunk has 90 seconds left.\n|\n|t:|1700336354\n|switch|p2a: Cinderace|Cinderace, M|56\/100 tox\n|move|p1a: Venusaur|Synthesis|p1a: Venusaur\n|-heal|p1a: Venusaur|100\/100\n|\n|-damage|p2a: Cinderace|50\/100 tox|[from] psn\n|upkeep\n|turn|36\n|inactive|ElektraFunk has 90 seconds left.\n|\n|t:|1700336370\n|move|p2a: Cinderace|Gunk Shot|p1a: Venusaur|[miss]\n|-start|p2a: Cinderace|typechange|Poison|[from] ability: Libero\n|-miss|p2a: Cinderace|p1a: Venusaur\n|move|p1a: Venusaur|Energy Ball|p2a: Cinderace\n|-resisted|p2a: Cinderace\n|-damage|p2a: Cinderace|24\/100 tox\n|\n|-damage|p2a: Cinderace|12\/100 tox|[from] psn\n|upkeep\n|turn|37\n|inactive|ElektraFunk has 90 seconds left.\n|\n|t:|1700336387\n|move|p2a: Cinderace|Gunk Shot|p1a: Venusaur|[miss]\n|-miss|p2a: Cinderace|p1a: Venusaur\n|move|p1a: Venusaur|Leech Seed|p2a: Cinderace\n|-start|p2a: Cinderace|move: Leech Seed\n|\n|-damage|p2a: Cinderace|0 fnt|[from] Leech Seed|[of] p1a: Venusaur\n|faint|p2a: Cinderace\n|upkeep\n|\n|t:|1700336395\n|switch|p2a: Banette|Banette-Mega, F|100\/100\n|turn|38\n|inactive|ElektraFunk has 90 seconds left.\n|\n|t:|1700336405\n|move|p2a: Banette|Taunt|p1a: Venusaur\n|-start|p1a: Venusaur|move: Taunt\n|cant|p1a: Venusaur|move: Taunt|Toxic\n|\n|upkeep\n|turn|39\n|\n|t:|1700336409\n|switch|p1a: Blissey|Blissey, F|100\/100\n|-activate|p1a: Blissey|move: Sticky Web\n|-unboost|p1a: Blissey|spe|1\n|move|p2a: Banette|Poltergeist|p1a: Blissey\n|-immune|p1a: Blissey\n|\n|upkeep\n|turn|40\n|inactive|ElektraFunk has 90 seconds left.\n|\n|t:|1700336431\n|move|p2a: Banette|Knock Off|p1a: Blissey\n|-damage|p1a: Blissey|61\/100\n|-enditem|p1a: Blissey|Leftovers|[from] move: Knock Off|[of] p2a: Banette\n|move|p1a: Blissey|Wish|p1a: Blissey\n|\n|upkeep\n|turn|41\n|inactive|ElektraFunk has 90 seconds left.\n|\n|t:|1700336459\n|switch|p2a: fetus|Mew, tera:Poison|100\/100\n|switch|p1a: Toxapex|Toxapex, F|100\/100\n|-activate|p1a: Toxapex|move: Sticky Web\n|-unboost|p1a: Toxapex|spe|1\n|\n|upkeep\n|turn|42\n|inactive|ElektraFunk has 60 seconds left.\n|\n|t:|1700336486\n|move|p2a: fetus|Cosmic Power|p2a: fetus\n|-boost|p2a: fetus|def|1\n|-boost|p2a: fetus|spd|1\n|move|p1a: Toxapex|Toxic Spikes|p2a: fetus\n|-sidestart|p2: Mr300Milesof|move: Toxic Spikes\n|\n|upkeep\n|turn|43\n|inactive|ElektraFunk has 60 seconds left.\n|\n|t:|1700336503\n|move|p2a: fetus|Cosmic Power|p2a: fetus\n|-boost|p2a: fetus|def|1\n|-boost|p2a: fetus|spd|1\n|move|p1a: Toxapex|Toxic Spikes|p2a: fetus\n|-sidestart|p2: Mr300Milesof|move: Toxic Spikes\n|\n|upkeep\n|turn|44\n|inactive|ElektraFunk has 60 seconds left.\n|\n|t:|1700336510\n|move|p2a: fetus|Stored Power|p1a: Toxapex\n|-supereffective|p1a: Toxapex\n|-damage|p1a: Toxapex|39\/100\n|-enditem|p1a: Toxapex|Red Card|[of] p2a: fetus\n|drag|p2a: Banette|Banette-Mega, F|100\/100\n|-status|p2a: Banette|tox\n|move|p1a: Toxapex|Haze|p1a: Toxapex\n|-clearallboost\n|\n|-damage|p2a: Banette|94\/100 tox|[from] psn\n|upkeep\n|turn|45\n|inactive|Mr300Milesof has 120 seconds left.\n|\n|t:|1700336541\n|move|p1a: Toxapex|Baneful Bunker|p1a: Toxapex\n|-singleturn|p1a: Toxapex|move: Protect\n|move|p2a: Banette|Poltergeist||[still]\n|-fail|p2a: Banette\n|\n|-damage|p2a: Banette|82\/100 tox|[from] psn\n|upkeep\n|turn|46\n|\n|t:|1700336550\n|switch|p2a: Vileplume|Vileplume, F|39\/100 brn\n|-sideend|p2: Mr300Milesof|move: Toxic Spikes|[of] p2a: Vileplume\n|switch|p1a: Blissey|Blissey, F|61\/100\n|-activate|p1a: Blissey|move: Sticky Web\n|-unboost|p1a: Blissey|spe|1\n|\n|-damage|p2a: Vileplume|33\/100 brn|[from] brn\n|upkeep\n|turn|47\n|\n|t:|1700336552\n|move|p2a: Vileplume|Sleep Powder|p1a: Blissey\n|-status|p1a: Blissey|slp|[from] move: Sleep Powder\n|cant|p1a: Blissey|slp\n|\n|-damage|p2a: Vileplume|27\/100 brn|[from] brn\n|upkeep\n|turn|48\n|\n|t:|1700336557\n|switch|p2a: fetus|Mew, tera:Poison|100\/100\n|cant|p1a: Blissey|slp\n|\n|upkeep\n|turn|49\n|\n|t:|1700336563\n|-curestatus|p1a: Blissey|slp|[from] ability: Natural Cure\n|switch|p1a: Venusaur|Venusaur-Mega, F|100\/100\n|-activate|p1a: Venusaur|move: Sticky Web\n|-unboost|p1a: Venusaur|spe|1\n|move|p2a: fetus|Cosmic Power|p2a: fetus\n|-boost|p2a: fetus|def|1\n|-boost|p2a: fetus|spd|1\n|\n|upkeep\n|turn|50\n|\n|t:|1700336572\n|move|p2a: fetus|Cosmic Power|p2a: fetus\n|-boost|p2a: fetus|def|1\n|-boost|p2a: fetus|spd|1\n|move|p1a: Venusaur|Leech Seed|p2a: fetus|[miss]\n|-miss|p1a: Venusaur|p2a: fetus\n|\n|upkeep\n|turn|51\n|\n|t:|1700336576\n|switch|p1a: Blissey|Blissey, F|61\/100\n|-activate|p1a: Blissey|move: Sticky Web\n|-unboost|p1a: Blissey|spe|1\n|move|p2a: fetus|Stored Power|p1a: Blissey\n|-damage|p1a: Blissey|48\/100\n|\n|upkeep\n|turn|52\n|\n|t:|1700336580\n|move|p2a: fetus|Cosmic Power|p2a: fetus\n|-boost|p2a: fetus|def|1\n|-boost|p2a: fetus|spd|1\n|move|p1a: Blissey|Wish|p1a: Blissey\n|\n|upkeep\n|turn|53\n|\n|t:|1700336584\n|move|p2a: fetus|Stored Power|p1a: Blissey\n|-damage|p1a: Blissey|30\/100\n|move|p1a: Blissey|Seismic Toss|p2a: fetus\n|-damage|p2a: fetus|76\/100\n|\n|-heal|p1a: Blissey|80\/100|[from] move: Wish|[wisher] Blissey\n|upkeep\n|turn|54\n|\n|t:|1700336587\n|move|p2a: fetus|Cosmic Power|p2a: fetus\n|-boost|p2a: fetus|def|1\n|-boost|p2a: fetus|spd|1\n|move|p1a: Blissey|Seismic Toss|p2a: fetus\n|-damage|p2a: fetus|51\/100\n|\n|upkeep\n|turn|55\n|\n|t:|1700336590\n|move|p2a: fetus|Soft-Boiled|p2a: fetus\n|-heal|p2a: fetus|100\/100\n|move|p1a: Blissey|Wish|p1a: Blissey\n|\n|upkeep\n|turn|56\n|\n|t:|1700336605\n|move|p2a: fetus|Stored Power|p1a: Blissey\n|-damage|p1a: Blissey|57\/100\n|move|p1a: Blissey|Seismic Toss|p2a: fetus\n|-damage|p2a: fetus|76\/100\n|\n|-heal|p1a: Blissey|100\/100|[from] move: Wish|[wisher] Blissey\n|upkeep\n|turn|57\n|\n|t:|1700336608\n|move|p2a: fetus|Body Press|p1a: Blissey\n|-supereffective|p1a: Blissey\n|-damage|p1a: Blissey|11\/100\n|move|p1a: Blissey|Seismic Toss|p2a: fetus\n|-damage|p2a: fetus|51\/100\n|\n|upkeep\n|turn|58\n|\n|t:|1700336615\n|switch|p1a: Mudsdale|Mudsdale, M|100\/100\n|-activate|p1a: Mudsdale|move: Sticky Web\n|-unboost|p1a: Mudsdale|spe|1\n|move|p2a: fetus|Soft-Boiled|p2a: fetus\n|-heal|p2a: fetus|100\/100\n|\n|upkeep\n|turn|59\n|\n|t:|1700336632\n|move|p2a: fetus|Stored Power|p1a: Mudsdale\n|-damage|p1a: Mudsdale|45\/100\n|-ability|p1a: Mudsdale|Stamina|boost\n|-boost|p1a: Mudsdale|def|1\n|-enditem|p1a: Mudsdale|Red Card|[of] p2a: fetus\n|drag|p2a: Vileplume|Vileplume, F|27\/100 brn\n|move|p1a: Mudsdale|Earthquake|p2a: Vileplume\n|-damage|p2a: Vileplume|0 fnt\n|faint|p2a: Vileplume\n|\n|upkeep\n|\n|t:|1700336646\n|switch|p2a: Tapu Fini|Tapu Fini|100\/100\n|-fieldstart|move: Misty Terrain|[from] ability: Misty Surge|[of] p2a: Tapu Fini\n|turn|60\n|\n|t:|1700336653\n|switch|p2a: Banette|Banette-Mega, F|82\/100 tox\n|switch|p1a: Venusaur|Venusaur-Mega, F|100\/100\n|-activate|p1a: Venusaur|move: Sticky Web\n|-unboost|p1a: Venusaur|spe|1\n|\n|-damage|p2a: Banette|76\/100 tox|[from] psn\n|upkeep\n|turn|61\n|\n|t:|1700336662\n|move|p2a: Banette|Taunt|p1a: Venusaur\n|-start|p1a: Venusaur|move: Taunt\n|cant|p1a: Venusaur|move: Taunt|Leech Seed\n|\n|-damage|p2a: Banette|64\/100 tox|[from] psn\n|upkeep\n|turn|62\n|\n|t:|1700336666\n|move|p2a: Banette|Poltergeist|p1a: Venusaur\n|-activate|p1a: Venusaur|move: Poltergeist|Venusaurite\n|-damage|p1a: Venusaur|55\/100\n|move|p1a: Venusaur|Energy Ball|p2a: Banette\n|-damage|p2a: Banette|23\/100 tox\n|\n|-damage|p2a: Banette|5\/100 tox|[from] psn\n|upkeep\n|turn|63\n|\n|t:|1700336676\n|move|p2a: Banette|Destiny Bond|p2a: Banette\n|-singlemove|p2a: Banette|Destiny Bond\n|move|p1a: Venusaur|Energy Ball|p2a: Banette\n|-damage|p2a: Banette|0 fnt\n|faint|p2a: Banette\n|-activate|p2a: Banette|move: Destiny Bond\n|faint|p1a: Venusaur\n|\n|upkeep\n|\n|t:|1700336682\n|switch|p1a: Toxapex|Toxapex, F|72\/100\n|switch|p2a: fetus|Mew, tera:Poison|100\/100\n|-activate|p1a: Toxapex|move: Sticky Web\n|-unboost|p1a: Toxapex|spe|1\n|turn|64\n|\n|t:|1700336687\n|switch|p2a: Tapu Fini|Tapu Fini|100\/100\n|switch|p1a: Braviary|Braviary-Hisui, M|100\/100\n|\n|-fieldend|Misty Terrain\n|upkeep\n|turn|65\n|\n|t:|1700336692\n|move|p2a: Tapu Fini|Trick|p1a: Braviary\n|-activate|p2a: Tapu Fini|move: Trick|[of] p1a: Braviary\n|-item|p1a: Braviary|Choice Scarf|[from] move: Trick\n|-item|p2a: Tapu Fini|Heavy-Duty Boots|[from] move: Trick\n|move|p1a: Braviary|Defog|p2a: Tapu Fini\n|-unboost|p2a: Tapu Fini|evasion|1\n|-sideend|p1: ElektraFunk|Sticky Web|[from] move: Defog|[of] p1a: Braviary\n|\n|upkeep\n|turn|66\n|\n|t:|1700336703\n|switch|p2a: fetus|Mew, tera:Poison|100\/100\n|switch|p1a: Toxapex|Toxapex, F|100\/100\n|\n|upkeep\n|turn|67\n|\n|t:|1700336713\n|-terastallize|p1a: Toxapex|Water\n|move|p2a: fetus|Cosmic Power|p2a: fetus\n|-boost|p2a: fetus|def|1\n|-boost|p2a: fetus|spd|1\n|move|p1a: Toxapex|Toxic Spikes|p2a: fetus\n|-sidestart|p2: Mr300Milesof|move: Toxic Spikes\n|\n|upkeep\n|turn|68\n|\n|t:|1700336716\n|move|p2a: fetus|Cosmic Power|p2a: fetus\n|-boost|p2a: fetus|def|1\n|-boost|p2a: fetus|spd|1\n|move|p1a: Toxapex|Toxic Spikes|p2a: fetus\n|-sidestart|p2: Mr300Milesof|move: Toxic Spikes\n|\n|upkeep\n|turn|69\n|\n|t:|1700336722\n|move|p2a: fetus|Stored Power|p1a: Toxapex\n|-damage|p1a: Toxapex|73\/100\n|move|p1a: Toxapex|Haze|p1a: Toxapex\n|-clearallboost\n|\n|upkeep\n|turn|70\n|\n|t:|1700336728\n|switch|p2a: Tapu Fini|Tapu Fini|100\/100\n|-fieldstart|move: Misty Terrain|[from] ability: Misty Surge|[of] p2a: Tapu Fini\n|move|p1a: Toxapex|Ice Beam|p2a: Tapu Fini\n|-resisted|p2a: Tapu Fini\n|-damage|p2a: Tapu Fini|95\/100\n|\n|upkeep\n|turn|71\n|\n|t:|1700336735\n|move|p2a: Tapu Fini|Moonblast|p1a: Toxapex\n|-damage|p1a: Toxapex|37\/100\n|move|p1a: Toxapex|Ice Beam|p2a: Tapu Fini\n|-resisted|p2a: Tapu Fini\n|-damage|p2a: Tapu Fini|89\/100\n|\n|upkeep\n|turn|72\n|\n|t:|1700336751\n|switch|p1a: Braviary|Braviary-Hisui, M|100\/100\n|move|p2a: Tapu Fini|Moonblast|p1a: Braviary\n|-damage|p1a: Braviary|61\/100\n|\n|upkeep\n|turn|73\n|\n|t:|1700336758\n|move|p2a: Tapu Fini|Moonblast|p1a: Braviary\n|-damage|p1a: Braviary|16\/100\n|-unboost|p1a: Braviary|spa|1\n|move|p1a: Braviary|Hurricane|p2a: Tapu Fini\n|-damage|p2a: Tapu Fini|44\/100\n|\n|upkeep\n|turn|74\n|\n|t:|1700336767\n|switch|p1a: Toxapex|Toxapex, F, tera:Water|71\/100\n|move|p2a: Tapu Fini|Moonblast|p1a: Toxapex\n|-damage|p1a: Toxapex|37\/100\n|\n|-fieldend|Misty Terrain\n|upkeep\n|turn|75\n|\n|t:|1700336777\n|switch|p1a: Blissey|Blissey, F|11\/100\n|move|p2a: Tapu Fini|Moonblast|p1a: Blissey\n|-crit|p1a: Blissey\n|-damage|p1a: Blissey|0 fnt\n|faint|p1a: Blissey\n|\n|upkeep\n|\n|t:|1700336782\n|switch|p1a: Mudsdale|Mudsdale, M|45\/100\n|turn|76\n|\n|t:|1700336785\n|move|p2a: Tapu Fini|Surf|p1a: Mudsdale\n|-supereffective|p1a: Mudsdale\n|-damage|p1a: Mudsdale|0 fnt\n|faint|p1a: Mudsdale\n|\n|upkeep\n|\n|t:|1700336791\n|switch|p1a: Toxapex|Toxapex, F, tera:Water|70\/100\n|turn|77\n|\n|t:|1700336797\n|switch|p1a: Braviary|Braviary-Hisui, M|16\/100\n|move|p2a: Tapu Fini|Moonblast|p1a: Braviary\n|-damage|p1a: Braviary|0 fnt\n|faint|p1a: Braviary\n|\n|upkeep\n|\n|t:|1700336801\n|switch|p1a: Toxapex|Toxapex, F, tera:Water|100\/100\n|turn|78\n|\n|t:|1700336810\n|switch|p2a: fetus|Mew, tera:Poison|100\/100\n|-sideend|p2: Mr300Milesof|move: Toxic Spikes|[of] p2a: fetus\n|move|p1a: Toxapex|Ice Beam|p2a: fetus\n|-damage|p2a: fetus|93\/100\n|\n|upkeep\n|turn|79\n|\n|t:|1700336814\n|move|p2a: fetus|Body Press|p1a: Toxapex\n|-damage|p1a: Toxapex|90\/100\n|move|p1a: Toxapex|Ice Beam|p2a: fetus\n|-damage|p2a: fetus|85\/100\n|\n|upkeep\n|turn|80\n|\n|t:|1700336817\n|move|p2a: fetus|Body Press|p1a: Toxapex\n|-damage|p1a: Toxapex|79\/100\n|move|p1a: Toxapex|Ice Beam|p2a: fetus\n|-damage|p2a: fetus|77\/100\n|\n|upkeep\n|turn|81\n|\n|t:|1700336822\n|move|p2a: fetus|Cosmic Power|p2a: fetus\n|-boost|p2a: fetus|def|1\n|-boost|p2a: fetus|spd|1\n|move|p1a: Toxapex|Ice Beam|p2a: fetus\n|-damage|p2a: fetus|72\/100\n|\n|upkeep\n|turn|82\n|\n|t:|1700336825\n|move|p2a: fetus|Body Press|p1a: Toxapex\n|-damage|p1a: Toxapex|61\/100\n|move|p1a: Toxapex|Haze|p1a: Toxapex\n|-clearallboost\n|\n|upkeep\n|turn|83\n|\n|t:|1700336829\n|move|p2a: fetus|Cosmic Power|p2a: fetus\n|-boost|p2a: fetus|def|1\n|-boost|p2a: fetus|spd|1\n|move|p1a: Toxapex|Ice Beam|p2a: fetus\n|-damage|p2a: fetus|66\/100\n|-status|p2a: fetus|frz\n|\n|upkeep\n|turn|84\n|\n|t:|1700336831\n|cant|p2a: fetus|frz\n|move|p1a: Toxapex|Haze|p1a: Toxapex\n|-clearallboost\n|\n|upkeep\n|turn|85\n|\n|t:|1700336834\n|cant|p2a: fetus|frz\n|move|p1a: Toxapex|Ice Beam|p2a: fetus\n|-damage|p2a: fetus|59\/100 frz\n|\n|upkeep\n|turn|86\n|\n|t:|1700336837\n|cant|p2a: fetus|frz\n|move|p1a: Toxapex|Ice Beam|p2a: fetus\n|-damage|p2a: fetus|51\/100 frz\n|\n|upkeep\n|turn|87\n|\n|t:|1700336840\n|cant|p2a: fetus|frz\n|move|p1a: Toxapex|Ice Beam|p2a: fetus\n|-damage|p2a: fetus|44\/100 frz\n|\n|upkeep\n|turn|88\n|\n|t:|1700336842\n|cant|p2a: fetus|frz\n|move|p1a: Toxapex|Ice Beam|p2a: fetus\n|-damage|p2a: fetus|36\/100 frz\n|\n|upkeep\n|turn|89\n|\n|t:|1700336845\n|cant|p2a: fetus|frz\n|move|p1a: Toxapex|Ice Beam|p2a: fetus\n|-damage|p2a: fetus|29\/100 frz\n|\n|upkeep\n|turn|90\n|\n|t:|1700336847\n|cant|p2a: fetus|frz\n|move|p1a: Toxapex|Ice Beam|p2a: fetus\n|-damage|p2a: fetus|21\/100 frz\n|\n|upkeep\n|turn|91\n|\n|t:|1700336849\n|-curestatus|p2a: fetus|frz|[msg]\n|move|p2a: fetus|Soft-Boiled|p2a: fetus\n|-heal|p2a: fetus|71\/100\n|move|p1a: Toxapex|Ice Beam|p2a: fetus\n|-damage|p2a: fetus|63\/100\n|\n|upkeep\n|turn|92\n|\n|t:|1700336854\n|move|p2a: fetus|Cosmic Power|p2a: fetus\n|-boost|p2a: fetus|def|1\n|-boost|p2a: fetus|spd|1\n|move|p1a: Toxapex|Ice Beam|p2a: fetus\n|-damage|p2a: fetus|58\/100\n|\n|upkeep\n|turn|93\n|\n|t:|1700336858\n|move|p2a: fetus|Body Press|p1a: Toxapex\n|-damage|p1a: Toxapex|45\/100\n|move|p1a: Toxapex|Haze|p1a: Toxapex\n|-clearallboost\n|\n|upkeep\n|turn|94\n|\n|t:|1700336860\n|move|p2a: fetus|Soft-Boiled|p2a: fetus\n|-heal|p2a: fetus|100\/100\n|move|p1a: Toxapex|Ice Beam|p2a: fetus\n|-damage|p2a: fetus|93\/100\n|\n|upkeep\n|turn|95\n|-message|ElektraFunk forfeited.\n|\n|win|Mr300Milesof\n|raw|ElektraFunk's rating: 1300 &rarr; <strong>1276<\/strong><br \/>(-24 for losing)\n|raw|Mr300Milesof's rating: 1309 &rarr; <strong>1328<\/strong><br \/>(+19 for winning)\n|l|\u2606ElektraFunk\n","uploadtime":1700336869,"views":23,"p1id":"elektrafunk","p2id":"mr300milesof","formatid":"gen9nationaldex","rating":1276,"private":0,"password":""}