{"id":"gen9nationaldex-1993015821","p1":"OldFrozenWolf","p2":"MarcusTalks","format":"[Gen 9] National Dex","log":"|j|\u2606OldFrozenWolf\n|j|\u2606MarcusTalks\n|t:|1700255727\n|gametype|singles\n|player|p1|OldFrozenWolf|gambler|\n|player|p2|MarcusTalks|steven|\n|teamsize|p1|6\n|teamsize|p2|6\n|gen|9\n|tier|[Gen 9] National Dex\n|rule|HP Percentage Mod: HP is shown in percentages\n|rule|Endless Battle Clause: Forcing endless battles is banned\n|rule|OHKO Clause: OHKO moves are banned\n|rule|Evasion Clause: Evasion abilities, items, and moves are banned\n|rule|Evasion Abilities Clause: Evasion abilities are banned\n|rule|Evasion Items Clause: Evasion items are banned\n|rule|Evasion Moves Clause: Evasion moves are banned\n|rule|Species Clause: Limit one of each Pok\u00e9mon\n|rule|Sleep Clause Mod: Limit one foe put to sleep\n|clearpoke\n|poke|p1|Sandslash-Alola, M|\n|poke|p1|Zoroark-Hisui, F|\n|poke|p1|Abomasnow, F|\n|poke|p1|Brambleghast, F|\n|poke|p1|Gliscor, M|\n|poke|p1|Alomomola, M|\n|poke|p2|Aegislash, M|\n|poke|p2|Ceruledge, M|\n|poke|p2|Sinistcha-Masterpiece|\n|poke|p2|Cofagrigus, M|\n|poke|p2|Rotom|\n|poke|p2|Lopunny, F|\n|teampreview\n|c|\u2606MarcusTalks|I don't like this\n|\n|t:|1700255777\n|start\n|switch|p1a: Gliscor|Gliscor, M|100\/100\n|switch|p2a: Curse|Cofagrigus, M|100\/100\n|turn|1\n|\n|t:|1700255785\n|move|p1a: Gliscor|Nasty Plot|p1a: Gliscor\n|-boost|p1a: Gliscor|spa|2\n|move|p2a: Curse|Toxic Spikes|p1a: Gliscor\n|-sidestart|p1: OldFrozenWolf|move: Toxic Spikes\n|\n|upkeep\n|turn|2\n|\n|t:|1700255792\n|move|p1a: Gliscor|Shadow Ball|p2a: Curse\n|-supereffective|p2a: Curse\n|-damage|p2a: Curse|0 fnt\n|faint|p2a: Curse\n|\n|upkeep\n|\n|t:|1700255797\n|switch|p2a: Slap|Lopunny, F, shiny|100\/100\n|turn|3\n|\n|t:|1700255805\n|detailschange|p2a: Slap|Lopunny-Mega, F, shiny\n|-mega|p2a: Slap|Lopunny|Lopunnite\n|move|p2a: Slap|Fake Out|p1a: Gliscor\n|-damage|p1a: Gliscor|56\/100\n|replace|p1a: Zoroark|Zoroark-Hisui, F\n|-end|p1a: Zoroark|Illusion\n|-enditem|p1a: Zoroark|Red Card|[of] p2a: Slap\n|drag|p2a: Whisk|Sinistcha-Masterpiece, shiny|100\/100\n|cant|p1a: Zoroark|flinch\n|\n|upkeep\n|turn|4\n|c|\u2606MarcusTalks|shoulda seen that coming\n|\n|t:|1700255828\n|switch|p1a: Gliscor|Gliscor, M|100\/100\n|switch|p2a: Slap|Lopunny-Mega, F, shiny|100\/100\n|\n|-status|p1a: Gliscor|tox|[from] item: Toxic Orb\n|upkeep\n|turn|5\n|\n|t:|1700255842\n|switch|p1a: Brambleghast|Brambleghast, F|100\/100\n|-status|p1a: Brambleghast|psn\n|move|p2a: Slap|Fake Out|p1a: Brambleghast\n|-crit|p1a: Brambleghast\n|-damage|p1a: Brambleghast|38\/100 psn\n|\n|-heal|p1a: Brambleghast|44\/100 psn|[from] item: Leftovers\n|-damage|p1a: Brambleghast|32\/100 psn|[from] psn\n|upkeep\n|turn|6\n|\n|t:|1700255853\n|move|p2a: Slap|Return|p1a: Brambleghast\n|-damage|p1a: Brambleghast|0 fnt\n|faint|p1a: Brambleghast\n|\n|upkeep\n|c|\u2606MarcusTalks|I can hit ghost's\n|c|\u2606MarcusTalks|ghosts\n|c|\u2606OldFrozenWolf|ya i just relised\n|\n|t:|1700255896\n|switch|p1a: Alomomola|Alomomola, M|100\/100\n|turn|7\n|\n|t:|1700255908\n|switch|p2a: Whisk|Sinistcha-Masterpiece, shiny|100\/100\n|move|p1a: Alomomola|Wish|p1a: Alomomola\n|\n|upkeep\n|turn|8\n|\n|t:|1700255917\n|move|p2a: Whisk|Calm Mind|p2a: Whisk\n|-boost|p2a: Whisk|spa|1\n|-boost|p2a: Whisk|spd|1\n|move|p1a: Alomomola|Toxic|p2a: Whisk\n|-status|p2a: Whisk|tox\n|\n|-damage|p2a: Whisk|94\/100 tox|[from] psn\n|upkeep\n|turn|9\n|\n|t:|1700255928\n|switch|p1a: Abomasnow|Abomasnow, F|100\/100\n|-status|p1a: Abomasnow|psn\n|-weather|Snow|[from] ability: Snow Warning|[of] p1a: Abomasnow\n|move|p2a: Whisk|Matcha Gotcha|p1a: Abomasnow|[miss]\n|-miss|p2a: Whisk|p1a: Abomasnow\n|\n|-weather|Snow|[upkeep]\n|-heal|p2a: Whisk|100\/100 tox|[from] item: Leftovers\n|-damage|p2a: Whisk|88\/100 tox|[from] psn\n|-damage|p1a: Abomasnow|88\/100 psn|[from] psn\n|upkeep\n|turn|10\n|\n|t:|1700255944\n|move|p2a: Whisk|Hex|p1a: Abomasnow\n|-damage|p1a: Abomasnow|5\/100 psn\n|move|p1a: Abomasnow|Aurora Veil|p1a: Abomasnow\n|-sidestart|p1: OldFrozenWolf|move: Aurora Veil\n|\n|-weather|Snow|[upkeep]\n|-heal|p2a: Whisk|94\/100 tox|[from] item: Leftovers\n|-damage|p2a: Whisk|76\/100 tox|[from] psn\n|-damage|p1a: Abomasnow|0 fnt|[from] psn\n|faint|p1a: Abomasnow\n|upkeep\n|\n|t:|1700255954\n|switch|p1a: Sandslash|Sandslash-Alola, M, shiny|100\/100\n|turn|11\n|\n|t:|1700255961\n|move|p1a: Sandslash|Icicle Crash|p2a: Whisk\n|-supereffective|p2a: Whisk\n|-damage|p2a: Whisk|0 fnt\n|faint|p2a: Whisk\n|\n|-weather|Snow|[upkeep]\n|upkeep\n|\n|t:|1700255972\n|switch|p2a: Slap|Lopunny-Mega, F, shiny|100\/100\n|turn|12\n|\n|t:|1700255987\n|-terastallize|p1a: Sandslash|Flying\n|move|p2a: Slap|Fake Out|p1a: Sandslash\n|-damage|p1a: Sandslash|90\/100\n|cant|p1a: Sandslash|flinch\n|\n|-weather|Snow|[upkeep]\n|upkeep\n|turn|13\n|\n|t:|1700256007\n|switch|p2a: King|Aegislash, M, shiny|100\/100\n|move|p1a: Sandslash|Earthquake|p2a: King\n|-supereffective|p2a: King\n|-damage|p2a: King|54\/100\n|\n|-weather|Snow|[upkeep]\n|-heal|p2a: King|60\/100|[from] item: Leftovers\n|upkeep\n|turn|14\n|\n|t:|1700256024\n|move|p1a: Sandslash|Earthquake|p2a: King\n|-supereffective|p2a: King\n|-damage|p2a: King|11\/100\n|-formechange|p2a: King|Aegislash-Blade||[from] ability: Stance Change\n|move|p2a: King|Flash Cannon|p1a: Sandslash\n|-damage|p1a: Sandslash|60\/100\n|-unboost|p1a: Sandslash|spd|1\n|\n|-weather|Snow|[upkeep]\n|-heal|p2a: King|17\/100|[from] item: Leftovers\n|-sideend|p1: OldFrozenWolf|move: Aurora Veil\n|upkeep\n|turn|15\n|\n|t:|1700256045\n|-formechange|p2a: King|Aegislash||[from] ability: Stance Change\n|move|p2a: King|King's Shield|p2a: King\n|-singleturn|p2a: King|Protect\n|move|p1a: Sandslash|Leech Life|p2a: King\n|-activate|p2a: King|move: Protect\n|-unboost|p1a: Sandslash|atk|1\n|\n|-weather|Snow|[upkeep]\n|-heal|p2a: King|23\/100|[from] item: Leftovers\n|upkeep\n|turn|16\n|\n|t:|1700256055\n|switch|p2a: Zap|Rotom, shiny|100\/100\n|move|p1a: Sandslash|Earthquake|p2a: Zap\n|-immune|p2a: Zap|[from] ability: Levitate\n|\n|-weather|none\n|upkeep\n|turn|17\n|\n|t:|1700256068\n|switch|p1a: Gliscor|Gliscor, M|100\/100 tox\n|move|p2a: Zap|Volt Switch|p1a: Gliscor\n|-immune|p1a: Gliscor\n|\n|upkeep\n|turn|18\n|\n|t:|1700256075\n|move|p2a: Zap|Foul Play|p1a: Gliscor\n|-damage|p1a: Gliscor|83\/100 tox\n|move|p1a: Gliscor|Toxic|p2a: Zap\n|-status|p2a: Zap|tox\n|\n|-damage|p2a: Zap|94\/100 tox|[from] psn\n|-heal|p1a: Gliscor|96\/100 tox|[from] ability: Poison Heal\n|upkeep\n|turn|19\n|\n|t:|1700256086\n|switch|p2a: King|Aegislash, M, shiny|23\/100\n|move|p1a: Gliscor|Tailwind|p1a: Gliscor\n|-sidestart|p1: OldFrozenWolf|move: Tailwind\n|\n|-heal|p2a: King|30\/100|[from] item: Leftovers\n|-heal|p1a: Gliscor|100\/100 tox|[from] ability: Poison Heal\n|upkeep\n|turn|20\n|\n|t:|1700256101\n|move|p2a: King|King's Shield|p2a: King\n|-singleturn|p2a: King|Protect\n|move|p1a: Gliscor|Earthquake|p2a: King\n|-activate|p2a: King|move: Protect\n|\n|-heal|p2a: King|36\/100|[from] item: Leftovers\n|upkeep\n|turn|21\n|\n|t:|1700256110\n|switch|p2a: Zap|Rotom, shiny|94\/100 tox\n|move|p1a: Gliscor|Earthquake|p2a: Zap\n|-immune|p2a: Zap|[from] ability: Levitate\n|\n|-damage|p2a: Zap|88\/100 tox|[from] psn\n|upkeep\n|turn|22\n|\n|t:|1700256127\n|switch|p2a: Slap|Lopunny-Mega, F, shiny|100\/100\n|move|p1a: Gliscor|Earthquake|p2a: Slap\n|-damage|p2a: Slap|57\/100\n|\n|-sideend|p1: OldFrozenWolf|move: Tailwind\n|upkeep\n|turn|23\n|\n|t:|1700256138\n|switch|p1a: Gliscor|Gliscor, M|56\/100\n|-status|p1a: Gliscor|psn\n|move|p2a: Slap|Fake Out|p1a: Gliscor\n|-damage|p1a: Gliscor|13\/100 psn\n|replace|p1a: Zoroark|Zoroark-Hisui, F\n|-end|p1a: Zoroark|Illusion\n|\n|-damage|p1a: Zoroark|0 fnt|[from] psn\n|faint|p1a: Zoroark\n|upkeep\n|\n|t:|1700256148\n|switch|p1a: Gliscor|Gliscor, M|100\/100 tox\n|turn|24\n|\n|t:|1700256162\n|move|p2a: Slap|Ice Punch|p1a: Gliscor\n|-supereffective|p1a: Gliscor\n|-damage|p1a: Gliscor|20\/100 tox\n|move|p1a: Gliscor|Earthquake|p2a: Slap\n|-damage|p2a: Slap|10\/100\n|\n|-heal|p1a: Gliscor|32\/100 tox|[from] ability: Poison Heal\n|upkeep\n|turn|25\n|\n|t:|1700256171\n|switch|p1a: Alomomola|Alomomola, M|100\/100\n|move|p2a: Slap|Ice Punch|p1a: Alomomola\n|-resisted|p1a: Alomomola\n|-damage|p1a: Alomomola|92\/100\n|\n|upkeep\n|turn|26\n|\n|t:|1700256179\n|switch|p2a: King|Aegislash, M, shiny|36\/100\n|move|p1a: Alomomola|Wish|p1a: Alomomola\n|\n|-heal|p2a: King|42\/100|[from] item: Leftovers\n|upkeep\n|turn|27\n|\n|t:|1700256191\n|-formechange|p2a: King|Aegislash-Blade||[from] ability: Stance Change\n|move|p2a: King|Shadow Ball|p1a: Alomomola\n|-damage|p1a: Alomomola|58\/100\n|move|p1a: Alomomola|Wish||[still]\n|-fail|p1a: Alomomola\n|\n|-heal|p1a: Alomomola|100\/100|[from] move: Wish|[wisher] Alomomola\n|-heal|p2a: King|48\/100|[from] item: Leftovers\n|upkeep\n|turn|28\n|\n|t:|1700256205\n|move|p2a: King|Shadow Ball|p1a: Alomomola\n|-damage|p1a: Alomomola|65\/100\n|move|p1a: Alomomola|Wish|p1a: Alomomola\n|\n|-heal|p2a: King|54\/100|[from] item: Leftovers\n|upkeep\n|turn|29\n|\n|t:|1700256214\n|move|p2a: King|Shadow Ball|p1a: Alomomola\n|-damage|p1a: Alomomola|32\/100\n|move|p1a: Alomomola|Flip Turn|p2a: King\n|-damage|p2a: King|26\/100\n|\n|t:|1700256221\n|switch|p1a: Gliscor|Gliscor, M|32\/100 tox|[from] Flip Turn\n|\n|-heal|p1a: Gliscor|99\/100 tox|[from] move: Wish|[wisher] Alomomola\n|-heal|p2a: King|33\/100|[from] item: Leftovers\n|-heal|p1a: Gliscor|100\/100 tox|[from] ability: Poison Heal\n|upkeep\n|turn|30\n|\n|t:|1700256229\n|-formechange|p2a: King|Aegislash||[from] ability: Stance Change\n|move|p2a: King|King's Shield|p2a: King\n|-singleturn|p2a: King|Protect\n|move|p1a: Gliscor|Earthquake|p2a: King\n|-activate|p2a: King|move: Protect\n|\n|-heal|p2a: King|39\/100|[from] item: Leftovers\n|upkeep\n|turn|31\n|\n|t:|1700256243\n|switch|p2a: Zap|Rotom, shiny|88\/100 tox\n|move|p1a: Gliscor|Earthquake|p2a: Zap\n|-immune|p2a: Zap|[from] ability: Levitate\n|\n|-damage|p2a: Zap|82\/100 tox|[from] psn\n|upkeep\n|turn|32\n|\n|t:|1700256251\n|-zpower|p2a: Zap\n|move|p2a: Zap|Z-Defog|p1a: Gliscor|[anim]Defog\n|-boost|p2a: Zap|accuracy|1|[zeffect]\n|-unboost|p1a: Gliscor|evasion|1\n|-sideend|p1: OldFrozenWolf|Toxic Spikes|[from] move: Defog|[of] p2a: Zap\n|move|p1a: Gliscor|Earthquake|p2a: Zap\n|-immune|p2a: Zap|[from] ability: Levitate\n|\n|-damage|p2a: Zap|69\/100 tox|[from] psn\n|upkeep\n|turn|33\n|\n|t:|1700256273\n|move|p2a: Zap|Foul Play|p1a: Gliscor\n|-damage|p1a: Gliscor|83\/100 tox\n|move|p1a: Gliscor|Toxic|p2a: Zap\n|-fail|p2a: Zap|tox\n|\n|-damage|p2a: Zap|51\/100 tox|[from] psn\n|-heal|p1a: Gliscor|95\/100 tox|[from] ability: Poison Heal\n|upkeep\n|turn|34\n|\n|t:|1700256283\n|move|p2a: Zap|Foul Play|p1a: Gliscor\n|-damage|p1a: Gliscor|79\/100 tox\n|move|p1a: Gliscor|Toxic|p2a: Zap\n|-fail|p2a: Zap|tox\n|\n|-damage|p2a: Zap|26\/100 tox|[from] psn\n|-heal|p1a: Gliscor|92\/100 tox|[from] ability: Poison Heal\n|upkeep\n|turn|35\n|\n|t:|1700256293\n|move|p2a: Zap|Thunder|p1a: Gliscor\n|-immune|p1a: Gliscor\n|move|p1a: Gliscor|Roost|p1a: Gliscor\n|-heal|p1a: Gliscor|100\/100 tox\n|-singleturn|p1a: Gliscor|move: Roost\n|\n|-damage|p2a: Zap|0 fnt|[from] psn\n|faint|p2a: Zap\n|upkeep\n|\n|t:|1700256303\n|switch|p2a: Spite|Ceruledge, M|100\/100\n|turn|36\n|\n|t:|1700256309\n|move|p2a: Spite|Swords Dance|p2a: Spite\n|-boost|p2a: Spite|atk|2\n|move|p1a: Gliscor|Earthquake|p2a: Spite\n|-supereffective|p2a: Spite\n|-damage|p2a: Spite|7\/100\n|-ability|p2a: Spite|Weak Armor|boost\n|-unboost|p2a: Spite|def|1\n|-boost|p2a: Spite|spe|2\n|\n|upkeep\n|turn|37\n|\n|t:|1700256326\n|switch|p1a: Alomomola|Alomomola, M|66\/100\n|-terastallize|p2a: Spite|Fire\n|move|p2a: Spite|Bitter Blade|p1a: Alomomola\n|-resisted|p1a: Alomomola\n|-damage|p1a: Alomomola|31\/100\n|-heal|p2a: Spite|35\/100|[from] drain|[of] p1a: Alomomola\n|\n|upkeep\n|turn|38\n|\n|t:|1700256338\n|move|p2a: Spite|Bitter Blade|p1a: Alomomola\n|-resisted|p1a: Alomomola\n|-damage|p1a: Alomomola|0 fnt\n|-heal|p2a: Spite|60\/100|[from] drain|[of] p1a: Alomomola\n|faint|p1a: Alomomola\n|\n|upkeep\n|\n|t:|1700256344\n|switch|p1a: Gliscor|Gliscor, M|100\/100 tox\n|turn|39\n|\n|t:|1700256347\n|move|p2a: Spite|Bitter Blade|p1a: Gliscor\n|-damage|p1a: Gliscor|8\/100 tox\n|-heal|p2a: Spite|100\/100|[from] drain|[of] p1a: Gliscor\n|move|p1a: Gliscor|Earthquake|p2a: Spite\n|-supereffective|p2a: Spite\n|-enditem|p2a: Spite|Focus Sash\n|-damage|p2a: Spite|1\/100\n|-ability|p2a: Spite|Weak Armor|boost\n|-unboost|p2a: Spite|def|1\n|-boost|p2a: Spite|spe|2\n|\n|-heal|p1a: Gliscor|20\/100 tox|[from] ability: Poison Heal\n|upkeep\n|turn|40\n|\n|t:|1700256367\n|move|p2a: Spite|Bitter Blade|p1a: Gliscor\n|-damage|p1a: Gliscor|0 fnt\n|-heal|p2a: Spite|13\/100|[from] drain|[of] p1a: Gliscor\n|faint|p1a: Gliscor\n|\n|upkeep\n|\n|t:|1700256373\n|switch|p1a: Sandslash|Sandslash-Alola, M, shiny, tera:Flying|60\/100\n|turn|41\n|c|\u2606MarcusTalks|the sash actually worked\n|\n|t:|1700256378\n|move|p2a: Spite|Bitter Blade|p1a: Sandslash\n|-damage|p1a: Sandslash|0 fnt\n|-heal|p2a: Spite|43\/100|[from] drain|[of] p1a: Sandslash\n|faint|p1a: Sandslash\n|\n|win|MarcusTalks\n|c|\u2606MarcusTalks|gg\n|c|\u2606OldFrozenWolf|omg i just threw that so ahrd\n|c|\u2606OldFrozenWolf|gg\n|l|\u2606MarcusTalks\n","uploadtime":1700256399,"views":33,"p1id":"oldfrozenwolf","p2id":"marcustalks","formatid":"gen9nationaldex","rating":0,"private":0,"password":""}