{"id":"gen9nationaldex-1992966880","p1":"Yoshiking506","p2":"PixBolado","format":"[Gen 9] National Dex","log":"|j|\u2606Yoshiking506\n|j|\u2606PixBolado\n|t:|1700251079\n|gametype|singles\n|player|p1|Yoshiking506|hilbert-wonderlauncher|1089\n|player|p2|PixBolado|acetrainerf-gen4|1174\n|teamsize|p1|6\n|teamsize|p2|6\n|gen|9\n|tier|[Gen 9] National Dex\n|rated|\n|rule|HP Percentage Mod: HP is shown in percentages\n|rule|Endless Battle Clause: Forcing endless battles is banned\n|rule|OHKO Clause: OHKO moves are banned\n|rule|Evasion Clause: Evasion abilities, items, and moves are banned\n|rule|Evasion Abilities Clause: Evasion abilities are banned\n|rule|Evasion Items Clause: Evasion items are banned\n|rule|Evasion Moves Clause: Evasion moves are banned\n|rule|Species Clause: Limit one of each Pok\u00e9mon\n|rule|Sleep Clause Mod: Limit one foe put to sleep\n|clearpoke\n|poke|p1|Greninja-*, M|\n|poke|p1|Dragonite, F|\n|poke|p1|Sylveon, F|\n|poke|p1|Aegislash, F|\n|poke|p1|Lilligant-Hisui, F|\n|poke|p1|Armarouge, M|\n|poke|p2|Garganacl, F|\n|poke|p2|Iron Valiant|\n|poke|p2|Charizard, M|\n|poke|p2|Great Tusk|\n|poke|p2|Toxapex, F|\n|poke|p2|Dragonite, M|\n|teampreview\n|inactive|Battle timer is ON: inactive players will automatically lose when time's up. (requested by Yoshiking506)\n|\n|t:|1700251092\n|start\n|switch|p1a: Lilligant|Lilligant-Hisui, F|100\/100\n|switch|p2a: Charizard|Charizard, M|100\/100\n|turn|1\n|\n|t:|1700251116\n|switch|p1a: Greninja|Greninja, M|100\/100\n|detailschange|p2a: Charizard|Charizard-Mega-Y, M\n|-mega|p2a: Charizard|Charizard|Charizardite Y\n|-weather|SunnyDay|[from] ability: Drought|[of] p2a: Charizard\n|move|p2a: Charizard|Solar Beam||[still]\n|-prepare|p2a: Charizard|Solar Beam\n|-anim|p2a: Charizard|Solar Beam|p1a: Greninja\n|-supereffective|p1a: Greninja\n|-enditem|p1a: Greninja|Focus Sash\n|-damage|p1a: Greninja|1\/100\n|\n|-weather|SunnyDay|[upkeep]\n|upkeep\n|turn|2\n|\n|t:|1700251132\n|switch|p2a: Toxapex|Toxapex, F|100\/100\n|move|p1a: Greninja|Scald|p2a: Toxapex\n|-resisted|p2a: Toxapex\n|-damage|p2a: Toxapex|95\/100\n|\n|-weather|SunnyDay|[upkeep]\n|-heal|p2a: Toxapex|100\/100|[from] item: Leftovers\n|upkeep\n|turn|3\n|\n|t:|1700251142\n|move|p1a: Greninja|Extrasensory|p2a: Toxapex\n|-supereffective|p2a: Toxapex\n|-damage|p2a: Toxapex|69\/100\n|cant|p2a: Toxapex|flinch\n|\n|-weather|SunnyDay|[upkeep]\n|-heal|p2a: Toxapex|75\/100|[from] item: Leftovers\n|upkeep\n|turn|4\n|\n|t:|1700251167\n|switch|p1a: Aegislash|Aegislash, F|100\/100\n|move|p2a: Toxapex|Toxic Spikes|p1a: Aegislash\n|-sidestart|p1: Yoshiking506|move: Toxic Spikes\n|\n|-weather|SunnyDay|[upkeep]\n|-heal|p2a: Toxapex|81\/100|[from] item: Leftovers\n|upkeep\n|turn|5\n|\n|t:|1700251175\n|move|p1a: Aegislash|Swords Dance|p1a: Aegislash\n|-boost|p1a: Aegislash|atk|2\n|move|p2a: Toxapex|Toxic Spikes|p1a: Aegislash\n|-sidestart|p1: Yoshiking506|move: Toxic Spikes\n|\n|-weather|none\n|-heal|p2a: Toxapex|88\/100|[from] item: Leftovers\n|upkeep\n|turn|6\n|\n|t:|1700251183\n|move|p1a: Aegislash|Swords Dance|p1a: Aegislash\n|-boost|p1a: Aegislash|atk|2\n|move|p2a: Toxapex|Scald|p1a: Aegislash\n|-damage|p1a: Aegislash|88\/100\n|\n|-heal|p1a: Aegislash|94\/100|[from] item: Leftovers\n|-heal|p2a: Toxapex|94\/100|[from] item: Leftovers\n|upkeep\n|turn|7\n|\n|t:|1700251193\n|-formechange|p1a: Aegislash|Aegislash-Blade||[from] ability: Stance Change\n|move|p1a: Aegislash|Iron Head|p2a: Toxapex\n|-resisted|p2a: Toxapex\n|-damage|p2a: Toxapex|42\/100\n|move|p2a: Toxapex|Scald|p1a: Aegislash\n|-damage|p1a: Aegislash|64\/100\n|\n|-heal|p1a: Aegislash|70\/100|[from] item: Leftovers\n|-heal|p2a: Toxapex|48\/100|[from] item: Leftovers\n|upkeep\n|turn|8\n|\n|t:|1700251210\n|switch|p2a: Charizard|Charizard-Mega-Y, M|100\/100\n|-weather|SunnyDay|[from] ability: Drought|[of] p2a: Charizard\n|move|p1a: Aegislash|Shadow Sneak|p2a: Charizard\n|-damage|p2a: Charizard|0 fnt\n|faint|p2a: Charizard\n|\n|-weather|SunnyDay|[upkeep]\n|-heal|p1a: Aegislash|76\/100|[from] item: Leftovers\n|upkeep\n|\n|t:|1700251220\n|switch|p2a: Dragonite|Dragonite, M|100\/100\n|turn|9\n|\n|t:|1700251232\n|-terastallize|p2a: Dragonite|Normal\n|move|p2a: Dragonite|Dragon Dance|p2a: Dragonite\n|-boost|p2a: Dragonite|atk|1\n|-boost|p2a: Dragonite|spe|1\n|move|p1a: Aegislash|Iron Head|p2a: Dragonite\n|-damage|p2a: Dragonite|0 fnt\n|faint|p2a: Dragonite\n|\n|-weather|SunnyDay|[upkeep]\n|-heal|p1a: Aegislash|82\/100|[from] item: Leftovers\n|upkeep\n|inactive|PixBolado has 120 seconds left.\n|\n|t:|1700251247\n|switch|p2a: Iron Valiant|Iron Valiant|100\/100\n|turn|10\n|\n|t:|1700251254\n|-formechange|p1a: Aegislash|Aegislash||[from] ability: Stance Change\n|move|p1a: Aegislash|King's Shield|p1a: Aegislash\n|-singleturn|p1a: Aegislash|Protect\n|move|p2a: Iron Valiant|Thunderbolt|p1a: Aegislash\n|-activate|p1a: Aegislash|move: Protect\n|\n|-weather|SunnyDay|[upkeep]\n|-heal|p1a: Aegislash|88\/100|[from] item: Leftovers\n|upkeep\n|turn|11\n|\n|t:|1700251265\n|move|p2a: Iron Valiant|Thunderbolt|p1a: Aegislash\n|-damage|p1a: Aegislash|56\/100\n|-formechange|p1a: Aegislash|Aegislash-Blade||[from] ability: Stance Change\n|move|p1a: Aegislash|Iron Head|p2a: Iron Valiant\n|-supereffective|p2a: Iron Valiant\n|-damage|p2a: Iron Valiant|0 fnt\n|faint|p2a: Iron Valiant\n|-end|p2a: Iron Valiant|Quark Drive|[silent]\n|\n|-weather|SunnyDay|[upkeep]\n|-heal|p1a: Aegislash|62\/100|[from] item: Leftovers\n|upkeep\n|inactive|PixBolado has 120 seconds left.\n|\n|t:|1700251277\n|switch|p2a: Great Tusk|Great Tusk|100\/100\n|-activate|p2a: Great Tusk|ability: Protosynthesis\n|-start|p2a: Great Tusk|protosynthesisatk\n|turn|12\n|\n|t:|1700251283\n|-formechange|p1a: Aegislash|Aegislash||[from] ability: Stance Change\n|move|p1a: Aegislash|King's Shield|p1a: Aegislash\n|-singleturn|p1a: Aegislash|Protect\n|move|p2a: Great Tusk|Headlong Rush|p1a: Aegislash\n|-activate|p1a: Aegislash|move: Protect\n|-unboost|p2a: Great Tusk|atk|1\n|\n|-weather|none\n|-end|p2a: Great Tusk|Protosynthesis\n|-heal|p1a: Aegislash|68\/100|[from] item: Leftovers\n|upkeep\n|turn|13\n|\n|t:|1700251297\n|switch|p1a: Lilligant|Lilligant-Hisui, F|100\/100\n|-status|p1a: Lilligant|tox\n|move|p2a: Great Tusk|Headlong Rush|p1a: Lilligant\n|-resisted|p1a: Lilligant\n|-damage|p1a: Lilligant|63\/100 tox\n|-unboost|p2a: Great Tusk|def|1\n|-unboost|p2a: Great Tusk|spd|1\n|\n|-damage|p1a: Lilligant|57\/100 tox|[from] psn\n|upkeep\n|turn|14\n|\n|t:|1700251309\n|-end|p2a: Great Tusk|Protosynthesis|[silent]\n|switch|p2a: Toxapex|Toxapex, F|81\/100\n|move|p1a: Lilligant|Leaf Blade|p2a: Toxapex\n|-damage|p2a: Toxapex|47\/100\n|\n|-heal|p2a: Toxapex|53\/100|[from] item: Leftovers\n|-damage|p1a: Lilligant|45\/100 tox|[from] psn\n|upkeep\n|turn|15\n|\n|t:|1700251321\n|move|p2a: Toxapex|Baneful Bunker|p2a: Toxapex\n|-singleturn|p2a: Toxapex|move: Protect\n|move|p1a: Lilligant|Victory Dance|p1a: Lilligant\n|-boost|p1a: Lilligant|atk|1\n|-boost|p1a: Lilligant|def|1\n|-boost|p1a: Lilligant|spe|1\n|\n|-heal|p2a: Toxapex|59\/100|[from] item: Leftovers\n|-damage|p1a: Lilligant|27\/100 tox|[from] psn\n|upkeep\n|turn|16\n|\n|t:|1700251336\n|move|p2a: Toxapex|Baneful Bunker||[still]\n|-fail|p2a: Toxapex\n|move|p1a: Lilligant|Leaf Blade|p2a: Toxapex\n|-damage|p2a: Toxapex|6\/100\n|\n|-heal|p2a: Toxapex|13\/100|[from] item: Leftovers\n|-damage|p1a: Lilligant|3\/100 tox|[from] psn\n|upkeep\n|turn|17\n|\n|t:|1700251347\n|move|p2a: Toxapex|Baneful Bunker|p2a: Toxapex\n|-singleturn|p2a: Toxapex|move: Protect\n|move|p1a: Lilligant|Leaf Blade|p2a: Toxapex\n|-activate|p2a: Toxapex|move: Protect\n|\n|-heal|p2a: Toxapex|19\/100|[from] item: Leftovers\n|-damage|p1a: Lilligant|0 fnt|[from] psn\n|faint|p1a: Lilligant\n|upkeep\n|\n|t:|1700251351\n|switch|p1a: Aegislash|Aegislash, F|68\/100\n|turn|18\n|\n|t:|1700251370\n|switch|p2a: Great Tusk|Great Tusk|100\/100\n|-formechange|p1a: Aegislash|Aegislash-Blade||[from] ability: Stance Change\n|move|p1a: Aegislash|Shadow Sneak|p2a: Great Tusk\n|-damage|p2a: Great Tusk|87\/100\n|\n|-heal|p1a: Aegislash|75\/100|[from] item: Leftovers\n|upkeep\n|turn|19\n|\n|t:|1700251379\n|-formechange|p1a: Aegislash|Aegislash||[from] ability: Stance Change\n|move|p1a: Aegislash|King's Shield|p1a: Aegislash\n|-singleturn|p1a: Aegislash|Protect\n|move|p2a: Great Tusk|Bulk Up|p2a: Great Tusk\n|-boost|p2a: Great Tusk|atk|1\n|-boost|p2a: Great Tusk|def|1\n|\n|-heal|p1a: Aegislash|81\/100|[from] item: Leftovers\n|upkeep\n|turn|20\n|\n|t:|1700251390\n|switch|p1a: Dragonite|Dragonite, F|100\/100\n|move|p2a: Great Tusk|Bulk Up|p2a: Great Tusk\n|-boost|p2a: Great Tusk|atk|1\n|-boost|p2a: Great Tusk|def|1\n|\n|upkeep\n|turn|21\n|\n|t:|1700251398\n|move|p1a: Dragonite|Dragon Dance|p1a: Dragonite\n|-boost|p1a: Dragonite|atk|1\n|-boost|p1a: Dragonite|spe|1\n|move|p2a: Great Tusk|Rapid Spin|p1a: Dragonite\n|-damage|p1a: Dragonite|81\/100\n|-boost|p2a: Great Tusk|spe|1\n|\n|upkeep\n|turn|22\n|\n|t:|1700251406\n|move|p1a: Dragonite|Dragon Claw|p2a: Great Tusk\n|-damage|p2a: Great Tusk|63\/100\n|move|p2a: Great Tusk|Rapid Spin|p1a: Dragonite\n|-damage|p1a: Dragonite|36\/100\n|-boost|p2a: Great Tusk|spe|1\n|\n|upkeep\n|turn|23\n|\n|t:|1700251414\n|move|p2a: Great Tusk|Rapid Spin|p1a: Dragonite\n|-damage|p1a: Dragonite|0 fnt\n|-boost|p2a: Great Tusk|spe|1\n|faint|p1a: Dragonite\n|\n|upkeep\n|\n|t:|1700251424\n|switch|p1a: Greninja|Greninja, M|1\/100\n|-status|p1a: Greninja|tox\n|turn|24\n|\n|t:|1700251431\n|move|p2a: Great Tusk|Rapid Spin|p1a: Greninja\n|-damage|p1a: Greninja|0 fnt\n|-boost|p2a: Great Tusk|spe|1\n|faint|p1a: Greninja\n|\n|upkeep\n|\n|t:|1700251437\n|switch|p1a: Armarouge|Armarouge, M|100\/100\n|turn|25\n|\n|t:|1700251443\n|-terastallize|p1a: Armarouge|Grass\n|move|p2a: Great Tusk|Headlong Rush|p1a: Armarouge\n|-resisted|p1a: Armarouge\n|-damage|p1a: Armarouge|43\/100\n|-unboost|p2a: Great Tusk|def|1\n|-unboost|p2a: Great Tusk|spd|1\n|-ability|p1a: Armarouge|Weak Armor|boost\n|-unboost|p1a: Armarouge|def|1\n|-boost|p1a: Armarouge|spe|2\n|move|p1a: Armarouge|Energy Ball|p2a: Great Tusk\n|-supereffective|p2a: Great Tusk\n|-damage|p2a: Great Tusk|0 fnt\n|faint|p2a: Great Tusk\n|-end|p2a: Great Tusk|Protosynthesis|[silent]\n|\n|upkeep\n|\n|t:|1700251457\n|switch|p2a: Toxapex|Toxapex, F|52\/100\n|turn|26\n|\n|t:|1700251464\n|move|p1a: Armarouge|Calm Mind|p1a: Armarouge\n|-boost|p1a: Armarouge|spa|1\n|-boost|p1a: Armarouge|spd|1\n|move|p2a: Toxapex|Toxic|p1a: Armarouge\n|-status|p1a: Armarouge|tox\n|\n|-heal|p2a: Toxapex|58\/100|[from] item: Leftovers\n|-damage|p1a: Armarouge|37\/100 tox|[from] psn\n|upkeep\n|turn|27\n|\n|t:|1700251475\n|move|p2a: Toxapex|Baneful Bunker|p2a: Toxapex\n|-singleturn|p2a: Toxapex|move: Protect\n|move|p1a: Armarouge|Psyshock|p2a: Toxapex\n|-activate|p2a: Toxapex|move: Protect\n|\n|-heal|p2a: Toxapex|65\/100|[from] item: Leftovers\n|-damage|p1a: Armarouge|25\/100 tox|[from] psn\n|upkeep\n|turn|28\n|\n|t:|1700251487\n|move|p2a: Toxapex|Baneful Bunker||[still]\n|-fail|p2a: Toxapex\n|move|p1a: Armarouge|Energy Ball|p2a: Toxapex\n|-damage|p2a: Toxapex|22\/100\n|\n|-heal|p2a: Toxapex|28\/100|[from] item: Leftovers\n|-damage|p1a: Armarouge|7\/100 tox|[from] psn\n|upkeep\n|turn|29\n|\n|t:|1700251497\n|move|p2a: Toxapex|Baneful Bunker|p2a: Toxapex\n|-singleturn|p2a: Toxapex|move: Protect\n|move|p1a: Armarouge|Energy Ball|p2a: Toxapex\n|-activate|p2a: Toxapex|move: Protect\n|\n|-heal|p2a: Toxapex|35\/100|[from] item: Leftovers\n|-damage|p1a: Armarouge|0 fnt|[from] psn\n|faint|p1a: Armarouge\n|upkeep\n|\n|t:|1700251499\n|switch|p1a: Aegislash|Aegislash, F|81\/100\n|turn|30\n|\n|t:|1700251511\n|move|p1a: Aegislash|Swords Dance|p1a: Aegislash\n|-boost|p1a: Aegislash|atk|2\n|move|p2a: Toxapex|Scald|p1a: Aegislash\n|-damage|p1a: Aegislash|67\/100\n|-status|p1a: Aegislash|brn\n|\n|-heal|p1a: Aegislash|74\/100 brn|[from] item: Leftovers\n|-heal|p2a: Toxapex|41\/100|[from] item: Leftovers\n|-damage|p1a: Aegislash|67\/100 brn|[from] brn\n|upkeep\n|turn|31\n|\n|t:|1700251528\n|switch|p2a: Garganacl|Garganacl, F|100\/100\n|move|p1a: Aegislash|Swords Dance|p1a: Aegislash\n|-boost|p1a: Aegislash|atk|2\n|\n|-heal|p1a: Aegislash|74\/100 brn|[from] item: Leftovers\n|-damage|p1a: Aegislash|67\/100 brn|[from] brn\n|upkeep\n|turn|32\n|\n|t:|1700251537\n|move|p1a: Aegislash|Swords Dance|p1a: Aegislash\n|-boost|p1a: Aegislash|atk|2\n|move|p2a: Garganacl|Iron Defense|p2a: Garganacl\n|-boost|p2a: Garganacl|def|2\n|\n|-heal|p1a: Aegislash|74\/100 brn|[from] item: Leftovers\n|-damage|p1a: Aegislash|67\/100 brn|[from] brn\n|upkeep\n|turn|33\n|\n|t:|1700251551\n|-formechange|p1a: Aegislash|Aegislash-Blade||[from] ability: Stance Change\n|move|p1a: Aegislash|Iron Head|p2a: Garganacl\n|-supereffective|p2a: Garganacl\n|-damage|p2a: Garganacl|51\/100\n|move|p2a: Garganacl|Recover|p2a: Garganacl\n|-heal|p2a: Garganacl|100\/100\n|\n|-heal|p1a: Aegislash|74\/100 brn|[from] item: Leftovers\n|-damage|p1a: Aegislash|67\/100 brn|[from] brn\n|upkeep\n|turn|34\n|\n|t:|1700251563\n|move|p1a: Aegislash|Iron Head|p2a: Garganacl\n|-supereffective|p2a: Garganacl\n|-damage|p2a: Garganacl|50\/100\n|move|p2a: Garganacl|Salt Cure|p1a: Aegislash\n|-resisted|p1a: Aegislash\n|-damage|p1a: Aegislash|56\/100 brn\n|-start|p1a: Aegislash|Salt Cure\n|\n|-heal|p1a: Aegislash|62\/100 brn|[from] item: Leftovers\n|-heal|p2a: Garganacl|57\/100|[from] item: Leftovers\n|-damage|p1a: Aegislash|56\/100 brn|[from] brn\n|-damage|p1a: Aegislash|31\/100 brn|[from] Salt Cure\n|upkeep\n|turn|35\n|\n|t:|1700251576\n|move|p1a: Aegislash|Iron Head|p2a: Garganacl\n|-supereffective|p2a: Garganacl\n|-damage|p2a: Garganacl|6\/100\n|cant|p2a: Garganacl|flinch\n|\n|-heal|p1a: Aegislash|37\/100 brn|[from] item: Leftovers\n|-heal|p2a: Garganacl|12\/100|[from] item: Leftovers\n|-damage|p1a: Aegislash|31\/100 brn|[from] brn\n|-damage|p1a: Aegislash|6\/100 brn|[from] Salt Cure\n|upkeep\n|turn|36\n|\n|t:|1700251589\n|move|p1a: Aegislash|Iron Head|p2a: Garganacl\n|-supereffective|p2a: Garganacl\n|-damage|p2a: Garganacl|0 fnt\n|faint|p2a: Garganacl\n|\n|-heal|p1a: Aegislash|12\/100 brn|[from] item: Leftovers\n|-damage|p1a: Aegislash|6\/100 brn|[from] brn\n|-damage|p1a: Aegislash|0 fnt|[from] Salt Cure\n|faint|p1a: Aegislash\n|upkeep\n|\n|t:|1700251599\n|switch|p1a: Sylveon|Sylveon, F|100\/100\n|switch|p2a: Toxapex|Toxapex, F|74\/100\n|-status|p1a: Sylveon|tox\n|turn|37\n|\n|t:|1700251607\n|move|p1a: Sylveon|Calm Mind|p1a: Sylveon\n|-boost|p1a: Sylveon|spa|1\n|-boost|p1a: Sylveon|spd|1\n|move|p2a: Toxapex|Scald|p1a: Sylveon\n|-damage|p1a: Sylveon|92\/100 tox\n|\n|-heal|p1a: Sylveon|98\/100 tox|[from] item: Leftovers\n|-heal|p2a: Toxapex|80\/100|[from] item: Leftovers\n|-damage|p1a: Sylveon|92\/100 tox|[from] psn\n|upkeep\n|turn|38\n|\n|t:|1700251624\n|move|p1a: Sylveon|Calm Mind|p1a: Sylveon\n|-boost|p1a: Sylveon|spa|1\n|-boost|p1a: Sylveon|spd|1\n|move|p2a: Toxapex|Scald|p1a: Sylveon\n|-damage|p1a: Sylveon|87\/100 tox\n|\n|-heal|p1a: Sylveon|93\/100 tox|[from] item: Leftovers\n|-heal|p2a: Toxapex|87\/100|[from] item: Leftovers\n|-damage|p1a: Sylveon|80\/100 tox|[from] psn\n|upkeep\n|turn|39\n|\n|t:|1700251636\n|move|p1a: Sylveon|Hidden Power|p2a: Toxapex\n|-supereffective|p2a: Toxapex\n|-damage|p2a: Toxapex|49\/100\n|move|p2a: Toxapex|Scald|p1a: Sylveon\n|-damage|p1a: Sylveon|74\/100 tox\n|\n|-heal|p1a: Sylveon|80\/100 tox|[from] item: Leftovers\n|-heal|p2a: Toxapex|55\/100|[from] item: Leftovers\n|-damage|p1a: Sylveon|62\/100 tox|[from] psn\n|upkeep\n|turn|40\n|\n|t:|1700251648\n|move|p1a: Sylveon|Hidden Power|p2a: Toxapex\n|-supereffective|p2a: Toxapex\n|-damage|p2a: Toxapex|18\/100\n|move|p2a: Toxapex|Scald|p1a: Sylveon\n|-damage|p1a: Sylveon|56\/100 tox\n|\n|-heal|p1a: Sylveon|62\/100 tox|[from] item: Leftovers\n|-heal|p2a: Toxapex|24\/100|[from] item: Leftovers\n|-damage|p1a: Sylveon|38\/100 tox|[from] psn\n|upkeep\n|turn|41\n|\n|t:|1700251659\n|move|p2a: Toxapex|Baneful Bunker|p2a: Toxapex\n|-singleturn|p2a: Toxapex|move: Protect\n|move|p1a: Sylveon|Hidden Power|p2a: Toxapex\n|-activate|p2a: Toxapex|move: Protect\n|\n|-heal|p1a: Sylveon|44\/100 tox|[from] item: Leftovers\n|-heal|p2a: Toxapex|30\/100|[from] item: Leftovers\n|-damage|p1a: Sylveon|13\/100 tox|[from] psn\n|upkeep\n|turn|42\n|\n|t:|1700251670\n|move|p2a: Toxapex|Baneful Bunker||[still]\n|-fail|p2a: Toxapex\n|move|p1a: Sylveon|Hidden Power|p2a: Toxapex\n|-supereffective|p2a: Toxapex\n|-damage|p2a: Toxapex|0 fnt\n|faint|p2a: Toxapex\n|\n|win|Yoshiking506\n|raw|Yoshiking506's rating: 1089 &rarr; <strong>1122<\/strong><br \/>(+33 for winning)\n|raw|PixBolado's rating: 1174 &rarr; <strong>1143<\/strong><br \/>(-31 for losing)\n|l|\u2606Yoshiking506\n","uploadtime":1700251684,"views":8,"p1id":"yoshiking506","p2id":"pixbolado","formatid":"gen9nationaldex","rating":1122,"private":0,"password":""}