{"id":"gen9nationaldex-1994194967","p1":"PikachuXD317878","p2":"Ricardo2221","format":"[Gen 9] National Dex","log":"|j|\u2606PikachuXD317878\n|j|\u2606Ricardo2221\n|t:|1700417605\n|gametype|singles\n|player|p1|PikachuXD317878|rye|\n|player|p2|Ricardo2221|benga|\n|teamsize|p1|6\n|teamsize|p2|6\n|gen|9\n|tier|[Gen 9] National Dex\n|rule|HP Percentage Mod: HP is shown in percentages\n|rule|Endless Battle Clause: Forcing endless battles is banned\n|rule|OHKO Clause: OHKO moves are banned\n|rule|Evasion Clause: Evasion abilities, items, and moves are banned\n|rule|Evasion Abilities Clause: Evasion abilities are banned\n|rule|Evasion Items Clause: Evasion items are banned\n|rule|Evasion Moves Clause: Evasion moves are banned\n|rule|Species Clause: Limit one of each Pok\u00e9mon\n|rule|Sleep Clause Mod: Limit one foe put to sleep\n|clearpoke\n|poke|p1|Garchomp, F|\n|poke|p1|Primarina, F|\n|poke|p1|Charizard, M|\n|poke|p1|Lilligant-Hisui, F|\n|poke|p1|Sneasler, F|\n|poke|p1|Aegislash, M|\n|poke|p2|Charizard, F|\n|poke|p2|Skeledirge, M|\n|poke|p2|Volcarona, F|\n|poke|p2|Rotom-Heat|\n|poke|p2|Torkoal, M|\n|poke|p2|Scovillain, M|\n|teampreview\n|inactive|Battle timer is ON: inactive players will automatically lose when time's up. (requested by PikachuXD317878)\n|inactive|Ricardo2221 also wants the timer to be on.\n|c|\u2606PikachuXD317878|suerte\n|\n|t:|1700417624\n|start\n|switch|p1a: Garchomp|Garchomp, F|100\/100\n|switch|p2a: Rotom|Rotom-Heat|100\/100\n|turn|1\n|\n|t:|1700417632\n|move|p2a: Rotom|Will-O-Wisp|p1a: Garchomp|[miss]\n|-miss|p2a: Rotom|p1a: Garchomp\n|move|p1a: Garchomp|Stealth Rock|p2a: Rotom\n|-sidestart|p2: Ricardo2221|move: Stealth Rock\n|\n|upkeep\n|turn|2\n|\n|t:|1700417637\n|move|p2a: Rotom|Will-O-Wisp|p1a: Garchomp\n|-status|p1a: Garchomp|brn\n|move|p1a: Garchomp|Dragon Tail|p2a: Rotom\n|-damage|p2a: Rotom|82\/100\n|drag|p2a: Skeledirge|Skeledirge, M|100\/100\n|-damage|p2a: Skeledirge|75\/100|[from] Stealth Rock\n|\n|-heal|p2a: Skeledirge|82\/100|[from] item: Leftovers\n|-damage|p1a: Garchomp|94\/100 brn|[from] brn\n|upkeep\n|turn|3\n|\n|t:|1700417657\n|move|p2a: Skeledirge|Torch Song|p1a: Garchomp\n|-resisted|p1a: Garchomp\n|-crit|p1a: Garchomp\n|-damage|p1a: Garchomp|73\/100 brn\n|-boost|p2a: Skeledirge|spa|1\n|move|p1a: Garchomp|Dragon Tail|p2a: Skeledirge\n|-damage|p2a: Skeledirge|71\/100\n|drag|p2a: Rotom|Rotom-Heat|82\/100\n|-damage|p2a: Rotom|57\/100|[from] Stealth Rock\n|\n|-damage|p1a: Garchomp|67\/100 brn|[from] brn\n|upkeep\n|turn|4\n|\n|t:|1700417662\n|move|p2a: Rotom|Trick|p1a: Garchomp\n|-activate|p2a: Rotom|move: Trick|[of] p1a: Garchomp\n|-item|p1a: Garchomp|Choice Scarf|[from] move: Trick\n|-item|p2a: Rotom|Rocky Helmet|[from] move: Trick\n|move|p1a: Garchomp|Spikes|p2a: Rotom\n|-sidestart|p2: Ricardo2221|Spikes\n|\n|-damage|p1a: Garchomp|60\/100 brn|[from] brn\n|upkeep\n|turn|5\n|\n|t:|1700417671\n|switch|p2a: Volcarona|Volcarona, F|100\/100\n|move|p1a: Garchomp|Spikes|p2a: Volcarona\n|-sidestart|p2: Ricardo2221|Spikes\n|\n|-damage|p1a: Garchomp|54\/100 brn|[from] brn\n|upkeep\n|turn|6\n|\n|t:|1700417676\n|switch|p1a: Aegislash|Aegislash, M|100\/100\n|move|p2a: Volcarona|Quiver Dance|p2a: Volcarona\n|-boost|p2a: Volcarona|spa|1\n|-boost|p2a: Volcarona|spd|1\n|-boost|p2a: Volcarona|spe|1\n|\n|upkeep\n|turn|7\n|inactive|PikachuXD317878 has 270 seconds left.\n|inactive|PikachuXD317878 has 240 seconds left.\n|\n|t:|1700417737\n|-terastallize|p1a: Aegislash|Water\n|move|p2a: Volcarona|Quiver Dance|p2a: Volcarona\n|-boost|p2a: Volcarona|spa|1\n|-boost|p2a: Volcarona|spd|1\n|-boost|p2a: Volcarona|spe|1\n|move|p1a: Aegislash|Swords Dance|p1a: Aegislash\n|-boost|p1a: Aegislash|atk|2\n|\n|upkeep\n|turn|8\n|\n|t:|1700417744\n|move|p2a: Volcarona|Giga Drain|p1a: Aegislash\n|-supereffective|p1a: Aegislash\n|-damage|p1a: Aegislash|5\/100\n|-formechange|p1a: Aegislash|Aegislash-Blade||[from] ability: Stance Change\n|move|p1a: Aegislash|Iron Head|p2a: Volcarona\n|-resisted|p2a: Volcarona\n|-damage|p2a: Volcarona|19\/100\n|\n|-heal|p1a: Aegislash|11\/100|[from] item: Leftovers\n|upkeep\n|turn|9\n|\n|t:|1700417750\n|move|p1a: Aegislash|Shadow Sneak|p2a: Volcarona\n|-damage|p2a: Volcarona|0 fnt\n|-status|p1a: Aegislash|brn|[from] ability: Flame Body|[of] p2a: Volcarona\n|faint|p2a: Volcarona\n|\n|-heal|p1a: Aegislash|17\/100 brn|[from] item: Leftovers\n|-damage|p1a: Aegislash|11\/100 brn|[from] brn\n|upkeep\n|\n|t:|1700417755\n|switch|p2a: Torkoal|Torkoal, M|100\/100\n|-damage|p2a: Torkoal|76\/100|[from] Stealth Rock\n|-damage|p2a: Torkoal|59\/100|[from] Spikes\n|-weather|SunnyDay|[from] ability: Drought|[of] p2a: Torkoal\n|turn|10\n|inactive|PikachuXD317878 has 270 seconds left.\n|\n|t:|1700417763\n|-formechange|p1a: Aegislash|Aegislash||[from] ability: Stance Change\n|move|p1a: Aegislash|King's Shield|p1a: Aegislash\n|-singleturn|p1a: Aegislash|Protect\n|move|p2a: Torkoal|Rapid Spin|p1a: Aegislash\n|-activate|p1a: Aegislash|move: Protect\n|-unboost|p2a: Torkoal|atk|1\n|\n|-weather|SunnyDay|[upkeep]\n|-heal|p1a: Aegislash|17\/100 brn|[from] item: Leftovers\n|-damage|p1a: Aegislash|11\/100 brn|[from] brn\n|upkeep\n|turn|11\n|inactive|PikachuXD317878 has 270 seconds left.\n|\n|t:|1700417776\n|switch|p1a: Garchomp|Garchomp, F|54\/100 brn\n|move|p2a: Torkoal|Rapid Spin|p1a: Garchomp\n|-damage|p1a: Garchomp|50\/100 brn\n|-boost|p2a: Torkoal|spe|1\n|-damage|p2a: Torkoal|47\/100|[from] ability: Rough Skin|[of] p1a: Garchomp\n|-sideend|p2: Ricardo2221|Spikes|[from] move: Rapid Spin|[of] p2a: Torkoal\n|-sideend|p2: Ricardo2221|Stealth Rock|[from] move: Rapid Spin|[of] p2a: Torkoal\n|\n|-weather|SunnyDay|[upkeep]\n|-damage|p1a: Garchomp|43\/100 brn|[from] brn\n|upkeep\n|turn|12\n|\n|t:|1700417786\n|switch|p2a: Scovillain|Scovillain, M|100\/100\n|move|p1a: Garchomp|Stealth Rock|p2a: Scovillain\n|-sidestart|p2: Ricardo2221|move: Stealth Rock\n|\n|-weather|SunnyDay|[upkeep]\n|-damage|p1a: Garchomp|37\/100 brn|[from] brn\n|upkeep\n|turn|13\n|\n|t:|1700417792\n|switch|p1a: Charizard|Charizard, M|100\/100\n|move|p2a: Scovillain|Flamethrower|p1a: Charizard\n|-resisted|p1a: Charizard\n|-damage|p1a: Charizard|36\/100\n|\n|-weather|SunnyDay|[upkeep]\n|upkeep\n|turn|14\n|\n|t:|1700417799\n|move|p2a: Scovillain|Flamethrower|p1a: Charizard\n|-resisted|p1a: Charizard\n|-damage|p1a: Charizard|0 fnt\n|faint|p1a: Charizard\n|\n|-weather|SunnyDay|[upkeep]\n|upkeep\n|\n|t:|1700417809\n|switch|p1a: Garchomp|Garchomp, F|37\/100 brn\n|turn|15\n|\n|t:|1700417816\n|move|p2a: Scovillain|Flamethrower|p1a: Garchomp\n|-resisted|p1a: Garchomp\n|-damage|p1a: Garchomp|0 fnt\n|faint|p1a: Garchomp\n|\n|-weather|SunnyDay|[upkeep]\n|upkeep\n|\n|t:|1700417831\n|switch|p1a: Lilligant|Lilligant-Hisui, F|100\/100\n|turn|16\n|\n|t:|1700417834\n|move|p1a: Lilligant|Close Combat|p2a: Scovillain\n|-damage|p2a: Scovillain|0 fnt\n|-unboost|p1a: Lilligant|def|1\n|-unboost|p1a: Lilligant|spd|1\n|faint|p2a: Scovillain\n|\n|-weather|SunnyDay|[upkeep]\n|upkeep\n|\n|t:|1700417839\n|switch|p2a: Skeledirge|Skeledirge, M|71\/100\n|-damage|p2a: Skeledirge|46\/100|[from] Stealth Rock\n|turn|17\n|\n|t:|1700417842\n|switch|p1a: Aegislash|Aegislash, M, tera:Water|11\/100 brn\n|move|p2a: Skeledirge|Slack Off|p2a: Skeledirge\n|-heal|p2a: Skeledirge|96\/100\n|\n|-weather|none\n|-heal|p2a: Skeledirge|100\/100|[from] item: Leftovers\n|-heal|p1a: Aegislash|17\/100 brn|[from] item: Leftovers\n|-damage|p1a: Aegislash|11\/100 brn|[from] brn\n|upkeep\n|turn|18\n|\n|t:|1700417847\n|-formechange|p1a: Aegislash|Aegislash-Blade||[from] ability: Stance Change\n|move|p1a: Aegislash|Shadow Sneak|p2a: Skeledirge\n|-supereffective|p2a: Skeledirge\n|-damage|p2a: Skeledirge|81\/100\n|move|p2a: Skeledirge|Shadow Ball|p1a: Aegislash\n|-damage|p1a: Aegislash|0 fnt\n|faint|p1a: Aegislash\n|\n|-heal|p2a: Skeledirge|87\/100|[from] item: Leftovers\n|upkeep\n|\n|t:|1700417850\n|switch|p1a: Primarina|Primarina, F|100\/100\n|turn|19\n|\n|t:|1700417854\n|move|p2a: Skeledirge|Will-O-Wisp|p1a: Primarina\n|-status|p1a: Primarina|brn\n|move|p1a: Primarina|Encore|p2a: Skeledirge\n|-start|p2a: Skeledirge|Encore\n|\n|-heal|p2a: Skeledirge|93\/100|[from] item: Leftovers\n|-damage|p1a: Primarina|94\/100 brn|[from] brn\n|upkeep\n|turn|20\n|\n|t:|1700417862\n|switch|p2a: Torkoal|Torkoal, M|47\/100\n|-damage|p2a: Torkoal|22\/100|[from] Stealth Rock\n|-weather|SunnyDay|[from] ability: Drought|[of] p2a: Torkoal\n|move|p1a: Primarina|Substitute|p1a: Primarina\n|-start|p1a: Primarina|Substitute\n|-damage|p1a: Primarina|70\/100 brn\n|\n|-weather|SunnyDay|[upkeep]\n|-heal|p1a: Primarina|76\/100 brn|[from] item: Leftovers\n|-damage|p1a: Primarina|70\/100 brn|[from] brn\n|upkeep\n|turn|21\n|\n|t:|1700417866\n|move|p1a: Primarina|Calm Mind|p1a: Primarina\n|-boost|p1a: Primarina|spa|1\n|-boost|p1a: Primarina|spd|1\n|move|p2a: Torkoal|Rapid Spin|p1a: Primarina\n|-activate|p1a: Primarina|move: Substitute|[damage]\n|-sideend|p2: Ricardo2221|Stealth Rock|[from] move: Rapid Spin|[of] p2a: Torkoal\n|-boost|p2a: Torkoal|spe|1\n|\n|-weather|SunnyDay|[upkeep]\n|-heal|p1a: Primarina|76\/100 brn|[from] item: Leftovers\n|-damage|p1a: Primarina|70\/100 brn|[from] brn\n|upkeep\n|turn|22\n|\n|t:|1700417869\n|move|p1a: Primarina|Encore|p2a: Torkoal\n|-start|p2a: Torkoal|Encore\n|move|p2a: Torkoal|Rapid Spin|p1a: Primarina\n|-activate|p1a: Primarina|move: Substitute|[damage]\n|-boost|p2a: Torkoal|spe|1\n|\n|-weather|SunnyDay|[upkeep]\n|-heal|p1a: Primarina|76\/100 brn|[from] item: Leftovers\n|-damage|p1a: Primarina|70\/100 brn|[from] brn\n|upkeep\n|turn|23\n|\n|t:|1700417871\n|move|p1a: Primarina|Calm Mind|p1a: Primarina\n|-boost|p1a: Primarina|spa|1\n|-boost|p1a: Primarina|spd|1\n|move|p2a: Torkoal|Rapid Spin|p1a: Primarina\n|-activate|p1a: Primarina|move: Substitute|[damage]\n|-boost|p2a: Torkoal|spe|1\n|\n|-weather|SunnyDay|[upkeep]\n|-heal|p1a: Primarina|76\/100 brn|[from] item: Leftovers\n|-damage|p1a: Primarina|70\/100 brn|[from] brn\n|upkeep\n|turn|24\n|\n|t:|1700417874\n|move|p2a: Torkoal|Rapid Spin|p1a: Primarina\n|-end|p1a: Primarina|Substitute\n|-boost|p2a: Torkoal|spe|1\n|move|p1a: Primarina|Substitute|p1a: Primarina\n|-start|p1a: Primarina|Substitute\n|-damage|p1a: Primarina|45\/100 brn\n|\n|-weather|SunnyDay|[upkeep]\n|-heal|p1a: Primarina|51\/100 brn|[from] item: Leftovers\n|-damage|p1a: Primarina|45\/100 brn|[from] brn\n|-end|p2a: Torkoal|Encore\n|upkeep\n|turn|25\n|\n|t:|1700417882\n|move|p2a: Torkoal|Rapid Spin|p1a: Primarina\n|-activate|p1a: Primarina|move: Substitute|[damage]\n|-boost|p2a: Torkoal|spe|1\n|move|p1a: Primarina|Scald|p2a: Torkoal\n|-supereffective|p2a: Torkoal\n|-damage|p2a: Torkoal|0 fnt\n|faint|p2a: Torkoal\n|\n|-weather|SunnyDay|[upkeep]\n|-heal|p1a: Primarina|51\/100 brn|[from] item: Leftovers\n|-damage|p1a: Primarina|45\/100 brn|[from] brn\n|upkeep\n|\n|t:|1700417888\n|switch|p2a: Charizard|Charizard, F|100\/100\n|turn|26\n|\n|t:|1700417893\n|detailschange|p2a: Charizard|Charizard-Mega-X, F\n|-mega|p2a: Charizard|Charizard|Charizardite X\n|move|p2a: Charizard|Earthquake|p1a: Primarina\n|-end|p1a: Primarina|Substitute\n|move|p1a: Primarina|Scald|p2a: Charizard\n|-damage|p2a: Charizard|53\/100\n|\n|-weather|SunnyDay|[upkeep]\n|-heal|p1a: Primarina|51\/100 brn|[from] item: Leftovers\n|-damage|p1a: Primarina|45\/100 brn|[from] brn\n|upkeep\n|turn|27\n|\n|t:|1700417897\n|move|p2a: Charizard|Earthquake|p1a: Primarina\n|-damage|p1a: Primarina|14\/100 brn\n|move|p1a: Primarina|Scald|p2a: Charizard\n|-damage|p2a: Charizard|0 fnt\n|faint|p2a: Charizard\n|\n|-weather|none\n|-heal|p1a: Primarina|20\/100 brn|[from] item: Leftovers\n|-damage|p1a: Primarina|14\/100 brn|[from] brn\n|upkeep\n|\n|t:|1700417903\n|switch|p2a: Rotom|Rotom-Heat|57\/100\n|turn|28\n|\n|t:|1700417906\n|move|p2a: Rotom|Thunderbolt|p1a: Primarina\n|-supereffective|p1a: Primarina\n|-damage|p1a: Primarina|0 fnt\n|faint|p1a: Primarina\n|\n|upkeep\n|\n|t:|1700417910\n|switch|p1a: Lilligant|Lilligant-Hisui, F|100\/100\n|turn|29\n|\n|t:|1700417914\n|move|p1a: Lilligant|Close Combat|p2a: Rotom\n|-damage|p2a: Rotom|0 fnt\n|-unboost|p1a: Lilligant|def|1\n|-unboost|p1a: Lilligant|spd|1\n|-damage|p1a: Lilligant|84\/100|[from] item: Rocky Helmet|[of] p2a: Rotom\n|faint|p2a: Rotom\n|\n|upkeep\n|\n|t:|1700417918\n|switch|p2a: Skeledirge|Skeledirge, M|93\/100\n|turn|30\n|\n|t:|1700417922\n|move|p1a: Lilligant|Close Combat|p2a: Skeledirge\n|-immune|p2a: Skeledirge\n|move|p2a: Skeledirge|Torch Song|p1a: Lilligant\n|-supereffective|p1a: Lilligant\n|-damage|p1a: Lilligant|0 fnt\n|-boost|p2a: Skeledirge|spa|1\n|faint|p1a: Lilligant\n|\n|-heal|p2a: Skeledirge|99\/100|[from] item: Leftovers\n|upkeep\n|\n|t:|1700417924\n|switch|p1a: Sneasler|Sneasler, F|100\/100\n|turn|31\n|\n|t:|1700417929\n|move|p1a: Sneasler|Lash Out|p2a: Skeledirge\n|-supereffective|p2a: Skeledirge\n|-damage|p2a: Skeledirge|53\/100\n|move|p2a: Skeledirge|Torch Song|p1a: Sneasler\n|-damage|p1a: Sneasler|35\/100\n|-boost|p2a: Skeledirge|spa|1\n|\n|-heal|p2a: Skeledirge|59\/100|[from] item: Leftovers\n|upkeep\n|turn|32\n|\n|t:|1700417932\n|move|p1a: Sneasler|Lash Out|p2a: Skeledirge\n|-supereffective|p2a: Skeledirge\n|-damage|p2a: Skeledirge|7\/100\n|move|p2a: Skeledirge|Torch Song|p1a: Sneasler\n|-damage|p1a: Sneasler|0 fnt\n|-boost|p2a: Skeledirge|spa|1\n|faint|p1a: Sneasler\n|\n|win|Ricardo2221\n|c|\u2606PikachuXD317878|gg\n","uploadtime":1700417937,"views":6,"p1id":"pikachuxd317878","p2id":"ricardo2221","formatid":"gen9nationaldex","rating":0,"private":0,"password":""}