{"id":"gen9nationaldex-1994167825","p1":"galajan8989","p2":"blancasofia","format":"[Gen 9] National Dex","log":"|j|\u2606galajan8989\n|j|\u2606blancasofia\n|t:|1700414696\n|gametype|singles\n|player|p1|galajan8989|giovanni|\n|player|p2|blancasofia|acetrainerf|\n|teamsize|p1|6\n|teamsize|p2|6\n|gen|9\n|tier|[Gen 9] National Dex\n|rule|HP Percentage Mod: HP is shown in percentages\n|rule|Endless Battle Clause: Forcing endless battles is banned\n|rule|OHKO Clause: OHKO moves are banned\n|rule|Evasion Clause: Evasion abilities, items, and moves are banned\n|rule|Evasion Abilities Clause: Evasion abilities are banned\n|rule|Evasion Items Clause: Evasion items are banned\n|rule|Evasion Moves Clause: Evasion moves are banned\n|rule|Species Clause: Limit one of each Pok\u00e9mon\n|rule|Sleep Clause Mod: Limit one foe put to sleep\n|clearpoke\n|poke|p1|Talonflame, F|\n|poke|p1|Umbreon, F|\n|poke|p1|Crawdaunt, F|\n|poke|p1|Iron Valiant|\n|poke|p1|Gardevoir, M|\n|poke|p1|Quagsire, M|\n|poke|p2|Zebstrika, M|\n|poke|p2|Lapras, F|\n|poke|p2|Duraludon, F|\n|poke|p2|Incineroar, M|\n|poke|p2|Scolipede, F|\n|poke|p2|Metagross|\n|teampreview\n|c|\u2606galajan8989|Glhf\n|\n|t:|1700414722\n|start\n|switch|p1a: Gardevoir|Gardevoir, M|100\/100\n|switch|p2a: Denki|Zebstrika, M|100\/100\n|-ability|p1a: Gardevoir|Sap Sipper|[from] ability: Trace|[of] p2a: Denki\n|turn|1\n|\n|t:|1700414732\n|move|p2a: Denki|Hidden Power|p1a: Gardevoir\n|-ability|p1a: Gardevoir|Sap Sipper|boost\n|-boost|p1a: Gardevoir|atk|1\n|move|p1a: Gardevoir|Psychic|p2a: Denki\n|-damage|p2a: Denki|25\/100\n|\n|upkeep\n|turn|2\n|\n|t:|1700414741\n|switch|p2a: Kurohyou|Incineroar, M|100\/100\n|-ability|p2a: Kurohyou|Intimidate|boost\n|-unboost|p1a: Gardevoir|atk|1\n|detailschange|p1a: Gardevoir|Gardevoir-Mega, M\n|-mega|p1a: Gardevoir|Gardevoir|Gardevoirite\n|move|p1a: Gardevoir|Psychic|p2a: Kurohyou\n|-immune|p2a: Kurohyou\n|\n|upkeep\n|turn|3\n|\n|t:|1700414751\n|move|p2a: Kurohyou|Fake Out|p1a: Gardevoir\n|-damage|p1a: Gardevoir|81\/100\n|cant|p1a: Gardevoir|flinch\n|\n|upkeep\n|turn|4\n|\n|t:|1700414770\n|move|p1a: Gardevoir|Hyper Voice|p2a: Kurohyou\n|-crit|p2a: Kurohyou\n|-damage|p2a: Kurohyou|20\/100\n|-enditem|p2a: Kurohyou|Figy Berry|[eat]\n|-heal|p2a: Kurohyou|53\/100|[from] item: Figy Berry\n|move|p2a: Kurohyou|Parting Shot|p1a: Gardevoir\n|-unboost|p1a: Gardevoir|atk|1\n|-unboost|p1a: Gardevoir|spa|1\n|\n|t:|1700414777\n|switch|p2a: K\u014dtetsu|Metagross|100\/100|[from] Parting Shot\n|\n|upkeep\n|turn|5\n|\n|t:|1700414785\n|switch|p1a: Quagsire|Quagsire, M|100\/100\n|move|p2a: K\u014dtetsu|Bullet Punch|p1a: Quagsire\n|-resisted|p1a: Quagsire\n|-damage|p1a: Quagsire|88\/100\n|\n|-heal|p1a: Quagsire|94\/100|[from] item: Leftovers\n|upkeep\n|turn|6\n|\n|t:|1700414790\n|switch|p2a: Dokumushi|Scolipede, F|100\/100\n|move|p1a: Quagsire|Earthquake|p2a: Dokumushi\n|-damage|p2a: Dokumushi|55\/100\n|\n|-heal|p1a: Quagsire|100\/100|[from] item: Leftovers\n|upkeep\n|turn|7\n|\n|t:|1700414800\n|move|p2a: Dokumushi|Swords Dance|p2a: Dokumushi\n|-boost|p2a: Dokumushi|atk|2\n|move|p1a: Quagsire|Earthquake|p2a: Dokumushi\n|-damage|p2a: Dokumushi|13\/100\n|\n|-ability|p2a: Dokumushi|Speed Boost|boost\n|-boost|p2a: Dokumushi|spe|1\n|upkeep\n|turn|8\n|\n|t:|1700414808\n|move|p2a: Dokumushi|Megahorn|p1a: Quagsire\n|-damage|p1a: Quagsire|53\/100\n|-damage|p2a: Dokumushi|3\/100|[from] item: Life Orb\n|move|p1a: Quagsire|Earthquake|p2a: Dokumushi\n|-damage|p2a: Dokumushi|0 fnt\n|faint|p2a: Dokumushi\n|\n|-heal|p1a: Quagsire|59\/100|[from] item: Leftovers\n|upkeep\n|\n|t:|1700414817\n|switch|p2a: Denki|Zebstrika, M|25\/100\n|turn|9\n|\n|t:|1700414823\n|move|p2a: Denki|Hidden Power|p1a: Quagsire\n|-supereffective|p1a: Quagsire\n|-damage|p1a: Quagsire|0 fnt\n|faint|p1a: Quagsire\n|-damage|p2a: Denki|15\/100|[from] item: Life Orb\n|\n|upkeep\n|\n|t:|1700414831\n|switch|p1a: Gardevoir|Gardevoir-Mega, M|81\/100\n|turn|10\n|\n|t:|1700414837\n|switch|p2a: K\u014dtetsu|Metagross|100\/100\n|move|p1a: Gardevoir|Hyper Voice|p2a: K\u014dtetsu\n|-resisted|p2a: K\u014dtetsu\n|-damage|p2a: K\u014dtetsu|58\/100\n|\n|upkeep\n|turn|11\n|l|\u2606galajan8989\n|player|p1|\n|j|\u2606galajan8989\n|player|p1|galajan8989|giovanni\n|\n|t:|1700414861\n|move|p2a: K\u014dtetsu|Bullet Punch|p1a: Gardevoir\n|-supereffective|p1a: Gardevoir\n|-damage|p1a: Gardevoir|0 fnt\n|faint|p1a: Gardevoir\n|\n|upkeep\n|\n|t:|1700414865\n|switch|p1a: Talonflame|Talonflame, F|100\/100\n|turn|12\n|\n|t:|1700414878\n|switch|p2a: Kurohyou|Incineroar, M|53\/100\n|-ability|p2a: Kurohyou|Intimidate|boost\n|-unboost|p1a: Talonflame|atk|1\n|move|p1a: Talonflame|Will-O-Wisp|p2a: Kurohyou\n|-immune|p2a: Kurohyou\n|\n|upkeep\n|turn|13\n|\n|t:|1700414889\n|switch|p1a: Crawdaunt|Crawdaunt, F|100\/100\n|move|p2a: Kurohyou|Fake Out|p1a: Crawdaunt\n|-damage|p1a: Crawdaunt|85\/100\n|\n|upkeep\n|turn|14\n|\n|t:|1700414895\n|switch|p2a: Mizu|Lapras, F|100\/100\n|move|p1a: Crawdaunt|Swords Dance|p1a: Crawdaunt\n|-boost|p1a: Crawdaunt|atk|2\n|\n|upkeep\n|turn|15\n|\n|t:|1700414903\n|move|p1a: Crawdaunt|Knock Off|p2a: Mizu\n|-damage|p2a: Mizu|0 fnt\n|-enditem|p2a: Mizu|Assault Vest|[from] move: Knock Off|[of] p1a: Crawdaunt\n|faint|p2a: Mizu\n|\n|upkeep\n|\n|t:|1700414907\n|switch|p2a: Denki|Zebstrika, M|15\/100\n|turn|16\n|\n|t:|1700414911\n|move|p1a: Crawdaunt|Aqua Jet|p2a: Denki\n|-damage|p2a: Denki|0 fnt\n|faint|p2a: Denki\n|\n|upkeep\n|\n|t:|1700414915\n|switch|p2a: K\u014dtetsu|Metagross|58\/100\n|turn|17\n|\n|t:|1700414920\n|move|p2a: K\u014dtetsu|Bullet Punch|p1a: Crawdaunt\n|-resisted|p1a: Crawdaunt\n|-damage|p1a: Crawdaunt|59\/100\n|move|p1a: Crawdaunt|Knock Off|p2a: K\u014dtetsu\n|-supereffective|p2a: K\u014dtetsu\n|-damage|p2a: K\u014dtetsu|0 fnt\n|-enditem|p2a: K\u014dtetsu|Choice Band|[from] move: Knock Off|[of] p1a: Crawdaunt\n|faint|p2a: K\u014dtetsu\n|\n|upkeep\n|\n|t:|1700414926\n|switch|p2a: Ludon|Duraludon, F|100\/100\n|turn|18\n|\n|t:|1700414930\n|move|p2a: Ludon|Thunderbolt|p1a: Crawdaunt\n|-supereffective|p1a: Crawdaunt\n|-damage|p1a: Crawdaunt|0 fnt\n|faint|p1a: Crawdaunt\n|\n|upkeep\n|\n|t:|1700414937\n|switch|p1a: Iron Valiant|Iron Valiant|100\/100\n|-enditem|p1a: Iron Valiant|Booster Energy\n|-activate|p1a: Iron Valiant|ability: Quark Drive|[fromitem]\n|-start|p1a: Iron Valiant|quarkdrivespe\n|turn|19\n|\n|t:|1700414969\n|move|p1a: Iron Valiant|Swords Dance|p1a: Iron Valiant\n|-boost|p1a: Iron Valiant|atk|2\n|move|p2a: Ludon|Flash Cannon|p1a: Iron Valiant\n|-supereffective|p1a: Iron Valiant\n|-damage|p1a: Iron Valiant|0 fnt\n|faint|p1a: Iron Valiant\n|-end|p1a: Iron Valiant|Quark Drive|[silent]\n|\n|upkeep\n|\n|t:|1700414984\n|switch|p1a: Talonflame|Talonflame, F|100\/100\n|turn|20\n|\n|t:|1700414991\n|switch|p2a: Kurohyou|Incineroar, M|53\/100\n|-ability|p2a: Kurohyou|Intimidate|boost\n|-unboost|p1a: Talonflame|atk|1\n|move|p1a: Talonflame|Will-O-Wisp|p2a: Kurohyou\n|-immune|p2a: Kurohyou\n|\n|upkeep\n|turn|21\n|\n|t:|1700414997\n|switch|p1a: Umbreon|Umbreon, F|100\/100\n|move|p2a: Kurohyou|Fake Out|p1a: Umbreon\n|-damage|p1a: Umbreon|93\/100\n|\n|-heal|p1a: Umbreon|99\/100|[from] item: Leftovers\n|upkeep\n|turn|22\n|\n|t:|1700415005\n|move|p2a: Kurohyou|Parting Shot|p1a: Umbreon\n|-unboost|p1a: Umbreon|atk|1\n|-unboost|p1a: Umbreon|spa|1\n|\n|t:|1700415008\n|switch|p2a: Ludon|Duraludon, F|100\/100|[from] Parting Shot\n|move|p1a: Umbreon|Toxic|p2a: Ludon\n|-immune|p2a: Ludon\n|\n|-heal|p1a: Umbreon|100\/100|[from] item: Leftovers\n|upkeep\n|turn|23\n|\n|t:|1700415020\n|move|p1a: Umbreon|Protect|p1a: Umbreon\n|-singleturn|p1a: Umbreon|Protect\n|move|p2a: Ludon|Body Press|p1a: Umbreon\n|-activate|p1a: Umbreon|move: Protect\n|\n|upkeep\n|turn|24\n|\n|t:|1700415027\n|switch|p1a: Talonflame|Talonflame, F|100\/100\n|move|p2a: Ludon|Thunderbolt|p1a: Talonflame\n|-supereffective|p1a: Talonflame\n|-crit|p1a: Talonflame\n|-damage|p1a: Talonflame|0 fnt\n|faint|p1a: Talonflame\n|\n|upkeep\n|\n|t:|1700415031\n|switch|p1a: Umbreon|Umbreon, F|100\/100\n|turn|25\n|\n|t:|1700415037\n|move|p2a: Ludon|Body Press|p1a: Umbreon\n|-supereffective|p1a: Umbreon\n|-damage|p1a: Umbreon|60\/100\n|move|p1a: Umbreon|Wish|p1a: Umbreon\n|\n|-heal|p1a: Umbreon|66\/100|[from] item: Leftovers\n|upkeep\n|turn|26\n|\n|t:|1700415045\n|switch|p2a: Kurohyou|Incineroar, M|53\/100\n|-ability|p2a: Kurohyou|Intimidate|boost\n|-fail|p1a: Umbreon|unboost|Attack|[from] ability: Inner Focus|[of] p1a: Umbreon\n|move|p1a: Umbreon|Foul Play|p2a: Kurohyou\n|-resisted|p2a: Kurohyou\n|-damage|p2a: Kurohyou|38\/100\n|\n|-heal|p1a: Umbreon|100\/100|[from] move: Wish|[wisher] Umbreon\n|upkeep\n|turn|27\n|\n|t:|1700415052\n|move|p2a: Kurohyou|Fake Out|p1a: Umbreon\n|-damage|p1a: Umbreon|92\/100\n|move|p1a: Umbreon|Wish|p1a: Umbreon\n|\n|-heal|p1a: Umbreon|98\/100|[from] item: Leftovers\n|upkeep\n|turn|28\n|\n|t:|1700415058\n|move|p2a: Kurohyou|Parting Shot|p1a: Umbreon\n|-unboost|p1a: Umbreon|atk|1\n|-unboost|p1a: Umbreon|spa|1\n|\n|t:|1700415063\n|switch|p2a: Ludon|Duraludon, F|100\/100|[from] Parting Shot\n|move|p1a: Umbreon|Wish||[still]\n|-fail|p1a: Umbreon\n|\n|-heal|p1a: Umbreon|100\/100|[from] move: Wish|[wisher] Umbreon\n|upkeep\n|turn|29\n|\n|t:|1700415073\n|move|p2a: Ludon|Draco Meteor|p1a: Umbreon\n|-damage|p1a: Umbreon|66\/100\n|-unboost|p2a: Ludon|spa|2\n|move|p1a: Umbreon|Foul Play|p2a: Ludon\n|-damage|p2a: Ludon|73\/100\n|\n|-heal|p1a: Umbreon|72\/100|[from] item: Leftovers\n|upkeep\n|turn|30\n|\n|t:|1700415081\n|move|p2a: Ludon|Body Press|p1a: Umbreon\n|-supereffective|p1a: Umbreon\n|-damage|p1a: Umbreon|30\/100\n|move|p1a: Umbreon|Foul Play|p2a: Ludon\n|-damage|p2a: Ludon|41\/100\n|\n|-heal|p1a: Umbreon|36\/100|[from] item: Leftovers\n|upkeep\n|turn|31\n|\n|t:|1700415087\n|move|p1a: Umbreon|Protect|p1a: Umbreon\n|-singleturn|p1a: Umbreon|Protect\n|move|p2a: Ludon|Body Press|p1a: Umbreon\n|-activate|p1a: Umbreon|move: Protect\n|\n|-heal|p1a: Umbreon|42\/100|[from] item: Leftovers\n|upkeep\n|turn|32\n|\n|t:|1700415103\n|move|p2a: Ludon|Body Press|p1a: Umbreon\n|-supereffective|p1a: Umbreon\n|-damage|p1a: Umbreon|0 fnt\n|faint|p1a: Umbreon\n|\n|win|blancasofia\n|c|\u2606galajan8989|Gg\n|l|\u2606galajan8989\n","uploadtime":1700416332,"views":8,"p1id":"galajan8989","p2id":"blancasofia","formatid":"gen9nationaldex","rating":0,"private":0,"password":""}