{"id":"gen9nationaldex-1999744244","p1":"ooh ee ooh ah ah","p2":"puckemon","format":"[Gen 9] National Dex","log":"|html|<div class=\"broadcast-blue\"><strong>[Gen 9] National Dex is currently suspecting Sneasler! For information on how to participate check out the <a href=\"https:\/\/www.smogon.com\/forums\/threads\/sv-national-dex-suspect-8-just-dance.3731534\/\">suspect thread<\/a>.<\/strong><\/div>\n|j|\u2606ooh ee ooh ah ah\n|j|\u2606puckemon\n|t:|1701112846\n|gametype|singles\n|player|p1|ooh ee ooh ah ah|sada|1190\n|player|p2|puckemon|n|1223\n|teamsize|p1|6\n|teamsize|p2|6\n|gen|9\n|tier|[Gen 9] National Dex\n|rated|\n|rule|HP Percentage Mod: HP is shown in percentages\n|rule|Endless Battle Clause: Forcing endless battles is banned\n|rule|OHKO Clause: OHKO moves are banned\n|rule|Evasion Clause: Evasion abilities, items, and moves are banned\n|rule|Evasion Abilities Clause: Evasion abilities are banned\n|rule|Evasion Items Clause: Evasion items are banned\n|rule|Evasion Moves Clause: Evasion moves are banned\n|rule|Species Clause: Limit one of each Pok\u00e9mon\n|rule|Sleep Clause Mod: Limit one foe put to sleep\n|clearpoke\n|poke|p1|Banette, F|\n|poke|p1|Celesteela|\n|poke|p1|Volcarona, M|\n|poke|p1|Bisharp, F|\n|poke|p1|Slowbro, M|\n|poke|p1|Goodra, M|\n|poke|p2|Tapu Lele|\n|poke|p2|Urshifu-*, M|\n|poke|p2|Slowking-Galar, M|\n|poke|p2|Landorus-Therian, M|\n|poke|p2|Heatran, F|\n|poke|p2|Tornadus-Therian, M|\n|teampreview\n|\n|t:|1701112854\n|start\n|switch|p1a: Slowbro|Slowbro, M|100\/100\n|switch|p2a: Sum Weird Ass Frog|Slowking-Galar, M|100\/100\n|turn|1\n|\n|t:|1701112868\n|move|p1a: Slowbro|Future Sight|p2a: Sum Weird Ass Frog\n|-start|p1a: Slowbro|move: Future Sight\n|move|p2a: Sum Weird Ass Frog|Future Sight|p1a: Slowbro\n|-start|p2a: Sum Weird Ass Frog|move: Future Sight\n|\n|upkeep\n|turn|2\n|\n|t:|1701112874\n|move|p1a: Slowbro|Yawn|p2a: Sum Weird Ass Frog\n|-start|p2a: Sum Weird Ass Frog|move: Yawn|[of] p1a: Slowbro\n|move|p2a: Sum Weird Ass Frog|Sludge Bomb|p1a: Slowbro\n|-damage|p1a: Slowbro|67\/100\n|\n|upkeep\n|turn|3\n|\n|t:|1701112883\n|move|p1a: Slowbro|Scald|p2a: Sum Weird Ass Frog\n|-crit|p2a: Sum Weird Ass Frog\n|-damage|p2a: Sum Weird Ass Frog|73\/100\n|-status|p2a: Sum Weird Ass Frog|brn\n|move|p2a: Sum Weird Ass Frog|Chilly Reception|p2a: Sum Weird Ass Frog\n|-weather|Snow\n|\n|t:|1701112895\n|switch|p2a: TAF|Heatran, F|100\/100|[from] Chilly Reception\n|\n|-weather|Snow|[upkeep]\n|-end|p2a: TAF|move: Future Sight\n|-resisted|p2a: TAF\n|-crit|p2a: TAF\n|-damage|p2a: TAF|82\/100\n|-end|p1a: Slowbro|move: Future Sight\n|-resisted|p1a: Slowbro\n|-damage|p1a: Slowbro|43\/100\n|-heal|p2a: TAF|89\/100|[from] item: Leftovers\n|upkeep\n|turn|4\n|\n|t:|1701112922\n|move|p2a: TAF|Taunt|p1a: Slowbro\n|-immune|p1a: Slowbro|[from] ability: Oblivious\n|move|p1a: Slowbro|Slack Off|p1a: Slowbro\n|-heal|p1a: Slowbro|93\/100\n|\n|-weather|Snow|[upkeep]\n|-heal|p2a: TAF|95\/100|[from] item: Leftovers\n|upkeep\n|turn|5\n|\n|t:|1701112927\n|move|p2a: TAF|Magma Storm|p1a: Slowbro\n|-resisted|p1a: Slowbro\n|-damage|p1a: Slowbro|71\/100\n|-activate|p1a: Slowbro|move: Magma Storm|[of] p2a: TAF\n|move|p1a: Slowbro|Scald|p2a: TAF\n|-supereffective|p2a: TAF\n|-damage|p2a: TAF|60\/100\n|\n|-weather|Snow|[upkeep]\n|-heal|p2a: TAF|66\/100|[from] item: Leftovers\n|-damage|p1a: Slowbro|58\/100|[from] move: Magma Storm|[partiallytrapped]\n|upkeep\n|turn|6\n|\n|t:|1701112932\n|move|p2a: TAF|Toxic|p1a: Slowbro\n|-status|p1a: Slowbro|tox\n|move|p1a: Slowbro|Slack Off|p1a: Slowbro\n|-heal|p1a: Slowbro|100\/100 tox\n|\n|-weather|Snow|[upkeep]\n|-heal|p2a: TAF|73\/100|[from] item: Leftovers\n|-damage|p1a: Slowbro|94\/100 tox|[from] psn\n|-damage|p1a: Slowbro|82\/100 tox|[from] move: Magma Storm|[partiallytrapped]\n|upkeep\n|turn|7\n|\n|t:|1701112938\n|move|p2a: TAF|Magma Storm|p1a: Slowbro\n|-resisted|p1a: Slowbro\n|-damage|p1a: Slowbro|58\/100 tox\n|move|p1a: Slowbro|Yawn|p2a: TAF\n|-start|p2a: TAF|move: Yawn|[of] p1a: Slowbro\n|\n|-weather|none\n|-heal|p2a: TAF|79\/100|[from] item: Leftovers\n|-damage|p1a: Slowbro|46\/100 tox|[from] psn\n|-damage|p1a: Slowbro|33\/100 tox|[from] move: Magma Storm|[partiallytrapped]\n|upkeep\n|turn|8\n|\n|t:|1701112950\n|switch|p2a: Sum Weird Ass Frog|Slowking-Galar, M|100\/100 brn\n|move|p1a: Slowbro|Future Sight|p2a: Sum Weird Ass Frog\n|-start|p1a: Slowbro|move: Future Sight\n|\n|-damage|p1a: Slowbro|15\/100 tox|[from] psn\n|-damage|p2a: Sum Weird Ass Frog|94\/100 brn|[from] brn\n|-end|p1a: Slowbro|Magma Storm|[partiallytrapped]|[silent]\n|upkeep\n|turn|9\n|\n|t:|1701112965\n|switch|p1a: Celesteela|Celesteela|100\/100\n|move|p2a: Sum Weird Ass Frog|Future Sight|p1a: Celesteela\n|-start|p2a: Sum Weird Ass Frog|move: Future Sight\n|\n|-damage|p2a: Sum Weird Ass Frog|88\/100 brn|[from] brn\n|upkeep\n|turn|10\n|\n|t:|1701112977\n|move|p1a: Celesteela|Flash Cannon|p2a: Sum Weird Ass Frog\n|-damage|p2a: Sum Weird Ass Frog|62\/100 brn\n|move|p2a: Sum Weird Ass Frog|Thunder Wave|p1a: Celesteela\n|-status|p1a: Celesteela|par\n|\n|-end|p2a: Sum Weird Ass Frog|move: Future Sight\n|-damage|p2a: Sum Weird Ass Frog|38\/100 brn\n|-damage|p2a: Sum Weird Ass Frog|32\/100 brn|[from] brn\n|upkeep\n|turn|11\n|\n|t:|1701112988\n|move|p1a: Celesteela|Flash Cannon|p2a: Sum Weird Ass Frog\n|-damage|p2a: Sum Weird Ass Frog|7\/100 brn\n|move|p2a: Sum Weird Ass Frog|Chilly Reception|p2a: Sum Weird Ass Frog\n|-weather|Snow\n|\n|t:|1701112994\n|switch|p2a: TAF|Heatran, F|79\/100|[from] Chilly Reception\n|\n|-weather|Snow|[upkeep]\n|-end|p1a: Celesteela|move: Future Sight\n|-resisted|p1a: Celesteela\n|-damage|p1a: Celesteela|79\/100 par\n|-heal|p2a: TAF|85\/100|[from] item: Leftovers\n|-heal|p1a: Celesteela|85\/100 par|[from] item: Leftovers\n|upkeep\n|turn|12\n|\n|t:|1701113023\n|switch|p1a: Goodra|Goodra, M|100\/100\n|move|p2a: TAF|Magma Storm|p1a: Goodra\n|-resisted|p1a: Goodra\n|-damage|p1a: Goodra|88\/100\n|-activate|p1a: Goodra|move: Magma Storm|[of] p2a: TAF\n|\n|-weather|Snow|[upkeep]\n|-heal|p1a: Goodra|94\/100|[from] item: Leftovers\n|-heal|p2a: TAF|91\/100|[from] item: Leftovers\n|-damage|p1a: Goodra|81\/100|[from] move: Magma Storm|[partiallytrapped]\n|upkeep\n|turn|13\n|\n|t:|1701113033\n|move|p1a: Goodra|Body Slam|p2a: TAF\n|-resisted|p2a: TAF\n|-damage|p2a: TAF|83\/100\n|move|p2a: TAF|Toxic|p1a: Goodra|[miss]\n|-miss|p2a: TAF|p1a: Goodra\n|\n|-weather|Snow|[upkeep]\n|-heal|p1a: Goodra|88\/100|[from] item: Leftovers\n|-heal|p2a: TAF|89\/100|[from] item: Leftovers\n|-damage|p1a: Goodra|75\/100|[from] move: Magma Storm|[partiallytrapped]\n|upkeep\n|turn|14\n|\n|t:|1701113042\n|move|p1a: Goodra|Body Slam|p2a: TAF\n|-resisted|p2a: TAF\n|-damage|p2a: TAF|80\/100\n|-status|p2a: TAF|par\n|move|p2a: TAF|Toxic|p1a: Goodra\n|-status|p1a: Goodra|tox\n|\n|-weather|Snow|[upkeep]\n|-heal|p1a: Goodra|81\/100 tox|[from] item: Leftovers\n|-heal|p2a: TAF|87\/100 par|[from] item: Leftovers\n|-damage|p1a: Goodra|75\/100 tox|[from] psn\n|-damage|p1a: Goodra|63\/100 tox|[from] move: Magma Storm|[partiallytrapped]\n|upkeep\n|turn|15\n|\n|t:|1701113065\n|move|p1a: Goodra|Outrage|p2a: TAF\n|-resisted|p2a: TAF\n|-damage|p2a: TAF|69\/100 par\n|move|p2a: TAF|Taunt|p1a: Goodra\n|-start|p1a: Goodra|move: Taunt\n|\n|-weather|none\n|-heal|p1a: Goodra|69\/100 tox|[from] item: Leftovers\n|-heal|p2a: TAF|75\/100 par|[from] item: Leftovers\n|-damage|p1a: Goodra|57\/100 tox|[from] psn\n|-damage|p1a: Goodra|44\/100 tox|[from] move: Magma Storm|[partiallytrapped]\n|upkeep\n|turn|16\n|\n|t:|1701113079\n|move|p1a: Goodra|Outrage|p2a: TAF|[from]lockedmove\n|-resisted|p2a: TAF\n|-damage|p2a: TAF|57\/100 par\n|-start|p1a: Goodra|confusion|[fatigue]\n|move|p2a: TAF|Earth Power|p1a: Goodra\n|-damage|p1a: Goodra|29\/100 tox\n|\n|-heal|p1a: Goodra|35\/100 tox|[from] item: Leftovers\n|-heal|p2a: TAF|63\/100 par|[from] item: Leftovers\n|-damage|p1a: Goodra|17\/100 tox|[from] psn\n|-damage|p1a: Goodra|5\/100 tox|[from] move: Magma Storm|[partiallytrapped]\n|upkeep\n|turn|17\n|\n|t:|1701113094\n|-activate|p1a: Goodra|confusion\n|move|p1a: Goodra|Outrage|p2a: TAF\n|-resisted|p2a: TAF\n|-damage|p2a: TAF|47\/100 par\n|move|p2a: TAF|Earth Power|p1a: Goodra\n|-damage|p1a: Goodra|0 fnt\n|faint|p1a: Goodra\n|\n|-heal|p2a: TAF|53\/100 par|[from] item: Leftovers\n|upkeep\n|\n|t:|1701113100\n|switch|p1a: Slowbro|Slowbro, M|15\/100 tox\n|turn|18\n|\n|t:|1701113103\n|cant|p2a: TAF|par\n|move|p1a: Slowbro|Slack Off|p1a: Slowbro\n|-heal|p1a: Slowbro|65\/100 tox\n|\n|-heal|p2a: TAF|59\/100 par|[from] item: Leftovers\n|-damage|p1a: Slowbro|59\/100 tox|[from] psn\n|upkeep\n|turn|19\n|\n|t:|1701113112\n|move|p2a: TAF|Magma Storm|p1a: Slowbro\n|-resisted|p1a: Slowbro\n|-damage|p1a: Slowbro|36\/100 tox\n|-activate|p1a: Slowbro|move: Magma Storm|[of] p2a: TAF\n|move|p1a: Slowbro|Scald|p2a: TAF\n|-supereffective|p2a: TAF\n|-damage|p2a: TAF|22\/100 par\n|\n|-heal|p2a: TAF|28\/100 par|[from] item: Leftovers\n|-damage|p1a: Slowbro|24\/100 tox|[from] psn\n|-damage|p1a: Slowbro|12\/100 tox|[from] move: Magma Storm|[partiallytrapped]\n|upkeep\n|turn|20\n|\n|t:|1701113130\n|move|p2a: TAF|Earth Power|p1a: Slowbro\n|-damage|p1a: Slowbro|0 fnt\n|faint|p1a: Slowbro\n|\n|-heal|p2a: TAF|34\/100 par|[from] item: Leftovers\n|upkeep\n|\n|t:|1701113138\n|switch|p1a: Banette|Banette, F|100\/100\n|-item|p2a: TAF|Leftovers|[from] ability: Frisk|[of] p1a: Banette|[identify]\n|turn|21\n|\n|t:|1701113141\n|detailschange|p1a: Banette|Banette-Mega, F\n|-mega|p1a: Banette|Banette|Banettite\n|move|p1a: Banette|Poltergeist|p2a: TAF\n|-activate|p2a: TAF|move: Poltergeist|Leftovers\n|-damage|p2a: TAF|0 fnt\n|faint|p2a: TAF\n|\n|upkeep\n|\n|t:|1701113157\n|switch|p2a: Lel|Tapu Lele, shiny|100\/100\n|-fieldstart|move: Psychic Terrain|[from] ability: Psychic Surge|[of] p2a: Lel\n|turn|22\n|\n|t:|1701113167\n|switch|p1a: Bisharp|Bisharp, F|100\/100\n|move|p2a: Lel|Psyshock|p1a: Bisharp\n|-immune|p1a: Bisharp\n|\n|upkeep\n|turn|23\n|\n|t:|1701113176\n|switch|p2a: O Holero|Urshifu-Rapid-Strike, M|100\/100\n|move|p1a: Bisharp|Iron Head|p2a: O Holero\n|-resisted|p2a: O Holero\n|-damage|p2a: O Holero|78\/100\n|\n|upkeep\n|turn|24\n|\n|t:|1701113187\n|switch|p1a: Banette|Banette-Mega, F|100\/100\n|move|p2a: O Holero|Surging Strikes|p1a: Banette\n|-crit|p1a: Banette\n|-damage|p1a: Banette|66\/100\n|-crit|p1a: Banette\n|-damage|p1a: Banette|28\/100\n|-crit|p1a: Banette\n|-damage|p1a: Banette|0 fnt\n|faint|p1a: Banette\n|-hitcount|p1: Banette|3\n|\n|upkeep\n|\n|t:|1701113196\n|switch|p1a: Celesteela|Celesteela|85\/100 par\n|turn|25\n|\n|t:|1701113207\n|-terastallize|p2a: O Holero|Water\n|move|p2a: O Holero|Surging Strikes|p1a: Celesteela\n|-crit|p1a: Celesteela\n|-damage|p1a: Celesteela|46\/100 par\n|-crit|p1a: Celesteela\n|-damage|p1a: Celesteela|4\/100 par\n|-crit|p1a: Celesteela\n|-damage|p1a: Celesteela|0 fnt\n|faint|p1a: Celesteela\n|-hitcount|p1: Celesteela|3\n|\n|upkeep\n|\n|t:|1701113214\n|switch|p1a: Volcarona|Volcarona, M|100\/100\n|turn|26\n|\n|t:|1701113225\n|-terastallize|p1a: Volcarona|Bug\n|move|p2a: O Holero|Surging Strikes|p1a: Volcarona\n|-crit|p1a: Volcarona\n|-damage|p1a: Volcarona|45\/100\n|-crit|p1a: Volcarona\n|-damage|p1a: Volcarona|0 fnt\n|faint|p1a: Volcarona\n|-hitcount|p1: Volcarona|2\n|\n|-fieldend|move: Psychic Terrain\n|upkeep\n|\n|t:|1701113229\n|switch|p1a: Bisharp|Bisharp, F|100\/100\n|turn|27\n|\n|t:|1701113232\n|move|p1a: Bisharp|Sucker Punch|p2a: O Holero\n|-damage|p2a: O Holero|35\/100\n|move|p2a: O Holero|Surging Strikes|p1a: Bisharp\n|-crit|p1a: Bisharp\n|-damage|p1a: Bisharp|73\/100\n|-crit|p1a: Bisharp\n|-damage|p1a: Bisharp|45\/100\n|-crit|p1a: Bisharp\n|-damage|p1a: Bisharp|19\/100\n|-hitcount|p1a: Bisharp|3\n|\n|upkeep\n|turn|28\n|\n|t:|1701113247\n|move|p1a: Bisharp|Sucker Punch|p2a: O Holero\n|-crit|p2a: O Holero\n|-damage|p2a: O Holero|0 fnt\n|faint|p2a: O Holero\n|\n|upkeep\n|\n|t:|1701113266\n|switch|p2a: Lel|Tapu Lele, shiny|100\/100\n|-fieldstart|move: Psychic Terrain|[from] ability: Psychic Surge|[of] p2a: Lel\n|turn|29\n|\n|t:|1701113270\n|move|p2a: Lel|Hidden Power|p1a: Bisharp\n|-supereffective|p1a: Bisharp\n|-damage|p1a: Bisharp|0 fnt\n|faint|p1a: Bisharp\n|\n|win|puckemon\n|raw|ooh ee ooh ah ah's rating: 1190 &rarr; <strong>1167<\/strong><br \/>(-23 for losing)\n|raw|puckemon's rating: 1223 &rarr; <strong>1246<\/strong><br \/>(+23 for winning)\n|l|\u2606puckemon\n","uploadtime":1701113543,"views":2,"p1id":"ooheeoohahah","p2id":"puckemon","formatid":"gen9nationaldex","rating":1167,"private":0,"password":""}