{"id":"gen9nationaldex-1989966805","p1":"Sly Killdex 2","p2":"2011ChevyS10Xtreme","format":"[Gen 9] National Dex","log":"|j|\u2606Sly Killdex 2\n|j|\u26062011ChevyS10Xtreme\n|t:|1699910951\n|gametype|singles\n|player|p1|Sly Killdex 2|volkner|1109\n|player|p2|2011ChevyS10Xtreme|ghetsis|1137\n|teamsize|p1|6\n|teamsize|p2|6\n|gen|9\n|tier|[Gen 9] National Dex\n|rated|\n|rule|HP Percentage Mod: HP is shown in percentages\n|rule|Endless Battle Clause: Forcing endless battles is banned\n|rule|OHKO Clause: OHKO moves are banned\n|rule|Evasion Clause: Evasion abilities, items, and moves are banned\n|rule|Evasion Abilities Clause: Evasion abilities are banned\n|rule|Evasion Items Clause: Evasion items are banned\n|rule|Evasion Moves Clause: Evasion moves are banned\n|rule|Species Clause: Limit one of each Pok\u00e9mon\n|rule|Sleep Clause Mod: Limit one foe put to sleep\n|clearpoke\n|poke|p1|Silvally-*|\n|poke|p1|Lycanroc, M|\n|poke|p1|Ribombee, M|\n|poke|p1|Oricorio-Pa'u, F|\n|poke|p1|Charjabug, F|\n|poke|p1|Gumshoos, M|\n|poke|p2|Ribombee, M|\n|poke|p2|Tsareena, F|\n|poke|p2|Inteleon, F|\n|poke|p2|Zeraora|\n|poke|p2|Lycanroc-Dusk, M|\n|poke|p2|Banette, F|\n|teampreview\n|inactive|Battle timer is ON: inactive players will automatically lose when time's up. (requested by 2011ChevyS10Xtreme)\n|\n|t:|1699910963\n|start\n|switch|p1a: Charjabug|Charjabug, F|100\/100\n|switch|p2a: Ribombee|Ribombee, M, shiny|100\/100\n|turn|1\n|\n|t:|1699910967\n|move|p2a: Ribombee|Switcheroo|p1a: Charjabug\n|-activate|p2a: Ribombee|move: Trick|[of] p1a: Charjabug\n|-item|p1a: Charjabug|Choice Scarf|[from] move: Switcheroo\n|-item|p2a: Ribombee|Heavy-Duty Boots|[from] move: Switcheroo\n|move|p1a: Charjabug|Wild Charge|p2a: Ribombee\n|-damage|p2a: Ribombee|27\/100\n|-damage|p1a: Charjabug|85\/100|[from] Recoil\n|\n|upkeep\n|turn|2\n|\n|t:|1699910972\n|move|p2a: Ribombee|Sticky Web|p1a: Charjabug\n|-sidestart|p1: Sly Killdex 2|move: Sticky Web\n|move|p1a: Charjabug|Wild Charge|p2a: Ribombee\n|-damage|p2a: Ribombee|0 fnt\n|faint|p2a: Ribombee\n|-damage|p1a: Charjabug|80\/100|[from] Recoil\n|\n|upkeep\n|\n|t:|1699910982\n|switch|p2a: Tsareena|Tsareena, F|100\/100\n|turn|3\n|\n|t:|1699911007\n|switch|p1a: Oricorio|Oricorio-Pa'u, F|100\/100\n|move|p2a: Tsareena|Triple Axel|p1a: Oricorio\n|-supereffective|p1a: Oricorio\n|-damage|p1a: Oricorio|77\/100\n|-supereffective|p1a: Oricorio\n|-damage|p1a: Oricorio|35\/100\n|-supereffective|p1a: Oricorio\n|-damage|p1a: Oricorio|0 fnt\n|faint|p1a: Oricorio\n|-hitcount|p1: Oricorio|3\n|\n|upkeep\n|\n|t:|1699911020\n|switch|p1a: Charjabug|Charjabug, F|80\/100\n|-activate|p1a: Charjabug|move: Sticky Web\n|-unboost|p1a: Charjabug|spe|1\n|turn|4\n|\n|t:|1699911042\n|move|p2a: Tsareena|Triple Axel|p1a: Charjabug\n|-damage|p1a: Charjabug|71\/100\n|-damage|p1a: Charjabug|56\/100\n|-hitcount|p1a: Charjabug|2\n|move|p1a: Charjabug|X-Scissor|p2a: Tsareena\n|-supereffective|p2a: Tsareena\n|-damage|p2a: Tsareena|18\/100\n|\n|upkeep\n|turn|5\n|\n|t:|1699911051\n|switch|p2a: Inteleon|Inteleon, F|100\/100\n|move|p1a: Charjabug|X-Scissor|p2a: Inteleon\n|-damage|p2a: Inteleon|46\/100\n|\n|upkeep\n|turn|6\n|\n|t:|1699911059\n|move|p2a: Inteleon|Snipe Shot|p1a: Charjabug\n|-crit|p1a: Charjabug\n|-damage|p1a: Charjabug|0 fnt\n|faint|p1a: Charjabug\n|\n|upkeep\n|\n|t:|1699911065\n|switch|p1a: Silvally|Silvally-Water|100\/100\n|-activate|p1a: Silvally|move: Sticky Web\n|-unboost|p1a: Silvally|spe|1\n|turn|7\n|\n|t:|1699911068\n|move|p2a: Inteleon|Focus Energy|p2a: Inteleon\n|-start|p2a: Inteleon|move: Focus Energy\n|move|p1a: Silvally|Thunderbolt|p2a: Inteleon\n|-supereffective|p2a: Inteleon\n|-damage|p2a: Inteleon|0 fnt\n|faint|p2a: Inteleon\n|\n|upkeep\n|\n|t:|1699911075\n|switch|p2a: Zeraora|Zeraora|100\/100\n|turn|8\n|\n|t:|1699911092\n|move|p2a: Zeraora|Plasma Fists|p1a: Silvally\n|-supereffective|p1a: Silvally\n|-damage|p1a: Silvally|0 fnt\n|-fieldactivate|move: Ion Deluge\n|-hint|Normal-type moves become Electric-type after using Plasma Fists.\n|faint|p1a: Silvally\n|-damage|p2a: Zeraora|91\/100|[from] item: Life Orb\n|\n|upkeep\n|\n|t:|1699911100\n|switch|p1a: Ribombee|Ribombee, M|100\/100\n|turn|9\n|\n|t:|1699911108\n|-terastallize|p1a: Ribombee|Ground\n|move|p2a: Zeraora|Blaze Kick|p1a: Ribombee\n|-damage|p1a: Ribombee|20\/100\n|-damage|p2a: Zeraora|81\/100|[from] item: Life Orb\n|move|p1a: Ribombee|Quiver Dance|p1a: Ribombee\n|-boost|p1a: Ribombee|spa|1\n|-boost|p1a: Ribombee|spd|1\n|-boost|p1a: Ribombee|spe|1\n|\n|upkeep\n|turn|10\n|\n|t:|1699911112\n|move|p1a: Ribombee|Tera Blast|p2a: Zeraora|[anim] Tera Blast Ground\n|-supereffective|p2a: Zeraora\n|-damage|p2a: Zeraora|0 fnt\n|faint|p2a: Zeraora\n|\n|upkeep\n|\n|t:|1699911116\n|switch|p2a: Banette|Banette, F|100\/100\n|turn|11\n|\n|t:|1699911122\n|detailschange|p2a: Banette|Banette-Mega, F\n|-mega|p2a: Banette|Banette|Banettite\n|move|p2a: Banette|Destiny Bond|p2a: Banette\n|-singlemove|p2a: Banette|Destiny Bond\n|move|p1a: Ribombee|Moonblast|p2a: Banette\n|-damage|p2a: Banette|6\/100\n|\n|upkeep\n|turn|12\n|\n|t:|1699911130\n|move|p1a: Ribombee|Roost|p1a: Ribombee\n|-heal|p1a: Ribombee|70\/100\n|move|p2a: Banette|Poltergeist|p1a: Ribombee\n|-activate|p1a: Ribombee|move: Poltergeist|Heavy-Duty Boots\n|-damage|p1a: Ribombee|0 fnt\n|faint|p1a: Ribombee\n|\n|upkeep\n|\n|t:|1699911135\n|switch|p1a: Lycanroc|Lycanroc, M|100\/100\n|-activate|p1a: Lycanroc|move: Sticky Web\n|-unboost|p1a: Lycanroc|spe|1\n|turn|13\n|\n|t:|1699911137\n|move|p2a: Banette|Destiny Bond|p2a: Banette\n|-singlemove|p2a: Banette|Destiny Bond\n|move|p1a: Lycanroc|Stone Edge|p2a: Banette\n|-damage|p2a: Banette|0 fnt\n|faint|p2a: Banette\n|-activate|p2a: Banette|move: Destiny Bond\n|faint|p1a: Lycanroc\n|\n|upkeep\n|\n|t:|1699911149\n|switch|p1a: Gumshoos|Gumshoos, M|100\/100\n|switch|p2a: Lycanroc|Lycanroc-Dusk, M|100\/100\n|-activate|p1a: Gumshoos|move: Sticky Web\n|-unboost|p1a: Gumshoos|spe|1\n|turn|14\n|\n|t:|1699911157\n|move|p2a: Lycanroc|Psychic Fangs|p1a: Gumshoos\n|-damage|p1a: Gumshoos|29\/100\n|-damage|p2a: Lycanroc|91\/100|[from] item: Life Orb\n|move|p1a: Gumshoos|Earthquake|p2a: Lycanroc\n|-supereffective|p2a: Lycanroc\n|-damage|p2a: Lycanroc|0 fnt\n|faint|p2a: Lycanroc\n|\n|upkeep\n|\n|t:|1699911161\n|switch|p2a: Tsareena|Tsareena, F|18\/100\n|turn|15\n|\n|t:|1699911168\n|-terastallize|p2a: Tsareena|Fire\n|move|p2a: Tsareena|Tera Blast|p1a: Gumshoos|[anim] Tera Blast Fire\n|-damage|p1a: Gumshoos|0 fnt\n|faint|p1a: Gumshoos\n|\n|win|2011ChevyS10Xtreme\n|raw|Sly Killdex 2's rating: 1109 &rarr; <strong>1086<\/strong><br \/>(-23 for losing)\n|raw|2011ChevyS10Xtreme's rating: 1137 &rarr; <strong>1160<\/strong><br \/>(+23 for winning)\n|l|\u26062011ChevyS10Xtreme\n","uploadtime":1699911208,"views":4,"p1id":"slykilldex2","p2id":"2011chevys10xtreme","formatid":"gen9nationaldex","rating":1086,"private":0,"password":""}