{"id":"gen9nationaldex-1996155581","p1":"psng","p2":"biedianla","format":"[Gen 9] National Dex","log":"|html|<div class=\"broadcast-blue\"><strong>[Gen 9] National Dex is currently suspecting Sneasler! For information on how to participate check out the <a href=\"https:\/\/www.smogon.com\/forums\/threads\/sv-national-dex-suspect-8-just-dance.3731534\/\">suspect thread<\/a>.<\/strong><\/div>\n|j|\u2606psng\n|j|\u2606biedianla\n|t:|1700652432\n|gametype|singles\n|player|p1|psng|wallace|1434\n|player|p2|biedianla|pokemaniac|1647\n|teamsize|p1|6\n|teamsize|p2|6\n|gen|9\n|tier|[Gen 9] National Dex\n|rated|\n|rule|HP Percentage Mod: HP is shown in percentages\n|rule|Endless Battle Clause: Forcing endless battles is banned\n|rule|OHKO Clause: OHKO moves are banned\n|rule|Evasion Clause: Evasion abilities, items, and moves are banned\n|rule|Evasion Abilities Clause: Evasion abilities are banned\n|rule|Evasion Items Clause: Evasion items are banned\n|rule|Evasion Moves Clause: Evasion moves are banned\n|rule|Species Clause: Limit one of each Pok\u00e9mon\n|rule|Sleep Clause Mod: Limit one foe put to sleep\n|clearpoke\n|poke|p1|Pelipper, M|\n|poke|p1|Tapu Lele|\n|poke|p1|Swampert, M|\n|poke|p1|Greninja-*, M|\n|poke|p1|Zapdos|\n|poke|p1|Ferrothorn, M|\n|poke|p2|Iron Valiant|\n|poke|p2|Moltres|\n|poke|p2|Medicham, F|\n|poke|p2|Alomomola, F|\n|poke|p2|Ogerpon-Cornerstone, F|\n|poke|p2|Great Tusk|\n|teampreview\n|inactive|Battle timer is ON: inactive players will automatically lose when time's up. (requested by psng)\n|\n|t:|1700652440\n|start\n|switch|p1a: Pelipper|Pelipper, M, shiny|100\/100\n|switch|p2a: Ogerpon|Ogerpon-Cornerstone, F|100\/100\n|-weather|RainDance|[from] ability: Drizzle|[of] p1a: Pelipper\n|turn|1\n|\n|t:|1700652449\n|switch|p1a: Ferrothorn|Ferrothorn, M, shiny|100\/100\n|-terastallize|p2a: Ogerpon|Rock\n|detailschange|p2a: Ogerpon|Ogerpon-Cornerstone-Tera, F, tera:Rock\n|-ability|p2a: Ogerpon|Embody Aspect (Cornerstone)|boost\n|-boost|p2a: Ogerpon|def|1\n|move|p2a: Ogerpon|Ivy Cudgel|p1a: Ferrothorn|[anim] Ivy Cudgel Rock\n|-resisted|p1a: Ferrothorn\n|-damage|p1a: Ferrothorn|69\/100\n|\n|-weather|RainDance|[upkeep]\n|-heal|p1a: Ferrothorn|75\/100|[from] item: Leftovers\n|upkeep\n|turn|2\n|\n|t:|1700652456\n|switch|p2a: Moltres|Moltres|100\/100\n|move|p1a: Ferrothorn|Stealth Rock|p2a: Moltres\n|-sidestart|p2: biedianla|move: Stealth Rock\n|\n|-weather|RainDance|[upkeep]\n|-heal|p1a: Ferrothorn|81\/100|[from] item: Leftovers\n|upkeep\n|turn|3\n|\n|t:|1700652459\n|move|p2a: Moltres|Defog|p1a: Ferrothorn\n|-unboost|p1a: Ferrothorn|evasion|1\n|-sideend|p2: biedianla|Stealth Rock|[from] move: Defog|[of] p2a: Moltres\n|move|p1a: Ferrothorn|Leech Seed|p2a: Moltres|[miss]\n|-miss|p1a: Ferrothorn|p2a: Moltres\n|\n|-weather|RainDance|[upkeep]\n|-heal|p1a: Ferrothorn|87\/100|[from] item: Leftovers\n|upkeep\n|turn|4\n|\n|t:|1700652468\n|move|p2a: Moltres|Flamethrower|p1a: Ferrothorn\n|-supereffective|p1a: Ferrothorn\n|-damage|p1a: Ferrothorn|44\/100\n|move|p1a: Ferrothorn|Stealth Rock|p2a: Moltres\n|-sidestart|p2: biedianla|move: Stealth Rock\n|\n|-weather|RainDance|[upkeep]\n|-heal|p1a: Ferrothorn|50\/100|[from] item: Leftovers\n|upkeep\n|turn|5\n|\n|t:|1700652474\n|move|p2a: Moltres|Defog|p1a: Ferrothorn\n|-unboost|p1a: Ferrothorn|evasion|1\n|-sideend|p2: biedianla|Stealth Rock|[from] move: Defog|[of] p2a: Moltres\n|move|p1a: Ferrothorn|Leech Seed|p2a: Moltres\n|-start|p2a: Moltres|move: Leech Seed\n|\n|-weather|RainDance|[upkeep]\n|-heal|p1a: Ferrothorn|56\/100|[from] item: Leftovers\n|-damage|p2a: Moltres|88\/100|[from] Leech Seed|[of] p1a: Ferrothorn\n|-heal|p1a: Ferrothorn|70\/100|[silent]\n|upkeep\n|turn|6\n|\n|t:|1700652476\n|switch|p2a: Ogerpon|Ogerpon-Cornerstone-Tera, F, tera:Rock|100\/100\n|-ability|p2a: Ogerpon|Embody Aspect (Cornerstone)|boost\n|-boost|p2a: Ogerpon|def|1\n|move|p1a: Ferrothorn|Stealth Rock|p2a: Ogerpon\n|-sidestart|p2: biedianla|move: Stealth Rock\n|\n|-weather|RainDance|[upkeep]\n|-heal|p1a: Ferrothorn|76\/100|[from] item: Leftovers\n|upkeep\n|turn|7\n|\n|t:|1700652482\n|move|p2a: Ogerpon|Taunt|p1a: Ferrothorn\n|-start|p1a: Ferrothorn|move: Taunt\n|move|p1a: Ferrothorn|Gyro Ball|p2a: Ogerpon\n|-supereffective|p2a: Ogerpon\n|-damage|p2a: Ogerpon|9\/100\n|\n|-weather|RainDance|[upkeep]\n|-heal|p1a: Ferrothorn|82\/100|[from] item: Leftovers\n|upkeep\n|turn|8\n|\n|t:|1700652494\n|move|p2a: Ogerpon|Knock Off|p1a: Ferrothorn\n|-crit|p1a: Ferrothorn\n|-damage|p1a: Ferrothorn|34\/100\n|-damage|p2a: Ogerpon|0 fnt|[from] ability: Iron Barbs|[of] p1a: Ferrothorn\n|faint|p2a: Ogerpon\n|move|p1a: Ferrothorn|Gyro Ball|p2: Ogerpon|[notarget]\n|-fail|p1a: Ferrothorn\n|\n|-weather|none\n|-heal|p1a: Ferrothorn|40\/100|[from] item: Leftovers\n|upkeep\n|\n|t:|1700652519\n|switch|p2a: Medicham|Medicham, F|100\/100\n|-damage|p2a: Medicham|94\/100|[from] Stealth Rock\n|turn|9\n|\n|t:|1700652530\n|switch|p1a: Pelipper|Pelipper, M, shiny|100\/100\n|-weather|RainDance|[from] ability: Drizzle|[of] p1a: Pelipper\n|detailschange|p2a: Medicham|Medicham-Mega, F\n|-mega|p2a: Medicham|Medicham|Medichamite\n|move|p2a: Medicham|Zen Headbutt|p1a: Pelipper|[miss]\n|-miss|p2a: Medicham|p1a: Pelipper\n|\n|-weather|RainDance|[upkeep]\n|upkeep\n|turn|10\n|-message|biedianla forfeited.\n|\n|win|psng\n|raw|psng's rating: 1434 &rarr; <strong>1465<\/strong><br \/>(+31 for winning)\n|raw|biedianla's rating: 1647 &rarr; <strong>1616<\/strong><br \/>(-31 for losing)\n|l|\u2606biedianla\n","uploadtime":1700652555,"views":6,"p1id":"psng","p2id":"biedianla","formatid":"gen9nationaldex","rating":1465,"private":0,"password":""}