{"id":"gen9nationaldex-1996735620","p1":"penguino0205","p2":"Pamelo Garu","format":"[Gen 9] National Dex","log":"|html|<div class=\"broadcast-blue\"><strong>[Gen 9] National Dex is currently suspecting Sneasler! For information on how to participate check out the <a href=\"https:\/\/www.smogon.com\/forums\/threads\/sv-national-dex-suspect-8-just-dance.3731534\/\">suspect thread<\/a>.<\/strong><\/div>\n|j|\u2606penguino0205\n|j|\u2606Pamelo Garu\n|t:|1700716543\n|gametype|singles\n|player|p1|penguino0205|102|1303\n|player|p2|Pamelo Garu|1|1426\n|teamsize|p1|6\n|teamsize|p2|6\n|gen|9\n|tier|[Gen 9] National Dex\n|rated|\n|rule|HP Percentage Mod: HP is shown in percentages\n|rule|Endless Battle Clause: Forcing endless battles is banned\n|rule|OHKO Clause: OHKO moves are banned\n|rule|Evasion Clause: Evasion abilities, items, and moves are banned\n|rule|Evasion Abilities Clause: Evasion abilities are banned\n|rule|Evasion Items Clause: Evasion items are banned\n|rule|Evasion Moves Clause: Evasion moves are banned\n|rule|Species Clause: Limit one of each Pok\u00e9mon\n|rule|Sleep Clause Mod: Limit one foe put to sleep\n|clearpoke\n|poke|p1|Lopunny, M|\n|poke|p1|Toxapex, F|\n|poke|p1|Iron Valiant|\n|poke|p1|Zapdos|\n|poke|p1|Sneasler, F|\n|poke|p1|Landorus-Therian, M|\n|poke|p2|Pawmot, M|\n|poke|p2|Gyarados, F|\n|poke|p2|Salamence, M|\n|poke|p2|Heatran, M|\n|poke|p2|Azumarill, M|\n|poke|p2|Dragonite, M|\n|teampreview\n|inactive|Battle timer is ON: inactive players will automatically lose when time's up. (requested by penguino0205)\n|\n|t:|1700716563\n|start\n|switch|p1a: Sneasler|Sneasler, F|100\/100\n|switch|p2a: Heatran|Heatran, M|100\/100\n|turn|1\n|\n|t:|1700716572\n|-terastallize|p2a: Heatran|Fire\n|move|p1a: Sneasler|Close Combat|p2a: Heatran\n|-damage|p2a: Heatran|30\/100\n|-unboost|p1a: Sneasler|def|1\n|-unboost|p1a: Sneasler|spd|1\n|move|p2a: Heatran|Eruption|p1a: Sneasler\n|-damage|p1a: Sneasler|37\/100\n|\n|upkeep\n|turn|2\n|\n|t:|1700716587\n|move|p1a: Sneasler|Close Combat|p2a: Heatran\n|-damage|p2a: Heatran|0 fnt\n|-unboost|p1a: Sneasler|def|1\n|-unboost|p1a: Sneasler|spd|1\n|faint|p2a: Heatran\n|\n|upkeep\n|\n|t:|1700716601\n|switch|p2a: Azumarill|Azumarill, M|100\/100\n|turn|3\n|\n|t:|1700716614\n|move|p1a: Sneasler|Close Combat|p2a: Azumarill\n|-resisted|p2a: Azumarill\n|-crit|p2a: Azumarill\n|-damage|p2a: Azumarill|49\/100\n|-unboost|p1a: Sneasler|def|1\n|-unboost|p1a: Sneasler|spd|1\n|-status|p2a: Azumarill|psn|[from] ability: Poison Touch|[of] p1a: Sneasler\n|-zpower|p2a: Azumarill\n|move|p2a: Azumarill|Z-Belly Drum|p2a: Azumarill|[anim]Belly Drum\n|-heal|p2a: Azumarill|100\/100 psn|[zeffect]\n|-damage|p2a: Azumarill|50\/100 psn\n|-setboost|p2a: Azumarill|atk|6|[from] move: Belly Drum\n|\n|-damage|p2a: Azumarill|38\/100 psn|[from] psn\n|upkeep\n|turn|4\n|\n|t:|1700716630\n|move|p2a: Azumarill|Aqua Jet|p1a: Sneasler\n|-damage|p1a: Sneasler|0 fnt\n|faint|p1a: Sneasler\n|\n|-damage|p2a: Azumarill|26\/100 psn|[from] psn\n|upkeep\n|\n|t:|1700716633\n|switch|p1a: Lopunny|Lopunny, M|100\/100\n|turn|5\n|\n|t:|1700716638\n|detailschange|p1a: Lopunny|Lopunny-Mega, M\n|-mega|p1a: Lopunny|Lopunny|Lopunnite\n|move|p1a: Lopunny|Fake Out|p2a: Azumarill\n|-damage|p2a: Azumarill|2\/100 psn\n|cant|p2a: Azumarill|flinch\n|\n|-damage|p2a: Azumarill|0 fnt|[from] psn\n|faint|p2a: Azumarill\n|upkeep\n|\n|t:|1700716656\n|switch|p2a: Salamence|Salamence, M|100\/100\n|turn|6\n|\n|t:|1700716672\n|move|p1a: Lopunny|Ice Punch|p2a: Salamence\n|-supereffective|p2a: Salamence\n|-damage|p2a: Salamence|0 fnt\n|faint|p2a: Salamence\n|\n|upkeep\n|\n|t:|1700716683\n|switch|p2a: Pawmot|Pawmot, M|100\/100\n|turn|7\n|\n|t:|1700716688\n|move|p1a: Lopunny|Close Combat|p2a: Pawmot\n|-damage|p2a: Pawmot|0 fnt\n|-unboost|p1a: Lopunny|def|1\n|-unboost|p1a: Lopunny|spd|1\n|faint|p2a: Pawmot\n|\n|upkeep\n|\n|t:|1700716694\n|switch|p2a: Dragonite|Dragonite, M|100\/100\n|turn|8\n|\n|t:|1700716700\n|move|p1a: Lopunny|Ice Punch|p2a: Dragonite\n|-supereffective|p2a: Dragonite\n|-damage|p2a: Dragonite|43\/100\n|move|p2a: Dragonite|Dragon Dance|p2a: Dragonite\n|-boost|p2a: Dragonite|atk|1\n|-boost|p2a: Dragonite|spe|1\n|\n|upkeep\n|turn|9\n|\n|t:|1700716706\n|switch|p1a: Landorus|Landorus-Therian, M|100\/100\n|-ability|p1a: Landorus|Intimidate|boost\n|-unboost|p2a: Dragonite|atk|1\n|move|p2a: Dragonite|Extreme Speed|p1a: Landorus\n|-damage|p1a: Landorus|71\/100\n|-damage|p2a: Dragonite|33\/100|[from] item: Life Orb\n|\n|-heal|p1a: Landorus|77\/100|[from] item: Leftovers\n|upkeep\n|turn|10\n|-message|Pamelo Garu forfeited.\n|\n|win|penguino0205\n|raw|penguino0205's rating: 1303 &rarr; <strong>1330<\/strong><br \/>(+27 for winning)\n|raw|Pamelo Garu's rating: 1426 &rarr; <strong>1399<\/strong><br \/>(-27 for losing)\n|l|\u2606Pamelo Garu\n","uploadtime":1700716718,"views":6,"p1id":"penguino0205","p2id":"pamelogaru","formatid":"gen9nationaldex","rating":1330,"private":0,"password":""}