{"id":"gen9nationaldex-1995098678","p1":"FlameAceGaming","p2":"JustADude10","format":"[Gen 9] National Dex","log":"|html|<div class=\"broadcast-blue\"><strong>[Gen 9] National Dex is currently suspecting Sneasler! For information on how to participate check out the <a href=\"https:\/\/www.smogon.com\/forums\/threads\/sv-national-dex-suspect-8-just-dance.3731534\/\">suspect thread<\/a>.<\/strong><\/div>\n|j|\u2606FlameAceGaming\n|j|\u2606JustADude10\n|t:|1700522372\n|gametype|singles\n|player|p1|FlameAceGaming|norman|1080\n|player|p2|JustADude10|unknown|1069\n|teamsize|p1|6\n|teamsize|p2|6\n|gen|9\n|tier|[Gen 9] National Dex\n|rated|\n|rule|HP Percentage Mod: HP is shown in percentages\n|rule|Endless Battle Clause: Forcing endless battles is banned\n|rule|OHKO Clause: OHKO moves are banned\n|rule|Evasion Clause: Evasion abilities, items, and moves are banned\n|rule|Evasion Abilities Clause: Evasion abilities are banned\n|rule|Evasion Items Clause: Evasion items are banned\n|rule|Evasion Moves Clause: Evasion moves are banned\n|rule|Species Clause: Limit one of each Pok\u00e9mon\n|rule|Sleep Clause Mod: Limit one foe put to sleep\n|clearpoke\n|poke|p1|Glaceon, M|\n|poke|p1|Vaporeon, F|\n|poke|p1|Jolteon, M|\n|poke|p1|Flareon, M|\n|poke|p1|Sylveon, F|\n|poke|p1|Leafeon, M|\n|poke|p2|Zoroark-Hisui, F|\n|poke|p2|Serperior, M|\n|poke|p2|Absol, M|\n|poke|p2|Donphan, M|\n|poke|p2|Tapu Fini|\n|poke|p2|Avalugg, F|\n|teampreview\n|inactive|Battle timer is ON: inactive players will automatically lose when time's up. (requested by FlameAceGaming)\n|c|\u2606JustADude10|eeveelutions\n|\n|t:|1700522386\n|start\n|switch|p1a: Jolteon|Jolteon, M|100\/100\n|switch|p2a: Absol|Absol, M|100\/100\n|turn|1\n|\n|t:|1700522402\n|move|p1a: Jolteon|Zap Cannon|p2a: Absol\n|-damage|p2a: Absol|0 fnt\n|replace|p2a: Red Spy|Zoroark-Hisui, F\n|-end|p2a: Red Spy|Illusion\n|faint|p2a: Red Spy\n|\n|upkeep\n|\n|t:|1700522409\n|switch|p2a: Elephantitos|Donphan, M|100\/100\n|turn|2\n|\n|t:|1700522415\n|switch|p1a: Leafeon|Leafeon, M, shiny|100\/100\n|move|p2a: Elephantitos|Earthquake|p1a: Leafeon\n|-resisted|p1a: Leafeon\n|-damage|p1a: Leafeon|79\/100\n|\n|upkeep\n|turn|3\n|\n|t:|1700522426\n|move|p1a: Leafeon|Leaf Blade|p2a: Elephantitos\n|-supereffective|p2a: Elephantitos\n|-damage|p2a: Elephantitos|31\/100\n|move|p2a: Elephantitos|Ice Spinner|p1a: Leafeon\n|-supereffective|p1a: Leafeon\n|-damage|p1a: Leafeon|35\/100\n|\n|upkeep\n|turn|4\n|\n|t:|1700522437\n|switch|p2a: Absol|Absol, M|100\/100\n|move|p1a: Leafeon|Sunny Day|p1a: Leafeon\n|-weather|SunnyDay\n|\n|-weather|SunnyDay|[upkeep]\n|upkeep\n|turn|5\n|\n|t:|1700522450\n|move|p1a: Leafeon|Solar Blade||[still]\n|-prepare|p1a: Leafeon|Solar Blade\n|-anim|p1a: Leafeon|Solar Blade|p2a: Absol\n|-damage|p2a: Absol|0 fnt\n|faint|p2a: Absol\n|\n|-weather|SunnyDay|[upkeep]\n|upkeep\n|\n|t:|1700522458\n|switch|p2a: The Ice Age|Avalugg, F|100\/100\n|turn|6\n|\n|t:|1700522466\n|switch|p1a: Flareon|Flareon, M|100\/100\n|move|p2a: The Ice Age|Ice Spinner|p1a: Flareon\n|-resisted|p1a: Flareon\n|-damage|p1a: Flareon|63\/100\n|\n|-weather|SunnyDay|[upkeep]\n|upkeep\n|turn|7\n|\n|t:|1700522479\n|switch|p2a: Bro fr a Clam|Tapu Fini, shiny|100\/100\n|-fieldstart|move: Misty Terrain|[from] ability: Misty Surge|[of] p2a: Bro fr a Clam\n|move|p1a: Flareon|Fire Fang|p2a: Bro fr a Clam\n|-resisted|p2a: Bro fr a Clam\n|-damage|p2a: Bro fr a Clam|75\/100\n|\n|-weather|SunnyDay|[upkeep]\n|upkeep\n|turn|8\n|\n|t:|1700522494\n|switch|p1a: Jolteon|Jolteon, M|100\/100\n|move|p2a: Bro fr a Clam|Calm Mind|p2a: Bro fr a Clam\n|-boost|p2a: Bro fr a Clam|spa|1\n|-boost|p2a: Bro fr a Clam|spd|1\n|\n|-weather|none\n|upkeep\n|turn|9\n|\n|t:|1700522509\n|move|p1a: Jolteon|Zap Cannon|p2a: Bro fr a Clam\n|-supereffective|p2a: Bro fr a Clam\n|-damage|p2a: Bro fr a Clam|7\/100\n|move|p2a: Bro fr a Clam|Draining Kiss|p1a: Jolteon\n|-damage|p1a: Jolteon|63\/100\n|-heal|p2a: Bro fr a Clam|34\/100|[from] drain|[of] p1a: Jolteon\n|\n|upkeep\n|turn|10\n|\n|t:|1700522521\n|switch|p2a: Elephantitos|Donphan, M|31\/100\n|move|p1a: Jolteon|Thunder|p2a: Elephantitos\n|-immune|p2a: Elephantitos\n|\n|upkeep\n|turn|11\n|\n|t:|1700522530\n|switch|p1a: Glaceon|Glaceon, M, shiny|100\/100\n|move|p2a: Elephantitos|Earthquake|p1a: Glaceon\n|-damage|p1a: Glaceon|57\/100\n|\n|upkeep\n|turn|12\n|\n|t:|1700522541\n|switch|p2a: The Ice Age|Avalugg, F|100\/100\n|move|p1a: Glaceon|Ice Beam|p2a: The Ice Age\n|-resisted|p2a: The Ice Age\n|-damage|p2a: The Ice Age|40\/100\n|\n|upkeep\n|turn|13\n|\n|t:|1700522552\n|move|p1a: Glaceon|Blizzard|p2a: The Ice Age\n|-resisted|p2a: The Ice Age\n|-damage|p2a: The Ice Age|0 fnt\n|faint|p2a: The Ice Age\n|\n|upkeep\n|\n|t:|1700522563\n|switch|p2a: Snek|Serperior, M|100\/100\n|turn|14\n|\n|t:|1700522567\n|move|p2a: Snek|Hidden Power|p1a: Glaceon\n|-supereffective|p1a: Glaceon\n|-damage|p1a: Glaceon|9\/100\n|-damage|p2a: Snek|91\/100|[from] item: Life Orb\n|move|p1a: Glaceon|Blizzard|p2a: Snek|[miss]\n|-miss|p1a: Glaceon|p2a: Snek\n|\n|-fieldend|Misty Terrain\n|upkeep\n|turn|15\n|\n|t:|1700522577\n|switch|p1a: Flareon|Flareon, M|63\/100\n|move|p2a: Snek|Leaf Storm|p1a: Flareon\n|-resisted|p1a: Flareon\n|-damage|p1a: Flareon|27\/100\n|-boost|p2a: Snek|spa|2\n|-damage|p2a: Snek|81\/100|[from] item: Life Orb\n|\n|upkeep\n|turn|16\n|\n|t:|1700522588\n|move|p2a: Snek|Leaf Storm|p1a: Flareon\n|-resisted|p1a: Flareon\n|-damage|p1a: Flareon|0 fnt\n|-boost|p2a: Snek|spa|2\n|faint|p1a: Flareon\n|-damage|p2a: Snek|71\/100|[from] item: Life Orb\n|\n|upkeep\n|\n|t:|1700522600\n|switch|p1a: Sylveon|Sylveon, F, shiny|100\/100\n|turn|17\n|\n|t:|1700522610\n|move|p2a: Snek|Leaf Storm|p1a: Sylveon\n|-damage|p1a: Sylveon|0 fnt\n|-boost|p2a: Snek|spa|2\n|faint|p1a: Sylveon\n|-damage|p2a: Snek|61\/100|[from] item: Life Orb\n|\n|upkeep\n|inactive|FlameAceGaming has 120 seconds left.\n|\n|t:|1700522633\n|switch|p1a: Jolteon|Jolteon, M|63\/100\n|turn|18\n|\n|t:|1700522638\n|move|p1a: Jolteon|Zap Cannon|p2a: Snek|[miss]\n|-miss|p1a: Jolteon|p2a: Snek\n|move|p2a: Snek|Leaf Storm|p1a: Jolteon\n|-damage|p1a: Jolteon|0 fnt\n|faint|p1a: Jolteon\n|-damage|p2a: Snek|51\/100|[from] item: Life Orb\n|\n|upkeep\n|inactive|FlameAceGaming has 120 seconds left.\n|\n|t:|1700522653\n|switch|p1a: Leafeon|Leafeon, M, shiny|35\/100\n|turn|19\n|\n|t:|1700522660\n|move|p2a: Snek|Dragon Pulse|p1a: Leafeon\n|-damage|p1a: Leafeon|0 fnt\n|faint|p1a: Leafeon\n|-damage|p2a: Snek|41\/100|[from] item: Life Orb\n|\n|upkeep\n|\n|t:|1700522672\n|switch|p1a: Vaporeon|Vaporeon, F|100\/100\n|turn|20\n|\n|t:|1700522684\n|move|p2a: Snek|Giga Drain|p1a: Vaporeon\n|-supereffective|p1a: Vaporeon\n|-damage|p1a: Vaporeon|0 fnt\n|-heal|p2a: Snek|100\/100|[from] drain|[of] p1a: Vaporeon\n|faint|p1a: Vaporeon\n|-damage|p2a: Snek|91\/100|[from] item: Life Orb\n|\n|upkeep\n|inactive|FlameAceGaming has 120 seconds left.\n|\n|t:|1700522702\n|switch|p1a: Glaceon|Glaceon, M, shiny|9\/100\n|turn|21\n|inactive|FlameAceGaming has 120 seconds left.\n|\n|t:|1700522716\n|-terastallize|p1a: Glaceon|Ice\n|move|p2a: Snek|Hidden Power|p1a: Glaceon\n|-supereffective|p1a: Glaceon\n|-damage|p1a: Glaceon|0 fnt\n|faint|p1a: Glaceon\n|-damage|p2a: Snek|81\/100|[from] item: Life Orb\n|\n|win|JustADude10\n|raw|FlameAceGaming's rating: 1080 &rarr; <strong>1057<\/strong><br \/>(-23 for losing)\n|raw|JustADude10's rating: 1069 &rarr; <strong>1100<\/strong><br \/>(+31 for winning)\n|l|\u2606FlameAceGaming\n","uploadtime":1700522731,"views":7,"p1id":"flameacegaming","p2id":"justadude10","formatid":"gen9nationaldex","rating":1057,"private":0,"password":""}