{"id":"gen9nationaldex-1998528577","p1":"Sombreo","p2":"Garry97","format":"[Gen 9] National Dex","log":"|html|<div class=\"broadcast-blue\"><strong>[Gen 9] National Dex is currently suspecting Sneasler! For information on how to participate check out the <a href=\"https:\/\/www.smogon.com\/forums\/threads\/sv-national-dex-suspect-8-just-dance.3731534\/\">suspect thread<\/a>.<\/strong><\/div>\n|j|\u2606Sombreo\n|j|\u2606Garry97\n|t:|1700952626\n|gametype|singles\n|player|p1|Sombreo|plasmagruntf|1403\n|player|p2|Garry97|eri|1408\n|teamsize|p1|6\n|teamsize|p2|6\n|gen|9\n|tier|[Gen 9] National Dex\n|rated|\n|rule|HP Percentage Mod: HP is shown in percentages\n|rule|Endless Battle Clause: Forcing endless battles is banned\n|rule|OHKO Clause: OHKO moves are banned\n|rule|Evasion Clause: Evasion abilities, items, and moves are banned\n|rule|Evasion Abilities Clause: Evasion abilities are banned\n|rule|Evasion Items Clause: Evasion items are banned\n|rule|Evasion Moves Clause: Evasion moves are banned\n|rule|Species Clause: Limit one of each Pok\u00e9mon\n|rule|Sleep Clause Mod: Limit one foe put to sleep\n|clearpoke\n|poke|p1|Urshifu-*, F|\n|poke|p1|Dragonite, F|\n|poke|p1|Kartana|\n|poke|p1|Aerodactyl, F|\n|poke|p1|Glimmora, F|\n|poke|p1|Cinccino, F|\n|poke|p2|Houndstone, F|\n|poke|p2|Absol, M|\n|poke|p2|Rotom-Heat|\n|poke|p2|Breloom, M|\n|poke|p2|Blissey, F|\n|poke|p2|Primarina, F|\n|teampreview\n|inactive|Battle timer is ON: inactive players will automatically lose when time's up. (requested by Sombreo)\n|\n|t:|1700952639\n|start\n|switch|p1a: Glimmora|Glimmora, F|100\/100\n|switch|p2a: Rotom|Rotom-Heat|100\/100\n|turn|1\n|\n|t:|1700952649\n|move|p2a: Rotom|Thunderbolt|p1a: Glimmora\n|-damage|p1a: Glimmora|54\/100\n|move|p1a: Glimmora|Stealth Rock|p2a: Rotom\n|-sidestart|p2: Garry97|move: Stealth Rock\n|\n|upkeep\n|turn|2\n|\n|t:|1700952654\n|move|p2a: Rotom|Thunderbolt|p1a: Glimmora\n|-damage|p1a: Glimmora|4\/100\n|move|p1a: Glimmora|Mortal Spin|p2a: Rotom\n|-damage|p2a: Rotom|93\/100\n|-status|p2a: Rotom|psn\n|\n|-damage|p2a: Rotom|80\/100 psn|[from] psn\n|upkeep\n|turn|3\n|\n|t:|1700952664\n|move|p2a: Rotom|Thunderbolt|p1a: Glimmora\n|-damage|p1a: Glimmora|0 fnt\n|faint|p1a: Glimmora\n|\n|-damage|p2a: Rotom|68\/100 psn|[from] psn\n|upkeep\n|j| BingBongDingBong\n|l| BingBongDingBong\n|\n|t:|1700952691\n|switch|p1a: Cinccino|Cinccino, F|100\/100\n|turn|4\n|\n|t:|1700952697\n|switch|p2a: Houndstone|Houndstone, F|100\/100\n|-damage|p2a: Houndstone|88\/100|[from] Stealth Rock\n|move|p1a: Cinccino|Rock Blast|p2a: Houndstone\n|-damage|p2a: Houndstone|80\/100\n|-damage|p2a: Houndstone|72\/100\n|-damage|p2a: Houndstone|64\/100\n|-damage|p2a: Houndstone|56\/100\n|-damage|p2a: Houndstone|49\/100\n|-hitcount|p2a: Houndstone|5\n|\n|upkeep\n|turn|5\n|\n|t:|1700952715\n|switch|p1a: Dragonite|Dragonite, F|100\/100\n|switch|p2a: Breloom|Breloom, M|100\/100\n|-damage|p2a: Breloom|94\/100|[from] Stealth Rock\n|\n|upkeep\n|turn|6\n|\n|t:|1700952723\n|move|p2a: Breloom|Spore|p1a: Dragonite\n|-status|p1a: Dragonite|slp|[from] move: Spore\n|cant|p1a: Dragonite|slp\n|\n|upkeep\n|turn|7\n|\n|t:|1700952730\n|move|p2a: Breloom|Bullet Seed|p1a: Dragonite\n|-resisted|p1a: Dragonite\n|-damage|p1a: Dragonite|98\/100 slp\n|-resisted|p1a: Dragonite\n|-damage|p1a: Dragonite|93\/100 slp\n|-resisted|p1a: Dragonite\n|-damage|p1a: Dragonite|87\/100 slp\n|-resisted|p1a: Dragonite\n|-damage|p1a: Dragonite|82\/100 slp\n|-resisted|p1a: Dragonite\n|-damage|p1a: Dragonite|77\/100 slp\n|-hitcount|p1a: Dragonite|5\n|-curestatus|p1a: Dragonite|slp|[msg]\n|move|p1a: Dragonite|Dragon Dance|p1a: Dragonite\n|-boost|p1a: Dragonite|atk|1\n|-boost|p1a: Dragonite|spe|1\n|\n|upkeep\n|turn|8\n|\n|t:|1700952744\n|switch|p2a: Houndstone|Houndstone, F|49\/100\n|-damage|p2a: Houndstone|37\/100|[from] Stealth Rock\n|move|p1a: Dragonite|Dual Wingbeat|p2a: Houndstone\n|-damage|p2a: Houndstone|25\/100\n|-damage|p1a: Dragonite|61\/100|[from] item: Rocky Helmet|[of] p2a: Houndstone\n|-damage|p2a: Houndstone|11\/100\n|-damage|p1a: Dragonite|44\/100|[from] item: Rocky Helmet|[of] p2a: Houndstone\n|-hitcount|p2a: Houndstone|2\n|\n|upkeep\n|turn|9\n|\n|t:|1700952755\n|move|p2a: Houndstone|Shadow Sneak|p1a: Dragonite\n|-damage|p1a: Dragonite|29\/100\n|move|p1a: Dragonite|Earthquake|p2a: Houndstone\n|-damage|p2a: Houndstone|0 fnt\n|faint|p2a: Houndstone\n|\n|upkeep\n|\n|t:|1700952771\n|switch|p2a: Primarina|Primarina, F|100\/100\n|-damage|p2a: Primarina|88\/100|[from] Stealth Rock\n|turn|10\n|\n|t:|1700952777\n|move|p1a: Dragonite|Dual Wingbeat|p2a: Primarina\n|-damage|p2a: Primarina|45\/100\n|-damage|p2a: Primarina|0 fnt\n|faint|p2a: Primarina\n|-hitcount|p2: Primarina|2\n|\n|upkeep\n|\n|t:|1700952785\n|switch|p2a: Absol|Absol, M|100\/100\n|-damage|p2a: Absol|88\/100|[from] Stealth Rock\n|turn|11\n|\n|t:|1700952790\n|detailschange|p2a: Absol|Absol-Mega, M\n|-mega|p2a: Absol|Absol|Absolite\n|move|p2a: Absol|Sucker Punch|p1a: Dragonite\n|-damage|p1a: Dragonite|0 fnt\n|faint|p1a: Dragonite\n|\n|upkeep\n|\n|t:|1700952801\n|switch|p1a: Kartana|Kartana|100\/100\n|turn|12\n|\n|t:|1700952814\n|move|p2a: Absol|Sucker Punch|p1a: Kartana\n|-damage|p1a: Kartana|54\/100\n|move|p1a: Kartana|Sacred Sword|p2a: Absol\n|-supereffective|p2a: Absol\n|-damage|p2a: Absol|0 fnt\n|faint|p2a: Absol\n|-ability|p1a: Kartana|Beast Boost|boost\n|-boost|p1a: Kartana|atk|1\n|-damage|p1a: Kartana|45\/100|[from] item: Life Orb\n|\n|upkeep\n|\n|t:|1700952827\n|switch|p2a: Breloom|Breloom, M|94\/100\n|-damage|p2a: Breloom|88\/100|[from] Stealth Rock\n|turn|13\n|\n|t:|1700952834\n|move|p2a: Breloom|Mach Punch|p1a: Kartana\n|-supereffective|p1a: Kartana\n|-damage|p1a: Kartana|0 fnt\n|faint|p1a: Kartana\n|\n|upkeep\n|\n|t:|1700952843\n|switch|p1a: Cinccino|Cinccino, F|100\/100\n|turn|14\n|\n|t:|1700952849\n|move|p2a: Breloom|Mach Punch|p1a: Cinccino\n|-supereffective|p1a: Cinccino\n|-damage|p1a: Cinccino|0 fnt\n|faint|p1a: Cinccino\n|\n|upkeep\n|\n|t:|1700952853\n|switch|p1a: Aerodactyl|Aerodactyl, F|100\/100\n|turn|15\n|\n|t:|1700952865\n|detailschange|p1a: Aerodactyl|Aerodactyl-Mega, F\n|-mega|p1a: Aerodactyl|Aerodactyl|Aerodactylite\n|-terastallize|p2a: Breloom|Rock\n|move|p1a: Aerodactyl|Dual Wingbeat|p2a: Breloom\n|-resisted|p2a: Breloom\n|-damage|p2a: Breloom|68\/100\n|-resisted|p2a: Breloom\n|-damage|p2a: Breloom|47\/100\n|-hitcount|p2a: Breloom|2\n|move|p2a: Breloom|Rock Tomb|p1a: Aerodactyl\n|-supereffective|p1a: Aerodactyl\n|-damage|p1a: Aerodactyl|0 fnt\n|faint|p1a: Aerodactyl\n|\n|upkeep\n|\n|t:|1700952871\n|switch|p1a: Urshifu|Urshifu-Rapid-Strike, F|100\/100\n|turn|16\n|\n|t:|1700952881\n|-terastallize|p1a: Urshifu|Water\n|move|p2a: Breloom|Mach Punch|p1a: Urshifu\n|-damage|p1a: Urshifu|67\/100\n|move|p1a: Urshifu|Surging Strikes|p2a: Breloom\n|-supereffective|p2a: Breloom\n|-crit|p2a: Breloom\n|-damage|p2a: Breloom|0 fnt\n|faint|p2a: Breloom\n|-hitcount|p2: Breloom|1\n|\n|upkeep\n|\n|t:|1700952894\n|switch|p2a: Rotom|Rotom-Heat|68\/100 psn\n|-damage|p2a: Rotom|43\/100 psn|[from] Stealth Rock\n|turn|17\n|\n|t:|1700952906\n|move|p2a: Rotom|Thunderbolt|p1a: Urshifu\n|-supereffective|p1a: Urshifu\n|-damage|p1a: Urshifu|0 fnt\n|faint|p1a: Urshifu\n|\n|win|Garry97\n|raw|Sombreo's rating: 1403 &rarr; <strong>1383<\/strong><br \/>(-20 for losing)\n|raw|Garry97's rating: 1408 &rarr; <strong>1428<\/strong><br \/>(+20 for winning)\n|l|\u2606Sombreo\n|c|\u2606Garry97|gg\n","uploadtime":1700952916,"views":11,"p1id":"sombreo","p2id":"garry97","formatid":"gen9nationaldex","rating":1383,"private":0,"password":""}