{"id":"gen9nationaldex-2000107235","p1":"Deriverse","p2":"ybbjj","format":"[Gen 9] National Dex","log":"|html|<div class=\"broadcast-blue\"><strong>[Gen 9] National Dex is currently suspecting Sneasler! For information on how to participate check out the <a href=\"https:\/\/www.smogon.com\/forums\/threads\/sv-national-dex-suspect-8-just-dance.3731534\/\">suspect thread<\/a>.<\/strong><\/div>\n|j|\u2606Deriverse\n|j|\u2606ybbjj\n|t:|1701156111\n|gametype|singles\n|player|p1|Deriverse|veteranf|1532\n|player|p2|ybbjj|sailor|1487\n|teamsize|p1|6\n|teamsize|p2|6\n|gen|9\n|tier|[Gen 9] National Dex\n|rated|\n|rule|HP Percentage Mod: HP is shown in percentages\n|rule|Endless Battle Clause: Forcing endless battles is banned\n|rule|OHKO Clause: OHKO moves are banned\n|rule|Evasion Clause: Evasion abilities, items, and moves are banned\n|rule|Evasion Abilities Clause: Evasion abilities are banned\n|rule|Evasion Items Clause: Evasion items are banned\n|rule|Evasion Moves Clause: Evasion moves are banned\n|rule|Species Clause: Limit one of each Pok\u00e9mon\n|rule|Sleep Clause Mod: Limit one foe put to sleep\n|clearpoke\n|poke|p1|Sigilyph, M|\n|poke|p1|Tapu Lele|\n|poke|p1|Gallade, M|\n|poke|p1|Slowbro, M|\n|poke|p1|Slowking-Galar, M|\n|poke|p1|Indeedee, M|\n|poke|p2|Mawile, M|\n|poke|p2|Cresselia, F|\n|poke|p2|Ursaluna, M|\n|poke|p2|Alomomola, M|\n|poke|p2|Vikavolt, M|\n|poke|p2|Hatterene, F|\n|teampreview\n|inactive|Battle timer is ON: inactive players will automatically lose when time's up. (requested by Deriverse)\n|\n|t:|1701156123\n|start\n|switch|p1a: Indeedee|Indeedee, M|100\/100\n|switch|p2a: Cresselia|Cresselia, F|100\/100\n|-fieldstart|move: Psychic Terrain|[from] ability: Psychic Surge|[of] p1a: Indeedee\n|turn|1\n|\n|t:|1701156130\n|move|p1a: Indeedee|Trick|p2a: Cresselia\n|-activate|p1a: Indeedee|move: Trick|[of] p2a: Cresselia\n|-item|p2a: Cresselia|Choice Scarf|[from] move: Trick\n|-item|p1a: Indeedee|Leftovers|[from] move: Trick\n|move|p2a: Cresselia|Trick Room|p2a: Cresselia\n|-fieldstart|move: Trick Room|[of] p2a: Cresselia\n|\n|upkeep\n|turn|2\n|\n|t:|1701156143\n|switch|p2a: \u6ca1\u4ec0\u4e48\u597d\u8bf4\u7684\u718a\u795e|Ursaluna, M|100\/100\n|move|p1a: Indeedee|Expanding Force|p2a: \u6ca1\u4ec0\u4e48\u597d\u8bf4\u7684\u718a\u795e\n|-crit|p2a: \u6ca1\u4ec0\u4e48\u597d\u8bf4\u7684\u718a\u795e\n|-damage|p2a: \u6ca1\u4ec0\u4e48\u597d\u8bf4\u7684\u718a\u795e|12\/100\n|\n|-status|p2a: \u6ca1\u4ec0\u4e48\u597d\u8bf4\u7684\u718a\u795e|brn|[from] item: Flame Orb\n|upkeep\n|turn|3\n|\n|t:|1701156152\n|move|p2a: \u6ca1\u4ec0\u4e48\u597d\u8bf4\u7684\u718a\u795e|Facade|p1a: Indeedee\n|-damage|p1a: Indeedee|0 fnt\n|faint|p1a: Indeedee\n|\n|-damage|p2a: \u6ca1\u4ec0\u4e48\u597d\u8bf4\u7684\u718a\u795e|6\/100 brn|[from] brn\n|upkeep\n|\n|t:|1701156159\n|switch|p1a: Sigilyph|Sigilyph, M|100\/100\n|turn|4\n|\n|t:|1701156166\n|move|p2a: \u6ca1\u4ec0\u4e48\u597d\u8bf4\u7684\u718a\u795e|Facade|p1a: Sigilyph\n|-damage|p1a: Sigilyph|0 fnt\n|faint|p1a: Sigilyph\n|\n|-damage|p2a: \u6ca1\u4ec0\u4e48\u597d\u8bf4\u7684\u718a\u795e|0 fnt|[from] brn\n|faint|p2a: \u6ca1\u4ec0\u4e48\u597d\u8bf4\u7684\u718a\u795e\n|upkeep\n|\n|t:|1701156174\n|switch|p2a: \u70ae\u866b?\u70ae\u795e!|Vikavolt, M|100\/100\n|switch|p1a: Slowbro|Slowbro, M|100\/100\n|turn|5\n|\n|t:|1701156178\n|switch|p1a: Slowking|Slowking-Galar, M|100\/100\n|move|p2a: \u70ae\u866b?\u70ae\u795e!|Thunderbolt|p1a: Slowking\n|-crit|p1a: Slowking\n|-damage|p1a: Slowking|32\/100\n|-damage|p2a: \u70ae\u866b?\u70ae\u795e!|91\/100|[from] item: Life Orb\n|\n|-fieldend|move: Trick Room\n|-fieldend|move: Psychic Terrain\n|upkeep\n|turn|6\n|\n|t:|1701156188\n|move|p1a: Slowking|Sludge Bomb|p2a: \u70ae\u866b?\u70ae\u795e!\n|-damage|p2a: \u70ae\u866b?\u70ae\u795e!|52\/100\n|-status|p2a: \u70ae\u866b?\u70ae\u795e!|psn\n|move|p2a: \u70ae\u866b?\u70ae\u795e!|Thunderbolt|p1a: Slowking\n|-damage|p1a: Slowking|0 fnt\n|faint|p1a: Slowking\n|-damage|p2a: \u70ae\u866b?\u70ae\u795e!|42\/100 psn|[from] item: Life Orb\n|\n|-damage|p2a: \u70ae\u866b?\u70ae\u795e!|30\/100 psn|[from] psn\n|upkeep\n|\n|t:|1701156196\n|switch|p1a: Tapu Lele|Tapu Lele|100\/100\n|-fieldstart|move: Psychic Terrain|[from] ability: Psychic Surge|[of] p1a: Tapu Lele\n|turn|7\n|\n|t:|1701156201\n|switch|p2a: Cresselia|Cresselia, F|100\/100\n|move|p1a: Tapu Lele|Moonblast|p2a: Cresselia\n|-damage|p2a: Cresselia|42\/100\n|\n|upkeep\n|turn|8\n|\n|t:|1701156209\n|-terastallize|p2a: Cresselia|Steel\n|move|p1a: Tapu Lele|Moonblast|p2a: Cresselia\n|-resisted|p2a: Cresselia\n|-damage|p2a: Cresselia|15\/100\n|move|p2a: Cresselia|Trick Room|p2a: Cresselia\n|-fieldstart|move: Trick Room|[of] p2a: Cresselia\n|\n|upkeep\n|turn|9\n|\n|t:|1701156217\n|move|p1a: Tapu Lele|Moonblast|p2a: Cresselia\n|-resisted|p2a: Cresselia\n|-damage|p2a: Cresselia|0 fnt\n|faint|p2a: Cresselia\n|\n|upkeep\n|\n|t:|1701156220\n|switch|p2a: \u70ae\u866b?\u70ae\u795e!|Vikavolt, M|30\/100 psn\n|turn|10\n|\n|t:|1701156223\n|move|p2a: \u70ae\u866b?\u70ae\u795e!|Bug Buzz|p1a: Tapu Lele\n|-damage|p1a: Tapu Lele|21\/100\n|-damage|p2a: \u70ae\u866b?\u70ae\u795e!|20\/100 psn|[from] item: Life Orb\n|move|p1a: Tapu Lele|Moonblast|p2a: \u70ae\u866b?\u70ae\u795e!\n|-damage|p2a: \u70ae\u866b?\u70ae\u795e!|0 fnt\n|faint|p2a: \u70ae\u866b?\u70ae\u795e!\n|\n|upkeep\n|\n|t:|1701156226\n|switch|p2a: \u5634\u795e?\u5b09\u95f9miss\u795e!|Mawile, M|100\/100\n|-ability|p2a: \u5634\u795e?\u5b09\u95f9miss\u795e!|Intimidate|boost\n|-unboost|p1a: Tapu Lele|atk|1\n|turn|11\n|\n|t:|1701156229\n|switch|p1a: Slowbro|Slowbro, M|100\/100\n|detailschange|p2a: \u5634\u795e?\u5b09\u95f9miss\u795e!|Mawile-Mega, M\n|-mega|p2a: \u5634\u795e?\u5b09\u95f9miss\u795e!|Mawile|Mawilite\n|move|p2a: \u5634\u795e?\u5b09\u95f9miss\u795e!|Iron Head|p1a: Slowbro\n|-resisted|p1a: Slowbro\n|-damage|p1a: Slowbro|77\/100\n|\n|-heal|p1a: Slowbro|83\/100|[from] item: Leftovers\n|-fieldend|move: Psychic Terrain\n|upkeep\n|turn|12\n|\n|t:|1701156236\n|move|p2a: \u5634\u795e?\u5b09\u95f9miss\u795e!|Play Rough|p1a: Slowbro\n|-damage|p1a: Slowbro|31\/100\n|move|p1a: Slowbro|Scald|p2a: \u5634\u795e?\u5b09\u95f9miss\u795e!\n|-damage|p2a: \u5634\u795e?\u5b09\u95f9miss\u795e!|68\/100\n|-status|p2a: \u5634\u795e?\u5b09\u95f9miss\u795e!|brn\n|\n|-heal|p1a: Slowbro|37\/100|[from] item: Leftovers\n|-damage|p2a: \u5634\u795e?\u5b09\u95f9miss\u795e!|61\/100 brn|[from] brn\n|-fieldend|move: Trick Room\n|upkeep\n|turn|13\n|j| Kurenaiwing\n|\n|t:|1701156249\n|move|p2a: \u5634\u795e?\u5b09\u95f9miss\u795e!|Sucker Punch||[still]\n|-fail|p2a: \u5634\u795e?\u5b09\u95f9miss\u795e!\n|move|p1a: Slowbro|Slack Off|p1a: Slowbro\n|-heal|p1a: Slowbro|87\/100\n|\n|-heal|p1a: Slowbro|93\/100|[from] item: Leftovers\n|-damage|p2a: \u5634\u795e?\u5b09\u95f9miss\u795e!|55\/100 brn|[from] brn\n|upkeep\n|turn|14\n|\n|t:|1701156256\n|switch|p2a: Alomomola|Alomomola, M|100\/100\n|move|p1a: Slowbro|Scald|p2a: Alomomola\n|-resisted|p2a: Alomomola\n|-crit|p2a: Alomomola\n|-damage|p2a: Alomomola|80\/100\n|\n|-heal|p1a: Slowbro|99\/100|[from] item: Leftovers\n|upkeep\n|turn|15\n|\n|t:|1701156265\n|move|p2a: Alomomola|Toxic|p1a: Slowbro\n|-status|p1a: Slowbro|tox\n|move|p1a: Slowbro|Psychic|p2a: Alomomola\n|-damage|p2a: Alomomola|46\/100\n|\n|-heal|p1a: Slowbro|100\/100 tox|[from] item: Leftovers\n|-damage|p1a: Slowbro|94\/100 tox|[from] psn\n|upkeep\n|turn|16\n|\n|t:|1701156273\n|move|p2a: Alomomola|Wish|p2a: Alomomola\n|move|p1a: Slowbro|Psychic|p2a: Alomomola\n|-damage|p2a: Alomomola|18\/100\n|\n|-heal|p1a: Slowbro|100\/100 tox|[from] item: Leftovers\n|-damage|p1a: Slowbro|88\/100 tox|[from] psn\n|upkeep\n|turn|17\n|\n|t:|1701156278\n|move|p2a: Alomomola|Protect|p2a: Alomomola\n|-singleturn|p2a: Alomomola|Protect\n|move|p1a: Slowbro|Scald|p2a: Alomomola\n|-activate|p2a: Alomomola|move: Protect\n|\n|-heal|p2a: Alomomola|68\/100|[from] move: Wish|[wisher] Alomomola\n|-heal|p1a: Slowbro|94\/100 tox|[from] item: Leftovers\n|-damage|p1a: Slowbro|76\/100 tox|[from] psn\n|upkeep\n|turn|18\n|\n|t:|1701156282\n|switch|p1a: Tapu Lele|Tapu Lele|21\/100\n|-fieldstart|move: Psychic Terrain|[from] ability: Psychic Surge|[of] p1a: Tapu Lele\n|move|p2a: Alomomola|Wish|p2a: Alomomola\n|\n|upkeep\n|turn|19\n|\n|t:|1701156288\n|move|p2a: Alomomola|Protect|p2a: Alomomola\n|-singleturn|p2a: Alomomola|Protect\n|move|p1a: Tapu Lele|Psychic|p2a: Alomomola\n|-activate|p2a: Alomomola|move: Protect\n|\n|-heal|p2a: Alomomola|100\/100|[from] move: Wish|[wisher] Alomomola\n|upkeep\n|turn|20\n|\n|t:|1701156292\n|switch|p1a: Slowbro|Slowbro, M|100\/100 tox\n|move|p2a: Alomomola|Toxic|p1a: Slowbro\n|-fail|p1a: Slowbro|tox\n|\n|-damage|p1a: Slowbro|94\/100 tox|[from] psn\n|upkeep\n|turn|21\n|\n|t:|1701156298\n|move|p2a: Alomomola|Wish|p2a: Alomomola\n|move|p1a: Slowbro|Psychic|p2a: Alomomola\n|-damage|p2a: Alomomola|59\/100\n|\n|-heal|p1a: Slowbro|100\/100 tox|[from] item: Leftovers\n|-damage|p1a: Slowbro|88\/100 tox|[from] psn\n|upkeep\n|turn|22\n|\n|t:|1701156304\n|switch|p1a: Tapu Lele|Tapu Lele|21\/100\n|move|p2a: Alomomola|Flip Turn|p1a: Tapu Lele\n|-damage|p1a: Tapu Lele|0 fnt\n|faint|p1a: Tapu Lele\n|\n|t:|1701156307\n|switch|p2a: \u5634\u795e?\u5b09\u95f9miss\u795e!|Mawile-Mega, M|55\/100 brn|[from] Flip Turn\n|\n|-heal|p2a: \u5634\u795e?\u5b09\u95f9miss\u795e!|100\/100 brn|[from] move: Wish|[wisher] Alomomola\n|-damage|p2a: \u5634\u795e?\u5b09\u95f9miss\u795e!|94\/100 brn|[from] brn\n|-fieldend|move: Psychic Terrain\n|upkeep\n|\n|t:|1701156311\n|switch|p1a: Slowbro|Slowbro, M|100\/100 tox\n|turn|23\n|\n|t:|1701156321\n|move|p2a: \u5634\u795e?\u5b09\u95f9miss\u795e!|Sucker Punch|p1a: Slowbro\n|-supereffective|p1a: Slowbro\n|-damage|p1a: Slowbro|72\/100 tox\n|move|p1a: Slowbro|Scald|p2a: \u5634\u795e?\u5b09\u95f9miss\u795e!\n|-damage|p2a: \u5634\u795e?\u5b09\u95f9miss\u795e!|59\/100 brn\n|\n|-heal|p1a: Slowbro|78\/100 tox|[from] item: Leftovers\n|-damage|p1a: Slowbro|72\/100 tox|[from] psn\n|-damage|p2a: \u5634\u795e?\u5b09\u95f9miss\u795e!|52\/100 brn|[from] brn\n|upkeep\n|turn|24\n|\n|t:|1701156330\n|switch|p2a: Alomomola|Alomomola, M|92\/100\n|move|p1a: Slowbro|Psychic|p2a: Alomomola\n|-damage|p2a: Alomomola|63\/100\n|\n|-heal|p1a: Slowbro|78\/100 tox|[from] item: Leftovers\n|-damage|p1a: Slowbro|65\/100 tox|[from] psn\n|upkeep\n|turn|25\n|\n|t:|1701156337\n|switch|p1a: Gallade|Gallade, M|100\/100\n|move|p2a: Alomomola|Protect||[still]\n|-fail|p2a: Alomomola\n|\n|upkeep\n|turn|26\n|\n|t:|1701156342\n|detailschange|p1a: Gallade|Gallade-Mega, M\n|-mega|p1a: Gallade|Gallade|Galladite\n|move|p1a: Gallade|Swords Dance|p1a: Gallade\n|-boost|p1a: Gallade|atk|2\n|move|p2a: Alomomola|Toxic|p1a: Gallade|[miss]\n|-miss|p2a: Alomomola|p1a: Gallade\n|\n|upkeep\n|turn|27\n|\n|t:|1701156349\n|move|p1a: Gallade|Close Combat|p2a: Alomomola\n|-damage|p2a: Alomomola|0 fnt\n|-unboost|p1a: Gallade|def|1\n|-unboost|p1a: Gallade|spd|1\n|-damage|p1a: Gallade|84\/100|[from] item: Rocky Helmet|[of] p2a: Alomomola\n|faint|p2a: Alomomola\n|\n|upkeep\n|\n|t:|1701156353\n|switch|p2a: Hatterene|Hatterene, F|100\/100\n|turn|28\n|\n|t:|1701156356\n|switch|p1a: Slowbro|Slowbro, M|99\/100 tox\n|move|p2a: Hatterene|Trick Room|p2a: Hatterene\n|-fieldstart|move: Trick Room|[of] p2a: Hatterene\n|\n|-heal|p1a: Slowbro|100\/100 tox|[from] item: Leftovers\n|-damage|p1a: Slowbro|94\/100 tox|[from] psn\n|upkeep\n|turn|29\n|\n|t:|1701156361\n|switch|p2a: \u5634\u795e?\u5b09\u95f9miss\u795e!|Mawile-Mega, M|52\/100 brn\n|move|p1a: Slowbro|Scald|p2a: \u5634\u795e?\u5b09\u95f9miss\u795e!\n|-damage|p2a: \u5634\u795e?\u5b09\u95f9miss\u795e!|20\/100 brn\n|\n|-heal|p1a: Slowbro|100\/100 tox|[from] item: Leftovers\n|-damage|p1a: Slowbro|88\/100 tox|[from] psn\n|-damage|p2a: \u5634\u795e?\u5b09\u95f9miss\u795e!|14\/100 brn|[from] brn\n|upkeep\n|turn|30\n|\n|t:|1701156371\n|move|p2a: \u5634\u795e?\u5b09\u95f9miss\u795e!|Play Rough|p1a: Slowbro|[miss]\n|-miss|p2a: \u5634\u795e?\u5b09\u95f9miss\u795e!|p1a: Slowbro\n|move|p1a: Slowbro|Scald|p2a: \u5634\u795e?\u5b09\u95f9miss\u795e!\n|-damage|p2a: \u5634\u795e?\u5b09\u95f9miss\u795e!|0 fnt\n|faint|p2a: \u5634\u795e?\u5b09\u95f9miss\u795e!\n|\n|-heal|p1a: Slowbro|94\/100 tox|[from] item: Leftovers\n|-damage|p1a: Slowbro|76\/100 tox|[from] psn\n|upkeep\n|-message|ybbjj forfeited.\n|\n|win|Deriverse\n|raw|Deriverse's rating: 1532 &rarr; <strong>1549<\/strong><br \/>(+17 for winning)\n|raw|ybbjj's rating: 1487 &rarr; <strong>1470<\/strong><br \/>(-17 for losing)\n|l|\u2606ybbjj\n","uploadtime":1701156380,"views":6,"p1id":"deriverse","p2id":"ybbjj","formatid":"gen9nationaldex","rating":1470,"private":0,"password":""}