{"id":"gen9nationaldex-1992240981","p1":"Zecao do Showdown","p2":"RandoTestAccount","format":"[Gen 9] National Dex","log":"|j|\u2606Zecao do Showdown\n|j|\u2606RandoTestAccount\n|t:|1700166855\n|gametype|singles\n|player|p1|Zecao do Showdown|ethan|1188\n|player|p2|RandoTestAccount|pokemonrangerf|1232\n|teamsize|p1|6\n|teamsize|p2|6\n|gen|9\n|tier|[Gen 9] National Dex\n|rated|\n|rule|HP Percentage Mod: HP is shown in percentages\n|rule|Endless Battle Clause: Forcing endless battles is banned\n|rule|OHKO Clause: OHKO moves are banned\n|rule|Evasion Clause: Evasion abilities, items, and moves are banned\n|rule|Evasion Abilities Clause: Evasion abilities are banned\n|rule|Evasion Items Clause: Evasion items are banned\n|rule|Evasion Moves Clause: Evasion moves are banned\n|rule|Species Clause: Limit one of each Pok\u00e9mon\n|rule|Sleep Clause Mod: Limit one foe put to sleep\n|clearpoke\n|poke|p1|Xurkitree|\n|poke|p1|Tapu Koko|\n|poke|p1|Zapdos|\n|poke|p1|Alomomola, F|\n|poke|p1|Sneasler, F|\n|poke|p1|Garganacl, M|\n|poke|p2|Umbreon, F|\n|poke|p2|Excadrill, F|\n|poke|p2|Corviknight, F|\n|poke|p2|Sableye, F|\n|poke|p2|Tapu Fini|\n|poke|p2|Dragalge, F|\n|teampreview\n|inactive|Battle timer is ON: inactive players will automatically lose when time's up. (requested by RandoTestAccount)\n|\n|t:|1700166884\n|start\n|switch|p1a: Alomomola|Alomomola, F|100\/100\n|switch|p2a: The Lonesome One|Excadrill, F, shiny|100\/100\n|-ability|p2a: The Lonesome One|Mold Breaker\n|turn|1\n|\n|t:|1700166892\n|switch|p2a: Spectre of Emerald|Sableye, F, shiny|100\/100\n|move|p1a: Alomomola|Wish|p1a: Alomomola\n|\n|upkeep\n|turn|2\n|\n|t:|1700166898\n|switch|p2a: The Droplet Tear|Tapu Fini, shiny|100\/100\n|-fieldstart|move: Misty Terrain|[from] ability: Misty Surge|[of] p2a: The Droplet Tear\n|move|p1a: Alomomola|Flip Turn|p2a: The Droplet Tear\n|-resisted|p2a: The Droplet Tear\n|-damage|p2a: The Droplet Tear|94\/100\n|\n|t:|1700166904\n|switch|p1a: Tapu Koko|Tapu Koko, shiny|100\/100|[from] Flip Turn\n|-fieldstart|move: Electric Terrain|[from] ability: Electric Surge|[of] p1a: Tapu Koko\n|\n|-heal|p2a: The Droplet Tear|99\/100|[from] item: Leftovers\n|upkeep\n|turn|3\n|\n|t:|1700166912\n|switch|p2a: The Lonesome One|Excadrill, F, shiny|100\/100\n|-ability|p2a: The Lonesome One|Mold Breaker\n|move|p1a: Tapu Koko|Volt Switch|p2a: The Lonesome One\n|-immune|p2a: The Lonesome One\n|\n|upkeep\n|turn|4\n|\n|t:|1700166921\n|switch|p1a: Zapdos|Zapdos|100\/100\n|switch|p2a: The Droplet Tear|Tapu Fini, shiny|99\/100\n|-fieldstart|move: Misty Terrain|[from] ability: Misty Surge|[of] p2a: The Droplet Tear\n|\n|-heal|p2a: The Droplet Tear|100\/100|[from] item: Leftovers\n|upkeep\n|turn|5\n|\n|t:|1700166926\n|switch|p2a: The Lonesome One|Excadrill, F, shiny|100\/100\n|-ability|p2a: The Lonesome One|Mold Breaker\n|move|p1a: Zapdos|Volt Switch|p2a: The Lonesome One\n|-immune|p2a: The Lonesome One\n|\n|upkeep\n|turn|6\n|\n|t:|1700166935\n|move|p1a: Zapdos|Heat Wave|p2a: The Lonesome One\n|-supereffective|p2a: The Lonesome One\n|-damage|p2a: The Lonesome One|20\/100\n|move|p2a: The Lonesome One|Swords Dance|p2a: The Lonesome One\n|-boost|p2a: The Lonesome One|atk|2\n|\n|-heal|p2a: The Lonesome One|26\/100|[from] item: Leftovers\n|upkeep\n|turn|7\n|\n|t:|1700166942\n|switch|p2a: Agony Steelheart|Dragalge, F, shiny|100\/100\n|move|p1a: Zapdos|Heat Wave|p2a: Agony Steelheart|[miss]\n|-miss|p1a: Zapdos|p2a: Agony Steelheart\n|\n|upkeep\n|turn|8\n|\n|t:|1700166952\n|move|p1a: Zapdos|Volt Switch|p2a: Agony Steelheart\n|-resisted|p2a: Agony Steelheart\n|-damage|p2a: Agony Steelheart|90\/100\n|\n|t:|1700166962\n|switch|p1a: Garganacl|Garganacl, M|100\/100|[from] Volt Switch\n|move|p2a: Agony Steelheart|Toxic|p1a: Garganacl\n|-immune|p1a: Garganacl|[from] ability: Purifying Salt\n|\n|-heal|p2a: Agony Steelheart|96\/100|[from] item: Black Sludge\n|-fieldend|Misty Terrain\n|upkeep\n|turn|9\n|\n|t:|1700166971\n|move|p2a: Agony Steelheart|Acid Spray|p1a: Garganacl\n|-resisted|p1a: Garganacl\n|-damage|p1a: Garganacl|92\/100\n|-unboost|p1a: Garganacl|spd|2\n|move|p1a: Garganacl|Stealth Rock|p2a: Agony Steelheart\n|-sidestart|p2: RandoTestAccount|move: Stealth Rock\n|\n|-heal|p2a: Agony Steelheart|100\/100|[from] item: Black Sludge\n|-heal|p1a: Garganacl|98\/100|[from] item: Leftovers\n|upkeep\n|turn|10\n|\n|t:|1700166981\n|move|p2a: Agony Steelheart|Dragon Pulse|p1a: Garganacl\n|-damage|p1a: Garganacl|25\/100\n|move|p1a: Garganacl|Salt Cure|p2a: Agony Steelheart\n|-crit|p2a: Agony Steelheart\n|-damage|p2a: Agony Steelheart|76\/100\n|-start|p2a: Agony Steelheart|Salt Cure\n|\n|-heal|p2a: Agony Steelheart|82\/100|[from] item: Black Sludge\n|-heal|p1a: Garganacl|31\/100|[from] item: Leftovers\n|-damage|p2a: Agony Steelheart|70\/100|[from] Salt Cure\n|upkeep\n|turn|11\n|\n|t:|1700167003\n|switch|p1a: Tapu Koko|Tapu Koko, shiny|100\/100\n|-fieldstart|move: Electric Terrain|[from] ability: Electric Surge|[of] p1a: Tapu Koko\n|move|p2a: Agony Steelheart|Dragon Pulse|p1a: Tapu Koko\n|-immune|p1a: Tapu Koko\n|\n|-heal|p2a: Agony Steelheart|76\/100|[from] item: Black Sludge\n|-damage|p2a: Agony Steelheart|63\/100|[from] Salt Cure\n|upkeep\n|turn|12\n|\n|t:|1700167013\n|switch|p2a: The Lonesome One|Excadrill, F, shiny|26\/100\n|-damage|p2a: The Lonesome One|23\/100|[from] Stealth Rock\n|-ability|p2a: The Lonesome One|Mold Breaker\n|move|p1a: Tapu Koko|Volt Switch|p2a: The Lonesome One\n|-immune|p2a: The Lonesome One\n|\n|-heal|p2a: The Lonesome One|30\/100|[from] item: Leftovers\n|upkeep\n|turn|13\n|\n|t:|1700167023\n|move|p1a: Tapu Koko|Volt Switch|p2a: The Lonesome One\n|-immune|p2a: The Lonesome One\n|move|p2a: The Lonesome One|Rapid Spin|p1a: Tapu Koko\n|-damage|p1a: Tapu Koko|75\/100\n|-boost|p2a: The Lonesome One|spe|1\n|-sideend|p2: RandoTestAccount|Stealth Rock|[from] move: Rapid Spin|[of] p2a: The Lonesome One\n|\n|-heal|p2a: The Lonesome One|36\/100|[from] item: Leftovers\n|upkeep\n|turn|14\n|\n|t:|1700167035\n|switch|p1a: Alomomola|Alomomola, F|100\/100\n|move|p2a: The Lonesome One|Swords Dance|p2a: The Lonesome One\n|-boost|p2a: The Lonesome One|atk|2\n|\n|-heal|p2a: The Lonesome One|42\/100|[from] item: Leftovers\n|upkeep\n|turn|15\n|\n|t:|1700167042\n|move|p2a: The Lonesome One|Earthquake|p1a: Alomomola\n|-damage|p1a: Alomomola|35\/100\n|move|p1a: Alomomola|Flip Turn|p2a: The Lonesome One\n|-supereffective|p2a: The Lonesome One\n|-damage|p2a: The Lonesome One|0 fnt\n|faint|p2a: The Lonesome One\n|\n|t:|1700167055\n|switch|p1a: Xurkitree|Xurkitree|100\/100|[from] Flip Turn\n|\n|upkeep\n|\n|t:|1700167079\n|switch|p2a: Agony Steelheart|Dragalge, F, shiny|63\/100\n|turn|16\n|\n|t:|1700167093\n|-zpower|p1a: Xurkitree\n|move|p1a: Xurkitree|Z-Hypnosis|p2a: Agony Steelheart|[anim]Hypnosis\n|-boost|p1a: Xurkitree|spe|1|[zeffect]\n|-activate|p2a: Agony Steelheart|move: Electric Terrain\n|move|p2a: Agony Steelheart|Acid Spray|p1a: Xurkitree\n|-damage|p1a: Xurkitree|75\/100\n|-unboost|p1a: Xurkitree|spd|2\n|\n|-heal|p2a: Agony Steelheart|69\/100|[from] item: Black Sludge\n|upkeep\n|turn|17\n|\n|t:|1700167119\n|move|p1a: Xurkitree|Rising Voltage|p2a: Agony Steelheart\n|-hint|Rising Voltage's BP doubled on grounded target.\n|-resisted|p2a: Agony Steelheart\n|-damage|p2a: Agony Steelheart|31\/100\n|move|p2a: Agony Steelheart|Dragon Pulse|p1a: Xurkitree\n|-damage|p1a: Xurkitree|0 fnt\n|faint|p1a: Xurkitree\n|\n|-heal|p2a: Agony Steelheart|37\/100|[from] item: Black Sludge\n|upkeep\n|\n|t:|1700167129\n|switch|p1a: Zapdos|Zapdos|100\/100\n|turn|18\n|\n|t:|1700167146\n|move|p1a: Zapdos|Volt Switch|p2a: Agony Steelheart\n|-resisted|p2a: Agony Steelheart\n|-damage|p2a: Agony Steelheart|27\/100\n|\n|t:|1700167152\n|switch|p1a: Garganacl|Garganacl, M|31\/100|[from] Volt Switch\n|move|p2a: Agony Steelheart|Toxic|p1a: Garganacl\n|-immune|p1a: Garganacl|[from] ability: Purifying Salt\n|\n|-heal|p2a: Agony Steelheart|33\/100|[from] item: Black Sludge\n|-heal|p1a: Garganacl|38\/100|[from] item: Leftovers\n|-fieldend|move: Electric Terrain\n|upkeep\n|turn|19\n|\n|t:|1700167158\n|move|p2a: Agony Steelheart|Dragon Pulse|p1a: Garganacl\n|-damage|p1a: Garganacl|3\/100\n|move|p1a: Garganacl|Recover|p1a: Garganacl\n|-heal|p1a: Garganacl|53\/100\n|\n|-heal|p2a: Agony Steelheart|39\/100|[from] item: Black Sludge\n|-heal|p1a: Garganacl|59\/100|[from] item: Leftovers\n|upkeep\n|turn|20\n|\n|t:|1700167163\n|move|p2a: Agony Steelheart|Acid Spray|p1a: Garganacl\n|-resisted|p1a: Garganacl\n|-damage|p1a: Garganacl|51\/100\n|-unboost|p1a: Garganacl|spd|2\n|move|p1a: Garganacl|Recover|p1a: Garganacl\n|-heal|p1a: Garganacl|100\/100\n|\n|-heal|p2a: Agony Steelheart|45\/100|[from] item: Black Sludge\n|upkeep\n|turn|21\n|\n|t:|1700167174\n|switch|p1a: Alomomola|Alomomola, F|68\/100\n|move|p2a: Agony Steelheart|Acid Spray|p1a: Alomomola\n|-damage|p1a: Alomomola|48\/100\n|-unboost|p1a: Alomomola|spd|2\n|\n|-heal|p1a: Alomomola|54\/100|[from] item: Leftovers\n|-heal|p2a: Agony Steelheart|50\/100|[from] item: Black Sludge\n|upkeep\n|turn|22\n|\n|t:|1700167192\n|move|p1a: Alomomola|Protect|p1a: Alomomola\n|-singleturn|p1a: Alomomola|Protect\n|move|p2a: Agony Steelheart|Dragon Pulse|p1a: Alomomola\n|-activate|p1a: Alomomola|move: Protect\n|\n|-heal|p1a: Alomomola|60\/100|[from] item: Leftovers\n|-heal|p2a: Agony Steelheart|56\/100|[from] item: Black Sludge\n|upkeep\n|turn|23\n|\n|t:|1700167200\n|move|p1a: Alomomola|Wish|p1a: Alomomola\n|move|p2a: Agony Steelheart|Acid Spray|p1a: Alomomola\n|-damage|p1a: Alomomola|19\/100\n|-unboost|p1a: Alomomola|spd|2\n|\n|-heal|p1a: Alomomola|26\/100|[from] item: Leftovers\n|-heal|p2a: Agony Steelheart|62\/100|[from] item: Black Sludge\n|upkeep\n|turn|24\n|\n|t:|1700167229\n|move|p1a: Alomomola|Flip Turn|p2a: Agony Steelheart\n|-resisted|p2a: Agony Steelheart\n|-damage|p2a: Agony Steelheart|53\/100\n|\n|t:|1700167234\n|switch|p1a: Garganacl|Garganacl, M|100\/100|[from] Flip Turn\n|move|p2a: Agony Steelheart|Acid Spray|p1a: Garganacl\n|-resisted|p1a: Garganacl\n|-damage|p1a: Garganacl|93\/100\n|-unboost|p1a: Garganacl|spd|2\n|\n|-heal|p1a: Garganacl|100\/100|[from] move: Wish|[wisher] Alomomola\n|-heal|p2a: Agony Steelheart|59\/100|[from] item: Black Sludge\n|upkeep\n|turn|25\n|inactive|RandoTestAccount has 120 seconds left.\n|\n|t:|1700167278\n|move|p2a: Agony Steelheart|Dragon Pulse|p1a: Garganacl\n|-damage|p1a: Garganacl|34\/100\n|move|p1a: Garganacl|Salt Cure|p2a: Agony Steelheart\n|-damage|p2a: Agony Steelheart|45\/100\n|-start|p2a: Agony Steelheart|Salt Cure\n|\n|-heal|p2a: Agony Steelheart|51\/100|[from] item: Black Sludge\n|-heal|p1a: Garganacl|40\/100|[from] item: Leftovers\n|-damage|p2a: Agony Steelheart|39\/100|[from] Salt Cure\n|upkeep\n|turn|26\n|\n|t:|1700167299\n|switch|p2a: The Droplet Tear|Tapu Fini, shiny|100\/100\n|-fieldstart|move: Misty Terrain|[from] ability: Misty Surge|[of] p2a: The Droplet Tear\n|switch|p1a: Alomomola|Alomomola, F|59\/100\n|\n|-heal|p1a: Alomomola|65\/100|[from] item: Leftovers\n|upkeep\n|turn|27\n|\n|t:|1700167306\n|move|p2a: The Droplet Tear|Substitute|p2a: The Droplet Tear\n|-start|p2a: The Droplet Tear|Substitute\n|-damage|p2a: The Droplet Tear|76\/100\n|move|p1a: Alomomola|Wish|p1a: Alomomola\n|\n|-heal|p2a: The Droplet Tear|82\/100|[from] item: Leftovers\n|-heal|p1a: Alomomola|71\/100|[from] item: Leftovers\n|upkeep\n|turn|28\n|inactive|RandoTestAccount has 120 seconds left.\n|\n|t:|1700167321\n|move|p2a: The Droplet Tear|Calm Mind|p2a: The Droplet Tear\n|-boost|p2a: The Droplet Tear|spa|1\n|-boost|p2a: The Droplet Tear|spd|1\n|move|p1a: Alomomola|Flip Turn|p2a: The Droplet Tear\n|-resisted|p2a: The Droplet Tear\n|-activate|p2a: The Droplet Tear|move: Substitute|[damage]\n|\n|t:|1700167324\n|switch|p1a: Zapdos|Zapdos|100\/100|[from] Flip Turn\n|\n|-heal|p2a: The Droplet Tear|88\/100|[from] item: Leftovers\n|upkeep\n|turn|29\n|\n|t:|1700167327\n|move|p1a: Zapdos|Volt Switch|p2a: The Droplet Tear\n|-supereffective|p2a: The Droplet Tear\n|-end|p2a: The Droplet Tear|Substitute\n|\n|t:|1700167333\n|switch|p1a: Garganacl|Garganacl, M|40\/100|[from] Volt Switch\n|move|p2a: The Droplet Tear|Substitute|p2a: The Droplet Tear\n|-start|p2a: The Droplet Tear|Substitute\n|-damage|p2a: The Droplet Tear|63\/100\n|\n|-heal|p2a: The Droplet Tear|69\/100|[from] item: Leftovers\n|-heal|p1a: Garganacl|46\/100|[from] item: Leftovers\n|upkeep\n|turn|30\n|\n|t:|1700167337\n|move|p2a: The Droplet Tear|Calm Mind|p2a: The Droplet Tear\n|-boost|p2a: The Droplet Tear|spa|1\n|-boost|p2a: The Droplet Tear|spd|1\n|move|p1a: Garganacl|Recover|p1a: Garganacl\n|-heal|p1a: Garganacl|96\/100\n|\n|-heal|p2a: The Droplet Tear|75\/100|[from] item: Leftovers\n|-heal|p1a: Garganacl|100\/100|[from] item: Leftovers\n|-fieldend|Misty Terrain\n|upkeep\n|turn|31\n|\n|t:|1700167339\n|move|p2a: The Droplet Tear|Calm Mind|p2a: The Droplet Tear\n|-boost|p2a: The Droplet Tear|spa|1\n|-boost|p2a: The Droplet Tear|spd|1\n|move|p1a: Garganacl|Salt Cure|p2a: The Droplet Tear\n|-activate|p2a: The Droplet Tear|move: Substitute|[damage]\n|\n|-heal|p2a: The Droplet Tear|81\/100|[from] item: Leftovers\n|upkeep\n|turn|32\n|inactive|RandoTestAccount has 120 seconds left.\n|\n|t:|1700167385\n|move|p2a: The Droplet Tear|Calm Mind|p2a: The Droplet Tear\n|-boost|p2a: The Droplet Tear|spa|1\n|-boost|p2a: The Droplet Tear|spd|1\n|move|p1a: Garganacl|Salt Cure|p2a: The Droplet Tear\n|-activate|p2a: The Droplet Tear|move: Substitute|[damage]\n|\n|-heal|p2a: The Droplet Tear|87\/100|[from] item: Leftovers\n|upkeep\n|turn|33\n|\n|t:|1700167393\n|move|p2a: The Droplet Tear|Calm Mind|p2a: The Droplet Tear\n|-boost|p2a: The Droplet Tear|spa|1\n|-boost|p2a: The Droplet Tear|spd|1\n|move|p1a: Garganacl|Salt Cure|p2a: The Droplet Tear\n|-end|p2a: The Droplet Tear|Substitute\n|\n|-heal|p2a: The Droplet Tear|93\/100|[from] item: Leftovers\n|upkeep\n|turn|34\n|inactive|RandoTestAccount has 120 seconds left.\n|\n|t:|1700167406\n|move|p2a: The Droplet Tear|Substitute|p2a: The Droplet Tear\n|-start|p2a: The Droplet Tear|Substitute\n|-damage|p2a: The Droplet Tear|68\/100\n|move|p1a: Garganacl|Salt Cure|p2a: The Droplet Tear\n|-activate|p2a: The Droplet Tear|move: Substitute|[damage]\n|\n|-heal|p2a: The Droplet Tear|74\/100|[from] item: Leftovers\n|upkeep\n|turn|35\n|\n|t:|1700167414\n|switch|p1a: Zapdos|Zapdos|100\/100\n|move|p2a: The Droplet Tear|Calm Mind|p2a: The Droplet Tear\n|-boost|p2a: The Droplet Tear|spa|1\n|-boost|p2a: The Droplet Tear|spd|1\n|\n|-heal|p2a: The Droplet Tear|80\/100|[from] item: Leftovers\n|upkeep\n|turn|36\n|inactive|RandoTestAccount has 120 seconds left.\n|\n|t:|1700167432\n|move|p1a: Zapdos|Volt Switch|p2a: The Droplet Tear\n|-supereffective|p2a: The Droplet Tear\n|-end|p2a: The Droplet Tear|Substitute\n|\n|t:|1700167439\n|switch|p1a: Tapu Koko|Tapu Koko, shiny|75\/100|[from] Volt Switch\n|-fieldstart|move: Electric Terrain|[from] ability: Electric Surge|[of] p1a: Tapu Koko\n|move|p2a: The Droplet Tear|Moonblast|p1a: Tapu Koko\n|-damage|p1a: Tapu Koko|0 fnt\n|faint|p1a: Tapu Koko\n|\n|-heal|p2a: The Droplet Tear|86\/100|[from] item: Leftovers\n|upkeep\n|\n|t:|1700167446\n|switch|p1a: Sneasler|Sneasler, F|100\/100\n|-enditem|p1a: Sneasler|Electric Seed\n|-boost|p1a: Sneasler|def|1|[from] item: Electric Seed\n|turn|37\n|\n|t:|1700167452\n|-terastallize|p2a: The Droplet Tear|Ghost\n|move|p1a: Sneasler|Dire Claw|p2a: The Droplet Tear\n|-resisted|p2a: The Droplet Tear\n|-damage|p2a: The Droplet Tear|70\/100\n|move|p2a: The Droplet Tear|Moonblast|p1a: Sneasler\n|-damage|p1a: Sneasler|0 fnt\n|faint|p1a: Sneasler\n|\n|-heal|p2a: The Droplet Tear|76\/100|[from] item: Leftovers\n|upkeep\n|-message|Zecao do Showdown forfeited.\n|\n|win|RandoTestAccount\n|raw|Zecao do Showdown's rating: 1188 &rarr; <strong>1165<\/strong><br \/>(-23 for losing)\n|raw|RandoTestAccount's rating: 1209 &rarr; <strong>1232<\/strong><br \/>(+23 for winning)\n|l|\u2606Zecao do Showdown\n","uploadtime":1700167472,"views":4,"p1id":"zecaodoshowdown","p2id":"randotestaccount","formatid":"gen9nationaldex","rating":1165,"private":0,"password":""}