{"id":"gen9nationaldex-1992858670","p1":"CallMeMrBusiness","p2":"Poundtown-101","format":"[Gen 9] National Dex","log":"|j|\u2606CallMeMrBusiness\n|j|\u2606Poundtown-101\n|t:|1700241581\n|gametype|singles\n|player|p1|CallMeMrBusiness|veteran|1034\n|player|p2|Poundtown-101|hiker-gen4|1047\n|teamsize|p1|6\n|teamsize|p2|6\n|gen|9\n|tier|[Gen 9] National Dex\n|rated|\n|rule|HP Percentage Mod: HP is shown in percentages\n|rule|Endless Battle Clause: Forcing endless battles is banned\n|rule|OHKO Clause: OHKO moves are banned\n|rule|Evasion Clause: Evasion abilities, items, and moves are banned\n|rule|Evasion Abilities Clause: Evasion abilities are banned\n|rule|Evasion Items Clause: Evasion items are banned\n|rule|Evasion Moves Clause: Evasion moves are banned\n|rule|Species Clause: Limit one of each Pok\u00e9mon\n|rule|Sleep Clause Mod: Limit one foe put to sleep\n|clearpoke\n|poke|p1|Samurott, M|\n|poke|p1|Emolga, F|\n|poke|p1|Leavanny, F|\n|poke|p1|Sawk, M|\n|poke|p1|Krookodile, M|\n|poke|p1|Boldore, M|\n|poke|p2|Hypno, M|\n|poke|p2|Raticate, F|\n|poke|p2|Arbok, F|\n|poke|p2|Golduck, F|\n|poke|p2|Victreebel, M|\n|poke|p2|Dewgong, F|\n|teampreview\n|inactive|Battle timer is ON: inactive players will automatically lose when time's up. (requested by CallMeMrBusiness)\n|\n|t:|1700241587\n|start\n|switch|p1a: Boldore|Boldore, M, shiny|100\/100\n|switch|p2a: Hypno|Hypno, M|100\/100\n|turn|1\n|\n|t:|1700241594\n|-zpower|p2a: Hypno\n|move|p2a: Hypno|Z-Hypnosis|p1a: Boldore|[anim]Hypnosis|[miss]\n|-boost|p2a: Hypno|spe|1|[zeffect]\n|-miss|p2a: Hypno|p1a: Boldore\n|move|p1a: Boldore|Stealth Rock|p2a: Hypno\n|-sidestart|p2: Poundtown-101|move: Stealth Rock\n|\n|upkeep\n|turn|2\n|\n|t:|1700241601\n|move|p2a: Hypno|Hypnosis|p1a: Boldore\n|-status|p1a: Boldore|slp|[from] move: Hypnosis\n|cant|p1a: Boldore|slp\n|\n|upkeep\n|turn|3\n|\n|t:|1700241606\n|move|p2a: Hypno|Nightmare|p1a: Boldore\n|-start|p1a: Boldore|Nightmare\n|cant|p1a: Boldore|slp\n|\n|-damage|p1a: Boldore|76\/100 slp|[from] Nightmare\n|upkeep\n|turn|4\n|\n|t:|1700241612\n|move|p2a: Hypno|Dream Eater|p1a: Boldore\n|-damage|p1a: Boldore|42\/100 slp\n|cant|p1a: Boldore|slp\n|\n|-damage|p1a: Boldore|17\/100 slp|[from] Nightmare\n|upkeep\n|turn|5\n|\n|t:|1700241618\n|move|p2a: Hypno|Dream Eater|p1a: Boldore\n|-damage|p1a: Boldore|0 fnt\n|faint|p1a: Boldore\n|\n|upkeep\n|\n|t:|1700241622\n|switch|p1a: Krookodile|Krookodile, M|100\/100\n|turn|6\n|\n|t:|1700241625\n|move|p1a: Krookodile|Bulk Up|p1a: Krookodile\n|-boost|p1a: Krookodile|atk|1\n|-boost|p1a: Krookodile|def|1\n|move|p2a: Hypno|Hypnosis|p1a: Krookodile|[miss]\n|-miss|p2a: Hypno|p1a: Krookodile\n|\n|upkeep\n|turn|7\n|\n|t:|1700241631\n|move|p1a: Krookodile|Knock Off|p2a: Hypno\n|-supereffective|p2a: Hypno\n|-damage|p2a: Hypno|15\/100\n|move|p2a: Hypno|Psych Up|p1a: Krookodile\n|-copyboost|p2a: Hypno|p1a: Krookodile|[from] move: Psych Up\n|\n|upkeep\n|turn|8\n|\n|t:|1700241637\n|move|p1a: Krookodile|Knock Off|p2a: Hypno\n|-supereffective|p2a: Hypno\n|-damage|p2a: Hypno|0 fnt\n|faint|p2a: Hypno\n|-ability|p1a: Krookodile|Moxie|boost\n|-boost|p1a: Krookodile|atk|1\n|\n|upkeep\n|\n|t:|1700241640\n|switch|p2a: Arbok|Arbok, F|100\/100\n|-damage|p2a: Arbok|88\/100|[from] Stealth Rock\n|-ability|p2a: Arbok|Intimidate|boost\n|-unboost|p1a: Krookodile|atk|1\n|turn|9\n|\n|t:|1700241646\n|move|p1a: Krookodile|Earthquake|p2a: Arbok\n|-supereffective|p2a: Arbok\n|-damage|p2a: Arbok|0 fnt\n|faint|p2a: Arbok\n|-ability|p1a: Krookodile|Moxie|boost\n|-boost|p1a: Krookodile|atk|1\n|\n|upkeep\n|\n|t:|1700241648\n|switch|p2a: Dewgong|Dewgong, F|100\/100\n|-damage|p2a: Dewgong|76\/100|[from] Stealth Rock\n|turn|10\n|\n|t:|1700241654\n|move|p1a: Krookodile|Knock Off|p2a: Dewgong\n|-damage|p2a: Dewgong|0 fnt\n|-enditem|p2a: Dewgong|Leftovers|[from] move: Knock Off|[of] p1a: Krookodile\n|faint|p2a: Dewgong\n|-ability|p1a: Krookodile|Moxie|boost\n|-boost|p1a: Krookodile|atk|1\n|\n|upkeep\n|\n|t:|1700241657\n|switch|p2a: Victreebel|Victreebel, M|100\/100\n|-damage|p2a: Victreebel|88\/100|[from] Stealth Rock\n|turn|11\n|\n|t:|1700241665\n|move|p1a: Krookodile|Fire Fang|p2a: Victreebel\n|-supereffective|p2a: Victreebel\n|-damage|p2a: Victreebel|0 fnt\n|faint|p2a: Victreebel\n|-ability|p1a: Krookodile|Moxie|boost\n|-boost|p1a: Krookodile|atk|1\n|\n|upkeep\n|\n|t:|1700241668\n|switch|p2a: Golduck|Golduck, F|100\/100\n|-damage|p2a: Golduck|88\/100|[from] Stealth Rock\n|-ability|p2a: Golduck|Cloud Nine\n|turn|12\n|\n|t:|1700241675\n|move|p1a: Krookodile|Knock Off|p2a: Golduck\n|-damage|p2a: Golduck|0 fnt\n|-enditem|p2a: Golduck|Weakness Policy|[from] move: Knock Off|[of] p1a: Krookodile\n|faint|p2a: Golduck\n|-ability|p1a: Krookodile|Moxie|boost\n|-boost|p1a: Krookodile|atk|1\n|\n|upkeep\n|\n|t:|1700241677\n|switch|p2a: Raticate|Raticate, F|100\/100\n|-damage|p2a: Raticate|88\/100|[from] Stealth Rock\n|turn|13\n|\n|t:|1700241683\n|move|p2a: Raticate|Sucker Punch|p1a: Krookodile\n|-resisted|p1a: Krookodile\n|-damage|p1a: Krookodile|93\/100\n|move|p1a: Krookodile|Knock Off|p2a: Raticate\n|-damage|p2a: Raticate|0 fnt\n|-enditem|p2a: Raticate|Wide Lens|[from] move: Knock Off|[of] p1a: Krookodile\n|faint|p2a: Raticate\n|\n|win|CallMeMrBusiness\n|raw|CallMeMrBusiness's rating: 1034 &rarr; <strong>1070<\/strong><br \/>(+36 for winning)\n|raw|Poundtown-101's rating: 1047 &rarr; <strong>1029<\/strong><br \/>(-18 for losing)\n|l|\u2606Poundtown-101\n","uploadtime":1700241695,"views":8,"p1id":"callmemrbusiness","p2id":"poundtown101","formatid":"gen9nationaldex","rating":1029,"private":0,"password":""}