{"id":"gen9nationaldex-1989959492","p1":"brbrubr","p2":"vheneko","format":"[Gen 9] National Dex","log":"|j|\u2606brbrubr\n|j|\u2606vheneko\n|t:|1699910295\n|gametype|singles\n|player|p1|brbrubr|101|1373\n|player|p2|vheneko|pilot|1304\n|teamsize|p1|6\n|teamsize|p2|6\n|gen|9\n|tier|[Gen 9] National Dex\n|rated|\n|rule|HP Percentage Mod: HP is shown in percentages\n|rule|Endless Battle Clause: Forcing endless battles is banned\n|rule|OHKO Clause: OHKO moves are banned\n|rule|Evasion Clause: Evasion abilities, items, and moves are banned\n|rule|Evasion Abilities Clause: Evasion abilities are banned\n|rule|Evasion Items Clause: Evasion items are banned\n|rule|Evasion Moves Clause: Evasion moves are banned\n|rule|Species Clause: Limit one of each Pok\u00e9mon\n|rule|Sleep Clause Mod: Limit one foe put to sleep\n|clearpoke\n|poke|p1|Charizard, M|\n|poke|p1|Gliscor, F|\n|poke|p1|Tapu Lele|\n|poke|p1|Greninja-*, M|\n|poke|p1|Glimmora, F|\n|poke|p1|Kartana|\n|poke|p2|Druddigon, F|\n|poke|p2|Hawlucha, M|\n|poke|p2|Iron Moth|\n|poke|p2|Tyrantrum, M|\n|poke|p2|Comfey, M|\n|poke|p2|Scizor, F|\n|teampreview\n|inactive|Battle timer is ON: inactive players will automatically lose when time's up. (requested by brbrubr)\n|\n|t:|1699910305\n|start\n|switch|p1a: Glimmora|Glimmora, F|100\/100\n|switch|p2a: Iron Moth|Iron Moth|100\/100\n|turn|1\n|\n|t:|1699910313\n|move|p2a: Iron Moth|Substitute|p2a: Iron Moth\n|-start|p2a: Iron Moth|Substitute\n|-damage|p2a: Iron Moth|76\/100\n|move|p1a: Glimmora|Earth Power|p2a: Iron Moth\n|-supereffective|p2a: Iron Moth\n|-end|p2a: Iron Moth|Substitute\n|\n|-heal|p2a: Iron Moth|82\/100|[from] item: Leftovers\n|upkeep\n|turn|2\n|\n|t:|1699910323\n|move|p2a: Iron Moth|Substitute|p2a: Iron Moth\n|-start|p2a: Iron Moth|Substitute\n|-damage|p2a: Iron Moth|57\/100\n|move|p1a: Glimmora|Earth Power|p2a: Iron Moth\n|-supereffective|p2a: Iron Moth\n|-end|p2a: Iron Moth|Substitute\n|\n|-heal|p2a: Iron Moth|63\/100|[from] item: Leftovers\n|upkeep\n|turn|3\n|\n|t:|1699910332\n|-terastallize|p2a: Iron Moth|Bug\n|move|p2a: Iron Moth|Energy Ball|p1a: Glimmora\n|-damage|p1a: Glimmora|62\/100\n|move|p1a: Glimmora|Earth Power|p2a: Iron Moth\n|-resisted|p2a: Iron Moth\n|-damage|p2a: Iron Moth|48\/100\n|\n|-heal|p2a: Iron Moth|54\/100|[from] item: Leftovers\n|upkeep\n|turn|4\n|\n|t:|1699910342\n|move|p2a: Iron Moth|Substitute|p2a: Iron Moth\n|-start|p2a: Iron Moth|Substitute\n|-damage|p2a: Iron Moth|29\/100\n|move|p1a: Glimmora|Stealth Rock|p2a: Iron Moth\n|-sidestart|p2: vheneko|move: Stealth Rock\n|\n|-heal|p2a: Iron Moth|35\/100|[from] item: Leftovers\n|upkeep\n|turn|5\n|\n|t:|1699910352\n|move|p2a: Iron Moth|Fiery Dance|p1a: Glimmora\n|-resisted|p1a: Glimmora\n|-damage|p1a: Glimmora|36\/100\n|-boost|p2a: Iron Moth|spa|1\n|move|p1a: Glimmora|Spikes|p2a: Iron Moth\n|-sidestart|p2: vheneko|Spikes\n|\n|-heal|p2a: Iron Moth|41\/100|[from] item: Leftovers\n|upkeep\n|turn|6\n|\n|t:|1699910361\n|move|p2a: Iron Moth|Fiery Dance|p1a: Glimmora\n|-resisted|p1a: Glimmora\n|-damage|p1a: Glimmora|0 fnt\n|faint|p1a: Glimmora\n|\n|-heal|p2a: Iron Moth|47\/100|[from] item: Leftovers\n|upkeep\n|\n|t:|1699910371\n|switch|p1a: Charizard|Charizard, M|100\/100\n|turn|7\n|\n|t:|1699910375\n|move|p2a: Iron Moth|Sludge Wave|p1a: Charizard\n|-damage|p1a: Charizard|0 fnt\n|faint|p1a: Charizard\n|\n|-heal|p2a: Iron Moth|53\/100|[from] item: Leftovers\n|upkeep\n|\n|t:|1699910382\n|switch|p1a: Greninja|Greninja, M|100\/100\n|turn|8\n|\n|t:|1699910385\n|move|p1a: Greninja|Water Shuriken|p2a: Iron Moth\n|-activate|p2a: Iron Moth|move: Substitute|[damage]\n|-activate|p2a: Iron Moth|move: Substitute|[damage]\n|-hitcount|p2a: Iron Moth|2\n|move|p2a: Iron Moth|Energy Ball|p1a: Greninja\n|-supereffective|p1a: Greninja\n|-damage|p1a: Greninja|0 fnt\n|faint|p1a: Greninja\n|\n|-heal|p2a: Iron Moth|59\/100|[from] item: Leftovers\n|upkeep\n|\n|t:|1699910394\n|switch|p1a: Kartana|Kartana|100\/100\n|turn|9\n|\n|t:|1699910403\n|move|p1a: Kartana|Knock Off|p2a: Iron Moth\n|-end|p2a: Iron Moth|Substitute\n|move|p2a: Iron Moth|Sludge Wave|p1a: Kartana\n|-immune|p1a: Kartana\n|\n|-heal|p2a: Iron Moth|65\/100|[from] item: Leftovers\n|upkeep\n|turn|10\n|\n|t:|1699910414\n|-end|p2a: Iron Moth|Quark Drive|[silent]\n|switch|p2a: Druddigon|Druddigon, F|100\/100\n|-damage|p2a: Druddigon|88\/100|[from] Stealth Rock\n|-damage|p2a: Druddigon|76\/100|[from] Spikes\n|move|p1a: Kartana|Knock Off|p2a: Druddigon\n|-damage|p2a: Druddigon|47\/100\n|-damage|p1a: Kartana|88\/100|[from] ability: Rough Skin|[of] p2a: Druddigon\n|-damage|p1a: Kartana|72\/100|[from] item: Rocky Helmet|[of] p2a: Druddigon\n|-enditem|p2a: Druddigon|Rocky Helmet|[from] move: Knock Off|[of] p1a: Kartana\n|\n|upkeep\n|turn|11\n|\n|t:|1699910426\n|switch|p1a: Tapu Lele|Tapu Lele|100\/100\n|-fieldstart|move: Psychic Terrain|[from] ability: Psychic Surge|[of] p1a: Tapu Lele\n|move|p2a: Druddigon|Glare|p1a: Tapu Lele\n|-status|p1a: Tapu Lele|par\n|\n|upkeep\n|turn|12\n|\n|t:|1699910433\n|move|p1a: Tapu Lele|Moonblast|p2a: Druddigon\n|-supereffective|p2a: Druddigon\n|-damage|p2a: Druddigon|0 fnt\n|faint|p2a: Druddigon\n|\n|upkeep\n|\n|t:|1699910440\n|switch|p2a: Scizor|Scizor, F|100\/100\n|-damage|p2a: Scizor|88\/100|[from] Stealth Rock\n|-damage|p2a: Scizor|76\/100|[from] Spikes\n|turn|13\n|\n|t:|1699910447\n|switch|p1a: Gliscor|Gliscor, F|100\/100\n|move|p2a: Scizor|Defog|p1a: Gliscor\n|-unboost|p1a: Gliscor|evasion|1\n|-sideend|p2: vheneko|Spikes|[from] move: Defog|[of] p2a: Scizor\n|-sideend|p2: vheneko|Stealth Rock|[from] move: Defog|[of] p2a: Scizor\n|-fieldend|move: Psychic Terrain\n|\n|-status|p1a: Gliscor|tox|[from] item: Toxic Orb\n|upkeep\n|turn|14\n|\n|t:|1699910458\n|switch|p2a: Tyrantrum|Tyrantrum, M|100\/100\n|move|p1a: Gliscor|Earthquake|p2a: Tyrantrum\n|-supereffective|p2a: Tyrantrum\n|-damage|p2a: Tyrantrum|25\/100\n|\n|upkeep\n|turn|15\n|\n|t:|1699910465\n|move|p1a: Gliscor|Earthquake|p2a: Tyrantrum\n|-supereffective|p2a: Tyrantrum\n|-damage|p2a: Tyrantrum|0 fnt\n|faint|p2a: Tyrantrum\n|\n|upkeep\n|\n|t:|1699910470\n|switch|p2a: Iron Moth|Iron Moth, tera:Bug|65\/100\n|turn|16\n|\n|t:|1699910478\n|move|p2a: Iron Moth|Substitute|p2a: Iron Moth\n|-start|p2a: Iron Moth|Substitute\n|-damage|p2a: Iron Moth|40\/100\n|move|p1a: Gliscor|Ice Fang|p2a: Iron Moth\n|-end|p2a: Iron Moth|Substitute\n|\n|-heal|p2a: Iron Moth|46\/100|[from] item: Leftovers\n|upkeep\n|turn|17\n|\n|t:|1699910487\n|move|p2a: Iron Moth|Fiery Dance|p1a: Gliscor\n|-damage|p1a: Gliscor|33\/100 tox\n|-boost|p2a: Iron Moth|spa|1\n|move|p1a: Gliscor|Ice Fang|p2a: Iron Moth|[miss]\n|-miss|p1a: Gliscor|p2a: Iron Moth\n|\n|-heal|p2a: Iron Moth|52\/100|[from] item: Leftovers\n|-heal|p1a: Gliscor|46\/100 tox|[from] ability: Poison Heal\n|upkeep\n|turn|18\n|\n|t:|1699910498\n|move|p1a: Gliscor|Protect|p1a: Gliscor\n|-singleturn|p1a: Gliscor|Protect\n|move|p2a: Iron Moth|Substitute|p2a: Iron Moth\n|-start|p2a: Iron Moth|Substitute\n|-damage|p2a: Iron Moth|27\/100\n|\n|-heal|p2a: Iron Moth|33\/100|[from] item: Leftovers\n|-heal|p1a: Gliscor|58\/100 tox|[from] ability: Poison Heal\n|upkeep\n|turn|19\n|\n|t:|1699910507\n|-terastallize|p1a: Gliscor|Water\n|move|p2a: Iron Moth|Fiery Dance|p1a: Gliscor\n|-resisted|p1a: Gliscor\n|-damage|p1a: Gliscor|8\/100 tox\n|move|p1a: Gliscor|Ice Fang|p2a: Iron Moth\n|-end|p2a: Iron Moth|Substitute\n|\n|-heal|p2a: Iron Moth|39\/100|[from] item: Leftovers\n|-heal|p1a: Gliscor|21\/100 tox|[from] ability: Poison Heal\n|upkeep\n|turn|20\n|\n|t:|1699910520\n|move|p2a: Iron Moth|Energy Ball|p1a: Gliscor\n|-supereffective|p1a: Gliscor\n|-damage|p1a: Gliscor|0 fnt\n|faint|p1a: Gliscor\n|\n|-heal|p2a: Iron Moth|45\/100|[from] item: Leftovers\n|upkeep\n|\n|t:|1699910524\n|switch|p1a: Kartana|Kartana|72\/100\n|turn|21\n|\n|t:|1699910529\n|move|p1a: Kartana|Knock Off|p2a: Iron Moth\n|-damage|p2a: Iron Moth|0 fnt\n|-enditem|p2a: Iron Moth|Leftovers|[from] move: Knock Off|[of] p1a: Kartana\n|faint|p2a: Iron Moth\n|-end|p2a: Iron Moth|Quark Drive|[silent]\n|-ability|p1a: Kartana|Beast Boost|boost\n|-boost|p1a: Kartana|atk|1\n|\n|upkeep\n|\n|t:|1699910535\n|switch|p2a: i saw this on yt|Hawlucha, M, shiny|100\/100\n|turn|22\n|\n|t:|1699910540\n|switch|p1a: Tapu Lele|Tapu Lele|100\/100 par\n|-fieldstart|move: Psychic Terrain|[from] ability: Psychic Surge|[of] p1a: Tapu Lele\n|move|p2a: i saw this on yt|Drain Punch|p1a: Tapu Lele\n|-resisted|p1a: Tapu Lele\n|-damage|p1a: Tapu Lele|87\/100 par\n|\n|upkeep\n|turn|23\n|\n|t:|1699910548\n|switch|p2a: Scizor|Scizor, F|76\/100\n|move|p1a: Tapu Lele|Psychic|p2a: Scizor\n|-resisted|p2a: Scizor\n|-damage|p2a: Scizor|39\/100\n|\n|upkeep\n|turn|24\n|\n|t:|1699910557\n|detailschange|p2a: Scizor|Scizor-Mega, F\n|-mega|p2a: Scizor|Scizor|Scizorite\n|move|p2a: Scizor|Roost|p2a: Scizor\n|-heal|p2a: Scizor|89\/100\n|-singleturn|p2a: Scizor|move: Roost\n|cant|p1a: Tapu Lele|par\n|\n|upkeep\n|turn|25\n|\n|t:|1699910565\n|switch|p1a: Kartana|Kartana|72\/100\n|move|p2a: Scizor|Swords Dance|p2a: Scizor\n|-boost|p2a: Scizor|atk|2\n|\n|upkeep\n|turn|26\n|\n|t:|1699910572\n|move|p1a: Kartana|Sacred Sword|p2a: Scizor\n|-damage|p2a: Scizor|57\/100\n|move|p2a: Scizor|Roost|p2a: Scizor\n|-heal|p2a: Scizor|100\/100\n|-singleturn|p2a: Scizor|move: Roost\n|\n|-fieldend|move: Psychic Terrain\n|upkeep\n|turn|27\n|\n|t:|1699910580\n|move|p1a: Kartana|Sacred Sword|p2a: Scizor\n|-damage|p2a: Scizor|71\/100\n|move|p2a: Scizor|Swords Dance|p2a: Scizor\n|-boost|p2a: Scizor|atk|2\n|\n|upkeep\n|turn|28\n|\n|t:|1699910587\n|move|p2a: Scizor|Bullet Punch|p1a: Kartana\n|-resisted|p1a: Kartana\n|-damage|p1a: Kartana|26\/100\n|move|p1a: Kartana|Sacred Sword|p2a: Scizor\n|-damage|p2a: Scizor|39\/100\n|\n|upkeep\n|turn|29\n|\n|t:|1699910594\n|switch|p1a: Tapu Lele|Tapu Lele|87\/100 par\n|-fieldstart|move: Psychic Terrain|[from] ability: Psychic Surge|[of] p1a: Tapu Lele\n|move|p2a: Scizor|Bullet Punch|p1a: Tapu Lele\n|-activate|p1a: Tapu Lele|move: Psychic Terrain\n|\n|upkeep\n|turn|30\n|\n|t:|1699910601\n|move|p2a: Scizor|Roost|p2a: Scizor\n|-heal|p2a: Scizor|89\/100\n|-singleturn|p2a: Scizor|move: Roost\n|move|p1a: Tapu Lele|Psychic|p2a: Scizor\n|-resisted|p2a: Scizor\n|-damage|p2a: Scizor|57\/100\n|\n|upkeep\n|turn|31\n|c|\u2606vheneko|now look at this\n|\n|t:|1699910612\n|move|p2a: Scizor|Defog|p1a: Tapu Lele\n|-unboost|p1a: Tapu Lele|evasion|1\n|-fieldend|move: Psychic Terrain\n|move|p1a: Tapu Lele|Psychic|p2a: Scizor\n|-resisted|p2a: Scizor\n|-damage|p2a: Scizor|31\/100\n|\n|upkeep\n|turn|32\n|\n|t:|1699910620\n|switch|p1a: Kartana|Kartana|26\/100\n|move|p2a: Scizor|Roost|p2a: Scizor\n|-heal|p2a: Scizor|81\/100\n|-singleturn|p2a: Scizor|move: Roost\n|\n|upkeep\n|turn|33\n|\n|t:|1699910626\n|move|p1a: Kartana|Sacred Sword|p2a: Scizor\n|-damage|p2a: Scizor|50\/100\n|move|p2a: Scizor|Defog|p1a: Kartana\n|-unboost|p1a: Kartana|evasion|1\n|\n|upkeep\n|turn|34\n|\n|t:|1699910633\n|move|p2a: Scizor|Bullet Punch|p1a: Kartana\n|-resisted|p1a: Kartana\n|-damage|p1a: Kartana|0 fnt\n|faint|p1a: Kartana\n|\n|upkeep\n|\n|t:|1699910636\n|switch|p1a: Tapu Lele|Tapu Lele|87\/100 par\n|-fieldstart|move: Psychic Terrain|[from] ability: Psychic Surge|[of] p1a: Tapu Lele\n|turn|35\n|\n|t:|1699910642\n|move|p2a: Scizor|Defog|p1a: Tapu Lele\n|-unboost|p1a: Tapu Lele|evasion|1\n|-fieldend|move: Psychic Terrain\n|move|p1a: Tapu Lele|Shadow Ball|p2a: Scizor\n|-damage|p2a: Scizor|20\/100\n|\n|upkeep\n|turn|36\n|c|\u2606vheneko|gg\n|-message|brbrubr forfeited.\n|\n|win|vheneko\n|raw|brbrubr's rating: 1373 &rarr; <strong>1349<\/strong><br \/>(-24 for losing)\n|raw|vheneko's rating: 1304 &rarr; <strong>1328<\/strong><br \/>(+24 for winning)\n|l|\u2606brbrubr\n","uploadtime":1699910657,"views":6,"p1id":"brbrubr","p2id":"vheneko","formatid":"gen9nationaldex","rating":1328,"private":0,"password":""}