{"id":"gen9nationaldex-1999444617","p1":"playeraccount","p2":"Yalpur","format":"[Gen 9] National Dex","log":"|html|<div class=\"broadcast-blue\"><strong>[Gen 9] National Dex is currently suspecting Sneasler! For information on how to participate check out the <a href=\"https:\/\/www.smogon.com\/forums\/threads\/sv-national-dex-suspect-8-just-dance.3731534\/\">suspect thread<\/a>.<\/strong><\/div>\n|j|\u2606playeraccount\n|j|\u2606Yalpur\n|t:|1701081557\n|gametype|singles\n|player|p1|playeraccount|102|1482\n|player|p2|Yalpur|170|1678\n|teamsize|p1|6\n|teamsize|p2|6\n|gen|9\n|tier|[Gen 9] National Dex\n|rated|\n|rule|HP Percentage Mod: HP is shown in percentages\n|rule|Endless Battle Clause: Forcing endless battles is banned\n|rule|OHKO Clause: OHKO moves are banned\n|rule|Evasion Clause: Evasion abilities, items, and moves are banned\n|rule|Evasion Abilities Clause: Evasion abilities are banned\n|rule|Evasion Items Clause: Evasion items are banned\n|rule|Evasion Moves Clause: Evasion moves are banned\n|rule|Species Clause: Limit one of each Pok\u00e9mon\n|rule|Sleep Clause Mod: Limit one foe put to sleep\n|clearpoke\n|poke|p1|Zapdos|\n|poke|p1|Jirachi|\n|poke|p1|Alomomola, F|\n|poke|p1|Iron Valiant|\n|poke|p1|Rillaboom, M|\n|poke|p1|Steelix, M|\n|poke|p2|Tapu Koko|\n|poke|p2|Iron Hands|\n|poke|p2|Iron Valiant|\n|poke|p2|Hatterene, F|\n|poke|p2|Medicham, F|\n|poke|p2|Raichu-Alola, F|\n|teampreview\n|c|\u2606playeraccount|gl hf\n|inactive|Battle timer is ON: inactive players will automatically lose when time's up. (requested by playeraccount)\n|\n|t:|1701081577\n|start\n|switch|p1a: Rillaboom|Rillaboom, M|100\/100\n|switch|p2a: Tapu Koko|Tapu Koko|100\/100\n|-fieldstart|move: Electric Terrain|[from] ability: Electric Surge|[of] p2a: Tapu Koko\n|-fieldstart|move: Grassy Terrain|[from] ability: Grassy Surge|[of] p1a: Rillaboom\n|turn|1\n|\n|t:|1701081592\n|-terastallize|p2a: Tapu Koko|Flying\n|-terastallize|p1a: Rillaboom|Grass\n|move|p1a: Rillaboom|Grassy Glide|p2a: Tapu Koko\n|-resisted|p2a: Tapu Koko\n|-damage|p2a: Tapu Koko|46\/100\n|move|p2a: Tapu Koko|Brave Bird|p1a: Rillaboom\n|-supereffective|p1a: Rillaboom\n|-damage|p1a: Rillaboom|0 fnt\n|faint|p1a: Rillaboom\n|-damage|p2a: Tapu Koko|0 fnt|[from] Recoil\n|faint|p2a: Tapu Koko\n|\n|upkeep\n|\n|t:|1701081618\n|switch|p2a: Medicham|Medicham, F|100\/100\n|switch|p1a: Steelix|Steelix, M|100\/100\n|turn|2\n|\n|t:|1701081648\n|switch|p1a: Alomomola|Alomomola, F, shiny|100\/100\n|detailschange|p2a: Medicham|Medicham-Mega, F\n|-mega|p2a: Medicham|Medicham|Medichamite\n|move|p2a: Medicham|Close Combat|p1a: Alomomola\n|-damage|p1a: Alomomola|47\/100\n|-unboost|p2a: Medicham|def|1\n|-unboost|p2a: Medicham|spd|1\n|-damage|p2a: Medicham|84\/100|[from] item: Rocky Helmet|[of] p1a: Alomomola\n|\n|-heal|p2a: Medicham|90\/100|[from] Grassy Terrain\n|-heal|p1a: Alomomola|53\/100|[from] Grassy Terrain\n|upkeep\n|turn|3\n|inactive|Yalpur has 120 seconds left.\n|\n|t:|1701081679\n|move|p2a: Medicham|Close Combat|p1a: Alomomola\n|-damage|p1a: Alomomola|0 fnt\n|-unboost|p2a: Medicham|def|1\n|-unboost|p2a: Medicham|spd|1\n|-damage|p2a: Medicham|74\/100|[from] item: Rocky Helmet|[of] p1a: Alomomola\n|faint|p1a: Alomomola\n|\n|-heal|p2a: Medicham|80\/100|[from] Grassy Terrain\n|upkeep\n|inactive|playeraccount has 120 seconds left.\n|l|\u2606playeraccount\n|inactive|playeraccount disconnected and has a minute to reconnect!\n|player|p1|\n|j|\u2606playeraccount\n|inactive|playeraccount reconnected and has 100 seconds left.\n|player|p1|playeraccount|102\n|inactive|playeraccount has 90 seconds left.\n|\n|t:|1701081728\n|switch|p1a: Iron Valiant|Iron Valiant|100\/100\n|turn|4\n|\n|t:|1701081741\n|switch|p2a: Hatterene|Hatterene, F|100\/100\n|move|p1a: Iron Valiant|Moonblast|p2a: Hatterene\n|-damage|p2a: Hatterene|65\/100\n|-enditem|p2a: Hatterene|Eject Button\n|\n|t:|1701081756\n|switch|p2a: Raichu|Raichu-Alola, F|100\/100\n|\n|upkeep\n|turn|5\n|inactive|Yalpur has 90 seconds left.\n|\n|t:|1701081781\n|-end|p1a: Iron Valiant|Quark Drive|[silent]\n|switch|p1a: Steelix|Steelix, M|100\/100\n|move|p2a: Raichu|Grass Knot|p1a: Steelix\n|-damage|p1a: Steelix|42\/100\n|-damage|p2a: Raichu|91\/100|[from] item: Life Orb\n|\n|-heal|p2a: Raichu|97\/100|[from] Grassy Terrain\n|-heal|p1a: Steelix|48\/100|[from] Grassy Terrain\n|-fieldend|move: Grassy Terrain\n|upkeep\n|turn|6\n|inactive|Yalpur has 90 seconds left.\n|\n|t:|1701081803\n|detailschange|p1a: Steelix|Steelix-Mega, M\n|-mega|p1a: Steelix|Steelix|Steelixite\n|move|p2a: Raichu|Grass Knot|p1a: Steelix\n|-damage|p1a: Steelix|11\/100\n|-damage|p2a: Raichu|87\/100|[from] item: Life Orb\n|move|p1a: Steelix|High Horsepower|p2a: Raichu\n|-supereffective|p2a: Raichu\n|-damage|p2a: Raichu|0 fnt\n|faint|p2a: Raichu\n|\n|upkeep\n|\n|t:|1701081814\n|switch|p2a: Iron Valiant|Iron Valiant|100\/100\n|turn|7\n|\n|t:|1701081823\n|move|p2a: Iron Valiant|Moonblast|p1a: Steelix\n|-resisted|p1a: Steelix\n|-damage|p1a: Steelix|0 fnt\n|faint|p1a: Steelix\n|-damage|p2a: Iron Valiant|91\/100|[from] item: Life Orb\n|\n|upkeep\n|\n|t:|1701081826\n|switch|p1a: Iron Valiant|Iron Valiant|100\/100\n|turn|8\n|inactive|Yalpur has 90 seconds left.\n|\n|t:|1701081844\n|move|p1a: Iron Valiant|Moonblast|p2a: Iron Valiant\n|-supereffective|p2a: Iron Valiant\n|-damage|p2a: Iron Valiant|0 fnt\n|faint|p2a: Iron Valiant\n|-end|p2a: Iron Valiant|Quark Drive|[silent]\n|\n|upkeep\n|\n|t:|1701081847\n|switch|p2a: Hatterene|Hatterene, F|65\/100\n|turn|9\n|\n|t:|1701081853\n|-end|p1a: Iron Valiant|Quark Drive|[silent]\n|switch|p1a: Jirachi|Jirachi|100\/100\n|move|p2a: Hatterene|Trick Room|p2a: Hatterene\n|-fieldstart|move: Trick Room|[of] p2a: Hatterene\n|\n|upkeep\n|turn|10\n|\n|t:|1701081858\n|move|p2a: Hatterene|Mystical Fire|p1a: Jirachi\n|-supereffective|p1a: Jirachi\n|-damage|p1a: Jirachi|69\/100\n|-unboost|p1a: Jirachi|spa|1\n|move|p1a: Jirachi|Iron Head|p2a: Hatterene\n|-supereffective|p2a: Hatterene\n|-damage|p2a: Hatterene|6\/100\n|\n|upkeep\n|turn|11\n|\n|t:|1701081882\n|switch|p1a: Zapdos|Zapdos|100\/100\n|move|p2a: Hatterene|Mystical Fire|p1a: Zapdos\n|-damage|p1a: Zapdos|84\/100\n|-unboost|p1a: Zapdos|spa|1\n|\n|upkeep\n|turn|12\n|\n|t:|1701081891\n|move|p2a: Hatterene|Psychic|p1a: Zapdos\n|-damage|p1a: Zapdos|51\/100\n|move|p1a: Zapdos|Volt Switch|p2a: Hatterene\n|-damage|p2a: Hatterene|0 fnt\n|faint|p2a: Hatterene\n|\n|t:|1701081900\n|switch|p1a: Jirachi|Jirachi|69\/100|[from] Volt Switch\n|\n|upkeep\n|\n|t:|1701081904\n|switch|p2a: Iron Hands|Iron Hands|100\/100\n|turn|13\n|\n|t:|1701081918\n|-zpower|p2a: Iron Hands\n|move|p2a: Iron Hands|Gigavolt Havoc|p1a: Jirachi|[zeffect]\n|-damage|p1a: Jirachi|0 fnt\n|faint|p1a: Jirachi\n|\n|-fieldend|move: Trick Room\n|upkeep\n|\n|t:|1701081921\n|switch|p1a: Zapdos|Zapdos|51\/100\n|turn|14\n|inactive|Yalpur has 120 seconds left.\n|\n|t:|1701081936\n|move|p1a: Zapdos|Heat Wave|p2a: Iron Hands\n|-damage|p2a: Iron Hands|77\/100\n|move|p2a: Iron Hands|Ice Punch|p1a: Zapdos\n|-supereffective|p1a: Zapdos\n|-damage|p1a: Zapdos|0 fnt\n|faint|p1a: Zapdos\n|\n|upkeep\n|\n|t:|1701081940\n|switch|p1a: Iron Valiant|Iron Valiant|100\/100\n|turn|15\n|\n|t:|1701081947\n|move|p1a: Iron Valiant|Moonblast|p2a: Iron Hands\n|-supereffective|p2a: Iron Hands\n|-damage|p2a: Iron Hands|8\/100\n|-unboost|p2a: Iron Hands|spa|1\n|move|p2a: Iron Hands|Wild Charge|p1a: Iron Valiant\n|-damage|p1a: Iron Valiant|30\/100\n|-damage|p2a: Iron Hands|0 fnt|[from] Recoil\n|faint|p2a: Iron Hands\n|-end|p2a: Iron Hands|Quark Drive|[silent]\n|\n|upkeep\n|\n|t:|1701081955\n|switch|p2a: Medicham|Medicham-Mega, F|80\/100\n|turn|16\n|\n|t:|1701081958\n|move|p2a: Medicham|Fake Out|p1a: Iron Valiant\n|-damage|p1a: Iron Valiant|0 fnt\n|faint|p1a: Iron Valiant\n|-end|p1a: Iron Valiant|Quark Drive|[silent]\n|\n|win|Yalpur\n|raw|playeraccount's rating: 1482 &rarr; <strong>1472<\/strong><br \/>(-10 for losing)\n|raw|Yalpur's rating: 1678 &rarr; <strong>1688<\/strong><br \/>(+10 for winning)\n|c|\u2606playeraccount|gg\n|l|\u2606playeraccount\n","uploadtime":1701081968,"views":1,"p1id":"playeraccount","p2id":"yalpur","formatid":"gen9nationaldex","rating":1472,"private":0,"password":""}