{"id":"gen9nationaldex-1998298005","p1":"shaggysoloo","p2":"huntixv","format":"[Gen 9] National Dex","log":"|html|<div class=\"broadcast-blue\"><strong>[Gen 9] National Dex is currently suspecting Sneasler! For information on how to participate check out the <a href=\"https:\/\/www.smogon.com\/forums\/threads\/sv-national-dex-suspect-8-just-dance.3731534\/\">suspect thread<\/a>.<\/strong><\/div>\n|j|\u2606shaggysoloo\n|j|\u2606huntixv\n|t:|1700926341\n|gametype|singles\n|player|p1|shaggysoloo|101|\n|player|p2|huntixv|benga|\n|teamsize|p1|6\n|teamsize|p2|6\n|gen|9\n|tier|[Gen 9] National Dex\n|rule|HP Percentage Mod: HP is shown in percentages\n|rule|Endless Battle Clause: Forcing endless battles is banned\n|rule|OHKO Clause: OHKO moves are banned\n|rule|Evasion Clause: Evasion abilities, items, and moves are banned\n|rule|Evasion Abilities Clause: Evasion abilities are banned\n|rule|Evasion Items Clause: Evasion items are banned\n|rule|Evasion Moves Clause: Evasion moves are banned\n|rule|Species Clause: Limit one of each Pok\u00e9mon\n|rule|Sleep Clause Mod: Limit one foe put to sleep\n|clearpoke\n|poke|p1|Garchomp, M|\n|poke|p1|Swampert, M|\n|poke|p1|Golurk|\n|poke|p1|Flygon, F|\n|poke|p1|Seismitoad, F|\n|poke|p1|Torterra, F|\n|poke|p2|Venomoth, M|\n|poke|p2|Slowbro-Galar, M|\n|poke|p2|Toxicroak, M|\n|poke|p2|Seviper, M|\n|poke|p2|Toxtricity, M|\n|poke|p2|Gengar, M|\n|teampreview\n|\n|t:|1700926349\n|start\n|switch|p1a: Seismitoad|Seismitoad, F|100\/100\n|switch|p2a: Toxtricity|Toxtricity, M, shiny|100\/100\n|turn|1\n|\n|t:|1700926359\n|switch|p1a: Flygon|Flygon, F|100\/100\n|move|p2a: Toxtricity|Nuzzle|p1a: Flygon\n|-immune|p1a: Flygon\n|\n|upkeep\n|turn|2\n|\n|t:|1700926368\n|-terastallize|p1a: Flygon|Ground\n|move|p1a: Flygon|Crunch|p2a: Toxtricity\n|-damage|p2a: Toxtricity|71\/100\n|move|p2a: Toxtricity|Poison Jab|p1a: Flygon\n|-resisted|p1a: Flygon\n|-damage|p1a: Flygon|85\/100\n|\n|upkeep\n|turn|3\n|\n|t:|1700926381\n|switch|p2a: Gengar|Gengar, M|100\/100\n|move|p1a: Flygon|Air Slash|p2a: Gengar\n|-damage|p2a: Gengar|81\/100\n|\n|upkeep\n|turn|4\n|\n|t:|1700926392\n|-terastallize|p2a: Gengar|Ghost\n|move|p2a: Gengar|Fire Punch|p1a: Flygon\n|-damage|p1a: Flygon|72\/100\n|move|p1a: Flygon|Crunch|p2a: Gengar\n|-supereffective|p2a: Gengar\n|-damage|p2a: Gengar|11\/100\n|\n|upkeep\n|turn|5\n|\n|t:|1700926401\n|move|p2a: Gengar|Body Slam|p1a: Flygon\n|-damage|p1a: Flygon|56\/100\n|move|p1a: Flygon|Crunch|p2a: Gengar\n|-supereffective|p2a: Gengar\n|-damage|p2a: Gengar|0 fnt\n|faint|p2a: Gengar\n|\n|upkeep\n|\n|t:|1700926412\n|switch|p2a: Slowbro|Slowbro-Galar, M|100\/100\n|turn|6\n|\n|t:|1700926419\n|move|p1a: Flygon|Dragon Claw|p2a: Slowbro\n|-crit|p2a: Slowbro\n|-damage|p2a: Slowbro|62\/100\n|move|p2a: Slowbro|Disable|p1a: Flygon\n|-start|p1a: Flygon|Disable|Dragon Claw\n|\n|upkeep\n|turn|7\n|\n|t:|1700926428\n|move|p1a: Flygon|Crunch|p2a: Slowbro\n|-supereffective|p2a: Slowbro\n|-damage|p2a: Slowbro|28\/100\n|-unboost|p2a: Slowbro|def|1\n|move|p2a: Slowbro|Drain Punch|p1a: Flygon\n|-damage|p1a: Flygon|37\/100\n|-heal|p2a: Slowbro|37\/100|[from] drain|[of] p1a: Flygon\n|\n|upkeep\n|turn|8\n|\n|t:|1700926439\n|move|p1a: Flygon|Crunch|p2a: Slowbro\n|-supereffective|p2a: Slowbro\n|-damage|p2a: Slowbro|0 fnt\n|faint|p2a: Slowbro\n|\n|upkeep\n|\n|t:|1700926445\n|switch|p2a: Toxicroak|Toxicroak, M|100\/100\n|-ability|p2a: Toxicroak|Anticipation\n|turn|9\n|\n|t:|1700926452\n|move|p1a: Flygon|Air Slash|p2a: Toxicroak\n|-supereffective|p2a: Toxicroak\n|-damage|p2a: Toxicroak|62\/100\n|move|p2a: Toxicroak|Chilling Water|p1a: Flygon\n|-supereffective|p1a: Flygon\n|-damage|p1a: Flygon|16\/100\n|-unboost|p1a: Flygon|atk|1\n|\n|upkeep\n|turn|10\n|\n|t:|1700926461\n|move|p1a: Flygon|Air Slash|p2a: Toxicroak\n|-supereffective|p2a: Toxicroak\n|-damage|p2a: Toxicroak|24\/100\n|move|p2a: Toxicroak|Cross Chop|p1a: Flygon\n|-crit|p1a: Flygon\n|-damage|p1a: Flygon|0 fnt\n|faint|p1a: Flygon\n|\n|upkeep\n|\n|t:|1700926473\n|switch|p1a: Swampert|Swampert, M|100\/100\n|turn|11\n|\n|t:|1700926480\n|move|p2a: Toxicroak|Drain Punch|p1a: Swampert\n|-damage|p1a: Swampert|74\/100\n|-heal|p2a: Toxicroak|39\/100|[from] drain|[of] p1a: Swampert\n|move|p1a: Swampert|Hydro Pump|p2a: Toxicroak\n|-damage|p2a: Toxicroak|0 fnt\n|faint|p2a: Toxicroak\n|-damage|p1a: Swampert|64\/100|[from] item: Life Orb\n|\n|upkeep\n|\n|t:|1700926493\n|switch|p2a: Venomoth|Venomoth, M, shiny|100\/100\n|turn|12\n|\n|t:|1700926498\n|move|p2a: Venomoth|Air Slash|p1a: Swampert\n|-damage|p1a: Swampert|47\/100\n|move|p1a: Swampert|Hidden Power|p2a: Venomoth\n|-resisted|p2a: Venomoth\n|-damage|p2a: Venomoth|95\/100\n|-damage|p1a: Swampert|37\/100|[from] item: Life Orb\n|\n|upkeep\n|turn|13\n|\n|t:|1700926506\n|move|p2a: Venomoth|Air Slash|p1a: Swampert\n|-damage|p1a: Swampert|21\/100\n|cant|p1a: Swampert|flinch\n|\n|upkeep\n|turn|14\n|\n|t:|1700926512\n|move|p2a: Venomoth|Air Slash|p1a: Swampert\n|-damage|p1a: Swampert|4\/100\n|move|p1a: Swampert|Hydro Pump|p2a: Venomoth|[miss]\n|-miss|p1a: Swampert|p2a: Venomoth\n|\n|upkeep\n|turn|15\n|\n|t:|1700926520\n|move|p2a: Venomoth|Morning Sun|p2a: Venomoth\n|-heal|p2a: Venomoth|100\/100\n|move|p1a: Swampert|Hydro Pump|p2a: Venomoth|[miss]\n|-miss|p1a: Swampert|p2a: Venomoth\n|\n|upkeep\n|turn|16\n|\n|t:|1700926529\n|move|p2a: Venomoth|Leech Life|p1a: Swampert\n|-damage|p1a: Swampert|0 fnt\n|faint|p1a: Swampert\n|\n|upkeep\n|\n|t:|1700926538\n|switch|p1a: Seismitoad|Seismitoad, F|100\/100\n|turn|17\n|\n|t:|1700926543\n|move|p2a: Venomoth|Poison Fang|p1a: Seismitoad\n|-resisted|p1a: Seismitoad\n|-damage|p1a: Seismitoad|93\/100\n|move|p1a: Seismitoad|Hydro Pump|p2a: Venomoth|[miss]\n|-miss|p1a: Seismitoad|p2a: Venomoth\n|\n|upkeep\n|turn|18\n|\n|t:|1700926551\n|move|p2a: Venomoth|Air Slash|p1a: Seismitoad\n|-damage|p1a: Seismitoad|74\/100\n|move|p1a: Seismitoad|Endeavor|p2a: Venomoth\n|-damage|p2a: Venomoth|93\/100\n|\n|upkeep\n|turn|19\n|\n|t:|1700926561\n|move|p2a: Venomoth|Air Slash|p1a: Seismitoad\n|-damage|p1a: Seismitoad|58\/100\n|move|p1a: Seismitoad|Grass Knot|p2a: Venomoth\n|-resisted|p2a: Venomoth\n|-damage|p2a: Venomoth|90\/100\n|\n|upkeep\n|turn|20\n|\n|t:|1700926568\n|move|p2a: Venomoth|Poison Fang|p1a: Seismitoad\n|-resisted|p1a: Seismitoad\n|-damage|p1a: Seismitoad|50\/100\n|move|p1a: Seismitoad|Power Whip|p2a: Venomoth\n|-resisted|p2a: Venomoth\n|-damage|p2a: Venomoth|79\/100\n|\n|upkeep\n|turn|21\n|\n|t:|1700926581\n|move|p2a: Venomoth|Leech Life|p1a: Seismitoad\n|-damage|p1a: Seismitoad|26\/100\n|-heal|p2a: Venomoth|94\/100|[from] drain|[of] p1a: Seismitoad\n|move|p1a: Seismitoad|Endeavor|p2a: Venomoth\n|-damage|p2a: Venomoth|33\/100\n|\n|upkeep\n|turn|22\n|\n|t:|1700926591\n|move|p2a: Venomoth|Morning Sun|p2a: Venomoth\n|-heal|p2a: Venomoth|83\/100\n|move|p1a: Seismitoad|Endeavor|p2a: Venomoth\n|-damage|p2a: Venomoth|33\/100\n|\n|upkeep\n|turn|23\n|\n|t:|1700926607\n|move|p2a: Venomoth|Air Slash|p1a: Seismitoad\n|-crit|p1a: Seismitoad\n|-damage|p1a: Seismitoad|0 fnt\n|faint|p1a: Seismitoad\n|\n|upkeep\n|\n|t:|1700926616\n|switch|p1a: Torterra|Torterra, F|100\/100\n|turn|24\n|\n|t:|1700926620\n|move|p2a: Venomoth|Morning Sun|p2a: Venomoth\n|-heal|p2a: Venomoth|83\/100\n|move|p1a: Torterra|Crunch|p2a: Venomoth\n|-damage|p2a: Venomoth|53\/100\n|\n|upkeep\n|turn|25\n|\n|t:|1700926644\n|move|p2a: Venomoth|Leech Life|p1a: Torterra\n|-supereffective|p1a: Torterra\n|-damage|p1a: Torterra|64\/100\n|-heal|p2a: Venomoth|75\/100|[from] drain|[of] p1a: Torterra\n|move|p1a: Torterra|Crunch|p2a: Venomoth\n|-damage|p2a: Venomoth|44\/100\n|\n|upkeep\n|turn|26\n|\n|t:|1700926653\n|move|p2a: Venomoth|Leech Life|p1a: Torterra\n|-supereffective|p1a: Torterra\n|-damage|p1a: Torterra|25\/100\n|-heal|p2a: Venomoth|68\/100|[from] drain|[of] p1a: Torterra\n|-enditem|p1a: Torterra|Iapapa Berry|[eat]\n|-heal|p1a: Torterra|58\/100|[from] item: Iapapa Berry\n|move|p1a: Torterra|Crunch|p2a: Venomoth\n|-damage|p2a: Venomoth|37\/100\n|\n|upkeep\n|turn|27\n|\n|t:|1700926664\n|move|p2a: Venomoth|Morning Sun|p2a: Venomoth\n|-heal|p2a: Venomoth|87\/100\n|move|p1a: Torterra|Grass Knot|p2a: Venomoth\n|-resisted|p2a: Venomoth\n|-damage|p2a: Venomoth|84\/100\n|\n|upkeep\n|turn|28\n|\n|t:|1700926673\n|move|p2a: Venomoth|Air Slash|p1a: Torterra\n|-supereffective|p1a: Torterra\n|-damage|p1a: Torterra|23\/100\n|cant|p1a: Torterra|flinch\n|\n|upkeep\n|turn|29\n|\n|t:|1700926679\n|move|p2a: Venomoth|Air Slash|p1a: Torterra\n|-supereffective|p1a: Torterra\n|-damage|p1a: Torterra|0 fnt\n|faint|p1a: Torterra\n|\n|upkeep\n|\n|t:|1700926688\n|switch|p1a: Garchomp|Garchomp, M|100\/100\n|turn|30\n|\n|t:|1700926696\n|detailschange|p1a: Garchomp|Garchomp-Mega, M\n|-mega|p1a: Garchomp|Garchomp|Garchompite\n|move|p2a: Venomoth|Air Slash|p1a: Garchomp\n|-damage|p1a: Garchomp|85\/100\n|cant|p1a: Garchomp|flinch\n|\n|upkeep\n|turn|31\n|\n|t:|1700926704\n|move|p2a: Venomoth|Poison Fang|p1a: Garchomp\n|-resisted|p1a: Garchomp\n|-damage|p1a: Garchomp|80\/100\n|-status|p1a: Garchomp|tox\n|move|p1a: Garchomp|Body Slam|p2a: Venomoth\n|-damage|p2a: Venomoth|30\/100\n|\n|-damage|p1a: Garchomp|74\/100 tox|[from] psn\n|upkeep\n|turn|32\n|\n|t:|1700926722\n|move|p2a: Venomoth|Morning Sun|p2a: Venomoth\n|-heal|p2a: Venomoth|80\/100\n|move|p1a: Garchomp|Body Slam|p2a: Venomoth\n|-damage|p2a: Venomoth|30\/100\n|\n|-damage|p1a: Garchomp|62\/100 tox|[from] psn\n|upkeep\n|turn|33\n|\n|t:|1700926733\n|switch|p2a: Seviper|Seviper, M|100\/100\n|move|p1a: Garchomp|Body Slam|p2a: Seviper\n|-damage|p2a: Seviper|43\/100\n|\n|-damage|p1a: Garchomp|44\/100 tox|[from] psn\n|upkeep\n|turn|34\n|\n|t:|1700926744\n|move|p1a: Garchomp|Body Slam|p2a: Seviper\n|-damage|p2a: Seviper|0 fnt\n|faint|p2a: Seviper\n|\n|-damage|p1a: Garchomp|20\/100 tox|[from] psn\n|upkeep\n|\n|t:|1700926751\n|switch|p2a: Toxtricity|Toxtricity, M, shiny|71\/100\n|turn|35\n|\n|t:|1700926757\n|move|p1a: Garchomp|Draco Meteor|p2a: Toxtricity\n|-damage|p2a: Toxtricity|0 fnt\n|-unboost|p1a: Garchomp|spa|2\n|faint|p2a: Toxtricity\n|\n|-damage|p1a: Garchomp|0 fnt|[from] psn\n|faint|p1a: Garchomp\n|upkeep\n|\n|t:|1700926766\n|switch|p1a: Golurk|Golurk|100\/100\n|switch|p2a: Venomoth|Venomoth, M, shiny|30\/100\n|turn|36\n|\n|t:|1700926774\n|move|p2a: Venomoth|Morning Sun|p2a: Venomoth\n|-heal|p2a: Venomoth|80\/100\n|move|p1a: Golurk|Thunder Punch|p2a: Venomoth\n|-damage|p2a: Venomoth|38\/100\n|\n|upkeep\n|turn|37\n|\n|t:|1700926783\n|move|p2a: Venomoth|Leech Life|p1a: Golurk\n|-resisted|p1a: Golurk\n|-damage|p1a: Golurk|89\/100\n|-heal|p2a: Venomoth|45\/100|[from] drain|[of] p1a: Golurk\n|move|p1a: Golurk|Thunder Punch|p2a: Venomoth\n|-damage|p2a: Venomoth|6\/100\n|\n|upkeep\n|turn|38\n|\n|t:|1700926791\n|move|p2a: Venomoth|Morning Sun|p2a: Venomoth\n|-heal|p2a: Venomoth|56\/100\n|move|p1a: Golurk|Thunder Punch|p2a: Venomoth\n|-damage|p2a: Venomoth|14\/100\n|\n|upkeep\n|turn|39\n|\n|t:|1700926800\n|move|p2a: Venomoth|Air Slash|p1a: Golurk\n|-crit|p1a: Golurk\n|-damage|p1a: Golurk|58\/100\n|move|p1a: Golurk|Thunder Punch|p2a: Venomoth\n|-damage|p2a: Venomoth|0 fnt\n|faint|p2a: Venomoth\n|\n|win|shaggysoloo\n","uploadtime":1700926814,"views":1,"p1id":"shaggysoloo","p2id":"huntixv","formatid":"gen9nationaldex","rating":0,"private":0,"password":""}