{"id":"gen9nationaldex-1991815101","p1":"red fintans","p2":"Miku Nakano ily","format":"[Gen 9] National Dex","log":"|j|\u2606red fintans\n|j|\u2606Miku Nakano ily\n|inactive|Battle timer is ON: inactive players will automatically lose when time's up.\n|t:|1700122372\n|gametype|singles\n|player|p1|red fintans|depotagent|\n|player|p2|Miku Nakano ily|101|\n|teamsize|p1|6\n|teamsize|p2|6\n|gen|9\n|tier|[Gen 9] National Dex\n|rated|Tournament battle\n|rule|HP Percentage Mod: HP is shown in percentages\n|rule|Endless Battle Clause: Forcing endless battles is banned\n|rule|OHKO Clause: OHKO moves are banned\n|rule|Evasion Clause: Evasion abilities, items, and moves are banned\n|rule|Evasion Abilities Clause: Evasion abilities are banned\n|rule|Evasion Items Clause: Evasion items are banned\n|rule|Evasion Moves Clause: Evasion moves are banned\n|rule|Species Clause: Limit one of each Pok\u00e9mon\n|rule|Sleep Clause Mod: Limit one foe put to sleep\n|clearpoke\n|poke|p1|Salamence, M|\n|poke|p1|Ogerpon-Cornerstone, F|\n|poke|p1|Landorus-Therian, M|\n|poke|p1|Heatran, M|\n|poke|p1|Lopunny, F|\n|poke|p1|Corviknight, M|\n|poke|p2|Charizard, M|\n|poke|p2|Alomomola, F|\n|poke|p2|Slowking-Galar, F|\n|poke|p2|Iron Valiant|\n|poke|p2|Landorus-Therian, M|\n|poke|p2|Cinderace, F|\n|teampreview\n|inactive|red fintans also wants the timer to be on.\n|c|\u2606Miku Nakano ily|Hf\n|c|\u2606red fintans|hf\n|\n|t:|1700122393\n|start\n|switch|p1a: bunny wabbit|Lopunny, F|100\/100\n|switch|p2a: Landorus|Landorus-Therian, M|100\/100\n|-ability|p2a: Landorus|Intimidate|boost\n|-unboost|p1a: bunny wabbit|atk|1\n|turn|1\n|\n|t:|1700122397\n|switch|p2a: Alomomola|Alomomola, F|100\/100\n|detailschange|p1a: bunny wabbit|Lopunny-Mega, F\n|-mega|p1a: bunny wabbit|Lopunny|Lopunnite\n|move|p1a: bunny wabbit|Fake Out|p2a: Alomomola\n|-damage|p2a: Alomomola|93\/100\n|\n|upkeep\n|turn|2\n|\n|t:|1700122404\n|move|p1a: bunny wabbit|U-turn|p2a: Alomomola\n|-damage|p2a: Alomomola|84\/100\n|\n|t:|1700122407\n|switch|p1a: salamanca|Salamence, M|100\/100|[from] U-turn\n|-ability|p1a: salamanca|Intimidate|boost\n|-unboost|p2a: Alomomola|atk|1\n|move|p2a: Alomomola|Flip Turn|p1a: salamanca\n|-resisted|p1a: salamanca\n|-damage|p1a: salamanca|96\/100\n|\n|t:|1700122411\n|switch|p2a: Slowking|Slowking-Galar, F|100\/100|[from] Flip Turn\n|\n|upkeep\n|turn|3\n|\n|t:|1700122418\n|switch|p1a: heaty mc. heatface|Heatran, M|100\/100\n|move|p2a: Slowking|Ice Beam|p1a: heaty mc. heatface\n|-resisted|p1a: heaty mc. heatface\n|-damage|p1a: heaty mc. heatface|97\/100\n|\n|-heal|p1a: heaty mc. heatface|100\/100|[from] item: Leftovers\n|upkeep\n|turn|4\n|\n|t:|1700122426\n|switch|p2a: Landorus|Landorus-Therian, M|100\/100\n|-ability|p2a: Landorus|Intimidate|boost\n|-unboost|p1a: heaty mc. heatface|atk|1\n|move|p1a: heaty mc. heatface|Taunt|p2a: Landorus\n|-start|p2a: Landorus|move: Taunt\n|\n|upkeep\n|turn|5\n|\n|t:|1700122431\n|switch|p1a: salamanca|Salamence, M|96\/100\n|-ability|p1a: salamanca|Intimidate|boost\n|-unboost|p2a: Landorus|atk|1\n|move|p2a: Landorus|Knock Off|p1a: salamanca\n|-damage|p1a: salamanca|79\/100\n|-enditem|p1a: salamanca|Heavy-Duty Boots|[from] move: Knock Off|[of] p2a: Landorus\n|\n|upkeep\n|turn|6\n|\n|t:|1700122437\n|switch|p2a: Slowking|Slowking-Galar, F|100\/100\n|move|p1a: salamanca|Hurricane|p2a: Slowking|[miss]\n|-miss|p1a: salamanca|p2a: Slowking\n|\n|upkeep\n|turn|7\n|\n|t:|1700122443\n|move|p1a: salamanca|Hurricane|p2a: Slowking\n|-damage|p2a: Slowking|77\/100\n|move|p2a: Slowking|Chilly Reception|p2a: Slowking\n|-weather|Snow\n|j| Forever1507\n|\n|t:|1700122456\n|switch|p2a: Alomomola|Alomomola, F|100\/100|[from] Chilly Reception\n|\n|-weather|Snow|[upkeep]\n|upkeep\n|turn|8\n|\n|t:|1700122462\n|move|p1a: salamanca|Roost|p1a: salamanca\n|-heal|p1a: salamanca|100\/100\n|-singleturn|p1a: salamanca|move: Roost\n|move|p2a: Alomomola|Wish|p2a: Alomomola\n|\n|-weather|Snow|[upkeep]\n|upkeep\n|turn|9\n|\n|t:|1700122468\n|move|p1a: salamanca|Hurricane|p2a: Alomomola\n|-damage|p2a: Alomomola|52\/100\n|move|p2a: Alomomola|Toxic|p1a: salamanca|[miss]\n|-miss|p2a: Alomomola|p1a: salamanca\n|\n|-weather|Snow|[upkeep]\n|-heal|p2a: Alomomola|100\/100|[from] move: Wish|[wisher] Alomomola\n|upkeep\n|turn|10\n|\n|t:|1700122474\n|switch|p1a: no hazards?|Corviknight, M|100\/100\n|-ability|p1a: no hazards?|Pressure\n|move|p2a: Alomomola|Wish|p2a: Alomomola\n|\n|-weather|Snow|[upkeep]\n|upkeep\n|turn|11\n|\n|t:|1700122479\n|move|p1a: no hazards?|Brave Bird|p2a: Alomomola\n|-damage|p2a: Alomomola|82\/100\n|-damage|p1a: no hazards?|92\/100|[from] Recoil\n|move|p2a: Alomomola|Flip Turn|p1a: no hazards?\n|-damage|p1a: no hazards?|82\/100\n|-damage|p2a: Alomomola|65\/100|[from] item: Rocky Helmet|[of] p1a: no hazards?\n|\n|t:|1700122483\n|switch|p2a: Charizard|Charizard, M|100\/100|[from] Flip Turn\n|\n|-weather|none\n|upkeep\n|turn|12\n|c|\u2606red fintans|starting to wonder how im supposed to ever break that core\n|c|\u2606red fintans|lmao\n|\n|t:|1700122492\n|switch|p1a: heaty mc. heatface|Heatran, M|100\/100\n|detailschange|p2a: Charizard|Charizard-Mega-Y, M\n|-mega|p2a: Charizard|Charizard|Charizardite Y\n|-weather|SunnyDay|[from] ability: Drought|[of] p2a: Charizard\n|move|p2a: Charizard|Scorching Sands|p1a: heaty mc. heatface\n|-supereffective|p1a: heaty mc. heatface\n|-damage|p1a: heaty mc. heatface|30\/100\n|\n|-weather|SunnyDay|[upkeep]\n|-heal|p1a: heaty mc. heatface|36\/100|[from] item: Leftovers\n|upkeep\n|turn|13\n|\n|t:|1700122502\n|-terastallize|p1a: heaty mc. heatface|Grass\n|move|p2a: Charizard|Air Slash|p1a: heaty mc. heatface\n|-supereffective|p1a: heaty mc. heatface\n|-damage|p1a: heaty mc. heatface|0 fnt\n|faint|p1a: heaty mc. heatface\n|\n|-weather|SunnyDay|[upkeep]\n|upkeep\n|c|\u2606red fintans|breh\n|\n|t:|1700122512\n|switch|p1a: \ud83d\uddff|Ogerpon-Cornerstone, F|100\/100\n|turn|14\n|\n|t:|1700122518\n|switch|p2a: Landorus|Landorus-Therian, M|100\/100\n|-ability|p2a: Landorus|Intimidate|boost\n|-unboost|p1a: \ud83d\uddff|atk|1\n|move|p1a: \ud83d\uddff|Ivy Cudgel|p2a: Landorus|[anim] Ivy Cudgel Rock\n|-damage|p2a: Landorus|68\/100\n|\n|-weather|SunnyDay|[upkeep]\n|-heal|p2a: Landorus|74\/100|[from] item: Leftovers\n|upkeep\n|turn|15\n|c|\u2606red fintans|i suppose that was too obvious\n|\n|t:|1700122527\n|switch|p1a: no hazards?|Corviknight, M|82\/100\n|-ability|p1a: no hazards?|Pressure\n|move|p2a: Landorus|Knock Off|p1a: no hazards?\n|-damage|p1a: no hazards?|62\/100\n|-damage|p2a: Landorus|58\/100|[from] item: Rocky Helmet|[of] p1a: no hazards?\n|-enditem|p1a: no hazards?|Rocky Helmet|[from] move: Knock Off|[of] p2a: Landorus\n|\n|-weather|SunnyDay|[upkeep]\n|-heal|p2a: Landorus|64\/100|[from] item: Leftovers\n|upkeep\n|turn|16\n|\n|t:|1700122533\n|move|p2a: Landorus|Taunt|p1a: no hazards?\n|-start|p1a: no hazards?|move: Taunt\n|move|p1a: no hazards?|U-turn|p2a: Landorus\n|-resisted|p2a: Landorus\n|-crit|p2a: Landorus\n|-damage|p2a: Landorus|55\/100\n|\n|t:|1700122541\n|switch|p1a: bunny wabbit|Lopunny-Mega, F|100\/100|[from] U-turn\n|\n|-weather|none\n|-heal|p2a: Landorus|61\/100|[from] item: Leftovers\n|upkeep\n|turn|17\n|inactive|Miku Nakano ily has 120 seconds left.\n|c|\u2606Miku Nakano ily|Nah I did Air Slash because it was the best choice to hit everything in your team\n|\n|t:|1700122582\n|switch|p2a: Alomomola|Alomomola, F|99\/100\n|move|p1a: bunny wabbit|Frustration|p2a: Alomomola\n|-damage|p2a: Alomomola|68\/100\n|\n|upkeep\n|turn|18\n|c|\u2606red fintans|true\n|\n|t:|1700122591\n|move|p1a: bunny wabbit|Frustration|p2a: Alomomola\n|-damage|p2a: Alomomola|40\/100\n|move|p2a: Alomomola|Wish|p2a: Alomomola\n|\n|upkeep\n|turn|19\n|inactive|Miku Nakano ily has 120 seconds left.\n|\n|t:|1700122597\n|switch|p1a: \ud83d\uddff|Ogerpon-Cornerstone, F|100\/100\n|move|p2a: Alomomola|Toxic|p1a: \ud83d\uddff\n|-status|p1a: \ud83d\uddff|tox\n|\n|-heal|p2a: Alomomola|90\/100|[from] move: Wish|[wisher] Alomomola\n|-damage|p1a: \ud83d\uddff|95\/100 tox|[from] psn\n|upkeep\n|turn|20\n|\n|t:|1700122604\n|move|p1a: \ud83d\uddff|Knock Off|p2a: Alomomola\n|-damage|p2a: Alomomola|68\/100\n|-enditem|p2a: Alomomola|Iron Ball|[from] move: Knock Off|[of] p1a: \ud83d\uddff\n|move|p2a: Alomomola|Wish|p2a: Alomomola\n|\n|-damage|p1a: \ud83d\uddff|83\/100 tox|[from] psn\n|upkeep\n|turn|21\n|\n|t:|1700122610\n|move|p1a: \ud83d\uddff|Power Whip|p2a: Alomomola\n|-supereffective|p2a: Alomomola\n|-damage|p2a: Alomomola|0 fnt\n|faint|p2a: Alomomola\n|\n|-damage|p1a: \ud83d\uddff|65\/100 tox|[from] psn\n|upkeep\n|\n|t:|1700122614\n|switch|p2a: Cinderace|Cinderace, F|100\/100\n|turn|22\n|\n|t:|1700122618\n|switch|p1a: salamanca|Salamence, M|100\/100\n|-ability|p1a: salamanca|Intimidate|boost\n|-unboost|p2a: Cinderace|atk|1\n|move|p2a: Cinderace|U-turn|p1a: salamanca\n|-start|p2a: Cinderace|typechange|Bug|[from] ability: Libero\n|-resisted|p1a: salamanca\n|-damage|p1a: salamanca|91\/100\n|\n|t:|1700122622\n|switch|p2a: Slowking|Slowking-Galar, F|100\/100|[from] U-turn\n|\n|upkeep\n|turn|23\n|\n|t:|1700122627\n|move|p1a: salamanca|Hurricane|p2a: Slowking\n|-damage|p2a: Slowking|75\/100\n|move|p2a: Slowking|Ice Beam|p1a: salamanca\n|-supereffective|p1a: salamanca\n|-damage|p1a: salamanca|12\/100\n|\n|-heal|p2a: Slowking|81\/100|[from] item: Leftovers\n|upkeep\n|turn|24\n|\n|t:|1700122633\n|switch|p1a: no hazards?|Corviknight, M|62\/100\n|-ability|p1a: no hazards?|Pressure\n|move|p2a: Slowking|Slack Off|p2a: Slowking\n|-heal|p2a: Slowking|100\/100\n|\n|upkeep\n|turn|25\n|c|\u2606red fintans|..oh\n|\n|t:|1700122644\n|move|p1a: no hazards?|Roost|p1a: no hazards?\n|-heal|p1a: no hazards?|100\/100\n|-singleturn|p1a: no hazards?|move: Roost\n|move|p2a: Slowking|Chilly Reception|p2a: Slowking\n|-weather|Snow\n|\n|t:|1700122646\n|switch|p2a: Charizard|Charizard-Mega-Y, M|100\/100|[from] Chilly Reception\n|-weather|SunnyDay|[from] ability: Drought|[of] p2a: Charizard\n|\n|-weather|SunnyDay|[upkeep]\n|upkeep\n|turn|26\n|\n|t:|1700122650\n|switch|p1a: bunny wabbit|Lopunny-Mega, F|100\/100\n|move|p2a: Charizard|Weather Ball|p1a: bunny wabbit\n|-damage|p1a: bunny wabbit|0 fnt\n|faint|p1a: bunny wabbit\n|\n|-weather|SunnyDay|[upkeep]\n|upkeep\n|c|\u2606red fintans|crap\n|c|\u2606red fintans|misclickk\n|\n|t:|1700122659\n|switch|p1a: \ud83d\uddff|Ogerpon-Cornerstone, F|65\/100 tox\n|turn|27\n|\n|t:|1700122662\n|switch|p2a: Landorus|Landorus-Therian, M|61\/100\n|-ability|p2a: Landorus|Intimidate|boost\n|-unboost|p1a: \ud83d\uddff|atk|1\n|move|p1a: \ud83d\uddff|Ivy Cudgel|p2a: Landorus|[anim] Ivy Cudgel Rock\n|-damage|p2a: Landorus|26\/100\n|\n|-weather|SunnyDay|[upkeep]\n|-heal|p2a: Landorus|32\/100|[from] item: Leftovers\n|-damage|p1a: \ud83d\uddff|59\/100 tox|[from] psn\n|upkeep\n|turn|28\n|\n|t:|1700122668\n|move|p1a: \ud83d\uddff|Ivy Cudgel|p2a: Landorus|[anim] Ivy Cudgel Rock\n|-damage|p2a: Landorus|0 fnt\n|faint|p2a: Landorus\n|\n|-weather|SunnyDay|[upkeep]\n|-damage|p1a: \ud83d\uddff|47\/100 tox|[from] psn\n|upkeep\n|\n|t:|1700122673\n|switch|p2a: Slowking|Slowking-Galar, F|100\/100\n|turn|29\n|\n|t:|1700122677\n|switch|p1a: no hazards?|Corviknight, M|100\/100\n|-ability|p1a: no hazards?|Pressure\n|move|p2a: Slowking|Future Sight|p1a: no hazards?\n|-start|p2a: Slowking|move: Future Sight\n|\n|-weather|none\n|upkeep\n|turn|30\n|\n|t:|1700122685\n|move|p1a: no hazards?|Brave Bird|p2a: Slowking\n|-crit|p2a: Slowking\n|-damage|p2a: Slowking|40\/100\n|-damage|p1a: no hazards?|81\/100|[from] Recoil\n|move|p2a: Slowking|Chilly Reception|p2a: Slowking\n|-weather|Snow\n|\n|t:|1700122689\n|switch|p2a: Charizard|Charizard-Mega-Y, M|100\/100|[from] Chilly Reception\n|-weather|SunnyDay|[from] ability: Drought|[of] p2a: Charizard\n|\n|-weather|SunnyDay|[upkeep]\n|upkeep\n|turn|31\n|\n|t:|1700122692\n|switch|p1a: salamanca|Salamence, M|12\/100\n|-ability|p1a: salamanca|Intimidate|boost\n|-unboost|p2a: Charizard|atk|1\n|move|p2a: Charizard|Weather Ball|p1a: salamanca\n|-resisted|p1a: salamanca\n|-damage|p1a: salamanca|0 fnt\n|faint|p1a: salamanca\n|\n|-weather|SunnyDay|[upkeep]\n|-hint|Future Sight did not hit because the target is fainted.\n|upkeep\n|\n|t:|1700122693\n|switch|p1a: \ud83d\uddff|Ogerpon-Cornerstone, F|47\/100 tox\n|turn|32\n|\n|t:|1700122698\n|switch|p2a: Slowking|Slowking-Galar, F|74\/100\n|move|p1a: \ud83d\uddff|Ivy Cudgel|p2a: Slowking|[anim] Ivy Cudgel Rock\n|-damage|p2a: Slowking|7\/100\n|\n|-weather|SunnyDay|[upkeep]\n|-heal|p2a: Slowking|13\/100|[from] item: Leftovers\n|-damage|p1a: \ud83d\uddff|41\/100 tox|[from] psn\n|upkeep\n|turn|33\n|\n|t:|1700122702\n|move|p1a: \ud83d\uddff|Ivy Cudgel|p2a: Slowking|[anim] Ivy Cudgel Rock\n|-damage|p2a: Slowking|0 fnt\n|faint|p2a: Slowking\n|\n|-weather|SunnyDay|[upkeep]\n|-damage|p1a: \ud83d\uddff|29\/100 tox|[from] psn\n|upkeep\n|\n|t:|1700122708\n|switch|p2a: Cinderace|Cinderace, F|100\/100\n|turn|34\n|\n|t:|1700122711\n|switch|p1a: face of smogon|Landorus-Therian, M|100\/100\n|-ability|p1a: face of smogon|Intimidate|boost\n|-unboost|p2a: Cinderace|atk|1\n|move|p2a: Cinderace|Pyro Ball|p1a: face of smogon\n|-damage|p1a: face of smogon|32\/100\n|\n|-weather|none\n|upkeep\n|turn|35\n|\n|t:|1700122718\n|move|p1a: face of smogon|Earthquake|p2a: Cinderace\n|-supereffective|p2a: Cinderace\n|-crit|p2a: Cinderace\n|-damage|p2a: Cinderace|0 fnt\n|faint|p2a: Cinderace\n|\n|upkeep\n|\n|t:|1700122723\n|switch|p2a: Charizard|Charizard-Mega-Y, M|100\/100\n|-weather|SunnyDay|[from] ability: Drought|[of] p2a: Charizard\n|turn|36\n|\n|t:|1700122725\n|switch|p1a: no hazards?|Corviknight, M|81\/100\n|-ability|p1a: no hazards?|Pressure\n|move|p2a: Charizard|Weather Ball|p1a: no hazards?\n|-supereffective|p1a: no hazards?\n|-damage|p1a: no hazards?|0 fnt\n|faint|p1a: no hazards?\n|\n|-weather|SunnyDay|[upkeep]\n|upkeep\n|\n|t:|1700122728\n|switch|p1a: \ud83d\uddff|Ogerpon-Cornerstone, F|29\/100 tox\n|turn|37\n|\n|t:|1700122730\n|move|p1a: \ud83d\uddff|Ivy Cudgel|p2a: Charizard|[anim] Ivy Cudgel Rock\n|-supereffective|p2a: Charizard\n|-damage|p2a: Charizard|0 fnt\n|faint|p2a: Charizard\n|\n|-weather|SunnyDay|[upkeep]\n|-damage|p1a: \ud83d\uddff|23\/100 tox|[from] psn\n|upkeep\n|\n|t:|1700122732\n|switch|p2a: Iron Valiant|Iron Valiant, shiny|100\/100\n|-enditem|p2a: Iron Valiant|Booster Energy\n|-activate|p2a: Iron Valiant|ability: Quark Drive|[fromitem]\n|-start|p2a: Iron Valiant|quarkdrivespe\n|turn|38\n|c|\u2606red fintans|gg wp\n|\n|t:|1700122740\n|-terastallize|p2a: Iron Valiant|Steel\n|move|p2a: Iron Valiant|Swords Dance|p2a: Iron Valiant\n|-boost|p2a: Iron Valiant|atk|2\n|move|p1a: \ud83d\uddff|Ivy Cudgel|p2a: Iron Valiant|[anim] Ivy Cudgel Rock\n|-resisted|p2a: Iron Valiant\n|-damage|p2a: Iron Valiant|61\/100\n|\n|-weather|SunnyDay|[upkeep]\n|-damage|p1a: \ud83d\uddff|11\/100 tox|[from] psn\n|upkeep\n|turn|39\n|c|\u2606red fintans|bruh unnecessary lmao\n|\n|t:|1700122749\n|move|p2a: Iron Valiant|Drain Punch|p1a: \ud83d\uddff\n|-supereffective|p1a: \ud83d\uddff\n|-crit|p1a: \ud83d\uddff\n|-damage|p1a: \ud83d\uddff|0 fnt\n|-heal|p2a: Iron Valiant|67\/100|[from] drain|[of] p1a: \ud83d\uddff\n|faint|p1a: \ud83d\uddff\n|\n|-weather|SunnyDay|[upkeep]\n|upkeep\n|\n|t:|1700122750\n|switch|p1a: face of smogon|Landorus-Therian, M|32\/100\n|-ability|p1a: face of smogon|Intimidate|boost\n|-unboost|p2a: Iron Valiant|atk|1\n|turn|40\n|\n|t:|1700122753\n|move|p2a: Iron Valiant|Spirit Break|p1a: face of smogon\n|-damage|p1a: face of smogon|0 fnt\n|faint|p1a: face of smogon\n|\n|win|Miku Nakano ily\n|n|\u2606red fintans|redfintans\n|n|\u2606Miku Nakano ily|mikunakanoily\n|n| Forever1507|forever1507\n","uploadtime":1700122754,"views":4,"p1id":"redfintans","p2id":"mikunakanoily","formatid":"gen9nationaldex","rating":0,"private":0,"password":""}