{"id":"gen9nationaldex-1998008425","p1":"remu08","p2":"BickedyBuckBumble","format":"[Gen 9] National Dex","log":"|html|<div class=\"broadcast-blue\"><strong>[Gen 9] National Dex is currently suspecting Sneasler! For information on how to participate check out the <a href=\"https:\/\/www.smogon.com\/forums\/threads\/sv-national-dex-suspect-8-just-dance.3731534\/\">suspect thread<\/a>.<\/strong><\/div>\n|j|\u2606remu08\n|j|\u2606BickedyBuckBumble\n|t:|1700878360\n|gametype|singles\n|player|p1|remu08|bruno|1305\n|player|p2|BickedyBuckBumble|bugcatcher-gen4dp|1240\n|teamsize|p1|6\n|teamsize|p2|6\n|gen|9\n|tier|[Gen 9] National Dex\n|rated|\n|rule|HP Percentage Mod: HP is shown in percentages\n|rule|Endless Battle Clause: Forcing endless battles is banned\n|rule|OHKO Clause: OHKO moves are banned\n|rule|Evasion Clause: Evasion abilities, items, and moves are banned\n|rule|Evasion Abilities Clause: Evasion abilities are banned\n|rule|Evasion Items Clause: Evasion items are banned\n|rule|Evasion Moves Clause: Evasion moves are banned\n|rule|Species Clause: Limit one of each Pok\u00e9mon\n|rule|Sleep Clause Mod: Limit one foe put to sleep\n|clearpoke\n|poke|p1|Cloyster, F|\n|poke|p1|Heatran, F|\n|poke|p1|Swellow, M|\n|poke|p1|Slowbro, M|\n|poke|p1|Corviknight, M|\n|poke|p1|Landorus-Therian, M|\n|poke|p2|Beedrill, F|\n|poke|p2|Volcarona, M|\n|poke|p2|Ribombee, F|\n|poke|p2|Forretress, F|\n|poke|p2|Vivillon, F|\n|poke|p2|Galvantula, M|\n|teampreview\n|\n|t:|1700878383\n|start\n|switch|p1a: \u6247\u8d1d|Cloyster, F, shiny|100\/100\n|switch|p2a: Ribombee|Ribombee, F|100\/100\n|turn|1\n|\n|t:|1700878394\n|move|p2a: Ribombee|Sticky Web|p1a: \u6247\u8d1d\n|-sidestart|p1: remu08|move: Sticky Web\n|move|p1a: \u6247\u8d1d|Shell Smash|p1a: \u6247\u8d1d\n|-unboost|p1a: \u6247\u8d1d|def|1\n|-unboost|p1a: \u6247\u8d1d|spd|1\n|-boost|p1a: \u6247\u8d1d|atk|2\n|-boost|p1a: \u6247\u8d1d|spa|2\n|-boost|p1a: \u6247\u8d1d|spe|2\n|\n|upkeep\n|turn|2\n|\n|t:|1700878400\n|move|p1a: \u6247\u8d1d|Icicle Spear|p2a: Ribombee\n|-damage|p2a: Ribombee|53\/100\n|-damage|p2a: Ribombee|6\/100\n|-damage|p2a: Ribombee|0 fnt\n|faint|p2a: Ribombee\n|-hitcount|p2: Ribombee|3\n|\n|upkeep\n|\n|t:|1700878404\n|switch|p2a: Forretress|Forretress, F|100\/100\n|turn|3\n|\n|t:|1700878414\n|switch|p1a: Corviknight|Corviknight, M, shiny|100\/100\n|-ability|p1a: Corviknight|Pressure\n|move|p2a: Forretress|Gyro Ball|p1a: Corviknight\n|-resisted|p1a: Corviknight\n|-damage|p1a: Corviknight|95\/100\n|\n|-heal|p1a: Corviknight|100\/100|[from] item: Leftovers\n|upkeep\n|turn|4\n|\n|t:|1700878424\n|move|p1a: Corviknight|Iron Defense|p1a: Corviknight\n|-boost|p1a: Corviknight|def|2\n|move|p2a: Forretress|Stealth Rock|p1a: Corviknight\n|-sidestart|p1: remu08|move: Stealth Rock\n|\n|upkeep\n|turn|5\n|\n|t:|1700878429\n|move|p1a: Corviknight|Iron Defense|p1a: Corviknight\n|-boost|p1a: Corviknight|def|2\n|move|p2a: Forretress|Spikes|p1a: Corviknight\n|-sidestart|p1: remu08|Spikes\n|\n|upkeep\n|turn|6\n|\n|t:|1700878434\n|move|p1a: Corviknight|Iron Defense|p1a: Corviknight\n|-boost|p1a: Corviknight|def|2\n|move|p2a: Forretress|Spikes|p1a: Corviknight\n|-sidestart|p1: remu08|Spikes\n|\n|upkeep\n|turn|7\n|\n|t:|1700878440\n|move|p1a: Corviknight|Defog|p2a: Forretress\n|-unboost|p2a: Forretress|evasion|1\n|-sideend|p1: remu08|Spikes|[from] move: Defog|[of] p1a: Corviknight\n|-sideend|p1: remu08|Stealth Rock|[from] move: Defog|[of] p1a: Corviknight\n|-sideend|p1: remu08|Sticky Web|[from] move: Defog|[of] p1a: Corviknight\n|move|p2a: Forretress|Gyro Ball|p1a: Corviknight\n|-resisted|p1a: Corviknight\n|-damage|p1a: Corviknight|99\/100\n|\n|-heal|p1a: Corviknight|100\/100|[from] item: Leftovers\n|upkeep\n|turn|8\n|\n|t:|1700878450\n|move|p1a: Corviknight|Body Press|p2a: Forretress\n|-damage|p2a: Forretress|44\/100\n|-damage|p1a: Corviknight|84\/100|[from] item: Rocky Helmet|[of] p2a: Forretress\n|move|p2a: Forretress|Stealth Rock|p1a: Corviknight\n|-sidestart|p1: remu08|move: Stealth Rock\n|\n|-heal|p1a: Corviknight|90\/100|[from] item: Leftovers\n|upkeep\n|turn|9\n|\n|t:|1700878458\n|move|p1a: Corviknight|Body Press|p2a: Forretress\n|-damage|p2a: Forretress|0 fnt\n|-damage|p1a: Corviknight|74\/100|[from] item: Rocky Helmet|[of] p2a: Forretress\n|faint|p2a: Forretress\n|\n|-heal|p1a: Corviknight|80\/100|[from] item: Leftovers\n|upkeep\n|\n|t:|1700878461\n|switch|p2a: Volcarona|Volcarona, M|100\/100\n|turn|10\n|\n|t:|1700878466\n|switch|p1a: Heatran|Heatran, F, shiny|100\/100\n|-damage|p1a: Heatran|88\/100|[from] Stealth Rock\n|move|p2a: Volcarona|Quiver Dance|p2a: Volcarona\n|-boost|p2a: Volcarona|spa|1\n|-boost|p2a: Volcarona|spd|1\n|-boost|p2a: Volcarona|spe|1\n|\n|-heal|p1a: Heatran|94\/100|[from] item: Leftovers\n|upkeep\n|turn|11\n|\n|t:|1700878476\n|move|p2a: Volcarona|Bug Buzz|p1a: Heatran\n|-resisted|p1a: Heatran\n|-damage|p1a: Heatran|81\/100\n|move|p1a: Heatran|Earth Power|p2a: Volcarona\n|-damage|p2a: Volcarona|83\/100\n|\n|-heal|p1a: Heatran|87\/100|[from] item: Leftovers\n|upkeep\n|turn|12\n|\n|t:|1700878485\n|move|p2a: Volcarona|Quiver Dance|p2a: Volcarona\n|-boost|p2a: Volcarona|spa|1\n|-boost|p2a: Volcarona|spd|1\n|-boost|p2a: Volcarona|spe|1\n|move|p1a: Heatran|Magma Storm|p2a: Volcarona\n|-damage|p2a: Volcarona|59\/100\n|-activate|p2a: Volcarona|move: Magma Storm|[of] p1a: Heatran\n|\n|-heal|p1a: Heatran|93\/100|[from] item: Leftovers\n|-damage|p2a: Volcarona|47\/100|[from] move: Magma Storm|[partiallytrapped]\n|upkeep\n|turn|13\n|\n|t:|1700878495\n|move|p2a: Volcarona|Bug Buzz|p1a: Heatran\n|-resisted|p1a: Heatran\n|-damage|p1a: Heatran|78\/100\n|move|p1a: Heatran|Earth Power|p2a: Volcarona\n|-damage|p2a: Volcarona|35\/100\n|\n|-heal|p1a: Heatran|84\/100|[from] item: Leftovers\n|-damage|p2a: Volcarona|22\/100|[from] move: Magma Storm|[partiallytrapped]\n|upkeep\n|turn|14\n|\n|t:|1700878505\n|move|p2a: Volcarona|Bug Buzz|p1a: Heatran\n|-resisted|p1a: Heatran\n|-crit|p1a: Heatran\n|-damage|p1a: Heatran|59\/100\n|move|p1a: Heatran|Magma Storm|p2a: Volcarona\n|-damage|p2a: Volcarona|0 fnt\n|faint|p2a: Volcarona\n|\n|-heal|p1a: Heatran|65\/100|[from] item: Leftovers\n|upkeep\n|\n|t:|1700878510\n|switch|p2a: Beedrill|Beedrill, F|100\/100\n|turn|15\n|\n|t:|1700878516\n|switch|p1a: Corviknight|Corviknight, M, shiny|80\/100\n|-damage|p1a: Corviknight|67\/100|[from] Stealth Rock\n|-ability|p1a: Corviknight|Pressure\n|detailschange|p2a: Beedrill|Beedrill-Mega, F\n|-mega|p2a: Beedrill|Beedrill|Beedrillite\n|move|p2a: Beedrill|Drill Run|p1a: Corviknight\n|-immune|p1a: Corviknight\n|\n|-heal|p1a: Corviknight|74\/100|[from] item: Leftovers\n|upkeep\n|turn|16\n|\n|t:|1700878529\n|switch|p2a: Vivillon|Vivillon, F|100\/100\n|move|p1a: Corviknight|Roost|p1a: Corviknight\n|-heal|p1a: Corviknight|100\/100\n|-singleturn|p1a: Corviknight|move: Roost\n|\n|upkeep\n|turn|17\n|\n|t:|1700878534\n|move|p2a: Vivillon|Sleep Powder|p1a: Corviknight\n|-status|p1a: Corviknight|slp|[from] move: Sleep Powder\n|cant|p1a: Corviknight|slp\n|\n|upkeep\n|turn|18\n|\n|t:|1700878541\n|move|p2a: Vivillon|Quiver Dance|p2a: Vivillon\n|-boost|p2a: Vivillon|spa|1\n|-boost|p2a: Vivillon|spd|1\n|-boost|p2a: Vivillon|spe|1\n|-curestatus|p1a: Corviknight|slp|[msg]\n|move|p1a: Corviknight|Roost||[still]\n|-fail|p1a: Corviknight|heal\n|\n|upkeep\n|turn|19\n|\n|t:|1700878548\n|switch|p1a: Heatran|Heatran, F, shiny|65\/100\n|-damage|p1a: Heatran|53\/100|[from] Stealth Rock\n|move|p2a: Vivillon|Sleep Powder|p1a: Heatran\n|-status|p1a: Heatran|slp|[from] move: Sleep Powder\n|\n|-heal|p1a: Heatran|59\/100 slp|[from] item: Leftovers\n|upkeep\n|turn|20\n|\n|t:|1700878557\n|move|p2a: Vivillon|Quiver Dance|p2a: Vivillon\n|-boost|p2a: Vivillon|spa|1\n|-boost|p2a: Vivillon|spd|1\n|-boost|p2a: Vivillon|spe|1\n|cant|p1a: Heatran|slp\n|\n|-heal|p1a: Heatran|65\/100 slp|[from] item: Leftovers\n|upkeep\n|turn|21\n|\n|t:|1700878565\n|-terastallize|p2a: Vivillon|Fighting\n|move|p2a: Vivillon|Tera Blast|p1a: Heatran|[anim] Tera Blast Fighting\n|-supereffective|p1a: Heatran\n|-damage|p1a: Heatran|0 fnt\n|faint|p1a: Heatran\n|\n|upkeep\n|\n|t:|1700878574\n|switch|p1a: \u6247\u8d1d|Cloyster, F, shiny|100\/100\n|-damage|p1a: \u6247\u8d1d|76\/100|[from] Stealth Rock\n|turn|22\n|\n|t:|1700878577\n|move|p1a: \u6247\u8d1d|Ice Shard|p2a: Vivillon\n|-damage|p2a: Vivillon|67\/100\n|move|p2a: Vivillon|Tera Blast|p1a: \u6247\u8d1d|[anim] Tera Blast Fighting\n|-supereffective|p1a: \u6247\u8d1d\n|-damage|p1a: \u6247\u8d1d|0 fnt\n|faint|p1a: \u6247\u8d1d\n|\n|upkeep\n|\n|t:|1700878586\n|switch|p1a: \u5427\u4e3b\u7532|Slowbro, M, shiny|100\/100\n|-damage|p1a: \u5427\u4e3b\u7532|88\/100|[from] Stealth Rock\n|turn|23\n|\n|t:|1700878591\n|detailschange|p1a: \u5427\u4e3b\u7532|Slowbro-Mega, M, shiny\n|-mega|p1a: \u5427\u4e3b\u7532|Slowbro|Slowbronite\n|move|p2a: Vivillon|Sleep Powder|p1a: \u5427\u4e3b\u7532\n|-status|p1a: \u5427\u4e3b\u7532|slp|[from] move: Sleep Powder\n|cant|p1a: \u5427\u4e3b\u7532|slp\n|\n|upkeep\n|turn|24\n|\n|t:|1700878597\n|move|p2a: Vivillon|Hurricane|p1a: \u5427\u4e3b\u7532\n|-damage|p1a: \u5427\u4e3b\u7532|0 fnt\n|faint|p1a: \u5427\u4e3b\u7532\n|\n|upkeep\n|\n|t:|1700878610\n|switch|p1a: Landorus|Landorus-Therian, M|100\/100\n|-damage|p1a: Landorus|88\/100|[from] Stealth Rock\n|-ability|p1a: Landorus|Intimidate|boost\n|-unboost|p2a: Vivillon|atk|1\n|turn|25\n|\n|t:|1700878614\n|move|p2a: Vivillon|Sleep Powder|p1a: Landorus\n|-status|p1a: Landorus|slp|[from] move: Sleep Powder\n|cant|p1a: Landorus|slp\n|\n|upkeep\n|turn|26\n|\n|t:|1700878620\n|move|p2a: Vivillon|Hurricane|p1a: Landorus\n|-damage|p1a: Landorus|0 fnt\n|faint|p1a: Landorus\n|\n|upkeep\n|\n|t:|1700878627\n|switch|p1a: Corviknight|Corviknight, M, shiny|100\/100\n|-damage|p1a: Corviknight|88\/100|[from] Stealth Rock\n|-ability|p1a: Corviknight|Pressure\n|turn|27\n|\n|t:|1700878635\n|switch|p1a: \u9e1f\u54e5|Swellow, M, shiny|100\/100\n|-damage|p1a: \u9e1f\u54e5|76\/100|[from] Stealth Rock\n|move|p2a: Vivillon|Sleep Powder|p1a: \u9e1f\u54e5\n|-status|p1a: \u9e1f\u54e5|slp|[from] move: Sleep Powder\n|\n|upkeep\n|turn|28\n|\n|t:|1700878642\n|switch|p1a: Corviknight|Corviknight, M, shiny|88\/100\n|-damage|p1a: Corviknight|75\/100|[from] Stealth Rock\n|-ability|p1a: Corviknight|Pressure\n|move|p2a: Vivillon|Hurricane|p1a: Corviknight\n|-resisted|p1a: Corviknight\n|-damage|p1a: Corviknight|31\/100\n|\n|-heal|p1a: Corviknight|37\/100|[from] item: Leftovers\n|upkeep\n|turn|29\n|\n|t:|1700878652\n|move|p2a: Vivillon|Tera Blast|p1a: Corviknight|[anim] Tera Blast Fighting\n|-damage|p1a: Corviknight|0 fnt\n|faint|p1a: Corviknight\n|\n|upkeep\n|-message|remu08 forfeited.\n|\n|win|BickedyBuckBumble\n|raw|remu08's rating: 1305 &rarr; <strong>1281<\/strong><br \/>(-24 for losing)\n|raw|BickedyBuckBumble's rating: 1240 &rarr; <strong>1270<\/strong><br \/>(+30 for winning)\n|l|\u2606remu08\n","uploadtime":1700878703,"views":7,"p1id":"remu08","p2id":"bickedybuckbumble","formatid":"gen9nationaldex","rating":1270,"private":0,"password":""}