{"id":"gen9nationaldex-1993982127","p1":"spirefire","p2":"baigu","format":"[Gen 9] National Dex","log":"|j|\u2606spirefire\n|j|\u2606baigu\n|t:|1700387726\n|gametype|singles\n|player|p1|spirefire|misty|1639\n|player|p2|baigu|dawn-gen4pt|1869\n|teamsize|p1|6\n|teamsize|p2|6\n|gen|9\n|tier|[Gen 9] National Dex\n|rated|\n|rule|HP Percentage Mod: HP is shown in percentages\n|rule|Endless Battle Clause: Forcing endless battles is banned\n|rule|OHKO Clause: OHKO moves are banned\n|rule|Evasion Clause: Evasion abilities, items, and moves are banned\n|rule|Evasion Abilities Clause: Evasion abilities are banned\n|rule|Evasion Items Clause: Evasion items are banned\n|rule|Evasion Moves Clause: Evasion moves are banned\n|rule|Species Clause: Limit one of each Pok\u00e9mon\n|rule|Sleep Clause Mod: Limit one foe put to sleep\n|clearpoke\n|poke|p1|Landorus-Therian, M|\n|poke|p1|Heatran, F|\n|poke|p1|Tapu Koko|\n|poke|p1|Urshifu-*, F|\n|poke|p1|Medicham, F|\n|poke|p1|Zoroark-Hisui, M|\n|poke|p2|Ursaluna, M|\n|poke|p2|Dragonite, M|\n|poke|p2|Slowking, F|\n|poke|p2|Tapu Koko|\n|poke|p2|Hoopa-Unbound|\n|poke|p2|Great Tusk|\n|teampreview\n|inactive|Battle timer is ON: inactive players will automatically lose when time's up. (requested by spirefire)\n|\n|t:|1700387745\n|start\n|switch|p1a: \u6731\u9f99|Medicham, F|100\/100\n|switch|p2a: Tapu Koko|Tapu Koko|100\/100\n|-fieldstart|move: Electric Terrain|[from] ability: Electric Surge|[of] p2a: Tapu Koko\n|turn|1\n|j| Ghha\n|\n|t:|1700387773\n|detailschange|p1a: \u6731\u9f99|Medicham-Mega, F\n|-mega|p1a: \u6731\u9f99|Medicham|Medichamite\n|move|p1a: \u6731\u9f99|Fake Out|p2a: Tapu Koko\n|-damage|p2a: Tapu Koko|69\/100\n|cant|p2a: Tapu Koko|flinch\n|\n|upkeep\n|turn|2\n|\n|t:|1700387780\n|switch|p1a: \u5929\u874e\u738b|Landorus-Therian, M|100\/100\n|-ability|p1a: \u5929\u874e\u738b|Intimidate|boost\n|-unboost|p2a: Tapu Koko|atk|1\n|move|p2a: Tapu Koko|Dazzling Gleam|p1a: \u5929\u874e\u738b\n|-damage|p1a: \u5929\u874e\u738b|43\/100\n|\n|upkeep\n|turn|3\n|\n|t:|1700387785\n|switch|p2a: Great Tusk|Great Tusk|100\/100\n|switch|p1a: \u56fa\u62c9\u591a|Heatran, F|100\/100\n|\n|upkeep\n|turn|4\n|\n|t:|1700387795\n|switch|p1a: \u5929\u874e\u738b|Landorus-Therian, M|43\/100\n|-ability|p1a: \u5929\u874e\u738b|Intimidate|boost\n|-unboost|p2a: Great Tusk|atk|1\n|move|p2a: Great Tusk|Headlong Rush|p1a: \u5929\u874e\u738b\n|-immune|p1a: \u5929\u874e\u738b\n|\n|upkeep\n|turn|5\n|\n|t:|1700387800\n|move|p1a: \u5929\u874e\u738b|U-turn|p2a: Great Tusk\n|-resisted|p2a: Great Tusk\n|-damage|p2a: Great Tusk|93\/100\n|l| Ghha\n|\n|t:|1700387805\n|switch|p1a: \u76d6\u6b27\u5361|Urshifu-Rapid-Strike, F|100\/100|[from] U-turn\n|move|p2a: Great Tusk|Ice Spinner|p1a: \u76d6\u6b27\u5361\n|-resisted|p1a: \u76d6\u6b27\u5361\n|-damage|p1a: \u76d6\u6b27\u5361|91\/100\n|-fieldend|move: Electric Terrain\n|\n|upkeep\n|turn|6\n|\n|t:|1700387813\n|switch|p1a: \u7d2b\u9f99|Tapu Koko|100\/100\n|-fieldstart|move: Electric Terrain|[from] ability: Electric Surge|[of] p1a: \u7d2b\u9f99\n|-end|p2a: Great Tusk|Protosynthesis|[silent]\n|switch|p2a: Dragonite|Dragonite, M|100\/100\n|\n|upkeep\n|turn|7\n|\n|t:|1700387821\n|-terastallize|p2a: Dragonite|Normal\n|move|p2a: Dragonite|Extreme Speed|p1a: \u7d2b\u9f99\n|-damage|p1a: \u7d2b\u9f99|2\/100\n|move|p1a: \u7d2b\u9f99|Dazzling Gleam|p2a: Dragonite\n|-damage|p2a: Dragonite|86\/100\n|\n|upkeep\n|turn|8\n|\n|t:|1700387828\n|switch|p1a: \u5929\u874e\u738b|Landorus-Therian, M|43\/100\n|-ability|p1a: \u5929\u874e\u738b|Intimidate|boost\n|-unboost|p2a: Dragonite|atk|1\n|move|p2a: Dragonite|Extreme Speed|p1a: \u5929\u874e\u738b\n|-damage|p1a: \u5929\u874e\u738b|8\/100\n|-damage|p2a: Dragonite|69\/100|[from] item: Rocky Helmet|[of] p1a: \u5929\u874e\u738b\n|\n|upkeep\n|turn|9\n|\n|t:|1700387836\n|switch|p1a: \u7d2b\u9f99|Tapu Koko|100\/100\n|move|p2a: Dragonite|Extreme Speed|p1a: \u7d2b\u9f99\n|-immune|p1a: \u7d2b\u9f99\n|\n|upkeep\n|turn|10\n|\n|t:|1700387843\n|switch|p2a: Slowking|Slowking, F|100\/100\n|move|p1a: \u7d2b\u9f99|Hyper Voice|p2a: Slowking\n|-damage|p2a: Slowking|71\/100\n|\n|-fieldend|move: Electric Terrain\n|upkeep\n|turn|11\n|\n|t:|1700387849\n|replace|p1a: Zoroark|Zoroark-Hisui, M\n|-end|p1a: Zoroark|Illusion\n|-zpower|p1a: Zoroark\n|move|p1a: Zoroark|Breakneck Blitz|p2a: Slowking|[zeffect]\n|-damage|p2a: Slowking|11\/100\n|move|p2a: Slowking|Teleport|p2a: Slowking\n|\n|t:|1700387853\n|switch|p2a: Tapu Koko|Tapu Koko|69\/100|[from] Teleport\n|-fieldstart|move: Electric Terrain|[from] ability: Electric Surge|[of] p2a: Tapu Koko\n|\n|upkeep\n|turn|12\n|\n|t:|1700387864\n|switch|p1a: \u5929\u874e\u738b|Landorus-Therian, M|8\/100\n|-ability|p1a: \u5929\u874e\u738b|Intimidate|boost\n|-unboost|p2a: Tapu Koko|atk|1\n|move|p2a: Tapu Koko|Volt Switch|p1a: \u5929\u874e\u738b\n|-immune|p1a: \u5929\u874e\u738b\n|\n|upkeep\n|turn|13\n|\n|t:|1700387872\n|switch|p2a: Great Tusk|Great Tusk|93\/100\n|move|p1a: \u5929\u874e\u738b|Toxic|p2a: Great Tusk\n|-status|p2a: Great Tusk|tox\n|\n|-damage|p2a: Great Tusk|87\/100 tox|[from] psn\n|upkeep\n|turn|14\n|\n|t:|1700387877\n|move|p1a: \u5929\u874e\u738b|Earthquake|p2a: Great Tusk\n|-damage|p2a: Great Tusk|60\/100 tox\n|move|p2a: Great Tusk|Stealth Rock|p1a: \u5929\u874e\u738b\n|-sidestart|p1: spirefire|move: Stealth Rock\n|\n|-damage|p2a: Great Tusk|48\/100 tox|[from] psn\n|upkeep\n|turn|15\n|\n|t:|1700387890\n|move|p1a: \u5929\u874e\u738b|Defog|p2a: Great Tusk\n|-unboost|p2a: Great Tusk|evasion|1\n|-sideend|p1: spirefire|Stealth Rock|[from] move: Defog|[of] p1a: \u5929\u874e\u738b\n|-fieldend|move: Electric Terrain\n|move|p2a: Great Tusk|Ice Spinner|p1a: \u5929\u874e\u738b\n|-supereffective|p1a: \u5929\u874e\u738b\n|-damage|p1a: \u5929\u874e\u738b|0 fnt\n|-damage|p2a: Great Tusk|31\/100 tox|[from] item: Rocky Helmet|[of] p1a: \u5929\u874e\u738b\n|faint|p1a: \u5929\u874e\u738b\n|\n|-damage|p2a: Great Tusk|12\/100 tox|[from] psn\n|upkeep\n|\n|t:|1700387907\n|switch|p1a: \u56fa\u62c9\u591a|Heatran, F|100\/100\n|turn|16\n|\n|t:|1700387913\n|-end|p2a: Great Tusk|Protosynthesis|[silent]\n|switch|p2a: Ursaluna|Ursaluna, M|100\/100\n|move|p1a: \u56fa\u62c9\u591a|Protect||[still]\n|-fail|p1a: \u56fa\u62c9\u591a\n|\n|-status|p2a: Ursaluna|brn|[from] item: Flame Orb\n|upkeep\n|turn|17\n|\n|t:|1700387921\n|-terastallize|p1a: \u56fa\u62c9\u591a|Flying\n|move|p1a: \u56fa\u62c9\u591a|Magma Storm|p2a: Ursaluna\n|-damage|p2a: Ursaluna|60\/100 brn\n|-activate|p2a: Ursaluna|move: Magma Storm|[of] p1a: \u56fa\u62c9\u591a\n|move|p2a: Ursaluna|Headlong Rush|p1a: \u56fa\u62c9\u591a\n|-immune|p1a: \u56fa\u62c9\u591a\n|\n|-damage|p2a: Ursaluna|54\/100 brn|[from] brn\n|-damage|p2a: Ursaluna|41\/100 brn|[from] move: Magma Storm|[partiallytrapped]\n|upkeep\n|turn|18\n|\n|t:|1700387931\n|move|p1a: \u56fa\u62c9\u591a|Protect|p1a: \u56fa\u62c9\u591a\n|-singleturn|p1a: \u56fa\u62c9\u591a|Protect\n|move|p2a: Ursaluna|Facade|p1a: \u56fa\u62c9\u591a\n|-activate|p1a: \u56fa\u62c9\u591a|move: Protect\n|\n|-damage|p2a: Ursaluna|35\/100 brn|[from] brn\n|-damage|p2a: Ursaluna|22\/100 brn|[from] move: Magma Storm|[partiallytrapped]\n|upkeep\n|turn|19\n|\n|t:|1700387937\n|move|p1a: \u56fa\u62c9\u591a|Magma Storm|p2a: Ursaluna\n|-damage|p2a: Ursaluna|0 fnt\n|faint|p2a: Ursaluna\n|\n|upkeep\n|\n|t:|1700387941\n|switch|p2a: Tapu Koko|Tapu Koko|69\/100\n|-fieldstart|move: Electric Terrain|[from] ability: Electric Surge|[of] p2a: Tapu Koko\n|turn|20\n|\n|t:|1700387950\n|switch|p1a: \u7d2b\u9f99|Tapu Koko|2\/100\n|move|p2a: Tapu Koko|Thunderbolt|p1a: \u7d2b\u9f99\n|-resisted|p1a: \u7d2b\u9f99\n|-damage|p1a: \u7d2b\u9f99|0 fnt\n|faint|p1a: \u7d2b\u9f99\n|\n|upkeep\n|\n|t:|1700387959\n|switch|p1a: \u6731\u9f99|Medicham-Mega, F|100\/100\n|turn|21\n|\n|t:|1700387969\n|switch|p1a: \u76d6\u6b27\u5361|Urshifu-Rapid-Strike, F|91\/100\n|move|p2a: Tapu Koko|Thunderbolt|p1a: \u76d6\u6b27\u5361\n|-supereffective|p1a: \u76d6\u6b27\u5361\n|-damage|p1a: \u76d6\u6b27\u5361|0 fnt\n|faint|p1a: \u76d6\u6b27\u5361\n|\n|upkeep\n|-message|spirefire forfeited.\n|\n|win|baigu\n|raw|spirefire's rating: 1639 &rarr; <strong>1631<\/strong><br \/>(-8 for losing)\n|raw|baigu's rating: 1869 &rarr; <strong>1877<\/strong><br \/>(+8 for winning)\n|l|\u2606spirefire\n","uploadtime":1700387975,"views":6,"p1id":"spirefire","p2id":"baigu","formatid":"gen9nationaldex","rating":1631,"private":0,"password":""}