{"id":"gen9nationaldex-1999820712","p1":"jotao10_10","p2":"snotthewater","format":"[Gen 9] National Dex","log":"|html|<div class=\"broadcast-blue\"><strong>[Gen 9] National Dex is currently suspecting Sneasler! For information on how to participate check out the <a href=\"https:\/\/www.smogon.com\/forums\/threads\/sv-national-dex-suspect-8-just-dance.3731534\/\">suspect thread<\/a>.<\/strong><\/div>\n|j|\u2606jotao10_10\n|j|\u2606snotthewater\n|t:|1701119786\n|gametype|singles\n|player|p1|jotao10_10|ingo|1455\n|player|p2|snotthewater|colress|1373\n|teamsize|p1|6\n|teamsize|p2|6\n|gen|9\n|tier|[Gen 9] National Dex\n|rated|\n|rule|HP Percentage Mod: HP is shown in percentages\n|rule|Endless Battle Clause: Forcing endless battles is banned\n|rule|OHKO Clause: OHKO moves are banned\n|rule|Evasion Clause: Evasion abilities, items, and moves are banned\n|rule|Evasion Abilities Clause: Evasion abilities are banned\n|rule|Evasion Items Clause: Evasion items are banned\n|rule|Evasion Moves Clause: Evasion moves are banned\n|rule|Species Clause: Limit one of each Pok\u00e9mon\n|rule|Sleep Clause Mod: Limit one foe put to sleep\n|clearpoke\n|poke|p1|Celebi|\n|poke|p1|Gliscor, F|\n|poke|p1|Scizor, M|\n|poke|p1|Toxapex, F|\n|poke|p1|Sneasler, M|\n|poke|p1|Tornadus-Therian, M|\n|poke|p2|Tapu Lele|\n|poke|p2|Sneasler, F|\n|poke|p2|Diancie|\n|poke|p2|Gliscor, M|\n|poke|p2|Toxapex, M|\n|poke|p2|Blacephalon|\n|teampreview\n|\n|t:|1701119792\n|start\n|switch|p1a: Scizor|Scizor, M|100\/100\n|switch|p2a: Dr. Lele|Tapu Lele|100\/100\n|-fieldstart|move: Psychic Terrain|[from] ability: Psychic Surge|[of] p2a: Dr. Lele\n|turn|1\n|\n|t:|1701119798\n|switch|p1a: Toxapex|Toxapex, F|100\/100\n|move|p2a: Dr. Lele|Hidden Power|p1a: Toxapex\n|-resisted|p1a: Toxapex\n|-damage|p1a: Toxapex|94\/100\n|\n|upkeep\n|turn|2\n|\n|t:|1701119806\n|switch|p2a: Dr. Sneeze|Sneasler, F|100\/100\n|-enditem|p2a: Dr. Sneeze|Psychic Seed\n|-boost|p2a: Dr. Sneeze|spd|1|[from] item: Psychic Seed\n|move|p1a: Toxapex|Toxic|p2a: Dr. Sneeze\n|-immune|p2a: Dr. Sneeze\n|\n|upkeep\n|turn|3\n|\n|t:|1701119811\n|move|p2a: Dr. Sneeze|Swords Dance|p2a: Dr. Sneeze\n|-boost|p2a: Dr. Sneeze|atk|2\n|move|p1a: Toxapex|Scald|p2a: Dr. Sneeze\n|-damage|p2a: Dr. Sneeze|85\/100\n|-status|p2a: Dr. Sneeze|brn\n|\n|-damage|p2a: Dr. Sneeze|79\/100 brn|[from] brn\n|upkeep\n|turn|4\n|\n|t:|1701119813\n|move|p2a: Dr. Sneeze|Swords Dance|p2a: Dr. Sneeze\n|-boost|p2a: Dr. Sneeze|atk|2\n|move|p1a: Toxapex|Haze|p1a: Toxapex\n|-clearallboost\n|\n|-damage|p2a: Dr. Sneeze|73\/100 brn|[from] brn\n|upkeep\n|turn|5\n|\n|t:|1701119815\n|move|p2a: Dr. Sneeze|Swords Dance|p2a: Dr. Sneeze\n|-boost|p2a: Dr. Sneeze|atk|2\n|move|p1a: Toxapex|Scald|p2a: Dr. Sneeze\n|-damage|p2a: Dr. Sneeze|49\/100 brn\n|\n|-damage|p2a: Dr. Sneeze|43\/100 brn|[from] brn\n|-fieldend|move: Psychic Terrain\n|upkeep\n|turn|6\n|\n|t:|1701119819\n|move|p2a: Dr. Sneeze|Close Combat|p1a: Toxapex\n|-resisted|p1a: Toxapex\n|-damage|p1a: Toxapex|68\/100\n|-unboost|p2a: Dr. Sneeze|def|1\n|-unboost|p2a: Dr. Sneeze|spd|1\n|move|p1a: Toxapex|Haze|p1a: Toxapex\n|-clearallboost\n|\n|-damage|p2a: Dr. Sneeze|37\/100 brn|[from] brn\n|upkeep\n|turn|7\n|\n|t:|1701119823\n|switch|p2a: Dr. Scor|Gliscor, M|100\/100\n|move|p1a: Toxapex|Recover|p1a: Toxapex\n|-heal|p1a: Toxapex|100\/100\n|\n|-status|p2a: Dr. Scor|tox|[from] item: Toxic Orb\n|upkeep\n|turn|8\n|\n|t:|1701119826\n|switch|p1a: Gliscor|Gliscor, F|100\/100\n|move|p2a: Dr. Scor|Earthquake|p1a: Gliscor\n|-immune|p1a: Gliscor\n|\n|-status|p1a: Gliscor|tox|[from] item: Toxic Orb\n|upkeep\n|turn|9\n|\n|t:|1701119833\n|switch|p2a: Dr. Blast|Blacephalon|100\/100\n|move|p1a: Gliscor|Protect||[still]\n|-fail|p1a: Gliscor\n|\n|upkeep\n|turn|10\n|\n|t:|1701119838\n|move|p1a: Gliscor|Protect|p1a: Gliscor\n|-singleturn|p1a: Gliscor|Protect\n|move|p2a: Dr. Blast|Hidden Power|p1a: Gliscor\n|-activate|p1a: Gliscor|move: Protect\n|\n|upkeep\n|turn|11\n|\n|t:|1701119841\n|switch|p2a: Dr. Pex|Toxapex, M|100\/100\n|switch|p1a: Toxapex|Toxapex, F|100\/100\n|\n|upkeep\n|turn|12\n|\n|t:|1701119847\n|switch|p2a: Dr. Dancie|Diancie|100\/100\n|switch|p1a: Tornadus|Tornadus-Therian, M|100\/100\n|\n|upkeep\n|turn|13\n|\n|t:|1701119850\n|detailschange|p2a: Dr. Dancie|Diancie-Mega\n|-mega|p2a: Dr. Dancie|Diancie|Diancite\n|move|p1a: Tornadus|U-turn|p2a: Dr. Dancie\n|-resisted|p2a: Dr. Dancie\n|-damage|p2a: Dr. Dancie|90\/100\n|\n|t:|1701119854\n|switch|p1a: Scizor|Scizor, M|100\/100|[from] U-turn\n|move|p2a: Dr. Dancie|Diamond Storm|p1a: Scizor|[miss]\n|-miss|p2a: Dr. Dancie|p1a: Scizor\n|\n|upkeep\n|turn|14\n|\n|t:|1701119858\n|switch|p2a: Dr. Lele|Tapu Lele|100\/100\n|-fieldstart|move: Psychic Terrain|[from] ability: Psychic Surge|[of] p2a: Dr. Lele\n|detailschange|p1a: Scizor|Scizor-Mega, M\n|-mega|p1a: Scizor|Scizor|Scizorite\n|move|p1a: Scizor|Bullet Punch|p2a: Dr. Lele\n|-activate|p2a: Dr. Lele|move: Psychic Terrain\n|\n|upkeep\n|turn|15\n|\n|t:|1701119862\n|move|p2a: Dr. Lele|Hidden Power|p1a: Scizor\n|-supereffective|p1a: Scizor\n|-damage|p1a: Scizor|11\/100\n|move|p1a: Scizor|U-turn|p2a: Dr. Lele\n|-damage|p2a: Dr. Lele|34\/100\n|\n|t:|1701119865\n|switch|p1a: Tornadus|Tornadus-Therian, M|100\/100|[from] U-turn\n|\n|upkeep\n|turn|16\n|\n|t:|1701119870\n|switch|p2a: Dr. Pex|Toxapex, M|100\/100\n|move|p1a: Tornadus|Nasty Plot|p1a: Tornadus\n|-boost|p1a: Tornadus|spa|2\n|\n|upkeep\n|turn|17\n|\n|t:|1701119872\n|-zpower|p1a: Tornadus\n|move|p1a: Tornadus|Supersonic Skystrike|p2a: Dr. Pex|[zeffect]\n|-damage|p2a: Dr. Pex|0 fnt\n|faint|p2a: Dr. Pex\n|\n|upkeep\n|\n|t:|1701119881\n|switch|p2a: Dr. Dancie|Diancie-Mega|90\/100\n|turn|18\n|\n|t:|1701119887\n|move|p1a: Tornadus|Focus Blast|p2a: Dr. Dancie\n|-damage|p2a: Dr. Dancie|0 fnt\n|faint|p2a: Dr. Dancie\n|\n|-fieldend|move: Psychic Terrain\n|upkeep\n|\n|t:|1701119891\n|switch|p2a: Dr. Lele|Tapu Lele|34\/100\n|-fieldstart|move: Psychic Terrain|[from] ability: Psychic Surge|[of] p2a: Dr. Lele\n|turn|19\n|\n|t:|1701119894\n|-terastallize|p2a: Dr. Lele|Psychic\n|move|p2a: Dr. Lele|Psychic|p1a: Tornadus\n|-damage|p1a: Tornadus|0 fnt\n|faint|p1a: Tornadus\n|\n|upkeep\n|\n|t:|1701119898\n|switch|p1a: Celebi|Celebi|100\/100\n|turn|20\n|\n|t:|1701119902\n|switch|p2a: Dr. Scor|Gliscor, M|100\/100 tox\n|move|p1a: Celebi|Stealth Rock|p2a: Dr. Scor\n|-sidestart|p2: snotthewater|move: Stealth Rock\n|\n|upkeep\n|turn|21\n|\n|t:|1701119905\n|switch|p1a: Scizor|Scizor-Mega, M|11\/100\n|move|p2a: Dr. Scor|Defog|p1a: Scizor\n|-unboost|p1a: Scizor|evasion|1\n|-sideend|p2: snotthewater|Stealth Rock|[from] move: Defog|[of] p2a: Dr. Scor\n|-fieldend|move: Psychic Terrain\n|\n|upkeep\n|turn|22\n|\n|t:|1701119910\n|move|p2a: Dr. Scor|Earthquake|p1a: Scizor\n|-damage|p1a: Scizor|0 fnt\n|faint|p1a: Scizor\n|\n|upkeep\n|\n|t:|1701119915\n|switch|p1a: Sneasler|Sneasler, M|100\/100\n|-item|p1a: Sneasler|Air Balloon\n|turn|23\n|\n|t:|1701119927\n|switch|p2a: Dr. Sneeze|Sneasler, F|37\/100 brn\n|-terastallize|p1a: Sneasler|Flying\n|move|p1a: Sneasler|Swords Dance|p1a: Sneasler\n|-boost|p1a: Sneasler|atk|2\n|\n|-damage|p2a: Dr. Sneeze|31\/100 brn|[from] brn\n|upkeep\n|turn|24\n|\n|t:|1701119934\n|move|p2a: Dr. Sneeze|Swords Dance|p2a: Dr. Sneeze\n|-boost|p2a: Dr. Sneeze|atk|2\n|move|p1a: Sneasler|Swords Dance|p1a: Sneasler\n|-boost|p1a: Sneasler|atk|2\n|\n|-damage|p2a: Dr. Sneeze|25\/100 brn|[from] brn\n|upkeep\n|turn|25\n|\n|t:|1701119937\n|move|p2a: Dr. Sneeze|Swords Dance|p2a: Dr. Sneeze\n|-boost|p2a: Dr. Sneeze|atk|2\n|move|p1a: Sneasler|Acrobatics|p2a: Dr. Sneeze\n|-supereffective|p2a: Dr. Sneeze\n|-damage|p2a: Dr. Sneeze|0 fnt\n|faint|p2a: Dr. Sneeze\n|\n|upkeep\n|\n|t:|1701119939\n|switch|p2a: Dr. Lele|Tapu Lele, tera:Psychic|34\/100\n|-fieldstart|move: Psychic Terrain|[from] ability: Psychic Surge|[of] p2a: Dr. Lele\n|turn|26\n|\n|t:|1701119945\n|switch|p1a: Celebi|Celebi|100\/100\n|move|p2a: Dr. Lele|Psychic|p1a: Celebi\n|-resisted|p1a: Celebi\n|-damage|p1a: Celebi|71\/100\n|\n|-heal|p1a: Celebi|77\/100|[from] item: Leftovers\n|upkeep\n|turn|27\n|\n|t:|1701119948\n|switch|p2a: Dr. Scor|Gliscor, M|100\/100 tox\n|move|p1a: Celebi|Energy Ball|p2a: Dr. Scor\n|-crit|p2a: Dr. Scor\n|-damage|p2a: Dr. Scor|44\/100 tox\n|\n|-heal|p1a: Celebi|83\/100|[from] item: Leftovers\n|-heal|p2a: Dr. Scor|56\/100 tox|[from] ability: Poison Heal\n|upkeep\n|turn|28\n|\n|t:|1701119952\n|move|p2a: Dr. Scor|Toxic|p1a: Celebi\n|-status|p1a: Celebi|tox\n|move|p1a: Celebi|Energy Ball|p2a: Dr. Scor\n|-damage|p2a: Dr. Scor|15\/100 tox\n|\n|-heal|p1a: Celebi|89\/100 tox|[from] item: Leftovers\n|-heal|p2a: Dr. Scor|28\/100 tox|[from] ability: Poison Heal\n|-damage|p1a: Celebi|83\/100 tox|[from] psn\n|upkeep\n|turn|29\n|\n|t:|1701119954\n|move|p2a: Dr. Scor|Protect|p2a: Dr. Scor\n|-singleturn|p2a: Dr. Scor|Protect\n|move|p1a: Celebi|U-turn|p2a: Dr. Scor\n|-activate|p2a: Dr. Scor|move: Protect\n|\n|-heal|p1a: Celebi|89\/100 tox|[from] item: Leftovers\n|-heal|p2a: Dr. Scor|40\/100 tox|[from] ability: Poison Heal\n|-damage|p1a: Celebi|77\/100 tox|[from] psn\n|upkeep\n|turn|30\n|\n|t:|1701119961\n|switch|p2a: Dr. Blast|Blacephalon|100\/100\n|move|p1a: Celebi|U-turn|p2a: Dr. Blast\n|-resisted|p2a: Dr. Blast\n|-damage|p2a: Dr. Blast|92\/100\n|\n|t:|1701119964\n|-curestatus|p1a: Celebi|tox|[from] ability: Natural Cure\n|switch|p1a: Toxapex|Toxapex, F|100\/100|[from] U-turn\n|\n|-fieldend|move: Psychic Terrain\n|upkeep\n|turn|31\n|\n|t:|1701119968\n|switch|p2a: Dr. Scor|Gliscor, M|40\/100 tox\n|move|p1a: Toxapex|Scald|p2a: Dr. Scor\n|-supereffective|p2a: Dr. Scor\n|-damage|p2a: Dr. Scor|0 fnt\n|faint|p2a: Dr. Scor\n|\n|upkeep\n|\n|t:|1701119970\n|switch|p2a: Dr. Lele|Tapu Lele, tera:Psychic|34\/100\n|-fieldstart|move: Psychic Terrain|[from] ability: Psychic Surge|[of] p2a: Dr. Lele\n|turn|32\n|\n|t:|1701119976\n|switch|p1a: Gliscor|Gliscor, F|100\/100 tox\n|move|p2a: Dr. Lele|Psychic|p1a: Gliscor\n|-damage|p1a: Gliscor|0 fnt\n|faint|p1a: Gliscor\n|\n|upkeep\n|\n|t:|1701119977\n|switch|p1a: Celebi|Celebi|77\/100\n|turn|33\n|\n|t:|1701119980\n|switch|p2a: Dr. Blast|Blacephalon|92\/100\n|move|p1a: Celebi|U-turn|p2a: Dr. Blast\n|-resisted|p2a: Dr. Blast\n|-crit|p2a: Dr. Blast\n|-damage|p2a: Dr. Blast|80\/100\n|\n|t:|1701119982\n|switch|p1a: Toxapex|Toxapex, F|100\/100|[from] U-turn\n|\n|upkeep\n|turn|34\n|\n|t:|1701119988\n|move|p2a: Dr. Blast|Shadow Ball|p1a: Toxapex\n|-damage|p1a: Toxapex|72\/100\n|move|p1a: Toxapex|Scald|p2a: Dr. Blast\n|-supereffective|p2a: Dr. Blast\n|-damage|p2a: Dr. Blast|19\/100\n|\n|upkeep\n|turn|35\n|\n|t:|1701119993\n|switch|p2a: Dr. Lele|Tapu Lele, tera:Psychic|34\/100\n|move|p1a: Toxapex|Scald|p2a: Dr. Lele\n|-damage|p2a: Dr. Lele|17\/100\n|\n|upkeep\n|turn|36\n|\n|t:|1701119998\n|switch|p1a: Sneasler|Sneasler, M, tera:Flying|100\/100\n|-item|p1a: Sneasler|Air Balloon\n|move|p2a: Dr. Lele|Psychic|p1a: Sneasler\n|-damage|p1a: Sneasler|0 fnt\n|-enditem|p1a: Sneasler|Air Balloon\n|faint|p1a: Sneasler\n|\n|-fieldend|move: Psychic Terrain\n|upkeep\n|\n|t:|1701120001\n|switch|p1a: Celebi|Celebi|77\/100\n|turn|37\n|\n|t:|1701120005\n|move|p2a: Dr. Lele|Psychic|p1a: Celebi\n|-resisted|p1a: Celebi\n|-damage|p1a: Celebi|54\/100\n|move|p1a: Celebi|Stealth Rock|p2a: Dr. Lele\n|-sidestart|p2: snotthewater|move: Stealth Rock\n|\n|-heal|p1a: Celebi|60\/100|[from] item: Leftovers\n|upkeep\n|turn|38\n|\n|t:|1701120008\n|move|p2a: Dr. Lele|Psychic|p1a: Celebi\n|-resisted|p1a: Celebi\n|-damage|p1a: Celebi|36\/100\n|move|p1a: Celebi|Recover|p1a: Celebi\n|-heal|p1a: Celebi|86\/100\n|\n|-heal|p1a: Celebi|93\/100|[from] item: Leftovers\n|upkeep\n|turn|39\n|\n|t:|1701120012\n|move|p2a: Dr. Lele|Psychic|p1a: Celebi\n|-resisted|p1a: Celebi\n|-damage|p1a: Celebi|71\/100\n|move|p1a: Celebi|Recover|p1a: Celebi\n|-heal|p1a: Celebi|100\/100\n|\n|upkeep\n|turn|40\n|\n|t:|1701120013\n|move|p2a: Dr. Lele|Psychic|p1a: Celebi\n|-resisted|p1a: Celebi\n|-damage|p1a: Celebi|78\/100\n|move|p1a: Celebi|Stealth Rock||[still]\n|-fail|p1a: Celebi\n|\n|-heal|p1a: Celebi|84\/100|[from] item: Leftovers\n|upkeep\n|turn|41\n|\n|t:|1701120015\n|move|p2a: Dr. Lele|Psychic|p1a: Celebi\n|-resisted|p1a: Celebi\n|-damage|p1a: Celebi|61\/100\n|move|p1a: Celebi|Stealth Rock||[still]\n|-fail|p1a: Celebi\n|\n|-heal|p1a: Celebi|68\/100|[from] item: Leftovers\n|upkeep\n|turn|42\n|\n|t:|1701120016\n|move|p2a: Dr. Lele|Psychic|p1a: Celebi\n|-resisted|p1a: Celebi\n|-damage|p1a: Celebi|44\/100\n|move|p1a: Celebi|Stealth Rock||[still]\n|-fail|p1a: Celebi\n|\n|-heal|p1a: Celebi|51\/100|[from] item: Leftovers\n|upkeep\n|turn|43\n|\n|t:|1701120017\n|move|p2a: Dr. Lele|Psychic|p1a: Celebi\n|-resisted|p1a: Celebi\n|-damage|p1a: Celebi|29\/100\n|move|p1a: Celebi|Recover|p1a: Celebi\n|-heal|p1a: Celebi|79\/100\n|\n|-heal|p1a: Celebi|85\/100|[from] item: Leftovers\n|upkeep\n|turn|44\n|\n|t:|1701120019\n|move|p2a: Dr. Lele|Psychic|p1a: Celebi\n|-resisted|p1a: Celebi\n|-damage|p1a: Celebi|61\/100\n|move|p1a: Celebi|Stealth Rock||[still]\n|-fail|p1a: Celebi\n|\n|-heal|p1a: Celebi|67\/100|[from] item: Leftovers\n|upkeep\n|turn|45\n|inactive|Battle timer is ON: inactive players will automatically lose when time's up. (requested by snotthewater)\n|\n|t:|1701120023\n|move|p2a: Dr. Lele|Psychic|p1a: Celebi\n|-resisted|p1a: Celebi\n|-damage|p1a: Celebi|44\/100\n|move|p1a: Celebi|Stealth Rock||[still]\n|-fail|p1a: Celebi\n|\n|-heal|p1a: Celebi|50\/100|[from] item: Leftovers\n|upkeep\n|turn|46\n|\n|t:|1701120025\n|move|p2a: Dr. Lele|Psychic|p1a: Celebi\n|-resisted|p1a: Celebi\n|-damage|p1a: Celebi|27\/100\n|-unboost|p1a: Celebi|spd|1\n|move|p1a: Celebi|Recover|p1a: Celebi\n|-heal|p1a: Celebi|78\/100\n|\n|-heal|p1a: Celebi|84\/100|[from] item: Leftovers\n|upkeep\n|turn|47\n|\n|t:|1701120027\n|move|p2a: Dr. Lele|Psychic|p1a: Celebi\n|-resisted|p1a: Celebi\n|-damage|p1a: Celebi|50\/100\n|move|p1a: Celebi|Stealth Rock||[still]\n|-fail|p1a: Celebi\n|\n|-heal|p1a: Celebi|56\/100|[from] item: Leftovers\n|upkeep\n|turn|48\n|\n|t:|1701120028\n|move|p2a: Dr. Lele|Psychic|p1a: Celebi\n|-resisted|p1a: Celebi\n|-damage|p1a: Celebi|21\/100\n|move|p1a: Celebi|Recover|p1a: Celebi\n|-heal|p1a: Celebi|71\/100\n|\n|-heal|p1a: Celebi|78\/100|[from] item: Leftovers\n|upkeep\n|turn|49\n|\n|t:|1701120030\n|-activate|p2a: Dr. Lele|move: Struggle\n|move|p2a: Dr. Lele|Struggle|p1a: Celebi\n|-damage|p1a: Celebi|72\/100\n|-damage|p2a: Dr. Lele|0 fnt|[from] recoil\n|faint|p2a: Dr. Lele\n|move|p1a: Celebi|Recover|p1a: Celebi\n|-heal|p1a: Celebi|100\/100\n|\n|upkeep\n|\n|t:|1701120033\n|switch|p2a: Dr. Blast|Blacephalon|19\/100\n|-damage|p2a: Dr. Blast|0 fnt|[from] Stealth Rock\n|faint|p2a: Dr. Blast\n|\n|win|jotao10_10\n|raw|jotao10_10's rating: 1455 &rarr; <strong>1470<\/strong><br \/>(+15 for winning)\n|raw|snotthewater's rating: 1373 &rarr; <strong>1358<\/strong><br \/>(-15 for losing)\n|l|\u2606snotthewater\n","uploadtime":1701120037,"views":6,"p1id":"jotao1010","p2id":"snotthewater","formatid":"gen9nationaldex","rating":1358,"private":0,"password":""}