{"id":"gen9nationaldex-1987361424","p1":"Cakelave","p2":"RunningPoet","format":"[Gen 9] National Dex","log":"|j|\u2606Cakelave\n|j|\u2606RunningPoet\n|t:|1699581796\n|gametype|singles\n|player|p1|Cakelave|marshal|1140\n|player|p2|RunningPoet|169|1180\n|teamsize|p1|6\n|teamsize|p2|6\n|gen|9\n|tier|[Gen 9] National Dex\n|rated|\n|rule|HP Percentage Mod: HP is shown in percentages\n|rule|Endless Battle Clause: Forcing endless battles is banned\n|rule|OHKO Clause: OHKO moves are banned\n|rule|Evasion Clause: Evasion abilities, items, and moves are banned\n|rule|Evasion Abilities Clause: Evasion abilities are banned\n|rule|Evasion Items Clause: Evasion items are banned\n|rule|Evasion Moves Clause: Evasion moves are banned\n|rule|Species Clause: Limit one of each Pok\u00e9mon\n|rule|Sleep Clause Mod: Limit one foe put to sleep\n|clearpoke\n|poke|p1|Tyranitar, M|\n|poke|p1|Hippowdon, M|\n|poke|p1|Cradily, F|\n|poke|p1|Corsola, M|\n|poke|p1|Orthworm, F|\n|poke|p1|Steelix, F|\n|poke|p2|Garchomp, F|\n|poke|p2|Banette, M|\n|poke|p2|Chesnaught, F|\n|poke|p2|Togekiss, F|\n|poke|p2|Great Tusk|\n|poke|p2|Urshifu-*, F|\n|teampreview\n|inactive|Battle timer is ON: inactive players will automatically lose when time's up. (requested by Cakelave)\n|inactive|RunningPoet also wants the timer to be on.\n|\n|t:|1699581806\n|start\n|switch|p1a: Hippowdon|Hippowdon, M|100\/100\n|switch|p2a: Banette|Banette, M|100\/100\n|-item|p1a: Hippowdon|Smooth Rock|[from] ability: Frisk|[of] p2a: Banette|[identify]\n|-weather|Sandstorm|[from] ability: Sand Stream|[of] p1a: Hippowdon\n|turn|1\n|\n|t:|1699581825\n|detailschange|p2a: Banette|Banette-Mega, M\n|-mega|p2a: Banette|Banette|Banettite\n|move|p2a: Banette|Taunt|p1a: Hippowdon\n|-start|p1a: Hippowdon|move: Taunt\n|move|p1a: Hippowdon|Crunch|p2a: Banette\n|-supereffective|p2a: Banette\n|-damage|p2a: Banette|44\/100\n|-unboost|p2a: Banette|def|1\n|\n|-weather|Sandstorm|[upkeep]\n|-damage|p2a: Banette|38\/100|[from] Sandstorm\n|upkeep\n|turn|2\n|\n|t:|1699581835\n|move|p2a: Banette|Destiny Bond|p2a: Banette\n|-singlemove|p2a: Banette|Destiny Bond\n|move|p1a: Hippowdon|Crunch|p2a: Banette\n|-supereffective|p2a: Banette\n|-damage|p2a: Banette|0 fnt\n|faint|p2a: Banette\n|-activate|p2a: Banette|move: Destiny Bond\n|faint|p1a: Hippowdon\n|\n|-weather|Sandstorm|[upkeep]\n|upkeep\n|\n|t:|1699581863\n|switch|p2a: Great Tusk|Great Tusk|100\/100\n|switch|p1a: Corsola|Corsola, M, shiny|100\/100\n|turn|3\n|\n|t:|1699581875\n|move|p2a: Great Tusk|Knock Off|p1a: Corsola\n|-damage|p1a: Corsola|79\/100\n|-enditem|p1a: Corsola|Aguav Berry|[from] move: Knock Off|[of] p2a: Great Tusk\n|move|p1a: Corsola|Stealth Rock|p2a: Great Tusk\n|-sidestart|p2: RunningPoet|move: Stealth Rock\n|\n|-weather|Sandstorm|[upkeep]\n|upkeep\n|turn|4\n|\n|t:|1699581881\n|move|p2a: Great Tusk|Stealth Rock|p1a: Corsola\n|-sidestart|p1: Cakelave|move: Stealth Rock\n|move|p1a: Corsola|Scald|p2a: Great Tusk\n|-supereffective|p2a: Great Tusk\n|-damage|p2a: Great Tusk|51\/100\n|-status|p2a: Great Tusk|brn\n|\n|-weather|Sandstorm|[upkeep]\n|-damage|p2a: Great Tusk|45\/100 brn|[from] brn\n|upkeep\n|turn|5\n|\n|t:|1699581889\n|move|p2a: Great Tusk|Rapid Spin|p1a: Corsola\n|-resisted|p1a: Corsola\n|-damage|p1a: Corsola|77\/100\n|-boost|p2a: Great Tusk|spe|1\n|-sideend|p2: RunningPoet|Stealth Rock|[from] move: Rapid Spin|[of] p2a: Great Tusk\n|move|p1a: Corsola|Scald|p2a: Great Tusk\n|-supereffective|p2a: Great Tusk\n|-damage|p2a: Great Tusk|0 fnt\n|faint|p2a: Great Tusk\n|-end|p2a: Great Tusk|Protosynthesis|[silent]\n|\n|-weather|Sandstorm|[upkeep]\n|upkeep\n|\n|t:|1699581908\n|switch|p2a: Chesnaught|Chesnaught, F|100\/100\n|turn|6\n|\n|t:|1699581915\n|switch|p1a: Orthworm|Orthworm, F, shiny|100\/100\n|-damage|p1a: Orthworm|94\/100|[from] Stealth Rock\n|move|p2a: Chesnaught|Bulk Up|p2a: Chesnaught\n|-boost|p2a: Chesnaught|atk|1\n|-boost|p2a: Chesnaught|def|1\n|\n|-weather|Sandstorm|[upkeep]\n|-damage|p2a: Chesnaught|94\/100|[from] Sandstorm\n|upkeep\n|turn|7\n|\n|t:|1699581926\n|move|p1a: Orthworm|Iron Defense|p1a: Orthworm\n|-boost|p1a: Orthworm|def|2\n|move|p2a: Chesnaught|Close Combat|p1a: Orthworm\n|-supereffective|p1a: Orthworm\n|-damage|p1a: Orthworm|33\/100\n|-unboost|p2a: Chesnaught|def|1\n|-unboost|p2a: Chesnaught|spd|1\n|\n|-weather|Sandstorm|[upkeep]\n|-damage|p2a: Chesnaught|88\/100|[from] Sandstorm\n|upkeep\n|turn|8\n|\n|t:|1699581936\n|move|p1a: Orthworm|Body Press|p2a: Chesnaught\n|-damage|p2a: Chesnaught|50\/100\n|-damage|p1a: Orthworm|17\/100|[from] item: Rocky Helmet|[of] p2a: Chesnaught\n|-enditem|p1a: Orthworm|Aguav Berry|[eat]\n|-heal|p1a: Orthworm|50\/100|[from] item: Aguav Berry\n|move|p2a: Chesnaught|Close Combat|p1a: Orthworm\n|-supereffective|p1a: Orthworm\n|-damage|p1a: Orthworm|0 fnt\n|-unboost|p2a: Chesnaught|def|1\n|-unboost|p2a: Chesnaught|spd|1\n|faint|p1a: Orthworm\n|\n|-weather|none\n|upkeep\n|\n|t:|1699581955\n|switch|p1a: Tyranitar|Tyranitar, M, shiny|100\/100\n|-damage|p1a: Tyranitar|88\/100|[from] Stealth Rock\n|-weather|Sandstorm|[from] ability: Sand Stream|[of] p1a: Tyranitar\n|turn|9\n|\n|t:|1699581966\n|move|p1a: Tyranitar|Knock Off|p2a: Chesnaught\n|-resisted|p2a: Chesnaught\n|-damage|p2a: Chesnaught|17\/100\n|-damage|p1a: Tyranitar|72\/100|[from] item: Rocky Helmet|[of] p2a: Chesnaught\n|-enditem|p2a: Chesnaught|Rocky Helmet|[from] move: Knock Off|[of] p1a: Tyranitar\n|move|p2a: Chesnaught|Close Combat|p1a: Tyranitar\n|-supereffective|p1a: Tyranitar\n|-damage|p1a: Tyranitar|0 fnt\n|-unboost|p2a: Chesnaught|def|1\n|-unboost|p2a: Chesnaught|spd|1\n|faint|p1a: Tyranitar\n|\n|-weather|Sandstorm|[upkeep]\n|-damage|p2a: Chesnaught|11\/100|[from] Sandstorm\n|upkeep\n|\n|t:|1699581980\n|switch|p1a: Corsola|Corsola, M, shiny|100\/100\n|-damage|p1a: Corsola|88\/100|[from] Stealth Rock\n|turn|10\n|\n|t:|1699581988\n|move|p2a: Chesnaught|Seed Bomb|p1a: Corsola\n|-supereffective|p1a: Corsola\n|-damage|p1a: Corsola|0 fnt\n|faint|p1a: Corsola\n|\n|-weather|Sandstorm|[upkeep]\n|-damage|p2a: Chesnaught|5\/100|[from] Sandstorm\n|upkeep\n|\n|t:|1699581995\n|switch|p1a: Cradily|Cradily, F, shiny|100\/100\n|-damage|p1a: Cradily|88\/100|[from] Stealth Rock\n|turn|11\n|\n|t:|1699582001\n|move|p2a: Chesnaught|Close Combat|p1a: Cradily\n|-supereffective|p1a: Cradily\n|-damage|p1a: Cradily|0 fnt\n|-unboost|p2a: Chesnaught|def|1\n|-unboost|p2a: Chesnaught|spd|1\n|faint|p1a: Cradily\n|\n|-weather|Sandstorm|[upkeep]\n|-damage|p2a: Chesnaught|0 fnt|[from] Sandstorm\n|faint|p2a: Chesnaught\n|upkeep\n|\n|t:|1699582010\n|switch|p2a: Garchomp|Garchomp, F|100\/100\n|switch|p1a: Steelix|Steelix, F, shiny|100\/100\n|-damage|p1a: Steelix|97\/100|[from] Stealth Rock\n|turn|12\n|\n|t:|1699582017\n|detailschange|p1a: Steelix|Steelix-Mega, F, shiny\n|-mega|p1a: Steelix|Steelix|Steelixite\n|move|p2a: Garchomp|Swords Dance|p2a: Garchomp\n|-boost|p2a: Garchomp|atk|2\n|move|p1a: Steelix|Gyro Ball|p2a: Garchomp\n|-damage|p2a: Garchomp|0 fnt\n|-damage|p1a: Steelix|85\/100|[from] ability: Rough Skin|[of] p2a: Garchomp\n|faint|p2a: Garchomp\n|\n|-weather|Sandstorm|[upkeep]\n|upkeep\n|\n|t:|1699582024\n|switch|p2a: Togekiss|Togekiss, F|100\/100\n|turn|13\n|\n|t:|1699582029\n|-terastallize|p2a: Togekiss|Steel\n|move|p2a: Togekiss|Flamethrower|p1a: Steelix\n|-supereffective|p1a: Steelix\n|-damage|p1a: Steelix|19\/100\n|move|p1a: Steelix|Gyro Ball|p2a: Togekiss\n|-resisted|p2a: Togekiss\n|-damage|p2a: Togekiss|73\/100\n|\n|-weather|none\n|-heal|p2a: Togekiss|79\/100|[from] item: Leftovers\n|upkeep\n|turn|14\n|\n|t:|1699582039\n|move|p2a: Togekiss|Flamethrower|p1a: Steelix\n|-supereffective|p1a: Steelix\n|-damage|p1a: Steelix|0 fnt\n|faint|p1a: Steelix\n|\n|win|RunningPoet\n|raw|Cakelave's rating: 1140 &rarr; <strong>1118<\/strong><br \/>(-22 for losing)\n|raw|RunningPoet's rating: 1180 &rarr; <strong>1202<\/strong><br \/>(+22 for winning)\n|c|\u2606Cakelave|Gg\n|l|\u2606Cakelave\n|c|\u2606RunningPoet|gg\n|l|\u2606RunningPoet\n|j|\u2606RunningPoet\n|player|p2|RunningPoet|169\n","uploadtime":1699582140,"views":5,"p1id":"cakelave","p2id":"runningpoet","formatid":"gen9nationaldex","rating":1118,"private":0,"password":""}