{"id":"gen9nationaldex-1998019099","p1":"Clash Goblin","p2":"830r","format":"[Gen 9] National Dex","log":"|html|<div class=\"broadcast-blue\"><strong>[Gen 9] National Dex is currently suspecting Sneasler! For information on how to participate check out the <a href=\"https:\/\/www.smogon.com\/forums\/threads\/sv-national-dex-suspect-8-just-dance.3731534\/\">suspect thread<\/a>.<\/strong><\/div>\n|j|\u2606Clash Goblin\n|j|\u2606830r\n|t:|1700879697\n|gametype|singles\n|player|p1|Clash Goblin|fisherman|1479\n|player|p2|830r|veteran|1403\n|teamsize|p1|6\n|teamsize|p2|6\n|gen|9\n|tier|[Gen 9] National Dex\n|rated|\n|rule|HP Percentage Mod: HP is shown in percentages\n|rule|Endless Battle Clause: Forcing endless battles is banned\n|rule|OHKO Clause: OHKO moves are banned\n|rule|Evasion Clause: Evasion abilities, items, and moves are banned\n|rule|Evasion Abilities Clause: Evasion abilities are banned\n|rule|Evasion Items Clause: Evasion items are banned\n|rule|Evasion Moves Clause: Evasion moves are banned\n|rule|Species Clause: Limit one of each Pok\u00e9mon\n|rule|Sleep Clause Mod: Limit one foe put to sleep\n|clearpoke\n|poke|p1|Brambleghast, F|\n|poke|p1|Rotom-Wash|\n|poke|p1|Salamence, M|\n|poke|p1|Heatran, F|\n|poke|p1|Great Tusk|\n|poke|p1|Nihilego|\n|poke|p2|Toxapex, F|\n|poke|p2|Celesteela|\n|poke|p2|Garganacl, F|\n|poke|p2|Glalie, F|\n|poke|p2|Gliscor, M|\n|poke|p2|Zoroark-Hisui, M|\n|teampreview\n|inactive|Battle timer is ON: inactive players will automatically lose when time's up. (requested by 830r)\n|inactive|Clash Goblin also wants the timer to be on.\n|\n|t:|1700879719\n|start\n|switch|p1a: Rotom|Rotom-Wash, shiny|100\/100\n|switch|p2a: Toxapex|Toxapex, F, shiny|100\/100\n|turn|1\n|\n|t:|1700879732\n|switch|p2a: Gliscor|Gliscor, M|100\/100\n|move|p1a: Rotom|Will-O-Wisp|p2a: Gliscor|[miss]\n|-miss|p1a: Rotom|p2a: Gliscor\n|\n|-status|p2a: Gliscor|tox|[from] item: Toxic Orb\n|upkeep\n|turn|2\n|\n|t:|1700879750\n|move|p1a: Rotom|Hydro Pump|p2a: Gliscor\n|-supereffective|p2a: Gliscor\n|-crit|p2a: Gliscor\n|-damage|p2a: Gliscor|7\/100 tox\n|move|p2a: Gliscor|Knock Off|p1a: Rotom\n|-damage|p1a: Rotom|82\/100\n|-enditem|p1a: Rotom|Leftovers|[from] move: Knock Off|[of] p2a: Gliscor\n|\n|-heal|p2a: Gliscor|20\/100 tox|[from] ability: Poison Heal\n|upkeep\n|turn|3\n|\n|t:|1700879760\n|switch|p2a: Toxapex|Toxapex, F, shiny|100\/100\n|move|p1a: Rotom|Hydro Pump|p2a: Toxapex\n|-resisted|p2a: Toxapex\n|-damage|p2a: Toxapex|87\/100\n|\n|-heal|p2a: Toxapex|94\/100|[from] item: Black Sludge\n|upkeep\n|turn|4\n|\n|t:|1700879770\n|move|p1a: Rotom|Will-O-Wisp|p2a: Toxapex\n|-status|p2a: Toxapex|brn\n|move|p2a: Toxapex|Toxic|p1a: Rotom\n|-status|p1a: Rotom|tox\n|\n|-heal|p2a: Toxapex|99\/100 brn|[from] item: Black Sludge\n|-damage|p1a: Rotom|76\/100 tox|[from] psn\n|-damage|p2a: Toxapex|94\/100 brn|[from] brn\n|upkeep\n|turn|5\n|\n|t:|1700879774\n|switch|p1a: Heatran|Heatran, F, shiny|100\/100\n|move|p2a: Toxapex|Infestation|p1a: Heatran\n|-resisted|p1a: Heatran\n|-damage|p1a: Heatran|99\/100\n|-activate|p1a: Heatran|move: Infestation|[of] p2a: Toxapex\n|\n|-heal|p1a: Heatran|100\/100|[from] item: Leftovers\n|-heal|p2a: Toxapex|99\/100 brn|[from] item: Black Sludge\n|-damage|p2a: Toxapex|94\/100 brn|[from] brn\n|-damage|p1a: Heatran|88\/100|[from] move: Infestation|[partiallytrapped]\n|upkeep\n|turn|6\n|\n|t:|1700879778\n|switch|p2a: Garganacl|Garganacl, F|100\/100\n|move|p1a: Heatran|Magma Storm|p2a: Garganacl\n|-resisted|p2a: Garganacl\n|-damage|p2a: Garganacl|87\/100\n|-activate|p2a: Garganacl|move: Magma Storm|[of] p1a: Heatran\n|\n|-heal|p1a: Heatran|94\/100|[from] item: Leftovers\n|-heal|p2a: Garganacl|94\/100|[from] item: Leftovers\n|-end|p1a: Heatran|Infestation|[partiallytrapped]|[silent]\n|-damage|p2a: Garganacl|81\/100|[from] move: Magma Storm|[partiallytrapped]\n|upkeep\n|turn|7\n|\n|t:|1700879790\n|-terastallize|p1a: Heatran|Grass\n|-terastallize|p2a: Garganacl|Ghost\n|move|p1a: Heatran|Taunt|p2a: Garganacl\n|-start|p2a: Garganacl|move: Taunt\n|move|p2a: Garganacl|Salt Cure|p1a: Heatran\n|-damage|p1a: Heatran|83\/100\n|-start|p1a: Heatran|Salt Cure\n|\n|-heal|p1a: Heatran|89\/100|[from] item: Leftovers\n|-heal|p2a: Garganacl|87\/100|[from] item: Leftovers\n|-damage|p1a: Heatran|76\/100|[from] Salt Cure\n|-damage|p2a: Garganacl|75\/100|[from] move: Magma Storm|[partiallytrapped]\n|upkeep\n|turn|8\n|\n|t:|1700879817\n|switch|p2a: Toxapex|Toxapex, F, shiny|100\/100 brn\n|move|p1a: Heatran|Stealth Rock|p2a: Toxapex\n|-sidestart|p2: 830r|move: Stealth Rock\n|\n|-heal|p1a: Heatran|83\/100|[from] item: Leftovers\n|-damage|p2a: Toxapex|94\/100 brn|[from] brn\n|-damage|p1a: Heatran|70\/100|[from] Salt Cure\n|upkeep\n|turn|9\n|\n|t:|1700879834\n|switch|p1a: Rotom|Rotom-Wash, shiny|76\/100 tox\n|move|p2a: Toxapex|Toxic|p1a: Rotom\n|-fail|p1a: Rotom|tox\n|\n|-heal|p2a: Toxapex|100\/100 brn|[from] item: Black Sludge\n|-damage|p1a: Rotom|70\/100 tox|[from] psn\n|-damage|p2a: Toxapex|94\/100 brn|[from] brn\n|upkeep\n|turn|10\n|inactive|830r has 120 seconds left.\n|\n|t:|1700879857\n|move|p2a: Toxapex|Baneful Bunker|p2a: Toxapex\n|-singleturn|p2a: Toxapex|move: Protect\n|move|p1a: Rotom|Volt Switch|p2a: Toxapex\n|-activate|p2a: Toxapex|move: Protect\n|\n|-heal|p2a: Toxapex|100\/100 brn|[from] item: Black Sludge\n|-damage|p1a: Rotom|57\/100 tox|[from] psn\n|-damage|p2a: Toxapex|94\/100 brn|[from] brn\n|upkeep\n|turn|11\n|\n|t:|1700879863\n|move|p1a: Rotom|Volt Switch|p2a: Toxapex\n|-supereffective|p2a: Toxapex\n|-damage|p2a: Toxapex|56\/100 brn\n|\n|t:|1700879867\n|switch|p1a: Nihilego|Nihilego, shiny|100\/100|[from] Volt Switch\n|move|p2a: Toxapex|Toxic|p1a: Nihilego\n|-immune|p1a: Nihilego\n|\n|-heal|p2a: Toxapex|62\/100 brn|[from] item: Black Sludge\n|-damage|p2a: Toxapex|56\/100 brn|[from] brn\n|upkeep\n|turn|12\n|\n|t:|1700879873\n|move|p1a: Nihilego|Meteor Beam||[still]\n|-prepare|p1a: Nihilego|Meteor Beam\n|-boost|p1a: Nihilego|spa|1\n|-enditem|p1a: Nihilego|Power Herb\n|-anim|p1a: Nihilego|Meteor Beam|p2a: Toxapex|[miss]\n|-miss|p1a: Nihilego|p2a: Toxapex\n|move|p2a: Toxapex|Recover|p2a: Toxapex\n|-heal|p2a: Toxapex|100\/100 brn\n|\n|-damage|p2a: Toxapex|94\/100 brn|[from] brn\n|upkeep\n|turn|13\n|\n|t:|1700879883\n|move|p1a: Nihilego|Meteor Beam||[still]\n|-prepare|p1a: Nihilego|Meteor Beam\n|-boost|p1a: Nihilego|spa|1\n|move|p2a: Toxapex|Infestation|p1a: Nihilego\n|-resisted|p1a: Nihilego\n|-damage|p1a: Nihilego|99\/100\n|-activate|p1a: Nihilego|move: Infestation|[of] p2a: Toxapex\n|\n|-heal|p2a: Toxapex|100\/100 brn|[from] item: Black Sludge\n|-damage|p2a: Toxapex|94\/100 brn|[from] brn\n|-damage|p1a: Nihilego|87\/100|[from] move: Infestation|[partiallytrapped]\n|upkeep\n|turn|14\n|\n|t:|1700879890\n|move|p2a: Toxapex|Baneful Bunker|p2a: Toxapex\n|-singleturn|p2a: Toxapex|move: Protect\n|move|p1a: Nihilego|Meteor Beam|p2a: Toxapex|[from]lockedmove\n|-activate|p2a: Toxapex|move: Protect\n|\n|-heal|p2a: Toxapex|100\/100 brn|[from] item: Black Sludge\n|-damage|p2a: Toxapex|94\/100 brn|[from] brn\n|-damage|p1a: Nihilego|75\/100|[from] move: Infestation|[partiallytrapped]\n|upkeep\n|turn|15\n|inactive|830r has 120 seconds left.\n|\n|t:|1700879940\n|switch|p2a: Celesteela|Celesteela|100\/100\n|-damage|p2a: Celesteela|88\/100|[from] Stealth Rock\n|move|p1a: Nihilego|Grass Knot|p2a: Celesteela\n|-resisted|p2a: Celesteela\n|-damage|p2a: Celesteela|74\/100\n|\n|-heal|p2a: Celesteela|80\/100|[from] item: Leftovers\n|-end|p1a: Nihilego|Infestation|[partiallytrapped]|[silent]\n|upkeep\n|turn|16\n|\n|t:|1700879946\n|move|p1a: Nihilego|Hidden Power|p2a: Celesteela\n|-supereffective|p2a: Celesteela\n|-damage|p2a: Celesteela|22\/100\n|move|p2a: Celesteela|Leech Seed|p1a: Nihilego\n|-start|p1a: Nihilego|move: Leech Seed\n|\n|-heal|p2a: Celesteela|28\/100|[from] item: Leftovers\n|-damage|p1a: Nihilego|62\/100|[from] Leech Seed|[of] p2a: Celesteela\n|-heal|p2a: Celesteela|39\/100|[silent]\n|upkeep\n|turn|17\n|\n|t:|1700879949\n|move|p1a: Nihilego|Hidden Power|p2a: Celesteela\n|-supereffective|p2a: Celesteela\n|-damage|p2a: Celesteela|0 fnt\n|faint|p2a: Celesteela\n|-ability|p1a: Nihilego|Beast Boost|boost\n|-boost|p1a: Nihilego|spe|1\n|\n|upkeep\n|\n|t:|1700879960\n|switch|p2a: Garganacl|Garganacl, F, tera:Ghost|75\/100\n|-damage|p2a: Garganacl|63\/100|[from] Stealth Rock\n|turn|18\n|\n|t:|1700879965\n|move|p1a: Nihilego|Sludge Wave|p2a: Garganacl\n|-resisted|p2a: Garganacl\n|-damage|p2a: Garganacl|31\/100\n|move|p2a: Garganacl|Recover|p2a: Garganacl\n|-heal|p2a: Garganacl|81\/100\n|\n|-heal|p2a: Garganacl|87\/100|[from] item: Leftovers\n|-damage|p1a: Nihilego|50\/100|[from] Leech Seed|[of] p2a: Garganacl\n|-heal|p2a: Garganacl|98\/100|[silent]\n|upkeep\n|turn|19\n|\n|t:|1700879969\n|move|p1a: Nihilego|Meteor Beam||[still]\n|-prepare|p1a: Nihilego|Meteor Beam\n|-boost|p1a: Nihilego|spa|1\n|move|p2a: Garganacl|Salt Cure|p1a: Nihilego\n|-damage|p1a: Nihilego|29\/100\n|-start|p1a: Nihilego|Salt Cure\n|\n|-heal|p2a: Garganacl|100\/100|[from] item: Leftovers\n|-damage|p1a: Nihilego|17\/100|[from] Leech Seed|[of] p2a: Garganacl\n|-damage|p1a: Nihilego|4\/100|[from] Salt Cure\n|upkeep\n|turn|20\n|\n|t:|1700879984\n|move|p1a: Nihilego|Meteor Beam|p2a: Garganacl|[from]lockedmove\n|-damage|p2a: Garganacl|3\/100\n|move|p2a: Garganacl|Recover|p2a: Garganacl\n|-heal|p2a: Garganacl|53\/100\n|\n|-heal|p2a: Garganacl|59\/100|[from] item: Leftovers\n|-damage|p1a: Nihilego|0 fnt|[from] Leech Seed|[of] p2a: Garganacl\n|-heal|p2a: Garganacl|63\/100|[silent]\n|faint|p1a: Nihilego\n|upkeep\n|\n|t:|1700879992\n|switch|p1a: Brambleghast|Brambleghast, F|100\/100\n|turn|21\n|\n|t:|1700879997\n|move|p1a: Brambleghast|Poltergeist|p2a: Garganacl|[miss]\n|-miss|p1a: Brambleghast|p2a: Garganacl\n|move|p2a: Garganacl|Recover|p2a: Garganacl\n|-heal|p2a: Garganacl|100\/100\n|\n|upkeep\n|turn|22\n|\n|t:|1700880004\n|move|p1a: Brambleghast|Spikes|p2a: Garganacl\n|-sidestart|p2: 830r|Spikes\n|move|p2a: Garganacl|Substitute|p2a: Garganacl\n|-start|p2a: Garganacl|Substitute\n|-damage|p2a: Garganacl|75\/100\n|\n|-heal|p2a: Garganacl|82\/100|[from] item: Leftovers\n|upkeep\n|turn|23\n|\n|t:|1700880015\n|move|p1a: Brambleghast|Spikes|p2a: Garganacl\n|-sidestart|p2: 830r|Spikes\n|move|p2a: Garganacl|Salt Cure|p1a: Brambleghast\n|-damage|p1a: Brambleghast|86\/100\n|-start|p1a: Brambleghast|Salt Cure\n|\n|-heal|p2a: Garganacl|88\/100|[from] item: Leftovers\n|-damage|p1a: Brambleghast|73\/100|[from] Salt Cure\n|upkeep\n|turn|24\n|\n|t:|1700880021\n|move|p1a: Brambleghast|Spikes|p2a: Garganacl\n|-sidestart|p2: 830r|Spikes\n|move|p2a: Garganacl|Substitute|p2a: Garganacl\n|-fail|p2a: Garganacl|move: Substitute\n|\n|-heal|p2a: Garganacl|94\/100|[from] item: Leftovers\n|-damage|p1a: Brambleghast|61\/100|[from] Salt Cure\n|upkeep\n|turn|25\n|\n|t:|1700880027\n|switch|p1a: Salamence|Salamence, M, shiny|100\/100\n|-ability|p1a: Salamence|Intimidate|boost\n|-immune|p2a: Garganacl\n|move|p2a: Garganacl|Substitute|p2a: Garganacl\n|-fail|p2a: Garganacl|move: Substitute\n|\n|-heal|p2a: Garganacl|99\/100|[from] item: Leftovers\n|upkeep\n|turn|26\n|\n|t:|1700880030\n|move|p1a: Salamence|Wish|p1a: Salamence\n|move|p2a: Garganacl|Salt Cure|p1a: Salamence\n|-supereffective|p1a: Salamence\n|-damage|p1a: Salamence|81\/100\n|-start|p1a: Salamence|Salt Cure\n|\n|-heal|p1a: Salamence|87\/100|[from] item: Leftovers\n|-heal|p2a: Garganacl|100\/100|[from] item: Leftovers\n|-damage|p1a: Salamence|74\/100|[from] Salt Cure\n|upkeep\n|turn|27\n|\n|t:|1700880058\n|switch|p1a: Heatran|Heatran, F, shiny, tera:Grass|70\/100\n|move|p2a: Garganacl|Salt Cure|p1a: Heatran\n|-damage|p1a: Heatran|58\/100\n|-start|p1a: Heatran|Salt Cure\n|\n|-heal|p1a: Heatran|100\/100|[from] move: Wish|[wisher] Salamence\n|-damage|p1a: Heatran|88\/100|[from] Salt Cure\n|upkeep\n|turn|28\n|\n|t:|1700880069\n|switch|p1a: Salamence|Salamence, M, shiny|74\/100\n|-ability|p1a: Salamence|Intimidate|boost\n|-immune|p2a: Garganacl\n|move|p2a: Garganacl|Body Press|p1a: Salamence\n|-resisted|p1a: Salamence\n|-damage|p1a: Salamence|67\/100\n|\n|-heal|p1a: Salamence|73\/100|[from] item: Leftovers\n|upkeep\n|turn|29\n|\n|t:|1700880074\n|move|p1a: Salamence|Wish|p1a: Salamence\n|move|p2a: Garganacl|Salt Cure|p1a: Salamence\n|-supereffective|p1a: Salamence\n|-damage|p1a: Salamence|51\/100\n|-start|p1a: Salamence|Salt Cure\n|\n|-heal|p1a: Salamence|57\/100|[from] item: Leftovers\n|-damage|p1a: Salamence|45\/100|[from] Salt Cure\n|upkeep\n|turn|30\n|\n|t:|1700880086\n|move|p1a: Salamence|Protect|p1a: Salamence\n|-singleturn|p1a: Salamence|Protect\n|move|p2a: Garganacl|Salt Cure|p1a: Salamence\n|-activate|p1a: Salamence|move: Protect\n|\n|-heal|p1a: Salamence|95\/100|[from] move: Wish|[wisher] Salamence\n|-heal|p1a: Salamence|100\/100|[from] item: Leftovers\n|-damage|p1a: Salamence|88\/100|[from] Salt Cure\n|upkeep\n|turn|31\n|\n|t:|1700880092\n|move|p1a: Salamence|Wish|p1a: Salamence\n|move|p2a: Garganacl|Salt Cure|p1a: Salamence\n|-supereffective|p1a: Salamence\n|-damage|p1a: Salamence|68\/100\n|\n|-heal|p1a: Salamence|74\/100|[from] item: Leftovers\n|-damage|p1a: Salamence|62\/100|[from] Salt Cure\n|upkeep\n|turn|32\n|\n|t:|1700880100\n|switch|p1a: Brambleghast|Brambleghast, F|61\/100\n|move|p2a: Garganacl|Body Press|p1a: Brambleghast\n|-immune|p1a: Brambleghast\n|\n|-heal|p1a: Brambleghast|100\/100|[from] move: Wish|[wisher] Salamence\n|upkeep\n|turn|33\n|\n|t:|1700880110\n|move|p1a: Brambleghast|Poltergeist|p2a: Garganacl\n|-activate|p2a: Garganacl|move: Poltergeist|Leftovers\n|-supereffective|p2a: Garganacl\n|-crit|p2a: Garganacl\n|-end|p2a: Garganacl|Substitute\n|move|p2a: Garganacl|Salt Cure|p1a: Brambleghast\n|-damage|p1a: Brambleghast|86\/100\n|-start|p1a: Brambleghast|Salt Cure\n|\n|-damage|p1a: Brambleghast|74\/100|[from] Salt Cure\n|upkeep\n|turn|34\n|\n|t:|1700880121\n|switch|p1a: Salamence|Salamence, M, shiny|62\/100\n|-ability|p1a: Salamence|Intimidate|boost\n|-unboost|p2a: Garganacl|atk|1\n|move|p2a: Garganacl|Substitute|p2a: Garganacl\n|-start|p2a: Garganacl|Substitute\n|-damage|p2a: Garganacl|75\/100\n|\n|-heal|p1a: Salamence|68\/100|[from] item: Leftovers\n|-heal|p2a: Garganacl|82\/100|[from] item: Leftovers\n|upkeep\n|turn|35\n|\n|t:|1700880128\n|move|p1a: Salamence|Protect|p1a: Salamence\n|-singleturn|p1a: Salamence|Protect\n|move|p2a: Garganacl|Salt Cure|p1a: Salamence\n|-activate|p1a: Salamence|move: Protect\n|\n|-heal|p1a: Salamence|74\/100|[from] item: Leftovers\n|-heal|p2a: Garganacl|88\/100|[from] item: Leftovers\n|upkeep\n|turn|36\n|\n|t:|1700880133\n|move|p1a: Salamence|Wish|p1a: Salamence\n|move|p2a: Garganacl|Salt Cure|p1a: Salamence\n|-supereffective|p1a: Salamence\n|-damage|p1a: Salamence|60\/100\n|-start|p1a: Salamence|Salt Cure\n|\n|-heal|p1a: Salamence|66\/100|[from] item: Leftovers\n|-heal|p2a: Garganacl|94\/100|[from] item: Leftovers\n|-damage|p1a: Salamence|54\/100|[from] Salt Cure\n|upkeep\n|turn|37\n|\n|t:|1700880150\n|switch|p2a: Glalie|Glalie, F, shiny|100\/100\n|-damage|p2a: Glalie|76\/100|[from] Stealth Rock\n|-damage|p2a: Glalie|51\/100|[from] Spikes\n|move|p1a: Salamence|Hurricane|p2a: Glalie\n|-damage|p2a: Glalie|0 fnt\n|faint|p2a: Glalie\n|\n|-heal|p1a: Salamence|100\/100|[from] move: Wish|[wisher] Salamence\n|-damage|p1a: Salamence|88\/100|[from] Salt Cure\n|upkeep\n|\n|t:|1700880159\n|switch|p2a: Toxapex|Toxapex, F, shiny|100\/100 brn\n|-damage|p2a: Toxapex|88\/100 brn|[from] Stealth Rock\n|-damage|p2a: Toxapex|63\/100 brn|[from] Spikes\n|turn|38\n|\n|t:|1700880169\n|move|p1a: Salamence|Protect|p1a: Salamence\n|-singleturn|p1a: Salamence|Protect\n|move|p2a: Toxapex|Recover|p2a: Toxapex\n|-heal|p2a: Toxapex|100\/100 brn\n|\n|-heal|p1a: Salamence|94\/100|[from] item: Leftovers\n|-damage|p2a: Toxapex|94\/100 brn|[from] brn\n|-damage|p1a: Salamence|82\/100|[from] Salt Cure\n|upkeep\n|turn|39\n|\n|t:|1700880175\n|move|p1a: Salamence|Wish|p1a: Salamence\n|move|p2a: Toxapex|Toxic|p1a: Salamence\n|-status|p1a: Salamence|tox\n|\n|-heal|p1a: Salamence|88\/100 tox|[from] item: Leftovers\n|-heal|p2a: Toxapex|100\/100 brn|[from] item: Black Sludge\n|-damage|p1a: Salamence|82\/100 tox|[from] psn\n|-damage|p2a: Toxapex|94\/100 brn|[from] brn\n|-damage|p1a: Salamence|69\/100 tox|[from] Salt Cure\n|upkeep\n|turn|40\n|\n|t:|1700880177\n|switch|p1a: Rotom|Rotom-Wash, shiny|57\/100 tox\n|move|p2a: Toxapex|Infestation|p1a: Rotom\n|-damage|p1a: Rotom|54\/100 tox\n|-activate|p1a: Rotom|move: Infestation|[of] p2a: Toxapex\n|\n|-heal|p1a: Rotom|100\/100 tox|[from] move: Wish|[wisher] Salamence\n|-heal|p2a: Toxapex|100\/100 brn|[from] item: Black Sludge\n|-damage|p1a: Rotom|94\/100 tox|[from] psn\n|-damage|p2a: Toxapex|94\/100 brn|[from] brn\n|-damage|p1a: Rotom|82\/100 tox|[from] move: Infestation|[partiallytrapped]\n|upkeep\n|turn|41\n|\n|t:|1700880182\n|switch|p2a: Gliscor|Gliscor, M|20\/100 tox\n|-damage|p2a: Gliscor|7\/100 tox|[from] Stealth Rock\n|move|p1a: Rotom|Volt Switch|p2a: Gliscor\n|-immune|p2a: Gliscor\n|\n|-damage|p1a: Rotom|69\/100 tox|[from] psn\n|-heal|p2a: Gliscor|20\/100 tox|[from] ability: Poison Heal\n|-end|p1a: Rotom|Infestation|[partiallytrapped]|[silent]\n|upkeep\n|turn|42\n|\n|t:|1700880185\n|move|p1a: Rotom|Hydro Pump|p2a: Gliscor\n|-supereffective|p2a: Gliscor\n|-damage|p2a: Gliscor|0 fnt\n|faint|p2a: Gliscor\n|\n|-damage|p1a: Rotom|50\/100 tox|[from] psn\n|upkeep\n|\n|t:|1700880189\n|switch|p2a: Garganacl|Garganacl, F, tera:Ghost|94\/100\n|-damage|p2a: Garganacl|82\/100|[from] Stealth Rock\n|-damage|p2a: Garganacl|57\/100|[from] Spikes\n|turn|43\n|\n|t:|1700880194\n|switch|p1a: Salamence|Salamence, M, shiny|69\/100 tox\n|-ability|p1a: Salamence|Intimidate|boost\n|-unboost|p2a: Garganacl|atk|1\n|move|p2a: Garganacl|Recover|p2a: Garganacl\n|-heal|p2a: Garganacl|100\/100\n|\n|-heal|p1a: Salamence|75\/100 tox|[from] item: Leftovers\n|-damage|p1a: Salamence|69\/100 tox|[from] psn\n|upkeep\n|turn|44\n|\n|t:|1700880205\n|move|p1a: Salamence|Wish|p1a: Salamence\n|move|p2a: Garganacl|Salt Cure|p1a: Salamence\n|-supereffective|p1a: Salamence\n|-damage|p1a: Salamence|56\/100 tox\n|-start|p1a: Salamence|Salt Cure\n|\n|-heal|p1a: Salamence|62\/100 tox|[from] item: Leftovers\n|-damage|p1a: Salamence|49\/100 tox|[from] psn\n|-damage|p1a: Salamence|37\/100 tox|[from] Salt Cure\n|upkeep\n|turn|45\n|\n|t:|1700880210\n|switch|p2a: Toxapex|Toxapex, F, shiny|100\/100 brn\n|-damage|p2a: Toxapex|88\/100 brn|[from] Stealth Rock\n|-damage|p2a: Toxapex|63\/100 brn|[from] Spikes\n|move|p1a: Salamence|Protect||[still]\n|-fail|p1a: Salamence\n|\n|-heal|p1a: Salamence|87\/100 tox|[from] move: Wish|[wisher] Salamence\n|-heal|p1a: Salamence|93\/100 tox|[from] item: Leftovers\n|-heal|p2a: Toxapex|69\/100 brn|[from] item: Black Sludge\n|-damage|p1a: Salamence|75\/100 tox|[from] psn\n|-damage|p2a: Toxapex|63\/100 brn|[from] brn\n|-damage|p1a: Salamence|62\/100 tox|[from] Salt Cure\n|upkeep\n|turn|46\n|\n|t:|1700880226\n|switch|p1a: Rotom|Rotom-Wash, shiny|50\/100 tox\n|move|p2a: Toxapex|Infestation|p1a: Rotom\n|-damage|p1a: Rotom|47\/100 tox\n|-activate|p1a: Rotom|move: Infestation|[of] p2a: Toxapex\n|\n|-heal|p2a: Toxapex|69\/100 brn|[from] item: Black Sludge\n|-damage|p1a: Rotom|41\/100 tox|[from] psn\n|-damage|p2a: Toxapex|63\/100 brn|[from] brn\n|-damage|p1a: Rotom|28\/100 tox|[from] move: Infestation|[partiallytrapped]\n|upkeep\n|turn|47\n|\n|t:|1700880231\n|move|p2a: Toxapex|Baneful Bunker|p2a: Toxapex\n|-singleturn|p2a: Toxapex|move: Protect\n|move|p1a: Rotom|Volt Switch|p2a: Toxapex\n|-activate|p2a: Toxapex|move: Protect\n|\n|-heal|p2a: Toxapex|69\/100 brn|[from] item: Black Sludge\n|-damage|p1a: Rotom|16\/100 tox|[from] psn\n|-damage|p2a: Toxapex|63\/100 brn|[from] brn\n|-damage|p1a: Rotom|3\/100 tox|[from] move: Infestation|[partiallytrapped]\n|upkeep\n|turn|48\n|\n|t:|1700880239\n|move|p2a: Toxapex|Baneful Bunker||[still]\n|-fail|p2a: Toxapex\n|move|p1a: Rotom|Volt Switch|p2a: Toxapex\n|-supereffective|p2a: Toxapex\n|-damage|p2a: Toxapex|25\/100 brn\n|\n|t:|1700880245\n|switch|p1a: Great Tusk|Great Tusk|100\/100|[from] Volt Switch\n|\n|-heal|p2a: Toxapex|32\/100 brn|[from] item: Black Sludge\n|-damage|p2a: Toxapex|25\/100 brn|[from] brn\n|upkeep\n|turn|49\n|\n|t:|1700880253\n|move|p1a: Great Tusk|Earthquake|p2a: Toxapex\n|-supereffective|p2a: Toxapex\n|-damage|p2a: Toxapex|0 fnt\n|faint|p2a: Toxapex\n|\n|upkeep\n|\n|t:|1700880256\n|switch|p2a: Garganacl|Garganacl, F, tera:Ghost|100\/100\n|-damage|p2a: Garganacl|88\/100|[from] Stealth Rock\n|-damage|p2a: Garganacl|63\/100|[from] Spikes\n|turn|50\n|\n|t:|1700880262\n|move|p1a: Great Tusk|Earthquake|p2a: Garganacl\n|-damage|p2a: Garganacl|27\/100\n|move|p2a: Garganacl|Salt Cure|p1a: Great Tusk\n|-resisted|p1a: Great Tusk\n|-damage|p1a: Great Tusk|98\/100\n|-start|p1a: Great Tusk|Salt Cure\n|\n|-heal|p2a: Garganacl|33\/100|[from] item: Leftovers\n|-damage|p1a: Great Tusk|86\/100|[from] Salt Cure\n|upkeep\n|turn|51\n|-message|830r forfeited.\n|\n|win|Clash Goblin\n|raw|Clash Goblin's rating: 1479 &rarr; <strong>1495<\/strong><br \/>(+16 for winning)\n|raw|830r's rating: 1403 &rarr; <strong>1387<\/strong><br \/>(-16 for losing)\n|l|\u2606830r\n","uploadtime":1700880271,"views":6,"p1id":"clashgoblin","p2id":"830r","formatid":"gen9nationaldex","rating":1387,"private":0,"password":""}