{"id":"gen9nationaldex-1995804205","p1":"PokeUsername12","p2":"ZenDaruma","format":"[Gen 9] National Dex","log":"|html|<div class=\"broadcast-blue\"><strong>[Gen 9] National Dex is currently suspecting Sneasler! For information on how to participate check out the <a href=\"https:\/\/www.smogon.com\/forums\/threads\/sv-national-dex-suspect-8-just-dance.3731534\/\">suspect thread<\/a>.<\/strong><\/div>\n|j|\u2606PokeUsername12\n|j|\u2606ZenDaruma\n|t:|1700604767\n|gametype|singles\n|player|p1|PokeUsername12|170|1381\n|player|p2|ZenDaruma|265|1323\n|teamsize|p1|6\n|teamsize|p2|6\n|gen|9\n|tier|[Gen 9] National Dex\n|rated|\n|rule|HP Percentage Mod: HP is shown in percentages\n|rule|Endless Battle Clause: Forcing endless battles is banned\n|rule|OHKO Clause: OHKO moves are banned\n|rule|Evasion Clause: Evasion abilities, items, and moves are banned\n|rule|Evasion Abilities Clause: Evasion abilities are banned\n|rule|Evasion Items Clause: Evasion items are banned\n|rule|Evasion Moves Clause: Evasion moves are banned\n|rule|Species Clause: Limit one of each Pok\u00e9mon\n|rule|Sleep Clause Mod: Limit one foe put to sleep\n|clearpoke\n|poke|p1|Tropius, M|\n|poke|p1|Great Tusk|\n|poke|p1|Dondozo, F|\n|poke|p1|Beedrill, F|\n|poke|p1|Omastar, F|\n|poke|p1|Chansey, F|\n|poke|p2|Heatran, M|\n|poke|p2|Zapdos|\n|poke|p2|Samurott-Hisui, M|\n|poke|p2|Serperior, F|\n|poke|p2|Tapu Lele|\n|poke|p2|Gliscor, M|\n|teampreview\n|inactive|Battle timer is ON: inactive players will automatically lose when time's up. (requested by PokeUsername12)\n|\n|t:|1700604775\n|start\n|switch|p1a: Chansey|Chansey, F|100\/100\n|switch|p2a: Gliscor|Gliscor, M, shiny|100\/100\n|turn|1\n|\n|t:|1700604785\n|switch|p1a: Great Tusk|Great Tusk|100\/100\n|move|p2a: Gliscor|Swords Dance|p2a: Gliscor\n|-boost|p2a: Gliscor|atk|2\n|\n|-status|p2a: Gliscor|tox|[from] item: Toxic Orb\n|upkeep\n|turn|2\n|\n|t:|1700604806\n|switch|p2a: Tapu Lele|Tapu Lele|100\/100\n|-fieldstart|move: Psychic Terrain|[from] ability: Psychic Surge|[of] p2a: Tapu Lele\n|move|p1a: Great Tusk|Ice Spinner|p2a: Tapu Lele\n|-damage|p2a: Tapu Lele|56\/100\n|-fieldend|move: Psychic Terrain\n|\n|upkeep\n|turn|3\n|\n|t:|1700604818\n|switch|p2a: Gliscor|Gliscor, M, shiny|100\/100 tox\n|move|p1a: Great Tusk|Rapid Spin|p2a: Gliscor\n|-damage|p2a: Gliscor|87\/100 tox\n|-boost|p1a: Great Tusk|spe|1\n|\n|-heal|p2a: Gliscor|99\/100 tox|[from] ability: Poison Heal\n|upkeep\n|turn|4\n|\n|t:|1700604829\n|-terastallize|p2a: Gliscor|Fairy\n|move|p1a: Great Tusk|Ice Spinner|p2a: Gliscor\n|-crit|p2a: Gliscor\n|-damage|p2a: Gliscor|65\/100 tox\n|move|p2a: Gliscor|Swords Dance|p2a: Gliscor\n|-boost|p2a: Gliscor|atk|2\n|\n|-heal|p2a: Gliscor|77\/100 tox|[from] ability: Poison Heal\n|upkeep\n|turn|5\n|\n|t:|1700604857\n|move|p1a: Great Tusk|Headlong Rush|p2a: Gliscor\n|-damage|p2a: Gliscor|30\/100 tox\n|-unboost|p1a: Great Tusk|def|1\n|-unboost|p1a: Great Tusk|spd|1\n|move|p2a: Gliscor|Roost|p2a: Gliscor\n|-heal|p2a: Gliscor|80\/100 tox\n|\n|-heal|p2a: Gliscor|92\/100 tox|[from] ability: Poison Heal\n|upkeep\n|turn|6\n|\n|t:|1700604867\n|-end|p1a: Great Tusk|Protosynthesis|[silent]\n|switch|p1a: Dondozo|Dondozo, F, shiny|100\/100\n|move|p2a: Gliscor|Earthquake|p1a: Dondozo\n|-damage|p1a: Dondozo|87\/100\n|\n|-heal|p1a: Dondozo|93\/100|[from] item: Leftovers\n|-heal|p2a: Gliscor|100\/100 tox|[from] ability: Poison Heal\n|upkeep\n|turn|7\n|\n|t:|1700604882\n|switch|p2a: Serperior|Serperior, F|100\/100\n|move|p1a: Dondozo|Wave Crash|p2a: Serperior\n|-resisted|p2a: Serperior\n|-damage|p2a: Serperior|77\/100\n|-damage|p1a: Dondozo|89\/100|[from] Recoil\n|\n|-heal|p2a: Serperior|83\/100|[from] item: Leftovers\n|-heal|p1a: Dondozo|95\/100|[from] item: Leftovers\n|upkeep\n|turn|8\n|\n|t:|1700604893\n|switch|p1a: Chansey|Chansey, F|100\/100\n|move|p2a: Serperior|Substitute|p2a: Serperior\n|-start|p2a: Serperior|Substitute\n|-damage|p2a: Serperior|59\/100\n|\n|-heal|p2a: Serperior|65\/100|[from] item: Leftovers\n|upkeep\n|turn|9\n|\n|t:|1700604897\n|move|p2a: Serperior|Leaf Storm|p1a: Chansey\n|-damage|p1a: Chansey|91\/100\n|-boost|p2a: Serperior|spa|2\n|move|p1a: Chansey|Stealth Rock|p2a: Serperior\n|-sidestart|p2: ZenDaruma|move: Stealth Rock\n|\n|-heal|p2a: Serperior|71\/100|[from] item: Leftovers\n|upkeep\n|turn|10\n|\n|t:|1700604906\n|move|p2a: Serperior|Leaf Storm|p1a: Chansey\n|-damage|p1a: Chansey|70\/100\n|-boost|p2a: Serperior|spa|2\n|move|p1a: Chansey|Flamethrower|p2a: Serperior\n|-supereffective|p2a: Serperior\n|-activate|p2a: Serperior|move: Substitute|[damage]\n|\n|-heal|p2a: Serperior|77\/100|[from] item: Leftovers\n|upkeep\n|turn|11\n|\n|t:|1700604916\n|move|p2a: Serperior|Leaf Storm|p1a: Chansey\n|-damage|p1a: Chansey|40\/100\n|-boost|p2a: Serperior|spa|2\n|move|p1a: Chansey|Flamethrower|p2a: Serperior\n|-supereffective|p2a: Serperior\n|-end|p2a: Serperior|Substitute\n|\n|-heal|p2a: Serperior|83\/100|[from] item: Leftovers\n|upkeep\n|turn|12\n|\n|t:|1700604927\n|move|p2a: Serperior|Leaf Storm|p1a: Chansey\n|-damage|p1a: Chansey|1\/100\n|move|p1a: Chansey|Soft-Boiled|p1a: Chansey\n|-heal|p1a: Chansey|51\/100\n|\n|-heal|p2a: Serperior|90\/100|[from] item: Leftovers\n|upkeep\n|turn|13\n|\n|t:|1700604933\n|move|p2a: Serperior|Substitute|p2a: Serperior\n|-start|p2a: Serperior|Substitute\n|-damage|p2a: Serperior|65\/100\n|move|p1a: Chansey|Soft-Boiled|p1a: Chansey\n|-heal|p1a: Chansey|100\/100\n|\n|-heal|p2a: Serperior|71\/100|[from] item: Leftovers\n|upkeep\n|turn|14\n|\n|t:|1700604941\n|move|p2a: Serperior|Hidden Power|p1a: Chansey\n|-damage|p1a: Chansey|89\/100\n|move|p1a: Chansey|Soft-Boiled|p1a: Chansey\n|-heal|p1a: Chansey|100\/100\n|\n|-heal|p2a: Serperior|77\/100|[from] item: Leftovers\n|upkeep\n|turn|15\n|\n|t:|1700604946\n|move|p2a: Serperior|Hidden Power|p1a: Chansey\n|-damage|p1a: Chansey|87\/100\n|move|p1a: Chansey|Flamethrower|p2a: Serperior\n|-supereffective|p2a: Serperior\n|-activate|p2a: Serperior|move: Substitute|[damage]\n|\n|-heal|p2a: Serperior|83\/100|[from] item: Leftovers\n|upkeep\n|turn|16\n|\n|t:|1700604951\n|switch|p2a: Gliscor|Gliscor, M, shiny, tera:Fairy|100\/100 tox\n|-damage|p2a: Gliscor|88\/100 tox|[from] Stealth Rock\n|move|p1a: Chansey|Flamethrower|p2a: Gliscor\n|-damage|p2a: Gliscor|80\/100 tox\n|\n|-heal|p2a: Gliscor|93\/100 tox|[from] ability: Poison Heal\n|upkeep\n|turn|17\n|\n|t:|1700604971\n|switch|p2a: Samurott|Samurott-Hisui, M|100\/100\n|-damage|p2a: Samurott|88\/100|[from] Stealth Rock\n|switch|p1a: Dondozo|Dondozo, F, shiny|95\/100\n|\n|-heal|p1a: Dondozo|100\/100|[from] item: Leftovers\n|upkeep\n|turn|18\n|\n|t:|1700604978\n|move|p2a: Samurott|Ceaseless Edge|p1a: Dondozo\n|-damage|p1a: Dondozo|73\/100\n|-sidestart|p1: PokeUsername12|Spikes\n|move|p1a: Dondozo|Yawn|p2a: Samurott\n|-start|p2a: Samurott|move: Yawn|[of] p1a: Dondozo\n|\n|-heal|p1a: Dondozo|79\/100|[from] item: Leftovers\n|upkeep\n|turn|19\n|\n|t:|1700604984\n|switch|p2a: Gliscor|Gliscor, M, shiny, tera:Fairy|93\/100 tox\n|-damage|p2a: Gliscor|80\/100 tox|[from] Stealth Rock\n|move|p1a: Dondozo|Yawn||[still]\n|-fail|p1a: Dondozo\n|\n|-heal|p1a: Dondozo|85\/100|[from] item: Leftovers\n|-heal|p2a: Gliscor|93\/100 tox|[from] ability: Poison Heal\n|upkeep\n|turn|20\n|\n|t:|1700604998\n|switch|p2a: Zapdos|Zapdos|100\/100\n|move|p1a: Dondozo|Curse|p1a: Dondozo\n|-unboost|p1a: Dondozo|spe|1\n|-boost|p1a: Dondozo|atk|1\n|-boost|p1a: Dondozo|def|1\n|\n|-heal|p1a: Dondozo|91\/100|[from] item: Leftovers\n|upkeep\n|turn|21\n|\n|t:|1700605010\n|switch|p1a: Chansey|Chansey, F|87\/100\n|-damage|p1a: Chansey|75\/100|[from] Spikes\n|move|p2a: Zapdos|Volt Switch|p1a: Chansey\n|-damage|p1a: Chansey|68\/100\n|\n|t:|1700605018\n|switch|p2a: Samurott|Samurott-Hisui, M|88\/100|[from] Volt Switch\n|-damage|p2a: Samurott|76\/100|[from] Stealth Rock\n|\n|upkeep\n|turn|22\n|\n|t:|1700605042\n|switch|p1a: Tropius|Tropius, M|100\/100\n|move|p2a: Samurott|Ceaseless Edge|p1a: Tropius\n|-damage|p1a: Tropius|29\/100\n|-sidestart|p1: PokeUsername12|Spikes\n|-enditem|p1a: Tropius|Sitrus Berry|[eat]\n|-heal|p1a: Tropius|54\/100|[from] item: Sitrus Berry\n|\n|upkeep\n|turn|23\n|\n|t:|1700605051\n|move|p2a: Samurott|Ceaseless Edge|p1a: Tropius\n|-crit|p1a: Tropius\n|-damage|p1a: Tropius|0 fnt\n|-sidestart|p1: PokeUsername12|Spikes\n|faint|p1a: Tropius\n|\n|upkeep\n|\n|t:|1700605056\n|switch|p1a: Great Tusk|Great Tusk|100\/100\n|-damage|p1a: Great Tusk|76\/100|[from] Spikes\n|turn|24\n|\n|t:|1700605064\n|switch|p2a: Zapdos|Zapdos|100\/100\n|move|p1a: Great Tusk|Close Combat|p2a: Zapdos\n|-resisted|p2a: Zapdos\n|-damage|p2a: Zapdos|76\/100\n|-unboost|p1a: Great Tusk|def|1\n|-unboost|p1a: Great Tusk|spd|1\n|\n|upkeep\n|turn|25\n|\n|t:|1700605076\n|move|p1a: Great Tusk|Ice Spinner|p2a: Zapdos\n|-supereffective|p2a: Zapdos\n|-damage|p2a: Zapdos|34\/100\n|move|p2a: Zapdos|Hurricane|p1a: Great Tusk|[miss]\n|-miss|p2a: Zapdos|p1a: Great Tusk\n|\n|upkeep\n|turn|26\n|\n|t:|1700605083\n|switch|p2a: Gliscor|Gliscor, M, shiny, tera:Fairy|93\/100 tox\n|-damage|p2a: Gliscor|80\/100 tox|[from] Stealth Rock\n|move|p1a: Great Tusk|Rapid Spin|p2a: Gliscor\n|-damage|p2a: Gliscor|65\/100 tox\n|-boost|p1a: Great Tusk|spe|1\n|-sideend|p1: PokeUsername12|Spikes|[from] move: Rapid Spin|[of] p1a: Great Tusk\n|\n|-heal|p2a: Gliscor|78\/100 tox|[from] ability: Poison Heal\n|upkeep\n|turn|27\n|\n|t:|1700605097\n|move|p1a: Great Tusk|Headlong Rush|p2a: Gliscor\n|-damage|p2a: Gliscor|24\/100 tox\n|-unboost|p1a: Great Tusk|def|1\n|-unboost|p1a: Great Tusk|spd|1\n|move|p2a: Gliscor|Earthquake|p1a: Great Tusk\n|-damage|p1a: Great Tusk|26\/100\n|\n|-heal|p2a: Gliscor|36\/100 tox|[from] ability: Poison Heal\n|upkeep\n|turn|28\n|\n|t:|1700605106\n|switch|p2a: Zapdos|Zapdos|34\/100\n|move|p1a: Great Tusk|Headlong Rush|p2a: Zapdos\n|-immune|p2a: Zapdos\n|\n|upkeep\n|turn|29\n|\n|t:|1700605116\n|move|p1a: Great Tusk|Ice Spinner|p2a: Zapdos\n|-supereffective|p2a: Zapdos\n|-damage|p2a: Zapdos|0 fnt\n|-status|p1a: Great Tusk|par|[from] ability: Static|[of] p2a: Zapdos\n|faint|p2a: Zapdos\n|\n|upkeep\n|\n|t:|1700605124\n|switch|p2a: Samurott|Samurott-Hisui, M|76\/100\n|-damage|p2a: Samurott|63\/100|[from] Stealth Rock\n|turn|30\n|\n|t:|1700605132\n|move|p2a: Samurott|Ceaseless Edge|p1a: Great Tusk\n|-resisted|p1a: Great Tusk\n|-damage|p1a: Great Tusk|0 fnt\n|-sidestart|p1: PokeUsername12|Spikes\n|faint|p1a: Great Tusk\n|-end|p1a: Great Tusk|Protosynthesis|[silent]\n|\n|upkeep\n|\n|t:|1700605141\n|switch|p1a: Beedrill|Beedrill, F|100\/100\n|-damage|p1a: Beedrill|88\/100|[from] Spikes\n|turn|31\n|\n|t:|1700605148\n|switch|p2a: Serperior|Serperior, F|83\/100\n|-damage|p2a: Serperior|71\/100|[from] Stealth Rock\n|detailschange|p1a: Beedrill|Beedrill-Mega, F\n|-mega|p1a: Beedrill|Beedrill|Beedrillite\n|move|p1a: Beedrill|Fell Stinger|p2a: Serperior\n|-supereffective|p2a: Serperior\n|-damage|p2a: Serperior|0 fnt\n|faint|p2a: Serperior\n|-boost|p1a: Beedrill|atk|3\n|\n|upkeep\n|\n|t:|1700605154\n|switch|p2a: Tapu Lele|Tapu Lele|56\/100\n|-damage|p2a: Tapu Lele|44\/100|[from] Stealth Rock\n|-fieldstart|move: Psychic Terrain|[from] ability: Psychic Surge|[of] p2a: Tapu Lele\n|turn|32\n|\n|t:|1700605159\n|move|p2a: Tapu Lele|Psychic|p1a: Beedrill\n|-supereffective|p1a: Beedrill\n|-damage|p1a: Beedrill|0 fnt\n|faint|p1a: Beedrill\n|\n|upkeep\n|\n|t:|1700605165\n|switch|p1a: Chansey|Chansey, F|68\/100\n|-damage|p1a: Chansey|56\/100|[from] Spikes\n|turn|33\n|\n|t:|1700605170\n|switch|p2a: Gliscor|Gliscor, M, shiny, tera:Fairy|36\/100 tox\n|-damage|p2a: Gliscor|24\/100 tox|[from] Stealth Rock\n|-terastallize|p1a: Chansey|Dark\n|move|p1a: Chansey|Toxic|p2a: Gliscor\n|-fail|p2a: Gliscor|tox\n|\n|-heal|p2a: Gliscor|36\/100 tox|[from] ability: Poison Heal\n|upkeep\n|turn|34\n|\n|t:|1700605186\n|switch|p1a: Dondozo|Dondozo, F, shiny|91\/100\n|-damage|p1a: Dondozo|79\/100|[from] Spikes\n|move|p2a: Gliscor|Roost|p2a: Gliscor\n|-heal|p2a: Gliscor|86\/100 tox\n|\n|-heal|p1a: Dondozo|85\/100|[from] item: Leftovers\n|-heal|p2a: Gliscor|99\/100 tox|[from] ability: Poison Heal\n|upkeep\n|turn|35\n|\n|t:|1700605196\n|switch|p2a: Samurott|Samurott-Hisui, M|63\/100\n|-damage|p2a: Samurott|51\/100|[from] Stealth Rock\n|move|p1a: Dondozo|Wave Crash|p2a: Samurott\n|-resisted|p2a: Samurott\n|-damage|p2a: Samurott|24\/100\n|-damage|p1a: Dondozo|79\/100|[from] Recoil\n|\n|-heal|p1a: Dondozo|85\/100|[from] item: Leftovers\n|upkeep\n|turn|36\n|\n|t:|1700605205\n|move|p2a: Samurott|Ceaseless Edge|p1a: Dondozo|[miss]\n|-miss|p2a: Samurott|p1a: Dondozo\n|move|p1a: Dondozo|Wave Crash|p2a: Samurott\n|-resisted|p2a: Samurott\n|-damage|p2a: Samurott|0 fnt\n|faint|p2a: Samurott\n|-damage|p1a: Dondozo|81\/100|[from] Recoil\n|\n|-heal|p1a: Dondozo|87\/100|[from] item: Leftovers\n|-fieldend|move: Psychic Terrain\n|upkeep\n|\n|t:|1700605223\n|switch|p2a: Tapu Lele|Tapu Lele|44\/100\n|-damage|p2a: Tapu Lele|31\/100|[from] Stealth Rock\n|-fieldstart|move: Psychic Terrain|[from] ability: Psychic Surge|[of] p2a: Tapu Lele\n|turn|37\n|\n|t:|1700605227\n|switch|p1a: Chansey|Chansey, F, tera:Dark|56\/100\n|-damage|p1a: Chansey|43\/100|[from] Spikes\n|move|p2a: Tapu Lele|Moonblast|p1a: Chansey\n|-supereffective|p1a: Chansey\n|-damage|p1a: Chansey|20\/100\n|-unboost|p1a: Chansey|spa|1\n|\n|upkeep\n|turn|38\n|\n|t:|1700605237\n|move|p2a: Tapu Lele|Moonblast|p1a: Chansey\n|-supereffective|p1a: Chansey\n|-damage|p1a: Chansey|0 fnt\n|faint|p1a: Chansey\n|\n|upkeep\n|\n|t:|1700605241\n|switch|p1a: Dondozo|Dondozo, F, shiny|87\/100\n|-damage|p1a: Dondozo|74\/100|[from] Spikes\n|turn|39\n|\n|t:|1700605254\n|move|p2a: Tapu Lele|Moonblast|p1a: Dondozo\n|-damage|p1a: Dondozo|24\/100\n|move|p1a: Dondozo|Wave Crash|p2a: Tapu Lele\n|-damage|p2a: Tapu Lele|0 fnt\n|faint|p2a: Tapu Lele\n|-damage|p1a: Dondozo|19\/100|[from] Recoil\n|\n|-heal|p1a: Dondozo|25\/100|[from] item: Leftovers\n|upkeep\n|\n|t:|1700605264\n|switch|p2a: Heatran|Heatran, M|100\/100\n|-damage|p2a: Heatran|88\/100|[from] Stealth Rock\n|turn|40\n|\n|t:|1700605280\n|move|p2a: Heatran|Taunt|p1a: Dondozo\n|-start|p1a: Dondozo|move: Taunt\n|cant|p1a: Dondozo|move: Taunt|Rest\n|\n|-heal|p2a: Heatran|94\/100|[from] item: Leftovers\n|-heal|p1a: Dondozo|31\/100|[from] item: Leftovers\n|upkeep\n|turn|41\n|\n|t:|1700605286\n|move|p2a: Heatran|Magma Storm|p1a: Dondozo\n|-resisted|p1a: Dondozo\n|-damage|p1a: Dondozo|11\/100\n|-activate|p1a: Dondozo|move: Magma Storm|[of] p2a: Heatran\n|move|p1a: Dondozo|Wave Crash|p2a: Heatran\n|-supereffective|p2a: Heatran\n|-damage|p2a: Heatran|27\/100\n|-damage|p1a: Dondozo|0 fnt|[from] Recoil\n|faint|p1a: Dondozo\n|\n|-heal|p2a: Heatran|33\/100|[from] item: Leftovers\n|-fieldend|move: Psychic Terrain\n|upkeep\n|\n|t:|1700605289\n|switch|p1a: Omastar|Omastar, F|100\/100\n|-damage|p1a: Omastar|88\/100|[from] Spikes\n|turn|42\n|\n|t:|1700605299\n|move|p1a: Omastar|Shell Smash|p1a: Omastar\n|-unboost|p1a: Omastar|def|1\n|-unboost|p1a: Omastar|spd|1\n|-boost|p1a: Omastar|atk|2\n|-boost|p1a: Omastar|spa|2\n|-boost|p1a: Omastar|spe|2\n|move|p2a: Heatran|Taunt|p1a: Omastar\n|-start|p1a: Omastar|move: Taunt\n|\n|-heal|p2a: Heatran|39\/100|[from] item: Leftovers\n|upkeep\n|turn|43\n|\n|t:|1700605304\n|move|p1a: Omastar|Surf|p2a: Heatran\n|-supereffective|p2a: Heatran\n|-damage|p2a: Heatran|0 fnt\n|faint|p2a: Heatran\n|\n|upkeep\n|\n|t:|1700605307\n|switch|p2a: Gliscor|Gliscor, M, shiny, tera:Fairy|99\/100 tox\n|-damage|p2a: Gliscor|86\/100 tox|[from] Stealth Rock\n|turn|44\n|\n|t:|1700605311\n|move|p1a: Omastar|Surf|p2a: Gliscor\n|-damage|p2a: Gliscor|19\/100 tox\n|move|p2a: Gliscor|Earthquake|p1a: Omastar\n|-supereffective|p1a: Omastar\n|-damage|p1a: Omastar|0 fnt\n|faint|p1a: Omastar\n|\n|win|ZenDaruma\n|raw|PokeUsername12's rating: 1381 &rarr; <strong>1358<\/strong><br \/>(-23 for losing)\n|raw|ZenDaruma's rating: 1323 &rarr; <strong>1346<\/strong><br \/>(+23 for winning)\n|l|\u2606PokeUsername12\n","uploadtime":1700605320,"views":0,"p1id":"pokeusername12","p2id":"zendaruma","formatid":"gen9nationaldex","rating":1346,"private":0,"password":""}