{"id":"gen9nationaldex-1991192700","p1":"NickrileyII","p2":"runeatest","format":"[Gen 9] National Dex","log":"|j|\u2606NickrileyII\n|j|\u2606runeatest\n|t:|1700055628\n|gametype|singles\n|player|p1|NickrileyII|cyclist-gen4|1141\n|player|p2|runeatest|fisherman-gen4|1261\n|teamsize|p1|6\n|teamsize|p2|6\n|gen|9\n|tier|[Gen 9] National Dex\n|rated|\n|rule|HP Percentage Mod: HP is shown in percentages\n|rule|Endless Battle Clause: Forcing endless battles is banned\n|rule|OHKO Clause: OHKO moves are banned\n|rule|Evasion Clause: Evasion abilities, items, and moves are banned\n|rule|Evasion Abilities Clause: Evasion abilities are banned\n|rule|Evasion Items Clause: Evasion items are banned\n|rule|Evasion Moves Clause: Evasion moves are banned\n|rule|Species Clause: Limit one of each Pok\u00e9mon\n|rule|Sleep Clause Mod: Limit one foe put to sleep\n|clearpoke\n|poke|p1|Gallade, M|\n|poke|p1|Crawdaunt, M|\n|poke|p1|Landorus-Therian, M|\n|poke|p1|Heatran, M|\n|poke|p1|Jolteon, M|\n|poke|p1|Dragalge, M|\n|poke|p2|Sylveon, M|\n|poke|p2|Haxorus, M|\n|poke|p2|Linoone, M|\n|poke|p2|Manectric, M|\n|poke|p2|Krookodile, M|\n|poke|p2|Mantine, F|\n|teampreview\n|inactive|Battle timer is ON: inactive players will automatically lose when time's up. (requested by NickrileyII)\n|inactive|runeatest also wants the timer to be on.\n|\n|t:|1700055637\n|start\n|switch|p1a: Heatran|Heatran, M|100\/100\n|switch|p2a: Krookodile|Krookodile, M|100\/100\n|-ability|p2a: Krookodile|Intimidate|boost\n|-unboost|p1a: Heatran|atk|1\n|turn|1\n|\n|t:|1700055646\n|move|p1a: Heatran|Earth Power|p2a: Krookodile\n|-damage|p2a: Krookodile|66\/100\n|move|p2a: Krookodile|Taunt|p1a: Heatran\n|-start|p1a: Heatran|move: Taunt\n|\n|upkeep\n|turn|2\n|\n|t:|1700055653\n|move|p1a: Heatran|Earth Power|p2a: Krookodile\n|-damage|p2a: Krookodile|27\/100\n|move|p2a: Krookodile|Stealth Rock|p1a: Heatran\n|-sidestart|p1: NickrileyII|move: Stealth Rock\n|\n|upkeep\n|turn|3\n|\n|t:|1700055660\n|move|p1a: Heatran|Earth Power|p2a: Krookodile\n|-damage|p2a: Krookodile|0 fnt\n|faint|p2a: Krookodile\n|\n|upkeep\n|\n|t:|1700055664\n|switch|p2a: Linoone|Linoone, M|100\/100\n|turn|4\n|\n|t:|1700055672\n|switch|p1a: Landorus|Landorus-Therian, M|100\/100\n|-damage|p1a: Landorus|88\/100|[from] Stealth Rock\n|-ability|p1a: Landorus|Intimidate|boost\n|-unboost|p2a: Linoone|atk|1\n|move|p2a: Linoone|Belly Drum|p2a: Linoone\n|-damage|p2a: Linoone|50\/100\n|-setboost|p2a: Linoone|atk|6|[from] move: Belly Drum\n|-enditem|p2a: Linoone|Mago Berry|[eat]\n|-heal|p2a: Linoone|84\/100|[from] item: Mago Berry\n|\n|-heal|p1a: Landorus|94\/100|[from] item: Leftovers\n|upkeep\n|turn|5\n|\n|t:|1700055692\n|move|p2a: Linoone|Extreme Speed|p1a: Landorus\n|-damage|p1a: Landorus|16\/100\n|move|p1a: Landorus|Defog|p2a: Linoone\n|-unboost|p2a: Linoone|evasion|1\n|-sideend|p1: NickrileyII|Stealth Rock|[from] move: Defog|[of] p1a: Landorus\n|\n|-heal|p1a: Landorus|22\/100|[from] item: Leftovers\n|upkeep\n|turn|6\n|\n|t:|1700055708\n|switch|p1a: Heatran|Heatran, M|100\/100\n|move|p2a: Linoone|Extreme Speed|p1a: Heatran\n|-resisted|p1a: Heatran\n|-damage|p1a: Heatran|49\/100\n|\n|upkeep\n|turn|7\n|\n|t:|1700055717\n|move|p1a: Heatran|Overheat|p2a: Linoone\n|-damage|p2a: Linoone|0 fnt\n|-unboost|p1a: Heatran|spa|2\n|faint|p2a: Linoone\n|\n|upkeep\n|\n|t:|1700055723\n|switch|p2a: Haxorus|Haxorus, M, shiny|100\/100\n|-ability|p2a: Haxorus|Mold Breaker\n|turn|8\n|\n|t:|1700055737\n|move|p1a: Heatran|Overheat|p2a: Haxorus\n|-resisted|p2a: Haxorus\n|-damage|p2a: Haxorus|73\/100\n|-unboost|p1a: Heatran|spa|2\n|move|p2a: Haxorus|Dragon Dance|p2a: Haxorus\n|-boost|p2a: Haxorus|atk|1\n|-boost|p2a: Haxorus|spe|1\n|\n|upkeep\n|turn|9\n|inactive|NickrileyII has 120 seconds left.\n|inactive|runeatest has 120 seconds left.\n|\n|t:|1700055777\n|switch|p1a: Dragalge|Dragalge, M|100\/100\n|move|p2a: Haxorus|Earthquake|p1a: Dragalge\n|-supereffective|p1a: Dragalge\n|-damage|p1a: Dragalge|0 fnt\n|faint|p1a: Dragalge\n|\n|upkeep\n|inactive|NickrileyII has 120 seconds left.\n|\n|t:|1700055784\n|switch|p1a: Jolteon|Jolteon, M|100\/100\n|turn|10\n|\n|t:|1700055792\n|switch|p1a: Landorus|Landorus-Therian, M|22\/100\n|-ability|p1a: Landorus|Intimidate|boost\n|-unboost|p2a: Haxorus|atk|1\n|move|p2a: Haxorus|Earthquake|p1a: Landorus\n|-immune|p1a: Landorus\n|\n|-heal|p1a: Landorus|29\/100|[from] item: Leftovers\n|upkeep\n|turn|11\n|\n|t:|1700055803\n|move|p2a: Haxorus|Dragon Dance|p2a: Haxorus\n|-boost|p2a: Haxorus|atk|1\n|-boost|p2a: Haxorus|spe|1\n|move|p1a: Landorus|Earthquake|p2a: Haxorus\n|-damage|p2a: Haxorus|13\/100\n|\n|-heal|p1a: Landorus|35\/100|[from] item: Leftovers\n|upkeep\n|turn|12\n|\n|t:|1700055813\n|move|p2a: Haxorus|Dragon Claw|p1a: Landorus\n|-damage|p1a: Landorus|0 fnt\n|faint|p1a: Landorus\n|\n|upkeep\n|\n|t:|1700055819\n|switch|p1a: Crawdaunt|Crawdaunt, M|100\/100\n|turn|13\n|\n|t:|1700055823\n|move|p1a: Crawdaunt|Aqua Jet|p2a: Haxorus\n|-resisted|p2a: Haxorus\n|-damage|p2a: Haxorus|0 fnt\n|faint|p2a: Haxorus\n|\n|upkeep\n|\n|t:|1700055831\n|switch|p2a: Mantine|Mantine, F|100\/100\n|turn|14\n|\n|t:|1700055837\n|move|p2a: Mantine|Air Slash|p1a: Crawdaunt\n|-damage|p1a: Crawdaunt|56\/100\n|move|p1a: Crawdaunt|Swords Dance|p1a: Crawdaunt\n|-boost|p1a: Crawdaunt|atk|2\n|\n|upkeep\n|turn|15\n|\n|t:|1700055851\n|move|p2a: Mantine|Air Slash|p1a: Crawdaunt\n|-damage|p1a: Crawdaunt|15\/100\n|cant|p1a: Crawdaunt|flinch\n|\n|upkeep\n|turn|16\n|\n|t:|1700055862\n|switch|p1a: Heatran|Heatran, M|49\/100\n|move|p2a: Mantine|Air Slash|p1a: Heatran\n|-resisted|p1a: Heatran\n|-damage|p1a: Heatran|39\/100\n|\n|upkeep\n|turn|17\n|\n|t:|1700055875\n|move|p1a: Heatran|Overheat|p2a: Mantine\n|-resisted|p2a: Mantine\n|-crit|p2a: Mantine\n|-damage|p2a: Mantine|66\/100\n|-unboost|p1a: Heatran|spa|2\n|move|p2a: Mantine|Hydro Pump|p1a: Heatran\n|-supereffective|p1a: Heatran\n|-damage|p1a: Heatran|0 fnt\n|faint|p1a: Heatran\n|\n|-heal|p2a: Mantine|72\/100|[from] item: Leftovers\n|upkeep\n|\n|t:|1700055884\n|switch|p1a: Jolteon|Jolteon, M|100\/100\n|turn|18\n|\n|t:|1700055897\n|switch|p2a: Manectric|Manectric, M|100\/100\n|move|p1a: Jolteon|Hidden Power|p2a: Manectric\n|-damage|p2a: Manectric|68\/100\n|\n|-status|p1a: Jolteon|brn|[from] item: Flame Orb\n|upkeep\n|turn|19\n|\n|t:|1700055905\n|detailschange|p2a: Manectric|Manectric-Mega, M\n|-mega|p2a: Manectric|Manectric|Manectite\n|-ability|p2a: Manectric|Intimidate|boost\n|-unboost|p1a: Jolteon|atk|1\n|move|p1a: Jolteon|Calm Mind|p1a: Jolteon\n|-boost|p1a: Jolteon|spa|1\n|-boost|p1a: Jolteon|spd|1\n|move|p2a: Manectric|Flamethrower|p1a: Jolteon\n|-damage|p1a: Jolteon|68\/100 brn\n|\n|-damage|p1a: Jolteon|62\/100 brn|[from] brn\n|upkeep\n|turn|20\n|\n|t:|1700055916\n|move|p1a: Jolteon|Calm Mind|p1a: Jolteon\n|-boost|p1a: Jolteon|spa|1\n|-boost|p1a: Jolteon|spd|1\n|move|p2a: Manectric|Flamethrower|p1a: Jolteon\n|-damage|p1a: Jolteon|37\/100 brn\n|\n|-damage|p1a: Jolteon|31\/100 brn|[from] brn\n|upkeep\n|turn|21\n|\n|t:|1700055929\n|move|p1a: Jolteon|Hidden Power|p2a: Manectric\n|-damage|p2a: Manectric|11\/100\n|move|p2a: Manectric|Hyper Voice|p1a: Jolteon\n|-damage|p1a: Jolteon|8\/100 brn\n|\n|-damage|p1a: Jolteon|2\/100 brn|[from] brn\n|upkeep\n|turn|22\n|\n|t:|1700055937\n|move|p1a: Jolteon|Hidden Power|p2a: Manectric\n|-damage|p2a: Manectric|0 fnt\n|faint|p2a: Manectric\n|\n|-damage|p1a: Jolteon|0 fnt|[from] brn\n|faint|p1a: Jolteon\n|upkeep\n|\n|t:|1700055951\n|switch|p1a: Crawdaunt|Crawdaunt, M|15\/100\n|switch|p2a: Mantine|Mantine, F|72\/100\n|turn|23\n|\n|t:|1700055959\n|move|p1a: Crawdaunt|Aqua Jet|p2a: Mantine\n|-heal|p2a: Mantine|97\/100|[from] ability: Water Absorb|[of] p1a: Crawdaunt\n|move|p2a: Mantine|Air Slash|p1a: Crawdaunt\n|-damage|p1a: Crawdaunt|0 fnt\n|faint|p1a: Crawdaunt\n|\n|-heal|p2a: Mantine|100\/100|[from] item: Leftovers\n|upkeep\n|\n|t:|1700055966\n|switch|p1a: Gallade|Gallade, M|100\/100\n|turn|24\n|\n|t:|1700055970\n|detailschange|p1a: Gallade|Gallade-Mega, M\n|-mega|p1a: Gallade|Gallade|Galladite\n|move|p1a: Gallade|Thunder Punch|p2a: Mantine\n|-supereffective|p2a: Mantine\n|-damage|p2a: Mantine|0 fnt\n|faint|p2a: Mantine\n|\n|upkeep\n|\n|t:|1700055975\n|switch|p2a: Sylveon|Sylveon, M, shiny|100\/100\n|turn|25\n|\n|t:|1700055984\n|move|p1a: Gallade|Zen Headbutt|p2a: Sylveon\n|-damage|p2a: Sylveon|34\/100\n|move|p2a: Sylveon|Hyper Voice|p1a: Gallade\n|-supereffective|p1a: Gallade\n|-damage|p1a: Gallade|0 fnt\n|faint|p1a: Gallade\n|\n|win|runeatest\n|raw|NickrileyII's rating: 1141 &rarr; <strong>1124<\/strong><br \/>(-17 for losing)\n|raw|runeatest's rating: 1261 &rarr; <strong>1278<\/strong><br \/>(+17 for winning)\n|l|\u2606NickrileyII\n","uploadtime":1700055996,"views":6,"p1id":"nickrileyii","p2id":"runeatest","formatid":"gen9nationaldex","rating":1124,"private":0,"password":""}