{"id":"gen9nationaldex-1992860903","p1":"testing a funni3","p2":"espwn","format":"[Gen 9] National Dex","log":"|j|\u2606testing a funni3\n|j|\u2606espwn\n|t:|1700241774\n|gametype|singles\n|player|p1|testing a funni3|unknownf|1460\n|player|p2|espwn|hiker-gen4|1368\n|teamsize|p1|6\n|teamsize|p2|6\n|gen|9\n|tier|[Gen 9] National Dex\n|rated|\n|rule|HP Percentage Mod: HP is shown in percentages\n|rule|Endless Battle Clause: Forcing endless battles is banned\n|rule|OHKO Clause: OHKO moves are banned\n|rule|Evasion Clause: Evasion abilities, items, and moves are banned\n|rule|Evasion Abilities Clause: Evasion abilities are banned\n|rule|Evasion Items Clause: Evasion items are banned\n|rule|Evasion Moves Clause: Evasion moves are banned\n|rule|Species Clause: Limit one of each Pok\u00e9mon\n|rule|Sleep Clause Mod: Limit one foe put to sleep\n|clearpoke\n|poke|p1|Latios, M|\n|poke|p1|Buzzwole|\n|poke|p1|Gliscor, F|\n|poke|p1|Weavile, M|\n|poke|p1|Heatran, F|\n|poke|p1|Ogerpon-Wellspring, F|\n|poke|p2|Zamazenta-*|\n|poke|p2|Bisharp, M|\n|poke|p2|Charizard, M|\n|poke|p2|Great Tusk|\n|poke|p2|Toxapex, F|\n|poke|p2|Tapu Lele|\n|teampreview\n|\n|t:|1700241784\n|start\n|switch|p1a: Weavile|Weavile, M|100\/100\n|switch|p2a: Patrick|Toxapex, F|100\/100\n|-ability|p1a: Weavile|Pressure\n|turn|1\n|\n|t:|1700241791\n|switch|p1a: Gliscor|Gliscor, F|100\/100\n|move|p2a: Patrick|Scald|p1a: Gliscor\n|-supereffective|p1a: Gliscor\n|-damage|p1a: Gliscor|72\/100\n|\n|-status|p1a: Gliscor|tox|[from] item: Toxic Orb\n|upkeep\n|turn|2\n|\n|t:|1700241798\n|switch|p2a: Alatreon|Charizard, M, shiny|100\/100\n|move|p1a: Gliscor|Earthquake|p2a: Alatreon\n|-immune|p2a: Alatreon\n|\n|-heal|p1a: Gliscor|84\/100 tox|[from] ability: Poison Heal\n|upkeep\n|turn|3\n|\n|t:|1700241804\n|detailschange|p2a: Alatreon|Charizard-Mega-Y, M, shiny\n|-mega|p2a: Alatreon|Charizard|Charizardite Y\n|-weather|SunnyDay|[from] ability: Drought|[of] p2a: Alatreon\n|move|p2a: Alatreon|Weather Ball|p1a: Gliscor\n|-damage|p1a: Gliscor|3\/100 tox\n|move|p1a: Gliscor|Toxic|p2a: Alatreon\n|-status|p2a: Alatreon|tox\n|\n|-weather|SunnyDay|[upkeep]\n|-damage|p2a: Alatreon|94\/100 tox|[from] psn\n|-heal|p1a: Gliscor|16\/100 tox|[from] ability: Poison Heal\n|upkeep\n|turn|4\n|\n|t:|1700241811\n|switch|p1a: Latios|Latios, M|100\/100\n|move|p2a: Alatreon|Air Slash|p1a: Latios\n|-damage|p1a: Latios|55\/100\n|\n|-weather|SunnyDay|[upkeep]\n|-damage|p2a: Alatreon|82\/100 tox|[from] psn\n|upkeep\n|turn|5\n|\n|t:|1700241829\n|switch|p2a: Patrick|Toxapex, F|100\/100\n|detailschange|p1a: Latios|Latios-Mega, M\n|-mega|p1a: Latios|Latios|Latiosite\n|move|p1a: Latios|Psychic|p2a: Patrick\n|-supereffective|p2a: Patrick\n|-damage|p2a: Patrick|35\/100\n|\n|-weather|SunnyDay|[upkeep]\n|-heal|p2a: Patrick|42\/100|[from] item: Black Sludge\n|upkeep\n|turn|6\n|inactive|Battle timer is ON: inactive players will automatically lose when time's up. (requested by testing a funni3)\n|\n|t:|1700241834\n|move|p2a: Patrick|Baneful Bunker|p2a: Patrick\n|-singleturn|p2a: Patrick|move: Protect\n|move|p1a: Latios|Psychic|p2a: Patrick\n|-activate|p2a: Patrick|move: Protect\n|\n|-weather|SunnyDay|[upkeep]\n|-heal|p2a: Patrick|48\/100|[from] item: Black Sludge\n|upkeep\n|turn|7\n|\n|t:|1700241837\n|switch|p2a: Jacob|Bisharp, M|100\/100\n|move|p1a: Latios|Psychic|p2a: Jacob\n|-immune|p2a: Jacob\n|\n|-weather|none\n|upkeep\n|turn|8\n|\n|t:|1700241844\n|move|p1a: Latios|Roost|p1a: Latios\n|-heal|p1a: Latios|100\/100\n|-singleturn|p1a: Latios|move: Roost\n|move|p2a: Jacob|Pursuit|p1a: Latios\n|-supereffective|p1a: Latios\n|-damage|p1a: Latios|38\/100\n|\n|upkeep\n|turn|9\n|\n|t:|1700241849\n|move|p1a: Latios|Aura Sphere|p2a: Jacob\n|-supereffective|p2a: Jacob\n|-damage|p2a: Jacob|0 fnt\n|faint|p2a: Jacob\n|\n|upkeep\n|\n|t:|1700241866\n|switch|p2a: Shmebulock|Tapu Lele|100\/100\n|-fieldstart|move: Psychic Terrain|[from] ability: Psychic Surge|[of] p2a: Shmebulock\n|turn|10\n|\n|t:|1700241872\n|switch|p1a: Heatran|Heatran, F|100\/100\n|move|p2a: Shmebulock|Psychic|p1a: Heatran\n|-resisted|p1a: Heatran\n|-damage|p1a: Heatran|72\/100\n|\n|-heal|p1a: Heatran|78\/100|[from] item: Leftovers\n|upkeep\n|turn|11\n|\n|t:|1700241882\n|switch|p2a: Patrick|Toxapex, F|81\/100\n|move|p1a: Heatran|Magma Storm|p2a: Patrick\n|-resisted|p2a: Patrick\n|-damage|p2a: Patrick|68\/100\n|-activate|p2a: Patrick|move: Magma Storm|[of] p1a: Heatran\n|\n|-heal|p1a: Heatran|84\/100|[from] item: Leftovers\n|-heal|p2a: Patrick|75\/100|[from] item: Black Sludge\n|-damage|p2a: Patrick|62\/100|[from] move: Magma Storm|[partiallytrapped]\n|upkeep\n|turn|12\n|\n|t:|1700241887\n|move|p1a: Heatran|Taunt|p2a: Patrick\n|-start|p2a: Patrick|move: Taunt\n|move|p2a: Patrick|Scald|p1a: Heatran\n|-supereffective|p1a: Heatran\n|-damage|p1a: Heatran|62\/100\n|\n|-heal|p1a: Heatran|69\/100|[from] item: Leftovers\n|-heal|p2a: Patrick|68\/100|[from] item: Black Sludge\n|-damage|p2a: Patrick|56\/100|[from] move: Magma Storm|[partiallytrapped]\n|upkeep\n|turn|13\n|\n|t:|1700241889\n|move|p1a: Heatran|Earth Power|p2a: Patrick\n|-supereffective|p2a: Patrick\n|-damage|p2a: Patrick|20\/100\n|move|p2a: Patrick|Scald|p1a: Heatran\n|-supereffective|p1a: Heatran\n|-damage|p1a: Heatran|48\/100\n|\n|-heal|p1a: Heatran|54\/100|[from] item: Leftovers\n|-heal|p2a: Patrick|26\/100|[from] item: Black Sludge\n|-damage|p2a: Patrick|14\/100|[from] move: Magma Storm|[partiallytrapped]\n|upkeep\n|turn|14\n|\n|t:|1700241895\n|move|p1a: Heatran|Stealth Rock|p2a: Patrick\n|-sidestart|p2: espwn|move: Stealth Rock\n|move|p2a: Patrick|Scald|p1a: Heatran\n|-supereffective|p1a: Heatran\n|-damage|p1a: Heatran|32\/100\n|\n|-heal|p1a: Heatran|38\/100|[from] item: Leftovers\n|-heal|p2a: Patrick|20\/100|[from] item: Black Sludge\n|-damage|p2a: Patrick|8\/100|[from] move: Magma Storm|[partiallytrapped]\n|-end|p2a: Patrick|move: Taunt\n|-fieldend|move: Psychic Terrain\n|upkeep\n|turn|15\n|\n|t:|1700241899\n|move|p1a: Heatran|Earth Power|p2a: Patrick\n|-supereffective|p2a: Patrick\n|-damage|p2a: Patrick|0 fnt\n|faint|p2a: Patrick\n|\n|-heal|p1a: Heatran|45\/100|[from] item: Leftovers\n|upkeep\n|\n|t:|1700241902\n|switch|p2a: Manny|Great Tusk|100\/100\n|-damage|p2a: Manny|98\/100|[from] Stealth Rock\n|turn|16\n|\n|t:|1700241907\n|switch|p1a: Buzzwole|Buzzwole|100\/100\n|move|p2a: Manny|Rapid Spin|p1a: Buzzwole\n|-damage|p1a: Buzzwole|92\/100\n|-boost|p2a: Manny|spe|1\n|-sideend|p2: espwn|Stealth Rock|[from] move: Rapid Spin|[of] p2a: Manny\n|\n|upkeep\n|turn|17\n|\n|t:|1700241916\n|-end|p2a: Manny|Protosynthesis|[silent]\n|switch|p2a: Shmebulock|Tapu Lele|100\/100\n|-fieldstart|move: Psychic Terrain|[from] ability: Psychic Surge|[of] p2a: Shmebulock\n|move|p1a: Buzzwole|Ice Punch|p2a: Shmebulock\n|-damage|p2a: Shmebulock|65\/100\n|\n|upkeep\n|turn|18\n|\n|t:|1700241926\n|switch|p1a: Heatran|Heatran, F|45\/100\n|move|p2a: Shmebulock|Psychic|p1a: Heatran\n|-resisted|p1a: Heatran\n|-damage|p1a: Heatran|16\/100\n|\n|-heal|p1a: Heatran|22\/100|[from] item: Leftovers\n|upkeep\n|turn|19\n|\n|t:|1700241931\n|move|p2a: Shmebulock|Psychic|p1a: Heatran\n|-resisted|p1a: Heatran\n|-damage|p1a: Heatran|0 fnt\n|faint|p1a: Heatran\n|\n|upkeep\n|\n|t:|1700241938\n|switch|p1a: Ogerpon|Ogerpon-Wellspring, F|100\/100\n|turn|20\n|\n|t:|1700241942\n|-terastallize|p1a: Ogerpon|Water\n|detailschange|p1a: Ogerpon|Ogerpon-Wellspring-Tera, F, tera:Water\n|-ability|p1a: Ogerpon|Embody Aspect (Wellspring)|boost\n|-boost|p1a: Ogerpon|spd|1\n|move|p1a: Ogerpon|Ivy Cudgel|p2a: Shmebulock|[anim] Ivy Cudgel Water\n|-damage|p2a: Shmebulock|0 fnt\n|faint|p2a: Shmebulock\n|\n|upkeep\n|\n|t:|1700241953\n|switch|p2a: GREAT WALL|Zamazenta|100\/100\n|-ability|p2a: GREAT WALL|Dauntless Shield|boost\n|-boost|p2a: GREAT WALL|def|1\n|turn|21\n|\n|t:|1700241957\n|switch|p1a: Gliscor|Gliscor, F|16\/100 tox\n|move|p2a: GREAT WALL|Iron Defense|p2a: GREAT WALL\n|-boost|p2a: GREAT WALL|def|2\n|\n|-heal|p1a: Gliscor|28\/100 tox|[from] ability: Poison Heal\n|-fieldend|move: Psychic Terrain\n|upkeep\n|turn|22\n|\n|t:|1700241962\n|move|p2a: GREAT WALL|Substitute|p2a: GREAT WALL\n|-start|p2a: GREAT WALL|Substitute\n|-damage|p2a: GREAT WALL|76\/100\n|move|p1a: Gliscor|Roost|p1a: Gliscor\n|-heal|p1a: Gliscor|78\/100 tox\n|-singleturn|p1a: Gliscor|move: Roost\n|\n|-heal|p2a: GREAT WALL|82\/100|[from] item: Leftovers\n|-heal|p1a: Gliscor|91\/100 tox|[from] ability: Poison Heal\n|upkeep\n|turn|23\n|\n|t:|1700241968\n|move|p2a: GREAT WALL|Iron Defense|p2a: GREAT WALL\n|-boost|p2a: GREAT WALL|def|2\n|move|p1a: Gliscor|Earthquake|p2a: GREAT WALL\n|-activate|p2a: GREAT WALL|move: Substitute|[damage]\n|\n|-heal|p2a: GREAT WALL|88\/100|[from] item: Leftovers\n|-heal|p1a: Gliscor|100\/100 tox|[from] ability: Poison Heal\n|upkeep\n|turn|24\n|\n|t:|1700241971\n|move|p2a: GREAT WALL|Iron Defense|p2a: GREAT WALL\n|-boost|p2a: GREAT WALL|def|1\n|move|p1a: Gliscor|Earthquake|p2a: GREAT WALL\n|-activate|p2a: GREAT WALL|move: Substitute|[damage]\n|\n|-heal|p2a: GREAT WALL|94\/100|[from] item: Leftovers\n|upkeep\n|turn|25\n|\n|t:|1700241976\n|move|p2a: GREAT WALL|Body Press|p1a: Gliscor\n|-resisted|p1a: Gliscor\n|-damage|p1a: Gliscor|48\/100 tox\n|move|p1a: Gliscor|Earthquake|p2a: GREAT WALL\n|-end|p2a: GREAT WALL|Substitute\n|\n|-heal|p2a: GREAT WALL|99\/100|[from] item: Leftovers\n|-heal|p1a: Gliscor|60\/100 tox|[from] ability: Poison Heal\n|upkeep\n|turn|26\n|\n|t:|1700241982\n|move|p2a: GREAT WALL|Substitute|p2a: GREAT WALL\n|-start|p2a: GREAT WALL|Substitute\n|-damage|p2a: GREAT WALL|75\/100\n|move|p1a: Gliscor|Toxic||[still]\n|-fail|p1a: Gliscor\n|\n|-heal|p2a: GREAT WALL|81\/100|[from] item: Leftovers\n|-heal|p1a: Gliscor|73\/100 tox|[from] ability: Poison Heal\n|upkeep\n|turn|27\n|\n|t:|1700241984\n|move|p2a: GREAT WALL|Body Press|p1a: Gliscor\n|-resisted|p1a: Gliscor\n|-damage|p1a: Gliscor|23\/100 tox\n|move|p1a: Gliscor|Earthquake|p2a: GREAT WALL\n|-activate|p2a: GREAT WALL|move: Substitute|[damage]\n|\n|-heal|p2a: GREAT WALL|88\/100|[from] item: Leftovers\n|-heal|p1a: Gliscor|36\/100 tox|[from] ability: Poison Heal\n|upkeep\n|turn|28\n|\n|t:|1700241989\n|move|p2a: GREAT WALL|Body Press|p1a: Gliscor\n|-resisted|p1a: Gliscor\n|-damage|p1a: Gliscor|0 fnt\n|faint|p1a: Gliscor\n|\n|-heal|p2a: GREAT WALL|94\/100|[from] item: Leftovers\n|upkeep\n|\n|t:|1700241998\n|switch|p1a: Buzzwole|Buzzwole|92\/100\n|turn|29\n|\n|t:|1700242000\n|move|p2a: GREAT WALL|Body Press|p1a: Buzzwole\n|-resisted|p1a: Buzzwole\n|-damage|p1a: Buzzwole|64\/100\n|move|p1a: Buzzwole|Bulk Up|p1a: Buzzwole\n|-boost|p1a: Buzzwole|atk|1\n|-boost|p1a: Buzzwole|def|1\n|\n|-heal|p2a: GREAT WALL|99\/100|[from] item: Leftovers\n|upkeep\n|turn|30\n|\n|t:|1700242006\n|switch|p2a: Alatreon|Charizard-Mega-Y, M, shiny|82\/100 tox\n|-weather|SunnyDay|[from] ability: Drought|[of] p2a: Alatreon\n|move|p1a: Buzzwole|Bulk Up|p1a: Buzzwole\n|-boost|p1a: Buzzwole|atk|1\n|-boost|p1a: Buzzwole|def|1\n|\n|-weather|SunnyDay|[upkeep]\n|-damage|p2a: Alatreon|76\/100 tox|[from] psn\n|upkeep\n|turn|31\n|\n|t:|1700242016\n|switch|p1a: Latios|Latios-Mega, M|38\/100\n|move|p2a: Alatreon|Weather Ball|p1a: Latios\n|-resisted|p1a: Latios\n|-damage|p1a: Latios|0 fnt\n|faint|p1a: Latios\n|\n|-weather|SunnyDay|[upkeep]\n|-damage|p2a: Alatreon|64\/100 tox|[from] psn\n|upkeep\n|\n|t:|1700242018\n|switch|p1a: Weavile|Weavile, M|100\/100\n|-ability|p1a: Weavile|Pressure\n|turn|32\n|\n|t:|1700242023\n|switch|p2a: Manny|Great Tusk|98\/100\n|-activate|p2a: Manny|ability: Protosynthesis\n|-start|p2a: Manny|protosynthesisatk\n|move|p1a: Weavile|Triple Axel|p2a: Manny\n|-supereffective|p2a: Manny\n|-damage|p2a: Manny|76\/100\n|-damage|p1a: Weavile|84\/100|[from] item: Rocky Helmet|[of] p2a: Manny\n|-supereffective|p2a: Manny\n|-damage|p2a: Manny|34\/100\n|-damage|p1a: Weavile|68\/100|[from] item: Rocky Helmet|[of] p2a: Manny\n|-supereffective|p2a: Manny\n|-damage|p2a: Manny|0 fnt\n|-damage|p1a: Weavile|51\/100|[from] item: Rocky Helmet|[of] p2a: Manny\n|faint|p2a: Manny\n|-end|p2a: Manny|Protosynthesis|[silent]\n|-hitcount|p2: Manny|3\n|\n|-weather|SunnyDay|[upkeep]\n|upkeep\n|\n|t:|1700242028\n|switch|p2a: GREAT WALL|Zamazenta|99\/100\n|turn|33\n|\n|t:|1700242034\n|move|p1a: Weavile|Triple Axel|p2a: GREAT WALL\n|-damage|p2a: GREAT WALL|85\/100\n|-damage|p2a: GREAT WALL|59\/100\n|-damage|p2a: GREAT WALL|15\/100\n|-hitcount|p2a: GREAT WALL|3\n|move|p2a: GREAT WALL|Body Press|p1a: Weavile\n|-supereffective|p1a: Weavile\n|-damage|p1a: Weavile|0 fnt\n|faint|p1a: Weavile\n|\n|-weather|SunnyDay|[upkeep]\n|-heal|p2a: GREAT WALL|21\/100|[from] item: Leftovers\n|upkeep\n|\n|t:|1700242039\n|switch|p1a: Ogerpon|Ogerpon-Wellspring-Tera, F, tera:Water|100\/100\n|-ability|p1a: Ogerpon|Embody Aspect (Wellspring)|boost\n|-boost|p1a: Ogerpon|spd|1\n|turn|34\n|\n|t:|1700242045\n|move|p2a: GREAT WALL|Body Press|p1a: Ogerpon\n|-damage|p1a: Ogerpon|60\/100\n|move|p1a: Ogerpon|Play Rough|p2a: GREAT WALL\n|-supereffective|p2a: GREAT WALL\n|-crit|p2a: GREAT WALL\n|-damage|p2a: GREAT WALL|0 fnt\n|faint|p2a: GREAT WALL\n|\n|-weather|none\n|upkeep\n|\n|t:|1700242047\n|switch|p2a: Alatreon|Charizard-Mega-Y, M, shiny|64\/100 tox\n|-weather|SunnyDay|[from] ability: Drought|[of] p2a: Alatreon\n|turn|35\n|\n|t:|1700242051\n|move|p1a: Ogerpon|Ivy Cudgel|p2a: Alatreon|[anim] Ivy Cudgel Water\n|-supereffective|p2a: Alatreon\n|-damage|p2a: Alatreon|0 fnt\n|faint|p2a: Alatreon\n|\n|win|testing a funni3\n|raw|testing a funni3's rating: 1460 &rarr; <strong>1475<\/strong><br \/>(+15 for winning)\n|raw|espwn's rating: 1368 &rarr; <strong>1353<\/strong><br \/>(-15 for losing)\n|l|\u2606espwn\n","uploadtime":1700242058,"views":8,"p1id":"testingafunni3","p2id":"espwn","formatid":"gen9nationaldex","rating":1353,"private":0,"password":""}