{"id":"gen9nationaldex-1996455531","p1":"sampl_txt","p2":"sgt_kalimba","format":"[Gen 9] National Dex","log":"|html|<div class=\"broadcast-blue\"><strong>[Gen 9] National Dex is currently suspecting Sneasler! For information on how to participate check out the <a href=\"https:\/\/www.smogon.com\/forums\/threads\/sv-national-dex-suspect-8-just-dance.3731534\/\">suspect thread<\/a>.<\/strong><\/div>\n|j|\u2606sampl_txt\n|j|\u2606sgt_kalimba\n|t:|1700683690\n|gametype|singles\n|player|p1|sampl_txt|fisherman-gen3|1549\n|player|p2|sgt_kalimba|backersf|1831\n|teamsize|p1|6\n|teamsize|p2|6\n|gen|9\n|tier|[Gen 9] National Dex\n|rated|\n|rule|HP Percentage Mod: HP is shown in percentages\n|rule|Endless Battle Clause: Forcing endless battles is banned\n|rule|OHKO Clause: OHKO moves are banned\n|rule|Evasion Clause: Evasion abilities, items, and moves are banned\n|rule|Evasion Abilities Clause: Evasion abilities are banned\n|rule|Evasion Items Clause: Evasion items are banned\n|rule|Evasion Moves Clause: Evasion moves are banned\n|rule|Species Clause: Limit one of each Pok\u00e9mon\n|rule|Sleep Clause Mod: Limit one foe put to sleep\n|clearpoke\n|poke|p1|Infernape, F|\n|poke|p1|Tapu Lele|\n|poke|p1|Great Tusk|\n|poke|p1|Ting-Lu|\n|poke|p1|Sneasler, M|\n|poke|p1|Beedrill, F|\n|poke|p2|Tapu Fini|\n|poke|p2|Volcarona, M|\n|poke|p2|Rillaboom, M|\n|poke|p2|Sneasler, F|\n|poke|p2|Tapu Lele|\n|poke|p2|Manaphy|\n|teampreview\n|inactive|Battle timer is ON: inactive players will automatically lose when time's up. (requested by sgt_kalimba)\n|\n|t:|1700683697\n|start\n|switch|p1a: Beedrill|Beedrill, F|100\/100\n|switch|p2a: Tapu Lele|Tapu Lele|100\/100\n|-fieldstart|move: Psychic Terrain|[from] ability: Psychic Surge|[of] p2a: Tapu Lele\n|turn|1\n|\n|t:|1700683702\n|switch|p1a: Ting-Lu|Ting-Lu|100\/100\n|-ability|p1a: Ting-Lu|Vessel of Ruin\n|move|p2a: Tapu Lele|Psychic|p1a: Ting-Lu\n|-immune|p1a: Ting-Lu\n|\n|upkeep\n|turn|2\n|\n|t:|1700683709\n|switch|p2a: Manaphy|Manaphy|100\/100\n|move|p1a: Ting-Lu|Spikes|p2a: Manaphy\n|-sidestart|p2: sgt_kalimba|Spikes\n|\n|upkeep\n|turn|3\n|\n|t:|1700683720\n|move|p2a: Manaphy|Tail Glow|p2a: Manaphy\n|-boost|p2a: Manaphy|spa|3\n|move|p1a: Ting-Lu|Ruination|p2a: Manaphy\n|-damage|p2a: Manaphy|51\/100\n|\n|upkeep\n|turn|4\n|\n|t:|1700683723\n|move|p2a: Manaphy|Surf|p1a: Ting-Lu\n|-supereffective|p1a: Ting-Lu\n|-damage|p1a: Ting-Lu|21\/100\n|move|p1a: Ting-Lu|Whirlwind|p2a: Manaphy\n|drag|p2a: Sneasler|Sneasler, F|100\/100\n|-damage|p2a: Sneasler|88\/100|[from] Spikes\n|\n|-heal|p1a: Ting-Lu|27\/100|[from] item: Leftovers\n|upkeep\n|turn|5\n|\n|t:|1700683731\n|switch|p1a: Beedrill|Beedrill, F|100\/100\n|move|p2a: Sneasler|Close Combat|p1a: Beedrill\n|-resisted|p1a: Beedrill\n|-damage|p1a: Beedrill|55\/100\n|-unboost|p2a: Sneasler|def|1\n|-unboost|p2a: Sneasler|spd|1\n|\n|-fieldend|move: Psychic Terrain\n|upkeep\n|turn|6\n|\n|t:|1700683739\n|switch|p2a: Volcarona|Volcarona, M|100\/100\n|detailschange|p1a: Beedrill|Beedrill-Mega, F\n|-mega|p1a: Beedrill|Beedrill|Beedrillite\n|move|p1a: Beedrill|U-turn|p2a: Volcarona\n|-resisted|p2a: Volcarona\n|-damage|p2a: Volcarona|76\/100\n|\n|t:|1700683748\n|switch|p1a: Infernape|Infernape, F|100\/100|[from] U-turn\n|\n|upkeep\n|turn|7\n|\n|t:|1700683752\n|move|p1a: Infernape|U-turn|p2a: Volcarona\n|-resisted|p2a: Volcarona\n|-damage|p2a: Volcarona|62\/100\n|\n|t:|1700683760\n|switch|p1a: Tapu Lele|Tapu Lele|100\/100|[from] U-turn\n|-fieldstart|move: Psychic Terrain|[from] ability: Psychic Surge|[of] p1a: Tapu Lele\n|move|p2a: Volcarona|Quiver Dance|p2a: Volcarona\n|-boost|p2a: Volcarona|spa|1\n|-boost|p2a: Volcarona|spd|1\n|-boost|p2a: Volcarona|spe|1\n|\n|upkeep\n|turn|8\n|\n|t:|1700683767\n|switch|p1a: Ting-Lu|Ting-Lu|27\/100\n|-ability|p1a: Ting-Lu|Vessel of Ruin\n|move|p2a: Volcarona|Fiery Dance|p1a: Ting-Lu\n|-damage|p1a: Ting-Lu|3\/100\n|\n|-heal|p1a: Ting-Lu|10\/100|[from] item: Leftovers\n|upkeep\n|turn|9\n|\n|t:|1700683771\n|move|p2a: Volcarona|Fiery Dance|p1a: Ting-Lu\n|-damage|p1a: Ting-Lu|0 fnt\n|-boost|p2a: Volcarona|spa|1\n|faint|p1a: Ting-Lu\n|\n|upkeep\n|\n|t:|1700683773\n|switch|p1a: Sneasler|Sneasler, M|100\/100\n|-enditem|p1a: Sneasler|Psychic Seed\n|-boost|p1a: Sneasler|spd|1|[from] item: Psychic Seed\n|turn|10\n|\n|t:|1700683786\n|move|p1a: Sneasler|Acrobatics|p2a: Volcarona\n|-supereffective|p2a: Volcarona\n|-damage|p2a: Volcarona|0 fnt\n|faint|p2a: Volcarona\n|\n|upkeep\n|\n|t:|1700683802\n|switch|p2a: Manaphy|Manaphy|51\/100\n|-damage|p2a: Manaphy|38\/100|[from] Spikes\n|turn|11\n|\n|t:|1700683805\n|switch|p2a: Tapu Lele|Tapu Lele|100\/100\n|-damage|p2a: Tapu Lele|88\/100|[from] Spikes\n|move|p1a: Sneasler|Dire Claw|p2a: Tapu Lele\n|-supereffective|p2a: Tapu Lele\n|-damage|p2a: Tapu Lele|0 fnt\n|faint|p2a: Tapu Lele\n|\n|-fieldend|move: Psychic Terrain\n|upkeep\n|\n|t:|1700683810\n|switch|p2a: Rillaboom|Rillaboom, M|100\/100\n|-damage|p2a: Rillaboom|88\/100|[from] Spikes\n|-fieldstart|move: Grassy Terrain|[from] ability: Grassy Surge|[of] p2a: Rillaboom\n|turn|12\n|\n|t:|1700683815\n|switch|p2a: Manaphy|Manaphy|38\/100\n|-damage|p2a: Manaphy|26\/100|[from] Spikes\n|move|p1a: Sneasler|Acrobatics|p2a: Manaphy\n|-damage|p2a: Manaphy|0 fnt\n|faint|p2a: Manaphy\n|\n|upkeep\n|\n|t:|1700683816\n|switch|p2a: Sneasler|Sneasler, F|88\/100\n|-damage|p2a: Sneasler|76\/100|[from] Spikes\n|-enditem|p2a: Sneasler|Grassy Seed\n|-boost|p2a: Sneasler|def|1|[from] item: Grassy Seed\n|turn|13\n|\n|t:|1700683820\n|-terastallize|p1a: Sneasler|Flying\n|move|p1a: Sneasler|Acrobatics|p2a: Sneasler\n|-supereffective|p2a: Sneasler\n|-crit|p2a: Sneasler\n|-damage|p2a: Sneasler|0 fnt\n|faint|p2a: Sneasler\n|\n|upkeep\n|-message|sgt_kalimba forfeited.\n|\n|win|sampl_txt\n|raw|sampl_txt's rating: 1549 &rarr; <strong>1582<\/strong><br \/>(+33 for winning)\n|raw|sgt_kalimba's rating: 1831 &rarr; <strong>1798<\/strong><br \/>(-33 for losing)\n|l|\u2606sgt_kalimba\n","uploadtime":1700683829,"views":0,"p1id":"sampltxt","p2id":"sgtkalimba","formatid":"gen9nationaldex","rating":1582,"private":0,"password":""}