{"id":"gen9nationaldex-1991186796","p1":"psng","p2":"iamthepidgeongod","format":"[Gen 9] National Dex","log":"|j|\u2606psng\n|j|\u2606iamthepidgeongod\n|t:|1700054967\n|gametype|singles\n|player|p1|psng|wallace|1364\n|player|p2|iamthepidgeongod|winona|1268\n|teamsize|p1|6\n|teamsize|p2|6\n|gen|9\n|tier|[Gen 9] National Dex\n|rated|\n|rule|HP Percentage Mod: HP is shown in percentages\n|rule|Endless Battle Clause: Forcing endless battles is banned\n|rule|OHKO Clause: OHKO moves are banned\n|rule|Evasion Clause: Evasion abilities, items, and moves are banned\n|rule|Evasion Abilities Clause: Evasion abilities are banned\n|rule|Evasion Items Clause: Evasion items are banned\n|rule|Evasion Moves Clause: Evasion moves are banned\n|rule|Species Clause: Limit one of each Pok\u00e9mon\n|rule|Sleep Clause Mod: Limit one foe put to sleep\n|clearpoke\n|poke|p1|Pelipper, F|\n|poke|p1|Tapu Lele|\n|poke|p1|Swampert, F|\n|poke|p1|Greninja-*, M|\n|poke|p1|Zapdos|\n|poke|p1|Ferrothorn, M|\n|poke|p2|Heatran, F|\n|poke|p2|Ogerpon-Wellspring, F|\n|poke|p2|Gliscor, M|\n|poke|p2|Zoroark-Hisui, M|\n|poke|p2|Tapu Lele|\n|poke|p2|Sharpedo, M|\n|teampreview\n|inactive|Battle timer is ON: inactive players will automatically lose when time's up. (requested by psng)\n|\n|t:|1700054982\n|start\n|switch|p1a: Pelipper|Pelipper, F, shiny|100\/100\n|switch|p2a: Tapu Lele|Tapu Lele|100\/100\n|-fieldstart|move: Psychic Terrain|[from] ability: Psychic Surge|[of] p2a: Tapu Lele\n|-weather|RainDance|[from] ability: Drizzle|[of] p1a: Pelipper\n|turn|1\n|\n|t:|1700054989\n|switch|p1a: Ferrothorn|Ferrothorn, M, shiny|100\/100\n|move|p2a: Tapu Lele|Light Screen|p2a: Tapu Lele\n|-sidestart|p2: iamthepidgeongod|move: Light Screen\n|\n|-weather|RainDance|[upkeep]\n|upkeep\n|turn|2\n|\n|t:|1700055000\n|switch|p2a: Ogerpon|Ogerpon-Wellspring, F|100\/100\n|move|p1a: Ferrothorn|Leech Seed|p2a: Ogerpon\n|-immune|p2a: Ogerpon\n|\n|-weather|RainDance|[upkeep]\n|upkeep\n|turn|3\n|\n|t:|1700055009\n|move|p2a: Ogerpon|Encore|p1a: Ferrothorn\n|-start|p1a: Ferrothorn|Encore\n|move|p1a: Ferrothorn|Leech Seed|p2a: Ogerpon\n|-immune|p2a: Ogerpon\n|\n|-weather|RainDance|[upkeep]\n|upkeep\n|turn|4\n|\n|t:|1700055020\n|switch|p2a: Heatran|Heatran, F|100\/100\n|-item|p2a: Heatran|Air Balloon\n|move|p1a: Ferrothorn|Leech Seed|p2a: Heatran\n|-start|p2a: Heatran|move: Leech Seed\n|\n|-weather|RainDance|[upkeep]\n|-damage|p2a: Heatran|88\/100|[from] Leech Seed|[of] p1a: Ferrothorn\n|upkeep\n|turn|5\n|\n|t:|1700055027\n|switch|p1a: Swampert|Swampert, F, shiny|100\/100\n|move|p2a: Heatran|Flamethrower|p1a: Swampert\n|-resisted|p1a: Swampert\n|-damage|p1a: Swampert|92\/100\n|\n|-weather|RainDance|[upkeep]\n|-damage|p2a: Heatran|76\/100|[from] Leech Seed|[of] p1a: Swampert\n|-heal|p1a: Swampert|100\/100|[silent]\n|-fieldend|move: Psychic Terrain\n|upkeep\n|turn|6\n|\n|t:|1700055040\n|switch|p2a: Ogerpon|Ogerpon-Wellspring, F|100\/100\n|detailschange|p1a: Swampert|Swampert-Mega, F, shiny\n|-mega|p1a: Swampert|Swampert|Swampertite\n|move|p1a: Swampert|Earthquake|p2a: Ogerpon\n|-resisted|p2a: Ogerpon\n|-damage|p2a: Ogerpon|61\/100\n|\n|-weather|RainDance|[upkeep]\n|upkeep\n|turn|7\n|\n|t:|1700055068\n|switch|p1a: Ferrothorn|Ferrothorn, M, shiny|100\/100\n|move|p2a: Ogerpon|Spiky Shield||[still]\n|-fail|p2a: Ogerpon\n|\n|-weather|RainDance|[upkeep]\n|upkeep\n|turn|8\n|\n|t:|1700055075\n|switch|p2a: Gliscor|Gliscor, M|100\/100\n|move|p1a: Ferrothorn|Stealth Rock|p2a: Gliscor\n|-sidestart|p2: iamthepidgeongod|move: Stealth Rock\n|\n|-weather|none\n|-sideend|p2: iamthepidgeongod|move: Light Screen\n|-status|p2a: Gliscor|tox|[from] item: Toxic Orb\n|upkeep\n|turn|9\n|\n|t:|1700055082\n|switch|p1a: Pelipper|Pelipper, F, shiny|100\/100\n|-weather|RainDance|[from] ability: Drizzle|[of] p1a: Pelipper\n|move|p2a: Gliscor|U-turn|p1a: Pelipper\n|-resisted|p1a: Pelipper\n|-damage|p1a: Pelipper|92\/100\n|\n|t:|1700055090\n|switch|p2a: Sharpedo|Sharpedo, M|100\/100|[from] U-turn\n|-damage|p2a: Sharpedo|88\/100|[from] Stealth Rock\n|\n|-weather|RainDance|[upkeep]\n|upkeep\n|turn|10\n|\n|t:|1700055101\n|switch|p1a: Zapdos|Zapdos, shiny|100\/100\n|move|p2a: Sharpedo|Protect||[still]\n|-fail|p2a: Sharpedo\n|\n|-weather|RainDance|[upkeep]\n|-ability|p2a: Sharpedo|Speed Boost|boost\n|-boost|p2a: Sharpedo|spe|1\n|upkeep\n|turn|11\n|\n|t:|1700055108\n|-terastallize|p1a: Zapdos|Dragon\n|move|p2a: Sharpedo|Protect|p2a: Sharpedo\n|-singleturn|p2a: Sharpedo|Protect\n|move|p1a: Zapdos|Thunder|p2a: Sharpedo\n|-activate|p2a: Sharpedo|move: Protect\n|\n|-weather|RainDance|[upkeep]\n|-ability|p2a: Sharpedo|Speed Boost|boost\n|-boost|p2a: Sharpedo|spe|1\n|upkeep\n|turn|12\n|\n|t:|1700055114\n|detailschange|p2a: Sharpedo|Sharpedo-Mega, M\n|-mega|p2a: Sharpedo|Sharpedo|Sharpedonite\n|move|p2a: Sharpedo|Crunch|p1a: Zapdos\n|-damage|p1a: Zapdos|46\/100\n|move|p1a: Zapdos|Thunder|p2a: Sharpedo\n|-supereffective|p2a: Sharpedo\n|-damage|p2a: Sharpedo|0 fnt\n|faint|p2a: Sharpedo\n|\n|-weather|RainDance|[upkeep]\n|upkeep\n|\n|t:|1700055126\n|switch|p2a: Tapu Lele|Tapu Lele|100\/100\n|-damage|p2a: Tapu Lele|88\/100|[from] Stealth Rock\n|-fieldstart|move: Psychic Terrain|[from] ability: Psychic Surge|[of] p2a: Tapu Lele\n|turn|13\n|\n|t:|1700055130\n|switch|p1a: Ferrothorn|Ferrothorn, M, shiny|100\/100\n|move|p2a: Tapu Lele|Moonblast|p1a: Ferrothorn\n|-resisted|p1a: Ferrothorn\n|-damage|p1a: Ferrothorn|83\/100\n|-unboost|p1a: Ferrothorn|spa|1\n|\n|-weather|RainDance|[upkeep]\n|-heal|p1a: Ferrothorn|89\/100|[from] item: Leftovers\n|upkeep\n|turn|14\n|\n|t:|1700055142\n|switch|p2a: Gliscor|Gliscor, M|100\/100 tox\n|-damage|p2a: Gliscor|88\/100 tox|[from] Stealth Rock\n|move|p1a: Ferrothorn|Gyro Ball|p2a: Gliscor\n|-damage|p2a: Gliscor|49\/100 tox\n|\n|-weather|RainDance|[upkeep]\n|-heal|p1a: Ferrothorn|95\/100|[from] item: Leftovers\n|-heal|p2a: Gliscor|61\/100 tox|[from] ability: Poison Heal\n|upkeep\n|turn|15\n|\n|t:|1700055153\n|switch|p1a: Swampert|Swampert-Mega, F, shiny|100\/100\n|move|p2a: Gliscor|Earthquake|p1a: Swampert\n|-damage|p1a: Swampert|59\/100\n|\n|-weather|RainDance|[upkeep]\n|-heal|p2a: Gliscor|74\/100 tox|[from] ability: Poison Heal\n|upkeep\n|turn|16\n|\n|t:|1700055160\n|move|p2a: Gliscor|Protect|p2a: Gliscor\n|-singleturn|p2a: Gliscor|Protect\n|move|p1a: Swampert|Ice Punch|p2a: Gliscor\n|-activate|p2a: Gliscor|move: Protect\n|\n|-weather|none\n|-heal|p2a: Gliscor|86\/100 tox|[from] ability: Poison Heal\n|upkeep\n|turn|17\n|\n|t:|1700055170\n|switch|p1a: Pelipper|Pelipper, F, shiny|92\/100\n|-weather|RainDance|[from] ability: Drizzle|[of] p1a: Pelipper\n|switch|p2a: Ogerpon|Ogerpon-Wellspring, F|61\/100\n|-damage|p2a: Ogerpon|48\/100|[from] Stealth Rock\n|\n|-weather|RainDance|[upkeep]\n|-fieldend|move: Psychic Terrain\n|upkeep\n|turn|18\n|\n|t:|1700055174\n|move|p2a: Ogerpon|Horn Leech|p1a: Pelipper\n|-damage|p1a: Pelipper|59\/100\n|-heal|p2a: Ogerpon|66\/100|[from] drain|[of] p1a: Pelipper\n|move|p1a: Pelipper|U-turn|p2a: Ogerpon\n|-supereffective|p2a: Ogerpon\n|-damage|p2a: Ogerpon|43\/100\n|\n|t:|1700055191\n|switch|p1a: Tapu Lele|Tapu Lele, shiny|100\/100|[from] U-turn\n|-fieldstart|move: Psychic Terrain|[from] ability: Psychic Surge|[of] p1a: Tapu Lele\n|\n|-weather|RainDance|[upkeep]\n|upkeep\n|turn|19\n|\n|t:|1700055198\n|move|p1a: Tapu Lele|Psychic|p2a: Ogerpon\n|-damage|p2a: Ogerpon|0 fnt\n|faint|p2a: Ogerpon\n|\n|-weather|RainDance|[upkeep]\n|upkeep\n|\n|t:|1700055210\n|switch|p2a: Gliscor|Gliscor, M|86\/100 tox\n|-damage|p2a: Gliscor|74\/100 tox|[from] Stealth Rock\n|turn|20\n|\n|t:|1700055214\n|move|p1a: Tapu Lele|Psychic|p2a: Gliscor\n|-damage|p2a: Gliscor|0 fnt\n|faint|p2a: Gliscor\n|\n|-weather|RainDance|[upkeep]\n|upkeep\n|\n|t:|1700055217\n|switch|p2a: Tapu Lele|Tapu Lele|88\/100\n|-damage|p2a: Tapu Lele|76\/100|[from] Stealth Rock\n|turn|21\n|\n|t:|1700055223\n|switch|p1a: Ferrothorn|Ferrothorn, M, shiny|95\/100\n|move|p2a: Tapu Lele|Light Screen|p2a: Tapu Lele\n|-sidestart|p2: iamthepidgeongod|move: Light Screen\n|\n|-weather|RainDance|[upkeep]\n|-heal|p1a: Ferrothorn|100\/100|[from] item: Leftovers\n|upkeep\n|turn|22\n|\n|t:|1700055227\n|move|p2a: Tapu Lele|Reflect|p2a: Tapu Lele\n|-sidestart|p2: iamthepidgeongod|Reflect\n|move|p1a: Ferrothorn|Leech Seed|p2a: Tapu Lele\n|-start|p2a: Tapu Lele|move: Leech Seed\n|\n|-weather|RainDance|[upkeep]\n|-damage|p2a: Tapu Lele|64\/100|[from] Leech Seed|[of] p1a: Ferrothorn\n|-fieldend|move: Psychic Terrain\n|upkeep\n|turn|23\n|\n|t:|1700055231\n|switch|p2a: Heatran|Heatran, F|76\/100\n|-damage|p2a: Heatran|63\/100|[from] Stealth Rock\n|-item|p2a: Heatran|Air Balloon\n|move|p1a: Ferrothorn|Leech Seed|p2a: Heatran\n|-start|p2a: Heatran|move: Leech Seed\n|\n|-weather|RainDance|[upkeep]\n|-damage|p2a: Heatran|51\/100|[from] Leech Seed|[of] p1a: Ferrothorn\n|upkeep\n|turn|24\n|\n|t:|1700055247\n|switch|p1a: Zapdos|Zapdos, shiny, tera:Dragon|46\/100\n|move|p2a: Heatran|Will-O-Wisp|p1a: Zapdos\n|-status|p1a: Zapdos|brn\n|\n|-weather|none\n|-damage|p2a: Heatran|39\/100|[from] Leech Seed|[of] p1a: Zapdos\n|-heal|p1a: Zapdos|54\/100 brn|[silent]\n|-damage|p1a: Zapdos|48\/100 brn|[from] brn\n|upkeep\n|turn|25\n|\n|t:|1700055253\n|move|p2a: Heatran|Hyper Voice|p1a: Zapdos\n|-damage|p1a: Zapdos|4\/100 brn\n|move|p1a: Zapdos|U-turn|p2a: Heatran\n|-resisted|p2a: Heatran\n|-damage|p2a: Heatran|36\/100\n|replace|p2a: Zoroark|Zoroark-Hisui, M\n|-end|p2a: Zoroark|Illusion\n|-enditem|p2a: Zoroark|Air Balloon\n|\n|t:|1700055263\n|switch|p1a: Pelipper|Pelipper, F, shiny|59\/100|[from] U-turn\n|-weather|RainDance|[from] ability: Drizzle|[of] p1a: Pelipper\n|\n|-weather|RainDance|[upkeep]\n|-damage|p2a: Zoroark|23\/100|[from] Leech Seed|[of] p1a: Pelipper\n|-heal|p1a: Pelipper|68\/100|[silent]\n|upkeep\n|turn|26\n|\n|t:|1700055270\n|move|p2a: Zoroark|Hyper Voice|p1a: Pelipper\n|-damage|p1a: Pelipper|9\/100\n|move|p1a: Pelipper|U-turn|p2a: Zoroark\n|-resisted|p2a: Zoroark\n|-damage|p2a: Zoroark|18\/100\n|\n|t:|1700055278\n|switch|p1a: Greninja|Greninja, M|100\/100|[from] U-turn\n|\n|-weather|RainDance|[upkeep]\n|-damage|p2a: Zoroark|6\/100|[from] Leech Seed|[of] p1a: Greninja\n|upkeep\n|turn|27\n|\n|t:|1700055299\n|switch|p2a: Tapu Lele|Tapu Lele|64\/100\n|-damage|p2a: Tapu Lele|51\/100|[from] Stealth Rock\n|-fieldstart|move: Psychic Terrain|[from] ability: Psychic Surge|[of] p2a: Tapu Lele\n|move|p1a: Greninja|Surf|p2a: Tapu Lele\n|-damage|p2a: Tapu Lele|18\/100\n|-damage|p1a: Greninja|91\/100|[from] item: Life Orb\n|\n|-weather|RainDance|[upkeep]\n|upkeep\n|turn|28\n|\n|t:|1700055312\n|move|p1a: Greninja|Surf|p2a: Tapu Lele\n|-damage|p2a: Tapu Lele|0 fnt\n|faint|p2a: Tapu Lele\n|-ability|p1a: Greninja|Battle Bond|boost\n|-boost|p1a: Greninja|atk|1\n|-boost|p1a: Greninja|spa|1\n|-boost|p1a: Greninja|spe|1\n|-activate|p1a: Greninja|ability: Battle Bond\n|-damage|p1a: Greninja|81\/100|[from] item: Life Orb\n|\n|-weather|RainDance|[upkeep]\n|-sideend|p2: iamthepidgeongod|move: Light Screen\n|upkeep\n|-message|iamthepidgeongod forfeited.\n|\n|win|psng\n|raw|psng's rating: 1364 &rarr; <strong>1379<\/strong><br \/>(+15 for winning)\n|raw|iamthepidgeongod's rating: 1268 &rarr; <strong>1250<\/strong><br \/>(-18 for losing)\n|l|\u2606iamthepidgeongod\n","uploadtime":1700055327,"views":11,"p1id":"psng","p2id":"iamthepidgeongod","formatid":"gen9nationaldex","rating":1250,"private":0,"password":""}