{"id":"gen9nationaldex-1992115898","p1":"SportsyReal","p2":"cristianuez34","format":"[Gen 9] National Dex","log":"|j|\u2606SportsyReal\n|j|\u2606cristianuez34\n|t:|1700156394\n|gametype|singles\n|player|p1|SportsyReal|lyra|\n|player|p2|cristianuez34|roark|\n|teamsize|p1|6\n|teamsize|p2|6\n|gen|9\n|tier|[Gen 9] National Dex\n|rule|HP Percentage Mod: HP is shown in percentages\n|rule|Endless Battle Clause: Forcing endless battles is banned\n|rule|OHKO Clause: OHKO moves are banned\n|rule|Evasion Clause: Evasion abilities, items, and moves are banned\n|rule|Evasion Abilities Clause: Evasion abilities are banned\n|rule|Evasion Items Clause: Evasion items are banned\n|rule|Evasion Moves Clause: Evasion moves are banned\n|rule|Species Clause: Limit one of each Pok\u00e9mon\n|rule|Sleep Clause Mod: Limit one foe put to sleep\n|clearpoke\n|poke|p1|Ribombee, F|\n|poke|p1|Dusclops, F|\n|poke|p1|Gyarados, M|\n|poke|p1|Umbreon, F|\n|poke|p1|Gliscor, F|\n|poke|p1|Scizor, F|\n|poke|p2|Greninja-*, M|\n|poke|p2|Abomasnow, M|\n|poke|p2|Moltres|\n|poke|p2|Ninetales-Alola, F|\n|poke|p2|Kommo-o, M|\n|poke|p2|Latios, M|\n|teampreview\n|j| Guillarco28\n|\n|t:|1700156416\n|start\n|switch|p1a: Este Se\u00f1or|Ribombee, F|100\/100\n|switch|p2a: queso|Ninetales-Alola, F, shiny|100\/100\n|-weather|Snow|[from] ability: Snow Warning|[of] p2a: queso\n|turn|1\n|\n|t:|1700156431\n|-terastallize|p1a: Este Se\u00f1or|Fairy\n|move|p1a: Este Se\u00f1or|Sticky Web|p2a: queso\n|-sidestart|p2: cristianuez34|move: Sticky Web\n|move|p2a: queso|Aurora Veil|p2a: queso\n|-sidestart|p2: cristianuez34|move: Aurora Veil\n|\n|-weather|Snow|[upkeep]\n|upkeep\n|turn|2\n|\n|t:|1700156474\n|switch|p1a: Robotnik|Scizor, F|100\/100\n|move|p2a: queso|Toxic|p1a: Robotnik\n|-immune|p1a: Robotnik\n|\n|-weather|Snow|[upkeep]\n|upkeep\n|turn|3\n|\n|t:|1700156483\n|detailschange|p1a: Robotnik|Scizor-Mega, F\n|-mega|p1a: Robotnik|Scizor|Scizorite\n|move|p1a: Robotnik|Bullet Punch|p2a: queso\n|-supereffective|p2a: queso\n|-damage|p2a: queso|29\/100\n|move|p2a: queso|Freeze-Dry|p1a: Robotnik\n|-resisted|p1a: Robotnik\n|-damage|p1a: Robotnik|89\/100\n|\n|-weather|Snow|[upkeep]\n|upkeep\n|turn|4\n|\n|t:|1700156497\n|switch|p2a: carne|Moltres|100\/100\n|move|p1a: Robotnik|Bullet Punch|p2a: carne\n|-resisted|p2a: carne\n|-damage|p2a: carne|91\/100\n|\n|-weather|Snow|[upkeep]\n|upkeep\n|turn|5\n|\n|t:|1700156570\n|switch|p1a: Chansi|Dusclops, F|100\/100\n|-ability|p1a: Chansi|Pressure\n|move|p2a: carne|Fire Blast|p1a: Chansi\n|-damage|p1a: Chansi|57\/100\n|-status|p1a: Chansi|brn\n|\n|-weather|Snow|[upkeep]\n|-damage|p1a: Chansi|51\/100 brn|[from] brn\n|-sideend|p2: cristianuez34|move: Aurora Veil\n|upkeep\n|turn|6\n|\n|t:|1700156593\n|switch|p2a: pan de abajo|Latios, M, shiny|100\/100\n|move|p1a: Chansi|Night Shade|p2a: pan de abajo\n|-damage|p2a: pan de abajo|70\/100\n|\n|-weather|Snow|[upkeep]\n|-damage|p1a: Chansi|45\/100 brn|[from] brn\n|upkeep\n|turn|7\n|\n|t:|1700156623\n|switch|p1a: ElSe\u00f1orDeLaNoche|Umbreon, F|100\/100\n|detailschange|p2a: pan de abajo|Latios-Mega, M, shiny\n|-mega|p2a: pan de abajo|Latios|Latiosite\n|move|p2a: pan de abajo|Mystical Fire|p1a: ElSe\u00f1orDeLaNoche\n|-damage|p1a: ElSe\u00f1orDeLaNoche|80\/100\n|-unboost|p1a: ElSe\u00f1orDeLaNoche|spa|1\n|\n|-weather|Snow|[upkeep]\n|-heal|p1a: ElSe\u00f1orDeLaNoche|87\/100|[from] item: Leftovers\n|upkeep\n|turn|8\n|\n|t:|1700156650\n|move|p2a: pan de abajo|Air Slash|p1a: ElSe\u00f1orDeLaNoche\n|-damage|p1a: ElSe\u00f1orDeLaNoche|65\/100\n|move|p1a: ElSe\u00f1orDeLaNoche|Assurance|p2a: pan de abajo\n|-supereffective|p2a: pan de abajo\n|-damage|p2a: pan de abajo|40\/100\n|\n|-weather|none\n|-heal|p1a: ElSe\u00f1orDeLaNoche|71\/100|[from] item: Leftovers\n|upkeep\n|turn|9\n|\n|t:|1700156662\n|move|p2a: pan de abajo|Psychic|p1a: ElSe\u00f1orDeLaNoche\n|-immune|p1a: ElSe\u00f1orDeLaNoche\n|move|p1a: ElSe\u00f1orDeLaNoche|Assurance|p2a: pan de abajo\n|-supereffective|p2a: pan de abajo\n|-damage|p2a: pan de abajo|12\/100\n|\n|-heal|p1a: ElSe\u00f1orDeLaNoche|77\/100|[from] item: Leftovers\n|upkeep\n|turn|10\n|\n|t:|1700156673\n|move|p2a: pan de abajo|Aura Sphere|p1a: ElSe\u00f1orDeLaNoche\n|-supereffective|p1a: ElSe\u00f1orDeLaNoche\n|-damage|p1a: ElSe\u00f1orDeLaNoche|32\/100\n|move|p1a: ElSe\u00f1orDeLaNoche|Crunch|p2a: pan de abajo\n|-supereffective|p2a: pan de abajo\n|-damage|p2a: pan de abajo|0 fnt\n|faint|p2a: pan de abajo\n|\n|-heal|p1a: ElSe\u00f1orDeLaNoche|38\/100|[from] item: Leftovers\n|upkeep\n|\n|t:|1700156685\n|switch|p2a: pan|Greninja, M|100\/100\n|-activate|p2a: pan|move: Sticky Web\n|-unboost|p2a: pan|spe|1\n|turn|11\n|\n|t:|1700156727\n|move|p2a: pan|Scald|p1a: ElSe\u00f1orDeLaNoche\n|-damage|p1a: ElSe\u00f1orDeLaNoche|1\/100\n|move|p1a: ElSe\u00f1orDeLaNoche|Moonlight|p1a: ElSe\u00f1orDeLaNoche\n|-heal|p1a: ElSe\u00f1orDeLaNoche|51\/100\n|\n|-heal|p1a: ElSe\u00f1orDeLaNoche|57\/100|[from] item: Leftovers\n|upkeep\n|turn|12\n|\n|t:|1700156767\n|-terastallize|p2a: pan|Water\n|move|p2a: pan|Scald|p1a: ElSe\u00f1orDeLaNoche\n|-damage|p1a: ElSe\u00f1orDeLaNoche|10\/100\n|move|p1a: ElSe\u00f1orDeLaNoche|Confuse Ray|p2a: pan\n|-start|p2a: pan|confusion\n|\n|-heal|p1a: ElSe\u00f1orDeLaNoche|16\/100|[from] item: Leftovers\n|upkeep\n|turn|13\n|\n|t:|1700156780\n|switch|p1a: Este Se\u00f1or|Ribombee, F, tera:Fairy|100\/100\n|-activate|p2a: pan|confusion\n|-damage|p2a: pan|88\/100|[from] confusion\n|\n|upkeep\n|turn|14\n|\n|t:|1700156850\n|move|p1a: Este Se\u00f1or|Bug Buzz|p2a: pan\n|-crit|p2a: pan\n|-damage|p2a: pan|4\/100\n|-end|p2a: pan|confusion\n|move|p2a: pan|Scald|p1a: Este Se\u00f1or\n|-damage|p1a: Este Se\u00f1or|0 fnt\n|faint|p1a: Este Se\u00f1or\n|-ability|p2a: pan|Battle Bond|boost\n|-boost|p2a: pan|atk|1\n|-boost|p2a: pan|spa|1\n|-boost|p2a: pan|spe|1\n|-activate|p2a: pan|ability: Battle Bond\n|\n|upkeep\n|\n|t:|1700156875\n|switch|p1a: Robotnik|Scizor-Mega, F|89\/100\n|turn|15\n|\n|t:|1700156891\n|move|p2a: pan|Scald|p1a: Robotnik\n|-damage|p1a: Robotnik|0 fnt\n|faint|p1a: Robotnik\n|\n|upkeep\n|\n|t:|1700156902\n|switch|p1a: Longanizo|Gyarados, M, shiny|100\/100\n|-ability|p1a: Longanizo|Intimidate|boost\n|-unboost|p2a: pan|atk|1\n|turn|16\n|\n|t:|1700156919\n|move|p2a: pan|Scald|p1a: Longanizo\n|-resisted|p1a: Longanizo\n|-damage|p1a: Longanizo|46\/100\n|move|p1a: Longanizo|Dragon Dance|p1a: Longanizo\n|-boost|p1a: Longanizo|atk|1\n|-boost|p1a: Longanizo|spe|1\n|\n|upkeep\n|turn|17\n|\n|t:|1700156934\n|move|p1a: Longanizo|Crunch|p2a: pan\n|-damage|p2a: pan|0 fnt\n|faint|p2a: pan\n|\n|upkeep\n|\n|t:|1700156941\n|switch|p2a: ketchup|Kommo-o, M|100\/100\n|-activate|p2a: ketchup|move: Sticky Web\n|-unboost|p2a: ketchup|spe|1\n|turn|18\n|\n|t:|1700156984\n|switch|p1a: Vikabolt|Gliscor, F|100\/100\n|move|p2a: ketchup|Body Press|p1a: Vikabolt\n|-resisted|p1a: Vikabolt\n|-damage|p1a: Vikabolt|85\/100\n|\n|-status|p1a: Vikabolt|tox|[from] item: Toxic Orb\n|upkeep\n|turn|19\n|\n|t:|1700157002\n|move|p1a: Vikabolt|Toxic|p2a: ketchup\n|-status|p2a: ketchup|tox\n|move|p2a: ketchup|Iron Head|p1a: Vikabolt\n|-damage|p1a: Vikabolt|70\/100 tox\n|\n|-heal|p1a: Vikabolt|82\/100 tox|[from] ability: Poison Heal\n|-damage|p2a: ketchup|94\/100 tox|[from] psn\n|upkeep\n|turn|20\n|\n|t:|1700157032\n|switch|p2a: lechuga|Abomasnow, M, shiny|100\/100\n|-activate|p2a: lechuga|move: Sticky Web\n|-unboost|p2a: lechuga|spe|1\n|-weather|Snow|[from] ability: Snow Warning|[of] p2a: lechuga\n|move|p1a: Vikabolt|Facade|p2a: lechuga\n|-damage|p2a: lechuga|68\/100\n|\n|-weather|Snow|[upkeep]\n|-heal|p1a: Vikabolt|95\/100 tox|[from] ability: Poison Heal\n|upkeep\n|turn|21\n|\n|t:|1700157058\n|move|p1a: Vikabolt|U-turn|p2a: lechuga\n|-supereffective|p2a: lechuga\n|-damage|p2a: lechuga|34\/100\n|\n|t:|1700157065\n|switch|p1a: Chansi|Dusclops, F|45\/100 brn|[from] U-turn\n|-ability|p1a: Chansi|Pressure\n|move|p2a: lechuga|Ice Beam|p1a: Chansi\n|-damage|p1a: Chansi|20\/100 brn\n|\n|-weather|Snow|[upkeep]\n|-damage|p1a: Chansi|14\/100 brn|[from] brn\n|upkeep\n|turn|22\n|\n|t:|1700157076\n|move|p2a: lechuga|Giga Drain|p1a: Chansi\n|-damage|p1a: Chansi|0 fnt\n|-heal|p2a: lechuga|39\/100|[from] drain|[of] p1a: Chansi\n|faint|p1a: Chansi\n|\n|-weather|Snow|[upkeep]\n|upkeep\n|\n|t:|1700157105\n|switch|p1a: Vikabolt|Gliscor, F|95\/100 tox\n|turn|23\n|\n|t:|1700157126\n|move|p1a: Vikabolt|Facade|p2a: lechuga\n|-damage|p2a: lechuga|1\/100\n|move|p2a: lechuga|Earthquake|p1a: Vikabolt\n|-immune|p1a: Vikabolt\n|\n|-weather|Snow|[upkeep]\n|-heal|p1a: Vikabolt|100\/100 tox|[from] ability: Poison Heal\n|upkeep\n|turn|24\n|\n|t:|1700157137\n|move|p1a: Vikabolt|Earthquake|p2a: lechuga\n|-resisted|p2a: lechuga\n|-damage|p2a: lechuga|0 fnt\n|faint|p2a: lechuga\n|\n|-weather|none\n|upkeep\n|\n|t:|1700157144\n|switch|p2a: carne|Moltres|91\/100\n|turn|25\n|\n|t:|1700157164\n|move|p2a: carne|Fire Blast|p1a: Vikabolt\n|-crit|p1a: Vikabolt\n|-damage|p1a: Vikabolt|0 fnt\n|faint|p1a: Vikabolt\n|\n|upkeep\n|\n|t:|1700157168\n|switch|p1a: Longanizo|Gyarados, M, shiny|46\/100\n|-ability|p1a: Longanizo|Intimidate|boost\n|-unboost|p2a: carne|atk|1\n|turn|26\n|\n|t:|1700157175\n|move|p1a: Longanizo|Waterfall|p2a: carne\n|-supereffective|p2a: carne\n|-damage|p2a: carne|0 fnt\n|faint|p2a: carne\n|\n|upkeep\n|\n|t:|1700157180\n|switch|p2a: queso|Ninetales-Alola, F, shiny|29\/100\n|-activate|p2a: queso|move: Sticky Web\n|-unboost|p2a: queso|spe|1\n|-weather|Snow|[from] ability: Snow Warning|[of] p2a: queso\n|turn|27\n|\n|t:|1700157206\n|move|p1a: Longanizo|Earthquake|p2a: queso\n|-damage|p2a: queso|0 fnt\n|faint|p2a: queso\n|\n|-weather|Snow|[upkeep]\n|upkeep\n|\n|t:|1700157211\n|switch|p2a: ketchup|Kommo-o, M|94\/100 tox\n|-activate|p2a: ketchup|move: Sticky Web\n|-unboost|p2a: ketchup|spe|1\n|turn|28\n|\n|t:|1700157216\n|move|p1a: Longanizo|Waterfall|p2a: ketchup\n|-resisted|p2a: ketchup\n|-damage|p2a: ketchup|76\/100 tox\n|move|p2a: ketchup|Dragon Dance|p2a: ketchup\n|-boost|p2a: ketchup|atk|1\n|-boost|p2a: ketchup|spe|1\n|\n|-weather|Snow|[upkeep]\n|-damage|p2a: ketchup|70\/100 tox|[from] psn\n|upkeep\n|turn|29\n|\n|t:|1700157240\n|move|p1a: Longanizo|Earthquake|p2a: ketchup\n|-damage|p2a: ketchup|46\/100 tox\n|move|p2a: ketchup|Iron Head|p1a: Longanizo\n|-resisted|p1a: Longanizo\n|-damage|p1a: Longanizo|26\/100\n|\n|-weather|Snow|[upkeep]\n|-damage|p2a: ketchup|34\/100 tox|[from] psn\n|upkeep\n|turn|30\n|\n|t:|1700157248\n|move|p1a: Longanizo|Earthquake|p2a: ketchup\n|-damage|p2a: ketchup|9\/100 tox\n|move|p2a: ketchup|Iron Head|p1a: Longanizo\n|-resisted|p1a: Longanizo\n|-damage|p1a: Longanizo|7\/100\n|\n|-weather|Snow|[upkeep]\n|-damage|p2a: ketchup|0 fnt|[from] psn\n|faint|p2a: ketchup\n|\n|win|SportsyReal\n|upkeep\n","uploadtime":1700157263,"views":10,"p1id":"sportsyreal","p2id":"cristianuez34","formatid":"gen9nationaldex","rating":0,"private":0,"password":""}