{"id":"gen9nationaldex-1991634810","p1":"Octavioth3second","p2":"Kayzn \u262f","format":"[Gen 9] National Dex","log":"|j|\u2606Octavioth3second\n|j|\u2606Kayzn \u262f\n|inactive|Battle timer is ON: inactive players will automatically lose when time's up.\n|t:|1700096695\n|gametype|singles\n|player|p1|Octavioth3second|scientistf|\n|player|p2|Kayzn \u262f|ash-kalos|\n|teamsize|p1|6\n|teamsize|p2|6\n|gen|9\n|tier|[Gen 9] National Dex\n|rated|Tournament battle\n|rule|HP Percentage Mod: HP is shown in percentages\n|rule|Endless Battle Clause: Forcing endless battles is banned\n|rule|OHKO Clause: OHKO moves are banned\n|rule|Evasion Clause: Evasion abilities, items, and moves are banned\n|rule|Evasion Abilities Clause: Evasion abilities are banned\n|rule|Evasion Items Clause: Evasion items are banned\n|rule|Evasion Moves Clause: Evasion moves are banned\n|rule|Species Clause: Limit one of each Pok\u00e9mon\n|rule|Sleep Clause Mod: Limit one foe put to sleep\n|clearpoke\n|poke|p1|Diancie|\n|poke|p1|Corviknight, M|\n|poke|p1|Sinistcha|\n|poke|p1|Ferrothorn, M|\n|poke|p1|Toxapex, M|\n|poke|p1|Urshifu-*, F|\n|poke|p2|Great Tusk|\n|poke|p2|Urshifu-*, M|\n|poke|p2|Garganacl, M|\n|poke|p2|Rillaboom, M|\n|poke|p2|Charizard, M|\n|poke|p2|Hatterene, F|\n|teampreview\n|inactive|Octavioth3second also wants the timer to be on.\n|inactive|Kayzn \u262f also wants the timer to be on.\n|\n|t:|1700096712\n|start\n|switch|p1a: Sinistcha|Sinistcha|100\/100\n|switch|p2a: Rillaboom|Rillaboom, M|100\/100\n|-fieldstart|move: Grassy Terrain|[from] ability: Grassy Surge|[of] p2a: Rillaboom\n|turn|1\n|\n|t:|1700096728\n|move|p2a: Rillaboom|Knock Off|p1a: Sinistcha\n|-supereffective|p1a: Sinistcha\n|-damage|p1a: Sinistcha|4\/100\n|-enditem|p1a: Sinistcha|Leftovers|[from] move: Knock Off|[of] p2a: Rillaboom\n|move|p1a: Sinistcha|Shadow Ball|p2a: Rillaboom\n|-damage|p2a: Rillaboom|38\/100\n|-unboost|p2a: Rillaboom|spd|1\n|\n|-heal|p2a: Rillaboom|44\/100|[from] Grassy Terrain\n|-heal|p1a: Sinistcha|10\/100|[from] Grassy Terrain\n|upkeep\n|turn|2\n|\n|t:|1700096745\n|move|p2a: Rillaboom|Knock Off|p1a: Sinistcha\n|-supereffective|p1a: Sinistcha\n|-damage|p1a: Sinistcha|0 fnt\n|faint|p1a: Sinistcha\n|\n|-heal|p2a: Rillaboom|50\/100|[from] Grassy Terrain\n|upkeep\n|\n|t:|1700096752\n|switch|p1a: Diancie|Diancie|100\/100\n|turn|3\n|\n|t:|1700096763\n|switch|p2a: Hatterene|Hatterene, F|100\/100\n|detailschange|p1a: Diancie|Diancie-Mega\n|-mega|p1a: Diancie|Diancie|Diancite\n|move|p1a: Diancie|Mystical Fire|p2a: Hatterene\n|-damage|p2a: Hatterene|68\/100\n|-unboost|p2a: Hatterene|spa|1\n|-enditem|p2a: Hatterene|Eject Button\n|\n|t:|1700096767\n|switch|p2a: Rillaboom|Rillaboom, M|50\/100\n|\n|-heal|p2a: Rillaboom|57\/100|[from] Grassy Terrain\n|upkeep\n|turn|4\n|j| leona misa\n|\n|t:|1700096779\n|switch|p1a: Ferrothorn|Ferrothorn, M|100\/100\n|move|p2a: Rillaboom|Grassy Glide|p1a: Ferrothorn\n|-resisted|p1a: Ferrothorn\n|-damage|p1a: Ferrothorn|92\/100\n|-damage|p2a: Rillaboom|44\/100|[from] ability: Iron Barbs|[of] p1a: Ferrothorn\n|\n|-heal|p2a: Rillaboom|50\/100|[from] Grassy Terrain\n|-heal|p1a: Ferrothorn|98\/100|[from] Grassy Terrain\n|-heal|p1a: Ferrothorn|100\/100|[from] item: Leftovers\n|upkeep\n|turn|5\n|\n|t:|1700096794\n|switch|p2a: Charizard|Charizard, M|100\/100\n|move|p1a: Ferrothorn|Toxic|p2a: Charizard\n|-status|p2a: Charizard|tox\n|\n|-damage|p2a: Charizard|94\/100 tox|[from] psn\n|-fieldend|move: Grassy Terrain\n|upkeep\n|turn|6\n|\n|t:|1700096805\n|switch|p2a: Hatterene|Hatterene, F|68\/100\n|switch|p1a: Urshifu|Urshifu, F|100\/100\n|\n|upkeep\n|turn|7\n|\n|t:|1700096817\n|move|p1a: Urshifu|U-turn|p2a: Hatterene\n|-damage|p2a: Hatterene|37\/100\n|\n|t:|1700096827\n|switch|p1a: Ferrothorn|Ferrothorn, M|100\/100|[from] U-turn\n|move|p2a: Hatterene|Nuzzle|p1a: Ferrothorn\n|-resisted|p1a: Ferrothorn\n|-damage|p1a: Ferrothorn|99\/100\n|-status|p1a: Ferrothorn|par\n|-damage|p2a: Hatterene|24\/100|[from] ability: Iron Barbs|[of] p1a: Ferrothorn\n|\n|-heal|p1a: Ferrothorn|100\/100 par|[from] item: Leftovers\n|upkeep\n|turn|8\n|\n|t:|1700096839\n|move|p2a: Hatterene|Healing Wish|p2a: Hatterene\n|faint|p2a: Hatterene\n|move|p1a: Ferrothorn|Gyro Ball|p2: Hatterene|[notarget]\n|-fail|p1a: Ferrothorn\n|\n|upkeep\n|\n|t:|1700096841\n|switch|p2a: Charizard|Charizard, M|94\/100 tox\n|-heal|p2a: Charizard|100\/100|[from] move: Healing Wish\n|turn|9\n|\n|t:|1700096852\n|detailschange|p2a: Charizard|Charizard-Mega-Y, M\n|-mega|p2a: Charizard|Charizard|Charizardite Y\n|-weather|SunnyDay|[from] ability: Drought|[of] p2a: Charizard\n|move|p2a: Charizard|Weather Ball|p1a: Ferrothorn\n|-supereffective|p1a: Ferrothorn\n|-damage|p1a: Ferrothorn|0 fnt\n|faint|p1a: Ferrothorn\n|\n|-weather|SunnyDay|[upkeep]\n|upkeep\n|\n|t:|1700096864\n|switch|p1a: Urshifu|Urshifu, F|100\/100\n|turn|10\n|\n|t:|1700096872\n|switch|p2a: Great Tusk|Great Tusk|100\/100\n|-activate|p2a: Great Tusk|ability: Protosynthesis\n|-start|p2a: Great Tusk|protosynthesisdef\n|move|p1a: Urshifu|Darkest Lariat|p2a: Great Tusk\n|-resisted|p2a: Great Tusk\n|-damage|p2a: Great Tusk|88\/100\n|\n|-weather|SunnyDay|[upkeep]\n|-heal|p2a: Great Tusk|94\/100|[from] item: Leftovers\n|upkeep\n|turn|11\n|\n|t:|1700096891\n|switch|p1a: Corviknight|Corviknight, M|100\/100\n|-ability|p1a: Corviknight|Pressure\n|move|p2a: Great Tusk|Rapid Spin|p1a: Corviknight\n|-resisted|p1a: Corviknight\n|-damage|p1a: Corviknight|96\/100\n|-boost|p2a: Great Tusk|spe|1\n|\n|-weather|SunnyDay|[upkeep]\n|-heal|p2a: Great Tusk|100\/100|[from] item: Leftovers\n|upkeep\n|turn|12\n|inactive|Octavioth3second has 120 seconds left.\n|\n|t:|1700096910\n|move|p2a: Great Tusk|Stealth Rock|p1a: Corviknight\n|-sidestart|p1: Octavioth3second|move: Stealth Rock\n|move|p1a: Corviknight|Roost|p1a: Corviknight\n|-heal|p1a: Corviknight|100\/100\n|-singleturn|p1a: Corviknight|move: Roost\n|\n|-weather|SunnyDay|[upkeep]\n|upkeep\n|turn|13\n|j| OuterDreams\n|\n|t:|1700096918\n|-end|p2a: Great Tusk|Protosynthesis|[silent]\n|switch|p2a: Garganacl|Garganacl, M|100\/100\n|move|p1a: Corviknight|Defog|p2a: Garganacl\n|-unboost|p2a: Garganacl|evasion|1\n|-sideend|p1: Octavioth3second|Stealth Rock|[from] move: Defog|[of] p1a: Corviknight\n|\n|-weather|none\n|upkeep\n|turn|14\n|\n|t:|1700096927\n|switch|p1a: Urshifu|Urshifu, F|100\/100\n|move|p2a: Garganacl|Salt Cure|p1a: Urshifu\n|-resisted|p1a: Urshifu\n|-damage|p1a: Urshifu|94\/100\n|-start|p1a: Urshifu|Salt Cure\n|\n|-damage|p1a: Urshifu|82\/100|[from] Salt Cure\n|upkeep\n|turn|15\n|\n|t:|1700096941\n|switch|p2a: Great Tusk|Great Tusk|100\/100\n|move|p1a: Urshifu|Close Combat|p2a: Great Tusk\n|-damage|p2a: Great Tusk|55\/100\n|-unboost|p1a: Urshifu|def|1\n|-unboost|p1a: Urshifu|spd|1\n|\n|-heal|p2a: Great Tusk|61\/100|[from] item: Leftovers\n|-damage|p1a: Urshifu|70\/100|[from] Salt Cure\n|upkeep\n|turn|16\n|inactive|Octavioth3second has 120 seconds left.\n|\n|t:|1700096962\n|switch|p1a: Diancie|Diancie-Mega|100\/100\n|move|p2a: Great Tusk|Earthquake|p1a: Diancie\n|-supereffective|p1a: Diancie\n|-damage|p1a: Diancie|0 fnt\n|faint|p1a: Diancie\n|\n|-heal|p2a: Great Tusk|67\/100|[from] item: Leftovers\n|upkeep\n|inactive|Octavioth3second has 120 seconds left.\n|\n|t:|1700096971\n|switch|p1a: Corviknight|Corviknight, M|100\/100\n|-ability|p1a: Corviknight|Pressure\n|turn|17\n|\n|t:|1700096979\n|-end|p2a: Great Tusk|Protosynthesis|[silent]\n|switch|p2a: Charizard|Charizard-Mega-Y, M|100\/100\n|-weather|SunnyDay|[from] ability: Drought|[of] p2a: Charizard\n|move|p1a: Corviknight|Brave Bird|p2a: Charizard\n|-damage|p2a: Charizard|46\/100\n|-damage|p1a: Corviknight|87\/100|[from] Recoil\n|\n|-weather|SunnyDay|[upkeep]\n|upkeep\n|turn|18\n|\n|t:|1700096990\n|switch|p1a: Toxapex|Toxapex, M|100\/100\n|move|p2a: Charizard|Weather Ball|p1a: Toxapex\n|-resisted|p1a: Toxapex\n|-damage|p1a: Toxapex|66\/100\n|\n|-weather|SunnyDay|[upkeep]\n|-heal|p1a: Toxapex|72\/100|[from] item: Leftovers\n|upkeep\n|turn|19\n|l| leona misa\n|\n|t:|1700097004\n|switch|p2a: Garganacl|Garganacl, M|100\/100\n|move|p1a: Toxapex|Infestation|p2a: Garganacl\n|-damage|p2a: Garganacl|99\/100\n|-activate|p2a: Garganacl|move: Infestation|[of] p1a: Toxapex\n|\n|-weather|SunnyDay|[upkeep]\n|-heal|p2a: Garganacl|100\/100|[from] item: Leftovers\n|-heal|p1a: Toxapex|78\/100|[from] item: Leftovers\n|-damage|p2a: Garganacl|88\/100|[from] move: Infestation|[partiallytrapped]\n|upkeep\n|turn|20\n|\n|t:|1700097017\n|move|p1a: Toxapex|Baneful Bunker|p1a: Toxapex\n|-singleturn|p1a: Toxapex|move: Protect\n|move|p2a: Garganacl|Salt Cure|p1a: Toxapex\n|-activate|p1a: Toxapex|move: Protect\n|\n|-weather|SunnyDay|[upkeep]\n|-heal|p1a: Toxapex|84\/100|[from] item: Leftovers\n|-heal|p2a: Garganacl|94\/100|[from] item: Leftovers\n|-damage|p2a: Garganacl|82\/100|[from] move: Infestation|[partiallytrapped]\n|upkeep\n|turn|21\n|\n|t:|1700097028\n|switch|p1a: Urshifu|Urshifu, F|70\/100\n|move|p2a: Garganacl|Salt Cure|p1a: Urshifu\n|-resisted|p1a: Urshifu\n|-damage|p1a: Urshifu|63\/100\n|-start|p1a: Urshifu|Salt Cure\n|\n|-weather|none\n|-heal|p2a: Garganacl|88\/100|[from] item: Leftovers\n|-damage|p1a: Urshifu|50\/100|[from] Salt Cure\n|-end|p2a: Garganacl|Infestation|[partiallytrapped]|[silent]\n|upkeep\n|turn|22\n|\n|t:|1700097040\n|switch|p2a: Great Tusk|Great Tusk|67\/100\n|move|p1a: Urshifu|Close Combat|p2a: Great Tusk\n|-damage|p2a: Great Tusk|20\/100\n|-unboost|p1a: Urshifu|def|1\n|-unboost|p1a: Urshifu|spd|1\n|\n|-heal|p2a: Great Tusk|26\/100|[from] item: Leftovers\n|-damage|p1a: Urshifu|38\/100|[from] Salt Cure\n|upkeep\n|turn|23\n|\n|t:|1700097052\n|switch|p1a: Toxapex|Toxapex, M|100\/100\n|move|p2a: Great Tusk|Rapid Spin|p1a: Toxapex\n|-damage|p1a: Toxapex|91\/100\n|-boost|p2a: Great Tusk|spe|1\n|\n|-heal|p2a: Great Tusk|33\/100|[from] item: Leftovers\n|-heal|p1a: Toxapex|98\/100|[from] item: Leftovers\n|upkeep\n|turn|24\n|\n|t:|1700097057\n|move|p2a: Great Tusk|Earthquake|p1a: Toxapex\n|-supereffective|p1a: Toxapex\n|-damage|p1a: Toxapex|46\/100\n|move|p1a: Toxapex|Haze|p1a: Toxapex\n|-clearallboost\n|\n|-heal|p2a: Great Tusk|39\/100|[from] item: Leftovers\n|-heal|p1a: Toxapex|52\/100|[from] item: Leftovers\n|upkeep\n|turn|25\n|\n|t:|1700097073\n|-end|p2a: Great Tusk|Protosynthesis|[silent]\n|switch|p2a: Rillaboom|Rillaboom, M|50\/100\n|-fieldstart|move: Grassy Terrain|[from] ability: Grassy Surge|[of] p2a: Rillaboom\n|switch|p1a: Corviknight|Corviknight, M|87\/100\n|-ability|p1a: Corviknight|Pressure\n|\n|-heal|p2a: Rillaboom|57\/100|[from] Grassy Terrain\n|upkeep\n|turn|26\n|\n|t:|1700097088\n|move|p2a: Rillaboom|Knock Off|p1a: Corviknight\n|-damage|p1a: Corviknight|52\/100\n|-enditem|p1a: Corviknight|Heavy-Duty Boots|[from] move: Knock Off|[of] p2a: Rillaboom\n|move|p1a: Corviknight|Brave Bird|p2a: Rillaboom\n|-supereffective|p2a: Rillaboom\n|-crit|p2a: Rillaboom\n|-damage|p2a: Rillaboom|0 fnt\n|faint|p2a: Rillaboom\n|-damage|p1a: Corviknight|37\/100|[from] Recoil\n|\n|upkeep\n|\n|t:|1700097092\n|switch|p2a: Charizard|Charizard-Mega-Y, M|46\/100\n|-weather|SunnyDay|[from] ability: Drought|[of] p2a: Charizard\n|turn|27\n|\n|t:|1700097102\n|switch|p1a: Toxapex|Toxapex, M|85\/100\n|move|p2a: Charizard|Weather Ball|p1a: Toxapex\n|-resisted|p1a: Toxapex\n|-damage|p1a: Toxapex|45\/100\n|\n|-weather|SunnyDay|[upkeep]\n|-heal|p1a: Toxapex|51\/100|[from] Grassy Terrain\n|-heal|p1a: Toxapex|57\/100|[from] item: Leftovers\n|upkeep\n|turn|28\n|\n|t:|1700097114\n|move|p2a: Charizard|Air Slash|p1a: Toxapex|[miss]\n|-miss|p2a: Charizard|p1a: Toxapex\n|move|p1a: Toxapex|Toxic|p2a: Charizard\n|-status|p2a: Charizard|tox\n|\n|-weather|SunnyDay|[upkeep]\n|-heal|p1a: Toxapex|63\/100|[from] Grassy Terrain\n|-heal|p1a: Toxapex|70\/100|[from] item: Leftovers\n|-damage|p2a: Charizard|40\/100 tox|[from] psn\n|upkeep\n|turn|29\n|\n|t:|1700097125\n|switch|p2a: Urshifu|Urshifu, M|100\/100\n|move|p1a: Toxapex|Infestation|p2a: Urshifu\n|-damage|p2a: Urshifu|96\/100\n|-activate|p2a: Urshifu|move: Infestation|[of] p1a: Toxapex\n|\n|-weather|SunnyDay|[upkeep]\n|-heal|p2a: Urshifu|100\/100|[from] Grassy Terrain\n|-heal|p1a: Toxapex|76\/100|[from] Grassy Terrain\n|-heal|p1a: Toxapex|82\/100|[from] item: Leftovers\n|-damage|p2a: Urshifu|88\/100|[from] move: Infestation|[partiallytrapped]\n|-fieldend|move: Grassy Terrain\n|upkeep\n|turn|30\n|\n|t:|1700097139\n|move|p2a: Urshifu|Swords Dance|p2a: Urshifu\n|-boost|p2a: Urshifu|atk|2\n|move|p1a: Toxapex|Toxic|p2a: Urshifu\n|-status|p2a: Urshifu|tox\n|\n|-weather|SunnyDay|[upkeep]\n|-heal|p1a: Toxapex|88\/100|[from] item: Leftovers\n|-damage|p2a: Urshifu|82\/100 tox|[from] psn\n|-damage|p2a: Urshifu|70\/100 tox|[from] move: Infestation|[partiallytrapped]\n|upkeep\n|turn|31\n|\n|t:|1700097151\n|move|p2a: Urshifu|Wicked Blow|p1a: Toxapex\n|-crit|p1a: Toxapex\n|-damage|p1a: Toxapex|0 fnt\n|faint|p1a: Toxapex\n|\n|-weather|none\n|-damage|p2a: Urshifu|57\/100 tox|[from] psn\n|-end|p2a: Urshifu|Infestation|[partiallytrapped]|[silent]\n|upkeep\n|c|\u2606Kayzn \u262f|\/\/dt wicked blow\n|\n|t:|1700097162\n|switch|p1a: Urshifu|Urshifu, F|38\/100\n|turn|32\n|c|\u2606Kayzn \u262f|whoops\n|\n|t:|1700097176\n|-terastallize|p2a: Urshifu|Dark\n|-terastallize|p1a: Urshifu|Fighting\n|move|p2a: Urshifu|Sucker Punch|p1a: Urshifu\n|-resisted|p1a: Urshifu\n|-damage|p1a: Urshifu|0 fnt\n|faint|p1a: Urshifu\n|\n|-damage|p2a: Urshifu|39\/100 tox|[from] psn\n|upkeep\n|\n|t:|1700097185\n|switch|p1a: Corviknight|Corviknight, M|37\/100\n|-ability|p1a: Corviknight|Pressure\n|turn|33\n|c|\u2606Kayzn \u262f|ggs\n|\n|t:|1700097191\n|move|p2a: Urshifu|Wicked Blow|p1a: Corviknight\n|-crit|p1a: Corviknight\n|-damage|p1a: Corviknight|0 fnt\n|faint|p1a: Corviknight\n|\n|win|Kayzn \u262f\n|n|\u2606Octavioth3second|octavioth3second\n|n|\u2606Kayzn \u262f|kayzn\n|n| OuterDreams|outerdreams\n|l|\u2606Octavioth3second\n|j| OVOHunchoSeth\n|j| hidin\n|l| hidin\n|l| OVOHunchoSeth\n","uploadtime":1700097643,"views":6,"p1id":"octavioth3second","p2id":"kayzn","formatid":"gen9nationaldex","rating":0,"private":0,"password":""}