{"id":"gen9nationaldex-1987342349","p1":"MaxiBielo","p2":"Lufano5","format":"[Gen 9] National Dex","log":"|j|\u2606MaxiBielo\n|j|\u2606Lufano5\n|t:|1699579637\n|gametype|singles\n|player|p1|MaxiBielo|2|1082\n|player|p2|Lufano5|265|1105\n|teamsize|p1|6\n|teamsize|p2|6\n|gen|9\n|tier|[Gen 9] National Dex\n|rated|\n|rule|HP Percentage Mod: HP is shown in percentages\n|rule|Endless Battle Clause: Forcing endless battles is banned\n|rule|OHKO Clause: OHKO moves are banned\n|rule|Evasion Clause: Evasion abilities, items, and moves are banned\n|rule|Evasion Abilities Clause: Evasion abilities are banned\n|rule|Evasion Items Clause: Evasion items are banned\n|rule|Evasion Moves Clause: Evasion moves are banned\n|rule|Species Clause: Limit one of each Pok\u00e9mon\n|rule|Sleep Clause Mod: Limit one foe put to sleep\n|clearpoke\n|poke|p1|Talonflame, F|\n|poke|p1|Gardevoir, F|\n|poke|p1|Gliscor, F|\n|poke|p1|Breloom, F|\n|poke|p1|Clamperl, F|\n|poke|p1|Electrode-Hisui|\n|poke|p2|Lopunny, F|\n|poke|p2|Manaphy|\n|poke|p2|Orbeetle, F|\n|poke|p2|Kleavor, F|\n|poke|p2|Volcarona, F|\n|poke|p2|Enamorus, F|\n|teampreview\n|\n|t:|1699579643\n|start\n|switch|p1a: Talonflame|Talonflame, F, shiny|100\/100\n|switch|p2a: Orbeetle|Orbeetle, F|100\/100\n|-item|p1a: Talonflame|Flyinium Z|[from] ability: Frisk|[of] p2a: Orbeetle|[identify]\n|turn|1\n|\n|t:|1699579656\n|move|p1a: Talonflame|Flame Charge|p2a: Orbeetle\n|-supereffective|p2a: Orbeetle\n|-damage|p2a: Orbeetle|63\/100\n|-boost|p1a: Talonflame|spe|1\n|move|p2a: Orbeetle|Sticky Web|p1a: Talonflame\n|-sidestart|p1: MaxiBielo|move: Sticky Web\n|\n|upkeep\n|turn|2\n|\n|t:|1699579668\n|switch|p2a: Kleavor|Kleavor, F|100\/100\n|move|p1a: Talonflame|Dual Wingbeat|p2a: Kleavor\n|-crit|p2a: Kleavor\n|-damage|p2a: Kleavor|69\/100\n|-damage|p2a: Kleavor|51\/100\n|-hitcount|p2a: Kleavor|2\n|\n|upkeep\n|turn|3\n|\n|t:|1699579687\n|-zpower|p1a: Talonflame\n|move|p1a: Talonflame|Supersonic Skystrike|p2a: Kleavor|[zeffect]\n|-damage|p2a: Kleavor|0 fnt\n|faint|p2a: Kleavor\n|\n|upkeep\n|\n|t:|1699579705\n|switch|p2a: Manaphy|Manaphy|100\/100\n|turn|4\n|\n|t:|1699579713\n|switch|p1a: Electrode|Electrode-Hisui, shiny|100\/100\n|-activate|p1a: Electrode|move: Sticky Web\n|-unboost|p1a: Electrode|spe|1\n|move|p2a: Manaphy|Surf|p1a: Electrode\n|-resisted|p1a: Electrode\n|-damage|p1a: Electrode|76\/100\n|\n|upkeep\n|turn|5\n|\n|t:|1699579727\n|switch|p2a: Orbeetle|Orbeetle, F|63\/100\n|-item|p1a: Electrode|Rocky Helmet|[from] ability: Frisk|[of] p2a: Orbeetle|[identify]\n|move|p1a: Electrode|Leech Seed|p2a: Orbeetle|[miss]\n|-miss|p1a: Electrode|p2a: Orbeetle\n|\n|upkeep\n|turn|6\n|\n|t:|1699579736\n|-terastallize|p1a: Electrode|Water\n|move|p2a: Orbeetle|Trick|p1a: Electrode\n|-activate|p2a: Orbeetle|move: Trick|[of] p1a: Electrode\n|-item|p1a: Electrode|Choice Scarf|[from] move: Trick\n|-item|p2a: Orbeetle|Rocky Helmet|[from] move: Trick\n|move|p1a: Electrode|Leech Seed|p2a: Orbeetle\n|-start|p2a: Orbeetle|move: Leech Seed\n|\n|-damage|p2a: Orbeetle|51\/100|[from] Leech Seed|[of] p1a: Electrode\n|-heal|p1a: Electrode|88\/100|[silent]\n|upkeep\n|turn|7\n|\n|t:|1699579756\n|switch|p1a: Breloom|Breloom, F, shiny|100\/100\n|-activate|p1a: Breloom|move: Sticky Web\n|-unboost|p1a: Breloom|spe|1\n|move|p2a: Orbeetle|Confuse Ray|p1a: Breloom\n|-start|p1a: Breloom|confusion\n|\n|-damage|p2a: Orbeetle|38\/100|[from] Leech Seed|[of] p1a: Breloom\n|-status|p1a: Breloom|tox|[from] item: Toxic Orb\n|upkeep\n|turn|8\n|\n|t:|1699579773\n|-activate|p1a: Breloom|confusion\n|move|p1a: Breloom|Protect|p1a: Breloom\n|-singleturn|p1a: Breloom|Protect\n|move|p2a: Orbeetle|Future Sight|p1a: Breloom\n|-start|p2a: Orbeetle|move: Future Sight\n|\n|-damage|p2a: Orbeetle|26\/100|[from] Leech Seed|[of] p1a: Breloom\n|upkeep\n|turn|9\n|\n|t:|1699579788\n|switch|p2a: Enamorus|Enamorus, F|100\/100\n|-activate|p1a: Breloom|confusion\n|-damage|p1a: Breloom|87\/100 tox|[from] confusion\n|\n|-heal|p1a: Breloom|99\/100 tox|[from] ability: Poison Heal\n|upkeep\n|turn|10\n|\n|t:|1699579797\n|-terastallize|p2a: Enamorus|Fighting\n|move|p2a: Enamorus|Superpower|p1a: Breloom\n|-damage|p1a: Breloom|36\/100 tox\n|-boost|p2a: Enamorus|atk|1\n|-boost|p2a: Enamorus|def|1\n|-activate|p1a: Breloom|confusion\n|move|p1a: Breloom|Substitute|p1a: Breloom\n|-start|p1a: Breloom|Substitute\n|-damage|p1a: Breloom|12\/100 tox\n|\n|-end|p1a: Breloom|move: Future Sight\n|-supereffective|p1a: Breloom\n|-end|p1a: Breloom|Substitute\n|-heal|p1a: Breloom|24\/100 tox|[from] ability: Poison Heal\n|upkeep\n|turn|11\n|\n|t:|1699579812\n|move|p2a: Enamorus|Superpower|p1a: Breloom\n|-damage|p1a: Breloom|0 fnt\n|-boost|p2a: Enamorus|atk|1\n|-boost|p2a: Enamorus|def|1\n|faint|p1a: Breloom\n|\n|upkeep\n|\n|t:|1699579825\n|switch|p1a: Gardevoir|Gardevoir, F, shiny|100\/100\n|-activate|p1a: Gardevoir|move: Sticky Web\n|-unboost|p1a: Gardevoir|spe|1\n|-ability|p1a: Gardevoir|Contrary|[from] ability: Trace|[of] p2a: Enamorus\n|turn|12\n|\n|t:|1699579832\n|detailschange|p1a: Gardevoir|Gardevoir-Mega, F, shiny\n|-mega|p1a: Gardevoir|Gardevoir|Gardevoirite\n|move|p2a: Enamorus|Superpower|p1a: Gardevoir\n|-resisted|p1a: Gardevoir\n|-damage|p1a: Gardevoir|31\/100\n|-boost|p2a: Enamorus|atk|1\n|-boost|p2a: Enamorus|def|1\n|move|p1a: Gardevoir|Psychic Terrain|p1a: Gardevoir\n|-fieldstart|move: Psychic Terrain\n|\n|upkeep\n|turn|13\n|\n|t:|1699579842\n|move|p2a: Enamorus|Superpower|p1a: Gardevoir\n|-resisted|p1a: Gardevoir\n|-damage|p1a: Gardevoir|0 fnt\n|-boost|p2a: Enamorus|atk|1\n|-boost|p2a: Enamorus|def|1\n|faint|p1a: Gardevoir\n|\n|upkeep\n|\n|t:|1699579853\n|switch|p1a: Clamperl|Clamperl, F, shiny|100\/100\n|-activate|p1a: Clamperl|move: Sticky Web\n|-unboost|p1a: Clamperl|spe|1\n|turn|14\n|\n|t:|1699579858\n|move|p2a: Enamorus|Superpower|p1a: Clamperl\n|-damage|p1a: Clamperl|0 fnt\n|-boost|p2a: Enamorus|atk|1\n|-boost|p2a: Enamorus|def|1\n|faint|p1a: Clamperl\n|\n|upkeep\n|\n|t:|1699579864\n|switch|p1a: Electrode|Electrode-Hisui, shiny, tera:Water|88\/100\n|-activate|p1a: Electrode|move: Sticky Web\n|-unboost|p1a: Electrode|spe|1\n|turn|15\n|\n|t:|1699579871\n|move|p1a: Electrode|Leech Seed|p2a: Enamorus\n|-start|p2a: Enamorus|move: Leech Seed\n|move|p2a: Enamorus|Superpower|p1a: Electrode\n|-damage|p1a: Electrode|0 fnt\n|-boost|p2a: Enamorus|atk|1\n|-boost|p2a: Enamorus|def|1\n|-damage|p2a: Enamorus|76\/100|[from] ability: Aftermath|[of] p1a: Electrode\n|faint|p1a: Electrode\n|\n|upkeep\n|\n|t:|1699579880\n|switch|p1a: Gliscor|Gliscor, F, shiny|100\/100\n|turn|16\n|\n|t:|1699579889\n|move|p2a: Enamorus|Superpower|p1a: Gliscor\n|-resisted|p1a: Gliscor\n|-damage|p1a: Gliscor|0 fnt\n|faint|p1a: Gliscor\n|\n|-fieldend|move: Psychic Terrain\n|upkeep\n|\n|t:|1699579894\n|switch|p1a: Talonflame|Talonflame, F, shiny|100\/100\n|turn|17\n|\n|t:|1699579899\n|move|p1a: Talonflame|Brave Bird|p2a: Enamorus\n|-supereffective|p2a: Enamorus\n|-damage|p2a: Enamorus|38\/100\n|-damage|p1a: Talonflame|88\/100|[from] Recoil\n|move|p2a: Enamorus|Superpower|p1a: Talonflame\n|-resisted|p1a: Talonflame\n|-damage|p1a: Talonflame|0 fnt\n|faint|p1a: Talonflame\n|\n|win|Lufano5\n|raw|MaxiBielo's rating: 1082 &rarr; <strong>1061<\/strong><br \/>(-21 for losing)\n|raw|Lufano5's rating: 1105 &rarr; <strong>1128<\/strong><br \/>(+23 for winning)\n|l|\u2606MaxiBielo\n|c|\u2606Lufano5|GG\n","uploadtime":1699579916,"views":5,"p1id":"maxibielo","p2id":"lufano5","formatid":"gen9nationaldex","rating":1061,"private":0,"password":""}