{"id":"gen9nationaldex-1989969463","p1":"jhosuedaniel","p2":"King_Lion1123","format":"[Gen 9] National Dex","log":"|j|\u2606jhosuedaniel\n|j|\u2606King_Lion1123\n|t:|1699911192\n|gametype|singles\n|player|p1|jhosuedaniel|nate|1312\n|player|p2|King_Lion1123|266|1215\n|teamsize|p1|6\n|teamsize|p2|6\n|gen|9\n|tier|[Gen 9] National Dex\n|rated|\n|rule|HP Percentage Mod: HP is shown in percentages\n|rule|Endless Battle Clause: Forcing endless battles is banned\n|rule|OHKO Clause: OHKO moves are banned\n|rule|Evasion Clause: Evasion abilities, items, and moves are banned\n|rule|Evasion Abilities Clause: Evasion abilities are banned\n|rule|Evasion Items Clause: Evasion items are banned\n|rule|Evasion Moves Clause: Evasion moves are banned\n|rule|Species Clause: Limit one of each Pok\u00e9mon\n|rule|Sleep Clause Mod: Limit one foe put to sleep\n|clearpoke\n|poke|p1|Nidoqueen, F|\n|poke|p1|Gigalith, M|\n|poke|p1|Dragonite, F|\n|poke|p1|Gengar, M|\n|poke|p1|Scizor, M|\n|poke|p1|Tapu Fini|\n|poke|p2|Lopunny, M|\n|poke|p2|Dragonite, F|\n|poke|p2|Glimmora, F|\n|poke|p2|Greninja-*, M|\n|poke|p2|Iron Valiant|\n|poke|p2|Slither Wing|\n|teampreview\n|\n|t:|1699911198\n|start\n|switch|p1a: Rey Boo|Gengar, M|100\/100\n|switch|p2a: Glimmora|Glimmora, F|100\/100\n|turn|1\n|\n|t:|1699911210\n|move|p1a: Rey Boo|Taunt|p2a: Glimmora\n|-start|p2a: Glimmora|move: Taunt\n|move|p2a: Glimmora|Earth Power|p1a: Rey Boo\n|-supereffective|p1a: Rey Boo\n|-enditem|p1a: Rey Boo|Focus Sash\n|-damage|p1a: Rey Boo|1\/100\n|\n|upkeep\n|turn|2\n|\n|t:|1699911218\n|move|p1a: Rey Boo|Destiny Bond|p1a: Rey Boo\n|-singlemove|p1a: Rey Boo|Destiny Bond\n|move|p2a: Glimmora|Power Gem|p1a: Rey Boo\n|-damage|p1a: Rey Boo|0 fnt\n|faint|p1a: Rey Boo\n|-activate|p1a: Rey Boo|move: Destiny Bond\n|faint|p2a: Glimmora\n|\n|upkeep\n|\n|t:|1699911227\n|switch|p1a: Rocky|Gigalith, M|100\/100\n|switch|p2a: Slither Wing|Slither Wing|100\/100\n|turn|3\n|\n|t:|1699911234\n|move|p1a: Rocky|Protect|p1a: Rocky\n|-singleturn|p1a: Rocky|Protect\n|move|p2a: Slither Wing|Close Combat|p1a: Rocky\n|-activate|p1a: Rocky|move: Protect\n|\n|upkeep\n|turn|4\n|\n|t:|1699911237\n|move|p2a: Slither Wing|Close Combat|p1a: Rocky\n|-supereffective|p1a: Rocky\n|-ability|p1a: Rocky|Sturdy\n|-damage|p1a: Rocky|1\/100\n|-unboost|p2a: Slither Wing|def|1\n|-unboost|p2a: Slither Wing|spd|1\n|-damage|p2a: Slither Wing|91\/100|[from] item: Life Orb\n|move|p1a: Rocky|Stealth Rock|p2a: Slither Wing\n|-sidestart|p2: King_Lion1123|move: Stealth Rock\n|\n|upkeep\n|turn|5\n|-enditem|p1a: Rocky|Custap Berry|[eat]\n|-activate|p1a: Rocky|item: Custap Berry|[consumed]\n|\n|t:|1699911245\n|move|p1a: Rocky|Explosion|p2a: Slither Wing\n|-damage|p2a: Slither Wing|0 fnt\n|faint|p1a: Rocky\n|faint|p2a: Slither Wing\n|-end|p2a: Slither Wing|Protosynthesis|[silent]\n|\n|upkeep\n|\n|t:|1699911251\n|switch|p2a: Iron Valiant|Iron Valiant|100\/100\n|switch|p1a: Machete|Scizor, M|100\/100\n|-damage|p2a: Iron Valiant|94\/100|[from] Stealth Rock\n|turn|6\n|\n|t:|1699911260\n|-end|p2a: Iron Valiant|Quark Drive|[silent]\n|switch|p2a: Dragonite|Dragonite, F|100\/100\n|switch|p1a: Reina|Nidoqueen, F|100\/100\n|\n|upkeep\n|turn|7\n|\n|t:|1699911263\n|move|p2a: Dragonite|Dragon Dance|p2a: Dragonite\n|-boost|p2a: Dragonite|atk|1\n|-boost|p2a: Dragonite|spe|1\n|move|p1a: Reina|Sludge Wave|p2a: Dragonite\n|-damage|p2a: Dragonite|65\/100\n|\n|upkeep\n|turn|8\n|\n|t:|1699911271\n|move|p2a: Dragonite|Earthquake|p1a: Reina\n|-supereffective|p1a: Reina\n|-damage|p1a: Reina|0 fnt\n|faint|p1a: Reina\n|\n|upkeep\n|\n|t:|1699911274\n|switch|p1a: Clair|Dragonite, F|100\/100\n|turn|9\n|\n|t:|1699911278\n|move|p2a: Dragonite|Roost|p2a: Dragonite\n|-heal|p2a: Dragonite|100\/100\n|-singleturn|p2a: Dragonite|move: Roost\n|move|p1a: Clair|Ice Punch|p2a: Dragonite\n|-supereffective|p2a: Dragonite\n|-damage|p2a: Dragonite|67\/100\n|\n|upkeep\n|turn|10\n|\n|t:|1699911282\n|-terastallize|p2a: Dragonite|Normal\n|move|p2a: Dragonite|Roost|p2a: Dragonite\n|-heal|p2a: Dragonite|100\/100\n|move|p1a: Clair|Ice Punch|p2a: Dragonite\n|-damage|p2a: Dragonite|84\/100\n|\n|upkeep\n|turn|11\n|\n|t:|1699911286\n|move|p2a: Dragonite|Dragon Dance|p2a: Dragonite\n|-boost|p2a: Dragonite|atk|1\n|-boost|p2a: Dragonite|spe|1\n|move|p1a: Clair|Dragon Dance|p1a: Clair\n|-boost|p1a: Clair|atk|1\n|-boost|p1a: Clair|spe|1\n|\n|upkeep\n|turn|12\n|\n|t:|1699911290\n|-terastallize|p1a: Clair|Normal\n|move|p2a: Dragonite|Extreme Speed|p1a: Clair\n|-damage|p1a: Clair|54\/100\n|move|p1a: Clair|Extreme Speed|p2a: Dragonite\n|-damage|p2a: Dragonite|13\/100\n|\n|upkeep\n|turn|13\n|\n|t:|1699911295\n|move|p2a: Dragonite|Extreme Speed|p1a: Clair\n|-damage|p1a: Clair|0 fnt\n|faint|p1a: Clair\n|\n|upkeep\n|\n|t:|1699911298\n|switch|p1a: Machete|Scizor, M|100\/100\n|turn|14\n|\n|t:|1699911301\n|detailschange|p1a: Machete|Scizor-Mega, M\n|-mega|p1a: Machete|Scizor|Scizorite\n|move|p2a: Dragonite|Extreme Speed|p1a: Machete\n|-resisted|p1a: Machete\n|-damage|p1a: Machete|69\/100\n|move|p1a: Machete|Bullet Punch|p2a: Dragonite\n|-damage|p2a: Dragonite|0 fnt\n|faint|p2a: Dragonite\n|\n|upkeep\n|\n|t:|1699911309\n|switch|p2a: Greninja|Greninja, M|100\/100\n|-damage|p2a: Greninja|88\/100|[from] Stealth Rock\n|turn|15\n|\n|t:|1699911312\n|move|p2a: Greninja|Surf|p1a: Machete\n|-damage|p1a: Machete|20\/100\n|-damage|p2a: Greninja|78\/100|[from] item: Life Orb\n|move|p1a: Machete|Trailblaze|p2a: Greninja\n|-supereffective|p2a: Greninja\n|-crit|p2a: Greninja\n|-damage|p2a: Greninja|0 fnt\n|-boost|p1a: Machete|spe|1\n|faint|p2a: Greninja\n|\n|upkeep\n|\n|t:|1699911316\n|switch|p2a: Lopunny|Lopunny, M|100\/100\n|-damage|p2a: Lopunny|88\/100|[from] Stealth Rock\n|turn|16\n|\n|t:|1699911319\n|switch|p1a: Fionna|Tapu Fini|100\/100\n|-fieldstart|move: Misty Terrain|[from] ability: Misty Surge|[of] p1a: Fionna\n|detailschange|p2a: Lopunny|Lopunny-Mega, M\n|-mega|p2a: Lopunny|Lopunny|Lopunnite\n|move|p2a: Lopunny|Fake Out|p1a: Fionna\n|-damage|p1a: Fionna|83\/100\n|\n|-heal|p1a: Fionna|89\/100|[from] item: Leftovers\n|upkeep\n|turn|17\n|\n|t:|1699911323\n|move|p2a: Lopunny|Frustration|p1a: Fionna\n|-damage|p1a: Fionna|40\/100\n|move|p1a: Fionna|Draining Kiss|p2a: Lopunny\n|-supereffective|p2a: Lopunny\n|-damage|p2a: Lopunny|46\/100\n|-heal|p1a: Fionna|65\/100|[from] drain|[of] p2a: Lopunny\n|\n|-heal|p1a: Fionna|71\/100|[from] item: Leftovers\n|upkeep\n|turn|18\n|\n|t:|1699911327\n|move|p2a: Lopunny|Frustration|p1a: Fionna\n|-damage|p1a: Fionna|27\/100\n|move|p1a: Fionna|Draining Kiss|p2a: Lopunny\n|-supereffective|p2a: Lopunny\n|-damage|p2a: Lopunny|0 fnt\n|-heal|p1a: Fionna|53\/100|[from] drain|[of] p2a: Lopunny\n|faint|p2a: Lopunny\n|\n|-heal|p1a: Fionna|60\/100|[from] item: Leftovers\n|upkeep\n|\n|t:|1699911329\n|switch|p2a: Iron Valiant|Iron Valiant|94\/100\n|-damage|p2a: Iron Valiant|88\/100|[from] Stealth Rock\n|turn|19\n|\n|t:|1699911331\n|move|p2a: Iron Valiant|Moonblast|p1a: Fionna\n|-damage|p1a: Fionna|19\/100\n|-unboost|p1a: Fionna|spa|1\n|move|p1a: Fionna|Draining Kiss|p2a: Iron Valiant\n|-supereffective|p2a: Iron Valiant\n|-crit|p2a: Iron Valiant\n|-damage|p2a: Iron Valiant|3\/100\n|-heal|p1a: Fionna|73\/100|[from] drain|[of] p2a: Iron Valiant\n|\n|-heal|p1a: Fionna|79\/100|[from] item: Leftovers\n|upkeep\n|turn|20\n|-message|King_Lion1123 forfeited.\n|\n|win|jhosuedaniel\n|raw|jhosuedaniel's rating: 1312 &rarr; <strong>1327<\/strong><br \/>(+15 for winning)\n|raw|King_Lion1123's rating: 1215 &rarr; <strong>1197<\/strong><br \/>(-18 for losing)\n|c|\u2606jhosuedaniel|gg\n|l|\u2606King_Lion1123\n","uploadtime":1699911339,"views":5,"p1id":"jhosuedaniel","p2id":"kinglion1123","formatid":"gen9nationaldex","rating":1197,"private":0,"password":""}