{"id":"gen9nationaldex-1993862365","p1":"SpecsGastr0","p2":"Steal_ya_ice","format":"[Gen 9] National Dex","log":"|j|\u2606SpecsGastr0\n|j|\u2606Steal_ya_ice\n|t:|1700366748\n|gametype|singles\n|player|p1|SpecsGastr0|colress|1246\n|player|p2|Steal_ya_ice|teamrocket|1153\n|teamsize|p1|6\n|teamsize|p2|6\n|gen|9\n|tier|[Gen 9] National Dex\n|rated|\n|rule|HP Percentage Mod: HP is shown in percentages\n|rule|Endless Battle Clause: Forcing endless battles is banned\n|rule|OHKO Clause: OHKO moves are banned\n|rule|Evasion Clause: Evasion abilities, items, and moves are banned\n|rule|Evasion Abilities Clause: Evasion abilities are banned\n|rule|Evasion Items Clause: Evasion items are banned\n|rule|Evasion Moves Clause: Evasion moves are banned\n|rule|Species Clause: Limit one of each Pok\u00e9mon\n|rule|Sleep Clause Mod: Limit one foe put to sleep\n|clearpoke\n|poke|p1|Gigalith, F|\n|poke|p1|Excadrill, M|\n|poke|p1|Ninetales-Alola, F|\n|poke|p1|Sandslash-Alola, M|\n|poke|p1|Gliscor, M|\n|poke|p1|Abomasnow, M|\n|poke|p2|Kartana|\n|poke|p2|Tinkaton, F|\n|poke|p2|Iron Treads|\n|poke|p2|Aegislash, F|\n|poke|p2|Magnezone|\n|poke|p2|Scizor, M|\n|teampreview\n|inactive|Battle timer is ON: inactive players will automatically lose when time's up. (requested by Steal_ya_ice)\n|inactive|SpecsGastr0 has 120 seconds left.\n|\n|t:|1700366783\n|start\n|switch|p1a: SO IN DENIAL|Gliscor, M, shiny|100\/100\n|switch|p2a: Scizor|Scizor, M|100\/100\n|turn|1\n|c|\u2606Steal_ya_ice|glhf\n|c|\u2606SpecsGastr0|this matchup is uh\n|c|\u2606SpecsGastr0|not gonna be fun I can tell you that much lol\n|inactive|SpecsGastr0 has 120 seconds left.\n|\n|t:|1700366821\n|detailschange|p2a: Scizor|Scizor-Mega, M\n|-mega|p2a: Scizor|Scizor|Scizorite\n|move|p1a: SO IN DENIAL|Crabhammer|p2a: Scizor\n|-damage|p2a: Scizor|84\/100\n|move|p2a: Scizor|Trailblaze|p1a: SO IN DENIAL\n|-damage|p1a: SO IN DENIAL|80\/100\n|-boost|p2a: Scizor|spe|1\n|\n|-status|p1a: SO IN DENIAL|tox|[from] item: Toxic Orb\n|upkeep\n|turn|2\n|inactive|SpecsGastr0 has 120 seconds left.\n|c|\u2606Steal_ya_ice|ik everthing gonna hurt for me\n|\n|t:|1700366843\n|move|p2a: Scizor|Bullet Punch|p1a: SO IN DENIAL\n|-damage|p1a: SO IN DENIAL|57\/100 tox\n|move|p1a: SO IN DENIAL|Crabhammer|p2a: Scizor\n|-crit|p2a: Scizor\n|-damage|p2a: Scizor|57\/100\n|\n|-heal|p1a: SO IN DENIAL|70\/100 tox|[from] ability: Poison Heal\n|upkeep\n|turn|3\n|\n|t:|1700366852\n|move|p2a: Scizor|Bug Bite|p1a: SO IN DENIAL\n|-resisted|p1a: SO IN DENIAL\n|-damage|p1a: SO IN DENIAL|53\/100 tox\n|move|p1a: SO IN DENIAL|Crabhammer|p2a: Scizor\n|-damage|p2a: Scizor|41\/100\n|\n|-heal|p1a: SO IN DENIAL|66\/100 tox|[from] ability: Poison Heal\n|upkeep\n|turn|4\n|\n|t:|1700366860\n|move|p2a: Scizor|Trailblaze|p1a: SO IN DENIAL\n|-damage|p1a: SO IN DENIAL|46\/100 tox\n|-boost|p2a: Scizor|spe|1\n|move|p1a: SO IN DENIAL|Crabhammer|p2a: Scizor\n|-damage|p2a: Scizor|25\/100\n|\n|-heal|p1a: SO IN DENIAL|59\/100 tox|[from] ability: Poison Heal\n|upkeep\n|turn|5\n|inactive|SpecsGastr0 has 120 seconds left.\n|\n|t:|1700366869\n|move|p2a: Scizor|Trailblaze|p1a: SO IN DENIAL\n|-damage|p1a: SO IN DENIAL|39\/100 tox\n|-boost|p2a: Scizor|spe|1\n|move|p1a: SO IN DENIAL|Roost|p1a: SO IN DENIAL\n|-heal|p1a: SO IN DENIAL|89\/100 tox\n|-singleturn|p1a: SO IN DENIAL|move: Roost\n|\n|-heal|p1a: SO IN DENIAL|100\/100 tox|[from] ability: Poison Heal\n|upkeep\n|turn|6\n|\n|t:|1700366879\n|move|p2a: Scizor|Trailblaze|p1a: SO IN DENIAL\n|-damage|p1a: SO IN DENIAL|81\/100 tox\n|-boost|p2a: Scizor|spe|1\n|move|p1a: SO IN DENIAL|Crabhammer|p2a: Scizor|[miss]\n|-miss|p1a: SO IN DENIAL|p2a: Scizor\n|\n|-heal|p1a: SO IN DENIAL|93\/100 tox|[from] ability: Poison Heal\n|upkeep\n|turn|7\n|\n|t:|1700366888\n|move|p2a: Scizor|Aerial Ace|p1a: SO IN DENIAL\n|-damage|p1a: SO IN DENIAL|71\/100 tox\n|move|p1a: SO IN DENIAL|Spikes|p2a: Scizor\n|-sidestart|p2: Steal_ya_ice|Spikes\n|\n|-heal|p1a: SO IN DENIAL|84\/100 tox|[from] ability: Poison Heal\n|upkeep\n|turn|8\n|\n|t:|1700366899\n|switch|p2a: Pinkaton|Tinkaton, F|100\/100\n|-damage|p2a: Pinkaton|88\/100|[from] Spikes\n|-ability|p2a: Pinkaton|Mold Breaker\n|move|p1a: SO IN DENIAL|Spikes|p2a: Pinkaton\n|-sidestart|p2: Steal_ya_ice|Spikes\n|\n|-heal|p1a: SO IN DENIAL|96\/100 tox|[from] ability: Poison Heal\n|upkeep\n|turn|9\n|\n|t:|1700366912\n|move|p2a: Pinkaton|Fake Out|p1a: SO IN DENIAL\n|-damage|p1a: SO IN DENIAL|89\/100 tox\n|-damage|p2a: Pinkaton|78\/100|[from] item: Life Orb\n|cant|p1a: SO IN DENIAL|flinch\n|\n|-heal|p1a: SO IN DENIAL|100\/100 tox|[from] ability: Poison Heal\n|upkeep\n|turn|10\n|\n|t:|1700366919\n|move|p2a: Pinkaton|Gigaton Hammer|p1a: SO IN DENIAL\n|-damage|p1a: SO IN DENIAL|56\/100 tox\n|-damage|p2a: Pinkaton|68\/100|[from] item: Life Orb\n|move|p1a: SO IN DENIAL|Spikes|p2a: Pinkaton\n|-sidestart|p2: Steal_ya_ice|Spikes\n|\n|-heal|p1a: SO IN DENIAL|69\/100 tox|[from] ability: Poison Heal\n|upkeep\n|turn|11\n|\n|t:|1700366930\n|move|p2a: Pinkaton|Knock Off|p1a: SO IN DENIAL\n|-damage|p1a: SO IN DENIAL|48\/100 tox\n|-enditem|p1a: SO IN DENIAL|Toxic Orb|[from] move: Knock Off|[of] p2a: Pinkaton\n|-damage|p2a: Pinkaton|58\/100|[from] item: Life Orb\n|move|p1a: SO IN DENIAL|Crabhammer|p2a: Pinkaton\n|-damage|p2a: Pinkaton|28\/100\n|\n|-heal|p1a: SO IN DENIAL|60\/100 tox|[from] ability: Poison Heal\n|upkeep\n|turn|12\n|\n|t:|1700366939\n|move|p1a: SO IN DENIAL|Protect|p1a: SO IN DENIAL\n|-singleturn|p1a: SO IN DENIAL|Protect\n|move|p2a: Pinkaton|Gigaton Hammer|p1a: SO IN DENIAL\n|-activate|p1a: SO IN DENIAL|move: Protect\n|\n|-heal|p1a: SO IN DENIAL|73\/100 tox|[from] ability: Poison Heal\n|upkeep\n|turn|13\n|\n|t:|1700366946\n|move|p2a: Pinkaton|Knock Off|p1a: SO IN DENIAL\n|-damage|p1a: SO IN DENIAL|60\/100 tox\n|-damage|p2a: Pinkaton|18\/100|[from] item: Life Orb\n|move|p1a: SO IN DENIAL|Crabhammer|p2a: Pinkaton\n|-damage|p2a: Pinkaton|0 fnt\n|faint|p2a: Pinkaton\n|\n|-heal|p1a: SO IN DENIAL|72\/100 tox|[from] ability: Poison Heal\n|upkeep\n|\n|t:|1700366960\n|switch|p2a: Blade|Aegislash, F, shiny|100\/100\n|-damage|p2a: Blade|75\/100|[from] Spikes\n|turn|14\n|\n|t:|1700366973\n|move|p1a: SO IN DENIAL|Protect|p1a: SO IN DENIAL\n|-singleturn|p1a: SO IN DENIAL|Protect\n|move|p2a: Blade|King's Shield||[still]\n|-fail|p2a: Blade\n|\n|-heal|p1a: SO IN DENIAL|85\/100 tox|[from] ability: Poison Heal\n|upkeep\n|turn|15\n|\n|t:|1700366984\n|move|p2a: Blade|King's Shield|p2a: Blade\n|-singleturn|p2a: Blade|Protect\n|move|p1a: SO IN DENIAL|Crabhammer|p2a: Blade\n|-activate|p2a: Blade|move: Protect\n|-unboost|p1a: SO IN DENIAL|atk|1\n|\n|-heal|p1a: SO IN DENIAL|97\/100 tox|[from] ability: Poison Heal\n|upkeep\n|turn|16\n|\n|t:|1700366994\n|move|p1a: SO IN DENIAL|Protect|p1a: SO IN DENIAL\n|-singleturn|p1a: SO IN DENIAL|Protect\n|-formechange|p2a: Blade|Aegislash-Blade||[from] ability: Stance Change\n|move|p2a: Blade|Gyro Ball|p1a: SO IN DENIAL\n|-activate|p1a: SO IN DENIAL|move: Protect\n|\n|-heal|p1a: SO IN DENIAL|100\/100 tox|[from] ability: Poison Heal\n|upkeep\n|turn|17\n|\n|t:|1700367024\n|switch|p1a: STAND TO SEE ME|Excadrill, M|100\/100\n|-formechange|p2a: Blade|Aegislash||[from] ability: Stance Change\n|move|p2a: Blade|King's Shield||[still]\n|-fail|p2a: Blade\n|\n|upkeep\n|turn|18\n|\n|t:|1700367030\n|move|p1a: STAND TO SEE ME|Earthquake|p2a: Blade\n|-supereffective|p2a: Blade\n|-damage|p2a: Blade|0 fnt\n|faint|p2a: Blade\n|\n|upkeep\n|\n|t:|1700367034\n|switch|p2a: Iron Treads|Iron Treads|100\/100\n|-damage|p2a: Iron Treads|76\/100|[from] Spikes\n|-enditem|p2a: Iron Treads|Booster Energy\n|-activate|p2a: Iron Treads|ability: Quark Drive|[fromitem]\n|-start|p2a: Iron Treads|quarkdrivespe\n|turn|19\n|\n|t:|1700367046\n|switch|p1a: SO IN DENIAL|Gliscor, M, shiny|100\/100 tox\n|-terastallize|p2a: Iron Treads|Ground\n|move|p2a: Iron Treads|Earthquake|p1a: SO IN DENIAL\n|-immune|p1a: SO IN DENIAL\n|\n|upkeep\n|turn|20\n|\n|t:|1700367054\n|move|p2a: Iron Treads|Megahorn|p1a: SO IN DENIAL\n|-resisted|p1a: SO IN DENIAL\n|-damage|p1a: SO IN DENIAL|89\/100 tox\n|move|p1a: SO IN DENIAL|Crabhammer|p2a: Iron Treads\n|-supereffective|p2a: Iron Treads\n|-damage|p2a: Iron Treads|32\/100\n|\n|-heal|p1a: SO IN DENIAL|100\/100 tox|[from] ability: Poison Heal\n|upkeep\n|turn|21\n|\n|t:|1700367063\n|move|p2a: Iron Treads|Knock Off|p1a: SO IN DENIAL\n|-damage|p1a: SO IN DENIAL|88\/100 tox\n|move|p1a: SO IN DENIAL|Crabhammer|p2a: Iron Treads\n|-supereffective|p2a: Iron Treads\n|-damage|p2a: Iron Treads|0 fnt\n|faint|p2a: Iron Treads\n|-end|p2a: Iron Treads|Quark Drive|[silent]\n|\n|-heal|p1a: SO IN DENIAL|100\/100 tox|[from] ability: Poison Heal\n|upkeep\n|\n|t:|1700367070\n|switch|p2a: Magnet|Magnezone|100\/100\n|-damage|p2a: Magnet|75\/100|[from] Spikes\n|turn|22\n|\n|t:|1700367084\n|move|p1a: SO IN DENIAL|Protect|p1a: SO IN DENIAL\n|-singleturn|p1a: SO IN DENIAL|Protect\n|move|p2a: Magnet|Signal Beam|p1a: SO IN DENIAL\n|-activate|p1a: SO IN DENIAL|move: Protect\n|\n|upkeep\n|turn|23\n|\n|t:|1700367102\n|switch|p1a: NOTHING IS FOREVER|Gigalith, F, shiny|100\/100\n|-weather|Sandstorm|[from] ability: Sand Stream|[of] p1a: NOTHING IS FOREVER\n|move|p2a: Magnet|Signal Beam|p1a: NOTHING IS FOREVER\n|-damage|p1a: NOTHING IS FOREVER|87\/100\n|\n|-weather|Sandstorm|[upkeep]\n|-heal|p1a: NOTHING IS FOREVER|93\/100|[from] item: Leftovers\n|upkeep\n|turn|24\n|\n|t:|1700367111\n|move|p2a: Magnet|Body Press|p1a: NOTHING IS FOREVER\n|-supereffective|p1a: NOTHING IS FOREVER\n|-damage|p1a: NOTHING IS FOREVER|60\/100\n|move|p1a: NOTHING IS FOREVER|Body Press|p2a: Magnet\n|-supereffective|p2a: Magnet\n|-crit|p2a: Magnet\n|-damage|p2a: Magnet|13\/100\n|\n|-weather|Sandstorm|[upkeep]\n|-heal|p1a: NOTHING IS FOREVER|66\/100|[from] item: Leftovers\n|upkeep\n|turn|25\n|\n|t:|1700367120\n|move|p2a: Magnet|Body Press|p1a: NOTHING IS FOREVER\n|-supereffective|p1a: NOTHING IS FOREVER\n|-damage|p1a: NOTHING IS FOREVER|37\/100\n|move|p1a: NOTHING IS FOREVER|Body Press|p2a: Magnet\n|-supereffective|p2a: Magnet\n|-damage|p2a: Magnet|0 fnt\n|faint|p2a: Magnet\n|\n|-weather|Sandstorm|[upkeep]\n|-heal|p1a: NOTHING IS FOREVER|43\/100|[from] item: Leftovers\n|upkeep\n|\n|t:|1700367130\n|switch|p2a: Kartana|Kartana|100\/100\n|-damage|p2a: Kartana|76\/100|[from] Spikes\n|turn|26\n|\n|t:|1700367144\n|move|p2a: Kartana|Leaf Blade|p1a: NOTHING IS FOREVER\n|-supereffective|p1a: NOTHING IS FOREVER\n|-crit|p1a: NOTHING IS FOREVER\n|-damage|p1a: NOTHING IS FOREVER|0 fnt\n|faint|p1a: NOTHING IS FOREVER\n|-ability|p2a: Kartana|Beast Boost|boost\n|-boost|p2a: Kartana|atk|1\n|\n|-weather|Sandstorm|[upkeep]\n|upkeep\n|\n|t:|1700367152\n|switch|p1a: STAND TO SEE ME|Excadrill, M|100\/100\n|turn|27\n|c|\u2606Steal_ya_ice|i got 1\n|\n|t:|1700367159\n|move|p1a: STAND TO SEE ME|Brick Break|p2a: Kartana\n|-supereffective|p2a: Kartana\n|-damage|p2a: Kartana|0 fnt\n|faint|p2a: Kartana\n|\n|-weather|none\n|upkeep\n|c|\u2606Steal_ya_ice|thats enough\n|\n|t:|1700367167\n|switch|p2a: Scizor|Scizor-Mega, M|25\/100\n|-damage|p2a: Scizor|0 fnt|[from] Spikes\n|faint|p2a: Scizor\n|\n|win|SpecsGastr0\n|raw|SpecsGastr0's rating: 1246 &rarr; <strong>1264<\/strong><br \/>(+18 for winning)\n|raw|Steal_ya_ice's rating: 1153 &rarr; <strong>1135<\/strong><br \/>(-18 for losing)\n|c|\u2606SpecsGastr0|ggs brother I thought I was washed\n|c|\u2606Steal_ya_ice|gg\n","uploadtime":1700367180,"views":32,"p1id":"specsgastr0","p2id":"stealyaice","formatid":"gen9nationaldex","rating":1135,"private":0,"password":""}