{"id":"gen9nationaldex-1991314092","p1":"Crocodileisgood","p2":"Omarnyte","format":"[Gen 9] National Dex","log":"|j|\u2606Crocodileisgood\n|j|\u2606Omarnyte\n|t:|1700066759\n|gametype|singles\n|player|p1|Crocodileisgood|169|1410\n|player|p2|Omarnyte|102|1482\n|teamsize|p1|6\n|teamsize|p2|6\n|gen|9\n|tier|[Gen 9] National Dex\n|rated|\n|rule|HP Percentage Mod: HP is shown in percentages\n|rule|Endless Battle Clause: Forcing endless battles is banned\n|rule|OHKO Clause: OHKO moves are banned\n|rule|Evasion Clause: Evasion abilities, items, and moves are banned\n|rule|Evasion Abilities Clause: Evasion abilities are banned\n|rule|Evasion Items Clause: Evasion items are banned\n|rule|Evasion Moves Clause: Evasion moves are banned\n|rule|Species Clause: Limit one of each Pok\u00e9mon\n|rule|Sleep Clause Mod: Limit one foe put to sleep\n|clearpoke\n|poke|p1|Tapu Lele|\n|poke|p1|Alomomola, M|\n|poke|p1|Gliscor, M|\n|poke|p1|Great Tusk|\n|poke|p1|Swellow, F|\n|poke|p1|Sneasler, M|\n|poke|p2|Gallade, M|\n|poke|p2|Mamoswine, F|\n|poke|p2|Gengar, M|\n|poke|p2|Tauros, M|\n|poke|p2|Omastar, M|\n|poke|p2|Decidueye, M|\n|teampreview\n|\n|t:|1700066766\n|start\n|switch|p1a: Gliscor|Gliscor, M|100\/100\n|switch|p2a: Gallade|Gallade, M, shiny|100\/100\n|turn|1\n|inactive|Battle timer is ON: inactive players will automatically lose when time's up. (requested by Crocodileisgood)\n|\n|t:|1700066771\n|detailschange|p2a: Gallade|Gallade-Mega, M, shiny\n|-mega|p2a: Gallade|Gallade|Galladite\n|move|p2a: Gallade|Swords Dance|p2a: Gallade\n|-boost|p2a: Gallade|atk|2\n|move|p1a: Gliscor|Toxic|p2a: Gallade\n|-status|p2a: Gallade|tox\n|\n|-damage|p2a: Gallade|94\/100 tox|[from] psn\n|-status|p1a: Gliscor|tox|[from] item: Toxic Orb\n|upkeep\n|turn|2\n|\n|t:|1700066778\n|move|p2a: Gallade|Triple Axel|p1a: Gliscor\n|-supereffective|p1a: Gliscor\n|-damage|p1a: Gliscor|61\/100 tox\n|-supereffective|p1a: Gliscor\n|-crit|p1a: Gliscor\n|-damage|p1a: Gliscor|0 fnt\n|faint|p1a: Gliscor\n|-hitcount|p1: Gliscor|2\n|\n|-damage|p2a: Gallade|82\/100 tox|[from] psn\n|upkeep\n|\n|t:|1700066781\n|switch|p1a: Alomomola|Alomomola, M|100\/100\n|turn|3\n|\n|t:|1700066792\n|move|p1a: Alomomola|Protect|p1a: Alomomola\n|-singleturn|p1a: Alomomola|Protect\n|move|p2a: Gallade|Thunder Punch|p1a: Alomomola\n|-activate|p1a: Alomomola|move: Protect\n|\n|-damage|p2a: Gallade|64\/100 tox|[from] psn\n|upkeep\n|turn|4\n|\n|t:|1700066799\n|switch|p1a: Great Tusk|Great Tusk|100\/100\n|move|p2a: Gallade|Triple Axel|p1a: Great Tusk\n|-supereffective|p1a: Great Tusk\n|-damage|p1a: Great Tusk|75\/100\n|-supereffective|p1a: Great Tusk\n|-damage|p1a: Great Tusk|28\/100\n|-supereffective|p1a: Great Tusk\n|-damage|p1a: Great Tusk|0 fnt\n|faint|p1a: Great Tusk\n|-end|p1a: Great Tusk|Protosynthesis|[silent]\n|-hitcount|p1: Great Tusk|3\n|\n|-damage|p2a: Gallade|39\/100 tox|[from] psn\n|upkeep\n|\n|t:|1700066803\n|switch|p1a: Swellow|Swellow, F|100\/100\n|turn|5\n|\n|t:|1700066810\n|move|p1a: Swellow|Boomburst|p2a: Gallade\n|-damage|p2a: Gallade|0 fnt\n|faint|p2a: Gallade\n|\n|upkeep\n|\n|t:|1700066814\n|switch|p2a: Mamoswine|Mamoswine, F|100\/100\n|turn|6\n|\n|t:|1700066817\n|switch|p1a: Alomomola|Alomomola, M|100\/100\n|move|p2a: Mamoswine|Ice Shard|p1a: Alomomola\n|-resisted|p1a: Alomomola\n|-damage|p1a: Alomomola|94\/100\n|\n|upkeep\n|turn|7\n|\n|t:|1700066820\n|switch|p2a: Gengar|Gengar, M|100\/100\n|move|p1a: Alomomola|Toxic|p2a: Gengar\n|-immune|p2a: Gengar\n|\n|upkeep\n|turn|8\n|\n|t:|1700066823\n|move|p2a: Gengar|Nasty Plot|p2a: Gengar\n|-boost|p2a: Gengar|spa|2\n|move|p1a: Alomomola|Flip Turn|p2a: Gengar\n|-damage|p2a: Gengar|68\/100\n|\n|t:|1700066827\n|switch|p1a: Tapu Lele|Tapu Lele|100\/100|[from] Flip Turn\n|-fieldstart|move: Psychic Terrain|[from] ability: Psychic Surge|[of] p1a: Tapu Lele\n|\n|upkeep\n|turn|9\n|\n|t:|1700066832\n|move|p1a: Tapu Lele|Psychic|p2a: Gengar\n|-supereffective|p2a: Gengar\n|-damage|p2a: Gengar|0 fnt\n|faint|p2a: Gengar\n|\n|upkeep\n|\n|t:|1700066834\n|switch|p2a: Decidueye|Decidueye, M|100\/100\n|turn|10\n|\n|t:|1700066839\n|move|p1a: Tapu Lele|Psychic|p2a: Decidueye\n|-damage|p2a: Decidueye|44\/100\n|move|p2a: Decidueye|Giga Drain|p1a: Tapu Lele\n|-damage|p1a: Tapu Lele|61\/100\n|-heal|p2a: Decidueye|60\/100|[from] drain|[of] p1a: Tapu Lele\n|\n|-heal|p2a: Decidueye|66\/100|[from] item: Leftovers\n|upkeep\n|turn|11\n|\n|t:|1700066846\n|move|p1a: Tapu Lele|Psychic|p2a: Decidueye\n|-damage|p2a: Decidueye|8\/100\n|move|p2a: Decidueye|Shadow Ball|p1a: Tapu Lele\n|-supereffective|p1a: Tapu Lele\n|-damage|p1a: Tapu Lele|0 fnt\n|faint|p1a: Tapu Lele\n|\n|-heal|p2a: Decidueye|14\/100|[from] item: Leftovers\n|upkeep\n|\n|t:|1700066850\n|switch|p1a: Sneasler|Sneasler, M|100\/100\n|-enditem|p1a: Sneasler|Psychic Seed\n|-boost|p1a: Sneasler|spd|1|[from] item: Psychic Seed\n|turn|12\n|\n|t:|1700066853\n|move|p1a: Sneasler|Dire Claw|p2a: Decidueye\n|-damage|p2a: Decidueye|0 fnt\n|faint|p2a: Decidueye\n|\n|-fieldend|move: Psychic Terrain\n|upkeep\n|\n|t:|1700066863\n|switch|p2a: Tauros|Tauros, M|100\/100\n|turn|13\n|\n|t:|1700066866\n|-terastallize|p2a: Tauros|Ghost\n|move|p1a: Sneasler|Close Combat|p2a: Tauros\n|-immune|p2a: Tauros\n|move|p2a: Tauros|Earthquake|p1a: Sneasler\n|-supereffective|p1a: Sneasler\n|-damage|p1a: Sneasler|0 fnt\n|faint|p1a: Sneasler\n|-damage|p2a: Tauros|91\/100|[from] item: Life Orb\n|\n|upkeep\n|\n|t:|1700066871\n|switch|p1a: Swellow|Swellow, F|100\/100\n|turn|14\n|\n|t:|1700066875\n|-terastallize|p1a: Swellow|Normal\n|move|p1a: Swellow|Boomburst|p2a: Tauros\n|-damage|p2a: Tauros|0 fnt\n|faint|p2a: Tauros\n|\n|upkeep\n|\n|t:|1700066878\n|switch|p2a: Omastar|Omastar, M|100\/100\n|turn|15\n|\n|t:|1700066880\n|move|p1a: Swellow|Boomburst|p2a: Omastar\n|-resisted|p2a: Omastar\n|-damage|p2a: Omastar|22\/100\n|move|p2a: Omastar|Surf|p1a: Swellow\n|-damage|p1a: Swellow|0 fnt\n|faint|p1a: Swellow\n|\n|upkeep\n|\n|t:|1700066882\n|switch|p1a: Alomomola|Alomomola, M|100\/100\n|turn|16\n|\n|t:|1700066887\n|move|p2a: Omastar|Ice Beam|p1a: Alomomola\n|-resisted|p1a: Alomomola\n|-damage|p1a: Alomomola|81\/100\n|move|p1a: Alomomola|Flip Turn|p2a: Omastar\n|-damage|p2a: Omastar|5\/100\n|-ability|p2a: Omastar|Weak Armor|boost\n|-unboost|p2a: Omastar|def|1\n|-boost|p2a: Omastar|spe|2\n|\n|upkeep\n|turn|17\n|\n|t:|1700066891\n|move|p2a: Omastar|Ice Beam|p1a: Alomomola\n|-resisted|p1a: Alomomola\n|-damage|p1a: Alomomola|63\/100\n|move|p1a: Alomomola|Flip Turn|p2a: Omastar\n|-damage|p2a: Omastar|0 fnt\n|faint|p2a: Omastar\n|\n|upkeep\n|\n|t:|1700066894\n|switch|p2a: Mamoswine|Mamoswine, F|100\/100\n|turn|18\n|\n|t:|1700066897\n|move|p1a: Alomomola|Toxic|p2a: Mamoswine|[miss]\n|-miss|p1a: Alomomola|p2a: Mamoswine\n|move|p2a: Mamoswine|Earthquake|p1a: Alomomola\n|-damage|p1a: Alomomola|34\/100\n|\n|upkeep\n|turn|19\n|\n|t:|1700066901\n|move|p1a: Alomomola|Wish|p1a: Alomomola\n|move|p2a: Mamoswine|Earthquake|p1a: Alomomola\n|-crit|p1a: Alomomola\n|-damage|p1a: Alomomola|0 fnt\n|faint|p1a: Alomomola\n|\n|win|Omarnyte\n|raw|Crocodileisgood's rating: 1410 &rarr; <strong>1394<\/strong><br \/>(-16 for losing)\n|raw|Omarnyte's rating: 1482 &rarr; <strong>1498<\/strong><br \/>(+16 for winning)\n|c|\u2606Crocodileisgood|lucky\n|c|\u2606Crocodileisgood|smh\n|c|\u2606Crocodileisgood|noob\n|c|\u2606Omarnyte|gg\n|c|\u2606Omarnyte|lmao\n|c|\u2606Crocodileisgood|don't say gg noob\n|c|\u2606Omarnyte|go cry somewhere else\n|l|\u2606Crocodileisgood\n|player|p2|Omarnyte|102\n","uploadtime":1700067003,"views":5,"p1id":"crocodileisgood","p2id":"omarnyte","formatid":"gen9nationaldex","rating":1394,"private":0,"password":""}