{"id":"gen9nationaldex-1999505360","p1":"AesirEcho","p2":"Bulka4000","format":"[Gen 9] National Dex","log":"|html|<div class=\"broadcast-blue\"><strong>[Gen 9] National Dex is currently suspecting Sneasler! For information on how to participate check out the <a href=\"https:\/\/www.smogon.com\/forums\/threads\/sv-national-dex-suspect-8-just-dance.3731534\/\">suspect thread<\/a>.<\/strong><\/div>\n|j|\u2606AesirEcho\n|j|\u2606Bulka4000\n|t:|1701090171\n|gametype|singles\n|player|p1|AesirEcho|ethan-masters|\n|player|p2|Bulka4000|265|\n|teamsize|p1|6\n|teamsize|p2|6\n|gen|9\n|tier|[Gen 9] National Dex\n|rule|HP Percentage Mod: HP is shown in percentages\n|rule|Endless Battle Clause: Forcing endless battles is banned\n|rule|OHKO Clause: OHKO moves are banned\n|rule|Evasion Clause: Evasion abilities, items, and moves are banned\n|rule|Evasion Abilities Clause: Evasion abilities are banned\n|rule|Evasion Items Clause: Evasion items are banned\n|rule|Evasion Moves Clause: Evasion moves are banned\n|rule|Species Clause: Limit one of each Pok\u00e9mon\n|rule|Sleep Clause Mod: Limit one foe put to sleep\n|clearpoke\n|poke|p1|Garchomp, M|\n|poke|p1|Scizor, F|\n|poke|p1|Samurott-Hisui, F|\n|poke|p1|Landorus-Therian, M|\n|poke|p1|Heatran, F|\n|poke|p1|Ferrothorn, M|\n|poke|p2|Gengar, M|\n|poke|p2|Zamazenta-*|\n|poke|p2|Garchomp, M|\n|poke|p2|Ting-Lu|\n|poke|p2|Skeledirge, M|\n|poke|p2|Rotom-Wash|\n|teampreview\n|j| ttheus\n|\n|t:|1701090183\n|start\n|switch|p1a: Dominus Terrae|Landorus-Therian, M|100\/100\n|switch|p2a: Skeledirge|Skeledirge, M|100\/100\n|-ability|p1a: Dominus Terrae|Intimidate|boost\n|-unboost|p2a: Skeledirge|atk|1\n|turn|1\n|\n|t:|1701090194\n|move|p1a: Dominus Terrae|Earthquake|p2a: Skeledirge\n|-supereffective|p2a: Skeledirge\n|-damage|p2a: Skeledirge|38\/100\n|move|p2a: Skeledirge|Will-O-Wisp|p1a: Dominus Terrae\n|-status|p1a: Dominus Terrae|brn\n|\n|-damage|p1a: Dominus Terrae|95\/100 brn|[from] brn\n|upkeep\n|turn|2\n|\n|t:|1701090212\n|move|p1a: Dominus Terrae|Earthquake|p2a: Skeledirge\n|-supereffective|p2a: Skeledirge\n|-damage|p2a: Skeledirge|5\/100\n|move|p2a: Skeledirge|Slack Off|p2a: Skeledirge\n|-heal|p2a: Skeledirge|55\/100\n|\n|-damage|p1a: Dominus Terrae|89\/100 brn|[from] brn\n|upkeep\n|turn|3\n|\n|t:|1701090221\n|switch|p1a: Mantichora|Heatran, F|100\/100\n|switch|p2a: Rotom|Rotom-Wash|100\/100\n|\n|upkeep\n|turn|4\n|\n|t:|1701090239\n|switch|p1a: Ferreis Spiculis|Ferrothorn, M|100\/100\n|move|p2a: Rotom|Hydro Pump|p1a: Ferreis Spiculis\n|-resisted|p1a: Ferreis Spiculis\n|-damage|p1a: Ferreis Spiculis|83\/100\n|\n|upkeep\n|turn|5\n|\n|t:|1701090247\n|move|p2a: Rotom|Will-O-Wisp|p1a: Ferreis Spiculis|[miss]\n|-miss|p2a: Rotom|p1a: Ferreis Spiculis\n|move|p1a: Ferreis Spiculis|Leech Seed|p2a: Rotom\n|-start|p2a: Rotom|move: Leech Seed\n|\n|-damage|p2a: Rotom|88\/100|[from] Leech Seed|[of] p1a: Ferreis Spiculis\n|-heal|p1a: Ferreis Spiculis|94\/100|[silent]\n|upkeep\n|turn|6\n|\n|t:|1701090258\n|switch|p2a: Skeledirge|Skeledirge, M|55\/100\n|move|p1a: Ferreis Spiculis|Protect||[still]\n|-fail|p1a: Ferreis Spiculis\n|\n|upkeep\n|turn|7\n|\n|t:|1701090268\n|switch|p1a: Mantichora|Heatran, F|100\/100\n|move|p2a: Skeledirge|Hex|p1a: Mantichora\n|-damage|p1a: Mantichora|85\/100\n|\n|-heal|p1a: Mantichora|91\/100|[from] item: Leftovers\n|upkeep\n|turn|8\n|\n|t:|1701090275\n|move|p1a: Mantichora|Stealth Rock|p2a: Skeledirge\n|-sidestart|p2: Bulka4000|move: Stealth Rock\n|move|p2a: Skeledirge|Slack Off|p2a: Skeledirge\n|-heal|p2a: Skeledirge|100\/100\n|\n|-heal|p1a: Mantichora|97\/100|[from] item: Leftovers\n|upkeep\n|turn|9\n|\n|t:|1701090283\n|switch|p2a: Rotom|Rotom-Wash|88\/100\n|-damage|p2a: Rotom|75\/100|[from] Stealth Rock\n|move|p1a: Mantichora|Taunt|p2a: Rotom\n|-start|p2a: Rotom|move: Taunt\n|\n|-heal|p2a: Rotom|82\/100|[from] item: Leftovers\n|-heal|p1a: Mantichora|100\/100|[from] item: Leftovers\n|upkeep\n|turn|10\n|\n|t:|1701090307\n|switch|p2a: Skeledirge|Skeledirge, M|100\/100\n|switch|p1a: Ferreis Spiculis|Ferrothorn, M|94\/100\n|\n|upkeep\n|turn|11\n|\n|t:|1701090317\n|move|p1a: Ferreis Spiculis|Protect|p1a: Ferreis Spiculis\n|-singleturn|p1a: Ferreis Spiculis|Protect\n|move|p2a: Skeledirge|Hex|p1a: Ferreis Spiculis\n|-activate|p1a: Ferreis Spiculis|move: Protect\n|\n|upkeep\n|turn|12\n|\n|t:|1701090323\n|switch|p1a: Mantichora|Heatran, F|100\/100\n|move|p2a: Skeledirge|Torch Song|p1a: Mantichora\n|-start|p1a: Mantichora|ability: Flash Fire\n|\n|upkeep\n|turn|13\n|\n|t:|1701090331\n|move|p1a: Mantichora|Magma Storm|p2a: Skeledirge\n|-resisted|p2a: Skeledirge\n|-damage|p2a: Skeledirge|64\/100\n|-activate|p2a: Skeledirge|move: Magma Storm|[of] p1a: Mantichora\n|move|p2a: Skeledirge|Hex|p1a: Mantichora\n|-damage|p1a: Mantichora|85\/100\n|\n|-heal|p1a: Mantichora|91\/100|[from] item: Leftovers\n|-damage|p2a: Skeledirge|52\/100|[from] move: Magma Storm|[partiallytrapped]\n|upkeep\n|turn|14\n|\n|t:|1701090341\n|switch|p2a: Rotom|Rotom-Wash|82\/100\n|-damage|p2a: Rotom|69\/100|[from] Stealth Rock\n|move|p1a: Mantichora|Taunt|p2a: Rotom\n|-start|p2a: Rotom|move: Taunt\n|\n|-heal|p2a: Rotom|75\/100|[from] item: Leftovers\n|-heal|p1a: Mantichora|97\/100|[from] item: Leftovers\n|upkeep\n|turn|15\n|\n|t:|1701090351\n|move|p2a: Rotom|Hydro Pump|p1a: Mantichora\n|-supereffective|p1a: Mantichora\n|-damage|p1a: Mantichora|49\/100\n|move|p1a: Mantichora|Magma Storm|p2a: Rotom\n|-resisted|p2a: Rotom\n|-crit|p2a: Rotom\n|-damage|p2a: Rotom|22\/100\n|-activate|p2a: Rotom|move: Magma Storm|[of] p1a: Mantichora\n|\n|-heal|p2a: Rotom|28\/100|[from] item: Leftovers\n|-heal|p1a: Mantichora|55\/100|[from] item: Leftovers\n|-damage|p2a: Rotom|16\/100|[from] move: Magma Storm|[partiallytrapped]\n|upkeep\n|turn|16\n|\n|t:|1701090361\n|-end|p1a: Mantichora|ability: Flash Fire|[silent]\n|switch|p1a: Ferreis Spiculis|Ferrothorn, M|94\/100\n|move|p2a: Rotom|Hydro Pump|p1a: Ferreis Spiculis\n|-resisted|p1a: Ferreis Spiculis\n|-damage|p1a: Ferreis Spiculis|77\/100\n|\n|-heal|p2a: Rotom|22\/100|[from] item: Leftovers\n|-end|p2a: Rotom|Magma Storm|[partiallytrapped]|[silent]\n|-end|p2a: Rotom|move: Taunt\n|upkeep\n|turn|17\n|\n|t:|1701090372\n|move|p2a: Rotom|Will-O-Wisp|p1a: Ferreis Spiculis\n|-status|p1a: Ferreis Spiculis|brn\n|move|p1a: Ferreis Spiculis|Power Whip|p2a: Rotom\n|-supereffective|p2a: Rotom\n|-damage|p2a: Rotom|0 fnt\n|faint|p2a: Rotom\n|\n|-damage|p1a: Ferreis Spiculis|71\/100 brn|[from] brn\n|upkeep\n|\n|t:|1701090381\n|switch|p2a: Zamazenta|Zamazenta|100\/100\n|-damage|p2a: Zamazenta|94\/100|[from] Stealth Rock\n|-ability|p2a: Zamazenta|Dauntless Shield|boost\n|-boost|p2a: Zamazenta|def|1\n|turn|18\n|\n|t:|1701090394\n|move|p1a: Ferreis Spiculis|Protect|p1a: Ferreis Spiculis\n|-singleturn|p1a: Ferreis Spiculis|Protect\n|move|p2a: Zamazenta|Ice Fang|p1a: Ferreis Spiculis\n|-activate|p1a: Ferreis Spiculis|move: Protect\n|\n|-damage|p1a: Ferreis Spiculis|65\/100 brn|[from] brn\n|upkeep\n|turn|19\n|\n|t:|1701090402\n|move|p2a: Zamazenta|Ice Fang|p1a: Ferreis Spiculis\n|-damage|p1a: Ferreis Spiculis|53\/100 brn\n|-damage|p2a: Zamazenta|82\/100|[from] ability: Iron Barbs|[of] p1a: Ferreis Spiculis\n|-damage|p2a: Zamazenta|65\/100|[from] item: Rocky Helmet|[of] p1a: Ferreis Spiculis\n|move|p1a: Ferreis Spiculis|Leech Seed|p2a: Zamazenta\n|-start|p2a: Zamazenta|move: Leech Seed\n|\n|-damage|p2a: Zamazenta|53\/100|[from] Leech Seed|[of] p1a: Ferreis Spiculis\n|-heal|p1a: Ferreis Spiculis|64\/100 brn|[silent]\n|-damage|p1a: Ferreis Spiculis|58\/100 brn|[from] brn\n|upkeep\n|turn|20\n|\n|t:|1701090416\n|switch|p2a: Garchomp|Garchomp, M|100\/100\n|-damage|p2a: Garchomp|94\/100|[from] Stealth Rock\n|move|p1a: Ferreis Spiculis|Knock Off|p2a: Garchomp\n|-damage|p2a: Garchomp|84\/100\n|-damage|p1a: Ferreis Spiculis|46\/100 brn|[from] ability: Rough Skin|[of] p2a: Garchomp\n|-damage|p1a: Ferreis Spiculis|30\/100 brn|[from] item: Rocky Helmet|[of] p2a: Garchomp\n|-enditem|p2a: Garchomp|Rocky Helmet|[from] move: Knock Off|[of] p1a: Ferreis Spiculis\n|\n|-damage|p1a: Ferreis Spiculis|24\/100 brn|[from] brn\n|upkeep\n|turn|21\n|\n|t:|1701090428\n|switch|p1a: Dominus Terrae|Landorus-Therian, M|89\/100 brn\n|-ability|p1a: Dominus Terrae|Intimidate|boost\n|-unboost|p2a: Garchomp|atk|1\n|move|p2a: Garchomp|Swords Dance|p2a: Garchomp\n|-boost|p2a: Garchomp|atk|2\n|\n|-damage|p1a: Dominus Terrae|83\/100 brn|[from] brn\n|upkeep\n|turn|22\n|\n|t:|1701090438\n|move|p1a: Dominus Terrae|Earthquake|p2a: Garchomp\n|-damage|p2a: Garchomp|55\/100\n|move|p2a: Garchomp|Swords Dance|p2a: Garchomp\n|-boost|p2a: Garchomp|atk|2\n|\n|-damage|p1a: Dominus Terrae|77\/100 brn|[from] brn\n|upkeep\n|turn|23\n|\n|t:|1701090445\n|move|p1a: Dominus Terrae|Earthquake|p2a: Garchomp\n|-damage|p2a: Garchomp|28\/100\n|move|p2a: Garchomp|Dragon Claw|p1a: Dominus Terrae\n|-damage|p1a: Dominus Terrae|0 fnt\n|faint|p1a: Dominus Terrae\n|\n|upkeep\n|\n|t:|1701090452\n|switch|p1a: Forfex|Scizor, F|100\/100\n|turn|24\n|\n|t:|1701090456\n|detailschange|p1a: Forfex|Scizor-Mega, F\n|-mega|p1a: Forfex|Scizor|Scizorite\n|move|p1a: Forfex|Bullet Punch|p2a: Garchomp\n|-crit|p2a: Garchomp\n|-damage|p2a: Garchomp|0 fnt\n|-damage|p1a: Forfex|88\/100|[from] ability: Rough Skin|[of] p2a: Garchomp\n|faint|p2a: Garchomp\n|\n|upkeep\n|\n|t:|1701090466\n|switch|p2a: Skeledirge|Skeledirge, M|52\/100\n|turn|25\n|\n|t:|1701090472\n|move|p1a: Forfex|U-turn|p2a: Skeledirge\n|-resisted|p2a: Skeledirge\n|-damage|p2a: Skeledirge|46\/100\n|\n|t:|1701090476\n|switch|p1a: Mantichora|Heatran, F|55\/100|[from] U-turn\n|move|p2a: Skeledirge|Slack Off|p2a: Skeledirge\n|-heal|p2a: Skeledirge|96\/100\n|\n|-heal|p1a: Mantichora|61\/100|[from] item: Leftovers\n|upkeep\n|turn|26\n|\n|t:|1701090486\n|move|p1a: Mantichora|Magma Storm|p2a: Skeledirge|[miss]\n|-miss|p1a: Mantichora|p2a: Skeledirge\n|move|p2a: Skeledirge|Hex|p1a: Mantichora\n|-damage|p1a: Mantichora|46\/100\n|\n|-heal|p1a: Mantichora|52\/100|[from] item: Leftovers\n|upkeep\n|turn|27\n|\n|t:|1701090494\n|move|p1a: Mantichora|Earth Power|p2a: Skeledirge\n|-supereffective|p2a: Skeledirge\n|-damage|p2a: Skeledirge|43\/100\n|move|p2a: Skeledirge|Hex|p1a: Mantichora\n|-damage|p1a: Mantichora|38\/100\n|\n|-heal|p1a: Mantichora|44\/100|[from] item: Leftovers\n|upkeep\n|turn|28\n|\n|t:|1701090501\n|move|p1a: Mantichora|Earth Power|p2a: Skeledirge\n|-supereffective|p2a: Skeledirge\n|-damage|p2a: Skeledirge|0 fnt\n|faint|p2a: Skeledirge\n|\n|-heal|p1a: Mantichora|50\/100|[from] item: Leftovers\n|upkeep\n|\n|t:|1701090508\n|switch|p2a: Ting-Lu|Ting-Lu|100\/100\n|-damage|p2a: Ting-Lu|94\/100|[from] Stealth Rock\n|-ability|p2a: Ting-Lu|Vessel of Ruin\n|turn|29\n|\n|t:|1701090515\n|switch|p1a: Ferreis Spiculis|Ferrothorn, M|24\/100 brn\n|move|p2a: Ting-Lu|Earthquake|p1a: Ferreis Spiculis\n|-damage|p1a: Ferreis Spiculis|0 fnt\n|faint|p1a: Ferreis Spiculis\n|\n|-heal|p2a: Ting-Lu|100\/100|[from] item: Leftovers\n|upkeep\n|\n|t:|1701090519\n|switch|p1a: Victor Mare|Samurott-Hisui, F|100\/100\n|turn|30\n|\n|t:|1701090527\n|move|p1a: Victor Mare|Razor Shell|p2a: Ting-Lu\n|-supereffective|p2a: Ting-Lu\n|-damage|p2a: Ting-Lu|43\/100\n|-unboost|p2a: Ting-Lu|def|1\n|move|p2a: Ting-Lu|Whirlwind|p1a: Victor Mare\n|drag|p1a: Mantichora|Heatran, F|50\/100\n|\n|-heal|p1a: Mantichora|56\/100|[from] item: Leftovers\n|-heal|p2a: Ting-Lu|49\/100|[from] item: Leftovers\n|upkeep\n|turn|31\n|\n|t:|1701090537\n|switch|p1a: Victor Mare|Samurott-Hisui, F|100\/100\n|move|p2a: Ting-Lu|Ruination|p1a: Victor Mare\n|-damage|p1a: Victor Mare|51\/100\n|\n|-heal|p2a: Ting-Lu|55\/100|[from] item: Leftovers\n|upkeep\n|turn|32\n|\n|t:|1701090548\n|switch|p2a: Gengar|Gengar, M|100\/100\n|-damage|p2a: Gengar|88\/100|[from] Stealth Rock\n|move|p1a: Victor Mare|Razor Shell|p2a: Gengar\n|-damage|p2a: Gengar|0 fnt\n|faint|p2a: Gengar\n|\n|upkeep\n|\n|t:|1701090562\n|switch|p2a: Zamazenta|Zamazenta|53\/100\n|-damage|p2a: Zamazenta|47\/100|[from] Stealth Rock\n|turn|33\n|\n|t:|1701090572\n|move|p2a: Zamazenta|Wild Charge|p1a: Victor Mare\n|-supereffective|p1a: Victor Mare\n|-damage|p1a: Victor Mare|0 fnt\n|faint|p1a: Victor Mare\n|-damage|p2a: Zamazenta|35\/100|[from] Recoil\n|\n|upkeep\n|\n|t:|1701090575\n|switch|p1a: Aureus Miles|Garchomp, M|100\/100\n|turn|34\n|\n|t:|1701090583\n|-terastallize|p2a: Zamazenta|Fire\n|-terastallize|p1a: Aureus Miles|Fire\n|move|p2a: Zamazenta|Ice Fang|p1a: Aureus Miles\n|-resisted|p1a: Aureus Miles\n|-damage|p1a: Aureus Miles|90\/100\n|-damage|p2a: Zamazenta|22\/100|[from] ability: Rough Skin|[of] p1a: Aureus Miles\n|-enditem|p2a: Zamazenta|Aguav Berry|[eat]\n|-heal|p2a: Zamazenta|56\/100|[from] item: Aguav Berry\n|move|p1a: Aureus Miles|Scale Shot|p2a: Zamazenta\n|-damage|p2a: Zamazenta|44\/100\n|-damage|p2a: Zamazenta|32\/100\n|-damage|p2a: Zamazenta|18\/100\n|-damage|p2a: Zamazenta|6\/100\n|-hitcount|p2a: Zamazenta|4\n|-unboost|p1a: Aureus Miles|def|1\n|-boost|p1a: Aureus Miles|spe|1\n|\n|upkeep\n|turn|35\n|\n|t:|1701090603\n|move|p1a: Aureus Miles|Earthquake|p2a: Zamazenta\n|-supereffective|p2a: Zamazenta\n|-damage|p2a: Zamazenta|0 fnt\n|faint|p2a: Zamazenta\n|\n|upkeep\n|\n|t:|1701090610\n|switch|p2a: Ting-Lu|Ting-Lu|55\/100\n|-damage|p2a: Ting-Lu|49\/100|[from] Stealth Rock\n|-ability|p2a: Ting-Lu|Vessel of Ruin\n|turn|36\n|\n|t:|1701090617\n|move|p1a: Aureus Miles|Earthquake|p2a: Ting-Lu\n|-damage|p2a: Ting-Lu|20\/100\n|move|p2a: Ting-Lu|Earthquake|p1a: Aureus Miles\n|-supereffective|p1a: Aureus Miles\n|-damage|p1a: Aureus Miles|0 fnt\n|faint|p1a: Aureus Miles\n|\n|-heal|p2a: Ting-Lu|26\/100|[from] item: Leftovers\n|upkeep\n|\n|t:|1701090623\n|switch|p1a: Forfex|Scizor-Mega, F|88\/100\n|turn|37\n|\n|t:|1701090629\n|move|p1a: Forfex|U-turn|p2a: Ting-Lu\n|-supereffective|p2a: Ting-Lu\n|-crit|p2a: Ting-Lu\n|-damage|p2a: Ting-Lu|0 fnt\n|faint|p2a: Ting-Lu\n|\n|win|AesirEcho\n","uploadtime":1701090633,"views":1,"p1id":"aesirecho","p2id":"bulka4000","formatid":"gen9nationaldex","rating":0,"private":0,"password":""}