{"id":"gen9nationaldex-1988996217","p1":"savagewolf98420","p2":"Pesto9","format":"[Gen 9] National Dex","log":"|j|\u2606savagewolf98420\n|j|\u2606Pesto9\n|t:|1699799993\n|gametype|singles\n|player|p1|savagewolf98420|koga|1228\n|player|p2|Pesto9|170|1156\n|teamsize|p1|6\n|teamsize|p2|6\n|gen|9\n|tier|[Gen 9] National Dex\n|rated|\n|rule|HP Percentage Mod: HP is shown in percentages\n|rule|Endless Battle Clause: Forcing endless battles is banned\n|rule|OHKO Clause: OHKO moves are banned\n|rule|Evasion Clause: Evasion abilities, items, and moves are banned\n|rule|Evasion Abilities Clause: Evasion abilities are banned\n|rule|Evasion Items Clause: Evasion items are banned\n|rule|Evasion Moves Clause: Evasion moves are banned\n|rule|Species Clause: Limit one of each Pok\u00e9mon\n|rule|Sleep Clause Mod: Limit one foe put to sleep\n|clearpoke\n|poke|p1|Reuniclus, M|\n|poke|p1|Jirachi|\n|poke|p1|Serperior, M|\n|poke|p1|Togekiss, M|\n|poke|p1|Deoxys-Defense|\n|poke|p1|Kommo-o, F|\n|poke|p2|Ribombee, M|\n|poke|p2|Arbok, F|\n|poke|p2|Victini|\n|poke|p2|Braviary, M|\n|poke|p2|Klefki, M|\n|poke|p2|Ampharos, M|\n|teampreview\n|\n|t:|1699800007\n|start\n|switch|p1a: Kommo-o|Kommo-o, F|100\/100\n|switch|p2a: Where's my keys-|Klefki, M|100\/100\n|turn|1\n|\n|t:|1699800014\n|move|p2a: Where's my keys-|Thunder Wave|p1a: Kommo-o\n|-status|p1a: Kommo-o|par\n|cant|p1a: Kommo-o|par\n|\n|upkeep\n|turn|2\n|\n|t:|1699800020\n|switch|p2a: Scarf bug|Ribombee, M|100\/100\n|move|p1a: Kommo-o|Bulk Up|p1a: Kommo-o\n|-boost|p1a: Kommo-o|atk|1\n|-boost|p1a: Kommo-o|def|1\n|\n|upkeep\n|turn|3\n|\n|t:|1699800029\n|move|p2a: Scarf bug|Moonblast|p1a: Kommo-o\n|-supereffective|p1a: Kommo-o\n|-damage|p1a: Kommo-o|0 fnt\n|faint|p1a: Kommo-o\n|\n|upkeep\n|\n|t:|1699800038\n|switch|p1a: Togekiss|Togekiss, M|100\/100\n|turn|4\n|\n|t:|1699800052\n|switch|p2a: Where's my keys-|Klefki, M|100\/100\n|move|p1a: Togekiss|Air Slash|p2a: Where's my keys-\n|-resisted|p2a: Where's my keys-\n|-damage|p2a: Where's my keys-|78\/100\n|\n|-heal|p2a: Where's my keys-|84\/100|[from] item: Leftovers\n|upkeep\n|turn|5\n|\n|t:|1699800065\n|move|p2a: Where's my keys-|Thunder Wave|p1a: Togekiss\n|-status|p1a: Togekiss|par\n|move|p1a: Togekiss|Yawn|p2a: Where's my keys-\n|-start|p2a: Where's my keys-|move: Yawn|[of] p1a: Togekiss\n|\n|-heal|p2a: Where's my keys-|90\/100|[from] item: Leftovers\n|upkeep\n|turn|6\n|\n|t:|1699800085\n|switch|p2a: Funny snek|Arbok, F|100\/100\n|-ability|p2a: Funny snek|Intimidate|boost\n|-unboost|p1a: Togekiss|atk|1\n|move|p1a: Togekiss|Tri Attack|p2a: Funny snek\n|-damage|p2a: Funny snek|61\/100\n|\n|upkeep\n|turn|7\n|\n|t:|1699800104\n|switch|p1a: Deoxys|Deoxys-Defense|100\/100\n|-ability|p1a: Deoxys|Pressure\n|move|p2a: Funny snek|Earthquake|p1a: Deoxys\n|-damage|p1a: Deoxys|80\/100\n|\n|-heal|p1a: Deoxys|86\/100|[from] item: Leftovers\n|upkeep\n|turn|8\n|\n|t:|1699800118\n|move|p2a: Funny snek|Gunk Shot|p1a: Deoxys\n|-damage|p1a: Deoxys|48\/100\n|move|p1a: Deoxys|Cosmic Power|p1a: Deoxys\n|-boost|p1a: Deoxys|def|1\n|-boost|p1a: Deoxys|spd|1\n|\n|-heal|p1a: Deoxys|54\/100|[from] item: Leftovers\n|upkeep\n|turn|9\n|\n|t:|1699800132\n|move|p2a: Funny snek|Gunk Shot|p1a: Deoxys\n|-damage|p1a: Deoxys|27\/100\n|-status|p1a: Deoxys|psn\n|move|p1a: Deoxys|Cosmic Power|p1a: Deoxys\n|-boost|p1a: Deoxys|def|1\n|-boost|p1a: Deoxys|spd|1\n|\n|-heal|p1a: Deoxys|33\/100 psn|[from] item: Leftovers\n|-damage|p1a: Deoxys|21\/100 psn|[from] psn\n|upkeep\n|turn|10\n|\n|t:|1699800144\n|move|p2a: Funny snek|Coil|p2a: Funny snek\n|-boost|p2a: Funny snek|atk|1\n|-boost|p2a: Funny snek|def|1\n|-boost|p2a: Funny snek|accuracy|1\n|move|p1a: Deoxys|Recover|p1a: Deoxys\n|-heal|p1a: Deoxys|71\/100 psn\n|\n|-heal|p1a: Deoxys|77\/100 psn|[from] item: Leftovers\n|-damage|p1a: Deoxys|65\/100 psn|[from] psn\n|upkeep\n|turn|11\n|\n|t:|1699800156\n|move|p2a: Funny snek|Coil|p2a: Funny snek\n|-boost|p2a: Funny snek|atk|1\n|-boost|p2a: Funny snek|def|1\n|-boost|p2a: Funny snek|accuracy|1\n|move|p1a: Deoxys|Night Shade|p2a: Funny snek\n|-damage|p2a: Funny snek|23\/100\n|\n|-heal|p1a: Deoxys|71\/100 psn|[from] item: Leftovers\n|-damage|p1a: Deoxys|58\/100 psn|[from] psn\n|upkeep\n|turn|12\n|\n|t:|1699800168\n|move|p2a: Funny snek|Gunk Shot|p1a: Deoxys\n|-damage|p1a: Deoxys|19\/100 psn\n|move|p1a: Deoxys|Cosmic Power|p1a: Deoxys\n|-boost|p1a: Deoxys|def|1\n|-boost|p1a: Deoxys|spd|1\n|\n|-heal|p1a: Deoxys|25\/100 psn|[from] item: Leftovers\n|-damage|p1a: Deoxys|12\/100 psn|[from] psn\n|upkeep\n|turn|13\n|\n|t:|1699800188\n|move|p2a: Funny snek|Gunk Shot|p1a: Deoxys\n|-damage|p1a: Deoxys|0 fnt\n|faint|p1a: Deoxys\n|\n|upkeep\n|\n|t:|1699800197\n|switch|p1a: Jirachi|Jirachi|100\/100\n|turn|14\n|\n|t:|1699800202\n|move|p1a: Jirachi|Iron Head|p2a: Funny snek\n|-damage|p2a: Funny snek|0 fnt\n|faint|p2a: Funny snek\n|\n|upkeep\n|\n|t:|1699800211\n|switch|p2a: Where's my keys-|Klefki, M|90\/100\n|turn|15\n|\n|t:|1699800229\n|switch|p1a: Reuniclus|Reuniclus, M|100\/100\n|move|p2a: Where's my keys-|Spikes|p1a: Reuniclus\n|-sidestart|p1: savagewolf98420|Spikes\n|\n|-heal|p2a: Where's my keys-|96\/100|[from] item: Leftovers\n|upkeep\n|turn|16\n|\n|t:|1699800238\n|move|p2a: Where's my keys-|Foul Play|p1a: Reuniclus\n|-supereffective|p1a: Reuniclus\n|-damage|p1a: Reuniclus|73\/100\n|move|p1a: Reuniclus|Calm Mind|p1a: Reuniclus\n|-boost|p1a: Reuniclus|spa|1\n|-boost|p1a: Reuniclus|spd|1\n|\n|-heal|p2a: Where's my keys-|100\/100|[from] item: Leftovers\n|-heal|p1a: Reuniclus|79\/100|[from] item: Leftovers\n|upkeep\n|turn|17\n|\n|t:|1699800254\n|move|p2a: Where's my keys-|Thunder Wave|p1a: Reuniclus\n|-status|p1a: Reuniclus|par\n|move|p1a: Reuniclus|Acid Armor|p1a: Reuniclus\n|-boost|p1a: Reuniclus|def|2\n|\n|-heal|p1a: Reuniclus|85\/100 par|[from] item: Leftovers\n|upkeep\n|turn|18\n|\n|t:|1699800263\n|move|p2a: Where's my keys-|Spikes|p1a: Reuniclus\n|-sidestart|p1: savagewolf98420|Spikes\n|move|p1a: Reuniclus|Calm Mind|p1a: Reuniclus\n|-boost|p1a: Reuniclus|spa|1\n|-boost|p1a: Reuniclus|spd|1\n|\n|-heal|p1a: Reuniclus|91\/100 par|[from] item: Leftovers\n|upkeep\n|turn|19\n|\n|t:|1699800271\n|move|p2a: Where's my keys-|Foul Play|p1a: Reuniclus\n|-supereffective|p1a: Reuniclus\n|-damage|p1a: Reuniclus|76\/100 par\n|move|p1a: Reuniclus|Acid Armor|p1a: Reuniclus\n|-boost|p1a: Reuniclus|def|2\n|\n|-heal|p1a: Reuniclus|82\/100 par|[from] item: Leftovers\n|upkeep\n|turn|20\n|\n|t:|1699800282\n|switch|p2a: V for victory|Victini|100\/100\n|move|p1a: Reuniclus|Stored Power|p2a: V for victory\n|-resisted|p2a: V for victory\n|-damage|p2a: V for victory|26\/100\n|\n|-heal|p1a: Reuniclus|88\/100 par|[from] item: Leftovers\n|upkeep\n|turn|21\n|\n|t:|1699800295\n|move|p2a: V for victory|V-create|p1a: Reuniclus\n|-damage|p1a: Reuniclus|53\/100 par\n|-unboost|p2a: V for victory|spe|1\n|-unboost|p2a: V for victory|def|1\n|-unboost|p2a: V for victory|spd|1\n|-damage|p2a: V for victory|16\/100|[from] item: Life Orb\n|move|p1a: Reuniclus|Stored Power|p2a: V for victory\n|-resisted|p2a: V for victory\n|-damage|p2a: V for victory|0 fnt\n|faint|p2a: V for victory\n|\n|-heal|p1a: Reuniclus|59\/100 par|[from] item: Leftovers\n|upkeep\n|\n|t:|1699800301\n|switch|p2a: Is it a bird?|Braviary, M|100\/100\n|turn|22\n|\n|t:|1699800322\n|-terastallize|p2a: Is it a bird?|Normal\n|move|p2a: Is it a bird?|Retaliate|p1a: Reuniclus\n|-enditem|p2a: Is it a bird?|Normal Gem|[from] gem\n|-damage|p1a: Reuniclus|19\/100 par\n|move|p1a: Reuniclus|Recover|p1a: Reuniclus\n|-heal|p1a: Reuniclus|69\/100 par\n|\n|-heal|p1a: Reuniclus|75\/100 par|[from] item: Leftovers\n|upkeep\n|turn|23\n|\n|t:|1699800336\n|move|p2a: Is it a bird?|Acrobatics|p1a: Reuniclus\n|-damage|p1a: Reuniclus|57\/100 par\n|move|p1a: Reuniclus|Acid Armor|p1a: Reuniclus\n|-boost|p1a: Reuniclus|def|2\n|\n|-heal|p1a: Reuniclus|63\/100 par|[from] item: Leftovers\n|upkeep\n|turn|24\n|\n|t:|1699800344\n|move|p2a: Is it a bird?|Acrobatics|p1a: Reuniclus\n|-damage|p1a: Reuniclus|48\/100 par\n|move|p1a: Reuniclus|Calm Mind|p1a: Reuniclus\n|-boost|p1a: Reuniclus|spa|1\n|-boost|p1a: Reuniclus|spd|1\n|\n|-heal|p1a: Reuniclus|54\/100 par|[from] item: Leftovers\n|upkeep\n|turn|25\n|\n|t:|1699800353\n|move|p2a: Is it a bird?|Retaliate|p1a: Reuniclus\n|-damage|p1a: Reuniclus|41\/100 par\n|move|p1a: Reuniclus|Recover|p1a: Reuniclus\n|-heal|p1a: Reuniclus|91\/100 par\n|\n|-heal|p1a: Reuniclus|97\/100 par|[from] item: Leftovers\n|upkeep\n|turn|26\n|\n|t:|1699800363\n|switch|p2a: Where's my keys-|Klefki, M|100\/100\n|move|p1a: Reuniclus|Stored Power|p2a: Where's my keys-\n|-resisted|p2a: Where's my keys-\n|-damage|p2a: Where's my keys-|0 fnt\n|faint|p2a: Where's my keys-\n|\n|-heal|p1a: Reuniclus|100\/100 par|[from] item: Leftovers\n|upkeep\n|\n|t:|1699800365\n|switch|p2a: TRESemm\u00e9|Ampharos, M|100\/100\n|turn|27\n|\n|t:|1699800376\n|detailschange|p2a: TRESemm\u00e9|Ampharos-Mega, M\n|-mega|p2a: TRESemm\u00e9|Ampharos|Ampharosite\n|-ability|p2a: TRESemm\u00e9|Mold Breaker\n|move|p2a: TRESemm\u00e9|Thunderbolt|p1a: Reuniclus\n|-damage|p1a: Reuniclus|83\/100 par\n|cant|p1a: Reuniclus|par\n|\n|-heal|p1a: Reuniclus|89\/100 par|[from] item: Leftovers\n|upkeep\n|turn|28\n|\n|t:|1699800389\n|move|p2a: TRESemm\u00e9|Thunderbolt|p1a: Reuniclus\n|-damage|p1a: Reuniclus|73\/100 par\n|move|p1a: Reuniclus|Stored Power|p2a: TRESemm\u00e9\n|-damage|p2a: TRESemm\u00e9|0 fnt\n|faint|p2a: TRESemm\u00e9\n|\n|-heal|p1a: Reuniclus|79\/100 par|[from] item: Leftovers\n|upkeep\n|\n|t:|1699800391\n|switch|p2a: Is it a bird?|Braviary, M, tera:Normal|100\/100\n|turn|29\n|\n|t:|1699800401\n|move|p2a: Is it a bird?|Retaliate|p1a: Reuniclus\n|-damage|p1a: Reuniclus|56\/100 par\n|cant|p1a: Reuniclus|par\n|\n|-heal|p1a: Reuniclus|62\/100 par|[from] item: Leftovers\n|upkeep\n|turn|30\n|\n|t:|1699800413\n|move|p2a: Is it a bird?|Iron Head|p1a: Reuniclus\n|-damage|p1a: Reuniclus|53\/100 par\n|cant|p1a: Reuniclus|par\n|\n|-heal|p1a: Reuniclus|59\/100 par|[from] item: Leftovers\n|upkeep\n|turn|31\n|\n|t:|1699800421\n|move|p2a: Is it a bird?|Iron Head|p1a: Reuniclus\n|-damage|p1a: Reuniclus|50\/100 par\n|move|p1a: Reuniclus|Recover|p1a: Reuniclus\n|-heal|p1a: Reuniclus|99\/100 par\n|\n|-heal|p1a: Reuniclus|100\/100 par|[from] item: Leftovers\n|upkeep\n|turn|32\n|\n|t:|1699800430\n|switch|p2a: Scarf bug|Ribombee, M|100\/100\n|move|p1a: Reuniclus|Stored Power|p2a: Scarf bug\n|-enditem|p2a: Scarf bug|Focus Sash\n|-damage|p2a: Scarf bug|1\/100\n|\n|upkeep\n|turn|33\n|\n|t:|1699800440\n|move|p2a: Scarf bug|Moonblast|p1a: Reuniclus\n|-damage|p1a: Reuniclus|92\/100 par\n|cant|p1a: Reuniclus|par\n|\n|-heal|p1a: Reuniclus|99\/100 par|[from] item: Leftovers\n|upkeep\n|turn|34\n|\n|t:|1699800449\n|move|p2a: Scarf bug|Moonblast|p1a: Reuniclus\n|-damage|p1a: Reuniclus|90\/100 par\n|move|p1a: Reuniclus|Stored Power|p2a: Scarf bug\n|-damage|p2a: Scarf bug|0 fnt\n|faint|p2a: Scarf bug\n|\n|-heal|p1a: Reuniclus|96\/100 par|[from] item: Leftovers\n|upkeep\n|\n|t:|1699800451\n|switch|p2a: Is it a bird?|Braviary, M, tera:Normal|100\/100\n|turn|35\n|\n|t:|1699800461\n|move|p2a: Is it a bird?|Retaliate|p1a: Reuniclus\n|-damage|p1a: Reuniclus|71\/100 par\n|move|p1a: Reuniclus|Stored Power|p2a: Is it a bird?\n|-damage|p2a: Is it a bird?|0 fnt\n|faint|p2a: Is it a bird?\n|\n|win|savagewolf98420\n|raw|savagewolf98420's rating: 1228 &rarr; <strong>1248<\/strong><br \/>(+20 for winning)\n|raw|Pesto9's rating: 1156 &rarr; <strong>1136<\/strong><br \/>(-20 for losing)\n|c|\u2606Pesto9|Gg\n|l|\u2606Pesto9\n","uploadtime":1699800484,"views":4,"p1id":"savagewolf98420","p2id":"pesto9","formatid":"gen9nationaldex","rating":1136,"private":0,"password":""}