{"id":"gen9nationaldex-1988102707","p1":"nerdZ","p2":"Dragonpetim","format":"[Gen 9] National Dex","log":"|j|\u2606nerdZ\n|j|\u2606Dragonpetim\n|t:|1699669835\n|gametype|singles\n|player|p1|nerdZ|266|1452\n|player|p2|Dragonpetim|red|1421\n|teamsize|p1|6\n|teamsize|p2|6\n|gen|9\n|tier|[Gen 9] National Dex\n|rated|\n|rule|HP Percentage Mod: HP is shown in percentages\n|rule|Endless Battle Clause: Forcing endless battles is banned\n|rule|OHKO Clause: OHKO moves are banned\n|rule|Evasion Clause: Evasion abilities, items, and moves are banned\n|rule|Evasion Abilities Clause: Evasion abilities are banned\n|rule|Evasion Items Clause: Evasion items are banned\n|rule|Evasion Moves Clause: Evasion moves are banned\n|rule|Species Clause: Limit one of each Pok\u00e9mon\n|rule|Sleep Clause Mod: Limit one foe put to sleep\n|clearpoke\n|poke|p1|Charizard, M|\n|poke|p1|Great Tusk|\n|poke|p1|Heatran, F|\n|poke|p1|Rotom-Wash|\n|poke|p1|Garchomp, F|\n|poke|p1|Tapu Lele|\n|poke|p2|Charizard, M|\n|poke|p2|Regidrago|\n|poke|p2|Volcanion|\n|poke|p2|Lilligant-Hisui, F|\n|poke|p2|Torkoal, M|\n|poke|p2|Pawmot, F|\n|teampreview\n|inactive|Battle timer is ON: inactive players will automatically lose when time's up. (requested by nerdZ)\n|\n|t:|1699669858\n|start\n|switch|p1a: Charizard|Charizard, M, shiny|100\/100\n|switch|p2a: Lilligant|Lilligant-Hisui, F|100\/100\n|turn|1\n|\n|t:|1699669867\n|switch|p2a: Volcanion|Volcanion|100\/100\n|detailschange|p1a: Charizard|Charizard-Mega-Y, M, shiny\n|-mega|p1a: Charizard|Charizard|Charizardite Y\n|-weather|SunnyDay|[from] ability: Drought|[of] p1a: Charizard\n|move|p1a: Charizard|Fire Blast|p2a: Volcanion\n|-resisted|p2a: Volcanion\n|-damage|p2a: Volcanion|75\/100\n|\n|-weather|SunnyDay|[upkeep]\n|upkeep\n|turn|2\n|\n|t:|1699669879\n|move|p1a: Charizard|Scorching Sands|p2a: Volcanion\n|-supereffective|p2a: Volcanion\n|-enditem|p2a: Volcanion|Shuca Berry|[eat]\n|-enditem|p2a: Volcanion|Shuca Berry|[weaken]\n|-damage|p2a: Volcanion|46\/100\n|move|p2a: Volcanion|Steam Eruption|p1a: Charizard\n|-supereffective|p1a: Charizard\n|-damage|p1a: Charizard|35\/100\n|\n|-weather|SunnyDay|[upkeep]\n|upkeep\n|turn|3\n|j| XXMurdrXX\n|\n|t:|1699669888\n|switch|p2a: Charizard X|Charizard, M|100\/100\n|move|p1a: Charizard|Scorching Sands|p2a: Charizard X\n|-immune|p2a: Charizard X\n|\n|-weather|SunnyDay|[upkeep]\n|-damage|p2a: Charizard X|88\/100|[from] ability: Solar Power|[of] p2a: Charizard X\n|upkeep\n|turn|4\n|\n|t:|1699669896\n|switch|p1a: Garchomp|Garchomp, F|100\/100\n|detailschange|p2a: Charizard X|Charizard-Mega-Y, M\n|-mega|p2a: Charizard X|Charizard|Charizardite Y\n|move|p2a: Charizard X|Air Slash|p1a: Garchomp\n|-damage|p1a: Garchomp|52\/100\n|\n|-weather|SunnyDay|[upkeep]\n|upkeep\n|turn|5\n|\n|t:|1699669917\n|move|p1a: Garchomp|Stone Edge|p2a: Charizard X\n|-supereffective|p2a: Charizard X\n|-damage|p2a: Charizard X|0 fnt\n|faint|p2a: Charizard X\n|\n|-weather|none\n|upkeep\n|\n|t:|1699669923\n|switch|p2a: Torkoal|Torkoal, M|100\/100\n|-weather|SunnyDay|[from] ability: Drought|[of] p2a: Torkoal\n|turn|6\n|\n|t:|1699669927\n|switch|p1a: Heatran|Heatran, F|100\/100\n|move|p2a: Torkoal|Stealth Rock|p1a: Heatran\n|-sidestart|p1: nerdZ|move: Stealth Rock\n|\n|-weather|SunnyDay|[upkeep]\n|upkeep\n|turn|7\n|\n|t:|1699669935\n|switch|p2a: Volcanion|Volcanion|46\/100\n|move|p1a: Heatran|Stealth Rock|p2a: Volcanion\n|-sidestart|p2: Dragonpetim|move: Stealth Rock\n|\n|-weather|SunnyDay|[upkeep]\n|upkeep\n|turn|8\n|\n|t:|1699669940\n|move|p1a: Heatran|Earth Power|p2a: Volcanion\n|-supereffective|p2a: Volcanion\n|-damage|p2a: Volcanion|0 fnt\n|faint|p2a: Volcanion\n|\n|-weather|SunnyDay|[upkeep]\n|upkeep\n|\n|t:|1699669951\n|switch|p2a: Lilligant|Lilligant-Hisui, F|100\/100\n|-damage|p2a: Lilligant|94\/100|[from] Stealth Rock\n|turn|9\n|\n|t:|1699669956\n|switch|p1a: Tapu Lele|Tapu Lele|100\/100\n|-damage|p1a: Tapu Lele|88\/100|[from] Stealth Rock\n|-fieldstart|move: Psychic Terrain|[from] ability: Psychic Surge|[of] p1a: Tapu Lele\n|move|p2a: Lilligant|Close Combat|p1a: Tapu Lele\n|-resisted|p1a: Tapu Lele\n|-damage|p1a: Tapu Lele|61\/100\n|-unboost|p2a: Lilligant|def|1\n|-unboost|p2a: Lilligant|spd|1\n|-damage|p2a: Lilligant|84\/100|[from] item: Life Orb\n|\n|-weather|SunnyDay|[upkeep]\n|upkeep\n|turn|10\n|\n|t:|1699669973\n|move|p2a: Lilligant|Leaf Blade|p1a: Tapu Lele\n|-crit|p1a: Tapu Lele\n|-damage|p1a: Tapu Lele|0 fnt\n|faint|p1a: Tapu Lele\n|-damage|p2a: Lilligant|75\/100|[from] item: Life Orb\n|\n|-weather|SunnyDay|[upkeep]\n|upkeep\n|\n|t:|1699669982\n|switch|p1a: Rotom|Rotom-Wash|100\/100\n|-damage|p1a: Rotom|88\/100|[from] Stealth Rock\n|turn|11\n|\n|t:|1699669988\n|-terastallize|p1a: Rotom|Steel\n|move|p2a: Lilligant|Leaf Blade|p1a: Rotom\n|-resisted|p1a: Rotom\n|-damage|p1a: Rotom|69\/100\n|-damage|p2a: Lilligant|65\/100|[from] item: Life Orb\n|move|p1a: Rotom|Will-O-Wisp|p2a: Lilligant\n|-status|p2a: Lilligant|brn\n|\n|-weather|SunnyDay|[upkeep]\n|-heal|p1a: Rotom|75\/100|[from] item: Leftovers\n|-damage|p2a: Lilligant|59\/100 brn|[from] brn\n|upkeep\n|turn|12\n|\n|t:|1699669999\n|switch|p2a: Pawmot|Pawmot, F|100\/100\n|-damage|p2a: Pawmot|94\/100|[from] Stealth Rock\n|move|p1a: Rotom|Defog|p2a: Pawmot\n|-unboost|p2a: Pawmot|evasion|1\n|-sideend|p2: Dragonpetim|Stealth Rock|[from] move: Defog|[of] p1a: Rotom\n|-sideend|p1: nerdZ|Stealth Rock|[from] move: Defog|[of] p1a: Rotom\n|-fieldend|move: Psychic Terrain\n|\n|-weather|SunnyDay|[upkeep]\n|-heal|p1a: Rotom|81\/100|[from] item: Leftovers\n|upkeep\n|turn|13\n|\n|t:|1699670009\n|move|p2a: Pawmot|Revival Blessing|p2a: Pawmot\n|\n|t:|1699670012\n|-heal|p2: Charizard X|50\/100|[from] move: Revival Blessing\n|move|p1a: Rotom|Will-O-Wisp|p2a: Pawmot\n|-status|p2a: Pawmot|brn\n|\n|-weather|none\n|-heal|p1a: Rotom|88\/100|[from] item: Leftovers\n|-damage|p2a: Pawmot|88\/100 brn|[from] brn\n|upkeep\n|turn|14\n|\n|t:|1699670024\n|move|p2a: Pawmot|Close Combat|p1a: Rotom\n|-supereffective|p1a: Rotom\n|-damage|p1a: Rotom|29\/100\n|-unboost|p2a: Pawmot|def|1\n|-unboost|p2a: Pawmot|spd|1\n|-damage|p2a: Pawmot|78\/100 brn|[from] item: Life Orb\n|move|p1a: Rotom|Hydro Pump|p2a: Pawmot\n|-damage|p2a: Pawmot|0 fnt\n|faint|p2a: Pawmot\n|\n|-heal|p1a: Rotom|35\/100|[from] item: Leftovers\n|upkeep\n|\n|t:|1699670040\n|switch|p2a: I s2 Charizard|Regidrago|100\/100\n|turn|15\n|\n|t:|1699670044\n|-terastallize|p2a: I s2 Charizard|Dragon\n|move|p2a: I s2 Charizard|Dragon Energy|p1a: Rotom\n|-resisted|p1a: Rotom\n|-damage|p1a: Rotom|0 fnt\n|faint|p1a: Rotom\n|\n|upkeep\n|\n|t:|1699670056\n|switch|p1a: Great Tusk|Great Tusk|100\/100\n|turn|16\n|\n|t:|1699670058\n|move|p2a: I s2 Charizard|Dragon Energy|p1a: Great Tusk\n|-damage|p1a: Great Tusk|0 fnt\n|faint|p1a: Great Tusk\n|-end|p1a: Great Tusk|Protosynthesis|[silent]\n|\n|upkeep\n|\n|t:|1699670063\n|switch|p1a: Heatran|Heatran, F|100\/100\n|turn|17\n|\n|t:|1699670069\n|move|p2a: I s2 Charizard|Dragon Energy|p1a: Heatran\n|-resisted|p1a: Heatran\n|-damage|p1a: Heatran|58\/100\n|move|p1a: Heatran|Magma Storm|p2a: I s2 Charizard|[miss]\n|-miss|p1a: Heatran|p2a: I s2 Charizard\n|\n|-heal|p1a: Heatran|64\/100|[from] item: Leftovers\n|upkeep\n|turn|18\n|-message|nerdZ forfeited.\n|\n|win|Dragonpetim\n|raw|nerdZ's rating: 1452 &rarr; <strong>1430<\/strong><br \/>(-22 for losing)\n|raw|Dragonpetim's rating: 1421 &rarr; <strong>1443<\/strong><br \/>(+22 for winning)\n|l|\u2606nerdZ\n|l|\u2606Dragonpetim\n","uploadtime":1699670087,"views":6,"p1id":"nerdz","p2id":"dragonpetim","formatid":"gen9nationaldex","rating":1430,"private":0,"password":""}