{"id":"gen9nationaldex-1990198472","p1":"gwrifter","p2":"homeofthewhopper","format":"[Gen 9] National Dex","log":"|j|\u2606gwrifter\n|j|\u2606homeofthewhopper\n|t:|1699936141\n|gametype|singles\n|player|p1|gwrifter|grimsley|\n|player|p2|homeofthewhopper|rocketgruntf|\n|teamsize|p1|6\n|teamsize|p2|6\n|gen|9\n|tier|[Gen 9] National Dex\n|rule|HP Percentage Mod: HP is shown in percentages\n|rule|Endless Battle Clause: Forcing endless battles is banned\n|rule|OHKO Clause: OHKO moves are banned\n|rule|Evasion Clause: Evasion abilities, items, and moves are banned\n|rule|Evasion Abilities Clause: Evasion abilities are banned\n|rule|Evasion Items Clause: Evasion items are banned\n|rule|Evasion Moves Clause: Evasion moves are banned\n|rule|Species Clause: Limit one of each Pok\u00e9mon\n|rule|Sleep Clause Mod: Limit one foe put to sleep\n|clearpoke\n|poke|p1|Alomomola, M|\n|poke|p1|Reuniclus, M|\n|poke|p1|Sableye, M|\n|poke|p1|Ferrothorn, M|\n|poke|p1|Gliscor, M|\n|poke|p1|Chansey, F|\n|poke|p2|Cresselia, F|\n|poke|p2|Skarmory, M|\n|poke|p2|Toxapex, M|\n|poke|p2|Garganacl, F|\n|poke|p2|Gliscor, M|\n|poke|p2|Lopunny, F|\n|teampreview\n|\n|t:|1699936170\n|start\n|switch|p1a: Ferrothorn|Ferrothorn, M|100\/100\n|switch|p2a: Skarmory|Skarmory, M|100\/100\n|turn|1\n|\n|t:|1699936177\n|move|p2a: Skarmory|Spikes|p1a: Ferrothorn\n|-sidestart|p1: gwrifter|Spikes\n|move|p1a: Ferrothorn|Thunder Wave|p2a: Skarmory\n|-status|p2a: Skarmory|par\n|\n|upkeep\n|turn|2\n|\n|t:|1699936185\n|move|p2a: Skarmory|Body Press|p1a: Ferrothorn\n|-supereffective|p1a: Ferrothorn\n|-damage|p1a: Ferrothorn|61\/100\n|-damage|p2a: Skarmory|88\/100 par|[from] ability: Iron Barbs|[of] p1a: Ferrothorn\n|move|p1a: Ferrothorn|Stealth Rock|p2a: Skarmory\n|-sidestart|p2: homeofthewhopper|move: Stealth Rock\n|\n|-heal|p1a: Ferrothorn|68\/100|[from] item: Leftovers\n|upkeep\n|turn|3\n|\n|t:|1699936199\n|switch|p1a: Gliscor|Gliscor, M|100\/100\n|cant|p2a: Skarmory|par\n|\n|-status|p1a: Gliscor|tox|[from] item: Toxic Orb\n|upkeep\n|turn|4\n|\n|t:|1699936209\n|switch|p1a: Alomomola|Alomomola, M|100\/100\n|move|p2a: Skarmory|Iron Defense|p2a: Skarmory\n|-boost|p2a: Skarmory|def|2\n|\n|upkeep\n|turn|5\n|\n|t:|1699936216\n|move|p1a: Alomomola|Scald|p2a: Skarmory\n|-damage|p2a: Skarmory|69\/100 par\n|cant|p2a: Skarmory|par\n|\n|upkeep\n|turn|6\n|\n|t:|1699936223\n|move|p1a: Alomomola|Scald|p2a: Skarmory\n|-damage|p2a: Skarmory|50\/100 par\n|move|p2a: Skarmory|Body Press|p1a: Alomomola\n|-damage|p1a: Alomomola|67\/100\n|\n|upkeep\n|turn|7\n|\n|t:|1699936230\n|move|p1a: Alomomola|Flip Turn|p2a: Skarmory\n|-damage|p2a: Skarmory|45\/100 par\n|-damage|p1a: Alomomola|51\/100|[from] item: Rocky Helmet|[of] p2a: Skarmory\n|\n|t:|1699936235\n|switch|p1a: Chansey|Chansey, F|100\/100|[from] Flip Turn\n|-damage|p1a: Chansey|88\/100|[from] Spikes\n|move|p2a: Skarmory|Roost|p2a: Skarmory\n|-heal|p2a: Skarmory|95\/100 par\n|-singleturn|p2a: Skarmory|move: Roost\n|\n|upkeep\n|turn|8\n|\n|t:|1699936244\n|-terastallize|p1a: Chansey|Ghost\n|move|p1a: Chansey|Seismic Toss|p2a: Skarmory\n|-damage|p2a: Skarmory|65\/100 par\n|-damage|p1a: Chansey|71\/100|[from] item: Rocky Helmet|[of] p2a: Skarmory\n|move|p2a: Skarmory|Body Press|p1a: Chansey\n|-immune|p1a: Chansey\n|\n|upkeep\n|turn|9\n|\n|t:|1699936253\n|move|p1a: Chansey|Wish|p1a: Chansey\n|move|p2a: Skarmory|Iron Defense|p2a: Skarmory\n|-boost|p2a: Skarmory|def|2\n|\n|upkeep\n|turn|10\n|\n|t:|1699936260\n|move|p1a: Chansey|Seismic Toss|p2a: Skarmory\n|-damage|p2a: Skarmory|35\/100 par\n|-damage|p1a: Chansey|55\/100|[from] item: Rocky Helmet|[of] p2a: Skarmory\n|move|p2a: Skarmory|Roost|p2a: Skarmory\n|-heal|p2a: Skarmory|85\/100 par\n|-singleturn|p2a: Skarmory|move: Roost\n|\n|-heal|p1a: Chansey|100\/100|[from] move: Wish|[wisher] Chansey\n|upkeep\n|turn|11\n|\n|t:|1699936275\n|switch|p1a: Reuniclus|Reuniclus, M|100\/100\n|move|p2a: Skarmory|Spikes|p1a: Reuniclus\n|-sidestart|p1: gwrifter|Spikes\n|\n|upkeep\n|turn|12\n|\n|t:|1699936284\n|move|p1a: Reuniclus|Calm Mind|p1a: Reuniclus\n|-boost|p1a: Reuniclus|spa|1\n|-boost|p1a: Reuniclus|spd|1\n|move|p2a: Skarmory|Body Press|p1a: Reuniclus\n|-resisted|p1a: Reuniclus\n|-damage|p1a: Reuniclus|65\/100\n|\n|-heal|p1a: Reuniclus|71\/100|[from] item: Leftovers\n|upkeep\n|turn|13\n|\n|t:|1699936291\n|move|p1a: Reuniclus|Calm Mind|p1a: Reuniclus\n|-boost|p1a: Reuniclus|spa|1\n|-boost|p1a: Reuniclus|spd|1\n|cant|p2a: Skarmory|par\n|\n|-heal|p1a: Reuniclus|77\/100|[from] item: Leftovers\n|upkeep\n|turn|14\n|\n|t:|1699936298\n|move|p1a: Reuniclus|Calm Mind|p1a: Reuniclus\n|-boost|p1a: Reuniclus|spa|1\n|-boost|p1a: Reuniclus|spd|1\n|cant|p2a: Skarmory|par\n|\n|-heal|p1a: Reuniclus|83\/100|[from] item: Leftovers\n|upkeep\n|turn|15\n|\n|t:|1699936304\n|move|p1a: Reuniclus|Calm Mind|p1a: Reuniclus\n|-boost|p1a: Reuniclus|spa|1\n|-boost|p1a: Reuniclus|spd|1\n|cant|p2a: Skarmory|par\n|\n|-heal|p1a: Reuniclus|89\/100|[from] item: Leftovers\n|upkeep\n|turn|16\n|\n|t:|1699936310\n|move|p1a: Reuniclus|Stored Power|p2a: Skarmory\n|-resisted|p2a: Skarmory\n|-damage|p2a: Skarmory|0 fnt\n|faint|p2a: Skarmory\n|\n|-heal|p1a: Reuniclus|95\/100|[from] item: Leftovers\n|upkeep\n|\n|t:|1699936324\n|switch|p2a: Gliscor|Gliscor, M|100\/100\n|-damage|p2a: Gliscor|88\/100|[from] Stealth Rock\n|turn|17\n|\n|t:|1699936328\n|move|p2a: Gliscor|Knock Off|p1a: Reuniclus\n|-supereffective|p1a: Reuniclus\n|-damage|p1a: Reuniclus|66\/100\n|-enditem|p1a: Reuniclus|Leftovers|[from] move: Knock Off|[of] p2a: Gliscor\n|move|p1a: Reuniclus|Stored Power|p2a: Gliscor\n|-damage|p2a: Gliscor|0 fnt\n|faint|p2a: Gliscor\n|\n|upkeep\n|\n|t:|1699936348\n|switch|p2a: Garganacl|Garganacl, F|100\/100\n|-damage|p2a: Garganacl|88\/100|[from] Stealth Rock\n|turn|18\n|\n|t:|1699936353\n|move|p1a: Reuniclus|Energy Ball|p2a: Garganacl\n|-supereffective|p2a: Garganacl\n|-damage|p2a: Garganacl|0 fnt\n|faint|p2a: Garganacl\n|\n|upkeep\n|\n|t:|1699936357\n|switch|p2a: Lopunny|Lopunny, F|100\/100\n|-damage|p2a: Lopunny|88\/100|[from] Stealth Rock\n|turn|19\n|\n|t:|1699936364\n|detailschange|p2a: Lopunny|Lopunny-Mega, F\n|-mega|p2a: Lopunny|Lopunny|Lopunnite\n|move|p2a: Lopunny|Fake Out|p1a: Reuniclus\n|-damage|p1a: Reuniclus|50\/100\n|cant|p1a: Reuniclus|flinch\n|\n|upkeep\n|turn|20\n|\n|t:|1699936374\n|move|p2a: Lopunny|Fake Out||[still]\n|-hint|Fake Out only works on your first turn out.\n|-fail|p2a: Lopunny\n|move|p1a: Reuniclus|Recover|p1a: Reuniclus\n|-heal|p1a: Reuniclus|99\/100\n|\n|upkeep\n|turn|21\n|\n|t:|1699936381\n|move|p2a: Lopunny|Return|p1a: Reuniclus\n|-damage|p1a: Reuniclus|60\/100\n|move|p1a: Reuniclus|Stored Power|p2a: Lopunny\n|-supereffective|p2a: Lopunny\n|-damage|p2a: Lopunny|0 fnt\n|faint|p2a: Lopunny\n|\n|upkeep\n|\n|t:|1699936389\n|switch|p2a: Toxapex|Toxapex, M|100\/100\n|turn|22\n|\n|t:|1699936397\n|move|p1a: Reuniclus|Stored Power|p2a: Toxapex\n|-supereffective|p2a: Toxapex\n|-damage|p2a: Toxapex|0 fnt\n|faint|p2a: Toxapex\n|\n|upkeep\n|\n|t:|1699936401\n|switch|p2a: Cresselia|Cresselia, F|100\/100\n|-damage|p2a: Cresselia|88\/100|[from] Stealth Rock\n|turn|23\n|\n|t:|1699936409\n|move|p2a: Cresselia|Moonlight|p2a: Cresselia\n|-heal|p2a: Cresselia|100\/100\n|move|p1a: Reuniclus|Stored Power|p2a: Cresselia\n|-resisted|p2a: Cresselia\n|-damage|p2a: Cresselia|33\/100\n|\n|upkeep\n|turn|24\n|\n|t:|1699936416\n|move|p2a: Cresselia|Moonlight|p2a: Cresselia\n|-heal|p2a: Cresselia|83\/100\n|move|p1a: Reuniclus|Stored Power|p2a: Cresselia\n|-resisted|p2a: Cresselia\n|-damage|p2a: Cresselia|15\/100\n|\n|upkeep\n|turn|25\n|\n|t:|1699936427\n|-terastallize|p2a: Cresselia|Poison\n|move|p2a: Cresselia|Hidden Power|p1a: Reuniclus\n|-resisted|p1a: Reuniclus\n|-damage|p1a: Reuniclus|59\/100\n|move|p1a: Reuniclus|Stored Power|p2a: Cresselia\n|-supereffective|p2a: Cresselia\n|-damage|p2a: Cresselia|0 fnt\n|faint|p2a: Cresselia\n|\n|win|gwrifter\n","uploadtime":1699936437,"views":5,"p1id":"gwrifter","p2id":"homeofthewhopper","formatid":"gen9nationaldex","rating":0,"private":0,"password":""}