{"id":"gen9nationaldex-1988004779","p1":"HannibalKanter","p2":"Finkle2","format":"[Gen 9] National Dex","log":"|j|\u2606HannibalKanter\n|j|\u2606Finkle2\n|t:|1699658177\n|gametype|singles\n|player|p1|HannibalKanter|blaine|1211\n|player|p2|Finkle2|ghetsis|1199\n|teamsize|p1|6\n|teamsize|p2|6\n|gen|9\n|tier|[Gen 9] National Dex\n|rated|\n|rule|HP Percentage Mod: HP is shown in percentages\n|rule|Endless Battle Clause: Forcing endless battles is banned\n|rule|OHKO Clause: OHKO moves are banned\n|rule|Evasion Clause: Evasion abilities, items, and moves are banned\n|rule|Evasion Abilities Clause: Evasion abilities are banned\n|rule|Evasion Items Clause: Evasion items are banned\n|rule|Evasion Moves Clause: Evasion moves are banned\n|rule|Species Clause: Limit one of each Pok\u00e9mon\n|rule|Sleep Clause Mod: Limit one foe put to sleep\n|clearpoke\n|poke|p1|Slaking, M|\n|poke|p1|Pawmot, M|\n|poke|p1|Latias, F|\n|poke|p1|Alomomola, F|\n|poke|p1|Runerigus, F|\n|poke|p1|Scizor, M|\n|poke|p2|Lopunny, F|\n|poke|p2|Goodra-Hisui, F|\n|poke|p2|Ceruledge, M|\n|poke|p2|Aerodactyl, M|\n|poke|p2|Gyarados, M|\n|poke|p2|Tapu Koko|\n|teampreview\n|inactive|Battle timer is ON: inactive players will automatically lose when time's up. (requested by HannibalKanter)\n|l|\u2606HannibalKanter\n|inactive|HannibalKanter disconnected and has a minute to reconnect!\n|player|p1|\n|j|\u2606HannibalKanter\n|inactive|HannibalKanter reconnected and has 135 seconds left.\n|player|p1|HannibalKanter|blaine\n|\n|t:|1699658201\n|start\n|switch|p1a: Scizor|Scizor, M|100\/100\n|switch|p2a: Shiny Gary|Gyarados, M, shiny|100\/100\n|turn|1\n|\n|t:|1699658213\n|switch|p2a: Kevin Kut|Ceruledge, M|100\/100\n|detailschange|p1a: Scizor|Scizor-Mega, M\n|-mega|p1a: Scizor|Scizor|Scizorite\n|move|p1a: Scizor|U-turn|p2a: Kevin Kut\n|-resisted|p2a: Kevin Kut\n|-damage|p2a: Kevin Kut|84\/100\n|-ability|p2a: Kevin Kut|Weak Armor|boost\n|-unboost|p2a: Kevin Kut|def|1\n|-boost|p2a: Kevin Kut|spe|2\n|\n|t:|1699658229\n|switch|p1a: Alomomola|Alomomola, F|100\/100|[from] U-turn\n|\n|upkeep\n|turn|2\n|\n|t:|1699658234\n|switch|p2a: Shiny Gary|Gyarados, M, shiny|100\/100\n|move|p1a: Alomomola|Wish|p1a: Alomomola\n|\n|upkeep\n|turn|3\n|\n|t:|1699658239\n|move|p2a: Shiny Gary|Dragon Dance|p2a: Shiny Gary\n|-boost|p2a: Shiny Gary|atk|1\n|-boost|p2a: Shiny Gary|spe|1\n|move|p1a: Alomomola|Flip Turn|p2a: Shiny Gary\n|-resisted|p2a: Shiny Gary\n|-damage|p2a: Shiny Gary|90\/100\n|\n|t:|1699658242\n|switch|p1a: Runerigus|Runerigus, F|100\/100|[from] Flip Turn\n|\n|upkeep\n|turn|4\n|\n|t:|1699658247\n|move|p2a: Shiny Gary|Power Whip|p1a: Runerigus\n|-supereffective|p1a: Runerigus\n|-damage|p1a: Runerigus|27\/100\n|-damage|p2a: Shiny Gary|73\/100|[from] item: Rocky Helmet|[of] p1a: Runerigus\n|-activate|p1a: Runerigus|ability: Wandering Spirit|Moxie|Wandering Spirit|[of] p2a: Shiny Gary\n|move|p1a: Runerigus|Will-O-Wisp|p2a: Shiny Gary\n|-status|p2a: Shiny Gary|brn\n|\n|-damage|p2a: Shiny Gary|67\/100 brn|[from] brn\n|upkeep\n|turn|5\n|\n|t:|1699658268\n|switch|p1a: Slaking|Slaking, M|100\/100\n|move|p2a: Shiny Gary|Power Whip|p1a: Slaking\n|-damage|p1a: Slaking|73\/100\n|\n|-damage|p2a: Shiny Gary|61\/100 brn|[from] brn\n|upkeep\n|turn|6\n|\n|t:|1699658276\n|move|p2a: Shiny Gary|Waterfall|p1a: Slaking\n|-damage|p1a: Slaking|46\/100\n|move|p1a: Slaking|Facade|p2a: Shiny Gary\n|-damage|p2a: Shiny Gary|7\/100 brn\n|-activate|p2a: Shiny Gary|ability: Wandering Spirit|Truant|Wandering Spirit|[of] p1a: Slaking\n|-enditem|p2a: Shiny Gary|Aguav Berry|[eat]\n|-heal|p2a: Shiny Gary|40\/100 brn|[from] item: Aguav Berry\n|\n|-damage|p2a: Shiny Gary|34\/100 brn|[from] brn\n|upkeep\n|turn|7\n|\n|t:|1699658287\n|cant|p2a: Shiny Gary|ability: Truant\n|move|p1a: Slaking|Facade|p2a: Shiny Gary\n|-damage|p2a: Shiny Gary|0 fnt\n|faint|p2a: Shiny Gary\n|\n|upkeep\n|\n|t:|1699658292\n|switch|p2a: Kevin Kut|Ceruledge, M|84\/100\n|turn|8\n|\n|t:|1699658299\n|move|p1a: Slaking|Earthquake|p2a: Kevin Kut\n|-supereffective|p2a: Kevin Kut\n|-damage|p2a: Kevin Kut|0 fnt\n|faint|p2a: Kevin Kut\n|\n|upkeep\n|\n|t:|1699658308\n|switch|p2a: Batman|Lopunny, F|100\/100\n|turn|9\n|\n|t:|1699658311\n|switch|p1a: Alomomola|Alomomola, F|100\/100\n|detailschange|p2a: Batman|Lopunny-Mega, F\n|-mega|p2a: Batman|Lopunny|Lopunnite\n|move|p2a: Batman|Fake Out|p1a: Alomomola\n|-damage|p1a: Alomomola|89\/100\n|-damage|p2a: Batman|84\/100|[from] item: Rocky Helmet|[of] p1a: Alomomola\n|\n|upkeep\n|turn|10\n|\n|t:|1699658319\n|move|p2a: Batman|High Jump Kick|p1a: Alomomola\n|-damage|p1a: Alomomola|52\/100\n|-damage|p2a: Batman|67\/100|[from] item: Rocky Helmet|[of] p1a: Alomomola\n|move|p1a: Alomomola|Flip Turn|p2a: Batman\n|-damage|p2a: Batman|45\/100\n|\n|t:|1699658332\n|switch|p1a: Scizor|Scizor-Mega, M|100\/100|[from] Flip Turn\n|\n|upkeep\n|turn|11\n|\n|t:|1699658335\n|move|p1a: Scizor|Bullet Punch|p2a: Batman\n|-damage|p2a: Batman|0 fnt\n|faint|p2a: Batman\n|\n|upkeep\n|\n|t:|1699658338\n|switch|p2a: Akainu|Tapu Koko|100\/100\n|-fieldstart|move: Electric Terrain|[from] ability: Electric Surge|[of] p2a: Akainu\n|-enditem|p2a: Akainu|Electric Seed\n|-boost|p2a: Akainu|def|1|[from] item: Electric Seed\n|turn|12\n|\n|t:|1699658342\n|move|p2a: Akainu|Calm Mind|p2a: Akainu\n|-boost|p2a: Akainu|spa|1\n|-boost|p2a: Akainu|spd|1\n|move|p1a: Scizor|U-turn|p2a: Akainu\n|-resisted|p2a: Akainu\n|-damage|p2a: Akainu|79\/100\n|\n|t:|1699658360\n|switch|p1a: Pawmot|Pawmot, M|100\/100|[from] U-turn\n|\n|upkeep\n|turn|13\n|\n|t:|1699658368\n|-terastallize|p1a: Pawmot|Electric\n|move|p2a: Akainu|Dazzling Gleam|p1a: Pawmot\n|-damage|p1a: Pawmot|18\/100\n|move|p1a: Pawmot|Double Shock|p2a: Akainu\n|-resisted|p2a: Akainu\n|-damage|p2a: Akainu|40\/100\n|-start|p1a: Pawmot|typechange|Electric|[from] move: Double Shock\n|\n|upkeep\n|turn|14\n|\n|t:|1699658381\n|switch|p1a: Scizor|Scizor-Mega, M|100\/100\n|move|p2a: Akainu|Roost|p2a: Akainu\n|-heal|p2a: Akainu|90\/100\n|-singleturn|p2a: Akainu|move: Roost\n|\n|upkeep\n|turn|15\n|\n|t:|1699658385\n|move|p1a: Scizor|Bullet Punch|p2a: Akainu\n|-damage|p2a: Akainu|54\/100\n|move|p2a: Akainu|Dazzling Gleam|p1a: Scizor\n|-resisted|p1a: Scizor\n|-damage|p1a: Scizor|77\/100\n|\n|upkeep\n|turn|16\n|\n|t:|1699658391\n|move|p1a: Scizor|Bullet Punch|p2a: Akainu\n|-damage|p2a: Akainu|17\/100\n|move|p2a: Akainu|Thunderbolt|p1a: Scizor\n|-damage|p1a: Scizor|0 fnt\n|faint|p1a: Scizor\n|\n|-fieldend|move: Electric Terrain\n|upkeep\n|\n|t:|1699658402\n|switch|p1a: Slaking|Slaking, M|46\/100\n|turn|17\n|\n|t:|1699658406\n|move|p2a: Akainu|Thunderbolt|p1a: Slaking\n|-damage|p1a: Slaking|7\/100\n|move|p1a: Slaking|Earthquake|p2a: Akainu\n|-supereffective|p2a: Akainu\n|-damage|p2a: Akainu|0 fnt\n|faint|p2a: Akainu\n|\n|upkeep\n|\n|t:|1699658411\n|switch|p2a: Awesome Dinosaur|Aerodactyl, M|100\/100\n|-ability|p2a: Awesome Dinosaur|Unnerve\n|turn|18\n|\n|t:|1699658414\n|switch|p1a: Runerigus|Runerigus, F|27\/100\n|move|p2a: Awesome Dinosaur|Earthquake|p1a: Runerigus\n|-damage|p1a: Runerigus|10\/100\n|\n|upkeep\n|turn|19\n|\n|t:|1699658420\n|move|p2a: Awesome Dinosaur|Stone Edge|p1a: Runerigus\n|-resisted|p1a: Runerigus\n|-damage|p1a: Runerigus|0 fnt\n|faint|p1a: Runerigus\n|\n|upkeep\n|\n|t:|1699658433\n|switch|p1a: Alomomola|Alomomola, F|85\/100\n|turn|20\n|\n|t:|1699658437\n|move|p2a: Awesome Dinosaur|Toxic|p1a: Alomomola\n|-status|p1a: Alomomola|tox\n|move|p1a: Alomomola|Healing Wish|p1a: Alomomola\n|faint|p1a: Alomomola\n|\n|upkeep\n|\n|t:|1699658439\n|switch|p1a: Slaking|Slaking, M|7\/100\n|-heal|p1a: Slaking|100\/100|[from] move: Healing Wish\n|turn|21\n|\n|t:|1699658445\n|move|p2a: Awesome Dinosaur|Toxic|p1a: Slaking\n|-status|p1a: Slaking|tox\n|move|p1a: Slaking|Drain Punch|p2a: Awesome Dinosaur\n|-damage|p2a: Awesome Dinosaur|51\/100\n|\n|-damage|p1a: Slaking|94\/100 tox|[from] psn\n|upkeep\n|turn|22\n|\n|t:|1699658451\n|switch|p1a: Pawmot|Pawmot, M, tera:Electric|18\/100\n|move|p2a: Awesome Dinosaur|Stone Edge|p1a: Pawmot\n|-damage|p1a: Pawmot|0 fnt\n|faint|p1a: Pawmot\n|\n|upkeep\n|\n|t:|1699658457\n|switch|p1a: Latias|Latias, F|100\/100\n|turn|23\n|\n|t:|1699658462\n|move|p2a: Awesome Dinosaur|Stone Edge|p1a: Latias\n|-crit|p1a: Latias\n|-damage|p1a: Latias|18\/100\n|move|p1a: Latias|Ice Beam|p2a: Awesome Dinosaur\n|-supereffective|p2a: Awesome Dinosaur\n|-damage|p2a: Awesome Dinosaur|0 fnt\n|faint|p2a: Awesome Dinosaur\n|\n|-heal|p1a: Latias|24\/100|[from] item: Leftovers\n|upkeep\n|\n|t:|1699658468\n|switch|p2a: Mr. Snail|Goodra-Hisui, F|100\/100\n|turn|24\n|\n|t:|1699658471\n|move|p1a: Latias|Draco Meteor|p2a: Mr. Snail|[miss]\n|-miss|p1a: Latias|p2a: Mr. Snail\n|move|p2a: Mr. Snail|Acid Spray|p1a: Latias\n|-damage|p1a: Latias|15\/100\n|-unboost|p1a: Latias|spd|2\n|\n|-heal|p1a: Latias|21\/100|[from] item: Leftovers\n|upkeep\n|turn|25\n|\n|t:|1699658479\n|move|p1a: Latias|Draco Meteor|p2a: Mr. Snail\n|-damage|p2a: Mr. Snail|68\/100\n|-unboost|p1a: Latias|spa|2\n|move|p2a: Mr. Snail|Flamethrower|p1a: Latias\n|-resisted|p1a: Latias\n|-damage|p1a: Latias|3\/100\n|\n|-heal|p1a: Latias|9\/100|[from] item: Leftovers\n|-heal|p2a: Mr. Snail|74\/100|[from] item: Leftovers\n|upkeep\n|turn|26\n|\n|t:|1699658486\n|switch|p1a: Slaking|Slaking, M|94\/100 tox\n|move|p2a: Mr. Snail|Flash Cannon|p1a: Slaking\n|-damage|p1a: Slaking|74\/100 tox\n|\n|-heal|p2a: Mr. Snail|80\/100|[from] item: Leftovers\n|-damage|p1a: Slaking|68\/100 tox|[from] psn\n|upkeep\n|turn|27\n|\n|t:|1699658495\n|move|p1a: Slaking|Earthquake|p2a: Mr. Snail\n|-supereffective|p2a: Mr. Snail\n|-damage|p2a: Mr. Snail|13\/100\n|move|p2a: Mr. Snail|Draco Meteor|p1a: Slaking\n|-damage|p1a: Slaking|34\/100 tox\n|-unboost|p2a: Mr. Snail|spa|2\n|\n|-heal|p2a: Mr. Snail|19\/100|[from] item: Leftovers\n|-damage|p1a: Slaking|21\/100 tox|[from] psn\n|upkeep\n|turn|28\n|\n|t:|1699658502\n|switch|p1a: Latias|Latias, F|9\/100\n|move|p2a: Mr. Snail|Flamethrower|p1a: Latias\n|-resisted|p1a: Latias\n|-damage|p1a: Latias|3\/100\n|\n|-heal|p1a: Latias|9\/100|[from] item: Leftovers\n|-heal|p2a: Mr. Snail|25\/100|[from] item: Leftovers\n|upkeep\n|turn|29\n|\n|t:|1699658514\n|-terastallize|p2a: Mr. Snail|Steel\n|move|p1a: Latias|Healing Wish|p1a: Latias\n|faint|p1a: Latias\n|move|p2a: Mr. Snail|Acid Spray|p1: Latias|[notarget]\n|-fail|p2a: Mr. Snail\n|\n|-heal|p2a: Mr. Snail|31\/100|[from] item: Leftovers\n|upkeep\n|c|\u2606HannibalKanter|Gg\n|\n|t:|1699658523\n|switch|p1a: Slaking|Slaking, M|21\/100 tox\n|-heal|p1a: Slaking|100\/100|[from] move: Healing Wish\n|turn|30\n|\n|t:|1699658528\n|move|p1a: Slaking|Earthquake|p2a: Mr. Snail\n|-supereffective|p2a: Mr. Snail\n|-damage|p2a: Mr. Snail|0 fnt\n|faint|p2a: Mr. Snail\n|\n|win|HannibalKanter\n|raw|HannibalKanter's rating: 1211 &rarr; <strong>1235<\/strong><br \/>(+24 for winning)\n|raw|Finkle2's rating: 1199 &rarr; <strong>1175<\/strong><br \/>(-24 for losing)\n","uploadtime":1699658537,"views":5,"p1id":"hannibalkanter","p2id":"finkle2","formatid":"gen9nationaldex","rating":1175,"private":0,"password":""}