{"id":"gen9nationaldex-1994512436","p1":"HumanPersonThing","p2":"Tometozrbad","format":"[Gen 9] National Dex","log":"|j|\u2606HumanPersonThing\n|j|\u2606Tometozrbad\n|t:|1700452816\n|gametype|singles\n|player|p1|HumanPersonThing|ninjaboy|1222\n|player|p2|Tometozrbad|lady|1163\n|teamsize|p1|6\n|teamsize|p2|6\n|gen|9\n|tier|[Gen 9] National Dex\n|rated|\n|rule|HP Percentage Mod: HP is shown in percentages\n|rule|Endless Battle Clause: Forcing endless battles is banned\n|rule|OHKO Clause: OHKO moves are banned\n|rule|Evasion Clause: Evasion abilities, items, and moves are banned\n|rule|Evasion Abilities Clause: Evasion abilities are banned\n|rule|Evasion Items Clause: Evasion items are banned\n|rule|Evasion Moves Clause: Evasion moves are banned\n|rule|Species Clause: Limit one of each Pok\u00e9mon\n|rule|Sleep Clause Mod: Limit one foe put to sleep\n|clearpoke\n|poke|p1|Gliscor, F|\n|poke|p1|Diancie|\n|poke|p1|Corviknight, F|\n|poke|p1|Blaziken, M|\n|poke|p1|Greninja-*, M|\n|poke|p1|Kommo-o, F|\n|poke|p2|Espeon, F|\n|poke|p2|Swellow, F|\n|poke|p2|Cobalion|\n|poke|p2|Accelgor, M|\n|poke|p2|Moltres|\n|poke|p2|Landorus-Therian, M|\n|teampreview\n|inactive|Battle timer is ON: inactive players will automatically lose when time's up. (requested by Tometozrbad)\n|inactive|HumanPersonThing also wants the timer to be on.\n|\n|t:|1700452834\n|start\n|switch|p1a: Blaziken|Blaziken, M|100\/100\n|switch|p2a: Cloud rider|Landorus-Therian, M|100\/100\n|-ability|p2a: Cloud rider|Intimidate|boost\n|-unboost|p1a: Blaziken|atk|1\n|turn|1\n|\n|t:|1700452840\n|switch|p1a: Corviknight|Corviknight, F, shiny|100\/100\n|-ability|p1a: Corviknight|Pressure\n|move|p2a: Cloud rider|Earthquake|p1a: Corviknight\n|-immune|p1a: Corviknight\n|\n|upkeep\n|turn|2\n|\n|t:|1700452846\n|switch|p2a: Jeff|Accelgor, M|100\/100\n|move|p1a: Corviknight|Brave Bird|p2a: Jeff\n|-supereffective|p2a: Jeff\n|-enditem|p2a: Jeff|Focus Sash\n|-damage|p2a: Jeff|1\/100\n|-damage|p1a: Corviknight|70\/100|[from] Recoil\n|\n|-heal|p1a: Corviknight|77\/100|[from] item: Leftovers\n|upkeep\n|turn|3\n|\n|t:|1700452856\n|move|p2a: Jeff|Spikes|p1a: Corviknight\n|-sidestart|p1: HumanPersonThing|Spikes\n|move|p1a: Corviknight|Iron Head|p2a: Jeff\n|-damage|p2a: Jeff|0 fnt\n|faint|p2a: Jeff\n|\n|-heal|p1a: Corviknight|83\/100|[from] item: Leftovers\n|upkeep\n|c|\u2606Tometozrbad|Glhf\n|\n|t:|1700452862\n|switch|p2a: Ball dancer|Espeon, F|100\/100\n|turn|4\n|\n|t:|1700452868\n|-zpower|p2a: Ball dancer\n|move|p2a: Ball dancer|Z-Celebrate|p2a: Ball dancer|[anim]Celebrate\n|-boost|p2a: Ball dancer|atk|1|[zeffect]\n|-boost|p2a: Ball dancer|def|1|[zeffect]\n|-boost|p2a: Ball dancer|spa|1|[zeffect]\n|-boost|p2a: Ball dancer|spd|1|[zeffect]\n|-boost|p2a: Ball dancer|spe|1|[zeffect]\n|-activate|p2a: Ball dancer|move: Celebrate\n|move|p1a: Corviknight|Defog|p2a: Ball dancer\n|move|p2a: Ball dancer|Defog|p1a: Corviknight|[from]ability: Magic Bounce\n|-unboost|p1a: Corviknight|evasion|1\n|-sideend|p1: HumanPersonThing|Spikes|[from] move: Defog|[of] p2a: Ball dancer\n|\n|-heal|p1a: Corviknight|89\/100|[from] item: Leftovers\n|upkeep\n|turn|5\n|\n|t:|1700452879\n|move|p2a: Ball dancer|Hidden Power|p1a: Corviknight\n|-supereffective|p1a: Corviknight\n|-damage|p1a: Corviknight|23\/100\n|move|p1a: Corviknight|Brave Bird|p2a: Ball dancer\n|-damage|p2a: Ball dancer|51\/100\n|-damage|p1a: Corviknight|12\/100|[from] Recoil\n|\n|-heal|p1a: Corviknight|18\/100|[from] item: Leftovers\n|upkeep\n|turn|6\n|\n|t:|1700452883\n|move|p2a: Ball dancer|Hidden Power|p1a: Corviknight\n|-supereffective|p1a: Corviknight\n|-damage|p1a: Corviknight|0 fnt\n|faint|p1a: Corviknight\n|\n|upkeep\n|\n|t:|1700452903\n|switch|p1a: Greninja|Greninja, M|100\/100\n|turn|7\n|\n|t:|1700452908\n|move|p1a: Greninja|Water Shuriken|p2a: Ball dancer\n|-crit|p2a: Ball dancer\n|-damage|p2a: Ball dancer|37\/100\n|-damage|p2a: Ball dancer|31\/100\n|-damage|p2a: Ball dancer|24\/100\n|-damage|p2a: Ball dancer|17\/100\n|-damage|p2a: Ball dancer|12\/100\n|-hitcount|p2a: Ball dancer|5\n|move|p2a: Ball dancer|Dazzling Gleam|p1a: Greninja\n|-supereffective|p1a: Greninja\n|-damage|p1a: Greninja|8\/100\n|\n|upkeep\n|turn|8\n|\n|t:|1700452918\n|move|p1a: Greninja|Water Shuriken|p2a: Ball dancer\n|-crit|p2a: Ball dancer\n|-damage|p2a: Ball dancer|0 fnt\n|faint|p2a: Ball dancer\n|-ability|p1a: Greninja|Battle Bond|boost\n|-boost|p1a: Greninja|atk|1\n|-boost|p1a: Greninja|spa|1\n|-boost|p1a: Greninja|spe|1\n|-activate|p1a: Greninja|ability: Battle Bond\n|-hitcount|p2: Ball dancer|1\n|\n|upkeep\n|\n|t:|1700452922\n|switch|p2a: Father|Cobalion|100\/100\n|turn|9\n|\n|t:|1700452929\n|move|p2a: Father|Quick Attack|p1a: Greninja\n|-damage|p1a: Greninja|0 fnt\n|faint|p1a: Greninja\n|\n|upkeep\n|c|\u2606HumanPersonThing|Well that wasn\u2019t very expected\n|\n|t:|1700452956\n|switch|p1a: Gliscor|Gliscor, F|100\/100\n|turn|10\n|inactive|HumanPersonThing has 120 seconds left.\n|\n|t:|1700452977\n|switch|p2a: Cloud rider|Landorus-Therian, M|100\/100\n|-ability|p2a: Cloud rider|Intimidate|boost\n|-unboost|p1a: Gliscor|atk|1\n|move|p1a: Gliscor|Spikes|p2a: Cloud rider\n|-sidestart|p2: Tometozrbad|Spikes\n|\n|-status|p1a: Gliscor|tox|[from] item: Toxic Orb\n|upkeep\n|turn|11\n|\n|t:|1700452981\n|move|p2a: Cloud rider|Knock Off|p1a: Gliscor\n|-damage|p1a: Gliscor|68\/100 tox\n|-enditem|p1a: Gliscor|Toxic Orb|[from] move: Knock Off|[of] p2a: Cloud rider\n|move|p1a: Gliscor|Toxic|p2a: Cloud rider\n|-status|p2a: Cloud rider|tox\n|\n|-damage|p2a: Cloud rider|95\/100 tox|[from] psn\n|-heal|p1a: Gliscor|80\/100 tox|[from] ability: Poison Heal\n|upkeep\n|turn|12\n|\n|t:|1700452994\n|switch|p2a: Yapper|Swellow, F|100\/100\n|move|p1a: Gliscor|Protect||[still]\n|-fail|p1a: Gliscor\n|\n|-heal|p1a: Gliscor|93\/100 tox|[from] ability: Poison Heal\n|upkeep\n|turn|13\n|\n|t:|1700453002\n|-terastallize|p2a: Yapper|Normal\n|move|p2a: Yapper|Boomburst|p1a: Gliscor\n|-damage|p1a: Gliscor|0 fnt\n|faint|p1a: Gliscor\n|\n|upkeep\n|\n|t:|1700453013\n|switch|p1a: Diancie|Diancie|100\/100\n|turn|14\n|\n|t:|1700453020\n|switch|p2a: Cloud rider|Landorus-Therian, M|95\/100 tox\n|-ability|p2a: Cloud rider|Intimidate|boost\n|-fail|p1a: Diancie|unboost|[from] ability: Clear Body|[of] p1a: Diancie\n|detailschange|p1a: Diancie|Diancie-Mega\n|-mega|p1a: Diancie|Diancie|Diancite\n|move|p1a: Diancie|Power Gem|p2a: Cloud rider\n|-damage|p2a: Cloud rider|34\/100 tox\n|\n|-damage|p2a: Cloud rider|28\/100 tox|[from] psn\n|upkeep\n|turn|15\n|\n|t:|1700453029\n|move|p1a: Diancie|Power Gem|p2a: Cloud rider\n|-damage|p2a: Cloud rider|0 fnt\n|faint|p2a: Cloud rider\n|\n|upkeep\n|\n|t:|1700453033\n|switch|p2a: Father|Cobalion|100\/100\n|-damage|p2a: Father|88\/100|[from] Spikes\n|turn|16\n|\n|t:|1700453044\n|switch|p1a: Blaziken|Blaziken, M|100\/100\n|move|p2a: Father|Close Combat|p1a: Blaziken\n|-damage|p1a: Blaziken|0 fnt\n|-unboost|p2a: Father|def|1\n|-unboost|p2a: Father|spd|1\n|faint|p1a: Blaziken\n|\n|upkeep\n|\n|t:|1700453046\n|switch|p1a: Kommo-o|Kommo-o, F|100\/100\n|turn|17\n|\n|t:|1700453053\n|switch|p2a: Sumo wrestler|Moltres|100\/100\n|move|p1a: Kommo-o|Aura Sphere|p2a: Sumo wrestler\n|-resisted|p2a: Sumo wrestler\n|-damage|p2a: Sumo wrestler|89\/100\n|\n|upkeep\n|turn|18\n|\n|t:|1700453070\n|-zpower|p1a: Kommo-o\n|move|p1a: Kommo-o|Clangorous Soulblaze|p2a: Sumo wrestler|[zeffect]\n|-damage|p2a: Sumo wrestler|28\/100\n|-boost|p1a: Kommo-o|atk|1\n|-boost|p1a: Kommo-o|def|1\n|-boost|p1a: Kommo-o|spa|1\n|-boost|p1a: Kommo-o|spd|1\n|-boost|p1a: Kommo-o|spe|1\n|move|p2a: Sumo wrestler|Defog|p1a: Kommo-o\n|-unboost|p1a: Kommo-o|evasion|1\n|-sideend|p2: Tometozrbad|Spikes|[from] move: Defog|[of] p2a: Sumo wrestler\n|\n|upkeep\n|turn|19\n|\n|t:|1700453086\n|move|p1a: Kommo-o|Clanging Scales|p2a: Sumo wrestler\n|-damage|p2a: Sumo wrestler|0 fnt\n|faint|p2a: Sumo wrestler\n|-unboost|p1a: Kommo-o|def|1\n|\n|upkeep\n|\n|t:|1700453088\n|switch|p2a: Yapper|Swellow, F, tera:Normal|100\/100\n|turn|20\n|\n|t:|1700453095\n|move|p1a: Kommo-o|Clanging Scales|p2a: Yapper\n|-damage|p2a: Yapper|0 fnt\n|faint|p2a: Yapper\n|-unboost|p1a: Kommo-o|def|1\n|\n|upkeep\n|\n|t:|1700453098\n|switch|p2a: Father|Cobalion|88\/100\n|turn|21\n|\n|t:|1700453102\n|move|p1a: Kommo-o|Aura Sphere|p2a: Father\n|-supereffective|p2a: Father\n|-damage|p2a: Father|0 fnt\n|faint|p2a: Father\n|\n|win|HumanPersonThing\n|raw|HumanPersonThing's rating: 1222 &rarr; <strong>1243<\/strong><br \/>(+21 for winning)\n|raw|Tometozrbad's rating: 1163 &rarr; <strong>1142<\/strong><br \/>(-21 for losing)\n","uploadtime":1700453109,"views":4,"p1id":"humanpersonthing","p2id":"tometozrbad","formatid":"gen9nationaldex","rating":1142,"private":0,"password":""}