{"id":"gen9nationaldex-1996948615","p1":"ShriveledMonkey","p2":"lobomil","format":"[Gen 9] National Dex","log":"|html|<div class=\"broadcast-blue\"><strong>[Gen 9] National Dex is currently suspecting Sneasler! For information on how to participate check out the <a href=\"https:\/\/www.smogon.com\/forums\/threads\/sv-national-dex-suspect-8-just-dance.3731534\/\">suspect thread<\/a>.<\/strong><\/div>\n|j|\u2606ShriveledMonkey\n|j|\u2606lobomil\n|t:|1700748471\n|gametype|singles\n|player|p1|ShriveledMonkey|169|1098\n|player|p2|lobomil|cynthia-gen4|1014\n|teamsize|p1|6\n|teamsize|p2|6\n|gen|9\n|tier|[Gen 9] National Dex\n|rated|\n|rule|HP Percentage Mod: HP is shown in percentages\n|rule|Endless Battle Clause: Forcing endless battles is banned\n|rule|OHKO Clause: OHKO moves are banned\n|rule|Evasion Clause: Evasion abilities, items, and moves are banned\n|rule|Evasion Abilities Clause: Evasion abilities are banned\n|rule|Evasion Items Clause: Evasion items are banned\n|rule|Evasion Moves Clause: Evasion moves are banned\n|rule|Species Clause: Limit one of each Pok\u00e9mon\n|rule|Sleep Clause Mod: Limit one foe put to sleep\n|clearpoke\n|poke|p1|Coalossal, M|\n|poke|p1|Sudowoodo, F|\n|poke|p1|Cinderace, M|\n|poke|p1|Mantine, F|\n|poke|p1|Bewear, F|\n|poke|p1|Flamigo, M|\n|poke|p2|Garchomp, F|\n|poke|p2|Spiritomb, F|\n|poke|p2|Gastrodon-East, M|\n|poke|p2|Togekiss, F|\n|poke|p2|Roserade, F|\n|poke|p2|Milotic, F|\n|teampreview\n|c|\u2606ShriveledMonkey|Nice Cynthia team\n|\n|t:|1700748482\n|start\n|switch|p1a: Sudowoodo|Sudowoodo, F|100\/100\n|switch|p2a: Togekiss|Togekiss, F|100\/100\n|turn|1\n|\n|t:|1700748490\n|move|p2a: Togekiss|Thunder Wave|p1a: Sudowoodo\n|-status|p1a: Sudowoodo|par\n|move|p1a: Sudowoodo|Stealth Rock|p2a: Togekiss\n|-sidestart|p2: lobomil|move: Stealth Rock\n|\n|upkeep\n|turn|2\n|\n|t:|1700748496\n|move|p2a: Togekiss|Aura Sphere|p1a: Sudowoodo\n|-supereffective|p1a: Sudowoodo\n|-damage|p1a: Sudowoodo|21\/100 par\n|move|p1a: Sudowoodo|Spikes|p2a: Togekiss\n|-sidestart|p2: lobomil|Spikes\n|\n|-heal|p1a: Sudowoodo|28\/100 par|[from] item: Leftovers\n|upkeep\n|turn|3\n|\n|t:|1700748506\n|move|p2a: Togekiss|Aura Sphere|p1a: Sudowoodo\n|-supereffective|p1a: Sudowoodo\n|-damage|p1a: Sudowoodo|0 fnt\n|faint|p1a: Sudowoodo\n|\n|upkeep\n|\n|t:|1700748515\n|switch|p1a: Coalossal|Coalossal, M|100\/100\n|turn|4\n|\n|t:|1700748527\n|move|p2a: Togekiss|Aura Sphere|p1a: Coalossal\n|-supereffective|p1a: Coalossal\n|-damage|p1a: Coalossal|68\/100\n|move|p1a: Coalossal|Spikes|p2a: Togekiss\n|-sidestart|p2: lobomil|Spikes\n|\n|upkeep\n|turn|5\n|\n|t:|1700748536\n|move|p2a: Togekiss|Thunder Wave|p1a: Coalossal\n|-status|p1a: Coalossal|par\n|move|p1a: Coalossal|Rock Blast|p2a: Togekiss\n|-supereffective|p2a: Togekiss\n|-damage|p2a: Togekiss|86\/100\n|-supereffective|p2a: Togekiss\n|-damage|p2a: Togekiss|74\/100\n|-supereffective|p2a: Togekiss\n|-damage|p2a: Togekiss|61\/100\n|-supereffective|p2a: Togekiss\n|-damage|p2a: Togekiss|47\/100\n|-hitcount|p2a: Togekiss|4\n|\n|-heal|p2a: Togekiss|53\/100|[from] item: Leftovers\n|upkeep\n|turn|6\n|\n|t:|1700748555\n|switch|p2a: Milotic|Milotic, F|100\/100\n|-damage|p2a: Milotic|88\/100|[from] Stealth Rock\n|-damage|p2a: Milotic|72\/100|[from] Spikes\n|cant|p1a: Coalossal|par\n|\n|-heal|p2a: Milotic|78\/100|[from] item: Leftovers\n|upkeep\n|turn|7\n|\n|t:|1700748563\n|move|p2a: Milotic|Coil|p2a: Milotic\n|-boost|p2a: Milotic|atk|1\n|-boost|p2a: Milotic|def|1\n|-boost|p2a: Milotic|accuracy|1\n|move|p1a: Coalossal|Rock Blast|p2a: Milotic\n|-damage|p2a: Milotic|73\/100\n|-damage|p2a: Milotic|69\/100\n|-hitcount|p2a: Milotic|2\n|\n|-heal|p2a: Milotic|75\/100|[from] item: Leftovers\n|upkeep\n|turn|8\n|\n|t:|1700748573\n|move|p2a: Milotic|Hydro Pump|p1a: Coalossal\n|-supereffective|p1a: Coalossal\n|-damage|p1a: Coalossal|0 fnt\n|faint|p1a: Coalossal\n|\n|-heal|p2a: Milotic|81\/100|[from] item: Leftovers\n|upkeep\n|\n|t:|1700748584\n|switch|p1a: Mantine|Mantine, F|100\/100\n|turn|9\n|\n|t:|1700748592\n|move|p1a: Mantine|Toxic|p2a: Milotic\n|-status|p2a: Milotic|tox\n|move|p2a: Milotic|Coil|p2a: Milotic\n|-boost|p2a: Milotic|atk|1\n|-boost|p2a: Milotic|def|1\n|-boost|p2a: Milotic|accuracy|1\n|\n|-heal|p2a: Milotic|87\/100 tox|[from] item: Leftovers\n|-damage|p2a: Milotic|81\/100 tox|[from] psn\n|upkeep\n|turn|10\n|\n|t:|1700748602\n|move|p1a: Mantine|Hurricane|p2a: Milotic\n|-damage|p2a: Milotic|59\/100 tox\n|move|p2a: Milotic|Blizzard|p1a: Mantine\n|-damage|p1a: Mantine|79\/100\n|\n|-heal|p2a: Milotic|65\/100 tox|[from] item: Leftovers\n|-damage|p2a: Milotic|53\/100 tox|[from] psn\n|upkeep\n|turn|11\n|\n|t:|1700748616\n|move|p1a: Mantine|Hurricane|p2a: Milotic|[miss]\n|-miss|p1a: Mantine|p2a: Milotic\n|move|p2a: Milotic|Hydro Pump|p1a: Mantine\n|-heal|p1a: Mantine|100\/100|[from] ability: Water Absorb|[of] p2a: Milotic\n|\n|-heal|p2a: Milotic|59\/100 tox|[from] item: Leftovers\n|-damage|p2a: Milotic|41\/100 tox|[from] psn\n|upkeep\n|turn|12\n|\n|t:|1700748629\n|switch|p2a: Gastrodon|Gastrodon-East, M|100\/100\n|-damage|p2a: Gastrodon|94\/100|[from] Stealth Rock\n|-damage|p2a: Gastrodon|78\/100|[from] Spikes\n|move|p1a: Mantine|Hurricane|p2a: Gastrodon\n|-damage|p2a: Gastrodon|60\/100\n|\n|upkeep\n|turn|13\n|\n|t:|1700748640\n|move|p1a: Mantine|Toxic|p2a: Gastrodon\n|-status|p2a: Gastrodon|tox\n|move|p2a: Gastrodon|Ancient Power|p1a: Mantine\n|-supereffective|p1a: Mantine\n|-damage|p1a: Mantine|79\/100\n|\n|-damage|p2a: Gastrodon|54\/100 tox|[from] psn\n|upkeep\n|turn|14\n|\n|t:|1700748650\n|move|p1a: Mantine|Hurricane|p2a: Gastrodon|[miss]\n|-miss|p1a: Mantine|p2a: Gastrodon\n|move|p2a: Gastrodon|Ancient Power|p1a: Mantine\n|-supereffective|p1a: Mantine\n|-damage|p1a: Mantine|57\/100\n|\n|-damage|p2a: Gastrodon|41\/100 tox|[from] psn\n|upkeep\n|turn|15\n|\n|t:|1700748658\n|move|p1a: Mantine|Hurricane|p2a: Gastrodon\n|-damage|p2a: Gastrodon|23\/100 tox\n|move|p2a: Gastrodon|Ancient Power|p1a: Mantine\n|-supereffective|p1a: Mantine\n|-damage|p1a: Mantine|34\/100\n|\n|-damage|p2a: Gastrodon|5\/100 tox|[from] psn\n|upkeep\n|turn|16\n|\n|t:|1700748670\n|move|p1a: Mantine|Roost|p1a: Mantine\n|-heal|p1a: Mantine|84\/100\n|-singleturn|p1a: Mantine|move: Roost\n|move|p2a: Gastrodon|Ancient Power|p1a: Mantine\n|-damage|p1a: Mantine|73\/100\n|\n|-damage|p2a: Gastrodon|0 fnt|[from] psn\n|faint|p2a: Gastrodon\n|upkeep\n|\n|t:|1700748698\n|switch|p2a: Garchomp|Garchomp, F|100\/100\n|-damage|p2a: Garchomp|94\/100|[from] Stealth Rock\n|-damage|p2a: Garchomp|78\/100|[from] Spikes\n|turn|17\n|\n|t:|1700748708\n|-terastallize|p2a: Garchomp|Poison\n|move|p2a: Garchomp|Dragon Claw|p1a: Mantine\n|-damage|p1a: Mantine|32\/100\n|move|p1a: Mantine|Toxic|p2a: Garchomp\n|-immune|p2a: Garchomp\n|\n|upkeep\n|turn|18\n|\n|t:|1700748719\n|move|p2a: Garchomp|Dragon Claw|p1a: Mantine\n|-damage|p1a: Mantine|0 fnt\n|faint|p1a: Mantine\n|\n|upkeep\n|\n|t:|1700748734\n|switch|p1a: Bewear|Bewear, F|100\/100\n|turn|19\n|\n|t:|1700748741\n|move|p2a: Garchomp|Earthquake|p1a: Bewear\n|-damage|p1a: Bewear|50\/100\n|move|p1a: Bewear|Return|p2a: Garchomp\n|-damage|p2a: Garchomp|0 fnt\n|-damage|p1a: Bewear|38\/100|[from] ability: Rough Skin|[of] p2a: Garchomp\n|faint|p2a: Garchomp\n|\n|upkeep\n|\n|t:|1700748751\n|switch|p2a: Togekiss|Togekiss, F|53\/100\n|-damage|p2a: Togekiss|28\/100|[from] Stealth Rock\n|turn|20\n|\n|t:|1700748758\n|move|p2a: Togekiss|Dazzling Gleam|p1a: Bewear\n|-supereffective|p1a: Bewear\n|-damage|p1a: Bewear|0 fnt\n|faint|p1a: Bewear\n|\n|-heal|p2a: Togekiss|34\/100|[from] item: Leftovers\n|upkeep\n|\n|t:|1700748767\n|switch|p1a: Flamigo|Flamigo, M|100\/100\n|turn|21\n|\n|t:|1700748773\n|move|p1a: Flamigo|Brave Bird|p2a: Togekiss\n|-damage|p2a: Togekiss|0 fnt\n|faint|p2a: Togekiss\n|-damage|p1a: Flamigo|88\/100|[from] Recoil\n|-damage|p1a: Flamigo|78\/100|[from] item: Life Orb\n|\n|upkeep\n|\n|t:|1700748786\n|switch|p2a: Milotic|Milotic, F|41\/100 tox\n|-damage|p2a: Milotic|29\/100 tox|[from] Stealth Rock\n|-damage|p2a: Milotic|12\/100 tox|[from] Spikes\n|turn|22\n|\n|t:|1700748796\n|move|p1a: Flamigo|U-turn|p2a: Milotic\n|-damage|p2a: Milotic|0 fnt\n|faint|p2a: Milotic\n|-damage|p1a: Flamigo|68\/100|[from] item: Life Orb\n|\n|t:|1700748800\n|switch|p1a: Cinderace|Cinderace, M|100\/100|[from] U-turn\n|\n|upkeep\n|\n|t:|1700748804\n|switch|p2a: Spiritomb|Spiritomb, F|100\/100\n|-damage|p2a: Spiritomb|88\/100|[from] Stealth Rock\n|-damage|p2a: Spiritomb|71\/100|[from] Spikes\n|turn|23\n|\n|t:|1700748811\n|move|p1a: Cinderace|Pyro Ball|p2a: Spiritomb\n|-damage|p2a: Spiritomb|4\/100\n|move|p2a: Spiritomb|Calm Mind|p2a: Spiritomb\n|-boost|p2a: Spiritomb|spa|1\n|-boost|p2a: Spiritomb|spd|1\n|\n|-heal|p2a: Spiritomb|10\/100|[from] item: Leftovers\n|upkeep\n|turn|24\n|\n|t:|1700748821\n|move|p2a: Spiritomb|Shadow Sneak|p1a: Cinderace\n|-damage|p1a: Cinderace|84\/100\n|move|p1a: Cinderace|U-turn|p2a: Spiritomb\n|-start|p1a: Cinderace|typechange|Bug|[from] ability: Libero\n|-damage|p2a: Spiritomb|0 fnt\n|faint|p2a: Spiritomb\n|\n|t:|1700748828\n|switch|p1a: Flamigo|Flamigo, M|68\/100|[from] U-turn\n|\n|upkeep\n|\n|t:|1700748831\n|switch|p2a: Roserade|Roserade, F|100\/100\n|-damage|p2a: Roserade|88\/100|[from] Stealth Rock\n|-damage|p2a: Roserade|72\/100|[from] Spikes\n|turn|25\n|\n|t:|1700748839\n|move|p1a: Flamigo|Brave Bird|p2a: Roserade\n|-supereffective|p2a: Roserade\n|-crit|p2a: Roserade\n|-damage|p2a: Roserade|0 fnt\n|faint|p2a: Roserade\n|-damage|p1a: Flamigo|48\/100|[from] Recoil\n|-damage|p1a: Flamigo|39\/100|[from] item: Life Orb\n|\n|win|ShriveledMonkey\n|raw|ShriveledMonkey's rating: 1098 &rarr; <strong>1117<\/strong><br \/>(+19 for winning)\n|raw|lobomil's rating: 1014 &rarr; <strong>1005<\/strong><br \/>(-9 for losing)\n|l|\u2606lobomil\n","uploadtime":1700748850,"views":0,"p1id":"shriveledmonkey","p2id":"lobomil","formatid":"gen9nationaldex","rating":1005,"private":0,"password":""}