{"id":"gen9nationaldex-1988478076","p1":"FiveFingerIcePunch","p2":"baigei_sez","format":"[Gen 9] National Dex","log":"|j|\u2606FiveFingerIcePunch\n|j|\u2606baigei_sez\n|t:|1699727221\n|gametype|singles\n|player|p1|FiveFingerIcePunch|workerice|1520\n|player|p2|baigei_sez|102|1416\n|teamsize|p1|6\n|teamsize|p2|6\n|gen|9\n|tier|[Gen 9] National Dex\n|rated|\n|rule|HP Percentage Mod: HP is shown in percentages\n|rule|Endless Battle Clause: Forcing endless battles is banned\n|rule|OHKO Clause: OHKO moves are banned\n|rule|Evasion Clause: Evasion abilities, items, and moves are banned\n|rule|Evasion Abilities Clause: Evasion abilities are banned\n|rule|Evasion Items Clause: Evasion items are banned\n|rule|Evasion Moves Clause: Evasion moves are banned\n|rule|Species Clause: Limit one of each Pok\u00e9mon\n|rule|Sleep Clause Mod: Limit one foe put to sleep\n|clearpoke\n|poke|p1|Tangela, M|\n|poke|p1|Iron Valiant|\n|poke|p1|Excadrill, M|\n|poke|p1|Toxapex, F|\n|poke|p1|Lopunny, F|\n|poke|p1|Blacephalon|\n|poke|p2|Landorus-Therian, M|\n|poke|p2|Chansey, F|\n|poke|p2|Moltres|\n|poke|p2|Kartana|\n|poke|p2|Tapu Lele|\n|poke|p2|Ferrothorn, M|\n|teampreview\n|\n|t:|1699727248\n|start\n|switch|p1a: Valentine|Lopunny, F, shiny|100\/100\n|switch|p2a: Tapu Lele|Tapu Lele|100\/100\n|-fieldstart|move: Psychic Terrain|[from] ability: Psychic Surge|[of] p2a: Tapu Lele\n|turn|1\n|\n|t:|1699727262\n|switch|p1a: Hatred|Toxapex, F, shiny|100\/100\n|move|p2a: Tapu Lele|Psyshock|p1a: Hatred\n|-supereffective|p1a: Hatred\n|-damage|p1a: Hatred|11\/100\n|\n|-heal|p1a: Hatred|17\/100|[from] item: Black Sludge\n|upkeep\n|turn|2\n|\n|t:|1699727266\n|switch|p1a: Hello Brother|Excadrill, M, shiny|100\/100\n|-ability|p1a: Hello Brother|Mold Breaker\n|move|p2a: Tapu Lele|Psyshock|p1a: Hello Brother\n|-resisted|p1a: Hello Brother\n|-damage|p1a: Hello Brother|60\/100\n|\n|upkeep\n|turn|3\n|\n|t:|1699727282\n|switch|p2a: Ferrothorn|Ferrothorn, M|100\/100\n|move|p1a: Hello Brother|Rapid Spin|p2a: Ferrothorn\n|-resisted|p2a: Ferrothorn\n|-damage|p2a: Ferrothorn|95\/100\n|-boost|p1a: Hello Brother|spe|1\n|-damage|p1a: Hello Brother|47\/100|[from] ability: Iron Barbs|[of] p2a: Ferrothorn\n|\n|-heal|p2a: Ferrothorn|100\/100|[from] item: Leftovers\n|upkeep\n|turn|4\n|\n|t:|1699727289\n|switch|p1a: The Entire Circus|Blacephalon, shiny|100\/100\n|move|p2a: Ferrothorn|Body Press|p1a: The Entire Circus\n|-immune|p1a: The Entire Circus\n|\n|upkeep\n|turn|5\n|\n|t:|1699727293\n|switch|p2a: Chansey|Chansey, F|100\/100\n|move|p1a: The Entire Circus|Flame Charge|p2a: Chansey\n|-damage|p2a: Chansey|64\/100\n|-boost|p1a: The Entire Circus|spe|1\n|\n|-fieldend|move: Psychic Terrain\n|upkeep\n|turn|6\n|\n|t:|1699727304\n|switch|p1a: Hello Brother|Excadrill, M, shiny|47\/100\n|-ability|p1a: Hello Brother|Mold Breaker\n|move|p2a: Chansey|Toxic|p1a: Hello Brother\n|-immune|p1a: Hello Brother\n|\n|upkeep\n|turn|7\n|\n|t:|1699727308\n|switch|p2a: Landorus|Landorus-Therian, M|100\/100\n|-ability|p2a: Landorus|Intimidate|boost\n|-unboost|p1a: Hello Brother|atk|1\n|move|p1a: Hello Brother|Rapid Spin|p2a: Landorus\n|-damage|p2a: Landorus|89\/100\n|-boost|p1a: Hello Brother|spe|1\n|\n|-heal|p2a: Landorus|95\/100|[from] item: Leftovers\n|upkeep\n|turn|8\n|\n|t:|1699727316\n|switch|p1a: Spaghetti Man|Tangela, M, shiny|100\/100\n|move|p2a: Landorus|Earthquake|p1a: Spaghetti Man\n|-resisted|p1a: Spaghetti Man\n|-damage|p1a: Spaghetti Man|86\/100\n|\n|-heal|p2a: Landorus|100\/100|[from] item: Leftovers\n|upkeep\n|turn|9\n|\n|t:|1699727321\n|move|p2a: Landorus|U-turn|p1a: Spaghetti Man\n|-supereffective|p1a: Spaghetti Man\n|-damage|p1a: Spaghetti Man|60\/100\n|\n|t:|1699727344\n|switch|p2a: Chansey|Chansey, F|64\/100|[from] U-turn\n|move|p1a: Spaghetti Man|Knock Off|p2a: Chansey\n|-damage|p2a: Chansey|39\/100\n|-enditem|p2a: Chansey|Eviolite|[from] move: Knock Off|[of] p1a: Spaghetti Man\n|\n|upkeep\n|turn|10\n|\n|t:|1699727350\n|switch|p1a: Hatred|Toxapex, F, shiny|50\/100\n|move|p2a: Chansey|Soft-Boiled|p2a: Chansey\n|-heal|p2a: Chansey|89\/100\n|\n|-heal|p1a: Hatred|57\/100|[from] item: Black Sludge\n|upkeep\n|turn|11\n|\n|t:|1699727359\n|switch|p2a: Kartana|Kartana|100\/100\n|move|p1a: Hatred|Knock Off|p2a: Kartana\n|-damage|p2a: Kartana|85\/100\n|-enditem|p2a: Kartana|Choice Scarf|[from] move: Knock Off|[of] p1a: Hatred\n|\n|-heal|p1a: Hatred|63\/100|[from] item: Black Sludge\n|upkeep\n|turn|12\n|\n|t:|1699727369\n|switch|p2a: Tapu Lele|Tapu Lele|100\/100\n|-fieldstart|move: Psychic Terrain|[from] ability: Psychic Surge|[of] p2a: Tapu Lele\n|move|p1a: Hatred|Scald|p2a: Tapu Lele\n|-damage|p2a: Tapu Lele|82\/100\n|\n|-heal|p1a: Hatred|69\/100|[from] item: Black Sludge\n|upkeep\n|turn|13\n|\n|t:|1699727378\n|switch|p1a: Hello Brother|Excadrill, M, shiny|47\/100\n|-ability|p1a: Hello Brother|Mold Breaker\n|move|p2a: Tapu Lele|Psyshock|p1a: Hello Brother\n|-resisted|p1a: Hello Brother\n|-damage|p1a: Hello Brother|6\/100\n|\n|upkeep\n|turn|14\n|\n|t:|1699727384\n|move|p2a: Tapu Lele|Psyshock|p1a: Hello Brother\n|-resisted|p1a: Hello Brother\n|-damage|p1a: Hello Brother|0 fnt\n|faint|p1a: Hello Brother\n|\n|upkeep\n|\n|t:|1699727386\n|switch|p1a: The Entire Circus|Blacephalon, shiny|100\/100\n|turn|15\n|\n|t:|1699727403\n|switch|p2a: Chansey|Chansey, F|89\/100\n|move|p1a: The Entire Circus|Flame Charge|p2a: Chansey\n|-damage|p2a: Chansey|39\/100\n|-boost|p1a: The Entire Circus|spe|1\n|\n|upkeep\n|turn|16\n|\n|t:|1699727421\n|switch|p2a: Moltres|Moltres|100\/100\n|move|p1a: The Entire Circus|Flame Charge|p2a: Moltres\n|-resisted|p2a: Moltres\n|-damage|p2a: Moltres|93\/100\n|-boost|p1a: The Entire Circus|spe|1\n|\n|-fieldend|move: Psychic Terrain\n|upkeep\n|turn|17\n|\n|t:|1699727429\n|-terastallize|p1a: The Entire Circus|Ghost\n|move|p1a: The Entire Circus|Shadow Ball|p2a: Moltres\n|-damage|p2a: Moltres|28\/100\n|-unboost|p2a: Moltres|spd|1\n|move|p2a: Moltres|Flamethrower|p1a: The Entire Circus\n|-damage|p1a: The Entire Circus|39\/100\n|\n|upkeep\n|turn|18\n|\n|t:|1699727439\n|move|p1a: The Entire Circus|Shadow Ball|p2a: Moltres\n|-damage|p2a: Moltres|0 fnt\n|faint|p2a: Moltres\n|-ability|p1a: The Entire Circus|Beast Boost|boost\n|-boost|p1a: The Entire Circus|spa|1\n|\n|upkeep\n|\n|t:|1699727447\n|switch|p2a: Chansey|Chansey, F|39\/100\n|turn|19\n|\n|t:|1699727449\n|move|p1a: The Entire Circus|Flame Charge|p2a: Chansey\n|-damage|p2a: Chansey|0 fnt\n|-boost|p1a: The Entire Circus|spe|1\n|faint|p2a: Chansey\n|-ability|p1a: The Entire Circus|Beast Boost|boost\n|-boost|p1a: The Entire Circus|spa|1\n|\n|upkeep\n|\n|t:|1699727453\n|switch|p2a: Landorus|Landorus-Therian, M|100\/100\n|-ability|p2a: Landorus|Intimidate|boost\n|-unboost|p1a: The Entire Circus|atk|1\n|turn|20\n|\n|t:|1699727456\n|move|p1a: The Entire Circus|Shadow Ball|p2a: Landorus\n|-damage|p2a: Landorus|0 fnt\n|faint|p2a: Landorus\n|-ability|p1a: The Entire Circus|Beast Boost|boost\n|-boost|p1a: The Entire Circus|spa|1\n|\n|upkeep\n|\n|t:|1699727459\n|switch|p2a: Tapu Lele|Tapu Lele|82\/100\n|-fieldstart|move: Psychic Terrain|[from] ability: Psychic Surge|[of] p2a: Tapu Lele\n|turn|21\n|\n|t:|1699727474\n|-terastallize|p2a: Tapu Lele|Psychic\n|move|p1a: The Entire Circus|Shadow Ball|p2a: Tapu Lele\n|-supereffective|p2a: Tapu Lele\n|-damage|p2a: Tapu Lele|0 fnt\n|faint|p2a: Tapu Lele\n|-ability|p1a: The Entire Circus|Beast Boost|boost\n|-boost|p1a: The Entire Circus|spa|1\n|\n|upkeep\n|\n|t:|1699727479\n|switch|p2a: Ferrothorn|Ferrothorn, M|100\/100\n|turn|22\n|\n|t:|1699727482\n|move|p1a: The Entire Circus|Flamethrower|p2a: Ferrothorn\n|-supereffective|p2a: Ferrothorn\n|-damage|p2a: Ferrothorn|0 fnt\n|faint|p2a: Ferrothorn\n|-ability|p1a: The Entire Circus|Beast Boost|boost\n|-boost|p1a: The Entire Circus|spa|1\n|\n|upkeep\n|\n|t:|1699727483\n|switch|p2a: Kartana|Kartana|85\/100\n|turn|23\n|\n|t:|1699727489\n|move|p1a: The Entire Circus|Flame Charge|p2a: Kartana\n|-supereffective|p2a: Kartana\n|-damage|p2a: Kartana|28\/100\n|-boost|p1a: The Entire Circus|spe|1\n|move|p2a: Kartana|X-Scissor|p1a: The Entire Circus\n|-resisted|p1a: The Entire Circus\n|-damage|p1a: The Entire Circus|0 fnt\n|faint|p1a: The Entire Circus\n|-ability|p2a: Kartana|Beast Boost|boost\n|-boost|p2a: Kartana|atk|1\n|\n|upkeep\n|\n|t:|1699727493\n|switch|p1a: Soda Machine|Iron Valiant, shiny|100\/100\n|-enditem|p1a: Soda Machine|Booster Energy\n|-activate|p1a: Soda Machine|ability: Quark Drive|[fromitem]\n|-start|p1a: Soda Machine|quarkdrivespe\n|turn|24\n|\n|t:|1699727503\n|move|p1a: Soda Machine|Aura Sphere|p2a: Kartana\n|-supereffective|p2a: Kartana\n|-damage|p2a: Kartana|0 fnt\n|faint|p2a: Kartana\n|\n|win|FiveFingerIcePunch\n|raw|FiveFingerIcePunch's rating: 1520 &rarr; <strong>1534<\/strong><br \/>(+14 for winning)\n|raw|baigei_sez's rating: 1416 &rarr; <strong>1402<\/strong><br \/>(-14 for losing)\n|c|\u2606FiveFingerIcePunch|Misclick :(\n","uploadtime":1699727513,"views":6,"p1id":"fivefingericepunch","p2id":"baigeisez","formatid":"gen9nationaldex","rating":1402,"private":0,"password":""}