{"id":"gen9nationaldex-1995499718","p1":"breadban","p2":"Amber-acid","format":"[Gen 9] National Dex","log":"|html|<div class=\"broadcast-blue\"><strong>[Gen 9] National Dex is currently suspecting Sneasler! For information on how to participate check out the <a href=\"https:\/\/www.smogon.com\/forums\/threads\/sv-national-dex-suspect-8-just-dance.3731534\/\">suspect thread<\/a>.<\/strong><\/div>\n|j|\u2606breadban\n|j|\u2606Amber-acid\n|t:|1700577415\n|gametype|singles\n|player|p1|breadban|rosa|1355\n|player|p2|Amber-acid|101|1385\n|teamsize|p1|6\n|teamsize|p2|6\n|gen|9\n|tier|[Gen 9] National Dex\n|rated|\n|rule|HP Percentage Mod: HP is shown in percentages\n|rule|Endless Battle Clause: Forcing endless battles is banned\n|rule|OHKO Clause: OHKO moves are banned\n|rule|Evasion Clause: Evasion abilities, items, and moves are banned\n|rule|Evasion Abilities Clause: Evasion abilities are banned\n|rule|Evasion Items Clause: Evasion items are banned\n|rule|Evasion Moves Clause: Evasion moves are banned\n|rule|Species Clause: Limit one of each Pok\u00e9mon\n|rule|Sleep Clause Mod: Limit one foe put to sleep\n|clearpoke\n|poke|p1|Rillaboom, M|\n|poke|p1|Arcanine-Hisui, F|\n|poke|p1|Skarmory, M|\n|poke|p1|Vaporeon, F|\n|poke|p1|Banette, F|\n|poke|p1|Gardevoir, F|\n|poke|p2|Pelipper, F|\n|poke|p2|Barraskewda, M|\n|poke|p2|Swampert, M|\n|poke|p2|Kingdra, F|\n|poke|p2|Zapdos|\n|poke|p2|Ferrothorn, F|\n|teampreview\n|c|\u2606Amber-acid|I want to go to K4, brother, please help me\n|\n|t:|1700577444\n|start\n|switch|p1a: Teddy|Banette, F, shiny|100\/100\n|switch|p2a: Pelipper|Pelipper, F|100\/100\n|-weather|RainDance|[from] ability: Drizzle|[of] p2a: Pelipper\n|-item|p2a: Pelipper|Damp Rock|[from] ability: Frisk|[of] p1a: Teddy|[identify]\n|turn|1\n|\n|t:|1700577454\n|detailschange|p1a: Teddy|Banette-Mega, F, shiny\n|-mega|p1a: Teddy|Banette|Banettite\n|move|p1a: Teddy|Thunder Wave|p2a: Pelipper\n|-status|p2a: Pelipper|par\n|move|p2a: Pelipper|U-turn|p1a: Teddy\n|-resisted|p1a: Teddy\n|-damage|p1a: Teddy|95\/100\n|c|\u2606Amber-acid|pls bro\n|\n|t:|1700577466\n|switch|p2a: Swampert|Swampert, M|100\/100|[from] U-turn\n|\n|-weather|RainDance|[upkeep]\n|upkeep\n|turn|2\n|\n|t:|1700577474\n|detailschange|p2a: Swampert|Swampert-Mega, M\n|-mega|p2a: Swampert|Swampert|Swampertite\n|move|p1a: Teddy|Will-O-Wisp|p2a: Swampert\n|-status|p2a: Swampert|brn\n|move|p2a: Swampert|Liquidation|p1a: Teddy\n|-damage|p1a: Teddy|44\/100\n|-unboost|p1a: Teddy|def|1\n|\n|-weather|RainDance|[upkeep]\n|-damage|p2a: Swampert|94\/100 brn|[from] brn\n|upkeep\n|turn|3\n|c|\u2606breadban|okey\n|\n|t:|1700577488\n|switch|p1a: Ice Juice|Vaporeon, F|100\/100\n|move|p2a: Swampert|Liquidation|p1a: Ice Juice\n|-immune|p1a: Ice Juice|[from] ability: Water Absorb\n|\n|-weather|RainDance|[upkeep]\n|-damage|p2a: Swampert|88\/100 brn|[from] brn\n|upkeep\n|turn|4\n|c|\u2606breadban|..\n|\n|t:|1700577508\n|switch|p2a: Ferrothorn|Ferrothorn, F|100\/100\n|move|p1a: Ice Juice|Acid Armor|p1a: Ice Juice\n|-boost|p1a: Ice Juice|def|2\n|\n|-weather|RainDance|[upkeep]\n|upkeep\n|turn|5\n|c|\u2606Amber-acid|tks\n|\n|t:|1700577515\n|move|p1a: Ice Juice|Acid Armor|p1a: Ice Juice\n|-boost|p1a: Ice Juice|def|2\n|move|p2a: Ferrothorn|Leech Seed|p1a: Ice Juice\n|-start|p1a: Ice Juice|move: Leech Seed\n|\n|-weather|RainDance|[upkeep]\n|-damage|p1a: Ice Juice|88\/100|[from] Leech Seed|[of] p2a: Ferrothorn\n|upkeep\n|turn|6\n|\n|t:|1700577522\n|move|p1a: Ice Juice|Acid Armor|p1a: Ice Juice\n|-boost|p1a: Ice Juice|def|2\n|move|p2a: Ferrothorn|Stealth Rock|p1a: Ice Juice\n|-sidestart|p1: breadban|move: Stealth Rock\n|\n|-weather|RainDance|[upkeep]\n|-heal|p1a: Ice Juice|94\/100|[from] item: Leftovers\n|-damage|p1a: Ice Juice|82\/100|[from] Leech Seed|[of] p2a: Ferrothorn\n|upkeep\n|turn|7\n|\n|t:|1700577531\n|move|p1a: Ice Juice|Calm Mind|p1a: Ice Juice\n|-boost|p1a: Ice Juice|spa|1\n|-boost|p1a: Ice Juice|spd|1\n|move|p2a: Ferrothorn|Power Whip|p1a: Ice Juice\n|-supereffective|p1a: Ice Juice\n|-damage|p1a: Ice Juice|67\/100\n|\n|-weather|RainDance|[upkeep]\n|-heal|p1a: Ice Juice|73\/100|[from] item: Leftovers\n|-damage|p1a: Ice Juice|61\/100|[from] Leech Seed|[of] p2a: Ferrothorn\n|upkeep\n|turn|8\n|\n|t:|1700577543\n|switch|p2a: Kingdra|Kingdra, F|100\/100\n|move|p1a: Ice Juice|Calm Mind|p1a: Ice Juice\n|-boost|p1a: Ice Juice|spa|1\n|-boost|p1a: Ice Juice|spd|1\n|\n|-weather|none\n|-heal|p1a: Ice Juice|67\/100|[from] item: Leftovers\n|-damage|p1a: Ice Juice|55\/100|[from] Leech Seed|[of] p2a: Kingdra\n|upkeep\n|turn|9\n|\n|t:|1700577553\n|move|p2a: Kingdra|Draco Meteor|p1a: Ice Juice\n|-damage|p1a: Ice Juice|24\/100\n|-unboost|p2a: Kingdra|spa|2\n|move|p1a: Ice Juice|Calm Mind|p1a: Ice Juice\n|-boost|p1a: Ice Juice|spa|1\n|-boost|p1a: Ice Juice|spd|1\n|\n|-heal|p1a: Ice Juice|30\/100|[from] item: Leftovers\n|-damage|p1a: Ice Juice|18\/100|[from] Leech Seed|[of] p2a: Kingdra\n|upkeep\n|turn|10\n|\n|t:|1700577565\n|move|p2a: Kingdra|Draco Meteor|p1a: Ice Juice\n|-damage|p1a: Ice Juice|7\/100\n|-unboost|p2a: Kingdra|spa|2\n|move|p1a: Ice Juice|Calm Mind|p1a: Ice Juice\n|-boost|p1a: Ice Juice|spa|1\n|-boost|p1a: Ice Juice|spd|1\n|\n|-heal|p1a: Ice Juice|13\/100|[from] item: Leftovers\n|-damage|p1a: Ice Juice|0 fnt|[from] Leech Seed|[of] p2a: Kingdra\n|faint|p1a: Ice Juice\n|upkeep\n|\n|t:|1700577578\n|switch|p1a: Real Bird|Skarmory, M|100\/100\n|-damage|p1a: Real Bird|88\/100|[from] Stealth Rock\n|turn|11\n|\n|t:|1700577583\n|switch|p2a: Pelipper|Pelipper, F|100\/100 par\n|-weather|RainDance|[from] ability: Drizzle|[of] p2a: Pelipper\n|move|p1a: Real Bird|Swords Dance|p1a: Real Bird\n|-boost|p1a: Real Bird|atk|2\n|\n|-weather|RainDance|[upkeep]\n|upkeep\n|turn|12\n|\n|t:|1700577593\n|move|p1a: Real Bird|Stealth Rock|p2a: Pelipper\n|-sidestart|p2: Amber-acid|move: Stealth Rock\n|cant|p2a: Pelipper|par\n|\n|-weather|RainDance|[upkeep]\n|upkeep\n|turn|13\n|\n|t:|1700577599\n|move|p1a: Real Bird|Swords Dance|p1a: Real Bird\n|-boost|p1a: Real Bird|atk|2\n|move|p2a: Pelipper|U-turn|p1a: Real Bird\n|-resisted|p1a: Real Bird\n|-damage|p1a: Real Bird|87\/100\n|-damage|p2a: Pelipper|84\/100 par|[from] item: Rocky Helmet|[of] p1a: Real Bird\n|-ability|p1a: Real Bird|Weak Armor|boost\n|-unboost|p1a: Real Bird|def|1\n|-boost|p1a: Real Bird|spe|2\n|inactive|Battle timer is ON: inactive players will automatically lose when time's up. (requested by Amber-acid)\n|\n|t:|1700577617\n|switch|p2a: Kingdra|Kingdra, F|100\/100|[from] U-turn\n|-damage|p2a: Kingdra|88\/100|[from] Stealth Rock\n|\n|-weather|RainDance|[upkeep]\n|upkeep\n|turn|14\n|\n|t:|1700577631\n|-terastallize|p2a: Kingdra|Water\n|move|p2a: Kingdra|Surf|p1a: Real Bird\n|-damage|p1a: Real Bird|0 fnt\n|faint|p1a: Real Bird\n|\n|-weather|RainDance|[upkeep]\n|upkeep\n|\n|t:|1700577640\n|switch|p1a: Teddy|Banette-Mega, F, shiny|44\/100\n|-damage|p1a: Teddy|31\/100|[from] Stealth Rock\n|turn|15\n|\n|t:|1700577645\n|move|p1a: Teddy|Thunder Wave|p2a: Kingdra\n|-status|p2a: Kingdra|par\n|move|p2a: Kingdra|Surf|p1a: Teddy\n|-damage|p1a: Teddy|0 fnt\n|faint|p1a: Teddy\n|\n|-weather|RainDance|[upkeep]\n|upkeep\n|\n|t:|1700577659\n|switch|p1a: Kong|Rillaboom, M|100\/100\n|-damage|p1a: Kong|88\/100|[from] Stealth Rock\n|-fieldstart|move: Grassy Terrain|[from] ability: Grassy Surge|[of] p1a: Kong\n|turn|16\n|\n|t:|1700577666\n|switch|p2a: Ferrothorn|Ferrothorn, F|100\/100\n|-damage|p2a: Ferrothorn|94\/100|[from] Stealth Rock\n|-terastallize|p1a: Kong|Grass\n|move|p1a: Kong|Grassy Glide|p2a: Ferrothorn\n|-resisted|p2a: Ferrothorn\n|-damage|p2a: Ferrothorn|85\/100\n|-damage|p1a: Kong|76\/100|[from] ability: Iron Barbs|[of] p2a: Ferrothorn\n|-damage|p1a: Kong|59\/100|[from] item: Rocky Helmet|[of] p2a: Ferrothorn\n|\n|-weather|RainDance|[upkeep]\n|-heal|p1a: Kong|65\/100|[from] Grassy Terrain\n|-heal|p2a: Ferrothorn|91\/100|[from] Grassy Terrain\n|upkeep\n|turn|17\n|\n|t:|1700577681\n|move|p1a: Kong|Drain Punch|p2a: Ferrothorn\n|-supereffective|p2a: Ferrothorn\n|-damage|p2a: Ferrothorn|53\/100\n|-heal|p1a: Kong|82\/100|[from] drain|[of] p2a: Ferrothorn\n|-damage|p1a: Kong|70\/100|[from] ability: Iron Barbs|[of] p2a: Ferrothorn\n|-damage|p1a: Kong|53\/100|[from] item: Rocky Helmet|[of] p2a: Ferrothorn\n|move|p2a: Ferrothorn|Gyro Ball|p1a: Kong\n|-damage|p1a: Kong|13\/100\n|\n|-weather|RainDance|[upkeep]\n|-heal|p1a: Kong|19\/100|[from] Grassy Terrain\n|-heal|p2a: Ferrothorn|59\/100|[from] Grassy Terrain\n|upkeep\n|turn|18\n|\n|t:|1700577694\n|move|p1a: Kong|Drain Punch|p2a: Ferrothorn\n|-supereffective|p2a: Ferrothorn\n|-damage|p2a: Ferrothorn|26\/100\n|-heal|p1a: Kong|34\/100|[from] drain|[of] p2a: Ferrothorn\n|-damage|p1a: Kong|21\/100|[from] ability: Iron Barbs|[of] p2a: Ferrothorn\n|-damage|p1a: Kong|5\/100|[from] item: Rocky Helmet|[of] p2a: Ferrothorn\n|move|p2a: Ferrothorn|Gyro Ball|p1a: Kong\n|-damage|p1a: Kong|0 fnt\n|faint|p1a: Kong\n|\n|-weather|none\n|-heal|p2a: Ferrothorn|32\/100|[from] Grassy Terrain\n|upkeep\n|\n|t:|1700577708\n|switch|p1a: Connie|Arcanine-Hisui, F|100\/100\n|-damage|p1a: Connie|76\/100|[from] Stealth Rock\n|turn|19\n|\n|t:|1700577717\n|move|p1a: Connie|Head Smash|p2a: Ferrothorn|[miss]\n|-miss|p1a: Connie|p2a: Ferrothorn\n|move|p2a: Ferrothorn|Leech Seed|p1a: Connie|[miss]\n|-miss|p2a: Ferrothorn|p1a: Connie\n|\n|-heal|p1a: Connie|82\/100|[from] Grassy Terrain\n|-heal|p2a: Ferrothorn|38\/100|[from] Grassy Terrain\n|upkeep\n|turn|20\n|\n|t:|1700577726\n|move|p1a: Connie|Head Smash|p2a: Ferrothorn\n|-resisted|p2a: Ferrothorn\n|-damage|p2a: Ferrothorn|14\/100\n|-damage|p1a: Connie|69\/100|[from] ability: Iron Barbs|[of] p2a: Ferrothorn\n|-damage|p1a: Connie|53\/100|[from] item: Rocky Helmet|[of] p2a: Ferrothorn\n|move|p2a: Ferrothorn|Leech Seed|p1a: Connie|[miss]\n|-miss|p2a: Ferrothorn|p1a: Connie\n|\n|-heal|p1a: Connie|59\/100|[from] Grassy Terrain\n|-heal|p2a: Ferrothorn|20\/100|[from] Grassy Terrain\n|-fieldend|move: Grassy Terrain\n|upkeep\n|turn|21\n|\n|t:|1700577738\n|move|p1a: Connie|Head Smash|p2a: Ferrothorn\n|-resisted|p2a: Ferrothorn\n|-damage|p2a: Ferrothorn|0 fnt\n|-damage|p1a: Connie|46\/100|[from] ability: Iron Barbs|[of] p2a: Ferrothorn\n|-damage|p1a: Connie|30\/100|[from] item: Rocky Helmet|[of] p2a: Ferrothorn\n|faint|p2a: Ferrothorn\n|\n|upkeep\n|c|\u2606breadban|wow\n|\n|t:|1700577748\n|switch|p2a: Pelipper|Pelipper, F|84\/100 par\n|-damage|p2a: Pelipper|59\/100 par|[from] Stealth Rock\n|-weather|RainDance|[from] ability: Drizzle|[of] p2a: Pelipper\n|turn|22\n|c|\u2606Amber-acid|wtf\n|\n|t:|1700577756\n|switch|p2a: Swampert|Swampert-Mega, M|88\/100 brn\n|-damage|p2a: Swampert|82\/100 brn|[from] Stealth Rock\n|move|p1a: Connie|Head Smash|p2a: Swampert\n|-resisted|p2a: Swampert\n|-damage|p2a: Swampert|48\/100 brn\n|\n|-weather|RainDance|[upkeep]\n|-damage|p2a: Swampert|42\/100 brn|[from] brn\n|upkeep\n|turn|23\n|\n|t:|1700577766\n|move|p2a: Swampert|Liquidation|p1a: Connie\n|-supereffective|p1a: Connie\n|-damage|p1a: Connie|0 fnt\n|faint|p1a: Connie\n|\n|-weather|RainDance|[upkeep]\n|-damage|p2a: Swampert|36\/100 brn|[from] brn\n|upkeep\n|\n|t:|1700577772\n|switch|p1a: Gardevoradora|Gardevoir, F, shiny|100\/100\n|-damage|p1a: Gardevoradora|88\/100|[from] Stealth Rock\n|-ability|p1a: Gardevoradora|Swift Swim|[from] ability: Trace|[of] p2a: Swampert\n|turn|24\n|c|\u2606breadban|uy\n|\n|t:|1700577788\n|move|p1a: Gardevoradora|Psyshock|p2a: Swampert\n|-damage|p2a: Swampert|0 fnt\n|faint|p2a: Swampert\n|\n|-weather|RainDance|[upkeep]\n|upkeep\n|\n|t:|1700577792\n|switch|p2a: Barraskewda|Barraskewda, M, shiny|100\/100\n|-damage|p2a: Barraskewda|88\/100|[from] Stealth Rock\n|turn|25\n|\n|t:|1700577797\n|move|p2a: Barraskewda|Liquidation|p1a: Gardevoradora\n|-damage|p1a: Gardevoradora|0 fnt\n|faint|p1a: Gardevoradora\n|\n|win|Amber-acid\n|raw|breadban's rating: 1355 &rarr; <strong>1337<\/strong><br \/>(-18 for losing)\n|raw|Amber-acid's rating: 1385 &rarr; <strong>1403<\/strong><br \/>(+18 for winning)\n|c|\u2606Amber-acid|ggwp\n","uploadtime":1700577805,"views":11,"p1id":"breadban","p2id":"amberacid","formatid":"gen9nationaldex","rating":1337,"private":0,"password":""}