{"id":"gen9nationaldex-1994941728","p1":"The Np sweep","p2":"Elvisma","format":"[Gen 9] National Dex","log":"|html|<div class=\"broadcast-blue\"><strong>[Gen 9] National Dex is currently suspecting Sneasler! For information on how to participate check out the <a href=\"https:\/\/www.smogon.com\/forums\/threads\/sv-national-dex-suspect-8-just-dance.3731534\/\">suspect thread<\/a>.<\/strong><\/div>\n|j|\u203dThe Np sweep\n|j|\u2606Elvisma\n|t:|1700506653\n|gametype|singles\n|player|p1|The Np sweep|hilbert|1878\n|player|p2|Elvisma|red-masters|1751\n|teamsize|p1|6\n|teamsize|p2|6\n|gen|9\n|tier|[Gen 9] National Dex\n|rated|\n|rule|HP Percentage Mod: HP is shown in percentages\n|rule|Endless Battle Clause: Forcing endless battles is banned\n|rule|OHKO Clause: OHKO moves are banned\n|rule|Evasion Clause: Evasion abilities, items, and moves are banned\n|rule|Evasion Abilities Clause: Evasion abilities are banned\n|rule|Evasion Items Clause: Evasion items are banned\n|rule|Evasion Moves Clause: Evasion moves are banned\n|rule|Species Clause: Limit one of each Pok\u00e9mon\n|rule|Sleep Clause Mod: Limit one foe put to sleep\n|clearpoke\n|poke|p1|Tapu Lele|\n|poke|p1|Iron Valiant|\n|poke|p1|Ferrothorn, F|\n|poke|p1|Zamazenta-*|\n|poke|p1|Aegislash, M|\n|poke|p1|Zapdos|\n|poke|p2|Azelf|\n|poke|p2|Charizard, F|\n|poke|p2|Ribombee, M|\n|poke|p2|Great Tusk|\n|poke|p2|Ogerpon-Wellspring, F|\n|poke|p2|Victini|\n|teampreview\n|inactive|Battle timer is ON: inactive players will automatically lose when time's up. (requested by The Np sweep)\n|\n|t:|1700506670\n|start\n|switch|p1a: Aegislash|Aegislash, M, shiny|100\/100\n|switch|p2a: V create spam|Victini|100\/100\n|turn|1\n|\n|t:|1700506673\n|move|p1a: Aegislash|King's Shield|p1a: Aegislash\n|-singleturn|p1a: Aegislash|Protect\n|-zpower|p2a: V create spam\n|move|p2a: V create spam|Z-Celebrate|p2a: V create spam|[anim]Celebrate\n|-boost|p2a: V create spam|atk|1|[zeffect]\n|-boost|p2a: V create spam|def|1|[zeffect]\n|-boost|p2a: V create spam|spa|1|[zeffect]\n|-boost|p2a: V create spam|spd|1|[zeffect]\n|-boost|p2a: V create spam|spe|1|[zeffect]\n|-activate|p2a: V create spam|move: Celebrate\n|\n|upkeep\n|turn|2\n|\n|t:|1700506683\n|-formechange|p1a: Aegislash|Aegislash-Blade||[from] ability: Stance Change\n|move|p1a: Aegislash|Shadow Sneak|p2a: V create spam\n|-supereffective|p2a: V create spam\n|-damage|p2a: V create spam|77\/100\n|move|p2a: V create spam|Searing Shot|p1a: Aegislash\n|-supereffective|p1a: Aegislash\n|-damage|p1a: Aegislash|0 fnt\n|faint|p1a: Aegislash\n|\n|upkeep\n|\n|t:|1700506685\n|switch|p1a: Ferrothorn|Ferrothorn, F|100\/100\n|turn|3\n|\n|t:|1700506688\n|-terastallize|p1a: Ferrothorn|Water\n|move|p2a: V create spam|Energy Ball|p1a: Ferrothorn\n|-supereffective|p1a: Ferrothorn\n|-damage|p1a: Ferrothorn|44\/100\n|move|p1a: Ferrothorn|Leech Seed|p2a: V create spam\n|-start|p2a: V create spam|move: Leech Seed\n|\n|-heal|p1a: Ferrothorn|50\/100|[from] item: Leftovers\n|-damage|p2a: V create spam|65\/100|[from] Leech Seed|[of] p1a: Ferrothorn\n|-heal|p1a: Ferrothorn|62\/100|[silent]\n|upkeep\n|turn|4\n|c|\u2606Elvisma|wtf\n|c|\u2606Elvisma|only 56%\n|c|\u2606Elvisma|dam\n|\n|t:|1700506697\n|move|p1a: Ferrothorn|Protect|p1a: Ferrothorn\n|-singleturn|p1a: Ferrothorn|Protect\n|move|p2a: V create spam|Stored Power|p1a: Ferrothorn\n|-activate|p1a: Ferrothorn|move: Protect\n|\n|-heal|p1a: Ferrothorn|69\/100|[from] item: Leftovers\n|-damage|p2a: V create spam|52\/100|[from] Leech Seed|[of] p1a: Ferrothorn\n|-heal|p1a: Ferrothorn|81\/100|[silent]\n|upkeep\n|turn|5\n|\n|t:|1700506701\n|move|p2a: V create spam|Stored Power|p1a: Ferrothorn\n|-damage|p1a: Ferrothorn|26\/100\n|move|p1a: Ferrothorn|Gyro Ball|p2a: V create spam\n|-resisted|p2a: V create spam\n|-damage|p2a: V create spam|35\/100\n|\n|-heal|p1a: Ferrothorn|32\/100|[from] item: Leftovers\n|-damage|p2a: V create spam|23\/100|[from] Leech Seed|[of] p1a: Ferrothorn\n|-heal|p1a: Ferrothorn|44\/100|[silent]\n|upkeep\n|turn|6\n|\n|t:|1700506708\n|switch|p2a: ZA BEE|Ribombee, M|100\/100\n|move|p1a: Ferrothorn|Protect||[still]\n|-fail|p1a: Ferrothorn\n|\n|-heal|p1a: Ferrothorn|50\/100|[from] item: Leftovers\n|upkeep\n|turn|7\n|\n|t:|1700506714\n|move|p2a: ZA BEE|Sticky Web|p1a: Ferrothorn\n|-sidestart|p1: The Np sweep|move: Sticky Web\n|move|p1a: Ferrothorn|Leech Seed|p2a: ZA BEE\n|-start|p2a: ZA BEE|move: Leech Seed\n|\n|-heal|p1a: Ferrothorn|57\/100|[from] item: Leftovers\n|-damage|p2a: ZA BEE|88\/100|[from] Leech Seed|[of] p1a: Ferrothorn\n|-heal|p1a: Ferrothorn|66\/100|[silent]\n|upkeep\n|turn|8\n|\n|t:|1700506721\n|switch|p2a: touchgrassdrinkH2O|Ogerpon-Wellspring, F|100\/100\n|move|p1a: Ferrothorn|Stealth Rock|p2a: touchgrassdrinkH2O\n|-sidestart|p2: Elvisma|move: Stealth Rock\n|\n|-heal|p1a: Ferrothorn|72\/100|[from] item: Leftovers\n|upkeep\n|turn|9\n|\n|t:|1700506724\n|switch|p1a: Zapdos|Zapdos, shiny|100\/100\n|move|p2a: touchgrassdrinkH2O|Swords Dance|p2a: touchgrassdrinkH2O\n|-boost|p2a: touchgrassdrinkH2O|atk|2\n|\n|upkeep\n|turn|10\n|\n|t:|1700506729\n|-terastallize|p2a: touchgrassdrinkH2O|Water\n|detailschange|p2a: touchgrassdrinkH2O|Ogerpon-Wellspring-Tera, F, tera:Water\n|-ability|p2a: touchgrassdrinkH2O|Embody Aspect (Wellspring)|boost\n|-boost|p2a: touchgrassdrinkH2O|spd|1\n|move|p2a: touchgrassdrinkH2O|Ivy Cudgel|p1a: Zapdos|[anim] Ivy Cudgel Water\n|-damage|p1a: Zapdos|0 fnt\n|faint|p1a: Zapdos\n|\n|upkeep\n|\n|t:|1700506732\n|switch|p1a: Zamazenta|Zamazenta|100\/100\n|-activate|p1a: Zamazenta|move: Sticky Web\n|-unboost|p1a: Zamazenta|spe|1\n|-ability|p1a: Zamazenta|Dauntless Shield|boost\n|-boost|p1a: Zamazenta|def|1\n|turn|11\n|\n|t:|1700506735\n|move|p2a: touchgrassdrinkH2O|Ivy Cudgel|p1a: Zamazenta|[anim] Ivy Cudgel Water\n|-damage|p1a: Zamazenta|8\/100\n|move|p1a: Zamazenta|Close Combat|p2a: touchgrassdrinkH2O\n|-damage|p2a: touchgrassdrinkH2O|22\/100\n|-unboost|p1a: Zamazenta|def|1\n|-unboost|p1a: Zamazenta|spd|1\n|\n|upkeep\n|turn|12\n|\n|t:|1700506740\n|move|p2a: touchgrassdrinkH2O|Horn Leech|p1a: Zamazenta\n|-damage|p1a: Zamazenta|0 fnt\n|-heal|p2a: touchgrassdrinkH2O|26\/100|[from] drain|[of] p1a: Zamazenta\n|faint|p1a: Zamazenta\n|\n|upkeep\n|-message|The Np sweep forfeited.\n|\n|win|Elvisma\n|raw|The Np sweep's rating: 1878 &rarr; <strong>1851<\/strong><br \/>(-27 for losing)\n|raw|Elvisma's rating: 1751 &rarr; <strong>1778<\/strong><br \/>(+27 for winning)\n|l|\u203dThe Np sweep\n","uploadtime":1700506751,"views":16,"p1id":"thenpsweep","p2id":"elvisma","formatid":"gen9nationaldex","rating":1778,"private":0,"password":""}