{"id":"gen9nationaldex-1999226341","p1":"FlyingSudowoodo","p2":"lilpeski","format":"[Gen 9] National Dex","log":"|html|<div class=\"broadcast-blue\"><strong>[Gen 9] National Dex is currently suspecting Sneasler! For information on how to participate check out the <a href=\"https:\/\/www.smogon.com\/forums\/threads\/sv-national-dex-suspect-8-just-dance.3731534\/\">suspect thread<\/a>.<\/strong><\/div>\n|j|\u2606FlyingSudowoodo\n|j|\u2606lilpeski\n|t:|1701047816\n|gametype|singles\n|player|p1|FlyingSudowoodo|brock|1320\n|player|p2|lilpeski|hugh|1301\n|teamsize|p1|6\n|teamsize|p2|6\n|gen|9\n|tier|[Gen 9] National Dex\n|rated|\n|rule|HP Percentage Mod: HP is shown in percentages\n|rule|Endless Battle Clause: Forcing endless battles is banned\n|rule|OHKO Clause: OHKO moves are banned\n|rule|Evasion Clause: Evasion abilities, items, and moves are banned\n|rule|Evasion Abilities Clause: Evasion abilities are banned\n|rule|Evasion Items Clause: Evasion items are banned\n|rule|Evasion Moves Clause: Evasion moves are banned\n|rule|Species Clause: Limit one of each Pok\u00e9mon\n|rule|Sleep Clause Mod: Limit one foe put to sleep\n|clearpoke\n|poke|p1|Garganacl, M|\n|poke|p1|Diancie|\n|poke|p1|Glimmora, M|\n|poke|p1|Ogerpon-Cornerstone, F|\n|poke|p1|Golem-Alola, M|\n|poke|p1|Tyranitar, F|\n|poke|p2|Venusaur, M|\n|poke|p2|Jirachi|\n|poke|p2|Zapdos|\n|poke|p2|Blastoise, F|\n|poke|p2|Dragonite, M|\n|poke|p2|Mew|\n|teampreview\n|inactive|Battle timer is ON: inactive players will automatically lose when time's up. (requested by FlyingSudowoodo)\n|\n|t:|1701047827\n|start\n|switch|p1a: Golem|Golem-Alola, M|100\/100\n|switch|p2a: Uzi|Jirachi, shiny|100\/100\n|turn|1\n|\n|t:|1701047833\n|move|p2a: Uzi|Iron Head|p1a: Golem\n|-damage|p1a: Golem|68\/100\n|move|p1a: Golem|Earthquake|p2a: Uzi\n|-supereffective|p2a: Uzi\n|-damage|p2a: Uzi|31\/100\n|\n|upkeep\n|turn|2\n|\n|t:|1701047842\n|switch|p2a: Subway|Venusaur, M, shiny|100\/100\n|move|p1a: Golem|Earthquake|p2a: Subway\n|-damage|p2a: Subway|61\/100\n|\n|-heal|p2a: Subway|68\/100|[from] item: Leftovers\n|upkeep\n|turn|3\n|\n|t:|1701047851\n|move|p1a: Golem|Explosion|p2a: Subway\n|-resisted|p2a: Subway\n|-damage|p2a: Subway|0 fnt\n|faint|p1a: Golem\n|faint|p2a: Subway\n|\n|upkeep\n|\n|t:|1701047870\n|switch|p1a: Tyranitar|Tyranitar, F|100\/100\n|switch|p2a: Uzi|Jirachi, shiny|31\/100\n|-weather|Sandstorm|[from] ability: Sand Stream|[of] p1a: Tyranitar\n|turn|4\n|\n|t:|1701047877\n|-terastallize|p2a: Uzi|Steel\n|move|p2a: Uzi|Iron Head|p1a: Tyranitar\n|-supereffective|p1a: Tyranitar\n|-damage|p1a: Tyranitar|26\/100\n|move|p1a: Tyranitar|Knock Off|p2a: Uzi\n|-damage|p2a: Uzi|0 fnt\n|-enditem|p2a: Uzi|Choice Scarf|[from] move: Knock Off|[of] p1a: Tyranitar\n|faint|p2a: Uzi\n|\n|-weather|Sandstorm|[upkeep]\n|upkeep\n|\n|t:|1701047888\n|switch|p2a: Sprite|Dragonite, M, shiny|100\/100\n|turn|5\n|\n|t:|1701047892\n|switch|p1a: Glimmora|Glimmora, M|100\/100\n|-item|p1a: Glimmora|Air Balloon\n|move|p2a: Sprite|Dragon Dance|p2a: Sprite\n|-boost|p2a: Sprite|atk|1\n|-boost|p2a: Sprite|spe|1\n|\n|-weather|Sandstorm|[upkeep]\n|-damage|p2a: Sprite|94\/100|[from] Sandstorm\n|-heal|p2a: Sprite|100\/100|[from] item: Leftovers\n|upkeep\n|turn|6\n|\n|t:|1701047909\n|move|p2a: Sprite|Dragon Dance|p2a: Sprite\n|-boost|p2a: Sprite|atk|1\n|-boost|p2a: Sprite|spe|1\n|move|p1a: Glimmora|Mortal Spin|p2a: Sprite\n|-damage|p2a: Sprite|94\/100\n|-status|p2a: Sprite|psn\n|\n|-weather|Sandstorm|[upkeep]\n|-damage|p2a: Sprite|88\/100 psn|[from] Sandstorm\n|-heal|p2a: Sprite|94\/100 psn|[from] item: Leftovers\n|-damage|p2a: Sprite|82\/100 psn|[from] psn\n|upkeep\n|turn|7\n|\n|t:|1701047922\n|move|p2a: Sprite|Dragon Dance|p2a: Sprite\n|-boost|p2a: Sprite|atk|1\n|-boost|p2a: Sprite|spe|1\n|move|p1a: Glimmora|Power Gem|p2a: Sprite\n|-supereffective|p2a: Sprite\n|-damage|p2a: Sprite|0 fnt\n|faint|p2a: Sprite\n|\n|-weather|Sandstorm|[upkeep]\n|upkeep\n|-message|lilpeski forfeited.\n|\n|win|FlyingSudowoodo\n|raw|FlyingSudowoodo's rating: 1320 &rarr; <strong>1339<\/strong><br \/>(+19 for winning)\n|raw|lilpeski's rating: 1301 &rarr; <strong>1282<\/strong><br \/>(-19 for losing)\n|l|\u2606lilpeski\n","uploadtime":1701047943,"views":5,"p1id":"flyingsudowoodo","p2id":"lilpeski","formatid":"gen9nationaldex","rating":1282,"private":0,"password":""}