{"id":"gen9nationaldex-1998411602","p1":"MarinoNMKZ","p2":"the power in me","format":"[Gen 9] National Dex","log":"|html|<div class=\"broadcast-blue\"><strong>[Gen 9] National Dex is currently suspecting Sneasler! For information on how to participate check out the <a href=\"https:\/\/www.smogon.com\/forums\/threads\/sv-national-dex-suspect-8-just-dance.3731534\/\">suspect thread<\/a>.<\/strong><\/div>\n|j|\u2606MarinoNMKZ\n|j|\u203dthe power in me\n|t:|1700939354\n|gametype|singles\n|player|p1|MarinoNMKZ|volkner|1106\n|player|p2|the power in me|jasmine|1189\n|teamsize|p1|6\n|teamsize|p2|6\n|gen|9\n|tier|[Gen 9] National Dex\n|rated|\n|rule|HP Percentage Mod: HP is shown in percentages\n|rule|Endless Battle Clause: Forcing endless battles is banned\n|rule|OHKO Clause: OHKO moves are banned\n|rule|Evasion Clause: Evasion abilities, items, and moves are banned\n|rule|Evasion Abilities Clause: Evasion abilities are banned\n|rule|Evasion Items Clause: Evasion items are banned\n|rule|Evasion Moves Clause: Evasion moves are banned\n|rule|Species Clause: Limit one of each Pok\u00e9mon\n|rule|Sleep Clause Mod: Limit one foe put to sleep\n|clearpoke\n|poke|p1|Swampert, M|\n|poke|p1|Urshifu-*, M|\n|poke|p1|Ogerpon-Wellspring, F|\n|poke|p1|Jellicent, F|\n|poke|p1|Pelipper, M|\n|poke|p1|Greninja-*, M|\n|poke|p2|Articuno|\n|poke|p2|Chandelure, F|\n|poke|p2|Manectric, M|\n|poke|p2|Great Tusk|\n|poke|p2|Gyarados, F|\n|poke|p2|Kleavor, F|\n|teampreview\n|inactive|Battle timer is ON: inactive players will automatically lose when time's up. (requested by the power in me)\n|inactive|MarinoNMKZ also wants the timer to be on.\n|\n|t:|1700939382\n|start\n|switch|p1a: Jellicent|Jellicent, F|100\/100\n|switch|p2a: Kleavor|Kleavor, F|100\/100\n|turn|1\n|\n|t:|1700939390\n|move|p2a: Kleavor|Stone Axe|p1a: Jellicent\n|-damage|p1a: Jellicent|61\/100\n|-start|p2a: Kleavor|Disable|Stone Axe|[from] ability: Cursed Body|[of] p1a: Jellicent\n|-sidestart|p1: MarinoNMKZ|move: Stealth Rock\n|move|p1a: Jellicent|Will-O-Wisp|p2a: Kleavor\n|-status|p2a: Kleavor|brn\n|\n|-heal|p1a: Jellicent|67\/100|[from] item: Leftovers\n|-damage|p2a: Kleavor|94\/100 brn|[from] brn\n|upkeep\n|turn|2\n|\n|t:|1700939402\n|switch|p1a: Ogerpon|Ogerpon-Wellspring, F|100\/100\n|-damage|p1a: Ogerpon|88\/100|[from] Stealth Rock\n|move|p2a: Kleavor|Knock Off|p1a: Ogerpon\n|-damage|p1a: Ogerpon|72\/100\n|\n|-damage|p2a: Kleavor|88\/100 brn|[from] brn\n|upkeep\n|turn|3\n|\n|t:|1700939410\n|move|p1a: Ogerpon|Swords Dance|p1a: Ogerpon\n|-boost|p1a: Ogerpon|atk|2\n|move|p2a: Kleavor|U-turn|p1a: Ogerpon\n|-supereffective|p1a: Ogerpon\n|-damage|p1a: Ogerpon|20\/100\n|\n|t:|1700939415\n|switch|p2a: Manectric|Manectric, M|100\/100|[from] U-turn\n|\n|upkeep\n|turn|4\n|\n|t:|1700939434\n|detailschange|p2a: Manectric|Manectric-Mega, M\n|-mega|p2a: Manectric|Manectric|Manectite\n|-ability|p2a: Manectric|Intimidate|boost\n|-unboost|p1a: Ogerpon|atk|1\n|move|p2a: Manectric|Thunderbolt|p1a: Ogerpon\n|-damage|p1a: Ogerpon|0 fnt\n|faint|p1a: Ogerpon\n|\n|upkeep\n|\n|t:|1700939441\n|switch|p1a: Pelipper|Pelipper, M|100\/100\n|-damage|p1a: Pelipper|76\/100|[from] Stealth Rock\n|-weather|RainDance|[from] ability: Drizzle|[of] p1a: Pelipper\n|turn|5\n|\n|t:|1700939446\n|switch|p1a: Swampert|Swampert, M|100\/100\n|-damage|p1a: Swampert|94\/100|[from] Stealth Rock\n|move|p2a: Manectric|Thunderbolt|p1a: Swampert\n|-immune|p1a: Swampert\n|\n|-weather|RainDance|[upkeep]\n|upkeep\n|turn|6\n|\n|t:|1700939459\n|switch|p2a: Kleavor|Kleavor, F|88\/100 brn\n|detailschange|p1a: Swampert|Swampert-Mega, M\n|-mega|p1a: Swampert|Swampert|Swampertite\n|move|p1a: Swampert|Waterfall|p2a: Kleavor\n|-supereffective|p2a: Kleavor\n|-damage|p2a: Kleavor|0 fnt\n|faint|p2a: Kleavor\n|\n|-weather|RainDance|[upkeep]\n|upkeep\n|\n|t:|1700939468\n|switch|p2a: Chandelure|Chandelure, F|100\/100\n|turn|7\n|\n|t:|1700939471\n|move|p1a: Swampert|Waterfall|p2a: Chandelure\n|-supereffective|p2a: Chandelure\n|-damage|p2a: Chandelure|0 fnt\n|faint|p2a: Chandelure\n|\n|-weather|RainDance|[upkeep]\n|upkeep\n|\n|t:|1700939488\n|switch|p2a: Manectric|Manectric-Mega, M|100\/100\n|-ability|p2a: Manectric|Intimidate|boost\n|-unboost|p1a: Swampert|atk|1\n|turn|8\n|\n|t:|1700939495\n|switch|p2a: Articuno|Articuno|100\/100\n|-ability|p2a: Articuno|Pressure\n|move|p1a: Swampert|Waterfall|p2a: Articuno\n|-damage|p2a: Articuno|42\/100\n|\n|-weather|RainDance|[upkeep]\n|upkeep\n|turn|9\n|\n|t:|1700939503\n|move|p1a: Swampert|Waterfall|p2a: Articuno\n|-damage|p2a: Articuno|0 fnt\n|faint|p2a: Articuno\n|\n|-weather|RainDance|[upkeep]\n|upkeep\n|\n|t:|1700939507\n|switch|p2a: Manectric|Manectric-Mega, M|100\/100\n|-ability|p2a: Manectric|Intimidate|boost\n|-unboost|p1a: Swampert|atk|1\n|turn|10\n|\n|t:|1700939511\n|switch|p2a: Gyarados|Gyarados, F|100\/100\n|move|p1a: Swampert|Waterfall|p2a: Gyarados\n|-resisted|p2a: Gyarados\n|-damage|p2a: Gyarados|76\/100\n|\n|-weather|RainDance|[upkeep]\n|upkeep\n|turn|11\n|\n|t:|1700939518\n|switch|p1a: Jellicent|Jellicent, F|67\/100\n|-damage|p1a: Jellicent|55\/100|[from] Stealth Rock\n|move|p2a: Gyarados|Dragon Dance|p2a: Gyarados\n|-boost|p2a: Gyarados|atk|1\n|-boost|p2a: Gyarados|spe|1\n|\n|-weather|RainDance|[upkeep]\n|-heal|p1a: Jellicent|61\/100|[from] item: Leftovers\n|upkeep\n|turn|12\n|\n|t:|1700939537\n|move|p2a: Gyarados|Bounce||[still]\n|-prepare|p2a: Gyarados|Bounce\n|move|p1a: Jellicent|Will-O-Wisp|p2a: Gyarados|[miss]\n|-miss|p1a: Jellicent|p2a: Gyarados\n|\n|-weather|none\n|-heal|p1a: Jellicent|67\/100|[from] item: Leftovers\n|upkeep\n|turn|13\n|\n|t:|1700939544\n|move|p2a: Gyarados|Bounce|p1a: Jellicent|[from]lockedmove\n|-damage|p1a: Jellicent|17\/100\n|move|p1a: Jellicent|Will-O-Wisp|p2a: Gyarados\n|-status|p2a: Gyarados|brn\n|\n|-heal|p1a: Jellicent|23\/100|[from] item: Leftovers\n|-damage|p2a: Gyarados|70\/100 brn|[from] brn\n|upkeep\n|turn|14\n|\n|t:|1700939555\n|move|p2a: Gyarados|Earthquake|p1a: Jellicent\n|-damage|p1a: Jellicent|2\/100\n|move|p1a: Jellicent|Scald|p2a: Gyarados\n|-resisted|p2a: Gyarados\n|-damage|p2a: Gyarados|58\/100 brn\n|\n|-heal|p1a: Jellicent|8\/100|[from] item: Leftovers\n|-damage|p2a: Gyarados|52\/100 brn|[from] brn\n|upkeep\n|turn|15\n|\n|t:|1700939564\n|move|p2a: Gyarados|Earthquake|p1a: Jellicent\n|-damage|p1a: Jellicent|0 fnt\n|-start|p2a: Gyarados|Disable|Earthquake|[from] ability: Cursed Body|[of] p1a: Jellicent\n|faint|p1a: Jellicent\n|-ability|p2a: Gyarados|Moxie|boost\n|-boost|p2a: Gyarados|atk|1\n|\n|-damage|p2a: Gyarados|46\/100 brn|[from] brn\n|upkeep\n|\n|t:|1700939590\n|switch|p1a: Urshifu|Urshifu-Rapid-Strike, M|100\/100\n|-damage|p1a: Urshifu|94\/100|[from] Stealth Rock\n|turn|16\n|\n|t:|1700939595\n|move|p1a: Urshifu|Thunder Punch|p2a: Gyarados\n|-supereffective|p2a: Gyarados\n|-damage|p2a: Gyarados|0 fnt\n|faint|p2a: Gyarados\n|\n|upkeep\n|\n|t:|1700939599\n|switch|p2a: Manectric|Manectric-Mega, M|100\/100\n|-ability|p2a: Manectric|Intimidate|boost\n|-unboost|p1a: Urshifu|atk|1\n|turn|17\n|\n|t:|1700939603\n|switch|p1a: Pelipper|Pelipper, M|76\/100\n|-damage|p1a: Pelipper|51\/100|[from] Stealth Rock\n|-weather|RainDance|[from] ability: Drizzle|[of] p1a: Pelipper\n|move|p2a: Manectric|Thunderbolt|p1a: Pelipper\n|-supereffective|p1a: Pelipper\n|-damage|p1a: Pelipper|0 fnt\n|faint|p1a: Pelipper\n|\n|-weather|RainDance|[upkeep]\n|upkeep\n|\n|t:|1700939612\n|switch|p1a: Swampert|Swampert-Mega, M|94\/100\n|-damage|p1a: Swampert|88\/100|[from] Stealth Rock\n|turn|18\n|\n|t:|1700939617\n|switch|p2a: Great Tusk|Great Tusk|100\/100\n|-enditem|p2a: Great Tusk|Booster Energy\n|-activate|p2a: Great Tusk|ability: Protosynthesis|[fromitem]\n|-start|p2a: Great Tusk|protosynthesisatk\n|move|p1a: Swampert|Earthquake|p2a: Great Tusk\n|-damage|p2a: Great Tusk|56\/100\n|\n|-weather|RainDance|[upkeep]\n|upkeep\n|turn|19\n|\n|t:|1700939627\n|move|p1a: Swampert|Waterfall|p2a: Great Tusk\n|-supereffective|p2a: Great Tusk\n|-damage|p2a: Great Tusk|0 fnt\n|faint|p2a: Great Tusk\n|-end|p2a: Great Tusk|Protosynthesis|[silent]\n|\n|-weather|RainDance|[upkeep]\n|upkeep\n|\n|t:|1700939631\n|switch|p2a: Manectric|Manectric-Mega, M|100\/100\n|-ability|p2a: Manectric|Intimidate|boost\n|-unboost|p1a: Swampert|atk|1\n|turn|20\n|\n|t:|1700939635\n|move|p1a: Swampert|Earthquake|p2a: Manectric\n|-supereffective|p2a: Manectric\n|-damage|p2a: Manectric|0 fnt\n|faint|p2a: Manectric\n|\n|win|MarinoNMKZ\n|raw|MarinoNMKZ's rating: 1106 &rarr; <strong>1137<\/strong><br \/>(+31 for winning)\n|raw|the power in me's rating: 1189 &rarr; <strong>1158<\/strong><br \/>(-31 for losing)\n","uploadtime":1700939642,"views":17,"p1id":"marinonmkz","p2id":"thepowerinme","formatid":"gen9nationaldex","rating":1137,"private":0,"password":""}