{"id":"gen9nationaldex-1993297954","p1":"Derpichuu","p2":"gock glocker","format":"[Gen 9] National Dex","log":"|j|\u2606Derpichuu\n|j|\u2606gock glocker\n|t:|1700292935\n|gametype|singles\n|player|p1|Derpichuu|2|1359\n|player|p2|gock glocker|acerola-masters|1460\n|teamsize|p1|6\n|teamsize|p2|6\n|gen|9\n|tier|[Gen 9] National Dex\n|rated|\n|rule|HP Percentage Mod: HP is shown in percentages\n|rule|Endless Battle Clause: Forcing endless battles is banned\n|rule|OHKO Clause: OHKO moves are banned\n|rule|Evasion Clause: Evasion abilities, items, and moves are banned\n|rule|Evasion Abilities Clause: Evasion abilities are banned\n|rule|Evasion Items Clause: Evasion items are banned\n|rule|Evasion Moves Clause: Evasion moves are banned\n|rule|Species Clause: Limit one of each Pok\u00e9mon\n|rule|Sleep Clause Mod: Limit one foe put to sleep\n|clearpoke\n|poke|p1|Ditto|\n|poke|p1|Serperior, M|\n|poke|p1|Xurkitree|\n|poke|p1|Mew|\n|poke|p1|Quaquaval, M|\n|poke|p1|Volcarona, M|\n|poke|p2|Altaria, F|\n|poke|p2|Ninetales-Alola, F|\n|poke|p2|Volcarona, M|\n|poke|p2|Latias, F|\n|poke|p2|Xurkitree|\n|poke|p2|Great Tusk|\n|teampreview\n|inactive|Battle timer is ON: inactive players will automatically lose when time's up. (requested by gock glocker)\n|\n|t:|1700292963\n|start\n|switch|p1a: Volcarona|Volcarona, M|100\/100\n|switch|p2a: Ninetales|Ninetales-Alola, F|100\/100\n|-weather|Snow|[from] ability: Snow Warning|[of] p2a: Ninetales\n|turn|1\n|\n|t:|1700292967\n|move|p2a: Ninetales|Aurora Veil|p2a: Ninetales\n|-sidestart|p2: gock glocker|move: Aurora Veil\n|move|p1a: Volcarona|Fiery Dance|p2a: Ninetales\n|-supereffective|p2a: Ninetales\n|-damage|p2a: Ninetales|54\/100\n|-boost|p1a: Volcarona|spa|1\n|\n|-weather|Snow|[upkeep]\n|upkeep\n|turn|2\n|\n|t:|1700292972\n|move|p2a: Ninetales|Encore|p1a: Volcarona\n|-start|p1a: Volcarona|Encore\n|move|p1a: Volcarona|Fiery Dance|p2a: Ninetales\n|-supereffective|p2a: Ninetales\n|-damage|p2a: Ninetales|0 fnt\n|faint|p2a: Ninetales\n|\n|-weather|Snow|[upkeep]\n|upkeep\n|\n|t:|1700292990\n|switch|p2a: Altaria|Altaria, F|100\/100\n|turn|3\n|\n|t:|1700292993\n|move|p1a: Volcarona|Fiery Dance|p2a: Altaria\n|-resisted|p2a: Altaria\n|-damage|p2a: Altaria|81\/100\n|move|p2a: Altaria|Dragon Dance|p2a: Altaria\n|-boost|p2a: Altaria|atk|1\n|-boost|p2a: Altaria|spe|1\n|\n|-weather|Snow|[upkeep]\n|upkeep\n|turn|4\n|\n|t:|1700292996\n|move|p2a: Altaria|Dragon Dance|p2a: Altaria\n|-boost|p2a: Altaria|atk|1\n|-boost|p2a: Altaria|spe|1\n|move|p1a: Volcarona|Fiery Dance|p2a: Altaria\n|-resisted|p2a: Altaria\n|-damage|p2a: Altaria|62\/100\n|\n|-weather|Snow|[upkeep]\n|-end|p1a: Volcarona|Encore\n|upkeep\n|turn|5\n|\n|t:|1700293004\n|move|p2a: Altaria|Roost|p2a: Altaria\n|-heal|p2a: Altaria|100\/100\n|-singleturn|p2a: Altaria|move: Roost\n|move|p1a: Volcarona|Quiver Dance|p1a: Volcarona\n|-boost|p1a: Volcarona|spa|1\n|-boost|p1a: Volcarona|spd|1\n|-boost|p1a: Volcarona|spe|1\n|\n|-weather|none\n|upkeep\n|turn|6\n|\n|t:|1700293009\n|move|p2a: Altaria|Dragon Dance|p2a: Altaria\n|-boost|p2a: Altaria|atk|1\n|-boost|p2a: Altaria|spe|1\n|move|p1a: Volcarona|Quiver Dance|p1a: Volcarona\n|-boost|p1a: Volcarona|spa|1\n|-boost|p1a: Volcarona|spd|1\n|-boost|p1a: Volcarona|spe|1\n|\n|upkeep\n|turn|7\n|\n|t:|1700293011\n|move|p2a: Altaria|Earthquake|p1a: Volcarona\n|-damage|p1a: Volcarona|1\/100\n|move|p1a: Volcarona|Quiver Dance|p1a: Volcarona\n|-boost|p1a: Volcarona|spa|1\n|-boost|p1a: Volcarona|spd|1\n|-boost|p1a: Volcarona|spe|1\n|\n|upkeep\n|turn|8\n|\n|t:|1700293016\n|move|p1a: Volcarona|Fiery Dance|p2a: Altaria\n|-resisted|p2a: Altaria\n|-damage|p2a: Altaria|60\/100\n|-boost|p1a: Volcarona|spa|1\n|move|p2a: Altaria|Earthquake|p1a: Volcarona\n|-damage|p1a: Volcarona|0 fnt\n|faint|p1a: Volcarona\n|\n|-sideend|p2: gock glocker|move: Aurora Veil\n|upkeep\n|\n|t:|1700293020\n|switch|p1a: Ditto|Ditto|100\/100\n|-transform|p1a: Ditto|p2a: Altaria|[from] ability: Imposter\n|turn|9\n|\n|t:|1700293031\n|move|p1a: Ditto|Earthquake|p2a: Altaria\n|-immune|p2a: Altaria\n|move|p2a: Altaria|Dragon Dance|p2a: Altaria\n|-boost|p2a: Altaria|atk|1\n|-boost|p2a: Altaria|spe|1\n|\n|upkeep\n|turn|10\n|c|\u2606gock glocker|:(\n|\n|t:|1700293038\n|switch|p1a: Serperior|Serperior, M|100\/100\n|move|p2a: Altaria|Dragon Dance|p2a: Altaria\n|-boost|p2a: Altaria|atk|1\n|-boost|p2a: Altaria|spe|1\n|\n|upkeep\n|turn|11\n|\n|t:|1700293041\n|move|p2a: Altaria|Frustration|p1a: Serperior\n|-damage|p1a: Serperior|0 fnt\n|faint|p1a: Serperior\n|\n|upkeep\n|c|\u2606gock glocker|cool ditto\n|-message|Derpichuu forfeited.\n|\n|win|gock glocker\n|raw|Derpichuu's rating: 1359 &rarr; <strong>1345<\/strong><br \/>(-14 for losing)\n|raw|gock glocker's rating: 1460 &rarr; <strong>1474<\/strong><br \/>(+14 for winning)\n|l|\u2606Derpichuu\n|c|\u2606gock glocker|i hate my altaria\n|c|\u2606gock glocker|u love your ditto\n|c|\u2606gock glocker|imagein\n|c|\u2606gock glocker|couldnt be me smh\n","uploadtime":1700293083,"views":9,"p1id":"derpichuu","p2id":"gockglocker","formatid":"gen9nationaldex","rating":1345,"private":0,"password":""}