{"id":"gen9nationaldex-1994937267","p1":"PointedRanger11","p2":"LiRip","format":"[Gen 9] National Dex","log":"|html|<div class=\"broadcast-blue\"><strong>[Gen 9] National Dex is currently suspecting Sneasler! For information on how to participate check out the <a href=\"https:\/\/www.smogon.com\/forums\/threads\/sv-national-dex-suspect-8-just-dance.3731534\/\">suspect thread<\/a>.<\/strong><\/div>\n|j|\u2606PointedRanger11\n|j|\u2606LiRip\n|t:|1700506261\n|gametype|singles\n|player|p1|PointedRanger11|n|1426\n|player|p2|LiRip|drayden|1463\n|teamsize|p1|6\n|teamsize|p2|6\n|gen|9\n|tier|[Gen 9] National Dex\n|rated|\n|rule|HP Percentage Mod: HP is shown in percentages\n|rule|Endless Battle Clause: Forcing endless battles is banned\n|rule|OHKO Clause: OHKO moves are banned\n|rule|Evasion Clause: Evasion abilities, items, and moves are banned\n|rule|Evasion Abilities Clause: Evasion abilities are banned\n|rule|Evasion Items Clause: Evasion items are banned\n|rule|Evasion Moves Clause: Evasion moves are banned\n|rule|Species Clause: Limit one of each Pok\u00e9mon\n|rule|Sleep Clause Mod: Limit one foe put to sleep\n|clearpoke\n|poke|p1|Aerodactyl, M|\n|poke|p1|Zoroark-Hisui, F|\n|poke|p1|Kyurem|\n|poke|p1|Hawlucha, F|\n|poke|p1|Iron Valiant|\n|poke|p1|Heatran, F|\n|poke|p2|Skeledirge, F|\n|poke|p2|Landorus-Therian, M|\n|poke|p2|Venusaur, F|\n|poke|p2|Goodra-Hisui, M|\n|poke|p2|Greninja-*, F|\n|poke|p2|Great Tusk|\n|teampreview\n|inactive|Battle timer is ON: inactive players will automatically lose when time's up. (requested by LiRip)\n|\n|t:|1700506270\n|start\n|switch|p1a: WHAT KILLED DINO?|Kyurem|100\/100\n|switch|p2a: Landorus|Landorus-Therian, M|100\/100\n|-ability|p2a: Landorus|Intimidate|boost\n|-unboost|p1a: WHAT KILLED DINO?|atk|1\n|-ability|p1a: WHAT KILLED DINO?|Pressure\n|turn|1\n|c|\u2606LiRip|Glhf\n|\n|t:|1700506276\n|move|p2a: Landorus|Rock Slide|p1a: WHAT KILLED DINO?\n|-supereffective|p1a: WHAT KILLED DINO?\n|-crit|p1a: WHAT KILLED DINO?\n|-damage|p1a: WHAT KILLED DINO?|26\/100\n|cant|p1a: WHAT KILLED DINO?|flinch\n|\n|-heal|p1a: WHAT KILLED DINO?|33\/100|[from] item: Leftovers\n|upkeep\n|turn|2\n|\n|t:|1700506285\n|switch|p1a: MELTED METAL|Heatran, F|100\/100\n|move|p2a: Landorus|Rock Slide|p1a: MELTED METAL\n|-damage|p1a: MELTED METAL|75\/100\n|\n|-heal|p1a: MELTED METAL|81\/100|[from] item: Leftovers\n|upkeep\n|turn|3\n|\n|t:|1700506297\n|-terastallize|p1a: MELTED METAL|Grass\n|move|p2a: Landorus|Earthquake|p1a: MELTED METAL\n|-resisted|p1a: MELTED METAL\n|-damage|p1a: MELTED METAL|57\/100\n|move|p1a: MELTED METAL|Magma Storm|p2a: Landorus\n|-damage|p2a: Landorus|23\/100\n|-activate|p2a: Landorus|move: Magma Storm|[of] p1a: MELTED METAL\n|\n|-heal|p1a: MELTED METAL|63\/100|[from] item: Leftovers\n|-damage|p2a: Landorus|11\/100|[from] move: Magma Storm|[partiallytrapped]\n|upkeep\n|turn|4\n|\n|t:|1700506307\n|move|p2a: Landorus|Stealth Rock|p1a: MELTED METAL\n|-sidestart|p1: PointedRanger11|move: Stealth Rock\n|move|p1a: MELTED METAL|Flash Cannon|p2a: Landorus\n|-damage|p2a: Landorus|0 fnt\n|faint|p2a: Landorus\n|\n|-heal|p1a: MELTED METAL|70\/100|[from] item: Leftovers\n|upkeep\n|\n|t:|1700506312\n|switch|p2a: Venusaur|Venusaur, F, shiny|100\/100\n|turn|5\n|\n|t:|1700506317\n|detailschange|p2a: Venusaur|Venusaur-Mega, F, shiny\n|-mega|p2a: Venusaur|Venusaur|Venusaurite\n|move|p2a: Venusaur|Sludge Bomb|p1a: MELTED METAL\n|-supereffective|p1a: MELTED METAL\n|-damage|p1a: MELTED METAL|0 fnt\n|faint|p1a: MELTED METAL\n|\n|upkeep\n|\n|t:|1700506324\n|switch|p1a: BIRD UP|Hawlucha, F|100\/100\n|-ability|p1a: BIRD UP|Mold Breaker\n|turn|6\n|\n|t:|1700506331\n|move|p1a: BIRD UP|Defog|p2a: Venusaur\n|-unboost|p2a: Venusaur|evasion|1\n|-sideend|p1: PointedRanger11|Stealth Rock|[from] move: Defog|[of] p1a: BIRD UP\n|move|p2a: Venusaur|Sludge Bomb|p1a: BIRD UP\n|-damage|p1a: BIRD UP|19\/100\n|-status|p1a: BIRD UP|psn\n|\n|-damage|p1a: BIRD UP|7\/100 psn|[from] psn\n|upkeep\n|turn|7\n|\n|t:|1700506339\n|switch|p2a: Goodra|Goodra-Hisui, M, shiny|100\/100\n|move|p1a: BIRD UP|Brave Bird|p2a: Goodra\n|-resisted|p2a: Goodra\n|-damage|p2a: Goodra|78\/100\n|-ability|p2a: Goodra|Gooey\n|-unboost|p1a: BIRD UP|spe|1\n|-damage|p1a: BIRD UP|0 fnt|[from] Recoil\n|faint|p1a: BIRD UP\n|\n|upkeep\n|\n|t:|1700506353\n|switch|p1a: ROBO BIMBO|Iron Valiant|100\/100\n|-enditem|p1a: ROBO BIMBO|Booster Energy\n|-activate|p1a: ROBO BIMBO|ability: Quark Drive|[fromitem]\n|-start|p1a: ROBO BIMBO|quarkdrivespe\n|turn|8\n|\n|t:|1700506359\n|move|p1a: ROBO BIMBO|Calm Mind|p1a: ROBO BIMBO\n|-boost|p1a: ROBO BIMBO|spa|1\n|-boost|p1a: ROBO BIMBO|spd|1\n|move|p2a: Goodra|Ice Beam|p1a: ROBO BIMBO\n|-damage|p1a: ROBO BIMBO|67\/100\n|\n|upkeep\n|turn|9\n|\n|t:|1700506366\n|move|p1a: ROBO BIMBO|Aura Sphere|p2a: Goodra\n|-supereffective|p2a: Goodra\n|-damage|p2a: Goodra|0 fnt\n|faint|p2a: Goodra\n|\n|upkeep\n|\n|t:|1700506369\n|switch|p2a: Skeledirge|Skeledirge, F|100\/100\n|turn|10\n|\n|t:|1700506375\n|-end|p1a: ROBO BIMBO|Quark Drive|[silent]\n|switch|p1a: WHAT KILLED DINO?|Kyurem|33\/100\n|-ability|p1a: WHAT KILLED DINO?|Pressure\n|move|p2a: Skeledirge|Torch Song|p1a: WHAT KILLED DINO?\n|-damage|p1a: WHAT KILLED DINO?|9\/100\n|-boost|p2a: Skeledirge|spa|1\n|\n|-heal|p1a: WHAT KILLED DINO?|15\/100|[from] item: Leftovers\n|upkeep\n|turn|11\n|\n|t:|1700506385\n|move|p1a: WHAT KILLED DINO?|Roost|p1a: WHAT KILLED DINO?\n|-heal|p1a: WHAT KILLED DINO?|65\/100\n|-singleturn|p1a: WHAT KILLED DINO?|move: Roost\n|move|p2a: Skeledirge|Torch Song|p1a: WHAT KILLED DINO?\n|-damage|p1a: WHAT KILLED DINO?|30\/100\n|-boost|p2a: Skeledirge|spa|1\n|\n|-heal|p1a: WHAT KILLED DINO?|36\/100|[from] item: Leftovers\n|upkeep\n|turn|12\n|\n|t:|1700506392\n|-terastallize|p2a: Skeledirge|Fairy\n|move|p1a: WHAT KILLED DINO?|Earth Power|p2a: Skeledirge\n|-damage|p2a: Skeledirge|74\/100\n|move|p2a: Skeledirge|Torch Song|p1a: WHAT KILLED DINO?\n|-crit|p1a: WHAT KILLED DINO?\n|-damage|p1a: WHAT KILLED DINO?|0 fnt\n|-boost|p2a: Skeledirge|spa|1\n|faint|p1a: WHAT KILLED DINO?\n|\n|-heal|p2a: Skeledirge|80\/100|[from] item: Leftovers\n|upkeep\n|\n|t:|1700506403\n|switch|p1a: AAAAAAAAAAAAAA|Aerodactyl, M|100\/100\n|turn|13\n|\n|t:|1700506406\n|detailschange|p1a: AAAAAAAAAAAAAA|Aerodactyl-Mega, M\n|-mega|p1a: AAAAAAAAAAAAAA|Aerodactyl|Aerodactylite\n|move|p1a: AAAAAAAAAAAAAA|Iron Head|p2a: Skeledirge\n|-supereffective|p2a: Skeledirge\n|-damage|p2a: Skeledirge|16\/100\n|move|p2a: Skeledirge|Torch Song|p1a: AAAAAAAAAAAAAA\n|-resisted|p1a: AAAAAAAAAAAAAA\n|-damage|p1a: AAAAAAAAAAAAAA|53\/100\n|-boost|p2a: Skeledirge|spa|1\n|\n|-heal|p2a: Skeledirge|22\/100|[from] item: Leftovers\n|upkeep\n|turn|14\n|\n|t:|1700506418\n|move|p1a: AAAAAAAAAAAAAA|Earthquake|p2a: Skeledirge\n|-damage|p2a: Skeledirge|0 fnt\n|faint|p2a: Skeledirge\n|\n|upkeep\n|\n|t:|1700506424\n|switch|p2a: Venusaur|Venusaur-Mega, F, shiny|100\/100\n|turn|15\n|\n|t:|1700506427\n|move|p1a: AAAAAAAAAAAAAA|Dual Wingbeat|p2a: Venusaur\n|-supereffective|p2a: Venusaur\n|-damage|p2a: Venusaur|52\/100\n|-supereffective|p2a: Venusaur\n|-damage|p2a: Venusaur|9\/100\n|-hitcount|p2a: Venusaur|2\n|move|p2a: Venusaur|Energy Ball|p1a: AAAAAAAAAAAAAA\n|-damage|p1a: AAAAAAAAAAAAAA|0 fnt\n|faint|p1a: AAAAAAAAAAAAAA\n|\n|upkeep\n|\n|t:|1700506440\n|switch|p1a: ROBO BIMBO|Iron Valiant|100\/100\n|turn|16\n|\n|t:|1700506445\n|move|p1a: ROBO BIMBO|Flamethrower|p2a: Venusaur\n|-supereffective|p2a: Venusaur\n|-damage|p2a: Venusaur|0 fnt\n|faint|p2a: Venusaur\n|\n|upkeep\n|\n|t:|1700506448\n|switch|p2a: Power move|Greninja, F, shiny|100\/100\n|turn|17\n|\n|t:|1700506457\n|move|p2a: Power move|Dark Pulse|p1a: ROBO BIMBO\n|-start|p2a: Power move|typechange|Dark|[from] ability: Protean\n|-supereffective|p1a: ROBO BIMBO\n|-enditem|p1a: ROBO BIMBO|Focus Sash\n|-damage|p1a: ROBO BIMBO|1\/100\n|replace|p1a: lol|Zoroark-Hisui, F\n|-end|p1a: lol|Illusion\n|move|p1a: lol|Focus Blast|p2a: Power move|[miss]\n|-miss|p1a: lol|p2a: Power move\n|\n|upkeep\n|turn|18\n|n|!PointedRanger11|pointedranger11\n|-message|PointedRanger11 forfeited.\n|\n|win|LiRip\n|raw|PointedRanger11's rating: 1426 &rarr; <strong>1408<\/strong><br \/>(-18 for losing)\n|raw|LiRip's rating: 1463 &rarr; <strong>1481<\/strong><br \/>(+18 for winning)\n|l|!PointedRanger11\n","uploadtime":1700506469,"views":2,"p1id":"pointedranger11","p2id":"lirip","formatid":"gen9nationaldex","rating":1408,"private":0,"password":""}