{"id":"gen9nationaldex-2000178812","p1":"gongjuren","p2":"WZKASH","format":"[Gen 9] National Dex","log":"|html|<div class=\"broadcast-blue\"><strong>[Gen 9] National Dex is currently suspecting Sneasler! For information on how to participate check out the <a href=\"https:\/\/www.smogon.com\/forums\/threads\/sv-national-dex-suspect-8-just-dance.3731534\/\">suspect thread<\/a>.<\/strong><\/div>\n|j|\u2606gongjuren\n|j|\u2606WZKASH\n|t:|1701168037\n|gametype|singles\n|player|p1|gongjuren|169|1410\n|player|p2|WZKASH|1|1335\n|teamsize|p1|6\n|teamsize|p2|6\n|gen|9\n|tier|[Gen 9] National Dex\n|rated|\n|rule|HP Percentage Mod: HP is shown in percentages\n|rule|Endless Battle Clause: Forcing endless battles is banned\n|rule|OHKO Clause: OHKO moves are banned\n|rule|Evasion Clause: Evasion abilities, items, and moves are banned\n|rule|Evasion Abilities Clause: Evasion abilities are banned\n|rule|Evasion Items Clause: Evasion items are banned\n|rule|Evasion Moves Clause: Evasion moves are banned\n|rule|Species Clause: Limit one of each Pok\u00e9mon\n|rule|Sleep Clause Mod: Limit one foe put to sleep\n|clearpoke\n|poke|p1|Beedrill, M|\n|poke|p1|Shuckle, M|\n|poke|p1|Urshifu-*, M|\n|poke|p1|Blacephalon|\n|poke|p1|Bisharp, M|\n|poke|p1|Tapu Lele|\n|poke|p2|Excadrill, F|\n|poke|p2|Latias, F|\n|poke|p2|Aegislash, M|\n|poke|p2|Tyranitar, M|\n|poke|p2|Ferrothorn, M|\n|poke|p2|Mantine, M|\n|teampreview\n|inactive|Battle timer is ON: inactive players will automatically lose when time's up. (requested by gongjuren)\n|\n|t:|1701168044\n|start\n|switch|p1a: \u5f3a\u6b32\u4e4b\u58f6|Shuckle, M|100\/100\n|switch|p2a: Excadrill|Excadrill, F|100\/100\n|turn|1\n|\n|t:|1701168047\n|-zpower|p2a: Excadrill\n|move|p2a: Excadrill|Corkscrew Crash|p1a: \u5f3a\u6b32\u4e4b\u58f6|[zeffect]\n|-supereffective|p1a: \u5f3a\u6b32\u4e4b\u58f6\n|-damage|p1a: \u5f3a\u6b32\u4e4b\u58f6|2\/100\n|-enditem|p1a: \u5f3a\u6b32\u4e4b\u58f6|Red Card|[of] p2a: Excadrill\n|drag|p2a: Latias|Latias, F|100\/100\n|move|p1a: \u5f3a\u6b32\u4e4b\u58f6|Sticky Web|p2a: Latias\n|-sidestart|p2: WZKASH|move: Sticky Web\n|\n|upkeep\n|turn|2\n|c|\u2606WZKASH|\u4e07\u5e74\u7981\u5361\n|inactive|WZKASH has 120 seconds left.\n|\n|t:|1701168080\n|detailschange|p2a: Latias|Latias-Mega, F\n|-mega|p2a: Latias|Latias|Latiasite\n|move|p2a: Latias|Ice Beam|p1a: \u5f3a\u6b32\u4e4b\u58f6\n|-damage|p1a: \u5f3a\u6b32\u4e4b\u58f6|0 fnt\n|faint|p1a: \u5f3a\u6b32\u4e4b\u58f6\n|\n|upkeep\n|inactive|gongjuren has 120 seconds left.\n|\n|t:|1701168115\n|switch|p1a: OU\u866b\u738b|Beedrill, M|100\/100\n|turn|3\n|\n|t:|1701168119\n|switch|p2a: Ferrothorn|Ferrothorn, M|100\/100\n|-activate|p2a: Ferrothorn|move: Sticky Web\n|-unboost|p2a: Ferrothorn|spe|1\n|detailschange|p1a: OU\u866b\u738b|Beedrill-Mega, M\n|-mega|p1a: OU\u866b\u738b|Beedrill|Beedrillite\n|move|p1a: OU\u866b\u738b|Fell Stinger|p2a: Ferrothorn\n|-damage|p2a: Ferrothorn|78\/100\n|-damage|p1a: OU\u866b\u738b|88\/100|[from] ability: Iron Barbs|[of] p2a: Ferrothorn\n|\n|-heal|p2a: Ferrothorn|85\/100|[from] item: Leftovers\n|upkeep\n|turn|4\n|\n|t:|1701168135\n|switch|p1a: \u5c0f\u9171|Bisharp, M|100\/100\n|move|p2a: Ferrothorn|Leech Seed|p1a: \u5c0f\u9171\n|-start|p1a: \u5c0f\u9171|move: Leech Seed\n|\n|-heal|p2a: Ferrothorn|91\/100|[from] item: Leftovers\n|-damage|p1a: \u5c0f\u9171|88\/100|[from] Leech Seed|[of] p2a: Ferrothorn\n|-heal|p2a: Ferrothorn|100\/100|[silent]\n|upkeep\n|turn|5\n|\n|t:|1701168139\n|move|p1a: \u5c0f\u9171|Swords Dance|p1a: \u5c0f\u9171\n|-boost|p1a: \u5c0f\u9171|atk|2\n|move|p2a: Ferrothorn|Body Press|p1a: \u5c0f\u9171\n|-supereffective|p1a: \u5c0f\u9171\n|-damage|p1a: \u5c0f\u9171|0 fnt\n|faint|p1a: \u5c0f\u9171\n|\n|upkeep\n|c|\u2606gongjuren|az\n|\n|t:|1701168157\n|switch|p1a: JOKER|Blacephalon|100\/100\n|turn|6\n|\n|t:|1701168163\n|switch|p2a: Mantine|Mantine, M|100\/100\n|move|p1a: JOKER|Shadow Ball|p2a: Mantine\n|-damage|p2a: Mantine|68\/100\n|\n|upkeep\n|turn|7\n|\n|t:|1701168171\n|switch|p1a: \u718a\u4e8c|Urshifu-Rapid-Strike, M|100\/100\n|move|p2a: Mantine|Roost|p2a: Mantine\n|-heal|p2a: Mantine|100\/100\n|-singleturn|p2a: Mantine|move: Roost\n|\n|upkeep\n|turn|8\n|\n|t:|1701168179\n|move|p1a: \u718a\u4e8c|Close Combat|p2a: Mantine\n|-resisted|p2a: Mantine\n|-damage|p2a: Mantine|64\/100\n|-unboost|p1a: \u718a\u4e8c|def|1\n|-unboost|p1a: \u718a\u4e8c|spd|1\n|move|p2a: Mantine|Toxic|p1a: \u718a\u4e8c\n|-status|p1a: \u718a\u4e8c|tox\n|\n|-damage|p1a: \u718a\u4e8c|94\/100 tox|[from] psn\n|upkeep\n|turn|9\n|-message|gongjuren forfeited.\n|\n|win|WZKASH\n|raw|gongjuren's rating: 1410 &rarr; <strong>1386<\/strong><br \/>(-24 for losing)\n|raw|WZKASH's rating: 1335 &rarr; <strong>1359<\/strong><br \/>(+24 for winning)\n|l|\u2606gongjuren\n","uploadtime":1701168234,"views":2,"p1id":"gongjuren","p2id":"wzkash","formatid":"gen9nationaldex","rating":1359,"private":0,"password":""}