{"id":"gen9nationaldex-1996285557","p1":"Gollark","p2":"long84569391","format":"[Gen 9] National Dex","log":"|html|<div class=\"broadcast-blue\"><strong>[Gen 9] National Dex is currently suspecting Sneasler! For information on how to participate check out the <a href=\"https:\/\/www.smogon.com\/forums\/threads\/sv-national-dex-suspect-8-just-dance.3731534\/\">suspect thread<\/a>.<\/strong><\/div>\n|j|\u2606Gollark\n|j|\u2606long84569391\n|t:|1700667546\n|gametype|singles\n|player|p1|Gollark|swimmerf-gen4dp|1539\n|player|p2|long84569391|riley|1486\n|teamsize|p1|6\n|teamsize|p2|6\n|gen|9\n|tier|[Gen 9] National Dex\n|rated|\n|rule|HP Percentage Mod: HP is shown in percentages\n|rule|Endless Battle Clause: Forcing endless battles is banned\n|rule|OHKO Clause: OHKO moves are banned\n|rule|Evasion Clause: Evasion abilities, items, and moves are banned\n|rule|Evasion Abilities Clause: Evasion abilities are banned\n|rule|Evasion Items Clause: Evasion items are banned\n|rule|Evasion Moves Clause: Evasion moves are banned\n|rule|Species Clause: Limit one of each Pok\u00e9mon\n|rule|Sleep Clause Mod: Limit one foe put to sleep\n|clearpoke\n|poke|p1|Lopunny, F|\n|poke|p1|Landorus-Therian, M|\n|poke|p1|Ferrothorn, F|\n|poke|p1|Clodsire, F|\n|poke|p1|Tapu Lele|\n|poke|p1|Whimsicott, F|\n|poke|p2|Gyarados, M|\n|poke|p2|Ferrothorn, M|\n|poke|p2|Chansey, F|\n|poke|p2|Skeledirge, F|\n|poke|p2|Hoopa-Unbound|\n|poke|p2|Iron Valiant|\n|teampreview\n|inactive|Battle timer is ON: inactive players will automatically lose when time's up. (requested by long84569391)\n|\n|t:|1700667566\n|start\n|switch|p1a: Landorus|Landorus-Therian, M|100\/100\n|switch|p2a: Skeledirge|Skeledirge, F|100\/100\n|-ability|p1a: Landorus|Intimidate|boost\n|-unboost|p2a: Skeledirge|atk|1\n|turn|1\n|l|\u2606Gollark\n|inactive|Gollark disconnected and has a minute to reconnect!\n|player|p1|\n|j|\u2606Gollark\n|inactive|Gollark reconnected and has 120 seconds left.\n|player|p1|Gollark|swimmerf-gen4dp\n|\n|t:|1700667603\n|move|p1a: Landorus|Knock Off|p2a: Skeledirge\n|-supereffective|p2a: Skeledirge\n|-damage|p2a: Skeledirge|54\/100\n|-enditem|p2a: Skeledirge|Heavy-Duty Boots|[from] move: Knock Off|[of] p1a: Landorus\n|move|p2a: Skeledirge|Will-O-Wisp|p1a: Landorus\n|-status|p1a: Landorus|brn\n|\n|-damage|p1a: Landorus|95\/100 brn|[from] brn\n|upkeep\n|turn|2\n|inactive|Gollark has 120 seconds left.\n|\n|t:|1700667614\n|move|p1a: Landorus|Earthquake|p2a: Skeledirge\n|-supereffective|p2a: Skeledirge\n|-damage|p2a: Skeledirge|19\/100\n|move|p2a: Skeledirge|Slack Off|p2a: Skeledirge\n|-heal|p2a: Skeledirge|69\/100\n|\n|-damage|p1a: Landorus|89\/100 brn|[from] brn\n|upkeep\n|turn|3\n|inactive|Gollark has 120 seconds left.\n|\n|t:|1700667621\n|move|p1a: Landorus|U-turn|p2a: Skeledirge\n|-resisted|p2a: Skeledirge\n|-damage|p2a: Skeledirge|67\/100\n|inactive|Gollark has 120 seconds left.\n|\n|t:|1700667626\n|switch|p1a: Clodsire|Clodsire, F|100\/100|[from] U-turn\n|move|p2a: Skeledirge|Slack Off|p2a: Skeledirge\n|-heal|p2a: Skeledirge|100\/100\n|\n|upkeep\n|turn|4\n|\n|t:|1700667634\n|move|p2a: Skeledirge|Will-O-Wisp|p1a: Clodsire\n|-status|p1a: Clodsire|brn\n|move|p1a: Clodsire|Stealth Rock|p2a: Skeledirge\n|-sidestart|p2: long84569391|move: Stealth Rock\n|\n|-damage|p1a: Clodsire|94\/100 brn|[from] brn\n|upkeep\n|turn|5\n|\n|t:|1700667644\n|switch|p2a: Ferrothorn|Ferrothorn, M|100\/100\n|-damage|p2a: Ferrothorn|94\/100|[from] Stealth Rock\n|move|p1a: Clodsire|Toxic|p2a: Ferrothorn\n|-immune|p2a: Ferrothorn\n|\n|-heal|p1a: Clodsire|100\/100 brn|[from] item: Leftovers\n|-heal|p2a: Ferrothorn|100\/100|[from] item: Leftovers\n|-damage|p1a: Clodsire|94\/100 brn|[from] brn\n|upkeep\n|turn|6\n|\n|t:|1700667654\n|switch|p1a: Lopunny|Lopunny, F|100\/100\n|move|p2a: Ferrothorn|Spikes|p1a: Lopunny\n|-sidestart|p1: Gollark|Spikes\n|\n|upkeep\n|turn|7\n|\n|t:|1700667664\n|detailschange|p1a: Lopunny|Lopunny-Mega, F\n|-mega|p1a: Lopunny|Lopunny|Lopunnite\n|-terastallize|p2a: Ferrothorn|Ghost\n|move|p1a: Lopunny|Close Combat|p2a: Ferrothorn\n|-damage|p2a: Ferrothorn|64\/100\n|-unboost|p1a: Lopunny|def|1\n|-unboost|p1a: Lopunny|spd|1\n|-damage|p1a: Lopunny|88\/100|[from] ability: Iron Barbs|[of] p2a: Ferrothorn\n|move|p2a: Ferrothorn|Leech Seed|p1a: Lopunny\n|-start|p1a: Lopunny|move: Leech Seed\n|\n|-heal|p2a: Ferrothorn|70\/100|[from] item: Leftovers\n|-damage|p1a: Lopunny|76\/100|[from] Leech Seed|[of] p2a: Ferrothorn\n|-heal|p2a: Ferrothorn|79\/100|[silent]\n|upkeep\n|turn|8\n|\n|t:|1700667677\n|switch|p1a: Whimsicott|Whimsicott, F|100\/100\n|move|p2a: Ferrothorn|Spikes|p1a: Whimsicott\n|-sidestart|p1: Gollark|Spikes\n|\n|-heal|p2a: Ferrothorn|86\/100|[from] item: Leftovers\n|upkeep\n|turn|9\n|\n|t:|1700667685\n|move|p1a: Whimsicott|Encore|p2a: Ferrothorn\n|-start|p2a: Ferrothorn|Encore\n|move|p2a: Ferrothorn|Spikes|p1a: Whimsicott\n|-sidestart|p1: Gollark|Spikes\n|\n|-heal|p2a: Ferrothorn|92\/100|[from] item: Leftovers\n|upkeep\n|turn|10\n|\n|t:|1700667692\n|switch|p2a: Hoopa|Hoopa-Unbound|100\/100\n|-damage|p2a: Hoopa|88\/100|[from] Stealth Rock\n|move|p1a: Whimsicott|Defog|p2a: Hoopa\n|-hint|Since gen 7, Dark is immune to Prankster moves.\n|-immune|p2a: Hoopa\n|\n|upkeep\n|turn|11\n|\n|t:|1700667709\n|switch|p1a: Ferrothorn|Ferrothorn, F|100\/100\n|-damage|p1a: Ferrothorn|75\/100|[from] Spikes\n|move|p2a: Hoopa|Gunk Shot|p1a: Ferrothorn\n|-immune|p1a: Ferrothorn\n|\n|-heal|p1a: Ferrothorn|82\/100|[from] item: Leftovers\n|upkeep\n|turn|12\n|\n|t:|1700667726\n|switch|p2a: Skeledirge|Skeledirge, F|100\/100\n|-damage|p2a: Skeledirge|76\/100|[from] Stealth Rock\n|move|p1a: Ferrothorn|Thunder Wave|p2a: Skeledirge\n|-status|p2a: Skeledirge|par\n|\n|-heal|p1a: Ferrothorn|88\/100|[from] item: Leftovers\n|upkeep\n|turn|13\n|\n|t:|1700667740\n|switch|p1a: Landorus|Landorus-Therian, M|89\/100 brn\n|-ability|p1a: Landorus|Intimidate|boost\n|-unboost|p2a: Skeledirge|atk|1\n|cant|p2a: Skeledirge|par\n|\n|-damage|p1a: Landorus|83\/100 brn|[from] brn\n|upkeep\n|turn|14\n|\n|t:|1700667748\n|move|p1a: Landorus|Earthquake|p2a: Skeledirge\n|-supereffective|p2a: Skeledirge\n|-damage|p2a: Skeledirge|42\/100 par\n|move|p2a: Skeledirge|Slack Off|p2a: Skeledirge\n|-heal|p2a: Skeledirge|92\/100 par\n|\n|-damage|p1a: Landorus|77\/100 brn|[from] brn\n|upkeep\n|turn|15\n|\n|t:|1700667756\n|switch|p2a: Gyarados|Gyarados, M, shiny|100\/100\n|-damage|p2a: Gyarados|76\/100|[from] Stealth Rock\n|-ability|p2a: Gyarados|Intimidate|boost\n|-unboost|p1a: Landorus|atk|1\n|move|p1a: Landorus|Earthquake|p2a: Gyarados\n|-immune|p2a: Gyarados\n|\n|-damage|p1a: Landorus|71\/100 brn|[from] brn\n|upkeep\n|turn|16\n|\n|t:|1700667766\n|move|p1a: Landorus|U-turn|p2a: Gyarados\n|-resisted|p2a: Gyarados\n|-damage|p2a: Gyarados|71\/100\n|\n|t:|1700667772\n|switch|p1a: Whimsicott|Whimsicott, F|100\/100|[from] U-turn\n|move|p2a: Gyarados|Dragon Dance|p2a: Gyarados\n|-boost|p2a: Gyarados|atk|1\n|-boost|p2a: Gyarados|spe|1\n|\n|upkeep\n|turn|17\n|\n|t:|1700667801\n|detailschange|p2a: Gyarados|Gyarados-Mega, M, shiny\n|-mega|p2a: Gyarados|Gyarados|Gyaradosite\n|-ability|p2a: Gyarados|Mold Breaker\n|move|p2a: Gyarados|Dragon Dance|p2a: Gyarados\n|-boost|p2a: Gyarados|atk|1\n|-boost|p2a: Gyarados|spe|1\n|move|p1a: Whimsicott|Moonblast|p2a: Gyarados\n|-supereffective|p2a: Gyarados\n|-damage|p2a: Gyarados|25\/100\n|\n|upkeep\n|turn|18\n|\n|t:|1700667816\n|switch|p1a: Ferrothorn|Ferrothorn, F|88\/100\n|-damage|p1a: Ferrothorn|63\/100|[from] Spikes\n|move|p2a: Gyarados|Waterfall|p1a: Ferrothorn\n|-resisted|p1a: Ferrothorn\n|-damage|p1a: Ferrothorn|36\/100\n|-damage|p2a: Gyarados|12\/100|[from] ability: Iron Barbs|[of] p1a: Ferrothorn\n|\n|-heal|p1a: Ferrothorn|42\/100|[from] item: Leftovers\n|upkeep\n|turn|19\n|\n|t:|1700667827\n|move|p2a: Gyarados|Crunch|p1a: Ferrothorn\n|-damage|p1a: Ferrothorn|0 fnt\n|-damage|p2a: Gyarados|0 fnt|[from] ability: Iron Barbs|[of] p1a: Ferrothorn\n|faint|p1a: Ferrothorn\n|faint|p2a: Gyarados\n|\n|upkeep\n|\n|t:|1700667839\n|switch|p2a: Iron Valiant|Iron Valiant|100\/100\n|switch|p1a: Landorus|Landorus-Therian, M|71\/100 brn\n|-damage|p2a: Iron Valiant|94\/100|[from] Stealth Rock\n|-ability|p1a: Landorus|Intimidate|boost\n|-unboost|p2a: Iron Valiant|atk|1\n|turn|20\n|\n|t:|1700667849\n|move|p2a: Iron Valiant|Moonblast|p1a: Landorus\n|-damage|p1a: Landorus|33\/100 brn\n|move|p1a: Landorus|Knock Off|p2a: Iron Valiant\n|-resisted|p2a: Iron Valiant\n|-damage|p2a: Iron Valiant|89\/100\n|-enditem|p2a: Iron Valiant|Choice Scarf|[from] move: Knock Off|[of] p1a: Landorus\n|\n|-damage|p1a: Landorus|27\/100 brn|[from] brn\n|upkeep\n|turn|21\n|\n|t:|1700667861\n|move|p2a: Iron Valiant|Moonblast|p1a: Landorus\n|-crit|p1a: Landorus\n|-damage|p1a: Landorus|0 fnt\n|faint|p1a: Landorus\n|\n|upkeep\n|\n|t:|1700667866\n|switch|p1a: Whimsicott|Whimsicott, F|100\/100\n|turn|22\n|\n|t:|1700667879\n|-end|p2a: Iron Valiant|Quark Drive|[silent]\n|switch|p2a: Hoopa|Hoopa-Unbound|88\/100\n|-damage|p2a: Hoopa|76\/100|[from] Stealth Rock\n|move|p1a: Whimsicott|Defog|p2a: Hoopa\n|-hint|Since gen 7, Dark is immune to Prankster moves.\n|-immune|p2a: Hoopa\n|\n|upkeep\n|turn|23\n|\n|t:|1700667889\n|move|p1a: Whimsicott|Moonblast|p2a: Hoopa\n|-supereffective|p2a: Hoopa\n|-damage|p2a: Hoopa|26\/100\n|move|p2a: Hoopa|Hyperspace Fury|p1a: Whimsicott\n|-resisted|p1a: Whimsicott\n|-damage|p1a: Whimsicott|35\/100\n|-unboost|p2a: Hoopa|def|1\n|\n|upkeep\n|turn|24\n|\n|t:|1700667899\n|switch|p2a: Chansey|Chansey, F, shiny|100\/100\n|-damage|p2a: Chansey|88\/100|[from] Stealth Rock\n|move|p1a: Whimsicott|Moonblast|p2a: Chansey\n|-damage|p2a: Chansey|79\/100\n|\n|upkeep\n|turn|25\n|\n|t:|1700667909\n|move|p1a: Whimsicott|Defog|p2a: Chansey\n|-unboost|p2a: Chansey|evasion|1\n|-sideend|p2: long84569391|Stealth Rock|[from] move: Defog|[of] p1a: Whimsicott\n|-sideend|p1: Gollark|Spikes|[from] move: Defog|[of] p1a: Whimsicott\n|move|p2a: Chansey|Teleport|p2a: Chansey\n|\n|t:|1700667921\n|switch|p2a: Hoopa|Hoopa-Unbound|26\/100|[from] Teleport\n|\n|upkeep\n|turn|26\n|\n|t:|1700667940\n|move|p1a: Whimsicott|Moonblast|p2a: Hoopa\n|-supereffective|p2a: Hoopa\n|-damage|p2a: Hoopa|0 fnt\n|faint|p2a: Hoopa\n|\n|upkeep\n|\n|t:|1700667944\n|switch|p2a: Ferrothorn|Ferrothorn, M, tera:Ghost|92\/100\n|turn|27\n|\n|t:|1700667953\n|switch|p1a: Clodsire|Clodsire, F|94\/100 brn\n|move|p2a: Ferrothorn|Spikes|p1a: Clodsire\n|-sidestart|p1: Gollark|Spikes\n|\n|-heal|p1a: Clodsire|100\/100 brn|[from] item: Leftovers\n|-heal|p2a: Ferrothorn|98\/100|[from] item: Leftovers\n|-damage|p1a: Clodsire|94\/100 brn|[from] brn\n|upkeep\n|turn|28\n|\n|t:|1700667966\n|move|p1a: Clodsire|Toxic|p2a: Ferrothorn\n|-status|p2a: Ferrothorn|tox\n|move|p2a: Ferrothorn|Spikes|p1a: Clodsire\n|-sidestart|p1: Gollark|Spikes\n|\n|-heal|p1a: Clodsire|100\/100 brn|[from] item: Leftovers\n|-heal|p2a: Ferrothorn|100\/100 tox|[from] item: Leftovers\n|-damage|p2a: Ferrothorn|94\/100 tox|[from] psn\n|-damage|p1a: Clodsire|94\/100 brn|[from] brn\n|upkeep\n|turn|29\n|\n|t:|1700667977\n|switch|p1a: Whimsicott|Whimsicott, F|35\/100\n|switch|p2a: Iron Valiant|Iron Valiant|89\/100\n|\n|upkeep\n|turn|30\n|\n|t:|1700667988\n|move|p1a: Whimsicott|Defog|p2a: Iron Valiant\n|-unboost|p2a: Iron Valiant|evasion|1\n|-sideend|p1: Gollark|Spikes|[from] move: Defog|[of] p1a: Whimsicott\n|move|p2a: Iron Valiant|Moonblast|p1a: Whimsicott\n|-damage|p1a: Whimsicott|0 fnt\n|faint|p1a: Whimsicott\n|\n|upkeep\n|\n|t:|1700668003\n|switch|p1a: Tapu Lele|Tapu Lele|100\/100\n|-fieldstart|move: Psychic Terrain|[from] ability: Psychic Surge|[of] p1a: Tapu Lele\n|turn|31\n|inactive|long84569391 has 120 seconds left.\n|\n|t:|1700668049\n|-end|p2a: Iron Valiant|Quark Drive|[silent]\n|switch|p2a: Chansey|Chansey, F, shiny|79\/100\n|-terastallize|p1a: Tapu Lele|Psychic\n|move|p1a: Tapu Lele|Psychic|p2a: Chansey\n|-damage|p2a: Chansey|52\/100\n|\n|upkeep\n|turn|32\n|\n|t:|1700668056\n|switch|p1a: Lopunny|Lopunny-Mega, F|76\/100\n|move|p2a: Chansey|Toxic|p1a: Lopunny|[miss]\n|-miss|p2a: Chansey|p1a: Lopunny\n|\n|upkeep\n|turn|33\n|\n|t:|1700668066\n|switch|p2a: Skeledirge|Skeledirge, F|92\/100 par\n|move|p1a: Lopunny|U-turn|p2a: Skeledirge\n|-resisted|p2a: Skeledirge\n|-damage|p2a: Skeledirge|88\/100 par\n|\n|t:|1700668071\n|switch|p1a: Tapu Lele|Tapu Lele, tera:Psychic|100\/100|[from] U-turn\n|\n|upkeep\n|turn|34\n|inactive|long84569391 has 120 seconds left.\n|\n|t:|1700668082\n|switch|p2a: Chansey|Chansey, F, shiny|52\/100\n|move|p1a: Tapu Lele|Psychic|p2a: Chansey\n|-damage|p2a: Chansey|25\/100\n|\n|upkeep\n|turn|35\n|inactive|long84569391 has 120 seconds left.\n|\n|t:|1700668097\n|switch|p2a: Ferrothorn|Ferrothorn, M, tera:Ghost|94\/100 tox\n|move|p1a: Tapu Lele|Psychic|p2a: Ferrothorn\n|-damage|p2a: Ferrothorn|25\/100 tox\n|\n|-heal|p2a: Ferrothorn|32\/100 tox|[from] item: Leftovers\n|-damage|p2a: Ferrothorn|25\/100 tox|[from] psn\n|-fieldend|move: Psychic Terrain\n|upkeep\n|turn|36\n|inactive|long84569391 has 120 seconds left.\n|\n|t:|1700668111\n|move|p1a: Tapu Lele|Psychic|p2a: Ferrothorn\n|-damage|p2a: Ferrothorn|0 fnt\n|faint|p2a: Ferrothorn\n|\n|upkeep\n|\n|t:|1700668114\n|switch|p2a: Chansey|Chansey, F, shiny|25\/100\n|turn|37\n|\n|t:|1700668118\n|switch|p1a: Lopunny|Lopunny-Mega, F|76\/100\n|move|p2a: Chansey|Soft-Boiled|p2a: Chansey\n|-heal|p2a: Chansey|75\/100\n|\n|upkeep\n|turn|38\n|\n|t:|1700668125\n|move|p1a: Lopunny|Close Combat|p2a: Chansey\n|-supereffective|p2a: Chansey\n|-damage|p2a: Chansey|0 fnt\n|-unboost|p1a: Lopunny|def|1\n|-unboost|p1a: Lopunny|spd|1\n|faint|p2a: Chansey\n|\n|upkeep\n|\n|t:|1700668132\n|switch|p2a: Iron Valiant|Iron Valiant|89\/100\n|turn|39\n|\n|t:|1700668144\n|move|p1a: Lopunny|U-turn|p2a: Iron Valiant\n|-resisted|p2a: Iron Valiant\n|-damage|p2a: Iron Valiant|80\/100\n|\n|t:|1700668147\n|switch|p1a: Clodsire|Clodsire, F|94\/100 brn|[from] U-turn\n|move|p2a: Iron Valiant|Moonblast|p1a: Clodsire\n|-resisted|p1a: Clodsire\n|-damage|p1a: Clodsire|82\/100 brn\n|\n|-heal|p1a: Clodsire|88\/100 brn|[from] item: Leftovers\n|-damage|p1a: Clodsire|82\/100 brn|[from] brn\n|upkeep\n|turn|40\n|\n|t:|1700668158\n|move|p2a: Iron Valiant|Future Sight|p1a: Clodsire\n|-start|p2a: Iron Valiant|move: Future Sight\n|move|p1a: Clodsire|Toxic|p2a: Iron Valiant\n|-status|p2a: Iron Valiant|tox\n|\n|-heal|p1a: Clodsire|88\/100 brn|[from] item: Leftovers\n|-damage|p2a: Iron Valiant|74\/100 tox|[from] psn\n|-damage|p1a: Clodsire|82\/100 brn|[from] brn\n|upkeep\n|turn|41\n|\n|t:|1700668167\n|-end|p2a: Iron Valiant|Quark Drive|[silent]\n|switch|p2a: Skeledirge|Skeledirge, F|88\/100 par\n|move|p1a: Clodsire|Stealth Rock|p2a: Skeledirge\n|-sidestart|p2: long84569391|move: Stealth Rock\n|\n|-heal|p1a: Clodsire|88\/100 brn|[from] item: Leftovers\n|-damage|p1a: Clodsire|82\/100 brn|[from] brn\n|upkeep\n|turn|42\n|\n|t:|1700668176\n|move|p2a: Skeledirge|Torch Song|p1a: Clodsire\n|-damage|p1a: Clodsire|66\/100 brn\n|-boost|p2a: Skeledirge|spa|1\n|move|p1a: Clodsire|Earthquake|p2a: Skeledirge\n|-supereffective|p2a: Skeledirge\n|-damage|p2a: Skeledirge|73\/100 par\n|\n|-end|p1a: Clodsire|move: Future Sight\n|-supereffective|p1a: Clodsire\n|-damage|p1a: Clodsire|21\/100 brn\n|-heal|p1a: Clodsire|27\/100 brn|[from] item: Leftovers\n|-damage|p1a: Clodsire|21\/100 brn|[from] brn\n|upkeep\n|turn|43\n|\n|t:|1700668191\n|move|p2a: Skeledirge|Hex|p1a: Clodsire\n|-damage|p1a: Clodsire|0 fnt\n|faint|p1a: Clodsire\n|\n|upkeep\n|\n|t:|1700668197\n|switch|p1a: Tapu Lele|Tapu Lele, tera:Psychic|100\/100\n|-fieldstart|move: Psychic Terrain|[from] ability: Psychic Surge|[of] p1a: Tapu Lele\n|turn|44\n|\n|t:|1700668203\n|move|p1a: Tapu Lele|Psychic|p2a: Skeledirge\n|-damage|p2a: Skeledirge|0 fnt\n|faint|p2a: Skeledirge\n|\n|upkeep\n|\n|t:|1700668207\n|switch|p2a: Iron Valiant|Iron Valiant|74\/100 tox\n|-damage|p2a: Iron Valiant|68\/100 tox|[from] Stealth Rock\n|turn|45\n|\n|t:|1700668211\n|move|p1a: Tapu Lele|Psychic|p2a: Iron Valiant\n|-supereffective|p2a: Iron Valiant\n|-damage|p2a: Iron Valiant|0 fnt\n|faint|p2a: Iron Valiant\n|-end|p2a: Iron Valiant|Quark Drive|[silent]\n|\n|win|Gollark\n|raw|Gollark's rating: 1539 &rarr; <strong>1556<\/strong><br \/>(+17 for winning)\n|raw|long84569391's rating: 1486 &rarr; <strong>1469<\/strong><br \/>(-17 for losing)\n|l|\u2606long84569391\n","uploadtime":1700668220,"views":1,"p1id":"gollark","p2id":"long84569391","formatid":"gen9nationaldex","rating":1469,"private":0,"password":""}