{"id":"gen9nationaldex-1996449267","p1":"Vuridia","p2":"Smitty47401","format":"[Gen 9] National Dex","log":"|html|<div class=\"broadcast-blue\"><strong>[Gen 9] National Dex is currently suspecting Sneasler! For information on how to participate check out the <a href=\"https:\/\/www.smogon.com\/forums\/threads\/sv-national-dex-suspect-8-just-dance.3731534\/\">suspect thread<\/a>.<\/strong><\/div>\n|j|\u2606Vuridia\n|j|\u2606Smitty47401\n|t:|1700683076\n|gametype|singles\n|player|p1|Vuridia|cheryl|\n|player|p2|Smitty47401|brawly|\n|teamsize|p1|6\n|teamsize|p2|6\n|gen|9\n|tier|[Gen 9] National Dex\n|rule|HP Percentage Mod: HP is shown in percentages\n|rule|Endless Battle Clause: Forcing endless battles is banned\n|rule|OHKO Clause: OHKO moves are banned\n|rule|Evasion Clause: Evasion abilities, items, and moves are banned\n|rule|Evasion Abilities Clause: Evasion abilities are banned\n|rule|Evasion Items Clause: Evasion items are banned\n|rule|Evasion Moves Clause: Evasion moves are banned\n|rule|Species Clause: Limit one of each Pok\u00e9mon\n|rule|Sleep Clause Mod: Limit one foe put to sleep\n|clearpoke\n|poke|p1|Gardevoir, M|\n|poke|p1|Snorlax, M|\n|poke|p1|Clodsire, F|\n|poke|p1|Celebi|\n|poke|p1|Xurkitree|\n|poke|p1|Milotic, F|\n|poke|p2|Zamazenta-*|\n|poke|p2|Greninja-*, F|\n|poke|p2|Steelix, F|\n|poke|p2|Blissey, F|\n|poke|p2|Darmanitan, F|\n|poke|p2|Mew|\n|teampreview\n|\n|t:|1700683116\n|start\n|switch|p1a: Famine|Snorlax, M, shiny|100\/100\n|switch|p2a: HomeWrecker|Mew, shiny|100\/100\n|turn|1\n|\n|t:|1700683159\n|switch|p2a: Bad Dog|Zamazenta|100\/100\n|-ability|p2a: Bad Dog|Dauntless Shield|boost\n|-boost|p2a: Bad Dog|def|1\n|move|p1a: Famine|Trailblaze|p2a: Bad Dog\n|-damage|p2a: Bad Dog|91\/100\n|-boost|p1a: Famine|spe|1\n|\n|upkeep\n|turn|2\n|\n|t:|1700683174\n|switch|p1a: Abyss|Milotic, F, shiny|100\/100\n|move|p2a: Bad Dog|Close Combat|p1a: Abyss\n|-damage|p1a: Abyss|23\/100\n|-unboost|p2a: Bad Dog|def|1\n|-unboost|p2a: Bad Dog|spd|1\n|\n|upkeep\n|turn|3\n|\n|t:|1700683207\n|switch|p1a: Goodest Boi|Clodsire, F|100\/100\n|move|p2a: Bad Dog|Iron Head|p1a: Goodest Boi\n|-damage|p1a: Goodest Boi|75\/100\n|\n|-heal|p1a: Goodest Boi|82\/100|[from] item: Black Sludge\n|upkeep\n|turn|4\n|\n|t:|1700683220\n|switch|p2a: HomeWrecker|Mew, shiny|100\/100\n|move|p1a: Goodest Boi|Earthquake|p2a: HomeWrecker\n|-damage|p2a: HomeWrecker|71\/100\n|\n|-heal|p1a: Goodest Boi|88\/100|[from] item: Black Sludge\n|upkeep\n|turn|5\n|\n|t:|1700683236\n|switch|p1a: Grace|Gardevoir, M, shiny|100\/100\n|-ability|p1a: Grace|Synchronize|[from] ability: Trace|[of] p2a: HomeWrecker\n|move|p2a: HomeWrecker|Solar Beam||[still]\n|-prepare|p2a: HomeWrecker|Solar Beam\n|-enditem|p2a: HomeWrecker|Power Herb\n|-anim|p2a: HomeWrecker|Solar Beam|p1a: Grace\n|-damage|p1a: Grace|71\/100\n|\n|upkeep\n|turn|6\n|\n|t:|1700683262\n|switch|p2a: Bessie|Steelix, F, shiny|100\/100\n|detailschange|p1a: Grace|Gardevoir-Mega, M, shiny\n|-mega|p1a: Grace|Gardevoir|Gardevoirite\n|move|p1a: Grace|Shadow Ball|p2a: Bessie\n|-damage|p2a: Bessie|58\/100\n|\n|upkeep\n|turn|7\n|\n|t:|1700683297\n|detailschange|p2a: Bessie|Steelix-Mega, F, shiny\n|-mega|p2a: Bessie|Steelix|Steelixite\n|move|p1a: Grace|Moonblast|p2a: Bessie\n|-resisted|p2a: Bessie\n|-damage|p2a: Bessie|30\/100\n|move|p2a: Bessie|Earthquake|p1a: Grace\n|-damage|p1a: Grace|0 fnt\n|faint|p1a: Grace\n|\n|upkeep\n|\n|t:|1700683309\n|switch|p1a: Abyss|Milotic, F, shiny|23\/100\n|turn|8\n|\n|t:|1700683332\n|move|p1a: Abyss|Scald|p2a: Bessie\n|-supereffective|p2a: Bessie\n|-damage|p2a: Bessie|0 fnt\n|faint|p2a: Bessie\n|\n|upkeep\n|\n|t:|1700683338\n|switch|p2a: HomeWrecker|Mew, shiny|71\/100\n|turn|9\n|\n|t:|1700683348\n|move|p2a: HomeWrecker|Thunderbolt|p1a: Abyss\n|-supereffective|p1a: Abyss\n|-damage|p1a: Abyss|0 fnt\n|faint|p1a: Abyss\n|\n|upkeep\n|\n|t:|1700683355\n|switch|p1a: Plughead|Xurkitree, shiny|100\/100\n|turn|10\n|\n|t:|1700683404\n|move|p1a: Plughead|Thunderbolt|p2a: HomeWrecker\n|-damage|p2a: HomeWrecker|20\/100\n|move|p2a: HomeWrecker|Solar Beam||[still]\n|-prepare|p2a: HomeWrecker|Solar Beam\n|\n|upkeep\n|turn|11\n|\n|t:|1700683419\n|move|p1a: Plughead|Thunderbolt|p2a: HomeWrecker\n|-damage|p2a: HomeWrecker|0 fnt\n|faint|p2a: HomeWrecker\n|-ability|p1a: Plughead|Beast Boost|boost\n|-boost|p1a: Plughead|spa|1\n|\n|upkeep\n|\n|t:|1700683467\n|switch|p2a: Fire Hulk|Darmanitan, F, shiny|100\/100\n|turn|12\n|\n|t:|1700683503\n|move|p1a: Plughead|Thunderbolt|p2a: Fire Hulk\n|-damage|p2a: Fire Hulk|0 fnt\n|faint|p2a: Fire Hulk\n|-ability|p1a: Plughead|Beast Boost|boost\n|-boost|p1a: Plughead|spa|1\n|\n|upkeep\n|\n|t:|1700683611\n|switch|p2a: Bad Dog|Zamazenta|91\/100\n|turn|13\n|\n|t:|1700683620\n|move|p1a: Plughead|Thunderbolt|p2a: Bad Dog\n|-damage|p2a: Bad Dog|0 fnt\n|faint|p2a: Bad Dog\n|-ability|p1a: Plughead|Beast Boost|boost\n|-boost|p1a: Plughead|spa|1\n|\n|upkeep\n|\n|t:|1700683626\n|switch|p2a: Chonky Tank|Blissey, F|100\/100\n|turn|14\n|\n|t:|1700683657\n|move|p1a: Plughead|Thunderbolt|p2a: Chonky Tank\n|-damage|p2a: Chonky Tank|44\/100\n|move|p2a: Chonky Tank|Ice Beam|p1a: Plughead\n|-damage|p1a: Plughead|78\/100\n|\n|-heal|p2a: Chonky Tank|50\/100|[from] item: Leftovers\n|upkeep\n|turn|15\n|\n|t:|1700683682\n|move|p1a: Plughead|Thunderbolt|p2a: Chonky Tank\n|-damage|p2a: Chonky Tank|0 fnt\n|faint|p2a: Chonky Tank\n|-ability|p1a: Plughead|Beast Boost|boost\n|-boost|p1a: Plughead|spa|1\n|\n|upkeep\n|\n|t:|1700683691\n|switch|p2a: Kakashi|Greninja, F|100\/100\n|turn|16\n|\n|t:|1700683723\n|move|p1a: Plughead|Thunderbolt|p2a: Kakashi\n|-supereffective|p2a: Kakashi\n|-damage|p2a: Kakashi|0 fnt\n|faint|p2a: Kakashi\n|\n|win|Vuridia\n","uploadtime":1700683739,"views":2,"p1id":"vuridia","p2id":"smitty47401","formatid":"gen9nationaldex","rating":0,"private":0,"password":""}