{"id":"gen9nationaldex-1994466068","p1":"qaziizans","p2":"momfr","format":"[Gen 9] National Dex","log":"|j|\u2606qaziizans\n|j|\u2606momfr\n|t:|1700447142\n|gametype|singles\n|player|p1|qaziizans|lass-gen4dp|1110\n|player|p2|momfr|265|1000\n|teamsize|p1|6\n|teamsize|p2|6\n|gen|9\n|tier|[Gen 9] National Dex\n|rated|\n|rule|HP Percentage Mod: HP is shown in percentages\n|rule|Endless Battle Clause: Forcing endless battles is banned\n|rule|OHKO Clause: OHKO moves are banned\n|rule|Evasion Clause: Evasion abilities, items, and moves are banned\n|rule|Evasion Abilities Clause: Evasion abilities are banned\n|rule|Evasion Items Clause: Evasion items are banned\n|rule|Evasion Moves Clause: Evasion moves are banned\n|rule|Species Clause: Limit one of each Pok\u00e9mon\n|rule|Sleep Clause Mod: Limit one foe put to sleep\n|clearpoke\n|poke|p1|Lucario, F|\n|poke|p1|Arbok, F|\n|poke|p1|Swellow, F|\n|poke|p1|Inteleon, F|\n|poke|p1|Gigalith, F|\n|poke|p1|Serperior, M|\n|poke|p2|Snorlax, F|\n|poke|p2|Infernape, F|\n|poke|p2|Heracross, M|\n|poke|p2|Tauros-Paldea-Aqua, M|\n|poke|p2|Skarmory, F|\n|poke|p2|Blissey, F|\n|teampreview\n|\n|t:|1700447165\n|start\n|switch|p1a: Inteleon|Inteleon, F|100\/100\n|switch|p2a: Blissey|Blissey, F|100\/100\n|turn|1\n|\n|t:|1700447175\n|move|p1a: Inteleon|Focus Energy|p1a: Inteleon\n|-start|p1a: Inteleon|move: Focus Energy\n|move|p2a: Blissey|Teleport|p2a: Blissey\n|\n|t:|1700447198\n|switch|p2a: Snorlax|Snorlax, F|100\/100|[from] Teleport\n|\n|upkeep\n|turn|2\n|\n|t:|1700447203\n|move|p1a: Inteleon|Snipe Shot|p2a: Snorlax\n|-crit|p2a: Snorlax\n|-damage|p2a: Snorlax|54\/100\n|move|p2a: Snorlax|Body Slam|p1a: Inteleon\n|-damage|p1a: Inteleon|44\/100\n|-status|p1a: Inteleon|par\n|\n|-heal|p2a: Snorlax|60\/100|[from] item: Leftovers\n|upkeep\n|turn|3\n|\n|t:|1700447211\n|cant|p1a: Inteleon|par\n|move|p2a: Snorlax|Body Slam|p1a: Inteleon\n|-damage|p1a: Inteleon|0 fnt\n|faint|p1a: Inteleon\n|\n|-heal|p2a: Snorlax|66\/100|[from] item: Leftovers\n|upkeep\n|\n|t:|1700447219\n|switch|p1a: Lucario|Lucario, F|100\/100\n|turn|4\n|\n|t:|1700447225\n|switch|p2a: Cow|Tauros-Paldea-Aqua, M|100\/100\n|-ability|p2a: Cow|Intimidate|boost\n|-unboost|p1a: Lucario|atk|1\n|move|p1a: Lucario|Aura Sphere|p2a: Cow\n|-damage|p2a: Cow|40\/100\n|\n|upkeep\n|turn|5\n|\n|t:|1700447234\n|switch|p2a: Blissey|Blissey, F|100\/100\n|move|p1a: Lucario|Psychic|p2a: Blissey\n|-crit|p2a: Blissey\n|-damage|p2a: Blissey|84\/100\n|-unboost|p2a: Blissey|spd|1\n|\n|upkeep\n|turn|6\n|\n|t:|1700447244\n|move|p1a: Lucario|Aura Sphere|p2a: Blissey\n|-supereffective|p2a: Blissey\n|-damage|p2a: Blissey|40\/100\n|move|p2a: Blissey|Teleport|p2a: Blissey\n|\n|t:|1700447257\n|switch|p2a: Chicken|Skarmory, F|100\/100|[from] Teleport\n|\n|upkeep\n|turn|7\n|\n|t:|1700447264\n|move|p1a: Lucario|Aura Sphere|p2a: Chicken\n|-damage|p2a: Chicken|41\/100\n|move|p2a: Chicken|Brave Bird|p1a: Lucario\n|-damage|p1a: Lucario|0 fnt\n|faint|p1a: Lucario\n|-damage|p2a: Chicken|13\/100|[from] Recoil\n|\n|upkeep\n|\n|t:|1700447277\n|switch|p1a: Serperior|Serperior, M|100\/100\n|turn|8\n|\n|t:|1700447296\n|move|p1a: Serperior|Leaf Storm|p2a: Chicken\n|-resisted|p2a: Chicken\n|-damage|p2a: Chicken|0 fnt\n|-boost|p1a: Serperior|spa|2\n|faint|p2a: Chicken\n|\n|upkeep\n|\n|t:|1700447302\n|switch|p2a: Infernape|Infernape, F|100\/100\n|turn|9\n|\n|t:|1700447307\n|move|p1a: Serperior|Leaf Storm|p2a: Infernape\n|-resisted|p2a: Infernape\n|-damage|p2a: Infernape|28\/100\n|-boost|p1a: Serperior|spa|2\n|move|p2a: Infernape|Fire Punch|p1a: Serperior\n|-supereffective|p1a: Serperior\n|-damage|p1a: Serperior|0 fnt\n|faint|p1a: Serperior\n|\n|upkeep\n|j| kung fu pokechu\n|\n|t:|1700447316\n|switch|p1a: Gigalith|Gigalith, F|100\/100\n|-weather|Sandstorm|[from] ability: Sand Stream|[of] p1a: Gigalith\n|turn|10\n|j| Adamanzane\n|\n|t:|1700447345\n|move|p2a: Infernape|Mach Punch|p1a: Gigalith\n|-supereffective|p1a: Gigalith\n|-damage|p1a: Gigalith|63\/100\n|move|p1a: Gigalith|Earthquake|p2a: Infernape\n|-supereffective|p2a: Infernape\n|-damage|p2a: Infernape|0 fnt\n|faint|p2a: Infernape\n|\n|-weather|Sandstorm|[upkeep]\n|upkeep\n|\n|t:|1700447353\n|switch|p2a: Heracross|Heracross, M|100\/100\n|turn|11\n|\n|t:|1700447360\n|move|p2a: Heracross|Trailblaze|p1a: Gigalith\n|-supereffective|p1a: Gigalith\n|-damage|p1a: Gigalith|40\/100\n|-boost|p2a: Heracross|spe|1\n|move|p1a: Gigalith|Rock Slide|p2a: Heracross\n|-damage|p2a: Heracross|38\/100\n|\n|-weather|Sandstorm|[upkeep]\n|-damage|p2a: Heracross|32\/100|[from] Sandstorm\n|-status|p2a: Heracross|brn|[from] item: Flame Orb\n|upkeep\n|turn|12\n|\n|t:|1700447373\n|move|p2a: Heracross|Close Combat|p1a: Gigalith\n|-supereffective|p1a: Gigalith\n|-damage|p1a: Gigalith|0 fnt\n|-unboost|p2a: Heracross|def|1\n|-unboost|p2a: Heracross|spd|1\n|faint|p1a: Gigalith\n|\n|-weather|Sandstorm|[upkeep]\n|-damage|p2a: Heracross|26\/100 brn|[from] Sandstorm\n|-damage|p2a: Heracross|20\/100 brn|[from] brn\n|upkeep\n|\n|t:|1700447377\n|switch|p1a: Swellow|Swellow, F|100\/100\n|turn|13\n|\n|t:|1700447385\n|move|p2a: Heracross|Close Combat|p1a: Swellow\n|-damage|p1a: Swellow|0 fnt\n|-unboost|p2a: Heracross|def|1\n|-unboost|p2a: Heracross|spd|1\n|faint|p1a: Swellow\n|\n|-weather|Sandstorm|[upkeep]\n|-damage|p2a: Heracross|14\/100 brn|[from] Sandstorm\n|-damage|p2a: Heracross|8\/100 brn|[from] brn\n|upkeep\n|\n|t:|1700447388\n|switch|p1a: Arbok|Arbok, F|100\/100\n|turn|14\n|\n|t:|1700447392\n|move|p2a: Heracross|Knock Off|p1a: Arbok\n|-damage|p1a: Arbok|14\/100\n|-enditem|p1a: Arbok|Black Sludge|[from] move: Knock Off|[of] p2a: Heracross\n|move|p1a: Arbok|Dragon Tail|p2a: Heracross\n|-damage|p2a: Heracross|0 fnt\n|faint|p2a: Heracross\n|\n|-weather|Sandstorm|[upkeep]\n|-damage|p1a: Arbok|8\/100|[from] Sandstorm\n|upkeep\n|\n|t:|1700447398\n|switch|p2a: Cow|Tauros-Paldea-Aqua, M|40\/100\n|-ability|p2a: Cow|Intimidate|boost\n|-unboost|p1a: Arbok|atk|1\n|turn|15\n|\n|t:|1700447404\n|move|p2a: Cow|Wave Crash|p1a: Arbok\n|-damage|p1a: Arbok|0 fnt\n|faint|p1a: Arbok\n|-damage|p2a: Cow|38\/100|[from] Recoil\n|\n|win|momfr\n|raw|qaziizans's rating: 1110 &rarr; <strong>1077<\/strong><br \/>(-33 for losing)\n|raw|momfr's rating: 1000 &rarr; <strong>1052<\/strong><br \/>(+52 for winning)\n|l|\u2606qaziizans\n","uploadtime":1700447442,"views":4,"p1id":"qaziizans","p2id":"momfr","formatid":"gen9nationaldex","rating":1052,"private":0,"password":""}