{"id":"gen9nationaldex-1997528915","p1":"Guancho","p2":"RadicalKoala","format":"[Gen 9] National Dex","log":"|html|<div class=\"broadcast-blue\"><strong>[Gen 9] National Dex is currently suspecting Sneasler! For information on how to participate check out the <a href=\"https:\/\/www.smogon.com\/forums\/threads\/sv-national-dex-suspect-8-just-dance.3731534\/\">suspect thread<\/a>.<\/strong><\/div>\n|j|\u2606Guancho\n|j|\u2606RadicalKoala\n|t:|1700820747\n|gametype|singles\n|player|p1|Guancho|169|1318\n|player|p2|RadicalKoala|pokemaniac|1304\n|teamsize|p1|6\n|teamsize|p2|6\n|gen|9\n|tier|[Gen 9] National Dex\n|rated|\n|rule|HP Percentage Mod: HP is shown in percentages\n|rule|Endless Battle Clause: Forcing endless battles is banned\n|rule|OHKO Clause: OHKO moves are banned\n|rule|Evasion Clause: Evasion abilities, items, and moves are banned\n|rule|Evasion Abilities Clause: Evasion abilities are banned\n|rule|Evasion Items Clause: Evasion items are banned\n|rule|Evasion Moves Clause: Evasion moves are banned\n|rule|Species Clause: Limit one of each Pok\u00e9mon\n|rule|Sleep Clause Mod: Limit one foe put to sleep\n|clearpoke\n|poke|p1|Charizard, M|\n|poke|p1|Blastoise, M|\n|poke|p1|Garganacl, M|\n|poke|p1|Heatran, M|\n|poke|p1|Slither Wing|\n|poke|p1|Magnezone|\n|poke|p2|Ogerpon-Wellspring, F|\n|poke|p2|Great Tusk|\n|poke|p2|Pidgeot, F|\n|poke|p2|Volcarona, M|\n|poke|p2|Hatterene, F|\n|poke|p2|Komala, F|\n|teampreview\n|inactive|Battle timer is ON: inactive players will automatically lose when time's up. (requested by Guancho)\n|\n|t:|1700820763\n|start\n|switch|p1a: Garganacl|Garganacl, M|100\/100\n|switch|p2a: Great Tusk|Great Tusk|100\/100\n|turn|1\n|\n|t:|1700820774\n|switch|p1a: Blastoise|Blastoise, M|100\/100\n|move|p2a: Great Tusk|Stealth Rock|p1a: Blastoise\n|-sidestart|p1: Guancho|move: Stealth Rock\n|\n|upkeep\n|turn|2\n|\n|t:|1700820783\n|-end|p2a: Great Tusk|Protosynthesis|[silent]\n|switch|p2a: Ogerpon|Ogerpon-Wellspring, F|100\/100\n|move|p1a: Blastoise|Rapid Spin|p2a: Ogerpon\n|-damage|p2a: Ogerpon|87\/100\n|-boost|p1a: Blastoise|spe|1\n|-sideend|p1: Guancho|Stealth Rock|[from] move: Rapid Spin|[of] p1a: Blastoise\n|\n|upkeep\n|turn|3\n|\n|t:|1700820790\n|-terastallize|p1a: Blastoise|Dragon\n|move|p2a: Ogerpon|Trailblaze|p1a: Blastoise\n|-resisted|p1a: Blastoise\n|-damage|p1a: Blastoise|89\/100\n|-boost|p2a: Ogerpon|spe|1\n|move|p1a: Blastoise|Toxic|p2a: Ogerpon\n|-status|p2a: Ogerpon|tox\n|\n|-heal|p1a: Blastoise|96\/100|[from] item: Leftovers\n|-damage|p2a: Ogerpon|81\/100 tox|[from] psn\n|upkeep\n|turn|4\n|\n|t:|1700820798\n|move|p2a: Ogerpon|Play Rough|p1a: Blastoise\n|-supereffective|p1a: Blastoise\n|-damage|p1a: Blastoise|49\/100\n|move|p1a: Blastoise|Dragon Tail|p2a: Ogerpon\n|-damage|p2a: Ogerpon|58\/100 tox\n|drag|p2a: Komala|Komala, F|100\/100\n|-ability|p2a: Komala|Comatose\n|\n|-heal|p1a: Blastoise|55\/100|[from] item: Leftovers\n|upkeep\n|turn|5\n|\n|t:|1700820809\n|move|p2a: Komala|Knock Off|p1a: Blastoise\n|-damage|p1a: Blastoise|24\/100\n|-enditem|p1a: Blastoise|Leftovers|[from] move: Knock Off|[of] p2a: Komala\n|-damage|p2a: Komala|91\/100|[from] item: Life Orb\n|move|p1a: Blastoise|Dragon Tail|p2a: Komala\n|-damage|p2a: Komala|62\/100\n|drag|p2a: Volcarona|Volcarona, M|100\/100\n|\n|upkeep\n|turn|6\n|\n|t:|1700820819\n|move|p2a: Volcarona|Psychic|p1a: Blastoise\n|-damage|p1a: Blastoise|0 fnt\n|faint|p1a: Blastoise\n|\n|upkeep\n|\n|t:|1700820822\n|switch|p1a: Garganacl|Garganacl, M|100\/100\n|turn|7\n|\n|t:|1700820826\n|-terastallize|p2a: Volcarona|Grass\n|move|p2a: Volcarona|Quiver Dance|p2a: Volcarona\n|-boost|p2a: Volcarona|spa|1\n|-boost|p2a: Volcarona|spd|1\n|-boost|p2a: Volcarona|spe|1\n|move|p1a: Garganacl|Salt Cure|p2a: Volcarona\n|-damage|p2a: Volcarona|78\/100\n|-start|p2a: Volcarona|Salt Cure\n|\n|-damage|p2a: Volcarona|66\/100|[from] Salt Cure\n|upkeep\n|turn|8\n|\n|t:|1700820833\n|switch|p1a: Charizard|Charizard, M|100\/100\n|move|p2a: Volcarona|Giga Drain|p1a: Charizard\n|-resisted|p1a: Charizard\n|-damage|p1a: Charizard|81\/100\n|-heal|p2a: Volcarona|75\/100|[from] drain|[of] p1a: Charizard\n|\n|-damage|p2a: Volcarona|63\/100|[from] Salt Cure\n|upkeep\n|turn|9\n|\n|t:|1700820836\n|detailschange|p1a: Charizard|Charizard-Mega-Y, M\n|-mega|p1a: Charizard|Charizard|Charizardite Y\n|-weather|SunnyDay|[from] ability: Drought|[of] p1a: Charizard\n|move|p2a: Volcarona|Psychic|p1a: Charizard\n|-damage|p1a: Charizard|29\/100\n|move|p1a: Charizard|Flamethrower|p2a: Volcarona\n|-supereffective|p2a: Volcarona\n|-damage|p2a: Volcarona|0 fnt\n|faint|p2a: Volcarona\n|\n|-weather|SunnyDay|[upkeep]\n|upkeep\n|\n|t:|1700820845\n|switch|p2a: Pidgeot|Pidgeot, F|100\/100\n|turn|10\n|\n|t:|1700820850\n|switch|p1a: Heatran|Heatran, M|100\/100\n|detailschange|p2a: Pidgeot|Pidgeot-Mega, F\n|-mega|p2a: Pidgeot|Pidgeot|Pidgeotite\n|move|p2a: Pidgeot|Hurricane|p1a: Heatran\n|-resisted|p1a: Heatran\n|-damage|p1a: Heatran|70\/100\n|-start|p1a: Heatran|confusion\n|\n|-weather|SunnyDay|[upkeep]\n|upkeep\n|turn|11\n|\n|t:|1700820854\n|-activate|p1a: Heatran|confusion\n|move|p1a: Heatran|Eruption|p2a: Pidgeot\n|-damage|p2a: Pidgeot|0 fnt\n|faint|p2a: Pidgeot\n|\n|-weather|SunnyDay|[upkeep]\n|upkeep\n|\n|t:|1700820860\n|switch|p2a: Ogerpon|Ogerpon-Wellspring, F|58\/100 tox\n|turn|12\n|\n|t:|1700820864\n|-activate|p1a: Heatran|confusion\n|-damage|p1a: Heatran|64\/100|[from] confusion\n|move|p2a: Ogerpon|Ivy Cudgel|p1a: Heatran|[anim] Ivy Cudgel Water\n|-supereffective|p1a: Heatran\n|-crit|p1a: Heatran\n|-damage|p1a: Heatran|0 fnt\n|faint|p1a: Heatran\n|\n|-weather|SunnyDay|[upkeep]\n|-damage|p2a: Ogerpon|52\/100 tox|[from] psn\n|upkeep\n|\n|t:|1700820877\n|switch|p1a: Slither Wing|Slither Wing|100\/100\n|-activate|p1a: Slither Wing|ability: Protosynthesis\n|-start|p1a: Slither Wing|protosynthesisatk\n|turn|13\n|\n|t:|1700820887\n|switch|p2a: Great Tusk|Great Tusk|100\/100\n|-activate|p2a: Great Tusk|ability: Protosynthesis\n|-start|p2a: Great Tusk|protosynthesisdef\n|move|p1a: Slither Wing|First Impression|p2a: Great Tusk\n|-resisted|p2a: Great Tusk\n|-damage|p2a: Great Tusk|86\/100\n|-damage|p1a: Slither Wing|84\/100|[from] item: Rocky Helmet|[of] p2a: Great Tusk\n|-damage|p1a: Slither Wing|74\/100|[from] item: Life Orb\n|\n|-weather|none\n|-end|p2a: Great Tusk|Protosynthesis\n|-end|p1a: Slither Wing|Protosynthesis\n|upkeep\n|turn|14\n|\n|t:|1700820900\n|-end|p1a: Slither Wing|Protosynthesis|[silent]\n|switch|p1a: Garganacl|Garganacl, M|100\/100\n|move|p2a: Great Tusk|Stealth Rock|p1a: Garganacl\n|-sidestart|p1: Guancho|move: Stealth Rock\n|\n|upkeep\n|turn|15\n|\n|t:|1700820903\n|move|p2a: Great Tusk|Knock Off|p1a: Garganacl\n|-damage|p1a: Garganacl|85\/100\n|-enditem|p1a: Garganacl|Leftovers|[from] move: Knock Off|[of] p2a: Great Tusk\n|move|p1a: Garganacl|Iron Defense|p1a: Garganacl\n|-boost|p1a: Garganacl|def|2\n|\n|upkeep\n|turn|16\n|\n|t:|1700820909\n|move|p2a: Great Tusk|Body Press|p1a: Garganacl\n|-supereffective|p1a: Garganacl\n|-damage|p1a: Garganacl|63\/100\n|move|p1a: Garganacl|Iron Defense|p1a: Garganacl\n|-boost|p1a: Garganacl|def|2\n|\n|upkeep\n|turn|17\n|\n|t:|1700820915\n|-end|p2a: Great Tusk|Protosynthesis|[silent]\n|switch|p2a: Hatterene|Hatterene, F|100\/100\n|move|p1a: Garganacl|Salt Cure|p2a: Hatterene\n|-damage|p2a: Hatterene|85\/100\n|-start|p2a: Hatterene|Salt Cure\n|\n|-heal|p2a: Hatterene|91\/100|[from] item: Leftovers\n|-damage|p2a: Hatterene|79\/100|[from] Salt Cure\n|upkeep\n|turn|18\n|\n|t:|1700820921\n|move|p1a: Garganacl|Body Press|p2a: Hatterene\n|-resisted|p2a: Hatterene\n|-damage|p2a: Hatterene|56\/100\n|move|p2a: Hatterene|Draining Kiss|p1a: Garganacl\n|-damage|p1a: Garganacl|35\/100\n|-heal|p2a: Hatterene|82\/100|[from] drain|[of] p1a: Garganacl\n|\n|-heal|p2a: Hatterene|88\/100|[from] item: Leftovers\n|-damage|p2a: Hatterene|75\/100|[from] Salt Cure\n|upkeep\n|turn|19\n|\n|t:|1700820930\n|switch|p1a: Magnezone|Magnezone|100\/100\n|-damage|p1a: Magnezone|94\/100|[from] Stealth Rock\n|move|p2a: Hatterene|Draining Kiss|p1a: Magnezone\n|-resisted|p1a: Magnezone\n|-damage|p1a: Magnezone|84\/100\n|-heal|p2a: Hatterene|84\/100|[from] drain|[of] p1a: Magnezone\n|\n|-heal|p2a: Hatterene|89\/100|[from] item: Leftovers\n|-damage|p2a: Hatterene|77\/100|[from] Salt Cure\n|upkeep\n|turn|20\n|\n|t:|1700820934\n|switch|p2a: Komala|Komala, F|62\/100\n|-ability|p2a: Komala|Comatose\n|move|p1a: Magnezone|Flash Cannon|p2a: Komala\n|-damage|p2a: Komala|0 fnt\n|faint|p2a: Komala\n|\n|upkeep\n|\n|t:|1700820940\n|switch|p2a: Great Tusk|Great Tusk|86\/100\n|turn|21\n|\n|t:|1700820943\n|move|p2a: Great Tusk|Body Press|p1a: Magnezone\n|-supereffective|p1a: Magnezone\n|-damage|p1a: Magnezone|0 fnt\n|faint|p1a: Magnezone\n|\n|upkeep\n|\n|t:|1700820947\n|switch|p1a: Charizard|Charizard-Mega-Y, M|29\/100\n|-damage|p1a: Charizard|0 fnt|[from] Stealth Rock\n|faint|p1a: Charizard\n|-message|Guancho forfeited.\n|\n|win|RadicalKoala\n|raw|Guancho's rating: 1318 &rarr; <strong>1297<\/strong><br \/>(-21 for losing)\n|raw|RadicalKoala's rating: 1304 &rarr; <strong>1325<\/strong><br \/>(+21 for winning)\n|l|\u2606Guancho\n","uploadtime":1700820957,"views":4,"p1id":"guancho","p2id":"radicalkoala","formatid":"gen9nationaldex","rating":1297,"private":0,"password":""}