{"id":"gen9nationaldex-1988090205","p1":"WSoldat","p2":"Yazaan","format":"[Gen 9] National Dex","log":"|j|\u2606WSoldat\n|j|\u2606Yazaan\n|t:|1699668312\n|gametype|singles\n|player|p1|WSoldat|n|1172\n|player|p2|Yazaan|veteran|1150\n|teamsize|p1|6\n|teamsize|p2|6\n|gen|9\n|tier|[Gen 9] National Dex\n|rated|\n|rule|HP Percentage Mod: HP is shown in percentages\n|rule|Endless Battle Clause: Forcing endless battles is banned\n|rule|OHKO Clause: OHKO moves are banned\n|rule|Evasion Clause: Evasion abilities, items, and moves are banned\n|rule|Evasion Abilities Clause: Evasion abilities are banned\n|rule|Evasion Items Clause: Evasion items are banned\n|rule|Evasion Moves Clause: Evasion moves are banned\n|rule|Species Clause: Limit one of each Pok\u00e9mon\n|rule|Sleep Clause Mod: Limit one foe put to sleep\n|clearpoke\n|poke|p1|Dragonite, M|\n|poke|p1|Hydreigon, M|\n|poke|p1|Garchomp, M|\n|poke|p1|Goodra-Hisui, M|\n|poke|p1|Corviknight, M|\n|poke|p1|Duraludon, M|\n|poke|p2|Goodra-Hisui, M|\n|poke|p2|Obstagoon, M|\n|poke|p2|Rillaboom, F|\n|poke|p2|Gyarados, F|\n|poke|p2|Talonflame, F|\n|poke|p2|Garganacl, M|\n|teampreview\n|inactive|Battle timer is ON: inactive players will automatically lose when time's up. (requested by WSoldat)\n|\n|t:|1699668322\n|start\n|switch|p1a: HoraDeGarchar|Garchomp, M, shiny|100\/100\n|switch|p2a: Garganacl|Garganacl, M, shiny|100\/100\n|turn|1\n|\n|t:|1699668333\n|move|p1a: HoraDeGarchar|Earthquake|p2a: Garganacl\n|-supereffective|p2a: Garganacl\n|-damage|p2a: Garganacl|33\/100\n|move|p2a: Garganacl|Ice Punch|p1a: HoraDeGarchar\n|-supereffective|p1a: HoraDeGarchar\n|-damage|p1a: HoraDeGarchar|28\/100\n|-damage|p2a: Garganacl|21\/100|[from] ability: Rough Skin|[of] p1a: HoraDeGarchar\n|-damage|p2a: Garganacl|4\/100|[from] item: Rocky Helmet|[of] p1a: HoraDeGarchar\n|\n|upkeep\n|turn|2\n|\n|t:|1699668345\n|move|p1a: HoraDeGarchar|Earthquake|p2a: Garganacl\n|-supereffective|p2a: Garganacl\n|-damage|p2a: Garganacl|0 fnt\n|faint|p2a: Garganacl\n|\n|upkeep\n|\n|t:|1699668355\n|switch|p2a: Gyarados|Gyarados, F, shiny|100\/100\n|turn|3\n|\n|t:|1699668361\n|-terastallize|p2a: Gyarados|Water\n|move|p1a: HoraDeGarchar|Scale Shot|p2a: Gyarados\n|-damage|p2a: Gyarados|85\/100\n|-damage|p2a: Gyarados|68\/100\n|-hitcount|p2a: Gyarados|2\n|-unboost|p1a: HoraDeGarchar|def|1\n|-boost|p1a: HoraDeGarchar|spe|1\n|move|p2a: Gyarados|Dragon Dance|p2a: Gyarados\n|-boost|p2a: Gyarados|atk|1\n|-boost|p2a: Gyarados|spe|1\n|\n|-heal|p2a: Gyarados|74\/100|[from] item: Leftovers\n|upkeep\n|turn|4\n|\n|t:|1699668376\n|move|p1a: HoraDeGarchar|Scale Shot|p2a: Gyarados|[miss]\n|-miss|p1a: HoraDeGarchar|p2a: Gyarados\n|move|p2a: Gyarados|Earthquake|p1a: HoraDeGarchar\n|-damage|p1a: HoraDeGarchar|0 fnt\n|faint|p1a: HoraDeGarchar\n|-ability|p2a: Gyarados|Moxie|boost\n|-boost|p2a: Gyarados|atk|1\n|\n|-heal|p2a: Gyarados|80\/100|[from] item: Leftovers\n|upkeep\n|\n|t:|1699668392\n|switch|p1a: DuraNalgon|Duraludon, M, shiny|100\/100\n|turn|5\n|\n|t:|1699668397\n|move|p1a: DuraNalgon|Thunderbolt|p2a: Gyarados\n|-supereffective|p2a: Gyarados\n|-damage|p2a: Gyarados|15\/100\n|move|p2a: Gyarados|Earthquake|p1a: DuraNalgon\n|-supereffective|p1a: DuraNalgon\n|-damage|p1a: DuraNalgon|0 fnt\n|faint|p1a: DuraNalgon\n|-ability|p2a: Gyarados|Moxie|boost\n|-boost|p2a: Gyarados|atk|1\n|\n|-heal|p2a: Gyarados|21\/100|[from] item: Leftovers\n|upkeep\n|\n|t:|1699668412\n|switch|p1a: Barney|Dragonite, M, shiny|100\/100\n|turn|6\n|\n|t:|1699668420\n|-terastallize|p1a: Barney|Normal\n|move|p1a: Barney|Extreme Speed|p2a: Gyarados\n|-damage|p2a: Gyarados|0 fnt\n|faint|p2a: Gyarados\n|\n|upkeep\n|\n|t:|1699668431\n|switch|p2a: Obstagoon|Obstagoon, M|100\/100\n|turn|7\n|\n|t:|1699668438\n|move|p2a: Obstagoon|Brick Break|p1a: Barney\n|-supereffective|p1a: Barney\n|-damage|p1a: Barney|74\/100\n|-enditem|p1a: Barney|Weakness Policy\n|-boost|p1a: Barney|atk|2|[from] item: Weakness Policy\n|-boost|p1a: Barney|spa|2|[from] item: Weakness Policy\n|move|p1a: Barney|Dragon Dance|p1a: Barney\n|-boost|p1a: Barney|atk|1\n|-boost|p1a: Barney|spe|1\n|\n|-status|p2a: Obstagoon|brn|[from] item: Flame Orb\n|upkeep\n|turn|8\n|\n|t:|1699668455\n|move|p1a: Barney|Extreme Speed|p2a: Obstagoon\n|-damage|p2a: Obstagoon|0 fnt\n|faint|p2a: Obstagoon\n|\n|upkeep\n|\n|t:|1699668461\n|switch|p2a: Rillaboom|Rillaboom, F|100\/100\n|-fieldstart|move: Grassy Terrain|[from] ability: Grassy Surge|[of] p2a: Rillaboom\n|turn|9\n|\n|t:|1699668469\n|move|p1a: Barney|Ice Spinner|p2a: Rillaboom\n|-supereffective|p2a: Rillaboom\n|-damage|p2a: Rillaboom|0 fnt\n|-fieldend|move: Grassy Terrain\n|faint|p2a: Rillaboom\n|\n|upkeep\n|\n|t:|1699668475\n|switch|p2a: Goodra|Goodra-Hisui, M|100\/100\n|turn|10\n|\n|t:|1699668480\n|move|p1a: Barney|Earthquake|p2a: Goodra\n|-supereffective|p2a: Goodra\n|-damage|p2a: Goodra|0 fnt\n|faint|p2a: Goodra\n|\n|upkeep\n|-message|Yazaan forfeited.\n|\n|win|WSoldat\n|raw|WSoldat's rating: 1172 &rarr; <strong>1195<\/strong><br \/>(+23 for winning)\n|raw|Yazaan's rating: 1150 &rarr; <strong>1127<\/strong><br \/>(-23 for losing)\n|l|\u2606Yazaan\n","uploadtime":1699668490,"views":11,"p1id":"wsoldat","p2id":"yazaan","formatid":"gen9nationaldex","rating":1127,"private":0,"password":""}