{"id":"gen9nationaldex-1992741969","p1":"Scornfulbreak80","p2":"caibi107","format":"[Gen 9] National Dex","log":"|j|\u2606Scornfulbreak80\n|j|\u2606caibi107\n|t:|1700231196\n|gametype|singles\n|player|p1|Scornfulbreak80|cynthia-gen4|1572\n|player|p2|caibi107|hilbert|1705\n|teamsize|p1|6\n|teamsize|p2|6\n|gen|9\n|tier|[Gen 9] National Dex\n|rated|\n|rule|HP Percentage Mod: HP is shown in percentages\n|rule|Endless Battle Clause: Forcing endless battles is banned\n|rule|OHKO Clause: OHKO moves are banned\n|rule|Evasion Clause: Evasion abilities, items, and moves are banned\n|rule|Evasion Abilities Clause: Evasion abilities are banned\n|rule|Evasion Items Clause: Evasion items are banned\n|rule|Evasion Moves Clause: Evasion moves are banned\n|rule|Species Clause: Limit one of each Pok\u00e9mon\n|rule|Sleep Clause Mod: Limit one foe put to sleep\n|clearpoke\n|poke|p1|Blissey, F|\n|poke|p1|Dondozo, F|\n|poke|p1|Zapdos|\n|poke|p1|Ogerpon-Wellspring, F|\n|poke|p1|Grimmsnarl, M|\n|poke|p1|Gardevoir, F|\n|poke|p2|Feraligatr, F|\n|poke|p2|Manectric, M|\n|poke|p2|Ferrothorn, M|\n|poke|p2|Tornadus-Therian, M|\n|poke|p2|Rillaboom, M|\n|poke|p2|Dragonite, F|\n|teampreview\n|inactive|Battle timer is ON: inactive players will automatically lose when time's up. (requested by Scornfulbreak80)\n|\n|t:|1700231215\n|start\n|switch|p1a: Gardevoir|Gardevoir, F|100\/100\n|switch|p2a: Rillaboom|Rillaboom, M|100\/100\n|-fieldstart|move: Grassy Terrain|[from] ability: Grassy Surge|[of] p2a: Rillaboom\n|-ability|p1a: Gardevoir|Grassy Surge|[from] ability: Trace|[of] p2a: Rillaboom\n|turn|1\n|\n|t:|1700231223\n|switch|p2a: Tornadus|Tornadus-Therian, M|100\/100\n|switch|p1a: Zapdos|Zapdos|100\/100\n|\n|upkeep\n|turn|2\n|\n|t:|1700231231\n|switch|p2a: Manectric|Manectric, M|100\/100\n|move|p1a: Zapdos|Volt Switch|p2a: Manectric\n|-ability|p2a: Manectric|Lightning Rod|boost\n|-boost|p2a: Manectric|spa|1\n|\n|upkeep\n|turn|3\n|\n|t:|1700231239\n|switch|p1a: Blissey|Blissey, F|100\/100\n|detailschange|p2a: Manectric|Manectric-Mega, M\n|-mega|p2a: Manectric|Manectric|Manectite\n|-ability|p2a: Manectric|Intimidate|boost\n|-unboost|p1a: Blissey|atk|1\n|move|p2a: Manectric|Volt Switch|p1a: Blissey\n|-damage|p1a: Blissey|79\/100\n|\n|t:|1700231251\n|switch|p2a: Rillaboom|Rillaboom, M|100\/100|[from] Volt Switch\n|\n|-heal|p1a: Blissey|85\/100|[from] Grassy Terrain\n|upkeep\n|turn|4\n|\n|t:|1700231254\n|switch|p1a: Zapdos|Zapdos|100\/100\n|-terastallize|p2a: Rillaboom|Rock\n|move|p2a: Rillaboom|Tera Blast|p1a: Zapdos|[anim] Tera Blast Rock\n|-supereffective|p1a: Zapdos\n|-damage|p1a: Zapdos|13\/100\n|\n|upkeep\n|turn|5\n|\n|t:|1700231260\n|move|p2a: Rillaboom|Tera Blast|p1a: Zapdos|[anim] Tera Blast Rock\n|-supereffective|p1a: Zapdos\n|-damage|p1a: Zapdos|0 fnt\n|faint|p1a: Zapdos\n|\n|-fieldend|move: Grassy Terrain\n|upkeep\n|\n|t:|1700231265\n|switch|p1a: Ogerpon|Ogerpon-Wellspring, F|100\/100\n|turn|6\n|\n|t:|1700231275\n|switch|p2a: Manectric|Manectric-Mega, M|100\/100\n|-ability|p2a: Manectric|Intimidate|boost\n|-unboost|p1a: Ogerpon|atk|1\n|move|p1a: Ogerpon|Swords Dance|p1a: Ogerpon\n|-boost|p1a: Ogerpon|atk|2\n|\n|upkeep\n|turn|7\n|\n|t:|1700231282\n|move|p2a: Manectric|Volt Switch|p1a: Ogerpon\n|-damage|p1a: Ogerpon|54\/100\n|\n|t:|1700231290\n|switch|p2a: Ferrothorn|Ferrothorn, M|100\/100|[from] Volt Switch\n|move|p1a: Ogerpon|Ivy Cudgel|p2a: Ferrothorn|[anim] Ivy Cudgel Water\n|-resisted|p2a: Ferrothorn\n|-damage|p2a: Ferrothorn|76\/100\n|\n|-heal|p2a: Ferrothorn|82\/100|[from] item: Leftovers\n|upkeep\n|turn|8\n|\n|t:|1700231298\n|switch|p1a: Grimmsnarl|Grimmsnarl, M|100\/100\n|move|p2a: Ferrothorn|Gyro Ball|p1a: Grimmsnarl\n|-supereffective|p1a: Grimmsnarl\n|-crit|p1a: Grimmsnarl\n|-damage|p1a: Grimmsnarl|0 fnt\n|faint|p1a: Grimmsnarl\n|\n|-heal|p2a: Ferrothorn|88\/100|[from] item: Leftovers\n|upkeep\n|-message|Scornfulbreak80 forfeited.\n|\n|win|caibi107\n|raw|Scornfulbreak80's rating: 1572 &rarr; <strong>1559<\/strong><br \/>(-13 for losing)\n|raw|caibi107's rating: 1705 &rarr; <strong>1718<\/strong><br \/>(+13 for winning)\n|l|\u2606Scornfulbreak80\n|l|\u2606caibi107\n","uploadtime":1700231613,"views":5,"p1id":"scornfulbreak80","p2id":"caibi107","formatid":"gen9nationaldex","rating":1559,"private":0,"password":""}