{"id":"gen9nationaldex-1991798453","p1":"runeatest","p2":"Drew ross","format":"[Gen 9] National Dex","log":"|j|\u2606runeatest\n|j|\u2606Drew ross\n|t:|1700119384\n|gametype|singles\n|player|p1|runeatest|fisherman-gen4|1117\n|player|p2|Drew ross|266|1154\n|teamsize|p1|6\n|teamsize|p2|6\n|gen|9\n|tier|[Gen 9] National Dex\n|rated|\n|rule|HP Percentage Mod: HP is shown in percentages\n|rule|Endless Battle Clause: Forcing endless battles is banned\n|rule|OHKO Clause: OHKO moves are banned\n|rule|Evasion Clause: Evasion abilities, items, and moves are banned\n|rule|Evasion Abilities Clause: Evasion abilities are banned\n|rule|Evasion Items Clause: Evasion items are banned\n|rule|Evasion Moves Clause: Evasion moves are banned\n|rule|Species Clause: Limit one of each Pok\u00e9mon\n|rule|Sleep Clause Mod: Limit one foe put to sleep\n|clearpoke\n|poke|p1|Vaporeon, M|\n|poke|p1|Salamence, M|\n|poke|p1|Hitmontop, M|\n|poke|p1|Electivire, M|\n|poke|p1|Togekiss, M|\n|poke|p1|Houndoom, M|\n|poke|p2|Garchomp, F|\n|poke|p2|Roserade, M|\n|poke|p2|Spiritomb, M|\n|poke|p2|Togekiss, M|\n|poke|p2|Milotic, M|\n|poke|p2|Gastrodon-East, F|\n|teampreview\n|inactive|Battle timer is ON: inactive players will automatically lose when time's up. (requested by runeatest)\n|\n|t:|1700119398\n|start\n|switch|p1a: Salamence|Salamence, M|100\/100\n|switch|p2a: Spiritomb|Spiritomb, M|100\/100\n|-ability|p1a: Salamence|Intimidate|boost\n|-unboost|p2a: Spiritomb|atk|1\n|turn|1\n|\n|t:|1700119409\n|switch|p2a: Togekiss|Togekiss, M|100\/100\n|move|p1a: Salamence|Draco Meteor|p2a: Togekiss\n|-immune|p2a: Togekiss\n|\n|upkeep\n|turn|2\n|\n|t:|1700119419\n|switch|p1a: Togekiss|Togekiss, M, shiny|100\/100\n|move|p2a: Togekiss|Thunder Wave|p1a: Togekiss\n|-status|p1a: Togekiss|par\n|-enditem|p1a: Togekiss|Lum Berry|[eat]\n|-curestatus|p1a: Togekiss|par|[msg]\n|\n|upkeep\n|turn|3\n|\n|t:|1700119426\n|move|p2a: Togekiss|Thunder Wave|p1a: Togekiss\n|-status|p1a: Togekiss|par\n|move|p1a: Togekiss|Thunder Wave|p2a: Togekiss\n|-status|p2a: Togekiss|par\n|\n|upkeep\n|turn|4\n|\n|t:|1700119442\n|switch|p1a: Vaporeon|Vaporeon, M|100\/100\n|cant|p2a: Togekiss|par\n|\n|upkeep\n|turn|5\n|\n|t:|1700119449\n|switch|p2a: Gastrodon|Gastrodon-East, F|100\/100\n|move|p1a: Vaporeon|Ice Beam|p2a: Gastrodon\n|-damage|p2a: Gastrodon|73\/100\n|-status|p2a: Gastrodon|frz\n|\n|-heal|p2a: Gastrodon|79\/100 frz|[from] item: Leftovers\n|upkeep\n|turn|6\n|\n|t:|1700119458\n|move|p1a: Vaporeon|Heal Bell|p1a: Vaporeon\n|-activate|p1a: Vaporeon|move: Heal Bell\n|-curestatus|p1: Togekiss|par|[msg]\n|cant|p2a: Gastrodon|frz\n|\n|-heal|p2a: Gastrodon|85\/100 frz|[from] item: Leftovers\n|upkeep\n|turn|7\n|\n|t:|1700119465\n|move|p1a: Vaporeon|Ice Beam|p2a: Gastrodon\n|-damage|p2a: Gastrodon|58\/100 frz\n|cant|p2a: Gastrodon|frz\n|\n|-heal|p2a: Gastrodon|64\/100 frz|[from] item: Leftovers\n|upkeep\n|turn|8\n|\n|t:|1700119471\n|move|p1a: Vaporeon|Ice Beam|p2a: Gastrodon\n|-damage|p2a: Gastrodon|33\/100 frz\n|cant|p2a: Gastrodon|frz\n|\n|-heal|p2a: Gastrodon|39\/100 frz|[from] item: Leftovers\n|upkeep\n|turn|9\n|\n|t:|1700119478\n|move|p1a: Vaporeon|Ice Beam|p2a: Gastrodon\n|-damage|p2a: Gastrodon|10\/100 frz\n|cant|p2a: Gastrodon|frz\n|\n|-heal|p2a: Gastrodon|16\/100 frz|[from] item: Leftovers\n|upkeep\n|turn|10\n|\n|t:|1700119484\n|move|p1a: Vaporeon|Ice Beam|p2a: Gastrodon\n|-damage|p2a: Gastrodon|0 fnt\n|faint|p2a: Gastrodon\n|\n|upkeep\n|\n|t:|1700119492\n|switch|p2a: Spiritomb|Spiritomb, M|100\/100\n|turn|11\n|\n|t:|1700119495\n|move|p1a: Vaporeon|Hydro Pump|p2a: Spiritomb\n|-damage|p2a: Spiritomb|43\/100\n|move|p2a: Spiritomb|Shadow Ball|p1a: Vaporeon\n|-damage|p1a: Vaporeon|69\/100\n|\n|-heal|p1a: Vaporeon|75\/100|[from] item: Leftovers\n|upkeep\n|turn|12\n|\n|t:|1700119502\n|move|p1a: Vaporeon|Hydro Pump|p2a: Spiritomb\n|-damage|p2a: Spiritomb|0 fnt\n|faint|p2a: Spiritomb\n|\n|-heal|p1a: Vaporeon|82\/100|[from] item: Leftovers\n|upkeep\n|\n|t:|1700119505\n|switch|p2a: Roserade|Roserade, M|100\/100\n|turn|13\n|\n|t:|1700119510\n|switch|p1a: Salamence|Salamence, M|100\/100\n|-ability|p1a: Salamence|Intimidate|boost\n|-unboost|p2a: Roserade|atk|1\n|move|p2a: Roserade|Leaf Storm|p1a: Salamence\n|-resisted|p1a: Salamence\n|-damage|p1a: Salamence|76\/100\n|-unboost|p2a: Roserade|spa|2\n|\n|upkeep\n|turn|14\n|\n|t:|1700119518\n|switch|p2a: Milotic|Milotic, M|100\/100\n|move|p1a: Salamence|Air Slash|p2a: Milotic\n|-damage|p2a: Milotic|55\/100\n|\n|-heal|p2a: Milotic|61\/100|[from] item: Leftovers\n|upkeep\n|turn|15\n|\n|t:|1700119525\n|switch|p1a: Vaporeon|Vaporeon, M|82\/100\n|move|p2a: Milotic|Coil|p2a: Milotic\n|-boost|p2a: Milotic|atk|1\n|-boost|p2a: Milotic|def|1\n|-boost|p2a: Milotic|accuracy|1\n|\n|-heal|p2a: Milotic|67\/100|[from] item: Leftovers\n|-heal|p1a: Vaporeon|88\/100|[from] item: Leftovers\n|upkeep\n|turn|16\n|\n|t:|1700119534\n|move|p2a: Milotic|Coil|p2a: Milotic\n|-boost|p2a: Milotic|atk|1\n|-boost|p2a: Milotic|def|1\n|-boost|p2a: Milotic|accuracy|1\n|move|p1a: Vaporeon|Hidden Power|p2a: Milotic\n|-supereffective|p2a: Milotic\n|-damage|p2a: Milotic|32\/100\n|\n|-heal|p2a: Milotic|38\/100|[from] item: Leftovers\n|-heal|p1a: Vaporeon|94\/100|[from] item: Leftovers\n|upkeep\n|turn|17\n|\n|t:|1700119544\n|move|p2a: Milotic|Hypnosis|p1a: Vaporeon\n|-status|p1a: Vaporeon|slp|[from] move: Hypnosis\n|cant|p1a: Vaporeon|slp\n|\n|-heal|p2a: Milotic|44\/100|[from] item: Leftovers\n|-heal|p1a: Vaporeon|99\/100 slp|[from] item: Leftovers\n|upkeep\n|turn|18\n|\n|t:|1700119553\n|switch|p1a: Togekiss|Togekiss, M, shiny|100\/100\n|move|p2a: Milotic|Dragon Pulse|p1a: Togekiss\n|-immune|p1a: Togekiss\n|\n|-heal|p2a: Milotic|50\/100|[from] item: Leftovers\n|upkeep\n|turn|19\n|\n|t:|1700119560\n|move|p2a: Milotic|Hydro Pump|p1a: Togekiss\n|-damage|p1a: Togekiss|57\/100\n|move|p1a: Togekiss|Air Slash|p2a: Milotic\n|-damage|p2a: Milotic|21\/100\n|\n|-heal|p2a: Milotic|27\/100|[from] item: Leftovers\n|upkeep\n|turn|20\n|\n|t:|1700119567\n|move|p2a: Milotic|Dragon Pulse|p1a: Togekiss\n|-immune|p1a: Togekiss\n|move|p1a: Togekiss|Air Slash|p2a: Milotic\n|-damage|p2a: Milotic|0 fnt\n|faint|p2a: Milotic\n|\n|upkeep\n|-message|Drew ross forfeited.\n|\n|win|runeatest\n|raw|runeatest's rating: 1117 &rarr; <strong>1145<\/strong><br \/>(+28 for winning)\n|raw|Drew ross's rating: 1154 &rarr; <strong>1126<\/strong><br \/>(-28 for losing)\n|l|\u2606Drew ross\n","uploadtime":1700119579,"views":6,"p1id":"runeatest","p2id":"drewross","formatid":"gen9nationaldex","rating":1126,"private":0,"password":""}