{"id":"gen9nationaldex-1994798536","p1":"SrPorquet","p2":"walcz thurzu","format":"[Gen 9] National Dex","log":"|html|<div class=\"broadcast-blue\"><strong>[Gen 9] National Dex is currently suspecting Sneasler! For information on how to participate check out the <a href=\"https:\/\/www.smogon.com\/forums\/threads\/sv-national-dex-suspect-8-just-dance.3731534\/\">suspect thread<\/a>.<\/strong><\/div>\n|j|\u203dSrPorquet\n|j|\u2606walcz thurzu\n|t:|1700493816\n|gametype|singles\n|player|p1|SrPorquet|falkner|1043\n|player|p2|walcz thurzu|red|1104\n|teamsize|p1|6\n|teamsize|p2|6\n|gen|9\n|tier|[Gen 9] National Dex\n|rated|\n|rule|HP Percentage Mod: HP is shown in percentages\n|rule|Endless Battle Clause: Forcing endless battles is banned\n|rule|OHKO Clause: OHKO moves are banned\n|rule|Evasion Clause: Evasion abilities, items, and moves are banned\n|rule|Evasion Abilities Clause: Evasion abilities are banned\n|rule|Evasion Items Clause: Evasion items are banned\n|rule|Evasion Moves Clause: Evasion moves are banned\n|rule|Species Clause: Limit one of each Pok\u00e9mon\n|rule|Sleep Clause Mod: Limit one foe put to sleep\n|clearpoke\n|poke|p1|Pidgeot, M|\n|poke|p1|Magmortar, M|\n|poke|p1|Raichu, F|\n|poke|p1|Clefable, M|\n|poke|p1|Vileplume, M|\n|poke|p1|Politoed, M|\n|poke|p2|Turtonator, M|\n|poke|p2|Heracross, M|\n|poke|p2|Milotic, M|\n|poke|p2|Regirock|\n|poke|p2|Bellossom, M|\n|poke|p2|Ampharos, M|\n|teampreview\n|\n|t:|1700493838\n|start\n|switch|p1a: Raichu|Raichu, F|100\/100\n|switch|p2a: Milotic|Milotic, M|100\/100\n|turn|1\n|\n|t:|1700493847\n|move|p1a: Raichu|Nuzzle|p2a: Milotic\n|-supereffective|p2a: Milotic\n|-damage|p2a: Milotic|75\/100\n|-status|p2a: Milotic|par\n|-damage|p1a: Raichu|91\/100|[from] item: Life Orb\n|move|p2a: Milotic|Dragon Pulse|p1a: Raichu\n|-damage|p1a: Raichu|47\/100\n|\n|-heal|p2a: Milotic|81\/100 par|[from] item: Leftovers\n|upkeep\n|turn|2\n|\n|t:|1700493858\n|switch|p1a: Vileplume|Vileplume, M|100\/100\n|move|p2a: Milotic|Dragon Pulse|p1a: Vileplume\n|-damage|p1a: Vileplume|75\/100\n|\n|-heal|p1a: Vileplume|81\/100|[from] item: Leftovers\n|-heal|p2a: Milotic|87\/100 par|[from] item: Leftovers\n|upkeep\n|turn|3\n|\n|t:|1700493866\n|move|p1a: Vileplume|Toxic||[still]\n|-fail|p1a: Vileplume\n|move|p2a: Milotic|Ice Beam|p1a: Vileplume\n|-supereffective|p1a: Vileplume\n|-damage|p1a: Vileplume|21\/100\n|\n|-heal|p1a: Vileplume|27\/100|[from] item: Leftovers\n|-heal|p2a: Milotic|93\/100 par|[from] item: Leftovers\n|upkeep\n|turn|4\n|\n|t:|1700493875\n|move|p1a: Vileplume|Giga Drain|p2a: Milotic\n|-supereffective|p2a: Milotic\n|-damage|p2a: Milotic|49\/100 par\n|-heal|p1a: Vileplume|50\/100|[from] drain|[of] p2a: Milotic\n|move|p2a: Milotic|Ice Beam|p1a: Vileplume\n|-supereffective|p1a: Vileplume\n|-damage|p1a: Vileplume|0 fnt\n|faint|p1a: Vileplume\n|\n|-heal|p2a: Milotic|55\/100 par|[from] item: Leftovers\n|upkeep\n|\n|t:|1700493881\n|switch|p1a: Raichu|Raichu, F|47\/100\n|turn|5\n|\n|t:|1700493909\n|move|p1a: Raichu|Volt Tackle|p2a: Milotic\n|-supereffective|p2a: Milotic\n|-damage|p2a: Milotic|0 fnt\n|faint|p2a: Milotic\n|-damage|p1a: Raichu|24\/100|[from] Recoil\n|-damage|p1a: Raichu|14\/100|[from] item: Life Orb\n|\n|upkeep\n|\n|t:|1700493918\n|switch|p2a: Regirock|Regirock|100\/100\n|turn|6\n|\n|t:|1700493925\n|move|p1a: Raichu|Nuzzle|p2a: Regirock\n|-damage|p2a: Regirock|94\/100\n|-status|p2a: Regirock|par\n|-damage|p1a: Raichu|4\/100|[from] item: Life Orb\n|cant|p2a: Regirock|par\n|\n|upkeep\n|turn|7\n|\n|t:|1700493935\n|switch|p1a: Politoed|Politoed, M|100\/100\n|cant|p2a: Regirock|par\n|\n|upkeep\n|turn|8\n|\n|t:|1700493940\n|switch|p2a: Bellossom|Bellossom, M|100\/100\n|move|p1a: Politoed|Surf|p2a: Bellossom\n|-resisted|p2a: Bellossom\n|-damage|p2a: Bellossom|78\/100\n|\n|-heal|p2a: Bellossom|84\/100|[from] item: Leftovers\n|upkeep\n|turn|9\n|\n|t:|1700493958\n|switch|p1a: Pidgeot|Pidgeot, M|100\/100\n|move|p2a: Bellossom|Sleep Powder|p1a: Pidgeot\n|-status|p1a: Pidgeot|slp|[from] move: Sleep Powder\n|\n|-heal|p2a: Bellossom|91\/100|[from] item: Leftovers\n|upkeep\n|turn|10\n|\n|t:|1700493966\n|detailschange|p1a: Pidgeot|Pidgeot-Mega, M\n|-mega|p1a: Pidgeot|Pidgeot|Pidgeotite\n|cant|p1a: Pidgeot|slp\n|move|p2a: Bellossom|Quiver Dance|p2a: Bellossom\n|-boost|p2a: Bellossom|spa|1\n|-boost|p2a: Bellossom|spd|1\n|-boost|p2a: Bellossom|spe|1\n|\n|-heal|p2a: Bellossom|97\/100|[from] item: Leftovers\n|upkeep\n|turn|11\n|\n|t:|1700493974\n|-curestatus|p1a: Pidgeot|slp|[msg]\n|move|p1a: Pidgeot|Hurricane|p2a: Bellossom\n|-supereffective|p2a: Bellossom\n|-damage|p2a: Bellossom|1\/100\n|-start|p2a: Bellossom|confusion\n|-activate|p2a: Bellossom|confusion\n|move|p2a: Bellossom|Quiver Dance|p2a: Bellossom\n|-boost|p2a: Bellossom|spa|1\n|-boost|p2a: Bellossom|spd|1\n|-boost|p2a: Bellossom|spe|1\n|\n|-heal|p2a: Bellossom|7\/100|[from] item: Leftovers\n|upkeep\n|turn|12\n|\n|t:|1700493985\n|-end|p2a: Bellossom|confusion\n|move|p2a: Bellossom|Sleep Powder|p1a: Pidgeot\n|-status|p1a: Pidgeot|slp|[from] move: Sleep Powder\n|cant|p1a: Pidgeot|slp\n|\n|-heal|p2a: Bellossom|14\/100|[from] item: Leftovers\n|upkeep\n|turn|13\n|\n|t:|1700493999\n|switch|p1a: Raichu|Raichu, F|4\/100\n|move|p2a: Bellossom|Dazzling Gleam|p1a: Raichu\n|-damage|p1a: Raichu|0 fnt\n|faint|p1a: Raichu\n|\n|-heal|p2a: Bellossom|20\/100|[from] item: Leftovers\n|upkeep\n|\n|t:|1700494003\n|switch|p1a: Magmortar|Magmortar, M|100\/100\n|turn|14\n|\n|t:|1700494012\n|move|p2a: Bellossom|Sleep Powder|p1a: Magmortar\n|-immune|p1a: Magmortar|[from] ability: Vital Spirit\n|move|p1a: Magmortar|Flamethrower|p2a: Bellossom\n|-supereffective|p2a: Bellossom\n|-damage|p2a: Bellossom|0 fnt\n|faint|p2a: Bellossom\n|\n|upkeep\n|\n|t:|1700494021\n|switch|p2a: Turtonator|Turtonator, M|100\/100\n|turn|15\n|\n|t:|1700494025\n|move|p1a: Magmortar|Scorching Sands|p2a: Turtonator\n|-supereffective|p2a: Turtonator\n|-damage|p2a: Turtonator|18\/100\n|move|p2a: Turtonator|Shell Smash|p2a: Turtonator\n|-unboost|p2a: Turtonator|def|1\n|-unboost|p2a: Turtonator|spd|1\n|-boost|p2a: Turtonator|atk|2\n|-boost|p2a: Turtonator|spa|2\n|-boost|p2a: Turtonator|spe|2\n|-enditem|p2a: Turtonator|White Herb\n|-clearnegativeboost|p2a: Turtonator|[silent]\n|\n|upkeep\n|turn|16\n|\n|t:|1700494038\n|move|p2a: Turtonator|Earthquake|p1a: Magmortar\n|-supereffective|p1a: Magmortar\n|-damage|p1a: Magmortar|0 fnt\n|faint|p1a: Magmortar\n|\n|upkeep\n|\n|t:|1700494045\n|switch|p1a: Politoed|Politoed, M|100\/100\n|turn|17\n|\n|t:|1700494050\n|move|p2a: Turtonator|Dragon Claw|p1a: Politoed\n|-crit|p1a: Politoed\n|-damage|p1a: Politoed|0 fnt\n|faint|p1a: Politoed\n|\n|upkeep\n|\n|t:|1700494056\n|switch|p1a: Clefable|Clefable, M|100\/100\n|turn|18\n|\n|t:|1700494059\n|move|p2a: Turtonator|Burning Jealousy|p1a: Clefable\n|-damage|p1a: Clefable|61\/100\n|move|p1a: Clefable|Moonblast|p2a: Turtonator\n|-damage|p2a: Turtonator|0 fnt\n|faint|p2a: Turtonator\n|\n|upkeep\n|\n|t:|1700494069\n|switch|p2a: Ampharos|Ampharos, M|100\/100\n|turn|19\n|\n|t:|1700494074\n|move|p1a: Clefable|Soft-Boiled|p1a: Clefable\n|-heal|p1a: Clefable|100\/100\n|move|p2a: Ampharos|Power Gem|p1a: Clefable\n|-damage|p1a: Clefable|75\/100\n|\n|upkeep\n|turn|20\n|\n|t:|1700494079\n|move|p1a: Clefable|Calm Mind|p1a: Clefable\n|-boost|p1a: Clefable|spa|1\n|-boost|p1a: Clefable|spd|1\n|move|p2a: Ampharos|Cotton Guard|p2a: Ampharos\n|-boost|p2a: Ampharos|def|3\n|\n|upkeep\n|turn|21\n|\n|t:|1700494085\n|move|p1a: Clefable|Calm Mind|p1a: Clefable\n|-boost|p1a: Clefable|spa|1\n|-boost|p1a: Clefable|spd|1\n|move|p2a: Ampharos|Thunderbolt|p1a: Clefable\n|-damage|p1a: Clefable|53\/100\n|\n|upkeep\n|turn|22\n|\n|t:|1700494094\n|move|p1a: Clefable|Soft-Boiled|p1a: Clefable\n|-heal|p1a: Clefable|100\/100\n|move|p2a: Ampharos|Thunderbolt|p1a: Clefable\n|-damage|p1a: Clefable|80\/100\n|\n|upkeep\n|turn|23\n|\n|t:|1700494099\n|move|p1a: Clefable|Moonblast|p2a: Ampharos\n|-damage|p2a: Ampharos|11\/100\n|-unboost|p2a: Ampharos|spa|1\n|move|p2a: Ampharos|Thunderbolt|p1a: Clefable\n|-damage|p1a: Clefable|66\/100\n|\n|upkeep\n|turn|24\n|\n|t:|1700494107\n|move|p1a: Clefable|Calm Mind|p1a: Clefable\n|-boost|p1a: Clefable|spa|1\n|-boost|p1a: Clefable|spd|1\n|move|p2a: Ampharos|Thunderbolt|p1a: Clefable\n|-damage|p1a: Clefable|54\/100\n|\n|upkeep\n|turn|25\n|\n|t:|1700494115\n|move|p1a: Clefable|Soft-Boiled|p1a: Clefable\n|-heal|p1a: Clefable|100\/100\n|move|p2a: Ampharos|Thunderbolt|p1a: Clefable\n|-damage|p1a: Clefable|90\/100\n|\n|upkeep\n|turn|26\n|\n|t:|1700494120\n|move|p1a: Clefable|Flamethrower|p2a: Ampharos\n|-damage|p2a: Ampharos|0 fnt\n|faint|p2a: Ampharos\n|\n|upkeep\n|\n|t:|1700494125\n|switch|p2a: Heracross|Heracross, M|100\/100\n|turn|27\n|\n|t:|1700494133\n|-terastallize|p2a: Heracross|Rock\n|move|p2a: Heracross|Rock Slide|p1a: Clefable|[miss]\n|-miss|p2a: Heracross|p1a: Clefable\n|move|p1a: Clefable|Moonblast|p2a: Heracross\n|-damage|p2a: Heracross|0 fnt\n|faint|p2a: Heracross\n|\n|upkeep\n|\n|t:|1700494141\n|switch|p2a: Regirock|Regirock|94\/100 par\n|turn|28\n|\n|t:|1700494145\n|move|p1a: Clefable|Moonblast|p2a: Regirock\n|-damage|p2a: Regirock|11\/100 par\n|cant|p2a: Regirock|par\n|\n|upkeep\n|turn|29\n|-message|walcz thurzu forfeited.\n|\n|win|SrPorquet\n|raw|SrPorquet's rating: 1043 &rarr; <strong>1082<\/strong><br \/>(+39 for winning)\n|raw|walcz thurzu's rating: 1104 &rarr; <strong>1075<\/strong><br \/>(-29 for losing)\n|l|\u2606walcz thurzu\n","uploadtime":1700494154,"views":2,"p1id":"srporquet","p2id":"walczthurzu","formatid":"gen9nationaldex","rating":1075,"private":0,"password":""}