{"id":"gen9nationaldex-1989390069","p1":"Finkle2","p2":"Swagdestroyer76","format":"[Gen 9] National Dex","log":"|j|\u2606Finkle2\n|j|\u2606Swagdestroyer76\n|t:|1699844151\n|gametype|singles\n|player|p1|Finkle2|teamrocket|\n|player|p2|Swagdestroyer76|blackbelt-gen4dp|\n|teamsize|p1|6\n|teamsize|p2|6\n|gen|9\n|tier|[Gen 9] National Dex\n|rule|HP Percentage Mod: HP is shown in percentages\n|rule|Endless Battle Clause: Forcing endless battles is banned\n|rule|OHKO Clause: OHKO moves are banned\n|rule|Evasion Clause: Evasion abilities, items, and moves are banned\n|rule|Evasion Abilities Clause: Evasion abilities are banned\n|rule|Evasion Items Clause: Evasion items are banned\n|rule|Evasion Moves Clause: Evasion moves are banned\n|rule|Species Clause: Limit one of each Pok\u00e9mon\n|rule|Sleep Clause Mod: Limit one foe put to sleep\n|clearpoke\n|poke|p1|Lopunny, F|\n|poke|p1|Goodra-Hisui, M|\n|poke|p1|Ceruledge, M|\n|poke|p1|Aerodactyl, M|\n|poke|p1|Gyarados, F|\n|poke|p1|Tapu Koko|\n|poke|p2|Dragalge, F|\n|poke|p2|Charizard, F|\n|poke|p2|Venusaur, M|\n|poke|p2|Espeon, F|\n|poke|p2|Dubwool, F|\n|poke|p2|Eelektross, F|\n|teampreview\n|\n|t:|1699844204\n|start\n|switch|p1a: Kevin Cut|Ceruledge, M|100\/100\n|switch|p2a: Espeon|Espeon, F|100\/100\n|turn|1\n|\n|t:|1699844210\n|move|p2a: Espeon|Psychic|p1a: Kevin Cut\n|-damage|p1a: Kevin Cut|48\/100\n|move|p1a: Kevin Cut|Swords Dance|p1a: Kevin Cut\n|-boost|p1a: Kevin Cut|atk|2\n|\n|upkeep\n|turn|2\n|\n|t:|1699844216\n|move|p1a: Kevin Cut|Shadow Sneak|p2a: Espeon\n|-supereffective|p2a: Espeon\n|-crit|p2a: Espeon\n|-damage|p2a: Espeon|0 fnt\n|-damage|p1a: Kevin Cut|31\/100|[from] item: Rocky Helmet|[of] p2a: Espeon\n|faint|p2a: Espeon\n|\n|upkeep\n|\n|t:|1699844246\n|switch|p2a: Charizard|Charizard, F, shiny|100\/100\n|turn|3\n|\n|t:|1699844253\n|detailschange|p2a: Charizard|Charizard-Mega-Y, F, shiny\n|-mega|p2a: Charizard|Charizard|Charizardite Y\n|-weather|SunnyDay|[from] ability: Drought|[of] p2a: Charizard\n|move|p1a: Kevin Cut|Shadow Sneak|p2a: Charizard\n|-damage|p2a: Charizard|45\/100\n|move|p2a: Charizard|Flamethrower|p1a: Kevin Cut\n|-resisted|p1a: Kevin Cut\n|-damage|p1a: Kevin Cut|0 fnt\n|faint|p1a: Kevin Cut\n|\n|-weather|SunnyDay|[upkeep]\n|upkeep\n|\n|t:|1699844271\n|switch|p1a: Batman|Lopunny, F|100\/100\n|turn|4\n|\n|t:|1699844278\n|detailschange|p1a: Batman|Lopunny-Mega, F\n|-mega|p1a: Batman|Lopunny|Lopunnite\n|move|p1a: Batman|Fake Out|p2a: Charizard\n|-crit|p2a: Charizard\n|-damage|p2a: Charizard|0 fnt\n|faint|p2a: Charizard\n|\n|-weather|SunnyDay|[upkeep]\n|upkeep\n|\n|t:|1699844287\n|switch|p2a: Venusaur|Venusaur, M, shiny|100\/100\n|turn|5\n|\n|t:|1699844293\n|move|p2a: Venusaur|Solar Beam||[still]\n|-prepare|p2a: Venusaur|Solar Beam\n|-anim|p2a: Venusaur|Solar Beam|p1a: Batman\n|-damage|p1a: Batman|28\/100\n|move|p1a: Batman|Ice Punch|p2a: Venusaur\n|-supereffective|p2a: Venusaur\n|-damage|p2a: Venusaur|29\/100\n|\n|-weather|SunnyDay|[upkeep]\n|-heal|p2a: Venusaur|35\/100|[from] item: Leftovers\n|upkeep\n|turn|6\n|\n|t:|1699844305\n|switch|p1a: Mr. Snail|Goodra-Hisui, M|100\/100\n|move|p2a: Venusaur|Solar Beam||[still]\n|-prepare|p2a: Venusaur|Solar Beam\n|-anim|p2a: Venusaur|Solar Beam|p1a: Mr. Snail\n|-ability|p1a: Mr. Snail|Sap Sipper|boost\n|-boost|p1a: Mr. Snail|atk|1\n|\n|-weather|SunnyDay|[upkeep]\n|-heal|p2a: Venusaur|41\/100|[from] item: Leftovers\n|upkeep\n|turn|7\n|\n|t:|1699844318\n|move|p2a: Venusaur|Sleep Powder|p1a: Mr. Snail\n|-ability|p1a: Mr. Snail|Sap Sipper|boost\n|-boost|p1a: Mr. Snail|atk|1\n|move|p1a: Mr. Snail|Flamethrower|p2a: Venusaur\n|-supereffective|p2a: Venusaur\n|-damage|p2a: Venusaur|0 fnt\n|faint|p2a: Venusaur\n|\n|-weather|none\n|upkeep\n|\n|t:|1699844351\n|switch|p2a: Dragalge|Dragalge, F, shiny|100\/100\n|turn|8\n|\n|t:|1699844357\n|move|p1a: Mr. Snail|Draco Meteor|p2a: Dragalge\n|-supereffective|p2a: Dragalge\n|-damage|p2a: Dragalge|21\/100\n|-unboost|p1a: Mr. Snail|spa|2\n|move|p2a: Dragalge|Sludge Bomb|p1a: Mr. Snail\n|-immune|p1a: Mr. Snail\n|\n|upkeep\n|turn|9\n|\n|t:|1699844379\n|move|p1a: Mr. Snail|Flash Cannon|p2a: Dragalge\n|-damage|p2a: Dragalge|9\/100\n|move|p2a: Dragalge|Sludge Bomb|p1a: Mr. Snail\n|-immune|p1a: Mr. Snail\n|\n|upkeep\n|turn|10\n|\n|t:|1699844385\n|move|p1a: Mr. Snail|Acid Spray|p2a: Dragalge\n|-resisted|p2a: Dragalge\n|-crit|p2a: Dragalge\n|-damage|p2a: Dragalge|2\/100\n|-unboost|p2a: Dragalge|spd|2\n|move|p2a: Dragalge|Sludge Bomb|p1a: Mr. Snail\n|-immune|p1a: Mr. Snail\n|\n|upkeep\n|turn|11\n|\n|t:|1699844393\n|move|p1a: Mr. Snail|Acid Spray|p2a: Dragalge\n|-resisted|p2a: Dragalge\n|-damage|p2a: Dragalge|0 fnt\n|faint|p2a: Dragalge\n|\n|upkeep\n|\n|t:|1699844414\n|switch|p2a: Eelektross|Eelektross, F|100\/100\n|turn|12\n|\n|t:|1699844424\n|move|p1a: Mr. Snail|Acid Spray|p2a: Eelektross\n|-damage|p2a: Eelektross|95\/100\n|-unboost|p2a: Eelektross|spd|2\n|move|p2a: Eelektross|Dragon Pulse|p1a: Mr. Snail\n|-damage|p1a: Mr. Snail|83\/100\n|\n|-heal|p1a: Mr. Snail|90\/100|[from] item: Leftovers\n|upkeep\n|turn|13\n|\n|t:|1699844441\n|move|p1a: Mr. Snail|Flash Cannon|p2a: Eelektross\n|-resisted|p2a: Eelektross\n|-damage|p2a: Eelektross|79\/100\n|move|p2a: Eelektross|Thunderbolt|p1a: Mr. Snail\n|-resisted|p1a: Mr. Snail\n|-damage|p1a: Mr. Snail|76\/100\n|-status|p1a: Mr. Snail|par\n|\n|-heal|p1a: Mr. Snail|82\/100 par|[from] item: Leftovers\n|upkeep\n|turn|14\n|\n|t:|1699844457\n|move|p2a: Eelektross|Thunderbolt|p1a: Mr. Snail\n|-resisted|p1a: Mr. Snail\n|-damage|p1a: Mr. Snail|71\/100 par\n|move|p1a: Mr. Snail|Draco Meteor|p2a: Eelektross\n|-damage|p2a: Eelektross|23\/100\n|-unboost|p1a: Mr. Snail|spa|2\n|\n|-heal|p1a: Mr. Snail|77\/100 par|[from] item: Leftovers\n|upkeep\n|turn|15\n|\n|t:|1699844466\n|move|p2a: Eelektross|Thunderbolt|p1a: Mr. Snail\n|-resisted|p1a: Mr. Snail\n|-damage|p1a: Mr. Snail|65\/100 par\n|cant|p1a: Mr. Snail|par\n|\n|-heal|p1a: Mr. Snail|71\/100 par|[from] item: Leftovers\n|upkeep\n|turn|16\n|\n|t:|1699844474\n|move|p2a: Eelektross|Thunderbolt|p1a: Mr. Snail\n|-resisted|p1a: Mr. Snail\n|-damage|p1a: Mr. Snail|59\/100 par\n|move|p1a: Mr. Snail|Draco Meteor|p2a: Eelektross\n|-damage|p2a: Eelektross|0 fnt\n|-unboost|p1a: Mr. Snail|spa|2\n|faint|p2a: Eelektross\n|\n|-heal|p1a: Mr. Snail|65\/100 par|[from] item: Leftovers\n|upkeep\n|\n|t:|1699844487\n|switch|p2a: Dubwool|Dubwool, F|100\/100\n|turn|17\n|\n|t:|1699844495\n|move|p2a: Dubwool|Body Press|p1a: Mr. Snail\n|-supereffective|p1a: Mr. Snail\n|-damage|p1a: Mr. Snail|36\/100 par\n|move|p1a: Mr. Snail|Acid Spray|p2a: Dubwool\n|-damage|p2a: Dubwool|97\/100\n|-unboost|p2a: Dubwool|spd|2\n|\n|-heal|p2a: Dubwool|100\/100|[from] item: Leftovers\n|-heal|p1a: Mr. Snail|42\/100 par|[from] item: Leftovers\n|upkeep\n|turn|18\n|\n|t:|1699844506\n|move|p2a: Dubwool|Body Press|p1a: Mr. Snail\n|-supereffective|p1a: Mr. Snail\n|-damage|p1a: Mr. Snail|14\/100 par\n|move|p1a: Mr. Snail|Acid Spray|p2a: Dubwool\n|-damage|p2a: Dubwool|94\/100\n|-unboost|p2a: Dubwool|spd|2\n|\n|-heal|p2a: Dubwool|99\/100|[from] item: Leftovers\n|-heal|p1a: Mr. Snail|20\/100 par|[from] item: Leftovers\n|upkeep\n|turn|19\n|\n|t:|1699844517\n|move|p2a: Dubwool|Swords Dance|p2a: Dubwool\n|-boost|p2a: Dubwool|atk|2\n|move|p1a: Mr. Snail|Acid Spray|p2a: Dubwool\n|-damage|p2a: Dubwool|90\/100\n|-unboost|p2a: Dubwool|spd|2\n|\n|-heal|p2a: Dubwool|96\/100|[from] item: Leftovers\n|-heal|p1a: Mr. Snail|26\/100 par|[from] item: Leftovers\n|upkeep\n|turn|20\n|\n|t:|1699844527\n|move|p2a: Dubwool|Cotton Guard|p2a: Dubwool\n|-boost|p2a: Dubwool|def|3\n|move|p1a: Mr. Snail|Acid Spray|p2a: Dubwool\n|-damage|p2a: Dubwool|84\/100\n|\n|-heal|p2a: Dubwool|90\/100|[from] item: Leftovers\n|-heal|p1a: Mr. Snail|32\/100 par|[from] item: Leftovers\n|upkeep\n|turn|21\n|\n|t:|1699844538\n|move|p2a: Dubwool|Cotton Guard|p2a: Dubwool\n|-boost|p2a: Dubwool|def|3\n|move|p1a: Mr. Snail|Draco Meteor|p2a: Dubwool\n|-damage|p2a: Dubwool|23\/100\n|\n|-heal|p2a: Dubwool|29\/100|[from] item: Leftovers\n|-heal|p1a: Mr. Snail|38\/100 par|[from] item: Leftovers\n|upkeep\n|turn|22\n|\n|t:|1699844547\n|move|p2a: Dubwool|Body Press|p1a: Mr. Snail\n|-supereffective|p1a: Mr. Snail\n|-damage|p1a: Mr. Snail|0 fnt\n|faint|p1a: Mr. Snail\n|\n|-heal|p2a: Dubwool|35\/100|[from] item: Leftovers\n|upkeep\n|\n|t:|1699844551\n|switch|p1a: Batman|Lopunny-Mega, F|28\/100\n|turn|23\n|\n|t:|1699844556\n|move|p1a: Batman|Fake Out|p2a: Dubwool\n|-damage|p2a: Dubwool|28\/100\n|cant|p2a: Dubwool|flinch\n|-ability|p2a: Dubwool|Steadfast|boost\n|-boost|p2a: Dubwool|spe|1\n|\n|-heal|p2a: Dubwool|34\/100|[from] item: Leftovers\n|upkeep\n|turn|24\n|\n|t:|1699844568\n|move|p2a: Dubwool|Body Press|p1a: Batman\n|-supereffective|p1a: Batman\n|-damage|p1a: Batman|0 fnt\n|faint|p1a: Batman\n|\n|-heal|p2a: Dubwool|40\/100|[from] item: Leftovers\n|upkeep\n|\n|t:|1699844572\n|switch|p1a: Akainu-|Tapu Koko|100\/100\n|-fieldstart|move: Electric Terrain|[from] ability: Electric Surge|[of] p1a: Akainu-\n|-enditem|p1a: Akainu-|Electric Seed\n|-boost|p1a: Akainu-|def|1|[from] item: Electric Seed\n|turn|25\n|\n|t:|1699844581\n|move|p2a: Dubwool|Body Press|p1a: Akainu-\n|-resisted|p1a: Akainu-\n|-damage|p1a: Akainu-|64\/100\n|move|p1a: Akainu-|Thunderbolt|p2a: Dubwool\n|-damage|p2a: Dubwool|0 fnt\n|faint|p2a: Dubwool\n|\n|win|Finkle2\n","uploadtime":1699844590,"views":27,"p1id":"finkle2","p2id":"swagdestroyer76","formatid":"gen9nationaldex","rating":0,"private":0,"password":""}