{"id":"gen9nationaldex-2000637467","p1":"Lukas ThunderSteel","p2":"Ozzyboy1234","format":"[Gen 9] National Dex","log":"|html|<div class=\"broadcast-blue\"><strong>[Gen 9] National Dex is currently suspecting Sneasler! For information on how to participate check out the <a href=\"https:\/\/www.smogon.com\/forums\/threads\/sv-national-dex-suspect-8-just-dance.3731534\/\">suspect thread<\/a>.<\/strong><\/div>\n|j|\u2606Lukas ThunderSteel\n|j|\u2606Ozzyboy1234\n|t:|1701213134\n|gametype|singles\n|player|p1|Lukas ThunderSteel|alec-anime|1103\n|player|p2|Ozzyboy1234|169|1101\n|teamsize|p1|6\n|teamsize|p2|6\n|gen|9\n|tier|[Gen 9] National Dex\n|rated|\n|rule|HP Percentage Mod: HP is shown in percentages\n|rule|Endless Battle Clause: Forcing endless battles is banned\n|rule|OHKO Clause: OHKO moves are banned\n|rule|Evasion Clause: Evasion abilities, items, and moves are banned\n|rule|Evasion Abilities Clause: Evasion abilities are banned\n|rule|Evasion Items Clause: Evasion items are banned\n|rule|Evasion Moves Clause: Evasion moves are banned\n|rule|Species Clause: Limit one of each Pok\u00e9mon\n|rule|Sleep Clause Mod: Limit one foe put to sleep\n|clearpoke\n|poke|p1|Volcarona, M|\n|poke|p1|Ceruledge, F|\n|poke|p1|Salamence, M|\n|poke|p1|Rhyperior, F|\n|poke|p1|Aggron, M|\n|poke|p1|Hatterene, F|\n|poke|p2|Charizard, M|\n|poke|p2|Rillaboom, F|\n|poke|p2|Tapu Koko|\n|poke|p2|Heatran, F|\n|poke|p2|Gliscor, F|\n|poke|p2|Sneasler, F|\n|teampreview\n|\n|t:|1701213139\n|start\n|switch|p1a: Ceruledge|Ceruledge, F|100\/100\n|switch|p2a: Sneasler|Sneasler, F|100\/100\n|turn|1\n|\n|t:|1701213146\n|move|p1a: Ceruledge|Swords Dance|p1a: Ceruledge\n|-boost|p1a: Ceruledge|atk|2\n|move|p2a: Sneasler|Swords Dance|p2a: Sneasler\n|-boost|p2a: Sneasler|atk|2\n|\n|upkeep\n|turn|2\n|\n|t:|1701213153\n|move|p1a: Ceruledge|Psycho Cut|p2a: Sneasler\n|-supereffective|p2a: Sneasler\n|-damage|p2a: Sneasler|0 fnt\n|faint|p2a: Sneasler\n|\n|upkeep\n|\n|t:|1701213158\n|switch|p2a: Heatran|Heatran, F|100\/100\n|turn|3\n|\n|t:|1701213162\n|move|p1a: Ceruledge|Poltergeist|p2a: Heatran|[miss]\n|-miss|p1a: Ceruledge|p2a: Heatran\n|move|p2a: Heatran|Earth Power|p1a: Ceruledge\n|-supereffective|p1a: Ceruledge\n|-damage|p1a: Ceruledge|35\/100\n|\n|upkeep\n|turn|4\n|\n|t:|1701213170\n|move|p1a: Ceruledge|Psycho Cut|p2a: Heatran\n|-resisted|p2a: Heatran\n|-crit|p2a: Heatran\n|-damage|p2a: Heatran|74\/100\n|move|p2a: Heatran|Magma Storm|p1a: Ceruledge|[miss]\n|-miss|p2a: Heatran|p1a: Ceruledge\n|\n|upkeep\n|turn|5\n|\n|t:|1701213179\n|move|p1a: Ceruledge|Poltergeist|p2a: Heatran\n|-activate|p2a: Heatran|move: Poltergeist|Chesto Berry\n|-damage|p2a: Heatran|0 fnt\n|faint|p2a: Heatran\n|\n|upkeep\n|\n|t:|1701213185\n|switch|p2a: Gliscor|Gliscor, F|100\/100\n|turn|6\n|\n|t:|1701213189\n|move|p1a: Ceruledge|Poltergeist|p2a: Gliscor\n|-activate|p2a: Gliscor|move: Poltergeist|Toxic Orb\n|-damage|p2a: Gliscor|28\/100\n|move|p2a: Gliscor|U-turn|p1a: Ceruledge\n|-resisted|p1a: Ceruledge\n|-damage|p1a: Ceruledge|30\/100\n|-ability|p1a: Ceruledge|Weak Armor|boost\n|-unboost|p1a: Ceruledge|def|1\n|-boost|p1a: Ceruledge|spe|2\n|\n|t:|1701213200\n|switch|p2a: Rillaboom|Rillaboom, F|100\/100|[from] U-turn\n|-fieldstart|move: Grassy Terrain|[from] ability: Grassy Surge|[of] p2a: Rillaboom\n|\n|-heal|p1a: Ceruledge|36\/100|[from] Grassy Terrain\n|upkeep\n|turn|7\n|\n|t:|1701213208\n|move|p1a: Ceruledge|Bitter Blade|p2a: Rillaboom\n|-supereffective|p2a: Rillaboom\n|-damage|p2a: Rillaboom|0 fnt\n|-heal|p1a: Ceruledge|100\/100|[from] drain|[of] p2a: Rillaboom\n|faint|p2a: Rillaboom\n|\n|upkeep\n|\n|t:|1701213214\n|switch|p2a: Tapu Koko|Tapu Koko|100\/100\n|-fieldstart|move: Electric Terrain|[from] ability: Electric Surge|[of] p2a: Tapu Koko\n|turn|8\n|\n|t:|1701213224\n|move|p1a: Ceruledge|Bitter Blade|p2a: Tapu Koko\n|-crit|p2a: Tapu Koko\n|-damage|p2a: Tapu Koko|0 fnt\n|faint|p2a: Tapu Koko\n|\n|upkeep\n|\n|t:|1701213229\n|switch|p2a: Charizard|Charizard, M|100\/100\n|turn|9\n|\n|t:|1701213234\n|detailschange|p2a: Charizard|Charizard-Mega-Y, M\n|-mega|p2a: Charizard|Charizard|Charizardite Y\n|-weather|SunnyDay|[from] ability: Drought|[of] p2a: Charizard\n|move|p1a: Ceruledge|Poltergeist|p2a: Charizard\n|-activate|p2a: Charizard|move: Poltergeist|Charizardite Y\n|-damage|p2a: Charizard|0 fnt\n|faint|p2a: Charizard\n|\n|-weather|SunnyDay|[upkeep]\n|upkeep\n|\n|t:|1701213244\n|switch|p2a: Gliscor|Gliscor, F|28\/100\n|turn|10\n|\n|t:|1701213248\n|-terastallize|p2a: Gliscor|Steel\n|move|p1a: Ceruledge|Psycho Cut|p2a: Gliscor\n|-resisted|p2a: Gliscor\n|-damage|p2a: Gliscor|13\/100\n|move|p2a: Gliscor|Knock Off|p1a: Ceruledge\n|-supereffective|p1a: Ceruledge\n|-damage|p1a: Ceruledge|8\/100\n|-ability|p1a: Ceruledge|Weak Armor|boost\n|-unboost|p1a: Ceruledge|def|1\n|-boost|p1a: Ceruledge|spe|2\n|-enditem|p1a: Ceruledge|Focus Sash|[from] move: Knock Off|[of] p2a: Gliscor\n|\n|-weather|SunnyDay|[upkeep]\n|upkeep\n|turn|11\n|\n|t:|1701213261\n|move|p1a: Ceruledge|Bitter Blade|p2a: Gliscor\n|-supereffective|p2a: Gliscor\n|-damage|p2a: Gliscor|0 fnt\n|-heal|p1a: Ceruledge|16\/100|[from] drain|[of] p2a: Gliscor\n|faint|p2a: Gliscor\n|\n|win|Lukas ThunderSteel\n|raw|Lukas ThunderSteel's rating: 1103 &rarr; <strong>1128<\/strong><br \/>(+25 for winning)\n|raw|Ozzyboy1234's rating: 1101 &rarr; <strong>1076<\/strong><br \/>(-25 for losing)\n|l|\u2606Ozzyboy1234\n","uploadtime":1701213280,"views":0,"p1id":"lukasthundersteel","p2id":"ozzyboy1234","formatid":"gen9nationaldex","rating":1076,"private":0,"password":""}