{"id":"gen9nationaldex-1991144144","p1":"poklmn","p2":"jujibalaoshi001","format":"[Gen 9] National Dex","log":"|j|\u2606poklmn\n|j|\u2606jujibalaoshi001\n|t:|1700049580\n|gametype|singles\n|player|p1|poklmn|dawn|1406\n|player|p2|jujibalaoshi001|hexmaniac-gen6|1449\n|teamsize|p1|6\n|teamsize|p2|6\n|gen|9\n|tier|[Gen 9] National Dex\n|rated|\n|rule|HP Percentage Mod: HP is shown in percentages\n|rule|Endless Battle Clause: Forcing endless battles is banned\n|rule|OHKO Clause: OHKO moves are banned\n|rule|Evasion Clause: Evasion abilities, items, and moves are banned\n|rule|Evasion Abilities Clause: Evasion abilities are banned\n|rule|Evasion Items Clause: Evasion items are banned\n|rule|Evasion Moves Clause: Evasion moves are banned\n|rule|Species Clause: Limit one of each Pok\u00e9mon\n|rule|Sleep Clause Mod: Limit one foe put to sleep\n|clearpoke\n|poke|p1|Banette, M|\n|poke|p1|Alomomola, F|\n|poke|p1|Landorus-Therian, M|\n|poke|p1|Heatran, F|\n|poke|p1|Ogerpon-Wellspring, F|\n|poke|p1|Kyurem|\n|poke|p2|Scizor, F|\n|poke|p2|Cloyster, M|\n|poke|p2|Garchomp, F|\n|poke|p2|Zapdos|\n|poke|p2|Heatran, F|\n|poke|p2|Chansey, F|\n|teampreview\n|inactive|Battle timer is ON: inactive players will automatically lose when time's up. (requested by poklmn)\n|\n|t:|1700049604\n|start\n|switch|p1a: Banette|Banette, M|100\/100\n|switch|p2a: Zapdos|Zapdos|100\/100\n|-item|p2a: Zapdos|Heavy-Duty Boots|[from] ability: Frisk|[of] p1a: Banette|[identify]\n|turn|1\n|\n|t:|1700049613\n|detailschange|p1a: Banette|Banette-Mega, M\n|-mega|p1a: Banette|Banette|Banettite\n|move|p2a: Zapdos|Volt Switch|p1a: Banette\n|-damage|p1a: Banette|62\/100\n|\n|t:|1700049618\n|switch|p2a: Chansey|Chansey, F|100\/100|[from] Volt Switch\n|move|p1a: Banette|Poltergeist|p2a: Chansey\n|-immune|p2a: Chansey\n|\n|upkeep\n|turn|2\n|\n|t:|1700049627\n|switch|p1a: Alomomola|Alomomola, F, shiny|100\/100\n|move|p2a: Chansey|Toxic|p1a: Alomomola\n|-status|p1a: Alomomola|tox\n|\n|-damage|p1a: Alomomola|94\/100 tox|[from] psn\n|upkeep\n|turn|3\n|\n|t:|1700049637\n|switch|p2a: Heatran|Heatran, F|100\/100\n|move|p1a: Alomomola|Wish|p1a: Alomomola\n|\n|-damage|p1a: Alomomola|82\/100 tox|[from] psn\n|upkeep\n|turn|4\n|\n|t:|1700049649\n|move|p2a: Heatran|Taunt|p1a: Alomomola\n|-start|p1a: Alomomola|move: Taunt\n|move|p1a: Alomomola|Flip Turn|p2a: Heatran\n|-supereffective|p2a: Heatran\n|-damage|p2a: Heatran|71\/100\n|\n|t:|1700049655\n|switch|p1a: Banette|Banette-Mega, M|62\/100|[from] Flip Turn\n|\n|-heal|p1a: Banette|100\/100|[from] move: Wish|[wisher] Alomomola\n|-heal|p2a: Heatran|77\/100|[from] item: Leftovers\n|upkeep\n|turn|5\n|\n|t:|1700049665\n|move|p1a: Banette|Encore|p2a: Heatran\n|-start|p2a: Heatran|Encore\n|move|p2a: Heatran|Taunt|p1a: Banette\n|-start|p1a: Banette|move: Taunt\n|\n|-heal|p2a: Heatran|83\/100|[from] item: Leftovers\n|upkeep\n|turn|6\n|\n|t:|1700049673\n|switch|p2a: Chansey|Chansey, F|100\/100\n|move|p1a: Banette|Infestation|p2a: Chansey\n|-damage|p2a: Chansey|99\/100\n|-activate|p2a: Chansey|move: Infestation|[of] p1a: Banette\n|\n|-damage|p2a: Chansey|87\/100|[from] move: Infestation|[partiallytrapped]\n|upkeep\n|turn|7\n|\n|t:|1700049681\n|switch|p1a: Heatran|Heatran, F|100\/100\n|move|p2a: Chansey|Toxic|p1a: Heatran\n|-immune|p1a: Heatran\n|\n|-end|p2a: Chansey|Infestation|[partiallytrapped]|[silent]\n|upkeep\n|turn|8\n|\n|t:|1700049695\n|move|p1a: Heatran|Earth Power|p2a: Chansey\n|-damage|p2a: Chansey|78\/100\n|move|p2a: Chansey|Seismic Toss|p1a: Heatran\n|-damage|p1a: Heatran|75\/100\n|\n|-heal|p1a: Heatran|81\/100|[from] item: Leftovers\n|upkeep\n|turn|9\n|\n|t:|1700049702\n|move|p1a: Heatran|Toxic|p2a: Chansey\n|-status|p2a: Chansey|tox\n|move|p2a: Chansey|Seismic Toss|p1a: Heatran\n|-damage|p1a: Heatran|55\/100\n|\n|-heal|p1a: Heatran|61\/100|[from] item: Leftovers\n|-damage|p2a: Chansey|72\/100 tox|[from] psn\n|upkeep\n|turn|10\n|\n|t:|1700049708\n|move|p1a: Heatran|Protect|p1a: Heatran\n|-singleturn|p1a: Heatran|Protect\n|move|p2a: Chansey|Soft-Boiled|p2a: Chansey\n|-heal|p2a: Chansey|100\/100 tox\n|\n|-heal|p1a: Heatran|67\/100|[from] item: Leftovers\n|-damage|p2a: Chansey|88\/100 tox|[from] psn\n|upkeep\n|turn|11\n|\n|t:|1700049720\n|switch|p1a: Alomomola|Alomomola, F, shiny|100\/100 tox\n|-curestatus|p2a: Chansey|tox|[from] ability: Natural Cure\n|switch|p2a: Garchomp|Garchomp, F|100\/100\n|\n|-damage|p1a: Alomomola|94\/100 tox|[from] psn\n|upkeep\n|turn|12\n|\n|t:|1700049730\n|switch|p2a: Scizor|Scizor, F|100\/100\n|move|p1a: Alomomola|Toxic|p2a: Scizor\n|-immune|p2a: Scizor\n|\n|-damage|p1a: Alomomola|82\/100 tox|[from] psn\n|upkeep\n|turn|13\n|\n|t:|1700049740\n|detailschange|p2a: Scizor|Scizor-Mega, F\n|-mega|p2a: Scizor|Scizor|Scizorite\n|move|p2a: Scizor|Swords Dance|p2a: Scizor\n|-boost|p2a: Scizor|atk|2\n|move|p1a: Alomomola|Wish|p1a: Alomomola\n|\n|-damage|p1a: Alomomola|63\/100 tox|[from] psn\n|upkeep\n|turn|14\n|\n|t:|1700049753\n|move|p2a: Scizor|U-turn|p1a: Alomomola\n|-damage|p1a: Alomomola|27\/100 tox\n|\n|t:|1700049759\n|switch|p2a: Garchomp|Garchomp, F|100\/100|[from] U-turn\n|move|p1a: Alomomola|Flip Turn|p2a: Garchomp\n|-damage|p2a: Garchomp|85\/100\n|-damage|p1a: Alomomola|14\/100 tox|[from] ability: Rough Skin|[of] p2a: Garchomp\n|\n|t:|1700049769\n|switch|p1a: Heatran|Heatran, F|67\/100|[from] Flip Turn\n|\n|-heal|p1a: Heatran|100\/100|[from] move: Wish|[wisher] Alomomola\n|upkeep\n|turn|15\n|\n|t:|1700049777\n|-terastallize|p1a: Heatran|Grass\n|move|p2a: Garchomp|Earthquake|p1a: Heatran\n|-resisted|p1a: Heatran\n|-damage|p1a: Heatran|79\/100\n|move|p1a: Heatran|Magma Storm|p2a: Garchomp\n|-resisted|p2a: Garchomp\n|-damage|p2a: Garchomp|60\/100\n|-activate|p2a: Garchomp|move: Magma Storm|[of] p1a: Heatran\n|\n|-heal|p1a: Heatran|86\/100|[from] item: Leftovers\n|-damage|p2a: Garchomp|48\/100|[from] move: Magma Storm|[partiallytrapped]\n|upkeep\n|turn|16\n|\n|t:|1700049793\n|move|p1a: Heatran|Protect|p1a: Heatran\n|-singleturn|p1a: Heatran|Protect\n|move|p2a: Garchomp|Swords Dance|p2a: Garchomp\n|-boost|p2a: Garchomp|atk|2\n|\n|-heal|p1a: Heatran|92\/100|[from] item: Leftovers\n|-damage|p2a: Garchomp|36\/100|[from] move: Magma Storm|[partiallytrapped]\n|upkeep\n|turn|17\n|\n|t:|1700049801\n|-zpower|p2a: Garchomp\n|move|p2a: Garchomp|Devastating Drake|p1a: Heatran|[zeffect]\n|-damage|p1a: Heatran|0 fnt\n|faint|p1a: Heatran\n|\n|-end|p2a: Garchomp|Magma Storm|[partiallytrapped]|[silent]\n|upkeep\n|\n|t:|1700049808\n|switch|p1a: Ogerpon|Ogerpon-Wellspring, F|100\/100\n|turn|18\n|\n|t:|1700049820\n|move|p1a: Ogerpon|Ivy Cudgel|p2a: Garchomp|[anim] Ivy Cudgel Water\n|-damage|p2a: Garchomp|0 fnt\n|faint|p2a: Garchomp\n|\n|upkeep\n|inactive|jujibalaoshi001 has 120 seconds left.\n|\n|t:|1700049860\n|switch|p2a: Chansey|Chansey, F|88\/100\n|turn|19\n|\n|t:|1700049867\n|move|p1a: Ogerpon|Swords Dance|p1a: Ogerpon\n|-boost|p1a: Ogerpon|atk|2\n|move|p2a: Chansey|Toxic|p1a: Ogerpon\n|-status|p1a: Ogerpon|tox\n|\n|-damage|p1a: Ogerpon|95\/100 tox|[from] psn\n|upkeep\n|turn|20\n|inactive|jujibalaoshi001 has 120 seconds left.\n|\n|t:|1700049878\n|move|p1a: Ogerpon|Ivy Cudgel|p2a: Chansey|[anim] Ivy Cudgel Water\n|-crit|p2a: Chansey\n|-damage|p2a: Chansey|0 fnt\n|faint|p2a: Chansey\n|\n|-damage|p1a: Ogerpon|83\/100 tox|[from] psn\n|upkeep\n|inactive|jujibalaoshi001 has 120 seconds left.\n|\n|t:|1700049887\n|switch|p2a: Scizor|Scizor-Mega, F|100\/100\n|turn|21\n|\n|t:|1700049894\n|move|p1a: Ogerpon|Ivy Cudgel|p2a: Scizor|[anim] Ivy Cudgel Water\n|-damage|p2a: Scizor|18\/100\n|move|p2a: Scizor|Swords Dance|p2a: Scizor\n|-boost|p2a: Scizor|atk|2\n|\n|-damage|p1a: Ogerpon|65\/100 tox|[from] psn\n|upkeep\n|turn|22\n|inactive|jujibalaoshi001 has 120 seconds left.\n|\n|t:|1700049912\n|move|p1a: Ogerpon|Ivy Cudgel|p2a: Scizor|[anim] Ivy Cudgel Water\n|-damage|p2a: Scizor|0 fnt\n|faint|p2a: Scizor\n|\n|-damage|p1a: Ogerpon|41\/100 tox|[from] psn\n|upkeep\n|inactive|jujibalaoshi001 has 120 seconds left.\n|\n|t:|1700049923\n|switch|p2a: Zapdos|Zapdos|100\/100\n|turn|23\n|inactive|jujibalaoshi001 has 120 seconds left.\n|\n|t:|1700049930\n|move|p1a: Ogerpon|Ivy Cudgel|p2a: Zapdos|[anim] Ivy Cudgel Water\n|-damage|p2a: Zapdos|9\/100\n|move|p2a: Zapdos|Volt Switch|p1a: Ogerpon\n|-damage|p1a: Ogerpon|6\/100 tox\n|inactive|jujibalaoshi001 has 120 seconds left.\n|\n|t:|1700049937\n|switch|p2a: Heatran|Heatran, F|83\/100|[from] Volt Switch\n|\n|-heal|p2a: Heatran|90\/100|[from] item: Leftovers\n|-damage|p1a: Ogerpon|0 fnt|[from] psn\n|faint|p1a: Ogerpon\n|upkeep\n|\n|t:|1700049944\n|switch|p1a: Landorus|Landorus-Therian, M|100\/100\n|-ability|p1a: Landorus|Intimidate|boost\n|-unboost|p2a: Heatran|atk|1\n|turn|24\n|\n|t:|1700049953\n|-terastallize|p2a: Heatran|Grass\n|move|p1a: Landorus|Stealth Rock|p2a: Heatran\n|-sidestart|p2: jujibalaoshi001|move: Stealth Rock\n|move|p2a: Heatran|Magma Storm|p1a: Landorus\n|-damage|p1a: Landorus|64\/100\n|-activate|p1a: Landorus|move: Magma Storm|[of] p2a: Heatran\n|\n|-heal|p1a: Landorus|70\/100|[from] item: Leftovers\n|-heal|p2a: Heatran|96\/100|[from] item: Leftovers\n|-damage|p1a: Landorus|58\/100|[from] move: Magma Storm|[partiallytrapped]\n|upkeep\n|turn|25\n|\n|t:|1700049971\n|move|p1a: Landorus|U-turn|p2a: Heatran\n|-supereffective|p2a: Heatran\n|-damage|p2a: Heatran|60\/100\n|\n|t:|1700049981\n|switch|p1a: Kyurem|Kyurem|100\/100|[from] U-turn\n|-ability|p1a: Kyurem|Pressure\n|move|p2a: Heatran|Toxic|p1a: Kyurem\n|-status|p1a: Kyurem|tox\n|\n|-heal|p2a: Heatran|66\/100|[from] item: Leftovers\n|-damage|p1a: Kyurem|94\/100 tox|[from] psn\n|upkeep\n|turn|26\n|\n|t:|1700049993\n|move|p1a: Kyurem|Icicle Spear|p2a: Heatran\n|-supereffective|p2a: Heatran\n|-damage|p2a: Heatran|41\/100\n|-supereffective|p2a: Heatran\n|-damage|p2a: Heatran|17\/100\n|-hitcount|p2a: Heatran|2\n|move|p2a: Heatran|Taunt|p1a: Kyurem\n|-start|p1a: Kyurem|move: Taunt\n|\n|-heal|p2a: Heatran|23\/100|[from] item: Leftovers\n|-damage|p1a: Kyurem|82\/100 tox|[from] psn\n|upkeep\n|turn|27\n|\n|t:|1700050005\n|move|p1a: Kyurem|Icicle Spear|p2a: Heatran\n|-supereffective|p2a: Heatran\n|-damage|p2a: Heatran|0 fnt\n|faint|p2a: Heatran\n|-hitcount|p2: Heatran|1\n|\n|-damage|p1a: Kyurem|64\/100 tox|[from] psn\n|upkeep\n|inactive|jujibalaoshi001 has 120 seconds left.\n|\n|t:|1700050024\n|switch|p2a: Cloyster|Cloyster, M|100\/100\n|-damage|p2a: Cloyster|76\/100|[from] Stealth Rock\n|turn|28\n|\n|t:|1700050028\n|switch|p1a: Banette|Banette-Mega, M|100\/100\n|move|p2a: Cloyster|Shell Smash|p2a: Cloyster\n|-unboost|p2a: Cloyster|def|1\n|-unboost|p2a: Cloyster|spd|1\n|-boost|p2a: Cloyster|atk|2\n|-boost|p2a: Cloyster|spa|2\n|-boost|p2a: Cloyster|spe|2\n|\n|upkeep\n|turn|29\n|\n|t:|1700050033\n|switch|p2a: Zapdos|Zapdos|9\/100\n|move|p1a: Banette|Encore||[still]\n|-fail|p1a: Banette\n|\n|upkeep\n|turn|30\n|\n|t:|1700050049\n|switch|p1a: Landorus|Landorus-Therian, M|58\/100\n|-ability|p1a: Landorus|Intimidate|boost\n|-unboost|p2a: Zapdos|atk|1\n|move|p2a: Zapdos|Roost|p2a: Zapdos\n|-heal|p2a: Zapdos|60\/100\n|-singleturn|p2a: Zapdos|move: Roost\n|\n|-heal|p1a: Landorus|64\/100|[from] item: Leftovers\n|upkeep\n|turn|31\n|\n|t:|1700050056\n|move|p1a: Landorus|Earthquake|p2a: Zapdos\n|-immune|p2a: Zapdos\n|move|p2a: Zapdos|Hidden Power|p1a: Landorus\n|-supereffective|p1a: Landorus\n|-damage|p1a: Landorus|5\/100\n|\n|-heal|p1a: Landorus|11\/100|[from] item: Leftovers\n|upkeep\n|turn|32\n|\n|t:|1700050066\n|switch|p1a: Alomomola|Alomomola, F, shiny|48\/100 tox\n|move|p2a: Zapdos|Defog|p1a: Alomomola\n|-unboost|p1a: Alomomola|evasion|1\n|-sideend|p2: jujibalaoshi001|Stealth Rock|[from] move: Defog|[of] p2a: Zapdos\n|\n|-damage|p1a: Alomomola|42\/100 tox|[from] psn\n|upkeep\n|turn|33\n|\n|t:|1700050072\n|switch|p1a: Landorus|Landorus-Therian, M|11\/100\n|-ability|p1a: Landorus|Intimidate|boost\n|-unboost|p2a: Zapdos|atk|1\n|move|p2a: Zapdos|Volt Switch|p1a: Landorus\n|-immune|p1a: Landorus\n|\n|-heal|p1a: Landorus|18\/100|[from] item: Leftovers\n|upkeep\n|turn|34\n|\n|t:|1700050077\n|move|p1a: Landorus|Stealth Rock|p2a: Zapdos\n|-sidestart|p2: jujibalaoshi001|move: Stealth Rock\n|move|p2a: Zapdos|Hidden Power|p1a: Landorus\n|-supereffective|p1a: Landorus\n|-damage|p1a: Landorus|0 fnt\n|faint|p1a: Landorus\n|\n|upkeep\n|\n|t:|1700050082\n|switch|p1a: Kyurem|Kyurem|64\/100 tox\n|-ability|p1a: Kyurem|Pressure\n|turn|35\n|\n|t:|1700050087\n|move|p1a: Kyurem|Icicle Spear|p2a: Zapdos\n|-supereffective|p2a: Zapdos\n|-damage|p2a: Zapdos|39\/100\n|-supereffective|p2a: Zapdos\n|-damage|p2a: Zapdos|18\/100\n|-supereffective|p2a: Zapdos\n|-damage|p2a: Zapdos|0 fnt\n|faint|p2a: Zapdos\n|-hitcount|p2: Zapdos|3\n|\n|-damage|p1a: Kyurem|58\/100 tox|[from] psn\n|upkeep\n|\n|t:|1700050091\n|switch|p2a: Cloyster|Cloyster, M|76\/100\n|-damage|p2a: Cloyster|51\/100|[from] Stealth Rock\n|turn|36\n|\n|t:|1700050095\n|switch|p1a: Banette|Banette-Mega, M|100\/100\n|move|p2a: Cloyster|Icicle Spear|p1a: Banette\n|-damage|p1a: Banette|83\/100\n|-crit|p1a: Banette\n|-damage|p1a: Banette|59\/100\n|-damage|p1a: Banette|42\/100\n|-damage|p1a: Banette|25\/100\n|-damage|p1a: Banette|7\/100\n|-hitcount|p1a: Banette|5\n|\n|upkeep\n|turn|37\n|\n|t:|1700050106\n|move|p1a: Banette|Destiny Bond|p1a: Banette\n|-singlemove|p1a: Banette|Destiny Bond\n|move|p2a: Cloyster|Icicle Spear|p1a: Banette\n|-damage|p1a: Banette|0 fnt\n|faint|p1a: Banette\n|-activate|p1a: Banette|move: Destiny Bond\n|faint|p2a: Cloyster\n|\n|win|poklmn\n|-hitcount|p1: Banette|1\n|raw|poklmn's rating: 1406 &rarr; <strong>1428<\/strong><br \/>(+22 for winning)\n|raw|jujibalaoshi001's rating: 1449 &rarr; <strong>1427<\/strong><br \/>(-22 for losing)\n|l|\u2606poklmn\n","uploadtime":1700050120,"views":3,"p1id":"poklmn","p2id":"jujibalaoshi001","formatid":"gen9nationaldex","rating":1427,"private":0,"password":""}