{"id":"gen9nationaldex-1993977488","p1":"Samurott500","p2":"baigu","format":"[Gen 9] National Dex","log":"|j|\u2606Samurott500\n|j|\u2606baigu\n|t:|1700386837\n|gametype|singles\n|player|p1|Samurott500|grimsley-gen7|1724\n|player|p2|baigu|dawn-gen4pt|1844\n|teamsize|p1|6\n|teamsize|p2|6\n|gen|9\n|tier|[Gen 9] National Dex\n|rated|\n|rule|HP Percentage Mod: HP is shown in percentages\n|rule|Endless Battle Clause: Forcing endless battles is banned\n|rule|OHKO Clause: OHKO moves are banned\n|rule|Evasion Clause: Evasion abilities, items, and moves are banned\n|rule|Evasion Abilities Clause: Evasion abilities are banned\n|rule|Evasion Items Clause: Evasion items are banned\n|rule|Evasion Moves Clause: Evasion moves are banned\n|rule|Species Clause: Limit one of each Pok\u00e9mon\n|rule|Sleep Clause Mod: Limit one foe put to sleep\n|clearpoke\n|poke|p1|Serperior, F|\n|poke|p1|Blaziken, M|\n|poke|p1|Hatterene, F|\n|poke|p1|Swampert, F|\n|poke|p1|Hydreigon, F|\n|poke|p1|Aegislash, M|\n|poke|p2|Ursaluna, F|\n|poke|p2|Dragonite, F|\n|poke|p2|Slowking, M|\n|poke|p2|Tapu Koko|\n|poke|p2|Hoopa-Unbound|\n|poke|p2|Great Tusk|\n|teampreview\n|j| Ghha\n|j| Genshin startover\n|\n|t:|1700386851\n|start\n|switch|p1a: Swampert|Swampert, F|100\/100\n|switch|p2a: Tapu Koko|Tapu Koko|100\/100\n|-fieldstart|move: Electric Terrain|[from] ability: Electric Surge|[of] p2a: Tapu Koko\n|turn|1\n|\n|t:|1700386857\n|detailschange|p1a: Swampert|Swampert-Mega, F\n|-mega|p1a: Swampert|Swampert|Swampertite\n|move|p2a: Tapu Koko|U-turn|p1a: Swampert\n|-damage|p1a: Swampert|87\/100\n|\n|t:|1700386864\n|switch|p2a: Dragonite|Dragonite, F|100\/100|[from] U-turn\n|move|p1a: Swampert|Earthquake|p2a: Dragonite\n|-immune|p2a: Dragonite\n|\n|upkeep\n|turn|2\n|\n|t:|1700386868\n|move|p2a: Dragonite|Outrage|p1a: Swampert\n|-damage|p1a: Swampert|6\/100\n|move|p1a: Swampert|Flip Turn|p2a: Dragonite\n|-resisted|p2a: Dragonite\n|-damage|p2a: Dragonite|93\/100\n|\n|t:|1700386871\n|switch|p1a: Hatterene|Hatterene, F|100\/100|[from] Flip Turn\n|\n|upkeep\n|turn|3\n|\n|t:|1700386874\n|move|p2a: Dragonite|Outrage|p1a: Hatterene|[from]lockedmove\n|-immune|p1a: Hatterene\n|move|p1a: Hatterene|Draining Kiss|p2a: Dragonite\n|-supereffective|p2a: Dragonite\n|-damage|p2a: Dragonite|38\/100\n|\n|upkeep\n|turn|4\n|j| Aziz Le Bledart\n|\n|t:|1700386879\n|switch|p2a: Ursaluna|Ursaluna, F|100\/100\n|switch|p1a: Swampert|Swampert-Mega, F|6\/100\n|\n|-status|p2a: Ursaluna|brn|[from] item: Flame Orb\n|upkeep\n|turn|5\n|\n|t:|1700386885\n|switch|p2a: Great Tusk|Great Tusk|100\/100\n|move|p1a: Swampert|Stealth Rock|p2a: Great Tusk\n|-sidestart|p2: baigu|move: Stealth Rock\n|\n|-fieldend|move: Electric Terrain\n|upkeep\n|turn|6\n|\n|t:|1700386890\n|switch|p1a: Aegislash|Aegislash, M|100\/100\n|move|p2a: Great Tusk|Stealth Rock|p1a: Aegislash\n|-sidestart|p1: Samurott500|move: Stealth Rock\n|\n|upkeep\n|turn|7\n|\n|t:|1700386894\n|move|p1a: Aegislash|King's Shield|p1a: Aegislash\n|-singleturn|p1a: Aegislash|Protect\n|move|p2a: Great Tusk|Headlong Rush|p1a: Aegislash\n|-activate|p1a: Aegislash|move: Protect\n|-unboost|p2a: Great Tusk|atk|1\n|\n|upkeep\n|turn|8\n|\n|t:|1700386898\n|switch|p1a: Serperior|Serperior, F|100\/100\n|-damage|p1a: Serperior|88\/100|[from] Stealth Rock\n|move|p2a: Great Tusk|Headlong Rush|p1a: Serperior\n|-resisted|p1a: Serperior\n|-crit|p1a: Serperior\n|-damage|p1a: Serperior|30\/100\n|-unboost|p2a: Great Tusk|def|1\n|-unboost|p2a: Great Tusk|spd|1\n|\n|upkeep\n|turn|9\n|\n|t:|1700386908\n|-end|p2a: Great Tusk|Protosynthesis|[silent]\n|switch|p2a: Tapu Koko|Tapu Koko|100\/100\n|-damage|p2a: Tapu Koko|88\/100|[from] Stealth Rock\n|-fieldstart|move: Electric Terrain|[from] ability: Electric Surge|[of] p2a: Tapu Koko\n|move|p1a: Serperior|Leaf Storm|p2a: Tapu Koko\n|-damage|p2a: Tapu Koko|21\/100\n|-boost|p1a: Serperior|spa|2\n|\n|upkeep\n|turn|10\n|\n|t:|1700386912\n|switch|p1a: Swampert|Swampert-Mega, F|6\/100\n|-damage|p1a: Swampert|0 fnt|[from] Stealth Rock\n|faint|p1a: Swampert\n|move|p2a: Tapu Koko|U-turn|p1: Swampert|[notarget]\n|-fail|p2a: Tapu Koko\n|\n|upkeep\n|\n|t:|1700386915\n|switch|p1a: Aegislash|Aegislash, M|100\/100\n|-damage|p1a: Aegislash|94\/100|[from] Stealth Rock\n|turn|11\n|\n|t:|1700386924\n|switch|p2a: Hoopa|Hoopa-Unbound|100\/100\n|-damage|p2a: Hoopa|88\/100|[from] Stealth Rock\n|-formechange|p1a: Aegislash|Aegislash-Blade||[from] ability: Stance Change\n|move|p1a: Aegislash|Iron Head|p2a: Hoopa\n|-damage|p2a: Hoopa|3\/100\n|\n|-heal|p1a: Aegislash|100\/100|[from] item: Leftovers\n|upkeep\n|turn|12\n|\n|t:|1700386930\n|move|p1a: Aegislash|Shadow Sneak|p2a: Hoopa\n|-damage|p2a: Hoopa|0 fnt\n|faint|p2a: Hoopa\n|\n|upkeep\n|\n|t:|1700386932\n|switch|p2a: Great Tusk|Great Tusk|100\/100\n|turn|13\n|\n|t:|1700386937\n|switch|p1a: Hydreigon|Hydreigon, F|100\/100\n|-damage|p1a: Hydreigon|88\/100|[from] Stealth Rock\n|move|p2a: Great Tusk|Headlong Rush|p1a: Hydreigon\n|-immune|p1a: Hydreigon|[from] ability: Levitate\n|\n|-fieldend|move: Electric Terrain\n|upkeep\n|turn|14\n|\n|t:|1700386946\n|switch|p1a: Hatterene|Hatterene, F|100\/100\n|-damage|p1a: Hatterene|88\/100|[from] Stealth Rock\n|-terastallize|p2a: Great Tusk|Steel\n|move|p2a: Great Tusk|Rapid Spin|p1a: Hatterene\n|-damage|p1a: Hatterene|66\/100\n|-boost|p2a: Great Tusk|spe|1\n|-sideend|p2: baigu|Stealth Rock|[from] move: Rapid Spin|[of] p2a: Great Tusk\n|\n|upkeep\n|turn|15\n|\n|t:|1700386952\n|-end|p2a: Great Tusk|Protosynthesis|[silent]\n|switch|p2a: Slowking|Slowking, M|100\/100\n|move|p1a: Hatterene|Mystical Fire|p2a: Slowking\n|-resisted|p2a: Slowking\n|-damage|p2a: Slowking|92\/100\n|-unboost|p2a: Slowking|spa|1\n|-heal|p1a: Hatterene|67\/100|[from] item: Shell Bell|[of] p2a: Slowking\n|\n|upkeep\n|turn|16\n|\n|t:|1700386956\n|move|p1a: Hatterene|Draining Kiss|p2a: Slowking\n|-damage|p2a: Slowking|76\/100\n|-heal|p1a: Hatterene|82\/100|[from] drain|[of] p2a: Slowking\n|-heal|p1a: Hatterene|84\/100|[from] item: Shell Bell|[of] p2a: Slowking\n|move|p2a: Slowking|Teleport|p2a: Slowking\n|\n|t:|1700386958\n|switch|p2a: Ursaluna|Ursaluna, F|100\/100 brn|[from] Teleport\n|\n|-damage|p2a: Ursaluna|94\/100 brn|[from] brn\n|upkeep\n|turn|17\n|\n|t:|1700386967\n|move|p2a: Ursaluna|Headlong Rush|p1a: Hatterene\n|-damage|p1a: Hatterene|0 fnt\n|-unboost|p2a: Ursaluna|def|1\n|-unboost|p2a: Ursaluna|spd|1\n|faint|p1a: Hatterene\n|\n|-damage|p2a: Ursaluna|88\/100 brn|[from] brn\n|upkeep\n|\n|t:|1700386970\n|switch|p1a: Serperior|Serperior, F|30\/100\n|-damage|p1a: Serperior|17\/100|[from] Stealth Rock\n|turn|18\n|\n|t:|1700386976\n|switch|p2a: Dragonite|Dragonite, F|38\/100\n|move|p1a: Serperior|Leaf Storm|p2a: Dragonite\n|-resisted|p2a: Dragonite\n|-damage|p2a: Dragonite|27\/100\n|-boost|p1a: Serperior|spa|2\n|\n|upkeep\n|turn|19\n|\n|t:|1700386981\n|switch|p1a: Aegislash|Aegislash, M|100\/100\n|-damage|p1a: Aegislash|94\/100|[from] Stealth Rock\n|move|p2a: Dragonite|Extreme Speed|p1a: Aegislash\n|-immune|p1a: Aegislash\n|\n|-heal|p1a: Aegislash|100\/100|[from] item: Leftovers\n|upkeep\n|turn|20\n|\n|t:|1700386990\n|switch|p2a: Great Tusk|Great Tusk, tera:Steel|100\/100\n|switch|p1a: Hydreigon|Hydreigon, F|88\/100\n|-damage|p1a: Hydreigon|76\/100|[from] Stealth Rock\n|\n|upkeep\n|turn|21\n|\n|t:|1700386994\n|-end|p2a: Great Tusk|Protosynthesis|[silent]\n|switch|p2a: Slowking|Slowking, M|100\/100\n|move|p1a: Hydreigon|Earth Power|p2a: Slowking\n|-damage|p2a: Slowking|76\/100\n|-damage|p1a: Hydreigon|66\/100|[from] item: Life Orb\n|\n|upkeep\n|turn|22\n|\n|t:|1700387000\n|move|p1a: Hydreigon|Earth Power|p2a: Slowking\n|-damage|p2a: Slowking|53\/100\n|-damage|p1a: Hydreigon|56\/100|[from] item: Life Orb\n|move|p2a: Slowking|Teleport|p2a: Slowking\n|\n|t:|1700387004\n|switch|p2a: Ursaluna|Ursaluna, F|88\/100 brn|[from] Teleport\n|\n|-damage|p2a: Ursaluna|82\/100 brn|[from] brn\n|upkeep\n|turn|23\n|\n|t:|1700387011\n|switch|p1a: Aegislash|Aegislash, M|100\/100\n|-damage|p1a: Aegislash|94\/100|[from] Stealth Rock\n|move|p2a: Ursaluna|Throat Chop|p1a: Aegislash\n|-supereffective|p1a: Aegislash\n|-damage|p1a: Aegislash|13\/100\n|-start|p1a: Aegislash|Throat Chop|[silent]\n|\n|-heal|p1a: Aegislash|20\/100|[from] item: Leftovers\n|-damage|p2a: Ursaluna|75\/100 brn|[from] brn\n|upkeep\n|turn|24\n|\n|t:|1700387018\n|switch|p2a: Great Tusk|Great Tusk, tera:Steel|100\/100\n|move|p1a: Aegislash|King's Shield||[still]\n|-fail|p1a: Aegislash\n|\n|-heal|p1a: Aegislash|26\/100|[from] item: Leftovers\n|-end|p1a: Aegislash|Throat Chop|[silent]\n|upkeep\n|turn|25\n|\n|t:|1700387025\n|switch|p1a: Hydreigon|Hydreigon, F|56\/100\n|-damage|p1a: Hydreigon|44\/100|[from] Stealth Rock\n|move|p2a: Great Tusk|Ice Spinner|p1a: Hydreigon\n|-supereffective|p1a: Hydreigon\n|-damage|p1a: Hydreigon|0 fnt\n|faint|p1a: Hydreigon\n|\n|upkeep\n|\n|t:|1700387027\n|switch|p1a: Blaziken|Blaziken, M|100\/100\n|-damage|p1a: Blaziken|88\/100|[from] Stealth Rock\n|turn|26\n|\n|t:|1700387036\n|move|p1a: Blaziken|Swords Dance|p1a: Blaziken\n|-boost|p1a: Blaziken|atk|2\n|move|p2a: Great Tusk|Headlong Rush|p1a: Blaziken\n|-supereffective|p1a: Blaziken\n|-damage|p1a: Blaziken|0 fnt\n|-unboost|p2a: Great Tusk|def|1\n|-unboost|p2a: Great Tusk|spd|1\n|faint|p1a: Blaziken\n|\n|upkeep\n|-message|Samurott500 forfeited.\n|\n|win|baigu\n|raw|Samurott500's rating: 1724 &rarr; <strong>1711<\/strong><br \/>(-13 for losing)\n|raw|baigu's rating: 1844 &rarr; <strong>1857<\/strong><br \/>(+13 for winning)\n|l|\u2606Samurott500\n","uploadtime":1700387042,"views":6,"p1id":"samurott500","p2id":"baigu","formatid":"gen9nationaldex","rating":1711,"private":0,"password":""}