{"id":"gen9nationaldex-1992615074","p1":"noobster646","p2":"KarmaNightraide","format":"[Gen 9] National Dex","log":"|j|\u2606noobster646\n|j|\u2606KarmaNightraide\n|t:|1700215079\n|gametype|singles\n|player|p1|noobster646|hiker-gen4|1101\n|player|p2|KarmaNightraide|unknown|1188\n|teamsize|p1|6\n|teamsize|p2|6\n|gen|9\n|tier|[Gen 9] National Dex\n|rated|\n|rule|HP Percentage Mod: HP is shown in percentages\n|rule|Endless Battle Clause: Forcing endless battles is banned\n|rule|OHKO Clause: OHKO moves are banned\n|rule|Evasion Clause: Evasion abilities, items, and moves are banned\n|rule|Evasion Abilities Clause: Evasion abilities are banned\n|rule|Evasion Items Clause: Evasion items are banned\n|rule|Evasion Moves Clause: Evasion moves are banned\n|rule|Species Clause: Limit one of each Pok\u00e9mon\n|rule|Sleep Clause Mod: Limit one foe put to sleep\n|clearpoke\n|poke|p1|Blacephalon|\n|poke|p1|Haxorus, F|\n|poke|p1|Sandaconda, M|\n|poke|p1|Meowscarada, M|\n|poke|p1|Galvantula, F|\n|poke|p1|Espeon, M|\n|poke|p2|Basculegion-F, F|\n|poke|p2|Mimikyu, M|\n|poke|p2|Banette, F|\n|poke|p2|Polteageist-Antique|\n|poke|p2|Skeledirge, M|\n|poke|p2|Gourgeist-*, F|\n|teampreview\n|\n|t:|1700215086\n|start\n|switch|p1a: Galvantula|Galvantula, F|100\/100\n|switch|p2a: Go to sleep...|Banette, F|100\/100\n|turn|1\n|\n|t:|1700215101\n|detailschange|p2a: Go to sleep...|Banette-Mega, F\n|-mega|p2a: Go to sleep...|Banette|Banettite\n|move|p2a: Go to sleep...|Taunt|p1a: Galvantula\n|-start|p1a: Galvantula|move: Taunt\n|cant|p1a: Galvantula|move: Taunt|Sticky Web\n|\n|upkeep\n|turn|2\n|\n|t:|1700215121\n|move|p1a: Galvantula|Volt Switch|p2a: Go to sleep...\n|-damage|p2a: Go to sleep...|58\/100\n|\n|t:|1700215125\n|switch|p1a: Meowscarada|Meowscarada, M|100\/100|[from] Volt Switch\n|move|p2a: Go to sleep...|Poltergeist|p1a: Meowscarada\n|-activate|p1a: Meowscarada|move: Poltergeist|Heavy-Duty Boots\n|-resisted|p1a: Meowscarada\n|-damage|p1a: Meowscarada|42\/100\n|\n|upkeep\n|turn|3\n|\n|t:|1700215149\n|switch|p2a: Pumpin|Gourgeist-Small, F|100\/100\n|move|p1a: Meowscarada|U-turn|p2a: Pumpin\n|-start|p1a: Meowscarada|typechange|Bug|[from] ability: Protean\n|-damage|p2a: Pumpin|62\/100\n|\n|t:|1700215159\n|switch|p1a: Galvantula|Galvantula, F|100\/100|[from] U-turn\n|\n|upkeep\n|turn|4\n|\n|t:|1700215165\n|move|p1a: Galvantula|Sticky Web|p2a: Pumpin\n|-sidestart|p2: KarmaNightraide|move: Sticky Web\n|-zpower|p2a: Pumpin\n|move|p2a: Pumpin|Z-Trick-or-Treat|p1a: Galvantula|[anim]Trick-or-Treat\n|-boost|p2a: Pumpin|atk|1|[zeffect]\n|-boost|p2a: Pumpin|def|1|[zeffect]\n|-boost|p2a: Pumpin|spa|1|[zeffect]\n|-boost|p2a: Pumpin|spd|1|[zeffect]\n|-boost|p2a: Pumpin|spe|1|[zeffect]\n|-start|p1a: Galvantula|typeadd|Ghost|[from] move: Trick-or-Treat\n|\n|upkeep\n|turn|5\n|\n|t:|1700215177\n|move|p2a: Pumpin|Poltergeist|p1a: Galvantula\n|-activate|p1a: Galvantula|move: Poltergeist|Focus Sash\n|-supereffective|p1a: Galvantula\n|-enditem|p1a: Galvantula|Focus Sash\n|-damage|p1a: Galvantula|1\/100\n|move|p1a: Galvantula|Bug Buzz|p2a: Pumpin\n|-damage|p2a: Pumpin|20\/100\n|\n|upkeep\n|turn|6\n|\n|t:|1700215190\n|move|p2a: Pumpin|Shadow Sneak|p1a: Galvantula\n|-supereffective|p1a: Galvantula\n|-damage|p1a: Galvantula|0 fnt\n|faint|p1a: Galvantula\n|\n|upkeep\n|\n|t:|1700215205\n|switch|p1a: Blacephalon|Blacephalon|100\/100\n|turn|7\n|\n|t:|1700215227\n|-terastallize|p1a: Blacephalon|Fire\n|move|p1a: Blacephalon|Shadow Ball|p2a: Pumpin\n|-supereffective|p2a: Pumpin\n|-damage|p2a: Pumpin|0 fnt\n|faint|p2a: Pumpin\n|-ability|p1a: Blacephalon|Beast Boost|boost\n|-boost|p1a: Blacephalon|spa|1\n|\n|upkeep\n|\n|t:|1700215237\n|switch|p2a: Lady Fish|Basculegion-F, F|100\/100\n|-activate|p2a: Lady Fish|move: Sticky Web\n|-unboost|p2a: Lady Fish|spe|1\n|turn|8\n|\n|t:|1700215243\n|move|p1a: Blacephalon|Shadow Ball|p2a: Lady Fish\n|-supereffective|p2a: Lady Fish\n|-enditem|p2a: Lady Fish|Focus Sash\n|-damage|p2a: Lady Fish|1\/100\n|move|p2a: Lady Fish|Hydro Pump|p1a: Blacephalon|[miss]\n|-miss|p2a: Lady Fish|p1a: Blacephalon\n|\n|upkeep\n|turn|9\n|c|\u2606noobster646|yooo\n|c|\u2606noobster646|all skill\n|\n|t:|1700215253\n|move|p1a: Blacephalon|Shadow Ball|p2a: Lady Fish\n|-supereffective|p2a: Lady Fish\n|-damage|p2a: Lady Fish|0 fnt\n|faint|p2a: Lady Fish\n|-ability|p1a: Blacephalon|Beast Boost|boost\n|-boost|p1a: Blacephalon|spa|1\n|\n|upkeep\n|\n|t:|1700215260\n|switch|p2a: Dundy|Skeledirge, M|100\/100\n|-activate|p2a: Dundy|move: Sticky Web\n|-unboost|p2a: Dundy|spe|1\n|turn|10\n|\n|t:|1700215268\n|-terastallize|p2a: Dundy|Fire\n|move|p1a: Blacephalon|Shadow Ball|p2a: Dundy\n|-damage|p2a: Dundy|39\/100\n|-unboost|p2a: Dundy|spd|1\n|move|p2a: Dundy|Earth Power|p1a: Blacephalon\n|-supereffective|p1a: Blacephalon\n|-damage|p1a: Blacephalon|6\/100\n|\n|-heal|p2a: Dundy|45\/100|[from] item: Leftovers\n|upkeep\n|turn|11\n|c|\u2606noobster646|__all skill baby__\n|\n|t:|1700215280\n|move|p1a: Blacephalon|Shadow Ball|p2a: Dundy\n|-damage|p2a: Dundy|0 fnt\n|faint|p2a: Dundy\n|-ability|p1a: Blacephalon|Beast Boost|boost\n|-boost|p1a: Blacephalon|spa|1\n|\n|upkeep\n|\n|t:|1700215286\n|switch|p2a: Lil guy my man|Mimikyu, M|100\/100\n|-activate|p2a: Lil guy my man|move: Sticky Web\n|-unboost|p2a: Lil guy my man|spe|1\n|turn|12\n|\n|t:|1700215291\n|move|p2a: Lil guy my man|Shadow Sneak|p1a: Blacephalon\n|-damage|p1a: Blacephalon|0 fnt\n|faint|p1a: Blacephalon\n|-damage|p2a: Lil guy my man|91\/100|[from] item: Life Orb\n|\n|upkeep\n|\n|t:|1700215300\n|switch|p1a: Meowscarada|Meowscarada, M|42\/100\n|turn|13\n|\n|t:|1700215304\n|move|p1a: Meowscarada|Taunt|p2a: Lil guy my man\n|-start|p1a: Meowscarada|typechange|Dark|[from] ability: Protean\n|-start|p2a: Lil guy my man|move: Taunt\n|cant|p2a: Lil guy my man|move: Taunt|Swords Dance\n|\n|upkeep\n|turn|14\n|\n|t:|1700215312\n|move|p1a: Meowscarada|U-turn|p2a: Lil guy my man\n|-activate|p2a: Lil guy my man|ability: Disguise\n|-damage|p2a: Lil guy my man|91\/100\n|detailschange|p2a: Lil guy my man|Mimikyu-Busted, M\n|-damage|p2a: Lil guy my man|78\/100|[from] pokemon: Mimikyu-Busted\n|\n|t:|1700215317\n|switch|p1a: Sandaconda|Sandaconda, M|100\/100|[from] U-turn\n|move|p2a: Lil guy my man|Drain Punch|p1a: Sandaconda\n|-damage|p1a: Sandaconda|81\/100\n|-heal|p2a: Lil guy my man|89\/100|[from] drain|[of] p1a: Sandaconda\n|-damage|p2a: Lil guy my man|79\/100|[from] item: Life Orb\n|\n|-heal|p1a: Sandaconda|87\/100|[from] item: Leftovers\n|upkeep\n|turn|15\n|\n|t:|1700215352\n|move|p2a: Lil guy my man|Play Rough|p1a: Sandaconda\n|-damage|p1a: Sandaconda|49\/100\n|-damage|p2a: Lil guy my man|70\/100|[from] item: Life Orb\n|move|p1a: Sandaconda|Earthquake|p2a: Lil guy my man\n|-damage|p2a: Lil guy my man|0 fnt\n|faint|p2a: Lil guy my man\n|\n|-heal|p1a: Sandaconda|55\/100|[from] item: Leftovers\n|upkeep\n|\n|t:|1700215363\n|switch|p2a: Wanna sip?|Polteageist-Antique|100\/100\n|-activate|p2a: Wanna sip?|move: Sticky Web\n|-unboost|p2a: Wanna sip?|spe|1\n|turn|16\n|\n|t:|1700215368\n|move|p1a: Sandaconda|Glare|p2a: Wanna sip?\n|-status|p2a: Wanna sip?|par\n|cant|p2a: Wanna sip?|par\n|\n|-heal|p1a: Sandaconda|61\/100|[from] item: Leftovers\n|upkeep\n|turn|17\n|\n|t:|1700215379\n|switch|p1a: Meowscarada|Meowscarada, M|42\/100\n|move|p2a: Wanna sip?|Shell Smash|p2a: Wanna sip?\n|-unboost|p2a: Wanna sip?|def|1\n|-unboost|p2a: Wanna sip?|spd|1\n|-boost|p2a: Wanna sip?|atk|2\n|-boost|p2a: Wanna sip?|spa|2\n|-boost|p2a: Wanna sip?|spe|2\n|\n|upkeep\n|turn|18\n|\n|t:|1700215393\n|move|p1a: Meowscarada|Knock Off|p2a: Wanna sip?\n|-start|p1a: Meowscarada|typechange|Dark|[from] ability: Protean\n|-supereffective|p2a: Wanna sip?\n|-enditem|p2a: Wanna sip?|Focus Sash\n|-damage|p2a: Wanna sip?|1\/100 par\n|-ability|p2a: Wanna sip?|Weak Armor|boost\n|-unboost|p2a: Wanna sip?|def|1\n|-boost|p2a: Wanna sip?|spe|2\n|cant|p2a: Wanna sip?|par\n|\n|upkeep\n|turn|19\n|c|\u2606noobster646|**so much skill**\n|\n|t:|1700215408\n|move|p1a: Meowscarada|U-turn|p2a: Wanna sip?\n|-resisted|p2a: Wanna sip?\n|-damage|p2a: Wanna sip?|0 fnt\n|faint|p2a: Wanna sip?\n|-message|KarmaNightraide forfeited.\n|\n|win|noobster646\n|raw|noobster646's rating: 1101 &rarr; <strong>1132<\/strong><br \/>(+31 for winning)\n|raw|KarmaNightraide's rating: 1188 &rarr; <strong>1157<\/strong><br \/>(-31 for losing)\n|l|\u2606KarmaNightraide\n","uploadtime":1700215418,"views":15,"p1id":"noobster646","p2id":"karmanightraide","formatid":"gen9nationaldex","rating":1132,"private":0,"password":""}