{"id":"gen9nationaldex-1987936950","p1":"asbejdjdjd","p2":"TheSlowbroGuy","format":"[Gen 9] National Dex","log":"|j|\u2606asbejdjdjd\n|j|\u2606TheSlowbroGuy\n|t:|1699650942\n|gametype|singles\n|player|p1|asbejdjdjd|1|1182\n|player|p2|TheSlowbroGuy|wattson|1288\n|teamsize|p1|6\n|teamsize|p2|6\n|gen|9\n|tier|[Gen 9] National Dex\n|rated|\n|rule|HP Percentage Mod: HP is shown in percentages\n|rule|Endless Battle Clause: Forcing endless battles is banned\n|rule|OHKO Clause: OHKO moves are banned\n|rule|Evasion Clause: Evasion abilities, items, and moves are banned\n|rule|Evasion Abilities Clause: Evasion abilities are banned\n|rule|Evasion Items Clause: Evasion items are banned\n|rule|Evasion Moves Clause: Evasion moves are banned\n|rule|Species Clause: Limit one of each Pok\u00e9mon\n|rule|Sleep Clause Mod: Limit one foe put to sleep\n|clearpoke\n|poke|p1|Pelipper, F|\n|poke|p1|Swampert, M|\n|poke|p1|Ferrothorn, F|\n|poke|p1|Tornadus-Therian, M|\n|poke|p1|Manaphy|\n|poke|p1|Toxapex, M|\n|poke|p2|Incineroar, M|\n|poke|p2|Urshifu-*, M|\n|poke|p2|Pangoro, M|\n|poke|p2|Zeraora|\n|poke|p2|Rillaboom, F|\n|poke|p2|Zoroark-Hisui, M|\n|teampreview\n|inactive|Battle timer is ON: inactive players will automatically lose when time's up. (requested by TheSlowbroGuy)\n|inactive|TheSlowbroGuy has 120 seconds left.\n|\n|t:|1699650974\n|start\n|switch|p1a: Pelipper|Pelipper, F|100\/100\n|switch|p2a: Incineroar|Incineroar, M|100\/100\n|-weather|RainDance|[from] ability: Drizzle|[of] p1a: Pelipper\n|-ability|p2a: Incineroar|Intimidate|boost\n|-unboost|p1a: Pelipper|atk|1\n|turn|1\n|\n|t:|1699650981\n|move|p2a: Incineroar|Fake Out|p1a: Pelipper\n|-damage|p1a: Pelipper|87\/100\n|cant|p1a: Pelipper|flinch\n|\n|-weather|RainDance|[upkeep]\n|upkeep\n|turn|2\n|\n|t:|1699650989\n|switch|p2a: Rillaboom|Rillaboom, F|100\/100\n|-fieldstart|move: Grassy Terrain|[from] ability: Grassy Surge|[of] p2a: Rillaboom\n|move|p1a: Pelipper|Scald|p2a: Rillaboom\n|-resisted|p2a: Rillaboom\n|-damage|p2a: Rillaboom|72\/100\n|-status|p2a: Rillaboom|brn\n|\n|-weather|RainDance|[upkeep]\n|-heal|p2a: Rillaboom|78\/100 brn|[from] Grassy Terrain\n|-damage|p2a: Rillaboom|72\/100 brn|[from] brn\n|upkeep\n|turn|3\n|\n|t:|1699651003\n|switch|p1a: Ferrothorn|Ferrothorn, F, shiny|100\/100\n|move|p2a: Rillaboom|U-turn|p1a: Ferrothorn\n|-damage|p1a: Ferrothorn|86\/100\n|-damage|p2a: Rillaboom|60\/100 brn|[from] ability: Iron Barbs|[of] p1a: Ferrothorn\n|\n|t:|1699651009\n|switch|p2a: Urshifu|Urshifu-Rapid-Strike, M|100\/100|[from] U-turn\n|\n|-weather|RainDance|[upkeep]\n|-heal|p1a: Ferrothorn|93\/100|[from] Grassy Terrain\n|-heal|p1a: Ferrothorn|99\/100|[from] item: Leftovers\n|upkeep\n|turn|4\n|\n|t:|1699651014\n|move|p2a: Urshifu|Close Combat|p1a: Ferrothorn\n|-supereffective|p1a: Ferrothorn\n|-damage|p1a: Ferrothorn|0 fnt\n|-unboost|p2a: Urshifu|def|1\n|-unboost|p2a: Urshifu|spd|1\n|-damage|p2a: Urshifu|88\/100|[from] ability: Iron Barbs|[of] p1a: Ferrothorn\n|faint|p1a: Ferrothorn\n|\n|-weather|RainDance|[upkeep]\n|-heal|p2a: Urshifu|94\/100|[from] Grassy Terrain\n|upkeep\n|\n|t:|1699651018\n|switch|p1a: Pelipper|Pelipper, F|87\/100\n|turn|5\n|\n|t:|1699651027\n|switch|p2a: Rillaboom|Rillaboom, F|60\/100 brn\n|move|p1a: Pelipper|Hurricane|p2a: Rillaboom\n|-supereffective|p2a: Rillaboom\n|-damage|p2a: Rillaboom|0 fnt\n|faint|p2a: Rillaboom\n|\n|-weather|none\n|upkeep\n|\n|t:|1699651033\n|switch|p2a: Zeraora|Zeraora|100\/100\n|-item|p2a: Zeraora|Air Balloon\n|turn|6\n|\n|t:|1699651041\n|switch|p1a: Swampert|Swampert, M, shiny|100\/100\n|move|p2a: Zeraora|Bulk Up|p2a: Zeraora\n|-boost|p2a: Zeraora|atk|1\n|-boost|p2a: Zeraora|def|1\n|\n|-fieldend|move: Grassy Terrain\n|upkeep\n|turn|7\n|\n|t:|1699651053\n|detailschange|p1a: Swampert|Swampert-Mega, M, shiny\n|-mega|p1a: Swampert|Swampert|Swampertite\n|move|p2a: Zeraora|Play Rough|p1a: Swampert\n|-damage|p1a: Swampert|59\/100\n|-unboost|p1a: Swampert|atk|1\n|move|p1a: Swampert|Flip Turn|p2a: Zeraora\n|-damage|p2a: Zeraora|80\/100\n|-enditem|p2a: Zeraora|Air Balloon\n|\n|t:|1699651065\n|switch|p1a: Pelipper|Pelipper, F|87\/100|[from] Flip Turn\n|-weather|RainDance|[from] ability: Drizzle|[of] p1a: Pelipper\n|\n|-weather|RainDance|[upkeep]\n|upkeep\n|turn|8\n|\n|t:|1699651071\n|switch|p1a: Swampert|Swampert-Mega, M, shiny|59\/100\n|move|p2a: Zeraora|Plasma Fists|p1a: Swampert\n|-immune|p1a: Swampert\n|\n|-weather|RainDance|[upkeep]\n|upkeep\n|turn|9\n|\n|t:|1699651078\n|-terastallize|p2a: Zeraora|Fairy\n|move|p1a: Swampert|Earthquake|p2a: Zeraora\n|-damage|p2a: Zeraora|26\/100\n|move|p2a: Zeraora|Play Rough|p1a: Swampert\n|-damage|p1a: Swampert|0 fnt\n|faint|p1a: Swampert\n|\n|-weather|RainDance|[upkeep]\n|upkeep\n|\n|t:|1699651089\n|switch|p1a: Toxapex|Toxapex, M|100\/100\n|turn|10\n|\n|t:|1699651092\n|move|p1a: Toxapex|Baneful Bunker|p1a: Toxapex\n|-singleturn|p1a: Toxapex|move: Protect\n|move|p2a: Zeraora|Bulk Up|p2a: Zeraora\n|-boost|p2a: Zeraora|atk|1\n|-boost|p2a: Zeraora|def|1\n|\n|-weather|RainDance|[upkeep]\n|upkeep\n|turn|11\n|\n|t:|1699651101\n|move|p2a: Zeraora|Plasma Fists|p1a: Toxapex\n|-supereffective|p1a: Toxapex\n|-damage|p1a: Toxapex|0 fnt\n|-fieldactivate|move: Ion Deluge\n|-hint|Normal-type moves become Electric-type after using Plasma Fists.\n|faint|p1a: Toxapex\n|\n|-weather|none\n|upkeep\n|\n|t:|1699651105\n|switch|p1a: Pelipper|Pelipper, F|87\/100\n|-weather|RainDance|[from] ability: Drizzle|[of] p1a: Pelipper\n|turn|12\n|\n|t:|1699651109\n|move|p2a: Zeraora|Plasma Fists|p1a: Pelipper\n|-supereffective|p1a: Pelipper\n|-crit|p1a: Pelipper\n|-damage|p1a: Pelipper|0 fnt\n|-fieldactivate|move: Ion Deluge\n|-hint|Normal-type moves become Electric-type after using Plasma Fists.\n|faint|p1a: Pelipper\n|\n|-weather|RainDance|[upkeep]\n|upkeep\n|\n|t:|1699651113\n|switch|p1a: Tornadus|Tornadus-Therian, M, shiny|100\/100\n|turn|13\n|\n|t:|1699651115\n|move|p2a: Zeraora|Plasma Fists|p1a: Tornadus\n|-supereffective|p1a: Tornadus\n|-crit|p1a: Tornadus\n|-damage|p1a: Tornadus|0 fnt\n|-fieldactivate|move: Ion Deluge\n|-hint|Normal-type moves become Electric-type after using Plasma Fists.\n|faint|p1a: Tornadus\n|\n|-weather|RainDance|[upkeep]\n|upkeep\n|\n|t:|1699651119\n|switch|p1a: Manaphy|Manaphy|100\/100\n|turn|14\n|\n|t:|1699651120\n|move|p2a: Zeraora|Plasma Fists|p1a: Manaphy\n|-supereffective|p1a: Manaphy\n|-damage|p1a: Manaphy|0 fnt\n|-fieldactivate|move: Ion Deluge\n|-hint|Normal-type moves become Electric-type after using Plasma Fists.\n|faint|p1a: Manaphy\n|\n|win|TheSlowbroGuy\n|raw|asbejdjdjd's rating: 1182 &rarr; <strong>1164<\/strong><br \/>(-18 for losing)\n|raw|TheSlowbroGuy's rating: 1288 &rarr; <strong>1306<\/strong><br \/>(+18 for winning)\n|l|\u2606asbejdjdjd\n|l|\u2606TheSlowbroGuy\n|j|\u2606TheSlowbroGuy\n|player|p2|TheSlowbroGuy|wattson\n","uploadtime":1699651148,"views":5,"p1id":"asbejdjdjd","p2id":"theslowbroguy","formatid":"gen9nationaldex","rating":1164,"private":0,"password":""}