{"id":"gen9nationaldex-1993169731","p1":"Veronica777","p2":"SH4RK!193","format":"[Gen 9] National Dex","log":"|j|\u2606Veronica777\n|j|\u2606SH4RK!193\n|t:|1700273276\n|gametype|singles\n|player|p1|Veronica777|furisodegirl-white|1045\n|player|p2|SH4RK!193|bea-masters|1017\n|teamsize|p1|6\n|teamsize|p2|6\n|gen|9\n|tier|[Gen 9] National Dex\n|rated|\n|rule|HP Percentage Mod: HP is shown in percentages\n|rule|Endless Battle Clause: Forcing endless battles is banned\n|rule|OHKO Clause: OHKO moves are banned\n|rule|Evasion Clause: Evasion abilities, items, and moves are banned\n|rule|Evasion Abilities Clause: Evasion abilities are banned\n|rule|Evasion Items Clause: Evasion items are banned\n|rule|Evasion Moves Clause: Evasion moves are banned\n|rule|Species Clause: Limit one of each Pok\u00e9mon\n|rule|Sleep Clause Mod: Limit one foe put to sleep\n|clearpoke\n|poke|p1|Raichu-Alola, F|\n|poke|p1|Mr. Rime, M|\n|poke|p1|Goodra-Hisui, F|\n|poke|p1|Toedscruel, F|\n|poke|p1|Salazzle, F|\n|poke|p1|Gyarados, M|\n|poke|p2|Shiftry, F|\n|poke|p2|Xatu, F|\n|poke|p2|Typhlosion-Hisui, M|\n|poke|p2|Forretress, M|\n|poke|p2|Dragalge, M|\n|poke|p2|Veluza, F|\n|teampreview\n|\n|t:|1700273316\n|start\n|switch|p1a: Salazzle|Salazzle, F|100\/100\n|switch|p2a: Typhlosion|Typhlosion-Hisui, M|100\/100\n|-item|p1a: Salazzle|Heavy-Duty Boots|[from] ability: Frisk|[of] p2a: Typhlosion|[identify]\n|turn|1\n|inactive|Battle timer is ON: inactive players will automatically lose when time's up. (requested by Veronica777)\n|\n|t:|1700273324\n|move|p2a: Typhlosion|Extrasensory|p1a: Salazzle\n|-supereffective|p1a: Salazzle\n|-damage|p1a: Salazzle|0 fnt\n|faint|p1a: Salazzle\n|\n|upkeep\n|\n|t:|1700273332\n|switch|p1a: Toedscruel|Toedscruel, F|100\/100\n|turn|2\n|\n|t:|1700273337\n|switch|p2a: Xatu|Xatu, F|100\/100\n|switch|p1a: Gyarados|Gyarados, M|100\/100\n|-ability|p1a: Gyarados|Intimidate|boost\n|-unboost|p2a: Xatu|atk|1\n|\n|upkeep\n|turn|3\n|\n|t:|1700273351\n|detailschange|p1a: Gyarados|Gyarados-Mega, M\n|-mega|p1a: Gyarados|Gyarados|Gyaradosite\n|-ability|p1a: Gyarados|Mold Breaker\n|move|p1a: Gyarados|Crunch|p2a: Xatu\n|-supereffective|p2a: Xatu\n|-damage|p2a: Xatu|0 fnt\n|faint|p2a: Xatu\n|\n|upkeep\n|inactive|SH4RK!193 has 120 seconds left.\n|inactive|SH4RK!193 has 90 seconds left.\n|\n|t:|1700273423\n|switch|p2a: Shiftry|Shiftry, F|100\/100\n|turn|4\n|\n|t:|1700273431\n|switch|p1a: Mr. Rime|Mr. Rime, M|100\/100\n|move|p2a: Shiftry|Tailwind|p2a: Shiftry\n|-sidestart|p2: SH4RK!193|move: Tailwind\n|-ability|p2a: Shiftry|Wind Rider|boost\n|-boost|p2a: Shiftry|atk|1\n|\n|upkeep\n|turn|5\n|\n|t:|1700273437\n|-terastallize|p1a: Mr. Rime|Ice\n|move|p2a: Shiftry|Knock Off|p1a: Mr. Rime\n|-damage|p1a: Mr. Rime|5\/100\n|-enditem|p1a: Mr. Rime|Heavy-Duty Boots|[from] move: Knock Off|[of] p2a: Shiftry\n|move|p1a: Mr. Rime|Ice Beam|p2a: Shiftry\n|-supereffective|p2a: Shiftry\n|-enditem|p2a: Shiftry|Focus Sash\n|-damage|p2a: Shiftry|1\/100\n|\n|upkeep\n|turn|6\n|\n|t:|1700273447\n|switch|p1a: Goodra|Goodra-Hisui, F|100\/100\n|move|p2a: Shiftry|Knock Off|p1a: Goodra\n|-damage|p1a: Goodra|26\/100\n|-enditem|p1a: Goodra|Leftovers|[from] move: Knock Off|[of] p2a: Shiftry\n|\n|upkeep\n|turn|7\n|\n|t:|1700273452\n|move|p2a: Shiftry|Knock Off|p1a: Goodra\n|-damage|p1a: Goodra|0 fnt\n|faint|p1a: Goodra\n|\n|-sideend|p2: SH4RK!193|move: Tailwind\n|upkeep\n|\n|t:|1700273455\n|switch|p1a: Gyarados|Gyarados-Mega, M|100\/100\n|-ability|p1a: Gyarados|Mold Breaker\n|turn|8\n|\n|t:|1700273459\n|move|p1a: Gyarados|Waterfall|p2a: Shiftry\n|-resisted|p2a: Shiftry\n|-damage|p2a: Shiftry|0 fnt\n|faint|p2a: Shiftry\n|\n|upkeep\n|inactive|SH4RK!193 has 120 seconds left.\n|\n|t:|1700273465\n|switch|p2a: Typhlosion|Typhlosion-Hisui, M|100\/100\n|-item|p1a: Gyarados|Gyaradosite|[from] ability: Frisk|[of] p2a: Typhlosion|[identify]\n|turn|9\n|\n|t:|1700273470\n|move|p2a: Typhlosion|Focus Blast|p1a: Gyarados\n|-supereffective|p1a: Gyarados\n|-damage|p1a: Gyarados|24\/100\n|move|p1a: Gyarados|Waterfall|p2a: Typhlosion\n|-supereffective|p2a: Typhlosion\n|-damage|p2a: Typhlosion|0 fnt\n|faint|p2a: Typhlosion\n|\n|upkeep\n|-message|SH4RK!193 forfeited.\n|\n|win|Veronica777\n|raw|Veronica777's rating: 1045 &rarr; <strong>1076<\/strong><br \/>(+31 for winning)\n|raw|SH4RK!193's rating: 1017 &rarr; <strong>1005<\/strong><br \/>(-12 for losing)\n|l|\u2606SH4RK!193\n","uploadtime":1700273484,"views":6,"p1id":"veronica777","p2id":"sh4rk193","formatid":"gen9nationaldex","rating":1005,"private":0,"password":""}