{"id":"gen9nationaldex-1989049883","p1":"Moonwolf118","p2":"Viggo8000","format":"[Gen 9] National Dex","log":"|j|\u2606Moonwolf118\n|j|\u2606Viggo8000\n|t:|1699806577\n|gametype|singles\n|player|p1|Moonwolf118|marnie-league|1290\n|player|p2|Viggo8000|waiter-gen4dp|1388\n|teamsize|p1|6\n|teamsize|p2|6\n|gen|9\n|tier|[Gen 9] National Dex\n|rated|\n|rule|HP Percentage Mod: HP is shown in percentages\n|rule|Endless Battle Clause: Forcing endless battles is banned\n|rule|OHKO Clause: OHKO moves are banned\n|rule|Evasion Clause: Evasion abilities, items, and moves are banned\n|rule|Evasion Abilities Clause: Evasion abilities are banned\n|rule|Evasion Items Clause: Evasion items are banned\n|rule|Evasion Moves Clause: Evasion moves are banned\n|rule|Species Clause: Limit one of each Pok\u00e9mon\n|rule|Sleep Clause Mod: Limit one foe put to sleep\n|clearpoke\n|poke|p1|Lopunny, F|\n|poke|p1|Gardevoir, F|\n|poke|p1|Zoroark-Hisui, F|\n|poke|p1|Hatterene, F|\n|poke|p1|Nidoqueen, F|\n|poke|p1|Meowscarada, F|\n|poke|p2|Kommo-o, F|\n|poke|p2|Lopunny, M|\n|poke|p2|Sneasler, M|\n|poke|p2|Great Tusk|\n|poke|p2|Iron Valiant|\n|poke|p2|Cobalion|\n|teampreview\n|c|\u2606Viggo8000|nooooooo\n|c|\u2606Moonwolf118|yes\n|\n|t:|1699806620\n|start\n|switch|p1a: Meowscarada|Meowscarada, F|100\/100\n|switch|p2a: Cobalion|Cobalion|100\/100\n|turn|1\n|c|\u2606Viggo8000|fighting type vs women\n|\n|t:|1699806630\n|move|p1a: Meowscarada|Low Kick|p2a: Cobalion\n|-start|p1a: Meowscarada|typechange|Fighting|[from] ability: Protean\n|-supereffective|p2a: Cobalion\n|-damage|p2a: Cobalion|0 fnt\n|faint|p2a: Cobalion\n|\n|upkeep\n|\n|t:|1699806639\n|switch|p2a: Sneasler|Sneasler, M|100\/100\n|turn|2\n|c|\u2606Moonwolf118|these women got hands\n|c|\u2606Viggo8000|so true\n|\n|t:|1699806656\n|switch|p1a: Nidoqueen|Nidoqueen, F|100\/100\n|move|p2a: Sneasler|Fake Out|p1a: Nidoqueen\n|-enditem|p2a: Sneasler|Normal Gem|[from] gem\n|-damage|p1a: Nidoqueen|82\/100\n|\n|-heal|p1a: Nidoqueen|88\/100|[from] item: Leftovers\n|upkeep\n|turn|3\n|c|\u2606Viggo8000|girlbosses even\n|\n|t:|1699806676\n|move|p2a: Sneasler|Acrobatics|p1a: Nidoqueen\n|-damage|p1a: Nidoqueen|46\/100\n|move|p1a: Nidoqueen|Earth Power|p2a: Sneasler\n|-supereffective|p2a: Sneasler\n|-damage|p2a: Sneasler|0 fnt\n|faint|p2a: Sneasler\n|\n|-heal|p1a: Nidoqueen|53\/100|[from] item: Leftovers\n|upkeep\n|\n|t:|1699806696\n|switch|p2a: Great Tusk|Great Tusk|100\/100\n|turn|4\n|\n|t:|1699806723\n|switch|p1a: Meowscarada|Meowscarada, F|100\/100\n|move|p2a: Great Tusk|Rapid Spin|p1a: Meowscarada\n|-damage|p1a: Meowscarada|75\/100\n|-boost|p2a: Great Tusk|spe|1\n|\n|upkeep\n|turn|5\n|\n|t:|1699806736\n|move|p2a: Great Tusk|Close Combat|p1a: Meowscarada\n|-supereffective|p1a: Meowscarada\n|-damage|p1a: Meowscarada|0 fnt\n|-unboost|p2a: Great Tusk|def|1\n|-unboost|p2a: Great Tusk|spd|1\n|faint|p1a: Meowscarada\n|\n|upkeep\n|\n|t:|1699806741\n|switch|p1a: Hatterene|Hatterene, F|100\/100\n|turn|6\n|\n|t:|1699806751\n|move|p2a: Great Tusk|Headlong Rush|p1a: Hatterene\n|-damage|p1a: Hatterene|47\/100\n|-unboost|p2a: Great Tusk|def|1\n|-unboost|p2a: Great Tusk|spd|1\n|move|p1a: Hatterene|Draining Kiss|p2a: Great Tusk\n|-supereffective|p2a: Great Tusk\n|-damage|p2a: Great Tusk|0 fnt\n|-heal|p1a: Hatterene|100\/100|[from] drain|[of] p2a: Great Tusk\n|faint|p2a: Great Tusk\n|-end|p2a: Great Tusk|Protosynthesis|[silent]\n|\n|upkeep\n|\n|t:|1699806766\n|switch|p2a: Lopunny|Lopunny, M|100\/100\n|turn|7\n|\n|t:|1699806783\n|detailschange|p2a: Lopunny|Lopunny-Mega, M\n|-mega|p2a: Lopunny|Lopunny|Lopunnite\n|move|p2a: Lopunny|Fake Out|p1a: Hatterene\n|-damage|p1a: Hatterene|83\/100\n|cant|p1a: Hatterene|flinch\n|\n|-heal|p1a: Hatterene|89\/100|[from] item: Leftovers\n|upkeep\n|turn|8\n|c|\u2606Viggo8000|idk why but that made me laugh lol\n|c|\u2606Viggo8000|tusk got kissed and died\n|c|\u2606Moonwolf118|yea lmao\n|\n|t:|1699806799\n|move|p2a: Lopunny|Ice Punch|p1a: Hatterene\n|-damage|p1a: Hatterene|68\/100\n|move|p1a: Hatterene|Draining Kiss|p2a: Lopunny\n|-supereffective|p2a: Lopunny\n|-crit|p2a: Lopunny\n|-damage|p2a: Lopunny|5\/100\n|-heal|p1a: Hatterene|100\/100|[from] drain|[of] p2a: Lopunny\n|\n|upkeep\n|turn|9\n|c|\u2606Moonwolf118|couldnt handle it\n|c|\u2606Moonwolf118|why ice punch over triple axel btw\n|\n|t:|1699806814\n|move|p2a: Lopunny|Ice Punch|p1a: Hatterene\n|-damage|p1a: Hatterene|77\/100\n|move|p1a: Hatterene|Draining Kiss|p2a: Lopunny\n|-supereffective|p2a: Lopunny\n|-damage|p2a: Lopunny|0 fnt\n|-heal|p1a: Hatterene|79\/100|[from] drain|[of] p2a: Lopunny\n|faint|p2a: Lopunny\n|\n|-heal|p1a: Hatterene|85\/100|[from] item: Leftovers\n|upkeep\n|c|\u2606Viggo8000|cause im stupid\n|c|\u2606Viggo8000|duh\n|c|\u2606Moonwolf118|oh ok\n|\n|t:|1699806826\n|switch|p2a: Kommo-o|Kommo-o, F|100\/100\n|turn|10\n|\n|t:|1699806833\n|move|p2a: Kommo-o|Boomburst|p1a: Hatterene\n|-damage|p1a: Hatterene|45\/100\n|move|p1a: Hatterene|Draining Kiss|p2a: Kommo-o\n|-supereffective|p2a: Kommo-o\n|-damage|p2a: Kommo-o|0 fnt\n|-heal|p1a: Hatterene|100\/100|[from] drain|[of] p2a: Kommo-o\n|faint|p2a: Kommo-o\n|\n|upkeep\n|\n|t:|1699806841\n|switch|p2a: Iron Valiant|Iron Valiant|100\/100\n|-enditem|p2a: Iron Valiant|Booster Energy\n|-activate|p2a: Iron Valiant|ability: Quark Drive|[fromitem]\n|-start|p2a: Iron Valiant|quarkdrivespe\n|turn|11\n|\n|t:|1699806850\n|move|p2a: Iron Valiant|Destiny Bond|p2a: Iron Valiant\n|-singlemove|p2a: Iron Valiant|Destiny Bond\n|move|p1a: Hatterene|Draining Kiss|p2a: Iron Valiant\n|-supereffective|p2a: Iron Valiant\n|-damage|p2a: Iron Valiant|15\/100\n|\n|upkeep\n|turn|12\n|c|\u2606Viggo8000|shit he didnt even die\n|c|\u2606Moonwolf118|everyone got kissed\n|c|\u2606Viggo8000|i wanted it to be funny\n|\n|t:|1699806867\n|move|p2a: Iron Valiant|Shadow Ball|p1a: Hatterene\n|-supereffective|p1a: Hatterene\n|-damage|p1a: Hatterene|49\/100\n|move|p1a: Hatterene|Draining Kiss|p2a: Iron Valiant\n|-supereffective|p2a: Iron Valiant\n|-damage|p2a: Iron Valiant|0 fnt\n|-heal|p1a: Hatterene|59\/100|[from] drain|[of] p2a: Iron Valiant\n|faint|p2a: Iron Valiant\n|-end|p2a: Iron Valiant|Quark Drive|[silent]\n|\n|win|Moonwolf118\n|raw|Moonwolf118's rating: 1290 &rarr; <strong>1322<\/strong><br \/>(+32 for winning)\n|raw|Viggo8000's rating: 1388 &rarr; <strong>1363<\/strong><br \/>(-25 for losing)\n|c|\u2606Moonwolf118|welp gg\n|c|\u2606Viggo8000|they all died to kisses\n|c|\u2606Viggo8000|gg!\n","uploadtime":1699806881,"views":6,"p1id":"moonwolf118","p2id":"viggo8000","formatid":"gen9nationaldex","rating":1322,"private":0,"password":""}