{"id":"gen9nationaldex-1996526363","p1":"elvisma","p2":"LEONERROR500","format":"[Gen 9] National Dex","log":"|html|<div class=\"broadcast-blue\"><strong>[Gen 9] National Dex is currently suspecting Sneasler! For information on how to participate check out the <a href=\"https:\/\/www.smogon.com\/forums\/threads\/sv-national-dex-suspect-8-just-dance.3731534\/\">suspect thread<\/a>.<\/strong><\/div>\n|j|\u2606elvisma\n|j|\u2606LEONERROR500\n|inactive|Battle timer is ON: inactive players will automatically lose when time's up.\n|t:|1700690716\n|gametype|singles\n|player|p1|elvisma|red-masters|\n|player|p2|LEONERROR500|red|\n|teamsize|p1|6\n|teamsize|p2|6\n|gen|9\n|tier|[Gen 9] National Dex\n|rated|Tournament battle\n|rule|HP Percentage Mod: HP is shown in percentages\n|rule|Endless Battle Clause: Forcing endless battles is banned\n|rule|OHKO Clause: OHKO moves are banned\n|rule|Evasion Clause: Evasion abilities, items, and moves are banned\n|rule|Evasion Abilities Clause: Evasion abilities are banned\n|rule|Evasion Items Clause: Evasion items are banned\n|rule|Evasion Moves Clause: Evasion moves are banned\n|rule|Species Clause: Limit one of each Pok\u00e9mon\n|rule|Sleep Clause Mod: Limit one foe put to sleep\n|clearpoke\n|poke|p1|Azelf|\n|poke|p1|Charizard, M|\n|poke|p1|Ribombee, M|\n|poke|p1|Great Tusk|\n|poke|p1|Ogerpon-Wellspring, F|\n|poke|p1|Victini|\n|poke|p2|Zoroark-Hisui, M|\n|poke|p2|Meowscarada, F|\n|poke|p2|Glimmora, M|\n|poke|p2|Great Tusk|\n|poke|p2|Ogerpon-Wellspring, F|\n|poke|p2|Zapdos|\n|teampreview\n|inactive|LEONERROR500 also wants the timer to be on.\n|c|\u2606LEONERROR500|glhf\n|j| test account dl\n|l| test account dl\n|inactive|elvisma has 120 seconds left.\n|\n|t:|1700690756\n|start\n|switch|p1a: Great Tusk|Great Tusk|100\/100\n|switch|p2a: Great Tusk|Great Tusk|100\/100\n|-enditem|p1a: Great Tusk|Booster Energy\n|-activate|p1a: Great Tusk|ability: Protosynthesis|[fromitem]\n|-start|p1a: Great Tusk|protosynthesisatk\n|turn|1\n|\n|t:|1700690764\n|move|p1a: Great Tusk|Rapid Spin|p2a: Great Tusk\n|-damage|p2a: Great Tusk|83\/100\n|-boost|p1a: Great Tusk|spe|1\n|move|p2a: Great Tusk|Ice Spinner|p1a: Great Tusk\n|-supereffective|p1a: Great Tusk\n|-damage|p1a: Great Tusk|36\/100\n|\n|upkeep\n|turn|2\n|\n|t:|1700690779\n|move|p1a: Great Tusk|Ice Spinner|p2a: Great Tusk\n|-supereffective|p2a: Great Tusk\n|-damage|p2a: Great Tusk|28\/100\n|move|p2a: Great Tusk|Ice Spinner|p1a: Great Tusk\n|-supereffective|p1a: Great Tusk\n|-damage|p1a: Great Tusk|0 fnt\n|faint|p1a: Great Tusk\n|-end|p1a: Great Tusk|Protosynthesis|[silent]\n|\n|upkeep\n|\n|t:|1700690785\n|switch|p1a: Azelf|Azelf|100\/100\n|turn|3\n|\n|t:|1700690789\n|move|p1a: Azelf|Dazzling Gleam|p2a: Great Tusk\n|-supereffective|p2a: Great Tusk\n|-damage|p2a: Great Tusk|0 fnt\n|faint|p2a: Great Tusk\n|-end|p2a: Great Tusk|Protosynthesis|[silent]\n|\n|upkeep\n|\n|t:|1700690791\n|switch|p2a: Meowscarada|Meowscarada, F|100\/100\n|turn|4\n|\n|t:|1700690797\n|move|p2a: Meowscarada|U-turn|p1a: Azelf\n|-start|p2a: Meowscarada|typechange|Bug|[from] ability: Protean\n|-supereffective|p1a: Azelf\n|-damage|p1a: Azelf|6\/100\n|\n|t:|1700690802\n|switch|p2a: Glimmora|Glimmora, M|100\/100|[from] U-turn\n|move|p1a: Azelf|Dazzling Gleam|p2a: Glimmora\n|-resisted|p2a: Glimmora\n|-damage|p2a: Glimmora|82\/100\n|\n|upkeep\n|turn|5\n|\n|t:|1700690806\n|move|p1a: Azelf|Mystical Power|p2a: Glimmora\n|-supereffective|p2a: Glimmora\n|-damage|p2a: Glimmora|0 fnt\n|-boost|p1a: Azelf|spa|1\n|faint|p2a: Glimmora\n|\n|upkeep\n|\n|t:|1700690810\n|switch|p2a: Meowscarada|Meowscarada, F|100\/100\n|turn|6\n|\n|t:|1700690813\n|move|p2a: Meowscarada|U-turn|p1a: Azelf\n|-start|p2a: Meowscarada|typechange|Bug|[from] ability: Protean\n|-supereffective|p1a: Azelf\n|-damage|p1a: Azelf|0 fnt\n|faint|p1a: Azelf\n|\n|t:|1700690816\n|switch|p2a: Ogerpon|Ogerpon-Wellspring, F|100\/100|[from] U-turn\n|\n|upkeep\n|\n|t:|1700690824\n|switch|p1a: Ribombee|Ribombee, M|100\/100\n|turn|7\n|\n|t:|1700690829\n|move|p2a: Ogerpon|Flamethrower|p1a: Ribombee\n|-supereffective|p1a: Ribombee\n|-enditem|p1a: Ribombee|Focus Sash\n|-damage|p1a: Ribombee|1\/100\n|-damage|p2a: Ogerpon|91\/100|[from] item: Life Orb\n|move|p1a: Ribombee|Quiver Dance|p1a: Ribombee\n|-boost|p1a: Ribombee|spa|1\n|-boost|p1a: Ribombee|spd|1\n|-boost|p1a: Ribombee|spe|1\n|\n|upkeep\n|turn|8\n|\n|t:|1700690837\n|move|p1a: Ribombee|Moonblast|p2a: Ogerpon\n|-damage|p2a: Ogerpon|0 fnt\n|replace|p2a: Zoroark|Zoroark-Hisui, M, shiny\n|-end|p2a: Zoroark|Illusion\n|faint|p2a: Zoroark\n|\n|upkeep\n|\n|t:|1700690839\n|switch|p2a: Meowscarada|Meowscarada, F|100\/100\n|turn|9\n|\n|t:|1700690845\n|move|p2a: Meowscarada|U-turn|p1a: Ribombee\n|-start|p2a: Meowscarada|typechange|Bug|[from] ability: Protean\n|-resisted|p1a: Ribombee\n|-damage|p1a: Ribombee|0 fnt\n|faint|p1a: Ribombee\n|\n|t:|1700690851\n|switch|p2a: Zapdos|Zapdos|100\/100|[from] U-turn\n|\n|upkeep\n|\n|t:|1700690859\n|switch|p1a: Charizard|Charizard, M|100\/100\n|turn|10\n|\n|t:|1700690868\n|detailschange|p1a: Charizard|Charizard-Mega-X, M\n|-mega|p1a: Charizard|Charizard|Charizardite X\n|move|p1a: Charizard|Dragon Dance|p1a: Charizard\n|-boost|p1a: Charizard|atk|1\n|-boost|p1a: Charizard|spe|1\n|move|p2a: Zapdos|Volt Switch|p1a: Charizard\n|-resisted|p1a: Charizard\n|-damage|p1a: Charizard|80\/100\n|\n|t:|1700690872\n|switch|p2a: Meowscarada|Meowscarada, F|100\/100|[from] Volt Switch\n|\n|upkeep\n|turn|11\n|\n|t:|1700690877\n|move|p2a: Meowscarada|Play Rough|p1a: Charizard\n|-start|p2a: Meowscarada|typechange|Fairy|[from] ability: Protean\n|-damage|p1a: Charizard|40\/100\n|move|p1a: Charizard|Dragon Claw|p2a: Meowscarada\n|-immune|p2a: Meowscarada\n|\n|upkeep\n|turn|12\n|\n|t:|1700690883\n|switch|p1a: Victini|Victini|100\/100\n|move|p2a: Meowscarada|Play Rough|p1a: Victini\n|-resisted|p1a: Victini\n|-damage|p1a: Victini|79\/100\n|\n|upkeep\n|turn|13\n|\n|t:|1700690887\n|switch|p2a: Zapdos|Zapdos|100\/100\n|-zpower|p1a: Victini\n|move|p1a: Victini|Z-Celebrate|p1a: Victini|[anim]Celebrate\n|-boost|p1a: Victini|atk|1|[zeffect]\n|-boost|p1a: Victini|def|1|[zeffect]\n|-boost|p1a: Victini|spa|1|[zeffect]\n|-boost|p1a: Victini|spd|1|[zeffect]\n|-boost|p1a: Victini|spe|1|[zeffect]\n|-activate|p1a: Victini|move: Celebrate\n|\n|upkeep\n|turn|14\n|\n|t:|1700690891\n|move|p1a: Victini|Searing Shot|p2a: Zapdos\n|-damage|p2a: Zapdos|46\/100\n|-status|p2a: Zapdos|brn\n|move|p2a: Zapdos|Volt Switch|p1a: Victini\n|-damage|p1a: Victini|59\/100\n|\n|t:|1700690893\n|switch|p2a: Ogerpon|Ogerpon-Wellspring, F|100\/100|[from] Volt Switch\n|\n|upkeep\n|turn|15\n|\n|t:|1700690899\n|-terastallize|p2a: Ogerpon|Water\n|detailschange|p2a: Ogerpon|Ogerpon-Wellspring-Tera, F, tera:Water\n|-ability|p2a: Ogerpon|Embody Aspect (Wellspring)|boost\n|-boost|p2a: Ogerpon|spd|1\n|move|p1a: Victini|Energy Ball|p2a: Ogerpon\n|-supereffective|p2a: Ogerpon\n|-damage|p2a: Ogerpon|43\/100\n|move|p2a: Ogerpon|Ivy Cudgel|p1a: Victini|[anim] Ivy Cudgel Water\n|-supereffective|p1a: Victini\n|-damage|p1a: Victini|0 fnt\n|faint|p1a: Victini\n|\n|upkeep\n|\n|t:|1700690904\n|switch|p1a: Ogerpon|Ogerpon-Wellspring, F|100\/100\n|turn|16\n|\n|t:|1700690907\n|switch|p2a: Zapdos|Zapdos|46\/100 brn\n|move|p1a: Ogerpon|Horn Leech|p2a: Zapdos\n|-resisted|p2a: Zapdos\n|-crit|p2a: Zapdos\n|-damage|p2a: Zapdos|21\/100 brn\n|\n|-damage|p2a: Zapdos|15\/100 brn|[from] brn\n|upkeep\n|turn|17\n|\n|t:|1700690913\n|move|p1a: Ogerpon|Ivy Cudgel|p2a: Zapdos|[anim] Ivy Cudgel Water\n|-damage|p2a: Zapdos|0 fnt\n|faint|p2a: Zapdos\n|\n|upkeep\n|\n|t:|1700690916\n|switch|p2a: Meowscarada|Meowscarada, F|100\/100\n|turn|18\n|\n|t:|1700690928\n|switch|p1a: Charizard|Charizard-Mega-X, M|40\/100\n|move|p2a: Meowscarada|U-turn|p1a: Charizard\n|-start|p2a: Meowscarada|typechange|Bug|[from] ability: Protean\n|-resisted|p1a: Charizard\n|-damage|p1a: Charizard|23\/100\n|\n|t:|1700690931\n|switch|p2a: Ogerpon|Ogerpon-Wellspring-Tera, F, tera:Water|43\/100|[from] U-turn\n|-ability|p2a: Ogerpon|Embody Aspect (Wellspring)|boost\n|-boost|p2a: Ogerpon|spd|1\n|\n|upkeep\n|turn|19\n|\n|t:|1700690935\n|move|p2a: Ogerpon|Superpower|p1a: Charizard\n|-damage|p1a: Charizard|0 fnt\n|-unboost|p2a: Ogerpon|atk|1\n|-unboost|p2a: Ogerpon|def|1\n|faint|p1a: Charizard\n|\n|upkeep\n|\n|t:|1700690938\n|switch|p1a: Ogerpon|Ogerpon-Wellspring, F|100\/100\n|turn|20\n|\n|t:|1700690942\n|move|p2a: Ogerpon|Power Whip|p1a: Ogerpon\n|-damage|p1a: Ogerpon|38\/100\n|move|p1a: Ogerpon|Play Rough|p2a: Ogerpon\n|-damage|p2a: Ogerpon|0 fnt\n|faint|p2a: Ogerpon\n|\n|upkeep\n|\n|t:|1700690946\n|switch|p2a: Meowscarada|Meowscarada, F|100\/100\n|turn|21\n|c|\u2606elvisma|dam it\n|c|\u2606elvisma|i lost the speed tie\n|\n|t:|1700690966\n|move|p2a: Meowscarada|Flower Trick|p1a: Ogerpon\n|-start|p2a: Meowscarada|typechange|Grass|[from] ability: Protean\n|-crit|p1a: Ogerpon\n|-damage|p1a: Ogerpon|0 fnt\n|faint|p1a: Ogerpon\n|\n|win|LEONERROR500\n|n|\u2606elvisma|elvisma\n|n|\u2606LEONERROR500|leonerror500\n|c|\u2606elvisma|gg\n|c|\u2606LEONERROR500|gg\n","uploadtime":1700690973,"views":1,"p1id":"elvisma","p2id":"leonerror500","formatid":"gen9nationaldex","rating":0,"private":0,"password":""}