{"id":"gen9nationaldex-1990280029","p1":"gying","p2":"Sonanta","format":"[Gen 9] National Dex","log":"|j|\u2606gying\n|j|\u2606Sonanta\n|t:|1699949858\n|gametype|singles\n|player|p1|gying|steven|1461\n|player|p2|Sonanta|flint|1570\n|teamsize|p1|6\n|teamsize|p2|6\n|gen|9\n|tier|[Gen 9] National Dex\n|rated|\n|rule|HP Percentage Mod: HP is shown in percentages\n|rule|Endless Battle Clause: Forcing endless battles is banned\n|rule|OHKO Clause: OHKO moves are banned\n|rule|Evasion Clause: Evasion abilities, items, and moves are banned\n|rule|Evasion Abilities Clause: Evasion abilities are banned\n|rule|Evasion Items Clause: Evasion items are banned\n|rule|Evasion Moves Clause: Evasion moves are banned\n|rule|Species Clause: Limit one of each Pok\u00e9mon\n|rule|Sleep Clause Mod: Limit one foe put to sleep\n|clearpoke\n|poke|p1|Glimmora, F|\n|poke|p1|Greninja-*, M|\n|poke|p1|Scizor, M|\n|poke|p1|Tapu Koko|\n|poke|p1|Sneasler, F|\n|poke|p1|Rotom-Wash|\n|poke|p2|Garchomp, M|\n|poke|p2|Dondozo, M|\n|poke|p2|Scizor, F|\n|poke|p2|Chansey, F|\n|poke|p2|Zapdos|\n|poke|p2|Heatran, M|\n|teampreview\n|j| SierraA\n|l| SierraA\n|\n|t:|1699949886\n|start\n|switch|p1a: Greninja|Greninja, M|100\/100\n|switch|p2a: Dondozo|Dondozo, M, shiny|100\/100\n|turn|1\n|\n|t:|1699949893\n|switch|p2a: Chansey|Chansey, F|100\/100\n|move|p1a: Greninja|Dark Pulse|p2a: Chansey\n|-damage|p2a: Chansey|90\/100\n|\n|upkeep\n|turn|2\n|inactive|Battle timer is ON: inactive players will automatically lose when time's up. (requested by Sonanta)\n|\n|t:|1699949924\n|switch|p1a: Glimmora|Glimmora, F|100\/100\n|move|p2a: Chansey|Seismic Toss|p1a: Glimmora\n|-damage|p1a: Glimmora|73\/100\n|-activate|p1a: Glimmora|ability: Toxic Debris\n|-sidestart|p2: Sonanta|move: Toxic Spikes\n|\n|upkeep\n|turn|3\n|\n|t:|1699949931\n|switch|p2a: iron-bug|Scizor, F|100\/100\n|move|p1a: Glimmora|Stealth Rock|p2a: iron-bug\n|-sidestart|p2: Sonanta|move: Stealth Rock\n|\n|upkeep\n|turn|4\n|\n|t:|1699949940\n|detailschange|p2a: iron-bug|Scizor-Mega, F\n|-mega|p2a: iron-bug|Scizor|Scizorite\n|move|p1a: Glimmora|Earth Power|p2a: iron-bug\n|-damage|p2a: iron-bug|71\/100\n|move|p2a: iron-bug|U-turn|p1a: Glimmora\n|-resisted|p1a: Glimmora\n|-damage|p1a: Glimmora|49\/100\n|-activate|p1a: Glimmora|ability: Toxic Debris\n|-sidestart|p2: Sonanta|move: Toxic Spikes\n|\n|t:|1699949957\n|switch|p2a: Dondozo|Dondozo, M, shiny|100\/100|[from] U-turn\n|-status|p2a: Dondozo|tox\n|-damage|p2a: Dondozo|88\/100 tox|[from] Stealth Rock\n|\n|-heal|p2a: Dondozo|94\/100 tox|[from] item: Leftovers\n|-damage|p2a: Dondozo|88\/100 tox|[from] psn\n|upkeep\n|turn|5\n|\n|t:|1699949968\n|move|p1a: Glimmora|Spikes|p2a: Dondozo\n|-sidestart|p2: Sonanta|Spikes\n|move|p2a: Dondozo|Wave Crash|p1a: Glimmora\n|-supereffective|p1a: Glimmora\n|-damage|p1a: Glimmora|0 fnt\n|faint|p1a: Glimmora\n|-damage|p2a: Dondozo|76\/100 tox|[from] Recoil\n|\n|-heal|p2a: Dondozo|82\/100 tox|[from] item: Leftovers\n|-damage|p2a: Dondozo|70\/100 tox|[from] psn\n|upkeep\n|\n|t:|1699949979\n|switch|p1a: Tapu Koko|Tapu Koko|100\/100\n|-fieldstart|move: Electric Terrain|[from] ability: Electric Surge|[of] p1a: Tapu Koko\n|turn|6\n|\n|t:|1699949986\n|switch|p2a: Chansey|Chansey, F|90\/100\n|-status|p2a: Chansey|tox\n|-damage|p2a: Chansey|77\/100 tox|[from] Stealth Rock\n|-damage|p2a: Chansey|65\/100 tox|[from] Spikes\n|move|p1a: Tapu Koko|Hidden Power|p2a: Chansey\n|-damage|p2a: Chansey|60\/100 tox\n|\n|-damage|p2a: Chansey|53\/100 tox|[from] psn\n|upkeep\n|turn|7\n|\n|t:|1699949997\n|switch|p1a: Rotom|Rotom-Wash|100\/100\n|move|p2a: Chansey|Soft-Boiled|p2a: Chansey\n|-heal|p2a: Chansey|100\/100 tox\n|\n|-damage|p2a: Chansey|88\/100 tox|[from] psn\n|upkeep\n|turn|8\n|\n|t:|1699950005\n|move|p1a: Rotom|Volt Switch|p2a: Chansey\n|-damage|p2a: Chansey|81\/100 tox\n|\n|t:|1699950010\n|switch|p1a: Tapu Koko|Tapu Koko|100\/100|[from] Volt Switch\n|move|p2a: Chansey|Toxic|p1a: Tapu Koko\n|-status|p1a: Tapu Koko|tox\n|\n|-damage|p1a: Tapu Koko|94\/100 tox|[from] psn\n|-damage|p2a: Chansey|62\/100 tox|[from] psn\n|upkeep\n|turn|9\n|\n|t:|1699950019\n|switch|p1a: Scizor|Scizor, M|100\/100\n|move|p2a: Chansey|Heal Bell|p2a: Chansey\n|-activate|p2a: Chansey|move: Heal Bell\n|-curestatus|p2a: Chansey|tox|[msg]\n|-curestatus|p2: Dondozo|tox|[msg]\n|\n|upkeep\n|turn|10\n|\n|t:|1699950026\n|switch|p2a: Zapdos|Zapdos|100\/100\n|detailschange|p1a: Scizor|Scizor-Mega, M\n|-mega|p1a: Scizor|Scizor|Scizorite\n|move|p1a: Scizor|Swords Dance|p1a: Scizor\n|-boost|p1a: Scizor|atk|2\n|\n|-fieldend|move: Electric Terrain\n|upkeep\n|turn|11\n|\n|t:|1699950034\n|move|p2a: Zapdos|Defog|p1a: Scizor\n|-unboost|p1a: Scizor|evasion|1\n|-sideend|p2: Sonanta|Spikes|[from] move: Defog|[of] p2a: Zapdos\n|-sideend|p2: Sonanta|Toxic Spikes|[from] move: Defog|[of] p2a: Zapdos\n|-sideend|p2: Sonanta|Stealth Rock|[from] move: Defog|[of] p2a: Zapdos\n|move|p1a: Scizor|Knock Off|p2a: Zapdos\n|-damage|p2a: Zapdos|54\/100\n|-status|p1a: Scizor|par|[from] ability: Static|[of] p2a: Zapdos\n|-enditem|p2a: Zapdos|Heavy-Duty Boots|[from] move: Knock Off|[of] p1a: Scizor\n|\n|upkeep\n|turn|12\n|\n|t:|1699950043\n|cant|p1a: Scizor|par\n|move|p2a: Zapdos|Volt Switch|p1a: Scizor\n|-damage|p1a: Scizor|72\/100 par\n|\n|t:|1699950047\n|switch|p2a: Dondozo|Dondozo, M, shiny|70\/100|[from] Volt Switch\n|\n|-heal|p2a: Dondozo|76\/100|[from] item: Leftovers\n|upkeep\n|turn|13\n|\n|t:|1699950054\n|move|p2a: Dondozo|Wave Crash|p1a: Scizor\n|-damage|p1a: Scizor|48\/100 par\n|-damage|p2a: Dondozo|71\/100|[from] Recoil\n|move|p1a: Scizor|Knock Off|p2a: Dondozo\n|-damage|p2a: Dondozo|56\/100\n|-enditem|p2a: Dondozo|Leftovers|[from] move: Knock Off|[of] p1a: Scizor\n|\n|upkeep\n|turn|14\n|\n|t:|1699950066\n|move|p1a: Scizor|Bullet Punch|p2a: Dondozo\n|-resisted|p2a: Dondozo\n|-damage|p2a: Dondozo|50\/100\n|move|p2a: Dondozo|Wave Crash|p1a: Scizor\n|-damage|p1a: Scizor|23\/100 par\n|-damage|p2a: Dondozo|45\/100|[from] Recoil\n|\n|upkeep\n|turn|15\n|\n|t:|1699950077\n|switch|p1a: Tapu Koko|Tapu Koko|94\/100 tox\n|-fieldstart|move: Electric Terrain|[from] ability: Electric Surge|[of] p1a: Tapu Koko\n|move|p2a: Dondozo|Rest||[still]\n|-activate|p2a: Dondozo|move: Electric Terrain\n|-fail|p2a: Dondozo\n|\n|-damage|p1a: Tapu Koko|88\/100 tox|[from] psn\n|upkeep\n|turn|16\n|\n|t:|1699950088\n|switch|p2a: Chansey|Chansey, F|62\/100\n|move|p1a: Tapu Koko|Dazzling Gleam|p2a: Chansey\n|-damage|p2a: Chansey|52\/100\n|\n|-damage|p1a: Tapu Koko|76\/100 tox|[from] psn\n|upkeep\n|turn|17\n|\n|t:|1699950098\n|switch|p1a: Sneasler|Sneasler, F|100\/100\n|-enditem|p1a: Sneasler|Electric Seed\n|-boost|p1a: Sneasler|def|1|[from] item: Electric Seed\n|move|p2a: Chansey|Soft-Boiled|p2a: Chansey\n|-heal|p2a: Chansey|100\/100\n|\n|upkeep\n|turn|18\n|\n|t:|1699950106\n|switch|p2a: Dondozo|Dondozo, M, shiny|45\/100\n|move|p1a: Sneasler|Fake Out|p2a: Dondozo\n|-damage|p2a: Dondozo|38\/100\n|\n|upkeep\n|turn|19\n|\n|t:|1699950116\n|move|p1a: Sneasler|Dire Claw|p2a: Dondozo\n|-damage|p2a: Dondozo|18\/100\n|move|p2a: Dondozo|Rest||[still]\n|-activate|p2a: Dondozo|move: Electric Terrain\n|-fail|p2a: Dondozo\n|\n|-fieldend|move: Electric Terrain\n|upkeep\n|turn|20\n|\n|t:|1699950128\n|switch|p2a: Zapdos|Zapdos|54\/100\n|move|p1a: Sneasler|Dire Claw|p2a: Zapdos\n|-damage|p2a: Zapdos|27\/100\n|-status|p2a: Zapdos|slp\n|\n|upkeep\n|turn|21\n|\n|t:|1699950136\n|switch|p2a: iron-bug|Scizor-Mega, F|71\/100\n|move|p1a: Sneasler|Dire Claw|p2a: iron-bug\n|-immune|p2a: iron-bug\n|\n|upkeep\n|turn|22\n|\n|t:|1699950145\n|move|p1a: Sneasler|Close Combat|p2a: iron-bug\n|-damage|p2a: iron-bug|22\/100\n|-unboost|p1a: Sneasler|def|1\n|-unboost|p1a: Sneasler|spd|1\n|move|p2a: iron-bug|U-turn|p1a: Sneasler\n|-resisted|p1a: Sneasler\n|-damage|p1a: Sneasler|83\/100\n|\n|t:|1699950155\n|switch|p2a: Dragon hunter|Garchomp, M, shiny|100\/100|[from] U-turn\n|\n|upkeep\n|turn|23\n|\n|t:|1699950163\n|-terastallize|p1a: Sneasler|Flying\n|move|p1a: Sneasler|Acrobatics|p2a: Dragon hunter\n|-damage|p2a: Dragon hunter|38\/100\n|-damage|p1a: Sneasler|71\/100|[from] ability: Rough Skin|[of] p2a: Dragon hunter\n|move|p2a: Dragon hunter|Outrage|p1a: Sneasler\n|-damage|p1a: Sneasler|0 fnt\n|faint|p1a: Sneasler\n|\n|upkeep\n|\n|t:|1699950169\n|switch|p1a: Greninja|Greninja, M|100\/100\n|turn|24\n|\n|t:|1699950178\n|move|p2a: Dragon hunter|Outrage|p1a: Greninja|[from]lockedmove\n|-damage|p1a: Greninja|0 fnt\n|faint|p1a: Greninja\n|\n|upkeep\n|\n|t:|1699950185\n|switch|p1a: Rotom|Rotom-Wash|100\/100\n|turn|25\n|\n|t:|1699950189\n|move|p2a: Dragon hunter|Outrage|p1a: Rotom|[from]lockedmove\n|-crit|p1a: Rotom\n|-damage|p1a: Rotom|18\/100\n|-start|p2a: Dragon hunter|confusion|[fatigue]\n|move|p1a: Rotom|Will-O-Wisp|p2a: Dragon hunter\n|-status|p2a: Dragon hunter|brn\n|\n|-heal|p1a: Rotom|24\/100|[from] item: Leftovers\n|-damage|p2a: Dragon hunter|32\/100 brn|[from] brn\n|upkeep\n|turn|26\n|\n|t:|1699950202\n|switch|p2a: Chansey|Chansey, F|100\/100\n|switch|p1a: Tapu Koko|Tapu Koko|76\/100 tox\n|-fieldstart|move: Electric Terrain|[from] ability: Electric Surge|[of] p1a: Tapu Koko\n|\n|-damage|p1a: Tapu Koko|70\/100 tox|[from] psn\n|upkeep\n|turn|27\n|\n|t:|1699950210\n|move|p1a: Tapu Koko|U-turn|p2a: Chansey\n|-damage|p2a: Chansey|89\/100\n|\n|t:|1699950214\n|switch|p1a: Rotom|Rotom-Wash|24\/100|[from] U-turn\n|move|p2a: Chansey|Heal Bell|p2a: Chansey\n|-activate|p2a: Chansey|move: Heal Bell\n|-curestatus|p2: Zapdos|slp|[msg]\n|-curestatus|p2: Dragon hunter|brn|[msg]\n|\n|-heal|p1a: Rotom|30\/100|[from] item: Leftovers\n|upkeep\n|turn|28\n|\n|t:|1699950222\n|move|p1a: Rotom|Pain Split|p2a: Chansey\n|-sethp|p2a: Chansey|51\/100|[from] move: Pain Split|[silent]\n|-sethp|p1a: Rotom|100\/100|[from] move: Pain Split\n|move|p2a: Chansey|Seismic Toss|p1a: Rotom\n|-damage|p1a: Rotom|68\/100\n|\n|-heal|p1a: Rotom|74\/100|[from] item: Leftovers\n|upkeep\n|turn|29\n|\n|t:|1699950231\n|move|p1a: Rotom|Will-O-Wisp|p2a: Chansey\n|-status|p2a: Chansey|brn\n|move|p2a: Chansey|Toxic|p1a: Rotom\n|-status|p1a: Rotom|tox\n|\n|-heal|p1a: Rotom|80\/100 tox|[from] item: Leftovers\n|-damage|p1a: Rotom|74\/100 tox|[from] psn\n|-damage|p2a: Chansey|45\/100 brn|[from] brn\n|upkeep\n|turn|30\n|\n|t:|1699950240\n|move|p1a: Rotom|Hydro Pump|p2a: Chansey\n|-damage|p2a: Chansey|34\/100 brn\n|move|p2a: Chansey|Soft-Boiled|p2a: Chansey\n|-heal|p2a: Chansey|84\/100 brn\n|\n|-heal|p1a: Rotom|80\/100 tox|[from] item: Leftovers\n|-damage|p1a: Rotom|68\/100 tox|[from] psn\n|-damage|p2a: Chansey|78\/100 brn|[from] brn\n|-fieldend|move: Electric Terrain\n|upkeep\n|turn|31\n|\n|t:|1699950262\n|move|p1a: Rotom|Pain Split|p2a: Chansey\n|-sethp|p2a: Chansey|54\/100 brn|[from] move: Pain Split|[silent]\n|-sethp|p1a: Rotom|100\/100 tox|[from] move: Pain Split\n|move|p2a: Chansey|Seismic Toss|p1a: Rotom\n|-damage|p1a: Rotom|68\/100 tox\n|\n|-heal|p1a: Rotom|74\/100 tox|[from] item: Leftovers\n|-damage|p1a: Rotom|55\/100 tox|[from] psn\n|-damage|p2a: Chansey|48\/100 brn|[from] brn\n|upkeep\n|turn|32\n|\n|t:|1699950272\n|move|p1a: Rotom|Pain Split|p2a: Chansey\n|-sethp|p2a: Chansey|36\/100 brn|[from] move: Pain Split|[silent]\n|-sethp|p1a: Rotom|82\/100 tox|[from] move: Pain Split\n|move|p2a: Chansey|Soft-Boiled|p2a: Chansey\n|-heal|p2a: Chansey|86\/100 brn\n|\n|-heal|p1a: Rotom|88\/100 tox|[from] item: Leftovers\n|-damage|p1a: Rotom|63\/100 tox|[from] psn\n|-damage|p2a: Chansey|79\/100 brn|[from] brn\n|upkeep\n|turn|33\n|\n|t:|1699950283\n|move|p1a: Rotom|Pain Split|p2a: Chansey\n|-sethp|p2a: Chansey|53\/100 brn|[from] move: Pain Split|[silent]\n|-sethp|p1a: Rotom|100\/100 tox|[from] move: Pain Split\n|move|p2a: Chansey|Seismic Toss|p1a: Rotom\n|-damage|p1a: Rotom|68\/100 tox\n|\n|-heal|p1a: Rotom|74\/100 tox|[from] item: Leftovers\n|-damage|p1a: Rotom|43\/100 tox|[from] psn\n|-damage|p2a: Chansey|47\/100 brn|[from] brn\n|upkeep\n|turn|34\n|\n|t:|1699950300\n|-curestatus|p2a: Chansey|brn|[from] ability: Natural Cure\n|switch|p2a: Dragon hunter|Garchomp, M, shiny|32\/100\n|move|p1a: Rotom|Hydro Pump|p2a: Dragon hunter\n|-damage|p2a: Dragon hunter|0 fnt\n|faint|p2a: Dragon hunter\n|\n|-heal|p1a: Rotom|49\/100 tox|[from] item: Leftovers\n|-damage|p1a: Rotom|11\/100 tox|[from] psn\n|upkeep\n|\n|t:|1699950311\n|switch|p2a: iron-bug|Scizor-Mega, F|22\/100\n|turn|35\n|\n|t:|1699950317\n|move|p2a: iron-bug|Bullet Punch|p1a: Rotom\n|-resisted|p1a: Rotom\n|-damage|p1a: Rotom|3\/100 tox\n|move|p1a: Rotom|Pain Split|p2a: iron-bug\n|-sethp|p2a: iron-bug|13\/100|[from] move: Pain Split|[silent]\n|-sethp|p1a: Rotom|12\/100 tox|[from] move: Pain Split\n|\n|-heal|p1a: Rotom|18\/100 tox|[from] item: Leftovers\n|-damage|p1a: Rotom|0 fnt|[from] psn\n|faint|p1a: Rotom\n|upkeep\n|\n|t:|1699950325\n|switch|p1a: Scizor|Scizor-Mega, M|23\/100 par\n|turn|36\n|\n|t:|1699950329\n|move|p2a: iron-bug|Close Combat|p1a: Scizor\n|-damage|p1a: Scizor|0 fnt\n|-unboost|p2a: iron-bug|def|1\n|-unboost|p2a: iron-bug|spd|1\n|faint|p1a: Scizor\n|\n|upkeep\n|\n|t:|1699950331\n|switch|p1a: Tapu Koko|Tapu Koko|70\/100 tox\n|-fieldstart|move: Electric Terrain|[from] ability: Electric Surge|[of] p1a: Tapu Koko\n|turn|37\n|\n|t:|1699950339\n|move|p2a: iron-bug|Bullet Punch|p1a: Tapu Koko\n|-damage|p1a: Tapu Koko|20\/100 tox\n|move|p1a: Tapu Koko|Thunderbolt|p2a: iron-bug\n|-damage|p2a: iron-bug|0 fnt\n|faint|p2a: iron-bug\n|\n|-damage|p1a: Tapu Koko|14\/100 tox|[from] psn\n|upkeep\n|\n|t:|1699950349\n|switch|p2a: Chansey|Chansey, F|47\/100\n|turn|38\n|\n|t:|1699950352\n|move|p1a: Tapu Koko|Thunderbolt|p2a: Chansey\n|-damage|p2a: Chansey|33\/100\n|move|p2a: Chansey|Seismic Toss|p1a: Tapu Koko\n|-damage|p1a: Tapu Koko|0 fnt\n|faint|p1a: Tapu Koko\n|\n|win|Sonanta\n|raw|gying's rating: 1461 &rarr; <strong>1447<\/strong><br \/>(-14 for losing)\n|raw|Sonanta's rating: 1570 &rarr; <strong>1584<\/strong><br \/>(+14 for winning)\n|l|\u2606gying\n","uploadtime":1699950373,"views":15,"p1id":"gying","p2id":"sonanta","formatid":"gen9nationaldex","rating":1447,"private":0,"password":""}