{"id":"gen9nationaldex-1996711767","p1":"guerdola","p2":"Tulen Desmond","format":"[Gen 9] National Dex","log":"|html|<div class=\"broadcast-blue\"><strong>[Gen 9] National Dex is currently suspecting Sneasler! For information on how to participate check out the <a href=\"https:\/\/www.smogon.com\/forums\/threads\/sv-national-dex-suspect-8-just-dance.3731534\/\">suspect thread<\/a>.<\/strong><\/div>\n|j|\u2606guerdola\n|j|\u2606Tulen Desmond\n|t:|1700713042\n|gametype|singles\n|player|p1|guerdola|265|1063\n|player|p2|Tulen Desmond|pokemaniac|1025\n|teamsize|p1|6\n|teamsize|p2|6\n|gen|9\n|tier|[Gen 9] National Dex\n|rated|\n|rule|HP Percentage Mod: HP is shown in percentages\n|rule|Endless Battle Clause: Forcing endless battles is banned\n|rule|OHKO Clause: OHKO moves are banned\n|rule|Evasion Clause: Evasion abilities, items, and moves are banned\n|rule|Evasion Abilities Clause: Evasion abilities are banned\n|rule|Evasion Items Clause: Evasion items are banned\n|rule|Evasion Moves Clause: Evasion moves are banned\n|rule|Species Clause: Limit one of each Pok\u00e9mon\n|rule|Sleep Clause Mod: Limit one foe put to sleep\n|clearpoke\n|poke|p1|Gliscor, M|\n|poke|p1|Garchomp, F|\n|poke|p1|Ferrothorn, F|\n|poke|p1|Tyrantrum, M|\n|poke|p1|Cloyster, F|\n|poke|p1|Reuniclus, M|\n|poke|p2|Gyarados, F|\n|poke|p2|Victini|\n|poke|p2|Gengar, M|\n|poke|p2|Kommo-o, M|\n|poke|p2|Venusaur, M|\n|poke|p2|Scream Tail|\n|teampreview\n|\n|t:|1700713098\n|start\n|switch|p1a: Ferrothorn|Ferrothorn, F|100\/100\n|switch|p2a: Grace|Gyarados, F|100\/100\n|turn|1\n|\n|t:|1700713106\n|switch|p2a: Venusaur|Venusaur, M|100\/100\n|move|p1a: Ferrothorn|Spikes|p2a: Venusaur\n|-sidestart|p2: Tulen Desmond|Spikes\n|\n|upkeep\n|turn|2\n|\n|t:|1700713117\n|move|p2a: Venusaur|Sunny Day|p2a: Venusaur\n|-weather|SunnyDay\n|move|p1a: Ferrothorn|Knock Off|p2a: Venusaur\n|-damage|p2a: Venusaur|71\/100\n|-enditem|p2a: Venusaur|Black Sludge|[from] move: Knock Off|[of] p1a: Ferrothorn\n|\n|-weather|SunnyDay|[upkeep]\n|upkeep\n|turn|3\n|\n|t:|1700713128\n|move|p2a: Venusaur|Weather Ball|p1a: Ferrothorn\n|-supereffective|p1a: Ferrothorn\n|-damage|p1a: Ferrothorn|0 fnt\n|faint|p1a: Ferrothorn\n|\n|-weather|SunnyDay|[upkeep]\n|upkeep\n|\n|t:|1700713144\n|switch|p1a: Tyrantrum|Tyrantrum, M|100\/100\n|turn|4\n|\n|t:|1700713149\n|move|p2a: Venusaur|Sleep Powder|p1a: Tyrantrum\n|-status|p1a: Tyrantrum|slp|[from] move: Sleep Powder\n|cant|p1a: Tyrantrum|slp\n|\n|-weather|SunnyDay|[upkeep]\n|upkeep\n|turn|5\n|\n|t:|1700713159\n|move|p2a: Venusaur|Solar Beam||[still]\n|-prepare|p2a: Venusaur|Solar Beam\n|-anim|p2a: Venusaur|Solar Beam|p1a: Tyrantrum\n|-damage|p1a: Tyrantrum|0 fnt\n|faint|p1a: Tyrantrum\n|\n|-weather|SunnyDay|[upkeep]\n|upkeep\n|\n|t:|1700713167\n|switch|p1a: Reuniclus|Reuniclus, M|100\/100\n|turn|6\n|\n|t:|1700713177\n|move|p2a: Venusaur|Weather Ball|p1a: Reuniclus\n|-damage|p1a: Reuniclus|58\/100\n|move|p1a: Reuniclus|Calm Mind|p1a: Reuniclus\n|-boost|p1a: Reuniclus|spa|1\n|-boost|p1a: Reuniclus|spd|1\n|\n|-weather|none\n|upkeep\n|turn|7\n|\n|t:|1700713185\n|move|p2a: Venusaur|Sunny Day|p2a: Venusaur\n|-weather|SunnyDay\n|move|p1a: Reuniclus|Psyshock|p2a: Venusaur\n|-supereffective|p2a: Venusaur\n|-damage|p2a: Venusaur|0 fnt\n|faint|p2a: Venusaur\n|\n|-weather|SunnyDay|[upkeep]\n|upkeep\n|\n|t:|1700713193\n|switch|p2a: Garry|Gengar, M|100\/100\n|-damage|p2a: Garry|88\/100|[from] Spikes\n|turn|8\n|\n|t:|1700713200\n|move|p2a: Garry|Will-O-Wisp|p1a: Reuniclus\n|-status|p1a: Reuniclus|brn\n|move|p1a: Reuniclus|Psyshock|p2a: Garry\n|-supereffective|p2a: Garry\n|-damage|p2a: Garry|0 fnt\n|faint|p2a: Garry\n|\n|-weather|SunnyDay|[upkeep]\n|upkeep\n|\n|t:|1700713212\n|switch|p2a: Grace|Gyarados, F|100\/100\n|turn|9\n|\n|t:|1700713218\n|-zpower|p2a: Grace\n|move|p2a: Grace|Supersonic Skystrike|p1a: Reuniclus|[zeffect]\n|-damage|p1a: Reuniclus|0 fnt\n|faint|p1a: Reuniclus\n|-ability|p2a: Grace|Moxie|boost\n|-boost|p2a: Grace|atk|1\n|\n|-weather|SunnyDay|[upkeep]\n|upkeep\n|\n|t:|1700713232\n|switch|p1a: Cloyster|Cloyster, F|100\/100\n|turn|10\n|\n|t:|1700713237\n|move|p1a: Cloyster|Shell Smash|p1a: Cloyster\n|-unboost|p1a: Cloyster|def|1\n|-unboost|p1a: Cloyster|spd|1\n|-boost|p1a: Cloyster|atk|2\n|-boost|p1a: Cloyster|spa|2\n|-boost|p1a: Cloyster|spe|2\n|move|p2a: Grace|Dragon Dance|p2a: Grace\n|-boost|p2a: Grace|atk|1\n|-boost|p2a: Grace|spe|1\n|\n|-weather|SunnyDay|[upkeep]\n|upkeep\n|turn|11\n|\n|t:|1700713252\n|move|p1a: Cloyster|Icicle Spear|p2a: Grace\n|-damage|p2a: Grace|73\/100\n|-damage|p2a: Grace|48\/100\n|-damage|p2a: Grace|19\/100\n|-damage|p2a: Grace|0 fnt\n|faint|p2a: Grace\n|-hitcount|p2: Grace|4\n|\n|-weather|none\n|upkeep\n|\n|t:|1700713264\n|switch|p2a: Victor|Victini|100\/100\n|turn|12\n|\n|t:|1700713286\n|switch|p1a: Garchomp|Garchomp, F|100\/100\n|move|p2a: Victor|V-create|p1a: Garchomp\n|-resisted|p1a: Garchomp\n|-crit|p1a: Garchomp\n|-damage|p1a: Garchomp|45\/100\n|-unboost|p2a: Victor|spe|1\n|-unboost|p2a: Victor|def|1\n|-unboost|p2a: Victor|spd|1\n|-damage|p2a: Victor|88\/100|[from] ability: Rough Skin|[of] p1a: Garchomp\n|\n|upkeep\n|turn|13\n|\n|t:|1700713299\n|switch|p2a: Layla|Scream Tail|100\/100\n|-damage|p2a: Layla|88\/100|[from] Spikes\n|detailschange|p1a: Garchomp|Garchomp-Mega, F\n|-mega|p1a: Garchomp|Garchomp|Garchompite\n|move|p1a: Garchomp|Swords Dance|p1a: Garchomp\n|-boost|p1a: Garchomp|atk|2\n|\n|-heal|p2a: Layla|94\/100|[from] item: Leftovers\n|upkeep\n|turn|14\n|\n|t:|1700713317\n|move|p2a: Layla|Dazzling Gleam|p1a: Garchomp\n|-supereffective|p1a: Garchomp\n|-damage|p1a: Garchomp|3\/100\n|move|p1a: Garchomp|Earthquake|p2a: Layla\n|-damage|p2a: Layla|0 fnt\n|faint|p2a: Layla\n|-end|p2a: Layla|Protosynthesis|[silent]\n|\n|upkeep\n|\n|t:|1700713326\n|switch|p2a: Victor|Victini|88\/100\n|turn|15\n|\n|t:|1700713330\n|move|p2a: Victor|V-create|p1a: Garchomp\n|-resisted|p1a: Garchomp\n|-damage|p1a: Garchomp|0 fnt\n|-unboost|p2a: Victor|spe|1\n|-unboost|p2a: Victor|def|1\n|-unboost|p2a: Victor|spd|1\n|faint|p1a: Garchomp\n|\n|upkeep\n|\n|t:|1700713342\n|switch|p1a: Gliscor|Gliscor, M|100\/100\n|turn|16\n|\n|t:|1700713356\n|switch|p2a: Kiddo|Kommo-o, M|100\/100\n|-damage|p2a: Kiddo|88\/100|[from] Spikes\n|-terastallize|p1a: Gliscor|Ground\n|move|p1a: Gliscor|Swords Dance|p1a: Gliscor\n|-boost|p1a: Gliscor|atk|2\n|\n|-status|p1a: Gliscor|tox|[from] item: Toxic Orb\n|upkeep\n|turn|17\n|\n|t:|1700713381\n|move|p2a: Kiddo|Clanging Scales|p1a: Gliscor\n|-damage|p1a: Gliscor|40\/100 tox\n|-unboost|p2a: Kiddo|def|1\n|-enditem|p2a: Kiddo|Throat Spray\n|-boost|p2a: Kiddo|spa|1|[from] item: Throat Spray\n|move|p1a: Gliscor|Earthquake|p2a: Kiddo\n|-damage|p2a: Kiddo|0 fnt\n|faint|p2a: Kiddo\n|\n|-heal|p1a: Gliscor|52\/100 tox|[from] ability: Poison Heal\n|upkeep\n|\n|t:|1700713392\n|switch|p2a: Victor|Victini|88\/100\n|turn|18\n|\n|t:|1700713398\n|move|p2a: Victor|V-create|p1a: Gliscor\n|-crit|p1a: Gliscor\n|-damage|p1a: Gliscor|0 fnt\n|-unboost|p2a: Victor|spe|1\n|-unboost|p2a: Victor|def|1\n|-unboost|p2a: Victor|spd|1\n|faint|p1a: Gliscor\n|\n|upkeep\n|\n|t:|1700713403\n|switch|p1a: Cloyster|Cloyster, F|100\/100\n|turn|19\n|\n|t:|1700713408\n|-terastallize|p2a: Victor|Electric\n|move|p1a: Cloyster|Icicle Spear|p2a: Victor\n|-damage|p2a: Victor|71\/100\n|-damage|p2a: Victor|56\/100\n|-damage|p2a: Victor|39\/100\n|-damage|p2a: Victor|23\/100\n|-damage|p2a: Victor|7\/100\n|-hitcount|p2a: Victor|5\n|move|p2a: Victor|Bolt Strike|p1a: Cloyster\n|-supereffective|p1a: Cloyster\n|-damage|p1a: Cloyster|8\/100\n|-status|p1a: Cloyster|par\n|\n|upkeep\n|turn|20\n|\n|t:|1700713423\n|move|p2a: Victor|Bolt Strike|p1a: Cloyster\n|-supereffective|p1a: Cloyster\n|-damage|p1a: Cloyster|0 fnt\n|faint|p1a: Cloyster\n|\n|win|Tulen Desmond\n|raw|guerdola's rating: 1063 &rarr; <strong>1041<\/strong><br \/>(-22 for losing)\n|raw|Tulen Desmond's rating: 1025 &rarr; <strong>1065<\/strong><br \/>(+40 for winning)\n|l|\u2606guerdola\n","uploadtime":1700713607,"views":74,"p1id":"guerdola","p2id":"tulendesmond","formatid":"gen9nationaldex","rating":1041,"private":0,"password":""}