{"id":"gen9nationaldex-1993328832","p1":"espino15234125","p2":"Tank Tests","format":"[Gen 9] National Dex","log":"|j|\u2606espino15234125\n|j|\u2606Tank Tests\n|t:|1700299414\n|gametype|singles\n|player|p1|espino15234125|170|1235\n|player|p2|Tank Tests|170|1315\n|teamsize|p1|6\n|teamsize|p2|6\n|gen|9\n|tier|[Gen 9] National Dex\n|rated|\n|rule|HP Percentage Mod: HP is shown in percentages\n|rule|Endless Battle Clause: Forcing endless battles is banned\n|rule|OHKO Clause: OHKO moves are banned\n|rule|Evasion Clause: Evasion abilities, items, and moves are banned\n|rule|Evasion Abilities Clause: Evasion abilities are banned\n|rule|Evasion Items Clause: Evasion items are banned\n|rule|Evasion Moves Clause: Evasion moves are banned\n|rule|Species Clause: Limit one of each Pok\u00e9mon\n|rule|Sleep Clause Mod: Limit one foe put to sleep\n|clearpoke\n|poke|p1|Slowking, F|\n|poke|p1|Sandslash-Alola, F|\n|poke|p1|Ninetales-Alola, F|\n|poke|p1|Mew|\n|poke|p1|Volcarona, F|\n|poke|p1|Banette, F|\n|poke|p2|Pawmot, M|\n|poke|p2|Rabsca, F|\n|poke|p2|Banette, F|\n|poke|p2|Victini|\n|poke|p2|Dragonite, M|\n|poke|p2|Forretress, M|\n|teampreview\n|inactive|Battle timer is ON: inactive players will automatically lose when time's up. (requested by espino15234125)\n|\n|t:|1700299430\n|start\n|switch|p1a: Ninetales|Ninetales-Alola, F|100\/100\n|switch|p2a: Banette|Banette, F|100\/100\n|-weather|Snow|[from] ability: Snow Warning|[of] p1a: Ninetales\n|turn|1\n|\n|t:|1700299441\n|detailschange|p2a: Banette|Banette-Mega, F\n|-mega|p2a: Banette|Banette|Banettite\n|move|p1a: Ninetales|Hypnosis|p2a: Banette\n|-status|p2a: Banette|slp|[from] move: Hypnosis\n|cant|p2a: Banette|slp\n|\n|-weather|Snow|[upkeep]\n|upkeep\n|turn|2\n|\n|t:|1700299449\n|move|p1a: Ninetales|Aurora Veil|p1a: Ninetales\n|-sidestart|p1: espino15234125|move: Aurora Veil\n|cant|p2a: Banette|slp\n|\n|-weather|Snow|[upkeep]\n|upkeep\n|turn|3\n|\n|t:|1700299454\n|switch|p1a: Sandslash|Sandslash-Alola, F|100\/100\n|-curestatus|p2a: Banette|slp|[msg]\n|move|p2a: Banette|Encore||[still]\n|-fail|p2a: Banette\n|\n|-weather|Snow|[upkeep]\n|upkeep\n|turn|4\n|\n|t:|1700299465\n|move|p2a: Banette|Destiny Bond|p2a: Banette\n|-singlemove|p2a: Banette|Destiny Bond\n|move|p1a: Sandslash|Knock Off|p2a: Banette\n|-supereffective|p2a: Banette\n|-damage|p2a: Banette|0 fnt\n|faint|p2a: Banette\n|-activate|p2a: Banette|move: Destiny Bond\n|faint|p1a: Sandslash\n|\n|-weather|Snow|[upkeep]\n|upkeep\n|\n|t:|1700299477\n|switch|p2a: Victini|Victini|100\/100\n|switch|p1a: Volcarona|Volcarona, F|100\/100\n|turn|5\n|\n|t:|1700299492\n|switch|p1a: Slowking|Slowking, F|100\/100\n|move|p2a: Victini|Final Gambit|p1a: Slowking\n|-damage|p1a: Slowking|14\/100\n|faint|p2a: Victini\n|\n|-weather|none\n|upkeep\n|\n|t:|1700299499\n|switch|p2a: Pawmot|Pawmot, M|100\/100\n|turn|6\n|\n|t:|1700299504\n|switch|p1a: Ninetales|Ninetales-Alola, F|100\/100\n|-weather|Snow|[from] ability: Snow Warning|[of] p1a: Ninetales\n|move|p2a: Pawmot|Revival Blessing|p2a: Pawmot\n|-enditem|p2a: Pawmot|Leppa Berry|[eat]\n|-activate|p2a: Pawmot|item: Leppa Berry|Revival Blessing|[consumed]\n|\n|t:|1700299506\n|-heal|p2: Banette|50\/100|[from] move: Revival Blessing\n|\n|-weather|Snow|[upkeep]\n|upkeep\n|turn|7\n|\n|t:|1700299513\n|move|p1a: Ninetales|Encore|p2a: Pawmot\n|-start|p2a: Pawmot|Encore\n|move|p2a: Pawmot|Revival Blessing|p2a: Pawmot\n|\n|t:|1700299516\n|-heal|p2: Victini|50\/100|[from] move: Revival Blessing\n|\n|-weather|Snow|[upkeep]\n|-end|p2a: Pawmot|Encore\n|upkeep\n|turn|8\n|\n|t:|1700299539\n|switch|p2a: Forretress|Forretress, M|100\/100\n|move|p1a: Ninetales|Hypnosis|p2a: Forretress\n|-status|p2a: Forretress|slp|[from] move: Hypnosis\n|\n|-weather|Snow|[upkeep]\n|upkeep\n|turn|9\n|\n|t:|1700299553\n|switch|p1a: Volcarona|Volcarona, F|100\/100\n|switch|p2a: Banette|Banette-Mega, F|50\/100\n|\n|-weather|Snow|[upkeep]\n|-sideend|p1: espino15234125|move: Aurora Veil\n|upkeep\n|turn|10\n|\n|t:|1700299563\n|switch|p1a: Slowking|Slowking, F|47\/100\n|move|p2a: Banette|Destiny Bond|p2a: Banette\n|-singlemove|p2a: Banette|Destiny Bond\n|\n|-weather|none\n|upkeep\n|turn|11\n|\n|t:|1700299567\n|switch|p1a: Ninetales|Ninetales-Alola, F|100\/100\n|-weather|Snow|[from] ability: Snow Warning|[of] p1a: Ninetales\n|move|p2a: Banette|Poltergeist|p1a: Ninetales|[miss]\n|-miss|p2a: Banette|p1a: Ninetales\n|\n|-weather|Snow|[upkeep]\n|upkeep\n|turn|12\n|\n|t:|1700299574\n|move|p2a: Banette|Taunt|p1a: Ninetales\n|-start|p1a: Ninetales|move: Taunt\n|cant|p1a: Ninetales|move: Taunt|Aurora Veil\n|\n|-weather|Snow|[upkeep]\n|upkeep\n|turn|13\n|\n|t:|1700299587\n|move|p1a: Ninetales|Freeze-Dry|p2a: Banette\n|-damage|p2a: Banette|6\/100\n|move|p2a: Banette|Poltergeist|p1a: Ninetales\n|-activate|p1a: Ninetales|move: Poltergeist|Light Clay\n|-damage|p1a: Ninetales|43\/100\n|\n|-weather|Snow|[upkeep]\n|upkeep\n|turn|14\n|\n|t:|1700299598\n|move|p2a: Banette|Destiny Bond|p2a: Banette\n|-singlemove|p2a: Banette|Destiny Bond\n|move|p1a: Ninetales|Freeze-Dry|p2a: Banette\n|-damage|p2a: Banette|0 fnt\n|faint|p2a: Banette\n|-activate|p2a: Banette|move: Destiny Bond\n|faint|p1a: Ninetales\n|\n|-weather|Snow|[upkeep]\n|upkeep\n|\n|t:|1700299607\n|switch|p1a: Banette|Banette, F|100\/100\n|switch|p2a: Rabsca|Rabsca, F|100\/100\n|turn|15\n|\n|t:|1700299618\n|switch|p2a: Forretress|Forretress, M|100\/100 slp\n|detailschange|p1a: Banette|Banette-Mega, F\n|-mega|p1a: Banette|Banette|Banettite\n|move|p1a: Banette|Poltergeist|p2a: Forretress\n|-activate|p2a: Forretress|move: Poltergeist|Heavy-Duty Boots\n|-damage|p2a: Forretress|52\/100 slp\n|\n|-weather|none\n|upkeep\n|turn|16\n|\n|t:|1700299639\n|switch|p1a: Volcarona|Volcarona, F|100\/100\n|cant|p2a: Forretress|slp\n|\n|upkeep\n|turn|17\n|\n|t:|1700299645\n|switch|p2a: Victini|Victini|50\/100\n|move|p1a: Volcarona|Quiver Dance|p1a: Volcarona\n|-boost|p1a: Volcarona|spa|1\n|-boost|p1a: Volcarona|spd|1\n|-boost|p1a: Volcarona|spe|1\n|\n|upkeep\n|turn|18\n|\n|t:|1700299654\n|move|p2a: Victini|V-create|p1a: Volcarona\n|-damage|p1a: Volcarona|0 fnt\n|-unboost|p2a: Victini|spe|1\n|-unboost|p2a: Victini|def|1\n|-unboost|p2a: Victini|spd|1\n|faint|p1a: Volcarona\n|\n|upkeep\n|\n|t:|1700299664\n|switch|p1a: Banette|Banette-Mega, F|100\/100\n|turn|19\n|\n|t:|1700299676\n|move|p2a: Victini|V-create|p1a: Banette\n|-damage|p1a: Banette|0 fnt\n|-unboost|p2a: Victini|spe|1\n|-unboost|p2a: Victini|def|1\n|-unboost|p2a: Victini|spd|1\n|faint|p1a: Banette\n|\n|upkeep\n|-message|espino15234125 forfeited.\n|\n|win|Tank Tests\n|raw|espino15234125's rating: 1235 &rarr; <strong>1216<\/strong><br \/>(-19 for losing)\n|raw|Tank Tests's rating: 1315 &rarr; <strong>1330<\/strong><br \/>(+15 for winning)\n|l|\u2606espino15234125\n","uploadtime":1700299686,"views":18,"p1id":"espino15234125","p2id":"tanktests","formatid":"gen9nationaldex","rating":1216,"private":0,"password":""}