{"id":"gen9nationaldex-1993464361","p1":"elsenordelanoche2","p2":"chema778","format":"[Gen 9] National Dex","log":"|j|\u2606elsenordelanoche2\n|j|\u2606chema778\n|t:|1700321107\n|gametype|singles\n|player|p1|elsenordelanoche2|cyrus|\n|player|p2|chema778|veteran|\n|teamsize|p1|6\n|teamsize|p2|6\n|gen|9\n|tier|[Gen 9] National Dex\n|rule|HP Percentage Mod: HP is shown in percentages\n|rule|Endless Battle Clause: Forcing endless battles is banned\n|rule|OHKO Clause: OHKO moves are banned\n|rule|Evasion Clause: Evasion abilities, items, and moves are banned\n|rule|Evasion Abilities Clause: Evasion abilities are banned\n|rule|Evasion Items Clause: Evasion items are banned\n|rule|Evasion Moves Clause: Evasion moves are banned\n|rule|Species Clause: Limit one of each Pok\u00e9mon\n|rule|Sleep Clause Mod: Limit one foe put to sleep\n|clearpoke\n|poke|p1|Heatran, F|\n|poke|p1|Torterra, M|\n|poke|p1|Gliscor, F|\n|poke|p1|Luxio, M|\n|poke|p1|Gallade, M|\n|poke|p1|Empoleon, F|\n|poke|p2|Amoonguss, F|\n|poke|p2|Volcarona, M|\n|poke|p2|Tornadus, M|\n|poke|p2|Gurdurr, F|\n|poke|p2|Haxorus, F|\n|poke|p2|Mandibuzz, F|\n|teampreview\n|\n|t:|1700321130\n|start\n|switch|p1a: Carlos|Luxio, M|100\/100\n|switch|p2a: Tornadus|Tornadus, M|100\/100\n|-ability|p1a: Carlos|Intimidate|boost\n|-unboost|p2a: Tornadus|atk|1\n|turn|1\n|\n|t:|1700321159\n|move|p1a: Carlos|Protect|p1a: Carlos\n|-singleturn|p1a: Carlos|Protect\n|move|p2a: Tornadus|Psychic|p1a: Carlos\n|-activate|p1a: Carlos|move: Protect\n|\n|upkeep\n|turn|2\n|\n|t:|1700321165\n|move|p1a: Carlos|Quick Attack|p2a: Tornadus\n|-damage|p2a: Tornadus|87\/100\n|-enditem|p2a: Tornadus|Eject Button\n|\n|t:|1700321174\n|switch|p2a: Haxorus|Haxorus, F|100\/100\n|-ability|p2a: Haxorus|Unnerve\n|\n|upkeep\n|turn|3\n|\n|t:|1700321185\n|move|p2a: Haxorus|Earthquake|p1a: Carlos\n|-supereffective|p1a: Carlos\n|-crit|p1a: Carlos\n|-damage|p1a: Carlos|0 fnt\n|faint|p1a: Carlos\n|\n|upkeep\n|\n|t:|1700321200\n|switch|p1a: Napoleon|Empoleon, F|100\/100\n|turn|4\n|\n|t:|1700321207\n|move|p2a: Haxorus|Earthquake|p1a: Napoleon\n|-supereffective|p1a: Napoleon\n|-damage|p1a: Napoleon|0 fnt\n|faint|p1a: Napoleon\n|\n|upkeep\n|\n|t:|1700321222\n|switch|p1a: Troncoso|Gallade, M|100\/100\n|turn|5\n|\n|t:|1700321226\n|move|p1a: Troncoso|Knock Off|p2a: Haxorus\n|-damage|p2a: Haxorus|59\/100\n|-enditem|p2a: Haxorus|Choice Band|[from] move: Knock Off|[of] p1a: Troncoso\n|move|p2a: Haxorus|Earthquake|p1a: Troncoso\n|-damage|p1a: Troncoso|32\/100\n|\n|upkeep\n|turn|6\n|\n|t:|1700321236\n|switch|p1a: Andr\u00e9s de la noche|Gliscor, F|100\/100\n|move|p2a: Haxorus|Earthquake|p1a: Andr\u00e9s de la noche\n|-immune|p1a: Andr\u00e9s de la noche\n|\n|-status|p1a: Andr\u00e9s de la noche|tox|[from] item: Toxic Orb\n|upkeep\n|turn|7\n|\n|t:|1700321259\n|-terastallize|p2a: Haxorus|Dragon\n|move|p2a: Haxorus|Outrage|p1a: Andr\u00e9s de la noche\n|-damage|p1a: Andr\u00e9s de la noche|43\/100 tox\n|move|p1a: Andr\u00e9s de la noche|Toxic|p2a: Haxorus|[miss]\n|-miss|p1a: Andr\u00e9s de la noche|p2a: Haxorus\n|\n|-heal|p1a: Andr\u00e9s de la noche|56\/100 tox|[from] ability: Poison Heal\n|upkeep\n|turn|8\n|\n|t:|1700321269\n|move|p1a: Andr\u00e9s de la noche|Protect|p1a: Andr\u00e9s de la noche\n|-singleturn|p1a: Andr\u00e9s de la noche|Protect\n|move|p2a: Haxorus|Outrage|p1a: Andr\u00e9s de la noche|[from]lockedmove\n|-activate|p1a: Andr\u00e9s de la noche|move: Protect\n|-start|p2a: Haxorus|confusion|[fatigue]\n|\n|-heal|p1a: Andr\u00e9s de la noche|68\/100 tox|[from] ability: Poison Heal\n|upkeep\n|turn|9\n|\n|t:|1700321283\n|switch|p2a: Gurdurr|Gurdurr, F|100\/100\n|move|p1a: Andr\u00e9s de la noche|Toxic|p2a: Gurdurr\n|-status|p2a: Gurdurr|tox\n|\n|-heal|p1a: Andr\u00e9s de la noche|81\/100 tox|[from] ability: Poison Heal\n|-damage|p2a: Gurdurr|94\/100 tox|[from] psn\n|upkeep\n|turn|10\n|\n|t:|1700321296\n|move|p1a: Andr\u00e9s de la noche|Knock Off|p2a: Gurdurr\n|-resisted|p2a: Gurdurr\n|-crit|p2a: Gurdurr\n|-damage|p2a: Gurdurr|81\/100 tox\n|-enditem|p2a: Gurdurr|Eviolite|[from] move: Knock Off|[of] p1a: Andr\u00e9s de la noche\n|move|p2a: Gurdurr|Knock Off|p1a: Andr\u00e9s de la noche\n|-damage|p1a: Andr\u00e9s de la noche|51\/100 tox\n|-enditem|p1a: Andr\u00e9s de la noche|Toxic Orb|[from] move: Knock Off|[of] p2a: Gurdurr\n|\n|-heal|p1a: Andr\u00e9s de la noche|63\/100 tox|[from] ability: Poison Heal\n|-damage|p2a: Gurdurr|69\/100 tox|[from] psn\n|upkeep\n|turn|11\n|\n|t:|1700321308\n|move|p1a: Andr\u00e9s de la noche|Knock Off|p2a: Gurdurr\n|-resisted|p2a: Gurdurr\n|-damage|p2a: Gurdurr|59\/100 tox\n|move|p2a: Gurdurr|Close Combat|p1a: Andr\u00e9s de la noche\n|-resisted|p1a: Andr\u00e9s de la noche\n|-damage|p1a: Andr\u00e9s de la noche|37\/100 tox\n|-unboost|p2a: Gurdurr|def|1\n|-unboost|p2a: Gurdurr|spd|1\n|\n|-heal|p1a: Andr\u00e9s de la noche|49\/100 tox|[from] ability: Poison Heal\n|-damage|p2a: Gurdurr|41\/100 tox|[from] psn\n|upkeep\n|turn|12\n|\n|t:|1700321327\n|move|p1a: Andr\u00e9s de la noche|Knock Off|p2a: Gurdurr\n|-resisted|p2a: Gurdurr\n|-damage|p2a: Gurdurr|27\/100 tox\n|move|p2a: Gurdurr|Rock Slide|p1a: Andr\u00e9s de la noche|[miss]\n|-miss|p2a: Gurdurr|p1a: Andr\u00e9s de la noche\n|\n|-heal|p1a: Andr\u00e9s de la noche|62\/100 tox|[from] ability: Poison Heal\n|-damage|p2a: Gurdurr|3\/100 tox|[from] psn\n|upkeep\n|turn|13\n|\n|t:|1700321337\n|move|p1a: Andr\u00e9s de la noche|Knock Off|p2a: Gurdurr\n|-resisted|p2a: Gurdurr\n|-damage|p2a: Gurdurr|0 fnt\n|faint|p2a: Gurdurr\n|\n|-heal|p1a: Andr\u00e9s de la noche|74\/100 tox|[from] ability: Poison Heal\n|upkeep\n|\n|t:|1700321350\n|switch|p2a: Haxorus|Haxorus, F, tera:Dragon|59\/100\n|-ability|p2a: Haxorus|Unnerve\n|turn|14\n|\n|t:|1700321368\n|move|p2a: Haxorus|Outrage|p1a: Andr\u00e9s de la noche\n|-damage|p1a: Andr\u00e9s de la noche|19\/100 tox\n|move|p1a: Andr\u00e9s de la noche|Knock Off|p2a: Haxorus\n|-damage|p2a: Haxorus|40\/100\n|\n|-heal|p1a: Andr\u00e9s de la noche|31\/100 tox|[from] ability: Poison Heal\n|upkeep\n|turn|15\n|\n|t:|1700321377\n|move|p2a: Haxorus|Outrage|p1a: Andr\u00e9s de la noche|[from]lockedmove\n|-damage|p1a: Andr\u00e9s de la noche|0 fnt\n|faint|p1a: Andr\u00e9s de la noche\n|\n|upkeep\n|\n|t:|1700321387\n|switch|p1a: Mbappe|Torterra, M|100\/100\n|turn|16\n|\n|t:|1700321392\n|move|p2a: Haxorus|Outrage|p1a: Mbappe|[from]lockedmove\n|-damage|p1a: Mbappe|7\/100\n|-start|p2a: Haxorus|confusion|[fatigue]\n|move|p1a: Mbappe|Shell Smash|p1a: Mbappe\n|-unboost|p1a: Mbappe|def|1\n|-unboost|p1a: Mbappe|spd|1\n|-boost|p1a: Mbappe|atk|2\n|-boost|p1a: Mbappe|spa|2\n|-boost|p1a: Mbappe|spe|2\n|-enditem|p1a: Mbappe|White Herb\n|-clearnegativeboost|p1a: Mbappe|[silent]\n|\n|upkeep\n|turn|17\n|\n|t:|1700321405\n|move|p1a: Mbappe|Shell Smash|p1a: Mbappe\n|-unboost|p1a: Mbappe|def|1\n|-unboost|p1a: Mbappe|spd|1\n|-boost|p1a: Mbappe|atk|2\n|-boost|p1a: Mbappe|spa|2\n|-boost|p1a: Mbappe|spe|2\n|-activate|p2a: Haxorus|confusion\n|move|p2a: Haxorus|Iron Head|p1a: Mbappe\n|-damage|p1a: Mbappe|0 fnt\n|faint|p1a: Mbappe\n|\n|upkeep\n|\n|t:|1700321416\n|switch|p1a: Troncoso|Gallade, M|32\/100\n|turn|18\n|\n|t:|1700321420\n|move|p1a: Troncoso|Sacred Sword|p2a: Haxorus\n|-damage|p2a: Haxorus|0 fnt\n|faint|p2a: Haxorus\n|\n|upkeep\n|\n|t:|1700321426\n|switch|p2a: Tornadus|Tornadus, M|87\/100\n|turn|19\n|\n|t:|1700321432\n|switch|p1a: Me la magmas|Heatran, F|100\/100\n|move|p2a: Tornadus|Bleakwind Storm|p1a: Me la magmas\n|-resisted|p1a: Me la magmas\n|-damage|p1a: Me la magmas|80\/100\n|\n|upkeep\n|turn|20\n|\n|t:|1700321444\n|move|p2a: Tornadus|Tailwind|p2a: Tornadus\n|-sidestart|p2: chema778|move: Tailwind\n|move|p1a: Me la magmas|Earth Power|p2a: Tornadus\n|-immune|p2a: Tornadus\n|\n|upkeep\n|turn|21\n|\n|t:|1700321451\n|switch|p1a: Troncoso|Gallade, M|32\/100\n|move|p2a: Tornadus|Psychic|p1a: Troncoso\n|-damage|p1a: Troncoso|0 fnt\n|faint|p1a: Troncoso\n|\n|upkeep\n|\n|t:|1700321457\n|switch|p1a: Me la magmas|Heatran, F|80\/100\n|turn|22\n|\n|t:|1700321462\n|move|p2a: Tornadus|Psychic|p1a: Me la magmas\n|-resisted|p1a: Me la magmas\n|-damage|p1a: Me la magmas|66\/100\n|move|p1a: Me la magmas|Magma Storm|p2a: Tornadus\n|-damage|p2a: Tornadus|0 fnt\n|faint|p2a: Tornadus\n|\n|upkeep\n|\n|t:|1700321473\n|switch|p2a: Mandibuzz|Mandibuzz, F|100\/100\n|turn|23\n|\n|t:|1700321476\n|move|p2a: Mandibuzz|Foul Play|p1a: Me la magmas\n|-damage|p1a: Me la magmas|47\/100\n|move|p1a: Me la magmas|Magma Storm|p2a: Mandibuzz\n|-damage|p2a: Mandibuzz|27\/100\n|-activate|p2a: Mandibuzz|move: Magma Storm|[of] p1a: Me la magmas\n|\n|-damage|p2a: Mandibuzz|14\/100|[from] move: Magma Storm|[partiallytrapped]\n|-sideend|p2: chema778|move: Tailwind\n|upkeep\n|turn|24\n|\n|t:|1700321484\n|move|p2a: Mandibuzz|Foul Play|p1a: Me la magmas\n|-damage|p1a: Me la magmas|29\/100\n|move|p1a: Me la magmas|Magma Storm|p2a: Mandibuzz\n|-damage|p2a: Mandibuzz|0 fnt\n|faint|p2a: Mandibuzz\n|\n|upkeep\n|\n|t:|1700321492\n|switch|p2a: Volcarona|Volcarona, M|100\/100\n|turn|25\n|\n|t:|1700321519\n|move|p2a: Volcarona|Bug Buzz|p1a: Me la magmas\n|-resisted|p1a: Me la magmas\n|-damage|p1a: Me la magmas|14\/100\n|-damage|p2a: Volcarona|91\/100|[from] item: Life Orb\n|move|p1a: Me la magmas|Magma Storm|p2a: Volcarona|[miss]\n|-miss|p1a: Me la magmas|p2a: Volcarona\n|\n|upkeep\n|turn|26\n|\n|t:|1700321527\n|move|p2a: Volcarona|Bug Buzz|p1a: Me la magmas\n|-resisted|p1a: Me la magmas\n|-damage|p1a: Me la magmas|0 fnt\n|faint|p1a: Me la magmas\n|-damage|p2a: Volcarona|81\/100|[from] item: Life Orb\n|\n|win|chema778\n|c|\u2606chema778|gg\n","uploadtime":1700321538,"views":14,"p1id":"elsenordelanoche2","p2id":"chema778","formatid":"gen9nationaldex","rating":0,"private":0,"password":""}