{"id":"gen9nationaldex-1993150941","p1":"marcenzoesquejo","p2":"Raurm13","format":"[Gen 9] National Dex","log":"|j|\u2606marcenzoesquejo\n|j|\u2606Raurm13\n|t:|1700270917\n|gametype|singles\n|player|p1|marcenzoesquejo|brycenman|1000\n|player|p2|Raurm13|psychic-gen4|1098\n|teamsize|p1|6\n|teamsize|p2|6\n|gen|9\n|tier|[Gen 9] National Dex\n|rated|\n|rule|HP Percentage Mod: HP is shown in percentages\n|rule|Endless Battle Clause: Forcing endless battles is banned\n|rule|OHKO Clause: OHKO moves are banned\n|rule|Evasion Clause: Evasion abilities, items, and moves are banned\n|rule|Evasion Abilities Clause: Evasion abilities are banned\n|rule|Evasion Items Clause: Evasion items are banned\n|rule|Evasion Moves Clause: Evasion moves are banned\n|rule|Species Clause: Limit one of each Pok\u00e9mon\n|rule|Sleep Clause Mod: Limit one foe put to sleep\n|clearpoke\n|poke|p1|Gyarados, M|\n|poke|p1|Samurott-Hisui, F|\n|poke|p1|Snorlax, F|\n|poke|p1|Deoxys-Defense|\n|poke|p1|Dragonite, M|\n|poke|p1|Darmanitan, F|\n|poke|p2|Ambipom, M|\n|poke|p2|Samurott-Hisui, M|\n|poke|p2|Weezing, M|\n|poke|p2|Mawile, F|\n|poke|p2|Drifblim, F|\n|poke|p2|Mienshao, F|\n|teampreview\n|\n|t:|1700270931\n|start\n|switch|p1a: Darmanitan|Darmanitan, F, shiny|100\/100\n|switch|p2a: Weezing|Weezing, M|100\/100\n|turn|1\n|\n|t:|1700270943\n|move|p1a: Darmanitan|Hammer Arm|p2a: Weezing\n|-resisted|p2a: Weezing\n|-damage|p2a: Weezing|91\/100\n|-unboost|p1a: Darmanitan|spe|1\n|-damage|p1a: Darmanitan|84\/100|[from] item: Rocky Helmet|[of] p2a: Weezing\n|move|p2a: Weezing|Curse|p2a: Weezing\n|-unboost|p2a: Weezing|spe|1\n|-boost|p2a: Weezing|atk|1\n|-boost|p2a: Weezing|def|1\n|\n|upkeep\n|turn|2\n|\n|t:|1700270954\n|move|p1a: Darmanitan|Stone Edge|p2a: Weezing\n|-damage|p2a: Weezing|76\/100\n|move|p2a: Weezing|Substitute|p2a: Weezing\n|-start|p2a: Weezing|Substitute\n|-damage|p2a: Weezing|51\/100\n|\n|upkeep\n|turn|3\n|\n|t:|1700270967\n|move|p1a: Darmanitan|Flare Blitz|p2a: Weezing\n|-end|p2a: Weezing|Substitute\n|-damage|p1a: Darmanitan|76\/100|[from] Recoil|[of] p2a: Weezing\n|move|p2a: Weezing|Gunk Shot|p1a: Darmanitan\n|-damage|p1a: Darmanitan|11\/100\n|-status|p1a: Darmanitan|psn\n|\n|-damage|p1a: Darmanitan|0 fnt|[from] psn\n|faint|p1a: Darmanitan\n|upkeep\n|\n|t:|1700270973\n|switch|p1a: Samurott|Samurott-Hisui, F|100\/100\n|turn|4\n|\n|t:|1700270983\n|move|p1a: Samurott|Flip Turn|p2a: Weezing\n|-damage|p2a: Weezing|41\/100\n|-damage|p1a: Samurott|84\/100|[from] item: Rocky Helmet|[of] p2a: Weezing\n|inactive|Battle timer is ON: inactive players will automatically lose when time's up. (requested by Raurm13)\n|\n|t:|1700270990\n|switch|p1a: Gyarados|Gyarados, M, shiny|100\/100|[from] Flip Turn\n|move|p2a: Weezing|Curse|p2a: Weezing\n|-unboost|p2a: Weezing|spe|1\n|-boost|p2a: Weezing|atk|1\n|-boost|p2a: Weezing|def|1\n|\n|upkeep\n|turn|5\n|\n|t:|1700271002\n|move|p2a: Weezing|Gunk Shot|p1a: Gyarados\n|-damage|p1a: Gyarados|29\/100\n|move|p1a: Gyarados|Dragon Tail|p2a: Weezing\n|-damage|p2a: Weezing|35\/100\n|-damage|p1a: Gyarados|12\/100|[from] item: Rocky Helmet|[of] p2a: Weezing\n|drag|p2a: Mienshao|Mienshao, F|100\/100\n|\n|upkeep\n|turn|6\n|\n|t:|1700271013\n|move|p1a: Gyarados|Double-Edge|p2a: Mienshao\n|-damage|p2a: Mienshao|46\/100\n|-damage|p1a: Gyarados|0 fnt|[from] Recoil\n|faint|p1a: Gyarados\n|move|p2a: Mienshao|Focus Energy|p2a: Mienshao\n|-start|p2a: Mienshao|move: Focus Energy\n|\n|upkeep\n|\n|t:|1700271022\n|switch|p1a: Dragonite|Dragonite, M|100\/100\n|turn|7\n|\n|t:|1700271029\n|move|p2a: Mienshao|Poison Jab|p1a: Dragonite\n|-crit|p1a: Dragonite\n|-damage|p1a: Dragonite|78\/100\n|move|p1a: Dragonite|Dragon Dance|p1a: Dragonite\n|-boost|p1a: Dragonite|atk|1\n|-boost|p1a: Dragonite|spe|1\n|\n|upkeep\n|turn|8\n|\n|t:|1700271036\n|move|p1a: Dragonite|Draco Meteor|p2a: Mienshao|[miss]\n|-miss|p1a: Dragonite|p2a: Mienshao\n|move|p2a: Mienshao|Poison Jab|p1a: Dragonite\n|-crit|p1a: Dragonite\n|-damage|p1a: Dragonite|32\/100\n|\n|upkeep\n|turn|9\n|\n|t:|1700271044\n|move|p1a: Dragonite|Outrage|p2a: Mienshao\n|-damage|p2a: Mienshao|0 fnt\n|faint|p2a: Mienshao\n|\n|upkeep\n|\n|t:|1700271049\n|switch|p2a: Weezing|Weezing, M|35\/100\n|turn|10\n|\n|t:|1700271055\n|move|p1a: Dragonite|Outrage|p2a: Weezing|[from]lockedmove\n|-damage|p2a: Weezing|0 fnt\n|-damage|p1a: Dragonite|15\/100|[from] item: Rocky Helmet|[of] p2a: Weezing\n|faint|p2a: Weezing\n|-start|p1a: Dragonite|confusion|[fatigue]\n|\n|upkeep\n|\n|t:|1700271064\n|switch|p2a: Ambipom|Ambipom, M|100\/100\n|turn|11\n|\n|t:|1700271071\n|switch|p1a: Deoxys|Deoxys-Defense|100\/100\n|-ability|p1a: Deoxys|Pressure\n|move|p2a: Ambipom|Fake Out|p1a: Deoxys\n|-damage|p1a: Deoxys|76\/100\n|\n|upkeep\n|turn|12\n|\n|t:|1700271089\n|-terastallize|p1a: Deoxys|Psychic\n|move|p2a: Ambipom|Knock Off|p1a: Deoxys\n|-supereffective|p1a: Deoxys\n|-damage|p1a: Deoxys|24\/100\n|-enditem|p1a: Deoxys|Expert Belt|[from] move: Knock Off|[of] p2a: Ambipom\n|move|p1a: Deoxys|Psycho Boost|p2a: Ambipom\n|-enditem|p2a: Ambipom|Focus Sash\n|-damage|p2a: Ambipom|1\/100\n|-unboost|p1a: Deoxys|spa|2\n|\n|upkeep\n|turn|13\n|\n|t:|1700271102\n|move|p2a: Ambipom|Knock Off|p1a: Deoxys\n|-supereffective|p1a: Deoxys\n|-damage|p1a: Deoxys|0 fnt\n|faint|p1a: Deoxys\n|\n|upkeep\n|\n|t:|1700271107\n|switch|p1a: Samurott|Samurott-Hisui, F|84\/100\n|turn|14\n|\n|t:|1700271112\n|move|p2a: Ambipom|Double Hit|p1a: Samurott\n|-damage|p1a: Samurott|57\/100\n|-damage|p1a: Samurott|32\/100\n|-hitcount|p1a: Samurott|2\n|move|p1a: Samurott|Flip Turn|p2a: Ambipom\n|-damage|p2a: Ambipom|0 fnt\n|faint|p2a: Ambipom\n|\n|t:|1700271126\n|switch|p1a: Snorlax|Snorlax, F, shiny|100\/100|[from] Flip Turn\n|\n|upkeep\n|\n|t:|1700271131\n|switch|p2a: Samurott|Samurott-Hisui, M|100\/100\n|turn|15\n|\n|t:|1700271143\n|move|p2a: Samurott|Ceaseless Edge|p1a: Snorlax\n|-damage|p1a: Snorlax|74\/100\n|-sidestart|p1: marcenzoesquejo|Spikes\n|move|p1a: Snorlax|Gunk Shot|p2a: Samurott\n|-crit|p2a: Samurott\n|-damage|p2a: Samurott|37\/100\n|\n|-heal|p1a: Snorlax|80\/100|[from] item: Leftovers\n|upkeep\n|turn|16\n|\n|t:|1700271158\n|move|p2a: Samurott|Aqua Cutter|p1a: Snorlax\n|-damage|p1a: Snorlax|49\/100\n|move|p1a: Snorlax|Body Slam|p2a: Samurott\n|-damage|p2a: Samurott|0 fnt\n|faint|p2a: Samurott\n|\n|-heal|p1a: Snorlax|55\/100|[from] item: Leftovers\n|upkeep\n|\n|t:|1700271169\n|switch|p2a: Drifblim|Drifblim, F|100\/100\n|turn|17\n|\n|t:|1700271188\n|-terastallize|p2a: Drifblim|Electric\n|move|p2a: Drifblim|Thunderbolt|p1a: Snorlax\n|-damage|p1a: Snorlax|28\/100\n|move|p1a: Snorlax|Gunk Shot|p2a: Drifblim\n|-damage|p2a: Drifblim|49\/100\n|\n|-heal|p2a: Drifblim|55\/100|[from] item: Leftovers\n|-heal|p1a: Snorlax|34\/100|[from] item: Leftovers\n|upkeep\n|turn|18\n|\n|t:|1700271202\n|move|p2a: Drifblim|Thunderbolt|p1a: Snorlax\n|-damage|p1a: Snorlax|9\/100\n|move|p1a: Snorlax|Rest|p1a: Snorlax\n|-status|p1a: Snorlax|slp|[from] move: Rest\n|-heal|p1a: Snorlax|100\/100 slp|[silent]\n|\n|-heal|p2a: Drifblim|61\/100|[from] item: Leftovers\n|upkeep\n|turn|19\n|\n|t:|1700271216\n|switch|p1a: Dragonite|Dragonite, M|15\/100\n|move|p2a: Drifblim|Strength Sap|p1a: Dragonite\n|-unboost|p1a: Dragonite|atk|1\n|-heal|p2a: Drifblim|100\/100\n|\n|upkeep\n|turn|20\n|\n|t:|1700271239\n|move|p2a: Drifblim|Thunderbolt|p1a: Dragonite\n|-damage|p1a: Dragonite|0 fnt\n|faint|p1a: Dragonite\n|\n|upkeep\n|inactive|marcenzoesquejo has 120 seconds left.\n|\n|t:|1700271259\n|switch|p1a: Snorlax|Snorlax, F, shiny|100\/100 slp\n|-damage|p1a: Snorlax|88\/100 slp|[from] Spikes\n|turn|21\n|inactive|marcenzoesquejo has 120 seconds left.\n|\n|t:|1700271268\n|move|p2a: Drifblim|Strength Sap|p1a: Snorlax\n|-unboost|p1a: Snorlax|atk|1\n|cant|p1a: Snorlax|slp\n|\n|-heal|p1a: Snorlax|94\/100 slp|[from] item: Leftovers\n|upkeep\n|turn|22\n|inactive|marcenzoesquejo has 120 seconds left.\n|\n|t:|1700271300\n|move|p2a: Drifblim|Thunderbolt|p1a: Snorlax\n|-damage|p1a: Snorlax|70\/100 slp\n|cant|p1a: Snorlax|slp\n|\n|-heal|p1a: Snorlax|76\/100 slp|[from] item: Leftovers\n|upkeep\n|turn|23\n|\n|t:|1700271308\n|move|p2a: Drifblim|Thunderbolt|p1a: Snorlax\n|-damage|p1a: Snorlax|49\/100 slp\n|-curestatus|p1a: Snorlax|slp|[msg]\n|move|p1a: Snorlax|Gunk Shot|p2a: Drifblim|[miss]\n|-miss|p1a: Snorlax|p2a: Drifblim\n|\n|-heal|p1a: Snorlax|55\/100|[from] item: Leftovers\n|upkeep\n|turn|24\n|\n|t:|1700271317\n|move|p2a: Drifblim|Thunderbolt|p1a: Snorlax\n|-crit|p1a: Snorlax\n|-damage|p1a: Snorlax|15\/100\n|move|p1a: Snorlax|Gunk Shot|p2a: Drifblim\n|-damage|p2a: Drifblim|69\/100\n|\n|-heal|p2a: Drifblim|75\/100|[from] item: Leftovers\n|-heal|p1a: Snorlax|22\/100|[from] item: Leftovers\n|upkeep\n|turn|25\n|\n|t:|1700271327\n|move|p2a: Drifblim|Thunderbolt|p1a: Snorlax\n|-damage|p1a: Snorlax|0 fnt\n|faint|p1a: Snorlax\n|\n|-heal|p2a: Drifblim|81\/100|[from] item: Leftovers\n|upkeep\n|\n|t:|1700271334\n|switch|p1a: Samurott|Samurott-Hisui, F|32\/100\n|-damage|p1a: Samurott|19\/100|[from] Spikes\n|turn|26\n|inactive|marcenzoesquejo has 120 seconds left.\n|\n|t:|1700271343\n|move|p2a: Drifblim|Thunderbolt|p1a: Samurott\n|-supereffective|p1a: Samurott\n|-damage|p1a: Samurott|0 fnt\n|faint|p1a: Samurott\n|\n|win|Raurm13\n|raw|marcenzoesquejo's rating: 1000 &rarr; <strong>1000<\/strong><br \/>(+0 for losing)\n|raw|Raurm13's rating: 1098 &rarr; <strong>1116<\/strong><br \/>(+18 for winning)\n|l|\u2606marcenzoesquejo\n","uploadtime":1700271352,"views":7,"p1id":"marcenzoesquejo","p2id":"raurm13","formatid":"gen9nationaldex","rating":1000,"private":0,"password":""}