{"id":"gen9nationaldex-1989200753","p1":"Kuzwa","p2":"mastro uccello","format":"[Gen 9] National Dex","log":"|j|\u2606Kuzwa\n|j|\u2606mastro uccello\n|t:|1699822767\n|gametype|singles\n|player|p1|Kuzwa|parasollady|1295\n|player|p2|mastro uccello|guitarist-gen4|1336\n|teamsize|p1|6\n|teamsize|p2|6\n|gen|9\n|tier|[Gen 9] National Dex\n|rated|\n|rule|HP Percentage Mod: HP is shown in percentages\n|rule|Endless Battle Clause: Forcing endless battles is banned\n|rule|OHKO Clause: OHKO moves are banned\n|rule|Evasion Clause: Evasion abilities, items, and moves are banned\n|rule|Evasion Abilities Clause: Evasion abilities are banned\n|rule|Evasion Items Clause: Evasion items are banned\n|rule|Evasion Moves Clause: Evasion moves are banned\n|rule|Species Clause: Limit one of each Pok\u00e9mon\n|rule|Sleep Clause Mod: Limit one foe put to sleep\n|clearpoke\n|poke|p1|Gallade, M|\n|poke|p1|Garchomp, M|\n|poke|p1|Kartana|\n|poke|p1|Scizor, M|\n|poke|p1|Weavile, M|\n|poke|p1|Quaquaval, M|\n|poke|p2|Ursaluna, M|\n|poke|p2|Azumarill, M|\n|poke|p2|Psyduck, F|\n|poke|p2|Thievul, M|\n|poke|p2|Gengar, M|\n|poke|p2|Dusknoir, M|\n|teampreview\n|inactive|Battle timer is ON: inactive players will automatically lose when time's up. (requested by mastro uccello)\n|\n|t:|1699822783\n|start\n|switch|p1a: ???|Quaquaval, M|100\/100\n|switch|p2a: Foxy|Thievul, M|100\/100\n|turn|1\n|\n|t:|1699822789\n|switch|p2a: Nightmare|Dusknoir, M|100\/100\n|-ability|p2a: Nightmare|Pressure\n|move|p1a: ???|Aqua Step|p2a: Nightmare\n|-crit|p2a: Nightmare\n|-damage|p2a: Nightmare|47\/100\n|-boost|p1a: ???|spe|1\n|\n|-heal|p2a: Nightmare|53\/100|[from] item: Leftovers\n|upkeep\n|turn|2\n|\n|t:|1699822799\n|move|p1a: ???|Aqua Step|p2a: Nightmare\n|-damage|p2a: Nightmare|14\/100\n|-boost|p1a: ???|spe|1\n|move|p2a: Nightmare|Pain Split|p1a: ???\n|-sethp|p1a: ???|55\/100|[from] move: Pain Split|[silent]\n|-sethp|p2a: Nightmare|75\/100|[from] move: Pain Split\n|\n|-heal|p2a: Nightmare|81\/100|[from] item: Leftovers\n|upkeep\n|turn|3\n|\n|t:|1699822806\n|move|p1a: ???|Aqua Step|p2a: Nightmare\n|-damage|p2a: Nightmare|42\/100\n|-boost|p1a: ???|spe|1\n|move|p2a: Nightmare|Will-O-Wisp|p1a: ???|[miss]\n|-miss|p2a: Nightmare|p1a: ???\n|\n|-heal|p2a: Nightmare|48\/100|[from] item: Leftovers\n|upkeep\n|turn|4\n|\n|t:|1699822813\n|move|p1a: ???|Aqua Step|p2a: Nightmare\n|-damage|p2a: Nightmare|10\/100\n|-boost|p1a: ???|spe|1\n|move|p2a: Nightmare|Will-O-Wisp|p1a: ???\n|-status|p1a: ???|brn\n|\n|-heal|p2a: Nightmare|16\/100|[from] item: Leftovers\n|-damage|p1a: ???|49\/100 brn|[from] brn\n|upkeep\n|turn|5\n|\n|t:|1699822834\n|move|p2a: Nightmare|Shadow Sneak|p1a: ???\n|-crit|p1a: ???\n|-damage|p1a: ???|20\/100 brn\n|move|p1a: ???|Aqua Step|p2a: Nightmare\n|-damage|p2a: Nightmare|0 fnt\n|-boost|p1a: ???|spe|1\n|faint|p2a: Nightmare\n|-ability|p1a: ???|Moxie|boost\n|-boost|p1a: ???|atk|1\n|\n|-damage|p1a: ???|14\/100 brn|[from] brn\n|upkeep\n|\n|t:|1699822846\n|switch|p2a: Bonnie|Azumarill, M|100\/100\n|turn|6\n|\n|t:|1699822853\n|move|p1a: ???|Ice Spinner|p2a: Bonnie\n|-resisted|p2a: Bonnie\n|-damage|p2a: Bonnie|91\/100\n|move|p2a: Bonnie|Power-Up Punch|p1a: ???\n|-damage|p1a: ???|0 fnt\n|-boost|p2a: Bonnie|atk|1\n|faint|p1a: ???\n|\n|upkeep\n|\n|t:|1699822861\n|switch|p1a: Makoto Yuki|Kartana, shiny|100\/100\n|turn|7\n|\n|t:|1699822871\n|move|p2a: Bonnie|Aqua Jet|p1a: Makoto Yuki\n|-resisted|p1a: Makoto Yuki\n|-damage|p1a: Makoto Yuki|81\/100\n|move|p1a: Makoto Yuki|Swords Dance|p1a: Makoto Yuki\n|-boost|p1a: Makoto Yuki|atk|2\n|\n|upkeep\n|turn|8\n|\n|t:|1699822875\n|move|p2a: Bonnie|Aqua Jet|p1a: Makoto Yuki\n|-resisted|p1a: Makoto Yuki\n|-damage|p1a: Makoto Yuki|60\/100\n|move|p1a: Makoto Yuki|Leaf Blade|p2a: Bonnie\n|-supereffective|p2a: Bonnie\n|-damage|p2a: Bonnie|0 fnt\n|faint|p2a: Bonnie\n|-ability|p1a: Makoto Yuki|Beast Boost|boost\n|-boost|p1a: Makoto Yuki|atk|1\n|\n|upkeep\n|\n|t:|1699822881\n|switch|p2a: Afton|Gengar, M|100\/100\n|turn|9\n|\n|t:|1699822886\n|-terastallize|p1a: Makoto Yuki|Steel\n|move|p2a: Afton|Shadow Ball|p1a: Makoto Yuki\n|-damage|p1a: Makoto Yuki|0 fnt\n|faint|p1a: Makoto Yuki\n|\n|upkeep\n|\n|t:|1699822891\n|switch|p1a: Junpei Iori|Weavile, M, shiny|100\/100\n|turn|10\n|\n|t:|1699822904\n|move|p1a: Junpei Iori|Throat Chop|p2a: Afton\n|-supereffective|p2a: Afton\n|-enditem|p2a: Afton|Focus Sash\n|-damage|p2a: Afton|1\/100\n|-start|p2a: Afton|Throat Chop|[silent]\n|-start|p1a: Junpei Iori|Disable|Throat Chop|[from] ability: Cursed Body|[of] p2a: Afton\n|move|p2a: Afton|Sludge Wave|p1a: Junpei Iori\n|-damage|p1a: Junpei Iori|36\/100\n|\n|upkeep\n|turn|11\n|\n|t:|1699822915\n|move|p1a: Junpei Iori|Ice Spinner|p2a: Afton\n|-damage|p2a: Afton|0 fnt\n|faint|p2a: Afton\n|\n|upkeep\n|\n|t:|1699822924\n|switch|p2a: Chica|Psyduck, F|100\/100\n|-ability|p2a: Chica|Cloud Nine\n|turn|12\n|\n|t:|1699822930\n|move|p1a: Junpei Iori|Psycho Cut|p2a: Chica\n|-damage|p2a: Chica|82\/100\n|move|p2a: Chica|Scald|p1a: Junpei Iori\n|-damage|p1a: Junpei Iori|9\/100\n|-status|p1a: Junpei Iori|brn\n|\n|-damage|p1a: Junpei Iori|3\/100 brn|[from] brn\n|upkeep\n|turn|13\n|\n|t:|1699822938\n|move|p1a: Junpei Iori|Psycho Cut|p2a: Chica\n|-damage|p2a: Chica|72\/100\n|move|p2a: Chica|Flip Turn|p1a: Junpei Iori\n|-damage|p1a: Junpei Iori|0 fnt\n|faint|p1a: Junpei Iori\n|\n|t:|1699822943\n|switch|p2a: Foxy|Thievul, M|100\/100|[from] Flip Turn\n|\n|upkeep\n|\n|t:|1699822950\n|switch|p1a: Ken Amada|Scizor, M|100\/100\n|turn|14\n|\n|t:|1699822954\n|move|p2a: Foxy|Parting Shot|p1a: Ken Amada\n|-unboost|p1a: Ken Amada|atk|1\n|-unboost|p1a: Ken Amada|spa|1\n|\n|t:|1699822957\n|switch|p2a: Chica|Psyduck, F|72\/100|[from] Parting Shot\n|-ability|p2a: Chica|Cloud Nine\n|move|p1a: Ken Amada|Fury Cutter|p2a: Chica\n|-damage|p2a: Chica|54\/100\n|\n|upkeep\n|turn|15\n|\n|t:|1699822969\n|move|p1a: Ken Amada|Fury Cutter|p2a: Chica\n|-damage|p2a: Chica|28\/100\n|move|p2a: Chica|Scald|p1a: Ken Amada\n|-damage|p1a: Ken Amada|79\/100\n|\n|upkeep\n|turn|16\n|\n|t:|1699822975\n|move|p1a: Ken Amada|Fury Cutter|p2a: Chica\n|-damage|p2a: Chica|0 fnt\n|faint|p2a: Chica\n|\n|upkeep\n|\n|t:|1699822982\n|switch|p2a: Freddy|Ursaluna, M|100\/100\n|turn|17\n|\n|t:|1699822985\n|-terastallize|p2a: Freddy|Ghost\n|move|p1a: Ken Amada|Swords Dance|p1a: Ken Amada\n|-boost|p1a: Ken Amada|atk|2\n|move|p2a: Freddy|Bulk Up|p2a: Freddy\n|-boost|p2a: Freddy|atk|1\n|-boost|p2a: Freddy|def|1\n|\n|-status|p2a: Freddy|brn|[from] item: Flame Orb\n|upkeep\n|turn|18\n|\n|t:|1699823002\n|detailschange|p1a: Ken Amada|Scizor-Mega, M\n|-mega|p1a: Ken Amada|Scizor|Scizorite\n|move|p1a: Ken Amada|Acrobatics|p2a: Freddy\n|-damage|p2a: Freddy|78\/100 brn\n|move|p2a: Freddy|Bulk Up|p2a: Freddy\n|-boost|p2a: Freddy|atk|1\n|-boost|p2a: Freddy|def|1\n|\n|-damage|p2a: Freddy|72\/100 brn|[from] brn\n|upkeep\n|turn|19\n|\n|t:|1699823009\n|move|p1a: Ken Amada|Fury Cutter|p2a: Freddy\n|-resisted|p2a: Freddy\n|-damage|p2a: Freddy|61\/100 brn\n|move|p2a: Freddy|Drain Punch|p1a: Ken Amada\n|-damage|p1a: Ken Amada|14\/100\n|-heal|p2a: Freddy|85\/100 brn|[from] drain|[of] p1a: Ken Amada\n|\n|-damage|p2a: Freddy|79\/100 brn|[from] brn\n|upkeep\n|turn|20\n|\n|t:|1699823015\n|move|p1a: Ken Amada|Acrobatics|p2a: Freddy\n|-damage|p2a: Freddy|60\/100 brn\n|move|p2a: Freddy|Drain Punch|p1a: Ken Amada\n|-damage|p1a: Ken Amada|0 fnt\n|-heal|p2a: Freddy|66\/100 brn|[from] drain|[of] p1a: Ken Amada\n|faint|p1a: Ken Amada\n|\n|-damage|p2a: Freddy|59\/100 brn|[from] brn\n|upkeep\n|\n|t:|1699823028\n|switch|p1a: Ryoji Mochizuki|Gallade, M, shiny|100\/100\n|turn|21\n|\n|t:|1699823040\n|move|p1a: Ryoji Mochizuki|Night Slash|p2a: Freddy\n|-supereffective|p2a: Freddy\n|-damage|p2a: Freddy|36\/100 brn\n|move|p2a: Freddy|Earthquake|p1a: Ryoji Mochizuki\n|-damage|p1a: Ryoji Mochizuki|0 fnt\n|faint|p1a: Ryoji Mochizuki\n|\n|-damage|p2a: Freddy|30\/100 brn|[from] brn\n|upkeep\n|\n|t:|1699823044\n|switch|p1a: Akihiko Sanada|Garchomp, M|100\/100\n|turn|22\n|\n|t:|1699823047\n|move|p1a: Akihiko Sanada|Swords Dance|p1a: Akihiko Sanada\n|-boost|p1a: Akihiko Sanada|atk|2\n|move|p2a: Freddy|Facade|p1a: Akihiko Sanada\n|-enditem|p1a: Akihiko Sanada|Focus Sash\n|-damage|p1a: Akihiko Sanada|1\/100\n|-damage|p2a: Freddy|17\/100 brn|[from] ability: Rough Skin|[of] p1a: Akihiko Sanada\n|\n|-damage|p2a: Freddy|11\/100 brn|[from] brn\n|upkeep\n|turn|23\n|\n|t:|1699823058\n|move|p1a: Akihiko Sanada|Earthquake|p2a: Freddy\n|-damage|p2a: Freddy|0 fnt\n|faint|p2a: Freddy\n|\n|upkeep\n|\n|t:|1699823060\n|switch|p2a: Foxy|Thievul, M|100\/100\n|turn|24\n|\n|t:|1699823062\n|move|p1a: Akihiko Sanada|Outrage|p2a: Foxy\n|-damage|p2a: Foxy|0 fnt\n|faint|p2a: Foxy\n|\n|win|Kuzwa\n|raw|Kuzwa's rating: 1295 &rarr; <strong>1323<\/strong><br \/>(+28 for winning)\n|raw|mastro uccello's rating: 1336 &rarr; <strong>1314<\/strong><br \/>(-22 for losing)\n|l|\u2606mastro uccello\n","uploadtime":1699823068,"views":20,"p1id":"kuzwa","p2id":"mastrouccello","formatid":"gen9nationaldex","rating":1314,"private":0,"password":""}