{"id":"gen9nationaldex-1993922901","p1":"hsenb\u59da\u67d0","p2":"firstteameveryay","format":"[Gen 9] National Dex","log":"|j|\u2606hsenb\u59da\u67d0\n|j|\u2606firstteameveryay\n|inactive|Battle timer is ON: inactive players will automatically lose when time's up.\n|t:|1700376072\n|gametype|singles\n|player|p1|hsenb\u59da\u67d0|may-contest|\n|player|p2|firstteameveryay|swimmerf-gen4dp|\n|teamsize|p1|6\n|teamsize|p2|6\n|gen|9\n|tier|[Gen 9] National Dex\n|rated|Tournament battle\n|rule|HP Percentage Mod: HP is shown in percentages\n|rule|Endless Battle Clause: Forcing endless battles is banned\n|rule|OHKO Clause: OHKO moves are banned\n|rule|Evasion Clause: Evasion abilities, items, and moves are banned\n|rule|Evasion Abilities Clause: Evasion abilities are banned\n|rule|Evasion Items Clause: Evasion items are banned\n|rule|Evasion Moves Clause: Evasion moves are banned\n|rule|Species Clause: Limit one of each Pok\u00e9mon\n|rule|Sleep Clause Mod: Limit one foe put to sleep\n|clearpoke\n|poke|p1|Diancie|\n|poke|p1|Garganacl, M|\n|poke|p1|Arcanine-Hisui, M|\n|poke|p1|Nihilego|\n|poke|p1|Glimmora, F|\n|poke|p1|Kleavor, F|\n|poke|p2|Landorus-Therian, M|\n|poke|p2|Heatran, F|\n|poke|p2|Latios, M|\n|poke|p2|Tapu Lele|\n|poke|p2|Hawlucha, M|\n|poke|p2|Alomomola, M|\n|teampreview\n|j| Carrotfromkanto\n|l| Carrotfromkanto\n|c|\u2606firstteameveryay|gl hf\n|inactive|firstteameveryay has 120 seconds left.\n|\n|t:|1700376112\n|start\n|switch|p1a: Glimmora|Glimmora, F|100\/100\n|switch|p2a: Tapu Lele|Tapu Lele, shiny|100\/100\n|-fieldstart|move: Psychic Terrain|[from] ability: Psychic Surge|[of] p2a: Tapu Lele\n|turn|1\n|inactive|hsenb\u59da\u67d0 has 120 seconds left.\n|\n|t:|1700376153\n|-terastallize|p2a: Tapu Lele|Psychic\n|move|p2a: Tapu Lele|Psychic|p1a: Glimmora\n|-supereffective|p1a: Glimmora\n|-enditem|p1a: Glimmora|Focus Sash\n|-damage|p1a: Glimmora|1\/100\n|move|p1a: Glimmora|Mortal Spin|p2a: Tapu Lele\n|-damage|p2a: Tapu Lele|91\/100\n|-status|p2a: Tapu Lele|psn\n|\n|-damage|p2a: Tapu Lele|78\/100 psn|[from] psn\n|upkeep\n|turn|2\n|inactive|hsenb\u59da\u67d0 has 120 seconds left.\n|\n|t:|1700376177\n|move|p2a: Tapu Lele|Psychic|p1a: Glimmora\n|-supereffective|p1a: Glimmora\n|-damage|p1a: Glimmora|0 fnt\n|faint|p1a: Glimmora\n|\n|-damage|p2a: Tapu Lele|66\/100 psn|[from] psn\n|upkeep\n|\n|t:|1700376181\n|switch|p1a: Garganacl|Garganacl, M|100\/100\n|turn|3\n|\n|t:|1700376200\n|move|p2a: Tapu Lele|Psychic|p1a: Garganacl\n|-damage|p1a: Garganacl|49\/100\n|move|p1a: Garganacl|Salt Cure|p2a: Tapu Lele\n|-damage|p2a: Tapu Lele|42\/100 psn\n|-start|p2a: Tapu Lele|Salt Cure\n|\n|-heal|p1a: Garganacl|55\/100|[from] item: Leftovers\n|-damage|p2a: Tapu Lele|30\/100 psn|[from] psn\n|-damage|p2a: Tapu Lele|18\/100 psn|[from] Salt Cure\n|upkeep\n|turn|4\n|inactive|hsenb\u59da\u67d0 has 120 seconds left.\n|inactive|firstteameveryay has 120 seconds left.\n|inactive|hsenb\u59da\u67d0 has 90 seconds left.\n|\n|t:|1700376266\n|switch|p2a: Alomomola|Alomomola, M, shiny|100\/100\n|move|p1a: Garganacl|Protect||[still]\n|-fail|p1a: Garganacl\n|\n|-heal|p1a: Garganacl|61\/100|[from] item: Leftovers\n|upkeep\n|turn|5\n|\n|t:|1700376274\n|switch|p1a: Arcanine|Arcanine-Hisui, M|100\/100\n|move|p2a: Alomomola|Toxic|p1a: Arcanine\n|-status|p1a: Arcanine|tox\n|\n|-damage|p1a: Arcanine|94\/100 tox|[from] psn\n|-fieldend|move: Psychic Terrain\n|upkeep\n|turn|6\n|inactive|firstteameveryay has 90 seconds left.\n|\n|t:|1700376305\n|switch|p2a: Landorus|Landorus-Therian, M|100\/100\n|-ability|p2a: Landorus|Intimidate|boost\n|-unboost|p1a: Arcanine|atk|1\n|move|p1a: Arcanine|Head Smash|p2a: Landorus\n|-damage|p2a: Landorus|2\/100\n|\n|-damage|p1a: Arcanine|82\/100 tox|[from] psn\n|upkeep\n|turn|7\n|inactive|hsenb\u59da\u67d0 has 90 seconds left.\n|inactive|firstteameveryay has 90 seconds left.\n|inactive|hsenb\u59da\u67d0 has 60 seconds left.\n|\n|t:|1700376346\n|switch|p1a: Kleavor|Kleavor, F|100\/100\n|move|p2a: Landorus|Stealth Rock|p1a: Kleavor\n|-sidestart|p1: hsenb\u59da\u67d0|move: Stealth Rock\n|\n|upkeep\n|turn|8\n|\n|t:|1700376365\n|switch|p2a: Alomomola|Alomomola, M, shiny|100\/100\n|move|p1a: Kleavor|Stone Axe|p2a: Alomomola|[miss]\n|-miss|p1a: Kleavor|p2a: Alomomola\n|\n|upkeep\n|turn|9\n|\n|t:|1700376372\n|move|p1a: Kleavor|Stone Axe|p2a: Alomomola\n|-damage|p2a: Alomomola|66\/100\n|-sidestart|p2: firstteameveryay|move: Stealth Rock\n|move|p2a: Alomomola|Wish|p2a: Alomomola\n|\n|-heal|p2a: Alomomola|72\/100|[from] item: Leftovers\n|upkeep\n|turn|10\n|\n|t:|1700376383\n|switch|p1a: Garganacl|Garganacl, M|61\/100\n|-damage|p1a: Garganacl|49\/100|[from] Stealth Rock\n|move|p2a: Alomomola|Flip Turn|p1a: Garganacl\n|-supereffective|p1a: Garganacl\n|-damage|p1a: Garganacl|27\/100\n|\n|t:|1700376387\n|switch|p2a: Tapu Lele|Tapu Lele, shiny, tera:Psychic|18\/100 psn|[from] Flip Turn\n|-damage|p2a: Tapu Lele|5\/100 psn|[from] Stealth Rock\n|-fieldstart|move: Psychic Terrain|[from] ability: Psychic Surge|[of] p2a: Tapu Lele\n|\n|-heal|p2a: Tapu Lele|93\/100 psn|[from] move: Wish|[wisher] Alomomola\n|-heal|p1a: Garganacl|33\/100|[from] item: Leftovers\n|-damage|p2a: Tapu Lele|81\/100 psn|[from] psn\n|upkeep\n|turn|11\n|inactive|hsenb\u59da\u67d0 has 60 seconds left.\n|\n|t:|1700376418\n|move|p1a: Garganacl|Protect|p1a: Garganacl\n|-singleturn|p1a: Garganacl|Protect\n|move|p2a: Tapu Lele|Psychic|p1a: Garganacl\n|-activate|p1a: Garganacl|move: Protect\n|\n|-heal|p1a: Garganacl|40\/100|[from] item: Leftovers\n|-damage|p2a: Tapu Lele|68\/100 psn|[from] psn\n|upkeep\n|turn|12\n|\n|t:|1700376422\n|move|p2a: Tapu Lele|Psychic|p1a: Garganacl\n|-damage|p1a: Garganacl|0 fnt\n|faint|p1a: Garganacl\n|\n|-damage|p2a: Tapu Lele|56\/100 psn|[from] psn\n|upkeep\n|\n|t:|1700376426\n|switch|p1a: Nihilego|Nihilego|100\/100\n|-damage|p1a: Nihilego|88\/100|[from] Stealth Rock\n|turn|13\n|inactive|firstteameveryay has 120 seconds left.\n|\n|t:|1700376454\n|switch|p2a: Alomomola|Alomomola, M, shiny|100\/100\n|-damage|p2a: Alomomola|88\/100|[from] Stealth Rock\n|-terastallize|p1a: Nihilego|Psychic\n|move|p1a: Nihilego|Meteor Beam||[still]\n|-prepare|p1a: Nihilego|Meteor Beam\n|-boost|p1a: Nihilego|spa|1\n|-enditem|p1a: Nihilego|Power Herb\n|-anim|p1a: Nihilego|Meteor Beam|p2a: Alomomola|[miss]\n|-miss|p1a: Nihilego|p2a: Alomomola\n|\n|-heal|p2a: Alomomola|94\/100|[from] item: Leftovers\n|upkeep\n|turn|14\n|\n|t:|1700376468\n|move|p1a: Nihilego|Grass Knot|p2a: Alomomola\n|-supereffective|p2a: Alomomola\n|-crit|p2a: Alomomola\n|-damage|p2a: Alomomola|27\/100\n|move|p2a: Alomomola|Wish|p2a: Alomomola\n|\n|-heal|p2a: Alomomola|33\/100|[from] item: Leftovers\n|-fieldend|move: Psychic Terrain\n|upkeep\n|turn|15\n|l|\u2606hsenb\u59da\u67d0\n|inactive|hsenb\u59da\u67d0 disconnected and has a minute to reconnect!\n|player|p1|\n|inactive|hsenb\u59da\u67d0 has 30 seconds to reconnect!\n|inactive|hsenb\u59da\u67d0 has 20 seconds to reconnect!\n|inactive|hsenb\u59da\u67d0 has 15 seconds to reconnect!\n|inactive|hsenb\u59da\u67d0 has 10 seconds to reconnect!\n|inactive|hsenb\u59da\u67d0 has 5 seconds to reconnect!\n|-message|hsenb\u59da\u67d0 lost due to inactivity.\n|\n|win|firstteameveryay\n|inactive|hsenb\u59da\u67d0 has 25 seconds left this turn.\n|n|\u2606firstteameveryay|firstteameveryay\n|c|\u2606firstteameveryay|it be like that sometimes. ez.\n","uploadtime":1700376539,"views":13,"p1id":"hsenb","p2id":"firstteameveryay","formatid":"gen9nationaldex","rating":0,"private":0,"password":""}