{"id":"gen9nationaldex-1988210342","p1":"hurenkebi","p2":"wcyoubing\u8349\u55b5\u72c2\u70ed\u7c89","format":"[Gen 9] National Dex","log":"|j|\u2606hurenkebi\n|j|\u2606wcyoubing\u8349\u55b5\u72c2\u70ed\u7c89\n|t:|1699685926\n|gametype|singles\n|player|p1|hurenkebi|kimonogirl|1416\n|player|p2|wcyoubing\u8349\u55b5\u72c2\u70ed\u7c89|acerola-masters|1485\n|teamsize|p1|6\n|teamsize|p2|6\n|gen|9\n|tier|[Gen 9] National Dex\n|rated|\n|rule|HP Percentage Mod: HP is shown in percentages\n|rule|Endless Battle Clause: Forcing endless battles is banned\n|rule|OHKO Clause: OHKO moves are banned\n|rule|Evasion Clause: Evasion abilities, items, and moves are banned\n|rule|Evasion Abilities Clause: Evasion abilities are banned\n|rule|Evasion Items Clause: Evasion items are banned\n|rule|Evasion Moves Clause: Evasion moves are banned\n|rule|Species Clause: Limit one of each Pok\u00e9mon\n|rule|Sleep Clause Mod: Limit one foe put to sleep\n|clearpoke\n|poke|p1|Charizard, M|\n|poke|p1|Great Tusk|\n|poke|p1|Venusaur, M|\n|poke|p1|Alomomola, F|\n|poke|p1|Gliscor, M|\n|poke|p1|Torkoal, M|\n|poke|p2|Banette, F|\n|poke|p2|Zamazenta-*|\n|poke|p2|Alomomola, F|\n|poke|p2|Thundurus-Therian, M|\n|poke|p2|Aegislash, M|\n|poke|p2|Hoopa-Unbound|\n|teampreview\n|\n|t:|1699685938\n|start\n|switch|p1a: Torkoal|Torkoal, M, shiny|100\/100\n|switch|p2a: \u9b3c\u9b3c\u559c\u6b22\u6076\u4f5c\u5267|Banette, F|100\/100\n|-item|p1a: Torkoal|Heat Rock|[from] ability: Frisk|[of] p2a: \u9b3c\u9b3c\u559c\u6b22\u6076\u4f5c\u5267|[identify]\n|-weather|SunnyDay|[from] ability: Drought|[of] p1a: Torkoal\n|turn|1\n|\n|t:|1699685943\n|detailschange|p2a: \u9b3c\u9b3c\u559c\u6b22\u6076\u4f5c\u5267|Banette-Mega, F\n|-mega|p2a: \u9b3c\u9b3c\u559c\u6b22\u6076\u4f5c\u5267|Banette|Banettite\n|move|p2a: \u9b3c\u9b3c\u559c\u6b22\u6076\u4f5c\u5267|Taunt|p1a: Torkoal\n|-start|p1a: Torkoal|move: Taunt\n|cant|p1a: Torkoal|move: Taunt|Stealth Rock\n|\n|-weather|SunnyDay|[upkeep]\n|upkeep\n|turn|2\n|\n|t:|1699685949\n|move|p2a: \u9b3c\u9b3c\u559c\u6b22\u6076\u4f5c\u5267|Poltergeist|p1a: Torkoal\n|-activate|p1a: Torkoal|move: Poltergeist|Heat Rock\n|-damage|p1a: Torkoal|61\/100\n|move|p1a: Torkoal|Lava Plume|p2a: \u9b3c\u9b3c\u559c\u6b22\u6076\u4f5c\u5267\n|-damage|p2a: \u9b3c\u9b3c\u559c\u6b22\u6076\u4f5c\u5267|49\/100\n|\n|-weather|SunnyDay|[upkeep]\n|upkeep\n|turn|3\n|\n|t:|1699685977\n|switch|p2a: Thundurus|Thundurus-Therian, M|100\/100\n|switch|p1a: Alomomola|Alomomola, F, shiny|100\/100\n|\n|-weather|SunnyDay|[upkeep]\n|upkeep\n|turn|4\n|\n|t:|1699686003\n|switch|p1a: Gliscor|Gliscor, M, shiny|100\/100\n|move|p2a: Thundurus|Hidden Power|p1a: Gliscor\n|-supereffective|p1a: Gliscor\n|-damage|p1a: Gliscor|0 fnt\n|faint|p1a: Gliscor\n|\n|-weather|SunnyDay|[upkeep]\n|upkeep\n|inactive|Battle timer is ON: inactive players will automatically lose when time's up. (requested by wcyoubing\u8349\u55b5\u72c2\u70ed\u7c89)\n|\n|t:|1699686038\n|switch|p1a: Venusaur|Venusaur, M, shiny|100\/100\n|turn|5\n|\n|t:|1699686047\n|-terastallize|p1a: Venusaur|Fire\n|move|p1a: Venusaur|Weather Ball|p2a: Thundurus\n|-damage|p2a: Thundurus|0 fnt\n|faint|p2a: Thundurus\n|-damage|p1a: Venusaur|91\/100|[from] item: Life Orb\n|\n|-weather|SunnyDay|[upkeep]\n|upkeep\n|\n|t:|1699686056\n|switch|p2a: I'm a Guanyin|Hoopa-Unbound|100\/100\n|turn|6\n|\n|t:|1699686067\n|switch|p1a: Great Tusk|Great Tusk|100\/100\n|-activate|p1a: Great Tusk|ability: Protosynthesis\n|-start|p1a: Great Tusk|protosynthesisdef\n|move|p2a: I'm a Guanyin|Hyperspace Fury|p1a: Great Tusk\n|-resisted|p1a: Great Tusk\n|-damage|p1a: Great Tusk|83\/100\n|-unboost|p2a: I'm a Guanyin|def|1\n|\n|-weather|SunnyDay|[upkeep]\n|-heal|p1a: Great Tusk|89\/100|[from] item: Leftovers\n|upkeep\n|turn|7\n|\n|t:|1699686079\n|switch|p2a: \u9b3c\u9b3c\u559c\u6b22\u6076\u4f5c\u5267|Banette-Mega, F|49\/100\n|move|p1a: Great Tusk|Rapid Spin|p2a: \u9b3c\u9b3c\u559c\u6b22\u6076\u4f5c\u5267\n|-immune|p2a: \u9b3c\u9b3c\u559c\u6b22\u6076\u4f5c\u5267\n|\n|-weather|SunnyDay|[upkeep]\n|-heal|p1a: Great Tusk|95\/100|[from] item: Leftovers\n|upkeep\n|turn|8\n|\n|t:|1699686086\n|move|p2a: \u9b3c\u9b3c\u559c\u6b22\u6076\u4f5c\u5267|Encore|p1a: Great Tusk\n|-start|p1a: Great Tusk|Encore\n|move|p1a: Great Tusk|Rapid Spin|p2a: \u9b3c\u9b3c\u559c\u6b22\u6076\u4f5c\u5267\n|-immune|p2a: \u9b3c\u9b3c\u559c\u6b22\u6076\u4f5c\u5267\n|\n|-weather|none\n|-end|p1a: Great Tusk|Protosynthesis\n|-heal|p1a: Great Tusk|100\/100|[from] item: Leftovers\n|upkeep\n|turn|9\n|\n|t:|1699686094\n|-end|p1a: Great Tusk|Protosynthesis|[silent]\n|switch|p1a: Torkoal|Torkoal, M, shiny|61\/100\n|-weather|SunnyDay|[from] ability: Drought|[of] p1a: Torkoal\n|move|p2a: \u9b3c\u9b3c\u559c\u6b22\u6076\u4f5c\u5267|Poltergeist|p1a: Torkoal|[miss]\n|-miss|p2a: \u9b3c\u9b3c\u559c\u6b22\u6076\u4f5c\u5267|p1a: Torkoal\n|\n|-weather|SunnyDay|[upkeep]\n|upkeep\n|turn|10\n|\n|t:|1699686106\n|switch|p2a: \u4fdd\u59c6\u66fc\u6ce2\u8868\u793a\u6211\u4e5f\u60f3c|Alomomola, F, shiny|100\/100\n|move|p1a: Torkoal|Lava Plume|p2a: \u4fdd\u59c6\u66fc\u6ce2\u8868\u793a\u6211\u4e5f\u60f3c\n|-resisted|p2a: \u4fdd\u59c6\u66fc\u6ce2\u8868\u793a\u6211\u4e5f\u60f3c\n|-damage|p2a: \u4fdd\u59c6\u66fc\u6ce2\u8868\u793a\u6211\u4e5f\u60f3c|79\/100\n|\n|-weather|SunnyDay|[upkeep]\n|upkeep\n|turn|11\n|\n|t:|1699686114\n|move|p2a: \u4fdd\u59c6\u66fc\u6ce2\u8868\u793a\u6211\u4e5f\u60f3c|Flip Turn|p1a: Torkoal\n|-supereffective|p1a: Torkoal\n|-damage|p1a: Torkoal|52\/100\n|\n|t:|1699686118\n|switch|p2a: \u9b3c\u9b3c\u559c\u6b22\u6076\u4f5c\u5267|Banette-Mega, F|49\/100|[from] Flip Turn\n|move|p1a: Torkoal|Stealth Rock|p2a: \u9b3c\u9b3c\u559c\u6b22\u6076\u4f5c\u5267\n|-sidestart|p2: wcyoubing\u8349\u55b5\u72c2\u70ed\u7c89|move: Stealth Rock\n|\n|-weather|SunnyDay|[upkeep]\n|upkeep\n|turn|12\n|\n|t:|1699686138\n|switch|p1a: Great Tusk|Great Tusk|100\/100\n|-activate|p1a: Great Tusk|ability: Protosynthesis\n|-start|p1a: Great Tusk|protosynthesisdef\n|move|p2a: \u9b3c\u9b3c\u559c\u6b22\u6076\u4f5c\u5267|Encore||[still]\n|-fail|p2a: \u9b3c\u9b3c\u559c\u6b22\u6076\u4f5c\u5267\n|\n|-weather|SunnyDay|[upkeep]\n|upkeep\n|turn|13\n|\n|t:|1699686157\n|move|p2a: \u9b3c\u9b3c\u559c\u6b22\u6076\u4f5c\u5267|Destiny Bond|p2a: \u9b3c\u9b3c\u559c\u6b22\u6076\u4f5c\u5267\n|-singlemove|p2a: \u9b3c\u9b3c\u559c\u6b22\u6076\u4f5c\u5267|Destiny Bond\n|move|p1a: Great Tusk|Earthquake|p2a: \u9b3c\u9b3c\u559c\u6b22\u6076\u4f5c\u5267\n|-damage|p2a: \u9b3c\u9b3c\u559c\u6b22\u6076\u4f5c\u5267|0 fnt\n|faint|p2a: \u9b3c\u9b3c\u559c\u6b22\u6076\u4f5c\u5267\n|-activate|p2a: \u9b3c\u9b3c\u559c\u6b22\u6076\u4f5c\u5267|move: Destiny Bond\n|faint|p1a: Great Tusk\n|-end|p1a: Great Tusk|Protosynthesis|[silent]\n|\n|-weather|SunnyDay|[upkeep]\n|upkeep\n|\n|t:|1699686171\n|switch|p2a: \u76fe\u4e4b\u738b\u6015\u75bc\uff0c\u5e26\u5f31\u70b9\u4fdd\u9669\u5408\u7406\u5427|Zamazenta|100\/100\n|switch|p1a: Venusaur|Venusaur, M, shiny, tera:Fire|91\/100\n|-damage|p2a: \u76fe\u4e4b\u738b\u6015\u75bc\uff0c\u5e26\u5f31\u70b9\u4fdd\u9669\u5408\u7406\u5427|94\/100|[from] Stealth Rock\n|-ability|p2a: \u76fe\u4e4b\u738b\u6015\u75bc\uff0c\u5e26\u5f31\u70b9\u4fdd\u9669\u5408\u7406\u5427|Dauntless Shield|boost\n|-boost|p2a: \u76fe\u4e4b\u738b\u6015\u75bc\uff0c\u5e26\u5f31\u70b9\u4fdd\u9669\u5408\u7406\u5427|def|1\n|turn|14\n|\n|t:|1699686181\n|move|p1a: Venusaur|Growth|p1a: Venusaur\n|-boost|p1a: Venusaur|atk|2\n|-boost|p1a: Venusaur|spa|2\n|move|p2a: \u76fe\u4e4b\u738b\u6015\u75bc\uff0c\u5e26\u5f31\u70b9\u4fdd\u9669\u5408\u7406\u5427|Iron Defense|p2a: \u76fe\u4e4b\u738b\u6015\u75bc\uff0c\u5e26\u5f31\u70b9\u4fdd\u9669\u5408\u7406\u5427\n|-boost|p2a: \u76fe\u4e4b\u738b\u6015\u75bc\uff0c\u5e26\u5f31\u70b9\u4fdd\u9669\u5408\u7406\u5427|def|2\n|\n|-weather|SunnyDay|[upkeep]\n|-heal|p2a: \u76fe\u4e4b\u738b\u6015\u75bc\uff0c\u5e26\u5f31\u70b9\u4fdd\u9669\u5408\u7406\u5427|100\/100|[from] item: Leftovers\n|upkeep\n|turn|15\n|\n|t:|1699686203\n|switch|p2a: \u4fdd\u59c6\u66fc\u6ce2\u8868\u793a\u6211\u4e5f\u60f3c|Alomomola, F, shiny|100\/100\n|-damage|p2a: \u4fdd\u59c6\u66fc\u6ce2\u8868\u793a\u6211\u4e5f\u60f3c|88\/100|[from] Stealth Rock\n|move|p1a: Venusaur|Weather Ball|p2a: \u4fdd\u59c6\u66fc\u6ce2\u8868\u793a\u6211\u4e5f\u60f3c\n|-resisted|p2a: \u4fdd\u59c6\u66fc\u6ce2\u8868\u793a\u6211\u4e5f\u60f3c\n|-damage|p2a: \u4fdd\u59c6\u66fc\u6ce2\u8868\u793a\u6211\u4e5f\u60f3c|0 fnt\n|faint|p2a: \u4fdd\u59c6\u66fc\u6ce2\u8868\u793a\u6211\u4e5f\u60f3c\n|-damage|p1a: Venusaur|81\/100|[from] item: Life Orb\n|\n|-weather|SunnyDay|[upkeep]\n|upkeep\n|\n|t:|1699686214\n|switch|p2a: I'm a Guanyin|Hoopa-Unbound|100\/100\n|-damage|p2a: I'm a Guanyin|88\/100|[from] Stealth Rock\n|turn|16\n|\n|t:|1699686221\n|move|p1a: Venusaur|Giga Drain|p2a: I'm a Guanyin\n|-damage|p2a: I'm a Guanyin|10\/100\n|-heal|p1a: Venusaur|100\/100|[from] drain|[of] p2a: I'm a Guanyin\n|-damage|p1a: Venusaur|91\/100|[from] item: Life Orb\n|move|p2a: I'm a Guanyin|Hyperspace Fury|p1a: Venusaur\n|-damage|p1a: Venusaur|0 fnt\n|-unboost|p2a: I'm a Guanyin|def|1\n|faint|p1a: Venusaur\n|\n|-weather|none\n|upkeep\n|\n|t:|1699686246\n|switch|p1a: Torkoal|Torkoal, M, shiny|52\/100\n|-weather|SunnyDay|[from] ability: Drought|[of] p1a: Torkoal\n|turn|17\n|\n|t:|1699686250\n|move|p2a: I'm a Guanyin|Hyperspace Fury|p1a: Torkoal\n|-damage|p1a: Torkoal|0 fnt\n|-unboost|p2a: I'm a Guanyin|def|1\n|faint|p1a: Torkoal\n|\n|-weather|SunnyDay|[upkeep]\n|upkeep\n|\n|t:|1699686254\n|switch|p1a: Charizard|Charizard, M, shiny|100\/100\n|turn|18\n|\n|t:|1699686259\n|detailschange|p1a: Charizard|Charizard-Mega-X, M, shiny\n|-mega|p1a: Charizard|Charizard|Charizardite X\n|move|p1a: Charizard|Earthquake|p2a: I'm a Guanyin\n|-damage|p2a: I'm a Guanyin|0 fnt\n|faint|p2a: I'm a Guanyin\n|\n|-weather|SunnyDay|[upkeep]\n|upkeep\n|\n|t:|1699686263\n|switch|p2a: \u76fe\u4e4b\u738b\u6015\u75bc\uff0c\u5e26\u5f31\u70b9\u4fdd\u9669\u5408\u7406\u5427|Zamazenta|100\/100\n|-damage|p2a: \u76fe\u4e4b\u738b\u6015\u75bc\uff0c\u5e26\u5f31\u70b9\u4fdd\u9669\u5408\u7406\u5427|94\/100|[from] Stealth Rock\n|turn|19\n|\n|t:|1699686268\n|move|p2a: \u76fe\u4e4b\u738b\u6015\u75bc\uff0c\u5e26\u5f31\u70b9\u4fdd\u9669\u5408\u7406\u5427|Iron Defense|p2a: \u76fe\u4e4b\u738b\u6015\u75bc\uff0c\u5e26\u5f31\u70b9\u4fdd\u9669\u5408\u7406\u5427\n|-boost|p2a: \u76fe\u4e4b\u738b\u6015\u75bc\uff0c\u5e26\u5f31\u70b9\u4fdd\u9669\u5408\u7406\u5427|def|2\n|move|p1a: Charizard|Flare Blitz|p2a: \u76fe\u4e4b\u738b\u6015\u75bc\uff0c\u5e26\u5f31\u70b9\u4fdd\u9669\u5408\u7406\u5427\n|-damage|p2a: \u76fe\u4e4b\u738b\u6015\u75bc\uff0c\u5e26\u5f31\u70b9\u4fdd\u9669\u5408\u7406\u5427|51\/100\n|-damage|p1a: Charizard|82\/100|[from] Recoil\n|\n|-weather|SunnyDay|[upkeep]\n|-heal|p2a: \u76fe\u4e4b\u738b\u6015\u75bc\uff0c\u5e26\u5f31\u70b9\u4fdd\u9669\u5408\u7406\u5427|57\/100|[from] item: Leftovers\n|upkeep\n|turn|20\n|\n|t:|1699686282\n|move|p2a: \u76fe\u4e4b\u738b\u6015\u75bc\uff0c\u5e26\u5f31\u70b9\u4fdd\u9669\u5408\u7406\u5427|Iron Defense|p2a: \u76fe\u4e4b\u738b\u6015\u75bc\uff0c\u5e26\u5f31\u70b9\u4fdd\u9669\u5408\u7406\u5427\n|-boost|p2a: \u76fe\u4e4b\u738b\u6015\u75bc\uff0c\u5e26\u5f31\u70b9\u4fdd\u9669\u5408\u7406\u5427|def|2\n|move|p1a: Charizard|Flare Blitz|p2a: \u76fe\u4e4b\u738b\u6015\u75bc\uff0c\u5e26\u5f31\u70b9\u4fdd\u9669\u5408\u7406\u5427\n|-damage|p2a: \u76fe\u4e4b\u738b\u6015\u75bc\uff0c\u5e26\u5f31\u70b9\u4fdd\u9669\u5408\u7406\u5427|28\/100\n|-damage|p1a: Charizard|69\/100|[from] Recoil\n|\n|-weather|SunnyDay|[upkeep]\n|-heal|p2a: \u76fe\u4e4b\u738b\u6015\u75bc\uff0c\u5e26\u5f31\u70b9\u4fdd\u9669\u5408\u7406\u5427|34\/100|[from] item: Leftovers\n|upkeep\n|turn|21\n|\n|t:|1699686305\n|move|p2a: \u76fe\u4e4b\u738b\u6015\u75bc\uff0c\u5e26\u5f31\u70b9\u4fdd\u9669\u5408\u7406\u5427|Body Press|p1a: Charizard\n|-damage|p1a: Charizard|0 fnt\n|faint|p1a: Charizard\n|\n|-weather|SunnyDay|[upkeep]\n|-heal|p2a: \u76fe\u4e4b\u738b\u6015\u75bc\uff0c\u5e26\u5f31\u70b9\u4fdd\u9669\u5408\u7406\u5427|40\/100|[from] item: Leftovers\n|upkeep\n|\n|t:|1699686308\n|switch|p1a: Alomomola|Alomomola, F, shiny|100\/100\n|turn|22\n|\n|t:|1699686311\n|move|p2a: \u76fe\u4e4b\u738b\u6015\u75bc\uff0c\u5e26\u5f31\u70b9\u4fdd\u9669\u5408\u7406\u5427|Substitute|p2a: \u76fe\u4e4b\u738b\u6015\u75bc\uff0c\u5e26\u5f31\u70b9\u4fdd\u9669\u5408\u7406\u5427\n|-start|p2a: \u76fe\u4e4b\u738b\u6015\u75bc\uff0c\u5e26\u5f31\u70b9\u4fdd\u9669\u5408\u7406\u5427|Substitute\n|-damage|p2a: \u76fe\u4e4b\u738b\u6015\u75bc\uff0c\u5e26\u5f31\u70b9\u4fdd\u9669\u5408\u7406\u5427|15\/100\n|move|p1a: Alomomola|Knock Off|p2a: \u76fe\u4e4b\u738b\u6015\u75bc\uff0c\u5e26\u5f31\u70b9\u4fdd\u9669\u5408\u7406\u5427\n|-resisted|p2a: \u76fe\u4e4b\u738b\u6015\u75bc\uff0c\u5e26\u5f31\u70b9\u4fdd\u9669\u5408\u7406\u5427\n|-activate|p2a: \u76fe\u4e4b\u738b\u6015\u75bc\uff0c\u5e26\u5f31\u70b9\u4fdd\u9669\u5408\u7406\u5427|move: Substitute|[damage]\n|\n|-weather|SunnyDay|[upkeep]\n|-heal|p2a: \u76fe\u4e4b\u738b\u6015\u75bc\uff0c\u5e26\u5f31\u70b9\u4fdd\u9669\u5408\u7406\u5427|21\/100|[from] item: Leftovers\n|upkeep\n|turn|23\n|-message|hurenkebi forfeited.\n|\n|win|wcyoubing\u8349\u55b5\u72c2\u70ed\u7c89\n|raw|hurenkebi's rating: 1416 &rarr; <strong>1400<\/strong><br \/>(-16 for losing)\n|raw|wcyoubing\u8349\u55b5\u72c2\u70ed\u7c89's rating: 1485 &rarr; <strong>1501<\/strong><br \/>(+16 for winning)\n|l|\u2606hurenkebi\n","uploadtime":1699686328,"views":4,"p1id":"hurenkebi","p2id":"wcyoubing","formatid":"gen9nationaldex","rating":1400,"private":0,"password":""}