{"id":"gen9nationaldex-1993566939","p1":"H_4Victory","p2":"LazzyGudetama","format":"[Gen 9] National Dex","log":"|j|\u2606H_4Victory\n|j|\u2606LazzyGudetama\n|t:|1700332532\n|gametype|singles\n|player|p1|H_4Victory|hilbert|1130\n|player|p2|LazzyGudetama|hanbei-conquest|1053\n|teamsize|p1|6\n|teamsize|p2|6\n|gen|9\n|tier|[Gen 9] National Dex\n|rated|\n|rule|HP Percentage Mod: HP is shown in percentages\n|rule|Endless Battle Clause: Forcing endless battles is banned\n|rule|OHKO Clause: OHKO moves are banned\n|rule|Evasion Clause: Evasion abilities, items, and moves are banned\n|rule|Evasion Abilities Clause: Evasion abilities are banned\n|rule|Evasion Items Clause: Evasion items are banned\n|rule|Evasion Moves Clause: Evasion moves are banned\n|rule|Species Clause: Limit one of each Pok\u00e9mon\n|rule|Sleep Clause Mod: Limit one foe put to sleep\n|clearpoke\n|poke|p1|Milotic, F|\n|poke|p1|Nihilego|\n|poke|p1|Buzzwole|\n|poke|p1|Kartana|\n|poke|p1|Togekiss, F|\n|poke|p1|Snorlax, M|\n|poke|p2|Pineco, L1, M|\n|poke|p2|Magnemite, L1|\n|poke|p2|Cottonee, L1, M|\n|poke|p2|Taillow, L1, M|\n|poke|p2|Aron, L1, M|\n|poke|p2|Togedemaru, L1, M|\n|teampreview\n|inactive|Battle timer is ON: inactive players will automatically lose when time's up. (requested by LazzyGudetama)\n|\n|t:|1700332563\n|start\n|switch|p1a: Milotic|Milotic, F|100\/100\n|switch|p2a: Togedemaru|Togedemaru, L1, M, shiny|100\/100\n|turn|1\n|\n|t:|1700332592\n|move|p1a: Milotic|Aqua Ring|p1a: Milotic\n|-start|p1a: Milotic|Aqua Ring\n|move|p2a: Togedemaru|Endeavor|p1a: Milotic\n|-damage|p1a: Milotic|4\/100\n|-damage|p2a: Togedemaru|84\/100|[from] item: Rocky Helmet|[of] p1a: Milotic\n|-heal|p2a: Togedemaru|100\/100|[from] item: Shell Bell|[of] p1a: Milotic\n|\n|-heal|p1a: Milotic|10\/100|[from] Aqua Ring\n|upkeep\n|turn|2\n|\n|t:|1700332603\n|move|p2a: Togedemaru|Spiky Shield|p2a: Togedemaru\n|-singleturn|p2a: Togedemaru|move: Protect\n|move|p1a: Milotic|Scald|p2a: Togedemaru\n|-activate|p2a: Togedemaru|move: Protect\n|\n|-heal|p1a: Milotic|16\/100|[from] Aqua Ring\n|upkeep\n|turn|3\n|\n|t:|1700332614\n|move|p1a: Milotic|Scald|p2a: Togedemaru\n|-ability|p2a: Togedemaru|Sturdy\n|-damage|p2a: Togedemaru|9\/100\n|move|p2a: Togedemaru|Endeavor|p1a: Milotic\n|-damage|p1a: Milotic|1\/100\n|-damage|p2a: Togedemaru|0 fnt|[from] item: Rocky Helmet|[of] p1a: Milotic\n|faint|p2a: Togedemaru\n|\n|-heal|p1a: Milotic|7\/100|[from] Aqua Ring\n|upkeep\n|\n|t:|1700332625\n|switch|p2a: Just a Parnk|Cottonee, L1, M, shiny|100\/100\n|turn|4\n|\n|t:|1700332633\n|move|p2a: Just a Parnk|Leech Seed|p1a: Milotic\n|-start|p1a: Milotic|move: Leech Seed\n|move|p1a: Milotic|Ice Beam|p2a: Just a Parnk\n|-supereffective|p2a: Just a Parnk\n|-enditem|p2a: Just a Parnk|Focus Sash\n|-damage|p2a: Just a Parnk|9\/100\n|\n|-heal|p1a: Milotic|13\/100|[from] Aqua Ring\n|-damage|p1a: Milotic|0 fnt|[from] Leech Seed|[of] p2a: Just a Parnk\n|-heal|p2a: Just a Parnk|100\/100|[silent]\n|faint|p1a: Milotic\n|upkeep\n|\n|t:|1700332651\n|switch|p1a: Togekiss|Togekiss, F|100\/100\n|turn|5\n|\n|t:|1700332661\n|move|p2a: Just a Parnk|Leech Seed|p1a: Togekiss\n|-start|p1a: Togekiss|move: Leech Seed\n|move|p1a: Togekiss|Thunder Wave|p2a: Just a Parnk\n|-status|p2a: Just a Parnk|par\n|\n|-damage|p1a: Togekiss|88\/100|[from] Leech Seed|[of] p2a: Just a Parnk\n|upkeep\n|turn|6\n|\n|t:|1700332669\n|move|p2a: Just a Parnk|Encore|p1a: Togekiss\n|-start|p1a: Togekiss|Encore\n|move|p1a: Togekiss|Thunder Wave|p2a: Just a Parnk\n|-fail|p2a: Just a Parnk|par\n|\n|-heal|p1a: Togekiss|94\/100|[from] item: Leftovers\n|-damage|p1a: Togekiss|82\/100|[from] Leech Seed|[of] p2a: Just a Parnk\n|upkeep\n|turn|7\n|\n|t:|1700332677\n|move|p2a: Just a Parnk|Substitute|p2a: Just a Parnk\n|-start|p2a: Just a Parnk|Substitute\n|-damage|p2a: Just a Parnk|75\/100 par\n|move|p1a: Togekiss|Thunder Wave||[still]\n|-fail|p1a: Togekiss\n|\n|-heal|p1a: Togekiss|88\/100|[from] item: Leftovers\n|-damage|p1a: Togekiss|76\/100|[from] Leech Seed|[of] p2a: Just a Parnk\n|-heal|p2a: Just a Parnk|100\/100 par|[silent]\n|upkeep\n|turn|8\n|\n|t:|1700332686\n|move|p1a: Togekiss|Thunder Wave|p2a: Just a Parnk|[miss]\n|-miss|p1a: Togekiss|p2a: Just a Parnk\n|move|p2a: Just a Parnk|Endeavor|p1a: Togekiss\n|-damage|p1a: Togekiss|4\/100\n|\n|-heal|p1a: Togekiss|10\/100|[from] item: Leftovers\n|-damage|p1a: Togekiss|0 fnt|[from] Leech Seed|[of] p2a: Just a Parnk\n|faint|p1a: Togekiss\n|upkeep\n|\n|t:|1700332698\n|switch|p1a: Snorlax|Snorlax, M|100\/100\n|turn|9\n|\n|t:|1700332702\n|move|p2a: Just a Parnk|Leech Seed|p1a: Snorlax\n|-start|p1a: Snorlax|move: Leech Seed\n|move|p1a: Snorlax|Body Slam|p2a: Just a Parnk\n|-crit|p2a: Just a Parnk\n|-end|p2a: Just a Parnk|Substitute\n|\n|-damage|p1a: Snorlax|88\/100|[from] Leech Seed|[of] p2a: Just a Parnk\n|upkeep\n|turn|10\n|\n|t:|1700332710\n|move|p2a: Just a Parnk|Substitute|p2a: Just a Parnk\n|-start|p2a: Just a Parnk|Substitute\n|-damage|p2a: Just a Parnk|75\/100 par\n|move|p1a: Snorlax|Body Slam|p2a: Just a Parnk\n|-end|p2a: Just a Parnk|Substitute\n|\n|-heal|p1a: Snorlax|94\/100|[from] item: Leftovers\n|-damage|p1a: Snorlax|82\/100|[from] Leech Seed|[of] p2a: Just a Parnk\n|-heal|p2a: Just a Parnk|100\/100 par|[silent]\n|upkeep\n|turn|11\n|\n|t:|1700332718\n|cant|p2a: Just a Parnk|par\n|move|p1a: Snorlax|Body Slam|p2a: Just a Parnk\n|-damage|p2a: Just a Parnk|0 fnt\n|faint|p2a: Just a Parnk\n|\n|-heal|p1a: Snorlax|88\/100|[from] item: Leftovers\n|upkeep\n|\n|t:|1700332721\n|switch|p2a: Red Eyes Dragon|Aron, L1, M, shiny|100\/100\n|turn|12\n|\n|t:|1700332727\n|move|p1a: Snorlax|Earthquake|p2a: Red Eyes Dragon\n|-supereffective|p2a: Red Eyes Dragon\n|-ability|p2a: Red Eyes Dragon|Sturdy\n|-damage|p2a: Red Eyes Dragon|9\/100\n|move|p2a: Red Eyes Dragon|Sandstorm|p2a: Red Eyes Dragon\n|-weather|Sandstorm\n|\n|-weather|Sandstorm|[upkeep]\n|-damage|p1a: Snorlax|82\/100|[from] Sandstorm\n|-heal|p1a: Snorlax|88\/100|[from] item: Leftovers\n|-damage|p1a: Snorlax|75\/100|[from] Leech Seed|[of] p2a: Red Eyes Dragon\n|-heal|p2a: Red Eyes Dragon|100\/100|[silent]\n|upkeep\n|turn|13\n|\n|t:|1700332738\n|move|p1a: Snorlax|Earthquake|p2a: Red Eyes Dragon\n|-supereffective|p2a: Red Eyes Dragon\n|-ability|p2a: Red Eyes Dragon|Sturdy\n|-damage|p2a: Red Eyes Dragon|9\/100\n|move|p2a: Red Eyes Dragon|Endeavor|p1a: Snorlax\n|-damage|p1a: Snorlax|1\/100\n|-heal|p2a: Red Eyes Dragon|100\/100|[from] item: Shell Bell|[of] p1a: Snorlax\n|\n|-weather|Sandstorm|[upkeep]\n|-damage|p1a: Snorlax|0 fnt|[from] Sandstorm\n|faint|p1a: Snorlax\n|upkeep\n|\n|t:|1700332751\n|switch|p1a: Nihilego|Nihilego|100\/100\n|turn|14\n|\n|t:|1700332756\n|move|p1a: Nihilego|Thunderbolt|p2a: Red Eyes Dragon\n|-ability|p2a: Red Eyes Dragon|Sturdy\n|-damage|p2a: Red Eyes Dragon|9\/100\n|move|p2a: Red Eyes Dragon|Endeavor|p1a: Nihilego\n|-damage|p1a: Nihilego|1\/100\n|-heal|p2a: Red Eyes Dragon|100\/100|[from] item: Shell Bell|[of] p1a: Nihilego\n|\n|-weather|Sandstorm|[upkeep]\n|upkeep\n|turn|15\n|\n|t:|1700332771\n|switch|p2a: BleyBlade|Pineco, L1, M, shiny|100\/100\n|move|p1a: Nihilego|Thunderbolt|p2a: BleyBlade\n|-ability|p2a: BleyBlade|Sturdy\n|-damage|p2a: BleyBlade|9\/100\n|-enditem|p2a: BleyBlade|Berry Juice\n|-heal|p2a: BleyBlade|100\/100|[from] item: Berry Juice\n|\n|-weather|Sandstorm|[upkeep]\n|-damage|p2a: BleyBlade|92\/100|[from] Sandstorm\n|upkeep\n|turn|16\n|\n|t:|1700332787\n|move|p1a: Nihilego|Thunderbolt|p2a: BleyBlade\n|-damage|p2a: BleyBlade|0 fnt\n|faint|p2a: BleyBlade\n|-ability|p1a: Nihilego|Beast Boost|boost\n|-boost|p1a: Nihilego|spa|1\n|\n|-weather|none\n|upkeep\n|\n|t:|1700332790\n|switch|p2a: MyHero|Taillow, L1, M, shiny|100\/100\n|turn|17\n|\n|t:|1700332797\n|move|p2a: MyHero|Quick Attack|p1a: Nihilego\n|-resisted|p1a: Nihilego\n|-damage|p1a: Nihilego|0 fnt\n|faint|p1a: Nihilego\n|\n|upkeep\n|\n|t:|1700332802\n|switch|p1a: Kartana|Kartana|100\/100\n|turn|18\n|\n|t:|1700332808\n|move|p1a: Kartana|Aerial Ace|p2a: MyHero\n|-enditem|p2a: MyHero|Focus Sash\n|-damage|p2a: MyHero|9\/100\n|move|p2a: MyHero|Endeavor|p1a: Kartana\n|-damage|p1a: Kartana|1\/100\n|\n|upkeep\n|turn|19\n|\n|t:|1700332817\n|move|p2a: MyHero|Quick Attack|p1a: Kartana\n|-resisted|p1a: Kartana\n|-damage|p1a: Kartana|0 fnt\n|faint|p1a: Kartana\n|\n|upkeep\n|\n|t:|1700332821\n|switch|p1a: Buzzwole|Buzzwole|100\/100\n|turn|20\n|c|\u2606LazzyGudetama|taillow>kartana\n|\n|t:|1700332830\n|-terastallize|p1a: Buzzwole|Ground\n|move|p1a: Buzzwole|Fell Stinger|p2a: MyHero\n|-resisted|p2a: MyHero\n|-damage|p2a: MyHero|0 fnt\n|faint|p2a: MyHero\n|-ability|p1a: Buzzwole|Beast Boost|boost\n|-boost|p1a: Buzzwole|atk|1\n|-boost|p1a: Buzzwole|atk|3\n|\n|upkeep\n|\n|t:|1700332839\n|switch|p2a: Magneto|Magnemite, L1, shiny|100\/100\n|turn|21\n|inactive|H_4Victory has 120 seconds left.\n|c|\u2606H_4Victory|For the record, you're first one I've battled to capitalize on sturdy\/focus sash and endeavor this way! It's good! Sort of cheating, but good!\n|inactive|H_4Victory has 90 seconds left.\n|\n|t:|1700332902\n|move|p1a: Buzzwole|Drain Punch|p2a: Magneto\n|-supereffective|p2a: Magneto\n|-ability|p2a: Magneto|Sturdy\n|-damage|p2a: Magneto|10\/100\n|-enditem|p2a: Magneto|Oran Berry|[eat]\n|-heal|p2a: Magneto|100\/100|[from] item: Oran Berry\n|move|p2a: Magneto|Toxic|p1a: Buzzwole\n|-status|p1a: Buzzwole|tox\n|\n|-damage|p1a: Buzzwole|94\/100 tox|[from] psn\n|upkeep\n|turn|22\n|inactive|H_4Victory has 90 seconds left.\n|inactive|LazzyGudetama has 120 seconds left.\n|c|\u2606LazzyGudetama|:)\n|\n|t:|1700332945\n|move|p1a: Buzzwole|Drain Punch|p2a: Magneto\n|-supereffective|p2a: Magneto\n|-ability|p2a: Magneto|Sturdy\n|-damage|p2a: Magneto|10\/100\n|-heal|p1a: Buzzwole|95\/100 tox|[from] drain|[of] p2a: Magneto\n|move|p2a: Magneto|Confuse Ray|p1a: Buzzwole\n|-start|p1a: Buzzwole|confusion\n|\n|-heal|p1a: Buzzwole|100\/100 tox|[from] item: Leftovers\n|-damage|p1a: Buzzwole|88\/100 tox|[from] psn\n|upkeep\n|turn|23\n|inactive|H_4Victory has 90 seconds left.\n|\n|t:|1700332959\n|-activate|p1a: Buzzwole|confusion\n|move|p1a: Buzzwole|Drain Punch|p2a: Magneto\n|-supereffective|p2a: Magneto\n|-damage|p2a: Magneto|0 fnt\n|-heal|p1a: Buzzwole|88\/100 tox|[from] drain|[of] p2a: Magneto\n|faint|p2a: Magneto\n|-ability|p1a: Buzzwole|Beast Boost|boost\n|-boost|p1a: Buzzwole|atk|1\n|\n|-heal|p1a: Buzzwole|95\/100 tox|[from] item: Leftovers\n|-damage|p1a: Buzzwole|76\/100 tox|[from] psn\n|upkeep\n|\n|t:|1700332961\n|switch|p2a: Red Eyes Dragon|Aron, L1, M, shiny|100\/100\n|turn|24\n|\n|t:|1700332972\n|-activate|p1a: Buzzwole|confusion\n|move|p1a: Buzzwole|Drain Punch|p2a: Red Eyes Dragon\n|-supereffective|p2a: Red Eyes Dragon\n|-ability|p2a: Red Eyes Dragon|Sturdy\n|-damage|p2a: Red Eyes Dragon|9\/100\n|-heal|p1a: Buzzwole|77\/100 tox|[from] drain|[of] p2a: Red Eyes Dragon\n|move|p2a: Red Eyes Dragon|Endeavor|p1a: Buzzwole\n|-damage|p1a: Buzzwole|1\/100 tox\n|-heal|p2a: Red Eyes Dragon|100\/100|[from] item: Shell Bell|[of] p1a: Buzzwole\n|\n|-heal|p1a: Buzzwole|7\/100 tox|[from] item: Leftovers\n|-damage|p1a: Buzzwole|0 fnt|[from] psn\n|faint|p1a: Buzzwole\n|\n|win|LazzyGudetama\n|upkeep\n|raw|H_4Victory's rating: 1130 &rarr; <strong>1100<\/strong><br \/>(-30 for losing)\n|raw|LazzyGudetama's rating: 1053 &rarr; <strong>1092<\/strong><br \/>(+39 for winning)\n|c|\u2606LazzyGudetama|gg\n|c|\u2606H_4Victory|Congrats! gg\n|l|\u2606H_4Victory\n","uploadtime":1700333079,"views":7,"p1id":"h4victory","p2id":"lazzygudetama","formatid":"gen9nationaldex","rating":1092,"private":0,"password":""}