{"id":"gen9nationaldex-1988827744","p1":"BasicGirly","p2":"Swoad Khan","format":"[Gen 9] National Dex","log":"|j|\u2606BasicGirly\n|j|\u2606Swoad Khan\n|t:|1699769281\n|gametype|singles\n|player|p1|BasicGirly|pokemonbreederf-gen4|1142\n|player|p2|Swoad Khan|170|1247\n|teamsize|p1|6\n|teamsize|p2|6\n|gen|9\n|tier|[Gen 9] National Dex\n|rated|\n|rule|HP Percentage Mod: HP is shown in percentages\n|rule|Endless Battle Clause: Forcing endless battles is banned\n|rule|OHKO Clause: OHKO moves are banned\n|rule|Evasion Clause: Evasion abilities, items, and moves are banned\n|rule|Evasion Abilities Clause: Evasion abilities are banned\n|rule|Evasion Items Clause: Evasion items are banned\n|rule|Evasion Moves Clause: Evasion moves are banned\n|rule|Species Clause: Limit one of each Pok\u00e9mon\n|rule|Sleep Clause Mod: Limit one foe put to sleep\n|clearpoke\n|poke|p1|Iron Leaves|\n|poke|p1|Tapu Koko|\n|poke|p1|Thundurus, M|\n|poke|p1|Rotom-Heat|\n|poke|p1|Raichu-Alola, F|\n|poke|p1|Iron Hands|\n|poke|p2|Lycanroc-Dusk, F|\n|poke|p2|Serperior, F|\n|poke|p2|Dragonite, F|\n|poke|p2|Zeraora|\n|poke|p2|Umbreon, M|\n|poke|p2|Zapdos|\n|teampreview\n|inactive|Battle timer is ON: inactive players will automatically lose when time's up. (requested by Swoad Khan)\n|\n|t:|1699769294\n|start\n|switch|p1a: Tapu Koko|Tapu Koko|100\/100\n|switch|p2a: Umbreon|Umbreon, M|100\/100\n|-fieldstart|move: Electric Terrain|[from] ability: Electric Surge|[of] p1a: Tapu Koko\n|turn|1\n|\n|t:|1699769299\n|move|p2a: Umbreon|Protect|p2a: Umbreon\n|-singleturn|p2a: Umbreon|Protect\n|move|p1a: Tapu Koko|Dazzling Gleam|p2a: Umbreon\n|-activate|p2a: Umbreon|move: Protect\n|\n|upkeep\n|turn|2\n|\n|t:|1699769306\n|-terastallize|p2a: Umbreon|Ghost\n|move|p1a: Tapu Koko|U-turn|p2a: Umbreon\n|-resisted|p2a: Umbreon\n|-damage|p2a: Umbreon|95\/100\n|\n|t:|1699769312\n|switch|p1a: Rotom|Rotom-Heat|100\/100|[from] U-turn\n|move|p2a: Umbreon|Toxic|p1a: Rotom\n|-status|p1a: Rotom|tox\n|\n|-heal|p2a: Umbreon|100\/100|[from] item: Leftovers\n|-damage|p1a: Rotom|94\/100 tox|[from] psn\n|upkeep\n|turn|3\n|\n|t:|1699769316\n|move|p1a: Rotom|Trick|p2a: Umbreon\n|-activate|p1a: Rotom|move: Trick|[of] p2a: Umbreon\n|-item|p2a: Umbreon|Choice Scarf|[from] move: Trick\n|-item|p1a: Rotom|Leftovers|[from] move: Trick\n|move|p2a: Umbreon|Wish|p2a: Umbreon\n|\n|-heal|p1a: Rotom|100\/100 tox|[from] item: Leftovers\n|-damage|p1a: Rotom|88\/100 tox|[from] psn\n|upkeep\n|turn|4\n|\n|t:|1699769325\n|move|p1a: Rotom|Overheat|p2a: Umbreon\n|-damage|p2a: Umbreon|70\/100\n|-unboost|p1a: Rotom|spa|2\n|move|p2a: Umbreon|Wish||[still]\n|-fail|p2a: Umbreon\n|\n|-heal|p2a: Umbreon|100\/100|[from] move: Wish|[wisher] Umbreon\n|-heal|p1a: Rotom|94\/100 tox|[from] item: Leftovers\n|-damage|p1a: Rotom|76\/100 tox|[from] psn\n|upkeep\n|turn|5\n|\n|t:|1699769333\n|switch|p1a: Iron Leaves|Iron Leaves|100\/100\n|-activate|p1a: Iron Leaves|ability: Quark Drive\n|-start|p1a: Iron Leaves|quarkdrivespe\n|move|p2a: Umbreon|Wish|p2a: Umbreon\n|\n|-fieldend|move: Electric Terrain\n|-end|p1a: Iron Leaves|Quark Drive\n|upkeep\n|turn|6\n|\n|t:|1699769338\n|switch|p2a: Zapdos|Zapdos|100\/100\n|-terastallize|p1a: Iron Leaves|Electric\n|move|p1a: Iron Leaves|Psyblade|p2a: Zapdos\n|-damage|p2a: Zapdos|59\/100\n|\n|-heal|p2a: Zapdos|100\/100|[from] move: Wish|[wisher] Umbreon\n|upkeep\n|turn|7\n|\n|t:|1699769348\n|-end|p1a: Iron Leaves|Quark Drive|[silent]\n|switch|p1a: Tapu Koko|Tapu Koko|100\/100\n|-fieldstart|move: Electric Terrain|[from] ability: Electric Surge|[of] p1a: Tapu Koko\n|move|p2a: Zapdos|Hurricane|p1a: Tapu Koko|[miss]\n|-miss|p2a: Zapdos|p1a: Tapu Koko\n|\n|upkeep\n|turn|8\n|\n|t:|1699769351\n|move|p1a: Tapu Koko|Thunderbolt|p2a: Zapdos\n|-damage|p2a: Zapdos|69\/100\n|move|p2a: Zapdos|Hurricane|p1a: Tapu Koko\n|-resisted|p1a: Tapu Koko\n|-damage|p1a: Tapu Koko|67\/100\n|-start|p1a: Tapu Koko|confusion\n|\n|upkeep\n|turn|9\n|\n|t:|1699769359\n|-activate|p1a: Tapu Koko|confusion\n|-damage|p1a: Tapu Koko|53\/100|[from] confusion\n|move|p2a: Zapdos|Hurricane|p1a: Tapu Koko\n|-resisted|p1a: Tapu Koko\n|-damage|p1a: Tapu Koko|21\/100\n|\n|upkeep\n|turn|10\n|\n|t:|1699769365\n|-activate|p1a: Tapu Koko|confusion\n|move|p1a: Tapu Koko|U-turn|p2a: Zapdos\n|-resisted|p2a: Zapdos\n|-damage|p2a: Zapdos|62\/100\n|\n|t:|1699769369\n|switch|p1a: Thundurus|Thundurus, M|100\/100|[from] U-turn\n|move|p2a: Zapdos|Hurricane|p1a: Thundurus\n|-resisted|p1a: Thundurus\n|-damage|p1a: Thundurus|69\/100\n|\n|upkeep\n|turn|11\n|\n|t:|1699769375\n|move|p1a: Thundurus|Discharge|p2a: Zapdos\n|-damage|p2a: Zapdos|35\/100\n|move|p2a: Zapdos|Hurricane|p1a: Thundurus|[miss]\n|-miss|p2a: Zapdos|p1a: Thundurus\n|\n|-fieldend|move: Electric Terrain\n|upkeep\n|turn|12\n|\n|t:|1699769384\n|move|p1a: Thundurus|Electric Terrain|p1a: Thundurus\n|-fieldstart|move: Electric Terrain\n|move|p2a: Zapdos|Hurricane|p1a: Thundurus\n|-resisted|p1a: Thundurus\n|-damage|p1a: Thundurus|40\/100\n|\n|upkeep\n|turn|13\n|\n|t:|1699769390\n|move|p1a: Thundurus|Discharge|p2a: Zapdos\n|-damage|p2a: Zapdos|7\/100\n|move|p2a: Zapdos|Hurricane|p1a: Thundurus|[miss]\n|-miss|p2a: Zapdos|p1a: Thundurus\n|\n|upkeep\n|turn|14\n|\n|t:|1699769393\n|move|p1a: Thundurus|Grass Knot|p2a: Zapdos\n|-resisted|p2a: Zapdos\n|-damage|p2a: Zapdos|0 fnt\n|faint|p2a: Zapdos\n|\n|upkeep\n|\n|t:|1699769396\n|switch|p2a: Lycanroc|Lycanroc-Dusk, F|100\/100\n|turn|15\n|\n|t:|1699769401\n|move|p2a: Lycanroc|Accelerock|p1a: Thundurus\n|-supereffective|p1a: Thundurus\n|-damage|p1a: Thundurus|0 fnt\n|faint|p1a: Thundurus\n|\n|upkeep\n|\n|t:|1699769406\n|switch|p1a: Raichu|Raichu-Alola, F|100\/100\n|turn|16\n|\n|t:|1699769412\n|move|p2a: Lycanroc|Accelerock|p1a: Raichu\n|-damage|p1a: Raichu|41\/100\n|move|p1a: Raichu|Psychic|p2a: Lycanroc\n|-enditem|p2a: Lycanroc|Focus Sash\n|-damage|p2a: Lycanroc|1\/100\n|\n|-fieldend|move: Electric Terrain\n|upkeep\n|turn|17\n|\n|t:|1699769419\n|switch|p1a: Iron Hands|Iron Hands|100\/100\n|-enditem|p1a: Iron Hands|Booster Energy\n|-activate|p1a: Iron Hands|ability: Quark Drive|[fromitem]\n|-start|p1a: Iron Hands|quarkdriveatk\n|move|p2a: Lycanroc|Accelerock|p1a: Iron Hands\n|-resisted|p1a: Iron Hands\n|-damage|p1a: Iron Hands|93\/100\n|\n|upkeep\n|turn|18\n|\n|t:|1699769423\n|move|p2a: Lycanroc|Psychic Fangs|p1a: Iron Hands\n|-supereffective|p1a: Iron Hands\n|-damage|p1a: Iron Hands|51\/100\n|move|p1a: Iron Hands|Thunder Punch|p2a: Lycanroc\n|-damage|p2a: Lycanroc|0 fnt\n|faint|p2a: Lycanroc\n|\n|upkeep\n|\n|t:|1699769430\n|switch|p2a: Serperior|Serperior, F|100\/100\n|turn|19\n|\n|t:|1699769434\n|move|p2a: Serperior|Leaf Storm|p1a: Iron Hands\n|-damage|p1a: Iron Hands|10\/100\n|-boost|p2a: Serperior|spa|2\n|move|p1a: Iron Hands|Drain Punch|p2a: Serperior\n|-damage|p2a: Serperior|28\/100\n|-heal|p1a: Iron Hands|31\/100|[from] drain|[of] p2a: Serperior\n|\n|-status|p2a: Serperior|brn|[from] item: Flame Orb\n|upkeep\n|turn|20\n|\n|t:|1699769441\n|move|p2a: Serperior|Leaf Storm|p1a: Iron Hands\n|-damage|p1a: Iron Hands|0 fnt\n|-boost|p2a: Serperior|spa|2\n|faint|p1a: Iron Hands\n|-end|p1a: Iron Hands|Quark Drive|[silent]\n|\n|-damage|p2a: Serperior|22\/100 brn|[from] brn\n|upkeep\n|\n|t:|1699769444\n|switch|p1a: Tapu Koko|Tapu Koko|21\/100\n|-fieldstart|move: Electric Terrain|[from] ability: Electric Surge|[of] p1a: Tapu Koko\n|turn|21\n|\n|t:|1699769451\n|move|p1a: Tapu Koko|Dazzling Gleam|p2a: Serperior\n|-damage|p2a: Serperior|0 fnt\n|faint|p2a: Serperior\n|\n|upkeep\n|\n|t:|1699769461\n|switch|p2a: Zeraora|Zeraora|100\/100\n|-item|p2a: Zeraora|Air Balloon\n|turn|22\n|\n|t:|1699769468\n|move|p2a: Zeraora|Plasma Fists|p1a: Tapu Koko\n|-resisted|p1a: Tapu Koko\n|-damage|p1a: Tapu Koko|0 fnt\n|-fieldactivate|move: Ion Deluge\n|-hint|Normal-type moves become Electric-type after using Plasma Fists.\n|faint|p1a: Tapu Koko\n|\n|upkeep\n|\n|t:|1699769473\n|switch|p1a: Rotom|Rotom-Heat|76\/100 tox\n|turn|23\n|inactive|Swoad Khan has 120 seconds left.\n|l|\u2606BasicGirly\n|inactive|BasicGirly disconnected and has a minute to reconnect!\n|player|p1|\n|inactive|Swoad Khan has 90 seconds left.\n|j|\u2606BasicGirly\n|inactive|BasicGirly reconnected.\n|player|p1|BasicGirly|pokemonbreederf-gen4\n|inactive|Swoad Khan has 60 seconds left.\n|\n|t:|1699769573\n|move|p2a: Zeraora|Blaze Kick|p1a: Rotom\n|-resisted|p1a: Rotom\n|-damage|p1a: Rotom|57\/100 tox\n|move|p1a: Rotom|Overheat|p2a: Zeraora\n|-damage|p2a: Zeraora|30\/100\n|-unboost|p1a: Rotom|spa|2\n|-enditem|p2a: Zeraora|Air Balloon\n|\n|-heal|p1a: Rotom|63\/100 tox|[from] item: Leftovers\n|-damage|p1a: Rotom|57\/100 tox|[from] psn\n|upkeep\n|turn|24\n|\n|t:|1699769594\n|move|p2a: Zeraora|Plasma Fists|p1a: Rotom\n|-resisted|p1a: Rotom\n|-damage|p1a: Rotom|16\/100 tox\n|-fieldactivate|move: Ion Deluge\n|-hint|Normal-type moves become Electric-type after using Plasma Fists.\n|move|p1a: Rotom|Overheat|p2a: Zeraora\n|-damage|p2a: Zeraora|0 fnt\n|-unboost|p1a: Rotom|spa|2\n|faint|p2a: Zeraora\n|\n|-heal|p1a: Rotom|22\/100 tox|[from] item: Leftovers\n|-damage|p1a: Rotom|10\/100 tox|[from] psn\n|upkeep\n|\n|t:|1699769609\n|switch|p2a: Dragonite|Dragonite, F|100\/100\n|turn|25\n|\n|t:|1699769613\n|move|p1a: Rotom|Will-O-Wisp|p2a: Dragonite\n|-status|p2a: Dragonite|brn\n|-enditem|p2a: Dragonite|Lum Berry|[eat]\n|-curestatus|p2a: Dragonite|brn|[msg]\n|move|p2a: Dragonite|Dragon Dance|p2a: Dragonite\n|-boost|p2a: Dragonite|atk|1\n|-boost|p2a: Dragonite|spe|1\n|\n|-heal|p1a: Rotom|16\/100 tox|[from] item: Leftovers\n|-damage|p1a: Rotom|0 fnt|[from] psn\n|faint|p1a: Rotom\n|-fieldend|move: Electric Terrain\n|upkeep\n|\n|t:|1699769620\n|switch|p1a: Iron Leaves|Iron Leaves, tera:Electric|100\/100\n|turn|26\n|\n|t:|1699769624\n|move|p2a: Dragonite|Dragon Claw|p1a: Iron Leaves\n|-damage|p1a: Iron Leaves|34\/100\n|move|p1a: Iron Leaves|Psyblade|p2a: Dragonite\n|-damage|p2a: Dragonite|77\/100\n|\n|upkeep\n|turn|27\n|\n|t:|1699769631\n|move|p2a: Dragonite|Dual Wingbeat|p1a: Iron Leaves\n|-resisted|p1a: Iron Leaves\n|-damage|p1a: Iron Leaves|16\/100\n|-resisted|p1a: Iron Leaves\n|-damage|p1a: Iron Leaves|0 fnt\n|faint|p1a: Iron Leaves\n|-end|p1a: Iron Leaves|Quark Drive|[silent]\n|-hitcount|p1: Iron Leaves|2\n|\n|upkeep\n|\n|t:|1699769634\n|switch|p1a: Raichu|Raichu-Alola, F|41\/100\n|turn|28\n|\n|t:|1699769643\n|move|p2a: Dragonite|Extreme Speed|p1a: Raichu\n|-damage|p1a: Raichu|0 fnt\n|faint|p1a: Raichu\n|\n|win|Swoad Khan\n|raw|BasicGirly's rating: 1142 &rarr; <strong>1124<\/strong><br \/>(-18 for losing)\n|raw|Swoad Khan's rating: 1247 &rarr; <strong>1265<\/strong><br \/>(+18 for winning)\n|l|\u2606BasicGirly\n","uploadtime":1699769667,"views":6,"p1id":"basicgirly","p2id":"swoadkhan","formatid":"gen9nationaldex","rating":1124,"private":0,"password":""}