{"id":"gen9nationaldex-1996733478","p1":"ionhy","p2":"189t","format":"[Gen 9] National Dex","log":"|html|<div class=\"broadcast-blue\"><strong>[Gen 9] National Dex is currently suspecting Sneasler! For information on how to participate check out the <a href=\"https:\/\/www.smogon.com\/forums\/threads\/sv-national-dex-suspect-8-just-dance.3731534\/\">suspect thread<\/a>.<\/strong><\/div>\n|j|\u2606ionhy\n|j|\u2606189t\n|t:|1700716214\n|gametype|singles\n|player|p1|ionhy|lass-gen4dp|1372\n|player|p2|189t|cynthia|1466\n|teamsize|p1|6\n|teamsize|p2|6\n|gen|9\n|tier|[Gen 9] National Dex\n|rated|\n|rule|HP Percentage Mod: HP is shown in percentages\n|rule|Endless Battle Clause: Forcing endless battles is banned\n|rule|OHKO Clause: OHKO moves are banned\n|rule|Evasion Clause: Evasion abilities, items, and moves are banned\n|rule|Evasion Abilities Clause: Evasion abilities are banned\n|rule|Evasion Items Clause: Evasion items are banned\n|rule|Evasion Moves Clause: Evasion moves are banned\n|rule|Species Clause: Limit one of each Pok\u00e9mon\n|rule|Sleep Clause Mod: Limit one foe put to sleep\n|clearpoke\n|poke|p1|Ambipom, F|\n|poke|p1|Hatterene, F|\n|poke|p1|Great Tusk|\n|poke|p1|Gliscor, F|\n|poke|p1|Empoleon, M|\n|poke|p1|Ogerpon-Wellspring, F|\n|poke|p2|Greninja-*, M|\n|poke|p2|Banette, M|\n|poke|p2|Heatran, M|\n|poke|p2|Clodsire, M|\n|poke|p2|Ferrothorn, F|\n|poke|p2|Great Tusk|\n|teampreview\n|inactive|Battle timer is ON: inactive players will automatically lose when time's up. (requested by 189t)\n|inactive|ionhy has 120 seconds left.\n|inactive|189t has 120 seconds left.\n|\n|t:|1700716256\n|start\n|switch|p1a: Empoleon|Empoleon, M|100\/100\n|switch|p2a: Heatran|Heatran, M, shiny|100\/100\n|turn|1\n|\n|t:|1700716266\n|switch|p2a: Ferrothorn|Ferrothorn, F, shiny|100\/100\n|move|p1a: Empoleon|Flip Turn|p2a: Ferrothorn\n|-resisted|p2a: Ferrothorn\n|-damage|p2a: Ferrothorn|95\/100\n|-damage|p1a: Empoleon|88\/100|[from] ability: Iron Barbs|[of] p2a: Ferrothorn\n|-damage|p1a: Empoleon|71\/100|[from] item: Rocky Helmet|[of] p2a: Ferrothorn\n|inactive|ionhy has 120 seconds left.\n|\n|t:|1700716299\n|switch|p1a: Hatterene|Hatterene, F|100\/100|[from] Flip Turn\n|\n|upkeep\n|turn|2\n|\n|t:|1700716308\n|switch|p2a: Heatran|Heatran, M, shiny|100\/100\n|move|p1a: Hatterene|Mystical Fire|p2a: Heatran\n|-start|p2a: Heatran|ability: Flash Fire\n|\n|upkeep\n|turn|3\n|inactive|ionhy has 120 seconds left.\n|\n|t:|1700716350\n|switch|p1a: Ogerpon|Ogerpon-Wellspring, F|100\/100\n|move|p2a: Heatran|Magma Storm|p1a: Ogerpon|[miss]\n|-miss|p2a: Heatran|p1a: Ogerpon\n|\n|upkeep\n|turn|4\n|\n|t:|1700716358\n|-end|p2a: Heatran|ability: Flash Fire|[silent]\n|switch|p2a: Ferrothorn|Ferrothorn, F, shiny|95\/100\n|move|p1a: Ogerpon|Ivy Cudgel|p2a: Ferrothorn|[anim] Ivy Cudgel Water\n|-resisted|p2a: Ferrothorn\n|-damage|p2a: Ferrothorn|81\/100\n|\n|upkeep\n|turn|5\n|inactive|ionhy has 90 seconds left.\n|\n|t:|1700716379\n|move|p1a: Ogerpon|Spiky Shield|p1a: Ogerpon\n|-singleturn|p1a: Ogerpon|move: Protect\n|move|p2a: Ferrothorn|Stealth Rock|p1a: Ogerpon\n|-sidestart|p1: ionhy|move: Stealth Rock\n|\n|upkeep\n|turn|6\n|\n|t:|1700716389\n|switch|p1a: Great Tusk|Great Tusk|100\/100\n|switch|p2a: Clodsire|Clodsire, M, shiny|100\/100\n|\n|upkeep\n|turn|7\n|\n|t:|1700716414\n|switch|p2a: Great Tusk|Great Tusk, shiny|100\/100\n|move|p1a: Great Tusk|Headlong Rush|p2a: Great Tusk\n|-damage|p2a: Great Tusk|59\/100\n|-unboost|p1a: Great Tusk|def|1\n|-unboost|p1a: Great Tusk|spd|1\n|\n|upkeep\n|turn|8\n|inactive|ionhy has 90 seconds left.\n|\n|t:|1700716440\n|-end|p1a: Great Tusk|Protosynthesis|[silent]\n|switch|p1a: Ogerpon|Ogerpon-Wellspring, F|100\/100\n|-damage|p1a: Ogerpon|88\/100|[from] Stealth Rock\n|move|p2a: Great Tusk|Ice Spinner|p1a: Ogerpon\n|-damage|p1a: Ogerpon|55\/100\n|\n|upkeep\n|turn|9\n|\n|t:|1700716469\n|-end|p2a: Great Tusk|Protosynthesis|[silent]\n|switch|p2a: Clodsire|Clodsire, M, shiny|100\/100\n|move|p1a: Ogerpon|Horn Leech|p2a: Clodsire\n|-crit|p2a: Clodsire\n|-damage|p2a: Clodsire|39\/100\n|-heal|p1a: Ogerpon|94\/100|[from] drain|[of] p2a: Clodsire\n|\n|-heal|p2a: Clodsire|45\/100|[from] item: Leftovers\n|upkeep\n|turn|10\n|\n|t:|1700716481\n|move|p1a: Ogerpon|Ivy Cudgel|p2a: Clodsire|[anim] Ivy Cudgel Water\n|-supereffective|p2a: Clodsire\n|-damage|p2a: Clodsire|0 fnt\n|faint|p2a: Clodsire\n|\n|upkeep\n|inactive|189t has 120 seconds left.\n|\n|t:|1700716518\n|switch|p2a: Greninja|Greninja, M|100\/100\n|turn|11\n|\n|t:|1700716526\n|move|p1a: Ogerpon|Spiky Shield|p1a: Ogerpon\n|-singleturn|p1a: Ogerpon|move: Protect\n|move|p2a: Greninja|U-turn|p1a: Ogerpon\n|-activate|p1a: Ogerpon|move: Protect\n|-damage|p2a: Greninja|88\/100|[from] Spiky Shield|[of] p1a: Ogerpon\n|\n|upkeep\n|turn|12\n|inactive|189t has 120 seconds left.\n|inactive|ionhy has 60 seconds left.\n|\n|t:|1700716567\n|switch|p1a: Great Tusk|Great Tusk|100\/100\n|move|p2a: Greninja|U-turn|p1a: Great Tusk\n|-resisted|p1a: Great Tusk\n|-damage|p1a: Great Tusk|94\/100\n|-damage|p2a: Greninja|78\/100|[from] item: Life Orb\n|inactive|189t has 120 seconds left.\n|\n|t:|1700716582\n|switch|p2a: Great Tusk|Great Tusk, shiny|59\/100|[from] U-turn\n|\n|upkeep\n|turn|13\n|\n|t:|1700716592\n|move|p1a: Great Tusk|Rapid Spin|p2a: Great Tusk\n|-damage|p2a: Great Tusk|48\/100\n|-boost|p1a: Great Tusk|spe|1\n|-sideend|p1: ionhy|Stealth Rock|[from] move: Rapid Spin|[of] p1a: Great Tusk\n|move|p2a: Great Tusk|Ice Spinner|p1a: Great Tusk\n|-supereffective|p1a: Great Tusk\n|-damage|p1a: Great Tusk|53\/100\n|\n|upkeep\n|turn|14\n|inactive|ionhy has 60 seconds left.\n|inactive|189t has 120 seconds left.\n|\n|t:|1700716606\n|-end|p2a: Great Tusk|Protosynthesis|[silent]\n|switch|p2a: Banette|Banette, M, shiny|100\/100\n|move|p1a: Great Tusk|Ice Spinner|p2a: Banette\n|-damage|p2a: Banette|26\/100\n|\n|upkeep\n|turn|15\n|inactive|189t has 120 seconds left.\n|\n|t:|1700716623\n|detailschange|p2a: Banette|Banette-Mega, M, shiny\n|-mega|p2a: Banette|Banette|Banettite\n|move|p2a: Banette|Destiny Bond|p2a: Banette\n|-singlemove|p2a: Banette|Destiny Bond\n|move|p1a: Great Tusk|Ice Spinner|p2a: Banette\n|-damage|p2a: Banette|0 fnt\n|faint|p2a: Banette\n|-activate|p2a: Banette|move: Destiny Bond\n|faint|p1a: Great Tusk\n|-end|p1a: Great Tusk|Protosynthesis|[silent]\n|\n|upkeep\n|inactive|189t has 120 seconds left.\n|\n|t:|1700716637\n|switch|p1a: Hatterene|Hatterene, F|100\/100\n|switch|p2a: Greninja|Greninja, M|78\/100\n|turn|16\n|\n|t:|1700716651\n|move|p2a: Greninja|U-turn|p1a: Hatterene\n|-damage|p1a: Hatterene|81\/100\n|-damage|p2a: Greninja|69\/100|[from] item: Life Orb\n|\n|t:|1700716654\n|switch|p2a: Heatran|Heatran, M, shiny|100\/100|[from] U-turn\n|move|p1a: Hatterene|Dazzling Gleam|p2a: Heatran\n|-resisted|p2a: Heatran\n|-damage|p2a: Heatran|91\/100\n|\n|-heal|p1a: Hatterene|87\/100|[from] item: Leftovers\n|upkeep\n|turn|17\n|\n|t:|1700716673\n|switch|p1a: Ogerpon|Ogerpon-Wellspring, F|94\/100\n|move|p2a: Heatran|Magma Storm|p1a: Ogerpon\n|-damage|p1a: Ogerpon|38\/100\n|-activate|p1a: Ogerpon|move: Magma Storm|[of] p2a: Heatran\n|\n|-damage|p1a: Ogerpon|26\/100|[from] move: Magma Storm|[partiallytrapped]\n|upkeep\n|turn|18\n|inactive|ionhy has 60 seconds left.\n|\n|t:|1700716695\n|switch|p2a: Ferrothorn|Ferrothorn, F, shiny|81\/100\n|move|p1a: Ogerpon|Ivy Cudgel|p2a: Ferrothorn|[anim] Ivy Cudgel Water\n|-resisted|p2a: Ferrothorn\n|-damage|p2a: Ferrothorn|68\/100\n|\n|-end|p1a: Ogerpon|Magma Storm|[partiallytrapped]|[silent]\n|upkeep\n|turn|19\n|inactive|ionhy has 60 seconds left.\n|\n|t:|1700716710\n|switch|p1a: Ambipom|Ambipom, F|100\/100\n|move|p2a: Ferrothorn|Gyro Ball|p1a: Ambipom\n|-damage|p1a: Ambipom|22\/100\n|\n|upkeep\n|turn|20\n|inactive|ionhy has 60 seconds left.\n|\n|t:|1700716720\n|move|p1a: Ambipom|Knock Off|p2a: Ferrothorn\n|-damage|p2a: Ferrothorn|51\/100\n|-damage|p1a: Ambipom|10\/100|[from] ability: Iron Barbs|[of] p2a: Ferrothorn\n|-damage|p1a: Ambipom|0 fnt|[from] item: Rocky Helmet|[of] p2a: Ferrothorn\n|faint|p1a: Ambipom\n|move|p2a: Ferrothorn|Stealth Rock|p1: Ambipom\n|-sidestart|p1: ionhy|move: Stealth Rock\n|\n|upkeep\n|\n|t:|1700716729\n|switch|p1a: Hatterene|Hatterene, F|87\/100\n|-damage|p1a: Hatterene|75\/100|[from] Stealth Rock\n|turn|21\n|inactive|ionhy has 60 seconds left.\n|\n|t:|1700716737\n|switch|p2a: Heatran|Heatran, M, shiny|91\/100\n|move|p1a: Hatterene|Nuzzle|p2a: Heatran\n|-damage|p2a: Heatran|88\/100\n|-status|p2a: Heatran|par\n|\n|-heal|p1a: Hatterene|81\/100|[from] item: Leftovers\n|upkeep\n|turn|22\n|\n|t:|1700716746\n|switch|p1a: Gliscor|Gliscor, F|100\/100\n|-damage|p1a: Gliscor|88\/100|[from] Stealth Rock\n|move|p2a: Heatran|Magma Storm|p1a: Gliscor\n|-damage|p1a: Gliscor|20\/100\n|-activate|p1a: Gliscor|move: Magma Storm|[of] p2a: Heatran\n|\n|-damage|p1a: Gliscor|7\/100|[from] move: Magma Storm|[partiallytrapped]\n|-status|p1a: Gliscor|tox|[from] item: Toxic Orb\n|upkeep\n|turn|23\n|\n|t:|1700716760\n|-terastallize|p2a: Heatran|Flying\n|move|p1a: Gliscor|Protect|p1a: Gliscor\n|-singleturn|p1a: Gliscor|Protect\n|move|p2a: Heatran|Taunt|p1a: Gliscor\n|-activate|p1a: Gliscor|move: Protect\n|\n|-heal|p1a: Gliscor|20\/100 tox|[from] ability: Poison Heal\n|-damage|p1a: Gliscor|7\/100 tox|[from] move: Magma Storm|[partiallytrapped]\n|upkeep\n|turn|24\n|inactive|ionhy has 60 seconds left.\n|\n|t:|1700716778\n|move|p1a: Gliscor|Stealth Rock|p2a: Heatran\n|-sidestart|p2: 189t|move: Stealth Rock\n|move|p2a: Heatran|Magma Storm|p1a: Gliscor|[miss]\n|-miss|p2a: Heatran|p1a: Gliscor\n|\n|-heal|p1a: Gliscor|20\/100 tox|[from] ability: Poison Heal\n|-damage|p1a: Gliscor|7\/100 tox|[from] move: Magma Storm|[partiallytrapped]\n|upkeep\n|turn|25\n|inactive|ionhy has 60 seconds left.\n|\n|t:|1700716795\n|move|p1a: Gliscor|Knock Off|p2a: Heatran\n|-damage|p2a: Heatran|68\/100 par\n|-enditem|p2a: Heatran|Heavy-Duty Boots|[from] move: Knock Off|[of] p1a: Gliscor\n|cant|p2a: Heatran|par\n|\n|-heal|p1a: Gliscor|20\/100 tox|[from] ability: Poison Heal\n|-damage|p1a: Gliscor|7\/100 tox|[from] move: Magma Storm|[partiallytrapped]\n|upkeep\n|turn|26\n|inactive|ionhy has 60 seconds left.\n|\n|t:|1700716816\n|move|p1a: Gliscor|Knock Off|p2a: Heatran\n|-damage|p2a: Heatran|55\/100 par\n|move|p2a: Heatran|Magma Storm|p1a: Gliscor|[miss]\n|-miss|p2a: Heatran|p1a: Gliscor\n|\n|-heal|p1a: Gliscor|20\/100 tox|[from] ability: Poison Heal\n|-damage|p1a: Gliscor|7\/100 tox|[from] move: Magma Storm|[partiallytrapped]\n|upkeep\n|turn|27\n|\n|t:|1700716826\n|move|p1a: Gliscor|Protect|p1a: Gliscor\n|-singleturn|p1a: Gliscor|Protect\n|move|p2a: Heatran|Taunt|p1a: Gliscor\n|-activate|p1a: Gliscor|move: Protect\n|\n|-heal|p1a: Gliscor|20\/100 tox|[from] ability: Poison Heal\n|-end|p1a: Gliscor|Magma Storm|[partiallytrapped]\n|upkeep\n|turn|28\n|\n|t:|1700716835\n|switch|p1a: Empoleon|Empoleon, M|71\/100\n|-damage|p1a: Empoleon|65\/100|[from] Stealth Rock\n|move|p2a: Heatran|Magma Storm|p1a: Empoleon|[miss]\n|-miss|p2a: Heatran|p1a: Empoleon\n|\n|upkeep\n|turn|29\n|\n|t:|1700716845\n|move|p1a: Empoleon|Scald|p2a: Heatran\n|-damage|p2a: Heatran|22\/100 par\n|move|p2a: Heatran|Earth Power|p1a: Empoleon\n|-supereffective|p1a: Empoleon\n|-damage|p1a: Empoleon|23\/100\n|\n|upkeep\n|turn|30\n|inactive|ionhy has 60 seconds left.\n|\n|t:|1700716852\n|move|p1a: Empoleon|Ice Beam|p2a: Heatran\n|-supereffective|p2a: Heatran\n|-damage|p2a: Heatran|0 fnt\n|faint|p2a: Heatran\n|\n|upkeep\n|\n|t:|1700716858\n|switch|p2a: Greninja|Greninja, M|69\/100\n|-damage|p2a: Greninja|56\/100|[from] Stealth Rock\n|turn|31\n|\n|t:|1700716871\n|move|p2a: Greninja|Dark Pulse|p1a: Empoleon\n|-damage|p1a: Empoleon|0 fnt\n|faint|p1a: Empoleon\n|-ability|p2a: Greninja|Battle Bond|boost\n|-boost|p2a: Greninja|atk|1\n|-boost|p2a: Greninja|spa|1\n|-boost|p2a: Greninja|spe|1\n|-activate|p2a: Greninja|ability: Battle Bond\n|-damage|p2a: Greninja|46\/100|[from] item: Life Orb\n|\n|upkeep\n|inactive|ionhy has 60 seconds left.\n|\n|t:|1700716889\n|switch|p1a: Hatterene|Hatterene, F|81\/100\n|-damage|p1a: Hatterene|68\/100|[from] Stealth Rock\n|turn|32\n|inactive|ionhy has 60 seconds left.\n|\n|t:|1700716902\n|move|p2a: Greninja|Dark Pulse|p1a: Hatterene\n|-damage|p1a: Hatterene|0 fnt\n|faint|p1a: Hatterene\n|-damage|p2a: Greninja|37\/100|[from] item: Life Orb\n|\n|upkeep\n|inactive|ionhy has 60 seconds left.\n|\n|t:|1700716908\n|switch|p1a: Ogerpon|Ogerpon-Wellspring, F|26\/100\n|-damage|p1a: Ogerpon|13\/100|[from] Stealth Rock\n|turn|33\n|\n|t:|1700716917\n|move|p1a: Ogerpon|Spiky Shield|p1a: Ogerpon\n|-singleturn|p1a: Ogerpon|move: Protect\n|move|p2a: Greninja|Dark Pulse|p1a: Ogerpon\n|-activate|p1a: Ogerpon|move: Protect\n|\n|upkeep\n|turn|34\n|\n|t:|1700716923\n|move|p2a: Greninja|Dark Pulse|p1a: Ogerpon\n|-damage|p1a: Ogerpon|0 fnt\n|faint|p1a: Ogerpon\n|-damage|p2a: Greninja|27\/100|[from] item: Life Orb\n|\n|upkeep\n|\n|t:|1700716928\n|switch|p1a: Gliscor|Gliscor, F|20\/100 tox\n|-damage|p1a: Gliscor|7\/100 tox|[from] Stealth Rock\n|turn|35\n|\n|t:|1700716933\n|move|p2a: Greninja|Dark Pulse|p1a: Gliscor\n|-damage|p1a: Gliscor|0 fnt\n|faint|p1a: Gliscor\n|-damage|p2a: Greninja|17\/100|[from] item: Life Orb\n|\n|win|189t\n|raw|ionhy's rating: 1372 &rarr; <strong>1357<\/strong><br \/>(-15 for losing)\n|raw|189t's rating: 1466 &rarr; <strong>1481<\/strong><br \/>(+15 for winning)\n|l|\u2606ionhy\n","uploadtime":1700716941,"views":1,"p1id":"ionhy","p2id":"189t","formatid":"gen9nationaldex","rating":1357,"private":0,"password":""}