{"id":"gen9nationaldex-1993611913","p1":"H4RC0L0","p2":"Lord Tyranitar21","format":"[Gen 9] National Dex","log":"|j|\u2606H4RC0L0\n|j|\u2606Lord Tyranitar21\n|t:|1700337392\n|gametype|singles\n|player|p1|H4RC0L0|cyrus|1362\n|player|p2|Lord Tyranitar21|alec-anime|1406\n|teamsize|p1|6\n|teamsize|p2|6\n|gen|9\n|tier|[Gen 9] National Dex\n|rated|\n|rule|HP Percentage Mod: HP is shown in percentages\n|rule|Endless Battle Clause: Forcing endless battles is banned\n|rule|OHKO Clause: OHKO moves are banned\n|rule|Evasion Clause: Evasion abilities, items, and moves are banned\n|rule|Evasion Abilities Clause: Evasion abilities are banned\n|rule|Evasion Items Clause: Evasion items are banned\n|rule|Evasion Moves Clause: Evasion moves are banned\n|rule|Species Clause: Limit one of each Pok\u00e9mon\n|rule|Sleep Clause Mod: Limit one foe put to sleep\n|clearpoke\n|poke|p1|Banette, F|\n|poke|p1|Electrode-Hisui|\n|poke|p1|Toxapex, F|\n|poke|p1|Landorus-Therian, M|\n|poke|p1|Zapdos-Galar|\n|poke|p1|Tyranitar, M|\n|poke|p2|Charizard, M|\n|poke|p2|Tapu Koko|\n|poke|p2|Kartana|\n|poke|p2|Iron Treads|\n|poke|p2|Nihilego|\n|poke|p2|Sneasler, M|\n|teampreview\n|inactive|Battle timer is ON: inactive players will automatically lose when time's up. (requested by H4RC0L0)\n|inactive|Lord Tyranitar21 also wants the timer to be on.\n|\n|t:|1700337402\n|start\n|switch|p1a: Landorus|Landorus-Therian, M, shiny|100\/100\n|switch|p2a: Tapu Koko|Tapu Koko, shiny|100\/100\n|-fieldstart|move: Electric Terrain|[from] ability: Electric Surge|[of] p2a: Tapu Koko\n|-ability|p1a: Landorus|Intimidate|boost\n|-unboost|p2a: Tapu Koko|atk|1\n|turn|1\n|\n|t:|1700337424\n|move|p2a: Tapu Koko|Reflect|p2a: Tapu Koko\n|-sidestart|p2: Lord Tyranitar21|Reflect\n|move|p1a: Landorus|Knock Off|p2a: Tapu Koko\n|-resisted|p2a: Tapu Koko\n|-damage|p2a: Tapu Koko|87\/100\n|-enditem|p2a: Tapu Koko|Light Clay|[from] move: Knock Off|[of] p1a: Landorus\n|\n|upkeep\n|turn|2\n|\n|t:|1700337429\n|move|p2a: Tapu Koko|Dazzling Gleam|p1a: Landorus\n|-damage|p1a: Landorus|61\/100\n|move|p1a: Landorus|Earthquake|p2a: Tapu Koko\n|-supereffective|p2a: Tapu Koko\n|-damage|p2a: Tapu Koko|3\/100\n|\n|upkeep\n|turn|3\n|\n|t:|1700337437\n|switch|p2a: Iron Treads|Iron Treads, shiny|100\/100\n|-activate|p2a: Iron Treads|ability: Quark Drive\n|-start|p2a: Iron Treads|quarkdrivespe\n|move|p1a: Landorus|U-turn|p2a: Iron Treads\n|-resisted|p2a: Iron Treads\n|-damage|p2a: Iron Treads|95\/100\n|\n|t:|1700337441\n|switch|p1a: Banette|Banette, F, shiny|100\/100|[from] U-turn\n|-item|p2a: Iron Treads|Leftovers|[from] ability: Frisk|[of] p1a: Banette|[identify]\n|\n|-heal|p2a: Iron Treads|100\/100|[from] item: Leftovers\n|upkeep\n|turn|4\n|\n|t:|1700337449\n|detailschange|p1a: Banette|Banette-Mega, F, shiny\n|-mega|p1a: Banette|Banette|Banettite\n|move|p1a: Banette|Will-O-Wisp|p2a: Iron Treads\n|-status|p2a: Iron Treads|brn\n|move|p2a: Iron Treads|Earthquake|p1a: Banette\n|-damage|p1a: Banette|71\/100\n|\n|-damage|p2a: Iron Treads|94\/100 brn|[from] brn\n|upkeep\n|turn|5\n|\n|t:|1700337462\n|move|p1a: Banette|Swords Dance|p1a: Banette\n|-boost|p1a: Banette|atk|2\n|move|p2a: Iron Treads|Earthquake|p1a: Banette\n|-damage|p1a: Banette|42\/100\n|\n|-heal|p2a: Iron Treads|100\/100 brn|[from] item: Leftovers\n|-damage|p2a: Iron Treads|94\/100 brn|[from] brn\n|-fieldend|move: Electric Terrain\n|-end|p2a: Iron Treads|Quark Drive\n|upkeep\n|turn|6\n|\n|t:|1700337468\n|move|p1a: Banette|Shadow Sneak|p2a: Iron Treads\n|-damage|p2a: Iron Treads|68\/100 brn\n|move|p2a: Iron Treads|Earthquake|p1a: Banette\n|-damage|p1a: Banette|11\/100\n|\n|-heal|p2a: Iron Treads|75\/100 brn|[from] item: Leftovers\n|-damage|p2a: Iron Treads|68\/100 brn|[from] brn\n|upkeep\n|turn|7\n|\n|t:|1700337472\n|move|p1a: Banette|Destiny Bond|p1a: Banette\n|-singlemove|p1a: Banette|Destiny Bond\n|move|p2a: Iron Treads|Earthquake|p1a: Banette\n|-damage|p1a: Banette|0 fnt\n|faint|p1a: Banette\n|-activate|p1a: Banette|move: Destiny Bond\n|faint|p2a: Iron Treads\n|-end|p2a: Iron Treads|Quark Drive|[silent]\n|\n|upkeep\n|\n|t:|1700337481\n|switch|p2a: Charizard|Charizard, M|100\/100\n|switch|p1a: Electrode|Electrode-Hisui, shiny|100\/100\n|turn|8\n|\n|t:|1700337494\n|detailschange|p2a: Charizard|Charizard-Mega-X, M\n|-mega|p2a: Charizard|Charizard|Charizardite X\n|move|p1a: Electrode|Volt Switch|p2a: Charizard\n|-resisted|p2a: Charizard\n|-damage|p2a: Charizard|76\/100\n|\n|t:|1700337498\n|switch|p1a: Landorus|Landorus-Therian, M, shiny|61\/100|[from] Volt Switch\n|-ability|p1a: Landorus|Intimidate|boost\n|-unboost|p2a: Charizard|atk|1\n|move|p2a: Charizard|Flame Charge|p1a: Landorus\n|-damage|p1a: Landorus|35\/100\n|-boost|p2a: Charizard|spe|1\n|\n|-sideend|p2: Lord Tyranitar21|Reflect\n|upkeep\n|turn|9\n|\n|t:|1700337508\n|switch|p2a: Tapu Koko|Tapu Koko, shiny|3\/100\n|-fieldstart|move: Electric Terrain|[from] ability: Electric Surge|[of] p2a: Tapu Koko\n|move|p1a: Landorus|Earthquake|p2a: Tapu Koko\n|-supereffective|p2a: Tapu Koko\n|-damage|p2a: Tapu Koko|0 fnt\n|faint|p2a: Tapu Koko\n|\n|upkeep\n|\n|t:|1700337511\n|switch|p2a: Sneasler|Sneasler, M, shiny|100\/100\n|-enditem|p2a: Sneasler|Electric Seed\n|-boost|p2a: Sneasler|def|1|[from] item: Electric Seed\n|turn|10\n|\n|t:|1700337528\n|switch|p1a: Tyranitar|Tyranitar, M, shiny|100\/100\n|-weather|Sandstorm|[from] ability: Sand Stream|[of] p1a: Tyranitar\n|move|p2a: Sneasler|Acrobatics|p1a: Tyranitar\n|-resisted|p1a: Tyranitar\n|-damage|p1a: Tyranitar|85\/100\n|\n|-weather|Sandstorm|[upkeep]\n|-damage|p2a: Sneasler|95\/100|[from] Sandstorm\n|upkeep\n|turn|11\n|\n|t:|1700337534\n|-terastallize|p1a: Tyranitar|Ghost\n|move|p2a: Sneasler|Close Combat|p1a: Tyranitar\n|-immune|p1a: Tyranitar\n|move|p1a: Tyranitar|Earthquake|p2a: Sneasler\n|-supereffective|p2a: Sneasler\n|-damage|p2a: Sneasler|0 fnt\n|faint|p2a: Sneasler\n|\n|-weather|Sandstorm|[upkeep]\n|-damage|p1a: Tyranitar|79\/100|[from] Sandstorm\n|upkeep\n|\n|t:|1700337543\n|switch|p2a: Charizard|Charizard-Mega-X, M|76\/100\n|turn|12\n|\n|t:|1700337548\n|move|p2a: Charizard|Belly Drum|p2a: Charizard\n|-damage|p2a: Charizard|26\/100\n|-setboost|p2a: Charizard|atk|6|[from] move: Belly Drum\n|move|p1a: Tyranitar|Earthquake|p2a: Charizard\n|-supereffective|p2a: Charizard\n|-damage|p2a: Charizard|0 fnt\n|faint|p2a: Charizard\n|\n|-weather|Sandstorm|[upkeep]\n|-damage|p1a: Tyranitar|73\/100|[from] Sandstorm\n|upkeep\n|\n|t:|1700337551\n|switch|p2a: Nihilego|Nihilego, shiny|100\/100\n|turn|13\n|\n|t:|1700337559\n|-terastallize|p2a: Nihilego|Grass\n|move|p2a: Nihilego|Meteor Beam||[still]\n|-prepare|p2a: Nihilego|Meteor Beam\n|-boost|p2a: Nihilego|spa|1\n|-enditem|p2a: Nihilego|Power Herb\n|-anim|p2a: Nihilego|Meteor Beam|p1a: Tyranitar\n|-crit|p1a: Tyranitar\n|-damage|p1a: Tyranitar|4\/100\n|move|p1a: Tyranitar|Earthquake|p2a: Nihilego\n|-resisted|p2a: Nihilego\n|-damage|p2a: Nihilego|66\/100\n|\n|-weather|Sandstorm|[upkeep]\n|-damage|p2a: Nihilego|60\/100|[from] Sandstorm\n|-damage|p1a: Tyranitar|0 fnt|[from] Sandstorm\n|faint|p1a: Tyranitar\n|-fieldend|move: Electric Terrain\n|upkeep\n|\n|t:|1700337569\n|switch|p1a: Zapdos|Zapdos-Galar|100\/100\n|turn|14\n|\n|t:|1700337573\n|move|p1a: Zapdos|Brave Bird|p2a: Nihilego\n|-supereffective|p2a: Nihilego\n|-damage|p2a: Nihilego|0 fnt\n|faint|p2a: Nihilego\n|-damage|p1a: Zapdos|79\/100|[from] Recoil\n|\n|-weather|none\n|upkeep\n|\n|t:|1700337577\n|switch|p2a: Kartana|Kartana|100\/100\n|turn|15\n|\n|t:|1700337581\n|switch|p1a: Landorus|Landorus-Therian, M, shiny|35\/100\n|-ability|p1a: Landorus|Intimidate|boost\n|-unboost|p2a: Kartana|atk|1\n|move|p2a: Kartana|Swords Dance|p2a: Kartana\n|-boost|p2a: Kartana|atk|2\n|\n|upkeep\n|turn|16\n|\n|t:|1700337590\n|move|p2a: Kartana|Leaf Blade|p1a: Landorus\n|-damage|p1a: Landorus|0 fnt\n|faint|p1a: Landorus\n|-ability|p2a: Kartana|Beast Boost|boost\n|-boost|p2a: Kartana|spe|1\n|\n|upkeep\n|\n|t:|1700337592\n|switch|p1a: Zapdos|Zapdos-Galar|79\/100\n|turn|17\n|\n|t:|1700337597\n|move|p2a: Kartana|Smart Strike|p1a: Zapdos\n|-damage|p1a: Zapdos|18\/100\n|move|p1a: Zapdos|Thunderous Kick|p2a: Kartana\n|-supereffective|p2a: Kartana\n|-damage|p2a: Kartana|13\/100\n|-unboost|p2a: Kartana|def|1\n|\n|upkeep\n|turn|18\n|\n|t:|1700337607\n|switch|p1a: Toxapex|Toxapex, F, shiny|100\/100\n|move|p2a: Kartana|Smart Strike|p1a: Toxapex\n|-resisted|p1a: Toxapex\n|-damage|p1a: Toxapex|81\/100\n|\n|-heal|p1a: Toxapex|87\/100|[from] item: Leftovers\n|upkeep\n|turn|19\n|\n|t:|1700337612\n|move|p1a: Toxapex|Baneful Bunker|p1a: Toxapex\n|-singleturn|p1a: Toxapex|move: Protect\n|move|p2a: Kartana|Knock Off|p1a: Toxapex\n|-activate|p1a: Toxapex|move: Protect\n|\n|-heal|p1a: Toxapex|93\/100|[from] item: Leftovers\n|upkeep\n|turn|20\n|\n|t:|1700337617\n|move|p2a: Kartana|Knock Off|p1a: Toxapex\n|-damage|p1a: Toxapex|59\/100\n|-enditem|p1a: Toxapex|Leftovers|[from] move: Knock Off|[of] p2a: Kartana\n|move|p1a: Toxapex|Haze|p1a: Toxapex\n|-clearallboost\n|\n|upkeep\n|turn|21\n|c|\u2606Lord Tyranitar21|GG WP\n|\n|t:|1700337625\n|move|p2a: Kartana|Swords Dance|p2a: Kartana\n|-boost|p2a: Kartana|atk|2\n|move|p1a: Toxapex|Scald|p2a: Kartana\n|-resisted|p2a: Kartana\n|-damage|p2a: Kartana|0 fnt\n|faint|p2a: Kartana\n|\n|win|H4RC0L0\n|raw|H4RC0L0's rating: 1362 &rarr; <strong>1385<\/strong><br \/>(+23 for winning)\n|raw|Lord Tyranitar21's rating: 1406 &rarr; <strong>1383<\/strong><br \/>(-23 for losing)\n|c|\u2606H4RC0L0|gg\n|l|\u2606H4RC0L0\n|l|\u2606Lord Tyranitar21\n|j|\u2606Lord Tyranitar21\n|player|p2|Lord Tyranitar21|alec-anime\n","uploadtime":1700337706,"views":7,"p1id":"h4rc0l0","p2id":"lordtyranitar21","formatid":"gen9nationaldex","rating":1383,"private":0,"password":""}