{"id":"gen9nationaldex-1988687602","p1":"female charizard","p2":"help support","format":"[Gen 9] National Dex","log":"|j|\u2606female charizard\n|j|\u2606help support\n|t:|1699750730\n|gametype|singles\n|player|p1|female charizard|170|1182\n|player|p2|help support|102|1089\n|teamsize|p1|6\n|teamsize|p2|6\n|gen|9\n|tier|[Gen 9] National Dex\n|rated|\n|rule|HP Percentage Mod: HP is shown in percentages\n|rule|Endless Battle Clause: Forcing endless battles is banned\n|rule|OHKO Clause: OHKO moves are banned\n|rule|Evasion Clause: Evasion abilities, items, and moves are banned\n|rule|Evasion Abilities Clause: Evasion abilities are banned\n|rule|Evasion Items Clause: Evasion items are banned\n|rule|Evasion Moves Clause: Evasion moves are banned\n|rule|Species Clause: Limit one of each Pok\u00e9mon\n|rule|Sleep Clause Mod: Limit one foe put to sleep\n|clearpoke\n|poke|p1|Maushold|\n|poke|p1|Stakataka|\n|poke|p1|Enamorus, F|\n|poke|p1|Ditto|\n|poke|p1|Linoone, F|\n|poke|p1|Swalot, F|\n|poke|p2|Absol, F|\n|poke|p2|Fezandipiti, M|\n|poke|p2|Gliscor, F|\n|poke|p2|Articuno-Galar|\n|poke|p2|Sinistcha|\n|poke|p2|Bewear, F|\n|teampreview\n|\n|t:|1699750738\n|start\n|switch|p1a: le skilled|Maushold|100\/100\n|switch|p2a: Absol|Absol, F, shiny|100\/100\n|turn|1\n|\n|t:|1699750743\n|detailschange|p2a: Absol|Absol-Mega, F, shiny\n|-mega|p2a: Absol|Absol|Absolite\n|move|p2a: Absol|Perish Song|p2a: Absol\n|-start|p1a: le skilled|perish3|[silent]\n|-start|p2a: Absol|perish3|[silent]\n|-fieldactivate|move: Perish Song\n|move|p1a: le skilled|Population Bomb|p2a: Absol\n|-damage|p2a: Absol|79\/100\n|-damage|p2a: Absol|59\/100\n|-damage|p2a: Absol|39\/100\n|-damage|p2a: Absol|19\/100\n|-damage|p2a: Absol|0 fnt\n|faint|p2a: Absol\n|-hitcount|p2: Absol|5\n|\n|-start|p1a: le skilled|perish3\n|upkeep\n|j| kung fu pokechu\n|\n|t:|1699750756\n|switch|p2a: Bewear|Bewear, F, shiny|100\/100\n|turn|2\n|\n|t:|1699750761\n|switch|p1a: eat the bugs|Swalot, F|100\/100\n|move|p2a: Bewear|Bulk Up|p2a: Bewear\n|-boost|p2a: Bewear|atk|1\n|-boost|p2a: Bewear|def|1\n|\n|upkeep\n|turn|3\n|\n|t:|1699750766\n|move|p2a: Bewear|Bulk Up|p2a: Bewear\n|-boost|p2a: Bewear|atk|1\n|-boost|p2a: Bewear|def|1\n|move|p1a: eat the bugs|Toxic|p2a: Bewear\n|-status|p2a: Bewear|tox\n|\n|-damage|p2a: Bewear|94\/100 tox|[from] psn\n|upkeep\n|turn|4\n|\n|t:|1699750770\n|move|p2a: Bewear|Facade|p1a: eat the bugs\n|-damage|p1a: eat the bugs|0 fnt\n|faint|p1a: eat the bugs\n|\n|-heal|p2a: Bewear|100\/100 tox|[from] item: Leftovers\n|-damage|p2a: Bewear|88\/100 tox|[from] psn\n|upkeep\n|\n|t:|1699750777\n|switch|p1a: so attractive....|Enamorus, F|100\/100\n|turn|5\n|\n|t:|1699750782\n|switch|p2a: Fezandipiti|Fezandipiti, M|100\/100\n|move|p1a: so attractive....|Moonblast|p2a: Fezandipiti\n|-resisted|p2a: Fezandipiti\n|-damage|p2a: Fezandipiti|90\/100\n|\n|upkeep\n|turn|6\n|\n|t:|1699750788\n|move|p1a: so attractive....|Earth Power|p2a: Fezandipiti\n|-supereffective|p2a: Fezandipiti\n|-damage|p2a: Fezandipiti|68\/100\n|move|p2a: Fezandipiti|U-turn|p1a: so attractive....\n|-resisted|p1a: so attractive....\n|-damage|p1a: so attractive....|95\/100\n|\n|t:|1699750792\n|switch|p2a: Articuno|Articuno-Galar, shiny|100\/100|[from] U-turn\n|\n|-heal|p1a: so attractive....|100\/100|[from] item: Leftovers\n|upkeep\n|turn|7\n|\n|t:|1699750797\n|switch|p2a: Fezandipiti|Fezandipiti, M|68\/100\n|move|p1a: so attractive....|Calm Mind|p1a: so attractive....\n|-boost|p1a: so attractive....|spa|1\n|-boost|p1a: so attractive....|spd|1\n|\n|upkeep\n|turn|8\n|\n|t:|1699750802\n|move|p1a: so attractive....|Earth Power|p2a: Fezandipiti\n|-supereffective|p2a: Fezandipiti\n|-damage|p2a: Fezandipiti|29\/100\n|move|p2a: Fezandipiti|Beat Up|p1a: so attractive....\n|-resisted|p1a: so attractive....\n|-damage|p1a: so attractive....|98\/100\n|-resisted|p1a: so attractive....\n|-damage|p1a: so attractive....|96\/100\n|-status|p1a: so attractive....|tox|[from] ability: Toxic Chain|[of] p2a: Fezandipiti\n|-resisted|p1a: so attractive....\n|-damage|p1a: so attractive....|94\/100 tox\n|-resisted|p1a: so attractive....\n|-damage|p1a: so attractive....|92\/100 tox\n|-hitcount|p1a: so attractive....|4\n|\n|-heal|p1a: so attractive....|98\/100 tox|[from] item: Leftovers\n|-damage|p1a: so attractive....|92\/100 tox|[from] psn\n|upkeep\n|turn|9\n|\n|t:|1699750818\n|move|p1a: so attractive....|Moonblast|p2a: Fezandipiti\n|-resisted|p2a: Fezandipiti\n|-crit|p2a: Fezandipiti\n|-damage|p2a: Fezandipiti|7\/100\n|move|p2a: Fezandipiti|Venoshock|p1a: so attractive....\n|-supereffective|p1a: so attractive....\n|-damage|p1a: so attractive....|26\/100 tox\n|\n|-heal|p1a: so attractive....|32\/100 tox|[from] item: Leftovers\n|-damage|p1a: so attractive....|20\/100 tox|[from] psn\n|upkeep\n|turn|10\n|\n|t:|1699750828\n|move|p1a: so attractive....|Moonblast|p2a: Fezandipiti\n|-resisted|p2a: Fezandipiti\n|-damage|p2a: Fezandipiti|0 fnt\n|faint|p2a: Fezandipiti\n|\n|-heal|p1a: so attractive....|26\/100 tox|[from] item: Leftovers\n|-damage|p1a: so attractive....|7\/100 tox|[from] psn\n|upkeep\n|\n|t:|1699750836\n|switch|p2a: Articuno|Articuno-Galar, shiny|100\/100\n|turn|11\n|\n|t:|1699750839\n|move|p1a: so attractive....|Mystical Fire|p2a: Articuno\n|-damage|p2a: Articuno|66\/100\n|-unboost|p2a: Articuno|spa|1\n|-ability|p2a: Articuno|Competitive|boost\n|-boost|p2a: Articuno|spa|2\n|move|p2a: Articuno|Calm Mind|p2a: Articuno\n|-boost|p2a: Articuno|spa|1\n|-boost|p2a: Articuno|spd|1\n|\n|-heal|p1a: so attractive....|13\/100 tox|[from] item: Leftovers\n|-damage|p1a: so attractive....|0 fnt|[from] psn\n|faint|p1a: so attractive....\n|upkeep\n|\n|t:|1699750843\n|switch|p1a: i art thou|Ditto|100\/100\n|-transform|p1a: i art thou|p2a: Articuno|[from] ability: Imposter\n|turn|12\n|\n|t:|1699750851\n|-terastallize|p2a: Articuno|Steel\n|move|p1a: i art thou|Air Slash|p2a: Articuno\n|-resisted|p2a: Articuno\n|-damage|p2a: Articuno|47\/100\n|cant|p2a: Articuno|flinch\n|\n|upkeep\n|turn|13\n|\n|t:|1699750858\n|move|p1a: i art thou|Air Slash|p2a: Articuno\n|-resisted|p2a: Articuno\n|-damage|p2a: Articuno|26\/100\n|cant|p2a: Articuno|flinch\n|\n|upkeep\n|turn|14\n|\n|t:|1699750862\n|move|p1a: i art thou|Air Slash|p2a: Articuno\n|-resisted|p2a: Articuno\n|-damage|p2a: Articuno|7\/100\n|move|p2a: Articuno|Agility|p2a: Articuno\n|-boost|p2a: Articuno|spe|2\n|\n|upkeep\n|turn|15\n|\n|t:|1699750867\n|switch|p1a: le skilled|Maushold|100\/100\n|move|p2a: Articuno|Stored Power|p1a: le skilled\n|-damage|p1a: le skilled|0 fnt\n|faint|p1a: le skilled\n|\n|upkeep\n|\n|t:|1699750869\n|switch|p1a: i art thou|Ditto|100\/100\n|-transform|p1a: i art thou|p2a: Articuno|[from] ability: Imposter\n|-start|p1a: i art thou|typechange|Psychic\/Flying|[silent]\n|turn|16\n|\n|t:|1699750876\n|move|p1a: i art thou|Stored Power|p2a: Articuno\n|-resisted|p2a: Articuno\n|-damage|p2a: Articuno|0 fnt\n|faint|p2a: Articuno\n|\n|upkeep\n|-message|help support forfeited.\n|\n|win|female charizard\n|raw|female charizard's rating: 1182 &rarr; <strong>1200<\/strong><br \/>(+18 for winning)\n|raw|help support's rating: 1089 &rarr; <strong>1072<\/strong><br \/>(-17 for losing)\n|l|\u2606help support\n|j| mistahmerrikuu\n","uploadtime":1699750888,"views":5,"p1id":"femalecharizard","p2id":"helpsupport","formatid":"gen9nationaldex","rating":1072,"private":0,"password":""}