{"id":"gen9nationaldex-1995517498","p1":"Zoflix","p2":"qrerawa","format":"[Gen 9] National Dex","log":"|html|<div class=\"broadcast-blue\"><strong>[Gen 9] National Dex is currently suspecting Sneasler! For information on how to participate check out the <a href=\"https:\/\/www.smogon.com\/forums\/threads\/sv-national-dex-suspect-8-just-dance.3731534\/\">suspect thread<\/a>.<\/strong><\/div>\n|j|\u2606Zoflix\n|j|\u2606qrerawa\n|t:|1700579089\n|gametype|singles\n|player|p1|Zoflix|scientist-gen4|1099\n|player|p2|qrerawa|crasherwake|1018\n|teamsize|p1|6\n|teamsize|p2|6\n|gen|9\n|tier|[Gen 9] National Dex\n|rated|\n|rule|HP Percentage Mod: HP is shown in percentages\n|rule|Endless Battle Clause: Forcing endless battles is banned\n|rule|OHKO Clause: OHKO moves are banned\n|rule|Evasion Clause: Evasion abilities, items, and moves are banned\n|rule|Evasion Abilities Clause: Evasion abilities are banned\n|rule|Evasion Items Clause: Evasion items are banned\n|rule|Evasion Moves Clause: Evasion moves are banned\n|rule|Species Clause: Limit one of each Pok\u00e9mon\n|rule|Sleep Clause Mod: Limit one foe put to sleep\n|clearpoke\n|poke|p1|Ferrothorn, M|\n|poke|p1|Rotom-Wash|\n|poke|p1|Landorus-Therian, M|\n|poke|p1|Aegislash, M|\n|poke|p1|Hoopa-Unbound|\n|poke|p1|Cinderace, F|\n|poke|p2|Tapu Lele|\n|poke|p2|Scizor, F|\n|poke|p2|Landorus-Therian, M|\n|poke|p2|Toxapex, F|\n|poke|p2|Zamazenta-*|\n|poke|p2|Bisharp, F|\n|teampreview\n|\n|t:|1700579099\n|start\n|switch|p1a: Ferrothorn|Ferrothorn, M, shiny|100\/100\n|switch|p2a: Landorus|Landorus-Therian, M|100\/100\n|-ability|p2a: Landorus|Intimidate|boost\n|-unboost|p1a: Ferrothorn|atk|1\n|turn|1\n|\n|t:|1700579107\n|move|p2a: Landorus|Stealth Rock|p1a: Ferrothorn\n|-sidestart|p1: Zoflix|move: Stealth Rock\n|move|p1a: Ferrothorn|Leech Seed|p2a: Landorus\n|-start|p2a: Landorus|move: Leech Seed\n|\n|-damage|p2a: Landorus|88\/100|[from] Leech Seed|[of] p1a: Ferrothorn\n|upkeep\n|turn|2\n|\n|t:|1700579113\n|move|p2a: Landorus|U-turn|p1a: Ferrothorn\n|-damage|p1a: Ferrothorn|87\/100\n|-damage|p2a: Landorus|76\/100|[from] ability: Iron Barbs|[of] p1a: Ferrothorn\n|\n|t:|1700579120\n|switch|p2a: \u85cf\u6307\u5bfc|Zamazenta|100\/100|[from] U-turn\n|-ability|p2a: \u85cf\u6307\u5bfc|Dauntless Shield|boost\n|-boost|p2a: \u85cf\u6307\u5bfc|def|1\n|move|p1a: Ferrothorn|Stealth Rock|p2a: \u85cf\u6307\u5bfc\n|-sidestart|p2: qrerawa|move: Stealth Rock\n|\n|-heal|p1a: Ferrothorn|93\/100|[from] item: Leftovers\n|upkeep\n|turn|3\n|\n|t:|1700579135\n|switch|p1a: Aegislash|Aegislash, M, shiny|100\/100\n|-damage|p1a: Aegislash|94\/100|[from] Stealth Rock\n|move|p2a: \u85cf\u6307\u5bfc|Crunch|p1a: Aegislash\n|-supereffective|p1a: Aegislash\n|-damage|p1a: Aegislash|36\/100\n|-unboost|p1a: Aegislash|def|1\n|\n|-heal|p1a: Aegislash|42\/100|[from] item: Leftovers\n|upkeep\n|turn|4\n|\n|t:|1700579152\n|move|p1a: Aegislash|King's Shield|p1a: Aegislash\n|-singleturn|p1a: Aegislash|Protect\n|move|p2a: \u85cf\u6307\u5bfc|Crunch|p1a: Aegislash\n|-activate|p1a: Aegislash|move: Protect\n|-unboost|p2a: \u85cf\u6307\u5bfc|atk|1\n|\n|-heal|p1a: Aegislash|49\/100|[from] item: Leftovers\n|upkeep\n|turn|5\n|\n|t:|1700579169\n|switch|p2a: Bisharp|Bisharp, F|100\/100\n|-damage|p2a: Bisharp|95\/100|[from] Stealth Rock\n|switch|p1a: Ferrothorn|Ferrothorn, M, shiny|93\/100\n|-damage|p1a: Ferrothorn|87\/100|[from] Stealth Rock\n|\n|-heal|p1a: Ferrothorn|93\/100|[from] item: Leftovers\n|upkeep\n|turn|6\n|\n|t:|1700579179\n|move|p2a: Bisharp|Swords Dance|p2a: Bisharp\n|-boost|p2a: Bisharp|atk|2\n|move|p1a: Ferrothorn|Leech Seed|p2a: Bisharp\n|-start|p2a: Bisharp|move: Leech Seed\n|\n|-heal|p1a: Ferrothorn|99\/100|[from] item: Leftovers\n|-damage|p2a: Bisharp|82\/100|[from] Leech Seed|[of] p1a: Ferrothorn\n|-heal|p1a: Ferrothorn|100\/100|[silent]\n|upkeep\n|turn|7\n|\n|t:|1700579189\n|switch|p2a: Tapu Lele|Tapu Lele|100\/100\n|-damage|p2a: Tapu Lele|88\/100|[from] Stealth Rock\n|-fieldstart|move: Psychic Terrain|[from] ability: Psychic Surge|[of] p2a: Tapu Lele\n|move|p1a: Ferrothorn|Knock Off|p2a: Tapu Lele\n|-damage|p2a: Tapu Lele|57\/100\n|-enditem|p2a: Tapu Lele|Choice Scarf|[from] move: Knock Off|[of] p1a: Ferrothorn\n|\n|upkeep\n|turn|8\n|\n|t:|1700579207\n|move|p2a: Tapu Lele|Future Sight|p1a: Ferrothorn\n|-start|p2a: Tapu Lele|move: Future Sight\n|move|p1a: Ferrothorn|Toxic|p2a: Tapu Lele\n|-status|p2a: Tapu Lele|tox\n|\n|-damage|p2a: Tapu Lele|50\/100 tox|[from] psn\n|upkeep\n|turn|9\n|\n|t:|1700579223\n|switch|p2a: \u85cf\u6307\u5bfc|Zamazenta|100\/100\n|-damage|p2a: \u85cf\u6307\u5bfc|94\/100|[from] Stealth Rock\n|move|p1a: Ferrothorn|Knock Off|p2a: \u85cf\u6307\u5bfc\n|-resisted|p2a: \u85cf\u6307\u5bfc\n|-damage|p2a: \u85cf\u6307\u5bfc|85\/100\n|-enditem|p2a: \u85cf\u6307\u5bfc|Choice Band|[from] move: Knock Off|[of] p1a: Ferrothorn\n|\n|upkeep\n|turn|10\n|\n|t:|1700579242\n|switch|p1a: Hoopa|Hoopa-Unbound|100\/100\n|-damage|p1a: Hoopa|88\/100|[from] Stealth Rock\n|move|p2a: \u85cf\u6307\u5bfc|Close Combat|p1a: Hoopa\n|-damage|p1a: Hoopa|0 fnt\n|-unboost|p2a: \u85cf\u6307\u5bfc|def|1\n|-unboost|p2a: \u85cf\u6307\u5bfc|spd|1\n|faint|p1a: Hoopa\n|\n|-hint|Future Sight did not hit because the target is fainted.\n|upkeep\n|\n|t:|1700579256\n|switch|p1a: Landorus|Landorus-Therian, M|100\/100\n|-damage|p1a: Landorus|88\/100|[from] Stealth Rock\n|-ability|p1a: Landorus|Intimidate|boost\n|-unboost|p2a: \u85cf\u6307\u5bfc|atk|1\n|turn|11\n|\n|t:|1700579265\n|move|p1a: Landorus|Earthquake|p2a: \u85cf\u6307\u5bfc\n|-damage|p2a: \u85cf\u6307\u5bfc|12\/100\n|move|p2a: \u85cf\u6307\u5bfc|Ice Fang|p1a: Landorus\n|-supereffective|p1a: Landorus\n|-damage|p1a: Landorus|26\/100\n|\n|-fieldend|move: Psychic Terrain\n|upkeep\n|turn|12\n|\n|t:|1700579278\n|switch|p2a: Scizor|Scizor, F|100\/100\n|-damage|p2a: Scizor|88\/100|[from] Stealth Rock\n|move|p1a: Landorus|Earthquake|p2a: Scizor\n|-damage|p2a: Scizor|44\/100\n|\n|upkeep\n|turn|13\n|\n|t:|1700579290\n|switch|p1a: Ferrothorn|Ferrothorn, M, shiny|100\/100\n|-damage|p1a: Ferrothorn|94\/100|[from] Stealth Rock\n|detailschange|p2a: Scizor|Scizor-Mega, F\n|-mega|p2a: Scizor|Scizor|Scizorite\n|move|p2a: Scizor|Roost|p2a: Scizor\n|-heal|p2a: Scizor|94\/100\n|-singleturn|p2a: Scizor|move: Roost\n|\n|-heal|p1a: Ferrothorn|100\/100|[from] item: Leftovers\n|upkeep\n|turn|14\n|\n|t:|1700579301\n|move|p2a: Scizor|U-turn|p1a: Ferrothorn\n|-damage|p1a: Ferrothorn|80\/100\n|-damage|p2a: Scizor|82\/100|[from] ability: Iron Barbs|[of] p1a: Ferrothorn\n|\n|t:|1700579308\n|switch|p2a: Tapu Lele|Tapu Lele|50\/100 tox|[from] U-turn\n|-damage|p2a: Tapu Lele|38\/100 tox|[from] Stealth Rock\n|-fieldstart|move: Psychic Terrain|[from] ability: Psychic Surge|[of] p2a: Tapu Lele\n|move|p1a: Ferrothorn|Leech Seed|p2a: Tapu Lele\n|-start|p2a: Tapu Lele|move: Leech Seed\n|\n|-heal|p1a: Ferrothorn|86\/100|[from] item: Leftovers\n|-damage|p2a: Tapu Lele|26\/100 tox|[from] Leech Seed|[of] p1a: Ferrothorn\n|-heal|p1a: Ferrothorn|96\/100|[silent]\n|-damage|p2a: Tapu Lele|20\/100 tox|[from] psn\n|upkeep\n|turn|15\n|\n|t:|1700579328\n|move|p2a: Tapu Lele|Focus Blast|p1a: Ferrothorn\n|-supereffective|p1a: Ferrothorn\n|-damage|p1a: Ferrothorn|22\/100\n|move|p1a: Ferrothorn|Knock Off|p2a: Tapu Lele\n|-damage|p2a: Tapu Lele|0 fnt\n|faint|p2a: Tapu Lele\n|\n|-heal|p1a: Ferrothorn|28\/100|[from] item: Leftovers\n|upkeep\n|\n|t:|1700579342\n|switch|p2a: Scizor|Scizor-Mega, F|82\/100\n|-damage|p2a: Scizor|69\/100|[from] Stealth Rock\n|turn|16\n|\n|t:|1700579355\n|switch|p1a: Landorus|Landorus-Therian, M|26\/100\n|-damage|p1a: Landorus|13\/100|[from] Stealth Rock\n|-ability|p1a: Landorus|Intimidate|boost\n|-unboost|p2a: Scizor|atk|1\n|move|p2a: Scizor|Curse|p2a: Scizor\n|-unboost|p2a: Scizor|spe|1\n|-boost|p2a: Scizor|atk|1\n|-boost|p2a: Scizor|def|1\n|\n|upkeep\n|turn|17\n|\n|t:|1700579371\n|move|p1a: Landorus|U-turn|p2a: Scizor\n|-resisted|p2a: Scizor\n|-damage|p2a: Scizor|64\/100\n|\n|t:|1700579374\n|switch|p1a: Cinderace|Cinderace, F|100\/100|[from] U-turn\n|-damage|p1a: Cinderace|76\/100|[from] Stealth Rock\n|move|p2a: Scizor|Curse|p2a: Scizor\n|-unboost|p2a: Scizor|spe|1\n|-boost|p2a: Scizor|atk|1\n|-boost|p2a: Scizor|def|1\n|\n|upkeep\n|turn|18\n|\n|t:|1700579383\n|move|p1a: Cinderace|Flare Blitz|p2a: Scizor\n|-supereffective|p2a: Scizor\n|-damage|p2a: Scizor|0 fnt\n|faint|p2a: Scizor\n|-damage|p1a: Cinderace|54\/100|[from] Recoil\n|\n|-fieldend|move: Psychic Terrain\n|upkeep\n|\n|t:|1700579395\n|switch|p2a: Landorus|Landorus-Therian, M|76\/100\n|-damage|p2a: Landorus|64\/100|[from] Stealth Rock\n|-ability|p2a: Landorus|Intimidate|boost\n|-unboost|p1a: Cinderace|atk|1\n|turn|19\n|\n|t:|1700579408\n|move|p1a: Cinderace|High Jump Kick|p2a: Landorus\n|-start|p1a: Cinderace|typechange|Fighting|[from] ability: Libero\n|-resisted|p2a: Landorus\n|-crit|p2a: Landorus\n|-damage|p2a: Landorus|35\/100\n|move|p2a: Landorus|U-turn|p1a: Cinderace\n|-resisted|p1a: Cinderace\n|-damage|p1a: Cinderace|39\/100\n|\n|t:|1700579421\n|switch|p2a: Toxapex|Toxapex, F|100\/100|[from] U-turn\n|-damage|p2a: Toxapex|88\/100|[from] Stealth Rock\n|\n|-heal|p2a: Toxapex|94\/100|[from] item: Leftovers\n|upkeep\n|turn|20\n|\n|t:|1700579453\n|switch|p1a: Rotom|Rotom-Wash|100\/100\n|-damage|p1a: Rotom|88\/100|[from] Stealth Rock\n|move|p2a: Toxapex|Infestation|p1a: Rotom\n|-damage|p1a: Rotom|85\/100\n|-activate|p1a: Rotom|move: Infestation|[of] p2a: Toxapex\n|\n|-heal|p1a: Rotom|91\/100|[from] item: Leftovers\n|-heal|p2a: Toxapex|100\/100|[from] item: Leftovers\n|-damage|p1a: Rotom|79\/100|[from] move: Infestation|[partiallytrapped]\n|upkeep\n|turn|21\n|\n|t:|1700579466\n|move|p1a: Rotom|Thunder Wave|p2a: Toxapex\n|-status|p2a: Toxapex|par\n|move|p2a: Toxapex|Toxic|p1a: Rotom\n|-status|p1a: Rotom|tox\n|\n|-heal|p1a: Rotom|85\/100 tox|[from] item: Leftovers\n|-damage|p1a: Rotom|79\/100 tox|[from] psn\n|-damage|p1a: Rotom|66\/100 tox|[from] move: Infestation|[partiallytrapped]\n|upkeep\n|turn|22\n|\n|t:|1700579477\n|-terastallize|p1a: Rotom|Electric\n|move|p2a: Toxapex|Baneful Bunker|p2a: Toxapex\n|-singleturn|p2a: Toxapex|move: Protect\n|move|p1a: Rotom|Volt Switch|p2a: Toxapex\n|-activate|p2a: Toxapex|move: Protect\n|\n|-heal|p1a: Rotom|72\/100 tox|[from] item: Leftovers\n|-damage|p1a: Rotom|60\/100 tox|[from] psn\n|-damage|p1a: Rotom|47\/100 tox|[from] move: Infestation|[partiallytrapped]\n|upkeep\n|turn|23\n|\n|t:|1700579491\n|switch|p2a: Landorus|Landorus-Therian, M|35\/100\n|-damage|p2a: Landorus|23\/100|[from] Stealth Rock\n|-ability|p2a: Landorus|Intimidate|boost\n|-unboost|p1a: Rotom|atk|1\n|move|p1a: Rotom|Volt Switch|p2a: Landorus\n|-immune|p2a: Landorus\n|\n|-heal|p1a: Rotom|54\/100 tox|[from] item: Leftovers\n|-heal|p2a: Landorus|29\/100|[from] item: Leftovers\n|-damage|p1a: Rotom|35\/100 tox|[from] psn\n|-end|p1a: Rotom|Infestation|[partiallytrapped]|[silent]\n|upkeep\n|turn|24\n|inactive|Battle timer is ON: inactive players will automatically lose when time's up. (requested by qrerawa)\n|\n|t:|1700579520\n|switch|p1a: Ferrothorn|Ferrothorn, M, shiny|28\/100\n|-damage|p1a: Ferrothorn|22\/100|[from] Stealth Rock\n|switch|p2a: Toxapex|Toxapex, F|100\/100 par\n|-damage|p2a: Toxapex|88\/100 par|[from] Stealth Rock\n|\n|-heal|p1a: Ferrothorn|28\/100|[from] item: Leftovers\n|-heal|p2a: Toxapex|94\/100 par|[from] item: Leftovers\n|upkeep\n|turn|25\n|\n|t:|1700579533\n|move|p1a: Ferrothorn|Knock Off|p2a: Toxapex\n|-damage|p2a: Toxapex|78\/100 par\n|-enditem|p2a: Toxapex|Leftovers|[from] move: Knock Off|[of] p1a: Ferrothorn\n|move|p2a: Toxapex|Infestation|p1a: Ferrothorn\n|-damage|p1a: Ferrothorn|25\/100\n|-activate|p1a: Ferrothorn|move: Infestation|[of] p2a: Toxapex\n|-damage|p2a: Toxapex|66\/100 par|[from] ability: Iron Barbs|[of] p1a: Ferrothorn\n|\n|-heal|p1a: Ferrothorn|32\/100|[from] item: Leftovers\n|-damage|p1a: Ferrothorn|19\/100|[from] move: Infestation|[partiallytrapped]\n|upkeep\n|turn|26\n|\n|t:|1700579545\n|move|p2a: Toxapex|Baneful Bunker|p2a: Toxapex\n|-singleturn|p2a: Toxapex|move: Protect\n|move|p1a: Ferrothorn|Leech Seed|p2a: Toxapex\n|-activate|p2a: Toxapex|move: Protect\n|\n|-heal|p1a: Ferrothorn|25\/100|[from] item: Leftovers\n|-damage|p1a: Ferrothorn|13\/100|[from] move: Infestation|[partiallytrapped]\n|upkeep\n|turn|27\n|\n|t:|1700579555\n|move|p2a: Toxapex|Baneful Bunker||[still]\n|-fail|p2a: Toxapex\n|move|p1a: Ferrothorn|Leech Seed|p2a: Toxapex\n|-start|p2a: Toxapex|move: Leech Seed\n|\n|-heal|p1a: Ferrothorn|19\/100|[from] item: Leftovers\n|-damage|p2a: Toxapex|53\/100 par|[from] Leech Seed|[of] p1a: Ferrothorn\n|-heal|p1a: Ferrothorn|30\/100|[silent]\n|-damage|p1a: Ferrothorn|18\/100|[from] move: Infestation|[partiallytrapped]\n|upkeep\n|turn|28\n|\n|t:|1700579566\n|switch|p2a: Landorus|Landorus-Therian, M|29\/100\n|-damage|p2a: Landorus|17\/100|[from] Stealth Rock\n|-ability|p2a: Landorus|Intimidate|boost\n|-unboost|p1a: Ferrothorn|atk|1\n|move|p1a: Ferrothorn|Knock Off|p2a: Landorus\n|-damage|p2a: Landorus|7\/100\n|-enditem|p2a: Landorus|Leftovers|[from] move: Knock Off|[of] p1a: Ferrothorn\n|\n|-heal|p1a: Ferrothorn|24\/100|[from] item: Leftovers\n|-end|p1a: Ferrothorn|Infestation|[partiallytrapped]|[silent]\n|upkeep\n|turn|29\n|\n|t:|1700579579\n|move|p2a: Landorus|Earthquake|p1a: Ferrothorn\n|-damage|p1a: Ferrothorn|0 fnt\n|faint|p1a: Ferrothorn\n|\n|upkeep\n|\n|t:|1700579587\n|switch|p1a: Aegislash|Aegislash, M, shiny|49\/100\n|-damage|p1a: Aegislash|42\/100|[from] Stealth Rock\n|turn|30\n|\n|t:|1700579595\n|-formechange|p1a: Aegislash|Aegislash-Blade||[from] ability: Stance Change\n|move|p1a: Aegislash|Shadow Sneak|p2a: Landorus\n|-damage|p2a: Landorus|0 fnt\n|faint|p2a: Landorus\n|\n|-heal|p1a: Aegislash|49\/100|[from] item: Leftovers\n|upkeep\n|\n|t:|1700579602\n|switch|p2a: Bisharp|Bisharp, F|82\/100\n|-damage|p2a: Bisharp|76\/100|[from] Stealth Rock\n|turn|31\n|\n|t:|1700579607\n|-formechange|p1a: Aegislash|Aegislash||[from] ability: Stance Change\n|move|p1a: Aegislash|King's Shield|p1a: Aegislash\n|-singleturn|p1a: Aegislash|Protect\n|move|p2a: Bisharp|Swords Dance|p2a: Bisharp\n|-boost|p2a: Bisharp|atk|2\n|\n|-heal|p1a: Aegislash|55\/100|[from] item: Leftovers\n|upkeep\n|turn|32\n|\n|t:|1700579620\n|-activate|p1a: Aegislash|move: Pursuit\n|move|p2a: Bisharp|Pursuit|p1a: Aegislash|[from]Pursuit\n|-supereffective|p1a: Aegislash\n|-damage|p1a: Aegislash|0 fnt\n|faint|p1a: Aegislash\n|-hint|A Pokemon can't switch between when it runs out of HP and when it faints\n|\n|upkeep\n|\n|t:|1700579628\n|switch|p1a: Cinderace|Cinderace, F|39\/100\n|-damage|p1a: Cinderace|15\/100|[from] Stealth Rock\n|turn|33\n|\n|t:|1700579637\n|move|p2a: Bisharp|Sucker Punch|p1a: Cinderace\n|-damage|p1a: Cinderace|0 fnt\n|faint|p1a: Cinderace\n|\n|upkeep\n|\n|t:|1700579641\n|switch|p1a: Rotom|Rotom-Wash, tera:Electric|35\/100 tox\n|-damage|p1a: Rotom|22\/100 tox|[from] Stealth Rock\n|turn|34\n|\n|t:|1700579647\n|move|p2a: Bisharp|Sucker Punch|p1a: Rotom\n|-damage|p1a: Rotom|0 fnt\n|faint|p1a: Rotom\n|\n|upkeep\n|\n|t:|1700579651\n|switch|p1a: Landorus|Landorus-Therian, M|13\/100\n|-damage|p1a: Landorus|1\/100|[from] Stealth Rock\n|-ability|p1a: Landorus|Intimidate|boost\n|-unboost|p2a: Bisharp|atk|1\n|-ability|p2a: Bisharp|Defiant|boost\n|-boost|p2a: Bisharp|atk|2\n|turn|35\n|\n|t:|1700579660\n|-terastallize|p2a: Bisharp|Dark\n|move|p1a: Landorus|Grass Knot|p2a: Bisharp\n|-damage|p2a: Bisharp|59\/100\n|move|p2a: Bisharp|Pursuit|p1a: Landorus\n|-damage|p1a: Landorus|0 fnt\n|faint|p1a: Landorus\n|\n|win|qrerawa\n|raw|Zoflix's rating: 1099 &rarr; <strong>1068<\/strong><br \/>(-31 for losing)\n|raw|qrerawa's rating: 1018 &rarr; <strong>1064<\/strong><br \/>(+46 for winning)\n|c|\u2606Zoflix|gg\n|c|\u2606qrerawa|ggwp\n","uploadtime":1700579673,"views":4,"p1id":"zoflix","p2id":"qrerawa","formatid":"gen9nationaldex","rating":1064,"private":0,"password":""}