{"id":"gen9nationaldex-1997734465","p1":"verlislify","p2":"Duvydoooo","format":"[Gen 9] National Dex","log":"|html|<div class=\"broadcast-blue\"><strong>[Gen 9] National Dex is currently suspecting Sneasler! For information on how to participate check out the <a href=\"https:\/\/www.smogon.com\/forums\/threads\/sv-national-dex-suspect-8-just-dance.3731534\/\">suspect thread<\/a>.<\/strong><\/div>\n|j|\u2606verlislify\n|j|\u2606Duvydoooo\n|t:|1700847006\n|gametype|singles\n|player|p1|verlislify|n|1372\n|player|p2|Duvydoooo|iris-gen5bw2|1321\n|teamsize|p1|6\n|teamsize|p2|6\n|gen|9\n|tier|[Gen 9] National Dex\n|rated|\n|rule|HP Percentage Mod: HP is shown in percentages\n|rule|Endless Battle Clause: Forcing endless battles is banned\n|rule|OHKO Clause: OHKO moves are banned\n|rule|Evasion Clause: Evasion abilities, items, and moves are banned\n|rule|Evasion Abilities Clause: Evasion abilities are banned\n|rule|Evasion Items Clause: Evasion items are banned\n|rule|Evasion Moves Clause: Evasion moves are banned\n|rule|Species Clause: Limit one of each Pok\u00e9mon\n|rule|Sleep Clause Mod: Limit one foe put to sleep\n|clearpoke\n|poke|p1|Gengar, F|\n|poke|p1|Ninetales, M|\n|poke|p1|Great Tusk|\n|poke|p1|Sawsbuck-Summer, M|\n|poke|p1|Azumarill, F|\n|poke|p1|Silvally-*|\n|poke|p2|Iron Valiant|\n|poke|p2|Tapu Koko|\n|poke|p2|Greninja-*, M|\n|poke|p2|Scizor, F|\n|poke|p2|Weavile, M|\n|poke|p2|Ogerpon-Cornerstone, F|\n|teampreview\n|j| gamin'extreme\n|l| gamin'extreme\n|\n|t:|1700847050\n|start\n|switch|p1a: Silvally|Silvally-Steel|100\/100\n|switch|p2a: Beerus|Weavile, M|100\/100\n|-ability|p2a: Beerus|Pressure\n|turn|1\n|\n|t:|1700847082\n|move|p2a: Beerus|Fake Out|p1a: Silvally\n|-resisted|p1a: Silvally\n|-damage|p1a: Silvally|94\/100\n|cant|p1a: Silvally|flinch\n|\n|upkeep\n|turn|2\n|\n|t:|1700847089\n|switch|p2a: Hyper Clova|Scizor, F, shiny|100\/100\n|move|p1a: Silvally|Thunder Wave|p2a: Hyper Clova\n|-status|p2a: Hyper Clova|par\n|\n|upkeep\n|turn|3\n|\n|t:|1700847097\n|detailschange|p2a: Hyper Clova|Scizor-Mega, F, shiny\n|-mega|p2a: Hyper Clova|Scizor|Scizorite\n|move|p1a: Silvally|Flamethrower|p2a: Hyper Clova\n|-supereffective|p2a: Hyper Clova\n|-damage|p2a: Hyper Clova|17\/100 par\n|cant|p2a: Hyper Clova|par\n|\n|upkeep\n|turn|4\n|\n|t:|1700847111\n|cant|p2a: Hyper Clova|par\n|move|p1a: Silvally|Flamethrower|p2a: Hyper Clova\n|-supereffective|p2a: Hyper Clova\n|-damage|p2a: Hyper Clova|0 fnt\n|faint|p2a: Hyper Clova\n|\n|upkeep\n|\n|t:|1700847122\n|switch|p2a: Tsunami|Greninja, M|100\/100\n|turn|5\n|\n|t:|1700847163\n|move|p2a: Tsunami|Surf|p1a: Silvally\n|-damage|p1a: Silvally|54\/100\n|move|p1a: Silvally|Thunder Wave|p2a: Tsunami\n|-status|p2a: Tsunami|par\n|\n|upkeep\n|turn|6\n|\n|t:|1700847169\n|move|p1a: Silvally|Parting Shot|p2a: Tsunami\n|-unboost|p2a: Tsunami|atk|1\n|-unboost|p2a: Tsunami|spa|1\n|inactive|Battle timer is ON: inactive players will automatically lose when time's up. (requested by Duvydoooo)\n|\n|t:|1700847176\n|switch|p1a: Gengar|Gengar, F|100\/100|[from] Parting Shot\n|cant|p2a: Tsunami|par\n|\n|upkeep\n|turn|7\n|\n|t:|1700847191\n|switch|p2a: Rango|Tapu Koko, shiny|100\/100\n|-fieldstart|move: Electric Terrain|[from] ability: Electric Surge|[of] p2a: Rango\n|move|p1a: Gengar|Toxic Spikes|p2a: Rango\n|-sidestart|p2: Duvydoooo|move: Toxic Spikes\n|\n|upkeep\n|turn|8\n|\n|t:|1700847204\n|move|p2a: Rango|Defog|p1a: Gengar\n|-unboost|p1a: Gengar|evasion|1\n|-sideend|p2: Duvydoooo|Toxic Spikes|[from] move: Defog|[of] p2a: Rango\n|-fieldend|move: Electric Terrain\n|move|p1a: Gengar|Shadow Ball|p2a: Rango\n|-damage|p2a: Rango|44\/100\n|\n|upkeep\n|turn|9\n|\n|t:|1700847222\n|move|p2a: Rango|U-turn|p1a: Gengar\n|-resisted|p1a: Gengar\n|-damage|p1a: Gengar|91\/100\n|\n|t:|1700847227\n|switch|p2a: Beerus|Weavile, M|100\/100|[from] U-turn\n|-ability|p2a: Beerus|Pressure\n|move|p1a: Gengar|Toxic Spikes|p2a: Beerus\n|-sidestart|p2: Duvydoooo|move: Toxic Spikes\n|\n|upkeep\n|turn|10\n|\n|t:|1700847239\n|move|p2a: Beerus|Knock Off|p1a: Gengar\n|-supereffective|p1a: Gengar\n|-damage|p1a: Gengar|0 fnt\n|-enditem|p1a: Gengar|Focus Sash|[from] move: Knock Off|[of] p2a: Beerus\n|faint|p1a: Gengar\n|\n|upkeep\n|inactive|verlislify has 120 seconds left.\n|\n|t:|1700847272\n|switch|p1a: Ninetales|Ninetales, M|100\/100\n|-weather|SunnyDay|[from] ability: Drought|[of] p1a: Ninetales\n|turn|11\n|\n|t:|1700847279\n|move|p2a: Beerus|Knock Off|p1a: Ninetales\n|-damage|p1a: Ninetales|34\/100\n|-enditem|p1a: Ninetales|Choice Specs|[from] move: Knock Off|[of] p2a: Beerus\n|move|p1a: Ninetales|Overheat|p2a: Beerus\n|-supereffective|p2a: Beerus\n|-damage|p2a: Beerus|0 fnt\n|-unboost|p1a: Ninetales|spa|2\n|faint|p2a: Beerus\n|\n|-weather|SunnyDay|[upkeep]\n|upkeep\n|\n|t:|1700847286\n|switch|p2a: Rango|Tapu Koko, shiny|44\/100\n|-status|p2a: Rango|psn\n|-fieldstart|move: Electric Terrain|[from] ability: Electric Surge|[of] p2a: Rango\n|turn|12\n|\n|t:|1700847296\n|switch|p1a: Great Tusk|Great Tusk|100\/100\n|-activate|p1a: Great Tusk|ability: Protosynthesis\n|-start|p1a: Great Tusk|protosynthesisatk\n|move|p2a: Rango|Roost|p2a: Rango\n|-heal|p2a: Rango|94\/100 psn\n|-singleturn|p2a: Rango|move: Roost\n|\n|-weather|SunnyDay|[upkeep]\n|-damage|p2a: Rango|82\/100 psn|[from] psn\n|upkeep\n|turn|13\n|\n|t:|1700847322\n|move|p2a: Rango|U-turn|p1a: Great Tusk\n|-resisted|p1a: Great Tusk\n|-damage|p1a: Great Tusk|93\/100\n|\n|t:|1700847325\n|switch|p2a: Tsunami|Greninja, M|100\/100 par|[from] U-turn\n|move|p1a: Great Tusk|Rapid Spin|p2a: Tsunami\n|-damage|p2a: Tsunami|63\/100 par\n|-boost|p1a: Great Tusk|spe|1\n|\n|-weather|SunnyDay|[upkeep]\n|upkeep\n|turn|14\n|inactive|verlislify has 120 seconds left.\n|\n|t:|1700847348\n|-terastallize|p2a: Tsunami|Flying\n|move|p1a: Great Tusk|Rapid Spin|p2a: Tsunami\n|-damage|p2a: Tsunami|25\/100 par\n|-boost|p1a: Great Tusk|spe|1\n|move|p2a: Tsunami|Surf|p1a: Great Tusk\n|-supereffective|p1a: Great Tusk\n|-damage|p1a: Great Tusk|0 fnt\n|faint|p1a: Great Tusk\n|-end|p1a: Great Tusk|Protosynthesis|[silent]\n|-ability|p2a: Tsunami|Battle Bond|boost\n|-boost|p2a: Tsunami|atk|1\n|-boost|p2a: Tsunami|spa|1\n|-boost|p2a: Tsunami|spe|1\n|-activate|p2a: Tsunami|ability: Battle Bond\n|\n|-weather|SunnyDay|[upkeep]\n|upkeep\n|inactive|verlislify has 120 seconds left.\n|inactive|verlislify has 90 seconds left.\n|\n|t:|1700847389\n|switch|p1a: Sawsbuck|Sawsbuck-Summer, M|100\/100\n|turn|15\n|inactive|verlislify has 90 seconds left.\n|\n|t:|1700847409\n|move|p1a: Sawsbuck|Horn Leech|p2a: Tsunami\n|-resisted|p2a: Tsunami\n|-crit|p2a: Tsunami\n|-damage|p2a: Tsunami|0 fnt\n|faint|p2a: Tsunami\n|-damage|p1a: Sawsbuck|91\/100|[from] item: Life Orb\n|\n|-weather|none\n|upkeep\n|\n|t:|1700847428\n|switch|p2a: Excalibur|Iron Valiant|100\/100\n|-status|p2a: Excalibur|psn\n|-activate|p2a: Excalibur|ability: Quark Drive\n|-start|p2a: Excalibur|quarkdrivespe\n|turn|16\n|inactive|verlislify has 90 seconds left.\n|\n|t:|1700847452\n|switch|p1a: Ninetales|Ninetales, M|34\/100\n|-weather|SunnyDay|[from] ability: Drought|[of] p1a: Ninetales\n|move|p2a: Excalibur|Close Combat|p1a: Ninetales\n|-damage|p1a: Ninetales|0 fnt\n|-unboost|p2a: Excalibur|def|1\n|-unboost|p2a: Excalibur|spd|1\n|faint|p1a: Ninetales\n|-damage|p2a: Excalibur|91\/100 psn|[from] item: Life Orb\n|\n|-weather|SunnyDay|[upkeep]\n|-damage|p2a: Excalibur|78\/100 psn|[from] psn\n|upkeep\n|\n|t:|1700847459\n|switch|p1a: Sawsbuck|Sawsbuck-Summer, M|91\/100\n|turn|17\n|\n|t:|1700847465\n|-terastallize|p1a: Sawsbuck|Flying\n|move|p1a: Sawsbuck|Tera Blast|p2a: Excalibur|[anim] Tera Blast Flying\n|-supereffective|p2a: Excalibur\n|-damage|p2a: Excalibur|0 fnt\n|faint|p2a: Excalibur\n|-end|p2a: Excalibur|Quark Drive|[silent]\n|-damage|p1a: Sawsbuck|81\/100|[from] item: Life Orb\n|\n|-weather|SunnyDay|[upkeep]\n|upkeep\n|\n|t:|1700847473\n|switch|p2a: Rango|Tapu Koko, shiny|82\/100 psn\n|turn|18\n|\n|t:|1700847482\n|move|p1a: Sawsbuck|Horn Leech|p2a: Rango\n|-damage|p2a: Rango|30\/100 psn\n|-heal|p1a: Sawsbuck|100\/100|[from] drain|[of] p2a: Rango\n|-damage|p1a: Sawsbuck|91\/100|[from] item: Life Orb\n|move|p2a: Rango|Wild Charge|p1a: Sawsbuck\n|-supereffective|p1a: Sawsbuck\n|-damage|p1a: Sawsbuck|0 fnt\n|faint|p1a: Sawsbuck\n|-damage|p2a: Rango|5\/100 psn|[from] Recoil\n|\n|-weather|SunnyDay|[upkeep]\n|-damage|p2a: Rango|0 fnt|[from] psn\n|faint|p2a: Rango\n|upkeep\n|\n|t:|1700847496\n|switch|p2a: Fiona|Ogerpon-Cornerstone, F|100\/100\n|switch|p1a: Silvally|Silvally-Steel|54\/100\n|-status|p2a: Fiona|psn\n|turn|19\n|\n|t:|1700847507\n|move|p2a: Fiona|Knock Off|p1a: Silvally\n|-damage|p1a: Silvally|29\/100\n|move|p1a: Silvally|Thunder Wave||[still]\n|-fail|p1a: Silvally\n|\n|-weather|SunnyDay|[upkeep]\n|-damage|p2a: Fiona|88\/100 psn|[from] psn\n|-fieldend|move: Electric Terrain\n|upkeep\n|turn|20\n|\n|t:|1700847517\n|move|p2a: Fiona|Horn Leech|p1a: Silvally\n|-resisted|p1a: Silvally\n|-crit|p1a: Silvally\n|-damage|p1a: Silvally|0 fnt\n|-heal|p2a: Fiona|100\/100 psn|[from] drain|[of] p1a: Silvally\n|faint|p1a: Silvally\n|\n|-weather|none\n|-damage|p2a: Fiona|88\/100 psn|[from] psn\n|upkeep\n|\n|t:|1700847529\n|switch|p1a: Azumarill|Azumarill, F|100\/100\n|turn|21\n|\n|t:|1700847542\n|move|p2a: Fiona|Horn Leech|p1a: Azumarill\n|-supereffective|p1a: Azumarill\n|-damage|p1a: Azumarill|5\/100\n|-heal|p2a: Fiona|100\/100 psn|[from] drain|[of] p1a: Azumarill\n|move|p1a: Azumarill|Play Rough|p2a: Fiona\n|-ability|p2a: Fiona|Sturdy\n|-damage|p2a: Fiona|1\/100 psn\n|-damage|p1a: Azumarill|0 fnt|[from] item: Life Orb\n|faint|p1a: Azumarill\n|\n|win|Duvydoooo\n|raw|verlislify's rating: 1372 &rarr; <strong>1349<\/strong><br \/>(-23 for losing)\n|raw|Duvydoooo's rating: 1321 &rarr; <strong>1344<\/strong><br \/>(+23 for winning)\n|c|\u2606Duvydoooo|gg\n|l|\u2606verlislify\n","uploadtime":1700847569,"views":19,"p1id":"verlislify","p2id":"duvydoooo","formatid":"gen9nationaldex","rating":1344,"private":0,"password":""}