{"id":"gen9nationaldex-1987026650","p1":"vestkid27","p2":"not_kastadiva","format":"[Gen 9] National Dex","log":"|j|\u2606vestkid27\n|j|\u2606not_kastadiva\n|t:|1699550098\n|gametype|singles\n|player|p1|vestkid27|janitor|1526\n|player|p2|not_kastadiva|101|1498\n|teamsize|p1|6\n|teamsize|p2|6\n|gen|9\n|tier|[Gen 9] National Dex\n|rated|\n|rule|HP Percentage Mod: HP is shown in percentages\n|rule|Endless Battle Clause: Forcing endless battles is banned\n|rule|OHKO Clause: OHKO moves are banned\n|rule|Evasion Clause: Evasion abilities, items, and moves are banned\n|rule|Evasion Abilities Clause: Evasion abilities are banned\n|rule|Evasion Items Clause: Evasion items are banned\n|rule|Evasion Moves Clause: Evasion moves are banned\n|rule|Species Clause: Limit one of each Pok\u00e9mon\n|rule|Sleep Clause Mod: Limit one foe put to sleep\n|clearpoke\n|poke|p1|Steelix, M|\n|poke|p1|Pinsir, F|\n|poke|p1|Victini|\n|poke|p1|Brambleghast, M|\n|poke|p1|Umbreon, M|\n|poke|p1|Araquanid, M|\n|poke|p2|Hatterene, F|\n|poke|p2|Ursaluna-Bloodmoon, M|\n|poke|p2|Stakataka|\n|poke|p2|Marowak-Alola, M|\n|poke|p2|Sinistcha|\n|poke|p2|Crawdaunt, F|\n|teampreview\n|c|\u2606vestkid27|Glhf\n|inactive|Battle timer is ON: inactive players will automatically lose when time's up. (requested by not_kastadiva)\n|\n|t:|1699550119\n|start\n|switch|p1a: Victini|Victini|100\/100\n|switch|p2a: Sinistcha|Sinistcha|100\/100\n|turn|1\n|\n|t:|1699550149\n|move|p1a: Victini|Blue Flare|p2a: Sinistcha\n|-supereffective|p2a: Sinistcha\n|-damage|p2a: Sinistcha|0 fnt\n|faint|p2a: Sinistcha\n|\n|upkeep\n|\n|t:|1699550157\n|switch|p2a: Crawdaunt|Crawdaunt, F|100\/100\n|turn|2\n|\n|t:|1699550167\n|switch|p1a: Araquanid|Araquanid, M|100\/100\n|move|p2a: Crawdaunt|Knock Off|p1a: Araquanid\n|-damage|p1a: Araquanid|19\/100\n|-enditem|p1a: Araquanid|Leftovers|[from] move: Knock Off|[of] p2a: Crawdaunt\n|\n|upkeep\n|turn|3\n|\n|t:|1699550176\n|switch|p2a: Hatterene|Hatterene, F|100\/100\n|move|p1a: Araquanid|Lunge|p2a: Hatterene\n|-damage|p2a: Hatterene|80\/100\n|-unboost|p2a: Hatterene|atk|1\n|\n|upkeep\n|turn|4\n|\n|t:|1699550206\n|move|p1a: Araquanid|Liquidation|p2a: Hatterene\n|-damage|p2a: Hatterene|34\/100\n|move|p2a: Hatterene|Trick|p1a: Araquanid\n|-activate|p2a: Hatterene|move: Trick|[of] p1a: Araquanid\n|-item|p1a: Araquanid|Choice Specs|[from] move: Trick\n|-enditem|p2a: Hatterene|Choice Specs|[silent]|[from] move: Trick\n|\n|upkeep\n|turn|5\n|inactive|vestkid27 has 120 seconds left.\n|\n|t:|1699550244\n|switch|p1a: Brambleghast|Brambleghast, M|100\/100\n|switch|p2a: Crawdaunt|Crawdaunt, F|100\/100\n|\n|upkeep\n|turn|6\n|\n|t:|1699550259\n|move|p1a: Brambleghast|Power Whip|p2a: Crawdaunt\n|-supereffective|p2a: Crawdaunt\n|-damage|p2a: Crawdaunt|0 fnt\n|faint|p2a: Crawdaunt\n|\n|upkeep\n|\n|t:|1699550263\n|switch|p2a: Stakataka|Stakataka|100\/100\n|turn|7\n|inactive|vestkid27 has 120 seconds left.\n|\n|t:|1699550284\n|switch|p1a: Steelix|Steelix, M|100\/100\n|move|p2a: Stakataka|Trick Room|p2a: Stakataka\n|-fieldstart|move: Trick Room|[of] p2a: Stakataka\n|\n|upkeep\n|turn|8\n|inactive|not_kastadiva has 120 seconds left.\n|\n|t:|1699550339\n|switch|p2a: Ursaluna|Ursaluna-Bloodmoon, M|100\/100\n|move|p1a: Steelix|Bulldoze|p2a: Ursaluna\n|-damage|p2a: Ursaluna|80\/100\n|\n|upkeep\n|turn|9\n|\n|t:|1699550347\n|switch|p1a: Araquanid|Araquanid, M|19\/100\n|move|p2a: Ursaluna|Calm Mind|p2a: Ursaluna\n|-boost|p2a: Ursaluna|spa|1\n|-boost|p2a: Ursaluna|spd|1\n|\n|upkeep\n|turn|10\n|\n|t:|1699550355\n|move|p2a: Ursaluna|Earth Power|p1a: Araquanid\n|-resisted|p1a: Araquanid\n|-damage|p1a: Araquanid|0 fnt\n|faint|p1a: Araquanid\n|\n|upkeep\n|inactive|vestkid27 has 90 seconds left.\n|\n|t:|1699550403\n|switch|p1a: Brambleghast|Brambleghast, M|100\/100\n|turn|11\n|inactive|not_kastadiva has 120 seconds left.\n|\n|t:|1699550416\n|switch|p1a: Umbreon|Umbreon, M|100\/100\n|-terastallize|p2a: Ursaluna|Normal\n|move|p2a: Ursaluna|Blood Moon|p1a: Umbreon\n|-damage|p1a: Umbreon|0 fnt\n|faint|p1a: Umbreon\n|\n|-fieldend|move: Trick Room\n|upkeep\n|inactive|vestkid27 has 60 seconds left.\n|\n|t:|1699550449\n|switch|p1a: Pinsir|Pinsir, F|100\/100\n|turn|12\n|\n|t:|1699550459\n|detailschange|p1a: Pinsir|Pinsir-Mega, F\n|-mega|p1a: Pinsir|Pinsir|Pinsirite\n|move|p1a: Pinsir|Swords Dance|p1a: Pinsir\n|-boost|p1a: Pinsir|atk|2\n|move|p2a: Ursaluna|Moonlight|p2a: Ursaluna\n|-heal|p2a: Ursaluna|100\/100\n|\n|upkeep\n|turn|13\n|\n|t:|1699550468\n|move|p1a: Pinsir|Return|p2a: Ursaluna\n|-damage|p2a: Ursaluna|0 fnt\n|faint|p2a: Ursaluna\n|\n|upkeep\n|\n|t:|1699550477\n|switch|p2a: Stakataka|Stakataka|100\/100\n|turn|14\n|\n|t:|1699550482\n|move|p1a: Pinsir|Earthquake|p2a: Stakataka\n|-supereffective|p2a: Stakataka\n|-damage|p2a: Stakataka|0 fnt\n|faint|p2a: Stakataka\n|\n|upkeep\n|\n|t:|1699550486\n|switch|p2a: Hatterene|Hatterene, F|34\/100\n|turn|15\n|\n|t:|1699550490\n|move|p1a: Pinsir|Return|p2a: Hatterene\n|-damage|p2a: Hatterene|0 fnt\n|faint|p2a: Hatterene\n|\n|upkeep\n|\n|t:|1699550501\n|switch|p2a: Marowak|Marowak-Alola, M|100\/100\n|turn|16\n|\n|t:|1699550505\n|move|p1a: Pinsir|Return|p2a: Marowak\n|-damage|p2a: Marowak|0 fnt\n|faint|p2a: Marowak\n|\n|win|vestkid27\n|raw|vestkid27's rating: 1526 &rarr; <strong>1547<\/strong><br \/>(+21 for winning)\n|raw|not_kastadiva's rating: 1541 &rarr; <strong>1520<\/strong><br \/>(-21 for losing)\n|l|\u2606not_kastadiva\n|c|\u2606vestkid27|GG\n","uploadtime":1699550533,"views":19,"p1id":"vestkid27","p2id":"notkastadiva","formatid":"gen9nationaldex","rating":1520,"private":0,"password":""}