{"id":"gen9nationaldex-1990182923","p1":"zhuandayoudou","p2":"xxyyzlu","format":"[Gen 9] National Dex","log":"|j|\u2606zhuandayoudou\n|j|\u2606xxyyzlu\n|t:|1699934042\n|gametype|singles\n|player|p1|zhuandayoudou|169|1519\n|player|p2|xxyyzlu|102|1488\n|teamsize|p1|6\n|teamsize|p2|6\n|gen|9\n|tier|[Gen 9] National Dex\n|rated|\n|rule|HP Percentage Mod: HP is shown in percentages\n|rule|Endless Battle Clause: Forcing endless battles is banned\n|rule|OHKO Clause: OHKO moves are banned\n|rule|Evasion Clause: Evasion abilities, items, and moves are banned\n|rule|Evasion Abilities Clause: Evasion abilities are banned\n|rule|Evasion Items Clause: Evasion items are banned\n|rule|Evasion Moves Clause: Evasion moves are banned\n|rule|Species Clause: Limit one of each Pok\u00e9mon\n|rule|Sleep Clause Mod: Limit one foe put to sleep\n|clearpoke\n|poke|p1|Banette, F|\n|poke|p1|Alomomola, M|\n|poke|p1|Landorus-Therian, M|\n|poke|p1|Heatran, M|\n|poke|p1|Swellow, M|\n|poke|p1|Urshifu-*, F|\n|poke|p2|Diancie|\n|poke|p2|Heatran, F|\n|poke|p2|Landorus-Therian, M|\n|poke|p2|Tapu Lele|\n|poke|p2|Throh, M|\n|poke|p2|Ogerpon-Wellspring, F|\n|teampreview\n|inactive|Battle timer is ON: inactive players will automatically lose when time's up. (requested by zhuandayoudou)\n|\n|t:|1699934050\n|start\n|switch|p1a: Urshifu|Urshifu-Rapid-Strike, F|100\/100\n|switch|p2a: Diancie|Diancie|100\/100\n|turn|1\n|\n|t:|1699934062\n|detailschange|p2a: Diancie|Diancie-Mega\n|-mega|p2a: Diancie|Diancie|Diancite\n|move|p1a: Urshifu|U-turn|p2a: Diancie\n|-resisted|p2a: Diancie\n|-crit|p2a: Diancie\n|-damage|p2a: Diancie|73\/100\n|\n|t:|1699934072\n|switch|p1a: Landorus|Landorus-Therian, M|100\/100|[from] U-turn\n|-ability|p1a: Landorus|Intimidate|boost\n|-unboost|p2a: Diancie|atk|1\n|move|p2a: Diancie|Play Rough|p1a: Landorus\n|-damage|p1a: Landorus|60\/100\n|\n|upkeep\n|turn|2\n|\n|t:|1699934080\n|switch|p2a: Landorus|Landorus-Therian, M|100\/100\n|-ability|p2a: Landorus|Intimidate|boost\n|-unboost|p1a: Landorus|atk|1\n|move|p1a: Landorus|Earthquake|p2a: Landorus\n|-immune|p2a: Landorus\n|\n|upkeep\n|turn|3\n|\n|t:|1699934086\n|switch|p1a: Alomomola|Alomomola, M, shiny|100\/100\n|move|p2a: Landorus|Toxic|p1a: Alomomola\n|-status|p1a: Alomomola|tox\n|\n|-damage|p1a: Alomomola|94\/100 tox|[from] psn\n|upkeep\n|turn|4\n|\n|t:|1699934091\n|move|p2a: Landorus|U-turn|p1a: Alomomola\n|-damage|p1a: Alomomola|82\/100 tox\n|\n|t:|1699934098\n|switch|p2a: Throh|Throh, M|100\/100|[from] U-turn\n|-ability|p2a: Throh|Mold Breaker\n|move|p1a: Alomomola|Flip Turn|p2a: Throh\n|-damage|p2a: Throh|85\/100\n|\n|t:|1699934105\n|switch|p1a: Swellow|Swellow, M|100\/100|[from] Flip Turn\n|\n|upkeep\n|turn|5\n|\n|t:|1699934113\n|move|p1a: Swellow|Boomburst|p2a: Throh\n|-damage|p2a: Throh|17\/100\n|move|p2a: Throh|Storm Throw|p1a: Swellow\n|-crit|p1a: Swellow\n|-damage|p1a: Swellow|22\/100\n|\n|upkeep\n|turn|6\n|\n|t:|1699934118\n|move|p1a: Swellow|Boomburst|p2a: Throh\n|-damage|p2a: Throh|0 fnt\n|faint|p2a: Throh\n|\n|upkeep\n|\n|t:|1699934123\n|switch|p2a: Tapu Lele|Tapu Lele|100\/100\n|-fieldstart|move: Psychic Terrain|[from] ability: Psychic Surge|[of] p2a: Tapu Lele\n|turn|7\n|\n|t:|1699934128\n|switch|p1a: Heatran|Heatran, M|100\/100\n|move|p2a: Tapu Lele|Psychic|p1a: Heatran\n|-resisted|p1a: Heatran\n|-damage|p1a: Heatran|83\/100\n|\n|-heal|p1a: Heatran|89\/100|[from] item: Leftovers\n|upkeep\n|turn|8\n|\n|t:|1699934133\n|switch|p2a: Heatran|Heatran, F|100\/100\n|move|p1a: Heatran|Earth Power|p2a: Heatran\n|-supereffective|p2a: Heatran\n|-damage|p2a: Heatran|31\/100\n|\n|-heal|p1a: Heatran|95\/100|[from] item: Leftovers\n|-heal|p2a: Heatran|37\/100|[from] item: Leftovers\n|upkeep\n|turn|9\n|\n|t:|1699934139\n|move|p2a: Heatran|Protect|p2a: Heatran\n|-singleturn|p2a: Heatran|Protect\n|move|p1a: Heatran|Earth Power|p2a: Heatran\n|-activate|p2a: Heatran|move: Protect\n|\n|-heal|p1a: Heatran|100\/100|[from] item: Leftovers\n|-heal|p2a: Heatran|44\/100|[from] item: Leftovers\n|upkeep\n|turn|10\n|\n|t:|1699934145\n|move|p1a: Heatran|Protect|p1a: Heatran\n|-singleturn|p1a: Heatran|Protect\n|move|p2a: Heatran|Earth Power|p1a: Heatran\n|-activate|p1a: Heatran|move: Protect\n|\n|-heal|p2a: Heatran|50\/100|[from] item: Leftovers\n|upkeep\n|turn|11\n|\n|t:|1699934152\n|switch|p1a: Landorus|Landorus-Therian, M|60\/100\n|-ability|p1a: Landorus|Intimidate|boost\n|-unboost|p2a: Heatran|atk|1\n|switch|p2a: Landorus|Landorus-Therian, M|100\/100\n|-ability|p2a: Landorus|Intimidate|boost\n|-unboost|p1a: Landorus|atk|1\n|\n|-fieldend|move: Psychic Terrain\n|upkeep\n|turn|12\n|\n|t:|1699934158\n|move|p1a: Landorus|Stealth Rock|p2a: Landorus\n|-sidestart|p2: xxyyzlu|move: Stealth Rock\n|move|p2a: Landorus|Toxic|p1a: Landorus\n|-status|p1a: Landorus|tox\n|\n|-damage|p1a: Landorus|54\/100 tox|[from] psn\n|upkeep\n|turn|13\n|\n|t:|1699934163\n|-zpower|p1a: Landorus\n|move|p1a: Landorus|Supersonic Skystrike|p2a: Landorus|[zeffect]\n|-damage|p2a: Landorus|58\/100\n|move|p2a: Landorus|Defog|p1a: Landorus\n|-unboost|p1a: Landorus|evasion|1\n|-sideend|p2: xxyyzlu|Stealth Rock|[from] move: Defog|[of] p2a: Landorus\n|\n|-damage|p1a: Landorus|42\/100 tox|[from] psn\n|upkeep\n|turn|14\n|\n|t:|1699934173\n|move|p1a: Landorus|Stealth Rock|p2a: Landorus\n|-sidestart|p2: xxyyzlu|move: Stealth Rock\n|move|p2a: Landorus|U-turn|p1a: Landorus\n|-resisted|p1a: Landorus\n|-damage|p1a: Landorus|29\/100 tox\n|\n|t:|1699934178\n|switch|p2a: Heatran|Heatran, F|50\/100|[from] U-turn\n|-damage|p2a: Heatran|37\/100|[from] Stealth Rock\n|\n|-heal|p2a: Heatran|44\/100|[from] item: Leftovers\n|-damage|p1a: Landorus|11\/100 tox|[from] psn\n|upkeep\n|turn|15\n|\n|t:|1699934183\n|switch|p1a: Urshifu|Urshifu-Rapid-Strike, F|100\/100\n|switch|p2a: Landorus|Landorus-Therian, M|58\/100\n|-ability|p2a: Landorus|Intimidate|boost\n|-unboost|p1a: Urshifu|atk|1\n|\n|upkeep\n|turn|16\n|\n|t:|1699934189\n|-terastallize|p2a: Landorus|Water\n|move|p1a: Urshifu|Surging Strikes|p2a: Landorus\n|-resisted|p2a: Landorus\n|-crit|p2a: Landorus\n|-damage|p2a: Landorus|50\/100\n|-resisted|p2a: Landorus\n|-crit|p2a: Landorus\n|-damage|p2a: Landorus|42\/100\n|-resisted|p2a: Landorus\n|-crit|p2a: Landorus\n|-damage|p2a: Landorus|35\/100\n|-hitcount|p2a: Landorus|3\n|move|p2a: Landorus|Toxic|p1a: Urshifu\n|-status|p1a: Urshifu|tox\n|\n|-damage|p1a: Urshifu|94\/100 tox|[from] psn\n|upkeep\n|turn|17\n|\n|t:|1699934194\n|switch|p1a: Landorus|Landorus-Therian, M|11\/100 tox\n|-ability|p1a: Landorus|Intimidate|boost\n|-unboost|p2a: Landorus|atk|1\n|move|p2a: Landorus|Defog|p1a: Landorus\n|-unboost|p1a: Landorus|evasion|1\n|-sideend|p2: xxyyzlu|Stealth Rock|[from] move: Defog|[of] p2a: Landorus\n|\n|-damage|p1a: Landorus|6\/100 tox|[from] psn\n|upkeep\n|turn|18\n|\n|t:|1699934197\n|move|p1a: Landorus|Stealth Rock|p2a: Landorus\n|-sidestart|p2: xxyyzlu|move: Stealth Rock\n|move|p2a: Landorus|Defog|p1a: Landorus\n|-unboost|p1a: Landorus|evasion|1\n|-sideend|p2: xxyyzlu|Stealth Rock|[from] move: Defog|[of] p2a: Landorus\n|\n|-damage|p1a: Landorus|0 fnt|[from] psn\n|faint|p1a: Landorus\n|upkeep\n|\n|t:|1699934201\n|switch|p1a: Swellow|Swellow, M|22\/100\n|turn|19\n|\n|t:|1699934203\n|switch|p2a: Heatran|Heatran, F|44\/100\n|move|p1a: Swellow|Boomburst|p2a: Heatran\n|-resisted|p2a: Heatran\n|-damage|p2a: Heatran|18\/100\n|\n|-heal|p2a: Heatran|24\/100|[from] item: Leftovers\n|upkeep\n|turn|20\n|\n|t:|1699934214\n|-terastallize|p1a: Swellow|Normal\n|move|p1a: Swellow|Boomburst|p2a: Heatran\n|-resisted|p2a: Heatran\n|-damage|p2a: Heatran|0 fnt\n|faint|p2a: Heatran\n|\n|upkeep\n|\n|t:|1699934220\n|switch|p2a: Tapu Lele|Tapu Lele|100\/100\n|-fieldstart|move: Psychic Terrain|[from] ability: Psychic Surge|[of] p2a: Tapu Lele\n|turn|21\n|\n|t:|1699934241\n|switch|p1a: Heatran|Heatran, M|100\/100\n|move|p2a: Tapu Lele|Psychic|p1a: Heatran\n|-resisted|p1a: Heatran\n|-damage|p1a: Heatran|81\/100\n|\n|-heal|p1a: Heatran|87\/100|[from] item: Leftovers\n|upkeep\n|turn|22\n|\n|t:|1699934246\n|switch|p2a: Landorus|Landorus-Therian, M, tera:Water|35\/100\n|-ability|p2a: Landorus|Intimidate|boost\n|-unboost|p1a: Heatran|atk|1\n|move|p1a: Heatran|Magma Storm|p2a: Landorus\n|-resisted|p2a: Landorus\n|-damage|p2a: Landorus|14\/100\n|-activate|p2a: Landorus|move: Magma Storm|[of] p1a: Heatran\n|\n|-heal|p1a: Heatran|93\/100|[from] item: Leftovers\n|-damage|p2a: Landorus|2\/100|[from] move: Magma Storm|[partiallytrapped]\n|upkeep\n|turn|23\n|\n|t:|1699934251\n|move|p1a: Heatran|Protect|p1a: Heatran\n|-singleturn|p1a: Heatran|Protect\n|move|p2a: Landorus|Earthquake|p1a: Heatran\n|-activate|p1a: Heatran|move: Protect\n|\n|-heal|p1a: Heatran|99\/100|[from] item: Leftovers\n|-damage|p2a: Landorus|0 fnt|[from] move: Magma Storm|[partiallytrapped]\n|faint|p2a: Landorus\n|upkeep\n|\n|t:|1699934255\n|switch|p2a: Ogerpon|Ogerpon-Wellspring, F|100\/100\n|turn|24\n|\n|t:|1699934272\n|switch|p1a: Alomomola|Alomomola, M, shiny|100\/100 tox\n|move|p2a: Ogerpon|Ivy Cudgel|p1a: Alomomola\n|-resisted|p1a: Alomomola\n|-damage|p1a: Alomomola|86\/100 tox\n|\n|-damage|p1a: Alomomola|80\/100 tox|[from] psn\n|upkeep\n|turn|25\n|\n|t:|1699934276\n|move|p2a: Ogerpon|Swords Dance|p2a: Ogerpon\n|-boost|p2a: Ogerpon|atk|2\n|move|p1a: Alomomola|Toxic|p2a: Ogerpon|[miss]\n|-miss|p1a: Alomomola|p2a: Ogerpon\n|\n|-damage|p1a: Alomomola|67\/100 tox|[from] psn\n|-fieldend|move: Psychic Terrain\n|upkeep\n|turn|26\n|\n|t:|1699934281\n|move|p2a: Ogerpon|Horn Leech|p1a: Alomomola\n|-supereffective|p1a: Alomomola\n|-damage|p1a: Alomomola|0 fnt\n|faint|p1a: Alomomola\n|\n|upkeep\n|\n|t:|1699934284\n|switch|p1a: Banette|Banette, F|100\/100\n|-item|p2a: Ogerpon|Wellspring Mask|[from] ability: Frisk|[of] p1a: Banette|[identify]\n|turn|27\n|\n|t:|1699934290\n|detailschange|p1a: Banette|Banette-Mega, F\n|-mega|p1a: Banette|Banette|Banettite\n|move|p1a: Banette|Destiny Bond|p1a: Banette\n|-singlemove|p1a: Banette|Destiny Bond\n|move|p2a: Ogerpon|Play Rough|p1a: Banette\n|-damage|p1a: Banette|0 fnt\n|faint|p1a: Banette\n|-activate|p1a: Banette|move: Destiny Bond\n|faint|p2a: Ogerpon\n|\n|upkeep\n|\n|t:|1699934300\n|switch|p2a: Diancie|Diancie-Mega|73\/100\n|switch|p1a: Urshifu|Urshifu-Rapid-Strike, F|94\/100 tox\n|turn|28\n|\n|t:|1699934304\n|move|p1a: Urshifu|Surging Strikes|p2a: Diancie\n|-supereffective|p2a: Diancie\n|-crit|p2a: Diancie\n|-damage|p2a: Diancie|16\/100\n|-supereffective|p2a: Diancie\n|-crit|p2a: Diancie\n|-damage|p2a: Diancie|0 fnt\n|faint|p2a: Diancie\n|-hitcount|p2: Diancie|2\n|\n|-damage|p1a: Urshifu|88\/100 tox|[from] psn\n|upkeep\n|\n|t:|1699934307\n|switch|p2a: Tapu Lele|Tapu Lele|100\/100\n|-fieldstart|move: Psychic Terrain|[from] ability: Psychic Surge|[of] p2a: Tapu Lele\n|turn|29\n|\n|t:|1699934313\n|move|p2a: Tapu Lele|Focus Blast|p1a: Urshifu\n|-damage|p1a: Urshifu|25\/100 tox\n|move|p1a: Urshifu|Surging Strikes|p2a: Tapu Lele\n|-crit|p2a: Tapu Lele\n|-damage|p2a: Tapu Lele|66\/100\n|-crit|p2a: Tapu Lele\n|-damage|p2a: Tapu Lele|35\/100\n|-crit|p2a: Tapu Lele\n|-damage|p2a: Tapu Lele|3\/100\n|-hitcount|p2a: Tapu Lele|3\n|\n|-damage|p1a: Urshifu|13\/100 tox|[from] psn\n|upkeep\n|turn|30\n|\n|t:|1699934328\n|move|p2a: Tapu Lele|Focus Blast|p1a: Urshifu|[miss]\n|-miss|p2a: Tapu Lele|p1a: Urshifu\n|move|p1a: Urshifu|Surging Strikes|p2a: Tapu Lele\n|-crit|p2a: Tapu Lele\n|-damage|p2a: Tapu Lele|0 fnt\n|faint|p2a: Tapu Lele\n|-hitcount|p2: Tapu Lele|1\n|\n|win|zhuandayoudou\n|raw|zhuandayoudou's rating: 1519 &rarr; <strong>1537<\/strong><br \/>(+18 for winning)\n|raw|xxyyzlu's rating: 1488 &rarr; <strong>1470<\/strong><br \/>(-18 for losing)\n|l|\u2606xxyyzlu\n","uploadtime":1699934336,"views":7,"p1id":"zhuandayoudou","p2id":"xxyyzlu","formatid":"gen9nationaldex","rating":1470,"private":0,"password":""}