{"id":"gen9nationaldex-1989009736","p1":"pultedheist","p2":"realested","format":"[Gen 9] National Dex","log":"|j|\u2606pultedheist\n|j|\u2606realested\n|t:|1699801731\n|gametype|singles\n|player|p1|pultedheist|youngcouple-gen4dp|1176\n|player|p2|realested|biker-gen4|1226\n|teamsize|p1|6\n|teamsize|p2|6\n|gen|9\n|tier|[Gen 9] National Dex\n|rated|\n|rule|HP Percentage Mod: HP is shown in percentages\n|rule|Endless Battle Clause: Forcing endless battles is banned\n|rule|OHKO Clause: OHKO moves are banned\n|rule|Evasion Clause: Evasion abilities, items, and moves are banned\n|rule|Evasion Abilities Clause: Evasion abilities are banned\n|rule|Evasion Items Clause: Evasion items are banned\n|rule|Evasion Moves Clause: Evasion moves are banned\n|rule|Species Clause: Limit one of each Pok\u00e9mon\n|rule|Sleep Clause Mod: Limit one foe put to sleep\n|clearpoke\n|poke|p1|Terrakion|\n|poke|p1|Gliscor, F|\n|poke|p1|Scizor, M|\n|poke|p1|Garganacl, M|\n|poke|p1|Ogerpon-Wellspring, F|\n|poke|p1|Tornadus-Therian, M|\n|poke|p2|Aggron, F|\n|poke|p2|Florges-White, F|\n|poke|p2|Runerigus, F|\n|poke|p2|Zapdos|\n|poke|p2|Urshifu-*, F|\n|poke|p2|Toxapex, F|\n|teampreview\n|inactive|Battle timer is ON: inactive players will automatically lose when time's up. (requested by pultedheist)\n|j| Repeater211\n|\n|t:|1699801743\n|start\n|switch|p1a: Tornadus|Tornadus-Therian, M|100\/100\n|switch|p2a: Zapdos|Zapdos, shiny|100\/100\n|turn|1\n|\n|t:|1699801749\n|switch|p1a: Garganacl|Garganacl, M|100\/100\n|move|p2a: Zapdos|Volt Switch|p1a: Garganacl\n|-damage|p1a: Garganacl|79\/100\n|\n|t:|1699801754\n|switch|p2a: Urshifu|Urshifu-Rapid-Strike, F|100\/100|[from] Volt Switch\n|\n|-heal|p1a: Garganacl|85\/100|[from] item: Leftovers\n|upkeep\n|turn|2\n|\n|t:|1699801761\n|switch|p2a: Zapdos|Zapdos, shiny|100\/100\n|switch|p1a: Tornadus|Tornadus-Therian, M|100\/100\n|\n|upkeep\n|turn|3\n|\n|t:|1699801772\n|switch|p1a: Gliscor|Gliscor, F, shiny|100\/100\n|move|p2a: Zapdos|Toxic|p1a: Gliscor\n|-status|p1a: Gliscor|tox\n|\n|upkeep\n|turn|4\n|\n|t:|1699801785\n|move|p2a: Zapdos|Heat Wave|p1a: Gliscor\n|-crit|p1a: Gliscor\n|-damage|p1a: Gliscor|46\/100 tox\n|move|p1a: Gliscor|Toxic|p2a: Zapdos\n|-status|p2a: Zapdos|tox\n|\n|-damage|p2a: Zapdos|94\/100 tox|[from] psn\n|-heal|p1a: Gliscor|58\/100 tox|[from] ability: Poison Heal\n|upkeep\n|turn|5\n|\n|t:|1699801791\n|switch|p1a: Garganacl|Garganacl, M|85\/100\n|move|p2a: Zapdos|Heat Wave|p1a: Garganacl\n|-resisted|p1a: Garganacl\n|-damage|p1a: Garganacl|75\/100\n|\n|-heal|p1a: Garganacl|81\/100|[from] item: Leftovers\n|-damage|p2a: Zapdos|82\/100 tox|[from] psn\n|upkeep\n|turn|6\n|\n|t:|1699801804\n|switch|p2a: Aggron|Aggron, F, shiny|100\/100\n|move|p1a: Garganacl|Salt Cure|p2a: Aggron\n|-resisted|p2a: Aggron\n|-damage|p2a: Aggron|97\/100\n|-start|p2a: Aggron|Salt Cure\n|\n|-heal|p1a: Garganacl|88\/100|[from] item: Leftovers\n|-damage|p2a: Aggron|72\/100|[from] Salt Cure\n|upkeep\n|turn|7\n|\n|t:|1699801814\n|switch|p1a: Gliscor|Gliscor, F, shiny|58\/100 tox\n|detailschange|p2a: Aggron|Aggron-Mega, F, shiny\n|-mega|p2a: Aggron|Aggron|Aggronite\n|move|p2a: Aggron|Iron Defense|p2a: Aggron\n|-boost|p2a: Aggron|def|2\n|\n|-heal|p1a: Gliscor|71\/100 tox|[from] ability: Poison Heal\n|-damage|p2a: Aggron|47\/100|[from] Salt Cure\n|upkeep\n|turn|8\n|\n|t:|1699801825\n|move|p1a: Gliscor|Knock Off|p2a: Aggron\n|-damage|p2a: Aggron|44\/100\n|move|p2a: Aggron|Heavy Slam|p1a: Gliscor\n|-damage|p1a: Gliscor|36\/100 tox\n|\n|-heal|p1a: Gliscor|49\/100 tox|[from] ability: Poison Heal\n|-damage|p2a: Aggron|19\/100|[from] Salt Cure\n|upkeep\n|turn|9\n|\n|t:|1699801836\n|move|p1a: Gliscor|Roost|p1a: Gliscor\n|-heal|p1a: Gliscor|99\/100 tox\n|-singleturn|p1a: Gliscor|move: Roost\n|move|p2a: Aggron|Body Press|p1a: Gliscor\n|-damage|p1a: Gliscor|50\/100 tox\n|\n|-heal|p1a: Gliscor|62\/100 tox|[from] ability: Poison Heal\n|-damage|p2a: Aggron|0 fnt|[from] Salt Cure\n|faint|p2a: Aggron\n|upkeep\n|\n|t:|1699801846\n|switch|p2a: Toxapex|Toxapex, F, shiny|100\/100\n|turn|10\n|\n|t:|1699801864\n|switch|p1a: Garganacl|Garganacl, M|88\/100\n|-terastallize|p2a: Toxapex|Grass\n|move|p2a: Toxapex|Scald|p1a: Garganacl\n|-supereffective|p1a: Garganacl\n|-damage|p1a: Garganacl|65\/100\n|\n|-damage|p2a: Toxapex|88\/100|[from] item: Black Sludge\n|-heal|p1a: Garganacl|72\/100|[from] item: Leftovers\n|upkeep\n|turn|11\n|\n|t:|1699801875\n|switch|p2a: Urshifu|Urshifu-Rapid-Strike, F|100\/100\n|move|p1a: Garganacl|Salt Cure|p2a: Urshifu\n|-resisted|p2a: Urshifu\n|-damage|p2a: Urshifu|94\/100\n|-start|p2a: Urshifu|Salt Cure\n|\n|-heal|p1a: Garganacl|78\/100|[from] item: Leftovers\n|-damage|p2a: Urshifu|69\/100|[from] Salt Cure\n|upkeep\n|turn|12\n|\n|t:|1699801885\n|switch|p1a: Tornadus|Tornadus-Therian, M|100\/100\n|move|p2a: Urshifu|Surging Strikes|p1a: Tornadus\n|-crit|p1a: Tornadus\n|-damage|p1a: Tornadus|79\/100\n|-crit|p1a: Tornadus\n|-damage|p1a: Tornadus|59\/100\n|-crit|p1a: Tornadus\n|-damage|p1a: Tornadus|37\/100\n|-hitcount|p1a: Tornadus|3\n|\n|-damage|p2a: Urshifu|44\/100|[from] Salt Cure\n|upkeep\n|turn|13\n|\n|t:|1699801895\n|switch|p2a: Florges|Florges-White, F, shiny|100\/100\n|switch|p1a: Ogerpon|Ogerpon-Wellspring, F|100\/100\n|\n|upkeep\n|turn|14\n|\n|t:|1699801913\n|move|p1a: Ogerpon|Swords Dance|p1a: Ogerpon\n|-boost|p1a: Ogerpon|atk|2\n|move|p2a: Florges|Wish|p2a: Florges\n|\n|upkeep\n|turn|15\n|\n|t:|1699801920\n|move|p1a: Ogerpon|Horn Leech|p2a: Florges\n|-damage|p2a: Florges|0 fnt\n|faint|p2a: Florges\n|\n|upkeep\n|\n|t:|1699801925\n|switch|p2a: Urshifu|Urshifu-Rapid-Strike, F|44\/100\n|turn|16\n|\n|t:|1699801945\n|move|p2a: Urshifu|Drain Punch|p1a: Ogerpon\n|-damage|p1a: Ogerpon|53\/100\n|-heal|p2a: Urshifu|65\/100|[from] drain|[of] p1a: Ogerpon\n|move|p1a: Ogerpon|Horn Leech|p2a: Urshifu\n|-supereffective|p2a: Urshifu\n|-damage|p2a: Urshifu|0 fnt\n|-heal|p1a: Ogerpon|90\/100|[from] drain|[of] p2a: Urshifu\n|faint|p2a: Urshifu\n|\n|upkeep\n|\n|t:|1699801949\n|switch|p2a: Zapdos|Zapdos, shiny|82\/100 tox\n|turn|17\n|\n|t:|1699801965\n|move|p1a: Ogerpon|Swords Dance|p1a: Ogerpon\n|-boost|p1a: Ogerpon|atk|2\n|move|p2a: Zapdos|Toxic|p1a: Ogerpon\n|-status|p1a: Ogerpon|tox\n|\n|-damage|p1a: Ogerpon|84\/100 tox|[from] psn\n|-damage|p2a: Zapdos|75\/100 tox|[from] psn\n|upkeep\n|turn|18\n|\n|t:|1699801977\n|move|p1a: Ogerpon|Horn Leech|p2a: Zapdos\n|-resisted|p2a: Zapdos\n|-damage|p2a: Zapdos|7\/100 tox\n|-heal|p1a: Ogerpon|100\/100 tox|[from] drain|[of] p2a: Zapdos\n|move|p2a: Zapdos|Volt Switch|p1a: Ogerpon\n|-damage|p1a: Ogerpon|60\/100 tox\n|\n|t:|1699801990\n|switch|p2a: Toxapex|Toxapex, F, shiny, tera:Grass|100\/100|[from] Volt Switch\n|\n|-damage|p2a: Toxapex|88\/100|[from] item: Black Sludge\n|-damage|p1a: Ogerpon|48\/100 tox|[from] psn\n|upkeep\n|turn|19\n|\n|t:|1699801996\n|move|p2a: Toxapex|Baneful Bunker|p2a: Toxapex\n|-singleturn|p2a: Toxapex|move: Protect\n|move|p1a: Ogerpon|Swords Dance|p1a: Ogerpon\n|-boost|p1a: Ogerpon|atk|2\n|\n|-damage|p2a: Toxapex|75\/100|[from] item: Black Sludge\n|-damage|p1a: Ogerpon|30\/100 tox|[from] psn\n|upkeep\n|turn|20\n|\n|t:|1699802004\n|move|p1a: Ogerpon|Swords Dance|p1a: Ogerpon\n|-boost|p1a: Ogerpon|atk|0\n|move|p2a: Toxapex|Recover|p2a: Toxapex\n|-heal|p2a: Toxapex|100\/100\n|\n|-damage|p2a: Toxapex|88\/100|[from] item: Black Sludge\n|-damage|p1a: Ogerpon|6\/100 tox|[from] psn\n|upkeep\n|turn|21\n|\n|t:|1699802011\n|move|p1a: Ogerpon|Swords Dance|p1a: Ogerpon\n|-boost|p1a: Ogerpon|atk|0\n|move|p2a: Toxapex|Recover|p2a: Toxapex\n|-heal|p2a: Toxapex|100\/100\n|\n|-damage|p2a: Toxapex|88\/100|[from] item: Black Sludge\n|-damage|p1a: Ogerpon|0 fnt|[from] psn\n|faint|p1a: Ogerpon\n|upkeep\n|\n|t:|1699802014\n|switch|p1a: Terrakion|Terrakion|100\/100\n|turn|22\n|\n|t:|1699802022\n|-terastallize|p1a: Terrakion|Poison\n|move|p1a: Terrakion|Swords Dance|p1a: Terrakion\n|-boost|p1a: Terrakion|atk|2\n|move|p2a: Toxapex|Scald|p1a: Terrakion\n|-damage|p1a: Terrakion|83\/100\n|\n|-damage|p2a: Toxapex|75\/100|[from] item: Black Sludge\n|upkeep\n|turn|23\n|\n|t:|1699802037\n|switch|p2a: Zapdos|Zapdos, shiny|7\/100 tox\n|move|p1a: Terrakion|Close Combat|p2a: Zapdos\n|-resisted|p2a: Zapdos\n|-damage|p2a: Zapdos|0 fnt\n|-unboost|p1a: Terrakion|def|1\n|-unboost|p1a: Terrakion|spd|1\n|faint|p2a: Zapdos\n|\n|upkeep\n|\n|t:|1699802049\n|switch|p2a: Runerigus|Runerigus, F, shiny|100\/100\n|turn|24\n|\n|t:|1699802057\n|move|p1a: Terrakion|Stone Edge|p2a: Runerigus\n|-resisted|p2a: Runerigus\n|-damage|p2a: Runerigus|63\/100\n|move|p2a: Runerigus|Earthquake|p1a: Terrakion\n|-supereffective|p1a: Terrakion\n|-damage|p1a: Terrakion|0 fnt\n|faint|p1a: Terrakion\n|\n|-heal|p2a: Runerigus|70\/100|[from] item: Leftovers\n|upkeep\n|\n|t:|1699802068\n|switch|p1a: Scizor|Scizor, M|100\/100\n|turn|25\n|\n|t:|1699802074\n|detailschange|p1a: Scizor|Scizor-Mega, M\n|-mega|p1a: Scizor|Scizor|Scizorite\n|move|p1a: Scizor|Swords Dance|p1a: Scizor\n|-boost|p1a: Scizor|atk|2\n|move|p2a: Runerigus|Poltergeist|p1a: Scizor\n|-activate|p1a: Scizor|move: Poltergeist|Scizorite\n|-damage|p1a: Scizor|78\/100\n|\n|-heal|p2a: Runerigus|76\/100|[from] item: Leftovers\n|upkeep\n|turn|26\n|\n|t:|1699802087\n|move|p1a: Scizor|Bullet Punch|p2a: Runerigus\n|-damage|p2a: Runerigus|37\/100\n|-activate|p2a: Runerigus|ability: Wandering Spirit|Technician|Wandering Spirit|[of] p1a: Scizor\n|move|p2a: Runerigus|Earthquake|p1a: Scizor\n|-damage|p1a: Scizor|57\/100\n|\n|-heal|p2a: Runerigus|43\/100|[from] item: Leftovers\n|upkeep\n|turn|27\n|\n|t:|1699802100\n|move|p2a: Runerigus|Protect|p2a: Runerigus\n|-singleturn|p2a: Runerigus|Protect\n|move|p1a: Scizor|U-turn|p2a: Runerigus\n|-activate|p2a: Runerigus|move: Protect\n|\n|-heal|p2a: Runerigus|50\/100|[from] item: Leftovers\n|upkeep\n|turn|28\n|\n|t:|1699802111\n|switch|p2a: Toxapex|Toxapex, F, shiny, tera:Grass|100\/100\n|move|p1a: Scizor|Swords Dance|p1a: Scizor\n|-boost|p1a: Scizor|atk|2\n|\n|-damage|p2a: Toxapex|88\/100|[from] item: Black Sludge\n|upkeep\n|turn|29\n|\n|t:|1699802122\n|move|p2a: Toxapex|Baneful Bunker|p2a: Toxapex\n|-singleturn|p2a: Toxapex|move: Protect\n|move|p1a: Scizor|U-turn|p2a: Toxapex\n|-activate|p2a: Toxapex|move: Protect\n|\n|-damage|p2a: Toxapex|75\/100|[from] item: Black Sludge\n|upkeep\n|turn|30\n|\n|t:|1699802135\n|move|p1a: Scizor|U-turn|p2a: Toxapex\n|-supereffective|p2a: Toxapex\n|-crit|p2a: Toxapex\n|-damage|p2a: Toxapex|0 fnt\n|faint|p2a: Toxapex\n|\n|t:|1699802141\n|switch|p1a: Gliscor|Gliscor, F, shiny|62\/100 tox|[from] U-turn\n|\n|-heal|p1a: Gliscor|75\/100 tox|[from] ability: Poison Heal\n|upkeep\n|\n|t:|1699802153\n|switch|p2a: Runerigus|Runerigus, F, shiny|50\/100\n|turn|31\n|\n|t:|1699802167\n|move|p1a: Gliscor|Knock Off|p2a: Runerigus\n|-supereffective|p2a: Runerigus\n|-damage|p2a: Runerigus|19\/100\n|-activate|p2a: Runerigus|ability: Wandering Spirit|Poison Heal|Wandering Spirit|[of] p1a: Gliscor\n|-enditem|p2a: Runerigus|Leftovers|[from] move: Knock Off|[of] p1a: Gliscor\n|move|p2a: Runerigus|Hex|p1a: Gliscor\n|-damage|p1a: Gliscor|41\/100 tox\n|\n|-damage|p1a: Gliscor|29\/100 tox|[from] psn\n|upkeep\n|turn|32\n|\n|t:|1699802179\n|move|p2a: Runerigus|Protect|p2a: Runerigus\n|-singleturn|p2a: Runerigus|Protect\n|move|p1a: Gliscor|Knock Off|p2a: Runerigus\n|-activate|p2a: Runerigus|move: Protect\n|\n|-damage|p1a: Gliscor|10\/100 tox|[from] psn\n|upkeep\n|turn|33\n|\n|t:|1699802187\n|move|p1a: Gliscor|Knock Off|p2a: Runerigus\n|-supereffective|p2a: Runerigus\n|-damage|p2a: Runerigus|1\/100\n|move|p2a: Runerigus|Hex|p1a: Gliscor\n|-damage|p1a: Gliscor|0 fnt\n|faint|p1a: Gliscor\n|\n|upkeep\n|\n|t:|1699802195\n|switch|p1a: Scizor|Scizor-Mega, M|57\/100\n|turn|34\n|\n|t:|1699802210\n|move|p2a: Runerigus|Protect|p2a: Runerigus\n|-singleturn|p2a: Runerigus|Protect\n|move|p1a: Scizor|Swords Dance|p1a: Scizor\n|-boost|p1a: Scizor|atk|2\n|\n|upkeep\n|turn|35\n|\n|t:|1699802222\n|move|p1a: Scizor|Bullet Punch|p2a: Runerigus\n|-damage|p2a: Runerigus|0 fnt\n|faint|p2a: Runerigus\n|\n|win|pultedheist\n|raw|pultedheist's rating: 1176 &rarr; <strong>1205<\/strong><br \/>(+29 for winning)\n|raw|realested's rating: 1226 &rarr; <strong>1197<\/strong><br \/>(-29 for losing)\n|l|\u2606realested\n|l| Repeater211\n","uploadtime":1699802233,"views":9,"p1id":"pultedheist","p2id":"realested","formatid":"gen9nationaldex","rating":1197,"private":0,"password":""}