{"id":"gen9nationaldex-2000001190","p1":"Harri G","p2":"Lola-1995","format":"[Gen 9] National Dex","log":"|html|<div class=\"broadcast-blue\"><strong>[Gen 9] National Dex is currently suspecting Sneasler! For information on how to participate check out the <a href=\"https:\/\/www.smogon.com\/forums\/threads\/sv-national-dex-suspect-8-just-dance.3731534\/\">suspect thread<\/a>.<\/strong><\/div>\n|j|\u2606Harri G\n|j|\u2606Lola-1995\n|t:|1701139681\n|gametype|singles\n|player|p1|Harri G|hilbert-wonderlauncher|1420\n|player|p2|Lola-1995|dawn|1342\n|teamsize|p1|6\n|teamsize|p2|6\n|gen|9\n|tier|[Gen 9] National Dex\n|rated|\n|rule|HP Percentage Mod: HP is shown in percentages\n|rule|Endless Battle Clause: Forcing endless battles is banned\n|rule|OHKO Clause: OHKO moves are banned\n|rule|Evasion Clause: Evasion abilities, items, and moves are banned\n|rule|Evasion Abilities Clause: Evasion abilities are banned\n|rule|Evasion Items Clause: Evasion items are banned\n|rule|Evasion Moves Clause: Evasion moves are banned\n|rule|Species Clause: Limit one of each Pok\u00e9mon\n|rule|Sleep Clause Mod: Limit one foe put to sleep\n|clearpoke\n|poke|p1|Swampert, M|\n|poke|p1|Pelipper, M|\n|poke|p1|Ferrothorn, M|\n|poke|p1|Glimmora, F|\n|poke|p1|Rillaboom, M|\n|poke|p1|Zapdos|\n|poke|p2|Swellow, M|\n|poke|p2|Garganacl, M|\n|poke|p2|Glimmora, M|\n|poke|p2|Scizor, M|\n|poke|p2|Iron Treads|\n|poke|p2|Urshifu-*, M|\n|teampreview\n|inactive|Battle timer is ON: inactive players will automatically lose when time's up. (requested by Harri G)\n|\n|t:|1701139711\n|start\n|switch|p1a: Zapdos|Zapdos|100\/100\n|switch|p2a: Swellow|Swellow, M|100\/100\n|turn|1\n|\n|t:|1701139720\n|-terastallize|p2a: Swellow|Normal\n|move|p2a: Swellow|Boomburst|p1a: Zapdos\n|-damage|p1a: Zapdos|0 fnt\n|faint|p1a: Zapdos\n|\n|upkeep\n|\n|t:|1701139733\n|switch|p1a: Ferrothorn|Ferrothorn, M|100\/100\n|turn|2\n|\n|t:|1701139737\n|switch|p2a: Glimmora|Glimmora, M|100\/100\n|move|p1a: Ferrothorn|Protect||[still]\n|-fail|p1a: Ferrothorn\n|\n|upkeep\n|turn|3\n|\n|t:|1701139744\n|move|p2a: Glimmora|Spikes|p1a: Ferrothorn\n|-sidestart|p1: Harri G|Spikes\n|move|p1a: Ferrothorn|Leech Seed|p2a: Glimmora\n|-start|p2a: Glimmora|move: Leech Seed\n|\n|-damage|p2a: Glimmora|88\/100|[from] Leech Seed|[of] p1a: Ferrothorn\n|upkeep\n|turn|4\n|\n|t:|1701139749\n|move|p2a: Glimmora|Spikes|p1a: Ferrothorn\n|-sidestart|p1: Harri G|Spikes\n|move|p1a: Ferrothorn|Spikes|p2a: Glimmora\n|-sidestart|p2: Lola-1995|Spikes\n|\n|-damage|p2a: Glimmora|76\/100|[from] Leech Seed|[of] p1a: Ferrothorn\n|upkeep\n|turn|5\n|\n|t:|1701139752\n|move|p2a: Glimmora|Spikes|p1a: Ferrothorn\n|-sidestart|p1: Harri G|Spikes\n|move|p1a: Ferrothorn|Spikes|p2a: Glimmora\n|-sidestart|p2: Lola-1995|Spikes\n|\n|-damage|p2a: Glimmora|63\/100|[from] Leech Seed|[of] p1a: Ferrothorn\n|upkeep\n|turn|6\n|\n|t:|1701139756\n|move|p2a: Glimmora|Mortal Spin|p1a: Ferrothorn\n|-immune|p1a: Ferrothorn\n|move|p1a: Ferrothorn|Thunder Wave|p2a: Glimmora|[miss]\n|-miss|p1a: Ferrothorn|p2a: Glimmora\n|\n|-damage|p2a: Glimmora|51\/100|[from] Leech Seed|[of] p1a: Ferrothorn\n|upkeep\n|turn|7\n|\n|t:|1701139763\n|move|p2a: Glimmora|Earth Power|p1a: Ferrothorn\n|-crit|p1a: Ferrothorn\n|-damage|p1a: Ferrothorn|66\/100\n|move|p1a: Ferrothorn|Thunder Wave|p2a: Glimmora|[miss]\n|-miss|p1a: Ferrothorn|p2a: Glimmora\n|\n|-heal|p1a: Ferrothorn|73\/100|[from] item: Leftovers\n|-damage|p2a: Glimmora|39\/100|[from] Leech Seed|[of] p1a: Ferrothorn\n|-heal|p1a: Ferrothorn|83\/100|[silent]\n|upkeep\n|turn|8\n|\n|t:|1701139767\n|move|p2a: Glimmora|Earth Power|p1a: Ferrothorn\n|-damage|p1a: Ferrothorn|60\/100\n|move|p1a: Ferrothorn|Thunder Wave|p2a: Glimmora\n|-status|p2a: Glimmora|par\n|\n|-heal|p1a: Ferrothorn|66\/100|[from] item: Leftovers\n|-damage|p2a: Glimmora|26\/100 par|[from] Leech Seed|[of] p1a: Ferrothorn\n|-heal|p1a: Ferrothorn|77\/100|[silent]\n|upkeep\n|turn|9\n|\n|t:|1701139773\n|move|p2a: Glimmora|Earth Power|p1a: Ferrothorn\n|-damage|p1a: Ferrothorn|55\/100\n|-unboost|p1a: Ferrothorn|spd|1\n|move|p1a: Ferrothorn|Spikes|p2a: Glimmora\n|-sidestart|p2: Lola-1995|Spikes\n|\n|-heal|p1a: Ferrothorn|61\/100|[from] item: Leftovers\n|-damage|p2a: Glimmora|14\/100 par|[from] Leech Seed|[of] p1a: Ferrothorn\n|-heal|p1a: Ferrothorn|72\/100|[silent]\n|upkeep\n|turn|10\n|\n|t:|1701139779\n|move|p1a: Ferrothorn|Protect|p1a: Ferrothorn\n|-singleturn|p1a: Ferrothorn|Protect\n|move|p2a: Glimmora|Earth Power|p1a: Ferrothorn\n|-activate|p1a: Ferrothorn|move: Protect\n|\n|-heal|p1a: Ferrothorn|78\/100|[from] item: Leftovers\n|-damage|p2a: Glimmora|1\/100 par|[from] Leech Seed|[of] p1a: Ferrothorn\n|-heal|p1a: Ferrothorn|89\/100|[silent]\n|upkeep\n|turn|11\n|\n|t:|1701139785\n|switch|p1a: Pelipper|Pelipper, M|100\/100\n|-weather|RainDance|[from] ability: Drizzle|[of] p1a: Pelipper\n|cant|p2a: Glimmora|par\n|\n|-weather|RainDance|[upkeep]\n|-damage|p2a: Glimmora|0 fnt|[from] Leech Seed|[of] p1a: Pelipper\n|faint|p2a: Glimmora\n|upkeep\n|\n|t:|1701139793\n|switch|p2a: Swellow|Swellow, M, tera:Normal|100\/100\n|-damage|p2a: Swellow|76\/100|[from] Spikes\n|turn|12\n|\n|t:|1701139800\n|switch|p1a: Ferrothorn|Ferrothorn, M|89\/100\n|-damage|p1a: Ferrothorn|64\/100|[from] Spikes\n|move|p2a: Swellow|Boomburst|p1a: Ferrothorn\n|-resisted|p1a: Ferrothorn\n|-damage|p1a: Ferrothorn|31\/100\n|\n|-weather|RainDance|[upkeep]\n|-heal|p1a: Ferrothorn|38\/100|[from] item: Leftovers\n|upkeep\n|turn|13\n|\n|t:|1701139812\n|move|p1a: Ferrothorn|Protect|p1a: Ferrothorn\n|-singleturn|p1a: Ferrothorn|Protect\n|move|p2a: Swellow|Boomburst|p1a: Ferrothorn\n|-activate|p1a: Ferrothorn|move: Protect\n|\n|-weather|RainDance|[upkeep]\n|-heal|p1a: Ferrothorn|44\/100|[from] item: Leftovers\n|upkeep\n|turn|14\n|\n|t:|1701139828\n|switch|p2a: Iron Treads|Iron Treads|100\/100\n|move|p1a: Ferrothorn|Leech Seed|p2a: Iron Treads\n|-start|p2a: Iron Treads|move: Leech Seed\n|\n|-weather|RainDance|[upkeep]\n|-heal|p1a: Ferrothorn|50\/100|[from] item: Leftovers\n|-damage|p2a: Iron Treads|88\/100|[from] Leech Seed|[of] p1a: Ferrothorn\n|-heal|p1a: Ferrothorn|64\/100|[silent]\n|upkeep\n|turn|15\n|\n|t:|1701139834\n|move|p1a: Ferrothorn|Protect|p1a: Ferrothorn\n|-singleturn|p1a: Ferrothorn|Protect\n|move|p2a: Iron Treads|Stealth Rock|p1a: Ferrothorn\n|-sidestart|p1: Harri G|move: Stealth Rock\n|\n|-weather|RainDance|[upkeep]\n|-heal|p1a: Ferrothorn|70\/100|[from] item: Leftovers\n|-damage|p2a: Iron Treads|75\/100|[from] Leech Seed|[of] p1a: Ferrothorn\n|-heal|p1a: Ferrothorn|84\/100|[silent]\n|upkeep\n|turn|16\n|\n|t:|1701139849\n|switch|p1a: Swampert|Swampert, M|100\/100\n|-damage|p1a: Swampert|76\/100|[from] Spikes\n|-damage|p1a: Swampert|69\/100|[from] Stealth Rock\n|move|p2a: Iron Treads|Rapid Spin|p1a: Swampert\n|-damage|p1a: Swampert|57\/100\n|-boost|p2a: Iron Treads|spe|1\n|-end|p2a: Iron Treads|Leech Seed|[from] move: Rapid Spin|[of] p2a: Iron Treads\n|-sideend|p2: Lola-1995|Spikes|[from] move: Rapid Spin|[of] p2a: Iron Treads\n|\n|-weather|RainDance|[upkeep]\n|upkeep\n|turn|17\n|inactive|Lola-1995 has 120 seconds left.\n|\n|t:|1701139880\n|detailschange|p1a: Swampert|Swampert-Mega, M\n|-mega|p1a: Swampert|Swampert|Swampertite\n|move|p2a: Iron Treads|Earthquake|p1a: Swampert\n|-damage|p1a: Swampert|25\/100\n|move|p1a: Swampert|Waterfall|p2a: Iron Treads\n|-supereffective|p2a: Iron Treads\n|-damage|p2a: Iron Treads|0 fnt\n|faint|p2a: Iron Treads\n|-end|p2a: Iron Treads|Quark Drive|[silent]\n|\n|-weather|RainDance|[upkeep]\n|upkeep\n|inactive|Lola-1995 has 120 seconds left.\n|\n|t:|1701139895\n|switch|p2a: Urshifu|Urshifu-Rapid-Strike, M|100\/100\n|turn|18\n|\n|t:|1701139904\n|move|p1a: Swampert|Flip Turn|p2a: Urshifu\n|-resisted|p2a: Urshifu\n|-damage|p2a: Urshifu|70\/100\n|\n|t:|1701139908\n|switch|p1a: Rillaboom|Rillaboom, M|100\/100|[from] Flip Turn\n|-damage|p1a: Rillaboom|75\/100|[from] Spikes\n|-damage|p1a: Rillaboom|63\/100|[from] Stealth Rock\n|-fieldstart|move: Grassy Terrain|[from] ability: Grassy Surge|[of] p1a: Rillaboom\n|move|p2a: Urshifu|Surging Strikes|p1a: Rillaboom\n|-resisted|p1a: Rillaboom\n|-crit|p1a: Rillaboom\n|-damage|p1a: Rillaboom|48\/100\n|-resisted|p1a: Rillaboom\n|-crit|p1a: Rillaboom\n|-damage|p1a: Rillaboom|35\/100\n|-resisted|p1a: Rillaboom\n|-crit|p1a: Rillaboom\n|-damage|p1a: Rillaboom|20\/100\n|-hitcount|p1a: Rillaboom|3\n|\n|-weather|none\n|-heal|p2a: Urshifu|76\/100|[from] Grassy Terrain\n|-heal|p1a: Rillaboom|26\/100|[from] Grassy Terrain\n|upkeep\n|turn|19\n|\n|t:|1701139926\n|switch|p2a: Scizor|Scizor, M|100\/100\n|move|p1a: Rillaboom|Grassy Glide|p2a: Scizor\n|-resisted|p2a: Scizor\n|-damage|p2a: Scizor|91\/100\n|\n|-heal|p1a: Rillaboom|32\/100|[from] Grassy Terrain\n|-heal|p2a: Scizor|97\/100|[from] Grassy Terrain\n|upkeep\n|turn|20\n|inactive|Lola-1995 has 120 seconds left.\n|\n|t:|1701139942\n|detailschange|p2a: Scizor|Scizor-Mega, M\n|-mega|p2a: Scizor|Scizor|Scizorite\n|move|p2a: Scizor|Bullet Punch|p1a: Rillaboom\n|-crit|p1a: Rillaboom\n|-damage|p1a: Rillaboom|0 fnt\n|faint|p1a: Rillaboom\n|\n|-heal|p2a: Scizor|100\/100|[from] Grassy Terrain\n|upkeep\n|\n|t:|1701139952\n|switch|p1a: Ferrothorn|Ferrothorn, M|84\/100\n|-damage|p1a: Ferrothorn|59\/100|[from] Spikes\n|-damage|p1a: Ferrothorn|52\/100|[from] Stealth Rock\n|turn|21\n|\n|t:|1701139957\n|move|p1a: Ferrothorn|Protect|p1a: Ferrothorn\n|-singleturn|p1a: Ferrothorn|Protect\n|move|p2a: Scizor|Close Combat|p1a: Ferrothorn\n|-activate|p1a: Ferrothorn|move: Protect\n|\n|-heal|p1a: Ferrothorn|59\/100|[from] Grassy Terrain\n|-heal|p1a: Ferrothorn|65\/100|[from] item: Leftovers\n|upkeep\n|turn|22\n|\n|t:|1701139966\n|switch|p2a: Swellow|Swellow, M, tera:Normal|76\/100\n|-terastallize|p1a: Ferrothorn|Water\n|move|p1a: Ferrothorn|Leech Seed|p2a: Swellow\n|-start|p2a: Swellow|move: Leech Seed\n|\n|-heal|p2a: Swellow|82\/100|[from] Grassy Terrain\n|-heal|p1a: Ferrothorn|71\/100|[from] Grassy Terrain\n|-heal|p1a: Ferrothorn|77\/100|[from] item: Leftovers\n|-damage|p2a: Swellow|69\/100|[from] Leech Seed|[of] p1a: Ferrothorn\n|-heal|p1a: Ferrothorn|87\/100|[silent]\n|-fieldend|move: Grassy Terrain\n|upkeep\n|turn|23\n|\n|t:|1701139980\n|switch|p2a: Garganacl|Garganacl, M|100\/100\n|move|p1a: Ferrothorn|Thunder Wave|p2a: Garganacl\n|-immune|p2a: Garganacl|[from] ability: Purifying Salt\n|\n|-heal|p1a: Ferrothorn|93\/100|[from] item: Leftovers\n|upkeep\n|turn|24\n|\n|t:|1701139990\n|move|p2a: Garganacl|Iron Defense|p2a: Garganacl\n|-boost|p2a: Garganacl|def|2\n|move|p1a: Ferrothorn|Leech Seed|p2a: Garganacl\n|-start|p2a: Garganacl|move: Leech Seed\n|\n|-heal|p1a: Ferrothorn|99\/100|[from] item: Leftovers\n|-damage|p2a: Garganacl|88\/100|[from] Leech Seed|[of] p1a: Ferrothorn\n|-heal|p1a: Ferrothorn|100\/100|[silent]\n|upkeep\n|turn|25\n|\n|t:|1701139996\n|move|p2a: Garganacl|Iron Defense|p2a: Garganacl\n|-boost|p2a: Garganacl|def|2\n|move|p1a: Ferrothorn|Spikes|p2a: Garganacl\n|-sidestart|p2: Lola-1995|Spikes\n|\n|-heal|p2a: Garganacl|94\/100|[from] item: Leftovers\n|-damage|p2a: Garganacl|82\/100|[from] Leech Seed|[of] p1a: Ferrothorn\n|upkeep\n|turn|26\n|\n|t:|1701139999\n|move|p2a: Garganacl|Iron Defense|p2a: Garganacl\n|-boost|p2a: Garganacl|def|2\n|move|p1a: Ferrothorn|Spikes|p2a: Garganacl\n|-sidestart|p2: Lola-1995|Spikes\n|\n|-heal|p2a: Garganacl|88\/100|[from] item: Leftovers\n|-damage|p2a: Garganacl|76\/100|[from] Leech Seed|[of] p1a: Ferrothorn\n|upkeep\n|turn|27\n|\n|t:|1701140007\n|move|p2a: Garganacl|Salt Cure|p1a: Ferrothorn\n|-damage|p1a: Ferrothorn|90\/100\n|-start|p1a: Ferrothorn|Salt Cure\n|move|p1a: Ferrothorn|Spikes|p2a: Garganacl\n|-sidestart|p2: Lola-1995|Spikes\n|\n|-heal|p2a: Garganacl|82\/100|[from] item: Leftovers\n|-heal|p1a: Ferrothorn|96\/100|[from] item: Leftovers\n|-damage|p2a: Garganacl|70\/100|[from] Leech Seed|[of] p1a: Ferrothorn\n|-heal|p1a: Ferrothorn|100\/100|[silent]\n|-damage|p1a: Ferrothorn|75\/100|[from] Salt Cure\n|upkeep\n|turn|28\n|\n|t:|1701140021\n|switch|p1a: Pelipper|Pelipper, M|100\/100\n|-damage|p1a: Pelipper|75\/100|[from] Stealth Rock\n|-weather|RainDance|[from] ability: Drizzle|[of] p1a: Pelipper\n|move|p2a: Garganacl|Body Press|p1a: Pelipper\n|-resisted|p1a: Pelipper\n|-damage|p1a: Pelipper|29\/100\n|\n|-weather|RainDance|[upkeep]\n|-heal|p2a: Garganacl|76\/100|[from] item: Leftovers\n|-damage|p2a: Garganacl|63\/100|[from] Leech Seed|[of] p1a: Pelipper\n|-heal|p1a: Pelipper|44\/100|[silent]\n|upkeep\n|turn|29\n|\n|t:|1701140036\n|move|p1a: Pelipper|Scald|p2a: Garganacl\n|-supereffective|p2a: Garganacl\n|-damage|p2a: Garganacl|0 fnt\n|faint|p2a: Garganacl\n|\n|-weather|RainDance|[upkeep]\n|upkeep\n|\n|t:|1701140042\n|switch|p2a: Swellow|Swellow, M, tera:Normal|69\/100\n|-damage|p2a: Swellow|45\/100|[from] Spikes\n|turn|30\n|\n|t:|1701140048\n|move|p2a: Swellow|Boomburst|p1a: Pelipper\n|-damage|p1a: Pelipper|0 fnt\n|faint|p1a: Pelipper\n|\n|-weather|RainDance|[upkeep]\n|upkeep\n|\n|t:|1701140050\n|switch|p1a: Glimmora|Glimmora, F, shiny|100\/100\n|-damage|p1a: Glimmora|76\/100|[from] Spikes\n|-damage|p1a: Glimmora|63\/100|[from] Stealth Rock\n|turn|31\n|\n|t:|1701140056\n|move|p1a: Glimmora|Mortal Spin|p2a: Swellow\n|-damage|p2a: Swellow|32\/100\n|-status|p2a: Swellow|psn\n|-sideend|p1: Harri G|Spikes|[from] move: Mortal Spin|[of] p1a: Glimmora\n|-sideend|p1: Harri G|Stealth Rock|[from] move: Mortal Spin|[of] p1a: Glimmora\n|move|p2a: Swellow|Boomburst|p1a: Glimmora\n|-resisted|p1a: Glimmora\n|-damage|p1a: Glimmora|0 fnt\n|faint|p1a: Glimmora\n|\n|-weather|RainDance|[upkeep]\n|-damage|p2a: Swellow|19\/100 psn|[from] psn\n|upkeep\n|\n|t:|1701140062\n|switch|p1a: Swampert|Swampert-Mega, M|25\/100\n|turn|32\n|\n|t:|1701140065\n|move|p1a: Swampert|Waterfall|p2a: Swellow\n|-damage|p2a: Swellow|0 fnt\n|faint|p2a: Swellow\n|\n|-weather|RainDance|[upkeep]\n|upkeep\n|\n|t:|1701140068\n|switch|p2a: Urshifu|Urshifu-Rapid-Strike, M|76\/100\n|-damage|p2a: Urshifu|51\/100|[from] Spikes\n|turn|33\n|\n|t:|1701140071\n|move|p1a: Swampert|Earthquake|p2a: Urshifu\n|-damage|p2a: Urshifu|0 fnt\n|faint|p2a: Urshifu\n|\n|-weather|RainDance|[upkeep]\n|upkeep\n|\n|t:|1701140075\n|switch|p2a: Scizor|Scizor-Mega, M|100\/100\n|-damage|p2a: Scizor|75\/100|[from] Spikes\n|turn|34\n|\n|t:|1701140080\n|move|p1a: Swampert|Earthquake|p2a: Scizor\n|-damage|p2a: Scizor|29\/100\n|move|p2a: Scizor|Roost|p2a: Scizor\n|-heal|p2a: Scizor|79\/100\n|-singleturn|p2a: Scizor|move: Roost\n|\n|-weather|RainDance|[upkeep]\n|upkeep\n|turn|35\n|\n|t:|1701140085\n|move|p1a: Swampert|Flip Turn|p2a: Scizor\n|-damage|p2a: Scizor|40\/100\n|\n|t:|1701140092\n|switch|p1a: Ferrothorn|Ferrothorn, M, tera:Water|75\/100|[from] Flip Turn\n|move|p2a: Scizor|Roost|p2a: Scizor\n|-heal|p2a: Scizor|90\/100\n|-singleturn|p2a: Scizor|move: Roost\n|\n|-weather|none\n|-heal|p1a: Ferrothorn|82\/100|[from] item: Leftovers\n|upkeep\n|turn|36\n|\n|t:|1701140100\n|move|p2a: Scizor|Swords Dance|p2a: Scizor\n|-boost|p2a: Scizor|atk|2\n|move|p1a: Ferrothorn|Leech Seed|p2a: Scizor\n|-start|p2a: Scizor|move: Leech Seed\n|\n|-heal|p1a: Ferrothorn|88\/100|[from] item: Leftovers\n|-damage|p2a: Scizor|78\/100|[from] Leech Seed|[of] p1a: Ferrothorn\n|-heal|p1a: Ferrothorn|99\/100|[silent]\n|upkeep\n|turn|37\n|\n|t:|1701140104\n|move|p2a: Scizor|Swords Dance|p2a: Scizor\n|-boost|p2a: Scizor|atk|2\n|move|p1a: Ferrothorn|Thunder Wave|p2a: Scizor\n|-status|p2a: Scizor|par\n|\n|-heal|p1a: Ferrothorn|100\/100|[from] item: Leftovers\n|-damage|p2a: Scizor|65\/100 par|[from] Leech Seed|[of] p1a: Ferrothorn\n|upkeep\n|turn|38\n|\n|t:|1701140111\n|move|p1a: Ferrothorn|Protect|p1a: Ferrothorn\n|-singleturn|p1a: Ferrothorn|Protect\n|move|p2a: Scizor|Roost|p2a: Scizor\n|-heal|p2a: Scizor|100\/100 par\n|-singleturn|p2a: Scizor|move: Roost\n|\n|-damage|p2a: Scizor|88\/100 par|[from] Leech Seed|[of] p1a: Ferrothorn\n|upkeep\n|turn|39\n|\n|t:|1701140118\n|switch|p1a: Swampert|Swampert-Mega, M|25\/100\n|move|p2a: Scizor|Close Combat|p1a: Swampert\n|-damage|p1a: Swampert|0 fnt\n|-unboost|p2a: Scizor|def|1\n|-unboost|p2a: Scizor|spd|1\n|faint|p1a: Swampert\n|\n|upkeep\n|\n|t:|1701140123\n|switch|p1a: Ferrothorn|Ferrothorn, M, tera:Water|100\/100\n|turn|40\n|\n|t:|1701140134\n|move|p2a: Scizor|Swords Dance|p2a: Scizor\n|-boost|p2a: Scizor|atk|2\n|move|p1a: Ferrothorn|Thunder Wave|p2a: Scizor\n|-fail|p2a: Scizor|par\n|\n|-damage|p2a: Scizor|75\/100 par|[from] Leech Seed|[of] p1a: Ferrothorn\n|upkeep\n|turn|41\n|\n|t:|1701140138\n|move|p1a: Ferrothorn|Protect|p1a: Ferrothorn\n|-singleturn|p1a: Ferrothorn|Protect\n|move|p2a: Scizor|Roost|p2a: Scizor\n|-heal|p2a: Scizor|100\/100 par\n|-singleturn|p2a: Scizor|move: Roost\n|\n|-damage|p2a: Scizor|88\/100 par|[from] Leech Seed|[of] p1a: Ferrothorn\n|upkeep\n|turn|42\n|\n|t:|1701140143\n|move|p2a: Scizor|Close Combat|p1a: Ferrothorn\n|-damage|p1a: Ferrothorn|0 fnt\n|-unboost|p2a: Scizor|def|1\n|-unboost|p2a: Scizor|spd|1\n|-damage|p2a: Scizor|75\/100 par|[from] ability: Iron Barbs|[of] p1a: Ferrothorn\n|faint|p1a: Ferrothorn\n|\n|win|Lola-1995\n|raw|Harri G's rating: 1420 &rarr; <strong>1396<\/strong><br \/>(-24 for losing)\n|raw|Lola-1995's rating: 1342 &rarr; <strong>1366<\/strong><br \/>(+24 for winning)\n|l|\u2606Harri G\n","uploadtime":1701140159,"views":1,"p1id":"harrig","p2id":"lola1995","formatid":"gen9nationaldex","rating":1366,"private":0,"password":""}