{"id":"gen9nationaldex-1987053583","p1":"thermo trento","p2":"RandoTestAccount","format":"[Gen 9] National Dex","log":"|j|\u2606thermo trento\n|j|\u2606RandoTestAccount\n|t:|1699552283\n|gametype|singles\n|player|p1|thermo trento|morty|1300\n|player|p2|RandoTestAccount|pokemonrangerf|1330\n|teamsize|p1|6\n|teamsize|p2|6\n|gen|9\n|tier|[Gen 9] National Dex\n|rated|\n|rule|HP Percentage Mod: HP is shown in percentages\n|rule|Endless Battle Clause: Forcing endless battles is banned\n|rule|OHKO Clause: OHKO moves are banned\n|rule|Evasion Clause: Evasion abilities, items, and moves are banned\n|rule|Evasion Abilities Clause: Evasion abilities are banned\n|rule|Evasion Items Clause: Evasion items are banned\n|rule|Evasion Moves Clause: Evasion moves are banned\n|rule|Species Clause: Limit one of each Pok\u00e9mon\n|rule|Sleep Clause Mod: Limit one foe put to sleep\n|clearpoke\n|poke|p1|Sceptile, M|\n|poke|p1|Jolteon, M|\n|poke|p1|Registeel|\n|poke|p1|Espeon, F|\n|poke|p1|Arcanine-Hisui, M|\n|poke|p1|Kleavor, M|\n|poke|p2|Umbreon, F|\n|poke|p2|Excadrill, F|\n|poke|p2|Corviknight, F|\n|poke|p2|Tapu Fini|\n|poke|p2|Sableye, F|\n|poke|p2|Dragalge, F|\n|teampreview\n|inactive|Battle timer is ON: inactive players will automatically lose when time's up. (requested by RandoTestAccount)\n|\n|t:|1699552300\n|start\n|switch|p1a: Espeon|Espeon, F|100\/100\n|switch|p2a: Spectre of Emerald|Sableye, F, shiny|100\/100\n|turn|1\n|\n|t:|1699552327\n|switch|p1a: Kleavor|Kleavor, M|100\/100\n|move|p2a: Spectre of Emerald|Calm Mind|p2a: Spectre of Emerald\n|-boost|p2a: Spectre of Emerald|spa|1\n|-boost|p2a: Spectre of Emerald|spd|1\n|\n|upkeep\n|turn|2\n|\n|t:|1699552332\n|move|p2a: Spectre of Emerald|Will-O-Wisp|p1a: Kleavor\n|-status|p1a: Kleavor|brn\n|move|p1a: Kleavor|Stone Axe|p2a: Spectre of Emerald\n|-damage|p2a: Spectre of Emerald|77\/100\n|-sidestart|p2: RandoTestAccount|move: Stealth Rock\n|\n|-damage|p1a: Kleavor|94\/100 brn|[from] brn\n|upkeep\n|turn|3\n|\n|t:|1699552351\n|switch|p1a: Registeel|Registeel|100\/100\n|detailschange|p2a: Spectre of Emerald|Sableye-Mega, F, shiny\n|-mega|p2a: Spectre of Emerald|Sableye|Sablenite\n|move|p2a: Spectre of Emerald|Calm Mind|p2a: Spectre of Emerald\n|-boost|p2a: Spectre of Emerald|spa|1\n|-boost|p2a: Spectre of Emerald|spd|1\n|\n|upkeep\n|turn|4\n|inactive|thermo trento has 120 seconds left.\n|\n|t:|1699552386\n|move|p1a: Registeel|Protect|p1a: Registeel\n|-singleturn|p1a: Registeel|Protect\n|move|p2a: Spectre of Emerald|Will-O-Wisp|p1a: Registeel\n|-activate|p1a: Registeel|move: Protect\n|\n|upkeep\n|turn|5\n|inactive|thermo trento has 120 seconds left.\n|\n|t:|1699552415\n|switch|p1a: Espeon|Espeon, F|100\/100\n|move|p2a: Spectre of Emerald|Calm Mind|p2a: Spectre of Emerald\n|-boost|p2a: Spectre of Emerald|spa|1\n|-boost|p2a: Spectre of Emerald|spd|1\n|\n|upkeep\n|turn|6\n|\n|t:|1699552422\n|move|p1a: Espeon|Sunny Day|p1a: Espeon\n|-weather|SunnyDay\n|move|p2a: Spectre of Emerald|Calm Mind|p2a: Spectre of Emerald\n|-boost|p2a: Spectre of Emerald|spa|1\n|-boost|p2a: Spectre of Emerald|spd|1\n|\n|-weather|SunnyDay|[upkeep]\n|upkeep\n|turn|7\n|\n|t:|1699552429\n|move|p1a: Espeon|Weather Ball|p2a: Spectre of Emerald\n|-damage|p2a: Spectre of Emerald|60\/100\n|move|p2a: Spectre of Emerald|Recover|p2a: Spectre of Emerald\n|-heal|p2a: Spectre of Emerald|100\/100\n|\n|-weather|SunnyDay|[upkeep]\n|upkeep\n|turn|8\n|inactive|thermo trento has 90 seconds left.\n|\n|t:|1699552482\n|move|p1a: Espeon|Weather Ball|p2a: Spectre of Emerald\n|-damage|p2a: Spectre of Emerald|84\/100\n|move|p2a: Spectre of Emerald|Calm Mind|p2a: Spectre of Emerald\n|-boost|p2a: Spectre of Emerald|spa|1\n|-boost|p2a: Spectre of Emerald|spd|1\n|\n|-weather|SunnyDay|[upkeep]\n|upkeep\n|turn|9\n|\n|t:|1699552493\n|move|p1a: Espeon|Weather Ball|p2a: Spectre of Emerald\n|-damage|p2a: Spectre of Emerald|69\/100\n|move|p2a: Spectre of Emerald|Calm Mind|p2a: Spectre of Emerald\n|-boost|p2a: Spectre of Emerald|spa|1\n|-boost|p2a: Spectre of Emerald|spd|1\n|\n|-weather|SunnyDay|[upkeep]\n|upkeep\n|turn|10\n|\n|t:|1699552500\n|move|p1a: Espeon|Weather Ball|p2a: Spectre of Emerald\n|-damage|p2a: Spectre of Emerald|55\/100\n|move|p2a: Spectre of Emerald|Recover|p2a: Spectre of Emerald\n|-heal|p2a: Spectre of Emerald|100\/100\n|\n|-weather|SunnyDay|[upkeep]\n|upkeep\n|turn|11\n|\n|t:|1699552506\n|move|p1a: Espeon|Weather Ball|p2a: Spectre of Emerald\n|-damage|p2a: Spectre of Emerald|87\/100\n|move|p2a: Spectre of Emerald|Calm Mind|p2a: Spectre of Emerald\n|-boost|p2a: Spectre of Emerald|spa|0\n|-boost|p2a: Spectre of Emerald|spd|0\n|\n|-weather|SunnyDay|[upkeep]\n|upkeep\n|turn|12\n|inactive|thermo trento has 90 seconds left.\n|\n|t:|1699552516\n|move|p1a: Espeon|Weather Ball|p2a: Spectre of Emerald\n|-damage|p2a: Spectre of Emerald|74\/100\n|move|p2a: Spectre of Emerald|Recover|p2a: Spectre of Emerald\n|-heal|p2a: Spectre of Emerald|100\/100\n|\n|-weather|SunnyDay|[upkeep]\n|upkeep\n|turn|13\n|\n|t:|1699552522\n|move|p1a: Espeon|Weather Ball|p2a: Spectre of Emerald\n|-damage|p2a: Spectre of Emerald|86\/100\n|move|p2a: Spectre of Emerald|Dark Pulse|p1a: Espeon\n|-supereffective|p1a: Espeon\n|-damage|p1a: Espeon|0 fnt\n|faint|p1a: Espeon\n|\n|-weather|none\n|upkeep\n|inactive|thermo trento has 90 seconds left.\n|\n|t:|1699552559\n|switch|p1a: Kleavor|Kleavor, M|94\/100 brn\n|turn|14\n|inactive|thermo trento has 60 seconds left.\n|\n|t:|1699552589\n|move|p1a: Kleavor|Stone Axe|p2a: Spectre of Emerald\n|-damage|p2a: Spectre of Emerald|67\/100\n|move|p2a: Spectre of Emerald|Recover|p2a: Spectre of Emerald\n|-heal|p2a: Spectre of Emerald|100\/100\n|\n|-damage|p1a: Kleavor|88\/100 brn|[from] brn\n|upkeep\n|turn|15\n|\n|t:|1699552596\n|move|p1a: Kleavor|Stone Axe|p2a: Spectre of Emerald\n|-damage|p2a: Spectre of Emerald|83\/100\n|move|p2a: Spectre of Emerald|Dark Pulse|p1a: Kleavor\n|-damage|p1a: Kleavor|0 fnt\n|faint|p1a: Kleavor\n|\n|upkeep\n|\n|t:|1699552613\n|switch|p1a: Arcanine|Arcanine-Hisui, M|100\/100\n|turn|16\n|\n|t:|1699552622\n|move|p1a: Arcanine|Head Smash|p2a: Spectre of Emerald|[miss]\n|-miss|p1a: Arcanine|p2a: Spectre of Emerald\n|move|p2a: Spectre of Emerald|Dark Pulse|p1a: Arcanine\n|-enditem|p1a: Arcanine|Focus Sash\n|-damage|p1a: Arcanine|1\/100\n|\n|upkeep\n|turn|17\n|\n|t:|1699552629\n|move|p1a: Arcanine|Head Smash|p2a: Spectre of Emerald\n|-damage|p2a: Spectre of Emerald|30\/100\n|move|p2a: Spectre of Emerald|Dark Pulse|p1a: Arcanine\n|-damage|p1a: Arcanine|0 fnt\n|faint|p1a: Arcanine\n|\n|upkeep\n|inactive|thermo trento has 30 seconds left.\n|\n|t:|1699552663\n|switch|p1a: Jolteon|Jolteon, M|100\/100\n|turn|18\n|\n|t:|1699552669\n|move|p1a: Jolteon|Thunderbolt|p2a: Spectre of Emerald\n|-damage|p2a: Spectre of Emerald|16\/100\n|-damage|p1a: Jolteon|91\/100|[from] item: Life Orb\n|move|p2a: Spectre of Emerald|Recover|p2a: Spectre of Emerald\n|-heal|p2a: Spectre of Emerald|66\/100\n|\n|upkeep\n|turn|19\n|\n|t:|1699552675\n|move|p1a: Jolteon|Thunderbolt|p2a: Spectre of Emerald\n|-damage|p2a: Spectre of Emerald|51\/100\n|-damage|p1a: Jolteon|81\/100|[from] item: Life Orb\n|move|p2a: Spectre of Emerald|Dark Pulse|p1a: Jolteon\n|-damage|p1a: Jolteon|0 fnt\n|faint|p1a: Jolteon\n|\n|upkeep\n|\n|t:|1699552688\n|switch|p1a: Sceptile|Sceptile, M, shiny|100\/100\n|turn|20\n|\n|t:|1699552703\n|detailschange|p1a: Sceptile|Sceptile-Mega, M, shiny\n|-mega|p1a: Sceptile|Sceptile|Sceptilite\n|move|p1a: Sceptile|Dragon Pulse|p2a: Spectre of Emerald\n|-damage|p2a: Spectre of Emerald|39\/100\n|move|p2a: Spectre of Emerald|Recover|p2a: Spectre of Emerald\n|-heal|p2a: Spectre of Emerald|89\/100\n|\n|upkeep\n|turn|21\n|\n|t:|1699552714\n|move|p1a: Sceptile|Dragon Pulse|p2a: Spectre of Emerald\n|-damage|p2a: Spectre of Emerald|77\/100\n|move|p2a: Spectre of Emerald|Dark Pulse|p1a: Sceptile\n|-damage|p1a: Sceptile|0 fnt\n|faint|p1a: Sceptile\n|\n|upkeep\n|\n|t:|1699552721\n|switch|p1a: Registeel|Registeel|100\/100\n|turn|22\n|\n|t:|1699552731\n|move|p1a: Registeel|Explosion|p2a: Spectre of Emerald\n|-immune|p2a: Spectre of Emerald\n|faint|p1a: Registeel\n|\n|win|RandoTestAccount\n|raw|thermo trento's rating: 1300 &rarr; <strong>1278<\/strong><br \/>(-22 for losing)\n|raw|RandoTestAccount's rating: 1348 &rarr; <strong>1365<\/strong><br \/>(+17 for winning)\n","uploadtime":1699552737,"views":4,"p1id":"thermotrento","p2id":"randotestaccount","formatid":"gen9nationaldex","rating":1278,"private":0,"password":""}