{"id":"gen9nationaldex-1991861834","p1":"Dark Umbreon 08","p2":"wyyxhsete","format":"[Gen 9] National Dex","log":"|j|\u2606Dark Umbreon 08\n|j|\u2606wyyxhsete\n|t:|1700130051\n|gametype|singles\n|player|p1|Dark Umbreon 08|lass-gen4dp|1308\n|player|p2|wyyxhsete|dawn-gen4pt|1312\n|teamsize|p1|6\n|teamsize|p2|6\n|gen|9\n|tier|[Gen 9] National Dex\n|rated|\n|rule|HP Percentage Mod: HP is shown in percentages\n|rule|Endless Battle Clause: Forcing endless battles is banned\n|rule|OHKO Clause: OHKO moves are banned\n|rule|Evasion Clause: Evasion abilities, items, and moves are banned\n|rule|Evasion Abilities Clause: Evasion abilities are banned\n|rule|Evasion Items Clause: Evasion items are banned\n|rule|Evasion Moves Clause: Evasion moves are banned\n|rule|Species Clause: Limit one of each Pok\u00e9mon\n|rule|Sleep Clause Mod: Limit one foe put to sleep\n|clearpoke\n|poke|p1|Sableye, M|\n|poke|p1|Clodsire, M|\n|poke|p1|Corviknight, M|\n|poke|p1|Toxapex, F|\n|poke|p1|Garganacl, F|\n|poke|p1|Ferrothorn, M|\n|poke|p2|Banette, F|\n|poke|p2|Sneasler, M|\n|poke|p2|Tapu Lele|\n|poke|p2|Glimmora, M|\n|poke|p2|Sandy Shocks|\n|poke|p2|Rillaboom, F|\n|teampreview\n|inactive|Battle timer is ON: inactive players will automatically lose when time's up. (requested by Dark Umbreon 08)\n|\n|t:|1700130067\n|start\n|switch|p1a: Ferrothorn|Ferrothorn, M|100\/100\n|switch|p2a: Rillaboom|Rillaboom, F|100\/100\n|-fieldstart|move: Grassy Terrain|[from] ability: Grassy Surge|[of] p2a: Rillaboom\n|turn|1\n|\n|t:|1700130071\n|move|p2a: Rillaboom|Superpower|p1a: Ferrothorn\n|-supereffective|p1a: Ferrothorn\n|-damage|p1a: Ferrothorn|35\/100\n|-unboost|p2a: Rillaboom|atk|1\n|-unboost|p2a: Rillaboom|def|1\n|-damage|p2a: Rillaboom|88\/100|[from] ability: Iron Barbs|[of] p1a: Ferrothorn\n|-damage|p2a: Rillaboom|72\/100|[from] item: Rocky Helmet|[of] p1a: Ferrothorn\n|move|p1a: Ferrothorn|Leech Seed|p2a: Rillaboom\n|-immune|p2a: Rillaboom\n|\n|-heal|p2a: Rillaboom|78\/100|[from] Grassy Terrain\n|-heal|p1a: Ferrothorn|41\/100|[from] Grassy Terrain\n|upkeep\n|turn|2\n|\n|t:|1700130081\n|switch|p1a: Phoebe|Sableye, M|100\/100\n|move|p2a: Rillaboom|Superpower|p1a: Phoebe\n|-immune|p1a: Phoebe\n|\n|-heal|p2a: Rillaboom|84\/100|[from] Grassy Terrain\n|upkeep\n|turn|3\n|\n|t:|1700130088\n|switch|p2a: Tapu Lele|Tapu Lele, shiny|100\/100\n|-fieldstart|move: Psychic Terrain|[from] ability: Psychic Surge|[of] p2a: Tapu Lele\n|move|p1a: Phoebe|Will-O-Wisp|p2a: Tapu Lele\n|-activate|p2a: Tapu Lele|move: Psychic Terrain\n|\n|upkeep\n|turn|4\n|\n|t:|1700130098\n|switch|p1a: G.Skarmory|Corviknight, M|100\/100\n|move|p2a: Tapu Lele|Psychic|p1a: G.Skarmory\n|-resisted|p1a: G.Skarmory\n|-damage|p1a: G.Skarmory|69\/100\n|\n|upkeep\n|turn|5\n|\n|t:|1700130116\n|switch|p2a: Rillaboom|Rillaboom, F|84\/100\n|-fieldstart|move: Grassy Terrain|[from] ability: Grassy Surge|[of] p2a: Rillaboom\n|move|p1a: G.Skarmory|Roost|p1a: G.Skarmory\n|-heal|p1a: G.Skarmory|100\/100\n|-singleturn|p1a: G.Skarmory|move: Roost\n|\n|-heal|p2a: Rillaboom|90\/100|[from] Grassy Terrain\n|upkeep\n|turn|6\n|\n|t:|1700130123\n|move|p2a: Rillaboom|U-turn|p1a: G.Skarmory\n|-resisted|p1a: G.Skarmory\n|-damage|p1a: G.Skarmory|93\/100\n|\n|t:|1700130129\n|switch|p2a: Banette|Banette, F|100\/100|[from] U-turn\n|-item|p1a: G.Skarmory|Weakness Policy|[from] ability: Frisk|[of] p2a: Banette|[identify]\n|move|p1a: G.Skarmory|Bulk Up|p1a: G.Skarmory\n|-boost|p1a: G.Skarmory|atk|1\n|-boost|p1a: G.Skarmory|def|1\n|\n|upkeep\n|turn|7\n|\n|t:|1700130147\n|detailschange|p2a: Banette|Banette-Mega, F\n|-mega|p2a: Banette|Banette|Banettite\n|move|p2a: Banette|Encore|p1a: G.Skarmory\n|-start|p1a: G.Skarmory|Encore\n|move|p1a: G.Skarmory|Bulk Up|p1a: G.Skarmory\n|-boost|p1a: G.Skarmory|atk|1\n|-boost|p1a: G.Skarmory|def|1\n|\n|upkeep\n|turn|8\n|\n|t:|1700130154\n|move|p2a: Banette|Infestation|p1a: G.Skarmory\n|-resisted|p1a: G.Skarmory\n|-damage|p1a: G.Skarmory|93\/100\n|-activate|p1a: G.Skarmory|move: Infestation|[of] p2a: Banette\n|move|p1a: G.Skarmory|Bulk Up|p1a: G.Skarmory\n|-boost|p1a: G.Skarmory|atk|1\n|-boost|p1a: G.Skarmory|def|1\n|\n|-damage|p1a: G.Skarmory|81\/100|[from] move: Infestation|[partiallytrapped]\n|upkeep\n|turn|9\n|\n|t:|1700130177\n|move|p2a: Banette|Poltergeist|p1a: G.Skarmory\n|-activate|p1a: G.Skarmory|move: Poltergeist|Weakness Policy\n|-damage|p1a: G.Skarmory|56\/100\n|move|p1a: G.Skarmory|Bulk Up|p1a: G.Skarmory\n|-boost|p1a: G.Skarmory|atk|1\n|-boost|p1a: G.Skarmory|def|1\n|\n|-damage|p1a: G.Skarmory|44\/100|[from] move: Infestation|[partiallytrapped]\n|-end|p1a: G.Skarmory|Encore\n|-fieldend|move: Grassy Terrain\n|upkeep\n|turn|10\n|\n|t:|1700130184\n|-terastallize|p1a: G.Skarmory|Dark\n|move|p2a: Banette|Encore|p1a: G.Skarmory\n|-hint|Since gen 7, Dark is immune to Prankster moves.\n|-immune|p1a: G.Skarmory\n|move|p1a: G.Skarmory|Roost|p1a: G.Skarmory\n|-heal|p1a: G.Skarmory|94\/100\n|\n|-damage|p1a: G.Skarmory|82\/100|[from] move: Infestation|[partiallytrapped]\n|upkeep\n|turn|11\n|\n|t:|1700130197\n|move|p2a: Banette|Destiny Bond|p2a: Banette\n|-singlemove|p2a: Banette|Destiny Bond\n|move|p1a: G.Skarmory|Agility|p1a: G.Skarmory\n|-boost|p1a: G.Skarmory|spe|2\n|\n|-damage|p1a: G.Skarmory|70\/100|[from] move: Infestation|[partiallytrapped]\n|upkeep\n|turn|12\n|\n|t:|1700130203\n|move|p1a: G.Skarmory|Roost|p1a: G.Skarmory\n|-heal|p1a: G.Skarmory|100\/100\n|move|p2a: Banette|Infestation|p1a: G.Skarmory\n|-supereffective|p1a: G.Skarmory\n|-damage|p1a: G.Skarmory|95\/100\n|-enditem|p1a: G.Skarmory|Weakness Policy\n|-boost|p1a: G.Skarmory|atk|2|[from] item: Weakness Policy\n|-boost|p1a: G.Skarmory|spa|2|[from] item: Weakness Policy\n|\n|-damage|p1a: G.Skarmory|83\/100|[from] move: Infestation|[partiallytrapped]\n|upkeep\n|turn|13\n|\n|t:|1700130206\n|move|p2a: Banette|Destiny Bond|p2a: Banette\n|-singlemove|p2a: Banette|Destiny Bond\n|move|p1a: G.Skarmory|Bulk Up|p1a: G.Skarmory\n|-boost|p1a: G.Skarmory|atk|0\n|-boost|p1a: G.Skarmory|def|1\n|\n|-end|p1a: G.Skarmory|Infestation|[partiallytrapped]\n|upkeep\n|turn|14\n|\n|t:|1700130212\n|move|p2a: Banette|Encore|p1a: G.Skarmory\n|-hint|Since gen 7, Dark is immune to Prankster moves.\n|-immune|p1a: G.Skarmory\n|move|p1a: G.Skarmory|Agility|p1a: G.Skarmory\n|-boost|p1a: G.Skarmory|spe|2\n|\n|upkeep\n|turn|15\n|\n|t:|1700130219\n|move|p2a: Banette|Destiny Bond|p2a: Banette\n|-singlemove|p2a: Banette|Destiny Bond\n|move|p1a: G.Skarmory|Bulk Up|p1a: G.Skarmory\n|-boost|p1a: G.Skarmory|atk|0\n|-boost|p1a: G.Skarmory|def|1\n|\n|upkeep\n|turn|16\n|\n|t:|1700130226\n|move|p1a: G.Skarmory|Agility|p1a: G.Skarmory\n|-boost|p1a: G.Skarmory|spe|2\n|move|p2a: Banette|Infestation|p1a: G.Skarmory\n|-supereffective|p1a: G.Skarmory\n|-damage|p1a: G.Skarmory|77\/100\n|-activate|p1a: G.Skarmory|move: Infestation|[of] p2a: Banette\n|\n|-damage|p1a: G.Skarmory|65\/100|[from] move: Infestation|[partiallytrapped]\n|upkeep\n|turn|17\n|\n|t:|1700130228\n|move|p2a: Banette|Destiny Bond|p2a: Banette\n|-singlemove|p2a: Banette|Destiny Bond\n|move|p1a: G.Skarmory|Agility|p1a: G.Skarmory\n|-boost|p1a: G.Skarmory|spe|0\n|\n|-damage|p1a: G.Skarmory|53\/100|[from] move: Infestation|[partiallytrapped]\n|upkeep\n|turn|18\n|\n|t:|1700130235\n|move|p1a: G.Skarmory|Bulk Up|p1a: G.Skarmory\n|-boost|p1a: G.Skarmory|atk|0\n|-boost|p1a: G.Skarmory|def|0\n|move|p2a: Banette|Infestation|p1a: G.Skarmory\n|-supereffective|p1a: G.Skarmory\n|-damage|p1a: G.Skarmory|47\/100\n|\n|-damage|p1a: G.Skarmory|35\/100|[from] move: Infestation|[partiallytrapped]\n|upkeep\n|turn|19\n|\n|t:|1700130241\n|move|p2a: Banette|Destiny Bond|p2a: Banette\n|-singlemove|p2a: Banette|Destiny Bond\n|move|p1a: G.Skarmory|Roost|p1a: G.Skarmory\n|-heal|p1a: G.Skarmory|85\/100\n|\n|-damage|p1a: G.Skarmory|73\/100|[from] move: Infestation|[partiallytrapped]\n|upkeep\n|turn|20\n|\n|t:|1700130251\n|move|p1a: G.Skarmory|Agility|p1a: G.Skarmory\n|-boost|p1a: G.Skarmory|spe|0\n|move|p2a: Banette|Infestation|p1a: G.Skarmory\n|-supereffective|p1a: G.Skarmory\n|-damage|p1a: G.Skarmory|67\/100\n|\n|-damage|p1a: G.Skarmory|54\/100|[from] move: Infestation|[partiallytrapped]\n|upkeep\n|turn|21\n|\n|t:|1700130261\n|move|p2a: Banette|Encore|p1a: G.Skarmory\n|-hint|Since gen 7, Dark is immune to Prankster moves.\n|-immune|p1a: G.Skarmory\n|move|p1a: G.Skarmory|Bulk Up|p1a: G.Skarmory\n|-boost|p1a: G.Skarmory|atk|0\n|-boost|p1a: G.Skarmory|def|0\n|\n|-end|p1a: G.Skarmory|Infestation|[partiallytrapped]\n|upkeep\n|turn|22\n|\n|t:|1700130268\n|move|p2a: Banette|Destiny Bond|p2a: Banette\n|-singlemove|p2a: Banette|Destiny Bond\n|move|p1a: G.Skarmory|Roost|p1a: G.Skarmory\n|-heal|p1a: G.Skarmory|100\/100\n|\n|upkeep\n|turn|23\n|\n|t:|1700130281\n|move|p1a: G.Skarmory|Bulk Up|p1a: G.Skarmory\n|-boost|p1a: G.Skarmory|atk|0\n|-boost|p1a: G.Skarmory|def|0\n|move|p2a: Banette|Infestation|p1a: G.Skarmory\n|-supereffective|p1a: G.Skarmory\n|-damage|p1a: G.Skarmory|94\/100\n|-activate|p1a: G.Skarmory|move: Infestation|[of] p2a: Banette\n|\n|-damage|p1a: G.Skarmory|82\/100|[from] move: Infestation|[partiallytrapped]\n|upkeep\n|turn|24\n|\n|t:|1700130286\n|move|p2a: Banette|Encore|p1a: G.Skarmory\n|-hint|Since gen 7, Dark is immune to Prankster moves.\n|-immune|p1a: G.Skarmory\n|move|p1a: G.Skarmory|Agility|p1a: G.Skarmory\n|-boost|p1a: G.Skarmory|spe|0\n|\n|-damage|p1a: G.Skarmory|70\/100|[from] move: Infestation|[partiallytrapped]\n|upkeep\n|turn|25\n|\n|t:|1700130296\n|move|p1a: G.Skarmory|Agility|p1a: G.Skarmory\n|-boost|p1a: G.Skarmory|spe|0\n|move|p2a: Banette|Poltergeist||[still]\n|-fail|p2a: Banette\n|\n|-damage|p1a: G.Skarmory|58\/100|[from] move: Infestation|[partiallytrapped]\n|upkeep\n|turn|26\n|\n|t:|1700130305\n|move|p1a: G.Skarmory|Roost|p1a: G.Skarmory\n|-heal|p1a: G.Skarmory|100\/100\n|move|p2a: Banette|Infestation|p1a: G.Skarmory\n|-supereffective|p1a: G.Skarmory\n|-damage|p1a: G.Skarmory|94\/100\n|\n|-damage|p1a: G.Skarmory|82\/100|[from] move: Infestation|[partiallytrapped]\n|upkeep\n|turn|27\n|\n|t:|1700130309\n|move|p1a: G.Skarmory|Agility|p1a: G.Skarmory\n|-boost|p1a: G.Skarmory|spe|0\n|move|p2a: Banette|Infestation|p1a: G.Skarmory\n|-supereffective|p1a: G.Skarmory\n|-damage|p1a: G.Skarmory|77\/100\n|\n|-end|p1a: G.Skarmory|Infestation|[partiallytrapped]\n|upkeep\n|turn|28\n|\n|t:|1700130312\n|move|p1a: G.Skarmory|Power Trip|p2a: Banette\n|-supereffective|p2a: Banette\n|-damage|p2a: Banette|0 fnt\n|faint|p2a: Banette\n|\n|upkeep\n|-message|wyyxhsete forfeited.\n|\n|win|Dark Umbreon 08\n|raw|Dark Umbreon 08's rating: 1281 &rarr; <strong>1308<\/strong><br \/>(+27 for winning)\n|raw|wyyxhsete's rating: 1312 &rarr; <strong>1290<\/strong><br \/>(-22 for losing)\n|l|\u2606wyyxhsete\n","uploadtime":1700130360,"views":4,"p1id":"darkumbreon08","p2id":"wyyxhsete","formatid":"gen9nationaldex","rating":1290,"private":0,"password":""}