{"id":"gen9nationaldex-1997910140","p1":"Logicactiv","p2":"Zorua9469","format":"[Gen 9] National Dex","log":"|html|<div class=\"broadcast-blue\"><strong>[Gen 9] National Dex is currently suspecting Sneasler! For information on how to participate check out the <a href=\"https:\/\/www.smogon.com\/forums\/threads\/sv-national-dex-suspect-8-just-dance.3731534\/\">suspect thread<\/a>.<\/strong><\/div>\n|j|\u2606Logicactiv\n|j|\u2606Zorua9469\n|t:|1700866392\n|gametype|singles\n|player|p1|Logicactiv|bugsy|\n|player|p2|Zorua9469|kieran|\n|teamsize|p1|6\n|teamsize|p2|2\n|gen|9\n|tier|[Gen 9] National Dex\n|rule|HP Percentage Mod: HP is shown in percentages\n|rule|Endless Battle Clause: Forcing endless battles is banned\n|rule|OHKO Clause: OHKO moves are banned\n|rule|Evasion Clause: Evasion abilities, items, and moves are banned\n|rule|Evasion Abilities Clause: Evasion abilities are banned\n|rule|Evasion Items Clause: Evasion items are banned\n|rule|Evasion Moves Clause: Evasion moves are banned\n|rule|Species Clause: Limit one of each Pok\u00e9mon\n|rule|Sleep Clause Mod: Limit one foe put to sleep\n|clearpoke\n|poke|p1|Dragonite, M|\n|poke|p1|Diancie|\n|poke|p1|Samurott-Hisui, M|\n|poke|p1|Aegislash, M|\n|poke|p1|Landorus-Therian, M|\n|poke|p1|Rotom-Heat|\n|poke|p2|Azumarill, L90, M|\n|poke|p2|Mimikyu, F|\n|teampreview\n|c|\u2606Zorua9469|this is literally the only team i could use\n|\n|t:|1700866412\n|start\n|switch|p1a: Landorus|Landorus-Therian, M|100\/100\n|switch|p2a: Azumarill|Azumarill, L90, M|100\/100\n|-ability|p1a: Landorus|Intimidate|boost\n|-unboost|p2a: Azumarill|atk|1\n|turn|1\n|\n|t:|1700866424\n|move|p1a: Landorus|Knock Off|p2a: Azumarill\n|-resisted|p2a: Azumarill\n|-damage|p2a: Azumarill|92\/100\n|move|p2a: Azumarill|Whirlpool|p1a: Landorus\n|-supereffective|p1a: Landorus\n|-damage|p1a: Landorus|86\/100\n|-activate|p1a: Landorus|move: Whirlpool|[of] p2a: Azumarill\n|\n|-heal|p1a: Landorus|92\/100|[from] item: Leftovers\n|-damage|p1a: Landorus|80\/100|[from] move: Whirlpool|[partiallytrapped]\n|upkeep\n|turn|2\n|\n|t:|1700866436\n|move|p1a: Landorus|U-turn|p2a: Azumarill\n|-resisted|p2a: Azumarill\n|-damage|p2a: Azumarill|82\/100\n|\n|t:|1700866440\n|switch|p1a: Rotom|Rotom-Heat|100\/100|[from] U-turn\n|move|p2a: Azumarill|Perish Song|p2a: Azumarill\n|-start|p1a: Rotom|perish3|[silent]\n|-start|p2a: Azumarill|perish3|[silent]\n|-fieldactivate|move: Perish Song\n|\n|-start|p1a: Rotom|perish3\n|-start|p2a: Azumarill|perish3\n|upkeep\n|turn|3\n|\n|t:|1700866451\n|move|p1a: Rotom|Volt Switch|p2a: Azumarill\n|-supereffective|p2a: Azumarill\n|-damage|p2a: Azumarill|14\/100\n|\n|t:|1700866459\n|switch|p1a: Aegislash|Aegislash, M|100\/100|[from] Volt Switch\n|move|p2a: Azumarill|Whirlpool|p1a: Aegislash\n|-damage|p1a: Aegislash|96\/100\n|-activate|p1a: Aegislash|move: Whirlpool|[of] p2a: Azumarill\n|\n|-heal|p1a: Aegislash|100\/100|[from] item: Leftovers\n|-damage|p1a: Aegislash|88\/100|[from] move: Whirlpool|[partiallytrapped]\n|-start|p2a: Azumarill|perish2\n|upkeep\n|turn|4\n|\n|t:|1700866474\n|move|p2a: Azumarill|Protect|p2a: Azumarill\n|-singleturn|p2a: Azumarill|Protect\n|-formechange|p1a: Aegislash|Aegislash-Blade||[from] ability: Stance Change\n|move|p1a: Aegislash|Shadow Claw|p2a: Azumarill\n|-activate|p2a: Azumarill|move: Protect\n|\n|-heal|p1a: Aegislash|94\/100|[from] item: Leftovers\n|-damage|p1a: Aegislash|82\/100|[from] move: Whirlpool|[partiallytrapped]\n|-start|p2a: Azumarill|perish1\n|upkeep\n|turn|5\n|\n|t:|1700866489\n|-formechange|p1a: Aegislash|Aegislash||[from] ability: Stance Change\n|move|p1a: Aegislash|King's Shield|p1a: Aegislash\n|-singleturn|p1a: Aegislash|Protect\n|move|p2a: Azumarill|Belly Drum||[still]\n|-fail|p2a: Azumarill\n|\n|-heal|p1a: Aegislash|88\/100|[from] item: Leftovers\n|-damage|p1a: Aegislash|76\/100|[from] move: Whirlpool|[partiallytrapped]\n|-start|p2a: Azumarill|perish0\n|faint|p2a: Azumarill\n|upkeep\n|\n|t:|1700866500\n|switch|p2a: Mimikyu|Mimikyu, F|100\/100\n|turn|6\n|\n|t:|1700866512\n|move|p2a: Mimikyu|Copycat|p2a: Mimikyu\n|move|p2a: Mimikyu|Belly Drum|p2a: Mimikyu|[from]move: Copycat\n|-damage|p2a: Mimikyu|51\/100\n|-setboost|p2a: Mimikyu|atk|6|[from] move: Belly Drum\n|-formechange|p1a: Aegislash|Aegislash-Blade||[from] ability: Stance Change\n|move|p1a: Aegislash|Shadow Claw|p2a: Mimikyu\n|-activate|p2a: Mimikyu|ability: Disguise\n|-damage|p2a: Mimikyu|51\/100\n|detailschange|p2a: Mimikyu|Mimikyu-Busted, F\n|-damage|p2a: Mimikyu|38\/100|[from] pokemon: Mimikyu-Busted\n|\n|-heal|p1a: Aegislash|82\/100|[from] item: Leftovers\n|-end|p1a: Aegislash|Whirlpool|[partiallytrapped]|[silent]\n|upkeep\n|turn|7\n|\n|t:|1700866529\n|move|p2a: Mimikyu|Shadow Sneak|p1a: Aegislash\n|-supereffective|p1a: Aegislash\n|-damage|p1a: Aegislash|0 fnt\n|faint|p1a: Aegislash\n|\n|upkeep\n|\n|t:|1700866537\n|switch|p1a: Gusk|Dragonite, M|100\/100\n|turn|8\n|\n|t:|1700866545\n|-terastallize|p1a: Gusk|Normal\n|move|p2a: Mimikyu|Play Rough|p1a: Gusk\n|-damage|p1a: Gusk|42\/100\n|move|p1a: Gusk|Earthquake|p2a: Mimikyu\n|-damage|p2a: Mimikyu|0 fnt\n|faint|p2a: Mimikyu\n|\n|win|Logicactiv\n","uploadtime":1700866555,"views":24,"p1id":"logicactiv","p2id":"zorua9469","formatid":"gen9nationaldex","rating":0,"private":0,"password":""}