{"id":"gen9nationaldex-1989552604","p1":"YG97","p2":"Amber-acid","format":"[Gen 9] National Dex","log":"|j|\u2606YG97\n|j|\u2606Amber-acid\n|t:|1699870140\n|gametype|singles\n|player|p1|YG97|dawn|1300\n|player|p2|Amber-acid|2|1350\n|teamsize|p1|6\n|teamsize|p2|6\n|gen|9\n|tier|[Gen 9] National Dex\n|rated|\n|rule|HP Percentage Mod: HP is shown in percentages\n|rule|Endless Battle Clause: Forcing endless battles is banned\n|rule|OHKO Clause: OHKO moves are banned\n|rule|Evasion Clause: Evasion abilities, items, and moves are banned\n|rule|Evasion Abilities Clause: Evasion abilities are banned\n|rule|Evasion Items Clause: Evasion items are banned\n|rule|Evasion Moves Clause: Evasion moves are banned\n|rule|Species Clause: Limit one of each Pok\u00e9mon\n|rule|Sleep Clause Mod: Limit one foe put to sleep\n|clearpoke\n|poke|p1|Lycanroc-Dusk, F|\n|poke|p1|Buzzwole|\n|poke|p1|Celesteela|\n|poke|p1|Blacephalon|\n|poke|p1|Toxapex, M|\n|poke|p1|Zeraora|\n|poke|p2|Pelipper, M|\n|poke|p2|Barraskewda, M|\n|poke|p2|Swampert, F|\n|poke|p2|Moltres|\n|poke|p2|Ferrothorn, M|\n|poke|p2|Kingdra, M|\n|teampreview\n|\n|t:|1699870155\n|start\n|switch|p1a: Lycanroc|Lycanroc-Dusk, F|100\/100\n|switch|p2a: Pelipper|Pelipper, M|100\/100\n|-weather|RainDance|[from] ability: Drizzle|[of] p2a: Pelipper\n|turn|1\n|\n|t:|1699870168\n|switch|p2a: Ferrothorn|Ferrothorn, M|100\/100\n|move|p1a: Lycanroc|Stealth Rock|p2a: Ferrothorn\n|-sidestart|p2: Amber-acid|move: Stealth Rock\n|\n|-weather|RainDance|[upkeep]\n|upkeep\n|turn|2\n|\n|t:|1699870174\n|move|p1a: Lycanroc|Taunt|p2a: Ferrothorn\n|-start|p2a: Ferrothorn|move: Taunt\n|cant|p2a: Ferrothorn|move: Taunt|Stealth Rock\n|\n|-weather|RainDance|[upkeep]\n|upkeep\n|turn|3\n|inactive|Battle timer is ON: inactive players will automatically lose when time's up. (requested by Amber-acid)\n|\n|t:|1699870197\n|switch|p1a: Zeraora|Zeraora|100\/100\n|move|p2a: Ferrothorn|Body Press|p1a: Zeraora\n|-damage|p1a: Zeraora|64\/100\n|\n|-weather|RainDance|[upkeep]\n|upkeep\n|turn|4\n|\n|t:|1699870210\n|switch|p2a: Swampert|Swampert, F|100\/100\n|-damage|p2a: Swampert|94\/100|[from] Stealth Rock\n|move|p1a: Zeraora|Bulk Up|p1a: Zeraora\n|-boost|p1a: Zeraora|atk|1\n|-boost|p1a: Zeraora|def|1\n|\n|-weather|RainDance|[upkeep]\n|upkeep\n|turn|5\n|\n|t:|1699870221\n|switch|p1a: Celesteela|Celesteela|100\/100\n|detailschange|p2a: Swampert|Swampert-Mega, F\n|-mega|p2a: Swampert|Swampert|Swampertite\n|move|p2a: Swampert|Earthquake|p1a: Celesteela\n|-immune|p1a: Celesteela\n|\n|-weather|RainDance|[upkeep]\n|upkeep\n|turn|6\n|\n|t:|1699870230\n|move|p2a: Swampert|Liquidation|p1a: Celesteela\n|-damage|p1a: Celesteela|21\/100\n|-unboost|p1a: Celesteela|def|1\n|move|p1a: Celesteela|Air Slash|p2a: Swampert\n|-damage|p2a: Swampert|63\/100\n|\n|-weather|RainDance|[upkeep]\n|upkeep\n|turn|7\n|\n|t:|1699870242\n|switch|p1a: Toxapex|Toxapex, M|100\/100\n|move|p2a: Swampert|Liquidation|p1a: Toxapex\n|-resisted|p1a: Toxapex\n|-damage|p1a: Toxapex|70\/100\n|\n|-weather|RainDance|[upkeep]\n|-heal|p1a: Toxapex|76\/100|[from] item: Black Sludge\n|upkeep\n|turn|8\n|\n|t:|1699870254\n|move|p2a: Swampert|Liquidation|p1a: Toxapex\n|-resisted|p1a: Toxapex\n|-damage|p1a: Toxapex|46\/100\n|move|p1a: Toxapex|Toxic|p2a: Swampert\n|-status|p2a: Swampert|tox\n|\n|-weather|none\n|-heal|p1a: Toxapex|52\/100|[from] item: Black Sludge\n|-damage|p2a: Swampert|57\/100 tox|[from] psn\n|upkeep\n|turn|9\n|\n|t:|1699870264\n|switch|p2a: Pelipper|Pelipper, M|100\/100\n|-damage|p2a: Pelipper|76\/100|[from] Stealth Rock\n|-weather|RainDance|[from] ability: Drizzle|[of] p2a: Pelipper\n|move|p1a: Toxapex|Recover|p1a: Toxapex\n|-heal|p1a: Toxapex|100\/100\n|\n|-weather|RainDance|[upkeep]\n|upkeep\n|turn|10\n|\n|t:|1699870273\n|move|p2a: Pelipper|Defog|p1a: Toxapex\n|-unboost|p1a: Toxapex|evasion|1\n|-sideend|p2: Amber-acid|Stealth Rock|[from] move: Defog|[of] p2a: Pelipper\n|move|p1a: Toxapex|Toxic|p2a: Pelipper\n|-status|p2a: Pelipper|tox\n|\n|-weather|RainDance|[upkeep]\n|-damage|p2a: Pelipper|70\/100 tox|[from] psn\n|upkeep\n|turn|11\n|\n|t:|1699870283\n|switch|p1a: Lycanroc|Lycanroc-Dusk, F|100\/100\n|move|p2a: Pelipper|U-turn|p1a: Lycanroc\n|-damage|p1a: Lycanroc|88\/100\n|\n|t:|1699870293\n|switch|p2a: Kingdra|Kingdra, M|100\/100|[from] U-turn\n|\n|-weather|RainDance|[upkeep]\n|upkeep\n|turn|12\n|\n|t:|1699870302\n|switch|p1a: Toxapex|Toxapex, M|100\/100\n|move|p2a: Kingdra|Hydro Pump|p1a: Toxapex\n|-resisted|p1a: Toxapex\n|-damage|p1a: Toxapex|64\/100\n|\n|-weather|RainDance|[upkeep]\n|-heal|p1a: Toxapex|71\/100|[from] item: Black Sludge\n|upkeep\n|turn|13\n|\n|t:|1699870310\n|switch|p2a: Ferrothorn|Ferrothorn, M|100\/100\n|move|p1a: Toxapex|Toxic|p2a: Ferrothorn\n|-immune|p2a: Ferrothorn\n|\n|-weather|RainDance|[upkeep]\n|-heal|p1a: Toxapex|77\/100|[from] item: Black Sludge\n|upkeep\n|turn|14\n|\n|t:|1699870317\n|switch|p1a: Buzzwole|Buzzwole|100\/100\n|move|p2a: Ferrothorn|Stealth Rock|p1a: Buzzwole\n|-sidestart|p1: YG97|move: Stealth Rock\n|\n|-weather|RainDance|[upkeep]\n|upkeep\n|turn|15\n|\n|t:|1699870325\n|move|p1a: Buzzwole|Close Combat|p2a: Ferrothorn\n|-supereffective|p2a: Ferrothorn\n|-damage|p2a: Ferrothorn|10\/100\n|-unboost|p1a: Buzzwole|def|1\n|-unboost|p1a: Buzzwole|spd|1\n|-damage|p1a: Buzzwole|88\/100|[from] ability: Iron Barbs|[of] p2a: Ferrothorn\n|-damage|p1a: Buzzwole|72\/100|[from] item: Rocky Helmet|[of] p2a: Ferrothorn\n|move|p2a: Ferrothorn|Iron Defense|p2a: Ferrothorn\n|-boost|p2a: Ferrothorn|def|2\n|\n|-weather|RainDance|[upkeep]\n|upkeep\n|turn|16\n|\n|t:|1699870336\n|switch|p2a: Moltres|Moltres|100\/100\n|move|p1a: Buzzwole|Drain Punch|p2a: Moltres\n|-resisted|p2a: Moltres\n|-damage|p2a: Moltres|85\/100\n|-heal|p1a: Buzzwole|79\/100|[from] drain|[of] p2a: Moltres\n|\n|-weather|none\n|upkeep\n|turn|17\n|\n|t:|1699870347\n|switch|p1a: Toxapex|Toxapex, M|100\/100\n|-damage|p1a: Toxapex|88\/100|[from] Stealth Rock\n|move|p2a: Moltres|Hurricane|p1a: Toxapex\n|-damage|p1a: Toxapex|59\/100\n|\n|-heal|p1a: Toxapex|65\/100|[from] item: Black Sludge\n|upkeep\n|turn|18\n|\n|t:|1699870360\n|switch|p2a: Pelipper|Pelipper, M|70\/100 tox\n|-weather|RainDance|[from] ability: Drizzle|[of] p2a: Pelipper\n|switch|p1a: Buzzwole|Buzzwole|79\/100\n|-damage|p1a: Buzzwole|67\/100|[from] Stealth Rock\n|\n|-weather|RainDance|[upkeep]\n|-damage|p2a: Pelipper|63\/100 tox|[from] psn\n|upkeep\n|turn|19\n|\n|t:|1699870372\n|move|p1a: Buzzwole|Drain Punch|p2a: Pelipper\n|-resisted|p2a: Pelipper\n|-damage|p2a: Pelipper|46\/100 tox\n|-heal|p1a: Buzzwole|74\/100|[from] drain|[of] p2a: Pelipper\n|move|p2a: Pelipper|Hurricane|p1a: Buzzwole\n|-supereffective|p1a: Buzzwole\n|-damage|p1a: Buzzwole|0 fnt\n|faint|p1a: Buzzwole\n|\n|-weather|RainDance|[upkeep]\n|-damage|p2a: Pelipper|33\/100 tox|[from] psn\n|upkeep\n|\n|t:|1699870385\n|switch|p1a: Celesteela|Celesteela|21\/100\n|-damage|p1a: Celesteela|9\/100|[from] Stealth Rock\n|turn|20\n|\n|t:|1699870394\n|move|p1a: Celesteela|Meteor Beam||[still]\n|-prepare|p1a: Celesteela|Meteor Beam\n|-boost|p1a: Celesteela|spa|1\n|-enditem|p1a: Celesteela|Power Herb\n|-anim|p1a: Celesteela|Meteor Beam|p2a: Pelipper\n|-supereffective|p2a: Pelipper\n|-damage|p2a: Pelipper|0 fnt\n|faint|p2a: Pelipper\n|-ability|p1a: Celesteela|Beast Boost|boost\n|-boost|p1a: Celesteela|spa|1\n|\n|-weather|RainDance|[upkeep]\n|upkeep\n|\n|t:|1699870404\n|switch|p2a: Kingdra|Kingdra, M|100\/100\n|turn|21\n|\n|t:|1699870412\n|move|p2a: Kingdra|Hydro Pump|p1a: Celesteela\n|-damage|p1a: Celesteela|0 fnt\n|faint|p1a: Celesteela\n|\n|-weather|RainDance|[upkeep]\n|upkeep\n|\n|t:|1699870418\n|switch|p1a: Toxapex|Toxapex, M|99\/100\n|-damage|p1a: Toxapex|86\/100|[from] Stealth Rock\n|turn|22\n|\n|t:|1699870429\n|switch|p2a: Swampert|Swampert-Mega, F|57\/100 tox\n|move|p1a: Toxapex|Toxic|p2a: Swampert\n|-fail|p2a: Swampert|tox\n|\n|-weather|RainDance|[upkeep]\n|-heal|p1a: Toxapex|92\/100|[from] item: Black Sludge\n|-damage|p2a: Swampert|51\/100 tox|[from] psn\n|upkeep\n|turn|23\n|\n|t:|1699870437\n|move|p1a: Toxapex|Baneful Bunker|p1a: Toxapex\n|-singleturn|p1a: Toxapex|move: Protect\n|move|p2a: Swampert|Earthquake|p1a: Toxapex\n|-activate|p1a: Toxapex|move: Protect\n|\n|-weather|RainDance|[upkeep]\n|-heal|p1a: Toxapex|99\/100|[from] item: Black Sludge\n|-damage|p2a: Swampert|39\/100 tox|[from] psn\n|upkeep\n|turn|24\n|\n|t:|1699870446\n|move|p2a: Swampert|Earthquake|p1a: Toxapex\n|-supereffective|p1a: Toxapex\n|-damage|p1a: Toxapex|0 fnt\n|faint|p1a: Toxapex\n|\n|-weather|RainDance|[upkeep]\n|-damage|p2a: Swampert|20\/100 tox|[from] psn\n|upkeep\n|-message|YG97 forfeited.\n|\n|win|Amber-acid\n|raw|YG97's rating: 1300 &rarr; <strong>1279<\/strong><br \/>(-21 for losing)\n|raw|Amber-acid's rating: 1350 &rarr; <strong>1367<\/strong><br \/>(+17 for winning)\n|l|\u2606YG97\n","uploadtime":1699870461,"views":11,"p1id":"yg97","p2id":"amberacid","formatid":"gen9nationaldex","rating":1279,"private":0,"password":""}