{"id":"gen9nationaldex-1993965976","p1":"As cheu","p2":"baigu","format":"[Gen 9] National Dex","log":"|j|\u2606As cheu\n|j|\u2606baigu\n|t:|1700384402\n|gametype|singles\n|player|p1|As cheu|officeworker|1678\n|player|p2|baigu|dawn-gen4pt|1846\n|teamsize|p1|6\n|teamsize|p2|6\n|gen|9\n|tier|[Gen 9] National Dex\n|rated|\n|rule|HP Percentage Mod: HP is shown in percentages\n|rule|Endless Battle Clause: Forcing endless battles is banned\n|rule|OHKO Clause: OHKO moves are banned\n|rule|Evasion Clause: Evasion abilities, items, and moves are banned\n|rule|Evasion Abilities Clause: Evasion abilities are banned\n|rule|Evasion Items Clause: Evasion items are banned\n|rule|Evasion Moves Clause: Evasion moves are banned\n|rule|Species Clause: Limit one of each Pok\u00e9mon\n|rule|Sleep Clause Mod: Limit one foe put to sleep\n|clearpoke\n|poke|p1|Cloyster, M|\n|poke|p1|Umbreon, F|\n|poke|p1|Gardevoir, F|\n|poke|p1|Forretress, M|\n|poke|p1|Thundurus-Therian, M|\n|poke|p1|Sneasler, M|\n|poke|p2|Ursaluna, F|\n|poke|p2|Dragonite, M|\n|poke|p2|Slowking, F|\n|poke|p2|Tapu Koko|\n|poke|p2|Hoopa-Unbound|\n|poke|p2|Great Tusk|\n|teampreview\n|inactive|Battle timer is ON: inactive players will automatically lose when time's up. (requested by As cheu)\n|\n|t:|1700384423\n|start\n|switch|p1a: Sneasler|Sneasler, M|100\/100\n|switch|p2a: Tapu Koko|Tapu Koko|100\/100\n|-fieldstart|move: Electric Terrain|[from] ability: Electric Surge|[of] p2a: Tapu Koko\n|turn|1\n|\n|t:|1700384427\n|move|p1a: Sneasler|Dire Claw|p2a: Tapu Koko\n|-supereffective|p2a: Tapu Koko\n|-damage|p2a: Tapu Koko|0 fnt\n|faint|p2a: Tapu Koko\n|\n|upkeep\n|\n|t:|1700384434\n|switch|p2a: Dragonite|Dragonite, M|100\/100\n|turn|2\n|\n|t:|1700384436\n|switch|p1a: \u56e1\u56e1|Umbreon, F|100\/100\n|move|p2a: Dragonite|Dual Wingbeat|p1a: \u56e1\u56e1\n|-damage|p1a: \u56e1\u56e1|81\/100\n|-damage|p1a: \u56e1\u56e1|59\/100\n|-hitcount|p1a: \u56e1\u56e1|2\n|\n|-heal|p1a: \u56e1\u56e1|65\/100|[from] item: Leftovers\n|upkeep\n|turn|3\n|\n|t:|1700384441\n|switch|p2a: Ursaluna|Ursaluna, F|100\/100\n|move|p1a: \u56e1\u56e1|Wish|p1a: \u56e1\u56e1\n|\n|-heal|p1a: \u56e1\u56e1|71\/100|[from] item: Leftovers\n|-status|p2a: Ursaluna|brn|[from] item: Flame Orb\n|upkeep\n|turn|4\n|\n|t:|1700384447\n|move|p1a: \u56e1\u56e1|Foul Play|p2a: Ursaluna\n|-damage|p2a: Ursaluna|59\/100 brn\n|move|p2a: Ursaluna|Facade|p1a: \u56e1\u56e1\n|-damage|p1a: \u56e1\u56e1|0 fnt\n|faint|p1a: \u56e1\u56e1\n|\n|-damage|p2a: Ursaluna|53\/100 brn|[from] brn\n|upkeep\n|\n|t:|1700384455\n|switch|p1a: Forretress|Forretress, M|100\/100\n|turn|5\n|\n|t:|1700384458\n|switch|p2a: Dragonite|Dragonite, M|100\/100\n|move|p1a: Forretress|Stealth Rock|p2a: Dragonite\n|-sidestart|p2: baigu|move: Stealth Rock\n|\n|-fieldend|move: Electric Terrain\n|upkeep\n|turn|6\n|\n|t:|1700384461\n|move|p2a: Dragonite|Fire Punch|p1a: Forretress\n|-supereffective|p1a: Forretress\n|-ability|p1a: Forretress|Sturdy\n|-damage|p1a: Forretress|1\/100\n|-damage|p2a: Dragonite|84\/100|[from] item: Rocky Helmet|[of] p1a: Forretress\n|move|p1a: Forretress|Toxic|p2a: Dragonite\n|-status|p2a: Dragonite|tox\n|\n|-damage|p2a: Dragonite|78\/100 tox|[from] psn\n|upkeep\n|turn|7\n|\n|t:|1700384465\n|move|p2a: Dragonite|Fire Punch|p1a: Forretress\n|-supereffective|p1a: Forretress\n|-damage|p1a: Forretress|0 fnt\n|-damage|p2a: Dragonite|61\/100 tox|[from] item: Rocky Helmet|[of] p1a: Forretress\n|faint|p1a: Forretress\n|\n|-damage|p2a: Dragonite|49\/100 tox|[from] psn\n|upkeep\n|\n|t:|1700384472\n|switch|p1a: \u9b3c\u65af|Cloyster, M|100\/100\n|turn|8\n|\n|t:|1700384480\n|switch|p2a: Slowking|Slowking, F|100\/100\n|move|p1a: \u9b3c\u65af|Shell Smash|p1a: \u9b3c\u65af\n|-unboost|p1a: \u9b3c\u65af|def|1\n|-unboost|p1a: \u9b3c\u65af|spd|1\n|-boost|p1a: \u9b3c\u65af|atk|2\n|-boost|p1a: \u9b3c\u65af|spa|2\n|-boost|p1a: \u9b3c\u65af|spe|2\n|\n|upkeep\n|turn|9\n|\n|t:|1700384486\n|-terastallize|p1a: \u9b3c\u65af|Ice\n|move|p1a: \u9b3c\u65af|Icicle Spear|p2a: Slowking\n|-resisted|p2a: Slowking\n|-damage|p2a: Slowking|85\/100\n|-resisted|p2a: Slowking\n|-damage|p2a: Slowking|70\/100\n|-resisted|p2a: Slowking\n|-damage|p2a: Slowking|54\/100\n|-resisted|p2a: Slowking\n|-damage|p2a: Slowking|39\/100\n|-resisted|p2a: Slowking\n|-damage|p2a: Slowking|22\/100\n|-hitcount|p2a: Slowking|5\n|move|p2a: Slowking|Trick Room|p2a: Slowking\n|-fieldstart|move: Trick Room|[of] p2a: Slowking\n|\n|upkeep\n|turn|10\n|\n|t:|1700384498\n|move|p1a: \u9b3c\u65af|Ice Shard|p2a: Slowking\n|-resisted|p2a: Slowking\n|-damage|p2a: Slowking|0 fnt\n|faint|p2a: Slowking\n|\n|upkeep\n|\n|t:|1700384503\n|switch|p2a: Dragonite|Dragonite, M|49\/100 tox\n|-damage|p2a: Dragonite|24\/100 tox|[from] Stealth Rock\n|turn|11\n|\n|t:|1700384508\n|move|p2a: Dragonite|Extreme Speed|p1a: \u9b3c\u65af\n|-damage|p1a: \u9b3c\u65af|36\/100\n|move|p1a: \u9b3c\u65af|Ice Shard|p2a: Dragonite\n|-supereffective|p2a: Dragonite\n|-damage|p2a: Dragonite|0 fnt\n|faint|p2a: Dragonite\n|\n|upkeep\n|\n|t:|1700384515\n|switch|p2a: Great Tusk|Great Tusk|100\/100\n|turn|12\n|\n|t:|1700384519\n|move|p1a: \u9b3c\u65af|Ice Shard|p2a: Great Tusk\n|-supereffective|p2a: Great Tusk\n|-damage|p2a: Great Tusk|36\/100\n|move|p2a: Great Tusk|Headlong Rush|p1a: \u9b3c\u65af\n|-damage|p1a: \u9b3c\u65af|0 fnt\n|-unboost|p2a: Great Tusk|def|1\n|-unboost|p2a: Great Tusk|spd|1\n|faint|p1a: \u9b3c\u65af\n|\n|upkeep\n|\n|t:|1700384525\n|switch|p1a: Thundurus|Thundurus-Therian, M|100\/100\n|turn|13\n|\n|t:|1700384528\n|move|p2a: Great Tusk|Ice Spinner|p1a: Thundurus\n|-supereffective|p1a: Thundurus\n|-damage|p1a: Thundurus|9\/100\n|move|p1a: Thundurus|Hidden Power|p2a: Great Tusk\n|-supereffective|p2a: Great Tusk\n|-damage|p2a: Great Tusk|0 fnt\n|faint|p2a: Great Tusk\n|-end|p2a: Great Tusk|Protosynthesis|[silent]\n|\n|-fieldend|move: Trick Room\n|upkeep\n|-message|baigu forfeited.\n|\n|win|As cheu\n|raw|As cheu's rating: 1678 &rarr; <strong>1707<\/strong><br \/>(+29 for winning)\n|raw|baigu's rating: 1846 &rarr; <strong>1817<\/strong><br \/>(-29 for losing)\n|l|\u2606baigu\n","uploadtime":1700384541,"views":6,"p1id":"ascheu","p2id":"baigu","formatid":"gen9nationaldex","rating":1707,"private":0,"password":""}