{"id":"gen9nationaldex-1993795159","p1":"kebill","p2":"mtyqjltz6","format":"[Gen 9] National Dex","log":"|j|\u2606kebill\n|j|\u2606mtyqjltz6\n|t:|1700358181\n|gametype|singles\n|player|p1|kebill|colress|1268\n|player|p2|mtyqjltz6|elesa|1305\n|teamsize|p1|6\n|teamsize|p2|6\n|gen|9\n|tier|[Gen 9] National Dex\n|rated|\n|rule|HP Percentage Mod: HP is shown in percentages\n|rule|Endless Battle Clause: Forcing endless battles is banned\n|rule|OHKO Clause: OHKO moves are banned\n|rule|Evasion Clause: Evasion abilities, items, and moves are banned\n|rule|Evasion Abilities Clause: Evasion abilities are banned\n|rule|Evasion Items Clause: Evasion items are banned\n|rule|Evasion Moves Clause: Evasion moves are banned\n|rule|Species Clause: Limit one of each Pok\u00e9mon\n|rule|Sleep Clause Mod: Limit one foe put to sleep\n|clearpoke\n|poke|p1|Absol, M|\n|poke|p1|Persian, M|\n|poke|p1|Perrserker, M|\n|poke|p1|Purugly, M|\n|poke|p1|Zangoose, M|\n|poke|p1|Delcatty, M|\n|poke|p2|Raticate, M|\n|poke|p2|Slowking-Galar, M|\n|poke|p2|Diancie|\n|poke|p2|Rillaboom, F|\n|poke|p2|Zapdos|\n|poke|p2|Blacephalon|\n|teampreview\n|inactive|Battle timer is ON: inactive players will automatically lose when time's up. (requested by mtyqjltz6)\n|\n|t:|1700358193\n|start\n|switch|p1a: Delcatty|Delcatty, M|100\/100\n|switch|p2a: Zapdos|Zapdos|100\/100\n|turn|1\n|\n|t:|1700358206\n|move|p1a: Delcatty|Fake Out|p2a: Zapdos\n|-damage|p2a: Zapdos|86\/100\n|cant|p2a: Zapdos|flinch\n|\n|upkeep\n|turn|2\n|\n|t:|1700358218\n|-terastallize|p1a: Delcatty|Normal\n|move|p1a: Delcatty|Return|p2a: Zapdos\n|-crit|p2a: Zapdos\n|-damage|p2a: Zapdos|11\/100\n|-status|p1a: Delcatty|par|[from] ability: Static|[of] p2a: Zapdos\n|move|p2a: Zapdos|Hurricane|p1a: Delcatty\n|-damage|p1a: Delcatty|3\/100 par\n|-start|p1a: Delcatty|confusion\n|\n|upkeep\n|turn|3\n|\n|t:|1700358225\n|move|p2a: Zapdos|Roost|p2a: Zapdos\n|-heal|p2a: Zapdos|61\/100\n|-singleturn|p2a: Zapdos|move: Roost\n|-activate|p1a: Delcatty|confusion\n|-damage|p1a: Delcatty|0 fnt|[from] confusion\n|faint|p1a: Delcatty\n|\n|upkeep\n|\n|t:|1700358229\n|switch|p1a: Absol|Absol, M|100\/100\n|turn|4\n|\n|t:|1700358239\n|switch|p2a: Diancie|Diancie, shiny|100\/100\n|detailschange|p1a: Absol|Absol-Mega, M\n|-mega|p1a: Absol|Absol|Absolite\n|move|p1a: Absol|Knock Off|p2a: Diancie\n|-resisted|p2a: Diancie\n|-crit|p2a: Diancie\n|-damage|p2a: Diancie|73\/100\n|\n|upkeep\n|turn|5\n|\n|t:|1700358251\n|switch|p1a: Perrserker|Perrserker, M|100\/100\n|move|p2a: Diancie|Earth Power|p1a: Perrserker\n|-supereffective|p1a: Perrserker\n|-damage|p1a: Perrserker|17\/100\n|\n|-heal|p1a: Perrserker|23\/100|[from] item: Leftovers\n|upkeep\n|turn|6\n|\n|t:|1700358258\n|detailschange|p2a: Diancie|Diancie-Mega, shiny\n|-mega|p2a: Diancie|Diancie|Diancite\n|move|p2a: Diancie|Earth Power|p1a: Perrserker\n|-supereffective|p1a: Perrserker\n|-damage|p1a: Perrserker|0 fnt\n|faint|p1a: Perrserker\n|\n|upkeep\n|\n|t:|1700358263\n|switch|p1a: Persian|Persian, M|100\/100\n|turn|7\n|\n|t:|1700358279\n|switch|p2a: Zapdos|Zapdos|61\/100\n|move|p1a: Persian|Chilling Water|p2a: Zapdos\n|-damage|p2a: Zapdos|41\/100\n|-unboost|p2a: Zapdos|atk|1\n|-damage|p1a: Persian|91\/100|[from] item: Life Orb\n|\n|upkeep\n|turn|8\n|-message|kebill forfeited.\n|\n|win|mtyqjltz6\n|raw|kebill's rating: 1268 &rarr; <strong>1246<\/strong><br \/>(-22 for losing)\n|raw|mtyqjltz6's rating: 1305 &rarr; <strong>1323<\/strong><br \/>(+18 for winning)\n|l|\u2606kebill\n","uploadtime":1700358288,"views":10,"p1id":"kebill","p2id":"mtyqjltz6","formatid":"gen9nationaldex","rating":1246,"private":0,"password":""}