{"id":"gen9nationaldex-1987547485","p1":"randomguyforlife","p2":"Sirrawrzy","format":"[Gen 9] National Dex","log":"|j|\u2606randomguyforlife\n|j|\u2606Sirrawrzy\n|t:|1699610133\n|gametype|singles\n|player|p1|randomguyforlife|169|1489\n|player|p2|Sirrawrzy|emmet|1612\n|teamsize|p1|6\n|teamsize|p2|6\n|gen|9\n|tier|[Gen 9] National Dex\n|rated|\n|rule|HP Percentage Mod: HP is shown in percentages\n|rule|Endless Battle Clause: Forcing endless battles is banned\n|rule|OHKO Clause: OHKO moves are banned\n|rule|Evasion Clause: Evasion abilities, items, and moves are banned\n|rule|Evasion Abilities Clause: Evasion abilities are banned\n|rule|Evasion Items Clause: Evasion items are banned\n|rule|Evasion Moves Clause: Evasion moves are banned\n|rule|Species Clause: Limit one of each Pok\u00e9mon\n|rule|Sleep Clause Mod: Limit one foe put to sleep\n|clearpoke\n|poke|p1|Garchomp, M|\n|poke|p1|Tapu Lele|\n|poke|p1|Sneasler, F|\n|poke|p1|Polteageist|\n|poke|p1|Landorus-Therian, M|\n|poke|p1|Zamazenta-*|\n|poke|p2|Ninetales, M|\n|poke|p2|Venusaur, M|\n|poke|p2|Jolteon, M|\n|poke|p2|Blastoise, M|\n|poke|p2|Rhydon, M|\n|poke|p2|Dragonite, M|\n|teampreview\n|\n|t:|1699610141\n|start\n|switch|p1a: Garchomp|Garchomp, M|100\/100\n|switch|p2a: Rhydon|Rhydon, M, shiny|100\/100\n|turn|1\n|\n|t:|1699610146\n|move|p1a: Garchomp|Earthquake|p2a: Rhydon\n|-supereffective|p2a: Rhydon\n|-damage|p2a: Rhydon|49\/100\n|move|p2a: Rhydon|Stealth Rock|p1a: Garchomp\n|-sidestart|p1: randomguyforlife|move: Stealth Rock\n|\n|upkeep\n|turn|2\n|\n|t:|1699610153\n|-terastallize|p2a: Rhydon|Ghost\n|move|p1a: Garchomp|Earthquake|p2a: Rhydon\n|-damage|p2a: Rhydon|25\/100\n|move|p2a: Rhydon|Avalanche|p1a: Garchomp\n|-supereffective|p1a: Garchomp\n|-damage|p1a: Garchomp|0 fnt\n|-damage|p2a: Rhydon|13\/100|[from] ability: Rough Skin|[of] p1a: Garchomp\n|faint|p1a: Garchomp\n|\n|upkeep\n|\n|t:|1699610161\n|switch|p1a: Tapu Lele|Tapu Lele|100\/100\n|-damage|p1a: Tapu Lele|88\/100|[from] Stealth Rock\n|-fieldstart|move: Psychic Terrain|[from] ability: Psychic Surge|[of] p1a: Tapu Lele\n|turn|3\n|\n|t:|1699610166\n|switch|p2a: Blastoise|Blastoise, M, shiny|100\/100\n|move|p1a: Tapu Lele|Psychic|p2a: Blastoise\n|-damage|p2a: Blastoise|46\/100\n|\n|upkeep\n|turn|4\n|\n|t:|1699610169\n|move|p1a: Tapu Lele|Psychic|p2a: Blastoise\n|-damage|p2a: Blastoise|0 fnt\n|faint|p2a: Blastoise\n|\n|upkeep\n|\n|t:|1699610175\n|switch|p2a: Jolteon|Jolteon, M, shiny|100\/100\n|turn|5\n|\n|t:|1699610178\n|move|p2a: Jolteon|Volt Switch|p1a: Tapu Lele\n|-damage|p1a: Tapu Lele|52\/100\n|\n|t:|1699610181\n|switch|p2a: Rhydon|Rhydon, M, shiny, tera:Ghost|13\/100|[from] Volt Switch\n|move|p1a: Tapu Lele|Psychic|p2a: Rhydon\n|-damage|p2a: Rhydon|0 fnt\n|faint|p2a: Rhydon\n|\n|upkeep\n|\n|t:|1699610184\n|switch|p2a: Ninetales|Ninetales, M, shiny|100\/100\n|-weather|SunnyDay|[from] ability: Drought|[of] p2a: Ninetales\n|turn|6\n|\n|t:|1699610188\n|switch|p1a: Landorus|Landorus-Therian, M|100\/100\n|-damage|p1a: Landorus|88\/100|[from] Stealth Rock\n|-ability|p1a: Landorus|Intimidate|boost\n|-unboost|p2a: Ninetales|atk|1\n|move|p2a: Ninetales|Weather Ball|p1a: Landorus\n|-damage|p1a: Landorus|21\/100\n|\n|-weather|SunnyDay|[upkeep]\n|upkeep\n|turn|7\n|\n|t:|1699610191\n|move|p2a: Ninetales|Weather Ball|p1a: Landorus\n|-damage|p1a: Landorus|0 fnt\n|faint|p1a: Landorus\n|\n|-weather|SunnyDay|[upkeep]\n|-fieldend|move: Psychic Terrain\n|upkeep\n|\n|t:|1699610196\n|switch|p1a: Zamazenta|Zamazenta|100\/100\n|-damage|p1a: Zamazenta|94\/100|[from] Stealth Rock\n|-ability|p1a: Zamazenta|Dauntless Shield|boost\n|-boost|p1a: Zamazenta|def|1\n|turn|8\n|\n|t:|1699610200\n|move|p2a: Ninetales|Weather Ball|p1a: Zamazenta\n|-damage|p1a: Zamazenta|45\/100\n|move|p1a: Zamazenta|Close Combat|p2a: Ninetales\n|-damage|p2a: Ninetales|0 fnt\n|-unboost|p1a: Zamazenta|def|1\n|-unboost|p1a: Zamazenta|spd|1\n|faint|p2a: Ninetales\n|\n|-weather|SunnyDay|[upkeep]\n|upkeep\n|\n|t:|1699610208\n|switch|p2a: Venusaur|Venusaur, M, shiny|100\/100\n|turn|9\n|\n|t:|1699610212\n|move|p2a: Venusaur|Weather Ball|p1a: Zamazenta\n|-damage|p1a: Zamazenta|0 fnt\n|faint|p1a: Zamazenta\n|-damage|p2a: Venusaur|91\/100|[from] item: Life Orb\n|\n|-weather|SunnyDay|[upkeep]\n|upkeep\n|\n|t:|1699610216\n|switch|p1a: Tapu Lele|Tapu Lele|52\/100\n|-damage|p1a: Tapu Lele|39\/100|[from] Stealth Rock\n|-fieldstart|move: Psychic Terrain|[from] ability: Psychic Surge|[of] p1a: Tapu Lele\n|turn|10\n|\n|t:|1699610220\n|move|p2a: Venusaur|Sludge Bomb|p1a: Tapu Lele\n|-supereffective|p1a: Tapu Lele\n|-damage|p1a: Tapu Lele|0 fnt\n|faint|p1a: Tapu Lele\n|-damage|p2a: Venusaur|81\/100|[from] item: Life Orb\n|\n|-weather|none\n|upkeep\n|\n|t:|1699610223\n|switch|p1a: Polteageist|Polteageist|100\/100\n|-damage|p1a: Polteageist|88\/100|[from] Stealth Rock\n|turn|11\n|\n|t:|1699610227\n|switch|p2a: Jolteon|Jolteon, M, shiny|100\/100\n|move|p1a: Polteageist|Shell Smash|p1a: Polteageist\n|-unboost|p1a: Polteageist|def|1\n|-unboost|p1a: Polteageist|spd|1\n|-boost|p1a: Polteageist|atk|2\n|-boost|p1a: Polteageist|spa|2\n|-boost|p1a: Polteageist|spe|2\n|\n|-status|p2a: Jolteon|brn|[from] item: Flame Orb\n|upkeep\n|turn|12\n|\n|t:|1699610233\n|move|p2a: Jolteon|Volt Switch|p1a: Polteageist\n|-crit|p1a: Polteageist\n|-damage|p1a: Polteageist|5\/100\n|\n|t:|1699610236\n|switch|p2a: Venusaur|Venusaur, M, shiny|81\/100|[from] Volt Switch\n|move|p1a: Polteageist|Stored Power|p2a: Venusaur\n|-supereffective|p2a: Venusaur\n|-damage|p2a: Venusaur|0 fnt\n|faint|p2a: Venusaur\n|\n|upkeep\n|\n|t:|1699610238\n|switch|p2a: Jolteon|Jolteon, M, shiny|100\/100 brn\n|turn|13\n|\n|t:|1699610242\n|move|p2a: Jolteon|Volt Switch|p1a: Polteageist\n|-damage|p1a: Polteageist|0 fnt\n|faint|p1a: Polteageist\n|\n|t:|1699610244\n|switch|p2a: Dragonite|Dragonite, M, shiny|100\/100|[from] Volt Switch\n|\n|upkeep\n|\n|t:|1699610247\n|switch|p1a: Sneasler|Sneasler, F|100\/100\n|-damage|p1a: Sneasler|95\/100|[from] Stealth Rock\n|-enditem|p1a: Sneasler|Psychic Seed\n|-boost|p1a: Sneasler|spd|1|[from] item: Psychic Seed\n|turn|14\n|\n|t:|1699610253\n|move|p1a: Sneasler|Gunk Shot|p2a: Dragonite\n|-damage|p2a: Dragonite|66\/100\n|-status|p2a: Dragonite|psn\n|move|p2a: Dragonite|Dual Wingbeat|p1a: Sneasler\n|-supereffective|p1a: Sneasler\n|-damage|p1a: Sneasler|14\/100\n|-supereffective|p1a: Sneasler\n|-damage|p1a: Sneasler|0 fnt\n|faint|p1a: Sneasler\n|-hitcount|p1: Sneasler|2\n|\n|win|Sirrawrzy\n|raw|randomguyforlife's rating: 1489 &rarr; <strong>1476<\/strong><br \/>(-13 for losing)\n|raw|Sirrawrzy's rating: 1612 &rarr; <strong>1625<\/strong><br \/>(+13 for winning)\n|l|\u2606randomguyforlife\n","uploadtime":1699610265,"views":4,"p1id":"randomguyforlife","p2id":"sirrawrzy","formatid":"gen9nationaldex","rating":1476,"private":0,"password":""}