{"id":"gen9nationaldex-1989164991","p1":"RARMolina","p2":"Sylveon(404)","format":"[Gen 9] National Dex","log":"|j|\u2606RARMolina\n|j|\u2606Sylveon(404)\n|t:|1699819092\n|gametype|singles\n|player|p1|RARMolina|nessa|\n|player|p2|Sylveon(404)|serena|\n|teamsize|p1|6\n|teamsize|p2|6\n|gen|9\n|tier|[Gen 9] National Dex\n|rule|HP Percentage Mod: HP is shown in percentages\n|rule|Endless Battle Clause: Forcing endless battles is banned\n|rule|OHKO Clause: OHKO moves are banned\n|rule|Evasion Clause: Evasion abilities, items, and moves are banned\n|rule|Evasion Abilities Clause: Evasion abilities are banned\n|rule|Evasion Items Clause: Evasion items are banned\n|rule|Evasion Moves Clause: Evasion moves are banned\n|rule|Species Clause: Limit one of each Pok\u00e9mon\n|rule|Sleep Clause Mod: Limit one foe put to sleep\n|clearpoke\n|poke|p1|Ogerpon-Wellspring, F|\n|poke|p1|Tapu Fini|\n|poke|p1|Rotom-Wash|\n|poke|p1|Golisopod, M|\n|poke|p1|Pelipper, M|\n|poke|p1|Swampert, F|\n|poke|p2|Skeledirge, M|\n|poke|p2|Ursaluna, F|\n|poke|p2|Porygon-Z|\n|poke|p2|Sneasler, F|\n|poke|p2|Xurkitree|\n|poke|p2|Mawile, F|\n|teampreview\n|c|\u2606RARMolina|WTF ya sneslear tiene modelo xd\n|\n|t:|1699819123\n|start\n|switch|p1a: Weater report|Pelipper, M|100\/100\n|switch|p2a: S.C.P|Xurkitree|100\/100\n|-weather|RainDance|[from] ability: Drizzle|[of] p1a: Weater report\n|turn|1\n|\n|t:|1699819133\n|switch|p1a: Sindel|Tapu Fini, shiny|100\/100\n|-fieldstart|move: Misty Terrain|[from] ability: Misty Surge|[of] p1a: Sindel\n|move|p2a: S.C.P|Energy Ball|p1a: Sindel\n|-supereffective|p1a: Sindel\n|-damage|p1a: Sindel|42\/100\n|\n|-weather|RainDance|[upkeep]\n|-heal|p1a: Sindel|48\/100|[from] item: Leftovers\n|upkeep\n|turn|2\n|\n|t:|1699819152\n|move|p2a: S.C.P|Energy Ball|p1a: Sindel\n|-supereffective|p1a: Sindel\n|-damage|p1a: Sindel|0 fnt\n|faint|p1a: Sindel\n|-ability|p2a: S.C.P|Beast Boost|boost\n|-boost|p2a: S.C.P|spa|1\n|\n|-weather|RainDance|[upkeep]\n|upkeep\n|\n|t:|1699819157\n|switch|p1a: Jatziri|Swampert, F|100\/100\n|turn|3\n|\n|t:|1699819163\n|detailschange|p1a: Jatziri|Swampert-Mega, F\n|-mega|p1a: Jatziri|Swampert|Swampertite\n|-terastallize|p2a: S.C.P|Grass\n|move|p1a: Jatziri|Earthquake|p2a: S.C.P\n|-resisted|p2a: S.C.P\n|-damage|p2a: S.C.P|58\/100\n|move|p2a: S.C.P|Energy Ball|p1a: Jatziri\n|-supereffective|p1a: Jatziri\n|-damage|p1a: Jatziri|0 fnt\n|faint|p1a: Jatziri\n|-ability|p2a: S.C.P|Beast Boost|boost\n|-boost|p2a: S.C.P|spa|1\n|\n|-weather|RainDance|[upkeep]\n|upkeep\n|\n|t:|1699819169\n|switch|p1a: Shredder|Golisopod, M|100\/100\n|turn|4\n|\n|t:|1699819176\n|switch|p2a: te vo a garchar|Mawile, F|100\/100\n|-ability|p2a: te vo a garchar|Intimidate|boost\n|-unboost|p1a: Shredder|atk|1\n|move|p1a: Shredder|First Impression|p2a: te vo a garchar\n|-resisted|p2a: te vo a garchar\n|-damage|p2a: te vo a garchar|89\/100\n|\n|-weather|RainDance|[upkeep]\n|upkeep\n|turn|5\n|\n|t:|1699819188\n|switch|p1a: Samsung|Rotom-Wash|100\/100\n|detailschange|p2a: te vo a garchar|Mawile-Mega, F\n|-mega|p2a: te vo a garchar|Mawile|Mawilite\n|move|p2a: te vo a garchar|Play Rough|p1a: Samsung\n|-damage|p1a: Samsung|1\/100\n|\n|-weather|RainDance|[upkeep]\n|-fieldend|Misty Terrain\n|upkeep\n|turn|6\n|\n|t:|1699819195\n|move|p2a: te vo a garchar|Sucker Punch||[still]\n|-fail|p2a: te vo a garchar\n|move|p1a: Samsung|Will-O-Wisp|p2a: te vo a garchar\n|-status|p2a: te vo a garchar|brn\n|\n|-weather|RainDance|[upkeep]\n|-damage|p2a: te vo a garchar|83\/100 brn|[from] brn\n|upkeep\n|turn|7\n|\n|t:|1699819206\n|switch|p1a: Shredder|Golisopod, M|100\/100\n|move|p2a: te vo a garchar|Iron Head|p1a: Shredder\n|-resisted|p1a: Shredder\n|-damage|p1a: Shredder|86\/100\n|\n|-weather|RainDance|[upkeep]\n|-damage|p2a: te vo a garchar|77\/100 brn|[from] brn\n|upkeep\n|turn|8\n|j| WSoldat\n|\n|t:|1699819214\n|move|p2a: te vo a garchar|Play Rough|p1a: Shredder\n|-damage|p1a: Shredder|50\/100\n|-activate|p1a: Shredder|ability: Emergency Exit\n|\n|t:|1699819220\n|switch|p1a: Bonk|Ogerpon-Wellspring, F|100\/100\n|\n|-weather|none\n|-damage|p2a: te vo a garchar|71\/100 brn|[from] brn\n|upkeep\n|turn|9\n|\n|t:|1699819227\n|move|p1a: Bonk|Swords Dance|p1a: Bonk\n|-boost|p1a: Bonk|atk|2\n|move|p2a: te vo a garchar|Play Rough|p1a: Bonk\n|-damage|p1a: Bonk|40\/100\n|\n|-damage|p2a: te vo a garchar|65\/100 brn|[from] brn\n|upkeep\n|turn|10\n|\n|t:|1699819244\n|switch|p1a: Weater report|Pelipper, M|100\/100\n|-weather|RainDance|[from] ability: Drizzle|[of] p1a: Weater report\n|move|p2a: te vo a garchar|Sucker Punch||[still]\n|-fail|p2a: te vo a garchar\n|\n|-weather|RainDance|[upkeep]\n|-damage|p2a: te vo a garchar|59\/100 brn|[from] brn\n|upkeep\n|turn|11\n|\n|t:|1699819252\n|move|p2a: te vo a garchar|Play Rough|p1a: Weater report\n|-damage|p1a: Weater report|66\/100\n|move|p1a: Weater report|Scald|p2a: te vo a garchar\n|-damage|p2a: te vo a garchar|6\/100 brn\n|\n|-weather|RainDance|[upkeep]\n|-damage|p2a: te vo a garchar|0 fnt|[from] brn\n|faint|p2a: te vo a garchar\n|upkeep\n|\n|t:|1699819265\n|switch|p2a: spamton neo|Porygon-Z|100\/100\n|turn|12\n|\n|t:|1699819274\n|-zpower|p2a: spamton neo\n|move|p2a: spamton neo|Z-Conversion||[anim]Conversion|[still]\n|-boost|p2a: spamton neo|atk|1|[zeffect]\n|-boost|p2a: spamton neo|def|1|[zeffect]\n|-boost|p2a: spamton neo|spa|1|[zeffect]\n|-boost|p2a: spamton neo|spd|1|[zeffect]\n|-boost|p2a: spamton neo|spe|1|[zeffect]\n|-fail|p2a: spamton neo\n|move|p1a: Weater report|Scald|p2a: spamton neo\n|-damage|p2a: spamton neo|64\/100\n|-status|p2a: spamton neo|brn\n|\n|-weather|RainDance|[upkeep]\n|-damage|p2a: spamton neo|57\/100 brn|[from] brn\n|upkeep\n|turn|13\n|\n|t:|1699819287\n|switch|p1a: Samsung|Rotom-Wash|1\/100\n|move|p2a: spamton neo|Thunderbolt|p1a: Samsung\n|-damage|p1a: Samsung|0 fnt\n|faint|p1a: Samsung\n|\n|-weather|RainDance|[upkeep]\n|-damage|p2a: spamton neo|51\/100 brn|[from] brn\n|upkeep\n|\n|t:|1699819293\n|switch|p1a: Shredder|Golisopod, M|50\/100\n|turn|14\n|\n|t:|1699819296\n|move|p1a: Shredder|First Impression|p2a: spamton neo\n|-damage|p2a: spamton neo|4\/100 brn\n|move|p2a: spamton neo|Thunderbolt|p1a: Shredder\n|-supereffective|p1a: Shredder\n|-damage|p1a: Shredder|0 fnt\n|faint|p1a: Shredder\n|\n|-weather|RainDance|[upkeep]\n|-damage|p2a: spamton neo|0 fnt|[from] brn\n|faint|p2a: spamton neo\n|upkeep\n|\n|t:|1699819305\n|switch|p2a: S.C.P|Xurkitree, tera:Grass|58\/100\n|switch|p1a: Weater report|Pelipper, M|66\/100\n|turn|15\n|\n|t:|1699819311\n|-terastallize|p1a: Weater report|Ground\n|move|p2a: S.C.P|Volt Switch|p1a: Weater report\n|-immune|p1a: Weater report\n|move|p1a: Weater report|Hurricane|p2a: S.C.P\n|-supereffective|p2a: S.C.P\n|-damage|p2a: S.C.P|0 fnt\n|faint|p2a: S.C.P\n|\n|-weather|RainDance|[upkeep]\n|upkeep\n|\n|t:|1699819320\n|switch|p2a: jevil|Sneasler, F|100\/100\n|turn|16\n|\n|t:|1699819325\n|move|p2a: jevil|Fake Out|p1a: Weater report\n|-enditem|p2a: jevil|Normal Gem|[from] gem\n|-damage|p1a: Weater report|51\/100\n|cant|p1a: Weater report|flinch\n|\n|-weather|RainDance|[upkeep]\n|upkeep\n|turn|17\n|\n|t:|1699819332\n|move|p2a: jevil|Acrobatics|p1a: Weater report\n|-damage|p1a: Weater report|20\/100\n|move|p1a: Weater report|Hurricane|p2a: jevil\n|-supereffective|p2a: jevil\n|-damage|p2a: jevil|0 fnt\n|faint|p2a: jevil\n|\n|-weather|none\n|upkeep\n|\n|t:|1699819341\n|switch|p2a: el tieso|Skeledirge, M|100\/100\n|turn|18\n|\n|t:|1699819345\n|move|p2a: el tieso|Torch Song|p1a: Weater report\n|-damage|p1a: Weater report|0 fnt\n|-boost|p2a: el tieso|spa|1\n|faint|p1a: Weater report\n|\n|upkeep\n|\n|t:|1699819348\n|switch|p1a: Bonk|Ogerpon-Wellspring, F|40\/100\n|turn|19\n|\n|t:|1699819352\n|move|p1a: Bonk|Ivy Cudgel|p2a: el tieso\n|-supereffective|p2a: el tieso\n|-damage|p2a: el tieso|0 fnt\n|faint|p2a: el tieso\n|\n|upkeep\n|\n|t:|1699819357\n|switch|p2a: ursaloco|Ursaluna, F|100\/100\n|turn|20\n|\n|t:|1699819363\n|move|p1a: Bonk|Ivy Cudgel|p2a: ursaloco\n|-supereffective|p2a: ursaloco\n|-crit|p2a: ursaloco\n|-damage|p2a: ursaloco|0 fnt\n|faint|p2a: ursaloco\n|\n|win|RARMolina\n|c|\u2606Sylveon(404)|gg\n|c|\u2606RARMolina|Gg\n","uploadtime":1699819371,"views":16,"p1id":"rarmolina","p2id":"sylveon404","formatid":"gen9nationaldex","rating":0,"private":0,"password":""}