{"id":"gen9nationaldex-1987390163","p1":"HeirEhm","p2":"PyroGaleZX","format":"[Gen 9] National Dex","log":"|j|\u2606HeirEhm\n|j|\u2606PyroGaleZX\n|t:|1699585216\n|gametype|singles\n|player|p1|HeirEhm|cynthia-gen7|\n|player|p2|PyroGaleZX|grusha|\n|teamsize|p1|6\n|teamsize|p2|6\n|gen|9\n|tier|[Gen 9] National Dex\n|rule|HP Percentage Mod: HP is shown in percentages\n|rule|Endless Battle Clause: Forcing endless battles is banned\n|rule|OHKO Clause: OHKO moves are banned\n|rule|Evasion Clause: Evasion abilities, items, and moves are banned\n|rule|Evasion Abilities Clause: Evasion abilities are banned\n|rule|Evasion Items Clause: Evasion items are banned\n|rule|Evasion Moves Clause: Evasion moves are banned\n|rule|Species Clause: Limit one of each Pok\u00e9mon\n|rule|Sleep Clause Mod: Limit one foe put to sleep\n|clearpoke\n|poke|p1|Garganacl, M|\n|poke|p1|Ceruledge, F|\n|poke|p1|Klefki, F|\n|poke|p1|Electrode-Hisui|\n|poke|p1|Chansey, F|\n|poke|p1|Murkrow, F|\n|poke|p2|Samurott-Hisui, M|\n|poke|p2|Enamorus-Therian, F|\n|poke|p2|Arcanine, F|\n|poke|p2|Umbreon, M|\n|poke|p2|Spiritomb, F|\n|poke|p2|Pawmo, M|\n|teampreview\n|\n|t:|1699585355\n|start\n|switch|p1a: Beyblade beyblade|Electrode-Hisui|100\/100\n|switch|p2a: Samurott|Samurott-Hisui, M|100\/100\n|turn|1\n|\n|t:|1699585360\n|switch|p2a: Pawmo|Pawmo, M|100\/100\n|move|p1a: Beyblade beyblade|Thunderbolt|p2a: Pawmo\n|-resisted|p2a: Pawmo\n|-damage|p2a: Pawmo|82\/100\n|-damage|p1a: Beyblade beyblade|91\/100|[from] item: Life Orb\n|\n|upkeep\n|turn|2\n|\n|t:|1699585370\n|switch|p1a: SWORDSFORHANDS|Ceruledge, F|100\/100\n|move|p2a: Pawmo|Fake Out|p1a: SWORDSFORHANDS\n|-immune|p1a: SWORDSFORHANDS\n|\n|upkeep\n|turn|3\n|\n|t:|1699585384\n|switch|p2a: Arcanine|Arcanine, F|100\/100\n|-ability|p2a: Arcanine|Intimidate|boost\n|-unboost|p1a: SWORDSFORHANDS|atk|1\n|move|p1a: SWORDSFORHANDS|Bulk Up|p1a: SWORDSFORHANDS\n|-boost|p1a: SWORDSFORHANDS|atk|1\n|-boost|p1a: SWORDSFORHANDS|def|1\n|\n|upkeep\n|turn|4\n|\n|t:|1699585416\n|move|p1a: SWORDSFORHANDS|Bitter Blade|p2a: Arcanine\n|-resisted|p2a: Arcanine\n|-damage|p2a: Arcanine|84\/100\n|move|p2a: Arcanine|Roar|p1a: SWORDSFORHANDS\n|drag|p1a: RegiSalt|Garganacl, M, shiny|100\/100\n|\n|upkeep\n|turn|5\n|\n|t:|1699585474\n|switch|p2a: Pawmo|Pawmo, M|82\/100\n|move|p1a: RegiSalt|Salt Cure|p2a: Pawmo\n|-resisted|p2a: Pawmo\n|-damage|p2a: Pawmo|71\/100\n|-start|p2a: Pawmo|Salt Cure\n|\n|-damage|p2a: Pawmo|59\/100|[from] Salt Cure\n|upkeep\n|turn|6\n|\n|t:|1699585512\n|move|p2a: Pawmo|Fake Out|p1a: RegiSalt\n|-resisted|p1a: RegiSalt\n|-crit|p1a: RegiSalt\n|-damage|p1a: RegiSalt|97\/100\n|cant|p1a: RegiSalt|flinch\n|\n|-heal|p1a: RegiSalt|100\/100|[from] item: Leftovers\n|-damage|p2a: Pawmo|47\/100|[from] Salt Cure\n|upkeep\n|turn|7\n|\n|t:|1699585541\n|move|p2a: Pawmo|Wish|p2a: Pawmo\n|move|p1a: RegiSalt|Body Press|p2a: Pawmo\n|-damage|p2a: Pawmo|14\/100\n|\n|-damage|p2a: Pawmo|2\/100|[from] Salt Cure\n|upkeep\n|turn|8\n|\n|t:|1699585574\n|switch|p2a: Samurott|Samurott-Hisui, M|100\/100\n|move|p1a: RegiSalt|Iron Defense|p1a: RegiSalt\n|-boost|p1a: RegiSalt|def|2\n|\n|upkeep\n|turn|9\n|\n|t:|1699585604\n|-terastallize|p2a: Samurott|Ghost\n|move|p2a: Samurott|Ceaseless Edge|p1a: RegiSalt\n|-damage|p1a: RegiSalt|77\/100\n|-sidestart|p1: HeirEhm|Spikes\n|move|p1a: RegiSalt|Salt Cure|p2a: Samurott\n|-damage|p2a: Samurott|81\/100\n|-start|p2a: Samurott|Salt Cure\n|\n|-heal|p1a: RegiSalt|84\/100|[from] item: Leftovers\n|-damage|p2a: Samurott|69\/100|[from] Salt Cure\n|upkeep\n|turn|10\n|\n|t:|1699585618\n|switch|p2a: Pawmo|Pawmo, M|2\/100\n|move|p1a: RegiSalt|Iron Defense|p1a: RegiSalt\n|-boost|p1a: RegiSalt|def|2\n|\n|-heal|p1a: RegiSalt|90\/100|[from] item: Leftovers\n|upkeep\n|turn|11\n|\n|t:|1699585634\n|move|p2a: Pawmo|Volt Switch|p1a: RegiSalt\n|-damage|p1a: RegiSalt|81\/100\n|\n|t:|1699585639\n|switch|p2a: Arcanine|Arcanine, F|84\/100|[from] Volt Switch\n|-ability|p2a: Arcanine|Intimidate|boost\n|-unboost|p1a: RegiSalt|atk|1\n|move|p1a: RegiSalt|Salt Cure|p2a: Arcanine\n|-supereffective|p2a: Arcanine\n|-damage|p2a: Arcanine|70\/100\n|-start|p2a: Arcanine|Salt Cure\n|\n|-heal|p1a: RegiSalt|88\/100|[from] item: Leftovers\n|-damage|p2a: Arcanine|57\/100|[from] Salt Cure\n|upkeep\n|turn|12\n|\n|t:|1699585663\n|switch|p2a: Pawmo|Pawmo, M|2\/100\n|move|p1a: RegiSalt|Body Press|p2a: Pawmo\n|-damage|p2a: Pawmo|0 fnt\n|faint|p2a: Pawmo\n|\n|-heal|p1a: RegiSalt|94\/100|[from] item: Leftovers\n|upkeep\n|\n|t:|1699585674\n|switch|p2a: Samurott|Samurott-Hisui, M, tera:Ghost|69\/100\n|turn|13\n|\n|t:|1699585686\n|move|p2a: Samurott|Razor Shell|p1a: RegiSalt\n|-supereffective|p1a: RegiSalt\n|-damage|p1a: RegiSalt|58\/100\n|-unboost|p1a: RegiSalt|def|1\n|move|p1a: RegiSalt|Salt Cure|p2a: Samurott\n|-damage|p2a: Samurott|56\/100\n|-start|p2a: Samurott|Salt Cure\n|\n|-heal|p1a: RegiSalt|64\/100|[from] item: Leftovers\n|-damage|p2a: Samurott|43\/100|[from] Salt Cure\n|upkeep\n|turn|14\n|\n|t:|1699585697\n|move|p2a: Samurott|Razor Shell|p1a: RegiSalt\n|-supereffective|p1a: RegiSalt\n|-damage|p1a: RegiSalt|21\/100\n|-unboost|p1a: RegiSalt|def|1\n|move|p1a: RegiSalt|Recover|p1a: RegiSalt\n|-heal|p1a: RegiSalt|71\/100\n|\n|-heal|p1a: RegiSalt|77\/100|[from] item: Leftovers\n|-damage|p2a: Samurott|31\/100|[from] Salt Cure\n|upkeep\n|turn|15\n|\n|t:|1699585725\n|switch|p1a: Murkrow|Murkrow, F|100\/100\n|move|p2a: Samurott|Razor Shell|p1a: Murkrow|[miss]\n|-miss|p2a: Samurott|p1a: Murkrow\n|\n|-damage|p2a: Samurott|19\/100|[from] Salt Cure\n|upkeep\n|turn|16\n|\n|t:|1699585737\n|switch|p2a: Umbreon|Umbreon, M|100\/100\n|move|p1a: Murkrow|Defog|p2a: Umbreon\n|-hint|Since gen 7, Dark is immune to Prankster moves.\n|-immune|p2a: Umbreon\n|\n|upkeep\n|turn|17\n|\n|t:|1699585764\n|switch|p1a: RegiSalt|Garganacl, M, shiny|77\/100\n|-damage|p1a: RegiSalt|65\/100|[from] Spikes\n|move|p2a: Umbreon|Toxic|p1a: RegiSalt\n|-immune|p1a: RegiSalt|[from] ability: Purifying Salt\n|\n|-heal|p1a: RegiSalt|71\/100|[from] item: Leftovers\n|upkeep\n|turn|18\n|\n|t:|1699585771\n|move|p2a: Umbreon|Foul Play|p1a: RegiSalt\n|-damage|p1a: RegiSalt|50\/100\n|move|p1a: RegiSalt|Salt Cure|p2a: Umbreon\n|-damage|p2a: Umbreon|89\/100\n|-start|p2a: Umbreon|Salt Cure\n|\n|-heal|p2a: Umbreon|95\/100|[from] item: Leftovers\n|-heal|p1a: RegiSalt|57\/100|[from] item: Leftovers\n|-damage|p2a: Umbreon|83\/100|[from] Salt Cure\n|upkeep\n|turn|19\n|\n|t:|1699585797\n|switch|p2a: Enamorus|Enamorus-Therian, F|100\/100\n|move|p1a: RegiSalt|Salt Cure|p2a: Enamorus\n|-supereffective|p2a: Enamorus\n|-damage|p2a: Enamorus|76\/100\n|-start|p2a: Enamorus|Salt Cure\n|\n|-heal|p1a: RegiSalt|63\/100|[from] item: Leftovers\n|-damage|p2a: Enamorus|64\/100|[from] Salt Cure\n|upkeep\n|turn|20\n|\n|t:|1699585814\n|move|p2a: Enamorus|Calm Mind|p2a: Enamorus\n|-boost|p2a: Enamorus|spa|1\n|-boost|p2a: Enamorus|spd|1\n|move|p1a: RegiSalt|Recover|p1a: RegiSalt\n|-heal|p1a: RegiSalt|100\/100\n|\n|-damage|p2a: Enamorus|51\/100|[from] Salt Cure\n|upkeep\n|turn|21\n|\n|t:|1699585834\n|move|p2a: Enamorus|Calm Mind|p2a: Enamorus\n|-boost|p2a: Enamorus|spa|1\n|-boost|p2a: Enamorus|spd|1\n|move|p1a: RegiSalt|Salt Cure|p2a: Enamorus\n|-supereffective|p2a: Enamorus\n|-damage|p2a: Enamorus|27\/100\n|\n|-damage|p2a: Enamorus|15\/100|[from] Salt Cure\n|upkeep\n|turn|22\n|\n|t:|1699585858\n|switch|p1a: Jingle Jingle|Klefki, F|100\/100\n|-damage|p1a: Jingle Jingle|88\/100|[from] Spikes\n|move|p2a: Enamorus|Draining Kiss|p1a: Jingle Jingle\n|-resisted|p1a: Jingle Jingle\n|-damage|p1a: Jingle Jingle|51\/100\n|-heal|p2a: Enamorus|47\/100|[from] drain|[of] p1a: Jingle Jingle\n|\n|-damage|p2a: Enamorus|35\/100|[from] Salt Cure\n|upkeep\n|turn|23\n|\n|t:|1699585875\n|move|p1a: Jingle Jingle|Reflect|p1a: Jingle Jingle\n|-sidestart|p1: HeirEhm|Reflect\n|move|p2a: Enamorus|Earth Power|p1a: Jingle Jingle\n|-supereffective|p1a: Jingle Jingle\n|-damage|p1a: Jingle Jingle|0 fnt\n|faint|p1a: Jingle Jingle\n|\n|-damage|p2a: Enamorus|23\/100|[from] Salt Cure\n|upkeep\n|\n|t:|1699585922\n|switch|p1a: Beyblade beyblade|Electrode-Hisui|91\/100\n|-damage|p1a: Beyblade beyblade|78\/100|[from] Spikes\n|turn|24\n|j| lunchbox5536\n|\n|t:|1699585939\n|switch|p2a: Umbreon|Umbreon, M|83\/100\n|move|p1a: Beyblade beyblade|Thunderbolt|p2a: Umbreon\n|-damage|p2a: Umbreon|60\/100\n|-damage|p1a: Beyblade beyblade|68\/100|[from] item: Life Orb\n|\n|-heal|p2a: Umbreon|66\/100|[from] item: Leftovers\n|upkeep\n|turn|25\n|\n|t:|1699585967\n|move|p1a: Beyblade beyblade|Volt Switch|p2a: Umbreon\n|-damage|p2a: Umbreon|49\/100\n|-damage|p1a: Beyblade beyblade|58\/100|[from] item: Life Orb\n|\n|t:|1699585982\n|switch|p1a: RegiSalt|Garganacl, M, shiny|100\/100|[from] Volt Switch\n|-damage|p1a: RegiSalt|88\/100|[from] Spikes\n|move|p2a: Umbreon|Foul Play|p1a: RegiSalt\n|-damage|p1a: RegiSalt|78\/100\n|\n|-heal|p2a: Umbreon|55\/100|[from] item: Leftovers\n|-heal|p1a: RegiSalt|84\/100|[from] item: Leftovers\n|upkeep\n|turn|26\n|\n|t:|1699585996\n|move|p2a: Umbreon|Wish|p2a: Umbreon\n|move|p1a: RegiSalt|Salt Cure|p2a: Umbreon\n|-damage|p2a: Umbreon|43\/100\n|-start|p2a: Umbreon|Salt Cure\n|\n|-heal|p2a: Umbreon|49\/100|[from] item: Leftovers\n|-heal|p1a: RegiSalt|90\/100|[from] item: Leftovers\n|-damage|p2a: Umbreon|37\/100|[from] Salt Cure\n|upkeep\n|turn|27\n|\n|t:|1699586001\n|switch|p2a: Enamorus|Enamorus-Therian, F|23\/100\n|move|p1a: RegiSalt|Iron Defense|p1a: RegiSalt\n|-boost|p1a: RegiSalt|def|2\n|\n|-heal|p2a: Enamorus|79\/100|[from] move: Wish|[wisher] Umbreon\n|-heal|p1a: RegiSalt|96\/100|[from] item: Leftovers\n|upkeep\n|turn|28\n|\n|t:|1699586009\n|move|p2a: Enamorus|Calm Mind|p2a: Enamorus\n|-boost|p2a: Enamorus|spa|1\n|-boost|p2a: Enamorus|spd|1\n|move|p1a: RegiSalt|Salt Cure|p2a: Enamorus\n|-supereffective|p2a: Enamorus\n|-damage|p2a: Enamorus|51\/100\n|-start|p2a: Enamorus|Salt Cure\n|\n|-heal|p1a: RegiSalt|100\/100|[from] item: Leftovers\n|-damage|p2a: Enamorus|39\/100|[from] Salt Cure\n|upkeep\n|turn|29\n|\n|t:|1699586025\n|move|p2a: Enamorus|Draining Kiss|p1a: RegiSalt\n|-damage|p1a: RegiSalt|71\/100\n|-heal|p2a: Enamorus|72\/100|[from] drain|[of] p1a: RegiSalt\n|move|p1a: RegiSalt|Salt Cure|p2a: Enamorus\n|-supereffective|p2a: Enamorus\n|-damage|p2a: Enamorus|48\/100\n|\n|-heal|p1a: RegiSalt|77\/100|[from] item: Leftovers\n|-damage|p2a: Enamorus|36\/100|[from] Salt Cure\n|upkeep\n|turn|30\n|\n|t:|1699586052\n|move|p2a: Enamorus|Draining Kiss|p1a: RegiSalt\n|-damage|p1a: RegiSalt|47\/100\n|-heal|p2a: Enamorus|70\/100|[from] drain|[of] p1a: RegiSalt\n|move|p1a: RegiSalt|Body Press|p2a: Enamorus\n|-resisted|p2a: Enamorus\n|-damage|p2a: Enamorus|61\/100\n|\n|-heal|p1a: RegiSalt|53\/100|[from] item: Leftovers\n|-damage|p2a: Enamorus|48\/100|[from] Salt Cure\n|-sideend|p1: HeirEhm|Reflect\n|upkeep\n|turn|31\n|\n|t:|1699586114\n|move|p2a: Enamorus|Earth Power|p1a: RegiSalt\n|-supereffective|p1a: RegiSalt\n|-damage|p1a: RegiSalt|0 fnt\n|faint|p1a: RegiSalt\n|\n|-damage|p2a: Enamorus|36\/100|[from] Salt Cure\n|upkeep\n|\n|t:|1699586117\n|switch|p1a: Beyblade beyblade|Electrode-Hisui|58\/100\n|-damage|p1a: Beyblade beyblade|46\/100|[from] Spikes\n|turn|32\n|\n|t:|1699586132\n|move|p1a: Beyblade beyblade|Thunderbolt|p2a: Enamorus\n|-supereffective|p2a: Enamorus\n|-damage|p2a: Enamorus|0 fnt\n|faint|p2a: Enamorus\n|-damage|p1a: Beyblade beyblade|36\/100|[from] item: Life Orb\n|\n|upkeep\n|\n|t:|1699586136\n|switch|p2a: Spiritomb|Spiritomb, F, shiny|100\/100\n|turn|33\n|\n|t:|1699586155\n|move|p1a: Beyblade beyblade|Thunderbolt|p2a: Spiritomb\n|-damage|p2a: Spiritomb|53\/100\n|-damage|p1a: Beyblade beyblade|26\/100|[from] item: Life Orb\n|move|p2a: Spiritomb|Calm Mind|p2a: Spiritomb\n|-boost|p2a: Spiritomb|spa|1\n|-boost|p2a: Spiritomb|spd|1\n|\n|upkeep\n|turn|34\n|\n|t:|1699586162\n|move|p1a: Beyblade beyblade|Thunderbolt|p2a: Spiritomb\n|-damage|p2a: Spiritomb|24\/100\n|-damage|p1a: Beyblade beyblade|16\/100|[from] item: Life Orb\n|move|p2a: Spiritomb|Rest|p2a: Spiritomb\n|-status|p2a: Spiritomb|slp|[from] move: Rest\n|-heal|p2a: Spiritomb|100\/100 slp|[silent]\n|\n|upkeep\n|turn|35\n|\n|t:|1699586169\n|move|p1a: Beyblade beyblade|Thunderbolt|p2a: Spiritomb\n|-damage|p2a: Spiritomb|68\/100 slp\n|-damage|p1a: Beyblade beyblade|6\/100|[from] item: Life Orb\n|cant|p2a: Spiritomb|slp\n|move|p2a: Spiritomb|Sleep Talk|p2a: Spiritomb\n|move|p2a: Spiritomb|Dark Pulse|p1a: Beyblade beyblade|[from]move: Sleep Talk\n|-damage|p1a: Beyblade beyblade|0 fnt\n|faint|p1a: Beyblade beyblade\n|\n|upkeep\n|\n|t:|1699586177\n|switch|p1a: SWORDSFORHANDS|Ceruledge, F|100\/100\n|turn|36\n|\n|t:|1699586194\n|-terastallize|p1a: SWORDSFORHANDS|Water\n|move|p1a: SWORDSFORHANDS|Bulk Up|p1a: SWORDSFORHANDS\n|-boost|p1a: SWORDSFORHANDS|atk|1\n|-boost|p1a: SWORDSFORHANDS|def|1\n|cant|p2a: Spiritomb|slp\n|move|p2a: Spiritomb|Sleep Talk|p2a: Spiritomb\n|move|p2a: Spiritomb|Calm Mind|p2a: Spiritomb|[from]move: Sleep Talk\n|-boost|p2a: Spiritomb|spa|1\n|-boost|p2a: Spiritomb|spd|1\n|\n|upkeep\n|turn|37\n|\n|t:|1699586208\n|move|p1a: SWORDSFORHANDS|Bitter Blade|p2a: Spiritomb\n|-damage|p2a: Spiritomb|0 fnt\n|faint|p2a: Spiritomb\n|\n|upkeep\n|\n|t:|1699586214\n|switch|p2a: Samurott|Samurott-Hisui, M, tera:Ghost|19\/100\n|turn|38\n|\n|t:|1699586224\n|move|p1a: SWORDSFORHANDS|Shadow Sneak|p2a: Samurott\n|-supereffective|p2a: Samurott\n|-damage|p2a: Samurott|0 fnt\n|faint|p2a: Samurott\n|\n|upkeep\n|\n|t:|1699586229\n|switch|p2a: Umbreon|Umbreon, M|37\/100\n|turn|39\n|\n|t:|1699586233\n|move|p1a: SWORDSFORHANDS|Bitter Blade|p2a: Umbreon\n|-damage|p2a: Umbreon|0 fnt\n|faint|p2a: Umbreon\n|\n|upkeep\n|\n|t:|1699586236\n|switch|p2a: Arcanine|Arcanine, F|57\/100\n|-ability|p2a: Arcanine|Intimidate|boost\n|-unboost|p1a: SWORDSFORHANDS|atk|1\n|turn|40\n|\n|t:|1699586241\n|move|p1a: SWORDSFORHANDS|Brick Break|p2a: Arcanine\n|-damage|p2a: Arcanine|37\/100\n|move|p2a: Arcanine|Flare Blitz|p1a: SWORDSFORHANDS\n|-resisted|p1a: SWORDSFORHANDS\n|-damage|p1a: SWORDSFORHANDS|79\/100\n|-ability|p1a: SWORDSFORHANDS|Weak Armor|boost\n|-unboost|p1a: SWORDSFORHANDS|def|1\n|-boost|p1a: SWORDSFORHANDS|spe|2\n|-damage|p2a: Arcanine|31\/100|[from] Recoil\n|\n|upkeep\n|turn|41\n|\n|t:|1699586249\n|move|p1a: SWORDSFORHANDS|Brick Break|p2a: Arcanine\n|-damage|p2a: Arcanine|13\/100\n|move|p2a: Arcanine|Flare Blitz|p1a: SWORDSFORHANDS\n|-resisted|p1a: SWORDSFORHANDS\n|-damage|p1a: SWORDSFORHANDS|47\/100\n|-ability|p1a: SWORDSFORHANDS|Weak Armor|boost\n|-unboost|p1a: SWORDSFORHANDS|def|1\n|-boost|p1a: SWORDSFORHANDS|spe|2\n|-damage|p2a: Arcanine|5\/100|[from] Recoil\n|\n|upkeep\n|turn|42\n|\n|t:|1699586258\n|move|p1a: SWORDSFORHANDS|Bitter Blade|p2a: Arcanine\n|-resisted|p2a: Arcanine\n|-damage|p2a: Arcanine|0 fnt\n|-heal|p1a: SWORDSFORHANDS|50\/100|[from] drain|[of] p2a: Arcanine\n|faint|p2a: Arcanine\n|\n|win|HeirEhm\n","uploadtime":1699586262,"views":5,"p1id":"heirehm","p2id":"pyrogalezx","formatid":"gen9nationaldex","rating":0,"private":0,"password":""}