{"id":"gen9nationaldex-1991711127","p1":"PanaMomos","p2":"Tank Tests","format":"[Gen 9] National Dex","log":"|j|\u2606PanaMomos\n|j|\u2606Tank Tests\n|t:|1700105583\n|gametype|singles\n|player|p1|PanaMomos|2|1430\n|player|p2|Tank Tests|2|1357\n|teamsize|p1|6\n|teamsize|p2|6\n|gen|9\n|tier|[Gen 9] National Dex\n|rated|\n|rule|HP Percentage Mod: HP is shown in percentages\n|rule|Endless Battle Clause: Forcing endless battles is banned\n|rule|OHKO Clause: OHKO moves are banned\n|rule|Evasion Clause: Evasion abilities, items, and moves are banned\n|rule|Evasion Abilities Clause: Evasion abilities are banned\n|rule|Evasion Items Clause: Evasion items are banned\n|rule|Evasion Moves Clause: Evasion moves are banned\n|rule|Species Clause: Limit one of each Pok\u00e9mon\n|rule|Sleep Clause Mod: Limit one foe put to sleep\n|clearpoke\n|poke|p1|Volcarona, M|\n|poke|p1|Conkeldurr, F|\n|poke|p1|Bouffalant, M|\n|poke|p1|Krookodile, M|\n|poke|p1|Chandelure, M|\n|poke|p1|Druddigon, M|\n|poke|p2|Pawmot, F|\n|poke|p2|Rabsca, M|\n|poke|p2|Banette, F|\n|poke|p2|Victini|\n|poke|p2|Dragonite, F|\n|poke|p2|Forretress, M|\n|teampreview\n|\n|t:|1700105594\n|start\n|switch|p1a: Conkeldurr|Conkeldurr, F|100\/100\n|switch|p2a: Banette|Banette, F|100\/100\n|turn|1\n|inactive|Battle timer is ON: inactive players will automatically lose when time's up. (requested by PanaMomos)\n|\n|t:|1700105600\n|detailschange|p2a: Banette|Banette-Mega, F\n|-mega|p2a: Banette|Banette|Banettite\n|move|p2a: Banette|Destiny Bond|p2a: Banette\n|-singlemove|p2a: Banette|Destiny Bond\n|move|p1a: Conkeldurr|Knock Off|p2a: Banette\n|-supereffective|p2a: Banette\n|-damage|p2a: Banette|0 fnt\n|faint|p2a: Banette\n|-activate|p2a: Banette|move: Destiny Bond\n|faint|p1a: Conkeldurr\n|\n|upkeep\n|\n|t:|1700105622\n|switch|p2a: Victini|Victini|100\/100\n|switch|p1a: Chandelure|Chandelure, M|100\/100\n|turn|2\n|\n|t:|1700105628\n|move|p2a: Victini|Zen Headbutt|p1a: Chandelure\n|-crit|p1a: Chandelure\n|-damage|p1a: Chandelure|24\/100\n|move|p1a: Chandelure|Shadow Ball|p2a: Victini\n|-supereffective|p2a: Victini\n|-damage|p2a: Victini|14\/100\n|\n|upkeep\n|turn|3\n|\n|t:|1700105634\n|switch|p1a: Krookodile|Krookodile, M|100\/100\n|move|p2a: Victini|Zen Headbutt|p1a: Krookodile\n|-immune|p1a: Krookodile\n|\n|upkeep\n|turn|4\n|\n|t:|1700105636\n|switch|p2a: Forretress|Forretress, M|100\/100\n|move|p1a: Krookodile|Knock Off|p2a: Forretress\n|-damage|p2a: Forretress|67\/100\n|-enditem|p2a: Forretress|Heavy-Duty Boots|[from] move: Knock Off|[of] p1a: Krookodile\n|\n|upkeep\n|turn|5\n|\n|t:|1700105642\n|switch|p1a: Chandelure|Chandelure, M|24\/100\n|move|p2a: Forretress|Stealth Rock|p1a: Chandelure\n|-sidestart|p1: PanaMomos|move: Stealth Rock\n|\n|upkeep\n|turn|6\n|\n|t:|1700105647\n|move|p1a: Chandelure|Flamethrower|p2a: Forretress\n|-supereffective|p2a: Forretress\n|-damage|p2a: Forretress|0 fnt\n|faint|p2a: Forretress\n|\n|upkeep\n|\n|t:|1700105650\n|switch|p2a: Victini|Victini|14\/100\n|turn|7\n|\n|t:|1700105654\n|move|p2a: Victini|Zen Headbutt|p1a: Chandelure\n|-damage|p1a: Chandelure|0 fnt\n|faint|p1a: Chandelure\n|\n|upkeep\n|\n|t:|1700105657\n|switch|p1a: Krookodile|Krookodile, M|100\/100\n|-damage|p1a: Krookodile|94\/100|[from] Stealth Rock\n|turn|8\n|\n|t:|1700105659\n|move|p2a: Victini|Zen Headbutt|p1a: Krookodile\n|-immune|p1a: Krookodile\n|move|p1a: Krookodile|Knock Off|p2a: Victini\n|-supereffective|p2a: Victini\n|-damage|p2a: Victini|0 fnt\n|-enditem|p2a: Victini|Choice Scarf|[from] move: Knock Off|[of] p1a: Krookodile\n|faint|p2a: Victini\n|-ability|p1a: Krookodile|Moxie|boost\n|-boost|p1a: Krookodile|atk|1\n|\n|upkeep\n|\n|t:|1700105664\n|switch|p2a: Pawmot|Pawmot, F|100\/100\n|turn|9\n|\n|t:|1700105667\n|switch|p1a: Druddigon|Druddigon, M|100\/100\n|-damage|p1a: Druddigon|88\/100|[from] Stealth Rock\n|move|p2a: Pawmot|Close Combat|p1a: Druddigon\n|-damage|p1a: Druddigon|42\/100\n|-unboost|p2a: Pawmot|def|1\n|-unboost|p2a: Pawmot|spd|1\n|-damage|p2a: Pawmot|88\/100|[from] ability: Rough Skin|[of] p1a: Druddigon\n|-damage|p2a: Pawmot|72\/100|[from] item: Rocky Helmet|[of] p1a: Druddigon\n|\n|upkeep\n|turn|10\n|\n|t:|1700105673\n|move|p2a: Pawmot|Revival Blessing|p2a: Pawmot\n|-enditem|p2a: Pawmot|Leppa Berry|[eat]\n|-activate|p2a: Pawmot|item: Leppa Berry|Revival Blessing|[consumed]\n|\n|t:|1700105677\n|-heal|p2: Banette|50\/100|[from] move: Revival Blessing\n|move|p1a: Druddigon|Stealth Rock|p2a: Pawmot\n|-sidestart|p2: Tank Tests|move: Stealth Rock\n|\n|upkeep\n|turn|11\n|\n|t:|1700105679\n|move|p2a: Pawmot|Revival Blessing|p2a: Pawmot\n|\n|t:|1700105682\n|-heal|p2: Victini|50\/100|[from] move: Revival Blessing\n|move|p1a: Druddigon|Dragon Tail|p2a: Pawmot\n|-damage|p2a: Pawmot|12\/100\n|drag|p2a: Victini|Victini|50\/100\n|-damage|p2a: Victini|25\/100|[from] Stealth Rock\n|\n|upkeep\n|turn|12\n|\n|t:|1700105695\n|move|p2a: Victini|Zen Headbutt|p1a: Druddigon\n|-damage|p1a: Druddigon|15\/100\n|-damage|p2a: Victini|13\/100|[from] ability: Rough Skin|[of] p1a: Druddigon\n|-damage|p2a: Victini|0 fnt|[from] item: Rocky Helmet|[of] p1a: Druddigon\n|faint|p2a: Victini\n|move|p1a: Druddigon|Glare|p2: Victini|[notarget]\n|-fail|p1a: Druddigon\n|\n|upkeep\n|\n|t:|1700105707\n|switch|p2a: Banette|Banette-Mega, F|50\/100\n|-damage|p2a: Banette|38\/100|[from] Stealth Rock\n|turn|13\n|\n|t:|1700105710\n|move|p2a: Banette|Poltergeist|p1a: Druddigon\n|-activate|p1a: Druddigon|move: Poltergeist|Rocky Helmet\n|-damage|p1a: Druddigon|0 fnt\n|faint|p1a: Druddigon\n|\n|upkeep\n|\n|t:|1700105718\n|switch|p1a: Bouffalant|Bouffalant, M|100\/100\n|-damage|p1a: Bouffalant|88\/100|[from] Stealth Rock\n|turn|14\n|\n|t:|1700105721\n|move|p2a: Banette|Destiny Bond|p2a: Banette\n|-singlemove|p2a: Banette|Destiny Bond\n|move|p1a: Bouffalant|Throat Chop|p2a: Banette\n|-supereffective|p2a: Banette\n|-damage|p2a: Banette|0 fnt\n|faint|p2a: Banette\n|-activate|p2a: Banette|move: Destiny Bond\n|faint|p1a: Bouffalant\n|\n|upkeep\n|\n|t:|1700105731\n|switch|p2a: Dragonite|Dragonite, F|100\/100\n|switch|p1a: Volcarona|Volcarona, M|100\/100\n|-damage|p2a: Dragonite|76\/100|[from] Stealth Rock\n|turn|15\n|\n|t:|1700105735\n|-terastallize|p1a: Volcarona|Fairy\n|move|p1a: Volcarona|Quiver Dance|p1a: Volcarona\n|-boost|p1a: Volcarona|spa|1\n|-boost|p1a: Volcarona|spd|1\n|-boost|p1a: Volcarona|spe|1\n|move|p2a: Dragonite|Dragon Dance|p2a: Dragonite\n|-boost|p2a: Dragonite|atk|1\n|-boost|p2a: Dragonite|spe|1\n|\n|upkeep\n|turn|16\n|\n|t:|1700105742\n|-terastallize|p2a: Dragonite|Normal\n|move|p2a: Dragonite|Extreme Speed|p1a: Volcarona\n|-damage|p1a: Volcarona|0 fnt\n|faint|p1a: Volcarona\n|\n|upkeep\n|\n|t:|1700105745\n|switch|p1a: Krookodile|Krookodile, M|94\/100\n|-damage|p1a: Krookodile|88\/100|[from] Stealth Rock\n|turn|17\n|\n|t:|1700105750\n|move|p2a: Dragonite|Extreme Speed|p1a: Krookodile\n|-damage|p1a: Krookodile|9\/100\n|move|p1a: Krookodile|Earthquake|p2a: Dragonite\n|-damage|p2a: Dragonite|20\/100\n|\n|upkeep\n|turn|18\n|-message|PanaMomos forfeited.\n|\n|win|Tank Tests\n|raw|PanaMomos's rating: 1430 &rarr; <strong>1406<\/strong><br \/>(-24 for losing)\n|raw|Tank Tests's rating: 1357 &rarr; <strong>1381<\/strong><br \/>(+24 for winning)\n|l|\u2606PanaMomos\n|c|\u2606Tank Tests|gg\n","uploadtime":1700105764,"views":4,"p1id":"panamomos","p2id":"tanktests","formatid":"gen9nationaldex","rating":1381,"private":0,"password":""}