{"id":"gen9nationaldex-1988459328","p1":"Olek826","p2":"Fealieya","format":"[Gen 9] National Dex","log":"|j|\u2606Olek826\n|j|\u2606Fealieya\n|t:|1699725207\n|gametype|singles\n|player|p1|Olek826|hiker-gen4|1117\n|player|p2|Fealieya|1|1091\n|teamsize|p1|6\n|teamsize|p2|6\n|gen|9\n|tier|[Gen 9] National Dex\n|rated|\n|rule|HP Percentage Mod: HP is shown in percentages\n|rule|Endless Battle Clause: Forcing endless battles is banned\n|rule|OHKO Clause: OHKO moves are banned\n|rule|Evasion Clause: Evasion abilities, items, and moves are banned\n|rule|Evasion Abilities Clause: Evasion abilities are banned\n|rule|Evasion Items Clause: Evasion items are banned\n|rule|Evasion Moves Clause: Evasion moves are banned\n|rule|Species Clause: Limit one of each Pok\u00e9mon\n|rule|Sleep Clause Mod: Limit one foe put to sleep\n|clearpoke\n|poke|p1|Magmar, F|\n|poke|p1|Seaking, M|\n|poke|p1|Politoed, F|\n|poke|p1|Ambipom, M|\n|poke|p1|Pinsir, M|\n|poke|p1|Weezing-Galar, F|\n|poke|p2|Banette, M|\n|poke|p2|Zapdos|\n|poke|p2|Nihilego|\n|poke|p2|Kartana|\n|poke|p2|Celesteela|\n|poke|p2|Entei|\n|teampreview\n|\n|t:|1699725215\n|start\n|switch|p1a: Weezing|Weezing-Galar, F|100\/100\n|switch|p2a: Nihilego|Nihilego|100\/100\n|turn|1\n|\n|t:|1699725220\n|move|p2a: Nihilego|Stealth Rock|p1a: Weezing\n|-sidestart|p1: Olek826|move: Stealth Rock\n|move|p1a: Weezing|Toxic Spikes|p2a: Nihilego\n|-sidestart|p2: Fealieya|move: Toxic Spikes\n|\n|upkeep\n|turn|2\n|\n|t:|1699725224\n|move|p2a: Nihilego|Toxic Spikes|p1a: Weezing\n|-sidestart|p1: Olek826|move: Toxic Spikes\n|move|p1a: Weezing|Toxic Spikes|p2a: Nihilego\n|-sidestart|p2: Fealieya|move: Toxic Spikes\n|\n|upkeep\n|turn|3\n|\n|t:|1699725233\n|switch|p1a: Politoed|Politoed, F|100\/100\n|-damage|p1a: Politoed|88\/100|[from] Stealth Rock\n|-status|p1a: Politoed|psn\n|-weather|RainDance|[from] ability: Drizzle|[of] p1a: Politoed\n|move|p2a: Nihilego|Toxic Spikes|p1a: Politoed\n|-sidestart|p1: Olek826|move: Toxic Spikes\n|\n|-weather|RainDance|[upkeep]\n|-damage|p1a: Politoed|76\/100 psn|[from] psn\n|upkeep\n|turn|4\n|\n|t:|1699725237\n|move|p2a: Nihilego|Sludge Wave|p1a: Politoed\n|-damage|p1a: Politoed|34\/100 psn\n|move|p1a: Politoed|Surf|p2a: Nihilego\n|-supereffective|p2a: Nihilego\n|-damage|p2a: Nihilego|20\/100\n|\n|-weather|RainDance|[upkeep]\n|-heal|p2a: Nihilego|27\/100|[from] item: Leftovers\n|-damage|p1a: Politoed|21\/100 psn|[from] psn\n|upkeep\n|turn|5\n|\n|t:|1699725244\n|move|p2a: Nihilego|Sludge Wave|p1a: Politoed\n|-damage|p1a: Politoed|0 fnt\n|faint|p1a: Politoed\n|-ability|p2a: Nihilego|Beast Boost|boost\n|-boost|p2a: Nihilego|spa|1\n|\n|-weather|RainDance|[upkeep]\n|-heal|p2a: Nihilego|33\/100|[from] item: Leftovers\n|upkeep\n|\n|t:|1699725256\n|switch|p1a: Seaking|Seaking, M|100\/100\n|-damage|p1a: Seaking|88\/100|[from] Stealth Rock\n|-status|p1a: Seaking|tox\n|turn|6\n|\n|t:|1699725262\n|move|p1a: Seaking|Scale Shot|p2a: Nihilego\n|-damage|p2a: Nihilego|12\/100\n|-damage|p2a: Nihilego|0 fnt\n|faint|p2a: Nihilego\n|-hitcount|p2: Nihilego|2\n|-unboost|p1a: Seaking|def|1\n|-boost|p1a: Seaking|spe|1\n|\n|-weather|RainDance|[upkeep]\n|-damage|p1a: Seaking|82\/100 tox|[from] psn\n|upkeep\n|\n|t:|1699725277\n|switch|p2a: Entei|Entei|100\/100\n|-status|p2a: Entei|tox\n|turn|7\n|\n|t:|1699725282\n|-terastallize|p1a: Seaking|Dragon\n|move|p1a: Seaking|Scale Shot|p2a: Entei\n|-damage|p2a: Entei|83\/100 tox\n|-damage|p2a: Entei|66\/100 tox\n|-hitcount|p2a: Entei|2\n|-unboost|p1a: Seaking|def|1\n|-boost|p1a: Seaking|spe|1\n|move|p2a: Entei|Curse|p2a: Entei\n|-unboost|p2a: Entei|spe|1\n|-boost|p2a: Entei|atk|1\n|-boost|p2a: Entei|def|1\n|\n|-weather|RainDance|[upkeep]\n|-heal|p2a: Entei|72\/100 tox|[from] item: Leftovers\n|-damage|p1a: Seaking|70\/100 tox|[from] psn\n|-damage|p2a: Entei|66\/100 tox|[from] psn\n|upkeep\n|turn|8\n|\n|t:|1699725295\n|move|p2a: Entei|Extreme Speed|p1a: Seaking\n|-damage|p1a: Seaking|0 fnt\n|faint|p1a: Seaking\n|\n|-weather|RainDance|[upkeep]\n|-heal|p2a: Entei|72\/100 tox|[from] item: Leftovers\n|-damage|p2a: Entei|59\/100 tox|[from] psn\n|upkeep\n|\n|t:|1699725301\n|switch|p1a: Pinsir|Pinsir, M|100\/100\n|-damage|p1a: Pinsir|76\/100|[from] Stealth Rock\n|-status|p1a: Pinsir|tox\n|turn|9\n|\n|t:|1699725305\n|detailschange|p1a: Pinsir|Pinsir-Mega, M\n|-mega|p1a: Pinsir|Pinsir|Pinsirite\n|move|p1a: Pinsir|Earthquake|p2a: Entei\n|-supereffective|p2a: Entei\n|-crit|p2a: Entei\n|-damage|p2a: Entei|0 fnt\n|faint|p2a: Entei\n|\n|-weather|RainDance|[upkeep]\n|-damage|p1a: Pinsir|70\/100 tox|[from] psn\n|upkeep\n|\n|t:|1699725316\n|switch|p2a: Zapdos|Zapdos|100\/100\n|turn|10\n|\n|t:|1699725320\n|move|p1a: Pinsir|Outrage|p2a: Zapdos\n|-damage|p2a: Zapdos|50\/100\n|-damage|p1a: Pinsir|53\/100 tox|[from] item: Rocky Helmet|[of] p2a: Zapdos\n|move|p2a: Zapdos|Thunder|p1a: Pinsir\n|-supereffective|p1a: Pinsir\n|-damage|p1a: Pinsir|0 fnt\n|faint|p1a: Pinsir\n|\n|-weather|none\n|upkeep\n|\n|t:|1699725325\n|switch|p1a: Ambipom|Ambipom, M|100\/100\n|-damage|p1a: Ambipom|88\/100|[from] Stealth Rock\n|-status|p1a: Ambipom|tox\n|turn|11\n|\n|t:|1699725338\n|move|p1a: Ambipom|Fake Out|p2a: Zapdos\n|-enditem|p1a: Ambipom|Normal Gem|[from] gem\n|-damage|p2a: Zapdos|28\/100\n|-damage|p1a: Ambipom|72\/100 tox|[from] item: Rocky Helmet|[of] p2a: Zapdos\n|cant|p2a: Zapdos|flinch\n|\n|-damage|p1a: Ambipom|65\/100 tox|[from] psn\n|upkeep\n|turn|12\n|\n|t:|1699725341\n|move|p1a: Ambipom|Beat Up|p2a: Zapdos\n|-damage|p2a: Zapdos|24\/100\n|-damage|p2a: Zapdos|20\/100\n|-damage|p2a: Zapdos|15\/100\n|-hitcount|p2a: Zapdos|3\n|move|p2a: Zapdos|Volt Switch|p1a: Ambipom\n|-damage|p1a: Ambipom|4\/100 tox\n|-message|Olek826 forfeited.\n|\n|win|Fealieya\n|raw|Olek826's rating: 1117 &rarr; <strong>1090<\/strong><br \/>(-27 for losing)\n|raw|Fealieya's rating: 1091 &rarr; <strong>1119<\/strong><br \/>(+28 for winning)\n|l|\u2606Olek826\n","uploadtime":1699725355,"views":5,"p1id":"olek826","p2id":"fealieya","formatid":"gen9nationaldex","rating":1090,"private":0,"password":""}