{"id":"gen9nationaldex-1988985335","p1":"phlog1ston","p2":"ShowdownSaga","format":"[Gen 9] National Dex","log":"|j|\u2606phlog1ston\n|j|\u2606ShowdownSaga\n|t:|1699798514\n|gametype|singles\n|player|p1|phlog1ston|plasmagruntf|1164\n|player|p2|ShowdownSaga|volo|1218\n|teamsize|p1|6\n|teamsize|p2|6\n|gen|9\n|tier|[Gen 9] National Dex\n|rated|\n|rule|HP Percentage Mod: HP is shown in percentages\n|rule|Endless Battle Clause: Forcing endless battles is banned\n|rule|OHKO Clause: OHKO moves are banned\n|rule|Evasion Clause: Evasion abilities, items, and moves are banned\n|rule|Evasion Abilities Clause: Evasion abilities are banned\n|rule|Evasion Items Clause: Evasion items are banned\n|rule|Evasion Moves Clause: Evasion moves are banned\n|rule|Species Clause: Limit one of each Pok\u00e9mon\n|rule|Sleep Clause Mod: Limit one foe put to sleep\n|clearpoke\n|poke|p1|Ribombee, F|\n|poke|p1|Hydreigon, F|\n|poke|p1|Jirachi|\n|poke|p1|Espeon, F|\n|poke|p1|Aegislash, F|\n|poke|p1|Heatran, F|\n|poke|p2|Swampert, M|\n|poke|p2|Zapdos|\n|poke|p2|Urshifu-*, F|\n|poke|p2|Tapu Koko|\n|poke|p2|Pelipper, F|\n|poke|p2|Ribombee, F|\n|teampreview\n|inactive|Battle timer is ON: inactive players will automatically lose when time's up. (requested by ShowdownSaga)\n|\n|t:|1699798521\n|start\n|switch|p1a: Ribombee|Ribombee, F|100\/100\n|switch|p2a: Bee|Ribombee, F, shiny|100\/100\n|turn|1\n|\n|t:|1699798530\n|-terastallize|p1a: Ribombee|Steel\n|move|p2a: Bee|Sticky Web|p1a: Ribombee\n|-sidestart|p1: phlog1ston|move: Sticky Web\n|move|p1a: Ribombee|Quiver Dance|p1a: Ribombee\n|-boost|p1a: Ribombee|spa|1\n|-boost|p1a: Ribombee|spd|1\n|-boost|p1a: Ribombee|spe|1\n|\n|upkeep\n|turn|2\n|\n|t:|1699798538\n|move|p1a: Ribombee|Quiver Dance|p1a: Ribombee\n|-boost|p1a: Ribombee|spa|1\n|-boost|p1a: Ribombee|spd|1\n|-boost|p1a: Ribombee|spe|1\n|move|p2a: Bee|Tailwind|p2a: Bee\n|-sidestart|p2: ShowdownSaga|move: Tailwind\n|\n|upkeep\n|turn|3\n|\n|t:|1699798547\n|switch|p2a: Peri|Pelipper, F, shiny|100\/100\n|-weather|RainDance|[from] ability: Drizzle|[of] p2a: Peri\n|move|p1a: Ribombee|Moonblast|p2a: Peri\n|-damage|p2a: Peri|0 fnt\n|faint|p2a: Peri\n|\n|-weather|RainDance|[upkeep]\n|upkeep\n|\n|t:|1699798556\n|switch|p2a: U Like Mudkip?|Swampert, M, shiny|100\/100\n|turn|4\n|\n|t:|1699798567\n|detailschange|p2a: U Like Mudkip?|Swampert-Mega, M, shiny\n|-mega|p2a: U Like Mudkip?|Swampert|Swampertite\n|move|p2a: U Like Mudkip?|Earthquake|p1a: Ribombee\n|-supereffective|p1a: Ribombee\n|-enditem|p1a: Ribombee|Focus Sash\n|-damage|p1a: Ribombee|1\/100\n|move|p1a: Ribombee|Moonblast|p2a: U Like Mudkip?\n|-damage|p2a: U Like Mudkip?|22\/100\n|\n|-weather|RainDance|[upkeep]\n|upkeep\n|turn|5\n|\n|t:|1699798584\n|move|p2a: U Like Mudkip?|Low Kick|p1a: Ribombee\n|-supereffective|p1a: Ribombee\n|-damage|p1a: Ribombee|0 fnt\n|faint|p1a: Ribombee\n|\n|-weather|RainDance|[upkeep]\n|-sideend|p2: ShowdownSaga|move: Tailwind\n|upkeep\n|inactive|phlog1ston has 120 seconds left.\n|\n|t:|1699798610\n|switch|p1a: Aegislash|Aegislash, F|100\/100\n|-activate|p1a: Aegislash|move: Sticky Web\n|-unboost|p1a: Aegislash|spe|1\n|turn|6\n|\n|t:|1699798624\n|switch|p2a: Bird|Zapdos, shiny|100\/100\n|move|p1a: Aegislash|King's Shield||[still]\n|-fail|p1a: Aegislash\n|\n|-weather|RainDance|[upkeep]\n|upkeep\n|turn|7\n|\n|t:|1699798633\n|move|p2a: Bird|Hurricane|p1a: Aegislash\n|-resisted|p1a: Aegislash\n|-damage|p1a: Aegislash|80\/100\n|-start|p1a: Aegislash|confusion\n|-activate|p1a: Aegislash|confusion\n|-damage|p1a: Aegislash|73\/100|[from] confusion\n|\n|-weather|RainDance|[upkeep]\n|-heal|p1a: Aegislash|79\/100|[from] item: Leftovers\n|upkeep\n|turn|8\n|\n|t:|1699798643\n|-activate|p1a: Aegislash|confusion\n|move|p1a: Aegislash|King's Shield|p1a: Aegislash\n|-singleturn|p1a: Aegislash|Protect\n|move|p2a: Bird|Thunder|p1a: Aegislash\n|-activate|p1a: Aegislash|move: Protect\n|\n|-weather|RainDance|[upkeep]\n|-heal|p1a: Aegislash|85\/100|[from] item: Leftovers\n|upkeep\n|turn|9\n|\n|t:|1699798652\n|move|p2a: Bird|Thunder|p1a: Aegislash\n|-damage|p1a: Aegislash|45\/100\n|-status|p1a: Aegislash|par\n|-end|p1a: Aegislash|confusion\n|move|p1a: Aegislash|Swords Dance|p1a: Aegislash\n|-boost|p1a: Aegislash|atk|2\n|\n|-weather|RainDance|[upkeep]\n|-heal|p1a: Aegislash|51\/100 par|[from] item: Leftovers\n|upkeep\n|turn|10\n|\n|t:|1699798676\n|move|p2a: Bird|Weather Ball|p1a: Aegislash\n|-damage|p1a: Aegislash|11\/100 par\n|move|p1a: Aegislash|Swords Dance|p1a: Aegislash\n|-boost|p1a: Aegislash|atk|2\n|\n|-weather|none\n|-heal|p1a: Aegislash|17\/100 par|[from] item: Leftovers\n|upkeep\n|turn|11\n|\n|t:|1699798685\n|-formechange|p1a: Aegislash|Aegislash-Blade||[from] ability: Stance Change\n|move|p1a: Aegislash|Shadow Sneak|p2a: Bird\n|-damage|p2a: Bird|15\/100\n|-damage|p1a: Aegislash|0 fnt|[from] item: Rocky Helmet|[of] p2a: Bird\n|faint|p1a: Aegislash\n|move|p2a: Bird|Hurricane|p1: Aegislash|[notarget]\n|-fail|p2a: Bird\n|\n|upkeep\n|\n|t:|1699798701\n|switch|p1a: Hydreigon|Hydreigon, F|100\/100\n|turn|12\n|\n|t:|1699798711\n|move|p2a: Bird|Hurricane|p1a: Hydreigon|[miss]\n|-miss|p2a: Bird|p1a: Hydreigon\n|move|p1a: Hydreigon|Nasty Plot|p1a: Hydreigon\n|-boost|p1a: Hydreigon|spa|2\n|\n|upkeep\n|turn|13\n|\n|t:|1699798719\n|move|p2a: Bird|Hurricane|p1a: Hydreigon\n|-damage|p1a: Hydreigon|40\/100\n|move|p1a: Hydreigon|Surf|p2a: Bird\n|-damage|p2a: Bird|0 fnt\n|faint|p2a: Bird\n|\n|upkeep\n|\n|t:|1699798724\n|switch|p2a: KokeKo|Tapu Koko, shiny|100\/100\n|-fieldstart|move: Electric Terrain|[from] ability: Electric Surge|[of] p2a: KokeKo\n|turn|14\n|\n|t:|1699798733\n|switch|p1a: Heatran|Heatran, F|100\/100\n|-activate|p1a: Heatran|move: Sticky Web\n|-unboost|p1a: Heatran|spe|1\n|move|p2a: KokeKo|Volt Switch|p1a: Heatran\n|-damage|p1a: Heatran|80\/100\n|\n|t:|1699798744\n|switch|p2a: Uberfu|Urshifu-Rapid-Strike, F|100\/100|[from] Volt Switch\n|\n|-heal|p1a: Heatran|87\/100|[from] item: Leftovers\n|upkeep\n|turn|15\n|\n|t:|1699798752\n|move|p1a: Heatran|Protect|p1a: Heatran\n|-singleturn|p1a: Heatran|Protect\n|move|p2a: Uberfu|Drain Punch|p1a: Heatran\n|-activate|p1a: Heatran|move: Protect\n|\n|-heal|p1a: Heatran|93\/100|[from] item: Leftovers\n|upkeep\n|turn|16\n|\n|t:|1699798767\n|-terastallize|p2a: Uberfu|Water\n|move|p2a: Uberfu|Surging Strikes|p1a: Heatran\n|-supereffective|p1a: Heatran\n|-crit|p1a: Heatran\n|-damage|p1a: Heatran|41\/100\n|-supereffective|p1a: Heatran\n|-crit|p1a: Heatran\n|-damage|p1a: Heatran|0 fnt\n|faint|p1a: Heatran\n|-hitcount|p1: Heatran|2\n|\n|upkeep\n|\n|t:|1699798778\n|switch|p1a: Hydreigon|Hydreigon, F|40\/100\n|turn|17\n|\n|t:|1699798785\n|move|p1a: Hydreigon|Dragon Pulse|p2a: Uberfu\n|-damage|p2a: Uberfu|34\/100\n|move|p2a: Uberfu|Drain Punch|p1a: Hydreigon\n|-supereffective|p1a: Hydreigon\n|-damage|p1a: Hydreigon|0 fnt\n|-heal|p2a: Uberfu|52\/100|[from] drain|[of] p1a: Hydreigon\n|faint|p1a: Hydreigon\n|\n|upkeep\n|\n|t:|1699798794\n|switch|p1a: Jirachi|Jirachi|100\/100\n|-activate|p1a: Jirachi|move: Sticky Web\n|-unboost|p1a: Jirachi|spe|1\n|turn|18\n|\n|t:|1699798803\n|move|p2a: Uberfu|Drain Punch|p1a: Jirachi\n|-damage|p1a: Jirachi|61\/100\n|-heal|p2a: Uberfu|76\/100|[from] drain|[of] p1a: Jirachi\n|move|p1a: Jirachi|U-turn|p2a: Uberfu\n|-damage|p2a: Uberfu|60\/100\n|\n|t:|1699798810\n|switch|p1a: Espeon|Espeon, F|100\/100|[from] U-turn\n|-activate|p1a: Espeon|move: Sticky Web\n|-unboost|p1a: Espeon|spe|1\n|\n|-fieldend|move: Electric Terrain\n|upkeep\n|turn|19\n|-message|phlog1ston forfeited.\n|\n|win|ShowdownSaga\n|raw|phlog1ston's rating: 1164 &rarr; <strong>1143<\/strong><br \/>(-21 for losing)\n|raw|ShowdownSaga's rating: 1218 &rarr; <strong>1239<\/strong><br \/>(+21 for winning)\n|l|\u2606phlog1ston\n","uploadtime":1699798881,"views":5,"p1id":"phlog1ston","p2id":"showdownsaga","formatid":"gen9nationaldex","rating":1143,"private":0,"password":""}