{"id":"gen9nationaldex-1992136298","p1":"Frmojifrmoji","p2":"famus123","format":"[Gen 9] National Dex","log":"|j|\u2606Frmojifrmoji\n|j|\u2606famus123\n|t:|1700158050\n|gametype|singles\n|player|p1|Frmojifrmoji|dawn-gen4pt|\n|player|p2|famus123|kukui|\n|teamsize|p1|6\n|teamsize|p2|6\n|gen|9\n|tier|[Gen 9] National Dex\n|rule|HP Percentage Mod: HP is shown in percentages\n|rule|Endless Battle Clause: Forcing endless battles is banned\n|rule|OHKO Clause: OHKO moves are banned\n|rule|Evasion Clause: Evasion abilities, items, and moves are banned\n|rule|Evasion Abilities Clause: Evasion abilities are banned\n|rule|Evasion Items Clause: Evasion items are banned\n|rule|Evasion Moves Clause: Evasion moves are banned\n|rule|Species Clause: Limit one of each Pok\u00e9mon\n|rule|Sleep Clause Mod: Limit one foe put to sleep\n|clearpoke\n|poke|p1|Clodsire, M|\n|poke|p1|Skeledirge, M|\n|poke|p1|Lechonk, L1, M|\n|poke|p1|Meowscarada, M|\n|poke|p1|Farigiraf, M|\n|poke|p1|Revavroom, M|\n|poke|p2|Cutiefly, F|\n|poke|p2|Kommo-o, M|\n|poke|p2|Tapu Lele|\n|poke|p2|Kartana|\n|poke|p2|Dhelmise|\n|poke|p2|Blacephalon|\n|teampreview\n|\n|t:|1700158069\n|start\n|switch|p1a: Lechonk|Lechonk, L1, M|100\/100\n|switch|p2a: Cutiefly|Cutiefly, F|100\/100\n|turn|1\n|\n|t:|1700158074\n|move|p2a: Cutiefly|Sticky Web|p1a: Lechonk\n|-sidestart|p1: Frmojifrmoji|move: Sticky Web\n|move|p1a: Lechonk|Endeavor|p2a: Cutiefly\n|-damage|p2a: Cutiefly|6\/100\n|\n|upkeep\n|turn|2\n|\n|t:|1700158091\n|switch|p2a: Dhelmise|Dhelmise|100\/100\n|switch|p1a: Clodsire|Clodsire, M|100\/100\n|-activate|p1a: Clodsire|move: Sticky Web\n|-unboost|p1a: Clodsire|spe|1\n|\n|upkeep\n|turn|3\n|\n|t:|1700158099\n|move|p2a: Dhelmise|Poltergeist|p1a: Clodsire\n|-activate|p1a: Clodsire|move: Poltergeist|Leftovers\n|-damage|p1a: Clodsire|47\/100\n|move|p1a: Clodsire|Stealth Rock|p2a: Dhelmise\n|-sidestart|p2: famus123|move: Stealth Rock\n|\n|-heal|p1a: Clodsire|54\/100|[from] item: Leftovers\n|upkeep\n|turn|4\n|\n|t:|1700158109\n|switch|p1a: Farigiraf|Farigiraf, M|100\/100\n|-activate|p1a: Farigiraf|move: Sticky Web\n|-unboost|p1a: Farigiraf|spe|1\n|move|p2a: Dhelmise|Rapid Spin|p1a: Farigiraf\n|-damage|p1a: Farigiraf|83\/100\n|-boost|p2a: Dhelmise|spe|1\n|-sideend|p2: famus123|Stealth Rock|[from] move: Rapid Spin|[of] p2a: Dhelmise\n|\n|upkeep\n|turn|5\n|\n|t:|1700158116\n|move|p2a: Dhelmise|Knock Off|p1a: Farigiraf\n|-supereffective|p1a: Farigiraf\n|-damage|p1a: Farigiraf|16\/100\n|-enditem|p1a: Farigiraf|Sitrus Berry|[from] move: Knock Off|[of] p2a: Dhelmise\n|move|p1a: Farigiraf|Agility|p1a: Farigiraf\n|-boost|p1a: Farigiraf|spe|2\n|\n|upkeep\n|turn|6\n|\n|t:|1700158135\n|move|p1a: Farigiraf|Stored Power|p2a: Dhelmise\n|-damage|p2a: Dhelmise|81\/100\n|move|p2a: Dhelmise|Knock Off|p1a: Farigiraf\n|-supereffective|p1a: Farigiraf\n|-damage|p1a: Farigiraf|0 fnt\n|faint|p1a: Farigiraf\n|\n|upkeep\n|\n|t:|1700158147\n|switch|p1a: Meowscarada|Meowscarada, M|100\/100\n|-activate|p1a: Meowscarada|move: Sticky Web\n|-unboost|p1a: Meowscarada|spe|1\n|turn|7\n|\n|t:|1700158180\n|switch|p2a: Cutiefly|Cutiefly, F|6\/100\n|move|p1a: Meowscarada|Knock Off|p2a: Cutiefly\n|-start|p1a: Meowscarada|typechange|Dark|[from] ability: Protean\n|-resisted|p2a: Cutiefly\n|-damage|p2a: Cutiefly|0 fnt\n|-enditem|p2a: Cutiefly|Focus Sash|[from] move: Knock Off|[of] p1a: Meowscarada\n|faint|p2a: Cutiefly\n|\n|upkeep\n|c|\u2606Frmojifrmoji|puta sticky web\n|\n|t:|1700158220\n|switch|p2a: Tapu Lele|Tapu Lele|100\/100\n|-fieldstart|move: Psychic Terrain|[from] ability: Psychic Surge|[of] p2a: Tapu Lele\n|turn|8\n|\n|t:|1700158228\n|switch|p1a: Clodsire|Clodsire, M|54\/100\n|-activate|p1a: Clodsire|move: Sticky Web\n|-unboost|p1a: Clodsire|spe|1\n|move|p2a: Tapu Lele|Focus Blast|p1a: Clodsire|[miss]\n|-miss|p2a: Tapu Lele|p1a: Clodsire\n|\n|-heal|p1a: Clodsire|60\/100|[from] item: Leftovers\n|upkeep\n|turn|9\n|\n|t:|1700158238\n|switch|p2a: Kartana|Kartana|100\/100\n|move|p1a: Clodsire|Stealth Rock|p2a: Kartana\n|-sidestart|p2: famus123|move: Stealth Rock\n|\n|-heal|p1a: Clodsire|66\/100|[from] item: Leftovers\n|upkeep\n|turn|10\n|\n|t:|1700158244\n|move|p2a: Kartana|Leaf Blade|p1a: Clodsire\n|-damage|p1a: Clodsire|0 fnt\n|faint|p1a: Clodsire\n|-ability|p2a: Kartana|Beast Boost|boost\n|-boost|p2a: Kartana|atk|1\n|-damage|p2a: Kartana|91\/100|[from] item: Life Orb\n|\n|upkeep\n|\n|t:|1700158252\n|switch|p1a: Lechonk|Lechonk, L1, M|100\/100\n|-activate|p1a: Lechonk|move: Sticky Web\n|-unboost|p1a: Lechonk|spe|1\n|turn|11\n|\n|t:|1700158261\n|switch|p2a: Dhelmise|Dhelmise|81\/100\n|move|p1a: Lechonk|Endeavor|p2a: Dhelmise\n|-immune|p2a: Dhelmise\n|\n|upkeep\n|turn|12\n|\n|t:|1700158272\n|switch|p1a: Skeledirge|Skeledirge, M|100\/100\n|move|p2a: Dhelmise|Rapid Spin|p1a: Skeledirge\n|-immune|p1a: Skeledirge\n|\n|-fieldend|move: Psychic Terrain\n|upkeep\n|turn|13\n|\n|t:|1700158279\n|move|p1a: Skeledirge|Torch Song|p2a: Dhelmise\n|-supereffective|p2a: Dhelmise\n|-damage|p2a: Dhelmise|10\/100\n|-boost|p1a: Skeledirge|spa|1\n|move|p2a: Dhelmise|Poltergeist|p1a: Skeledirge|[miss]\n|-miss|p2a: Dhelmise|p1a: Skeledirge\n|\n|upkeep\n|turn|14\n|\n|t:|1700158288\n|move|p1a: Skeledirge|Torch Song|p2a: Dhelmise\n|-supereffective|p2a: Dhelmise\n|-damage|p2a: Dhelmise|0 fnt\n|-boost|p1a: Skeledirge|spa|1\n|faint|p2a: Dhelmise\n|\n|upkeep\n|\n|t:|1700158300\n|switch|p2a: Tapu Lele|Tapu Lele|100\/100\n|-damage|p2a: Tapu Lele|88\/100|[from] Stealth Rock\n|-fieldstart|move: Psychic Terrain|[from] ability: Psychic Surge|[of] p2a: Tapu Lele\n|turn|15\n|\n|t:|1700158309\n|move|p2a: Tapu Lele|Psychic|p1a: Skeledirge\n|-damage|p1a: Skeledirge|28\/100\n|move|p1a: Skeledirge|Hex|p2a: Tapu Lele\n|-supereffective|p2a: Tapu Lele\n|-damage|p2a: Tapu Lele|0 fnt\n|faint|p2a: Tapu Lele\n|\n|upkeep\n|\n|t:|1700158312\n|switch|p2a: Blacephalon|Blacephalon|100\/100\n|-damage|p2a: Blacephalon|75\/100|[from] Stealth Rock\n|turn|16\n|\n|t:|1700158319\n|move|p2a: Blacephalon|Shadow Ball|p1a: Skeledirge\n|-supereffective|p1a: Skeledirge\n|-damage|p1a: Skeledirge|0 fnt\n|faint|p1a: Skeledirge\n|-ability|p2a: Blacephalon|Beast Boost|boost\n|-boost|p2a: Blacephalon|spa|1\n|\n|upkeep\n|\n|t:|1700158326\n|switch|p1a: Revavroom|Revavroom, M|100\/100\n|-activate|p1a: Revavroom|move: Sticky Web\n|-unboost|p1a: Revavroom|spe|1\n|turn|17\n|\n|t:|1700158332\n|-terastallize|p1a: Revavroom|Water\n|move|p2a: Blacephalon|Flamethrower|p1a: Revavroom\n|-resisted|p1a: Revavroom\n|-damage|p1a: Revavroom|40\/100\n|move|p1a: Revavroom|Shift Gear|p1a: Revavroom\n|-boost|p1a: Revavroom|spe|2\n|-boost|p1a: Revavroom|atk|1\n|\n|upkeep\n|turn|18\n|\n|t:|1700158340\n|move|p1a: Revavroom|High Horsepower|p2a: Blacephalon\n|-supereffective|p2a: Blacephalon\n|-damage|p2a: Blacephalon|0 fnt\n|faint|p2a: Blacephalon\n|-damage|p1a: Revavroom|30\/100|[from] item: Life Orb\n|\n|upkeep\n|\n|t:|1700158351\n|switch|p2a: Kartana|Kartana|91\/100\n|-damage|p2a: Kartana|85\/100|[from] Stealth Rock\n|turn|19\n|\n|t:|1700158356\n|move|p1a: Revavroom|High Horsepower|p2a: Kartana\n|-damage|p2a: Kartana|23\/100\n|-damage|p1a: Revavroom|20\/100|[from] item: Life Orb\n|move|p2a: Kartana|Leaf Blade|p1a: Revavroom\n|-supereffective|p1a: Revavroom\n|-crit|p1a: Revavroom\n|-damage|p1a: Revavroom|0 fnt\n|faint|p1a: Revavroom\n|-ability|p2a: Kartana|Beast Boost|boost\n|-boost|p2a: Kartana|atk|1\n|-damage|p2a: Kartana|13\/100|[from] item: Life Orb\n|\n|-fieldend|move: Psychic Terrain\n|upkeep\n|\n|t:|1700158368\n|switch|p1a: Meowscarada|Meowscarada, M|100\/100\n|-activate|p1a: Meowscarada|move: Sticky Web\n|-unboost|p1a: Meowscarada|spe|1\n|turn|20\n|\n|t:|1700158376\n|move|p2a: Kartana|Sacred Sword|p1a: Meowscarada\n|-supereffective|p1a: Meowscarada\n|-damage|p1a: Meowscarada|0 fnt\n|faint|p1a: Meowscarada\n|-ability|p2a: Kartana|Beast Boost|boost\n|-boost|p2a: Kartana|atk|1\n|-damage|p2a: Kartana|4\/100|[from] item: Life Orb\n|\n|upkeep\n|c|\u2606Frmojifrmoji|gg\n|\n|t:|1700158385\n|switch|p1a: Lechonk|Lechonk, L1, M|100\/100\n|-activate|p1a: Lechonk|move: Sticky Web\n|-unboost|p1a: Lechonk|spe|1\n|turn|21\n|\n|t:|1700158389\n|move|p2a: Kartana|Leaf Blade|p1a: Lechonk\n|-enditem|p1a: Lechonk|Focus Sash\n|-damage|p1a: Lechonk|9\/100\n|-damage|p2a: Kartana|0 fnt|[from] item: Life Orb\n|faint|p2a: Kartana\n|move|p1a: Lechonk|Endeavor|p2: Kartana|[notarget]\n|-fail|p1a: Lechonk\n|\n|upkeep\n|\n|t:|1700158392\n|switch|p2a: Kommo-o|Kommo-o, M|100\/100\n|-damage|p2a: Kommo-o|94\/100|[from] Stealth Rock\n|turn|22\n|\n|t:|1700158400\n|move|p2a: Kommo-o|Drain Punch|p1a: Lechonk\n|-supereffective|p1a: Lechonk\n|-damage|p1a: Lechonk|0 fnt\n|-heal|p2a: Kommo-o|95\/100|[from] drain|[of] p1a: Lechonk\n|faint|p1a: Lechonk\n|\n|win|famus123\n|c|\u2606famus123|gg\n","uploadtime":1700158405,"views":54,"p1id":"frmojifrmoji","p2id":"famus123","formatid":"gen9nationaldex","rating":0,"private":0,"password":""}