{"id":"gen9nationaldex-1989706367","p1":"solve my riddles!","p2":"asd4657","format":"[Gen 9] National Dex","log":"|j|\u2606solve my riddles!\n|j|\u2606asd4657\n|t:|1699888689\n|gametype|singles\n|player|p1|solve my riddles!|flint|1199\n|player|p2|asd4657|101|1263\n|teamsize|p1|6\n|teamsize|p2|6\n|gen|9\n|tier|[Gen 9] National Dex\n|rated|\n|rule|HP Percentage Mod: HP is shown in percentages\n|rule|Endless Battle Clause: Forcing endless battles is banned\n|rule|OHKO Clause: OHKO moves are banned\n|rule|Evasion Clause: Evasion abilities, items, and moves are banned\n|rule|Evasion Abilities Clause: Evasion abilities are banned\n|rule|Evasion Items Clause: Evasion items are banned\n|rule|Evasion Moves Clause: Evasion moves are banned\n|rule|Species Clause: Limit one of each Pok\u00e9mon\n|rule|Sleep Clause Mod: Limit one foe put to sleep\n|clearpoke\n|poke|p1|Slowbro-Galar, M|\n|poke|p1|Hydreigon, F|\n|poke|p1|Landorus-Therian, M|\n|poke|p1|Iron Moth|\n|poke|p1|Chatot, F|\n|poke|p1|Conkeldurr, M|\n|poke|p2|Charizard, M|\n|poke|p2|Exeggutor, F|\n|poke|p2|Slither Wing|\n|poke|p2|Clefable, F|\n|poke|p2|Blissey, F|\n|poke|p2|Zapdos|\n|teampreview\n|\n|t:|1699888720\n|start\n|switch|p1a: Slowbro|Slowbro-Galar, M|100\/100\n|switch|p2a: Zapdos|Zapdos|100\/100\n|turn|1\n|\n|t:|1699888728\n|switch|p1a: Landorus|Landorus-Therian, M|100\/100\n|-ability|p1a: Landorus|Intimidate|boost\n|-unboost|p2a: Zapdos|atk|1\n|move|p2a: Zapdos|Sunny Day|p2a: Zapdos\n|-weather|SunnyDay\n|\n|-weather|SunnyDay|[upkeep]\n|upkeep\n|turn|2\n|\n|t:|1699888731\n|move|p2a: Zapdos|U-turn|p1a: Landorus\n|-resisted|p1a: Landorus\n|-damage|p1a: Landorus|96\/100\n|\n|t:|1699888738\n|switch|p2a: Slither Wing|Slither Wing|100\/100|[from] U-turn\n|-activate|p2a: Slither Wing|ability: Protosynthesis\n|-start|p2a: Slither Wing|protosynthesisatk\n|move|p1a: Landorus|Earthquake|p2a: Slither Wing\n|-resisted|p2a: Slither Wing\n|-damage|p2a: Slither Wing|69\/100\n|\n|-weather|SunnyDay|[upkeep]\n|-heal|p1a: Landorus|100\/100|[from] item: Leftovers\n|upkeep\n|turn|3\n|\n|t:|1699888745\n|move|p2a: Slither Wing|U-turn|p1a: Landorus\n|-resisted|p1a: Landorus\n|-damage|p1a: Landorus|78\/100\n|\n|t:|1699888750\n|-end|p2a: Slither Wing|Protosynthesis|[silent]\n|switch|p2a: Zapdos|Zapdos|100\/100|[from] U-turn\n|move|p1a: Landorus|Toxic|p2a: Zapdos\n|-status|p2a: Zapdos|tox\n|\n|-weather|SunnyDay|[upkeep]\n|-heal|p1a: Landorus|84\/100|[from] item: Leftovers\n|-damage|p2a: Zapdos|94\/100 tox|[from] psn\n|upkeep\n|turn|4\n|\n|t:|1699888754\n|move|p2a: Zapdos|U-turn|p1a: Landorus\n|-resisted|p1a: Landorus\n|-damage|p1a: Landorus|78\/100\n|\n|t:|1699888759\n|switch|p2a: Slither Wing|Slither Wing|69\/100|[from] U-turn\n|-activate|p2a: Slither Wing|ability: Protosynthesis\n|-start|p2a: Slither Wing|protosynthesisatk\n|move|p1a: Landorus|Stealth Rock|p2a: Slither Wing\n|-sidestart|p2: asd4657|move: Stealth Rock\n|\n|-weather|SunnyDay|[upkeep]\n|-heal|p1a: Landorus|84\/100|[from] item: Leftovers\n|upkeep\n|turn|5\n|\n|t:|1699888762\n|switch|p1a: Conkeldurr|Conkeldurr, M|100\/100\n|move|p2a: Slither Wing|Flare Blitz|p1a: Conkeldurr\n|-damage|p1a: Conkeldurr|27\/100\n|-damage|p2a: Slither Wing|41\/100|[from] Recoil\n|\n|-weather|SunnyDay|[upkeep]\n|-status|p1a: Conkeldurr|brn|[from] item: Flame Orb\n|upkeep\n|turn|6\n|\n|t:|1699888773\n|move|p1a: Conkeldurr|Mach Punch|p2a: Slither Wing\n|-resisted|p2a: Slither Wing\n|-crit|p2a: Slither Wing\n|-damage|p2a: Slither Wing|3\/100\n|move|p2a: Slither Wing|Flare Blitz|p1a: Conkeldurr\n|-damage|p1a: Conkeldurr|0 fnt\n|faint|p1a: Conkeldurr\n|-damage|p2a: Slither Wing|0 fnt|[from] Recoil\n|faint|p2a: Slither Wing\n|-end|p2a: Slither Wing|Protosynthesis|[silent]\n|\n|-weather|SunnyDay|[upkeep]\n|upkeep\n|\n|t:|1699888784\n|switch|p2a: Zapdos|Zapdos|94\/100 tox\n|switch|p1a: Hydreigon|Hydreigon, F, shiny|100\/100\n|-damage|p2a: Zapdos|70\/100 tox|[from] Stealth Rock\n|turn|7\n|\n|t:|1699888789\n|switch|p2a: Blissey|Blissey, F|100\/100\n|-damage|p2a: Blissey|88\/100|[from] Stealth Rock\n|move|p1a: Hydreigon|Draco Meteor|p2a: Blissey\n|-damage|p2a: Blissey|63\/100\n|-unboost|p1a: Hydreigon|spa|2\n|\n|-weather|SunnyDay|[upkeep]\n|upkeep\n|turn|8\n|\n|t:|1699888801\n|switch|p1a: Slowbro|Slowbro-Galar, M|100\/100\n|move|p2a: Blissey|Teleport|p2a: Blissey\n|\n|t:|1699888803\n|switch|p2a: Zapdos|Zapdos|70\/100 tox|[from] Teleport\n|-damage|p2a: Zapdos|45\/100 tox|[from] Stealth Rock\n|\n|-weather|none\n|-damage|p2a: Zapdos|39\/100 tox|[from] psn\n|upkeep\n|turn|9\n|\n|t:|1699888810\n|switch|p1a: Chatot|Chatot, F|100\/100\n|move|p2a: Zapdos|Defog|p1a: Chatot\n|-unboost|p1a: Chatot|evasion|1\n|-sideend|p2: asd4657|Stealth Rock|[from] move: Defog|[of] p2a: Zapdos\n|\n|-damage|p2a: Zapdos|27\/100 tox|[from] psn\n|upkeep\n|turn|10\n|\n|t:|1699888817\n|switch|p2a: Blissey|Blissey, F|63\/100\n|move|p1a: Chatot|Boomburst|p2a: Blissey\n|-damage|p2a: Blissey|32\/100\n|\n|upkeep\n|turn|11\n|\n|t:|1699888821\n|move|p1a: Chatot|Boomburst|p2a: Blissey\n|-damage|p2a: Blissey|2\/100\n|move|p2a: Blissey|Sunny Day|p2a: Blissey\n|-weather|SunnyDay\n|\n|-weather|SunnyDay|[upkeep]\n|upkeep\n|turn|12\n|\n|t:|1699888825\n|move|p1a: Chatot|Boomburst|p2a: Blissey\n|-damage|p2a: Blissey|0 fnt\n|faint|p2a: Blissey\n|\n|-weather|SunnyDay|[upkeep]\n|upkeep\n|\n|t:|1699888832\n|switch|p2a: Charizard|Charizard, M|100\/100\n|turn|13\n|\n|t:|1699888840\n|detailschange|p2a: Charizard|Charizard-Mega-X, M\n|-mega|p2a: Charizard|Charizard|Charizardite X\n|move|p2a: Charizard|Dragon Dance|p2a: Charizard\n|-boost|p2a: Charizard|atk|1\n|-boost|p2a: Charizard|spe|1\n|move|p1a: Chatot|Boomburst|p2a: Charizard\n|-damage|p2a: Charizard|0 fnt\n|faint|p2a: Charizard\n|\n|-weather|SunnyDay|[upkeep]\n|upkeep\n|\n|t:|1699888843\n|switch|p2a: Exeggutor|Exeggutor, F|100\/100\n|turn|14\n|\n|t:|1699888846\n|move|p2a: Exeggutor|Psychic|p1a: Chatot\n|-damage|p1a: Chatot|0 fnt\n|faint|p1a: Chatot\n|-damage|p2a: Exeggutor|91\/100|[from] item: Life Orb\n|\n|-weather|SunnyDay|[upkeep]\n|upkeep\n|\n|t:|1699888853\n|switch|p1a: Slowbro|Slowbro-Galar, M|100\/100\n|turn|15\n|\n|t:|1699888860\n|detailschange|p1a: Slowbro|Slowbro-Mega, M\n|-mega|p1a: Slowbro|Slowbro|Slowbronite\n|move|p2a: Exeggutor|Psychic|p1a: Slowbro\n|-resisted|p1a: Slowbro\n|-damage|p1a: Slowbro|78\/100\n|-damage|p2a: Exeggutor|81\/100|[from] item: Life Orb\n|move|p1a: Slowbro|Calm Mind|p1a: Slowbro\n|-boost|p1a: Slowbro|spa|1\n|-boost|p1a: Slowbro|spd|1\n|\n|-weather|SunnyDay|[upkeep]\n|upkeep\n|turn|16\n|\n|t:|1699888868\n|switch|p1a: Hydreigon|Hydreigon, F, shiny|100\/100\n|move|p2a: Exeggutor|Solar Beam||[still]\n|-prepare|p2a: Exeggutor|Solar Beam\n|-anim|p2a: Exeggutor|Solar Beam|p1a: Hydreigon\n|-resisted|p1a: Hydreigon\n|-damage|p1a: Hydreigon|58\/100\n|-damage|p2a: Exeggutor|71\/100|[from] item: Life Orb\n|\n|-weather|SunnyDay|[upkeep]\n|upkeep\n|turn|17\n|\n|t:|1699888885\n|switch|p1a: Landorus|Landorus-Therian, M|84\/100\n|-ability|p1a: Landorus|Intimidate|boost\n|-unboost|p2a: Exeggutor|atk|1\n|move|p2a: Exeggutor|Solar Beam||[still]\n|-prepare|p2a: Exeggutor|Solar Beam\n|-anim|p2a: Exeggutor|Solar Beam|p1a: Landorus\n|-damage|p1a: Landorus|27\/100\n|-damage|p2a: Exeggutor|61\/100|[from] item: Life Orb\n|\n|-weather|SunnyDay|[upkeep]\n|-heal|p1a: Landorus|33\/100|[from] item: Leftovers\n|upkeep\n|turn|18\n|\n|t:|1699888894\n|move|p2a: Exeggutor|Psychic|p1a: Landorus\n|-crit|p1a: Landorus\n|-damage|p1a: Landorus|0 fnt\n|faint|p1a: Landorus\n|-damage|p2a: Exeggutor|51\/100|[from] item: Life Orb\n|\n|-weather|none\n|upkeep\n|\n|t:|1699888901\n|switch|p1a: Iron Moth|Iron Moth|100\/100\n|-enditem|p1a: Iron Moth|Booster Energy\n|-activate|p1a: Iron Moth|ability: Quark Drive|[fromitem]\n|-start|p1a: Iron Moth|quarkdrivespe\n|turn|19\n|\n|t:|1699888907\n|move|p1a: Iron Moth|Fiery Dance|p2a: Exeggutor\n|-supereffective|p2a: Exeggutor\n|-damage|p2a: Exeggutor|0 fnt\n|-boost|p1a: Iron Moth|spa|1\n|faint|p2a: Exeggutor\n|\n|upkeep\n|\n|t:|1699888910\n|switch|p2a: Clefable|Clefable, F|100\/100\n|turn|20\n|\n|t:|1699888915\n|-terastallize|p2a: Clefable|Steel\n|move|p1a: Iron Moth|Sludge Wave|p2a: Clefable\n|-immune|p2a: Clefable\n|move|p2a: Clefable|Cosmic Power|p2a: Clefable\n|-boost|p2a: Clefable|def|1\n|-boost|p2a: Clefable|spd|1\n|\n|upkeep\n|turn|21\n|\n|t:|1699888922\n|move|p1a: Iron Moth|Fiery Dance|p2a: Clefable\n|-supereffective|p2a: Clefable\n|-damage|p2a: Clefable|47\/100\n|move|p2a: Clefable|Cosmic Power|p2a: Clefable\n|-boost|p2a: Clefable|def|1\n|-boost|p2a: Clefable|spd|1\n|\n|-heal|p2a: Clefable|53\/100|[from] item: Leftovers\n|upkeep\n|turn|22\n|\n|t:|1699888925\n|move|p1a: Iron Moth|Fiery Dance|p2a: Clefable\n|-supereffective|p2a: Clefable\n|-damage|p2a: Clefable|13\/100\n|-boost|p1a: Iron Moth|spa|1\n|move|p2a: Clefable|Moonlight|p2a: Clefable\n|-heal|p2a: Clefable|63\/100\n|\n|-heal|p2a: Clefable|69\/100|[from] item: Leftovers\n|upkeep\n|turn|23\n|\n|t:|1699888929\n|-terastallize|p1a: Iron Moth|Fire\n|move|p1a: Iron Moth|Fiery Dance|p2a: Clefable\n|-supereffective|p2a: Clefable\n|-damage|p2a: Clefable|16\/100\n|move|p2a: Clefable|Moonlight|p2a: Clefable\n|-heal|p2a: Clefable|66\/100\n|\n|-heal|p2a: Clefable|73\/100|[from] item: Leftovers\n|upkeep\n|turn|24\n|\n|t:|1699888932\n|move|p1a: Iron Moth|Fiery Dance|p2a: Clefable\n|-supereffective|p2a: Clefable\n|-damage|p2a: Clefable|24\/100\n|-boost|p1a: Iron Moth|spa|1\n|move|p2a: Clefable|Cosmic Power|p2a: Clefable\n|-boost|p2a: Clefable|def|1\n|-boost|p2a: Clefable|spd|1\n|\n|-heal|p2a: Clefable|30\/100|[from] item: Leftovers\n|upkeep\n|turn|25\n|\n|t:|1699888934\n|move|p1a: Iron Moth|Fiery Dance|p2a: Clefable\n|-supereffective|p2a: Clefable\n|-damage|p2a: Clefable|0 fnt\n|-boost|p1a: Iron Moth|spa|1\n|faint|p2a: Clefable\n|\n|upkeep\n|\n|t:|1699888937\n|switch|p2a: Zapdos|Zapdos|27\/100 tox\n|turn|26\n|\n|t:|1699888940\n|move|p1a: Iron Moth|Fiery Dance|p2a: Zapdos\n|-damage|p2a: Zapdos|0 fnt\n|faint|p2a: Zapdos\n|\n|win|solve my riddles!\n|raw|solve my riddles!'s rating: 1199 &rarr; <strong>1229<\/strong><br \/>(+30 for winning)\n|raw|asd4657's rating: 1263 &rarr; <strong>1233<\/strong><br \/>(-30 for losing)\n|l|\u2606asd4657\n","uploadtime":1699888947,"views":9,"p1id":"solvemyriddles","p2id":"asd4657","formatid":"gen9nationaldex","rating":1229,"private":0,"password":""}