{"id":"gen9nationaldex-1999112793","p1":"TimDaMan123","p2":"tttttynobuts","format":"[Gen 9] National Dex","log":"|j|\u203dTimDaMan123\n|j|\u2606tttttynobuts\n|inactive|Battle timer is ON: inactive players will automatically lose when time's up.\n|t:|1701034490\n|gametype|singles\n|player|p1|TimDaMan123|ghetsis|\n|player|p2|tttttynobuts|102|\n|teamsize|p1|6\n|teamsize|p2|6\n|gen|9\n|tier|[Gen 9] National Dex\n|rated|Tournament battle\n|rule|HP Percentage Mod: HP is shown in percentages\n|rule|Endless Battle Clause: Forcing endless battles is banned\n|rule|OHKO Clause: OHKO moves are banned\n|rule|Evasion Clause: Evasion abilities, items, and moves are banned\n|rule|Evasion Abilities Clause: Evasion abilities are banned\n|rule|Evasion Items Clause: Evasion items are banned\n|rule|Evasion Moves Clause: Evasion moves are banned\n|rule|Species Clause: Limit one of each Pok\u00e9mon\n|rule|Sleep Clause Mod: Limit one foe put to sleep\n|clearpoke\n|poke|p1|Steelix-Mega, M|\n|poke|p1|Rillaboom, M|\n|poke|p1|Tyranitar-Mega, F|\n|poke|p1|Rotom-Wash|\n|poke|p1|Sceptile, F|\n|poke|p1|Charizard-Mega-Y, F|\n|poke|p2|Gliscor, M|\n|poke|p2|Diancie-Mega|\n|poke|p2|Slowbro-Mega, F|\n|poke|p2|Blissey, F|\n|poke|p2|Lopunny-Mega, M|\n|poke|p2|Ursaluna, F|\n|teampreview\n|inactive|TimDaMan123 also wants the timer to be on.\n|j| Dabman1069\n|\n|t:|1701034515\n|start\n|switch|p1a: Sceptile|Sceptile, F, shiny|100\/100\n|switch|p2a: Lopunny|Lopunny-Mega, M|100\/100\n|turn|1\n|\n|t:|1701034523\n|move|p2a: Lopunny|Fake Out|p1a: Sceptile\n|-damage|p1a: Sceptile|64\/100\n|cant|p1a: Sceptile|flinch\n|\n|-status|p2a: Lopunny|tox|[from] item: Toxic Orb\n|-status|p1a: Sceptile|tox|[from] item: Toxic Orb\n|upkeep\n|turn|2\n|\n|t:|1701034526\n|move|p2a: Lopunny|Facade|p1a: Sceptile\n|-damage|p1a: Sceptile|0 fnt\n|faint|p1a: Sceptile\n|\n|upkeep\n|\n|t:|1701034530\n|switch|p1a: Tyranitar|Tyranitar-Mega, F|100\/100\n|turn|3\n|\n|t:|1701034532\n|move|p2a: Lopunny|Close Combat|p1a: Tyranitar\n|-supereffective|p1a: Tyranitar\n|-damage|p1a: Tyranitar|0 fnt\n|-unboost|p2a: Lopunny|def|1\n|-unboost|p2a: Lopunny|spd|1\n|faint|p1a: Tyranitar\n|\n|upkeep\n|\n|t:|1701034538\n|switch|p1a: Rotom|Rotom-Wash, shiny|100\/100\n|turn|4\n|\n|t:|1701034544\n|-terastallize|p1a: Rotom|Fairy\n|move|p2a: Lopunny|U-turn|p1a: Rotom\n|-resisted|p1a: Rotom\n|-damage|p1a: Rotom|91\/100\n|\n|t:|1701034548\n|switch|p2a: Blissey|Blissey, F|100\/100|[from] U-turn\n|move|p1a: Rotom|Hydro Pump|p2a: Blissey|[miss]\n|-miss|p1a: Rotom|p2a: Blissey\n|\n|-status|p1a: Rotom|tox|[from] item: Toxic Orb\n|-status|p2a: Blissey|tox|[from] item: Toxic Orb\n|upkeep\n|turn|5\n|j| Thiagoreis3108\n|\n|t:|1701034556\n|move|p1a: Rotom|Volt Switch|p2a: Blissey\n|-damage|p2a: Blissey|93\/100 tox\n|\n|t:|1701034560\n|switch|p1a: Steelix|Steelix-Mega, M, shiny|100\/100|[from] Volt Switch\n|move|p2a: Blissey|Teleport|p2a: Blissey\n|l| Thiagoreis3108\n|\n|t:|1701034563\n|switch|p2a: Lopunny|Lopunny-Mega, M|100\/100 tox|[from] Teleport\n|\n|upkeep\n|turn|6\n|l| Dabman1069\n|\n|t:|1701034570\n|move|p2a: Lopunny|Fake Out|p1a: Steelix\n|-resisted|p1a: Steelix\n|-damage|p1a: Steelix|95\/100\n|cant|p1a: Steelix|flinch\n|\n|upkeep\n|turn|7\n|\n|t:|1701034577\n|move|p2a: Lopunny|U-turn|p1a: Steelix\n|-resisted|p1a: Steelix\n|-damage|p1a: Steelix|89\/100\n|\n|t:|1701034580\n|switch|p2a: Gliscor|Gliscor, M|100\/100|[from] U-turn\n|move|p1a: Steelix|Body Press|p2a: Gliscor\n|-resisted|p2a: Gliscor\n|-damage|p2a: Gliscor|81\/100\n|\n|-status|p2a: Gliscor|tox|[from] item: Toxic Orb\n|upkeep\n|turn|8\n|\n|t:|1701034585\n|move|p2a: Gliscor|U-turn|p1a: Steelix\n|-resisted|p1a: Steelix\n|-damage|p1a: Steelix|84\/100\n|\n|t:|1701034588\n|switch|p2a: Slowbro|Slowbro-Mega, F|100\/100|[from] U-turn\n|move|p1a: Steelix|Heavy Slam|p2a: Slowbro\n|-resisted|p2a: Slowbro\n|-damage|p2a: Slowbro|90\/100\n|\n|-status|p2a: Slowbro|tox|[from] item: Toxic Orb\n|upkeep\n|turn|9\n|\n|t:|1701034594\n|move|p1a: Steelix|Rock Polish|p1a: Steelix\n|-boost|p1a: Steelix|spe|2\n|move|p2a: Slowbro|Surf|p1a: Steelix\n|-supereffective|p1a: Steelix\n|-damage|p1a: Steelix|1\/100\n|\n|-heal|p2a: Slowbro|100\/100 tox|[from] ability: Poison Heal\n|upkeep\n|turn|10\n|j| Amstan\n|\n|t:|1701034602\n|move|p1a: Steelix|Body Press|p2a: Slowbro\n|-resisted|p2a: Slowbro\n|-damage|p2a: Slowbro|93\/100 tox\n|move|p2a: Slowbro|Surf|p1a: Steelix\n|-supereffective|p1a: Steelix\n|-damage|p1a: Steelix|0 fnt\n|faint|p1a: Steelix\n|\n|-heal|p2a: Slowbro|100\/100 tox|[from] ability: Poison Heal\n|upkeep\n|l| Amstan\n|\n|t:|1701034606\n|switch|p1a: Rotom|Rotom-Wash, shiny, tera:Fairy|91\/100 tox\n|turn|11\n|\n|t:|1701034610\n|move|p1a: Rotom|Volt Switch|p2a: Slowbro\n|-supereffective|p2a: Slowbro\n|-damage|p2a: Slowbro|47\/100 tox\n|\n|t:|1701034615\n|switch|p1a: Rillaboom|Rillaboom, M, shiny|100\/100|[from] Volt Switch\n|move|p2a: Slowbro|Teleport|p2a: Slowbro\n|\n|t:|1701034623\n|switch|p2a: Lopunny|Lopunny-Mega, M|100\/100 tox|[from] Teleport\n|\n|-status|p1a: Rillaboom|tox|[from] item: Toxic Orb\n|upkeep\n|turn|12\n|\n|t:|1701034630\n|move|p2a: Lopunny|Fake Out|p1a: Rillaboom\n|-damage|p1a: Rillaboom|76\/100 tox\n|cant|p1a: Rillaboom|flinch\n|\n|-heal|p1a: Rillaboom|88\/100 tox|[from] ability: Poison Heal\n|upkeep\n|turn|13\n|\n|t:|1701034633\n|move|p2a: Lopunny|U-turn|p1a: Rillaboom\n|-supereffective|p1a: Rillaboom\n|-damage|p1a: Rillaboom|28\/100 tox\n|\n|t:|1701034636\n|switch|p2a: Gliscor|Gliscor, M|81\/100 tox|[from] U-turn\n|move|p1a: Rillaboom|Superpower|p2a: Gliscor\n|-resisted|p2a: Gliscor\n|-damage|p2a: Gliscor|61\/100 tox\n|-unboost|p1a: Rillaboom|atk|1\n|-unboost|p1a: Rillaboom|def|1\n|\n|-heal|p2a: Gliscor|73\/100 tox|[from] ability: Poison Heal\n|-heal|p1a: Rillaboom|40\/100 tox|[from] ability: Poison Heal\n|upkeep\n|turn|14\n|\n|t:|1701034642\n|move|p2a: Gliscor|U-turn|p1a: Rillaboom\n|-supereffective|p1a: Rillaboom\n|-damage|p1a: Rillaboom|0 fnt\n|faint|p1a: Rillaboom\n|\n|t:|1701034645\n|switch|p2a: Diancie|Diancie-Mega|100\/100|[from] U-turn\n|\n|-status|p2a: Diancie|tox|[from] item: Toxic Orb\n|upkeep\n|c|\u2606tttttynobuts|gg\n|\n|t:|1701034649\n|switch|p1a: Charizard|Charizard-Mega-Y, F|100\/100\n|turn|15\n|\n|t:|1701034671\n|move|p2a: Diancie|Diamond Storm|p1a: Charizard\n|-supereffective|p1a: Charizard\n|-damage|p1a: Charizard|0 fnt\n|-boost|p2a: Diancie|def|2\n|faint|p1a: Charizard\n|\n|upkeep\n|\n|t:|1701034674\n|switch|p1a: Rotom|Rotom-Wash, shiny, tera:Fairy|91\/100 tox\n|turn|16\n|\n|t:|1701034679\n|move|p2a: Diancie|Diamond Storm|p1a: Rotom|[miss]\n|-miss|p2a: Diancie|p1a: Rotom\n|move|p1a: Rotom|Hydro Pump|p2a: Diancie|[miss]\n|-miss|p1a: Rotom|p2a: Diancie\n|\n|-heal|p1a: Rotom|100\/100 tox|[from] ability: Poison Heal\n|upkeep\n|turn|17\n|\n|t:|1701034683\n|switch|p2a: Blissey|Blissey, F|93\/100 tox\n|move|p1a: Rotom|Hydro Pump|p2a: Blissey\n|-damage|p2a: Blissey|81\/100 tox\n|\n|-heal|p2a: Blissey|94\/100 tox|[from] ability: Poison Heal\n|upkeep\n|turn|18\n|\n|t:|1701034690\n|move|p1a: Rotom|Volt Switch|p2a: Blissey\n|-damage|p2a: Blissey|87\/100 tox\n|move|p2a: Blissey|Teleport|p2a: Blissey\n|\n|t:|1701034695\n|switch|p2a: Ursaluna|Ursaluna, F|100\/100|[from] Teleport\n|\n|-status|p2a: Ursaluna|tox|[from] item: Toxic Orb\n|upkeep\n|turn|19\n|\n|t:|1701034700\n|-terastallize|p2a: Ursaluna|Ground\n|move|p1a: Rotom|Hydro Pump|p2a: Ursaluna\n|-supereffective|p2a: Ursaluna\n|-damage|p2a: Ursaluna|27\/100 tox\n|move|p2a: Ursaluna|Headlong Rush|p1a: Rotom\n|-damage|p1a: Rotom|19\/100 tox\n|-unboost|p2a: Ursaluna|def|1\n|-unboost|p2a: Ursaluna|spd|1\n|\n|-heal|p1a: Rotom|31\/100 tox|[from] ability: Poison Heal\n|-heal|p2a: Ursaluna|40\/100 tox|[from] ability: Poison Heal\n|upkeep\n|turn|20\n|\n|t:|1701034709\n|switch|p2a: Lopunny|Lopunny-Mega, M|100\/100 tox\n|move|p1a: Rotom|Hydro Pump|p2a: Lopunny\n|-crit|p2a: Lopunny\n|-damage|p2a: Lopunny|26\/100 tox\n|\n|-heal|p2a: Lopunny|39\/100 tox|[from] ability: Poison Heal\n|-heal|p1a: Rotom|43\/100 tox|[from] ability: Poison Heal\n|upkeep\n|turn|21\n|\n|t:|1701034713\n|move|p2a: Lopunny|Facade|p1a: Rotom\n|-damage|p1a: Rotom|0 fnt\n|faint|p1a: Rotom\n|\n|win|tttttynobuts\n|n|\u203dTimDaMan123|timdaman123\n|n|\u2606tttttynobuts|tttttynobuts\n","uploadtime":1701034715,"views":1,"p1id":"timdaman123","p2id":"tttttynobuts","formatid":"gen9nationaldex","rating":0,"private":0,"password":""}