{"id":"gen9nationaldex-1990814980","p1":"hackilla15","p2":"GoldenGiger","format":"[Gen 9] National Dex","log":"|j|\u2606hackilla15\n|j|\u2606GoldenGiger\n|t:|1700003633\n|gametype|singles\n|player|p1|hackilla15|ethan|1118\n|player|p2|GoldenGiger|palmer|1147\n|teamsize|p1|6\n|teamsize|p2|6\n|gen|9\n|tier|[Gen 9] National Dex\n|rated|\n|rule|HP Percentage Mod: HP is shown in percentages\n|rule|Endless Battle Clause: Forcing endless battles is banned\n|rule|OHKO Clause: OHKO moves are banned\n|rule|Evasion Clause: Evasion abilities, items, and moves are banned\n|rule|Evasion Abilities Clause: Evasion abilities are banned\n|rule|Evasion Items Clause: Evasion items are banned\n|rule|Evasion Moves Clause: Evasion moves are banned\n|rule|Species Clause: Limit one of each Pok\u00e9mon\n|rule|Sleep Clause Mod: Limit one foe put to sleep\n|clearpoke\n|poke|p1|Clodsire, F|\n|poke|p1|Poliwrath, M|\n|poke|p1|Volcarona, F|\n|poke|p1|Rillaboom, M|\n|poke|p1|Venusaur, M|\n|poke|p1|Krookodile, M|\n|poke|p2|Gliscor, M|\n|poke|p2|Arboliva, M|\n|poke|p2|Urshifu-*, M|\n|poke|p2|Heatran, F|\n|poke|p2|Hoopa-Unbound|\n|poke|p2|Porygon-Z|\n|teampreview\n|\n|t:|1700003640\n|start\n|switch|p1a: Mr. Jitters|Krookodile, M|100\/100\n|switch|p2a: Porygon-Z|Porygon-Z|100\/100\n|turn|1\n|\n|t:|1700003653\n|-zpower|p2a: Porygon-Z\n|move|p2a: Porygon-Z|Z-Conversion|p2a: Porygon-Z|[anim]Conversion\n|-boost|p2a: Porygon-Z|atk|1|[zeffect]\n|-boost|p2a: Porygon-Z|def|1|[zeffect]\n|-boost|p2a: Porygon-Z|spa|1|[zeffect]\n|-boost|p2a: Porygon-Z|spd|1|[zeffect]\n|-boost|p2a: Porygon-Z|spe|1|[zeffect]\n|-start|p2a: Porygon-Z|typechange|Electric\n|move|p1a: Mr. Jitters|Scale Shot|p2a: Porygon-Z\n|-damage|p2a: Porygon-Z|91\/100\n|-damage|p2a: Porygon-Z|82\/100\n|-damage|p2a: Porygon-Z|73\/100\n|-damage|p2a: Porygon-Z|64\/100\n|-damage|p2a: Porygon-Z|55\/100\n|-hitcount|p2a: Porygon-Z|5\n|-unboost|p1a: Mr. Jitters|def|1\n|-boost|p1a: Mr. Jitters|spe|1\n|\n|upkeep\n|turn|2\n|\n|t:|1700003678\n|move|p2a: Porygon-Z|Ice Beam|p1a: Mr. Jitters\n|-supereffective|p1a: Mr. Jitters\n|-damage|p1a: Mr. Jitters|0 fnt\n|faint|p1a: Mr. Jitters\n|\n|upkeep\n|\n|t:|1700003683\n|switch|p1a: Sir Clod|Clodsire, F, shiny|100\/100\n|turn|3\n|\n|t:|1700003686\n|move|p2a: Porygon-Z|Psychic|p1a: Sir Clod\n|-supereffective|p1a: Sir Clod\n|-damage|p1a: Sir Clod|62\/100\n|move|p1a: Sir Clod|Toxic|p2a: Porygon-Z\n|-status|p2a: Porygon-Z|tox\n|\n|-heal|p1a: Sir Clod|68\/100|[from] item: Black Sludge\n|-damage|p2a: Porygon-Z|49\/100 tox|[from] psn\n|upkeep\n|turn|4\n|\n|t:|1700003694\n|move|p2a: Porygon-Z|Psychic|p1a: Sir Clod\n|-supereffective|p1a: Sir Clod\n|-damage|p1a: Sir Clod|26\/100\n|move|p1a: Sir Clod|Recover|p1a: Sir Clod\n|-heal|p1a: Sir Clod|77\/100\n|\n|-heal|p1a: Sir Clod|83\/100|[from] item: Black Sludge\n|-damage|p2a: Porygon-Z|37\/100 tox|[from] psn\n|upkeep\n|turn|5\n|\n|t:|1700003707\n|move|p2a: Porygon-Z|Ice Beam|p1a: Sir Clod\n|-supereffective|p1a: Sir Clod\n|-damage|p1a: Sir Clod|45\/100\n|move|p1a: Sir Clod|Earthquake|p2a: Porygon-Z\n|-supereffective|p2a: Porygon-Z\n|-damage|p2a: Porygon-Z|0 fnt\n|faint|p2a: Porygon-Z\n|\n|-heal|p1a: Sir Clod|51\/100|[from] item: Black Sludge\n|upkeep\n|\n|t:|1700003721\n|switch|p2a: Urshifu|Urshifu-Rapid-Strike, M|100\/100\n|turn|6\n|\n|t:|1700003736\n|switch|p1a: F.R.O.G.|Poliwrath, M, shiny|100\/100\n|move|p2a: Urshifu|Close Combat|p1a: F.R.O.G.\n|-damage|p1a: F.R.O.G.|49\/100\n|-unboost|p2a: Urshifu|def|1\n|-unboost|p2a: Urshifu|spd|1\n|\n|upkeep\n|turn|7\n|\n|t:|1700003745\n|move|p2a: Urshifu|Close Combat|p1a: F.R.O.G.\n|-damage|p1a: F.R.O.G.|0 fnt\n|-unboost|p2a: Urshifu|def|1\n|-unboost|p2a: Urshifu|spd|1\n|faint|p1a: F.R.O.G.\n|\n|upkeep\n|\n|t:|1700003749\n|switch|p1a: Boomin' Bangers|Rillaboom, M|100\/100\n|-fieldstart|move: Grassy Terrain|[from] ability: Grassy Surge|[of] p1a: Boomin' Bangers\n|-enditem|p1a: Boomin' Bangers|Grassy Seed\n|-boost|p1a: Boomin' Bangers|def|1|[from] item: Grassy Seed\n|turn|8\n|\n|t:|1700003761\n|move|p2a: Urshifu|Ice Spinner|p1a: Boomin' Bangers\n|-supereffective|p1a: Boomin' Bangers\n|-damage|p1a: Boomin' Bangers|71\/100\n|-fieldend|move: Grassy Terrain\n|move|p1a: Boomin' Bangers|Bulk Up|p1a: Boomin' Bangers\n|-boost|p1a: Boomin' Bangers|atk|1\n|-boost|p1a: Boomin' Bangers|def|1\n|\n|upkeep\n|turn|9\n|\n|t:|1700003774\n|switch|p2a: Heatran|Heatran, F|100\/100\n|-item|p2a: Heatran|Air Balloon\n|move|p1a: Boomin' Bangers|Bulk Up|p1a: Boomin' Bangers\n|-boost|p1a: Boomin' Bangers|atk|1\n|-boost|p1a: Boomin' Bangers|def|1\n|\n|upkeep\n|turn|10\n|\n|t:|1700003781\n|move|p1a: Boomin' Bangers|Drain Punch|p2a: Heatran\n|-supereffective|p2a: Heatran\n|-damage|p2a: Heatran|9\/100\n|-heal|p1a: Boomin' Bangers|100\/100|[from] drain|[of] p2a: Heatran\n|-enditem|p2a: Heatran|Air Balloon\n|move|p2a: Heatran|Magma Storm|p1a: Boomin' Bangers|[miss]\n|-miss|p2a: Heatran|p1a: Boomin' Bangers\n|\n|upkeep\n|turn|11\n|\n|t:|1700003795\n|move|p1a: Boomin' Bangers|High Horsepower|p2a: Heatran\n|-supereffective|p2a: Heatran\n|-damage|p2a: Heatran|0 fnt\n|-status|p1a: Boomin' Bangers|brn|[from] ability: Flame Body|[of] p2a: Heatran\n|faint|p2a: Heatran\n|\n|-damage|p1a: Boomin' Bangers|94\/100 brn|[from] brn\n|upkeep\n|\n|t:|1700003813\n|switch|p2a: Gliscor|Gliscor, M|100\/100\n|turn|12\n|\n|t:|1700003830\n|move|p2a: Gliscor|Stone Edge|p1a: Boomin' Bangers\n|-damage|p1a: Boomin' Bangers|85\/100 brn\n|move|p1a: Boomin' Bangers|Bulk Up|p1a: Boomin' Bangers\n|-boost|p1a: Boomin' Bangers|atk|1\n|-boost|p1a: Boomin' Bangers|def|1\n|\n|-damage|p1a: Boomin' Bangers|79\/100 brn|[from] brn\n|-status|p2a: Gliscor|tox|[from] item: Toxic Orb\n|upkeep\n|turn|13\n|-message|GoldenGiger forfeited.\n|\n|win|hackilla15\n|raw|hackilla15's rating: 1118 &rarr; <strong>1145<\/strong><br \/>(+27 for winning)\n|raw|GoldenGiger's rating: 1147 &rarr; <strong>1120<\/strong><br \/>(-27 for losing)\n|l|\u2606GoldenGiger\n","uploadtime":1700003840,"views":7,"p1id":"hackilla15","p2id":"goldengiger","formatid":"gen9nationaldex","rating":1120,"private":0,"password":""}