{"id":"gen9nationaldex-1998688238","p1":"midding","p2":"jkljlkh","format":"[Gen 9] National Dex","log":"|html|<div class=\"broadcast-blue\"><strong>[Gen 9] National Dex is currently suspecting Sneasler! For information on how to participate check out the <a href=\"https:\/\/www.smogon.com\/forums\/threads\/sv-national-dex-suspect-8-just-dance.3731534\/\">suspect thread<\/a>.<\/strong><\/div>\n|j|\u2606midding\n|j|\u2606jkljlkh\n|t:|1700972726\n|gametype|singles\n|player|p1|midding|emmet|1652\n|player|p2|jkljlkh|169|1880\n|teamsize|p1|6\n|teamsize|p2|6\n|gen|9\n|tier|[Gen 9] National Dex\n|rated|\n|rule|HP Percentage Mod: HP is shown in percentages\n|rule|Endless Battle Clause: Forcing endless battles is banned\n|rule|OHKO Clause: OHKO moves are banned\n|rule|Evasion Clause: Evasion abilities, items, and moves are banned\n|rule|Evasion Abilities Clause: Evasion abilities are banned\n|rule|Evasion Items Clause: Evasion items are banned\n|rule|Evasion Moves Clause: Evasion moves are banned\n|rule|Species Clause: Limit one of each Pok\u00e9mon\n|rule|Sleep Clause Mod: Limit one foe put to sleep\n|clearpoke\n|poke|p1|Hatterene, F|\n|poke|p1|Mawile, M|\n|poke|p1|Cresselia, F|\n|poke|p1|Porygon2|\n|poke|p1|Marowak-Alola, M|\n|poke|p1|Ursaluna, M|\n|poke|p2|Toxapex, M|\n|poke|p2|Dondozo, F|\n|poke|p2|Gliscor, F|\n|poke|p2|Blissey, F|\n|poke|p2|Corviknight, F|\n|poke|p2|Tyranitar, M|\n|teampreview\n|\n|t:|1700972735\n|start\n|switch|p1a: Hatterene|Hatterene, F, shiny|100\/100\n|switch|p2a: Tyranitar|Tyranitar, M|100\/100\n|-weather|Sandstorm|[from] ability: Sand Stream|[of] p2a: Tyranitar\n|turn|1\n|\n|t:|1700972747\n|detailschange|p2a: Tyranitar|Tyranitar-Mega, M\n|-mega|p2a: Tyranitar|Tyranitar|Tyranitarite\n|move|p2a: Tyranitar|Knock Off|p1a: Hatterene\n|-damage|p1a: Hatterene|35\/100\n|-enditem|p1a: Hatterene|Focus Sash|[from] move: Knock Off|[of] p2a: Tyranitar\n|move|p1a: Hatterene|Misty Explosion|p2a: Tyranitar\n|-supereffective|p2a: Tyranitar\n|-damage|p2a: Tyranitar|56\/100\n|faint|p1a: Hatterene\n|\n|-weather|Sandstorm|[upkeep]\n|upkeep\n|\n|t:|1700972764\n|switch|p1a: Cresselia|Cresselia, F|100\/100\n|turn|2\n|\n|t:|1700972768\n|move|p2a: Tyranitar|Knock Off|p1a: Cresselia\n|-supereffective|p1a: Cresselia\n|-damage|p1a: Cresselia|17\/100\n|-enditem|p1a: Cresselia|Leftovers|[from] move: Knock Off|[of] p2a: Tyranitar\n|move|p1a: Cresselia|Trick Room|p1a: Cresselia\n|-fieldstart|move: Trick Room|[of] p1a: Cresselia\n|\n|-weather|Sandstorm|[upkeep]\n|-damage|p1a: Cresselia|11\/100|[from] Sandstorm\n|upkeep\n|turn|3\n|j| worry cares\n|\n|t:|1700972777\n|move|p1a: Cresselia|Lunar Dance|p1a: Cresselia\n|faint|p1a: Cresselia\n|move|p2a: Tyranitar|Knock Off|p1: Cresselia|[notarget]\n|-fail|p2a: Tyranitar\n|\n|-weather|Sandstorm|[upkeep]\n|upkeep\n|\n|t:|1700972784\n|switch|p1a: Ursaluna|Ursaluna, M|100\/100\n|turn|4\n|\n|t:|1700972792\n|move|p1a: Ursaluna|Swords Dance|p1a: Ursaluna\n|-boost|p1a: Ursaluna|atk|2\n|move|p2a: Tyranitar|Knock Off|p1a: Ursaluna\n|-damage|p1a: Ursaluna|59\/100\n|-enditem|p1a: Ursaluna|Flame Orb|[from] move: Knock Off|[of] p2a: Tyranitar\n|\n|-weather|Sandstorm|[upkeep]\n|upkeep\n|turn|5\n|\n|t:|1700972802\n|switch|p2a: Gliscor|Gliscor, F|100\/100\n|move|p1a: Ursaluna|Facade|p2a: Gliscor\n|-damage|p2a: Gliscor|44\/100\n|\n|-weather|none\n|-status|p2a: Gliscor|tox|[from] item: Toxic Orb\n|upkeep\n|turn|6\n|\n|t:|1700972813\n|move|p2a: Gliscor|Protect|p2a: Gliscor\n|-singleturn|p2a: Gliscor|Protect\n|move|p1a: Ursaluna|Facade|p2a: Gliscor\n|-activate|p2a: Gliscor|move: Protect\n|\n|-heal|p2a: Gliscor|56\/100 tox|[from] ability: Poison Heal\n|-fieldend|move: Trick Room\n|upkeep\n|turn|7\n|\n|t:|1700972823\n|switch|p2a: Dondozo|Dondozo, F|100\/100\n|move|p1a: Ursaluna|Facade|p2a: Dondozo\n|-damage|p2a: Dondozo|83\/100\n|\n|upkeep\n|turn|8\n|j| YJLF2\n|-message|midding forfeited.\n|\n|win|jkljlkh\n|raw|midding's rating: 1652 &rarr; <strong>1644<\/strong><br \/>(-8 for losing)\n|raw|jkljlkh's rating: 1880 &rarr; <strong>1888<\/strong><br \/>(+8 for winning)\n|l|\u2606midding\n","uploadtime":1700972835,"views":25,"p1id":"midding","p2id":"jkljlkh","formatid":"gen9nationaldex","rating":1644,"private":0,"password":""}