{"id":"gen9nationaldex-1998083114","p1":"ChaosEmperor96","p2":"oppyy","format":"[Gen 9] National Dex","log":"|html|<div class=\"broadcast-blue\"><strong>[Gen 9] National Dex is currently suspecting Sneasler! For information on how to participate check out the <a href=\"https:\/\/www.smogon.com\/forums\/threads\/sv-national-dex-suspect-8-just-dance.3731534\/\">suspect thread<\/a>.<\/strong><\/div>\n|j|\u2606ChaosEmperor96\n|j|\u2606oppyy\n|t:|1700888511\n|gametype|singles\n|player|p1|ChaosEmperor96|marshal|1153\n|player|p2|oppyy|lady-gen4|1054\n|teamsize|p1|6\n|teamsize|p2|6\n|gen|9\n|tier|[Gen 9] National Dex\n|rated|\n|rule|HP Percentage Mod: HP is shown in percentages\n|rule|Endless Battle Clause: Forcing endless battles is banned\n|rule|OHKO Clause: OHKO moves are banned\n|rule|Evasion Clause: Evasion abilities, items, and moves are banned\n|rule|Evasion Abilities Clause: Evasion abilities are banned\n|rule|Evasion Items Clause: Evasion items are banned\n|rule|Evasion Moves Clause: Evasion moves are banned\n|rule|Species Clause: Limit one of each Pok\u00e9mon\n|rule|Sleep Clause Mod: Limit one foe put to sleep\n|clearpoke\n|poke|p1|Emboar, M|\n|poke|p1|Haxorus, M|\n|poke|p1|Excadrill, M|\n|poke|p1|Galvantula, M|\n|poke|p1|Mandibuzz, F|\n|poke|p1|Vanilluxe, M|\n|poke|p2|Diancie|\n|poke|p2|Dragonite, M|\n|poke|p2|Kartana|\n|poke|p2|Deoxys-Defense|\n|poke|p2|Tapu Koko|\n|poke|p2|Primarina, F|\n|teampreview\n|c|\u2606oppyy|Hello\n|inactive|Battle timer is ON: inactive players will automatically lose when time's up. (requested by ChaosEmperor96)\n|c|\u2606oppyy|Let's have a fun battle\n|\n|t:|1700888522\n|start\n|switch|p1a: Vanilluxe|Vanilluxe, M, shiny|100\/100\n|switch|p2a: Cooter|Kartana, shiny|100\/100\n|turn|1\n|\n|t:|1700888528\n|switch|p1a: Mandibuzz|Mandibuzz, F, shiny|100\/100\n|move|p2a: Cooter|Sacred Sword|p1a: Mandibuzz\n|-damage|p1a: Mandibuzz|79\/100\n|\n|upkeep\n|turn|2\n|\n|t:|1700888539\n|move|p2a: Cooter|X-Scissor|p1a: Mandibuzz\n|-damage|p1a: Mandibuzz|60\/100\n|move|p1a: Mandibuzz|U-turn|p2a: Cooter\n|-damage|p2a: Cooter|90\/100\n|\n|t:|1700888545\n|switch|p1a: Emboar|Emboar, M, shiny|100\/100|[from] U-turn\n|\n|upkeep\n|turn|3\n|\n|t:|1700888554\n|switch|p2a: Michelle|Primarina, F|100\/100\n|-terastallize|p1a: Emboar|Fire\n|move|p1a: Emboar|Flare Blitz|p2a: Michelle\n|-resisted|p2a: Michelle\n|-damage|p2a: Michelle|35\/100\n|-status|p2a: Michelle|brn\n|-damage|p1a: Emboar|80\/100|[from] Recoil\n|\n|-damage|p2a: Michelle|28\/100 brn|[from] brn\n|upkeep\n|turn|4\n|\n|t:|1700888568\n|move|p1a: Emboar|Flare Blitz|p2a: Michelle\n|-resisted|p2a: Michelle\n|-damage|p2a: Michelle|0 fnt\n|faint|p2a: Michelle\n|-damage|p1a: Emboar|72\/100|[from] Recoil\n|\n|upkeep\n|c|\u2606oppyy|Steve's Going to London\n|\n|t:|1700888588\n|switch|p2a: Oreo|Diancie|100\/100\n|turn|5\n|\n|t:|1700888595\n|switch|p1a: Mandibuzz|Mandibuzz, F, shiny|60\/100\n|detailschange|p2a: Oreo|Diancie-Mega\n|-mega|p2a: Oreo|Diancie|Diancite\n|move|p2a: Oreo|Diamond Storm|p1a: Mandibuzz\n|-supereffective|p1a: Mandibuzz\n|-damage|p1a: Mandibuzz|0 fnt\n|faint|p1a: Mandibuzz\n|\n|upkeep\n|\n|t:|1700888604\n|switch|p1a: Excadrill|Excadrill, M, shiny|100\/100\n|turn|6\n|c|\u2606oppyy|Shawn\u2019s stuck in a suit\n|\n|t:|1700888627\n|switch|p2a: Cooter|Kartana, shiny|90\/100\n|move|p1a: Excadrill|Iron Head|p2a: Cooter\n|-resisted|p2a: Cooter\n|-damage|p2a: Cooter|69\/100\n|\n|upkeep\n|turn|7\n|\n|t:|1700888637\n|switch|p1a: Emboar|Emboar, M, shiny, tera:Fire|72\/100\n|move|p2a: Cooter|Sacred Sword|p1a: Emboar\n|-damage|p1a: Emboar|22\/100\n|\n|upkeep\n|turn|8\n|\n|t:|1700888646\n|switch|p2a: Big Ziti|Deoxys-Defense|100\/100\n|-ability|p2a: Big Ziti|Pressure\n|move|p1a: Emboar|Flare Blitz|p2a: Big Ziti\n|-damage|p2a: Big Ziti|22\/100\n|-damage|p1a: Emboar|3\/100|[from] Recoil\n|\n|upkeep\n|turn|9\n|c|\u2606oppyy|Tom sleeps on his best friend\u2019s lawn\n|\n|t:|1700888657\n|move|p2a: Big Ziti|Detect|p2a: Big Ziti\n|-singleturn|p2a: Big Ziti|Protect\n|move|p1a: Emboar|Flare Blitz|p2a: Big Ziti\n|-activate|p2a: Big Ziti|move: Protect\n|\n|upkeep\n|turn|10\n|\n|t:|1700888663\n|move|p1a: Emboar|Flare Blitz|p2a: Big Ziti\n|-damage|p2a: Big Ziti|0 fnt\n|faint|p2a: Big Ziti\n|-damage|p1a: Emboar|0 fnt|[from] Recoil\n|faint|p1a: Emboar\n|\n|upkeep\n|\n|t:|1700888673\n|switch|p2a: Chedder|Dragonite, M|100\/100\n|switch|p1a: Excadrill|Excadrill, M, shiny|100\/100\n|turn|11\n|\n|t:|1700888680\n|-terastallize|p2a: Chedder|Normal\n|move|p1a: Excadrill|Rapid Spin|p2a: Chedder\n|-crit|p2a: Chedder\n|-damage|p2a: Chedder|72\/100\n|-boost|p1a: Excadrill|spe|1\n|move|p2a: Chedder|Dragon Dance|p2a: Chedder\n|-boost|p2a: Chedder|atk|1\n|-boost|p2a: Chedder|spe|1\n|\n|-heal|p2a: Chedder|78\/100|[from] item: Leftovers\n|upkeep\n|turn|12\n|\n|t:|1700888691\n|move|p2a: Chedder|Extreme Speed|p1a: Excadrill\n|-resisted|p1a: Excadrill\n|-damage|p1a: Excadrill|56\/100\n|move|p1a: Excadrill|Earthquake|p2a: Chedder\n|-damage|p2a: Chedder|26\/100\n|\n|-heal|p2a: Chedder|32\/100|[from] item: Leftovers\n|upkeep\n|turn|13\n|\n|t:|1700888700\n|move|p2a: Chedder|Extreme Speed|p1a: Excadrill\n|-resisted|p1a: Excadrill\n|-damage|p1a: Excadrill|5\/100\n|move|p1a: Excadrill|Earthquake|p2a: Chedder\n|-damage|p2a: Chedder|0 fnt\n|faint|p2a: Chedder\n|\n|upkeep\n|\n|t:|1700888713\n|switch|p2a: Cooter|Kartana, shiny|69\/100\n|turn|14\n|\n|t:|1700888717\n|move|p1a: Excadrill|Earthquake|p2a: Cooter\n|-damage|p2a: Cooter|15\/100\n|move|p2a: Cooter|Sacred Sword|p1a: Excadrill\n|-supereffective|p1a: Excadrill\n|-damage|p1a: Excadrill|0 fnt\n|faint|p1a: Excadrill\n|-ability|p2a: Cooter|Beast Boost|boost\n|-boost|p2a: Cooter|atk|1\n|\n|upkeep\n|\n|t:|1700888727\n|switch|p1a: Galvantula|Galvantula, M, shiny|100\/100\n|turn|15\n|\n|t:|1700888732\n|switch|p2a: Oreo|Diancie-Mega|100\/100\n|move|p1a: Galvantula|Bug Buzz|p2a: Oreo\n|-resisted|p2a: Oreo\n|-damage|p2a: Oreo|77\/100\n|\n|upkeep\n|turn|16\n|c|\u2606oppyy|Like every other afternoon\n|c|\u2606oppyy|Steve\u2019s going to London\n|\n|t:|1700888745\n|switch|p1a: Vanilluxe|Vanilluxe, M, shiny|100\/100\n|move|p2a: Oreo|Diamond Storm|p1a: Vanilluxe\n|-supereffective|p1a: Vanilluxe\n|-damage|p1a: Vanilluxe|0 fnt\n|-boost|p2a: Oreo|def|2\n|faint|p1a: Vanilluxe\n|\n|upkeep\n|\n|t:|1700888755\n|switch|p1a: Galvantula|Galvantula, M, shiny|100\/100\n|turn|17\n|\n|t:|1700888766\n|move|p1a: Galvantula|Energy Ball|p2a: Oreo\n|-supereffective|p2a: Oreo\n|-damage|p2a: Oreo|15\/100\n|move|p2a: Oreo|Diamond Storm|p1a: Galvantula\n|-supereffective|p1a: Galvantula\n|-enditem|p1a: Galvantula|Focus Sash\n|-damage|p1a: Galvantula|1\/100\n|\n|upkeep\n|turn|18\n|\n|t:|1700888778\n|switch|p2a: Coco|Tapu Koko|100\/100\n|-fieldstart|move: Electric Terrain|[from] ability: Electric Surge|[of] p2a: Coco\n|move|p1a: Galvantula|Energy Ball|p2a: Coco\n|-damage|p2a: Coco|67\/100\n|\n|upkeep\n|turn|19\n|\n|t:|1700888800\n|switch|p2a: Cooter|Kartana, shiny|15\/100\n|move|p1a: Galvantula|Sticky Web|p2a: Cooter\n|-sidestart|p2: oppyy|move: Sticky Web\n|\n|upkeep\n|turn|20\n|\n|t:|1700888812\n|move|p1a: Galvantula|Bug Buzz|p2a: Cooter\n|-damage|p2a: Cooter|0 fnt\n|faint|p2a: Cooter\n|\n|upkeep\n|\n|t:|1700888817\n|switch|p2a: Oreo|Diancie-Mega|15\/100\n|-activate|p2a: Oreo|move: Sticky Web\n|-unboost|p2a: Oreo|spe|1\n|turn|21\n|\n|t:|1700888826\n|move|p1a: Galvantula|Energy Ball|p2a: Oreo\n|-supereffective|p2a: Oreo\n|-damage|p2a: Oreo|0 fnt\n|faint|p2a: Oreo\n|\n|upkeep\n|\n|t:|1700888830\n|switch|p2a: Coco|Tapu Koko|67\/100\n|-activate|p2a: Coco|move: Sticky Web\n|-unboost|p2a: Coco|spe|1\n|turn|22\n|\n|t:|1700888834\n|move|p1a: Galvantula|Thunderbolt|p2a: Coco\n|-resisted|p2a: Coco\n|-damage|p2a: Coco|37\/100\n|move|p2a: Coco|Dazzling Gleam|p1a: Galvantula\n|-damage|p1a: Galvantula|0 fnt\n|faint|p1a: Galvantula\n|\n|-fieldend|move: Electric Terrain\n|upkeep\n|\n|t:|1700888843\n|switch|p1a: Haxorus|Haxorus, M, shiny|100\/100\n|-ability|p1a: Haxorus|Mold Breaker\n|turn|23\n|\n|t:|1700888847\n|move|p1a: Haxorus|Poison Jab|p2a: Coco\n|-supereffective|p2a: Coco\n|-damage|p2a: Coco|0 fnt\n|faint|p2a: Coco\n|\n|win|ChaosEmperor96\n|raw|ChaosEmperor96's rating: 1153 &rarr; <strong>1171<\/strong><br \/>(+18 for winning)\n|raw|oppyy's rating: 1054 &rarr; <strong>1041<\/strong><br \/>(-13 for losing)\n|c|\u2606oppyy|GG\n|c|\u2606ChaosEmperor96|Gg\n","uploadtime":1700888859,"views":1,"p1id":"chaosemperor96","p2id":"oppyy","formatid":"gen9nationaldex","rating":1041,"private":0,"password":""}