{"id":"gen9nationaldex-1992106490","p1":"TPX05","p2":"nice ct","format":"[Gen 9] National Dex","log":"|j|\u2606TPX05\n|j|\u2606nice ct\n|t:|1700155628\n|gametype|singles\n|player|p1|TPX05|kieran|1489\n|player|p2|nice ct|dawn|1564\n|teamsize|p1|6\n|teamsize|p2|6\n|gen|9\n|tier|[Gen 9] National Dex\n|rated|\n|rule|HP Percentage Mod: HP is shown in percentages\n|rule|Endless Battle Clause: Forcing endless battles is banned\n|rule|OHKO Clause: OHKO moves are banned\n|rule|Evasion Clause: Evasion abilities, items, and moves are banned\n|rule|Evasion Abilities Clause: Evasion abilities are banned\n|rule|Evasion Items Clause: Evasion items are banned\n|rule|Evasion Moves Clause: Evasion moves are banned\n|rule|Species Clause: Limit one of each Pok\u00e9mon\n|rule|Sleep Clause Mod: Limit one foe put to sleep\n|clearpoke\n|poke|p1|Pelipper, F|\n|poke|p1|Swampert, F|\n|poke|p1|Floatzel, M|\n|poke|p1|Overqwil, M|\n|poke|p1|Ferrothorn, F|\n|poke|p1|Basculegion-F, F|\n|poke|p2|Banette, M|\n|poke|p2|Clefable, M|\n|poke|p2|Ting-Lu|\n|poke|p2|Cresselia, F|\n|poke|p2|Tangrowth, F|\n|poke|p2|Alomomola, F|\n|teampreview\n|inactive|Battle timer is ON: inactive players will automatically lose when time's up. (requested by TPX05)\n|\n|t:|1700155645\n|start\n|switch|p1a: Floatzel|Floatzel, M|100\/100\n|switch|p2a: Ting-Lu|Ting-Lu|100\/100\n|-ability|p2a: Ting-Lu|Vessel of Ruin\n|turn|1\n|\n|t:|1700155651\n|-terastallize|p1a: Floatzel|Water\n|move|p1a: Floatzel|Flip Turn|p2a: Ting-Lu\n|-supereffective|p2a: Ting-Lu\n|-damage|p2a: Ting-Lu|36\/100\n|\n|t:|1700155656\n|switch|p1a: Swampert|Swampert, F|100\/100|[from] Flip Turn\n|move|p2a: Ting-Lu|Stealth Rock|p1a: Swampert\n|-sidestart|p1: TPX05|move: Stealth Rock\n|\n|-heal|p2a: Ting-Lu|42\/100|[from] item: Leftovers\n|upkeep\n|turn|2\n|\n|t:|1700155660\n|switch|p2a: Tangrowth|Tangrowth, F|100\/100\n|detailschange|p1a: Swampert|Swampert-Mega, F\n|-mega|p1a: Swampert|Swampert|Swampertite\n|move|p1a: Swampert|Stealth Rock|p2a: Tangrowth\n|-sidestart|p2: nice ct|move: Stealth Rock\n|\n|upkeep\n|turn|3\n|\n|t:|1700155668\n|move|p1a: Swampert|Flip Turn|p2a: Tangrowth\n|-resisted|p2a: Tangrowth\n|-damage|p2a: Tangrowth|91\/100\n|-damage|p1a: Swampert|84\/100|[from] item: Rocky Helmet|[of] p2a: Tangrowth\n|\n|t:|1700155669\n|switch|p1a: Overqwil|Overqwil, M|100\/100|[from] Flip Turn\n|-damage|p1a: Overqwil|88\/100|[from] Stealth Rock\n|move|p2a: Tangrowth|Giga Drain|p1a: Overqwil\n|-resisted|p1a: Overqwil\n|-damage|p1a: Overqwil|71\/100\n|-heal|p2a: Tangrowth|98\/100|[from] drain|[of] p1a: Overqwil\n|\n|upkeep\n|turn|4\n|\n|t:|1700155677\n|switch|p2a: Clefable|Clefable, M|100\/100\n|-zpower|p1a: Overqwil\n|move|p1a: Overqwil|Acid Downpour|p2a: Clefable|[zeffect]\n|-supereffective|p2a: Clefable\n|-damage|p2a: Clefable|0 fnt\n|faint|p2a: Clefable\n|\n|upkeep\n|\n|t:|1700155686\n|switch|p2a: Alomomola|Alomomola, F|100\/100\n|-damage|p2a: Alomomola|88\/100|[from] Stealth Rock\n|turn|5\n|\n|t:|1700155691\n|move|p1a: Overqwil|Swords Dance|p1a: Overqwil\n|-boost|p1a: Overqwil|atk|2\n|move|p2a: Alomomola|Knock Off|p1a: Overqwil\n|-resisted|p1a: Overqwil\n|-damage|p1a: Overqwil|64\/100\n|\n|upkeep\n|turn|6\n|\n|t:|1700155694\n|move|p1a: Overqwil|Gunk Shot|p2a: Alomomola\n|-damage|p2a: Alomomola|31\/100\n|move|p2a: Alomomola|Flip Turn|p1a: Overqwil\n|-damage|p1a: Overqwil|47\/100\n|\n|t:|1700155698\n|switch|p2a: Banette|Banette, M|100\/100|[from] Flip Turn\n|-damage|p2a: Banette|88\/100|[from] Stealth Rock\n|-item|p1a: Overqwil|Poisonium Z|[from] ability: Frisk|[of] p2a: Banette|[identify]\n|\n|upkeep\n|turn|7\n|\n|t:|1700155701\n|switch|p1a: Basculegion|Basculegion-F, F|100\/100\n|-damage|p1a: Basculegion|88\/100|[from] Stealth Rock\n|detailschange|p2a: Banette|Banette-Mega, M\n|-mega|p2a: Banette|Banette|Banettite\n|move|p2a: Banette|Destiny Bond|p2a: Banette\n|-singlemove|p2a: Banette|Destiny Bond\n|\n|upkeep\n|turn|8\n|\n|t:|1700155716\n|switch|p1a: Ferrothorn|Ferrothorn, F|100\/100\n|-damage|p1a: Ferrothorn|94\/100|[from] Stealth Rock\n|switch|p2a: Cresselia|Cresselia, F|100\/100\n|-damage|p2a: Cresselia|88\/100|[from] Stealth Rock\n|\n|-heal|p2a: Cresselia|94\/100|[from] item: Leftovers\n|upkeep\n|turn|9\n|\n|t:|1700155724\n|-terastallize|p2a: Cresselia|Poison\n|move|p2a: Cresselia|Calm Mind|p2a: Cresselia\n|-boost|p2a: Cresselia|spa|1\n|-boost|p2a: Cresselia|spd|1\n|move|p1a: Ferrothorn|Thunder Wave|p2a: Cresselia\n|-status|p2a: Cresselia|par\n|\n|-heal|p2a: Cresselia|100\/100 par|[from] item: Leftovers\n|upkeep\n|turn|10\n|\n|t:|1700155729\n|cant|p2a: Cresselia|par\n|move|p1a: Ferrothorn|Leech Seed|p2a: Cresselia\n|-start|p2a: Cresselia|move: Leech Seed\n|\n|-damage|p2a: Cresselia|88\/100 par|[from] Leech Seed|[of] p1a: Ferrothorn\n|-heal|p1a: Ferrothorn|100\/100|[silent]\n|upkeep\n|turn|11\n|\n|t:|1700155734\n|switch|p1a: Pelipper|Pelipper, F|100\/100\n|-damage|p1a: Pelipper|76\/100|[from] Stealth Rock\n|-weather|RainDance|[from] ability: Drizzle|[of] p1a: Pelipper\n|move|p2a: Cresselia|Calm Mind|p2a: Cresselia\n|-boost|p2a: Cresselia|spa|1\n|-boost|p2a: Cresselia|spd|1\n|\n|-weather|RainDance|[upkeep]\n|-heal|p2a: Cresselia|94\/100 par|[from] item: Leftovers\n|-damage|p2a: Cresselia|82\/100 par|[from] Leech Seed|[of] p1a: Pelipper\n|-heal|p1a: Pelipper|92\/100|[silent]\n|upkeep\n|turn|12\n|\n|t:|1700155739\n|move|p1a: Pelipper|U-turn|p2a: Cresselia\n|-resisted|p2a: Cresselia\n|-damage|p2a: Cresselia|79\/100 par\n|\n|t:|1700155747\n|switch|p1a: Floatzel|Floatzel, M, tera:Water|100\/100|[from] U-turn\n|-damage|p1a: Floatzel|88\/100|[from] Stealth Rock\n|cant|p2a: Cresselia|par\n|\n|-weather|RainDance|[upkeep]\n|-heal|p2a: Cresselia|85\/100 par|[from] item: Leftovers\n|-damage|p2a: Cresselia|72\/100 par|[from] Leech Seed|[of] p1a: Floatzel\n|-heal|p1a: Floatzel|100\/100|[silent]\n|upkeep\n|turn|13\n|\n|t:|1700155752\n|switch|p2a: Tangrowth|Tangrowth, F|100\/100\n|-damage|p2a: Tangrowth|88\/100|[from] Stealth Rock\n|move|p1a: Floatzel|Flip Turn|p2a: Tangrowth\n|-resisted|p2a: Tangrowth\n|-damage|p2a: Tangrowth|66\/100\n|-damage|p1a: Floatzel|84\/100|[from] item: Rocky Helmet|[of] p2a: Tangrowth\n|\n|t:|1700155754\n|switch|p1a: Overqwil|Overqwil, M|47\/100|[from] Flip Turn\n|-damage|p1a: Overqwil|35\/100|[from] Stealth Rock\n|\n|-weather|RainDance|[upkeep]\n|upkeep\n|turn|14\n|\n|t:|1700155764\n|switch|p2a: Alomomola|Alomomola, F|65\/100\n|-damage|p2a: Alomomola|52\/100|[from] Stealth Rock\n|move|p1a: Overqwil|Swords Dance|p1a: Overqwil\n|-boost|p1a: Overqwil|atk|2\n|\n|-weather|RainDance|[upkeep]\n|upkeep\n|turn|15\n|\n|t:|1700155768\n|move|p1a: Overqwil|Gunk Shot|p2a: Alomomola\n|-damage|p2a: Alomomola|0 fnt\n|faint|p2a: Alomomola\n|\n|-weather|RainDance|[upkeep]\n|upkeep\n|\n|t:|1700155772\n|switch|p2a: Banette|Banette-Mega, M|88\/100\n|-damage|p2a: Banette|76\/100|[from] Stealth Rock\n|turn|16\n|\n|t:|1700155776\n|move|p2a: Banette|Destiny Bond|p2a: Banette\n|-singlemove|p2a: Banette|Destiny Bond\n|move|p1a: Overqwil|Crunch|p2a: Banette\n|-supereffective|p2a: Banette\n|-damage|p2a: Banette|0 fnt\n|faint|p2a: Banette\n|-activate|p2a: Banette|move: Destiny Bond\n|faint|p1a: Overqwil\n|\n|-weather|RainDance|[upkeep]\n|upkeep\n|\n|t:|1700155782\n|switch|p1a: Basculegion|Basculegion-F, F|88\/100\n|switch|p2a: Ting-Lu|Ting-Lu|42\/100\n|-damage|p1a: Basculegion|76\/100|[from] Stealth Rock\n|-damage|p2a: Ting-Lu|36\/100|[from] Stealth Rock\n|-ability|p2a: Ting-Lu|Vessel of Ruin\n|turn|17\n|\n|t:|1700155786\n|switch|p2a: Cresselia|Cresselia, F, tera:Poison|72\/100 par\n|-damage|p2a: Cresselia|60\/100 par|[from] Stealth Rock\n|move|p1a: Basculegion|Hydro Pump|p2a: Cresselia\n|-damage|p2a: Cresselia|23\/100 par\n|\n|-weather|RainDance|[upkeep]\n|-heal|p2a: Cresselia|29\/100 par|[from] item: Leftovers\n|upkeep\n|turn|18\n|\n|t:|1700155790\n|move|p1a: Basculegion|Hydro Pump|p2a: Cresselia\n|-damage|p2a: Cresselia|0 fnt\n|faint|p2a: Cresselia\n|\n|-weather|none\n|upkeep\n|-message|nice ct forfeited.\n|\n|win|TPX05\n|raw|TPX05's rating: 1489 &rarr; <strong>1513<\/strong><br \/>(+24 for winning)\n|raw|nice ct's rating: 1564 &rarr; <strong>1540<\/strong><br \/>(-24 for losing)\n|l|\u2606nice ct\n","uploadtime":1700155819,"views":5,"p1id":"tpx05","p2id":"nicect","formatid":"gen9nationaldex","rating":1513,"private":0,"password":""}