{"id":"gen9nationaldex-1996122522","p1":"Ruinous Tusk","p2":"eadd\u5185\u8499\u53e4\u306e\u6df1\u6d77\u5927\u9c7f\u9c7c","format":"[Gen 9] National Dex","log":"|html|<div class=\"broadcast-blue\"><strong>[Gen 9] National Dex is currently suspecting Sneasler! For information on how to participate check out the <a href=\"https:\/\/www.smogon.com\/forums\/threads\/sv-national-dex-suspect-8-just-dance.3731534\/\">suspect thread<\/a>.<\/strong><\/div>\n|j|\u2606Ruinous Tusk\n|j|\u2606eadd\u5185\u8499\u53e4\u306e\u6df1\u6d77\u5927\u9c7f\u9c7c\n|t:|1700647562\n|gametype|singles\n|player|p1|Ruinous Tusk|hilbert|1189\n|player|p2|eadd\u5185\u8499\u53e4\u306e\u6df1\u6d77\u5927\u9c7f\u9c7c|rosa|1261\n|teamsize|p1|6\n|teamsize|p2|6\n|gen|9\n|tier|[Gen 9] National Dex\n|rated|\n|rule|HP Percentage Mod: HP is shown in percentages\n|rule|Endless Battle Clause: Forcing endless battles is banned\n|rule|OHKO Clause: OHKO moves are banned\n|rule|Evasion Clause: Evasion abilities, items, and moves are banned\n|rule|Evasion Abilities Clause: Evasion abilities are banned\n|rule|Evasion Items Clause: Evasion items are banned\n|rule|Evasion Moves Clause: Evasion moves are banned\n|rule|Species Clause: Limit one of each Pok\u00e9mon\n|rule|Sleep Clause Mod: Limit one foe put to sleep\n|clearpoke\n|poke|p1|Tapu Koko|\n|poke|p1|Iron Valiant|\n|poke|p1|Sneasler, M|\n|poke|p1|Charizard, M|\n|poke|p1|Hatterene, F|\n|poke|p1|Victini|\n|poke|p2|Porygon2|\n|poke|p2|Hatterene, F|\n|poke|p2|Cresselia, F|\n|poke|p2|Stakataka|\n|poke|p2|Camerupt, M|\n|poke|p2|Marowak-Alola, M|\n|teampreview\n|inactive|Battle timer is ON: inactive players will automatically lose when time's up. (requested by Ruinous Tusk)\n|c|\u2606eadd\u5185\u8499\u53e4\u306e\u6df1\u6d77\u5927\u9c7f\u9c7c|hi\n|\n|t:|1700647580\n|start\n|switch|p1a: Charizard|Charizard, M|100\/100\n|switch|p2a: Cresselia|Cresselia, F|100\/100\n|turn|1\n|\n|t:|1700647589\n|detailschange|p1a: Charizard|Charizard-Mega-Y, M\n|-mega|p1a: Charizard|Charizard|Charizardite Y\n|-weather|SunnyDay|[from] ability: Drought|[of] p1a: Charizard\n|move|p1a: Charizard|Flamethrower|p2a: Cresselia\n|-damage|p2a: Cresselia|48\/100\n|move|p2a: Cresselia|Trick Room|p2a: Cresselia\n|-fieldstart|move: Trick Room|[of] p2a: Cresselia\n|\n|-weather|SunnyDay|[upkeep]\n|upkeep\n|turn|2\n|\n|t:|1700647603\n|switch|p1a: Hatterene|Hatterene, F|100\/100\n|move|p2a: Cresselia|Lunar Dance|p2a: Cresselia\n|faint|p2a: Cresselia\n|\n|-weather|SunnyDay|[upkeep]\n|upkeep\n|\n|t:|1700647610\n|switch|p2a: Camerupt|Camerupt, M|100\/100\n|turn|3\n|\n|t:|1700647627\n|detailschange|p2a: Camerupt|Camerupt-Mega, M\n|-mega|p2a: Camerupt|Camerupt|Cameruptite\n|move|p2a: Camerupt|Eruption|p1a: Hatterene\n|-damage|p1a: Hatterene|0 fnt\n|faint|p1a: Hatterene\n|\n|-weather|SunnyDay|[upkeep]\n|upkeep\n|\n|t:|1700647635\n|switch|p1a: Victini|Victini|100\/100\n|turn|4\n|\n|t:|1700647640\n|switch|p1a: Charizard|Charizard-Mega-Y, M|100\/100\n|move|p2a: Camerupt|Eruption|p1a: Charizard\n|-resisted|p1a: Charizard\n|-damage|p1a: Charizard|32\/100\n|\n|-weather|SunnyDay|[upkeep]\n|upkeep\n|turn|5\n|\n|t:|1700647651\n|move|p2a: Camerupt|Eruption|p1a: Charizard\n|-resisted|p1a: Charizard\n|-damage|p1a: Charizard|0 fnt\n|faint|p1a: Charizard\n|\n|-weather|none\n|-fieldend|move: Trick Room\n|upkeep\n|\n|t:|1700647659\n|switch|p1a: Iron Valiant|Iron Valiant|100\/100\n|turn|6\n|\n|t:|1700647663\n|switch|p2a: Porygon2|Porygon2|100\/100\n|move|p1a: Iron Valiant|Close Combat|p2a: Porygon2\n|-supereffective|p2a: Porygon2\n|-damage|p2a: Porygon2|21\/100\n|-unboost|p1a: Iron Valiant|def|1\n|-unboost|p1a: Iron Valiant|spd|1\n|-damage|p1a: Iron Valiant|91\/100|[from] item: Life Orb\n|\n|upkeep\n|turn|7\n|\n|t:|1700647672\n|move|p1a: Iron Valiant|Moonblast|p2a: Porygon2\n|-damage|p2a: Porygon2|0 fnt\n|faint|p2a: Porygon2\n|-damage|p1a: Iron Valiant|81\/100|[from] item: Life Orb\n|\n|upkeep\n|\n|t:|1700647677\n|switch|p2a: Hatterene|Hatterene, F|100\/100\n|turn|8\n|\n|t:|1700647682\n|move|p1a: Iron Valiant|Moonblast|p2a: Hatterene\n|-damage|p2a: Hatterene|47\/100\n|-damage|p1a: Iron Valiant|71\/100|[from] item: Life Orb\n|move|p2a: Hatterene|Trick Room|p2a: Hatterene\n|-fieldstart|move: Trick Room|[of] p2a: Hatterene\n|\n|-heal|p2a: Hatterene|53\/100|[from] item: Leftovers\n|upkeep\n|turn|9\n|\n|t:|1700647693\n|-end|p1a: Iron Valiant|Quark Drive|[silent]\n|switch|p1a: Tapu Koko|Tapu Koko|100\/100\n|-fieldstart|move: Electric Terrain|[from] ability: Electric Surge|[of] p1a: Tapu Koko\n|move|p2a: Hatterene|Psychic|p1a: Tapu Koko\n|-damage|p1a: Tapu Koko|21\/100\n|-unboost|p1a: Tapu Koko|spd|1\n|\n|-heal|p2a: Hatterene|59\/100|[from] item: Leftovers\n|upkeep\n|turn|10\n|\n|t:|1700647704\n|move|p2a: Hatterene|Mystical Fire|p1a: Tapu Koko\n|-damage|p1a: Tapu Koko|0 fnt\n|faint|p1a: Tapu Koko\n|\n|-heal|p2a: Hatterene|65\/100|[from] item: Leftovers\n|upkeep\n|\n|t:|1700647717\n|switch|p1a: Victini|Victini|100\/100\n|turn|11\n|\n|t:|1700647725\n|move|p2a: Hatterene|Misty Explosion|p1a: Victini\n|-resisted|p1a: Victini\n|-damage|p1a: Victini|71\/100\n|faint|p2a: Hatterene\n|move|p1a: Victini|V-create|p2: Hatterene|[notarget]\n|-fail|p1a: Victini\n|\n|upkeep\n|\n|t:|1700647733\n|switch|p2a: Camerupt|Camerupt-Mega, M|100\/100\n|-heal|p2a: Camerupt|100\/100|[from] move: Lunar Dance\n|turn|12\n|\n|t:|1700647738\n|move|p2a: Camerupt|Eruption|p1a: Victini\n|-resisted|p1a: Victini\n|-damage|p1a: Victini|22\/100\n|move|p1a: Victini|V-create|p2a: Camerupt\n|-resisted|p2a: Camerupt\n|-damage|p2a: Camerupt|62\/100\n|-unboost|p1a: Victini|spe|1\n|-unboost|p1a: Victini|def|1\n|-unboost|p1a: Victini|spd|1\n|\n|-fieldend|move: Trick Room\n|upkeep\n|turn|13\n|\n|t:|1700647752\n|move|p1a: Victini|V-create|p2a: Camerupt\n|-resisted|p2a: Camerupt\n|-damage|p2a: Camerupt|26\/100\n|-unboost|p1a: Victini|spe|1\n|-unboost|p1a: Victini|def|1\n|-unboost|p1a: Victini|spd|1\n|move|p2a: Camerupt|Earth Power|p1a: Victini\n|-supereffective|p1a: Victini\n|-damage|p1a: Victini|0 fnt\n|faint|p1a: Victini\n|\n|upkeep\n|\n|t:|1700647761\n|switch|p1a: Iron Valiant|Iron Valiant|71\/100\n|-activate|p1a: Iron Valiant|ability: Quark Drive\n|-start|p1a: Iron Valiant|quarkdrivespe\n|turn|14\n|\n|t:|1700647766\n|switch|p2a: Stakataka|Stakataka|100\/100\n|move|p1a: Iron Valiant|Close Combat|p2a: Stakataka\n|-supereffective|p2a: Stakataka\n|-damage|p2a: Stakataka|0 fnt\n|-unboost|p1a: Iron Valiant|def|1\n|-unboost|p1a: Iron Valiant|spd|1\n|faint|p2a: Stakataka\n|-damage|p1a: Iron Valiant|62\/100|[from] item: Life Orb\n|\n|upkeep\n|\n|t:|1700647775\n|switch|p2a: Marowak|Marowak-Alola, M|100\/100\n|turn|15\n|\n|t:|1700647786\n|-terastallize|p1a: Iron Valiant|Dark\n|-terastallize|p2a: Marowak|Fire\n|move|p1a: Iron Valiant|Knock Off|p2a: Marowak\n|-damage|p2a: Marowak|42\/100\n|-enditem|p2a: Marowak|Thick Club|[from] move: Knock Off|[of] p1a: Iron Valiant\n|-damage|p1a: Iron Valiant|52\/100|[from] item: Life Orb\n|move|p2a: Marowak|Flare Blitz|p1a: Iron Valiant\n|-damage|p1a: Iron Valiant|0 fnt\n|faint|p1a: Iron Valiant\n|-end|p1a: Iron Valiant|Quark Drive|[silent]\n|-damage|p2a: Marowak|26\/100|[from] Recoil\n|\n|upkeep\n|\n|t:|1700647797\n|switch|p1a: Sneasler|Sneasler, M|100\/100\n|-enditem|p1a: Sneasler|Electric Seed\n|-boost|p1a: Sneasler|def|1|[from] item: Electric Seed\n|turn|16\n|\n|t:|1700647803\n|move|p1a: Sneasler|Close Combat|p2a: Marowak\n|-damage|p2a: Marowak|0 fnt\n|-unboost|p1a: Sneasler|def|1\n|-unboost|p1a: Sneasler|spd|1\n|faint|p2a: Marowak\n|\n|-fieldend|move: Electric Terrain\n|upkeep\n|\n|t:|1700647810\n|switch|p2a: Camerupt|Camerupt-Mega, M|26\/100\n|turn|17\n|\n|t:|1700647813\n|move|p1a: Sneasler|Close Combat|p2a: Camerupt\n|-damage|p2a: Camerupt|0 fnt\n|-unboost|p1a: Sneasler|def|1\n|-unboost|p1a: Sneasler|spd|1\n|faint|p2a: Camerupt\n|\n|win|Ruinous Tusk\n|raw|Ruinous Tusk's rating: 1189 &rarr; <strong>1219<\/strong><br \/>(+30 for winning)\n|raw|eadd\u5185\u8499\u53e4\u306e\u6df1\u6d77\u5927\u9c7f\u9c7c's rating: 1261 &rarr; <strong>1231<\/strong><br \/>(-30 for losing)\n","uploadtime":1700647816,"views":0,"p1id":"ruinoustusk","p2id":"eadd","formatid":"gen9nationaldex","rating":1219,"private":0,"password":""}