{"id":"gen9nationaldex-1990966194","p1":"Zera & Lucy","p2":"ushgwhwuwyeggef","format":"[Gen 9] National Dex","log":"|j|\u2606Zera & Lucy\n|j|\u2606ushgwhwuwyeggef\n|t:|1700020840\n|gametype|singles\n|player|p1|Zera & Lucy|cynthia|1089\n|player|p2|ushgwhwuwyeggef|266|1040\n|teamsize|p1|6\n|teamsize|p2|6\n|gen|9\n|tier|[Gen 9] National Dex\n|rated|\n|rule|HP Percentage Mod: HP is shown in percentages\n|rule|Endless Battle Clause: Forcing endless battles is banned\n|rule|OHKO Clause: OHKO moves are banned\n|rule|Evasion Clause: Evasion abilities, items, and moves are banned\n|rule|Evasion Abilities Clause: Evasion abilities are banned\n|rule|Evasion Items Clause: Evasion items are banned\n|rule|Evasion Moves Clause: Evasion moves are banned\n|rule|Species Clause: Limit one of each Pok\u00e9mon\n|rule|Sleep Clause Mod: Limit one foe put to sleep\n|clearpoke\n|poke|p1|Kleavor, M|\n|poke|p1|Arcanine-Hisui, F|\n|poke|p1|Lycanroc-Dusk, M|\n|poke|p1|Glimmora, M|\n|poke|p1|Nosepass, F|\n|poke|p1|Shuckle, M|\n|poke|p2|Darmanitan, M|\n|poke|p2|Vikavolt, F|\n|poke|p2|Machamp, M|\n|poke|p2|Haxorus, F|\n|poke|p2|Clawitzer, F|\n|poke|p2|Minior|\n|teampreview\n|inactive|Battle timer is ON: inactive players will automatically lose when time's up. (requested by Zera & Lucy)\n|\n|t:|1700020866\n|start\n|switch|p1a: Kleavor|Kleavor, M|100\/100\n|switch|p2a: Right arm exercise|Clawitzer, F|100\/100\n|turn|1\n|\n|t:|1700020875\n|move|p1a: Kleavor|Stone Axe|p2a: Right arm exercise\n|-damage|p2a: Right arm exercise|33\/100\n|-sidestart|p2: ushgwhwuwyeggef|move: Stealth Rock\n|move|p2a: Right arm exercise|Water Pulse|p1a: Kleavor\n|-supereffective|p1a: Kleavor\n|-damage|p1a: Kleavor|0 fnt\n|faint|p1a: Kleavor\n|\n|upkeep\n|\n|t:|1700020880\n|switch|p1a: Glimmora|Glimmora, M|100\/100\n|turn|2\n|\n|t:|1700020884\n|move|p1a: Glimmora|Toxic Spikes|p2a: Right arm exercise\n|-sidestart|p2: ushgwhwuwyeggef|move: Toxic Spikes\n|move|p2a: Right arm exercise|Water Pulse|p1a: Glimmora\n|-supereffective|p1a: Glimmora\n|-enditem|p1a: Glimmora|Focus Sash\n|-damage|p1a: Glimmora|1\/100\n|\n|upkeep\n|turn|3\n|\n|t:|1700020886\n|move|p1a: Glimmora|Toxic Spikes|p2a: Right arm exercise\n|-sidestart|p2: ushgwhwuwyeggef|move: Toxic Spikes\n|move|p2a: Right arm exercise|Water Pulse|p1a: Glimmora\n|-supereffective|p1a: Glimmora\n|-damage|p1a: Glimmora|0 fnt\n|faint|p1a: Glimmora\n|\n|upkeep\n|\n|t:|1700020891\n|switch|p1a: Shuckle|Shuckle, M|100\/100\n|turn|4\n|\n|t:|1700020897\n|move|p2a: Right arm exercise|Water Pulse|p1a: Shuckle\n|-supereffective|p1a: Shuckle\n|-damage|p1a: Shuckle|24\/100\n|move|p1a: Shuckle|Sticky Web|p2a: Right arm exercise\n|-sidestart|p2: ushgwhwuwyeggef|move: Sticky Web\n|\n|upkeep\n|turn|5\n|\n|t:|1700020900\n|move|p2a: Right arm exercise|Water Pulse|p1a: Shuckle\n|-supereffective|p1a: Shuckle\n|-damage|p1a: Shuckle|0 fnt\n|faint|p1a: Shuckle\n|\n|upkeep\n|\n|t:|1700020908\n|switch|p1a: Arcanine|Arcanine-Hisui, F|100\/100\n|turn|6\n|\n|t:|1700020919\n|move|p1a: Arcanine|Flare Blitz|p2a: Right arm exercise\n|-resisted|p2a: Right arm exercise\n|-damage|p2a: Right arm exercise|0 fnt\n|faint|p2a: Right arm exercise\n|\n|upkeep\n|\n|t:|1700020925\n|switch|p2a: U.S peacekeeper|Vikavolt, F, shiny|100\/100\n|turn|7\n|\n|t:|1700020934\n|-terastallize|p2a: U.S peacekeeper|Ground\n|move|p1a: Arcanine|Flare Blitz|p2a: U.S peacekeeper\n|-damage|p2a: U.S peacekeeper|17\/100\n|move|p2a: U.S peacekeeper|Energy Ball|p1a: Arcanine\n|-crit|p1a: Arcanine\n|-damage|p1a: Arcanine|33\/100\n|\n|upkeep\n|turn|8\n|\n|t:|1700020942\n|move|p1a: Arcanine|Flare Blitz|p2a: U.S peacekeeper\n|-damage|p2a: U.S peacekeeper|0 fnt\n|faint|p2a: U.S peacekeeper\n|\n|upkeep\n|\n|t:|1700020949\n|switch|p2a: Minor|Minior|100\/100\n|-damage|p2a: Minor|76\/100|[from] Stealth Rock\n|-formechange|p2a: Minor|Minior-Meteor||[from] ability: Shields Down\n|turn|9\n|\n|t:|1700020957\n|switch|p1a: Nosepass|Nosepass, F|100\/100\n|move|p2a: Minor|Shell Smash|p2a: Minor\n|-unboost|p2a: Minor|def|1\n|-unboost|p2a: Minor|spd|1\n|-boost|p2a: Minor|atk|2\n|-boost|p2a: Minor|spa|2\n|-boost|p2a: Minor|spe|2\n|\n|upkeep\n|turn|10\n|\n|t:|1700020963\n|move|p2a: Minor|Power Gem|p1a: Nosepass\n|-damage|p1a: Nosepass|51\/100\n|-damage|p2a: Minor|66\/100|[from] item: Life Orb\n|move|p1a: Nosepass|Thunder Wave|p2a: Minor|[miss]\n|-miss|p1a: Nosepass|p2a: Minor\n|\n|upkeep\n|turn|11\n|\n|t:|1700020972\n|move|p2a: Minor|Power Gem|p1a: Nosepass\n|-damage|p1a: Nosepass|2\/100\n|-damage|p2a: Minor|56\/100|[from] item: Life Orb\n|move|p1a: Nosepass|Thunder Wave|p2a: Minor\n|-immune|p2a: Minor|[from] ability: Shields Down\n|\n|upkeep\n|turn|12\n|\n|t:|1700020979\n|move|p2a: Minor|Power Gem|p1a: Nosepass\n|-damage|p1a: Nosepass|0 fnt\n|faint|p1a: Nosepass\n|-damage|p2a: Minor|46\/100|[from] item: Life Orb\n|\n|-formechange|p2a: Minor|Minior||[from] ability: Shields Down\n|upkeep\n|\n|t:|1700020983\n|switch|p1a: Lycanroc|Lycanroc-Dusk, M|100\/100\n|turn|13\n|\n|t:|1700020990\n|move|p1a: Lycanroc|Accelerock|p2a: Minor\n|-supereffective|p2a: Minor\n|-damage|p2a: Minor|0 fnt\n|faint|p2a: Minor\n|\n|upkeep\n|\n|t:|1700020995\n|switch|p2a: Edgy|Haxorus, F|100\/100\n|-damage|p2a: Edgy|88\/100|[from] Stealth Rock\n|-status|p2a: Edgy|tox\n|-activate|p2a: Edgy|move: Sticky Web\n|-unboost|p2a: Edgy|spe|1\n|-ability|p2a: Edgy|Mold Breaker\n|turn|14\n|\n|t:|1700020999\n|move|p1a: Lycanroc|Play Rough|p2a: Edgy\n|-supereffective|p2a: Edgy\n|-damage|p2a: Edgy|0 fnt\n|faint|p2a: Edgy\n|\n|upkeep\n|\n|t:|1700021008\n|switch|p2a: Francis ngannou|Machamp, M|100\/100\n|-damage|p2a: Francis ngannou|94\/100|[from] Stealth Rock\n|-status|p2a: Francis ngannou|tox\n|-activate|p2a: Francis ngannou|move: Sticky Web\n|-unboost|p2a: Francis ngannou|spe|1\n|turn|15\n|\n|t:|1700021011\n|move|p1a: Lycanroc|Play Rough|p2a: Francis ngannou\n|-supereffective|p2a: Francis ngannou\n|-damage|p2a: Francis ngannou|9\/100 tox\n|move|p2a: Francis ngannou|Dynamic Punch|p1a: Lycanroc\n|-supereffective|p1a: Lycanroc\n|-damage|p1a: Lycanroc|0 fnt\n|faint|p1a: Lycanroc\n|\n|-damage|p2a: Francis ngannou|3\/100 tox|[from] psn\n|upkeep\n|\n|t:|1700021018\n|switch|p1a: Arcanine|Arcanine-Hisui, F|33\/100\n|turn|16\n|\n|t:|1700021032\n|-terastallize|p1a: Arcanine|Fire\n|move|p2a: Francis ngannou|Bullet Punch|p1a: Arcanine\n|-resisted|p1a: Arcanine\n|-damage|p1a: Arcanine|23\/100\n|move|p1a: Arcanine|Head Smash|p2a: Francis ngannou\n|-resisted|p2a: Francis ngannou\n|-damage|p2a: Francis ngannou|0 fnt\n|faint|p2a: Francis ngannou\n|\n|upkeep\n|\n|t:|1700021042\n|switch|p2a: Thermonuclear bomb|Darmanitan, M|100\/100\n|-damage|p2a: Thermonuclear bomb|75\/100|[from] Stealth Rock\n|-status|p2a: Thermonuclear bomb|tox\n|-activate|p2a: Thermonuclear bomb|move: Sticky Web\n|-unboost|p2a: Thermonuclear bomb|spe|1\n|turn|17\n|\n|t:|1700021044\n|move|p1a: Arcanine|Head Smash|p2a: Thermonuclear bomb\n|-supereffective|p2a: Thermonuclear bomb\n|-damage|p2a: Thermonuclear bomb|0 fnt\n|faint|p2a: Thermonuclear bomb\n|\n|win|Zera & Lucy\n|raw|Zera &amp; Lucy's rating: 1089 &rarr; <strong>1112<\/strong><br \/>(+23 for winning)\n|raw|ushgwhwuwyeggef's rating: 1040 &rarr; <strong>1026<\/strong><br \/>(-14 for losing)\n|l|\u2606ushgwhwuwyeggef\n|l|\u2606Zera & Lucy\n|j|\u2606Zera & Lucy\n|player|p1|Zera & Lucy|cynthia\n","uploadtime":1700021053,"views":5,"p1id":"zeralucy","p2id":"ushgwhwuwyeggef","formatid":"gen9nationaldex","rating":1026,"private":0,"password":""}