{"id":"gen9nationaldex-1996476460","p1":"LNewsom88","p2":"Will u marry meh","format":"[Gen 9] National Dex","log":"|html|<div class=\"broadcast-blue\"><strong>[Gen 9] National Dex is currently suspecting Sneasler! For information on how to participate check out the <a href=\"https:\/\/www.smogon.com\/forums\/threads\/sv-national-dex-suspect-8-just-dance.3731534\/\">suspect thread<\/a>.<\/strong><\/div>\n|j|\u2606LNewsom88\n|j|\u2606Will u marry meh\n|t:|1700685736\n|gametype|singles\n|player|p1|LNewsom88|265|1184\n|player|p2|Will u marry meh|workerice|1125\n|teamsize|p1|6\n|teamsize|p2|6\n|gen|9\n|tier|[Gen 9] National Dex\n|rated|\n|rule|HP Percentage Mod: HP is shown in percentages\n|rule|Endless Battle Clause: Forcing endless battles is banned\n|rule|OHKO Clause: OHKO moves are banned\n|rule|Evasion Clause: Evasion abilities, items, and moves are banned\n|rule|Evasion Abilities Clause: Evasion abilities are banned\n|rule|Evasion Items Clause: Evasion items are banned\n|rule|Evasion Moves Clause: Evasion moves are banned\n|rule|Species Clause: Limit one of each Pok\u00e9mon\n|rule|Sleep Clause Mod: Limit one foe put to sleep\n|clearpoke\n|poke|p1|Ferrothorn, M|\n|poke|p1|Sharpedo, M|\n|poke|p1|Skeledirge, M|\n|poke|p1|Iron Hands|\n|poke|p1|Alakazam, M|\n|poke|p1|Salamence, F|\n|poke|p2|Rapidash, F|\n|poke|p2|Donphan, F|\n|poke|p2|Mismagius, F|\n|poke|p2|Basculin, F|\n|poke|p2|Conkeldurr, F|\n|poke|p2|Comfey, F|\n|teampreview\n|c|\u2606Will u marry meh|hi\n|c|\u2606Will u marry meh|gl\n|\n|t:|1700685751\n|start\n|switch|p1a: Ferrothorn|Ferrothorn, M|100\/100\n|switch|p2a: Guess my tera|Mismagius, F, shiny|100\/100\n|turn|1\n|inactive|Battle timer is ON: inactive players will automatically lose when time's up. (requested by Will u marry meh)\n|c|\u2606Will u marry meh|flamethetrper\n|\n|t:|1700685765\n|move|p2a: Guess my tera|Shadow Ball|p1a: Ferrothorn\n|-damage|p1a: Ferrothorn|67\/100\n|-unboost|p1a: Ferrothorn|spd|1\n|move|p1a: Ferrothorn|Stealth Rock|p2a: Guess my tera\n|-sidestart|p2: Will u marry meh|move: Stealth Rock\n|\n|-heal|p1a: Ferrothorn|73\/100|[from] item: Leftovers\n|upkeep\n|turn|2\n|\n|t:|1700685777\n|move|p2a: Guess my tera|Shadow Ball|p1a: Ferrothorn\n|-damage|p1a: Ferrothorn|27\/100\n|move|p1a: Ferrothorn|Giga Drain|p2a: Guess my tera\n|-damage|p2a: Guess my tera|79\/100\n|-heal|p1a: Ferrothorn|35\/100|[from] drain|[of] p2a: Guess my tera\n|\n|-heal|p1a: Ferrothorn|42\/100|[from] item: Leftovers\n|upkeep\n|turn|3\n|\n|t:|1700685791\n|move|p2a: Guess my tera|Shadow Ball|p1a: Ferrothorn\n|-damage|p1a: Ferrothorn|0 fnt\n|faint|p1a: Ferrothorn\n|\n|upkeep\n|\n|t:|1700685796\n|switch|p1a: Sharpedo|Sharpedo, M|100\/100\n|turn|4\n|\n|t:|1700685804\n|-terastallize|p2a: Guess my tera|Electric\n|move|p1a: Sharpedo|Protect|p1a: Sharpedo\n|-singleturn|p1a: Sharpedo|Protect\n|move|p2a: Guess my tera|Thunderbolt|p1a: Sharpedo\n|-activate|p1a: Sharpedo|move: Protect\n|\n|-ability|p1a: Sharpedo|Speed Boost|boost\n|-boost|p1a: Sharpedo|spe|1\n|upkeep\n|turn|5\n|c|\u2606Will u marry meh|lol\n|c|\u2606Will u marry meh|i scared\n|\n|t:|1700685822\n|detailschange|p1a: Sharpedo|Sharpedo-Mega, M\n|-mega|p1a: Sharpedo|Sharpedo|Sharpedonite\n|move|p1a: Sharpedo|Crunch|p2a: Guess my tera\n|-damage|p2a: Guess my tera|0 fnt\n|faint|p2a: Guess my tera\n|\n|upkeep\n|\n|t:|1700685841\n|switch|p2a: no make-up|Basculin, F|100\/100\n|-damage|p2a: no make-up|88\/100|[from] Stealth Rock\n|turn|6\n|\n|t:|1700685864\n|move|p1a: Sharpedo|Close Combat|p2a: no make-up\n|-damage|p2a: no make-up|0 fnt\n|-unboost|p1a: Sharpedo|def|1\n|-unboost|p1a: Sharpedo|spd|1\n|faint|p2a: no make-up\n|\n|upkeep\n|\n|t:|1700685869\n|switch|p2a: Snapchat gyal|Comfey, F|100\/100\n|-damage|p2a: Snapchat gyal|88\/100|[from] Stealth Rock\n|turn|7\n|\n|t:|1700685878\n|move|p1a: Sharpedo|Protect|p1a: Sharpedo\n|-singleturn|p1a: Sharpedo|Protect\n|move|p2a: Snapchat gyal|Draining Kiss|p1a: Sharpedo\n|-activate|p1a: Sharpedo|move: Protect\n|\n|upkeep\n|turn|8\n|\n|t:|1700685892\n|move|p2a: Snapchat gyal|Giga Drain|p1a: Sharpedo\n|-supereffective|p1a: Sharpedo\n|-damage|p1a: Sharpedo|0 fnt\n|-heal|p2a: Snapchat gyal|100\/100|[from] drain|[of] p1a: Sharpedo\n|faint|p1a: Sharpedo\n|\n|upkeep\n|\n|t:|1700685901\n|switch|p1a: Alakazam|Alakazam, M|100\/100\n|turn|9\n|\n|t:|1700685906\n|move|p2a: Snapchat gyal|Giga Drain|p1a: Alakazam\n|-damage|p1a: Alakazam|71\/100\n|move|p1a: Alakazam|Thunder Wave|p2a: Snapchat gyal\n|-status|p2a: Snapchat gyal|par\n|\n|upkeep\n|turn|10\n|\n|t:|1700685915\n|move|p1a: Alakazam|Psychic|p2a: Snapchat gyal\n|-damage|p2a: Snapchat gyal|35\/100 par\n|move|p2a: Snapchat gyal|Aromatherapy|p2a: Snapchat gyal\n|-activate|p2a: Snapchat gyal|move: Aromatherapy\n|-curestatus|p2a: Snapchat gyal|par|[msg]\n|\n|upkeep\n|turn|11\n|\n|t:|1700685922\n|move|p2a: Snapchat gyal|Giga Drain|p1a: Alakazam\n|-damage|p1a: Alakazam|41\/100\n|-heal|p2a: Snapchat gyal|50\/100|[from] drain|[of] p1a: Alakazam\n|move|p1a: Alakazam|Psychic|p2a: Snapchat gyal\n|-damage|p2a: Snapchat gyal|0 fnt\n|faint|p2a: Snapchat gyal\n|\n|upkeep\n|\n|t:|1700685938\n|switch|p2a: dirty hair|Rapidash, F, shiny|100\/100\n|-damage|p2a: dirty hair|76\/100|[from] Stealth Rock\n|turn|12\n|\n|t:|1700685945\n|move|p1a: Alakazam|Psyshock|p2a: dirty hair\n|-damage|p2a: dirty hair|8\/100\n|move|p2a: dirty hair|Flare Blitz|p1a: Alakazam\n|-damage|p1a: Alakazam|0 fnt\n|faint|p1a: Alakazam\n|-damage|p2a: dirty hair|0 fnt|[from] Recoil\n|faint|p2a: dirty hair\n|\n|upkeep\n|\n|t:|1700685956\n|switch|p1a: Salamence|Salamence, F|100\/100\n|switch|p2a: Body builder|Conkeldurr, F, shiny|100\/100\n|-damage|p2a: Body builder|94\/100|[from] Stealth Rock\n|turn|13\n|\n|t:|1700685964\n|move|p1a: Salamence|Dragon Dance|p1a: Salamence\n|-boost|p1a: Salamence|atk|1\n|-boost|p1a: Salamence|spe|1\n|move|p2a: Body builder|Ice Punch|p1a: Salamence\n|-supereffective|p1a: Salamence\n|-damage|p1a: Salamence|0 fnt\n|faint|p1a: Salamence\n|\n|upkeep\n|\n|t:|1700685972\n|switch|p1a: Iron Hands|Iron Hands, shiny|100\/100\n|turn|14\n|\n|t:|1700685978\n|move|p1a: Iron Hands|Belly Drum|p1a: Iron Hands\n|-damage|p1a: Iron Hands|51\/100\n|-setboost|p1a: Iron Hands|atk|6|[from] move: Belly Drum\n|move|p2a: Body builder|Fire Punch|p1a: Iron Hands\n|-damage|p1a: Iron Hands|23\/100\n|-enditem|p1a: Iron Hands|Sitrus Berry|[eat]\n|-heal|p1a: Iron Hands|48\/100|[from] item: Sitrus Berry\n|\n|upkeep\n|turn|15\n|\n|t:|1700685998\n|move|p2a: Body builder|Mach Punch|p1a: Iron Hands\n|-damage|p1a: Iron Hands|27\/100\n|move|p1a: Iron Hands|Drain Punch|p2a: Body builder\n|-damage|p2a: Body builder|0 fnt\n|-heal|p1a: Iron Hands|68\/100|[from] drain|[of] p2a: Body builder\n|faint|p2a: Body builder\n|\n|upkeep\n|\n|t:|1700686006\n|switch|p2a: bad teeth|Donphan, F|100\/100\n|-damage|p2a: bad teeth|94\/100|[from] Stealth Rock\n|turn|16\n|\n|t:|1700686016\n|move|p1a: Iron Hands|Drain Punch|p2a: bad teeth\n|-damage|p2a: bad teeth|0 fnt\n|-heal|p1a: Iron Hands|100\/100|[from] drain|[of] p2a: bad teeth\n|faint|p2a: bad teeth\n|\n|win|LNewsom88\n|raw|LNewsom88's rating: 1184 &rarr; <strong>1205<\/strong><br \/>(+21 for winning)\n|raw|Will u marry meh's rating: 1125 &rarr; <strong>1104<\/strong><br \/>(-21 for losing)\n|c|\u2606Will u marry meh|gg\n|c|\u2606Will u marry meh|wp\n|l|\u2606Will u marry meh\n|c|\u2606LNewsom88|Gg\n","uploadtime":1700686041,"views":6,"p1id":"lnewsom88","p2id":"willumarrymeh","formatid":"gen9nationaldex","rating":1104,"private":0,"password":""}