{"id":"gen9nationaldex-1999327327","p1":"zhihan233","p2":"Vvbttij","format":"[Gen 9] National Dex","log":"|html|<div class=\"broadcast-blue\"><strong>[Gen 9] National Dex is currently suspecting Sneasler! For information on how to participate check out the <a href=\"https:\/\/www.smogon.com\/forums\/threads\/sv-national-dex-suspect-8-just-dance.3731534\/\">suspect thread<\/a>.<\/strong><\/div>\n|j|\u2606zhihan233\n|j|\u2606Vvbttij\n|t:|1701060912\n|gametype|singles\n|player|p1|zhihan233|lucas|1090\n|player|p2|Vvbttij|red|1107\n|teamsize|p1|6\n|teamsize|p2|6\n|gen|9\n|tier|[Gen 9] National Dex\n|rated|\n|rule|HP Percentage Mod: HP is shown in percentages\n|rule|Endless Battle Clause: Forcing endless battles is banned\n|rule|OHKO Clause: OHKO moves are banned\n|rule|Evasion Clause: Evasion abilities, items, and moves are banned\n|rule|Evasion Abilities Clause: Evasion abilities are banned\n|rule|Evasion Items Clause: Evasion items are banned\n|rule|Evasion Moves Clause: Evasion moves are banned\n|rule|Species Clause: Limit one of each Pok\u00e9mon\n|rule|Sleep Clause Mod: Limit one foe put to sleep\n|clearpoke\n|poke|p1|Pelipper, F|\n|poke|p1|Basculegion, M|\n|poke|p1|Swampert, M|\n|poke|p1|Ferrothorn, F|\n|poke|p1|Empoleon, F|\n|poke|p1|Scizor, M|\n|poke|p2|Charizard, M|\n|poke|p2|Blastoise, M|\n|poke|p2|Venusaur, M|\n|poke|p2|Snorlax, F|\n|poke|p2|Lapras, F|\n|poke|p2|Pikachu, F|\n|teampreview\n|\n|t:|1701060926\n|start\n|switch|p1a: Ferrothorn|Ferrothorn, F|100\/100\n|switch|p2a: Blastoise|Blastoise, M|100\/100\n|turn|1\n|\n|t:|1701060939\n|move|p2a: Blastoise|Shell Smash|p2a: Blastoise\n|-unboost|p2a: Blastoise|def|1\n|-unboost|p2a: Blastoise|spd|1\n|-boost|p2a: Blastoise|atk|2\n|-boost|p2a: Blastoise|spa|2\n|-boost|p2a: Blastoise|spe|2\n|move|p1a: Ferrothorn|Stealth Rock|p2a: Blastoise\n|-sidestart|p2: Vvbttij|move: Stealth Rock\n|\n|upkeep\n|turn|2\n|\n|t:|1701060951\n|move|p2a: Blastoise|Focus Blast|p1a: Ferrothorn\n|-supereffective|p1a: Ferrothorn\n|-damage|p1a: Ferrothorn|20\/100\n|move|p1a: Ferrothorn|Gyro Ball|p2a: Blastoise\n|-resisted|p2a: Blastoise\n|-damage|p2a: Blastoise|55\/100\n|\n|upkeep\n|turn|3\n|\n|t:|1701060973\n|move|p2a: Blastoise|Scald|p1a: Ferrothorn\n|-resisted|p1a: Ferrothorn\n|-damage|p1a: Ferrothorn|0 fnt\n|faint|p1a: Ferrothorn\n|\n|upkeep\n|\n|t:|1701060981\n|switch|p1a: Pelipper|Pelipper, F|100\/100\n|-weather|RainDance|[from] ability: Drizzle|[of] p1a: Pelipper\n|turn|4\n|\n|t:|1701061003\n|move|p2a: Blastoise|Rapid Spin|p1a: Pelipper\n|-damage|p1a: Pelipper|78\/100\n|-boost|p2a: Blastoise|spe|1\n|-sideend|p2: Vvbttij|Stealth Rock|[from] move: Rapid Spin|[of] p2a: Blastoise\n|move|p1a: Pelipper|U-turn|p2a: Blastoise\n|-damage|p2a: Blastoise|40\/100\n|\n|t:|1701061016\n|switch|p1a: Swampert|Swampert, M|100\/100|[from] U-turn\n|\n|-weather|RainDance|[upkeep]\n|upkeep\n|turn|5\n|\n|t:|1701061037\n|detailschange|p1a: Swampert|Swampert-Mega, M\n|-mega|p1a: Swampert|Swampert|Swampertite\n|move|p2a: Blastoise|Scald|p1a: Swampert\n|-damage|p1a: Swampert|8\/100\n|-status|p1a: Swampert|brn\n|move|p1a: Swampert|Ice Punch|p2a: Blastoise\n|-resisted|p2a: Blastoise\n|-damage|p2a: Blastoise|27\/100\n|\n|-weather|RainDance|[upkeep]\n|-damage|p1a: Swampert|2\/100 brn|[from] brn\n|upkeep\n|turn|6\n|\n|t:|1701061063\n|move|p2a: Blastoise|Scald|p1a: Swampert\n|-damage|p1a: Swampert|0 fnt\n|faint|p1a: Swampert\n|\n|-weather|RainDance|[upkeep]\n|upkeep\n|\n|t:|1701061073\n|switch|p1a: Basculegion|Basculegion, M|100\/100\n|turn|7\n|\n|t:|1701061082\n|move|p2a: Blastoise|Scald|p1a: Basculegion\n|-resisted|p1a: Basculegion\n|-damage|p1a: Basculegion|19\/100\n|move|p1a: Basculegion|Wave Crash|p2a: Blastoise\n|-resisted|p2a: Blastoise\n|-damage|p2a: Blastoise|0 fnt\n|faint|p2a: Blastoise\n|-damage|p1a: Basculegion|12\/100|[from] Recoil\n|-damage|p1a: Basculegion|2\/100|[from] item: Life Orb\n|\n|-weather|RainDance|[upkeep]\n|upkeep\n|\n|t:|1701061086\n|switch|p2a: Lapras|Lapras, F|100\/100\n|turn|8\n|\n|t:|1701061096\n|move|p1a: Basculegion|Zen Headbutt|p2a: Lapras\n|-damage|p2a: Lapras|63\/100\n|-damage|p1a: Basculegion|0 fnt|[from] item: Life Orb\n|faint|p1a: Basculegion\n|move|p2a: Lapras|Dragon Dance|p2a: Lapras\n|-boost|p2a: Lapras|atk|1\n|-boost|p2a: Lapras|spe|1\n|\n|-weather|RainDance|[upkeep]\n|upkeep\n|\n|t:|1701061108\n|switch|p1a: Scizor|Scizor, M|100\/100\n|turn|9\n|\n|t:|1701061120\n|move|p2a: Lapras|Waterfall|p1a: Scizor\n|-damage|p1a: Scizor|3\/100\n|move|p1a: Scizor|Swords Dance|p1a: Scizor\n|-boost|p1a: Scizor|atk|2\n|\n|-weather|RainDance|[upkeep]\n|upkeep\n|turn|10\n|\n|t:|1701061131\n|move|p2a: Lapras|Ice Shard|p1a: Scizor\n|-resisted|p1a: Scizor\n|-damage|p1a: Scizor|0 fnt\n|faint|p1a: Scizor\n|\n|-weather|RainDance|[upkeep]\n|upkeep\n|-message|zhihan233 forfeited.\n|\n|win|Vvbttij\n|raw|zhihan233's rating: 1090 &rarr; <strong>1068<\/strong><br \/>(-22 for losing)\n|raw|Vvbttij's rating: 1107 &rarr; <strong>1131<\/strong><br \/>(+24 for winning)\n|l|\u2606zhihan233\n|l|\u2606Vvbttij\n|j|\u2606Vvbttij\n|player|p2|Vvbttij|red\n|l|\u2606Vvbttij\n|player|p2|\n|j|\u2606Vvbttij\n|player|p2|Vvbttij|red\n|l|\u2606Vvbttij\n|player|p2|\n|j|\u2606Vvbttij\n|player|p2|Vvbttij|red\n|l|\u2606Vvbttij\n|player|p2|\n|j|\u2606Vvbttij\n|player|p2|Vvbttij|red\n|l|\u2606Vvbttij\n|player|p2|\n|j|\u2606Vvbttij\n|player|p2|Vvbttij|red\n|l|\u2606Vvbttij\n|player|p2|\n|j|\u2606Vvbttij\n|player|p2|Vvbttij|red\n|l|\u2606Vvbttij\n|player|p2|\n|j|\u2606Vvbttij\n|player|p2|Vvbttij|red\n","uploadtime":1701061163,"views":1,"p1id":"zhihan233","p2id":"vvbttij","formatid":"gen9nationaldex","rating":1068,"private":0,"password":""}