{"id":"gen9nationaldex-1996100107","p1":"Keanmon","p2":"Yoshiguy5","format":"[Gen 9] National Dex","log":"|html|<div class=\"broadcast-blue\"><strong>[Gen 9] National Dex is currently suspecting Sneasler! For information on how to participate check out the <a href=\"https:\/\/www.smogon.com\/forums\/threads\/sv-national-dex-suspect-8-just-dance.3731534\/\">suspect thread<\/a>.<\/strong><\/div>\n|j|\u2606Keanmon\n|j|\u2606Yoshiguy5\n|t:|1700644082\n|gametype|singles\n|player|p1|Keanmon|rood|1110\n|player|p2|Yoshiguy5|266|1046\n|teamsize|p1|6\n|teamsize|p2|6\n|gen|9\n|tier|[Gen 9] National Dex\n|rated|\n|rule|HP Percentage Mod: HP is shown in percentages\n|rule|Endless Battle Clause: Forcing endless battles is banned\n|rule|OHKO Clause: OHKO moves are banned\n|rule|Evasion Clause: Evasion abilities, items, and moves are banned\n|rule|Evasion Abilities Clause: Evasion abilities are banned\n|rule|Evasion Items Clause: Evasion items are banned\n|rule|Evasion Moves Clause: Evasion moves are banned\n|rule|Species Clause: Limit one of each Pok\u00e9mon\n|rule|Sleep Clause Mod: Limit one foe put to sleep\n|clearpoke\n|poke|p1|Cloyster, M|\n|poke|p1|Forretress, M|\n|poke|p1|Solrock|\n|poke|p1|Glalie, M|\n|poke|p1|Ferrothorn, M|\n|poke|p1|Carbink|\n|poke|p2|Dudunsparce-*, M|\n|poke|p2|Ampharos, M|\n|poke|p2|Gliscor, F|\n|poke|p2|Heracross, F|\n|poke|p2|Jumpluff, F|\n|poke|p2|Quagsire, F|\n|teampreview\n|\n|t:|1700644097\n|start\n|switch|p1a: Cryosion|Glalie, M|100\/100\n|switch|p2a: Him|Quagsire, F|100\/100\n|turn|1\n|\n|t:|1700644108\n|detailschange|p1a: Cryosion|Glalie-Mega, M\n|-mega|p1a: Cryosion|Glalie|Glalitite\n|move|p1a: Cryosion|Return|p2a: Him\n|-damage|p2a: Him|33\/100\n|-damage|p1a: Cryosion|84\/100|[from] item: Rocky Helmet|[of] p2a: Him\n|move|p2a: Him|Earthquake|p1a: Cryosion\n|-damage|p1a: Cryosion|21\/100\n|\n|upkeep\n|turn|2\n|\n|t:|1700644122\n|switch|p2a: Badman|Gliscor, F|100\/100\n|move|p1a: Cryosion|Return|p2a: Badman\n|-supereffective|p2a: Badman\n|-crit|p2a: Badman\n|-damage|p2a: Badman|0 fnt\n|faint|p2a: Badman\n|\n|upkeep\n|\n|t:|1700644135\n|switch|p2a: Doug Dimadome|Dudunsparce-Three-Segment, M|100\/100\n|turn|3\n|\n|t:|1700644141\n|switch|p1a: Ironut|Forretress, M|100\/100\n|move|p2a: Doug Dimadome|Earth Power|p1a: Ironut\n|-damage|p1a: Ironut|69\/100\n|\n|-heal|p1a: Ironut|75\/100|[from] item: Leftovers\n|upkeep\n|turn|4\n|\n|t:|1700644154\n|move|p2a: Doug Dimadome|Air Slash|p1a: Ironut\n|-damage|p1a: Ironut|46\/100\n|cant|p1a: Ironut|flinch\n|\n|-heal|p1a: Ironut|52\/100|[from] item: Leftovers\n|upkeep\n|turn|5\n|\n|t:|1700644162\n|move|p2a: Doug Dimadome|Calm Mind|p2a: Doug Dimadome\n|-boost|p2a: Doug Dimadome|spa|1\n|-boost|p2a: Doug Dimadome|spd|1\n|move|p1a: Ironut|Zap Cannon|p2a: Doug Dimadome|[miss]\n|-miss|p1a: Ironut|p2a: Doug Dimadome\n|\n|-heal|p1a: Ironut|58\/100|[from] item: Leftovers\n|upkeep\n|turn|6\n|\n|t:|1700644171\n|move|p2a: Doug Dimadome|Air Slash|p1a: Ironut\n|-damage|p1a: Ironut|13\/100\n|move|p1a: Ironut|Zap Cannon|p2a: Doug Dimadome|[miss]\n|-miss|p1a: Ironut|p2a: Doug Dimadome\n|\n|-heal|p1a: Ironut|20\/100|[from] item: Leftovers\n|upkeep\n|turn|7\n|\n|t:|1700644181\n|move|p2a: Doug Dimadome|Air Slash|p1a: Ironut\n|-damage|p1a: Ironut|0 fnt\n|faint|p1a: Ironut\n|\n|upkeep\n|\n|t:|1700644186\n|switch|p1a: Shellshocker|Cloyster, M|100\/100\n|turn|8\n|\n|t:|1700644190\n|move|p1a: Shellshocker|Shell Smash|p1a: Shellshocker\n|-unboost|p1a: Shellshocker|def|1\n|-unboost|p1a: Shellshocker|spd|1\n|-boost|p1a: Shellshocker|atk|2\n|-boost|p1a: Shellshocker|spa|2\n|-boost|p1a: Shellshocker|spe|2\n|move|p2a: Doug Dimadome|Ancient Power|p1a: Shellshocker\n|-supereffective|p1a: Shellshocker\n|-enditem|p1a: Shellshocker|Focus Sash\n|-damage|p1a: Shellshocker|1\/100\n|\n|upkeep\n|turn|9\n|\n|t:|1700644200\n|move|p1a: Shellshocker|Icicle Spear|p2a: Doug Dimadome\n|-damage|p2a: Doug Dimadome|81\/100\n|-damage|p2a: Doug Dimadome|61\/100\n|-damage|p2a: Doug Dimadome|43\/100\n|-damage|p2a: Doug Dimadome|25\/100\n|-damage|p2a: Doug Dimadome|6\/100\n|-hitcount|p2a: Doug Dimadome|5\n|move|p2a: Doug Dimadome|Ancient Power|p1a: Shellshocker\n|-supereffective|p1a: Shellshocker\n|-damage|p1a: Shellshocker|0 fnt\n|faint|p1a: Shellshocker\n|\n|-heal|p2a: Doug Dimadome|12\/100|[from] item: Leftovers\n|upkeep\n|\n|t:|1700644204\n|switch|p1a: Cryosion|Glalie-Mega, M|21\/100\n|turn|10\n|\n|t:|1700644216\n|move|p1a: Cryosion|Return|p2a: Doug Dimadome\n|-damage|p2a: Doug Dimadome|0 fnt\n|faint|p2a: Doug Dimadome\n|\n|upkeep\n|\n|t:|1700644222\n|switch|p2a: Beefy bug|Heracross, F|100\/100\n|turn|11\n|\n|t:|1700644228\n|move|p2a: Beefy bug|Close Combat|p1a: Cryosion\n|-supereffective|p1a: Cryosion\n|-damage|p1a: Cryosion|0 fnt\n|-unboost|p2a: Beefy bug|def|1\n|-unboost|p2a: Beefy bug|spd|1\n|faint|p1a: Cryosion\n|-ability|p2a: Beefy bug|Moxie|boost\n|-boost|p2a: Beefy bug|atk|1\n|\n|upkeep\n|\n|t:|1700644232\n|switch|p1a: Geoshine|Solrock|100\/100\n|turn|12\n|\n|t:|1700644238\n|move|p2a: Beefy bug|Close Combat|p1a: Geoshine\n|-damage|p1a: Geoshine|3\/100\n|-unboost|p2a: Beefy bug|def|1\n|-unboost|p2a: Beefy bug|spd|1\n|move|p1a: Geoshine|Zen Headbutt|p2a: Beefy bug\n|-supereffective|p2a: Beefy bug\n|-damage|p2a: Beefy bug|0 fnt\n|faint|p2a: Beefy bug\n|\n|upkeep\n|\n|t:|1700644248\n|switch|p2a: Potential|Jumpluff, F|100\/100\n|turn|13\n|\n|t:|1700644251\n|switch|p1a: Whiplash|Ferrothorn, M|100\/100\n|move|p2a: Potential|Leech Seed|p1a: Whiplash\n|-immune|p1a: Whiplash\n|\n|upkeep\n|turn|14\n|\n|t:|1700644261\n|move|p2a: Potential|Tailwind|p2a: Potential\n|-sidestart|p2: Yoshiguy5|move: Tailwind\n|move|p1a: Whiplash|Gyro Ball|p2a: Potential\n|-damage|p2a: Potential|41\/100\n|\n|upkeep\n|turn|15\n|\n|t:|1700644268\n|move|p2a: Potential|Reflect|p2a: Potential\n|-sidestart|p2: Yoshiguy5|Reflect\n|move|p1a: Whiplash|Gyro Ball|p2a: Potential\n|-damage|p2a: Potential|11\/100\n|\n|upkeep\n|turn|16\n|\n|t:|1700644274\n|move|p2a: Potential|Light Screen|p2a: Potential\n|-sidestart|p2: Yoshiguy5|move: Light Screen\n|move|p1a: Whiplash|Gyro Ball|p2a: Potential\n|-damage|p2a: Potential|0 fnt\n|faint|p2a: Potential\n|\n|upkeep\n|\n|t:|1700644280\n|switch|p2a: Him|Quagsire, F|33\/100\n|turn|17\n|\n|t:|1700644284\n|-terastallize|p2a: Him|Fire\n|move|p2a: Him|Tera Blast|p1a: Whiplash|[anim] Tera Blast Fire\n|-supereffective|p1a: Whiplash\n|-damage|p1a: Whiplash|0 fnt\n|faint|p1a: Whiplash\n|\n|-sideend|p2: Yoshiguy5|move: Tailwind\n|upkeep\n|\n|t:|1700644293\n|switch|p1a: Geoshine|Solrock|3\/100\n|turn|18\n|\n|t:|1700644297\n|move|p1a: Geoshine|Rock Slide|p2a: Him\n|-supereffective|p2a: Him\n|-damage|p2a: Him|7\/100\n|move|p2a: Him|Earthquake|p1a: Geoshine\n|-immune|p1a: Geoshine|[from] ability: Levitate\n|\n|upkeep\n|turn|19\n|\n|t:|1700644305\n|move|p1a: Geoshine|Rock Slide|p2a: Him\n|-supereffective|p2a: Him\n|-damage|p2a: Him|0 fnt\n|faint|p2a: Him\n|\n|-sideend|p2: Yoshiguy5|Reflect\n|upkeep\n|\n|t:|1700644311\n|switch|p2a: Yellow shep|Ampharos, M|100\/100\n|turn|20\n|\n|t:|1700644316\n|move|p1a: Geoshine|Rock Slide|p2a: Yellow shep\n|-damage|p2a: Yellow shep|75\/100\n|move|p2a: Yellow shep|Power Gem|p1a: Geoshine\n|-crit|p1a: Geoshine\n|-damage|p1a: Geoshine|0 fnt\n|faint|p1a: Geoshine\n|\n|-sideend|p2: Yoshiguy5|move: Light Screen\n|upkeep\n|\n|t:|1700644323\n|switch|p1a: Comastone|Carbink|100\/100\n|turn|21\n|\n|t:|1700644330\n|move|p2a: Yellow shep|Thunderbolt|p1a: Comastone\n|-damage|p1a: Comastone|58\/100\n|move|p1a: Comastone|Calm Mind|p1a: Comastone\n|-boost|p1a: Comastone|spa|1\n|-boost|p1a: Comastone|spd|1\n|\n|upkeep\n|turn|22\n|\n|t:|1700644341\n|move|p2a: Yellow shep|Thunderbolt|p1a: Comastone\n|-damage|p1a: Comastone|29\/100\n|-enditem|p1a: Comastone|Sitrus Berry|[eat]\n|-heal|p1a: Comastone|54\/100|[from] item: Sitrus Berry\n|move|p1a: Comastone|Calm Mind|p1a: Comastone\n|-boost|p1a: Comastone|spa|1\n|-boost|p1a: Comastone|spd|1\n|\n|upkeep\n|turn|23\n|\n|t:|1700644350\n|move|p2a: Yellow shep|Thunderbolt|p1a: Comastone\n|-damage|p1a: Comastone|35\/100\n|move|p1a: Comastone|Rest|p1a: Comastone\n|-status|p1a: Comastone|slp|[from] move: Rest\n|-heal|p1a: Comastone|100\/100 slp|[silent]\n|\n|upkeep\n|turn|24\n|\n|t:|1700644357\n|move|p2a: Yellow shep|Thunderbolt|p1a: Comastone\n|-damage|p1a: Comastone|79\/100 slp\n|cant|p1a: Comastone|slp\n|move|p1a: Comastone|Sleep Talk|p1a: Comastone\n|move|p1a: Comastone|Calm Mind|p1a: Comastone|[from]move: Sleep Talk\n|-boost|p1a: Comastone|spa|1\n|-boost|p1a: Comastone|spd|1\n|\n|upkeep\n|turn|25\n|\n|t:|1700644367\n|move|p2a: Yellow shep|Thunderbolt|p1a: Comastone\n|-damage|p1a: Comastone|62\/100 slp\n|cant|p1a: Comastone|slp\n|move|p1a: Comastone|Sleep Talk|p1a: Comastone\n|move|p1a: Comastone|Rest||[from]move: Sleep Talk|[still]\n|-fail|p1a: Comastone\n|\n|upkeep\n|turn|26\n|\n|t:|1700644379\n|move|p2a: Yellow shep|Thunderbolt|p1a: Comastone\n|-damage|p1a: Comastone|47\/100 slp\n|-curestatus|p1a: Comastone|slp|[msg]\n|move|p1a: Comastone|Calm Mind|p1a: Comastone\n|-boost|p1a: Comastone|spa|1\n|-boost|p1a: Comastone|spd|1\n|\n|upkeep\n|turn|27\n|\n|t:|1700644387\n|move|p2a: Yellow shep|Confuse Ray|p1a: Comastone\n|-start|p1a: Comastone|confusion\n|-activate|p1a: Comastone|confusion\n|move|p1a: Comastone|Rest|p1a: Comastone\n|-status|p1a: Comastone|slp|[from] move: Rest\n|-heal|p1a: Comastone|100\/100 slp|[silent]\n|\n|upkeep\n|turn|28\n|\n|t:|1700644395\n|move|p2a: Yellow shep|Thunderbolt|p1a: Comastone\n|-damage|p1a: Comastone|88\/100 slp\n|cant|p1a: Comastone|slp\n|-activate|p1a: Comastone|confusion\n|move|p1a: Comastone|Sleep Talk|p1a: Comastone\n|move|p1a: Comastone|Calm Mind|p1a: Comastone|[from]move: Sleep Talk\n|-boost|p1a: Comastone|spa|1\n|-boost|p1a: Comastone|spd|1\n|\n|upkeep\n|turn|29\n|\n|t:|1700644405\n|move|p2a: Yellow shep|Thunderbolt|p1a: Comastone\n|-damage|p1a: Comastone|77\/100 slp\n|cant|p1a: Comastone|slp\n|-activate|p1a: Comastone|confusion\n|move|p1a: Comastone|Sleep Talk|p1a: Comastone\n|move|p1a: Comastone|Moonblast|p2a: Yellow shep|[from]move: Sleep Talk\n|-damage|p2a: Yellow shep|15\/100\n|\n|upkeep\n|turn|30\n|\n|t:|1700644416\n|move|p2a: Yellow shep|Thunderbolt|p1a: Comastone\n|-damage|p1a: Comastone|65\/100 slp\n|-curestatus|p1a: Comastone|slp|[msg]\n|-activate|p1a: Comastone|confusion\n|-damage|p1a: Comastone|61\/100|[from] confusion\n|\n|upkeep\n|turn|31\n|\n|t:|1700644423\n|move|p2a: Yellow shep|Thunderbolt|p1a: Comastone\n|-damage|p1a: Comastone|50\/100\n|-end|p1a: Comastone|confusion\n|move|p1a: Comastone|Moonblast|p2a: Yellow shep\n|-damage|p2a: Yellow shep|0 fnt\n|faint|p2a: Yellow shep\n|\n|win|Keanmon\n|raw|Keanmon's rating: 1110 &rarr; <strong>1130<\/strong><br \/>(+20 for winning)\n|raw|Yoshiguy5's rating: 1046 &rarr; <strong>1032<\/strong><br \/>(-14 for losing)\n|l|\u2606Yoshiguy5\n","uploadtime":1700644429,"views":1,"p1id":"keanmon","p2id":"yoshiguy5","formatid":"gen9nationaldex","rating":1032,"private":0,"password":""}