{"id":"gen9nationaldex-1987306282","p1":"dFUCK2GLISCORiMS","p2":"pkmnchampiontitus","format":"[Gen 9] National Dex","log":"|j|\u2606dFUCK2GLISCORiMS\n|j|\u2606pkmnchampiontitus\n|t:|1699575550\n|gametype|singles\n|player|p1|dFUCK2GLISCORiMS|ghetsis|1040\n|player|p2|pkmnchampiontitus|sidney|1001\n|teamsize|p1|6\n|teamsize|p2|6\n|gen|9\n|tier|[Gen 9] National Dex\n|rated|\n|rule|HP Percentage Mod: HP is shown in percentages\n|rule|Endless Battle Clause: Forcing endless battles is banned\n|rule|OHKO Clause: OHKO moves are banned\n|rule|Evasion Clause: Evasion abilities, items, and moves are banned\n|rule|Evasion Abilities Clause: Evasion abilities are banned\n|rule|Evasion Items Clause: Evasion items are banned\n|rule|Evasion Moves Clause: Evasion moves are banned\n|rule|Species Clause: Limit one of each Pok\u00e9mon\n|rule|Sleep Clause Mod: Limit one foe put to sleep\n|clearpoke\n|poke|p1|Salazzle, F|\n|poke|p1|Magnemite, L1|\n|poke|p1|Probopass, L2, F|\n|poke|p1|Mandibuzz, F|\n|poke|p1|Nosepass, L1, M|\n|poke|p1|Tentacruel, F|\n|poke|p2|Incineroar, M|\n|poke|p2|Quaquaval, M|\n|poke|p2|Mr. Rime, M|\n|poke|p2|Salamence, M|\n|poke|p2|Rillaboom, M|\n|poke|p2|Metagross|\n|teampreview\n|inactive|Battle timer is ON: inactive players will automatically lose when time's up. (requested by pkmnchampiontitus)\n|\n|t:|1699575580\n|start\n|switch|p1a: Sh\ud83d\udca9tsquid|Tentacruel, F|100\/100\n|switch|p2a: Salamence|Salamence, M|100\/100\n|turn|1\n|\n|t:|1699575588\n|move|p2a: Salamence|Substitute|p2a: Salamence\n|-start|p2a: Salamence|Substitute\n|-damage|p2a: Salamence|76\/100\n|move|p1a: Sh\ud83d\udca9tsquid|Toxic||[still]\n|-fail|p1a: Sh\ud83d\udca9tsquid\n|\n|upkeep\n|turn|2\n|\n|t:|1699575593\n|move|p2a: Salamence|Dragon Dance|p2a: Salamence\n|-boost|p2a: Salamence|atk|1\n|-boost|p2a: Salamence|spe|1\n|move|p1a: Sh\ud83d\udca9tsquid|Rapid Spin|p2a: Salamence\n|-activate|p2a: Salamence|move: Substitute|[damage]\n|-boost|p1a: Sh\ud83d\udca9tsquid|spe|1\n|\n|upkeep\n|turn|3\n|\n|t:|1699575602\n|move|p1a: Sh\ud83d\udca9tsquid|Knock Off|p2a: Salamence\n|-activate|p2a: Salamence|move: Substitute|[damage]\n|move|p2a: Salamence|Dragon Dance|p2a: Salamence\n|-boost|p2a: Salamence|atk|1\n|-boost|p2a: Salamence|spe|1\n|\n|upkeep\n|turn|4\n|\n|t:|1699575608\n|move|p2a: Salamence|Earthquake|p1a: Sh\ud83d\udca9tsquid\n|-supereffective|p1a: Sh\ud83d\udca9tsquid\n|-damage|p1a: Sh\ud83d\udca9tsquid|0 fnt\n|faint|p1a: Sh\ud83d\udca9tsquid\n|-ability|p2a: Salamence|Moxie|boost\n|-boost|p2a: Salamence|atk|1\n|\n|upkeep\n|\n|t:|1699575611\n|switch|p1a: No Fun Allowed|Salazzle, F|100\/100\n|turn|5\n|\n|t:|1699575619\n|-terastallize|p1a: No Fun Allowed|Flying\n|move|p2a: Salamence|Earthquake|p1a: No Fun Allowed\n|-immune|p1a: No Fun Allowed\n|move|p1a: No Fun Allowed|Flamethrower|p2a: Salamence\n|-resisted|p2a: Salamence\n|-end|p2a: Salamence|Substitute\n|\n|upkeep\n|turn|6\n|\n|t:|1699575629\n|move|p2a: Salamence|Outrage|p1a: No Fun Allowed\n|-damage|p1a: No Fun Allowed|0 fnt\n|faint|p1a: No Fun Allowed\n|-ability|p2a: Salamence|Moxie|boost\n|-boost|p2a: Salamence|atk|1\n|\n|upkeep\n|\n|t:|1699575635\n|switch|p1a: Click the \u274c|Nosepass, L1, M, shiny|100\/100\n|turn|7\n|\n|t:|1699575638\n|move|p2a: Salamence|Outrage|p1a: Click the \u274c|[from]lockedmove\n|-ability|p1a: Click the \u274c|Sturdy\n|-damage|p1a: Click the \u274c|10\/100\n|-enditem|p1a: Click the \u274c|Berry Juice\n|-heal|p1a: Click the \u274c|100\/100|[from] item: Berry Juice\n|-start|p2a: Salamence|confusion|[fatigue]\n|move|p1a: Click the \u274c|Toxic|p2a: Salamence\n|-status|p2a: Salamence|tox\n|\n|-damage|p2a: Salamence|70\/100 tox|[from] psn\n|upkeep\n|turn|8\n|\n|t:|1699575652\n|-activate|p2a: Salamence|confusion\n|move|p2a: Salamence|Outrage|p1a: Click the \u274c\n|-ability|p1a: Click the \u274c|Sturdy\n|-damage|p1a: Click the \u274c|10\/100\n|move|p1a: Click the \u274c|Pain Split|p2a: Salamence\n|-sethp|p2a: Salamence|35\/100 tox|[from] move: Pain Split|[silent]\n|-sethp|p1a: Click the \u274c|100\/100|[from] move: Pain Split\n|\n|-damage|p2a: Salamence|23\/100 tox|[from] psn\n|upkeep\n|turn|9\n|\n|t:|1699575662\n|-activate|p2a: Salamence|confusion\n|move|p2a: Salamence|Outrage|p1a: Click the \u274c|[from]lockedmove\n|-ability|p1a: Click the \u274c|Sturdy\n|-damage|p1a: Click the \u274c|10\/100\n|move|p1a: Click the \u274c|Pain Split|p2a: Salamence\n|-sethp|p2a: Salamence|12\/100 tox|[from] move: Pain Split|[silent]\n|-sethp|p1a: Click the \u274c|100\/100|[from] move: Pain Split\n|\n|-damage|p2a: Salamence|0 fnt|[from] psn\n|faint|p2a: Salamence\n|upkeep\n|\n|t:|1699575676\n|switch|p2a: Mr. Rime|Mr. Rime, M|100\/100\n|turn|10\n|\n|t:|1699575679\n|move|p1a: Click the \u274c|Protect|p1a: Click the \u274c\n|-singleturn|p1a: Click the \u274c|Protect\n|move|p2a: Mr. Rime|Triple Axel|p1a: Click the \u274c\n|-activate|p1a: Click the \u274c|move: Protect\n|\n|upkeep\n|turn|11\n|\n|t:|1699575685\n|switch|p1a: Sh\ud83d\udca9tbird|Mandibuzz, F|100\/100\n|move|p2a: Mr. Rime|Triple Axel|p1a: Sh\ud83d\udca9tbird\n|-supereffective|p1a: Sh\ud83d\udca9tbird\n|-damage|p1a: Sh\ud83d\udca9tbird|93\/100\n|-supereffective|p1a: Sh\ud83d\udca9tbird\n|-damage|p1a: Sh\ud83d\udca9tbird|80\/100\n|-hitcount|p1a: Sh\ud83d\udca9tbird|2\n|\n|upkeep\n|turn|12\n|\n|t:|1699575699\n|switch|p2a: Incineroar|Incineroar, M|100\/100\n|move|p1a: Sh\ud83d\udca9tbird|Toxic|p2a: Incineroar\n|-status|p2a: Incineroar|tox\n|\n|-damage|p2a: Incineroar|94\/100 tox|[from] psn\n|upkeep\n|turn|13\n|\n|t:|1699575706\n|switch|p1a: Click the \u274c|Nosepass, L1, M, shiny|100\/100\n|move|p2a: Incineroar|Bulk Up|p2a: Incineroar\n|-boost|p2a: Incineroar|atk|1\n|-boost|p2a: Incineroar|def|1\n|\n|-damage|p2a: Incineroar|82\/100 tox|[from] psn\n|upkeep\n|turn|14\n|\n|t:|1699575715\n|switch|p2a: Mr. Rime|Mr. Rime, M|100\/100\n|move|p1a: Click the \u274c|Pain Split|p2a: Mr. Rime\n|-sethp|p2a: Mr. Rime|52\/100|[from] move: Pain Split|[silent]\n|-sethp|p1a: Click the \u274c|100\/100|[from] move: Pain Split\n|\n|upkeep\n|turn|15\n|\n|t:|1699575732\n|move|p1a: Click the \u274c|Protect|p1a: Click the \u274c\n|-singleturn|p1a: Click the \u274c|Protect\n|move|p2a: Mr. Rime|Psychic Terrain|p2a: Mr. Rime\n|-fieldstart|move: Psychic Terrain\n|\n|upkeep\n|turn|16\n|\n|t:|1699575739\n|switch|p1a: Sh\ud83d\udca9tbird|Mandibuzz, F|80\/100\n|move|p2a: Mr. Rime|Triple Axel|p1a: Sh\ud83d\udca9tbird\n|-supereffective|p1a: Sh\ud83d\udca9tbird\n|-damage|p1a: Sh\ud83d\udca9tbird|71\/100\n|-supereffective|p1a: Sh\ud83d\udca9tbird\n|-damage|p1a: Sh\ud83d\udca9tbird|56\/100\n|-supereffective|p1a: Sh\ud83d\udca9tbird\n|-damage|p1a: Sh\ud83d\udca9tbird|35\/100\n|-hitcount|p1a: Sh\ud83d\udca9tbird|3\n|\n|upkeep\n|turn|17\n|\n|t:|1699575747\n|move|p1a: Sh\ud83d\udca9tbird|Roost|p1a: Sh\ud83d\udca9tbird\n|-heal|p1a: Sh\ud83d\udca9tbird|85\/100\n|-singleturn|p1a: Sh\ud83d\udca9tbird|move: Roost\n|move|p2a: Mr. Rime|Triple Axel|p1a: Sh\ud83d\udca9tbird\n|-damage|p1a: Sh\ud83d\udca9tbird|82\/100\n|-damage|p1a: Sh\ud83d\udca9tbird|74\/100\n|-damage|p1a: Sh\ud83d\udca9tbird|64\/100\n|-hitcount|p1a: Sh\ud83d\udca9tbird|3\n|\n|upkeep\n|turn|18\n|\n|t:|1699575756\n|move|p1a: Sh\ud83d\udca9tbird|Roost|p1a: Sh\ud83d\udca9tbird\n|-heal|p1a: Sh\ud83d\udca9tbird|100\/100\n|-singleturn|p1a: Sh\ud83d\udca9tbird|move: Roost\n|move|p2a: Mr. Rime|Triple Axel|p1a: Sh\ud83d\udca9tbird\n|-damage|p1a: Sh\ud83d\udca9tbird|96\/100\n|-damage|p1a: Sh\ud83d\udca9tbird|88\/100\n|-hitcount|p1a: Sh\ud83d\udca9tbird|2\n|\n|upkeep\n|turn|19\n|\n|t:|1699575765\n|move|p1a: Sh\ud83d\udca9tbird|Toxic|p2a: Mr. Rime\n|-status|p2a: Mr. Rime|tox\n|move|p2a: Mr. Rime|Triple Axel|p1a: Sh\ud83d\udca9tbird\n|-supereffective|p1a: Sh\ud83d\udca9tbird\n|-damage|p1a: Sh\ud83d\udca9tbird|81\/100\n|-supereffective|p1a: Sh\ud83d\udca9tbird\n|-damage|p1a: Sh\ud83d\udca9tbird|65\/100\n|-supereffective|p1a: Sh\ud83d\udca9tbird\n|-damage|p1a: Sh\ud83d\udca9tbird|44\/100\n|-hitcount|p1a: Sh\ud83d\udca9tbird|3\n|\n|-damage|p2a: Mr. Rime|46\/100 tox|[from] psn\n|upkeep\n|turn|20\n|\n|t:|1699575778\n|switch|p2a: Metagross|Metagross|100\/100\n|move|p1a: Sh\ud83d\udca9tbird|Roost|p1a: Sh\ud83d\udca9tbird\n|-heal|p1a: Sh\ud83d\udca9tbird|94\/100\n|-singleturn|p1a: Sh\ud83d\udca9tbird|move: Roost\n|\n|upkeep\n|turn|21\n|\n|t:|1699575788\n|move|p1a: Sh\ud83d\udca9tbird|Foul Play|p2a: Metagross\n|-supereffective|p2a: Metagross\n|-damage|p2a: Metagross|21\/100\n|-enditem|p2a: Metagross|Weakness Policy\n|-boost|p2a: Metagross|atk|2|[from] item: Weakness Policy\n|-boost|p2a: Metagross|spa|2|[from] item: Weakness Policy\n|move|p2a: Metagross|Meteor Mash|p1a: Sh\ud83d\udca9tbird\n|-damage|p1a: Sh\ud83d\udca9tbird|33\/100\n|\n|upkeep\n|turn|22\n|\n|t:|1699575798\n|switch|p2a: Incineroar|Incineroar, M|82\/100 tox\n|move|p1a: Sh\ud83d\udca9tbird|Foul Play|p2a: Incineroar\n|-resisted|p2a: Incineroar\n|-damage|p2a: Incineroar|61\/100 tox\n|\n|-damage|p2a: Incineroar|55\/100 tox|[from] psn\n|-fieldend|move: Psychic Terrain\n|upkeep\n|turn|23\n|\n|t:|1699575805\n|move|p1a: Sh\ud83d\udca9tbird|Roost|p1a: Sh\ud83d\udca9tbird\n|-heal|p1a: Sh\ud83d\udca9tbird|83\/100\n|-singleturn|p1a: Sh\ud83d\udca9tbird|move: Roost\n|move|p2a: Incineroar|Superpower|p1a: Sh\ud83d\udca9tbird\n|-supereffective|p1a: Sh\ud83d\udca9tbird\n|-damage|p1a: Sh\ud83d\udca9tbird|25\/100\n|-unboost|p2a: Incineroar|atk|1\n|-unboost|p2a: Incineroar|def|1\n|\n|-damage|p2a: Incineroar|43\/100 tox|[from] psn\n|upkeep\n|turn|24\n|\n|t:|1699575815\n|move|p1a: Sh\ud83d\udca9tbird|Roost|p1a: Sh\ud83d\udca9tbird\n|-heal|p1a: Sh\ud83d\udca9tbird|75\/100\n|-singleturn|p1a: Sh\ud83d\udca9tbird|move: Roost\n|move|p2a: Incineroar|Superpower|p1a: Sh\ud83d\udca9tbird\n|-supereffective|p1a: Sh\ud83d\udca9tbird\n|-damage|p1a: Sh\ud83d\udca9tbird|40\/100\n|-unboost|p2a: Incineroar|atk|1\n|-unboost|p2a: Incineroar|def|1\n|\n|-damage|p2a: Incineroar|25\/100 tox|[from] psn\n|upkeep\n|turn|25\n|\n|t:|1699575824\n|move|p1a: Sh\ud83d\udca9tbird|Roost|p1a: Sh\ud83d\udca9tbird\n|-heal|p1a: Sh\ud83d\udca9tbird|90\/100\n|-singleturn|p1a: Sh\ud83d\udca9tbird|move: Roost\n|move|p2a: Incineroar|Superpower|p1a: Sh\ud83d\udca9tbird\n|-supereffective|p1a: Sh\ud83d\udca9tbird\n|-damage|p1a: Sh\ud83d\udca9tbird|63\/100\n|-unboost|p2a: Incineroar|atk|1\n|-unboost|p2a: Incineroar|def|1\n|\n|-damage|p2a: Incineroar|1\/100 tox|[from] psn\n|upkeep\n|turn|26\n|\n|t:|1699575851\n|move|p1a: Sh\ud83d\udca9tbird|Foul Play|p2a: Incineroar\n|-resisted|p2a: Incineroar\n|-damage|p2a: Incineroar|0 fnt\n|faint|p2a: Incineroar\n|\n|upkeep\n|\n|t:|1699575856\n|switch|p2a: Quaquaval|Quaquaval, M|100\/100\n|turn|27\n|\n|t:|1699575865\n|move|p2a: Quaquaval|Aqua Step|p1a: Sh\ud83d\udca9tbird\n|-damage|p1a: Sh\ud83d\udca9tbird|40\/100\n|-boost|p2a: Quaquaval|spe|1\n|move|p1a: Sh\ud83d\udca9tbird|Toxic|p2a: Quaquaval\n|-status|p2a: Quaquaval|tox\n|\n|-damage|p2a: Quaquaval|94\/100 tox|[from] psn\n|upkeep\n|turn|28\n|\n|t:|1699575873\n|move|p2a: Quaquaval|Aqua Step|p1a: Sh\ud83d\udca9tbird\n|-damage|p1a: Sh\ud83d\udca9tbird|16\/100\n|-boost|p2a: Quaquaval|spe|1\n|move|p1a: Sh\ud83d\udca9tbird|Roost|p1a: Sh\ud83d\udca9tbird\n|-heal|p1a: Sh\ud83d\udca9tbird|66\/100\n|-singleturn|p1a: Sh\ud83d\udca9tbird|move: Roost\n|\n|-damage|p2a: Quaquaval|82\/100 tox|[from] psn\n|upkeep\n|turn|29\n|\n|t:|1699575883\n|switch|p1a: Literally Level 1|Magnemite, L1|100\/100\n|move|p2a: Quaquaval|Ice Spinner|p1a: Literally Level 1\n|-resisted|p1a: Literally Level 1\n|-ability|p1a: Literally Level 1|Sturdy\n|-damage|p1a: Literally Level 1|10\/100\n|-enditem|p1a: Literally Level 1|Berry Juice\n|-heal|p1a: Literally Level 1|100\/100|[from] item: Berry Juice\n|\n|-damage|p2a: Quaquaval|64\/100 tox|[from] psn\n|upkeep\n|turn|30\n|\n|t:|1699575893\n|move|p2a: Quaquaval|Close Combat|p1a: Literally Level 1\n|-supereffective|p1a: Literally Level 1\n|-ability|p1a: Literally Level 1|Sturdy\n|-damage|p1a: Literally Level 1|10\/100\n|-unboost|p2a: Quaquaval|def|1\n|-unboost|p2a: Quaquaval|spd|1\n|move|p1a: Literally Level 1|Recycle|p1a: Literally Level 1\n|-item|p1a: Literally Level 1|Berry Juice|[from] move: Recycle\n|-enditem|p1a: Literally Level 1|Berry Juice\n|-heal|p1a: Literally Level 1|100\/100|[from] item: Berry Juice\n|\n|-damage|p2a: Quaquaval|39\/100 tox|[from] psn\n|upkeep\n|turn|31\n|-message|pkmnchampiontitus forfeited.\n|\n|win|dFUCK2GLISCORiMS\n|raw|dFUCK2GLISCORiMS's rating: 1040 &rarr; <strong>1070<\/strong><br \/>(+30 for winning)\n|raw|pkmnchampiontitus's rating: 1001 &rarr; <strong>1000<\/strong><br \/>(-1 for losing)\n|l|\u2606pkmnchampiontitus\n","uploadtime":1699575909,"views":8,"p1id":"dfuck2gliscorims","p2id":"pkmnchampiontitus","formatid":"gen9nationaldex","rating":1000,"private":0,"password":""}