{"id":"gen9nationaldex-1992385536","p1":"lemmybro87","p2":"Octopodes nutz","format":"[Gen 9] National Dex","log":"|j|\u2606lemmybro87\n|j|\u2606Octopodes nutz\n|t:|1700181495\n|gametype|singles\n|player|p1|lemmybro87|liza|1105\n|player|p2|Octopodes nutz|170|1000\n|teamsize|p1|6\n|teamsize|p2|6\n|gen|9\n|tier|[Gen 9] National Dex\n|rated|\n|rule|HP Percentage Mod: HP is shown in percentages\n|rule|Endless Battle Clause: Forcing endless battles is banned\n|rule|OHKO Clause: OHKO moves are banned\n|rule|Evasion Clause: Evasion abilities, items, and moves are banned\n|rule|Evasion Abilities Clause: Evasion abilities are banned\n|rule|Evasion Items Clause: Evasion items are banned\n|rule|Evasion Moves Clause: Evasion moves are banned\n|rule|Species Clause: Limit one of each Pok\u00e9mon\n|rule|Sleep Clause Mod: Limit one foe put to sleep\n|clearpoke\n|poke|p1|Feraligatr, M|\n|poke|p1|Victini|\n|poke|p1|Rhyperior, M|\n|poke|p1|Tinkaton, F|\n|poke|p1|Serperior, M|\n|poke|p1|Tyrantrum, M|\n|poke|p2|Hatterene, F|\n|poke|p2|Toxapex, M|\n|poke|p2|Ninetales-Alola, F|\n|poke|p2|Sneasler, M|\n|poke|p2|Dragonite, F|\n|poke|p2|Rillaboom, F|\n|teampreview\n|\n|t:|1700181505\n|start\n|switch|p1a: Miss Piggy|Tinkaton, F|100\/100\n|switch|p2a: Ninetales|Ninetales-Alola, F|100\/100\n|-weather|Snow|[from] ability: Snow Warning|[of] p2a: Ninetales\n|-ability|p1a: Miss Piggy|Mold Breaker\n|turn|1\n|\n|t:|1700181514\n|move|p2a: Ninetales|Aurora Veil|p2a: Ninetales\n|-sidestart|p2: Octopodes nutz|move: Aurora Veil\n|move|p1a: Miss Piggy|Stealth Rock|p2a: Ninetales\n|-sidestart|p2: Octopodes nutz|move: Stealth Rock\n|\n|-weather|Snow|[upkeep]\n|upkeep\n|turn|2\n|\n|t:|1700181524\n|switch|p2a: Hatterene|Hatterene, F|100\/100\n|-damage|p2a: Hatterene|88\/100|[from] Stealth Rock\n|move|p1a: Miss Piggy|Gigaton Hammer|p2a: Hatterene\n|-supereffective|p2a: Hatterene\n|-damage|p2a: Hatterene|23\/100\n|\n|-weather|Snow|[upkeep]\n|-heal|p2a: Hatterene|29\/100|[from] item: Leftovers\n|upkeep\n|turn|3\n|\n|t:|1700181535\n|move|p1a: Miss Piggy|Knock Off|p2a: Hatterene\n|-damage|p2a: Hatterene|16\/100\n|-enditem|p2a: Hatterene|Leftovers|[from] move: Knock Off|[of] p1a: Miss Piggy\n|move|p2a: Hatterene|Trick Room|p2a: Hatterene\n|-fieldstart|move: Trick Room|[of] p2a: Hatterene\n|\n|-weather|Snow|[upkeep]\n|upkeep\n|turn|4\n|\n|t:|1700181548\n|move|p2a: Hatterene|Giga Drain|p1a: Miss Piggy\n|-resisted|p1a: Miss Piggy\n|-damage|p1a: Miss Piggy|86\/100\n|-heal|p2a: Hatterene|25\/100|[from] drain|[of] p1a: Miss Piggy\n|move|p1a: Miss Piggy|Encore|p2a: Hatterene\n|-start|p2a: Hatterene|Encore\n|\n|-weather|Snow|[upkeep]\n|upkeep\n|turn|5\n|\n|t:|1700181556\n|move|p2a: Hatterene|Giga Drain|p1a: Miss Piggy\n|-resisted|p1a: Miss Piggy\n|-damage|p1a: Miss Piggy|71\/100\n|-heal|p2a: Hatterene|34\/100|[from] drain|[of] p1a: Miss Piggy\n|move|p1a: Miss Piggy|Gigaton Hammer|p2a: Hatterene\n|-supereffective|p2a: Hatterene\n|-damage|p2a: Hatterene|0 fnt\n|faint|p2a: Hatterene\n|\n|-weather|none\n|upkeep\n|\n|t:|1700181573\n|switch|p2a: Dragonite|Dragonite, F|100\/100\n|-damage|p2a: Dragonite|76\/100|[from] Stealth Rock\n|turn|6\n|\n|t:|1700181580\n|switch|p2a: Sneasler|Sneasler, M|100\/100\n|-damage|p2a: Sneasler|95\/100|[from] Stealth Rock\n|-item|p2a: Sneasler|Air Balloon\n|move|p1a: Miss Piggy|Knock Off|p2a: Sneasler\n|-resisted|p2a: Sneasler\n|-damage|p2a: Sneasler|86\/100\n|-enditem|p2a: Sneasler|Air Balloon\n|\n|upkeep\n|turn|7\n|\n|t:|1700181598\n|move|p1a: Miss Piggy|Gigaton Hammer|p2a: Sneasler\n|-damage|p2a: Sneasler|35\/100\n|move|p2a: Sneasler|Acrobatics|p1a: Miss Piggy\n|-resisted|p1a: Miss Piggy\n|-damage|p1a: Miss Piggy|44\/100\n|\n|-fieldend|move: Trick Room\n|upkeep\n|turn|8\n|\n|t:|1700181608\n|move|p2a: Sneasler|Brick Break|p1a: Miss Piggy\n|-damage|p1a: Miss Piggy|0 fnt\n|faint|p1a: Miss Piggy\n|\n|-sideend|p2: Octopodes nutz|move: Aurora Veil\n|upkeep\n|\n|t:|1700181615\n|switch|p1a: Victory|Victini|100\/100\n|turn|9\n|\n|t:|1700181622\n|move|p2a: Sneasler|Rock Slide|p1a: Victory\n|-supereffective|p1a: Victory\n|-damage|p1a: Victory|40\/100\n|move|p1a: Victory|Flame Charge|p2a: Sneasler\n|-damage|p2a: Sneasler|0 fnt\n|-boost|p1a: Victory|spe|1\n|faint|p2a: Sneasler\n|\n|upkeep\n|\n|t:|1700181634\n|switch|p2a: Toxapex|Toxapex, M|100\/100\n|-damage|p2a: Toxapex|88\/100|[from] Stealth Rock\n|turn|10\n|\n|t:|1700181638\n|move|p1a: Victory|Fusion Bolt|p2a: Toxapex\n|-supereffective|p2a: Toxapex\n|-damage|p2a: Toxapex|27\/100\n|move|p2a: Toxapex|Toxic Spikes|p1a: Victory\n|-sidestart|p1: lemmybro87|move: Toxic Spikes\n|\n|-heal|p2a: Toxapex|33\/100|[from] item: Black Sludge\n|upkeep\n|turn|11\n|\n|t:|1700181645\n|move|p1a: Victory|Fusion Bolt|p2a: Toxapex\n|-supereffective|p2a: Toxapex\n|-damage|p2a: Toxapex|0 fnt\n|faint|p2a: Toxapex\n|\n|upkeep\n|\n|t:|1700181653\n|switch|p2a: Rillaboom|Rillaboom, F|100\/100\n|-damage|p2a: Rillaboom|88\/100|[from] Stealth Rock\n|-fieldstart|move: Grassy Terrain|[from] ability: Grassy Surge|[of] p2a: Rillaboom\n|turn|12\n|\n|t:|1700181663\n|move|p1a: Victory|Flame Charge|p2a: Rillaboom\n|-supereffective|p2a: Rillaboom\n|-damage|p2a: Rillaboom|23\/100\n|-boost|p1a: Victory|spe|1\n|move|p2a: Rillaboom|High Horsepower|p1a: Victory\n|-supereffective|p1a: Victory\n|-damage|p1a: Victory|0 fnt\n|faint|p1a: Victory\n|-damage|p2a: Rillaboom|13\/100|[from] item: Life Orb\n|\n|-heal|p2a: Rillaboom|19\/100|[from] Grassy Terrain\n|upkeep\n|\n|t:|1700181667\n|switch|p1a: ka|Serperior, M, shiny|100\/100\n|-status|p1a: ka|psn\n|turn|13\n|\n|t:|1700181682\n|move|p1a: ka|Defog|p2a: Rillaboom\n|-unboost|p2a: Rillaboom|evasion|1\n|-sideend|p2: Octopodes nutz|Stealth Rock|[from] move: Defog|[of] p1a: ka\n|-sideend|p1: lemmybro87|Toxic Spikes|[from] move: Defog|[of] p1a: ka\n|-fieldend|move: Grassy Terrain\n|move|p2a: Rillaboom|U-turn|p1a: ka\n|-supereffective|p1a: ka\n|-damage|p1a: ka|26\/100 psn\n|-damage|p2a: Rillaboom|9\/100|[from] item: Life Orb\n|\n|t:|1700181696\n|switch|p2a: Ninetales|Ninetales-Alola, F|100\/100|[from] U-turn\n|-weather|Snow|[from] ability: Snow Warning|[of] p2a: Ninetales\n|\n|-weather|Snow|[upkeep]\n|-heal|p1a: ka|32\/100 psn|[from] item: Leftovers\n|-damage|p1a: ka|19\/100 psn|[from] psn\n|upkeep\n|turn|14\n|\n|t:|1700181707\n|move|p1a: ka|Glare|p2a: Ninetales\n|-status|p2a: Ninetales|par\n|cant|p2a: Ninetales|par\n|\n|-weather|Snow|[upkeep]\n|-heal|p1a: ka|26\/100 psn|[from] item: Leftovers\n|-damage|p1a: ka|13\/100 psn|[from] psn\n|upkeep\n|turn|15\n|\n|t:|1700181717\n|switch|p1a: Saber|Feraligatr, M|100\/100\n|move|p2a: Ninetales|Aurora Veil|p2a: Ninetales\n|-sidestart|p2: Octopodes nutz|move: Aurora Veil\n|\n|-weather|Snow|[upkeep]\n|upkeep\n|turn|16\n|\n|t:|1700181741\n|move|p1a: Saber|Dragon Dance|p1a: Saber\n|-boost|p1a: Saber|atk|1\n|-boost|p1a: Saber|spe|1\n|move|p2a: Ninetales|Extrasensory|p1a: Saber\n|-damage|p1a: Saber|74\/100\n|\n|-weather|Snow|[upkeep]\n|upkeep\n|turn|17\n|\n|t:|1700181748\n|move|p1a: Saber|Dragon Dance|p1a: Saber\n|-boost|p1a: Saber|atk|1\n|-boost|p1a: Saber|spe|1\n|move|p2a: Ninetales|Moonblast|p1a: Saber\n|-damage|p1a: Saber|32\/100\n|\n|-weather|none\n|upkeep\n|turn|18\n|\n|t:|1700181762\n|move|p1a: Saber|Liquidation|p2a: Ninetales\n|-damage|p2a: Ninetales|0 fnt\n|faint|p2a: Ninetales\n|\n|upkeep\n|\n|t:|1700181767\n|switch|p2a: Rillaboom|Rillaboom, F|9\/100\n|-fieldstart|move: Grassy Terrain|[from] ability: Grassy Surge|[of] p2a: Rillaboom\n|turn|19\n|\n|t:|1700181772\n|move|p2a: Rillaboom|Grassy Glide|p1a: Saber\n|-supereffective|p1a: Saber\n|-damage|p1a: Saber|0 fnt\n|faint|p1a: Saber\n|-damage|p2a: Rillaboom|0 fnt|[from] item: Life Orb\n|faint|p2a: Rillaboom\n|\n|upkeep\n|\n|t:|1700181779\n|switch|p2a: Dragonite|Dragonite, F|76\/100\n|switch|p1a: Bismark|Rhyperior, M|100\/100\n|turn|20\n|\n|t:|1700181789\n|-terastallize|p1a: Bismark|Fairy\n|move|p2a: Dragonite|Brick Break|p1a: Bismark\n|-resisted|p1a: Bismark\n|-damage|p1a: Bismark|93\/100\n|move|p1a: Bismark|Avalanche|p2a: Dragonite\n|-supereffective|p2a: Dragonite\n|-damage|p2a: Dragonite|0 fnt\n|faint|p2a: Dragonite\n|\n|win|lemmybro87\n|raw|lemmybro87's rating: 1105 &rarr; <strong>1123<\/strong><br \/>(+18 for winning)\n|raw|Octopodes nutz's rating: 1000 &rarr; <strong>1000<\/strong><br \/>(+0 for losing)\n|c|\u2606lemmybro87|gg\n","uploadtime":1700181798,"views":4,"p1id":"lemmybro87","p2id":"octopodesnutz","formatid":"gen9nationaldex","rating":1000,"private":0,"password":""}