{"id":"gen9nationaldex-1987481622","p1":"Bulba300","p2":"MegaBeedrillAddict","format":"[Gen 9] National Dex","log":"|j|\u2606Bulba300\n|j|\u2606MegaBeedrillAddict\n|t:|1699598867\n|gametype|singles\n|player|p1|Bulba300|cynthia-masters3|\n|player|p2|MegaBeedrillAddict|will|\n|teamsize|p1|6\n|teamsize|p2|6\n|gen|9\n|tier|[Gen 9] National Dex\n|rule|HP Percentage Mod: HP is shown in percentages\n|rule|Endless Battle Clause: Forcing endless battles is banned\n|rule|OHKO Clause: OHKO moves are banned\n|rule|Evasion Clause: Evasion abilities, items, and moves are banned\n|rule|Evasion Abilities Clause: Evasion abilities are banned\n|rule|Evasion Items Clause: Evasion items are banned\n|rule|Evasion Moves Clause: Evasion moves are banned\n|rule|Species Clause: Limit one of each Pok\u00e9mon\n|rule|Sleep Clause Mod: Limit one foe put to sleep\n|clearpoke\n|poke|p1|Sigilyph, F|\n|poke|p1|Archeops, M|\n|poke|p1|Magmortar, M|\n|poke|p1|Altaria, F|\n|poke|p1|Oricorio-Sensu, F|\n|poke|p1|Cresselia, F|\n|poke|p2|Blaziken, M|\n|poke|p2|Mandibuzz, F|\n|poke|p2|Fezandipiti, M|\n|poke|p2|Zapdos|\n|poke|p2|Porygon-Z|\n|poke|p2|Corviknight, M|\n|teampreview\n|\n|t:|1699598923\n|start\n|switch|p1a: Osmosis Jones|Archeops, M|100\/100\n|switch|p2a: SKRAWW!!!|Mandibuzz, F|100\/100\n|turn|1\n|\n|t:|1699598932\n|switch|p2a: SKRAWWW!!|Corviknight, M|100\/100\n|move|p1a: Osmosis Jones|Stone Edge|p2a: SKRAWWW!!\n|-damage|p2a: SKRAWWW!!|69\/100\n|\n|upkeep\n|turn|2\n|\n|t:|1699598939\n|move|p1a: Osmosis Jones|Stone Edge|p2a: SKRAWWW!!\n|-damage|p2a: SKRAWWW!!|36\/100\n|move|p2a: SKRAWWW!!|Iron Head|p1a: Osmosis Jones\n|-supereffective|p1a: Osmosis Jones\n|-damage|p1a: Osmosis Jones|17\/100\n|\n|upkeep\n|turn|3\n|\n|t:|1699598951\n|move|p1a: Osmosis Jones|Stone Edge|p2a: SKRAWWW!!\n|-damage|p2a: SKRAWWW!!|18\/100\n|move|p2a: SKRAWWW!!|Iron Head|p1a: Osmosis Jones\n|-supereffective|p1a: Osmosis Jones\n|-damage|p1a: Osmosis Jones|0 fnt\n|faint|p1a: Osmosis Jones\n|\n|upkeep\n|j| Nyomincia\n|j| Ant12131\n|c| Nyomincia|so I pull up\n|\n|t:|1699599014\n|switch|p1a: Fox McCloud|Altaria, F, shiny|100\/100\n|-ability|p1a: Fox McCloud|Cloud Nine\n|turn|4\n|\n|t:|1699599049\n|switch|p2a: SKRAWW!!!!!|Fezandipiti, M|100\/100\n|detailschange|p1a: Fox McCloud|Altaria-Mega, F, shiny\n|-mega|p1a: Fox McCloud|Altaria|Altarianite\n|move|p1a: Fox McCloud|Moonblast|p2a: SKRAWW!!!!!\n|-resisted|p2a: SKRAWW!!!!!\n|-damage|p2a: SKRAWW!!!!!|88\/100\n|\n|-heal|p2a: SKRAWW!!!!!|94\/100|[from] item: Leftovers\n|upkeep\n|turn|5\n|c| Nyomincia|Jon and Ant really are a couple of comedians with their team names\n|\n|t:|1699599090\n|switch|p1a: Cantaloupe|Cresselia, F, shiny|100\/100\n|move|p2a: SKRAWW!!!!!|Taunt|p1a: Cantaloupe\n|-start|p1a: Cantaloupe|move: Taunt\n|\n|-heal|p2a: SKRAWW!!!!!|99\/100|[from] item: Leftovers\n|upkeep\n|turn|6\n|\n|t:|1699599098\n|move|p2a: SKRAWW!!!!!|U-turn|p1a: Cantaloupe\n|-supereffective|p1a: Cantaloupe\n|-damage|p1a: Cantaloupe|83\/100\n|-status|p1a: Cantaloupe|tox|[from] ability: Toxic Chain|[of] p2a: SKRAWW!!!!!\n|\n|t:|1699599104\n|switch|p2a: SKRAWW!!!|Mandibuzz, F|100\/100|[from] U-turn\n|move|p1a: Cantaloupe|Stored Power|p2a: SKRAWW!!!\n|-immune|p2a: SKRAWW!!!\n|\n|-heal|p1a: Cantaloupe|89\/100 tox|[from] item: Leftovers\n|-damage|p1a: Cantaloupe|83\/100 tox|[from] psn\n|upkeep\n|turn|7\n|c|\u2606Bulba300|fuck\n|\n|t:|1699599114\n|move|p1a: Cantaloupe|Moonblast|p2a: SKRAWW!!!\n|-supereffective|p2a: SKRAWW!!!\n|-damage|p2a: SKRAWW!!!|75\/100\n|move|p2a: SKRAWW!!!|Foul Play|p1a: Cantaloupe\n|-supereffective|p1a: Cantaloupe\n|-damage|p1a: Cantaloupe|64\/100 tox\n|\n|-heal|p1a: Cantaloupe|70\/100 tox|[from] item: Leftovers\n|-damage|p1a: Cantaloupe|58\/100 tox|[from] psn\n|-end|p1a: Cantaloupe|move: Taunt\n|upkeep\n|turn|8\n|c| Ant12131|Jon says \"shut the fuck up Braden\"\n|c| Nyomincia|Braden says \"no\"\n|\n|t:|1699599145\n|switch|p1a: Randy|Magmortar, M, shiny|100\/100\n|move|p2a: SKRAWW!!!|Roost|p2a: SKRAWW!!!\n|-heal|p2a: SKRAWW!!!|100\/100\n|-singleturn|p2a: SKRAWW!!!|move: Roost\n|\n|upkeep\n|turn|9\n|\n|t:|1699599184\n|move|p1a: Randy|Thunderbolt|p2a: SKRAWW!!!\n|-supereffective|p2a: SKRAWW!!!\n|-damage|p2a: SKRAWW!!!|35\/100\n|move|p2a: SKRAWW!!!|Toxic|p1a: Randy\n|-status|p1a: Randy|tox\n|\n|-damage|p1a: Randy|94\/100 tox|[from] psn\n|upkeep\n|turn|10\n|\n|t:|1699599201\n|-terastallize|p2a: SKRAWW!!!|Electric\n|move|p1a: Randy|Thunderbolt|p2a: SKRAWW!!!\n|-resisted|p2a: SKRAWW!!!\n|-damage|p2a: SKRAWW!!!|18\/100\n|move|p2a: SKRAWW!!!|Roost|p2a: SKRAWW!!!\n|-heal|p2a: SKRAWW!!!|68\/100\n|\n|-damage|p1a: Randy|82\/100 tox|[from] psn\n|upkeep\n|turn|11\n|l| Nyomincia\n|\n|t:|1699599213\n|switch|p1a: Goth Mommy|Sigilyph, F|100\/100\n|move|p2a: SKRAWW!!!|Roost|p2a: SKRAWW!!!\n|-heal|p2a: SKRAWW!!!|100\/100\n|\n|upkeep\n|turn|12\n|\n|t:|1699599223\n|move|p1a: Goth Mommy|Dark Pulse|p2a: SKRAWW!!!\n|-damage|p2a: SKRAWW!!!|85\/100\n|move|p2a: SKRAWW!!!|Foul Play|p1a: Goth Mommy\n|-supereffective|p1a: Goth Mommy\n|-damage|p1a: Goth Mommy|60\/100\n|\n|upkeep\n|turn|13\n|\n|t:|1699599232\n|switch|p1a: Randy|Magmortar, M, shiny|82\/100 tox\n|move|p2a: SKRAWW!!!|Foul Play|p1a: Randy\n|-damage|p1a: Randy|40\/100 tox\n|-status|p2a: SKRAWW!!!|brn|[from] ability: Flame Body|[of] p1a: Randy\n|\n|-damage|p1a: Randy|33\/100 tox|[from] psn\n|-damage|p2a: SKRAWW!!!|79\/100 brn|[from] brn\n|upkeep\n|turn|14\n|j| pulsarnyx\n|c| pulsarnyx|why the fuck are you fighting at two in the morning\n|c| Ant12131|hey\n|\n|t:|1699599258\n|move|p1a: Randy|Scorching Sands|p2a: SKRAWW!!!\n|-supereffective|p2a: SKRAWW!!!\n|-damage|p2a: SKRAWW!!!|24\/100 brn\n|move|p2a: SKRAWW!!!|U-turn|p1a: Randy\n|-resisted|p1a: Randy\n|-damage|p1a: Randy|29\/100 tox\n|c| Ant12131|its not 2 yet\n|c|\u2606Bulba300|why are yall awake\n|\n|t:|1699599264\n|switch|p2a: SKRAWWW!!!!|Blaziken, M|100\/100|[from] U-turn\n|\n|-damage|p1a: Randy|17\/100 tox|[from] psn\n|upkeep\n|turn|15\n|\n|t:|1699599270\n|move|p2a: SKRAWWW!!!!|Protect|p2a: SKRAWWW!!!!\n|-singleturn|p2a: SKRAWWW!!!!|Protect\n|move|p1a: Randy|Scorching Sands|p2a: SKRAWWW!!!!\n|-activate|p2a: SKRAWWW!!!!|move: Protect\n|\n|-damage|p1a: Randy|0 fnt|[from] psn\n|faint|p1a: Randy\n|-ability|p2a: SKRAWWW!!!!|Speed Boost|boost\n|-boost|p2a: SKRAWWW!!!!|spe|1\n|upkeep\n|\n|t:|1699599316\n|switch|p1a: Cantaloupe|Cresselia, F, shiny|58\/100 tox\n|turn|16\n|\n|t:|1699599322\n|move|p2a: SKRAWWW!!!!|Swords Dance|p2a: SKRAWWW!!!!\n|-boost|p2a: SKRAWWW!!!!|atk|2\n|move|p1a: Cantaloupe|Moonblast|p2a: SKRAWWW!!!!\n|-damage|p2a: SKRAWWW!!!!|74\/100\n|\n|-heal|p1a: Cantaloupe|64\/100 tox|[from] item: Leftovers\n|-damage|p1a: Cantaloupe|58\/100 tox|[from] psn\n|-ability|p2a: SKRAWWW!!!!|Speed Boost|boost\n|-boost|p2a: SKRAWWW!!!!|spe|1\n|upkeep\n|turn|17\n|\n|t:|1699599332\n|move|p2a: SKRAWWW!!!!|Swords Dance|p2a: SKRAWWW!!!!\n|-boost|p2a: SKRAWWW!!!!|atk|2\n|move|p1a: Cantaloupe|Calm Mind|p1a: Cantaloupe\n|-boost|p1a: Cantaloupe|spa|1\n|-boost|p1a: Cantaloupe|spd|1\n|\n|-heal|p1a: Cantaloupe|64\/100 tox|[from] item: Leftovers\n|-damage|p1a: Cantaloupe|52\/100 tox|[from] psn\n|-ability|p2a: SKRAWWW!!!!|Speed Boost|boost\n|-boost|p2a: SKRAWWW!!!!|spe|1\n|upkeep\n|turn|18\n|\n|t:|1699599363\n|move|p2a: SKRAWWW!!!!|Thunder Punch|p1a: Cantaloupe\n|-damage|p1a: Cantaloupe|12\/100 tox\n|move|p1a: Cantaloupe|Stored Power|p2a: SKRAWWW!!!!\n|-supereffective|p2a: SKRAWWW!!!!\n|-damage|p2a: SKRAWWW!!!!|2\/100\n|\n|-heal|p1a: Cantaloupe|18\/100 tox|[from] item: Leftovers\n|-damage|p1a: Cantaloupe|0 fnt|[from] psn\n|faint|p1a: Cantaloupe\n|-ability|p2a: SKRAWWW!!!!|Speed Boost|boost\n|-boost|p2a: SKRAWWW!!!!|spe|1\n|upkeep\n|\n|t:|1699599382\n|switch|p1a: Fox McCloud|Altaria-Mega, F, shiny|100\/100\n|turn|19\n|\n|t:|1699599424\n|move|p2a: SKRAWWW!!!!|Poison Jab|p1a: Fox McCloud\n|-supereffective|p1a: Fox McCloud\n|-damage|p1a: Fox McCloud|0 fnt\n|faint|p1a: Fox McCloud\n|\n|-ability|p2a: SKRAWWW!!!!|Speed Boost|boost\n|-boost|p2a: SKRAWWW!!!!|spe|1\n|upkeep\n|\n|t:|1699599438\n|switch|p1a: Goth Mommy|Sigilyph, F|60\/100\n|turn|20\n|\n|t:|1699599446\n|move|p2a: SKRAWWW!!!!|Thunder Punch|p1a: Goth Mommy\n|-supereffective|p1a: Goth Mommy\n|-damage|p1a: Goth Mommy|0 fnt\n|faint|p1a: Goth Mommy\n|\n|-ability|p2a: SKRAWWW!!!!|Speed Boost|boost\n|-boost|p2a: SKRAWWW!!!!|spe|1\n|upkeep\n|\n|t:|1699599456\n|switch|p1a: Shakira|Oricorio-Sensu, F, shiny|100\/100\n|turn|21\n|\n|t:|1699599464\n|move|p2a: SKRAWWW!!!!|Thunder Punch|p1a: Shakira\n|-supereffective|p1a: Shakira\n|-damage|p1a: Shakira|0 fnt\n|faint|p1a: Shakira\n|\n|win|MegaBeedrillAddict\n|l|\u2606Bulba300\n","uploadtime":1699599471,"views":33,"p1id":"bulba300","p2id":"megabeedrilladdict","formatid":"gen9nationaldex","rating":0,"private":0,"password":""}