{"id":"gen9nationaldex-1999771545","p1":"xtemilx","p2":"MegaKryptos","format":"[Gen 9] National Dex","log":"|html|<div class=\"broadcast-blue\"><strong>[Gen 9] National Dex is currently suspecting Sneasler! For information on how to participate check out the <a href=\"https:\/\/www.smogon.com\/forums\/threads\/sv-national-dex-suspect-8-just-dance.3731534\/\">suspect thread<\/a>.<\/strong><\/div>\n|j|\u2606xtemilx\n|j|\u2606MegaKryptos\n|t:|1701115227\n|gametype|singles\n|player|p1|xtemilx|266|\n|player|p2|MegaKryptos|winona|\n|teamsize|p1|6\n|teamsize|p2|6\n|gen|9\n|tier|[Gen 9] National Dex\n|rule|HP Percentage Mod: HP is shown in percentages\n|rule|Endless Battle Clause: Forcing endless battles is banned\n|rule|OHKO Clause: OHKO moves are banned\n|rule|Evasion Clause: Evasion abilities, items, and moves are banned\n|rule|Evasion Abilities Clause: Evasion abilities are banned\n|rule|Evasion Items Clause: Evasion items are banned\n|rule|Evasion Moves Clause: Evasion moves are banned\n|rule|Species Clause: Limit one of each Pok\u00e9mon\n|rule|Sleep Clause Mod: Limit one foe put to sleep\n|clearpoke\n|poke|p1|Ninetales-Alola, F|\n|poke|p1|Eiscue, F|\n|poke|p1|Weezing-Galar, M|\n|poke|p1|Ribombee, F|\n|poke|p1|Tinkaton, F|\n|poke|p1|Frosmoth, F|\n|poke|p2|Ninetales-Alola, F|\n|poke|p2|Sandslash-Alola, M|\n|poke|p2|Mawile, M|\n|poke|p2|Fezandipiti, M|\n|poke|p2|Cryogonal|\n|poke|p2|Primarina, F|\n|teampreview\n|c|\u2606MegaKryptos|glhf\n|c|\u2606xtemilx|glhf\n|\n|t:|1701115267\n|start\n|switch|p1a: Ninetales|Ninetales-Alola, F, shiny|100\/100\n|switch|p2a: TAKE DOWN|Fezandipiti, M|100\/100\n|-weather|Snow|[from] ability: Snow Warning|[of] p1a: Ninetales\n|turn|1\n|\n|t:|1701115289\n|move|p1a: Ninetales|Aurora Veil|p1a: Ninetales\n|-sidestart|p1: xtemilx|move: Aurora Veil\n|move|p2a: TAKE DOWN|Beat Up|p1a: Ninetales\n|-resisted|p1a: Ninetales\n|-damage|p1a: Ninetales|99\/100\n|-resisted|p1a: Ninetales\n|-damage|p1a: Ninetales|99\/100\n|-resisted|p1a: Ninetales\n|-damage|p1a: Ninetales|98\/100\n|-status|p1a: Ninetales|tox|[from] ability: Toxic Chain|[of] p2a: TAKE DOWN\n|-resisted|p1a: Ninetales\n|-damage|p1a: Ninetales|98\/100 tox\n|-resisted|p1a: Ninetales\n|-damage|p1a: Ninetales|98\/100 tox\n|-resisted|p1a: Ninetales\n|-damage|p1a: Ninetales|97\/100 tox\n|-hitcount|p1a: Ninetales|6\n|\n|-weather|Snow|[upkeep]\n|-damage|p1a: Ninetales|91\/100 tox|[from] psn\n|upkeep\n|turn|2\n|\n|t:|1701115303\n|switch|p1a: Tinkaton|Tinkaton, F|100\/100\n|-ability|p1a: Tinkaton|Mold Breaker\n|move|p2a: TAKE DOWN|Tailwind|p2a: TAKE DOWN\n|-sidestart|p2: MegaKryptos|move: Tailwind\n|\n|-weather|Snow|[upkeep]\n|upkeep\n|turn|3\n|\n|t:|1701115353\n|switch|p2a: PRIMA|Primarina, F, shiny|100\/100\n|move|p1a: Tinkaton|Swords Dance|p1a: Tinkaton\n|-boost|p1a: Tinkaton|atk|2\n|\n|-weather|Snow|[upkeep]\n|upkeep\n|turn|4\n|\n|t:|1701115372\n|move|p2a: PRIMA|Hydro Pump|p1a: Tinkaton\n|-damage|p1a: Tinkaton|56\/100\n|move|p1a: Tinkaton|Gigaton Hammer|p2a: PRIMA\n|-damage|p2a: PRIMA|0 fnt\n|faint|p2a: PRIMA\n|-damage|p1a: Tinkaton|46\/100|[from] item: Life Orb\n|\n|-weather|Snow|[upkeep]\n|upkeep\n|\n|t:|1701115420\n|switch|p2a: COLD BRRR|Ninetales-Alola, F, shiny|100\/100\n|turn|5\n|\n|t:|1701115428\n|move|p2a: COLD BRRR|Aurora Veil|p2a: COLD BRRR\n|-sidestart|p2: MegaKryptos|move: Aurora Veil\n|move|p1a: Tinkaton|Knock Off|p2a: COLD BRRR\n|-resisted|p2a: COLD BRRR\n|-damage|p2a: COLD BRRR|88\/100\n|-enditem|p2a: COLD BRRR|Light Clay|[from] move: Knock Off|[of] p1a: Tinkaton\n|-damage|p1a: Tinkaton|36\/100|[from] item: Life Orb\n|\n|-weather|none\n|-sideend|p2: MegaKryptos|move: Tailwind\n|upkeep\n|turn|6\n|\n|t:|1701115440\n|move|p2a: COLD BRRR|Encore|p1a: Tinkaton\n|-start|p1a: Tinkaton|Encore\n|move|p1a: Tinkaton|Knock Off|p2a: COLD BRRR\n|-resisted|p2a: COLD BRRR\n|-damage|p2a: COLD BRRR|75\/100\n|-damage|p1a: Tinkaton|26\/100|[from] item: Life Orb\n|\n|upkeep\n|turn|7\n|\n|t:|1701115465\n|switch|p1a: Weezing|Weezing-Galar, M, shiny|100\/100\n|move|p2a: COLD BRRR|Freeze-Dry|p1a: Weezing\n|-damage|p1a: Weezing|91\/100\n|\n|-heal|p1a: Weezing|97\/100|[from] item: Black Sludge\n|upkeep\n|turn|8\n|\n|t:|1701115499\n|switch|p2a: MEEP|Mawile, M, shiny|100\/100\n|-ability|p2a: MEEP|Intimidate|boost\n|-unboost|p1a: Weezing|atk|1\n|move|p1a: Weezing|Sludge Bomb|p2a: MEEP\n|-immune|p2a: MEEP\n|\n|-heal|p1a: Weezing|100\/100|[from] item: Black Sludge\n|-sideend|p1: xtemilx|move: Aurora Veil\n|upkeep\n|turn|9\n|\n|t:|1701115528\n|move|p2a: MEEP|Swords Dance|p2a: MEEP\n|-boost|p2a: MEEP|atk|2\n|move|p1a: Weezing|Will-O-Wisp|p2a: MEEP\n|-status|p2a: MEEP|brn\n|\n|-damage|p2a: MEEP|94\/100 brn|[from] brn\n|upkeep\n|turn|10\n|\n|t:|1701115576\n|move|p2a: MEEP|Swords Dance|p2a: MEEP\n|-boost|p2a: MEEP|atk|2\n|move|p1a: Weezing|Flamethrower|p2a: MEEP\n|-supereffective|p2a: MEEP\n|-damage|p2a: MEEP|53\/100 brn\n|\n|-damage|p2a: MEEP|47\/100 brn|[from] brn\n|upkeep\n|turn|11\n|\n|t:|1701115588\n|move|p2a: MEEP|Iron Head|p1a: Weezing\n|-supereffective|p1a: Weezing\n|-damage|p1a: Weezing|0 fnt\n|faint|p1a: Weezing\n|-damage|p2a: MEEP|37\/100 brn|[from] item: Life Orb\n|\n|-damage|p2a: MEEP|31\/100 brn|[from] brn\n|upkeep\n|\n|t:|1701115609\n|switch|p1a: Ninetales|Ninetales-Alola, F, shiny|91\/100 tox\n|-weather|Snow|[from] ability: Snow Warning|[of] p1a: Ninetales\n|turn|12\n|\n|t:|1701115620\n|move|p1a: Ninetales|Aurora Veil|p1a: Ninetales\n|-sidestart|p1: xtemilx|move: Aurora Veil\n|move|p2a: MEEP|Iron Head|p1a: Ninetales\n|-supereffective|p1a: Ninetales\n|-damage|p1a: Ninetales|0 fnt\n|faint|p1a: Ninetales\n|-damage|p2a: MEEP|21\/100 brn|[from] item: Life Orb\n|\n|-weather|Snow|[upkeep]\n|-damage|p2a: MEEP|15\/100 brn|[from] brn\n|-sideend|p2: MegaKryptos|move: Aurora Veil\n|upkeep\n|\n|t:|1701115639\n|switch|p1a: Ribombee|Ribombee, F, shiny|100\/100\n|turn|13\n|\n|t:|1701115677\n|move|p1a: Ribombee|Moonblast|p2a: MEEP\n|-resisted|p2a: MEEP\n|-damage|p2a: MEEP|0 fnt\n|faint|p2a: MEEP\n|\n|-weather|Snow|[upkeep]\n|upkeep\n|\n|t:|1701115696\n|switch|p2a: Not sand|Sandslash-Alola, M, shiny|100\/100\n|turn|14\n|\n|t:|1701115725\n|switch|p1a: Tinkaton|Tinkaton, F|26\/100\n|-ability|p1a: Tinkaton|Mold Breaker\n|move|p2a: Not sand|Brick Break|p1a: Tinkaton\n|-sideend|p1: xtemilx|move: Aurora Veil\n|-damage|p1a: Tinkaton|0 fnt\n|faint|p1a: Tinkaton\n|\n|-weather|Snow|[upkeep]\n|upkeep\n|c|\u2606MegaKryptos|wifi is horrible so if moves take awhile my b\n|\n|t:|1701115747\n|switch|p1a: Ribombee|Ribombee, F, shiny|100\/100\n|turn|15\n|\n|t:|1701115779\n|move|p2a: Not sand|Iron Head|p1a: Ribombee\n|-supereffective|p1a: Ribombee\n|-enditem|p1a: Ribombee|Focus Sash\n|-damage|p1a: Ribombee|1\/100\n|move|p1a: Ribombee|Moonblast|p2a: Not sand\n|-resisted|p2a: Not sand\n|-damage|p2a: Not sand|69\/100\n|\n|-weather|Snow|[upkeep]\n|upkeep\n|turn|16\n|\n|t:|1701115802\n|move|p2a: Not sand|Rapid Spin|p1a: Ribombee\n|-damage|p1a: Ribombee|0 fnt\n|-boost|p2a: Not sand|spe|1\n|faint|p1a: Ribombee\n|\n|-weather|none\n|upkeep\n|\n|t:|1701115808\n|switch|p1a: Eiscue|Eiscue, F, shiny|100\/100\n|turn|17\n|\n|t:|1701115816\n|move|p2a: Not sand|Iron Head|p1a: Eiscue\n|-activate|p1a: Eiscue|ability: Ice Face\n|-damage|p1a: Eiscue|100\/100\n|detailschange|p1a: Eiscue|Eiscue-Noice, F, shiny\n|move|p1a: Eiscue|Belly Drum|p1a: Eiscue\n|-damage|p1a: Eiscue|51\/100\n|-setboost|p1a: Eiscue|atk|6|[from] move: Belly Drum\n|\n|upkeep\n|turn|18\n|\n|t:|1701115828\n|move|p1a: Eiscue|Iron Head|p2a: Not sand\n|-damage|p2a: Not sand|0 fnt\n|faint|p2a: Not sand\n|\n|upkeep\n|c|\u2606MegaKryptos|thats so silly\n|c|\u2606MegaKryptos|i threw\n|c|\u2606MegaKryptos|I literally told myself to switch\n|\n|t:|1701115848\n|switch|p2a: TAKE DOWN|Fezandipiti, M|100\/100\n|turn|19\n|c|\u2606xtemilx|thats unfort\n|\n|t:|1701115862\n|move|p1a: Eiscue|Iron Head|p2a: TAKE DOWN\n|-supereffective|p2a: TAKE DOWN\n|-damage|p2a: TAKE DOWN|0 fnt\n|faint|p2a: TAKE DOWN\n|\n|upkeep\n|c|\u2606MegaKryptos|gg\n|\n|t:|1701115870\n|switch|p2a: WINTER FEST|Cryogonal, shiny|100\/100\n|turn|20\n|\n|t:|1701115881\n|move|p1a: Eiscue|Iron Head|p2a: WINTER FEST\n|-supereffective|p2a: WINTER FEST\n|-damage|p2a: WINTER FEST|0 fnt\n|faint|p2a: WINTER FEST\n|\n|upkeep\n|\n|t:|1701115885\n|switch|p2a: COLD BRRR|Ninetales-Alola, F, shiny|75\/100\n|-weather|Snow|[from] ability: Snow Warning|[of] p2a: COLD BRRR\n|-activate|p1a: Eiscue|ability: Ice Face\n|detailschange|p1a: Eiscue|Eiscue, F, shiny\n|turn|21\n|c|\u2606xtemilx|ggs man, you had me tbh\n|c|\u2606MegaKryptos|i messed up\n|\n|t:|1701115898\n|move|p2a: COLD BRRR|Aurora Veil|p2a: COLD BRRR\n|-sidestart|p2: MegaKryptos|move: Aurora Veil\n|move|p1a: Eiscue|Iron Head|p2a: COLD BRRR\n|-supereffective|p2a: COLD BRRR\n|-damage|p2a: COLD BRRR|0 fnt\n|faint|p2a: COLD BRRR\n|\n|win|xtemilx\n|c|\u2606MegaKryptos|gg\n|l|\u2606MegaKryptos\n|c|\u2606xtemilx|gg\n","uploadtime":1701115921,"views":16,"p1id":"xtemilx","p2id":"megakryptos","formatid":"gen9nationaldex","rating":0,"private":0,"password":""}