{"id":"gen9nationaldex-1991437481","p1":"MasterList2015","p2":"Zayko_096","format":"[Gen 9] National Dex","log":"|j|\u2606MasterList2015\n|j|\u2606Zayko_096\n|t:|1700077050\n|gametype|singles\n|player|p1|MasterList2015|red|1295\n|player|p2|Zayko_096|colress|1293\n|teamsize|p1|6\n|teamsize|p2|6\n|gen|9\n|tier|[Gen 9] National Dex\n|rated|\n|rule|HP Percentage Mod: HP is shown in percentages\n|rule|Endless Battle Clause: Forcing endless battles is banned\n|rule|OHKO Clause: OHKO moves are banned\n|rule|Evasion Clause: Evasion abilities, items, and moves are banned\n|rule|Evasion Abilities Clause: Evasion abilities are banned\n|rule|Evasion Items Clause: Evasion items are banned\n|rule|Evasion Moves Clause: Evasion moves are banned\n|rule|Species Clause: Limit one of each Pok\u00e9mon\n|rule|Sleep Clause Mod: Limit one foe put to sleep\n|clearpoke\n|poke|p1|Pikachu, M|\n|poke|p1|Krookodile, F|\n|poke|p1|Charizard, M|\n|poke|p1|Infernape, F|\n|poke|p1|Greninja-*, M|\n|poke|p1|Sceptile, M|\n|poke|p2|Veluza, M|\n|poke|p2|Pelipper, F|\n|poke|p2|Dragonite, F|\n|poke|p2|Banette, M|\n|poke|p2|Sneasler, F|\n|poke|p2|Porygon2|\n|teampreview\n|\n|t:|1700077060\n|start\n|switch|p1a: Pikachu|Pikachu, M|100\/100\n|switch|p2a: Pelipper|Pelipper, F|100\/100\n|-weather|RainDance|[from] ability: Drizzle|[of] p2a: Pelipper\n|turn|1\n|\n|t:|1700077066\n|move|p1a: Pikachu|Volt Tackle|p2a: Pelipper\n|-supereffective|p2a: Pelipper\n|-damage|p2a: Pelipper|0 fnt\n|faint|p2a: Pelipper\n|-damage|p1a: Pikachu|60\/100|[from] Recoil\n|\n|-weather|RainDance|[upkeep]\n|upkeep\n|\n|t:|1700077071\n|switch|p2a: Sneasler|Sneasler, F|100\/100\n|turn|2\n|\n|t:|1700077074\n|switch|p1a: Krookodile|Krookodile, F|100\/100\n|-ability|p1a: Krookodile|Intimidate|boost\n|-unboost|p2a: Sneasler|atk|1\n|move|p2a: Sneasler|Fake Out|p1a: Krookodile\n|-enditem|p2a: Sneasler|Normal Gem|[from] gem\n|-damage|p1a: Krookodile|83\/100\n|\n|-weather|RainDance|[upkeep]\n|upkeep\n|turn|3\n|\n|t:|1700077083\n|switch|p1a: Charizard|Charizard, M|100\/100\n|move|p2a: Sneasler|Brick Break|p1a: Charizard\n|-resisted|p1a: Charizard\n|-damage|p1a: Charizard|81\/100\n|\n|-weather|RainDance|[upkeep]\n|upkeep\n|turn|4\n|\n|t:|1700077090\n|detailschange|p1a: Charizard|Charizard-Mega-Y, M\n|-mega|p1a: Charizard|Charizard|Charizardite Y\n|-weather|SunnyDay|[from] ability: Drought|[of] p1a: Charizard\n|move|p2a: Sneasler|Dire Claw|p1a: Charizard\n|-damage|p1a: Charizard|39\/100\n|-status|p1a: Charizard|par\n|move|p1a: Charizard|Air Slash|p2a: Sneasler\n|-supereffective|p2a: Sneasler\n|-damage|p2a: Sneasler|0 fnt\n|faint|p2a: Sneasler\n|\n|-weather|SunnyDay|[upkeep]\n|upkeep\n|\n|t:|1700077100\n|switch|p2a: Veluza|Veluza, M|100\/100\n|turn|5\n|\n|t:|1700077103\n|move|p2a: Veluza|Psycho Cut|p1a: Charizard\n|-damage|p1a: Charizard|0 fnt\n|faint|p1a: Charizard\n|\n|-weather|SunnyDay|[upkeep]\n|upkeep\n|\n|t:|1700077108\n|switch|p1a: Krookodile|Krookodile, F|83\/100\n|-ability|p1a: Krookodile|Intimidate|boost\n|-unboost|p2a: Veluza|atk|1\n|turn|6\n|\n|t:|1700077116\n|-terastallize|p2a: Veluza|Dark\n|move|p1a: Krookodile|Stealth Rock|p2a: Veluza\n|-sidestart|p2: Zayko_096|move: Stealth Rock\n|move|p2a: Veluza|Fillet Away|p2a: Veluza\n|-boost|p2a: Veluza|atk|2\n|-boost|p2a: Veluza|spa|2\n|-boost|p2a: Veluza|spe|2\n|-damage|p2a: Veluza|50\/100\n|-enditem|p2a: Veluza|Sitrus Berry|[eat]\n|-heal|p2a: Veluza|75\/100|[from] item: Sitrus Berry\n|\n|-weather|SunnyDay|[upkeep]\n|upkeep\n|turn|7\n|\n|t:|1700077123\n|move|p2a: Veluza|Aqua Cutter|p1a: Krookodile\n|-supereffective|p1a: Krookodile\n|-damage|p1a: Krookodile|0 fnt\n|faint|p1a: Krookodile\n|\n|-weather|SunnyDay|[upkeep]\n|upkeep\n|\n|t:|1700077127\n|switch|p1a: Infernape|Infernape, F|100\/100\n|turn|8\n|\n|t:|1700077130\n|move|p1a: Infernape|Mach Punch|p2a: Veluza\n|-supereffective|p2a: Veluza\n|-damage|p2a: Veluza|4\/100\n|move|p2a: Veluza|Aqua Cutter|p1a: Infernape\n|-supereffective|p1a: Infernape\n|-damage|p1a: Infernape|0 fnt\n|faint|p1a: Infernape\n|\n|-weather|none\n|upkeep\n|\n|t:|1700077134\n|switch|p1a: Greninja|Greninja, M|100\/100\n|turn|9\n|\n|t:|1700077139\n|move|p1a: Greninja|Water Shuriken|p2a: Veluza\n|-damage|p2a: Veluza|0 fnt\n|faint|p2a: Veluza\n|-ability|p1a: Greninja|Battle Bond|boost\n|-boost|p1a: Greninja|atk|1\n|-boost|p1a: Greninja|spa|1\n|-boost|p1a: Greninja|spe|1\n|-activate|p1a: Greninja|ability: Battle Bond\n|-hitcount|p2: Veluza|1\n|\n|upkeep\n|\n|t:|1700077145\n|switch|p2a: Banette|Banette, M|100\/100\n|-damage|p2a: Banette|88\/100|[from] Stealth Rock\n|-item|p1a: Greninja|Mystic Water|[from] ability: Frisk|[of] p2a: Banette|[identify]\n|turn|10\n|\n|t:|1700077151\n|detailschange|p2a: Banette|Banette-Mega, M\n|-mega|p2a: Banette|Banette|Banettite\n|move|p2a: Banette|Destiny Bond|p2a: Banette\n|-singlemove|p2a: Banette|Destiny Bond\n|move|p1a: Greninja|Ice Beam|p2a: Banette\n|-damage|p2a: Banette|40\/100\n|\n|upkeep\n|turn|11\n|\n|t:|1700077161\n|move|p1a: Greninja|Dark Pulse|p2a: Banette\n|-supereffective|p2a: Banette\n|-damage|p2a: Banette|0 fnt\n|faint|p2a: Banette\n|-activate|p2a: Banette|move: Destiny Bond\n|faint|p1a: Greninja\n|\n|upkeep\n|\n|t:|1700077167\n|switch|p1a: Sceptile|Sceptile, M|100\/100\n|switch|p2a: Dragonite|Dragonite, F|100\/100\n|-damage|p2a: Dragonite|75\/100|[from] Stealth Rock\n|turn|12\n|\n|t:|1700077170\n|move|p1a: Sceptile|Dragon Pulse|p2a: Dragonite\n|-supereffective|p2a: Dragonite\n|-damage|p2a: Dragonite|0 fnt\n|faint|p2a: Dragonite\n|\n|upkeep\n|\n|t:|1700077174\n|switch|p2a: Porygon2|Porygon2|100\/100\n|-damage|p2a: Porygon2|88\/100|[from] Stealth Rock\n|-ability|p2a: Porygon2|Download|boost\n|-boost|p2a: Porygon2|atk|1\n|turn|13\n|\n|t:|1700077177\n|move|p1a: Sceptile|Dragon Pulse|p2a: Porygon2\n|-damage|p2a: Porygon2|61\/100\n|move|p2a: Porygon2|Tri Attack|p1a: Sceptile\n|-damage|p1a: Sceptile|50\/100\n|\n|upkeep\n|turn|14\n|\n|t:|1700077182\n|move|p1a: Sceptile|Dragon Pulse|p2a: Porygon2\n|-damage|p2a: Porygon2|35\/100\n|move|p2a: Porygon2|Tri Attack|p1a: Sceptile\n|-damage|p1a: Sceptile|0 fnt\n|faint|p1a: Sceptile\n|\n|upkeep\n|\n|t:|1700077185\n|switch|p1a: Pikachu|Pikachu, M|60\/100\n|turn|15\n|\n|t:|1700077187\n|move|p1a: Pikachu|Fake Out|p2a: Porygon2\n|-damage|p2a: Porygon2|24\/100\n|cant|p2a: Porygon2|flinch\n|\n|upkeep\n|turn|16\n|c|\u2606MasterList2015|FULL POWER\n|\n|t:|1700077195\n|move|p1a: Pikachu|Volt Tackle|p2a: Porygon2\n|-damage|p2a: Porygon2|0 fnt\n|faint|p2a: Porygon2\n|-damage|p1a: Pikachu|48\/100|[from] Recoil\n|\n|win|MasterList2015\n|raw|MasterList2015's rating: 1295 &rarr; <strong>1320<\/strong><br \/>(+25 for winning)\n|raw|Zayko_096's rating: 1293 &rarr; <strong>1268<\/strong><br \/>(-25 for losing)\n|l|\u2606Zayko_096\n","uploadtime":1700077305,"views":6,"p1id":"masterlist2015","p2id":"zayko096","formatid":"gen9nationaldex","rating":1268,"private":0,"password":""}