{"id":"gen9nationaldex-1999220576","p1":"InfiniteTheSlayer","p2":"Z3R0Freeze","format":"[Gen 9] National Dex","log":"|html|<div class=\"broadcast-blue\"><strong>[Gen 9] National Dex is currently suspecting Sneasler! For information on how to participate check out the <a href=\"https:\/\/www.smogon.com\/forums\/threads\/sv-national-dex-suspect-8-just-dance.3731534\/\">suspect thread<\/a>.<\/strong><\/div>\n|j|\u2606InfiniteTheSlayer\n|j|\u2606Z3R0Freeze\n|t:|1701047108\n|gametype|singles\n|player|p1|InfiniteTheSlayer|elesa-masters2|1295\n|player|p2|Z3R0Freeze|crasherwake|1394\n|teamsize|p1|6\n|teamsize|p2|6\n|gen|9\n|tier|[Gen 9] National Dex\n|rated|\n|rule|HP Percentage Mod: HP is shown in percentages\n|rule|Endless Battle Clause: Forcing endless battles is banned\n|rule|OHKO Clause: OHKO moves are banned\n|rule|Evasion Clause: Evasion abilities, items, and moves are banned\n|rule|Evasion Abilities Clause: Evasion abilities are banned\n|rule|Evasion Items Clause: Evasion items are banned\n|rule|Evasion Moves Clause: Evasion moves are banned\n|rule|Species Clause: Limit one of each Pok\u00e9mon\n|rule|Sleep Clause Mod: Limit one foe put to sleep\n|clearpoke\n|poke|p1|Slowking, F|\n|poke|p1|Ursaluna, M|\n|poke|p1|Stakataka|\n|poke|p1|Mawile, F|\n|poke|p1|Marowak-Alola, F|\n|poke|p1|Skeledirge, M|\n|poke|p2|Glalie, F|\n|poke|p2|Kyurem|\n|poke|p2|Garganacl, M|\n|poke|p2|Corviknight, M|\n|poke|p2|Alomomola, F|\n|poke|p2|Ting-Lu|\n|teampreview\n|inactive|Battle timer is ON: inactive players will automatically lose when time's up. (requested by Z3R0Freeze)\n|\n|t:|1701047133\n|start\n|switch|p1a: Slowking|Slowking, F|100\/100\n|switch|p2a: Cold Case \u274c\ufe0f\u2709\ufe0f|Kyurem, shiny|100\/100\n|-ability|p2a: Cold Case \u274c\ufe0f\u2709\ufe0f|Pressure\n|turn|1\n|\n|t:|1701047140\n|-terastallize|p2a: Cold Case \u274c\ufe0f\u2709\ufe0f|Ice\n|move|p2a: Cold Case \u274c\ufe0f\u2709\ufe0f|Freeze-Dry|p1a: Slowking\n|-supereffective|p1a: Slowking\n|-damage|p1a: Slowking|0 fnt\n|faint|p1a: Slowking\n|\n|upkeep\n|\n|t:|1701047148\n|switch|p1a: Stakataka|Stakataka|100\/100\n|turn|2\n|c|\u2606Z3R0Freeze|Fuck all dat gang\n|c|\u2606InfiniteTheSlayer|???\n|c|\u2606Z3R0Freeze|\ud83d\ude29\ud83e\udd76\ud83e\uddca\n|c|\u2606Z3R0Freeze|we get fr333zeeey\n|inactive|Z3R0Freeze has 120 seconds left.\n|c|\u2606InfiniteTheSlayer|ok\n|c|\u2606Z3R0Freeze|\ud83d\ude29\ud83e\udef6\ud83c\udffe\ud83e\uddca\n|\n|t:|1701047191\n|switch|p2a: Thot Wife \ud83d\ude36\u200d\ud83c\udf2b\ufe0f\ud83d\udca8|Alomomola, F, shiny|100\/100\n|move|p1a: Stakataka|Gyro Ball|p2a: Thot Wife \ud83d\ude36\u200d\ud83c\udf2b\ufe0f\ud83d\udca8\n|-resisted|p2a: Thot Wife \ud83d\ude36\u200d\ud83c\udf2b\ufe0f\ud83d\udca8\n|-damage|p2a: Thot Wife \ud83d\ude36\u200d\ud83c\udf2b\ufe0f\ud83d\udca8|69\/100\n|\n|upkeep\n|turn|3\n|\n|t:|1701047198\n|switch|p1a: Ursaluna|Ursaluna, M, shiny|100\/100\n|move|p2a: Thot Wife \ud83d\ude36\u200d\ud83c\udf2b\ufe0f\ud83d\udca8|Flip Turn|p1a: Ursaluna\n|-supereffective|p1a: Ursaluna\n|-damage|p1a: Ursaluna|75\/100\n|inactive|Z3R0Freeze has 120 seconds left.\n|\n|t:|1701047208\n|switch|p2a: Detective \ud83e\udd76\ud83c\udf43|Corviknight, M, shiny|100\/100|[from] Flip Turn\n|-ability|p2a: Detective \ud83e\udd76\ud83c\udf43|Pressure\n|\n|-status|p1a: Ursaluna|brn|[from] item: Flame Orb\n|upkeep\n|turn|4\n|\n|t:|1701047214\n|move|p2a: Detective \ud83e\udd76\ud83c\udf43|Iron Defense|p2a: Detective \ud83e\udd76\ud83c\udf43\n|-boost|p2a: Detective \ud83e\udd76\ud83c\udf43|def|2\n|move|p1a: Ursaluna|Swords Dance|p1a: Ursaluna\n|-boost|p1a: Ursaluna|atk|2\n|\n|-damage|p1a: Ursaluna|68\/100 brn|[from] brn\n|upkeep\n|turn|5\n|\n|t:|1701047220\n|move|p2a: Detective \ud83e\udd76\ud83c\udf43|Body Press|p1a: Ursaluna\n|-supereffective|p1a: Ursaluna\n|-damage|p1a: Ursaluna|0 fnt\n|faint|p1a: Ursaluna\n|\n|upkeep\n|\n|t:|1701047227\n|switch|p1a: Marowak|Marowak-Alola, F|100\/100\n|turn|6\n|\n|t:|1701047231\n|switch|p2a: \"BestFriend\"\ud83e\uddc2\ud83d\udcac|Garganacl, M, shiny|100\/100\n|move|p1a: Marowak|Flare Blitz|p2a: \"BestFriend\"\ud83e\uddc2\ud83d\udcac\n|-resisted|p2a: \"BestFriend\"\ud83e\uddc2\ud83d\udcac\n|-damage|p2a: \"BestFriend\"\ud83e\uddc2\ud83d\udcac|68\/100\n|\n|-heal|p2a: \"BestFriend\"\ud83e\uddc2\ud83d\udcac|75\/100|[from] item: Leftovers\n|upkeep\n|turn|7\n|\n|t:|1701047239\n|move|p2a: \"BestFriend\"\ud83e\uddc2\ud83d\udcac|Protect|p2a: \"BestFriend\"\ud83e\uddc2\ud83d\udcac\n|-singleturn|p2a: \"BestFriend\"\ud83e\uddc2\ud83d\udcac|Protect\n|move|p1a: Marowak|Swords Dance|p1a: Marowak\n|-boost|p1a: Marowak|atk|2\n|\n|-heal|p2a: \"BestFriend\"\ud83e\uddc2\ud83d\udcac|81\/100|[from] item: Leftovers\n|upkeep\n|turn|8\n|c|\u2606Z3R0Freeze|Aw shyyyyy\n|c|\u2606InfiniteTheSlayer|indeed\n|\n|t:|1701047262\n|move|p2a: \"BestFriend\"\ud83e\uddc2\ud83d\udcac|Salt Cure|p1a: Marowak\n|-supereffective|p1a: Marowak\n|-damage|p1a: Marowak|76\/100\n|-start|p1a: Marowak|Salt Cure\n|move|p1a: Marowak|Poltergeist|p2a: \"BestFriend\"\ud83e\uddc2\ud83d\udcac\n|-activate|p2a: \"BestFriend\"\ud83e\uddc2\ud83d\udcac|move: Poltergeist|Leftovers\n|-damage|p2a: \"BestFriend\"\ud83e\uddc2\ud83d\udcac|20\/100\n|\n|-heal|p2a: \"BestFriend\"\ud83e\uddc2\ud83d\udcac|26\/100|[from] item: Leftovers\n|-damage|p1a: Marowak|63\/100|[from] Salt Cure\n|upkeep\n|turn|9\n|\n|t:|1701047273\n|move|p2a: \"BestFriend\"\ud83e\uddc2\ud83d\udcac|Protect|p2a: \"BestFriend\"\ud83e\uddc2\ud83d\udcac\n|-singleturn|p2a: \"BestFriend\"\ud83e\uddc2\ud83d\udcac|Protect\n|move|p1a: Marowak|Shadow Bone|p2a: \"BestFriend\"\ud83e\uddc2\ud83d\udcac\n|-activate|p2a: \"BestFriend\"\ud83e\uddc2\ud83d\udcac|move: Protect\n|\n|-heal|p2a: \"BestFriend\"\ud83e\uddc2\ud83d\udcac|32\/100|[from] item: Leftovers\n|-damage|p1a: Marowak|51\/100|[from] Salt Cure\n|upkeep\n|turn|10\n|\n|t:|1701047281\n|move|p2a: \"BestFriend\"\ud83e\uddc2\ud83d\udcac|Recover|p2a: \"BestFriend\"\ud83e\uddc2\ud83d\udcac\n|-heal|p2a: \"BestFriend\"\ud83e\uddc2\ud83d\udcac|82\/100\n|move|p1a: Marowak|Shadow Bone|p2a: \"BestFriend\"\ud83e\uddc2\ud83d\udcac\n|-damage|p2a: \"BestFriend\"\ud83e\uddc2\ud83d\udcac|37\/100\n|\n|-heal|p2a: \"BestFriend\"\ud83e\uddc2\ud83d\udcac|44\/100|[from] item: Leftovers\n|-damage|p1a: Marowak|39\/100|[from] Salt Cure\n|upkeep\n|turn|11\n|c|\u2606Z3R0Freeze|You a fraud bruh\n|c|\u2606Z3R0Freeze|\ud83e\udd26\ud83c\udffe\ud83e\udd26\ud83c\udffe\ud83e\udd26\ud83c\udffe\ud83e\udd26\ud83c\udffe\n|c|\u2606InfiniteTheSlayer|???\n|\n|t:|1701047296\n|move|p2a: \"BestFriend\"\ud83e\uddc2\ud83d\udcac|Recover|p2a: \"BestFriend\"\ud83e\uddc2\ud83d\udcac\n|-heal|p2a: \"BestFriend\"\ud83e\uddc2\ud83d\udcac|94\/100\n|move|p1a: Marowak|Poltergeist|p2a: \"BestFriend\"\ud83e\uddc2\ud83d\udcac\n|-activate|p2a: \"BestFriend\"\ud83e\uddc2\ud83d\udcac|move: Poltergeist|Leftovers\n|-crit|p2a: \"BestFriend\"\ud83e\uddc2\ud83d\udcac\n|-damage|p2a: \"BestFriend\"\ud83e\uddc2\ud83d\udcac|1\/100\n|\n|-heal|p2a: \"BestFriend\"\ud83e\uddc2\ud83d\udcac|7\/100|[from] item: Leftovers\n|-damage|p1a: Marowak|26\/100|[from] Salt Cure\n|upkeep\n|turn|12\n|\n|t:|1701047310\n|move|p2a: \"BestFriend\"\ud83e\uddc2\ud83d\udcac|Salt Cure|p1a: Marowak\n|-supereffective|p1a: Marowak\n|-damage|p1a: Marowak|0 fnt\n|faint|p1a: Marowak\n|\n|-heal|p2a: \"BestFriend\"\ud83e\uddc2\ud83d\udcac|13\/100|[from] item: Leftovers\n|upkeep\n|\n|t:|1701047318\n|switch|p1a: Stakataka|Stakataka|100\/100\n|turn|13\n|c|\u2606Z3R0Freeze|You lost the 1v1 ya goose\n|c|\u2606InfiniteTheSlayer|ok\n|\n|t:|1701047324\n|move|p2a: \"BestFriend\"\ud83e\uddc2\ud83d\udcac|Protect|p2a: \"BestFriend\"\ud83e\uddc2\ud83d\udcac\n|-singleturn|p2a: \"BestFriend\"\ud83e\uddc2\ud83d\udcac|Protect\n|move|p1a: Stakataka|Gyro Ball|p2a: \"BestFriend\"\ud83e\uddc2\ud83d\udcac\n|-activate|p2a: \"BestFriend\"\ud83e\uddc2\ud83d\udcac|move: Protect\n|\n|-heal|p2a: \"BestFriend\"\ud83e\uddc2\ud83d\udcac|19\/100|[from] item: Leftovers\n|upkeep\n|turn|14\n|\n|t:|1701047340\n|switch|p2a: Thot Wife \ud83d\ude36\u200d\ud83c\udf2b\ufe0f\ud83d\udca8|Alomomola, F, shiny|100\/100\n|move|p1a: Stakataka|Gyro Ball|p2a: Thot Wife \ud83d\ude36\u200d\ud83c\udf2b\ufe0f\ud83d\udca8\n|-resisted|p2a: Thot Wife \ud83d\ude36\u200d\ud83c\udf2b\ufe0f\ud83d\udca8\n|-damage|p2a: Thot Wife \ud83d\ude36\u200d\ud83c\udf2b\ufe0f\ud83d\udca8|64\/100\n|\n|upkeep\n|turn|15\n|-message|InfiniteTheSlayer forfeited.\n|\n|win|Z3R0Freeze\n|raw|InfiniteTheSlayer's rating: 1295 &rarr; <strong>1277<\/strong><br \/>(-18 for losing)\n|raw|Z3R0Freeze's rating: 1394 &rarr; <strong>1408<\/strong><br \/>(+14 for winning)\n|l|\u2606InfiniteTheSlayer\n|c|\u2606Z3R0Freeze|I thought you wus supposa be scary\n","uploadtime":1701047160,"views":1,"p1id":"infinitetheslayer","p2id":"z3r0freeze","formatid":"gen9nationaldex","rating":1277,"private":0,"password":""}