{"id":"gen9nationaldex-1997405256","p1":"Will Of Hope","p2":"fywoo","format":"[Gen 9] National Dex","log":"|j|\u2606Will Of Hope\n|j|\u2606fywoo\n|inactive|Battle timer is ON: inactive players will automatically lose when time's up.\n|t:|1700800044\n|gametype|singles\n|player|p1|Will Of Hope|steven|\n|player|p2|fywoo|teamrocket|\n|teamsize|p1|6\n|teamsize|p2|6\n|gen|9\n|tier|[Gen 9] National Dex\n|rated|Tournament battle\n|rule|HP Percentage Mod: HP is shown in percentages\n|rule|Endless Battle Clause: Forcing endless battles is banned\n|rule|OHKO Clause: OHKO moves are banned\n|rule|Evasion Clause: Evasion abilities, items, and moves are banned\n|rule|Evasion Abilities Clause: Evasion abilities are banned\n|rule|Evasion Items Clause: Evasion items are banned\n|rule|Evasion Moves Clause: Evasion moves are banned\n|rule|Species Clause: Limit one of each Pok\u00e9mon\n|rule|Sleep Clause Mod: Limit one foe put to sleep\n|clearpoke\n|poke|p1|Ting-Lu|\n|poke|p1|Iron Valiant|\n|poke|p1|Toxapex, M|\n|poke|p1|Heatran, M|\n|poke|p1|Shuckle, F|\n|poke|p1|Latias, F|\n|poke|p2|Dondozo, M|\n|poke|p2|Mew|\n|poke|p2|Alomomola, M|\n|poke|p2|Lopunny, F|\n|poke|p2|Ferrothorn, M|\n|poke|p2|Garganacl, M|\n|teampreview\n|j| Ineros\n|\n|t:|1700800050\n|start\n|switch|p1a: Latias|Latias, F|100\/100\n|switch|p2a: Lopunny|Lopunny, F|100\/100\n|turn|1\n|\n|t:|1700800055\n|detailschange|p1a: Latias|Latias-Mega, F\n|-mega|p1a: Latias|Latias|Latiasite\n|detailschange|p2a: Lopunny|Lopunny-Mega, F\n|-mega|p2a: Lopunny|Lopunny|Lopunnite\n|move|p2a: Lopunny|Fake Out|p1a: Latias\n|-damage|p1a: Latias|79\/100\n|cant|p1a: Latias|flinch\n|\n|upkeep\n|turn|2\n|\n|t:|1700800074\n|move|p2a: Lopunny|U-turn|p1a: Latias\n|-supereffective|p1a: Latias\n|-damage|p1a: Latias|27\/100\n|\n|t:|1700800081\n|switch|p2a: Mew|Mew|100\/100|[from] U-turn\n|move|p1a: Latias|Psyshock|p2a: Mew\n|-resisted|p2a: Mew\n|-damage|p2a: Mew|81\/100\n|\n|upkeep\n|turn|3\n|\n|t:|1700800085\n|move|p1a: Latias|Draco Meteor|p2a: Mew\n|-damage|p2a: Mew|18\/100\n|-unboost|p1a: Latias|spa|2\n|move|p2a: Mew|Cosmic Power|p2a: Mew\n|-boost|p2a: Mew|def|1\n|-boost|p2a: Mew|spd|1\n|\n|upkeep\n|turn|4\n|\n|t:|1700800090\n|move|p1a: Latias|Draco Meteor|p2a: Mew\n|-damage|p2a: Mew|0 fnt\n|-unboost|p1a: Latias|spa|2\n|faint|p2a: Mew\n|\n|upkeep\n|\n|t:|1700800093\n|switch|p2a: Lopunny|Lopunny-Mega, F|100\/100\n|turn|5\n|\n|t:|1700800097\n|switch|p1a: Eruption Go Boom|Heatran, M|100\/100\n|move|p2a: Lopunny|Fake Out|p1a: Eruption Go Boom\n|-resisted|p1a: Eruption Go Boom\n|-damage|p1a: Eruption Go Boom|90\/100\n|\n|upkeep\n|turn|6\n|\n|t:|1700800102\n|move|p1a: Eruption Go Boom|Eruption|p2a: Lopunny\n|-damage|p2a: Lopunny|3\/100\n|move|p2a: Lopunny|Close Combat|p1a: Eruption Go Boom\n|-supereffective|p1a: Eruption Go Boom\n|-damage|p1a: Eruption Go Boom|0 fnt\n|-unboost|p2a: Lopunny|def|1\n|-unboost|p2a: Lopunny|spd|1\n|faint|p1a: Eruption Go Boom\n|\n|upkeep\n|\n|t:|1700800115\n|switch|p1a: Shuckle|Shuckle, F|100\/100\n|turn|7\n|\n|t:|1700800121\n|move|p2a: Lopunny|U-turn|p1a: Shuckle\n|-damage|p1a: Shuckle|83\/100\n|-enditem|p1a: Shuckle|Red Card|[of] p2a: Lopunny\n|drag|p2a: Dondozo|Dondozo, M|100\/100\n|move|p1a: Shuckle|Knock Off|p2a: Dondozo\n|-damage|p2a: Dondozo|98\/100\n|-enditem|p2a: Dondozo|Heavy-Duty Boots|[from] move: Knock Off|[of] p1a: Shuckle\n|\n|upkeep\n|turn|8\n|\n|t:|1700800129\n|move|p2a: Dondozo|Curse|p2a: Dondozo\n|-unboost|p2a: Dondozo|spe|1\n|-boost|p2a: Dondozo|atk|1\n|-boost|p2a: Dondozo|def|1\n|move|p1a: Shuckle|Attract|p2a: Dondozo\n|-start|p2a: Dondozo|Attract\n|\n|upkeep\n|turn|9\n|\n|t:|1700800136\n|-activate|p2a: Dondozo|move: Attract|[of] p1a: Shuckle\n|move|p2a: Dondozo|Curse|p2a: Dondozo\n|-unboost|p2a: Dondozo|spe|1\n|-boost|p2a: Dondozo|atk|1\n|-boost|p2a: Dondozo|def|1\n|move|p1a: Shuckle|Toxic|p2a: Dondozo\n|-status|p2a: Dondozo|tox\n|\n|-damage|p2a: Dondozo|92\/100 tox|[from] psn\n|upkeep\n|turn|10\n|\n|t:|1700800146\n|-activate|p2a: Dondozo|move: Attract|[of] p1a: Shuckle\n|cant|p2a: Dondozo|Attract\n|move|p1a: Shuckle|Sticky Web|p2a: Dondozo\n|-sidestart|p2: fywoo|move: Sticky Web\n|\n|-damage|p2a: Dondozo|80\/100 tox|[from] psn\n|upkeep\n|turn|11\n|\n|t:|1700800153\n|switch|p1a: Its just a phase|Toxapex, M|100\/100\n|-end|p2a: Dondozo|Attract|[silent]\n|move|p2a: Dondozo|Curse|p2a: Dondozo\n|-unboost|p2a: Dondozo|spe|1\n|-boost|p2a: Dondozo|atk|1\n|-boost|p2a: Dondozo|def|1\n|\n|-damage|p2a: Dondozo|61\/100 tox|[from] psn\n|upkeep\n|turn|12\n|\n|t:|1700800157\n|move|p1a: Its just a phase|Haze|p1a: Its just a phase\n|-clearallboost\n|move|p2a: Dondozo|Curse|p2a: Dondozo\n|-unboost|p2a: Dondozo|spe|1\n|-boost|p2a: Dondozo|atk|1\n|-boost|p2a: Dondozo|def|1\n|\n|-damage|p2a: Dondozo|37\/100 tox|[from] psn\n|upkeep\n|turn|13\n|\n|t:|1700800164\n|move|p1a: Its just a phase|Haze|p1a: Its just a phase\n|-clearallboost\n|move|p2a: Dondozo|Rest|p2a: Dondozo\n|-status|p2a: Dondozo|slp|[from] move: Rest\n|-heal|p2a: Dondozo|100\/100 slp|[silent]\n|\n|upkeep\n|turn|14\n|\n|t:|1700800171\n|switch|p1a: Iron Valiant|Iron Valiant|100\/100\n|cant|p2a: Dondozo|slp\n|move|p2a: Dondozo|Sleep Talk|p2a: Dondozo\n|move|p2a: Dondozo|Liquidation|p1a: Iron Valiant|[from]move: Sleep Talk\n|-damage|p1a: Iron Valiant|65\/100\n|-unboost|p1a: Iron Valiant|def|1\n|\n|upkeep\n|turn|15\n|\n|t:|1700800176\n|switch|p2a: Ferrothorn|Ferrothorn, M|100\/100\n|-activate|p2a: Ferrothorn|move: Sticky Web\n|-unboost|p2a: Ferrothorn|spe|1\n|move|p1a: Iron Valiant|Energy Ball|p2a: Ferrothorn\n|-resisted|p2a: Ferrothorn\n|-damage|p2a: Ferrothorn|94\/100\n|-damage|p1a: Iron Valiant|55\/100|[from] item: Life Orb\n|\n|-heal|p2a: Ferrothorn|100\/100|[from] item: Leftovers\n|upkeep\n|turn|16\n|\n|t:|1700800183\n|-end|p1a: Iron Valiant|Quark Drive|[silent]\n|switch|p1a: Its just a phase|Toxapex, M|100\/100\n|move|p2a: Ferrothorn|Stealth Rock|p1a: Its just a phase\n|-sidestart|p1: Will Of Hope|move: Stealth Rock\n|\n|upkeep\n|turn|17\n|\n|t:|1700800188\n|move|p1a: Its just a phase|Scald|p2a: Ferrothorn\n|-resisted|p2a: Ferrothorn\n|-damage|p2a: Ferrothorn|94\/100\n|move|p2a: Ferrothorn|Leech Seed|p1a: Its just a phase\n|-start|p1a: Its just a phase|move: Leech Seed\n|\n|-heal|p2a: Ferrothorn|100\/100|[from] item: Leftovers\n|-damage|p1a: Its just a phase|88\/100|[from] Leech Seed|[of] p2a: Ferrothorn\n|upkeep\n|turn|18\n|\n|t:|1700800196\n|move|p1a: Its just a phase|Scald|p2a: Ferrothorn\n|-resisted|p2a: Ferrothorn\n|-damage|p2a: Ferrothorn|95\/100\n|move|p2a: Ferrothorn|Power Whip|p1a: Its just a phase\n|-damage|p1a: Its just a phase|59\/100\n|\n|-heal|p1a: Its just a phase|66\/100|[from] item: Leftovers\n|-heal|p2a: Ferrothorn|100\/100|[from] item: Leftovers\n|-damage|p1a: Its just a phase|53\/100|[from] Leech Seed|[of] p2a: Ferrothorn\n|upkeep\n|turn|19\n|l| Ineros\n|\n|t:|1700800213\n|move|p1a: Its just a phase|Recover|p1a: Its just a phase\n|-heal|p1a: Its just a phase|100\/100\n|move|p2a: Ferrothorn|Power Whip|p1a: Its just a phase\n|-damage|p1a: Its just a phase|73\/100\n|\n|-heal|p1a: Its just a phase|79\/100|[from] item: Leftovers\n|-damage|p1a: Its just a phase|67\/100|[from] Leech Seed|[of] p2a: Ferrothorn\n|upkeep\n|turn|20\n|c|\u2606Will Of Hope|I will sue this game\n|\n|t:|1700800222\n|move|p1a: Its just a phase|Scald|p2a: Ferrothorn\n|-resisted|p2a: Ferrothorn\n|-damage|p2a: Ferrothorn|95\/100\n|-status|p2a: Ferrothorn|brn\n|move|p2a: Ferrothorn|Power Whip|p1a: Its just a phase\n|-damage|p1a: Its just a phase|53\/100\n|\n|-heal|p1a: Its just a phase|59\/100|[from] item: Leftovers\n|-heal|p2a: Ferrothorn|100\/100 brn|[from] item: Leftovers\n|-damage|p1a: Its just a phase|47\/100|[from] Leech Seed|[of] p2a: Ferrothorn\n|-damage|p2a: Ferrothorn|94\/100 brn|[from] brn\n|upkeep\n|turn|21\n|c|\u2606fywoo|lol\n|\n|t:|1700800230\n|move|p1a: Its just a phase|Recover|p1a: Its just a phase\n|-heal|p1a: Its just a phase|97\/100\n|move|p2a: Ferrothorn|Power Whip|p1a: Its just a phase\n|-crit|p1a: Its just a phase\n|-damage|p1a: Its just a phase|73\/100\n|\n|-heal|p1a: Its just a phase|79\/100|[from] item: Leftovers\n|-heal|p2a: Ferrothorn|100\/100 brn|[from] item: Leftovers\n|-damage|p1a: Its just a phase|67\/100|[from] Leech Seed|[of] p2a: Ferrothorn\n|-damage|p2a: Ferrothorn|94\/100 brn|[from] brn\n|upkeep\n|turn|22\n|\n|t:|1700800238\n|switch|p1a: Shuckle|Shuckle, F|83\/100\n|-damage|p1a: Shuckle|58\/100|[from] Stealth Rock\n|move|p2a: Ferrothorn|Power Whip|p1a: Shuckle\n|-damage|p1a: Shuckle|44\/100\n|\n|-heal|p2a: Ferrothorn|100\/100 brn|[from] item: Leftovers\n|-damage|p2a: Ferrothorn|94\/100 brn|[from] brn\n|upkeep\n|turn|23\n|\n|t:|1700800243\n|move|p1a: Shuckle|Attract|p2a: Ferrothorn\n|-start|p2a: Ferrothorn|Attract\n|-activate|p2a: Ferrothorn|move: Attract|[of] p1a: Shuckle\n|move|p2a: Ferrothorn|Leech Seed|p1a: Shuckle\n|-start|p1a: Shuckle|move: Leech Seed\n|\n|-heal|p2a: Ferrothorn|100\/100 brn|[from] item: Leftovers\n|-damage|p1a: Shuckle|32\/100|[from] Leech Seed|[of] p2a: Ferrothorn\n|-damage|p2a: Ferrothorn|94\/100 brn|[from] brn\n|upkeep\n|turn|24\n|\n|t:|1700800254\n|move|p1a: Shuckle|Knock Off|p2a: Ferrothorn\n|-damage|p2a: Ferrothorn|90\/100 brn\n|-damage|p1a: Shuckle|20\/100|[from] ability: Iron Barbs|[of] p2a: Ferrothorn\n|-enditem|p2a: Ferrothorn|Leftovers|[from] move: Knock Off|[of] p1a: Shuckle\n|-activate|p2a: Ferrothorn|move: Attract|[of] p1a: Shuckle\n|move|p2a: Ferrothorn|Leech Seed||[still]\n|-fail|p2a: Ferrothorn\n|\n|-damage|p1a: Shuckle|8\/100|[from] Leech Seed|[of] p2a: Ferrothorn\n|-heal|p2a: Ferrothorn|97\/100 brn|[silent]\n|-damage|p2a: Ferrothorn|90\/100 brn|[from] brn\n|upkeep\n|turn|25\n|\n|t:|1700800263\n|move|p1a: Shuckle|Knock Off|p2a: Ferrothorn\n|-damage|p2a: Ferrothorn|88\/100 brn\n|-damage|p1a: Shuckle|0 fnt|[from] ability: Iron Barbs|[of] p2a: Ferrothorn\n|faint|p1a: Shuckle\n|-end|p2a: Ferrothorn|Attract|[silent]\n|move|p2a: Ferrothorn|Stealth Rock||[still]\n|-fail|p2a: Ferrothorn\n|\n|-damage|p2a: Ferrothorn|82\/100 brn|[from] brn\n|upkeep\n|\n|t:|1700800268\n|switch|p1a: Latias|Latias-Mega, F|27\/100\n|-damage|p1a: Latias|15\/100|[from] Stealth Rock\n|turn|26\n|\n|t:|1700800274\n|move|p1a: Latias|Mystical Fire|p2a: Ferrothorn\n|-supereffective|p2a: Ferrothorn\n|-damage|p2a: Ferrothorn|4\/100 brn\n|-unboost|p2a: Ferrothorn|spa|1\n|move|p2a: Ferrothorn|Gyro Ball|p1a: Latias\n|-damage|p1a: Latias|0 fnt\n|faint|p1a: Latias\n|\n|-damage|p2a: Ferrothorn|0 fnt|[from] brn\n|faint|p2a: Ferrothorn\n|upkeep\n|\n|t:|1700800290\n|switch|p1a: Ting-Lu|Ting-Lu|100\/100\n|switch|p2a: Lopunny|Lopunny-Mega, F|3\/100\n|-activate|p2a: Lopunny|move: Sticky Web\n|-unboost|p2a: Lopunny|spe|1\n|-damage|p1a: Ting-Lu|94\/100|[from] Stealth Rock\n|-ability|p1a: Ting-Lu|Vessel of Ruin\n|turn|27\n|\n|t:|1700800297\n|move|p2a: Lopunny|Fake Out|p1a: Ting-Lu\n|-damage|p1a: Ting-Lu|82\/100\n|cant|p1a: Ting-Lu|flinch\n|\n|-heal|p1a: Ting-Lu|88\/100|[from] item: Leftovers\n|upkeep\n|turn|28\n|inactive|fywoo has 120 seconds left.\n|\n|t:|1700800333\n|-terastallize|p1a: Ting-Lu|Ghost\n|move|p2a: Lopunny|U-turn|p1a: Ting-Lu\n|-resisted|p1a: Ting-Lu\n|-damage|p1a: Ting-Lu|82\/100\n|\n|t:|1700800341\n|switch|p2a: Alomomola|Alomomola, M|100\/100|[from] U-turn\n|move|p1a: Ting-Lu|Spikes|p2a: Alomomola\n|-sidestart|p2: fywoo|Spikes\n|\n|-heal|p1a: Ting-Lu|88\/100|[from] item: Leftovers\n|upkeep\n|turn|29\n|\n|t:|1700800347\n|move|p2a: Alomomola|Wish|p2a: Alomomola\n|move|p1a: Ting-Lu|Stealth Rock|p2a: Alomomola\n|-sidestart|p2: fywoo|move: Stealth Rock\n|\n|-heal|p1a: Ting-Lu|94\/100|[from] item: Leftovers\n|upkeep\n|turn|30\n|\n|t:|1700800353\n|move|p2a: Alomomola|Toxic|p1a: Ting-Lu\n|-status|p1a: Ting-Lu|tox\n|move|p1a: Ting-Lu|Earthquake|p2a: Alomomola\n|-damage|p2a: Alomomola|78\/100\n|\n|-heal|p2a: Alomomola|100\/100|[from] move: Wish|[wisher] Alomomola\n|-heal|p1a: Ting-Lu|99\/100 tox|[from] item: Leftovers\n|-damage|p1a: Ting-Lu|94\/100 tox|[from] psn\n|upkeep\n|turn|31\n|\n|t:|1700800361\n|move|p2a: Alomomola|Protect|p2a: Alomomola\n|-singleturn|p2a: Alomomola|Protect\n|move|p1a: Ting-Lu|Spikes|p2a: Alomomola\n|-sidestart|p2: fywoo|Spikes\n|\n|-heal|p1a: Ting-Lu|99\/100 tox|[from] item: Leftovers\n|-damage|p1a: Ting-Lu|88\/100 tox|[from] psn\n|upkeep\n|turn|32\n|\n|t:|1700800366\n|move|p2a: Alomomola|Wish|p2a: Alomomola\n|move|p1a: Ting-Lu|Spikes|p2a: Alomomola\n|-sidestart|p2: fywoo|Spikes\n|\n|-heal|p1a: Ting-Lu|94\/100 tox|[from] item: Leftovers\n|-damage|p1a: Ting-Lu|75\/100 tox|[from] psn\n|upkeep\n|turn|33\n|\n|t:|1700800373\n|move|p2a: Alomomola|Protect|p2a: Alomomola\n|-singleturn|p2a: Alomomola|Protect\n|move|p1a: Ting-Lu|Earthquake|p2a: Alomomola\n|-activate|p2a: Alomomola|move: Protect\n|\n|-heal|p1a: Ting-Lu|82\/100 tox|[from] item: Leftovers\n|-damage|p1a: Ting-Lu|57\/100 tox|[from] psn\n|upkeep\n|turn|34\n|\n|t:|1700800381\n|switch|p1a: Its just a phase|Toxapex, M|99\/100\n|-damage|p1a: Its just a phase|88\/100|[from] Stealth Rock\n|move|p2a: Alomomola|Toxic|p1a: Its just a phase\n|-immune|p1a: Its just a phase\n|\n|-heal|p1a: Its just a phase|94\/100|[from] item: Leftovers\n|upkeep\n|turn|35\n|\n|t:|1700800391\n|move|p2a: Alomomola|Wish|p2a: Alomomola\n|move|p1a: Its just a phase|Toxic|p2a: Alomomola\n|-status|p2a: Alomomola|tox\n|\n|-heal|p1a: Its just a phase|99\/100|[from] item: Leftovers\n|-damage|p2a: Alomomola|94\/100 tox|[from] psn\n|upkeep\n|turn|36\n|\n|t:|1700800394\n|move|p2a: Alomomola|Flip Turn|p1a: Its just a phase\n|-resisted|p1a: Its just a phase\n|-damage|p1a: Its just a phase|95\/100\n|\n|t:|1700800397\n|switch|p2a: Garganacl|Garganacl, M|100\/100|[from] Flip Turn\n|-activate|p2a: Garganacl|move: Sticky Web\n|-unboost|p2a: Garganacl|spe|1\n|-damage|p2a: Garganacl|76\/100|[from] Spikes\n|-damage|p2a: Garganacl|63\/100|[from] Stealth Rock\n|move|p1a: Its just a phase|Scald|p2a: Garganacl\n|-supereffective|p2a: Garganacl\n|-damage|p2a: Garganacl|41\/100\n|\n|-heal|p2a: Garganacl|99\/100|[from] move: Wish|[wisher] Alomomola\n|-heal|p1a: Its just a phase|100\/100|[from] item: Leftovers\n|-heal|p2a: Garganacl|100\/100|[from] item: Leftovers\n|upkeep\n|turn|37\n|\n|t:|1700800409\n|move|p1a: Its just a phase|Scald|p2a: Garganacl\n|-supereffective|p2a: Garganacl\n|-damage|p2a: Garganacl|76\/100\n|move|p2a: Garganacl|Salt Cure|p1a: Its just a phase\n|-damage|p1a: Its just a phase|91\/100\n|-start|p1a: Its just a phase|Salt Cure\n|\n|-heal|p1a: Its just a phase|97\/100|[from] item: Leftovers\n|-heal|p2a: Garganacl|82\/100|[from] item: Leftovers\n|-damage|p1a: Its just a phase|72\/100|[from] Salt Cure\n|upkeep\n|turn|38\n|\n|t:|1700800416\n|switch|p1a: Ting-Lu|Ting-Lu, tera:Ghost|57\/100 tox\n|-damage|p1a: Ting-Lu|45\/100 tox|[from] Stealth Rock\n|-ability|p1a: Ting-Lu|Vessel of Ruin\n|move|p2a: Garganacl|Salt Cure|p1a: Ting-Lu\n|-damage|p1a: Ting-Lu|38\/100 tox\n|-start|p1a: Ting-Lu|Salt Cure\n|\n|-heal|p1a: Ting-Lu|44\/100 tox|[from] item: Leftovers\n|-heal|p2a: Garganacl|89\/100|[from] item: Leftovers\n|-damage|p1a: Ting-Lu|38\/100 tox|[from] psn\n|-damage|p1a: Ting-Lu|26\/100 tox|[from] Salt Cure\n|upkeep\n|turn|39\n|\n|t:|1700800425\n|move|p1a: Ting-Lu|Earthquake|p2a: Garganacl\n|-supereffective|p2a: Garganacl\n|-damage|p2a: Garganacl|39\/100\n|move|p2a: Garganacl|Recover|p2a: Garganacl\n|-heal|p2a: Garganacl|89\/100\n|\n|-heal|p1a: Ting-Lu|32\/100 tox|[from] item: Leftovers\n|-heal|p2a: Garganacl|95\/100|[from] item: Leftovers\n|-damage|p1a: Ting-Lu|19\/100 tox|[from] psn\n|-damage|p1a: Ting-Lu|7\/100 tox|[from] Salt Cure\n|upkeep\n|turn|40\n|c|\u2606Will Of Hope|u cannot kill garg\n|\n|t:|1700800431\n|move|p1a: Ting-Lu|Earthquake|p2a: Garganacl\n|-supereffective|p2a: Garganacl\n|-damage|p2a: Garganacl|39\/100\n|move|p2a: Garganacl|Recover|p2a: Garganacl\n|-heal|p2a: Garganacl|89\/100\n|\n|-heal|p1a: Ting-Lu|13\/100 tox|[from] item: Leftovers\n|-heal|p2a: Garganacl|95\/100|[from] item: Leftovers\n|-damage|p1a: Ting-Lu|0 fnt|[from] psn\n|faint|p1a: Ting-Lu\n|upkeep\n|c|\u2606Will Of Hope|shit's unkillable\n|\n|t:|1700800440\n|switch|p1a: Iron Valiant|Iron Valiant|55\/100\n|-damage|p1a: Iron Valiant|49\/100|[from] Stealth Rock\n|turn|41\n|c|\u2606fywoo|indeed\n|c|\u2606Will Of Hope|I hope for a crit\n|\n|t:|1700800457\n|-terastallize|p2a: Garganacl|Ghost\n|move|p1a: Iron Valiant|Aura Sphere|p2a: Garganacl\n|-immune|p2a: Garganacl\n|move|p2a: Garganacl|Salt Cure|p1a: Iron Valiant\n|-resisted|p1a: Iron Valiant\n|-damage|p1a: Iron Valiant|40\/100\n|-start|p1a: Iron Valiant|Salt Cure\n|\n|-heal|p2a: Garganacl|100\/100|[from] item: Leftovers\n|-damage|p1a: Iron Valiant|28\/100|[from] Salt Cure\n|upkeep\n|turn|42\n|c|\u2606Will Of Hope|yeah fuck this game\n|-message|Will Of Hope forfeited.\n|\n|win|fywoo\n|n|\u2606Will Of Hope|willofhope\n|n|\u2606fywoo|fywoo\n|l|\u2606Will Of Hope\n","uploadtime":1700800474,"views":3,"p1id":"willofhope","p2id":"fywoo","formatid":"gen9nationaldex","rating":0,"private":0,"password":""}