{"id":"gen9nationaldex-1992960362","p1":"Oxxo_ntsm","p2":"Azu_CriticalXD","format":"[Gen 9] National Dex","log":"|j|\u2606Oxxo_ntsm\n|j|\u2606Azu_CriticalXD\n|t:|1700250490\n|gametype|singles\n|player|p1|Oxxo_ntsm|hilbert-wonderlauncher|\n|player|p2|Azu_CriticalXD|ltsurge|\n|teamsize|p1|6\n|teamsize|p2|6\n|gen|9\n|tier|[Gen 9] National Dex\n|rule|HP Percentage Mod: HP is shown in percentages\n|rule|Endless Battle Clause: Forcing endless battles is banned\n|rule|OHKO Clause: OHKO moves are banned\n|rule|Evasion Clause: Evasion abilities, items, and moves are banned\n|rule|Evasion Abilities Clause: Evasion abilities are banned\n|rule|Evasion Items Clause: Evasion items are banned\n|rule|Evasion Moves Clause: Evasion moves are banned\n|rule|Species Clause: Limit one of each Pok\u00e9mon\n|rule|Sleep Clause Mod: Limit one foe put to sleep\n|clearpoke\n|poke|p1|Charizard, M|\n|poke|p1|Volcarona, F|\n|poke|p1|Victini|\n|poke|p1|Ceruledge, M|\n|poke|p1|Chandelure, F|\n|poke|p1|Flareon, M|\n|poke|p2|Chansey, F|\n|poke|p2|Ursaluna, F|\n|poke|p2|Maushold-Four|\n|poke|p2|Regigigas|\n|poke|p2|Pidgeot, F|\n|poke|p2|Porygon-Z|\n|teampreview\n|inactive|Battle timer is ON: inactive players will automatically lose when time's up. (requested by Oxxo_ntsm)\n|c|\u2606Oxxo_ntsm|Buena suerte\n|c|\u2606Azu_CriticalXD|si igual\n|\n|t:|1700250505\n|start\n|switch|p1a: Anakin|Ceruledge, M|100\/100\n|switch|p2a: PowerOfamily|Maushold-Four, shiny|100\/100\n|turn|1\n|\n|t:|1700250513\n|move|p2a: PowerOfamily|U-turn|p1a: Anakin\n|-resisted|p1a: Anakin\n|-damage|p1a: Anakin|94\/100\n|-ability|p1a: Anakin|Weak Armor|boost\n|-unboost|p1a: Anakin|def|1\n|-boost|p1a: Anakin|spe|2\n|\n|t:|1700250523\n|switch|p2a: Fancie|Ursaluna, F, shiny|100\/100|[from] U-turn\n|move|p1a: Anakin|Swords Dance|p1a: Anakin\n|-boost|p1a: Anakin|atk|2\n|\n|-status|p2a: Fancie|brn|[from] item: Flame Orb\n|upkeep\n|turn|2\n|\n|t:|1700250546\n|move|p1a: Anakin|Psycho Cut|p2a: Fancie\n|-damage|p2a: Fancie|70\/100 brn\n|move|p2a: Fancie|Shadow Claw|p1a: Anakin\n|-supereffective|p1a: Anakin\n|-damage|p1a: Anakin|0 fnt\n|faint|p1a: Anakin\n|\n|-damage|p2a: Fancie|64\/100 brn|[from] brn\n|upkeep\n|\n|t:|1700250559\n|switch|p1a: Nacho|Flareon, M|100\/100\n|turn|3\n|\n|t:|1700250578\n|move|p1a: Nacho|Protect|p1a: Nacho\n|-singleturn|p1a: Nacho|Protect\n|move|p2a: Fancie|Earthquake|p1a: Nacho\n|-activate|p1a: Nacho|move: Protect\n|\n|-damage|p2a: Fancie|58\/100 brn|[from] brn\n|upkeep\n|turn|4\n|\n|t:|1700250588\n|switch|p2a: Chachan|Chansey, F, shiny|100\/100\n|move|p1a: Nacho|Protect||[still]\n|-fail|p1a: Nacho\n|\n|upkeep\n|turn|5\n|\n|t:|1700250595\n|move|p1a: Nacho|Wish|p1a: Nacho\n|move|p2a: Chachan|Wish|p2a: Chachan\n|\n|upkeep\n|turn|6\n|\n|t:|1700250600\n|switch|p2a: Fancie|Ursaluna, F, shiny|58\/100 brn\n|move|p1a: Nacho|Flare Blitz|p2a: Fancie\n|-damage|p2a: Fancie|25\/100 brn\n|-damage|p1a: Nacho|86\/100|[from] Recoil\n|\n|-heal|p2a: Fancie|100\/100 brn|[from] move: Wish|[wisher] Chachan\n|-heal|p1a: Nacho|100\/100|[from] move: Wish|[wisher] Nacho\n|-damage|p2a: Fancie|94\/100 brn|[from] brn\n|upkeep\n|turn|7\n|inactive|Oxxo_ntsm has 270 seconds left.\n|\n|t:|1700250626\n|switch|p2a: PowerOfamily|Maushold-Four, shiny|100\/100\n|move|p1a: Nacho|Wish|p1a: Nacho\n|\n|upkeep\n|turn|8\n|\n|t:|1700250633\n|move|p2a: PowerOfamily|Population Bomb|p1a: Nacho\n|-damage|p1a: Nacho|87\/100\n|-damage|p1a: Nacho|71\/100\n|-damage|p1a: Nacho|57\/100\n|-damage|p1a: Nacho|42\/100\n|-crit|p1a: Nacho\n|-damage|p1a: Nacho|20\/100\n|-damage|p1a: Nacho|5\/100\n|-damage|p1a: Nacho|0 fnt\n|faint|p1a: Nacho\n|-hitcount|p1: Nacho|7\n|\n|upkeep\n|inactive|Oxxo_ntsm has 270 seconds left.\n|\n|t:|1700250657\n|switch|p1a: Destripachorizo|Charizard, M, shiny|100\/100\n|turn|9\n|\n|t:|1700250661\n|detailschange|p1a: Destripachorizo|Charizard-Mega-Y, M, shiny\n|-mega|p1a: Destripachorizo|Charizard|Charizardite Y\n|-weather|SunnyDay|[from] ability: Drought|[of] p1a: Destripachorizo\n|move|p2a: PowerOfamily|Population Bomb|p1a: Destripachorizo\n|-damage|p1a: Destripachorizo|84\/100\n|-damage|p1a: Destripachorizo|70\/100\n|-damage|p1a: Destripachorizo|56\/100\n|-damage|p1a: Destripachorizo|40\/100\n|-damage|p1a: Destripachorizo|23\/100\n|-damage|p1a: Destripachorizo|8\/100\n|-damage|p1a: Destripachorizo|0 fnt\n|faint|p1a: Destripachorizo\n|-hitcount|p1: Destripachorizo|7\n|\n|-weather|SunnyDay|[upkeep]\n|upkeep\n|inactive|Oxxo_ntsm has 270 seconds left.\n|c|\u2606Oxxo_ntsm|Chucha\n|\n|t:|1700250680\n|switch|p1a: Shin Chan|Chandelure, F|100\/100\n|turn|10\n|c|\u2606Azu_CriticalXD|si es raro que pokemon haya metido algo asi xd\n|\n|t:|1700250697\n|switch|p2a: Chachan|Chansey, F, shiny|100\/100\n|move|p1a: Shin Chan|Calm Mind|p1a: Shin Chan\n|-boost|p1a: Shin Chan|spa|1\n|-boost|p1a: Shin Chan|spd|1\n|\n|-weather|SunnyDay|[upkeep]\n|upkeep\n|turn|11\n|inactive|Oxxo_ntsm has 270 seconds left.\n|\n|t:|1700250707\n|move|p1a: Shin Chan|Calm Mind|p1a: Shin Chan\n|-boost|p1a: Shin Chan|spa|1\n|-boost|p1a: Shin Chan|spd|1\n|move|p2a: Chachan|Thunder Wave|p1a: Shin Chan\n|-status|p1a: Shin Chan|par\n|\n|-weather|SunnyDay|[upkeep]\n|upkeep\n|turn|12\n|\n|t:|1700250722\n|switch|p2a: Dashy|Pidgeot, F, shiny|100\/100\n|move|p1a: Shin Chan|Calm Mind|p1a: Shin Chan\n|-boost|p1a: Shin Chan|spa|1\n|-boost|p1a: Shin Chan|spd|1\n|\n|-weather|SunnyDay|[upkeep]\n|upkeep\n|turn|13\n|\n|t:|1700250731\n|detailschange|p2a: Dashy|Pidgeot-Mega, F, shiny\n|-mega|p2a: Dashy|Pidgeot|Pidgeotite\n|move|p2a: Dashy|Hurricane|p1a: Shin Chan\n|-damage|p1a: Shin Chan|65\/100 par\n|move|p1a: Shin Chan|Shadow Ball|p2a: Dashy\n|-immune|p2a: Dashy\n|\n|-weather|none\n|upkeep\n|turn|14\n|c|\u2606Oxxo_ntsm|Mierda xd\n|c|\u2606Oxxo_ntsm|Se me olvido\n|inactive|Oxxo_ntsm has 270 seconds left.\n|\n|t:|1700250756\n|switch|p2a: PowerOfamily|Maushold-Four, shiny|100\/100\n|move|p1a: Shin Chan|Hidden Power|p2a: PowerOfamily\n|-damage|p2a: PowerOfamily|17\/100\n|\n|upkeep\n|turn|15\n|c|\u2606Azu_CriticalXD|igual yo la cague tambien Xd\n|inactive|Oxxo_ntsm has 270 seconds left.\n|\n|t:|1700250766\n|move|p2a: PowerOfamily|Encore|p1a: Shin Chan\n|-start|p1a: Shin Chan|Encore\n|move|p1a: Shin Chan|Hidden Power|p2a: PowerOfamily\n|-damage|p2a: PowerOfamily|0 fnt\n|faint|p2a: PowerOfamily\n|\n|upkeep\n|\n|t:|1700250787\n|switch|p2a: Fancie|Ursaluna, F, shiny|94\/100 brn\n|turn|16\n|\n|t:|1700250795\n|-terastallize|p1a: Shin Chan|Water\n|move|p1a: Shin Chan|Hidden Power|p2a: Fancie\n|-supereffective|p2a: Fancie\n|-crit|p2a: Fancie\n|-damage|p2a: Fancie|0 fnt\n|faint|p2a: Fancie\n|\n|upkeep\n|\n|t:|1700250810\n|switch|p2a: Glitchy.exe|Porygon-Z, shiny|100\/100\n|turn|17\n|\n|t:|1700250818\n|move|p2a: Glitchy.exe|Thunderbolt|p1a: Shin Chan\n|-supereffective|p1a: Shin Chan\n|-damage|p1a: Shin Chan|23\/100 par\n|-enditem|p1a: Shin Chan|Aguav Berry|[eat]\n|-heal|p1a: Shin Chan|56\/100 par|[from] item: Aguav Berry\n|move|p1a: Shin Chan|Hidden Power|p2a: Glitchy.exe\n|-damage|p2a: Glitchy.exe|0 fnt\n|faint|p2a: Glitchy.exe\n|\n|-end|p1a: Shin Chan|Encore\n|upkeep\n|\n|t:|1700250839\n|switch|p2a: Reginder|Regigigas, shiny|100\/100\n|-start|p2a: Reginder|ability: Slow Start\n|turn|18\n|\n|t:|1700250854\n|-terastallize|p2a: Reginder|Fighting\n|move|p1a: Shin Chan|Will-O-Wisp|p2a: Reginder|[miss]\n|-miss|p1a: Shin Chan|p2a: Reginder\n|move|p2a: Reginder|Avalanche|p1a: Shin Chan\n|-resisted|p1a: Shin Chan\n|-damage|p1a: Shin Chan|46\/100 par\n|\n|upkeep\n|turn|19\n|\n|t:|1700250867\n|cant|p1a: Shin Chan|par\n|move|p2a: Reginder|Power-Up Punch|p1a: Shin Chan\n|-damage|p1a: Shin Chan|15\/100 par\n|-boost|p2a: Reginder|atk|1\n|\n|upkeep\n|turn|20\n|\n|t:|1700250876\n|move|p1a: Shin Chan|Hidden Power|p2a: Reginder\n|-damage|p2a: Reginder|28\/100\n|move|p2a: Reginder|Drain Punch|p1a: Shin Chan\n|-damage|p1a: Shin Chan|0 fnt\n|-heal|p2a: Reginder|33\/100|[from] drain|[of] p1a: Shin Chan\n|faint|p1a: Shin Chan\n|\n|-heal|p2a: Reginder|39\/100|[from] item: Leftovers\n|upkeep\n|\n|t:|1700250892\n|switch|p1a: Mothra|Volcarona, F|100\/100\n|turn|21\n|c|\u2606Azu_CriticalXD|vrga tengo que ver mas el hud\n|c|\u2606Azu_CriticalXD|olvide la tera de agua xd\n|\n|t:|1700250912\n|move|p1a: Mothra|Quiver Dance|p1a: Mothra\n|-boost|p1a: Mothra|spa|1\n|-boost|p1a: Mothra|spd|1\n|-boost|p1a: Mothra|spe|1\n|move|p2a: Reginder|Drain Punch|p1a: Mothra\n|-resisted|p1a: Mothra\n|-damage|p1a: Mothra|74\/100\n|-heal|p2a: Reginder|50\/100|[from] drain|[of] p1a: Mothra\n|-status|p2a: Reginder|brn|[from] ability: Flame Body|[of] p1a: Mothra\n|\n|-heal|p2a: Reginder|56\/100 brn|[from] item: Leftovers\n|-damage|p2a: Reginder|50\/100 brn|[from] brn\n|upkeep\n|turn|22\n|inactive|Azu_CriticalXD has 270 seconds left.\n|\n|t:|1700250941\n|-end|p2a: Reginder|Slow Start|[silent]\n|switch|p2a: Dashy|Pidgeot-Mega, F, shiny|100\/100\n|move|p1a: Mothra|Fiery Dance|p2a: Dashy\n|-damage|p2a: Dashy|12\/100\n|\n|upkeep\n|turn|23\n|inactive|Azu_CriticalXD has 270 seconds left.\n|\n|t:|1700250949\n|move|p1a: Mothra|Fiery Dance|p2a: Dashy\n|-damage|p2a: Dashy|0 fnt\n|faint|p2a: Dashy\n|\n|upkeep\n|inactive|Azu_CriticalXD has 270 seconds left.\n|\n|t:|1700250959\n|switch|p2a: Reginder|Regigigas, shiny, tera:Fighting|50\/100 brn\n|-start|p2a: Reginder|ability: Slow Start\n|turn|24\n|\n|t:|1700250965\n|move|p1a: Mothra|Fiery Dance|p2a: Reginder\n|-damage|p2a: Reginder|0 fnt\n|-boost|p1a: Mothra|spa|1\n|faint|p2a: Reginder\n|-end|p2a: Reginder|Slow Start|[silent]\n|\n|upkeep\n|\n|t:|1700250970\n|switch|p2a: Chachan|Chansey, F, shiny|100\/100\n|turn|25\n|\n|t:|1700250975\n|move|p1a: Mothra|Fiery Dance|p2a: Chachan\n|-damage|p2a: Chachan|72\/100\n|move|p2a: Chachan|Thunder Wave|p1a: Mothra\n|-status|p1a: Mothra|par\n|\n|upkeep\n|turn|26\n|\n|t:|1700250984\n|switch|p1a: Vic|Victini|100\/100\n|move|p2a: Chachan|Seismic Toss|p1a: Vic\n|-damage|p1a: Vic|75\/100\n|\n|upkeep\n|turn|27\n|\n|t:|1700250996\n|move|p1a: Vic|V-create|p2a: Chachan\n|-damage|p2a: Chachan|15\/100\n|-unboost|p1a: Vic|spe|1\n|-unboost|p1a: Vic|def|1\n|-unboost|p1a: Vic|spd|1\n|move|p2a: Chachan|Thunder Wave|p1a: Vic\n|-status|p1a: Vic|par\n|\n|upkeep\n|turn|28\n|\n|t:|1700251006\n|move|p2a: Chachan|Seismic Toss|p1a: Vic\n|-damage|p1a: Vic|49\/100 par\n|move|p1a: Vic|V-create|p2a: Chachan\n|-damage|p2a: Chachan|0 fnt\n|-unboost|p1a: Vic|spe|1\n|-unboost|p1a: Vic|def|1\n|-unboost|p1a: Vic|spd|1\n|faint|p2a: Chachan\n|\n|win|Oxxo_ntsm\n|c|\u2606Oxxo_ntsm|gg\n|c|\u2606Azu_CriticalXD|xd gg\n|l|\u2606Azu_CriticalXD\n","uploadtime":1700251018,"views":8,"p1id":"oxxontsm","p2id":"azucriticalxd","formatid":"gen9nationaldex","rating":0,"private":0,"password":""}