{"id":"gen9nationaldex-1994769764","p1":"Tpd le Spew","p2":"as cheu","format":"[Gen 9] National Dex","log":"|html|<div class=\"broadcast-blue\"><strong>[Gen 9] National Dex is currently suspecting Sneasler! For information on how to participate check out the <a href=\"https:\/\/www.smogon.com\/forums\/threads\/sv-national-dex-suspect-8-just-dance.3731534\/\">suspect thread<\/a>.<\/strong><\/div>\n|j|\u2606Tpd le Spew\n|j|\u2606as cheu\n|t:|1700491009\n|gametype|singles\n|player|p1|Tpd le Spew|drayden|1785\n|player|p2|as cheu|officeworker|1875\n|teamsize|p1|6\n|teamsize|p2|6\n|gen|9\n|tier|[Gen 9] National Dex\n|rated|\n|rule|HP Percentage Mod: HP is shown in percentages\n|rule|Endless Battle Clause: Forcing endless battles is banned\n|rule|OHKO Clause: OHKO moves are banned\n|rule|Evasion Clause: Evasion abilities, items, and moves are banned\n|rule|Evasion Abilities Clause: Evasion abilities are banned\n|rule|Evasion Items Clause: Evasion items are banned\n|rule|Evasion Moves Clause: Evasion moves are banned\n|rule|Species Clause: Limit one of each Pok\u00e9mon\n|rule|Sleep Clause Mod: Limit one foe put to sleep\n|clearpoke\n|poke|p1|Raikou|\n|poke|p1|Suicune|\n|poke|p1|Entei|\n|poke|p1|Tyranitar, F|\n|poke|p1|Celebi|\n|poke|p1|Skarmory, M|\n|poke|p2|Cloyster, M|\n|poke|p2|Umbreon, F|\n|poke|p2|Gardevoir, F|\n|poke|p2|Forretress, M|\n|poke|p2|Thundurus-Therian, M|\n|poke|p2|Sneasler, M|\n|teampreview\n|c|\u2606Tpd le Spew|Glhf\n|inactive|Battle timer is ON: inactive players will automatically lose when time's up. (requested by as cheu)\n|l|\u2606Tpd le Spew\n|inactive|Tpd le Spew disconnected and has a minute to reconnect!\n|player|p1|\n|inactive|Tpd le Spew has 30 seconds to reconnect!\n|j|\u2606Tpd le Spew\n|inactive|Tpd le Spew reconnected and has 110 seconds left.\n|player|p1|Tpd le Spew|drayden\n|\n|t:|1700491081\n|start\n|switch|p1a: Simba|Entei, shiny|100\/100\n|switch|p2a: Sneasler|Sneasler, M|100\/100\n|-ability|p1a: Simba|Pressure\n|turn|1\n|\n|t:|1700491091\n|move|p2a: Sneasler|U-turn|p1a: Simba\n|-resisted|p1a: Simba\n|-crit|p1a: Simba\n|-damage|p1a: Simba|84\/100\n|\n|t:|1700491096\n|switch|p2a: \u56e1\u56e1|Umbreon, F|100\/100|[from] U-turn\n|move|p1a: Simba|Sacred Fire|p2a: \u56e1\u56e1\n|-damage|p2a: \u56e1\u56e1|78\/100\n|-status|p2a: \u56e1\u56e1|brn\n|-activate|p2a: \u56e1\u56e1|ability: Synchronize\n|-immune|p1a: Simba\n|\n|-heal|p1a: Simba|91\/100|[from] item: Leftovers\n|-heal|p2a: \u56e1\u56e1|84\/100 brn|[from] item: Leftovers\n|-damage|p2a: \u56e1\u56e1|78\/100 brn|[from] brn\n|upkeep\n|turn|2\n|\n|t:|1700491108\n|move|p1a: Simba|Curse|p1a: Simba\n|-unboost|p1a: Simba|spe|1\n|-boost|p1a: Simba|atk|1\n|-boost|p1a: Simba|def|1\n|move|p2a: \u56e1\u56e1|Heal Bell|p2a: \u56e1\u56e1\n|-activate|p2a: \u56e1\u56e1|move: Heal Bell\n|-curestatus|p2a: \u56e1\u56e1|brn|[msg]\n|\n|-heal|p2a: \u56e1\u56e1|84\/100|[from] item: Leftovers\n|-heal|p1a: Simba|97\/100|[from] item: Leftovers\n|upkeep\n|turn|3\n|\n|t:|1700491115\n|move|p2a: \u56e1\u56e1|Foul Play|p1a: Simba\n|-damage|p1a: Simba|63\/100\n|move|p1a: Simba|Curse|p1a: Simba\n|-unboost|p1a: Simba|spe|1\n|-boost|p1a: Simba|atk|1\n|-boost|p1a: Simba|def|1\n|\n|-heal|p2a: \u56e1\u56e1|90\/100|[from] item: Leftovers\n|-heal|p1a: Simba|69\/100|[from] item: Leftovers\n|upkeep\n|turn|4\n|\n|t:|1700491120\n|move|p2a: \u56e1\u56e1|Foul Play|p1a: Simba\n|-damage|p1a: Simba|34\/100\n|move|p1a: Simba|Curse|p1a: Simba\n|-unboost|p1a: Simba|spe|1\n|-boost|p1a: Simba|atk|1\n|-boost|p1a: Simba|def|1\n|\n|-heal|p2a: \u56e1\u56e1|96\/100|[from] item: Leftovers\n|-heal|p1a: Simba|41\/100|[from] item: Leftovers\n|upkeep\n|turn|5\n|\n|t:|1700491126\n|move|p2a: \u56e1\u56e1|Foul Play|p1a: Simba\n|-damage|p1a: Simba|6\/100\n|move|p1a: Simba|Rest|p1a: Simba\n|-status|p1a: Simba|slp|[from] move: Rest\n|-heal|p1a: Simba|100\/100 slp|[silent]\n|\n|-heal|p2a: \u56e1\u56e1|100\/100|[from] item: Leftovers\n|upkeep\n|turn|6\n|\n|t:|1700491131\n|move|p2a: \u56e1\u56e1|Foul Play|p1a: Simba\n|-damage|p1a: Simba|67\/100 slp\n|cant|p1a: Simba|slp\n|\n|-heal|p1a: Simba|74\/100 slp|[from] item: Leftovers\n|upkeep\n|turn|7\n|\n|t:|1700491135\n|move|p2a: \u56e1\u56e1|Foul Play|p1a: Simba\n|-damage|p1a: Simba|42\/100 slp\n|cant|p1a: Simba|slp\n|\n|-heal|p1a: Simba|49\/100 slp|[from] item: Leftovers\n|upkeep\n|turn|8\n|\n|t:|1700491138\n|move|p2a: \u56e1\u56e1|Foul Play|p1a: Simba\n|-damage|p1a: Simba|15\/100 slp\n|-curestatus|p1a: Simba|slp|[msg]\n|move|p1a: Simba|Rest|p1a: Simba\n|-status|p1a: Simba|slp|[from] move: Rest\n|-heal|p1a: Simba|100\/100 slp|[silent]\n|\n|upkeep\n|turn|9\n|\n|t:|1700491142\n|move|p2a: \u56e1\u56e1|Foul Play|p1a: Simba\n|-damage|p1a: Simba|67\/100 slp\n|cant|p1a: Simba|slp\n|\n|-heal|p1a: Simba|73\/100 slp|[from] item: Leftovers\n|upkeep\n|turn|10\n|\n|t:|1700491146\n|switch|p2a: Sneasler|Sneasler, M|100\/100\n|cant|p1a: Simba|slp\n|\n|-heal|p1a: Simba|79\/100 slp|[from] item: Leftovers\n|upkeep\n|turn|11\n|\n|t:|1700491158\n|-curestatus|p1a: Simba|slp|[msg]\n|move|p1a: Simba|Extreme Speed|p2a: Sneasler\n|-damage|p2a: Sneasler|9\/100\n|move|p2a: Sneasler|Switcheroo|p1a: Simba\n|-activate|p2a: Sneasler|move: Trick|[of] p1a: Simba\n|-item|p1a: Simba|Choice Scarf|[from] move: Switcheroo\n|-item|p2a: Sneasler|Leftovers|[from] move: Switcheroo\n|\n|-heal|p2a: Sneasler|15\/100|[from] item: Leftovers\n|upkeep\n|turn|12\n|\n|t:|1700491174\n|switch|p2a: Forretress|Forretress, M|100\/100\n|move|p1a: Simba|Sacred Fire|p2a: Forretress\n|-supereffective|p2a: Forretress\n|-ability|p2a: Forretress|Sturdy\n|-damage|p2a: Forretress|1\/100\n|\n|upkeep\n|turn|13\n|\n|t:|1700491185\n|move|p1a: Simba|Sacred Fire|p2a: Forretress\n|-supereffective|p2a: Forretress\n|-damage|p2a: Forretress|0 fnt\n|faint|p2a: Forretress\n|\n|upkeep\n|\n|t:|1700491194\n|switch|p2a: \u56e1\u56e1|Umbreon, F|100\/100\n|turn|14\n|\n|t:|1700491197\n|move|p2a: \u56e1\u56e1|Foul Play|p1a: Simba\n|-damage|p1a: Simba|46\/100\n|move|p1a: Simba|Sacred Fire|p2a: \u56e1\u56e1\n|-damage|p2a: \u56e1\u56e1|40\/100\n|-status|p2a: \u56e1\u56e1|brn\n|-activate|p2a: \u56e1\u56e1|ability: Synchronize\n|-immune|p1a: Simba\n|\n|-heal|p2a: \u56e1\u56e1|46\/100 brn|[from] item: Leftovers\n|-damage|p2a: \u56e1\u56e1|40\/100 brn|[from] brn\n|upkeep\n|turn|15\n|\n|t:|1700491202\n|move|p2a: \u56e1\u56e1|Foul Play|p1a: Simba\n|-damage|p1a: Simba|30\/100\n|move|p1a: Simba|Sacred Fire|p2a: \u56e1\u56e1\n|-damage|p2a: \u56e1\u56e1|0 fnt\n|faint|p2a: \u56e1\u56e1\n|\n|upkeep\n|\n|t:|1700491208\n|switch|p2a: Thundurus|Thundurus-Therian, M|100\/100\n|turn|16\n|\n|t:|1700491213\n|move|p2a: Thundurus|Thunderbolt|p1a: Simba\n|-damage|p1a: Simba|0 fnt\n|faint|p1a: Simba\n|\n|upkeep\n|\n|t:|1700491232\n|switch|p1a: Rock|Tyranitar, F, shiny|100\/100\n|-weather|Sandstorm|[from] ability: Sand Stream|[of] p1a: Rock\n|turn|17\n|\n|t:|1700491258\n|-terastallize|p2a: Thundurus|Water\n|move|p2a: Thundurus|Focus Blast|p1a: Rock|[miss]\n|-miss|p2a: Thundurus|p1a: Rock\n|move|p1a: Rock|Stealth Rock|p2a: Thundurus\n|-sidestart|p2: as cheu|move: Stealth Rock\n|\n|-weather|Sandstorm|[upkeep]\n|-damage|p2a: Thundurus|94\/100|[from] Sandstorm\n|upkeep\n|turn|18\n|\n|t:|1700491265\n|switch|p1a: Paper|Celebi|100\/100\n|move|p2a: Thundurus|Nasty Plot|p2a: Thundurus\n|-boost|p2a: Thundurus|spa|2\n|\n|-weather|Sandstorm|[upkeep]\n|-damage|p2a: Thundurus|88\/100|[from] Sandstorm\n|-damage|p1a: Paper|94\/100|[from] Sandstorm\n|-heal|p1a: Paper|100\/100|[from] item: Leftovers\n|upkeep\n|turn|19\n|\n|t:|1700491269\n|move|p2a: Thundurus|Hidden Power|p1a: Paper\n|-supereffective|p1a: Paper\n|-damage|p1a: Paper|25\/100\n|move|p1a: Paper|Giga Drain|p2a: Thundurus\n|-supereffective|p2a: Thundurus\n|-damage|p2a: Thundurus|22\/100\n|-heal|p1a: Paper|50\/100|[from] drain|[of] p2a: Thundurus\n|\n|-weather|Sandstorm|[upkeep]\n|-damage|p2a: Thundurus|16\/100|[from] Sandstorm\n|-damage|p1a: Paper|44\/100|[from] Sandstorm\n|-heal|p1a: Paper|50\/100|[from] item: Leftovers\n|upkeep\n|turn|20\n|inactive|Tpd le Spew has 120 seconds left.\n|j| cangyue\n|\n|t:|1700491312\n|-terastallize|p1a: Paper|Fairy\n|move|p2a: Thundurus|Thunderbolt|p1a: Paper\n|-damage|p1a: Paper|0 fnt\n|faint|p1a: Paper\n|\n|-weather|Sandstorm|[upkeep]\n|-damage|p2a: Thundurus|10\/100|[from] Sandstorm\n|upkeep\n|\n|t:|1700491326\n|switch|p1a: Kubo|Raikou, shiny|100\/100\n|-ability|p1a: Kubo|Pressure\n|turn|21\n|\n|t:|1700491335\n|move|p1a: Kubo|Calm Mind|p1a: Kubo\n|-boost|p1a: Kubo|spa|1\n|-boost|p1a: Kubo|spd|1\n|move|p2a: Thundurus|Focus Blast|p1a: Kubo|[miss]\n|-miss|p2a: Thundurus|p1a: Kubo\n|\n|-weather|none\n|upkeep\n|turn|22\n|-message|as cheu forfeited.\n|\n|win|Tpd le Spew\n|raw|Tpd le Spew's rating: 1785 &rarr; <strong>1810<\/strong><br \/>(+25 for winning)\n|raw|as cheu's rating: 1875 &rarr; <strong>1850<\/strong><br \/>(-25 for losing)\n|l|\u2606as cheu\n","uploadtime":1700491370,"views":1,"p1id":"tpdlespew","p2id":"ascheu","formatid":"gen9nationaldex","rating":1810,"private":0,"password":""}