{"id":"gen9nationaldex-1997757856","p1":"xCookieBallx","p2":"Gamer00ooO","format":"[Gen 9] National Dex","log":"|html|<div class=\"broadcast-blue\"><strong>[Gen 9] National Dex is currently suspecting Sneasler! For information on how to participate check out the <a href=\"https:\/\/www.smogon.com\/forums\/threads\/sv-national-dex-suspect-8-just-dance.3731534\/\">suspect thread<\/a>.<\/strong><\/div>\n|j|\u2606xCookieBallx\n|j|\u2606Gamer00ooO\n|t:|1700849489\n|gametype|singles\n|player|p1|xCookieBallx|melony|\n|player|p2|Gamer00ooO|hilbert|\n|teamsize|p1|6\n|teamsize|p2|6\n|gen|9\n|tier|[Gen 9] National Dex\n|rule|HP Percentage Mod: HP is shown in percentages\n|rule|Endless Battle Clause: Forcing endless battles is banned\n|rule|OHKO Clause: OHKO moves are banned\n|rule|Evasion Clause: Evasion abilities, items, and moves are banned\n|rule|Evasion Abilities Clause: Evasion abilities are banned\n|rule|Evasion Items Clause: Evasion items are banned\n|rule|Evasion Moves Clause: Evasion moves are banned\n|rule|Species Clause: Limit one of each Pok\u00e9mon\n|rule|Sleep Clause Mod: Limit one foe put to sleep\n|clearpoke\n|poke|p1|Blacephalon|\n|poke|p1|Klefki, M|\n|poke|p1|Barbaracle, M|\n|poke|p1|Electrode-Hisui|\n|poke|p1|Cetitan, M|\n|poke|p1|Slowking-Galar, M|\n|poke|p2|Iron Valiant|\n|poke|p2|Weezing-Galar, F|\n|poke|p2|Diancie|\n|poke|p2|Gliscor, M|\n|poke|p2|Gardevoir, F|\n|poke|p2|Klefki, F|\n|teampreview\n|\n|t:|1700849510\n|start\n|switch|p1a: Acopio|Electrode-Hisui|100\/100\n|switch|p2a: Llaveros|Klefki, F|100\/100\n|turn|1\n|\n|t:|1700849520\n|move|p2a: Llaveros|Light Screen|p2a: Llaveros\n|-sidestart|p2: Gamer00ooO|move: Light Screen\n|move|p1a: Acopio|Volt Switch|p2a: Llaveros\n|-damage|p2a: Llaveros|82\/100\n|\n|t:|1700849521\n|switch|p1a: Ki-Ki|Klefki, M|100\/100|[from] Volt Switch\n|\n|upkeep\n|turn|2\n|\n|t:|1700849530\n|switch|p2a: Scorp corp|Gliscor, M|100\/100\n|move|p1a: Ki-Ki|Light Screen|p1a: Ki-Ki\n|-sidestart|p1: xCookieBallx|move: Light Screen\n|\n|-status|p2a: Scorp corp|tox|[from] item: Toxic Orb\n|upkeep\n|turn|3\n|\n|t:|1700849537\n|move|p1a: Ki-Ki|Reflect|p1a: Ki-Ki\n|-sidestart|p1: xCookieBallx|Reflect\n|move|p2a: Scorp corp|Swords Dance|p2a: Scorp corp\n|-boost|p2a: Scorp corp|atk|2\n|\n|upkeep\n|turn|4\n|\n|t:|1700849542\n|move|p2a: Scorp corp|Earthquake|p1a: Ki-Ki\n|-supereffective|p1a: Ki-Ki\n|-damage|p1a: Ki-Ki|9\/100\n|move|p1a: Ki-Ki|Steel Beam|p2a: Scorp corp\n|-damage|p2a: Scorp corp|75\/100 tox\n|-damage|p1a: Ki-Ki|0 fnt|[from] steelbeam\n|faint|p1a: Ki-Ki\n|\n|-heal|p2a: Scorp corp|87\/100 tox|[from] ability: Poison Heal\n|upkeep\n|\n|t:|1700849549\n|switch|p1a: Hydrhand|Barbaracle, M|100\/100\n|turn|5\n|\n|t:|1700849620\n|switch|p2a: Eco Eco|Gardevoir, F|100\/100\n|-ability|p2a: Eco Eco|Tough Claws|[from] ability: Trace|[of] p1a: Hydrhand\n|move|p1a: Hydrhand|Shell Smash|p1a: Hydrhand\n|-unboost|p1a: Hydrhand|def|1\n|-unboost|p1a: Hydrhand|spd|1\n|-boost|p1a: Hydrhand|atk|2\n|-boost|p1a: Hydrhand|spa|2\n|-boost|p1a: Hydrhand|spe|2\n|-enditem|p1a: Hydrhand|White Herb\n|-clearnegativeboost|p1a: Hydrhand|[silent]\n|\n|upkeep\n|turn|6\n|\n|t:|1700849632\n|detailschange|p2a: Eco Eco|Gardevoir-Mega, F\n|-mega|p2a: Eco Eco|Gardevoir|Gardevoirite\n|move|p1a: Hydrhand|Poison Jab|p2a: Eco Eco\n|-supereffective|p2a: Eco Eco\n|-crit|p2a: Eco Eco\n|-damage|p2a: Eco Eco|0 fnt\n|faint|p2a: Eco Eco\n|\n|upkeep\n|\n|t:|1700849649\n|switch|p2a: Steven|Diancie|100\/100\n|turn|7\n|\n|t:|1700849682\n|-terastallize|p2a: Steven|Electric\n|move|p1a: Hydrhand|Liquidation|p2a: Steven\n|-damage|p2a: Steven|30\/100\n|move|p2a: Steven|Body Press|p1a: Hydrhand\n|-supereffective|p1a: Hydrhand\n|-damage|p1a: Hydrhand|68\/100\n|\n|-heal|p2a: Steven|36\/100|[from] item: Leftovers\n|upkeep\n|turn|8\n|\n|t:|1700849692\n|move|p1a: Hydrhand|Liquidation|p2a: Steven\n|-damage|p2a: Steven|0 fnt\n|faint|p2a: Steven\n|\n|-sideend|p2: Gamer00ooO|move: Light Screen\n|upkeep\n|\n|t:|1700849701\n|switch|p2a: Llaveros|Klefki, F|82\/100\n|turn|9\n|\n|t:|1700849703\n|move|p2a: Llaveros|Reflect|p2a: Llaveros\n|-sidestart|p2: Gamer00ooO|Reflect\n|move|p1a: Hydrhand|Liquidation|p2a: Llaveros\n|-damage|p2a: Llaveros|36\/100\n|\n|-sideend|p1: xCookieBallx|move: Light Screen\n|upkeep\n|turn|10\n|\n|t:|1700849738\n|move|p2a: Llaveros|Light Screen|p2a: Llaveros\n|-sidestart|p2: Gamer00ooO|move: Light Screen\n|move|p1a: Hydrhand|Liquidation|p2a: Llaveros\n|-damage|p2a: Llaveros|0 fnt\n|faint|p2a: Llaveros\n|\n|-sideend|p1: xCookieBallx|Reflect\n|upkeep\n|\n|t:|1700849770\n|switch|p2a: Patriota de hierro|Iron Valiant|100\/100\n|turn|11\n|\n|t:|1700849773\n|move|p1a: Hydrhand|Poison Jab|p2a: Patriota de hierro\n|-supereffective|p2a: Patriota de hierro\n|-damage|p2a: Patriota de hierro|23\/100\n|move|p2a: Patriota de hierro|Thunderbolt|p1a: Hydrhand\n|-supereffective|p1a: Hydrhand\n|-damage|p1a: Hydrhand|0 fnt\n|faint|p1a: Hydrhand\n|\n|upkeep\n|\n|t:|1700849777\n|switch|p1a: Acopio|Electrode-Hisui|100\/100\n|turn|12\n|\n|t:|1700849783\n|-end|p2a: Patriota de hierro|Quark Drive|[silent]\n|switch|p2a: Scorp corp|Gliscor, M|87\/100 tox\n|move|p1a: Acopio|Chloroblast|p2a: Scorp corp\n|-damage|p2a: Scorp corp|44\/100 tox\n|-damage|p1a: Acopio|50\/100|[from] Recoil\n|\n|-heal|p2a: Scorp corp|57\/100 tox|[from] ability: Poison Heal\n|upkeep\n|turn|13\n|\n|t:|1700849799\n|move|p1a: Acopio|Chloroblast|p2a: Scorp corp\n|-damage|p2a: Scorp corp|15\/100 tox\n|-damage|p1a: Acopio|0 fnt|[from] Recoil\n|faint|p1a: Acopio\n|move|p2a: Scorp corp|Swords Dance|p2a: Scorp corp\n|-boost|p2a: Scorp corp|atk|2\n|\n|-heal|p2a: Scorp corp|27\/100 tox|[from] ability: Poison Heal\n|upkeep\n|\n|t:|1700849808\n|switch|p1a: Purple|Blacephalon|100\/100\n|turn|14\n|\n|t:|1700849813\n|move|p1a: Purple|Mind Blown|p2a: Scorp corp\n|-damage|p2a: Scorp corp|0 fnt\n|-damage|p1a: Purple|50\/100|[from] mindblown\n|faint|p2a: Scorp corp\n|-ability|p1a: Purple|Beast Boost|boost\n|-boost|p1a: Purple|spa|1\n|\n|upkeep\n|\n|t:|1700849819\n|switch|p2a: Patriota de hierro|Iron Valiant|23\/100\n|turn|15\n|\n|t:|1700849825\n|move|p1a: Purple|Mind Blown|p2a: Patriota de hierro\n|-damage|p2a: Patriota de hierro|0 fnt\n|-damage|p1a: Purple|0 fnt|[from] mindblown\n|faint|p1a: Purple\n|faint|p2a: Patriota de hierro\n|-end|p2a: Patriota de hierro|Quark Drive|[silent]\n|\n|upkeep\n|\n|t:|1700849829\n|switch|p2a: Sr de carb\u00f3n|Weezing-Galar, F|100\/100\n|switch|p1a: Zero|Slowking-Galar, M|100\/100\n|-fieldstart|move: Misty Terrain|[from] ability: Misty Surge|[of] p2a: Sr de carb\u00f3n\n|turn|16\n|\n|t:|1700849835\n|move|p2a: Sr de carb\u00f3n|Flamethrower|p1a: Zero\n|-damage|p1a: Zero|87\/100\n|move|p1a: Zero|Psyshock|p2a: Sr de carb\u00f3n\n|-supereffective|p2a: Sr de carb\u00f3n\n|-damage|p2a: Sr de carb\u00f3n|72\/100\n|\n|-sideend|p2: Gamer00ooO|Reflect\n|upkeep\n|turn|17\n|\n|t:|1700849839\n|move|p2a: Sr de carb\u00f3n|Flamethrower|p1a: Zero\n|-damage|p1a: Zero|74\/100\n|move|p1a: Zero|Psyshock|p2a: Sr de carb\u00f3n\n|-supereffective|p2a: Sr de carb\u00f3n\n|-damage|p2a: Sr de carb\u00f3n|46\/100\n|\n|-sideend|p2: Gamer00ooO|move: Light Screen\n|upkeep\n|turn|18\n|\n|t:|1700849845\n|move|p2a: Sr de carb\u00f3n|Flamethrower|p1a: Zero\n|-damage|p1a: Zero|61\/100\n|move|p1a: Zero|Psyshock|p2a: Sr de carb\u00f3n\n|-supereffective|p2a: Sr de carb\u00f3n\n|-damage|p2a: Sr de carb\u00f3n|0 fnt\n|faint|p2a: Sr de carb\u00f3n\n|\n|win|xCookieBallx\n|c|\u2606xCookieBallx|gg\n|c|\u2606Gamer00ooO|Gg\n","uploadtime":1700849862,"views":1,"p1id":"xcookieballx","p2id":"gamer00ooo","formatid":"gen9nationaldex","rating":0,"private":0,"password":""}