{"id":"gen9nationaldex-1998215528","p1":"ghostkinggengar","p2":"Ay Cheu","format":"[Gen 9] National Dex","log":"|html|<div class=\"broadcast-blue\"><strong>[Gen 9] National Dex is currently suspecting Sneasler! For information on how to participate check out the <a href=\"https:\/\/www.smogon.com\/forums\/threads\/sv-national-dex-suspect-8-just-dance.3731534\/\">suspect thread<\/a>.<\/strong><\/div>\n|j|\u2606ghostkinggengar\n|j|\u2606Ay Cheu\n|t:|1700914166\n|gametype|singles\n|player|p1|ghostkinggengar|swimmerf|1725\n|player|p2|Ay Cheu|officeworker|1678\n|teamsize|p1|6\n|teamsize|p2|6\n|gen|9\n|tier|[Gen 9] National Dex\n|rated|\n|rule|HP Percentage Mod: HP is shown in percentages\n|rule|Endless Battle Clause: Forcing endless battles is banned\n|rule|OHKO Clause: OHKO moves are banned\n|rule|Evasion Clause: Evasion abilities, items, and moves are banned\n|rule|Evasion Abilities Clause: Evasion abilities are banned\n|rule|Evasion Items Clause: Evasion items are banned\n|rule|Evasion Moves Clause: Evasion moves are banned\n|rule|Species Clause: Limit one of each Pok\u00e9mon\n|rule|Sleep Clause Mod: Limit one foe put to sleep\n|clearpoke\n|poke|p1|Slowbro, M|\n|poke|p1|Ursaluna, M|\n|poke|p1|Blacephalon|\n|poke|p1|Garchomp, M|\n|poke|p1|Goodra-Hisui, M|\n|poke|p1|Moltres|\n|poke|p2|Arcanine-Hisui, M|\n|poke|p2|Snorlax, M|\n|poke|p2|Corviknight, M|\n|poke|p2|Corsola-Galar, F|\n|poke|p2|Greninja-*, M|\n|poke|p2|Nidoking, M|\n|teampreview\n|inactive|Battle timer is ON: inactive players will automatically lose when time's up. (requested by Ay Cheu)\n|\n|t:|1700914179\n|start\n|switch|p1a: Slowbro|Slowbro, M|100\/100\n|switch|p2a: Greninja|Greninja, M|100\/100\n|turn|1\n|\n|t:|1700914187\n|switch|p1a: Goodra|Goodra-Hisui, M|100\/100\n|move|p2a: Greninja|Dark Pulse|p1a: Goodra\n|-start|p2a: Greninja|typechange|Dark|[from] ability: Protean\n|-damage|p1a: Goodra|81\/100\n|\n|-heal|p1a: Goodra|87\/100|[from] item: Leftovers\n|upkeep\n|turn|2\n|\n|t:|1700914202\n|switch|p2a: \u963f\u80a5|Snorlax, M|100\/100\n|move|p1a: Goodra|Knock Off|p2a: \u963f\u80a5\n|-damage|p2a: \u963f\u80a5|87\/100\n|-enditem|p2a: \u963f\u80a5|Chesto Berry|[from] move: Knock Off|[of] p1a: Goodra\n|\n|-heal|p1a: Goodra|93\/100|[from] item: Leftovers\n|upkeep\n|turn|3\n|\n|t:|1700914225\n|switch|p1a: Slowbro|Slowbro, M|100\/100\n|move|p2a: \u963f\u80a5|Body Slam|p1a: Slowbro\n|-damage|p1a: Slowbro|81\/100\n|-damage|p2a: \u963f\u80a5|70\/100|[from] item: Rocky Helmet|[of] p1a: Slowbro\n|\n|upkeep\n|turn|4\n|\n|t:|1700914233\n|move|p2a: \u963f\u80a5|Body Slam|p1a: Slowbro\n|-damage|p1a: Slowbro|61\/100\n|-damage|p2a: \u963f\u80a5|54\/100|[from] item: Rocky Helmet|[of] p1a: Slowbro\n|move|p1a: Slowbro|Teleport|p1a: Slowbro\n|\n|t:|1700914238\n|switch|p1a: Ursaluna|Ursaluna, M|100\/100|[from] Teleport\n|\n|-status|p1a: Ursaluna|brn|[from] item: Flame Orb\n|upkeep\n|turn|5\n|\n|t:|1700914245\n|switch|p2a: Corsola|Corsola-Galar, F|100\/100\n|-terastallize|p1a: Ursaluna|Normal\n|move|p1a: Ursaluna|Facade|p2a: Corsola\n|-immune|p2a: Corsola\n|\n|-damage|p1a: Ursaluna|94\/100 brn|[from] brn\n|upkeep\n|turn|6\n|\n|t:|1700914252\n|move|p1a: Ursaluna|Headlong Rush|p2a: Corsola\n|-damage|p2a: Corsola|46\/100\n|-unboost|p1a: Ursaluna|def|1\n|-unboost|p1a: Ursaluna|spd|1\n|move|p2a: Corsola|Stealth Rock|p1a: Ursaluna\n|-sidestart|p1: ghostkinggengar|move: Stealth Rock\n|\n|-damage|p1a: Ursaluna|88\/100 brn|[from] brn\n|upkeep\n|turn|7\n|\n|t:|1700914263\n|switch|p2a: Corviknight|Corviknight, M, shiny|100\/100\n|-ability|p2a: Corviknight|Pressure\n|move|p1a: Ursaluna|Headlong Rush|p2a: Corviknight\n|-immune|p2a: Corviknight\n|\n|-damage|p1a: Ursaluna|82\/100 brn|[from] brn\n|upkeep\n|turn|8\n|\n|t:|1700914269\n|switch|p1a: Moltres|Moltres|100\/100\n|move|p2a: Corviknight|Bulk Up|p2a: Corviknight\n|-boost|p2a: Corviknight|atk|1\n|-boost|p2a: Corviknight|def|1\n|\n|upkeep\n|turn|9\n|\n|t:|1700914276\n|switch|p2a: \u7070\u7070|Arcanine-Hisui, M|100\/100\n|move|p1a: Moltres|Defog|p2a: \u7070\u7070\n|-unboost|p2a: \u7070\u7070|evasion|1\n|-sideend|p1: ghostkinggengar|Stealth Rock|[from] move: Defog|[of] p1a: Moltres\n|\n|upkeep\n|turn|10\n|\n|t:|1700914281\n|switch|p1a: Slowbro|Slowbro, M|95\/100\n|-terastallize|p2a: \u7070\u7070|Rock\n|move|p2a: \u7070\u7070|Head Smash|p1a: Slowbro\n|-damage|p1a: Slowbro|10\/100\n|-damage|p2a: \u7070\u7070|84\/100|[from] item: Rocky Helmet|[of] p1a: Slowbro\n|\n|upkeep\n|turn|11\n|inactive|ghostkinggengar has 120 seconds left.\n|\n|t:|1700914319\n|switch|p1a: Garchomp|Garchomp, M|100\/100\n|move|p2a: \u7070\u7070|Head Smash|p1a: Garchomp\n|-resisted|p1a: Garchomp\n|-damage|p1a: Garchomp|31\/100\n|-damage|p2a: \u7070\u7070|71\/100|[from] ability: Rough Skin|[of] p1a: Garchomp\n|\n|upkeep\n|turn|12\n|inactive|ghostkinggengar has 120 seconds left.\n|\n|t:|1700914327\n|switch|p2a: Corsola|Corsola-Galar, F|46\/100\n|move|p1a: Garchomp|Stealth Rock|p2a: Corsola\n|-sidestart|p2: Ay Cheu|move: Stealth Rock\n|\n|upkeep\n|turn|13\n|\n|t:|1700914333\n|-zpower|p1a: Garchomp\n|move|p1a: Garchomp|Devastating Drake|p2a: Corsola|[zeffect]\n|-damage|p2a: Corsola|0 fnt\n|faint|p2a: Corsola\n|\n|upkeep\n|\n|t:|1700914341\n|switch|p2a: Greninja|Greninja, M|100\/100\n|-damage|p2a: Greninja|88\/100|[from] Stealth Rock\n|turn|14\n|\n|t:|1700914350\n|switch|p2a: Nidoking|Nidoking, M|100\/100\n|-damage|p2a: Nidoking|95\/100|[from] Stealth Rock\n|switch|p1a: Goodra|Goodra-Hisui, M|93\/100\n|\n|-heal|p1a: Goodra|99\/100|[from] item: Leftovers\n|upkeep\n|turn|15\n|inactive|ghostkinggengar has 120 seconds left.\n|\n|t:|1700914381\n|move|p2a: Nidoking|Earth Power|p1a: Goodra\n|-supereffective|p1a: Goodra\n|-damage|p1a: Goodra|37\/100\n|move|p1a: Goodra|Earthquake|p2a: Nidoking\n|-supereffective|p2a: Nidoking\n|-damage|p2a: Nidoking|28\/100\n|\n|-heal|p1a: Goodra|43\/100|[from] item: Leftovers\n|upkeep\n|turn|16\n|inactive|ghostkinggengar has 120 seconds left.\n|\n|t:|1700914395\n|move|p2a: Nidoking|Thunderbolt|p1a: Goodra\n|-resisted|p1a: Goodra\n|-damage|p1a: Goodra|32\/100\n|move|p1a: Goodra|Earthquake|p2a: Nidoking\n|-supereffective|p2a: Nidoking\n|-damage|p2a: Nidoking|0 fnt\n|faint|p2a: Nidoking\n|\n|-heal|p1a: Goodra|38\/100|[from] item: Leftovers\n|upkeep\n|\n|t:|1700914405\n|switch|p2a: \u7070\u7070|Arcanine-Hisui, M, tera:Rock|71\/100\n|-damage|p2a: \u7070\u7070|59\/100|[from] Stealth Rock\n|turn|17\n|\n|t:|1700914416\n|move|p2a: \u7070\u7070|Head Smash|p1a: Goodra\n|-resisted|p1a: Goodra\n|-damage|p1a: Goodra|0 fnt\n|faint|p1a: Goodra\n|\n|upkeep\n|\n|t:|1700914423\n|switch|p1a: Garchomp|Garchomp, M|31\/100\n|turn|18\n|\n|t:|1700914431\n|switch|p1a: Moltres|Moltres|100\/100\n|move|p2a: \u7070\u7070|Head Smash|p1a: Moltres\n|-supereffective|p1a: Moltres\n|-damage|p1a: Moltres|0 fnt\n|-status|p2a: \u7070\u7070|brn|[from] ability: Flame Body|[of] p1a: Moltres\n|faint|p1a: Moltres\n|\n|-damage|p2a: \u7070\u7070|53\/100 brn|[from] brn\n|upkeep\n|\n|t:|1700914437\n|switch|p1a: Blacephalon|Blacephalon|100\/100\n|turn|19\n|\n|t:|1700914442\n|switch|p2a: \u963f\u80a5|Snorlax, M|54\/100\n|-damage|p2a: \u963f\u80a5|41\/100|[from] Stealth Rock\n|move|p1a: Blacephalon|Shadow Ball|p2a: \u963f\u80a5\n|-immune|p2a: \u963f\u80a5\n|\n|upkeep\n|turn|20\n|\n|t:|1700914450\n|switch|p1a: Slowbro|Slowbro, M|44\/100\n|move|p2a: \u963f\u80a5|Rest|p2a: \u963f\u80a5\n|-status|p2a: \u963f\u80a5|slp|[from] move: Rest\n|-heal|p2a: \u963f\u80a5|100\/100 slp|[silent]\n|\n|upkeep\n|turn|21\n|\n|t:|1700914457\n|cant|p2a: \u963f\u80a5|slp\n|move|p1a: Slowbro|Teleport|p1a: Slowbro\n|\n|t:|1700914460\n|switch|p1a: Ursaluna|Ursaluna, M, tera:Normal|82\/100 brn|[from] Teleport\n|\n|-damage|p1a: Ursaluna|76\/100 brn|[from] brn\n|upkeep\n|turn|22\n|\n|t:|1700914462\n|switch|p2a: \u7070\u7070|Arcanine-Hisui, M, tera:Rock|53\/100 brn\n|-damage|p2a: \u7070\u7070|41\/100 brn|[from] Stealth Rock\n|move|p1a: Ursaluna|Facade|p2a: \u7070\u7070\n|-resisted|p2a: \u7070\u7070\n|-damage|p2a: \u7070\u7070|0 fnt\n|faint|p2a: \u7070\u7070\n|\n|-damage|p1a: Ursaluna|70\/100 brn|[from] brn\n|upkeep\n|\n|t:|1700914465\n|switch|p2a: Greninja|Greninja, M|88\/100\n|-damage|p2a: Greninja|75\/100|[from] Stealth Rock\n|turn|23\n|\n|t:|1700914471\n|switch|p1a: Garchomp|Garchomp, M|31\/100\n|move|p2a: Greninja|Grass Knot|p1a: Garchomp\n|-start|p2a: Greninja|typechange|Grass|[from] ability: Protean\n|-damage|p1a: Garchomp|0 fnt\n|-damage|p2a: Greninja|63\/100|[from] ability: Rough Skin|[of] p1a: Garchomp\n|faint|p1a: Garchomp\n|\n|upkeep\n|\n|t:|1700914487\n|switch|p1a: Blacephalon|Blacephalon|100\/100\n|turn|24\n|\n|t:|1700914490\n|switch|p2a: \u963f\u80a5|Snorlax, M|100\/100 slp\n|-damage|p2a: \u963f\u80a5|88\/100 slp|[from] Stealth Rock\n|move|p1a: Blacephalon|Flamethrower|p2a: \u963f\u80a5\n|-damage|p2a: \u963f\u80a5|72\/100 slp\n|\n|upkeep\n|turn|25\n|\n|t:|1700914496\n|switch|p1a: Ursaluna|Ursaluna, M, tera:Normal|70\/100 brn\n|switch|p2a: Corviknight|Corviknight, M, shiny|100\/100\n|-damage|p2a: Corviknight|88\/100|[from] Stealth Rock\n|-ability|p2a: Corviknight|Pressure\n|\n|-heal|p2a: Corviknight|94\/100|[from] item: Leftovers\n|-damage|p1a: Ursaluna|64\/100 brn|[from] brn\n|upkeep\n|turn|26\n|\n|t:|1700914508\n|move|p2a: Corviknight|Substitute|p2a: Corviknight\n|-start|p2a: Corviknight|Substitute\n|-damage|p2a: Corviknight|69\/100\n|move|p1a: Ursaluna|Fire Punch|p2a: Corviknight\n|-supereffective|p2a: Corviknight\n|-end|p2a: Corviknight|Substitute\n|\n|-heal|p2a: Corviknight|75\/100|[from] item: Leftovers\n|-damage|p1a: Ursaluna|57\/100 brn|[from] brn\n|upkeep\n|turn|27\n|\n|t:|1700914513\n|move|p2a: Corviknight|Substitute|p2a: Corviknight\n|-start|p2a: Corviknight|Substitute\n|-damage|p2a: Corviknight|51\/100\n|move|p1a: Ursaluna|Fire Punch|p2a: Corviknight\n|-supereffective|p2a: Corviknight\n|-end|p2a: Corviknight|Substitute\n|\n|-heal|p2a: Corviknight|57\/100|[from] item: Leftovers\n|-damage|p1a: Ursaluna|51\/100 brn|[from] brn\n|upkeep\n|turn|28\n|\n|t:|1700914519\n|move|p2a: Corviknight|Bulk Up|p2a: Corviknight\n|-boost|p2a: Corviknight|atk|1\n|-boost|p2a: Corviknight|def|1\n|move|p1a: Ursaluna|Fire Punch|p2a: Corviknight\n|-supereffective|p2a: Corviknight\n|-damage|p2a: Corviknight|6\/100\n|\n|-heal|p2a: Corviknight|12\/100|[from] item: Leftovers\n|-damage|p1a: Ursaluna|45\/100 brn|[from] brn\n|upkeep\n|turn|29\n|\n|t:|1700914530\n|switch|p1a: Slowbro|Slowbro, M|77\/100\n|move|p2a: Corviknight|Bulk Up|p2a: Corviknight\n|-boost|p2a: Corviknight|atk|1\n|-boost|p2a: Corviknight|def|1\n|\n|-heal|p2a: Corviknight|18\/100|[from] item: Leftovers\n|upkeep\n|turn|30\n|\n|t:|1700914543\n|move|p2a: Corviknight|Roost|p2a: Corviknight\n|-heal|p2a: Corviknight|68\/100\n|-singleturn|p2a: Corviknight|move: Roost\n|move|p1a: Slowbro|Scald|p2a: Corviknight\n|-damage|p2a: Corviknight|50\/100\n|\n|-heal|p2a: Corviknight|56\/100|[from] item: Leftovers\n|upkeep\n|turn|31\n|\n|t:|1700914545\n|move|p2a: Corviknight|Substitute|p2a: Corviknight\n|-start|p2a: Corviknight|Substitute\n|-damage|p2a: Corviknight|31\/100\n|move|p1a: Slowbro|Scald|p2a: Corviknight\n|-activate|p2a: Corviknight|move: Substitute|[damage]\n|\n|-heal|p2a: Corviknight|37\/100|[from] item: Leftovers\n|upkeep\n|turn|32\n|\n|t:|1700914548\n|move|p2a: Corviknight|Roost|p2a: Corviknight\n|-heal|p2a: Corviknight|87\/100\n|-singleturn|p2a: Corviknight|move: Roost\n|move|p1a: Slowbro|Scald|p2a: Corviknight\n|-end|p2a: Corviknight|Substitute\n|\n|-heal|p2a: Corviknight|93\/100|[from] item: Leftovers\n|upkeep\n|turn|33\n|\n|t:|1700914554\n|move|p2a: Corviknight|Substitute|p2a: Corviknight\n|-start|p2a: Corviknight|Substitute\n|-damage|p2a: Corviknight|69\/100\n|move|p1a: Slowbro|Trick Room|p1a: Slowbro\n|-fieldstart|move: Trick Room|[of] p1a: Slowbro\n|\n|-heal|p2a: Corviknight|75\/100|[from] item: Leftovers\n|upkeep\n|turn|34\n|\n|t:|1700914564\n|move|p1a: Slowbro|Scald|p2a: Corviknight\n|-activate|p2a: Corviknight|move: Substitute|[damage]\n|move|p2a: Corviknight|Bulk Up|p2a: Corviknight\n|-boost|p2a: Corviknight|atk|1\n|-boost|p2a: Corviknight|def|1\n|\n|-heal|p2a: Corviknight|81\/100|[from] item: Leftovers\n|upkeep\n|turn|35\n|\n|t:|1700914571\n|move|p1a: Slowbro|Scald|p2a: Corviknight\n|-end|p2a: Corviknight|Substitute\n|move|p2a: Corviknight|Substitute|p2a: Corviknight\n|-start|p2a: Corviknight|Substitute\n|-damage|p2a: Corviknight|56\/100\n|\n|-heal|p2a: Corviknight|62\/100|[from] item: Leftovers\n|upkeep\n|turn|36\n|-message|ghostkinggengar forfeited.\n|\n|win|Ay Cheu\n|raw|ghostkinggengar's rating: 1725 &rarr; <strong>1702<\/strong><br \/>(-23 for losing)\n|raw|Ay Cheu's rating: 1678 &rarr; <strong>1701<\/strong><br \/>(+23 for winning)\n|l|\u2606ghostkinggengar\n","uploadtime":1700914580,"views":3,"p1id":"ghostkinggengar","p2id":"aycheu","formatid":"gen9nationaldex","rating":1701,"private":0,"password":""}