{"id":"gen9nationaldex-1995293307","p1":"steals many wives","p2":"deadinternettheory","format":"[Gen 9] National Dex","log":"|html|<div class=\"broadcast-blue\"><strong>[Gen 9] National Dex is currently suspecting Sneasler! For information on how to participate check out the <a href=\"https:\/\/www.smogon.com\/forums\/threads\/sv-national-dex-suspect-8-just-dance.3731534\/\">suspect thread<\/a>.<\/strong><\/div>\n|j|\u2606steals many wives\n|j|\u2606deadinternettheory\n|t:|1700548284\n|gametype|singles\n|player|p1|steals many wives|waitress|1184\n|player|p2|deadinternettheory|supernerd|1079\n|teamsize|p1|6\n|teamsize|p2|6\n|gen|9\n|tier|[Gen 9] National Dex\n|rated|\n|rule|HP Percentage Mod: HP is shown in percentages\n|rule|Endless Battle Clause: Forcing endless battles is banned\n|rule|OHKO Clause: OHKO moves are banned\n|rule|Evasion Clause: Evasion abilities, items, and moves are banned\n|rule|Evasion Abilities Clause: Evasion abilities are banned\n|rule|Evasion Items Clause: Evasion items are banned\n|rule|Evasion Moves Clause: Evasion moves are banned\n|rule|Species Clause: Limit one of each Pok\u00e9mon\n|rule|Sleep Clause Mod: Limit one foe put to sleep\n|clearpoke\n|poke|p1|Torterra, F|\n|poke|p1|Excadrill, M|\n|poke|p1|Clodsire, M|\n|poke|p1|Gastrodon, F|\n|poke|p1|Mudsdale, F|\n|poke|p1|Camerupt, M|\n|poke|p2|Azumarill, F|\n|poke|p2|Excadrill, M|\n|poke|p2|Stakataka|\n|poke|p2|Aegislash, M|\n|poke|p2|Xurkitree|\n|poke|p2|Clefable, F|\n|teampreview\n|inactive|Battle timer is ON: inactive players will automatically lose when time's up. (requested by deadinternettheory)\n|\n|t:|1700548292\n|start\n|switch|p1a: Vesuvius|Camerupt, M|100\/100\n|switch|p2a: Stakataka|Stakataka|100\/100\n|turn|1\n|\n|t:|1700548304\n|detailschange|p1a: Vesuvius|Camerupt-Mega, M\n|-mega|p1a: Vesuvius|Camerupt|Cameruptite\n|-terastallize|p2a: Stakataka|Ground\n|move|p1a: Vesuvius|Yawn|p2a: Stakataka\n|-start|p2a: Stakataka|move: Yawn|[of] p1a: Vesuvius\n|move|p2a: Stakataka|Iron Defense|p2a: Stakataka\n|-boost|p2a: Stakataka|def|2\n|\n|upkeep\n|turn|2\n|\n|t:|1700548314\n|switch|p1a: The Slimy One|Gastrodon, F|100\/100\n|move|p2a: Stakataka|Earthquake|p1a: The Slimy One\n|-damage|p1a: The Slimy One|66\/100\n|\n|-heal|p1a: The Slimy One|72\/100|[from] item: Leftovers\n|-end|p2a: Stakataka|move: Yawn|[silent]\n|-status|p2a: Stakataka|slp\n|upkeep\n|turn|3\n|\n|t:|1700548324\n|switch|p2a: Aegislash|Aegislash, M, shiny|100\/100\n|move|p1a: The Slimy One|Scald|p2a: Aegislash\n|-damage|p2a: Aegislash|79\/100\n|-status|p2a: Aegislash|brn\n|\n|-heal|p2a: Aegislash|85\/100 brn|[from] item: Leftovers\n|-heal|p1a: The Slimy One|78\/100|[from] item: Leftovers\n|-damage|p2a: Aegislash|79\/100 brn|[from] brn\n|upkeep\n|turn|4\n|\n|t:|1700548334\n|move|p2a: Aegislash|King's Shield|p2a: Aegislash\n|-singleturn|p2a: Aegislash|Protect\n|move|p1a: The Slimy One|Earth Power|p2a: Aegislash\n|-activate|p2a: Aegislash|move: Protect\n|\n|-heal|p2a: Aegislash|85\/100 brn|[from] item: Leftovers\n|-heal|p1a: The Slimy One|84\/100|[from] item: Leftovers\n|-damage|p2a: Aegislash|79\/100 brn|[from] brn\n|upkeep\n|turn|5\n|\n|t:|1700548343\n|switch|p2a: Clefable|Clefable, F, shiny|100\/100\n|move|p1a: The Slimy One|Earth Power|p2a: Clefable\n|-damage|p2a: Clefable|75\/100\n|\n|-heal|p1a: The Slimy One|90\/100|[from] item: Leftovers\n|upkeep\n|turn|6\n|\n|t:|1700548350\n|move|p2a: Clefable|Calm Mind|p2a: Clefable\n|-boost|p2a: Clefable|spa|1\n|-boost|p2a: Clefable|spd|1\n|move|p1a: The Slimy One|Earth Power|p2a: Clefable\n|-damage|p2a: Clefable|58\/100\n|\n|-heal|p1a: The Slimy One|96\/100|[from] item: Leftovers\n|upkeep\n|turn|7\n|\n|t:|1700548357\n|switch|p1a: Land Blimp|Clodsire, M|100\/100\n|move|p2a: Clefable|Calm Mind|p2a: Clefable\n|-boost|p2a: Clefable|spa|1\n|-boost|p2a: Clefable|spd|1\n|\n|upkeep\n|turn|8\n|\n|t:|1700548363\n|move|p2a: Clefable|Stored Power|p1a: Land Blimp\n|-supereffective|p1a: Land Blimp\n|-damage|p1a: Land Blimp|68\/100\n|move|p1a: Land Blimp|Poison Jab|p2a: Clefable\n|-supereffective|p2a: Clefable\n|-damage|p2a: Clefable|0 fnt\n|-damage|p1a: Land Blimp|51\/100|[from] item: Rocky Helmet|[of] p2a: Clefable\n|faint|p2a: Clefable\n|\n|upkeep\n|\n|t:|1700548368\n|switch|p2a: Stakataka|Stakataka, tera:Ground|100\/100 slp\n|turn|9\n|\n|t:|1700548379\n|switch|p1a: The Slimy One|Gastrodon, F|96\/100\n|cant|p2a: Stakataka|slp\n|\n|-heal|p1a: The Slimy One|100\/100|[from] item: Leftovers\n|upkeep\n|turn|10\n|\n|t:|1700548395\n|move|p1a: The Slimy One|Scald|p2a: Stakataka\n|-supereffective|p2a: Stakataka\n|-damage|p2a: Stakataka|62\/100 slp\n|cant|p2a: Stakataka|slp\n|\n|upkeep\n|turn|11\n|\n|t:|1700548410\n|move|p1a: The Slimy One|Scald|p2a: Stakataka\n|-supereffective|p2a: Stakataka\n|-damage|p2a: Stakataka|21\/100 slp\n|cant|p2a: Stakataka|slp\n|\n|upkeep\n|turn|12\n|\n|t:|1700548416\n|move|p1a: The Slimy One|Scald|p2a: Stakataka\n|-supereffective|p2a: Stakataka\n|-damage|p2a: Stakataka|0 fnt\n|faint|p2a: Stakataka\n|\n|upkeep\n|\n|t:|1700548424\n|switch|p2a: Extradrill|Excadrill, M|100\/100\n|-ability|p2a: Extradrill|Mold Breaker\n|turn|13\n|\n|t:|1700548435\n|move|p2a: Extradrill|Iron Head|p1a: The Slimy One\n|-resisted|p1a: The Slimy One\n|-damage|p1a: The Slimy One|81\/100\n|move|p1a: The Slimy One|Scald|p2a: Extradrill\n|-supereffective|p2a: Extradrill\n|-damage|p2a: Extradrill|37\/100\n|-status|p2a: Extradrill|brn\n|\n|-heal|p2a: Extradrill|43\/100 brn|[from] item: Leftovers\n|-heal|p1a: The Slimy One|88\/100|[from] item: Leftovers\n|-damage|p2a: Extradrill|37\/100 brn|[from] brn\n|upkeep\n|turn|14\n|\n|t:|1700548451\n|move|p2a: Extradrill|Stealth Rock|p1a: The Slimy One\n|-sidestart|p1: steals many wives|move: Stealth Rock\n|move|p1a: The Slimy One|Earth Power|p2a: Extradrill\n|-supereffective|p2a: Extradrill\n|-damage|p2a: Extradrill|0 fnt\n|faint|p2a: Extradrill\n|\n|-heal|p1a: The Slimy One|94\/100|[from] item: Leftovers\n|upkeep\n|\n|t:|1700548453\n|switch|p2a: Xmas|Xurkitree|100\/100\n|turn|15\n|\n|t:|1700548467\n|move|p2a: Xmas|Energy Ball|p1a: The Slimy One\n|-supereffective|p1a: The Slimy One\n|-damage|p1a: The Slimy One|0 fnt\n|faint|p1a: The Slimy One\n|-ability|p2a: Xmas|Beast Boost|boost\n|-boost|p2a: Xmas|spa|1\n|\n|upkeep\n|\n|t:|1700548474\n|switch|p1a: Vesuvius|Camerupt-Mega, M|100\/100\n|-damage|p1a: Vesuvius|88\/100|[from] Stealth Rock\n|turn|16\n|\n|t:|1700548480\n|move|p2a: Xmas|Energy Ball|p1a: Vesuvius\n|-crit|p1a: Vesuvius\n|-damage|p1a: Vesuvius|4\/100\n|move|p1a: Vesuvius|Yawn|p2a: Xmas\n|-start|p2a: Xmas|move: Yawn|[of] p1a: Vesuvius\n|\n|upkeep\n|turn|17\n|\n|t:|1700548487\n|move|p2a: Xmas|Energy Ball|p1a: Vesuvius\n|-damage|p1a: Vesuvius|0 fnt\n|faint|p1a: Vesuvius\n|-ability|p2a: Xmas|Beast Boost|boost\n|-boost|p2a: Xmas|spa|1\n|\n|-end|p2a: Xmas|move: Yawn|[silent]\n|-status|p2a: Xmas|slp\n|upkeep\n|\n|t:|1700548494\n|switch|p1a: Tortellini|Torterra, F|100\/100\n|-damage|p1a: Tortellini|94\/100|[from] Stealth Rock\n|turn|18\n|\n|t:|1700548500\n|cant|p2a: Xmas|slp\n|move|p1a: Tortellini|Shell Smash|p1a: Tortellini\n|-unboost|p1a: Tortellini|def|1\n|-unboost|p1a: Tortellini|spd|1\n|-boost|p1a: Tortellini|atk|2\n|-boost|p1a: Tortellini|spa|2\n|-boost|p1a: Tortellini|spe|2\n|\n|upkeep\n|turn|19\n|\n|t:|1700548507\n|move|p1a: Tortellini|Headlong Rush|p2a: Xmas\n|-supereffective|p2a: Xmas\n|-damage|p2a: Xmas|0 fnt\n|-unboost|p1a: Tortellini|def|1\n|-unboost|p1a: Tortellini|spd|1\n|faint|p2a: Xmas\n|\n|upkeep\n|\n|t:|1700548510\n|switch|p2a: Mars|Azumarill, F|100\/100\n|turn|20\n|\n|t:|1700548515\n|move|p1a: Tortellini|Headlong Rush|p2a: Mars\n|-damage|p2a: Mars|0 fnt\n|-unboost|p1a: Tortellini|def|1\n|-unboost|p1a: Tortellini|spd|1\n|faint|p2a: Mars\n|\n|upkeep\n|\n|t:|1700548518\n|switch|p2a: Aegislash|Aegislash, M, shiny|79\/100 brn\n|turn|21\n|\n|t:|1700548522\n|move|p2a: Aegislash|King's Shield|p2a: Aegislash\n|-singleturn|p2a: Aegislash|Protect\n|move|p1a: Tortellini|Headlong Rush|p2a: Aegislash\n|-activate|p2a: Aegislash|move: Protect\n|-unboost|p1a: Tortellini|atk|1\n|\n|-heal|p2a: Aegislash|85\/100 brn|[from] item: Leftovers\n|-damage|p2a: Aegislash|79\/100 brn|[from] brn\n|upkeep\n|turn|22\n|\n|t:|1700548531\n|move|p1a: Tortellini|Headlong Rush|p2a: Aegislash\n|-supereffective|p2a: Aegislash\n|-damage|p2a: Aegislash|0 fnt\n|-unboost|p1a: Tortellini|def|1\n|-unboost|p1a: Tortellini|spd|1\n|faint|p2a: Aegislash\n|\n|win|steals many wives\n|raw|steals many wives's rating: 1184 &rarr; <strong>1202<\/strong><br \/>(+18 for winning)\n|raw|deadinternettheory's rating: 1079 &rarr; <strong>1064<\/strong><br \/>(-15 for losing)\n|l|\u2606deadinternettheory\n","uploadtime":1700548539,"views":1,"p1id":"stealsmanywives","p2id":"deadinternettheory","formatid":"gen9nationaldex","rating":1064,"private":0,"password":""}