{"id":"gen9nationaldex-1990995627","p1":"DeadComedy","p2":"TheTurtwigWrangler","format":"[Gen 9] National Dex","log":"|j|\u2606DeadComedy\n|j|\u2606TheTurtwigWrangler\n|t:|1700025050\n|gametype|singles\n|player|p1|DeadComedy|alder|1151\n|player|p2|TheTurtwigWrangler|worker|1158\n|teamsize|p1|6\n|teamsize|p2|6\n|gen|9\n|tier|[Gen 9] National Dex\n|rated|\n|rule|HP Percentage Mod: HP is shown in percentages\n|rule|Endless Battle Clause: Forcing endless battles is banned\n|rule|OHKO Clause: OHKO moves are banned\n|rule|Evasion Clause: Evasion abilities, items, and moves are banned\n|rule|Evasion Abilities Clause: Evasion abilities are banned\n|rule|Evasion Items Clause: Evasion items are banned\n|rule|Evasion Moves Clause: Evasion moves are banned\n|rule|Species Clause: Limit one of each Pok\u00e9mon\n|rule|Sleep Clause Mod: Limit one foe put to sleep\n|clearpoke\n|poke|p1|Delphox, F|\n|poke|p1|Pangoro, M|\n|poke|p1|Noivern, F|\n|poke|p1|Trevenant, M|\n|poke|p1|Dragalge, F|\n|poke|p1|Aegislash, M|\n|poke|p2|Heracross, M|\n|poke|p2|Weavile, F|\n|poke|p2|Aggron, M|\n|poke|p2|Alakazam, M|\n|poke|p2|Haxorus, M|\n|poke|p2|Togekiss, F|\n|teampreview\n|c|\u2606TheTurtwigWrangler|yooo\n|c|\u2606TheTurtwigWrangler|sick team dude\n|c|\u2606DeadComedy|yoooooo\n|c|\u2606DeadComedy|havent seen a haxorus in a while\n|\n|t:|1700025082\n|start\n|switch|p1a: Deadwood|Trevenant, M|100\/100\n|switch|p2a: Gremlin|Weavile, F|100\/100\n|-ability|p2a: Gremlin|Pressure\n|turn|1\n|c|\u2606TheTurtwigWrangler|is that ur kalos team?\n|c|\u2606DeadComedy|yup, tryna make a team for every gen\n|c|\u2606TheTurtwigWrangler|thats whats up\n|\n|t:|1700025102\n|switch|p1a: Po|Pangoro, M|100\/100\n|move|p2a: Gremlin|Swords Dance|p2a: Gremlin\n|-boost|p2a: Gremlin|atk|2\n|\n|upkeep\n|turn|2\n|\n|t:|1700025111\n|move|p1a: Po|Bullet Punch|p2a: Gremlin\n|-supereffective|p2a: Gremlin\n|-damage|p2a: Gremlin|13\/100\n|move|p2a: Gremlin|Low Kick|p1a: Po\n|-supereffective|p1a: Po\n|-damage|p1a: Po|0 fnt\n|faint|p1a: Po\n|\n|upkeep\n|\n|t:|1700025119\n|switch|p1a: Wayne|Noivern, F|100\/100\n|-item|p2a: Gremlin|Heavy-Duty Boots|[from] ability: Frisk|[of] p1a: Wayne|[identify]\n|turn|3\n|\n|t:|1700025123\n|move|p2a: Gremlin|Knock Off|p1a: Wayne\n|-damage|p1a: Wayne|0 fnt\n|-enditem|p1a: Wayne|Life Orb|[from] move: Knock Off|[of] p2a: Gremlin\n|faint|p1a: Wayne\n|\n|upkeep\n|\n|t:|1700025130\n|switch|p1a: Hylian|Aegislash, M|100\/100\n|turn|4\n|\n|t:|1700025136\n|-formechange|p1a: Hylian|Aegislash-Blade||[from] ability: Stance Change\n|move|p1a: Hylian|Shadow Sneak|p2a: Gremlin\n|-resisted|p2a: Gremlin\n|-damage|p2a: Gremlin|0 fnt\n|faint|p2a: Gremlin\n|\n|upkeep\n|\n|t:|1700025145\n|switch|p2a: War Criminal|Haxorus, M|100\/100\n|-ability|p2a: War Criminal|Mold Breaker\n|turn|5\n|\n|t:|1700025150\n|-formechange|p1a: Hylian|Aegislash||[from] ability: Stance Change\n|move|p1a: Hylian|King's Shield|p1a: Hylian\n|-singleturn|p1a: Hylian|Protect\n|move|p2a: War Criminal|Swords Dance|p2a: War Criminal\n|-boost|p2a: War Criminal|atk|2\n|\n|upkeep\n|turn|6\n|c|\u2606DeadComedy|THE WAR CRIMINAL?!?!?!\n|\n|t:|1700025165\n|move|p2a: War Criminal|Earthquake|p1a: Hylian\n|-supereffective|p1a: Hylian\n|-damage|p1a: Hylian|0 fnt\n|faint|p1a: Hylian\n|\n|upkeep\n|\n|t:|1700025172\n|switch|p1a: Deadwood|Trevenant, M|100\/100\n|turn|7\n|c|\u2606TheTurtwigWrangler|HELL YEAH DUDE\n|\n|t:|1700025182\n|move|p2a: War Criminal|Scale Shot|p1a: Deadwood\n|-damage|p1a: Deadwood|77\/100\n|-damage|p1a: Deadwood|56\/100\n|-damage|p1a: Deadwood|33\/100\n|-enditem|p1a: Deadwood|Sitrus Berry|[eat]\n|-heal|p1a: Deadwood|57\/100|[from] item: Sitrus Berry\n|-damage|p1a: Deadwood|36\/100\n|-damage|p1a: Deadwood|12\/100\n|-hitcount|p1a: Deadwood|5\n|-unboost|p2a: War Criminal|def|1\n|-boost|p2a: War Criminal|spe|1\n|move|p1a: Deadwood|Will-O-Wisp|p2a: War Criminal\n|-status|p2a: War Criminal|brn\n|-enditem|p2a: War Criminal|Lum Berry|[eat]\n|-curestatus|p2a: War Criminal|brn|[msg]\n|\n|upkeep\n|turn|8\n|c|\u2606DeadComedy|AAAAAAAAAA\\\n|c|\u2606TheTurtwigWrangler|LETS GOOO LUM BERRY CLUTCH\n|\n|t:|1700025209\n|move|p1a: Deadwood|Protect|p1a: Deadwood\n|-singleturn|p1a: Deadwood|Protect\n|move|p2a: War Criminal|Earthquake|p1a: Deadwood\n|-activate|p1a: Deadwood|move: Protect\n|\n|upkeep\n|turn|9\n|c|\u2606DeadComedy|AAAAAAAAAAAAAA\n|\n|t:|1700025219\n|move|p2a: War Criminal|Scale Shot|p1a: Deadwood\n|-damage|p1a: Deadwood|0 fnt\n|faint|p1a: Deadwood\n|-hitcount|p1: Deadwood|1\n|-unboost|p2a: War Criminal|def|1\n|-boost|p2a: War Criminal|spe|1\n|\n|upkeep\n|\n|t:|1700025227\n|switch|p1a: Coral|Dragalge, F|100\/100\n|turn|10\n|\n|t:|1700025237\n|move|p2a: War Criminal|Close Combat|p1a: Coral\n|-resisted|p1a: Coral\n|-damage|p1a: Coral|40\/100\n|-unboost|p2a: War Criminal|def|1\n|-unboost|p2a: War Criminal|spd|1\n|move|p1a: Coral|Dragon Pulse|p2a: War Criminal\n|-supereffective|p2a: War Criminal\n|-damage|p2a: War Criminal|0 fnt\n|faint|p2a: War Criminal\n|\n|-heal|p1a: Coral|46\/100|[from] item: Leftovers\n|upkeep\n|\n|t:|1700025247\n|switch|p2a: Cement Lover|Heracross, M|100\/100\n|turn|11\n|\n|t:|1700025251\n|move|p2a: Cement Lover|Trailblaze|p1a: Coral\n|-resisted|p1a: Coral\n|-damage|p1a: Coral|41\/100\n|-boost|p2a: Cement Lover|spe|1\n|move|p1a: Coral|Sludge Wave|p2a: Cement Lover\n|-damage|p2a: Cement Lover|41\/100\n|\n|-heal|p1a: Coral|47\/100|[from] item: Leftovers\n|-status|p2a: Cement Lover|brn|[from] item: Flame Orb\n|upkeep\n|turn|12\n|c|\u2606DeadComedy|the fucking cement lover?!?!?\n|\n|t:|1700025269\n|move|p2a: Cement Lover|Facade|p1a: Coral\n|-damage|p1a: Coral|0 fnt\n|faint|p1a: Coral\n|\n|-damage|p2a: Cement Lover|35\/100 brn|[from] brn\n|upkeep\n|c|\u2606DeadComedy|this battle was over before it even began\n|\n|t:|1700025285\n|switch|p1a: Vascylia|Delphox, F, shiny|100\/100\n|turn|13\n|c|\u2606TheTurtwigWrangler|\"Waiter! Waiter! more cement please!\"\n|\n|t:|1700025302\n|move|p2a: Cement Lover|Knock Off|p1a: Vascylia\n|-supereffective|p1a: Vascylia\n|-damage|p1a: Vascylia|0 fnt\n|faint|p1a: Vascylia\n|\n|win|TheTurtwigWrangler\n|raw|DeadComedy's rating: 1151 &rarr; <strong>1127<\/strong><br \/>(-24 for losing)\n|raw|TheTurtwigWrangler's rating: 1158 &rarr; <strong>1182<\/strong><br \/>(+24 for winning)\n|c|\u2606TheTurtwigWrangler|gg dude\n|c|\u2606DeadComedy|gg man\n|c|\u2606TheTurtwigWrangler|have an awesome day my guy\n","uploadtime":1700025321,"views":4,"p1id":"deadcomedy","p2id":"theturtwigwrangler","formatid":"gen9nationaldex","rating":1127,"private":0,"password":""}