{"id":"gen9nationaldex-1988712178","p1":"savry","p2":"quebecquagsires","format":"[Gen 9] National Dex","log":"|j|\u2606savry\n|j|\u203dquebecquagsires\n|t:|1699753691\n|gametype|singles\n|player|p1|savry|102|\n|player|p2|quebecquagsires|hiker-gen4|\n|teamsize|p1|6\n|teamsize|p2|6\n|gen|9\n|tier|[Gen 9] National Dex\n|rule|HP Percentage Mod: HP is shown in percentages\n|rule|Endless Battle Clause: Forcing endless battles is banned\n|rule|OHKO Clause: OHKO moves are banned\n|rule|Evasion Clause: Evasion abilities, items, and moves are banned\n|rule|Evasion Abilities Clause: Evasion abilities are banned\n|rule|Evasion Items Clause: Evasion items are banned\n|rule|Evasion Moves Clause: Evasion moves are banned\n|rule|Species Clause: Limit one of each Pok\u00e9mon\n|rule|Sleep Clause Mod: Limit one foe put to sleep\n|clearpoke\n|poke|p1|Landorus-Therian, M|\n|poke|p1|Urshifu-*, F|\n|poke|p1|Blaziken, F|\n|poke|p1|Slowking, F|\n|poke|p1|Sceptile, M|\n|poke|p1|Durant, M|\n|poke|p2|Cloyster, M|\n|poke|p2|Iron Moth|\n|poke|p2|Galvantula, F|\n|poke|p2|Starmie|\n|poke|p2|Charizard, M|\n|poke|p2|Umbreon, M|\n|teampreview\n|j| Reptilestyle\n|\n|t:|1699753722\n|start\n|switch|p1a: Urshifu|Urshifu-Rapid-Strike, F|100\/100\n|switch|p2a: Galvantula|Galvantula, F, shiny|100\/100\n|turn|1\n|\n|t:|1699753745\n|switch|p1a: Landorus|Landorus-Therian, M|100\/100\n|-ability|p1a: Landorus|Intimidate|boost\n|-unboost|p2a: Galvantula|atk|1\n|move|p2a: Galvantula|Thunder Wave|p1a: Landorus\n|-immune|p1a: Landorus\n|\n|upkeep\n|turn|2\n|\n|t:|1699753755\n|move|p2a: Galvantula|Sticky Web|p1a: Landorus\n|-sidestart|p1: savry|move: Sticky Web\n|move|p1a: Landorus|Stealth Rock|p2a: Galvantula\n|-sidestart|p2: quebecquagsires|move: Stealth Rock\n|\n|upkeep\n|turn|3\n|\n|t:|1699753764\n|move|p2a: Galvantula|Hidden Power|p1a: Landorus\n|-supereffective|p1a: Landorus\n|-damage|p1a: Landorus|13\/100\n|move|p1a: Landorus|Toxic|p2a: Galvantula\n|-status|p2a: Galvantula|tox\n|\n|-damage|p2a: Galvantula|94\/100 tox|[from] psn\n|upkeep\n|turn|4\n|\n|t:|1699753773\n|move|p2a: Galvantula|Hidden Power|p1a: Landorus\n|-supereffective|p1a: Landorus\n|-damage|p1a: Landorus|0 fnt\n|faint|p1a: Landorus\n|\n|-damage|p2a: Galvantula|82\/100 tox|[from] psn\n|upkeep\n|\n|t:|1699753805\n|switch|p1a: Durant|Durant, M|100\/100\n|-activate|p1a: Durant|move: Sticky Web\n|-unboost|p1a: Durant|spe|1\n|turn|5\n|\n|t:|1699753816\n|move|p2a: Galvantula|Thunder|p1a: Durant\n|-damage|p1a: Durant|0 fnt\n|faint|p1a: Durant\n|\n|-damage|p2a: Galvantula|64\/100 tox|[from] psn\n|upkeep\n|c|\u2606savry|f\n|c| Reptilestyle|Wow\n|c| Reptilestyle|Thunder K.O\n|\n|t:|1699753841\n|switch|p1a: Sceptile|Sceptile, M|100\/100\n|-activate|p1a: Sceptile|move: Sticky Web\n|-unboost|p1a: Sceptile|spe|1\n|turn|6\n|l|\u203dquebecquagsires\n|player|p2|\n|j|\u203dquebecquagsires\n|player|p2|quebecquagsires|hiker-gen4\n|n|\u203dquebecquagsires|quebecquagsires\n|n|\u203dquebecquagsires|quebecquagsires\n|n|\u203dquebecquagsires|quebecquagsires\n|n|\u203dquebecquagsires|quebecquagsires\n|n|\u203dquebecquagsires|quebecquagsires\n|n|\u203dquebecquagsires|quebecquagsires\n|\n|t:|1699753876\n|switch|p1a: Blaziken|Blaziken, F|100\/100\n|-activate|p1a: Blaziken|move: Sticky Web\n|-unboost|p1a: Blaziken|spe|1\n|move|p2a: Galvantula|Hidden Power|p1a: Blaziken\n|-resisted|p1a: Blaziken\n|-damage|p1a: Blaziken|87\/100\n|\n|-damage|p2a: Galvantula|40\/100 tox|[from] psn\n|upkeep\n|turn|7\n|\n|t:|1699753899\n|move|p2a: Galvantula|Thunder Wave|p1a: Blaziken\n|-status|p1a: Blaziken|par\n|move|p1a: Blaziken|Swords Dance|p1a: Blaziken\n|-boost|p1a: Blaziken|atk|2\n|\n|-damage|p2a: Galvantula|10\/100 tox|[from] psn\n|-ability|p1a: Blaziken|Speed Boost|boost\n|-boost|p1a: Blaziken|spe|1\n|upkeep\n|turn|8\n|\n|t:|1699753912\n|move|p2a: Galvantula|Thunder|p1a: Blaziken\n|-damage|p1a: Blaziken|14\/100 par\n|move|p1a: Blaziken|Swords Dance|p1a: Blaziken\n|-boost|p1a: Blaziken|atk|2\n|\n|-damage|p2a: Galvantula|0 fnt|[from] psn\n|faint|p2a: Galvantula\n|-ability|p1a: Blaziken|Speed Boost|boost\n|-boost|p1a: Blaziken|spe|1\n|upkeep\n|\n|t:|1699753920\n|switch|p2a: Starmie|Starmie, shiny|100\/100\n|turn|9\n|\n|t:|1699753942\n|move|p2a: Starmie|Rapid Spin|p1a: Blaziken\n|-damage|p1a: Blaziken|1\/100 par\n|-boost|p2a: Starmie|spe|1\n|-sideend|p2: quebecquagsires|Stealth Rock|[from] move: Rapid Spin|[of] p2a: Starmie\n|move|p1a: Blaziken|Earthquake|p2a: Starmie\n|-damage|p2a: Starmie|0 fnt\n|faint|p2a: Starmie\n|\n|-ability|p1a: Blaziken|Speed Boost|boost\n|-boost|p1a: Blaziken|spe|1\n|upkeep\n|c|\u2606savry|flaffy\n|c|\u2606savry|i smell you\n|\n|t:|1699753977\n|switch|p2a: Iron Moth|Iron Moth|100\/100\n|-enditem|p2a: Iron Moth|Booster Energy\n|-activate|p2a: Iron Moth|ability: Quark Drive|[fromitem]\n|-start|p2a: Iron Moth|quarkdrivespe\n|turn|10\n|\n|t:|1699753994\n|move|p2a: Iron Moth|Fiery Dance|p1a: Blaziken\n|-resisted|p1a: Blaziken\n|-damage|p1a: Blaziken|0 fnt\n|-boost|p2a: Iron Moth|spa|1\n|faint|p1a: Blaziken\n|\n|upkeep\n|c|\u2606savry|fuck\n|c| Reptilestyle|Oh oh qwp\n|c| Reptilestyle|Warning Warning\n|\n|t:|1699754020\n|switch|p1a: Urshifu|Urshifu-Rapid-Strike, F|100\/100\n|-activate|p1a: Urshifu|move: Sticky Web\n|-unboost|p1a: Urshifu|spe|1\n|turn|11\n|\n|t:|1699754028\n|-terastallize|p2a: Iron Moth|Psychic\n|move|p2a: Iron Moth|Psychic|p1a: Urshifu\n|-supereffective|p1a: Urshifu\n|-damage|p1a: Urshifu|0 fnt\n|faint|p1a: Urshifu\n|\n|upkeep\n|c|\u2606savry|damnnnn\n|\n|t:|1699754037\n|switch|p1a: Slowking|Slowking, F|100\/100\n|-activate|p1a: Slowking|move: Sticky Web\n|-unboost|p1a: Slowking|spe|1\n|turn|12\n|\n|t:|1699754063\n|move|p2a: Iron Moth|Energy Ball|p1a: Slowking\n|-supereffective|p1a: Slowking\n|-damage|p1a: Slowking|29\/100\n|-unboost|p1a: Slowking|spd|1\n|move|p1a: Slowking|Focus Blast|p2a: Iron Moth\n|-resisted|p2a: Iron Moth\n|-damage|p2a: Iron Moth|81\/100\n|\n|-heal|p1a: Slowking|36\/100|[from] item: Leftovers\n|upkeep\n|turn|13\n|\n|t:|1699754074\n|move|p2a: Iron Moth|Energy Ball|p1a: Slowking\n|-supereffective|p1a: Slowking\n|-damage|p1a: Slowking|0 fnt\n|faint|p1a: Slowking\n|\n|upkeep\n|\n|t:|1699754080\n|switch|p1a: Sceptile|Sceptile, M|100\/100\n|-activate|p1a: Sceptile|move: Sticky Web\n|-unboost|p1a: Sceptile|spe|1\n|turn|14\n|\n|t:|1699754095\n|detailschange|p1a: Sceptile|Sceptile-Mega, M\n|-mega|p1a: Sceptile|Sceptile|Sceptilite\n|move|p2a: Iron Moth|Sludge Wave|p1a: Sceptile\n|-supereffective|p1a: Sceptile\n|-damage|p1a: Sceptile|0 fnt\n|faint|p1a: Sceptile\n|\n|win|quebecquagsires\n","uploadtime":1699754104,"views":10,"p1id":"savry","p2id":"quebecquagsires","formatid":"gen9nationaldex","rating":0,"private":0,"password":""}