{"id":"gen9nationaldex-2000207615","p1":"ScarlettShark","p2":"snk123.","format":"[Gen 9] National Dex","log":"|html|<div class=\"broadcast-blue\"><strong>[Gen 9] National Dex is currently suspecting Sneasler! For information on how to participate check out the <a href=\"https:\/\/www.smogon.com\/forums\/threads\/sv-national-dex-suspect-8-just-dance.3731534\/\">suspect thread<\/a>.<\/strong><\/div>\n|j|\u2606ScarlettShark\n|j|\u2606snk123.\n|t:|1701172180\n|gametype|singles\n|player|p1|ScarlettShark|lady|1578\n|player|p2|snk123.|flannery|1476\n|teamsize|p1|6\n|teamsize|p2|6\n|gen|9\n|tier|[Gen 9] National Dex\n|rated|\n|rule|HP Percentage Mod: HP is shown in percentages\n|rule|Endless Battle Clause: Forcing endless battles is banned\n|rule|OHKO Clause: OHKO moves are banned\n|rule|Evasion Clause: Evasion abilities, items, and moves are banned\n|rule|Evasion Abilities Clause: Evasion abilities are banned\n|rule|Evasion Items Clause: Evasion items are banned\n|rule|Evasion Moves Clause: Evasion moves are banned\n|rule|Species Clause: Limit one of each Pok\u00e9mon\n|rule|Sleep Clause Mod: Limit one foe put to sleep\n|clearpoke\n|poke|p1|Kyurem|\n|poke|p1|Hatterene, F|\n|poke|p1|Zapdos|\n|poke|p1|Lopunny, F|\n|poke|p1|Landorus-Therian, M|\n|poke|p1|Heatran, M|\n|poke|p2|Landorus-Therian, M|\n|poke|p2|Rillaboom, M|\n|poke|p2|Sneasler, M|\n|poke|p2|Dondozo, M|\n|poke|p2|Garganacl, F|\n|poke|p2|Lopunny, M|\n|teampreview\n|inactive|Battle timer is ON: inactive players will automatically lose when time's up. (requested by snk123.)\n|\n|t:|1701172206\n|start\n|switch|p1a: Kyurem|Kyurem|100\/100\n|switch|p2a: Landorus|Landorus-Therian, M|100\/100\n|-ability|p1a: Kyurem|Pressure\n|-ability|p2a: Landorus|Intimidate|boost\n|-unboost|p1a: Kyurem|atk|1\n|turn|1\n|\n|t:|1701172223\n|switch|p2a: Dondozo|Dondozo, M|100\/100\n|move|p1a: Kyurem|Freeze-Dry|p2a: Dondozo\n|-supereffective|p2a: Dondozo\n|-crit|p2a: Dondozo\n|-damage|p2a: Dondozo|0 fnt\n|faint|p2a: Dondozo\n|\n|upkeep\n|\n|t:|1701172234\n|switch|p2a: Lopunny|Lopunny, M|100\/100\n|turn|2\n|\n|t:|1701172238\n|switch|p1a: Zapdos|Zapdos|100\/100\n|detailschange|p2a: Lopunny|Lopunny-Mega, M\n|-mega|p2a: Lopunny|Lopunny|Lopunnite\n|move|p2a: Lopunny|Fake Out|p1a: Zapdos\n|-crit|p1a: Zapdos\n|-damage|p1a: Zapdos|76\/100\n|\n|upkeep\n|turn|3\n|\n|t:|1701172242\n|move|p2a: Lopunny|Triple Axel|p1a: Zapdos\n|-supereffective|p1a: Zapdos\n|-damage|p1a: Zapdos|65\/100\n|-supereffective|p1a: Zapdos\n|-damage|p1a: Zapdos|43\/100\n|-supereffective|p1a: Zapdos\n|-damage|p1a: Zapdos|10\/100\n|-hitcount|p1a: Zapdos|3\n|move|p1a: Zapdos|Roost|p1a: Zapdos\n|-heal|p1a: Zapdos|61\/100\n|-singleturn|p1a: Zapdos|move: Roost\n|\n|upkeep\n|turn|4\n|inactive|ScarlettShark has 120 seconds left.\n|\n|t:|1701172272\n|switch|p2a: Garganacl|Garganacl, F|100\/100\n|move|p1a: Zapdos|Hurricane|p2a: Garganacl|[miss]\n|-miss|p1a: Zapdos|p2a: Garganacl\n|\n|upkeep\n|turn|5\n|inactive|ScarlettShark has 120 seconds left.\n|\n|t:|1701172285\n|move|p1a: Zapdos|Volt Switch|p2a: Garganacl\n|-damage|p2a: Garganacl|72\/100\n|\n|t:|1701172287\n|switch|p1a: Landorus|Landorus-Therian, M|100\/100|[from] Volt Switch\n|-ability|p1a: Landorus|Intimidate|boost\n|-unboost|p2a: Garganacl|atk|1\n|move|p2a: Garganacl|Iron Defense|p2a: Garganacl\n|-boost|p2a: Garganacl|def|2\n|\n|-heal|p2a: Garganacl|78\/100|[from] item: Leftovers\n|upkeep\n|turn|6\n|\n|t:|1701172295\n|move|p1a: Landorus|Swords Dance|p1a: Landorus\n|-boost|p1a: Landorus|atk|2\n|move|p2a: Garganacl|Recover|p2a: Garganacl\n|-heal|p2a: Garganacl|100\/100\n|\n|upkeep\n|turn|7\n|\n|t:|1701172297\n|-terastallize|p2a: Garganacl|Fairy\n|move|p1a: Landorus|Swords Dance|p1a: Landorus\n|-boost|p1a: Landorus|atk|2\n|move|p2a: Garganacl|Iron Defense|p2a: Garganacl\n|-boost|p2a: Garganacl|def|2\n|\n|upkeep\n|turn|8\n|\n|t:|1701172301\n|move|p1a: Landorus|Swords Dance|p1a: Landorus\n|-boost|p1a: Landorus|atk|2\n|move|p2a: Garganacl|Iron Defense|p2a: Garganacl\n|-boost|p2a: Garganacl|def|2\n|\n|upkeep\n|turn|9\n|\n|t:|1701172305\n|move|p1a: Landorus|Stone Edge|p2a: Garganacl\n|-damage|p2a: Garganacl|82\/100\n|move|p2a: Garganacl|Salt Cure|p1a: Landorus\n|-crit|p1a: Landorus\n|-damage|p1a: Landorus|74\/100\n|-start|p1a: Landorus|Salt Cure\n|\n|-heal|p2a: Garganacl|88\/100|[from] item: Leftovers\n|-damage|p1a: Landorus|62\/100|[from] Salt Cure\n|upkeep\n|turn|10\n|\n|t:|1701172311\n|-zpower|p1a: Landorus\n|move|p1a: Landorus|Supersonic Skystrike|p2a: Garganacl|[zeffect]\n|-damage|p2a: Garganacl|41\/100\n|move|p2a: Garganacl|Body Press|p1a: Landorus\n|-resisted|p1a: Landorus\n|-damage|p1a: Landorus|0 fnt\n|faint|p1a: Landorus\n|\n|-heal|p2a: Garganacl|48\/100|[from] item: Leftovers\n|upkeep\n|\n|t:|1701172313\n|switch|p1a: Kyurem|Kyurem|100\/100\n|-ability|p1a: Kyurem|Pressure\n|turn|11\n|\n|t:|1701172318\n|move|p1a: Kyurem|Ice Beam|p2a: Garganacl\n|-damage|p2a: Garganacl|0 fnt\n|faint|p2a: Garganacl\n|\n|upkeep\n|\n|t:|1701172326\n|switch|p2a: Lopunny|Lopunny-Mega, M|100\/100\n|turn|12\n|\n|t:|1701172332\n|switch|p1a: Zapdos|Zapdos|61\/100\n|move|p2a: Lopunny|Triple Axel|p1a: Zapdos\n|-supereffective|p1a: Zapdos\n|-damage|p1a: Zapdos|48\/100\n|-status|p2a: Lopunny|par|[from] ability: Static|[of] p1a: Zapdos\n|-supereffective|p1a: Zapdos\n|-damage|p1a: Zapdos|26\/100\n|-supereffective|p1a: Zapdos\n|-damage|p1a: Zapdos|0 fnt\n|faint|p1a: Zapdos\n|-hitcount|p1: Zapdos|3\n|\n|upkeep\n|\n|t:|1701172339\n|switch|p1a: Kyurem|Kyurem|100\/100\n|-ability|p1a: Kyurem|Pressure\n|turn|13\n|\n|t:|1701172345\n|move|p1a: Kyurem|Ice Beam|p2a: Lopunny\n|-damage|p2a: Lopunny|7\/100 par\n|move|p2a: Lopunny|Close Combat|p1a: Kyurem\n|-supereffective|p1a: Kyurem\n|-damage|p1a: Kyurem|0 fnt\n|-unboost|p2a: Lopunny|def|1\n|-unboost|p2a: Lopunny|spd|1\n|faint|p1a: Kyurem\n|\n|upkeep\n|\n|t:|1701172365\n|switch|p1a: Lopunny|Lopunny, F, shiny|100\/100\n|turn|14\n|\n|t:|1701172376\n|switch|p2a: Landorus|Landorus-Therian, M|100\/100\n|-ability|p2a: Landorus|Intimidate|boost\n|-unboost|p1a: Lopunny|atk|1\n|detailschange|p1a: Lopunny|Lopunny-Mega, F, shiny\n|-mega|p1a: Lopunny|Lopunny|Lopunnite\n|move|p1a: Lopunny|U-turn|p2a: Landorus\n|-resisted|p2a: Landorus\n|-crit|p2a: Landorus\n|-damage|p2a: Landorus|88\/100\n|-damage|p1a: Lopunny|84\/100|[from] item: Rocky Helmet|[of] p2a: Landorus\n|\n|t:|1701172378\n|switch|p1a: Hatterene|Hatterene, F|100\/100|[from] U-turn\n|\n|upkeep\n|turn|15\n|\n|t:|1701172393\n|move|p2a: Landorus|Knock Off|p1a: Hatterene\n|-damage|p1a: Hatterene|74\/100\n|-enditem|p1a: Hatterene|Leftovers|[from] move: Knock Off|[of] p2a: Landorus\n|move|p1a: Hatterene|Dazzling Gleam|p2a: Landorus\n|-damage|p2a: Landorus|52\/100\n|\n|upkeep\n|turn|16\n|\n|t:|1701172400\n|move|p2a: Landorus|Earthquake|p1a: Hatterene\n|-damage|p1a: Hatterene|34\/100\n|move|p1a: Hatterene|Dazzling Gleam|p2a: Landorus\n|-damage|p2a: Landorus|15\/100\n|\n|upkeep\n|turn|17\n|\n|t:|1701172412\n|move|p2a: Landorus|Earthquake|p1a: Hatterene\n|-damage|p1a: Hatterene|0 fnt\n|faint|p1a: Hatterene\n|\n|upkeep\n|\n|t:|1701172417\n|switch|p1a: Lopunny|Lopunny-Mega, F, shiny|84\/100\n|turn|18\n|\n|t:|1701172422\n|switch|p2a: Lopunny|Lopunny-Mega, M|7\/100 par\n|move|p1a: Lopunny|Return|p2a: Lopunny\n|-damage|p2a: Lopunny|0 fnt\n|faint|p2a: Lopunny\n|\n|upkeep\n|\n|t:|1701172429\n|switch|p2a: Landorus|Landorus-Therian, M|15\/100\n|-ability|p2a: Landorus|Intimidate|boost\n|-fail|p1a: Lopunny|unboost|Attack|[from] ability: Scrappy|[of] p1a: Lopunny\n|turn|19\n|\n|t:|1701172435\n|move|p1a: Lopunny|Return|p2a: Landorus\n|-damage|p2a: Landorus|0 fnt\n|-damage|p1a: Lopunny|67\/100|[from] item: Rocky Helmet|[of] p2a: Landorus\n|faint|p2a: Landorus\n|\n|upkeep\n|\n|t:|1701172440\n|switch|p2a: Rillaboom|Rillaboom, M|100\/100\n|-fieldstart|move: Grassy Terrain|[from] ability: Grassy Surge|[of] p2a: Rillaboom\n|turn|20\n|\n|t:|1701172446\n|move|p1a: Lopunny|Close Combat|p2a: Rillaboom\n|-damage|p2a: Rillaboom|29\/100\n|-unboost|p1a: Lopunny|def|1\n|-unboost|p1a: Lopunny|spd|1\n|move|p2a: Rillaboom|U-turn|p1a: Lopunny\n|-resisted|p1a: Lopunny\n|-crit|p1a: Lopunny\n|-damage|p1a: Lopunny|22\/100\n|-damage|p2a: Rillaboom|20\/100|[from] item: Life Orb\n|\n|t:|1701172450\n|switch|p2a: Sneasler|Sneasler, M|100\/100|[from] U-turn\n|-enditem|p2a: Sneasler|Grassy Seed\n|-boost|p2a: Sneasler|def|1|[from] item: Grassy Seed\n|\n|-heal|p1a: Lopunny|28\/100|[from] Grassy Terrain\n|upkeep\n|turn|21\n|\n|t:|1701172460\n|move|p2a: Sneasler|Dire Claw|p1a: Lopunny\n|-damage|p1a: Lopunny|0 fnt\n|faint|p1a: Lopunny\n|\n|upkeep\n|\n|t:|1701172462\n|switch|p1a: Heatran|Heatran, M|100\/100\n|turn|22\n|\n|t:|1701172466\n|-terastallize|p1a: Heatran|Grass\n|move|p2a: Sneasler|Close Combat|p1a: Heatran\n|-damage|p1a: Heatran|44\/100\n|-unboost|p2a: Sneasler|def|1\n|-unboost|p2a: Sneasler|spd|1\n|move|p1a: Heatran|Earth Power|p2a: Sneasler\n|-supereffective|p2a: Sneasler\n|-crit|p2a: Sneasler\n|-damage|p2a: Sneasler|0 fnt\n|faint|p2a: Sneasler\n|\n|-heal|p1a: Heatran|50\/100|[from] Grassy Terrain\n|-heal|p1a: Heatran|56\/100|[from] item: Leftovers\n|upkeep\n|\n|t:|1701172470\n|switch|p2a: Rillaboom|Rillaboom, M|20\/100\n|turn|23\n|\n|t:|1701172475\n|move|p2a: Rillaboom|U-turn|p1a: Heatran\n|-supereffective|p1a: Heatran\n|-damage|p1a: Heatran|7\/100\n|-damage|p2a: Rillaboom|10\/100|[from] item: Life Orb\n|move|p1a: Heatran|Magma Storm|p2a: Rillaboom\n|-supereffective|p2a: Rillaboom\n|-damage|p2a: Rillaboom|0 fnt\n|faint|p2a: Rillaboom\n|\n|win|ScarlettShark\n|raw|ScarlettShark's rating: 1578 &rarr; <strong>1592<\/strong><br \/>(+14 for winning)\n|raw|snk123.'s rating: 1476 &rarr; <strong>1462<\/strong><br \/>(-14 for losing)\n|l|\u2606snk123.\n","uploadtime":1701172502,"views":2,"p1id":"scarlettshark","p2id":"snk123","formatid":"gen9nationaldex","rating":1462,"private":0,"password":""}