{"id":"gen9nationaldex-1998557981","p1":"plebVT","p2":"saori_frog","format":"[Gen 9] National Dex","log":"|html|<div class=\"broadcast-blue\"><strong>[Gen 9] National Dex is currently suspecting Sneasler! For information on how to participate check out the <a href=\"https:\/\/www.smogon.com\/forums\/threads\/sv-national-dex-suspect-8-just-dance.3731534\/\">suspect thread<\/a>.<\/strong><\/div>\n|j|\u2606plebVT\n|j|\u2606saori_frog\n|t:|1700956125\n|gametype|singles\n|player|p1|plebVT|jasmine|\n|player|p2|saori_frog|cynthia|\n|teamsize|p1|6\n|teamsize|p2|6\n|gen|9\n|tier|[Gen 9] National Dex\n|rule|HP Percentage Mod: HP is shown in percentages\n|rule|Endless Battle Clause: Forcing endless battles is banned\n|rule|OHKO Clause: OHKO moves are banned\n|rule|Evasion Clause: Evasion abilities, items, and moves are banned\n|rule|Evasion Abilities Clause: Evasion abilities are banned\n|rule|Evasion Items Clause: Evasion items are banned\n|rule|Evasion Moves Clause: Evasion moves are banned\n|rule|Species Clause: Limit one of each Pok\u00e9mon\n|rule|Sleep Clause Mod: Limit one foe put to sleep\n|clearpoke\n|poke|p1|Tinkaton, F|\n|poke|p1|Corviknight, F|\n|poke|p1|Iron Treads|\n|poke|p1|Bronzong|\n|poke|p1|Bisharp, F|\n|poke|p1|Empoleon, M|\n|poke|p2|Dracozolt|\n|poke|p2|Dipplin, F|\n|poke|p2|Altaria, F|\n|poke|p2|Dragonair, M|\n|poke|p2|Tatsugiri, M|\n|poke|p2|Garchomp, M|\n|teampreview\n|\n|t:|1700956150\n|start\n|switch|p1a: Tinkaton|Tinkaton, F|100\/100\n|switch|p2a: Darchomp|Garchomp, M|100\/100\n|-ability|p1a: Tinkaton|Mold Breaker\n|turn|1\n|\n|t:|1700956198\n|-terastallize|p2a: Darchomp|Steel\n|-terastallize|p1a: Tinkaton|Fairy\n|move|p2a: Darchomp|Earthquake|p1a: Tinkaton\n|-damage|p1a: Tinkaton|40\/100\n|move|p1a: Tinkaton|Stealth Rock|p2a: Darchomp\n|-sidestart|p2: saori_frog|move: Stealth Rock\n|\n|-heal|p1a: Tinkaton|46\/100|[from] item: Leftovers\n|upkeep\n|turn|2\n|\n|t:|1700956209\n|switch|p1a: Bronzong|Bronzong|100\/100\n|move|p2a: Darchomp|Earthquake|p1a: Bronzong\n|-immune|p1a: Bronzong|[from] ability: Levitate\n|\n|upkeep\n|turn|3\n|\n|t:|1700956236\n|switch|p2a: Daltaria|Altaria, F, shiny|100\/100\n|move|p1a: Bronzong|Reflect|p1a: Bronzong\n|-sidestart|p1: plebVT|Reflect\n|\n|upkeep\n|turn|4\n|\n|t:|1700956246\n|move|p2a: Daltaria|Defog|p1a: Bronzong\n|-unboost|p1a: Bronzong|evasion|1\n|-sideend|p1: plebVT|Reflect\n|-sideend|p2: saori_frog|Stealth Rock|[from] move: Defog|[of] p2a: Daltaria\n|move|p1a: Bronzong|Light Screen|p1a: Bronzong\n|-sidestart|p1: plebVT|move: Light Screen\n|\n|upkeep\n|turn|5\n|\n|t:|1700956289\n|switch|p1a: Iron Treads|Iron Treads|100\/100\n|move|p2a: Daltaria|Will-O-Wisp|p1a: Iron Treads|[miss]\n|-miss|p2a: Daltaria|p1a: Iron Treads\n|\n|upkeep\n|turn|6\n|\n|t:|1700956304\n|move|p1a: Iron Treads|Ice Spinner|p2a: Daltaria\n|-supereffective|p2a: Daltaria\n|-damage|p2a: Daltaria|0 fnt\n|faint|p2a: Daltaria\n|\n|upkeep\n|\n|t:|1700956314\n|switch|p2a: Darchomp|Garchomp, M, tera:Steel|100\/100\n|turn|7\n|\n|t:|1700956328\n|move|p2a: Darchomp|Dragon Claw|p1a: Iron Treads\n|-resisted|p1a: Iron Treads\n|-damage|p1a: Iron Treads|83\/100\n|move|p1a: Iron Treads|Earthquake|p2a: Darchomp\n|-supereffective|p2a: Darchomp\n|-damage|p2a: Darchomp|1\/100\n|\n|-heal|p2a: Darchomp|8\/100|[from] item: Leftovers\n|upkeep\n|turn|8\n|\n|t:|1700956347\n|move|p2a: Darchomp|Earthquake|p1a: Iron Treads\n|-supereffective|p1a: Iron Treads\n|-damage|p1a: Iron Treads|0 fnt\n|faint|p1a: Iron Treads\n|-end|p1a: Iron Treads|Quark Drive|[silent]\n|\n|-heal|p2a: Darchomp|14\/100|[from] item: Leftovers\n|upkeep\n|\n|t:|1700956363\n|switch|p1a: Empoleon|Empoleon, M|100\/100\n|turn|9\n|\n|t:|1700956372\n|move|p1a: Empoleon|Aqua Jet|p2a: Darchomp\n|-damage|p2a: Darchomp|2\/100\n|-damage|p1a: Empoleon|88\/100|[from] ability: Rough Skin|[of] p2a: Darchomp\n|move|p2a: Darchomp|Earthquake|p1a: Empoleon\n|-supereffective|p1a: Empoleon\n|-damage|p1a: Empoleon|0 fnt\n|faint|p1a: Empoleon\n|\n|-heal|p2a: Darchomp|8\/100|[from] item: Leftovers\n|upkeep\n|\n|t:|1700956399\n|switch|p1a: Tinkaton|Tinkaton, F, tera:Fairy|46\/100\n|-ability|p1a: Tinkaton|Mold Breaker\n|turn|10\n|\n|t:|1700956411\n|move|p2a: Darchomp|Earthquake|p1a: Tinkaton\n|-damage|p1a: Tinkaton|0 fnt\n|faint|p1a: Tinkaton\n|\n|-heal|p2a: Darchomp|14\/100|[from] item: Leftovers\n|upkeep\n|\n|t:|1700956421\n|switch|p1a: Bronzong|Bronzong|100\/100\n|turn|11\n|\n|t:|1700956437\n|move|p2a: Darchomp|Substitute|p2a: Darchomp\n|-fail|p2a: Darchomp|move: Substitute|[weak]\n|move|p1a: Bronzong|Gyro Ball|p2a: Darchomp\n|-resisted|p2a: Darchomp\n|-damage|p2a: Darchomp|0 fnt\n|-damage|p1a: Bronzong|88\/100|[from] ability: Rough Skin|[of] p2a: Darchomp\n|faint|p2a: Darchomp\n|\n|-sideend|p1: plebVT|move: Light Screen\n|upkeep\n|\n|t:|1700956493\n|switch|p2a: Dracozolt|Dracozolt|100\/100\n|turn|12\n|\n|t:|1700956508\n|move|p2a: Dracozolt|Bolt Beak|p1a: Bronzong\n|-damage|p1a: Bronzong|0 fnt\n|faint|p1a: Bronzong\n|\n|upkeep\n|\n|t:|1700956514\n|switch|p1a: Bisharp|Bisharp, F, shiny|100\/100\n|turn|13\n|\n|t:|1700956522\n|move|p2a: Dracozolt|Bolt Beak|p1a: Bisharp\n|-damage|p1a: Bisharp|28\/100\n|move|p1a: Bisharp|Swords Dance|p1a: Bisharp\n|-boost|p1a: Bisharp|atk|2\n|\n|upkeep\n|turn|14\n|\n|t:|1700956544\n|move|p1a: Bisharp|Sucker Punch|p2a: Dracozolt\n|-damage|p2a: Dracozolt|15\/100\n|move|p2a: Dracozolt|Bolt Beak|p1a: Bisharp|[miss]\n|-miss|p2a: Dracozolt|p1a: Bisharp\n|\n|upkeep\n|turn|15\n|\n|t:|1700956554\n|move|p1a: Bisharp|Sucker Punch|p2a: Dracozolt\n|-damage|p2a: Dracozolt|0 fnt\n|faint|p2a: Dracozolt\n|\n|upkeep\n|\n|t:|1700956595\n|switch|p2a: Datsugiri|Tatsugiri, M|100\/100\n|turn|16\n|\n|t:|1700956601\n|move|p2a: Datsugiri|Nasty Plot|p2a: Datsugiri\n|-boost|p2a: Datsugiri|spa|2\n|move|p1a: Bisharp|Knock Off|p2a: Datsugiri\n|-damage|p2a: Datsugiri|0 fnt\n|-enditem|p2a: Datsugiri|Heavy-Duty Boots|[from] move: Knock Off|[of] p1a: Bisharp\n|faint|p2a: Datsugiri\n|\n|upkeep\n|\n|t:|1700956618\n|switch|p2a: Dragonair|Dragonair, M|100\/100\n|turn|17\n|\n|t:|1700956627\n|move|p2a: Dragonair|Dragon Dance|p2a: Dragonair\n|-boost|p2a: Dragonair|atk|1\n|-boost|p2a: Dragonair|spe|1\n|move|p1a: Bisharp|Knock Off|p2a: Dragonair\n|-damage|p2a: Dragonair|0 fnt\n|-enditem|p2a: Dragonair|Eviolite|[from] move: Knock Off|[of] p1a: Bisharp\n|faint|p2a: Dragonair\n|\n|upkeep\n|\n|t:|1700956637\n|switch|p2a: Dipplin|Dipplin, F|100\/100\n|turn|18\n|\n|t:|1700956654\n|move|p1a: Bisharp|Knock Off|p2a: Dipplin\n|-damage|p2a: Dipplin|34\/100\n|-enditem|p2a: Dipplin|Aguav Berry|[from] move: Knock Off|[of] p1a: Bisharp\n|move|p2a: Dipplin|Solar Beam||[still]\n|-prepare|p2a: Dipplin|Solar Beam\n|\n|upkeep\n|turn|19\n|\n|t:|1700956663\n|move|p1a: Bisharp|Knock Off|p2a: Dipplin\n|-damage|p2a: Dipplin|0 fnt\n|faint|p2a: Dipplin\n|\n|win|plebVT\n","uploadtime":1700956739,"views":2,"p1id":"plebvt","p2id":"saorifrog","formatid":"gen9nationaldex","rating":0,"private":0,"password":""}