{"id":"gen9nationaldex-1995917029","p1":"gogotaxi","p2":"Carrotfromkanto","format":"[Gen 9] National Dex","log":"|html|<div class=\"broadcast-blue\"><strong>[Gen 9] National Dex is currently suspecting Sneasler! For information on how to participate check out the <a href=\"https:\/\/www.smogon.com\/forums\/threads\/sv-national-dex-suspect-8-just-dance.3731534\/\">suspect thread<\/a>.<\/strong><\/div>\n|j|\u2606gogotaxi\n|j|\u2606Carrotfromkanto\n|t:|1700617161\n|gametype|singles\n|player|p1|gogotaxi|shauntal|1096\n|player|p2|Carrotfromkanto|misty|1226\n|teamsize|p1|6\n|teamsize|p2|6\n|gen|9\n|tier|[Gen 9] National Dex\n|rated|\n|rule|HP Percentage Mod: HP is shown in percentages\n|rule|Endless Battle Clause: Forcing endless battles is banned\n|rule|OHKO Clause: OHKO moves are banned\n|rule|Evasion Clause: Evasion abilities, items, and moves are banned\n|rule|Evasion Abilities Clause: Evasion abilities are banned\n|rule|Evasion Items Clause: Evasion items are banned\n|rule|Evasion Moves Clause: Evasion moves are banned\n|rule|Species Clause: Limit one of each Pok\u00e9mon\n|rule|Sleep Clause Mod: Limit one foe put to sleep\n|clearpoke\n|poke|p1|Ditto|\n|poke|p1|Sableye, F|\n|poke|p1|Gligar, F|\n|poke|p1|Ninjask, M|\n|poke|p1|Muk, M|\n|poke|p1|Jigglypuff, M|\n|poke|p2|Starmie|\n|poke|p2|Togetic, M|\n|poke|p2|Gyarados, F|\n|poke|p2|Lanturn, M|\n|poke|p2|Nidoqueen, F|\n|poke|p2|Dragonair, F|\n|teampreview\n|inactive|Battle timer is ON: inactive players will automatically lose when time's up. (requested by gogotaxi)\n|inactive|Carrotfromkanto has 120 seconds left.\n|\n|t:|1700617219\n|start\n|switch|p1a: sadie|Sableye, F, shiny|100\/100\n|switch|p2a: Nidoqueen|Nidoqueen, F|100\/100\n|turn|1\n|\n|t:|1700617224\n|detailschange|p1a: sadie|Sableye-Mega, F, shiny\n|-mega|p1a: sadie|Sableye|Sablenite\n|move|p2a: Nidoqueen|Stealth Rock|p1a: sadie\n|move|p1a: sadie|Stealth Rock|p2a: Nidoqueen|[from]ability: Magic Bounce\n|-sidestart|p2: Carrotfromkanto|move: Stealth Rock\n|move|p1a: sadie|Will-O-Wisp|p2a: Nidoqueen\n|-status|p2a: Nidoqueen|brn\n|\n|-damage|p2a: Nidoqueen|94\/100 brn|[from] brn\n|upkeep\n|turn|2\n|\n|t:|1700617236\n|move|p2a: Nidoqueen|Earth Power|p1a: sadie\n|-damage|p1a: sadie|50\/100\n|move|p1a: sadie|Night Shade|p2a: Nidoqueen\n|-damage|p2a: Nidoqueen|63\/100 brn\n|\n|-damage|p2a: Nidoqueen|57\/100 brn|[from] brn\n|upkeep\n|turn|3\n|\n|t:|1700617246\n|switch|p1a: jask|Ninjask, M, shiny|100\/100\n|move|p2a: Nidoqueen|Stealth Rock|p1a: jask\n|-sidestart|p1: gogotaxi|move: Stealth Rock\n|\n|-damage|p2a: Nidoqueen|51\/100 brn|[from] brn\n|upkeep\n|turn|4\n|\n|t:|1700617252\n|switch|p2a: Togetic|Togetic, M|100\/100\n|-damage|p2a: Togetic|76\/100|[from] Stealth Rock\n|move|p1a: jask|U-turn|p2a: Togetic\n|-resisted|p2a: Togetic\n|-damage|p2a: Togetic|69\/100\n|\n|t:|1700617265\n|switch|p1a: sadie|Sableye-Mega, F, shiny|50\/100|[from] U-turn\n|-damage|p1a: sadie|38\/100|[from] Stealth Rock\n|\n|upkeep\n|turn|5\n|\n|t:|1700617270\n|move|p2a: Togetic|Dazzling Gleam|p1a: sadie\n|-supereffective|p1a: sadie\n|-damage|p1a: sadie|0 fnt\n|faint|p1a: sadie\n|\n|upkeep\n|\n|t:|1700617275\n|switch|p1a: puff|Jigglypuff, M, shiny|100\/100\n|-damage|p1a: puff|88\/100|[from] Stealth Rock\n|turn|6\n|\n|t:|1700617284\n|move|p2a: Togetic|Defog|p1a: puff\n|-unboost|p1a: puff|evasion|1\n|-sideend|p1: gogotaxi|Stealth Rock|[from] move: Defog|[of] p2a: Togetic\n|-sideend|p2: Carrotfromkanto|Stealth Rock|[from] move: Defog|[of] p2a: Togetic\n|move|p1a: puff|Toxic|p2a: Togetic\n|-status|p2a: Togetic|tox\n|\n|-damage|p2a: Togetic|63\/100 tox|[from] psn\n|upkeep\n|turn|7\n|\n|t:|1700617292\n|move|p2a: Togetic|Dazzling Gleam|p1a: puff\n|-damage|p1a: puff|64\/100\n|move|p1a: puff|Knock Off|p2a: Togetic\n|-resisted|p2a: Togetic\n|-damage|p2a: Togetic|59\/100 tox\n|-enditem|p2a: Togetic|Eviolite|[from] move: Knock Off|[of] p1a: puff\n|\n|-damage|p2a: Togetic|47\/100 tox|[from] psn\n|upkeep\n|turn|8\n|\n|t:|1700617303\n|move|p2a: Togetic|Roost|p2a: Togetic\n|-heal|p2a: Togetic|97\/100 tox\n|-singleturn|p2a: Togetic|move: Roost\n|move|p1a: puff|Knock Off|p2a: Togetic\n|-resisted|p2a: Togetic\n|-damage|p2a: Togetic|93\/100 tox\n|\n|-damage|p2a: Togetic|75\/100 tox|[from] psn\n|upkeep\n|turn|9\n|\n|t:|1700617312\n|switch|p2a: Nidoqueen|Nidoqueen, F|51\/100 brn\n|move|p1a: puff|Pain Split|p2a: Nidoqueen\n|-sethp|p2a: Nidoqueen|62\/100 brn|[from] move: Pain Split|[silent]\n|-sethp|p1a: puff|54\/100|[from] move: Pain Split\n|\n|-damage|p2a: Nidoqueen|56\/100 brn|[from] brn\n|upkeep\n|turn|10\n|\n|t:|1700617327\n|switch|p1a: gliggy|Gligar, F, shiny|100\/100\n|move|p2a: Nidoqueen|Sludge Wave|p1a: gliggy\n|-resisted|p1a: gliggy\n|-damage|p1a: gliggy|76\/100\n|\n|-damage|p2a: Nidoqueen|50\/100 brn|[from] brn\n|upkeep\n|turn|11\n|\n|t:|1700617334\n|move|p2a: Nidoqueen|Stealth Rock|p1a: gliggy\n|-sidestart|p1: gogotaxi|move: Stealth Rock\n|move|p1a: gliggy|Earthquake|p2a: Nidoqueen\n|-supereffective|p2a: Nidoqueen\n|-damage|p2a: Nidoqueen|0 fnt\n|faint|p2a: Nidoqueen\n|\n|upkeep\n|\n|t:|1700617341\n|switch|p2a: Starmie|Starmie|100\/100\n|turn|12\n|\n|t:|1700617349\n|-terastallize|p1a: gliggy|Water\n|move|p2a: Starmie|Surf|p1a: gliggy\n|-resisted|p1a: gliggy\n|-damage|p1a: gliggy|58\/100\n|move|p1a: gliggy|Toxic|p2a: Starmie\n|-status|p2a: Starmie|tox\n|\n|-damage|p2a: Starmie|94\/100 tox|[from] psn\n|upkeep\n|turn|13\n|inactive|Carrotfromkanto has 120 seconds left.\n|\n|t:|1700617385\n|move|p2a: Starmie|Meteor Beam||[still]\n|-prepare|p2a: Starmie|Meteor Beam\n|-boost|p2a: Starmie|spa|1\n|-enditem|p2a: Starmie|Power Herb\n|-anim|p2a: Starmie|Meteor Beam|p1a: gliggy\n|-damage|p1a: gliggy|12\/100\n|move|p1a: gliggy|Roost|p1a: gliggy\n|-heal|p1a: gliggy|62\/100\n|\n|-damage|p2a: Starmie|82\/100 tox|[from] psn\n|upkeep\n|turn|14\n|inactive|Carrotfromkanto has 120 seconds left.\n|\n|t:|1700617396\n|move|p2a: Starmie|Meteor Beam||[still]\n|-prepare|p2a: Starmie|Meteor Beam\n|-boost|p2a: Starmie|spa|1\n|move|p1a: gliggy|Roost|p1a: gliggy\n|-heal|p1a: gliggy|100\/100\n|\n|-damage|p2a: Starmie|64\/100 tox|[from] psn\n|upkeep\n|turn|15\n|\n|t:|1700617406\n|switch|p1a: ku|Muk, M, shiny|100\/100\n|-damage|p1a: ku|88\/100|[from] Stealth Rock\n|move|p2a: Starmie|Meteor Beam|p1a: ku|[from]lockedmove\n|-damage|p1a: ku|28\/100\n|\n|-heal|p1a: ku|34\/100|[from] item: Leftovers\n|-damage|p2a: Starmie|39\/100 tox|[from] psn\n|upkeep\n|turn|16\n|\n|t:|1700617417\n|move|p2a: Starmie|Psyshock|p1a: ku\n|-supereffective|p1a: ku\n|-damage|p1a: ku|0 fnt\n|faint|p1a: ku\n|\n|-damage|p2a: Starmie|9\/100 tox|[from] psn\n|upkeep\n|\n|t:|1700617423\n|switch|p1a: itto|Ditto, shiny|100\/100\n|-damage|p1a: itto|88\/100|[from] Stealth Rock\n|-transform|p1a: itto|p2a: Starmie|[from] ability: Imposter\n|turn|17\n|\n|t:|1700617436\n|switch|p2a: Lanturn|Lanturn, M|100\/100\n|move|p1a: itto|Surf|p2a: Lanturn\n|-resisted|p2a: Lanturn\n|-damage|p2a: Lanturn|62\/100\n|\n|-heal|p2a: Lanturn|68\/100|[from] item: Leftovers\n|upkeep\n|turn|18\n|\n|t:|1700617446\n|switch|p1a: puff|Jigglypuff, M, shiny|54\/100\n|-damage|p1a: puff|42\/100|[from] Stealth Rock\n|move|p2a: Lanturn|Volt Switch|p1a: puff\n|-damage|p1a: puff|22\/100\n|\n|t:|1700617457\n|switch|p2a: Dragonair|Dragonair, F|100\/100|[from] Volt Switch\n|\n|upkeep\n|turn|19\n|\n|t:|1700617470\n|move|p2a: Dragonair|Thunder|p1a: puff\n|-damage|p1a: puff|0 fnt\n|faint|p1a: puff\n|\n|upkeep\n|\n|t:|1700617474\n|switch|p1a: itto|Ditto, shiny|88\/100\n|-damage|p1a: itto|76\/100|[from] Stealth Rock\n|-transform|p1a: itto|p2a: Dragonair|[from] ability: Imposter\n|turn|20\n|\n|t:|1700617480\n|switch|p2a: Lanturn|Lanturn, M|68\/100\n|move|p1a: itto|Draco Meteor|p2a: Lanturn\n|-damage|p2a: Lanturn|33\/100\n|-unboost|p1a: itto|spa|2\n|\n|-heal|p2a: Lanturn|39\/100|[from] item: Leftovers\n|upkeep\n|turn|21\n|\n|t:|1700617493\n|switch|p1a: gliggy|Gligar, F, shiny, tera:Water|100\/100\n|-damage|p1a: gliggy|88\/100|[from] Stealth Rock\n|move|p2a: Lanturn|Scald|p1a: gliggy\n|-resisted|p1a: gliggy\n|-damage|p1a: gliggy|79\/100\n|\n|-heal|p2a: Lanturn|45\/100|[from] item: Leftovers\n|upkeep\n|turn|22\n|\n|t:|1700617502\n|move|p1a: gliggy|Earthquake|p2a: Lanturn\n|-supereffective|p2a: Lanturn\n|-damage|p2a: Lanturn|0 fnt\n|faint|p2a: Lanturn\n|\n|upkeep\n|\n|t:|1700617511\n|switch|p2a: Gyarados|Gyarados, F|100\/100\n|turn|23\n|\n|t:|1700617515\n|move|p2a: Gyarados|Dragon Dance|p2a: Gyarados\n|-boost|p2a: Gyarados|atk|1\n|-boost|p2a: Gyarados|spe|1\n|move|p1a: gliggy|Defog|p2a: Gyarados\n|-unboost|p2a: Gyarados|evasion|1\n|-sideend|p1: gogotaxi|Stealth Rock|[from] move: Defog|[of] p1a: gliggy\n|\n|upkeep\n|turn|24\n|\n|t:|1700617525\n|move|p2a: Gyarados|Dragon Dance|p2a: Gyarados\n|-boost|p2a: Gyarados|atk|1\n|-boost|p2a: Gyarados|spe|1\n|move|p1a: gliggy|Toxic|p2a: Gyarados\n|-status|p2a: Gyarados|tox\n|\n|-damage|p2a: Gyarados|94\/100 tox|[from] psn\n|upkeep\n|turn|25\n|\n|t:|1700617532\n|move|p2a: Gyarados|Dragon Dance|p2a: Gyarados\n|-boost|p2a: Gyarados|atk|1\n|-boost|p2a: Gyarados|spe|1\n|move|p1a: gliggy|Roost|p1a: gliggy\n|-heal|p1a: gliggy|100\/100\n|\n|-damage|p2a: Gyarados|82\/100 tox|[from] psn\n|upkeep\n|turn|26\n|\n|t:|1700617540\n|move|p2a: Gyarados|Skull Bash||[still]\n|-prepare|p2a: Gyarados|Skull Bash\n|-boost|p2a: Gyarados|def|1\n|-enditem|p2a: Gyarados|Power Herb\n|-anim|p2a: Gyarados|Skull Bash|p1a: gliggy\n|-damage|p1a: gliggy|42\/100\n|move|p1a: gliggy|Roost|p1a: gliggy\n|-heal|p1a: gliggy|92\/100\n|\n|-damage|p2a: Gyarados|64\/100 tox|[from] psn\n|upkeep\n|turn|27\n|\n|t:|1700617548\n|move|p2a: Gyarados|Dragon Dance|p2a: Gyarados\n|-boost|p2a: Gyarados|atk|1\n|-boost|p2a: Gyarados|spe|1\n|move|p1a: gliggy|Roost|p1a: gliggy\n|-heal|p1a: gliggy|100\/100\n|\n|-damage|p2a: Gyarados|40\/100 tox|[from] psn\n|upkeep\n|turn|28\n|\n|t:|1700617556\n|move|p2a: Gyarados|Skull Bash||[still]\n|-prepare|p2a: Gyarados|Skull Bash\n|-boost|p2a: Gyarados|def|1\n|move|p1a: gliggy|Earthquake|p2a: Gyarados\n|-immune|p2a: Gyarados\n|\n|-damage|p2a: Gyarados|10\/100 tox|[from] psn\n|upkeep\n|turn|29\n|\n|t:|1700617562\n|move|p2a: Gyarados|Skull Bash|p1a: gliggy|[from]lockedmove\n|-damage|p1a: gliggy|32\/100\n|move|p1a: gliggy|Earthquake|p2a: Gyarados\n|-immune|p2a: Gyarados\n|\n|-damage|p2a: Gyarados|0 fnt|[from] psn\n|faint|p2a: Gyarados\n|upkeep\n|\n|t:|1700617567\n|switch|p2a: Dragonair|Dragonair, F|100\/100\n|turn|30\n|\n|t:|1700617579\n|switch|p1a: itto|Ditto, shiny|76\/100\n|-transform|p1a: itto|p2a: Dragonair|[from] ability: Imposter\n|-terastallize|p2a: Dragonair|Dragon\n|move|p2a: Dragonair|Draco Meteor|p1a: itto|[miss]\n|-miss|p2a: Dragonair|p1a: itto\n|\n|upkeep\n|turn|31\n|\n|t:|1700617591\n|switch|p2a: Togetic|Togetic, M|75\/100 tox\n|move|p1a: itto|Draco Meteor|p2a: Togetic\n|-immune|p2a: Togetic\n|\n|-damage|p2a: Togetic|69\/100 tox|[from] psn\n|upkeep\n|turn|32\n|\n|t:|1700617599\n|switch|p1a: gliggy|Gligar, F, shiny, tera:Water|32\/100\n|switch|p2a: Dragonair|Dragonair, F, tera:Dragon|100\/100\n|\n|upkeep\n|turn|33\n|\n|t:|1700617605\n|move|p2a: Dragonair|Draco Meteor|p1a: gliggy\n|-crit|p1a: gliggy\n|-damage|p1a: gliggy|0 fnt\n|-unboost|p2a: Dragonair|spa|2\n|faint|p1a: gliggy\n|\n|upkeep\n|\n|t:|1700617610\n|switch|p1a: itto|Ditto, shiny|76\/100\n|-transform|p1a: itto|p2a: Dragonair|[from] ability: Imposter\n|turn|34\n|\n|t:|1700617618\n|move|p2a: Dragonair|Draco Meteor|p1a: itto\n|-supereffective|p1a: itto\n|-damage|p1a: itto|0 fnt\n|-unboost|p2a: Dragonair|spa|2\n|faint|p1a: itto\n|\n|upkeep\n|\n|t:|1700617623\n|switch|p1a: jask|Ninjask, M, shiny|100\/100\n|turn|35\n|\n|t:|1700617627\n|switch|p2a: Togetic|Togetic, M|69\/100 tox\n|move|p1a: jask|Leech Life|p2a: Togetic\n|-resisted|p2a: Togetic\n|-damage|p2a: Togetic|56\/100 tox\n|\n|-damage|p2a: Togetic|50\/100 tox|[from] psn\n|upkeep\n|turn|36\n|-message|gogotaxi forfeited.\n|\n|win|Carrotfromkanto\n|raw|gogotaxi's rating: 1096 &rarr; <strong>1080<\/strong><br \/>(-16 for losing)\n|raw|Carrotfromkanto's rating: 1226 &rarr; <strong>1242<\/strong><br \/>(+16 for winning)\n|l|\u2606gogotaxi\n","uploadtime":1700617642,"views":0,"p1id":"gogotaxi","p2id":"carrotfromkanto","formatid":"gen9nationaldex","rating":1080,"private":0,"password":""}