{"id":"gen9nationaldex-1993949896","p1":"cycycycycycy","p2":"zyw11037","format":"[Gen 9] National Dex","log":"|j|\u2606cycycycycycy\n|j|\u2606zyw11037\n|t:|1700381191\n|gametype|singles\n|player|p1|cycycycycycy|lyra|\n|player|p2|zyw11037|102|\n|teamsize|p1|6\n|teamsize|p2|6\n|gen|9\n|tier|[Gen 9] National Dex\n|rule|HP Percentage Mod: HP is shown in percentages\n|rule|Endless Battle Clause: Forcing endless battles is banned\n|rule|OHKO Clause: OHKO moves are banned\n|rule|Evasion Clause: Evasion abilities, items, and moves are banned\n|rule|Evasion Abilities Clause: Evasion abilities are banned\n|rule|Evasion Items Clause: Evasion items are banned\n|rule|Evasion Moves Clause: Evasion moves are banned\n|rule|Species Clause: Limit one of each Pok\u00e9mon\n|rule|Sleep Clause Mod: Limit one foe put to sleep\n|clearpoke\n|poke|p1|Magnezone|\n|poke|p1|Aggron, M|\n|poke|p1|Suicune|\n|poke|p1|Charizard, M|\n|poke|p1|Poliwrath, M|\n|poke|p1|Golduck, F|\n|poke|p2|Clawitzer, M|\n|poke|p2|Urshifu-*, F|\n|poke|p2|Noivern, F|\n|poke|p2|Hatterene, F|\n|poke|p2|Carbink|\n|poke|p2|Stonjourner, M|\n|teampreview\n|inactive|Battle timer is ON: inactive players will automatically lose when time's up. (requested by cycycycycycy)\n|inactive|cycycycycycy has 270 seconds left.\n|\n|t:|1700381223\n|start\n|switch|p1a: \u795e|Poliwrath, M|100\/100\n|switch|p2a: Hatterene|Hatterene, F|100\/100\n|turn|1\n|\n|t:|1700381254\n|switch|p1a: Golduck|Golduck, F|100\/100\n|move|p2a: Hatterene|Hyper Beam|p1a: Golduck\n|-damage|p1a: Golduck|52\/100\n|-mustrecharge|p2a: Hatterene\n|\n|-heal|p1a: Golduck|58\/100|[from] item: Leftovers\n|upkeep\n|turn|2\n|inactive|cycycycycycy has 270 seconds left.\n|inactive|zyw11037 has 270 seconds left.\n|\n|t:|1700381294\n|move|p1a: Golduck|Future Sight|p2a: Hatterene\n|-start|p1a: Golduck|move: Future Sight\n|cant|p2a: Hatterene|recharge\n|\n|-heal|p1a: Golduck|64\/100|[from] item: Leftovers\n|upkeep\n|turn|3\n|inactive|zyw11037 has 270 seconds left.\n|\n|t:|1700381313\n|move|p1a: Golduck|Whirlpool|p2a: Hatterene|[miss]\n|-miss|p1a: Golduck|p2a: Hatterene\n|move|p2a: Hatterene|Light Screen|p2a: Hatterene\n|-sidestart|p2: zyw11037|move: Light Screen\n|\n|-heal|p1a: Golduck|70\/100|[from] item: Leftovers\n|upkeep\n|turn|4\n|inactive|zyw11037 has 270 seconds left.\n|inactive|zyw11037 has 240 seconds left.\n|\n|t:|1700381354\n|switch|p2a: Clawitzer|Clawitzer, M|100\/100\n|move|p1a: Golduck|Whirlpool|p2a: Clawitzer\n|-resisted|p2a: Clawitzer\n|-damage|p2a: Clawitzer|96\/100\n|-activate|p2a: Clawitzer|move: Whirlpool|[of] p1a: Golduck\n|\n|-end|p2a: Clawitzer|move: Future Sight\n|-damage|p2a: Clawitzer|79\/100\n|-heal|p1a: Golduck|76\/100|[from] item: Leftovers\n|-damage|p2a: Clawitzer|67\/100|[from] move: Whirlpool|[partiallytrapped]\n|upkeep\n|turn|5\n|inactive|zyw11037 has 240 seconds left.\n|inactive|cycycycycycy has 240 seconds left.\n|\n|t:|1700381393\n|switch|p1a: \u5728\u6f14\u4e2a\u8bd5\u8bd5|Aggron, M|100\/100\n|move|p2a: Clawitzer|Dragon Pulse|p1a: \u5728\u6f14\u4e2a\u8bd5\u8bd5\n|-resisted|p1a: \u5728\u6f14\u4e2a\u8bd5\u8bd5\n|-crit|p1a: \u5728\u6f14\u4e2a\u8bd5\u8bd5\n|-damage|p1a: \u5728\u6f14\u4e2a\u8bd5\u8bd5|16\/100\n|-damage|p2a: Clawitzer|57\/100|[from] item: Life Orb\n|\n|-end|p2a: Clawitzer|Whirlpool|[partiallytrapped]|[silent]\n|upkeep\n|turn|6\n|-enditem|p1a: \u5728\u6f14\u4e2a\u8bd5\u8bd5|Custap Berry|[eat]\n|-activate|p1a: \u5728\u6f14\u4e2a\u8bd5\u8bd5|item: Custap Berry|[consumed]\n|\n|t:|1700381412\n|move|p1a: \u5728\u6f14\u4e2a\u8bd5\u8bd5|Head Smash|p2a: Clawitzer\n|-damage|p2a: Clawitzer|0 fnt\n|faint|p2a: Clawitzer\n|-damage|p1a: \u5728\u6f14\u4e2a\u8bd5\u8bd5|0 fnt|[from] Recoil\n|faint|p1a: \u5728\u6f14\u4e2a\u8bd5\u8bd5\n|\n|upkeep\n|\n|t:|1700381433\n|switch|p1a: \u6167\u6167|Magnezone|100\/100\n|switch|p2a: Carbink|Carbink|100\/100\n|turn|7\n|inactive|zyw11037 has 210 seconds left.\n|inactive|cycycycycycy has 210 seconds left.\n|\n|t:|1700381464\n|move|p1a: \u6167\u6167|Volt Switch|p2a: Carbink\n|-damage|p2a: Carbink|88\/100\n|\n|t:|1700381468\n|switch|p1a: Charizard|Charizard, M|100\/100|[from] Volt Switch\n|move|p2a: Carbink|Trick Room|p2a: Carbink\n|-fieldstart|move: Trick Room|[of] p2a: Carbink\n|\n|upkeep\n|turn|8\n|inactive|cycycycycycy has 210 seconds left.\n|inactive|zyw11037 has 210 seconds left.\n|inactive|zyw11037 has 180 seconds left.\n|\n|t:|1700381522\n|switch|p2a: Stonjourner|Stonjourner, M|100\/100\n|detailschange|p1a: Charizard|Charizard-Mega-X, M\n|-mega|p1a: Charizard|Charizard|Charizardite X\n|move|p1a: Charizard|Earthquake|p2a: Stonjourner\n|-supereffective|p2a: Stonjourner\n|-damage|p2a: Stonjourner|49\/100\n|\n|upkeep\n|turn|9\n|inactive|zyw11037 has 180 seconds left.\n|inactive|cycycycycycy has 210 seconds left.\n|inactive|cycycycycycy has 180 seconds left.\n|\n|t:|1700381568\n|switch|p1a: Golduck|Golduck, F|76\/100\n|move|p2a: Stonjourner|Iron Defense|p2a: Stonjourner\n|-boost|p2a: Stonjourner|def|2\n|\n|-heal|p1a: Golduck|82\/100|[from] item: Leftovers\n|upkeep\n|turn|10\n|inactive|cycycycycycy has 180 seconds left.\n|inactive|zyw11037 has 150 seconds left.\n|inactive|zyw11037 has 120 seconds left.\n|\n|t:|1700381645\n|move|p2a: Stonjourner|Body Press|p1a: Golduck\n|-damage|p1a: Golduck|31\/100\n|move|p1a: Golduck|Whirlpool|p2a: Stonjourner\n|-supereffective|p2a: Stonjourner\n|-damage|p2a: Stonjourner|28\/100\n|-activate|p2a: Stonjourner|move: Whirlpool|[of] p1a: Golduck\n|\n|-heal|p1a: Golduck|37\/100|[from] item: Leftovers\n|-damage|p2a: Stonjourner|16\/100|[from] move: Whirlpool|[partiallytrapped]\n|-sideend|p2: zyw11037|move: Light Screen\n|upkeep\n|turn|11\n|\n|t:|1700381660\n|switch|p1a: Charizard|Charizard-Mega-X, M|100\/100\n|move|p2a: Stonjourner|Rest|p2a: Stonjourner\n|-status|p2a: Stonjourner|slp|[from] move: Rest\n|-heal|p2a: Stonjourner|100\/100 slp|[silent]\n|-enditem|p2a: Stonjourner|Chesto Berry|[eat]\n|-curestatus|p2a: Stonjourner|slp|[msg]\n|\n|-end|p2a: Stonjourner|Whirlpool|[partiallytrapped]|[silent]\n|-fieldend|move: Trick Room\n|upkeep\n|turn|12\n|\n|t:|1700381685\n|switch|p1a: Golduck|Golduck, F|37\/100\n|move|p2a: Stonjourner|Earthquake|p1a: Golduck\n|-damage|p1a: Golduck|5\/100\n|\n|-heal|p1a: Golduck|11\/100|[from] item: Leftovers\n|upkeep\n|turn|13\n|inactive|cycycycycycy has 150 seconds left.\n|inactive|cycycycycycy has 120 seconds left.\n|\n|t:|1700381745\n|move|p1a: Golduck|Future Sight|p2a: Stonjourner\n|-start|p1a: Golduck|move: Future Sight\n|move|p2a: Stonjourner|Earthquake|p1a: Golduck\n|-damage|p1a: Golduck|0 fnt\n|faint|p1a: Golduck\n|\n|upkeep\n|\n|t:|1700381749\n|switch|p1a: Suicune|Suicune, shiny|100\/100\n|-ability|p1a: Suicune|Pressure\n|turn|14\n|inactive|cycycycycycy has 120 seconds left.\n|inactive|zyw11037 has 90 seconds left.\n|inactive|zyw11037 has 60 seconds left.\n|\n|t:|1700381816\n|switch|p2a: Hatterene|Hatterene, F|100\/100\n|move|p1a: Suicune|Calm Mind|p1a: Suicune\n|-boost|p1a: Suicune|spa|1\n|-boost|p1a: Suicune|spd|1\n|\n|upkeep\n|turn|15\n|inactive|cycycycycycy has 120 seconds left.\n|\n|t:|1700381834\n|move|p1a: Suicune|Calm Mind|p1a: Suicune\n|-boost|p1a: Suicune|spa|1\n|-boost|p1a: Suicune|spd|1\n|move|p2a: Hatterene|Light Screen|p2a: Hatterene\n|-sidestart|p2: zyw11037|move: Light Screen\n|\n|-end|p2a: Hatterene|move: Future Sight\n|-resisted|p2a: Hatterene\n|-damage|p2a: Hatterene|94\/100\n|upkeep\n|turn|16\n|inactive|zyw11037 has 30 seconds left.\n|\n|t:|1700381860\n|switch|p2a: Urshifu|Urshifu-Rapid-Strike, F|100\/100\n|move|p1a: Suicune|Calm Mind|p1a: Suicune\n|-boost|p1a: Suicune|spa|1\n|-boost|p1a: Suicune|spd|1\n|\n|upkeep\n|turn|17\n|inactive|cycycycycycy has 120 seconds left.\n|inactive|zyw11037 has 30 seconds left.\n|\n|t:|1700381873\n|move|p2a: Urshifu|Close Combat|p1a: Suicune\n|-damage|p1a: Suicune|63\/100\n|-unboost|p2a: Urshifu|def|1\n|-unboost|p2a: Urshifu|spd|1\n|move|p1a: Suicune|Scald|p2a: Urshifu\n|-resisted|p2a: Urshifu\n|-damage|p2a: Urshifu|64\/100\n|\n|-heal|p1a: Suicune|69\/100|[from] item: Leftovers\n|upkeep\n|turn|18\n|inactive|cycycycycycy has 120 seconds left.\n|inactive|zyw11037 has 30 seconds left.\n|inactive|zyw11037 has 20 seconds left.\n|inactive|zyw11037 has 15 seconds left.\n|inactive|zyw11037 has 10 seconds left.\n|\n|t:|1700381906\n|move|p2a: Urshifu|Close Combat|p1a: Suicune\n|-damage|p1a: Suicune|36\/100\n|-unboost|p2a: Urshifu|def|1\n|-unboost|p2a: Urshifu|spd|1\n|move|p1a: Suicune|Scald|p2a: Urshifu\n|-resisted|p2a: Urshifu\n|-damage|p2a: Urshifu|19\/100\n|\n|-heal|p1a: Suicune|42\/100|[from] item: Leftovers\n|upkeep\n|turn|19\n|inactive|zyw11037 has 20 seconds left this turn.\n|inactive|zyw11037 has 15 seconds left.\n|inactive|cycycycycycy has 90 seconds left.\n|\n|t:|1700381937\n|switch|p2a: Carbink|Carbink|88\/100\n|-terastallize|p1a: Suicune|Ghost\n|move|p1a: Suicune|Scald|p2a: Carbink\n|-supereffective|p2a: Carbink\n|-damage|p2a: Carbink|51\/100\n|\n|-heal|p1a: Suicune|48\/100|[from] item: Leftovers\n|upkeep\n|turn|20\n|inactive|zyw11037 has 25 seconds left this turn.\n|inactive|cycycycycycy has 90 seconds left.\n|inactive|zyw11037 has 20 seconds left.\n|inactive|zyw11037 has 15 seconds left.\n|\n|t:|1700381969\n|move|p1a: Suicune|Calm Mind|p1a: Suicune\n|-boost|p1a: Suicune|spa|1\n|-boost|p1a: Suicune|spd|1\n|move|p2a: Carbink|Trick Room|p2a: Carbink\n|-fieldstart|move: Trick Room|[of] p2a: Carbink\n|\n|-heal|p1a: Suicune|54\/100|[from] item: Leftovers\n|upkeep\n|turn|21\n|inactive|zyw11037 has 25 seconds left this turn.\n|inactive|zyw11037 has 20 seconds left.\n|inactive|zyw11037 has 15 seconds left.\n|inactive|cycycycycycy has 60 seconds left.\n|inactive|zyw11037 has 10 seconds left.\n|inactiveoff|Battle timer is now OFF.\n|\n|t:|1700382001\n|move|p2a: Carbink|Explosion|p1a: Suicune\n|-immune|p1a: Suicune\n|faint|p2a: Carbink\n|move|p1a: Suicune|Calm Mind|p1a: Suicune\n|-boost|p1a: Suicune|spa|1\n|-boost|p1a: Suicune|spd|1\n|\n|-heal|p1a: Suicune|61\/100|[from] item: Leftovers\n|upkeep\n|\n|t:|1700382016\n|switch|p2a: Hatterene|Hatterene, F|94\/100\n|turn|22\n|\n|t:|1700382042\n|move|p1a: Suicune|Protect|p1a: Suicune\n|-singleturn|p1a: Suicune|Protect\n|move|p2a: Hatterene|Reflect|p2a: Hatterene\n|-sidestart|p2: zyw11037|Reflect\n|\n|-heal|p1a: Suicune|67\/100|[from] item: Leftovers\n|-sideend|p2: zyw11037|move: Light Screen\n|upkeep\n|turn|23\n|\n|t:|1700382057\n|move|p2a: Hatterene|Light Screen|p2a: Hatterene\n|-sidestart|p2: zyw11037|move: Light Screen\n|move|p1a: Suicune|Calm Mind|p1a: Suicune\n|-boost|p1a: Suicune|spa|1\n|-boost|p1a: Suicune|spd|1\n|\n|-heal|p1a: Suicune|73\/100|[from] item: Leftovers\n|upkeep\n|turn|24\n|\n|t:|1700382072\n|move|p2a: Hatterene|Healing Wish|p2a: Hatterene\n|faint|p2a: Hatterene\n|move|p1a: Suicune|Substitute|p1a: Suicune\n|-start|p1a: Suicune|Substitute\n|-damage|p1a: Suicune|48\/100\n|\n|-heal|p1a: Suicune|54\/100|[from] item: Leftovers\n|-fieldend|move: Trick Room\n|upkeep\n|\n|t:|1700382084\n|switch|p2a: Urshifu|Urshifu-Rapid-Strike, F|19\/100\n|-heal|p2a: Urshifu|100\/100|[from] move: Healing Wish\n|turn|25\n|\n|t:|1700382119\n|-terastallize|p2a: Urshifu|Water\n|move|p2a: Urshifu|Surging Strikes|p1a: Suicune\n|-crit|p1a: Suicune\n|-activate|p1a: Suicune|move: Substitute|[damage]\n|-crit|p1a: Suicune\n|-end|p1a: Suicune|Substitute\n|-crit|p1a: Suicune\n|-damage|p1a: Suicune|39\/100\n|-hitcount|p1a: Suicune|3\n|move|p1a: Suicune|Scald|p2a: Urshifu\n|-resisted|p2a: Urshifu\n|-damage|p2a: Urshifu|60\/100\n|-status|p2a: Urshifu|brn\n|\n|-heal|p1a: Suicune|45\/100|[from] item: Leftovers\n|-damage|p2a: Urshifu|54\/100 brn|[from] brn\n|upkeep\n|turn|26\n|\n|t:|1700382154\n|move|p2a: Urshifu|Surging Strikes|p1a: Suicune\n|-crit|p1a: Suicune\n|-damage|p1a: Suicune|37\/100\n|-crit|p1a: Suicune\n|-damage|p1a: Suicune|30\/100\n|-crit|p1a: Suicune\n|-damage|p1a: Suicune|23\/100\n|-hitcount|p1a: Suicune|3\n|move|p1a: Suicune|Scald|p2a: Urshifu\n|-resisted|p2a: Urshifu\n|-damage|p2a: Urshifu|17\/100 brn\n|\n|-heal|p1a: Suicune|29\/100|[from] item: Leftovers\n|-damage|p2a: Urshifu|11\/100 brn|[from] brn\n|upkeep\n|turn|27\n|\n|t:|1700382166\n|switch|p1a: \u795e|Poliwrath, M|100\/100\n|move|p2a: Urshifu|Surging Strikes|p1a: \u795e\n|-immune|p1a: \u795e|[from] ability: Water Absorb\n|\n|-damage|p2a: Urshifu|5\/100 brn|[from] brn\n|upkeep\n|turn|28\n|\n|t:|1700382185\n|switch|p2a: Noivern|Noivern, F|100\/100\n|-zpower|p1a: \u795e\n|move|p1a: \u795e|Z-Hypnosis|p2a: Noivern|[anim]Hypnosis\n|-boost|p1a: \u795e|spe|1|[zeffect]\n|-status|p2a: Noivern|slp|[from] move: Hypnosis\n|\n|upkeep\n|turn|29\n|\n|t:|1700382205\n|move|p1a: \u795e|Belly Drum|p1a: \u795e\n|-damage|p1a: \u795e|51\/100\n|-setboost|p1a: \u795e|atk|6|[from] move: Belly Drum\n|cant|p2a: Noivern|slp\n|\n|-sideend|p2: zyw11037|Reflect\n|upkeep\n|turn|30\n|\n|t:|1700382216\n|move|p1a: \u795e|Waterfall|p2a: Noivern\n|-resisted|p2a: Noivern\n|-damage|p2a: Noivern|18\/100 slp\n|-curestatus|p2a: Noivern|slp|[msg]\n|move|p2a: Noivern|Draco Meteor|p1a: \u795e\n|-damage|p1a: \u795e|0 fnt\n|-unboost|p2a: Noivern|spa|2\n|faint|p1a: \u795e\n|\n|-sideend|p2: zyw11037|move: Light Screen\n|upkeep\n|\n|t:|1700382233\n|switch|p1a: Suicune|Suicune, shiny, tera:Ghost|29\/100\n|-ability|p1a: Suicune|Pressure\n|turn|31\n|\n|t:|1700382244\n|move|p2a: Noivern|Draco Meteor|p1a: Suicune\n|-damage|p1a: Suicune|0 fnt\n|-unboost|p2a: Noivern|spa|2\n|faint|p1a: Suicune\n|\n|upkeep\n|\n|t:|1700382251\n|switch|p1a: \u6167\u6167|Magnezone|100\/100\n|turn|32\n|\n|t:|1700382263\n|switch|p2a: Stonjourner|Stonjourner, M|100\/100\n|move|p1a: \u6167\u6167|Volt Switch|p2a: Stonjourner\n|-crit|p2a: Stonjourner\n|-damage|p2a: Stonjourner|27\/100\n|\n|t:|1700382271\n|switch|p1a: Charizard|Charizard-Mega-X, M|100\/100|[from] Volt Switch\n|\n|upkeep\n|turn|33\n|\n|t:|1700382287\n|move|p1a: Charizard|Earthquake|p2a: Stonjourner\n|-supereffective|p2a: Stonjourner\n|-damage|p2a: Stonjourner|0 fnt\n|faint|p2a: Stonjourner\n|\n|upkeep\n|\n|t:|1700382294\n|switch|p2a: Noivern|Noivern, F|18\/100\n|turn|34\n|\n|t:|1700382321\n|move|p2a: Noivern|Draco Meteor|p1a: Charizard\n|-supereffective|p1a: Charizard\n|-damage|p1a: Charizard|0 fnt\n|-unboost|p2a: Noivern|spa|2\n|faint|p1a: Charizard\n|\n|upkeep\n|\n|t:|1700382323\n|switch|p1a: \u6167\u6167|Magnezone|100\/100\n|turn|35\n|\n|t:|1700382338\n|move|p2a: Noivern|Draco Meteor|p1a: \u6167\u6167|[miss]\n|-miss|p2a: Noivern|p1a: \u6167\u6167\n|move|p1a: \u6167\u6167|Volt Switch|p2a: Noivern\n|-damage|p2a: Noivern|0 fnt\n|faint|p2a: Noivern\n|\n|upkeep\n|\n|t:|1700382345\n|switch|p2a: Urshifu|Urshifu-Rapid-Strike, F, tera:Water|5\/100 brn\n|turn|36\n|\n|t:|1700382349\n|move|p2a: Urshifu|Close Combat|p1a: \u6167\u6167\n|-supereffective|p1a: \u6167\u6167\n|-crit|p1a: \u6167\u6167\n|-damage|p1a: \u6167\u6167|2\/100\n|-unboost|p2a: Urshifu|def|1\n|-unboost|p2a: Urshifu|spd|1\n|move|p1a: \u6167\u6167|Volt Switch|p2a: Urshifu\n|-supereffective|p2a: Urshifu\n|-damage|p2a: Urshifu|0 fnt\n|faint|p2a: Urshifu\n|\n|win|cycycycycycy\n|l|\u2606zyw11037\n|j|\u2606zyw11037\n|player|p2|zyw11037|102\n","uploadtime":1700382601,"views":15,"p1id":"cycycycycycy","p2id":"zyw11037","formatid":"gen9nationaldex","rating":0,"private":0,"password":""}