{"id":"gen9nationaldex-1996364576","p1":"830r","p2":"Aglio.4x","format":"[Gen 9] National Dex","log":"|html|<div class=\"broadcast-blue\"><strong>[Gen 9] National Dex is currently suspecting Sneasler! For information on how to participate check out the <a href=\"https:\/\/www.smogon.com\/forums\/threads\/sv-national-dex-suspect-8-just-dance.3731534\/\">suspect thread<\/a>.<\/strong><\/div>\n|j|\u2606830r\n|j|\u2606Aglio.4x\n|t:|1700675022\n|gametype|singles\n|player|p1|830r|veteran|1319\n|player|p2|Aglio.4x|clair|1369\n|teamsize|p1|6\n|teamsize|p2|6\n|gen|9\n|tier|[Gen 9] National Dex\n|rated|\n|rule|HP Percentage Mod: HP is shown in percentages\n|rule|Endless Battle Clause: Forcing endless battles is banned\n|rule|OHKO Clause: OHKO moves are banned\n|rule|Evasion Clause: Evasion abilities, items, and moves are banned\n|rule|Evasion Abilities Clause: Evasion abilities are banned\n|rule|Evasion Items Clause: Evasion items are banned\n|rule|Evasion Moves Clause: Evasion moves are banned\n|rule|Species Clause: Limit one of each Pok\u00e9mon\n|rule|Sleep Clause Mod: Limit one foe put to sleep\n|clearpoke\n|poke|p1|Celesteela|\n|poke|p1|Toxapex, F|\n|poke|p1|Garganacl, F|\n|poke|p1|Zamazenta-*|\n|poke|p1|Mew|\n|poke|p1|Crawdaunt, M|\n|poke|p2|Aggron, F|\n|poke|p2|Blacephalon|\n|poke|p2|Kleavor, F|\n|poke|p2|Ribombee, F|\n|poke|p2|Meowscarada, F|\n|poke|p2|Salamence, F|\n|teampreview\n|inactive|Battle timer is ON: inactive players will automatically lose when time's up. (requested by Aglio.4x)\n|inactive|830r also wants the timer to be on.\n|\n|t:|1700675050\n|start\n|switch|p1a: Toxapex|Toxapex, F, shiny|100\/100\n|switch|p2a: Meowscarada|Meowscarada, F|100\/100\n|turn|1\n|\n|t:|1700675068\n|move|p2a: Meowscarada|Flower Trick|p1a: Toxapex\n|-start|p2a: Meowscarada|typechange|Grass|[from] ability: Protean\n|-crit|p1a: Toxapex\n|-damage|p1a: Toxapex|44\/100\n|move|p1a: Toxapex|Infestation|p2a: Meowscarada\n|-supereffective|p2a: Meowscarada\n|-damage|p2a: Meowscarada|92\/100\n|-activate|p2a: Meowscarada|move: Infestation|[of] p1a: Toxapex\n|\n|-heal|p1a: Toxapex|50\/100|[from] item: Black Sludge\n|-damage|p2a: Meowscarada|80\/100|[from] move: Infestation|[partiallytrapped]\n|upkeep\n|turn|2\n|\n|t:|1700675074\n|move|p1a: Toxapex|Baneful Bunker|p1a: Toxapex\n|-singleturn|p1a: Toxapex|move: Protect\n|move|p2a: Meowscarada|Flower Trick|p1a: Toxapex\n|-activate|p1a: Toxapex|move: Protect\n|\n|-heal|p1a: Toxapex|57\/100|[from] item: Black Sludge\n|-damage|p2a: Meowscarada|68\/100|[from] move: Infestation|[partiallytrapped]\n|upkeep\n|turn|3\n|\n|t:|1700675095\n|switch|p1a: Celesteela|Celesteela|100\/100\n|move|p2a: Meowscarada|Flower Trick|p1a: Celesteela\n|-resisted|p1a: Celesteela\n|-crit|p1a: Celesteela\n|-damage|p1a: Celesteela|88\/100\n|\n|-heal|p1a: Celesteela|94\/100|[from] item: Leftovers\n|-end|p2a: Meowscarada|Infestation|[partiallytrapped]|[silent]\n|upkeep\n|turn|4\n|\n|t:|1700675100\n|switch|p2a: Salamence|Salamence, F|100\/100\n|-ability|p2a: Salamence|Intimidate|boost\n|-unboost|p1a: Celesteela|atk|1\n|move|p1a: Celesteela|Substitute|p1a: Celesteela\n|-start|p1a: Celesteela|Substitute\n|-damage|p1a: Celesteela|69\/100\n|\n|-heal|p1a: Celesteela|75\/100|[from] item: Leftovers\n|upkeep\n|turn|5\n|\n|t:|1700675103\n|move|p2a: Salamence|Flamethrower|p1a: Celesteela\n|-supereffective|p1a: Celesteela\n|-end|p1a: Celesteela|Substitute\n|move|p1a: Celesteela|Toxic|p2a: Salamence\n|-status|p2a: Salamence|tox\n|\n|-heal|p1a: Celesteela|81\/100|[from] item: Leftovers\n|-damage|p2a: Salamence|94\/100 tox|[from] psn\n|upkeep\n|turn|6\n|\n|t:|1700675106\n|switch|p1a: Toxapex|Toxapex, F, shiny|90\/100\n|move|p2a: Salamence|Flamethrower|p1a: Toxapex\n|-resisted|p1a: Toxapex\n|-damage|p1a: Toxapex|83\/100\n|-status|p1a: Toxapex|brn\n|\n|-heal|p1a: Toxapex|89\/100 brn|[from] item: Black Sludge\n|-damage|p2a: Salamence|82\/100 tox|[from] psn\n|-damage|p1a: Toxapex|83\/100 brn|[from] brn\n|upkeep\n|turn|7\n|\n|t:|1700675113\n|move|p2a: Salamence|Draco Meteor|p1a: Toxapex\n|-damage|p1a: Toxapex|47\/100 brn\n|-unboost|p2a: Salamence|spa|2\n|move|p1a: Toxapex|Infestation|p2a: Salamence\n|-resisted|p2a: Salamence\n|-damage|p2a: Salamence|81\/100 tox\n|-activate|p2a: Salamence|move: Infestation|[of] p1a: Toxapex\n|\n|-heal|p1a: Toxapex|53\/100 brn|[from] item: Black Sludge\n|-damage|p2a: Salamence|63\/100 tox|[from] psn\n|-damage|p1a: Toxapex|47\/100 brn|[from] brn\n|-damage|p2a: Salamence|50\/100 tox|[from] move: Infestation|[partiallytrapped]\n|upkeep\n|turn|8\n|\n|t:|1700675118\n|move|p2a: Salamence|Defog|p1a: Toxapex\n|-unboost|p1a: Toxapex|evasion|1\n|move|p1a: Toxapex|Recover|p1a: Toxapex\n|-heal|p1a: Toxapex|97\/100 brn\n|\n|-heal|p1a: Toxapex|100\/100 brn|[from] item: Black Sludge\n|-damage|p2a: Salamence|26\/100 tox|[from] psn\n|-damage|p1a: Toxapex|94\/100 brn|[from] brn\n|-damage|p2a: Salamence|14\/100 tox|[from] move: Infestation|[partiallytrapped]\n|upkeep\n|turn|9\n|\n|t:|1700675128\n|switch|p1a: Mew|Mew, shiny|100\/100\n|move|p2a: Salamence|Dragon Tail|p1a: Mew\n|-damage|p1a: Mew|80\/100\n|drag|p1a: Toxapex|Toxapex, F, shiny|100\/100 brn\n|\n|-damage|p2a: Salamence|0 fnt|[from] psn\n|faint|p2a: Salamence\n|-damage|p1a: Toxapex|94\/100 brn|[from] brn\n|upkeep\n|\n|t:|1700675134\n|switch|p2a: Blacephalon|Blacephalon|100\/100\n|turn|10\n|\n|t:|1700675144\n|move|p2a: Blacephalon|Psyshock|p1a: Toxapex\n|-supereffective|p1a: Toxapex\n|-damage|p1a: Toxapex|27\/100 brn\n|move|p1a: Toxapex|Toxic|p2a: Blacephalon\n|-status|p2a: Blacephalon|tox\n|\n|-heal|p1a: Toxapex|33\/100 brn|[from] item: Black Sludge\n|-damage|p2a: Blacephalon|94\/100 tox|[from] psn\n|-damage|p1a: Toxapex|27\/100 brn|[from] brn\n|upkeep\n|turn|11\n|\n|t:|1700675149\n|switch|p2a: Meowscarada|Meowscarada, F|68\/100\n|move|p1a: Toxapex|Baneful Bunker||[still]\n|-fail|p1a: Toxapex\n|\n|-heal|p1a: Toxapex|33\/100 brn|[from] item: Black Sludge\n|-damage|p1a: Toxapex|27\/100 brn|[from] brn\n|upkeep\n|turn|12\n|\n|t:|1700675152\n|switch|p1a: Celesteela|Celesteela|81\/100\n|move|p2a: Meowscarada|Flower Trick|p1a: Celesteela\n|-start|p2a: Meowscarada|typechange|Grass|[from] ability: Protean\n|-resisted|p1a: Celesteela\n|-crit|p1a: Celesteela\n|-damage|p1a: Celesteela|69\/100\n|\n|-heal|p1a: Celesteela|75\/100|[from] item: Leftovers\n|upkeep\n|turn|13\n|\n|t:|1700675156\n|switch|p2a: Blacephalon|Blacephalon|94\/100 tox\n|move|p1a: Celesteela|Substitute|p1a: Celesteela\n|-start|p1a: Celesteela|Substitute\n|-damage|p1a: Celesteela|50\/100\n|\n|-heal|p1a: Celesteela|56\/100|[from] item: Leftovers\n|-damage|p2a: Blacephalon|88\/100 tox|[from] psn\n|upkeep\n|turn|14\n|\n|t:|1700675158\n|move|p2a: Blacephalon|Flamethrower|p1a: Celesteela\n|-supereffective|p1a: Celesteela\n|-end|p1a: Celesteela|Substitute\n|move|p1a: Celesteela|Leech Seed|p2a: Blacephalon\n|-start|p2a: Blacephalon|move: Leech Seed\n|\n|-heal|p1a: Celesteela|62\/100|[from] item: Leftovers\n|-damage|p2a: Blacephalon|76\/100 tox|[from] Leech Seed|[of] p1a: Celesteela\n|-heal|p1a: Celesteela|69\/100|[silent]\n|-damage|p2a: Blacephalon|64\/100 tox|[from] psn\n|upkeep\n|turn|15\n|\n|t:|1700675164\n|switch|p2a: Meowscarada|Meowscarada, F|68\/100\n|switch|p1a: Toxapex|Toxapex, F, shiny|60\/100 brn\n|\n|-heal|p1a: Toxapex|67\/100 brn|[from] item: Black Sludge\n|-damage|p1a: Toxapex|60\/100 brn|[from] brn\n|upkeep\n|turn|16\n|\n|t:|1700675171\n|move|p1a: Toxapex|Baneful Bunker|p1a: Toxapex\n|-singleturn|p1a: Toxapex|move: Protect\n|move|p2a: Meowscarada|Flower Trick|p1a: Toxapex\n|-start|p2a: Meowscarada|typechange|Grass|[from] ability: Protean\n|-activate|p1a: Toxapex|move: Protect\n|\n|-heal|p1a: Toxapex|67\/100 brn|[from] item: Black Sludge\n|-damage|p1a: Toxapex|60\/100 brn|[from] brn\n|upkeep\n|turn|17\n|\n|t:|1700675177\n|switch|p2a: Blacephalon|Blacephalon|64\/100 tox\n|switch|p1a: Celesteela|Celesteela|69\/100\n|\n|-heal|p1a: Celesteela|75\/100|[from] item: Leftovers\n|-damage|p2a: Blacephalon|58\/100 tox|[from] psn\n|upkeep\n|turn|18\n|\n|t:|1700675182\n|switch|p1a: Toxapex|Toxapex, F, shiny|94\/100 brn\n|move|p2a: Blacephalon|Trick|p1a: Toxapex\n|-activate|p2a: Blacephalon|move: Trick|[of] p1a: Toxapex\n|-item|p1a: Toxapex|Choice Specs|[from] move: Trick\n|-item|p2a: Blacephalon|Black Sludge|[from] move: Trick\n|\n|-damage|p2a: Blacephalon|46\/100 tox|[from] item: Black Sludge\n|-damage|p2a: Blacephalon|34\/100 tox|[from] psn\n|-damage|p1a: Toxapex|87\/100 brn|[from] brn\n|upkeep\n|turn|19\n|\n|t:|1700675186\n|move|p2a: Blacephalon|Psyshock|p1a: Toxapex\n|-supereffective|p1a: Toxapex\n|-damage|p1a: Toxapex|42\/100 brn\n|move|p1a: Toxapex|Infestation|p2a: Blacephalon\n|-resisted|p2a: Blacephalon\n|-damage|p2a: Blacephalon|32\/100 tox\n|-activate|p2a: Blacephalon|move: Infestation|[of] p1a: Toxapex\n|\n|-damage|p2a: Blacephalon|20\/100 tox|[from] item: Black Sludge\n|-damage|p2a: Blacephalon|2\/100 tox|[from] psn\n|-damage|p1a: Toxapex|36\/100 brn|[from] brn\n|-damage|p2a: Blacephalon|0 fnt|[from] move: Infestation|[partiallytrapped]\n|faint|p2a: Blacephalon\n|upkeep\n|\n|t:|1700675198\n|switch|p2a: Kleavor|Kleavor, F|100\/100\n|turn|20\n|\n|t:|1700675216\n|move|p2a: Kleavor|Swords Dance|p2a: Kleavor\n|-boost|p2a: Kleavor|atk|2\n|move|p1a: Toxapex|Infestation|p2a: Kleavor\n|-crit|p2a: Kleavor\n|-damage|p2a: Kleavor|92\/100\n|-activate|p2a: Kleavor|move: Infestation|[of] p1a: Toxapex\n|\n|-heal|p2a: Kleavor|98\/100|[from] item: Leftovers\n|-damage|p1a: Toxapex|29\/100 brn|[from] brn\n|-damage|p2a: Kleavor|86\/100|[from] move: Infestation|[partiallytrapped]\n|upkeep\n|turn|21\n|\n|t:|1700675221\n|switch|p1a: Zamazenta|Zamazenta|100\/100\n|-ability|p1a: Zamazenta|Dauntless Shield|boost\n|-boost|p1a: Zamazenta|def|1\n|move|p2a: Kleavor|Stone Axe|p1a: Zamazenta\n|-resisted|p1a: Zamazenta\n|-crit|p1a: Zamazenta\n|-damage|p1a: Zamazenta|45\/100\n|-sidestart|p1: 830r|move: Stealth Rock\n|\n|-heal|p2a: Kleavor|92\/100|[from] item: Leftovers\n|-end|p2a: Kleavor|Infestation|[partiallytrapped]|[silent]\n|upkeep\n|turn|22\n|\n|t:|1700675226\n|move|p1a: Zamazenta|Heavy Slam|p2a: Kleavor\n|-supereffective|p2a: Kleavor\n|-damage|p2a: Kleavor|55\/100\n|move|p2a: Kleavor|X-Scissor|p1a: Zamazenta\n|-resisted|p1a: Zamazenta\n|-damage|p1a: Zamazenta|12\/100\n|\n|-heal|p2a: Kleavor|62\/100|[from] item: Leftovers\n|upkeep\n|turn|23\n|\n|t:|1700675232\n|move|p1a: Zamazenta|Close Combat|p2a: Kleavor\n|-damage|p2a: Kleavor|3\/100\n|-unboost|p1a: Zamazenta|def|1\n|-unboost|p1a: Zamazenta|spd|1\n|move|p2a: Kleavor|Knock Off|p1a: Zamazenta\n|-resisted|p1a: Zamazenta\n|-damage|p1a: Zamazenta|0 fnt\n|-enditem|p1a: Zamazenta|Assault Vest|[from] move: Knock Off|[of] p2a: Kleavor\n|faint|p1a: Zamazenta\n|\n|-heal|p2a: Kleavor|9\/100|[from] item: Leftovers\n|upkeep\n|\n|t:|1700675235\n|switch|p1a: Crawdaunt|Crawdaunt, M|100\/100\n|-damage|p1a: Crawdaunt|88\/100|[from] Stealth Rock\n|turn|24\n|\n|t:|1700675239\n|move|p1a: Crawdaunt|Aqua Jet|p2a: Kleavor\n|-supereffective|p2a: Kleavor\n|-damage|p2a: Kleavor|0 fnt\n|faint|p2a: Kleavor\n|\n|upkeep\n|\n|t:|1700675240\n|switch|p2a: Aggron|Aggron, F|100\/100\n|turn|25\n|\n|t:|1700675247\n|detailschange|p2a: Aggron|Aggron-Mega, F\n|-mega|p2a: Aggron|Aggron|Aggronite\n|move|p2a: Aggron|Iron Defense|p2a: Aggron\n|-boost|p2a: Aggron|def|2\n|move|p1a: Crawdaunt|Close Combat|p2a: Aggron\n|-supereffective|p2a: Aggron\n|-damage|p2a: Aggron|84\/100\n|-unboost|p1a: Crawdaunt|def|1\n|-unboost|p1a: Crawdaunt|spd|1\n|\n|upkeep\n|turn|26\n|\n|t:|1700675251\n|move|p2a: Aggron|Rock Polish|p2a: Aggron\n|-boost|p2a: Aggron|spe|2\n|move|p1a: Crawdaunt|Knock Off|p2a: Aggron\n|-damage|p2a: Aggron|75\/100\n|\n|upkeep\n|turn|27\n|\n|t:|1700675254\n|move|p2a: Aggron|Iron Defense|p2a: Aggron\n|-boost|p2a: Aggron|def|2\n|move|p1a: Crawdaunt|Close Combat|p2a: Aggron\n|-supereffective|p2a: Aggron\n|-damage|p2a: Aggron|63\/100\n|-unboost|p1a: Crawdaunt|def|1\n|-unboost|p1a: Crawdaunt|spd|1\n|\n|upkeep\n|turn|28\n|\n|t:|1700675260\n|move|p2a: Aggron|Iron Defense|p2a: Aggron\n|-boost|p2a: Aggron|def|2\n|move|p1a: Crawdaunt|Close Combat|p2a: Aggron\n|-supereffective|p2a: Aggron\n|-damage|p2a: Aggron|54\/100\n|-unboost|p1a: Crawdaunt|def|1\n|-unboost|p1a: Crawdaunt|spd|1\n|\n|upkeep\n|turn|29\n|\n|t:|1700675264\n|move|p2a: Aggron|Rock Polish|p2a: Aggron\n|-boost|p2a: Aggron|spe|2\n|move|p1a: Crawdaunt|Liquidation|p2a: Aggron\n|-damage|p2a: Aggron|48\/100\n|\n|upkeep\n|turn|30\n|\n|t:|1700675267\n|move|p2a: Aggron|Body Press|p1a: Crawdaunt\n|-supereffective|p1a: Crawdaunt\n|-damage|p1a: Crawdaunt|0 fnt\n|faint|p1a: Crawdaunt\n|\n|upkeep\n|\n|t:|1700675273\n|switch|p1a: Garganacl|Garganacl, F|100\/100\n|-damage|p1a: Garganacl|88\/100|[from] Stealth Rock\n|turn|31\n|\n|t:|1700675282\n|-terastallize|p1a: Garganacl|Ghost\n|move|p2a: Aggron|Body Press|p1a: Garganacl\n|-immune|p1a: Garganacl\n|move|p1a: Garganacl|Salt Cure|p2a: Aggron\n|-resisted|p2a: Aggron\n|-damage|p2a: Aggron|47\/100\n|-start|p2a: Aggron|Salt Cure\n|\n|-heal|p1a: Garganacl|94\/100|[from] item: Leftovers\n|-damage|p2a: Aggron|22\/100|[from] Salt Cure\n|upkeep\n|turn|32\n|\n|t:|1700675287\n|move|p2a: Aggron|Heavy Slam|p1a: Garganacl\n|-damage|p1a: Garganacl|81\/100\n|move|p1a: Garganacl|Recover|p1a: Garganacl\n|-heal|p1a: Garganacl|100\/100\n|\n|-damage|p2a: Aggron|0 fnt|[from] Salt Cure\n|faint|p2a: Aggron\n|upkeep\n|\n|t:|1700675290\n|switch|p2a: Meowscarada|Meowscarada, F|68\/100\n|turn|33\n|\n|t:|1700675296\n|switch|p1a: Celesteela|Celesteela|75\/100\n|-damage|p1a: Celesteela|63\/100|[from] Stealth Rock\n|move|p2a: Meowscarada|Knock Off|p1a: Celesteela\n|-start|p2a: Meowscarada|typechange|Dark|[from] ability: Protean\n|-damage|p1a: Celesteela|13\/100\n|-enditem|p1a: Celesteela|Leftovers|[from] move: Knock Off|[of] p2a: Meowscarada\n|\n|upkeep\n|turn|34\n|\n|t:|1700675303\n|move|p2a: Meowscarada|Knock Off|p1a: Celesteela\n|-damage|p1a: Celesteela|0 fnt\n|faint|p1a: Celesteela\n|\n|upkeep\n|\n|t:|1700675307\n|switch|p1a: Toxapex|Toxapex, F, shiny|63\/100 brn\n|-damage|p1a: Toxapex|50\/100 brn|[from] Stealth Rock\n|turn|35\n|\n|t:|1700675314\n|switch|p2a: Ribombee|Ribombee, F|100\/100\n|move|p1a: Toxapex|Toxic|p2a: Ribombee\n|-status|p2a: Ribombee|tox\n|\n|-damage|p2a: Ribombee|94\/100 tox|[from] psn\n|-damage|p1a: Toxapex|44\/100 brn|[from] brn\n|upkeep\n|turn|36\n|\n|t:|1700675322\n|switch|p1a: Garganacl|Garganacl, F, tera:Ghost|100\/100\n|-damage|p1a: Garganacl|88\/100|[from] Stealth Rock\n|move|p2a: Ribombee|Quiver Dance|p2a: Ribombee\n|-boost|p2a: Ribombee|spa|1\n|-boost|p2a: Ribombee|spd|1\n|-boost|p2a: Ribombee|spe|1\n|\n|-heal|p1a: Garganacl|94\/100|[from] item: Leftovers\n|-damage|p2a: Ribombee|82\/100 tox|[from] psn\n|upkeep\n|turn|37\n|\n|t:|1700675325\n|move|p2a: Ribombee|Moonblast|p1a: Garganacl\n|-damage|p1a: Garganacl|52\/100\n|move|p1a: Garganacl|Salt Cure|p2a: Ribombee\n|-supereffective|p2a: Ribombee\n|-damage|p2a: Ribombee|31\/100 tox\n|\n|-heal|p1a: Garganacl|59\/100|[from] item: Leftovers\n|-damage|p2a: Ribombee|12\/100 tox|[from] psn\n|upkeep\n|turn|38\n|\n|t:|1700675330\n|move|p2a: Ribombee|Moonblast|p1a: Garganacl\n|-damage|p1a: Garganacl|18\/100\n|move|p1a: Garganacl|Recover|p1a: Garganacl\n|-heal|p1a: Garganacl|68\/100\n|\n|-heal|p1a: Garganacl|74\/100|[from] item: Leftovers\n|-damage|p2a: Ribombee|0 fnt|[from] psn\n|faint|p2a: Ribombee\n|upkeep\n|\n|t:|1700675333\n|switch|p2a: Meowscarada|Meowscarada, F|68\/100\n|turn|39\n|\n|t:|1700675342\n|switch|p1a: Toxapex|Toxapex, F, shiny|77\/100 brn\n|-damage|p1a: Toxapex|65\/100 brn|[from] Stealth Rock\n|move|p2a: Meowscarada|Knock Off|p1a: Toxapex\n|-start|p2a: Meowscarada|typechange|Dark|[from] ability: Protean\n|-damage|p1a: Toxapex|20\/100 brn\n|-enditem|p1a: Toxapex|Choice Specs|[from] move: Knock Off|[of] p2a: Meowscarada\n|\n|-damage|p1a: Toxapex|14\/100 brn|[from] brn\n|upkeep\n|turn|40\n|\n|t:|1700675352\n|move|p1a: Toxapex|Baneful Bunker|p1a: Toxapex\n|-singleturn|p1a: Toxapex|move: Protect\n|move|p2a: Meowscarada|Knock Off|p1a: Toxapex\n|-activate|p1a: Toxapex|move: Protect\n|-status|p2a: Meowscarada|psn\n|\n|-damage|p2a: Meowscarada|55\/100 psn|[from] psn\n|-damage|p1a: Toxapex|8\/100 brn|[from] brn\n|upkeep\n|turn|41\n|\n|t:|1700675358\n|switch|p1a: Mew|Mew, shiny|80\/100\n|-damage|p1a: Mew|68\/100|[from] Stealth Rock\n|move|p2a: Meowscarada|Knock Off|p1a: Mew\n|-supereffective|p1a: Mew\n|-damage|p1a: Mew|0 fnt\n|-enditem|p1a: Mew|Leftovers|[from] move: Knock Off|[of] p2a: Meowscarada\n|faint|p1a: Mew\n|\n|-damage|p2a: Meowscarada|43\/100 psn|[from] psn\n|upkeep\n|\n|t:|1700675365\n|switch|p1a: Toxapex|Toxapex, F, shiny|41\/100 brn\n|-damage|p1a: Toxapex|28\/100 brn|[from] Stealth Rock\n|turn|42\n|\n|t:|1700675368\n|switch|p1a: Garganacl|Garganacl, F, tera:Ghost|74\/100\n|-damage|p1a: Garganacl|61\/100|[from] Stealth Rock\n|move|p2a: Meowscarada|Knock Off|p1a: Garganacl\n|-supereffective|p1a: Garganacl\n|-damage|p1a: Garganacl|0 fnt\n|-enditem|p1a: Garganacl|Leftovers|[from] move: Knock Off|[of] p2a: Meowscarada\n|faint|p1a: Garganacl\n|\n|-damage|p2a: Meowscarada|31\/100 psn|[from] psn\n|upkeep\n|\n|t:|1700675371\n|switch|p1a: Toxapex|Toxapex, F, shiny|62\/100 brn\n|-damage|p1a: Toxapex|49\/100 brn|[from] Stealth Rock\n|turn|43\n|\n|t:|1700675374\n|move|p1a: Toxapex|Baneful Bunker|p1a: Toxapex\n|-singleturn|p1a: Toxapex|move: Protect\n|move|p2a: Meowscarada|Knock Off|p1a: Toxapex\n|-activate|p1a: Toxapex|move: Protect\n|\n|-damage|p2a: Meowscarada|19\/100 psn|[from] psn\n|-damage|p1a: Toxapex|43\/100 brn|[from] brn\n|upkeep\n|turn|44\n|\n|t:|1700675376\n|move|p2a: Meowscarada|Knock Off|p1a: Toxapex\n|-damage|p1a: Toxapex|12\/100 brn\n|move|p1a: Toxapex|Recover|p1a: Toxapex\n|-heal|p1a: Toxapex|62\/100 brn\n|\n|-damage|p2a: Meowscarada|6\/100 psn|[from] psn\n|-damage|p1a: Toxapex|56\/100 brn|[from] brn\n|upkeep\n|turn|45\n|\n|t:|1700675379\n|move|p1a: Toxapex|Baneful Bunker|p1a: Toxapex\n|-singleturn|p1a: Toxapex|move: Protect\n|move|p2a: Meowscarada|Knock Off|p1a: Toxapex\n|-activate|p1a: Toxapex|move: Protect\n|\n|-damage|p2a: Meowscarada|0 fnt|[from] psn\n|faint|p2a: Meowscarada\n|\n|win|830r\n|upkeep\n|raw|830r's rating: 1319 &rarr; <strong>1342<\/strong><br \/>(+23 for winning)\n|raw|Aglio.4x's rating: 1369 &rarr; <strong>1346<\/strong><br \/>(-23 for losing)\n|l|\u2606Aglio.4x\n","uploadtime":1700675382,"views":5,"p1id":"830r","p2id":"aglio4x","formatid":"gen9nationaldex","rating":1342,"private":0,"password":""}