{"id":"gen9nationaldex-1996854168","p1":"nepherae","p2":"Najirs","format":"[Gen 9] National Dex","log":"|html|<div class=\"broadcast-blue\"><strong>[Gen 9] National Dex is currently suspecting Sneasler! For information on how to participate check out the <a href=\"https:\/\/www.smogon.com\/forums\/threads\/sv-national-dex-suspect-8-just-dance.3731534\/\">suspect thread<\/a>.<\/strong><\/div>\n|j|\u2606nepherae\n|j|\u2606Najirs\n|t:|1700735811\n|gametype|singles\n|player|p1|nepherae|1|\n|player|p2|Najirs|grimsley-masters|\n|teamsize|p1|6\n|teamsize|p2|6\n|gen|9\n|tier|[Gen 9] National Dex\n|rule|HP Percentage Mod: HP is shown in percentages\n|rule|Endless Battle Clause: Forcing endless battles is banned\n|rule|OHKO Clause: OHKO moves are banned\n|rule|Evasion Clause: Evasion abilities, items, and moves are banned\n|rule|Evasion Abilities Clause: Evasion abilities are banned\n|rule|Evasion Items Clause: Evasion items are banned\n|rule|Evasion Moves Clause: Evasion moves are banned\n|rule|Species Clause: Limit one of each Pok\u00e9mon\n|rule|Sleep Clause Mod: Limit one foe put to sleep\n|clearpoke\n|poke|p1|Dondozo, M|\n|poke|p1|Blissey, F|\n|poke|p1|Celesteela|\n|poke|p1|Ting-Lu|\n|poke|p1|Gliscor, M|\n|poke|p1|Alomomola, F|\n|poke|p2|Toxapex, M|\n|poke|p2|Vaporeon, F|\n|poke|p2|Dondozo, F|\n|poke|p2|Pyukumuku, F|\n|poke|p2|Alomomola, F|\n|poke|p2|Empoleon, M|\n|teampreview\n|inactive|Battle timer is ON: inactive players will automatically lose when time's up. (requested by nepherae)\n|c|\u2606Najirs|300 turn speedrun lessgooo\n|c|\u2606nepherae|you fool\n|c|\u2606nepherae|you absolute bufoon\n|c|\u2606nepherae|respect\n|\n|t:|1700735840\n|start\n|switch|p1a: Ting-Lu|Ting-Lu|100\/100\n|switch|p2a: Alomomola|Alomomola, F|100\/100\n|-ability|p1a: Ting-Lu|Vessel of Ruin\n|turn|1\n|\n|t:|1700735848\n|move|p2a: Alomomola|Toxic|p1a: Ting-Lu\n|-status|p1a: Ting-Lu|tox\n|move|p1a: Ting-Lu|Spikes|p2a: Alomomola\n|-sidestart|p2: Najirs|Spikes\n|\n|-damage|p1a: Ting-Lu|94\/100 tox|[from] psn\n|upkeep\n|turn|2\n|c|\u2606Najirs|Lmao\n|\n|t:|1700735866\n|switch|p2a: Pyukumuku|Pyukumuku, F|100\/100\n|-damage|p2a: Pyukumuku|88\/100|[from] Spikes\n|move|p1a: Ting-Lu|Spikes|p2a: Pyukumuku\n|-sidestart|p2: Najirs|Spikes\n|\n|-heal|p1a: Ting-Lu|100\/100 tox|[from] item: Leftovers\n|-heal|p2a: Pyukumuku|94\/100|[from] item: Leftovers\n|-damage|p1a: Ting-Lu|88\/100 tox|[from] psn\n|upkeep\n|turn|3\n|\n|t:|1700735882\n|switch|p1a: Gliscor|Gliscor, M|100\/100\n|switch|p2a: Dondozo|Dondozo, F|100\/100\n|-damage|p2a: Dondozo|84\/100|[from] Spikes\n|\n|-heal|p2a: Dondozo|90\/100|[from] item: Leftovers\n|-status|p1a: Gliscor|tox|[from] item: Toxic Orb\n|upkeep\n|turn|4\n|j| DracoShivam\n|\n|t:|1700735893\n|move|p1a: Gliscor|Knock Off|p2a: Dondozo\n|-damage|p2a: Dondozo|76\/100\n|-enditem|p2a: Dondozo|Leftovers|[from] move: Knock Off|[of] p1a: Gliscor\n|move|p2a: Dondozo|Curse|p2a: Dondozo\n|-unboost|p2a: Dondozo|spe|1\n|-boost|p2a: Dondozo|atk|1\n|-boost|p2a: Dondozo|def|1\n|\n|upkeep\n|turn|5\n|j| DeathRayKPK\n|\n|t:|1700735908\n|switch|p1a: Alomomola|Alomomola, F|100\/100\n|move|p2a: Dondozo|Avalanche|p1a: Alomomola\n|-resisted|p1a: Alomomola\n|-damage|p1a: Alomomola|95\/100\n|\n|-heal|p1a: Alomomola|100\/100|[from] item: Leftovers\n|upkeep\n|turn|6\n|c| DeathRayKPK|time for DDD, I mean Double Dondozo Delight\n|\n|t:|1700735921\n|switch|p2a: Toxapex|Toxapex, M|100\/100\n|-damage|p2a: Toxapex|84\/100|[from] Spikes\n|move|p1a: Alomomola|Toxic|p2a: Toxapex\n|-immune|p2a: Toxapex\n|\n|upkeep\n|turn|7\n|\n|t:|1700735939\n|switch|p1a: Blissey|Blissey, F|100\/100\n|move|p2a: Toxapex|Knock Off|p1a: Blissey\n|-damage|p1a: Blissey|84\/100\n|-enditem|p1a: Blissey|Leftovers|[from] move: Knock Off|[of] p2a: Toxapex\n|\n|upkeep\n|turn|8\n|l|\u2606Najirs\n|inactive|Najirs disconnected and has 300 seconds to reconnect!\n|player|p2|\n|c|\u2606nepherae|he's had enough\n|c| DeathRayKPK|whoops\n|c| DeathRayKPK|8 turns in\n|j|\u2606Najirs\n|inactive|Najirs reconnected and has 275 seconds left.\n|player|p2|Najirs|grimsley-masters\n|inactive|Najirs has 270 seconds left.\n|\n|t:|1700736003\n|switch|p2a: Alomomola|Alomomola, F|100\/100\n|-damage|p2a: Alomomola|84\/100|[from] Spikes\n|move|p1a: Blissey|Stealth Rock|p2a: Alomomola\n|-sidestart|p2: Najirs|move: Stealth Rock\n|\n|upkeep\n|turn|9\n|inactive|Najirs has 270 seconds left.\n|\n|t:|1700736018\n|switch|p2a: Toxapex|Toxapex, M|100\/100\n|-damage|p2a: Toxapex|84\/100|[from] Spikes\n|-damage|p2a: Toxapex|72\/100|[from] Stealth Rock\n|switch|p1a: Gliscor|Gliscor, M|100\/100 tox\n|\n|upkeep\n|turn|10\n|inactive|Najirs has 270 seconds left.\n|\n|t:|1700736029\n|move|p1a: Gliscor|Knock Off|p2a: Toxapex\n|-damage|p2a: Toxapex|56\/100\n|-enditem|p2a: Toxapex|Assault Vest|[from] move: Knock Off|[of] p1a: Gliscor\n|move|p2a: Toxapex|Hex|p1a: Gliscor\n|-damage|p1a: Gliscor|68\/100 tox\n|\n|-heal|p1a: Gliscor|80\/100 tox|[from] ability: Poison Heal\n|upkeep\n|turn|11\n|inactive|Najirs has 270 seconds left.\n|\n|t:|1700736040\n|move|p1a: Gliscor|Earthquake|p2a: Toxapex\n|-supereffective|p2a: Toxapex\n|-damage|p2a: Toxapex|8\/100\n|move|p2a: Toxapex|Hex|p1a: Gliscor\n|-damage|p1a: Gliscor|46\/100 tox\n|\n|-heal|p1a: Gliscor|59\/100 tox|[from] ability: Poison Heal\n|upkeep\n|turn|12\n|inactive|Najirs has 270 seconds left.\n|\n|t:|1700736057\n|switch|p2a: Alomomola|Alomomola, F|100\/100\n|-damage|p2a: Alomomola|84\/100|[from] Spikes\n|-damage|p2a: Alomomola|71\/100|[from] Stealth Rock\n|move|p1a: Gliscor|Knock Off|p2a: Alomomola\n|-damage|p2a: Alomomola|59\/100\n|-damage|p1a: Gliscor|42\/100 tox|[from] item: Rocky Helmet|[of] p2a: Alomomola\n|-enditem|p2a: Alomomola|Rocky Helmet|[from] move: Knock Off|[of] p1a: Gliscor\n|\n|-heal|p1a: Gliscor|54\/100 tox|[from] ability: Poison Heal\n|upkeep\n|turn|13\n|\n|t:|1700736070\n|switch|p1a: Ting-Lu|Ting-Lu|88\/100 tox\n|-ability|p1a: Ting-Lu|Vessel of Ruin\n|move|p2a: Alomomola|Wish|p2a: Alomomola\n|\n|-heal|p1a: Ting-Lu|94\/100 tox|[from] item: Leftovers\n|-damage|p1a: Ting-Lu|88\/100 tox|[from] psn\n|upkeep\n|turn|14\n|\n|t:|1700736082\n|move|p2a: Alomomola|Knock Off|p1a: Ting-Lu\n|-resisted|p1a: Ting-Lu\n|-damage|p1a: Ting-Lu|83\/100 tox\n|-enditem|p1a: Ting-Lu|Leftovers|[from] move: Knock Off|[of] p2a: Alomomola\n|move|p1a: Ting-Lu|Spikes|p2a: Alomomola\n|-sidestart|p2: Najirs|Spikes\n|\n|-heal|p2a: Alomomola|100\/100|[from] move: Wish|[wisher] Alomomola\n|-damage|p1a: Ting-Lu|71\/100 tox|[from] psn\n|upkeep\n|turn|15\n|c|\u2606Najirs|Gg\n|\n|t:|1700736102\n|switch|p2a: Toxapex|Toxapex, M|41\/100\n|-damage|p2a: Toxapex|17\/100|[from] Spikes\n|-damage|p2a: Toxapex|4\/100|[from] Stealth Rock\n|move|p1a: Ting-Lu|Whirlwind|p2a: Toxapex\n|drag|p2a: Empoleon|Empoleon, M|100\/100\n|-damage|p2a: Empoleon|75\/100|[from] Spikes\n|-damage|p2a: Empoleon|69\/100|[from] Stealth Rock\n|\n|-heal|p2a: Empoleon|75\/100|[from] item: Leftovers\n|-damage|p1a: Ting-Lu|52\/100 tox|[from] psn\n|upkeep\n|turn|16\n|\n|t:|1700736116\n|switch|p1a: Alomomola|Alomomola, F|100\/100\n|move|p2a: Empoleon|Stealth Rock|p1a: Alomomola\n|-sidestart|p1: nepherae|move: Stealth Rock\n|\n|-heal|p2a: Empoleon|82\/100|[from] item: Leftovers\n|upkeep\n|turn|17\n|\n|t:|1700736126\n|move|p1a: Alomomola|Wish|p1a: Alomomola\n|move|p2a: Empoleon|Toxic|p1a: Alomomola\n|-status|p1a: Alomomola|tox\n|\n|-heal|p2a: Empoleon|88\/100|[from] item: Leftovers\n|-damage|p1a: Alomomola|94\/100 tox|[from] psn\n|upkeep\n|turn|18\n|\n|t:|1700736135\n|move|p1a: Alomomola|Flip Turn|p2a: Empoleon\n|-resisted|p2a: Empoleon\n|-damage|p2a: Empoleon|79\/100\n|\n|t:|1700736137\n|switch|p1a: Ting-Lu|Ting-Lu|52\/100 tox|[from] Flip Turn\n|-damage|p1a: Ting-Lu|46\/100 tox|[from] Stealth Rock\n|-ability|p1a: Ting-Lu|Vessel of Ruin\n|move|p2a: Empoleon|Toxic|p1a: Ting-Lu\n|-fail|p1a: Ting-Lu|tox\n|\n|-heal|p1a: Ting-Lu|98\/100 tox|[from] move: Wish|[wisher] Alomomola\n|-heal|p2a: Empoleon|85\/100|[from] item: Leftovers\n|-damage|p1a: Ting-Lu|91\/100 tox|[from] psn\n|upkeep\n|turn|19\n|inactive|Najirs has 270 seconds left.\n|c| DeathRayKPK|no surf?\n|\n|t:|1700736154\n|move|p2a: Empoleon|Stealth Rock||[still]\n|-fail|p2a: Empoleon\n|move|p1a: Ting-Lu|Earthquake|p2a: Empoleon\n|-supereffective|p2a: Empoleon\n|-damage|p2a: Empoleon|12\/100\n|\n|-heal|p2a: Empoleon|18\/100|[from] item: Leftovers\n|-damage|p1a: Ting-Lu|79\/100 tox|[from] psn\n|upkeep\n|turn|20\n|c|\u2606nepherae|hydro cannon inc\n|\n|t:|1700736166\n|switch|p2a: Alomomola|Alomomola, F|100\/100\n|-damage|p2a: Alomomola|76\/100|[from] Spikes\n|-damage|p2a: Alomomola|63\/100|[from] Stealth Rock\n|switch|p1a: Blissey|Blissey, F|84\/100\n|-damage|p1a: Blissey|72\/100|[from] Stealth Rock\n|\n|upkeep\n|turn|21\n|\n|t:|1700736182\n|move|p2a: Alomomola|Wish|p2a: Alomomola\n|move|p1a: Blissey|Seismic Toss|p2a: Alomomola\n|-damage|p2a: Alomomola|45\/100\n|\n|upkeep\n|turn|22\n|\n|t:|1700736198\n|move|p2a: Alomomola|Flip Turn|p1a: Blissey\n|-damage|p1a: Blissey|54\/100\n|\n|t:|1700736207\n|switch|p2a: Toxapex|Toxapex, M|38\/100|[from] Flip Turn\n|-damage|p2a: Toxapex|13\/100|[from] Spikes\n|-damage|p2a: Toxapex|1\/100|[from] Stealth Rock\n|move|p1a: Blissey|Seismic Toss|p2a: Toxapex\n|-damage|p2a: Toxapex|0 fnt\n|faint|p2a: Toxapex\n|\n|upkeep\n|c|\u2606Najirs|Well fuck\n|inactive|Najirs has 240 seconds left.\n|\n|t:|1700736223\n|switch|p2a: Empoleon|Empoleon, M|18\/100\n|-damage|p2a: Empoleon|0 fnt|[from] Spikes\n|faint|p2a: Empoleon\n|c| DeathRayKPK|ouch\n|inactive|Najirs has 240 seconds left.\n|c|\u2606nepherae|double kill\n|\n|t:|1700736234\n|switch|p2a: Pyukumuku|Pyukumuku, F|94\/100\n|-damage|p2a: Pyukumuku|69\/100|[from] Spikes\n|-damage|p2a: Pyukumuku|57\/100|[from] Stealth Rock\n|turn|23\n|inactive|Najirs has 240 seconds left.\n|l|\u2606Najirs\n|inactive|Najirs disconnected and has 275 seconds to reconnect!\n|player|p2|\n|inactive|Najirs has 270 seconds to reconnect!\n|c| DeathRayKPK|wanted to see some Double Dondozo Delight\n|inactive|Najirs has 240 seconds to reconnect!\n|c|\u2606nepherae|i'm not letting the game reach that point\n|c|\u2606nepherae|it's the only way it could spiral out of control\n|inactive|Najirs has 210 seconds to reconnect!\n|inactive|Najirs has 180 seconds to reconnect!\n|c| DeathRayKPK|xD\n|j|\u2606Najirs\n|inactive|Najirs reconnected and has 235 seconds left.\n|player|p2|Najirs|grimsley-masters\n|\n|t:|1700736375\n|switch|p2a: Vaporeon|Vaporeon, F|100\/100\n|-damage|p2a: Vaporeon|76\/100|[from] Spikes\n|-damage|p2a: Vaporeon|63\/100|[from] Stealth Rock\n|move|p1a: Blissey|Soft-Boiled|p1a: Blissey\n|-heal|p1a: Blissey|100\/100\n|\n|-heal|p2a: Vaporeon|69\/100|[from] item: Leftovers\n|upkeep\n|turn|24\n|\n|t:|1700736391\n|switch|p1a: Alomomola|Alomomola, F|100\/100 tox\n|-damage|p1a: Alomomola|88\/100 tox|[from] Stealth Rock\n|move|p2a: Vaporeon|Wish|p2a: Vaporeon\n|\n|-heal|p2a: Vaporeon|75\/100|[from] item: Leftovers\n|-heal|p1a: Alomomola|94\/100 tox|[from] item: Leftovers\n|-damage|p1a: Alomomola|88\/100 tox|[from] psn\n|upkeep\n|turn|25\n|c| DeathRayKPK|I had asked Srijan to give you so much hell that you pyuk(umuku) in annoyance\n|c| DeathRayKPK|also had told him to bring in defog pelipper\n|\n|t:|1700736406\n|switch|p2a: Pyukumuku|Pyukumuku, F|57\/100\n|-damage|p2a: Pyukumuku|32\/100|[from] Spikes\n|-damage|p2a: Pyukumuku|20\/100|[from] Stealth Rock\n|move|p1a: Alomomola|Toxic|p2a: Pyukumuku|[miss]\n|-miss|p1a: Alomomola|p2a: Pyukumuku\n|\n|-heal|p2a: Pyukumuku|93\/100|[from] move: Wish|[wisher] Vaporeon\n|-heal|p1a: Alomomola|94\/100 tox|[from] item: Leftovers\n|-heal|p2a: Pyukumuku|99\/100|[from] item: Leftovers\n|-damage|p1a: Alomomola|82\/100 tox|[from] psn\n|upkeep\n|turn|26\n|inactive|Najirs has 210 seconds left.\n|\n|t:|1700736428\n|move|p1a: Alomomola|Toxic|p2a: Pyukumuku\n|-status|p2a: Pyukumuku|tox\n|move|p2a: Pyukumuku|Block|p1a: Alomomola\n|-activate|p1a: Alomomola|trapped\n|\n|-heal|p1a: Alomomola|88\/100 tox|[from] item: Leftovers\n|-heal|p2a: Pyukumuku|100\/100 tox|[from] item: Leftovers\n|-damage|p1a: Alomomola|70\/100 tox|[from] psn\n|-damage|p2a: Pyukumuku|94\/100 tox|[from] psn\n|upkeep\n|turn|27\n|inactive|Najirs has 210 seconds left.\n|\n|t:|1700736440\n|move|p1a: Alomomola|Flip Turn|p2a: Pyukumuku\n|-resisted|p2a: Pyukumuku\n|-damage|p2a: Pyukumuku|88\/100 tox\n|c| DeathRayKPK|how much bet for flip turn\n|c|\u2606nepherae|i used that set myself brother\n|c| DeathRayKPK|yes I was right\n|\n|t:|1700736447\n|switch|p1a: Celesteela|Celesteela|100\/100|[from] Flip Turn\n|-damage|p1a: Celesteela|88\/100|[from] Stealth Rock\n|move|p2a: Pyukumuku|Toxic|p1a: Celesteela\n|-immune|p1a: Celesteela\n|\n|-heal|p1a: Celesteela|94\/100|[from] item: Leftovers\n|-heal|p2a: Pyukumuku|94\/100 tox|[from] item: Leftovers\n|-damage|p2a: Pyukumuku|82\/100 tox|[from] psn\n|upkeep\n|turn|28\n|c|\u2606Najirs|Lmao\n|c|\u2606Najirs|I'm dumb\n|c| DeathRayKPK|which set?\n|c|\u2606nepherae|block pyuk\n|\n|t:|1700736460\n|move|p1a: Celesteela|Leech Seed|p2a: Pyukumuku\n|-start|p2a: Pyukumuku|move: Leech Seed\n|move|p2a: Pyukumuku|Block|p1a: Celesteela\n|-activate|p1a: Celesteela|trapped\n|\n|-heal|p1a: Celesteela|99\/100|[from] item: Leftovers\n|-heal|p2a: Pyukumuku|88\/100 tox|[from] item: Leftovers\n|-damage|p2a: Pyukumuku|75\/100 tox|[from] Leech Seed|[of] p1a: Celesteela\n|-heal|p1a: Celesteela|100\/100|[silent]\n|-damage|p2a: Pyukumuku|57\/100 tox|[from] psn\n|upkeep\n|turn|29\n|\n|t:|1700736472\n|move|p1a: Celesteela|Protect|p1a: Celesteela\n|-singleturn|p1a: Celesteela|Protect\n|move|p2a: Pyukumuku|Soak|p1a: Celesteela\n|-activate|p1a: Celesteela|move: Protect\n|\n|-heal|p2a: Pyukumuku|63\/100 tox|[from] item: Leftovers\n|-damage|p2a: Pyukumuku|51\/100 tox|[from] Leech Seed|[of] p1a: Celesteela\n|-damage|p2a: Pyukumuku|27\/100 tox|[from] psn\n|upkeep\n|turn|30\n|inactive|Najirs has 210 seconds left.\n|c|\u2606Najirs|Bruh internet\n|\n|t:|1700736494\n|move|p1a: Celesteela|Heavy Slam|p2a: Pyukumuku\n|-resisted|p2a: Pyukumuku\n|-damage|p2a: Pyukumuku|10\/100 tox\n|move|p2a: Pyukumuku|Rest|p2a: Pyukumuku\n|-status|p2a: Pyukumuku|slp|[from] move: Rest\n|-heal|p2a: Pyukumuku|100\/100 slp|[silent]\n|\n|-damage|p2a: Pyukumuku|88\/100 slp|[from] Leech Seed|[of] p1a: Celesteela\n|upkeep\n|turn|31\n|j| plasma_fistem\n|inactive|Najirs has 210 seconds left.\n|c|\u2606Najirs|Fucking internet\n|c|\u2606Najirs|I changed the move lil\n|c|\u2606Najirs|Lol\n|c| plasma_fistem|man\n|c| plasma_fistem|lmao\n|c|\u2606Najirs|Lmao\n|c|\u2606nepherae|oooh this will take a while then\n|inactive|nepherae has 270 seconds left.\n|\n|t:|1700736527\n|move|p1a: Celesteela|Flamethrower|p2a: Pyukumuku\n|-resisted|p2a: Pyukumuku\n|-damage|p2a: Pyukumuku|81\/100 slp\n|cant|p2a: Pyukumuku|slp\n|\n|-heal|p2a: Pyukumuku|87\/100 slp|[from] item: Leftovers\n|-damage|p2a: Pyukumuku|75\/100 slp|[from] Leech Seed|[of] p1a: Celesteela\n|upkeep\n|turn|32\n|c|\u2606Najirs|Lmfao\n|inactive|Najirs has 180 seconds left.\n|c|\u2606Najirs|Why did you bring these moves against water\n|\n|t:|1700736553\n|move|p1a: Celesteela|Heavy Slam|p2a: Pyukumuku\n|-resisted|p2a: Pyukumuku\n|-damage|p2a: Pyukumuku|57\/100 slp\n|cant|p2a: Pyukumuku|slp\n|\n|-heal|p2a: Pyukumuku|63\/100 slp|[from] item: Leftovers\n|-damage|p2a: Pyukumuku|50\/100 slp|[from] Leech Seed|[of] p1a: Celesteela\n|upkeep\n|turn|33\n|inactive|Najirs has 180 seconds left.\n|c|\u2606nepherae|i forgor\n|inactive|nepherae has 270 seconds left.\n|\n|t:|1700736575\n|move|p1a: Celesteela|Protect|p1a: Celesteela\n|-singleturn|p1a: Celesteela|Protect\n|-curestatus|p2a: Pyukumuku|slp|[msg]\n|move|p2a: Pyukumuku|Soak|p1a: Celesteela\n|-activate|p1a: Celesteela|move: Protect\n|\n|-heal|p2a: Pyukumuku|56\/100|[from] item: Leftovers\n|-damage|p2a: Pyukumuku|44\/100|[from] Leech Seed|[of] p1a: Celesteela\n|upkeep\n|turn|34\n|\n|t:|1700736586\n|move|p1a: Celesteela|Heavy Slam|p2a: Pyukumuku\n|-resisted|p2a: Pyukumuku\n|-damage|p2a: Pyukumuku|27\/100\n|move|p2a: Pyukumuku|Soak|p1a: Celesteela\n|-start|p1a: Celesteela|typechange|Water\n|\n|-heal|p2a: Pyukumuku|33\/100|[from] item: Leftovers\n|-damage|p2a: Pyukumuku|21\/100|[from] Leech Seed|[of] p1a: Celesteela\n|upkeep\n|turn|35\n|c| DeathRayKPK|what are we gonna achieve with the soak\n|\n|t:|1700736599\n|move|p1a: Celesteela|Heavy Slam|p2a: Pyukumuku\n|-resisted|p2a: Pyukumuku\n|-damage|p2a: Pyukumuku|8\/100\n|move|p2a: Pyukumuku|Rest|p2a: Pyukumuku\n|-status|p2a: Pyukumuku|slp|[from] move: Rest\n|-heal|p2a: Pyukumuku|100\/100 slp|[silent]\n|\n|-damage|p2a: Pyukumuku|88\/100 slp|[from] Leech Seed|[of] p1a: Celesteela\n|upkeep\n|turn|36\n|c|\u2606nepherae|toxic\n|c| DeathRayKPK|oh\n|c|\u2606Najirs|Shhh\n|\n|t:|1700736615\n|move|p1a: Celesteela|Heavy Slam|p2a: Pyukumuku\n|-resisted|p2a: Pyukumuku\n|-damage|p2a: Pyukumuku|76\/100 slp\n|cant|p2a: Pyukumuku|slp\n|\n|-heal|p2a: Pyukumuku|82\/100 slp|[from] item: Leftovers\n|-damage|p2a: Pyukumuku|70\/100 slp|[from] Leech Seed|[of] p1a: Celesteela\n|upkeep\n|turn|37\n|\n|t:|1700736627\n|move|p1a: Celesteela|Heavy Slam|p2a: Pyukumuku\n|-resisted|p2a: Pyukumuku\n|-damage|p2a: Pyukumuku|59\/100 slp\n|cant|p2a: Pyukumuku|slp\n|\n|-heal|p2a: Pyukumuku|65\/100 slp|[from] item: Leftovers\n|-damage|p2a: Pyukumuku|53\/100 slp|[from] Leech Seed|[of] p1a: Celesteela\n|upkeep\n|turn|38\n|c|\u2606nepherae|why is my slam\n|c|\u2606nepherae|progressively\n|c|\u2606nepherae|doing less damag\n|c|\u2606Najirs|Lmaoooo\n|c|\u2606nepherae|is pyuk deflating\n|c|\u2606nepherae|lol\n|inactive|nepherae has 270 seconds left.\n|c|\u2606nepherae|!dt soak\n|raw|<ul class=\"utilichart\"><li class=\"result\"><span class=\"col movenamecol\"><a href=\"https:\/\/dex.pokemonshowdown.com\/moves\/soak\">Soak<\/a><\/span> <span class=\"col typecol\"><img src=\"\/\/play.pokemonshowdown.com\/sprites\/types\/Water.png\" alt=\"Water\" width=\"32\" height=\"14\"><img src=\"\/\/play.pokemonshowdown.com\/sprites\/categories\/Status.png\" alt=\"Status\" width=\"32\" height=\"14\"><\/span> <span class=\"col widelabelcol\"><em>Accuracy<\/em><br>100%<\/span> <span class=\"col pplabelcol\"><em>PP<\/em><br>32<\/span> <span class=\"col movedesccol\">Changes the target's type to Water.<\/span> <\/li><li style=\"clear:both\"><\/li><\/ul>\n|raw|<font size=\"1\"><font color=\"#686868\">Priority:<\/font> 0&nbsp;|&ThickSpace;<font color=\"#686868\">Gen:<\/font> 5&nbsp;|&ThickSpace;&#10003; Bounceable&nbsp;|&ThickSpace;<font color=\"#686868\">Z-Effect:<\/font>  Sp. Atk +1&nbsp;|&ThickSpace;<font color=\"#686868\">Target:<\/font> One Adjacent Pok\u00e9mon<\/font>\n\n|c|\u2606nepherae|ah stab\n|c|\u2606Najirs|You lose stab\n|c| DeathRayKPK|tbh the only thing is you lose stab\n|c| DeathRayKPK|yeah\n|c|\u2606nepherae|i'm an intelligent pokemon player\n|\n|t:|1700736680\n|move|p1a: Celesteela|Protect|p1a: Celesteela\n|-singleturn|p1a: Celesteela|Protect\n|-curestatus|p2a: Pyukumuku|slp|[msg]\n|move|p2a: Pyukumuku|Toxic|p1a: Celesteela\n|-activate|p1a: Celesteela|move: Protect\n|\n|-heal|p2a: Pyukumuku|59\/100|[from] item: Leftovers\n|-damage|p2a: Pyukumuku|46\/100|[from] Leech Seed|[of] p1a: Celesteela\n|upkeep\n|turn|39\n|c| DeathRayKPK|finally\n|c|\u2606Najirs|Leftovers clutch\n|c| DeathRayKPK|I've waited 10 turns for this moment\n|inactive|nepherae has 240 seconds left.\n|c|\u2606nepherae|i could do something really funny here but\n|c|\u2606Najirs|Imagine this misses\n|c|\u2606Najirs|Lmaoooooo\n|c|\u2606nepherae|let's keep the surprises\n|\n|t:|1700736711\n|move|p1a: Celesteela|Protect||[still]\n|-fail|p1a: Celesteela\n|move|p2a: Pyukumuku|Toxic|p1a: Celesteela\n|-status|p1a: Celesteela|tox\n|\n|-heal|p2a: Pyukumuku|52\/100|[from] item: Leftovers\n|-damage|p2a: Pyukumuku|40\/100|[from] Leech Seed|[of] p1a: Celesteela\n|-damage|p1a: Celesteela|94\/100 tox|[from] psn\n|upkeep\n|turn|40\n|\n|t:|1700736724\n|move|p1a: Celesteela|Heavy Slam|p2a: Pyukumuku\n|-resisted|p2a: Pyukumuku\n|-damage|p2a: Pyukumuku|27\/100\n|move|p2a: Pyukumuku|Soak|p1a: Celesteela\n|-fail|p1a: Celesteela\n|\n|-heal|p1a: Celesteela|100\/100 tox|[from] item: Leftovers\n|-heal|p2a: Pyukumuku|33\/100|[from] item: Leftovers\n|-damage|p2a: Pyukumuku|21\/100|[from] Leech Seed|[of] p1a: Celesteela\n|-damage|p1a: Celesteela|88\/100 tox|[from] psn\n|upkeep\n|turn|41\n|c| DeathRayKPK|neph have you ever had the luck to have protected twice in a row?\n|c|\u2606nepherae|sure\n|inactive|nepherae has 240 seconds left.\n|c|\u2606nepherae|it's 33%\n|c|\u2606nepherae|it's high enough\n|c|\u2606nepherae|also triples\n|c| DracoShivam|I once protected thrice in a row against etherlords\n|\n|t:|1700736749\n|move|p1a: Celesteela|Heavy Slam|p2a: Pyukumuku\n|-resisted|p2a: Pyukumuku\n|-damage|p2a: Pyukumuku|9\/100\n|move|p2a: Pyukumuku|Rest|p2a: Pyukumuku\n|-status|p2a: Pyukumuku|slp|[from] move: Rest\n|-heal|p2a: Pyukumuku|100\/100 slp|[silent]\n|\n|-heal|p1a: Celesteela|94\/100 tox|[from] item: Leftovers\n|-damage|p2a: Pyukumuku|88\/100 slp|[from] Leech Seed|[of] p1a: Celesteela\n|-heal|p1a: Celesteela|100\/100 tox|[silent]\n|-damage|p1a: Celesteela|82\/100 tox|[from] psn\n|upkeep\n|turn|42\n|c|\u2606Najirs|Lmaoooo\n|c|\u2606Najirs|Why did dracoshivam join\n|\n|t:|1700736767\n|move|p1a: Celesteela|Heavy Slam|p2a: Pyukumuku\n|-resisted|p2a: Pyukumuku\n|-damage|p2a: Pyukumuku|76\/100 slp\n|cant|p2a: Pyukumuku|slp\n|\n|-heal|p1a: Celesteela|88\/100 tox|[from] item: Leftovers\n|-heal|p2a: Pyukumuku|82\/100 slp|[from] item: Leftovers\n|-damage|p2a: Pyukumuku|69\/100 slp|[from] Leech Seed|[of] p1a: Celesteela\n|-heal|p1a: Celesteela|98\/100 tox|[silent]\n|-damage|p1a: Celesteela|74\/100 tox|[from] psn\n|upkeep\n|turn|43\n|c|\u2606nepherae|masochism\n|c| plasma_fistem|background music\n|\n|t:|1700736780\n|move|p1a: Celesteela|Heavy Slam|p2a: Pyukumuku\n|-resisted|p2a: Pyukumuku\n|-damage|p2a: Pyukumuku|58\/100 slp\n|cant|p2a: Pyukumuku|slp\n|\n|-heal|p1a: Celesteela|80\/100 tox|[from] item: Leftovers\n|-heal|p2a: Pyukumuku|64\/100 slp|[from] item: Leftovers\n|-damage|p2a: Pyukumuku|51\/100 slp|[from] Leech Seed|[of] p1a: Celesteela\n|-heal|p1a: Celesteela|90\/100 tox|[silent]\n|-damage|p1a: Celesteela|60\/100 tox|[from] psn\n|upkeep\n|turn|44\n|c| DeathRayKPK|the coach has come to watch his student play\n|\n|t:|1700736793\n|move|p1a: Celesteela|Heavy Slam|p2a: Pyukumuku\n|-resisted|p2a: Pyukumuku\n|-damage|p2a: Pyukumuku|40\/100 slp\n|-curestatus|p2a: Pyukumuku|slp|[msg]\n|move|p2a: Pyukumuku|Rest|p2a: Pyukumuku\n|-status|p2a: Pyukumuku|slp|[from] move: Rest\n|-heal|p2a: Pyukumuku|100\/100 slp|[silent]\n|\n|-heal|p1a: Celesteela|66\/100 tox|[from] item: Leftovers\n|-damage|p2a: Pyukumuku|88\/100 slp|[from] Leech Seed|[of] p1a: Celesteela\n|-heal|p1a: Celesteela|76\/100 tox|[silent]\n|-damage|p1a: Celesteela|39\/100 tox|[from] psn\n|upkeep\n|turn|45\n|c|\u2606nepherae|the coach is about to ingest a cyanide pill\n|c|\u2606Najirs|Lolll\n|c| DracoShivam|Bro this is a different school\n|c| DeathRayKPK|xD\n|c| DracoShivam|From mine\n|inactive|Najirs has 150 seconds left.\n|\n|t:|1700736809\n|move|p1a: Celesteela|Heavy Slam|p2a: Pyukumuku\n|-resisted|p2a: Pyukumuku\n|-damage|p2a: Pyukumuku|77\/100 slp\n|cant|p2a: Pyukumuku|slp\n|\n|-heal|p1a: Celesteela|45\/100 tox|[from] item: Leftovers\n|-heal|p2a: Pyukumuku|83\/100 slp|[from] item: Leftovers\n|-damage|p2a: Pyukumuku|71\/100 slp|[from] Leech Seed|[of] p1a: Celesteela\n|-heal|p1a: Celesteela|55\/100 tox|[silent]\n|-damage|p1a: Celesteela|13\/100 tox|[from] psn\n|upkeep\n|turn|46\n|l|\u2606Najirs\n|inactive|Najirs disconnected and has 155 seconds to reconnect!\n|player|p2|\n|inactive|Najirs has 150 seconds to reconnect!\n|c|\u2606nepherae|and there he goes\n|inactive|Najirs has 120 seconds to reconnect!\n|c| DeathRayKPK|if he truly disconnects due to the net, we will have a rematch right\n|j|\u2606Najirs\n|inactive|Najirs reconnected and has 155 seconds left.\n|player|p2|Najirs|grimsley-masters\n|inactive|Najirs has 150 seconds left.\n|c|\u2606nepherae|i'm stopping the timer if it gets to it\n|c|\u2606Najirs|Lmao\n|\n|t:|1700736886\n|switch|p2a: Alomomola|Alomomola, F|78\/100\n|-damage|p2a: Alomomola|53\/100|[from] Spikes\n|-damage|p2a: Alomomola|41\/100|[from] Stealth Rock\n|move|p1a: Celesteela|Heavy Slam|p2a: Alomomola\n|-resisted|p2a: Alomomola\n|-damage|p2a: Alomomola|34\/100\n|\n|-heal|p1a: Celesteela|19\/100 tox|[from] item: Leftovers\n|-damage|p1a: Celesteela|0 fnt|[from] psn\n|faint|p1a: Celesteela\n|upkeep\n|c|\u2606nepherae|he's having internet issues it's not just taking time to make a move\n|inactive|nepherae has 270 seconds left.\n|\n|t:|1700736904\n|switch|p1a: Alomomola|Alomomola, F|100\/100 tox\n|-damage|p1a: Alomomola|88\/100 tox|[from] Stealth Rock\n|turn|47\n|\n|t:|1700736911\n|move|p1a: Alomomola|Toxic|p2a: Alomomola\n|-status|p2a: Alomomola|tox\n|move|p2a: Alomomola|Wish|p2a: Alomomola\n|\n|-heal|p1a: Alomomola|94\/100 tox|[from] item: Leftovers\n|-damage|p1a: Alomomola|88\/100 tox|[from] psn\n|-damage|p2a: Alomomola|27\/100 tox|[from] psn\n|upkeep\n|turn|48\n|\n|t:|1700736921\n|move|p1a: Alomomola|Toxic|p2a: Alomomola|[miss]\n|-miss|p1a: Alomomola|p2a: Alomomola\n|move|p2a: Alomomola|Flip Turn|p1a: Alomomola\n|-resisted|p1a: Alomomola\n|-damage|p1a: Alomomola|84\/100 tox\n|c| DeathRayKPK|NOOOO\n|\n|t:|1700736928\n|switch|p2a: Vaporeon|Vaporeon, F|75\/100|[from] Flip Turn\n|-damage|p2a: Vaporeon|51\/100|[from] Spikes\n|-damage|p2a: Vaporeon|38\/100|[from] Stealth Rock\n|\n|-heal|p2a: Vaporeon|96\/100|[from] move: Wish|[wisher] Alomomola\n|-heal|p2a: Vaporeon|100\/100|[from] item: Leftovers\n|-heal|p1a: Alomomola|90\/100 tox|[from] item: Leftovers\n|-damage|p1a: Alomomola|78\/100 tox|[from] psn\n|upkeep\n|turn|49\n|c| DracoShivam|Bro knock him off first\n|inactive|Najirs has 150 seconds left.\n|\n|t:|1700736951\n|move|p2a: Vaporeon|Heal Bell|p2a: Vaporeon\n|-activate|p2a: Vaporeon|move: Heal Bell\n|-curestatus|p2: Alomomola|tox|[msg]\n|-curestatus|p2: Pyukumuku|slp|[msg]\n|move|p1a: Alomomola|Wish|p1a: Alomomola\n|\n|-heal|p1a: Alomomola|84\/100 tox|[from] item: Leftovers\n|-damage|p1a: Alomomola|66\/100 tox|[from] psn\n|upkeep\n|turn|50\n|c| DeathRayKPK|oh yeah I forgot about that\n|\n|t:|1700736964\n|switch|p1a: Ting-Lu|Ting-Lu|79\/100 tox\n|-damage|p1a: Ting-Lu|73\/100 tox|[from] Stealth Rock\n|-ability|p1a: Ting-Lu|Vessel of Ruin\n|move|p2a: Vaporeon|Wish|p2a: Vaporeon\n|\n|-heal|p1a: Ting-Lu|100\/100 tox|[from] move: Wish|[wisher] Alomomola\n|-damage|p1a: Ting-Lu|94\/100 tox|[from] psn\n|upkeep\n|turn|51\n|\n|t:|1700736979\n|move|p2a: Vaporeon|Toxic|p1a: Ting-Lu\n|-fail|p1a: Ting-Lu|tox\n|move|p1a: Ting-Lu|Earthquake|p2a: Vaporeon\n|-damage|p2a: Vaporeon|62\/100\n|\n|-heal|p2a: Vaporeon|100\/100|[from] move: Wish|[wisher] Vaporeon\n|-damage|p1a: Ting-Lu|82\/100 tox|[from] psn\n|upkeep\n|turn|52\n|\n|t:|1700736989\n|move|p2a: Vaporeon|Toxic|p1a: Ting-Lu\n|-fail|p1a: Ting-Lu|tox\n|move|p1a: Ting-Lu|Whirlwind|p2a: Vaporeon\n|drag|p2a: Pyukumuku|Pyukumuku, F|71\/100\n|-damage|p2a: Pyukumuku|46\/100|[from] Spikes\n|-damage|p2a: Pyukumuku|33\/100|[from] Stealth Rock\n|\n|-heal|p2a: Pyukumuku|39\/100|[from] item: Leftovers\n|-damage|p1a: Ting-Lu|63\/100 tox|[from] psn\n|upkeep\n|turn|53\n|c| DracoShivam|What was he cooking\n|\n|t:|1700737002\n|move|p1a: Ting-Lu|Earthquake|p2a: Pyukumuku\n|-damage|p2a: Pyukumuku|10\/100\n|move|p2a: Pyukumuku|Rest|p2a: Pyukumuku\n|-status|p2a: Pyukumuku|slp|[from] move: Rest\n|-heal|p2a: Pyukumuku|100\/100 slp|[silent]\n|\n|-damage|p1a: Ting-Lu|38\/100 tox|[from] psn\n|upkeep\n|turn|54\n|c| DeathRayKPK|bro why\n|c| DeathRayKPK|wish was coming\n|c| DeathRayKPK|only 3 more rests\n|\n|t:|1700737021\n|switch|p2a: Alomomola|Alomomola, F|61\/100\n|-damage|p2a: Alomomola|36\/100|[from] Spikes\n|-damage|p2a: Alomomola|24\/100|[from] Stealth Rock\n|move|p1a: Ting-Lu|Rest|p1a: Ting-Lu\n|-status|p1a: Ting-Lu|slp|[from] move: Rest\n|-heal|p1a: Ting-Lu|100\/100 slp|[silent]\n|\n|upkeep\n|turn|55\n|c| plasma_fistem|no it wasnt\n|c| DeathRayKPK|woah\n|c| DeathRayKPK|rest ting lu\n|c| plasma_fistem|cause he was mindlessly clicking toxic\n|c| DeathRayKPK|that takes guts\n|c| DracoShivam|Ah yes\n|\n|t:|1700737040\n|switch|p1a: Blissey|Blissey, F|100\/100\n|-damage|p1a: Blissey|88\/100|[from] Stealth Rock\n|move|p2a: Alomomola|Wish|p2a: Alomomola\n|\n|upkeep\n|turn|56\n|c|\u2606nepherae|and now\n|c|\u2606nepherae|rejoice\n|c|\u2606Najirs|Lmao heal bell\n|inactive|Najirs has 120 seconds left.\n|\n|t:|1700737069\n|move|p2a: Alomomola|Wish||[still]\n|-fail|p2a: Alomomola\n|move|p1a: Blissey|Aromatherapy|p1a: Blissey\n|-activate|p1a: Blissey|move: Aromatherapy\n|-curestatus|p1: Ting-Lu|slp|[msg]\n|-curestatus|p1: Gliscor|tox|[msg]\n|-curestatus|p1: Alomomola|tox|[msg]\n|\n|-heal|p2a: Alomomola|74\/100|[from] move: Wish|[wisher] Alomomola\n|upkeep\n|turn|57\n|inactive|Najirs has 120 seconds left.\n|c| DeathRayKPK|imagine heal belling removing the toxic from gliscor\n|c|\u2606nepherae|it does\n|c| DeathRayKPK|oh it did xD\n|c| DeathRayKPK|fun interaction\n|c| plasma_fistem|it means jackshit tho\n|inactive|nepherae has 270 seconds left.\n|\n|t:|1700737095\n|switch|p1a: Ting-Lu|Ting-Lu|100\/100\n|-damage|p1a: Ting-Lu|94\/100|[from] Stealth Rock\n|-ability|p1a: Ting-Lu|Vessel of Ruin\n|move|p2a: Alomomola|Toxic|p1a: Ting-Lu\n|-status|p1a: Ting-Lu|tox\n|\n|-damage|p1a: Ting-Lu|88\/100 tox|[from] psn\n|upkeep\n|turn|58\n|c|\u2606Najirs|Cuz it comes back\n|inactive|nepherae has 270 seconds left.\n|inactive|Najirs has 120 seconds left.\n|c| DracoShivam|This is extremely unfortunate\n|\n|t:|1700737109\n|move|p2a: Alomomola|Wish|p2a: Alomomola\n|move|p1a: Ting-Lu|Whirlwind|p2a: Alomomola\n|drag|p2a: Dondozo|Dondozo, F|76\/100\n|-damage|p2a: Dondozo|51\/100|[from] Spikes\n|-damage|p2a: Dondozo|38\/100|[from] Stealth Rock\n|\n|-damage|p1a: Ting-Lu|76\/100 tox|[from] psn\n|upkeep\n|turn|59\n|inactive|Najirs has 120 seconds left.\n|inactive|nepherae has 270 seconds left.\n|\n|t:|1700737133\n|switch|p1a: Alomomola|Alomomola, F|99\/100\n|-damage|p1a: Alomomola|87\/100|[from] Stealth Rock\n|move|p2a: Dondozo|Rest|p2a: Dondozo\n|-status|p2a: Dondozo|slp|[from] move: Rest\n|-heal|p2a: Dondozo|100\/100 slp|[silent]\n|\n|-heal|p1a: Alomomola|93\/100|[from] item: Leftovers\n|upkeep\n|turn|60\n|c| plasma_fistem|why\n|c| plasma_fistem|THIS was useless\n|\n|t:|1700737153\n|switch|p2a: Alomomola|Alomomola, F|100\/100\n|-damage|p2a: Alomomola|76\/100|[from] Spikes\n|-damage|p2a: Alomomola|63\/100|[from] Stealth Rock\n|move|p1a: Alomomola|Flip Turn|p2a: Alomomola\n|-resisted|p2a: Alomomola\n|-damage|p2a: Alomomola|59\/100\n|\n|t:|1700737156\n|switch|p1a: Gliscor|Gliscor, M|54\/100|[from] Flip Turn\n|-damage|p1a: Gliscor|42\/100|[from] Stealth Rock\n|\n|-status|p1a: Gliscor|tox|[from] item: Toxic Orb\n|upkeep\n|turn|61\n|\n|t:|1700737188\n|switch|p1a: Blissey|Blissey, F|88\/100\n|-damage|p1a: Blissey|76\/100|[from] Stealth Rock\n|move|p2a: Alomomola|Flip Turn|p1a: Blissey\n|-damage|p1a: Blissey|58\/100\n|inactive|Najirs has 90 seconds left.\n|\n|t:|1700737209\n|switch|p2a: Dondozo|Dondozo, F|100\/100 slp|[from] Flip Turn\n|-damage|p2a: Dondozo|75\/100 slp|[from] Spikes\n|-damage|p2a: Dondozo|63\/100 slp|[from] Stealth Rock\n|\n|upkeep\n|turn|62\n|inactive|Najirs has 90 seconds left.\n|\n|t:|1700737227\n|move|p1a: Blissey|Seismic Toss|p2a: Dondozo\n|-damage|p2a: Dondozo|43\/100 slp\n|cant|p2a: Dondozo|slp\n|\n|upkeep\n|turn|63\n|inactive|Najirs has 90 seconds left.\n|inactive|nepherae has 240 seconds left.\n|c| DracoShivam|I can't\n|l| DracoShivam\n|c| plasma_fistem|u can\n|\n|t:|1700737257\n|move|p1a: Blissey|Seismic Toss|p2a: Dondozo\n|-damage|p2a: Dondozo|23\/100 slp\n|cant|p2a: Dondozo|slp\n|\n|upkeep\n|turn|64\n|c| plasma_fistem|never mind\n|inactive|Najirs has 90 seconds left.\n|c| plasma_fistem|gg\n|\n|t:|1700737275\n|switch|p1a: Dondozo|Dondozo, M|100\/100\n|-damage|p1a: Dondozo|88\/100|[from] Stealth Rock\n|-curestatus|p2a: Dondozo|slp|[msg]\n|move|p2a: Dondozo|Rest|p2a: Dondozo\n|-status|p2a: Dondozo|slp|[from] move: Rest\n|-heal|p2a: Dondozo|100\/100 slp|[silent]\n|\n|-heal|p1a: Dondozo|94\/100|[from] item: Leftovers\n|upkeep\n|turn|65\n|inactive|Najirs has 90 seconds left.\n|c| DeathRayKPK|come on wake up old pal\n|c| DeathRayKPK|oh no\n|c| DeathRayKPK|he slept agaain\n|c| plasma_fistem|that was very mercifu;\n|\n|t:|1700737293\n|switch|p2a: Alomomola|Alomomola, F|92\/100\n|-damage|p2a: Alomomola|67\/100|[from] Spikes\n|-damage|p2a: Alomomola|55\/100|[from] Stealth Rock\n|switch|p1a: Gliscor|Gliscor, M|42\/100 tox\n|-damage|p1a: Gliscor|30\/100 tox|[from] Stealth Rock\n|\n|-heal|p1a: Gliscor|42\/100 tox|[from] ability: Poison Heal\n|upkeep\n|turn|66\n|c| plasma_fistem|sadistic even\n|\n|t:|1700737306\n|switch|p1a: Ting-Lu|Ting-Lu|76\/100 tox\n|-damage|p1a: Ting-Lu|69\/100 tox|[from] Stealth Rock\n|-ability|p1a: Ting-Lu|Vessel of Ruin\n|move|p2a: Alomomola|Knock Off|p1a: Ting-Lu\n|-resisted|p1a: Ting-Lu\n|-damage|p1a: Ting-Lu|66\/100 tox\n|\n|-damage|p1a: Ting-Lu|60\/100 tox|[from] psn\n|upkeep\n|turn|67\n|c| plasma_fistem|wants to subject us to bozo v bozo\n|\n|t:|1700737318\n|move|p2a: Alomomola|Wish|p2a: Alomomola\n|move|p1a: Ting-Lu|Earthquake|p2a: Alomomola\n|-damage|p2a: Alomomola|35\/100\n|\n|-damage|p1a: Ting-Lu|48\/100 tox|[from] psn\n|upkeep\n|turn|68\n|\n|t:|1700737328\n|move|p2a: Alomomola|Toxic|p1a: Ting-Lu\n|-fail|p1a: Ting-Lu|tox\n|move|p1a: Ting-Lu|Whirlwind|p2a: Alomomola\n|drag|p2a: Pyukumuku|Pyukumuku, F|100\/100 slp\n|-damage|p2a: Pyukumuku|76\/100 slp|[from] Spikes\n|-damage|p2a: Pyukumuku|63\/100 slp|[from] Stealth Rock\n|\n|-heal|p2a: Pyukumuku|100\/100 slp|[from] move: Wish|[wisher] Alomomola\n|-damage|p1a: Ting-Lu|29\/100 tox|[from] psn\n|upkeep\n|turn|69\n|inactive|Najirs has 90 seconds left.\n|c| DeathRayKPK|I'm unaware of what bozo vs bozo does\n|\n|t:|1700737342\n|move|p1a: Ting-Lu|Rest|p1a: Ting-Lu\n|-status|p1a: Ting-Lu|slp|[from] move: Rest\n|-heal|p1a: Ting-Lu|100\/100 slp|[silent]\n|cant|p2a: Pyukumuku|slp\n|\n|upkeep\n|turn|70\n|inactive|nepherae has 240 seconds left.\n|inactive|Najirs has 90 seconds left.\n|c|\u2606Najirs|Lol\n|inactive|nepherae has 210 seconds left.\n|\n|t:|1700737396\n|switch|p1a: Gliscor|Gliscor, M|42\/100 tox\n|-damage|p1a: Gliscor|30\/100 tox|[from] Stealth Rock\n|cant|p2a: Pyukumuku|slp\n|\n|-heal|p1a: Gliscor|42\/100 tox|[from] ability: Poison Heal\n|upkeep\n|turn|71\n|inactive|Najirs has 90 seconds left.\n|\n|t:|1700737416\n|switch|p2a: Alomomola|Alomomola, F|68\/100\n|-damage|p2a: Alomomola|43\/100|[from] Spikes\n|-damage|p2a: Alomomola|31\/100|[from] Stealth Rock\n|move|p1a: Gliscor|Knock Off|p2a: Alomomola\n|-damage|p2a: Alomomola|22\/100\n|\n|-heal|p1a: Gliscor|54\/100 tox|[from] ability: Poison Heal\n|upkeep\n|turn|72\n|inactive|nepherae has 210 seconds left.\n|inactive|Najirs has 90 seconds left.\n|j| DracoShivam\n|\n|t:|1700737431\n|move|p1a: Gliscor|Swords Dance|p1a: Gliscor\n|-boost|p1a: Gliscor|atk|2\n|move|p2a: Alomomola|Wish|p2a: Alomomola\n|\n|-heal|p1a: Gliscor|67\/100 tox|[from] ability: Poison Heal\n|upkeep\n|turn|73\n|inactive|nepherae has 210 seconds left.\n|inactive|Najirs has 90 seconds left.\n|\n|t:|1700737443\n|move|p1a: Gliscor|Earthquake|p2a: Alomomola\n|-damage|p2a: Alomomola|0 fnt\n|faint|p2a: Alomomola\n|\n|-heal|p1a: Gliscor|79\/100 tox|[from] ability: Poison Heal\n|upkeep\n|c| DeathRayKPK|ouch\n|\n|t:|1700737451\n|switch|p2a: Dondozo|Dondozo, F|100\/100 slp\n|-damage|p2a: Dondozo|75\/100 slp|[from] Spikes\n|-damage|p2a: Dondozo|63\/100 slp|[from] Stealth Rock\n|turn|74\n|inactive|Najirs has 90 seconds left.\n|c|\u2606nepherae|why not go to dozo there?\n|c|\u2606Najirs|Fucking hell\n|inactive|nepherae has 210 seconds left.\n|c|\u2606nepherae|or are you already craving the sweet release of death?\n|c|\u2606Najirs|True\n|c|\u2606Najirs|Lmao\n|c|\u2606Najirs|No\n|c| DeathRayKPK|dozo was 0 turns asleep\n|c| DeathRayKPK|imagine losing it\n|c|\u2606nepherae|yeah and it walls gliscor to hell and back\n|c|\u2606Najirs|Not really\n|inactive|nepherae has 180 seconds left.\n|c| DeathRayKPK|curious to see how much damage it even does\n|\n|t:|1700737513\n|switch|p1a: Ting-Lu|Ting-Lu|100\/100 slp\n|-damage|p1a: Ting-Lu|94\/100 slp|[from] Stealth Rock\n|-ability|p1a: Ting-Lu|Vessel of Ruin\n|cant|p2a: Dondozo|slp\n|\n|upkeep\n|turn|75\n|inactive|Najirs has 90 seconds left.\n|\n|t:|1700737522\n|cant|p1a: Ting-Lu|slp\n|cant|p2a: Dondozo|slp\n|\n|upkeep\n|turn|76\n|inactive|nepherae has 180 seconds left.\n|inactive|Najirs has 90 seconds left.\n|c| DeathRayKPK|bedtime buddies\n|c|\u2606Najirs|Fuck whirlwind\n|inactive|Najirs has 60 seconds left.\n|\n|t:|1700737582\n|switch|p1a: Alomomola|Alomomola, F|100\/100\n|-damage|p1a: Alomomola|88\/100|[from] Stealth Rock\n|switch|p2a: Pyukumuku|Pyukumuku, F|100\/100 slp\n|-damage|p2a: Pyukumuku|76\/100 slp|[from] Spikes\n|-damage|p2a: Pyukumuku|63\/100 slp|[from] Stealth Rock\n|\n|-heal|p1a: Alomomola|94\/100|[from] item: Leftovers\n|-heal|p2a: Pyukumuku|69\/100 slp|[from] item: Leftovers\n|upkeep\n|turn|77\n|inactive|nepherae has 150 seconds left.\n|\n|t:|1700737621\n|switch|p1a: Ting-Lu|Ting-Lu|94\/100 slp\n|-damage|p1a: Ting-Lu|88\/100 slp|[from] Stealth Rock\n|-ability|p1a: Ting-Lu|Vessel of Ruin\n|switch|p2a: Vaporeon|Vaporeon, F|100\/100\n|-damage|p2a: Vaporeon|76\/100|[from] Spikes\n|-damage|p2a: Vaporeon|63\/100|[from] Stealth Rock\n|\n|-heal|p2a: Vaporeon|69\/100|[from] item: Leftovers\n|upkeep\n|turn|78\n|inactive|nepherae has 150 seconds left.\n|inactive|Najirs has 30 seconds left.\n|\n|t:|1700737639\n|move|p2a: Vaporeon|Wish|p2a: Vaporeon\n|cant|p1a: Ting-Lu|slp\n|\n|-heal|p2a: Vaporeon|75\/100|[from] item: Leftovers\n|upkeep\n|turn|79\n|inactive|nepherae has 150 seconds left.\n|inactive|Najirs has 30 seconds left.\n|\n|t:|1700737651\n|move|p2a: Vaporeon|Heal Bell|p2a: Vaporeon\n|-activate|p2a: Vaporeon|move: Heal Bell\n|-curestatus|p2: Dondozo|slp|[msg]\n|-curestatus|p2: Pyukumuku|slp|[msg]\n|-curestatus|p1a: Ting-Lu|slp|[msg]\n|move|p1a: Ting-Lu|Whirlwind|p2a: Vaporeon\n|drag|p2a: Dondozo|Dondozo, F|63\/100\n|-damage|p2a: Dondozo|38\/100|[from] Spikes\n|-damage|p2a: Dondozo|25\/100|[from] Stealth Rock\n|\n|-heal|p2a: Dondozo|71\/100|[from] move: Wish|[wisher] Vaporeon\n|upkeep\n|turn|80\n|inactive|nepherae has 150 seconds left.\n|inactive|Najirs has 30 seconds left.\n|c|\u2606Najirs|Thanks\n|inactive|Najirs has 20 seconds left.\n|\n|t:|1700737679\n|move|p2a: Dondozo|Avalanche|p1a: Ting-Lu\n|-supereffective|p1a: Ting-Lu\n|-damage|p1a: Ting-Lu|74\/100\n|move|p1a: Ting-Lu|Whirlwind|p2a: Dondozo\n|drag|p2a: Vaporeon|Vaporeon, F|75\/100\n|-damage|p2a: Vaporeon|51\/100|[from] Spikes\n|-damage|p2a: Vaporeon|38\/100|[from] Stealth Rock\n|\n|-heal|p2a: Vaporeon|44\/100|[from] item: Leftovers\n|upkeep\n|turn|81\n|inactive|Najirs has 30 seconds left this turn.\n|inactive|Najirs has 20 seconds left.\n|c|\u2606nepherae|anytime\n|inactive|Najirs has 15 seconds left.\n|c| DeathRayKPK|wow wth\n|\n|t:|1700737698\n|move|p2a: Vaporeon|Wish|p2a: Vaporeon\n|move|p1a: Ting-Lu|Earthquake|p2a: Vaporeon\n|-damage|p2a: Vaporeon|1\/100\n|\n|-heal|p2a: Vaporeon|7\/100|[from] item: Leftovers\n|upkeep\n|turn|82\n|inactive|Najirs has 25 seconds left this turn.\n|c| DeathRayKPK|avalanche did nothing to it\n|inactive|Najirs has 20 seconds left.\n|c|\u2606Najirs|Bruh\n|inactiveoff|Battle timer is now OFF.\n|c|\u2606Najirs|It's been way more than 6 whirlwinds\n|\n|t:|1700737726\n|move|p2a: Vaporeon|Toxic|p1a: Ting-Lu\n|-status|p1a: Ting-Lu|tox\n|move|p1a: Ting-Lu|Whirlwind|p2a: Vaporeon\n|drag|p2a: Pyukumuku|Pyukumuku, F|69\/100\n|-damage|p2a: Pyukumuku|44\/100|[from] Spikes\n|-damage|p2a: Pyukumuku|32\/100|[from] Stealth Rock\n|\n|-heal|p2a: Pyukumuku|100\/100|[from] move: Wish|[wisher] Vaporeon\n|-damage|p1a: Ting-Lu|67\/100 tox|[from] psn\n|upkeep\n|turn|83\n|c| DeathRayKPK|fun fact Neph\n|\n|t:|1700737742\n|switch|p1a: Gliscor|Gliscor, M|79\/100 tox\n|-damage|p1a: Gliscor|67\/100 tox|[from] Stealth Rock\n|move|p2a: Pyukumuku|Block|p1a: Gliscor\n|-activate|p1a: Gliscor|trapped\n|\n|-heal|p1a: Gliscor|79\/100 tox|[from] ability: Poison Heal\n|upkeep\n|turn|84\n|c| DeathRayKPK|this ting lu whirlwind set was what I ran long ago to nearly beat Shreyas\n|\n|t:|1700737754\n|move|p1a: Gliscor|Knock Off|p2a: Pyukumuku\n|-damage|p2a: Pyukumuku|83\/100\n|-enditem|p2a: Pyukumuku|Leftovers|[from] move: Knock Off|[of] p1a: Gliscor\n|move|p2a: Pyukumuku|Soak|p1a: Gliscor\n|-start|p1a: Gliscor|typechange|Water\n|\n|-heal|p1a: Gliscor|92\/100 tox|[from] ability: Poison Heal\n|upkeep\n|turn|85\n|c| DeathRayKPK|xD\n|c|\u2606Najirs|Fuck\n|c|\u2606Najirs|Vap is dead\n|j| etherlords\n|c|\u2606nepherae|yup\n|\n|t:|1700737785\n|switch|p2a: Vaporeon|Vaporeon, F|7\/100\n|-damage|p2a: Vaporeon|0 fnt|[from] Spikes\n|faint|p2a: Vaporeon\n|move|p1a: Gliscor|Knock Off|p2: Vaporeon|[notarget]\n|-fail|p1a: Gliscor\n|\n|-heal|p1a: Gliscor|100\/100 tox|[from] ability: Poison Heal\n|upkeep\n|\n|t:|1700737800\n|switch|p2a: Pyukumuku|Pyukumuku, F|83\/100\n|-damage|p2a: Pyukumuku|58\/100|[from] Spikes\n|-damage|p2a: Pyukumuku|46\/100|[from] Stealth Rock\n|turn|86\n|c| plasma_fistem|congratulastions, you've played yourself\n|\n|t:|1700737808\n|move|p1a: Gliscor|Earthquake|p2a: Pyukumuku\n|-damage|p2a: Pyukumuku|27\/100\n|move|p2a: Pyukumuku|Rest|p2a: Pyukumuku\n|-status|p2a: Pyukumuku|slp|[from] move: Rest\n|-heal|p2a: Pyukumuku|100\/100 slp|[silent]\n|\n|upkeep\n|turn|87\n|c|\u2606Najirs|I'm only unaware\n|c| etherlords|this match has been going on for 33 mins wtf\n|c|\u2606Najirs|Lmfaooo\n|\n|t:|1700737830\n|move|p1a: Gliscor|Earthquake|p2a: Pyukumuku\n|-damage|p2a: Pyukumuku|80\/100 slp\n|cant|p2a: Pyukumuku|slp\n|\n|upkeep\n|turn|88\n|\n|t:|1700737836\n|move|p1a: Gliscor|Earthquake|p2a: Pyukumuku\n|-damage|p2a: Pyukumuku|61\/100 slp\n|cant|p2a: Pyukumuku|slp\n|\n|upkeep\n|turn|89\n|\n|t:|1700737843\n|move|p1a: Gliscor|Earthquake|p2a: Pyukumuku\n|-damage|p2a: Pyukumuku|43\/100 slp\n|-curestatus|p2a: Pyukumuku|slp|[msg]\n|move|p2a: Pyukumuku|Soak|p1a: Gliscor\n|-fail|p1a: Gliscor\n|\n|upkeep\n|turn|90\n|c| DeathRayKPK|imagine you bring in weezing galar\n|c| DeathRayKPK|and then poison heal becomes toxic\n|\n|t:|1700737854\n|switch|p1a: Alomomola|Alomomola, F|100\/100\n|-damage|p1a: Alomomola|88\/100|[from] Stealth Rock\n|move|p2a: Pyukumuku|Rest|p2a: Pyukumuku\n|-status|p2a: Pyukumuku|slp|[from] move: Rest\n|-heal|p2a: Pyukumuku|100\/100 slp|[silent]\n|\n|-heal|p1a: Alomomola|94\/100|[from] item: Leftovers\n|upkeep\n|turn|91\n|c|\u2606Najirs|Wait what\n|c|\u2606Najirs|Block fades????\n|c| DracoShivam|I've gone to 1450 and back to 1399 from 1370 in the span of this match\n|c| DeathRayKPK|xDDD\n|c|\u2606Najirs|Oh lol\n|c|\u2606nepherae|you switched pyuker\n|\n|t:|1700737882\n|move|p1a: Alomomola|Flip Turn|p2a: Pyukumuku\n|-resisted|p2a: Pyukumuku\n|-damage|p2a: Pyukumuku|93\/100 slp\n|c|\u2606nepherae|for vap\n|c|\u2606nepherae|to kill it for some reason\n|c|\u2606nepherae|then brought pyuk back\n|\n|t:|1700737903\n|switch|p1a: Gliscor|Gliscor, M|100\/100 tox|[from] Flip Turn\n|-damage|p1a: Gliscor|88\/100 tox|[from] Stealth Rock\n|cant|p2a: Pyukumuku|slp\n|\n|-heal|p1a: Gliscor|100\/100 tox|[from] ability: Poison Heal\n|upkeep\n|turn|92\n|c|\u2606Najirs|I didn't block I see\n|\n|t:|1700737914\n|move|p1a: Gliscor|Earthquake|p2a: Pyukumuku\n|-damage|p2a: Pyukumuku|62\/100 slp\n|cant|p2a: Pyukumuku|slp\n|\n|upkeep\n|turn|93\n|\n|t:|1700737921\n|move|p1a: Gliscor|Earthquake|p2a: Pyukumuku\n|-damage|p2a: Pyukumuku|32\/100 slp\n|-curestatus|p2a: Pyukumuku|slp|[msg]\n|move|p2a: Pyukumuku|Soak|p1a: Gliscor\n|-start|p1a: Gliscor|typechange|Water\n|\n|upkeep\n|turn|94\n|\n|t:|1700737931\n|move|p1a: Gliscor|Knock Off|p2a: Pyukumuku\n|-damage|p2a: Pyukumuku|20\/100\n|move|p2a: Pyukumuku|Rest|p2a: Pyukumuku\n|-status|p2a: Pyukumuku|slp|[from] move: Rest\n|-heal|p2a: Pyukumuku|100\/100 slp|[silent]\n|\n|upkeep\n|turn|95\n|\n|t:|1700737940\n|switch|p1a: Alomomola|Alomomola, F|100\/100\n|-damage|p1a: Alomomola|88\/100|[from] Stealth Rock\n|cant|p2a: Pyukumuku|slp\n|\n|-heal|p1a: Alomomola|94\/100|[from] item: Leftovers\n|upkeep\n|turn|96\n|\n|t:|1700737951\n|move|p1a: Alomomola|Flip Turn|p2a: Pyukumuku\n|-resisted|p2a: Pyukumuku\n|-damage|p2a: Pyukumuku|93\/100 slp\n|c| DeathRayKPK|F\n|\n|t:|1700737958\n|switch|p1a: Gliscor|Gliscor, M|100\/100 tox|[from] Flip Turn\n|-damage|p1a: Gliscor|88\/100 tox|[from] Stealth Rock\n|cant|p2a: Pyukumuku|slp\n|\n|-heal|p1a: Gliscor|100\/100 tox|[from] ability: Poison Heal\n|upkeep\n|turn|97\n|l| etherlords\n|\n|t:|1700737977\n|move|p1a: Gliscor|Earthquake|p2a: Pyukumuku\n|-damage|p2a: Pyukumuku|66\/100 slp\n|-curestatus|p2a: Pyukumuku|slp|[msg]\n|move|p2a: Pyukumuku|Block|p1a: Gliscor\n|-activate|p1a: Gliscor|trapped\n|\n|upkeep\n|turn|98\n|\n|t:|1700737985\n|move|p1a: Gliscor|Earthquake|p2a: Pyukumuku\n|-crit|p2a: Pyukumuku\n|-damage|p2a: Pyukumuku|24\/100\n|move|p2a: Pyukumuku|Soak|p1a: Gliscor\n|-start|p1a: Gliscor|typechange|Water\n|\n|upkeep\n|turn|99\n|c|\u2606Najirs|Oof\n|c| plasma_fistem|man at least give your bozo a chance\n|\n|t:|1700738009\n|move|p1a: Gliscor|Knock Off|p2a: Pyukumuku\n|-damage|p2a: Pyukumuku|11\/100\n|move|p2a: Pyukumuku|Toxic|p1a: Gliscor\n|-fail|p1a: Gliscor|tox\n|\n|upkeep\n|turn|100\n|c|\u2606Najirs|Need to avoid whirlwind killing boosts\n|\n|t:|1700738025\n|move|p1a: Gliscor|Knock Off|p2a: Pyukumuku\n|-damage|p2a: Pyukumuku|0 fnt\n|faint|p2a: Pyukumuku\n|\n|upkeep\n|c|\u2606nepherae|100 turns, decent game\n|c|\u2606Najirs|Indeed\n|\n|t:|1700738035\n|switch|p2a: Dondozo|Dondozo, F|71\/100\n|-damage|p2a: Dondozo|46\/100|[from] Spikes\n|-damage|p2a: Dondozo|34\/100|[from] Stealth Rock\n|turn|101\n|\n|t:|1700738042\n|move|p1a: Gliscor|Earthquake|p2a: Dondozo\n|-damage|p2a: Dondozo|22\/100\n|move|p2a: Dondozo|Rest|p2a: Dondozo\n|-status|p2a: Dondozo|slp|[from] move: Rest\n|-heal|p2a: Dondozo|100\/100 slp|[silent]\n|\n|upkeep\n|turn|102\n|c| DeathRayKPK|time to discover the 4th move of dondozo\n|c|\u2606Najirs|No more hazards\n|c| DeathRayKPK|also F the soak is gonna hurt dondozo\n|c|\u2606nepherae|5 rests to go\n|c| DeathRayKPK|from doing bonus damage\n|\n|t:|1700738073\n|switch|p1a: Ting-Lu|Ting-Lu|67\/100 tox\n|-damage|p1a: Ting-Lu|61\/100 tox|[from] Stealth Rock\n|-ability|p1a: Ting-Lu|Vessel of Ruin\n|cant|p2a: Dondozo|slp\n|\n|-damage|p1a: Ting-Lu|55\/100 tox|[from] psn\n|upkeep\n|turn|103\n|c|\u2606Najirs|Lol yeah\n|c| DeathRayKPK|ah not anymmore\n|c|\u2606nepherae|let us sleep then\n|\n|t:|1700738084\n|move|p1a: Ting-Lu|Rest|p1a: Ting-Lu\n|-status|p1a: Ting-Lu|slp|[from] move: Rest\n|-heal|p1a: Ting-Lu|100\/100 slp|[silent]\n|cant|p2a: Dondozo|slp\n|\n|upkeep\n|turn|104\n|\n|t:|1700738092\n|switch|p1a: Alomomola|Alomomola, F|100\/100\n|-damage|p1a: Alomomola|88\/100|[from] Stealth Rock\n|-curestatus|p2a: Dondozo|slp|[msg]\n|move|p2a: Dondozo|Curse|p2a: Dondozo\n|-unboost|p2a: Dondozo|spe|1\n|-boost|p2a: Dondozo|atk|1\n|-boost|p2a: Dondozo|def|1\n|\n|-heal|p1a: Alomomola|94\/100|[from] item: Leftovers\n|upkeep\n|turn|105\n|\n|t:|1700738103\n|move|p1a: Alomomola|Toxic|p2a: Dondozo\n|-status|p2a: Dondozo|tox\n|move|p2a: Dondozo|Curse|p2a: Dondozo\n|-unboost|p2a: Dondozo|spe|1\n|-boost|p2a: Dondozo|atk|1\n|-boost|p2a: Dondozo|def|1\n|\n|-heal|p1a: Alomomola|100\/100|[from] item: Leftovers\n|-damage|p2a: Dondozo|94\/100 tox|[from] psn\n|upkeep\n|turn|106\n|\n|t:|1700738124\n|move|p1a: Alomomola|Flip Turn|p2a: Dondozo\n|-resisted|p2a: Dondozo\n|-damage|p2a: Dondozo|92\/100 tox\n|\n|t:|1700738126\n|switch|p1a: Dondozo|Dondozo, M|94\/100|[from] Flip Turn\n|-damage|p1a: Dondozo|82\/100|[from] Stealth Rock\n|move|p2a: Dondozo|Curse|p2a: Dondozo\n|-unboost|p2a: Dondozo|spe|1\n|-boost|p2a: Dondozo|atk|1\n|-boost|p2a: Dondozo|def|1\n|\n|-heal|p1a: Dondozo|88\/100|[from] item: Leftovers\n|-damage|p2a: Dondozo|80\/100 tox|[from] psn\n|upkeep\n|turn|107\n|\n|t:|1700738143\n|move|p1a: Dondozo|Body Press|p2a: Dondozo\n|-damage|p2a: Dondozo|63\/100 tox\n|move|p2a: Dondozo|Curse|p2a: Dondozo\n|-unboost|p2a: Dondozo|spe|1\n|-boost|p2a: Dondozo|atk|1\n|-boost|p2a: Dondozo|def|1\n|\n|-heal|p1a: Dondozo|94\/100|[from] item: Leftovers\n|-damage|p2a: Dondozo|45\/100 tox|[from] psn\n|upkeep\n|turn|108\n|c| DeathRayKPK|is there some fast forward button?\n|c| DeathRayKPK|Srijan\n|c|\u2606Najirs|Lmfao\n|c| DeathRayKPK|131 is the lucky number\n|c|\u2606nepherae|this will go further than 131\n|c| DeathRayKPK|push it for 23 more turns m8\n|c| DeathRayKPK|xD\n|\n|t:|1700738175\n|move|p1a: Dondozo|Body Press|p2a: Dondozo\n|-damage|p2a: Dondozo|27\/100 tox\n|move|p2a: Dondozo|Curse|p2a: Dondozo\n|-unboost|p2a: Dondozo|spe|1\n|-boost|p2a: Dondozo|atk|1\n|-boost|p2a: Dondozo|def|1\n|\n|-heal|p1a: Dondozo|100\/100|[from] item: Leftovers\n|-damage|p2a: Dondozo|2\/100 tox|[from] psn\n|upkeep\n|turn|109\n|c|\u2606nepherae|nvm\n|c|\u2606Najirs|Oh fuck\n|c|\u2606nepherae|he said enough is enough\n|c|\u2606Najirs|Pls switch\n|c|\u2606nepherae|no\n|c|\u2606nepherae|perish\n|\n|t:|1700738197\n|move|p1a: Dondozo|Body Press|p2a: Dondozo\n|-damage|p2a: Dondozo|0 fnt\n|faint|p2a: Dondozo\n|\n|win|nepherae\n|c|\u2606nepherae|gg\n|c|\u2606Najirs|Gg\n|c|\u2606Najirs|Miscalculated\n|c|\u2606Najirs|Forgot speed\n","uploadtime":1700738245,"views":1,"p1id":"nepherae","p2id":"najirs","formatid":"gen9nationaldex","rating":0,"private":0,"password":""}