{"id":"gen9nationaldex-1993008824","p1":"beantheduck13","p2":"Afraidlice","format":"[Gen 9] National Dex","log":"|j|\u2606beantheduck13\n|j|\u2606Afraidlice\n|t:|1700255048\n|gametype|singles\n|player|p1|beantheduck13|101|1403\n|player|p2|Afraidlice|1|1344\n|teamsize|p1|6\n|teamsize|p2|6\n|gen|9\n|tier|[Gen 9] National Dex\n|rated|\n|rule|HP Percentage Mod: HP is shown in percentages\n|rule|Endless Battle Clause: Forcing endless battles is banned\n|rule|OHKO Clause: OHKO moves are banned\n|rule|Evasion Clause: Evasion abilities, items, and moves are banned\n|rule|Evasion Abilities Clause: Evasion abilities are banned\n|rule|Evasion Items Clause: Evasion items are banned\n|rule|Evasion Moves Clause: Evasion moves are banned\n|rule|Species Clause: Limit one of each Pok\u00e9mon\n|rule|Sleep Clause Mod: Limit one foe put to sleep\n|clearpoke\n|poke|p1|Greninja-*, M|\n|poke|p1|Iron Moth|\n|poke|p1|Ogerpon, F|\n|poke|p1|Meowstic, M|\n|poke|p1|Kommo-o, M|\n|poke|p1|Mawile, F|\n|poke|p2|Hatterene, F|\n|poke|p2|Marowak-Alola, F|\n|poke|p2|Ampharos, M|\n|poke|p2|Cresselia, F|\n|poke|p2|Ursaluna, F|\n|poke|p2|Hoopa-Unbound|\n|teampreview\n|\n|t:|1700255065\n|start\n|switch|p1a: Clef|Meowstic, M|100\/100\n|switch|p2a: Hoopa|Hoopa-Unbound|100\/100\n|turn|1\n|\n|t:|1700255071\n|move|p1a: Clef|Reflect|p1a: Clef\n|-sidestart|p1: beantheduck13|Reflect\n|move|p2a: Hoopa|Trick Room|p2a: Hoopa\n|-fieldstart|move: Trick Room|[of] p2a: Hoopa\n|\n|upkeep\n|turn|2\n|\n|t:|1700255074\n|move|p1a: Clef|Light Screen|p1a: Clef\n|-sidestart|p1: beantheduck13|move: Light Screen\n|move|p2a: Hoopa|Hyperspace Fury|p1a: Clef\n|-supereffective|p1a: Clef\n|-damage|p1a: Clef|8\/100\n|-unboost|p2a: Hoopa|def|1\n|-enditem|p2a: Hoopa|Eject Pack\n|\n|t:|1700255084\n|switch|p2a: Ampharos|Ampharos, M|100\/100\n|\n|upkeep\n|turn|3\n|\n|t:|1700255088\n|detailschange|p2a: Ampharos|Ampharos-Mega, M\n|-mega|p2a: Ampharos|Ampharos|Ampharosite\n|-ability|p2a: Ampharos|Mold Breaker\n|move|p2a: Ampharos|Volt Switch|p1a: Clef\n|-damage|p1a: Clef|0 fnt\n|faint|p1a: Clef\n|\n|t:|1700255097\n|switch|p2a: Hoopa|Hoopa-Unbound|100\/100|[from] Volt Switch\n|\n|upkeep\n|\n|t:|1700255109\n|switch|p1a: Six|Mawile, F, shiny|100\/100\n|-ability|p1a: Six|Intimidate|boost\n|-unboost|p2a: Hoopa|atk|1\n|turn|4\n|\n|t:|1700255124\n|switch|p2a: Marowak|Marowak-Alola, F|100\/100\n|detailschange|p1a: Six|Mawile-Mega, F, shiny\n|-mega|p1a: Six|Mawile|Mawilite\n|move|p1a: Six|Swords Dance|p1a: Six\n|-boost|p1a: Six|atk|2\n|\n|upkeep\n|turn|5\n|\n|t:|1700255134\n|switch|p2a: Hatterene|Hatterene, F|100\/100\n|move|p1a: Six|Sucker Punch||[still]\n|-fail|p1a: Six\n|\n|-fieldend|move: Trick Room\n|upkeep\n|turn|6\n|\n|t:|1700255147\n|move|p1a: Six|Iron Head|p2a: Hatterene\n|-supereffective|p2a: Hatterene\n|-enditem|p2a: Hatterene|Focus Sash\n|-damage|p2a: Hatterene|1\/100\n|cant|p2a: Hatterene|flinch\n|\n|upkeep\n|turn|7\n|\n|t:|1700255154\n|move|p1a: Six|Iron Head|p2a: Hatterene\n|-supereffective|p2a: Hatterene\n|-damage|p2a: Hatterene|0 fnt\n|faint|p2a: Hatterene\n|\n|upkeep\n|\n|t:|1700255158\n|switch|p2a: Cresselia|Cresselia, F|100\/100\n|turn|8\n|\n|t:|1700255164\n|move|p1a: Six|Play Rough|p2a: Cresselia|[miss]\n|-miss|p1a: Six|p2a: Cresselia\n|move|p2a: Cresselia|Trick Room|p2a: Cresselia\n|-fieldstart|move: Trick Room|[of] p2a: Cresselia\n|\n|-sideend|p1: beantheduck13|Reflect\n|upkeep\n|turn|9\n|\n|t:|1700255170\n|move|p1a: Six|Play Rough|p2a: Cresselia\n|-damage|p2a: Cresselia|8\/100\n|move|p2a: Cresselia|Lunar Dance|p2a: Cresselia\n|faint|p2a: Cresselia\n|\n|-sideend|p1: beantheduck13|move: Light Screen\n|upkeep\n|\n|t:|1700255173\n|switch|p2a: Ursaluna|Ursaluna, F|100\/100\n|turn|10\n|\n|t:|1700255183\n|switch|p1a: Mac|Kommo-o, M|100\/100\n|move|p2a: Ursaluna|Headlong Rush|p1a: Mac\n|-damage|p1a: Mac|46\/100\n|-unboost|p2a: Ursaluna|def|1\n|-unboost|p2a: Ursaluna|spd|1\n|\n|-status|p2a: Ursaluna|brn|[from] item: Flame Orb\n|upkeep\n|turn|11\n|\n|t:|1700255212\n|move|p2a: Ursaluna|Facade|p1a: Mac\n|-damage|p1a: Mac|0 fnt\n|faint|p1a: Mac\n|\n|-damage|p2a: Ursaluna|94\/100 brn|[from] brn\n|upkeep\n|\n|t:|1700255227\n|switch|p1a: Shen|Iron Moth|100\/100\n|-enditem|p1a: Shen|Booster Energy\n|-activate|p1a: Shen|ability: Quark Drive|[fromitem]\n|-start|p1a: Shen|quarkdrivespa\n|turn|12\n|\n|t:|1700255241\n|move|p2a: Ursaluna|Facade|p1a: Shen\n|-damage|p1a: Shen|0 fnt\n|faint|p1a: Shen\n|-end|p1a: Shen|Quark Drive|[silent]\n|\n|-damage|p2a: Ursaluna|88\/100 brn|[from] brn\n|-fieldend|move: Trick Room\n|upkeep\n|\n|t:|1700255249\n|switch|p1a: Ukuza|Ogerpon, F|100\/100\n|turn|13\n|\n|t:|1700255259\n|-terastallize|p1a: Ukuza|Grass\n|detailschange|p1a: Ukuza|Ogerpon-Teal-Tera, F, tera:Grass\n|-ability|p1a: Ukuza|Embody Aspect (Teal)|boost\n|-boost|p1a: Ukuza|spe|1\n|move|p1a: Ukuza|Ivy Cudgel|p2a: Ursaluna\n|-supereffective|p2a: Ursaluna\n|-damage|p2a: Ursaluna|0 fnt\n|faint|p2a: Ursaluna\n|\n|upkeep\n|\n|t:|1700255269\n|switch|p2a: Ampharos|Ampharos-Mega, M|100\/100\n|-heal|p2a: Ampharos|100\/100|[from] move: Lunar Dance\n|-ability|p2a: Ampharos|Mold Breaker\n|turn|14\n|\n|t:|1700255278\n|move|p1a: Ukuza|Stomping Tantrum|p2a: Ampharos\n|-supereffective|p2a: Ampharos\n|-damage|p2a: Ampharos|54\/100\n|move|p2a: Ampharos|Dragon Pulse|p1a: Ukuza\n|-damage|p1a: Ukuza|30\/100\n|\n|upkeep\n|turn|15\n|\n|t:|1700255289\n|move|p1a: Ukuza|Ivy Cudgel|p2a: Ampharos\n|-resisted|p2a: Ampharos\n|-damage|p2a: Ampharos|16\/100\n|move|p2a: Ampharos|Thunderbolt|p1a: Ukuza\n|-resisted|p1a: Ukuza\n|-damage|p1a: Ukuza|0 fnt\n|faint|p1a: Ukuza\n|\n|upkeep\n|\n|t:|1700255298\n|switch|p1a: Frogger|Greninja, M, shiny|100\/100\n|turn|16\n|\n|t:|1700255302\n|move|p1a: Frogger|Surf|p2a: Ampharos\n|-start|p1a: Frogger|typechange|Water|[from] ability: Protean\n|-resisted|p2a: Ampharos\n|-damage|p2a: Ampharos|0 fnt\n|faint|p2a: Ampharos\n|\n|upkeep\n|\n|t:|1700255305\n|switch|p2a: Hoopa|Hoopa-Unbound|100\/100\n|turn|17\n|\n|t:|1700255312\n|move|p1a: Frogger|Surf|p2a: Hoopa\n|-damage|p2a: Hoopa|68\/100\n|move|p2a: Hoopa|Trick Room|p2a: Hoopa\n|-fieldstart|move: Trick Room|[of] p2a: Hoopa\n|\n|upkeep\n|turn|18\n|\n|t:|1700255316\n|move|p2a: Hoopa|Drain Punch|p1a: Frogger\n|-damage|p1a: Frogger|42\/100\n|-heal|p2a: Hoopa|90\/100|[from] drain|[of] p1a: Frogger\n|-item|p2a: Hoopa|Choice Scarf|[from] ability: Magician|[of] p1a: Frogger\n|move|p1a: Frogger|Surf|p2a: Hoopa\n|-damage|p2a: Hoopa|57\/100\n|\n|upkeep\n|turn|19\n|\n|t:|1700255349\n|switch|p1a: Six|Mawile-Mega, F, shiny|100\/100\n|move|p2a: Hoopa|Drain Punch|p1a: Six\n|-damage|p1a: Six|68\/100\n|-heal|p2a: Hoopa|68\/100|[from] drain|[of] p1a: Six\n|\n|upkeep\n|turn|20\n|\n|t:|1700255376\n|move|p1a: Six|Swords Dance|p1a: Six\n|-boost|p1a: Six|atk|2\n|move|p2a: Hoopa|Drain Punch|p1a: Six\n|-damage|p1a: Six|35\/100\n|-heal|p2a: Hoopa|79\/100|[from] drain|[of] p1a: Six\n|\n|upkeep\n|turn|21\n|\n|t:|1700255383\n|-terastallize|p2a: Hoopa|Fighting\n|move|p1a: Six|Sucker Punch|p2a: Hoopa\n|-resisted|p2a: Hoopa\n|-damage|p2a: Hoopa|16\/100\n|move|p2a: Hoopa|Drain Punch|p1a: Six\n|-damage|p1a: Six|0 fnt\n|-heal|p2a: Hoopa|28\/100|[from] drain|[of] p1a: Six\n|faint|p1a: Six\n|\n|-fieldend|move: Trick Room\n|upkeep\n|\n|t:|1700255392\n|switch|p1a: Frogger|Greninja, M, shiny|42\/100\n|turn|22\n|\n|t:|1700255396\n|move|p1a: Frogger|Surf|p2a: Hoopa\n|-start|p1a: Frogger|typechange|Water|[from] ability: Protean\n|-damage|p2a: Hoopa|0 fnt\n|faint|p2a: Hoopa\n|\n|upkeep\n|\n|t:|1700255399\n|switch|p2a: Marowak|Marowak-Alola, F|100\/100\n|turn|23\n|\n|t:|1700255404\n|move|p1a: Frogger|Surf|p2a: Marowak\n|-supereffective|p2a: Marowak\n|-damage|p2a: Marowak|0 fnt\n|faint|p2a: Marowak\n|\n|win|beantheduck13\n|raw|beantheduck13's rating: 1403 &rarr; <strong>1420<\/strong><br \/>(+17 for winning)\n|raw|Afraidlice's rating: 1344 &rarr; <strong>1327<\/strong><br \/>(-17 for losing)\n|l|\u2606Afraidlice\n","uploadtime":1700255416,"views":5,"p1id":"beantheduck13","p2id":"afraidlice","formatid":"gen9nationaldex","rating":1327,"private":0,"password":""}