{"id":"gen9nationaldex-1994456076","p1":"Asiamyhotgf","p2":"For3xs","format":"[Gen 9] National Dex","log":"|j|\u2606Asiamyhotgf\n|j|\u2606For3xs\n|t:|1700445966\n|gametype|singles\n|player|p1|Asiamyhotgf|bugsy|1127\n|player|p2|For3xs|pokemonbreeder-gen4|1073\n|teamsize|p1|6\n|teamsize|p2|6\n|gen|9\n|tier|[Gen 9] National Dex\n|rated|\n|rule|HP Percentage Mod: HP is shown in percentages\n|rule|Endless Battle Clause: Forcing endless battles is banned\n|rule|OHKO Clause: OHKO moves are banned\n|rule|Evasion Clause: Evasion abilities, items, and moves are banned\n|rule|Evasion Abilities Clause: Evasion abilities are banned\n|rule|Evasion Items Clause: Evasion items are banned\n|rule|Evasion Moves Clause: Evasion moves are banned\n|rule|Species Clause: Limit one of each Pok\u00e9mon\n|rule|Sleep Clause Mod: Limit one foe put to sleep\n|clearpoke\n|poke|p1|Blacephalon|\n|poke|p1|Blaziken, M|\n|poke|p1|Hitmonlee, M|\n|poke|p1|Blissey, F|\n|poke|p1|Alakazam, M|\n|poke|p1|Glimmora, M|\n|poke|p2|Kommo-o, F|\n|poke|p2|Golisopod, M|\n|poke|p2|Medicham, M|\n|poke|p2|Emolga, F|\n|poke|p2|Tyrantrum, M|\n|poke|p2|Armarouge, F|\n|teampreview\n|\n|t:|1700445978\n|start\n|switch|p1a: Glimmora|Glimmora, M|100\/100\n|switch|p2a: Emolga|Emolga, F|100\/100\n|turn|1\n|\n|t:|1700445989\n|move|p2a: Emolga|Nuzzle|p1a: Glimmora\n|-damage|p1a: Glimmora|93\/100\n|-status|p1a: Glimmora|par\n|-activate|p1a: Glimmora|ability: Toxic Debris\n|-sidestart|p2: For3xs|move: Toxic Spikes\n|cant|p1a: Glimmora|par\n|\n|upkeep\n|turn|2\n|\n|t:|1700446003\n|move|p2a: Emolga|U-turn|p1a: Glimmora\n|-resisted|p1a: Glimmora\n|-damage|p1a: Glimmora|85\/100 par\n|-activate|p1a: Glimmora|ability: Toxic Debris\n|-sidestart|p2: For3xs|move: Toxic Spikes\n|\n|t:|1700446007\n|switch|p2a: Kommo-o|Kommo-o, F|100\/100|[from] U-turn\n|-status|p2a: Kommo-o|tox\n|move|p1a: Glimmora|Stealth Rock|p2a: Kommo-o\n|-sidestart|p2: For3xs|move: Stealth Rock\n|\n|-damage|p2a: Kommo-o|94\/100 tox|[from] psn\n|upkeep\n|turn|3\n|\n|t:|1700446025\n|move|p2a: Kommo-o|Clangorous Soul|p2a: Kommo-o\n|-boost|p2a: Kommo-o|atk|1\n|-boost|p2a: Kommo-o|def|1\n|-boost|p2a: Kommo-o|spa|1\n|-boost|p2a: Kommo-o|spd|1\n|-boost|p2a: Kommo-o|spe|1\n|-damage|p2a: Kommo-o|61\/100 tox\n|move|p1a: Glimmora|Spikes|p2a: Kommo-o\n|-sidestart|p2: For3xs|Spikes\n|\n|-damage|p2a: Kommo-o|49\/100 tox|[from] psn\n|upkeep\n|turn|4\n|\n|t:|1700446037\n|-zpower|p2a: Kommo-o\n|move|p2a: Kommo-o|Clangorous Soulblaze|p1a: Glimmora|[zeffect]\n|-damage|p1a: Glimmora|0 fnt\n|faint|p1a: Glimmora\n|-boost|p2a: Kommo-o|atk|1\n|-boost|p2a: Kommo-o|def|1\n|-boost|p2a: Kommo-o|spa|1\n|-boost|p2a: Kommo-o|spd|1\n|-boost|p2a: Kommo-o|spe|1\n|\n|-damage|p2a: Kommo-o|30\/100 tox|[from] psn\n|upkeep\n|\n|t:|1700446051\n|switch|p1a: Blissey|Blissey, F|100\/100\n|turn|5\n|\n|t:|1700446062\n|move|p1a: Blissey|Protect|p1a: Blissey\n|-singleturn|p1a: Blissey|Protect\n|move|p2a: Kommo-o|Drain Punch|p1a: Blissey\n|-activate|p1a: Blissey|move: Protect\n|\n|-damage|p2a: Kommo-o|6\/100 tox|[from] psn\n|upkeep\n|turn|6\n|\n|t:|1700446071\n|move|p1a: Blissey|Protect|p1a: Blissey\n|-singleturn|p1a: Blissey|Protect\n|move|p2a: Kommo-o|Drain Punch|p1a: Blissey\n|-activate|p1a: Blissey|move: Protect\n|\n|-damage|p2a: Kommo-o|0 fnt|[from] psn\n|faint|p2a: Kommo-o\n|upkeep\n|\n|t:|1700446074\n|switch|p2a: Emolga|Emolga, F|100\/100\n|-damage|p2a: Emolga|76\/100|[from] Stealth Rock\n|turn|7\n|\n|t:|1700446091\n|move|p2a: Emolga|Nuzzle|p1a: Blissey\n|-damage|p1a: Blissey|92\/100\n|-status|p1a: Blissey|par\n|cant|p1a: Blissey|par\n|\n|-heal|p1a: Blissey|99\/100 par|[from] item: Leftovers\n|upkeep\n|turn|8\n|\n|t:|1700446111\n|move|p2a: Emolga|U-turn|p1a: Blissey\n|-damage|p1a: Blissey|80\/100 par\n|\n|t:|1700446126\n|switch|p2a: Tyrantrum|Tyrantrum, M|100\/100|[from] U-turn\n|-status|p2a: Tyrantrum|tox\n|-damage|p2a: Tyrantrum|88\/100 tox|[from] Stealth Rock\n|-damage|p2a: Tyrantrum|76\/100 tox|[from] Spikes\n|cant|p1a: Blissey|par\n|\n|-heal|p1a: Blissey|87\/100 par|[from] item: Leftovers\n|-damage|p2a: Tyrantrum|69\/100 tox|[from] psn\n|upkeep\n|turn|9\n|\n|t:|1700446137\n|move|p1a: Blissey|Protect|p1a: Blissey\n|-singleturn|p1a: Blissey|Protect\n|move|p2a: Tyrantrum|Dragon Dance|p2a: Tyrantrum\n|-boost|p2a: Tyrantrum|atk|1\n|-boost|p2a: Tyrantrum|spe|1\n|\n|-heal|p1a: Blissey|93\/100 par|[from] item: Leftovers\n|-damage|p2a: Tyrantrum|57\/100 tox|[from] psn\n|upkeep\n|turn|10\n|\n|t:|1700446145\n|move|p2a: Tyrantrum|Crunch|p1a: Blissey\n|-damage|p1a: Blissey|31\/100 par\n|move|p1a: Blissey|Wish|p1a: Blissey\n|\n|-heal|p1a: Blissey|37\/100 par|[from] item: Leftovers\n|-damage|p2a: Tyrantrum|38\/100 tox|[from] psn\n|upkeep\n|turn|11\n|\n|t:|1700446162\n|-curestatus|p1a: Blissey|par|[from] ability: Natural Cure\n|switch|p1a: Hitmonlee|Hitmonlee, M|100\/100\n|move|p2a: Tyrantrum|Crunch|p1a: Hitmonlee\n|-resisted|p1a: Hitmonlee\n|-damage|p1a: Hitmonlee|30\/100\n|\n|-heal|p1a: Hitmonlee|100\/100|[from] move: Wish|[wisher] Blissey\n|-damage|p2a: Tyrantrum|13\/100 tox|[from] psn\n|upkeep\n|turn|12\n|\n|t:|1700446177\n|-terastallize|p2a: Tyrantrum|Fairy\n|move|p1a: Hitmonlee|Fake Out|p2a: Tyrantrum\n|-damage|p2a: Tyrantrum|0 fnt\n|faint|p2a: Tyrantrum\n|\n|upkeep\n|\n|t:|1700446190\n|switch|p2a: Medicham|Medicham, M|100\/100\n|-status|p2a: Medicham|tox\n|-damage|p2a: Medicham|94\/100 tox|[from] Stealth Rock\n|-damage|p2a: Medicham|82\/100 tox|[from] Spikes\n|turn|13\n|\n|t:|1700446202\n|detailschange|p2a: Medicham|Medicham-Mega, M\n|-mega|p2a: Medicham|Medicham|Medichamite\n|move|p1a: Hitmonlee|Sucker Punch|p2a: Medicham\n|-damage|p2a: Medicham|45\/100 tox\n|move|p2a: Medicham|Zen Headbutt|p1a: Hitmonlee\n|-supereffective|p1a: Hitmonlee\n|-damage|p1a: Hitmonlee|0 fnt\n|faint|p1a: Hitmonlee\n|\n|-damage|p2a: Medicham|39\/100 tox|[from] psn\n|upkeep\n|\n|t:|1700446209\n|switch|p1a: Blacephalon|Blacephalon|100\/100\n|turn|14\n|\n|t:|1700446225\n|move|p2a: Medicham|Bullet Punch|p1a: Blacephalon\n|-resisted|p1a: Blacephalon\n|-damage|p1a: Blacephalon|75\/100\n|move|p1a: Blacephalon|Shadow Ball|p2a: Medicham\n|-supereffective|p2a: Medicham\n|-damage|p2a: Medicham|0 fnt\n|faint|p2a: Medicham\n|-ability|p1a: Blacephalon|Beast Boost|boost\n|-boost|p1a: Blacephalon|spa|1\n|\n|upkeep\n|\n|t:|1700446233\n|switch|p2a: Emolga|Emolga, F|76\/100\n|-damage|p2a: Emolga|51\/100|[from] Stealth Rock\n|turn|15\n|\n|t:|1700446239\n|move|p1a: Blacephalon|Mind Blown|p2a: Emolga\n|-damage|p2a: Emolga|0 fnt\n|-damage|p1a: Blacephalon|25\/100|[from] mindblown\n|-enditem|p1a: Blacephalon|Salac Berry|[eat]\n|-boost|p1a: Blacephalon|spe|1|[from] item: Salac Berry\n|faint|p2a: Emolga\n|-ability|p1a: Blacephalon|Beast Boost|boost\n|-boost|p1a: Blacephalon|spa|1\n|\n|upkeep\n|\n|t:|1700446248\n|switch|p2a: Armarouge|Armarouge, F|100\/100\n|-status|p2a: Armarouge|tox\n|-damage|p2a: Armarouge|76\/100 tox|[from] Stealth Rock\n|-damage|p2a: Armarouge|63\/100 tox|[from] Spikes\n|turn|16\n|\n|t:|1700446264\n|move|p1a: Blacephalon|Shadow Ball|p2a: Armarouge\n|-supereffective|p2a: Armarouge\n|-damage|p2a: Armarouge|0 fnt\n|faint|p2a: Armarouge\n|-ability|p1a: Blacephalon|Beast Boost|boost\n|-boost|p1a: Blacephalon|spa|1\n|\n|upkeep\n|\n|t:|1700446273\n|switch|p2a: Golisopod|Golisopod, M|100\/100\n|-status|p2a: Golisopod|tox\n|-damage|p2a: Golisopod|76\/100 tox|[from] Stealth Rock\n|-damage|p2a: Golisopod|63\/100 tox|[from] Spikes\n|turn|17\n|\n|t:|1700446280\n|move|p2a: Golisopod|Aqua Jet|p1a: Blacephalon\n|-supereffective|p1a: Blacephalon\n|-damage|p1a: Blacephalon|0 fnt\n|faint|p1a: Blacephalon\n|\n|-damage|p2a: Golisopod|57\/100 tox|[from] psn\n|upkeep\n|\n|t:|1700446289\n|switch|p1a: Blaziken|Blaziken, M|100\/100\n|turn|18\n|\n|t:|1700446300\n|move|p2a: Golisopod|Aqua Jet|p1a: Blaziken\n|-supereffective|p1a: Blaziken\n|-damage|p1a: Blaziken|37\/100\n|move|p1a: Blaziken|Thunder Punch|p2a: Golisopod\n|-supereffective|p2a: Golisopod\n|-damage|p2a: Golisopod|10\/100 tox\n|-enditem|p2a: Golisopod|Figy Berry|[eat]\n|-heal|p2a: Golisopod|43\/100 tox|[from] item: Figy Berry\n|\n|-damage|p2a: Golisopod|30\/100 tox|[from] psn\n|-ability|p1a: Blaziken|Speed Boost|boost\n|-boost|p1a: Blaziken|spe|1\n|upkeep\n|turn|19\n|\n|t:|1700446322\n|switch|p1a: Blissey|Blissey, F|37\/100\n|move|p2a: Golisopod|Aqua Jet|p1a: Blissey\n|-damage|p1a: Blissey|16\/100\n|\n|-heal|p1a: Blissey|22\/100|[from] item: Leftovers\n|-damage|p2a: Golisopod|12\/100 tox|[from] psn\n|upkeep\n|turn|20\n|\n|t:|1700446331\n|move|p1a: Blissey|Protect|p1a: Blissey\n|-singleturn|p1a: Blissey|Protect\n|move|p2a: Golisopod|Aqua Jet|p1a: Blissey\n|-activate|p1a: Blissey|move: Protect\n|\n|-heal|p1a: Blissey|28\/100|[from] item: Leftovers\n|-damage|p2a: Golisopod|0 fnt|[from] psn\n|faint|p2a: Golisopod\n|\n|win|Asiamyhotgf\n|upkeep\n|raw|Asiamyhotgf's rating: 1127 &rarr; <strong>1148<\/strong><br \/>(+21 for winning)\n|raw|For3xs's rating: 1073 &rarr; <strong>1055<\/strong><br \/>(-18 for losing)\n|c|\u2606For3xs|Gg\n","uploadtime":1700446343,"views":19,"p1id":"asiamyhotgf","p2id":"for3xs","formatid":"gen9nationaldex","rating":1055,"private":0,"password":""}