{"id":"gen9nationaldex-1993610531","p1":"Dracaufeu shiny","p2":"K. Repola","format":"[Gen 9] National Dex","log":"|j|\u2606Dracaufeu shiny\n|j|\u2606K. Repola\n|t:|1700337240\n|gametype|singles\n|player|p1|Dracaufeu shiny|red|1457\n|player|p2|K. Repola|gentleman|1439\n|teamsize|p1|6\n|teamsize|p2|6\n|gen|9\n|tier|[Gen 9] National Dex\n|rated|\n|rule|HP Percentage Mod: HP is shown in percentages\n|rule|Endless Battle Clause: Forcing endless battles is banned\n|rule|OHKO Clause: OHKO moves are banned\n|rule|Evasion Clause: Evasion abilities, items, and moves are banned\n|rule|Evasion Abilities Clause: Evasion abilities are banned\n|rule|Evasion Items Clause: Evasion items are banned\n|rule|Evasion Moves Clause: Evasion moves are banned\n|rule|Species Clause: Limit one of each Pok\u00e9mon\n|rule|Sleep Clause Mod: Limit one foe put to sleep\n|clearpoke\n|poke|p1|Glimmora, F|\n|poke|p1|Latios, M|\n|poke|p1|Kartana|\n|poke|p1|Garchomp, F|\n|poke|p1|Tapu Lele|\n|poke|p1|Zapdos-Galar|\n|poke|p2|Koffing, F|\n|poke|p2|Glimmora, F|\n|poke|p2|Whimsicott, M|\n|poke|p2|Corviknight, M|\n|poke|p2|Gliscor, M|\n|poke|p2|Blissey, F|\n|teampreview\n|inactive|Battle timer is ON: inactive players will automatically lose when time's up. (requested by Dracaufeu shiny)\n|c|\u2606K. Repola|greetings\n|\n|t:|1700337250\n|start\n|switch|p1a: Glimmora|Glimmora, F|100\/100\n|switch|p2a: Ritari Peloton|Corviknight, M|100\/100\n|turn|1\n|\n|t:|1700337255\n|move|p1a: Glimmora|Stealth Rock|p2a: Ritari Peloton\n|-sidestart|p2: K. Repola|move: Stealth Rock\n|move|p2a: Ritari Peloton|Iron Head|p1a: Glimmora\n|-supereffective|p1a: Glimmora\n|-damage|p1a: Glimmora|38\/100\n|-activate|p1a: Glimmora|ability: Toxic Debris\n|-sidestart|p2: K. Repola|move: Toxic Spikes\n|\n|upkeep\n|turn|2\n|\n|t:|1700337262\n|switch|p1a: Zapdos|Zapdos-Galar|100\/100\n|move|p2a: Ritari Peloton|Defog|p1a: Zapdos\n|-unboost|p1a: Zapdos|evasion|1\n|-ability|p1a: Zapdos|Defiant|boost\n|-boost|p1a: Zapdos|atk|2\n|-sideend|p2: K. Repola|Toxic Spikes|[from] move: Defog|[of] p2a: Ritari Peloton\n|-sideend|p2: K. Repola|Stealth Rock|[from] move: Defog|[of] p2a: Ritari Peloton\n|\n|upkeep\n|turn|3\n|\n|t:|1700337272\n|-terastallize|p1a: Zapdos|Flying\n|move|p1a: Zapdos|Agility|p1a: Zapdos\n|-boost|p1a: Zapdos|spe|2\n|move|p2a: Ritari Peloton|U-turn|p1a: Zapdos\n|-resisted|p1a: Zapdos\n|-damage|p1a: Zapdos|92\/100\n|\n|t:|1700337284\n|switch|p2a: Slepe|Gliscor, M|100\/100|[from] U-turn\n|\n|-status|p2a: Slepe|tox|[from] item: Toxic Orb\n|upkeep\n|turn|4\n|\n|t:|1700337298\n|move|p1a: Zapdos|Substitute|p1a: Zapdos\n|-start|p1a: Zapdos|Substitute\n|-damage|p1a: Zapdos|67\/100\n|move|p2a: Slepe|Dual Wingbeat|p1a: Zapdos\n|-activate|p1a: Zapdos|move: Substitute|[damage]\n|-end|p1a: Zapdos|Substitute\n|-hitcount|p1a: Zapdos|2\n|\n|upkeep\n|turn|5\n|\n|t:|1700337305\n|move|p1a: Zapdos|Brave Bird|p2a: Slepe\n|-damage|p2a: Slepe|8\/100 tox\n|-damage|p1a: Zapdos|33\/100|[from] Recoil\n|move|p2a: Slepe|Dual Wingbeat|p1a: Zapdos\n|-damage|p1a: Zapdos|17\/100\n|-damage|p1a: Zapdos|0 fnt\n|faint|p1a: Zapdos\n|-hitcount|p1: Zapdos|2\n|\n|-heal|p2a: Slepe|20\/100 tox|[from] ability: Poison Heal\n|upkeep\n|\n|t:|1700337315\n|switch|p1a: Garchomp|Garchomp, F|100\/100\n|turn|6\n|\n|t:|1700337320\n|move|p1a: Garchomp|Scale Shot|p2a: Slepe\n|-damage|p2a: Slepe|13\/100 tox\n|-damage|p2a: Slepe|4\/100 tox\n|-damage|p2a: Slepe|0 fnt\n|faint|p2a: Slepe\n|-hitcount|p2: Slepe|3\n|-unboost|p1a: Garchomp|def|1\n|-boost|p1a: Garchomp|spe|1\n|\n|upkeep\n|\n|t:|1700337335\n|switch|p2a: Lumu|Whimsicott, M|100\/100\n|turn|7\n|\n|t:|1700337339\n|switch|p1a: Glimmora|Glimmora, F|38\/100\n|move|p2a: Lumu|Moonblast|p1a: Glimmora\n|-resisted|p1a: Glimmora\n|-damage|p1a: Glimmora|15\/100\n|\n|upkeep\n|turn|8\n|\n|t:|1700337345\n|move|p2a: Lumu|Moonblast|p1a: Glimmora\n|-resisted|p1a: Glimmora\n|-damage|p1a: Glimmora|0 fnt\n|faint|p1a: Glimmora\n|\n|upkeep\n|\n|t:|1700337349\n|switch|p1a: Tapu Lele|Tapu Lele|100\/100\n|-fieldstart|move: Psychic Terrain|[from] ability: Psychic Surge|[of] p1a: Tapu Lele\n|turn|9\n|\n|t:|1700337353\n|switch|p2a: Ritari Peloton|Corviknight, M|100\/100\n|move|p1a: Tapu Lele|Psyshock|p2a: Ritari Peloton\n|-resisted|p2a: Ritari Peloton\n|-damage|p2a: Ritari Peloton|71\/100\n|\n|upkeep\n|turn|10\n|\n|t:|1700337359\n|switch|p1a: Latios|Latios, M|100\/100\n|move|p2a: Ritari Peloton|Iron Head|p1a: Latios\n|-damage|p1a: Latios|67\/100\n|\n|upkeep\n|turn|11\n|\n|t:|1700337374\n|switch|p2a: Emmi|Blissey, F|100\/100\n|detailschange|p1a: Latios|Latios-Mega, M\n|-mega|p1a: Latios|Latios|Latiosite\n|move|p1a: Latios|Draco Meteor|p2a: Emmi\n|-damage|p2a: Emmi|70\/100\n|-unboost|p1a: Latios|spa|2\n|\n|-heal|p2a: Emmi|76\/100|[from] item: Leftovers\n|upkeep\n|turn|12\n|\n|t:|1700337387\n|switch|p1a: Garchomp|Garchomp, F|100\/100\n|move|p2a: Emmi|Teleport|p2a: Emmi\n|\n|t:|1700337390\n|switch|p2a: Lumu|Whimsicott, M|100\/100|[from] Teleport\n|\n|upkeep\n|turn|13\n|\n|t:|1700337400\n|switch|p1a: Kartana|Kartana|100\/100\n|move|p2a: Lumu|Moonblast|p1a: Kartana\n|-resisted|p1a: Kartana\n|-damage|p1a: Kartana|43\/100\n|\n|-fieldend|move: Psychic Terrain\n|upkeep\n|turn|14\n|\n|t:|1700337416\n|move|p2a: Lumu|Moonblast|p1a: Kartana\n|-resisted|p1a: Kartana\n|-damage|p1a: Kartana|0 fnt\n|faint|p1a: Kartana\n|\n|upkeep\n|\n|t:|1700337426\n|switch|p1a: Tapu Lele|Tapu Lele|100\/100\n|-fieldstart|move: Psychic Terrain|[from] ability: Psychic Surge|[of] p1a: Tapu Lele\n|turn|15\n|\n|t:|1700337455\n|switch|p2a: \u0160\u00f6k\u00f6|Koffing, F, shiny|100\/100\n|-ability|p2a: \u0160\u00f6k\u00f6|Neutralizing Gas\n|move|p1a: Tapu Lele|Focus Blast|p2a: \u0160\u00f6k\u00f6\n|-resisted|p2a: \u0160\u00f6k\u00f6\n|-damage|p2a: \u0160\u00f6k\u00f6|65\/100\n|\n|upkeep\n|turn|16\n|\n|t:|1700337463\n|switch|p1a: Garchomp|Garchomp, F|100\/100\n|move|p2a: \u0160\u00f6k\u00f6|Toxic|p1a: Garchomp\n|-status|p1a: Garchomp|tox\n|\n|-damage|p1a: Garchomp|94\/100 tox|[from] psn\n|upkeep\n|turn|17\n|\n|t:|1700337480\n|-terastallize|p2a: \u0160\u00f6k\u00f6|Flying\n|move|p1a: Garchomp|Swords Dance|p1a: Garchomp\n|-boost|p1a: Garchomp|atk|2\n|move|p2a: \u0160\u00f6k\u00f6|Haze|p2a: \u0160\u00f6k\u00f6\n|-clearallboost\n|\n|-damage|p1a: Garchomp|82\/100 tox|[from] psn\n|upkeep\n|turn|18\n|\n|t:|1700337488\n|move|p1a: Garchomp|Scale Shot|p2a: \u0160\u00f6k\u00f6|[miss]\n|-miss|p1a: Garchomp|p2a: \u0160\u00f6k\u00f6\n|move|p2a: \u0160\u00f6k\u00f6|Pain Split|p1a: Garchomp\n|-sethp|p1a: Garchomp|67\/100 tox|[from] move: Pain Split|[silent]\n|-sethp|p2a: \u0160\u00f6k\u00f6|84\/100|[from] move: Pain Split\n|\n|-damage|p1a: Garchomp|48\/100 tox|[from] psn\n|upkeep\n|turn|19\n|\n|t:|1700337496\n|move|p1a: Garchomp|Scale Shot|p2a: \u0160\u00f6k\u00f6|[miss]\n|-miss|p1a: Garchomp|p2a: \u0160\u00f6k\u00f6\n|move|p2a: \u0160\u00f6k\u00f6|Toxic|p1a: Garchomp\n|-fail|p1a: Garchomp|tox\n|\n|-damage|p1a: Garchomp|24\/100 tox|[from] psn\n|-fieldend|move: Psychic Terrain\n|upkeep\n|turn|20\n|\n|t:|1700337507\n|-end|p2a: \u0160\u00f6k\u00f6|ability: Neutralizing Gas\n|switch|p2a: Lumu|Whimsicott, M|100\/100\n|move|p1a: Garchomp|Scale Shot|p2a: Lumu\n|-immune|p2a: Lumu\n|\n|-damage|p1a: Garchomp|0 fnt|[from] psn\n|faint|p1a: Garchomp\n|upkeep\n|\n|t:|1700337514\n|switch|p1a: Tapu Lele|Tapu Lele|100\/100\n|-fieldstart|move: Psychic Terrain|[from] ability: Psychic Surge|[of] p1a: Tapu Lele\n|turn|21\n|\n|t:|1700337533\n|move|p2a: Lumu|Toxic|p1a: Tapu Lele\n|-status|p1a: Tapu Lele|tox\n|move|p1a: Tapu Lele|Psyshock|p2a: Lumu\n|-damage|p2a: Lumu|0 fnt\n|faint|p2a: Lumu\n|\n|-damage|p1a: Tapu Lele|94\/100 tox|[from] psn\n|upkeep\n|\n|t:|1700337540\n|switch|p2a: Ritari Peloton|Corviknight, M|71\/100\n|turn|22\n|\n|t:|1700337545\n|switch|p1a: Latios|Latios-Mega, M|67\/100\n|move|p2a: Ritari Peloton|Roost|p2a: Ritari Peloton\n|-heal|p2a: Ritari Peloton|100\/100\n|-singleturn|p2a: Ritari Peloton|move: Roost\n|\n|upkeep\n|turn|23\n|\n|t:|1700337551\n|move|p1a: Latios|Draco Meteor|p2a: Ritari Peloton\n|-resisted|p2a: Ritari Peloton\n|-damage|p2a: Ritari Peloton|64\/100\n|-unboost|p1a: Latios|spa|2\n|move|p2a: Ritari Peloton|U-turn|p1a: Latios\n|-supereffective|p1a: Latios\n|-damage|p1a: Latios|32\/100\n|\n|t:|1700337558\n|switch|p2a: Kimalle|Glimmora, F|100\/100|[from] U-turn\n|\n|upkeep\n|turn|24\n|\n|t:|1700337562\n|move|p2a: Kimalle|Sludge Wave|p1a: Latios\n|-damage|p1a: Latios|0 fnt\n|faint|p1a: Latios\n|\n|upkeep\n|\n|t:|1700337565\n|switch|p1a: Tapu Lele|Tapu Lele|94\/100 tox\n|turn|25\n|\n|t:|1700337572\n|move|p2a: Kimalle|Sludge Wave|p1a: Tapu Lele\n|-supereffective|p1a: Tapu Lele\n|-damage|p1a: Tapu Lele|0 fnt\n|faint|p1a: Tapu Lele\n|\n|win|K. Repola\n|raw|Dracaufeu shiny's rating: 1457 &rarr; <strong>1436<\/strong><br \/>(-21 for losing)\n|raw|K. Repola's rating: 1439 &rarr; <strong>1460<\/strong><br \/>(+21 for winning)\n|c|\u2606K. Repola|gg\n|l|\u2606Dracaufeu shiny\n","uploadtime":1700337598,"views":21,"p1id":"dracaufeushiny","p2id":"krepola","formatid":"gen9nationaldex","rating":1436,"private":0,"password":""}