{"id":"gen9nationaldex-1990027372","p1":"King of Wyrms","p2":"Applejuicebruh","format":"[Gen 9] National Dex","log":"|j|\u2606King of Wyrms\n|j|\u203dApplejuicebruh\n|t:|1699916802\n|gametype|singles\n|player|p1|King of Wyrms|lance|1100\n|player|p2|Applejuicebruh|crasherwake|1078\n|teamsize|p1|6\n|teamsize|p2|6\n|gen|9\n|tier|[Gen 9] National Dex\n|rated|\n|rule|HP Percentage Mod: HP is shown in percentages\n|rule|Endless Battle Clause: Forcing endless battles is banned\n|rule|OHKO Clause: OHKO moves are banned\n|rule|Evasion Clause: Evasion abilities, items, and moves are banned\n|rule|Evasion Abilities Clause: Evasion abilities are banned\n|rule|Evasion Items Clause: Evasion items are banned\n|rule|Evasion Moves Clause: Evasion moves are banned\n|rule|Species Clause: Limit one of each Pok\u00e9mon\n|rule|Sleep Clause Mod: Limit one foe put to sleep\n|clearpoke\n|poke|p1|Charizard, F|\n|poke|p1|Hydreigon, M|\n|poke|p1|Garchomp, M|\n|poke|p1|Salamence, M|\n|poke|p1|Kommo-o, M|\n|poke|p1|Kingdra, M|\n|poke|p2|Beedrill, M|\n|poke|p2|Victini|\n|poke|p2|Togekiss, M|\n|poke|p2|Hawlucha, M|\n|poke|p2|Feraligatr, M|\n|poke|p2|Blastoise, M|\n|teampreview\n|\n|t:|1699916813\n|start\n|switch|p1a: Garchomp|Garchomp, M|100\/100\n|switch|p2a: Victini|Victini|100\/100\n|turn|1\n|inactive|Battle timer is ON: inactive players will automatically lose when time's up. (requested by King of Wyrms)\n|\n|t:|1699916818\n|move|p1a: Garchomp|Stealth Rock|p2a: Victini\n|-sidestart|p2: Applejuicebruh|move: Stealth Rock\n|-zpower|p2a: Victini\n|move|p2a: Victini|Z-Celebrate|p2a: Victini|[anim]Celebrate\n|-boost|p2a: Victini|atk|1|[zeffect]\n|-boost|p2a: Victini|def|1|[zeffect]\n|-boost|p2a: Victini|spa|1|[zeffect]\n|-boost|p2a: Victini|spd|1|[zeffect]\n|-boost|p2a: Victini|spe|1|[zeffect]\n|-activate|p2a: Victini|move: Celebrate\n|\n|upkeep\n|turn|2\n|\n|t:|1699916829\n|move|p2a: Victini|Dazzling Gleam|p1a: Garchomp\n|-supereffective|p1a: Garchomp\n|-damage|p1a: Garchomp|20\/100\n|move|p1a: Garchomp|Earthquake|p2a: Victini\n|-supereffective|p2a: Victini\n|-damage|p2a: Victini|4\/100\n|-damage|p1a: Garchomp|10\/100|[from] item: Life Orb\n|\n|upkeep\n|turn|3\n|\n|t:|1699916836\n|move|p2a: Victini|Stored Power|p1a: Garchomp\n|-damage|p1a: Garchomp|0 fnt\n|faint|p1a: Garchomp\n|\n|upkeep\n|\n|t:|1699916854\n|switch|p1a: Hydreigon|Hydreigon, M|100\/100\n|turn|4\n|\n|t:|1699916862\n|-terastallize|p1a: Hydreigon|Steel\n|move|p2a: Victini|Dazzling Gleam|p1a: Hydreigon\n|-resisted|p1a: Hydreigon\n|-damage|p1a: Hydreigon|77\/100\n|move|p1a: Hydreigon|Dark Pulse|p2a: Victini\n|-supereffective|p2a: Victini\n|-damage|p2a: Victini|0 fnt\n|faint|p2a: Victini\n|\n|-heal|p1a: Hydreigon|83\/100|[from] item: Leftovers\n|upkeep\n|\n|t:|1699916873\n|switch|p2a: Blastoise|Blastoise, M, shiny|100\/100\n|-damage|p2a: Blastoise|88\/100|[from] Stealth Rock\n|turn|5\n|\n|t:|1699916880\n|move|p1a: Hydreigon|Nasty Plot|p1a: Hydreigon\n|-boost|p1a: Hydreigon|spa|2\n|move|p2a: Blastoise|Shell Smash|p2a: Blastoise\n|-unboost|p2a: Blastoise|def|1\n|-unboost|p2a: Blastoise|spd|1\n|-boost|p2a: Blastoise|atk|2\n|-boost|p2a: Blastoise|spa|2\n|-boost|p2a: Blastoise|spe|2\n|-enditem|p2a: Blastoise|White Herb\n|-clearnegativeboost|p2a: Blastoise|[silent]\n|\n|-heal|p1a: Hydreigon|89\/100|[from] item: Leftovers\n|upkeep\n|turn|6\n|\n|t:|1699916891\n|move|p2a: Blastoise|Aura Sphere|p1a: Hydreigon\n|-supereffective|p1a: Hydreigon\n|-damage|p1a: Hydreigon|0 fnt\n|faint|p1a: Hydreigon\n|\n|upkeep\n|\n|t:|1699916900\n|switch|p1a: Kommo-o|Kommo-o, M|100\/100\n|turn|7\n|\n|t:|1699916904\n|move|p2a: Blastoise|Ice Beam|p1a: Kommo-o\n|-supereffective|p1a: Kommo-o\n|-damage|p1a: Kommo-o|0 fnt\n|faint|p1a: Kommo-o\n|\n|upkeep\n|\n|t:|1699916909\n|switch|p1a: Kingdra|Kingdra, M, shiny|100\/100\n|turn|8\n|-message|King of Wyrms forfeited.\n|\n|win|Applejuicebruh\n|raw|King of Wyrms's rating: 1100 &rarr; <strong>1073<\/strong><br \/>(-27 for losing)\n|raw|Applejuicebruh's rating: 1078 &rarr; <strong>1108<\/strong><br \/>(+30 for winning)\n|l|\u2606King of Wyrms\n","uploadtime":1699916924,"views":4,"p1id":"kingofwyrms","p2id":"applejuicebruh","formatid":"gen9nationaldex","rating":1073,"private":0,"password":""}