{"id":"gen9nationaldex-1996816452","p1":"AntonyJ0666","p2":"Brumottidepresso","format":"[Gen 9] National Dex","log":"|html|<div class=\"broadcast-blue\"><strong>[Gen 9] National Dex is currently suspecting Sneasler! For information on how to participate check out the <a href=\"https:\/\/www.smogon.com\/forums\/threads\/sv-national-dex-suspect-8-just-dance.3731534\/\">suspect thread<\/a>.<\/strong><\/div>\n|j|\u2606AntonyJ0666\n|j|\u2606Brumottidepresso\n|t:|1700730026\n|gametype|singles\n|player|p1|AntonyJ0666|cynthia|1202\n|player|p2|Brumottidepresso|sage|1306\n|teamsize|p1|6\n|teamsize|p2|6\n|gen|9\n|tier|[Gen 9] National Dex\n|rated|\n|rule|HP Percentage Mod: HP is shown in percentages\n|rule|Endless Battle Clause: Forcing endless battles is banned\n|rule|OHKO Clause: OHKO moves are banned\n|rule|Evasion Clause: Evasion abilities, items, and moves are banned\n|rule|Evasion Abilities Clause: Evasion abilities are banned\n|rule|Evasion Items Clause: Evasion items are banned\n|rule|Evasion Moves Clause: Evasion moves are banned\n|rule|Species Clause: Limit one of each Pok\u00e9mon\n|rule|Sleep Clause Mod: Limit one foe put to sleep\n|clearpoke\n|poke|p1|Hippowdon, M|\n|poke|p1|Garchomp, F|\n|poke|p1|Excadrill, M|\n|poke|p1|Landorus-Therian, M|\n|poke|p1|Mamoswine, M|\n|poke|p1|Gastrodon, F|\n|poke|p2|Slowbro, M|\n|poke|p2|Xatu, M|\n|poke|p2|Blaziken, F|\n|poke|p2|Ting-Lu|\n|poke|p2|Goodra-Hisui, M|\n|poke|p2|Ogerpon-Wellspring, F|\n|teampreview\n|inactive|Battle timer is ON: inactive players will automatically lose when time's up. (requested by AntonyJ0666)\n|\n|t:|1700730042\n|start\n|switch|p1a: Landorus|Landorus-Therian, M|100\/100\n|switch|p2a: Xatu|Xatu, M, shiny|100\/100\n|-ability|p1a: Landorus|Intimidate|boost\n|-unboost|p2a: Xatu|atk|1\n|turn|1\n|\n|t:|1700730051\n|switch|p2a: Slowbro|Slowbro, M|100\/100\n|move|p1a: Landorus|Substitute|p1a: Landorus\n|-start|p1a: Landorus|Substitute\n|-damage|p1a: Landorus|76\/100\n|\n|-heal|p1a: Landorus|82\/100|[from] item: Leftovers\n|upkeep\n|turn|2\n|\n|t:|1700730076\n|move|p1a: Landorus|Bulk Up|p1a: Landorus\n|-boost|p1a: Landorus|atk|1\n|-boost|p1a: Landorus|def|1\n|move|p2a: Slowbro|Scald|p1a: Landorus\n|-supereffective|p1a: Landorus\n|-end|p1a: Landorus|Substitute\n|\n|-heal|p1a: Landorus|88\/100|[from] item: Leftovers\n|upkeep\n|turn|3\n|inactive|Brumottidepresso has 120 seconds left.\n|\n|t:|1700730121\n|detailschange|p2a: Slowbro|Slowbro-Mega, M\n|-mega|p2a: Slowbro|Slowbro|Slowbronite\n|move|p1a: Landorus|Substitute|p1a: Landorus\n|-start|p1a: Landorus|Substitute\n|-damage|p1a: Landorus|63\/100\n|move|p2a: Slowbro|Scald|p1a: Landorus\n|-supereffective|p1a: Landorus\n|-end|p1a: Landorus|Substitute\n|\n|-heal|p1a: Landorus|69\/100|[from] item: Leftovers\n|upkeep\n|turn|4\n|inactive|Brumottidepresso has 90 seconds left.\n|\n|t:|1700730142\n|switch|p1a: Gastrodon|Gastrodon, F|100\/100\n|move|p2a: Slowbro|Scald|p1a: Gastrodon\n|-ability|p1a: Gastrodon|Storm Drain|boost\n|-boost|p1a: Gastrodon|spa|1\n|\n|upkeep\n|turn|5\n|inactive|Brumottidepresso has 90 seconds left.\n|\n|t:|1700730149\n|switch|p2a: Ogerpon|Ogerpon-Wellspring, F|100\/100\n|move|p1a: Gastrodon|Toxic|p2a: Ogerpon|[miss]\n|-miss|p1a: Gastrodon|p2a: Ogerpon\n|\n|upkeep\n|turn|6\n|inactive|Brumottidepresso has 90 seconds left.\n|\n|t:|1700730162\n|switch|p2a: Xatu|Xatu, M, shiny|100\/100\n|switch|p1a: Excadrill|Excadrill, M|100\/100\n|\n|upkeep\n|turn|7\n|\n|t:|1700730168\n|move|p2a: Xatu|Trick|p1a: Excadrill\n|-activate|p2a: Xatu|move: Trick|[of] p1a: Excadrill\n|-item|p1a: Excadrill|Choice Scarf|[from] move: Trick\n|-item|p2a: Xatu|Choice Band|[from] move: Trick\n|move|p1a: Excadrill|X-Scissor|p2a: Xatu\n|-damage|p2a: Xatu|52\/100\n|\n|upkeep\n|turn|8\n|\n|t:|1700730175\n|switch|p2a: Blaziken|Blaziken, F|100\/100\n|move|p1a: Excadrill|X-Scissor|p2a: Blaziken\n|-resisted|p2a: Blaziken\n|-damage|p2a: Blaziken|88\/100\n|\n|upkeep\n|turn|9\n|\n|t:|1700730183\n|switch|p1a: Gastrodon|Gastrodon, F|100\/100\n|move|p2a: Blaziken|Swords Dance|p2a: Blaziken\n|-boost|p2a: Blaziken|atk|2\n|\n|-ability|p2a: Blaziken|Speed Boost|boost\n|-boost|p2a: Blaziken|spe|1\n|upkeep\n|turn|10\n|\n|t:|1700730196\n|move|p2a: Blaziken|Close Combat|p1a: Gastrodon\n|-damage|p1a: Gastrodon|11\/100\n|-unboost|p2a: Blaziken|def|1\n|-unboost|p2a: Blaziken|spd|1\n|move|p1a: Gastrodon|Scald|p2a: Blaziken\n|-supereffective|p2a: Blaziken\n|-damage|p2a: Blaziken|0 fnt\n|faint|p2a: Blaziken\n|\n|-heal|p1a: Gastrodon|17\/100|[from] item: Leftovers\n|upkeep\n|\n|t:|1700730216\n|switch|p2a: Ogerpon|Ogerpon-Wellspring, F|100\/100\n|turn|11\n|\n|t:|1700730236\n|switch|p1a: Hippowdon|Hippowdon, M|100\/100\n|-weather|Sandstorm|[from] ability: Sand Stream|[of] p1a: Hippowdon\n|move|p2a: Ogerpon|U-turn|p1a: Hippowdon\n|-damage|p1a: Hippowdon|84\/100\n|inactive|Brumottidepresso has 90 seconds left.\n|\n|t:|1700730264\n|switch|p2a: Xatu|Xatu, M, shiny|52\/100|[from] U-turn\n|\n|-weather|Sandstorm|[upkeep]\n|-damage|p2a: Xatu|46\/100|[from] Sandstorm\n|-heal|p1a: Hippowdon|90\/100|[from] item: Leftovers\n|upkeep\n|turn|12\n|inactive|Brumottidepresso has 90 seconds left.\n|\n|t:|1700730271\n|move|p2a: Xatu|Trick|p1a: Hippowdon\n|-activate|p2a: Xatu|move: Trick|[of] p1a: Hippowdon\n|-item|p1a: Hippowdon|Choice Band|[from] move: Trick\n|-item|p2a: Xatu|Leftovers|[from] move: Trick\n|move|p1a: Hippowdon|Whirlwind|p2a: Xatu\n|move|p2a: Xatu|Whirlwind|p1a: Hippowdon|[from]ability: Magic Bounce\n|drag|p1a: Excadrill|Excadrill, M|100\/100\n|\n|-weather|Sandstorm|[upkeep]\n|-damage|p2a: Xatu|40\/100|[from] Sandstorm\n|-heal|p2a: Xatu|46\/100|[from] item: Leftovers\n|upkeep\n|turn|13\n|inactive|Brumottidepresso has 90 seconds left.\n|\n|t:|1700730282\n|switch|p2a: Slowbro|Slowbro-Mega, M|100\/100\n|move|p1a: Excadrill|X-Scissor|p2a: Slowbro\n|-supereffective|p2a: Slowbro\n|-damage|p2a: Slowbro|74\/100\n|\n|-weather|Sandstorm|[upkeep]\n|-damage|p2a: Slowbro|68\/100|[from] Sandstorm\n|upkeep\n|turn|14\n|\n|t:|1700730291\n|switch|p1a: Gastrodon|Gastrodon, F|17\/100\n|move|p2a: Slowbro|Scald|p1a: Gastrodon\n|-ability|p1a: Gastrodon|Storm Drain|boost\n|-boost|p1a: Gastrodon|spa|1\n|\n|-weather|Sandstorm|[upkeep]\n|-damage|p2a: Slowbro|61\/100|[from] Sandstorm\n|-heal|p1a: Gastrodon|23\/100|[from] item: Leftovers\n|upkeep\n|turn|15\n|\n|t:|1700730303\n|switch|p2a: Xatu|Xatu, M, shiny|46\/100\n|move|p1a: Gastrodon|Scald|p2a: Xatu\n|-damage|p2a: Xatu|0 fnt\n|faint|p2a: Xatu\n|\n|-weather|none\n|-heal|p1a: Gastrodon|29\/100|[from] item: Leftovers\n|upkeep\n|\n|t:|1700730312\n|switch|p2a: Ogerpon|Ogerpon-Wellspring, F|100\/100\n|turn|16\n|\n|t:|1700730319\n|switch|p1a: Hippowdon|Hippowdon, M|90\/100\n|-weather|Sandstorm|[from] ability: Sand Stream|[of] p1a: Hippowdon\n|move|p2a: Ogerpon|Horn Leech|p1a: Hippowdon\n|-supereffective|p1a: Hippowdon\n|-damage|p1a: Hippowdon|42\/100\n|\n|-weather|Sandstorm|[upkeep]\n|-damage|p2a: Ogerpon|95\/100|[from] Sandstorm\n|upkeep\n|turn|17\n|\n|t:|1700730329\n|move|p2a: Ogerpon|Horn Leech|p1a: Hippowdon\n|-supereffective|p1a: Hippowdon\n|-damage|p1a: Hippowdon|0 fnt\n|-heal|p2a: Ogerpon|100\/100|[from] drain|[of] p1a: Hippowdon\n|faint|p1a: Hippowdon\n|\n|-weather|Sandstorm|[upkeep]\n|-damage|p2a: Ogerpon|95\/100|[from] Sandstorm\n|upkeep\n|\n|t:|1700730337\n|switch|p1a: Excadrill|Excadrill, M|100\/100\n|turn|18\n|\n|t:|1700730343\n|switch|p2a: Goodra|Goodra-Hisui, M|100\/100\n|move|p1a: Excadrill|X-Scissor|p2a: Goodra\n|-resisted|p2a: Goodra\n|-damage|p2a: Goodra|85\/100\n|\n|-weather|Sandstorm|[upkeep]\n|upkeep\n|turn|19\n|\n|t:|1700730360\n|switch|p1a: Gastrodon|Gastrodon, F|29\/100\n|move|p2a: Goodra|Ice Beam|p1a: Gastrodon\n|-damage|p1a: Gastrodon|0 fnt\n|faint|p1a: Gastrodon\n|\n|-weather|Sandstorm|[upkeep]\n|upkeep\n|\n|t:|1700730366\n|switch|p1a: Excadrill|Excadrill, M|100\/100\n|turn|20\n|\n|t:|1700730376\n|switch|p2a: Slowbro|Slowbro-Mega, M|61\/100\n|move|p1a: Excadrill|Earthquake|p2a: Slowbro\n|-damage|p2a: Slowbro|38\/100\n|\n|-weather|none\n|upkeep\n|turn|21\n|\n|t:|1700730387\n|switch|p1a: Garchomp|Garchomp, F|100\/100\n|move|p2a: Slowbro|Slack Off|p2a: Slowbro\n|-heal|p2a: Slowbro|88\/100\n|\n|upkeep\n|turn|22\n|\n|t:|1700730394\n|-terastallize|p1a: Garchomp|Dragon\n|move|p1a: Garchomp|Swords Dance|p1a: Garchomp\n|-boost|p1a: Garchomp|atk|2\n|move|p2a: Slowbro|Scald|p1a: Garchomp\n|-resisted|p1a: Garchomp\n|-crit|p1a: Garchomp\n|-damage|p1a: Garchomp|74\/100\n|\n|upkeep\n|turn|23\n|\n|t:|1700730404\n|move|p1a: Garchomp|Scale Shot|p2a: Slowbro\n|-damage|p2a: Slowbro|73\/100\n|-damage|p2a: Slowbro|58\/100\n|-damage|p2a: Slowbro|43\/100\n|-damage|p2a: Slowbro|28\/100\n|-hitcount|p2a: Slowbro|4\n|-unboost|p1a: Garchomp|def|1\n|-boost|p1a: Garchomp|spe|1\n|move|p2a: Slowbro|Scald|p1a: Garchomp\n|-resisted|p1a: Garchomp\n|-damage|p1a: Garchomp|55\/100\n|\n|upkeep\n|turn|24\n|\n|t:|1700730417\n|move|p1a: Garchomp|Scale Shot|p2a: Slowbro\n|-damage|p2a: Slowbro|14\/100\n|-damage|p2a: Slowbro|0 fnt\n|faint|p2a: Slowbro\n|-hitcount|p2: Slowbro|2\n|-unboost|p1a: Garchomp|def|1\n|-boost|p1a: Garchomp|spe|1\n|\n|upkeep\n|\n|t:|1700730425\n|switch|p2a: Ting-Lu|Ting-Lu|100\/100\n|-ability|p2a: Ting-Lu|Vessel of Ruin\n|turn|25\n|\n|t:|1700730435\n|move|p1a: Garchomp|Scale Shot|p2a: Ting-Lu\n|-damage|p2a: Ting-Lu|79\/100\n|-damage|p2a: Ting-Lu|61\/100\n|-damage|p2a: Ting-Lu|43\/100\n|-damage|p2a: Ting-Lu|25\/100\n|-hitcount|p2a: Ting-Lu|4\n|-unboost|p1a: Garchomp|def|1\n|-boost|p1a: Garchomp|spe|1\n|move|p2a: Ting-Lu|Earthquake|p1a: Garchomp\n|-damage|p1a: Garchomp|0 fnt\n|faint|p1a: Garchomp\n|\n|-heal|p2a: Ting-Lu|31\/100|[from] item: Leftovers\n|upkeep\n|\n|t:|1700730450\n|switch|p1a: Landorus|Landorus-Therian, M|69\/100\n|-ability|p1a: Landorus|Intimidate|boost\n|-unboost|p2a: Ting-Lu|atk|1\n|turn|26\n|\n|t:|1700730456\n|move|p1a: Landorus|Earthquake|p2a: Ting-Lu\n|-damage|p2a: Ting-Lu|3\/100\n|move|p2a: Ting-Lu|Rock Slide|p1a: Landorus\n|-damage|p1a: Landorus|56\/100\n|\n|-heal|p1a: Landorus|62\/100|[from] item: Leftovers\n|-heal|p2a: Ting-Lu|9\/100|[from] item: Leftovers\n|upkeep\n|turn|27\n|\n|t:|1700730465\n|move|p1a: Landorus|Earthquake|p2a: Ting-Lu\n|-damage|p2a: Ting-Lu|0 fnt\n|faint|p2a: Ting-Lu\n|\n|-heal|p1a: Landorus|68\/100|[from] item: Leftovers\n|upkeep\n|\n|t:|1700730471\n|switch|p2a: Ogerpon|Ogerpon-Wellspring, F|95\/100\n|turn|28\n|\n|t:|1700730477\n|-terastallize|p2a: Ogerpon|Water\n|detailschange|p2a: Ogerpon|Ogerpon-Wellspring-Tera, F, tera:Water\n|-ability|p2a: Ogerpon|Embody Aspect (Wellspring)|boost\n|-boost|p2a: Ogerpon|spd|1\n|move|p2a: Ogerpon|Ivy Cudgel|p1a: Landorus|[anim] Ivy Cudgel Water\n|-supereffective|p1a: Landorus\n|-damage|p1a: Landorus|0 fnt\n|faint|p1a: Landorus\n|\n|upkeep\n|\n|t:|1700730488\n|switch|p1a: Excadrill|Excadrill, M|100\/100\n|turn|29\n|\n|t:|1700730494\n|move|p1a: Excadrill|Earthquake|p2a: Ogerpon\n|-damage|p2a: Ogerpon|11\/100\n|move|p2a: Ogerpon|Ivy Cudgel|p1a: Excadrill|[anim] Ivy Cudgel Water\n|-supereffective|p1a: Excadrill\n|-damage|p1a: Excadrill|0 fnt\n|faint|p1a: Excadrill\n|\n|upkeep\n|\n|t:|1700730500\n|switch|p1a: Mamoswine|Mamoswine, M|100\/100\n|turn|30\n|\n|t:|1700730504\n|move|p1a: Mamoswine|Ice Shard|p2a: Ogerpon\n|-resisted|p2a: Ogerpon\n|-damage|p2a: Ogerpon|0 fnt\n|faint|p2a: Ogerpon\n|\n|upkeep\n|\n|t:|1700730509\n|switch|p2a: Goodra|Goodra-Hisui, M|85\/100\n|turn|31\n|\n|t:|1700730514\n|move|p1a: Mamoswine|Earthquake|p2a: Goodra\n|-supereffective|p2a: Goodra\n|-damage|p2a: Goodra|0 fnt\n|faint|p2a: Goodra\n|\n|win|AntonyJ0666\n|raw|AntonyJ0666's rating: 1202 &rarr; <strong>1234<\/strong><br \/>(+32 for winning)\n|raw|Brumottidepresso's rating: 1306 &rarr; <strong>1280<\/strong><br \/>(-26 for losing)\n|l|\u2606Brumottidepresso\n","uploadtime":1700730581,"views":12,"p1id":"antonyj0666","p2id":"brumottidepresso","formatid":"gen9nationaldex","rating":1234,"private":0,"password":""}