{"id":"gen9nationaldex-1996714388","p1":"Hapio","p2":"VigilantSchemer","format":"[Gen 9] National Dex","log":"|html|<div class=\"broadcast-blue\"><strong>[Gen 9] National Dex is currently suspecting Sneasler! For information on how to participate check out the <a href=\"https:\/\/www.smogon.com\/forums\/threads\/sv-national-dex-suspect-8-just-dance.3731534\/\">suspect thread<\/a>.<\/strong><\/div>\n|j|\u2606Hapio\n|j|\u2606VigilantSchemer\n|t:|1700713412\n|gametype|singles\n|player|p1|Hapio|richboy-gen4|1040\n|player|p2|VigilantSchemer|silver|1000\n|teamsize|p1|2\n|teamsize|p2|6\n|gen|9\n|tier|[Gen 9] National Dex\n|rated|\n|rule|HP Percentage Mod: HP is shown in percentages\n|rule|Endless Battle Clause: Forcing endless battles is banned\n|rule|OHKO Clause: OHKO moves are banned\n|rule|Evasion Clause: Evasion abilities, items, and moves are banned\n|rule|Evasion Abilities Clause: Evasion abilities are banned\n|rule|Evasion Items Clause: Evasion items are banned\n|rule|Evasion Moves Clause: Evasion moves are banned\n|rule|Species Clause: Limit one of each Pok\u00e9mon\n|rule|Sleep Clause Mod: Limit one foe put to sleep\n|clearpoke\n|poke|p1|Charizard, M|\n|poke|p1|Hitmonlee, M|\n|poke|p2|Meowscarada, F|\n|poke|p2|Luxray, M|\n|poke|p2|Flygon, M|\n|poke|p2|Gardevoir, F|\n|poke|p2|Vaporeon, F|\n|poke|p2|Ceruledge, F|\n|teampreview\n|\n|t:|1700713449\n|start\n|switch|p1a: Charizard|Charizard, M|100\/100\n|switch|p2a: Gardevoir|Gardevoir, F|100\/100\n|turn|1\n|\n|t:|1700713456\n|detailschange|p1a: Charizard|Charizard-Mega-Y, M\n|-mega|p1a: Charizard|Charizard|Charizardite Y\n|-weather|SunnyDay|[from] ability: Drought|[of] p1a: Charizard\n|move|p1a: Charizard|Solar Beam||[still]\n|-prepare|p1a: Charizard|Solar Beam\n|-anim|p1a: Charizard|Solar Beam|p2a: Gardevoir\n|-damage|p2a: Gardevoir|51\/100\n|move|p2a: Gardevoir|Calm Mind|p2a: Gardevoir\n|-boost|p2a: Gardevoir|spa|1\n|-boost|p2a: Gardevoir|spd|1\n|\n|-weather|SunnyDay|[upkeep]\n|-heal|p2a: Gardevoir|58\/100|[from] item: Leftovers\n|upkeep\n|turn|2\n|\n|t:|1700713471\n|move|p1a: Charizard|Flamethrower|p2a: Gardevoir\n|-damage|p2a: Gardevoir|0 fnt\n|faint|p2a: Gardevoir\n|\n|-weather|SunnyDay|[upkeep]\n|upkeep\n|\n|t:|1700713478\n|switch|p2a: Luxray|Luxray, M|100\/100\n|-ability|p2a: Luxray|Intimidate|boost\n|-unboost|p1a: Charizard|atk|1\n|turn|3\n|\n|t:|1700713485\n|move|p1a: Charizard|Flamethrower|p2a: Luxray\n|-damage|p2a: Luxray|15\/100\n|move|p2a: Luxray|Thunderbolt|p1a: Charizard\n|-supereffective|p1a: Charizard\n|-damage|p1a: Charizard|37\/100\n|\n|-weather|SunnyDay|[upkeep]\n|-heal|p2a: Luxray|21\/100|[from] item: Leftovers\n|upkeep\n|turn|4\n|\n|t:|1700713493\n|move|p1a: Charizard|Solar Beam||[still]\n|-prepare|p1a: Charizard|Solar Beam\n|-anim|p1a: Charizard|Solar Beam|p2a: Luxray\n|-damage|p2a: Luxray|0 fnt\n|faint|p2a: Luxray\n|\n|-weather|SunnyDay|[upkeep]\n|upkeep\n|\n|t:|1700713499\n|switch|p2a: Vaporeon|Vaporeon, F|100\/100\n|turn|5\n|\n|t:|1700713502\n|move|p1a: Charizard|Solar Beam||[still]\n|-prepare|p1a: Charizard|Solar Beam\n|-anim|p1a: Charizard|Solar Beam|p2a: Vaporeon\n|-supereffective|p2a: Vaporeon\n|-damage|p2a: Vaporeon|26\/100\n|move|p2a: Vaporeon|Rain Dance|p2a: Vaporeon\n|-weather|RainDance\n|\n|-weather|RainDance|[upkeep]\n|-heal|p2a: Vaporeon|33\/100|[from] item: Leftovers\n|upkeep\n|turn|6\n|\n|t:|1700713510\n|move|p1a: Charizard|Dragon Pulse|p2a: Vaporeon\n|-damage|p2a: Vaporeon|7\/100\n|move|p2a: Vaporeon|Hydro Pump|p1a: Charizard|[miss]\n|-miss|p2a: Vaporeon|p1a: Charizard\n|\n|-weather|RainDance|[upkeep]\n|-heal|p2a: Vaporeon|13\/100|[from] item: Leftovers\n|upkeep\n|turn|7\n|\n|t:|1700713521\n|move|p1a: Charizard|Dragon Pulse|p2a: Vaporeon\n|-damage|p2a: Vaporeon|0 fnt\n|faint|p2a: Vaporeon\n|\n|-weather|RainDance|[upkeep]\n|upkeep\n|\n|t:|1700713528\n|switch|p2a: Flygon|Flygon, M|100\/100\n|turn|8\n|\n|t:|1700713532\n|move|p2a: Flygon|Dragon Claw|p1a: Charizard\n|-damage|p1a: Charizard|0 fnt\n|faint|p1a: Charizard\n|\n|-weather|RainDance|[upkeep]\n|upkeep\n|\n|t:|1700713538\n|switch|p1a: Hitmonlee|Hitmonlee, M|100\/100\n|turn|9\n|\n|t:|1700713543\n|move|p1a: Hitmonlee|Endure|p1a: Hitmonlee\n|-singleturn|p1a: Hitmonlee|move: Endure\n|move|p2a: Flygon|Earthquake|p1a: Hitmonlee\n|-damage|p1a: Hitmonlee|2\/100\n|-enditem|p1a: Hitmonlee|Salac Berry|[eat]\n|-boost|p1a: Hitmonlee|spe|1|[from] item: Salac Berry\n|\n|-weather|none\n|upkeep\n|turn|10\n|\n|t:|1700713553\n|-terastallize|p1a: Hitmonlee|Fighting\n|move|p1a: Hitmonlee|Reversal|p2a: Flygon\n|-crit|p2a: Flygon\n|-damage|p2a: Flygon|0 fnt\n|faint|p2a: Flygon\n|\n|upkeep\n|\n|t:|1700713558\n|switch|p2a: Ceruledge|Ceruledge, F|100\/100\n|turn|11\n|\n|t:|1700713563\n|move|p1a: Hitmonlee|Earthquake|p2a: Ceruledge\n|-supereffective|p2a: Ceruledge\n|-damage|p2a: Ceruledge|0 fnt\n|faint|p2a: Ceruledge\n|\n|upkeep\n|\n|t:|1700713568\n|switch|p2a: Meowscarada|Meowscarada, F|100\/100\n|turn|12\n|\n|t:|1700713572\n|move|p1a: Hitmonlee|Endure|p1a: Hitmonlee\n|-singleturn|p1a: Hitmonlee|move: Endure\n|move|p2a: Meowscarada|Petal Blizzard|p1a: Hitmonlee\n|-activate|p1a: Hitmonlee|move: Endure\n|-damage|p1a: Hitmonlee|1\/100\n|\n|upkeep\n|turn|13\n|\n|t:|1700713578\n|move|p1a: Hitmonlee|Reversal|p2a: Meowscarada\n|-supereffective|p2a: Meowscarada\n|-damage|p2a: Meowscarada|0 fnt\n|faint|p2a: Meowscarada\n|\n|win|Hapio\n|raw|Hapio's rating: 1040 &rarr; <strong>1070<\/strong><br \/>(+30 for winning)\n|raw|VigilantSchemer's rating: 1000 &rarr; <strong>1000<\/strong><br \/>(+0 for losing)\n","uploadtime":1700713584,"views":26,"p1id":"hapio","p2id":"vigilantschemer","formatid":"gen9nationaldex","rating":1000,"private":0,"password":""}