{"id":"gen9nationaldex-1987993368","p1":"Hittite Jumpscare","p2":"Pizzacat1720","format":"[Gen 9] National Dex","log":"|j|\u2606Hittite Jumpscare\n|j|\u2606Pizzacat1720\n|t:|1699656910\n|gametype|singles\n|player|p1|Hittite Jumpscare|nate|1573\n|player|p2|Pizzacat1720|linebacker|1513\n|teamsize|p1|6\n|teamsize|p2|6\n|gen|9\n|tier|[Gen 9] National Dex\n|rated|\n|rule|HP Percentage Mod: HP is shown in percentages\n|rule|Endless Battle Clause: Forcing endless battles is banned\n|rule|OHKO Clause: OHKO moves are banned\n|rule|Evasion Clause: Evasion abilities, items, and moves are banned\n|rule|Evasion Abilities Clause: Evasion abilities are banned\n|rule|Evasion Items Clause: Evasion items are banned\n|rule|Evasion Moves Clause: Evasion moves are banned\n|rule|Species Clause: Limit one of each Pok\u00e9mon\n|rule|Sleep Clause Mod: Limit one foe put to sleep\n|clearpoke\n|poke|p1|Torkoal, M|\n|poke|p1|Charizard, F|\n|poke|p1|Venusaur, F|\n|poke|p1|Victini|\n|poke|p1|Gliscor, F|\n|poke|p1|Great Tusk|\n|poke|p2|Swampert, M|\n|poke|p2|Tsareena, F|\n|poke|p2|Gardevoir, F|\n|poke|p2|Lapras, F|\n|poke|p2|Meloetta|\n|poke|p2|Hatterene, F|\n|teampreview\n|inactive|Battle timer is ON: inactive players will automatically lose when time's up. (requested by Hittite Jumpscare)\n|\n|t:|1699656920\n|start\n|switch|p1a: Torkoal|Torkoal, M|100\/100\n|switch|p2a: Lapras|Lapras, F|100\/100\n|-weather|SunnyDay|[from] ability: Drought|[of] p1a: Torkoal\n|turn|1\n|\n|t:|1699656927\n|move|p2a: Lapras|Rain Dance|p2a: Lapras\n|-weather|RainDance\n|move|p1a: Torkoal|Lava Plume|p2a: Lapras\n|-damage|p2a: Lapras|92\/100\n|\n|-weather|RainDance|[upkeep]\n|upkeep\n|turn|2\n|\n|t:|1699656938\n|switch|p1a: Venusaur|Venusaur, F|100\/100\n|move|p2a: Lapras|Surf|p1a: Venusaur\n|-resisted|p1a: Venusaur\n|-damage|p1a: Venusaur|70\/100\n|\n|-weather|RainDance|[upkeep]\n|upkeep\n|turn|3\n|\n|t:|1699656945\n|-terastallize|p2a: Lapras|Dragon\n|move|p1a: Venusaur|Giga Drain|p2a: Lapras\n|-resisted|p2a: Lapras\n|-crit|p2a: Lapras\n|-damage|p2a: Lapras|66\/100\n|-heal|p1a: Venusaur|90\/100|[from] drain|[of] p2a: Lapras\n|-damage|p1a: Venusaur|80\/100|[from] item: Life Orb\n|move|p2a: Lapras|Freeze-Dry|p1a: Venusaur\n|-supereffective|p1a: Venusaur\n|-damage|p1a: Venusaur|12\/100\n|\n|-weather|RainDance|[upkeep]\n|upkeep\n|turn|4\n|\n|t:|1699656957\n|move|p1a: Venusaur|Sludge Bomb|p2a: Lapras\n|-damage|p2a: Lapras|25\/100\n|-status|p2a: Lapras|psn\n|-damage|p1a: Venusaur|2\/100|[from] item: Life Orb\n|move|p2a: Lapras|Rest|p2a: Lapras\n|-status|p2a: Lapras|slp|[from] move: Rest\n|-heal|p2a: Lapras|100\/100 slp|[silent]\n|\n|-weather|RainDance|[upkeep]\n|-activate|p2a: Lapras|ability: Hydration\n|-curestatus|p2a: Lapras|slp|[msg]\n|upkeep\n|turn|5\n|\n|t:|1699656968\n|move|p1a: Venusaur|Sludge Bomb|p2a: Lapras\n|-damage|p2a: Lapras|58\/100\n|-damage|p1a: Venusaur|0 fnt|[from] item: Life Orb\n|faint|p1a: Venusaur\n|move|p2a: Lapras|Rest|p2a: Lapras\n|-status|p2a: Lapras|slp|[from] move: Rest\n|-heal|p2a: Lapras|100\/100 slp|[silent]\n|\n|-weather|RainDance|[upkeep]\n|-activate|p2a: Lapras|ability: Hydration\n|-curestatus|p2a: Lapras|slp|[msg]\n|upkeep\n|\n|t:|1699656988\n|switch|p1a: Charizard|Charizard, F|100\/100\n|turn|6\n|\n|t:|1699656993\n|detailschange|p1a: Charizard|Charizard-Mega-Y, F\n|-mega|p1a: Charizard|Charizard|Charizardite Y\n|-weather|SunnyDay|[from] ability: Drought|[of] p1a: Charizard\n|move|p1a: Charizard|Scorching Sands|p2a: Lapras\n|-damage|p2a: Lapras|80\/100\n|move|p2a: Lapras|Rain Dance|p2a: Lapras\n|-weather|RainDance\n|\n|-weather|RainDance|[upkeep]\n|upkeep\n|turn|7\n|\n|t:|1699657006\n|switch|p1a: Torkoal|Torkoal, M|100\/100\n|-weather|SunnyDay|[from] ability: Drought|[of] p1a: Torkoal\n|move|p2a: Lapras|Surf|p1a: Torkoal\n|-supereffective|p1a: Torkoal\n|-damage|p1a: Torkoal|52\/100\n|\n|-weather|SunnyDay|[upkeep]\n|upkeep\n|turn|8\n|\n|t:|1699657015\n|switch|p1a: Great Tusk|Great Tusk|100\/100\n|-activate|p1a: Great Tusk|ability: Protosynthesis\n|-start|p1a: Great Tusk|protosynthesisatk\n|move|p2a: Lapras|Rain Dance|p2a: Lapras\n|-weather|RainDance\n|-end|p1a: Great Tusk|Protosynthesis\n|\n|-weather|RainDance|[upkeep]\n|upkeep\n|turn|9\n|\n|t:|1699657023\n|move|p1a: Great Tusk|Ice Spinner|p2a: Lapras\n|-supereffective|p2a: Lapras\n|-damage|p2a: Lapras|32\/100\n|move|p2a: Lapras|Surf|p1a: Great Tusk\n|-supereffective|p1a: Great Tusk\n|-damage|p1a: Great Tusk|0 fnt\n|faint|p1a: Great Tusk\n|-end|p1a: Great Tusk|Protosynthesis|[silent]\n|\n|-weather|RainDance|[upkeep]\n|upkeep\n|\n|t:|1699657038\n|switch|p1a: Charizard|Charizard-Mega-Y, F|100\/100\n|-weather|SunnyDay|[from] ability: Drought|[of] p1a: Charizard\n|turn|10\n|\n|t:|1699657049\n|switch|p2a: Meloetta|Meloetta|100\/100\n|move|p1a: Charizard|Flamethrower|p2a: Meloetta\n|-damage|p2a: Meloetta|35\/100\n|\n|-weather|SunnyDay|[upkeep]\n|upkeep\n|turn|11\n|\n|t:|1699657062\n|move|p2a: Meloetta|Trick||[still]\n|-fail|p2a: Meloetta\n|move|p1a: Charizard|Flamethrower|p2a: Meloetta\n|-damage|p2a: Meloetta|0 fnt\n|faint|p2a: Meloetta\n|\n|-weather|SunnyDay|[upkeep]\n|upkeep\n|\n|t:|1699657071\n|switch|p2a: Hatterene|Hatterene, F|100\/100\n|turn|12\n|\n|t:|1699657075\n|move|p1a: Charizard|Flamethrower|p2a: Hatterene\n|-damage|p2a: Hatterene|17\/100\n|move|p2a: Hatterene|Psychic|p1a: Charizard\n|-damage|p1a: Charizard|48\/100\n|\n|-weather|SunnyDay|[upkeep]\n|upkeep\n|turn|13\n|\n|t:|1699657081\n|move|p1a: Charizard|Flamethrower|p2a: Hatterene\n|-damage|p2a: Hatterene|0 fnt\n|faint|p2a: Hatterene\n|\n|-weather|SunnyDay|[upkeep]\n|upkeep\n|\n|t:|1699657087\n|switch|p2a: Lapras|Lapras, F, tera:Dragon|32\/100\n|turn|14\n|\n|t:|1699657091\n|move|p1a: Charizard|Flamethrower|p2a: Lapras\n|-resisted|p2a: Lapras\n|-damage|p2a: Lapras|1\/100\n|-status|p2a: Lapras|brn\n|move|p2a: Lapras|Rest|p2a: Lapras\n|-status|p2a: Lapras|slp|[from] move: Rest\n|-heal|p2a: Lapras|100\/100 slp|[silent]\n|\n|-weather|none\n|upkeep\n|turn|15\n|\n|t:|1699657100\n|move|p1a: Charizard|Roost|p1a: Charizard\n|-heal|p1a: Charizard|98\/100\n|-singleturn|p1a: Charizard|move: Roost\n|cant|p2a: Lapras|slp\n|\n|upkeep\n|turn|16\n|\n|t:|1699657109\n|switch|p1a: Gliscor|Gliscor, F|100\/100\n|cant|p2a: Lapras|slp\n|\n|-status|p1a: Gliscor|tox|[from] item: Toxic Orb\n|upkeep\n|turn|17\n|\n|t:|1699657122\n|switch|p1a: Torkoal|Torkoal, M|52\/100\n|-weather|SunnyDay|[from] ability: Drought|[of] p1a: Torkoal\n|-curestatus|p2a: Lapras|slp|[msg]\n|move|p2a: Lapras|Rain Dance|p2a: Lapras\n|-weather|RainDance\n|\n|-weather|RainDance|[upkeep]\n|upkeep\n|turn|18\n|\n|t:|1699657137\n|move|p2a: Lapras|Rain Dance||[still]\n|-fail|p2a: Lapras\n|move|p1a: Torkoal|Lava Plume|p2a: Lapras\n|-resisted|p2a: Lapras\n|-damage|p2a: Lapras|96\/100\n|\n|-weather|RainDance|[upkeep]\n|upkeep\n|turn|19\n|\n|t:|1699657146\n|move|p2a: Lapras|Surf|p1a: Torkoal\n|-supereffective|p1a: Torkoal\n|-damage|p1a: Torkoal|0 fnt\n|faint|p1a: Torkoal\n|\n|-weather|RainDance|[upkeep]\n|upkeep\n|\n|t:|1699657155\n|switch|p1a: Charizard|Charizard-Mega-Y, F|98\/100\n|-weather|SunnyDay|[from] ability: Drought|[of] p1a: Charizard\n|turn|20\n|\n|t:|1699657163\n|move|p1a: Charizard|Flamethrower|p2a: Lapras\n|-resisted|p2a: Lapras\n|-damage|p2a: Lapras|67\/100\n|-status|p2a: Lapras|brn\n|move|p2a: Lapras|Rain Dance|p2a: Lapras\n|-weather|RainDance\n|\n|-weather|RainDance|[upkeep]\n|-activate|p2a: Lapras|ability: Hydration\n|-curestatus|p2a: Lapras|brn|[msg]\n|upkeep\n|turn|21\n|\n|t:|1699657179\n|switch|p1a: Gliscor|Gliscor, F|100\/100 tox\n|move|p2a: Lapras|Rest|p2a: Lapras\n|-status|p2a: Lapras|slp|[from] move: Rest\n|-heal|p2a: Lapras|100\/100 slp|[silent]\n|\n|-weather|RainDance|[upkeep]\n|-activate|p2a: Lapras|ability: Hydration\n|-curestatus|p2a: Lapras|slp|[msg]\n|upkeep\n|turn|22\n|\n|t:|1699657193\n|-terastallize|p1a: Gliscor|Water\n|move|p1a: Gliscor|Toxic|p2a: Lapras\n|-status|p2a: Lapras|tox\n|move|p2a: Lapras|Surf|p1a: Gliscor\n|-resisted|p1a: Gliscor\n|-damage|p1a: Gliscor|67\/100 tox\n|\n|-weather|RainDance|[upkeep]\n|-activate|p2a: Lapras|ability: Hydration\n|-curestatus|p2a: Lapras|tox|[msg]\n|-heal|p1a: Gliscor|79\/100 tox|[from] ability: Poison Heal\n|upkeep\n|turn|23\n|\n|t:|1699657205\n|move|p1a: Gliscor|Protect|p1a: Gliscor\n|-singleturn|p1a: Gliscor|Protect\n|move|p2a: Lapras|Freeze-Dry|p1a: Gliscor\n|-activate|p1a: Gliscor|move: Protect\n|\n|-weather|RainDance|[upkeep]\n|-heal|p1a: Gliscor|92\/100 tox|[from] ability: Poison Heal\n|upkeep\n|turn|24\n|\n|t:|1699657213\n|move|p1a: Gliscor|Knock Off|p2a: Lapras\n|-damage|p2a: Lapras|81\/100\n|-enditem|p2a: Lapras|Damp Rock|[from] move: Knock Off|[of] p1a: Gliscor\n|move|p2a: Lapras|Surf|p1a: Gliscor\n|-resisted|p1a: Gliscor\n|-damage|p1a: Gliscor|57\/100 tox\n|\n|-weather|RainDance|[upkeep]\n|-heal|p1a: Gliscor|69\/100 tox|[from] ability: Poison Heal\n|upkeep\n|turn|25\n|\n|t:|1699657228\n|move|p1a: Gliscor|Protect|p1a: Gliscor\n|-singleturn|p1a: Gliscor|Protect\n|move|p2a: Lapras|Rest|p2a: Lapras\n|-status|p2a: Lapras|slp|[from] move: Rest\n|-heal|p2a: Lapras|100\/100 slp|[silent]\n|\n|-weather|RainDance|[upkeep]\n|-activate|p2a: Lapras|ability: Hydration\n|-curestatus|p2a: Lapras|slp|[msg]\n|-heal|p1a: Gliscor|82\/100 tox|[from] ability: Poison Heal\n|upkeep\n|turn|26\n|\n|t:|1699657243\n|move|p1a: Gliscor|Earthquake|p2a: Lapras\n|-damage|p2a: Lapras|72\/100\n|move|p2a: Lapras|Freeze-Dry|p1a: Gliscor\n|-supereffective|p1a: Gliscor\n|-damage|p1a: Gliscor|5\/100 tox\n|\n|-weather|RainDance|[upkeep]\n|-heal|p1a: Gliscor|17\/100 tox|[from] ability: Poison Heal\n|upkeep\n|turn|27\n|\n|t:|1699657252\n|switch|p1a: Charizard|Charizard-Mega-Y, F|98\/100\n|-weather|SunnyDay|[from] ability: Drought|[of] p1a: Charizard\n|move|p2a: Lapras|Surf|p1a: Charizard\n|-supereffective|p1a: Charizard\n|-crit|p1a: Charizard\n|-damage|p1a: Charizard|44\/100\n|\n|-weather|SunnyDay|[upkeep]\n|upkeep\n|turn|28\n|\n|t:|1699657260\n|move|p1a: Charizard|Roost|p1a: Charizard\n|-heal|p1a: Charizard|94\/100\n|-singleturn|p1a: Charizard|move: Roost\n|move|p2a: Lapras|Rain Dance|p2a: Lapras\n|-weather|RainDance\n|\n|-weather|RainDance|[upkeep]\n|upkeep\n|turn|29\n|\n|t:|1699657266\n|switch|p1a: Gliscor|Gliscor, F, tera:Water|17\/100 tox\n|move|p2a: Lapras|Freeze-Dry|p1a: Gliscor\n|-supereffective|p1a: Gliscor\n|-damage|p1a: Gliscor|0 fnt\n|faint|p1a: Gliscor\n|\n|-weather|RainDance|[upkeep]\n|upkeep\n|\n|t:|1699657275\n|switch|p1a: Charizard|Charizard-Mega-Y, F|94\/100\n|-weather|SunnyDay|[from] ability: Drought|[of] p1a: Charizard\n|turn|30\n|\n|t:|1699657281\n|move|p1a: Charizard|Flamethrower|p2a: Lapras\n|-resisted|p2a: Lapras\n|-damage|p2a: Lapras|42\/100\n|move|p2a: Lapras|Rain Dance|p2a: Lapras\n|-weather|RainDance\n|\n|-weather|RainDance|[upkeep]\n|upkeep\n|turn|31\n|\n|t:|1699657295\n|move|p1a: Charizard|Scorching Sands|p2a: Lapras\n|-damage|p2a: Lapras|21\/100\n|move|p2a: Lapras|Rest|p2a: Lapras\n|-status|p2a: Lapras|slp|[from] move: Rest\n|-heal|p2a: Lapras|100\/100 slp|[silent]\n|\n|-weather|RainDance|[upkeep]\n|-activate|p2a: Lapras|ability: Hydration\n|-curestatus|p2a: Lapras|slp|[msg]\n|upkeep\n|turn|32\n|\n|t:|1699657311\n|move|p1a: Charizard|Scorching Sands|p2a: Lapras\n|-damage|p2a: Lapras|79\/100\n|move|p2a: Lapras|Surf|p1a: Charizard\n|-supereffective|p1a: Charizard\n|-damage|p1a: Charizard|0 fnt\n|faint|p1a: Charizard\n|\n|-weather|RainDance|[upkeep]\n|upkeep\n|\n|t:|1699657318\n|switch|p1a: Victini|Victini|100\/100\n|turn|33\n|\n|t:|1699657323\n|move|p1a: Victini|V-create|p2a: Lapras\n|-resisted|p2a: Lapras\n|-damage|p2a: Lapras|62\/100\n|-unboost|p1a: Victini|spe|1\n|-unboost|p1a: Victini|def|1\n|-unboost|p1a: Victini|spd|1\n|move|p2a: Lapras|Surf|p1a: Victini\n|-supereffective|p1a: Victini\n|-damage|p1a: Victini|0 fnt\n|faint|p1a: Victini\n|\n|win|Pizzacat1720\n|raw|Hittite Jumpscare's rating: 1573 &rarr; <strong>1550<\/strong><br \/>(-23 for losing)\n|raw|Pizzacat1720's rating: 1513 &rarr; <strong>1536<\/strong><br \/>(+23 for winning)\n","uploadtime":1699657328,"views":18,"p1id":"hittitejumpscare","p2id":"pizzacat1720","formatid":"gen9nationaldex","rating":1536,"private":0,"password":""}