{"id":"gen9nationaldex-1988683420","p1":"Ralsei Hatty","p2":"femboyu","format":"[Gen 9] National Dex","log":"|j|\u2606Ralsei Hatty\n|j|\u2606femboyu\n|inactive|Battle timer is ON: inactive players will automatically lose when time's up.\n|t:|1699750212\n|gametype|singles\n|player|p1|Ralsei Hatty|kieran|\n|player|p2|femboyu|102|\n|teamsize|p1|6\n|teamsize|p2|6\n|gen|9\n|tier|[Gen 9] National Dex\n|rated|Tournament battle\n|rule|HP Percentage Mod: HP is shown in percentages\n|rule|Endless Battle Clause: Forcing endless battles is banned\n|rule|OHKO Clause: OHKO moves are banned\n|rule|Evasion Clause: Evasion abilities, items, and moves are banned\n|rule|Evasion Abilities Clause: Evasion abilities are banned\n|rule|Evasion Items Clause: Evasion items are banned\n|rule|Evasion Moves Clause: Evasion moves are banned\n|rule|Species Clause: Limit one of each Pok\u00e9mon\n|rule|Sleep Clause Mod: Limit one foe put to sleep\n|clearpoke\n|poke|p1|Golisopod, M|\n|poke|p1|Lopunny, M|\n|poke|p1|Haxorus, F|\n|poke|p1|Tapu Lele|\n|poke|p1|Dragonite, M|\n|poke|p1|Sneasler, F|\n|poke|p2|Cresselia, F|\n|poke|p2|Skarmory, M|\n|poke|p2|Toxapex, M|\n|poke|p2|Garganacl, F|\n|poke|p2|Gliscor, F|\n|poke|p2|Lopunny, F|\n|teampreview\n|c|\u2606femboyu|ola\n|\n|t:|1699750229\n|start\n|switch|p1a: Tboltz|Haxorus, F, shiny|100\/100\n|switch|p2a: Skarmory|Skarmory, M|100\/100\n|-ability|p1a: Tboltz|Mold Breaker\n|turn|1\n|c|\u2606Ralsei Hatty|To decepcionado com vc\n|c|\u2606femboyu|:(\n|\n|t:|1699750244\n|move|p1a: Tboltz|Dragon Dance|p1a: Tboltz\n|-boost|p1a: Tboltz|atk|1\n|-boost|p1a: Tboltz|spe|1\n|move|p2a: Skarmory|Spikes|p1a: Tboltz\n|-sidestart|p1: Ralsei Hatty|Spikes\n|\n|upkeep\n|turn|2\n|\n|t:|1699750249\n|-terastallize|p1a: Tboltz|Fire\n|move|p1a: Tboltz|Tera Blast|p2a: Skarmory|[anim] Tera Blast Fire\n|-supereffective|p2a: Skarmory\n|-damage|p2a: Skarmory|14\/100\n|move|p2a: Skarmory|Iron Defense|p2a: Skarmory\n|-boost|p2a: Skarmory|def|2\n|\n|upkeep\n|turn|3\n|\n|t:|1699750269\n|switch|p2a: Toxapex|Toxapex, M|100\/100\n|move|p1a: Tboltz|Tera Blast|p2a: Toxapex|[anim] Tera Blast Fire\n|-resisted|p2a: Toxapex\n|-damage|p2a: Toxapex|79\/100\n|\n|upkeep\n|turn|4\n|\n|t:|1699750276\n|move|p1a: Tboltz|Dragon Dance|p1a: Tboltz\n|-boost|p1a: Tboltz|atk|1\n|-boost|p1a: Tboltz|spe|1\n|move|p2a: Toxapex|Haze|p2a: Toxapex\n|-clearallboost\n|\n|upkeep\n|turn|5\n|\n|t:|1699750286\n|move|p1a: Tboltz|Dragon Dance|p1a: Tboltz\n|-boost|p1a: Tboltz|atk|1\n|-boost|p1a: Tboltz|spe|1\n|move|p2a: Toxapex|Scald|p1a: Tboltz\n|-supereffective|p1a: Tboltz\n|-damage|p1a: Tboltz|40\/100\n|\n|upkeep\n|turn|6\n|\n|t:|1699750299\n|move|p1a: Tboltz|Earthquake|p2a: Toxapex\n|-supereffective|p2a: Toxapex\n|-damage|p2a: Toxapex|6\/100\n|move|p2a: Toxapex|Scald|p1a: Tboltz\n|-supereffective|p1a: Tboltz\n|-damage|p1a: Tboltz|0 fnt\n|faint|p1a: Tboltz\n|\n|upkeep\n|\n|t:|1699750308\n|switch|p1a: Nao Pod|Golisopod, M|100\/100\n|turn|7\n|\n|t:|1699750312\n|switch|p2a: Skarmory|Skarmory, M|14\/100\n|move|p1a: Nao Pod|First Impression|p2a: Skarmory\n|-resisted|p2a: Skarmory\n|-damage|p2a: Skarmory|6\/100\n|-damage|p1a: Nao Pod|84\/100|[from] item: Rocky Helmet|[of] p2a: Skarmory\n|\n|upkeep\n|turn|8\n|\n|t:|1699750321\n|move|p1a: Nao Pod|Aqua Jet|p2a: Skarmory\n|-damage|p2a: Skarmory|0 fnt\n|-damage|p1a: Nao Pod|67\/100|[from] item: Rocky Helmet|[of] p2a: Skarmory\n|faint|p2a: Skarmory\n|\n|upkeep\n|inactive|femboyu has 120 seconds left.\n|\n|t:|1699750351\n|switch|p2a: Toxapex|Toxapex, M|39\/100\n|turn|9\n|\n|t:|1699750361\n|move|p1a: Nao Pod|Razor Shell|p2a: Toxapex\n|-resisted|p2a: Toxapex\n|-damage|p2a: Toxapex|26\/100\n|-unboost|p2a: Toxapex|def|1\n|move|p2a: Toxapex|Recover|p2a: Toxapex\n|-heal|p2a: Toxapex|76\/100\n|\n|upkeep\n|turn|10\n|\n|t:|1699750374\n|move|p1a: Nao Pod|Razor Shell|p2a: Toxapex\n|-resisted|p2a: Toxapex\n|-damage|p2a: Toxapex|57\/100\n|move|p2a: Toxapex|Recover|p2a: Toxapex\n|-heal|p2a: Toxapex|100\/100\n|\n|upkeep\n|turn|11\n|\n|t:|1699750390\n|move|p1a: Nao Pod|Razor Shell|p2a: Toxapex\n|-resisted|p2a: Toxapex\n|-damage|p2a: Toxapex|80\/100\n|move|p2a: Toxapex|Haze|p2a: Toxapex\n|-clearallboost\n|\n|upkeep\n|turn|12\n|j|+PedroGreg\n|\n|t:|1699750404\n|switch|p1a: Lagon|Dragonite, M|100\/100\n|move|p2a: Toxapex|Knock Off|p1a: Lagon\n|-damage|p1a: Lagon|93\/100\n|-enditem|p1a: Lagon|Choice Band|[from] move: Knock Off|[of] p2a: Toxapex\n|\n|upkeep\n|turn|13\n|\n|t:|1699750415\n|move|p1a: Lagon|Earthquake|p2a: Toxapex\n|-supereffective|p2a: Toxapex\n|-damage|p2a: Toxapex|40\/100\n|move|p2a: Toxapex|Scald|p1a: Lagon\n|-resisted|p1a: Lagon\n|-damage|p1a: Lagon|84\/100\n|-status|p1a: Lagon|brn\n|\n|-damage|p1a: Lagon|78\/100 brn|[from] brn\n|upkeep\n|turn|14\n|\n|t:|1699750422\n|switch|p2a: Cresselia|Cresselia, F|100\/100\n|move|p1a: Lagon|Earthquake|p2a: Cresselia\n|-immune|p2a: Cresselia|[from] ability: Levitate\n|\n|-damage|p1a: Lagon|71\/100 brn|[from] brn\n|upkeep\n|turn|15\n|c|\u2606Ralsei Hatty|~~toma no cu tu e teu arqu\u00e9tipo de merda~~\n|inactive|Ralsei Hatty has 120 seconds left.\n|c|\u2606Ralsei Hatty|~~me recuso a jogar com essa porra~~\n|c|\u2606Ralsei Hatty|~~sfd eu entro no torneio pra me divertir e tenho q lidar com essas merda~~\n|-message|Ralsei Hatty forfeited.\n|\n|win|femboyu\n|n|\u2606Ralsei Hatty|ralseihatty\n|n|\u2606femboyu|femboyu\n|n| PedroGreg|pedrogreg\n|c|\u2606Ralsei Hatty|Tem nem GG\n|c|\u2606Ralsei Hatty|Muito menos WP\n|c|\u2606femboyu|;-;\n|c|\u2606femboyu|chola mais\n|c|\u2606Ralsei Hatty|N t\u00f4 cholando\n|c|\u2606Ralsei Hatty|T\u00f4 reclamando\n|j| PlasmaGruntTboltz\n|l| PlasmaGruntTboltz\n|c|\u2606femboyu|nem sei usar esse time\n|c|\u2606Ralsei Hatty|Tu fica nessa putaria a\u00ed\n|c|\u2606femboyu|peguei qualquer do sample\n|c|\u2606Ralsei Hatty|\"urr durr Stall = Win\"\n|c|\u2606Ralsei Hatty|Se eu quero jogar contra Stall\n|c|\u2606Ralsei Hatty|Eu vou pra High Ladder\n|c|\u2606femboyu|relaxa ai querida eh so um jogo\n|l|\u2606femboyu\n|c|\u2606Ralsei Hatty|Um jogo q pode ~~matar algu\u00e9m do cora\u00e7\u00e3o~~ causar mt estresse\n|l|\u2606Ralsei Hatty\n|j|+Irly\n|j| Catalisador\n","uploadtime":1699750793,"views":4,"p1id":"ralseihatty","p2id":"femboyu","formatid":"gen9nationaldex","rating":0,"private":0,"password":""}