{"id":"gen9nationaldex-1992303226","p1":"kimi777","p2":"SolarBeam Slakoth","format":"[Gen 9] National Dex","log":"|j|\u2606kimi777\n|j|\u2606SolarBeam Slakoth\n|t:|1700172659\n|gametype|singles\n|player|p1|kimi777|giovanni|1408\n|player|p2|SolarBeam Slakoth|buck|1492\n|teamsize|p1|6\n|teamsize|p2|6\n|gen|9\n|tier|[Gen 9] National Dex\n|rated|\n|rule|HP Percentage Mod: HP is shown in percentages\n|rule|Endless Battle Clause: Forcing endless battles is banned\n|rule|OHKO Clause: OHKO moves are banned\n|rule|Evasion Clause: Evasion abilities, items, and moves are banned\n|rule|Evasion Abilities Clause: Evasion abilities are banned\n|rule|Evasion Items Clause: Evasion items are banned\n|rule|Evasion Moves Clause: Evasion moves are banned\n|rule|Species Clause: Limit one of each Pok\u00e9mon\n|rule|Sleep Clause Mod: Limit one foe put to sleep\n|clearpoke\n|poke|p1|Aggron, M|\n|poke|p1|Diancie|\n|poke|p1|Hawlucha, M|\n|poke|p1|Bisharp, F|\n|poke|p1|Victini|\n|poke|p1|Zamazenta-*|\n|poke|p2|Gigalith, M|\n|poke|p2|Keldeo-Resolute|\n|poke|p2|Excadrill, M|\n|poke|p2|Venusaur, F|\n|poke|p2|Alakazam, M|\n|poke|p2|Charizard, F|\n|teampreview\n|inactive|Battle timer is ON: inactive players will automatically lose when time's up. (requested by SolarBeam Slakoth)\n|inactive|kimi777 also wants the timer to be on.\n|c|\u2606kimi777|\uff1f\n|inactive|SolarBeam Slakoth has 120 seconds left.\n|\n|t:|1700172691\n|start\n|switch|p1a: Diancie|Diancie|100\/100\n|switch|p2a: Charizard|Charizard, F|100\/100\n|turn|1\n|\n|t:|1700172698\n|detailschange|p2a: Charizard|Charizard-Mega-Y, F\n|-mega|p2a: Charizard|Charizard|Charizardite Y\n|-weather|SunnyDay|[from] ability: Drought|[of] p2a: Charizard\n|detailschange|p1a: Diancie|Diancie-Mega\n|-mega|p1a: Diancie|Diancie|Diancite\n|move|p1a: Diancie|Diamond Storm|p2a: Charizard\n|-supereffective|p2a: Charizard\n|-damage|p2a: Charizard|0 fnt\n|-boost|p1a: Diancie|def|2\n|faint|p2a: Charizard\n|\n|-weather|SunnyDay|[upkeep]\n|upkeep\n|c|\u2606SolarBeam Slakoth|??\n|\n|t:|1700172704\n|switch|p2a: Venusaur|Venusaur, F|100\/100\n|turn|2\n|\n|t:|1700172708\n|move|p2a: Venusaur|Sludge Bomb|p1a: Diancie\n|-damage|p1a: Diancie|28\/100\n|-status|p1a: Diancie|psn\n|-damage|p2a: Venusaur|91\/100|[from] item: Life Orb\n|move|p1a: Diancie|Diamond Storm|p2a: Venusaur\n|-damage|p2a: Venusaur|9\/100\n|\n|-weather|SunnyDay|[upkeep]\n|-damage|p1a: Diancie|15\/100 psn|[from] psn\n|upkeep\n|turn|3\n|\n|t:|1700172718\n|move|p2a: Venusaur|Weather Ball|p1a: Diancie\n|-resisted|p1a: Diancie\n|-damage|p1a: Diancie|0 fnt\n|faint|p1a: Diancie\n|-damage|p2a: Venusaur|0 fnt|[from] item: Life Orb\n|faint|p2a: Venusaur\n|\n|-weather|SunnyDay|[upkeep]\n|upkeep\n|\n|t:|1700172726\n|switch|p1a: Hawlucha|Hawlucha, M|100\/100\n|switch|p2a: Alakazam|Alakazam, M, shiny|100\/100\n|turn|4\n|\n|t:|1700172735\n|move|p2a: Alakazam|Psychic|p1a: Hawlucha\n|-supereffective|p1a: Hawlucha\n|-damage|p1a: Hawlucha|0 fnt\n|faint|p1a: Hawlucha\n|\n|-weather|SunnyDay|[upkeep]\n|upkeep\n|\n|t:|1700172738\n|switch|p1a: Aggron|Aggron, M|100\/100\n|turn|5\n|\n|t:|1700172751\n|switch|p2a: Excadrill|Excadrill, M, shiny|100\/100\n|move|p1a: Aggron|Metal Burst||[still]\n|-fail|p1a: Aggron\n|\n|-weather|none\n|upkeep\n|turn|6\n|\n|t:|1700172760\n|move|p2a: Excadrill|Stealth Rock|p1a: Aggron\n|-sidestart|p1: kimi777|move: Stealth Rock\n|move|p1a: Aggron|Metal Burst||[still]\n|-fail|p1a: Aggron\n|\n|upkeep\n|turn|7\n|\n|t:|1700172763\n|move|p2a: Excadrill|Rapid Spin|p1a: Aggron\n|-resisted|p1a: Aggron\n|-crit|p1a: Aggron\n|-damage|p1a: Aggron|96\/100\n|-boost|p2a: Excadrill|spe|1\n|move|p1a: Aggron|Metal Burst|p2a: Excadrill\n|-damage|p2a: Excadrill|94\/100\n|\n|upkeep\n|turn|8\n|\n|t:|1700172783\n|move|p2a: Excadrill|Earthquake|p1a: Aggron\n|-supereffective|p1a: Aggron\n|-damage|p1a: Aggron|0 fnt\n|faint|p1a: Aggron\n|\n|upkeep\n|\n|t:|1700172790\n|switch|p1a: Zamazenta|Zamazenta|100\/100\n|-damage|p1a: Zamazenta|94\/100|[from] Stealth Rock\n|-ability|p1a: Zamazenta|Dauntless Shield|boost\n|-boost|p1a: Zamazenta|def|1\n|turn|9\n|\n|t:|1700172794\n|move|p1a: Zamazenta|Iron Defense|p1a: Zamazenta\n|-boost|p1a: Zamazenta|def|2\n|-zpower|p2a: Excadrill\n|move|p2a: Excadrill|Corkscrew Crash|p1a: Zamazenta|[zeffect]\n|-damage|p1a: Zamazenta|65\/100\n|\n|upkeep\n|turn|10\n|\n|t:|1700172802\n|move|p1a: Zamazenta|Iron Defense|p1a: Zamazenta\n|-boost|p1a: Zamazenta|def|2\n|move|p2a: Excadrill|Iron Head|p1a: Zamazenta\n|-damage|p1a: Zamazenta|54\/100\n|\n|upkeep\n|turn|11\n|\n|t:|1700172807\n|move|p1a: Zamazenta|Iron Defense|p1a: Zamazenta\n|-boost|p1a: Zamazenta|def|1\n|move|p2a: Excadrill|Iron Head|p1a: Zamazenta\n|-damage|p1a: Zamazenta|45\/100\n|\n|upkeep\n|turn|12\n|\n|t:|1700172814\n|move|p2a: Excadrill|Iron Head|p1a: Zamazenta\n|-damage|p1a: Zamazenta|35\/100\n|move|p1a: Zamazenta|Rest|p1a: Zamazenta\n|-status|p1a: Zamazenta|slp|[from] move: Rest\n|-heal|p1a: Zamazenta|100\/100 slp|[silent]\n|-enditem|p1a: Zamazenta|Chesto Berry|[eat]\n|-curestatus|p1a: Zamazenta|slp|[msg]\n|\n|upkeep\n|turn|13\n|\n|t:|1700172822\n|move|p1a: Zamazenta|Body Press|p2a: Excadrill\n|-supereffective|p2a: Excadrill\n|-damage|p2a: Excadrill|0 fnt\n|faint|p2a: Excadrill\n|\n|upkeep\n|\n|t:|1700172828\n|switch|p2a: Alakazam|Alakazam, M, shiny|100\/100\n|turn|14\n|\n|t:|1700172836\n|-terastallize|p1a: Zamazenta|Steel\n|move|p1a: Zamazenta|Heavy Slam|p2a: Alakazam\n|-enditem|p2a: Alakazam|Focus Sash\n|-damage|p2a: Alakazam|1\/100\n|move|p2a: Alakazam|Psychic|p1a: Zamazenta\n|-resisted|p1a: Zamazenta\n|-damage|p1a: Zamazenta|80\/100\n|\n|upkeep\n|turn|15\n|\n|t:|1700172844\n|move|p1a: Zamazenta|Heavy Slam|p2a: Alakazam\n|-damage|p2a: Alakazam|0 fnt\n|faint|p2a: Alakazam\n|\n|upkeep\n|\n|t:|1700172848\n|switch|p2a: Gigalith|Gigalith, M, shiny|100\/100\n|-weather|Sandstorm|[from] ability: Sand Stream|[of] p2a: Gigalith\n|turn|16\n|\n|t:|1700172851\n|-terastallize|p2a: Gigalith|Rock\n|move|p1a: Zamazenta|Body Press|p2a: Gigalith\n|-supereffective|p2a: Gigalith\n|-damage|p2a: Gigalith|0 fnt\n|faint|p2a: Gigalith\n|\n|-weather|Sandstorm|[upkeep]\n|upkeep\n|\n|t:|1700172854\n|switch|p2a: Keldeo|Keldeo-Resolute|100\/100\n|turn|17\n|\n|t:|1700172859\n|move|p1a: Zamazenta|Body Press|p2a: Keldeo\n|-damage|p2a: Keldeo|0 fnt\n|faint|p2a: Keldeo\n|\n|win|kimi777\n|raw|kimi777's rating: 1408 &rarr; <strong>1433<\/strong><br \/>(+25 for winning)\n|raw|SolarBeam Slakoth's rating: 1492 &rarr; <strong>1467<\/strong><br \/>(-25 for losing)\n|c|\u2606SolarBeam Slakoth|gg!\n","uploadtime":1700172864,"views":9,"p1id":"kimi777","p2id":"solarbeamslakoth","formatid":"gen9nationaldex","rating":1433,"private":0,"password":""}