{"id":"gen9nationaldex-1988613286","p1":"OrganicMaterial","p2":"female charizard","format":"[Gen 9] National Dex","log":"|j|\u2606OrganicMaterial\n|j|\u2606female charizard\n|t:|1699742010\n|gametype|singles\n|player|p1|OrganicMaterial|dragontamer|1135\n|player|p2|female charizard|170|1178\n|teamsize|p1|6\n|teamsize|p2|6\n|gen|9\n|tier|[Gen 9] National Dex\n|rated|\n|rule|HP Percentage Mod: HP is shown in percentages\n|rule|Endless Battle Clause: Forcing endless battles is banned\n|rule|OHKO Clause: OHKO moves are banned\n|rule|Evasion Clause: Evasion abilities, items, and moves are banned\n|rule|Evasion Abilities Clause: Evasion abilities are banned\n|rule|Evasion Items Clause: Evasion items are banned\n|rule|Evasion Moves Clause: Evasion moves are banned\n|rule|Species Clause: Limit one of each Pok\u00e9mon\n|rule|Sleep Clause Mod: Limit one foe put to sleep\n|clearpoke\n|poke|p1|Hatterene, F|\n|poke|p1|Blacephalon|\n|poke|p1|Mew|\n|poke|p1|Tapu Koko|\n|poke|p1|Garganacl, M|\n|poke|p1|Altaria, F|\n|poke|p2|Kyurem|\n|poke|p2|Abomasnow, F|\n|poke|p2|Breloom, F|\n|poke|p2|Rhyperior, M|\n|poke|p2|Ogerpon-Wellspring, F|\n|poke|p2|Arbok, M|\n|teampreview\n|\n|t:|1699742024\n|start\n|switch|p1a: Hat Lady|Hatterene, F, shiny|100\/100\n|switch|p2a: A subtle joke|Abomasnow, F|100\/100\n|-weather|Snow|[from] ability: Snow Warning|[of] p2a: A subtle joke\n|turn|1\n|\n|t:|1699742035\n|move|p2a: A subtle joke|Aurora Veil|p2a: A subtle joke\n|-sidestart|p2: female charizard|move: Aurora Veil\n|move|p1a: Hat Lady|Trick Room|p1a: Hat Lady\n|-fieldstart|move: Trick Room|[of] p1a: Hat Lady\n|\n|-weather|Snow|[upkeep]\n|upkeep\n|turn|2\n|\n|t:|1699742041\n|move|p1a: Hat Lady|Mystical Fire|p2a: A subtle joke\n|-supereffective|p2a: A subtle joke\n|-damage|p2a: A subtle joke|48\/100\n|-unboost|p2a: A subtle joke|spa|1\n|move|p2a: A subtle joke|Blizzard|p1a: Hat Lady\n|-damage|p1a: Hat Lady|69\/100\n|\n|-weather|Snow|[upkeep]\n|upkeep\n|turn|3\n|\n|t:|1699742051\n|switch|p2a: mods annoy me|Ogerpon-Wellspring, F|100\/100\n|move|p1a: Hat Lady|Mystical Fire|p2a: mods annoy me\n|-damage|p2a: mods annoy me|83\/100\n|-unboost|p2a: mods annoy me|spa|1\n|\n|-weather|Snow|[upkeep]\n|upkeep\n|turn|4\n|\n|t:|1699742060\n|move|p1a: Hat Lady|Calm Mind|p1a: Hat Lady\n|-boost|p1a: Hat Lady|spa|1\n|-boost|p1a: Hat Lady|spd|1\n|move|p2a: mods annoy me|Ivy Cudgel|p1a: Hat Lady\n|-damage|p1a: Hat Lady|0 fnt\n|faint|p1a: Hat Lady\n|\n|-weather|Snow|[upkeep]\n|upkeep\n|\n|t:|1699742070\n|switch|p1a: Birb|Tapu Koko, shiny|100\/100\n|-fieldstart|move: Electric Terrain|[from] ability: Electric Surge|[of] p1a: Birb\n|turn|5\n|j| snugglesnfluff\n|\n|t:|1699742081\n|move|p2a: mods annoy me|Ivy Cudgel|p1a: Birb\n|-crit|p1a: Birb\n|-damage|p1a: Birb|0 fnt\n|faint|p1a: Birb\n|\n|-weather|none\n|-fieldend|move: Trick Room\n|upkeep\n|j| kung fu pokechu\n|j| less might be more\n|c|\u2606OrganicMaterial|woah crit alr\n|\n|t:|1699742093\n|switch|p1a: Puff Cloud|Altaria, F, shiny|100\/100\n|turn|6\n|\n|t:|1699742099\n|detailschange|p1a: Puff Cloud|Altaria-Mega, F, shiny\n|-mega|p1a: Puff Cloud|Altaria|Altarianite\n|move|p2a: mods annoy me|Swords Dance|p2a: mods annoy me\n|-boost|p2a: mods annoy me|atk|2\n|move|p1a: Puff Cloud|Brave Bird|p2a: mods annoy me\n|-supereffective|p2a: mods annoy me\n|-damage|p2a: mods annoy me|39\/100\n|-damage|p1a: Puff Cloud|86\/100|[from] Recoil\n|\n|upkeep\n|turn|7\n|\n|t:|1699742116\n|move|p2a: mods annoy me|Ivy Cudgel|p1a: Puff Cloud\n|-resisted|p1a: Puff Cloud\n|-damage|p1a: Puff Cloud|28\/100\n|move|p1a: Puff Cloud|Brave Bird|p2a: mods annoy me\n|-supereffective|p2a: mods annoy me\n|-damage|p2a: mods annoy me|0 fnt\n|faint|p2a: mods annoy me\n|-damage|p1a: Puff Cloud|15\/100|[from] Recoil\n|\n|upkeep\n|\n|t:|1699742120\n|switch|p2a: at last|Arbok, M|100\/100\n|-ability|p2a: at last|Intimidate|boost\n|-unboost|p1a: Puff Cloud|atk|1\n|turn|8\n|\n|t:|1699742128\n|move|p2a: at last|Coil|p2a: at last\n|-boost|p2a: at last|atk|1\n|-boost|p2a: at last|def|1\n|-boost|p2a: at last|accuracy|1\n|move|p1a: Puff Cloud|Fire Blast|p2a: at last|[miss]\n|-miss|p1a: Puff Cloud|p2a: at last\n|\n|-sideend|p2: female charizard|move: Aurora Veil\n|upkeep\n|turn|9\n|\n|t:|1699742138\n|move|p2a: at last|Earthquake|p1a: Puff Cloud\n|-damage|p1a: Puff Cloud|0 fnt\n|faint|p1a: Puff Cloud\n|\n|-fieldend|move: Electric Terrain\n|upkeep\n|\n|t:|1699742148\n|switch|p1a: King|Mew, shiny|100\/100\n|turn|10\n|\n|t:|1699742158\n|-terastallize|p2a: at last|Dragon\n|move|p1a: King|Psychic|p2a: at last\n|-damage|p2a: at last|43\/100\n|move|p2a: at last|Scale Shot|p1a: King\n|-damage|p1a: King|85\/100\n|-damage|p1a: King|69\/100\n|-damage|p1a: King|54\/100\n|-hitcount|p1a: King|3\n|-unboost|p2a: at last|def|1\n|-boost|p2a: at last|spe|1\n|\n|-heal|p2a: at last|49\/100|[from] item: Leftovers\n|upkeep\n|turn|11\n|\n|t:|1699742173\n|move|p2a: at last|Gunk Shot|p1a: King\n|-damage|p1a: King|0 fnt\n|faint|p1a: King\n|\n|-heal|p2a: at last|55\/100|[from] item: Leftovers\n|upkeep\n|\n|t:|1699742180\n|switch|p1a: Rock Boi|Garganacl, M, shiny|100\/100\n|turn|12\n|\n|t:|1699742186\n|move|p2a: at last|Earthquake|p1a: Rock Boi\n|-supereffective|p1a: Rock Boi\n|-damage|p1a: Rock Boi|47\/100\n|move|p1a: Rock Boi|Salt Cure|p2a: at last\n|-damage|p2a: at last|23\/100\n|-start|p2a: at last|Salt Cure\n|\n|-heal|p2a: at last|29\/100|[from] item: Leftovers\n|-heal|p1a: Rock Boi|53\/100|[from] item: Leftovers\n|-damage|p2a: at last|17\/100|[from] Salt Cure\n|upkeep\n|turn|13\n|\n|t:|1699742200\n|-terastallize|p1a: Rock Boi|Flying\n|move|p1a: Rock Boi|Protect|p1a: Rock Boi\n|-singleturn|p1a: Rock Boi|Protect\n|move|p2a: at last|Earthquake|p1a: Rock Boi\n|-activate|p1a: Rock Boi|move: Protect\n|\n|-heal|p2a: at last|23\/100|[from] item: Leftovers\n|-heal|p1a: Rock Boi|59\/100|[from] item: Leftovers\n|-damage|p2a: at last|10\/100|[from] Salt Cure\n|upkeep\n|turn|14\n|\n|t:|1699742212\n|move|p2a: at last|Gunk Shot|p1a: Rock Boi\n|-damage|p1a: Rock Boi|12\/100\n|move|p1a: Rock Boi|Iron Defense|p1a: Rock Boi\n|-boost|p1a: Rock Boi|def|2\n|\n|-heal|p2a: at last|17\/100|[from] item: Leftovers\n|-heal|p1a: Rock Boi|18\/100|[from] item: Leftovers\n|-damage|p2a: at last|4\/100|[from] Salt Cure\n|upkeep\n|turn|15\n|\n|t:|1699742222\n|move|p1a: Rock Boi|Protect|p1a: Rock Boi\n|-singleturn|p1a: Rock Boi|Protect\n|move|p2a: at last|Gunk Shot|p1a: Rock Boi\n|-activate|p1a: Rock Boi|move: Protect\n|\n|-heal|p2a: at last|10\/100|[from] item: Leftovers\n|-heal|p1a: Rock Boi|24\/100|[from] item: Leftovers\n|-damage|p2a: at last|0 fnt|[from] Salt Cure\n|faint|p2a: at last\n|upkeep\n|\n|t:|1699742226\n|switch|p2a: pressure friends|Kyurem|100\/100\n|-ability|p2a: pressure friends|Pressure\n|turn|16\n|\n|t:|1699742235\n|move|p2a: pressure friends|Freeze-Dry|p1a: Rock Boi\n|-supereffective|p1a: Rock Boi\n|-damage|p1a: Rock Boi|0 fnt\n|faint|p1a: Rock Boi\n|\n|upkeep\n|\n|t:|1699742239\n|switch|p1a: Bop|Blacephalon|100\/100\n|turn|17\n|\n|t:|1699742247\n|move|p1a: Bop|Mind Blown|p2a: pressure friends\n|-damage|p2a: pressure friends|10\/100\n|-damage|p1a: Bop|50\/100|[from] mindblown\n|-damage|p1a: Bop|41\/100|[from] item: Life Orb\n|move|p2a: pressure friends|Substitute|p2a: pressure friends\n|-fail|p2a: pressure friends|move: Substitute|[weak]\n|\n|-heal|p2a: pressure friends|16\/100|[from] item: Leftovers\n|upkeep\n|turn|18\n|\n|t:|1699742256\n|move|p1a: Bop|Shadow Ball|p2a: pressure friends\n|-damage|p2a: pressure friends|0 fnt\n|faint|p2a: pressure friends\n|-ability|p1a: Bop|Beast Boost|boost\n|-boost|p1a: Bop|spa|1\n|-damage|p1a: Bop|31\/100|[from] item: Life Orb\n|\n|upkeep\n|\n|t:|1699742262\n|switch|p2a: SOLID SUGGESTER|Rhyperior, M|100\/100\n|turn|19\n|\n|t:|1699742267\n|move|p1a: Bop|Shadow Ball|p2a: SOLID SUGGESTER\n|-damage|p2a: SOLID SUGGESTER|0 fnt\n|faint|p2a: SOLID SUGGESTER\n|-ability|p1a: Bop|Beast Boost|boost\n|-boost|p1a: Bop|spa|1\n|-damage|p1a: Bop|21\/100|[from] item: Life Orb\n|\n|upkeep\n|\n|t:|1699742270\n|switch|p2a: bisexual|Breloom, F|100\/100\n|turn|20\n|\n|t:|1699742281\n|move|p1a: Bop|Shadow Ball|p2a: bisexual\n|-damage|p2a: bisexual|0 fnt\n|faint|p2a: bisexual\n|-ability|p1a: Bop|Beast Boost|boost\n|-boost|p1a: Bop|spa|1\n|-damage|p1a: Bop|11\/100|[from] item: Life Orb\n|\n|upkeep\n|\n|t:|1699742285\n|switch|p2a: A subtle joke|Abomasnow, F|48\/100\n|-weather|Snow|[from] ability: Snow Warning|[of] p2a: A subtle joke\n|turn|21\n|\n|t:|1699742293\n|move|p2a: A subtle joke|Ice Shard|p1a: Bop\n|-resisted|p1a: Bop\n|-damage|p1a: Bop|0 fnt\n|faint|p1a: Bop\n|\n|win|female charizard\n|raw|OrganicMaterial's rating: 1135 &rarr; <strong>1115<\/strong><br \/>(-20 for losing)\n|raw|female charizard's rating: 1199 &rarr; <strong>1219<\/strong><br \/>(+20 for winning)\n|c|\u2606OrganicMaterial|gg\n","uploadtime":1699742300,"views":5,"p1id":"organicmaterial","p2id":"femalecharizard","formatid":"gen9nationaldex","rating":1115,"private":0,"password":""}