{"id":"gen9nationaldex-1992150543","p1":"Glass101","p2":"CigarSmokerForever","format":"[Gen 9] National Dex","log":"|j|\u2606Glass101\n|j|\u2606CigarSmokerForever\n|t:|1700159215\n|gametype|singles\n|player|p1|Glass101|rocketgruntf|1564\n|player|p2|CigarSmokerForever|red|1497\n|teamsize|p1|6\n|teamsize|p2|6\n|gen|9\n|tier|[Gen 9] National Dex\n|rated|\n|rule|HP Percentage Mod: HP is shown in percentages\n|rule|Endless Battle Clause: Forcing endless battles is banned\n|rule|OHKO Clause: OHKO moves are banned\n|rule|Evasion Clause: Evasion abilities, items, and moves are banned\n|rule|Evasion Abilities Clause: Evasion abilities are banned\n|rule|Evasion Items Clause: Evasion items are banned\n|rule|Evasion Moves Clause: Evasion moves are banned\n|rule|Species Clause: Limit one of each Pok\u00e9mon\n|rule|Sleep Clause Mod: Limit one foe put to sleep\n|clearpoke\n|poke|p1|Kyurem|\n|poke|p1|Clodsire, M|\n|poke|p1|Cresselia, F|\n|poke|p1|Toxapex, F|\n|poke|p1|Ceruledge, M|\n|poke|p1|Bellossom, F|\n|poke|p2|Heatran, M|\n|poke|p2|Dragonite, M|\n|poke|p2|Tapu Koko|\n|poke|p2|Sneasler, M|\n|poke|p2|Tapu Lele|\n|poke|p2|Scizor, M|\n|teampreview\n|inactive|Battle timer is ON: inactive players will automatically lose when time's up. (requested by CigarSmokerForever)\n|\n|t:|1700159226\n|start\n|switch|p1a: Toxapex|Toxapex, F|100\/100\n|switch|p2a: Heatran|Heatran, M|100\/100\n|-item|p2a: Heatran|Air Balloon\n|turn|1\n|\n|t:|1700159229\n|move|p2a: Heatran|Stealth Rock|p1a: Toxapex\n|-sidestart|p1: Glass101|move: Stealth Rock\n|move|p1a: Toxapex|Scald|p2a: Heatran\n|-supereffective|p2a: Heatran\n|-damage|p2a: Heatran|74\/100\n|-enditem|p2a: Heatran|Air Balloon\n|\n|upkeep\n|turn|2\n|\n|t:|1700159233\n|switch|p1a: Ceruledge|Ceruledge, M|100\/100\n|move|p2a: Heatran|Earth Power|p1a: Ceruledge\n|-supereffective|p1a: Ceruledge\n|-damage|p1a: Ceruledge|24\/100\n|\n|upkeep\n|turn|3\n|\n|t:|1700159238\n|switch|p1a: Cresselia|Cresselia, F|100\/100\n|-damage|p1a: Cresselia|88\/100|[from] Stealth Rock\n|move|p2a: Heatran|Earth Power|p1a: Cresselia\n|-immune|p1a: Cresselia|[from] ability: Levitate\n|\n|upkeep\n|turn|4\n|\n|t:|1700159241\n|switch|p1a: Ceruledge|Ceruledge, M|24\/100\n|move|p2a: Heatran|Lava Plume|p1a: Ceruledge\n|-start|p1a: Ceruledge|ability: Flash Fire\n|\n|upkeep\n|turn|5\n|\n|t:|1700159244\n|move|p1a: Ceruledge|Poltergeist||[still]\n|-fail|p1a: Ceruledge\n|move|p2a: Heatran|Earth Power|p1a: Ceruledge\n|-supereffective|p1a: Ceruledge\n|-damage|p1a: Ceruledge|0 fnt\n|faint|p1a: Ceruledge\n|\n|upkeep\n|\n|t:|1700159249\n|switch|p1a: Kyurem|Kyurem|100\/100\n|-damage|p1a: Kyurem|76\/100|[from] Stealth Rock\n|-ability|p1a: Kyurem|Pressure\n|turn|6\n|\n|t:|1700159254\n|move|p1a: Kyurem|Earth Power|p2a: Heatran\n|-supereffective|p2a: Heatran\n|-damage|p2a: Heatran|0 fnt\n|faint|p2a: Heatran\n|-damage|p1a: Kyurem|66\/100|[from] item: Life Orb\n|\n|upkeep\n|c|\u2606Glass101|Played like an idiot there \":D\n|c|\u2606Glass101|Mb xd\n|c|\u2606CigarSmokerForever|you did.\n|\n|t:|1700159274\n|switch|p2a: Scizor|Scizor, M|100\/100\n|turn|7\n|\n|t:|1700159278\n|switch|p1a: Toxapex|Toxapex, F|100\/100\n|-damage|p1a: Toxapex|88\/100|[from] Stealth Rock\n|detailschange|p2a: Scizor|Scizor-Mega, M\n|-mega|p2a: Scizor|Scizor|Scizorite\n|move|p2a: Scizor|Swords Dance|p2a: Scizor\n|-boost|p2a: Scizor|atk|2\n|\n|upkeep\n|turn|8\n|\n|t:|1700159281\n|move|p2a: Scizor|Swords Dance|p2a: Scizor\n|-boost|p2a: Scizor|atk|2\n|move|p1a: Toxapex|Haze|p1a: Toxapex\n|-clearallboost\n|\n|upkeep\n|turn|9\n|c|\u2606Glass101|Uff, greedy there\n|\n|t:|1700159289\n|switch|p2a: Tapu Lele|Tapu Lele|100\/100\n|-fieldstart|move: Psychic Terrain|[from] ability: Psychic Surge|[of] p2a: Tapu Lele\n|move|p1a: Toxapex|Scald|p2a: Tapu Lele\n|-damage|p2a: Tapu Lele|83\/100\n|-status|p2a: Tapu Lele|brn\n|\n|-damage|p2a: Tapu Lele|77\/100 brn|[from] brn\n|upkeep\n|turn|10\n|\n|t:|1700159300\n|switch|p1a: Cresselia|Cresselia, F|88\/100\n|-damage|p1a: Cresselia|76\/100|[from] Stealth Rock\n|move|p2a: Tapu Lele|Psychic|p1a: Cresselia\n|-resisted|p1a: Cresselia\n|-damage|p1a: Cresselia|44\/100\n|\n|-damage|p2a: Tapu Lele|71\/100 brn|[from] brn\n|upkeep\n|turn|11\n|\n|t:|1700159307\n|move|p2a: Tapu Lele|Psychic|p1a: Cresselia\n|-resisted|p1a: Cresselia\n|-damage|p1a: Cresselia|11\/100\n|move|p1a: Cresselia|Moonlight|p1a: Cresselia\n|-heal|p1a: Cresselia|61\/100\n|\n|-damage|p2a: Tapu Lele|65\/100 brn|[from] brn\n|upkeep\n|turn|12\n|\n|t:|1700159312\n|move|p2a: Tapu Lele|Psychic|p1a: Cresselia\n|-resisted|p1a: Cresselia\n|-damage|p1a: Cresselia|29\/100\n|move|p1a: Cresselia|Moonlight|p1a: Cresselia\n|-heal|p1a: Cresselia|79\/100\n|\n|-damage|p2a: Tapu Lele|59\/100 brn|[from] brn\n|upkeep\n|turn|13\n|\n|t:|1700159316\n|move|p2a: Tapu Lele|Psychic|p1a: Cresselia\n|-resisted|p1a: Cresselia\n|-damage|p1a: Cresselia|49\/100\n|move|p1a: Cresselia|Calm Mind|p1a: Cresselia\n|-boost|p1a: Cresselia|spa|1\n|-boost|p1a: Cresselia|spd|1\n|\n|-damage|p2a: Tapu Lele|53\/100 brn|[from] brn\n|-fieldend|move: Psychic Terrain\n|upkeep\n|turn|14\n|\n|t:|1700159319\n|move|p2a: Tapu Lele|Psychic|p1a: Cresselia\n|-resisted|p1a: Cresselia\n|-damage|p1a: Cresselia|34\/100\n|move|p1a: Cresselia|Moonlight|p1a: Cresselia\n|-heal|p1a: Cresselia|84\/100\n|\n|-damage|p2a: Tapu Lele|47\/100 brn|[from] brn\n|upkeep\n|turn|15\n|\n|t:|1700159324\n|switch|p2a: Dragonite|Dragonite, M|100\/100\n|move|p1a: Cresselia|Calm Mind|p1a: Cresselia\n|-boost|p1a: Cresselia|spa|1\n|-boost|p1a: Cresselia|spd|1\n|\n|upkeep\n|turn|16\n|\n|t:|1700159328\n|move|p2a: Dragonite|Dragon Dance|p2a: Dragonite\n|-boost|p2a: Dragonite|atk|1\n|-boost|p2a: Dragonite|spe|1\n|move|p1a: Cresselia|Moonblast|p2a: Dragonite\n|-supereffective|p2a: Dragonite\n|-damage|p2a: Dragonite|64\/100\n|\n|upkeep\n|turn|17\n|\n|t:|1700159333\n|-zpower|p2a: Dragonite\n|move|p2a: Dragonite|Devastating Drake|p1a: Cresselia|[zeffect]\n|-crit|p1a: Cresselia\n|-damage|p1a: Cresselia|0 fnt\n|faint|p1a: Cresselia\n|\n|upkeep\n|\n|t:|1700159336\n|switch|p1a: Clodsire|Clodsire, M|100\/100\n|-damage|p1a: Clodsire|94\/100|[from] Stealth Rock\n|turn|18\n|\n|t:|1700159338\n|move|p2a: Dragonite|Earthquake|p1a: Clodsire\n|-supereffective|p1a: Clodsire\n|-damage|p1a: Clodsire|33\/100\n|move|p1a: Clodsire|Counter|p2a: Dragonite\n|-damage|p2a: Dragonite|0 fnt\n|faint|p2a: Dragonite\n|\n|upkeep\n|\n|t:|1700159343\n|switch|p2a: Tapu Lele|Tapu Lele|47\/100 brn\n|-fieldstart|move: Psychic Terrain|[from] ability: Psychic Surge|[of] p2a: Tapu Lele\n|turn|19\n|\n|t:|1700159352\n|-terastallize|p1a: Clodsire|Dark\n|move|p2a: Tapu Lele|Psychic|p1a: Clodsire\n|-immune|p1a: Clodsire\n|move|p1a: Clodsire|Recover|p1a: Clodsire\n|-heal|p1a: Clodsire|83\/100\n|\n|-damage|p2a: Tapu Lele|41\/100 brn|[from] brn\n|upkeep\n|turn|20\n|\n|t:|1700159356\n|switch|p2a: Tapu Koko|Tapu Koko|100\/100\n|-fieldstart|move: Electric Terrain|[from] ability: Electric Surge|[of] p2a: Tapu Koko\n|move|p1a: Clodsire|Earthquake|p2a: Tapu Koko\n|-supereffective|p2a: Tapu Koko\n|-damage|p2a: Tapu Koko|42\/100\n|\n|upkeep\n|turn|21\n|\n|t:|1700159361\n|switch|p1a: Toxapex|Toxapex, F|100\/100\n|-damage|p1a: Toxapex|88\/100|[from] Stealth Rock\n|move|p2a: Tapu Koko|Reflect|p2a: Tapu Koko\n|-sidestart|p2: CigarSmokerForever|Reflect\n|\n|upkeep\n|turn|22\n|\n|t:|1700159363\n|move|p2a: Tapu Koko|Thunderbolt|p1a: Toxapex\n|-supereffective|p1a: Toxapex\n|-damage|p1a: Toxapex|31\/100\n|move|p1a: Toxapex|Scald|p2a: Tapu Koko\n|-damage|p2a: Tapu Koko|20\/100\n|-status|p2a: Tapu Koko|brn\n|\n|-damage|p2a: Tapu Koko|14\/100 brn|[from] brn\n|upkeep\n|turn|23\n|\n|t:|1700159366\n|switch|p1a: El Diablo|Bellossom, F, shiny|100\/100\n|-damage|p1a: El Diablo|88\/100|[from] Stealth Rock\n|move|p2a: Tapu Koko|Thunderbolt|p1a: El Diablo\n|-resisted|p1a: El Diablo\n|-damage|p1a: El Diablo|73\/100\n|-status|p1a: El Diablo|par\n|\n|-heal|p1a: El Diablo|79\/100 par|[from] item: Leftovers\n|-damage|p2a: Tapu Koko|8\/100 brn|[from] brn\n|upkeep\n|turn|24\n|\n|t:|1700159369\n|move|p2a: Tapu Koko|U-turn|p1a: El Diablo\n|-supereffective|p1a: El Diablo\n|-damage|p1a: El Diablo|65\/100 par\n|\n|t:|1700159372\n|switch|p2a: Tapu Lele|Tapu Lele|41\/100 brn|[from] U-turn\n|-fieldstart|move: Psychic Terrain|[from] ability: Psychic Surge|[of] p2a: Tapu Lele\n|move|p1a: El Diablo|Quiver Dance|p1a: El Diablo\n|-boost|p1a: El Diablo|spa|1\n|-boost|p1a: El Diablo|spd|1\n|-boost|p1a: El Diablo|spe|1\n|\n|-heal|p1a: El Diablo|72\/100 par|[from] item: Leftovers\n|-damage|p2a: Tapu Lele|35\/100 brn|[from] brn\n|upkeep\n|turn|25\n|\n|t:|1700159376\n|move|p2a: Tapu Lele|Moonblast|p1a: El Diablo\n|-damage|p1a: El Diablo|24\/100 par\n|-unboost|p1a: El Diablo|spa|1\n|cant|p1a: El Diablo|par\n|\n|-heal|p1a: El Diablo|30\/100 par|[from] item: Leftovers\n|-damage|p2a: Tapu Lele|29\/100 brn|[from] brn\n|-sideend|p2: CigarSmokerForever|Reflect\n|upkeep\n|turn|26\n|\n|t:|1700159379\n|move|p2a: Tapu Lele|Moonblast|p1a: El Diablo\n|-damage|p1a: El Diablo|0 fnt\n|faint|p1a: El Diablo\n|\n|-damage|p2a: Tapu Lele|23\/100 brn|[from] brn\n|upkeep\n|\n|t:|1700159382\n|switch|p1a: Toxapex|Toxapex, F|64\/100\n|-damage|p1a: Toxapex|52\/100|[from] Stealth Rock\n|turn|27\n|\n|t:|1700159386\n|move|p2a: Tapu Lele|Moonblast|p1a: Toxapex\n|-resisted|p1a: Toxapex\n|-crit|p1a: Toxapex\n|-damage|p1a: Toxapex|6\/100\n|move|p1a: Toxapex|Recover|p1a: Toxapex\n|-heal|p1a: Toxapex|56\/100\n|\n|-damage|p2a: Tapu Lele|17\/100 brn|[from] brn\n|upkeep\n|turn|28\n|\n|t:|1700159389\n|move|p2a: Tapu Lele|Moonblast|p1a: Toxapex\n|-resisted|p1a: Toxapex\n|-crit|p1a: Toxapex\n|-damage|p1a: Toxapex|4\/100\n|move|p1a: Toxapex|Recover|p1a: Toxapex\n|-heal|p1a: Toxapex|54\/100\n|\n|-damage|p2a: Tapu Lele|10\/100 brn|[from] brn\n|-fieldend|move: Psychic Terrain\n|upkeep\n|turn|29\n|\n|t:|1700159395\n|switch|p2a: Tapu Koko|Tapu Koko|8\/100 brn\n|-fieldstart|move: Electric Terrain|[from] ability: Electric Surge|[of] p2a: Tapu Koko\n|move|p1a: Toxapex|Scald|p2a: Tapu Koko\n|-damage|p2a: Tapu Koko|0 fnt\n|faint|p2a: Tapu Koko\n|\n|upkeep\n|\n|t:|1700159398\n|switch|p2a: Tapu Lele|Tapu Lele|10\/100 brn\n|-fieldstart|move: Psychic Terrain|[from] ability: Psychic Surge|[of] p2a: Tapu Lele\n|turn|30\n|\n|t:|1700159404\n|switch|p1a: Kyurem|Kyurem|66\/100\n|-damage|p1a: Kyurem|41\/100|[from] Stealth Rock\n|-ability|p1a: Kyurem|Pressure\n|move|p2a: Tapu Lele|Moonblast|p1a: Kyurem\n|-supereffective|p1a: Kyurem\n|-damage|p1a: Kyurem|0 fnt\n|faint|p1a: Kyurem\n|\n|-damage|p2a: Tapu Lele|4\/100 brn|[from] brn\n|upkeep\n|\n|t:|1700159407\n|switch|p1a: Toxapex|Toxapex, F|87\/100\n|-damage|p1a: Toxapex|75\/100|[from] Stealth Rock\n|turn|31\n|\n|t:|1700159410\n|switch|p2a: Sneasler|Sneasler, M|100\/100\n|move|p1a: Toxapex|Scald|p2a: Sneasler\n|-crit|p2a: Sneasler\n|-damage|p2a: Sneasler|65\/100\n|-status|p2a: Sneasler|brn\n|\n|-damage|p2a: Sneasler|59\/100 brn|[from] brn\n|upkeep\n|turn|32\n|c|\u2606Glass101|Ah\n|\n|t:|1700159417\n|move|p2a: Sneasler|Swords Dance|p2a: Sneasler\n|-boost|p2a: Sneasler|atk|2\n|move|p1a: Toxapex|Scald|p2a: Sneasler\n|-damage|p2a: Sneasler|37\/100 brn\n|\n|-damage|p2a: Sneasler|31\/100 brn|[from] brn\n|upkeep\n|turn|33\n|\n|t:|1700159420\n|move|p2a: Sneasler|Close Combat|p1a: Toxapex\n|-resisted|p1a: Toxapex\n|-damage|p1a: Toxapex|49\/100\n|-unboost|p2a: Sneasler|def|1\n|-unboost|p2a: Sneasler|spd|1\n|-damage|p2a: Sneasler|14\/100 brn|[from] item: Rocky Helmet|[of] p1a: Toxapex\n|move|p1a: Toxapex|Haze|p1a: Toxapex\n|-clearallboost\n|\n|-damage|p2a: Sneasler|8\/100 brn|[from] brn\n|upkeep\n|turn|34\n|\n|t:|1700159422\n|move|p2a: Sneasler|Close Combat|p1a: Toxapex\n|-resisted|p1a: Toxapex\n|-damage|p1a: Toxapex|36\/100\n|-unboost|p2a: Sneasler|def|1\n|-unboost|p2a: Sneasler|spd|1\n|-damage|p2a: Sneasler|0 fnt|[from] item: Rocky Helmet|[of] p1a: Toxapex\n|faint|p2a: Sneasler\n|move|p1a: Toxapex|Recover|p1a: Toxapex\n|-heal|p1a: Toxapex|86\/100\n|\n|-fieldend|move: Psychic Terrain\n|upkeep\n|\n|t:|1700159426\n|switch|p2a: Scizor|Scizor-Mega, M|100\/100\n|turn|35\n|\n|t:|1700159429\n|move|p2a: Scizor|Swords Dance|p2a: Scizor\n|-boost|p2a: Scizor|atk|2\n|move|p1a: Toxapex|Scald|p2a: Scizor\n|-damage|p2a: Scizor|84\/100\n|\n|upkeep\n|turn|36\n|\n|t:|1700159433\n|move|p2a: Scizor|Swords Dance|p2a: Scizor\n|-boost|p2a: Scizor|atk|2\n|move|p1a: Toxapex|Haze|p1a: Toxapex\n|-clearallboost\n|\n|upkeep\n|turn|37\n|\n|t:|1700159436\n|move|p2a: Scizor|Swords Dance|p2a: Scizor\n|-boost|p2a: Scizor|atk|2\n|move|p1a: Toxapex|Scald|p2a: Scizor\n|-damage|p2a: Scizor|66\/100\n|\n|upkeep\n|turn|38\n|\n|t:|1700159442\n|move|p2a: Scizor|Swords Dance|p2a: Scizor\n|-boost|p2a: Scizor|atk|2\n|move|p1a: Toxapex|Haze|p1a: Toxapex\n|-clearallboost\n|\n|upkeep\n|turn|39\n|\n|t:|1700159445\n|move|p2a: Scizor|Swords Dance|p2a: Scizor\n|-boost|p2a: Scizor|atk|2\n|move|p1a: Toxapex|Scald|p2a: Scizor\n|-damage|p2a: Scizor|47\/100\n|\n|upkeep\n|turn|40\n|\n|t:|1700159449\n|move|p2a: Scizor|Roost|p2a: Scizor\n|-heal|p2a: Scizor|98\/100\n|-singleturn|p2a: Scizor|move: Roost\n|move|p1a: Toxapex|Haze|p1a: Toxapex\n|-clearallboost\n|\n|upkeep\n|turn|41\n|\n|t:|1700159453\n|move|p2a: Scizor|Swords Dance|p2a: Scizor\n|-boost|p2a: Scizor|atk|2\n|move|p1a: Toxapex|Scald|p2a: Scizor\n|-damage|p2a: Scizor|80\/100\n|-status|p2a: Scizor|brn\n|\n|-damage|p2a: Scizor|74\/100 brn|[from] brn\n|upkeep\n|turn|42\n|c|\u2606Glass101|There we go lol\n|\n|t:|1700159459\n|move|p2a: Scizor|Swords Dance|p2a: Scizor\n|-boost|p2a: Scizor|atk|2\n|move|p1a: Toxapex|Haze|p1a: Toxapex\n|-clearallboost\n|\n|-damage|p2a: Scizor|68\/100 brn|[from] brn\n|upkeep\n|turn|43\n|\n|t:|1700159463\n|move|p2a: Scizor|Swords Dance|p2a: Scizor\n|-boost|p2a: Scizor|atk|2\n|move|p1a: Toxapex|Scald|p2a: Scizor\n|-damage|p2a: Scizor|52\/100 brn\n|\n|-damage|p2a: Scizor|46\/100 brn|[from] brn\n|upkeep\n|turn|44\n|\n|t:|1700159470\n|move|p2a: Scizor|Roost|p2a: Scizor\n|-heal|p2a: Scizor|96\/100 brn\n|-singleturn|p2a: Scizor|move: Roost\n|move|p1a: Toxapex|Haze|p1a: Toxapex\n|-clearallboost\n|\n|-damage|p2a: Scizor|90\/100 brn|[from] brn\n|upkeep\n|turn|45\n|\n|t:|1700159474\n|move|p2a: Scizor|Swords Dance|p2a: Scizor\n|-boost|p2a: Scizor|atk|2\n|move|p1a: Toxapex|Scald|p2a: Scizor\n|-damage|p2a: Scizor|71\/100 brn\n|\n|-damage|p2a: Scizor|65\/100 brn|[from] brn\n|upkeep\n|turn|46\n|\n|t:|1700159481\n|move|p2a: Scizor|Swords Dance|p2a: Scizor\n|-boost|p2a: Scizor|atk|2\n|move|p1a: Toxapex|Scald|p2a: Scizor\n|-damage|p2a: Scizor|48\/100 brn\n|\n|-damage|p2a: Scizor|42\/100 brn|[from] brn\n|upkeep\n|turn|47\n|\n|t:|1700159484\n|switch|p1a: Clodsire|Clodsire, M, tera:Dark|83\/100\n|-damage|p1a: Clodsire|70\/100|[from] Stealth Rock\n|move|p2a: Scizor|Roost|p2a: Scizor\n|-heal|p2a: Scizor|92\/100 brn\n|-singleturn|p2a: Scizor|move: Roost\n|\n|-damage|p2a: Scizor|86\/100 brn|[from] brn\n|upkeep\n|turn|48\n|\n|t:|1700159488\n|move|p2a: Scizor|Close Combat|p1a: Clodsire\n|-supereffective|p1a: Clodsire\n|-damage|p1a: Clodsire|31\/100\n|-unboost|p2a: Scizor|def|1\n|-unboost|p2a: Scizor|spd|1\n|move|p1a: Clodsire|Recover|p1a: Clodsire\n|-heal|p1a: Clodsire|81\/100\n|\n|-damage|p2a: Scizor|80\/100 brn|[from] brn\n|upkeep\n|turn|49\n|\n|t:|1700159493\n|switch|p1a: Toxapex|Toxapex, F|100\/100\n|-damage|p1a: Toxapex|88\/100|[from] Stealth Rock\n|move|p2a: Scizor|Close Combat|p1a: Toxapex\n|-resisted|p1a: Toxapex\n|-damage|p1a: Toxapex|58\/100\n|-unboost|p2a: Scizor|def|1\n|-unboost|p2a: Scizor|spd|1\n|-damage|p2a: Scizor|63\/100 brn|[from] item: Rocky Helmet|[of] p1a: Toxapex\n|\n|-damage|p2a: Scizor|57\/100 brn|[from] brn\n|upkeep\n|turn|50\n|\n|t:|1700159500\n|move|p2a: Scizor|Roost|p2a: Scizor\n|-heal|p2a: Scizor|100\/100 brn\n|-singleturn|p2a: Scizor|move: Roost\n|move|p1a: Toxapex|Haze|p1a: Toxapex\n|-clearallboost\n|\n|-damage|p2a: Scizor|94\/100 brn|[from] brn\n|upkeep\n|turn|51\n|\n|t:|1700159504\n|move|p2a: Scizor|Swords Dance|p2a: Scizor\n|-boost|p2a: Scizor|atk|2\n|move|p1a: Toxapex|Recover|p1a: Toxapex\n|-heal|p1a: Toxapex|100\/100\n|\n|-damage|p2a: Scizor|88\/100 brn|[from] brn\n|upkeep\n|turn|52\n|\n|t:|1700159509\n|move|p2a: Scizor|Swords Dance|p2a: Scizor\n|-boost|p2a: Scizor|atk|2\n|move|p1a: Toxapex|Scald|p2a: Scizor\n|-damage|p2a: Scizor|73\/100 brn\n|\n|-damage|p2a: Scizor|66\/100 brn|[from] brn\n|upkeep\n|turn|53\n|\n|t:|1700159511\n|move|p2a: Scizor|Swords Dance|p2a: Scizor\n|-boost|p2a: Scizor|atk|2\n|move|p1a: Toxapex|Scald|p2a: Scizor\n|-damage|p2a: Scizor|51\/100 brn\n|\n|-damage|p2a: Scizor|45\/100 brn|[from] brn\n|upkeep\n|turn|54\n|\n|t:|1700159517\n|move|p2a: Scizor|Roost|p2a: Scizor\n|-heal|p2a: Scizor|95\/100 brn\n|-singleturn|p2a: Scizor|move: Roost\n|move|p1a: Toxapex|Haze|p1a: Toxapex\n|-clearallboost\n|\n|-damage|p2a: Scizor|89\/100 brn|[from] brn\n|upkeep\n|turn|55\n|\n|t:|1700159522\n|move|p2a: Scizor|Swords Dance|p2a: Scizor\n|-boost|p2a: Scizor|atk|2\n|move|p1a: Toxapex|Scald|p2a: Scizor\n|-damage|p2a: Scizor|71\/100 brn\n|\n|-damage|p2a: Scizor|65\/100 brn|[from] brn\n|upkeep\n|turn|56\n|c|\u2606Glass101|Welp\n|\n|t:|1700159527\n|move|p2a: Scizor|Swords Dance|p2a: Scizor\n|-boost|p2a: Scizor|atk|2\n|move|p1a: Toxapex|Scald|p2a: Scizor\n|-damage|p2a: Scizor|49\/100 brn\n|\n|-damage|p2a: Scizor|43\/100 brn|[from] brn\n|upkeep\n|turn|57\n|\n|t:|1700159530\n|move|p2a: Scizor|Roost|p2a: Scizor\n|-heal|p2a: Scizor|93\/100 brn\n|-singleturn|p2a: Scizor|move: Roost\n|move|p1a: Toxapex|Haze|p1a: Toxapex\n|-clearallboost\n|\n|-damage|p2a: Scizor|87\/100 brn|[from] brn\n|upkeep\n|turn|58\n|\n|t:|1700159532\n|move|p2a: Scizor|Close Combat|p1a: Toxapex\n|-resisted|p1a: Toxapex\n|-damage|p1a: Toxapex|91\/100\n|-unboost|p2a: Scizor|def|1\n|-unboost|p2a: Scizor|spd|1\n|-damage|p2a: Scizor|70\/100 brn|[from] item: Rocky Helmet|[of] p1a: Toxapex\n|move|p1a: Toxapex|Scald|p2a: Scizor\n|-damage|p2a: Scizor|47\/100 brn\n|\n|-damage|p2a: Scizor|41\/100 brn|[from] brn\n|upkeep\n|turn|59\n|\n|t:|1700159537\n|move|p2a: Scizor|Swords Dance|p2a: Scizor\n|-boost|p2a: Scizor|atk|2\n|move|p1a: Toxapex|Scald|p2a: Scizor\n|-damage|p2a: Scizor|15\/100 brn\n|\n|-damage|p2a: Scizor|9\/100 brn|[from] brn\n|upkeep\n|turn|60\n|c|\u2606Glass101|And thats game\n|\n|t:|1700159541\n|move|p2a: Scizor|Roost|p2a: Scizor\n|-heal|p2a: Scizor|59\/100 brn\n|-singleturn|p2a: Scizor|move: Roost\n|move|p1a: Toxapex|Scald|p2a: Scizor\n|-damage|p2a: Scizor|33\/100 brn\n|\n|-damage|p2a: Scizor|27\/100 brn|[from] brn\n|upkeep\n|turn|61\n|\n|t:|1700159545\n|move|p2a: Scizor|Close Combat|p1a: Toxapex\n|-resisted|p1a: Toxapex\n|-damage|p1a: Toxapex|71\/100\n|-unboost|p2a: Scizor|def|1\n|-unboost|p2a: Scizor|spd|1\n|-damage|p2a: Scizor|10\/100 brn|[from] item: Rocky Helmet|[of] p1a: Toxapex\n|move|p1a: Toxapex|Scald|p2a: Scizor\n|-damage|p2a: Scizor|0 fnt\n|faint|p2a: Scizor\n|\n|upkeep\n|\n|t:|1700159548\n|switch|p2a: Tapu Lele|Tapu Lele|4\/100 brn\n|-fieldstart|move: Psychic Terrain|[from] ability: Psychic Surge|[of] p2a: Tapu Lele\n|turn|62\n|c|\u2606Glass101|gg :\/\n|\n|t:|1700159553\n|move|p2a: Tapu Lele|Psychic|p1a: Toxapex\n|-supereffective|p1a: Toxapex\n|-damage|p1a: Toxapex|0 fnt\n|faint|p1a: Toxapex\n|\n|-damage|p2a: Tapu Lele|0 fnt|[from] brn\n|faint|p2a: Tapu Lele\n|\n|win|Glass101\n|upkeep\n|raw|Glass101's rating: 1564 &rarr; <strong>1580<\/strong><br \/>(+16 for winning)\n|raw|CigarSmokerForever's rating: 1497 &rarr; <strong>1481<\/strong><br \/>(-16 for losing)\n|c|\u2606CigarSmokerForever|gg\n|l|\u2606CigarSmokerForever\n","uploadtime":1700159563,"views":10,"p1id":"glass101","p2id":"cigarsmokerforever","formatid":"gen9nationaldex","rating":1481,"private":0,"password":""}