{"id":"gen9nationaldex-1988956389","p1":"baigu2","p2":"tensaiindustries","format":"[Gen 9] National Dex","log":"|j|\u2606baigu2\n|j|\u2606tensaiindustries\n|t:|1699794253\n|gametype|singles\n|player|p1|baigu2|dawn|1794\n|player|p2|tensaiindustries|lance|1689\n|teamsize|p1|6\n|teamsize|p2|6\n|gen|9\n|tier|[Gen 9] National Dex\n|rated|\n|rule|HP Percentage Mod: HP is shown in percentages\n|rule|Endless Battle Clause: Forcing endless battles is banned\n|rule|OHKO Clause: OHKO moves are banned\n|rule|Evasion Clause: Evasion abilities, items, and moves are banned\n|rule|Evasion Abilities Clause: Evasion abilities are banned\n|rule|Evasion Items Clause: Evasion items are banned\n|rule|Evasion Moves Clause: Evasion moves are banned\n|rule|Species Clause: Limit one of each Pok\u00e9mon\n|rule|Sleep Clause Mod: Limit one foe put to sleep\n|clearpoke\n|poke|p1|Ursaluna, F|\n|poke|p1|Dragonite, M|\n|poke|p1|Slowking, F|\n|poke|p1|Tapu Koko|\n|poke|p1|Hoopa-Unbound|\n|poke|p1|Great Tusk|\n|poke|p2|Dragonite, M|\n|poke|p2|Yanmega, F|\n|poke|p2|Cresselia, F|\n|poke|p2|Ceruledge, M|\n|poke|p2|Aerodactyl, M|\n|poke|p2|Garchomp, F|\n|teampreview\n|j| Red Ribbon Leader\n|inactive|Battle timer is ON: inactive players will automatically lose when time's up. (requested by tensaiindustries)\n|\n|t:|1699794292\n|start\n|switch|p1a: Great Tusk|Great Tusk|100\/100\n|switch|p2a: Ceruledge|Ceruledge, M|100\/100\n|turn|1\n|\n|t:|1699794304\n|move|p2a: Ceruledge|Swords Dance|p2a: Ceruledge\n|-boost|p2a: Ceruledge|atk|2\n|move|p1a: Great Tusk|Ice Spinner|p2a: Ceruledge\n|-resisted|p2a: Ceruledge\n|-damage|p2a: Ceruledge|80\/100\n|-ability|p2a: Ceruledge|Weak Armor|boost\n|-unboost|p2a: Ceruledge|def|1\n|-boost|p2a: Ceruledge|spe|2\n|\n|upkeep\n|turn|2\n|\n|t:|1699794310\n|move|p2a: Ceruledge|Bitter Blade|p1a: Great Tusk\n|-damage|p1a: Great Tusk|44\/100\n|-heal|p2a: Ceruledge|100\/100|[from] drain|[of] p1a: Great Tusk\n|move|p1a: Great Tusk|Headlong Rush|p2a: Ceruledge\n|-supereffective|p2a: Ceruledge\n|-enditem|p2a: Ceruledge|Focus Sash\n|-damage|p2a: Ceruledge|1\/100\n|-unboost|p1a: Great Tusk|def|1\n|-unboost|p1a: Great Tusk|spd|1\n|-ability|p2a: Ceruledge|Weak Armor|boost\n|-unboost|p2a: Ceruledge|def|1\n|-boost|p2a: Ceruledge|spe|2\n|\n|upkeep\n|turn|3\n|l| Red Ribbon Leader\n|\n|t:|1699794325\n|move|p2a: Ceruledge|Bitter Blade|p1a: Great Tusk\n|-damage|p1a: Great Tusk|0 fnt\n|-heal|p2a: Ceruledge|33\/100|[from] drain|[of] p1a: Great Tusk\n|faint|p1a: Great Tusk\n|-end|p1a: Great Tusk|Protosynthesis|[silent]\n|\n|upkeep\n|\n|t:|1699794327\n|switch|p1a: Dragonite|Dragonite, M|100\/100\n|turn|4\n|\n|t:|1699794333\n|move|p2a: Ceruledge|Poltergeist|p1a: Dragonite\n|-activate|p1a: Dragonite|move: Poltergeist|Choice Band\n|-damage|p1a: Dragonite|48\/100\n|move|p1a: Dragonite|Dual Wingbeat|p2a: Ceruledge\n|-damage|p2a: Ceruledge|0 fnt\n|faint|p2a: Ceruledge\n|-hitcount|p2: Ceruledge|1\n|\n|upkeep\n|\n|t:|1699794345\n|switch|p2a: Dragonite|Dragonite, M|100\/100\n|turn|5\n|\n|t:|1699794355\n|move|p2a: Dragonite|Curse|p2a: Dragonite\n|-unboost|p2a: Dragonite|spe|1\n|-boost|p2a: Dragonite|atk|1\n|-boost|p2a: Dragonite|def|1\n|move|p1a: Dragonite|Dual Wingbeat|p2a: Dragonite\n|-damage|p2a: Dragonite|90\/100\n|-damage|p2a: Dragonite|68\/100\n|-hitcount|p2a: Dragonite|2\n|\n|-heal|p2a: Dragonite|74\/100|[from] item: Leftovers\n|upkeep\n|turn|6\n|\n|t:|1699794372\n|switch|p1a: Ursaluna|Ursaluna, F|100\/100\n|move|p2a: Dragonite|Roost|p2a: Dragonite\n|-heal|p2a: Dragonite|100\/100\n|-singleturn|p2a: Dragonite|move: Roost\n|\n|-status|p1a: Ursaluna|brn|[from] item: Flame Orb\n|upkeep\n|turn|7\n|\n|t:|1699794376\n|-terastallize|p1a: Ursaluna|Normal\n|move|p1a: Ursaluna|Facade|p2a: Dragonite\n|-damage|p2a: Dragonite|48\/100\n|move|p2a: Dragonite|Curse|p2a: Dragonite\n|-unboost|p2a: Dragonite|spe|1\n|-boost|p2a: Dragonite|atk|1\n|-boost|p2a: Dragonite|def|1\n|\n|-heal|p2a: Dragonite|54\/100|[from] item: Leftovers\n|-damage|p1a: Ursaluna|94\/100 brn|[from] brn\n|upkeep\n|turn|8\n|\n|t:|1699794387\n|move|p2a: Dragonite|Extreme Speed|p1a: Ursaluna\n|-damage|p1a: Ursaluna|54\/100 brn\n|move|p1a: Ursaluna|Facade|p2a: Dragonite\n|-damage|p2a: Dragonite|0 fnt\n|faint|p2a: Dragonite\n|\n|-damage|p1a: Ursaluna|47\/100 brn|[from] brn\n|upkeep\n|\n|t:|1699794394\n|switch|p2a: Yanmega|Yanmega, F|100\/100\n|turn|9\n|\n|t:|1699794397\n|switch|p1a: Slowking|Slowking, F|100\/100\n|move|p2a: Yanmega|Bug Buzz|p1a: Slowking\n|-supereffective|p1a: Slowking\n|-damage|p1a: Slowking|25\/100\n|-damage|p2a: Yanmega|91\/100|[from] item: Life Orb\n|\n|-ability|p2a: Yanmega|Speed Boost|boost\n|-boost|p2a: Yanmega|spe|1\n|upkeep\n|turn|10\n|\n|t:|1699794403\n|switch|p1a: Tapu Koko|Tapu Koko|100\/100\n|-fieldstart|move: Electric Terrain|[from] ability: Electric Surge|[of] p1a: Tapu Koko\n|move|p2a: Yanmega|Bug Buzz|p1a: Tapu Koko\n|-resisted|p1a: Tapu Koko\n|-damage|p1a: Tapu Koko|55\/100\n|-damage|p2a: Yanmega|81\/100|[from] item: Life Orb\n|\n|-ability|p2a: Yanmega|Speed Boost|boost\n|-boost|p2a: Yanmega|spe|1\n|upkeep\n|turn|11\n|\n|t:|1699794415\n|move|p2a: Yanmega|Protect|p2a: Yanmega\n|-singleturn|p2a: Yanmega|Protect\n|move|p1a: Tapu Koko|Dazzling Gleam|p2a: Yanmega\n|-activate|p2a: Yanmega|move: Protect\n|\n|-ability|p2a: Yanmega|Speed Boost|boost\n|-boost|p2a: Yanmega|spe|1\n|upkeep\n|turn|12\n|\n|t:|1699794425\n|move|p2a: Yanmega|Bug Buzz|p1a: Tapu Koko\n|-resisted|p1a: Tapu Koko\n|-damage|p1a: Tapu Koko|10\/100\n|-damage|p2a: Yanmega|71\/100|[from] item: Life Orb\n|move|p1a: Tapu Koko|Dazzling Gleam|p2a: Yanmega\n|-damage|p2a: Yanmega|0 fnt\n|faint|p2a: Yanmega\n|\n|upkeep\n|\n|t:|1699794436\n|switch|p2a: Aerodactyl|Aerodactyl, M|100\/100\n|turn|13\n|\n|t:|1699794448\n|detailschange|p2a: Aerodactyl|Aerodactyl-Mega, M\n|-mega|p2a: Aerodactyl|Aerodactyl|Aerodactylite\n|move|p2a: Aerodactyl|Dragon Dance|p2a: Aerodactyl\n|-boost|p2a: Aerodactyl|atk|1\n|-boost|p2a: Aerodactyl|spe|1\n|move|p1a: Tapu Koko|Dazzling Gleam|p2a: Aerodactyl\n|-crit|p2a: Aerodactyl\n|-damage|p2a: Aerodactyl|17\/100\n|\n|upkeep\n|turn|14\n|\n|t:|1699794471\n|switch|p1a: Hoopa|Hoopa-Unbound|100\/100\n|move|p2a: Aerodactyl|Fire Fang|p1a: Hoopa\n|-damage|p1a: Hoopa|6\/100\n|\n|-fieldend|move: Electric Terrain\n|upkeep\n|turn|15\n|\n|t:|1699794477\n|move|p2a: Aerodactyl|Fire Fang|p1a: Hoopa\n|-damage|p1a: Hoopa|0 fnt\n|faint|p1a: Hoopa\n|\n|upkeep\n|\n|t:|1699794479\n|switch|p1a: Dragonite|Dragonite, M|48\/100\n|turn|16\n|\n|t:|1699794485\n|switch|p2a: Garchomp|Garchomp, F|100\/100\n|move|p1a: Dragonite|Extreme Speed|p2a: Garchomp\n|-damage|p2a: Garchomp|53\/100\n|-damage|p1a: Dragonite|36\/100|[from] ability: Rough Skin|[of] p2a: Garchomp\n|\n|upkeep\n|turn|17\n|\n|t:|1699794498\n|switch|p1a: Slowking|Slowking, F|59\/100\n|move|p2a: Garchomp|Iron Head|p1a: Slowking\n|-resisted|p1a: Slowking\n|-damage|p1a: Slowking|36\/100\n|\n|upkeep\n|turn|18\n|\n|t:|1699794509\n|switch|p2a: Cresselia|Cresselia, F|100\/100\n|move|p1a: Slowking|Slack Off|p1a: Slowking\n|-heal|p1a: Slowking|86\/100\n|\n|upkeep\n|turn|19\n|\n|t:|1699794515\n|move|p2a: Cresselia|Calm Mind|p2a: Cresselia\n|-boost|p2a: Cresselia|spa|1\n|-boost|p2a: Cresselia|spd|1\n|move|p1a: Slowking|Trick Room|p1a: Slowking\n|-fieldstart|move: Trick Room|[of] p1a: Slowking\n|\n|upkeep\n|turn|20\n|\n|t:|1699794521\n|move|p2a: Cresselia|Moonblast|p1a: Slowking\n|-damage|p1a: Slowking|62\/100\n|move|p1a: Slowking|Teleport|p1a: Slowking\n|\n|t:|1699794523\n|switch|p1a: Ursaluna|Ursaluna, F, tera:Normal|47\/100 brn|[from] Teleport\n|\n|-damage|p1a: Ursaluna|41\/100 brn|[from] brn\n|upkeep\n|turn|21\n|\n|t:|1699794539\n|move|p1a: Ursaluna|Facade|p2a: Cresselia\n|-damage|p2a: Cresselia|0 fnt\n|faint|p2a: Cresselia\n|\n|-damage|p1a: Ursaluna|35\/100 brn|[from] brn\n|upkeep\n|\n|t:|1699794542\n|switch|p2a: Garchomp|Garchomp, F|53\/100\n|turn|22\n|\n|t:|1699794548\n|move|p1a: Ursaluna|Facade|p2a: Garchomp\n|-damage|p2a: Garchomp|0 fnt\n|-damage|p1a: Ursaluna|22\/100 brn|[from] ability: Rough Skin|[of] p2a: Garchomp\n|faint|p2a: Garchomp\n|\n|-damage|p1a: Ursaluna|16\/100 brn|[from] brn\n|upkeep\n|c|\u2606tensaiindustries|1-1\n|\n|t:|1699794558\n|switch|p2a: Aerodactyl|Aerodactyl-Mega, M|17\/100\n|turn|23\n|\n|t:|1699794561\n|move|p1a: Ursaluna|Facade|p2a: Aerodactyl\n|-resisted|p2a: Aerodactyl\n|-damage|p2a: Aerodactyl|0 fnt\n|faint|p2a: Aerodactyl\n|\n|win|baigu2\n|raw|baigu2's rating: 1794 &rarr; <strong>1808<\/strong><br \/>(+14 for winning)\n|raw|tensaiindustries's rating: 1689 &rarr; <strong>1675<\/strong><br \/>(-14 for losing)\n","uploadtime":1699794566,"views":4,"p1id":"baigu2","p2id":"tensaiindustries","formatid":"gen9nationaldex","rating":1675,"private":0,"password":""}