{"id":"gen9nationaldex-1991862943","p1":"nijika1001","p2":"BlazeDancer6","format":"[Gen 9] National Dex","log":"|j|\u2606nijika1001\n|j|\u2606BlazeDancer6\n|t:|1700130222\n|gametype|singles\n|player|p1|nijika1001|170|1340\n|player|p2|BlazeDancer6|266|1343\n|teamsize|p1|6\n|teamsize|p2|6\n|gen|9\n|tier|[Gen 9] National Dex\n|rated|\n|rule|HP Percentage Mod: HP is shown in percentages\n|rule|Endless Battle Clause: Forcing endless battles is banned\n|rule|OHKO Clause: OHKO moves are banned\n|rule|Evasion Clause: Evasion abilities, items, and moves are banned\n|rule|Evasion Abilities Clause: Evasion abilities are banned\n|rule|Evasion Items Clause: Evasion items are banned\n|rule|Evasion Moves Clause: Evasion moves are banned\n|rule|Species Clause: Limit one of each Pok\u00e9mon\n|rule|Sleep Clause Mod: Limit one foe put to sleep\n|clearpoke\n|poke|p1|Greninja-*, M|\n|poke|p1|Lopunny, M|\n|poke|p1|Serperior, F|\n|poke|p1|Heatran, F|\n|poke|p1|Zapdos|\n|poke|p1|Cloyster, F|\n|poke|p2|Medicham, M|\n|poke|p2|Talonflame, M|\n|poke|p2|Slowking-Galar, F|\n|poke|p2|Ferrothorn, M|\n|poke|p2|Tatsugiri-Stretchy, M|\n|poke|p2|Ribombee, M|\n|teampreview\n|\n|t:|1700130242\n|start\n|switch|p1a: Cloyster|Cloyster, F|100\/100\n|switch|p2a: Tatsugiri|Tatsugiri-Stretchy, M, shiny|100\/100\n|turn|1\n|\n|t:|1700130251\n|move|p2a: Tatsugiri|Draco Meteor|p1a: Cloyster\n|-enditem|p1a: Cloyster|Focus Sash\n|-damage|p1a: Cloyster|1\/100\n|-unboost|p2a: Tatsugiri|spa|2\n|move|p1a: Cloyster|Shell Smash|p1a: Cloyster\n|-unboost|p1a: Cloyster|def|1\n|-unboost|p1a: Cloyster|spd|1\n|-boost|p1a: Cloyster|atk|2\n|-boost|p1a: Cloyster|spa|2\n|-boost|p1a: Cloyster|spe|2\n|\n|upkeep\n|turn|2\n|\n|t:|1700130274\n|move|p1a: Cloyster|Icicle Spear|p2a: Tatsugiri\n|-damage|p2a: Tatsugiri|55\/100\n|-damage|p2a: Tatsugiri|15\/100\n|-damage|p2a: Tatsugiri|0 fnt\n|faint|p2a: Tatsugiri\n|-hitcount|p2: Tatsugiri|3\n|\n|upkeep\n|\n|t:|1700130283\n|switch|p2a: Talonflame|Talonflame, M|100\/100\n|turn|3\n|\n|t:|1700130288\n|move|p1a: Cloyster|Ice Shard|p2a: Talonflame\n|-damage|p2a: Talonflame|42\/100\n|-enditem|p2a: Talonflame|Eject Button\n|\n|t:|1700130295\n|switch|p2a: Medicham|Medicham, M|100\/100\n|\n|upkeep\n|turn|4\n|\n|t:|1700130301\n|detailschange|p2a: Medicham|Medicham-Mega, M\n|-mega|p2a: Medicham|Medicham|Medichamite\n|move|p1a: Cloyster|Ice Shard|p2a: Medicham\n|-damage|p2a: Medicham|42\/100\n|move|p2a: Medicham|Bullet Punch|p1a: Cloyster\n|-damage|p1a: Cloyster|0 fnt\n|faint|p1a: Cloyster\n|\n|upkeep\n|\n|t:|1700130311\n|switch|p1a: Greninja|Greninja, M|100\/100\n|turn|5\n|\n|t:|1700130321\n|switch|p2a: Slowking|Slowking-Galar, F|100\/100\n|move|p1a: Greninja|Hydro Pump|p2a: Slowking\n|-damage|p2a: Slowking|60\/100\n|\n|-heal|p2a: Slowking|66\/100|[from] item: Black Sludge\n|upkeep\n|turn|6\n|\n|t:|1700130340\n|switch|p1a: Zapdos|Zapdos|100\/100\n|switch|p2a: Ribombee|Ribombee, M|100\/100\n|\n|upkeep\n|turn|7\n|\n|t:|1700130349\n|move|p2a: Ribombee|Moonblast|p1a: Zapdos\n|-damage|p1a: Zapdos|68\/100\n|-unboost|p1a: Zapdos|spa|1\n|move|p1a: Zapdos|Hurricane|p2a: Ribombee\n|-supereffective|p2a: Ribombee\n|-enditem|p2a: Ribombee|Focus Sash\n|-damage|p2a: Ribombee|1\/100\n|\n|upkeep\n|turn|8\n|\n|t:|1700130358\n|move|p2a: Ribombee|Sticky Web|p1a: Zapdos\n|-sidestart|p1: nijika1001|move: Sticky Web\n|move|p1a: Zapdos|Volt Switch|p2a: Ribombee\n|-damage|p2a: Ribombee|0 fnt\n|faint|p2a: Ribombee\n|\n|t:|1700130363\n|switch|p1a: Serperior|Serperior, F|100\/100|[from] Volt Switch\n|-activate|p1a: Serperior|move: Sticky Web\n|-boost|p1a: Serperior|spe|1\n|\n|upkeep\n|\n|t:|1700130370\n|switch|p2a: Slowking|Slowking-Galar, F|99\/100\n|turn|9\n|\n|t:|1700130377\n|move|p1a: Serperior|Leaf Storm|p2a: Slowking\n|-resisted|p2a: Slowking\n|-damage|p2a: Slowking|80\/100\n|-boost|p1a: Serperior|spa|2\n|-damage|p1a: Serperior|91\/100|[from] item: Life Orb\n|move|p2a: Slowking|Sludge Bomb|p1a: Serperior\n|-supereffective|p1a: Serperior\n|-damage|p1a: Serperior|1\/100\n|\n|-heal|p2a: Slowking|86\/100|[from] item: Black Sludge\n|upkeep\n|turn|10\n|\n|t:|1700130389\n|move|p1a: Serperior|Dragon Pulse|p2a: Slowking\n|-damage|p2a: Slowking|52\/100\n|-damage|p1a: Serperior|0 fnt|[from] item: Life Orb\n|faint|p1a: Serperior\n|move|p2a: Slowking|Psychic|p1: Serperior|[notarget]\n|-fail|p2a: Slowking\n|\n|-heal|p2a: Slowking|58\/100|[from] item: Black Sludge\n|upkeep\n|\n|t:|1700130394\n|switch|p1a: Zapdos|Zapdos|68\/100\n|turn|11\n|\n|t:|1700130405\n|switch|p2a: Ferrothorn|Ferrothorn, M|100\/100\n|move|p1a: Zapdos|Defog|p2a: Ferrothorn\n|-unboost|p2a: Ferrothorn|evasion|1\n|-sideend|p1: nijika1001|Sticky Web|[from] move: Defog|[of] p1a: Zapdos\n|\n|upkeep\n|turn|12\n|\n|t:|1700130413\n|switch|p2a: Slowking|Slowking-Galar, F|91\/100\n|move|p1a: Zapdos|Volt Switch|p2a: Slowking\n|-damage|p2a: Slowking|73\/100\n|\n|t:|1700130418\n|switch|p1a: Heatran|Heatran, F|100\/100|[from] Volt Switch\n|\n|-heal|p2a: Slowking|79\/100|[from] item: Black Sludge\n|upkeep\n|turn|13\n|\n|t:|1700130433\n|switch|p2a: Talonflame|Talonflame, M|42\/100\n|move|p1a: Heatran|Heat Wave|p2a: Talonflame\n|-resisted|p2a: Talonflame\n|-damage|p2a: Talonflame|2\/100\n|\n|upkeep\n|turn|14\n|\n|t:|1700130443\n|move|p1a: Heatran|Protect|p1a: Heatran\n|-singleturn|p1a: Heatran|Protect\n|move|p2a: Talonflame|Tailwind|p2a: Talonflame\n|-sidestart|p2: BlazeDancer6|move: Tailwind\n|\n|upkeep\n|turn|15\n|\n|t:|1700130453\n|move|p2a: Talonflame|U-turn|p1a: Heatran\n|-resisted|p1a: Heatran\n|-damage|p1a: Heatran|97\/100\n|\n|t:|1700130456\n|switch|p2a: Slowking|Slowking-Galar, F|100\/100|[from] U-turn\n|move|p1a: Heatran|Heat Wave|p2a: Slowking\n|-damage|p2a: Slowking|71\/100\n|\n|-heal|p1a: Heatran|100\/100|[from] item: Leftovers\n|-heal|p2a: Slowking|77\/100|[from] item: Black Sludge\n|upkeep\n|turn|16\n|\n|t:|1700130471\n|switch|p2a: Medicham|Medicham-Mega, M|42\/100\n|move|p1a: Heatran|Earth Power|p2a: Medicham\n|-damage|p2a: Medicham|0 fnt\n|faint|p2a: Medicham\n|\n|upkeep\n|\n|t:|1700130482\n|switch|p2a: Ferrothorn|Ferrothorn, M|100\/100\n|turn|17\n|\n|t:|1700130493\n|-terastallize|p2a: Ferrothorn|Water\n|move|p1a: Heatran|Toxic|p2a: Ferrothorn\n|-status|p2a: Ferrothorn|tox\n|move|p2a: Ferrothorn|Leech Seed|p1a: Heatran\n|-start|p1a: Heatran|move: Leech Seed\n|\n|-damage|p1a: Heatran|88\/100|[from] Leech Seed|[of] p2a: Ferrothorn\n|-damage|p2a: Ferrothorn|95\/100 tox|[from] psn\n|-sideend|p2: BlazeDancer6|move: Tailwind\n|upkeep\n|turn|18\n|\n|t:|1700130515\n|switch|p1a: Zapdos|Zapdos|68\/100\n|switch|p2a: Slowking|Slowking-Galar, F|100\/100\n|\n|upkeep\n|turn|19\n|\n|t:|1700130522\n|move|p1a: Zapdos|Volt Switch|p2a: Slowking\n|-damage|p2a: Slowking|82\/100\n|\n|t:|1700130527\n|switch|p1a: Lopunny|Lopunny, M|100\/100|[from] Volt Switch\n|move|p2a: Slowking|Toxic|p1a: Lopunny\n|-status|p1a: Lopunny|tox\n|\n|-heal|p2a: Slowking|88\/100|[from] item: Black Sludge\n|-damage|p1a: Lopunny|95\/100 tox|[from] psn\n|upkeep\n|turn|20\n|\n|t:|1700130541\n|detailschange|p1a: Lopunny|Lopunny-Mega, M\n|-mega|p1a: Lopunny|Lopunny|Lopunnite\n|move|p1a: Lopunny|Fake Out|p2a: Slowking\n|-damage|p2a: Slowking|66\/100\n|cant|p2a: Slowking|flinch\n|\n|-heal|p2a: Slowking|72\/100|[from] item: Black Sludge\n|-damage|p1a: Lopunny|83\/100 tox|[from] psn\n|upkeep\n|turn|21\n|\n|t:|1700130554\n|switch|p2a: Ferrothorn|Ferrothorn, M, tera:Water|95\/100 tox\n|move|p1a: Lopunny|Return|p2a: Ferrothorn\n|-damage|p2a: Ferrothorn|63\/100 tox\n|-damage|p1a: Lopunny|71\/100 tox|[from] ability: Iron Barbs|[of] p2a: Ferrothorn\n|-damage|p1a: Lopunny|54\/100 tox|[from] item: Rocky Helmet|[of] p2a: Ferrothorn\n|\n|-damage|p1a: Lopunny|36\/100 tox|[from] psn\n|-damage|p2a: Ferrothorn|57\/100 tox|[from] psn\n|upkeep\n|turn|22\n|\n|t:|1700130566\n|switch|p1a: Zapdos|Zapdos|68\/100\n|switch|p2a: Talonflame|Talonflame, M|2\/100\n|\n|upkeep\n|turn|23\n|\n|t:|1700130574\n|move|p2a: Talonflame|Flare Blitz|p1a: Zapdos\n|-damage|p1a: Zapdos|25\/100\n|-damage|p2a: Talonflame|0 fnt|[from] Recoil\n|faint|p2a: Talonflame\n|move|p1a: Zapdos|Volt Switch|p2: Talonflame|[notarget]\n|-fail|p1a: Zapdos\n|\n|upkeep\n|\n|t:|1700130584\n|switch|p2a: Slowking|Slowking-Galar, F|100\/100\n|turn|24\n|\n|t:|1700130590\n|move|p1a: Zapdos|Hurricane|p2a: Slowking\n|-damage|p2a: Slowking|71\/100\n|move|p2a: Slowking|Psychic|p1a: Zapdos\n|-damage|p1a: Zapdos|0 fnt\n|faint|p1a: Zapdos\n|\n|-heal|p2a: Slowking|77\/100|[from] item: Black Sludge\n|upkeep\n|\n|t:|1700130595\n|switch|p1a: Heatran|Heatran, F|88\/100\n|turn|25\n|\n|t:|1700130605\n|move|p1a: Heatran|Earth Power|p2a: Slowking\n|-supereffective|p2a: Slowking\n|-damage|p2a: Slowking|41\/100\n|-unboost|p2a: Slowking|spd|1\n|move|p2a: Slowking|Slack Off|p2a: Slowking\n|-heal|p2a: Slowking|91\/100\n|\n|-heal|p1a: Heatran|94\/100|[from] item: Leftovers\n|-heal|p2a: Slowking|97\/100|[from] item: Black Sludge\n|upkeep\n|turn|26\n|\n|t:|1700130618\n|switch|p2a: Ferrothorn|Ferrothorn, M, tera:Water|57\/100 tox\n|move|p1a: Heatran|Earth Power|p2a: Ferrothorn\n|-damage|p2a: Ferrothorn|31\/100 tox\n|\n|-heal|p1a: Heatran|100\/100|[from] item: Leftovers\n|-damage|p2a: Ferrothorn|25\/100 tox|[from] psn\n|upkeep\n|turn|27\n|\n|t:|1700130633\n|move|p1a: Heatran|Earth Power|p2a: Ferrothorn\n|-damage|p2a: Ferrothorn|0 fnt\n|faint|p2a: Ferrothorn\n|\n|upkeep\n|-message|BlazeDancer6 forfeited.\n|\n|win|nijika1001\n|raw|nijika1001's rating: 1340 &rarr; <strong>1360<\/strong><br \/>(+20 for winning)\n|raw|BlazeDancer6's rating: 1343 &rarr; <strong>1323<\/strong><br \/>(-20 for losing)\n|l|\u2606BlazeDancer6\n","uploadtime":1700130642,"views":4,"p1id":"nijika1001","p2id":"blazedancer6","formatid":"gen9nationaldex","rating":1323,"private":0,"password":""}