{"id":"gen9nationaldex-1990844542","p1":"Cornepum","p2":"DerpyVaporeon","format":"[Gen 9] National Dex","log":"|j|\u2606Cornepum\n|j|\u2606DerpyVaporeon\n|t:|1700006798\n|gametype|singles\n|player|p1|Cornepum|1|1131\n|player|p2|DerpyVaporeon|misty|1135\n|teamsize|p1|6\n|teamsize|p2|6\n|gen|9\n|tier|[Gen 9] National Dex\n|rated|\n|rule|HP Percentage Mod: HP is shown in percentages\n|rule|Endless Battle Clause: Forcing endless battles is banned\n|rule|OHKO Clause: OHKO moves are banned\n|rule|Evasion Clause: Evasion abilities, items, and moves are banned\n|rule|Evasion Abilities Clause: Evasion abilities are banned\n|rule|Evasion Items Clause: Evasion items are banned\n|rule|Evasion Moves Clause: Evasion moves are banned\n|rule|Species Clause: Limit one of each Pok\u00e9mon\n|rule|Sleep Clause Mod: Limit one foe put to sleep\n|clearpoke\n|poke|p1|Beedrill, F|\n|poke|p1|Tapu Lele|\n|poke|p1|Tornadus-Therian, M|\n|poke|p1|Ludicolo, F|\n|poke|p1|Basculegion, M|\n|poke|p1|Goodra-Hisui, M|\n|poke|p2|Infernape, M|\n|poke|p2|Manectric, F|\n|poke|p2|Garchomp, F|\n|poke|p2|Mandibuzz, F|\n|poke|p2|Milotic, F|\n|poke|p2|Aegislash, M|\n|teampreview\n|inactive|Battle timer is ON: inactive players will automatically lose when time's up. (requested by DerpyVaporeon)\n|\n|t:|1700006804\n|start\n|switch|p1a: Ludicolo|Ludicolo, F|100\/100\n|switch|p2a: Captain Falcon\ud83d\udc4a|Infernape, M, shiny|100\/100\n|turn|1\n|\n|t:|1700006810\n|move|p2a: Captain Falcon\ud83d\udc4a|Fake Out|p1a: Ludicolo\n|-damage|p1a: Ludicolo|71\/100\n|cant|p1a: Ludicolo|flinch\n|\n|-heal|p1a: Ludicolo|77\/100|[from] item: Leftovers\n|upkeep\n|turn|2\n|\n|t:|1700006816\n|switch|p2a: Mavis\u2b50|Milotic, F, shiny|100\/100\n|move|p1a: Ludicolo|Rain Dance|p1a: Ludicolo\n|-weather|RainDance\n|\n|-weather|RainDance|[upkeep]\n|-heal|p1a: Ludicolo|83\/100|[from] item: Leftovers\n|upkeep\n|turn|3\n|\n|t:|1700006821\n|move|p1a: Ludicolo|Giga Drain|p2a: Mavis\u2b50\n|-supereffective|p2a: Mavis\u2b50\n|-damage|p2a: Mavis\u2b50|60\/100\n|-heal|p1a: Ludicolo|100\/100|[from] drain|[of] p2a: Mavis\u2b50\n|move|p2a: Mavis\u2b50|Toxic|p1a: Ludicolo\n|-status|p1a: Ludicolo|tox\n|\n|-weather|RainDance|[upkeep]\n|-heal|p2a: Mavis\u2b50|66\/100|[from] item: Leftovers\n|-damage|p1a: Ludicolo|95\/100 tox|[from] psn\n|upkeep\n|turn|4\n|\n|t:|1700006826\n|switch|p2a: Captain Falcon\ud83d\udc4a|Infernape, M, shiny|100\/100\n|move|p1a: Ludicolo|Giga Drain|p2a: Captain Falcon\ud83d\udc4a\n|-resisted|p2a: Captain Falcon\ud83d\udc4a\n|-damage|p2a: Captain Falcon\ud83d\udc4a|76\/100\n|-heal|p1a: Ludicolo|100\/100 tox|[from] drain|[of] p2a: Captain Falcon\ud83d\udc4a\n|\n|-weather|RainDance|[upkeep]\n|-damage|p1a: Ludicolo|89\/100 tox|[from] psn\n|upkeep\n|turn|5\n|\n|t:|1700006831\n|move|p1a: Ludicolo|Scald|p2a: Captain Falcon\ud83d\udc4a\n|-supereffective|p2a: Captain Falcon\ud83d\udc4a\n|-damage|p2a: Captain Falcon\ud83d\udc4a|0 fnt\n|faint|p2a: Captain Falcon\ud83d\udc4a\n|\n|-weather|RainDance|[upkeep]\n|-heal|p1a: Ludicolo|95\/100 tox|[from] item: Leftovers\n|-damage|p1a: Ludicolo|77\/100 tox|[from] psn\n|upkeep\n|\n|t:|1700006842\n|switch|p2a: F-22 Raptor\u2604\ufe0f|Garchomp, F, shiny|100\/100\n|turn|6\n|\n|t:|1700006849\n|-terastallize|p2a: F-22 Raptor\u2604\ufe0f|Steel\n|move|p1a: Ludicolo|Ice Beam|p2a: F-22 Raptor\u2604\ufe0f\n|-resisted|p2a: F-22 Raptor\u2604\ufe0f\n|-damage|p2a: F-22 Raptor\u2604\ufe0f|86\/100\n|move|p2a: F-22 Raptor\u2604\ufe0f|Swords Dance|p2a: F-22 Raptor\u2604\ufe0f\n|-boost|p2a: F-22 Raptor\u2604\ufe0f|atk|2\n|\n|-weather|none\n|-heal|p1a: Ludicolo|83\/100 tox|[from] item: Leftovers\n|-damage|p1a: Ludicolo|59\/100 tox|[from] psn\n|upkeep\n|turn|7\n|\n|t:|1700006854\n|move|p2a: F-22 Raptor\u2604\ufe0f|Scale Shot|p1a: Ludicolo\n|-damage|p1a: Ludicolo|19\/100 tox\n|-damage|p1a: Ludicolo|0 fnt\n|faint|p1a: Ludicolo\n|-hitcount|p1: Ludicolo|2\n|-unboost|p2a: F-22 Raptor\u2604\ufe0f|def|1\n|-boost|p2a: F-22 Raptor\u2604\ufe0f|spe|1\n|\n|upkeep\n|\n|t:|1700006858\n|switch|p1a: Tapu Lele|Tapu Lele|100\/100\n|-fieldstart|move: Psychic Terrain|[from] ability: Psychic Surge|[of] p1a: Tapu Lele\n|turn|8\n|\n|t:|1700006867\n|-terastallize|p1a: Tapu Lele|Psychic\n|move|p2a: F-22 Raptor\u2604\ufe0f|Iron Head|p1a: Tapu Lele\n|-damage|p1a: Tapu Lele|0 fnt\n|faint|p1a: Tapu Lele\n|\n|upkeep\n|\n|t:|1700006880\n|switch|p1a: Beedrill|Beedrill, F|100\/100\n|turn|9\n|\n|t:|1700006884\n|detailschange|p1a: Beedrill|Beedrill-Mega, F\n|-mega|p1a: Beedrill|Beedrill|Beedrillite\n|move|p2a: F-22 Raptor\u2604\ufe0f|Earthquake|p1a: Beedrill\n|-damage|p1a: Beedrill|0 fnt\n|faint|p1a: Beedrill\n|\n|upkeep\n|\n|t:|1700006887\n|switch|p1a: Tornadus|Tornadus-Therian, M|100\/100\n|turn|10\n|\n|t:|1700006891\n|move|p2a: F-22 Raptor\u2604\ufe0f|Scale Shot|p1a: Tornadus\n|-damage|p1a: Tornadus|62\/100\n|-crit|p1a: Tornadus\n|-damage|p1a: Tornadus|0 fnt\n|faint|p1a: Tornadus\n|-hitcount|p1: Tornadus|2\n|-unboost|p2a: F-22 Raptor\u2604\ufe0f|def|1\n|-boost|p2a: F-22 Raptor\u2604\ufe0f|spe|1\n|\n|upkeep\n|\n|t:|1700006896\n|switch|p1a: Basculegion|Basculegion, M|100\/100\n|turn|11\n|\n|t:|1700006906\n|move|p2a: F-22 Raptor\u2604\ufe0f|Iron Head|p1a: Basculegion\n|-resisted|p1a: Basculegion\n|-damage|p1a: Basculegion|49\/100\n|cant|p1a: Basculegion|flinch\n|\n|upkeep\n|turn|12\n|\n|t:|1700006911\n|move|p2a: F-22 Raptor\u2604\ufe0f|Scale Shot|p1a: Basculegion\n|-damage|p1a: Basculegion|15\/100\n|-damage|p1a: Basculegion|0 fnt\n|faint|p1a: Basculegion\n|-hitcount|p1: Basculegion|2\n|-unboost|p2a: F-22 Raptor\u2604\ufe0f|def|1\n|-boost|p2a: F-22 Raptor\u2604\ufe0f|spe|1\n|\n|-fieldend|move: Psychic Terrain\n|upkeep\n|\n|t:|1700006913\n|switch|p1a: Goodra|Goodra-Hisui, M|100\/100\n|turn|13\n|\n|t:|1700006917\n|move|p2a: F-22 Raptor\u2604\ufe0f|Scale Shot|p1a: Goodra\n|-damage|p1a: Goodra|76\/100\n|-damage|p1a: Goodra|52\/100\n|-damage|p1a: Goodra|28\/100\n|-damage|p1a: Goodra|6\/100\n|-damage|p1a: Goodra|0 fnt\n|faint|p1a: Goodra\n|-hitcount|p1: Goodra|5\n|\n|win|DerpyVaporeon\n|raw|Cornepum's rating: 1131 &rarr; <strong>1106<\/strong><br \/>(-25 for losing)\n|raw|DerpyVaporeon's rating: 1135 &rarr; <strong>1160<\/strong><br \/>(+25 for winning)\n|l|\u2606Cornepum\n|c|\u2606DerpyVaporeon|gg\n","uploadtime":1700006944,"views":10,"p1id":"cornepum","p2id":"derpyvaporeon","formatid":"gen9nationaldex","rating":1106,"private":0,"password":""}