{"id":"gen9nationaldex-1988857621","p1":"A.private","p2":"cyqy06210703","format":"[Gen 9] National Dex","log":"|j|\u2606A.private\n|j|\u2606cyqy06210703\n|t:|1699775101\n|gametype|singles\n|player|p1|A.private|rosa|1097\n|player|p2|cyqy06210703|marnie|1084\n|teamsize|p1|6\n|teamsize|p2|6\n|gen|9\n|tier|[Gen 9] National Dex\n|rated|\n|rule|HP Percentage Mod: HP is shown in percentages\n|rule|Endless Battle Clause: Forcing endless battles is banned\n|rule|OHKO Clause: OHKO moves are banned\n|rule|Evasion Clause: Evasion abilities, items, and moves are banned\n|rule|Evasion Abilities Clause: Evasion abilities are banned\n|rule|Evasion Items Clause: Evasion items are banned\n|rule|Evasion Moves Clause: Evasion moves are banned\n|rule|Species Clause: Limit one of each Pok\u00e9mon\n|rule|Sleep Clause Mod: Limit one foe put to sleep\n|clearpoke\n|poke|p1|Lycanroc-Dusk, F|\n|poke|p1|Absol, F|\n|poke|p1|Claydol|\n|poke|p1|Oricorio-Sensu, M|\n|poke|p1|Entei|\n|poke|p1|Azumarill, M|\n|poke|p2|Tapu Lele|\n|poke|p2|Grimmsnarl, M|\n|poke|p2|Garchomp, M|\n|poke|p2|Morpeko, F|\n|poke|p2|Scizor, F|\n|poke|p2|Sneasler, M|\n|teampreview\n|inactive|Battle timer is ON: inactive players will automatically lose when time's up. (requested by A.private)\n|\n|t:|1699775117\n|start\n|switch|p1a: Absol|Absol, F|100\/100\n|switch|p2a: Scizor|Scizor, F|100\/100\n|turn|1\n|\n|t:|1699775127\n|detailschange|p1a: Absol|Absol-Mega, F\n|-mega|p1a: Absol|Absol|Absolite\n|detailschange|p2a: Scizor|Scizor-Mega, F\n|-mega|p2a: Scizor|Scizor|Scizorite\n|move|p1a: Absol|Protect|p1a: Absol\n|-singleturn|p1a: Absol|Protect\n|move|p2a: Scizor|U-turn|p1a: Absol\n|-activate|p1a: Absol|move: Protect\n|\n|upkeep\n|turn|2\n|\n|t:|1699775138\n|switch|p1a: Oricorio|Oricorio-Sensu, M|100\/100\n|move|p2a: Scizor|U-turn|p1a: Oricorio\n|-resisted|p1a: Oricorio\n|-damage|p1a: Oricorio|91\/100\n|\n|t:|1699775152\n|switch|p2a: Morpeko|Morpeko, F|100\/100|[from] U-turn\n|\n|-formechange|p2a: Morpeko|Morpeko-Hangry||[from] ability: Hunger Switch\n|upkeep\n|turn|3\n|\n|t:|1699775182\n|switch|p1a: Entei|Entei|100\/100\n|move|p2a: Morpeko|Aura Wheel|p1a: Entei\n|-damage|p1a: Entei|47\/100\n|-boost|p2a: Morpeko|spe|1\n|\n|-formechange|p2a: Morpeko|Morpeko||[from] ability: Hunger Switch\n|upkeep\n|turn|4\n|\n|t:|1699775193\n|move|p1a: Entei|Extreme Speed|p2a: Morpeko\n|-damage|p2a: Morpeko|44\/100\n|move|p2a: Morpeko|Aura Wheel|p1a: Entei\n|-damage|p1a: Entei|0 fnt\n|-boost|p2a: Morpeko|spe|1\n|faint|p1a: Entei\n|\n|-formechange|p2a: Morpeko|Morpeko-Hangry||[from] ability: Hunger Switch\n|upkeep\n|\n|t:|1699775198\n|switch|p1a: Lycanroc|Lycanroc-Dusk, F|100\/100\n|turn|5\n|\n|t:|1699775205\n|move|p2a: Morpeko|Protect|p2a: Morpeko\n|-singleturn|p2a: Morpeko|Protect\n|move|p1a: Lycanroc|Accelerock|p2a: Morpeko\n|-activate|p2a: Morpeko|move: Protect\n|\n|-formechange|p2a: Morpeko|Morpeko||[from] ability: Hunger Switch\n|upkeep\n|turn|6\n|\n|t:|1699775212\n|move|p1a: Lycanroc|Accelerock|p2a: Morpeko\n|-damage|p2a: Morpeko|0 fnt\n|faint|p2a: Morpeko\n|\n|upkeep\n|\n|t:|1699775217\n|switch|p2a: Scizor|Scizor-Mega, F|100\/100\n|turn|7\n|\n|t:|1699775222\n|switch|p1a: Oricorio|Oricorio-Sensu, M|91\/100\n|move|p2a: Scizor|Swords Dance|p2a: Scizor\n|-boost|p2a: Scizor|atk|2\n|-activate|p1a: Oricorio|ability: Dancer\n|move|p1a: Oricorio|Swords Dance|p1a: Oricorio|[from]ability: Dancer\n|-boost|p1a: Oricorio|atk|2\n|\n|upkeep\n|turn|8\n|\n|t:|1699775239\n|move|p1a: Oricorio|Hurricane|p2a: Scizor\n|-damage|p2a: Scizor|65\/100\n|-start|p2a: Scizor|confusion\n|-activate|p2a: Scizor|confusion\n|-damage|p2a: Scizor|40\/100|[from] confusion\n|\n|upkeep\n|turn|9\n|\n|t:|1699775253\n|move|p1a: Oricorio|Hurricane|p2a: Scizor\n|-damage|p2a: Scizor|0 fnt\n|faint|p2a: Scizor\n|\n|upkeep\n|inactive|cyqy06210703 has 120 seconds left.\n|\n|t:|1699775273\n|switch|p2a: Grimmsnarl|Grimmsnarl, M|100\/100\n|turn|10\n|\n|t:|1699775279\n|switch|p1a: Absol|Absol-Mega, F|100\/100\n|move|p2a: Grimmsnarl|Darkest Lariat|p1a: Absol\n|-resisted|p1a: Absol\n|-damage|p1a: Absol|66\/100\n|\n|upkeep\n|turn|11\n|\n|t:|1699775288\n|move|p1a: Absol|Snatch|p1a: Absol\n|-singleturn|p1a: Absol|Snatch\n|move|p2a: Grimmsnarl|Play Rough|p1a: Absol\n|-supereffective|p1a: Absol\n|-damage|p1a: Absol|0 fnt\n|faint|p1a: Absol\n|\n|upkeep\n|\n|t:|1699775293\n|switch|p1a: Azumarill|Azumarill, M|100\/100\n|turn|12\n|\n|t:|1699775320\n|-terastallize|p2a: Grimmsnarl|Poison\n|move|p2a: Grimmsnarl|Reflect|p2a: Grimmsnarl\n|-sidestart|p2: cyqy06210703|Reflect\n|move|p1a: Azumarill|Liquidation|p2a: Grimmsnarl\n|-damage|p2a: Grimmsnarl|68\/100\n|\n|upkeep\n|turn|13\n|inactive|cyqy06210703 has 120 seconds left.\n|\n|t:|1699775339\n|move|p2a: Grimmsnarl|Play Rough|p1a: Azumarill\n|-damage|p1a: Azumarill|54\/100\n|-unboost|p1a: Azumarill|atk|1\n|move|p1a: Azumarill|Brick Break|p2a: Grimmsnarl\n|-sideend|p2: cyqy06210703|Reflect\n|-resisted|p2a: Grimmsnarl\n|-damage|p2a: Grimmsnarl|54\/100\n|\n|upkeep\n|turn|14\n|\n|t:|1699775349\n|switch|p1a: Lycanroc|Lycanroc-Dusk, F|100\/100\n|move|p2a: Grimmsnarl|Reflect|p2a: Grimmsnarl\n|-sidestart|p2: cyqy06210703|Reflect\n|\n|upkeep\n|turn|15\n|\n|t:|1699775355\n|move|p1a: Lycanroc|Psychic Fangs|p2a: Grimmsnarl\n|-sideend|p2: cyqy06210703|Reflect\n|-supereffective|p2a: Grimmsnarl\n|-damage|p2a: Grimmsnarl|0 fnt\n|faint|p2a: Grimmsnarl\n|\n|upkeep\n|\n|t:|1699775361\n|switch|p2a: Tapu Lele|Tapu Lele|100\/100\n|-fieldstart|move: Psychic Terrain|[from] ability: Psychic Surge|[of] p2a: Tapu Lele\n|turn|16\n|\n|t:|1699775369\n|switch|p1a: Oricorio|Oricorio-Sensu, M|91\/100\n|move|p2a: Tapu Lele|Psychic|p1a: Oricorio\n|-damage|p1a: Oricorio|8\/100\n|-unboost|p1a: Oricorio|spd|1\n|\n|upkeep\n|turn|17\n|\n|t:|1699775376\n|move|p2a: Tapu Lele|Psychic|p1a: Oricorio\n|-damage|p1a: Oricorio|0 fnt\n|faint|p1a: Oricorio\n|\n|upkeep\n|\n|t:|1699775380\n|switch|p1a: Claydol|Claydol|100\/100\n|turn|18\n|\n|t:|1699775385\n|switch|p2a: Garchomp|Garchomp, M|100\/100\n|move|p1a: Claydol|Earth Power|p2a: Garchomp\n|-damage|p2a: Garchomp|59\/100\n|\n|-heal|p2a: Garchomp|65\/100|[from] item: Leftovers\n|upkeep\n|turn|19\n|\n|t:|1699775401\n|move|p2a: Garchomp|Dragon Claw|p1a: Claydol\n|-damage|p1a: Claydol|57\/100\n|move|p1a: Claydol|Ice Beam|p2a: Garchomp\n|-supereffective|p2a: Garchomp\n|-damage|p2a: Garchomp|0 fnt\n|faint|p2a: Garchomp\n|\n|upkeep\n|\n|t:|1699775408\n|switch|p2a: Sneasler|Sneasler, M, shiny|100\/100\n|-enditem|p2a: Sneasler|Psychic Seed\n|-boost|p2a: Sneasler|spd|1|[from] item: Psychic Seed\n|turn|20\n|\n|t:|1699775421\n|move|p2a: Sneasler|Acrobatics|p1a: Claydol\n|-damage|p1a: Claydol|15\/100\n|-enditem|p1a: Claydol|Aguav Berry|[eat]\n|-heal|p1a: Claydol|49\/100|[from] item: Aguav Berry\n|move|p1a: Claydol|Earth Power|p2a: Sneasler\n|-supereffective|p2a: Sneasler\n|-damage|p2a: Sneasler|34\/100\n|\n|-fieldend|move: Psychic Terrain\n|upkeep\n|turn|21\n|\n|t:|1699775442\n|move|p2a: Sneasler|Close Combat|p1a: Claydol\n|-resisted|p1a: Claydol\n|-damage|p1a: Claydol|14\/100\n|-unboost|p2a: Sneasler|def|1\n|-unboost|p2a: Sneasler|spd|1\n|move|p1a: Claydol|Earth Power|p2a: Sneasler\n|-supereffective|p2a: Sneasler\n|-damage|p2a: Sneasler|0 fnt\n|faint|p2a: Sneasler\n|\n|upkeep\n|\n|t:|1699775450\n|switch|p2a: Tapu Lele|Tapu Lele|100\/100\n|-fieldstart|move: Psychic Terrain|[from] ability: Psychic Surge|[of] p2a: Tapu Lele\n|turn|22\n|\n|t:|1699775458\n|move|p2a: Tapu Lele|Energy Ball|p1a: Claydol\n|-supereffective|p1a: Claydol\n|-crit|p1a: Claydol\n|-damage|p1a: Claydol|0 fnt\n|faint|p1a: Claydol\n|\n|upkeep\n|\n|t:|1699775469\n|switch|p1a: Lycanroc|Lycanroc-Dusk, F|100\/100\n|turn|23\n|\n|t:|1699775474\n|move|p2a: Tapu Lele|Energy Ball|p1a: Lycanroc\n|-supereffective|p1a: Lycanroc\n|-damage|p1a: Lycanroc|0 fnt\n|faint|p1a: Lycanroc\n|\n|upkeep\n|\n|t:|1699775477\n|switch|p1a: Azumarill|Azumarill, M|54\/100\n|turn|24\n|\n|t:|1699775483\n|-terastallize|p1a: Azumarill|Water\n|move|p2a: Tapu Lele|Energy Ball|p1a: Azumarill\n|-supereffective|p1a: Azumarill\n|-damage|p1a: Azumarill|4\/100\n|move|p1a: Azumarill|Liquidation|p2a: Tapu Lele\n|-damage|p2a: Tapu Lele|0 fnt\n|faint|p2a: Tapu Lele\n|\n|win|A.private\n|raw|A.private's rating: 1097 &rarr; <strong>1121<\/strong><br \/>(+24 for winning)\n|raw|cyqy06210703's rating: 1084 &rarr; <strong>1062<\/strong><br \/>(-22 for losing)\n","uploadtime":1699775495,"views":11,"p1id":"aprivate","p2id":"cyqy06210703","formatid":"gen9nationaldex","rating":1062,"private":0,"password":""}