{"id":"gen9nationaldex-2000230165","p1":"Extraveggs","p2":"Bearsito","format":"[Gen 9] National Dex","log":"|html|<div class=\"broadcast-blue\"><strong>[Gen 9] National Dex is currently suspecting Sneasler! For information on how to participate check out the <a href=\"https:\/\/www.smogon.com\/forums\/threads\/sv-national-dex-suspect-8-just-dance.3731534\/\">suspect thread<\/a>.<\/strong><\/div>\n|j|\u2606Extraveggs\n|j|\u2606Bearsito\n|t:|1701175141\n|gametype|singles\n|player|p1|Extraveggs|101|1097\n|player|p2|Bearsito|biker|1054\n|teamsize|p1|6\n|teamsize|p2|6\n|gen|9\n|tier|[Gen 9] National Dex\n|rated|\n|rule|HP Percentage Mod: HP is shown in percentages\n|rule|Endless Battle Clause: Forcing endless battles is banned\n|rule|OHKO Clause: OHKO moves are banned\n|rule|Evasion Clause: Evasion abilities, items, and moves are banned\n|rule|Evasion Abilities Clause: Evasion abilities are banned\n|rule|Evasion Items Clause: Evasion items are banned\n|rule|Evasion Moves Clause: Evasion moves are banned\n|rule|Species Clause: Limit one of each Pok\u00e9mon\n|rule|Sleep Clause Mod: Limit one foe put to sleep\n|clearpoke\n|poke|p1|Overqwil, F|\n|poke|p1|Zapdos-Galar|\n|poke|p1|Zangoose, M|\n|poke|p1|Meowstic, M|\n|poke|p1|Ninetales, F|\n|poke|p1|Leafeon, F|\n|poke|p2|Clodsire, F|\n|poke|p2|Quagsire, F|\n|poke|p2|Sylveon, F|\n|poke|p2|Blaziken, M|\n|poke|p2|Mew|\n|poke|p2|Iron Hands|\n|teampreview\n|\n|t:|1701175150\n|start\n|switch|p1a: Ninetales|Ninetales, F, shiny|100\/100\n|switch|p2a: Mew|Mew|100\/100\n|-weather|SunnyDay|[from] ability: Drought|[of] p1a: Ninetales\n|turn|1\n|\n|t:|1701175164\n|switch|p1a: Meowstic|Meowstic, M|100\/100\n|move|p2a: Mew|Trick Room|p2a: Mew\n|-fieldstart|move: Trick Room|[of] p2a: Mew\n|\n|-weather|SunnyDay|[upkeep]\n|upkeep\n|turn|2\n|\n|t:|1701175171\n|move|p1a: Meowstic|Fake Out|p2a: Mew\n|-damage|p2a: Mew|98\/100\n|cant|p2a: Mew|flinch\n|\n|-weather|SunnyDay|[upkeep]\n|upkeep\n|turn|3\n|\n|t:|1701175180\n|move|p1a: Meowstic|Light Screen|p1a: Meowstic\n|-sidestart|p1: Extraveggs|move: Light Screen\n|move|p2a: Mew|U-turn|p1a: Meowstic\n|-supereffective|p1a: Meowstic\n|-damage|p1a: Meowstic|71\/100\n|\n|t:|1701175200\n|switch|p2a: Clodsire|Clodsire, F|100\/100|[from] U-turn\n|\n|-weather|SunnyDay|[upkeep]\n|upkeep\n|turn|4\n|\n|t:|1701175211\n|move|p1a: Meowstic|Reflect|p1a: Meowstic\n|-sidestart|p1: Extraveggs|Reflect\n|move|p2a: Clodsire|Toxic|p1a: Meowstic\n|-status|p1a: Meowstic|tox\n|\n|-weather|SunnyDay|[upkeep]\n|-damage|p1a: Meowstic|65\/100 tox|[from] psn\n|upkeep\n|turn|5\n|\n|t:|1701175221\n|switch|p1a: Leafeon|Leafeon, F, shiny|100\/100\n|move|p2a: Clodsire|Amnesia|p2a: Clodsire\n|-boost|p2a: Clodsire|spd|2\n|\n|-weather|SunnyDay|[upkeep]\n|-fieldend|move: Trick Room\n|upkeep\n|turn|6\n|\n|t:|1701175230\n|move|p1a: Leafeon|Solar Blade||[still]\n|-prepare|p1a: Leafeon|Solar Blade\n|-anim|p1a: Leafeon|Solar Blade|p2a: Clodsire\n|-damage|p2a: Clodsire|10\/100\n|-status|p1a: Leafeon|psn|[from] ability: Poison Point|[of] p2a: Clodsire\n|-damage|p1a: Leafeon|91\/100 psn|[from] item: Life Orb\n|move|p2a: Clodsire|Toxic||[still]\n|-fail|p2a: Clodsire\n|\n|-weather|SunnyDay|[upkeep]\n|-heal|p2a: Clodsire|16\/100|[from] item: Leftovers\n|-damage|p1a: Leafeon|78\/100 psn|[from] psn\n|upkeep\n|turn|7\n|\n|t:|1701175243\n|move|p1a: Leafeon|Solar Blade||[still]\n|-prepare|p1a: Leafeon|Solar Blade\n|-anim|p1a: Leafeon|Solar Blade|p2a: Clodsire\n|-damage|p2a: Clodsire|0 fnt\n|faint|p2a: Clodsire\n|-damage|p1a: Leafeon|68\/100 psn|[from] item: Life Orb\n|\n|-weather|SunnyDay|[upkeep]\n|-damage|p1a: Leafeon|56\/100 psn|[from] psn\n|upkeep\n|\n|t:|1701175260\n|switch|p2a: Mew|Mew|98\/100\n|turn|8\n|\n|t:|1701175265\n|move|p1a: Leafeon|Synthesis|p1a: Leafeon\n|-heal|p1a: Leafeon|100\/100 psn\n|move|p2a: Mew|Trick Room|p2a: Mew\n|-fieldstart|move: Trick Room|[of] p2a: Mew\n|\n|-weather|none\n|-damage|p1a: Leafeon|88\/100 psn|[from] psn\n|upkeep\n|turn|9\n|\n|t:|1701175275\n|move|p2a: Mew|U-turn|p1a: Leafeon\n|-supereffective|p1a: Leafeon\n|-crit|p1a: Leafeon\n|-damage|p1a: Leafeon|38\/100 psn\n|\n|t:|1701175280\n|switch|p2a: Blaziken|Blaziken, M|100\/100|[from] U-turn\n|move|p1a: Leafeon|Knock Off|p2a: Blaziken\n|-resisted|p2a: Blaziken\n|-damage|p2a: Blaziken|77\/100\n|-enditem|p2a: Blaziken|Life Orb|[from] move: Knock Off|[of] p1a: Leafeon\n|-damage|p1a: Leafeon|28\/100 psn|[from] item: Life Orb\n|\n|-damage|p1a: Leafeon|16\/100 psn|[from] psn\n|upkeep\n|turn|10\n|\n|t:|1701175295\n|switch|p1a: Zangoose|Zangoose, M, shiny|100\/100\n|move|p2a: Blaziken|Bulk Up|p2a: Blaziken\n|-boost|p2a: Blaziken|atk|1\n|-boost|p2a: Blaziken|def|1\n|\n|-sideend|p1: Extraveggs|move: Light Screen\n|-ability|p2a: Blaziken|Speed Boost|boost\n|-boost|p2a: Blaziken|spe|1\n|-status|p1a: Zangoose|tox|[from] item: Toxic Orb\n|upkeep\n|turn|11\n|\n|t:|1701175305\n|-terastallize|p1a: Zangoose|Ghost\n|move|p1a: Zangoose|Facade|p2a: Blaziken\n|-damage|p2a: Blaziken|0 fnt\n|faint|p2a: Blaziken\n|\n|-damage|p1a: Zangoose|94\/100 tox|[from] psn\n|-sideend|p1: Extraveggs|Reflect\n|upkeep\n|\n|t:|1701175319\n|switch|p2a: Quagsire|Quagsire, F|100\/100\n|turn|12\n|\n|t:|1701175323\n|move|p2a: Quagsire|Earthquake|p1a: Zangoose\n|-damage|p1a: Zangoose|47\/100 tox\n|move|p1a: Zangoose|Facade|p2a: Quagsire\n|-damage|p2a: Quagsire|13\/100\n|\n|-heal|p2a: Quagsire|19\/100|[from] item: Leftovers\n|-damage|p1a: Zangoose|35\/100 tox|[from] psn\n|-fieldend|move: Trick Room\n|upkeep\n|turn|13\n|\n|t:|1701175337\n|switch|p2a: Mew|Mew|98\/100\n|move|p1a: Zangoose|Shadow Claw|p2a: Mew\n|-supereffective|p2a: Mew\n|-damage|p2a: Mew|28\/100\n|\n|-damage|p1a: Zangoose|17\/100 tox|[from] psn\n|upkeep\n|turn|14\n|\n|t:|1701175348\n|move|p1a: Zangoose|Facade|p2a: Mew\n|-damage|p2a: Mew|0 fnt\n|faint|p2a: Mew\n|\n|-damage|p1a: Zangoose|0 fnt|[from] psn\n|faint|p1a: Zangoose\n|upkeep\n|\n|t:|1701175356\n|switch|p1a: Ninetales|Ninetales, F, shiny|100\/100\n|switch|p2a: Iron Hands|Iron Hands|100\/100\n|-weather|SunnyDay|[from] ability: Drought|[of] p1a: Ninetales\n|turn|15\n|\n|t:|1701175368\n|move|p1a: Ninetales|Scorching Sands|p2a: Iron Hands\n|-supereffective|p2a: Iron Hands\n|-damage|p2a: Iron Hands|70\/100\n|move|p2a: Iron Hands|Drain Punch|p1a: Ninetales\n|-damage|p1a: Ninetales|64\/100\n|-heal|p2a: Iron Hands|83\/100|[from] drain|[of] p1a: Ninetales\n|\n|-weather|SunnyDay|[upkeep]\n|-heal|p2a: Iron Hands|89\/100|[from] item: Leftovers\n|upkeep\n|turn|16\n|\n|t:|1701175380\n|switch|p1a: Meowstic|Meowstic, M|65\/100 tox\n|move|p2a: Iron Hands|Swords Dance|p2a: Iron Hands\n|-boost|p2a: Iron Hands|atk|2\n|\n|-weather|SunnyDay|[upkeep]\n|-heal|p2a: Iron Hands|96\/100|[from] item: Leftovers\n|-damage|p1a: Meowstic|58\/100 tox|[from] psn\n|upkeep\n|turn|17\n|\n|t:|1701175388\n|move|p1a: Meowstic|Reflect|p1a: Meowstic\n|-sidestart|p1: Extraveggs|Reflect\n|move|p2a: Iron Hands|Thunder Punch|p1a: Meowstic\n|-damage|p1a: Meowstic|24\/100 tox\n|\n|-weather|SunnyDay|[upkeep]\n|-heal|p2a: Iron Hands|100\/100|[from] item: Leftovers\n|-damage|p1a: Meowstic|12\/100 tox|[from] psn\n|upkeep\n|turn|18\n|\n|t:|1701175405\n|move|p1a: Meowstic|Expanding Force|p2a: Iron Hands\n|-supereffective|p2a: Iron Hands\n|-damage|p2a: Iron Hands|56\/100\n|move|p2a: Iron Hands|Thunder Punch|p1a: Meowstic\n|-damage|p1a: Meowstic|0 fnt\n|faint|p1a: Meowstic\n|\n|-weather|SunnyDay|[upkeep]\n|-heal|p2a: Iron Hands|62\/100|[from] item: Leftovers\n|upkeep\n|\n|t:|1701175410\n|switch|p1a: Leafeon|Leafeon, F, shiny|16\/100 psn\n|turn|19\n|\n|t:|1701175419\n|move|p1a: Leafeon|Solar Blade||[still]\n|-prepare|p1a: Leafeon|Solar Blade\n|-anim|p1a: Leafeon|Solar Blade|p2a: Iron Hands\n|-damage|p2a: Iron Hands|22\/100\n|-damage|p1a: Leafeon|6\/100 psn|[from] item: Life Orb\n|move|p2a: Iron Hands|Drain Punch|p1a: Leafeon\n|-damage|p1a: Leafeon|0 fnt\n|-heal|p2a: Iron Hands|23\/100|[from] drain|[of] p1a: Leafeon\n|faint|p1a: Leafeon\n|\n|-weather|SunnyDay|[upkeep]\n|-heal|p2a: Iron Hands|29\/100|[from] item: Leftovers\n|upkeep\n|\n|t:|1701175432\n|switch|p1a: Zapdos|Zapdos-Galar|100\/100\n|turn|20\n|\n|t:|1701175440\n|move|p1a: Zapdos|Stomping Tantrum|p2a: Iron Hands\n|-supereffective|p2a: Iron Hands\n|-damage|p2a: Iron Hands|5\/100\n|move|p2a: Iron Hands|Thunder Punch|p1a: Zapdos\n|-supereffective|p1a: Zapdos\n|-damage|p1a: Zapdos|13\/100\n|\n|-weather|SunnyDay|[upkeep]\n|-heal|p2a: Iron Hands|11\/100|[from] item: Leftovers\n|upkeep\n|turn|21\n|\n|t:|1701175448\n|move|p1a: Zapdos|Stomping Tantrum|p2a: Iron Hands\n|-supereffective|p2a: Iron Hands\n|-damage|p2a: Iron Hands|0 fnt\n|faint|p2a: Iron Hands\n|-end|p2a: Iron Hands|Quark Drive|[silent]\n|\n|-weather|SunnyDay|[upkeep]\n|upkeep\n|\n|t:|1701175454\n|switch|p2a: Sylveon|Sylveon, F|100\/100\n|turn|22\n|\n|t:|1701175468\n|switch|p1a: Ninetales|Ninetales, F, shiny|64\/100\n|move|p2a: Sylveon|Hyper Voice|p1a: Ninetales\n|-resisted|p1a: Ninetales\n|-damage|p1a: Ninetales|32\/100\n|\n|-weather|none\n|upkeep\n|turn|23\n|\n|t:|1701175490\n|move|p1a: Ninetales|Will-O-Wisp|p2a: Sylveon\n|-status|p2a: Sylveon|brn\n|move|p2a: Sylveon|Moonblast|p1a: Ninetales\n|-resisted|p1a: Ninetales\n|-damage|p1a: Ninetales|8\/100\n|\n|-damage|p2a: Sylveon|94\/100 brn|[from] brn\n|upkeep\n|turn|24\n|\n|t:|1701175498\n|switch|p1a: Overqwil|Overqwil, F, shiny|100\/100\n|-ability|p1a: Overqwil|Intimidate|boost\n|-unboost|p2a: Sylveon|atk|1\n|move|p2a: Sylveon|Calm Mind|p2a: Sylveon\n|-boost|p2a: Sylveon|spa|1\n|-boost|p2a: Sylveon|spd|1\n|\n|-damage|p2a: Sylveon|88\/100 brn|[from] brn\n|-sideend|p1: Extraveggs|Reflect\n|upkeep\n|turn|25\n|\n|t:|1701175508\n|move|p1a: Overqwil|Barb Barrage|p2a: Sylveon\n|-supereffective|p2a: Sylveon\n|-damage|p2a: Sylveon|22\/100 brn\n|move|p2a: Sylveon|Double-Edge|p1a: Overqwil\n|-damage|p1a: Overqwil|87\/100\n|-damage|p2a: Sylveon|16\/100 brn|[from] Recoil\n|\n|-heal|p1a: Overqwil|93\/100|[from] item: Leftovers\n|-damage|p2a: Sylveon|10\/100 brn|[from] brn\n|upkeep\n|turn|26\n|\n|t:|1701175520\n|move|p1a: Overqwil|Barb Barrage|p2a: Sylveon\n|-supereffective|p2a: Sylveon\n|-damage|p2a: Sylveon|0 fnt\n|faint|p2a: Sylveon\n|\n|-heal|p1a: Overqwil|99\/100|[from] item: Leftovers\n|upkeep\n|\n|t:|1701175526\n|switch|p2a: Quagsire|Quagsire, F|19\/100\n|turn|27\n|\n|t:|1701175530\n|move|p1a: Overqwil|Aqua Jet|p2a: Quagsire\n|-heal|p2a: Quagsire|44\/100|[from] ability: Water Absorb|[of] p1a: Overqwil\n|move|p2a: Quagsire|Scald|p1a: Overqwil\n|-damage|p1a: Overqwil|76\/100\n|\n|-heal|p1a: Overqwil|82\/100|[from] item: Leftovers\n|-heal|p2a: Quagsire|50\/100|[from] item: Leftovers\n|upkeep\n|turn|28\n|\n|t:|1701175540\n|move|p1a: Overqwil|Barb Barrage|p2a: Quagsire\n|-resisted|p2a: Quagsire\n|-damage|p2a: Quagsire|41\/100\n|move|p2a: Quagsire|Recover|p2a: Quagsire\n|-heal|p2a: Quagsire|91\/100\n|\n|-heal|p1a: Overqwil|88\/100|[from] item: Leftovers\n|-heal|p2a: Quagsire|97\/100|[from] item: Leftovers\n|upkeep\n|turn|29\n|\n|t:|1701175549\n|move|p1a: Overqwil|Crunch|p2a: Quagsire\n|-damage|p2a: Quagsire|74\/100\n|move|p2a: Quagsire|Earthquake|p1a: Overqwil\n|-supereffective|p1a: Overqwil\n|-damage|p1a: Overqwil|35\/100\n|\n|-heal|p1a: Overqwil|41\/100|[from] item: Leftovers\n|-heal|p2a: Quagsire|80\/100|[from] item: Leftovers\n|upkeep\n|turn|30\n|\n|t:|1701175559\n|move|p1a: Overqwil|Crunch|p2a: Quagsire\n|-damage|p2a: Quagsire|56\/100\n|move|p2a: Quagsire|Stockpile|p2a: Quagsire\n|-start|p2a: Quagsire|stockpile1\n|-boost|p2a: Quagsire|def|1\n|-boost|p2a: Quagsire|spd|1\n|\n|-heal|p1a: Overqwil|47\/100|[from] item: Leftovers\n|-heal|p2a: Quagsire|62\/100|[from] item: Leftovers\n|upkeep\n|turn|31\n|\n|t:|1701175571\n|move|p1a: Overqwil|Crunch|p2a: Quagsire\n|-damage|p2a: Quagsire|46\/100\n|move|p2a: Quagsire|Recover|p2a: Quagsire\n|-heal|p2a: Quagsire|96\/100\n|\n|-heal|p1a: Overqwil|53\/100|[from] item: Leftovers\n|-heal|p2a: Quagsire|100\/100|[from] item: Leftovers\n|upkeep\n|turn|32\n|\n|t:|1701175579\n|move|p1a: Overqwil|Crunch|p2a: Quagsire\n|-damage|p2a: Quagsire|84\/100\n|-unboost|p2a: Quagsire|def|1\n|move|p2a: Quagsire|Earthquake|p1a: Overqwil\n|-supereffective|p1a: Overqwil\n|-damage|p1a: Overqwil|0 fnt\n|faint|p1a: Overqwil\n|\n|-heal|p2a: Quagsire|90\/100|[from] item: Leftovers\n|upkeep\n|\n|t:|1701175586\n|switch|p1a: Zapdos|Zapdos-Galar|13\/100\n|turn|33\n|\n|t:|1701175590\n|move|p1a: Zapdos|Thunderous Kick|p2a: Quagsire\n|-damage|p2a: Quagsire|57\/100\n|-unboost|p2a: Quagsire|def|1\n|move|p2a: Quagsire|Scald|p1a: Zapdos\n|-damage|p1a: Zapdos|0 fnt\n|faint|p1a: Zapdos\n|\n|-heal|p2a: Quagsire|63\/100|[from] item: Leftovers\n|upkeep\n|\n|t:|1701175596\n|switch|p1a: Ninetales|Ninetales, F, shiny|8\/100\n|-weather|SunnyDay|[from] ability: Drought|[of] p1a: Ninetales\n|turn|34\n|\n|t:|1701175602\n|move|p1a: Ninetales|Energy Ball|p2a: Quagsire\n|-supereffective|p2a: Quagsire\n|-damage|p2a: Quagsire|0 fnt\n|faint|p2a: Quagsire\n|\n|win|Extraveggs\n|raw|Extraveggs's rating: 1097 &rarr; <strong>1119<\/strong><br \/>(+22 for winning)\n|raw|Bearsito's rating: 1054 &rarr; <strong>1038<\/strong><br \/>(-16 for losing)\n|c|\u2606Extraveggs|Gg\n|l|\u2606Extraveggs\n","uploadtime":1701175630,"views":3,"p1id":"extraveggs","p2id":"bearsito","formatid":"gen9nationaldex","rating":1038,"private":0,"password":""}