{"id":"gen9nationaldex-1999025763","p1":"Th3K1ng123","p2":"KK24710","format":"[Gen 9] National Dex","log":"|html|<div class=\"broadcast-blue\"><strong>[Gen 9] National Dex is currently suspecting Sneasler! For information on how to participate check out the <a href=\"https:\/\/www.smogon.com\/forums\/threads\/sv-national-dex-suspect-8-just-dance.3731534\/\">suspect thread<\/a>.<\/strong><\/div>\n|j|\u2606Th3K1ng123\n|j|\u2606KK24710\n|t:|1701025204\n|gametype|singles\n|player|p1|Th3K1ng123|turo|1280\n|player|p2|KK24710|hilda|1373\n|teamsize|p1|6\n|teamsize|p2|6\n|gen|9\n|tier|[Gen 9] National Dex\n|rated|\n|rule|HP Percentage Mod: HP is shown in percentages\n|rule|Endless Battle Clause: Forcing endless battles is banned\n|rule|OHKO Clause: OHKO moves are banned\n|rule|Evasion Clause: Evasion abilities, items, and moves are banned\n|rule|Evasion Abilities Clause: Evasion abilities are banned\n|rule|Evasion Items Clause: Evasion items are banned\n|rule|Evasion Moves Clause: Evasion moves are banned\n|rule|Species Clause: Limit one of each Pok\u00e9mon\n|rule|Sleep Clause Mod: Limit one foe put to sleep\n|clearpoke\n|poke|p1|Ninetales-Alola, F|\n|poke|p1|Vanilluxe, F|\n|poke|p1|Aurorus, M|\n|poke|p1|Avalugg, M|\n|poke|p1|Kyurem|\n|poke|p1|Abomasnow, M|\n|poke|p2|Garganacl, M|\n|poke|p2|Volcarona, M|\n|poke|p2|Samurott-Hisui, F|\n|poke|p2|Gliscor, F|\n|poke|p2|Manectric, F|\n|poke|p2|Garchomp, F|\n|teampreview\n|inactive|Battle timer is ON: inactive players will automatically lose when time's up. (requested by Th3K1ng123)\n|\n|t:|1701025214\n|start\n|switch|p1a: Snow Day|Ninetales-Alola, F, shiny|100\/100\n|switch|p2a: Manectric|Manectric, F|100\/100\n|-weather|Snow|[from] ability: Snow Warning|[of] p1a: Snow Day\n|turn|1\n|\n|t:|1701025225\n|detailschange|p2a: Manectric|Manectric-Mega, F\n|-mega|p2a: Manectric|Manectric|Manectite\n|-ability|p2a: Manectric|Intimidate|boost\n|-unboost|p1a: Snow Day|atk|1\n|-terastallize|p1a: Snow Day|Fire\n|move|p2a: Manectric|Flamethrower|p1a: Snow Day\n|-resisted|p1a: Snow Day\n|-damage|p1a: Snow Day|83\/100\n|move|p1a: Snow Day|Aurora Veil|p1a: Snow Day\n|-sidestart|p1: Th3K1ng123|move: Aurora Veil\n|\n|-weather|Snow|[upkeep]\n|upkeep\n|turn|2\n|\n|t:|1701025239\n|move|p2a: Manectric|Volt Switch|p1a: Snow Day\n|-damage|p1a: Snow Day|60\/100\n|\n|t:|1701025246\n|switch|p2a: Garchomp|Garchomp, F|100\/100|[from] Volt Switch\n|move|p1a: Snow Day|Blizzard|p2a: Garchomp\n|-supereffective|p2a: Garchomp\n|-damage|p2a: Garchomp|0 fnt\n|faint|p2a: Garchomp\n|\n|-weather|Snow|[upkeep]\n|upkeep\n|\n|t:|1701025250\n|switch|p2a: Samurott|Samurott-Hisui, F|100\/100\n|turn|3\n|\n|t:|1701025258\n|move|p1a: Snow Day|Moonblast|p2a: Samurott\n|-supereffective|p2a: Samurott\n|-damage|p2a: Samurott|0 fnt\n|faint|p2a: Samurott\n|\n|-weather|Snow|[upkeep]\n|upkeep\n|\n|t:|1701025261\n|switch|p2a: Garganacl|Garganacl, M|100\/100\n|turn|4\n|\n|t:|1701025266\n|move|p1a: Snow Day|Blizzard|p2a: Garganacl\n|-damage|p2a: Garganacl|75\/100\n|move|p2a: Garganacl|Salt Cure|p1a: Snow Day\n|-supereffective|p1a: Snow Day\n|-damage|p1a: Snow Day|39\/100\n|-start|p1a: Snow Day|Salt Cure\n|\n|-weather|Snow|[upkeep]\n|-heal|p2a: Garganacl|81\/100|[from] item: Leftovers\n|-damage|p1a: Snow Day|27\/100|[from] Salt Cure\n|upkeep\n|turn|5\n|\n|t:|1701025275\n|move|p2a: Garganacl|Protect|p2a: Garganacl\n|-singleturn|p2a: Garganacl|Protect\n|move|p1a: Snow Day|Blizzard|p2a: Garganacl\n|-activate|p2a: Garganacl|move: Protect\n|\n|-weather|Snow|[upkeep]\n|-heal|p2a: Garganacl|88\/100|[from] item: Leftovers\n|-damage|p1a: Snow Day|14\/100|[from] Salt Cure\n|-sideend|p1: Th3K1ng123|move: Aurora Veil\n|upkeep\n|turn|6\n|\n|t:|1701025285\n|move|p1a: Snow Day|Aurora Veil|p1a: Snow Day\n|-sidestart|p1: Th3K1ng123|move: Aurora Veil\n|move|p2a: Garganacl|Salt Cure|p1a: Snow Day\n|-supereffective|p1a: Snow Day\n|-damage|p1a: Snow Day|0 fnt\n|faint|p1a: Snow Day\n|\n|-weather|Snow|[upkeep]\n|-heal|p2a: Garganacl|94\/100|[from] item: Leftovers\n|upkeep\n|\n|t:|1701025292\n|switch|p1a: Obamasnow|Abomasnow, M, shiny|100\/100\n|turn|7\n|\n|t:|1701025298\n|switch|p2a: Manectric|Manectric-Mega, F|100\/100\n|-ability|p2a: Manectric|Intimidate|boost\n|-unboost|p1a: Obamasnow|atk|1\n|detailschange|p1a: Obamasnow|Abomasnow-Mega, M, shiny\n|-mega|p1a: Obamasnow|Abomasnow|Abomasite\n|move|p1a: Obamasnow|Wood Hammer|p2a: Manectric\n|-damage|p2a: Manectric|46\/100\n|-damage|p1a: Obamasnow|87\/100|[from] Recoil\n|\n|-weather|Snow|[upkeep]\n|upkeep\n|turn|8\n|\n|t:|1701025323\n|switch|p1a: Double Scoop|Vanilluxe, F, shiny|100\/100\n|move|p2a: Manectric|Flamethrower|p1a: Double Scoop\n|-supereffective|p1a: Double Scoop\n|-damage|p1a: Double Scoop|58\/100\n|-status|p1a: Double Scoop|brn\n|\n|-weather|none\n|-damage|p1a: Double Scoop|52\/100 brn|[from] brn\n|upkeep\n|turn|9\n|\n|t:|1701025334\n|move|p2a: Manectric|Volt Switch|p1a: Double Scoop\n|-damage|p1a: Double Scoop|29\/100 brn\n|\n|t:|1701025335\n|switch|p2a: Garganacl|Garganacl, M|94\/100|[from] Volt Switch\n|move|p1a: Double Scoop|Freeze-Dry|p2a: Garganacl\n|-damage|p2a: Garganacl|72\/100\n|\n|-heal|p2a: Garganacl|78\/100|[from] item: Leftovers\n|-damage|p1a: Double Scoop|23\/100 brn|[from] brn\n|upkeep\n|-enditem|p1a: Double Scoop|Petaya Berry|[eat]\n|-boost|p1a: Double Scoop|spa|1|[from] item: Petaya Berry\n|turn|10\n|\n|t:|1701025346\n|move|p1a: Double Scoop|Flash Cannon|p2a: Garganacl\n|-supereffective|p2a: Garganacl\n|-damage|p2a: Garganacl|21\/100\n|move|p2a: Garganacl|Salt Cure|p1a: Double Scoop\n|-supereffective|p1a: Double Scoop\n|-damage|p1a: Double Scoop|5\/100 brn\n|-start|p1a: Double Scoop|Salt Cure\n|-ability|p1a: Double Scoop|Weak Armor|boost\n|-unboost|p1a: Double Scoop|def|1\n|-boost|p1a: Double Scoop|spe|2\n|\n|-heal|p2a: Garganacl|27\/100|[from] item: Leftovers\n|-damage|p1a: Double Scoop|0 fnt|[from] brn\n|faint|p1a: Double Scoop\n|-sideend|p1: Th3K1ng123|move: Aurora Veil\n|upkeep\n|inactive|Th3K1ng123 has 120 seconds left.\n|\n|t:|1701025372\n|switch|p1a: Jurassic Park|Aurorus, M, shiny|100\/100\n|-weather|Snow|[from] ability: Snow Warning|[of] p1a: Jurassic Park\n|turn|11\n|inactive|Th3K1ng123 has 120 seconds left.\n|\n|t:|1701025378\n|move|p1a: Jurassic Park|Blizzard|p2a: Garganacl\n|-damage|p2a: Garganacl|0 fnt\n|faint|p2a: Garganacl\n|\n|-weather|Snow|[upkeep]\n|upkeep\n|\n|t:|1701025383\n|switch|p2a: Manectric|Manectric-Mega, F|46\/100\n|-ability|p2a: Manectric|Intimidate|boost\n|-unboost|p1a: Jurassic Park|atk|1\n|turn|12\n|\n|t:|1701025388\n|move|p2a: Manectric|Flamethrower|p1a: Jurassic Park\n|-damage|p1a: Jurassic Park|79\/100\n|move|p1a: Jurassic Park|Aurora Veil|p1a: Jurassic Park\n|-sidestart|p1: Th3K1ng123|move: Aurora Veil\n|\n|-weather|Snow|[upkeep]\n|upkeep\n|turn|13\n|\n|t:|1701025403\n|move|p2a: Manectric|Thunderbolt|p1a: Jurassic Park\n|-damage|p1a: Jurassic Park|63\/100\n|move|p1a: Jurassic Park|Stealth Rock|p2a: Manectric\n|-sidestart|p2: KK24710|move: Stealth Rock\n|\n|-weather|Snow|[upkeep]\n|upkeep\n|turn|14\n|\n|t:|1701025409\n|move|p2a: Manectric|Thunderbolt|p1a: Jurassic Park\n|-damage|p1a: Jurassic Park|45\/100\n|move|p1a: Jurassic Park|Blizzard|p2a: Manectric\n|-damage|p2a: Manectric|0 fnt\n|faint|p2a: Manectric\n|\n|-weather|Snow|[upkeep]\n|upkeep\n|\n|t:|1701025414\n|switch|p2a: Gliscor|Gliscor, F|100\/100\n|-damage|p2a: Gliscor|88\/100|[from] Stealth Rock\n|turn|15\n|\n|t:|1701025421\n|move|p2a: Gliscor|Defog|p1a: Jurassic Park\n|-unboost|p1a: Jurassic Park|evasion|1\n|-sideend|p1: Th3K1ng123|move: Aurora Veil\n|-sideend|p2: KK24710|Stealth Rock|[from] move: Defog|[of] p2a: Gliscor\n|move|p1a: Jurassic Park|Blizzard|p2a: Gliscor\n|-supereffective|p2a: Gliscor\n|-damage|p2a: Gliscor|0 fnt\n|faint|p2a: Gliscor\n|\n|-weather|Snow|[upkeep]\n|upkeep\n|\n|t:|1701025422\n|switch|p2a: Volcarona|Volcarona, M|100\/100\n|turn|16\n|\n|t:|1701025431\n|move|p2a: Volcarona|Quiver Dance|p2a: Volcarona\n|-boost|p2a: Volcarona|spa|1\n|-boost|p2a: Volcarona|spd|1\n|-boost|p2a: Volcarona|spe|1\n|move|p1a: Jurassic Park|Aurora Veil|p1a: Jurassic Park\n|-sidestart|p1: Th3K1ng123|move: Aurora Veil\n|\n|-weather|Snow|[upkeep]\n|upkeep\n|turn|17\n|\n|t:|1701025441\n|move|p2a: Volcarona|Fiery Dance|p1a: Jurassic Park\n|-damage|p1a: Jurassic Park|24\/100\n|move|p1a: Jurassic Park|Blizzard|p2a: Volcarona\n|-resisted|p2a: Volcarona\n|-damage|p2a: Volcarona|86\/100\n|\n|-weather|Snow|[upkeep]\n|upkeep\n|turn|18\n|\n|t:|1701025449\n|move|p2a: Volcarona|Giga Drain|p1a: Jurassic Park\n|-supereffective|p1a: Jurassic Park\n|-damage|p1a: Jurassic Park|0 fnt\n|-heal|p2a: Volcarona|100\/100|[from] drain|[of] p1a: Jurassic Park\n|faint|p1a: Jurassic Park\n|\n|-weather|none\n|upkeep\n|\n|t:|1701025455\n|switch|p1a: Frozone|Kyurem, shiny|100\/100\n|-ability|p1a: Frozone|Pressure\n|turn|19\n|\n|t:|1701025461\n|move|p2a: Volcarona|Quiver Dance|p2a: Volcarona\n|-boost|p2a: Volcarona|spa|1\n|-boost|p2a: Volcarona|spd|1\n|-boost|p2a: Volcarona|spe|1\n|move|p1a: Frozone|Shadow Claw|p2a: Volcarona\n|-damage|p2a: Volcarona|60\/100\n|\n|upkeep\n|turn|20\n|\n|t:|1701025475\n|-terastallize|p2a: Volcarona|Bug\n|move|p2a: Volcarona|Bug Buzz|p1a: Frozone\n|-damage|p1a: Frozone|34\/100\n|-unboost|p1a: Frozone|spd|1\n|move|p1a: Frozone|Shadow Claw|p2a: Volcarona\n|-damage|p2a: Volcarona|21\/100\n|-status|p1a: Frozone|brn|[from] ability: Flame Body|[of] p2a: Volcarona\n|\n|-damage|p1a: Frozone|28\/100 brn|[from] brn\n|-sideend|p1: Th3K1ng123|move: Aurora Veil\n|upkeep\n|turn|21\n|\n|t:|1701025486\n|move|p2a: Volcarona|Fiery Dance|p1a: Frozone\n|-damage|p1a: Frozone|0 fnt\n|-boost|p2a: Volcarona|spa|1\n|faint|p1a: Frozone\n|\n|upkeep\n|\n|t:|1701025492\n|switch|p1a: Obamasnow|Abomasnow-Mega, M, shiny|87\/100\n|-weather|Snow|[from] ability: Snow Warning|[of] p1a: Obamasnow\n|turn|22\n|\n|t:|1701025496\n|move|p1a: Obamasnow|Ice Shard|p2a: Volcarona\n|-damage|p2a: Volcarona|0 fnt\n|faint|p2a: Volcarona\n|\n|win|Th3K1ng123\n|raw|Th3K1ng123's rating: 1280 &rarr; <strong>1312<\/strong><br \/>(+32 for winning)\n|raw|KK24710's rating: 1373 &rarr; <strong>1348<\/strong><br \/>(-25 for losing)\n|l|\u2606KK24710\n","uploadtime":1701025502,"views":1,"p1id":"th3k1ng123","p2id":"kk24710","formatid":"gen9nationaldex","rating":1312,"private":0,"password":""}