{"id":"gen9nationaldex-1991825439","p1":"zaizaipo","p2":"Remy savage","format":"[Gen 9] National Dex","log":"|j|\u2606zaizaipo\n|j|\u2606Remy savage\n|t:|1700124086\n|gametype|singles\n|player|p1|zaizaipo|101|1226\n|player|p2|Remy savage|wallace|1285\n|teamsize|p1|6\n|teamsize|p2|6\n|gen|9\n|tier|[Gen 9] National Dex\n|rated|\n|rule|HP Percentage Mod: HP is shown in percentages\n|rule|Endless Battle Clause: Forcing endless battles is banned\n|rule|OHKO Clause: OHKO moves are banned\n|rule|Evasion Clause: Evasion abilities, items, and moves are banned\n|rule|Evasion Abilities Clause: Evasion abilities are banned\n|rule|Evasion Items Clause: Evasion items are banned\n|rule|Evasion Moves Clause: Evasion moves are banned\n|rule|Species Clause: Limit one of each Pok\u00e9mon\n|rule|Sleep Clause Mod: Limit one foe put to sleep\n|clearpoke\n|poke|p1|Sudowoodo, F|\n|poke|p1|Shiftry, F|\n|poke|p1|Corviknight, M|\n|poke|p1|Swampert, F|\n|poke|p1|Pelipper, M|\n|poke|p1|Ogerpon, F|\n|poke|p2|Samurott-Hisui, M|\n|poke|p2|Dragonite, M|\n|poke|p2|Volcarona, F|\n|poke|p2|Garchomp, M|\n|poke|p2|Zapdos|\n|poke|p2|Aegislash, F|\n|teampreview\n|inactive|Battle timer is ON: inactive players will automatically lose when time's up. (requested by Remy savage)\n|\n|t:|1700124090\n|start\n|switch|p1a: Sudowoodo|Sudowoodo, F, shiny|100\/100\n|switch|p2a: \u4e0d\u53ef\u80fd|Samurott-Hisui, M, shiny|100\/100\n|turn|1\n|\n|t:|1700124098\n|move|p2a: \u4e0d\u53ef\u80fd|Ceaseless Edge|p1a: Sudowoodo\n|-damage|p1a: Sudowoodo|40\/100\n|-sidestart|p1: zaizaipo|Spikes\n|move|p1a: Sudowoodo|Counter|p2a: \u4e0d\u53ef\u80fd\n|-damage|p2a: \u4e0d\u53ef\u80fd|1\/100\n|\n|upkeep\n|turn|2\n|\n|t:|1700124111\n|switch|p1a: Pelipper|Pelipper, M|100\/100\n|-weather|RainDance|[from] ability: Drizzle|[of] p1a: Pelipper\n|move|p2a: \u4e0d\u53ef\u80fd|Ceaseless Edge|p1a: Pelipper\n|-damage|p1a: Pelipper|63\/100\n|-sidestart|p1: zaizaipo|Spikes\n|\n|-weather|RainDance|[upkeep]\n|upkeep\n|turn|3\n|\n|t:|1700124122\n|switch|p2a: Fry em Up|Zapdos, shiny|100\/100\n|move|p1a: Pelipper|Defog|p2a: Fry em Up\n|-unboost|p2a: Fry em Up|evasion|1\n|-sideend|p1: zaizaipo|Spikes|[from] move: Defog|[of] p1a: Pelipper\n|\n|-weather|RainDance|[upkeep]\n|upkeep\n|turn|4\n|\n|t:|1700124137\n|switch|p2a: Aquamarine|Volcarona, F, shiny|100\/100\n|switch|p1a: Swampert|Swampert, F|100\/100\n|\n|-weather|RainDance|[upkeep]\n|upkeep\n|turn|5\n|\n|t:|1700124146\n|switch|p1a: Shiftry|Shiftry, F, shiny|100\/100\n|-terastallize|p2a: Aquamarine|Water\n|move|p2a: Aquamarine|Quiver Dance|p2a: Aquamarine\n|-boost|p2a: Aquamarine|spa|1\n|-boost|p2a: Aquamarine|spd|1\n|-boost|p2a: Aquamarine|spe|1\n|\n|-weather|RainDance|[upkeep]\n|upkeep\n|turn|6\n|\n|t:|1700124158\n|switch|p2a: Fry em Up|Zapdos, shiny|100\/100\n|move|p1a: Shiftry|Tailwind|p1a: Shiftry\n|-sidestart|p1: zaizaipo|move: Tailwind\n|-ability|p1a: Shiftry|Wind Rider|boost\n|-boost|p1a: Shiftry|atk|1\n|\n|-weather|none\n|upkeep\n|turn|7\n|\n|t:|1700124168\n|move|p1a: Shiftry|Knock Off|p2a: Fry em Up\n|-damage|p2a: Fry em Up|42\/100\n|-enditem|p2a: Fry em Up|Heavy-Duty Boots|[from] move: Knock Off|[of] p1a: Shiftry\n|move|p2a: Fry em Up|Discharge|p1a: Shiftry\n|-resisted|p1a: Shiftry\n|-damage|p1a: Shiftry|71\/100\n|\n|upkeep\n|turn|8\n|\n|t:|1700124177\n|move|p1a: Shiftry|Knock Off|p2a: Fry em Up\n|-damage|p2a: Fry em Up|2\/100\n|move|p2a: Fry em Up|Discharge|p1a: Shiftry\n|-resisted|p1a: Shiftry\n|-damage|p1a: Shiftry|46\/100\n|\n|upkeep\n|turn|9\n|\n|t:|1700124187\n|move|p1a: Shiftry|Knock Off|p2a: Fry em Up\n|-damage|p2a: Fry em Up|0 fnt\n|faint|p2a: Fry em Up\n|\n|-sideend|p1: zaizaipo|move: Tailwind\n|upkeep\n|\n|t:|1700124193\n|switch|p2a: Aquamarine|Volcarona, F, shiny, tera:Water|100\/100\n|turn|10\n|\n|t:|1700124198\n|move|p2a: Aquamarine|Fiery Dance|p1a: Shiftry\n|-supereffective|p1a: Shiftry\n|-damage|p1a: Shiftry|0 fnt\n|faint|p1a: Shiftry\n|\n|upkeep\n|\n|t:|1700124209\n|switch|p1a: Ogerpon|Ogerpon, F|100\/100\n|turn|11\n|\n|t:|1700124213\n|-zpower|p1a: Ogerpon\n|move|p1a: Ogerpon|Bloom Doom|p2a: Aquamarine|[zeffect]\n|-supereffective|p2a: Aquamarine\n|-damage|p2a: Aquamarine|0 fnt\n|faint|p2a: Aquamarine\n|\n|upkeep\n|\n|t:|1700124223\n|switch|p2a: \u4e0d\u53ef\u80fd|Samurott-Hisui, M, shiny|1\/100\n|turn|12\n|\n|t:|1700124226\n|move|p2a: \u4e0d\u53ef\u80fd|Ceaseless Edge|p1a: Ogerpon\n|-damage|p1a: Ogerpon|46\/100\n|-sidestart|p1: zaizaipo|Spikes\n|move|p1a: Ogerpon|U-turn|p2a: \u4e0d\u53ef\u80fd\n|-supereffective|p2a: \u4e0d\u53ef\u80fd\n|-crit|p2a: \u4e0d\u53ef\u80fd\n|-damage|p2a: \u4e0d\u53ef\u80fd|0 fnt\n|faint|p2a: \u4e0d\u53ef\u80fd\n|\n|t:|1700124234\n|switch|p1a: Sudowoodo|Sudowoodo, F, shiny|40\/100|[from] U-turn\n|-damage|p1a: Sudowoodo|27\/100|[from] Spikes\n|\n|upkeep\n|\n|t:|1700124240\n|switch|p2a: King Shark|Garchomp, M, shiny|100\/100\n|turn|13\n|\n|t:|1700124244\n|move|p2a: King Shark|Earthquake|p1a: Sudowoodo\n|-supereffective|p1a: Sudowoodo\n|-damage|p1a: Sudowoodo|0 fnt\n|faint|p1a: Sudowoodo\n|\n|upkeep\n|\n|t:|1700124253\n|switch|p1a: Pelipper|Pelipper, M|63\/100\n|-weather|RainDance|[from] ability: Drizzle|[of] p1a: Pelipper\n|turn|14\n|\n|t:|1700124259\n|move|p2a: King Shark|Dragon Claw|p1a: Pelipper\n|-damage|p1a: Pelipper|30\/100\n|move|p1a: Pelipper|Defog|p2a: King Shark\n|-unboost|p2a: King Shark|evasion|1\n|-sideend|p1: zaizaipo|Spikes|[from] move: Defog|[of] p1a: Pelipper\n|\n|-weather|RainDance|[upkeep]\n|upkeep\n|turn|15\n|\n|t:|1700124270\n|switch|p1a: Corviknight|Corviknight, M, shiny|100\/100\n|move|p2a: King Shark|Swords Dance|p2a: King Shark\n|-boost|p2a: King Shark|atk|2\n|\n|-weather|RainDance|[upkeep]\n|upkeep\n|turn|16\n|-message|Remy savage forfeited.\n|\n|win|zaizaipo\n|raw|zaizaipo's rating: 1226 &rarr; <strong>1255<\/strong><br \/>(+29 for winning)\n|raw|Remy savage's rating: 1285 &rarr; <strong>1256<\/strong><br \/>(-29 for losing)\n|l|\u2606Remy savage\n","uploadtime":1700124282,"views":6,"p1id":"zaizaipo","p2id":"remysavage","formatid":"gen9nationaldex","rating":1255,"private":0,"password":""}