{"id":"gen9nationaldex-1989946997","p1":"pokestella","p2":"LEONERROR500","format":"[Gen 9] National Dex","log":"|j|\u2606pokestella\n|j|\u2606LEONERROR500\n|t:|1699909164\n|gametype|singles\n|player|p1|pokestella|170|1692\n|player|p2|LEONERROR500|red|1655\n|teamsize|p1|6\n|teamsize|p2|6\n|gen|9\n|tier|[Gen 9] National Dex\n|rated|\n|rule|HP Percentage Mod: HP is shown in percentages\n|rule|Endless Battle Clause: Forcing endless battles is banned\n|rule|OHKO Clause: OHKO moves are banned\n|rule|Evasion Clause: Evasion abilities, items, and moves are banned\n|rule|Evasion Abilities Clause: Evasion abilities are banned\n|rule|Evasion Items Clause: Evasion items are banned\n|rule|Evasion Moves Clause: Evasion moves are banned\n|rule|Species Clause: Limit one of each Pok\u00e9mon\n|rule|Sleep Clause Mod: Limit one foe put to sleep\n|clearpoke\n|poke|p1|Iron Hands|\n|poke|p1|Alomomola, M|\n|poke|p1|Landorus-Therian, M|\n|poke|p1|Tapu Koko|\n|poke|p1|Zapdos|\n|poke|p1|Aegislash, M|\n|poke|p2|Iron Moth|\n|poke|p2|Rillaboom, F|\n|poke|p2|Glimmora, M|\n|poke|p2|Ceruledge, F|\n|poke|p2|Ogerpon-Wellspring, F|\n|poke|p2|Iron Valiant|\n|teampreview\n|inactive|Battle timer is ON: inactive players will automatically lose when time's up. (requested by LEONERROR500)\n|c|\u2606LEONERROR500|glhf\n|\n|t:|1699909176\n|start\n|switch|p1a: Tapu Koko|Tapu Koko|100\/100\n|switch|p2a: Glimmora|Glimmora, M|100\/100\n|-fieldstart|move: Electric Terrain|[from] ability: Electric Surge|[of] p1a: Tapu Koko\n|turn|1\n|\n|t:|1699909181\n|move|p1a: Tapu Koko|Thunderbolt|p2a: Glimmora\n|-damage|p2a: Glimmora|22\/100\n|move|p2a: Glimmora|Stealth Rock|p1a: Tapu Koko\n|-sidestart|p1: pokestella|move: Stealth Rock\n|\n|upkeep\n|turn|2\n|j| YJLF2\n|\n|t:|1699909188\n|switch|p2a: Rillaboom|Rillaboom, F|100\/100\n|-fieldstart|move: Grassy Terrain|[from] ability: Grassy Surge|[of] p2a: Rillaboom\n|move|p1a: Tapu Koko|Thunderbolt|p2a: Rillaboom\n|-resisted|p2a: Rillaboom\n|-damage|p2a: Rillaboom|80\/100\n|\n|-heal|p2a: Rillaboom|87\/100|[from] Grassy Terrain\n|upkeep\n|turn|3\n|\n|t:|1699909194\n|switch|p1a: Zapdos|Zapdos|100\/100\n|move|p2a: Rillaboom|U-turn|p1a: Zapdos\n|-resisted|p1a: Zapdos\n|-damage|p1a: Zapdos|84\/100\n|\n|t:|1699909201\n|switch|p2a: Glimmora|Glimmora, M|22\/100|[from] U-turn\n|\n|-heal|p2a: Glimmora|28\/100|[from] Grassy Terrain\n|upkeep\n|turn|4\n|\n|t:|1699909204\n|move|p1a: Zapdos|Volt Switch|p2a: Glimmora\n|-damage|p2a: Glimmora|0 fnt\n|faint|p2a: Glimmora\n|\n|t:|1699909209\n|switch|p1a: Tapu Koko|Tapu Koko|100\/100|[from] Volt Switch\n|-fieldstart|move: Electric Terrain|[from] ability: Electric Surge|[of] p1a: Tapu Koko\n|\n|upkeep\n|\n|t:|1699909216\n|switch|p2a: Iron Moth|Iron Moth|100\/100\n|-activate|p2a: Iron Moth|ability: Quark Drive\n|-start|p2a: Iron Moth|quarkdrivespe\n|turn|5\n|\n|t:|1699909224\n|switch|p1a: Iron Hands|Iron Hands|100\/100\n|-damage|p1a: Iron Hands|94\/100|[from] Stealth Rock\n|-activate|p1a: Iron Hands|ability: Quark Drive\n|-start|p1a: Iron Hands|quarkdriveatk\n|move|p2a: Iron Moth|Substitute|p2a: Iron Moth\n|-start|p2a: Iron Moth|Substitute\n|-damage|p2a: Iron Moth|76\/100\n|\n|upkeep\n|turn|6\n|j| GracieVGC\n|\n|t:|1699909241\n|move|p2a: Iron Moth|Sludge Wave|p1a: Iron Hands\n|-damage|p1a: Iron Hands|70\/100\n|move|p1a: Iron Hands|Thunder Punch|p2a: Iron Moth\n|-end|p2a: Iron Moth|Substitute\n|\n|upkeep\n|turn|7\n|\n|t:|1699909246\n|-end|p2a: Iron Moth|Quark Drive|[silent]\n|switch|p2a: Rillaboom|Rillaboom, F|87\/100\n|-fieldstart|move: Grassy Terrain|[from] ability: Grassy Surge|[of] p2a: Rillaboom\n|-end|p1a: Iron Hands|Quark Drive\n|move|p1a: Iron Hands|Thunder Punch|p2a: Rillaboom\n|-resisted|p2a: Rillaboom\n|-damage|p2a: Rillaboom|67\/100\n|-status|p2a: Rillaboom|par\n|\n|-heal|p1a: Iron Hands|76\/100|[from] Grassy Terrain\n|-heal|p2a: Rillaboom|74\/100 par|[from] Grassy Terrain\n|upkeep\n|turn|8\n|\n|t:|1699909252\n|-end|p1a: Iron Hands|Quark Drive|[silent]\n|switch|p1a: Zapdos|Zapdos|84\/100\n|move|p2a: Rillaboom|Grassy Glide|p1a: Zapdos\n|-resisted|p1a: Zapdos\n|-damage|p1a: Zapdos|58\/100\n|\n|-heal|p2a: Rillaboom|80\/100 par|[from] Grassy Terrain\n|upkeep\n|turn|9\n|\n|t:|1699909260\n|switch|p2a: Ogerpon|Ogerpon-Wellspring, F|100\/100\n|move|p1a: Zapdos|Volt Switch|p2a: Ogerpon\n|-damage|p2a: Ogerpon|67\/100\n|\n|t:|1699909263\n|switch|p1a: Tapu Koko|Tapu Koko|100\/100|[from] Volt Switch\n|-fieldstart|move: Electric Terrain|[from] ability: Electric Surge|[of] p1a: Tapu Koko\n|\n|upkeep\n|turn|10\n|\n|t:|1699909266\n|switch|p2a: Rillaboom|Rillaboom, F|80\/100 par\n|-fieldstart|move: Grassy Terrain|[from] ability: Grassy Surge|[of] p2a: Rillaboom\n|move|p1a: Tapu Koko|U-turn|p2a: Rillaboom\n|-supereffective|p2a: Rillaboom\n|-damage|p2a: Rillaboom|50\/100 par\n|\n|t:|1699909269\n|switch|p1a: Zapdos|Zapdos|58\/100|[from] U-turn\n|\n|-heal|p2a: Rillaboom|56\/100 par|[from] Grassy Terrain\n|upkeep\n|turn|11\n|\n|t:|1699909274\n|move|p1a: Zapdos|Hurricane|p2a: Rillaboom\n|-supereffective|p2a: Rillaboom\n|-damage|p2a: Rillaboom|0 fnt\n|faint|p2a: Rillaboom\n|\n|upkeep\n|\n|t:|1699909286\n|switch|p2a: Ceruledge|Ceruledge, F|100\/100\n|turn|12\n|\n|t:|1699909288\n|move|p1a: Zapdos|Volt Switch|p2a: Ceruledge\n|-damage|p2a: Ceruledge|65\/100\n|\n|t:|1699909293\n|switch|p1a: Landorus|Landorus-Therian, M|100\/100|[from] Volt Switch\n|-damage|p1a: Landorus|88\/100|[from] Stealth Rock\n|-ability|p1a: Landorus|Intimidate|boost\n|-unboost|p2a: Ceruledge|atk|1\n|move|p2a: Ceruledge|Poltergeist|p1a: Landorus\n|-activate|p1a: Landorus|move: Poltergeist|Rocky Helmet\n|-damage|p1a: Landorus|61\/100\n|\n|-heal|p2a: Ceruledge|71\/100|[from] Grassy Terrain\n|upkeep\n|turn|13\n|\n|t:|1699909304\n|move|p2a: Ceruledge|Swords Dance|p2a: Ceruledge\n|-boost|p2a: Ceruledge|atk|2\n|move|p1a: Landorus|Earthquake|p2a: Ceruledge\n|-supereffective|p2a: Ceruledge\n|-damage|p2a: Ceruledge|1\/100\n|-ability|p2a: Ceruledge|Weak Armor|boost\n|-unboost|p2a: Ceruledge|def|1\n|-boost|p2a: Ceruledge|spe|2\n|\n|-heal|p2a: Ceruledge|7\/100|[from] Grassy Terrain\n|upkeep\n|turn|14\n|\n|t:|1699909309\n|move|p2a: Ceruledge|Poltergeist|p1a: Landorus\n|-activate|p1a: Landorus|move: Poltergeist|Rocky Helmet\n|-damage|p1a: Landorus|3\/100\n|move|p1a: Landorus|Knock Off|p2a: Ceruledge\n|-supereffective|p2a: Ceruledge\n|-damage|p2a: Ceruledge|0 fnt\n|-enditem|p2a: Ceruledge|Heavy-Duty Boots|[from] move: Knock Off|[of] p1a: Landorus\n|faint|p2a: Ceruledge\n|\n|-fieldend|move: Grassy Terrain\n|upkeep\n|\n|t:|1699909321\n|switch|p2a: Ogerpon|Ogerpon-Wellspring, F|67\/100\n|turn|15\n|\n|t:|1699909324\n|move|p2a: Ogerpon|Ivy Cudgel|p1a: Landorus\n|-supereffective|p1a: Landorus\n|-damage|p1a: Landorus|0 fnt\n|faint|p1a: Landorus\n|\n|upkeep\n|\n|t:|1699909330\n|switch|p1a: Tapu Koko|Tapu Koko|100\/100\n|-fieldstart|move: Electric Terrain|[from] ability: Electric Surge|[of] p1a: Tapu Koko\n|turn|16\n|\n|t:|1699909339\n|move|p1a: Tapu Koko|U-turn|p2a: Ogerpon\n|-supereffective|p2a: Ogerpon\n|-damage|p2a: Ogerpon|23\/100\n|\n|t:|1699909345\n|switch|p1a: Zapdos|Zapdos|58\/100|[from] U-turn\n|move|p2a: Ogerpon|Power Whip|p1a: Zapdos|[miss]\n|-miss|p2a: Ogerpon|p1a: Zapdos\n|\n|upkeep\n|turn|17\n|\n|t:|1699909353\n|move|p2a: Ogerpon|Ivy Cudgel|p1a: Zapdos\n|-damage|p1a: Zapdos|3\/100\n|move|p1a: Zapdos|Volt Switch|p2a: Ogerpon\n|-crit|p2a: Ogerpon\n|-damage|p2a: Ogerpon|0 fnt\n|faint|p2a: Ogerpon\n|\n|t:|1699909361\n|switch|p1a: Alomomola|Alomomola, M|100\/100|[from] Volt Switch\n|\n|upkeep\n|\n|t:|1699909364\n|switch|p2a: Iron Moth|Iron Moth|76\/100\n|-activate|p2a: Iron Moth|ability: Quark Drive\n|-start|p2a: Iron Moth|quarkdrivespe\n|turn|18\n|\n|t:|1699909366\n|-terastallize|p2a: Iron Moth|Grass\n|move|p2a: Iron Moth|Substitute|p2a: Iron Moth\n|-start|p2a: Iron Moth|Substitute\n|-damage|p2a: Iron Moth|51\/100\n|move|p1a: Alomomola|Flip Turn|p2a: Iron Moth\n|-resisted|p2a: Iron Moth\n|-activate|p2a: Iron Moth|move: Substitute|[damage]\n|\n|t:|1699909377\n|switch|p1a: Iron Hands|Iron Hands|76\/100|[from] Flip Turn\n|-damage|p1a: Iron Hands|70\/100|[from] Stealth Rock\n|-activate|p1a: Iron Hands|ability: Quark Drive\n|-start|p1a: Iron Hands|quarkdriveatk\n|\n|upkeep\n|turn|19\n|\n|t:|1699909380\n|move|p2a: Iron Moth|Fiery Dance|p1a: Iron Hands\n|-damage|p1a: Iron Hands|47\/100\n|move|p1a: Iron Hands|Ice Punch|p2a: Iron Moth\n|-supereffective|p2a: Iron Moth\n|-end|p2a: Iron Moth|Substitute\n|\n|upkeep\n|turn|20\n|j| deathdragon551\n|\n|t:|1699909386\n|-end|p2a: Iron Moth|Quark Drive|[silent]\n|switch|p2a: Iron Valiant|Iron Valiant|100\/100\n|-activate|p2a: Iron Valiant|ability: Quark Drive\n|-start|p2a: Iron Valiant|quarkdrivespe\n|move|p1a: Iron Hands|Ice Punch|p2a: Iron Valiant\n|-damage|p2a: Iron Valiant|50\/100\n|\n|-fieldend|move: Electric Terrain\n|-end|p2a: Iron Valiant|Quark Drive\n|-end|p1a: Iron Hands|Quark Drive\n|upkeep\n|-enditem|p2a: Iron Valiant|Booster Energy\n|-activate|p2a: Iron Valiant|ability: Quark Drive|[fromitem]\n|-start|p2a: Iron Valiant|quarkdrivespe\n|turn|21\n|\n|t:|1699909392\n|-end|p1a: Iron Hands|Quark Drive|[silent]\n|switch|p1a: Zapdos|Zapdos|3\/100\n|move|p2a: Iron Valiant|Swords Dance|p2a: Iron Valiant\n|-boost|p2a: Iron Valiant|atk|2\n|\n|upkeep\n|turn|22\n|\n|t:|1699909395\n|move|p2a: Iron Valiant|Ice Punch|p1a: Zapdos\n|-supereffective|p1a: Zapdos\n|-damage|p1a: Zapdos|0 fnt\n|faint|p1a: Zapdos\n|\n|upkeep\n|\n|t:|1699909401\n|switch|p1a: Aegislash|Aegislash, M|100\/100\n|-damage|p1a: Aegislash|94\/100|[from] Stealth Rock\n|turn|23\n|\n|t:|1699909405\n|-terastallize|p1a: Aegislash|Dragon\n|move|p2a: Iron Valiant|Destiny Bond|p2a: Iron Valiant\n|-singlemove|p2a: Iron Valiant|Destiny Bond\n|-formechange|p1a: Aegislash|Aegislash-Blade||[from] ability: Stance Change\n|move|p1a: Aegislash|Shadow Ball|p2a: Iron Valiant\n|-damage|p2a: Iron Valiant|0 fnt\n|faint|p2a: Iron Valiant\n|-activate|p2a: Iron Valiant|move: Destiny Bond\n|-end|p2a: Iron Valiant|Quark Drive|[silent]\n|faint|p1a: Aegislash\n|\n|upkeep\n|\n|t:|1699909416\n|switch|p2a: Iron Moth|Iron Moth, tera:Grass|51\/100\n|switch|p1a: Iron Hands|Iron Hands|47\/100\n|-damage|p1a: Iron Hands|41\/100|[from] Stealth Rock\n|-enditem|p2a: Iron Moth|Booster Energy\n|-activate|p2a: Iron Moth|ability: Quark Drive|[fromitem]\n|-start|p2a: Iron Moth|quarkdrivespe\n|turn|24\n|\n|t:|1699909420\n|move|p2a: Iron Moth|Fiery Dance|p1a: Iron Hands\n|-damage|p1a: Iron Hands|22\/100\n|move|p1a: Iron Hands|Ice Punch|p2a: Iron Moth\n|-supereffective|p2a: Iron Moth\n|-damage|p2a: Iron Moth|0 fnt\n|faint|p2a: Iron Moth\n|-end|p2a: Iron Moth|Quark Drive|[silent]\n|\n|win|pokestella\n|raw|pokestella's rating: 1692 &rarr; <strong>1710<\/strong><br \/>(+18 for winning)\n|raw|LEONERROR500's rating: 1655 &rarr; <strong>1637<\/strong><br \/>(-18 for losing)\n|l| deathdragon551\n|l| YJLF2\n","uploadtime":1699909432,"views":6,"p1id":"pokestella","p2id":"leonerror500","formatid":"gen9nationaldex","rating":1637,"private":0,"password":""}