{"id":"gen9nationaldex-1993047613","p1":"sambalele","p2":"xElPalex","format":"[Gen 9] National Dex","log":"|j|\u2606sambalele\n|j|\u2606xElPalex\n|t:|1700258967\n|gametype|singles\n|player|p1|sambalele|lance|1137\n|player|p2|xElPalex|102|1187\n|teamsize|p1|6\n|teamsize|p2|6\n|gen|9\n|tier|[Gen 9] National Dex\n|rated|\n|rule|HP Percentage Mod: HP is shown in percentages\n|rule|Endless Battle Clause: Forcing endless battles is banned\n|rule|OHKO Clause: OHKO moves are banned\n|rule|Evasion Clause: Evasion abilities, items, and moves are banned\n|rule|Evasion Abilities Clause: Evasion abilities are banned\n|rule|Evasion Items Clause: Evasion items are banned\n|rule|Evasion Moves Clause: Evasion moves are banned\n|rule|Species Clause: Limit one of each Pok\u00e9mon\n|rule|Sleep Clause Mod: Limit one foe put to sleep\n|clearpoke\n|poke|p1|Sceptile, F|\n|poke|p1|Iron Valiant|\n|poke|p1|Crawdaunt, F|\n|poke|p1|Nihilego|\n|poke|p1|Mimikyu, F|\n|poke|p1|Torterra, M|\n|poke|p2|Tyranitar, M|\n|poke|p2|Greninja-*, M|\n|poke|p2|Kommo-o, F|\n|poke|p2|Blaziken, M|\n|poke|p2|Garchomp, M|\n|poke|p2|Ogerpon-Wellspring, F|\n|teampreview\n|\n|t:|1700258982\n|start\n|switch|p1a: Nihilego|Nihilego|100\/100\n|switch|p2a: Tyranitar|Tyranitar, M|100\/100\n|-weather|Sandstorm|[from] ability: Sand Stream|[of] p2a: Tyranitar\n|turn|1\n|\n|t:|1700258994\n|detailschange|p2a: Tyranitar|Tyranitar-Mega, M\n|-mega|p2a: Tyranitar|Tyranitar|Tyranitarite\n|move|p1a: Nihilego|Meteor Beam||[still]\n|-prepare|p1a: Nihilego|Meteor Beam\n|-boost|p1a: Nihilego|spa|1\n|-enditem|p1a: Nihilego|Power Herb\n|-anim|p1a: Nihilego|Meteor Beam|p2a: Tyranitar\n|-damage|p2a: Tyranitar|43\/100\n|move|p2a: Tyranitar|Dragon Dance|p2a: Tyranitar\n|-boost|p2a: Tyranitar|atk|1\n|-boost|p2a: Tyranitar|spe|1\n|\n|-weather|Sandstorm|[upkeep]\n|upkeep\n|turn|2\n|\n|t:|1700259007\n|move|p2a: Tyranitar|Earthquake|p1a: Nihilego\n|-supereffective|p1a: Nihilego\n|-damage|p1a: Nihilego|0 fnt\n|faint|p1a: Nihilego\n|\n|-weather|Sandstorm|[upkeep]\n|upkeep\n|\n|t:|1700259010\n|switch|p1a: Crawdaunt|Crawdaunt, F|100\/100\n|turn|3\n|\n|t:|1700259019\n|move|p1a: Crawdaunt|Aqua Jet|p2a: Tyranitar\n|-supereffective|p2a: Tyranitar\n|-damage|p2a: Tyranitar|3\/100\n|move|p2a: Tyranitar|Brick Break|p1a: Crawdaunt\n|-supereffective|p1a: Crawdaunt\n|-damage|p1a: Crawdaunt|0 fnt\n|faint|p1a: Crawdaunt\n|\n|-weather|Sandstorm|[upkeep]\n|upkeep\n|\n|t:|1700259024\n|switch|p1a: Iron Valiant|Iron Valiant|100\/100\n|turn|4\n|\n|t:|1700259036\n|move|p1a: Iron Valiant|Shadow Sneak|p2a: Tyranitar\n|-resisted|p2a: Tyranitar\n|-damage|p2a: Tyranitar|0 fnt\n|faint|p2a: Tyranitar\n|\n|-weather|Sandstorm|[upkeep]\n|-damage|p1a: Iron Valiant|94\/100|[from] Sandstorm\n|upkeep\n|\n|t:|1700259047\n|switch|p2a: Ogerpon|Ogerpon-Wellspring, F|100\/100\n|turn|5\n|\n|t:|1700259068\n|move|p2a: Ogerpon|Spiky Shield|p2a: Ogerpon\n|-singleturn|p2a: Ogerpon|move: Protect\n|move|p1a: Iron Valiant|Swords Dance|p1a: Iron Valiant\n|-boost|p1a: Iron Valiant|atk|2\n|\n|-weather|none\n|upkeep\n|turn|6\n|\n|t:|1700259077\n|move|p2a: Ogerpon|Play Rough|p1a: Iron Valiant\n|-supereffective|p1a: Iron Valiant\n|-damage|p1a: Iron Valiant|0 fnt\n|faint|p1a: Iron Valiant\n|-end|p1a: Iron Valiant|Quark Drive|[silent]\n|\n|upkeep\n|\n|t:|1700259090\n|switch|p1a: Mimikyu|Mimikyu, F|100\/100\n|turn|7\n|\n|t:|1700259099\n|move|p2a: Ogerpon|Spiky Shield|p2a: Ogerpon\n|-singleturn|p2a: Ogerpon|move: Protect\n|move|p1a: Mimikyu|Bulk Up|p1a: Mimikyu\n|-boost|p1a: Mimikyu|atk|1\n|-boost|p1a: Mimikyu|def|1\n|\n|upkeep\n|turn|8\n|\n|t:|1700259106\n|move|p2a: Ogerpon|Ivy Cudgel|p1a: Mimikyu|[anim] Ivy Cudgel Water\n|-activate|p1a: Mimikyu|ability: Disguise\n|-damage|p1a: Mimikyu|100\/100\n|detailschange|p1a: Mimikyu|Mimikyu-Busted, F\n|-damage|p1a: Mimikyu|88\/100|[from] pokemon: Mimikyu-Busted\n|move|p1a: Mimikyu|Trailblaze|p2a: Ogerpon\n|-damage|p2a: Ogerpon|71\/100\n|-boost|p1a: Mimikyu|spe|1\n|\n|upkeep\n|turn|9\n|\n|t:|1700259135\n|move|p2a: Ogerpon|Spiky Shield|p2a: Ogerpon\n|-singleturn|p2a: Ogerpon|move: Protect\n|move|p1a: Mimikyu|Play Rough|p2a: Ogerpon\n|-activate|p2a: Ogerpon|move: Protect\n|-damage|p1a: Mimikyu|76\/100|[from] Spiky Shield|[of] p2a: Ogerpon\n|\n|upkeep\n|turn|10\n|\n|t:|1700259144\n|move|p1a: Mimikyu|Play Rough|p2a: Ogerpon|[miss]\n|-miss|p1a: Mimikyu|p2a: Ogerpon\n|move|p2a: Ogerpon|Ivy Cudgel|p1a: Mimikyu|[anim] Ivy Cudgel Water\n|-damage|p1a: Mimikyu|16\/100\n|\n|upkeep\n|turn|11\n|\n|t:|1700259151\n|move|p2a: Ogerpon|Spiky Shield|p2a: Ogerpon\n|-singleturn|p2a: Ogerpon|move: Protect\n|move|p1a: Mimikyu|Play Rough|p2a: Ogerpon\n|-activate|p2a: Ogerpon|move: Protect\n|-damage|p1a: Mimikyu|4\/100|[from] Spiky Shield|[of] p2a: Ogerpon\n|\n|upkeep\n|turn|12\n|\n|t:|1700259160\n|-zpower|p1a: Mimikyu\n|move|p1a: Mimikyu|Let's Snuggle Forever|p2a: Ogerpon|[zeffect]\n|-damage|p2a: Ogerpon|0 fnt\n|faint|p2a: Ogerpon\n|\n|upkeep\n|\n|t:|1700259185\n|switch|p2a: Greninja|Greninja, M|100\/100\n|turn|13\n|\n|t:|1700259194\n|move|p2a: Greninja|Water Shuriken|p1a: Mimikyu\n|-damage|p1a: Mimikyu|0 fnt\n|faint|p1a: Mimikyu\n|-ability|p2a: Greninja|Battle Bond|boost\n|-boost|p2a: Greninja|atk|1\n|-boost|p2a: Greninja|spa|1\n|-boost|p2a: Greninja|spe|1\n|-activate|p2a: Greninja|ability: Battle Bond\n|-hitcount|p1: Mimikyu|1\n|\n|upkeep\n|\n|t:|1700259199\n|switch|p1a: Sceptile|Sceptile, F|100\/100\n|turn|14\n|\n|t:|1700259207\n|detailschange|p1a: Sceptile|Sceptile-Mega, F\n|-mega|p1a: Sceptile|Sceptile|Sceptilite\n|move|p2a: Greninja|Night Slash|p1a: Sceptile\n|-damage|p1a: Sceptile|38\/100\n|move|p1a: Sceptile|Dragon Dance|p1a: Sceptile\n|-boost|p1a: Sceptile|atk|1\n|-boost|p1a: Sceptile|spe|1\n|\n|upkeep\n|turn|15\n|\n|t:|1700259222\n|move|p2a: Greninja|Water Shuriken|p1a: Sceptile\n|-resisted|p1a: Sceptile\n|-crit|p1a: Sceptile\n|-damage|p1a: Sceptile|33\/100\n|-resisted|p1a: Sceptile\n|-damage|p1a: Sceptile|31\/100\n|-resisted|p1a: Sceptile\n|-damage|p1a: Sceptile|28\/100\n|-hitcount|p1a: Sceptile|3\n|move|p1a: Sceptile|Power-Up Punch|p2a: Greninja\n|-supereffective|p2a: Greninja\n|-damage|p2a: Greninja|22\/100\n|-boost|p1a: Sceptile|atk|1\n|\n|upkeep\n|turn|16\n|\n|t:|1700259241\n|move|p2a: Greninja|Water Shuriken|p1a: Sceptile\n|-resisted|p1a: Sceptile\n|-damage|p1a: Sceptile|26\/100\n|-resisted|p1a: Sceptile\n|-damage|p1a: Sceptile|23\/100\n|-hitcount|p1a: Sceptile|2\n|move|p1a: Sceptile|Leaf Blade|p2a: Greninja\n|-supereffective|p2a: Greninja\n|-damage|p2a: Greninja|0 fnt\n|faint|p2a: Greninja\n|\n|upkeep\n|\n|t:|1700259262\n|switch|p2a: Blaziken|Blaziken, M|100\/100\n|turn|17\n|\n|t:|1700259270\n|-terastallize|p2a: Blaziken|Flying\n|move|p1a: Sceptile|Dual Chop|p2a: Blaziken\n|-damage|p2a: Blaziken|37\/100\n|-damage|p2a: Blaziken|0 fnt\n|faint|p2a: Blaziken\n|-hitcount|p2: Blaziken|2\n|\n|upkeep\n|\n|t:|1700259286\n|switch|p2a: Garchomp|Garchomp, M|100\/100\n|turn|18\n|\n|t:|1700259291\n|move|p1a: Sceptile|Dual Chop|p2a: Garchomp\n|-supereffective|p2a: Garchomp\n|-damage|p2a: Garchomp|27\/100\n|-damage|p1a: Sceptile|11\/100|[from] ability: Rough Skin|[of] p2a: Garchomp\n|-supereffective|p2a: Garchomp\n|-damage|p2a: Garchomp|0 fnt\n|-damage|p1a: Sceptile|0 fnt|[from] ability: Rough Skin|[of] p2a: Garchomp\n|faint|p2a: Garchomp\n|faint|p1a: Sceptile\n|-hitcount|p2: Garchomp|2\n|\n|upkeep\n|\n|t:|1700259301\n|switch|p1a: Torterra|Torterra, M|100\/100\n|switch|p2a: Kommo-o|Kommo-o, F|100\/100\n|turn|19\n|\n|t:|1700259307\n|-zpower|p2a: Kommo-o\n|move|p2a: Kommo-o|Clangorous Soulblaze|p1a: Torterra|[zeffect]\n|-damage|p1a: Torterra|0 fnt\n|faint|p1a: Torterra\n|\n|win|xElPalex\n|raw|sambalele's rating: 1137 &rarr; <strong>1116<\/strong><br \/>(-21 for losing)\n|raw|xElPalex's rating: 1187 &rarr; <strong>1208<\/strong><br \/>(+21 for winning)\n","uploadtime":1700259319,"views":6,"p1id":"sambalele","p2id":"xelpalex","formatid":"gen9nationaldex","rating":1116,"private":0,"password":""}