{"id":"gen9nationaldex-1995049125","p1":"AquiIo","p2":"Rising skies","format":"[Gen 9] National Dex","log":"|html|<div class=\"broadcast-blue\"><strong>[Gen 9] National Dex is currently suspecting Sneasler! For information on how to participate check out the <a href=\"https:\/\/www.smogon.com\/forums\/threads\/sv-national-dex-suspect-8-just-dance.3731534\/\">suspect thread<\/a>.<\/strong><\/div>\n|j|\u2606AquiIo\n|j|\u2606Rising skies\n|t:|1700517068\n|gametype|singles\n|player|p1|AquiIo|266|1423\n|player|p2|Rising skies|fisherman-gen4|1482\n|teamsize|p1|6\n|teamsize|p2|6\n|gen|9\n|tier|[Gen 9] National Dex\n|rated|\n|rule|HP Percentage Mod: HP is shown in percentages\n|rule|Endless Battle Clause: Forcing endless battles is banned\n|rule|OHKO Clause: OHKO moves are banned\n|rule|Evasion Clause: Evasion abilities, items, and moves are banned\n|rule|Evasion Abilities Clause: Evasion abilities are banned\n|rule|Evasion Items Clause: Evasion items are banned\n|rule|Evasion Moves Clause: Evasion moves are banned\n|rule|Species Clause: Limit one of each Pok\u00e9mon\n|rule|Sleep Clause Mod: Limit one foe put to sleep\n|clearpoke\n|poke|p1|Blaziken, F|\n|poke|p1|Diancie|\n|poke|p1|Rillaboom, F|\n|poke|p1|Ogerpon-Wellspring, F|\n|poke|p1|Enamorus, F|\n|poke|p1|Blacephalon|\n|poke|p2|Ninetales-Alola, M|\n|poke|p2|Kommo-o, F|\n|poke|p2|Gyarados, F|\n|poke|p2|Hatterene, F|\n|poke|p2|Kleavor, F|\n|poke|p2|Kartana|\n|teampreview\n|inactive|Battle timer is ON: inactive players will automatically lose when time's up. (requested by Rising skies)\n|\n|t:|1700517077\n|start\n|switch|p1a: Blacephalon|Blacephalon|100\/100\n|switch|p2a: Kleavor|Kleavor, F|100\/100\n|turn|1\n|\n|t:|1700517082\n|move|p1a: Blacephalon|Mind Blown|p2a: Kleavor\n|-damage|p2a: Kleavor|0 fnt\n|-damage|p1a: Blacephalon|50\/100|[from] mindblown\n|faint|p2a: Kleavor\n|-ability|p1a: Blacephalon|Beast Boost|boost\n|-boost|p1a: Blacephalon|spa|1\n|\n|upkeep\n|\n|t:|1700517096\n|switch|p2a: Kommo-o|Kommo-o, F|100\/100\n|turn|2\n|\n|t:|1700517102\n|move|p1a: Blacephalon|Mind Blown|p2a: Kommo-o\n|-resisted|p2a: Kommo-o\n|-crit|p2a: Kommo-o\n|-damage|p2a: Kommo-o|0 fnt\n|-damage|p1a: Blacephalon|0 fnt|[from] mindblown\n|faint|p1a: Blacephalon\n|faint|p2a: Kommo-o\n|\n|upkeep\n|c|\u2606AquiIo|lol\n|c|\u2606AquiIo|hf!\n|\n|t:|1700517120\n|switch|p1a: Diancie|Diancie|100\/100\n|switch|p2a: Kartana|Kartana|100\/100\n|turn|3\n|c|\u2606Rising skies|I like that lmao\n|c|\u2606Rising skies|funny ass strat\n|\n|t:|1700517128\n|detailschange|p1a: Diancie|Diancie-Mega\n|-mega|p1a: Diancie|Diancie|Diancite\n|move|p1a: Diancie|Mystical Fire|p2a: Kartana\n|-supereffective|p2a: Kartana\n|-damage|p2a: Kartana|0 fnt\n|faint|p2a: Kartana\n|\n|upkeep\n|\n|t:|1700517141\n|switch|p2a: Hatterene|Hatterene, F|100\/100\n|turn|4\n|l|\u2606Rising skies\n|inactive|Rising skies disconnected and has a minute to reconnect!\n|player|p2|\n|inactive|Rising skies has 30 seconds to reconnect!\n|j|\u2606Rising skies\n|inactive|Rising skies reconnected and has 100 seconds left.\n|player|p2|Rising skies|fisherman-gen4\n|\n|t:|1700517199\n|move|p1a: Diancie|Diamond Storm|p2a: Hatterene\n|-damage|p2a: Hatterene|47\/100\n|-boost|p1a: Diancie|def|2\n|move|p2a: Hatterene|Calm Mind|p2a: Hatterene\n|-boost|p2a: Hatterene|spa|1\n|-boost|p2a: Hatterene|spd|1\n|\n|-heal|p2a: Hatterene|54\/100|[from] item: Leftovers\n|upkeep\n|turn|5\n|\n|t:|1700517214\n|move|p1a: Diancie|Diamond Storm|p2a: Hatterene\n|-damage|p2a: Hatterene|3\/100\n|-boost|p1a: Diancie|def|2\n|move|p2a: Hatterene|Draining Kiss|p1a: Diancie\n|-damage|p1a: Diancie|47\/100\n|-heal|p2a: Hatterene|42\/100|[from] drain|[of] p1a: Diancie\n|\n|-heal|p2a: Hatterene|48\/100|[from] item: Leftovers\n|upkeep\n|turn|6\n|\n|t:|1700517229\n|move|p1a: Diancie|Diamond Storm|p2a: Hatterene\n|-damage|p2a: Hatterene|0 fnt\n|faint|p2a: Hatterene\n|\n|upkeep\n|\n|t:|1700517239\n|switch|p2a: Gyarados|Gyarados, F|100\/100\n|-ability|p2a: Gyarados|Intimidate|boost\n|-unboost|p1a: Diancie|atk|1\n|turn|7\n|\n|t:|1700517246\n|detailschange|p2a: Gyarados|Gyarados-Mega, F\n|-mega|p2a: Gyarados|Gyarados|Gyaradosite\n|-ability|p2a: Gyarados|Mold Breaker\n|move|p1a: Diancie|Diamond Storm|p2a: Gyarados\n|-damage|p2a: Gyarados|66\/100\n|move|p2a: Gyarados|Dragon Dance|p2a: Gyarados\n|-boost|p2a: Gyarados|atk|1\n|-boost|p2a: Gyarados|spe|1\n|\n|upkeep\n|turn|8\n|c|\u2606Rising skies|this team is also very weak to mega diancie\n|\n|t:|1700517260\n|move|p2a: Gyarados|Waterfall|p1a: Diancie\n|-supereffective|p1a: Diancie\n|-damage|p1a: Diancie|0 fnt\n|faint|p1a: Diancie\n|\n|upkeep\n|\n|t:|1700517269\n|switch|p1a: Rillaboom|Rillaboom, F|100\/100\n|-fieldstart|move: Grassy Terrain|[from] ability: Grassy Surge|[of] p1a: Rillaboom\n|turn|9\n|inactive|Rising skies has 120 seconds left.\n|\n|t:|1700517287\n|switch|p2a: Ninetales|Ninetales-Alola, M|100\/100\n|-weather|Snow|[from] ability: Snow Warning|[of] p2a: Ninetales\n|move|p1a: Rillaboom|Grassy Glide|p2a: Ninetales\n|-damage|p2a: Ninetales|47\/100\n|-damage|p1a: Rillaboom|91\/100|[from] item: Life Orb\n|\n|-weather|Snow|[upkeep]\n|-heal|p2a: Ninetales|54\/100|[from] Grassy Terrain\n|-heal|p1a: Rillaboom|97\/100|[from] Grassy Terrain\n|upkeep\n|turn|10\n|inactive|Rising skies has 120 seconds left.\n|\n|t:|1700517299\n|-terastallize|p1a: Rillaboom|Grass\n|move|p1a: Rillaboom|Grassy Glide|p2a: Ninetales\n|-damage|p2a: Ninetales|0 fnt\n|faint|p2a: Ninetales\n|-damage|p1a: Rillaboom|87\/100|[from] item: Life Orb\n|\n|-weather|Snow|[upkeep]\n|-heal|p1a: Rillaboom|93\/100|[from] Grassy Terrain\n|upkeep\n|c|\u2606AquiIo|ggs\n|c|\u2606AquiIo|wp\n|inactive|Rising skies has 120 seconds left.\n|-message|Rising skies forfeited.\n|\n|win|AquiIo\n|raw|AquiIo's rating: 1423 &rarr; <strong>1446<\/strong><br \/>(+23 for winning)\n|raw|Rising skies's rating: 1482 &rarr; <strong>1459<\/strong><br \/>(-23 for losing)\n|l|\u2606Rising skies\n","uploadtime":1700517316,"views":2,"p1id":"aquiio","p2id":"risingskies","formatid":"gen9nationaldex","rating":1446,"private":0,"password":""}