{"id":"gen9nationaldex-1991775526","p1":"LVGLO","p2":"mosaic type","format":"[Gen 9] National Dex","log":"|j|\u2606LVGLO\n|j|\u2606mosaic type\n|t:|1700115103\n|gametype|singles\n|player|p1|LVGLO|266|1465\n|player|p2|mosaic type|101|1410\n|teamsize|p1|6\n|teamsize|p2|6\n|gen|9\n|tier|[Gen 9] National Dex\n|rated|\n|rule|HP Percentage Mod: HP is shown in percentages\n|rule|Endless Battle Clause: Forcing endless battles is banned\n|rule|OHKO Clause: OHKO moves are banned\n|rule|Evasion Clause: Evasion abilities, items, and moves are banned\n|rule|Evasion Abilities Clause: Evasion abilities are banned\n|rule|Evasion Items Clause: Evasion items are banned\n|rule|Evasion Moves Clause: Evasion moves are banned\n|rule|Species Clause: Limit one of each Pok\u00e9mon\n|rule|Sleep Clause Mod: Limit one foe put to sleep\n|clearpoke\n|poke|p1|Mew|\n|poke|p1|Victini|\n|poke|p1|Xatu, M|\n|poke|p1|Togekiss, F|\n|poke|p1|Tapu Fini|\n|poke|p1|Grimmsnarl, M|\n|poke|p2|Volcanion|\n|poke|p2|Tapu Koko|\n|poke|p2|Thundurus, M|\n|poke|p2|Garchomp, M|\n|poke|p2|Scizor, M|\n|poke|p2|Iron Valiant|\n|teampreview\n|\n|t:|1700115115\n|start\n|switch|p1a: Victini|Victini|100\/100\n|switch|p2a: Tapu Koko|Tapu Koko, shiny|100\/100\n|-fieldstart|move: Electric Terrain|[from] ability: Electric Surge|[of] p2a: Tapu Koko\n|turn|1\n|\n|t:|1700115122\n|move|p1a: Victini|Final Gambit|p2a: Tapu Koko\n|-damage|p2a: Tapu Koko|0 fnt\n|faint|p1a: Victini\n|faint|p2a: Tapu Koko\n|\n|upkeep\n|\n|t:|1700115130\n|switch|p2a: Volcanion|Volcanion|100\/100\n|switch|p1a: Grimmsnarl|Grimmsnarl, M|100\/100\n|turn|2\n|\n|t:|1700115136\n|move|p1a: Grimmsnarl|Light Screen|p1a: Grimmsnarl\n|-sidestart|p1: LVGLO|move: Light Screen\n|move|p2a: Volcanion|Steam Eruption|p1a: Grimmsnarl\n|-damage|p1a: Grimmsnarl|63\/100\n|-status|p1a: Grimmsnarl|brn\n|\n|-damage|p1a: Grimmsnarl|57\/100 brn|[from] brn\n|upkeep\n|turn|3\n|\n|t:|1700115145\n|move|p1a: Grimmsnarl|Reflect|p1a: Grimmsnarl\n|-sidestart|p1: LVGLO|Reflect\n|move|p2a: Volcanion|Steam Eruption|p1a: Grimmsnarl\n|-damage|p1a: Grimmsnarl|23\/100 brn\n|\n|-damage|p1a: Grimmsnarl|16\/100 brn|[from] brn\n|upkeep\n|turn|4\n|\n|t:|1700115150\n|move|p1a: Grimmsnarl|Parting Shot|p2a: Volcanion\n|-unboost|p2a: Volcanion|atk|1\n|-unboost|p2a: Volcanion|spa|1\n|\n|t:|1700115155\n|switch|p1a: Tapu Fini|Tapu Fini|100\/100|[from] Parting Shot\n|-fieldstart|move: Misty Terrain|[from] ability: Misty Surge|[of] p1a: Tapu Fini\n|move|p2a: Volcanion|Steam Eruption|p1a: Tapu Fini\n|-resisted|p1a: Tapu Fini\n|-damage|p1a: Tapu Fini|93\/100\n|\n|-heal|p1a: Tapu Fini|99\/100|[from] item: Leftovers\n|upkeep\n|turn|5\n|\n|t:|1700115160\n|switch|p2a: Scizor|Scizor, M|100\/100\n|move|p1a: Tapu Fini|Calm Mind|p1a: Tapu Fini\n|-boost|p1a: Tapu Fini|spa|1\n|-boost|p1a: Tapu Fini|spd|1\n|\n|-heal|p1a: Tapu Fini|100\/100|[from] item: Leftovers\n|upkeep\n|turn|6\n|\n|t:|1700115167\n|detailschange|p2a: Scizor|Scizor-Mega, M\n|-mega|p2a: Scizor|Scizor|Scizorite\n|move|p2a: Scizor|Knock Off|p1a: Tapu Fini\n|-resisted|p1a: Tapu Fini\n|-damage|p1a: Tapu Fini|93\/100\n|-enditem|p1a: Tapu Fini|Leftovers|[from] move: Knock Off|[of] p2a: Scizor\n|move|p1a: Tapu Fini|Iron Defense|p1a: Tapu Fini\n|-boost|p1a: Tapu Fini|def|2\n|\n|upkeep\n|turn|7\n|\n|t:|1700115179\n|move|p2a: Scizor|U-turn|p1a: Tapu Fini\n|-resisted|p1a: Tapu Fini\n|-damage|p1a: Tapu Fini|89\/100\n|\n|t:|1700115181\n|switch|p2a: Thundurus|Thundurus, M|100\/100|[from] U-turn\n|move|p1a: Tapu Fini|Calm Mind|p1a: Tapu Fini\n|-boost|p1a: Tapu Fini|spa|1\n|-boost|p1a: Tapu Fini|spd|1\n|\n|upkeep\n|turn|8\n|\n|t:|1700115190\n|move|p2a: Thundurus|Acrobatics|p1a: Tapu Fini\n|-damage|p1a: Tapu Fini|84\/100\n|move|p1a: Tapu Fini|Draining Kiss|p2a: Thundurus\n|-damage|p2a: Thundurus|69\/100\n|-heal|p1a: Tapu Fini|100\/100|[from] drain|[of] p2a: Thundurus\n|-enditem|p2a: Thundurus|Eject Button\n|\n|t:|1700115202\n|switch|p2a: Iron Valiant|Iron Valiant, shiny|100\/100\n|\n|-fieldend|Misty Terrain\n|upkeep\n|turn|9\n|\n|t:|1700115207\n|move|p2a: Iron Valiant|Destiny Bond|p2a: Iron Valiant\n|-singlemove|p2a: Iron Valiant|Destiny Bond\n|move|p1a: Tapu Fini|Draining Kiss|p2a: Iron Valiant\n|-supereffective|p2a: Iron Valiant\n|-damage|p2a: Iron Valiant|0 fnt\n|faint|p2a: Iron Valiant\n|-activate|p2a: Iron Valiant|move: Destiny Bond\n|-end|p2a: Iron Valiant|Quark Drive|[silent]\n|faint|p1a: Tapu Fini\n|\n|-sideend|p1: LVGLO|move: Light Screen\n|upkeep\n|\n|t:|1700115215\n|switch|p2a: Volcanion|Volcanion|100\/100\n|switch|p1a: Grimmsnarl|Grimmsnarl, M|16\/100 brn\n|turn|10\n|\n|t:|1700115220\n|move|p1a: Grimmsnarl|Light Screen|p1a: Grimmsnarl\n|-sidestart|p1: LVGLO|move: Light Screen\n|move|p2a: Volcanion|Flamethrower|p1a: Grimmsnarl\n|-damage|p1a: Grimmsnarl|0 fnt\n|faint|p1a: Grimmsnarl\n|\n|-sideend|p1: LVGLO|Reflect\n|upkeep\n|\n|t:|1700115223\n|switch|p1a: Xatu|Xatu, M|100\/100\n|turn|11\n|\n|t:|1700115228\n|move|p1a: Xatu|Cosmic Power|p1a: Xatu\n|-boost|p1a: Xatu|def|1\n|-boost|p1a: Xatu|spd|1\n|move|p2a: Volcanion|Steam Eruption|p1a: Xatu\n|-damage|p1a: Xatu|77\/100\n|\n|upkeep\n|turn|12\n|\n|t:|1700115233\n|switch|p2a: Scizor|Scizor-Mega, M|100\/100\n|move|p1a: Xatu|Cosmic Power|p1a: Xatu\n|-boost|p1a: Xatu|def|1\n|-boost|p1a: Xatu|spd|1\n|\n|upkeep\n|turn|13\n|\n|t:|1700115241\n|move|p1a: Xatu|Night Shade|p2a: Scizor\n|-damage|p2a: Scizor|71\/100\n|move|p2a: Scizor|Knock Off|p1a: Xatu\n|-supereffective|p1a: Xatu\n|-damage|p1a: Xatu|29\/100\n|-enditem|p1a: Xatu|Mirror Herb|[from] move: Knock Off|[of] p2a: Scizor\n|\n|upkeep\n|turn|14\n|\n|t:|1700115244\n|move|p2a: Scizor|Bullet Punch|p1a: Xatu\n|-damage|p1a: Xatu|7\/100\n|move|p1a: Xatu|Roost|p1a: Xatu\n|-heal|p1a: Xatu|57\/100\n|-singleturn|p1a: Xatu|move: Roost\n|\n|upkeep\n|turn|15\n|\n|t:|1700115250\n|move|p1a: Xatu|Roost|p1a: Xatu\n|-heal|p1a: Xatu|100\/100\n|-singleturn|p1a: Xatu|move: Roost\n|move|p2a: Scizor|Knock Off|p1a: Xatu\n|-supereffective|p1a: Xatu\n|-damage|p1a: Xatu|70\/100\n|\n|upkeep\n|turn|16\n|\n|t:|1700115254\n|move|p1a: Xatu|Night Shade|p2a: Scizor\n|-damage|p2a: Scizor|42\/100\n|move|p2a: Scizor|U-turn|p1a: Xatu\n|-damage|p1a: Xatu|42\/100\n|\n|t:|1700115259\n|switch|p2a: Garchomp|Garchomp, M, shiny|100\/100|[from] U-turn\n|\n|upkeep\n|turn|17\n|\n|t:|1700115264\n|move|p2a: Garchomp|Swords Dance|p2a: Garchomp\n|-boost|p2a: Garchomp|atk|2\n|move|p1a: Xatu|Roost|p1a: Xatu\n|-heal|p1a: Xatu|92\/100\n|-singleturn|p1a: Xatu|move: Roost\n|\n|-sideend|p1: LVGLO|move: Light Screen\n|upkeep\n|turn|18\n|\n|t:|1700115268\n|-zpower|p2a: Garchomp\n|move|p2a: Garchomp|Devastating Drake|p1a: Xatu|[zeffect]\n|-damage|p1a: Xatu|0 fnt\n|faint|p1a: Xatu\n|\n|upkeep\n|\n|t:|1700115273\n|switch|p1a: Togekiss|Togekiss, F|100\/100\n|turn|19\n|\n|t:|1700115279\n|switch|p2a: Thundurus|Thundurus, M|69\/100\n|move|p1a: Togekiss|Air Slash|p2a: Thundurus\n|-resisted|p2a: Thundurus\n|-damage|p2a: Thundurus|54\/100\n|\n|upkeep\n|turn|20\n|\n|t:|1700115281\n|move|p2a: Thundurus|Thunder Wave|p1a: Togekiss\n|-status|p1a: Togekiss|par\n|move|p1a: Togekiss|Air Slash|p2a: Thundurus\n|-resisted|p2a: Thundurus\n|-damage|p2a: Thundurus|38\/100\n|\n|upkeep\n|turn|21\n|\n|t:|1700115286\n|move|p2a: Thundurus|Acrobatics|p1a: Togekiss\n|-damage|p1a: Togekiss|56\/100 par\n|move|p1a: Togekiss|Air Slash|p2a: Thundurus\n|-resisted|p2a: Thundurus\n|-damage|p2a: Thundurus|24\/100\n|\n|upkeep\n|turn|22\n|\n|t:|1700115288\n|move|p2a: Thundurus|Acrobatics|p1a: Togekiss\n|-damage|p1a: Togekiss|4\/100 par\n|move|p1a: Togekiss|Air Slash|p2a: Thundurus\n|-resisted|p2a: Thundurus\n|-damage|p2a: Thundurus|9\/100\n|\n|upkeep\n|turn|23\n|\n|t:|1700115290\n|move|p2a: Thundurus|Acrobatics|p1a: Togekiss\n|-damage|p1a: Togekiss|0 fnt\n|faint|p1a: Togekiss\n|\n|upkeep\n|\n|t:|1700115292\n|switch|p1a: Mew|Mew|100\/100\n|turn|24\n|\n|t:|1700115295\n|move|p2a: Thundurus|Thunder Wave|p1a: Mew\n|-status|p1a: Mew|par\n|-activate|p1a: Mew|ability: Synchronize\n|-immune|p2a: Thundurus\n|move|p1a: Mew|Imprison|p1a: Mew\n|-start|p1a: Mew|move: Imprison\n|\n|upkeep\n|turn|25\n|-message|LVGLO forfeited.\n|\n|win|mosaic type\n|raw|LVGLO's rating: 1465 &rarr; <strong>1442<\/strong><br \/>(-23 for losing)\n|raw|mosaic type's rating: 1410 &rarr; <strong>1433<\/strong><br \/>(+23 for winning)\n|l|\u2606LVGLO\n","uploadtime":1700115405,"views":4,"p1id":"lvglo","p2id":"mosaictype","formatid":"gen9nationaldex","rating":1433,"private":0,"password":""}