{"id":"gen9nationaldex-1989249140","p1":"asoespresso","p2":"Toxic Ariados","format":"[Gen 9] National Dex","log":"|j|\u2606asoespresso\n|j|\u2606Toxic Ariados\n|inactive|Battle timer is ON: inactive players will automatically lose when time's up.\n|t:|1699827897\n|gametype|singles\n|player|p1|asoespresso|bede|\n|player|p2|Toxic Ariados|lucas|\n|teamsize|p1|6\n|teamsize|p2|6\n|gen|9\n|tier|[Gen 9] National Dex\n|rated|Tournament battle\n|rule|HP Percentage Mod: HP is shown in percentages\n|rule|Endless Battle Clause: Forcing endless battles is banned\n|rule|OHKO Clause: OHKO moves are banned\n|rule|Evasion Clause: Evasion abilities, items, and moves are banned\n|rule|Evasion Abilities Clause: Evasion abilities are banned\n|rule|Evasion Items Clause: Evasion items are banned\n|rule|Evasion Moves Clause: Evasion moves are banned\n|rule|Species Clause: Limit one of each Pok\u00e9mon\n|rule|Sleep Clause Mod: Limit one foe put to sleep\n|clearpoke\n|poke|p1|Slowking-Galar, M|\n|poke|p1|Mawile, F|\n|poke|p1|Keldeo-Resolute|\n|poke|p1|Tapu Lele|\n|poke|p1|Ting-Lu|\n|poke|p1|Salamence, M|\n|poke|p2|Grimmsnarl, M|\n|poke|p2|Okidogi, M|\n|poke|p2|Volcarona, F|\n|poke|p2|Great Tusk|\n|poke|p2|Ogerpon-Cornerstone, F|\n|poke|p2|Jirachi|\n|teampreview\n|c|\u2606asoespresso|cool team\n|c|\u2606asoespresso|hf\n|inactive|asoespresso has 120 seconds left.\n|c|\u2606Toxic Ariados|u also have a cool team\n|c|\u2606Toxic Ariados|gl hf\n|\n|t:|1699827942\n|start\n|switch|p1a: \ud83c\udf0aBIG STEPPA\ud83c\udf0a|Mawile, F|100\/100\n|switch|p2a: Wrath|Okidogi, M|100\/100\n|-ability|p1a: \ud83c\udf0aBIG STEPPA\ud83c\udf0a|Intimidate|boost\n|-unboost|p2a: Wrath|atk|1\n|turn|1\n|\n|t:|1699827952\n|switch|p2a: Solstice|Volcarona, F|100\/100\n|detailschange|p1a: \ud83c\udf0aBIG STEPPA\ud83c\udf0a|Mawile-Mega, F\n|-mega|p1a: \ud83c\udf0aBIG STEPPA\ud83c\udf0a|Mawile|Mawilite\n|move|p1a: \ud83c\udf0aBIG STEPPA\ud83c\udf0a|Knock Off|p2a: Solstice\n|-damage|p2a: Solstice|15\/100\n|-status|p1a: \ud83c\udf0aBIG STEPPA\ud83c\udf0a|brn|[from] ability: Flame Body|[of] p2a: Solstice\n|-enditem|p2a: Solstice|Heavy-Duty Boots|[from] move: Knock Off|[of] p1a: \ud83c\udf0aBIG STEPPA\ud83c\udf0a\n|\n|-damage|p1a: \ud83c\udf0aBIG STEPPA\ud83c\udf0a|94\/100 brn|[from] brn\n|upkeep\n|turn|2\n|\n|t:|1699827960\n|switch|p1a: Cursed Night|Slowking-Galar, M|100\/100\n|move|p2a: Solstice|Fiery Dance|p1a: Cursed Night\n|-damage|p1a: Cursed Night|72\/100\n|-boost|p2a: Solstice|spa|1\n|\n|upkeep\n|turn|3\n|\n|t:|1699827968\n|move|p2a: Solstice|Fiery Dance|p1a: Cursed Night\n|-damage|p1a: Cursed Night|30\/100\n|move|p1a: Cursed Night|Thunder Wave|p2a: Solstice\n|-status|p2a: Solstice|par\n|\n|upkeep\n|turn|4\n|\n|t:|1699827976\n|switch|p1a: NXT DRACO|Salamence, M|100\/100\n|-ability|p1a: NXT DRACO|Intimidate|boost\n|-unboost|p2a: Solstice|atk|1\n|move|p2a: Solstice|Giga Drain|p1a: NXT DRACO\n|-resisted|p1a: NXT DRACO\n|-damage|p1a: NXT DRACO|89\/100\n|-heal|p2a: Solstice|22\/100 par|[from] drain|[of] p1a: NXT DRACO\n|\n|upkeep\n|turn|5\n|\n|t:|1699827983\n|move|p1a: NXT DRACO|Flamethrower|p2a: Solstice\n|-damage|p2a: Solstice|1\/100 par\n|move|p2a: Solstice|Hidden Power|p1a: NXT DRACO\n|-supereffective|p1a: NXT DRACO\n|-damage|p1a: NXT DRACO|21\/100\n|\n|upkeep\n|turn|6\n|\n|t:|1699827988\n|move|p1a: NXT DRACO|Flamethrower|p2a: Solstice\n|-damage|p2a: Solstice|0 fnt\n|faint|p2a: Solstice\n|\n|upkeep\n|\n|t:|1699827993\n|switch|p2a: Ogerpon|Ogerpon-Cornerstone, F|100\/100\n|turn|7\n|\n|t:|1699827998\n|switch|p1a: Remorse|Ting-Lu|100\/100\n|-ability|p1a: Remorse|Vessel of Ruin\n|move|p2a: Ogerpon|Ivy Cudgel|p1a: Remorse\n|-resisted|p1a: Remorse\n|-damage|p1a: Remorse|83\/100\n|\n|-heal|p1a: Remorse|90\/100|[from] item: Leftovers\n|upkeep\n|turn|8\n|\n|t:|1699828005\n|switch|p1a: NXT DRACO|Salamence, M|21\/100\n|-ability|p1a: NXT DRACO|Intimidate|boost\n|-unboost|p2a: Ogerpon|atk|1\n|move|p2a: Ogerpon|Swords Dance|p2a: Ogerpon\n|-boost|p2a: Ogerpon|atk|2\n|\n|upkeep\n|turn|9\n|\n|t:|1699828011\n|move|p2a: Ogerpon|Ivy Cudgel|p1a: NXT DRACO\n|-supereffective|p1a: NXT DRACO\n|-damage|p1a: NXT DRACO|0 fnt\n|faint|p1a: NXT DRACO\n|\n|upkeep\n|\n|t:|1699828015\n|switch|p1a: Her|Tapu Lele|100\/100\n|-fieldstart|move: Psychic Terrain|[from] ability: Psychic Surge|[of] p1a: Her\n|turn|10\n|\n|t:|1699828026\n|-terastallize|p1a: Her|Psychic\n|move|p1a: Her|Psychic|p2a: Ogerpon\n|-damage|p2a: Ogerpon|7\/100\n|move|p2a: Ogerpon|Ivy Cudgel|p1a: Her\n|-damage|p1a: Her|0 fnt\n|faint|p1a: Her\n|\n|upkeep\n|\n|t:|1699828033\n|switch|p1a: Remorse|Ting-Lu|90\/100\n|-ability|p1a: Remorse|Vessel of Ruin\n|turn|11\n|\n|t:|1699828036\n|move|p2a: Ogerpon|Horn Leech|p1a: Remorse\n|-supereffective|p1a: Remorse\n|-crit|p1a: Remorse\n|-damage|p1a: Remorse|0 fnt\n|-heal|p2a: Ogerpon|84\/100|[from] drain|[of] p1a: Remorse\n|faint|p1a: Remorse\n|\n|upkeep\n|\n|t:|1699828042\n|switch|p1a: \ud83c\udf0aBIG STEPPA\ud83c\udf0a|Mawile-Mega, F|94\/100 brn\n|turn|12\n|c|\u2606Toxic Ariados|S T O M P\n|\n|t:|1699828050\n|move|p2a: Ogerpon|Stomping Tantrum|p1a: \ud83c\udf0aBIG STEPPA\ud83c\udf0a\n|-supereffective|p1a: \ud83c\udf0aBIG STEPPA\ud83c\udf0a\n|-damage|p1a: \ud83c\udf0aBIG STEPPA\ud83c\udf0a|0 fnt\n|faint|p1a: \ud83c\udf0aBIG STEPPA\ud83c\udf0a\n|\n|upkeep\n|c|\u2606asoespresso|i fr thought it killed\n|\n|t:|1699828055\n|switch|p1a: TheRealFolkBlues|Keldeo-Resolute|100\/100\n|turn|13\n|j| YJLF2\n|c|\u2606asoespresso|weak ass lele\n|c|\u2606Toxic Ariados|yeah im a bit surprised it didnt\n|c|\u2606Toxic Ariados|i had sturdy though\n|c|\u2606asoespresso|ggs\n|c|\u2606Toxic Ariados|so i wasnt too scared\n|\n|t:|1699828065\n|move|p2a: Ogerpon|Horn Leech|p1a: TheRealFolkBlues\n|-supereffective|p1a: TheRealFolkBlues\n|-damage|p1a: TheRealFolkBlues|0 fnt\n|-heal|p2a: Ogerpon|100\/100|[from] drain|[of] p1a: TheRealFolkBlues\n|faint|p1a: TheRealFolkBlues\n|\n|upkeep\n|c|\u2606Toxic Ariados|gg\n|-message|asoespresso forfeited.\n|\n|win|Toxic Ariados\n|n|\u2606asoespresso|asoespresso\n|n|\u2606Toxic Ariados|toxicariados\n|n| YJLF2|yjlf2\n|l|\u2606asoespresso\n|c|\u2606Toxic Ariados|just had to position it properly\n|l|\u2606Toxic Ariados\n|j|\u2606Toxic Ariados\n|player|p2|Toxic Ariados|lucas\n|l|\u2606Toxic Ariados\n|player|p2|\n|j|\u2606Toxic Ariados\n|player|p2|Toxic Ariados|lucas\n","uploadtime":1699828092,"views":5,"p1id":"asoespresso","p2id":"toxicariados","formatid":"gen9nationaldex","rating":0,"private":0,"password":""}