{"id":"gen9nationaldex-1987272284","p1":"Raand","p2":"enenooxx3","format":"[Gen 9] National Dex","log":"|j|\u2606Raand\n|j|\u2606enenooxx3\n|t:|1699571765\n|gametype|singles\n|player|p1|Raand|plasmagrunt|1282\n|player|p2|enenooxx3|beauty-gen4dp|1399\n|teamsize|p1|6\n|teamsize|p2|6\n|gen|9\n|tier|[Gen 9] National Dex\n|rated|\n|rule|HP Percentage Mod: HP is shown in percentages\n|rule|Endless Battle Clause: Forcing endless battles is banned\n|rule|OHKO Clause: OHKO moves are banned\n|rule|Evasion Clause: Evasion abilities, items, and moves are banned\n|rule|Evasion Abilities Clause: Evasion abilities are banned\n|rule|Evasion Items Clause: Evasion items are banned\n|rule|Evasion Moves Clause: Evasion moves are banned\n|rule|Species Clause: Limit one of each Pok\u00e9mon\n|rule|Sleep Clause Mod: Limit one foe put to sleep\n|clearpoke\n|poke|p1|Sneasler, F|\n|poke|p1|Golisopod, F|\n|poke|p1|Noivern, M|\n|poke|p1|Corviknight, M|\n|poke|p1|Umbreon, M|\n|poke|p1|Absol, F|\n|poke|p2|Hatterene, F|\n|poke|p2|Sinistcha|\n|poke|p2|Garchomp, F|\n|poke|p2|Zapdos-Galar|\n|poke|p2|Corviknight, M|\n|poke|p2|Tyranitar, M|\n|teampreview\n|\n|t:|1699571773\n|start\n|switch|p1a: Nagant|Sneasler, F|100\/100\n|switch|p2a: Corviknight|Corviknight, M|100\/100\n|-ability|p2a: Corviknight|Pressure\n|turn|1\n|\n|t:|1699571780\n|switch|p1a: Fulcrum|Noivern, M|100\/100\n|move|p2a: Corviknight|Brave Bird|p1a: Fulcrum\n|-damage|p1a: Fulcrum|49\/100\n|-damage|p2a: Corviknight|87\/100|[from] Recoil\n|\n|upkeep\n|turn|2\n|\n|t:|1699571786\n|switch|p2a: Tyranitar|Tyranitar, M|100\/100\n|-weather|Sandstorm|[from] ability: Sand Stream|[of] p2a: Tyranitar\n|move|p1a: Fulcrum|Flamethrower|p2a: Tyranitar\n|-resisted|p2a: Tyranitar\n|-damage|p2a: Tyranitar|90\/100\n|-damage|p1a: Fulcrum|39\/100|[from] item: Life Orb\n|\n|-weather|Sandstorm|[upkeep]\n|-damage|p1a: Fulcrum|33\/100|[from] Sandstorm\n|upkeep\n|turn|3\n|\n|t:|1699571800\n|switch|p1a: Wrangel|Umbreon, M, shiny|100\/100\n|detailschange|p2a: Tyranitar|Tyranitar-Mega, M\n|-mega|p2a: Tyranitar|Tyranitar|Tyranitarite\n|move|p2a: Tyranitar|Dragon Dance|p2a: Tyranitar\n|-boost|p2a: Tyranitar|atk|1\n|-boost|p2a: Tyranitar|spe|1\n|\n|-weather|Sandstorm|[upkeep]\n|-damage|p1a: Wrangel|94\/100|[from] Sandstorm\n|-heal|p1a: Wrangel|100\/100|[from] item: Leftovers\n|upkeep\n|turn|4\n|\n|t:|1699571810\n|switch|p2a: Hatterene|Hatterene, F|100\/100\n|move|p1a: Wrangel|Yawn|p2a: Hatterene\n|move|p2a: Hatterene|Yawn|p1a: Wrangel|[from]ability: Magic Bounce\n|-start|p1a: Wrangel|move: Yawn|[of] p2a: Hatterene\n|\n|-weather|Sandstorm|[upkeep]\n|-damage|p1a: Wrangel|94\/100|[from] Sandstorm\n|-damage|p2a: Hatterene|95\/100|[from] Sandstorm\n|-heal|p1a: Wrangel|100\/100|[from] item: Leftovers\n|-heal|p2a: Hatterene|100\/100|[from] item: Leftovers\n|upkeep\n|turn|5\n|\n|t:|1699571822\n|switch|p1a: Nagant|Sneasler, F|100\/100\n|move|p2a: Hatterene|Draining Kiss|p1a: Nagant\n|-damage|p1a: Nagant|70\/100\n|\n|-weather|Sandstorm|[upkeep]\n|-damage|p1a: Nagant|64\/100|[from] Sandstorm\n|-damage|p2a: Hatterene|95\/100|[from] Sandstorm\n|-heal|p2a: Hatterene|100\/100|[from] item: Leftovers\n|upkeep\n|turn|6\n|\n|t:|1699571830\n|switch|p2a: Garchomp|Garchomp, F|100\/100\n|move|p1a: Nagant|Dire Claw|p2a: Garchomp\n|-resisted|p2a: Garchomp\n|-damage|p2a: Garchomp|85\/100\n|-damage|p1a: Nagant|51\/100|[from] ability: Rough Skin|[of] p2a: Garchomp\n|-damage|p1a: Nagant|35\/100|[from] item: Rocky Helmet|[of] p2a: Garchomp\n|\n|-weather|none\n|upkeep\n|turn|7\n|\n|t:|1699571841\n|move|p1a: Nagant|Close Combat|p2a: Garchomp\n|-damage|p2a: Garchomp|38\/100\n|-unboost|p1a: Nagant|def|1\n|-unboost|p1a: Nagant|spd|1\n|-damage|p1a: Nagant|22\/100|[from] ability: Rough Skin|[of] p2a: Garchomp\n|-damage|p1a: Nagant|6\/100|[from] item: Rocky Helmet|[of] p2a: Garchomp\n|-enditem|p1a: Nagant|White Herb\n|-clearnegativeboost|p1a: Nagant|[silent]\n|move|p2a: Garchomp|Stealth Rock|p1a: Nagant\n|-sidestart|p1: Raand|move: Stealth Rock\n|\n|upkeep\n|turn|8\n|\n|t:|1699571851\n|move|p1a: Nagant|Close Combat|p2a: Garchomp\n|-damage|p2a: Garchomp|0 fnt\n|-unboost|p1a: Nagant|def|1\n|-unboost|p1a: Nagant|spd|1\n|-damage|p1a: Nagant|0 fnt|[from] ability: Rough Skin|[of] p2a: Garchomp\n|faint|p2a: Garchomp\n|faint|p1a: Nagant\n|\n|upkeep\n|\n|t:|1699571860\n|switch|p1a: Fulcrum|Noivern, M|33\/100\n|switch|p2a: Hatterene|Hatterene, F|100\/100\n|-damage|p1a: Fulcrum|8\/100|[from] Stealth Rock\n|turn|9\n|\n|t:|1699571868\n|switch|p2a: Tyranitar|Tyranitar-Mega, M|90\/100\n|-weather|Sandstorm|[from] ability: Sand Stream|[of] p2a: Tyranitar\n|move|p1a: Fulcrum|Boomburst|p2a: Tyranitar\n|-resisted|p2a: Tyranitar\n|-damage|p2a: Tyranitar|76\/100\n|-damage|p1a: Fulcrum|0 fnt|[from] item: Life Orb\n|faint|p1a: Fulcrum\n|\n|-weather|Sandstorm|[upkeep]\n|upkeep\n|\n|t:|1699571879\n|switch|p1a: Wrangel|Umbreon, M, shiny|100\/100\n|-damage|p1a: Wrangel|88\/100|[from] Stealth Rock\n|turn|10\n|\n|t:|1699571884\n|move|p2a: Tyranitar|Knock Off|p1a: Wrangel\n|-resisted|p1a: Wrangel\n|-damage|p1a: Wrangel|68\/100\n|-enditem|p1a: Wrangel|Leftovers|[from] move: Knock Off|[of] p2a: Tyranitar\n|move|p1a: Wrangel|Foul Play|p2a: Tyranitar\n|-resisted|p2a: Tyranitar\n|-damage|p2a: Tyranitar|54\/100\n|\n|-weather|Sandstorm|[upkeep]\n|-damage|p1a: Wrangel|62\/100|[from] Sandstorm\n|upkeep\n|turn|11\n|\n|t:|1699571894\n|switch|p2a: Corviknight|Corviknight, M|87\/100\n|-ability|p2a: Corviknight|Pressure\n|move|p1a: Wrangel|Yawn|p2a: Corviknight\n|-start|p2a: Corviknight|move: Yawn|[of] p1a: Wrangel\n|\n|-weather|Sandstorm|[upkeep]\n|-damage|p1a: Wrangel|56\/100|[from] Sandstorm\n|upkeep\n|turn|12\n|\n|t:|1699571905\n|switch|p2a: Hatterene|Hatterene, F|100\/100\n|move|p1a: Wrangel|Moonlight|p1a: Wrangel\n|-heal|p1a: Wrangel|81\/100\n|\n|-weather|Sandstorm|[upkeep]\n|-damage|p1a: Wrangel|75\/100|[from] Sandstorm\n|-damage|p2a: Hatterene|95\/100|[from] Sandstorm\n|-heal|p2a: Hatterene|100\/100|[from] item: Leftovers\n|upkeep\n|turn|13\n|\n|t:|1699571915\n|move|p1a: Wrangel|Foul Play|p2a: Hatterene\n|-damage|p2a: Hatterene|83\/100\n|move|p2a: Hatterene|Mystical Fire|p1a: Wrangel\n|-crit|p1a: Wrangel\n|-damage|p1a: Wrangel|52\/100\n|-unboost|p1a: Wrangel|spa|1\n|\n|-weather|none\n|-heal|p2a: Hatterene|89\/100|[from] item: Leftovers\n|upkeep\n|turn|14\n|\n|t:|1699571927\n|move|p1a: Wrangel|Detect|p1a: Wrangel\n|-singleturn|p1a: Wrangel|Protect\n|move|p2a: Hatterene|Draining Kiss|p1a: Wrangel\n|-activate|p1a: Wrangel|move: Protect\n|\n|-heal|p2a: Hatterene|95\/100|[from] item: Leftovers\n|upkeep\n|turn|15\n|\n|t:|1699571934\n|switch|p1a: Volga|Golisopod, F|100\/100\n|-damage|p1a: Volga|76\/100|[from] Stealth Rock\n|move|p2a: Hatterene|Mystical Fire|p1a: Volga\n|-damage|p1a: Volga|61\/100\n|-unboost|p1a: Volga|spa|1\n|\n|-heal|p2a: Hatterene|100\/100|[from] item: Leftovers\n|upkeep\n|turn|16\n|\n|t:|1699571945\n|switch|p2a: Corviknight|Corviknight, M|87\/100\n|-ability|p2a: Corviknight|Pressure\n|move|p1a: Volga|Liquidation|p2a: Corviknight\n|-damage|p2a: Corviknight|56\/100\n|-unboost|p2a: Corviknight|def|1\n|-damage|p1a: Volga|44\/100|[from] item: Rocky Helmet|[of] p2a: Corviknight\n|-activate|p1a: Volga|ability: Emergency Exit\n|\n|t:|1699571956\n|switch|p1a: Grach|Corviknight, M|100\/100\n|-damage|p1a: Grach|88\/100|[from] Stealth Rock\n|\n|-heal|p1a: Grach|94\/100|[from] item: Leftovers\n|upkeep\n|turn|17\n|\n|t:|1699571961\n|switch|p2a: Zapdos|Zapdos-Galar|100\/100\n|move|p1a: Grach|Bulk Up|p1a: Grach\n|-boost|p1a: Grach|atk|1\n|-boost|p1a: Grach|def|1\n|\n|-heal|p1a: Grach|100\/100|[from] item: Leftovers\n|upkeep\n|turn|18\n|\n|t:|1699571971\n|switch|p2a: Sinistcha|Sinistcha|100\/100\n|move|p1a: Grach|Bulk Up|p1a: Grach\n|-boost|p1a: Grach|atk|1\n|-boost|p1a: Grach|def|1\n|\n|upkeep\n|turn|19\n|\n|t:|1699571977\n|move|p2a: Sinistcha|Strength Sap||[still]\n|-ability|p1a: Grach|Mirror Armor\n|-unboost|p2a: Sinistcha|atk|1\n|-fail|p2a: Sinistcha\n|move|p1a: Grach|Brave Bird|p2a: Sinistcha\n|-supereffective|p2a: Sinistcha\n|-damage|p2a: Sinistcha|0 fnt\n|faint|p2a: Sinistcha\n|-damage|p1a: Grach|71\/100|[from] Recoil\n|\n|-heal|p1a: Grach|77\/100|[from] item: Leftovers\n|upkeep\n|\n|t:|1699571981\n|switch|p2a: Hatterene|Hatterene, F|100\/100\n|turn|20\n|\n|t:|1699571991\n|move|p1a: Grach|Roost|p1a: Grach\n|-heal|p1a: Grach|100\/100\n|-singleturn|p1a: Grach|move: Roost\n|move|p2a: Hatterene|Mystical Fire|p1a: Grach\n|-supereffective|p1a: Grach\n|-damage|p1a: Grach|70\/100\n|-ability|p1a: Grach|Mirror Armor\n|-unboost|p2a: Hatterene|spa|1\n|\n|-heal|p1a: Grach|76\/100|[from] item: Leftovers\n|upkeep\n|turn|21\n|\n|t:|1699572002\n|move|p1a: Grach|Body Press|p2a: Hatterene\n|-resisted|p2a: Hatterene\n|-damage|p2a: Hatterene|93\/100\n|move|p2a: Hatterene|Mystical Fire|p1a: Grach\n|-supereffective|p1a: Grach\n|-damage|p1a: Grach|57\/100\n|-ability|p1a: Grach|Mirror Armor\n|-unboost|p2a: Hatterene|spa|1\n|\n|-heal|p1a: Grach|63\/100|[from] item: Leftovers\n|-heal|p2a: Hatterene|99\/100|[from] item: Leftovers\n|upkeep\n|turn|22\n|\n|t:|1699572013\n|switch|p2a: Zapdos|Zapdos-Galar|100\/100\n|move|p1a: Grach|Roost|p1a: Grach\n|-heal|p1a: Grach|100\/100\n|-singleturn|p1a: Grach|move: Roost\n|\n|upkeep\n|turn|23\n|\n|t:|1699572020\n|switch|p2a: Hatterene|Hatterene, F|99\/100\n|move|p1a: Grach|Brave Bird|p2a: Hatterene\n|-damage|p2a: Hatterene|34\/100\n|-damage|p1a: Grach|83\/100|[from] Recoil\n|\n|-heal|p1a: Grach|89\/100|[from] item: Leftovers\n|-heal|p2a: Hatterene|39\/100|[from] item: Leftovers\n|upkeep\n|turn|24\n|-message|enenooxx3 forfeited.\n|\n|win|Raand\n|raw|Raand's rating: 1282 &rarr; <strong>1315<\/strong><br \/>(+33 for winning)\n|raw|enenooxx3's rating: 1399 &rarr; <strong>1373<\/strong><br \/>(-26 for losing)\n|l|\u2606enenooxx3\n","uploadtime":1699572055,"views":12,"p1id":"raand","p2id":"enenooxx3","formatid":"gen9nationaldex","rating":1315,"private":0,"password":""}