{"id":"gen9nationaldex-1993123673","p1":"PixBolado","p2":"JogadorCaro","format":"[Gen 9] National Dex","log":"|j|\u2606PixBolado\n|j|\u2606JogadorCaro\n|t:|1700267545\n|gametype|singles\n|player|p1|PixBolado|acetrainerf-gen4|\n|player|p2|JogadorCaro|tate|\n|teamsize|p1|6\n|teamsize|p2|6\n|gen|9\n|tier|[Gen 9] National Dex\n|rule|HP Percentage Mod: HP is shown in percentages\n|rule|Endless Battle Clause: Forcing endless battles is banned\n|rule|OHKO Clause: OHKO moves are banned\n|rule|Evasion Clause: Evasion abilities, items, and moves are banned\n|rule|Evasion Abilities Clause: Evasion abilities are banned\n|rule|Evasion Items Clause: Evasion items are banned\n|rule|Evasion Moves Clause: Evasion moves are banned\n|rule|Species Clause: Limit one of each Pok\u00e9mon\n|rule|Sleep Clause Mod: Limit one foe put to sleep\n|clearpoke\n|poke|p1|Garganacl, M|\n|poke|p1|Iron Valiant|\n|poke|p1|Charizard, M|\n|poke|p1|Great Tusk|\n|poke|p1|Toxapex, F|\n|poke|p1|Dragonite, M|\n|poke|p2|Garganacl, M|\n|poke|p2|Zamazenta-*|\n|poke|p2|Volcarona, M|\n|poke|p2|Hoopa-Unbound|\n|poke|p2|Dondozo, M|\n|poke|p2|Rotom-Wash|\n|teampreview\n|c|\u2606JogadorCaro|Vamos ver\n|c|\u2606JogadorCaro|como ele se sai.\n|c|\u2606JogadorCaro|Meu time campe\u00e3o ta na pista hein\n|\n|t:|1700267561\n|start\n|switch|p1a: Charizard|Charizard, M|100\/100\n|switch|p2a: Agito|Hoopa-Unbound|100\/100\n|turn|1\n|\n|t:|1700267573\n|detailschange|p1a: Charizard|Charizard-Mega-Y, M\n|-mega|p1a: Charizard|Charizard|Charizardite Y\n|-weather|SunnyDay|[from] ability: Drought|[of] p1a: Charizard\n|move|p1a: Charizard|Flamethrower|p2a: Agito\n|-damage|p2a: Agito|22\/100\n|move|p2a: Agito|Psychic|p1a: Charizard\n|-damage|p1a: Charizard|15\/100\n|\n|-weather|SunnyDay|[upkeep]\n|upkeep\n|turn|2\n|c|\u2606JogadorCaro|perceba que voc\u00ea n\u00e3o tem como trocar.\n|c|\u2606JogadorCaro|ah nao\n|c|\u2606JogadorCaro|serio\n|\n|t:|1700267587\n|switch|p2a: Bale\u00e3o|Dondozo, M|100\/100\n|move|p1a: Charizard|Flamethrower|p2a: Bale\u00e3o\n|-resisted|p2a: Bale\u00e3o\n|-damage|p2a: Bale\u00e3o|75\/100\n|-status|p2a: Bale\u00e3o|brn\n|\n|-weather|SunnyDay|[upkeep]\n|-heal|p2a: Bale\u00e3o|82\/100 brn|[from] item: Leftovers\n|-damage|p2a: Bale\u00e3o|75\/100 brn|[from] brn\n|upkeep\n|turn|3\n|\n|t:|1700267600\n|switch|p2a: Endeavor|Volcarona, M|100\/100\n|move|p1a: Charizard|Solar Beam||[still]\n|-prepare|p1a: Charizard|Solar Beam\n|-anim|p1a: Charizard|Solar Beam|p2a: Endeavor\n|-resisted|p2a: Endeavor\n|-damage|p2a: Endeavor|89\/100\n|\n|-weather|SunnyDay|[upkeep]\n|upkeep\n|turn|4\n|\n|t:|1700267610\n|move|p1a: Charizard|Flamethrower|p2a: Endeavor\n|-damage|p2a: Endeavor|4\/100\n|move|p2a: Endeavor|Fiery Dance|p1a: Charizard\n|-resisted|p1a: Charizard\n|-damage|p1a: Charizard|0 fnt\n|faint|p1a: Charizard\n|\n|-weather|SunnyDay|[upkeep]\n|upkeep\n|\n|t:|1700267620\n|switch|p1a: Dragonite|Dragonite, M|100\/100\n|turn|5\n|\n|t:|1700267624\n|move|p2a: Endeavor|Bug Buzz|p1a: Dragonite\n|-resisted|p1a: Dragonite\n|-damage|p1a: Dragonite|89\/100\n|-unboost|p1a: Dragonite|spd|1\n|move|p1a: Dragonite|Dragon Dance|p1a: Dragonite\n|-boost|p1a: Dragonite|atk|1\n|-boost|p1a: Dragonite|spe|1\n|\n|-weather|none\n|upkeep\n|turn|6\n|\n|t:|1700267634\n|move|p1a: Dragonite|Dragon Dance|p1a: Dragonite\n|-boost|p1a: Dragonite|atk|1\n|-boost|p1a: Dragonite|spe|1\n|move|p2a: Endeavor|Bug Buzz|p1a: Dragonite\n|-resisted|p1a: Dragonite\n|-crit|p1a: Dragonite\n|-damage|p1a: Dragonite|27\/100\n|\n|upkeep\n|turn|7\n|c|\u2606JogadorCaro|hmmmmmmmmmmmmmm\n|c|\u2606JogadorCaro|eu nao precisava\n|c|\u2606JogadorCaro|mas tudo bem.\n|c|\u2606PixBolado|Que porra de cr\u00edtico \u00e9 esse\n|c|\u2606JogadorCaro|Bate logo, mano\n|\n|t:|1700267652\n|move|p1a: Dragonite|Earthquake|p2a: Endeavor\n|-damage|p2a: Endeavor|0 fnt\n|faint|p2a: Endeavor\n|\n|upkeep\n|c|\u2606JogadorCaro|Eu reduzi a tua SPD\n|c|\u2606JogadorCaro|\u00e9 claro q tu vai tomar um tec\u00e3o.\n|\n|t:|1700267662\n|switch|p2a: Bale\u00e3o|Dondozo, M|75\/100 brn\n|turn|8\n|\n|t:|1700267669\n|-terastallize|p1a: Dragonite|Normal\n|move|p1a: Dragonite|Extreme Speed|p2a: Bale\u00e3o\n|-damage|p2a: Bale\u00e3o|49\/100 brn\n|move|p2a: Bale\u00e3o|Rest|p2a: Bale\u00e3o\n|-status|p2a: Bale\u00e3o|slp|[from] move: Rest\n|-heal|p2a: Bale\u00e3o|100\/100 slp|[silent]\n|\n|upkeep\n|turn|9\n|c|\u2606PixBolado|Caralho\n|c|\u2606JogadorCaro|uma particularidade do Bale\u00e3o:\n|c|\u2606PixBolado|Ganhou grosso\n|c|\u2606JogadorCaro|Ele \u00e9 imune a buffs\n|c|\u2606PixBolado|Tankou*\n|\n|t:|1700267697\n|switch|p1a: Toxapex|Toxapex, F|100\/100\n|cant|p2a: Bale\u00e3o|slp\n|move|p2a: Bale\u00e3o|Sleep Talk|p2a: Bale\u00e3o\n|move|p2a: Bale\u00e3o|Wave Crash|p1a: Toxapex|[from]move: Sleep Talk\n|-resisted|p1a: Toxapex\n|-damage|p1a: Toxapex|86\/100\n|-damage|p2a: Bale\u00e3o|98\/100 slp|[from] Recoil\n|\n|-heal|p2a: Bale\u00e3o|100\/100 slp|[from] item: Leftovers\n|-heal|p1a: Toxapex|92\/100|[from] item: Leftovers\n|upkeep\n|turn|10\n|c|\u2606JogadorCaro|Ou seja\n|c|\u2606JogadorCaro|Foda-se.\n|\n|t:|1700267712\n|switch|p2a: mulher|Rotom-Wash|100\/100\n|move|p1a: Toxapex|Toxic Spikes|p2a: mulher\n|-sidestart|p2: JogadorCaro|move: Toxic Spikes\n|\n|-heal|p1a: Toxapex|98\/100|[from] item: Leftovers\n|upkeep\n|turn|11\n|\n|t:|1700267720\n|move|p2a: mulher|Hydro Pump|p1a: Toxapex\n|-resisted|p1a: Toxapex\n|-damage|p1a: Toxapex|85\/100\n|move|p1a: Toxapex|Toxic Spikes|p2a: mulher\n|-sidestart|p2: JogadorCaro|move: Toxic Spikes\n|\n|-heal|p1a: Toxapex|91\/100|[from] item: Leftovers\n|upkeep\n|turn|12\n|c|\u2606JogadorCaro|ah\n|c|\u2606JogadorCaro|nao me deu o grea tusk\n|c|\u2606JogadorCaro|merda\n|\n|t:|1700267730\n|move|p2a: mulher|Defog|p1a: Toxapex\n|-unboost|p1a: Toxapex|evasion|1\n|-sideend|p2: JogadorCaro|Toxic Spikes|[from] move: Defog|[of] p2a: mulher\n|move|p1a: Toxapex|Toxic|p2a: mulher\n|-status|p2a: mulher|tox\n|\n|-heal|p1a: Toxapex|97\/100|[from] item: Leftovers\n|-damage|p2a: mulher|94\/100 tox|[from] psn\n|upkeep\n|turn|13\n|\n|t:|1700267744\n|move|p2a: mulher|Volt Switch|p1a: Toxapex\n|-supereffective|p1a: Toxapex\n|-damage|p1a: Toxapex|64\/100\n|\n|t:|1700267748\n|switch|p2a: Mahoraga|Garganacl, M|100\/100|[from] Volt Switch\n|move|p1a: Toxapex|Scald|p2a: Mahoraga\n|-supereffective|p2a: Mahoraga\n|-damage|p2a: Mahoraga|71\/100\n|\n|-heal|p1a: Toxapex|70\/100|[from] item: Leftovers\n|-heal|p2a: Mahoraga|77\/100|[from] item: Leftovers\n|upkeep\n|turn|14\n|\n|t:|1700267763\n|move|p1a: Toxapex|Scald|p2a: Mahoraga\n|-supereffective|p2a: Mahoraga\n|-damage|p2a: Mahoraga|44\/100\n|move|p2a: Mahoraga|Salt Cure|p1a: Toxapex\n|-damage|p1a: Toxapex|58\/100\n|-start|p1a: Toxapex|Salt Cure\n|\n|-heal|p1a: Toxapex|64\/100|[from] item: Leftovers\n|-heal|p2a: Mahoraga|50\/100|[from] item: Leftovers\n|-damage|p1a: Toxapex|39\/100|[from] Salt Cure\n|upkeep\n|turn|15\n|\n|t:|1700267776\n|switch|p1a: Great Tusk|Great Tusk|100\/100\n|move|p2a: Mahoraga|Recover|p2a: Mahoraga\n|-heal|p2a: Mahoraga|99\/100\n|\n|-heal|p2a: Mahoraga|100\/100|[from] item: Leftovers\n|upkeep\n|turn|16\n|\n|t:|1700267787\n|switch|p2a: mulher|Rotom-Wash|94\/100 tox\n|move|p1a: Great Tusk|Headlong Rush|p2a: mulher\n|-immune|p2a: mulher|[from] ability: Levitate\n|\n|-heal|p2a: mulher|100\/100 tox|[from] item: Leftovers\n|-damage|p2a: mulher|94\/100 tox|[from] psn\n|upkeep\n|turn|17\n|c|\u2606PixBolado|\u00c9\n|c|\u2606PixBolado|Bela troca\n|c|\u2606PixBolado|Imaginei que tu faria um ter\u00e1\n|\n|t:|1700267817\n|-end|p1a: Great Tusk|Protosynthesis|[silent]\n|switch|p1a: Dragonite|Dragonite, M, tera:Normal|27\/100\n|move|p2a: mulher|Hydro Pump|p1a: Dragonite|[miss]\n|-miss|p2a: mulher|p1a: Dragonite\n|\n|-heal|p2a: mulher|100\/100 tox|[from] item: Leftovers\n|-damage|p2a: mulher|88\/100 tox|[from] psn\n|upkeep\n|turn|18\n|c|\u2606JogadorCaro|a\n|c|\u2606JogadorCaro|Ah, uma coisa\n|\n|t:|1700267828\n|move|p1a: Dragonite|Extreme Speed|p2a: mulher\n|-damage|p2a: mulher|38\/100 tox\n|move|p2a: mulher|Volt Switch|p1a: Dragonite\n|-damage|p1a: Dragonite|0 fnt\n|faint|p1a: Dragonite\n|c|\u2606JogadorCaro|Dragonite  Extreme Speed\n|c|\u2606JogadorCaro|\u00e9 bom\n|c|\u2606JogadorCaro|com Curse\n|c|\u2606JogadorCaro|vc deixa tua defesa no talo\n|c|\u2606JogadorCaro|e ataca com prioridade\n|c|\u2606PixBolado|Hmmmm\n|\n|t:|1700267859\n|switch|p2a: Agito|Hoopa-Unbound|22\/100|[from] Volt Switch\n|\n|upkeep\n|\n|t:|1700267866\n|switch|p1a: Iron Valiant|Iron Valiant|100\/100\n|turn|19\n|c|\u2606JogadorCaro|Deixo iron Valiant entrar\n|c|\u2606JogadorCaro|isso\n|\n|t:|1700267881\n|switch|p2a: Bale\u00e3o|Dondozo, M|100\/100 slp\n|move|p1a: Iron Valiant|Moonblast|p2a: Bale\u00e3o\n|-damage|p2a: Bale\u00e3o|54\/100 slp\n|\n|-heal|p2a: Bale\u00e3o|60\/100 slp|[from] item: Leftovers\n|upkeep\n|turn|20\n|\n|t:|1700267893\n|-end|p1a: Iron Valiant|Quark Drive|[silent]\n|switch|p1a: Toxapex|Toxapex, F|73\/100\n|cant|p2a: Bale\u00e3o|slp\n|move|p2a: Bale\u00e3o|Sleep Talk|p2a: Bale\u00e3o\n|move|p2a: Bale\u00e3o|Rest||[from]move: Sleep Talk|[still]\n|-fail|p2a: Bale\u00e3o\n|\n|-heal|p1a: Toxapex|79\/100|[from] item: Leftovers\n|-heal|p2a: Bale\u00e3o|66\/100 slp|[from] item: Leftovers\n|upkeep\n|turn|21\n|\n|t:|1700267907\n|switch|p2a: Agito|Hoopa-Unbound|22\/100\n|switch|p1a: Iron Valiant|Iron Valiant|100\/100\n|\n|upkeep\n|turn|22\n|c|\u2606JogadorCaro|aaaaaaaaaaaaaaaaaaaaaaaaaaaaa\n|c|\u2606JogadorCaro|que combina\u00e7\u00e3o eu fa\u00e7o?\n|c|\u2606JogadorCaro|ja sei\n|\n|t:|1700267930\n|switch|p2a: mulher|Rotom-Wash|38\/100 tox\n|move|p1a: Iron Valiant|Grass Knot|p2a: mulher\n|-supereffective|p2a: mulher\n|-damage|p2a: mulher|21\/100 tox\n|\n|-heal|p2a: mulher|27\/100 tox|[from] item: Leftovers\n|-damage|p2a: mulher|21\/100 tox|[from] psn\n|upkeep\n|turn|23\n|\n|t:|1700267940\n|move|p1a: Iron Valiant|Grass Knot|p2a: mulher\n|-supereffective|p2a: mulher\n|-damage|p2a: mulher|7\/100 tox\n|move|p2a: mulher|Pain Split|p1a: Iron Valiant\n|-sethp|p1a: Iron Valiant|54\/100|[from] move: Pain Split|[silent]\n|-sethp|p2a: mulher|51\/100 tox|[from] move: Pain Split\n|\n|-heal|p2a: mulher|57\/100 tox|[from] item: Leftovers\n|-damage|p2a: mulher|45\/100 tox|[from] psn\n|upkeep\n|turn|24\n|c|\u2606PixBolado|Esse bicho aprende pain split?\n|c|\u2606JogadorCaro|Sim.\n|\n|t:|1700267961\n|-end|p1a: Iron Valiant|Quark Drive|[silent]\n|switch|p1a: Toxapex|Toxapex, F|100\/100\n|move|p2a: mulher|Volt Switch|p1a: Toxapex\n|-supereffective|p1a: Toxapex\n|-damage|p1a: Toxapex|69\/100\n|c|\u2606JogadorCaro|\u00e9 por isso que ele \u00e9 meta\n|\n|t:|1700267966\n|switch|p2a: Agito|Hoopa-Unbound|22\/100|[from] Volt Switch\n|\n|-heal|p1a: Toxapex|75\/100|[from] item: Leftovers\n|upkeep\n|turn|25\n|c|\u2606JogadorCaro|teus 3 stall\n|c|\u2606JogadorCaro|est\u00e3o on\n|c|\u2606JogadorCaro|o problema \u00e9 que 2 dele\n|c|\u2606JogadorCaro|tem fraqueza a psychic\n|c|\u2606JogadorCaro|eu recomendaria tirar ou toxapex\n|\n|t:|1700267987\n|move|p1a: Toxapex|Baneful Bunker|p1a: Toxapex\n|-singleturn|p1a: Toxapex|move: Protect\n|move|p2a: Agito|Psychic|p1a: Toxapex\n|-activate|p1a: Toxapex|move: Protect\n|\n|-heal|p1a: Toxapex|81\/100|[from] item: Leftovers\n|upkeep\n|turn|26\n|c|\u2606JogadorCaro|ou Great tusk\n|\n|t:|1700268006\n|move|p2a: Agito|Psychic|p1a: Toxapex\n|-supereffective|p1a: Toxapex\n|-damage|p1a: Toxapex|0 fnt\n|faint|p1a: Toxapex\n|\n|upkeep\n|\n|t:|1700268012\n|switch|p1a: Iron Valiant|Iron Valiant|54\/100\n|turn|27\n|\n|t:|1700268019\n|switch|p2a: mulher|Rotom-Wash|45\/100 tox\n|move|p1a: Iron Valiant|Aura Sphere|p2a: mulher\n|-damage|p2a: mulher|1\/100 tox\n|\n|-heal|p2a: mulher|8\/100 tox|[from] item: Leftovers\n|-damage|p2a: mulher|1\/100 tox|[from] psn\n|upkeep\n|turn|28\n|c|\u2606PixBolado|N\u00c3O \u00c9 POSS\u00cdVEL\n|c|\u2606PixBolado|1%\n|c|\u2606JogadorCaro|Oh Azul\n|\n|t:|1700268047\n|-end|p1a: Iron Valiant|Quark Drive|[silent]\n|switch|p1a: Garganacl|Garganacl, M|100\/100\n|move|p2a: mulher|Hydro Pump|p1a: Garganacl\n|-supereffective|p1a: Garganacl\n|-damage|p1a: Garganacl|32\/100\n|\n|-heal|p2a: mulher|8\/100 tox|[from] item: Leftovers\n|-heal|p1a: Garganacl|38\/100|[from] item: Leftovers\n|-damage|p2a: mulher|0 fnt|[from] psn\n|faint|p2a: mulher\n|upkeep\n|c|\u2606JogadorCaro|\u00e9 por isso que o nome do pokemon \u00e9 Mulher.\n|c|\u2606JogadorCaro|mano\n|c|\u2606JogadorCaro|por que eu previ\n|c|\u2606JogadorCaro|essa troca?\n|\n|t:|1700268059\n|switch|p2a: Agito|Hoopa-Unbound|22\/100\n|turn|29\n|\n|t:|1700268066\n|move|p2a: Agito|Psychic|p1a: Garganacl\n|-damage|p1a: Garganacl|0 fnt\n|faint|p1a: Garganacl\n|\n|upkeep\n|c|\u2606JogadorCaro|Menos dois\n|\n|t:|1700268075\n|switch|p1a: Iron Valiant|Iron Valiant|54\/100\n|turn|30\n|c|\u2606JogadorCaro|e assim nois vai\n|c|\u2606JogadorCaro|oh\n|c|\u2606JogadorCaro|cozinhando\n|\n|t:|1700268097\n|switch|p2a: Mahoraga|Garganacl, M|100\/100\n|move|p1a: Iron Valiant|Moonblast|p2a: Mahoraga\n|-damage|p2a: Mahoraga|40\/100\n|-unboost|p2a: Mahoraga|spa|1\n|\n|-heal|p2a: Mahoraga|47\/100|[from] item: Leftovers\n|upkeep\n|turn|31\n|c|\u2606JogadorCaro|pode levar\n|\n|t:|1700268108\n|move|p1a: Iron Valiant|Moonblast|p2a: Mahoraga\n|-damage|p2a: Mahoraga|0 fnt\n|faint|p2a: Mahoraga\n|\n|upkeep\n|\n|t:|1700268111\n|switch|p2a: Toji|Zamazenta|100\/100\n|-ability|p2a: Toji|Dauntless Shield|boost\n|-boost|p2a: Toji|def|1\n|turn|32\n|\n|t:|1700268118\n|move|p2a: Toji|Wild Charge|p1a: Iron Valiant\n|-damage|p1a: Iron Valiant|1\/100\n|-damage|p2a: Toji|89\/100|[from] Recoil\n|move|p1a: Iron Valiant|Moonblast|p2a: Toji\n|-supereffective|p2a: Toji\n|-damage|p2a: Toji|0 fnt\n|faint|p2a: Toji\n|\n|upkeep\n|\n|t:|1700268125\n|switch|p2a: Bale\u00e3o|Dondozo, M|66\/100 slp\n|turn|33\n|c|\u2606PixBolado|ALGUMA HORA VEM\n|c|\u2606JogadorCaro|nem\n|c|\u2606JogadorCaro|por um caralho\n|\n|t:|1700268133\n|move|p1a: Iron Valiant|Moonblast|p2a: Bale\u00e3o\n|-crit|p2a: Bale\u00e3o\n|-damage|p2a: Bale\u00e3o|0 fnt\n|faint|p2a: Bale\u00e3o\n|\n|upkeep\n|c|\u2606JogadorCaro|ah mano\n|c|\u2606JogadorCaro|KKKKKKKKKKKKKKKKKKKKKKKKKKKKKKKKKKKKKKKKKKK\n|c|\u2606JogadorCaro|AH MANO\n|c|\u2606JogadorCaro|AH\n|c|\u2606JogadorCaro|VELHO\n|c|\u2606JogadorCaro|KKKKKKKKKKKKKKKKKKKKKKKKKKKKKKKKKKKKKKKKKKKKKKKKKKKKKKKKKKKKKKKKKKKKKKKKKKKKKKKKKKK\n|c|\u2606JogadorCaro|O MLK ME\n|c|\u2606JogadorCaro|CRITOU\n|c|\u2606JogadorCaro|CARA\n|c|\u2606JogadorCaro|FILHA DA PUTA\n|c|\u2606PixBolado|KKKKKKKKKKKKKKKKKKKKKKKK\n|c|\u2606JogadorCaro|KKKKKKKKKKKKKKKKKKKKKKKKKKKKKKKKKKKKKKKKKKKKKKKKKKKKKKKKK\n|c|\u2606JogadorCaro|VAI SE FODER AZUL\n|c|\u2606PixBolado|KKKKKKKKKKKKKKKKKKKKKKKKKKKKKKKK\n|\n|t:|1700268156\n|switch|p2a: Agito|Hoopa-Unbound|22\/100\n|turn|34\n|c|\u2606JogadorCaro|essa foi a sequenia de sorte\n|c|\u2606JogadorCaro|mais absurda\n|\n|t:|1700268171\n|-terastallize|p2a: Agito|Poison\n|move|p1a: Iron Valiant|Moonblast|p2a: Agito\n|-resisted|p2a: Agito\n|-damage|p2a: Agito|0 fnt\n|faint|p2a: Agito\n|\n|win|PixBolado\n|c|\u2606JogadorCaro|que eu ja vi\n|c|\u2606JogadorCaro|em Toda a minha vida\n|c|\u2606PixBolado|SIUUUUUUUUUUUUUU\n|c|\u2606PixBolado|Vou at\u00e9 mandar pro Santiago\n|l|\u2606PixBolado\n|j|\u2606PixBolado\n|player|p1|PixBolado|acetrainerf-gen4\n","uploadtime":1700268261,"views":7,"p1id":"pixbolado","p2id":"jogadorcaro","formatid":"gen9nationaldex","rating":0,"private":0,"password":""}