{"id":"gen9nationaldex-1994066844","p1":"aaaapeng","p2":"BigG5","format":"[Gen 9] National Dex","log":"|j|\u2606aaaapeng\n|j|\u2606BigG5\n|t:|1700402451\n|gametype|singles\n|player|p1|aaaapeng|dawn-gen4pt|1525\n|player|p2|BigG5|170|1638\n|teamsize|p1|6\n|teamsize|p2|6\n|gen|9\n|tier|[Gen 9] National Dex\n|rated|\n|rule|HP Percentage Mod: HP is shown in percentages\n|rule|Endless Battle Clause: Forcing endless battles is banned\n|rule|OHKO Clause: OHKO moves are banned\n|rule|Evasion Clause: Evasion abilities, items, and moves are banned\n|rule|Evasion Abilities Clause: Evasion abilities are banned\n|rule|Evasion Items Clause: Evasion items are banned\n|rule|Evasion Moves Clause: Evasion moves are banned\n|rule|Species Clause: Limit one of each Pok\u00e9mon\n|rule|Sleep Clause Mod: Limit one foe put to sleep\n|clearpoke\n|poke|p1|Tyranitar, F|\n|poke|p1|Lopunny, F|\n|poke|p1|Alomomola, M|\n|poke|p1|Landorus-Therian, M|\n|poke|p1|Tapu Lele|\n|poke|p1|Dracozolt|\n|poke|p2|Tyranitar, M|\n|poke|p2|Lopunny, F|\n|poke|p2|Alomomola, M|\n|poke|p2|Landorus-Therian, M|\n|poke|p2|Heatran, M|\n|poke|p2|Dracozolt|\n|teampreview\n|c|\u2606aaaapeng|\u7b11\u6b7b\n|c|\u2606BigG5|\uff1f\n|c|\u2606BigG5|nb\n|c|\u2606aaaapeng|nb\n|\n|t:|1700402482\n|start\n|switch|p1a: Landorus|Landorus-Therian, M|100\/100\n|switch|p2a: Lopunny|Lopunny, F|100\/100\n|-ability|p1a: Landorus|Intimidate|boost\n|-unboost|p2a: Lopunny|atk|1\n|turn|1\n|\n|t:|1700402493\n|switch|p2a: Landorus|Landorus-Therian, M|100\/100\n|-ability|p2a: Landorus|Intimidate|boost\n|-unboost|p1a: Landorus|atk|1\n|move|p1a: Landorus|Stealth Rock|p2a: Landorus\n|-sidestart|p2: BigG5|move: Stealth Rock\n|\n|upkeep\n|turn|2\n|\n|t:|1700402501\n|switch|p1a: Tyranitar|Tyranitar, F, shiny|100\/100\n|-weather|Sandstorm|[from] ability: Sand Stream|[of] p1a: Tyranitar\n|move|p2a: Landorus|Stealth Rock|p1a: Tyranitar\n|-sidestart|p1: aaaapeng|move: Stealth Rock\n|\n|-weather|Sandstorm|[upkeep]\n|upkeep\n|turn|3\n|\n|t:|1700402528\n|switch|p2a: Alomomola|Alomomola, M|100\/100\n|move|p1a: Tyranitar|Knock Off|p2a: Alomomola\n|-damage|p2a: Alomomola|72\/100\n|-enditem|p2a: Alomomola|Heavy-Duty Boots|[from] move: Knock Off|[of] p1a: Tyranitar\n|\n|-weather|Sandstorm|[upkeep]\n|-damage|p2a: Alomomola|66\/100|[from] Sandstorm\n|upkeep\n|turn|4\n|\n|t:|1700402549\n|switch|p1a: Alomomola|Alomomola, M|100\/100\n|move|p2a: Alomomola|Flip Turn|p1a: Alomomola\n|-resisted|p1a: Alomomola\n|-damage|p1a: Alomomola|95\/100\n|\n|t:|1700402554\n|switch|p2a: Dracozolt|Dracozolt, shiny|100\/100|[from] Flip Turn\n|-damage|p2a: Dracozolt|88\/100|[from] Stealth Rock\n|\n|-weather|Sandstorm|[upkeep]\n|-damage|p1a: Alomomola|89\/100|[from] Sandstorm\n|upkeep\n|turn|5\n|\n|t:|1700402567\n|move|p1a: Alomomola|Protect|p1a: Alomomola\n|-singleturn|p1a: Alomomola|Protect\n|move|p2a: Dracozolt|Substitute|p2a: Dracozolt\n|-start|p2a: Dracozolt|Substitute\n|-damage|p2a: Dracozolt|63\/100\n|\n|-weather|Sandstorm|[upkeep]\n|-damage|p1a: Alomomola|83\/100|[from] Sandstorm\n|upkeep\n|turn|6\n|\n|t:|1700402576\n|move|p2a: Dracozolt|Draco Meteor|p1a: Alomomola\n|-damage|p1a: Alomomola|31\/100\n|-unboost|p2a: Dracozolt|spa|2\n|-damage|p2a: Dracozolt|53\/100|[from] item: Life Orb\n|move|p1a: Alomomola|Flip Turn|p2a: Dracozolt\n|-resisted|p2a: Dracozolt\n|-activate|p2a: Dracozolt|move: Substitute|[damage]\n|\n|t:|1700402586\n|switch|p1a: Landorus|Landorus-Therian, M|100\/100|[from] Flip Turn\n|-damage|p1a: Landorus|88\/100|[from] Stealth Rock\n|-ability|p1a: Landorus|Intimidate|boost\n|-immune|p2a: Dracozolt\n|\n|-weather|none\n|upkeep\n|turn|7\n|\n|t:|1700402599\n|switch|p2a: Alomomola|Alomomola, M|99\/100\n|-damage|p2a: Alomomola|87\/100|[from] Stealth Rock\n|move|p1a: Landorus|Earthquake|p2a: Alomomola\n|-damage|p2a: Alomomola|58\/100\n|\n|upkeep\n|turn|8\n|\n|t:|1700402607\n|move|p1a: Landorus|U-turn|p2a: Alomomola\n|-damage|p2a: Alomomola|44\/100\n|\n|t:|1700402611\n|switch|p1a: Alomomola|Alomomola, M|64\/100|[from] U-turn\n|move|p2a: Alomomola|Wish|p2a: Alomomola\n|\n|upkeep\n|turn|9\n|\n|t:|1700402617\n|move|p2a: Alomomola|Toxic|p1a: Alomomola\n|-status|p1a: Alomomola|tox\n|move|p1a: Alomomola|Toxic|p2a: Alomomola\n|-status|p2a: Alomomola|tox\n|\n|-heal|p2a: Alomomola|94\/100 tox|[from] move: Wish|[wisher] Alomomola\n|-damage|p1a: Alomomola|58\/100 tox|[from] psn\n|-damage|p2a: Alomomola|88\/100 tox|[from] psn\n|upkeep\n|turn|10\n|\n|t:|1700402631\n|move|p2a: Alomomola|Flip Turn|p1a: Alomomola\n|-resisted|p1a: Alomomola\n|-damage|p1a: Alomomola|54\/100 tox\n|\n|t:|1700402641\n|switch|p2a: Dracozolt|Dracozolt, shiny|53\/100|[from] Flip Turn\n|-damage|p2a: Dracozolt|41\/100|[from] Stealth Rock\n|move|p1a: Alomomola|Flip Turn|p2a: Dracozolt\n|-resisted|p2a: Dracozolt\n|-damage|p2a: Dracozolt|32\/100\n|\n|t:|1700402678\n|switch|p1a: Landorus|Landorus-Therian, M|88\/100|[from] Flip Turn\n|-damage|p1a: Landorus|76\/100|[from] Stealth Rock\n|-ability|p1a: Landorus|Intimidate|boost\n|-unboost|p2a: Dracozolt|atk|1\n|\n|upkeep\n|turn|11\n|\n|t:|1700402698\n|switch|p2a: Landorus|Landorus-Therian, M|100\/100\n|-damage|p2a: Landorus|88\/100|[from] Stealth Rock\n|-ability|p2a: Landorus|Intimidate|boost\n|-unboost|p1a: Landorus|atk|1\n|move|p1a: Landorus|Earthquake|p2a: Landorus\n|-immune|p2a: Landorus\n|\n|upkeep\n|turn|12\n|\n|t:|1700402710\n|switch|p2a: Alomomola|Alomomola, M|100\/100 tox\n|-damage|p2a: Alomomola|88\/100 tox|[from] Stealth Rock\n|move|p1a: Landorus|U-turn|p2a: Alomomola\n|-damage|p2a: Alomomola|79\/100 tox\n|\n|t:|1700402729\n|switch|p1a: Lopunny|Lopunny, F|100\/100|[from] U-turn\n|-damage|p1a: Lopunny|88\/100|[from] Stealth Rock\n|\n|-damage|p2a: Alomomola|73\/100 tox|[from] psn\n|upkeep\n|turn|13\n|\n|t:|1700402742\n|detailschange|p1a: Lopunny|Lopunny-Mega, F\n|-mega|p1a: Lopunny|Lopunny|Lopunnite\n|move|p1a: Lopunny|Frustration|p2a: Alomomola\n|-damage|p2a: Alomomola|39\/100 tox\n|move|p2a: Alomomola|Wish|p2a: Alomomola\n|\n|-damage|p2a: Alomomola|27\/100 tox|[from] psn\n|upkeep\n|turn|14\n|\n|t:|1700402751\n|switch|p2a: Landorus|Landorus-Therian, M|88\/100\n|-damage|p2a: Landorus|76\/100|[from] Stealth Rock\n|-ability|p2a: Landorus|Intimidate|boost\n|-fail|p1a: Lopunny|unboost|Attack|[from] ability: Scrappy|[of] p1a: Lopunny\n|move|p1a: Lopunny|U-turn|p2a: Landorus\n|-resisted|p2a: Landorus\n|-damage|p2a: Landorus|68\/100\n|-damage|p1a: Lopunny|72\/100|[from] item: Rocky Helmet|[of] p2a: Landorus\n|\n|t:|1700402764\n|switch|p1a: Tapu Lele|Tapu Lele|100\/100|[from] U-turn\n|-damage|p1a: Tapu Lele|88\/100|[from] Stealth Rock\n|-fieldstart|move: Psychic Terrain|[from] ability: Psychic Surge|[of] p1a: Tapu Lele\n|\n|-heal|p2a: Landorus|100\/100|[from] move: Wish|[wisher] Alomomola\n|upkeep\n|turn|15\n|\n|t:|1700402848\n|move|p1a: Tapu Lele|Psychic|p2a: Landorus\n|-damage|p2a: Landorus|30\/100\n|move|p2a: Landorus|U-turn|p1a: Tapu Lele\n|-damage|p1a: Tapu Lele|54\/100\n|\n|t:|1700402864\n|switch|p2a: Tyranitar|Tyranitar, M, shiny|100\/100|[from] U-turn\n|-damage|p2a: Tyranitar|88\/100|[from] Stealth Rock\n|-weather|Sandstorm|[from] ability: Sand Stream|[of] p2a: Tyranitar\n|\n|-weather|Sandstorm|[upkeep]\n|-damage|p1a: Tapu Lele|48\/100|[from] Sandstorm\n|upkeep\n|turn|16\n|\n|t:|1700402875\n|switch|p1a: Alomomola|Alomomola, M|87\/100 tox\n|move|p2a: Tyranitar|Ice Beam|p1a: Alomomola\n|-resisted|p1a: Alomomola\n|-damage|p1a: Alomomola|76\/100 tox\n|\n|-weather|Sandstorm|[upkeep]\n|-damage|p1a: Alomomola|70\/100 tox|[from] Sandstorm\n|-damage|p1a: Alomomola|64\/100 tox|[from] psn\n|upkeep\n|turn|17\n|\n|t:|1700402885\n|move|p2a: Tyranitar|Knock Off|p1a: Alomomola\n|-damage|p1a: Alomomola|34\/100 tox\n|-enditem|p1a: Alomomola|Heavy-Duty Boots|[from] move: Knock Off|[of] p2a: Tyranitar\n|move|p1a: Alomomola|Toxic|p2a: Tyranitar\n|-status|p2a: Tyranitar|tox\n|\n|-weather|Sandstorm|[upkeep]\n|-damage|p1a: Alomomola|28\/100 tox|[from] Sandstorm\n|-damage|p2a: Tyranitar|82\/100 tox|[from] psn\n|-damage|p1a: Alomomola|16\/100 tox|[from] psn\n|upkeep\n|turn|18\n|\n|t:|1700402901\n|switch|p2a: Alomomola|Alomomola, M|60\/100 tox\n|-damage|p2a: Alomomola|48\/100 tox|[from] Stealth Rock\n|switch|p1a: Tyranitar|Tyranitar, F, shiny|100\/100\n|-damage|p1a: Tyranitar|88\/100|[from] Stealth Rock\n|\n|-weather|Sandstorm|[upkeep]\n|-damage|p2a: Alomomola|42\/100 tox|[from] Sandstorm\n|-damage|p2a: Alomomola|36\/100 tox|[from] psn\n|-fieldend|move: Psychic Terrain\n|upkeep\n|turn|19\n|\n|t:|1700402916\n|move|p1a: Tyranitar|Stone Edge|p2a: Alomomola\n|-crit|p2a: Alomomola\n|-damage|p2a: Alomomola|0 fnt\n|faint|p2a: Alomomola\n|\n|-weather|none\n|upkeep\n|\n|t:|1700402921\n|switch|p2a: Lopunny|Lopunny, F|100\/100\n|-damage|p2a: Lopunny|88\/100|[from] Stealth Rock\n|turn|20\n|\n|t:|1700402933\n|switch|p2a: Tyranitar|Tyranitar, M, shiny|82\/100 tox\n|-damage|p2a: Tyranitar|70\/100 tox|[from] Stealth Rock\n|-weather|Sandstorm|[from] ability: Sand Stream|[of] p2a: Tyranitar\n|switch|p1a: Landorus|Landorus-Therian, M|76\/100\n|-damage|p1a: Landorus|64\/100|[from] Stealth Rock\n|-ability|p1a: Landorus|Intimidate|boost\n|-unboost|p2a: Tyranitar|atk|1\n|\n|-weather|Sandstorm|[upkeep]\n|-damage|p2a: Tyranitar|63\/100 tox|[from] psn\n|upkeep\n|turn|21\n|\n|t:|1700402946\n|switch|p2a: Dracozolt|Dracozolt, shiny|32\/100\n|-damage|p2a: Dracozolt|20\/100|[from] Stealth Rock\n|move|p1a: Landorus|Earthquake|p2a: Dracozolt\n|-supereffective|p2a: Dracozolt\n|-damage|p2a: Dracozolt|0 fnt\n|faint|p2a: Dracozolt\n|\n|-weather|Sandstorm|[upkeep]\n|upkeep\n|c|\u2606BigG5|\u64e6\n|c|\u2606BigG5|\u5c45\u7136\u4e0d\u6015\u6211\u51b0\u5149\n|\n|t:|1700402970\n|switch|p2a: Tyranitar|Tyranitar, M, shiny|63\/100 tox\n|-damage|p2a: Tyranitar|51\/100 tox|[from] Stealth Rock\n|turn|22\n|\n|t:|1700402977\n|move|p1a: Landorus|Earthquake|p2a: Tyranitar\n|-supereffective|p2a: Tyranitar\n|-damage|p2a: Tyranitar|0 fnt\n|faint|p2a: Tyranitar\n|\n|-weather|Sandstorm|[upkeep]\n|upkeep\n|c|\u2606aaaapeng|\u571f\u732b\u5feb\n|c|\u2606BigG5|\u53ef\u4ee5\u592a\u7cbe\n|\n|t:|1700402997\n|switch|p2a: Heatran|Heatran, M|100\/100\n|-damage|p2a: Heatran|88\/100|[from] Stealth Rock\n|-item|p2a: Heatran|Air Balloon\n|turn|23\n|\n|t:|1700403005\n|-terastallize|p2a: Heatran|Fire\n|move|p2a: Heatran|Eruption|p1a: Landorus\n|-damage|p1a: Landorus|0 fnt\n|faint|p1a: Landorus\n|\n|-weather|Sandstorm|[upkeep]\n|-damage|p2a: Heatran|82\/100|[from] Sandstorm\n|upkeep\n|c|\u2606BigG5|\u76f4\u63a5\u66b4\u8d70\n|\n|t:|1700403017\n|switch|p1a: Lopunny|Lopunny-Mega, F|72\/100\n|-damage|p1a: Lopunny|66\/100|[from] Stealth Rock\n|turn|24\n|c|\u2606aaaapeng|\u64e6\n|\n|t:|1700403023\n|switch|p2a: Landorus|Landorus-Therian, M|30\/100\n|-damage|p2a: Landorus|18\/100|[from] Stealth Rock\n|-ability|p2a: Landorus|Intimidate|boost\n|-fail|p1a: Lopunny|unboost|Attack|[from] ability: Scrappy|[of] p1a: Lopunny\n|move|p1a: Lopunny|Close Combat|p2a: Landorus\n|-resisted|p2a: Landorus\n|-damage|p2a: Landorus|0 fnt\n|-unboost|p1a: Lopunny|def|1\n|-unboost|p1a: Lopunny|spd|1\n|-damage|p1a: Lopunny|49\/100|[from] item: Rocky Helmet|[of] p2a: Landorus\n|faint|p2a: Landorus\n|\n|-weather|none\n|upkeep\n|\n|t:|1700403035\n|switch|p2a: Lopunny|Lopunny, F|88\/100\n|-damage|p2a: Lopunny|76\/100|[from] Stealth Rock\n|turn|25\n|\n|t:|1700403043\n|switch|p1a: Alomomola|Alomomola, M|49\/100 tox\n|-damage|p1a: Alomomola|37\/100 tox|[from] Stealth Rock\n|detailschange|p2a: Lopunny|Lopunny-Mega, F\n|-mega|p2a: Lopunny|Lopunny|Lopunnite\n|move|p2a: Lopunny|Fake Out|p1a: Alomomola\n|-damage|p1a: Alomomola|24\/100 tox\n|\n|-damage|p1a: Alomomola|18\/100 tox|[from] psn\n|upkeep\n|turn|26\n|\n|t:|1700403053\n|move|p2a: Lopunny|Frustration|p1a: Alomomola\n|-damage|p1a: Alomomola|0 fnt\n|faint|p1a: Alomomola\n|\n|upkeep\n|c|\u2606BigG5|s\u4e86\n|\n|t:|1700403063\n|switch|p1a: Tapu Lele|Tapu Lele|48\/100\n|-damage|p1a: Tapu Lele|36\/100|[from] Stealth Rock\n|-fieldstart|move: Psychic Terrain|[from] ability: Psychic Surge|[of] p1a: Tapu Lele\n|turn|27\n|\n|t:|1700403071\n|move|p1a: Tapu Lele|Psychic|p2a: Lopunny\n|-supereffective|p2a: Lopunny\n|-damage|p2a: Lopunny|0 fnt\n|faint|p2a: Lopunny\n|\n|upkeep\n|\n|t:|1700403075\n|switch|p2a: Heatran|Heatran, M, tera:Fire|82\/100\n|-damage|p2a: Heatran|57\/100|[from] Stealth Rock\n|-item|p2a: Heatran|Air Balloon\n|turn|28\n|c|\u2606aaaapeng|\u6362\u4e86\u4e2a\u56f4\u5dfelele\n|\n|t:|1700403083\n|-terastallize|p1a: Tapu Lele|Psychic\n|move|p1a: Tapu Lele|Psychic|p2a: Heatran\n|-damage|p2a: Heatran|0 fnt\n|-enditem|p2a: Heatran|Air Balloon\n|faint|p2a: Heatran\n|\n|win|aaaapeng\n|raw|aaaapeng's rating: 1525 &rarr; <strong>1551<\/strong><br \/>(+26 for winning)\n|raw|BigG5's rating: 1638 &rarr; <strong>1612<\/strong><br \/>(-26 for losing)\n|c|\u2606BigG5|\u4ee5\u4e3a\u662f\u773c\u775b\u7684\n|c|\u2606BigG5|\u73b0\u5728\u773c\u775b\u591a\n|c|\u2606aaaapeng|\u4e0a\u6b21\u88ab\u4e00\u4e2a\u76fe\u72d7\u63a8\u961f\u4e86\n|c|\u2606BigG5|\u54e6\u786e\u5b9e\n|c|\u2606aaaapeng|\u4e00\u6c14\u4e4b\u4e0b\u6362\u4e86\u4e2a\u8776\u8776\n|c|\u2606BigG5|\u8fd9\u4e2a\u961f\u6015\u8e7c\u8ff9\n|c|\u2606aaaapeng|\u662f\u7684 \u76fe\u72d7\u5f3a\u5316\u4e00\u6b21\u5c31\u65e0\u654c\u4e86\uff08\uff09\n","uploadtime":1700403166,"views":6,"p1id":"aaaapeng","p2id":"bigg5","formatid":"gen9nationaldex","rating":1551,"private":0,"password":""}