{"id":"gen9nationaldex-1997009082","p1":"wwyscf","p2":"operetor","format":"[Gen 9] National Dex","log":"|html|<div class=\"broadcast-blue\"><strong>[Gen 9] National Dex is currently suspecting Sneasler! For information on how to participate check out the <a href=\"https:\/\/www.smogon.com\/forums\/threads\/sv-national-dex-suspect-8-just-dance.3731534\/\">suspect thread<\/a>.<\/strong><\/div>\n|j|\u2606wwyscf\n|j|\u2606operetor\n|t:|1700755202\n|gametype|singles\n|player|p1|wwyscf|rosa|1504\n|player|p2|operetor|1|1412\n|teamsize|p1|6\n|teamsize|p2|6\n|gen|9\n|tier|[Gen 9] National Dex\n|rated|\n|rule|HP Percentage Mod: HP is shown in percentages\n|rule|Endless Battle Clause: Forcing endless battles is banned\n|rule|OHKO Clause: OHKO moves are banned\n|rule|Evasion Clause: Evasion abilities, items, and moves are banned\n|rule|Evasion Abilities Clause: Evasion abilities are banned\n|rule|Evasion Items Clause: Evasion items are banned\n|rule|Evasion Moves Clause: Evasion moves are banned\n|rule|Species Clause: Limit one of each Pok\u00e9mon\n|rule|Sleep Clause Mod: Limit one foe put to sleep\n|clearpoke\n|poke|p1|Serperior, M|\n|poke|p1|Toxapex, F|\n|poke|p1|Great Tusk|\n|poke|p1|Charizard, F|\n|poke|p1|Excadrill, F|\n|poke|p1|Tyranitar, M|\n|poke|p2|Hydreigon, M|\n|poke|p2|Ursaluna, M|\n|poke|p2|Aegislash, M|\n|poke|p2|Ninetales-Alola, F|\n|poke|p2|Tangrowth, M|\n|poke|p2|Rotom-Wash|\n|teampreview\n|inactive|Battle timer is ON: inactive players will automatically lose when time's up. (requested by wwyscf)\n|\n|t:|1700755218\n|start\n|switch|p1a: Charizard|Charizard, F|100\/100\n|switch|p2a: Hydreigon|Hydreigon, M|100\/100\n|turn|1\n|\n|t:|1700755225\n|detailschange|p1a: Charizard|Charizard-Mega-Y, F\n|-mega|p1a: Charizard|Charizard|Charizardite Y\n|-weather|SunnyDay|[from] ability: Drought|[of] p1a: Charizard\n|move|p2a: Hydreigon|Draco Meteor|p1a: Charizard\n|-damage|p1a: Charizard|37\/100\n|-unboost|p2a: Hydreigon|spa|2\n|move|p1a: Charizard|Focus Blast|p2a: Hydreigon\n|-supereffective|p2a: Hydreigon\n|-damage|p2a: Hydreigon|0 fnt\n|faint|p2a: Hydreigon\n|\n|-weather|SunnyDay|[upkeep]\n|upkeep\n|\n|t:|1700755238\n|switch|p2a: Rotom|Rotom-Wash|100\/100\n|turn|2\n|\n|t:|1700755243\n|switch|p1a: Excadrill|Excadrill, F|100\/100\n|move|p2a: Rotom|Volt Switch|p1a: Excadrill\n|-immune|p1a: Excadrill\n|\n|-weather|SunnyDay|[upkeep]\n|upkeep\n|turn|3\n|\n|t:|1700755249\n|switch|p2a: Ninetales|Ninetales-Alola, F|100\/100\n|-weather|Snow|[from] ability: Snow Warning|[of] p2a: Ninetales\n|move|p1a: Excadrill|Rapid Spin|p2a: Ninetales\n|-damage|p2a: Ninetales|87\/100\n|-boost|p1a: Excadrill|spe|1\n|\n|-weather|Snow|[upkeep]\n|upkeep\n|turn|4\n|\n|t:|1700755257\n|switch|p2a: Tangrowth|Tangrowth, M|100\/100\n|move|p1a: Excadrill|Rock Slide|p2a: Tangrowth\n|-damage|p2a: Tangrowth|89\/100\n|\n|-weather|Snow|[upkeep]\n|upkeep\n|turn|5\n|\n|t:|1700755266\n|move|p1a: Excadrill|Stealth Rock|p2a: Tangrowth\n|-sidestart|p2: operetor|move: Stealth Rock\n|move|p2a: Tangrowth|Leech Seed|p1a: Excadrill\n|-start|p1a: Excadrill|move: Leech Seed\n|\n|-weather|Snow|[upkeep]\n|-damage|p1a: Excadrill|88\/100|[from] Leech Seed|[of] p2a: Tangrowth\n|-heal|p2a: Tangrowth|100\/100|[silent]\n|upkeep\n|turn|6\n|\n|t:|1700755270\n|switch|p1a: Charizard|Charizard-Mega-Y, F|37\/100\n|-weather|SunnyDay|[from] ability: Drought|[of] p1a: Charizard\n|move|p2a: Tangrowth|Knock Off|p1a: Charizard\n|-damage|p1a: Charizard|16\/100\n|\n|-weather|SunnyDay|[upkeep]\n|upkeep\n|turn|7\n|\n|t:|1700755277\n|switch|p2a: Ninetales|Ninetales-Alola, F|87\/100\n|-damage|p2a: Ninetales|62\/100|[from] Stealth Rock\n|-weather|Snow|[from] ability: Snow Warning|[of] p2a: Ninetales\n|move|p1a: Charizard|Roost|p1a: Charizard\n|-heal|p1a: Charizard|67\/100\n|-singleturn|p1a: Charizard|move: Roost\n|\n|-weather|Snow|[upkeep]\n|upkeep\n|turn|8\n|\n|t:|1700755284\n|move|p2a: Ninetales|Encore|p1a: Charizard\n|-start|p1a: Charizard|Encore\n|move|p1a: Charizard|Roost|p1a: Charizard\n|-heal|p1a: Charizard|100\/100\n|-singleturn|p1a: Charizard|move: Roost\n|\n|-weather|Snow|[upkeep]\n|upkeep\n|turn|9\n|\n|t:|1700755295\n|switch|p2a: Aegislash|Aegislash, M, shiny|100\/100\n|-damage|p2a: Aegislash|94\/100|[from] Stealth Rock\n|switch|p1a: Serperior|Serperior, M|100\/100\n|\n|-weather|Snow|[upkeep]\n|-heal|p2a: Aegislash|100\/100|[from] item: Leftovers\n|upkeep\n|turn|10\n|\n|t:|1700755312\n|move|p1a: Serperior|Glare|p2a: Aegislash\n|-status|p2a: Aegislash|par\n|move|p2a: Aegislash|Substitute|p2a: Aegislash\n|-start|p2a: Aegislash|Substitute\n|-damage|p2a: Aegislash|75\/100 par\n|\n|-weather|Snow|[upkeep]\n|-heal|p2a: Aegislash|82\/100 par|[from] item: Leftovers\n|upkeep\n|turn|11\n|\n|t:|1700755318\n|move|p1a: Serperior|Glare||[still]\n|-fail|p1a: Serperior\n|cant|p2a: Aegislash|par\n|\n|-weather|none\n|-heal|p2a: Aegislash|88\/100 par|[from] item: Leftovers\n|upkeep\n|turn|12\n|\n|t:|1700755322\n|move|p1a: Serperior|Leaf Storm|p2a: Aegislash|[miss]\n|-miss|p1a: Serperior|p2a: Aegislash\n|cant|p2a: Aegislash|par\n|\n|-heal|p2a: Aegislash|94\/100 par|[from] item: Leftovers\n|upkeep\n|turn|13\n|\n|t:|1700755326\n|move|p1a: Serperior|Leaf Storm|p2a: Aegislash|[miss]\n|-miss|p1a: Serperior|p2a: Aegislash\n|cant|p2a: Aegislash|par\n|\n|-heal|p2a: Aegislash|99\/100 par|[from] item: Leftovers\n|upkeep\n|turn|14\n|c|\u2606wwyscf|\uff1f\uff1f\uff1f\n|\n|t:|1700755336\n|move|p1a: Serperior|Leaf Storm|p2a: Aegislash|[miss]\n|-miss|p1a: Serperior|p2a: Aegislash\n|move|p2a: Aegislash|Toxic|p1a: Serperior\n|-status|p1a: Serperior|tox\n|\n|-heal|p2a: Aegislash|100\/100 par|[from] item: Leftovers\n|-damage|p1a: Serperior|94\/100 tox|[from] psn\n|upkeep\n|turn|15\n|c|\u2606wwyscf|\uff1f\uff1f\uff1f\uff1f\uff1f\n|\n|t:|1700755352\n|move|p2a: Aegislash|King's Shield|p2a: Aegislash\n|-singleturn|p2a: Aegislash|Protect\n|move|p1a: Serperior|Leaf Storm|p2a: Aegislash\n|-activate|p2a: Aegislash|move: Protect\n|\n|-heal|p1a: Serperior|100\/100 tox|[from] item: Leftovers\n|-damage|p1a: Serperior|88\/100 tox|[from] psn\n|upkeep\n|turn|16\n|\n|t:|1700755360\n|move|p1a: Serperior|Leaf Storm|p2a: Aegislash\n|-resisted|p2a: Aegislash\n|-activate|p2a: Aegislash|move: Substitute|[damage]\n|-boost|p1a: Serperior|spa|2\n|-formechange|p2a: Aegislash|Aegislash-Blade||[from] ability: Stance Change\n|move|p2a: Aegislash|Shadow Ball|p1a: Serperior\n|-damage|p1a: Serperior|50\/100 tox\n|\n|-heal|p1a: Serperior|56\/100 tox|[from] item: Leftovers\n|-damage|p1a: Serperior|38\/100 tox|[from] psn\n|upkeep\n|turn|17\n|\n|t:|1700755368\n|cant|p2a: Aegislash|par\n|move|p1a: Serperior|Light Screen|p1a: Serperior\n|-sidestart|p1: wwyscf|move: Light Screen\n|\n|-heal|p1a: Serperior|44\/100 tox|[from] item: Leftovers\n|-damage|p1a: Serperior|19\/100 tox|[from] psn\n|upkeep\n|turn|18\n|\n|t:|1700755377\n|switch|p1a: Tyranitar|Tyranitar, M|100\/100\n|-weather|Sandstorm|[from] ability: Sand Stream|[of] p1a: Tyranitar\n|cant|p2a: Aegislash|par\n|\n|-weather|Sandstorm|[upkeep]\n|upkeep\n|turn|19\n|\n|t:|1700755382\n|move|p1a: Tyranitar|Knock Off|p2a: Aegislash\n|-supereffective|p2a: Aegislash\n|-end|p2a: Aegislash|Substitute\n|cant|p2a: Aegislash|par\n|\n|-weather|Sandstorm|[upkeep]\n|upkeep\n|turn|20\n|\n|t:|1700755385\n|cant|p2a: Aegislash|par\n|move|p1a: Tyranitar|Knock Off|p2a: Aegislash\n|-supereffective|p2a: Aegislash\n|-damage|p2a: Aegislash|0 fnt\n|-enditem|p2a: Aegislash|Leftovers|[from] move: Knock Off|[of] p1a: Tyranitar\n|faint|p2a: Aegislash\n|\n|-weather|Sandstorm|[upkeep]\n|upkeep\n|c|\u2606wwyscf|www\n|\n|t:|1700755393\n|switch|p2a: Rotom|Rotom-Wash|100\/100\n|-damage|p2a: Rotom|88\/100|[from] Stealth Rock\n|turn|21\n|\n|t:|1700755398\n|move|p2a: Rotom|Will-O-Wisp|p1a: Tyranitar\n|-status|p1a: Tyranitar|brn\n|move|p1a: Tyranitar|Knock Off|p2a: Rotom\n|-damage|p2a: Rotom|42\/100\n|-enditem|p2a: Rotom|Leftovers|[from] move: Knock Off|[of] p1a: Tyranitar\n|\n|-weather|Sandstorm|[upkeep]\n|-damage|p2a: Rotom|36\/100|[from] Sandstorm\n|-damage|p1a: Tyranitar|94\/100 brn|[from] brn\n|-sideend|p1: wwyscf|move: Light Screen\n|upkeep\n|turn|22\n|\n|t:|1700755405\n|switch|p1a: Excadrill|Excadrill, F|88\/100\n|move|p2a: Rotom|Hydro Pump|p1a: Excadrill\n|-supereffective|p1a: Excadrill\n|-damage|p1a: Excadrill|22\/100\n|\n|-weather|none\n|-heal|p1a: Excadrill|28\/100|[from] item: Leftovers\n|upkeep\n|turn|23\n|\n|t:|1700755414\n|switch|p1a: Tyranitar|Tyranitar, M|94\/100 brn\n|-weather|Sandstorm|[from] ability: Sand Stream|[of] p1a: Tyranitar\n|move|p2a: Rotom|Hydro Pump|p1a: Tyranitar\n|-supereffective|p1a: Tyranitar\n|-damage|p1a: Tyranitar|48\/100 brn\n|\n|-weather|Sandstorm|[upkeep]\n|-damage|p2a: Rotom|30\/100|[from] Sandstorm\n|-damage|p1a: Tyranitar|42\/100 brn|[from] brn\n|upkeep\n|turn|24\n|\n|t:|1700755420\n|move|p2a: Rotom|Hydro Pump|p1a: Tyranitar\n|-supereffective|p1a: Tyranitar\n|-damage|p1a: Tyranitar|0 fnt\n|faint|p1a: Tyranitar\n|\n|-weather|Sandstorm|[upkeep]\n|-damage|p2a: Rotom|24\/100|[from] Sandstorm\n|upkeep\n|\n|t:|1700755424\n|switch|p1a: Excadrill|Excadrill, F|28\/100\n|turn|25\n|\n|t:|1700755427\n|switch|p2a: Tangrowth|Tangrowth, M|100\/100\n|-damage|p2a: Tangrowth|88\/100|[from] Stealth Rock\n|move|p1a: Excadrill|Rock Slide|p2a: Tangrowth\n|-damage|p2a: Tangrowth|76\/100\n|\n|-weather|Sandstorm|[upkeep]\n|-damage|p2a: Tangrowth|70\/100|[from] Sandstorm\n|-heal|p1a: Excadrill|35\/100|[from] item: Leftovers\n|upkeep\n|turn|26\n|\n|t:|1700755433\n|switch|p1a: Charizard|Charizard-Mega-Y, F|100\/100\n|-weather|SunnyDay|[from] ability: Drought|[of] p1a: Charizard\n|move|p2a: Tangrowth|Giga Drain|p1a: Charizard\n|-resisted|p1a: Charizard\n|-damage|p1a: Charizard|94\/100\n|-heal|p2a: Tangrowth|72\/100|[from] drain|[of] p1a: Charizard\n|\n|-weather|SunnyDay|[upkeep]\n|upkeep\n|turn|27\n|\n|t:|1700755439\n|switch|p2a: Ninetales|Ninetales-Alola, F|62\/100\n|-damage|p2a: Ninetales|37\/100|[from] Stealth Rock\n|-weather|Snow|[from] ability: Snow Warning|[of] p2a: Ninetales\n|move|p1a: Charizard|Fire Blast|p2a: Ninetales\n|-supereffective|p2a: Ninetales\n|-damage|p2a: Ninetales|0 fnt\n|faint|p2a: Ninetales\n|\n|-weather|Snow|[upkeep]\n|upkeep\n|\n|t:|1700755447\n|switch|p2a: Rotom|Rotom-Wash|24\/100\n|-damage|p2a: Rotom|12\/100|[from] Stealth Rock\n|turn|28\n|\n|t:|1700755449\n|move|p1a: Charizard|Fire Blast|p2a: Rotom\n|-resisted|p2a: Rotom\n|-damage|p2a: Rotom|0 fnt\n|faint|p2a: Rotom\n|\n|-weather|Snow|[upkeep]\n|upkeep\n|\n|t:|1700755455\n|switch|p2a: Ursaluna|Ursaluna, M|100\/100\n|-damage|p2a: Ursaluna|94\/100|[from] Stealth Rock\n|turn|29\n|\n|t:|1700755460\n|switch|p1a: Serperior|Serperior, M|19\/100 tox\n|move|p2a: Ursaluna|Protect||[still]\n|-fail|p2a: Ursaluna\n|\n|-weather|Snow|[upkeep]\n|-heal|p1a: Serperior|25\/100 tox|[from] item: Leftovers\n|-damage|p1a: Serperior|19\/100 tox|[from] psn\n|-status|p2a: Ursaluna|brn|[from] item: Flame Orb\n|upkeep\n|turn|30\n|\n|t:|1700755465\n|-terastallize|p2a: Ursaluna|Normal\n|move|p1a: Serperior|Leaf Storm|p2a: Ursaluna\n|-damage|p2a: Ursaluna|60\/100 brn\n|-boost|p1a: Serperior|spa|2\n|move|p2a: Ursaluna|Facade|p1a: Serperior\n|-damage|p1a: Serperior|0 fnt\n|faint|p1a: Serperior\n|\n|-weather|Snow|[upkeep]\n|-damage|p2a: Ursaluna|54\/100 brn|[from] brn\n|upkeep\n|\n|t:|1700755471\n|switch|p1a: Charizard|Charizard-Mega-Y, F|94\/100\n|-weather|SunnyDay|[from] ability: Drought|[of] p1a: Charizard\n|turn|31\n|\n|t:|1700755473\n|move|p1a: Charizard|Fire Blast|p2a: Ursaluna\n|-damage|p2a: Ursaluna|0 fnt\n|faint|p2a: Ursaluna\n|\n|-weather|SunnyDay|[upkeep]\n|upkeep\n|\n|t:|1700755476\n|switch|p2a: Tangrowth|Tangrowth, M|100\/100\n|-damage|p2a: Tangrowth|88\/100|[from] Stealth Rock\n|turn|32\n|\n|t:|1700755480\n|move|p1a: Charizard|Fire Blast|p2a: Tangrowth\n|-supereffective|p2a: Tangrowth\n|-damage|p2a: Tangrowth|0 fnt\n|faint|p2a: Tangrowth\n|\n|win|wwyscf\n|raw|wwyscf's rating: 1504 &rarr; <strong>1519<\/strong><br \/>(+15 for winning)\n|raw|operetor's rating: 1412 &rarr; <strong>1397<\/strong><br \/>(-15 for losing)\n|l|\u2606operetor\n","uploadtime":1700755485,"views":12,"p1id":"wwyscf","p2id":"operetor","formatid":"gen9nationaldex","rating":1397,"private":0,"password":""}