{"id":"gen9nationaldex-1990694890","p1":"5quephy","p2":"josecmp","format":"[Gen 9] National Dex","log":"|j|\u26065quephy\n|j|\u2606josecmp\n|t:|1699992448\n|gametype|singles\n|player|p1|5quephy|1|1184\n|player|p2|josecmp|169|1250\n|teamsize|p1|6\n|teamsize|p2|6\n|gen|9\n|tier|[Gen 9] National Dex\n|rated|\n|rule|HP Percentage Mod: HP is shown in percentages\n|rule|Endless Battle Clause: Forcing endless battles is banned\n|rule|OHKO Clause: OHKO moves are banned\n|rule|Evasion Clause: Evasion abilities, items, and moves are banned\n|rule|Evasion Abilities Clause: Evasion abilities are banned\n|rule|Evasion Items Clause: Evasion items are banned\n|rule|Evasion Moves Clause: Evasion moves are banned\n|rule|Species Clause: Limit one of each Pok\u00e9mon\n|rule|Sleep Clause Mod: Limit one foe put to sleep\n|clearpoke\n|poke|p1|Iron Leaves|\n|poke|p1|Garganacl, M|\n|poke|p1|Greninja-*, M|\n|poke|p1|Volcarona, F|\n|poke|p1|Rotom|\n|poke|p1|Kommo-o, M|\n|poke|p2|Hoopa-Unbound|\n|poke|p2|Ditto|\n|poke|p2|Zoroark-Hisui, M|\n|poke|p2|Pidgeot, M|\n|poke|p2|Heatran, F|\n|poke|p2|Cinccino, M|\n|teampreview\n|\n|t:|1699992467\n|start\n|switch|p1a: Rotom|Rotom, shiny|100\/100\n|switch|p2a: Cinccino|Cinccino, M|100\/100\n|turn|1\n|\n|t:|1699992481\n|move|p2a: Cinccino|Knock Off|p1a: Rotom\n|-supereffective|p1a: Rotom\n|-enditem|p1a: Rotom|Focus Sash\n|-damage|p1a: Rotom|1\/100\n|move|p1a: Rotom|Thunderbolt|p2a: Cinccino\n|-damage|p2a: Cinccino|38\/100\n|-status|p2a: Cinccino|par\n|\n|upkeep\n|turn|2\n|\n|t:|1699992495\n|move|p1a: Rotom|Thunderbolt|p2a: Cinccino\n|-damage|p2a: Cinccino|0 fnt\n|faint|p2a: Cinccino\n|\n|upkeep\n|\n|t:|1699992508\n|switch|p2a: Heatran|Heatran, F|100\/100\n|turn|3\n|\n|t:|1699992515\n|move|p2a: Heatran|Nasty Plot|p2a: Heatran\n|-boost|p2a: Heatran|spa|2\n|move|p1a: Rotom|Shadow Ball|p2a: Heatran\n|-immune|p2a: Heatran\n|\n|upkeep\n|turn|4\n|\n|t:|1699992527\n|move|p2a: Heatran|Sludge Bomb|p1a: Rotom\n|-resisted|p1a: Rotom\n|-damage|p1a: Rotom|0 fnt\n|faint|p1a: Rotom\n|\n|upkeep\n|\n|t:|1699992537\n|switch|p1a: Kommo-o|Kommo-o, M, shiny|100\/100\n|turn|5\n|\n|t:|1699992543\n|move|p2a: Heatran|Shadow Ball|p1a: Kommo-o\n|-damage|p1a: Kommo-o|5\/100\n|-zpower|p1a: Kommo-o\n|move|p1a: Kommo-o|Clangorous Soulblaze|p2a: Heatran|[zeffect]\n|-enditem|p2a: Heatran|Focus Sash\n|-damage|p2a: Heatran|1\/100\n|replace|p2a: Zoroark|Zoroark-Hisui, M\n|-end|p2a: Zoroark|Illusion\n|-boost|p1a: Kommo-o|atk|1\n|-boost|p1a: Kommo-o|def|1\n|-boost|p1a: Kommo-o|spa|1\n|-boost|p1a: Kommo-o|spd|1\n|-boost|p1a: Kommo-o|spe|1\n|\n|upkeep\n|turn|6\n|\n|t:|1699992564\n|move|p1a: Kommo-o|Drain Punch|p2a: Zoroark\n|-immune|p2a: Zoroark\n|move|p2a: Zoroark|Sludge Bomb|p1a: Kommo-o\n|-damage|p1a: Kommo-o|0 fnt\n|faint|p1a: Kommo-o\n|\n|upkeep\n|\n|t:|1699992571\n|switch|p1a: Greninja|Greninja, M|100\/100\n|turn|7\n|\n|t:|1699992577\n|switch|p2a: Ditto|Ditto|100\/100\n|-transform|p2a: Ditto|p1a: Greninja|[from] ability: Imposter\n|move|p1a: Greninja|Water Shuriken|p2a: Ditto\n|-resisted|p2a: Ditto\n|-damage|p2a: Ditto|93\/100\n|-resisted|p2a: Ditto\n|-damage|p2a: Ditto|88\/100\n|-resisted|p2a: Ditto\n|-damage|p2a: Ditto|81\/100\n|-resisted|p2a: Ditto\n|-damage|p2a: Ditto|75\/100\n|-hitcount|p2a: Ditto|4\n|\n|upkeep\n|turn|8\n|c|\u26065quephy|!weak greninja\n|c| 5quephy|\/raw <div class=\"infobox\">Greninja (ignoring abilities):<br \/><span class=\"message-effect-weak\">Weaknesses<\/span>: Bug, Electric, Fairy, Fighting, Grass<br \/><span class=\"message-effect-resist\">Resistances<\/span>: Dark, Fire, Ghost, Ice, Steel, Water<br \/><span class=\"message-effect-immune\">Immunities<\/span>: Psychic, Prankster<\/div>\n|\n|t:|1699992610\n|move|p2a: Ditto|Dark Pulse|p1a: Greninja\n|-resisted|p1a: Greninja\n|-damage|p1a: Greninja|69\/100\n|cant|p1a: Greninja|flinch\n|\n|upkeep\n|turn|9\n|\n|t:|1699992616\n|move|p2a: Ditto|Dark Pulse|p1a: Greninja\n|-resisted|p1a: Greninja\n|-damage|p1a: Greninja|36\/100\n|move|p1a: Greninja|Ice Beam|p2a: Ditto\n|-resisted|p2a: Ditto\n|-damage|p2a: Ditto|49\/100\n|\n|upkeep\n|turn|10\n|\n|t:|1699992624\n|move|p2a: Ditto|Dark Pulse|p1a: Greninja\n|-resisted|p1a: Greninja\n|-damage|p1a: Greninja|2\/100\n|cant|p1a: Greninja|flinch\n|\n|upkeep\n|turn|11\n|\n|t:|1699992632\n|move|p1a: Greninja|Water Shuriken|p2a: Ditto\n|-resisted|p2a: Ditto\n|-damage|p2a: Ditto|43\/100\n|-resisted|p2a: Ditto\n|-damage|p2a: Ditto|36\/100\n|-resisted|p2a: Ditto\n|-damage|p2a: Ditto|30\/100\n|-resisted|p2a: Ditto\n|-damage|p2a: Ditto|23\/100\n|-hitcount|p2a: Ditto|4\n|move|p2a: Ditto|Dark Pulse|p1a: Greninja\n|-resisted|p1a: Greninja\n|-damage|p1a: Greninja|0 fnt\n|faint|p1a: Greninja\n|\n|upkeep\n|\n|t:|1699992636\n|switch|p1a: Iron Leaves|Iron Leaves|100\/100\n|-enditem|p1a: Iron Leaves|Booster Energy\n|-activate|p1a: Iron Leaves|ability: Quark Drive|[fromitem]\n|-start|p1a: Iron Leaves|quarkdriveatk\n|turn|12\n|\n|t:|1699992647\n|move|p2a: Ditto|Dark Pulse|p1a: Iron Leaves\n|-supereffective|p1a: Iron Leaves\n|-damage|p1a: Iron Leaves|18\/100\n|cant|p1a: Iron Leaves|flinch\n|\n|upkeep\n|turn|13\n|-message|5quephy forfeited.\n|\n|win|josecmp\n|raw|5quephy's rating: 1184 &rarr; <strong>1164<\/strong><br \/>(-20 for losing)\n|raw|josecmp's rating: 1250 &rarr; <strong>1270<\/strong><br \/>(+20 for winning)\n|l|\u26065quephy\n|c|\u2606josecmp|gg\n","uploadtime":1699992666,"views":15,"p1id":"5quephy","p2id":"josecmp","formatid":"gen9nationaldex","rating":1164,"private":0,"password":""}